Ticker,Date,Time,LTP,BuyPrice,BuyQty,SellPrice,SellQty,LTQ,OpenInterest
ESCORTS30JAN20620PE.NFO,07/01/2020,09:25:09,20.75,20.3,1100,21.1,1100,1100,136400
ESCORTS30JAN20620PE.NFO,07/01/2020,09:25:09,20.75,20.3,1100,21.1,1100,0,136400
ESCORTS30JAN20620PE.NFO,07/01/2020,09:25:09,20.75,20.3,1100,21.1,1100,0,136400
ESCORTS30JAN20620PE.NFO,07/01/2020,09:25:09,20.75,20.3,1100,21.1,1100,0,136400
ESCORTS30JAN20620PE.NFO,07/01/2020,09:25:16,20.75,20.3,1100,21.1,1100,0,136400
ESCORTS30JAN20620PE.NFO,07/01/2020,09:25:24,20.75,20.3,1100,21.25,1100,0,136400
ESCORTS30JAN20620PE.NFO,07/01/2020,09:25:59,20.75,20.4,2200,21.55,1100,0,136400
ESCORTS30JAN20620PE.NFO,07/01/2020,09:26:09,20.75,20.9,1100,21.75,1100,0,136400
ESCORTS30JAN20620PE.NFO,07/01/2020,09:26:16,20.75,20.8,1100,21.75,1100,0,136400
ESCORTS30JAN20620PE.NFO,07/01/2020,09:26:27,20.75,20.8,2200,22,2200,0,136400
ESCORTS30JAN20620PE.NFO,07/01/2020,09:26:33,20.75,20.55,1100,21.65,1100,0,136400
ESCORTS30JAN20620PE.NFO,07/01/2020,09:26:40,20.75,20.55,1100,21.55,1100,0,136400
ESCORTS30JAN20620PE.NFO,07/01/2020,09:26:46,20.75,20.85,1100,21.5,1100,0,136400
ESCORTS30JAN20620PE.NFO,07/01/2020,09:26:52,20.75,20.75,1100,21.5,1100,0,136400
ESCORTS30JAN20620PE.NFO,07/01/2020,09:26:56,20.75,20.7,1100,21.5,1100,0,136400
ESCORTS30JAN20620PE.NFO,07/01/2020,09:27:01,20.75,20.75,2200,21.5,1100,0,136400
ESCORTS30JAN20620PE.NFO,07/01/2020,09:27:12,21.5,21.1,1100,22.15,1100,1100,136400
ESCORTS30JAN20620PE.NFO,07/01/2020,09:27:12,21.5,21.1,1100,22.15,1100,0,136400
ESCORTS30JAN20620PE.NFO,07/01/2020,09:27:17,21.5,21.1,1100,22.15,1100,0,136400
ESCORTS30JAN20620PE.NFO,07/01/2020,09:27:24,21.5,21.1,1100,22.05,1100,0,136400
ESCORTS30JAN20620PE.NFO,07/01/2020,09:27:31,21.5,20.9,1100,21.95,1100,0,136400
ESCORTS30JAN20620PE.NFO,07/01/2020,09:27:37,21.5,21.1,1100,21.95,1100,0,136400
ESCORTS30JAN20620PE.NFO,07/01/2020,09:28:09,21.5,21.15,1100,21.95,1100,0,136400
ESCORTS30JAN20620PE.NFO,07/01/2020,09:28:15,21.5,20.95,1100,22.25,1100,0,136400
ESCORTS30JAN20620PE.NFO,07/01/2020,09:28:21,21.5,20.9,1100,22.15,1100,0,136400
ESCORTS30JAN20620PE.NFO,07/01/2020,09:28:33,21.5,21.8,1100,22.35,1100,0,136400
ESCORTS30JAN20620PE.NFO,07/01/2020,09:28:38,21.5,21.65,1100,22.35,1100,0,136400
ESCORTS30JAN20620PE.NFO,07/01/2020,09:28:43,21.5,21.55,1100,22.7,4400,0,136400
ESCORTS30JAN20620PE.NFO,07/01/2020,09:28:49,21.5,21.75,1100,23.3,7700,0,136400
ESCORTS30JAN20620PE.NFO,07/01/2020,09:28:55,21.5,21.5,1100,22.15,1100,0,136400
ESCORTS30JAN20620PE.NFO,07/01/2020,09:29:01,21.5,21.55,1100,22.8,5500,0,136400
ESCORTS30JAN20620PE.NFO,07/01/2020,09:29:07,21.5,21.5,1100,22.8,5500,0,136400
ESCORTS30JAN20620PE.NFO,07/01/2020,09:29:19,21.5,21.45,1100,22.1,1100,0,136400
ESCORTS30JAN20620PE.NFO,07/01/2020,09:29:25,21.5,21.45,1100,22.05,1100,0,136400
ESCORTS30JAN20620PE.NFO,07/01/2020,09:29:31,21.5,21.65,2200,22.75,4400,0,136400
ESCORTS30JAN20620PE.NFO,07/01/2020,09:29:37,21.5,21.7,2200,22.75,4400,0,136400
ESCORTS30JAN20620PE.NFO,07/01/2020,09:29:44,21.5,21.8,1100,22.65,2200,0,136400
ESCORTS30JAN20620PE.NFO,07/01/2020,09:29:50,21.5,21.8,1100,22.55,1100,0,136400
ESCORTS30JAN20620PE.NFO,07/01/2020,09:29:56,21.5,21.55,1100,22.3,1100,0,136400
ESCORTS30JAN20620PE.NFO,07/01/2020,09:30:02,21.5,21.5,1100,22.2,1100,0,136400
ESCORTS30JAN20620PE.NFO,07/01/2020,09:30:08,21.5,21.1,1100,21.9,1100,0,136400
ESCORTS30JAN20620PE.NFO,07/01/2020,09:30:15,21.5,21.05,2200,21.95,1100,0,136400
ESCORTS30JAN20620PE.NFO,07/01/2020,09:30:22,21.5,20.9,1100,22.15,1100,0,136400
ESCORTS30JAN20620PE.NFO,07/01/2020,09:30:28,21.5,21.05,1100,21.95,1100,0,136400
ESCORTS30JAN20620PE.NFO,07/01/2020,09:30:33,20.8,20.75,1100,21.3,1100,1100,137500
ESCORTS30JAN20620PE.NFO,07/01/2020,09:30:38,20.8,20.75,1100,21,1100,0,137500
ESCORTS30JAN20620PE.NFO,07/01/2020,09:30:49,20.75,19.6,9900,20.9,1100,1100,137500
ESCORTS30JAN20620PE.NFO,07/01/2020,09:30:54,20.75,19.95,2200,20.5,1100,0,137500
ESCORTS30JAN20620PE.NFO,07/01/2020,09:30:59,20.75,20.1,1100,20.5,1100,0,137500
ESCORTS30JAN20620PE.NFO,07/01/2020,09:31:05,20.75,19.55,5500,20.5,1100,0,137500
ESCORTS30JAN20620PE.NFO,07/01/2020,09:31:18,20.75,19.55,4400,20.45,1100,0,137500
ESCORTS30JAN20620PE.NFO,07/01/2020,09:31:24,20.75,19.65,1100,20.5,2200,0,137500
ESCORTS30JAN20620PE.NFO,07/01/2020,09:31:35,20.75,19.3,3300,20.45,2200,0,137500
ESCORTS30JAN20620PE.NFO,07/01/2020,09:31:40,20.75,19.6,1100,20.35,1100,0,137500
ESCORTS30JAN20620PE.NFO,07/01/2020,09:31:45,20.75,19.6,1100,20.3,1100,0,137500
ESCORTS30JAN20620PE.NFO,07/01/2020,09:31:51,20.75,19.65,1100,20.3,1100,0,137500
ESCORTS30JAN20620PE.NFO,07/01/2020,09:32:00,20.75,19.65,1100,20.35,2200,0,137500
ESCORTS30JAN20620PE.NFO,07/01/2020,09:32:05,20.75,19.65,1100,20.25,2200,0,137500
ESCORTS30JAN20620PE.NFO,07/01/2020,09:32:15,20.75,19.65,1100,20.25,1100,0,137500
ESCORTS30JAN20620PE.NFO,07/01/2020,09:32:21,20.75,19.45,1100,20.05,1100,0,137500
ESCORTS30JAN20620PE.NFO,07/01/2020,09:32:28,20.75,19.3,1100,20.1,2200,0,137500
ESCORTS30JAN20620PE.NFO,07/01/2020,09:32:33,20.75,19.3,1100,20.05,1100,0,137500
ESCORTS30JAN20620PE.NFO,07/01/2020,09:32:39,20.75,19.3,1100,20.05,2200,0,137500
ESCORTS30JAN20620PE.NFO,07/01/2020,09:32:45,20.75,19.4,1100,20.15,2200,0,137500
ESCORTS30JAN20620PE.NFO,07/01/2020,09:32:57,20.75,19.45,1100,20.15,2200,0,137500
ESCORTS30JAN20620PE.NFO,07/01/2020,09:33:02,20.75,19.45,1100,19.9,2200,0,137500
ESCORTS30JAN20620PE.NFO,07/01/2020,09:33:07,20.75,19.45,1100,19.85,2200,0,137500
ESCORTS30JAN20620PE.NFO,07/01/2020,09:33:13,20.75,19.45,1100,19.85,4400,0,137500
ESCORTS30JAN20620PE.NFO,07/01/2020,09:33:19,20.75,19.45,1100,19.75,1100,0,137500
ESCORTS30JAN20620PE.NFO,07/01/2020,09:33:25,19.45,18.85,1100,19.55,2200,1100,138600
ESCORTS30JAN20620PE.NFO,07/01/2020,09:33:25,19.45,18.85,1100,19.55,2200,0,138600
ESCORTS30JAN20620PE.NFO,07/01/2020,09:33:30,19.45,18.85,1100,19.55,2200,0,138600
ESCORTS30JAN20620PE.NFO,07/01/2020,09:33:36,19.45,19.05,2200,19.7,1100,0,138600
ESCORTS30JAN20620PE.NFO,07/01/2020,09:33:41,19.2,19.5,16500,19.65,2200,1100,138600
ESCORTS30JAN20620PE.NFO,07/01/2020,09:33:41,19.2,19.5,16500,19.65,2200,0,138600
ESCORTS30JAN20620PE.NFO,07/01/2020,09:33:46,19.7,18.9,3300,19.7,1100,4400,138600
ESCORTS30JAN20620PE.NFO,07/01/2020,09:33:52,19.7,18.9,3300,19.7,1100,0,138600
ESCORTS30JAN20620PE.NFO,07/01/2020,09:33:56,19.7,19,2200,19.7,1100,0,138600
ESCORTS30JAN20620PE.NFO,07/01/2020,09:34:01,19.75,19.15,1100,19.8,2200,12100,138600
ESCORTS30JAN20620PE.NFO,07/01/2020,09:34:07,19.75,19.15,2200,19.8,1100,0,138600
ESCORTS30JAN20620PE.NFO,07/01/2020,09:34:12,19.75,19.25,3300,19.9,1100,0,138600
ESCORTS30JAN20620PE.NFO,07/01/2020,09:34:17,19.75,19.3,2200,19.9,1100,0,138600
ESCORTS30JAN20620PE.NFO,07/01/2020,09:34:22,19.75,19.4,3300,20.05,1100,0,138600
ESCORTS30JAN20620PE.NFO,07/01/2020,09:34:27,19.75,19.5,3300,20.05,1100,0,138600
ESCORTS30JAN20620PE.NFO,07/01/2020,09:34:43,19.75,19.9,1100,20.05,1100,0,138600
ESCORTS30JAN20620PE.NFO,07/01/2020,09:34:52,19.75,19.9,1100,20.1,1100,0,138600
ESCORTS30JAN20620PE.NFO,07/01/2020,09:35:02,19.9,19.5,1100,19.75,1100,1100,138600
ESCORTS30JAN20620PE.NFO,07/01/2020,09:35:07,19.9,19.4,1100,19.75,1100,0,138600
ESCORTS30JAN20620PE.NFO,07/01/2020,09:35:12,19.9,19.4,1100,19.65,1100,0,138600
ESCORTS30JAN20620PE.NFO,07/01/2020,09:35:17,19.9,19.4,1100,19.75,1100,0,138600
ESCORTS30JAN20620PE.NFO,07/01/2020,09:35:39,19.75,19.55,2200,19.9,1100,1100,154000
ESCORTS30JAN20620PE.NFO,07/01/2020,09:35:46,19.9,19.55,2200,19.9,1100,1100,154000
ESCORTS30JAN20620PE.NFO,07/01/2020,09:35:53,19.9,19.55,2200,20,1100,1100,154000
ESCORTS30JAN20620PE.NFO,07/01/2020,09:36:00,19.9,19.55,1100,19.8,1100,0,154000
ESCORTS30JAN20620PE.NFO,07/01/2020,09:36:06,19.9,19.5,2200,19.65,1100,0,154000
ESCORTS30JAN20620PE.NFO,07/01/2020,09:36:11,19.9,19.25,1100,19.4,1100,0,154000
ESCORTS30JAN20620PE.NFO,07/01/2020,09:36:17,19.9,19.15,2200,19.4,1100,0,154000
ESCORTS30JAN20620PE.NFO,07/01/2020,09:36:23,19.9,19.15,2200,19.5,1100,0,154000
ESCORTS30JAN20620PE.NFO,07/01/2020,09:36:28,19.5,19.15,2200,19.7,2200,1100,154000
ESCORTS30JAN20620PE.NFO,07/01/2020,09:36:34,19.5,19.25,2200,19.7,1100,0,154000
ESCORTS30JAN20620PE.NFO,07/01/2020,09:36:38,19.5,19.25,2200,19.7,2200,0,154000
ESCORTS30JAN20620PE.NFO,07/01/2020,09:36:43,19.5,19.25,2200,19.7,3300,0,154000
ESCORTS30JAN20620PE.NFO,07/01/2020,09:36:53,19.5,19.15,2200,19.6,1100,0,154000
ESCORTS30JAN20620PE.NFO,07/01/2020,09:37:08,19.5,19.25,2200,19.65,1100,0,154000
ESCORTS30JAN20620PE.NFO,07/01/2020,09:37:18,19.4,19.4,1100,19.7,1100,1100,154000
ESCORTS30JAN20620PE.NFO,07/01/2020,09:37:23,19.4,19.25,2200,19.7,1100,0,154000
ESCORTS30JAN20620PE.NFO,07/01/2020,09:37:33,19.4,19.3,2200,19.75,1100,0,154000
ESCORTS30JAN20620PE.NFO,07/01/2020,09:37:43,19.4,19.3,3300,19.75,1100,0,154000
ESCORTS30JAN20620PE.NFO,07/01/2020,09:37:48,19.4,19.3,4400,19.75,1100,0,154000
ESCORTS30JAN20620PE.NFO,07/01/2020,09:37:57,19.4,19.4,3300,19.85,1100,0,154000
ESCORTS30JAN20620PE.NFO,07/01/2020,09:38:01,19.4,19.25,1100,19.65,3300,0,154000
ESCORTS30JAN20620PE.NFO,07/01/2020,09:38:06,19.4,19.25,1100,19.65,1100,0,154000
ESCORTS30JAN20620PE.NFO,07/01/2020,09:38:21,19.4,19.3,2200,19.75,1100,0,154000
ESCORTS30JAN20620PE.NFO,07/01/2020,09:38:30,19.75,19.65,1100,20.05,1100,2200,152900
ESCORTS30JAN20620PE.NFO,07/01/2020,09:38:35,19.75,19.65,1100,20.05,1100,0,152900
ESCORTS30JAN20620PE.NFO,07/01/2020,09:38:44,19.75,19.65,1100,20.15,1100,0,152900
ESCORTS30JAN20620PE.NFO,07/01/2020,09:38:54,19.75,19.65,2200,20.2,2200,0,152900
ESCORTS30JAN20620PE.NFO,07/01/2020,09:39:03,19.75,19.65,1100,20.1,1100,0,152900
ESCORTS30JAN20620PE.NFO,07/01/2020,09:39:07,19.75,19.65,2200,20.2,1100,0,152900
ESCORTS30JAN20620PE.NFO,07/01/2020,09:39:17,19.75,19.65,1100,20.1,2200,0,152900
ESCORTS30JAN20620PE.NFO,07/01/2020,09:39:23,20,19.45,1100,20.6,7700,2200,152900
ESCORTS30JAN20620PE.NFO,07/01/2020,09:39:29,20,19.5,2200,20.6,7700,0,152900
ESCORTS30JAN20620PE.NFO,07/01/2020,09:39:34,20,19.65,1100,20.3,1100,1100,152900
ESCORTS30JAN20620PE.NFO,07/01/2020,09:39:39,20,19.6,1100,20.2,1100,1100,152900
ESCORTS30JAN20620PE.NFO,07/01/2020,09:39:43,20,20,1100,20.2,1100,0,152900
ESCORTS30JAN20620PE.NFO,07/01/2020,09:39:48,20,19.7,2200,20.3,1100,1100,152900
ESCORTS30JAN20620PE.NFO,07/01/2020,09:39:53,20,20,1100,20.4,1100,0,152900
ESCORTS30JAN20620PE.NFO,07/01/2020,09:39:57,20,20,2200,20.4,1100,0,152900
ESCORTS30JAN20620PE.NFO,07/01/2020,09:40:02,20,19.8,1100,20.3,1100,1100,152900
ESCORTS30JAN20620PE.NFO,07/01/2020,09:40:07,20,19.8,1100,20.2,1100,1100,152900
ESCORTS30JAN20620PE.NFO,07/01/2020,09:40:13,20,20,1100,20.2,1100,0,152900
ESCORTS30JAN20620PE.NFO,07/01/2020,09:40:19,20,19.7,1100,20.3,1100,1100,152900
ESCORTS30JAN20620PE.NFO,07/01/2020,09:40:25,20,20,1100,20.2,2200,0,152900
ESCORTS30JAN20620PE.NFO,07/01/2020,09:40:35,20.2,20,3300,20.25,1100,1100,152900
ESCORTS30JAN20620PE.NFO,07/01/2020,09:40:40,20.2,20,2200,20.2,1100,0,152900
ESCORTS30JAN20620PE.NFO,07/01/2020,09:40:45,20.2,20,2200,20.2,2200,0,152900
ESCORTS30JAN20620PE.NFO,07/01/2020,09:40:50,20,20,1100,20.15,2200,1100,152900
ESCORTS30JAN20620PE.NFO,07/01/2020,09:40:54,20,20,1100,20.1,1100,2200,152900
ESCORTS30JAN20620PE.NFO,07/01/2020,09:40:59,20,20,1100,20.15,2200,0,152900
ESCORTS30JAN20620PE.NFO,07/01/2020,09:41:04,20,20,1100,20.1,1100,0,152900
ESCORTS30JAN20620PE.NFO,07/01/2020,09:41:10,19.85,19.65,2200,20.05,1100,2200,152900
ESCORTS30JAN20620PE.NFO,07/01/2020,09:41:14,19.85,19.7,1100,20.1,1100,0,152900
ESCORTS30JAN20620PE.NFO,07/01/2020,09:41:24,19.85,20,1100,20.1,1100,0,152900
ESCORTS30JAN20620PE.NFO,07/01/2020,09:41:34,20,19.65,2200,20,1100,1100,160600
ESCORTS30JAN20620PE.NFO,07/01/2020,09:41:39,20,19.7,1100,20,2200,0,160600
ESCORTS30JAN20620PE.NFO,07/01/2020,09:41:47,20,19.7,1100,20.05,1100,0,160600
ESCORTS30JAN20620PE.NFO,07/01/2020,09:41:53,20,19.65,2200,20,1100,0,160600
ESCORTS30JAN20620PE.NFO,07/01/2020,09:41:59,20,19.65,1100,20,1100,0,160600
ESCORTS30JAN20620PE.NFO,07/01/2020,09:42:06,20,19.8,1100,20.15,1100,0,160600
ESCORTS30JAN20620PE.NFO,07/01/2020,09:42:12,20,19.65,1100,20,1100,0,160600
ESCORTS30JAN20620PE.NFO,07/01/2020,09:42:19,20,19.65,3300,20.05,1100,0,160600
ESCORTS30JAN20620PE.NFO,07/01/2020,09:42:26,20,19.6,1100,19.95,1100,0,160600
ESCORTS30JAN20620PE.NFO,07/01/2020,09:42:33,20,19.5,2200,19.85,1100,0,160600
ESCORTS30JAN20620PE.NFO,07/01/2020,09:42:41,20,19.6,1100,19.95,1100,0,160600
ESCORTS30JAN20620PE.NFO,07/01/2020,09:42:47,20,19.6,2200,19.95,1100,0,160600
ESCORTS30JAN20620PE.NFO,07/01/2020,09:42:53,20,19.7,1100,19.95,1100,0,160600
ESCORTS30JAN20620PE.NFO,07/01/2020,09:42:58,20,19.75,1100,20.05,1100,0,160600
ESCORTS30JAN20620PE.NFO,07/01/2020,09:43:04,20,19.75,2200,20.15,1100,0,160600
ESCORTS30JAN20620PE.NFO,07/01/2020,09:43:11,20,19.95,1100,20.3,2200,0,160600
ESCORTS30JAN20620PE.NFO,07/01/2020,09:43:16,20.3,20,1100,20.3,1100,1100,160600
ESCORTS30JAN20620PE.NFO,07/01/2020,09:43:21,20.3,20,1100,20.3,1100,0,160600
ESCORTS30JAN20620PE.NFO,07/01/2020,09:43:26,20.3,20,2200,20.3,1100,0,160600
ESCORTS30JAN20620PE.NFO,07/01/2020,09:43:31,20.3,19.9,1100,20.2,1100,0,160600
ESCORTS30JAN20620PE.NFO,07/01/2020,09:43:36,20.3,20,2200,20.3,1100,0,160600
ESCORTS30JAN20620PE.NFO,07/01/2020,09:43:41,20.3,20.05,2200,20.4,2200,0,160600
ESCORTS30JAN20620PE.NFO,07/01/2020,09:43:45,20.3,20.05,3300,20.3,1100,0,160600
ESCORTS30JAN20620PE.NFO,07/01/2020,09:43:50,20.3,20,2200,20.3,1100,0,160600
ESCORTS30JAN20620PE.NFO,07/01/2020,09:43:56,20.3,20,1100,20.3,1100,0,160600
ESCORTS30JAN20620PE.NFO,07/01/2020,09:44:01,20.3,19.95,1100,20.3,2200,0,160600
ESCORTS30JAN20620PE.NFO,07/01/2020,09:44:06,20.3,19.95,1100,20.25,1100,0,160600
ESCORTS30JAN20620PE.NFO,07/01/2020,09:44:12,20.3,20,2200,20.3,1100,0,160600
ESCORTS30JAN20620PE.NFO,07/01/2020,09:44:22,20.3,20,3300,20.3,1100,0,160600
ESCORTS30JAN20620PE.NFO,07/01/2020,09:44:28,20.3,20.1,2200,20.4,2200,0,160600
ESCORTS30JAN20620PE.NFO,07/01/2020,09:44:39,20.3,20.1,3300,20.4,2200,0,160600
ESCORTS30JAN20620PE.NFO,07/01/2020,09:44:50,20.3,20,4400,20.35,2200,0,160600
ESCORTS30JAN20620PE.NFO,07/01/2020,09:44:55,20.3,20.15,1100,20.45,2200,0,160600
ESCORTS30JAN20620PE.NFO,07/01/2020,09:45:01,20.3,20.1,2200,20.4,1100,0,160600
ESCORTS30JAN20620PE.NFO,07/01/2020,09:45:06,20.3,20,1100,20.2,1100,0,160600
ESCORTS30JAN20620PE.NFO,07/01/2020,09:45:13,20,19.6,2200,20,1100,1100,160600
ESCORTS30JAN20620PE.NFO,07/01/2020,09:45:19,20,19.6,2200,20,1100,0,160600
ESCORTS30JAN20620PE.NFO,07/01/2020,09:45:25,20,19.65,2200,20,1100,0,160600
ESCORTS30JAN20620PE.NFO,07/01/2020,09:45:30,20,19.65,3300,20,1100,0,160600
ESCORTS30JAN20620PE.NFO,07/01/2020,09:45:35,20,19.6,2200,20,1100,0,160600
ESCORTS30JAN20620PE.NFO,07/01/2020,09:45:40,20,19.7,1100,20,1100,0,160600
ESCORTS30JAN20620PE.NFO,07/01/2020,09:45:44,20,19.65,1100,20.05,1100,1100,160600
ESCORTS30JAN20620PE.NFO,07/01/2020,09:45:48,20,19.55,2200,20,1100,0,160600
ESCORTS30JAN20620PE.NFO,07/01/2020,09:45:54,20,19.6,3300,20,1100,0,160600
ESCORTS30JAN20620PE.NFO,07/01/2020,09:45:58,20,19.6,4400,20.05,1100,0,160600
ESCORTS30JAN20620PE.NFO,07/01/2020,09:46:02,20,19.6,3300,20,1100,0,160600
ESCORTS30JAN20620PE.NFO,07/01/2020,09:46:07,20,19.6,2200,19.95,1100,0,160600
ESCORTS30JAN20620PE.NFO,07/01/2020,09:46:12,20,19.55,1100,19.95,2200,0,160600
ESCORTS30JAN20620PE.NFO,07/01/2020,09:46:16,20,19.5,3300,19.9,1100,0,160600
ESCORTS30JAN20620PE.NFO,07/01/2020,09:46:21,20,19.55,1100,20,3300,0,160600
ESCORTS30JAN20620PE.NFO,07/01/2020,09:46:26,20,19.65,1100,20,3300,0,160600
ESCORTS30JAN20620PE.NFO,07/01/2020,09:46:32,20,19.6,1100,20,3300,0,160600
ESCORTS30JAN20620PE.NFO,07/01/2020,09:46:43,20,19.65,1100,20,3300,0,160600
ESCORTS30JAN20620PE.NFO,07/01/2020,09:46:57,20,19.7,1100,20,3300,0,160600
ESCORTS30JAN20620PE.NFO,07/01/2020,09:47:10,20,19.65,1100,20,3300,0,160600
ESCORTS30JAN20620PE.NFO,07/01/2020,09:47:15,20,19.65,3300,20,3300,0,160600
ESCORTS30JAN20620PE.NFO,07/01/2020,09:47:19,20,19.8,1100,20.15,1100,1100,160600
ESCORTS30JAN20620PE.NFO,07/01/2020,09:47:24,20,19.8,1100,20.15,1100,0,160600
ESCORTS30JAN20620PE.NFO,07/01/2020,09:47:28,20,19.8,1100,20.1,1100,0,160600
ESCORTS30JAN20620PE.NFO,07/01/2020,09:47:32,20,19.75,2200,20.1,1100,0,160600
ESCORTS30JAN20620PE.NFO,07/01/2020,09:47:36,19.75,19.8,3300,20.2,2200,3300,161700
ESCORTS30JAN20620PE.NFO,07/01/2020,09:47:41,19.75,19.85,2200,20.2,2200,0,161700
ESCORTS30JAN20620PE.NFO,07/01/2020,09:47:45,19.75,19.85,1100,20.2,2200,0,161700
ESCORTS30JAN20620PE.NFO,07/01/2020,09:47:50,19.75,19.8,1100,20.15,1100,0,161700
ESCORTS30JAN20620PE.NFO,07/01/2020,09:47:59,19.75,19.9,1100,20.2,1100,0,161700
ESCORTS30JAN20620PE.NFO,07/01/2020,09:48:04,19.75,19.85,1100,20.2,1100,0,161700
ESCORTS30JAN20620PE.NFO,07/01/2020,09:48:09,19.75,19.85,1100,20.2,2200,0,161700
ESCORTS30JAN20620PE.NFO,07/01/2020,09:48:16,19.75,19.85,1100,20.15,1100,0,161700
ESCORTS30JAN20620PE.NFO,07/01/2020,09:48:21,19.75,19.85,1100,20.2,2200,0,161700
ESCORTS30JAN20620PE.NFO,07/01/2020,09:48:25,19.75,19.95,1100,20.2,1100,0,161700
ESCORTS30JAN20620PE.NFO,07/01/2020,09:48:29,19.75,20,3300,20.3,1100,0,161700
ESCORTS30JAN20620PE.NFO,07/01/2020,09:48:33,19.75,20.1,1100,20.4,1100,0,161700
ESCORTS30JAN20620PE.NFO,07/01/2020,09:48:38,19.75,20.1,1100,20.35,1100,0,161700
ESCORTS30JAN20620PE.NFO,07/01/2020,09:48:47,19.75,20,3300,20.4,2200,0,161700
ESCORTS30JAN20620PE.NFO,07/01/2020,09:48:50,19.75,20,3300,20.3,1100,0,161700
ESCORTS30JAN20620PE.NFO,07/01/2020,09:48:55,19.75,20,4400,20.3,1100,0,161700
ESCORTS30JAN20620PE.NFO,07/01/2020,09:48:59,19.75,20,2200,20.3,1100,0,161700
ESCORTS30JAN20620PE.NFO,07/01/2020,09:49:03,19.75,20,2200,20.2,1100,0,161700
ESCORTS30JAN20620PE.NFO,07/01/2020,09:49:07,20,19.8,1100,20.05,1100,2200,161700
ESCORTS30JAN20620PE.NFO,07/01/2020,09:49:11,20,19.8,2200,20.15,2200,0,161700
ESCORTS30JAN20620PE.NFO,07/01/2020,09:49:15,20,19.8,1100,20.05,1100,0,161700
ESCORTS30JAN20620PE.NFO,07/01/2020,09:49:23,20,19.8,2200,20.15,2200,0,161700
ESCORTS30JAN20620PE.NFO,07/01/2020,09:49:29,20,19.9,1100,20.35,2200,0,161700
ESCORTS30JAN20620PE.NFO,07/01/2020,09:49:34,20,19.95,1100,20.3,1100,0,161700
ESCORTS30JAN20620PE.NFO,07/01/2020,09:49:40,20,19.95,1100,20.25,1100,0,161700
ESCORTS30JAN20620PE.NFO,07/01/2020,09:49:44,20,20,1100,20.3,1100,0,161700
ESCORTS30JAN20620PE.NFO,07/01/2020,09:49:49,20,20,2200,20.3,1100,0,161700
ESCORTS30JAN20620PE.NFO,07/01/2020,09:49:52,20,20,1100,20.3,1100,0,161700
ESCORTS30JAN20620PE.NFO,07/01/2020,09:49:58,20,19.95,2200,20.3,1100,0,161700
ESCORTS30JAN20620PE.NFO,07/01/2020,09:50:01,20,19.95,1100,20.2,1100,0,161700
ESCORTS30JAN20620PE.NFO,07/01/2020,09:50:04,20,19.9,1100,20.2,1100,0,161700
ESCORTS30JAN20620PE.NFO,07/01/2020,09:50:13,20,19.55,3300,20.25,2200,0,161700
ESCORTS30JAN20620PE.NFO,07/01/2020,09:50:16,20,19.55,5500,20.25,2200,0,161700
ESCORTS30JAN20620PE.NFO,07/01/2020,09:50:20,20,19.9,2200,20.35,2200,0,161700
ESCORTS30JAN20620PE.NFO,07/01/2020,09:50:24,20,19.9,1100,20.35,2200,0,161700
ESCORTS30JAN20620PE.NFO,07/01/2020,09:50:28,20,19.9,1100,20.25,1100,0,161700
ESCORTS30JAN20620PE.NFO,07/01/2020,09:50:31,20,19.85,1100,20.15,1100,0,161700
ESCORTS30JAN20620PE.NFO,07/01/2020,09:50:34,20,19.7,2200,20.15,3300,0,161700
ESCORTS30JAN20620PE.NFO,07/01/2020,09:50:38,20,19.8,2200,20.2,1100,0,161700
ESCORTS30JAN20620PE.NFO,07/01/2020,09:50:44,20,19.9,1100,20.2,1100,0,161700
ESCORTS30JAN20620PE.NFO,07/01/2020,09:50:53,20,19.95,1100,20.3,1100,0,161700
ESCORTS30JAN20620PE.NFO,07/01/2020,09:50:57,20,19.85,1100,20.3,1100,0,161700
ESCORTS30JAN20620PE.NFO,07/01/2020,09:51:02,20,19.85,3300,20.3,1100,0,161700
ESCORTS30JAN20620PE.NFO,07/01/2020,09:51:06,20,19.95,1100,20.35,3300,0,161700
ESCORTS30JAN20620PE.NFO,07/01/2020,09:51:10,20,19.95,2200,20.4,1100,0,161700
ESCORTS30JAN20620PE.NFO,07/01/2020,09:51:15,20,20.05,2200,20.4,1100,0,161700
ESCORTS30JAN20620PE.NFO,07/01/2020,09:51:20,20,19.95,1100,20.35,1100,0,161700
ESCORTS30JAN20620PE.NFO,07/01/2020,09:51:24,20,19.95,1100,20.3,1100,0,161700
ESCORTS30JAN20620PE.NFO,07/01/2020,09:51:28,20,19.8,3300,20.2,1100,0,161700
ESCORTS30JAN20620PE.NFO,07/01/2020,09:51:33,20,19.8,3300,20.15,2200,0,161700
ESCORTS30JAN20620PE.NFO,07/01/2020,09:51:37,20,19.8,3300,20.15,1100,0,161700
ESCORTS30JAN20620PE.NFO,07/01/2020,09:51:45,20,19.8,3300,20.2,1100,0,161700
ESCORTS30JAN20620PE.NFO,07/01/2020,09:51:49,20,19.85,1100,20.2,1100,0,161700
ESCORTS30JAN20620PE.NFO,07/01/2020,09:52:00,20,19.8,1100,20.2,2200,0,161700
ESCORTS30JAN20620PE.NFO,07/01/2020,09:52:04,20,19.8,1100,20.25,2200,0,161700
ESCORTS30JAN20620PE.NFO,07/01/2020,09:52:08,20,19.8,2200,20.2,2200,0,161700
ESCORTS30JAN20620PE.NFO,07/01/2020,09:52:13,20,19.9,2200,20.3,1100,0,161700
ESCORTS30JAN20620PE.NFO,07/01/2020,09:52:17,20,19.85,1100,20.15,1100,0,161700
ESCORTS30JAN20620PE.NFO,07/01/2020,09:52:22,20,19.85,1100,20.2,1100,0,161700
ESCORTS30JAN20620PE.NFO,07/01/2020,09:52:27,20,19.85,2200,20.2,2200,0,161700
ESCORTS30JAN20620PE.NFO,07/01/2020,09:52:32,20,19.8,1100,20.2,2200,0,161700
ESCORTS30JAN20620PE.NFO,07/01/2020,09:52:37,20,19.75,1100,20.2,2200,0,161700
ESCORTS30JAN20620PE.NFO,07/01/2020,09:52:41,20,19.8,1100,20.2,2200,0,161700
ESCORTS30JAN20620PE.NFO,07/01/2020,09:52:46,20,19.75,1100,20.2,2200,0,161700
ESCORTS30JAN20620PE.NFO,07/01/2020,09:52:50,20,19.7,1100,20.1,2200,0,161700
ESCORTS30JAN20620PE.NFO,07/01/2020,09:52:54,20,19.75,1100,20.1,1100,0,161700
ESCORTS30JAN20620PE.NFO,07/01/2020,09:52:58,20,19.75,2200,20.1,1100,0,161700
ESCORTS30JAN20620PE.NFO,07/01/2020,09:53:02,20,19.8,1100,20.15,1100,0,161700
ESCORTS30JAN20620PE.NFO,07/01/2020,09:53:07,20,19.9,2200,20.25,1100,0,161700
ESCORTS30JAN20620PE.NFO,07/01/2020,09:53:13,20,19.8,1100,20.2,1100,0,161700
ESCORTS30JAN20620PE.NFO,07/01/2020,09:53:18,20,19.75,1100,20.15,1100,0,161700
ESCORTS30JAN20620PE.NFO,07/01/2020,09:53:27,20,19.8,2200,20.15,1100,0,161700
ESCORTS30JAN20620PE.NFO,07/01/2020,09:53:31,20,19.85,1100,20.25,2200,0,161700
ESCORTS30JAN20620PE.NFO,07/01/2020,09:53:39,20,19.8,2200,20.15,1100,0,161700
ESCORTS30JAN20620PE.NFO,07/01/2020,09:53:44,20,19.85,1100,20.25,2200,0,161700
ESCORTS30JAN20620PE.NFO,07/01/2020,09:53:48,20,19.8,1100,20.25,2200,0,161700
ESCORTS30JAN20620PE.NFO,07/01/2020,09:53:52,20,19.85,1100,20.25,2200,0,161700
ESCORTS30JAN20620PE.NFO,07/01/2020,09:53:57,20,19.85,2200,20.25,2200,0,161700
ESCORTS30JAN20620PE.NFO,07/01/2020,09:54:02,20,19.75,2200,20.1,1100,0,161700
ESCORTS30JAN20620PE.NFO,07/01/2020,09:54:12,20,19.8,1100,20.2,2200,0,161700
ESCORTS30JAN20620PE.NFO,07/01/2020,09:54:17,20,19.85,2200,20.2,2200,0,161700
ESCORTS30JAN20620PE.NFO,07/01/2020,09:54:22,20,19.8,1100,20.2,2200,0,161700
ESCORTS30JAN20620PE.NFO,07/01/2020,09:54:27,20.15,19.95,1100,20.3,1100,1100,161700
ESCORTS30JAN20620PE.NFO,07/01/2020,09:54:32,20.15,19.9,2200,20.3,1100,0,161700
ESCORTS30JAN20620PE.NFO,07/01/2020,09:54:40,20.15,19.9,1100,20.2,1100,0,161700
ESCORTS30JAN20620PE.NFO,07/01/2020,09:54:45,20.15,19.95,1100,20.2,1100,0,161700
ESCORTS30JAN20620PE.NFO,07/01/2020,09:54:49,20.15,19.95,1100,20.3,1100,0,161700
ESCORTS30JAN20620PE.NFO,07/01/2020,09:54:57,20.15,19.9,1100,20.25,1100,0,161700
ESCORTS30JAN20620PE.NFO,07/01/2020,09:55:01,20.15,19.9,1100,20.2,1100,0,161700
ESCORTS30JAN20620PE.NFO,07/01/2020,09:55:06,20.15,19.7,2200,20.05,1100,0,161700
ESCORTS30JAN20620PE.NFO,07/01/2020,09:55:11,20.15,19.7,2200,20,1100,0,161700
ESCORTS30JAN20620PE.NFO,07/01/2020,09:55:16,20.15,19.7,2200,20.05,1100,0,161700
ESCORTS30JAN20620PE.NFO,07/01/2020,09:55:21,20.15,19.7,1100,20,1100,0,161700
ESCORTS30JAN20620PE.NFO,07/01/2020,09:55:25,20.15,19.75,1100,20.1,2200,0,161700
ESCORTS30JAN20620PE.NFO,07/01/2020,09:55:29,20.15,19.65,2200,20.1,1100,0,161700
ESCORTS30JAN20620PE.NFO,07/01/2020,09:55:34,20.15,19.8,1100,20.15,2200,2200,161700
ESCORTS30JAN20620PE.NFO,07/01/2020,09:55:37,20.15,19.8,1100,20.1,1100,0,161700
ESCORTS30JAN20620PE.NFO,07/01/2020,09:55:43,20.15,19.8,2200,20.05,1100,0,161700
ESCORTS30JAN20620PE.NFO,07/01/2020,09:55:47,20.15,19.85,1100,20.15,2200,0,161700
ESCORTS30JAN20620PE.NFO,07/01/2020,09:55:54,20.15,19.9,2200,20.15,2200,0,161700
ESCORTS30JAN20620PE.NFO,07/01/2020,09:55:58,20.15,19.95,1100,20.15,2200,0,161700
ESCORTS30JAN20620PE.NFO,07/01/2020,09:56:01,20.15,19.9,2200,20.15,2200,0,161700
ESCORTS30JAN20620PE.NFO,07/01/2020,09:56:06,20.15,20,1100,20.35,1100,0,161700
ESCORTS30JAN20620PE.NFO,07/01/2020,09:56:11,20.15,20.1,1100,20.4,2200,0,161700
ESCORTS30JAN20620PE.NFO,07/01/2020,09:56:20,20.15,20.2,1100,20.45,1100,0,161700
ESCORTS30JAN20620PE.NFO,07/01/2020,09:56:43,20.15,20.2,1100,20.5,1100,0,161700
ESCORTS30JAN20620PE.NFO,07/01/2020,09:56:47,20.15,20.15,2200,20.5,1100,0,161700
ESCORTS30JAN20620PE.NFO,07/01/2020,09:56:52,20.5,20.3,1100,20.55,1100,1100,160600
ESCORTS30JAN20620PE.NFO,07/01/2020,09:56:56,20.5,20.3,1100,20.65,1100,0,160600
ESCORTS30JAN20620PE.NFO,07/01/2020,09:57:00,20.5,20.3,1100,20.65,2200,0,160600
ESCORTS30JAN20620PE.NFO,07/01/2020,09:57:05,20.5,20.25,2200,20.6,1100,0,160600
ESCORTS30JAN20620PE.NFO,07/01/2020,09:57:09,20.5,20.3,1100,20.6,1100,0,160600
ESCORTS30JAN20620PE.NFO,07/01/2020,09:57:13,20.5,20.3,1100,20.65,2200,0,160600
ESCORTS30JAN20620PE.NFO,07/01/2020,09:57:18,20.5,20.15,2200,20.5,1100,0,160600
ESCORTS30JAN20620PE.NFO,07/01/2020,09:57:22,20.5,20.2,1100,20.55,2200,0,160600
ESCORTS30JAN20620PE.NFO,07/01/2020,09:57:26,20.5,20.15,2200,20.5,1100,0,160600
ESCORTS30JAN20620PE.NFO,07/01/2020,09:57:30,20.5,20.15,4400,20.5,1100,0,160600
ESCORTS30JAN20620PE.NFO,07/01/2020,09:57:33,20.5,20.2,1100,20.55,1100,0,160600
ESCORTS30JAN20620PE.NFO,07/01/2020,09:57:35,20.5,20.2,1100,20.6,1100,0,160600
ESCORTS30JAN20620PE.NFO,07/01/2020,09:57:55,20.5,20.25,1100,20.6,1100,0,160600
ESCORTS30JAN20620PE.NFO,07/01/2020,09:58:00,20.5,20.3,1100,20.6,1100,0,160600
ESCORTS30JAN20620PE.NFO,07/01/2020,09:58:09,20.5,20.25,3300,20.55,2200,0,160600
ESCORTS30JAN20620PE.NFO,07/01/2020,09:58:12,20.5,20.25,2200,20.55,2200,0,160600
ESCORTS30JAN20620PE.NFO,07/01/2020,09:58:16,20.5,20.3,1100,20.55,1100,0,160600
ESCORTS30JAN20620PE.NFO,07/01/2020,09:58:23,20.5,20.3,2200,20.55,1100,0,160600
ESCORTS30JAN20620PE.NFO,07/01/2020,09:58:27,20.5,20.25,3300,20.55,1100,0,160600
ESCORTS30JAN20620PE.NFO,07/01/2020,09:58:37,20.5,20.3,2200,20.55,1100,0,160600
ESCORTS30JAN20620PE.NFO,07/01/2020,09:58:41,20.5,20.3,3300,20.55,1100,0,160600
ESCORTS30JAN20620PE.NFO,07/01/2020,09:58:46,20.5,20.4,2200,20.75,1100,0,160600
ESCORTS30JAN20620PE.NFO,07/01/2020,09:58:57,20.5,20.3,2200,20.65,1100,0,160600
ESCORTS30JAN20620PE.NFO,07/01/2020,09:59:07,20.5,20.3,2200,20.55,1100,0,160600
ESCORTS30JAN20620PE.NFO,07/01/2020,09:59:13,20.5,20.25,1100,20.55,1100,0,160600
ESCORTS30JAN20620PE.NFO,07/01/2020,09:59:21,20.5,20.35,1100,20.65,2200,0,160600
ESCORTS30JAN20620PE.NFO,07/01/2020,09:59:26,20.5,20.3,1100,20.6,1100,0,160600
ESCORTS30JAN20620PE.NFO,07/01/2020,09:59:30,20.5,20.35,1100,20.6,1100,0,160600
ESCORTS30JAN20620PE.NFO,07/01/2020,09:59:35,20.5,20.4,1100,20.75,2200,0,160600
ESCORTS30JAN20620PE.NFO,07/01/2020,09:59:40,20.5,20.35,1100,20.7,2200,0,160600
ESCORTS30JAN20620PE.NFO,07/01/2020,09:59:46,20.5,20.4,2200,20.7,2200,0,160600
ESCORTS30JAN20620PE.NFO,07/01/2020,09:59:49,20.5,20.4,2200,20.7,1100,0,160600
ESCORTS30JAN20620PE.NFO,07/01/2020,09:59:56,20.5,20.4,2200,20.7,2200,0,160600
ESCORTS30JAN20620PE.NFO,07/01/2020,10:00:02,20.65,20.35,3300,20.7,1100,1100,159500
ESCORTS30JAN20620PE.NFO,07/01/2020,10:00:06,20.65,20.35,2200,20.65,2200,0,159500
ESCORTS30JAN20620PE.NFO,07/01/2020,10:00:11,20.65,20.4,1100,20.75,2200,0,159500
ESCORTS30JAN20620PE.NFO,07/01/2020,10:00:20,20.65,20.45,2200,20.85,1100,0,159500
ESCORTS30JAN20620PE.NFO,07/01/2020,10:00:25,20.65,20.55,1100,20.8,1100,0,159500
ESCORTS30JAN20620PE.NFO,07/01/2020,10:00:30,20.65,20.5,1100,20.85,2200,0,159500
ESCORTS30JAN20620PE.NFO,07/01/2020,10:00:35,20.65,20.6,1100,20.85,1100,0,159500
ESCORTS30JAN20620PE.NFO,07/01/2020,10:00:38,20.45,20.5,1100,20.7,1100,3300,159500
ESCORTS30JAN20620PE.NFO,07/01/2020,10:00:43,20.45,20.45,3300,20.8,1100,0,159500
ESCORTS30JAN20620PE.NFO,07/01/2020,10:00:50,20.45,20.55,1100,20.8,1100,0,159500
ESCORTS30JAN20620PE.NFO,07/01/2020,10:00:56,20.45,20.55,1100,20.9,1100,0,159500
ESCORTS30JAN20620PE.NFO,07/01/2020,10:01:02,20.45,20.4,2200,20.7,1100,0,159500
ESCORTS30JAN20620PE.NFO,07/01/2020,10:01:07,20.45,20.5,1100,20.75,1100,0,159500
ESCORTS30JAN20620PE.NFO,07/01/2020,10:01:13,20.45,20.4,2200,20.7,1100,0,159500
ESCORTS30JAN20620PE.NFO,07/01/2020,10:01:19,20.45,20.5,1100,20.8,1100,0,159500
ESCORTS30JAN20620PE.NFO,07/01/2020,10:01:25,20.45,20.5,1100,20.8,2200,0,159500
ESCORTS30JAN20620PE.NFO,07/01/2020,10:01:31,20.45,20.55,1100,20.8,2200,0,159500
ESCORTS30JAN20620PE.NFO,07/01/2020,10:01:37,20.45,20.6,1100,20.9,2200,0,159500
ESCORTS30JAN20620PE.NFO,07/01/2020,10:01:49,20.45,20.5,2200,20.85,1100,0,159500
ESCORTS30JAN20620PE.NFO,07/01/2020,10:01:59,20.45,20.55,2200,20.85,1100,0,159500
ESCORTS30JAN20620PE.NFO,07/01/2020,10:02:04,20.45,20.5,1100,20.85,1100,0,159500
ESCORTS30JAN20620PE.NFO,07/01/2020,10:02:15,20.45,20.3,3300,20.7,1100,0,159500
ESCORTS30JAN20620PE.NFO,07/01/2020,10:02:21,20.45,20.4,1100,20.75,2200,0,159500
ESCORTS30JAN20620PE.NFO,07/01/2020,10:02:26,20.45,20.55,2200,20.9,1100,0,159500
ESCORTS30JAN20620PE.NFO,07/01/2020,10:02:32,20.45,20.65,1100,21,4400,0,159500
ESCORTS30JAN20620PE.NFO,07/01/2020,10:02:37,20.45,20.6,2200,20.95,1100,0,159500
ESCORTS30JAN20620PE.NFO,07/01/2020,10:02:45,20.45,20.5,2200,20.85,1100,0,159500
ESCORTS30JAN20620PE.NFO,07/01/2020,10:02:49,20.45,20.55,2200,20.85,1100,0,159500
ESCORTS30JAN20620PE.NFO,07/01/2020,10:02:53,20.45,20.5,2200,20.8,1100,0,159500
ESCORTS30JAN20620PE.NFO,07/01/2020,10:03:06,20.45,20.45,2200,20.8,1100,0,159500
ESCORTS30JAN20620PE.NFO,07/01/2020,10:03:16,20.45,20.65,1100,20.9,1100,0,159500
ESCORTS30JAN20620PE.NFO,07/01/2020,10:03:26,20.45,20.65,1100,20.95,1100,0,159500
ESCORTS30JAN20620PE.NFO,07/01/2020,10:03:30,21.1,21.1,1100,21.45,1100,5500,157300
ESCORTS30JAN20620PE.NFO,07/01/2020,10:03:36,21.1,21.1,1100,21.45,1100,0,157300
ESCORTS30JAN20620PE.NFO,07/01/2020,10:03:41,21.1,21.05,1100,21.4,1100,0,157300
ESCORTS30JAN20620PE.NFO,07/01/2020,10:03:46,21.1,21.1,1100,21.45,2200,0,157300
ESCORTS30JAN20620PE.NFO,07/01/2020,10:03:50,21.1,20.95,1100,21.3,1100,0,157300
ESCORTS30JAN20620PE.NFO,07/01/2020,10:03:55,21.1,20.9,1100,21.25,3300,0,157300
ESCORTS30JAN20620PE.NFO,07/01/2020,10:03:59,21.1,20.85,1100,21.15,1100,0,157300
ESCORTS30JAN20620PE.NFO,07/01/2020,10:04:04,21.1,20.75,2200,21.1,1100,0,157300
ESCORTS30JAN20620PE.NFO,07/01/2020,10:04:09,21.1,20.75,2200,21.1,2200,0,157300
ESCORTS30JAN20620PE.NFO,07/01/2020,10:04:13,21.1,20.9,1100,21.25,3300,0,157300
ESCORTS30JAN20620PE.NFO,07/01/2020,10:04:18,21.1,20.8,2200,21.15,1100,0,157300
ESCORTS30JAN20620PE.NFO,07/01/2020,10:04:22,21.1,20.85,2200,21.15,2200,0,157300
ESCORTS30JAN20620PE.NFO,07/01/2020,10:04:26,21.1,20.85,1100,21.2,2200,0,157300
ESCORTS30JAN20620PE.NFO,07/01/2020,10:04:30,21.1,20.9,1100,21.2,1100,0,157300
ESCORTS30JAN20620PE.NFO,07/01/2020,10:04:35,21.1,20.9,2200,21.25,3300,0,157300
ESCORTS30JAN20620PE.NFO,07/01/2020,10:04:44,21.1,20.95,2200,21.25,1100,0,157300
ESCORTS30JAN20620PE.NFO,07/01/2020,10:04:48,21.1,20.95,2200,21.25,2200,0,157300
ESCORTS30JAN20620PE.NFO,07/01/2020,10:04:52,21.1,21,1100,21.35,1100,0,157300
ESCORTS30JAN20620PE.NFO,07/01/2020,10:04:56,21.1,21,2200,21.35,1100,0,157300
ESCORTS30JAN20620PE.NFO,07/01/2020,10:05:00,21.1,21.05,1100,21.45,2200,0,157300
ESCORTS30JAN20620PE.NFO,07/01/2020,10:05:04,21.1,21.1,3300,21.45,1100,0,157300
ESCORTS30JAN20620PE.NFO,07/01/2020,10:05:12,21.1,21.1,1100,21.45,1100,0,157300
ESCORTS30JAN20620PE.NFO,07/01/2020,10:05:19,21.1,21.1,1100,21.4,1100,0,157300
ESCORTS30JAN20620PE.NFO,07/01/2020,10:05:33,21.1,21.25,2200,21.55,1100,0,157300
ESCORTS30JAN20620PE.NFO,07/01/2020,10:05:40,21.1,21.2,2200,21.55,2200,0,157300
ESCORTS30JAN20620PE.NFO,07/01/2020,10:05:46,21.1,21.1,1100,21.5,3300,0,157300
ESCORTS30JAN20620PE.NFO,07/01/2020,10:05:51,21.1,20.85,1100,21.2,1100,0,157300
ESCORTS30JAN20620PE.NFO,07/01/2020,10:05:57,21.1,21.05,1100,21.4,2200,0,157300
ESCORTS30JAN20620PE.NFO,07/01/2020,10:06:01,21.1,21,1100,21.3,2200,0,157300
ESCORTS30JAN20620PE.NFO,07/01/2020,10:06:06,21.1,21.1,2200,21.45,3300,0,157300
ESCORTS30JAN20620PE.NFO,07/01/2020,10:06:11,21.1,21.05,2200,21.4,2200,0,157300
ESCORTS30JAN20620PE.NFO,07/01/2020,10:06:15,21.1,21.1,1100,21.45,3300,0,157300
ESCORTS30JAN20620PE.NFO,07/01/2020,10:06:19,21.1,21.1,1100,21.4,1100,0,157300
ESCORTS30JAN20620PE.NFO,07/01/2020,10:06:24,21.1,21.15,1100,21.45,1100,0,157300
ESCORTS30JAN20620PE.NFO,07/01/2020,10:06:29,21.1,21.1,1100,21.4,1100,0,157300
ESCORTS30JAN20620PE.NFO,07/01/2020,10:06:34,21.1,21.1,2200,21.4,1100,0,157300
ESCORTS30JAN20620PE.NFO,07/01/2020,10:06:39,21.4,21.25,1100,21.65,1100,1100,155100
ESCORTS30JAN20620PE.NFO,07/01/2020,10:06:44,21.4,21.3,3300,21.8,2200,0,155100
ESCORTS30JAN20620PE.NFO,07/01/2020,10:06:50,21.4,21.4,2200,21.75,1100,0,155100
ESCORTS30JAN20620PE.NFO,07/01/2020,10:06:55,21.4,21.5,1100,21.9,2200,0,155100
ESCORTS30JAN20620PE.NFO,07/01/2020,10:07:00,21.4,21.25,2200,21.7,1100,2200,155100
ESCORTS30JAN20620PE.NFO,07/01/2020,10:07:05,21.4,21.45,2200,21.9,1100,0,155100
ESCORTS30JAN20620PE.NFO,07/01/2020,10:07:11,21.4,21.45,2200,21.8,1100,0,155100
ESCORTS30JAN20620PE.NFO,07/01/2020,10:07:21,21.4,21.5,1100,21.8,1100,0,155100
ESCORTS30JAN20620PE.NFO,07/01/2020,10:07:26,21.4,21.4,1100,21.8,1100,0,155100
ESCORTS30JAN20620PE.NFO,07/01/2020,10:07:31,21.4,21.45,1100,21.85,2200,0,155100
ESCORTS30JAN20620PE.NFO,07/01/2020,10:07:36,21.4,21.6,1100,22.05,2200,0,155100
ESCORTS30JAN20620PE.NFO,07/01/2020,10:07:41,21.4,21.6,1100,22,2200,0,155100
ESCORTS30JAN20620PE.NFO,07/01/2020,10:07:46,21.4,21.6,1100,21.95,1100,0,155100
ESCORTS30JAN20620PE.NFO,07/01/2020,10:07:51,21.4,21.55,2200,21.9,2200,0,155100
ESCORTS30JAN20620PE.NFO,07/01/2020,10:07:57,21.4,21.6,1100,21.95,2200,0,155100
ESCORTS30JAN20620PE.NFO,07/01/2020,10:08:15,21.4,21.55,2200,21.9,3300,0,155100
ESCORTS30JAN20620PE.NFO,07/01/2020,10:08:21,21.4,21.5,1100,21.85,1100,0,155100
ESCORTS30JAN20620PE.NFO,07/01/2020,10:08:30,21.4,21.5,2200,21.9,2200,0,155100
ESCORTS30JAN20620PE.NFO,07/01/2020,10:08:35,21.4,21.35,1100,21.7,1100,0,155100
ESCORTS30JAN20620PE.NFO,07/01/2020,10:08:40,21.4,21.3,2200,21.7,1100,0,155100
ESCORTS30JAN20620PE.NFO,07/01/2020,10:08:45,21.4,21.3,2200,21.7,2200,0,155100
ESCORTS30JAN20620PE.NFO,07/01/2020,10:08:49,21.4,21.3,2200,21.5,1100,0,155100
ESCORTS30JAN20620PE.NFO,07/01/2020,10:09:10,21.3,21.3,2200,21.7,1100,1100,155100
ESCORTS30JAN20620PE.NFO,07/01/2020,10:09:19,21.3,21.25,2200,21.3,2200,7700,155100
ESCORTS30JAN20620PE.NFO,07/01/2020,10:09:24,21.3,21.4,2200,21.85,1100,2200,155100
ESCORTS30JAN20620PE.NFO,07/01/2020,10:09:28,21.3,21.4,2200,21.85,1100,0,155100
ESCORTS30JAN20620PE.NFO,07/01/2020,10:09:33,21.3,21.4,2200,21.8,1100,0,155100
ESCORTS30JAN20620PE.NFO,07/01/2020,10:09:42,21.3,21.5,1100,21.95,3300,0,155100
ESCORTS30JAN20620PE.NFO,07/01/2020,10:09:46,21.3,21.5,1100,21.9,2200,0,155100
ESCORTS30JAN20620PE.NFO,07/01/2020,10:09:50,21.3,21.4,1100,21.8,1100,0,155100
ESCORTS30JAN20620PE.NFO,07/01/2020,10:09:55,21.3,20.8,3300,21.65,1100,2200,155100
ESCORTS30JAN20620PE.NFO,07/01/2020,10:09:59,21.3,20.9,3300,21.5,2200,0,155100
ESCORTS30JAN20620PE.NFO,07/01/2020,10:10:05,21.3,20.05,4400,21.4,1100,0,155100
ESCORTS30JAN20620PE.NFO,07/01/2020,10:10:11,21.3,20.05,6600,21.55,1100,0,155100
ESCORTS30JAN20620PE.NFO,07/01/2020,10:10:16,21.3,20.05,6600,21.55,2200,0,155100
ESCORTS30JAN20620PE.NFO,07/01/2020,10:10:21,21.3,20.05,4400,21.5,1100,0,155100
ESCORTS30JAN20620PE.NFO,07/01/2020,10:10:24,21.3,20.05,6600,21.4,1100,0,155100
ESCORTS30JAN20620PE.NFO,07/01/2020,10:10:32,21.3,20.05,4400,21.3,1100,0,155100
ESCORTS30JAN20620PE.NFO,07/01/2020,10:10:48,21.3,20.05,4400,21.25,1100,0,155100
ESCORTS30JAN20620PE.NFO,07/01/2020,10:10:51,21.3,20.05,4400,21.1,1100,0,155100
ESCORTS30JAN20620PE.NFO,07/01/2020,10:10:58,21.3,20.2,1100,21,1100,0,155100
ESCORTS30JAN20620PE.NFO,07/01/2020,10:11:01,21.3,20.3,1100,21,1100,0,155100
ESCORTS30JAN20620PE.NFO,07/01/2020,10:11:04,21.3,20.25,1100,21,1100,0,155100
ESCORTS30JAN20620PE.NFO,07/01/2020,10:11:08,21.3,20.05,4400,21,1100,0,155100
ESCORTS30JAN20620PE.NFO,07/01/2020,10:11:12,21.3,20.7,1100,21.25,2200,0,155100
ESCORTS30JAN20620PE.NFO,07/01/2020,10:11:21,21.3,20.7,1100,21.2,1100,0,155100
ESCORTS30JAN20620PE.NFO,07/01/2020,10:11:25,21.3,20.2,3300,21.2,1100,0,155100
ESCORTS30JAN20620PE.NFO,07/01/2020,10:11:29,21.3,20.3,2200,21.2,1100,0,155100
ESCORTS30JAN20620PE.NFO,07/01/2020,10:11:45,21.3,20.3,2200,21.15,1100,0,155100
ESCORTS30JAN20620PE.NFO,07/01/2020,10:11:49,21.3,20.4,1100,21.05,1100,0,155100
ESCORTS30JAN20620PE.NFO,07/01/2020,10:12:05,21.3,20.2,1100,20.8,2200,0,155100
ESCORTS30JAN20620PE.NFO,07/01/2020,10:12:13,21.3,20.25,1100,20.75,1100,0,155100
ESCORTS30JAN20620PE.NFO,07/01/2020,10:12:17,21.3,20.3,1100,21,2200,0,155100
ESCORTS30JAN20620PE.NFO,07/01/2020,10:12:30,21.3,20.3,1100,20.95,1100,0,155100
ESCORTS30JAN20620PE.NFO,07/01/2020,10:12:35,21.3,20.4,1100,21,2200,0,155100
ESCORTS30JAN20620PE.NFO,07/01/2020,10:12:43,21.3,20.4,1100,20.95,1100,0,155100
ESCORTS30JAN20620PE.NFO,07/01/2020,10:12:54,21.3,20.4,1100,21.1,2200,0,155100
ESCORTS30JAN20620PE.NFO,07/01/2020,10:12:58,21.3,20.4,1100,21,1100,0,155100
ESCORTS30JAN20620PE.NFO,07/01/2020,10:13:10,21.3,20.4,1100,21.05,2200,0,155100
ESCORTS30JAN20620PE.NFO,07/01/2020,10:13:15,21.3,20.4,1100,21,1100,0,155100
ESCORTS30JAN20620PE.NFO,07/01/2020,10:13:24,21.3,20.4,1100,20.95,1100,0,155100
ESCORTS30JAN20620PE.NFO,07/01/2020,10:13:34,21.3,20.4,1100,20.8,2200,0,155100
ESCORTS30JAN20620PE.NFO,07/01/2020,10:13:38,21.3,20.35,1100,20.8,1100,0,155100
ESCORTS30JAN20620PE.NFO,07/01/2020,10:13:41,21.3,20.2,1100,20.7,2200,0,155100
ESCORTS30JAN20620PE.NFO,07/01/2020,10:13:49,21.3,20.1,1100,20.6,2200,0,155100
ESCORTS30JAN20620PE.NFO,07/01/2020,10:13:55,21.3,19.8,3300,20.75,1100,0,155100
ESCORTS30JAN20620PE.NFO,07/01/2020,10:14:00,21.3,20.05,1100,20.65,1100,0,155100
ESCORTS30JAN20620PE.NFO,07/01/2020,10:14:09,21.3,19.85,1100,20.4,2200,0,155100
ESCORTS30JAN20620PE.NFO,07/01/2020,10:14:14,21.3,20.05,1100,20.6,1100,0,155100
ESCORTS30JAN20620PE.NFO,07/01/2020,10:14:20,21.3,19.9,1100,20.5,1100,0,155100
ESCORTS30JAN20620PE.NFO,07/01/2020,10:14:30,21.3,20,1100,20.45,2200,0,155100
ESCORTS30JAN20620PE.NFO,07/01/2020,10:14:49,21.3,20.05,1100,20.45,3300,0,155100
ESCORTS30JAN20620PE.NFO,07/01/2020,10:14:54,21.3,20.05,1100,20.45,2200,0,155100
ESCORTS30JAN20620PE.NFO,07/01/2020,10:14:58,21.3,20.05,1100,20.4,1100,0,155100
ESCORTS30JAN20620PE.NFO,07/01/2020,10:15:08,21.3,20.05,1100,20.4,2200,0,155100
ESCORTS30JAN20620PE.NFO,07/01/2020,10:15:13,21.3,19.95,1100,20.35,1100,0,155100
ESCORTS30JAN20620PE.NFO,07/01/2020,10:15:18,21.3,19.95,1100,20.25,1100,0,155100
ESCORTS30JAN20620PE.NFO,07/01/2020,10:15:24,21.3,19.9,1100,20.25,2200,0,155100
ESCORTS30JAN20620PE.NFO,07/01/2020,10:15:29,21.3,19.7,2200,20.4,1100,0,155100
ESCORTS30JAN20620PE.NFO,07/01/2020,10:15:34,21.3,19.95,1100,20.4,1100,0,155100
ESCORTS30JAN20620PE.NFO,07/01/2020,10:15:39,21.3,19.85,1100,20.25,2200,0,155100
ESCORTS30JAN20620PE.NFO,07/01/2020,10:15:43,21.3,19.95,1100,20.25,1100,0,155100
ESCORTS30JAN20620PE.NFO,07/01/2020,10:15:48,21.3,20.05,2200,20.5,1100,0,155100
ESCORTS30JAN20620PE.NFO,07/01/2020,10:16:00,21.3,20.05,2200,20.45,1100,0,155100
ESCORTS30JAN20620PE.NFO,07/01/2020,10:16:04,21.3,19.55,5500,20.6,1100,0,155100
ESCORTS30JAN20620PE.NFO,07/01/2020,10:16:09,21.3,20,2200,20.55,1100,0,155100
ESCORTS30JAN20620PE.NFO,07/01/2020,10:16:13,21.3,20,2200,20.55,2200,0,155100
ESCORTS30JAN20620PE.NFO,07/01/2020,10:16:24,21.3,20,2200,20.5,1100,0,155100
ESCORTS30JAN20620PE.NFO,07/01/2020,10:16:29,21.3,20,2200,20.4,2200,0,155100
ESCORTS30JAN20620PE.NFO,07/01/2020,10:17:18,21.3,20,1100,20.4,1100,0,155100
ESCORTS30JAN20620PE.NFO,07/01/2020,10:17:22,21.3,20,2200,20.5,1100,0,155100
ESCORTS30JAN20620PE.NFO,07/01/2020,10:17:26,21.3,20,2200,20.5,2200,0,155100
ESCORTS30JAN20620PE.NFO,07/01/2020,10:17:30,21.3,19.9,1100,21.35,1100,0,155100
ESCORTS30JAN20620PE.NFO,07/01/2020,10:17:35,21.3,19.95,2200,20.95,1100,0,155100
ESCORTS30JAN20620PE.NFO,07/01/2020,10:17:51,21.3,20.05,2200,20.7,1100,0,155100
ESCORTS30JAN20620PE.NFO,07/01/2020,10:18:14,21.3,20.2,1100,20.75,2200,0,155100
ESCORTS30JAN20620PE.NFO,07/01/2020,10:18:18,21.3,20.3,1100,20.75,2200,0,155100
ESCORTS30JAN20620PE.NFO,07/01/2020,10:18:22,21.3,20.25,1100,20.65,1100,0,155100
ESCORTS30JAN20620PE.NFO,07/01/2020,10:18:26,21.3,20.25,1100,20.7,1100,0,155100
ESCORTS30JAN20620PE.NFO,07/01/2020,10:18:30,21.3,20.25,1100,20.7,2200,0,155100
ESCORTS30JAN20620PE.NFO,07/01/2020,10:18:35,21.3,20.25,1100,20.6,1100,0,155100
ESCORTS30JAN20620PE.NFO,07/01/2020,10:18:39,21.3,20.3,2200,20.85,2200,0,155100
ESCORTS30JAN20620PE.NFO,07/01/2020,10:18:45,21.3,20.3,1100,21.2,1100,0,155100
ESCORTS30JAN20620PE.NFO,07/01/2020,10:18:50,21.3,20.4,1100,20.85,2200,0,155100
ESCORTS30JAN20620PE.NFO,07/01/2020,10:19:00,21.3,20.5,1100,20.9,1100,0,155100
ESCORTS30JAN20620PE.NFO,07/01/2020,10:19:09,21.3,20.5,1100,20.85,1100,0,155100
ESCORTS30JAN20620PE.NFO,07/01/2020,10:19:17,21.3,20.4,2200,20.9,2200,0,155100
ESCORTS30JAN20620PE.NFO,07/01/2020,10:19:21,21.3,20.4,1100,20.85,2200,0,155100
ESCORTS30JAN20620PE.NFO,07/01/2020,10:19:26,21.3,20.4,1100,20.75,1100,0,155100
ESCORTS30JAN20620PE.NFO,07/01/2020,10:19:35,21.3,20.25,3300,20.7,1100,0,155100
ESCORTS30JAN20620PE.NFO,07/01/2020,10:19:44,21.3,20.25,3300,20.8,2200,0,155100
ESCORTS30JAN20620PE.NFO,07/01/2020,10:19:49,21.3,20.25,3300,20.7,1100,0,155100
ESCORTS30JAN20620PE.NFO,07/01/2020,10:19:54,21.3,20.15,3300,20.6,3300,0,155100
ESCORTS30JAN20620PE.NFO,07/01/2020,10:19:58,21.3,20.15,3300,20.6,2200,0,155100
ESCORTS30JAN20620PE.NFO,07/01/2020,10:20:12,21.3,20.15,2200,20.85,1100,0,155100
ESCORTS30JAN20620PE.NFO,07/01/2020,10:20:16,21.3,20.15,3300,20.7,1100,0,155100
ESCORTS30JAN20620PE.NFO,07/01/2020,10:20:24,21.3,20.15,3300,20.6,2200,0,155100
ESCORTS30JAN20620PE.NFO,07/01/2020,10:20:49,21.3,20.05,3300,20.5,2200,0,155100
ESCORTS30JAN20620PE.NFO,07/01/2020,10:20:56,21.3,20,2200,20.4,2200,0,155100
ESCORTS30JAN20620PE.NFO,07/01/2020,10:20:59,21.3,19.9,2200,20.35,2200,0,155100
ESCORTS30JAN20620PE.NFO,07/01/2020,10:21:02,21.3,19.9,2200,20.4,2200,0,155100
ESCORTS30JAN20620PE.NFO,07/01/2020,10:21:07,21.3,19.9,2200,20.3,1100,0,155100
ESCORTS30JAN20620PE.NFO,07/01/2020,10:21:10,21.3,20,2200,20.4,1100,0,155100
ESCORTS30JAN20620PE.NFO,07/01/2020,10:21:27,21.3,20,1100,20.4,1100,0,155100
ESCORTS30JAN20620PE.NFO,07/01/2020,10:21:30,21.3,20,1100,20.4,2200,0,155100
ESCORTS30JAN20620PE.NFO,07/01/2020,10:21:42,21.3,20,1100,20.3,1100,0,155100
ESCORTS30JAN20620PE.NFO,07/01/2020,10:21:53,21.3,20,1100,20.4,3300,0,155100
ESCORTS30JAN20620PE.NFO,07/01/2020,10:21:58,21.3,20,1100,20.4,2200,0,155100
ESCORTS30JAN20620PE.NFO,07/01/2020,10:22:06,21.3,20,1100,20.3,1100,0,155100
ESCORTS30JAN20620PE.NFO,07/01/2020,10:22:11,21.3,20.05,2200,20.5,1100,0,155100
ESCORTS30JAN20620PE.NFO,07/01/2020,10:22:20,21.3,20.05,2200,20.45,1100,0,155100
ESCORTS30JAN20620PE.NFO,07/01/2020,10:22:32,21.3,20.05,1100,20.45,1100,0,155100
ESCORTS30JAN20620PE.NFO,07/01/2020,10:22:36,21.3,20.05,2200,20.45,1100,0,155100
ESCORTS30JAN20620PE.NFO,07/01/2020,10:22:40,21.3,20.15,2200,20.55,1100,0,155100
ESCORTS30JAN20620PE.NFO,07/01/2020,10:22:46,21.3,20.3,3300,20.8,3300,0,155100
ESCORTS30JAN20620PE.NFO,07/01/2020,10:22:53,21.3,20.4,2200,20.9,3300,0,155100
ESCORTS30JAN20620PE.NFO,07/01/2020,10:22:57,21.3,20.4,2200,20.85,1100,0,155100
ESCORTS30JAN20620PE.NFO,07/01/2020,10:23:03,21.3,20.4,1100,20.8,3300,0,155100
ESCORTS30JAN20620PE.NFO,07/01/2020,10:23:08,21.3,20.4,1100,20.75,2200,0,155100
ESCORTS30JAN20620PE.NFO,07/01/2020,10:23:35,21.3,20.4,1100,20.8,2200,0,155100
ESCORTS30JAN20620PE.NFO,07/01/2020,10:23:56,21.3,20.4,1100,20.75,2200,0,155100
ESCORTS30JAN20620PE.NFO,07/01/2020,10:24:16,21.3,20.4,1100,20.75,1100,0,155100
ESCORTS30JAN20620PE.NFO,07/01/2020,10:24:37,21.3,20.4,1100,20.75,2200,0,155100
ESCORTS30JAN20620PE.NFO,07/01/2020,10:24:41,21.3,20.4,1100,20.75,1100,0,155100
ESCORTS30JAN20620PE.NFO,07/01/2020,10:24:50,21.3,20.4,1100,20.75,2200,0,155100
ESCORTS30JAN20620PE.NFO,07/01/2020,10:24:57,21.3,20.4,1100,20.8,1100,0,155100
ESCORTS30JAN20620PE.NFO,07/01/2020,10:25:02,21.3,20.5,1100,20.8,1100,0,155100
ESCORTS30JAN20620PE.NFO,07/01/2020,10:25:13,21.3,20.5,1100,20.85,1100,0,155100
ESCORTS30JAN20620PE.NFO,07/01/2020,10:25:26,21.3,20.65,1100,21.05,1100,0,155100
ESCORTS30JAN20620PE.NFO,07/01/2020,10:25:31,21.3,20.55,1100,21.05,2200,0,155100
ESCORTS30JAN20620PE.NFO,07/01/2020,10:25:36,21.3,20.7,1100,21.15,2200,0,155100
ESCORTS30JAN20620PE.NFO,07/01/2020,10:25:42,21.3,20.7,1100,21.2,3300,0,155100
ESCORTS30JAN20620PE.NFO,07/01/2020,10:25:47,21.2,20.75,1100,21.2,3300,1100,147400
ESCORTS30JAN20620PE.NFO,07/01/2020,10:25:52,21.2,20.8,2200,21.15,1100,0,147400
ESCORTS30JAN20620PE.NFO,07/01/2020,10:25:56,21.2,20.75,2200,21.15,2200,0,147400
ESCORTS30JAN20620PE.NFO,07/01/2020,10:26:05,21.2,20.8,1100,21.15,1100,0,147400
ESCORTS30JAN20620PE.NFO,07/01/2020,10:26:09,21.2,20.8,2200,21.15,1100,0,147400
ESCORTS30JAN20620PE.NFO,07/01/2020,10:26:13,21.2,20.75,2200,21.15,2200,0,147400
ESCORTS30JAN20620PE.NFO,07/01/2020,10:26:17,21.2,20.8,2200,21.15,1100,0,147400
ESCORTS30JAN20620PE.NFO,07/01/2020,10:26:22,21.2,20.85,2200,21.25,3300,0,147400
ESCORTS30JAN20620PE.NFO,07/01/2020,10:26:25,21.2,20.75,2200,21.15,3300,0,147400
ESCORTS30JAN20620PE.NFO,07/01/2020,10:26:28,21.2,20.8,2200,21.15,1100,0,147400
ESCORTS30JAN20620PE.NFO,07/01/2020,10:26:31,21.2,20.75,2200,21.15,3300,0,147400
ESCORTS30JAN20620PE.NFO,07/01/2020,10:26:37,21.2,20.8,2200,21.15,2200,0,147400
ESCORTS30JAN20620PE.NFO,07/01/2020,10:26:58,21.2,20.8,2200,21.25,1100,0,147400
ESCORTS30JAN20620PE.NFO,07/01/2020,10:27:01,21.2,20.8,2200,21.15,1100,0,147400
ESCORTS30JAN20620PE.NFO,07/01/2020,10:27:05,21.2,20.7,1100,21.05,3300,0,147400
ESCORTS30JAN20620PE.NFO,07/01/2020,10:27:09,21.2,20.55,2200,20.95,2200,0,147400
ESCORTS30JAN20620PE.NFO,07/01/2020,10:27:12,21.2,20.5,3300,20.95,3300,0,147400
ESCORTS30JAN20620PE.NFO,07/01/2020,10:27:16,21.2,20.5,2200,20.9,2200,0,147400
ESCORTS30JAN20620PE.NFO,07/01/2020,10:27:24,21.2,20.45,2200,20.8,1100,0,147400
ESCORTS30JAN20620PE.NFO,07/01/2020,10:27:28,21.2,20.45,1100,20.75,1100,0,147400
ESCORTS30JAN20620PE.NFO,07/01/2020,10:27:32,21.2,20.55,3300,20.95,1100,0,147400
ESCORTS30JAN20620PE.NFO,07/01/2020,10:27:35,21.2,20.55,2200,20.95,1100,0,147400
ESCORTS30JAN20620PE.NFO,07/01/2020,10:27:38,21.2,20.45,2200,20.8,2200,0,147400
ESCORTS30JAN20620PE.NFO,07/01/2020,10:27:46,21.2,20.45,1100,20.85,2200,0,147400
ESCORTS30JAN20620PE.NFO,07/01/2020,10:27:49,21.2,20.55,2200,20.95,1100,0,147400
ESCORTS30JAN20620PE.NFO,07/01/2020,10:27:52,21.2,20.55,3300,21.3,1100,0,147400
ESCORTS30JAN20620PE.NFO,07/01/2020,10:27:56,21.2,20.5,3300,20.8,1100,0,147400
ESCORTS30JAN20620PE.NFO,07/01/2020,10:28:03,21.2,20.45,2200,20.85,4400,0,147400
ESCORTS30JAN20620PE.NFO,07/01/2020,10:28:07,21.2,20.45,1100,20.8,1100,0,147400
ESCORTS30JAN20620PE.NFO,07/01/2020,10:28:10,21.2,20.5,2200,20.85,2200,0,147400
ESCORTS30JAN20620PE.NFO,07/01/2020,10:28:14,21.2,20.45,2200,20.85,4400,0,147400
ESCORTS30JAN20620PE.NFO,07/01/2020,10:28:22,21.2,20.5,2200,20.85,4400,0,147400
ESCORTS30JAN20620PE.NFO,07/01/2020,10:28:26,21.2,20.4,2200,20.75,1100,0,147400
ESCORTS30JAN20620PE.NFO,07/01/2020,10:28:35,21.2,20.25,3300,20.65,3300,0,147400
ESCORTS30JAN20620PE.NFO,07/01/2020,10:28:45,21.2,20.3,2200,20.65,1100,0,147400
ESCORTS30JAN20620PE.NFO,07/01/2020,10:28:48,21.2,20.3,2200,20.6,1100,0,147400
ESCORTS30JAN20620PE.NFO,07/01/2020,10:28:51,21.2,20.25,2200,20.6,1100,0,147400
ESCORTS30JAN20620PE.NFO,07/01/2020,10:29:03,21.2,20.35,2200,20.8,2200,0,147400
ESCORTS30JAN20620PE.NFO,07/01/2020,10:29:09,21.2,20.4,3300,20.8,1100,0,147400
ESCORTS30JAN20620PE.NFO,07/01/2020,10:29:11,21.2,20.4,3300,20.8,2200,0,147400
ESCORTS30JAN20620PE.NFO,07/01/2020,10:29:16,21.2,20.35,2200,20.75,3300,0,147400
ESCORTS30JAN20620PE.NFO,07/01/2020,10:29:22,21.2,20.4,2200,20.75,3300,0,147400
ESCORTS30JAN20620PE.NFO,07/01/2020,10:29:25,21.2,20.4,1100,20.75,2200,0,147400
ESCORTS30JAN20620PE.NFO,07/01/2020,10:29:29,21.2,20.35,2200,20.75,3300,0,147400
ESCORTS30JAN20620PE.NFO,07/01/2020,10:29:36,21.2,20.3,3300,20.65,2200,0,147400
ESCORTS30JAN20620PE.NFO,07/01/2020,10:29:40,21.2,20.4,3300,20.85,2200,0,147400
ESCORTS30JAN20620PE.NFO,07/01/2020,10:29:44,21.2,20.4,2200,20.8,1100,0,147400
ESCORTS30JAN20620PE.NFO,07/01/2020,10:29:47,21.2,20.4,2200,20.85,2200,0,147400
ESCORTS30JAN20620PE.NFO,07/01/2020,10:29:55,21.2,20.4,3300,20.8,1100,0,147400
ESCORTS30JAN20620PE.NFO,07/01/2020,10:30:01,21.2,20.4,2200,20.8,1100,0,147400
ESCORTS30JAN20620PE.NFO,07/01/2020,10:30:25,21.2,20.4,3300,20.8,1100,0,147400
ESCORTS30JAN20620PE.NFO,07/01/2020,10:30:28,21.2,20.4,2200,20.85,2200,0,147400
ESCORTS30JAN20620PE.NFO,07/01/2020,10:30:31,21.2,20.4,2200,20.85,1100,0,147400
ESCORTS30JAN20620PE.NFO,07/01/2020,10:30:35,21.2,20.5,2200,20.9,2200,0,147400
ESCORTS30JAN20620PE.NFO,07/01/2020,10:31:06,21.2,20.5,3300,20.9,2200,0,147400
ESCORTS30JAN20620PE.NFO,07/01/2020,10:31:15,21.2,20.5,1100,20.9,2200,0,147400
ESCORTS30JAN20620PE.NFO,07/01/2020,10:31:19,20.5,19.8,2200,20.6,1100,2200,147400
ESCORTS30JAN20620PE.NFO,07/01/2020,10:31:22,20.5,19.8,3300,20.55,1100,0,147400
ESCORTS30JAN20620PE.NFO,07/01/2020,10:31:25,20.5,19.8,3300,20.6,3300,0,147400
ESCORTS30JAN20620PE.NFO,07/01/2020,10:31:28,20.5,20,4400,20.7,2200,0,147400
ESCORTS30JAN20620PE.NFO,07/01/2020,10:31:37,20.5,20,4400,20.65,1100,0,147400
ESCORTS30JAN20620PE.NFO,07/01/2020,10:31:44,20.5,20.1,3300,20.7,1100,0,147400
ESCORTS30JAN20620PE.NFO,07/01/2020,10:31:47,20.5,20.3,2200,20.7,1100,0,147400
ESCORTS30JAN20620PE.NFO,07/01/2020,10:31:52,20.5,20.3,2200,20.85,1100,0,147400
ESCORTS30JAN20620PE.NFO,07/01/2020,10:31:59,20.5,20.3,2200,20.9,2200,0,147400
ESCORTS30JAN20620PE.NFO,07/01/2020,10:32:04,20.5,20.4,2200,20.95,1100,0,147400
ESCORTS30JAN20620PE.NFO,07/01/2020,10:32:08,20.5,20.4,2200,20.9,2200,0,147400
ESCORTS30JAN20620PE.NFO,07/01/2020,10:32:12,20.5,20.55,1100,20.9,1100,0,147400
ESCORTS30JAN20620PE.NFO,07/01/2020,10:32:16,20.5,19.95,3300,20.85,1100,0,147400
ESCORTS30JAN20620PE.NFO,07/01/2020,10:32:21,20.5,20.05,3300,20.85,1100,0,147400
ESCORTS30JAN20620PE.NFO,07/01/2020,10:32:26,20.5,20.05,4400,20.8,2200,0,147400
ESCORTS30JAN20620PE.NFO,07/01/2020,10:32:30,20.5,20.3,1100,20.85,1100,0,147400
ESCORTS30JAN20620PE.NFO,07/01/2020,10:32:34,20.5,20.3,2200,20.85,1100,0,147400
ESCORTS30JAN20620PE.NFO,07/01/2020,10:32:38,20.5,20.5,1100,20.9,1100,0,147400
ESCORTS30JAN20620PE.NFO,07/01/2020,10:32:45,20.5,20.55,1100,20.9,1100,0,147400
ESCORTS30JAN20620PE.NFO,07/01/2020,10:32:49,20.5,19.8,3300,20.5,1100,1100,147400
ESCORTS30JAN20620PE.NFO,07/01/2020,10:32:52,20.5,19.8,3300,20.5,1100,0,147400
ESCORTS30JAN20620PE.NFO,07/01/2020,10:33:00,20.5,19.8,3300,20.5,2200,0,147400
ESCORTS30JAN20620PE.NFO,07/01/2020,10:33:06,20.5,19.8,4400,20.45,1100,0,147400
ESCORTS30JAN20620PE.NFO,07/01/2020,10:33:12,20.5,19.8,4400,20.55,1100,0,147400
ESCORTS30JAN20620PE.NFO,07/01/2020,10:33:14,20.5,19.8,4400,20.45,1100,0,147400
ESCORTS30JAN20620PE.NFO,07/01/2020,10:33:17,20.5,19.8,2200,20.35,1100,0,147400
ESCORTS30JAN20620PE.NFO,07/01/2020,10:33:22,20.5,19.8,2200,20.25,1100,0,147400
ESCORTS30JAN20620PE.NFO,07/01/2020,10:33:55,20.5,19.8,1100,20.3,1100,0,147400
ESCORTS30JAN20620PE.NFO,07/01/2020,10:33:58,20.5,19.5,3300,20.25,1100,0,147400
ESCORTS30JAN20620PE.NFO,07/01/2020,10:34:00,20.5,19.8,2200,20.3,2200,0,147400
ESCORTS30JAN20620PE.NFO,07/01/2020,10:34:04,20.5,19.8,2200,20.25,1100,0,147400
ESCORTS30JAN20620PE.NFO,07/01/2020,10:34:07,20.5,19.8,1100,20.45,1100,0,147400
ESCORTS30JAN20620PE.NFO,07/01/2020,10:34:12,20.5,19.3,4400,20.35,1100,0,147400
ESCORTS30JAN20620PE.NFO,07/01/2020,10:34:24,20.5,19.3,4400,20.2,1100,0,147400
ESCORTS30JAN20620PE.NFO,07/01/2020,10:35:54,20.5,19.3,4400,20.35,1100,0,147400
ESCORTS30JAN20620PE.NFO,07/01/2020,10:35:57,20.5,19.3,4400,20.25,1100,0,147400
ESCORTS30JAN20620PE.NFO,07/01/2020,10:36:06,20.5,19.3,4400,20.35,1100,0,147400
ESCORTS30JAN20620PE.NFO,07/01/2020,10:36:10,20.5,19.3,4400,20.25,1100,0,147400
ESCORTS30JAN20620PE.NFO,07/01/2020,10:37:22,20.5,19.3,4400,20.45,2200,0,147400
ESCORTS30JAN20620PE.NFO,07/01/2020,10:37:25,20.5,19.3,4400,20.4,1100,0,147400
ESCORTS30JAN20620PE.NFO,07/01/2020,10:37:48,20.5,19.55,3300,20.4,1100,0,147400
ESCORTS30JAN20620PE.NFO,07/01/2020,10:37:58,20.5,19.65,2200,20.4,1100,0,147400
ESCORTS30JAN20620PE.NFO,07/01/2020,10:38:05,20.5,19.5,3300,20.4,1100,0,147400
ESCORTS30JAN20620PE.NFO,07/01/2020,10:38:08,20.5,19.5,4400,20.4,1100,0,147400
ESCORTS30JAN20620PE.NFO,07/01/2020,10:39:05,20.5,19.5,4400,20.35,1100,0,147400
ESCORTS30JAN20620PE.NFO,07/01/2020,10:39:37,20.5,19.5,4400,20.4,2200,0,147400
ESCORTS30JAN20620PE.NFO,07/01/2020,10:39:40,20.5,19.5,4400,20.35,1100,0,147400
ESCORTS30JAN20620PE.NFO,07/01/2020,10:39:42,20.5,19.5,4400,20.4,2200,0,147400
ESCORTS30JAN20620PE.NFO,07/01/2020,10:39:58,20.5,19.5,6600,20.4,1100,0,147400
ESCORTS30JAN20620PE.NFO,07/01/2020,10:40:03,20.5,19.5,4400,20.4,2200,0,147400
ESCORTS30JAN20620PE.NFO,07/01/2020,10:40:07,20.5,19.5,4400,20.35,1100,0,147400
ESCORTS30JAN20620PE.NFO,07/01/2020,10:40:11,20.5,19.5,4400,20.55,1100,0,147400
ESCORTS30JAN20620PE.NFO,07/01/2020,10:40:14,20.5,19.5,4400,20.45,1100,0,147400
ESCORTS30JAN20620PE.NFO,07/01/2020,10:40:58,20.5,19.3,3300,20.15,2200,0,147400
ESCORTS30JAN20620PE.NFO,07/01/2020,10:41:02,20.5,19.3,3300,20.3,1100,0,147400
ESCORTS30JAN20620PE.NFO,07/01/2020,10:41:05,20.5,19.3,4400,20.3,1100,0,147400
ESCORTS30JAN20620PE.NFO,07/01/2020,10:42:06,20.5,19.3,4400,20.2,1100,0,147400
ESCORTS30JAN20620PE.NFO,07/01/2020,10:42:16,20.5,19.25,1100,19.95,1100,0,147400
ESCORTS30JAN20620PE.NFO,07/01/2020,10:42:18,20.5,18.8,8800,20,1100,0,147400
ESCORTS30JAN20620PE.NFO,07/01/2020,10:42:29,20.5,18.9,6600,20,1100,0,147400
ESCORTS30JAN20620PE.NFO,07/01/2020,10:42:56,20.5,19.05,4400,20,1100,0,147400
ESCORTS30JAN20620PE.NFO,07/01/2020,10:42:58,20.5,19.05,4400,20.2,1100,0,147400
ESCORTS30JAN20620PE.NFO,07/01/2020,10:43:00,20.5,19.05,4400,20.1,1100,0,147400
ESCORTS30JAN20620PE.NFO,07/01/2020,10:43:22,20.5,19.05,4400,20.2,1100,0,147400
ESCORTS30JAN20620PE.NFO,07/01/2020,10:43:36,20.5,19.05,4400,20.3,1100,0,147400
ESCORTS30JAN20620PE.NFO,07/01/2020,10:43:39,20.5,19.05,4400,20.35,2200,0,147400
ESCORTS30JAN20620PE.NFO,07/01/2020,10:43:46,20.5,19.05,4400,20.3,2200,0,147400
ESCORTS30JAN20620PE.NFO,07/01/2020,10:43:54,20.5,19.05,4400,20.3,1100,0,147400
ESCORTS30JAN20620PE.NFO,07/01/2020,10:44:50,20.5,19.15,4400,20.5,1100,0,147400
ESCORTS30JAN20620PE.NFO,07/01/2020,10:44:51,20.5,19.15,6600,20.5,1100,0,147400
ESCORTS30JAN20620PE.NFO,07/01/2020,10:45:05,20.5,19.15,8800,20.5,1100,0,147400
ESCORTS30JAN20620PE.NFO,07/01/2020,10:45:09,20.5,19.15,6600,20.5,1100,0,147400
ESCORTS30JAN20620PE.NFO,07/01/2020,10:45:21,20.5,19.15,4400,20.5,1100,0,147400
ESCORTS30JAN20620PE.NFO,07/01/2020,10:45:27,20.5,19.15,9900,20.6,1100,0,147400
ESCORTS30JAN20620PE.NFO,07/01/2020,10:45:30,20.5,19.15,9900,20.6,2200,0,147400
ESCORTS30JAN20620PE.NFO,07/01/2020,10:45:34,20.5,19.15,7700,20.6,1100,0,147400
ESCORTS30JAN20620PE.NFO,07/01/2020,10:45:39,20.5,19.15,9900,20.55,1100,0,147400
ESCORTS30JAN20620PE.NFO,07/01/2020,10:45:51,20.5,19.15,7700,20.55,1100,0,147400
ESCORTS30JAN20620PE.NFO,07/01/2020,10:46:15,20.5,19.15,6600,20.55,1100,0,147400
ESCORTS30JAN20620PE.NFO,07/01/2020,10:46:21,20.5,19.15,6600,20.55,2200,0,147400
ESCORTS30JAN20620PE.NFO,07/01/2020,10:46:24,20.5,19.15,12100,20.55,2200,0,147400
ESCORTS30JAN20620PE.NFO,07/01/2020,10:46:29,20.5,19.15,9900,20.55,2200,0,147400
ESCORTS30JAN20620PE.NFO,07/01/2020,10:46:40,20.5,19.15,7700,20.55,2200,0,147400
ESCORTS30JAN20620PE.NFO,07/01/2020,10:46:49,20.5,19.15,9900,20.55,2200,0,147400
ESCORTS30JAN20620PE.NFO,07/01/2020,10:46:52,20.5,19.15,7700,20.55,2200,0,147400
ESCORTS30JAN20620PE.NFO,07/01/2020,10:46:54,20.5,19.15,6600,20.55,2200,0,147400
ESCORTS30JAN20620PE.NFO,07/01/2020,10:47:15,20.5,19.15,2200,20.4,1100,0,147400
ESCORTS30JAN20620PE.NFO,07/01/2020,10:47:21,20.5,19.05,3300,20.3,1100,0,147400
ESCORTS30JAN20620PE.NFO,07/01/2020,10:47:25,20.5,19.25,1100,20.45,1100,0,147400
ESCORTS30JAN20620PE.NFO,07/01/2020,10:47:28,20.5,19.05,6600,20.45,1100,0,147400
ESCORTS30JAN20620PE.NFO,07/01/2020,10:47:46,20.5,19.05,8800,20.45,1100,0,147400
ESCORTS30JAN20620PE.NFO,07/01/2020,10:48:04,20.5,19.05,6600,20.45,1100,0,147400
ESCORTS30JAN20620PE.NFO,07/01/2020,10:48:15,20.5,19.05,8800,20.45,1100,0,147400
ESCORTS30JAN20620PE.NFO,07/01/2020,10:48:30,20.5,19.05,8800,20.4,1100,0,147400
ESCORTS30JAN20620PE.NFO,07/01/2020,10:48:35,20.5,19.05,13200,20.5,1100,0,147400
ESCORTS30JAN20620PE.NFO,07/01/2020,10:48:40,20.5,19.15,7700,20.5,1100,0,147400
ESCORTS30JAN20620PE.NFO,07/01/2020,10:48:55,20.5,20.15,1100,20.5,1100,0,147400
ESCORTS30JAN20620PE.NFO,07/01/2020,10:49:14,20.5,20.15,1100,20.65,2200,0,147400
ESCORTS30JAN20620PE.NFO,07/01/2020,10:49:17,20.5,20.15,1100,20.5,1100,0,147400
ESCORTS30JAN20620PE.NFO,07/01/2020,10:49:58,20.5,20.15,1100,20.6,1100,0,147400
ESCORTS30JAN20620PE.NFO,07/01/2020,10:50:34,20.5,19.7,2200,20.5,1100,0,147400
ESCORTS30JAN20620PE.NFO,07/01/2020,10:50:38,20.5,20,2200,20.8,1100,0,147400
ESCORTS30JAN20620PE.NFO,07/01/2020,10:50:42,20.5,20,2200,20.65,1100,0,147400
ESCORTS30JAN20620PE.NFO,07/01/2020,10:50:52,20.5,20,2200,20.7,1100,0,147400
ESCORTS30JAN20620PE.NFO,07/01/2020,10:50:56,20.5,20,2200,20.65,1100,0,147400
ESCORTS30JAN20620PE.NFO,07/01/2020,10:51:00,20.5,20,2200,20.7,1100,0,147400
ESCORTS30JAN20620PE.NFO,07/01/2020,10:51:43,20.5,20,2200,20.7,2200,0,147400
ESCORTS30JAN20620PE.NFO,07/01/2020,10:51:47,20.5,19.55,2200,20.5,1100,0,147400
ESCORTS30JAN20620PE.NFO,07/01/2020,10:51:51,20.5,19.75,2200,20.5,1100,0,147400
ESCORTS30JAN20620PE.NFO,07/01/2020,10:51:56,20.5,19.75,2200,20.65,2200,0,147400
ESCORTS30JAN20620PE.NFO,07/01/2020,10:52:06,20.5,19.75,2200,20.75,2200,0,147400
ESCORTS30JAN20620PE.NFO,07/01/2020,10:52:26,20.5,19.95,2200,20.85,1100,0,147400
ESCORTS30JAN20620PE.NFO,07/01/2020,10:52:31,20.5,20.3,2200,21.1,2200,0,147400
ESCORTS30JAN20620PE.NFO,07/01/2020,10:52:37,20.5,20.3,2200,21.05,2200,0,147400
ESCORTS30JAN20620PE.NFO,07/01/2020,10:52:58,20.5,20.3,2200,20.95,2200,0,147400
ESCORTS30JAN20620PE.NFO,07/01/2020,10:53:10,20.5,20.3,3300,21.1,2200,0,147400
ESCORTS30JAN20620PE.NFO,07/01/2020,10:53:15,20.5,20.3,3300,21.1,1100,0,147400
ESCORTS30JAN20620PE.NFO,07/01/2020,10:53:26,20.5,20.3,3300,21.1,2200,0,147400
ESCORTS30JAN20620PE.NFO,07/01/2020,10:53:31,20.5,20.4,2200,21.2,2200,0,147400
ESCORTS30JAN20620PE.NFO,07/01/2020,10:53:52,20.5,20.4,2200,21.2,1100,0,147400
ESCORTS30JAN20620PE.NFO,07/01/2020,10:54:04,20.5,20.8,2200,21.4,1100,0,147400
ESCORTS30JAN20620PE.NFO,07/01/2020,10:54:36,20.5,20.8,2200,21.5,2200,0,147400
ESCORTS30JAN20620PE.NFO,07/01/2020,10:54:41,20.5,21,1100,21.65,1100,0,147400
ESCORTS30JAN20620PE.NFO,07/01/2020,10:54:46,20.5,21.05,2200,21.55,1100,0,147400
ESCORTS30JAN20620PE.NFO,07/01/2020,10:54:55,20.5,21.05,2200,21.85,1100,0,147400
ESCORTS30JAN20620PE.NFO,07/01/2020,10:55:00,20.5,21.05,2200,21.85,2200,0,147400
ESCORTS30JAN20620PE.NFO,07/01/2020,10:55:10,20.5,21.05,2200,21.85,1100,0,147400
ESCORTS30JAN20620PE.NFO,07/01/2020,10:55:14,20.5,21.2,1100,21.85,1100,0,147400
ESCORTS30JAN20620PE.NFO,07/01/2020,10:55:19,20.5,21.3,2200,21.85,1100,0,147400
ESCORTS30JAN20620PE.NFO,07/01/2020,10:55:28,20.5,21.3,2200,21.95,1100,0,147400
ESCORTS30JAN20620PE.NFO,07/01/2020,10:55:33,20.5,21.3,2200,22.05,1100,0,147400
ESCORTS30JAN20620PE.NFO,07/01/2020,10:55:39,20.5,21.3,2200,21.95,1100,0,147400
ESCORTS30JAN20620PE.NFO,07/01/2020,10:55:49,20.5,21.3,2200,21.9,1100,0,147400
ESCORTS30JAN20620PE.NFO,07/01/2020,10:56:11,20.5,21.3,2200,21.75,1100,0,147400
ESCORTS30JAN20620PE.NFO,07/01/2020,10:56:21,20.5,21.3,2200,21.7,1100,0,147400
ESCORTS30JAN20620PE.NFO,07/01/2020,10:56:26,20.5,21.3,2200,21.75,1100,0,147400
ESCORTS30JAN20620PE.NFO,07/01/2020,10:56:31,20.5,21.4,1100,22,1100,0,147400
ESCORTS30JAN20620PE.NFO,07/01/2020,10:56:36,20.5,21.55,2200,22.1,1100,0,147400
ESCORTS30JAN20620PE.NFO,07/01/2020,10:56:52,20.5,21.55,2200,22.05,1100,0,147400
ESCORTS30JAN20620PE.NFO,07/01/2020,10:57:09,20.5,21.75,1100,22.25,1100,0,147400
ESCORTS30JAN20620PE.NFO,07/01/2020,10:57:15,20.5,21.7,1100,22.25,1100,0,147400
ESCORTS30JAN20620PE.NFO,07/01/2020,10:57:22,20.5,21.75,1100,22.25,1100,0,147400
ESCORTS30JAN20620PE.NFO,07/01/2020,10:57:35,20.5,21.75,1100,22.1,1100,0,147400
ESCORTS30JAN20620PE.NFO,07/01/2020,10:57:40,21.7,21.65,1100,22.1,2200,1100,147400
ESCORTS30JAN20620PE.NFO,07/01/2020,10:57:40,21.7,21.65,1100,22.1,2200,0,147400
ESCORTS30JAN20620PE.NFO,07/01/2020,10:57:45,21.7,21.75,1100,22.2,1100,0,147400
ESCORTS30JAN20620PE.NFO,07/01/2020,10:57:55,21.7,21.6,1100,22.15,2200,0,147400
ESCORTS30JAN20620PE.NFO,07/01/2020,10:58:08,21.7,21.65,2200,22.15,2200,0,147400
ESCORTS30JAN20620PE.NFO,07/01/2020,10:58:17,21.7,21.65,2200,22.1,1100,0,147400
ESCORTS30JAN20620PE.NFO,07/01/2020,10:58:22,21.7,21.65,2200,22.1,2200,0,147400
ESCORTS30JAN20620PE.NFO,07/01/2020,10:58:27,21.7,21.65,2200,22.1,1100,0,147400
ESCORTS30JAN20620PE.NFO,07/01/2020,10:58:48,22.1,21.85,1100,22.5,1100,1100,147400
ESCORTS30JAN20620PE.NFO,07/01/2020,10:58:48,22.1,21.85,1100,22.5,1100,0,147400
ESCORTS30JAN20620PE.NFO,07/01/2020,10:58:54,22.1,21.8,1100,22.4,2200,0,147400
ESCORTS30JAN20620PE.NFO,07/01/2020,10:58:58,22.1,21.85,2200,22.5,1100,0,147400
ESCORTS30JAN20620PE.NFO,07/01/2020,10:59:21,22.1,21.85,2200,22.45,2200,0,147400
ESCORTS30JAN20620PE.NFO,07/01/2020,10:59:31,22.1,21.8,1100,22.3,1100,0,147400
ESCORTS30JAN20620PE.NFO,07/01/2020,10:59:37,22.1,21.85,1100,22.3,1100,0,147400
ESCORTS30JAN20620PE.NFO,07/01/2020,10:59:42,22.1,21.8,1100,22.3,1100,0,147400
ESCORTS30JAN20620PE.NFO,07/01/2020,10:59:48,22.1,21.85,1100,22.3,1100,0,147400
ESCORTS30JAN20620PE.NFO,07/01/2020,10:59:58,22.1,21.75,1100,22.3,1100,0,147400
ESCORTS30JAN20620PE.NFO,07/01/2020,11:00:03,22.1,21.75,1100,22.3,2200,0,147400
ESCORTS30JAN20620PE.NFO,07/01/2020,11:00:10,22.1,21.8,1100,22.45,1100,0,147400
ESCORTS30JAN20620PE.NFO,07/01/2020,11:00:16,22.1,21.9,1100,22.6,1100,0,147400
ESCORTS30JAN20620PE.NFO,07/01/2020,11:00:28,22.1,22,1100,22.6,1100,0,147400
ESCORTS30JAN20620PE.NFO,07/01/2020,11:00:48,22.1,22.1,1100,22.6,1100,0,147400
ESCORTS30JAN20620PE.NFO,07/01/2020,11:00:54,22.1,22.2,1100,23.65,2200,0,147400
ESCORTS30JAN20620PE.NFO,07/01/2020,11:01:01,22.1,22.3,2200,23.4,2200,0,147400
ESCORTS30JAN20620PE.NFO,07/01/2020,11:01:09,22.1,22.7,1100,23.3,1100,0,147400
ESCORTS30JAN20620PE.NFO,07/01/2020,11:01:17,22.1,22.7,1100,23.4,2200,0,147400
ESCORTS30JAN20620PE.NFO,07/01/2020,11:01:23,22.1,22.55,1100,23.4,2200,0,147400
ESCORTS30JAN20620PE.NFO,07/01/2020,11:01:37,22.1,22.65,1100,23.55,2200,0,147400
ESCORTS30JAN20620PE.NFO,07/01/2020,11:01:44,22.1,22.65,1100,23.3,2200,0,147400
ESCORTS30JAN20620PE.NFO,07/01/2020,11:01:51,22.1,22.5,1100,23.1,1100,0,147400
ESCORTS30JAN20620PE.NFO,07/01/2020,11:01:58,22.1,22.5,1100,23.25,1100,0,147400
ESCORTS30JAN20620PE.NFO,07/01/2020,11:02:11,22.1,22.45,1100,23.15,2200,0,147400
ESCORTS30JAN20620PE.NFO,07/01/2020,11:02:18,22.1,22.35,1100,22.95,1100,0,147400
ESCORTS30JAN20620PE.NFO,07/01/2020,11:02:24,22.1,22.35,1100,23.1,2200,0,147400
ESCORTS30JAN20620PE.NFO,07/01/2020,11:02:30,22.1,22.45,1100,23.45,1100,0,147400
ESCORTS30JAN20620PE.NFO,07/01/2020,11:02:37,22.1,22.45,1100,23.2,1100,0,147400
ESCORTS30JAN20620PE.NFO,07/01/2020,11:02:42,22.1,22.45,1100,23,1100,0,147400
ESCORTS30JAN20620PE.NFO,07/01/2020,11:02:48,22.1,22.45,1100,23.3,1100,0,147400
ESCORTS30JAN20620PE.NFO,07/01/2020,11:02:54,22.1,22.55,1100,23.15,1100,0,147400
ESCORTS30JAN20620PE.NFO,07/01/2020,11:02:59,22.1,22.55,1100,23.15,2200,0,147400
ESCORTS30JAN20620PE.NFO,07/01/2020,11:03:05,22.1,22.55,1100,23.15,1100,0,147400
ESCORTS30JAN20620PE.NFO,07/01/2020,11:03:12,23.2,22.75,1100,23.2,1100,1100,146300
ESCORTS30JAN20620PE.NFO,07/01/2020,11:03:12,23.2,22.75,1100,23.2,1100,0,146300
ESCORTS30JAN20620PE.NFO,07/01/2020,11:03:18,23.2,22.75,1100,23.2,1100,0,146300
ESCORTS30JAN20620PE.NFO,07/01/2020,11:03:23,23.2,22.65,1100,23.2,2200,0,146300
ESCORTS30JAN20620PE.NFO,07/01/2020,11:03:28,23.2,22.6,1100,23.2,1100,0,146300
ESCORTS30JAN20620PE.NFO,07/01/2020,11:03:33,23.2,22.75,1100,23.2,1100,0,146300
ESCORTS30JAN20620PE.NFO,07/01/2020,11:03:39,23.2,23.05,1100,23.6,1100,1100,146300
ESCORTS30JAN20620PE.NFO,07/01/2020,11:03:45,23.2,23.3,1100,23.75,1100,0,146300
ESCORTS30JAN20620PE.NFO,07/01/2020,11:03:52,23.25,22.9,1100,23.75,1100,2200,146300
ESCORTS30JAN20620PE.NFO,07/01/2020,11:03:52,23.3,22.9,1100,23.75,1100,0,146300
ESCORTS30JAN20620PE.NFO,07/01/2020,11:03:57,23.25,22.9,1100,23.85,1100,0,146300
ESCORTS30JAN20620PE.NFO,07/01/2020,11:04:03,23.25,23.1,1100,23.95,1100,0,146300
ESCORTS30JAN20620PE.NFO,07/01/2020,11:04:09,23.25,23.1,1100,23.85,1100,0,146300
ESCORTS30JAN20620PE.NFO,07/01/2020,11:04:15,23.25,22.7,1100,23.85,1100,0,146300
ESCORTS30JAN20620PE.NFO,07/01/2020,11:04:21,23.25,22.7,1100,23.75,1100,0,146300
ESCORTS30JAN20620PE.NFO,07/01/2020,11:04:26,23.25,22.8,1100,23.85,1100,0,146300
ESCORTS30JAN20620PE.NFO,07/01/2020,11:04:32,23.25,22.9,1100,24.05,2200,0,146300
ESCORTS30JAN20620PE.NFO,07/01/2020,11:04:38,23.25,23,1100,24.2,2200,0,146300
ESCORTS30JAN20620PE.NFO,07/01/2020,11:04:44,23.25,23,1100,24.1,2200,0,146300
ESCORTS30JAN20620PE.NFO,07/01/2020,11:04:50,23.25,23,1100,23.85,2200,0,146300
ESCORTS30JAN20620PE.NFO,07/01/2020,11:04:56,23.25,22.55,4400,23.8,1100,0,146300
ESCORTS30JAN20620PE.NFO,07/01/2020,11:05:01,23.25,22.95,1100,24.15,1100,0,146300
ESCORTS30JAN20620PE.NFO,07/01/2020,11:05:07,23.25,22.8,2200,24.15,1100,0,146300
ESCORTS30JAN20620PE.NFO,07/01/2020,11:05:18,23.25,22.8,3300,24.15,1100,0,146300
ESCORTS30JAN20620PE.NFO,07/01/2020,11:05:24,23.25,22.8,3300,24.1,1100,0,146300
ESCORTS30JAN20620PE.NFO,07/01/2020,11:05:28,23.25,22.8,3300,24.25,1100,0,146300
ESCORTS30JAN20620PE.NFO,07/01/2020,11:05:34,23.25,23.1,1100,23.85,2200,0,146300
ESCORTS30JAN20620PE.NFO,07/01/2020,11:05:39,23.25,23.05,2200,24,1100,0,146300
ESCORTS30JAN20620PE.NFO,07/01/2020,11:05:44,23.25,22.75,1100,23.8,1100,0,146300
ESCORTS30JAN20620PE.NFO,07/01/2020,11:05:50,23.25,23,2200,23.8,1100,0,146300
ESCORTS30JAN20620PE.NFO,07/01/2020,11:05:56,23.25,22.95,1100,23.75,2200,0,146300
ESCORTS30JAN20620PE.NFO,07/01/2020,11:06:02,23.25,22.9,1100,23.6,1100,0,146300
ESCORTS30JAN20620PE.NFO,07/01/2020,11:06:08,23.25,22.8,1100,23.6,1100,0,146300
ESCORTS30JAN20620PE.NFO,07/01/2020,11:06:15,23.25,23.2,1100,23.9,1100,0,146300
ESCORTS30JAN20620PE.NFO,07/01/2020,11:06:21,23.25,23.1,1100,23.95,1100,0,146300
ESCORTS30JAN20620PE.NFO,07/01/2020,11:06:28,23.25,22.95,1100,23.95,1100,0,146300
ESCORTS30JAN20620PE.NFO,07/01/2020,11:06:33,23.25,23.2,1100,23.95,1100,0,146300
ESCORTS30JAN20620PE.NFO,07/01/2020,11:06:37,23.25,23.3,2200,23.95,1100,0,146300
ESCORTS30JAN20620PE.NFO,07/01/2020,11:06:41,23.25,23.45,1100,24.2,1100,0,146300
ESCORTS30JAN20620PE.NFO,07/01/2020,11:06:47,23.25,23.25,1100,24.05,1100,0,146300
ESCORTS30JAN20620PE.NFO,07/01/2020,11:06:53,23.25,23.45,2200,24.1,1100,0,146300
ESCORTS30JAN20620PE.NFO,07/01/2020,11:06:58,23.25,22.9,2200,24,1100,0,146300
ESCORTS30JAN20620PE.NFO,07/01/2020,11:07:04,23.25,22.7,1100,24.5,3300,0,146300
ESCORTS30JAN20620PE.NFO,07/01/2020,11:07:09,23.25,23,1100,24.05,1100,0,146300
ESCORTS30JAN20620PE.NFO,07/01/2020,11:07:14,23.25,23.1,1100,24.05,1100,0,146300
ESCORTS30JAN20620PE.NFO,07/01/2020,11:07:19,23.25,22.75,1100,24.05,1100,0,146300
ESCORTS30JAN20620PE.NFO,07/01/2020,11:07:24,23.25,23.05,2200,24,1100,0,146300
ESCORTS30JAN20620PE.NFO,07/01/2020,11:07:43,23.25,23.15,1100,24.15,1100,0,146300
ESCORTS30JAN20620PE.NFO,07/01/2020,11:07:48,23.25,23.15,2200,24.25,1100,0,146300
ESCORTS30JAN20620PE.NFO,07/01/2020,11:07:56,23.25,23.15,2200,24.25,2200,0,146300
ESCORTS30JAN20620PE.NFO,07/01/2020,11:08:01,23.25,23.15,2200,24.2,1100,0,146300
ESCORTS30JAN20620PE.NFO,07/01/2020,11:08:05,23.25,23.15,2200,24.35,2200,0,146300
ESCORTS30JAN20620PE.NFO,07/01/2020,11:08:12,23.25,22.75,1100,24.25,1100,0,146300
ESCORTS30JAN20620PE.NFO,07/01/2020,11:08:13,23.25,22.85,1100,24.25,1100,0,146300
ESCORTS30JAN20620PE.NFO,07/01/2020,11:08:14,23.25,23.05,1100,24.25,1100,0,146300
ESCORTS30JAN20620PE.NFO,07/01/2020,11:08:17,23.25,23.05,2200,24.15,1100,0,146300
ESCORTS30JAN20620PE.NFO,07/01/2020,11:08:19,23.25,23.05,2200,24.25,1100,0,146300
ESCORTS30JAN20620PE.NFO,07/01/2020,11:08:24,23.25,23.05,2200,24.35,1100,0,146300
ESCORTS30JAN20620PE.NFO,07/01/2020,11:08:25,23.25,23.05,2200,24.3,2200,0,146300
ESCORTS30JAN20620PE.NFO,07/01/2020,11:08:27,23.25,23.05,2200,24.25,1100,0,146300
ESCORTS30JAN20620PE.NFO,07/01/2020,11:08:31,23.25,23.05,2200,24.05,1100,0,146300
ESCORTS30JAN20620PE.NFO,07/01/2020,11:08:37,23.25,23.05,2200,24.15,1100,0,146300
ESCORTS30JAN20620PE.NFO,07/01/2020,11:08:38,23.25,23.05,2200,24.05,1100,0,146300
ESCORTS30JAN20620PE.NFO,07/01/2020,11:08:39,23.25,23.05,2200,24.15,1100,0,146300
ESCORTS30JAN20620PE.NFO,07/01/2020,11:08:44,23.25,23.25,1100,24.4,1100,0,146300
ESCORTS30JAN20620PE.NFO,07/01/2020,11:08:45,23.25,23.25,2200,24.4,2200,0,146300
ESCORTS30JAN20620PE.NFO,07/01/2020,11:08:48,23.25,23.25,2200,24.35,1100,0,146300
ESCORTS30JAN20620PE.NFO,07/01/2020,11:08:49,23.25,23.35,1100,24.25,1100,0,146300
ESCORTS30JAN20620PE.NFO,07/01/2020,11:08:50,23.25,23.4,1100,24.3,1100,0,146300
ESCORTS30JAN20620PE.NFO,07/01/2020,11:08:51,23.25,22.7,2200,24.35,1100,0,146300
ESCORTS30JAN20620PE.NFO,07/01/2020,11:08:52,23.25,22.9,1100,24.3,1100,0,146300
ESCORTS30JAN20620PE.NFO,07/01/2020,11:08:53,23.25,23,1100,24.3,1100,0,146300
ESCORTS30JAN20620PE.NFO,07/01/2020,11:08:54,23.25,23.1,1100,24.3,1100,0,146300
ESCORTS30JAN20620PE.NFO,07/01/2020,11:08:55,23.25,23.2,1100,24.3,1100,0,146300
ESCORTS30JAN20620PE.NFO,07/01/2020,11:08:56,23.25,23.3,1100,24.35,1100,0,146300
ESCORTS30JAN20620PE.NFO,07/01/2020,11:08:57,23.25,23.3,2200,24.4,1100,0,146300
ESCORTS30JAN20620PE.NFO,07/01/2020,11:09:00,23.25,23.3,2200,24.35,1100,0,146300
ESCORTS30JAN20620PE.NFO,07/01/2020,11:09:01,23.25,23.3,1100,24.1,1100,0,146300
ESCORTS30JAN20620PE.NFO,07/01/2020,11:09:02,23.25,22.6,2200,24.05,1100,0,146300
ESCORTS30JAN20620PE.NFO,07/01/2020,11:09:03,23.25,22.8,1100,24.15,1100,0,146300
ESCORTS30JAN20620PE.NFO,07/01/2020,11:09:04,23.25,22.9,1100,24.15,1100,0,146300
ESCORTS30JAN20620PE.NFO,07/01/2020,11:09:06,23.25,22.9,2200,24.15,1100,0,146300
ESCORTS30JAN20620PE.NFO,07/01/2020,11:09:07,23.25,23,1100,24.15,1100,0,146300
ESCORTS30JAN20620PE.NFO,07/01/2020,11:09:09,23.25,23.05,2200,24.2,1100,0,146300
ESCORTS30JAN20620PE.NFO,07/01/2020,11:09:17,23.25,23.05,2200,24.15,1100,0,146300
ESCORTS30JAN20620PE.NFO,07/01/2020,11:09:26,23.25,23.05,2200,24.25,1100,0,146300
ESCORTS30JAN20620PE.NFO,07/01/2020,11:09:35,23.25,23.05,2200,24.15,1100,0,146300
ESCORTS30JAN20620PE.NFO,07/01/2020,11:09:39,23.25,23.45,1100,24.3,1100,0,146300
ESCORTS30JAN20620PE.NFO,07/01/2020,11:09:43,23.25,23.15,1100,24.25,1100,0,146300
ESCORTS30JAN20620PE.NFO,07/01/2020,11:09:47,23.25,23.45,2200,24.3,2200,0,146300
ESCORTS30JAN20620PE.NFO,07/01/2020,11:09:51,23.25,22.8,2200,24.25,1100,0,146300
ESCORTS30JAN20620PE.NFO,07/01/2020,11:09:54,23.25,22.8,3300,24.25,1100,0,146300
ESCORTS30JAN20620PE.NFO,07/01/2020,11:09:58,23.25,22.8,3300,24.2,1100,0,146300
ESCORTS30JAN20620PE.NFO,07/01/2020,11:10:02,23.25,22.8,5500,24.1,1100,0,146300
ESCORTS30JAN20620PE.NFO,07/01/2020,11:10:06,23.25,23.2,1100,24.2,1100,0,146300
ESCORTS30JAN20620PE.NFO,07/01/2020,11:10:11,23.25,23.5,1100,24.25,1100,0,146300
ESCORTS30JAN20620PE.NFO,07/01/2020,11:10:20,23.25,23.15,1100,24.15,2200,0,146300
ESCORTS30JAN20620PE.NFO,07/01/2020,11:10:24,23.25,23.45,1100,24.15,1100,0,146300
ESCORTS30JAN20620PE.NFO,07/01/2020,11:10:28,23.25,22.75,4400,24.15,2200,0,146300
ESCORTS30JAN20620PE.NFO,07/01/2020,11:10:32,23.25,23.05,1100,24.1,1100,0,146300
ESCORTS30JAN20620PE.NFO,07/01/2020,11:10:35,25,24.2,1100,24.95,1100,2200,146300
ESCORTS30JAN20620PE.NFO,07/01/2020,11:10:35,25,24.2,1100,24.95,1100,0,146300
ESCORTS30JAN20620PE.NFO,07/01/2020,11:10:40,25,24.3,2200,24.95,1100,0,146300
ESCORTS30JAN20620PE.NFO,07/01/2020,11:10:47,25,24.3,2200,24.8,1100,0,146300
ESCORTS30JAN20620PE.NFO,07/01/2020,11:10:55,25,24.3,2200,24.7,1100,0,146300
ESCORTS30JAN20620PE.NFO,07/01/2020,11:10:58,25,24.3,2200,24.65,1100,0,146300
ESCORTS30JAN20620PE.NFO,07/01/2020,11:11:01,25,24.3,2200,24.7,1100,0,146300
ESCORTS30JAN20620PE.NFO,07/01/2020,11:11:14,25,24.3,2200,24.8,2200,0,146300
ESCORTS30JAN20620PE.NFO,07/01/2020,11:11:27,25,24.3,2200,25,3300,0,146300
ESCORTS30JAN20620PE.NFO,07/01/2020,11:11:34,25,24.55,2200,25,3300,0,146300
ESCORTS30JAN20620PE.NFO,07/01/2020,11:11:46,25,24.55,2200,25,2200,0,146300
ESCORTS30JAN20620PE.NFO,07/01/2020,11:11:52,25,24.55,2200,25,3300,0,146300
ESCORTS30JAN20620PE.NFO,07/01/2020,11:12:05,25,24.8,2200,25,2200,0,146300
ESCORTS30JAN20620PE.NFO,07/01/2020,11:12:20,25,24.75,2200,25,1100,1100,145200
ESCORTS30JAN20620PE.NFO,07/01/2020,11:12:26,25,24.7,2200,25,1100,0,145200
ESCORTS30JAN20620PE.NFO,07/01/2020,11:12:40,25,24.75,1100,25,1100,0,145200
ESCORTS30JAN20620PE.NFO,07/01/2020,11:12:45,25,24.8,1100,25,1100,0,145200
ESCORTS30JAN20620PE.NFO,07/01/2020,11:13:09,25,24.8,2200,25,1100,0,145200
ESCORTS30JAN20620PE.NFO,07/01/2020,11:13:22,25,24.45,1100,25,1100,0,145200
ESCORTS30JAN20620PE.NFO,07/01/2020,11:13:27,24.5,23.8,2200,25.35,2200,1100,145200
ESCORTS30JAN20620PE.NFO,07/01/2020,11:13:33,24.5,24.15,5500,25.25,1100,0,145200
ESCORTS30JAN20620PE.NFO,07/01/2020,11:13:40,24.5,24,2200,25.25,1100,0,145200
ESCORTS30JAN20620PE.NFO,07/01/2020,11:13:57,24.5,24.2,1100,25.25,1100,0,145200
ESCORTS30JAN20620PE.NFO,07/01/2020,11:14:02,24.5,24.3,2200,25.25,1100,0,145200
ESCORTS30JAN20620PE.NFO,07/01/2020,11:14:20,24.5,24,1100,25.05,1100,0,145200
ESCORTS30JAN20620PE.NFO,07/01/2020,11:14:26,24.5,24.05,2200,25.05,1100,0,145200
ESCORTS30JAN20620PE.NFO,07/01/2020,11:14:30,24.5,24.2,1100,25.25,1100,0,145200
ESCORTS30JAN20620PE.NFO,07/01/2020,11:14:36,24.5,24.35,2200,25.2,1100,0,145200
ESCORTS30JAN20620PE.NFO,07/01/2020,11:14:40,24.5,24.5,1100,25.35,2200,1100,141900
ESCORTS30JAN20620PE.NFO,07/01/2020,11:14:45,24.5,24.55,2200,25.35,1100,0,141900
ESCORTS30JAN20620PE.NFO,07/01/2020,11:14:55,24.5,23.95,2200,25.25,1100,0,141900
ESCORTS30JAN20620PE.NFO,07/01/2020,11:15:00,24.5,24.15,1100,25.25,1100,0,141900
ESCORTS30JAN20620PE.NFO,07/01/2020,11:15:07,25.25,24.55,2200,25.85,1100,1100,141900
ESCORTS30JAN20620PE.NFO,07/01/2020,11:15:07,25.25,24.55,2200,25.85,1100,0,141900
ESCORTS30JAN20620PE.NFO,07/01/2020,11:15:13,25.25,24.55,2200,25.85,1100,0,141900
ESCORTS30JAN20620PE.NFO,07/01/2020,11:15:24,25.25,24.55,2200,25.9,1100,0,141900
ESCORTS30JAN20620PE.NFO,07/01/2020,11:15:29,25.25,24.55,2200,25.8,1100,0,141900
ESCORTS30JAN20620PE.NFO,07/01/2020,11:15:52,25.25,24.65,2200,25.65,1100,0,141900
ESCORTS30JAN20620PE.NFO,07/01/2020,11:15:57,25.25,24.75,1100,25.8,1100,0,141900
ESCORTS30JAN20620PE.NFO,07/01/2020,11:16:04,25.25,24.75,2200,25.8,1100,0,141900
ESCORTS30JAN20620PE.NFO,07/01/2020,11:16:22,25.25,24.75,2200,25.7,1100,0,141900
ESCORTS30JAN20620PE.NFO,07/01/2020,11:16:28,25.25,24.75,2200,25.8,1100,0,141900
ESCORTS30JAN20620PE.NFO,07/01/2020,11:16:38,25.25,24.75,2200,25.65,1100,0,141900
ESCORTS30JAN20620PE.NFO,07/01/2020,11:16:53,25.25,24.95,1100,25.8,1100,0,141900
ESCORTS30JAN20620PE.NFO,07/01/2020,11:17:00,25.25,24.85,1100,25.85,2200,0,141900
ESCORTS30JAN20620PE.NFO,07/01/2020,11:17:05,25.25,25,2200,25.85,2200,0,141900
ESCORTS30JAN20620PE.NFO,07/01/2020,11:17:10,25.25,25,2200,26.25,2200,0,141900
ESCORTS30JAN20620PE.NFO,07/01/2020,11:17:14,25.25,25,2200,25.8,1100,0,141900
ESCORTS30JAN20620PE.NFO,07/01/2020,11:17:20,25.25,24.65,3300,25.8,2200,0,141900
ESCORTS30JAN20620PE.NFO,07/01/2020,11:17:24,25.25,25,1100,25.75,1100,0,141900
ESCORTS30JAN20620PE.NFO,07/01/2020,11:17:29,25.25,24.75,1100,25.65,1100,0,141900
ESCORTS30JAN20620PE.NFO,07/01/2020,11:17:34,25.25,24.2,6600,25.6,2200,0,141900
ESCORTS30JAN20620PE.NFO,07/01/2020,11:17:40,25.25,24.8,2200,25.6,1100,0,141900
ESCORTS30JAN20620PE.NFO,07/01/2020,11:17:45,25.25,24.55,2200,25.6,1100,0,141900
ESCORTS30JAN20620PE.NFO,07/01/2020,11:17:51,25.25,24.9,2200,25.7,2200,0,141900
ESCORTS30JAN20620PE.NFO,07/01/2020,11:17:56,25.25,24.9,2200,25.7,1100,0,141900
ESCORTS30JAN20620PE.NFO,07/01/2020,11:18:00,25.25,24.9,2200,25.95,3300,0,141900
ESCORTS30JAN20620PE.NFO,07/01/2020,11:18:05,25.25,25,1100,25.85,2200,0,141900
ESCORTS30JAN20620PE.NFO,07/01/2020,11:18:11,25.25,24.9,1100,25.8,2200,0,141900
ESCORTS30JAN20620PE.NFO,07/01/2020,11:18:15,25.25,24.95,2200,25.8,3300,0,141900
ESCORTS30JAN20620PE.NFO,07/01/2020,11:18:19,25.25,25.05,2200,25.85,1100,0,141900
ESCORTS30JAN20620PE.NFO,07/01/2020,11:18:24,25.25,24.9,2200,25.85,2200,0,141900
ESCORTS30JAN20620PE.NFO,07/01/2020,11:18:28,25.25,24.85,1100,25.8,1100,0,141900
ESCORTS30JAN20620PE.NFO,07/01/2020,11:18:33,25.25,24.2,4400,25.65,1100,0,141900
ESCORTS30JAN20620PE.NFO,07/01/2020,11:18:39,25.25,24.75,2200,25.7,1100,0,141900
ESCORTS30JAN20620PE.NFO,07/01/2020,11:18:45,25.25,24.75,2200,25.6,1100,0,141900
ESCORTS30JAN20620PE.NFO,07/01/2020,11:18:51,25.25,24.35,3300,25.55,1100,0,141900
ESCORTS30JAN20620PE.NFO,07/01/2020,11:18:56,25.25,24.7,2200,25.55,2200,0,141900
ESCORTS30JAN20620PE.NFO,07/01/2020,11:19:02,25.25,24.35,2200,25.5,2200,0,141900
ESCORTS30JAN20620PE.NFO,07/01/2020,11:19:08,25.25,24.05,3300,25.6,3300,0,141900
ESCORTS30JAN20620PE.NFO,07/01/2020,11:19:13,25.25,24.55,1100,25.5,3300,0,141900
ESCORTS30JAN20620PE.NFO,07/01/2020,11:19:21,25.25,25.2,2200,26.15,1100,0,141900
ESCORTS30JAN20620PE.NFO,07/01/2020,11:19:29,25.25,25.1,1100,26,1100,0,141900
ESCORTS30JAN20620PE.NFO,07/01/2020,11:19:37,25.25,24.85,1100,25.75,1100,0,141900
ESCORTS30JAN20620PE.NFO,07/01/2020,11:19:43,25.25,24.4,3300,25.55,1100,0,141900
ESCORTS30JAN20620PE.NFO,07/01/2020,11:19:49,25.25,23.95,9900,25.5,2200,0,141900
ESCORTS30JAN20620PE.NFO,07/01/2020,11:19:54,25.25,24.45,3300,25.55,1100,0,141900
ESCORTS30JAN20620PE.NFO,07/01/2020,11:19:59,25.25,24.1,4400,25.45,1100,0,141900
ESCORTS30JAN20620PE.NFO,07/01/2020,11:20:03,25.25,24.6,3300,25.6,2200,0,141900
ESCORTS30JAN20620PE.NFO,07/01/2020,11:20:09,25.25,24.2,3300,25.5,1100,0,141900
ESCORTS30JAN20620PE.NFO,07/01/2020,11:20:14,25.25,24.65,1100,25.45,1100,0,141900
ESCORTS30JAN20620PE.NFO,07/01/2020,11:20:19,25.25,24.65,1100,25.45,2200,0,141900
ESCORTS30JAN20620PE.NFO,07/01/2020,11:20:24,25.25,24.65,1100,25.3,1100,0,141900
ESCORTS30JAN20620PE.NFO,07/01/2020,11:20:28,25.25,24.3,1100,25.15,1100,0,141900
ESCORTS30JAN20620PE.NFO,07/01/2020,11:20:33,25.25,24.45,2200,25.3,3300,0,141900
ESCORTS30JAN20620PE.NFO,07/01/2020,11:20:38,25.25,23.9,3300,25.1,1100,0,141900
ESCORTS30JAN20620PE.NFO,07/01/2020,11:20:43,25.25,24.25,1100,25,2200,0,141900
ESCORTS30JAN20620PE.NFO,07/01/2020,11:20:49,25.25,23.55,4400,24.8,1100,0,141900
ESCORTS30JAN20620PE.NFO,07/01/2020,11:20:55,25.25,23.85,3300,24.9,1100,0,141900
ESCORTS30JAN20620PE.NFO,07/01/2020,11:21:01,25.25,24.15,1100,24.95,1100,0,141900
ESCORTS30JAN20620PE.NFO,07/01/2020,11:21:10,25.25,24.15,1100,24.95,2200,0,141900
ESCORTS30JAN20620PE.NFO,07/01/2020,11:21:15,25.25,23.65,3300,24.75,1100,0,141900
ESCORTS30JAN20620PE.NFO,07/01/2020,11:21:19,25.25,23.9,2200,24.75,1100,0,141900
ESCORTS30JAN20620PE.NFO,07/01/2020,11:21:23,25.25,23.65,3300,24.65,1100,0,141900
ESCORTS30JAN20620PE.NFO,07/01/2020,11:21:27,25.25,23.7,1100,24.75,1100,0,141900
ESCORTS30JAN20620PE.NFO,07/01/2020,11:21:33,25.25,23.5,6600,24.85,1100,0,141900
ESCORTS30JAN20620PE.NFO,07/01/2020,11:21:39,25.25,24.1,1100,24.95,1100,0,141900
ESCORTS30JAN20620PE.NFO,07/01/2020,11:21:44,25.25,23.95,1100,24.95,2200,0,141900
ESCORTS30JAN20620PE.NFO,07/01/2020,11:21:48,25.25,23.9,1100,24.75,1100,0,141900
ESCORTS30JAN20620PE.NFO,07/01/2020,11:21:52,25.25,24.1,1100,24.85,2200,0,141900
ESCORTS30JAN20620PE.NFO,07/01/2020,11:22:00,25.25,24.1,1100,24.8,1100,0,141900
ESCORTS30JAN20620PE.NFO,07/01/2020,11:22:08,25.25,24.1,1100,24.8,2200,0,141900
ESCORTS30JAN20620PE.NFO,07/01/2020,11:22:16,25.25,23.45,7700,24.8,2200,0,141900
ESCORTS30JAN20620PE.NFO,07/01/2020,11:22:20,25.25,23.85,1100,24.75,1100,0,141900
ESCORTS30JAN20620PE.NFO,07/01/2020,11:22:29,25.25,23.75,1100,24.7,1100,0,141900
ESCORTS30JAN20620PE.NFO,07/01/2020,11:22:33,25.25,23.4,14300,24.85,1100,0,141900
ESCORTS30JAN20620PE.NFO,07/01/2020,11:22:38,25.25,24.15,1100,25.05,1100,0,141900
ESCORTS30JAN20620PE.NFO,07/01/2020,11:22:42,25.25,24.05,1100,25.05,2200,0,141900
ESCORTS30JAN20620PE.NFO,07/01/2020,11:22:49,25.25,24.05,1100,25,1100,0,141900
ESCORTS30JAN20620PE.NFO,07/01/2020,11:22:53,25.25,23.75,2200,24.85,1100,0,141900
ESCORTS30JAN20620PE.NFO,07/01/2020,11:22:57,25.25,23.55,1100,24.75,1100,0,141900
ESCORTS30JAN20620PE.NFO,07/01/2020,11:23:02,25.25,23.8,1100,24.7,1100,0,141900
ESCORTS30JAN20620PE.NFO,07/01/2020,11:23:12,25.25,23.9,1100,24.85,2200,0,141900
ESCORTS30JAN20620PE.NFO,07/01/2020,11:23:17,25.25,24,1100,24.8,2200,0,141900
ESCORTS30JAN20620PE.NFO,07/01/2020,11:23:21,25.25,23.85,1100,24.65,1100,0,141900
ESCORTS30JAN20620PE.NFO,07/01/2020,11:23:25,25.25,23.6,3300,24.65,1100,0,141900
ESCORTS30JAN20620PE.NFO,07/01/2020,11:23:29,25.25,23.85,1100,24.7,1100,0,141900
ESCORTS30JAN20620PE.NFO,07/01/2020,11:23:34,25.25,23.85,1100,24.65,2200,0,141900
ESCORTS30JAN20620PE.NFO,07/01/2020,11:23:38,25.25,23.35,3300,24.35,1100,0,141900
ESCORTS30JAN20620PE.NFO,07/01/2020,11:23:43,25.25,23.5,1100,24.4,2200,0,141900
ESCORTS30JAN20620PE.NFO,07/01/2020,11:23:47,25.25,23.6,1100,24.45,2200,0,141900
ESCORTS30JAN20620PE.NFO,07/01/2020,11:23:52,25.25,23.6,1100,24.4,1100,0,141900
ESCORTS30JAN20620PE.NFO,07/01/2020,11:23:57,25.25,23.6,1100,24.25,2200,0,141900
ESCORTS30JAN20620PE.NFO,07/01/2020,11:24:02,25.25,23,3300,24.15,1100,0,141900
ESCORTS30JAN20620PE.NFO,07/01/2020,11:24:08,25.25,23.35,1100,24.15,1100,0,141900
ESCORTS30JAN20620PE.NFO,07/01/2020,11:24:13,25.25,23.45,1100,24.15,1100,0,141900
ESCORTS30JAN20620PE.NFO,07/01/2020,11:24:18,25.25,23.4,1100,24.15,1100,0,141900
ESCORTS30JAN20620PE.NFO,07/01/2020,11:24:23,25.25,23.4,1100,24.15,2200,0,141900
ESCORTS30JAN20620PE.NFO,07/01/2020,11:24:28,25.25,23.2,2200,24.25,1100,0,141900
ESCORTS30JAN20620PE.NFO,07/01/2020,11:24:32,25.25,23.35,1100,24.15,2200,0,141900
ESCORTS30JAN20620PE.NFO,07/01/2020,11:24:46,25.25,23.45,1100,24.2,2200,0,141900
ESCORTS30JAN20620PE.NFO,07/01/2020,11:24:50,25.25,23.3,1100,24.1,2200,0,141900
ESCORTS30JAN20620PE.NFO,07/01/2020,11:24:54,25.25,23.4,1100,24.2,2200,0,141900
ESCORTS30JAN20620PE.NFO,07/01/2020,11:24:58,25.25,23.5,1100,24.25,1100,0,141900
ESCORTS30JAN20620PE.NFO,07/01/2020,11:25:03,25.25,23.05,3300,24.15,2200,0,141900
ESCORTS30JAN20620PE.NFO,07/01/2020,11:25:08,25.25,23.2,2200,24.15,1100,0,141900
ESCORTS30JAN20620PE.NFO,07/01/2020,11:25:13,25.25,23.45,1100,24.35,1100,0,141900
ESCORTS30JAN20620PE.NFO,07/01/2020,11:25:17,25.25,22.85,9900,24.15,1100,0,141900
ESCORTS30JAN20620PE.NFO,07/01/2020,11:25:21,25.25,23.35,1100,24.35,2200,0,141900
ESCORTS30JAN20620PE.NFO,07/01/2020,11:25:26,25.25,23.6,2200,24.45,1100,0,141900
ESCORTS30JAN20620PE.NFO,07/01/2020,11:25:31,25.25,23.6,2200,24.45,2200,0,141900
ESCORTS30JAN20620PE.NFO,07/01/2020,11:25:40,25.25,23.6,2200,24.4,1100,0,141900
ESCORTS30JAN20620PE.NFO,07/01/2020,11:25:44,25.25,23.3,3300,24.4,1100,0,141900
ESCORTS30JAN20620PE.NFO,07/01/2020,11:25:49,25.25,23.75,2200,24.6,2200,0,141900
ESCORTS30JAN20620PE.NFO,07/01/2020,11:25:53,25.25,23.4,3300,24.5,1100,0,141900
ESCORTS30JAN20620PE.NFO,07/01/2020,11:25:57,25.25,23.45,3300,24.55,2200,0,141900
ESCORTS30JAN20620PE.NFO,07/01/2020,11:26:01,25.25,23.65,2200,24.55,2200,0,141900
ESCORTS30JAN20620PE.NFO,07/01/2020,11:26:04,25.25,23.7,1100,24.55,2200,0,141900
ESCORTS30JAN20620PE.NFO,07/01/2020,11:26:10,25.25,23.7,1100,24.5,1100,0,141900
ESCORTS30JAN20620PE.NFO,07/01/2020,11:26:14,25.25,23.1,9900,24.4,1100,0,141900
ESCORTS30JAN20620PE.NFO,07/01/2020,11:26:17,25.25,23.4,2200,24.4,1100,0,141900
ESCORTS30JAN20620PE.NFO,07/01/2020,11:26:20,25.25,23.3,2200,24.35,2200,0,141900
ESCORTS30JAN20620PE.NFO,07/01/2020,11:26:25,25.25,23.3,2200,24.3,1100,0,141900
ESCORTS30JAN20620PE.NFO,07/01/2020,11:26:34,25.25,23.3,1100,24.15,1100,0,141900
ESCORTS30JAN20620PE.NFO,07/01/2020,11:26:38,25.25,23.55,2200,24.4,2200,0,141900
ESCORTS30JAN20620PE.NFO,07/01/2020,11:26:43,25.25,23.05,15400,24.35,1100,0,141900
ESCORTS30JAN20620PE.NFO,07/01/2020,11:26:47,25.25,23.45,1100,24.4,3300,0,141900
ESCORTS30JAN20620PE.NFO,07/01/2020,11:26:51,25.25,23.55,1100,24.4,1100,0,141900
ESCORTS30JAN20620PE.NFO,07/01/2020,11:26:55,25.25,23.6,1100,24.4,1100,0,141900
ESCORTS30JAN20620PE.NFO,07/01/2020,11:26:58,25.25,23.3,3300,24.35,1100,0,141900
ESCORTS30JAN20620PE.NFO,07/01/2020,11:27:01,25.25,23.55,2200,24.35,2200,0,141900
ESCORTS30JAN20620PE.NFO,07/01/2020,11:27:05,25.25,23.55,2200,24.4,3300,0,141900
ESCORTS30JAN20620PE.NFO,07/01/2020,11:27:07,25.25,23.15,7700,24.25,1100,0,141900
ESCORTS30JAN20620PE.NFO,07/01/2020,11:27:10,25.25,23.45,1100,24.35,1100,0,141900
ESCORTS30JAN20620PE.NFO,07/01/2020,11:27:14,25.25,23.6,2200,24.4,2200,0,141900
ESCORTS30JAN20620PE.NFO,07/01/2020,11:27:17,25.25,23.65,1100,24.4,1100,0,141900
ESCORTS30JAN20620PE.NFO,07/01/2020,11:27:33,25.25,23.7,2200,24.5,2200,0,141900
ESCORTS30JAN20620PE.NFO,07/01/2020,11:27:36,25.25,23.55,1100,24.4,1100,0,141900
ESCORTS30JAN20620PE.NFO,07/01/2020,11:27:40,25.25,23.05,11000,24.3,1100,0,141900
ESCORTS30JAN20620PE.NFO,07/01/2020,11:27:43,25.25,23.05,11000,24.4,1100,0,141900
ESCORTS30JAN20620PE.NFO,07/01/2020,11:27:46,25.25,23.05,11000,24.35,1100,0,141900
ESCORTS30JAN20620PE.NFO,07/01/2020,11:28:03,25.25,23.05,11000,24.25,1100,0,141900
ESCORTS30JAN20620PE.NFO,07/01/2020,11:28:11,25.25,23.05,11000,24.35,1100,0,141900
ESCORTS30JAN20620PE.NFO,07/01/2020,11:28:16,25.25,23.05,15400,24.35,2200,0,141900
ESCORTS30JAN20620PE.NFO,07/01/2020,11:28:20,25.25,23.05,11000,24.35,1100,0,141900
ESCORTS30JAN20620PE.NFO,07/01/2020,11:28:23,25.25,23.05,15400,24.35,1100,0,141900
ESCORTS30JAN20620PE.NFO,07/01/2020,11:28:35,25.25,23.6,1100,24.5,2200,0,141900
ESCORTS30JAN20620PE.NFO,07/01/2020,11:28:38,25.25,23.6,2200,24.5,2200,0,141900
ESCORTS30JAN20620PE.NFO,07/01/2020,11:28:43,25.25,23.6,2200,25.05,1100,0,141900
ESCORTS30JAN20620PE.NFO,07/01/2020,11:28:46,25.25,23.6,2200,24.7,2200,0,141900
ESCORTS30JAN20620PE.NFO,07/01/2020,11:28:49,25.25,23.6,2200,24.5,1100,0,141900
ESCORTS30JAN20620PE.NFO,07/01/2020,11:28:56,25.25,23.6,2200,24.5,2200,0,141900
ESCORTS30JAN20620PE.NFO,07/01/2020,11:28:59,25.25,23.6,2200,24.5,1100,0,141900
ESCORTS30JAN20620PE.NFO,07/01/2020,11:29:15,25.25,23.6,2200,25.1,1100,0,141900
ESCORTS30JAN20620PE.NFO,07/01/2020,11:29:19,25.25,23.6,2200,24.45,1100,0,141900
ESCORTS30JAN20620PE.NFO,07/01/2020,11:29:22,25.25,23.7,2200,24.55,2200,0,141900
ESCORTS30JAN20620PE.NFO,07/01/2020,11:29:29,25.25,23.45,3300,24.45,1100,0,141900
ESCORTS30JAN20620PE.NFO,07/01/2020,11:29:33,25.25,23.7,1100,24.45,1100,0,141900
ESCORTS30JAN20620PE.NFO,07/01/2020,11:29:36,25.25,23.25,6600,24.55,2200,0,141900
ESCORTS30JAN20620PE.NFO,07/01/2020,11:29:40,25.25,23.5,2200,24.4,1100,0,141900
ESCORTS30JAN20620PE.NFO,07/01/2020,11:29:48,25.25,23.5,2200,24.45,2200,0,141900
ESCORTS30JAN20620PE.NFO,07/01/2020,11:30:03,25.25,23.6,2200,24.55,2200,0,141900
ESCORTS30JAN20620PE.NFO,07/01/2020,11:30:06,25.25,23.6,2200,24.9,1100,0,141900
ESCORTS30JAN20620PE.NFO,07/01/2020,11:30:10,25.25,23.6,2200,24.5,2200,0,141900
ESCORTS30JAN20620PE.NFO,07/01/2020,11:30:19,25.25,23.6,2200,24.45,1100,0,141900
ESCORTS30JAN20620PE.NFO,07/01/2020,11:30:26,25.25,23.6,2200,24.4,2200,0,141900
ESCORTS30JAN20620PE.NFO,07/01/2020,11:30:52,25.25,23.6,2200,24.4,1100,0,141900
ESCORTS30JAN20620PE.NFO,07/01/2020,11:30:58,25.25,23.6,2200,24.4,2200,0,141900
ESCORTS30JAN20620PE.NFO,07/01/2020,11:31:03,25.25,23.05,4400,24.1,1100,0,141900
ESCORTS30JAN20620PE.NFO,07/01/2020,11:31:09,25.25,23.4,2200,24.3,1100,0,141900
ESCORTS30JAN20620PE.NFO,07/01/2020,11:31:14,25.25,23.05,3300,24.15,1100,0,141900
ESCORTS30JAN20620PE.NFO,07/01/2020,11:31:19,25.25,23.4,2200,24.25,1100,0,141900
ESCORTS30JAN20620PE.NFO,07/01/2020,11:31:23,25.25,23.4,2200,24.25,2200,0,141900
ESCORTS30JAN20620PE.NFO,07/01/2020,11:31:27,25.25,23.4,2200,24.25,3300,0,141900
ESCORTS30JAN20620PE.NFO,07/01/2020,11:31:30,25.25,23,3300,24.15,1100,0,141900
ESCORTS30JAN20620PE.NFO,07/01/2020,11:31:33,25.25,23.25,1100,24.15,1100,0,141900
ESCORTS30JAN20620PE.NFO,07/01/2020,11:31:43,25.25,23.25,1100,24.1,1100,0,141900
ESCORTS30JAN20620PE.NFO,07/01/2020,11:31:53,25.25,23.15,2200,23.95,1100,0,141900
ESCORTS30JAN20620PE.NFO,07/01/2020,11:31:59,25.25,23.25,2200,24.1,1100,0,141900
ESCORTS30JAN20620PE.NFO,07/01/2020,11:32:04,25.25,22.95,3300,23.95,1100,0,141900
ESCORTS30JAN20620PE.NFO,07/01/2020,11:32:10,25.25,22.8,4400,23.95,1100,0,141900
ESCORTS30JAN20620PE.NFO,07/01/2020,11:32:15,25.25,22.8,4400,24,2200,0,141900
ESCORTS30JAN20620PE.NFO,07/01/2020,11:32:19,25.25,22.8,1100,23.9,1100,0,141900
ESCORTS30JAN20620PE.NFO,07/01/2020,11:32:23,25.25,22.8,1100,23.8,1100,0,141900
ESCORTS30JAN20620PE.NFO,07/01/2020,11:32:26,25.25,22.45,11000,23.8,1100,0,141900
ESCORTS30JAN20620PE.NFO,07/01/2020,11:32:31,25.25,23.05,1100,23.95,1100,0,141900
ESCORTS30JAN20620PE.NFO,07/01/2020,11:32:35,25.25,23.1,1100,24.55,1100,0,141900
ESCORTS30JAN20620PE.NFO,07/01/2020,11:32:39,25.25,23,1100,23.85,2200,0,141900
ESCORTS30JAN20620PE.NFO,07/01/2020,11:32:44,25.25,23.05,2200,23.9,3300,0,141900
ESCORTS30JAN20620PE.NFO,07/01/2020,11:32:53,25.25,23.05,2200,23.9,1100,0,141900
ESCORTS30JAN20620PE.NFO,07/01/2020,11:33:03,25.25,23.05,2200,23.85,1100,0,141900
ESCORTS30JAN20620PE.NFO,07/01/2020,11:33:17,25.25,23.1,1100,23.9,2200,0,141900
ESCORTS30JAN20620PE.NFO,07/01/2020,11:33:21,25.25,23.1,1100,23.9,3300,0,141900
ESCORTS30JAN20620PE.NFO,07/01/2020,11:33:28,25.25,22.85,1100,23.65,1100,0,141900
ESCORTS30JAN20620PE.NFO,07/01/2020,11:33:32,25.25,22.75,2200,23.6,3300,0,141900
ESCORTS30JAN20620PE.NFO,07/01/2020,11:33:37,25.25,22.8,1100,23.55,2200,0,141900
ESCORTS30JAN20620PE.NFO,07/01/2020,11:33:41,25.25,22.45,3300,23.45,1100,0,141900
ESCORTS30JAN20620PE.NFO,07/01/2020,11:33:44,25.25,22.8,1100,23.5,1100,0,141900
ESCORTS30JAN20620PE.NFO,07/01/2020,11:33:48,25.25,22.6,2200,23.45,1100,0,141900
ESCORTS30JAN20620PE.NFO,07/01/2020,11:33:52,25.25,22.75,2200,23.5,2200,0,141900
ESCORTS30JAN20620PE.NFO,07/01/2020,11:33:56,25.25,22.55,1100,23.35,1100,0,141900
ESCORTS30JAN20620PE.NFO,07/01/2020,11:34:02,25.25,22.65,1100,23.4,3300,0,141900
ESCORTS30JAN20620PE.NFO,07/01/2020,11:34:07,25.25,22.35,1100,23.2,2200,0,141900
ESCORTS30JAN20620PE.NFO,07/01/2020,11:34:14,25.25,22.5,1100,23.3,3300,0,141900
ESCORTS30JAN20620PE.NFO,07/01/2020,11:34:21,25.25,22.6,1100,23.3,1100,0,141900
ESCORTS30JAN20620PE.NFO,07/01/2020,11:34:27,25.25,22,8800,23.25,1100,0,141900
ESCORTS30JAN20620PE.NFO,07/01/2020,11:34:33,25.25,22.6,1100,23.4,2200,0,141900
ESCORTS30JAN20620PE.NFO,07/01/2020,11:34:39,25.25,22.6,1100,23.45,2200,0,141900
ESCORTS30JAN20620PE.NFO,07/01/2020,11:34:45,25.25,22.65,1100,23.4,1100,0,141900
ESCORTS30JAN20620PE.NFO,07/01/2020,11:34:50,25.25,22.8,1100,23.6,2200,0,141900
ESCORTS30JAN20620PE.NFO,07/01/2020,11:34:55,25.25,22.7,1100,23.5,2200,0,141900
ESCORTS30JAN20620PE.NFO,07/01/2020,11:35:01,25.25,22.5,2200,23.35,1100,0,141900
ESCORTS30JAN20620PE.NFO,07/01/2020,11:35:07,25.25,22.5,1100,23.3,2200,0,141900
ESCORTS30JAN20620PE.NFO,07/01/2020,11:35:12,25.25,22.6,1100,23.4,2200,0,141900
ESCORTS30JAN20620PE.NFO,07/01/2020,11:35:17,25.25,22.2,11000,23.35,1100,0,141900
ESCORTS30JAN20620PE.NFO,07/01/2020,11:35:23,25.25,22.2,6600,23.2,1100,0,141900
ESCORTS30JAN20620PE.NFO,07/01/2020,11:35:28,25.25,22.2,6600,23.1,1100,0,141900
ESCORTS30JAN20620PE.NFO,07/01/2020,11:35:34,25.25,22.2,2200,23.05,2200,0,141900
ESCORTS30JAN20620PE.NFO,07/01/2020,11:35:39,25.25,22.2,2200,23.05,3300,0,141900
ESCORTS30JAN20620PE.NFO,07/01/2020,11:35:49,25.25,22.2,2200,23,1100,0,141900
ESCORTS30JAN20620PE.NFO,07/01/2020,11:35:58,25.25,22.2,4400,23,1100,0,141900
ESCORTS30JAN20620PE.NFO,07/01/2020,11:36:03,25.25,22.2,2200,23,1100,0,141900
ESCORTS30JAN20620PE.NFO,07/01/2020,11:36:13,25.25,22.15,1100,22.9,1100,0,141900
ESCORTS30JAN20620PE.NFO,07/01/2020,11:36:17,25.25,22.2,1100,22.9,2200,0,141900
ESCORTS30JAN20620PE.NFO,07/01/2020,11:36:31,25.25,22.45,1100,23.6,1100,0,141900
ESCORTS30JAN20620PE.NFO,07/01/2020,11:36:36,25.25,22.25,1100,22.9,1100,0,141900
ESCORTS30JAN20620PE.NFO,07/01/2020,11:36:40,25.25,22.1,2200,22.95,2200,0,141900
ESCORTS30JAN20620PE.NFO,07/01/2020,11:36:45,25.25,22.35,1100,23,1100,0,141900
ESCORTS30JAN20620PE.NFO,07/01/2020,11:36:51,25.25,22.4,1100,23.15,1100,0,141900
ESCORTS30JAN20620PE.NFO,07/01/2020,11:36:58,25.25,22.3,4400,23.15,2200,0,141900
ESCORTS30JAN20620PE.NFO,07/01/2020,11:37:08,25.25,22.3,1100,23.15,2200,0,141900
ESCORTS30JAN20620PE.NFO,07/01/2020,11:37:16,25.25,22.3,1100,23.65,1100,0,141900
ESCORTS30JAN20620PE.NFO,07/01/2020,11:37:20,25.25,22.45,2200,23.25,1100,0,141900
ESCORTS30JAN20620PE.NFO,07/01/2020,11:37:25,25.25,22.5,1100,23.35,1100,0,141900
ESCORTS30JAN20620PE.NFO,07/01/2020,11:37:30,25.25,22.5,1100,23.35,2200,0,141900
ESCORTS30JAN20620PE.NFO,07/01/2020,11:37:40,25.25,22.05,7700,23.15,1100,0,141900
ESCORTS30JAN20620PE.NFO,07/01/2020,11:37:45,25.25,22.4,1100,23.2,1100,0,141900
ESCORTS30JAN20620PE.NFO,07/01/2020,11:37:50,25.25,22.45,1100,23.75,1100,0,141900
ESCORTS30JAN20620PE.NFO,07/01/2020,11:37:54,25.25,21.95,8800,23.25,1100,0,141900
ESCORTS30JAN20620PE.NFO,07/01/2020,11:37:59,25.25,22.4,1100,23.8,1100,0,141900
ESCORTS30JAN20620PE.NFO,07/01/2020,11:38:02,25.25,22.3,2200,23.25,2200,0,141900
ESCORTS30JAN20620PE.NFO,07/01/2020,11:38:05,25.25,22.3,1100,23.25,2200,0,141900
ESCORTS30JAN20620PE.NFO,07/01/2020,11:38:09,25.25,22.3,1100,23.15,1100,0,141900
ESCORTS30JAN20620PE.NFO,07/01/2020,11:38:13,25.25,22.3,1100,23.15,2200,0,141900
ESCORTS30JAN20620PE.NFO,07/01/2020,11:38:46,25.25,22.25,1100,23.05,1100,0,141900
ESCORTS30JAN20620PE.NFO,07/01/2020,11:38:50,25.25,22.4,1100,23.05,1100,0,141900
ESCORTS30JAN20620PE.NFO,07/01/2020,11:38:54,25.25,22.2,2200,23.05,1100,0,141900
ESCORTS30JAN20620PE.NFO,07/01/2020,11:38:59,25.25,21.95,8800,23.15,1100,0,141900
ESCORTS30JAN20620PE.NFO,07/01/2020,11:39:02,25.25,22.25,2200,23.15,1100,0,141900
ESCORTS30JAN20620PE.NFO,07/01/2020,11:39:06,25.25,22.35,1100,23.15,1100,0,141900
ESCORTS30JAN20620PE.NFO,07/01/2020,11:39:09,25.25,22.4,1100,23.15,1100,0,141900
ESCORTS30JAN20620PE.NFO,07/01/2020,11:39:12,25.25,22.3,1100,23.15,1100,0,141900
ESCORTS30JAN20620PE.NFO,07/01/2020,11:39:19,25.25,22.45,2200,23.15,1100,0,141900
ESCORTS30JAN20620PE.NFO,07/01/2020,11:39:23,25.25,22.55,1100,23.15,1100,0,141900
ESCORTS30JAN20620PE.NFO,07/01/2020,11:39:27,25.25,22.05,7700,23.15,2200,0,141900
ESCORTS30JAN20620PE.NFO,07/01/2020,11:39:30,25.25,22.45,1100,23.25,1100,0,141900
ESCORTS30JAN20620PE.NFO,07/01/2020,11:39:34,25.25,22.5,1100,23.25,1100,0,141900
ESCORTS30JAN20620PE.NFO,07/01/2020,11:39:38,25.25,22.55,1100,23.3,2200,0,141900
ESCORTS30JAN20620PE.NFO,07/01/2020,11:39:47,25.25,22.65,2200,23.4,1100,0,141900
ESCORTS30JAN20620PE.NFO,07/01/2020,11:39:53,25.25,22.85,2200,23.65,1100,0,141900
ESCORTS30JAN20620PE.NFO,07/01/2020,11:40:00,25.25,22.7,6600,23.65,1100,0,141900
ESCORTS30JAN20620PE.NFO,07/01/2020,11:40:05,25.25,22.8,3300,23.75,1100,0,141900
ESCORTS30JAN20620PE.NFO,07/01/2020,11:40:14,25.25,22.8,3300,23.85,1100,0,141900
ESCORTS30JAN20620PE.NFO,07/01/2020,11:40:18,25.25,22.65,6600,23.8,1100,0,141900
ESCORTS30JAN20620PE.NFO,07/01/2020,11:40:22,25.25,22.85,3300,23.85,1100,0,141900
ESCORTS30JAN20620PE.NFO,07/01/2020,11:40:26,25.25,22.8,6600,23.85,1100,0,141900
ESCORTS30JAN20620PE.NFO,07/01/2020,11:40:30,25.25,22.7,3300,23.3,16500,0,141900
ESCORTS30JAN20620PE.NFO,07/01/2020,11:40:34,25.25,22.7,3300,23,16500,0,141900
ESCORTS30JAN20620PE.NFO,07/01/2020,11:40:37,22.75,22.2,9900,22.75,4400,13200,143000
ESCORTS30JAN20620PE.NFO,07/01/2020,11:40:41,22.75,22.3,2200,22.75,2200,2200,143000
ESCORTS30JAN20620PE.NFO,07/01/2020,11:40:45,22.75,22.35,1100,22.75,2200,0,143000
ESCORTS30JAN20620PE.NFO,07/01/2020,11:40:51,22.75,22.25,5500,22.6,2200,0,143000
ESCORTS30JAN20620PE.NFO,07/01/2020,11:40:55,22.4,22.25,2200,23.05,2200,2200,143000
ESCORTS30JAN20620PE.NFO,07/01/2020,11:40:58,22.4,22.3,2200,23,2200,0,143000
ESCORTS30JAN20620PE.NFO,07/01/2020,11:41:09,22.4,22.45,1100,23.05,2200,0,143000
ESCORTS30JAN20620PE.NFO,07/01/2020,11:41:13,22.4,22.05,14300,23,1100,0,143000
ESCORTS30JAN20620PE.NFO,07/01/2020,11:41:16,22.4,22.5,1100,23.05,2200,0,143000
ESCORTS30JAN20620PE.NFO,07/01/2020,11:41:20,22.4,22.5,1100,23.05,1100,0,143000
ESCORTS30JAN20620PE.NFO,07/01/2020,11:41:22,22.4,22.5,1100,22.95,1100,0,143000
ESCORTS30JAN20620PE.NFO,07/01/2020,11:41:39,22.4,22.5,1100,22.95,2200,0,143000
ESCORTS30JAN20620PE.NFO,07/01/2020,11:41:42,22.4,22.5,5500,23.1,1100,0,143000
ESCORTS30JAN20620PE.NFO,07/01/2020,11:41:44,22.4,22.5,5500,23.05,2200,0,143000
ESCORTS30JAN20620PE.NFO,07/01/2020,11:41:47,22.4,22.5,7700,23.05,2200,0,143000
ESCORTS30JAN20620PE.NFO,07/01/2020,11:41:49,22.4,22.55,4400,23.2,1100,0,143000
ESCORTS30JAN20620PE.NFO,07/01/2020,11:41:51,22.4,22.6,7700,23.25,2200,0,143000
ESCORTS30JAN20620PE.NFO,07/01/2020,11:41:53,22.4,22.6,6600,23.2,1100,0,143000
ESCORTS30JAN20620PE.NFO,07/01/2020,11:41:55,22.4,22.75,7700,23.35,2200,0,143000
ESCORTS30JAN20620PE.NFO,07/01/2020,11:41:58,22.4,22.75,7700,23.3,1100,0,143000
ESCORTS30JAN20620PE.NFO,07/01/2020,11:42:02,22.4,22.6,6600,23.25,2200,0,143000
ESCORTS30JAN20620PE.NFO,07/01/2020,11:42:06,22.4,22.6,6600,23.2,1100,0,143000
ESCORTS30JAN20620PE.NFO,07/01/2020,11:42:14,22.4,22.6,6600,23.15,2200,0,143000
ESCORTS30JAN20620PE.NFO,07/01/2020,11:42:17,22.4,22.6,6600,23.1,1100,0,143000
ESCORTS30JAN20620PE.NFO,07/01/2020,11:42:20,22.4,22.6,4400,23.1,1100,0,143000
ESCORTS30JAN20620PE.NFO,07/01/2020,11:42:23,22.4,22.65,5500,23.5,3300,0,143000
ESCORTS30JAN20620PE.NFO,07/01/2020,11:42:26,22.4,22.65,5500,23.2,3300,0,143000
ESCORTS30JAN20620PE.NFO,07/01/2020,11:42:30,22.4,22.65,4400,23.1,2200,0,143000
ESCORTS30JAN20620PE.NFO,07/01/2020,11:42:34,22.4,22.65,4400,23,1100,0,143000
ESCORTS30JAN20620PE.NFO,07/01/2020,11:42:39,22.65,22.5,1100,22.8,2200,1100,141900
ESCORTS30JAN20620PE.NFO,07/01/2020,11:42:44,22.65,22.5,1100,22.8,4400,0,141900
ESCORTS30JAN20620PE.NFO,07/01/2020,11:42:53,22.65,22.5,1100,22.75,1100,0,141900
ESCORTS30JAN20620PE.NFO,07/01/2020,11:42:58,22.65,22.5,1100,22.85,1100,0,141900
ESCORTS30JAN20620PE.NFO,07/01/2020,11:43:06,22.65,22.5,1100,22.75,1100,0,141900
ESCORTS30JAN20620PE.NFO,07/01/2020,11:43:09,22.65,22.5,1100,22.85,1100,0,141900
ESCORTS30JAN20620PE.NFO,07/01/2020,11:43:19,22.65,22.2,3300,22.8,2200,0,141900
ESCORTS30JAN20620PE.NFO,07/01/2020,11:43:23,22.65,22.2,3300,22.75,1100,0,141900
ESCORTS30JAN20620PE.NFO,07/01/2020,11:43:26,22.65,22.2,3300,22.8,3300,0,141900
ESCORTS30JAN20620PE.NFO,07/01/2020,11:43:31,22.65,22.2,3300,22.7,1100,0,141900
ESCORTS30JAN20620PE.NFO,07/01/2020,11:43:34,22.65,22.2,1100,22.7,1100,0,141900
ESCORTS30JAN20620PE.NFO,07/01/2020,11:43:43,22.65,22.2,3300,22.7,2200,0,141900
ESCORTS30JAN20620PE.NFO,07/01/2020,11:43:47,22.65,22.15,3300,22.6,2200,0,141900
ESCORTS30JAN20620PE.NFO,07/01/2020,11:43:54,22.65,22.15,1100,22.55,1100,0,141900
ESCORTS30JAN20620PE.NFO,07/01/2020,11:44:06,22.65,22.15,3300,22.6,1100,0,141900
ESCORTS30JAN20620PE.NFO,07/01/2020,11:44:08,22.65,22.15,1100,22.6,1100,0,141900
ESCORTS30JAN20620PE.NFO,07/01/2020,11:44:12,22.65,22.15,1100,22.55,1100,0,141900
