Ticker,Date,Time,LTP,BuyPrice,BuyQty,SellPrice,SellQty,LTQ,OpenInterest
EXIDEIND30JAN20182.5CE.NFO,07/01/2020,09:36:48,7.8,6.85,14500,8.15,11600,2900,11600
EXIDEIND30JAN20182.5CE.NFO,07/01/2020,09:36:48,7.8,6.85,14500,8.15,11600,0,11600
EXIDEIND30JAN20182.5CE.NFO,07/01/2020,09:36:48,7.8,6.85,14500,8.15,11600,0,11600
EXIDEIND30JAN20182.5CE.NFO,07/01/2020,09:36:48,7.8,6.85,14500,8.15,11600,0,11600
EXIDEIND30JAN20182.5CE.NFO,07/01/2020,09:36:53,7.8,6.85,37700,8.15,5800,0,11600
EXIDEIND30JAN20182.5CE.NFO,07/01/2020,09:36:59,7.8,6.9,14500,8.15,5800,0,11600
EXIDEIND30JAN20182.5CE.NFO,07/01/2020,09:37:04,7.8,6.85,5800,8.15,23200,0,11600
EXIDEIND30JAN20182.5CE.NFO,07/01/2020,09:37:09,7.8,6.85,8700,8.15,5800,0,11600
EXIDEIND30JAN20182.5CE.NFO,07/01/2020,09:37:13,7.8,6.85,8700,8.15,34800,0,11600
EXIDEIND30JAN20182.5CE.NFO,07/01/2020,09:37:23,7.8,6.85,8700,8.15,17400,0,11600
EXIDEIND30JAN20182.5CE.NFO,07/01/2020,09:37:28,7.8,6.8,2900,8.1,14500,0,11600
EXIDEIND30JAN20182.5CE.NFO,07/01/2020,09:37:33,7.8,6.8,2900,8.05,2900,0,11600
EXIDEIND30JAN20182.5CE.NFO,07/01/2020,09:37:38,7.8,6.8,8700,8.05,2900,0,11600
EXIDEIND30JAN20182.5CE.NFO,07/01/2020,09:37:48,7.8,6.8,8700,8.05,14500,0,11600
EXIDEIND30JAN20182.5CE.NFO,07/01/2020,09:38:06,7.8,6.8,2900,8.05,8700,0,11600
EXIDEIND30JAN20182.5CE.NFO,07/01/2020,09:38:16,7.8,6.8,8700,8.05,8700,0,11600
EXIDEIND30JAN20182.5CE.NFO,07/01/2020,09:38:39,7.8,6.8,14500,8.05,8700,0,11600
EXIDEIND30JAN20182.5CE.NFO,07/01/2020,09:38:44,7.8,6.8,14500,8.2,8700,0,11600
EXIDEIND30JAN20182.5CE.NFO,07/01/2020,09:38:49,7.8,6.8,20300,8.15,8700,0,11600
EXIDEIND30JAN20182.5CE.NFO,07/01/2020,09:38:54,7.8,6.85,26100,8.15,8700,0,11600
EXIDEIND30JAN20182.5CE.NFO,07/01/2020,09:38:58,7.8,6.85,26100,8.1,5800,0,11600
EXIDEIND30JAN20182.5CE.NFO,07/01/2020,09:39:12,7.8,6.85,20300,8.1,5800,0,11600
EXIDEIND30JAN20182.5CE.NFO,07/01/2020,09:39:17,7.8,6.85,37700,8.25,2900,0,11600
EXIDEIND30JAN20182.5CE.NFO,07/01/2020,09:39:23,7.8,6.85,43500,8.35,14500,0,11600
EXIDEIND30JAN20182.5CE.NFO,07/01/2020,09:39:29,7.8,6.85,49300,8.35,14500,0,11600
EXIDEIND30JAN20182.5CE.NFO,07/01/2020,09:39:43,7.8,6.95,11600,8.3,26100,0,11600
EXIDEIND30JAN20182.5CE.NFO,07/01/2020,09:39:48,7.8,6.95,8700,8.25,23200,0,11600
EXIDEIND30JAN20182.5CE.NFO,07/01/2020,09:39:53,7.8,7,11600,8.25,23200,0,11600
EXIDEIND30JAN20182.5CE.NFO,07/01/2020,09:39:57,7.8,7,8700,8.25,29000,0,11600
EXIDEIND30JAN20182.5CE.NFO,07/01/2020,09:40:08,7.8,7.1,8700,8.25,11600,0,11600
EXIDEIND30JAN20182.5CE.NFO,07/01/2020,09:40:13,7.8,6.95,31900,8.25,11600,0,11600
EXIDEIND30JAN20182.5CE.NFO,07/01/2020,09:40:19,7.8,6.85,23200,8.2,2900,0,11600
EXIDEIND30JAN20182.5CE.NFO,07/01/2020,09:40:25,7.8,6.85,23200,8.2,14500,0,11600
EXIDEIND30JAN20182.5CE.NFO,07/01/2020,09:40:35,7.8,6.9,23200,8.2,14500,0,11600
EXIDEIND30JAN20182.5CE.NFO,07/01/2020,09:40:45,7.8,7,34800,8.25,11600,0,11600
EXIDEIND30JAN20182.5CE.NFO,07/01/2020,09:40:54,7.8,7.1,8700,8.35,20300,0,11600
EXIDEIND30JAN20182.5CE.NFO,07/01/2020,09:40:59,7.8,7.1,5800,8.35,20300,0,11600
EXIDEIND30JAN20182.5CE.NFO,07/01/2020,09:41:04,7.8,7.1,5800,8.35,14500,0,11600
EXIDEIND30JAN20182.5CE.NFO,07/01/2020,09:41:10,7.8,7,8700,8.35,31900,0,11600
EXIDEIND30JAN20182.5CE.NFO,07/01/2020,09:41:14,7.8,7,5800,8.2,2900,0,11600
EXIDEIND30JAN20182.5CE.NFO,07/01/2020,09:41:19,7.8,7.05,5800,8.25,11600,0,11600
EXIDEIND30JAN20182.5CE.NFO,07/01/2020,09:41:24,7.8,7.05,11600,8.35,14500,0,11600
EXIDEIND30JAN20182.5CE.NFO,07/01/2020,09:41:30,7.8,7,8700,8.35,20300,0,11600
EXIDEIND30JAN20182.5CE.NFO,07/01/2020,09:41:34,7.8,7.05,20300,8.35,8700,0,11600
EXIDEIND30JAN20182.5CE.NFO,07/01/2020,09:41:39,7.8,7.15,20300,8.35,8700,0,11600
EXIDEIND30JAN20182.5CE.NFO,07/01/2020,09:41:43,7.8,7.2,20300,8.35,8700,0,11600
EXIDEIND30JAN20182.5CE.NFO,07/01/2020,09:41:48,7.8,7.2,20300,8.45,11600,0,11600
EXIDEIND30JAN20182.5CE.NFO,07/01/2020,09:41:53,7.8,7.2,31900,8.45,5800,0,11600
EXIDEIND30JAN20182.5CE.NFO,07/01/2020,09:41:59,7.8,7.25,11600,8.5,20300,0,11600
EXIDEIND30JAN20182.5CE.NFO,07/01/2020,09:42:06,7.8,7.15,17400,8.5,20300,0,11600
EXIDEIND30JAN20182.5CE.NFO,07/01/2020,09:42:12,7.8,7.15,8700,8.5,37700,0,11600
EXIDEIND30JAN20182.5CE.NFO,07/01/2020,09:42:19,7.8,7.2,17400,8.5,31900,0,11600
EXIDEIND30JAN20182.5CE.NFO,07/01/2020,09:42:26,7.8,7.35,5800,8.5,2900,0,11600
EXIDEIND30JAN20182.5CE.NFO,07/01/2020,09:42:33,7.8,7.35,2900,8.3,2900,0,11600
EXIDEIND30JAN20182.5CE.NFO,07/01/2020,09:42:41,7.8,7.3,2900,8.25,2900,0,11600
EXIDEIND30JAN20182.5CE.NFO,07/01/2020,09:42:47,7.8,7.3,2900,8.5,14500,0,11600
EXIDEIND30JAN20182.5CE.NFO,07/01/2020,09:42:53,7.8,7.1,5800,8.35,14500,0,11600
EXIDEIND30JAN20182.5CE.NFO,07/01/2020,09:42:59,7.8,7,31900,8.15,2900,0,11600
EXIDEIND30JAN20182.5CE.NFO,07/01/2020,09:43:04,7.8,7.1,8700,8.3,5800,0,11600
EXIDEIND30JAN20182.5CE.NFO,07/01/2020,09:43:11,7.8,7.1,11600,8.4,5800,0,11600
EXIDEIND30JAN20182.5CE.NFO,07/01/2020,09:43:16,7.8,7.05,5800,8.15,2900,0,11600
EXIDEIND30JAN20182.5CE.NFO,07/01/2020,09:43:21,7.8,7.05,17400,8.1,2900,0,11600
EXIDEIND30JAN20182.5CE.NFO,07/01/2020,09:43:26,7.8,7.05,11600,8.3,11600,0,11600
EXIDEIND30JAN20182.5CE.NFO,07/01/2020,09:43:31,7.8,7.1,14500,8.4,8700,0,11600
EXIDEIND30JAN20182.5CE.NFO,07/01/2020,09:43:36,7.8,7.1,8700,8.3,2900,0,11600
EXIDEIND30JAN20182.5CE.NFO,07/01/2020,09:43:45,7.8,7.1,8700,8.35,2900,0,11600
EXIDEIND30JAN20182.5CE.NFO,07/01/2020,09:43:50,7.8,6.9,29000,8.35,2900,0,11600
EXIDEIND30JAN20182.5CE.NFO,07/01/2020,09:43:56,7.8,6.9,40600,8.35,2900,0,11600
EXIDEIND30JAN20182.5CE.NFO,07/01/2020,09:44:01,7.8,6.9,46400,8.35,2900,0,11600
EXIDEIND30JAN20182.5CE.NFO,07/01/2020,09:44:06,7.8,6.9,46400,8.4,8700,0,11600
EXIDEIND30JAN20182.5CE.NFO,07/01/2020,09:44:39,7.8,6.95,43500,8.15,2900,0,11600
EXIDEIND30JAN20182.5CE.NFO,07/01/2020,09:44:45,7.8,6.95,20300,8.15,5800,0,11600
EXIDEIND30JAN20182.5CE.NFO,07/01/2020,09:44:55,7.8,6.95,55100,8.15,5800,0,11600
EXIDEIND30JAN20182.5CE.NFO,07/01/2020,09:45:01,7.8,6.95,26100,8.15,5800,0,11600
EXIDEIND30JAN20182.5CE.NFO,07/01/2020,09:45:06,7.8,6.95,49300,7.9,2900,0,11600
EXIDEIND30JAN20182.5CE.NFO,07/01/2020,09:45:13,7.8,6.95,55100,8.5,20300,0,11600
EXIDEIND30JAN20182.5CE.NFO,07/01/2020,09:45:19,7.8,6.95,55100,8.1,2900,0,11600
EXIDEIND30JAN20182.5CE.NFO,07/01/2020,09:45:25,7.8,6.95,55100,7.95,2900,0,11600
EXIDEIND30JAN20182.5CE.NFO,07/01/2020,09:45:35,7.8,6.95,55100,8,5800,0,11600
EXIDEIND30JAN20182.5CE.NFO,07/01/2020,09:45:40,7.8,6.95,55100,7.95,2900,0,11600
EXIDEIND30JAN20182.5CE.NFO,07/01/2020,09:45:48,7.8,7.2,11600,8.05,2900,0,11600
EXIDEIND30JAN20182.5CE.NFO,07/01/2020,09:45:54,7.8,7.2,26100,8.05,2900,0,11600
EXIDEIND30JAN20182.5CE.NFO,07/01/2020,09:45:58,7.8,7.2,14500,8.05,2900,0,11600
EXIDEIND30JAN20182.5CE.NFO,07/01/2020,09:46:02,7.8,7.2,5800,8.05,2900,0,11600
EXIDEIND30JAN20182.5CE.NFO,07/01/2020,09:46:07,7.8,7.25,8700,8.05,2900,0,11600
EXIDEIND30JAN20182.5CE.NFO,07/01/2020,09:46:12,7.8,7.2,5800,8.05,2900,0,11600
EXIDEIND30JAN20182.5CE.NFO,07/01/2020,09:46:32,7.8,7.1,20300,8,5800,0,11600
EXIDEIND30JAN20182.5CE.NFO,07/01/2020,09:46:38,7.8,7.1,20300,7.95,2900,0,11600
EXIDEIND30JAN20182.5CE.NFO,07/01/2020,09:46:43,7.8,7.15,5800,7.95,2900,0,11600
EXIDEIND30JAN20182.5CE.NFO,07/01/2020,09:46:48,7.8,7.15,5800,7.9,5800,0,11600
EXIDEIND30JAN20182.5CE.NFO,07/01/2020,09:46:53,7.8,7.1,11600,7.9,5800,0,11600
EXIDEIND30JAN20182.5CE.NFO,07/01/2020,09:46:57,7.8,7.15,2900,7.9,5800,0,11600
EXIDEIND30JAN20182.5CE.NFO,07/01/2020,09:47:05,7.8,7.15,2900,7.95,2900,0,11600
EXIDEIND30JAN20182.5CE.NFO,07/01/2020,09:47:10,7.8,7.1,5800,7.95,2900,0,11600
EXIDEIND30JAN20182.5CE.NFO,07/01/2020,09:47:15,7.8,7.2,5800,8,5800,0,11600
EXIDEIND30JAN20182.5CE.NFO,07/01/2020,09:47:19,7.8,7.1,11600,7.95,2900,0,11600
EXIDEIND30JAN20182.5CE.NFO,07/01/2020,09:47:24,7.8,7.1,5800,7.95,2900,0,11600
EXIDEIND30JAN20182.5CE.NFO,07/01/2020,09:47:28,7.8,7.1,17400,7.95,2900,0,11600
EXIDEIND30JAN20182.5CE.NFO,07/01/2020,09:47:32,7.8,7.1,11600,7.95,2900,0,11600
EXIDEIND30JAN20182.5CE.NFO,07/01/2020,09:47:36,7.8,7.1,17400,7.95,2900,0,11600
EXIDEIND30JAN20182.5CE.NFO,07/01/2020,09:47:51,7.8,7.15,20300,8,5800,0,11600
EXIDEIND30JAN20182.5CE.NFO,07/01/2020,09:47:55,7.8,7.15,26100,8,5800,0,11600
EXIDEIND30JAN20182.5CE.NFO,07/01/2020,09:48:04,7.8,7.15,5800,7.95,2900,0,11600
EXIDEIND30JAN20182.5CE.NFO,07/01/2020,09:48:21,7.8,7.05,23200,7.95,2900,0,11600
EXIDEIND30JAN20182.5CE.NFO,07/01/2020,09:48:25,7.8,7.1,5800,7.95,2900,0,11600
EXIDEIND30JAN20182.5CE.NFO,07/01/2020,09:48:59,7.8,7.05,11600,7.95,2900,0,11600
EXIDEIND30JAN20182.5CE.NFO,07/01/2020,09:49:03,7.8,7.1,29000,7.95,2900,0,11600
EXIDEIND30JAN20182.5CE.NFO,07/01/2020,09:49:23,7.8,7.1,17400,7.95,2900,0,11600
EXIDEIND30JAN20182.5CE.NFO,07/01/2020,09:49:29,7.8,7.1,5800,7.95,2900,0,11600
EXIDEIND30JAN20182.5CE.NFO,07/01/2020,09:49:34,7.8,6.95,29000,7.95,2900,0,11600
EXIDEIND30JAN20182.5CE.NFO,07/01/2020,09:49:40,7.8,6.95,40600,7.95,2900,0,11600
EXIDEIND30JAN20182.5CE.NFO,07/01/2020,09:49:44,7.8,7,5800,7.95,2900,0,11600
EXIDEIND30JAN20182.5CE.NFO,07/01/2020,09:49:49,7.8,7,11600,7.95,2900,0,11600
EXIDEIND30JAN20182.5CE.NFO,07/01/2020,09:49:58,7.8,7,29000,7.95,2900,0,11600
EXIDEIND30JAN20182.5CE.NFO,07/01/2020,09:50:01,7.8,7,11600,7.95,2900,0,11600
EXIDEIND30JAN20182.5CE.NFO,07/01/2020,09:50:04,7.8,7.05,34800,8.05,2900,0,11600
EXIDEIND30JAN20182.5CE.NFO,07/01/2020,09:50:09,7.8,7.05,23200,8.05,5800,0,11600
EXIDEIND30JAN20182.5CE.NFO,07/01/2020,09:50:13,7.8,7.05,17400,8.05,5800,0,11600
EXIDEIND30JAN20182.5CE.NFO,07/01/2020,09:50:17,7.8,6.85,58000,8,2900,0,11600
EXIDEIND30JAN20182.5CE.NFO,07/01/2020,09:50:20,7.8,6.85,58000,8.05,5800,0,11600
EXIDEIND30JAN20182.5CE.NFO,07/01/2020,09:50:31,7.8,6.85,58000,8,2900,0,11600
EXIDEIND30JAN20182.5CE.NFO,07/01/2020,09:50:34,7.8,6.85,52200,8.05,2900,0,11600
EXIDEIND30JAN20182.5CE.NFO,07/01/2020,09:50:38,7.8,6.85,29000,7.95,2900,0,11600
EXIDEIND30JAN20182.5CE.NFO,07/01/2020,09:50:48,7.8,6.9,17400,7.95,2900,0,11600
EXIDEIND30JAN20182.5CE.NFO,07/01/2020,09:50:53,7.8,6.9,11600,7.95,2900,0,11600
EXIDEIND30JAN20182.5CE.NFO,07/01/2020,09:51:06,7.8,6.9,5800,7.95,2900,0,11600
EXIDEIND30JAN20182.5CE.NFO,07/01/2020,09:51:10,7.8,6.9,5800,7.85,2900,0,11600
EXIDEIND30JAN20182.5CE.NFO,07/01/2020,09:51:15,7.8,6.9,5800,7.9,2900,0,11600
EXIDEIND30JAN20182.5CE.NFO,07/01/2020,09:51:20,7.8,6.9,5800,7.85,2900,0,11600
EXIDEIND30JAN20182.5CE.NFO,07/01/2020,09:51:33,7.8,6.9,5800,7.75,2900,0,11600
EXIDEIND30JAN20182.5CE.NFO,07/01/2020,09:51:37,7.8,6.9,5800,7.9,2900,0,11600
EXIDEIND30JAN20182.5CE.NFO,07/01/2020,09:51:41,7.8,6.9,5800,7.85,2900,0,11600
EXIDEIND30JAN20182.5CE.NFO,07/01/2020,09:51:45,7.8,6.9,5800,7.9,2900,0,11600
EXIDEIND30JAN20182.5CE.NFO,07/01/2020,09:51:49,7.8,6.9,5800,7.9,5800,0,11600
EXIDEIND30JAN20182.5CE.NFO,07/01/2020,09:52:04,7.8,6.9,5800,7.85,2900,0,11600
EXIDEIND30JAN20182.5CE.NFO,07/01/2020,09:52:09,7.8,6.9,5800,8.15,2900,0,11600
EXIDEIND30JAN20182.5CE.NFO,07/01/2020,09:52:13,7.8,6.9,5800,7.95,5800,0,11600
EXIDEIND30JAN20182.5CE.NFO,07/01/2020,09:52:17,7.8,6.9,5800,7.8,2900,0,11600
EXIDEIND30JAN20182.5CE.NFO,07/01/2020,09:52:22,7.8,6.9,5800,7.95,8700,0,11600
EXIDEIND30JAN20182.5CE.NFO,07/01/2020,09:52:27,7.8,6.85,5800,7.9,5800,0,11600
EXIDEIND30JAN20182.5CE.NFO,07/01/2020,09:52:32,7.8,6.85,5800,7.75,2900,0,11600
EXIDEIND30JAN20182.5CE.NFO,07/01/2020,09:52:37,7.8,6.85,5800,7.9,5800,0,11600
EXIDEIND30JAN20182.5CE.NFO,07/01/2020,09:52:46,7.8,6.85,5800,7.8,2900,0,11600
EXIDEIND30JAN20182.5CE.NFO,07/01/2020,09:52:50,7.8,6.85,5800,7.8,5800,0,11600
EXIDEIND30JAN20182.5CE.NFO,07/01/2020,09:52:54,7.8,6.85,5800,7.9,5800,0,11600
EXIDEIND30JAN20182.5CE.NFO,07/01/2020,09:52:58,7.8,6.85,5800,7.8,5800,0,11600
EXIDEIND30JAN20182.5CE.NFO,07/01/2020,09:53:02,7.8,6.8,8700,7.75,2900,0,11600
EXIDEIND30JAN20182.5CE.NFO,07/01/2020,09:53:07,7.8,6.8,2900,7.8,5800,0,11600
EXIDEIND30JAN20182.5CE.NFO,07/01/2020,09:53:13,7.8,6.8,2900,7.7,2900,0,11600
EXIDEIND30JAN20182.5CE.NFO,07/01/2020,09:53:18,7.8,6.8,2900,7.85,5800,0,11600
EXIDEIND30JAN20182.5CE.NFO,07/01/2020,09:53:22,7.8,6.8,2900,7.8,2900,0,11600
EXIDEIND30JAN20182.5CE.NFO,07/01/2020,09:53:35,7.8,6.8,2900,7.75,2900,0,11600
EXIDEIND30JAN20182.5CE.NFO,07/01/2020,09:53:39,7.8,6.8,2900,7.85,5800,0,11600
EXIDEIND30JAN20182.5CE.NFO,07/01/2020,09:53:44,7.8,6.8,2900,7.95,5800,0,11600
EXIDEIND30JAN20182.5CE.NFO,07/01/2020,09:53:48,7.8,6.8,2900,7.9,2900,0,11600
EXIDEIND30JAN20182.5CE.NFO,07/01/2020,09:53:52,7.8,6.8,2900,7.95,2900,0,11600
EXIDEIND30JAN20182.5CE.NFO,07/01/2020,09:53:57,7.8,6.8,2900,8,5800,0,11600
EXIDEIND30JAN20182.5CE.NFO,07/01/2020,09:54:02,7.8,6.8,2900,7.95,2900,0,11600
EXIDEIND30JAN20182.5CE.NFO,07/01/2020,09:55:06,7.8,6.8,26100,7.95,2900,0,11600
EXIDEIND30JAN20182.5CE.NFO,07/01/2020,09:55:30,7.8,6.8,8700,7.95,2900,0,11600
EXIDEIND30JAN20182.5CE.NFO,07/01/2020,09:55:34,7.8,6.8,31900,7.95,2900,0,11600
EXIDEIND30JAN20182.5CE.NFO,07/01/2020,09:55:38,7.8,6.8,2900,8,5800,0,11600
EXIDEIND30JAN20182.5CE.NFO,07/01/2020,09:55:43,7.8,6.8,8700,7.95,2900,0,11600
EXIDEIND30JAN20182.5CE.NFO,07/01/2020,09:55:47,7.8,6.8,2900,8,5800,0,11600
EXIDEIND30JAN20182.5CE.NFO,07/01/2020,09:55:51,7.8,6.8,2900,7.95,2900,0,11600
EXIDEIND30JAN20182.5CE.NFO,07/01/2020,09:56:20,7.8,6.8,2900,7.65,2900,0,11600
EXIDEIND30JAN20182.5CE.NFO,07/01/2020,09:56:25,7.8,6.8,2900,7.75,5800,0,11600
EXIDEIND30JAN20182.5CE.NFO,07/01/2020,09:56:30,7.8,6.8,2900,7.7,2900,0,11600
EXIDEIND30JAN20182.5CE.NFO,07/01/2020,09:56:43,7.8,6.8,2900,7.8,2900,0,11600
EXIDEIND30JAN20182.5CE.NFO,07/01/2020,09:56:48,7.8,6.8,2900,7.85,5800,0,11600
EXIDEIND30JAN20182.5CE.NFO,07/01/2020,09:57:00,7.8,6.8,2900,7.8,8700,0,11600
EXIDEIND30JAN20182.5CE.NFO,07/01/2020,09:57:05,7.8,6.8,2900,7.85,5800,0,11600
EXIDEIND30JAN20182.5CE.NFO,07/01/2020,09:57:14,7.8,6.8,2900,7.8,2900,0,11600
EXIDEIND30JAN20182.5CE.NFO,07/01/2020,09:58:00,7.8,6.8,2900,7.7,2900,0,11600
EXIDEIND30JAN20182.5CE.NFO,07/01/2020,09:58:05,7.8,6.8,2900,7.75,2900,0,11600
EXIDEIND30JAN20182.5CE.NFO,07/01/2020,09:58:09,7.8,6.8,2900,7.7,2900,0,11600
EXIDEIND30JAN20182.5CE.NFO,07/01/2020,09:58:16,7.8,6.8,2900,7.75,2900,0,11600
EXIDEIND30JAN20182.5CE.NFO,07/01/2020,09:58:20,7.8,6.8,2900,7.7,2900,0,11600
EXIDEIND30JAN20182.5CE.NFO,07/01/2020,09:58:23,7.8,6.8,2900,7.75,2900,0,11600
EXIDEIND30JAN20182.5CE.NFO,07/01/2020,09:58:28,7.8,6.8,2900,7.7,2900,0,11600
EXIDEIND30JAN20182.5CE.NFO,07/01/2020,09:58:41,7.8,6.8,2900,7.75,2900,0,11600
EXIDEIND30JAN20182.5CE.NFO,07/01/2020,09:58:46,7.8,6.8,2900,7.7,2900,0,11600
EXIDEIND30JAN20182.5CE.NFO,07/01/2020,09:58:52,7.8,6.8,2900,7.75,5800,0,11600
EXIDEIND30JAN20182.5CE.NFO,07/01/2020,09:58:58,7.8,6.8,2900,7.7,2900,0,11600
EXIDEIND30JAN20182.5CE.NFO,07/01/2020,09:59:03,7.8,6.8,2900,7.75,5800,0,11600
EXIDEIND30JAN20182.5CE.NFO,07/01/2020,09:59:07,7.8,6.8,2900,7.65,2900,0,11600
EXIDEIND30JAN20182.5CE.NFO,07/01/2020,09:59:13,7.8,6.8,2900,7.7,2900,0,11600
EXIDEIND30JAN20182.5CE.NFO,07/01/2020,09:59:21,7.8,6.8,2900,7.65,2900,0,11600
EXIDEIND30JAN20182.5CE.NFO,07/01/2020,09:59:26,7.8,6.8,2900,7.75,5800,0,11600
EXIDEIND30JAN20182.5CE.NFO,07/01/2020,09:59:30,7.8,6.8,2900,7.7,2900,0,11600
EXIDEIND30JAN20182.5CE.NFO,07/01/2020,09:59:40,7.8,6.8,2900,7.75,2900,0,11600
EXIDEIND30JAN20182.5CE.NFO,07/01/2020,09:59:46,7.8,6.8,20300,7.7,2900,0,11600
EXIDEIND30JAN20182.5CE.NFO,07/01/2020,09:59:50,7.8,6.8,2900,7.8,2900,0,11600
EXIDEIND30JAN20182.5CE.NFO,07/01/2020,09:59:53,7.8,6.8,8700,7.75,2900,0,11600
EXIDEIND30JAN20182.5CE.NFO,07/01/2020,09:59:56,7.8,6.8,31900,7.85,2900,0,11600
EXIDEIND30JAN20182.5CE.NFO,07/01/2020,09:59:59,7.8,6.8,43500,7.8,2900,0,11600
EXIDEIND30JAN20182.5CE.NFO,07/01/2020,10:00:02,7.8,6.8,31900,7.9,2900,0,11600
EXIDEIND30JAN20182.5CE.NFO,07/01/2020,10:00:07,7.8,6.8,43500,7.85,2900,0,11600
EXIDEIND30JAN20182.5CE.NFO,07/01/2020,10:00:11,7.8,6.8,8700,7.85,2900,0,11600
EXIDEIND30JAN20182.5CE.NFO,07/01/2020,10:00:20,7.8,6.8,26100,7.8,2900,0,11600
EXIDEIND30JAN20182.5CE.NFO,07/01/2020,10:00:25,7.8,6.8,20300,7.85,2900,0,11600
EXIDEIND30JAN20182.5CE.NFO,07/01/2020,10:00:30,7.8,6.8,43500,7.9,5800,0,11600
EXIDEIND30JAN20182.5CE.NFO,07/01/2020,10:00:35,7.8,6.8,43500,7.85,2900,0,11600
EXIDEIND30JAN20182.5CE.NFO,07/01/2020,10:00:43,7.8,6.8,31900,8,2900,0,11600
EXIDEIND30JAN20182.5CE.NFO,07/01/2020,10:00:50,7.8,6.8,43500,7.9,2900,0,11600
EXIDEIND30JAN20182.5CE.NFO,07/01/2020,10:01:02,7.8,6.8,49300,7.9,2900,0,11600
EXIDEIND30JAN20182.5CE.NFO,07/01/2020,10:01:13,7.8,6.8,49300,7.85,2900,0,11600
EXIDEIND30JAN20182.5CE.NFO,07/01/2020,10:01:19,7.8,6.8,31900,7.9,2900,0,11600
EXIDEIND30JAN20182.5CE.NFO,07/01/2020,10:01:25,7.8,6.8,20300,8,2900,0,11600
EXIDEIND30JAN20182.5CE.NFO,07/01/2020,10:01:31,7.8,6.8,14500,7.9,2900,0,11600
EXIDEIND30JAN20182.5CE.NFO,07/01/2020,10:01:37,7.8,6.8,2900,7.95,5800,0,11600
EXIDEIND30JAN20182.5CE.NFO,07/01/2020,10:01:43,7.8,6.8,2900,7.8,2900,0,11600
EXIDEIND30JAN20182.5CE.NFO,07/01/2020,10:01:49,7.8,6.8,8700,7.8,2900,0,11600
EXIDEIND30JAN20182.5CE.NFO,07/01/2020,10:01:54,7.8,6.8,2900,7.8,2900,0,11600
EXIDEIND30JAN20182.5CE.NFO,07/01/2020,10:02:04,7.8,6.8,2900,7.85,2900,0,11600
EXIDEIND30JAN20182.5CE.NFO,07/01/2020,10:02:10,7.8,6.8,20300,7.85,2900,0,11600
EXIDEIND30JAN20182.5CE.NFO,07/01/2020,10:02:13,7.8,6.8,8700,8.15,8700,0,11600
EXIDEIND30JAN20182.5CE.NFO,07/01/2020,10:02:13,7.8,6.8,8700,7.9,2900,0,11600
EXIDEIND30JAN20182.5CE.NFO,07/01/2020,10:02:16,7.8,6.8,14500,7.85,2900,0,11600
EXIDEIND30JAN20182.5CE.NFO,07/01/2020,10:02:17,7.8,6.8,8700,7.9,2900,0,11600
EXIDEIND30JAN20182.5CE.NFO,07/01/2020,10:02:18,7.8,6.8,37700,7.9,2900,0,11600
EXIDEIND30JAN20182.5CE.NFO,07/01/2020,10:02:19,7.8,6.8,37700,7.85,2900,0,11600
EXIDEIND30JAN20182.5CE.NFO,07/01/2020,10:02:20,7.8,6.8,37700,7.75,2900,0,11600
EXIDEIND30JAN20182.5CE.NFO,07/01/2020,10:02:21,7.8,6.8,2900,7.9,2900,0,11600
EXIDEIND30JAN20182.5CE.NFO,07/01/2020,10:02:22,7.8,6.8,2900,7.85,2900,0,11600
EXIDEIND30JAN20182.5CE.NFO,07/01/2020,10:02:23,7.8,6.8,2900,7.9,2900,0,11600
EXIDEIND30JAN20182.5CE.NFO,07/01/2020,10:02:24,7.8,6.8,2900,7.85,2900,0,11600
EXIDEIND30JAN20182.5CE.NFO,07/01/2020,10:02:25,7.8,6.8,2900,7.9,5800,0,11600
EXIDEIND30JAN20182.5CE.NFO,07/01/2020,10:02:26,7.8,6.8,2900,7.85,2900,0,11600
EXIDEIND30JAN20182.5CE.NFO,07/01/2020,10:02:27,7.8,6.8,8700,7.9,5800,0,11600
EXIDEIND30JAN20182.5CE.NFO,07/01/2020,10:02:28,7.8,6.8,2900,7.8,2900,0,11600
EXIDEIND30JAN20182.5CE.NFO,07/01/2020,10:02:29,7.8,6.8,2900,7.75,2900,0,11600
EXIDEIND30JAN20182.5CE.NFO,07/01/2020,10:02:30,7.8,6.8,2900,7.8,2900,0,11600
EXIDEIND30JAN20182.5CE.NFO,07/01/2020,10:02:31,7.8,6.8,20300,7.8,2900,0,11600
EXIDEIND30JAN20182.5CE.NFO,07/01/2020,10:02:32,7.8,6.8,2900,7.9,5800,0,11600
EXIDEIND30JAN20182.5CE.NFO,07/01/2020,10:02:33,7.8,6.8,20300,7.8,2900,0,11600
EXIDEIND30JAN20182.5CE.NFO,07/01/2020,10:02:34,7.8,6.8,2900,7.75,2900,0,11600
EXIDEIND30JAN20182.5CE.NFO,07/01/2020,10:02:35,7.8,6.8,20300,7.9,5800,0,11600
EXIDEIND30JAN20182.5CE.NFO,07/01/2020,10:02:35,7.8,6.8,20300,7.85,2900,0,11600
EXIDEIND30JAN20182.5CE.NFO,07/01/2020,10:02:37,7.8,6.8,2900,7.9,2900,0,11600
EXIDEIND30JAN20182.5CE.NFO,07/01/2020,10:02:38,7.8,6.8,8700,7.9,2900,0,11600
EXIDEIND30JAN20182.5CE.NFO,07/01/2020,10:02:39,7.8,6.8,2900,7.9,2900,0,11600
EXIDEIND30JAN20182.5CE.NFO,07/01/2020,10:02:41,7.8,6.8,26100,7.85,2900,0,11600
EXIDEIND30JAN20182.5CE.NFO,07/01/2020,10:02:42,7.8,6.8,20300,7.85,2900,0,11600
EXIDEIND30JAN20182.5CE.NFO,07/01/2020,10:02:43,7.8,6.8,26100,7.95,2900,0,11600
EXIDEIND30JAN20182.5CE.NFO,07/01/2020,10:02:44,7.8,6.8,8700,7.95,2900,0,11600
EXIDEIND30JAN20182.5CE.NFO,07/01/2020,10:02:51,7.8,6.8,26100,7.95,2900,0,11600
EXIDEIND30JAN20182.5CE.NFO,07/01/2020,10:02:52,7.8,6.8,20300,7.95,2900,0,11600
EXIDEIND30JAN20182.5CE.NFO,07/01/2020,10:02:53,7.8,6.8,26100,7.95,2900,0,11600
EXIDEIND30JAN20182.5CE.NFO,07/01/2020,10:02:54,7.8,6.8,31900,7.95,2900,0,11600
EXIDEIND30JAN20182.5CE.NFO,07/01/2020,10:02:55,7.8,6.8,20300,7.95,2900,0,11600
EXIDEIND30JAN20182.5CE.NFO,07/01/2020,10:02:56,7.8,6.8,31900,7.95,2900,0,11600
EXIDEIND30JAN20182.5CE.NFO,07/01/2020,10:02:57,7.8,6.8,26100,7.95,2900,0,11600
EXIDEIND30JAN20182.5CE.NFO,07/01/2020,10:03:06,7.8,6.8,37700,7.95,2900,0,11600
EXIDEIND30JAN20182.5CE.NFO,07/01/2020,10:03:08,7.8,6.8,8700,7.95,2900,0,11600
EXIDEIND30JAN20182.5CE.NFO,07/01/2020,10:03:11,7.8,6.8,31900,7.95,2900,0,11600
EXIDEIND30JAN20182.5CE.NFO,07/01/2020,10:03:12,7.8,6.8,26100,7.95,2900,0,11600
EXIDEIND30JAN20182.5CE.NFO,07/01/2020,10:03:16,7.8,6.8,14500,7.95,2900,0,11600
EXIDEIND30JAN20182.5CE.NFO,07/01/2020,10:03:21,7.8,6.8,2900,7.95,2900,0,11600
EXIDEIND30JAN20182.5CE.NFO,07/01/2020,10:03:26,7.8,6.8,8700,7.95,2900,0,11600
EXIDEIND30JAN20182.5CE.NFO,07/01/2020,10:03:30,7.8,6.8,2900,7.95,2900,0,11600
EXIDEIND30JAN20182.5CE.NFO,07/01/2020,10:03:36,7.8,6.8,20300,7.95,2900,0,11600
EXIDEIND30JAN20182.5CE.NFO,07/01/2020,10:03:46,7.8,6.8,2900,7.95,2900,0,11600
EXIDEIND30JAN20182.5CE.NFO,07/01/2020,10:03:55,7.8,6.8,20300,7.95,2900,0,11600
EXIDEIND30JAN20182.5CE.NFO,07/01/2020,10:04:00,7.8,6.8,8700,7.95,2900,0,11600
EXIDEIND30JAN20182.5CE.NFO,07/01/2020,10:04:04,7.8,6.8,2900,7.95,2900,0,11600
EXIDEIND30JAN20182.5CE.NFO,07/01/2020,10:04:18,7.8,6.8,14500,7.95,2900,0,11600
EXIDEIND30JAN20182.5CE.NFO,07/01/2020,10:04:22,7.8,6.8,20300,7.95,2900,0,11600
EXIDEIND30JAN20182.5CE.NFO,07/01/2020,10:04:26,7.8,6.8,2900,7.95,2900,0,11600
EXIDEIND30JAN20182.5CE.NFO,07/01/2020,10:04:30,7.8,6.8,8700,7.95,2900,0,11600
EXIDEIND30JAN20182.5CE.NFO,07/01/2020,10:04:35,7.8,6.8,20300,7.95,2900,0,11600
EXIDEIND30JAN20182.5CE.NFO,07/01/2020,10:04:40,7.8,6.8,2900,7.95,2900,0,11600
EXIDEIND30JAN20182.5CE.NFO,07/01/2020,10:05:12,7.8,6.8,2900,7.8,2900,0,11600
EXIDEIND30JAN20182.5CE.NFO,07/01/2020,10:05:16,7.8,6.8,2900,7.8,5800,0,11600
EXIDEIND30JAN20182.5CE.NFO,07/01/2020,10:05:22,7.8,6.8,2900,7.9,8700,0,11600
EXIDEIND30JAN20182.5CE.NFO,07/01/2020,10:05:40,7.8,6.8,2900,7.85,5800,0,11600
EXIDEIND30JAN20182.5CE.NFO,07/01/2020,10:05:46,7.8,6.8,20300,7.8,2900,0,11600
EXIDEIND30JAN20182.5CE.NFO,07/01/2020,10:05:51,7.8,6.8,2900,7.8,2900,0,11600
EXIDEIND30JAN20182.5CE.NFO,07/01/2020,10:06:06,7.8,6.8,2900,7.85,5800,0,11600
EXIDEIND30JAN20182.5CE.NFO,07/01/2020,10:06:11,7.8,6.8,2900,7.8,2900,0,11600
EXIDEIND30JAN20182.5CE.NFO,07/01/2020,10:06:15,7.8,6.8,2900,7.8,5800,0,11600
EXIDEIND30JAN20182.5CE.NFO,07/01/2020,10:06:24,7.8,6.8,2900,7.8,2900,0,11600
EXIDEIND30JAN20182.5CE.NFO,07/01/2020,10:06:29,7.8,6.8,2900,7.75,2900,0,11600
EXIDEIND30JAN20182.5CE.NFO,07/01/2020,10:06:34,7.8,6.8,2900,7.8,2900,0,11600
EXIDEIND30JAN20182.5CE.NFO,07/01/2020,10:06:50,7.8,6.8,2900,7.75,5800,0,11600
EXIDEIND30JAN20182.5CE.NFO,07/01/2020,10:06:55,7.8,6.8,2900,7.75,2900,0,11600
EXIDEIND30JAN20182.5CE.NFO,07/01/2020,10:07:21,7.8,6.8,2900,7.75,5800,0,11600
EXIDEIND30JAN20182.5CE.NFO,07/01/2020,10:07:31,7.8,6.8,2900,7.6,2900,0,11600
EXIDEIND30JAN20182.5CE.NFO,07/01/2020,10:07:36,7.8,6.8,2900,7.55,2900,0,11600
EXIDEIND30JAN20182.5CE.NFO,07/01/2020,10:07:46,7.8,6.8,2900,7.8,2900,0,11600
EXIDEIND30JAN20182.5CE.NFO,07/01/2020,10:08:15,7.8,6.8,2900,7.85,2900,0,11600
EXIDEIND30JAN20182.5CE.NFO,07/01/2020,10:08:21,7.8,6.8,2900,7.8,2900,0,11600
EXIDEIND30JAN20182.5CE.NFO,07/01/2020,10:08:30,7.8,6.8,8700,7.8,2900,0,11600
EXIDEIND30JAN20182.5CE.NFO,07/01/2020,10:08:35,7.8,6.85,2900,7.8,2900,0,11600
EXIDEIND30JAN20182.5CE.NFO,07/01/2020,10:08:49,7.8,6.85,5800,7.8,2900,0,11600
EXIDEIND30JAN20182.5CE.NFO,07/01/2020,10:09:01,7.8,6.85,5800,7.8,5800,0,11600
EXIDEIND30JAN20182.5CE.NFO,07/01/2020,10:09:06,7.8,6.85,23200,7.8,5800,0,11600
EXIDEIND30JAN20182.5CE.NFO,07/01/2020,10:09:11,7.8,6.85,5800,7.8,5800,0,11600
EXIDEIND30JAN20182.5CE.NFO,07/01/2020,10:09:14,7.8,6.85,23200,7.8,5800,0,11600
EXIDEIND30JAN20182.5CE.NFO,07/01/2020,10:09:19,7.8,6.85,5800,7.8,5800,0,11600
EXIDEIND30JAN20182.5CE.NFO,07/01/2020,10:09:28,7.8,6.9,5800,7.8,5800,0,11600
EXIDEIND30JAN20182.5CE.NFO,07/01/2020,10:09:55,7.8,6.85,26100,7.8,5800,0,11600
EXIDEIND30JAN20182.5CE.NFO,07/01/2020,10:10:28,7.8,6.85,2900,7.8,5800,0,11600
EXIDEIND30JAN20182.5CE.NFO,07/01/2020,10:11:17,7.8,6.85,2900,7.8,2900,0,11600
EXIDEIND30JAN20182.5CE.NFO,07/01/2020,10:11:32,7.8,6.85,8700,7.8,2900,0,11600
EXIDEIND30JAN20182.5CE.NFO,07/01/2020,10:11:57,7.8,6.85,8700,8.2,8700,0,11600
EXIDEIND30JAN20182.5CE.NFO,07/01/2020,10:12:13,7.8,6.85,8700,8.2,14500,0,11600
EXIDEIND30JAN20182.5CE.NFO,07/01/2020,10:12:21,7.8,6.85,8700,8.2,2900,0,11600
EXIDEIND30JAN20182.5CE.NFO,07/01/2020,10:13:02,7.8,6.85,14500,8.2,2900,0,11600
EXIDEIND30JAN20182.5CE.NFO,07/01/2020,10:13:10,7.8,6.9,5800,8.2,2900,0,11600
EXIDEIND30JAN20182.5CE.NFO,07/01/2020,10:14:04,7.8,6.9,11600,8.2,2900,0,11600
EXIDEIND30JAN20182.5CE.NFO,07/01/2020,10:14:14,7.8,6.9,5800,8.2,2900,0,11600
EXIDEIND30JAN20182.5CE.NFO,07/01/2020,10:14:20,7.8,6.9,23200,8.2,2900,0,11600
EXIDEIND30JAN20182.5CE.NFO,07/01/2020,10:14:30,7.8,6.9,17400,8.25,5800,0,11600
EXIDEIND30JAN20182.5CE.NFO,07/01/2020,10:14:35,7.8,6.9,17400,8.2,2900,0,11600
EXIDEIND30JAN20182.5CE.NFO,07/01/2020,10:15:18,7.8,6.9,46400,8.2,2900,0,11600
EXIDEIND30JAN20182.5CE.NFO,07/01/2020,10:15:24,7.8,7.05,2900,8.2,2900,0,11600
EXIDEIND30JAN20182.5CE.NFO,07/01/2020,10:15:29,7.8,7,8700,8.2,2900,0,11600
EXIDEIND30JAN20182.5CE.NFO,07/01/2020,10:15:34,7.8,6.95,8700,8.2,2900,0,11600
EXIDEIND30JAN20182.5CE.NFO,07/01/2020,10:15:39,7.8,6.95,8700,8.35,2900,0,11600
EXIDEIND30JAN20182.5CE.NFO,07/01/2020,10:15:43,7.8,6.9,5800,8.35,55100,0,11600
EXIDEIND30JAN20182.5CE.NFO,07/01/2020,10:15:49,7.8,6.9,5800,8.35,37700,0,11600
EXIDEIND30JAN20182.5CE.NFO,07/01/2020,10:16:00,7.8,6.9,5800,8.35,34800,0,11600
EXIDEIND30JAN20182.5CE.NFO,07/01/2020,10:16:20,7.8,6.85,8700,8.35,46400,0,11600
EXIDEIND30JAN20182.5CE.NFO,07/01/2020,10:16:24,7.8,6.85,8700,8.35,52200,0,11600
EXIDEIND30JAN20182.5CE.NFO,07/01/2020,10:16:29,7.8,7,8700,8.35,34800,0,11600
EXIDEIND30JAN20182.5CE.NFO,07/01/2020,10:16:34,7.8,6.95,8700,8.35,46400,0,11600
EXIDEIND30JAN20182.5CE.NFO,07/01/2020,10:16:38,7.8,6.85,5800,8.35,52200,0,11600
EXIDEIND30JAN20182.5CE.NFO,07/01/2020,10:16:46,7.8,6.85,8700,8.35,46400,0,11600
EXIDEIND30JAN20182.5CE.NFO,07/01/2020,10:17:22,7.8,6.85,8700,8.35,34800,0,11600
EXIDEIND30JAN20182.5CE.NFO,07/01/2020,10:17:30,7.8,6.85,2900,8.35,52200,0,11600
EXIDEIND30JAN20182.5CE.NFO,07/01/2020,10:18:02,7.8,6.85,5800,8.35,52200,0,11600
EXIDEIND30JAN20182.5CE.NFO,07/01/2020,10:18:45,7.8,6.85,5800,8.3,49300,0,11600
EXIDEIND30JAN20182.5CE.NFO,07/01/2020,10:18:50,7.8,6.85,5800,8.3,46400,0,11600
EXIDEIND30JAN20182.5CE.NFO,07/01/2020,10:18:55,7.8,6.85,5800,8.3,52200,0,11600
EXIDEIND30JAN20182.5CE.NFO,07/01/2020,10:20:44,7.8,6.9,2900,8.3,52200,0,11600
EXIDEIND30JAN20182.5CE.NFO,07/01/2020,10:21:03,7.8,6.85,5800,8.3,52200,0,11600
EXIDEIND30JAN20182.5CE.NFO,07/01/2020,10:21:07,7.8,6.9,2900,8.3,52200,0,11600
EXIDEIND30JAN20182.5CE.NFO,07/01/2020,10:21:34,7.8,6.85,5800,8.3,52200,0,11600
EXIDEIND30JAN20182.5CE.NFO,07/01/2020,10:21:38,7.8,6.9,2900,8.3,52200,0,11600
EXIDEIND30JAN20182.5CE.NFO,07/01/2020,10:22:16,7.8,6.9,5800,8.3,52200,0,11600
EXIDEIND30JAN20182.5CE.NFO,07/01/2020,10:22:24,7.8,6.95,2900,8.3,52200,0,11600
EXIDEIND30JAN20182.5CE.NFO,07/01/2020,10:22:32,7.8,6.9,5800,8.3,52200,0,11600
EXIDEIND30JAN20182.5CE.NFO,07/01/2020,10:22:36,7.8,6.95,2900,8.3,52200,0,11600
EXIDEIND30JAN20182.5CE.NFO,07/01/2020,10:22:40,7.8,6.9,2900,8.3,52200,0,11600
EXIDEIND30JAN20182.5CE.NFO,07/01/2020,10:22:47,7.8,6.85,2900,8.15,52200,0,11600
EXIDEIND30JAN20182.5CE.NFO,07/01/2020,10:23:39,7.8,6.85,2900,8.1,52200,0,11600
EXIDEIND30JAN20182.5CE.NFO,07/01/2020,10:24:04,7.8,6.85,2900,8.05,52200,0,11600
EXIDEIND30JAN20182.5CE.NFO,07/01/2020,10:24:47,7.8,6.8,5800,8.05,52200,0,11600
EXIDEIND30JAN20182.5CE.NFO,07/01/2020,10:27:05,7.8,6.8,5800,7.9,52200,0,11600
EXIDEIND30JAN20182.5CE.NFO,07/01/2020,10:29:07,7.8,6.8,5800,7.85,43500,0,11600
EXIDEIND30JAN20182.5CE.NFO,07/01/2020,10:29:29,7.8,6.8,5800,7.85,55100,0,11600
EXIDEIND30JAN20182.5CE.NFO,07/01/2020,10:29:32,7.8,6.8,5800,7.85,49300,0,11600
EXIDEIND30JAN20182.5CE.NFO,07/01/2020,10:29:40,7.8,6.8,5800,7.85,55100,0,11600
EXIDEIND30JAN20182.5CE.NFO,07/01/2020,10:32:04,7.8,6.8,5800,7.85,52200,0,8700
EXIDEIND30JAN20182.5CE.NFO,07/01/2020,10:35:07,7.8,6.8,5800,7.85,34800,0,8700
EXIDEIND30JAN20182.5CE.NFO,07/01/2020,10:35:15,7.8,6.8,5800,7.85,29000,0,8700
EXIDEIND30JAN20182.5CE.NFO,07/01/2020,10:35:24,7.8,6.8,5800,7.85,46400,0,8700
EXIDEIND30JAN20182.5CE.NFO,07/01/2020,10:35:31,7.8,6.8,5800,7.85,29000,0,8700
EXIDEIND30JAN20182.5CE.NFO,07/01/2020,10:36:03,7.8,6.8,5800,7.85,46400,0,8700
EXIDEIND30JAN20182.5CE.NFO,07/01/2020,10:36:10,7.8,6.8,5800,7.85,29000,0,8700
EXIDEIND30JAN20182.5CE.NFO,07/01/2020,10:36:25,7.8,6.8,5800,7.7,5800,0,8700
EXIDEIND30JAN20182.5CE.NFO,07/01/2020,10:36:27,7.8,6.8,5800,7.55,2900,0,8700
EXIDEIND30JAN20182.5CE.NFO,07/01/2020,10:36:30,7.8,6.8,5800,7.4,2900,0,8700
EXIDEIND30JAN20182.5CE.NFO,07/01/2020,10:36:32,7.8,6.8,5800,7.4,5800,0,8700
EXIDEIND30JAN20182.5CE.NFO,07/01/2020,10:36:34,7.8,6.8,5800,7.35,2900,0,8700
EXIDEIND30JAN20182.5CE.NFO,07/01/2020,10:37:33,7.8,6.8,2900,7.35,2900,0,8700
EXIDEIND30JAN20182.5CE.NFO,07/01/2020,10:38:46,7.8,6.8,5800,7.3,5800,0,8700
EXIDEIND30JAN20182.5CE.NFO,07/01/2020,10:39:02,7.8,6.8,2900,7.3,5800,0,8700
EXIDEIND30JAN20182.5CE.NFO,07/01/2020,10:41:24,7.8,6.8,5800,7.3,5800,0,8700
EXIDEIND30JAN20182.5CE.NFO,07/01/2020,10:41:29,7.8,6.8,2900,7.3,5800,0,8700
EXIDEIND30JAN20182.5CE.NFO,07/01/2020,10:42:06,7.8,6.8,2900,7.25,2900,0,8700
EXIDEIND30JAN20182.5CE.NFO,07/01/2020,10:43:39,7.8,6.8,2900,7.15,2900,0,8700
EXIDEIND30JAN20182.5CE.NFO,07/01/2020,10:45:13,7.8,6.8,2900,7.05,2900,0,8700
EXIDEIND30JAN20182.5CE.NFO,07/01/2020,10:47:21,7.8,6.8,2900,7.15,2900,0,8700
EXIDEIND30JAN20182.5CE.NFO,07/01/2020,10:48:01,7.8,6.8,2900,7.05,2900,0,8700
EXIDEIND30JAN20182.5CE.NFO,07/01/2020,10:49:06,6.8,6.5,2900,6.95,2900,2900,8700
EXIDEIND30JAN20182.5CE.NFO,07/01/2020,10:49:06,6.8,6.5,2900,6.95,2900,0,8700
EXIDEIND30JAN20182.5CE.NFO,07/01/2020,10:49:17,6.8,6.3,2900,6.85,2900,0,8700
EXIDEIND30JAN20182.5CE.NFO,07/01/2020,10:49:21,6.8,6.4,2900,6.85,2900,0,8700
EXIDEIND30JAN20182.5CE.NFO,07/01/2020,10:49:31,6.8,6.35,2900,6.85,2900,0,8700
EXIDEIND30JAN20182.5CE.NFO,07/01/2020,10:49:37,6.8,6.25,2900,6.85,2900,0,8700
EXIDEIND30JAN20182.5CE.NFO,07/01/2020,10:49:45,6.8,6.3,2900,6.85,2900,0,8700
EXIDEIND30JAN20182.5CE.NFO,07/01/2020,10:49:53,6.8,6.25,2900,6.85,2900,0,8700
EXIDEIND30JAN20182.5CE.NFO,07/01/2020,10:49:58,6.8,6.15,2900,6.85,2900,0,8700
EXIDEIND30JAN20182.5CE.NFO,07/01/2020,10:50:34,6.8,6.15,5800,6.85,2900,0,8700
EXIDEIND30JAN20182.5CE.NFO,07/01/2020,10:50:46,6.8,6.15,2900,6.85,2900,0,8700
EXIDEIND30JAN20182.5CE.NFO,07/01/2020,10:51:56,6.8,6.15,5800,6.75,2900,0,8700
EXIDEIND30JAN20182.5CE.NFO,07/01/2020,10:52:06,6.8,6.1,2900,6.75,2900,0,8700
EXIDEIND30JAN20182.5CE.NFO,07/01/2020,10:52:11,6.8,6,2900,6.75,2900,0,8700
EXIDEIND30JAN20182.5CE.NFO,07/01/2020,10:52:21,6.8,6,8700,6.75,2900,0,8700
EXIDEIND30JAN20182.5CE.NFO,07/01/2020,10:52:31,6.8,5.95,8700,6.75,2900,0,8700
EXIDEIND30JAN20182.5CE.NFO,07/01/2020,10:52:37,6.8,5.95,20300,6.75,2900,0,8700
EXIDEIND30JAN20182.5CE.NFO,07/01/2020,10:52:49,6.8,6,8700,6.75,2900,0,8700
EXIDEIND30JAN20182.5CE.NFO,07/01/2020,10:52:53,6.8,6,2900,6.75,2900,0,8700
EXIDEIND30JAN20182.5CE.NFO,07/01/2020,10:53:10,6.8,5.95,8700,6.75,2900,0,8700
EXIDEIND30JAN20182.5CE.NFO,07/01/2020,10:53:15,6.8,6,2900,6.75,2900,0,8700
EXIDEIND30JAN20182.5CE.NFO,07/01/2020,10:53:46,6.8,5.95,2900,6.65,2900,0,8700
EXIDEIND30JAN20182.5CE.NFO,07/01/2020,10:53:52,6.8,5.95,2900,6.55,2900,0,8700
EXIDEIND30JAN20182.5CE.NFO,07/01/2020,10:53:58,6.8,5.95,2900,6.6,5800,0,8700
EXIDEIND30JAN20182.5CE.NFO,07/01/2020,10:54:14,6.8,5.95,2900,6.6,2900,0,8700
EXIDEIND30JAN20182.5CE.NFO,07/01/2020,10:54:20,6.8,5.95,2900,6.65,2900,0,8700
EXIDEIND30JAN20182.5CE.NFO,07/01/2020,10:54:26,6.8,5.8,8700,6.55,2900,0,8700
EXIDEIND30JAN20182.5CE.NFO,07/01/2020,10:54:56,6.8,5.8,20300,6.55,2900,0,8700
EXIDEIND30JAN20182.5CE.NFO,07/01/2020,10:55:00,6.8,5.8,8700,6.55,2900,0,8700
EXIDEIND30JAN20182.5CE.NFO,07/01/2020,10:55:05,6.8,5.8,2900,6.45,2900,0,8700
EXIDEIND30JAN20182.5CE.NFO,07/01/2020,10:55:10,6.8,5.8,2900,6.55,2900,0,8700
EXIDEIND30JAN20182.5CE.NFO,07/01/2020,10:55:14,6.8,5.7,31900,6.55,2900,0,8700
EXIDEIND30JAN20182.5CE.NFO,07/01/2020,10:55:28,6.8,5.7,26100,6.55,2900,0,8700
EXIDEIND30JAN20182.5CE.NFO,07/01/2020,10:55:39,6.8,5.7,37700,6.55,2900,0,8700
EXIDEIND30JAN20182.5CE.NFO,07/01/2020,10:55:44,6.8,5.7,26100,6.55,2900,0,8700
EXIDEIND30JAN20182.5CE.NFO,07/01/2020,10:56:02,6.8,5.7,31900,6.55,2900,0,8700
EXIDEIND30JAN20182.5CE.NFO,07/01/2020,10:56:17,6.8,5.7,37700,6.55,2900,0,8700
EXIDEIND30JAN20182.5CE.NFO,07/01/2020,10:56:21,6.8,5.7,37700,6.7,2900,0,8700
EXIDEIND30JAN20182.5CE.NFO,07/01/2020,10:56:26,6.8,5.7,37700,6.9,2900,0,8700
EXIDEIND30JAN20182.5CE.NFO,07/01/2020,10:56:31,6.8,5.7,8700,6.85,2900,0,8700
EXIDEIND30JAN20182.5CE.NFO,07/01/2020,10:56:36,6.8,5.7,37700,6.95,2900,0,8700
EXIDEIND30JAN20182.5CE.NFO,07/01/2020,10:56:57,6.8,5.7,8700,6.95,2900,0,8700
EXIDEIND30JAN20182.5CE.NFO,07/01/2020,10:57:15,6.8,5.7,8700,7,2900,0,8700
EXIDEIND30JAN20182.5CE.NFO,07/01/2020,10:57:29,6.8,5.7,14500,7,2900,0,8700
EXIDEIND30JAN20182.5CE.NFO,07/01/2020,10:57:35,6.8,5.7,8700,7,2900,0,8700
EXIDEIND30JAN20182.5CE.NFO,07/01/2020,10:58:03,6.8,5.7,8700,7,14500,0,8700
EXIDEIND30JAN20182.5CE.NFO,07/01/2020,10:58:08,6.8,5.7,8700,7,20300,0,8700
EXIDEIND30JAN20182.5CE.NFO,07/01/2020,10:58:13,6.8,5.7,2900,7,20300,0,8700
EXIDEIND30JAN20182.5CE.NFO,07/01/2020,10:58:22,6.8,5.7,2900,7,31900,0,8700
EXIDEIND30JAN20182.5CE.NFO,07/01/2020,10:58:28,6.8,5.7,2900,7,26100,0,8700
EXIDEIND30JAN20182.5CE.NFO,07/01/2020,10:58:33,6.8,5.7,8700,7,26100,0,8700
EXIDEIND30JAN20182.5CE.NFO,07/01/2020,10:59:15,6.8,5.7,2900,7,26100,0,8700
EXIDEIND30JAN20182.5CE.NFO,07/01/2020,10:59:26,6.8,5.7,2900,7,31900,0,8700
EXIDEIND30JAN20182.5CE.NFO,07/01/2020,10:59:58,6.8,5.7,2900,7,29000,0,8700
EXIDEIND30JAN20182.5CE.NFO,07/01/2020,11:00:16,6.8,5.7,2900,7,46400,0,8700
EXIDEIND30JAN20182.5CE.NFO,07/01/2020,11:00:22,6.8,5.7,2900,7,29000,0,8700
EXIDEIND30JAN20182.5CE.NFO,07/01/2020,11:00:42,6.8,5.7,2900,7,34800,0,8700
EXIDEIND30JAN20182.5CE.NFO,07/01/2020,11:00:54,6.8,5.7,2900,7,46400,0,8700
EXIDEIND30JAN20182.5CE.NFO,07/01/2020,11:01:01,6.8,5.55,8700,6.95,46400,0,8700
EXIDEIND30JAN20182.5CE.NFO,07/01/2020,11:01:23,6.8,5.55,8700,6.95,34800,0,8700
EXIDEIND30JAN20182.5CE.NFO,07/01/2020,11:01:37,6.8,5.55,14500,6.95,46400,0,8700
EXIDEIND30JAN20182.5CE.NFO,07/01/2020,11:01:51,6.8,5.55,37700,6.95,11600,0,8700
EXIDEIND30JAN20182.5CE.NFO,07/01/2020,11:01:58,6.8,5.55,43500,6.95,17400,0,8700
EXIDEIND30JAN20182.5CE.NFO,07/01/2020,11:02:18,6.8,5.55,55100,7.15,52200,0,8700
EXIDEIND30JAN20182.5CE.NFO,07/01/2020,11:02:30,6.8,5.55,43500,7.15,52200,0,8700
EXIDEIND30JAN20182.5CE.NFO,07/01/2020,11:02:37,6.8,5.55,37700,7.15,52200,0,8700
EXIDEIND30JAN20182.5CE.NFO,07/01/2020,11:03:23,6.8,5.55,43500,7.15,52200,0,8700
EXIDEIND30JAN20182.5CE.NFO,07/01/2020,11:03:28,6.8,5.55,49300,7.15,52200,0,8700
EXIDEIND30JAN20182.5CE.NFO,07/01/2020,11:03:39,6.8,5.55,8700,7.15,52200,0,8700
EXIDEIND30JAN20182.5CE.NFO,07/01/2020,11:03:45,6.8,5.55,14500,7.15,52200,0,8700
EXIDEIND30JAN20182.5CE.NFO,07/01/2020,11:03:52,6.8,5.55,37700,7.15,46400,0,8700
EXIDEIND30JAN20182.5CE.NFO,07/01/2020,11:04:09,6.8,5.55,8700,7.15,52200,0,8700
EXIDEIND30JAN20182.5CE.NFO,07/01/2020,11:04:15,6.8,5.55,37700,7.15,52200,0,8700
EXIDEIND30JAN20182.5CE.NFO,07/01/2020,11:04:21,6.8,5.55,8700,7.15,52200,0,8700
EXIDEIND30JAN20182.5CE.NFO,07/01/2020,11:04:26,6.8,5.55,37700,7.15,52200,0,8700
EXIDEIND30JAN20182.5CE.NFO,07/01/2020,11:04:32,6.8,5.55,8700,7.15,52200,0,8700
EXIDEIND30JAN20182.5CE.NFO,07/01/2020,11:04:44,6.8,5.7,2900,7.15,52200,0,8700
EXIDEIND30JAN20182.5CE.NFO,07/01/2020,11:04:50,6.8,5.5,26100,7.15,52200,0,8700
EXIDEIND30JAN20182.5CE.NFO,07/01/2020,11:04:56,6.8,5.65,5800,7.15,52200,0,8700
EXIDEIND30JAN20182.5CE.NFO,07/01/2020,11:05:56,6.8,5.75,5800,7.15,52200,0,8700
EXIDEIND30JAN20182.5CE.NFO,07/01/2020,11:06:08,6.8,5.75,5800,7.15,29000,0,8700
EXIDEIND30JAN20182.5CE.NFO,07/01/2020,11:06:15,6.8,5.75,5800,7.15,40600,0,8700
EXIDEIND30JAN20182.5CE.NFO,07/01/2020,11:06:21,6.8,5.75,5800,7.15,46400,0,8700
EXIDEIND30JAN20182.5CE.NFO,07/01/2020,11:06:28,6.8,5.75,5800,7.15,52200,0,8700
EXIDEIND30JAN20182.5CE.NFO,07/01/2020,11:06:37,6.8,5.75,5800,7.15,34800,0,8700
EXIDEIND30JAN20182.5CE.NFO,07/01/2020,11:06:41,6.8,5.75,5800,7.15,46400,0,8700
EXIDEIND30JAN20182.5CE.NFO,07/01/2020,11:06:53,6.8,5.75,5800,7.1,52200,0,8700
EXIDEIND30JAN20182.5CE.NFO,07/01/2020,11:06:58,6.8,5.75,5800,7.1,40600,0,8700
EXIDEIND30JAN20182.5CE.NFO,07/01/2020,11:07:04,6.8,5.75,5800,7.1,52200,0,8700
EXIDEIND30JAN20182.5CE.NFO,07/01/2020,11:07:09,6.8,5.75,5800,7.1,46400,0,8700
EXIDEIND30JAN20182.5CE.NFO,07/01/2020,11:08:13,6.8,5.75,5800,7.1,23200,0,8700
EXIDEIND30JAN20182.5CE.NFO,07/01/2020,11:08:17,6.8,5.75,5800,7.1,52200,0,8700
EXIDEIND30JAN20182.5CE.NFO,07/01/2020,11:09:39,6.8,5.75,5800,7.05,55100,0,8700
EXIDEIND30JAN20182.5CE.NFO,07/01/2020,11:10:32,6.8,5.75,5800,7.05,43500,0,8700
EXIDEIND30JAN20182.5CE.NFO,07/01/2020,11:10:35,6.8,5.75,5800,7.05,49300,0,8700
EXIDEIND30JAN20182.5CE.NFO,07/01/2020,11:10:40,6.8,5.75,5800,7.05,43500,0,8700
EXIDEIND30JAN20182.5CE.NFO,07/01/2020,11:10:55,6.8,5.75,5800,7.05,26100,0,8700
EXIDEIND30JAN20182.5CE.NFO,07/01/2020,11:10:58,6.8,5.75,5800,7.05,49300,0,8700
EXIDEIND30JAN20182.5CE.NFO,07/01/2020,11:11:01,6.8,5.75,5800,7.05,55100,0,8700
EXIDEIND30JAN20182.5CE.NFO,07/01/2020,11:11:07,6.8,5.7,2900,7.05,55100,0,8700
EXIDEIND30JAN20182.5CE.NFO,07/01/2020,11:11:27,6.8,5.7,2900,6.95,20300,0,8700
EXIDEIND30JAN20182.5CE.NFO,07/01/2020,11:11:34,6.8,5.7,2900,6.95,26100,0,8700
EXIDEIND30JAN20182.5CE.NFO,07/01/2020,11:11:41,6.8,5.7,2900,6.95,20300,0,8700
EXIDEIND30JAN20182.5CE.NFO,07/01/2020,11:11:46,6.8,5.75,2900,6.95,20300,0,8700
EXIDEIND30JAN20182.5CE.NFO,07/01/2020,11:11:52,6.8,5.85,2900,6.95,14500,0,8700
EXIDEIND30JAN20182.5CE.NFO,07/01/2020,11:11:57,6.8,5.85,2900,6.95,20300,0,8700
EXIDEIND30JAN20182.5CE.NFO,07/01/2020,11:12:05,6.8,5.8,5800,6.95,55100,0,8700
EXIDEIND30JAN20182.5CE.NFO,07/01/2020,11:12:26,6.8,5.8,5800,6.9,31900,0,8700
EXIDEIND30JAN20182.5CE.NFO,07/01/2020,11:12:33,6.8,5.8,5800,6.9,14500,0,8700
EXIDEIND30JAN20182.5CE.NFO,07/01/2020,11:12:40,6.8,5.8,5800,6.9,20300,0,8700
EXIDEIND30JAN20182.5CE.NFO,07/01/2020,11:13:09,6.8,5.8,5800,6.9,26100,0,8700
EXIDEIND30JAN20182.5CE.NFO,07/01/2020,11:13:22,6.8,5.8,5800,6.9,20300,0,8700
EXIDEIND30JAN20182.5CE.NFO,07/01/2020,11:13:33,6.8,5.8,5800,6.9,26100,0,8700
EXIDEIND30JAN20182.5CE.NFO,07/01/2020,11:13:45,6.8,5.8,5800,7.1,55100,0,8700
EXIDEIND30JAN20182.5CE.NFO,07/01/2020,11:18:33,6.8,5.8,5800,7.1,52200,0,8700
EXIDEIND30JAN20182.5CE.NFO,07/01/2020,11:20:03,6.8,5.8,5800,7.05,43500,0,8700
EXIDEIND30JAN20182.5CE.NFO,07/01/2020,11:20:14,6.8,5.8,5800,7.05,31900,0,8700
EXIDEIND30JAN20182.5CE.NFO,07/01/2020,11:20:28,6.8,5.8,5800,6.95,2900,0,8700
EXIDEIND30JAN20182.5CE.NFO,07/01/2020,11:20:38,6.8,5.8,5800,7.2,55100,0,8700
EXIDEIND30JAN20182.5CE.NFO,07/01/2020,11:20:44,6.8,5.8,5800,6.95,2900,0,8700
EXIDEIND30JAN20182.5CE.NFO,07/01/2020,11:20:49,6.8,5.8,5800,7.05,20300,0,8700
EXIDEIND30JAN20182.5CE.NFO,07/01/2020,11:20:55,6.8,5.8,5800,7.05,2900,0,8700
EXIDEIND30JAN20182.5CE.NFO,07/01/2020,11:21:23,6.8,5.7,2900,7,14500,0,8700
EXIDEIND30JAN20182.5CE.NFO,07/01/2020,11:21:27,6.8,5.7,2900,6.95,2900,0,8700
EXIDEIND30JAN20182.5CE.NFO,07/01/2020,11:21:33,6.8,5.6,37700,6.9,2900,0,8700
EXIDEIND30JAN20182.5CE.NFO,07/01/2020,11:21:39,6.8,5.6,31900,6.9,2900,0,8700
EXIDEIND30JAN20182.5CE.NFO,07/01/2020,11:21:44,6.8,5.6,31900,6.95,2900,0,8700
EXIDEIND30JAN20182.5CE.NFO,07/01/2020,11:22:24,6.8,5.85,2900,6.95,2900,0,8700
EXIDEIND30JAN20182.5CE.NFO,07/01/2020,11:22:33,6.8,5.85,2900,6.9,2900,0,8700
EXIDEIND30JAN20182.5CE.NFO,07/01/2020,11:24:02,6.8,5.85,2900,6.95,2900,0,8700
EXIDEIND30JAN20182.5CE.NFO,07/01/2020,11:24:08,6.8,5.85,2900,6.9,2900,0,8700
EXIDEIND30JAN20182.5CE.NFO,07/01/2020,11:28:20,6.8,5.85,2900,6.85,2900,0,8700
EXIDEIND30JAN20182.5CE.NFO,07/01/2020,11:29:08,6.8,5.85,2900,6.8,2900,0,8700
EXIDEIND30JAN20182.5CE.NFO,07/01/2020,11:31:03,6.8,5.85,2900,7,20300,0,8700
EXIDEIND30JAN20182.5CE.NFO,07/01/2020,11:31:19,6.8,5.85,2900,7,26100,0,8700
EXIDEIND30JAN20182.5CE.NFO,07/01/2020,11:31:23,6.8,5.85,2900,7,20300,0,8700
EXIDEIND30JAN20182.5CE.NFO,07/01/2020,11:31:59,6.8,5.85,2900,7,2900,0,8700
EXIDEIND30JAN20182.5CE.NFO,07/01/2020,11:32:04,6.8,5.85,2900,7.2,55100,0,8700
EXIDEIND30JAN20182.5CE.NFO,07/01/2020,11:32:35,6.8,5.65,43500,7.2,55100,0,8700
EXIDEIND30JAN20182.5CE.NFO,07/01/2020,11:32:47,6.8,5.65,49300,7.2,55100,0,8700
EXIDEIND30JAN20182.5CE.NFO,07/01/2020,11:32:53,6.8,5.65,43500,7.2,55100,0,8700
EXIDEIND30JAN20182.5CE.NFO,07/01/2020,11:32:59,6.8,5.65,49300,7.2,55100,0,8700
EXIDEIND30JAN20182.5CE.NFO,07/01/2020,11:33:25,6.8,5.65,55100,7.2,55100,0,8700
EXIDEIND30JAN20182.5CE.NFO,07/01/2020,11:33:28,6.8,5.75,37700,7.2,55100,0,8700
EXIDEIND30JAN20182.5CE.NFO,07/01/2020,11:33:44,6.8,5.75,37700,7.2,49300,0,8700
EXIDEIND30JAN20182.5CE.NFO,07/01/2020,11:33:56,6.8,5.75,55100,7.2,49300,0,8700
EXIDEIND30JAN20182.5CE.NFO,07/01/2020,11:34:07,6.8,5.85,31900,7.2,2900,0,8700
EXIDEIND30JAN20182.5CE.NFO,07/01/2020,11:34:14,6.8,5.85,31900,7.4,55100,0,8700
EXIDEIND30JAN20182.5CE.NFO,07/01/2020,11:34:27,6.8,5.85,37700,7.4,55100,0,8700
EXIDEIND30JAN20182.5CE.NFO,07/01/2020,11:34:33,6.8,5.85,26100,7.4,55100,0,8700
EXIDEIND30JAN20182.5CE.NFO,07/01/2020,11:34:45,6.8,5.85,26100,7.3,55100,0,8700
EXIDEIND30JAN20182.5CE.NFO,07/01/2020,11:34:50,6.8,5.85,2900,7.2,31900,0,8700
EXIDEIND30JAN20182.5CE.NFO,07/01/2020,11:34:55,6.8,5.85,2900,7.2,55100,0,8700
EXIDEIND30JAN20182.5CE.NFO,07/01/2020,11:35:07,6.8,5.85,2900,7.2,26100,0,8700
EXIDEIND30JAN20182.5CE.NFO,07/01/2020,11:35:12,6.8,5.85,2900,7.2,37700,0,8700
EXIDEIND30JAN20182.5CE.NFO,07/01/2020,11:35:17,6.8,5.85,2900,7.2,31900,0,8700
EXIDEIND30JAN20182.5CE.NFO,07/01/2020,11:35:23,6.8,5.85,2900,7.2,29000,0,8700
EXIDEIND30JAN20182.5CE.NFO,07/01/2020,11:35:39,6.8,5.85,20300,7.2,23200,0,8700
EXIDEIND30JAN20182.5CE.NFO,07/01/2020,11:35:44,6.8,5.85,26100,7.2,34800,0,8700
EXIDEIND30JAN20182.5CE.NFO,07/01/2020,11:35:49,6.8,5.85,26100,7.2,23200,0,8700
EXIDEIND30JAN20182.5CE.NFO,07/01/2020,11:36:03,6.8,5.85,31900,7.45,52200,0,8700
EXIDEIND30JAN20182.5CE.NFO,07/01/2020,11:36:31,6.8,5.85,26100,7.45,52200,0,8700
EXIDEIND30JAN20182.5CE.NFO,07/01/2020,11:36:46,6.8,5.85,31900,7.45,52200,0,8700
EXIDEIND30JAN20182.5CE.NFO,07/01/2020,11:36:52,6.8,5.85,2900,7.45,52200,0,8700
EXIDEIND30JAN20182.5CE.NFO,07/01/2020,11:37:08,6.8,5.85,31900,7.45,52200,0,8700
EXIDEIND30JAN20182.5CE.NFO,07/01/2020,11:37:20,6.8,5.85,20300,7.45,52200,0,8700
EXIDEIND30JAN20182.5CE.NFO,07/01/2020,11:37:30,6.8,5.85,26100,7.45,52200,0,8700
EXIDEIND30JAN20182.5CE.NFO,07/01/2020,11:37:40,6.8,5.85,37700,7.45,52200,0,8700
EXIDEIND30JAN20182.5CE.NFO,07/01/2020,11:37:50,6.8,5.85,31900,7.45,52200,0,8700
EXIDEIND30JAN20182.5CE.NFO,07/01/2020,11:37:54,6.8,5.85,26100,7.45,52200,0,8700
EXIDEIND30JAN20182.5CE.NFO,07/01/2020,11:38:14,6.8,5.85,37700,7.45,52200,0,8700
EXIDEIND30JAN20182.5CE.NFO,07/01/2020,11:38:17,6.8,5.85,31900,7.45,52200,0,8700
EXIDEIND30JAN20182.5CE.NFO,07/01/2020,11:38:35,6.8,5.85,26100,7.45,52200,0,8700
EXIDEIND30JAN20182.5CE.NFO,07/01/2020,11:38:46,6.8,6,2900,7.4,55100,0,8700
EXIDEIND30JAN20182.5CE.NFO,07/01/2020,11:38:54,6.8,6.05,2900,7.3,55100,0,8700
EXIDEIND30JAN20182.5CE.NFO,07/01/2020,11:38:59,6.8,6.05,2900,7.3,52200,0,8700
EXIDEIND30JAN20182.5CE.NFO,07/01/2020,11:43:12,6.8,6.05,2900,7.25,55100,0,8700
EXIDEIND30JAN20182.5CE.NFO,07/01/2020,11:43:43,6.8,6.05,2900,7.25,20300,0,8700
EXIDEIND30JAN20182.5CE.NFO,07/01/2020,11:43:50,6.8,6.05,2900,7.25,26100,0,8700
EXIDEIND30JAN20182.5CE.NFO,07/01/2020,11:44:12,6.8,6.05,2900,7.25,20300,0,8700
EXIDEIND30JAN20182.5CE.NFO,07/01/2020,11:44:27,6.8,6.05,2900,7.25,26100,0,8700
EXIDEIND30JAN20182.5CE.NFO,07/01/2020,11:44:37,6.8,6.05,2900,7.25,31900,0,8700
EXIDEIND30JAN20182.5CE.NFO,07/01/2020,11:44:41,6.8,6.05,2900,7.25,26100,0,8700
EXIDEIND30JAN20182.5CE.NFO,07/01/2020,11:45:20,6.8,6.05,2900,7.25,43500,0,8700
EXIDEIND30JAN20182.5CE.NFO,07/01/2020,11:45:29,6.8,6.05,2900,7.25,31900,0,8700
EXIDEIND30JAN20182.5CE.NFO,07/01/2020,11:46:52,6.8,6.05,2900,7.25,55100,0,8700
EXIDEIND30JAN20182.5CE.NFO,07/01/2020,11:47:06,6.8,6.05,2900,7.1,2900,0,8700
EXIDEIND30JAN20182.5CE.NFO,07/01/2020,11:47:09,6.8,6,2900,7.1,2900,0,8700
EXIDEIND30JAN20182.5CE.NFO,07/01/2020,11:47:12,6.8,5.75,31900,7.1,2900,0,8700
EXIDEIND30JAN20182.5CE.NFO,07/01/2020,11:47:25,6.8,5.75,37700,7.1,2900,0,8700
EXIDEIND30JAN20182.5CE.NFO,07/01/2020,11:47:34,6.8,5.75,31900,7.05,2900,0,8700
EXIDEIND30JAN20182.5CE.NFO,07/01/2020,11:47:38,6.8,5.75,37700,7.05,2900,0,8700
EXIDEIND30JAN20182.5CE.NFO,07/01/2020,11:47:41,6.8,5.75,37700,7.1,2900,0,8700
EXIDEIND30JAN20182.5CE.NFO,07/01/2020,11:48:03,6.8,5.75,31900,7.05,2900,0,8700
EXIDEIND30JAN20182.5CE.NFO,07/01/2020,11:48:12,6.8,5.75,26100,7,2900,0,8700
EXIDEIND30JAN20182.5CE.NFO,07/01/2020,11:48:17,6.8,5.75,26100,7.05,2900,0,8700
EXIDEIND30JAN20182.5CE.NFO,07/01/2020,11:48:20,6.8,5.75,26100,7,2900,0,8700
EXIDEIND30JAN20182.5CE.NFO,07/01/2020,11:48:24,6.8,5.75,26100,7.05,8700,0,8700
EXIDEIND30JAN20182.5CE.NFO,07/01/2020,11:48:27,6.8,5.75,26100,7.05,2900,0,8700
EXIDEIND30JAN20182.5CE.NFO,07/01/2020,11:48:41,6.8,5.75,31900,7,2900,0,8700
EXIDEIND30JAN20182.5CE.NFO,07/01/2020,11:48:45,6.8,5.75,31900,7.05,8700,0,8700
EXIDEIND30JAN20182.5CE.NFO,07/01/2020,11:48:48,6.8,5.75,31900,7,2900,0,8700
EXIDEIND30JAN20182.5CE.NFO,07/01/2020,11:48:50,6.8,5.75,31900,7.05,8700,0,8700
EXIDEIND30JAN20182.5CE.NFO,07/01/2020,11:49:03,6.8,5.75,31900,7,2900,0,8700
EXIDEIND30JAN20182.5CE.NFO,07/01/2020,11:49:06,6.8,5.75,31900,7.05,8700,0,8700
EXIDEIND30JAN20182.5CE.NFO,07/01/2020,11:49:10,6.8,5.75,31900,7,2900,0,8700
EXIDEIND30JAN20182.5CE.NFO,07/01/2020,11:49:13,6.8,5.75,31900,7.05,8700,0,8700
EXIDEIND30JAN20182.5CE.NFO,07/01/2020,11:49:19,6.8,5.75,31900,7,2900,0,8700
EXIDEIND30JAN20182.5CE.NFO,07/01/2020,11:49:21,6.8,5.75,31900,7.05,8700,0,8700
EXIDEIND30JAN20182.5CE.NFO,07/01/2020,11:49:24,6.8,5.75,31900,7,2900,0,8700
EXIDEIND30JAN20182.5CE.NFO,07/01/2020,11:49:27,6.8,5.75,31900,7.05,8700,0,8700
EXIDEIND30JAN20182.5CE.NFO,07/01/2020,11:49:30,6.8,5.75,31900,7,2900,0,8700
EXIDEIND30JAN20182.5CE.NFO,07/01/2020,11:49:38,6.8,5.75,31900,7.05,8700,0,8700
EXIDEIND30JAN20182.5CE.NFO,07/01/2020,11:49:41,6.8,5.75,26100,7,2900,0,8700
EXIDEIND30JAN20182.5CE.NFO,07/01/2020,11:49:44,6.8,5.75,26100,7.05,8700,0,8700
EXIDEIND30JAN20182.5CE.NFO,07/01/2020,11:49:49,6.8,5.75,26100,7,2900,0,8700
EXIDEIND30JAN20182.5CE.NFO,07/01/2020,11:50:12,6.8,5.75,26100,7.05,14500,0,8700
EXIDEIND30JAN20182.5CE.NFO,07/01/2020,11:50:16,6.8,5.75,20300,7,2900,0,8700
EXIDEIND30JAN20182.5CE.NFO,07/01/2020,11:50:37,6.8,5.75,20300,7.05,14500,0,8700
EXIDEIND30JAN20182.5CE.NFO,07/01/2020,11:50:44,6.8,5.75,20300,7,2900,0,8700
EXIDEIND30JAN20182.5CE.NFO,07/01/2020,11:50:47,6.8,5.75,20300,7.05,20300,0,8700
EXIDEIND30JAN20182.5CE.NFO,07/01/2020,11:50:50,6.8,5.75,20300,7,2900,0,8700
EXIDEIND30JAN20182.5CE.NFO,07/01/2020,11:50:56,6.8,5.75,20300,7.05,2900,0,8700
EXIDEIND30JAN20182.5CE.NFO,07/01/2020,11:51:00,6.8,5.75,20300,7,2900,0,8700
EXIDEIND30JAN20182.5CE.NFO,07/01/2020,11:51:08,6.8,5.75,20300,7.05,2900,0,8700
EXIDEIND30JAN20182.5CE.NFO,07/01/2020,11:51:13,6.8,5.75,20300,7,2900,0,8700
EXIDEIND30JAN20182.5CE.NFO,07/01/2020,11:51:14,6.8,5.75,20300,7.05,2900,0,8700
EXIDEIND30JAN20182.5CE.NFO,07/01/2020,11:51:14,6.8,5.75,20300,7.05,8700,0,8700
EXIDEIND30JAN20182.5CE.NFO,07/01/2020,11:51:16,6.8,5.75,20300,7,2900,0,8700
EXIDEIND30JAN20182.5CE.NFO,07/01/2020,11:51:17,6.8,5.75,20300,7.05,8700,0,8700
EXIDEIND30JAN20182.5CE.NFO,07/01/2020,11:51:20,6.8,5.75,14500,7.05,8700,0,8700
EXIDEIND30JAN20182.5CE.NFO,07/01/2020,11:51:21,6.8,5.75,14500,7,2900,0,8700
EXIDEIND30JAN20182.5CE.NFO,07/01/2020,11:51:22,6.8,5.75,20300,7.05,8700,0,8700
EXIDEIND30JAN20182.5CE.NFO,07/01/2020,11:51:23,6.8,5.75,20300,7,2900,0,8700
EXIDEIND30JAN20182.5CE.NFO,07/01/2020,11:51:26,6.8,5.75,20300,7.05,8700,0,8700
EXIDEIND30JAN20182.5CE.NFO,07/01/2020,11:51:28,6.8,5.75,20300,7,2900,0,8700
EXIDEIND30JAN20182.5CE.NFO,07/01/2020,11:51:29,6.8,5.75,26100,7.05,2900,0,8700
EXIDEIND30JAN20182.5CE.NFO,07/01/2020,11:51:29,6.8,5.75,31900,7.05,2900,0,8700
EXIDEIND30JAN20182.5CE.NFO,07/01/2020,11:51:31,6.8,5.75,26100,7.05,2900,0,8700
EXIDEIND30JAN20182.5CE.NFO,07/01/2020,11:51:32,6.8,5.75,20300,7.05,2900,0,8700
EXIDEIND30JAN20182.5CE.NFO,07/01/2020,11:51:40,6.8,5.75,31900,7.05,2900,0,8700
EXIDEIND30JAN20182.5CE.NFO,07/01/2020,11:51:44,6.8,5.75,20300,7.05,2900,0,8700
EXIDEIND30JAN20182.5CE.NFO,07/01/2020,11:51:46,6.8,5.75,20300,7.05,8700,0,8700
EXIDEIND30JAN20182.5CE.NFO,07/01/2020,11:51:46,6.8,5.75,20300,7,2900,0,8700
EXIDEIND30JAN20182.5CE.NFO,07/01/2020,11:51:48,6.8,5.75,20300,7.05,8700,0,8700
EXIDEIND30JAN20182.5CE.NFO,07/01/2020,11:51:48,6.8,5.75,20300,7,2900,0,8700
EXIDEIND30JAN20182.5CE.NFO,07/01/2020,11:51:51,6.8,5.75,20300,7.05,8700,0,8700
EXIDEIND30JAN20182.5CE.NFO,07/01/2020,11:51:52,6.8,5.75,20300,7,2900,0,8700
EXIDEIND30JAN20182.5CE.NFO,07/01/2020,11:51:53,6.8,5.75,20300,7.05,8700,0,8700
EXIDEIND30JAN20182.5CE.NFO,07/01/2020,11:51:54,6.8,5.75,20300,7,2900,0,8700
EXIDEIND30JAN20182.5CE.NFO,07/01/2020,11:51:55,6.8,5.75,20300,7.05,2900,0,8700
EXIDEIND30JAN20182.5CE.NFO,07/01/2020,11:51:56,6.8,5.75,20300,7,2900,0,8700
EXIDEIND30JAN20182.5CE.NFO,07/01/2020,11:51:57,6.8,5.75,20300,7.05,2900,0,8700
EXIDEIND30JAN20182.5CE.NFO,07/01/2020,11:51:58,6.8,5.75,20300,7.05,8700,0,8700
EXIDEIND30JAN20182.5CE.NFO,07/01/2020,11:52:01,6.8,5.75,20300,7,2900,0,8700
EXIDEIND30JAN20182.5CE.NFO,07/01/2020,11:52:03,6.8,5.75,26100,7.05,2900,0,8700
EXIDEIND30JAN20182.5CE.NFO,07/01/2020,11:52:04,6.8,5.75,20300,7.05,2900,0,8700
EXIDEIND30JAN20182.5CE.NFO,07/01/2020,11:52:07,6.8,5.75,31900,7.05,2900,0,8700
EXIDEIND30JAN20182.5CE.NFO,07/01/2020,11:52:33,6.8,5.75,20300,7.05,2900,0,8700
EXIDEIND30JAN20182.5CE.NFO,07/01/2020,11:52:57,6.8,5.75,31900,7.05,2900,0,8700
EXIDEIND30JAN20182.5CE.NFO,07/01/2020,11:53:22,6.8,5.75,20300,7.05,8700,0,8700
EXIDEIND30JAN20182.5CE.NFO,07/01/2020,11:53:26,6.8,5.75,14500,7.1,2900,0,8700
EXIDEIND30JAN20182.5CE.NFO,07/01/2020,11:53:29,6.8,5.75,20300,7.1,2900,0,8700
EXIDEIND30JAN20182.5CE.NFO,07/01/2020,11:53:32,6.8,5.75,14500,7,2900,0,8700
EXIDEIND30JAN20182.5CE.NFO,07/01/2020,11:53:35,6.8,5.75,14500,7.05,2900,0,8700
EXIDEIND30JAN20182.5CE.NFO,07/01/2020,11:53:59,6.8,5.75,11600,7.05,2900,0,8700
EXIDEIND30JAN20182.5CE.NFO,07/01/2020,11:54:21,6.8,5.7,29000,7.05,2900,0,8700
EXIDEIND30JAN20182.5CE.NFO,07/01/2020,11:54:24,6.8,5.7,23200,7.05,2900,0,8700
EXIDEIND30JAN20182.5CE.NFO,07/01/2020,11:54:33,6.8,5.7,17400,7.05,2900,0,8700
EXIDEIND30JAN20182.5CE.NFO,07/01/2020,11:54:38,6.8,5.7,17400,7,2900,0,8700
EXIDEIND30JAN20182.5CE.NFO,07/01/2020,11:54:41,6.8,5.7,23200,7,2900,0,8700
EXIDEIND30JAN20182.5CE.NFO,07/01/2020,11:55:03,6.8,5.7,5800,6.95,2900,0,8700
EXIDEIND30JAN20182.5CE.NFO,07/01/2020,11:55:07,6.8,5.7,11600,7,2900,0,8700
EXIDEIND30JAN20182.5CE.NFO,07/01/2020,11:55:40,6.8,5.7,23200,7,2900,0,8700
EXIDEIND30JAN20182.5CE.NFO,07/01/2020,11:55:58,6.8,5.75,14500,7,2900,0,8700
EXIDEIND30JAN20182.5CE.NFO,07/01/2020,11:57:25,6.8,5.75,8700,7,2900,0,8700
EXIDEIND30JAN20182.5CE.NFO,07/01/2020,11:57:31,6.8,5.75,2900,7,2900,0,8700
EXIDEIND30JAN20182.5CE.NFO,07/01/2020,11:57:35,6.8,5.75,14500,7,2900,0,8700
EXIDEIND30JAN20182.5CE.NFO,07/01/2020,11:57:38,6.8,5.6,26100,6.9,2900,0,8700
EXIDEIND30JAN20182.5CE.NFO,07/01/2020,11:57:42,6.8,5.6,37700,7,2900,0,8700
EXIDEIND30JAN20182.5CE.NFO,07/01/2020,11:57:53,6.8,5.6,26100,7,2900,0,8700
EXIDEIND30JAN20182.5CE.NFO,07/01/2020,11:58:08,6.8,5.6,43500,7,2900,0,8700
EXIDEIND30JAN20182.5CE.NFO,07/01/2020,11:58:11,6.8,5.6,26100,7,2900,0,8700
EXIDEIND30JAN20182.5CE.NFO,07/01/2020,11:58:14,6.8,5.6,43500,7,2900,0,8700
EXIDEIND30JAN20182.5CE.NFO,07/01/2020,11:58:20,6.8,5.6,37700,7,2900,0,8700
EXIDEIND30JAN20182.5CE.NFO,07/01/2020,11:58:21,6.8,5.6,43500,7,2900,0,8700
EXIDEIND30JAN20182.5CE.NFO,07/01/2020,11:58:38,6.8,5.6,49300,7,2900,0,8700
EXIDEIND30JAN20182.5CE.NFO,07/01/2020,11:58:51,6.8,5.6,55100,7,2900,0,8700
EXIDEIND30JAN20182.5CE.NFO,07/01/2020,11:59:05,6.8,5.6,37700,6.95,2900,0,8700
EXIDEIND30JAN20182.5CE.NFO,07/01/2020,11:59:10,6.8,5.6,49300,6.95,2900,0,8700
EXIDEIND30JAN20182.5CE.NFO,07/01/2020,11:59:46,6.8,5.6,46400,6.95,2900,0,8700
EXIDEIND30JAN20182.5CE.NFO,07/01/2020,11:59:49,6.8,5.6,34800,6.95,2900,0,8700
EXIDEIND30JAN20182.5CE.NFO,07/01/2020,12:00:03,6.8,5.6,40600,6.95,2900,0,8700
EXIDEIND30JAN20182.5CE.NFO,07/01/2020,12:00:11,6.8,5.6,40600,6.9,2900,0,8700
EXIDEIND30JAN20182.5CE.NFO,07/01/2020,12:00:14,6.8,5.6,23200,6.9,2900,0,8700
EXIDEIND30JAN20182.5CE.NFO,07/01/2020,12:00:17,6.8,5.6,23200,6.95,20300,0,8700
EXIDEIND30JAN20182.5CE.NFO,07/01/2020,12:00:19,6.8,5.6,46400,6.95,2900,0,8700
EXIDEIND30JAN20182.5CE.NFO,07/01/2020,12:00:26,6.8,5.6,34800,6.95,2900,0,8700
EXIDEIND30JAN20182.5CE.NFO,07/01/2020,12:00:37,6.8,5.6,46400,6.95,2900,0,8700
EXIDEIND30JAN20182.5CE.NFO,07/01/2020,12:00:49,6.8,5.65,26100,6.95,2900,0,8700
EXIDEIND30JAN20182.5CE.NFO,07/01/2020,12:02:35,6.8,5.65,14500,6.95,2900,0,8700
EXIDEIND30JAN20182.5CE.NFO,07/01/2020,12:02:42,6.8,5.65,37700,7,2900,0,8700
EXIDEIND30JAN20182.5CE.NFO,07/01/2020,12:02:48,6.8,5.65,49300,7,2900,0,8700
EXIDEIND30JAN20182.5CE.NFO,07/01/2020,12:03:13,6.8,5.65,37700,7,2900,0,8700
EXIDEIND30JAN20182.5CE.NFO,07/01/2020,12:03:28,6.8,5.65,37700,6.95,2900,0,8700
EXIDEIND30JAN20182.5CE.NFO,07/01/2020,12:03:34,6.8,5.65,26100,6.9,2900,0,8700
EXIDEIND30JAN20182.5CE.NFO,07/01/2020,12:03:37,6.8,5.65,26100,6.95,2900,0,8700
EXIDEIND30JAN20182.5CE.NFO,07/01/2020,12:05:18,6.8,5.65,20300,6.95,2900,0,8700
EXIDEIND30JAN20182.5CE.NFO,07/01/2020,12:05:22,6.8,5.65,49300,6.95,2900,0,8700
EXIDEIND30JAN20182.5CE.NFO,07/01/2020,12:05:52,6.8,5.65,20300,6.95,2900,0,8700
EXIDEIND30JAN20182.5CE.NFO,07/01/2020,12:06:25,6.8,5.65,26100,7,2900,0,8700
EXIDEIND30JAN20182.5CE.NFO,07/01/2020,12:06:33,6.8,5.65,31900,7,2900,0,8700
EXIDEIND30JAN20182.5CE.NFO,07/01/2020,12:07:09,6.8,5.65,43500,7,2900,0,8700
EXIDEIND30JAN20182.5CE.NFO,07/01/2020,12:07:59,6.8,5.65,31900,7,2900,0,8700
EXIDEIND30JAN20182.5CE.NFO,07/01/2020,12:08:12,6.8,5.75,2900,7,2900,0,8700
EXIDEIND30JAN20182.5CE.NFO,07/01/2020,12:08:18,6.8,5.75,20300,7.1,2900,0,8700
EXIDEIND30JAN20182.5CE.NFO,07/01/2020,12:08:25,6.8,5.75,20300,7.05,2900,0,8700
EXIDEIND30JAN20182.5CE.NFO,07/01/2020,12:08:31,6.8,5.75,20300,7.1,2900,0,8700
EXIDEIND30JAN20182.5CE.NFO,07/01/2020,12:08:53,6.8,5.75,14500,7.1,2900,0,8700
EXIDEIND30JAN20182.5CE.NFO,07/01/2020,12:09:16,6.8,5.75,14500,7.05,2900,0,8700
EXIDEIND30JAN20182.5CE.NFO,07/01/2020,12:10:15,6.8,5.75,20300,7.1,2900,0,8700
EXIDEIND30JAN20182.5CE.NFO,07/01/2020,12:10:20,6.8,5.75,14500,7.1,2900,0,8700
EXIDEIND30JAN20182.5CE.NFO,07/01/2020,12:10:51,6.8,5.75,14500,7.05,2900,0,8700
EXIDEIND30JAN20182.5CE.NFO,07/01/2020,12:11:03,6.8,5.75,14500,7.1,2900,0,8700
EXIDEIND30JAN20182.5CE.NFO,07/01/2020,12:11:16,6.8,5.75,14500,7.05,2900,0,8700
EXIDEIND30JAN20182.5CE.NFO,07/01/2020,12:11:49,6.8,5.75,14500,7.1,2900,0,8700
EXIDEIND30JAN20182.5CE.NFO,07/01/2020,12:12:12,6.8,5.75,14500,7.15,2900,0,8700
EXIDEIND30JAN20182.5CE.NFO,07/01/2020,12:12:45,6.8,5.75,14500,7.1,2900,0,8700
EXIDEIND30JAN20182.5CE.NFO,07/01/2020,12:13:13,6.8,5.9,2900,7.1,14500,0,8700
EXIDEIND30JAN20182.5CE.NFO,07/01/2020,12:13:20,6.8,5.9,2900,7.05,2900,0,8700
EXIDEIND30JAN20182.5CE.NFO,07/01/2020,12:13:30,6.8,5.75,14500,6.95,2900,0,8700
EXIDEIND30JAN20182.5CE.NFO,07/01/2020,12:14:02,6.8,5.75,8700,6.95,2900,0,8700
EXIDEIND30JAN20182.5CE.NFO,07/01/2020,12:14:21,6.8,5.75,14500,6.95,2900,0,8700
EXIDEIND30JAN20182.5CE.NFO,07/01/2020,12:14:38,6.8,5.75,14500,7.05,14500,0,8700
EXIDEIND30JAN20182.5CE.NFO,07/01/2020,12:14:41,6.8,5.75,14500,7,2900,0,8700
EXIDEIND30JAN20182.5CE.NFO,07/01/2020,12:15:22,6.8,5.75,14500,6.95,2900,0,8700
EXIDEIND30JAN20182.5CE.NFO,07/01/2020,12:16:28,6.8,5.75,14500,7,2900,0,8700
EXIDEIND30JAN20182.5CE.NFO,07/01/2020,12:18:29,6.8,5.75,37700,7.2,8700,0,8700
EXIDEIND30JAN20182.5CE.NFO,07/01/2020,12:18:33,6.8,5.75,37700,7.1,2900,0,8700
EXIDEIND30JAN20182.5CE.NFO,07/01/2020,12:19:03,6.8,5.75,43500,7.1,2900,0,8700
EXIDEIND30JAN20182.5CE.NFO,07/01/2020,12:19:08,6.8,5.85,20300,7.2,2900,0,8700
EXIDEIND30JAN20182.5CE.NFO,07/01/2020,12:19:40,6.8,5.95,2900,7.15,2900,0,8700
EXIDEIND30JAN20182.5CE.NFO,07/01/2020,12:21:41,6.8,5.95,2900,7.15,8700,0,8700
EXIDEIND30JAN20182.5CE.NFO,07/01/2020,12:21:57,6.8,5.85,2900,7.1,2900,0,8700
EXIDEIND30JAN20182.5CE.NFO,07/01/2020,12:22:01,6.8,5.95,2900,7.1,2900,0,8700
EXIDEIND30JAN20182.5CE.NFO,07/01/2020,12:22:53,6.8,5.95,2900,7.25,14500,0,8700
EXIDEIND30JAN20182.5CE.NFO,07/01/2020,12:23:06,6.8,5.95,8700,7.35,14500,0,8700
EXIDEIND30JAN20182.5CE.NFO,07/01/2020,12:23:18,6.8,5.95,20300,7.35,14500,0,8700
EXIDEIND30JAN20182.5CE.NFO,07/01/2020,12:23:30,6.8,5.95,14500,7.35,14500,0,8700
EXIDEIND30JAN20182.5CE.NFO,07/01/2020,12:23:38,6.8,5.95,11600,7.35,14500,0,8700
EXIDEIND30JAN20182.5CE.NFO,07/01/2020,12:23:40,6.8,5.95,11600,7.35,20300,0,8700
EXIDEIND30JAN20182.5CE.NFO,07/01/2020,12:23:43,6.8,5.95,17400,7.35,20300,0,8700
EXIDEIND30JAN20182.5CE.NFO,07/01/2020,12:23:51,6.8,5.95,11600,7.35,20300,0,8700
EXIDEIND30JAN20182.5CE.NFO,07/01/2020,12:23:59,6.8,6,2900,7.35,20300,0,8700
EXIDEIND30JAN20182.5CE.NFO,07/01/2020,12:24:02,6.8,6,8700,7.35,20300,0,8700
EXIDEIND30JAN20182.5CE.NFO,07/01/2020,12:24:13,6.8,6,14500,7.35,20300,0,8700
EXIDEIND30JAN20182.5CE.NFO,07/01/2020,12:24:18,6.8,6,14500,7.35,26100,0,8700
EXIDEIND30JAN20182.5CE.NFO,07/01/2020,12:24:21,6.8,6,14500,7.35,20300,0,8700
EXIDEIND30JAN20182.5CE.NFO,07/01/2020,12:24:33,6.8,6,14500,7.35,26100,0,8700
EXIDEIND30JAN20182.5CE.NFO,07/01/2020,12:24:36,6.8,6,14500,7.35,31900,0,8700
EXIDEIND30JAN20182.5CE.NFO,07/01/2020,12:24:38,6.8,6,14500,7.35,20300,0,8700
EXIDEIND30JAN20182.5CE.NFO,07/01/2020,12:24:49,6.8,6,8700,7.35,31900,0,8700
EXIDEIND30JAN20182.5CE.NFO,07/01/2020,12:24:55,6.8,6,8700,7.35,20300,0,8700
EXIDEIND30JAN20182.5CE.NFO,07/01/2020,12:24:58,6.8,6,8700,7.35,26100,0,8700
EXIDEIND30JAN20182.5CE.NFO,07/01/2020,12:25:02,6.8,6,8700,7.35,20300,0,8700
EXIDEIND30JAN20182.5CE.NFO,07/01/2020,12:25:10,6.8,5.9,14500,7.35,49300,0,8700
EXIDEIND30JAN20182.5CE.NFO,07/01/2020,12:25:23,6.8,5.9,49300,7.35,20300,0,8700
EXIDEIND30JAN20182.5CE.NFO,07/01/2020,12:25:37,6.8,6,20300,7.35,14500,0,8700
EXIDEIND30JAN20182.5CE.NFO,07/01/2020,12:25:41,6.8,6,14500,7.35,14500,0,8700
EXIDEIND30JAN20182.5CE.NFO,07/01/2020,12:26:06,6.8,6,20300,7.35,14500,0,8700
EXIDEIND30JAN20182.5CE.NFO,07/01/2020,12:26:10,6.8,6,14500,7.35,14500,0,8700
EXIDEIND30JAN20182.5CE.NFO,07/01/2020,12:26:14,6.8,6,14500,7.35,20300,0,8700
EXIDEIND30JAN20182.5CE.NFO,07/01/2020,12:26:20,6.8,6,14500,7.35,14500,0,8700
EXIDEIND30JAN20182.5CE.NFO,07/01/2020,12:26:22,6.8,6,20300,7.35,14500,0,8700
EXIDEIND30JAN20182.5CE.NFO,07/01/2020,12:26:56,6.8,6,14500,7.3,8700,0,8700
EXIDEIND30JAN20182.5CE.NFO,07/01/2020,12:27:05,6.8,6,20300,7.25,2900,0,8700
EXIDEIND30JAN20182.5CE.NFO,07/01/2020,12:28:11,6.8,5.85,8700,7.25,14500,0,8700
EXIDEIND30JAN20182.5CE.NFO,07/01/2020,12:28:15,6.8,5.85,20300,7.25,8700,0,8700
EXIDEIND30JAN20182.5CE.NFO,07/01/2020,12:28:19,6.8,5.85,49300,7.25,2900,0,8700
EXIDEIND30JAN20182.5CE.NFO,07/01/2020,12:28:23,6.8,5.85,55100,7.25,2900,0,8700
EXIDEIND30JAN20182.5CE.NFO,07/01/2020,12:28:34,6.8,5.85,49300,7.25,2900,0,8700
EXIDEIND30JAN20182.5CE.NFO,07/01/2020,12:28:43,6.8,5.85,49300,7.25,8700,0,8700
EXIDEIND30JAN20182.5CE.NFO,07/01/2020,12:28:45,6.8,5.85,49300,7.25,2900,0,8700
EXIDEIND30JAN20182.5CE.NFO,07/01/2020,12:28:58,6.8,5.85,8700,7.2,14500,0,8700
EXIDEIND30JAN20182.5CE.NFO,07/01/2020,12:29:05,6.8,5.85,20300,7.2,14500,0,8700
EXIDEIND30JAN20182.5CE.NFO,07/01/2020,12:30:04,6.8,5.85,8700,7.2,20300,0,8700
EXIDEIND30JAN20182.5CE.NFO,07/01/2020,12:30:09,6.8,5.85,14500,7.2,31900,0,8700
EXIDEIND30JAN20182.5CE.NFO,07/01/2020,12:30:14,6.8,5.85,8700,7.2,14500,0,8700
EXIDEIND30JAN20182.5CE.NFO,07/01/2020,12:30:20,6.8,5.85,20300,7.2,14500,0,8700
EXIDEIND30JAN20182.5CE.NFO,07/01/2020,12:30:24,6.8,5.85,14500,7.2,14500,0,8700
EXIDEIND30JAN20182.5CE.NFO,07/01/2020,12:30:28,6.8,5.85,20300,7.2,14500,0,8700
EXIDEIND30JAN20182.5CE.NFO,07/01/2020,12:30:35,6.8,5.85,8700,7.2,14500,0,8700
EXIDEIND30JAN20182.5CE.NFO,07/01/2020,12:30:41,6.8,5.85,14500,7.2,14500,0,8700
EXIDEIND30JAN20182.5CE.NFO,07/01/2020,12:30:44,6.8,5.85,8700,7.2,14500,0,8700
EXIDEIND30JAN20182.5CE.NFO,07/01/2020,12:30:56,6.8,5.85,20300,7.2,14500,0,8700
EXIDEIND30JAN20182.5CE.NFO,07/01/2020,12:31:20,6.8,5.85,8700,7.2,14500,0,8700
EXIDEIND30JAN20182.5CE.NFO,07/01/2020,12:31:26,6.8,5.85,2900,7.2,37700,0,8700
EXIDEIND30JAN20182.5CE.NFO,07/01/2020,12:31:30,6.8,5.85,8700,7.2,14500,0,8700
EXIDEIND30JAN20182.5CE.NFO,07/01/2020,12:31:51,6.8,5.85,2900,7.2,37700,0,8700
EXIDEIND30JAN20182.5CE.NFO,07/01/2020,12:32:14,6.8,5.85,2900,7.2,43500,0,8700
EXIDEIND30JAN20182.5CE.NFO,07/01/2020,12:32:18,6.8,5.85,2900,7.2,37700,0,8700
EXIDEIND30JAN20182.5CE.NFO,07/01/2020,12:32:21,6.8,5.85,2900,7.2,49300,0,8700
EXIDEIND30JAN20182.5CE.NFO,07/01/2020,12:32:32,6.8,5.85,2900,7.2,55100,0,8700
EXIDEIND30JAN20182.5CE.NFO,07/01/2020,12:32:38,6.8,5.75,8700,7.15,46400,0,8700
EXIDEIND30JAN20182.5CE.NFO,07/01/2020,12:32:44,6.8,5.75,8700,7.15,43500,0,8700
EXIDEIND30JAN20182.5CE.NFO,07/01/2020,12:34:03,6.8,5.75,14500,7.15,43500,0,8700
EXIDEIND30JAN20182.5CE.NFO,07/01/2020,12:34:50,6.8,5.75,8700,7.15,43500,0,8700
EXIDEIND30JAN20182.5CE.NFO,07/01/2020,12:35:02,6.8,5.75,20300,7.15,37700,0,8700
EXIDEIND30JAN20182.5CE.NFO,07/01/2020,12:35:05,6.8,5.75,8700,7.15,43500,0,8700
EXIDEIND30JAN20182.5CE.NFO,07/01/2020,12:35:41,6.8,5.75,8700,7.15,49300,0,8700
EXIDEIND30JAN20182.5CE.NFO,07/01/2020,12:35:54,6.8,5.75,8700,7.15,43500,0,8700
EXIDEIND30JAN20182.5CE.NFO,07/01/2020,12:36:00,6.8,5.75,14500,7.15,43500,0,8700
EXIDEIND30JAN20182.5CE.NFO,07/01/2020,12:36:03,6.8,5.75,8700,7.15,43500,0,8700
EXIDEIND30JAN20182.5CE.NFO,07/01/2020,12:36:10,6.8,5.75,8700,7.15,49300,0,8700
EXIDEIND30JAN20182.5CE.NFO,07/01/2020,12:37:04,6.8,5.75,8700,7.1,37700,0,8700
EXIDEIND30JAN20182.5CE.NFO,07/01/2020,12:37:17,6.8,5.75,14500,7.1,37700,0,8700
EXIDEIND30JAN20182.5CE.NFO,07/01/2020,12:37:29,6.8,5.75,8700,7.1,37700,0,8700
EXIDEIND30JAN20182.5CE.NFO,07/01/2020,12:37:56,6.8,5.75,8700,7.1,43500,0,8700
EXIDEIND30JAN20182.5CE.NFO,07/01/2020,12:38:01,6.8,5.75,14500,7.1,43500,0,8700
EXIDEIND30JAN20182.5CE.NFO,07/01/2020,12:38:27,6.8,5.75,8700,7.1,43500,0,8700
EXIDEIND30JAN20182.5CE.NFO,07/01/2020,12:38:55,6.8,5.75,14500,7.1,43500,0,8700
EXIDEIND30JAN20182.5CE.NFO,07/01/2020,12:39:20,6.8,5.75,8700,7.05,20300,0,8700
EXIDEIND30JAN20182.5CE.NFO,07/01/2020,12:40:08,6.8,5.75,14500,7.05,20300,0,8700
EXIDEIND30JAN20182.5CE.NFO,07/01/2020,12:40:22,6.8,5.75,8700,7.05,20300,0,8700
EXIDEIND30JAN20182.5CE.NFO,07/01/2020,12:40:48,6.8,5.75,8700,7.05,8700,0,8700
EXIDEIND30JAN20182.5CE.NFO,07/01/2020,12:41:01,6.8,5.75,8700,7.05,20300,0,8700
EXIDEIND30JAN20182.5CE.NFO,07/01/2020,12:41:26,6.8,5.75,14500,7.05,20300,0,8700
EXIDEIND30JAN20182.5CE.NFO,07/01/2020,12:41:40,6.8,5.75,8700,7.05,20300,0,8700
EXIDEIND30JAN20182.5CE.NFO,07/01/2020,12:42:09,6.8,5.75,14500,7.05,20300,0,8700
EXIDEIND30JAN20182.5CE.NFO,07/01/2020,12:42:20,6.8,5.75,17400,7.05,20300,0,8700
EXIDEIND30JAN20182.5CE.NFO,07/01/2020,12:42:40,6.8,5.75,11600,7.05,20300,0,8700
EXIDEIND30JAN20182.5CE.NFO,07/01/2020,12:43:14,6.8,5.75,11600,7.05,14500,0,8700
EXIDEIND30JAN20182.5CE.NFO,07/01/2020,12:43:16,6.8,5.75,11600,7.05,8700,0,8700
EXIDEIND30JAN20182.5CE.NFO,07/01/2020,12:43:46,6.8,5.75,17400,7.05,8700,0,8700
EXIDEIND30JAN20182.5CE.NFO,07/01/2020,12:43:51,6.8,5.75,17400,7.05,20300,0,8700
EXIDEIND30JAN20182.5CE.NFO,07/01/2020,12:43:52,6.8,5.75,17400,7.05,8700,0,8700
EXIDEIND30JAN20182.5CE.NFO,07/01/2020,12:44:15,6.8,5.75,11600,7.05,8700,0,8700
EXIDEIND30JAN20182.5CE.NFO,07/01/2020,12:44:20,6.8,5.75,17400,7.05,8700,0,8700
EXIDEIND30JAN20182.5CE.NFO,07/01/2020,12:44:36,6.8,5.75,11600,7.05,8700,0,8700
EXIDEIND30JAN20182.5CE.NFO,07/01/2020,12:46:44,6.8,5.75,11600,7.05,2900,0,8700
EXIDEIND30JAN20182.5CE.NFO,07/01/2020,12:47:00,6.8,5.75,11600,7.05,8700,0,8700
EXIDEIND30JAN20182.5CE.NFO,07/01/2020,12:47:24,6.8,5.75,11600,7,2900,0,8700
EXIDEIND30JAN20182.5CE.NFO,07/01/2020,12:48:04,6.8,5.75,17400,7,2900,0,8700
EXIDEIND30JAN20182.5CE.NFO,07/01/2020,12:48:20,6.8,5.75,11600,7,2900,0,8700
EXIDEIND30JAN20182.5CE.NFO,07/01/2020,12:48:45,6.8,5.75,17400,7,2900,0,8700
EXIDEIND30JAN20182.5CE.NFO,07/01/2020,12:49:04,6.8,5.75,11600,7,2900,0,8700
EXIDEIND30JAN20182.5CE.NFO,07/01/2020,12:49:16,6.8,5.75,17400,7,2900,0,8700
EXIDEIND30JAN20182.5CE.NFO,07/01/2020,12:50:21,6.8,5.75,40600,7,2900,0,8700
EXIDEIND30JAN20182.5CE.NFO,07/01/2020,12:50:24,6.8,5.75,17400,7,2900,0,8700
EXIDEIND30JAN20182.5CE.NFO,07/01/2020,12:50:27,6.8,5.75,40600,7,2900,0,8700
EXIDEIND30JAN20182.5CE.NFO,07/01/2020,12:50:37,6.8,5.75,17400,7,2900,0,8700
EXIDEIND30JAN20182.5CE.NFO,07/01/2020,12:51:42,6.8,5.75,17400,7.05,20300,0,8700
EXIDEIND30JAN20182.5CE.NFO,07/01/2020,12:51:45,6.8,5.75,17400,7.05,8700,0,8700
EXIDEIND30JAN20182.5CE.NFO,07/01/2020,12:51:52,6.8,5.75,17400,7.05,14500,0,8700
EXIDEIND30JAN20182.5CE.NFO,07/01/2020,12:51:55,6.8,5.75,17400,7.05,8700,0,8700
EXIDEIND30JAN20182.5CE.NFO,07/01/2020,12:53:10,6.8,5.75,17400,6.95,2900,0,8700
EXIDEIND30JAN20182.5CE.NFO,07/01/2020,12:53:13,6.8,5.75,11600,6.95,2900,0,8700
EXIDEIND30JAN20182.5CE.NFO,07/01/2020,12:53:21,6.8,5.75,11600,7,8700,0,8700
EXIDEIND30JAN20182.5CE.NFO,07/01/2020,12:53:25,6.8,5.75,17400,6.95,2900,0,8700
EXIDEIND30JAN20182.5CE.NFO,07/01/2020,12:53:36,6.8,5.75,17400,7.15,43500,0,8700
EXIDEIND30JAN20182.5CE.NFO,07/01/2020,12:53:40,6.8,5.75,11600,7.15,43500,0,8700
EXIDEIND30JAN20182.5CE.NFO,07/01/2020,12:53:43,6.8,5.75,17400,7.1,20300,0,8700
EXIDEIND30JAN20182.5CE.NFO,07/01/2020,12:53:46,6.8,5.75,17400,7.1,8700,0,8700
EXIDEIND30JAN20182.5CE.NFO,07/01/2020,12:54:53,6.8,5.75,46400,7.3,43500,0,8700
EXIDEIND30JAN20182.5CE.NFO,07/01/2020,12:54:57,6.8,5.75,40600,7.3,43500,0,8700
EXIDEIND30JAN20182.5CE.NFO,07/01/2020,12:55:01,6.8,5.75,40600,7.3,49300,0,8700
EXIDEIND30JAN20182.5CE.NFO,07/01/2020,12:55:06,6.8,5.75,40600,7.3,43500,0,8700
EXIDEIND30JAN20182.5CE.NFO,07/01/2020,12:55:10,6.8,5.75,52200,7.3,43500,0,8700
EXIDEIND30JAN20182.5CE.NFO,07/01/2020,12:55:14,6.8,5.75,52200,7.3,8700,0,8700
EXIDEIND30JAN20182.5CE.NFO,07/01/2020,12:55:21,6.8,5.75,58000,7.3,8700,0,8700
EXIDEIND30JAN20182.5CE.NFO,07/01/2020,12:55:29,6.8,5.75,58000,7.25,2900,0,8700
EXIDEIND30JAN20182.5CE.NFO,07/01/2020,12:55:33,6.8,5.75,52200,7.45,49300,0,8700
EXIDEIND30JAN20182.5CE.NFO,07/01/2020,12:55:35,6.8,5.75,58000,7.45,55100,0,8700
EXIDEIND30JAN20182.5CE.NFO,07/01/2020,12:55:37,6.8,5.75,52200,7.4,37700,0,8700
EXIDEIND30JAN20182.5CE.NFO,07/01/2020,12:55:39,6.8,5.75,52200,7.4,43500,0,8700
EXIDEIND30JAN20182.5CE.NFO,07/01/2020,12:55:41,6.8,5.75,58000,7.4,43500,0,8700
EXIDEIND30JAN20182.5CE.NFO,07/01/2020,12:55:46,6.8,5.75,52200,7.4,43500,0,8700
EXIDEIND30JAN20182.5CE.NFO,07/01/2020,12:55:52,6.8,5.75,17400,7.4,49300,0,8700
EXIDEIND30JAN20182.5CE.NFO,07/01/2020,12:55:55,6.8,5.75,58000,7.4,43500,0,8700
EXIDEIND30JAN20182.5CE.NFO,07/01/2020,12:56:02,6.8,5.75,17400,7.4,55100,0,8700
EXIDEIND30JAN20182.5CE.NFO,07/01/2020,12:56:04,6.8,5.75,17400,7.4,49300,0,8700
EXIDEIND30JAN20182.5CE.NFO,07/01/2020,12:56:07,6.8,5.75,17400,7.4,55100,0,8700
EXIDEIND30JAN20182.5CE.NFO,07/01/2020,12:56:13,6.8,5.75,17400,7.4,49300,0,8700
EXIDEIND30JAN20182.5CE.NFO,07/01/2020,12:56:16,6.8,5.75,17400,7.4,43500,0,8700
EXIDEIND30JAN20182.5CE.NFO,07/01/2020,12:56:21,6.8,5.75,17400,7.4,55100,0,8700
EXIDEIND30JAN20182.5CE.NFO,07/01/2020,12:56:29,6.8,5.75,17400,7.4,43500,0,8700
EXIDEIND30JAN20182.5CE.NFO,07/01/2020,12:56:32,6.8,5.75,17400,7.4,55100,0,8700
EXIDEIND30JAN20182.5CE.NFO,07/01/2020,12:56:35,6.8,5.75,17400,7.4,43500,0,8700
EXIDEIND30JAN20182.5CE.NFO,07/01/2020,12:56:38,6.8,5.75,17400,7.4,49300,0,8700
EXIDEIND30JAN20182.5CE.NFO,07/01/2020,12:56:51,6.8,5.75,17400,7.4,43500,0,8700
EXIDEIND30JAN20182.5CE.NFO,07/01/2020,12:57:14,6.8,5.75,17400,7.4,55100,0,8700
EXIDEIND30JAN20182.5CE.NFO,07/01/2020,12:57:25,6.8,5.75,34800,7.3,49300,0,8700
EXIDEIND30JAN20182.5CE.NFO,07/01/2020,12:57:28,6.8,5.75,17400,7.3,49300,0,8700
EXIDEIND30JAN20182.5CE.NFO,07/01/2020,12:57:31,6.8,5.75,40600,7.3,49300,0,8700
EXIDEIND30JAN20182.5CE.NFO,07/01/2020,12:57:35,6.8,5.75,23200,7.3,49300,0,8700
EXIDEIND30JAN20182.5CE.NFO,07/01/2020,12:57:38,6.8,5.75,17400,7.3,49300,0,8700
EXIDEIND30JAN20182.5CE.NFO,07/01/2020,12:57:56,6.8,5.75,34800,7.3,49300,0,8700
EXIDEIND30JAN20182.5CE.NFO,07/01/2020,12:57:59,6.8,5.75,40600,7.3,49300,0,8700
EXIDEIND30JAN20182.5CE.NFO,07/01/2020,12:58:03,6.8,5.75,17400,7.3,49300,0,8700
EXIDEIND30JAN20182.5CE.NFO,07/01/2020,12:58:13,6.8,5.75,34800,7.3,49300,0,8700
EXIDEIND30JAN20182.5CE.NFO,07/01/2020,12:58:18,6.8,5.75,17400,7.3,49300,0,8700
EXIDEIND30JAN20182.5CE.NFO,07/01/2020,12:58:33,6.8,5.75,46400,7.3,43500,0,8700
EXIDEIND30JAN20182.5CE.NFO,07/01/2020,12:58:36,6.8,5.85,14500,7.3,43500,0,8700
EXIDEIND30JAN20182.5CE.NFO,07/01/2020,12:59:01,6.8,5.85,8700,7.3,43500,0,8700
EXIDEIND30JAN20182.5CE.NFO,07/01/2020,12:59:05,6.8,5.85,14500,7.3,43500,0,8700
EXIDEIND30JAN20182.5CE.NFO,07/01/2020,12:59:47,6.8,5.85,31900,7.3,43500,0,8700
EXIDEIND30JAN20182.5CE.NFO,07/01/2020,12:59:51,6.8,5.85,14500,7.25,43500,0,8700
EXIDEIND30JAN20182.5CE.NFO,07/01/2020,12:59:55,6.8,5.85,14500,7.25,37700,0,8700
EXIDEIND30JAN20182.5CE.NFO,07/01/2020,12:59:59,6.8,5.85,8700,7.25,37700,0,8700
EXIDEIND30JAN20182.5CE.NFO,07/01/2020,13:00:03,6.8,5.85,14500,7.25,43500,0,8700
EXIDEIND30JAN20182.5CE.NFO,07/01/2020,13:00:17,6.8,5.85,2900,7.25,43500,0,8700
EXIDEIND30JAN20182.5CE.NFO,07/01/2020,13:00:25,6.8,5.85,8700,7.25,43500,0,8700
EXIDEIND30JAN20182.5CE.NFO,07/01/2020,13:00:30,6.8,5.85,2900,7.25,43500,0,8700
EXIDEIND30JAN20182.5CE.NFO,07/01/2020,13:00:35,6.8,5.85,2900,7.25,49300,0,8700
EXIDEIND30JAN20182.5CE.NFO,07/01/2020,13:00:45,6.8,5.85,14500,7.25,26100,0,8700
EXIDEIND30JAN20182.5CE.NFO,07/01/2020,13:00:51,6.8,5.85,14500,7.25,43500,0,8700
EXIDEIND30JAN20182.5CE.NFO,07/01/2020,13:00:55,6.8,5.85,8700,7.25,43500,0,8700
EXIDEIND30JAN20182.5CE.NFO,07/01/2020,13:01:00,6.8,5.85,14500,7.25,43500,0,8700
EXIDEIND30JAN20182.5CE.NFO,07/01/2020,13:01:05,6.8,5.85,8700,7.2,20300,0,8700
EXIDEIND30JAN20182.5CE.NFO,07/01/2020,13:01:12,6.8,5.85,8700,7.15,8700,0,8700
EXIDEIND30JAN20182.5CE.NFO,07/01/2020,13:01:23,6.8,5.85,8700,7.15,2900,0,8700
EXIDEIND30JAN20182.5CE.NFO,07/01/2020,13:01:29,6.8,5.85,8700,7.15,8700,0,8700
EXIDEIND30JAN20182.5CE.NFO,07/01/2020,13:01:35,6.8,5.85,14500,7.15,8700,0,8700
EXIDEIND30JAN20182.5CE.NFO,07/01/2020,13:01:41,6.8,5.85,14500,7.15,2900,0,8700
EXIDEIND30JAN20182.5CE.NFO,07/01/2020,13:01:46,6.8,5.85,8700,7.15,2900,0,8700
EXIDEIND30JAN20182.5CE.NFO,07/01/2020,13:01:51,6.8,5.85,8700,7.15,8700,0,8700
EXIDEIND30JAN20182.5CE.NFO,07/01/2020,13:02:17,6.8,5.85,8700,7.15,2900,0,8700
EXIDEIND30JAN20182.5CE.NFO,07/01/2020,13:02:21,6.8,5.85,8700,7.15,8700,0,8700
EXIDEIND30JAN20182.5CE.NFO,07/01/2020,13:02:26,6.8,5.85,2900,7.15,8700,0,8700
EXIDEIND30JAN20182.5CE.NFO,07/01/2020,13:02:36,6.8,5.85,14500,7.15,2900,0,8700
EXIDEIND30JAN20182.5CE.NFO,07/01/2020,13:02:49,6.8,5.85,2900,7.1,43500,0,8700
EXIDEIND30JAN20182.5CE.NFO,07/01/2020,13:03:01,6.8,5.85,2900,7,14500,0,8700
EXIDEIND30JAN20182.5CE.NFO,07/01/2020,13:03:04,6.8,5.85,2900,7,20300,0,8700
EXIDEIND30JAN20182.5CE.NFO,07/01/2020,13:03:31,6.8,5.85,2900,6.95,8700,0,8700
EXIDEIND30JAN20182.5CE.NFO,07/01/2020,13:03:46,6.8,5.85,2900,6.9,2900,0,8700
EXIDEIND30JAN20182.5CE.NFO,07/01/2020,13:03:50,6.8,5.75,5800,6.9,8700,0,8700
EXIDEIND30JAN20182.5CE.NFO,07/01/2020,13:03:56,6.8,5.75,5800,6.85,2900,0,8700
EXIDEIND30JAN20182.5CE.NFO,07/01/2020,13:04:26,6.8,5.75,5800,6.75,2900,0,8700
EXIDEIND30JAN20182.5CE.NFO,07/01/2020,13:04:46,6.8,5.75,2900,6.75,2900,0,8700
EXIDEIND30JAN20182.5CE.NFO,07/01/2020,13:04:53,6.8,5.75,2900,6.85,8700,0,8700
EXIDEIND30JAN20182.5CE.NFO,07/01/2020,13:05:18,6.8,5.75,2900,6.85,14500,0,8700
EXIDEIND30JAN20182.5CE.NFO,07/01/2020,13:07:00,6.8,5.75,2900,6.85,20300,0,8700
EXIDEIND30JAN20182.5CE.NFO,07/01/2020,13:07:09,6.8,5.75,2900,6.85,43500,0,8700
EXIDEIND30JAN20182.5CE.NFO,07/01/2020,13:07:14,6.8,5.75,2900,6.75,55100,0,8700
EXIDEIND30JAN20182.5CE.NFO,07/01/2020,13:08:41,6.8,5.75,2900,6.75,52200,0,8700
EXIDEIND30JAN20182.5CE.NFO,07/01/2020,13:09:16,6.8,5.75,2900,6.3,2900,0,8700
EXIDEIND30JAN20182.5CE.NFO,07/01/2020,13:09:29,6.8,5.75,2900,6.25,2900,0,8700
EXIDEIND30JAN20182.5CE.NFO,07/01/2020,13:09:46,6.8,5.75,2900,6.2,2900,0,8700
EXIDEIND30JAN20182.5CE.NFO,07/01/2020,13:09:53,6.8,5.75,2900,6.25,2900,0,8700
EXIDEIND30JAN20182.5CE.NFO,07/01/2020,13:09:59,6.8,5.75,2900,6.35,2900,0,8700
EXIDEIND30JAN20182.5CE.NFO,07/01/2020,13:10:04,6.8,5.75,2900,6.3,2900,0,8700
EXIDEIND30JAN20182.5CE.NFO,07/01/2020,13:10:15,6.8,5.75,2900,6.25,2900,0,8700
EXIDEIND30JAN20182.5CE.NFO,07/01/2020,13:10:21,6.8,5.75,2900,6.3,2900,0,8700
EXIDEIND30JAN20182.5CE.NFO,07/01/2020,13:10:43,6.8,5.75,2900,6.4,2900,0,8700
EXIDEIND30JAN20182.5CE.NFO,07/01/2020,13:10:47,6.8,5.75,2900,6.35,2900,0,8700
EXIDEIND30JAN20182.5CE.NFO,07/01/2020,13:10:52,6.8,5.75,2900,6.4,2900,0,8700
EXIDEIND30JAN20182.5CE.NFO,07/01/2020,13:10:56,6.8,5.75,2900,6.35,2900,0,8700
EXIDEIND30JAN20182.5CE.NFO,07/01/2020,13:11:09,6.8,5.75,2900,6.25,2900,0,8700
EXIDEIND30JAN20182.5CE.NFO,07/01/2020,13:11:14,6.8,5.75,2900,6.35,2900,0,8700
EXIDEIND30JAN20182.5CE.NFO,07/01/2020,13:13:27,6.8,5.75,2900,6.3,2900,0,8700
EXIDEIND30JAN20182.5CE.NFO,07/01/2020,13:13:32,6.8,5.75,2900,6.25,2900,0,8700
EXIDEIND30JAN20182.5CE.NFO,07/01/2020,13:13:36,6.8,5.75,2900,6.3,2900,0,8700
EXIDEIND30JAN20182.5CE.NFO,07/01/2020,13:13:44,6.8,5.75,2900,6.35,2900,0,8700
EXIDEIND30JAN20182.5CE.NFO,07/01/2020,13:14:10,6.8,5.75,2900,6.2,2900,0,8700
EXIDEIND30JAN20182.5CE.NFO,07/01/2020,13:14:14,6.8,5.75,2900,6.25,2900,0,8700
EXIDEIND30JAN20182.5CE.NFO,07/01/2020,13:14:18,6.8,5.75,2900,6.2,2900,0,8700
EXIDEIND30JAN20182.5CE.NFO,07/01/2020,13:14:21,6.8,5.75,2900,6.3,2900,0,8700
EXIDEIND30JAN20182.5CE.NFO,07/01/2020,13:14:25,6.8,5.75,2900,6.2,2900,0,8700
EXIDEIND30JAN20182.5CE.NFO,07/01/2020,13:14:49,6.8,5.75,2900,6.25,2900,0,8700
EXIDEIND30JAN20182.5CE.NFO,07/01/2020,13:14:56,6.8,5.75,2900,6.2,2900,0,8700
EXIDEIND30JAN20182.5CE.NFO,07/01/2020,13:15:00,6.8,5.75,2900,6.25,2900,0,8700
EXIDEIND30JAN20182.5CE.NFO,07/01/2020,13:15:06,6.8,5.75,2900,6.2,2900,0,8700
EXIDEIND30JAN20182.5CE.NFO,07/01/2020,13:15:13,5.75,5.3,5800,6.2,2900,2900,11600
EXIDEIND30JAN20182.5CE.NFO,07/01/2020,13:15:13,5.75,5.3,5800,6.2,2900,0,11600
EXIDEIND30JAN20182.5CE.NFO,07/01/2020,13:15:21,5.75,5.3,5800,6.3,2900,0,11600
EXIDEIND30JAN20182.5CE.NFO,07/01/2020,13:15:34,5.75,5.3,5800,6.25,2900,0,11600
EXIDEIND30JAN20182.5CE.NFO,07/01/2020,13:15:46,5.75,5.3,5800,6.3,2900,0,11600
EXIDEIND30JAN20182.5CE.NFO,07/01/2020,13:15:52,5.75,5.3,5800,6.15,2900,0,11600
EXIDEIND30JAN20182.5CE.NFO,07/01/2020,13:16:08,5.75,5.3,5800,6.25,2900,0,11600
EXIDEIND30JAN20182.5CE.NFO,07/01/2020,13:16:25,5.75,5.3,5800,6.2,2900,0,11600
EXIDEIND30JAN20182.5CE.NFO,07/01/2020,13:16:48,5.75,5.3,5800,6.15,2900,0,11600
EXIDEIND30JAN20182.5CE.NFO,07/01/2020,13:17:43,5.75,5.3,5800,6.2,2900,0,11600
EXIDEIND30JAN20182.5CE.NFO,07/01/2020,13:17:48,5.75,5.3,5800,6.25,2900,0,11600
EXIDEIND30JAN20182.5CE.NFO,07/01/2020,13:17:58,5.75,5.3,2900,6.2,2900,0,11600
EXIDEIND30JAN20182.5CE.NFO,07/01/2020,13:18:22,5.75,5.2,11600,6.2,2900,0,11600
EXIDEIND30JAN20182.5CE.NFO,07/01/2020,13:18:27,5.75,5.2,5800,6.15,2900,0,11600
EXIDEIND30JAN20182.5CE.NFO,07/01/2020,13:18:33,5.75,5.2,2900,6.15,2900,0,11600
EXIDEIND30JAN20182.5CE.NFO,07/01/2020,13:18:48,5.75,5.2,14500,6.15,2900,0,11600
EXIDEIND30JAN20182.5CE.NFO,07/01/2020,13:18:53,5.75,5.2,2900,6.15,2900,0,11600
EXIDEIND30JAN20182.5CE.NFO,07/01/2020,13:19:15,5.75,5.2,2900,6.1,2900,0,11600
EXIDEIND30JAN20182.5CE.NFO,07/01/2020,13:19:20,5.75,5.2,2900,6.2,2900,0,11600
EXIDEIND30JAN20182.5CE.NFO,07/01/2020,13:19:24,5.75,5.2,2900,6.15,2900,0,11600
EXIDEIND30JAN20182.5CE.NFO,07/01/2020,13:19:28,5.75,5.2,2900,6.1,2900,0,11600
EXIDEIND30JAN20182.5CE.NFO,07/01/2020,13:19:32,5.75,5.1,5800,6.1,2900,0,11600
EXIDEIND30JAN20182.5CE.NFO,07/01/2020,13:19:48,5.75,5.1,11600,6.1,2900,0,11600
EXIDEIND30JAN20182.5CE.NFO,07/01/2020,13:19:51,5.75,5.1,5800,6.05,2900,0,11600
EXIDEIND30JAN20182.5CE.NFO,07/01/2020,13:19:55,5.75,5.1,11600,6.1,2900,0,11600
EXIDEIND30JAN20182.5CE.NFO,07/01/2020,13:20:03,5.75,5.1,11600,6.05,2900,0,11600
EXIDEIND30JAN20182.5CE.NFO,07/01/2020,13:20:06,5.75,5.1,29000,6.15,2900,0,11600
EXIDEIND30JAN20182.5CE.NFO,07/01/2020,13:20:11,5.75,5.1,11600,6.15,2900,0,11600
EXIDEIND30JAN20182.5CE.NFO,07/01/2020,13:20:16,5.75,5.1,11600,6.2,2900,0,11600
EXIDEIND30JAN20182.5CE.NFO,07/01/2020,13:20:21,5.75,5.1,46400,6.2,2900,0,11600
EXIDEIND30JAN20182.5CE.NFO,07/01/2020,13:20:25,5.75,5.1,40600,6.25,2900,0,11600
EXIDEIND30JAN20182.5CE.NFO,07/01/2020,13:20:48,5.75,5.1,11600,6.2,2900,0,11600
EXIDEIND30JAN20182.5CE.NFO,07/01/2020,13:20:51,5.75,5.1,11600,6.3,2900,0,11600
EXIDEIND30JAN20182.5CE.NFO,07/01/2020,13:20:54,5.75,5.1,11600,6.2,2900,0,11600
EXIDEIND30JAN20182.5CE.NFO,07/01/2020,13:21:00,5.75,5.1,34800,6.3,2900,0,11600
EXIDEIND30JAN20182.5CE.NFO,07/01/2020,13:21:06,5.75,5.1,11600,6.2,2900,0,11600
EXIDEIND30JAN20182.5CE.NFO,07/01/2020,13:21:12,5.75,5.15,2900,6.15,2900,0,11600
EXIDEIND30JAN20182.5CE.NFO,07/01/2020,13:21:18,5.75,5.25,2900,6,2900,0,11600
EXIDEIND30JAN20182.5CE.NFO,07/01/2020,13:21:25,5.75,5.3,2900,6.1,5800,0,11600
EXIDEIND30JAN20182.5CE.NFO,07/01/2020,13:21:46,5.75,5.3,2900,6.1,2900,0,11600
EXIDEIND30JAN20182.5CE.NFO,07/01/2020,13:22:02,5.75,5.3,2900,6,2900,0,11600
EXIDEIND30JAN20182.5CE.NFO,07/01/2020,13:22:06,5.75,5.3,2900,6.05,2900,0,11600
EXIDEIND30JAN20182.5CE.NFO,07/01/2020,13:22:10,5.75,5.3,2900,6.15,2900,0,11600
EXIDEIND30JAN20182.5CE.NFO,07/01/2020,13:22:14,5.75,5.3,2900,6.1,5800,0,11600
EXIDEIND30JAN20182.5CE.NFO,07/01/2020,13:22:19,5.75,5.3,2900,6,2900,0,11600
EXIDEIND30JAN20182.5CE.NFO,07/01/2020,13:22:24,5.75,5.3,2900,6.05,2900,0,11600
EXIDEIND30JAN20182.5CE.NFO,07/01/2020,13:22:28,5.75,5.3,2900,6.1,2900,0,11600
EXIDEIND30JAN20182.5CE.NFO,07/01/2020,13:22:39,5.75,5.3,2900,6.05,2900,0,11600
EXIDEIND30JAN20182.5CE.NFO,07/01/2020,13:22:43,5.75,5.3,2900,6,2900,0,11600
EXIDEIND30JAN20182.5CE.NFO,07/01/2020,13:22:53,5.75,5.25,2900,6.05,5800,0,11600
EXIDEIND30JAN20182.5CE.NFO,07/01/2020,13:23:06,5.75,5.25,2900,6,2900,0,11600
EXIDEIND30JAN20182.5CE.NFO,07/01/2020,13:23:11,5.75,5.25,2900,6.05,5800,0,11600
EXIDEIND30JAN20182.5CE.NFO,07/01/2020,13:23:15,5.75,5.25,2900,6,2900,0,11600
EXIDEIND30JAN20182.5CE.NFO,07/01/2020,13:23:20,5.75,5.25,2900,6.05,5800,0,11600
EXIDEIND30JAN20182.5CE.NFO,07/01/2020,13:23:30,5.75,5.25,2900,6,2900,0,11600
EXIDEIND30JAN20182.5CE.NFO,07/01/2020,13:23:40,5.75,5.25,2900,6.05,5800,0,11600
EXIDEIND30JAN20182.5CE.NFO,07/01/2020,13:23:44,5.75,5.25,2900,6,2900,0,11600
EXIDEIND30JAN20182.5CE.NFO,07/01/2020,13:23:49,5.75,5.25,2900,6.05,5800,0,11600
EXIDEIND30JAN20182.5CE.NFO,07/01/2020,13:23:58,5.75,5.25,2900,5.85,2900,0,11600
EXIDEIND30JAN20182.5CE.NFO,07/01/2020,13:24:04,5.75,5.25,2900,6,5800,0,11600
EXIDEIND30JAN20182.5CE.NFO,07/01/2020,13:24:08,5.75,5.25,2900,5.9,5800,0,11600
EXIDEIND30JAN20182.5CE.NFO,07/01/2020,13:24:13,5.75,5.25,2900,6,5800,0,11600
EXIDEIND30JAN20182.5CE.NFO,07/01/2020,13:24:18,5.75,5.25,2900,6.05,5800,0,11600
EXIDEIND30JAN20182.5CE.NFO,07/01/2020,13:24:22,5.75,5.25,2900,5.95,2900,0,11600
EXIDEIND30JAN20182.5CE.NFO,07/01/2020,13:24:25,5.75,5.25,2900,6,2900,0,11600
EXIDEIND30JAN20182.5CE.NFO,07/01/2020,13:24:32,5.75,5.25,2900,6,5800,0,11600
EXIDEIND30JAN20182.5CE.NFO,07/01/2020,13:24:36,5.75,5.25,5800,6.15,2900,0,11600
EXIDEIND30JAN20182.5CE.NFO,07/01/2020,13:24:51,5.75,5.25,5800,6.1,2900,0,11600
EXIDEIND30JAN20182.5CE.NFO,07/01/2020,13:24:56,5.75,5.25,5800,6.25,5800,0,11600
EXIDEIND30JAN20182.5CE.NFO,07/01/2020,13:25:06,5.75,5.25,5800,6.1,2900,0,11600
EXIDEIND30JAN20182.5CE.NFO,07/01/2020,13:25:27,5.75,5.25,5800,6.15,2900,0,11600
EXIDEIND30JAN20182.5CE.NFO,07/01/2020,13:25:32,5.75,5.25,5800,6.1,2900,0,11600
EXIDEIND30JAN20182.5CE.NFO,07/01/2020,13:25:37,5.75,5.25,5800,6.1,5800,0,11600
EXIDEIND30JAN20182.5CE.NFO,07/01/2020,13:25:40,5.75,5.25,5800,6.1,2900,0,11600
EXIDEIND30JAN20182.5CE.NFO,07/01/2020,13:25:44,5.75,5.25,5800,6.15,2900,0,11600
EXIDEIND30JAN20182.5CE.NFO,07/01/2020,13:25:48,5.75,5.25,5800,6.1,5800,0,11600
EXIDEIND30JAN20182.5CE.NFO,07/01/2020,13:25:52,5.75,5.25,5800,6.1,2900,0,11600
EXIDEIND30JAN20182.5CE.NFO,07/01/2020,13:26:18,5.75,5.25,11600,6.2,2900,0,11600
EXIDEIND30JAN20182.5CE.NFO,07/01/2020,13:26:38,5.75,5.25,5800,6.2,5800,0,11600
EXIDEIND30JAN20182.5CE.NFO,07/01/2020,13:26:42,5.75,5.25,5800,6.2,2900,0,11600
EXIDEIND30JAN20182.5CE.NFO,07/01/2020,13:26:47,5.75,5.25,5800,6.2,5800,0,11600
EXIDEIND30JAN20182.5CE.NFO,07/01/2020,13:26:59,5.75,5.25,5800,6.2,2900,0,11600
EXIDEIND30JAN20182.5CE.NFO,07/01/2020,13:27:04,5.75,5.25,5800,6.2,5800,0,11600
EXIDEIND30JAN20182.5CE.NFO,07/01/2020,13:27:13,5.75,5.25,5800,6.2,2900,0,11600
EXIDEIND30JAN20182.5CE.NFO,07/01/2020,13:27:14,5.75,5.25,5800,6.2,5800,0,11600
EXIDEIND30JAN20182.5CE.NFO,07/01/2020,13:27:15,5.75,5.25,5800,6.15,2900,0,11600
EXIDEIND30JAN20182.5CE.NFO,07/01/2020,13:27:17,5.75,5.25,5800,6.1,2900,0,11600
EXIDEIND30JAN20182.5CE.NFO,07/01/2020,13:27:18,5.75,5.25,5800,6.2,2900,0,11600
EXIDEIND30JAN20182.5CE.NFO,07/01/2020,13:27:18,5.75,5.25,5800,6.2,5800,0,11600
EXIDEIND30JAN20182.5CE.NFO,07/01/2020,13:27:19,5.75,5.25,5800,6.2,2900,0,11600
EXIDEIND30JAN20182.5CE.NFO,07/01/2020,13:27:20,5.75,5.25,5800,6.2,5800,0,11600
EXIDEIND30JAN20182.5CE.NFO,07/01/2020,13:27:21,5.75,5.25,5800,6.2,2900,0,11600
EXIDEIND30JAN20182.5CE.NFO,07/01/2020,13:27:22,5.75,5.25,5800,6.2,5800,0,11600
EXIDEIND30JAN20182.5CE.NFO,07/01/2020,13:27:23,5.75,5.25,5800,6.2,2900,0,11600
EXIDEIND30JAN20182.5CE.NFO,07/01/2020,13:27:24,5.75,5.25,5800,6.2,5800,0,11600
EXIDEIND30JAN20182.5CE.NFO,07/01/2020,13:27:26,5.75,5.25,5800,6.2,2900,0,11600
EXIDEIND30JAN20182.5CE.NFO,07/01/2020,13:27:27,5.75,5.25,5800,6.2,5800,0,11600
EXIDEIND30JAN20182.5CE.NFO,07/01/2020,13:27:28,5.75,5.25,5800,6.2,2900,0,11600
EXIDEIND30JAN20182.5CE.NFO,07/01/2020,13:27:29,5.75,5.25,5800,6.15,2900,0,11600
EXIDEIND30JAN20182.5CE.NFO,07/01/2020,13:27:30,5.75,5.25,5800,6.2,5800,0,11600
EXIDEIND30JAN20182.5CE.NFO,07/01/2020,13:27:31,5.75,5.25,5800,6.1,2900,0,11600
EXIDEIND30JAN20182.5CE.NFO,07/01/2020,13:27:33,5.75,5.25,5800,6.2,5800,0,11600
EXIDEIND30JAN20182.5CE.NFO,07/01/2020,13:27:34,5.75,5.25,5800,6.2,2900,0,11600
EXIDEIND30JAN20182.5CE.NFO,07/01/2020,13:27:36,5.75,5.25,5800,6.2,5800,0,11600
EXIDEIND30JAN20182.5CE.NFO,07/01/2020,13:27:37,5.75,5.25,5800,6.2,2900,0,11600
EXIDEIND30JAN20182.5CE.NFO,07/01/2020,13:27:39,5.75,5.25,5800,6.1,2900,0,11600
EXIDEIND30JAN20182.5CE.NFO,07/01/2020,13:27:53,5.75,5.25,5800,6.1,5800,0,11600
EXIDEIND30JAN20182.5CE.NFO,07/01/2020,13:27:54,5.75,5.25,5800,6.1,2900,0,11600
EXIDEIND30JAN20182.5CE.NFO,07/01/2020,13:27:55,5.75,5.25,5800,6.1,5800,0,11600
EXIDEIND30JAN20182.5CE.NFO,07/01/2020,13:27:56,5.75,5.25,5800,6.05,2900,0,11600
EXIDEIND30JAN20182.5CE.NFO,07/01/2020,13:27:57,5.75,5.25,5800,6.15,2900,0,11600
EXIDEIND30JAN20182.5CE.NFO,07/01/2020,13:27:59,5.75,5.25,5800,6.1,2900,0,11600
EXIDEIND30JAN20182.5CE.NFO,07/01/2020,13:28:05,5.75,5.25,5800,6.1,5800,0,11600
EXIDEIND30JAN20182.5CE.NFO,07/01/2020,13:28:06,5.75,5.25,5800,6.1,2900,0,11600
EXIDEIND30JAN20182.5CE.NFO,07/01/2020,13:28:07,5.75,5.25,5800,6.1,5800,0,11600
EXIDEIND30JAN20182.5CE.NFO,07/01/2020,13:28:08,5.75,5.25,5800,6.1,2900,0,11600
EXIDEIND30JAN20182.5CE.NFO,07/01/2020,13:28:09,5.75,5.25,5800,6.1,5800,0,11600
EXIDEIND30JAN20182.5CE.NFO,07/01/2020,13:28:10,5.75,5.25,5800,6.1,2900,0,11600
EXIDEIND30JAN20182.5CE.NFO,07/01/2020,13:28:13,5.75,5.25,5800,6.1,5800,0,11600
EXIDEIND30JAN20182.5CE.NFO,07/01/2020,13:28:30,5.75,5.25,5800,6.1,2900,0,11600
EXIDEIND30JAN20182.5CE.NFO,07/01/2020,13:28:47,5.75,5.25,5800,6.1,5800,0,11600
EXIDEIND30JAN20182.5CE.NFO,07/01/2020,13:29:01,5.75,5.25,5800,6.1,2900,0,11600
EXIDEIND30JAN20182.5CE.NFO,07/01/2020,13:29:07,5.75,5.25,5800,6,2900,0,11600
EXIDEIND30JAN20182.5CE.NFO,07/01/2020,13:29:13,5.75,5.25,5800,6,5800,0,11600
EXIDEIND30JAN20182.5CE.NFO,07/01/2020,13:29:25,5.75,5.25,5800,6,2900,0,11600
EXIDEIND30JAN20182.5CE.NFO,07/01/2020,13:29:32,5.75,5.25,5800,6.05,2900,0,11600
EXIDEIND30JAN20182.5CE.NFO,07/01/2020,13:29:39,5.75,5.25,5800,6,5800,0,11600
EXIDEIND30JAN20182.5CE.NFO,07/01/2020,13:29:52,5.75,5.25,2900,6,2900,0,11600
EXIDEIND30JAN20182.5CE.NFO,07/01/2020,13:29:59,5.75,5.25,2900,6.05,2900,0,11600
EXIDEIND30JAN20182.5CE.NFO,07/01/2020,13:30:06,5.75,5.25,2900,6,2900,0,11600
EXIDEIND30JAN20182.5CE.NFO,07/01/2020,13:30:11,5.75,5.25,2900,6,5800,0,11600
EXIDEIND30JAN20182.5CE.NFO,07/01/2020,13:30:16,5.75,5.25,2900,6,2900,0,11600
EXIDEIND30JAN20182.5CE.NFO,07/01/2020,13:30:20,5.75,5.25,2900,6,5800,0,11600
EXIDEIND30JAN20182.5CE.NFO,07/01/2020,13:30:24,5.75,5.25,2900,6.05,2900,0,11600
EXIDEIND30JAN20182.5CE.NFO,07/01/2020,13:30:30,5.75,5.25,2900,6,5800,0,11600
EXIDEIND30JAN20182.5CE.NFO,07/01/2020,13:30:47,5.75,5.25,2900,5.95,2900,0,11600
EXIDEIND30JAN20182.5CE.NFO,07/01/2020,13:31:00,5.75,5.25,2900,6,5800,0,11600
EXIDEIND30JAN20182.5CE.NFO,07/01/2020,13:31:07,5.75,5.25,2900,5.95,2900,0,11600
EXIDEIND30JAN20182.5CE.NFO,07/01/2020,13:31:13,5.75,5.25,2900,6,5800,0,11600
EXIDEIND30JAN20182.5CE.NFO,07/01/2020,13:31:43,5.75,5.25,2900,6,2900,0,11600
EXIDEIND30JAN20182.5CE.NFO,07/01/2020,13:31:49,5.75,5.25,5800,6,5800,0,11600
EXIDEIND30JAN20182.5CE.NFO,07/01/2020,13:32:05,5.75,5.25,5800,6.05,2900,0,11600
EXIDEIND30JAN20182.5CE.NFO,07/01/2020,13:32:12,5.75,5.25,5800,6,2900,0,11600
EXIDEIND30JAN20182.5CE.NFO,07/01/2020,13:32:18,5.75,5.25,5800,6,5800,0,11600
EXIDEIND30JAN20182.5CE.NFO,07/01/2020,13:32:24,5.75,5.25,5800,6,2900,0,11600
EXIDEIND30JAN20182.5CE.NFO,07/01/2020,13:32:34,5.75,5.25,5800,6,5800,0,11600
EXIDEIND30JAN20182.5CE.NFO,07/01/2020,13:32:38,5.75,5.25,5800,6.05,2900,0,11600
EXIDEIND30JAN20182.5CE.NFO,07/01/2020,13:32:45,5.75,5.25,5800,6.1,2900,0,11600
EXIDEIND30JAN20182.5CE.NFO,07/01/2020,13:32:51,5.75,5.25,5800,6,5800,0,11600
EXIDEIND30JAN20182.5CE.NFO,07/01/2020,13:32:57,5.75,5.25,5800,5.9,2900,0,11600
EXIDEIND30JAN20182.5CE.NFO,07/01/2020,13:33:03,5.75,5.25,5800,6,2900,0,11600
EXIDEIND30JAN20182.5CE.NFO,07/01/2020,13:33:08,5.75,5.25,5800,6,5800,0,11600
EXIDEIND30JAN20182.5CE.NFO,07/01/2020,13:33:12,5.75,5.25,5800,6,2900,0,11600
EXIDEIND30JAN20182.5CE.NFO,07/01/2020,13:33:37,5.75,5.25,2900,5.9,5800,0,11600
EXIDEIND30JAN20182.5CE.NFO,07/01/2020,13:34:13,5.75,5.25,2900,5.9,2900,0,11600
EXIDEIND30JAN20182.5CE.NFO,07/01/2020,13:34:24,5.75,5.25,2900,5.8,2900,0,11600
EXIDEIND30JAN20182.5CE.NFO,07/01/2020,13:35:44,5.75,5.25,2900,5.95,2900,0,11600
EXIDEIND30JAN20182.5CE.NFO,07/01/2020,13:36:10,5.75,5.25,5800,5.95,2900,0,11600
EXIDEIND30JAN20182.5CE.NFO,07/01/2020,13:36:23,5.75,5.25,2900,5.95,2900,0,11600
EXIDEIND30JAN20182.5CE.NFO,07/01/2020,13:36:31,5.75,5.25,2900,5.95,5800,0,11600
EXIDEIND30JAN20182.5CE.NFO,07/01/2020,13:36:34,5.75,5.25,2900,5.95,2900,0,11600
EXIDEIND30JAN20182.5CE.NFO,07/01/2020,13:36:47,5.75,5.25,2900,5.95,5800,0,11600
EXIDEIND30JAN20182.5CE.NFO,07/01/2020,13:36:57,5.75,5.25,2900,5.9,2900,0,11600
EXIDEIND30JAN20182.5CE.NFO,07/01/2020,13:37:02,5.75,5.25,2900,5.85,2900,0,11600
EXIDEIND30JAN20182.5CE.NFO,07/01/2020,13:37:37,5.75,5.15,5800,5.85,5800,0,11600
EXIDEIND30JAN20182.5CE.NFO,07/01/2020,13:37:42,5.75,5.15,2900,5.75,2900,0,11600
EXIDEIND30JAN20182.5CE.NFO,07/01/2020,13:38:01,5.75,5.15,5800,5.85,2900,0,11600
EXIDEIND30JAN20182.5CE.NFO,07/01/2020,13:38:05,5.75,5.15,5800,5.95,2900,0,11600
EXIDEIND30JAN20182.5CE.NFO,07/01/2020,13:38:11,5.75,5.15,5800,6,2900,0,11600
EXIDEIND30JAN20182.5CE.NFO,07/01/2020,13:38:18,5.75,5.15,5800,6.2,2900,0,11600
EXIDEIND30JAN20182.5CE.NFO,07/01/2020,13:38:29,5.75,5.15,5800,6.25,2900,0,11600
EXIDEIND30JAN20182.5CE.NFO,07/01/2020,13:39:07,5.75,5.15,17400,6.3,2900,0,11600
EXIDEIND30JAN20182.5CE.NFO,07/01/2020,13:39:33,5.75,5.15,5800,6.3,2900,0,11600
EXIDEIND30JAN20182.5CE.NFO,07/01/2020,13:39:48,5.75,5.15,5800,6.2,2900,0,11600
EXIDEIND30JAN20182.5CE.NFO,07/01/2020,13:40:23,5.75,5.15,5800,6.3,2900,0,11600
EXIDEIND30JAN20182.5CE.NFO,07/01/2020,13:42:53,5.75,5.15,5800,6.45,20300,0,11600
EXIDEIND30JAN20182.5CE.NFO,07/01/2020,13:43:08,5.75,5.15,5800,6.45,43500,0,11600
EXIDEIND30JAN20182.5CE.NFO,07/01/2020,13:43:11,5.75,5.15,5800,6.45,26100,0,11600
EXIDEIND30JAN20182.5CE.NFO,07/01/2020,13:43:37,5.75,5.15,5800,6.45,37700,0,11600
EXIDEIND30JAN20182.5CE.NFO,07/01/2020,13:43:41,5.75,5.15,5800,6.45,26100,0,11600
EXIDEIND30JAN20182.5CE.NFO,07/01/2020,13:43:47,5.75,5.15,5800,6.45,43500,0,11600
EXIDEIND30JAN20182.5CE.NFO,07/01/2020,13:44:21,5.75,5.15,5800,6.45,20300,0,11600
EXIDEIND30JAN20182.5CE.NFO,07/01/2020,13:44:51,5.75,5.15,5800,6.45,43500,0,11600
EXIDEIND30JAN20182.5CE.NFO,07/01/2020,13:45:14,5.75,5.15,5800,6.45,26100,0,11600
EXIDEIND30JAN20182.5CE.NFO,07/01/2020,13:45:20,5.75,5.15,5800,6.45,43500,0,11600
EXIDEIND30JAN20182.5CE.NFO,07/01/2020,13:45:25,5.75,5.15,5800,6.45,20300,0,11600
EXIDEIND30JAN20182.5CE.NFO,07/01/2020,13:45:38,5.75,5.15,5800,6.45,43500,0,11600
EXIDEIND30JAN20182.5CE.NFO,07/01/2020,13:45:43,5.75,5.15,5800,6.55,37700,0,11600
EXIDEIND30JAN20182.5CE.NFO,07/01/2020,13:45:50,5.75,5.15,5800,6.55,43500,0,11600
EXIDEIND30JAN20182.5CE.NFO,07/01/2020,13:45:59,5.75,5.15,5800,6.55,37700,0,11600
EXIDEIND30JAN20182.5CE.NFO,07/01/2020,13:46:04,5.75,5.15,5800,6.55,43500,0,11600
EXIDEIND30JAN20182.5CE.NFO,07/01/2020,13:46:09,5.75,5.15,11600,6.55,43500,0,11600
EXIDEIND30JAN20182.5CE.NFO,07/01/2020,13:46:12,5.75,5.15,17400,6.55,43500,0,11600
EXIDEIND30JAN20182.5CE.NFO,07/01/2020,13:46:19,5.75,5.15,17400,6.55,37700,0,11600
EXIDEIND30JAN20182.5CE.NFO,07/01/2020,13:46:26,5.75,5.15,17400,6.55,43500,0,11600
EXIDEIND30JAN20182.5CE.NFO,07/01/2020,13:46:28,5.75,5.15,17400,6.55,37700,0,11600
EXIDEIND30JAN20182.5CE.NFO,07/01/2020,13:46:43,5.75,5.25,2900,6.55,26100,0,11600
EXIDEIND30JAN20182.5CE.NFO,07/01/2020,13:46:51,5.75,5.4,2900,6.55,14500,0,11600
EXIDEIND30JAN20182.5CE.NFO,07/01/2020,13:49:04,5.75,5.45,2900,6.55,14500,0,11600
EXIDEIND30JAN20182.5CE.NFO,07/01/2020,13:49:25,5.75,5.4,2900,6.55,14500,0,11600
EXIDEIND30JAN20182.5CE.NFO,07/01/2020,13:49:31,5.75,5.5,2900,6.55,14500,0,11600
EXIDEIND30JAN20182.5CE.NFO,07/01/2020,13:50:33,5.75,5.5,2900,6.7,2900,0,11600
EXIDEIND30JAN20182.5CE.NFO,07/01/2020,13:50:38,5.75,5.6,2900,6.7,2900,0,11600
EXIDEIND30JAN20182.5CE.NFO,07/01/2020,13:50:46,5.75,5.6,2900,6.8,26100,0,11600
EXIDEIND30JAN20182.5CE.NFO,07/01/2020,13:50:53,5.75,5.6,2900,6.8,20300,0,11600
EXIDEIND30JAN20182.5CE.NFO,07/01/2020,13:50:59,5.75,5.6,2900,6.8,43500,0,11600
EXIDEIND30JAN20182.5CE.NFO,07/01/2020,13:51:06,5.75,5.6,2900,6.8,20300,0,11600
EXIDEIND30JAN20182.5CE.NFO,07/01/2020,13:51:12,5.75,5.6,2900,6.9,49300,0,11600
EXIDEIND30JAN20182.5CE.NFO,07/01/2020,13:51:17,5.75,5.6,2900,6.9,43500,0,11600
EXIDEIND30JAN20182.5CE.NFO,07/01/2020,13:51:24,5.75,5.6,2900,6.9,49300,0,11600
EXIDEIND30JAN20182.5CE.NFO,07/01/2020,13:51:43,5.75,5.6,2900,6.9,43500,0,11600
EXIDEIND30JAN20182.5CE.NFO,07/01/2020,13:52:22,5.75,5.6,2900,6.9,49300,0,11600
EXIDEIND30JAN20182.5CE.NFO,07/01/2020,13:53:44,5.75,5.5,2900,6.8,37700,0,11600
EXIDEIND30JAN20182.5CE.NFO,07/01/2020,13:53:52,5.75,5.5,2900,6.8,55100,0,11600
EXIDEIND30JAN20182.5CE.NFO,07/01/2020,13:55:05,5.75,5.55,2900,6.8,43500,0,11600
EXIDEIND30JAN20182.5CE.NFO,07/01/2020,13:55:12,5.75,5.6,2900,6.8,43500,0,11600
EXIDEIND30JAN20182.5CE.NFO,07/01/2020,13:56:03,5.75,5.6,2900,6.8,52200,0,11600
EXIDEIND30JAN20182.5CE.NFO,07/01/2020,13:56:25,5.75,5.6,2900,6.8,58000,0,11600
EXIDEIND30JAN20182.5CE.NFO,07/01/2020,13:59:52,5.75,5.6,2900,6.8,52200,0,11600
EXIDEIND30JAN20182.5CE.NFO,07/01/2020,14:00:05,5.75,5.6,2900,6.8,58000,0,11600
EXIDEIND30JAN20182.5CE.NFO,07/01/2020,14:00:49,5.75,5.6,2900,6.8,46400,0,11600
EXIDEIND30JAN20182.5CE.NFO,07/01/2020,14:01:41,5.75,5.6,2900,6.8,40600,0,11600
EXIDEIND30JAN20182.5CE.NFO,07/01/2020,14:02:27,5.75,5.6,2900,6.8,46400,0,11600
EXIDEIND30JAN20182.5CE.NFO,07/01/2020,14:03:45,5.75,5.6,2900,6.8,23200,0,11600
EXIDEIND30JAN20182.5CE.NFO,07/01/2020,14:03:54,5.75,5.6,2900,6.8,29000,0,11600
EXIDEIND30JAN20182.5CE.NFO,07/01/2020,14:04:00,5.75,5.6,2900,6.8,46400,0,11600
EXIDEIND30JAN20182.5CE.NFO,07/01/2020,14:07:23,5.75,5.5,2900,6.8,52200,0,11600
EXIDEIND30JAN20182.5CE.NFO,07/01/2020,14:07:28,5.75,5.5,2900,6.8,58000,0,11600
EXIDEIND30JAN20182.5CE.NFO,07/01/2020,14:09:57,5.75,5.5,2900,6.8,46400,0,11600
EXIDEIND30JAN20182.5CE.NFO,07/01/2020,14:10:04,5.75,5.5,2900,6.8,58000,0,11600
EXIDEIND30JAN20182.5CE.NFO,07/01/2020,14:11:47,5.75,5.5,2900,6.8,52200,0,11600
EXIDEIND30JAN20182.5CE.NFO,07/01/2020,14:11:49,5.75,5.5,2900,6.8,58000,0,11600
EXIDEIND30JAN20182.5CE.NFO,07/01/2020,14:11:57,5.75,5.5,2900,6.8,52200,0,11600
EXIDEIND30JAN20182.5CE.NFO,07/01/2020,14:12:01,5.75,5.5,2900,6.8,58000,0,11600
EXIDEIND30JAN20182.5CE.NFO,07/01/2020,14:12:10,5.75,5.5,2900,6.8,52200,0,11600
EXIDEIND30JAN20182.5CE.NFO,07/01/2020,14:12:19,5.75,5.5,2900,6.8,46400,0,11600
EXIDEIND30JAN20182.5CE.NFO,07/01/2020,14:12:37,5.75,5.5,2900,6.8,52200,0,11600
EXIDEIND30JAN20182.5CE.NFO,07/01/2020,14:13:05,5.75,5.5,2900,6.8,58000,0,11600
EXIDEIND30JAN20182.5CE.NFO,07/01/2020,14:13:25,5.75,5.5,2900,6.8,52200,0,11600
EXIDEIND30JAN20182.5CE.NFO,07/01/2020,14:13:31,5.75,5.5,2900,6.8,46400,0,11600
EXIDEIND30JAN20182.5CE.NFO,07/01/2020,14:14:08,5.75,5.6,5800,6.8,5800,0,11600
EXIDEIND30JAN20182.5CE.NFO,07/01/2020,14:14:37,5.75,5.6,5800,6.8,17400,0,11600
EXIDEIND30JAN20182.5CE.NFO,07/01/2020,14:15:04,5.75,5.6,5800,6.8,5800,0,11600
EXIDEIND30JAN20182.5CE.NFO,07/01/2020,14:15:52,5.75,5.6,5800,6.8,17400,0,11600
EXIDEIND30JAN20182.5CE.NFO,07/01/2020,14:16:00,5.75,5.6,5800,6.8,23200,0,11600
EXIDEIND30JAN20182.5CE.NFO,07/01/2020,14:16:14,5.75,5.6,5800,6.8,46400,0,11600
EXIDEIND30JAN20182.5CE.NFO,07/01/2020,14:16:25,5.75,5.6,5800,6.8,23200,0,11600
EXIDEIND30JAN20182.5CE.NFO,07/01/2020,14:16:39,5.75,5.6,5800,6.8,46400,0,11600
EXIDEIND30JAN20182.5CE.NFO,07/01/2020,14:17:20,5.75,5.6,2900,6.8,58000,0,11600
EXIDEIND30JAN20182.5CE.NFO,07/01/2020,14:17:30,5.75,5.6,2900,6.8,52200,0,11600
EXIDEIND30JAN20182.5CE.NFO,07/01/2020,14:17:59,5.75,5.6,2900,6.8,58000,0,11600
EXIDEIND30JAN20182.5CE.NFO,07/01/2020,14:18:55,5.75,5.6,2900,6.8,52200,0,11600
EXIDEIND30JAN20182.5CE.NFO,07/01/2020,14:19:00,5.75,5.6,2900,6.8,58000,0,11600
EXIDEIND30JAN20182.5CE.NFO,07/01/2020,14:19:10,5.75,5.6,2900,6.8,52200,0,11600
EXIDEIND30JAN20182.5CE.NFO,07/01/2020,14:19:15,5.75,5.6,2900,6.8,46400,0,11600
EXIDEIND30JAN20182.5CE.NFO,07/01/2020,14:19:24,5.75,5.6,2900,6.7,49300,0,11600
EXIDEIND30JAN20182.5CE.NFO,07/01/2020,14:19:27,5.75,5.6,2900,6.7,43500,0,11600
EXIDEIND30JAN20182.5CE.NFO,07/01/2020,14:20:00,5.75,5.5,5800,6.7,43500,0,11600
EXIDEIND30JAN20182.5CE.NFO,07/01/2020,14:20:05,5.75,5.5,2900,6.7,37700,0,11600
EXIDEIND30JAN20182.5CE.NFO,07/01/2020,14:20:09,5.75,5.5,5800,6.7,37700,0,11600
EXIDEIND30JAN20182.5CE.NFO,07/01/2020,14:20:14,5.75,5.5,5800,6.7,43500,0,11600
EXIDEIND30JAN20182.5CE.NFO,07/01/2020,14:20:19,5.75,5.5,5800,6.7,37700,0,11600
EXIDEIND30JAN20182.5CE.NFO,07/01/2020,14:20:30,5.75,5.5,5800,6.7,20300,0,11600
EXIDEIND30JAN20182.5CE.NFO,07/01/2020,14:20:49,5.75,5.4,5800,6.7,20300,0,11600
EXIDEIND30JAN20182.5CE.NFO,07/01/2020,14:21:12,5.75,5.4,5800,6.7,37700,0,11600
EXIDEIND30JAN20182.5CE.NFO,07/01/2020,14:21:17,5.75,5.4,5800,6.7,43500,0,11600
EXIDEIND30JAN20182.5CE.NFO,07/01/2020,14:21:25,5.75,5.4,5800,6.7,20300,0,11600
EXIDEIND30JAN20182.5CE.NFO,07/01/2020,14:21:28,5.75,5.4,5800,6.7,43500,0,11600
EXIDEIND30JAN20182.5CE.NFO,07/01/2020,14:21:32,5.75,5.4,5800,6.7,20300,0,11600
EXIDEIND30JAN20182.5CE.NFO,07/01/2020,14:21:47,5.75,5.4,5800,6.7,43500,0,11600
EXIDEIND30JAN20182.5CE.NFO,07/01/2020,14:22:08,5.75,5.4,5800,6.7,26100,0,11600
EXIDEIND30JAN20182.5CE.NFO,07/01/2020,14:22:26,5.75,5.4,5800,6.7,43500,0,11600
EXIDEIND30JAN20182.5CE.NFO,07/01/2020,14:22:31,5.75,5.4,5800,6.7,26100,0,11600
EXIDEIND30JAN20182.5CE.NFO,07/01/2020,14:22:52,5.75,5.4,5800,6.7,43500,0,11600
EXIDEIND30JAN20182.5CE.NFO,07/01/2020,14:23:00,5.75,5.4,5800,6.7,26100,0,11600
EXIDEIND30JAN20182.5CE.NFO,07/01/2020,14:23:04,5.75,5.4,5800,6.7,20300,0,11600
EXIDEIND30JAN20182.5CE.NFO,07/01/2020,14:23:22,5.75,5.4,5800,6.7,43500,0,11600
EXIDEIND30JAN20182.5CE.NFO,07/01/2020,14:23:26,5.75,5.4,5800,6.7,14500,0,11600
EXIDEIND30JAN20182.5CE.NFO,07/01/2020,14:23:29,5.75,5.4,5800,6.7,20300,0,11600
EXIDEIND30JAN20182.5CE.NFO,07/01/2020,14:24:09,5.75,5.4,5800,6.65,37700,0,11600
EXIDEIND30JAN20182.5CE.NFO,07/01/2020,14:24:17,5.75,5.4,5800,6.75,20300,0,11600
EXIDEIND30JAN20182.5CE.NFO,07/01/2020,14:24:54,5.75,5.4,17400,6.75,14500,0,11600
EXIDEIND30JAN20182.5CE.NFO,07/01/2020,14:25:02,5.75,5.4,5800,6.75,14500,0,11600
EXIDEIND30JAN20182.5CE.NFO,07/01/2020,14:25:21,5.75,5.4,11600,6.75,2900,0,11600
EXIDEIND30JAN20182.5CE.NFO,07/01/2020,14:25:25,5.75,5.4,17400,6.75,2900,0,11600
EXIDEIND30JAN20182.5CE.NFO,07/01/2020,14:25:27,5.75,5.4,11600,6.75,2900,0,11600
EXIDEIND30JAN20182.5CE.NFO,07/01/2020,14:25:30,5.75,5.4,17400,6.75,2900,0,11600
EXIDEIND30JAN20182.5CE.NFO,07/01/2020,14:25:32,5.75,5.4,11600,6.75,2900,0,11600
EXIDEIND30JAN20182.5CE.NFO,07/01/2020,14:25:35,5.75,5.4,17400,6.75,2900,0,11600
EXIDEIND30JAN20182.5CE.NFO,07/01/2020,14:25:42,5.75,5.4,11600,6.75,2900,0,11600
EXIDEIND30JAN20182.5CE.NFO,07/01/2020,14:25:55,5.75,5.4,23200,6.75,2900,0,11600
EXIDEIND30JAN20182.5CE.NFO,07/01/2020,14:25:58,5.75,5.4,11600,6.75,2900,0,11600
EXIDEIND30JAN20182.5CE.NFO,07/01/2020,14:26:09,5.75,5.4,8700,6.75,2900,0,11600
EXIDEIND30JAN20182.5CE.NFO,07/01/2020,14:26:13,5.75,5.4,14500,6.75,2900,0,11600
EXIDEIND30JAN20182.5CE.NFO,07/01/2020,14:26:48,5.75,5.4,11600,6.75,2900,0,11600
EXIDEIND30JAN20182.5CE.NFO,07/01/2020,14:27:09,5.75,5.4,17400,6.75,2900,0,11600
EXIDEIND30JAN20182.5CE.NFO,07/01/2020,14:27:16,5.75,5.4,11600,6.75,2900,0,11600
EXIDEIND30JAN20182.5CE.NFO,07/01/2020,14:27:42,5.75,5.4,17400,6.75,2900,0,11600
EXIDEIND30JAN20182.5CE.NFO,07/01/2020,14:27:50,5.75,5.4,11600,6.75,2900,0,11600
EXIDEIND30JAN20182.5CE.NFO,07/01/2020,14:27:54,5.75,5.4,17400,6.75,2900,0,11600
EXIDEIND30JAN20182.5CE.NFO,07/01/2020,14:27:59,5.75,5.4,11600,6.75,2900,0,11600
EXIDEIND30JAN20182.5CE.NFO,07/01/2020,14:28:15,5.75,5.4,29000,6.75,2900,0,11600
EXIDEIND30JAN20182.5CE.NFO,07/01/2020,14:28:19,5.75,5.4,17400,6.75,2900,0,11600
EXIDEIND30JAN20182.5CE.NFO,07/01/2020,14:28:22,5.75,5.4,11600,6.75,2900,0,11600
EXIDEIND30JAN20182.5CE.NFO,07/01/2020,14:28:26,5.75,5.4,17400,6.75,2900,0,11600
EXIDEIND30JAN20182.5CE.NFO,07/01/2020,14:28:37,5.75,5.4,11600,6.75,2900,0,11600
EXIDEIND30JAN20182.5CE.NFO,07/01/2020,14:28:58,5.75,5.4,34800,6.75,2900,0,11600
EXIDEIND30JAN20182.5CE.NFO,07/01/2020,14:29:01,5.75,5.4,29000,6.75,2900,0,11600
EXIDEIND30JAN20182.5CE.NFO,07/01/2020,14:29:05,5.75,5.4,11600,6.75,2900,0,11600
EXIDEIND30JAN20182.5CE.NFO,07/01/2020,14:29:09,5.75,5.4,29000,6.75,2900,0,11600
EXIDEIND30JAN20182.5CE.NFO,07/01/2020,14:29:13,5.75,5.4,17400,6.75,2900,0,11600
