Ticker,Date,Time,LTP,BuyPrice,BuyQty,SellPrice,SellQty,LTQ,OpenInterest
FEDERALBNK30JAN2093CE.NFO,07/01/2020,09:19:36,1.75,1.6,7000,1.75,7000,7000,203000
FEDERALBNK30JAN2093CE.NFO,07/01/2020,09:19:36,1.75,1.6,7000,1.75,7000,0,203000
FEDERALBNK30JAN2093CE.NFO,07/01/2020,09:19:36,1.75,1.6,7000,1.75,7000,0,203000
FEDERALBNK30JAN2093CE.NFO,07/01/2020,09:19:36,1.75,1.6,7000,1.75,7000,0,203000
FEDERALBNK30JAN2093CE.NFO,07/01/2020,09:19:44,1.75,1.6,7000,1.75,7000,0,203000
FEDERALBNK30JAN2093CE.NFO,07/01/2020,09:19:52,1.75,1.6,7000,1.75,14000,0,203000
FEDERALBNK30JAN2093CE.NFO,07/01/2020,09:20:08,1.75,1.6,14000,1.75,14000,0,203000
FEDERALBNK30JAN2093CE.NFO,07/01/2020,09:21:32,1.6,1.55,14000,1.75,14000,28000,203000
FEDERALBNK30JAN2093CE.NFO,07/01/2020,09:21:32,1.6,1.55,14000,1.75,14000,0,203000
FEDERALBNK30JAN2093CE.NFO,07/01/2020,09:21:38,1.6,1.55,14000,1.75,14000,0,203000
FEDERALBNK30JAN2093CE.NFO,07/01/2020,09:22:07,1.6,1.65,7000,1.75,7000,0,203000
FEDERALBNK30JAN2093CE.NFO,07/01/2020,09:22:14,1.6,1.65,7000,1.75,14000,0,203000
FEDERALBNK30JAN2093CE.NFO,07/01/2020,09:22:22,1.6,1.6,7000,1.75,14000,0,203000
FEDERALBNK30JAN2093CE.NFO,07/01/2020,09:23:02,1.6,1.65,7000,1.75,14000,0,203000
FEDERALBNK30JAN2093CE.NFO,07/01/2020,09:23:08,1.65,1.6,7000,1.75,14000,7000,203000
FEDERALBNK30JAN2093CE.NFO,07/01/2020,09:23:15,1.65,1.6,7000,1.75,14000,0,203000
FEDERALBNK30JAN2093CE.NFO,07/01/2020,09:23:22,1.65,1.6,14000,1.75,14000,0,203000
FEDERALBNK30JAN2093CE.NFO,07/01/2020,09:23:35,1.65,1.6,14000,1.7,35000,0,203000
FEDERALBNK30JAN2093CE.NFO,07/01/2020,09:23:42,1.6,1.55,7000,1.7,21000,28000,217000
FEDERALBNK30JAN2093CE.NFO,07/01/2020,09:23:48,1.6,1.55,7000,1.7,21000,0,217000
FEDERALBNK30JAN2093CE.NFO,07/01/2020,09:24:09,1.6,1.55,7000,1.7,14000,0,217000
FEDERALBNK30JAN2093CE.NFO,07/01/2020,09:24:16,1.6,1.55,7000,1.7,21000,0,217000
FEDERALBNK30JAN2093CE.NFO,07/01/2020,09:24:43,1.6,1.55,7000,1.6,7000,0,217000
FEDERALBNK30JAN2093CE.NFO,07/01/2020,09:24:49,1.6,1.55,7000,1.65,21000,0,217000
FEDERALBNK30JAN2093CE.NFO,07/01/2020,09:24:56,1.6,1.5,7000,1.65,14000,0,217000
FEDERALBNK30JAN2093CE.NFO,07/01/2020,09:25:09,1.6,1.5,7000,1.65,7000,0,217000
FEDERALBNK30JAN2093CE.NFO,07/01/2020,09:25:17,1.6,1.5,7000,1.65,14000,0,217000
FEDERALBNK30JAN2093CE.NFO,07/01/2020,09:25:24,1.6,1.5,7000,1.65,21000,0,217000
FEDERALBNK30JAN2093CE.NFO,07/01/2020,09:26:00,1.6,1.5,7000,1.65,14000,0,217000
FEDERALBNK30JAN2093CE.NFO,07/01/2020,09:26:09,1.6,1.5,14000,1.65,21000,0,217000
FEDERALBNK30JAN2093CE.NFO,07/01/2020,09:26:47,1.6,1.5,14000,1.6,21000,0,217000
FEDERALBNK30JAN2093CE.NFO,07/01/2020,09:26:52,1.6,1.5,14000,1.6,28000,0,217000
FEDERALBNK30JAN2093CE.NFO,07/01/2020,09:27:12,1.6,1.5,7000,1.6,28000,0,217000
FEDERALBNK30JAN2093CE.NFO,07/01/2020,09:27:25,1.6,1.5,7000,1.6,21000,0,217000
FEDERALBNK30JAN2093CE.NFO,07/01/2020,09:27:37,1.6,1.5,14000,1.6,7000,0,217000
FEDERALBNK30JAN2093CE.NFO,07/01/2020,09:27:43,1.6,1.5,7000,1.6,7000,0,217000
FEDERALBNK30JAN2093CE.NFO,07/01/2020,09:27:55,1.6,1.5,14000,1.6,7000,0,217000
FEDERALBNK30JAN2093CE.NFO,07/01/2020,09:28:49,1.6,1.5,14000,1.6,14000,0,217000
FEDERALBNK30JAN2093CE.NFO,07/01/2020,09:28:55,1.6,1.5,14000,1.6,7000,0,217000
FEDERALBNK30JAN2093CE.NFO,07/01/2020,09:29:07,1.6,1.5,21000,1.6,7000,0,217000
FEDERALBNK30JAN2093CE.NFO,07/01/2020,09:29:13,1.6,1.5,14000,1.65,14000,0,217000
FEDERALBNK30JAN2093CE.NFO,07/01/2020,09:29:19,1.6,1.5,14000,1.65,28000,0,217000
FEDERALBNK30JAN2093CE.NFO,07/01/2020,09:30:02,1.6,1.5,14000,1.6,14000,0,217000
FEDERALBNK30JAN2093CE.NFO,07/01/2020,09:30:15,1.6,1.5,21000,1.65,28000,0,217000
FEDERALBNK30JAN2093CE.NFO,07/01/2020,09:30:22,1.6,1.55,14000,1.65,35000,0,217000
FEDERALBNK30JAN2093CE.NFO,07/01/2020,09:31:06,1.6,1.55,14000,1.65,21000,0,217000
FEDERALBNK30JAN2093CE.NFO,07/01/2020,09:31:12,1.6,1.55,28000,1.7,35000,0,217000
FEDERALBNK30JAN2093CE.NFO,07/01/2020,09:31:24,1.6,1.55,21000,1.65,7000,0,217000
FEDERALBNK30JAN2093CE.NFO,07/01/2020,09:32:28,1.6,1.55,28000,1.7,35000,0,217000
FEDERALBNK30JAN2093CE.NFO,07/01/2020,09:33:31,1.6,1.55,28000,1.7,28000,0,217000
FEDERALBNK30JAN2093CE.NFO,07/01/2020,09:34:01,1.6,1.55,28000,1.7,14000,0,217000
FEDERALBNK30JAN2093CE.NFO,07/01/2020,09:34:07,1.6,1.65,14000,1.75,28000,0,217000
FEDERALBNK30JAN2093CE.NFO,07/01/2020,09:34:12,1.6,1.6,14000,1.7,21000,0,217000
FEDERALBNK30JAN2093CE.NFO,07/01/2020,09:35:17,1.6,1.6,14000,1.7,14000,0,217000
FEDERALBNK30JAN2093CE.NFO,07/01/2020,09:35:33,1.6,1.6,14000,1.65,7000,0,217000
FEDERALBNK30JAN2093CE.NFO,07/01/2020,09:36:17,1.6,1.55,14000,1.65,14000,0,217000
FEDERALBNK30JAN2093CE.NFO,07/01/2020,09:36:44,1.6,1.55,21000,1.6,7000,0,217000
FEDERALBNK30JAN2093CE.NFO,07/01/2020,09:36:53,1.6,1.55,21000,1.65,7000,0,217000
FEDERALBNK30JAN2093CE.NFO,07/01/2020,09:37:43,1.6,1.55,14000,1.65,28000,0,217000
FEDERALBNK30JAN2093CE.NFO,07/01/2020,09:37:57,1.6,1.55,14000,1.65,21000,0,217000
FEDERALBNK30JAN2093CE.NFO,07/01/2020,09:38:44,1.6,1.55,14000,1.65,14000,0,217000
FEDERALBNK30JAN2093CE.NFO,07/01/2020,09:38:49,1.55,1.55,14000,1.65,14000,7000,231000
FEDERALBNK30JAN2093CE.NFO,07/01/2020,09:38:49,1.55,1.55,14000,1.65,14000,0,231000
FEDERALBNK30JAN2093CE.NFO,07/01/2020,09:38:54,1.55,1.55,14000,1.65,14000,0,231000
FEDERALBNK30JAN2093CE.NFO,07/01/2020,09:39:03,1.55,1.55,14000,1.65,7000,0,231000
FEDERALBNK30JAN2093CE.NFO,07/01/2020,09:39:49,1.55,1.6,7000,1.7,14000,0,231000
FEDERALBNK30JAN2093CE.NFO,07/01/2020,09:39:53,1.55,1.6,7000,1.7,35000,0,231000
FEDERALBNK30JAN2093CE.NFO,07/01/2020,09:40:02,1.55,1.6,7000,1.7,21000,0,231000
FEDERALBNK30JAN2093CE.NFO,07/01/2020,09:40:13,1.55,1.6,7000,1.7,35000,0,231000
FEDERALBNK30JAN2093CE.NFO,07/01/2020,09:40:19,1.55,1.55,7000,1.65,14000,0,231000
FEDERALBNK30JAN2093CE.NFO,07/01/2020,09:41:04,1.55,1.55,7000,1.65,7000,0,231000
FEDERALBNK30JAN2093CE.NFO,07/01/2020,09:41:14,1.55,1.55,7000,1.65,14000,0,231000
FEDERALBNK30JAN2093CE.NFO,07/01/2020,09:41:19,1.55,1.55,7000,1.65,7000,0,231000
FEDERALBNK30JAN2093CE.NFO,07/01/2020,09:41:24,1.55,1.55,7000,1.65,14000,0,231000
FEDERALBNK30JAN2093CE.NFO,07/01/2020,09:41:30,1.55,1.55,14000,1.65,14000,0,231000
FEDERALBNK30JAN2093CE.NFO,07/01/2020,09:41:34,1.55,1.55,7000,1.65,14000,0,231000
FEDERALBNK30JAN2093CE.NFO,07/01/2020,09:41:48,1.55,1.55,14000,1.7,21000,0,231000
FEDERALBNK30JAN2093CE.NFO,07/01/2020,09:42:06,1.55,1.55,7000,1.65,14000,0,231000
FEDERALBNK30JAN2093CE.NFO,07/01/2020,09:43:17,1.55,1.55,14000,1.65,14000,0,231000
FEDERALBNK30JAN2093CE.NFO,07/01/2020,09:45:07,1.55,1.55,14000,1.7,21000,0,231000
FEDERALBNK30JAN2093CE.NFO,07/01/2020,09:45:13,1.55,1.55,14000,1.65,7000,0,231000
FEDERALBNK30JAN2093CE.NFO,07/01/2020,09:45:30,1.55,1.55,7000,1.6,7000,0,231000
FEDERALBNK30JAN2093CE.NFO,07/01/2020,09:45:49,1.55,1.55,7000,1.65,21000,0,231000
FEDERALBNK30JAN2093CE.NFO,07/01/2020,09:46:38,1.55,1.55,7000,1.6,7000,0,231000
FEDERALBNK30JAN2093CE.NFO,07/01/2020,09:46:44,1.55,1.55,7000,1.65,21000,0,231000
FEDERALBNK30JAN2093CE.NFO,07/01/2020,09:46:57,1.55,1.55,7000,1.65,28000,0,231000
FEDERALBNK30JAN2093CE.NFO,07/01/2020,09:47:45,1.55,1.55,21000,1.65,21000,0,231000
FEDERALBNK30JAN2093CE.NFO,07/01/2020,09:48:05,1.55,1.55,21000,1.65,28000,0,231000
FEDERALBNK30JAN2093CE.NFO,07/01/2020,09:48:09,1.55,1.55,7000,1.65,28000,0,231000
FEDERALBNK30JAN2093CE.NFO,07/01/2020,09:49:15,1.55,1.55,7000,1.6,14000,0,231000
FEDERALBNK30JAN2093CE.NFO,07/01/2020,09:49:19,1.55,1.55,7000,1.6,21000,0,231000
FEDERALBNK30JAN2093CE.NFO,07/01/2020,09:49:29,1.55,1.55,7000,1.6,14000,0,231000
FEDERALBNK30JAN2093CE.NFO,07/01/2020,09:50:38,1.55,1.55,7000,1.6,21000,0,231000
FEDERALBNK30JAN2093CE.NFO,07/01/2020,09:50:44,1.55,1.55,7000,1.6,14000,0,231000
FEDERALBNK30JAN2093CE.NFO,07/01/2020,09:51:41,1.55,1.55,7000,1.65,28000,0,231000
FEDERALBNK30JAN2093CE.NFO,07/01/2020,09:51:53,1.55,1.55,14000,1.65,28000,0,231000
FEDERALBNK30JAN2093CE.NFO,07/01/2020,09:53:07,1.55,1.55,7000,1.65,28000,0,231000
FEDERALBNK30JAN2093CE.NFO,07/01/2020,09:53:22,1.55,1.5,14000,1.6,21000,0,231000
FEDERALBNK30JAN2093CE.NFO,07/01/2020,09:53:53,1.55,1.5,21000,1.6,28000,0,231000
FEDERALBNK30JAN2093CE.NFO,07/01/2020,09:54:17,1.55,1.5,14000,1.6,28000,0,231000
FEDERALBNK30JAN2093CE.NFO,07/01/2020,09:55:12,1.55,1.55,14000,1.65,28000,0,231000
FEDERALBNK30JAN2093CE.NFO,07/01/2020,09:55:16,1.55,1.55,14000,1.6,7000,0,231000
FEDERALBNK30JAN2093CE.NFO,07/01/2020,09:55:21,1.55,1.55,14000,1.65,28000,0,231000
FEDERALBNK30JAN2093CE.NFO,07/01/2020,09:55:38,1.55,1.55,14000,1.6,14000,0,231000
FEDERALBNK30JAN2093CE.NFO,07/01/2020,09:55:43,1.55,1.55,14000,1.65,28000,0,231000
FEDERALBNK30JAN2093CE.NFO,07/01/2020,09:56:01,1.55,1.55,7000,1.6,14000,0,231000
FEDERALBNK30JAN2093CE.NFO,07/01/2020,09:56:26,1.55,1.5,21000,1.6,28000,0,231000
FEDERALBNK30JAN2093CE.NFO,07/01/2020,09:57:14,1.55,1.5,14000,1.6,28000,0,231000
FEDERALBNK30JAN2093CE.NFO,07/01/2020,10:00:26,1.55,1.5,7000,1.6,28000,0,231000
FEDERALBNK30JAN2093CE.NFO,07/01/2020,10:00:35,1.55,1.5,7000,1.55,14000,0,231000
FEDERALBNK30JAN2093CE.NFO,07/01/2020,10:00:50,1.55,1.45,14000,1.55,21000,0,231000
FEDERALBNK30JAN2093CE.NFO,07/01/2020,10:01:08,1.5,1.45,7000,1.55,21000,7000,238000
FEDERALBNK30JAN2093CE.NFO,07/01/2020,10:01:08,1.5,1.45,7000,1.55,21000,0,238000
FEDERALBNK30JAN2093CE.NFO,07/01/2020,10:01:13,1.5,1.45,7000,1.55,21000,0,238000
FEDERALBNK30JAN2093CE.NFO,07/01/2020,10:01:32,1.5,1.45,7000,1.55,28000,0,238000
FEDERALBNK30JAN2093CE.NFO,07/01/2020,10:01:59,1.5,1.4,14000,1.5,14000,0,238000
FEDERALBNK30JAN2093CE.NFO,07/01/2020,10:02:16,1.5,1.4,14000,1.5,7000,0,238000
FEDERALBNK30JAN2093CE.NFO,07/01/2020,10:02:21,1.5,1.45,21000,1.55,21000,0,238000
FEDERALBNK30JAN2093CE.NFO,07/01/2020,10:02:26,1.5,1.45,21000,1.55,28000,0,238000
FEDERALBNK30JAN2093CE.NFO,07/01/2020,10:02:50,1.5,1.45,21000,1.55,21000,0,238000
FEDERALBNK30JAN2093CE.NFO,07/01/2020,10:02:58,1.5,1.45,21000,1.55,28000,0,238000
FEDERALBNK30JAN2093CE.NFO,07/01/2020,10:04:36,1.5,1.45,28000,1.55,28000,0,238000
FEDERALBNK30JAN2093CE.NFO,07/01/2020,10:05:33,1.5,1.45,28000,1.5,14000,0,238000
FEDERALBNK30JAN2093CE.NFO,07/01/2020,10:05:57,1.5,1.45,7000,1.5,7000,0,238000
FEDERALBNK30JAN2093CE.NFO,07/01/2020,10:06:07,1.5,1.45,7000,1.5,14000,0,238000
FEDERALBNK30JAN2093CE.NFO,07/01/2020,10:06:24,1.5,1.45,7000,1.5,7000,0,238000
FEDERALBNK30JAN2093CE.NFO,07/01/2020,10:06:29,1.5,1.45,14000,1.55,28000,0,238000
FEDERALBNK30JAN2093CE.NFO,07/01/2020,10:07:21,1.5,1.45,14000,1.5,7000,0,238000
FEDERALBNK30JAN2093CE.NFO,07/01/2020,10:07:31,1.5,1.45,7000,1.5,7000,0,238000
FEDERALBNK30JAN2093CE.NFO,07/01/2020,10:08:02,1.5,1.45,14000,1.5,7000,0,238000
FEDERALBNK30JAN2093CE.NFO,07/01/2020,10:08:11,1.5,1.45,14000,1.55,14000,0,238000
FEDERALBNK30JAN2093CE.NFO,07/01/2020,10:08:30,1.5,1.45,14000,1.55,7000,0,238000
FEDERALBNK30JAN2093CE.NFO,07/01/2020,10:08:49,1.5,1.45,21000,1.55,7000,0,238000
FEDERALBNK30JAN2093CE.NFO,07/01/2020,10:09:24,1.5,1.45,21000,1.55,14000,0,238000
FEDERALBNK30JAN2093CE.NFO,07/01/2020,10:09:42,1.5,1.45,21000,1.55,7000,0,238000
FEDERALBNK30JAN2093CE.NFO,07/01/2020,10:10:05,1.5,1.5,14000,1.6,7000,0,238000
FEDERALBNK30JAN2093CE.NFO,07/01/2020,10:10:11,1.5,1.5,21000,1.6,7000,0,238000
FEDERALBNK30JAN2093CE.NFO,07/01/2020,10:10:48,1.5,1.5,21000,1.6,14000,0,238000
FEDERALBNK30JAN2093CE.NFO,07/01/2020,10:11:57,1.5,1.55,14000,1.6,7000,0,238000
FEDERALBNK30JAN2093CE.NFO,07/01/2020,10:12:01,1.5,1.5,21000,1.6,7000,0,238000
FEDERALBNK30JAN2093CE.NFO,07/01/2020,10:12:09,1.5,1.55,14000,1.65,14000,0,238000
FEDERALBNK30JAN2093CE.NFO,07/01/2020,10:13:06,1.5,1.55,21000,1.65,14000,0,238000
FEDERALBNK30JAN2093CE.NFO,07/01/2020,10:13:20,1.5,1.55,14000,1.65,14000,0,238000
FEDERALBNK30JAN2093CE.NFO,07/01/2020,10:14:14,1.5,1.55,21000,1.65,14000,0,238000
FEDERALBNK30JAN2093CE.NFO,07/01/2020,10:14:30,1.5,1.55,14000,1.65,14000,0,238000
FEDERALBNK30JAN2093CE.NFO,07/01/2020,10:15:14,1.5,1.55,7000,1.65,14000,0,238000
FEDERALBNK30JAN2093CE.NFO,07/01/2020,10:15:19,1.5,1.55,7000,1.65,21000,0,238000
FEDERALBNK30JAN2093CE.NFO,07/01/2020,10:15:24,1.5,1.55,14000,1.65,21000,0,238000
FEDERALBNK30JAN2093CE.NFO,07/01/2020,10:15:34,1.5,1.55,7000,1.65,21000,0,238000
FEDERALBNK30JAN2093CE.NFO,07/01/2020,10:16:13,1.5,1.55,7000,1.65,28000,0,238000
FEDERALBNK30JAN2093CE.NFO,07/01/2020,10:16:34,1.5,1.55,7000,1.6,21000,0,238000
FEDERALBNK30JAN2093CE.NFO,07/01/2020,10:16:50,1.5,1.55,7000,1.6,7000,0,238000
FEDERALBNK30JAN2093CE.NFO,07/01/2020,10:17:06,1.5,1.55,7000,1.6,21000,0,238000
FEDERALBNK30JAN2093CE.NFO,07/01/2020,10:17:14,1.5,1.55,7000,1.6,28000,0,238000
FEDERALBNK30JAN2093CE.NFO,07/01/2020,10:17:22,1.5,1.5,21000,1.6,28000,0,238000
FEDERALBNK30JAN2093CE.NFO,07/01/2020,10:17:35,1.5,1.45,21000,1.55,28000,0,238000
FEDERALBNK30JAN2093CE.NFO,07/01/2020,10:18:06,1.5,1.5,7000,1.55,28000,0,238000
FEDERALBNK30JAN2093CE.NFO,07/01/2020,10:18:30,1.5,1.5,28000,1.6,28000,0,238000
FEDERALBNK30JAN2093CE.NFO,07/01/2020,10:18:40,1.5,1.5,21000,1.55,14000,0,238000
FEDERALBNK30JAN2093CE.NFO,07/01/2020,10:18:55,1.5,1.5,7000,1.55,21000,0,238000
FEDERALBNK30JAN2093CE.NFO,07/01/2020,10:19:00,1.5,1.5,21000,1.55,14000,0,238000
FEDERALBNK30JAN2093CE.NFO,07/01/2020,10:19:05,1.5,1.5,7000,1.55,21000,0,238000
FEDERALBNK30JAN2093CE.NFO,07/01/2020,10:19:40,1.5,1.5,7000,1.55,28000,0,238000
FEDERALBNK30JAN2093CE.NFO,07/01/2020,10:19:54,1.5,1.5,7000,1.55,21000,0,238000
FEDERALBNK30JAN2093CE.NFO,07/01/2020,10:20:12,1.5,1.5,7000,1.55,28000,0,238000
FEDERALBNK30JAN2093CE.NFO,07/01/2020,10:20:39,1.5,1.5,14000,1.55,14000,0,238000
FEDERALBNK30JAN2093CE.NFO,07/01/2020,10:20:44,1.5,1.5,7000,1.55,14000,0,238000
FEDERALBNK30JAN2093CE.NFO,07/01/2020,10:21:03,1.5,1.5,14000,1.55,14000,0,238000
FEDERALBNK30JAN2093CE.NFO,07/01/2020,10:21:45,1.5,1.5,7000,1.55,14000,0,238000
FEDERALBNK30JAN2093CE.NFO,07/01/2020,10:22:32,1.5,1.45,21000,1.55,28000,7000,238000
FEDERALBNK30JAN2093CE.NFO,07/01/2020,10:22:47,1.5,1.45,21000,1.5,7000,0,238000
FEDERALBNK30JAN2093CE.NFO,07/01/2020,10:22:58,1.5,1.45,21000,1.55,28000,0,238000
FEDERALBNK30JAN2093CE.NFO,07/01/2020,10:23:26,1.5,1.45,21000,1.55,14000,0,238000
FEDERALBNK30JAN2093CE.NFO,07/01/2020,10:23:43,1.5,1.5,14000,1.55,14000,0,238000
FEDERALBNK30JAN2093CE.NFO,07/01/2020,10:23:52,1.5,1.45,21000,1.55,14000,0,238000
FEDERALBNK30JAN2093CE.NFO,07/01/2020,10:24:00,1.5,1.45,21000,1.55,28000,0,238000
FEDERALBNK30JAN2093CE.NFO,07/01/2020,10:24:24,1.5,1.45,21000,1.55,14000,0,238000
FEDERALBNK30JAN2093CE.NFO,07/01/2020,10:25:13,1.5,1.45,21000,1.55,21000,0,238000
FEDERALBNK30JAN2093CE.NFO,07/01/2020,10:25:31,1.5,1.45,21000,1.55,28000,0,238000
FEDERALBNK30JAN2093CE.NFO,07/01/2020,10:25:36,1.5,1.45,21000,1.5,7000,0,238000
FEDERALBNK30JAN2093CE.NFO,07/01/2020,10:25:42,1.5,1.45,21000,1.55,28000,0,238000
FEDERALBNK30JAN2093CE.NFO,07/01/2020,10:26:00,1.5,1.45,28000,1.55,28000,0,238000
FEDERALBNK30JAN2093CE.NFO,07/01/2020,10:29:14,1.5,1.45,28000,1.55,35000,0,238000
FEDERALBNK30JAN2093CE.NFO,07/01/2020,10:30:11,1.5,1.45,21000,1.55,28000,0,238000
FEDERALBNK30JAN2093CE.NFO,07/01/2020,10:30:15,1.5,1.45,28000,1.55,35000,0,238000
FEDERALBNK30JAN2093CE.NFO,07/01/2020,10:30:55,1.5,1.5,14000,1.55,21000,0,238000
FEDERALBNK30JAN2093CE.NFO,07/01/2020,10:30:59,1.5,1.5,7000,1.55,21000,0,238000
FEDERALBNK30JAN2093CE.NFO,07/01/2020,10:31:12,1.5,1.45,28000,1.55,35000,0,238000
FEDERALBNK30JAN2093CE.NFO,07/01/2020,10:31:19,1.5,1.5,14000,1.55,21000,0,238000
FEDERALBNK30JAN2093CE.NFO,07/01/2020,10:31:22,1.5,1.5,7000,1.55,21000,0,238000
FEDERALBNK30JAN2093CE.NFO,07/01/2020,10:32:12,1.55,1.5,7000,1.55,35000,7000,238000
FEDERALBNK30JAN2093CE.NFO,07/01/2020,10:32:26,1.55,1.45,21000,1.55,35000,0,238000
FEDERALBNK30JAN2093CE.NFO,07/01/2020,10:32:52,1.55,1.45,21000,1.55,28000,0,238000
FEDERALBNK30JAN2093CE.NFO,07/01/2020,10:33:06,1.55,1.5,14000,1.55,28000,0,238000
FEDERALBNK30JAN2093CE.NFO,07/01/2020,10:33:40,1.55,1.5,14000,1.55,35000,0,238000
FEDERALBNK30JAN2093CE.NFO,07/01/2020,10:33:52,1.55,1.5,14000,1.55,21000,0,238000
FEDERALBNK30JAN2093CE.NFO,07/01/2020,10:34:15,1.55,1.5,7000,1.55,35000,0,238000
FEDERALBNK30JAN2093CE.NFO,07/01/2020,10:34:18,1.55,1.5,14000,1.55,35000,0,238000
FEDERALBNK30JAN2093CE.NFO,07/01/2020,10:35:38,1.55,1.5,21000,1.55,14000,0,238000
FEDERALBNK30JAN2093CE.NFO,07/01/2020,10:35:47,1.55,1.5,21000,1.55,7000,0,238000
FEDERALBNK30JAN2093CE.NFO,07/01/2020,10:36:21,1.55,1.5,21000,1.6,35000,0,238000
FEDERALBNK30JAN2093CE.NFO,07/01/2020,10:36:28,1.55,1.5,14000,1.6,35000,0,238000
FEDERALBNK30JAN2093CE.NFO,07/01/2020,10:36:30,1.55,1.5,21000,1.6,35000,0,238000
FEDERALBNK30JAN2093CE.NFO,07/01/2020,10:40:03,1.55,1.5,14000,1.6,35000,0,238000
FEDERALBNK30JAN2093CE.NFO,07/01/2020,10:40:32,1.55,1.5,21000,1.6,35000,0,238000
FEDERALBNK30JAN2093CE.NFO,07/01/2020,10:40:36,1.55,1.5,14000,1.6,35000,0,238000
FEDERALBNK30JAN2093CE.NFO,07/01/2020,10:41:24,1.55,1.5,21000,1.6,35000,0,238000
FEDERALBNK30JAN2093CE.NFO,07/01/2020,10:45:00,1.55,1.5,14000,1.6,35000,0,238000
FEDERALBNK30JAN2093CE.NFO,07/01/2020,10:45:05,1.55,1.5,21000,1.6,35000,0,238000
FEDERALBNK30JAN2093CE.NFO,07/01/2020,10:48:55,1.55,1.5,14000,1.55,21000,0,238000
FEDERALBNK30JAN2093CE.NFO,07/01/2020,10:49:45,1.55,1.5,7000,1.55,21000,0,238000
FEDERALBNK30JAN2093CE.NFO,07/01/2020,10:49:49,1.55,1.5,14000,1.55,21000,0,238000
FEDERALBNK30JAN2093CE.NFO,07/01/2020,10:49:53,1.55,1.5,7000,1.55,21000,0,238000
FEDERALBNK30JAN2093CE.NFO,07/01/2020,10:50:11,1.55,1.5,14000,1.55,21000,0,238000
FEDERALBNK30JAN2093CE.NFO,07/01/2020,10:50:16,1.55,1.5,21000,1.55,7000,0,238000
FEDERALBNK30JAN2093CE.NFO,07/01/2020,10:50:21,1.55,1.5,21000,1.6,35000,0,238000
FEDERALBNK30JAN2093CE.NFO,07/01/2020,10:50:26,1.55,1.5,7000,1.55,21000,0,238000
FEDERALBNK30JAN2093CE.NFO,07/01/2020,10:50:30,1.55,1.5,14000,1.55,21000,0,238000
FEDERALBNK30JAN2093CE.NFO,07/01/2020,10:50:34,1.55,1.5,21000,1.55,7000,0,238000
FEDERALBNK30JAN2093CE.NFO,07/01/2020,10:50:38,1.5,1.45,14000,1.5,21000,7000,231000
FEDERALBNK30JAN2093CE.NFO,07/01/2020,10:50:42,1.5,1.45,21000,1.55,21000,0,231000
FEDERALBNK30JAN2093CE.NFO,07/01/2020,10:51:04,1.5,1.45,21000,1.5,14000,0,231000
FEDERALBNK30JAN2093CE.NFO,07/01/2020,10:51:25,1.5,1.4,21000,1.5,21000,0,231000
FEDERALBNK30JAN2093CE.NFO,07/01/2020,10:51:39,1.5,1.45,14000,1.5,14000,0,231000
FEDERALBNK30JAN2093CE.NFO,07/01/2020,10:52:02,1.5,1.4,21000,1.5,21000,0,231000
FEDERALBNK30JAN2093CE.NFO,07/01/2020,10:53:16,1.5,1.45,7000,1.5,14000,0,231000
FEDERALBNK30JAN2093CE.NFO,07/01/2020,10:53:26,1.5,1.4,21000,1.5,21000,0,231000
FEDERALBNK30JAN2093CE.NFO,07/01/2020,10:55:00,1.5,1.4,21000,1.5,14000,0,231000
FEDERALBNK30JAN2093CE.NFO,07/01/2020,10:55:15,1.5,1.4,21000,1.5,21000,0,231000
FEDERALBNK30JAN2093CE.NFO,07/01/2020,10:56:52,1.5,1.4,21000,1.45,7000,0,231000
FEDERALBNK30JAN2093CE.NFO,07/01/2020,10:56:57,1.5,1.4,21000,1.5,21000,0,231000
FEDERALBNK30JAN2093CE.NFO,07/01/2020,10:57:16,1.5,1.4,14000,1.45,7000,0,231000
FEDERALBNK30JAN2093CE.NFO,07/01/2020,10:57:22,1.5,1.35,21000,1.45,14000,0,231000
FEDERALBNK30JAN2093CE.NFO,07/01/2020,10:57:29,1.5,1.4,21000,1.45,14000,0,231000
FEDERALBNK30JAN2093CE.NFO,07/01/2020,10:57:35,1.5,1.4,14000,1.45,14000,0,231000
FEDERALBNK30JAN2093CE.NFO,07/01/2020,10:57:46,1.5,1.4,21000,1.45,14000,0,231000
FEDERALBNK30JAN2093CE.NFO,07/01/2020,10:58:03,1.5,1.4,14000,1.45,14000,0,231000
FEDERALBNK30JAN2093CE.NFO,07/01/2020,10:58:08,1.5,1.4,21000,1.45,14000,0,231000
FEDERALBNK30JAN2093CE.NFO,07/01/2020,10:58:22,1.5,1.4,7000,1.45,14000,0,231000
FEDERALBNK30JAN2093CE.NFO,07/01/2020,10:58:28,1.5,1.35,21000,1.45,14000,0,231000
FEDERALBNK30JAN2093CE.NFO,07/01/2020,10:58:38,1.5,1.35,21000,1.45,21000,0,231000
FEDERALBNK30JAN2093CE.NFO,07/01/2020,10:58:58,1.4,1.35,21000,1.45,14000,7000,231000
FEDERALBNK30JAN2093CE.NFO,07/01/2020,10:58:58,1.4,1.35,21000,1.45,14000,0,231000
FEDERALBNK30JAN2093CE.NFO,07/01/2020,10:59:04,1.4,1.4,7000,1.45,7000,0,231000
FEDERALBNK30JAN2093CE.NFO,07/01/2020,10:59:10,1.4,1.4,14000,1.45,7000,0,231000
FEDERALBNK30JAN2093CE.NFO,07/01/2020,11:00:10,1.4,1.4,14000,1.45,14000,0,231000
FEDERALBNK30JAN2093CE.NFO,07/01/2020,11:00:16,1.4,1.35,21000,1.45,7000,0,231000
FEDERALBNK30JAN2093CE.NFO,07/01/2020,11:00:22,1.4,1.35,21000,1.45,14000,0,231000
FEDERALBNK30JAN2093CE.NFO,07/01/2020,11:00:29,1.4,1.35,21000,1.45,7000,0,231000
FEDERALBNK30JAN2093CE.NFO,07/01/2020,11:01:51,1.4,1.4,7000,1.5,7000,0,231000
FEDERALBNK30JAN2093CE.NFO,07/01/2020,11:01:58,1.4,1.4,14000,1.5,7000,0,231000
FEDERALBNK30JAN2093CE.NFO,07/01/2020,11:02:31,1.4,1.4,7000,1.5,7000,0,231000
FEDERALBNK30JAN2093CE.NFO,07/01/2020,11:02:37,1.4,1.4,14000,1.5,7000,0,231000
FEDERALBNK30JAN2093CE.NFO,07/01/2020,11:02:48,1.4,1.4,7000,1.5,7000,0,231000
FEDERALBNK30JAN2093CE.NFO,07/01/2020,11:02:54,1.4,1.4,14000,1.5,7000,0,231000
FEDERALBNK30JAN2093CE.NFO,07/01/2020,11:03:12,1.4,1.4,7000,1.5,7000,0,231000
FEDERALBNK30JAN2093CE.NFO,07/01/2020,11:03:33,1.4,1.35,21000,1.5,7000,0,231000
FEDERALBNK30JAN2093CE.NFO,07/01/2020,11:03:45,1.4,1.35,21000,1.45,7000,0,231000
FEDERALBNK30JAN2093CE.NFO,07/01/2020,11:04:03,1.4,1.4,7000,1.45,7000,0,231000
FEDERALBNK30JAN2093CE.NFO,07/01/2020,11:04:21,1.4,1.35,21000,1.45,7000,0,231000
FEDERALBNK30JAN2093CE.NFO,07/01/2020,11:04:32,1.4,1.35,21000,1.4,7000,0,231000
FEDERALBNK30JAN2093CE.NFO,07/01/2020,11:04:38,1.4,1.4,21000,1.5,14000,7000,231000
FEDERALBNK30JAN2093CE.NFO,07/01/2020,11:04:50,1.4,1.4,7000,1.5,14000,0,231000
FEDERALBNK30JAN2093CE.NFO,07/01/2020,11:05:01,1.4,1.35,21000,1.45,21000,0,231000
FEDERALBNK30JAN2093CE.NFO,07/01/2020,11:05:29,1.4,1.35,21000,1.45,14000,0,231000
FEDERALBNK30JAN2093CE.NFO,07/01/2020,11:05:34,1.4,1.4,7000,1.5,14000,0,231000
FEDERALBNK30JAN2093CE.NFO,07/01/2020,11:05:40,1.4,1.35,21000,1.5,14000,0,231000
FEDERALBNK30JAN2093CE.NFO,07/01/2020,11:05:57,1.4,1.35,21000,1.45,14000,0,231000
FEDERALBNK30JAN2093CE.NFO,07/01/2020,11:06:08,1.4,1.4,21000,1.45,14000,0,231000
FEDERALBNK30JAN2093CE.NFO,07/01/2020,11:06:15,1.4,1.4,21000,1.45,7000,0,231000
FEDERALBNK30JAN2093CE.NFO,07/01/2020,11:06:22,1.4,1.4,21000,1.45,14000,0,231000
FEDERALBNK30JAN2093CE.NFO,07/01/2020,11:06:28,1.4,1.4,21000,1.45,7000,0,231000
FEDERALBNK30JAN2093CE.NFO,07/01/2020,11:06:33,1.4,1.4,21000,1.45,14000,0,231000
FEDERALBNK30JAN2093CE.NFO,07/01/2020,11:06:41,1.4,1.35,21000,1.45,14000,0,231000
FEDERALBNK30JAN2093CE.NFO,07/01/2020,11:06:53,1.4,1.4,7000,1.45,14000,0,231000
FEDERALBNK30JAN2093CE.NFO,07/01/2020,11:07:04,1.4,1.35,21000,1.45,14000,0,231000
FEDERALBNK30JAN2093CE.NFO,07/01/2020,11:07:44,1.4,1.35,21000,1.4,7000,0,231000
FEDERALBNK30JAN2093CE.NFO,07/01/2020,11:08:30,1.4,1.35,21000,1.45,14000,0,231000
FEDERALBNK30JAN2093CE.NFO,07/01/2020,11:08:35,1.4,1.35,21000,1.4,7000,0,231000
FEDERALBNK30JAN2093CE.NFO,07/01/2020,11:09:04,1.4,1.35,21000,1.4,14000,0,231000
FEDERALBNK30JAN2093CE.NFO,07/01/2020,11:09:13,1.4,1.35,21000,1.4,7000,0,231000
FEDERALBNK30JAN2093CE.NFO,07/01/2020,11:09:17,1.4,1.35,21000,1.45,14000,0,231000
FEDERALBNK30JAN2093CE.NFO,07/01/2020,11:09:21,1.4,1.35,21000,1.4,14000,0,231000
FEDERALBNK30JAN2093CE.NFO,07/01/2020,11:09:27,1.4,1.35,21000,1.4,7000,0,231000
FEDERALBNK30JAN2093CE.NFO,07/01/2020,11:09:31,1.4,1.35,21000,1.4,14000,0,231000
FEDERALBNK30JAN2093CE.NFO,07/01/2020,11:09:35,1.4,1.35,14000,1.4,14000,0,231000
FEDERALBNK30JAN2093CE.NFO,07/01/2020,11:09:51,1.4,1.35,21000,1.4,14000,0,231000
FEDERALBNK30JAN2093CE.NFO,07/01/2020,11:11:07,1.4,1.3,21000,1.4,14000,0,231000
FEDERALBNK30JAN2093CE.NFO,07/01/2020,11:11:58,1.4,1.35,28000,1.45,14000,0,231000
FEDERALBNK30JAN2093CE.NFO,07/01/2020,11:12:06,1.4,1.35,14000,1.4,14000,0,231000
FEDERALBNK30JAN2093CE.NFO,07/01/2020,11:12:14,1.4,1.35,21000,1.4,14000,0,231000
FEDERALBNK30JAN2093CE.NFO,07/01/2020,11:12:40,1.4,1.35,14000,1.4,14000,0,231000
FEDERALBNK30JAN2093CE.NFO,07/01/2020,11:12:54,1.4,1.35,7000,1.4,14000,0,231000
FEDERALBNK30JAN2093CE.NFO,07/01/2020,11:13:04,1.4,1.3,21000,1.4,14000,0,231000
FEDERALBNK30JAN2093CE.NFO,07/01/2020,11:13:16,1.4,1.3,21000,1.4,7000,0,231000
FEDERALBNK30JAN2093CE.NFO,07/01/2020,11:13:28,1.4,1.3,21000,1.4,21000,0,231000
FEDERALBNK30JAN2093CE.NFO,07/01/2020,11:13:52,1.4,1.35,28000,1.4,21000,0,231000
FEDERALBNK30JAN2093CE.NFO,07/01/2020,11:14:14,1.35,1.35,14000,1.4,14000,7000,231000
FEDERALBNK30JAN2093CE.NFO,07/01/2020,11:14:14,1.35,1.35,14000,1.4,14000,0,231000
FEDERALBNK30JAN2093CE.NFO,07/01/2020,11:14:31,1.35,1.35,14000,1.4,14000,0,231000
FEDERALBNK30JAN2093CE.NFO,07/01/2020,11:16:04,1.35,1.35,14000,1.4,21000,0,231000
FEDERALBNK30JAN2093CE.NFO,07/01/2020,11:16:48,1.35,1.35,14000,1.4,14000,0,231000
FEDERALBNK30JAN2093CE.NFO,07/01/2020,11:16:54,1.35,1.3,21000,1.4,14000,14000,224000
FEDERALBNK30JAN2093CE.NFO,07/01/2020,11:17:06,1.35,1.3,21000,1.4,21000,0,224000
FEDERALBNK30JAN2093CE.NFO,07/01/2020,11:19:21,1.35,1.3,21000,1.35,7000,0,224000
FEDERALBNK30JAN2093CE.NFO,07/01/2020,11:20:28,1.35,1.3,21000,1.4,14000,0,224000
FEDERALBNK30JAN2093CE.NFO,07/01/2020,11:20:44,1.35,1.3,21000,1.35,7000,0,224000
FEDERALBNK30JAN2093CE.NFO,07/01/2020,11:20:50,1.35,1.3,21000,1.4,7000,0,224000
FEDERALBNK30JAN2093CE.NFO,07/01/2020,11:22:21,1.35,1.3,21000,1.4,14000,0,224000
FEDERALBNK30JAN2093CE.NFO,07/01/2020,11:22:29,1.35,1.3,21000,1.4,7000,0,224000
FEDERALBNK30JAN2093CE.NFO,07/01/2020,11:23:07,1.35,1.3,21000,1.45,14000,0,224000
FEDERALBNK30JAN2093CE.NFO,07/01/2020,11:23:25,1.35,1.3,21000,1.45,7000,0,224000
FEDERALBNK30JAN2093CE.NFO,07/01/2020,11:24:41,1.35,1.4,14000,1.5,14000,0,224000
FEDERALBNK30JAN2093CE.NFO,07/01/2020,11:25:21,1.35,1.35,21000,1.5,14000,0,224000
FEDERALBNK30JAN2093CE.NFO,07/01/2020,11:25:31,1.35,1.4,14000,1.5,14000,0,224000
FEDERALBNK30JAN2093CE.NFO,07/01/2020,11:26:55,1.35,1.4,7000,1.45,14000,0,224000
FEDERALBNK30JAN2093CE.NFO,07/01/2020,11:27:02,1.35,1.35,21000,1.45,14000,0,224000
FEDERALBNK30JAN2093CE.NFO,07/01/2020,11:27:27,1.35,1.35,21000,1.4,7000,0,224000
FEDERALBNK30JAN2093CE.NFO,07/01/2020,11:27:54,1.35,1.35,21000,1.45,14000,0,224000
FEDERALBNK30JAN2093CE.NFO,07/01/2020,11:28:52,1.35,1.3,21000,1.4,14000,0,224000
FEDERALBNK30JAN2093CE.NFO,07/01/2020,11:29:22,1.35,1.3,21000,1.4,7000,0,224000
FEDERALBNK30JAN2093CE.NFO,07/01/2020,11:29:40,1.35,1.3,14000,1.4,7000,0,224000
FEDERALBNK30JAN2093CE.NFO,07/01/2020,11:29:44,1.35,1.3,21000,1.4,7000,0,224000
FEDERALBNK30JAN2093CE.NFO,07/01/2020,11:31:03,1.35,1.3,21000,1.45,7000,0,224000
FEDERALBNK30JAN2093CE.NFO,07/01/2020,11:31:53,1.35,1.3,28000,1.45,14000,0,224000
FEDERALBNK30JAN2093CE.NFO,07/01/2020,11:34:08,1.35,1.3,28000,1.45,7000,0,224000
FEDERALBNK30JAN2093CE.NFO,07/01/2020,11:34:14,1.3,1.4,21000,1.5,14000,21000,210000
FEDERALBNK30JAN2093CE.NFO,07/01/2020,11:34:14,1.3,1.4,21000,1.5,14000,0,210000
FEDERALBNK30JAN2093CE.NFO,07/01/2020,11:34:27,1.3,1.4,21000,1.5,14000,0,210000
FEDERALBNK30JAN2093CE.NFO,07/01/2020,11:35:07,1.3,1.45,7000,1.5,14000,0,210000
FEDERALBNK30JAN2093CE.NFO,07/01/2020,11:35:39,1.3,1.45,14000,1.5,14000,0,210000
FEDERALBNK30JAN2093CE.NFO,07/01/2020,11:35:58,1.3,1.45,14000,1.5,7000,0,210000
FEDERALBNK30JAN2093CE.NFO,07/01/2020,11:36:04,1.3,1.45,14000,1.5,14000,0,210000
FEDERALBNK30JAN2093CE.NFO,07/01/2020,11:36:21,1.3,1.45,7000,1.5,14000,0,210000
FEDERALBNK30JAN2093CE.NFO,07/01/2020,11:36:36,1.3,1.4,21000,1.5,14000,0,210000
FEDERALBNK30JAN2093CE.NFO,07/01/2020,11:36:40,1.3,1.4,14000,1.5,14000,0,210000
FEDERALBNK30JAN2093CE.NFO,07/01/2020,11:36:58,1.3,1.4,14000,1.45,7000,0,210000
FEDERALBNK30JAN2093CE.NFO,07/01/2020,11:37:08,1.3,1.4,7000,1.5,14000,0,210000
FEDERALBNK30JAN2093CE.NFO,07/01/2020,11:37:16,1.3,1.4,7000,1.45,7000,0,210000
FEDERALBNK30JAN2093CE.NFO,07/01/2020,11:38:21,1.3,1.4,7000,1.45,14000,0,210000
FEDERALBNK30JAN2093CE.NFO,07/01/2020,11:38:25,1.3,1.4,7000,1.45,7000,0,210000
FEDERALBNK30JAN2093CE.NFO,07/01/2020,11:38:54,1.3,1.4,7000,1.45,14000,0,210000
FEDERALBNK30JAN2093CE.NFO,07/01/2020,11:39:19,1.3,1.35,21000,1.45,14000,0,210000
FEDERALBNK30JAN2093CE.NFO,07/01/2020,11:39:35,1.3,1.35,21000,1.45,21000,0,210000
FEDERALBNK30JAN2093CE.NFO,07/01/2020,11:39:42,1.3,1.35,21000,1.45,14000,0,210000
FEDERALBNK30JAN2093CE.NFO,07/01/2020,11:39:53,1.3,1.35,14000,1.4,7000,0,210000
FEDERALBNK30JAN2093CE.NFO,07/01/2020,11:40:06,1.3,1.35,21000,1.4,14000,0,210000
FEDERALBNK30JAN2093CE.NFO,07/01/2020,11:40:10,1.3,1.35,14000,1.4,14000,0,210000
FEDERALBNK30JAN2093CE.NFO,07/01/2020,11:40:37,1.3,1.35,21000,1.4,14000,0,210000
FEDERALBNK30JAN2093CE.NFO,07/01/2020,11:41:58,1.3,1.35,14000,1.4,7000,0,210000
FEDERALBNK30JAN2093CE.NFO,07/01/2020,11:42:03,1.3,1.3,21000,1.4,21000,0,210000
FEDERALBNK30JAN2093CE.NFO,07/01/2020,11:42:15,1.3,1.3,21000,1.4,14000,0,210000
FEDERALBNK30JAN2093CE.NFO,07/01/2020,11:43:09,1.3,1.3,21000,1.4,21000,0,210000
FEDERALBNK30JAN2093CE.NFO,07/01/2020,11:43:16,1.3,1.3,21000,1.35,14000,0,210000
FEDERALBNK30JAN2093CE.NFO,07/01/2020,11:43:19,1.3,1.3,21000,1.4,21000,0,210000
FEDERALBNK30JAN2093CE.NFO,07/01/2020,11:43:34,1.3,1.3,21000,1.35,7000,0,210000
FEDERALBNK30JAN2093CE.NFO,07/01/2020,11:43:44,1.3,1.3,21000,1.4,14000,0,210000
FEDERALBNK30JAN2093CE.NFO,07/01/2020,11:43:54,1.3,1.3,21000,1.4,21000,0,210000
FEDERALBNK30JAN2093CE.NFO,07/01/2020,11:44:18,1.3,1.3,21000,1.4,14000,0,210000
FEDERALBNK30JAN2093CE.NFO,07/01/2020,11:44:30,1.3,1.3,21000,1.4,21000,0,210000
FEDERALBNK30JAN2093CE.NFO,07/01/2020,11:44:37,1.3,1.3,21000,1.35,7000,0,210000
FEDERALBNK30JAN2093CE.NFO,07/01/2020,11:44:41,1.3,1.3,14000,1.35,7000,0,210000
FEDERALBNK30JAN2093CE.NFO,07/01/2020,11:45:26,1.3,1.3,14000,1.35,14000,0,210000
FEDERALBNK30JAN2093CE.NFO,07/01/2020,11:45:34,1.3,1.3,14000,1.35,7000,0,210000
FEDERALBNK30JAN2093CE.NFO,07/01/2020,11:46:44,1.3,1.3,14000,1.35,14000,0,210000
FEDERALBNK30JAN2093CE.NFO,07/01/2020,11:47:23,1.3,1.25,21000,1.35,14000,0,210000
FEDERALBNK30JAN2093CE.NFO,07/01/2020,11:48:31,1.3,1.25,21000,1.35,7000,0,210000
FEDERALBNK30JAN2093CE.NFO,07/01/2020,11:52:20,1.3,1.3,7000,1.35,7000,0,210000
FEDERALBNK30JAN2093CE.NFO,07/01/2020,11:52:25,1.3,1.3,14000,1.35,7000,0,210000
FEDERALBNK30JAN2093CE.NFO,07/01/2020,11:52:30,1.3,1.3,7000,1.35,7000,0,210000
FEDERALBNK30JAN2093CE.NFO,07/01/2020,11:53:03,1.3,1.3,14000,1.35,7000,0,210000
FEDERALBNK30JAN2093CE.NFO,07/01/2020,11:53:06,1.3,1.3,21000,1.35,7000,0,210000
FEDERALBNK30JAN2093CE.NFO,07/01/2020,11:53:18,1.3,1.3,21000,1.4,7000,0,210000
FEDERALBNK30JAN2093CE.NFO,07/01/2020,11:54:27,1.3,1.3,21000,1.4,14000,0,210000
FEDERALBNK30JAN2093CE.NFO,07/01/2020,11:55:11,1.3,1.3,14000,1.4,14000,0,210000
FEDERALBNK30JAN2093CE.NFO,07/01/2020,11:55:14,1.3,1.25,21000,1.35,21000,0,210000
FEDERALBNK30JAN2093CE.NFO,07/01/2020,11:55:43,1.3,1.25,21000,1.35,14000,0,210000
FEDERALBNK30JAN2093CE.NFO,07/01/2020,11:56:18,1.3,1.3,7000,1.35,14000,0,210000
FEDERALBNK30JAN2093CE.NFO,07/01/2020,11:56:29,1.3,1.25,21000,1.35,21000,0,210000
FEDERALBNK30JAN2093CE.NFO,07/01/2020,11:57:03,1.3,1.3,7000,1.35,21000,0,210000
FEDERALBNK30JAN2093CE.NFO,07/01/2020,11:57:05,1.3,1.25,14000,1.35,21000,0,210000
FEDERALBNK30JAN2093CE.NFO,07/01/2020,11:57:08,1.3,1.3,7000,1.35,21000,0,210000
FEDERALBNK30JAN2093CE.NFO,07/01/2020,11:57:14,1.3,1.3,7000,1.35,14000,0,210000
FEDERALBNK30JAN2093CE.NFO,07/01/2020,11:57:38,1.3,1.3,7000,1.35,21000,0,210000
FEDERALBNK30JAN2093CE.NFO,07/01/2020,11:57:49,1.3,1.25,21000,1.35,21000,0,210000
FEDERALBNK30JAN2093CE.NFO,07/01/2020,12:00:33,1.25,1.15,14000,1.25,7000,7000,231000
FEDERALBNK30JAN2093CE.NFO,07/01/2020,12:00:33,1.25,1.15,14000,1.25,7000,0,231000
FEDERALBNK30JAN2093CE.NFO,07/01/2020,12:00:37,1.25,1.15,14000,1.25,7000,0,231000
FEDERALBNK30JAN2093CE.NFO,07/01/2020,12:00:49,1.25,1.2,28000,1.3,14000,0,231000
FEDERALBNK30JAN2093CE.NFO,07/01/2020,12:00:54,1.25,1.2,28000,1.3,7000,0,231000
FEDERALBNK30JAN2093CE.NFO,07/01/2020,12:01:22,1.25,1.25,7000,1.3,7000,0,231000
FEDERALBNK30JAN2093CE.NFO,07/01/2020,12:01:30,1.25,1.2,14000,1.3,7000,0,231000
FEDERALBNK30JAN2093CE.NFO,07/01/2020,12:01:33,1.25,1.25,7000,1.3,7000,0,231000
FEDERALBNK30JAN2093CE.NFO,07/01/2020,12:01:42,1.25,1.2,14000,1.3,7000,0,231000
FEDERALBNK30JAN2093CE.NFO,07/01/2020,12:03:34,1.25,1.2,14000,1.3,14000,0,231000
FEDERALBNK30JAN2093CE.NFO,07/01/2020,12:03:37,1.25,1.2,14000,1.3,7000,0,231000
FEDERALBNK30JAN2093CE.NFO,07/01/2020,12:04:50,1.25,1.25,14000,1.3,7000,0,231000
FEDERALBNK30JAN2093CE.NFO,07/01/2020,12:05:46,1.25,1.25,14000,1.35,14000,0,231000
FEDERALBNK30JAN2093CE.NFO,07/01/2020,12:05:52,1.25,1.25,7000,1.35,14000,0,231000
FEDERALBNK30JAN2093CE.NFO,07/01/2020,12:05:57,1.25,1.25,14000,1.35,14000,0,231000
FEDERALBNK30JAN2093CE.NFO,07/01/2020,12:07:09,1.25,1.25,7000,1.35,14000,0,231000
FEDERALBNK30JAN2093CE.NFO,07/01/2020,12:08:18,1.25,1.25,14000,1.35,14000,0,231000
FEDERALBNK30JAN2093CE.NFO,07/01/2020,12:08:36,1.25,1.25,14000,1.35,7000,0,231000
FEDERALBNK30JAN2093CE.NFO,07/01/2020,12:08:39,1.25,1.25,14000,1.35,14000,0,231000
FEDERALBNK30JAN2093CE.NFO,07/01/2020,12:13:13,1.25,1.25,14000,1.35,7000,0,231000
FEDERALBNK30JAN2093CE.NFO,07/01/2020,12:14:12,1.25,1.25,14000,1.35,14000,0,231000
FEDERALBNK30JAN2093CE.NFO,07/01/2020,12:14:16,1.25,1.25,14000,1.35,7000,0,231000
FEDERALBNK30JAN2093CE.NFO,07/01/2020,12:19:40,1.25,1.25,14000,1.4,14000,0,231000
FEDERALBNK30JAN2093CE.NFO,07/01/2020,12:24:39,1.25,1.3,28000,1.4,7000,0,231000
FEDERALBNK30JAN2093CE.NFO,07/01/2020,12:24:42,1.25,1.3,35000,1.4,7000,0,231000
FEDERALBNK30JAN2093CE.NFO,07/01/2020,12:26:56,1.25,1.3,35000,1.4,14000,0,231000
FEDERALBNK30JAN2093CE.NFO,07/01/2020,12:27:00,1.25,1.25,21000,1.35,14000,0,231000
FEDERALBNK30JAN2093CE.NFO,07/01/2020,12:27:18,1.25,1.3,14000,1.35,14000,0,231000
FEDERALBNK30JAN2093CE.NFO,07/01/2020,12:27:37,1.25,1.3,7000,1.35,14000,0,231000
FEDERALBNK30JAN2093CE.NFO,07/01/2020,12:27:44,1.25,1.3,14000,1.35,14000,0,231000
FEDERALBNK30JAN2093CE.NFO,07/01/2020,12:28:19,1.25,1.3,7000,1.35,14000,0,231000
FEDERALBNK30JAN2093CE.NFO,07/01/2020,12:28:30,1.25,1.3,14000,1.35,14000,0,231000
FEDERALBNK30JAN2093CE.NFO,07/01/2020,12:28:34,1.25,1.25,21000,1.35,14000,0,231000
FEDERALBNK30JAN2093CE.NFO,07/01/2020,12:29:23,1.25,1.25,21000,1.35,21000,0,231000
FEDERALBNK30JAN2093CE.NFO,07/01/2020,12:31:36,1.25,1.25,21000,1.35,21000,0,238000
FEDERALBNK30JAN2093CE.NFO,07/01/2020,12:32:32,1.25,1.25,7000,1.35,21000,0,238000
FEDERALBNK30JAN2093CE.NFO,07/01/2020,12:32:38,1.25,1.25,14000,1.35,21000,0,238000
FEDERALBNK30JAN2093CE.NFO,07/01/2020,12:32:59,1.25,1.25,21000,1.35,21000,0,238000
FEDERALBNK30JAN2093CE.NFO,07/01/2020,12:37:39,1.25,1.25,21000,1.35,14000,0,238000
FEDERALBNK30JAN2093CE.NFO,07/01/2020,12:39:43,1.25,1.3,7000,1.35,14000,0,238000
FEDERALBNK30JAN2093CE.NFO,07/01/2020,12:40:06,1.25,1.25,21000,1.35,14000,0,238000
FEDERALBNK30JAN2093CE.NFO,07/01/2020,12:40:08,1.25,1.25,28000,1.35,14000,0,238000
FEDERALBNK30JAN2093CE.NFO,07/01/2020,12:40:15,1.25,1.3,7000,1.35,14000,0,238000
FEDERALBNK30JAN2093CE.NFO,07/01/2020,12:40:18,1.25,1.3,14000,1.35,14000,0,238000
FEDERALBNK30JAN2093CE.NFO,07/01/2020,12:40:25,1.25,1.3,7000,1.35,14000,0,238000
FEDERALBNK30JAN2093CE.NFO,07/01/2020,12:40:34,1.25,1.3,21000,1.4,7000,0,238000
FEDERALBNK30JAN2093CE.NFO,07/01/2020,12:42:53,1.25,1.3,14000,1.4,7000,0,238000
FEDERALBNK30JAN2093CE.NFO,07/01/2020,12:43:06,1.25,1.3,21000,1.4,7000,0,238000
FEDERALBNK30JAN2093CE.NFO,07/01/2020,12:43:46,1.25,1.25,28000,1.4,14000,0,238000
FEDERALBNK30JAN2093CE.NFO,07/01/2020,12:44:00,1.25,1.3,7000,1.4,14000,0,238000
FEDERALBNK30JAN2093CE.NFO,07/01/2020,12:45:38,1.25,1.25,28000,1.4,14000,0,238000
FEDERALBNK30JAN2093CE.NFO,07/01/2020,12:45:52,1.25,1.3,7000,1.4,14000,0,238000
FEDERALBNK30JAN2093CE.NFO,07/01/2020,12:45:58,1.25,1.25,28000,1.4,14000,0,238000
FEDERALBNK30JAN2093CE.NFO,07/01/2020,12:46:18,1.25,1.3,7000,1.4,14000,0,238000
FEDERALBNK30JAN2093CE.NFO,07/01/2020,12:46:21,1.25,1.3,14000,1.4,14000,0,238000
FEDERALBNK30JAN2093CE.NFO,07/01/2020,12:46:29,1.25,1.3,21000,1.4,14000,0,238000
FEDERALBNK30JAN2093CE.NFO,07/01/2020,12:46:51,1.25,1.3,14000,1.4,14000,0,238000
FEDERALBNK30JAN2093CE.NFO,07/01/2020,12:48:04,1.25,1.3,21000,1.4,14000,0,238000
FEDERALBNK30JAN2093CE.NFO,07/01/2020,12:48:09,1.25,1.3,21000,1.4,7000,0,238000
FEDERALBNK30JAN2093CE.NFO,07/01/2020,12:52:22,1.25,1.3,21000,1.4,14000,0,238000
FEDERALBNK30JAN2093CE.NFO,07/01/2020,12:53:13,1.25,1.3,14000,1.4,14000,0,238000
FEDERALBNK30JAN2093CE.NFO,07/01/2020,12:53:40,1.25,1.3,21000,1.4,14000,0,238000
FEDERALBNK30JAN2093CE.NFO,07/01/2020,12:53:49,1.25,1.3,14000,1.4,14000,0,238000
FEDERALBNK30JAN2093CE.NFO,07/01/2020,12:53:51,1.25,1.3,21000,1.4,14000,0,238000
FEDERALBNK30JAN2093CE.NFO,07/01/2020,12:54:03,1.25,1.3,21000,1.4,7000,0,238000
FEDERALBNK30JAN2093CE.NFO,07/01/2020,12:57:25,1.25,1.3,21000,1.4,14000,0,238000
FEDERALBNK30JAN2093CE.NFO,07/01/2020,12:57:29,1.25,1.3,28000,1.4,14000,0,238000
FEDERALBNK30JAN2093CE.NFO,07/01/2020,12:59:55,1.25,1.3,21000,1.4,14000,0,238000
FEDERALBNK30JAN2093CE.NFO,07/01/2020,13:00:17,1.25,1.3,28000,1.4,14000,0,238000
FEDERALBNK30JAN2093CE.NFO,07/01/2020,13:00:25,1.25,1.3,7000,1.4,14000,0,238000
FEDERALBNK30JAN2093CE.NFO,07/01/2020,13:00:55,1.25,1.3,14000,1.4,14000,0,238000
FEDERALBNK30JAN2093CE.NFO,07/01/2020,13:01:05,1.25,1.3,7000,1.4,14000,0,238000
FEDERALBNK30JAN2093CE.NFO,07/01/2020,13:01:23,1.25,1.3,14000,1.4,14000,0,238000
FEDERALBNK30JAN2093CE.NFO,07/01/2020,13:01:29,1.25,1.3,7000,1.4,14000,0,238000
FEDERALBNK30JAN2093CE.NFO,07/01/2020,13:02:26,1.3,1.25,21000,1.3,7000,7000,238000
FEDERALBNK30JAN2093CE.NFO,07/01/2020,13:02:31,1.3,1.25,21000,1.35,14000,0,238000
FEDERALBNK30JAN2093CE.NFO,07/01/2020,13:07:52,1.3,1.25,14000,1.3,14000,0,238000
FEDERALBNK30JAN2093CE.NFO,07/01/2020,13:08:34,1.3,1.25,7000,1.3,14000,0,238000
FEDERALBNK30JAN2093CE.NFO,07/01/2020,13:10:05,1.3,1.25,14000,1.3,14000,0,238000
FEDERALBNK30JAN2093CE.NFO,07/01/2020,13:10:16,1.3,1.25,21000,1.3,14000,0,238000
FEDERALBNK30JAN2093CE.NFO,07/01/2020,13:10:47,1.3,1.25,21000,1.3,21000,0,238000
FEDERALBNK30JAN2093CE.NFO,07/01/2020,13:10:52,1.3,1.25,7000,1.3,21000,0,238000
FEDERALBNK30JAN2093CE.NFO,07/01/2020,13:11:19,1.3,1.25,14000,1.3,21000,0,238000
FEDERALBNK30JAN2093CE.NFO,07/01/2020,13:12:05,1.3,1.25,21000,1.35,14000,0,238000
FEDERALBNK30JAN2093CE.NFO,07/01/2020,13:13:54,1.3,1.25,21000,1.35,21000,0,238000
FEDERALBNK30JAN2093CE.NFO,07/01/2020,13:14:14,1.3,1.25,7000,1.35,21000,0,238000
FEDERALBNK30JAN2093CE.NFO,07/01/2020,13:14:29,1.3,1.25,21000,1.35,21000,0,238000
FEDERALBNK30JAN2093CE.NFO,07/01/2020,13:15:06,1.3,1.25,7000,1.35,21000,0,238000
FEDERALBNK30JAN2093CE.NFO,07/01/2020,13:15:21,1.3,1.25,21000,1.35,21000,0,238000
FEDERALBNK30JAN2093CE.NFO,07/01/2020,13:15:28,1.3,1.25,21000,1.35,14000,0,238000
FEDERALBNK30JAN2093CE.NFO,07/01/2020,13:17:31,1.3,1.25,14000,1.35,14000,0,238000
FEDERALBNK30JAN2093CE.NFO,07/01/2020,13:17:43,1.3,1.25,21000,1.35,14000,0,238000
FEDERALBNK30JAN2093CE.NFO,07/01/2020,13:17:48,1.3,1.25,14000,1.35,14000,0,238000
FEDERALBNK30JAN2093CE.NFO,07/01/2020,13:17:54,1.3,1.25,21000,1.35,14000,0,238000
FEDERALBNK30JAN2093CE.NFO,07/01/2020,13:20:16,1.3,1.25,21000,1.35,7000,0,238000
FEDERALBNK30JAN2093CE.NFO,07/01/2020,13:20:21,1.3,1.25,21000,1.35,14000,0,238000
FEDERALBNK30JAN2093CE.NFO,07/01/2020,13:21:12,1.3,1.25,14000,1.35,14000,0,238000
FEDERALBNK30JAN2093CE.NFO,07/01/2020,13:21:18,1.3,1.2,14000,1.35,14000,0,238000
FEDERALBNK30JAN2093CE.NFO,07/01/2020,13:21:26,1.3,1.25,14000,1.35,14000,0,238000
FEDERALBNK30JAN2093CE.NFO,07/01/2020,13:22:02,1.3,1.25,21000,1.35,14000,0,238000
FEDERALBNK30JAN2093CE.NFO,07/01/2020,13:22:33,1.3,1.25,14000,1.35,14000,0,238000
FEDERALBNK30JAN2093CE.NFO,07/01/2020,13:22:53,1.3,1.25,21000,1.35,14000,0,238000
FEDERALBNK30JAN2093CE.NFO,07/01/2020,13:23:01,1.3,1.25,14000,1.35,14000,0,238000
FEDERALBNK30JAN2093CE.NFO,07/01/2020,13:23:06,1.3,1.25,7000,1.35,14000,0,238000
FEDERALBNK30JAN2093CE.NFO,07/01/2020,13:23:15,1.3,1.25,28000,1.35,14000,0,238000
FEDERALBNK30JAN2093CE.NFO,07/01/2020,13:24:32,1.3,1.25,28000,1.35,7000,0,238000
FEDERALBNK30JAN2093CE.NFO,07/01/2020,13:26:13,1.3,1.3,7000,1.35,7000,0,238000
FEDERALBNK30JAN2093CE.NFO,07/01/2020,13:26:51,1.3,1.25,7000,1.35,7000,0,238000
FEDERALBNK30JAN2093CE.NFO,07/01/2020,13:28:18,1.3,1.25,14000,1.35,7000,0,238000
FEDERALBNK30JAN2093CE.NFO,07/01/2020,13:28:34,1.3,1.25,7000,1.35,7000,0,238000
FEDERALBNK30JAN2093CE.NFO,07/01/2020,13:28:37,1.3,1.25,14000,1.35,7000,0,238000
FEDERALBNK30JAN2093CE.NFO,07/01/2020,13:28:53,1.3,1.2,7000,1.35,7000,0,238000
FEDERALBNK30JAN2093CE.NFO,07/01/2020,13:29:32,1.3,1.2,7000,1.3,14000,0,238000
FEDERALBNK30JAN2093CE.NFO,07/01/2020,13:31:07,1.3,1.15,21000,1.3,14000,0,238000
FEDERALBNK30JAN2093CE.NFO,07/01/2020,13:31:30,1.3,1.15,28000,1.3,14000,0,238000
FEDERALBNK30JAN2093CE.NFO,07/01/2020,13:31:58,1.3,1.15,28000,1.35,14000,0,238000
FEDERALBNK30JAN2093CE.NFO,07/01/2020,13:32:05,1.3,1.15,28000,1.35,21000,0,238000
FEDERALBNK30JAN2093CE.NFO,07/01/2020,13:32:12,1.3,1.15,28000,1.35,14000,0,238000
FEDERALBNK30JAN2093CE.NFO,07/01/2020,13:32:18,1.3,1.15,28000,1.35,21000,0,238000
FEDERALBNK30JAN2093CE.NFO,07/01/2020,13:32:34,1.3,1.15,28000,1.3,14000,0,238000
FEDERALBNK30JAN2093CE.NFO,07/01/2020,13:37:02,1.3,1.15,28000,1.35,21000,0,238000
FEDERALBNK30JAN2093CE.NFO,07/01/2020,13:38:05,1.3,1.15,28000,1.35,14000,0,238000
FEDERALBNK30JAN2093CE.NFO,07/01/2020,13:38:24,1.3,1.15,28000,1.35,21000,0,238000
FEDERALBNK30JAN2093CE.NFO,07/01/2020,13:39:07,1.3,1.15,28000,1.35,14000,0,238000
FEDERALBNK30JAN2093CE.NFO,07/01/2020,13:40:31,1.3,1.15,28000,1.35,21000,0,238000
FEDERALBNK30JAN2093CE.NFO,07/01/2020,13:40:47,1.3,1.15,28000,1.35,14000,0,238000
FEDERALBNK30JAN2093CE.NFO,07/01/2020,13:41:55,1.3,1.15,28000,1.35,21000,0,238000
FEDERALBNK30JAN2093CE.NFO,07/01/2020,13:42:21,1.3,1.15,28000,1.35,14000,0,238000
FEDERALBNK30JAN2093CE.NFO,07/01/2020,13:44:51,1.3,1.15,28000,1.35,21000,0,238000
FEDERALBNK30JAN2093CE.NFO,07/01/2020,13:45:08,1.3,1.15,28000,1.35,14000,0,238000
FEDERALBNK30JAN2093CE.NFO,07/01/2020,13:46:43,1.3,1.15,21000,1.35,14000,0,238000
FEDERALBNK30JAN2093CE.NFO,07/01/2020,13:46:52,1.3,1.15,28000,1.35,14000,0,238000
FEDERALBNK30JAN2093CE.NFO,07/01/2020,13:48:21,1.3,1.15,28000,1.35,7000,0,238000
FEDERALBNK30JAN2093CE.NFO,07/01/2020,13:48:47,1.3,1.15,28000,1.35,14000,0,238000
FEDERALBNK30JAN2093CE.NFO,07/01/2020,13:48:53,1.3,1.15,28000,1.35,7000,0,238000
FEDERALBNK30JAN2093CE.NFO,07/01/2020,13:49:55,1.3,1.15,21000,1.35,7000,0,238000
FEDERALBNK30JAN2093CE.NFO,07/01/2020,13:50:07,1.3,1.15,21000,1.35,14000,0,238000
FEDERALBNK30JAN2093CE.NFO,07/01/2020,13:50:12,1.3,1.15,21000,1.35,7000,0,238000
FEDERALBNK30JAN2093CE.NFO,07/01/2020,13:50:19,1.35,1.15,21000,1.4,7000,7000,238000
FEDERALBNK30JAN2093CE.NFO,07/01/2020,13:50:27,1.35,1.15,28000,1.4,14000,0,238000
FEDERALBNK30JAN2093CE.NFO,07/01/2020,13:50:38,1.35,1.15,42000,1.4,7000,0,238000
FEDERALBNK30JAN2093CE.NFO,07/01/2020,13:50:46,1.35,1.15,28000,1.4,7000,0,238000
FEDERALBNK30JAN2093CE.NFO,07/01/2020,13:50:59,1.35,1.15,42000,1.4,7000,0,238000
FEDERALBNK30JAN2093CE.NFO,07/01/2020,13:51:06,1.35,1.15,28000,1.4,7000,0,238000
FEDERALBNK30JAN2093CE.NFO,07/01/2020,13:51:33,1.35,1.15,21000,1.4,7000,0,238000
FEDERALBNK30JAN2093CE.NFO,07/01/2020,13:51:43,1.35,1.15,28000,1.4,7000,0,238000
FEDERALBNK30JAN2093CE.NFO,07/01/2020,13:51:59,1.35,1.15,21000,1.4,7000,0,238000
FEDERALBNK30JAN2093CE.NFO,07/01/2020,13:52:44,1.35,1.15,21000,1.4,14000,0,238000
FEDERALBNK30JAN2093CE.NFO,07/01/2020,13:53:44,1.35,1.15,21000,1.35,21000,0,238000
FEDERALBNK30JAN2093CE.NFO,07/01/2020,13:54:25,1.35,1.15,35000,1.35,21000,0,238000
FEDERALBNK30JAN2093CE.NFO,07/01/2020,13:55:05,1.35,1.15,35000,1.35,7000,0,238000
FEDERALBNK30JAN2093CE.NFO,07/01/2020,13:56:43,1.35,1.15,35000,1.35,14000,0,238000
FEDERALBNK30JAN2093CE.NFO,07/01/2020,13:56:53,1.35,1.15,35000,1.35,7000,0,238000
FEDERALBNK30JAN2093CE.NFO,07/01/2020,13:58:28,1.35,1.15,35000,1.35,14000,0,238000
FEDERALBNK30JAN2093CE.NFO,07/01/2020,13:58:56,1.35,1.15,35000,1.35,7000,0,238000
FEDERALBNK30JAN2093CE.NFO,07/01/2020,14:08:34,1.35,1.15,35000,1.3,7000,0,238000
FEDERALBNK30JAN2093CE.NFO,07/01/2020,14:08:38,1.35,1.15,35000,1.35,14000,0,238000
FEDERALBNK30JAN2093CE.NFO,07/01/2020,14:09:50,1.35,1.15,35000,1.35,7000,0,238000
FEDERALBNK30JAN2093CE.NFO,07/01/2020,14:11:44,1.35,1.15,35000,1.35,14000,0,238000
FEDERALBNK30JAN2093CE.NFO,07/01/2020,14:12:10,1.35,1.15,35000,1.35,7000,0,238000
FEDERALBNK30JAN2093CE.NFO,07/01/2020,14:12:35,1.35,1.15,35000,1.35,14000,0,238000
FEDERALBNK30JAN2093CE.NFO,07/01/2020,14:12:37,1.35,1.15,35000,1.35,7000,0,238000
FEDERALBNK30JAN2093CE.NFO,07/01/2020,14:13:32,1.35,1.15,35000,1.4,14000,0,238000
FEDERALBNK30JAN2093CE.NFO,07/01/2020,14:17:54,1.35,1.15,42000,1.4,14000,0,238000
FEDERALBNK30JAN2093CE.NFO,07/01/2020,14:18:21,1.35,1.15,42000,1.4,7000,0,238000
FEDERALBNK30JAN2093CE.NFO,07/01/2020,14:18:28,1.35,1.15,42000,1.4,14000,0,238000
FEDERALBNK30JAN2093CE.NFO,07/01/2020,14:18:37,1.35,1.15,42000,1.4,7000,0,238000
FEDERALBNK30JAN2093CE.NFO,07/01/2020,14:20:42,1.35,1.15,42000,1.4,14000,0,238000
FEDERALBNK30JAN2093CE.NFO,07/01/2020,14:24:17,1.35,1.15,42000,1.4,21000,0,238000
FEDERALBNK30JAN2093CE.NFO,07/01/2020,14:25:10,1.35,1.15,35000,1.4,21000,0,238000
FEDERALBNK30JAN2093CE.NFO,07/01/2020,14:25:15,1.35,1.15,42000,1.4,21000,0,238000
FEDERALBNK30JAN2093CE.NFO,07/01/2020,14:26:13,1.35,1.15,35000,1.4,21000,0,238000
FEDERALBNK30JAN2093CE.NFO,07/01/2020,14:27:09,1.35,1.15,42000,1.4,21000,0,238000
FEDERALBNK30JAN2093CE.NFO,07/01/2020,14:27:59,1.35,1.15,35000,1.4,21000,0,238000
FEDERALBNK30JAN2093CE.NFO,07/01/2020,14:29:42,1.35,1.15,42000,1.4,21000,0,238000
FEDERALBNK30JAN2093CE.NFO,07/01/2020,14:30:02,1.35,1.15,35000,1.4,21000,0,238000
FEDERALBNK30JAN2093CE.NFO,07/01/2020,14:30:29,1.35,1.15,42000,1.4,21000,0,238000
FEDERALBNK30JAN2093CE.NFO,07/01/2020,14:30:46,1.35,1.15,42000,1.4,7000,0,238000
FEDERALBNK30JAN2093CE.NFO,07/01/2020,14:31:43,1.35,1.15,42000,1.4,14000,0,238000
FEDERALBNK30JAN2093CE.NFO,07/01/2020,14:32:14,1.35,1.15,42000,1.4,7000,0,238000
FEDERALBNK30JAN2093CE.NFO,07/01/2020,14:33:04,1.35,1.3,21000,1.4,7000,0,238000
FEDERALBNK30JAN2093CE.NFO,07/01/2020,14:33:35,1.35,1.3,21000,1.45,14000,0,238000
FEDERALBNK30JAN2093CE.NFO,07/01/2020,14:33:52,1.35,1.3,21000,1.4,7000,0,238000
FEDERALBNK30JAN2093CE.NFO,07/01/2020,14:34:29,1.35,1.3,21000,1.4,14000,0,238000
FEDERALBNK30JAN2093CE.NFO,07/01/2020,14:35:20,1.35,1.3,21000,1.4,7000,0,238000
FEDERALBNK30JAN2093CE.NFO,07/01/2020,14:36:03,1.35,1.3,21000,1.45,14000,0,238000
FEDERALBNK30JAN2093CE.NFO,07/01/2020,14:37:32,1.35,1.4,21000,1.5,14000,0,238000
FEDERALBNK30JAN2093CE.NFO,07/01/2020,14:37:43,1.35,1.4,21000,1.45,14000,0,238000
FEDERALBNK30JAN2093CE.NFO,07/01/2020,14:37:49,1.35,1.4,14000,1.45,14000,0,238000
FEDERALBNK30JAN2093CE.NFO,07/01/2020,14:38:11,1.35,1.35,21000,1.45,14000,0,238000
FEDERALBNK30JAN2093CE.NFO,07/01/2020,14:38:14,1.35,1.4,7000,1.45,14000,0,238000
FEDERALBNK30JAN2093CE.NFO,07/01/2020,14:38:53,1.35,1.35,21000,1.45,14000,0,238000
FEDERALBNK30JAN2093CE.NFO,07/01/2020,14:41:51,1.35,1.35,14000,1.45,14000,0,238000
FEDERALBNK30JAN2093CE.NFO,07/01/2020,14:43:16,1.35,1.35,14000,1.4,7000,0,238000
FEDERALBNK30JAN2093CE.NFO,07/01/2020,14:45:42,1.35,1.35,14000,1.45,14000,0,238000
FEDERALBNK30JAN2093CE.NFO,07/01/2020,14:45:47,1.35,1.35,14000,1.4,7000,0,238000
FEDERALBNK30JAN2093CE.NFO,07/01/2020,14:46:56,1.35,1.35,21000,1.4,7000,0,238000
FEDERALBNK30JAN2093CE.NFO,07/01/2020,14:47:00,1.35,1.35,14000,1.4,7000,0,238000
FEDERALBNK30JAN2093CE.NFO,07/01/2020,14:47:47,1.35,1.4,7000,1.45,7000,0,238000
FEDERALBNK30JAN2093CE.NFO,07/01/2020,14:47:51,1.35,1.4,14000,1.5,14000,0,238000
FEDERALBNK30JAN2093CE.NFO,07/01/2020,14:48:02,1.35,1.4,7000,1.5,14000,0,238000
FEDERALBNK30JAN2093CE.NFO,07/01/2020,14:48:19,1.35,1.35,21000,1.5,14000,0,238000
FEDERALBNK30JAN2093CE.NFO,07/01/2020,14:50:04,1.35,1.4,14000,1.5,14000,0,238000
FEDERALBNK30JAN2093CE.NFO,07/01/2020,14:50:21,1.35,1.4,7000,1.5,14000,0,238000
FEDERALBNK30JAN2093CE.NFO,07/01/2020,14:50:52,1.45,1.4,7000,1.5,14000,7000,238000
FEDERALBNK30JAN2093CE.NFO,07/01/2020,14:50:55,1.45,1.4,7000,1.5,14000,0,238000
FEDERALBNK30JAN2093CE.NFO,07/01/2020,14:51:07,1.45,1.35,21000,1.5,14000,0,238000
FEDERALBNK30JAN2093CE.NFO,07/01/2020,14:51:29,1.45,1.4,7000,1.5,14000,0,238000
FEDERALBNK30JAN2093CE.NFO,07/01/2020,14:53:03,1.45,1.4,14000,1.5,14000,0,238000
FEDERALBNK30JAN2093CE.NFO,07/01/2020,14:53:14,1.45,1.4,7000,1.5,14000,0,238000
FEDERALBNK30JAN2093CE.NFO,07/01/2020,14:53:20,1.45,1.4,21000,1.5,7000,0,238000
FEDERALBNK30JAN2093CE.NFO,07/01/2020,14:54:19,1.45,1.4,14000,1.5,7000,0,238000
FEDERALBNK30JAN2093CE.NFO,07/01/2020,14:56:40,1.45,1.35,21000,1.45,7000,0,238000
FEDERALBNK30JAN2093CE.NFO,07/01/2020,14:56:53,1.45,1.4,7000,1.45,7000,0,238000
FEDERALBNK30JAN2093CE.NFO,07/01/2020,14:57:06,1.45,1.4,14000,1.45,7000,0,238000
FEDERALBNK30JAN2093CE.NFO,07/01/2020,14:57:21,1.45,1.4,7000,1.45,7000,0,238000
FEDERALBNK30JAN2093CE.NFO,07/01/2020,14:57:34,1.45,1.35,21000,1.45,7000,0,238000
FEDERALBNK30JAN2093CE.NFO,07/01/2020,15:01:23,1.45,1.4,7000,1.45,7000,0,238000
FEDERALBNK30JAN2093CE.NFO,07/01/2020,15:02:28,1.45,1.35,21000,1.45,7000,0,238000
FEDERALBNK30JAN2093CE.NFO,07/01/2020,15:06:37,1.45,1.4,7000,1.45,7000,0,238000
FEDERALBNK30JAN2093CE.NFO,07/01/2020,15:07:17,1.45,1.35,21000,1.45,7000,0,238000
FEDERALBNK30JAN2093CE.NFO,07/01/2020,15:09:07,1.45,1.35,21000,1.45,14000,0,238000
FEDERALBNK30JAN2093CE.NFO,07/01/2020,15:09:28,1.45,1.35,21000,1.4,7000,0,238000
FEDERALBNK30JAN2093CE.NFO,07/01/2020,15:09:34,1.45,1.35,21000,1.45,14000,0,238000
FEDERALBNK30JAN2093CE.NFO,07/01/2020,15:09:39,1.45,1.35,21000,1.4,14000,0,238000
FEDERALBNK30JAN2093CE.NFO,07/01/2020,15:10:27,1.45,1.35,21000,1.4,7000,0,238000
FEDERALBNK30JAN2093CE.NFO,07/01/2020,15:11:02,1.45,1.35,21000,1.45,14000,0,238000
FEDERALBNK30JAN2093CE.NFO,07/01/2020,15:11:52,1.45,1.4,7000,1.45,14000,0,238000
FEDERALBNK30JAN2093CE.NFO,07/01/2020,15:12:14,1.45,1.35,21000,1.45,14000,0,238000
FEDERALBNK30JAN2093CE.NFO,07/01/2020,15:15:09,1.45,1.35,14000,1.45,14000,0,238000
FEDERALBNK30JAN2093CE.NFO,07/01/2020,15:15:16,1.45,1.35,21000,1.45,14000,0,238000
FEDERALBNK30JAN2093CE.NFO,07/01/2020,15:19:01,1.45,1.35,21000,1.4,7000,0,238000
FEDERALBNK30JAN2093CE.NFO,07/01/2020,15:20:04,1.45,1.35,21000,1.45,14000,0,238000
FEDERALBNK30JAN2093CE.NFO,07/01/2020,15:20:24,1.45,1.35,21000,1.4,7000,0,238000
FEDERALBNK30JAN2093CE.NFO,07/01/2020,15:20:37,1.45,1.35,21000,1.45,21000,0,238000
FEDERALBNK30JAN2093CE.NFO,07/01/2020,15:20:49,1.45,1.35,21000,1.45,14000,0,238000
FEDERALBNK30JAN2093CE.NFO,07/01/2020,15:21:05,1.45,1.35,21000,1.45,21000,0,238000
FEDERALBNK30JAN2093CE.NFO,07/01/2020,15:21:55,1.45,1.35,14000,1.45,21000,0,238000
FEDERALBNK30JAN2093CE.NFO,07/01/2020,15:22:23,1.45,1.35,21000,1.45,21000,0,238000
FEDERALBNK30JAN2093CE.NFO,07/01/2020,15:22:30,1.45,1.35,14000,1.45,21000,0,238000
FEDERALBNK30JAN2093CE.NFO,07/01/2020,15:22:36,1.45,1.35,21000,1.45,21000,0,238000
FEDERALBNK30JAN2093CE.NFO,07/01/2020,15:22:59,1.45,1.35,14000,1.45,21000,0,238000
FEDERALBNK30JAN2093CE.NFO,07/01/2020,15:23:53,1.45,1.35,21000,1.45,21000,0,238000
FEDERALBNK30JAN2093CE.NFO,07/01/2020,15:24:59,1.45,1.35,28000,1.45,21000,0,238000
FEDERALBNK30JAN2093CE.NFO,07/01/2020,15:25:10,1.45,1.35,28000,1.45,14000,0,238000
FEDERALBNK30JAN2093CE.NFO,07/01/2020,15:25:25,1.45,1.35,21000,1.45,14000,0,238000
FEDERALBNK30JAN2093CE.NFO,07/01/2020,15:25:35,1.45,1.35,28000,1.45,14000,0,238000
FEDERALBNK30JAN2093CE.NFO,07/01/2020,15:25:45,1.45,1.35,21000,1.45,14000,0,238000
FEDERALBNK30JAN2093CE.NFO,07/01/2020,15:25:56,1.45,1.3,21000,1.45,14000,0,238000
FEDERALBNK30JAN2093CE.NFO,07/01/2020,15:26:20,1.45,1.3,21000,1.4,14000,0,238000
FEDERALBNK30JAN2093CE.NFO,07/01/2020,15:26:34,1.45,1.3,21000,1.35,7000,0,238000
FEDERALBNK30JAN2093CE.NFO,07/01/2020,15:26:46,1.45,1.3,21000,1.35,14000,0,238000
FEDERALBNK30JAN2093CE.NFO,07/01/2020,15:27:01,1.45,1.3,21000,1.4,14000,0,238000
FEDERALBNK30JAN2093CE.NFO,07/01/2020,15:27:40,1.45,1.3,14000,1.35,14000,0,238000
FEDERALBNK30JAN2093CE.NFO,07/01/2020,15:28:09,1.45,1.3,21000,1.35,14000,0,238000
FEDERALBNK30JAN2093CE.NFO,07/01/2020,15:28:14,1.45,1.3,14000,1.35,14000,0,238000
FEDERALBNK30JAN2093CE.NFO,07/01/2020,15:28:20,1.45,1.3,7000,1.35,7000,0,238000
FEDERALBNK30JAN2093CE.NFO,07/01/2020,15:28:24,1.45,1.3,7000,1.35,14000,0,238000
FEDERALBNK30JAN2093CE.NFO,07/01/2020,15:28:33,1.45,1.3,7000,1.35,7000,0,238000
FEDERALBNK30JAN2093CE.NFO,07/01/2020,15:29:08,1.45,1.3,14000,1.35,7000,0,238000
FEDERALBNK30JAN2093CE.NFO,07/01/2020,15:29:16,1.45,1.3,14000,1.4,7000,0,238000
FEDERALBNK30JAN2093CE.NFO,07/01/2020,15:29:23,1.45,1.3,14000,1.35,7000,0,238000
FEDERALBNK30JAN2093CE.NFO,07/01/2020,15:29:36,1.45,1.3,7000,1.35,7000,0,238000
