Ticker,Date,Time,LTP,BuyPrice,BuyQty,SellPrice,SellQty,LTQ,OpenInterest
FEDERALBNK30JAN2088PE.NFO,07/01/2020,09:20:54,2.8,2.75,7000,2.85,14000,7000,238000
FEDERALBNK30JAN2088PE.NFO,07/01/2020,09:20:54,2.8,2.75,7000,2.85,14000,0,238000
FEDERALBNK30JAN2088PE.NFO,07/01/2020,09:20:54,2.8,2.75,7000,2.85,14000,0,238000
FEDERALBNK30JAN2088PE.NFO,07/01/2020,09:20:54,2.8,2.75,7000,2.85,14000,0,238000
FEDERALBNK30JAN2088PE.NFO,07/01/2020,09:21:02,2.8,2.75,14000,2.85,14000,7000,238000
FEDERALBNK30JAN2088PE.NFO,07/01/2020,09:21:09,2.8,2.8,7000,2.85,14000,0,238000
FEDERALBNK30JAN2088PE.NFO,07/01/2020,09:21:17,2.8,2.75,7000,2.85,14000,0,238000
FEDERALBNK30JAN2088PE.NFO,07/01/2020,09:21:25,2.8,2.7,35000,2.85,14000,0,238000
FEDERALBNK30JAN2088PE.NFO,07/01/2020,09:21:32,2.8,2.75,7000,2.85,14000,0,238000
FEDERALBNK30JAN2088PE.NFO,07/01/2020,09:21:38,2.8,2.7,35000,2.85,14000,0,238000
FEDERALBNK30JAN2088PE.NFO,07/01/2020,09:21:46,2.8,2.75,7000,2.85,14000,0,238000
FEDERALBNK30JAN2088PE.NFO,07/01/2020,09:21:53,2.8,2.7,35000,2.85,14000,0,238000
FEDERALBNK30JAN2088PE.NFO,07/01/2020,09:22:07,2.8,2.7,21000,2.85,14000,0,238000
FEDERALBNK30JAN2088PE.NFO,07/01/2020,09:22:29,2.8,2.7,35000,2.85,14000,0,238000
FEDERALBNK30JAN2088PE.NFO,07/01/2020,09:22:36,2.8,2.75,7000,2.9,14000,0,238000
FEDERALBNK30JAN2088PE.NFO,07/01/2020,09:22:43,2.8,2.75,7000,2.9,21000,0,238000
FEDERALBNK30JAN2088PE.NFO,07/01/2020,09:23:02,2.8,2.75,21000,2.9,14000,0,238000
FEDERALBNK30JAN2088PE.NFO,07/01/2020,09:23:15,2.8,2.75,21000,2.9,21000,0,238000
FEDERALBNK30JAN2088PE.NFO,07/01/2020,09:23:28,2.8,2.75,21000,2.85,21000,0,238000
FEDERALBNK30JAN2088PE.NFO,07/01/2020,09:23:42,2.8,2.8,21000,2.95,49000,0,238000
FEDERALBNK30JAN2088PE.NFO,07/01/2020,09:24:02,2.8,2.8,14000,2.95,49000,0,238000
FEDERALBNK30JAN2088PE.NFO,07/01/2020,09:24:16,2.8,2.8,42000,2.95,7000,0,238000
FEDERALBNK30JAN2088PE.NFO,07/01/2020,09:24:23,2.8,2.85,28000,3,14000,0,238000
FEDERALBNK30JAN2088PE.NFO,07/01/2020,09:24:30,2.8,2.85,35000,3,14000,0,238000
FEDERALBNK30JAN2088PE.NFO,07/01/2020,09:25:02,2.8,2.85,42000,3,14000,0,238000
FEDERALBNK30JAN2088PE.NFO,07/01/2020,09:25:09,2.8,2.85,35000,3,14000,0,238000
FEDERALBNK30JAN2088PE.NFO,07/01/2020,09:25:24,2.8,2.9,14000,3.05,14000,0,238000
FEDERALBNK30JAN2088PE.NFO,07/01/2020,09:26:34,2.8,2.9,28000,3.05,14000,0,238000
FEDERALBNK30JAN2088PE.NFO,07/01/2020,09:26:47,2.8,2.95,28000,3.1,21000,0,238000
FEDERALBNK30JAN2088PE.NFO,07/01/2020,09:26:52,2.8,3,7000,3.15,14000,0,238000
FEDERALBNK30JAN2088PE.NFO,07/01/2020,09:27:02,2.8,3,14000,3.15,14000,0,238000
FEDERALBNK30JAN2088PE.NFO,07/01/2020,09:27:18,2.8,3,7000,3.15,14000,0,238000
FEDERALBNK30JAN2088PE.NFO,07/01/2020,09:27:25,2.8,2.95,28000,3.1,14000,0,238000
FEDERALBNK30JAN2088PE.NFO,07/01/2020,09:27:32,2.8,2.95,21000,3.1,14000,0,238000
FEDERALBNK30JAN2088PE.NFO,07/01/2020,09:28:09,2.8,2.95,7000,3.1,14000,0,238000
FEDERALBNK30JAN2088PE.NFO,07/01/2020,09:28:15,2.8,2.95,14000,3.1,14000,0,238000
FEDERALBNK30JAN2088PE.NFO,07/01/2020,09:28:21,2.8,2.95,28000,3.1,14000,0,238000
FEDERALBNK30JAN2088PE.NFO,07/01/2020,09:28:49,2.8,2.95,21000,3.1,14000,0,238000
FEDERALBNK30JAN2088PE.NFO,07/01/2020,09:28:55,2.8,2.95,7000,3.1,14000,0,238000
FEDERALBNK30JAN2088PE.NFO,07/01/2020,09:29:01,2.8,2.95,14000,3.1,14000,0,238000
FEDERALBNK30JAN2088PE.NFO,07/01/2020,09:29:07,2.8,2.95,21000,3.1,14000,0,238000
FEDERALBNK30JAN2088PE.NFO,07/01/2020,09:29:13,2.8,2.9,35000,3.05,35000,0,238000
FEDERALBNK30JAN2088PE.NFO,07/01/2020,09:29:19,2.8,2.9,42000,3.05,35000,0,238000
FEDERALBNK30JAN2088PE.NFO,07/01/2020,09:29:37,2.8,2.95,7000,3.05,35000,0,238000
FEDERALBNK30JAN2088PE.NFO,07/01/2020,09:29:56,2.8,2.9,42000,3.05,35000,0,238000
FEDERALBNK30JAN2088PE.NFO,07/01/2020,09:30:02,2.8,2.95,35000,3.1,14000,0,238000
FEDERALBNK30JAN2088PE.NFO,07/01/2020,09:30:09,2.8,2.95,28000,3.1,14000,0,238000
FEDERALBNK30JAN2088PE.NFO,07/01/2020,09:30:15,2.8,2.9,49000,3.05,7000,0,238000
FEDERALBNK30JAN2088PE.NFO,07/01/2020,09:30:22,2.8,2.9,56000,3.05,7000,0,238000
FEDERALBNK30JAN2088PE.NFO,07/01/2020,09:30:49,2.8,2.9,42000,3.05,28000,0,238000
FEDERALBNK30JAN2088PE.NFO,07/01/2020,09:31:06,2.8,2.9,35000,3.05,28000,0,238000
FEDERALBNK30JAN2088PE.NFO,07/01/2020,09:31:12,2.8,2.85,49000,3,7000,0,238000
FEDERALBNK30JAN2088PE.NFO,07/01/2020,09:31:24,2.8,2.85,28000,3,7000,0,238000
FEDERALBNK30JAN2088PE.NFO,07/01/2020,09:31:30,2.8,2.85,28000,3,21000,0,238000
FEDERALBNK30JAN2088PE.NFO,07/01/2020,09:32:28,2.8,2.85,35000,3,21000,0,238000
FEDERALBNK30JAN2088PE.NFO,07/01/2020,09:32:45,2.8,2.85,42000,3,28000,0,238000
FEDERALBNK30JAN2088PE.NFO,07/01/2020,09:32:57,2.8,2.85,42000,3,21000,0,238000
FEDERALBNK30JAN2088PE.NFO,07/01/2020,09:33:19,2.8,2.9,7000,3,7000,0,238000
FEDERALBNK30JAN2088PE.NFO,07/01/2020,09:33:30,2.8,2.85,56000,3,7000,0,238000
FEDERALBNK30JAN2088PE.NFO,07/01/2020,09:33:41,2.8,2.9,14000,3,7000,0,238000
FEDERALBNK30JAN2088PE.NFO,07/01/2020,09:33:47,2.8,2.9,7000,3,7000,0,238000
FEDERALBNK30JAN2088PE.NFO,07/01/2020,09:33:52,2.8,2.85,35000,3,7000,0,238000
FEDERALBNK30JAN2088PE.NFO,07/01/2020,09:33:57,2.8,2.85,35000,3,21000,0,238000
FEDERALBNK30JAN2088PE.NFO,07/01/2020,09:34:07,2.8,2.85,7000,3,28000,0,238000
FEDERALBNK30JAN2088PE.NFO,07/01/2020,09:34:12,2.8,2.85,49000,3,21000,0,238000
FEDERALBNK30JAN2088PE.NFO,07/01/2020,09:34:27,2.8,2.9,14000,3,21000,0,238000
FEDERALBNK30JAN2088PE.NFO,07/01/2020,09:34:57,2.8,2.9,21000,3,21000,0,238000
FEDERALBNK30JAN2088PE.NFO,07/01/2020,09:35:02,2.8,2.9,21000,3.05,14000,0,238000
FEDERALBNK30JAN2088PE.NFO,07/01/2020,09:35:08,2.8,2.9,28000,3.05,21000,0,238000
FEDERALBNK30JAN2088PE.NFO,07/01/2020,09:35:12,2.8,2.9,42000,3.05,21000,0,238000
FEDERALBNK30JAN2088PE.NFO,07/01/2020,09:35:17,2.8,2.9,42000,3.05,14000,0,238000
FEDERALBNK30JAN2088PE.NFO,07/01/2020,09:35:33,2.8,2.95,35000,3.05,14000,0,238000
FEDERALBNK30JAN2088PE.NFO,07/01/2020,09:36:00,2.8,2.95,28000,3.05,14000,0,238000
FEDERALBNK30JAN2088PE.NFO,07/01/2020,09:36:06,2.8,2.95,35000,3.05,14000,0,238000
FEDERALBNK30JAN2088PE.NFO,07/01/2020,09:36:11,3.05,2.95,35000,3.1,21000,7000,238000
FEDERALBNK30JAN2088PE.NFO,07/01/2020,09:36:11,3.05,2.95,35000,3.1,21000,0,238000
FEDERALBNK30JAN2088PE.NFO,07/01/2020,09:36:17,3.05,3,7000,3.1,21000,0,238000
FEDERALBNK30JAN2088PE.NFO,07/01/2020,09:36:29,3.05,3,7000,3.1,28000,0,238000
FEDERALBNK30JAN2088PE.NFO,07/01/2020,09:36:53,3.05,2.95,42000,3.1,28000,0,238000
FEDERALBNK30JAN2088PE.NFO,07/01/2020,09:37:43,3.05,3,28000,3.1,21000,0,238000
FEDERALBNK30JAN2088PE.NFO,07/01/2020,09:38:02,3.05,3,28000,3.1,28000,0,238000
FEDERALBNK30JAN2088PE.NFO,07/01/2020,09:38:06,3.05,3,28000,3.1,14000,0,238000
FEDERALBNK30JAN2088PE.NFO,07/01/2020,09:38:11,3.05,3,21000,3.1,14000,0,238000
FEDERALBNK30JAN2088PE.NFO,07/01/2020,09:38:35,3.05,3,21000,3.1,28000,0,238000
FEDERALBNK30JAN2088PE.NFO,07/01/2020,09:38:44,3.05,2.95,49000,3.1,35000,0,238000
FEDERALBNK30JAN2088PE.NFO,07/01/2020,09:38:54,3.05,2.95,42000,3.1,35000,0,238000
FEDERALBNK30JAN2088PE.NFO,07/01/2020,09:38:58,3.05,2.95,28000,3.1,35000,0,238000
FEDERALBNK30JAN2088PE.NFO,07/01/2020,09:39:17,3.05,2.9,42000,3.05,28000,0,238000
FEDERALBNK30JAN2088PE.NFO,07/01/2020,09:39:39,3.05,2.9,21000,3.05,35000,0,238000
FEDERALBNK30JAN2088PE.NFO,07/01/2020,09:39:49,3.05,2.9,14000,3,28000,0,238000
FEDERALBNK30JAN2088PE.NFO,07/01/2020,09:39:53,3.05,2.9,21000,3.05,35000,0,238000
FEDERALBNK30JAN2088PE.NFO,07/01/2020,09:39:57,3.05,2.9,14000,3,7000,0,238000
FEDERALBNK30JAN2088PE.NFO,07/01/2020,09:40:13,3.05,2.9,14000,3,21000,0,238000
FEDERALBNK30JAN2088PE.NFO,07/01/2020,09:41:24,3.05,2.95,7000,3,14000,0,238000
FEDERALBNK30JAN2088PE.NFO,07/01/2020,09:41:30,3.05,2.9,7000,3,21000,0,238000
FEDERALBNK30JAN2088PE.NFO,07/01/2020,09:41:34,3.05,2.9,21000,3,14000,0,238000
FEDERALBNK30JAN2088PE.NFO,07/01/2020,09:41:43,3.05,2.9,21000,3,21000,0,238000
FEDERALBNK30JAN2088PE.NFO,07/01/2020,09:41:48,3.05,2.9,7000,3,28000,0,238000
FEDERALBNK30JAN2088PE.NFO,07/01/2020,09:41:53,3.05,2.9,7000,3,35000,0,238000
FEDERALBNK30JAN2088PE.NFO,07/01/2020,09:42:06,3.05,2.9,14000,3,21000,0,238000
FEDERALBNK30JAN2088PE.NFO,07/01/2020,09:42:13,3.05,2.95,7000,3,14000,0,238000
FEDERALBNK30JAN2088PE.NFO,07/01/2020,09:42:26,3.05,2.9,21000,3,21000,0,238000
FEDERALBNK30JAN2088PE.NFO,07/01/2020,09:42:33,3,2.9,14000,3.05,42000,7000,245000
FEDERALBNK30JAN2088PE.NFO,07/01/2020,09:42:47,3,2.9,14000,3.05,42000,0,245000
FEDERALBNK30JAN2088PE.NFO,07/01/2020,09:42:59,3,2.9,14000,3,14000,0,245000
FEDERALBNK30JAN2088PE.NFO,07/01/2020,09:43:05,3,2.9,14000,3.05,42000,0,245000
FEDERALBNK30JAN2088PE.NFO,07/01/2020,09:43:17,3,2.9,14000,3,28000,0,245000
FEDERALBNK30JAN2088PE.NFO,07/01/2020,09:43:41,3,2.9,14000,3,21000,0,245000
FEDERALBNK30JAN2088PE.NFO,07/01/2020,09:43:51,3,2.85,35000,3,28000,0,245000
FEDERALBNK30JAN2088PE.NFO,07/01/2020,09:44:22,3,2.85,28000,2.95,7000,0,245000
FEDERALBNK30JAN2088PE.NFO,07/01/2020,09:45:07,3,2.85,14000,2.95,14000,0,245000
FEDERALBNK30JAN2088PE.NFO,07/01/2020,09:45:30,3,2.9,21000,3,7000,0,245000
FEDERALBNK30JAN2088PE.NFO,07/01/2020,09:45:35,3,2.9,21000,3.05,35000,0,245000
FEDERALBNK30JAN2088PE.NFO,07/01/2020,09:45:40,3,2.9,21000,3,7000,0,245000
FEDERALBNK30JAN2088PE.NFO,07/01/2020,09:45:44,3,2.9,21000,3.05,35000,0,245000
FEDERALBNK30JAN2088PE.NFO,07/01/2020,09:45:49,3,2.9,14000,3,7000,0,245000
FEDERALBNK30JAN2088PE.NFO,07/01/2020,09:46:38,3,2.9,21000,3.05,35000,0,245000
FEDERALBNK30JAN2088PE.NFO,07/01/2020,09:46:49,3,2.9,21000,3,7000,0,245000
FEDERALBNK30JAN2088PE.NFO,07/01/2020,09:47:05,3,2.9,14000,3,7000,0,245000
FEDERALBNK30JAN2088PE.NFO,07/01/2020,09:47:45,3,2.85,35000,3,28000,0,245000
FEDERALBNK30JAN2088PE.NFO,07/01/2020,09:48:09,3,2.9,14000,3,28000,0,245000
FEDERALBNK30JAN2088PE.NFO,07/01/2020,09:48:21,3,2.9,14000,3,14000,0,245000
FEDERALBNK30JAN2088PE.NFO,07/01/2020,09:49:03,3,2.85,42000,3,14000,0,245000
FEDERALBNK30JAN2088PE.NFO,07/01/2020,09:49:08,3,2.9,7000,3,14000,0,245000
FEDERALBNK30JAN2088PE.NFO,07/01/2020,09:49:11,3,2.85,42000,3,14000,0,245000
FEDERALBNK30JAN2088PE.NFO,07/01/2020,09:49:15,2.95,2.95,14000,3.05,28000,7000,245000
FEDERALBNK30JAN2088PE.NFO,07/01/2020,09:49:19,2.95,2.95,21000,3.05,21000,0,245000
FEDERALBNK30JAN2088PE.NFO,07/01/2020,09:50:38,2.95,2.95,21000,3.05,28000,0,245000
FEDERALBNK30JAN2088PE.NFO,07/01/2020,09:50:44,2.95,2.95,14000,3.05,28000,0,245000
FEDERALBNK30JAN2088PE.NFO,07/01/2020,09:51:41,2.95,2.9,21000,3,14000,0,245000
FEDERALBNK30JAN2088PE.NFO,07/01/2020,09:51:52,2.95,2.85,42000,3,28000,0,245000
FEDERALBNK30JAN2088PE.NFO,07/01/2020,09:51:57,2.95,2.85,42000,3,35000,0,245000
FEDERALBNK30JAN2088PE.NFO,07/01/2020,09:52:17,2.95,2.85,35000,3,35000,0,245000
FEDERALBNK30JAN2088PE.NFO,07/01/2020,09:52:22,2.95,2.9,14000,3,35000,0,245000
FEDERALBNK30JAN2088PE.NFO,07/01/2020,09:53:07,2.95,2.9,14000,3,28000,0,245000
FEDERALBNK30JAN2088PE.NFO,07/01/2020,09:53:22,2.95,2.9,21000,3.05,35000,0,245000
FEDERALBNK30JAN2088PE.NFO,07/01/2020,09:53:53,2.95,2.95,21000,3.05,21000,0,245000
FEDERALBNK30JAN2088PE.NFO,07/01/2020,09:54:02,2.95,2.95,21000,3,7000,0,245000
FEDERALBNK30JAN2088PE.NFO,07/01/2020,09:54:08,2.95,2.95,21000,3.05,21000,7000,245000
FEDERALBNK30JAN2088PE.NFO,07/01/2020,09:55:12,2.95,2.9,42000,3,14000,0,245000
FEDERALBNK30JAN2088PE.NFO,07/01/2020,09:55:16,2.95,2.9,42000,3.05,35000,0,245000
FEDERALBNK30JAN2088PE.NFO,07/01/2020,09:55:21,2.95,2.9,28000,3,7000,0,245000
FEDERALBNK30JAN2088PE.NFO,07/01/2020,09:55:38,2.95,2.9,28000,3.05,35000,0,245000
FEDERALBNK30JAN2088PE.NFO,07/01/2020,09:55:43,2.95,2.9,28000,3,14000,0,245000
FEDERALBNK30JAN2088PE.NFO,07/01/2020,09:55:54,2.95,2.9,28000,3,7000,0,245000
FEDERALBNK30JAN2088PE.NFO,07/01/2020,09:56:01,2.95,2.95,7000,3.05,21000,0,245000
FEDERALBNK30JAN2088PE.NFO,07/01/2020,09:56:06,2.95,2.95,7000,3.05,28000,0,245000
FEDERALBNK30JAN2088PE.NFO,07/01/2020,09:56:16,2.95,2.95,7000,3.05,21000,0,245000
FEDERALBNK30JAN2088PE.NFO,07/01/2020,09:56:26,2.95,2.95,21000,3.05,21000,0,245000
FEDERALBNK30JAN2088PE.NFO,07/01/2020,09:57:18,2.95,2.95,35000,3.1,42000,0,245000
FEDERALBNK30JAN2088PE.NFO,07/01/2020,09:57:23,2.95,2.95,28000,3.1,42000,0,245000
FEDERALBNK30JAN2088PE.NFO,07/01/2020,09:57:49,2.95,2.95,28000,3.05,7000,0,245000
FEDERALBNK30JAN2088PE.NFO,07/01/2020,09:57:56,2.95,2.95,21000,3.05,7000,0,245000
FEDERALBNK30JAN2088PE.NFO,07/01/2020,09:58:05,2.95,2.95,21000,3.05,21000,0,245000
FEDERALBNK30JAN2088PE.NFO,07/01/2020,09:59:50,2.95,2.95,28000,3.05,7000,0,245000
FEDERALBNK30JAN2088PE.NFO,07/01/2020,10:00:21,2.95,2.95,28000,3.1,35000,0,245000
FEDERALBNK30JAN2088PE.NFO,07/01/2020,10:00:35,2.95,2.95,28000,3.1,28000,0,245000
FEDERALBNK30JAN2088PE.NFO,07/01/2020,10:00:43,2.95,3,21000,3.1,28000,0,245000
FEDERALBNK30JAN2088PE.NFO,07/01/2020,10:00:50,3,3,14000,3.1,35000,14000,245000
FEDERALBNK30JAN2088PE.NFO,07/01/2020,10:00:56,3,3,14000,3.1,7000,0,245000
FEDERALBNK30JAN2088PE.NFO,07/01/2020,10:01:02,3,3.05,14000,3.1,7000,0,245000
FEDERALBNK30JAN2088PE.NFO,07/01/2020,10:01:08,3,3.05,28000,3.1,7000,0,245000
FEDERALBNK30JAN2088PE.NFO,07/01/2020,10:01:32,3.1,3.05,28000,3.15,7000,7000,245000
FEDERALBNK30JAN2088PE.NFO,07/01/2020,10:01:32,3.1,3.05,28000,3.15,7000,0,245000
FEDERALBNK30JAN2088PE.NFO,07/01/2020,10:01:37,3.1,3.05,28000,3.15,7000,0,245000
FEDERALBNK30JAN2088PE.NFO,07/01/2020,10:02:04,3.1,3.05,21000,3.15,7000,0,245000
FEDERALBNK30JAN2088PE.NFO,07/01/2020,10:02:16,3.1,3.05,28000,3.15,7000,0,245000
FEDERALBNK30JAN2088PE.NFO,07/01/2020,10:02:21,3.1,3.05,28000,3.15,21000,0,245000
FEDERALBNK30JAN2088PE.NFO,07/01/2020,10:02:26,3.1,3.05,28000,3.15,7000,0,245000
FEDERALBNK30JAN2088PE.NFO,07/01/2020,10:02:49,3.1,3.05,28000,3.15,21000,0,245000
FEDERALBNK30JAN2088PE.NFO,07/01/2020,10:03:06,3.1,3.05,35000,3.15,21000,0,245000
FEDERALBNK30JAN2088PE.NFO,07/01/2020,10:04:36,3.1,3.05,42000,3.15,21000,0,245000
FEDERALBNK30JAN2088PE.NFO,07/01/2020,10:04:52,3.1,3.05,42000,3.15,7000,0,245000
FEDERALBNK30JAN2088PE.NFO,07/01/2020,10:05:33,3.1,3.1,14000,3.2,28000,0,245000
FEDERALBNK30JAN2088PE.NFO,07/01/2020,10:05:40,3.1,3.05,42000,3.2,28000,0,245000
FEDERALBNK30JAN2088PE.NFO,07/01/2020,10:05:51,3.1,3.1,14000,3.2,14000,0,245000
FEDERALBNK30JAN2088PE.NFO,07/01/2020,10:05:57,3.1,3.1,7000,3.2,7000,0,245000
FEDERALBNK30JAN2088PE.NFO,07/01/2020,10:06:06,3.1,3.1,14000,3.2,7000,0,245000
FEDERALBNK30JAN2088PE.NFO,07/01/2020,10:06:20,3.1,3.1,21000,3.2,7000,0,245000
FEDERALBNK30JAN2088PE.NFO,07/01/2020,10:06:24,3.1,3.1,7000,3.2,7000,0,245000
FEDERALBNK30JAN2088PE.NFO,07/01/2020,10:06:29,3.1,3.1,35000,3.2,7000,0,245000
FEDERALBNK30JAN2088PE.NFO,07/01/2020,10:07:15,3.1,3.1,42000,3.25,7000,0,245000
FEDERALBNK30JAN2088PE.NFO,07/01/2020,10:07:21,3.1,3.15,28000,3.3,21000,0,245000
FEDERALBNK30JAN2088PE.NFO,07/01/2020,10:07:31,3.1,3.15,28000,3.3,14000,0,245000
FEDERALBNK30JAN2088PE.NFO,07/01/2020,10:07:36,3.1,3.15,49000,3.3,14000,0,245000
FEDERALBNK30JAN2088PE.NFO,07/01/2020,10:07:51,3.1,3.15,28000,3.3,14000,0,245000
FEDERALBNK30JAN2088PE.NFO,07/01/2020,10:08:02,3.1,3.15,35000,3.3,14000,0,245000
FEDERALBNK30JAN2088PE.NFO,07/01/2020,10:08:06,3.1,3.15,42000,3.3,14000,0,245000
FEDERALBNK30JAN2088PE.NFO,07/01/2020,10:08:15,3.1,3.2,14000,3.3,7000,0,245000
FEDERALBNK30JAN2088PE.NFO,07/01/2020,10:08:35,3.1,3.2,21000,3.3,7000,0,245000
FEDERALBNK30JAN2088PE.NFO,07/01/2020,10:08:49,3.1,3.2,7000,3.3,7000,0,245000
FEDERALBNK30JAN2088PE.NFO,07/01/2020,10:08:57,3.1,3.2,14000,3.25,7000,0,245000
FEDERALBNK30JAN2088PE.NFO,07/01/2020,10:09:33,3.1,3.2,21000,3.3,7000,0,245000
FEDERALBNK30JAN2088PE.NFO,07/01/2020,10:09:42,3.1,3.2,14000,3.25,7000,0,245000
FEDERALBNK30JAN2088PE.NFO,07/01/2020,10:09:50,3.1,3.2,21000,3.25,7000,0,245000
FEDERALBNK30JAN2088PE.NFO,07/01/2020,10:09:55,3.1,3.2,21000,3.3,7000,0,245000
FEDERALBNK30JAN2088PE.NFO,07/01/2020,10:10:05,3.1,3.15,14000,3.2,7000,0,245000
FEDERALBNK30JAN2088PE.NFO,07/01/2020,10:11:13,3.1,3.1,35000,3.2,7000,0,245000
FEDERALBNK30JAN2088PE.NFO,07/01/2020,10:11:29,3.1,3.15,7000,3.2,7000,0,245000
FEDERALBNK30JAN2088PE.NFO,07/01/2020,10:11:40,3.1,3.1,28000,3.15,7000,0,245000
FEDERALBNK30JAN2088PE.NFO,07/01/2020,10:11:45,3.1,3.1,14000,3.15,7000,0,245000
FEDERALBNK30JAN2088PE.NFO,07/01/2020,10:11:57,3.1,3.1,7000,3.15,7000,0,245000
FEDERALBNK30JAN2088PE.NFO,07/01/2020,10:12:01,3.1,3.1,14000,3.15,7000,0,245000
FEDERALBNK30JAN2088PE.NFO,07/01/2020,10:12:09,3.1,3.05,35000,3.15,7000,0,245000
FEDERALBNK30JAN2088PE.NFO,07/01/2020,10:12:26,3.1,3.05,21000,3.15,7000,0,245000
FEDERALBNK30JAN2088PE.NFO,07/01/2020,10:13:06,3.1,3.05,21000,3.1,7000,0,245000
FEDERALBNK30JAN2088PE.NFO,07/01/2020,10:13:24,3.1,3.05,21000,3.15,7000,0,245000
FEDERALBNK30JAN2088PE.NFO,07/01/2020,10:14:14,3.1,3.05,21000,3.1,7000,0,245000
FEDERALBNK30JAN2088PE.NFO,07/01/2020,10:14:35,3.1,3.05,28000,3.15,7000,0,245000
FEDERALBNK30JAN2088PE.NFO,07/01/2020,10:15:14,3.1,3.1,14000,3.15,7000,0,245000
FEDERALBNK30JAN2088PE.NFO,07/01/2020,10:15:24,3.1,3.05,42000,3.15,7000,0,245000
FEDERALBNK30JAN2088PE.NFO,07/01/2020,10:15:34,3.1,3.1,14000,3.15,7000,0,245000
FEDERALBNK30JAN2088PE.NFO,07/01/2020,10:16:34,3.1,3.1,21000,3.15,7000,0,245000
FEDERALBNK30JAN2088PE.NFO,07/01/2020,10:16:50,3.1,3.1,14000,3.15,7000,0,245000
FEDERALBNK30JAN2088PE.NFO,07/01/2020,10:17:06,3.1,3.1,21000,3.15,7000,0,245000
FEDERALBNK30JAN2088PE.NFO,07/01/2020,10:17:22,3.15,3.15,14000,3.2,7000,7000,238000
FEDERALBNK30JAN2088PE.NFO,07/01/2020,10:17:22,3.15,3.15,14000,3.2,7000,0,238000
FEDERALBNK30JAN2088PE.NFO,07/01/2020,10:17:35,3.2,3.2,14000,3.3,7000,7000,238000
FEDERALBNK30JAN2088PE.NFO,07/01/2020,10:17:35,3.2,3.2,14000,3.3,7000,0,238000
FEDERALBNK30JAN2088PE.NFO,07/01/2020,10:17:39,3.2,3.2,14000,3.3,7000,0,238000
FEDERALBNK30JAN2088PE.NFO,07/01/2020,10:18:22,3.2,3.15,35000,3.3,28000,0,238000
FEDERALBNK30JAN2088PE.NFO,07/01/2020,10:18:26,3.2,3.15,35000,3.25,7000,0,238000
FEDERALBNK30JAN2088PE.NFO,07/01/2020,10:18:30,3.2,3.1,49000,3.25,28000,0,238000
FEDERALBNK30JAN2088PE.NFO,07/01/2020,10:18:35,3.2,3.15,7000,3.25,21000,0,238000
FEDERALBNK30JAN2088PE.NFO,07/01/2020,10:18:40,3.2,3.15,35000,3.25,7000,0,238000
FEDERALBNK30JAN2088PE.NFO,07/01/2020,10:18:55,3.2,3.15,42000,3.3,35000,0,238000
FEDERALBNK30JAN2088PE.NFO,07/01/2020,10:19:00,3.2,3.15,35000,3.25,7000,0,238000
FEDERALBNK30JAN2088PE.NFO,07/01/2020,10:19:05,3.2,3.15,42000,3.3,35000,0,238000
FEDERALBNK30JAN2088PE.NFO,07/01/2020,10:19:40,3.2,3.15,49000,3.3,35000,0,238000
FEDERALBNK30JAN2088PE.NFO,07/01/2020,10:19:54,3.2,3.15,42000,3.3,35000,0,238000
FEDERALBNK30JAN2088PE.NFO,07/01/2020,10:20:03,3.2,3.15,35000,3.3,35000,0,238000
FEDERALBNK30JAN2088PE.NFO,07/01/2020,10:20:07,3.2,3.15,35000,3.3,42000,0,238000
FEDERALBNK30JAN2088PE.NFO,07/01/2020,10:20:39,3.2,3.15,28000,3.25,21000,0,238000
FEDERALBNK30JAN2088PE.NFO,07/01/2020,10:20:44,3.2,3.15,28000,3.25,7000,0,238000
FEDERALBNK30JAN2088PE.NFO,07/01/2020,10:21:03,3.2,3.15,28000,3.25,21000,0,238000
FEDERALBNK30JAN2088PE.NFO,07/01/2020,10:21:07,3.2,3.15,21000,3.25,21000,0,238000
FEDERALBNK30JAN2088PE.NFO,07/01/2020,10:21:45,3.2,3.15,28000,3.25,7000,0,238000
FEDERALBNK30JAN2088PE.NFO,07/01/2020,10:22:32,3.2,3.15,42000,3.3,42000,0,238000
FEDERALBNK30JAN2088PE.NFO,07/01/2020,10:22:47,3.2,3.2,7000,3.3,21000,0,238000
FEDERALBNK30JAN2088PE.NFO,07/01/2020,10:22:58,3.2,3.15,42000,3.3,28000,0,238000
FEDERALBNK30JAN2088PE.NFO,07/01/2020,10:23:26,3.2,3.15,35000,3.25,7000,0,238000
FEDERALBNK30JAN2088PE.NFO,07/01/2020,10:23:47,3.2,3.1,49000,3.25,28000,0,238000
FEDERALBNK30JAN2088PE.NFO,07/01/2020,10:23:52,3.15,3.15,7000,3.25,21000,7000,245000
FEDERALBNK30JAN2088PE.NFO,07/01/2020,10:23:56,3.15,3.1,49000,3.25,21000,0,245000
FEDERALBNK30JAN2088PE.NFO,07/01/2020,10:24:00,3.15,3.15,42000,3.25,7000,0,245000
FEDERALBNK30JAN2088PE.NFO,07/01/2020,10:24:24,3.15,3.15,35000,3.25,7000,0,245000
FEDERALBNK30JAN2088PE.NFO,07/01/2020,10:24:47,3.15,3.15,42000,3.25,7000,0,245000
FEDERALBNK30JAN2088PE.NFO,07/01/2020,10:25:06,3.15,3.15,49000,3.25,7000,0,245000
FEDERALBNK30JAN2088PE.NFO,07/01/2020,10:25:13,3.15,3.15,56000,3.3,35000,0,245000
FEDERALBNK30JAN2088PE.NFO,07/01/2020,10:25:36,3.15,3.2,7000,3.3,35000,0,245000
FEDERALBNK30JAN2088PE.NFO,07/01/2020,10:25:42,3.15,3.15,49000,3.3,35000,0,245000
FEDERALBNK30JAN2088PE.NFO,07/01/2020,10:29:29,3.15,3.15,49000,3.3,28000,0,245000
FEDERALBNK30JAN2088PE.NFO,07/01/2020,10:30:11,3.15,3.15,42000,3.3,28000,0,245000
FEDERALBNK30JAN2088PE.NFO,07/01/2020,10:30:15,3.15,3.15,49000,3.3,28000,0,245000
FEDERALBNK30JAN2088PE.NFO,07/01/2020,10:30:38,3.15,3.15,49000,3.3,42000,0,245000
FEDERALBNK30JAN2088PE.NFO,07/01/2020,10:30:46,3.15,3.15,35000,3.3,42000,0,245000
FEDERALBNK30JAN2088PE.NFO,07/01/2020,10:30:55,3.15,3.15,28000,3.25,7000,0,245000
FEDERALBNK30JAN2088PE.NFO,07/01/2020,10:31:12,3.15,3.15,35000,3.3,42000,0,245000
FEDERALBNK30JAN2088PE.NFO,07/01/2020,10:31:19,3.15,3.15,28000,3.25,7000,0,245000
FEDERALBNK30JAN2088PE.NFO,07/01/2020,10:32:12,3.15,3.15,35000,3.3,42000,0,245000
FEDERALBNK30JAN2088PE.NFO,07/01/2020,10:32:26,3.15,3.2,14000,3.3,35000,0,245000
FEDERALBNK30JAN2088PE.NFO,07/01/2020,10:32:34,3.15,3.2,14000,3.3,21000,0,245000
FEDERALBNK30JAN2088PE.NFO,07/01/2020,10:32:38,3.15,3.2,14000,3.3,28000,0,245000
FEDERALBNK30JAN2088PE.NFO,07/01/2020,10:32:52,3.15,3.15,35000,3.3,42000,0,245000
FEDERALBNK30JAN2088PE.NFO,07/01/2020,10:33:52,3.15,3.15,21000,3.25,7000,0,245000
FEDERALBNK30JAN2088PE.NFO,07/01/2020,10:34:15,3.15,3.15,35000,3.3,42000,0,245000
FEDERALBNK30JAN2088PE.NFO,07/01/2020,10:34:43,3.15,3.15,35000,3.3,49000,0,245000
FEDERALBNK30JAN2088PE.NFO,07/01/2020,10:35:38,3.15,3.15,14000,3.25,14000,0,245000
FEDERALBNK30JAN2088PE.NFO,07/01/2020,10:35:47,3.15,3.15,14000,3.25,35000,0,245000
FEDERALBNK30JAN2088PE.NFO,07/01/2020,10:35:57,3.15,3.15,14000,3.25,28000,0,245000
FEDERALBNK30JAN2088PE.NFO,07/01/2020,10:36:07,3.15,3.15,14000,3.25,35000,0,245000
FEDERALBNK30JAN2088PE.NFO,07/01/2020,10:36:28,3.15,3.15,14000,3.25,28000,0,245000
FEDERALBNK30JAN2088PE.NFO,07/01/2020,10:36:30,3.15,3.15,14000,3.25,35000,0,245000
FEDERALBNK30JAN2088PE.NFO,07/01/2020,10:36:34,3.15,3.15,14000,3.25,28000,0,245000
FEDERALBNK30JAN2088PE.NFO,07/01/2020,10:36:48,3.15,3.15,14000,3.25,35000,0,245000
FEDERALBNK30JAN2088PE.NFO,07/01/2020,10:37:33,3.15,3.15,14000,3.25,28000,0,245000
FEDERALBNK30JAN2088PE.NFO,07/01/2020,10:39:28,3.15,3.15,14000,3.25,35000,0,245000
FEDERALBNK30JAN2088PE.NFO,07/01/2020,10:39:58,3.15,3.15,14000,3.25,28000,0,245000
FEDERALBNK30JAN2088PE.NFO,07/01/2020,10:40:07,3.15,3.15,21000,3.25,28000,0,245000
FEDERALBNK30JAN2088PE.NFO,07/01/2020,10:40:32,3.15,3.15,14000,3.25,28000,0,245000
FEDERALBNK30JAN2088PE.NFO,07/01/2020,10:40:36,3.15,3.15,21000,3.25,28000,0,245000
FEDERALBNK30JAN2088PE.NFO,07/01/2020,10:40:42,3.15,3.15,14000,3.25,28000,0,245000
FEDERALBNK30JAN2088PE.NFO,07/01/2020,10:41:24,3.15,3.15,7000,3.25,28000,0,245000
FEDERALBNK30JAN2088PE.NFO,07/01/2020,10:42:10,3.15,3.1,49000,3.2,7000,0,245000
FEDERALBNK30JAN2088PE.NFO,07/01/2020,10:43:10,3.15,3.15,14000,3.25,28000,0,245000
FEDERALBNK30JAN2088PE.NFO,07/01/2020,10:45:00,3.15,3.15,21000,3.25,28000,0,245000
FEDERALBNK30JAN2088PE.NFO,07/01/2020,10:45:52,3.15,3.15,14000,3.25,28000,0,245000
FEDERALBNK30JAN2088PE.NFO,07/01/2020,10:46:15,3.15,3.15,21000,3.25,28000,0,245000
FEDERALBNK30JAN2088PE.NFO,07/01/2020,10:46:21,3.15,3.15,14000,3.25,28000,0,245000
FEDERALBNK30JAN2088PE.NFO,07/01/2020,10:48:35,3.15,3.15,21000,3.25,14000,0,245000
FEDERALBNK30JAN2088PE.NFO,07/01/2020,10:48:55,3.15,3.15,28000,3.3,42000,0,245000
FEDERALBNK30JAN2088PE.NFO,07/01/2020,10:49:37,3.15,3.2,7000,3.3,42000,0,245000
FEDERALBNK30JAN2088PE.NFO,07/01/2020,10:50:11,3.15,3.2,7000,3.3,28000,0,245000
FEDERALBNK30JAN2088PE.NFO,07/01/2020,10:50:16,3.15,3.15,28000,3.25,7000,0,245000
FEDERALBNK30JAN2088PE.NFO,07/01/2020,10:50:26,3.15,3.2,7000,3.3,28000,0,245000
FEDERALBNK30JAN2088PE.NFO,07/01/2020,10:50:34,3.15,3.15,28000,3.25,7000,0,245000
FEDERALBNK30JAN2088PE.NFO,07/01/2020,10:50:38,3.25,3.25,21000,3.35,28000,7000,238000
FEDERALBNK30JAN2088PE.NFO,07/01/2020,10:50:38,3.25,3.25,21000,3.35,28000,0,238000
FEDERALBNK30JAN2088PE.NFO,07/01/2020,10:50:42,3.25,3.2,56000,3.35,28000,0,238000
FEDERALBNK30JAN2088PE.NFO,07/01/2020,10:51:04,3.25,3.25,7000,3.35,28000,0,238000
FEDERALBNK30JAN2088PE.NFO,07/01/2020,10:51:15,3.25,3.25,14000,3.35,14000,0,238000
FEDERALBNK30JAN2088PE.NFO,07/01/2020,10:51:25,3.25,3.25,42000,3.4,35000,0,238000
FEDERALBNK30JAN2088PE.NFO,07/01/2020,10:51:29,3.25,3.25,42000,3.4,42000,0,238000
FEDERALBNK30JAN2088PE.NFO,07/01/2020,10:51:39,3.25,3.25,14000,3.35,14000,0,238000
FEDERALBNK30JAN2088PE.NFO,07/01/2020,10:51:56,3.25,3.25,28000,3.35,7000,0,238000
FEDERALBNK30JAN2088PE.NFO,07/01/2020,10:52:02,3.25,3.25,35000,3.4,35000,0,238000
FEDERALBNK30JAN2088PE.NFO,07/01/2020,10:53:16,3.25,3.25,21000,3.35,7000,0,238000
FEDERALBNK30JAN2088PE.NFO,07/01/2020,10:53:26,3.25,3.3,7000,3.4,28000,0,238000
FEDERALBNK30JAN2088PE.NFO,07/01/2020,10:53:31,3.25,3.25,49000,3.4,35000,0,238000
FEDERALBNK30JAN2088PE.NFO,07/01/2020,10:53:47,3.25,3.3,7000,3.4,28000,0,238000
FEDERALBNK30JAN2088PE.NFO,07/01/2020,10:54:04,3.25,3.3,7000,3.4,35000,0,238000
FEDERALBNK30JAN2088PE.NFO,07/01/2020,10:54:09,3.25,3.25,49000,3.4,35000,0,238000
FEDERALBNK30JAN2088PE.NFO,07/01/2020,10:54:31,3.25,3.25,49000,3.4,28000,0,238000
FEDERALBNK30JAN2088PE.NFO,07/01/2020,10:55:00,3.25,3.25,35000,3.35,7000,0,238000
FEDERALBNK30JAN2088PE.NFO,07/01/2020,10:55:15,3.25,3.3,7000,3.4,28000,0,238000
FEDERALBNK30JAN2088PE.NFO,07/01/2020,10:55:45,3.25,3.3,14000,3.4,14000,0,238000
FEDERALBNK30JAN2088PE.NFO,07/01/2020,10:56:36,3.25,3.3,28000,3.4,14000,0,238000
FEDERALBNK30JAN2088PE.NFO,07/01/2020,10:57:15,3.25,3.35,7000,3.45,21000,0,238000
FEDERALBNK30JAN2088PE.NFO,07/01/2020,10:57:22,3.25,3.35,28000,3.45,14000,0,238000
FEDERALBNK30JAN2088PE.NFO,07/01/2020,10:57:29,3.25,3.3,49000,3.45,14000,0,238000
FEDERALBNK30JAN2088PE.NFO,07/01/2020,10:57:35,3.25,3.35,7000,3.45,14000,0,238000
FEDERALBNK30JAN2088PE.NFO,07/01/2020,10:57:46,3.25,3.3,56000,3.45,14000,0,238000
FEDERALBNK30JAN2088PE.NFO,07/01/2020,10:58:22,3.25,3.35,28000,3.45,14000,0,238000
FEDERALBNK30JAN2088PE.NFO,07/01/2020,10:58:28,3.25,3.35,21000,3.45,14000,0,238000
FEDERALBNK30JAN2088PE.NFO,07/01/2020,10:58:38,3.25,3.35,35000,3.45,14000,0,238000
FEDERALBNK30JAN2088PE.NFO,07/01/2020,10:58:54,3.25,3.4,7000,3.5,14000,0,238000
FEDERALBNK30JAN2088PE.NFO,07/01/2020,10:58:58,3.25,3.4,7000,3.5,7000,0,238000
FEDERALBNK30JAN2088PE.NFO,07/01/2020,10:59:04,3.25,3.35,35000,3.45,7000,0,238000
FEDERALBNK30JAN2088PE.NFO,07/01/2020,10:59:21,3.25,3.35,42000,3.45,7000,0,238000
FEDERALBNK30JAN2088PE.NFO,07/01/2020,10:59:32,3.25,3.35,35000,3.45,7000,0,238000
FEDERALBNK30JAN2088PE.NFO,07/01/2020,11:00:10,3.25,3.35,42000,3.45,7000,0,238000
FEDERALBNK30JAN2088PE.NFO,07/01/2020,11:00:16,3.25,3.4,21000,3.5,7000,0,238000
FEDERALBNK30JAN2088PE.NFO,07/01/2020,11:00:22,3.25,3.4,7000,3.5,7000,0,238000
FEDERALBNK30JAN2088PE.NFO,07/01/2020,11:01:01,3.25,3.4,49000,3.5,7000,0,238000
FEDERALBNK30JAN2088PE.NFO,07/01/2020,11:01:10,3.25,3.4,35000,3.5,7000,0,238000
FEDERALBNK30JAN2088PE.NFO,07/01/2020,11:01:23,3.25,3.45,7000,3.55,7000,0,238000
FEDERALBNK30JAN2088PE.NFO,07/01/2020,11:01:30,3.25,3.4,42000,3.5,7000,0,238000
FEDERALBNK30JAN2088PE.NFO,07/01/2020,11:01:37,3.25,3.45,7000,3.6,21000,0,238000
FEDERALBNK30JAN2088PE.NFO,07/01/2020,11:01:44,3.25,3.45,14000,3.6,21000,0,238000
FEDERALBNK30JAN2088PE.NFO,07/01/2020,11:01:51,3.25,3.4,21000,3.55,7000,0,238000
FEDERALBNK30JAN2088PE.NFO,07/01/2020,11:02:12,3.25,3.4,28000,3.55,7000,0,238000
FEDERALBNK30JAN2088PE.NFO,07/01/2020,11:02:30,3.25,3.45,7000,3.55,7000,0,238000
FEDERALBNK30JAN2088PE.NFO,07/01/2020,11:02:37,3.25,3.4,35000,3.55,7000,0,238000
FEDERALBNK30JAN2088PE.NFO,07/01/2020,11:02:48,3.25,3.45,7000,3.6,21000,0,238000
FEDERALBNK30JAN2088PE.NFO,07/01/2020,11:02:54,3.25,3.45,14000,3.6,21000,0,238000
FEDERALBNK30JAN2088PE.NFO,07/01/2020,11:03:00,3.25,3.45,7000,3.6,21000,0,238000
FEDERALBNK30JAN2088PE.NFO,07/01/2020,11:03:12,3.25,3.45,14000,3.6,21000,0,238000
FEDERALBNK30JAN2088PE.NFO,07/01/2020,11:03:29,3.25,3.45,35000,3.6,21000,0,238000
FEDERALBNK30JAN2088PE.NFO,07/01/2020,11:03:45,3.25,3.45,35000,3.6,7000,0,238000
FEDERALBNK30JAN2088PE.NFO,07/01/2020,11:04:15,3.25,3.45,42000,3.6,7000,0,238000
FEDERALBNK30JAN2088PE.NFO,07/01/2020,11:04:21,3.25,3.5,21000,3.6,7000,0,238000
FEDERALBNK30JAN2088PE.NFO,07/01/2020,11:04:27,3.25,3.5,14000,3.6,7000,0,238000
FEDERALBNK30JAN2088PE.NFO,07/01/2020,11:04:32,3.25,3.5,21000,3.65,28000,0,238000
FEDERALBNK30JAN2088PE.NFO,07/01/2020,11:04:38,3.25,3.45,28000,3.55,7000,0,238000
FEDERALBNK30JAN2088PE.NFO,07/01/2020,11:05:01,3.25,3.5,7000,3.6,28000,0,238000
FEDERALBNK30JAN2088PE.NFO,07/01/2020,11:05:18,3.25,3.45,42000,3.6,28000,0,238000
FEDERALBNK30JAN2088PE.NFO,07/01/2020,11:05:29,3.25,3.45,28000,3.55,7000,0,238000
FEDERALBNK30JAN2088PE.NFO,07/01/2020,11:05:34,3.25,3.45,14000,3.55,7000,0,238000
FEDERALBNK30JAN2088PE.NFO,07/01/2020,11:05:56,3.45,3.45,14000,3.55,7000,7000,238000
FEDERALBNK30JAN2088PE.NFO,07/01/2020,11:05:56,3.45,3.45,14000,3.55,7000,0,238000
FEDERALBNK30JAN2088PE.NFO,07/01/2020,11:06:08,3.45,3.4,42000,3.55,14000,0,238000
FEDERALBNK30JAN2088PE.NFO,07/01/2020,11:06:15,3.45,3.4,28000,3.5,7000,0,238000
FEDERALBNK30JAN2088PE.NFO,07/01/2020,11:06:41,3.45,3.4,42000,3.55,28000,0,238000
FEDERALBNK30JAN2088PE.NFO,07/01/2020,11:06:47,3.45,3.45,14000,3.55,7000,0,238000
FEDERALBNK30JAN2088PE.NFO,07/01/2020,11:06:53,3.45,3.4,28000,3.5,7000,0,238000
FEDERALBNK30JAN2088PE.NFO,07/01/2020,11:07:09,3.45,3.45,14000,3.55,14000,0,238000
FEDERALBNK30JAN2088PE.NFO,07/01/2020,11:07:29,3.45,3.45,14000,3.55,7000,0,238000
FEDERALBNK30JAN2088PE.NFO,07/01/2020,11:07:33,3.45,3.45,14000,3.55,14000,0,238000
FEDERALBNK30JAN2088PE.NFO,07/01/2020,11:07:38,3.45,3.45,14000,3.55,7000,0,238000
FEDERALBNK30JAN2088PE.NFO,07/01/2020,11:07:43,3.45,3.45,28000,3.6,28000,0,238000
FEDERALBNK30JAN2088PE.NFO,07/01/2020,11:08:01,3.45,3.45,42000,3.55,7000,0,238000
FEDERALBNK30JAN2088PE.NFO,07/01/2020,11:08:30,3.45,3.45,28000,3.55,7000,0,238000
FEDERALBNK30JAN2088PE.NFO,07/01/2020,11:08:35,3.45,3.45,42000,3.55,7000,0,238000
FEDERALBNK30JAN2088PE.NFO,07/01/2020,11:08:41,3.45,3.45,28000,3.55,7000,0,238000
FEDERALBNK30JAN2088PE.NFO,07/01/2020,11:08:45,3.45,3.5,7000,3.6,28000,0,238000
FEDERALBNK30JAN2088PE.NFO,07/01/2020,11:09:04,3.45,3.45,28000,3.55,7000,0,238000
FEDERALBNK30JAN2088PE.NFO,07/01/2020,11:09:21,3.45,3.45,35000,3.55,7000,0,238000
FEDERALBNK30JAN2088PE.NFO,07/01/2020,11:09:26,3.45,3.5,14000,3.6,14000,0,238000
FEDERALBNK30JAN2088PE.NFO,07/01/2020,11:09:31,3.45,3.5,14000,3.6,7000,0,238000
FEDERALBNK30JAN2088PE.NFO,07/01/2020,11:10:11,3.45,3.5,21000,3.6,7000,0,238000
FEDERALBNK30JAN2088PE.NFO,07/01/2020,11:11:07,3.45,3.5,28000,3.6,7000,0,238000
FEDERALBNK30JAN2088PE.NFO,07/01/2020,11:11:35,3.45,3.55,21000,3.65,14000,0,238000
FEDERALBNK30JAN2088PE.NFO,07/01/2020,11:11:46,3.45,3.5,21000,3.6,7000,0,238000
FEDERALBNK30JAN2088PE.NFO,07/01/2020,11:11:58,3.45,3.45,28000,3.55,7000,0,238000
FEDERALBNK30JAN2088PE.NFO,07/01/2020,11:12:06,3.45,3.5,21000,3.6,14000,0,238000
FEDERALBNK30JAN2088PE.NFO,07/01/2020,11:12:13,3.45,3.5,21000,3.6,7000,0,238000
FEDERALBNK30JAN2088PE.NFO,07/01/2020,11:12:20,3.45,3.5,21000,3.6,14000,0,238000
FEDERALBNK30JAN2088PE.NFO,07/01/2020,11:13:16,3.45,3.5,7000,3.55,7000,0,238000
FEDERALBNK30JAN2088PE.NFO,07/01/2020,11:13:28,3.45,3.5,21000,3.6,7000,0,238000
FEDERALBNK30JAN2088PE.NFO,07/01/2020,11:14:14,3.45,3.55,7000,3.65,7000,0,238000
FEDERALBNK30JAN2088PE.NFO,07/01/2020,11:14:36,3.45,3.55,21000,3.7,7000,0,238000
FEDERALBNK30JAN2088PE.NFO,07/01/2020,11:14:41,3.45,3.55,21000,3.7,14000,0,238000
FEDERALBNK30JAN2088PE.NFO,07/01/2020,11:14:45,3.45,3.55,21000,3.7,7000,0,238000
FEDERALBNK30JAN2088PE.NFO,07/01/2020,11:15:00,3.45,3.6,28000,3.7,7000,0,238000
FEDERALBNK30JAN2088PE.NFO,07/01/2020,11:15:07,3.45,3.6,14000,3.7,7000,0,238000
FEDERALBNK30JAN2088PE.NFO,07/01/2020,11:15:13,3.45,3.6,7000,3.7,7000,0,238000
FEDERALBNK30JAN2088PE.NFO,07/01/2020,11:15:24,3.45,3.55,21000,3.7,7000,0,238000
FEDERALBNK30JAN2088PE.NFO,07/01/2020,11:15:29,3.45,3.6,7000,3.7,7000,0,238000
FEDERALBNK30JAN2088PE.NFO,07/01/2020,11:16:04,3.45,3.6,28000,3.75,7000,0,238000
FEDERALBNK30JAN2088PE.NFO,07/01/2020,11:16:16,3.45,3.6,28000,3.7,7000,0,238000
FEDERALBNK30JAN2088PE.NFO,07/01/2020,11:16:22,3.45,3.6,35000,3.75,7000,0,238000
FEDERALBNK30JAN2088PE.NFO,07/01/2020,11:16:48,3.45,3.6,28000,3.7,7000,0,238000
FEDERALBNK30JAN2088PE.NFO,07/01/2020,11:16:54,3.45,3.6,21000,3.75,7000,0,238000
FEDERALBNK30JAN2088PE.NFO,07/01/2020,11:17:00,3.45,3.65,7000,3.75,7000,0,238000
FEDERALBNK30JAN2088PE.NFO,07/01/2020,11:18:39,3.65,3.6,14000,3.7,14000,7000,231000
FEDERALBNK30JAN2088PE.NFO,07/01/2020,11:18:39,3.65,3.6,14000,3.7,14000,0,231000
FEDERALBNK30JAN2088PE.NFO,07/01/2020,11:18:46,3.65,3.6,7000,3.7,14000,0,231000
FEDERALBNK30JAN2088PE.NFO,07/01/2020,11:19:21,3.65,3.65,7000,3.7,14000,0,231000
FEDERALBNK30JAN2088PE.NFO,07/01/2020,11:19:30,3.65,3.6,21000,3.7,14000,0,231000
FEDERALBNK30JAN2088PE.NFO,07/01/2020,11:19:37,3.65,3.6,7000,3.7,14000,0,231000
FEDERALBNK30JAN2088PE.NFO,07/01/2020,11:19:43,3.65,3.6,21000,3.7,14000,0,231000
FEDERALBNK30JAN2088PE.NFO,07/01/2020,11:20:28,3.65,3.6,14000,3.7,14000,0,231000
FEDERALBNK30JAN2088PE.NFO,07/01/2020,11:20:38,3.65,3.6,7000,3.7,14000,0,231000
FEDERALBNK30JAN2088PE.NFO,07/01/2020,11:20:44,3.65,3.6,21000,3.7,14000,0,231000
FEDERALBNK30JAN2088PE.NFO,07/01/2020,11:20:49,3.65,3.6,14000,3.7,7000,0,231000
FEDERALBNK30JAN2088PE.NFO,07/01/2020,11:20:56,3.65,3.6,7000,3.7,7000,0,231000
FEDERALBNK30JAN2088PE.NFO,07/01/2020,11:21:01,3.65,3.6,14000,3.7,7000,0,231000
FEDERALBNK30JAN2088PE.NFO,07/01/2020,11:21:06,3.65,3.6,7000,3.7,7000,0,231000
FEDERALBNK30JAN2088PE.NFO,07/01/2020,11:21:10,3.65,3.6,7000,3.65,7000,0,231000
FEDERALBNK30JAN2088PE.NFO,07/01/2020,11:21:33,3.65,3.6,7000,3.7,7000,0,231000
FEDERALBNK30JAN2088PE.NFO,07/01/2020,11:21:56,3.65,3.6,7000,3.65,7000,0,231000
FEDERALBNK30JAN2088PE.NFO,07/01/2020,11:22:21,3.65,3.6,7000,3.7,7000,0,231000
FEDERALBNK30JAN2088PE.NFO,07/01/2020,11:22:29,3.65,3.6,7000,3.65,7000,0,231000
FEDERALBNK30JAN2088PE.NFO,07/01/2020,11:22:53,3.65,3.6,7000,3.65,42000,0,231000
FEDERALBNK30JAN2088PE.NFO,07/01/2020,11:23:07,3.65,3.55,7000,3.65,42000,0,231000
FEDERALBNK30JAN2088PE.NFO,07/01/2020,11:23:25,3.65,3.55,7000,3.6,7000,0,231000
FEDERALBNK30JAN2088PE.NFO,07/01/2020,11:23:47,3.65,3.55,7000,3.6,42000,0,231000
FEDERALBNK30JAN2088PE.NFO,07/01/2020,11:24:02,3.65,3.5,14000,3.6,42000,0,231000
FEDERALBNK30JAN2088PE.NFO,07/01/2020,11:24:08,3.65,3.5,7000,3.6,42000,0,231000
FEDERALBNK30JAN2088PE.NFO,07/01/2020,11:24:13,3.65,3.55,7000,3.6,42000,0,231000
FEDERALBNK30JAN2088PE.NFO,07/01/2020,11:24:18,3.65,3.5,7000,3.6,42000,0,231000
FEDERALBNK30JAN2088PE.NFO,07/01/2020,11:24:23,3.65,3.5,7000,3.6,7000,0,231000
FEDERALBNK30JAN2088PE.NFO,07/01/2020,11:24:41,3.65,3.45,28000,3.55,7000,0,231000
FEDERALBNK30JAN2088PE.NFO,07/01/2020,11:24:46,3.65,3.45,21000,3.55,7000,0,231000
FEDERALBNK30JAN2088PE.NFO,07/01/2020,11:24:58,3.65,3.45,28000,3.55,7000,0,231000
FEDERALBNK30JAN2088PE.NFO,07/01/2020,11:25:08,3.65,3.45,35000,3.55,7000,0,231000
FEDERALBNK30JAN2088PE.NFO,07/01/2020,11:25:13,3.65,3.45,28000,3.55,7000,0,231000
FEDERALBNK30JAN2088PE.NFO,07/01/2020,11:25:21,3.65,3.45,42000,3.6,7000,0,231000
FEDERALBNK30JAN2088PE.NFO,07/01/2020,11:26:25,3.65,3.45,35000,3.55,7000,0,231000
FEDERALBNK30JAN2088PE.NFO,07/01/2020,11:26:43,3.65,3.45,42000,3.6,7000,0,231000
FEDERALBNK30JAN2088PE.NFO,07/01/2020,11:26:55,3.65,3.45,42000,3.6,14000,0,231000
FEDERALBNK30JAN2088PE.NFO,07/01/2020,11:27:27,3.65,3.5,28000,3.6,14000,0,231000
FEDERALBNK30JAN2088PE.NFO,07/01/2020,11:27:54,3.65,3.5,14000,3.6,14000,0,231000
FEDERALBNK30JAN2088PE.NFO,07/01/2020,11:28:13,3.65,3.5,7000,3.6,14000,0,231000
FEDERALBNK30JAN2088PE.NFO,07/01/2020,11:28:52,3.65,3.55,7000,3.65,14000,0,231000
FEDERALBNK30JAN2088PE.NFO,07/01/2020,11:29:22,3.65,3.55,7000,3.65,7000,0,231000
FEDERALBNK30JAN2088PE.NFO,07/01/2020,11:29:33,3.65,3.55,14000,3.65,7000,0,231000
FEDERALBNK30JAN2088PE.NFO,07/01/2020,11:29:44,3.65,3.55,7000,3.65,7000,0,231000
FEDERALBNK30JAN2088PE.NFO,07/01/2020,11:29:48,3.65,3.5,28000,3.65,14000,0,231000
FEDERALBNK30JAN2088PE.NFO,07/01/2020,11:30:42,3.65,3.55,7000,3.65,7000,0,231000
FEDERALBNK30JAN2088PE.NFO,07/01/2020,11:31:03,3.65,3.5,14000,3.6,7000,0,231000
FEDERALBNK30JAN2088PE.NFO,07/01/2020,11:31:23,3.65,3.5,7000,3.6,7000,0,231000
FEDERALBNK30JAN2088PE.NFO,07/01/2020,11:31:53,3.65,3.45,14000,3.55,14000,0,231000
FEDERALBNK30JAN2088PE.NFO,07/01/2020,11:31:59,3.65,3.45,7000,3.55,14000,0,231000
FEDERALBNK30JAN2088PE.NFO,07/01/2020,11:33:48,3.65,3.45,7000,3.5,7000,0,231000
FEDERALBNK30JAN2088PE.NFO,07/01/2020,11:33:57,3.65,3.4,28000,3.5,7000,0,231000
FEDERALBNK30JAN2088PE.NFO,07/01/2020,11:34:08,3.65,3.4,7000,3.5,14000,0,231000
FEDERALBNK30JAN2088PE.NFO,07/01/2020,11:34:14,3.65,3.35,14000,3.45,21000,0,231000
FEDERALBNK30JAN2088PE.NFO,07/01/2020,11:35:07,3.65,3.35,7000,3.4,7000,0,231000
FEDERALBNK30JAN2088PE.NFO,07/01/2020,11:35:34,3.65,3.25,7000,3.35,7000,0,231000
FEDERALBNK30JAN2088PE.NFO,07/01/2020,11:35:49,3.65,3.25,7000,3.35,21000,0,231000
FEDERALBNK30JAN2088PE.NFO,07/01/2020,11:36:04,3.65,3.25,14000,3.35,21000,0,231000
FEDERALBNK30JAN2088PE.NFO,07/01/2020,11:36:08,3.65,3.25,7000,3.35,21000,0,231000
FEDERALBNK30JAN2088PE.NFO,07/01/2020,11:36:21,3.65,3.25,14000,3.35,21000,0,231000
FEDERALBNK30JAN2088PE.NFO,07/01/2020,11:36:40,3.65,3.25,14000,3.35,14000,0,231000
FEDERALBNK30JAN2088PE.NFO,07/01/2020,11:36:46,3.65,3.25,21000,3.4,28000,0,231000
FEDERALBNK30JAN2088PE.NFO,07/01/2020,11:36:52,3.65,3.3,7000,3.4,28000,0,231000
FEDERALBNK30JAN2088PE.NFO,07/01/2020,11:38:17,3.65,3.3,7000,3.4,35000,0,231000
FEDERALBNK30JAN2088PE.NFO,07/01/2020,11:38:54,3.65,3.3,7000,3.4,28000,0,231000
FEDERALBNK30JAN2088PE.NFO,07/01/2020,11:39:19,3.65,3.3,21000,3.4,7000,0,231000
FEDERALBNK30JAN2088PE.NFO,07/01/2020,11:39:34,3.65,3.35,7000,3.45,28000,0,231000
FEDERALBNK30JAN2088PE.NFO,07/01/2020,11:40:06,3.65,3.35,21000,3.45,7000,0,231000
FEDERALBNK30JAN2088PE.NFO,07/01/2020,11:40:37,3.65,3.35,28000,3.45,7000,0,231000
FEDERALBNK30JAN2088PE.NFO,07/01/2020,11:41:09,3.65,3.35,35000,3.45,7000,0,231000
FEDERALBNK30JAN2088PE.NFO,07/01/2020,11:41:58,3.65,3.4,7000,3.5,28000,0,231000
FEDERALBNK30JAN2088PE.NFO,07/01/2020,11:42:03,3.5,3.45,7000,3.55,28000,7000,224000
FEDERALBNK30JAN2088PE.NFO,07/01/2020,11:42:07,3.5,3.45,7000,3.55,14000,0,224000
FEDERALBNK30JAN2088PE.NFO,07/01/2020,11:42:17,3.5,3.4,35000,3.5,7000,0,224000
FEDERALBNK30JAN2088PE.NFO,07/01/2020,11:42:40,3.5,3.4,7000,3.5,14000,0,224000
FEDERALBNK30JAN2088PE.NFO,07/01/2020,11:42:53,3.5,3.45,7000,3.55,14000,0,224000
FEDERALBNK30JAN2088PE.NFO,07/01/2020,11:43:03,3.5,3.45,7000,3.55,21000,0,224000
FEDERALBNK30JAN2088PE.NFO,07/01/2020,11:43:16,3.5,3.45,35000,3.55,7000,0,224000
FEDERALBNK30JAN2088PE.NFO,07/01/2020,11:43:19,3.5,3.45,21000,3.55,7000,0,224000
FEDERALBNK30JAN2088PE.NFO,07/01/2020,11:43:43,3.5,3.4,35000,3.5,7000,0,224000
FEDERALBNK30JAN2088PE.NFO,07/01/2020,11:43:54,3.5,3.45,7000,3.55,21000,0,224000
FEDERALBNK30JAN2088PE.NFO,07/01/2020,11:44:18,3.5,3.4,28000,3.5,7000,0,224000
FEDERALBNK30JAN2088PE.NFO,07/01/2020,11:44:30,3.5,3.45,7000,3.55,21000,0,224000
FEDERALBNK30JAN2088PE.NFO,07/01/2020,11:44:37,3.5,3.45,7000,3.55,7000,0,224000
FEDERALBNK30JAN2088PE.NFO,07/01/2020,11:45:02,3.5,3.45,21000,3.55,7000,0,224000
FEDERALBNK30JAN2088PE.NFO,07/01/2020,11:45:20,3.5,3.45,14000,3.55,7000,0,224000
FEDERALBNK30JAN2088PE.NFO,07/01/2020,11:45:40,3.5,3.45,21000,3.55,7000,0,224000
FEDERALBNK30JAN2088PE.NFO,07/01/2020,11:46:26,3.5,3.45,35000,3.55,7000,0,224000
FEDERALBNK30JAN2088PE.NFO,07/01/2020,11:46:31,3.5,3.45,28000,3.55,7000,0,224000
FEDERALBNK30JAN2088PE.NFO,07/01/2020,11:47:09,3.5,3.45,28000,3.55,14000,0,224000
FEDERALBNK30JAN2088PE.NFO,07/01/2020,11:47:34,3.5,3.5,7000,3.55,7000,0,224000
FEDERALBNK30JAN2088PE.NFO,07/01/2020,11:47:56,3.5,3.45,42000,3.55,14000,0,224000
FEDERALBNK30JAN2088PE.NFO,07/01/2020,11:47:59,3.5,3.5,7000,3.55,7000,0,224000
FEDERALBNK30JAN2088PE.NFO,07/01/2020,11:48:31,3.5,3.5,7000,3.6,14000,0,224000
FEDERALBNK30JAN2088PE.NFO,07/01/2020,11:48:37,3.5,3.45,49000,3.55,7000,0,224000
FEDERALBNK30JAN2088PE.NFO,07/01/2020,11:48:41,3.5,3.5,7000,3.6,14000,0,224000
FEDERALBNK30JAN2088PE.NFO,07/01/2020,11:50:25,3.5,3.5,28000,3.6,7000,0,224000
FEDERALBNK30JAN2088PE.NFO,07/01/2020,11:51:25,3.5,3.45,49000,3.6,14000,0,224000
FEDERALBNK30JAN2088PE.NFO,07/01/2020,11:51:52,3.5,3.5,14000,3.6,14000,0,224000
FEDERALBNK30JAN2088PE.NFO,07/01/2020,11:51:55,3.5,3.5,28000,3.6,7000,0,224000
FEDERALBNK30JAN2088PE.NFO,07/01/2020,11:52:25,3.5,3.5,14000,3.6,14000,0,224000
FEDERALBNK30JAN2088PE.NFO,07/01/2020,11:52:28,3.5,3.45,49000,3.6,14000,0,224000
FEDERALBNK30JAN2088PE.NFO,07/01/2020,11:52:30,3.5,3.5,14000,3.6,14000,0,224000
FEDERALBNK30JAN2088PE.NFO,07/01/2020,11:52:34,3.5,3.5,14000,3.65,14000,0,224000
FEDERALBNK30JAN2088PE.NFO,07/01/2020,11:52:37,3.5,3.5,21000,3.65,14000,0,224000
FEDERALBNK30JAN2088PE.NFO,07/01/2020,11:52:57,3.5,3.5,21000,3.6,14000,0,224000
FEDERALBNK30JAN2088PE.NFO,07/01/2020,11:53:18,3.5,3.45,49000,3.6,14000,0,224000
FEDERALBNK30JAN2088PE.NFO,07/01/2020,11:53:49,3.5,3.5,14000,3.6,14000,0,224000
FEDERALBNK30JAN2088PE.NFO,07/01/2020,11:54:35,3.5,3.45,49000,3.6,14000,0,224000
FEDERALBNK30JAN2088PE.NFO,07/01/2020,11:54:49,3.5,3.5,14000,3.6,14000,0,224000
FEDERALBNK30JAN2088PE.NFO,07/01/2020,11:55:04,3.5,3.45,49000,3.6,21000,0,224000
FEDERALBNK30JAN2088PE.NFO,07/01/2020,11:55:07,3.5,3.45,49000,3.6,14000,0,224000
FEDERALBNK30JAN2088PE.NFO,07/01/2020,11:55:11,3.5,3.5,35000,3.6,14000,0,224000
FEDERALBNK30JAN2088PE.NFO,07/01/2020,11:55:14,3.5,3.5,56000,3.65,14000,0,224000
FEDERALBNK30JAN2088PE.NFO,07/01/2020,11:55:32,3.5,3.55,14000,3.65,14000,0,224000
FEDERALBNK30JAN2088PE.NFO,07/01/2020,11:55:49,3.5,3.5,49000,3.65,14000,0,224000
FEDERALBNK30JAN2088PE.NFO,07/01/2020,11:56:18,3.5,3.5,49000,3.6,7000,0,224000
FEDERALBNK30JAN2088PE.NFO,07/01/2020,11:56:29,3.5,3.55,14000,3.65,7000,0,224000
FEDERALBNK30JAN2088PE.NFO,07/01/2020,11:56:33,3.5,3.5,49000,3.65,7000,0,224000
FEDERALBNK30JAN2088PE.NFO,07/01/2020,11:57:14,3.5,3.5,49000,3.65,14000,0,224000
FEDERALBNK30JAN2088PE.NFO,07/01/2020,11:57:28,3.5,3.5,49000,3.65,7000,0,224000
FEDERALBNK30JAN2088PE.NFO,07/01/2020,11:57:49,3.5,3.55,14000,3.65,7000,0,224000
FEDERALBNK30JAN2088PE.NFO,07/01/2020,11:58:47,3.5,3.5,49000,3.65,7000,0,224000
FEDERALBNK30JAN2088PE.NFO,07/01/2020,11:59:20,3.5,3.55,14000,3.65,7000,0,224000
FEDERALBNK30JAN2088PE.NFO,07/01/2020,12:00:29,3.5,3.55,35000,3.65,7000,0,224000
FEDERALBNK30JAN2088PE.NFO,07/01/2020,12:00:33,3.75,3.65,56000,3.8,7000,7000,231000
FEDERALBNK30JAN2088PE.NFO,07/01/2020,12:00:33,3.75,3.65,56000,3.8,7000,0,231000
FEDERALBNK30JAN2088PE.NFO,07/01/2020,12:00:37,3.75,3.65,56000,3.8,7000,0,231000
FEDERALBNK30JAN2088PE.NFO,07/01/2020,12:00:52,3.75,3.65,56000,3.75,7000,0,231000
FEDERALBNK30JAN2088PE.NFO,07/01/2020,12:00:57,3.75,3.6,42000,3.75,7000,0,231000
FEDERALBNK30JAN2088PE.NFO,07/01/2020,12:01:04,3.75,3.6,21000,3.7,7000,0,231000
FEDERALBNK30JAN2088PE.NFO,07/01/2020,12:01:15,3.75,3.6,42000,3.75,7000,0,231000
FEDERALBNK30JAN2088PE.NFO,07/01/2020,12:01:17,3.75,3.6,21000,3.7,7000,0,231000
FEDERALBNK30JAN2088PE.NFO,07/01/2020,12:01:30,3.75,3.6,28000,3.7,7000,0,231000
FEDERALBNK30JAN2088PE.NFO,07/01/2020,12:01:33,3.75,3.6,21000,3.7,7000,0,231000
FEDERALBNK30JAN2088PE.NFO,07/01/2020,12:02:20,3.75,3.6,28000,3.7,7000,0,231000
FEDERALBNK30JAN2088PE.NFO,07/01/2020,12:02:23,3.75,3.6,28000,3.75,7000,0,231000
FEDERALBNK30JAN2088PE.NFO,07/01/2020,12:02:35,3.75,3.6,28000,3.7,7000,0,231000
FEDERALBNK30JAN2088PE.NFO,07/01/2020,12:03:24,3.75,3.6,28000,3.75,7000,0,231000
FEDERALBNK30JAN2088PE.NFO,07/01/2020,12:03:34,3.75,3.6,49000,3.75,7000,0,231000
FEDERALBNK30JAN2088PE.NFO,07/01/2020,12:04:02,3.75,3.6,35000,3.7,7000,0,231000
FEDERALBNK30JAN2088PE.NFO,07/01/2020,12:04:12,3.75,3.6,28000,3.7,7000,0,231000
FEDERALBNK30JAN2088PE.NFO,07/01/2020,12:04:50,3.75,3.55,49000,3.7,7000,0,231000
FEDERALBNK30JAN2088PE.NFO,07/01/2020,12:08:07,3.75,3.6,14000,3.7,7000,0,231000
FEDERALBNK30JAN2088PE.NFO,07/01/2020,12:08:18,3.75,3.55,28000,3.65,7000,0,231000
FEDERALBNK30JAN2088PE.NFO,07/01/2020,12:08:25,3.75,3.55,21000,3.65,7000,0,231000
FEDERALBNK30JAN2088PE.NFO,07/01/2020,12:08:31,3.75,3.55,14000,3.65,7000,0,231000
FEDERALBNK30JAN2088PE.NFO,07/01/2020,12:08:36,3.75,3.5,49000,3.65,7000,0,231000
FEDERALBNK30JAN2088PE.NFO,07/01/2020,12:08:39,3.75,3.55,14000,3.65,7000,0,231000
FEDERALBNK30JAN2088PE.NFO,07/01/2020,12:11:24,3.75,3.55,7000,3.65,7000,0,231000
FEDERALBNK30JAN2088PE.NFO,07/01/2020,12:12:07,3.75,3.55,14000,3.65,7000,0,231000
FEDERALBNK30JAN2088PE.NFO,07/01/2020,12:13:02,3.75,3.55,7000,3.65,7000,0,231000
FEDERALBNK30JAN2088PE.NFO,07/01/2020,12:13:13,3.75,3.5,28000,3.65,7000,0,231000
FEDERALBNK30JAN2088PE.NFO,07/01/2020,12:14:12,3.75,3.55,7000,3.65,7000,0,231000
FEDERALBNK30JAN2088PE.NFO,07/01/2020,12:14:16,3.75,3.5,7000,3.6,7000,0,231000
FEDERALBNK30JAN2088PE.NFO,07/01/2020,12:14:49,3.75,3.45,56000,3.6,7000,0,231000
FEDERALBNK30JAN2088PE.NFO,07/01/2020,12:15:00,3.75,3.45,49000,3.55,7000,0,231000
FEDERALBNK30JAN2088PE.NFO,07/01/2020,12:15:04,3.75,3.45,49000,3.6,7000,0,231000
FEDERALBNK30JAN2088PE.NFO,07/01/2020,12:15:56,3.75,3.5,7000,3.6,7000,0,231000
FEDERALBNK30JAN2088PE.NFO,07/01/2020,12:16:04,3.75,3.45,56000,3.6,7000,0,231000
FEDERALBNK30JAN2088PE.NFO,07/01/2020,12:17:28,3.75,3.45,49000,3.6,7000,0,231000
FEDERALBNK30JAN2088PE.NFO,07/01/2020,12:17:44,3.75,3.45,42000,3.6,7000,0,231000
FEDERALBNK30JAN2088PE.NFO,07/01/2020,12:18:06,3.75,3.5,7000,3.6,7000,0,231000
FEDERALBNK30JAN2088PE.NFO,07/01/2020,12:18:24,3.75,3.45,35000,3.55,7000,0,231000
FEDERALBNK30JAN2088PE.NFO,07/01/2020,12:19:30,3.75,3.45,35000,3.6,7000,0,231000
FEDERALBNK30JAN2088PE.NFO,07/01/2020,12:19:40,3.75,3.45,28000,3.55,7000,0,231000
FEDERALBNK30JAN2088PE.NFO,07/01/2020,12:19:45,3.75,3.45,35000,3.55,7000,0,231000
FEDERALBNK30JAN2088PE.NFO,07/01/2020,12:20:03,3.75,3.45,28000,3.55,7000,0,231000
FEDERALBNK30JAN2088PE.NFO,07/01/2020,12:20:49,3.75,3.45,14000,3.55,7000,0,231000
FEDERALBNK30JAN2088PE.NFO,07/01/2020,12:21:00,3.75,3.4,49000,3.55,7000,0,231000
FEDERALBNK30JAN2088PE.NFO,07/01/2020,12:21:18,3.75,3.45,14000,3.55,7000,0,231000
FEDERALBNK30JAN2088PE.NFO,07/01/2020,12:22:24,3.75,3.45,14000,3.6,7000,0,231000
FEDERALBNK30JAN2088PE.NFO,07/01/2020,12:23:18,3.75,3.45,14000,3.6,14000,0,231000
FEDERALBNK30JAN2088PE.NFO,07/01/2020,12:23:23,3.75,3.4,49000,3.55,7000,0,231000
FEDERALBNK30JAN2088PE.NFO,07/01/2020,12:23:41,3.75,3.45,14000,3.6,7000,0,231000
FEDERALBNK30JAN2088PE.NFO,07/01/2020,12:23:59,3.75,3.4,49000,3.55,7000,0,231000
FEDERALBNK30JAN2088PE.NFO,07/01/2020,12:24:39,3.75,3.35,56000,3.5,7000,0,231000
FEDERALBNK30JAN2088PE.NFO,07/01/2020,12:24:55,3.75,3.35,63000,3.5,7000,0,231000
FEDERALBNK30JAN2088PE.NFO,07/01/2020,12:24:58,3.75,3.35,56000,3.5,7000,0,231000
FEDERALBNK30JAN2088PE.NFO,07/01/2020,12:26:03,3.75,3.4,14000,3.5,7000,0,231000
FEDERALBNK30JAN2088PE.NFO,07/01/2020,12:26:10,3.75,3.4,28000,3.55,7000,0,231000
FEDERALBNK30JAN2088PE.NFO,07/01/2020,12:26:56,3.75,3.4,42000,3.55,7000,0,231000
FEDERALBNK30JAN2088PE.NFO,07/01/2020,12:27:00,3.75,3.45,63000,3.6,7000,0,231000
FEDERALBNK30JAN2088PE.NFO,07/01/2020,12:28:15,3.75,3.45,56000,3.6,7000,0,231000
FEDERALBNK30JAN2088PE.NFO,07/01/2020,12:28:19,3.75,3.45,63000,3.6,7000,0,231000
FEDERALBNK30JAN2088PE.NFO,07/01/2020,12:28:53,3.75,3.5,14000,3.6,7000,0,231000
FEDERALBNK30JAN2088PE.NFO,07/01/2020,12:28:59,3.75,3.5,28000,3.65,7000,0,231000
FEDERALBNK30JAN2088PE.NFO,07/01/2020,12:29:23,3.75,3.5,42000,3.65,7000,0,231000
FEDERALBNK30JAN2088PE.NFO,07/01/2020,12:29:28,3.75,3.5,49000,3.65,7000,0,231000
FEDERALBNK30JAN2088PE.NFO,07/01/2020,12:31:30,3.75,3.5,49000,3.65,7000,0,224000
FEDERALBNK30JAN2088PE.NFO,07/01/2020,12:31:33,3.75,3.5,28000,3.65,7000,0,224000
FEDERALBNK30JAN2088PE.NFO,07/01/2020,12:31:36,3.75,3.5,49000,3.65,7000,0,224000
FEDERALBNK30JAN2088PE.NFO,07/01/2020,12:32:00,3.75,3.55,14000,3.65,7000,0,224000
FEDERALBNK30JAN2088PE.NFO,07/01/2020,12:32:11,3.75,3.5,49000,3.65,7000,0,224000
FEDERALBNK30JAN2088PE.NFO,07/01/2020,12:32:26,3.75,3.55,14000,3.65,7000,0,224000
FEDERALBNK30JAN2088PE.NFO,07/01/2020,12:32:32,3.75,3.6,7000,3.7,7000,0,224000
FEDERALBNK30JAN2088PE.NFO,07/01/2020,12:32:59,3.75,3.55,49000,3.7,7000,0,224000
FEDERALBNK30JAN2088PE.NFO,07/01/2020,12:33:03,3.75,3.55,28000,3.7,7000,0,224000
FEDERALBNK30JAN2088PE.NFO,07/01/2020,12:33:13,3.75,3.55,49000,3.7,7000,0,224000
FEDERALBNK30JAN2088PE.NFO,07/01/2020,12:33:24,3.75,3.55,28000,3.7,7000,0,224000
FEDERALBNK30JAN2088PE.NFO,07/01/2020,12:33:31,3.75,3.55,7000,3.65,7000,0,224000
FEDERALBNK30JAN2088PE.NFO,07/01/2020,12:34:34,3.75,3.5,49000,3.65,7000,0,224000
FEDERALBNK30JAN2088PE.NFO,07/01/2020,12:37:11,3.75,3.55,14000,3.65,7000,0,224000
FEDERALBNK30JAN2088PE.NFO,07/01/2020,12:37:39,3.75,3.55,21000,3.65,7000,0,224000
FEDERALBNK30JAN2088PE.NFO,07/01/2020,12:38:15,3.75,3.55,7000,3.65,7000,0,224000
FEDERALBNK30JAN2088PE.NFO,07/01/2020,12:38:27,3.75,3.55,21000,3.65,7000,0,224000
FEDERALBNK30JAN2088PE.NFO,07/01/2020,12:38:39,3.75,3.55,14000,3.65,7000,0,224000
FEDERALBNK30JAN2088PE.NFO,07/01/2020,12:38:42,3.75,3.5,49000,3.65,7000,0,224000
FEDERALBNK30JAN2088PE.NFO,07/01/2020,12:38:48,3.75,3.5,35000,3.65,7000,0,224000
FEDERALBNK30JAN2088PE.NFO,07/01/2020,12:39:43,3.75,3.5,21000,3.6,7000,0,224000
FEDERALBNK30JAN2088PE.NFO,07/01/2020,12:40:06,3.75,3.5,35000,3.65,7000,0,224000
FEDERALBNK30JAN2088PE.NFO,07/01/2020,12:40:14,3.75,3.5,7000,3.6,7000,0,224000
FEDERALBNK30JAN2088PE.NFO,07/01/2020,12:40:22,3.75,3.45,56000,3.6,7000,0,224000
FEDERALBNK30JAN2088PE.NFO,07/01/2020,12:40:33,3.75,3.4,56000,3.55,7000,0,224000
FEDERALBNK30JAN2088PE.NFO,07/01/2020,12:41:58,3.75,3.4,63000,3.55,7000,0,224000
FEDERALBNK30JAN2088PE.NFO,07/01/2020,12:42:02,3.75,3.45,14000,3.55,7000,0,224000
FEDERALBNK30JAN2088PE.NFO,07/01/2020,12:42:13,3.75,3.4,63000,3.55,7000,0,224000
FEDERALBNK30JAN2088PE.NFO,07/01/2020,12:42:20,3.75,3.4,49000,3.55,7000,0,224000
FEDERALBNK30JAN2088PE.NFO,07/01/2020,12:42:40,3.75,3.45,14000,3.55,7000,0,224000
FEDERALBNK30JAN2088PE.NFO,07/01/2020,12:43:43,3.75,3.45,21000,3.6,7000,0,224000
FEDERALBNK30JAN2088PE.NFO,07/01/2020,12:43:46,3.75,3.45,49000,3.6,7000,0,224000
FEDERALBNK30JAN2088PE.NFO,07/01/2020,12:45:32,3.75,3.45,56000,3.6,7000,0,224000
FEDERALBNK30JAN2088PE.NFO,07/01/2020,12:45:38,3.75,3.5,14000,3.6,7000,0,224000
FEDERALBNK30JAN2088PE.NFO,07/01/2020,12:45:41,3.75,3.5,21000,3.65,7000,0,224000
FEDERALBNK30JAN2088PE.NFO,07/01/2020,12:45:52,3.75,3.45,56000,3.6,7000,0,224000
FEDERALBNK30JAN2088PE.NFO,07/01/2020,12:46:08,3.75,3.5,21000,3.65,7000,0,224000
FEDERALBNK30JAN2088PE.NFO,07/01/2020,12:46:11,3.75,3.5,7000,3.6,7000,0,224000
FEDERALBNK30JAN2088PE.NFO,07/01/2020,12:46:14,3.75,3.45,56000,3.6,7000,0,224000
FEDERALBNK30JAN2088PE.NFO,07/01/2020,12:46:21,3.75,3.45,49000,3.6,7000,0,224000
FEDERALBNK30JAN2088PE.NFO,07/01/2020,12:46:29,3.75,3.45,35000,3.6,7000,0,224000
FEDERALBNK30JAN2088PE.NFO,07/01/2020,12:46:38,3.75,3.45,28000,3.6,7000,0,224000
FEDERALBNK30JAN2088PE.NFO,07/01/2020,12:46:48,3.75,3.45,28000,3.55,7000,0,224000
FEDERALBNK30JAN2088PE.NFO,07/01/2020,12:46:51,3.75,3.45,35000,3.6,7000,0,224000
FEDERALBNK30JAN2088PE.NFO,07/01/2020,12:47:00,3.75,3.45,35000,3.55,7000,0,224000
FEDERALBNK30JAN2088PE.NFO,07/01/2020,12:47:11,3.75,3.45,42000,3.55,7000,0,224000
FEDERALBNK30JAN2088PE.NFO,07/01/2020,12:48:04,3.75,3.45,28000,3.55,7000,0,224000
FEDERALBNK30JAN2088PE.NFO,07/01/2020,12:48:09,3.75,3.4,63000,3.55,7000,0,224000
FEDERALBNK30JAN2088PE.NFO,07/01/2020,12:48:42,3.75,3.4,56000,3.55,7000,0,224000
FEDERALBNK30JAN2088PE.NFO,07/01/2020,12:48:57,3.75,3.4,63000,3.55,7000,0,224000
FEDERALBNK30JAN2088PE.NFO,07/01/2020,12:49:00,3.75,3.4,56000,3.55,7000,0,224000
FEDERALBNK30JAN2088PE.NFO,07/01/2020,12:50:17,3.75,3.4,56000,3.5,7000,0,224000
FEDERALBNK30JAN2088PE.NFO,07/01/2020,12:51:27,3.75,3.4,56000,3.55,7000,0,224000
FEDERALBNK30JAN2088PE.NFO,07/01/2020,12:52:09,3.75,3.45,21000,3.55,7000,0,224000
FEDERALBNK30JAN2088PE.NFO,07/01/2020,12:52:22,3.75,3.45,35000,3.55,7000,0,224000
FEDERALBNK30JAN2088PE.NFO,07/01/2020,12:53:07,3.75,3.45,42000,3.6,7000,0,224000
FEDERALBNK30JAN2088PE.NFO,07/01/2020,12:53:13,3.75,3.5,7000,3.6,7000,0,224000
FEDERALBNK30JAN2088PE.NFO,07/01/2020,12:53:21,3.75,3.45,49000,3.6,7000,0,224000
FEDERALBNK30JAN2088PE.NFO,07/01/2020,12:53:40,3.75,3.45,42000,3.6,7000,0,224000
FEDERALBNK30JAN2088PE.NFO,07/01/2020,12:53:49,3.75,3.45,35000,3.6,7000,0,224000
FEDERALBNK30JAN2088PE.NFO,07/01/2020,12:53:51,3.75,3.45,35000,3.55,7000,0,224000
FEDERALBNK30JAN2088PE.NFO,07/01/2020,12:54:03,3.75,3.45,21000,3.55,7000,0,224000
FEDERALBNK30JAN2088PE.NFO,07/01/2020,12:54:53,3.75,3.45,14000,3.55,7000,0,224000
FEDERALBNK30JAN2088PE.NFO,07/01/2020,12:55:53,3.75,3.4,42000,3.5,7000,0,224000
FEDERALBNK30JAN2088PE.NFO,07/01/2020,12:55:55,3.75,3.4,28000,3.5,7000,0,224000
FEDERALBNK30JAN2088PE.NFO,07/01/2020,12:56:39,3.75,3.4,35000,3.55,7000,0,224000
FEDERALBNK30JAN2088PE.NFO,07/01/2020,12:56:45,3.75,3.4,42000,3.55,7000,0,224000
FEDERALBNK30JAN2088PE.NFO,07/01/2020,12:56:55,3.75,3.45,7000,3.55,7000,0,224000
FEDERALBNK30JAN2088PE.NFO,07/01/2020,12:57:25,3.75,3.45,28000,3.55,7000,0,224000
FEDERALBNK30JAN2088PE.NFO,07/01/2020,12:57:48,3.75,3.5,7000,3.6,7000,0,224000
FEDERALBNK30JAN2088PE.NFO,07/01/2020,12:57:52,3.75,3.45,28000,3.55,7000,0,224000
FEDERALBNK30JAN2088PE.NFO,07/01/2020,12:58:03,3.75,3.45,28000,3.6,7000,0,224000
FEDERALBNK30JAN2088PE.NFO,07/01/2020,12:58:13,3.75,3.5,7000,3.6,7000,0,224000
FEDERALBNK30JAN2088PE.NFO,07/01/2020,12:58:29,3.75,3.45,28000,3.55,7000,0,224000
FEDERALBNK30JAN2088PE.NFO,07/01/2020,12:58:49,3.75,3.45,28000,3.6,7000,0,224000
FEDERALBNK30JAN2088PE.NFO,07/01/2020,12:58:57,3.75,3.5,7000,3.6,7000,0,224000
FEDERALBNK30JAN2088PE.NFO,07/01/2020,12:59:55,3.75,3.5,28000,3.65,7000,0,224000
FEDERALBNK30JAN2088PE.NFO,07/01/2020,13:00:25,3.75,3.55,7000,3.65,7000,0,224000
FEDERALBNK30JAN2088PE.NFO,07/01/2020,13:00:40,3.75,3.55,28000,3.7,7000,0,224000
FEDERALBNK30JAN2088PE.NFO,07/01/2020,13:00:45,3.75,3.55,7000,3.65,7000,0,224000
FEDERALBNK30JAN2088PE.NFO,07/01/2020,13:01:05,3.75,3.55,28000,3.7,7000,0,224000
FEDERALBNK30JAN2088PE.NFO,07/01/2020,13:01:23,3.75,3.55,28000,3.65,7000,0,224000
FEDERALBNK30JAN2088PE.NFO,07/01/2020,13:01:29,3.75,3.55,28000,3.7,7000,0,224000
FEDERALBNK30JAN2088PE.NFO,07/01/2020,13:01:56,3.75,3.6,21000,3.75,14000,0,224000
FEDERALBNK30JAN2088PE.NFO,07/01/2020,13:02:02,3.75,3.55,28000,3.7,7000,0,224000
FEDERALBNK30JAN2088PE.NFO,07/01/2020,13:02:17,3.75,3.55,35000,3.7,7000,0,224000
FEDERALBNK30JAN2088PE.NFO,07/01/2020,13:02:26,3.75,3.6,35000,3.75,7000,0,224000
FEDERALBNK30JAN2088PE.NFO,07/01/2020,13:02:31,3.75,3.6,28000,3.75,7000,0,224000
FEDERALBNK30JAN2088PE.NFO,07/01/2020,13:02:46,3.75,3.6,7000,3.7,7000,0,224000
FEDERALBNK30JAN2088PE.NFO,07/01/2020,13:02:54,3.75,3.55,28000,3.7,7000,0,224000
FEDERALBNK30JAN2088PE.NFO,07/01/2020,13:03:07,3.75,3.6,21000,3.75,7000,0,224000
FEDERALBNK30JAN2088PE.NFO,07/01/2020,13:03:31,3.75,3.6,14000,3.7,7000,0,224000
FEDERALBNK30JAN2088PE.NFO,07/01/2020,13:03:34,3.75,3.65,7000,3.75,7000,0,224000
FEDERALBNK30JAN2088PE.NFO,07/01/2020,13:04:46,3.75,3.65,14000,3.75,7000,0,224000
FEDERALBNK30JAN2088PE.NFO,07/01/2020,13:04:53,3.75,3.65,7000,3.75,7000,0,224000
FEDERALBNK30JAN2088PE.NFO,07/01/2020,13:06:35,3.75,3.65,21000,3.75,7000,0,224000
FEDERALBNK30JAN2088PE.NFO,07/01/2020,13:07:09,3.75,3.65,14000,3.75,7000,0,224000
FEDERALBNK30JAN2088PE.NFO,07/01/2020,13:07:52,3.75,3.7,7000,3.8,7000,0,224000
FEDERALBNK30JAN2088PE.NFO,07/01/2020,13:08:02,3.75,3.65,21000,3.75,7000,0,224000
FEDERALBNK30JAN2088PE.NFO,07/01/2020,13:08:08,3.75,3.7,7000,3.8,7000,0,224000
FEDERALBNK30JAN2088PE.NFO,07/01/2020,13:08:34,3.75,3.7,21000,3.8,7000,0,224000
FEDERALBNK30JAN2088PE.NFO,07/01/2020,13:08:47,3.75,3.75,7000,3.8,7000,0,224000
FEDERALBNK30JAN2088PE.NFO,07/01/2020,13:09:09,3.75,3.7,21000,3.8,7000,0,224000
FEDERALBNK30JAN2088PE.NFO,07/01/2020,13:09:46,3.75,3.75,7000,3.8,7000,0,224000
FEDERALBNK30JAN2088PE.NFO,07/01/2020,13:09:53,3.75,3.7,21000,3.8,7000,0,224000
FEDERALBNK30JAN2088PE.NFO,07/01/2020,13:10:25,3.75,3.75,7000,3.8,7000,0,224000
FEDERALBNK30JAN2088PE.NFO,07/01/2020,13:10:30,3.75,3.7,21000,3.8,7000,0,224000
FEDERALBNK30JAN2088PE.NFO,07/01/2020,13:10:52,3.75,3.75,14000,3.85,7000,0,224000
FEDERALBNK30JAN2088PE.NFO,07/01/2020,13:11:09,3.75,3.75,21000,3.85,7000,0,224000
FEDERALBNK30JAN2088PE.NFO,07/01/2020,13:11:19,3.75,3.75,14000,3.85,7000,0,224000
FEDERALBNK30JAN2088PE.NFO,07/01/2020,13:11:28,3.75,3.75,14000,4.05,7000,0,224000
FEDERALBNK30JAN2088PE.NFO,07/01/2020,13:11:32,3.75,3.75,14000,3.9,7000,0,224000
FEDERALBNK30JAN2088PE.NFO,07/01/2020,13:11:37,3.75,3.75,14000,4,14000,0,224000
FEDERALBNK30JAN2088PE.NFO,07/01/2020,13:11:50,3.75,3.75,21000,3.9,7000,0,224000
FEDERALBNK30JAN2088PE.NFO,07/01/2020,13:12:05,3.75,3.7,21000,3.9,14000,0,224000
FEDERALBNK30JAN2088PE.NFO,07/01/2020,13:12:21,3.75,3.7,21000,3.95,14000,0,224000
FEDERALBNK30JAN2088PE.NFO,07/01/2020,13:12:43,3.75,3.7,21000,3.95,7000,0,224000
FEDERALBNK30JAN2088PE.NFO,07/01/2020,13:12:52,3.75,3.75,21000,3.95,7000,0,224000
FEDERALBNK30JAN2088PE.NFO,07/01/2020,13:12:56,3.75,3.7,21000,3.95,7000,0,224000
FEDERALBNK30JAN2088PE.NFO,07/01/2020,13:13:16,3.75,3.75,21000,3.95,7000,0,224000
FEDERALBNK30JAN2088PE.NFO,07/01/2020,13:13:20,3.75,3.7,28000,3.95,7000,0,224000
FEDERALBNK30JAN2088PE.NFO,07/01/2020,13:13:27,3.75,3.75,7000,3.95,7000,0,224000
FEDERALBNK30JAN2088PE.NFO,07/01/2020,13:13:40,3.75,3.7,28000,3.95,7000,0,224000
FEDERALBNK30JAN2088PE.NFO,07/01/2020,13:13:48,3.75,3.75,28000,4,7000,0,224000
FEDERALBNK30JAN2088PE.NFO,07/01/2020,13:13:54,3.75,3.75,49000,4,14000,0,224000
FEDERALBNK30JAN2088PE.NFO,07/01/2020,13:14:14,3.75,3.8,7000,4,14000,0,224000
FEDERALBNK30JAN2088PE.NFO,07/01/2020,13:14:25,3.75,3.8,7000,3.95,7000,0,224000
FEDERALBNK30JAN2088PE.NFO,07/01/2020,13:14:29,3.75,3.75,21000,3.9,7000,0,224000
FEDERALBNK30JAN2088PE.NFO,07/01/2020,13:14:36,3.75,3.75,21000,4.05,7000,0,224000
FEDERALBNK30JAN2088PE.NFO,07/01/2020,13:14:43,3.75,3.75,21000,3.95,7000,0,224000
FEDERALBNK30JAN2088PE.NFO,07/01/2020,13:15:00,3.75,3.75,28000,3.95,7000,0,224000
FEDERALBNK30JAN2088PE.NFO,07/01/2020,13:15:06,3.75,3.8,14000,3.95,7000,0,224000
FEDERALBNK30JAN2088PE.NFO,07/01/2020,13:15:14,3.75,3.8,7000,4.05,14000,0,224000
FEDERALBNK30JAN2088PE.NFO,07/01/2020,13:15:21,3.75,3.75,14000,4,7000,0,224000
FEDERALBNK30JAN2088PE.NFO,07/01/2020,13:15:28,3.75,3.75,21000,4.1,21000,0,224000
FEDERALBNK30JAN2088PE.NFO,07/01/2020,13:15:34,3.75,3.75,21000,4.1,35000,0,224000
FEDERALBNK30JAN2088PE.NFO,07/01/2020,13:15:53,3.75,3.75,21000,4.1,28000,0,224000
FEDERALBNK30JAN2088PE.NFO,07/01/2020,13:16:02,3.75,3.8,7000,4.05,7000,0,224000
FEDERALBNK30JAN2088PE.NFO,07/01/2020,13:16:08,3.75,3.75,14000,4.05,7000,0,224000
FEDERALBNK30JAN2088PE.NFO,07/01/2020,13:16:13,3.75,3.75,7000,4,14000,0,224000
FEDERALBNK30JAN2088PE.NFO,07/01/2020,13:16:34,3.75,3.75,14000,4,14000,0,224000
FEDERALBNK30JAN2088PE.NFO,07/01/2020,13:16:38,3.75,3.75,7000,3.95,7000,0,224000
FEDERALBNK30JAN2088PE.NFO,07/01/2020,13:16:48,3.75,3.75,21000,4,14000,0,224000
FEDERALBNK30JAN2088PE.NFO,07/01/2020,13:16:54,3.75,3.8,7000,4,7000,0,224000
FEDERALBNK30JAN2088PE.NFO,07/01/2020,13:16:59,3.75,3.8,14000,4,7000,0,224000
FEDERALBNK30JAN2088PE.NFO,07/01/2020,13:17:10,3.75,3.8,7000,4,7000,0,224000
FEDERALBNK30JAN2088PE.NFO,07/01/2020,13:17:25,3.75,3.8,14000,4,7000,0,224000
FEDERALBNK30JAN2088PE.NFO,07/01/2020,13:17:31,3.75,3.8,21000,4.05,14000,0,224000
FEDERALBNK30JAN2088PE.NFO,07/01/2020,13:17:43,3.75,3.8,14000,4,7000,0,224000
FEDERALBNK30JAN2088PE.NFO,07/01/2020,13:17:48,3.75,3.8,21000,4,7000,0,224000
FEDERALBNK30JAN2088PE.NFO,07/01/2020,13:17:54,3.75,3.8,21000,4.05,14000,0,224000
FEDERALBNK30JAN2088PE.NFO,07/01/2020,13:18:17,3.75,3.8,14000,4.05,7000,0,224000
FEDERALBNK30JAN2088PE.NFO,07/01/2020,13:18:22,3.75,3.8,21000,4.05,7000,0,224000
FEDERALBNK30JAN2088PE.NFO,07/01/2020,13:19:10,3.75,3.75,14000,4.05,7000,0,224000
FEDERALBNK30JAN2088PE.NFO,07/01/2020,13:19:36,3.75,3.8,7000,4.05,7000,0,224000
FEDERALBNK30JAN2088PE.NFO,07/01/2020,13:20:16,3.75,3.75,7000,3.95,14000,0,224000
FEDERALBNK30JAN2088PE.NFO,07/01/2020,13:20:21,3.75,3.75,14000,3.95,14000,0,224000
FEDERALBNK30JAN2088PE.NFO,07/01/2020,13:20:44,3.75,3.75,14000,3.9,14000,0,224000
FEDERALBNK30JAN2088PE.NFO,07/01/2020,13:20:51,3.75,3.75,14000,3.95,14000,0,224000
FEDERALBNK30JAN2088PE.NFO,07/01/2020,13:21:01,3.75,3.75,14000,3.95,7000,0,224000
FEDERALBNK30JAN2088PE.NFO,07/01/2020,13:21:06,3.75,3.8,7000,4.05,7000,0,224000
FEDERALBNK30JAN2088PE.NFO,07/01/2020,13:21:18,3.75,3.8,21000,4.05,7000,0,224000
FEDERALBNK30JAN2088PE.NFO,07/01/2020,13:21:26,3.75,3.8,21000,4.1,7000,0,224000
FEDERALBNK30JAN2088PE.NFO,07/01/2020,13:21:35,3.75,3.8,21000,4.05,7000,0,224000
FEDERALBNK30JAN2088PE.NFO,07/01/2020,13:22:39,3.75,3.8,21000,4.1,7000,0,224000
FEDERALBNK30JAN2088PE.NFO,07/01/2020,13:23:01,3.75,3.85,14000,4.1,7000,0,224000
FEDERALBNK30JAN2088PE.NFO,07/01/2020,13:23:06,3.75,3.85,21000,4.1,7000,0,224000
FEDERALBNK30JAN2088PE.NFO,07/01/2020,13:23:15,3.75,3.85,7000,4.1,7000,0,224000
FEDERALBNK30JAN2088PE.NFO,07/01/2020,13:23:20,3.75,3.85,7000,4.05,7000,0,224000
FEDERALBNK30JAN2088PE.NFO,07/01/2020,13:23:30,3.75,3.8,14000,4.05,7000,0,224000
FEDERALBNK30JAN2088PE.NFO,07/01/2020,13:23:59,3.75,3.8,14000,4.1,14000,0,224000
FEDERALBNK30JAN2088PE.NFO,07/01/2020,13:24:32,3.75,3.8,7000,4.1,35000,0,224000
FEDERALBNK30JAN2088PE.NFO,07/01/2020,13:24:51,3.75,3.8,7000,4.1,63000,0,224000
FEDERALBNK30JAN2088PE.NFO,07/01/2020,13:24:57,3.75,3.8,7000,4.05,14000,0,224000
FEDERALBNK30JAN2088PE.NFO,07/01/2020,13:25:32,3.75,3.8,7000,4,7000,0,224000
FEDERALBNK30JAN2088PE.NFO,07/01/2020,13:26:04,3.75,3.8,7000,3.95,7000,0,224000
FEDERALBNK30JAN2088PE.NFO,07/01/2020,13:26:08,3.75,3.75,7000,3.95,7000,0,224000
FEDERALBNK30JAN2088PE.NFO,07/01/2020,13:26:13,3.75,3.75,7000,3.9,14000,0,224000
FEDERALBNK30JAN2088PE.NFO,07/01/2020,13:26:38,3.75,3.7,7000,3.8,14000,0,224000
FEDERALBNK30JAN2088PE.NFO,07/01/2020,13:26:47,3.75,3.7,7000,3.8,7000,0,224000
FEDERALBNK30JAN2088PE.NFO,07/01/2020,13:26:54,3.75,3.7,14000,3.85,7000,0,224000
FEDERALBNK30JAN2088PE.NFO,07/01/2020,13:26:59,3.75,3.7,7000,3.85,7000,0,224000
FEDERALBNK30JAN2088PE.NFO,07/01/2020,13:27:04,3.75,3.7,7000,3.8,7000,0,224000
FEDERALBNK30JAN2088PE.NFO,07/01/2020,13:27:32,3.75,3.7,14000,3.85,14000,0,224000
FEDERALBNK30JAN2088PE.NFO,07/01/2020,13:27:59,3.75,3.75,7000,3.9,14000,0,224000
FEDERALBNK30JAN2088PE.NFO,07/01/2020,13:28:53,3.75,3.75,21000,3.9,7000,0,224000
FEDERALBNK30JAN2088PE.NFO,07/01/2020,13:29:13,3.75,3.75,14000,3.9,7000,0,224000
FEDERALBNK30JAN2088PE.NFO,07/01/2020,13:29:19,3.75,3.75,21000,3.9,7000,0,224000
FEDERALBNK30JAN2088PE.NFO,07/01/2020,13:29:32,3.75,3.8,7000,3.95,14000,0,224000
FEDERALBNK30JAN2088PE.NFO,07/01/2020,13:29:46,3.75,3.8,7000,3.95,21000,0,224000
FEDERALBNK30JAN2088PE.NFO,07/01/2020,13:29:52,3.75,3.8,7000,3.95,14000,0,224000
FEDERALBNK30JAN2088PE.NFO,07/01/2020,13:29:59,3.75,3.8,7000,3.95,21000,0,224000
FEDERALBNK30JAN2088PE.NFO,07/01/2020,13:30:06,3.75,3.8,7000,3.95,14000,0,224000
FEDERALBNK30JAN2088PE.NFO,07/01/2020,13:30:11,3.75,3.8,7000,3.95,21000,0,224000
FEDERALBNK30JAN2088PE.NFO,07/01/2020,13:30:31,3.75,3.85,14000,4,14000,0,224000
FEDERALBNK30JAN2088PE.NFO,07/01/2020,13:30:54,3.75,3.85,7000,4,14000,0,224000
FEDERALBNK30JAN2088PE.NFO,07/01/2020,13:31:07,3.75,3.85,7000,4,7000,0,224000
FEDERALBNK30JAN2088PE.NFO,07/01/2020,13:31:13,3.75,3.85,7000,4,14000,0,224000
FEDERALBNK30JAN2088PE.NFO,07/01/2020,13:31:19,3.75,3.85,7000,4,7000,0,224000
FEDERALBNK30JAN2088PE.NFO,07/01/2020,13:31:30,4,3.9,7000,4.15,7000,7000,224000
FEDERALBNK30JAN2088PE.NFO,07/01/2020,13:31:30,4,3.9,7000,4.15,7000,0,224000
FEDERALBNK30JAN2088PE.NFO,07/01/2020,13:31:37,4,3.9,7000,4.15,21000,0,224000
FEDERALBNK30JAN2088PE.NFO,07/01/2020,13:31:43,4,3.9,7000,4.15,7000,0,224000
FEDERALBNK30JAN2088PE.NFO,07/01/2020,13:31:50,4,3.85,7000,4.05,7000,0,224000
FEDERALBNK30JAN2088PE.NFO,07/01/2020,13:31:58,4,3.8,7000,3.9,14000,0,224000
FEDERALBNK30JAN2088PE.NFO,07/01/2020,13:32:05,4,3.8,7000,3.95,14000,0,224000
FEDERALBNK30JAN2088PE.NFO,07/01/2020,13:32:12,4,3.8,7000,3.95,7000,0,224000
FEDERALBNK30JAN2088PE.NFO,07/01/2020,13:32:18,4,3.85,14000,4,7000,0,224000
FEDERALBNK30JAN2088PE.NFO,07/01/2020,13:32:38,4,3.8,7000,3.95,7000,0,224000
FEDERALBNK30JAN2088PE.NFO,07/01/2020,13:32:51,4,3.85,7000,4,14000,0,224000
FEDERALBNK30JAN2088PE.NFO,07/01/2020,13:32:57,4,3.85,7000,4,21000,0,224000
FEDERALBNK30JAN2088PE.NFO,07/01/2020,13:33:16,4,3.85,7000,4,14000,0,224000
FEDERALBNK30JAN2088PE.NFO,07/01/2020,13:33:26,4,3.85,14000,4,14000,0,224000
FEDERALBNK30JAN2088PE.NFO,07/01/2020,13:33:42,4,3.85,7000,3.95,7000,0,224000
FEDERALBNK30JAN2088PE.NFO,07/01/2020,13:33:47,4,3.85,14000,4,7000,0,224000
FEDERALBNK30JAN2088PE.NFO,07/01/2020,13:33:53,4,3.85,14000,4,14000,0,224000
FEDERALBNK30JAN2088PE.NFO,07/01/2020,13:33:59,4,3.85,14000,4,7000,0,224000
FEDERALBNK30JAN2088PE.NFO,07/01/2020,13:34:04,4,3.85,14000,4,14000,0,224000
FEDERALBNK30JAN2088PE.NFO,07/01/2020,13:34:14,4,3.85,28000,4.05,21000,0,224000
FEDERALBNK30JAN2088PE.NFO,07/01/2020,13:34:19,4,3.85,14000,4,7000,0,224000
FEDERALBNK30JAN2088PE.NFO,07/01/2020,13:34:29,4,3.85,21000,4,7000,0,224000
FEDERALBNK30JAN2088PE.NFO,07/01/2020,13:34:58,4,3.85,14000,4,7000,0,224000
FEDERALBNK30JAN2088PE.NFO,07/01/2020,13:35:04,4,3.8,7000,3.95,7000,0,224000
FEDERALBNK30JAN2088PE.NFO,07/01/2020,13:35:11,4,3.85,7000,3.95,7000,0,224000
FEDERALBNK30JAN2088PE.NFO,07/01/2020,13:35:53,4,3.85,14000,4,7000,0,224000
FEDERALBNK30JAN2088PE.NFO,07/01/2020,13:36:06,4,3.85,7000,3.95,7000,0,224000
FEDERALBNK30JAN2088PE.NFO,07/01/2020,13:37:02,4,3.8,7000,3.9,7000,0,224000
FEDERALBNK30JAN2088PE.NFO,07/01/2020,13:37:08,4,3.8,14000,3.9,7000,0,224000
FEDERALBNK30JAN2088PE.NFO,07/01/2020,13:37:17,4,3.8,14000,3.95,7000,0,224000
FEDERALBNK30JAN2088PE.NFO,07/01/2020,13:37:22,4,3.8,21000,3.95,7000,0,224000
FEDERALBNK30JAN2088PE.NFO,07/01/2020,13:38:05,4,3.8,7000,3.95,7000,0,224000
FEDERALBNK30JAN2088PE.NFO,07/01/2020,13:38:12,4,3.75,21000,3.95,7000,0,224000
FEDERALBNK30JAN2088PE.NFO,07/01/2020,13:38:24,4,3.8,7000,3.95,7000,0,224000
FEDERALBNK30JAN2088PE.NFO,07/01/2020,13:38:35,4,3.8,21000,4,14000,0,224000
FEDERALBNK30JAN2088PE.NFO,07/01/2020,13:38:40,4,3.8,7000,4,14000,0,224000
FEDERALBNK30JAN2088PE.NFO,07/01/2020,13:38:57,4,3.8,21000,4,14000,0,224000
FEDERALBNK30JAN2088PE.NFO,07/01/2020,13:39:07,4,3.75,21000,3.95,14000,0,224000
FEDERALBNK30JAN2088PE.NFO,07/01/2020,13:39:16,4,3.75,7000,3.95,14000,0,224000
FEDERALBNK30JAN2088PE.NFO,07/01/2020,13:39:19,4,3.75,14000,3.9,7000,0,224000
FEDERALBNK30JAN2088PE.NFO,07/01/2020,13:39:42,4,3.75,28000,3.9,7000,0,224000
FEDERALBNK30JAN2088PE.NFO,07/01/2020,13:39:48,4,3.75,35000,3.95,14000,0,224000
FEDERALBNK30JAN2088PE.NFO,07/01/2020,13:39:56,4,3.75,28000,3.95,14000,0,224000
FEDERALBNK30JAN2088PE.NFO,07/01/2020,13:40:00,4,3.75,35000,3.95,14000,0,224000
FEDERALBNK30JAN2088PE.NFO,07/01/2020,13:40:31,4,3.8,14000,3.95,7000,0,224000
FEDERALBNK30JAN2088PE.NFO,07/01/2020,13:40:42,4,3.8,21000,3.95,7000,0,224000
FEDERALBNK30JAN2088PE.NFO,07/01/2020,13:40:47,4,3.75,21000,3.95,14000,0,224000
FEDERALBNK30JAN2088PE.NFO,07/01/2020,13:40:52,4,3.75,14000,3.95,14000,0,224000
FEDERALBNK30JAN2088PE.NFO,07/01/2020,13:40:58,4,3.75,21000,3.95,14000,0,224000
FEDERALBNK30JAN2088PE.NFO,07/01/2020,13:41:55,4,3.8,21000,4,14000,0,224000
FEDERALBNK30JAN2088PE.NFO,07/01/2020,13:42:00,4,3.8,28000,4,14000,0,224000
FEDERALBNK30JAN2088PE.NFO,07/01/2020,13:42:05,4,3.8,21000,4,14000,0,224000
FEDERALBNK30JAN2088PE.NFO,07/01/2020,13:42:21,4,3.75,14000,4,14000,0,224000
FEDERALBNK30JAN2088PE.NFO,07/01/2020,13:42:28,4,3.75,21000,4,14000,0,224000
FEDERALBNK30JAN2088PE.NFO,07/01/2020,13:42:57,4,3.75,14000,4,14000,0,224000
FEDERALBNK30JAN2088PE.NFO,07/01/2020,13:43:04,4,3.75,28000,4,14000,0,224000
FEDERALBNK30JAN2088PE.NFO,07/01/2020,13:44:28,4,3.75,28000,3.9,7000,0,224000
FEDERALBNK30JAN2088PE.NFO,07/01/2020,13:44:46,4,3.75,35000,3.9,7000,0,224000
FEDERALBNK30JAN2088PE.NFO,07/01/2020,13:44:51,4,3.75,35000,3.95,7000,0,224000
FEDERALBNK30JAN2088PE.NFO,07/01/2020,13:45:08,4,3.75,21000,3.95,14000,0,224000
FEDERALBNK30JAN2088PE.NFO,07/01/2020,13:45:14,4,3.75,21000,3.9,14000,0,224000
FEDERALBNK30JAN2088PE.NFO,07/01/2020,13:45:20,4,3.75,21000,3.9,7000,0,224000
FEDERALBNK30JAN2088PE.NFO,07/01/2020,13:45:25,4,3.75,7000,3.9,14000,0,224000
FEDERALBNK30JAN2088PE.NFO,07/01/2020,13:45:43,4,3.7,14000,3.9,14000,0,224000
FEDERALBNK30JAN2088PE.NFO,07/01/2020,13:45:55,4,3.7,21000,3.9,14000,0,224000
FEDERALBNK30JAN2088PE.NFO,07/01/2020,13:45:59,4,3.75,7000,3.9,14000,0,224000
FEDERALBNK30JAN2088PE.NFO,07/01/2020,13:46:43,4,3.7,21000,3.85,14000,0,224000
FEDERALBNK30JAN2088PE.NFO,07/01/2020,13:46:52,4,3.7,7000,3.85,14000,0,224000
FEDERALBNK30JAN2088PE.NFO,07/01/2020,13:46:59,4,3.7,21000,3.85,7000,0,224000
FEDERALBNK30JAN2088PE.NFO,07/01/2020,13:47:06,4,3.7,7000,3.8,14000,0,224000
FEDERALBNK30JAN2088PE.NFO,07/01/2020,13:47:19,4,3.65,7000,3.75,7000,0,224000
FEDERALBNK30JAN2088PE.NFO,07/01/2020,13:47:24,4,3.65,14000,3.8,14000,0,224000
FEDERALBNK30JAN2088PE.NFO,07/01/2020,13:47:30,4,3.65,7000,3.75,7000,0,224000
FEDERALBNK30JAN2088PE.NFO,07/01/2020,13:47:35,4,3.65,14000,3.8,14000,0,224000
FEDERALBNK30JAN2088PE.NFO,07/01/2020,13:47:40,4,3.65,7000,3.75,7000,0,224000
FEDERALBNK30JAN2088PE.NFO,07/01/2020,13:47:44,4,3.65,7000,3.75,14000,0,224000
FEDERALBNK30JAN2088PE.NFO,07/01/2020,13:48:11,4,3.6,14000,3.75,14000,0,224000
FEDERALBNK30JAN2088PE.NFO,07/01/2020,13:48:42,4,3.65,7000,3.75,14000,0,224000
FEDERALBNK30JAN2088PE.NFO,07/01/2020,13:48:47,4,3.6,14000,3.75,14000,0,224000
FEDERALBNK30JAN2088PE.NFO,07/01/2020,13:48:53,4,3.6,7000,3.75,14000,0,224000
FEDERALBNK30JAN2088PE.NFO,07/01/2020,13:49:04,4,3.6,7000,3.7,14000,0,224000
FEDERALBNK30JAN2088PE.NFO,07/01/2020,13:49:55,4,3.6,7000,3.7,28000,0,224000
FEDERALBNK30JAN2088PE.NFO,07/01/2020,13:50:02,4,3.55,14000,3.7,21000,0,224000
FEDERALBNK30JAN2088PE.NFO,07/01/2020,13:50:19,4,3.5,14000,3.6,7000,0,224000
FEDERALBNK30JAN2088PE.NFO,07/01/2020,13:50:27,4,3.5,7000,3.55,7000,0,224000
FEDERALBNK30JAN2088PE.NFO,07/01/2020,13:50:33,4,3.5,14000,3.6,21000,0,224000
FEDERALBNK30JAN2088PE.NFO,07/01/2020,13:50:38,4,3.5,14000,3.6,14000,0,224000
FEDERALBNK30JAN2088PE.NFO,07/01/2020,13:50:46,4,3.5,7000,3.6,14000,0,224000
FEDERALBNK30JAN2088PE.NFO,07/01/2020,13:50:53,4,3.5,28000,3.6,14000,0,224000
FEDERALBNK30JAN2088PE.NFO,07/01/2020,13:50:59,4,3.5,7000,3.6,14000,0,224000
FEDERALBNK30JAN2088PE.NFO,07/01/2020,13:51:06,4,3.45,21000,3.55,7000,0,224000
FEDERALBNK30JAN2088PE.NFO,07/01/2020,13:51:12,4,3.5,7000,3.6,14000,0,224000
FEDERALBNK30JAN2088PE.NFO,07/01/2020,13:51:18,4,3.5,21000,3.6,7000,0,224000
FEDERALBNK30JAN2088PE.NFO,07/01/2020,13:51:33,4,3.5,14000,3.6,7000,0,224000
FEDERALBNK30JAN2088PE.NFO,07/01/2020,13:51:43,4,3.5,21000,3.6,7000,0,224000
FEDERALBNK30JAN2088PE.NFO,07/01/2020,13:51:54,4,3.5,14000,3.65,14000,0,224000
FEDERALBNK30JAN2088PE.NFO,07/01/2020,13:52:18,4,3.5,7000,3.65,7000,0,224000
FEDERALBNK30JAN2088PE.NFO,07/01/2020,13:52:27,4,3.5,7000,3.65,14000,0,224000
FEDERALBNK30JAN2088PE.NFO,07/01/2020,13:52:31,4,3.55,14000,3.65,7000,0,224000
FEDERALBNK30JAN2088PE.NFO,07/01/2020,13:52:39,4,3.5,7000,3.65,21000,0,224000
FEDERALBNK30JAN2088PE.NFO,07/01/2020,13:52:44,4,3.5,7000,3.6,7000,0,224000
FEDERALBNK30JAN2088PE.NFO,07/01/2020,13:52:53,4,3.5,7000,3.65,21000,0,224000
FEDERALBNK30JAN2088PE.NFO,07/01/2020,13:52:58,4,3.5,7000,3.65,14000,0,224000
FEDERALBNK30JAN2088PE.NFO,07/01/2020,13:53:10,4,3.5,7000,3.65,7000,0,224000
FEDERALBNK30JAN2088PE.NFO,07/01/2020,13:53:30,4,3.55,7000,3.65,7000,0,224000
FEDERALBNK30JAN2088PE.NFO,07/01/2020,13:53:38,4,3.55,7000,3.7,14000,0,224000
FEDERALBNK30JAN2088PE.NFO,07/01/2020,13:53:44,4,3.6,7000,3.7,7000,0,224000
FEDERALBNK30JAN2088PE.NFO,07/01/2020,13:53:52,4,3.55,7000,3.7,7000,0,224000
FEDERALBNK30JAN2088PE.NFO,07/01/2020,13:54:09,4,3.6,7000,3.7,7000,0,224000
FEDERALBNK30JAN2088PE.NFO,07/01/2020,13:55:05,4,3.55,7000,3.65,7000,0,224000
FEDERALBNK30JAN2088PE.NFO,07/01/2020,13:55:32,4,3.5,7000,3.65,14000,0,224000
FEDERALBNK30JAN2088PE.NFO,07/01/2020,13:55:50,4,3.5,7000,3.65,7000,0,224000
FEDERALBNK30JAN2088PE.NFO,07/01/2020,13:55:57,4,3.5,7000,3.6,7000,0,224000
FEDERALBNK30JAN2088PE.NFO,07/01/2020,13:56:03,4,3.55,7000,3.65,7000,0,224000
FEDERALBNK30JAN2088PE.NFO,07/01/2020,13:56:08,4,3.55,14000,3.65,7000,0,224000
FEDERALBNK30JAN2088PE.NFO,07/01/2020,13:56:43,4,3.55,21000,3.7,21000,0,224000
FEDERALBNK30JAN2088PE.NFO,07/01/2020,13:56:53,4,3.55,14000,3.65,7000,0,224000
FEDERALBNK30JAN2088PE.NFO,07/01/2020,13:57:28,4,3.55,14000,3.7,14000,0,224000
FEDERALBNK30JAN2088PE.NFO,07/01/2020,13:57:32,4,3.55,14000,3.65,7000,0,224000
FEDERALBNK30JAN2088PE.NFO,07/01/2020,13:57:38,4,3.55,14000,3.7,14000,0,224000
FEDERALBNK30JAN2088PE.NFO,07/01/2020,13:57:53,4,3.55,14000,3.65,7000,0,224000
FEDERALBNK30JAN2088PE.NFO,07/01/2020,13:58:28,4,3.6,14000,3.7,7000,0,224000
FEDERALBNK30JAN2088PE.NFO,07/01/2020,13:59:07,4,3.6,7000,3.7,7000,0,224000
FEDERALBNK30JAN2088PE.NFO,07/01/2020,14:00:19,4,3.6,14000,3.7,7000,0,224000
FEDERALBNK30JAN2088PE.NFO,07/01/2020,14:00:43,4,3.6,7000,3.7,7000,0,224000
FEDERALBNK30JAN2088PE.NFO,07/01/2020,14:00:50,4,3.55,14000,3.65,7000,0,224000
FEDERALBNK30JAN2088PE.NFO,07/01/2020,14:01:06,4,3.6,14000,3.7,14000,0,224000
FEDERALBNK30JAN2088PE.NFO,07/01/2020,14:01:19,4,3.55,21000,3.7,14000,0,224000
FEDERALBNK30JAN2088PE.NFO,07/01/2020,14:01:25,4,3.6,7000,3.7,14000,0,224000
FEDERALBNK30JAN2088PE.NFO,07/01/2020,14:01:30,4,3.55,14000,3.7,14000,0,224000
FEDERALBNK30JAN2088PE.NFO,07/01/2020,14:01:33,4,3.55,14000,3.65,7000,0,224000
FEDERALBNK30JAN2088PE.NFO,07/01/2020,14:02:43,4,3.6,7000,3.7,14000,0,224000
FEDERALBNK30JAN2088PE.NFO,07/01/2020,14:02:51,4,3.55,21000,3.7,14000,0,224000
FEDERALBNK30JAN2088PE.NFO,07/01/2020,14:02:58,4,3.55,21000,3.65,7000,0,224000
FEDERALBNK30JAN2088PE.NFO,07/01/2020,14:03:39,4,3.55,14000,3.65,7000,0,224000
FEDERALBNK30JAN2088PE.NFO,07/01/2020,14:04:00,4,3.5,28000,3.65,21000,0,224000
FEDERALBNK30JAN2088PE.NFO,07/01/2020,14:04:09,4,3.5,35000,3.65,21000,0,224000
FEDERALBNK30JAN2088PE.NFO,07/01/2020,14:05:02,4,3.5,42000,3.65,21000,0,224000
FEDERALBNK30JAN2088PE.NFO,07/01/2020,14:05:12,4,3.5,35000,3.65,21000,0,224000
FEDERALBNK30JAN2088PE.NFO,07/01/2020,14:05:35,4,3.55,14000,3.65,7000,0,224000
FEDERALBNK30JAN2088PE.NFO,07/01/2020,14:05:43,4,3.6,7000,3.7,14000,0,224000
FEDERALBNK30JAN2088PE.NFO,07/01/2020,14:06:24,4,3.6,7000,3.7,7000,0,224000
FEDERALBNK30JAN2088PE.NFO,07/01/2020,14:06:50,4,3.6,7000,3.7,14000,0,224000
FEDERALBNK30JAN2088PE.NFO,07/01/2020,14:07:18,4,3.55,21000,3.7,14000,0,224000
FEDERALBNK30JAN2088PE.NFO,07/01/2020,14:07:23,4,3.6,7000,3.7,7000,0,224000
FEDERALBNK30JAN2088PE.NFO,07/01/2020,14:07:29,4,3.6,7000,3.7,14000,0,224000
FEDERALBNK30JAN2088PE.NFO,07/01/2020,14:08:00,4,3.6,14000,3.75,14000,0,224000
FEDERALBNK30JAN2088PE.NFO,07/01/2020,14:08:07,4,3.6,14000,3.75,21000,0,224000
FEDERALBNK30JAN2088PE.NFO,07/01/2020,14:08:38,4,3.6,21000,3.75,7000,0,224000
FEDERALBNK30JAN2088PE.NFO,07/01/2020,14:08:42,4,3.65,14000,3.75,7000,0,224000
FEDERALBNK30JAN2088PE.NFO,07/01/2020,14:08:54,4,3.6,21000,3.75,7000,0,224000
FEDERALBNK30JAN2088PE.NFO,07/01/2020,14:09:08,4,3.65,14000,3.75,7000,0,224000
FEDERALBNK30JAN2088PE.NFO,07/01/2020,14:09:44,4,3.65,7000,3.75,7000,0,224000
FEDERALBNK30JAN2088PE.NFO,07/01/2020,14:09:50,4,3.6,7000,3.7,7000,0,224000
FEDERALBNK30JAN2088PE.NFO,07/01/2020,14:10:05,4,3.55,28000,3.65,7000,0,224000
FEDERALBNK30JAN2088PE.NFO,07/01/2020,14:10:11,4,3.55,28000,3.7,7000,0,224000
FEDERALBNK30JAN2088PE.NFO,07/01/2020,14:10:27,4,3.65,14000,3.75,7000,0,224000
FEDERALBNK30JAN2088PE.NFO,07/01/2020,14:10:44,4,3.65,7000,3.75,7000,0,224000
FEDERALBNK30JAN2088PE.NFO,07/01/2020,14:10:48,4,3.65,14000,3.75,7000,0,224000
FEDERALBNK30JAN2088PE.NFO,07/01/2020,14:12:10,4,3.6,21000,3.75,7000,0,224000
FEDERALBNK30JAN2088PE.NFO,07/01/2020,14:12:35,4,3.65,14000,3.75,7000,0,224000
FEDERALBNK30JAN2088PE.NFO,07/01/2020,14:12:37,4,3.65,7000,3.75,7000,0,224000
FEDERALBNK30JAN2088PE.NFO,07/01/2020,14:12:40,4,3.6,21000,3.75,7000,0,224000
FEDERALBNK30JAN2088PE.NFO,07/01/2020,14:13:17,4,3.6,14000,3.7,7000,0,224000
FEDERALBNK30JAN2088PE.NFO,07/01/2020,14:13:21,4,3.6,7000,3.7,7000,0,224000
FEDERALBNK30JAN2088PE.NFO,07/01/2020,14:13:25,4,3.55,28000,3.7,7000,0,224000
FEDERALBNK30JAN2088PE.NFO,07/01/2020,14:13:32,4,3.55,7000,3.65,7000,0,224000
FEDERALBNK30JAN2088PE.NFO,07/01/2020,14:13:39,4,3.55,21000,3.65,7000,0,224000
FEDERALBNK30JAN2088PE.NFO,07/01/2020,14:13:44,4,3.55,14000,3.65,7000,0,224000
FEDERALBNK30JAN2088PE.NFO,07/01/2020,14:14:02,4,3.55,7000,3.65,7000,0,224000
FEDERALBNK30JAN2088PE.NFO,07/01/2020,14:14:16,4,3.55,14000,3.65,7000,0,224000
FEDERALBNK30JAN2088PE.NFO,07/01/2020,14:14:21,4,3.55,21000,3.65,7000,0,224000
FEDERALBNK30JAN2088PE.NFO,07/01/2020,14:14:37,4,3.55,28000,3.7,7000,0,224000
FEDERALBNK30JAN2088PE.NFO,07/01/2020,14:14:51,4,3.6,7000,3.7,7000,0,224000
FEDERALBNK30JAN2088PE.NFO,07/01/2020,14:15:04,4,3.6,21000,3.7,7000,0,224000
FEDERALBNK30JAN2088PE.NFO,07/01/2020,14:15:14,4,3.6,7000,3.7,7000,0,224000
FEDERALBNK30JAN2088PE.NFO,07/01/2020,14:15:31,4,3.55,28000,3.7,7000,0,224000
FEDERALBNK30JAN2088PE.NFO,07/01/2020,14:15:36,4,3.55,28000,3.65,7000,0,224000
FEDERALBNK30JAN2088PE.NFO,07/01/2020,14:15:41,4,3.55,14000,3.65,7000,0,224000
FEDERALBNK30JAN2088PE.NFO,07/01/2020,14:16:06,4,3.55,21000,3.65,7000,0,224000
FEDERALBNK30JAN2088PE.NFO,07/01/2020,14:16:39,4,3.55,14000,3.65,7000,0,224000
FEDERALBNK30JAN2088PE.NFO,07/01/2020,14:16:48,4,3.55,21000,3.65,7000,0,224000
FEDERALBNK30JAN2088PE.NFO,07/01/2020,14:17:24,4,3.55,28000,3.7,7000,0,224000
FEDERALBNK30JAN2088PE.NFO,07/01/2020,14:17:34,4,3.6,7000,3.7,7000,0,224000
FEDERALBNK30JAN2088PE.NFO,07/01/2020,14:17:54,4,3.55,28000,3.65,7000,0,224000
FEDERALBNK30JAN2088PE.NFO,07/01/2020,14:18:13,4,3.55,21000,3.65,7000,0,224000
FEDERALBNK30JAN2088PE.NFO,07/01/2020,14:18:21,4,3.5,35000,3.65,7000,0,224000
FEDERALBNK30JAN2088PE.NFO,07/01/2020,14:18:28,4,3.55,21000,3.65,7000,0,224000
FEDERALBNK30JAN2088PE.NFO,07/01/2020,14:18:37,4,3.55,7000,3.65,7000,0,224000
FEDERALBNK30JAN2088PE.NFO,07/01/2020,14:18:42,4,3.55,21000,3.65,7000,0,224000
FEDERALBNK30JAN2088PE.NFO,07/01/2020,14:19:32,4,3.55,35000,3.7,7000,0,224000
FEDERALBNK30JAN2088PE.NFO,07/01/2020,14:19:38,4,3.55,28000,3.65,7000,0,224000
FEDERALBNK30JAN2088PE.NFO,07/01/2020,14:19:51,4,3.55,35000,3.7,7000,0,224000
FEDERALBNK30JAN2088PE.NFO,07/01/2020,14:20:50,4,3.55,21000,3.65,7000,0,224000
FEDERALBNK30JAN2088PE.NFO,07/01/2020,14:21:40,4,3.55,28000,3.65,7000,0,224000
FEDERALBNK30JAN2088PE.NFO,07/01/2020,14:22:22,4,3.55,35000,3.7,7000,0,224000
FEDERALBNK30JAN2088PE.NFO,07/01/2020,14:22:35,4,3.55,28000,3.65,7000,0,224000
FEDERALBNK30JAN2088PE.NFO,07/01/2020,14:22:43,4,3.55,35000,3.7,7000,0,224000
FEDERALBNK30JAN2088PE.NFO,07/01/2020,14:22:49,4,3.55,28000,3.65,7000,0,224000
FEDERALBNK30JAN2088PE.NFO,07/01/2020,14:23:10,4,3.55,28000,3.7,7000,0,224000
FEDERALBNK30JAN2088PE.NFO,07/01/2020,14:23:14,4,3.55,28000,3.65,7000,0,224000
FEDERALBNK30JAN2088PE.NFO,07/01/2020,14:23:22,4,3.55,28000,3.7,7000,0,224000
FEDERALBNK30JAN2088PE.NFO,07/01/2020,14:23:26,4,3.55,28000,3.65,7000,0,224000
FEDERALBNK30JAN2088PE.NFO,07/01/2020,14:23:39,4,3.55,28000,3.7,7000,0,224000
FEDERALBNK30JAN2088PE.NFO,07/01/2020,14:24:04,4,3.55,28000,3.65,7000,0,224000
FEDERALBNK30JAN2088PE.NFO,07/01/2020,14:24:09,4,3.6,21000,3.75,7000,0,224000
FEDERALBNK30JAN2088PE.NFO,07/01/2020,14:24:17,4,3.6,14000,3.75,21000,0,224000
FEDERALBNK30JAN2088PE.NFO,07/01/2020,14:24:24,4,3.6,7000,3.7,14000,0,224000
FEDERALBNK30JAN2088PE.NFO,07/01/2020,14:24:41,4,3.6,14000,3.7,14000,0,224000
FEDERALBNK30JAN2088PE.NFO,07/01/2020,14:25:06,4,3.6,14000,3.75,21000,0,224000
FEDERALBNK30JAN2088PE.NFO,07/01/2020,14:25:12,4,3.6,14000,3.7,14000,0,224000
FEDERALBNK30JAN2088PE.NFO,07/01/2020,14:26:13,4,3.6,28000,3.75,14000,0,224000
FEDERALBNK30JAN2088PE.NFO,07/01/2020,14:26:30,4,3.6,14000,3.75,21000,0,224000
FEDERALBNK30JAN2088PE.NFO,07/01/2020,14:26:39,4,3.6,14000,3.75,14000,0,224000
FEDERALBNK30JAN2088PE.NFO,07/01/2020,14:26:45,4,3.6,21000,3.75,14000,0,224000
FEDERALBNK30JAN2088PE.NFO,07/01/2020,14:27:09,4,3.6,14000,3.7,14000,0,224000
FEDERALBNK30JAN2088PE.NFO,07/01/2020,14:27:26,4,3.6,7000,3.7,14000,0,224000
FEDERALBNK30JAN2088PE.NFO,07/01/2020,14:27:39,4,3.55,28000,3.7,14000,0,224000
FEDERALBNK30JAN2088PE.NFO,07/01/2020,14:27:50,4,3.6,7000,3.7,14000,0,224000
FEDERALBNK30JAN2088PE.NFO,07/01/2020,14:29:09,4,3.6,14000,3.7,14000,0,224000
FEDERALBNK30JAN2088PE.NFO,07/01/2020,14:29:13,4,3.6,14000,3.7,7000,0,224000
FEDERALBNK30JAN2088PE.NFO,07/01/2020,14:29:58,4,3.6,14000,3.7,14000,0,224000
FEDERALBNK30JAN2088PE.NFO,07/01/2020,14:30:29,4,3.6,7000,3.7,14000,0,224000
FEDERALBNK30JAN2088PE.NFO,07/01/2020,14:30:37,4,3.55,21000,3.7,14000,0,224000
FEDERALBNK30JAN2088PE.NFO,07/01/2020,14:30:46,4,3.55,21000,3.65,7000,0,224000
FEDERALBNK30JAN2088PE.NFO,07/01/2020,14:30:54,4,3.55,7000,3.65,7000,0,224000
FEDERALBNK30JAN2088PE.NFO,07/01/2020,14:31:17,4,3.55,14000,3.65,7000,0,224000
FEDERALBNK30JAN2088PE.NFO,07/01/2020,14:31:37,4,3.55,28000,3.65,7000,0,224000
FEDERALBNK30JAN2088PE.NFO,07/01/2020,14:31:43,4,3.6,7000,3.65,7000,0,224000
FEDERALBNK30JAN2088PE.NFO,07/01/2020,14:31:49,4,3.55,28000,3.7,7000,0,224000
FEDERALBNK30JAN2088PE.NFO,07/01/2020,14:32:01,4,3.6,7000,3.7,7000,0,224000
FEDERALBNK30JAN2088PE.NFO,07/01/2020,14:32:14,4,3.55,28000,3.65,7000,0,224000
FEDERALBNK30JAN2088PE.NFO,07/01/2020,14:32:42,4,3.55,7000,3.65,7000,0,224000
FEDERALBNK30JAN2088PE.NFO,07/01/2020,14:33:04,4,3.5,28000,3.6,7000,0,224000
FEDERALBNK30JAN2088PE.NFO,07/01/2020,14:33:17,4,3.45,35000,3.65,14000,0,224000
FEDERALBNK30JAN2088PE.NFO,07/01/2020,14:33:29,4,3.45,28000,3.6,7000,0,224000
FEDERALBNK30JAN2088PE.NFO,07/01/2020,14:33:35,4,3.4,21000,3.55,21000,0,224000
FEDERALBNK30JAN2088PE.NFO,07/01/2020,14:33:46,4,3.4,14000,3.55,21000,0,224000
FEDERALBNK30JAN2088PE.NFO,07/01/2020,14:33:52,4,3.4,28000,3.55,14000,0,224000
FEDERALBNK30JAN2088PE.NFO,07/01/2020,14:34:03,4,3.4,28000,3.55,7000,0,224000
FEDERALBNK30JAN2088PE.NFO,07/01/2020,14:34:07,4,3.4,28000,3.6,14000,0,224000
FEDERALBNK30JAN2088PE.NFO,07/01/2020,14:34:12,4,3.4,21000,3.6,14000,0,224000
FEDERALBNK30JAN2088PE.NFO,07/01/2020,14:34:29,4,3.45,14000,3.55,7000,0,224000
FEDERALBNK30JAN2088PE.NFO,07/01/2020,14:34:34,4,3.45,14000,3.6,14000,0,224000
FEDERALBNK30JAN2088PE.NFO,07/01/2020,14:34:49,4,3.45,21000,3.65,14000,0,224000
FEDERALBNK30JAN2088PE.NFO,07/01/2020,14:34:59,4,3.45,14000,3.55,7000,0,224000
FEDERALBNK30JAN2088PE.NFO,07/01/2020,14:35:05,4,3.45,7000,3.55,7000,0,224000
FEDERALBNK30JAN2088PE.NFO,07/01/2020,14:35:11,4,3.45,14000,3.55,7000,0,224000
FEDERALBNK30JAN2088PE.NFO,07/01/2020,14:35:25,4,3.45,7000,3.6,14000,0,224000
FEDERALBNK30JAN2088PE.NFO,07/01/2020,14:36:03,4,3.4,7000,3.6,14000,0,224000
FEDERALBNK30JAN2088PE.NFO,07/01/2020,14:36:08,4,3.4,7000,3.5,7000,0,224000
FEDERALBNK30JAN2088PE.NFO,07/01/2020,14:36:14,4,3.4,14000,3.55,14000,0,224000
FEDERALBNK30JAN2088PE.NFO,07/01/2020,14:36:19,4,3.45,7000,3.55,14000,0,224000
FEDERALBNK30JAN2088PE.NFO,07/01/2020,14:36:38,4,3.4,14000,3.5,7000,0,224000
FEDERALBNK30JAN2088PE.NFO,07/01/2020,14:36:43,4,3.35,21000,3.5,14000,0,224000
FEDERALBNK30JAN2088PE.NFO,07/01/2020,14:36:49,4,3.4,7000,3.5,14000,0,224000
FEDERALBNK30JAN2088PE.NFO,07/01/2020,14:37:08,4,3.4,7000,3.55,14000,0,224000
FEDERALBNK30JAN2088PE.NFO,07/01/2020,14:37:12,4,3.4,7000,3.5,7000,0,224000
FEDERALBNK30JAN2088PE.NFO,07/01/2020,14:37:18,4,3.35,21000,3.5,21000,0,224000
FEDERALBNK30JAN2088PE.NFO,07/01/2020,14:37:23,4,3.35,14000,3.5,21000,0,224000
FEDERALBNK30JAN2088PE.NFO,07/01/2020,14:37:27,4,3.35,14000,3.45,7000,0,224000
FEDERALBNK30JAN2088PE.NFO,07/01/2020,14:37:38,4,3.3,14000,3.45,14000,0,224000
FEDERALBNK30JAN2088PE.NFO,07/01/2020,14:37:43,4,3.35,7000,3.45,14000,0,224000
FEDERALBNK30JAN2088PE.NFO,07/01/2020,14:38:10,4,3.35,7000,3.45,7000,0,224000
FEDERALBNK30JAN2088PE.NFO,07/01/2020,14:38:18,4,3.35,7000,3.45,21000,0,224000
FEDERALBNK30JAN2088PE.NFO,07/01/2020,14:38:28,4,3.35,7000,3.45,14000,0,224000
FEDERALBNK30JAN2088PE.NFO,07/01/2020,14:39:03,4,3.35,7000,3.5,28000,0,224000
FEDERALBNK30JAN2088PE.NFO,07/01/2020,14:39:09,4,3.35,21000,3.5,21000,0,224000
FEDERALBNK30JAN2088PE.NFO,07/01/2020,14:39:25,4,3.35,7000,3.45,21000,0,224000
FEDERALBNK30JAN2088PE.NFO,07/01/2020,14:40:23,4,3.35,7000,3.45,14000,0,224000
FEDERALBNK30JAN2088PE.NFO,07/01/2020,14:40:35,4,3.35,7000,3.45,21000,0,224000
FEDERALBNK30JAN2088PE.NFO,07/01/2020,14:41:06,4,3.35,7000,3.45,14000,0,224000
FEDERALBNK30JAN2088PE.NFO,07/01/2020,14:41:21,4,3.35,7000,3.45,7000,0,224000
FEDERALBNK30JAN2088PE.NFO,07/01/2020,14:41:51,4,3.35,7000,3.45,14000,0,224000
FEDERALBNK30JAN2088PE.NFO,07/01/2020,14:42:02,4,3.35,7000,3.45,21000,0,224000
FEDERALBNK30JAN2088PE.NFO,07/01/2020,14:42:37,3.45,3.35,7000,3.45,14000,7000,224000
FEDERALBNK30JAN2088PE.NFO,07/01/2020,14:42:43,3.45,3.35,7000,3.45,14000,0,224000
FEDERALBNK30JAN2088PE.NFO,07/01/2020,14:43:16,3.45,3.35,7000,3.45,7000,0,224000
FEDERALBNK30JAN2088PE.NFO,07/01/2020,14:43:25,3.45,3.4,7000,3.45,7000,0,224000
FEDERALBNK30JAN2088PE.NFO,07/01/2020,14:43:36,3.45,3.35,7000,3.45,7000,0,224000
FEDERALBNK30JAN2088PE.NFO,07/01/2020,14:43:41,3.45,3.4,7000,3.45,7000,0,224000
FEDERALBNK30JAN2088PE.NFO,07/01/2020,14:44:13,3.45,3.35,7000,3.45,7000,0,224000
FEDERALBNK30JAN2088PE.NFO,07/01/2020,14:44:23,3.45,3.4,7000,3.45,7000,0,224000
FEDERALBNK30JAN2088PE.NFO,07/01/2020,14:45:09,3.45,3.4,7000,3.5,14000,0,224000
FEDERALBNK30JAN2088PE.NFO,07/01/2020,14:45:24,3.45,3.35,14000,3.45,7000,0,224000
FEDERALBNK30JAN2088PE.NFO,07/01/2020,14:45:31,3.45,3.4,7000,3.45,7000,0,224000
FEDERALBNK30JAN2088PE.NFO,07/01/2020,14:45:41,3.45,3.35,14000,3.45,7000,0,224000
FEDERALBNK30JAN2088PE.NFO,07/01/2020,14:45:47,3.45,3.4,7000,3.45,7000,0,224000
FEDERALBNK30JAN2088PE.NFO,07/01/2020,14:46:47,3.45,3.4,7000,3.5,7000,0,224000
FEDERALBNK30JAN2088PE.NFO,07/01/2020,14:46:56,3.45,3.35,21000,3.45,7000,0,224000
FEDERALBNK30JAN2088PE.NFO,07/01/2020,14:47:00,3.45,3.4,7000,3.5,7000,0,224000
FEDERALBNK30JAN2088PE.NFO,07/01/2020,14:47:47,3.45,3.35,7000,3.5,14000,0,224000
FEDERALBNK30JAN2088PE.NFO,07/01/2020,14:47:51,3.45,3.3,21000,3.45,7000,0,224000
FEDERALBNK30JAN2088PE.NFO,07/01/2020,14:48:02,3.45,3.35,7000,3.5,14000,0,224000
FEDERALBNK30JAN2088PE.NFO,07/01/2020,14:48:23,3.45,3.35,14000,3.5,14000,0,224000
FEDERALBNK30JAN2088PE.NFO,07/01/2020,14:48:39,3.45,3.35,7000,3.5,14000,0,224000
FEDERALBNK30JAN2088PE.NFO,07/01/2020,14:48:44,3.45,3.35,7000,3.5,7000,0,224000
FEDERALBNK30JAN2088PE.NFO,07/01/2020,14:48:52,3.45,3.35,14000,3.5,7000,0,224000
FEDERALBNK30JAN2088PE.NFO,07/01/2020,14:48:58,3.45,3.35,21000,3.5,7000,0,224000
FEDERALBNK30JAN2088PE.NFO,07/01/2020,14:49:05,3.45,3.35,28000,3.5,7000,0,224000
FEDERALBNK30JAN2088PE.NFO,07/01/2020,14:49:09,3.45,3.4,7000,3.55,7000,0,224000
FEDERALBNK30JAN2088PE.NFO,07/01/2020,14:49:18,3.45,3.35,28000,3.55,7000,0,224000
FEDERALBNK30JAN2088PE.NFO,07/01/2020,14:49:49,3.45,3.35,21000,3.55,7000,0,224000
FEDERALBNK30JAN2088PE.NFO,07/01/2020,14:50:09,3.45,3.35,14000,3.55,7000,0,224000
FEDERALBNK30JAN2088PE.NFO,07/01/2020,14:50:40,3.45,3.35,14000,3.5,14000,0,224000
FEDERALBNK30JAN2088PE.NFO,07/01/2020,14:50:58,3.45,3.35,21000,3.5,14000,0,224000
FEDERALBNK30JAN2088PE.NFO,07/01/2020,14:51:44,3.45,3.35,21000,3.55,7000,0,224000
FEDERALBNK30JAN2088PE.NFO,07/01/2020,14:53:20,3.45,3.3,21000,3.55,7000,0,224000
FEDERALBNK30JAN2088PE.NFO,07/01/2020,14:53:32,3.45,3.3,21000,3.5,35000,0,224000
FEDERALBNK30JAN2088PE.NFO,07/01/2020,14:53:50,3.45,3.3,21000,3.45,21000,0,224000
FEDERALBNK30JAN2088PE.NFO,07/01/2020,14:54:14,3.45,3.3,21000,3.45,14000,0,224000
FEDERALBNK30JAN2088PE.NFO,07/01/2020,14:54:19,3.45,3.35,7000,3.45,14000,0,224000
FEDERALBNK30JAN2088PE.NFO,07/01/2020,14:54:32,3.45,3.35,14000,3.5,35000,0,224000
FEDERALBNK30JAN2088PE.NFO,07/01/2020,14:54:38,3.45,3.35,14000,3.5,14000,0,224000
FEDERALBNK30JAN2088PE.NFO,07/01/2020,14:54:44,3.45,3.35,14000,3.5,21000,0,224000
FEDERALBNK30JAN2088PE.NFO,07/01/2020,14:54:59,3.45,3.35,14000,3.5,14000,0,224000
FEDERALBNK30JAN2088PE.NFO,07/01/2020,14:55:46,3.45,3.35,35000,3.5,14000,0,224000
FEDERALBNK30JAN2088PE.NFO,07/01/2020,14:55:49,3.45,3.35,35000,3.55,28000,0,224000
FEDERALBNK30JAN2088PE.NFO,07/01/2020,14:56:07,3.45,3.35,35000,3.55,35000,0,224000
FEDERALBNK30JAN2088PE.NFO,07/01/2020,14:56:40,3.45,3.4,14000,3.55,28000,0,224000
FEDERALBNK30JAN2088PE.NFO,07/01/2020,14:56:47,3.45,3.4,14000,3.55,35000,0,224000
FEDERALBNK30JAN2088PE.NFO,07/01/2020,14:56:53,3.45,3.4,7000,3.55,35000,0,224000
FEDERALBNK30JAN2088PE.NFO,07/01/2020,14:56:56,3.45,3.4,14000,3.55,35000,0,224000
FEDERALBNK30JAN2088PE.NFO,07/01/2020,14:57:06,3.45,3.35,35000,3.55,35000,0,224000
FEDERALBNK30JAN2088PE.NFO,07/01/2020,14:57:21,3.45,3.4,21000,3.55,35000,0,224000
FEDERALBNK30JAN2088PE.NFO,07/01/2020,14:57:34,3.45,3.4,21000,3.55,28000,0,224000
FEDERALBNK30JAN2088PE.NFO,07/01/2020,14:57:41,3.45,3.4,21000,3.55,35000,0,224000
FEDERALBNK30JAN2088PE.NFO,07/01/2020,14:58:24,3.45,3.4,21000,3.55,28000,0,224000
FEDERALBNK30JAN2088PE.NFO,07/01/2020,14:58:27,3.45,3.4,21000,3.55,21000,0,224000
FEDERALBNK30JAN2088PE.NFO,07/01/2020,14:59:12,3.45,3.4,21000,3.55,28000,0,224000
FEDERALBNK30JAN2088PE.NFO,07/01/2020,14:59:20,3.45,3.4,21000,3.55,21000,0,224000
FEDERALBNK30JAN2088PE.NFO,07/01/2020,15:00:04,3.45,3.4,21000,3.55,28000,0,224000
FEDERALBNK30JAN2088PE.NFO,07/01/2020,15:01:27,3.45,3.45,7000,3.55,28000,0,224000
FEDERALBNK30JAN2088PE.NFO,07/01/2020,15:01:56,3.45,3.4,14000,3.55,28000,0,224000
FEDERALBNK30JAN2088PE.NFO,07/01/2020,15:02:00,3.45,3.4,14000,3.55,21000,0,224000
FEDERALBNK30JAN2088PE.NFO,07/01/2020,15:02:04,3.45,3.45,7000,3.55,21000,0,224000
FEDERALBNK30JAN2088PE.NFO,07/01/2020,15:06:37,3.45,3.4,28000,3.55,28000,0,224000
FEDERALBNK30JAN2088PE.NFO,07/01/2020,15:07:17,3.45,3.45,7000,3.55,21000,0,224000
FEDERALBNK30JAN2088PE.NFO,07/01/2020,15:08:25,3.45,3.45,7000,3.55,28000,0,224000
FEDERALBNK30JAN2088PE.NFO,07/01/2020,15:08:29,3.45,3.45,7000,3.55,21000,0,224000
FEDERALBNK30JAN2088PE.NFO,07/01/2020,15:09:07,3.45,3.45,7000,3.55,28000,0,224000
FEDERALBNK30JAN2088PE.NFO,07/01/2020,15:09:28,3.45,3.45,7000,3.55,35000,0,224000
FEDERALBNK30JAN2088PE.NFO,07/01/2020,15:10:27,3.45,3.45,7000,3.55,42000,0,224000
FEDERALBNK30JAN2088PE.NFO,07/01/2020,15:11:20,3.45,3.4,14000,3.55,42000,0,224000
FEDERALBNK30JAN2088PE.NFO,07/01/2020,15:11:52,3.45,3.4,14000,3.5,14000,0,224000
FEDERALBNK30JAN2088PE.NFO,07/01/2020,15:12:23,3.45,3.4,7000,3.55,49000,0,224000
FEDERALBNK30JAN2088PE.NFO,07/01/2020,15:12:55,3.45,3.4,7000,3.5,7000,0,224000
FEDERALBNK30JAN2088PE.NFO,07/01/2020,15:14:06,3.45,3.4,7000,3.5,14000,0,224000
FEDERALBNK30JAN2088PE.NFO,07/01/2020,15:14:27,3.45,3.4,7000,3.55,49000,0,224000
FEDERALBNK30JAN2088PE.NFO,07/01/2020,15:15:16,3.45,3.4,28000,3.55,42000,0,224000
FEDERALBNK30JAN2088PE.NFO,07/01/2020,15:15:49,3.45,3.4,7000,3.55,49000,0,224000
FEDERALBNK30JAN2088PE.NFO,07/01/2020,15:16:27,3.45,3.4,21000,3.55,49000,0,224000
FEDERALBNK30JAN2088PE.NFO,07/01/2020,15:17:27,3.45,3.45,7000,3.55,49000,0,224000
FEDERALBNK30JAN2088PE.NFO,07/01/2020,15:18:54,3.45,3.45,7000,3.55,28000,0,224000
FEDERALBNK30JAN2088PE.NFO,07/01/2020,15:19:00,3.45,3.45,14000,3.55,14000,0,224000
FEDERALBNK30JAN2088PE.NFO,07/01/2020,15:20:04,3.45,3.45,7000,3.5,14000,0,224000
FEDERALBNK30JAN2088PE.NFO,07/01/2020,15:20:10,3.45,3.45,7000,3.55,21000,14000,231000
FEDERALBNK30JAN2088PE.NFO,07/01/2020,15:20:17,3.45,3.45,7000,3.55,21000,0,231000
FEDERALBNK30JAN2088PE.NFO,07/01/2020,15:20:37,3.45,3.45,14000,3.6,28000,0,231000
FEDERALBNK30JAN2088PE.NFO,07/01/2020,15:20:49,3.45,3.45,14000,3.55,14000,0,231000
FEDERALBNK30JAN2088PE.NFO,07/01/2020,15:21:05,3.45,3.45,14000,3.6,28000,0,231000
FEDERALBNK30JAN2088PE.NFO,07/01/2020,15:21:36,3.45,3.45,14000,3.55,7000,0,231000
FEDERALBNK30JAN2088PE.NFO,07/01/2020,15:22:11,3.45,3.45,14000,3.6,21000,0,231000
FEDERALBNK30JAN2088PE.NFO,07/01/2020,15:22:17,3.45,3.45,21000,3.6,21000,0,231000
FEDERALBNK30JAN2088PE.NFO,07/01/2020,15:22:23,3.45,3.45,21000,3.55,7000,0,231000
FEDERALBNK30JAN2088PE.NFO,07/01/2020,15:22:30,3.45,3.45,21000,3.6,14000,0,231000
FEDERALBNK30JAN2088PE.NFO,07/01/2020,15:22:36,3.45,3.45,21000,3.6,21000,0,231000
FEDERALBNK30JAN2088PE.NFO,07/01/2020,15:22:43,3.45,3.45,21000,3.55,7000,0,231000
FEDERALBNK30JAN2088PE.NFO,07/01/2020,15:22:53,3.45,3.45,21000,3.6,14000,0,231000
FEDERALBNK30JAN2088PE.NFO,07/01/2020,15:23:06,3.45,3.45,14000,3.6,7000,0,231000
FEDERALBNK30JAN2088PE.NFO,07/01/2020,15:23:12,3.45,3.45,21000,3.6,7000,0,231000
FEDERALBNK30JAN2088PE.NFO,07/01/2020,15:23:53,3.45,3.45,28000,3.65,21000,0,231000
FEDERALBNK30JAN2088PE.NFO,07/01/2020,15:24:21,3.45,3.5,7000,3.65,21000,0,231000
FEDERALBNK30JAN2088PE.NFO,07/01/2020,15:24:30,3.45,3.45,21000,3.65,21000,0,231000
FEDERALBNK30JAN2088PE.NFO,07/01/2020,15:25:04,3.45,3.45,28000,3.65,21000,0,231000
FEDERALBNK30JAN2088PE.NFO,07/01/2020,15:25:25,3.45,3.45,28000,3.6,7000,0,231000
FEDERALBNK30JAN2088PE.NFO,07/01/2020,15:25:56,3.45,3.5,14000,3.65,7000,0,231000
FEDERALBNK30JAN2088PE.NFO,07/01/2020,15:26:33,3.45,3.5,21000,3.65,7000,0,231000
FEDERALBNK30JAN2088PE.NFO,07/01/2020,15:27:07,3.45,3.55,7000,3.7,14000,0,231000
FEDERALBNK30JAN2088PE.NFO,07/01/2020,15:27:12,3.45,3.5,21000,3.65,42000,0,231000
FEDERALBNK30JAN2088PE.NFO,07/01/2020,15:27:27,3.45,3.55,7000,3.65,35000,0,231000
FEDERALBNK30JAN2088PE.NFO,07/01/2020,15:27:58,3.45,3.5,14000,3.65,35000,0,231000
FEDERALBNK30JAN2088PE.NFO,07/01/2020,15:28:20,3.45,3.5,21000,3.65,35000,0,231000
FEDERALBNK30JAN2088PE.NFO,07/01/2020,15:28:33,3.45,3.5,21000,3.65,42000,0,231000
FEDERALBNK30JAN2088PE.NFO,07/01/2020,15:28:50,3.45,3.5,21000,3.65,35000,0,231000
FEDERALBNK30JAN2088PE.NFO,07/01/2020,15:28:58,3.45,3.5,21000,3.65,42000,0,231000
FEDERALBNK30JAN2088PE.NFO,07/01/2020,15:29:23,3.45,3.5,21000,3.65,35000,0,231000
FEDERALBNK30JAN2088PE.NFO,07/01/2020,15:29:52,3.45,3.5,14000,3.65,35000,0,231000
