Ticker,Date,Time,LTP,BuyPrice,BuyQty,SellPrice,SellQty,LTQ,OpenInterest
FEDERALBNK30JAN2092CE.NFO,07/01/2020,09:15:58,2.25,1.85,7000,2.25,7000,7000,329000
FEDERALBNK30JAN2092CE.NFO,07/01/2020,09:15:58,2.25,1.85,7000,2.25,7000,0,329000
FEDERALBNK30JAN2092CE.NFO,07/01/2020,09:15:58,2.25,1.85,7000,2.25,7000,0,329000
FEDERALBNK30JAN2092CE.NFO,07/01/2020,09:15:58,2.25,1.85,7000,2.25,7000,0,329000
FEDERALBNK30JAN2092CE.NFO,07/01/2020,09:16:09,2.25,1.85,35000,2.25,7000,0,329000
FEDERALBNK30JAN2092CE.NFO,07/01/2020,09:16:20,2.25,1.85,7000,2.15,7000,0,329000
FEDERALBNK30JAN2092CE.NFO,07/01/2020,09:16:56,2.25,1.85,21000,2.15,7000,0,329000
FEDERALBNK30JAN2092CE.NFO,07/01/2020,09:17:04,2.25,2,14000,2.1,14000,0,329000
FEDERALBNK30JAN2092CE.NFO,07/01/2020,09:17:13,2.25,2.05,14000,2.2,14000,0,329000
FEDERALBNK30JAN2092CE.NFO,07/01/2020,09:17:39,2.25,2,14000,2.15,14000,0,329000
FEDERALBNK30JAN2092CE.NFO,07/01/2020,09:17:48,2.25,2,14000,2.1,14000,0,329000
FEDERALBNK30JAN2092CE.NFO,07/01/2020,09:18:04,2.25,2,14000,2.1,7000,0,329000
FEDERALBNK30JAN2092CE.NFO,07/01/2020,09:18:12,2.25,2.05,7000,2.15,14000,0,329000
FEDERALBNK30JAN2092CE.NFO,07/01/2020,09:18:19,2.25,2,14000,2.15,14000,0,329000
FEDERALBNK30JAN2092CE.NFO,07/01/2020,09:18:43,2.25,2,14000,2.1,14000,0,329000
FEDERALBNK30JAN2092CE.NFO,07/01/2020,09:18:50,2.25,1.95,14000,2.1,14000,0,329000
FEDERALBNK30JAN2092CE.NFO,07/01/2020,09:19:13,2.25,1.9,14000,2.05,7000,0,329000
FEDERALBNK30JAN2092CE.NFO,07/01/2020,09:19:21,2.25,1.95,14000,2.05,7000,0,329000
FEDERALBNK30JAN2092CE.NFO,07/01/2020,09:19:29,2.25,1.95,14000,2.1,7000,0,329000
FEDERALBNK30JAN2092CE.NFO,07/01/2020,09:19:36,2.25,1.95,14000,2,7000,0,329000
FEDERALBNK30JAN2092CE.NFO,07/01/2020,09:19:44,2.25,1.95,7000,2,7000,0,329000
FEDERALBNK30JAN2092CE.NFO,07/01/2020,09:19:52,2.25,1.95,14000,2,7000,0,329000
FEDERALBNK30JAN2092CE.NFO,07/01/2020,09:20:47,2,1.95,35000,2.05,7000,7000,329000
FEDERALBNK30JAN2092CE.NFO,07/01/2020,09:20:47,2,1.95,35000,2.05,7000,0,329000
FEDERALBNK30JAN2092CE.NFO,07/01/2020,09:20:54,2,1.95,35000,2.1,35000,0,329000
FEDERALBNK30JAN2092CE.NFO,07/01/2020,09:21:02,2,1.95,35000,2.05,14000,0,329000
FEDERALBNK30JAN2092CE.NFO,07/01/2020,09:21:09,2,1.95,14000,2.05,14000,0,329000
FEDERALBNK30JAN2092CE.NFO,07/01/2020,09:21:17,2,1.95,14000,2.1,35000,0,329000
FEDERALBNK30JAN2092CE.NFO,07/01/2020,09:21:32,1.95,1.95,7000,2.1,35000,7000,329000
FEDERALBNK30JAN2092CE.NFO,07/01/2020,09:21:32,1.95,1.95,7000,2.1,35000,0,329000
FEDERALBNK30JAN2092CE.NFO,07/01/2020,09:21:38,1.95,1.95,7000,2.1,35000,0,329000
FEDERALBNK30JAN2092CE.NFO,07/01/2020,09:21:46,1.95,1.95,7000,2.05,7000,0,329000
FEDERALBNK30JAN2092CE.NFO,07/01/2020,09:21:53,1.95,1.95,14000,2.05,7000,0,329000
FEDERALBNK30JAN2092CE.NFO,07/01/2020,09:22:14,1.95,1.95,35000,2.05,14000,0,329000
FEDERALBNK30JAN2092CE.NFO,07/01/2020,09:22:22,1.95,1.95,28000,2.05,14000,0,329000
FEDERALBNK30JAN2092CE.NFO,07/01/2020,09:22:29,1.95,1.95,35000,2.05,14000,0,329000
FEDERALBNK30JAN2092CE.NFO,07/01/2020,09:22:36,1.95,1.95,28000,2.05,14000,0,329000
FEDERALBNK30JAN2092CE.NFO,07/01/2020,09:22:49,1.95,1.95,7000,2.05,14000,0,329000
FEDERALBNK30JAN2092CE.NFO,07/01/2020,09:23:02,1.95,1.95,14000,2.05,14000,0,329000
FEDERALBNK30JAN2092CE.NFO,07/01/2020,09:23:08,1.95,1.9,35000,2.05,14000,0,329000
FEDERALBNK30JAN2092CE.NFO,07/01/2020,09:23:15,1.95,1.9,35000,2.05,21000,0,329000
FEDERALBNK30JAN2092CE.NFO,07/01/2020,09:23:22,1.95,1.9,42000,2.05,21000,0,329000
FEDERALBNK30JAN2092CE.NFO,07/01/2020,09:23:28,1.95,1.95,7000,2.05,21000,0,329000
FEDERALBNK30JAN2092CE.NFO,07/01/2020,09:23:35,1.95,1.9,42000,2.05,21000,0,329000
FEDERALBNK30JAN2092CE.NFO,07/01/2020,09:23:42,1.95,1.85,35000,2,35000,0,329000
FEDERALBNK30JAN2092CE.NFO,07/01/2020,09:23:48,1.95,1.85,35000,2,56000,0,329000
FEDERALBNK30JAN2092CE.NFO,07/01/2020,09:23:55,1.95,1.85,35000,2,49000,0,329000
FEDERALBNK30JAN2092CE.NFO,07/01/2020,09:24:02,1.95,1.9,7000,2,56000,0,329000
FEDERALBNK30JAN2092CE.NFO,07/01/2020,09:24:09,1.95,1.9,7000,2,49000,0,329000
FEDERALBNK30JAN2092CE.NFO,07/01/2020,09:24:16,1.95,1.85,35000,2,56000,0,329000
FEDERALBNK30JAN2092CE.NFO,07/01/2020,09:24:23,1.95,1.85,35000,1.95,14000,0,329000
FEDERALBNK30JAN2092CE.NFO,07/01/2020,09:25:02,1.95,1.85,14000,1.95,21000,0,329000
FEDERALBNK30JAN2092CE.NFO,07/01/2020,09:25:09,1.95,1.9,7000,1.95,14000,0,329000
FEDERALBNK30JAN2092CE.NFO,07/01/2020,09:25:17,1.95,1.85,35000,1.95,21000,0,329000
FEDERALBNK30JAN2092CE.NFO,07/01/2020,09:25:24,1.95,1.85,28000,1.95,21000,0,329000
FEDERALBNK30JAN2092CE.NFO,07/01/2020,09:25:31,1.95,1.85,28000,1.9,7000,0,329000
FEDERALBNK30JAN2092CE.NFO,07/01/2020,09:25:38,1.95,1.8,42000,1.9,7000,0,329000
FEDERALBNK30JAN2092CE.NFO,07/01/2020,09:26:34,1.95,1.8,42000,1.9,14000,0,329000
FEDERALBNK30JAN2092CE.NFO,07/01/2020,09:26:52,1.95,1.8,7000,1.85,14000,0,329000
FEDERALBNK30JAN2092CE.NFO,07/01/2020,09:26:57,1.95,1.8,28000,1.9,21000,0,329000
FEDERALBNK30JAN2092CE.NFO,07/01/2020,09:27:18,1.95,1.8,35000,1.9,21000,0,329000
FEDERALBNK30JAN2092CE.NFO,07/01/2020,09:27:25,1.95,1.8,42000,1.9,21000,0,329000
FEDERALBNK30JAN2092CE.NFO,07/01/2020,09:28:09,1.95,1.8,42000,1.9,14000,0,329000
FEDERALBNK30JAN2092CE.NFO,07/01/2020,09:28:15,1.95,1.8,35000,1.9,14000,0,329000
FEDERALBNK30JAN2092CE.NFO,07/01/2020,09:28:21,1.95,1.8,42000,1.9,21000,0,329000
FEDERALBNK30JAN2092CE.NFO,07/01/2020,09:28:49,1.95,1.8,42000,1.9,14000,0,329000
FEDERALBNK30JAN2092CE.NFO,07/01/2020,09:29:01,1.95,1.8,35000,1.9,14000,0,329000
FEDERALBNK30JAN2092CE.NFO,07/01/2020,09:29:07,1.95,1.8,42000,1.9,14000,0,329000
FEDERALBNK30JAN2092CE.NFO,07/01/2020,09:29:13,1.95,1.8,42000,1.95,21000,0,329000
FEDERALBNK30JAN2092CE.NFO,07/01/2020,09:29:19,1.95,1.8,49000,1.95,21000,0,329000
FEDERALBNK30JAN2092CE.NFO,07/01/2020,09:29:37,1.95,1.8,42000,1.95,21000,0,329000
FEDERALBNK30JAN2092CE.NFO,07/01/2020,09:29:56,1.95,1.85,21000,1.95,21000,0,329000
FEDERALBNK30JAN2092CE.NFO,07/01/2020,09:30:02,1.95,1.8,42000,1.9,21000,0,329000
FEDERALBNK30JAN2092CE.NFO,07/01/2020,09:30:09,1.95,1.8,42000,1.9,14000,0,329000
FEDERALBNK30JAN2092CE.NFO,07/01/2020,09:30:15,1.95,1.85,21000,1.95,42000,0,329000
FEDERALBNK30JAN2092CE.NFO,07/01/2020,09:30:22,1.95,1.85,28000,1.95,49000,0,329000
FEDERALBNK30JAN2092CE.NFO,07/01/2020,09:30:38,1.95,1.85,28000,1.95,21000,0,329000
FEDERALBNK30JAN2092CE.NFO,07/01/2020,09:30:49,1.95,1.85,28000,1.95,28000,0,329000
FEDERALBNK30JAN2092CE.NFO,07/01/2020,09:31:06,1.95,1.85,28000,1.95,21000,0,329000
FEDERALBNK30JAN2092CE.NFO,07/01/2020,09:31:12,1.95,1.9,21000,2,49000,0,329000
FEDERALBNK30JAN2092CE.NFO,07/01/2020,09:31:24,1.95,1.9,21000,1.95,7000,0,329000
FEDERALBNK30JAN2092CE.NFO,07/01/2020,09:31:51,1.95,1.9,14000,1.95,7000,0,329000
FEDERALBNK30JAN2092CE.NFO,07/01/2020,09:32:28,1.95,1.9,21000,2,28000,7000,322000
FEDERALBNK30JAN2092CE.NFO,07/01/2020,09:32:34,1.95,1.9,21000,2,28000,0,322000
FEDERALBNK30JAN2092CE.NFO,07/01/2020,09:33:19,1.95,1.9,14000,2,21000,0,322000
FEDERALBNK30JAN2092CE.NFO,07/01/2020,09:33:41,1.95,1.9,14000,2,14000,0,322000
FEDERALBNK30JAN2092CE.NFO,07/01/2020,09:33:47,1.95,1.9,14000,2,7000,0,322000
FEDERALBNK30JAN2092CE.NFO,07/01/2020,09:33:52,1.95,1.9,49000,2,7000,0,322000
FEDERALBNK30JAN2092CE.NFO,07/01/2020,09:34:01,1.95,1.95,14000,2,7000,0,322000
FEDERALBNK30JAN2092CE.NFO,07/01/2020,09:34:07,1.95,1.95,14000,2.05,42000,0,322000
FEDERALBNK30JAN2092CE.NFO,07/01/2020,09:34:12,1.95,1.9,49000,2,7000,0,322000
FEDERALBNK30JAN2092CE.NFO,07/01/2020,09:34:22,1.95,1.9,49000,2,14000,0,322000
FEDERALBNK30JAN2092CE.NFO,07/01/2020,09:34:27,1.95,1.9,42000,2,14000,0,322000
FEDERALBNK30JAN2092CE.NFO,07/01/2020,09:34:33,1.95,1.9,35000,2,14000,0,322000
FEDERALBNK30JAN2092CE.NFO,07/01/2020,09:34:58,1.95,1.9,42000,2,14000,0,322000
FEDERALBNK30JAN2092CE.NFO,07/01/2020,09:35:17,1.95,1.9,49000,2,14000,0,322000
FEDERALBNK30JAN2092CE.NFO,07/01/2020,09:35:33,1.95,1.9,42000,1.95,7000,0,322000
FEDERALBNK30JAN2092CE.NFO,07/01/2020,09:35:39,1.95,1.9,7000,1.95,7000,0,322000
FEDERALBNK30JAN2092CE.NFO,07/01/2020,09:35:46,1.95,1.85,42000,1.95,7000,0,322000
FEDERALBNK30JAN2092CE.NFO,07/01/2020,09:35:53,1.95,1.9,14000,1.95,7000,0,322000
FEDERALBNK30JAN2092CE.NFO,07/01/2020,09:36:17,1.95,1.85,49000,1.95,14000,0,322000
FEDERALBNK30JAN2092CE.NFO,07/01/2020,09:36:44,1.95,1.85,49000,1.9,7000,0,322000
FEDERALBNK30JAN2092CE.NFO,07/01/2020,09:36:53,1.9,1.9,7000,1.95,7000,7000,322000
FEDERALBNK30JAN2092CE.NFO,07/01/2020,09:36:53,1.9,1.9,7000,1.95,7000,0,322000
FEDERALBNK30JAN2092CE.NFO,07/01/2020,09:37:33,1.9,1.9,7000,1.95,7000,0,322000
FEDERALBNK30JAN2092CE.NFO,07/01/2020,09:37:43,1.9,1.85,35000,1.95,21000,0,322000
FEDERALBNK30JAN2092CE.NFO,07/01/2020,09:37:57,1.9,1.85,21000,1.95,21000,0,322000
FEDERALBNK30JAN2092CE.NFO,07/01/2020,09:38:02,1.9,1.85,14000,1.95,21000,0,322000
FEDERALBNK30JAN2092CE.NFO,07/01/2020,09:38:11,1.9,1.85,21000,1.95,21000,0,322000
FEDERALBNK30JAN2092CE.NFO,07/01/2020,09:38:16,1.9,1.85,21000,1.95,14000,0,322000
FEDERALBNK30JAN2092CE.NFO,07/01/2020,09:38:44,1.9,1.85,42000,1.95,14000,0,322000
FEDERALBNK30JAN2092CE.NFO,07/01/2020,09:38:49,1.9,1.85,35000,1.95,14000,0,322000
FEDERALBNK30JAN2092CE.NFO,07/01/2020,09:38:58,1.9,1.85,35000,1.95,21000,0,322000
FEDERALBNK30JAN2092CE.NFO,07/01/2020,09:39:03,1.9,1.9,7000,1.95,7000,0,322000
FEDERALBNK30JAN2092CE.NFO,07/01/2020,09:39:17,1.9,1.9,14000,1.95,7000,0,322000
FEDERALBNK30JAN2092CE.NFO,07/01/2020,09:39:49,1.95,1.9,14000,2,21000,7000,322000
FEDERALBNK30JAN2092CE.NFO,07/01/2020,09:39:53,1.95,1.9,14000,1.95,7000,0,322000
FEDERALBNK30JAN2092CE.NFO,07/01/2020,09:39:57,1.95,1.9,14000,2,35000,0,322000
FEDERALBNK30JAN2092CE.NFO,07/01/2020,09:40:02,1.95,1.9,14000,2,28000,0,322000
FEDERALBNK30JAN2092CE.NFO,07/01/2020,09:40:13,1.95,1.9,14000,2,35000,0,322000
FEDERALBNK30JAN2092CE.NFO,07/01/2020,09:40:19,1.95,1.85,35000,1.95,7000,0,322000
FEDERALBNK30JAN2092CE.NFO,07/01/2020,09:41:24,1.95,1.85,35000,1.95,21000,0,322000
FEDERALBNK30JAN2092CE.NFO,07/01/2020,09:41:30,1.95,1.85,42000,1.95,7000,0,322000
FEDERALBNK30JAN2092CE.NFO,07/01/2020,09:41:34,1.95,1.85,35000,1.95,7000,0,322000
FEDERALBNK30JAN2092CE.NFO,07/01/2020,09:41:48,1.95,1.85,42000,1.95,7000,0,322000
FEDERALBNK30JAN2092CE.NFO,07/01/2020,09:41:53,1.95,1.9,7000,1.95,7000,0,322000
FEDERALBNK30JAN2092CE.NFO,07/01/2020,09:42:06,1.95,1.85,35000,1.95,21000,0,322000
FEDERALBNK30JAN2092CE.NFO,07/01/2020,09:42:13,1.95,1.85,35000,1.95,28000,0,322000
FEDERALBNK30JAN2092CE.NFO,07/01/2020,09:42:26,1.95,1.85,35000,1.95,21000,0,322000
FEDERALBNK30JAN2092CE.NFO,07/01/2020,09:42:33,1.95,1.85,7000,1.95,28000,0,322000
FEDERALBNK30JAN2092CE.NFO,07/01/2020,09:42:41,1.95,1.85,14000,1.95,28000,0,322000
FEDERALBNK30JAN2092CE.NFO,07/01/2020,09:43:46,1.95,1.85,14000,1.95,21000,0,322000
FEDERALBNK30JAN2092CE.NFO,07/01/2020,09:43:51,1.95,1.85,14000,1.95,14000,0,322000
FEDERALBNK30JAN2092CE.NFO,07/01/2020,09:43:56,1.95,1.85,14000,1.9,14000,0,322000
FEDERALBNK30JAN2092CE.NFO,07/01/2020,09:44:22,1.95,1.85,21000,1.9,14000,0,322000
FEDERALBNK30JAN2092CE.NFO,07/01/2020,09:45:07,1.9,1.85,35000,1.95,7000,14000,329000
FEDERALBNK30JAN2092CE.NFO,07/01/2020,09:45:13,1.9,1.85,35000,1.95,14000,0,329000
FEDERALBNK30JAN2092CE.NFO,07/01/2020,09:45:30,1.9,1.85,28000,1.9,7000,0,329000
FEDERALBNK30JAN2092CE.NFO,07/01/2020,09:45:49,1.9,1.85,28000,1.95,21000,0,329000
FEDERALBNK30JAN2092CE.NFO,07/01/2020,09:46:07,1.9,1.85,28000,1.9,7000,0,329000
FEDERALBNK30JAN2092CE.NFO,07/01/2020,09:46:38,1.9,1.85,28000,1.9,14000,0,329000
FEDERALBNK30JAN2092CE.NFO,07/01/2020,09:46:44,1.9,1.85,28000,1.9,7000,0,329000
FEDERALBNK30JAN2092CE.NFO,07/01/2020,09:47:36,1.9,1.85,28000,1.95,28000,0,329000
FEDERALBNK30JAN2092CE.NFO,07/01/2020,09:47:45,1.9,1.85,35000,1.95,14000,0,329000
FEDERALBNK30JAN2092CE.NFO,07/01/2020,09:48:09,1.9,1.85,28000,1.95,14000,0,329000
FEDERALBNK30JAN2092CE.NFO,07/01/2020,09:48:16,1.9,1.85,28000,1.95,21000,0,329000
FEDERALBNK30JAN2092CE.NFO,07/01/2020,09:48:25,1.9,1.85,28000,1.95,14000,0,329000
FEDERALBNK30JAN2092CE.NFO,07/01/2020,09:48:50,1.9,1.85,28000,1.95,21000,0,329000
FEDERALBNK30JAN2092CE.NFO,07/01/2020,09:48:55,1.9,1.85,28000,1.95,14000,0,329000
FEDERALBNK30JAN2092CE.NFO,07/01/2020,09:49:15,1.9,1.85,7000,1.9,14000,0,329000
FEDERALBNK30JAN2092CE.NFO,07/01/2020,09:49:19,1.9,1.85,7000,1.9,21000,0,329000
FEDERALBNK30JAN2092CE.NFO,07/01/2020,09:49:29,1.9,1.85,7000,1.9,14000,0,329000
FEDERALBNK30JAN2092CE.NFO,07/01/2020,09:50:38,1.9,1.85,7000,1.9,21000,0,329000
FEDERALBNK30JAN2092CE.NFO,07/01/2020,09:50:44,1.9,1.85,7000,1.9,14000,0,329000
FEDERALBNK30JAN2092CE.NFO,07/01/2020,09:51:41,1.9,1.85,7000,1.95,28000,0,329000
FEDERALBNK30JAN2092CE.NFO,07/01/2020,09:51:49,1.85,1.85,21000,1.95,28000,7000,343000
FEDERALBNK30JAN2092CE.NFO,07/01/2020,09:51:49,1.85,1.85,21000,1.95,28000,0,343000
FEDERALBNK30JAN2092CE.NFO,07/01/2020,09:51:53,1.85,1.85,21000,1.95,21000,0,343000
FEDERALBNK30JAN2092CE.NFO,07/01/2020,09:52:13,1.85,1.85,21000,1.95,28000,0,343000
FEDERALBNK30JAN2092CE.NFO,07/01/2020,09:53:07,1.85,1.85,21000,1.9,7000,0,343000
FEDERALBNK30JAN2092CE.NFO,07/01/2020,09:53:22,1.85,1.8,35000,1.9,21000,0,343000
FEDERALBNK30JAN2092CE.NFO,07/01/2020,09:53:53,1.85,1.8,35000,1.9,28000,0,343000
FEDERALBNK30JAN2092CE.NFO,07/01/2020,09:54:08,1.85,1.8,35000,1.9,35000,0,343000
FEDERALBNK30JAN2092CE.NFO,07/01/2020,09:55:12,1.85,1.8,42000,1.9,7000,0,343000
FEDERALBNK30JAN2092CE.NFO,07/01/2020,09:55:16,1.85,1.8,42000,1.9,14000,0,343000
FEDERALBNK30JAN2092CE.NFO,07/01/2020,09:55:21,1.85,1.8,42000,1.9,7000,0,343000
FEDERALBNK30JAN2092CE.NFO,07/01/2020,09:55:38,1.85,1.8,42000,1.9,21000,0,343000
FEDERALBNK30JAN2092CE.NFO,07/01/2020,09:55:43,1.85,1.8,42000,1.9,7000,0,343000
FEDERALBNK30JAN2092CE.NFO,07/01/2020,09:56:01,1.85,1.8,35000,1.9,28000,0,343000
FEDERALBNK30JAN2092CE.NFO,07/01/2020,09:56:06,1.85,1.8,35000,1.9,21000,0,343000
FEDERALBNK30JAN2092CE.NFO,07/01/2020,09:56:26,1.85,1.8,35000,1.9,35000,0,343000
FEDERALBNK30JAN2092CE.NFO,07/01/2020,09:56:56,1.85,1.8,7000,1.9,35000,0,343000
FEDERALBNK30JAN2092CE.NFO,07/01/2020,09:57:18,1.85,1.8,14000,1.9,35000,0,343000
FEDERALBNK30JAN2092CE.NFO,07/01/2020,09:57:23,1.85,1.8,7000,1.9,35000,0,343000
FEDERALBNK30JAN2092CE.NFO,07/01/2020,09:57:49,1.85,1.8,14000,1.9,35000,0,343000
FEDERALBNK30JAN2092CE.NFO,07/01/2020,09:57:56,1.85,1.8,7000,1.9,35000,0,343000
FEDERALBNK30JAN2092CE.NFO,07/01/2020,09:58:23,1.85,1.8,14000,1.9,35000,0,343000
FEDERALBNK30JAN2092CE.NFO,07/01/2020,10:00:21,1.85,1.8,7000,1.85,14000,0,343000
FEDERALBNK30JAN2092CE.NFO,07/01/2020,10:00:43,1.85,1.75,49000,1.85,21000,0,343000
FEDERALBNK30JAN2092CE.NFO,07/01/2020,10:00:56,1.85,1.75,7000,1.85,35000,0,343000
FEDERALBNK30JAN2092CE.NFO,07/01/2020,10:01:02,1.85,1.75,7000,1.8,14000,0,343000
FEDERALBNK30JAN2092CE.NFO,07/01/2020,10:01:08,1.85,1.75,7000,1.8,21000,0,343000
FEDERALBNK30JAN2092CE.NFO,07/01/2020,10:01:59,1.85,1.75,7000,1.8,35000,0,343000
FEDERALBNK30JAN2092CE.NFO,07/01/2020,10:02:16,1.85,1.75,7000,1.8,21000,0,343000
FEDERALBNK30JAN2092CE.NFO,07/01/2020,10:04:41,1.85,1.75,21000,1.8,14000,0,343000
FEDERALBNK30JAN2092CE.NFO,07/01/2020,10:04:52,1.85,1.75,14000,1.8,28000,0,343000
FEDERALBNK30JAN2092CE.NFO,07/01/2020,10:05:33,1.85,1.75,7000,1.8,42000,0,343000
FEDERALBNK30JAN2092CE.NFO,07/01/2020,10:05:57,1.75,1.7,35000,1.8,42000,7000,343000
FEDERALBNK30JAN2092CE.NFO,07/01/2020,10:05:57,1.75,1.7,35000,1.8,42000,0,343000
FEDERALBNK30JAN2092CE.NFO,07/01/2020,10:06:07,1.75,1.7,35000,1.8,42000,0,343000
FEDERALBNK30JAN2092CE.NFO,07/01/2020,10:06:29,1.75,1.7,42000,1.8,21000,7000,343000
FEDERALBNK30JAN2092CE.NFO,07/01/2020,10:06:40,1.75,1.7,42000,1.8,14000,0,343000
FEDERALBNK30JAN2092CE.NFO,07/01/2020,10:07:21,1.75,1.7,49000,1.8,21000,0,343000
FEDERALBNK30JAN2092CE.NFO,07/01/2020,10:07:31,1.75,1.7,42000,1.8,14000,0,343000
FEDERALBNK30JAN2092CE.NFO,07/01/2020,10:07:36,1.75,1.7,42000,1.8,21000,0,343000
FEDERALBNK30JAN2092CE.NFO,07/01/2020,10:08:02,1.75,1.7,42000,1.8,14000,0,343000
FEDERALBNK30JAN2092CE.NFO,07/01/2020,10:08:15,1.75,1.7,42000,1.8,7000,0,343000
FEDERALBNK30JAN2092CE.NFO,07/01/2020,10:08:21,1.75,1.75,28000,1.8,7000,0,343000
FEDERALBNK30JAN2092CE.NFO,07/01/2020,10:08:35,1.75,1.75,28000,1.85,7000,0,343000
FEDERALBNK30JAN2092CE.NFO,07/01/2020,10:09:24,1.75,1.75,28000,1.85,14000,0,343000
FEDERALBNK30JAN2092CE.NFO,07/01/2020,10:09:42,1.75,1.75,28000,1.85,7000,0,343000
FEDERALBNK30JAN2092CE.NFO,07/01/2020,10:09:50,1.75,1.75,35000,1.85,7000,0,343000
FEDERALBNK30JAN2092CE.NFO,07/01/2020,10:10:05,1.75,1.75,56000,1.9,42000,0,343000
FEDERALBNK30JAN2092CE.NFO,07/01/2020,10:10:48,1.75,1.75,56000,1.9,49000,0,343000
FEDERALBNK30JAN2092CE.NFO,07/01/2020,10:11:13,1.75,1.8,7000,1.9,49000,0,343000
FEDERALBNK30JAN2092CE.NFO,07/01/2020,10:11:21,1.75,1.8,14000,1.9,21000,0,343000
FEDERALBNK30JAN2092CE.NFO,07/01/2020,10:11:25,1.75,1.8,7000,1.9,21000,0,343000
FEDERALBNK30JAN2092CE.NFO,07/01/2020,10:11:40,1.75,1.8,14000,1.9,7000,0,343000
FEDERALBNK30JAN2092CE.NFO,07/01/2020,10:11:45,1.75,1.8,42000,1.9,7000,0,343000
FEDERALBNK30JAN2092CE.NFO,07/01/2020,10:11:57,1.75,1.8,49000,1.9,7000,0,343000
FEDERALBNK30JAN2092CE.NFO,07/01/2020,10:12:09,1.75,1.8,56000,1.95,28000,0,343000
FEDERALBNK30JAN2092CE.NFO,07/01/2020,10:13:06,1.75,1.85,21000,1.95,7000,0,343000
FEDERALBNK30JAN2092CE.NFO,07/01/2020,10:13:24,1.75,1.8,63000,1.95,7000,0,343000
FEDERALBNK30JAN2092CE.NFO,07/01/2020,10:13:49,1.75,1.8,49000,1.95,14000,0,343000
FEDERALBNK30JAN2092CE.NFO,07/01/2020,10:13:55,1.75,1.8,56000,1.95,14000,0,343000
FEDERALBNK30JAN2092CE.NFO,07/01/2020,10:14:00,1.75,1.8,49000,1.95,14000,0,343000
FEDERALBNK30JAN2092CE.NFO,07/01/2020,10:14:04,1.75,1.8,56000,1.95,14000,0,343000
FEDERALBNK30JAN2092CE.NFO,07/01/2020,10:14:14,1.75,1.85,21000,1.95,14000,0,343000
FEDERALBNK30JAN2092CE.NFO,07/01/2020,10:14:30,1.75,1.85,21000,1.95,7000,0,343000
FEDERALBNK30JAN2092CE.NFO,07/01/2020,10:14:35,1.75,1.8,56000,1.95,14000,0,343000
FEDERALBNK30JAN2092CE.NFO,07/01/2020,10:15:14,1.75,1.8,56000,1.95,35000,0,343000
FEDERALBNK30JAN2092CE.NFO,07/01/2020,10:15:19,1.75,1.8,56000,1.95,42000,0,343000
FEDERALBNK30JAN2092CE.NFO,07/01/2020,10:15:49,1.75,1.8,49000,1.95,42000,0,343000
FEDERALBNK30JAN2092CE.NFO,07/01/2020,10:16:13,1.75,1.8,49000,1.95,49000,0,343000
FEDERALBNK30JAN2092CE.NFO,07/01/2020,10:16:34,1.75,1.8,49000,1.9,21000,0,343000
FEDERALBNK30JAN2092CE.NFO,07/01/2020,10:16:50,1.75,1.8,49000,1.9,7000,0,343000
FEDERALBNK30JAN2092CE.NFO,07/01/2020,10:17:06,1.75,1.8,49000,1.9,21000,0,343000
FEDERALBNK30JAN2092CE.NFO,07/01/2020,10:17:26,1.75,1.8,14000,1.9,35000,0,343000
FEDERALBNK30JAN2092CE.NFO,07/01/2020,10:17:35,1.75,1.75,7000,1.8,7000,0,343000
FEDERALBNK30JAN2092CE.NFO,07/01/2020,10:17:43,1.75,1.75,14000,1.8,7000,0,343000
FEDERALBNK30JAN2092CE.NFO,07/01/2020,10:18:06,1.75,1.75,14000,1.8,14000,0,343000
FEDERALBNK30JAN2092CE.NFO,07/01/2020,10:18:09,1.75,1.75,21000,1.85,63000,0,343000
FEDERALBNK30JAN2092CE.NFO,07/01/2020,10:18:30,1.75,1.8,14000,1.85,21000,0,343000
FEDERALBNK30JAN2092CE.NFO,07/01/2020,10:18:35,1.75,1.75,49000,1.85,28000,0,343000
FEDERALBNK30JAN2092CE.NFO,07/01/2020,10:18:40,1.75,1.75,21000,1.85,42000,0,343000
FEDERALBNK30JAN2092CE.NFO,07/01/2020,10:19:13,1.75,1.75,21000,1.85,63000,0,343000
FEDERALBNK30JAN2092CE.NFO,07/01/2020,10:19:17,1.75,1.75,14000,1.8,7000,0,343000
FEDERALBNK30JAN2092CE.NFO,07/01/2020,10:20:39,1.75,1.75,21000,1.8,7000,0,343000
FEDERALBNK30JAN2092CE.NFO,07/01/2020,10:21:03,1.75,1.75,21000,1.85,56000,0,343000
FEDERALBNK30JAN2092CE.NFO,07/01/2020,10:21:45,1.75,1.75,21000,1.8,7000,0,343000
FEDERALBNK30JAN2092CE.NFO,07/01/2020,10:22:47,1.75,1.7,49000,1.8,28000,0,343000
FEDERALBNK30JAN2092CE.NFO,07/01/2020,10:22:58,1.75,1.75,14000,1.8,7000,0,343000
FEDERALBNK30JAN2092CE.NFO,07/01/2020,10:23:03,1.75,1.75,21000,1.8,7000,0,343000
FEDERALBNK30JAN2092CE.NFO,07/01/2020,10:23:35,1.75,1.75,21000,1.85,56000,0,343000
FEDERALBNK30JAN2092CE.NFO,07/01/2020,10:23:43,1.75,1.75,28000,1.85,56000,0,343000
FEDERALBNK30JAN2092CE.NFO,07/01/2020,10:23:47,1.75,1.75,28000,1.85,49000,0,343000
FEDERALBNK30JAN2092CE.NFO,07/01/2020,10:24:00,1.75,1.75,14000,1.8,14000,0,343000
FEDERALBNK30JAN2092CE.NFO,07/01/2020,10:24:04,1.75,1.75,14000,1.8,7000,0,343000
FEDERALBNK30JAN2092CE.NFO,07/01/2020,10:24:08,1.75,1.75,14000,1.8,14000,0,343000
FEDERALBNK30JAN2092CE.NFO,07/01/2020,10:24:12,1.75,1.75,7000,1.8,14000,0,343000
FEDERALBNK30JAN2092CE.NFO,07/01/2020,10:24:20,1.75,1.7,49000,1.8,14000,0,343000
FEDERALBNK30JAN2092CE.NFO,07/01/2020,10:24:24,1.75,1.7,49000,1.8,21000,0,343000
FEDERALBNK30JAN2092CE.NFO,07/01/2020,10:24:28,1.75,1.7,49000,1.8,14000,0,343000
FEDERALBNK30JAN2092CE.NFO,07/01/2020,10:24:31,1.75,1.7,49000,1.8,21000,0,343000
FEDERALBNK30JAN2092CE.NFO,07/01/2020,10:24:34,1.75,1.7,49000,1.8,14000,0,343000
FEDERALBNK30JAN2092CE.NFO,07/01/2020,10:25:06,1.75,1.7,56000,1.8,21000,0,343000
FEDERALBNK30JAN2092CE.NFO,07/01/2020,10:25:13,1.75,1.7,56000,1.8,14000,0,343000
FEDERALBNK30JAN2092CE.NFO,07/01/2020,10:25:36,1.75,1.7,56000,1.8,28000,0,343000
FEDERALBNK30JAN2092CE.NFO,07/01/2020,10:25:42,1.75,1.7,56000,1.8,21000,0,343000
FEDERALBNK30JAN2092CE.NFO,07/01/2020,10:26:05,1.75,1.7,56000,1.8,14000,0,343000
FEDERALBNK30JAN2092CE.NFO,07/01/2020,10:26:09,1.75,1.7,56000,1.8,21000,0,343000
FEDERALBNK30JAN2092CE.NFO,07/01/2020,10:26:31,1.75,1.75,7000,1.8,21000,0,343000
FEDERALBNK30JAN2092CE.NFO,07/01/2020,10:26:37,1.75,1.75,14000,1.8,21000,0,343000
FEDERALBNK30JAN2092CE.NFO,07/01/2020,10:27:32,1.75,1.75,14000,1.8,14000,0,343000
FEDERALBNK30JAN2092CE.NFO,07/01/2020,10:28:07,1.75,1.75,21000,1.8,14000,0,343000
FEDERALBNK30JAN2092CE.NFO,07/01/2020,10:29:14,1.75,1.75,14000,1.8,14000,0,343000
FEDERALBNK30JAN2092CE.NFO,07/01/2020,10:29:16,1.75,1.75,21000,1.8,14000,0,343000
FEDERALBNK30JAN2092CE.NFO,07/01/2020,10:29:29,1.75,1.75,21000,1.8,7000,0,343000
FEDERALBNK30JAN2092CE.NFO,07/01/2020,10:30:11,1.75,1.75,14000,1.85,35000,0,343000
FEDERALBNK30JAN2092CE.NFO,07/01/2020,10:30:15,1.75,1.75,14000,1.8,7000,0,343000
FEDERALBNK30JAN2092CE.NFO,07/01/2020,10:30:25,1.75,1.75,21000,1.8,7000,0,343000
FEDERALBNK30JAN2092CE.NFO,07/01/2020,10:30:38,1.75,1.75,49000,1.85,42000,0,343000
FEDERALBNK30JAN2092CE.NFO,07/01/2020,10:30:42,1.75,1.75,42000,1.85,42000,0,343000
FEDERALBNK30JAN2092CE.NFO,07/01/2020,10:30:46,1.75,1.75,49000,1.85,42000,0,343000
FEDERALBNK30JAN2092CE.NFO,07/01/2020,10:32:26,1.75,1.75,42000,1.8,14000,0,343000
FEDERALBNK30JAN2092CE.NFO,07/01/2020,10:32:52,1.75,1.75,49000,1.85,42000,0,343000
FEDERALBNK30JAN2092CE.NFO,07/01/2020,10:35:38,1.75,1.75,49000,1.85,35000,0,343000
FEDERALBNK30JAN2092CE.NFO,07/01/2020,10:35:47,1.75,1.8,7000,1.85,28000,0,343000
FEDERALBNK30JAN2092CE.NFO,07/01/2020,10:35:57,1.75,1.8,7000,1.85,21000,0,343000
FEDERALBNK30JAN2092CE.NFO,07/01/2020,10:36:07,1.75,1.8,7000,1.85,28000,0,343000
FEDERALBNK30JAN2092CE.NFO,07/01/2020,10:36:18,1.75,1.8,7000,1.85,35000,0,343000
FEDERALBNK30JAN2092CE.NFO,07/01/2020,10:36:28,1.75,1.75,49000,1.85,35000,0,343000
FEDERALBNK30JAN2092CE.NFO,07/01/2020,10:36:30,1.75,1.8,7000,1.85,35000,0,343000
FEDERALBNK30JAN2092CE.NFO,07/01/2020,10:36:34,1.75,1.75,56000,1.85,28000,0,343000
FEDERALBNK30JAN2092CE.NFO,07/01/2020,10:36:48,1.75,1.8,7000,1.85,28000,0,343000
FEDERALBNK30JAN2092CE.NFO,07/01/2020,10:36:59,1.75,1.8,7000,1.85,35000,0,343000
FEDERALBNK30JAN2092CE.NFO,07/01/2020,10:38:23,1.75,1.8,7000,1.85,28000,0,343000
FEDERALBNK30JAN2092CE.NFO,07/01/2020,10:38:39,1.75,1.8,7000,1.85,35000,0,343000
FEDERALBNK30JAN2092CE.NFO,07/01/2020,10:38:42,1.75,1.8,7000,1.85,28000,0,343000
FEDERALBNK30JAN2092CE.NFO,07/01/2020,10:39:31,1.75,1.8,7000,1.85,21000,0,343000
FEDERALBNK30JAN2092CE.NFO,07/01/2020,10:39:42,1.75,1.8,7000,1.85,28000,0,343000
FEDERALBNK30JAN2092CE.NFO,07/01/2020,10:39:45,1.75,1.8,7000,1.85,21000,0,343000
FEDERALBNK30JAN2092CE.NFO,07/01/2020,10:39:58,1.75,1.8,7000,1.85,35000,0,343000
FEDERALBNK30JAN2092CE.NFO,07/01/2020,10:40:03,1.75,1.75,56000,1.85,35000,0,343000
FEDERALBNK30JAN2092CE.NFO,07/01/2020,10:40:32,1.75,1.75,63000,1.85,35000,0,343000
FEDERALBNK30JAN2092CE.NFO,07/01/2020,10:40:36,1.75,1.75,56000,1.85,35000,0,343000
FEDERALBNK30JAN2092CE.NFO,07/01/2020,10:41:24,1.75,1.75,63000,1.85,21000,0,343000
FEDERALBNK30JAN2092CE.NFO,07/01/2020,10:42:10,1.75,1.8,14000,1.9,42000,0,343000
FEDERALBNK30JAN2092CE.NFO,07/01/2020,10:43:10,1.75,1.75,63000,1.85,28000,0,343000
FEDERALBNK30JAN2092CE.NFO,07/01/2020,10:43:12,1.75,1.75,63000,1.85,35000,0,343000
FEDERALBNK30JAN2092CE.NFO,07/01/2020,10:43:46,1.75,1.8,7000,1.85,35000,0,343000
FEDERALBNK30JAN2092CE.NFO,07/01/2020,10:44:00,1.75,1.8,7000,1.85,28000,0,343000
FEDERALBNK30JAN2092CE.NFO,07/01/2020,10:44:26,1.75,1.8,7000,1.85,35000,0,343000
FEDERALBNK30JAN2092CE.NFO,07/01/2020,10:45:00,1.75,1.75,56000,1.85,35000,0,343000
FEDERALBNK30JAN2092CE.NFO,07/01/2020,10:45:52,1.75,1.8,7000,1.85,28000,0,343000
FEDERALBNK30JAN2092CE.NFO,07/01/2020,10:46:12,1.75,1.75,56000,1.85,35000,0,343000
FEDERALBNK30JAN2092CE.NFO,07/01/2020,10:46:21,1.75,1.8,7000,1.85,28000,0,343000
FEDERALBNK30JAN2092CE.NFO,07/01/2020,10:47:54,1.75,1.75,56000,1.85,35000,0,343000
FEDERALBNK30JAN2092CE.NFO,07/01/2020,10:48:59,1.75,1.75,49000,1.85,35000,0,343000
FEDERALBNK30JAN2092CE.NFO,07/01/2020,10:50:16,1.75,1.75,56000,1.85,35000,0,343000
FEDERALBNK30JAN2092CE.NFO,07/01/2020,10:50:21,1.75,1.8,7000,1.85,28000,0,343000
FEDERALBNK30JAN2092CE.NFO,07/01/2020,10:50:26,1.75,1.75,49000,1.85,35000,0,343000
FEDERALBNK30JAN2092CE.NFO,07/01/2020,10:50:34,1.75,1.75,56000,1.85,35000,0,343000
FEDERALBNK30JAN2092CE.NFO,07/01/2020,10:50:38,1.75,1.7,42000,1.8,35000,7000,336000
FEDERALBNK30JAN2092CE.NFO,07/01/2020,10:51:04,1.75,1.7,56000,1.8,35000,0,336000
FEDERALBNK30JAN2092CE.NFO,07/01/2020,10:51:15,1.75,1.7,49000,1.8,35000,0,336000
FEDERALBNK30JAN2092CE.NFO,07/01/2020,10:51:25,1.75,1.7,7000,1.75,28000,0,336000
FEDERALBNK30JAN2092CE.NFO,07/01/2020,10:51:39,1.75,1.7,21000,1.8,35000,0,336000
FEDERALBNK30JAN2092CE.NFO,07/01/2020,10:51:56,1.75,1.7,21000,1.75,7000,0,336000
FEDERALBNK30JAN2092CE.NFO,07/01/2020,10:52:02,1.75,1.7,14000,1.75,21000,0,336000
FEDERALBNK30JAN2092CE.NFO,07/01/2020,10:52:07,1.75,1.7,7000,1.75,21000,0,336000
FEDERALBNK30JAN2092CE.NFO,07/01/2020,10:52:12,1.75,1.7,7000,1.75,28000,0,336000
FEDERALBNK30JAN2092CE.NFO,07/01/2020,10:52:16,1.75,1.7,14000,1.75,28000,0,336000
FEDERALBNK30JAN2092CE.NFO,07/01/2020,10:53:16,1.75,1.7,21000,1.75,7000,0,336000
FEDERALBNK30JAN2092CE.NFO,07/01/2020,10:53:26,1.75,1.65,56000,1.75,28000,0,336000
FEDERALBNK30JAN2092CE.NFO,07/01/2020,10:54:31,1.75,1.65,56000,1.75,21000,0,336000
FEDERALBNK30JAN2092CE.NFO,07/01/2020,10:54:56,1.75,1.65,56000,1.75,28000,0,336000
FEDERALBNK30JAN2092CE.NFO,07/01/2020,10:55:00,1.75,1.7,21000,1.75,7000,0,336000
FEDERALBNK30JAN2092CE.NFO,07/01/2020,10:55:15,1.75,1.65,56000,1.75,28000,0,336000
FEDERALBNK30JAN2092CE.NFO,07/01/2020,10:55:19,1.75,1.65,63000,1.75,35000,0,336000
FEDERALBNK30JAN2092CE.NFO,07/01/2020,10:56:12,1.75,1.65,63000,1.75,28000,0,336000
FEDERALBNK30JAN2092CE.NFO,07/01/2020,10:56:17,1.75,1.65,63000,1.75,21000,0,336000
FEDERALBNK30JAN2092CE.NFO,07/01/2020,10:56:22,1.75,1.65,63000,1.75,28000,0,336000
FEDERALBNK30JAN2092CE.NFO,07/01/2020,10:57:09,1.75,1.65,49000,1.75,35000,0,336000
FEDERALBNK30JAN2092CE.NFO,07/01/2020,10:57:15,1.75,1.65,49000,1.7,7000,0,336000
FEDERALBNK30JAN2092CE.NFO,07/01/2020,10:57:22,1.75,1.6,56000,1.7,7000,0,336000
FEDERALBNK30JAN2092CE.NFO,07/01/2020,10:57:29,1.75,1.65,21000,1.7,7000,0,336000
FEDERALBNK30JAN2092CE.NFO,07/01/2020,10:58:22,1.75,1.65,7000,1.7,7000,0,336000
FEDERALBNK30JAN2092CE.NFO,07/01/2020,10:58:28,1.75,1.65,14000,1.7,7000,0,336000
FEDERALBNK30JAN2092CE.NFO,07/01/2020,10:58:38,1.75,1.6,56000,1.7,28000,0,336000
FEDERALBNK30JAN2092CE.NFO,07/01/2020,10:58:43,1.75,1.6,56000,1.7,21000,0,336000
FEDERALBNK30JAN2092CE.NFO,07/01/2020,10:58:54,1.75,1.6,56000,1.7,28000,0,336000
FEDERALBNK30JAN2092CE.NFO,07/01/2020,10:58:58,1.75,1.6,49000,1.7,21000,0,336000
FEDERALBNK30JAN2092CE.NFO,07/01/2020,10:59:04,1.75,1.65,14000,1.75,42000,0,336000
FEDERALBNK30JAN2092CE.NFO,07/01/2020,10:59:21,1.75,1.65,14000,1.7,7000,0,336000
FEDERALBNK30JAN2092CE.NFO,07/01/2020,10:59:32,1.75,1.65,14000,1.75,42000,0,336000
FEDERALBNK30JAN2092CE.NFO,07/01/2020,10:59:37,1.75,1.65,14000,1.75,21000,0,336000
FEDERALBNK30JAN2092CE.NFO,07/01/2020,10:59:48,1.75,1.65,14000,1.75,28000,0,336000
FEDERALBNK30JAN2092CE.NFO,07/01/2020,11:00:10,1.75,1.65,14000,1.7,7000,0,336000
FEDERALBNK30JAN2092CE.NFO,07/01/2020,11:00:16,1.75,1.6,42000,1.7,14000,0,336000
FEDERALBNK30JAN2092CE.NFO,07/01/2020,11:00:22,1.75,1.6,49000,1.7,14000,0,336000
FEDERALBNK30JAN2092CE.NFO,07/01/2020,11:01:01,1.75,1.6,42000,1.7,14000,0,336000
FEDERALBNK30JAN2092CE.NFO,07/01/2020,11:01:30,1.65,1.6,49000,1.7,7000,7000,336000
FEDERALBNK30JAN2092CE.NFO,07/01/2020,11:01:30,1.65,1.6,49000,1.7,7000,0,336000
FEDERALBNK30JAN2092CE.NFO,07/01/2020,11:01:37,1.65,1.65,14000,1.75,42000,0,336000
FEDERALBNK30JAN2092CE.NFO,07/01/2020,11:01:51,1.65,1.65,7000,1.75,42000,0,336000
FEDERALBNK30JAN2092CE.NFO,07/01/2020,11:01:58,1.65,1.65,14000,1.75,42000,0,336000
FEDERALBNK30JAN2092CE.NFO,07/01/2020,11:02:18,1.65,1.65,21000,1.75,42000,0,336000
FEDERALBNK30JAN2092CE.NFO,07/01/2020,11:02:31,1.65,1.65,14000,1.75,42000,0,336000
FEDERALBNK30JAN2092CE.NFO,07/01/2020,11:03:12,1.65,1.65,7000,1.75,42000,0,336000
FEDERALBNK30JAN2092CE.NFO,07/01/2020,11:03:33,1.65,1.6,42000,1.75,42000,0,336000
FEDERALBNK30JAN2092CE.NFO,07/01/2020,11:03:45,1.65,1.6,42000,1.7,14000,0,336000
FEDERALBNK30JAN2092CE.NFO,07/01/2020,11:04:03,1.65,1.65,7000,1.7,14000,0,336000
FEDERALBNK30JAN2092CE.NFO,07/01/2020,11:04:21,1.65,1.6,42000,1.7,14000,0,336000
FEDERALBNK30JAN2092CE.NFO,07/01/2020,11:04:32,1.65,1.6,42000,1.7,21000,0,336000
FEDERALBNK30JAN2092CE.NFO,07/01/2020,11:04:38,1.65,1.65,21000,1.7,7000,0,336000
FEDERALBNK30JAN2092CE.NFO,07/01/2020,11:04:50,1.65,1.65,14000,1.7,7000,0,336000
FEDERALBNK30JAN2092CE.NFO,07/01/2020,11:04:56,1.65,1.65,7000,1.7,7000,0,336000
FEDERALBNK30JAN2092CE.NFO,07/01/2020,11:05:07,1.65,1.6,42000,1.7,14000,0,336000
FEDERALBNK30JAN2092CE.NFO,07/01/2020,11:05:29,1.65,1.6,42000,1.7,7000,0,336000
FEDERALBNK30JAN2092CE.NFO,07/01/2020,11:05:34,1.65,1.65,7000,1.7,7000,0,336000
FEDERALBNK30JAN2092CE.NFO,07/01/2020,11:05:45,1.65,1.65,7000,1.7,14000,0,336000
FEDERALBNK30JAN2092CE.NFO,07/01/2020,11:05:50,1.65,1.65,7000,1.7,7000,0,336000
FEDERALBNK30JAN2092CE.NFO,07/01/2020,11:05:57,1.65,1.6,42000,1.7,14000,0,336000
FEDERALBNK30JAN2092CE.NFO,07/01/2020,11:06:02,1.65,1.6,42000,1.7,7000,0,336000
FEDERALBNK30JAN2092CE.NFO,07/01/2020,11:06:08,1.65,1.65,21000,1.7,7000,0,336000
FEDERALBNK30JAN2092CE.NFO,07/01/2020,11:06:15,1.65,1.65,21000,1.75,49000,0,336000
FEDERALBNK30JAN2092CE.NFO,07/01/2020,11:06:22,1.65,1.65,21000,1.7,7000,0,336000
FEDERALBNK30JAN2092CE.NFO,07/01/2020,11:06:41,1.65,1.65,7000,1.7,7000,0,336000
FEDERALBNK30JAN2092CE.NFO,07/01/2020,11:06:47,1.65,1.6,42000,1.7,14000,0,336000
FEDERALBNK30JAN2092CE.NFO,07/01/2020,11:06:53,1.65,1.65,14000,1.7,14000,0,336000
FEDERALBNK30JAN2092CE.NFO,07/01/2020,11:06:59,1.65,1.65,35000,1.7,14000,0,336000
FEDERALBNK30JAN2092CE.NFO,07/01/2020,11:07:04,1.65,1.65,28000,1.7,14000,0,336000
FEDERALBNK30JAN2092CE.NFO,07/01/2020,11:07:09,1.65,1.65,21000,1.7,14000,0,336000
FEDERALBNK30JAN2092CE.NFO,07/01/2020,11:07:24,1.65,1.6,42000,1.7,14000,0,336000
FEDERALBNK30JAN2092CE.NFO,07/01/2020,11:07:44,1.65,1.6,42000,1.65,7000,0,336000
FEDERALBNK30JAN2092CE.NFO,07/01/2020,11:08:30,1.65,1.6,21000,1.7,42000,0,336000
FEDERALBNK30JAN2092CE.NFO,07/01/2020,11:08:35,1.65,1.6,21000,1.65,7000,0,336000
FEDERALBNK30JAN2092CE.NFO,07/01/2020,11:08:41,1.65,1.6,21000,1.7,42000,0,336000
FEDERALBNK30JAN2092CE.NFO,07/01/2020,11:08:45,1.65,1.6,21000,1.65,7000,0,336000
FEDERALBNK30JAN2092CE.NFO,07/01/2020,11:09:04,1.65,1.6,21000,1.7,42000,0,336000
FEDERALBNK30JAN2092CE.NFO,07/01/2020,11:09:21,1.65,1.6,21000,1.65,7000,0,336000
FEDERALBNK30JAN2092CE.NFO,07/01/2020,11:09:26,1.65,1.6,7000,1.65,7000,0,336000
FEDERALBNK30JAN2092CE.NFO,07/01/2020,11:09:31,1.65,1.6,7000,1.65,14000,0,336000
FEDERALBNK30JAN2092CE.NFO,07/01/2020,11:09:35,1.65,1.6,7000,1.65,7000,0,336000
FEDERALBNK30JAN2092CE.NFO,07/01/2020,11:10:11,1.65,1.6,7000,1.65,14000,0,336000
FEDERALBNK30JAN2092CE.NFO,07/01/2020,11:10:24,1.65,1.6,7000,1.65,7000,0,336000
FEDERALBNK30JAN2092CE.NFO,07/01/2020,11:10:28,1.65,1.6,7000,1.65,14000,0,336000
FEDERALBNK30JAN2092CE.NFO,07/01/2020,11:11:07,1.65,1.55,35000,1.65,14000,0,336000
FEDERALBNK30JAN2092CE.NFO,07/01/2020,11:11:14,1.65,1.55,21000,1.65,14000,0,336000
FEDERALBNK30JAN2092CE.NFO,07/01/2020,11:11:21,1.65,1.55,21000,1.6,7000,0,336000
FEDERALBNK30JAN2092CE.NFO,07/01/2020,11:11:35,1.6,1.55,28000,1.65,49000,7000,336000
FEDERALBNK30JAN2092CE.NFO,07/01/2020,11:11:35,1.6,1.55,28000,1.65,49000,0,336000
FEDERALBNK30JAN2092CE.NFO,07/01/2020,11:11:41,1.6,1.55,28000,1.65,49000,0,336000
FEDERALBNK30JAN2092CE.NFO,07/01/2020,11:11:47,1.6,1.55,28000,1.65,42000,0,336000
FEDERALBNK30JAN2092CE.NFO,07/01/2020,11:11:58,1.6,1.6,28000,1.7,42000,0,336000
FEDERALBNK30JAN2092CE.NFO,07/01/2020,11:12:06,1.6,1.55,70000,1.65,14000,0,336000
FEDERALBNK30JAN2092CE.NFO,07/01/2020,11:12:14,1.6,1.55,70000,1.65,7000,0,336000
FEDERALBNK30JAN2092CE.NFO,07/01/2020,11:12:54,1.6,1.55,70000,1.65,14000,0,336000
FEDERALBNK30JAN2092CE.NFO,07/01/2020,11:12:59,1.6,1.55,70000,1.65,7000,0,336000
FEDERALBNK30JAN2092CE.NFO,07/01/2020,11:13:28,1.6,1.55,63000,1.65,21000,0,336000
FEDERALBNK30JAN2092CE.NFO,07/01/2020,11:13:33,1.6,1.55,35000,1.65,21000,0,336000
FEDERALBNK30JAN2092CE.NFO,07/01/2020,11:13:40,1.6,1.55,35000,1.65,14000,0,336000
FEDERALBNK30JAN2092CE.NFO,07/01/2020,11:14:14,1.6,1.55,28000,1.65,14000,7000,329000
FEDERALBNK30JAN2092CE.NFO,07/01/2020,11:14:26,1.6,1.55,28000,1.65,14000,0,329000
FEDERALBNK30JAN2092CE.NFO,07/01/2020,11:14:36,1.6,1.55,21000,1.65,49000,0,329000
FEDERALBNK30JAN2092CE.NFO,07/01/2020,11:14:45,1.6,1.55,14000,1.65,49000,0,329000
FEDERALBNK30JAN2092CE.NFO,07/01/2020,11:14:55,1.6,1.55,21000,1.65,49000,0,329000
FEDERALBNK30JAN2092CE.NFO,07/01/2020,11:15:01,1.6,1.55,14000,1.65,49000,0,329000
FEDERALBNK30JAN2092CE.NFO,07/01/2020,11:15:19,1.6,1.55,14000,1.65,42000,0,329000
FEDERALBNK30JAN2092CE.NFO,07/01/2020,11:15:24,1.6,1.55,21000,1.65,42000,0,329000
FEDERALBNK30JAN2092CE.NFO,07/01/2020,11:16:04,1.6,1.55,14000,1.65,42000,0,329000
FEDERALBNK30JAN2092CE.NFO,07/01/2020,11:16:43,1.6,1.55,21000,1.65,42000,0,329000
FEDERALBNK30JAN2092CE.NFO,07/01/2020,11:17:06,1.6,1.55,14000,1.6,7000,0,329000
FEDERALBNK30JAN2092CE.NFO,07/01/2020,11:17:10,1.6,1.55,14000,1.65,42000,0,329000
FEDERALBNK30JAN2092CE.NFO,07/01/2020,11:18:39,1.6,1.55,21000,1.65,49000,0,329000
FEDERALBNK30JAN2092CE.NFO,07/01/2020,11:19:21,1.6,1.55,21000,1.6,7000,0,329000
FEDERALBNK30JAN2092CE.NFO,07/01/2020,11:20:28,1.6,1.55,21000,1.65,49000,0,329000
FEDERALBNK30JAN2092CE.NFO,07/01/2020,11:20:44,1.6,1.55,21000,1.6,7000,0,329000
FEDERALBNK30JAN2092CE.NFO,07/01/2020,11:20:50,1.6,1.55,21000,1.65,42000,14000,322000
FEDERALBNK30JAN2092CE.NFO,07/01/2020,11:20:56,1.6,1.55,21000,1.65,42000,0,322000
FEDERALBNK30JAN2092CE.NFO,07/01/2020,11:21:10,1.6,1.55,21000,1.65,7000,0,322000
FEDERALBNK30JAN2092CE.NFO,07/01/2020,11:21:33,1.6,1.55,21000,1.65,28000,0,322000
FEDERALBNK30JAN2092CE.NFO,07/01/2020,11:21:44,1.6,1.55,21000,1.65,21000,0,322000
FEDERALBNK30JAN2092CE.NFO,07/01/2020,11:21:56,1.6,1.55,21000,1.65,7000,0,322000
FEDERALBNK30JAN2092CE.NFO,07/01/2020,11:22:21,1.6,1.55,21000,1.65,14000,0,322000
FEDERALBNK30JAN2092CE.NFO,07/01/2020,11:22:29,1.6,1.55,21000,1.65,7000,0,322000
FEDERALBNK30JAN2092CE.NFO,07/01/2020,11:23:07,1.6,1.55,49000,1.7,42000,0,322000
FEDERALBNK30JAN2092CE.NFO,07/01/2020,11:23:25,1.6,1.55,63000,1.7,42000,0,322000
FEDERALBNK30JAN2092CE.NFO,07/01/2020,11:24:02,1.6,1.55,63000,1.7,21000,0,322000
FEDERALBNK30JAN2092CE.NFO,07/01/2020,11:24:08,1.6,1.55,63000,1.7,14000,0,322000
FEDERALBNK30JAN2092CE.NFO,07/01/2020,11:24:13,1.6,1.55,63000,1.7,21000,0,322000
FEDERALBNK30JAN2092CE.NFO,07/01/2020,11:24:23,1.6,1.55,77000,1.7,14000,0,322000
FEDERALBNK30JAN2092CE.NFO,07/01/2020,11:24:33,1.6,1.65,14000,1.75,49000,0,322000
FEDERALBNK30JAN2092CE.NFO,07/01/2020,11:24:46,1.6,1.65,21000,1.75,49000,0,322000
FEDERALBNK30JAN2092CE.NFO,07/01/2020,11:24:54,1.6,1.65,21000,1.75,42000,0,322000
FEDERALBNK30JAN2092CE.NFO,07/01/2020,11:25:03,1.6,1.65,14000,1.75,42000,0,322000
FEDERALBNK30JAN2092CE.NFO,07/01/2020,11:26:55,1.6,1.65,7000,1.7,7000,0,322000
FEDERALBNK30JAN2092CE.NFO,07/01/2020,11:27:27,1.6,1.6,21000,1.7,28000,0,322000
FEDERALBNK30JAN2092CE.NFO,07/01/2020,11:28:52,1.6,1.55,49000,1.65,14000,0,322000
FEDERALBNK30JAN2092CE.NFO,07/01/2020,11:29:22,1.6,1.55,49000,1.65,7000,0,322000
FEDERALBNK30JAN2092CE.NFO,07/01/2020,11:29:29,1.6,1.55,49000,1.7,49000,0,322000
FEDERALBNK30JAN2092CE.NFO,07/01/2020,11:29:40,1.6,1.55,42000,1.7,49000,0,322000
FEDERALBNK30JAN2092CE.NFO,07/01/2020,11:29:44,1.6,1.55,49000,1.7,49000,0,322000
FEDERALBNK30JAN2092CE.NFO,07/01/2020,11:31:03,1.6,1.55,63000,1.7,49000,0,322000
FEDERALBNK30JAN2092CE.NFO,07/01/2020,11:31:33,1.6,1.55,63000,1.7,14000,0,322000
FEDERALBNK30JAN2092CE.NFO,07/01/2020,11:31:53,1.6,1.65,14000,1.7,14000,0,322000
FEDERALBNK30JAN2092CE.NFO,07/01/2020,11:32:15,1.6,1.65,7000,1.7,14000,0,322000
FEDERALBNK30JAN2092CE.NFO,07/01/2020,11:32:40,1.6,1.65,14000,1.7,14000,0,322000
FEDERALBNK30JAN2092CE.NFO,07/01/2020,11:32:44,1.6,1.65,7000,1.7,14000,0,322000
FEDERALBNK30JAN2092CE.NFO,07/01/2020,11:33:14,1.6,1.6,49000,1.7,14000,0,322000
FEDERALBNK30JAN2092CE.NFO,07/01/2020,11:33:28,1.6,1.65,7000,1.7,14000,0,322000
FEDERALBNK30JAN2092CE.NFO,07/01/2020,11:33:44,1.6,1.65,14000,1.7,14000,0,322000
FEDERALBNK30JAN2092CE.NFO,07/01/2020,11:33:48,1.6,1.65,14000,1.7,7000,0,322000
FEDERALBNK30JAN2092CE.NFO,07/01/2020,11:33:57,1.6,1.65,21000,1.75,49000,0,322000
FEDERALBNK30JAN2092CE.NFO,07/01/2020,11:34:14,1.6,1.7,7000,1.75,14000,0,322000
FEDERALBNK30JAN2092CE.NFO,07/01/2020,11:34:33,1.6,1.7,14000,1.75,14000,0,322000
FEDERALBNK30JAN2092CE.NFO,07/01/2020,11:34:50,1.6,1.7,7000,1.75,14000,0,322000
FEDERALBNK30JAN2092CE.NFO,07/01/2020,11:35:23,1.6,1.7,7000,1.8,49000,0,322000
FEDERALBNK30JAN2092CE.NFO,07/01/2020,11:35:29,1.6,1.7,21000,1.8,49000,0,322000
FEDERALBNK30JAN2092CE.NFO,07/01/2020,11:35:54,1.6,1.7,49000,1.8,14000,0,322000
FEDERALBNK30JAN2092CE.NFO,07/01/2020,11:36:04,1.6,1.7,49000,1.8,28000,0,322000
FEDERALBNK30JAN2092CE.NFO,07/01/2020,11:36:08,1.6,1.7,49000,1.8,21000,0,322000
FEDERALBNK30JAN2092CE.NFO,07/01/2020,11:36:21,1.6,1.7,21000,1.8,28000,0,322000
FEDERALBNK30JAN2092CE.NFO,07/01/2020,11:36:31,1.6,1.7,28000,1.8,28000,0,322000
FEDERALBNK30JAN2092CE.NFO,07/01/2020,11:36:40,1.6,1.7,7000,1.75,14000,0,322000
FEDERALBNK30JAN2092CE.NFO,07/01/2020,11:36:46,1.6,1.65,56000,1.75,14000,0,322000
FEDERALBNK30JAN2092CE.NFO,07/01/2020,11:36:52,1.6,1.65,56000,1.75,21000,0,322000
FEDERALBNK30JAN2092CE.NFO,07/01/2020,11:36:58,1.6,1.65,49000,1.75,21000,0,322000
FEDERALBNK30JAN2092CE.NFO,07/01/2020,11:37:35,1.6,1.65,42000,1.75,21000,0,322000
FEDERALBNK30JAN2092CE.NFO,07/01/2020,11:38:02,1.6,1.65,49000,1.75,21000,0,322000
FEDERALBNK30JAN2092CE.NFO,07/01/2020,11:38:17,1.6,1.65,49000,1.75,28000,0,322000
FEDERALBNK30JAN2092CE.NFO,07/01/2020,11:38:51,1.6,1.65,56000,1.75,28000,0,322000
FEDERALBNK30JAN2092CE.NFO,07/01/2020,11:38:54,1.6,1.65,49000,1.7,7000,0,322000
FEDERALBNK30JAN2092CE.NFO,07/01/2020,11:39:19,1.6,1.65,14000,1.7,7000,0,322000
FEDERALBNK30JAN2092CE.NFO,07/01/2020,11:39:34,1.6,1.6,63000,1.7,21000,0,322000
FEDERALBNK30JAN2092CE.NFO,07/01/2020,11:39:42,1.6,1.65,7000,1.7,14000,0,322000
FEDERALBNK30JAN2092CE.NFO,07/01/2020,11:39:53,1.6,1.6,56000,1.7,28000,0,322000
FEDERALBNK30JAN2092CE.NFO,07/01/2020,11:40:10,1.6,1.6,49000,1.7,28000,0,322000
FEDERALBNK30JAN2092CE.NFO,07/01/2020,11:40:37,1.6,1.6,56000,1.7,28000,0,322000
FEDERALBNK30JAN2092CE.NFO,07/01/2020,11:40:48,1.6,1.6,56000,1.7,35000,0,322000
FEDERALBNK30JAN2092CE.NFO,07/01/2020,11:41:58,1.6,1.6,49000,1.7,35000,0,322000
FEDERALBNK30JAN2092CE.NFO,07/01/2020,11:42:03,1.6,1.55,63000,1.65,35000,0,322000
FEDERALBNK30JAN2092CE.NFO,07/01/2020,11:42:17,1.6,1.55,63000,1.65,28000,0,322000
FEDERALBNK30JAN2092CE.NFO,07/01/2020,11:42:40,1.6,1.6,14000,1.65,7000,0,322000
FEDERALBNK30JAN2092CE.NFO,07/01/2020,11:42:44,1.6,1.6,14000,1.65,14000,0,322000
FEDERALBNK30JAN2092CE.NFO,07/01/2020,11:42:53,1.6,1.55,63000,1.65,35000,0,322000
FEDERALBNK30JAN2092CE.NFO,07/01/2020,11:43:16,1.6,1.55,21000,1.6,7000,0,322000
FEDERALBNK30JAN2092CE.NFO,07/01/2020,11:43:19,1.6,1.55,28000,1.65,35000,0,322000
FEDERALBNK30JAN2092CE.NFO,07/01/2020,11:43:43,1.6,1.55,35000,1.65,35000,0,322000
FEDERALBNK30JAN2092CE.NFO,07/01/2020,11:44:37,1.6,1.55,28000,1.6,7000,0,322000
FEDERALBNK30JAN2092CE.NFO,07/01/2020,11:44:41,1.6,1.55,21000,1.6,7000,0,322000
FEDERALBNK30JAN2092CE.NFO,07/01/2020,11:44:53,1.6,1.55,14000,1.6,7000,0,322000
FEDERALBNK30JAN2092CE.NFO,07/01/2020,11:45:02,1.6,1.55,14000,1.6,14000,0,322000
FEDERALBNK30JAN2092CE.NFO,07/01/2020,11:45:20,1.6,1.55,14000,1.6,7000,0,322000
FEDERALBNK30JAN2092CE.NFO,07/01/2020,11:45:40,1.6,1.55,14000,1.6,14000,0,322000
FEDERALBNK30JAN2092CE.NFO,07/01/2020,11:45:45,1.6,1.55,14000,1.6,21000,0,322000
FEDERALBNK30JAN2092CE.NFO,07/01/2020,11:45:48,1.6,1.55,14000,1.6,14000,0,322000
FEDERALBNK30JAN2092CE.NFO,07/01/2020,11:45:51,1.6,1.55,14000,1.6,21000,0,322000
FEDERALBNK30JAN2092CE.NFO,07/01/2020,11:45:55,1.6,1.55,14000,1.6,14000,0,322000
FEDERALBNK30JAN2092CE.NFO,07/01/2020,11:46:03,1.6,1.55,14000,1.6,21000,0,322000
FEDERALBNK30JAN2092CE.NFO,07/01/2020,11:46:17,1.6,1.55,14000,1.6,14000,0,322000
FEDERALBNK30JAN2092CE.NFO,07/01/2020,11:46:31,1.6,1.55,14000,1.6,21000,0,322000
FEDERALBNK30JAN2092CE.NFO,07/01/2020,11:46:35,1.6,1.55,14000,1.6,14000,0,322000
FEDERALBNK30JAN2092CE.NFO,07/01/2020,11:46:49,1.6,1.55,14000,1.6,21000,0,322000
FEDERALBNK30JAN2092CE.NFO,07/01/2020,11:47:04,1.6,1.55,7000,1.6,21000,0,322000
FEDERALBNK30JAN2092CE.NFO,07/01/2020,11:47:06,1.6,1.55,14000,1.6,21000,0,322000
FEDERALBNK30JAN2092CE.NFO,07/01/2020,11:47:09,1.6,1.55,14000,1.6,28000,0,322000
FEDERALBNK30JAN2092CE.NFO,07/01/2020,11:47:23,1.6,1.55,7000,1.6,28000,0,322000
FEDERALBNK30JAN2092CE.NFO,07/01/2020,11:47:34,1.6,1.5,77000,1.6,35000,0,322000
FEDERALBNK30JAN2092CE.NFO,07/01/2020,11:48:31,1.6,1.5,77000,1.6,28000,0,322000
FEDERALBNK30JAN2092CE.NFO,07/01/2020,11:48:37,1.6,1.55,7000,1.6,28000,0,322000
FEDERALBNK30JAN2092CE.NFO,07/01/2020,11:48:41,1.6,1.5,77000,1.6,28000,0,322000
FEDERALBNK30JAN2092CE.NFO,07/01/2020,11:50:05,1.6,1.5,70000,1.6,28000,0,322000
FEDERALBNK30JAN2092CE.NFO,07/01/2020,11:50:21,1.6,1.5,70000,1.6,21000,0,322000
FEDERALBNK30JAN2092CE.NFO,07/01/2020,11:50:50,1.6,1.55,14000,1.6,14000,0,322000
FEDERALBNK30JAN2092CE.NFO,07/01/2020,11:51:00,1.6,1.5,70000,1.6,21000,0,322000
FEDERALBNK30JAN2092CE.NFO,07/01/2020,11:51:08,1.6,1.55,14000,1.6,14000,0,322000
FEDERALBNK30JAN2092CE.NFO,07/01/2020,11:51:55,1.6,1.55,14000,1.6,21000,0,322000
FEDERALBNK30JAN2092CE.NFO,07/01/2020,11:51:59,1.6,1.55,7000,1.6,21000,0,322000
FEDERALBNK30JAN2092CE.NFO,07/01/2020,11:52:25,1.6,1.55,14000,1.6,21000,0,322000
FEDERALBNK30JAN2092CE.NFO,07/01/2020,11:52:28,1.6,1.55,21000,1.6,7000,0,322000
FEDERALBNK30JAN2092CE.NFO,07/01/2020,11:54:30,1.6,1.55,14000,1.6,21000,0,322000
FEDERALBNK30JAN2092CE.NFO,07/01/2020,11:54:35,1.6,1.55,21000,1.6,7000,0,322000
FEDERALBNK30JAN2092CE.NFO,07/01/2020,11:54:53,1.6,1.55,14000,1.6,21000,0,322000
FEDERALBNK30JAN2092CE.NFO,07/01/2020,11:55:04,1.6,1.55,35000,1.65,56000,0,322000
FEDERALBNK30JAN2092CE.NFO,07/01/2020,11:55:07,1.6,1.55,28000,1.6,7000,0,322000
FEDERALBNK30JAN2092CE.NFO,07/01/2020,11:55:14,1.6,1.5,49000,1.6,28000,0,322000
FEDERALBNK30JAN2092CE.NFO,07/01/2020,11:55:32,1.6,1.5,42000,1.6,28000,0,322000
FEDERALBNK30JAN2092CE.NFO,07/01/2020,11:56:26,1.6,1.5,49000,1.6,28000,0,322000
FEDERALBNK30JAN2092CE.NFO,07/01/2020,11:56:29,1.6,1.5,42000,1.6,21000,0,322000
FEDERALBNK30JAN2092CE.NFO,07/01/2020,11:56:33,1.6,1.5,49000,1.6,21000,0,322000
FEDERALBNK30JAN2092CE.NFO,07/01/2020,11:57:05,1.6,1.5,42000,1.6,21000,0,322000
FEDERALBNK30JAN2092CE.NFO,07/01/2020,11:57:08,1.6,1.5,49000,1.6,21000,0,322000
FEDERALBNK30JAN2092CE.NFO,07/01/2020,11:57:49,1.6,1.5,42000,1.6,21000,0,322000
FEDERALBNK30JAN2092CE.NFO,07/01/2020,12:00:33,1.5,1.45,7000,1.5,21000,7000,322000
FEDERALBNK30JAN2092CE.NFO,07/01/2020,12:00:33,1.5,1.45,7000,1.5,21000,0,322000
FEDERALBNK30JAN2092CE.NFO,07/01/2020,12:00:37,1.5,1.45,7000,1.5,21000,0,322000
FEDERALBNK30JAN2092CE.NFO,07/01/2020,12:00:49,1.5,1.45,21000,1.5,14000,0,322000
FEDERALBNK30JAN2092CE.NFO,07/01/2020,12:00:57,1.5,1.45,35000,1.55,56000,7000,322000
FEDERALBNK30JAN2092CE.NFO,07/01/2020,12:01:01,1.5,1.45,35000,1.55,56000,0,322000
FEDERALBNK30JAN2092CE.NFO,07/01/2020,12:01:04,1.5,1.45,42000,1.55,56000,0,322000
FEDERALBNK30JAN2092CE.NFO,07/01/2020,12:01:15,1.5,1.45,35000,1.55,56000,0,322000
FEDERALBNK30JAN2092CE.NFO,07/01/2020,12:01:17,1.5,1.45,42000,1.55,14000,0,322000
FEDERALBNK30JAN2092CE.NFO,07/01/2020,12:01:22,1.5,1.5,7000,1.55,14000,0,322000
FEDERALBNK30JAN2092CE.NFO,07/01/2020,12:01:30,1.5,1.45,42000,1.55,14000,0,322000
FEDERALBNK30JAN2092CE.NFO,07/01/2020,12:01:33,1.5,1.5,7000,1.55,14000,0,322000
FEDERALBNK30JAN2092CE.NFO,07/01/2020,12:01:42,1.5,1.45,42000,1.55,14000,0,322000
FEDERALBNK30JAN2092CE.NFO,07/01/2020,12:01:48,1.5,1.45,42000,1.55,21000,0,322000
FEDERALBNK30JAN2092CE.NFO,07/01/2020,12:03:34,1.5,1.45,35000,1.55,21000,0,322000
FEDERALBNK30JAN2092CE.NFO,07/01/2020,12:04:02,1.5,1.45,42000,1.55,21000,0,322000
FEDERALBNK30JAN2092CE.NFO,07/01/2020,12:04:50,1.5,1.5,21000,1.55,14000,0,322000
FEDERALBNK30JAN2092CE.NFO,07/01/2020,12:05:52,1.5,1.5,7000,1.55,21000,0,322000
FEDERALBNK30JAN2092CE.NFO,07/01/2020,12:06:03,1.5,1.5,21000,1.55,14000,0,322000
FEDERALBNK30JAN2092CE.NFO,07/01/2020,12:06:23,1.5,1.5,21000,1.55,7000,0,322000
FEDERALBNK30JAN2092CE.NFO,07/01/2020,12:07:09,1.5,1.45,70000,1.55,21000,0,322000
FEDERALBNK30JAN2092CE.NFO,07/01/2020,12:08:18,1.5,1.5,21000,1.55,7000,0,322000
FEDERALBNK30JAN2092CE.NFO,07/01/2020,12:08:25,1.5,1.5,28000,1.6,56000,0,322000
FEDERALBNK30JAN2092CE.NFO,07/01/2020,12:08:31,1.5,1.5,35000,1.6,56000,0,322000
FEDERALBNK30JAN2092CE.NFO,07/01/2020,12:12:07,1.5,1.5,28000,1.55,7000,0,322000
FEDERALBNK30JAN2092CE.NFO,07/01/2020,12:13:02,1.5,1.5,35000,1.6,56000,0,322000
FEDERALBNK30JAN2092CE.NFO,07/01/2020,12:13:13,1.5,1.5,42000,1.6,56000,0,322000
FEDERALBNK30JAN2092CE.NFO,07/01/2020,12:14:02,1.5,1.5,49000,1.6,56000,0,322000
FEDERALBNK30JAN2092CE.NFO,07/01/2020,12:14:12,1.5,1.5,42000,1.6,56000,0,322000
FEDERALBNK30JAN2092CE.NFO,07/01/2020,12:14:16,1.5,1.55,7000,1.6,14000,0,322000
FEDERALBNK30JAN2092CE.NFO,07/01/2020,12:14:43,1.6,1.55,7000,1.6,14000,7000,336000
FEDERALBNK30JAN2092CE.NFO,07/01/2020,12:14:46,1.6,1.55,7000,1.6,14000,0,336000
FEDERALBNK30JAN2092CE.NFO,07/01/2020,12:14:49,1.6,1.55,14000,1.65,49000,0,336000
FEDERALBNK30JAN2092CE.NFO,07/01/2020,12:15:00,1.6,1.55,28000,1.65,49000,0,336000
FEDERALBNK30JAN2092CE.NFO,07/01/2020,12:15:04,1.6,1.55,14000,1.6,14000,0,336000
FEDERALBNK30JAN2092CE.NFO,07/01/2020,12:15:11,1.6,1.55,7000,1.6,14000,0,336000
FEDERALBNK30JAN2092CE.NFO,07/01/2020,12:15:18,1.6,1.5,77000,1.6,14000,0,336000
FEDERALBNK30JAN2092CE.NFO,07/01/2020,12:15:56,1.6,1.5,70000,1.6,14000,0,336000
FEDERALBNK30JAN2092CE.NFO,07/01/2020,12:16:01,1.6,1.5,70000,1.6,7000,0,336000
FEDERALBNK30JAN2092CE.NFO,07/01/2020,12:16:16,1.6,1.5,70000,1.6,14000,0,336000
FEDERALBNK30JAN2092CE.NFO,07/01/2020,12:16:48,1.6,1.5,70000,1.6,7000,0,336000
FEDERALBNK30JAN2092CE.NFO,07/01/2020,12:17:15,1.6,1.5,70000,1.6,14000,0,336000
FEDERALBNK30JAN2092CE.NFO,07/01/2020,12:17:35,1.6,1.5,70000,1.6,7000,0,336000
FEDERALBNK30JAN2092CE.NFO,07/01/2020,12:17:44,1.6,1.5,70000,1.6,14000,0,336000
FEDERALBNK30JAN2092CE.NFO,07/01/2020,12:17:46,1.6,1.5,70000,1.6,7000,0,336000
FEDERALBNK30JAN2092CE.NFO,07/01/2020,12:18:04,1.6,1.5,70000,1.6,14000,0,336000
FEDERALBNK30JAN2092CE.NFO,07/01/2020,12:18:06,1.6,1.5,70000,1.6,21000,0,336000
FEDERALBNK30JAN2092CE.NFO,07/01/2020,12:18:24,1.6,1.55,28000,1.6,7000,0,336000
FEDERALBNK30JAN2092CE.NFO,07/01/2020,12:18:27,1.6,1.55,28000,1.6,14000,0,336000
FEDERALBNK30JAN2092CE.NFO,07/01/2020,12:18:39,1.6,1.55,28000,1.6,7000,0,336000
FEDERALBNK30JAN2092CE.NFO,07/01/2020,12:18:41,1.6,1.55,28000,1.6,14000,0,336000
FEDERALBNK30JAN2092CE.NFO,07/01/2020,12:18:44,1.6,1.55,21000,1.6,14000,0,336000
FEDERALBNK30JAN2092CE.NFO,07/01/2020,12:19:08,1.6,1.55,28000,1.6,14000,0,336000
FEDERALBNK30JAN2092CE.NFO,07/01/2020,12:19:13,1.6,1.55,28000,1.6,7000,0,336000
FEDERALBNK30JAN2092CE.NFO,07/01/2020,12:20:03,1.6,1.55,28000,1.65,49000,0,336000
FEDERALBNK30JAN2092CE.NFO,07/01/2020,12:20:50,1.6,1.55,35000,1.65,49000,0,336000
FEDERALBNK30JAN2092CE.NFO,07/01/2020,12:21:00,1.6,1.55,42000,1.65,49000,0,336000
FEDERALBNK30JAN2092CE.NFO,07/01/2020,12:21:18,1.6,1.55,35000,1.65,49000,0,336000
FEDERALBNK30JAN2092CE.NFO,07/01/2020,12:22:24,1.6,1.55,35000,1.6,7000,0,336000
FEDERALBNK30JAN2092CE.NFO,07/01/2020,12:22:27,1.6,1.55,35000,1.65,49000,0,336000
FEDERALBNK30JAN2092CE.NFO,07/01/2020,12:22:53,1.6,1.55,35000,1.6,7000,0,336000
FEDERALBNK30JAN2092CE.NFO,07/01/2020,12:23:23,1.6,1.55,35000,1.65,49000,0,336000
FEDERALBNK30JAN2092CE.NFO,07/01/2020,12:23:41,1.6,1.55,35000,1.6,7000,0,336000
FEDERALBNK30JAN2092CE.NFO,07/01/2020,12:23:59,1.6,1.55,35000,1.65,49000,0,336000
FEDERALBNK30JAN2092CE.NFO,07/01/2020,12:24:24,1.6,1.55,28000,1.65,49000,0,336000
FEDERALBNK30JAN2092CE.NFO,07/01/2020,12:24:39,1.6,1.6,14000,1.65,14000,0,336000
FEDERALBNK30JAN2092CE.NFO,07/01/2020,12:25:31,1.6,1.6,21000,1.65,14000,0,336000
FEDERALBNK30JAN2092CE.NFO,07/01/2020,12:26:03,1.6,1.6,7000,1.65,21000,0,336000
FEDERALBNK30JAN2092CE.NFO,07/01/2020,12:26:10,1.6,1.55,77000,1.65,21000,0,336000
FEDERALBNK30JAN2092CE.NFO,07/01/2020,12:27:00,1.6,1.5,70000,1.6,35000,0,336000
FEDERALBNK30JAN2092CE.NFO,07/01/2020,12:27:18,1.6,1.55,21000,1.6,21000,0,336000
FEDERALBNK30JAN2092CE.NFO,07/01/2020,12:28:34,1.6,1.5,70000,1.6,35000,0,336000
FEDERALBNK30JAN2092CE.NFO,07/01/2020,12:29:23,1.6,1.5,63000,1.6,35000,0,336000
FEDERALBNK30JAN2092CE.NFO,07/01/2020,12:29:28,1.6,1.5,70000,1.6,35000,0,336000
FEDERALBNK30JAN2092CE.NFO,07/01/2020,12:30:09,1.6,1.5,35000,1.6,28000,0,336000
FEDERALBNK30JAN2092CE.NFO,07/01/2020,12:31:33,1.6,1.5,42000,1.6,28000,0,343000
FEDERALBNK30JAN2092CE.NFO,07/01/2020,12:31:36,1.6,1.5,35000,1.6,28000,0,343000
FEDERALBNK30JAN2092CE.NFO,07/01/2020,12:32:00,1.6,1.5,28000,1.55,7000,0,343000
FEDERALBNK30JAN2092CE.NFO,07/01/2020,12:32:05,1.6,1.5,21000,1.55,7000,0,343000
FEDERALBNK30JAN2092CE.NFO,07/01/2020,12:32:11,1.6,1.5,35000,1.6,28000,0,343000
FEDERALBNK30JAN2092CE.NFO,07/01/2020,12:32:26,1.6,1.5,21000,1.55,7000,0,343000
FEDERALBNK30JAN2092CE.NFO,07/01/2020,12:32:32,1.6,1.45,70000,1.55,28000,0,343000
FEDERALBNK30JAN2092CE.NFO,07/01/2020,12:32:59,1.6,1.5,7000,1.55,28000,0,343000
FEDERALBNK30JAN2092CE.NFO,07/01/2020,12:33:31,1.6,1.5,35000,1.6,56000,0,343000
FEDERALBNK30JAN2092CE.NFO,07/01/2020,12:37:11,1.6,1.5,28000,1.55,7000,0,343000
FEDERALBNK30JAN2092CE.NFO,07/01/2020,12:38:15,1.6,1.5,35000,1.6,56000,0,343000
FEDERALBNK30JAN2092CE.NFO,07/01/2020,12:38:27,1.6,1.5,28000,1.55,7000,0,343000
FEDERALBNK30JAN2092CE.NFO,07/01/2020,12:38:39,1.6,1.5,28000,1.6,49000,0,343000
FEDERALBNK30JAN2092CE.NFO,07/01/2020,12:38:42,1.6,1.5,35000,1.6,49000,0,343000
FEDERALBNK30JAN2092CE.NFO,07/01/2020,12:38:48,1.6,1.5,42000,1.6,49000,0,343000
FEDERALBNK30JAN2092CE.NFO,07/01/2020,12:39:08,1.6,1.5,42000,1.6,56000,0,343000
FEDERALBNK30JAN2092CE.NFO,07/01/2020,12:40:15,1.6,1.55,7000,1.6,21000,0,343000
FEDERALBNK30JAN2092CE.NFO,07/01/2020,12:40:18,1.6,1.55,14000,1.6,28000,0,343000
FEDERALBNK30JAN2092CE.NFO,07/01/2020,12:40:25,1.6,1.55,7000,1.6,28000,0,343000
FEDERALBNK30JAN2092CE.NFO,07/01/2020,12:40:33,1.6,1.55,35000,1.65,63000,0,343000
FEDERALBNK30JAN2092CE.NFO,07/01/2020,12:41:43,1.6,1.55,42000,1.65,63000,0,343000
FEDERALBNK30JAN2092CE.NFO,07/01/2020,12:41:45,1.6,1.55,35000,1.65,63000,0,343000
FEDERALBNK30JAN2092CE.NFO,07/01/2020,12:41:51,1.6,1.55,42000,1.65,63000,0,343000
FEDERALBNK30JAN2092CE.NFO,07/01/2020,12:41:52,1.6,1.55,35000,1.65,63000,0,343000
FEDERALBNK30JAN2092CE.NFO,07/01/2020,12:41:58,1.6,1.55,42000,1.65,63000,0,343000
FEDERALBNK30JAN2092CE.NFO,07/01/2020,12:42:02,1.6,1.55,35000,1.65,63000,0,343000
FEDERALBNK30JAN2092CE.NFO,07/01/2020,12:42:27,1.6,1.55,42000,1.65,63000,0,343000
FEDERALBNK30JAN2092CE.NFO,07/01/2020,12:42:30,1.6,1.55,35000,1.65,63000,0,343000
FEDERALBNK30JAN2092CE.NFO,07/01/2020,12:42:53,1.6,1.55,28000,1.65,63000,0,343000
FEDERALBNK30JAN2092CE.NFO,07/01/2020,12:43:06,1.6,1.55,35000,1.65,63000,0,343000
FEDERALBNK30JAN2092CE.NFO,07/01/2020,12:43:43,1.6,1.55,14000,1.6,14000,0,343000
FEDERALBNK30JAN2092CE.NFO,07/01/2020,12:43:46,1.6,1.5,77000,1.6,28000,0,343000
FEDERALBNK30JAN2092CE.NFO,07/01/2020,12:44:00,1.6,1.55,14000,1.6,14000,0,343000
FEDERALBNK30JAN2092CE.NFO,07/01/2020,12:44:20,1.6,1.55,14000,1.6,21000,0,343000
FEDERALBNK30JAN2092CE.NFO,07/01/2020,12:44:40,1.6,1.5,77000,1.6,28000,0,343000
FEDERALBNK30JAN2092CE.NFO,07/01/2020,12:45:09,1.6,1.55,14000,1.6,28000,0,343000
FEDERALBNK30JAN2092CE.NFO,07/01/2020,12:45:20,1.6,1.55,7000,1.6,28000,0,343000
FEDERALBNK30JAN2092CE.NFO,07/01/2020,12:45:52,1.6,1.55,14000,1.6,28000,0,343000
FEDERALBNK30JAN2092CE.NFO,07/01/2020,12:45:58,1.6,1.55,7000,1.6,28000,0,343000
FEDERALBNK30JAN2092CE.NFO,07/01/2020,12:46:05,1.6,1.55,14000,1.6,28000,0,343000
FEDERALBNK30JAN2092CE.NFO,07/01/2020,12:46:08,1.6,1.55,7000,1.6,28000,0,343000
FEDERALBNK30JAN2092CE.NFO,07/01/2020,12:46:18,1.6,1.55,14000,1.6,28000,0,343000
FEDERALBNK30JAN2092CE.NFO,07/01/2020,12:46:29,1.6,1.55,28000,1.6,7000,0,343000
FEDERALBNK30JAN2092CE.NFO,07/01/2020,12:46:48,1.6,1.55,28000,1.65,56000,0,343000
FEDERALBNK30JAN2092CE.NFO,07/01/2020,12:46:51,1.6,1.55,21000,1.65,56000,0,343000
FEDERALBNK30JAN2092CE.NFO,07/01/2020,12:46:56,1.6,1.55,28000,1.65,56000,0,343000
FEDERALBNK30JAN2092CE.NFO,07/01/2020,12:48:04,1.6,1.55,28000,1.65,21000,0,343000
FEDERALBNK30JAN2092CE.NFO,07/01/2020,12:48:09,1.6,1.55,42000,1.65,21000,0,343000
FEDERALBNK30JAN2092CE.NFO,07/01/2020,12:50:17,1.6,1.55,49000,1.65,21000,0,343000
FEDERALBNK30JAN2092CE.NFO,07/01/2020,12:51:15,1.6,1.55,49000,1.65,14000,0,343000
FEDERALBNK30JAN2092CE.NFO,07/01/2020,12:51:27,1.6,1.55,49000,1.65,21000,0,343000
FEDERALBNK30JAN2092CE.NFO,07/01/2020,12:52:09,1.6,1.55,42000,1.65,21000,0,343000
FEDERALBNK30JAN2092CE.NFO,07/01/2020,12:52:22,1.6,1.55,35000,1.65,21000,0,343000
FEDERALBNK30JAN2092CE.NFO,07/01/2020,12:52:31,1.6,1.55,35000,1.65,14000,0,343000
FEDERALBNK30JAN2092CE.NFO,07/01/2020,12:53:07,1.6,1.55,28000,1.6,7000,0,343000
FEDERALBNK30JAN2092CE.NFO,07/01/2020,12:53:13,1.6,1.55,21000,1.6,7000,0,343000
FEDERALBNK30JAN2092CE.NFO,07/01/2020,12:53:40,1.6,1.55,28000,1.65,14000,0,343000
FEDERALBNK30JAN2092CE.NFO,07/01/2020,12:53:49,1.6,1.55,21000,1.6,7000,0,343000
FEDERALBNK30JAN2092CE.NFO,07/01/2020,12:53:51,1.6,1.55,28000,1.65,21000,0,343000
FEDERALBNK30JAN2092CE.NFO,07/01/2020,12:54:03,1.6,1.55,35000,1.65,21000,0,343000
FEDERALBNK30JAN2092CE.NFO,07/01/2020,12:54:53,1.6,1.55,42000,1.65,21000,0,343000
FEDERALBNK30JAN2092CE.NFO,07/01/2020,12:55:10,1.6,1.55,35000,1.65,21000,0,343000
FEDERALBNK30JAN2092CE.NFO,07/01/2020,12:55:22,1.6,1.55,42000,1.65,21000,0,343000
FEDERALBNK30JAN2092CE.NFO,07/01/2020,12:55:53,1.6,1.6,21000,1.65,14000,0,343000
FEDERALBNK30JAN2092CE.NFO,07/01/2020,12:55:55,1.6,1.6,14000,1.65,7000,0,343000
FEDERALBNK30JAN2092CE.NFO,07/01/2020,12:56:21,1.6,1.55,77000,1.65,14000,0,343000
FEDERALBNK30JAN2092CE.NFO,07/01/2020,12:56:53,1.6,1.55,77000,1.65,21000,0,343000
FEDERALBNK30JAN2092CE.NFO,07/01/2020,12:56:55,1.6,1.55,70000,1.65,21000,0,343000
FEDERALBNK30JAN2092CE.NFO,07/01/2020,12:57:25,1.6,1.55,63000,1.65,21000,0,343000
FEDERALBNK30JAN2092CE.NFO,07/01/2020,12:57:48,1.6,1.55,28000,1.6,7000,0,343000
FEDERALBNK30JAN2092CE.NFO,07/01/2020,12:57:52,1.6,1.55,35000,1.65,21000,0,343000
FEDERALBNK30JAN2092CE.NFO,07/01/2020,12:58:03,1.6,1.55,35000,1.6,7000,0,343000
FEDERALBNK30JAN2092CE.NFO,07/01/2020,12:58:29,1.6,1.55,35000,1.65,21000,0,343000
FEDERALBNK30JAN2092CE.NFO,07/01/2020,12:58:49,1.6,1.55,35000,1.65,28000,0,343000
FEDERALBNK30JAN2092CE.NFO,07/01/2020,12:58:58,1.6,1.55,35000,1.6,7000,0,343000
FEDERALBNK30JAN2092CE.NFO,07/01/2020,12:59:16,1.6,1.55,35000,1.65,28000,0,343000
FEDERALBNK30JAN2092CE.NFO,07/01/2020,12:59:55,1.6,1.55,21000,1.6,7000,0,343000
FEDERALBNK30JAN2092CE.NFO,07/01/2020,13:00:25,1.6,1.55,7000,1.6,28000,0,343000
FEDERALBNK30JAN2092CE.NFO,07/01/2020,13:01:05,1.55,1.5,63000,1.6,28000,7000,343000
FEDERALBNK30JAN2092CE.NFO,07/01/2020,13:01:23,1.55,1.5,70000,1.6,35000,0,343000
FEDERALBNK30JAN2092CE.NFO,07/01/2020,13:01:29,1.55,1.5,63000,1.6,35000,0,343000
FEDERALBNK30JAN2092CE.NFO,07/01/2020,13:01:51,1.55,1.5,28000,1.6,35000,0,343000
FEDERALBNK30JAN2092CE.NFO,07/01/2020,13:01:56,1.55,1.5,14000,1.55,14000,0,343000
FEDERALBNK30JAN2092CE.NFO,07/01/2020,13:02:02,1.55,1.5,28000,1.6,63000,0,343000
FEDERALBNK30JAN2092CE.NFO,07/01/2020,13:02:26,1.55,1.5,14000,1.55,14000,0,343000
FEDERALBNK30JAN2092CE.NFO,07/01/2020,13:02:31,1.55,1.5,14000,1.55,7000,0,343000
FEDERALBNK30JAN2092CE.NFO,07/01/2020,13:02:46,1.55,1.5,28000,1.6,56000,0,343000
FEDERALBNK30JAN2092CE.NFO,07/01/2020,13:03:07,1.55,1.5,14000,1.55,14000,0,343000
FEDERALBNK30JAN2092CE.NFO,07/01/2020,13:03:31,1.55,1.5,28000,1.55,7000,0,343000
FEDERALBNK30JAN2092CE.NFO,07/01/2020,13:03:57,1.55,1.5,21000,1.55,7000,0,343000
FEDERALBNK30JAN2092CE.NFO,07/01/2020,13:04:04,1.55,1.5,28000,1.55,7000,0,343000
FEDERALBNK30JAN2092CE.NFO,07/01/2020,13:04:29,1.55,1.5,28000,1.55,14000,0,343000
FEDERALBNK30JAN2092CE.NFO,07/01/2020,13:04:34,1.55,1.5,28000,1.55,7000,0,343000
FEDERALBNK30JAN2092CE.NFO,07/01/2020,13:04:46,1.55,1.5,14000,1.55,7000,0,343000
FEDERALBNK30JAN2092CE.NFO,07/01/2020,13:04:53,1.55,1.5,28000,1.6,42000,0,343000
FEDERALBNK30JAN2092CE.NFO,07/01/2020,13:05:04,1.55,1.5,14000,1.6,42000,0,343000
FEDERALBNK30JAN2092CE.NFO,07/01/2020,13:05:11,1.55,1.5,21000,1.6,42000,0,343000
FEDERALBNK30JAN2092CE.NFO,07/01/2020,13:06:11,1.55,1.5,14000,1.6,42000,0,343000
FEDERALBNK30JAN2092CE.NFO,07/01/2020,13:06:35,1.55,1.5,7000,1.55,14000,0,343000
FEDERALBNK30JAN2092CE.NFO,07/01/2020,13:06:40,1.55,1.5,14000,1.55,14000,0,343000
FEDERALBNK30JAN2092CE.NFO,07/01/2020,13:07:09,1.55,1.5,21000,1.6,42000,0,343000
FEDERALBNK30JAN2092CE.NFO,07/01/2020,13:07:47,1.55,1.5,7000,1.6,42000,0,343000
FEDERALBNK30JAN2092CE.NFO,07/01/2020,13:07:52,1.55,1.45,56000,1.55,14000,0,343000
FEDERALBNK30JAN2092CE.NFO,07/01/2020,13:08:02,1.55,1.5,7000,1.55,7000,0,343000
FEDERALBNK30JAN2092CE.NFO,07/01/2020,13:08:08,1.55,1.45,56000,1.55,14000,0,343000
FEDERALBNK30JAN2092CE.NFO,07/01/2020,13:08:14,1.55,1.5,7000,1.55,14000,0,343000
FEDERALBNK30JAN2092CE.NFO,07/01/2020,13:08:34,1.55,1.45,56000,1.55,14000,0,343000
FEDERALBNK30JAN2092CE.NFO,07/01/2020,13:08:53,1.55,1.45,28000,1.55,14000,0,343000
FEDERALBNK30JAN2092CE.NFO,07/01/2020,13:10:39,1.55,1.45,35000,1.55,14000,0,343000
FEDERALBNK30JAN2092CE.NFO,07/01/2020,13:10:52,1.55,1.45,35000,1.55,42000,0,343000
FEDERALBNK30JAN2092CE.NFO,07/01/2020,13:11:09,1.55,1.45,21000,1.55,42000,0,343000
FEDERALBNK30JAN2092CE.NFO,07/01/2020,13:11:19,1.55,1.45,35000,1.55,42000,0,343000
FEDERALBNK30JAN2092CE.NFO,07/01/2020,13:11:32,1.55,1.45,35000,1.55,14000,0,343000
FEDERALBNK30JAN2092CE.NFO,07/01/2020,13:11:46,1.55,1.45,63000,1.55,14000,0,343000
FEDERALBNK30JAN2092CE.NFO,07/01/2020,13:11:59,1.55,1.45,63000,1.55,7000,0,343000
FEDERALBNK30JAN2092CE.NFO,07/01/2020,13:12:05,1.55,1.5,21000,1.6,42000,0,343000
FEDERALBNK30JAN2092CE.NFO,07/01/2020,13:12:21,1.55,1.5,14000,1.6,42000,0,343000
FEDERALBNK30JAN2092CE.NFO,07/01/2020,13:12:35,1.55,1.5,14000,1.55,7000,0,343000
FEDERALBNK30JAN2092CE.NFO,07/01/2020,13:12:43,1.55,1.5,14000,1.6,35000,0,343000
FEDERALBNK30JAN2092CE.NFO,07/01/2020,13:12:52,1.55,1.5,7000,1.6,35000,0,343000
FEDERALBNK30JAN2092CE.NFO,07/01/2020,13:12:56,1.55,1.5,14000,1.6,35000,0,343000
FEDERALBNK30JAN2092CE.NFO,07/01/2020,13:13:54,1.5,1.45,63000,1.55,14000,14000,343000
FEDERALBNK30JAN2092CE.NFO,07/01/2020,13:14:14,1.5,1.45,56000,1.55,14000,0,343000
FEDERALBNK30JAN2092CE.NFO,07/01/2020,13:14:29,1.5,1.45,63000,1.55,14000,0,343000
FEDERALBNK30JAN2092CE.NFO,07/01/2020,13:15:06,1.5,1.45,56000,1.55,14000,0,343000
FEDERALBNK30JAN2092CE.NFO,07/01/2020,13:15:21,1.5,1.45,63000,1.55,14000,0,343000
FEDERALBNK30JAN2092CE.NFO,07/01/2020,13:15:28,1.5,1.45,63000,1.55,7000,0,343000
FEDERALBNK30JAN2092CE.NFO,07/01/2020,13:15:46,1.5,1.5,7000,1.55,7000,0,343000
FEDERALBNK30JAN2092CE.NFO,07/01/2020,13:15:53,1.5,1.45,63000,1.55,7000,0,343000
FEDERALBNK30JAN2092CE.NFO,07/01/2020,13:16:02,1.5,1.45,63000,1.55,14000,0,343000
FEDERALBNK30JAN2092CE.NFO,07/01/2020,13:16:08,1.5,1.5,21000,1.55,7000,0,343000
FEDERALBNK30JAN2092CE.NFO,07/01/2020,13:16:13,1.5,1.5,14000,1.55,7000,0,343000
FEDERALBNK30JAN2092CE.NFO,07/01/2020,13:16:30,1.5,1.5,7000,1.55,7000,0,343000
FEDERALBNK30JAN2092CE.NFO,07/01/2020,13:16:34,1.5,1.5,14000,1.55,7000,0,343000
FEDERALBNK30JAN2092CE.NFO,07/01/2020,13:16:48,1.5,1.5,7000,1.55,7000,0,343000
FEDERALBNK30JAN2092CE.NFO,07/01/2020,13:16:54,1.5,1.45,63000,1.55,14000,0,343000
FEDERALBNK30JAN2092CE.NFO,07/01/2020,13:16:59,1.5,1.45,56000,1.55,14000,0,343000
FEDERALBNK30JAN2092CE.NFO,07/01/2020,13:17:10,1.5,1.45,63000,1.55,14000,0,343000
FEDERALBNK30JAN2092CE.NFO,07/01/2020,13:17:25,1.5,1.45,56000,1.55,14000,0,343000
FEDERALBNK30JAN2092CE.NFO,07/01/2020,13:18:17,1.5,1.45,56000,1.55,7000,0,343000
FEDERALBNK30JAN2092CE.NFO,07/01/2020,13:19:10,1.5,1.5,28000,1.6,35000,0,343000
FEDERALBNK30JAN2092CE.NFO,07/01/2020,13:19:24,1.5,1.5,21000,1.6,35000,0,343000
FEDERALBNK30JAN2092CE.NFO,07/01/2020,13:19:36,1.5,1.5,28000,1.6,35000,0,343000
FEDERALBNK30JAN2092CE.NFO,07/01/2020,13:20:16,1.5,1.5,28000,1.6,42000,0,343000
FEDERALBNK30JAN2092CE.NFO,07/01/2020,13:20:44,1.5,1.5,28000,1.55,7000,0,343000
FEDERALBNK30JAN2092CE.NFO,07/01/2020,13:21:18,1.5,1.45,49000,1.55,21000,0,343000
FEDERALBNK30JAN2092CE.NFO,07/01/2020,13:22:02,1.5,1.45,56000,1.55,21000,0,343000
FEDERALBNK30JAN2092CE.NFO,07/01/2020,13:22:28,1.5,1.45,56000,1.55,14000,0,343000
FEDERALBNK30JAN2092CE.NFO,07/01/2020,13:22:33,1.5,1.45,56000,1.55,21000,0,343000
FEDERALBNK30JAN2092CE.NFO,07/01/2020,13:23:20,1.5,1.45,56000,1.55,14000,0,343000
FEDERALBNK30JAN2092CE.NFO,07/01/2020,13:23:30,1.5,1.5,14000,1.6,21000,0,343000
FEDERALBNK30JAN2092CE.NFO,07/01/2020,13:23:59,1.5,1.5,14000,1.6,14000,0,343000
FEDERALBNK30JAN2092CE.NFO,07/01/2020,13:24:32,1.5,1.5,28000,1.6,14000,0,343000
FEDERALBNK30JAN2092CE.NFO,07/01/2020,13:24:51,1.5,1.5,56000,1.6,7000,0,343000
FEDERALBNK30JAN2092CE.NFO,07/01/2020,13:25:27,1.55,1.5,63000,1.6,14000,7000,336000
FEDERALBNK30JAN2092CE.NFO,07/01/2020,13:26:13,1.55,1.5,70000,1.6,21000,0,336000
FEDERALBNK30JAN2092CE.NFO,07/01/2020,13:26:18,1.55,1.5,70000,1.6,28000,0,336000
FEDERALBNK30JAN2092CE.NFO,07/01/2020,13:26:22,1.55,1.5,70000,1.6,21000,0,336000
FEDERALBNK30JAN2092CE.NFO,07/01/2020,13:26:27,1.55,1.5,70000,1.6,14000,0,336000
FEDERALBNK30JAN2092CE.NFO,07/01/2020,13:26:38,1.55,1.55,14000,1.6,14000,0,336000
FEDERALBNK30JAN2092CE.NFO,07/01/2020,13:26:47,1.55,1.55,7000,1.6,14000,0,336000
FEDERALBNK30JAN2092CE.NFO,07/01/2020,13:26:54,1.55,1.5,63000,1.6,14000,0,336000
FEDERALBNK30JAN2092CE.NFO,07/01/2020,13:26:59,1.55,1.5,56000,1.6,14000,0,336000
FEDERALBNK30JAN2092CE.NFO,07/01/2020,13:27:04,1.55,1.55,7000,1.6,14000,0,336000
FEDERALBNK30JAN2092CE.NFO,07/01/2020,13:27:09,1.55,1.55,7000,1.6,21000,0,336000
FEDERALBNK30JAN2092CE.NFO,07/01/2020,13:27:19,1.55,1.5,56000,1.6,21000,0,336000
FEDERALBNK30JAN2092CE.NFO,07/01/2020,13:27:42,1.55,1.5,7000,1.55,14000,0,336000
FEDERALBNK30JAN2092CE.NFO,07/01/2020,13:27:59,1.55,1.5,7000,1.55,7000,0,336000
FEDERALBNK30JAN2092CE.NFO,07/01/2020,13:28:53,1.55,1.5,7000,1.55,14000,0,336000
FEDERALBNK30JAN2092CE.NFO,07/01/2020,13:29:13,1.55,1.5,7000,1.55,7000,0,336000
FEDERALBNK30JAN2092CE.NFO,07/01/2020,13:29:19,1.55,1.45,56000,1.55,14000,0,336000
FEDERALBNK30JAN2092CE.NFO,07/01/2020,13:29:32,1.55,1.45,49000,1.55,14000,0,336000
FEDERALBNK30JAN2092CE.NFO,07/01/2020,13:30:20,1.55,1.45,49000,1.55,21000,0,336000
FEDERALBNK30JAN2092CE.NFO,07/01/2020,13:30:31,1.55,1.45,7000,1.55,21000,0,336000
FEDERALBNK30JAN2092CE.NFO,07/01/2020,13:30:37,1.55,1.45,7000,1.55,49000,0,336000
FEDERALBNK30JAN2092CE.NFO,07/01/2020,13:30:54,1.55,1.45,14000,1.5,7000,0,336000
FEDERALBNK30JAN2092CE.NFO,07/01/2020,13:31:07,1.55,1.45,7000,1.5,7000,0,336000
FEDERALBNK30JAN2092CE.NFO,07/01/2020,13:31:30,1.55,1.4,56000,1.5,14000,0,336000
FEDERALBNK30JAN2092CE.NFO,07/01/2020,13:31:37,1.55,1.45,14000,1.5,7000,0,336000
FEDERALBNK30JAN2092CE.NFO,07/01/2020,13:31:50,1.55,1.45,21000,1.55,49000,0,336000
FEDERALBNK30JAN2092CE.NFO,07/01/2020,13:31:58,1.55,1.45,56000,1.6,56000,0,336000
FEDERALBNK30JAN2092CE.NFO,07/01/2020,13:32:05,1.55,1.45,49000,1.55,28000,0,336000
FEDERALBNK30JAN2092CE.NFO,07/01/2020,13:32:18,1.55,1.45,21000,1.55,28000,0,336000
FEDERALBNK30JAN2092CE.NFO,07/01/2020,13:32:24,1.55,1.45,21000,1.55,63000,0,336000
FEDERALBNK30JAN2092CE.NFO,07/01/2020,13:32:38,1.55,1.45,35000,1.55,21000,0,336000
FEDERALBNK30JAN2092CE.NFO,07/01/2020,13:32:57,1.55,1.45,28000,1.55,56000,0,336000
FEDERALBNK30JAN2092CE.NFO,07/01/2020,13:33:59,1.55,1.45,28000,1.5,7000,0,336000
FEDERALBNK30JAN2092CE.NFO,07/01/2020,13:34:04,1.55,1.45,7000,1.5,7000,0,336000
FEDERALBNK30JAN2092CE.NFO,07/01/2020,13:34:09,1.55,1.45,14000,1.5,7000,0,336000
FEDERALBNK30JAN2092CE.NFO,07/01/2020,13:34:14,1.55,1.4,35000,1.5,28000,0,336000
FEDERALBNK30JAN2092CE.NFO,07/01/2020,13:34:19,1.55,1.45,21000,1.5,7000,0,336000
FEDERALBNK30JAN2092CE.NFO,07/01/2020,13:34:29,1.55,1.45,7000,1.5,14000,0,336000
FEDERALBNK30JAN2092CE.NFO,07/01/2020,13:34:39,1.55,1.45,7000,1.5,7000,0,336000
FEDERALBNK30JAN2092CE.NFO,07/01/2020,13:34:45,1.55,1.45,14000,1.5,7000,0,336000
FEDERALBNK30JAN2092CE.NFO,07/01/2020,13:34:58,1.55,1.45,14000,1.55,28000,0,336000
FEDERALBNK30JAN2092CE.NFO,07/01/2020,13:35:04,1.55,1.45,28000,1.55,28000,0,336000
FEDERALBNK30JAN2092CE.NFO,07/01/2020,13:35:22,1.55,1.45,28000,1.55,56000,0,336000
FEDERALBNK30JAN2092CE.NFO,07/01/2020,13:35:53,1.55,1.45,21000,1.55,56000,0,336000
FEDERALBNK30JAN2092CE.NFO,07/01/2020,13:36:06,1.55,1.45,28000,1.55,56000,0,336000
FEDERALBNK30JAN2092CE.NFO,07/01/2020,13:36:23,1.55,1.45,28000,1.55,21000,0,336000
FEDERALBNK30JAN2092CE.NFO,07/01/2020,13:37:02,1.55,1.5,7000,1.6,49000,0,336000
FEDERALBNK30JAN2092CE.NFO,07/01/2020,13:37:08,1.55,1.45,63000,1.55,7000,0,336000
FEDERALBNK30JAN2092CE.NFO,07/01/2020,13:38:05,1.55,1.5,21000,1.6,42000,0,336000
FEDERALBNK30JAN2092CE.NFO,07/01/2020,13:38:24,1.55,1.5,7000,1.6,42000,0,336000
FEDERALBNK30JAN2092CE.NFO,07/01/2020,13:38:40,1.55,1.5,14000,1.6,42000,0,336000
FEDERALBNK30JAN2092CE.NFO,07/01/2020,13:38:45,1.55,1.5,7000,1.6,42000,0,336000
FEDERALBNK30JAN2092CE.NFO,07/01/2020,13:39:07,1.55,1.5,28000,1.6,42000,0,336000
FEDERALBNK30JAN2092CE.NFO,07/01/2020,13:39:20,1.55,1.5,28000,1.6,14000,0,336000
FEDERALBNK30JAN2092CE.NFO,07/01/2020,13:39:48,1.55,1.5,21000,1.6,42000,0,336000
FEDERALBNK30JAN2092CE.NFO,07/01/2020,13:39:53,1.55,1.5,28000,1.6,42000,0,336000
FEDERALBNK30JAN2092CE.NFO,07/01/2020,13:40:31,1.55,1.5,7000,1.6,42000,0,336000
FEDERALBNK30JAN2092CE.NFO,07/01/2020,13:40:47,1.55,1.5,28000,1.6,42000,0,336000
FEDERALBNK30JAN2092CE.NFO,07/01/2020,13:40:52,1.55,1.5,28000,1.6,14000,0,336000
FEDERALBNK30JAN2092CE.NFO,07/01/2020,13:41:55,1.55,1.5,14000,1.6,42000,0,336000
FEDERALBNK30JAN2092CE.NFO,07/01/2020,13:42:00,1.55,1.45,56000,1.6,42000,0,336000
FEDERALBNK30JAN2092CE.NFO,07/01/2020,13:42:05,1.55,1.5,14000,1.6,42000,0,336000
FEDERALBNK30JAN2092CE.NFO,07/01/2020,13:42:21,1.55,1.5,28000,1.6,42000,0,336000
FEDERALBNK30JAN2092CE.NFO,07/01/2020,13:44:51,1.55,1.5,14000,1.6,42000,0,336000
FEDERALBNK30JAN2092CE.NFO,07/01/2020,13:45:08,1.55,1.5,28000,1.6,42000,0,336000
FEDERALBNK30JAN2092CE.NFO,07/01/2020,13:45:14,1.55,1.5,28000,1.6,14000,0,336000
FEDERALBNK30JAN2092CE.NFO,07/01/2020,13:45:43,1.55,1.55,14000,1.6,7000,0,336000
FEDERALBNK30JAN2092CE.NFO,07/01/2020,13:45:55,1.55,1.5,35000,1.6,7000,0,336000
FEDERALBNK30JAN2092CE.NFO,07/01/2020,13:45:59,1.55,1.5,28000,1.6,7000,0,336000
FEDERALBNK30JAN2092CE.NFO,07/01/2020,13:46:43,1.55,1.55,7000,1.6,7000,0,336000
FEDERALBNK30JAN2092CE.NFO,07/01/2020,13:46:52,1.55,1.55,21000,1.6,7000,0,336000
FEDERALBNK30JAN2092CE.NFO,07/01/2020,13:46:59,1.55,1.55,7000,1.6,7000,0,336000
FEDERALBNK30JAN2092CE.NFO,07/01/2020,13:47:06,1.55,1.55,21000,1.6,7000,0,336000
FEDERALBNK30JAN2092CE.NFO,07/01/2020,13:47:13,1.55,1.55,14000,1.6,7000,0,336000
FEDERALBNK30JAN2092CE.NFO,07/01/2020,13:47:19,1.55,1.55,28000,1.65,49000,0,336000
FEDERALBNK30JAN2092CE.NFO,07/01/2020,13:47:44,1.55,1.55,35000,1.65,49000,0,336000
FEDERALBNK30JAN2092CE.NFO,07/01/2020,13:48:11,1.55,1.55,35000,1.65,42000,0,336000
FEDERALBNK30JAN2092CE.NFO,07/01/2020,13:48:42,1.55,1.55,35000,1.65,49000,0,336000
FEDERALBNK30JAN2092CE.NFO,07/01/2020,13:48:47,1.55,1.55,42000,1.65,35000,0,336000
FEDERALBNK30JAN2092CE.NFO,07/01/2020,13:48:53,1.55,1.55,42000,1.65,42000,0,336000
FEDERALBNK30JAN2092CE.NFO,07/01/2020,13:49:04,1.55,1.6,7000,1.65,35000,0,336000
FEDERALBNK30JAN2092CE.NFO,07/01/2020,13:49:55,1.55,1.6,7000,1.65,21000,0,336000
FEDERALBNK30JAN2092CE.NFO,07/01/2020,13:50:07,1.55,1.55,35000,1.65,28000,0,336000
FEDERALBNK30JAN2092CE.NFO,07/01/2020,13:50:19,1.55,1.6,14000,1.65,7000,0,336000
FEDERALBNK30JAN2092CE.NFO,07/01/2020,13:50:33,1.55,1.6,14000,1.65,14000,0,336000
FEDERALBNK30JAN2092CE.NFO,07/01/2020,13:50:38,1.55,1.6,14000,1.65,7000,0,336000
FEDERALBNK30JAN2092CE.NFO,07/01/2020,13:51:18,1.55,1.6,7000,1.65,21000,0,336000
FEDERALBNK30JAN2092CE.NFO,07/01/2020,13:51:33,1.6,1.55,14000,1.65,21000,7000,329000
FEDERALBNK30JAN2092CE.NFO,07/01/2020,13:51:38,1.6,1.55,14000,1.65,21000,0,329000
FEDERALBNK30JAN2092CE.NFO,07/01/2020,13:51:43,1.6,1.55,28000,1.65,21000,0,329000
FEDERALBNK30JAN2092CE.NFO,07/01/2020,13:51:54,1.6,1.55,21000,1.65,56000,0,329000
FEDERALBNK30JAN2092CE.NFO,07/01/2020,13:52:03,1.6,1.55,21000,1.65,28000,0,329000
FEDERALBNK30JAN2092CE.NFO,07/01/2020,13:52:18,1.6,1.55,14000,1.65,63000,0,329000
FEDERALBNK30JAN2092CE.NFO,07/01/2020,13:52:22,1.6,1.55,21000,1.65,63000,0,329000
FEDERALBNK30JAN2092CE.NFO,07/01/2020,13:52:31,1.6,1.55,14000,1.6,14000,0,329000
FEDERALBNK30JAN2092CE.NFO,07/01/2020,13:53:10,1.6,1.55,7000,1.6,14000,0,329000
FEDERALBNK30JAN2092CE.NFO,07/01/2020,13:53:14,1.6,1.5,49000,1.6,14000,0,329000
FEDERALBNK30JAN2092CE.NFO,07/01/2020,13:53:38,1.6,1.5,21000,1.6,14000,0,329000
FEDERALBNK30JAN2092CE.NFO,07/01/2020,13:53:44,1.6,1.5,21000,1.6,49000,0,329000
FEDERALBNK30JAN2092CE.NFO,07/01/2020,13:53:59,1.6,1.5,7000,1.6,56000,0,329000
FEDERALBNK30JAN2092CE.NFO,07/01/2020,13:54:14,1.6,1.5,14000,1.6,56000,0,329000
FEDERALBNK30JAN2092CE.NFO,07/01/2020,13:54:25,1.6,1.5,28000,1.6,56000,0,329000
FEDERALBNK30JAN2092CE.NFO,07/01/2020,13:55:05,1.6,1.55,7000,1.6,14000,0,329000
FEDERALBNK30JAN2092CE.NFO,07/01/2020,13:55:12,1.6,1.55,7000,1.6,21000,0,329000
FEDERALBNK30JAN2092CE.NFO,07/01/2020,13:55:32,1.6,1.55,21000,1.65,63000,0,329000
FEDERALBNK30JAN2092CE.NFO,07/01/2020,13:55:50,1.6,1.55,28000,1.65,63000,0,329000
FEDERALBNK30JAN2092CE.NFO,07/01/2020,13:56:03,1.6,1.55,21000,1.6,7000,0,329000
FEDERALBNK30JAN2092CE.NFO,07/01/2020,13:56:08,1.6,1.55,7000,1.6,28000,0,329000
FEDERALBNK30JAN2092CE.NFO,07/01/2020,13:56:43,1.6,1.5,28000,1.6,28000,0,329000
FEDERALBNK30JAN2092CE.NFO,07/01/2020,13:56:53,1.6,1.55,7000,1.6,28000,0,329000
FEDERALBNK30JAN2092CE.NFO,07/01/2020,13:57:02,1.6,1.55,7000,1.6,14000,0,329000
FEDERALBNK30JAN2092CE.NFO,07/01/2020,13:57:20,1.6,1.55,7000,1.6,28000,0,329000
FEDERALBNK30JAN2092CE.NFO,07/01/2020,13:57:28,1.6,1.5,28000,1.6,28000,0,329000
FEDERALBNK30JAN2092CE.NFO,07/01/2020,13:57:32,1.6,1.55,7000,1.6,28000,0,329000
FEDERALBNK30JAN2092CE.NFO,07/01/2020,13:57:38,1.6,1.5,28000,1.6,28000,0,329000
FEDERALBNK30JAN2092CE.NFO,07/01/2020,13:57:53,1.6,1.55,7000,1.6,28000,0,329000
FEDERALBNK30JAN2092CE.NFO,07/01/2020,13:58:28,1.6,1.5,28000,1.6,28000,0,329000
FEDERALBNK30JAN2092CE.NFO,07/01/2020,13:59:01,1.6,1.5,28000,1.6,21000,0,329000
FEDERALBNK30JAN2092CE.NFO,07/01/2020,14:00:19,1.6,1.5,28000,1.6,49000,0,329000
FEDERALBNK30JAN2092CE.NFO,07/01/2020,14:00:50,1.6,1.55,14000,1.6,14000,0,329000
FEDERALBNK30JAN2092CE.NFO,07/01/2020,14:01:06,1.6,1.5,28000,1.6,21000,0,329000
FEDERALBNK30JAN2092CE.NFO,07/01/2020,14:01:30,1.6,1.55,7000,1.6,21000,0,329000
FEDERALBNK30JAN2092CE.NFO,07/01/2020,14:02:10,1.6,1.55,7000,1.6,28000,0,329000
FEDERALBNK30JAN2092CE.NFO,07/01/2020,14:02:43,1.6,1.5,28000,1.6,28000,0,329000
FEDERALBNK30JAN2092CE.NFO,07/01/2020,14:03:39,1.6,1.55,14000,1.6,21000,0,329000
FEDERALBNK30JAN2092CE.NFO,07/01/2020,14:03:45,1.6,1.55,14000,1.6,7000,0,329000
FEDERALBNK30JAN2092CE.NFO,07/01/2020,14:04:00,1.6,1.55,21000,1.6,7000,0,329000
FEDERALBNK30JAN2092CE.NFO,07/01/2020,14:05:02,1.6,1.55,28000,1.6,7000,0,329000
FEDERALBNK30JAN2092CE.NFO,07/01/2020,14:05:12,1.6,1.55,21000,1.6,7000,0,329000
FEDERALBNK30JAN2092CE.NFO,07/01/2020,14:05:21,1.6,1.55,28000,1.6,7000,0,329000
FEDERALBNK30JAN2092CE.NFO,07/01/2020,14:05:35,1.6,1.55,7000,1.6,21000,0,329000
FEDERALBNK30JAN2092CE.NFO,07/01/2020,14:05:43,1.6,1.5,28000,1.6,21000,0,329000
FEDERALBNK30JAN2092CE.NFO,07/01/2020,14:06:02,1.6,1.5,35000,1.6,28000,0,329000
FEDERALBNK30JAN2092CE.NFO,07/01/2020,14:06:15,1.6,1.5,35000,1.6,21000,0,329000
FEDERALBNK30JAN2092CE.NFO,07/01/2020,14:06:45,1.6,1.5,35000,1.6,28000,0,329000
FEDERALBNK30JAN2092CE.NFO,07/01/2020,14:07:18,1.6,1.55,7000,1.6,21000,0,329000
FEDERALBNK30JAN2092CE.NFO,07/01/2020,14:07:23,1.6,1.5,35000,1.6,21000,0,329000
FEDERALBNK30JAN2092CE.NFO,07/01/2020,14:07:40,1.6,1.5,28000,1.6,49000,0,329000
FEDERALBNK30JAN2092CE.NFO,07/01/2020,14:07:48,1.6,1.5,21000,1.6,49000,0,329000
FEDERALBNK30JAN2092CE.NFO,07/01/2020,14:08:03,1.6,1.5,14000,1.6,49000,0,329000
FEDERALBNK30JAN2092CE.NFO,07/01/2020,14:08:07,1.6,1.5,21000,1.6,49000,0,329000
FEDERALBNK30JAN2092CE.NFO,07/01/2020,14:08:12,1.6,1.5,28000,1.6,49000,0,329000
FEDERALBNK30JAN2092CE.NFO,07/01/2020,14:08:38,1.6,1.5,21000,1.55,14000,0,329000
FEDERALBNK30JAN2092CE.NFO,07/01/2020,14:08:42,1.6,1.5,14000,1.55,14000,0,329000
FEDERALBNK30JAN2092CE.NFO,07/01/2020,14:08:51,1.6,1.5,14000,1.55,21000,0,329000
FEDERALBNK30JAN2092CE.NFO,07/01/2020,14:09:09,1.6,1.5,14000,1.55,14000,0,329000
FEDERALBNK30JAN2092CE.NFO,07/01/2020,14:09:50,1.6,1.5,28000,1.6,49000,0,329000
FEDERALBNK30JAN2092CE.NFO,07/01/2020,14:10:05,1.6,1.55,7000,1.6,49000,0,329000
FEDERALBNK30JAN2092CE.NFO,07/01/2020,14:10:11,1.6,1.5,28000,1.6,49000,0,329000
FEDERALBNK30JAN2092CE.NFO,07/01/2020,14:10:27,1.6,1.5,14000,1.55,21000,0,329000
FEDERALBNK30JAN2092CE.NFO,07/01/2020,14:10:31,1.6,1.5,14000,1.55,14000,0,329000
FEDERALBNK30JAN2092CE.NFO,07/01/2020,14:10:40,1.6,1.5,21000,1.55,14000,0,329000
FEDERALBNK30JAN2092CE.NFO,07/01/2020,14:10:55,1.6,1.5,21000,1.55,21000,0,329000
FEDERALBNK30JAN2092CE.NFO,07/01/2020,14:11:00,1.6,1.5,21000,1.55,14000,0,329000
FEDERALBNK30JAN2092CE.NFO,07/01/2020,14:11:09,1.6,1.5,7000,1.55,14000,0,329000
FEDERALBNK30JAN2092CE.NFO,07/01/2020,14:11:44,1.6,1.5,7000,1.55,21000,0,329000
FEDERALBNK30JAN2092CE.NFO,07/01/2020,14:12:10,1.6,1.5,21000,1.6,49000,0,329000
FEDERALBNK30JAN2092CE.NFO,07/01/2020,14:12:35,1.6,1.5,21000,1.55,14000,0,329000
FEDERALBNK30JAN2092CE.NFO,07/01/2020,14:12:37,1.6,1.5,21000,1.55,7000,0,329000
FEDERALBNK30JAN2092CE.NFO,07/01/2020,14:12:40,1.6,1.5,21000,1.6,49000,0,329000
FEDERALBNK30JAN2092CE.NFO,07/01/2020,14:13:17,1.6,1.5,28000,1.6,49000,0,329000
FEDERALBNK30JAN2092CE.NFO,07/01/2020,14:13:32,1.6,1.55,21000,1.6,28000,0,329000
FEDERALBNK30JAN2092CE.NFO,07/01/2020,14:13:39,1.6,1.55,7000,1.6,49000,0,329000
FEDERALBNK30JAN2092CE.NFO,07/01/2020,14:13:44,1.6,1.55,14000,1.6,28000,0,329000
FEDERALBNK30JAN2092CE.NFO,07/01/2020,14:14:02,1.6,1.55,21000,1.6,28000,0,329000
FEDERALBNK30JAN2092CE.NFO,07/01/2020,14:14:16,1.6,1.55,14000,1.6,49000,0,329000
FEDERALBNK30JAN2092CE.NFO,07/01/2020,14:14:33,1.6,1.55,7000,1.6,21000,0,329000
FEDERALBNK30JAN2092CE.NFO,07/01/2020,14:14:37,1.6,1.5,28000,1.6,21000,0,329000
FEDERALBNK30JAN2092CE.NFO,07/01/2020,14:15:25,1.6,1.5,56000,1.6,14000,0,329000
FEDERALBNK30JAN2092CE.NFO,07/01/2020,14:15:31,1.6,1.55,7000,1.6,14000,0,329000
FEDERALBNK30JAN2092CE.NFO,07/01/2020,14:15:36,1.6,1.55,14000,1.6,14000,0,329000
FEDERALBNK30JAN2092CE.NFO,07/01/2020,14:17:11,1.55,1.55,14000,1.6,21000,7000,336000
FEDERALBNK30JAN2092CE.NFO,07/01/2020,14:17:20,1.55,1.55,14000,1.6,21000,0,336000
FEDERALBNK30JAN2092CE.NFO,07/01/2020,14:17:30,1.55,1.55,7000,1.6,21000,0,336000
FEDERALBNK30JAN2092CE.NFO,07/01/2020,14:17:34,1.55,1.5,56000,1.6,21000,0,336000
FEDERALBNK30JAN2092CE.NFO,07/01/2020,14:17:54,1.55,1.55,21000,1.6,14000,0,336000
FEDERALBNK30JAN2092CE.NFO,07/01/2020,14:18:02,1.55,1.55,21000,1.6,7000,0,336000
FEDERALBNK30JAN2092CE.NFO,07/01/2020,14:18:21,1.55,1.55,28000,1.65,56000,0,336000
FEDERALBNK30JAN2092CE.NFO,07/01/2020,14:18:28,1.55,1.55,21000,1.6,7000,0,336000
FEDERALBNK30JAN2092CE.NFO,07/01/2020,14:18:37,1.55,1.55,28000,1.65,56000,0,336000
FEDERALBNK30JAN2092CE.NFO,07/01/2020,14:18:42,1.55,1.55,28000,1.6,7000,0,336000
FEDERALBNK30JAN2092CE.NFO,07/01/2020,14:18:55,1.55,1.55,21000,1.6,7000,0,336000
FEDERALBNK30JAN2092CE.NFO,07/01/2020,14:20:23,1.55,1.55,14000,1.6,7000,0,336000
FEDERALBNK30JAN2092CE.NFO,07/01/2020,14:20:50,1.55,1.55,28000,1.6,7000,0,336000
FEDERALBNK30JAN2092CE.NFO,07/01/2020,14:22:14,1.55,1.55,28000,1.6,14000,0,336000
FEDERALBNK30JAN2092CE.NFO,07/01/2020,14:22:16,1.55,1.55,28000,1.6,7000,0,336000
FEDERALBNK30JAN2092CE.NFO,07/01/2020,14:22:22,1.55,1.55,14000,1.6,14000,0,336000
FEDERALBNK30JAN2092CE.NFO,07/01/2020,14:22:35,1.55,1.55,28000,1.6,7000,0,336000
FEDERALBNK30JAN2092CE.NFO,07/01/2020,14:22:43,1.55,1.55,14000,1.6,14000,0,336000
FEDERALBNK30JAN2092CE.NFO,07/01/2020,14:22:49,1.55,1.55,28000,1.6,7000,0,336000
FEDERALBNK30JAN2092CE.NFO,07/01/2020,14:22:56,1.55,1.55,28000,1.6,14000,0,336000
FEDERALBNK30JAN2092CE.NFO,07/01/2020,14:23:06,1.55,1.55,28000,1.6,7000,0,336000
FEDERALBNK30JAN2092CE.NFO,07/01/2020,14:23:18,1.55,1.55,28000,1.6,14000,0,336000
FEDERALBNK30JAN2092CE.NFO,07/01/2020,14:23:26,1.55,1.55,28000,1.6,7000,0,336000
FEDERALBNK30JAN2092CE.NFO,07/01/2020,14:23:39,1.55,1.55,28000,1.6,14000,0,336000
FEDERALBNK30JAN2092CE.NFO,07/01/2020,14:23:42,1.55,1.55,28000,1.6,7000,0,336000
FEDERALBNK30JAN2092CE.NFO,07/01/2020,14:24:09,1.55,1.5,56000,1.6,21000,0,336000
FEDERALBNK30JAN2092CE.NFO,07/01/2020,14:24:17,1.55,1.5,56000,1.6,28000,0,336000
FEDERALBNK30JAN2092CE.NFO,07/01/2020,14:26:13,1.55,1.5,56000,1.55,14000,0,336000
FEDERALBNK30JAN2092CE.NFO,07/01/2020,14:26:30,1.55,1.5,56000,1.6,28000,0,336000
FEDERALBNK30JAN2092CE.NFO,07/01/2020,14:26:45,1.55,1.5,56000,1.55,21000,0,336000
FEDERALBNK30JAN2092CE.NFO,07/01/2020,14:27:09,1.55,1.5,56000,1.6,28000,0,336000
FEDERALBNK30JAN2092CE.NFO,07/01/2020,14:27:59,1.55,1.5,56000,1.55,7000,0,336000
FEDERALBNK30JAN2092CE.NFO,07/01/2020,14:29:09,1.55,1.5,56000,1.6,28000,0,336000
FEDERALBNK30JAN2092CE.NFO,07/01/2020,14:29:13,1.55,1.5,56000,1.55,7000,0,336000
FEDERALBNK30JAN2092CE.NFO,07/01/2020,14:29:42,1.55,1.5,56000,1.6,28000,0,336000
FEDERALBNK30JAN2092CE.NFO,07/01/2020,14:30:02,1.55,1.5,56000,1.55,7000,0,336000
FEDERALBNK30JAN2092CE.NFO,07/01/2020,14:30:29,1.55,1.5,56000,1.6,28000,0,336000
FEDERALBNK30JAN2092CE.NFO,07/01/2020,14:30:46,1.55,1.55,21000,1.6,14000,0,336000
FEDERALBNK30JAN2092CE.NFO,07/01/2020,14:30:55,1.55,1.55,28000,1.65,56000,0,336000
FEDERALBNK30JAN2092CE.NFO,07/01/2020,14:31:02,1.55,1.55,21000,1.65,56000,0,336000
FEDERALBNK30JAN2092CE.NFO,07/01/2020,14:31:09,1.55,1.55,28000,1.6,7000,0,336000
FEDERALBNK30JAN2092CE.NFO,07/01/2020,14:31:37,1.55,1.55,14000,1.6,14000,0,336000
FEDERALBNK30JAN2092CE.NFO,07/01/2020,14:31:43,1.55,1.5,56000,1.6,21000,0,336000
FEDERALBNK30JAN2092CE.NFO,07/01/2020,14:32:14,1.55,1.55,21000,1.6,14000,0,336000
FEDERALBNK30JAN2092CE.NFO,07/01/2020,14:32:25,1.55,1.55,14000,1.6,14000,0,336000
FEDERALBNK30JAN2092CE.NFO,07/01/2020,14:32:42,1.55,1.55,28000,1.65,56000,0,336000
FEDERALBNK30JAN2092CE.NFO,07/01/2020,14:33:04,1.55,1.55,28000,1.65,21000,0,336000
FEDERALBNK30JAN2092CE.NFO,07/01/2020,14:33:10,1.55,1.55,56000,1.65,21000,0,336000
FEDERALBNK30JAN2092CE.NFO,07/01/2020,14:33:17,1.55,1.55,56000,1.65,7000,0,336000
FEDERALBNK30JAN2092CE.NFO,07/01/2020,14:33:35,1.55,1.6,70000,1.7,21000,0,336000
FEDERALBNK30JAN2092CE.NFO,07/01/2020,14:33:46,1.55,1.6,56000,1.7,21000,0,336000
FEDERALBNK30JAN2092CE.NFO,07/01/2020,14:34:17,1.55,1.6,56000,1.7,14000,0,336000
FEDERALBNK30JAN2092CE.NFO,07/01/2020,14:34:29,1.55,1.6,56000,1.65,14000,0,336000
FEDERALBNK30JAN2092CE.NFO,07/01/2020,14:34:34,1.55,1.6,49000,1.65,14000,0,336000
FEDERALBNK30JAN2092CE.NFO,07/01/2020,14:34:40,1.55,1.6,21000,1.65,14000,0,336000
FEDERALBNK30JAN2092CE.NFO,07/01/2020,14:34:44,1.55,1.6,14000,1.65,14000,0,336000
FEDERALBNK30JAN2092CE.NFO,07/01/2020,14:34:49,1.55,1.55,56000,1.65,14000,0,336000
FEDERALBNK30JAN2092CE.NFO,07/01/2020,14:35:05,1.55,1.55,56000,1.65,7000,0,336000
FEDERALBNK30JAN2092CE.NFO,07/01/2020,14:35:11,1.55,1.55,56000,1.65,14000,0,336000
FEDERALBNK30JAN2092CE.NFO,07/01/2020,14:35:20,1.55,1.6,70000,1.7,14000,0,336000
FEDERALBNK30JAN2092CE.NFO,07/01/2020,14:35:36,1.55,1.6,63000,1.7,14000,0,336000
FEDERALBNK30JAN2092CE.NFO,07/01/2020,14:35:41,1.55,1.6,70000,1.7,14000,0,336000
FEDERALBNK30JAN2092CE.NFO,07/01/2020,14:36:03,1.55,1.65,7000,1.7,14000,0,336000
FEDERALBNK30JAN2092CE.NFO,07/01/2020,14:36:14,1.55,1.6,56000,1.7,14000,0,336000
FEDERALBNK30JAN2092CE.NFO,07/01/2020,14:36:38,1.55,1.65,7000,1.7,14000,0,336000
FEDERALBNK30JAN2092CE.NFO,07/01/2020,14:36:43,1.55,1.65,21000,1.7,14000,0,336000
FEDERALBNK30JAN2092CE.NFO,07/01/2020,14:36:59,1.55,1.65,14000,1.7,14000,0,336000
FEDERALBNK30JAN2092CE.NFO,07/01/2020,14:37:03,1.55,1.65,7000,1.7,14000,0,336000
FEDERALBNK30JAN2092CE.NFO,07/01/2020,14:37:18,1.55,1.65,21000,1.7,14000,0,336000
FEDERALBNK30JAN2092CE.NFO,07/01/2020,14:37:32,1.7,1.65,28000,1.75,49000,7000,329000
FEDERALBNK30JAN2092CE.NFO,07/01/2020,14:37:38,1.7,1.65,49000,1.75,21000,0,329000
FEDERALBNK30JAN2092CE.NFO,07/01/2020,14:37:53,1.7,1.65,21000,1.75,21000,0,329000
FEDERALBNK30JAN2092CE.NFO,07/01/2020,14:38:11,1.7,1.65,14000,1.7,7000,0,329000
FEDERALBNK30JAN2092CE.NFO,07/01/2020,14:38:14,1.7,1.65,21000,1.75,42000,0,329000
FEDERALBNK30JAN2092CE.NFO,07/01/2020,14:38:18,1.7,1.65,21000,1.75,49000,0,329000
FEDERALBNK30JAN2092CE.NFO,07/01/2020,14:38:53,1.7,1.65,21000,1.7,7000,0,329000
FEDERALBNK30JAN2092CE.NFO,07/01/2020,14:39:03,1.7,1.6,56000,1.7,21000,0,329000
FEDERALBNK30JAN2092CE.NFO,07/01/2020,14:39:25,1.7,1.65,21000,1.7,7000,0,329000
FEDERALBNK30JAN2092CE.NFO,07/01/2020,14:40:07,1.7,1.65,7000,1.7,14000,0,329000
FEDERALBNK30JAN2092CE.NFO,07/01/2020,14:40:13,1.7,1.65,21000,1.7,7000,0,329000
FEDERALBNK30JAN2092CE.NFO,07/01/2020,14:41:06,1.7,1.65,7000,1.7,14000,0,329000
FEDERALBNK30JAN2092CE.NFO,07/01/2020,14:41:21,1.7,1.65,7000,1.7,21000,0,329000
FEDERALBNK30JAN2092CE.NFO,07/01/2020,14:41:35,1.7,1.6,56000,1.7,21000,0,329000
FEDERALBNK30JAN2092CE.NFO,07/01/2020,14:41:40,1.7,1.6,56000,1.7,14000,0,329000
FEDERALBNK30JAN2092CE.NFO,07/01/2020,14:41:51,1.7,1.6,49000,1.7,14000,0,329000
FEDERALBNK30JAN2092CE.NFO,07/01/2020,14:41:54,1.7,1.6,49000,1.7,21000,0,329000
FEDERALBNK30JAN2092CE.NFO,07/01/2020,14:42:02,1.7,1.65,7000,1.7,14000,0,329000
FEDERALBNK30JAN2092CE.NFO,07/01/2020,14:42:15,1.7,1.65,7000,1.7,21000,0,329000
FEDERALBNK30JAN2092CE.NFO,07/01/2020,14:42:24,1.7,1.6,42000,1.7,21000,0,329000
FEDERALBNK30JAN2092CE.NFO,07/01/2020,14:42:37,1.7,1.6,42000,1.7,14000,0,329000
FEDERALBNK30JAN2092CE.NFO,07/01/2020,14:43:01,1.7,1.6,42000,1.7,21000,0,329000
FEDERALBNK30JAN2092CE.NFO,07/01/2020,14:43:30,1.7,1.6,14000,1.7,42000,0,329000
FEDERALBNK30JAN2092CE.NFO,07/01/2020,14:45:09,1.7,1.6,14000,1.65,7000,0,329000
FEDERALBNK30JAN2092CE.NFO,07/01/2020,14:45:24,1.7,1.6,14000,1.7,42000,0,329000
FEDERALBNK30JAN2092CE.NFO,07/01/2020,14:46:28,1.7,1.6,21000,1.7,42000,0,329000
FEDERALBNK30JAN2092CE.NFO,07/01/2020,14:46:56,1.7,1.6,28000,1.7,42000,0,329000
FEDERALBNK30JAN2092CE.NFO,07/01/2020,14:47:00,1.7,1.6,21000,1.7,42000,0,329000
FEDERALBNK30JAN2092CE.NFO,07/01/2020,14:47:19,1.7,1.6,21000,1.65,7000,0,329000
FEDERALBNK30JAN2092CE.NFO,07/01/2020,14:47:28,1.7,1.6,21000,1.7,42000,0,329000
FEDERALBNK30JAN2092CE.NFO,07/01/2020,14:47:47,1.7,1.65,21000,1.75,35000,0,329000
FEDERALBNK30JAN2092CE.NFO,07/01/2020,14:48:19,1.7,1.65,7000,1.7,7000,0,329000
FEDERALBNK30JAN2092CE.NFO,07/01/2020,14:48:44,1.7,1.65,7000,1.75,28000,0,329000
FEDERALBNK30JAN2092CE.NFO,07/01/2020,14:48:46,1.7,1.65,14000,1.75,28000,0,329000
FEDERALBNK30JAN2092CE.NFO,07/01/2020,14:48:52,1.7,1.65,7000,1.75,28000,0,329000
FEDERALBNK30JAN2092CE.NFO,07/01/2020,14:49:13,1.7,1.65,7000,1.7,28000,0,329000
FEDERALBNK30JAN2092CE.NFO,07/01/2020,14:49:49,1.7,1.65,14000,1.7,28000,0,329000
FEDERALBNK30JAN2092CE.NFO,07/01/2020,14:50:09,1.65,1.65,14000,1.7,28000,7000,329000
FEDERALBNK30JAN2092CE.NFO,07/01/2020,14:50:40,1.65,1.65,14000,1.7,28000,0,329000
FEDERALBNK30JAN2092CE.NFO,07/01/2020,14:51:07,1.65,1.65,7000,1.7,42000,0,329000
FEDERALBNK30JAN2092CE.NFO,07/01/2020,14:51:37,1.65,1.65,14000,1.7,28000,0,329000
FEDERALBNK30JAN2092CE.NFO,07/01/2020,14:53:03,1.65,1.65,21000,1.7,28000,0,329000
FEDERALBNK30JAN2092CE.NFO,07/01/2020,14:53:20,1.65,1.65,28000,1.7,28000,0,329000
FEDERALBNK30JAN2092CE.NFO,07/01/2020,14:53:27,1.65,1.65,28000,1.75,28000,0,329000
FEDERALBNK30JAN2092CE.NFO,07/01/2020,14:53:38,1.65,1.65,21000,1.75,28000,0,329000
FEDERALBNK30JAN2092CE.NFO,07/01/2020,14:53:44,1.65,1.65,21000,1.75,21000,0,329000
FEDERALBNK30JAN2092CE.NFO,07/01/2020,14:53:50,1.65,1.65,28000,1.75,21000,0,329000
FEDERALBNK30JAN2092CE.NFO,07/01/2020,14:54:14,1.65,1.65,28000,1.75,28000,0,329000
FEDERALBNK30JAN2092CE.NFO,07/01/2020,14:54:32,1.65,1.65,21000,1.75,28000,0,329000
FEDERALBNK30JAN2092CE.NFO,07/01/2020,14:54:38,1.65,1.65,14000,1.75,28000,0,329000
FEDERALBNK30JAN2092CE.NFO,07/01/2020,14:54:44,1.65,1.65,21000,1.75,28000,0,329000
FEDERALBNK30JAN2092CE.NFO,07/01/2020,14:55:46,1.65,1.65,14000,1.75,28000,0,329000
FEDERALBNK30JAN2092CE.NFO,07/01/2020,14:56:07,1.65,1.65,14000,1.75,35000,0,329000
FEDERALBNK30JAN2092CE.NFO,07/01/2020,14:56:40,1.65,1.65,7000,1.7,7000,0,329000
FEDERALBNK30JAN2092CE.NFO,07/01/2020,14:56:50,1.65,1.65,14000,1.75,35000,0,329000
FEDERALBNK30JAN2092CE.NFO,07/01/2020,14:57:34,1.65,1.65,7000,1.7,7000,0,329000
FEDERALBNK30JAN2092CE.NFO,07/01/2020,14:57:41,1.65,1.65,14000,1.7,7000,0,329000
FEDERALBNK30JAN2092CE.NFO,07/01/2020,14:58:24,1.65,1.65,7000,1.7,7000,0,329000
FEDERALBNK30JAN2092CE.NFO,07/01/2020,14:59:37,1.65,1.6,49000,1.7,14000,0,329000
FEDERALBNK30JAN2092CE.NFO,07/01/2020,14:59:43,1.65,1.6,49000,1.7,7000,0,329000
FEDERALBNK30JAN2092CE.NFO,07/01/2020,15:00:04,1.65,1.65,14000,1.75,35000,0,329000
FEDERALBNK30JAN2092CE.NFO,07/01/2020,15:02:04,1.65,1.65,7000,1.75,35000,0,329000
FEDERALBNK30JAN2092CE.NFO,07/01/2020,15:02:28,1.65,1.65,21000,1.7,7000,0,329000
FEDERALBNK30JAN2092CE.NFO,07/01/2020,15:03:05,1.65,1.65,28000,1.75,35000,0,329000
FEDERALBNK30JAN2092CE.NFO,07/01/2020,15:03:10,1.65,1.65,28000,1.7,14000,0,329000
FEDERALBNK30JAN2092CE.NFO,07/01/2020,15:03:21,1.65,1.65,21000,1.7,14000,0,329000
FEDERALBNK30JAN2092CE.NFO,07/01/2020,15:03:51,1.65,1.65,21000,1.7,35000,0,329000
FEDERALBNK30JAN2092CE.NFO,07/01/2020,15:03:57,1.65,1.65,14000,1.7,35000,0,329000
FEDERALBNK30JAN2092CE.NFO,07/01/2020,15:04:03,1.65,1.6,21000,1.7,35000,0,329000
FEDERALBNK30JAN2092CE.NFO,07/01/2020,15:05:03,1.65,1.65,7000,1.7,35000,0,329000
FEDERALBNK30JAN2092CE.NFO,07/01/2020,15:05:16,1.65,1.65,14000,1.7,35000,0,329000
FEDERALBNK30JAN2092CE.NFO,07/01/2020,15:05:23,1.65,1.65,7000,1.7,35000,0,329000
FEDERALBNK30JAN2092CE.NFO,07/01/2020,15:05:26,1.65,1.6,28000,1.7,35000,0,329000
FEDERALBNK30JAN2092CE.NFO,07/01/2020,15:06:37,1.65,1.65,7000,1.7,35000,0,329000
FEDERALBNK30JAN2092CE.NFO,07/01/2020,15:07:17,1.65,1.6,28000,1.7,35000,0,329000
FEDERALBNK30JAN2092CE.NFO,07/01/2020,15:09:07,1.65,1.6,28000,1.7,42000,0,329000
FEDERALBNK30JAN2092CE.NFO,07/01/2020,15:09:44,1.65,1.6,21000,1.7,42000,0,329000
FEDERALBNK30JAN2092CE.NFO,07/01/2020,15:10:41,1.65,1.6,14000,1.7,42000,0,329000
FEDERALBNK30JAN2092CE.NFO,07/01/2020,15:10:51,1.65,1.6,14000,1.7,49000,0,329000
FEDERALBNK30JAN2092CE.NFO,07/01/2020,15:10:57,1.65,1.6,14000,1.65,7000,0,329000
FEDERALBNK30JAN2092CE.NFO,07/01/2020,15:11:02,1.65,1.6,21000,1.7,42000,0,329000
FEDERALBNK30JAN2092CE.NFO,07/01/2020,15:11:52,1.65,1.65,7000,1.7,42000,0,329000
FEDERALBNK30JAN2092CE.NFO,07/01/2020,15:12:14,1.65,1.6,28000,1.65,21000,7000,329000
FEDERALBNK30JAN2092CE.NFO,07/01/2020,15:12:23,1.65,1.6,28000,1.65,21000,0,329000
FEDERALBNK30JAN2092CE.NFO,07/01/2020,15:12:55,1.65,1.6,28000,1.65,14000,7000,336000
FEDERALBNK30JAN2092CE.NFO,07/01/2020,15:12:59,1.65,1.65,7000,1.7,42000,14000,336000
FEDERALBNK30JAN2092CE.NFO,07/01/2020,15:13:43,1.65,1.65,7000,1.7,42000,0,336000
FEDERALBNK30JAN2092CE.NFO,07/01/2020,15:14:06,1.65,1.65,7000,1.7,49000,0,336000
FEDERALBNK30JAN2092CE.NFO,07/01/2020,15:15:09,1.65,1.6,14000,1.7,49000,7000,336000
FEDERALBNK30JAN2092CE.NFO,07/01/2020,15:15:16,1.65,1.6,28000,1.7,49000,0,336000
FEDERALBNK30JAN2092CE.NFO,07/01/2020,15:17:11,1.65,1.65,7000,1.7,49000,0,336000
FEDERALBNK30JAN2092CE.NFO,07/01/2020,15:18:54,1.7,1.6,21000,1.7,49000,7000,357000
FEDERALBNK30JAN2092CE.NFO,07/01/2020,15:19:07,1.7,1.6,21000,1.7,49000,0,357000
FEDERALBNK30JAN2092CE.NFO,07/01/2020,15:19:28,1.7,1.6,21000,1.65,7000,0,357000
FEDERALBNK30JAN2092CE.NFO,07/01/2020,15:20:04,1.7,1.6,21000,1.7,49000,0,357000
FEDERALBNK30JAN2092CE.NFO,07/01/2020,15:20:10,1.7,1.6,28000,1.7,49000,0,357000
FEDERALBNK30JAN2092CE.NFO,07/01/2020,15:20:24,1.7,1.6,21000,1.7,49000,0,357000
FEDERALBNK30JAN2092CE.NFO,07/01/2020,15:21:52,1.7,1.6,14000,1.7,49000,0,357000
FEDERALBNK30JAN2092CE.NFO,07/01/2020,15:22:11,1.7,1.6,14000,1.65,14000,0,357000
FEDERALBNK30JAN2092CE.NFO,07/01/2020,15:22:17,1.7,1.6,14000,1.65,21000,0,357000
FEDERALBNK30JAN2092CE.NFO,07/01/2020,15:22:23,1.7,1.6,14000,1.7,49000,0,357000
FEDERALBNK30JAN2092CE.NFO,07/01/2020,15:22:30,1.7,1.55,49000,1.65,21000,0,357000
FEDERALBNK30JAN2092CE.NFO,07/01/2020,15:22:36,1.7,1.55,49000,1.65,14000,0,357000
FEDERALBNK30JAN2092CE.NFO,07/01/2020,15:22:43,1.7,1.6,21000,1.7,49000,0,357000
FEDERALBNK30JAN2092CE.NFO,07/01/2020,15:22:53,1.7,1.6,21000,1.65,7000,0,357000
FEDERALBNK30JAN2092CE.NFO,07/01/2020,15:22:59,1.7,1.6,21000,1.65,14000,0,357000
FEDERALBNK30JAN2092CE.NFO,07/01/2020,15:23:12,1.7,1.6,14000,1.65,28000,0,357000
FEDERALBNK30JAN2092CE.NFO,07/01/2020,15:23:47,1.7,1.6,21000,1.65,28000,0,357000
FEDERALBNK30JAN2092CE.NFO,07/01/2020,15:23:53,1.7,1.6,21000,1.65,7000,0,357000
FEDERALBNK30JAN2092CE.NFO,07/01/2020,15:24:21,1.7,1.6,21000,1.65,21000,0,357000
FEDERALBNK30JAN2092CE.NFO,07/01/2020,15:24:30,1.7,1.6,21000,1.65,7000,0,357000
FEDERALBNK30JAN2092CE.NFO,07/01/2020,15:25:25,1.7,1.6,21000,1.65,21000,0,357000
FEDERALBNK30JAN2092CE.NFO,07/01/2020,15:25:56,1.7,1.55,56000,1.65,28000,0,357000
FEDERALBNK30JAN2092CE.NFO,07/01/2020,15:26:06,1.7,1.55,28000,1.65,28000,0,357000
FEDERALBNK30JAN2092CE.NFO,07/01/2020,15:26:20,1.7,1.55,21000,1.65,63000,0,357000
FEDERALBNK30JAN2092CE.NFO,07/01/2020,15:26:33,1.7,1.55,21000,1.6,14000,0,357000
FEDERALBNK30JAN2092CE.NFO,07/01/2020,15:27:07,1.7,1.55,14000,1.6,14000,0,357000
FEDERALBNK30JAN2092CE.NFO,07/01/2020,15:27:12,1.7,1.55,21000,1.6,14000,0,357000
FEDERALBNK30JAN2092CE.NFO,07/01/2020,15:27:27,1.7,1.55,14000,1.6,14000,0,357000
FEDERALBNK30JAN2092CE.NFO,07/01/2020,15:27:44,1.7,1.55,14000,1.6,7000,0,357000
FEDERALBNK30JAN2092CE.NFO,07/01/2020,15:28:38,1.7,1.55,7000,1.6,7000,0,357000
FEDERALBNK30JAN2092CE.NFO,07/01/2020,15:28:45,1.7,1.5,35000,1.6,7000,0,357000
FEDERALBNK30JAN2092CE.NFO,07/01/2020,15:28:50,1.7,1.55,7000,1.6,7000,0,357000
FEDERALBNK30JAN2092CE.NFO,07/01/2020,15:29:08,1.7,1.55,14000,1.6,7000,0,357000
FEDERALBNK30JAN2092CE.NFO,07/01/2020,15:29:29,1.7,1.55,7000,1.6,7000,0,357000
FEDERALBNK30JAN2092CE.NFO,07/01/2020,15:29:59,1.7,1.5,7000,1.6,7000,0,357000
