Ticker,Date,Time,LTP,BuyPrice,BuyQty,SellPrice,SellQty,LTQ,OpenInterest
GAIL30JAN20122.5CE.NFO,07/01/2020,09:19:52,4.85,4.55,5334,4.9,5334,5334,218694
GAIL30JAN20122.5CE.NFO,07/01/2020,09:19:52,4.85,4.55,5334,4.9,5334,0,218694
GAIL30JAN20122.5CE.NFO,07/01/2020,09:19:52,4.85,4.55,5334,4.9,5334,0,218694
GAIL30JAN20122.5CE.NFO,07/01/2020,09:19:52,4.85,4.55,5334,4.9,5334,0,218694
GAIL30JAN20122.5CE.NFO,07/01/2020,09:20:00,4.85,4.6,5334,4.9,5334,0,218694
GAIL30JAN20122.5CE.NFO,07/01/2020,09:20:08,4.85,4.65,10668,4.95,5334,0,218694
GAIL30JAN20122.5CE.NFO,07/01/2020,09:20:16,4.85,4.6,10668,4.95,5334,0,218694
GAIL30JAN20122.5CE.NFO,07/01/2020,09:20:24,4.85,4.65,5334,5,5334,0,218694
GAIL30JAN20122.5CE.NFO,07/01/2020,09:20:54,4.85,4.7,10668,5,5334,0,218694
GAIL30JAN20122.5CE.NFO,07/01/2020,09:21:02,4.85,4.75,5334,5.1,5334,0,218694
GAIL30JAN20122.5CE.NFO,07/01/2020,09:21:46,4.85,4.75,16002,5.1,5334,0,218694
GAIL30JAN20122.5CE.NFO,07/01/2020,09:21:53,4.85,4.75,5334,5.1,5334,0,218694
GAIL30JAN20122.5CE.NFO,07/01/2020,09:22:00,4.85,4.75,26670,5.1,5334,0,218694
GAIL30JAN20122.5CE.NFO,07/01/2020,09:22:07,4.85,4.75,16002,5.1,5334,0,218694
GAIL30JAN20122.5CE.NFO,07/01/2020,09:22:15,4.85,4.7,16002,5.05,5334,0,218694
GAIL30JAN20122.5CE.NFO,07/01/2020,09:22:22,4.85,4.75,26670,5.1,5334,0,218694
GAIL30JAN20122.5CE.NFO,07/01/2020,09:22:29,4.85,4.75,16002,5.1,5334,0,218694
GAIL30JAN20122.5CE.NFO,07/01/2020,09:22:36,4.85,4.8,5334,5.1,5334,0,218694
GAIL30JAN20122.5CE.NFO,07/01/2020,09:22:43,4.85,4.8,16002,5.15,5334,0,218694
GAIL30JAN20122.5CE.NFO,07/01/2020,09:22:49,4.85,4.8,5334,5.15,5334,0,218694
GAIL30JAN20122.5CE.NFO,07/01/2020,09:22:55,4.85,4.8,37338,5.15,5334,0,218694
GAIL30JAN20122.5CE.NFO,07/01/2020,09:23:02,4.85,4.85,16002,5.2,5334,0,218694
GAIL30JAN20122.5CE.NFO,07/01/2020,09:23:08,4.85,4.85,48006,5.2,5334,0,218694
GAIL30JAN20122.5CE.NFO,07/01/2020,09:23:15,4.85,4.9,5334,5.25,16002,0,218694
GAIL30JAN20122.5CE.NFO,07/01/2020,09:23:22,4.85,4.9,5334,5.25,10668,0,218694
GAIL30JAN20122.5CE.NFO,07/01/2020,09:23:28,4.85,4.95,5334,5.25,10668,0,218694
GAIL30JAN20122.5CE.NFO,07/01/2020,09:23:35,4.85,4.95,5334,5.3,10668,0,218694
GAIL30JAN20122.5CE.NFO,07/01/2020,09:23:48,4.85,4.95,16002,5.3,10668,0,218694
GAIL30JAN20122.5CE.NFO,07/01/2020,09:23:55,4.85,5,5334,5.35,5334,0,218694
GAIL30JAN20122.5CE.NFO,07/01/2020,09:24:02,4.85,5.05,5334,5.35,5334,0,218694
GAIL30JAN20122.5CE.NFO,07/01/2020,09:24:16,4.85,5.05,5334,5.35,10668,0,218694
GAIL30JAN20122.5CE.NFO,07/01/2020,09:24:23,4.85,5,5334,5.3,5334,0,218694
GAIL30JAN20122.5CE.NFO,07/01/2020,09:24:30,4.85,5,5334,5.35,10668,0,218694
GAIL30JAN20122.5CE.NFO,07/01/2020,09:24:37,4.85,5,5334,5.3,16002,0,218694
GAIL30JAN20122.5CE.NFO,07/01/2020,09:24:50,4.85,4.95,5334,5.3,10668,0,218694
GAIL30JAN20122.5CE.NFO,07/01/2020,09:25:24,4.85,4.95,16002,5.25,5334,0,218694
GAIL30JAN20122.5CE.NFO,07/01/2020,09:25:31,4.85,5,5334,5.3,10668,0,218694
GAIL30JAN20122.5CE.NFO,07/01/2020,09:25:39,4.85,4.9,10668,5.2,10668,0,218694
GAIL30JAN20122.5CE.NFO,07/01/2020,09:25:46,4.85,4.9,10668,5.2,5334,0,218694
GAIL30JAN20122.5CE.NFO,07/01/2020,09:26:09,4.85,4.9,10668,5.15,5334,0,218694
GAIL30JAN20122.5CE.NFO,07/01/2020,09:26:22,4.85,4.9,5334,5.15,5334,0,218694
GAIL30JAN20122.5CE.NFO,07/01/2020,09:27:13,4.85,4.85,5334,5.15,5334,0,218694
GAIL30JAN20122.5CE.NFO,07/01/2020,09:27:32,4.85,4.9,10668,5.25,10668,0,218694
GAIL30JAN20122.5CE.NFO,07/01/2020,09:27:37,4.85,4.9,21336,5.25,10668,0,218694
GAIL30JAN20122.5CE.NFO,07/01/2020,09:27:43,4.85,4.9,10668,5.25,10668,0,218694
GAIL30JAN20122.5CE.NFO,07/01/2020,09:27:48,4.85,4.9,10668,5.25,5334,0,218694
GAIL30JAN20122.5CE.NFO,07/01/2020,09:27:56,4.85,4.9,21336,5.25,5334,0,218694
GAIL30JAN20122.5CE.NFO,07/01/2020,09:28:09,4.85,4.9,10668,5.2,5334,0,218694
GAIL30JAN20122.5CE.NFO,07/01/2020,09:28:21,4.85,4.9,10668,5.2,10668,0,218694
GAIL30JAN20122.5CE.NFO,07/01/2020,09:28:27,4.85,4.9,10668,5.2,16002,0,218694
GAIL30JAN20122.5CE.NFO,07/01/2020,09:28:33,4.85,4.9,10668,5.2,10668,0,218694
GAIL30JAN20122.5CE.NFO,07/01/2020,09:28:38,4.85,4.9,5334,5.15,5334,0,218694
GAIL30JAN20122.5CE.NFO,07/01/2020,09:28:43,4.85,4.75,5334,5.05,10668,0,218694
GAIL30JAN20122.5CE.NFO,07/01/2020,09:28:55,4.85,4.8,5334,5.05,5334,0,218694
GAIL30JAN20122.5CE.NFO,07/01/2020,09:29:01,4.85,4.75,5334,5.05,10668,0,218694
GAIL30JAN20122.5CE.NFO,07/01/2020,09:29:07,4.85,4.8,5334,5.05,10668,0,218694
GAIL30JAN20122.5CE.NFO,07/01/2020,09:29:14,4.85,4.75,5334,5.05,10668,0,218694
GAIL30JAN20122.5CE.NFO,07/01/2020,09:29:31,4.85,4.75,5334,5,5334,0,218694
GAIL30JAN20122.5CE.NFO,07/01/2020,09:29:44,4.85,4.8,5334,5.05,5334,0,218694
GAIL30JAN20122.5CE.NFO,07/01/2020,09:29:51,4.85,4.75,5334,5,5334,0,218694
GAIL30JAN20122.5CE.NFO,07/01/2020,09:30:22,4.85,4.75,16002,5.05,5334,0,218694
GAIL30JAN20122.5CE.NFO,07/01/2020,09:30:44,4.85,4.8,5334,5.05,5334,0,218694
GAIL30JAN20122.5CE.NFO,07/01/2020,09:30:54,4.85,4.8,5334,5.1,5334,0,218694
GAIL30JAN20122.5CE.NFO,07/01/2020,09:31:18,4.85,4.8,5334,5.05,5334,0,218694
GAIL30JAN20122.5CE.NFO,07/01/2020,09:31:24,4.85,4.75,10668,5.05,10668,0,218694
GAIL30JAN20122.5CE.NFO,07/01/2020,09:31:30,4.85,4.8,10668,5.05,10668,0,218694
GAIL30JAN20122.5CE.NFO,07/01/2020,09:31:35,4.85,4.75,5334,5.05,16002,0,218694
GAIL30JAN20122.5CE.NFO,07/01/2020,09:31:41,4.85,4.8,5334,5.05,10668,0,218694
GAIL30JAN20122.5CE.NFO,07/01/2020,09:32:05,4.85,4.8,5334,5.05,5334,0,218694
GAIL30JAN20122.5CE.NFO,07/01/2020,09:32:10,4.85,4.85,5334,5.15,10668,0,218694
GAIL30JAN20122.5CE.NFO,07/01/2020,09:32:21,4.85,4.85,5334,5.1,5334,0,218694
GAIL30JAN20122.5CE.NFO,07/01/2020,09:32:28,4.85,4.9,5334,5.2,5334,0,218694
GAIL30JAN20122.5CE.NFO,07/01/2020,09:32:52,4.85,5,5334,5.2,5334,0,218694
GAIL30JAN20122.5CE.NFO,07/01/2020,09:33:02,4.85,5,5334,5.15,5334,0,218694
GAIL30JAN20122.5CE.NFO,07/01/2020,09:33:13,4.85,5,5334,5.2,5334,0,218694
GAIL30JAN20122.5CE.NFO,07/01/2020,09:33:19,5.2,4.8,21336,5.2,10668,5334,213360
GAIL30JAN20122.5CE.NFO,07/01/2020,09:33:19,5.2,4.8,21336,5.2,10668,0,213360
GAIL30JAN20122.5CE.NFO,07/01/2020,09:33:25,5.2,4.9,10668,5.2,5334,0,213360
GAIL30JAN20122.5CE.NFO,07/01/2020,09:34:07,5.2,4.95,5334,5.2,5334,0,213360
GAIL30JAN20122.5CE.NFO,07/01/2020,09:34:12,5.2,5,5334,5.2,5334,0,213360
GAIL30JAN20122.5CE.NFO,07/01/2020,09:34:43,5.2,4.9,5334,5.2,5334,0,213360
GAIL30JAN20122.5CE.NFO,07/01/2020,09:34:48,5.2,4.95,5334,5.2,10668,0,213360
GAIL30JAN20122.5CE.NFO,07/01/2020,09:34:52,5.2,4.95,5334,5.2,16002,0,213360
GAIL30JAN20122.5CE.NFO,07/01/2020,09:35:08,5.2,4.95,5334,5.2,5334,0,213360
GAIL30JAN20122.5CE.NFO,07/01/2020,09:35:27,5.2,4.95,5334,5.2,16002,0,213360
GAIL30JAN20122.5CE.NFO,07/01/2020,09:35:33,5.2,4.95,5334,5.2,10668,0,213360
GAIL30JAN20122.5CE.NFO,07/01/2020,09:35:46,5.2,4.9,5334,5.2,16002,0,213360
GAIL30JAN20122.5CE.NFO,07/01/2020,09:36:06,5.2,4.95,10668,5.2,10668,0,213360
GAIL30JAN20122.5CE.NFO,07/01/2020,09:36:29,5.2,4.9,5334,5.15,5334,0,213360
GAIL30JAN20122.5CE.NFO,07/01/2020,09:36:34,5.2,4.9,5334,5.2,10668,0,213360
GAIL30JAN20122.5CE.NFO,07/01/2020,09:36:59,5.2,4.95,5334,5.2,10668,0,213360
GAIL30JAN20122.5CE.NFO,07/01/2020,09:37:13,5.2,4.95,5334,5.2,16002,0,213360
GAIL30JAN20122.5CE.NFO,07/01/2020,09:37:28,5.2,4.95,5334,5.2,5334,0,213360
GAIL30JAN20122.5CE.NFO,07/01/2020,09:37:49,5.2,5.05,5334,5.25,5334,0,213360
GAIL30JAN20122.5CE.NFO,07/01/2020,09:37:53,5.2,5.05,5334,5.3,5334,0,213360
GAIL30JAN20122.5CE.NFO,07/01/2020,09:37:57,5.2,5.05,5334,5.25,5334,0,213360
GAIL30JAN20122.5CE.NFO,07/01/2020,09:38:02,5.2,5,5334,5.25,5334,0,213360
GAIL30JAN20122.5CE.NFO,07/01/2020,09:38:16,5.2,5,5334,5.3,10668,0,213360
GAIL30JAN20122.5CE.NFO,07/01/2020,09:38:21,5.2,5,5334,5.25,5334,0,213360
GAIL30JAN20122.5CE.NFO,07/01/2020,09:38:44,5.2,5.05,5334,5.3,10668,0,213360
GAIL30JAN20122.5CE.NFO,07/01/2020,09:38:54,5.2,5.05,5334,5.25,5334,0,213360
GAIL30JAN20122.5CE.NFO,07/01/2020,09:39:03,5.2,5.05,5334,5.3,5334,0,213360
GAIL30JAN20122.5CE.NFO,07/01/2020,09:39:08,5.2,5.1,5334,5.35,5334,0,213360
GAIL30JAN20122.5CE.NFO,07/01/2020,09:39:12,5.2,5.15,5334,5.35,5334,0,213360
GAIL30JAN20122.5CE.NFO,07/01/2020,09:39:23,5.2,5.1,5334,5.35,10668,0,213360
GAIL30JAN20122.5CE.NFO,07/01/2020,09:39:39,5.2,5.15,5334,5.35,5334,0,213360
GAIL30JAN20122.5CE.NFO,07/01/2020,09:39:44,5.2,5.15,5334,5.4,5334,0,213360
GAIL30JAN20122.5CE.NFO,07/01/2020,09:39:49,5.2,5.1,5334,5.35,5334,0,213360
GAIL30JAN20122.5CE.NFO,07/01/2020,09:40:08,5.2,5.1,5334,5.4,16002,0,213360
GAIL30JAN20122.5CE.NFO,07/01/2020,09:40:13,5.2,5.15,5334,5.4,5334,0,213360
GAIL30JAN20122.5CE.NFO,07/01/2020,09:40:40,5.2,5.2,5334,5.45,10668,0,213360
GAIL30JAN20122.5CE.NFO,07/01/2020,09:40:50,5.2,5.15,5334,5.45,21336,0,213360
GAIL30JAN20122.5CE.NFO,07/01/2020,09:41:10,5.2,5.2,5334,5.45,5334,0,213360
GAIL30JAN20122.5CE.NFO,07/01/2020,09:41:14,5.2,5.2,5334,5.5,5334,0,213360
GAIL30JAN20122.5CE.NFO,07/01/2020,09:41:25,5.2,5.25,5334,5.5,5334,0,213360
GAIL30JAN20122.5CE.NFO,07/01/2020,09:41:30,5.2,5.2,5334,5.5,5334,0,213360
GAIL30JAN20122.5CE.NFO,07/01/2020,09:41:35,5.5,5.25,5334,5.55,16002,5334,213360
GAIL30JAN20122.5CE.NFO,07/01/2020,09:41:35,5.5,5.25,5334,5.55,16002,0,213360
GAIL30JAN20122.5CE.NFO,07/01/2020,09:41:39,5.5,5.25,5334,5.55,5334,0,213360
GAIL30JAN20122.5CE.NFO,07/01/2020,09:41:43,5.5,5.25,10668,5.6,16002,0,213360
GAIL30JAN20122.5CE.NFO,07/01/2020,09:41:54,5.5,5.35,5334,5.6,16002,0,213360
GAIL30JAN20122.5CE.NFO,07/01/2020,09:42:00,5.5,5.3,5334,5.55,16002,0,213360
GAIL30JAN20122.5CE.NFO,07/01/2020,09:42:06,5.5,5.2,10668,5.55,16002,0,213360
GAIL30JAN20122.5CE.NFO,07/01/2020,09:42:13,5.5,5.25,10668,5.55,5334,0,213360
GAIL30JAN20122.5CE.NFO,07/01/2020,09:42:19,5.5,5.25,5334,5.55,5334,0,213360
GAIL30JAN20122.5CE.NFO,07/01/2020,09:42:26,5.5,5.3,10668,5.55,5334,0,213360
GAIL30JAN20122.5CE.NFO,07/01/2020,09:42:59,5.5,5.25,10668,5.55,16002,0,213360
GAIL30JAN20122.5CE.NFO,07/01/2020,09:43:05,5.5,5.25,10668,5.55,10668,5334,213360
GAIL30JAN20122.5CE.NFO,07/01/2020,09:43:11,5.5,5.25,10668,5.55,10668,0,213360
GAIL30JAN20122.5CE.NFO,07/01/2020,09:43:26,5.5,5.2,10668,5.5,10668,0,213360
GAIL30JAN20122.5CE.NFO,07/01/2020,09:43:32,5.5,5.25,5334,5.5,10668,0,213360
GAIL30JAN20122.5CE.NFO,07/01/2020,09:43:36,5.5,5.2,10668,5.5,10668,0,213360
GAIL30JAN20122.5CE.NFO,07/01/2020,09:43:46,5.5,5.2,10668,5.5,21336,0,213360
GAIL30JAN20122.5CE.NFO,07/01/2020,09:43:56,5.5,5.15,10668,5.45,10668,0,213360
GAIL30JAN20122.5CE.NFO,07/01/2020,09:44:01,5.5,5.15,5334,5.45,10668,0,213360
GAIL30JAN20122.5CE.NFO,07/01/2020,09:44:07,5.5,5.15,10668,5.45,10668,0,213360
GAIL30JAN20122.5CE.NFO,07/01/2020,09:44:17,5.5,5.1,16002,5.45,10668,0,213360
GAIL30JAN20122.5CE.NFO,07/01/2020,09:44:23,5.5,5.15,5334,5.45,10668,0,213360
GAIL30JAN20122.5CE.NFO,07/01/2020,09:44:28,5.5,5.2,10668,5.45,5334,0,213360
GAIL30JAN20122.5CE.NFO,07/01/2020,09:44:33,5.5,5.25,5334,5.45,5334,0,213360
GAIL30JAN20122.5CE.NFO,07/01/2020,09:44:39,5.5,5.15,10668,5.45,10668,0,213360
GAIL30JAN20122.5CE.NFO,07/01/2020,09:44:45,5.5,5.2,5334,5.45,10668,0,213360
GAIL30JAN20122.5CE.NFO,07/01/2020,09:44:50,5.5,5.15,10668,5.45,10668,0,213360
GAIL30JAN20122.5CE.NFO,07/01/2020,09:44:56,5.5,5.2,5334,5.45,5334,0,213360
GAIL30JAN20122.5CE.NFO,07/01/2020,09:45:01,5.5,5.2,10668,5.45,5334,0,213360
GAIL30JAN20122.5CE.NFO,07/01/2020,09:45:07,5.5,5.2,10668,5.45,10668,0,213360
GAIL30JAN20122.5CE.NFO,07/01/2020,09:45:13,5.5,5.15,5334,5.4,10668,0,213360
GAIL30JAN20122.5CE.NFO,07/01/2020,09:45:25,5.5,5.1,10668,5.4,10668,0,213360
GAIL30JAN20122.5CE.NFO,07/01/2020,09:45:30,5.5,5.1,10668,5.45,10668,0,213360
GAIL30JAN20122.5CE.NFO,07/01/2020,09:45:40,5.5,5.15,10668,5.45,10668,0,213360
GAIL30JAN20122.5CE.NFO,07/01/2020,09:45:44,5.5,5.2,10668,5.45,10668,0,213360
GAIL30JAN20122.5CE.NFO,07/01/2020,09:45:54,5.5,5.25,10668,5.5,21336,0,213360
GAIL30JAN20122.5CE.NFO,07/01/2020,09:45:58,5.5,5.25,5334,5.45,10668,0,213360
GAIL30JAN20122.5CE.NFO,07/01/2020,09:46:03,5.5,5.15,10668,5.5,21336,0,213360
GAIL30JAN20122.5CE.NFO,07/01/2020,09:46:12,5.5,5.25,10668,5.5,21336,0,213360
GAIL30JAN20122.5CE.NFO,07/01/2020,09:46:22,5.5,5.25,10668,5.5,10668,0,213360
GAIL30JAN20122.5CE.NFO,07/01/2020,09:46:27,5.5,5.3,10668,5.5,10668,0,213360
GAIL30JAN20122.5CE.NFO,07/01/2020,09:46:38,5.5,5.25,10668,5.5,21336,0,213360
GAIL30JAN20122.5CE.NFO,07/01/2020,09:46:44,5.5,5.25,10668,5.5,10668,0,213360
GAIL30JAN20122.5CE.NFO,07/01/2020,09:47:15,5.5,5.3,10668,5.5,10668,0,213360
GAIL30JAN20122.5CE.NFO,07/01/2020,09:48:09,5.5,5.25,10668,5.5,10668,0,213360
GAIL30JAN20122.5CE.NFO,07/01/2020,09:48:25,5.5,5.3,5334,5.5,10668,0,213360
GAIL30JAN20122.5CE.NFO,07/01/2020,09:48:29,5.5,5.25,10668,5.5,10668,0,213360
GAIL30JAN20122.5CE.NFO,07/01/2020,09:48:43,5.5,5.25,5334,5.5,10668,0,213360
GAIL30JAN20122.5CE.NFO,07/01/2020,09:49:04,5.5,5.2,10668,5.5,10668,0,213360
GAIL30JAN20122.5CE.NFO,07/01/2020,09:49:08,5.5,5.25,5334,5.5,10668,0,213360
GAIL30JAN20122.5CE.NFO,07/01/2020,09:49:11,5.5,5.2,10668,5.5,10668,0,213360
GAIL30JAN20122.5CE.NFO,07/01/2020,09:49:23,5.5,5.25,5334,5.5,10668,0,213360
GAIL30JAN20122.5CE.NFO,07/01/2020,09:49:29,5.5,5.2,10668,5.5,10668,0,213360
GAIL30JAN20122.5CE.NFO,07/01/2020,09:49:40,5.5,5.15,10668,5.5,10668,0,213360
GAIL30JAN20122.5CE.NFO,07/01/2020,09:49:49,5.5,5.2,10668,5.5,10668,0,213360
GAIL30JAN20122.5CE.NFO,07/01/2020,09:49:52,5.5,5.2,5334,5.5,10668,0,213360
GAIL30JAN20122.5CE.NFO,07/01/2020,09:49:55,5.5,5.2,10668,5.5,10668,0,213360
GAIL30JAN20122.5CE.NFO,07/01/2020,09:50:09,5.5,5.25,10668,5.5,10668,0,213360
GAIL30JAN20122.5CE.NFO,07/01/2020,09:50:13,5.5,5.25,10668,5.5,16002,0,213360
GAIL30JAN20122.5CE.NFO,07/01/2020,09:50:20,5.5,5.1,10668,5.5,16002,0,213360
GAIL30JAN20122.5CE.NFO,07/01/2020,09:50:25,5.5,5.2,5334,5.45,10668,0,213360
GAIL30JAN20122.5CE.NFO,07/01/2020,09:50:31,5.5,5.1,10668,5.4,10668,0,213360
GAIL30JAN20122.5CE.NFO,07/01/2020,09:50:34,5.5,5,10668,5.4,10668,0,213360
GAIL30JAN20122.5CE.NFO,07/01/2020,09:50:38,5.5,5.05,10668,5.4,10668,0,213360
GAIL30JAN20122.5CE.NFO,07/01/2020,09:50:48,5.5,5.15,5334,5.4,10668,0,213360
GAIL30JAN20122.5CE.NFO,07/01/2020,09:50:53,5.5,5.05,10668,5.4,10668,0,213360
GAIL30JAN20122.5CE.NFO,07/01/2020,09:50:57,5.5,5.05,5334,5.35,5334,0,213360
GAIL30JAN20122.5CE.NFO,07/01/2020,09:51:06,5.5,5.05,10668,5.35,5334,0,213360
GAIL30JAN20122.5CE.NFO,07/01/2020,09:51:11,5.5,5,10668,5.35,10668,0,213360
GAIL30JAN20122.5CE.NFO,07/01/2020,09:51:33,5.5,5.05,5334,5.35,10668,0,213360
GAIL30JAN20122.5CE.NFO,07/01/2020,09:51:37,5.5,5,10668,5.5,10668,0,213360
GAIL30JAN20122.5CE.NFO,07/01/2020,09:51:41,5.5,5.05,10668,5.5,10668,0,213360
GAIL30JAN20122.5CE.NFO,07/01/2020,09:51:45,5.5,5,16002,5.5,10668,0,213360
GAIL30JAN20122.5CE.NFO,07/01/2020,09:51:49,5.5,5.05,10668,5.5,10668,0,213360
GAIL30JAN20122.5CE.NFO,07/01/2020,09:51:53,5.5,4.95,10668,5.5,10668,0,213360
GAIL30JAN20122.5CE.NFO,07/01/2020,09:51:57,5.5,5,10668,5.5,10668,0,213360
GAIL30JAN20122.5CE.NFO,07/01/2020,09:52:13,5.5,5.05,5334,5.5,10668,0,213360
GAIL30JAN20122.5CE.NFO,07/01/2020,09:52:17,5.5,5.1,5334,5.5,10668,0,213360
GAIL30JAN20122.5CE.NFO,07/01/2020,09:52:22,5.5,5.05,5334,5.5,10668,0,213360
GAIL30JAN20122.5CE.NFO,07/01/2020,09:52:32,5.5,5,10668,5.5,10668,0,213360
GAIL30JAN20122.5CE.NFO,07/01/2020,09:52:37,5.5,5.15,5334,5.5,10668,0,213360
GAIL30JAN20122.5CE.NFO,07/01/2020,09:52:46,5.5,5.1,10668,5.5,10668,0,213360
GAIL30JAN20122.5CE.NFO,07/01/2020,09:52:54,5.5,5.15,5334,5.5,10668,0,213360
GAIL30JAN20122.5CE.NFO,07/01/2020,09:52:58,5.5,5.1,10668,5.5,10668,0,213360
GAIL30JAN20122.5CE.NFO,07/01/2020,09:53:02,5.5,5.05,10668,5.5,10668,0,213360
GAIL30JAN20122.5CE.NFO,07/01/2020,09:53:07,5.5,5,10668,5.5,10668,0,213360
GAIL30JAN20122.5CE.NFO,07/01/2020,09:53:13,5.5,5.15,5334,5.5,10668,0,213360
GAIL30JAN20122.5CE.NFO,07/01/2020,09:53:18,5.5,5.1,10668,5.5,10668,0,213360
GAIL30JAN20122.5CE.NFO,07/01/2020,09:53:27,5.5,5.15,5334,5.5,10668,0,213360
GAIL30JAN20122.5CE.NFO,07/01/2020,09:53:31,5.5,5.1,10668,5.5,10668,0,213360
GAIL30JAN20122.5CE.NFO,07/01/2020,09:54:02,5.5,4.95,10668,5.5,10668,0,213360
GAIL30JAN20122.5CE.NFO,07/01/2020,09:54:08,5.5,4.9,10668,5.45,5334,0,213360
GAIL30JAN20122.5CE.NFO,07/01/2020,09:54:13,5.5,4.85,10668,5.45,5334,0,213360
GAIL30JAN20122.5CE.NFO,07/01/2020,09:54:17,5.5,5,5334,5.5,10668,0,213360
GAIL30JAN20122.5CE.NFO,07/01/2020,09:54:22,5.5,5,5334,5.45,10668,0,213360
GAIL30JAN20122.5CE.NFO,07/01/2020,09:54:27,5.5,4.95,10668,5.45,16002,0,213360
GAIL30JAN20122.5CE.NFO,07/01/2020,09:54:32,5.5,5,10668,5.5,10668,0,213360
GAIL30JAN20122.5CE.NFO,07/01/2020,09:54:45,5.5,5.05,10668,5.5,10668,0,213360
GAIL30JAN20122.5CE.NFO,07/01/2020,09:55:25,5.5,5.1,10668,5.5,10668,0,213360
GAIL30JAN20122.5CE.NFO,07/01/2020,09:56:21,5.5,5.1,5334,5.5,10668,0,213360
GAIL30JAN20122.5CE.NFO,07/01/2020,09:57:01,5.5,5.1,5334,5.5,16002,0,213360
GAIL30JAN20122.5CE.NFO,07/01/2020,09:57:43,5.5,5.05,5334,5.5,16002,0,213360
GAIL30JAN20122.5CE.NFO,07/01/2020,09:57:52,5.5,5.05,5334,5.5,26670,0,213360
GAIL30JAN20122.5CE.NFO,07/01/2020,09:57:56,5.5,5.05,5334,5.5,37338,0,213360
GAIL30JAN20122.5CE.NFO,07/01/2020,09:58:01,5.5,5.05,5334,5.45,42672,0,213360
GAIL30JAN20122.5CE.NFO,07/01/2020,09:58:23,5.5,5.05,5334,5.45,32004,0,213360
GAIL30JAN20122.5CE.NFO,07/01/2020,09:58:28,5.5,5.1,5334,5.45,16002,0,213360
GAIL30JAN20122.5CE.NFO,07/01/2020,09:58:37,5.5,5.1,5334,5.45,21336,0,213360
GAIL30JAN20122.5CE.NFO,07/01/2020,09:58:41,5.5,5.05,5334,5.45,26670,0,213360
GAIL30JAN20122.5CE.NFO,07/01/2020,09:58:52,5.5,5.05,5334,5.4,16002,0,213360
GAIL30JAN20122.5CE.NFO,07/01/2020,09:59:08,5.5,5,5334,5.4,16002,0,213360
GAIL30JAN20122.5CE.NFO,07/01/2020,09:59:13,5.5,5,5334,5.35,16002,0,213360
GAIL30JAN20122.5CE.NFO,07/01/2020,09:59:17,5.5,5,5334,5.35,10668,0,213360
GAIL30JAN20122.5CE.NFO,07/01/2020,09:59:41,5.5,5.05,5334,5.35,10668,0,213360
GAIL30JAN20122.5CE.NFO,07/01/2020,10:00:02,5.5,4.95,5334,5.35,16002,0,213360
GAIL30JAN20122.5CE.NFO,07/01/2020,10:00:11,5.5,5.05,5334,5.35,10668,0,213360
GAIL30JAN20122.5CE.NFO,07/01/2020,10:00:16,5.5,5,5334,5.35,10668,0,213360
GAIL30JAN20122.5CE.NFO,07/01/2020,10:00:21,5.5,4.95,5334,5.35,16002,0,213360
GAIL30JAN20122.5CE.NFO,07/01/2020,10:00:43,5.5,4.95,5334,5.3,26670,0,213360
GAIL30JAN20122.5CE.NFO,07/01/2020,10:00:56,5.5,4.9,5334,5.3,26670,0,213360
GAIL30JAN20122.5CE.NFO,07/01/2020,10:01:02,5.5,4.95,5334,5.3,5334,0,213360
GAIL30JAN20122.5CE.NFO,07/01/2020,10:01:08,5.5,4.95,5334,5.35,16002,0,213360
GAIL30JAN20122.5CE.NFO,07/01/2020,10:01:19,5.5,4.9,5334,5.35,21336,0,213360
GAIL30JAN20122.5CE.NFO,07/01/2020,10:01:26,5.5,4.9,5334,5.3,32004,0,213360
GAIL30JAN20122.5CE.NFO,07/01/2020,10:01:32,5.5,4.9,5334,5.3,26670,0,213360
GAIL30JAN20122.5CE.NFO,07/01/2020,10:01:43,5,4.9,5334,5,5334,5334,213360
GAIL30JAN20122.5CE.NFO,07/01/2020,10:01:49,5,4.8,10668,5,5334,0,213360
GAIL30JAN20122.5CE.NFO,07/01/2020,10:02:16,5,4.7,10668,5,5334,0,213360
GAIL30JAN20122.5CE.NFO,07/01/2020,10:02:21,5,4.75,5334,5,5334,0,213360
GAIL30JAN20122.5CE.NFO,07/01/2020,10:02:32,5,4.7,10668,5,5334,0,213360
GAIL30JAN20122.5CE.NFO,07/01/2020,10:02:37,5,4.7,5334,5,5334,0,213360
GAIL30JAN20122.5CE.NFO,07/01/2020,10:02:41,5,4.75,5334,5,5334,0,213360
GAIL30JAN20122.5CE.NFO,07/01/2020,10:02:46,5,4.7,10668,5,5334,0,213360
GAIL30JAN20122.5CE.NFO,07/01/2020,10:02:53,5,4.7,5334,5,5334,0,213360
GAIL30JAN20122.5CE.NFO,07/01/2020,10:02:58,5,4.75,10668,5,5334,0,213360
GAIL30JAN20122.5CE.NFO,07/01/2020,10:03:11,5,4.7,16002,5,5334,0,213360
GAIL30JAN20122.5CE.NFO,07/01/2020,10:03:22,5,4.85,5334,5,5334,0,213360
GAIL30JAN20122.5CE.NFO,07/01/2020,10:03:26,5,4.75,16002,5,5334,0,213360
GAIL30JAN20122.5CE.NFO,07/01/2020,10:03:36,5,4.8,5334,5,5334,0,213360
GAIL30JAN20122.5CE.NFO,07/01/2020,10:03:41,5,4.7,26670,5,5334,0,213360
GAIL30JAN20122.5CE.NFO,07/01/2020,10:03:46,5,4.8,5334,5,5334,0,213360
GAIL30JAN20122.5CE.NFO,07/01/2020,10:03:51,5,4.8,10668,5,5334,0,213360
GAIL30JAN20122.5CE.NFO,07/01/2020,10:04:00,5,4.85,10668,5.35,5334,5334,213360
GAIL30JAN20122.5CE.NFO,07/01/2020,10:04:04,5,4.85,10668,5.35,5334,0,213360
GAIL30JAN20122.5CE.NFO,07/01/2020,10:04:09,5,4.85,10668,5.4,16002,0,213360
GAIL30JAN20122.5CE.NFO,07/01/2020,10:04:14,5,4.85,10668,5.4,21336,0,213360
GAIL30JAN20122.5CE.NFO,07/01/2020,10:04:22,5,4.9,10668,5.4,16002,0,213360
GAIL30JAN20122.5CE.NFO,07/01/2020,10:04:26,5,4.9,10668,5.4,5334,0,213360
GAIL30JAN20122.5CE.NFO,07/01/2020,10:04:31,5,5,5334,5.4,5334,0,213360
GAIL30JAN20122.5CE.NFO,07/01/2020,10:04:36,5,4.95,10668,5.4,10668,0,213360
GAIL30JAN20122.5CE.NFO,07/01/2020,10:04:41,5,4.95,10668,5.35,5334,0,213360
GAIL30JAN20122.5CE.NFO,07/01/2020,10:04:48,5,4.95,10668,5.4,10668,0,213360
GAIL30JAN20122.5CE.NFO,07/01/2020,10:05:16,5,4.95,5334,5.35,10668,0,213360
GAIL30JAN20122.5CE.NFO,07/01/2020,10:05:19,5,4.9,10668,5.35,16002,0,213360
GAIL30JAN20122.5CE.NFO,07/01/2020,10:05:25,5,4.9,10668,5.35,10668,0,213360
GAIL30JAN20122.5CE.NFO,07/01/2020,10:05:29,5,4.9,5334,5.4,21336,0,213360
GAIL30JAN20122.5CE.NFO,07/01/2020,10:05:34,5,4.9,10668,5.3,5334,0,213360
GAIL30JAN20122.5CE.NFO,07/01/2020,10:05:40,5,4.9,10668,5.35,5334,0,213360
GAIL30JAN20122.5CE.NFO,07/01/2020,10:05:52,5,4.9,10668,5.3,5334,0,213360
GAIL30JAN20122.5CE.NFO,07/01/2020,10:05:57,5,4.9,10668,5.35,5334,0,213360
GAIL30JAN20122.5CE.NFO,07/01/2020,10:06:20,5,4.85,10668,5.3,10668,0,213360
GAIL30JAN20122.5CE.NFO,07/01/2020,10:06:24,5,4.9,10668,5.35,5334,0,213360
GAIL30JAN20122.5CE.NFO,07/01/2020,10:06:50,5,4.9,10668,5.3,5334,0,213360
GAIL30JAN20122.5CE.NFO,07/01/2020,10:06:56,5,4.95,10668,5.35,5334,0,213360
GAIL30JAN20122.5CE.NFO,07/01/2020,10:07:00,5,5,5334,5.35,5334,0,213360
GAIL30JAN20122.5CE.NFO,07/01/2020,10:07:06,5,4.95,10668,5.35,5334,0,213360
GAIL30JAN20122.5CE.NFO,07/01/2020,10:07:11,5,4.95,5334,5.35,5334,0,213360
GAIL30JAN20122.5CE.NFO,07/01/2020,10:07:16,5,5,5334,5.35,5334,0,213360
GAIL30JAN20122.5CE.NFO,07/01/2020,10:07:21,5,5,5334,5.4,5334,0,213360
GAIL30JAN20122.5CE.NFO,07/01/2020,10:07:31,5,5.05,16002,5.4,5334,0,213360
GAIL30JAN20122.5CE.NFO,07/01/2020,10:07:37,5,5,10668,5.2,5334,0,213360
GAIL30JAN20122.5CE.NFO,07/01/2020,10:07:46,5,5,5334,5.2,5334,0,213360
GAIL30JAN20122.5CE.NFO,07/01/2020,10:07:51,5,5,5334,5.25,10668,0,213360
GAIL30JAN20122.5CE.NFO,07/01/2020,10:08:06,5,5,10668,5.45,5334,0,213360
GAIL30JAN20122.5CE.NFO,07/01/2020,10:08:11,5,5.05,10668,5.5,5334,0,213360
GAIL30JAN20122.5CE.NFO,07/01/2020,10:08:15,5,5.1,16002,5.55,5334,0,213360
GAIL30JAN20122.5CE.NFO,07/01/2020,10:08:21,5,5.15,5334,5.5,5334,0,213360
GAIL30JAN20122.5CE.NFO,07/01/2020,10:08:26,5,5.1,10668,5.5,5334,0,213360
GAIL30JAN20122.5CE.NFO,07/01/2020,10:08:30,5,5.15,16002,5.55,5334,0,213360
GAIL30JAN20122.5CE.NFO,07/01/2020,10:08:57,5,5.15,21336,5.55,5334,0,213360
GAIL30JAN20122.5CE.NFO,07/01/2020,10:09:19,5,5.15,16002,5.55,5334,0,213360
GAIL30JAN20122.5CE.NFO,07/01/2020,10:09:24,5,5.15,10668,5.5,5334,0,213360
GAIL30JAN20122.5CE.NFO,07/01/2020,10:09:34,5,5.1,5334,5.5,5334,0,213360
GAIL30JAN20122.5CE.NFO,07/01/2020,10:09:46,5,5.1,16002,5.5,5334,0,213360
GAIL30JAN20122.5CE.NFO,07/01/2020,10:09:50,5,5.2,10668,5.55,21336,0,213360
GAIL30JAN20122.5CE.NFO,07/01/2020,10:09:55,5,5.2,10668,5.55,16002,0,213360
GAIL30JAN20122.5CE.NFO,07/01/2020,10:10:00,5,5.2,10668,5.55,10668,0,213360
GAIL30JAN20122.5CE.NFO,07/01/2020,10:10:11,5,5.2,10668,5.55,21336,0,213360
GAIL30JAN20122.5CE.NFO,07/01/2020,10:10:16,5,5.2,10668,5.55,16002,0,213360
GAIL30JAN20122.5CE.NFO,07/01/2020,10:10:21,5,5.2,10668,5.5,5334,0,213360
GAIL30JAN20122.5CE.NFO,07/01/2020,10:10:28,5,5.2,10668,5.55,21336,0,213360
GAIL30JAN20122.5CE.NFO,07/01/2020,10:10:32,5,5.2,10668,5.5,5334,0,213360
GAIL30JAN20122.5CE.NFO,07/01/2020,10:10:37,5,5.2,10668,5.6,5334,0,213360
GAIL30JAN20122.5CE.NFO,07/01/2020,10:10:48,5,5.2,10668,5.4,10668,0,213360
GAIL30JAN20122.5CE.NFO,07/01/2020,10:11:01,5,5.2,10668,5.35,5334,0,213360
GAIL30JAN20122.5CE.NFO,07/01/2020,10:11:36,5,5.2,16002,5.4,10668,0,213360
GAIL30JAN20122.5CE.NFO,07/01/2020,10:11:40,5,5.2,10668,5.4,10668,0,213360
GAIL30JAN20122.5CE.NFO,07/01/2020,10:11:57,5,5.2,21336,5.4,5334,0,213360
GAIL30JAN20122.5CE.NFO,07/01/2020,10:12:01,5,5.2,16002,5.4,5334,0,213360
GAIL30JAN20122.5CE.NFO,07/01/2020,10:12:13,5,5.2,21336,5.4,5334,0,213360
GAIL30JAN20122.5CE.NFO,07/01/2020,10:13:06,5,5.25,21336,5.45,5334,0,213360
GAIL30JAN20122.5CE.NFO,07/01/2020,10:13:10,5,5.35,10668,5.5,5334,0,213360
GAIL30JAN20122.5CE.NFO,07/01/2020,10:13:15,5,5.35,16002,5.5,5334,0,213360
GAIL30JAN20122.5CE.NFO,07/01/2020,10:13:20,5,5.35,10668,5.5,5334,0,213360
GAIL30JAN20122.5CE.NFO,07/01/2020,10:13:24,5,5.35,16002,5.5,5334,0,213360
GAIL30JAN20122.5CE.NFO,07/01/2020,10:13:28,5,5.35,21336,5.55,5334,0,213360
GAIL30JAN20122.5CE.NFO,07/01/2020,10:13:31,5,5.35,16002,5.6,10668,0,213360
GAIL30JAN20122.5CE.NFO,07/01/2020,10:13:34,5,5.4,10668,5.6,10668,0,213360
GAIL30JAN20122.5CE.NFO,07/01/2020,10:13:38,5,5.4,16002,5.65,10668,0,213360
GAIL30JAN20122.5CE.NFO,07/01/2020,10:13:41,5,5.4,10668,5.65,10668,0,213360
GAIL30JAN20122.5CE.NFO,07/01/2020,10:13:49,5,5.4,16002,5.65,10668,0,213360
GAIL30JAN20122.5CE.NFO,07/01/2020,10:14:04,5,5.4,10668,5.65,10668,0,213360
GAIL30JAN20122.5CE.NFO,07/01/2020,10:14:09,5,5.4,10668,5.6,10668,0,213360
GAIL30JAN20122.5CE.NFO,07/01/2020,10:14:20,5,5.4,10668,5.65,10668,0,213360
GAIL30JAN20122.5CE.NFO,07/01/2020,10:14:30,5,5.4,10668,5.8,5334,0,213360
GAIL30JAN20122.5CE.NFO,07/01/2020,10:14:35,5,5.4,10668,5.65,10668,0,213360
GAIL30JAN20122.5CE.NFO,07/01/2020,10:14:54,5,5.4,16002,5.65,10668,0,213360
GAIL30JAN20122.5CE.NFO,07/01/2020,10:15:03,5,5.5,10668,5.7,10668,0,213360
GAIL30JAN20122.5CE.NFO,07/01/2020,10:15:09,5,5.45,10668,5.7,10668,0,213360
GAIL30JAN20122.5CE.NFO,07/01/2020,10:15:14,5,5.45,5334,5.7,10668,0,213360
GAIL30JAN20122.5CE.NFO,07/01/2020,10:15:19,5,5.55,5334,5.9,5334,0,213360
GAIL30JAN20122.5CE.NFO,07/01/2020,10:15:30,5,5.55,5334,5.8,5334,0,213360
GAIL30JAN20122.5CE.NFO,07/01/2020,10:15:35,5,5.5,10668,5.9,5334,0,213360
GAIL30JAN20122.5CE.NFO,07/01/2020,10:15:39,5,5.55,5334,5.95,5334,0,213360
GAIL30JAN20122.5CE.NFO,07/01/2020,10:15:49,5,5.55,5334,5.9,10668,0,213360
GAIL30JAN20122.5CE.NFO,07/01/2020,10:15:55,5,5.55,5334,5.85,5334,0,213360
GAIL30JAN20122.5CE.NFO,07/01/2020,10:16:00,5,5.55,5334,5.9,5334,0,213360
GAIL30JAN20122.5CE.NFO,07/01/2020,10:16:38,5,5.55,5334,5.95,5334,0,213360
GAIL30JAN20122.5CE.NFO,07/01/2020,10:16:46,5,5.55,5334,5.85,5334,0,213360
GAIL30JAN20122.5CE.NFO,07/01/2020,10:16:50,5,5.55,5334,5.95,5334,0,213360
GAIL30JAN20122.5CE.NFO,07/01/2020,10:16:55,5,5.55,5334,5.9,5334,0,213360
GAIL30JAN20122.5CE.NFO,07/01/2020,10:16:59,5,5.55,5334,5.95,5334,0,213360
GAIL30JAN20122.5CE.NFO,07/01/2020,10:17:02,5,5.55,5334,5.85,5334,0,213360
GAIL30JAN20122.5CE.NFO,07/01/2020,10:17:14,5,5.6,5334,6,26670,0,213360
GAIL30JAN20122.5CE.NFO,07/01/2020,10:17:18,5,5.6,5334,6,32004,0,213360
GAIL30JAN20122.5CE.NFO,07/01/2020,10:17:26,5,5.6,5334,5.95,5334,0,213360
GAIL30JAN20122.5CE.NFO,07/01/2020,10:17:35,5,5.6,5334,6,32004,0,213360
GAIL30JAN20122.5CE.NFO,07/01/2020,10:17:39,5,5.6,5334,5.95,5334,0,213360
GAIL30JAN20122.5CE.NFO,07/01/2020,10:17:43,5,5.6,5334,6,32004,0,213360
GAIL30JAN20122.5CE.NFO,07/01/2020,10:17:47,5,5.6,5334,5.95,5334,0,213360
GAIL30JAN20122.5CE.NFO,07/01/2020,10:17:51,5,5.55,5334,6,32004,0,213360
GAIL30JAN20122.5CE.NFO,07/01/2020,10:17:55,5,5.55,5334,5.9,16002,0,213360
GAIL30JAN20122.5CE.NFO,07/01/2020,10:18:02,5,5.55,5334,6,37338,0,213360
GAIL30JAN20122.5CE.NFO,07/01/2020,10:18:06,5,5.55,5334,5.9,10668,0,213360
GAIL30JAN20122.5CE.NFO,07/01/2020,10:18:10,5,5.5,5334,5.85,5334,0,213360
GAIL30JAN20122.5CE.NFO,07/01/2020,10:18:14,5,5.5,5334,6,32004,0,213360
GAIL30JAN20122.5CE.NFO,07/01/2020,10:18:18,5,5.5,5334,5.85,5334,0,213360
GAIL30JAN20122.5CE.NFO,07/01/2020,10:18:22,5,5.5,5334,6,32004,0,213360
GAIL30JAN20122.5CE.NFO,07/01/2020,10:18:26,5,5.55,5334,5.85,5334,0,213360
GAIL30JAN20122.5CE.NFO,07/01/2020,10:18:30,5,5.55,5334,6,48006,0,213360
GAIL30JAN20122.5CE.NFO,07/01/2020,10:18:35,5,5.55,5334,6,37338,0,213360
GAIL30JAN20122.5CE.NFO,07/01/2020,10:18:40,5,5.55,5334,5.9,10668,0,213360
GAIL30JAN20122.5CE.NFO,07/01/2020,10:18:45,5,5.55,5334,5.9,21336,0,213360
GAIL30JAN20122.5CE.NFO,07/01/2020,10:18:50,5,5.55,5334,5.9,10668,0,213360
GAIL30JAN20122.5CE.NFO,07/01/2020,10:18:55,5,5.55,5334,6.05,5334,0,213360
GAIL30JAN20122.5CE.NFO,07/01/2020,10:20:12,5.6,5.45,10668,5.95,5334,5334,208026
GAIL30JAN20122.5CE.NFO,07/01/2020,10:20:12,5.6,5.45,10668,5.95,5334,0,208026
GAIL30JAN20122.5CE.NFO,07/01/2020,10:20:17,5.6,5.45,5334,5.95,5334,0,208026
GAIL30JAN20122.5CE.NFO,07/01/2020,10:20:24,5.6,5.5,5334,5.95,5334,0,208026
GAIL30JAN20122.5CE.NFO,07/01/2020,10:20:33,5.6,5.55,5334,5.85,5334,0,208026
GAIL30JAN20122.5CE.NFO,07/01/2020,10:20:36,5.6,5.55,5334,5.9,5334,0,208026
GAIL30JAN20122.5CE.NFO,07/01/2020,10:20:44,5.6,5.55,5334,5.95,5334,0,208026
GAIL30JAN20122.5CE.NFO,07/01/2020,10:20:49,5.6,5.55,5334,5.9,5334,0,208026
GAIL30JAN20122.5CE.NFO,07/01/2020,10:21:23,5.6,5.55,5334,5.85,21336,0,208026
GAIL30JAN20122.5CE.NFO,07/01/2020,10:21:27,5.6,5.55,5334,5.8,5334,0,208026
GAIL30JAN20122.5CE.NFO,07/01/2020,10:21:31,5.6,5.55,5334,5.85,21336,0,208026
GAIL30JAN20122.5CE.NFO,07/01/2020,10:21:34,5.6,5.55,5334,5.8,5334,0,208026
GAIL30JAN20122.5CE.NFO,07/01/2020,10:21:38,5.6,5.55,5334,5.85,26670,0,208026
GAIL30JAN20122.5CE.NFO,07/01/2020,10:21:42,5.6,5.5,5334,5.85,37338,0,208026
GAIL30JAN20122.5CE.NFO,07/01/2020,10:21:45,5.6,5.5,5334,5.75,5334,0,208026
GAIL30JAN20122.5CE.NFO,07/01/2020,10:21:54,5.6,5.5,5334,5.85,26670,0,208026
GAIL30JAN20122.5CE.NFO,07/01/2020,10:21:58,5.6,5.5,5334,5.8,5334,0,208026
GAIL30JAN20122.5CE.NFO,07/01/2020,10:22:06,5.6,5.45,5334,5.7,5334,0,208026
GAIL30JAN20122.5CE.NFO,07/01/2020,10:22:11,5.6,5.45,5334,5.75,16002,0,208026
GAIL30JAN20122.5CE.NFO,07/01/2020,10:22:20,5.6,5.45,5334,5.75,10668,0,208026
GAIL30JAN20122.5CE.NFO,07/01/2020,10:22:28,5.6,5.45,5334,5.7,5334,0,208026
GAIL30JAN20122.5CE.NFO,07/01/2020,10:22:32,5.6,5.4,5334,5.6,5334,0,208026
GAIL30JAN20122.5CE.NFO,07/01/2020,10:22:36,5.6,5.4,5334,5.65,5334,0,208026
GAIL30JAN20122.5CE.NFO,07/01/2020,10:22:41,5.6,5.4,5334,5.65,32004,0,208026
GAIL30JAN20122.5CE.NFO,07/01/2020,10:22:47,5.6,5.4,5334,5.65,26670,0,208026
GAIL30JAN20122.5CE.NFO,07/01/2020,10:22:53,5.6,5.4,5334,5.6,5334,0,208026
GAIL30JAN20122.5CE.NFO,07/01/2020,10:22:58,5.6,5.4,5334,5.65,21336,0,208026
GAIL30JAN20122.5CE.NFO,07/01/2020,10:23:03,5.6,5.35,5334,5.65,21336,0,208026
GAIL30JAN20122.5CE.NFO,07/01/2020,10:23:09,5.6,5.35,5334,5.6,5334,0,208026
GAIL30JAN20122.5CE.NFO,07/01/2020,10:23:13,5.6,5.35,5334,5.65,21336,0,208026
GAIL30JAN20122.5CE.NFO,07/01/2020,10:23:21,5.6,5.35,5334,5.6,5334,0,208026
GAIL30JAN20122.5CE.NFO,07/01/2020,10:23:26,5.6,5.35,5334,5.65,16002,0,208026
GAIL30JAN20122.5CE.NFO,07/01/2020,10:23:31,5.4,5.25,5334,5.65,26670,5334,202692
GAIL30JAN20122.5CE.NFO,07/01/2020,10:23:35,5.4,5.25,5334,5.6,5334,0,202692
GAIL30JAN20122.5CE.NFO,07/01/2020,10:23:39,5.4,5.25,5334,5.65,26670,0,202692
GAIL30JAN20122.5CE.NFO,07/01/2020,10:23:43,5.4,5.25,5334,5.6,5334,0,202692
GAIL30JAN20122.5CE.NFO,07/01/2020,10:23:47,5.4,5.25,5334,5.7,37338,0,202692
GAIL30JAN20122.5CE.NFO,07/01/2020,10:23:52,5.4,5.25,5334,5.6,5334,0,202692
GAIL30JAN20122.5CE.NFO,07/01/2020,10:23:56,5.4,5.25,5334,5.65,26670,0,202692
GAIL30JAN20122.5CE.NFO,07/01/2020,10:24:12,5.4,5.25,5334,5.65,21336,0,202692
GAIL30JAN20122.5CE.NFO,07/01/2020,10:24:16,5.4,5.25,5334,5.65,37338,0,202692
GAIL30JAN20122.5CE.NFO,07/01/2020,10:24:20,5.4,5.25,5334,5.6,5334,0,202692
GAIL30JAN20122.5CE.NFO,07/01/2020,10:24:31,5.4,5.25,5334,5.65,21336,0,202692
GAIL30JAN20122.5CE.NFO,07/01/2020,10:24:34,5.4,5.25,5334,5.65,42672,0,202692
GAIL30JAN20122.5CE.NFO,07/01/2020,10:24:37,5.4,5.25,5334,5.6,5334,0,202692
GAIL30JAN20122.5CE.NFO,07/01/2020,10:24:41,5.4,5.25,5334,5.65,42672,0,202692
GAIL30JAN20122.5CE.NFO,07/01/2020,10:24:44,5.4,5.25,5334,5.6,5334,0,202692
GAIL30JAN20122.5CE.NFO,07/01/2020,10:24:47,5.4,5.25,5334,5.65,32004,0,202692
GAIL30JAN20122.5CE.NFO,07/01/2020,10:24:54,5.4,5.25,5334,5.6,5334,0,202692
GAIL30JAN20122.5CE.NFO,07/01/2020,10:25:02,5.4,5.25,5334,5.65,37338,0,202692
GAIL30JAN20122.5CE.NFO,07/01/2020,10:25:06,5.4,5.25,5334,5.6,5334,0,202692
GAIL30JAN20122.5CE.NFO,07/01/2020,10:25:09,5.4,5.25,5334,5.65,37338,0,202692
GAIL30JAN20122.5CE.NFO,07/01/2020,10:25:31,5.4,5.25,5334,5.65,32004,0,202692
GAIL30JAN20122.5CE.NFO,07/01/2020,10:25:37,5.4,5.25,5334,5.65,37338,0,202692
GAIL30JAN20122.5CE.NFO,07/01/2020,10:25:42,5.4,5.25,5334,5.65,32004,0,202692
GAIL30JAN20122.5CE.NFO,07/01/2020,10:25:52,5.4,5.25,5334,5.6,5334,0,202692
GAIL30JAN20122.5CE.NFO,07/01/2020,10:26:09,5.4,5.25,5334,5.6,21336,0,202692
GAIL30JAN20122.5CE.NFO,07/01/2020,10:26:13,5.4,5.25,5334,5.55,5334,0,202692
GAIL30JAN20122.5CE.NFO,07/01/2020,10:26:17,5.4,5.25,5334,5.55,32004,0,202692
GAIL30JAN20122.5CE.NFO,07/01/2020,10:26:22,5.4,5.25,5334,5.6,42672,0,202692
GAIL30JAN20122.5CE.NFO,07/01/2020,10:26:25,5.4,5.25,5334,5.55,32004,0,202692
GAIL30JAN20122.5CE.NFO,07/01/2020,10:26:28,5.4,5.25,5334,5.55,5334,0,202692
GAIL30JAN20122.5CE.NFO,07/01/2020,10:26:31,5.4,5.2,5334,5.5,10668,0,202692
GAIL30JAN20122.5CE.NFO,07/01/2020,10:26:34,5.4,5.2,5334,5.6,37338,0,202692
GAIL30JAN20122.5CE.NFO,07/01/2020,10:26:37,5.4,5.2,5334,5.45,5334,0,202692
GAIL30JAN20122.5CE.NFO,07/01/2020,10:26:41,5.4,5.2,5334,5.5,21336,0,202692
GAIL30JAN20122.5CE.NFO,07/01/2020,10:26:45,5.4,5.2,5334,5.55,37338,0,202692
GAIL30JAN20122.5CE.NFO,07/01/2020,10:26:48,5.4,5.2,5334,5.45,5334,0,202692
GAIL30JAN20122.5CE.NFO,07/01/2020,10:26:54,5.4,5.2,5334,5.5,26670,0,202692
GAIL30JAN20122.5CE.NFO,07/01/2020,10:26:58,5.4,5.2,5334,5.45,5334,0,202692
GAIL30JAN20122.5CE.NFO,07/01/2020,10:27:01,5.4,5.2,5334,5.5,26670,0,202692
GAIL30JAN20122.5CE.NFO,07/01/2020,10:27:05,5.4,5.2,5334,5.5,5334,0,202692
GAIL30JAN20122.5CE.NFO,07/01/2020,10:27:09,5.4,5.15,5334,5.5,5334,0,202692
GAIL30JAN20122.5CE.NFO,07/01/2020,10:27:13,5.4,5.15,5334,5.55,37338,0,202692
GAIL30JAN20122.5CE.NFO,07/01/2020,10:27:16,5.4,5.15,5334,5.55,16002,0,202692
GAIL30JAN20122.5CE.NFO,07/01/2020,10:27:20,5.4,5.15,5334,5.5,21336,0,202692
GAIL30JAN20122.5CE.NFO,07/01/2020,10:27:24,5.4,5.15,5334,5.5,5334,0,202692
GAIL30JAN20122.5CE.NFO,07/01/2020,10:27:32,5.4,5.15,5334,5.55,32004,0,202692
GAIL30JAN20122.5CE.NFO,07/01/2020,10:27:39,5.4,5.15,5334,5.5,5334,0,202692
GAIL30JAN20122.5CE.NFO,07/01/2020,10:27:46,5.4,5.15,5334,5.45,16002,0,202692
GAIL30JAN20122.5CE.NFO,07/01/2020,10:27:49,5.4,5.15,5334,5.45,5334,0,202692
GAIL30JAN20122.5CE.NFO,07/01/2020,10:27:52,5.4,5.15,10668,5.5,5334,0,202692
GAIL30JAN20122.5CE.NFO,07/01/2020,10:27:59,5.4,5.25,5334,5.55,10668,0,202692
GAIL30JAN20122.5CE.NFO,07/01/2020,10:28:14,5.4,5.15,5334,5.55,10668,0,202692
GAIL30JAN20122.5CE.NFO,07/01/2020,10:28:19,5.4,5.15,10668,5.55,10668,0,202692
GAIL30JAN20122.5CE.NFO,07/01/2020,10:28:22,5.4,5.15,5334,5.45,10668,0,202692
GAIL30JAN20122.5CE.NFO,07/01/2020,10:28:35,5.4,5.15,5334,5.4,5334,0,202692
GAIL30JAN20122.5CE.NFO,07/01/2020,10:28:38,5.4,5.15,5334,5.35,5334,0,202692
GAIL30JAN20122.5CE.NFO,07/01/2020,10:28:42,5.4,5.15,5334,5.3,5334,0,202692
GAIL30JAN20122.5CE.NFO,07/01/2020,10:28:51,5.4,5.05,10668,5.25,10668,0,202692
GAIL30JAN20122.5CE.NFO,07/01/2020,10:29:00,5.4,5.1,5334,5.3,10668,0,202692
GAIL30JAN20122.5CE.NFO,07/01/2020,10:29:03,5.4,5.1,10668,5.3,10668,0,202692
GAIL30JAN20122.5CE.NFO,07/01/2020,10:29:09,5.4,5.1,5334,5.25,5334,0,202692
GAIL30JAN20122.5CE.NFO,07/01/2020,10:29:11,5.4,5.1,16002,5.3,5334,0,202692
GAIL30JAN20122.5CE.NFO,07/01/2020,10:29:19,5.4,5.1,16002,5.3,10668,0,202692
GAIL30JAN20122.5CE.NFO,07/01/2020,10:29:22,5.4,5.1,16002,5.25,5334,0,202692
GAIL30JAN20122.5CE.NFO,07/01/2020,10:29:25,5.4,5.1,16002,5.3,10668,0,202692
GAIL30JAN20122.5CE.NFO,07/01/2020,10:29:33,5.4,5.1,10668,5.3,5334,0,202692
GAIL30JAN20122.5CE.NFO,07/01/2020,10:29:50,5.4,5.1,10668,5.35,10668,0,202692
GAIL30JAN20122.5CE.NFO,07/01/2020,10:29:55,5.4,5.15,16002,5.35,5334,0,202692
GAIL30JAN20122.5CE.NFO,07/01/2020,10:30:02,5.4,5.15,16002,5.35,10668,0,202692
GAIL30JAN20122.5CE.NFO,07/01/2020,10:30:05,5.4,5.15,16002,5.35,5334,0,202692
GAIL30JAN20122.5CE.NFO,07/01/2020,10:30:12,5.4,5.05,5334,5.55,5334,0,202692
GAIL30JAN20122.5CE.NFO,07/01/2020,10:30:15,5.4,4.95,10668,5.45,5334,0,202692
GAIL30JAN20122.5CE.NFO,07/01/2020,10:30:19,5.4,5.2,10668,5.5,10668,0,202692
GAIL30JAN20122.5CE.NFO,07/01/2020,10:30:22,5.4,5.2,10668,5.35,5334,0,202692
GAIL30JAN20122.5CE.NFO,07/01/2020,10:30:28,5.4,5.15,10668,5.35,10668,0,202692
GAIL30JAN20122.5CE.NFO,07/01/2020,10:30:31,5.4,5.15,5334,5.55,5334,0,202692
GAIL30JAN20122.5CE.NFO,07/01/2020,10:30:35,5.4,5.15,10668,5.45,5334,0,202692
GAIL30JAN20122.5CE.NFO,07/01/2020,10:30:38,5.4,5.15,10668,5.35,5334,0,202692
GAIL30JAN20122.5CE.NFO,07/01/2020,10:30:42,5.4,5.15,10668,5.35,10668,0,202692
GAIL30JAN20122.5CE.NFO,07/01/2020,10:30:46,5.4,5.15,10668,5.35,5334,0,202692
GAIL30JAN20122.5CE.NFO,07/01/2020,10:30:52,5.4,5.15,10668,5.35,10668,0,202692
GAIL30JAN20122.5CE.NFO,07/01/2020,10:31:03,5.4,5.15,10668,5.35,5334,0,202692
GAIL30JAN20122.5CE.NFO,07/01/2020,10:31:28,5.4,5.05,10668,5.25,10668,0,202692
GAIL30JAN20122.5CE.NFO,07/01/2020,10:31:48,5.4,5,10668,5.25,10668,0,202692
GAIL30JAN20122.5CE.NFO,07/01/2020,10:31:59,5.4,4.95,10668,5.1,5334,0,202692
GAIL30JAN20122.5CE.NFO,07/01/2020,10:32:08,5.4,5,10668,5.15,5334,0,202692
GAIL30JAN20122.5CE.NFO,07/01/2020,10:32:16,5.4,5,10668,5.25,10668,0,202692
GAIL30JAN20122.5CE.NFO,07/01/2020,10:32:21,5.4,5.05,10668,5.2,5334,0,202692
GAIL30JAN20122.5CE.NFO,07/01/2020,10:32:35,5.4,5.05,10668,5.25,5334,0,202692
GAIL30JAN20122.5CE.NFO,07/01/2020,10:33:00,5.4,5.05,10668,5.3,5334,0,202692
GAIL30JAN20122.5CE.NFO,07/01/2020,10:33:17,5.4,5.1,10668,5.3,5334,0,202692
GAIL30JAN20122.5CE.NFO,07/01/2020,10:34:15,5.4,5.05,10668,5.2,5334,0,202692
GAIL30JAN20122.5CE.NFO,07/01/2020,10:34:21,5.4,5.05,10668,5.25,10668,0,202692
GAIL30JAN20122.5CE.NFO,07/01/2020,10:34:53,5.4,5.05,10668,5.2,5334,0,202692
GAIL30JAN20122.5CE.NFO,07/01/2020,10:35:38,5.4,4.9,10668,5.3,5334,0,202692
GAIL30JAN20122.5CE.NFO,07/01/2020,10:35:41,5.4,5.05,10668,5.2,5334,0,202692
GAIL30JAN20122.5CE.NFO,07/01/2020,10:35:44,5.4,5.1,16002,5.3,5334,0,202692
GAIL30JAN20122.5CE.NFO,07/01/2020,10:36:12,5.4,5.15,10668,5.3,5334,0,202692
GAIL30JAN20122.5CE.NFO,07/01/2020,10:37:13,5.4,5.1,10668,5.3,5334,0,202692
GAIL30JAN20122.5CE.NFO,07/01/2020,10:37:17,5.4,5.1,10668,5.25,5334,0,202692
GAIL30JAN20122.5CE.NFO,07/01/2020,10:37:25,5.4,5.1,10668,5.3,5334,0,202692
GAIL30JAN20122.5CE.NFO,07/01/2020,10:37:28,5.4,5.15,16002,5.3,5334,0,202692
GAIL30JAN20122.5CE.NFO,07/01/2020,10:37:31,5.4,5.2,5334,5.35,5334,0,202692
GAIL30JAN20122.5CE.NFO,07/01/2020,10:37:33,5.4,5.15,10668,5.35,5334,0,202692
GAIL30JAN20122.5CE.NFO,07/01/2020,10:37:36,5.4,5.15,10668,5.3,5334,0,202692
GAIL30JAN20122.5CE.NFO,07/01/2020,10:37:39,5.4,5.15,10668,5.35,5334,0,202692
GAIL30JAN20122.5CE.NFO,07/01/2020,10:37:48,5.4,5.2,5334,5.35,5334,0,202692
GAIL30JAN20122.5CE.NFO,07/01/2020,10:37:50,5.4,5.15,10668,5.35,5334,0,202692
GAIL30JAN20122.5CE.NFO,07/01/2020,10:38:55,5.4,5.2,16002,5.35,5334,0,202692
GAIL30JAN20122.5CE.NFO,07/01/2020,10:38:59,5.4,5.15,10668,5.35,5334,0,202692
GAIL30JAN20122.5CE.NFO,07/01/2020,10:39:15,5.4,5.2,5334,5.35,5334,0,202692
GAIL30JAN20122.5CE.NFO,07/01/2020,10:39:20,5.4,5.2,16002,5.4,5334,0,202692
GAIL30JAN20122.5CE.NFO,07/01/2020,10:39:31,5.4,5.25,5334,5.4,5334,0,202692
GAIL30JAN20122.5CE.NFO,07/01/2020,10:39:37,5.4,5.2,10668,5.35,5334,0,202692
GAIL30JAN20122.5CE.NFO,07/01/2020,10:39:48,5.4,5.25,10668,5.4,5334,0,202692
GAIL30JAN20122.5CE.NFO,07/01/2020,10:41:20,5.4,5.3,5334,5.45,5334,0,202692
GAIL30JAN20122.5CE.NFO,07/01/2020,10:41:24,5.4,5.25,10668,5.45,5334,0,202692
GAIL30JAN20122.5CE.NFO,07/01/2020,10:41:36,5.4,5.3,5334,5.45,5334,0,202692
GAIL30JAN20122.5CE.NFO,07/01/2020,10:41:59,5.4,5.3,10668,5.45,5334,0,202692
GAIL30JAN20122.5CE.NFO,07/01/2020,10:42:10,5.4,5.25,10668,5.45,5334,0,202692
GAIL30JAN20122.5CE.NFO,07/01/2020,10:42:29,5.4,5.25,10668,5.4,5334,0,202692
GAIL30JAN20122.5CE.NFO,07/01/2020,10:42:33,5.4,5.25,10668,5.45,5334,0,202692
GAIL30JAN20122.5CE.NFO,07/01/2020,10:43:22,5.4,5.25,10668,5.45,16002,0,202692
GAIL30JAN20122.5CE.NFO,07/01/2020,10:43:24,5.4,5.25,10668,5.45,5334,0,202692
GAIL30JAN20122.5CE.NFO,07/01/2020,10:43:34,5.4,5.25,10668,5.45,16002,0,202692
GAIL30JAN20122.5CE.NFO,07/01/2020,10:43:39,5.4,5.25,10668,5.4,5334,0,202692
GAIL30JAN20122.5CE.NFO,07/01/2020,10:43:43,5.4,5.25,10668,5.45,16002,0,202692
GAIL30JAN20122.5CE.NFO,07/01/2020,10:43:46,5.4,5.25,10668,5.4,5334,0,202692
GAIL30JAN20122.5CE.NFO,07/01/2020,10:43:49,5.4,5.25,10668,5.45,16002,0,202692
GAIL30JAN20122.5CE.NFO,07/01/2020,10:43:57,5.4,5.25,10668,5.45,5334,0,202692
GAIL30JAN20122.5CE.NFO,07/01/2020,10:44:04,5.4,5.25,10668,5.45,16002,0,202692
GAIL30JAN20122.5CE.NFO,07/01/2020,10:44:11,5.4,5.25,10668,5.45,5334,0,202692
GAIL30JAN20122.5CE.NFO,07/01/2020,10:44:24,5.4,5.25,10668,5.45,16002,0,202692
GAIL30JAN20122.5CE.NFO,07/01/2020,10:44:26,5.4,5.25,10668,5.45,5334,0,202692
GAIL30JAN20122.5CE.NFO,07/01/2020,10:44:31,5.4,5.25,10668,5.45,16002,0,202692
GAIL30JAN20122.5CE.NFO,07/01/2020,10:44:35,5.4,5.25,10668,5.45,5334,0,202692
GAIL30JAN20122.5CE.NFO,07/01/2020,10:44:57,5.4,5.25,10668,5.4,5334,0,202692
GAIL30JAN20122.5CE.NFO,07/01/2020,10:45:00,5.4,5.25,10668,5.45,16002,0,202692
GAIL30JAN20122.5CE.NFO,07/01/2020,10:45:09,5.4,5.25,10668,5.45,5334,0,202692
GAIL30JAN20122.5CE.NFO,07/01/2020,10:45:17,5.4,5.25,10668,5.45,16002,0,202692
GAIL30JAN20122.5CE.NFO,07/01/2020,10:45:24,5.4,5.25,10668,5.4,5334,0,202692
GAIL30JAN20122.5CE.NFO,07/01/2020,10:45:31,5.4,5.25,10668,5.45,16002,0,202692
GAIL30JAN20122.5CE.NFO,07/01/2020,10:45:36,5.4,5.25,10668,5.4,5334,0,202692
GAIL30JAN20122.5CE.NFO,07/01/2020,10:45:49,5.4,5.25,10668,5.45,5334,0,202692
GAIL30JAN20122.5CE.NFO,07/01/2020,10:46:07,5.4,5.25,10668,5.45,16002,0,202692
GAIL30JAN20122.5CE.NFO,07/01/2020,10:46:43,5.4,5.25,10668,5.45,5334,0,202692
GAIL30JAN20122.5CE.NFO,07/01/2020,10:47:02,5.4,5.25,10668,5.4,5334,0,202692
GAIL30JAN20122.5CE.NFO,07/01/2020,10:47:16,5.4,5.25,10668,5.45,5334,0,202692
GAIL30JAN20122.5CE.NFO,07/01/2020,10:47:21,5.4,5.25,10668,5.4,5334,0,202692
GAIL30JAN20122.5CE.NFO,07/01/2020,10:47:28,5.4,5.25,10668,5.45,16002,0,202692
GAIL30JAN20122.5CE.NFO,07/01/2020,10:47:51,5.4,5.25,10668,5.4,5334,0,202692
GAIL30JAN20122.5CE.NFO,07/01/2020,10:48:27,5.4,5.25,10668,5.45,16002,0,202692
GAIL30JAN20122.5CE.NFO,07/01/2020,10:48:31,5.4,5.25,10668,5.4,5334,0,202692
GAIL30JAN20122.5CE.NFO,07/01/2020,10:49:02,5.4,5.25,10668,5.45,16002,0,202692
GAIL30JAN20122.5CE.NFO,07/01/2020,10:49:41,5.4,5.25,10668,5.45,5334,0,202692
GAIL30JAN20122.5CE.NFO,07/01/2020,10:49:45,5.4,5.3,16002,5.45,5334,0,202692
GAIL30JAN20122.5CE.NFO,07/01/2020,10:49:58,5.4,5.25,10668,5.45,5334,0,202692
GAIL30JAN20122.5CE.NFO,07/01/2020,10:50:11,5.4,5.3,16002,5.45,5334,0,202692
GAIL30JAN20122.5CE.NFO,07/01/2020,10:50:21,5.4,5.25,10668,5.45,5334,0,202692
GAIL30JAN20122.5CE.NFO,07/01/2020,10:50:52,5.4,5.3,16002,5.45,5334,0,202692
GAIL30JAN20122.5CE.NFO,07/01/2020,10:51:21,5.4,5.25,10668,5.45,5334,0,202692
GAIL30JAN20122.5CE.NFO,07/01/2020,10:51:39,5.4,5.3,5334,5.45,5334,0,202692
GAIL30JAN20122.5CE.NFO,07/01/2020,10:51:57,5.4,5.25,10668,5.45,5334,0,202692
GAIL30JAN20122.5CE.NFO,07/01/2020,10:52:26,5.4,5.25,10668,5.5,10668,0,202692
GAIL30JAN20122.5CE.NFO,07/01/2020,10:52:32,5.4,5.25,10668,5.45,5334,0,202692
GAIL30JAN20122.5CE.NFO,07/01/2020,10:52:37,5.4,5.3,10668,5.45,5334,0,202692
GAIL30JAN20122.5CE.NFO,07/01/2020,10:53:04,5.4,5.3,21336,5.45,5334,0,202692
GAIL30JAN20122.5CE.NFO,07/01/2020,10:53:10,5.4,5.3,10668,5.45,10668,0,202692
GAIL30JAN20122.5CE.NFO,07/01/2020,10:53:16,5.4,5.3,10668,5.45,16002,0,202692
GAIL30JAN20122.5CE.NFO,07/01/2020,10:53:21,5.4,5.25,16002,5.4,16002,0,202692
GAIL30JAN20122.5CE.NFO,07/01/2020,10:53:36,5.4,5.25,21336,5.4,5334,0,202692
GAIL30JAN20122.5CE.NFO,07/01/2020,10:54:26,5.4,5.25,10668,5.4,10668,0,202692
GAIL30JAN20122.5CE.NFO,07/01/2020,10:54:41,5.4,5.25,10668,5.4,16002,0,202692
GAIL30JAN20122.5CE.NFO,07/01/2020,10:54:46,5.4,5.25,21336,5.4,10668,0,202692
GAIL30JAN20122.5CE.NFO,07/01/2020,10:54:56,5.4,5.25,10668,5.4,16002,0,202692
GAIL30JAN20122.5CE.NFO,07/01/2020,10:55:00,5.4,5.25,10668,5.4,10668,0,202692
GAIL30JAN20122.5CE.NFO,07/01/2020,10:55:19,5.4,5.25,21336,5.45,16002,0,202692
GAIL30JAN20122.5CE.NFO,07/01/2020,10:55:34,5.4,5.25,16002,5.4,10668,0,202692
GAIL30JAN20122.5CE.NFO,07/01/2020,10:56:12,5.4,5.25,21336,5.4,10668,0,202692
GAIL30JAN20122.5CE.NFO,07/01/2020,10:56:26,5.4,5.2,21336,5.35,5334,0,202692
GAIL30JAN20122.5CE.NFO,07/01/2020,10:56:49,5.4,5.2,16002,5.35,5334,0,202692
GAIL30JAN20122.5CE.NFO,07/01/2020,10:56:52,5.4,5.2,21336,5.35,5334,0,202692
GAIL30JAN20122.5CE.NFO,07/01/2020,10:56:57,5.4,5.25,10668,5.4,10668,0,202692
GAIL30JAN20122.5CE.NFO,07/01/2020,10:57:05,5.4,5.25,5334,5.4,10668,0,202692
GAIL30JAN20122.5CE.NFO,07/01/2020,10:57:09,5.4,5.2,21336,5.35,5334,0,202692
GAIL30JAN20122.5CE.NFO,07/01/2020,10:57:16,5.4,5.2,21336,5.4,10668,0,202692
GAIL30JAN20122.5CE.NFO,07/01/2020,10:57:22,5.4,5.2,21336,5.55,16002,0,202692
GAIL30JAN20122.5CE.NFO,07/01/2020,10:57:29,5.4,5.25,10668,5.45,5334,0,202692
GAIL30JAN20122.5CE.NFO,07/01/2020,10:57:35,5.4,5.25,10668,5.4,10668,0,202692
GAIL30JAN20122.5CE.NFO,07/01/2020,10:58:03,5.4,5.2,21336,5.4,10668,0,202692
GAIL30JAN20122.5CE.NFO,07/01/2020,10:58:13,5.4,5.25,10668,5.4,10668,0,202692
GAIL30JAN20122.5CE.NFO,07/01/2020,10:58:22,5.4,5.2,21336,5.4,10668,0,202692
GAIL30JAN20122.5CE.NFO,07/01/2020,10:58:28,5.25,5.2,21336,5.4,10668,5334,197358
GAIL30JAN20122.5CE.NFO,07/01/2020,10:58:33,5.25,5.2,21336,5.4,10668,0,197358
GAIL30JAN20122.5CE.NFO,07/01/2020,10:58:38,5.25,5.2,21336,5.35,16002,0,197358
GAIL30JAN20122.5CE.NFO,07/01/2020,10:58:43,5.25,5.2,21336,5.4,10668,0,197358
GAIL30JAN20122.5CE.NFO,07/01/2020,10:58:49,5.25,5.25,5334,5.4,10668,0,197358
GAIL30JAN20122.5CE.NFO,07/01/2020,10:58:54,5.25,5.2,21336,5.35,5334,0,197358
GAIL30JAN20122.5CE.NFO,07/01/2020,10:59:26,5.25,5.2,10668,5.35,10668,0,197358
GAIL30JAN20122.5CE.NFO,07/01/2020,10:59:32,5.25,5.2,21336,5.35,5334,0,197358
GAIL30JAN20122.5CE.NFO,07/01/2020,10:59:43,5.25,5.2,10668,5.35,10668,0,197358
GAIL30JAN20122.5CE.NFO,07/01/2020,10:59:48,5.25,5.2,21336,5.35,5334,0,197358
GAIL30JAN20122.5CE.NFO,07/01/2020,10:59:53,5.25,5.2,10668,5.35,10668,0,197358
GAIL30JAN20122.5CE.NFO,07/01/2020,10:59:58,5.25,5.2,21336,5.35,5334,0,197358
GAIL30JAN20122.5CE.NFO,07/01/2020,11:00:04,5.25,5.25,10668,5.35,5334,0,197358
GAIL30JAN20122.5CE.NFO,07/01/2020,11:00:16,5.25,5.2,10668,5.35,10668,0,197358
GAIL30JAN20122.5CE.NFO,07/01/2020,11:00:54,5.25,5.2,10668,5.3,10668,0,197358
GAIL30JAN20122.5CE.NFO,07/01/2020,11:01:02,5.25,5.1,10668,5.2,5334,0,197358
GAIL30JAN20122.5CE.NFO,07/01/2020,11:01:17,5.25,5.1,16002,5.25,5334,0,197358
GAIL30JAN20122.5CE.NFO,07/01/2020,11:01:24,5.25,5.1,10668,5.2,5334,0,197358
GAIL30JAN20122.5CE.NFO,07/01/2020,11:01:44,5.25,5.05,16002,5.2,10668,0,197358
GAIL30JAN20122.5CE.NFO,07/01/2020,11:01:51,5.25,5.05,16002,5.2,5334,0,197358
GAIL30JAN20122.5CE.NFO,07/01/2020,11:01:59,5.25,5.05,16002,5.45,10668,0,197358
GAIL30JAN20122.5CE.NFO,07/01/2020,11:02:05,5.25,5.05,16002,5.25,5334,0,197358
GAIL30JAN20122.5CE.NFO,07/01/2020,11:02:12,5.25,5.05,16002,5.45,10668,0,197358
GAIL30JAN20122.5CE.NFO,07/01/2020,11:02:18,5.25,5.05,16002,5.2,5334,0,197358
GAIL30JAN20122.5CE.NFO,07/01/2020,11:02:24,5.25,5.05,16002,5.45,10668,0,197358
GAIL30JAN20122.5CE.NFO,07/01/2020,11:02:31,5.25,5.05,10668,5.35,10668,0,197358
GAIL30JAN20122.5CE.NFO,07/01/2020,11:02:43,5.25,5,10668,5.35,10668,0,197358
GAIL30JAN20122.5CE.NFO,07/01/2020,11:03:00,5.25,5,21336,5.35,10668,0,197358
GAIL30JAN20122.5CE.NFO,07/01/2020,11:03:06,5.25,5,16002,5.35,10668,0,197358
GAIL30JAN20122.5CE.NFO,07/01/2020,11:03:12,5.25,5,10668,5.35,10668,0,197358
GAIL30JAN20122.5CE.NFO,07/01/2020,11:03:23,5.25,5,16002,5.35,10668,0,197358
GAIL30JAN20122.5CE.NFO,07/01/2020,11:03:39,5.25,5,21336,5.35,10668,0,197358
GAIL30JAN20122.5CE.NFO,07/01/2020,11:03:52,5.25,4.9,21336,5.25,10668,0,197358
GAIL30JAN20122.5CE.NFO,07/01/2020,11:03:58,5.25,5,5334,5.25,10668,0,197358
GAIL30JAN20122.5CE.NFO,07/01/2020,11:04:09,5.25,4.95,10668,5.25,10668,0,197358
GAIL30JAN20122.5CE.NFO,07/01/2020,11:04:15,4.95,4.85,5334,5,10668,10668,192024
GAIL30JAN20122.5CE.NFO,07/01/2020,11:04:21,4.95,4.8,10668,5,10668,0,192024
GAIL30JAN20122.5CE.NFO,07/01/2020,11:04:27,4.95,4.7,10668,5,10668,0,192024
GAIL30JAN20122.5CE.NFO,07/01/2020,11:04:33,4.95,4.7,10668,4.95,5334,0,192024
GAIL30JAN20122.5CE.NFO,07/01/2020,11:04:45,4.95,4.7,10668,4.9,5334,0,192024
GAIL30JAN20122.5CE.NFO,07/01/2020,11:04:50,4.95,4.7,10668,4.95,5334,0,192024
GAIL30JAN20122.5CE.NFO,07/01/2020,11:04:56,4.95,4.7,10668,5,10668,0,192024
GAIL30JAN20122.5CE.NFO,07/01/2020,11:05:02,4.95,4.75,10668,4.95,5334,0,192024
GAIL30JAN20122.5CE.NFO,07/01/2020,11:05:07,4.95,4.75,5334,4.95,5334,0,192024
GAIL30JAN20122.5CE.NFO,07/01/2020,11:05:13,4.95,4.7,10668,4.85,10668,0,192024
GAIL30JAN20122.5CE.NFO,07/01/2020,11:05:29,4.95,4.75,5334,4.95,5334,0,192024
GAIL30JAN20122.5CE.NFO,07/01/2020,11:05:34,4.95,4.75,10668,4.95,5334,0,192024
GAIL30JAN20122.5CE.NFO,07/01/2020,11:05:40,4.95,4.75,10668,5,5334,0,192024
GAIL30JAN20122.5CE.NFO,07/01/2020,11:05:45,4.95,4.8,5334,5,5334,0,192024
GAIL30JAN20122.5CE.NFO,07/01/2020,11:06:08,4.95,4.85,10668,5,5334,0,192024
GAIL30JAN20122.5CE.NFO,07/01/2020,11:06:22,4.95,4.8,5334,5,5334,0,192024
GAIL30JAN20122.5CE.NFO,07/01/2020,11:06:47,4.95,4.75,5334,4.95,5334,0,192024
GAIL30JAN20122.5CE.NFO,07/01/2020,11:06:53,4.95,4.7,10668,4.95,5334,0,192024
GAIL30JAN20122.5CE.NFO,07/01/2020,11:06:59,4.95,4.75,10668,4.95,5334,0,192024
GAIL30JAN20122.5CE.NFO,07/01/2020,11:07:14,4.95,4.75,5334,4.95,5334,0,192024
GAIL30JAN20122.5CE.NFO,07/01/2020,11:07:24,4.95,4.75,10668,4.95,5334,0,192024
GAIL30JAN20122.5CE.NFO,07/01/2020,11:07:38,4.95,4.8,5334,5,5334,0,192024
GAIL30JAN20122.5CE.NFO,07/01/2020,11:08:05,4.95,4.85,5334,5,5334,0,192024
GAIL30JAN20122.5CE.NFO,07/01/2020,11:08:21,4.95,4.85,10668,5,5334,0,192024
GAIL30JAN20122.5CE.NFO,07/01/2020,11:08:36,4.95,4.85,5334,4.95,5334,0,192024
GAIL30JAN20122.5CE.NFO,07/01/2020,11:08:41,4.95,4.85,5334,5,10668,0,192024
GAIL30JAN20122.5CE.NFO,07/01/2020,11:08:54,4.95,4.8,10668,4.95,5334,0,192024
GAIL30JAN20122.5CE.NFO,07/01/2020,11:08:59,4.95,4.8,5334,4.9,5334,0,192024
GAIL30JAN20122.5CE.NFO,07/01/2020,11:09:04,4.95,4.75,10668,4.9,5334,0,192024
GAIL30JAN20122.5CE.NFO,07/01/2020,11:09:13,4.95,4.8,5334,4.9,5334,0,192024
GAIL30JAN20122.5CE.NFO,07/01/2020,11:09:22,4.95,4.8,5334,4.95,5334,0,192024
GAIL30JAN20122.5CE.NFO,07/01/2020,11:09:31,4.95,4.8,10668,4.95,5334,0,192024
GAIL30JAN20122.5CE.NFO,07/01/2020,11:09:47,4.95,4.8,16002,4.95,5334,0,192024
GAIL30JAN20122.5CE.NFO,07/01/2020,11:09:51,4.95,4.8,10668,4.95,5334,0,192024
GAIL30JAN20122.5CE.NFO,07/01/2020,11:10:16,4.95,4.85,5334,5,16002,0,192024
GAIL30JAN20122.5CE.NFO,07/01/2020,11:10:20,4.95,4.85,10668,5,16002,0,192024
GAIL30JAN20122.5CE.NFO,07/01/2020,11:10:40,4.95,4.85,5334,5,10668,0,192024
GAIL30JAN20122.5CE.NFO,07/01/2020,11:10:44,4.95,4.85,10668,5,10668,0,192024
GAIL30JAN20122.5CE.NFO,07/01/2020,11:10:48,4.95,4.95,5334,5,5334,0,192024
GAIL30JAN20122.5CE.NFO,07/01/2020,11:10:51,4.95,4.9,10668,5,5334,0,192024
GAIL30JAN20122.5CE.NFO,07/01/2020,11:10:58,4.95,4.85,10668,5,5334,0,192024
GAIL30JAN20122.5CE.NFO,07/01/2020,11:11:08,4.95,4.85,5334,5,5334,0,192024
GAIL30JAN20122.5CE.NFO,07/01/2020,11:11:14,4.95,4.85,5334,5,16002,0,192024
GAIL30JAN20122.5CE.NFO,07/01/2020,11:11:28,4.95,4.8,10668,4.95,5334,0,192024
GAIL30JAN20122.5CE.NFO,07/01/2020,11:11:47,4.95,4.85,10668,5,10668,0,192024
GAIL30JAN20122.5CE.NFO,07/01/2020,11:11:58,4.95,4.8,10668,4.95,16002,0,192024
GAIL30JAN20122.5CE.NFO,07/01/2020,11:12:06,4.95,4.75,10668,4.9,5334,0,192024
GAIL30JAN20122.5CE.NFO,07/01/2020,11:12:14,4.95,4.8,10668,4.95,10668,0,192024
GAIL30JAN20122.5CE.NFO,07/01/2020,11:12:20,4.95,4.8,5334,4.95,5334,0,192024
GAIL30JAN20122.5CE.NFO,07/01/2020,11:12:27,4.95,4.8,10668,4.95,5334,0,192024
GAIL30JAN20122.5CE.NFO,07/01/2020,11:12:34,4.95,4.8,16002,4.95,5334,0,192024
GAIL30JAN20122.5CE.NFO,07/01/2020,11:13:22,4.95,4.8,16002,4.9,5334,0,192024
GAIL30JAN20122.5CE.NFO,07/01/2020,11:13:33,4.95,4.75,10668,4.9,5334,0,192024
GAIL30JAN20122.5CE.NFO,07/01/2020,11:13:46,4.95,4.8,5334,4.9,5334,0,192024
GAIL30JAN20122.5CE.NFO,07/01/2020,11:13:52,4.95,4.75,10668,4.9,5334,0,192024
GAIL30JAN20122.5CE.NFO,07/01/2020,11:13:58,4.95,4.8,5334,4.9,5334,0,192024
GAIL30JAN20122.5CE.NFO,07/01/2020,11:14:20,4.95,4.8,10668,4.9,5334,0,192024
GAIL30JAN20122.5CE.NFO,07/01/2020,11:14:31,4.9,4.85,10668,5,16002,5334,192024
GAIL30JAN20122.5CE.NFO,07/01/2020,11:14:36,4.9,4.85,10668,5,5334,0,192024
GAIL30JAN20122.5CE.NFO,07/01/2020,11:14:41,4.9,4.85,10668,5,16002,0,192024
GAIL30JAN20122.5CE.NFO,07/01/2020,11:14:50,4.9,4.85,10668,4.95,5334,0,192024
GAIL30JAN20122.5CE.NFO,07/01/2020,11:14:55,4.9,4.8,10668,4.95,10668,0,192024
GAIL30JAN20122.5CE.NFO,07/01/2020,11:15:58,4.9,4.8,10668,4.95,5334,0,192024
GAIL30JAN20122.5CE.NFO,07/01/2020,11:16:17,4.9,4.8,10668,4.95,10668,0,192024
GAIL30JAN20122.5CE.NFO,07/01/2020,11:16:23,4.9,4.8,10668,4.95,5334,0,192024
GAIL30JAN20122.5CE.NFO,07/01/2020,11:16:48,4.9,4.8,10668,4.95,16002,0,192024
GAIL30JAN20122.5CE.NFO,07/01/2020,11:16:54,4.9,4.75,10668,4.9,5334,0,192024
GAIL30JAN20122.5CE.NFO,07/01/2020,11:17:40,4.9,4.75,10668,4.95,10668,0,192024
GAIL30JAN20122.5CE.NFO,07/01/2020,11:17:46,4.9,4.8,21336,4.95,5334,0,192024
GAIL30JAN20122.5CE.NFO,07/01/2020,11:18:06,4.9,4.75,10668,4.95,16002,0,192024
GAIL30JAN20122.5CE.NFO,07/01/2020,11:18:57,4.9,4.8,10668,4.95,16002,0,192024
GAIL30JAN20122.5CE.NFO,07/01/2020,11:19:08,4.9,4.75,10668,4.9,5334,0,192024
GAIL30JAN20122.5CE.NFO,07/01/2020,11:19:14,4.9,4.75,10668,4.9,10668,0,192024
GAIL30JAN20122.5CE.NFO,07/01/2020,11:19:21,4.9,4.7,5334,4.8,5334,0,192024
GAIL30JAN20122.5CE.NFO,07/01/2020,11:19:30,4.9,4.65,10668,4.8,16002,0,192024
GAIL30JAN20122.5CE.NFO,07/01/2020,11:19:38,4.9,4.65,10668,4.8,10668,0,192024
GAIL30JAN20122.5CE.NFO,07/01/2020,11:19:43,4.9,4.65,10668,4.8,5334,0,192024
GAIL30JAN20122.5CE.NFO,07/01/2020,11:19:55,4.9,4.7,10668,4.8,5334,0,192024
GAIL30JAN20122.5CE.NFO,07/01/2020,11:19:59,4.9,4.7,10668,4.85,5334,0,192024
GAIL30JAN20122.5CE.NFO,07/01/2020,11:20:03,4.9,4.7,10668,4.85,10668,0,192024
GAIL30JAN20122.5CE.NFO,07/01/2020,11:20:09,4.9,4.7,16002,4.85,10668,0,192024
GAIL30JAN20122.5CE.NFO,07/01/2020,11:20:29,4.9,4.75,5334,4.85,5334,0,192024
GAIL30JAN20122.5CE.NFO,07/01/2020,11:20:44,4.9,4.75,10668,4.9,10668,0,192024
GAIL30JAN20122.5CE.NFO,07/01/2020,11:20:50,4.9,4.75,5334,4.85,5334,0,192024
GAIL30JAN20122.5CE.NFO,07/01/2020,11:21:19,4.9,4.7,16002,4.85,5334,0,192024
GAIL30JAN20122.5CE.NFO,07/01/2020,11:21:27,4.9,4.7,5334,4.8,5334,0,192024
GAIL30JAN20122.5CE.NFO,07/01/2020,11:21:33,4.9,4.7,10668,4.85,10668,0,192024
GAIL30JAN20122.5CE.NFO,07/01/2020,11:23:34,4.9,4.75,5334,4.85,5334,0,192024
GAIL30JAN20122.5CE.NFO,07/01/2020,11:23:43,4.9,4.75,10668,4.9,10668,0,192024
GAIL30JAN20122.5CE.NFO,07/01/2020,11:23:48,4.9,4.75,5334,4.85,5334,0,192024
GAIL30JAN20122.5CE.NFO,07/01/2020,11:23:52,4.9,4.75,10668,4.9,10668,0,192024
GAIL30JAN20122.5CE.NFO,07/01/2020,11:23:57,4.9,4.75,10668,4.9,5334,0,192024
GAIL30JAN20122.5CE.NFO,07/01/2020,11:24:02,4.9,4.8,10668,4.95,10668,0,192024
GAIL30JAN20122.5CE.NFO,07/01/2020,11:24:08,4.9,4.75,10668,4.9,10668,0,192024
GAIL30JAN20122.5CE.NFO,07/01/2020,11:24:14,4.9,4.75,5334,4.85,5334,0,192024
GAIL30JAN20122.5CE.NFO,07/01/2020,11:24:23,4.9,4.75,10668,4.9,10668,0,192024
GAIL30JAN20122.5CE.NFO,07/01/2020,11:24:33,4.9,4.75,10668,4.9,5334,0,192024
GAIL30JAN20122.5CE.NFO,07/01/2020,11:24:46,4.9,4.8,10668,4.95,10668,0,192024
GAIL30JAN20122.5CE.NFO,07/01/2020,11:24:54,4.9,4.8,10668,4.95,5334,0,192024
GAIL30JAN20122.5CE.NFO,07/01/2020,11:24:58,4.9,4.8,10668,4.95,10668,0,192024
GAIL30JAN20122.5CE.NFO,07/01/2020,11:25:03,4.9,4.85,10668,4.95,5334,0,192024
GAIL30JAN20122.5CE.NFO,07/01/2020,11:25:17,4.9,4.8,10668,4.95,5334,0,192024
GAIL30JAN20122.5CE.NFO,07/01/2020,11:25:26,4.9,4.8,10668,4.95,10668,0,192024
GAIL30JAN20122.5CE.NFO,07/01/2020,11:25:31,4.9,4.8,10668,4.95,5334,0,192024
GAIL30JAN20122.5CE.NFO,07/01/2020,11:25:45,4.9,4.8,10668,4.95,10668,0,192024
GAIL30JAN20122.5CE.NFO,07/01/2020,11:27:22,4.9,4.8,10668,4.95,5334,0,192024
GAIL30JAN20122.5CE.NFO,07/01/2020,11:27:51,4.9,4.8,10668,5,16002,0,192024
GAIL30JAN20122.5CE.NFO,07/01/2020,11:28:01,4.9,4.85,10668,5,5334,0,192024
GAIL30JAN20122.5CE.NFO,07/01/2020,11:28:59,4.9,4.9,21336,5,5334,0,192024
GAIL30JAN20122.5CE.NFO,07/01/2020,11:29:36,4.9,4.85,10668,5,5334,0,192024
GAIL30JAN20122.5CE.NFO,07/01/2020,11:29:40,4.9,4.85,5334,5,5334,0,192024
GAIL30JAN20122.5CE.NFO,07/01/2020,11:29:44,4.9,4.85,10668,5,5334,0,192024
GAIL30JAN20122.5CE.NFO,07/01/2020,11:29:49,4.9,4.9,5334,5,5334,0,192024
GAIL30JAN20122.5CE.NFO,07/01/2020,11:30:07,4.9,4.85,10668,5,10668,0,192024
GAIL30JAN20122.5CE.NFO,07/01/2020,11:30:14,4.9,4.8,10668,4.95,5334,0,192024
GAIL30JAN20122.5CE.NFO,07/01/2020,11:30:34,4.9,4.85,21336,5,10668,0,192024
GAIL30JAN20122.5CE.NFO,07/01/2020,11:30:42,4.9,4.85,21336,5,5334,0,192024
GAIL30JAN20122.5CE.NFO,07/01/2020,11:30:47,4.9,4.8,10668,4.95,5334,0,192024
GAIL30JAN20122.5CE.NFO,07/01/2020,11:31:03,4.9,4.85,10668,5,10668,0,192024
GAIL30JAN20122.5CE.NFO,07/01/2020,11:31:09,4.9,4.85,5334,5,10668,0,192024
GAIL30JAN20122.5CE.NFO,07/01/2020,11:31:14,4.9,4.9,5334,5,5334,0,192024
GAIL30JAN20122.5CE.NFO,07/01/2020,11:31:40,4.9,4.9,10668,5,5334,0,192024
GAIL30JAN20122.5CE.NFO,07/01/2020,11:31:54,4.9,4.9,5334,5,5334,0,192024
GAIL30JAN20122.5CE.NFO,07/01/2020,11:32:05,4.9,4.9,10668,5,5334,0,192024
GAIL30JAN20122.5CE.NFO,07/01/2020,11:32:40,4.9,4.95,5334,5,5334,0,192024
GAIL30JAN20122.5CE.NFO,07/01/2020,11:34:02,4.9,4.9,10668,5,5334,0,192024
GAIL30JAN20122.5CE.NFO,07/01/2020,11:34:08,4.9,4.9,10668,5,5334,5334,186690
GAIL30JAN20122.5CE.NFO,07/01/2020,11:34:15,4.9,4.9,10668,5,5334,0,186690
GAIL30JAN20122.5CE.NFO,07/01/2020,11:34:27,4.9,4.85,10668,5,5334,0,186690
GAIL30JAN20122.5CE.NFO,07/01/2020,11:34:33,4.9,4.8,10668,4.95,5334,0,186690
GAIL30JAN20122.5CE.NFO,07/01/2020,11:34:40,4.9,4.85,10668,5,5334,0,186690
GAIL30JAN20122.5CE.NFO,07/01/2020,11:34:51,4.9,4.8,10668,4.95,10668,0,186690
GAIL30JAN20122.5CE.NFO,07/01/2020,11:34:56,4.9,4.85,10668,5,16002,0,186690
GAIL30JAN20122.5CE.NFO,07/01/2020,11:35:01,4.9,4.8,10668,4.95,10668,0,186690
GAIL30JAN20122.5CE.NFO,07/01/2020,11:35:07,4.9,4.8,10668,4.95,5334,0,186690
GAIL30JAN20122.5CE.NFO,07/01/2020,11:35:34,4.9,4.85,10668,4.95,5334,0,186690
GAIL30JAN20122.5CE.NFO,07/01/2020,11:35:54,4.9,4.85,10668,5,5334,0,186690
GAIL30JAN20122.5CE.NFO,07/01/2020,11:36:36,4.9,4.9,10668,5,5334,0,186690
GAIL30JAN20122.5CE.NFO,07/01/2020,11:36:40,4.9,4.95,10668,5,5334,0,186690
GAIL30JAN20122.5CE.NFO,07/01/2020,11:38:17,5,4.95,5334,5.1,10668,5334,181356
GAIL30JAN20122.5CE.NFO,07/01/2020,11:38:25,5,4.95,5334,5.1,10668,0,181356
GAIL30JAN20122.5CE.NFO,07/01/2020,11:38:47,5,4.9,10668,5.1,5334,0,181356
GAIL30JAN20122.5CE.NFO,07/01/2020,11:38:51,5,4.95,5334,5.1,5334,0,181356
GAIL30JAN20122.5CE.NFO,07/01/2020,11:39:10,5,4.95,5334,5.1,10668,0,181356
GAIL30JAN20122.5CE.NFO,07/01/2020,11:39:27,5,4.95,5334,5.05,5334,0,181356
GAIL30JAN20122.5CE.NFO,07/01/2020,11:39:35,5,4.95,16002,5.1,10668,0,181356
GAIL30JAN20122.5CE.NFO,07/01/2020,11:39:42,5,4.95,16002,5.1,5334,0,181356
GAIL30JAN20122.5CE.NFO,07/01/2020,11:39:47,5,4.95,5334,5.05,5334,0,181356
GAIL30JAN20122.5CE.NFO,07/01/2020,11:40:14,5,4.9,5334,5,5334,0,181356
GAIL30JAN20122.5CE.NFO,07/01/2020,11:40:26,5,4.95,5334,5.05,5334,0,181356
GAIL30JAN20122.5CE.NFO,07/01/2020,11:41:10,5,4.9,5334,5.05,5334,0,181356
GAIL30JAN20122.5CE.NFO,07/01/2020,11:42:10,5,4.95,5334,5.05,5334,0,181356
GAIL30JAN20122.5CE.NFO,07/01/2020,11:42:26,5,4.9,5334,5.05,5334,0,181356
GAIL30JAN20122.5CE.NFO,07/01/2020,11:42:31,5,4.95,5334,5.05,5334,0,181356
GAIL30JAN20122.5CE.NFO,07/01/2020,11:44:37,5,4.9,5334,5.05,5334,0,181356
GAIL30JAN20122.5CE.NFO,07/01/2020,11:44:41,5,4.9,10668,5.05,5334,0,181356
GAIL30JAN20122.5CE.NFO,07/01/2020,11:44:44,5,4.95,5334,5.05,5334,0,181356
GAIL30JAN20122.5CE.NFO,07/01/2020,11:44:47,5,4.9,5334,5.05,5334,0,181356
GAIL30JAN20122.5CE.NFO,07/01/2020,11:44:53,5,4.9,10668,5.05,5334,0,181356
GAIL30JAN20122.5CE.NFO,07/01/2020,11:44:59,5,4.95,5334,5.05,5334,0,181356
GAIL30JAN20122.5CE.NFO,07/01/2020,11:45:02,5,4.9,16002,5.05,5334,0,181356
GAIL30JAN20122.5CE.NFO,07/01/2020,11:45:37,5,4.85,10668,5,5334,0,181356
GAIL30JAN20122.5CE.NFO,07/01/2020,11:45:46,5,4.85,10668,5.05,5334,0,181356
GAIL30JAN20122.5CE.NFO,07/01/2020,11:45:52,5,4.85,10668,5.2,5334,0,181356
GAIL30JAN20122.5CE.NFO,07/01/2020,11:45:55,5,4.85,10668,5.2,10668,0,181356
GAIL30JAN20122.5CE.NFO,07/01/2020,11:45:57,5,4.85,10668,5.3,16002,0,181356
GAIL30JAN20122.5CE.NFO,07/01/2020,11:45:59,5,4.85,10668,5.2,5334,0,181356
GAIL30JAN20122.5CE.NFO,07/01/2020,11:46:01,5,4.85,10668,5.2,10668,0,181356
GAIL30JAN20122.5CE.NFO,07/01/2020,11:46:03,5,4.85,10668,5.1,5334,0,181356
GAIL30JAN20122.5CE.NFO,07/01/2020,11:46:06,5,4.85,10668,5.2,10668,0,181356
GAIL30JAN20122.5CE.NFO,07/01/2020,11:46:12,5,4.85,10668,5.2,5334,0,181356
GAIL30JAN20122.5CE.NFO,07/01/2020,11:46:14,5,4.85,10668,5.2,10668,0,181356
GAIL30JAN20122.5CE.NFO,07/01/2020,11:46:17,5,4.85,10668,5.1,5334,0,181356
GAIL30JAN20122.5CE.NFO,07/01/2020,11:46:21,5,4.85,10668,5.3,10668,0,181356
GAIL30JAN20122.5CE.NFO,07/01/2020,11:46:31,5,4.85,10668,5.2,10668,0,181356
GAIL30JAN20122.5CE.NFO,07/01/2020,11:46:35,5,4.85,10668,5.15,5334,0,181356
GAIL30JAN20122.5CE.NFO,07/01/2020,11:46:39,5,4.85,10668,5.2,5334,0,181356
GAIL30JAN20122.5CE.NFO,07/01/2020,11:46:41,5,4.85,10668,5.2,10668,0,181356
GAIL30JAN20122.5CE.NFO,07/01/2020,11:46:44,5,4.85,10668,5.2,5334,0,181356
GAIL30JAN20122.5CE.NFO,07/01/2020,11:46:47,5,4.85,10668,5.2,10668,0,181356
GAIL30JAN20122.5CE.NFO,07/01/2020,11:46:49,5,4.85,10668,5.2,5334,0,181356
GAIL30JAN20122.5CE.NFO,07/01/2020,11:46:52,5,4.85,10668,5.2,10668,0,181356
GAIL30JAN20122.5CE.NFO,07/01/2020,11:46:55,5,4.85,10668,5.2,5334,0,181356
GAIL30JAN20122.5CE.NFO,07/01/2020,11:46:57,5,4.85,10668,5.2,10668,0,181356
GAIL30JAN20122.5CE.NFO,07/01/2020,11:47:23,5,4.85,10668,5.2,5334,0,181356
GAIL30JAN20122.5CE.NFO,07/01/2020,11:47:30,5,4.85,5334,5.2,5334,0,181356
GAIL30JAN20122.5CE.NFO,07/01/2020,11:48:13,5,4.8,10668,5.2,10668,0,181356
GAIL30JAN20122.5CE.NFO,07/01/2020,11:48:24,5,4.85,10668,5.2,10668,0,181356
GAIL30JAN20122.5CE.NFO,07/01/2020,11:48:31,5,4.9,10668,5.25,10668,0,181356
GAIL30JAN20122.5CE.NFO,07/01/2020,11:48:41,5,4.85,5334,5.15,5334,0,181356
GAIL30JAN20122.5CE.NFO,07/01/2020,11:48:48,5,4.85,5334,5.15,10668,0,181356
GAIL30JAN20122.5CE.NFO,07/01/2020,11:49:27,5,4.85,5334,5.2,5334,0,181356
GAIL30JAN20122.5CE.NFO,07/01/2020,11:49:30,5,4.85,5334,5.2,10668,0,181356
GAIL30JAN20122.5CE.NFO,07/01/2020,11:49:36,5,4.85,5334,5.1,10668,0,181356
GAIL30JAN20122.5CE.NFO,07/01/2020,11:49:39,5,4.85,5334,5.05,10668,0,181356
GAIL30JAN20122.5CE.NFO,07/01/2020,11:49:46,5,4.85,10668,5.05,10668,0,181356
GAIL30JAN20122.5CE.NFO,07/01/2020,11:50:17,5,4.85,5334,5,5334,0,181356
GAIL30JAN20122.5CE.NFO,07/01/2020,11:50:26,5,4.85,10668,5.05,10668,0,181356
GAIL30JAN20122.5CE.NFO,07/01/2020,11:50:56,5,4.85,5334,5,10668,0,181356
GAIL30JAN20122.5CE.NFO,07/01/2020,11:51:09,5,4.9,5334,5.1,10668,0,181356
GAIL30JAN20122.5CE.NFO,07/01/2020,11:51:13,5,4.85,10668,5.05,5334,0,181356
GAIL30JAN20122.5CE.NFO,07/01/2020,11:51:22,5,4.85,10668,5.1,10668,0,181356
GAIL30JAN20122.5CE.NFO,07/01/2020,11:51:49,5,4.85,10668,5.05,10668,0,181356
GAIL30JAN20122.5CE.NFO,07/01/2020,11:52:34,5,4.85,10668,5.1,10668,0,181356
GAIL30JAN20122.5CE.NFO,07/01/2020,11:52:51,5,4.9,10668,5.1,10668,0,181356
GAIL30JAN20122.5CE.NFO,07/01/2020,11:53:15,5,4.9,10668,5.1,5334,0,181356
GAIL30JAN20122.5CE.NFO,07/01/2020,11:53:52,5,5,5334,5.15,10668,0,181356
GAIL30JAN20122.5CE.NFO,07/01/2020,11:53:57,5,4.95,5334,5.15,10668,0,181356
GAIL30JAN20122.5CE.NFO,07/01/2020,11:53:59,5,4.95,10668,5.15,10668,0,181356
GAIL30JAN20122.5CE.NFO,07/01/2020,11:54:01,5,4.95,5334,5.15,10668,0,181356
GAIL30JAN20122.5CE.NFO,07/01/2020,11:54:05,5,5,5334,5.15,10668,0,181356
GAIL30JAN20122.5CE.NFO,07/01/2020,11:54:08,5,4.95,10668,5.15,10668,0,181356
GAIL30JAN20122.5CE.NFO,07/01/2020,11:54:11,5,4.95,5334,5.1,5334,0,181356
GAIL30JAN20122.5CE.NFO,07/01/2020,11:54:13,5,4.9,10668,5.1,5334,0,181356
GAIL30JAN20122.5CE.NFO,07/01/2020,11:54:24,5,4.9,10668,5.1,10668,0,181356
GAIL30JAN20122.5CE.NFO,07/01/2020,11:54:27,5,4.9,10668,5.1,5334,0,181356
GAIL30JAN20122.5CE.NFO,07/01/2020,11:55:29,5,4.9,10668,5.1,16002,0,181356
GAIL30JAN20122.5CE.NFO,07/01/2020,11:55:53,5,4.9,10668,5.1,10668,0,181356
GAIL30JAN20122.5CE.NFO,07/01/2020,11:56:09,5,4.95,5334,5.1,10668,0,181356
GAIL30JAN20122.5CE.NFO,07/01/2020,11:56:11,5,4.9,10668,5.1,10668,0,181356
GAIL30JAN20122.5CE.NFO,07/01/2020,11:56:13,5,4.95,10668,5.1,5334,0,181356
GAIL30JAN20122.5CE.NFO,07/01/2020,11:56:15,5,5,5334,5.1,5334,0,181356
GAIL30JAN20122.5CE.NFO,07/01/2020,11:56:18,5,4.95,5334,5.1,5334,0,181356
GAIL30JAN20122.5CE.NFO,07/01/2020,11:56:20,5,4.9,10668,5.1,5334,0,181356
GAIL30JAN20122.5CE.NFO,07/01/2020,11:56:33,5,4.95,5334,5.1,5334,0,181356
GAIL30JAN20122.5CE.NFO,07/01/2020,11:56:36,5,4.9,10668,5.1,5334,0,181356
GAIL30JAN20122.5CE.NFO,07/01/2020,11:56:42,5,4.95,10668,5.15,10668,0,181356
GAIL30JAN20122.5CE.NFO,07/01/2020,11:56:45,5,4.95,10668,5.1,5334,0,181356
GAIL30JAN20122.5CE.NFO,07/01/2020,11:56:48,5,4.95,10668,5.15,10668,0,181356
GAIL30JAN20122.5CE.NFO,07/01/2020,11:56:51,5,4.95,5334,5.15,10668,0,181356
GAIL30JAN20122.5CE.NFO,07/01/2020,11:56:57,5,5,5334,5.15,10668,0,181356
GAIL30JAN20122.5CE.NFO,07/01/2020,11:56:59,5,4.95,10668,5.15,10668,0,181356
GAIL30JAN20122.5CE.NFO,07/01/2020,11:57:01,5,4.95,5334,5.15,10668,0,181356
GAIL30JAN20122.5CE.NFO,07/01/2020,11:57:06,5,4.95,10668,5.15,10668,0,181356
GAIL30JAN20122.5CE.NFO,07/01/2020,11:57:28,5,4.95,5334,5.15,10668,0,181356
GAIL30JAN20122.5CE.NFO,07/01/2020,11:57:31,5,5,5334,5.15,10668,0,181356
GAIL30JAN20122.5CE.NFO,07/01/2020,11:57:35,5,4.95,5334,5.15,10668,0,181356
GAIL30JAN20122.5CE.NFO,07/01/2020,11:57:42,5,5,5334,5.15,10668,0,181356
GAIL30JAN20122.5CE.NFO,07/01/2020,11:57:49,5,4.95,5334,5.1,16002,0,181356
GAIL30JAN20122.5CE.NFO,07/01/2020,11:58:15,5,4.95,5334,5.1,10668,0,181356
GAIL30JAN20122.5CE.NFO,07/01/2020,11:58:56,5,5,5334,5.15,5334,0,181356
GAIL30JAN20122.5CE.NFO,07/01/2020,11:58:57,5,4.95,10668,5.15,5334,0,181356
GAIL30JAN20122.5CE.NFO,07/01/2020,11:59:02,5,4.95,5334,5.1,10668,0,181356
GAIL30JAN20122.5CE.NFO,07/01/2020,11:59:17,5,4.95,5334,5.1,5334,0,181356
GAIL30JAN20122.5CE.NFO,07/01/2020,11:59:57,5,4.9,5334,5.05,5334,0,181356
GAIL30JAN20122.5CE.NFO,07/01/2020,12:00:00,5,4.95,5334,5.1,5334,0,181356
GAIL30JAN20122.5CE.NFO,07/01/2020,12:00:26,5,4.95,10668,5.1,5334,0,181356
GAIL30JAN20122.5CE.NFO,07/01/2020,12:01:30,5,4.9,16002,5.05,10668,0,181356
GAIL30JAN20122.5CE.NFO,07/01/2020,12:02:16,5,4.9,10668,5.05,10668,0,181356
GAIL30JAN20122.5CE.NFO,07/01/2020,12:02:36,5,4.9,10668,5.1,5334,0,181356
GAIL30JAN20122.5CE.NFO,07/01/2020,12:02:57,5,4.9,16002,5.05,10668,0,181356
GAIL30JAN20122.5CE.NFO,07/01/2020,12:03:13,5,4.9,10668,5.1,5334,0,181356
GAIL30JAN20122.5CE.NFO,07/01/2020,12:03:28,5,4.9,16002,5.05,10668,0,181356
GAIL30JAN20122.5CE.NFO,07/01/2020,12:03:34,5,4.9,16002,5.05,5334,0,181356
GAIL30JAN20122.5CE.NFO,07/01/2020,12:03:38,5,4.9,16002,5.05,10668,0,181356
GAIL30JAN20122.5CE.NFO,07/01/2020,12:03:47,5,4.9,16002,5.1,5334,0,181356
GAIL30JAN20122.5CE.NFO,07/01/2020,12:03:56,5,4.95,5334,5.1,5334,0,181356
GAIL30JAN20122.5CE.NFO,07/01/2020,12:03:59,5,4.95,16002,5.1,5334,0,181356
GAIL30JAN20122.5CE.NFO,07/01/2020,12:04:21,5,5,5334,5.15,5334,0,181356
GAIL30JAN20122.5CE.NFO,07/01/2020,12:04:24,5,4.95,10668,5.15,5334,0,181356
GAIL30JAN20122.5CE.NFO,07/01/2020,12:04:26,5,5,5334,5.15,5334,0,181356
GAIL30JAN20122.5CE.NFO,07/01/2020,12:04:28,5,4.95,5334,5.15,5334,0,181356
GAIL30JAN20122.5CE.NFO,07/01/2020,12:04:30,5,4.95,16002,5.1,10668,0,181356
GAIL30JAN20122.5CE.NFO,07/01/2020,12:04:33,5,4.95,10668,5.1,5334,0,181356
GAIL30JAN20122.5CE.NFO,07/01/2020,12:04:58,5,5,5334,5.1,5334,0,181356
GAIL30JAN20122.5CE.NFO,07/01/2020,12:05:01,5,4.95,10668,5.15,5334,0,181356
GAIL30JAN20122.5CE.NFO,07/01/2020,12:05:04,5,4.95,5334,5.15,5334,0,181356
GAIL30JAN20122.5CE.NFO,07/01/2020,12:05:08,5,4.95,10668,5.15,5334,0,181356
GAIL30JAN20122.5CE.NFO,07/01/2020,12:05:24,5,5,5334,5.15,5334,0,181356
GAIL30JAN20122.5CE.NFO,07/01/2020,12:05:26,5,4.95,5334,5.15,5334,0,181356
GAIL30JAN20122.5CE.NFO,07/01/2020,12:05:28,5,5,5334,5.15,5334,0,181356
GAIL30JAN20122.5CE.NFO,07/01/2020,12:05:30,5,4.95,10668,5.15,5334,0,181356
GAIL30JAN20122.5CE.NFO,07/01/2020,12:05:35,5,5,5334,5.15,5334,0,181356
GAIL30JAN20122.5CE.NFO,07/01/2020,12:05:38,5,4.95,10668,5.15,5334,0,181356
GAIL30JAN20122.5CE.NFO,07/01/2020,12:05:41,5,4.95,5334,5.15,5334,0,181356
GAIL30JAN20122.5CE.NFO,07/01/2020,12:05:43,5,5,5334,5.15,5334,0,181356
GAIL30JAN20122.5CE.NFO,07/01/2020,12:05:46,5,4.95,10668,5.15,5334,0,181356
GAIL30JAN20122.5CE.NFO,07/01/2020,12:05:52,5,4.95,5334,5.1,5334,0,181356
GAIL30JAN20122.5CE.NFO,07/01/2020,12:05:57,5,4.95,10668,5.15,5334,0,181356
GAIL30JAN20122.5CE.NFO,07/01/2020,12:06:03,5,4.95,5334,5.15,5334,0,181356
GAIL30JAN20122.5CE.NFO,07/01/2020,12:06:06,5,4.95,10668,5.15,5334,0,181356
GAIL30JAN20122.5CE.NFO,07/01/2020,12:06:12,5,5,5334,5.15,5334,0,181356
GAIL30JAN20122.5CE.NFO,07/01/2020,12:06:14,5,4.95,10668,5.15,5334,0,181356
GAIL30JAN20122.5CE.NFO,07/01/2020,12:06:25,5,4.95,5334,5.15,5334,0,181356
GAIL30JAN20122.5CE.NFO,07/01/2020,12:06:28,5,4.95,10668,5.15,10668,0,181356
GAIL30JAN20122.5CE.NFO,07/01/2020,12:06:33,5,5.05,5334,5.2,10668,0,181356
GAIL30JAN20122.5CE.NFO,07/01/2020,12:06:35,5,5.05,10668,5.2,10668,0,181356
GAIL30JAN20122.5CE.NFO,07/01/2020,12:06:40,5,5.05,5334,5.2,10668,0,181356
GAIL30JAN20122.5CE.NFO,07/01/2020,12:06:45,5,5,10668,5.15,10668,0,181356
GAIL30JAN20122.5CE.NFO,07/01/2020,12:07:03,5,5,16002,5.15,10668,0,181356
GAIL30JAN20122.5CE.NFO,07/01/2020,12:07:29,5,5.05,5334,5.15,10668,0,181356
GAIL30JAN20122.5CE.NFO,07/01/2020,12:07:31,5,5.05,5334,5.15,5334,0,181356
GAIL30JAN20122.5CE.NFO,07/01/2020,12:07:42,5,5.05,5334,5.2,10668,0,181356
GAIL30JAN20122.5CE.NFO,07/01/2020,12:08:08,5,5.05,5334,5.15,5334,0,181356
GAIL30JAN20122.5CE.NFO,07/01/2020,12:08:18,5,5,10668,5.15,5334,0,181356
GAIL30JAN20122.5CE.NFO,07/01/2020,12:08:25,5,5,5334,5.15,16002,0,181356
GAIL30JAN20122.5CE.NFO,07/01/2020,12:08:31,5,5.05,5334,5.15,5334,0,181356
GAIL30JAN20122.5CE.NFO,07/01/2020,12:08:50,5,5,5334,5.15,5334,0,181356
GAIL30JAN20122.5CE.NFO,07/01/2020,12:08:54,5,5.05,5334,5.2,16002,0,181356
GAIL30JAN20122.5CE.NFO,07/01/2020,12:09:07,5,5.05,5334,5.15,5334,0,181356
GAIL30JAN20122.5CE.NFO,07/01/2020,12:09:31,5,5,10668,5.15,5334,0,181356
GAIL30JAN20122.5CE.NFO,07/01/2020,12:09:34,5,5,16002,5.15,5334,0,181356
GAIL30JAN20122.5CE.NFO,07/01/2020,12:10:06,5,5.05,5334,5.15,5334,0,181356
GAIL30JAN20122.5CE.NFO,07/01/2020,12:12:24,5,5.05,10668,5.15,16002,0,181356
GAIL30JAN20122.5CE.NFO,07/01/2020,12:13:54,5,5.05,16002,5.15,5334,0,181356
GAIL30JAN20122.5CE.NFO,07/01/2020,12:14:36,5,5.05,16002,5.2,16002,0,181356
GAIL30JAN20122.5CE.NFO,07/01/2020,12:15:04,5,5.05,16002,5.2,5334,0,181356
GAIL30JAN20122.5CE.NFO,07/01/2020,12:15:23,5,5.05,10668,5.15,5334,0,181356
GAIL30JAN20122.5CE.NFO,07/01/2020,12:15:40,5,5,5334,5.15,5334,0,181356
GAIL30JAN20122.5CE.NFO,07/01/2020,12:15:49,5,5.05,16002,5.2,16002,0,181356
GAIL30JAN20122.5CE.NFO,07/01/2020,12:15:53,5,5.05,16002,5.15,5334,0,181356
GAIL30JAN20122.5CE.NFO,07/01/2020,12:15:57,5,5.05,16002,5.2,16002,0,181356
GAIL30JAN20122.5CE.NFO,07/01/2020,12:16:41,5,5.05,5334,5.15,5334,0,181356
GAIL30JAN20122.5CE.NFO,07/01/2020,12:17:07,5,5,16002,5.15,5334,0,181356
GAIL30JAN20122.5CE.NFO,07/01/2020,12:17:22,5,5,16002,5.15,16002,0,181356
GAIL30JAN20122.5CE.NFO,07/01/2020,12:17:42,5,5.05,5334,5.15,5334,0,181356
GAIL30JAN20122.5CE.NFO,07/01/2020,12:17:54,5,5.05,5334,5.2,10668,0,181356
GAIL30JAN20122.5CE.NFO,07/01/2020,12:17:59,5,5.05,5334,5.15,10668,0,181356
GAIL30JAN20122.5CE.NFO,07/01/2020,12:18:10,5,5.05,5334,5.15,5334,0,181356
GAIL30JAN20122.5CE.NFO,07/01/2020,12:18:15,5,5,10668,5.15,5334,0,181356
GAIL30JAN20122.5CE.NFO,07/01/2020,12:18:24,5,5.05,16002,5.2,5334,0,181356
GAIL30JAN20122.5CE.NFO,07/01/2020,12:18:44,5,5.05,10668,5.3,10668,0,181356
GAIL30JAN20122.5CE.NFO,07/01/2020,12:18:51,5,5.05,10668,5.4,5334,0,181356
GAIL30JAN20122.5CE.NFO,07/01/2020,12:18:53,5,5.05,10668,5.4,10668,0,181356
GAIL30JAN20122.5CE.NFO,07/01/2020,12:19:04,5,5.1,10668,5.4,10668,0,181356
GAIL30JAN20122.5CE.NFO,07/01/2020,12:19:13,5,5.15,10668,5.4,10668,0,181356
GAIL30JAN20122.5CE.NFO,07/01/2020,12:19:16,5,5.15,10668,5.4,5334,0,181356
GAIL30JAN20122.5CE.NFO,07/01/2020,12:19:21,5,5.15,5334,5.4,5334,0,181356
GAIL30JAN20122.5CE.NFO,07/01/2020,12:20:00,5,5.15,5334,5.35,10668,0,181356
GAIL30JAN20122.5CE.NFO,07/01/2020,12:20:03,5,5.15,5334,5.5,10668,0,181356
GAIL30JAN20122.5CE.NFO,07/01/2020,12:20:20,5,5.15,10668,5.5,10668,0,181356
GAIL30JAN20122.5CE.NFO,07/01/2020,12:20:33,5,5.15,10668,5.5,16002,0,181356
GAIL30JAN20122.5CE.NFO,07/01/2020,12:22:07,5,5.2,10668,5.5,16002,0,181356
GAIL30JAN20122.5CE.NFO,07/01/2020,12:22:26,5,5.2,21336,5.5,16002,0,181356
GAIL30JAN20122.5CE.NFO,07/01/2020,12:22:38,5,5.2,10668,5.5,16002,0,181356
GAIL30JAN20122.5CE.NFO,07/01/2020,12:22:53,5,5.2,10668,5.5,10668,0,181356
GAIL30JAN20122.5CE.NFO,07/01/2020,12:22:58,5,5.2,10668,5.5,16002,0,181356
GAIL30JAN20122.5CE.NFO,07/01/2020,12:23:18,5,5.2,10668,5.5,10668,0,181356
GAIL30JAN20122.5CE.NFO,07/01/2020,12:23:24,5,5.2,21336,5.5,10668,0,181356
GAIL30JAN20122.5CE.NFO,07/01/2020,12:23:51,5,5.2,21336,5.5,16002,0,181356
GAIL30JAN20122.5CE.NFO,07/01/2020,12:25:54,5,5.2,21336,5.45,10668,0,181356
GAIL30JAN20122.5CE.NFO,07/01/2020,12:26:17,5,5.25,5334,5.45,10668,0,181356
GAIL30JAN20122.5CE.NFO,07/01/2020,12:26:30,5,5.25,16002,5.45,10668,0,181356
GAIL30JAN20122.5CE.NFO,07/01/2020,12:28:02,5,5.25,5334,5.45,10668,0,181356
GAIL30JAN20122.5CE.NFO,07/01/2020,12:29:23,5,5.2,5334,5.35,10668,0,181356
GAIL30JAN20122.5CE.NFO,07/01/2020,12:30:00,5,5.15,5334,5.35,10668,0,181356
GAIL30JAN20122.5CE.NFO,07/01/2020,12:30:24,5,5.1,10668,5.25,10668,0,181356
GAIL30JAN20122.5CE.NFO,07/01/2020,12:30:41,5,5.1,5334,5.2,10668,0,181356
GAIL30JAN20122.5CE.NFO,07/01/2020,12:30:44,5,5.1,10668,5.25,10668,0,181356
GAIL30JAN20122.5CE.NFO,07/01/2020,12:30:48,5,5.1,5334,5.2,10668,0,181356
GAIL30JAN20122.5CE.NFO,07/01/2020,12:30:56,5,5.1,5334,5.25,10668,0,181356
GAIL30JAN20122.5CE.NFO,07/01/2020,12:31:20,5,5.05,10668,5.2,10668,0,181356
GAIL30JAN20122.5CE.NFO,07/01/2020,12:31:49,5,5.05,10668,5.2,5334,0,181356
GAIL30JAN20122.5CE.NFO,07/01/2020,12:31:51,5,5.05,10668,5.4,10668,0,181356
GAIL30JAN20122.5CE.NFO,07/01/2020,12:31:54,5,5.05,10668,5.4,16002,0,181356
GAIL30JAN20122.5CE.NFO,07/01/2020,12:32:01,5,5.05,5334,5.4,10668,0,181356
GAIL30JAN20122.5CE.NFO,07/01/2020,12:32:14,5,5.05,10668,5.3,10668,0,181356
GAIL30JAN20122.5CE.NFO,07/01/2020,12:32:39,5,4.95,10668,5.2,10668,0,181356
GAIL30JAN20122.5CE.NFO,07/01/2020,12:32:48,5,5,10668,5.2,10668,0,181356
GAIL30JAN20122.5CE.NFO,07/01/2020,12:32:52,5,5,21336,5.3,10668,0,181356
GAIL30JAN20122.5CE.NFO,07/01/2020,12:32:56,5,5,10668,5.2,10668,0,181356
GAIL30JAN20122.5CE.NFO,07/01/2020,12:32:59,5,5,5334,5.2,10668,0,181356
GAIL30JAN20122.5CE.NFO,07/01/2020,12:33:04,5,5,16002,5.15,5334,0,181356
GAIL30JAN20122.5CE.NFO,07/01/2020,12:33:24,5,5,16002,5.15,10668,0,181356
GAIL30JAN20122.5CE.NFO,07/01/2020,12:34:03,5,4.95,10668,5.1,5334,0,181356
GAIL30JAN20122.5CE.NFO,07/01/2020,12:34:15,5,5,21336,5.15,10668,0,181356
GAIL30JAN20122.5CE.NFO,07/01/2020,12:38:48,5,5.05,10668,5.2,16002,0,181356
GAIL30JAN20122.5CE.NFO,07/01/2020,12:39:45,5,5.05,10668,5.2,10668,0,181356
GAIL30JAN20122.5CE.NFO,07/01/2020,12:39:51,5,5.05,10668,5.2,16002,0,181356
GAIL30JAN20122.5CE.NFO,07/01/2020,12:39:53,5,5.05,10668,5.2,5334,0,181356
GAIL30JAN20122.5CE.NFO,07/01/2020,12:39:55,5,5.05,10668,5.2,10668,0,181356
GAIL30JAN20122.5CE.NFO,07/01/2020,12:40:57,5,5.15,5334,5.2,5334,0,181356
GAIL30JAN20122.5CE.NFO,07/01/2020,12:41:01,5,5.1,10668,5.2,5334,0,181356
GAIL30JAN20122.5CE.NFO,07/01/2020,12:41:12,5,5.1,10668,5.25,5334,0,181356
GAIL30JAN20122.5CE.NFO,07/01/2020,12:41:28,5,5.1,5334,5.2,10668,0,181356
GAIL30JAN20122.5CE.NFO,07/01/2020,12:41:54,5,5.1,10668,5.25,10668,0,181356
GAIL30JAN20122.5CE.NFO,07/01/2020,12:41:58,5,5.1,10668,5.25,5334,0,181356
GAIL30JAN20122.5CE.NFO,07/01/2020,12:42:50,5,5.1,10668,5.25,10668,0,181356
GAIL30JAN20122.5CE.NFO,07/01/2020,12:42:53,5,5,10668,5.25,10668,0,181356
GAIL30JAN20122.5CE.NFO,07/01/2020,12:42:56,5,5.1,10668,5.25,10668,0,181356
GAIL30JAN20122.5CE.NFO,07/01/2020,12:43:00,5,5.1,16002,5.25,10668,0,181356
GAIL30JAN20122.5CE.NFO,07/01/2020,12:43:32,5,5.1,10668,5.25,10668,0,181356
GAIL30JAN20122.5CE.NFO,07/01/2020,12:45:52,5,5.1,10668,5.25,5334,0,181356
GAIL30JAN20122.5CE.NFO,07/01/2020,12:46:02,5,5.1,10668,5.25,10668,0,181356
GAIL30JAN20122.5CE.NFO,07/01/2020,12:47:24,5,5,10668,5.25,5334,0,181356
GAIL30JAN20122.5CE.NFO,07/01/2020,12:47:29,5,5.05,5334,5.25,10668,0,181356
GAIL30JAN20122.5CE.NFO,07/01/2020,12:47:33,5,5.05,10668,5.25,10668,0,181356
GAIL30JAN20122.5CE.NFO,07/01/2020,12:48:15,5,5.15,10668,5.3,10668,0,181356
GAIL30JAN20122.5CE.NFO,07/01/2020,12:48:25,5,5.15,10668,5.3,16002,0,181356
GAIL30JAN20122.5CE.NFO,07/01/2020,12:48:42,5,5.15,10668,5.3,10668,0,181356
GAIL30JAN20122.5CE.NFO,07/01/2020,12:48:46,5,5.15,10668,5.3,5334,0,181356
GAIL30JAN20122.5CE.NFO,07/01/2020,12:49:08,5,5.1,10668,5.25,5334,0,181356
GAIL30JAN20122.5CE.NFO,07/01/2020,12:49:16,5,5.15,5334,5.25,5334,0,181356
GAIL30JAN20122.5CE.NFO,07/01/2020,12:49:59,5,5.1,10668,5.25,5334,0,181356
GAIL30JAN20122.5CE.NFO,07/01/2020,12:50:35,5,5.1,10668,5.25,10668,0,181356
GAIL30JAN20122.5CE.NFO,07/01/2020,12:51:27,5,5.1,10668,5.2,5334,0,181356
GAIL30JAN20122.5CE.NFO,07/01/2020,12:52:50,5,5.1,16002,5.2,5334,0,181356
GAIL30JAN20122.5CE.NFO,07/01/2020,12:53:21,5,5.05,10668,5.2,16002,0,181356
GAIL30JAN20122.5CE.NFO,07/01/2020,12:53:26,5,5.05,16002,5.2,16002,0,181356
GAIL30JAN20122.5CE.NFO,07/01/2020,12:53:29,5,5.05,21336,5.2,16002,0,181356
GAIL30JAN20122.5CE.NFO,07/01/2020,12:53:36,5,5.05,10668,5.2,10668,0,181356
GAIL30JAN20122.5CE.NFO,07/01/2020,12:54:08,5,5.05,10668,5.2,16002,0,181356
GAIL30JAN20122.5CE.NFO,07/01/2020,12:55:22,5,5.05,5334,5.2,10668,0,181356
GAIL30JAN20122.5CE.NFO,07/01/2020,12:55:26,5,5.05,5334,5.2,16002,0,181356
GAIL30JAN20122.5CE.NFO,07/01/2020,12:55:33,5,5.05,10668,5.2,16002,0,181356
GAIL30JAN20122.5CE.NFO,07/01/2020,12:55:41,5,5,10668,5.15,5334,0,181356
GAIL30JAN20122.5CE.NFO,07/01/2020,12:56:35,5,4.9,16002,5.15,5334,0,181356
GAIL30JAN20122.5CE.NFO,07/01/2020,12:56:39,5,5,16002,5.15,5334,0,181356
GAIL30JAN20122.5CE.NFO,07/01/2020,12:56:53,5,5,10668,5.15,5334,0,181356
GAIL30JAN20122.5CE.NFO,07/01/2020,12:57:38,5,5,10668,5.15,10668,0,181356
GAIL30JAN20122.5CE.NFO,07/01/2020,12:58:08,5,4.9,10668,5.05,10668,0,181356
GAIL30JAN20122.5CE.NFO,07/01/2020,12:58:13,5,4.85,10668,5,5334,0,181356
GAIL30JAN20122.5CE.NFO,07/01/2020,12:58:25,5,4.9,10668,5.05,10668,0,181356
GAIL30JAN20122.5CE.NFO,07/01/2020,12:58:36,5,4.9,10668,5.05,5334,0,181356
GAIL30JAN20122.5CE.NFO,07/01/2020,12:58:39,5,4.9,10668,5.1,5334,0,181356
GAIL30JAN20122.5CE.NFO,07/01/2020,12:58:49,5,4.95,21336,5.1,5334,0,181356
GAIL30JAN20122.5CE.NFO,07/01/2020,12:58:52,5,4.95,21336,5.1,10668,0,181356
GAIL30JAN20122.5CE.NFO,07/01/2020,12:58:55,5,4.95,16002,5.1,5334,0,181356
GAIL30JAN20122.5CE.NFO,07/01/2020,12:58:58,5,4.95,5334,5.15,5334,0,181356
GAIL30JAN20122.5CE.NFO,07/01/2020,12:59:01,5,4.95,5334,5.1,16002,0,181356
GAIL30JAN20122.5CE.NFO,07/01/2020,12:59:08,5,4.9,10668,5.1,16002,0,181356
GAIL30JAN20122.5CE.NFO,07/01/2020,12:59:13,5,4.9,10668,5.1,10668,0,181356
GAIL30JAN20122.5CE.NFO,07/01/2020,12:59:25,5,4.95,16002,5.1,10668,0,181356
GAIL30JAN20122.5CE.NFO,07/01/2020,12:59:31,5,4.95,5334,5.15,5334,0,181356
GAIL30JAN20122.5CE.NFO,07/01/2020,12:59:34,5,4.95,21336,5.1,10668,0,181356
GAIL30JAN20122.5CE.NFO,07/01/2020,12:59:36,5,5,5334,5.1,10668,0,181356
GAIL30JAN20122.5CE.NFO,07/01/2020,12:59:40,5,4.95,5334,5.1,5334,0,181356
GAIL30JAN20122.5CE.NFO,07/01/2020,12:59:43,5,4.9,10668,5.1,10668,0,181356
GAIL30JAN20122.5CE.NFO,07/01/2020,12:59:47,5,4.95,5334,5.1,10668,0,181356
GAIL30JAN20122.5CE.NFO,07/01/2020,12:59:51,5,4.95,10668,5.1,10668,0,181356
GAIL30JAN20122.5CE.NFO,07/01/2020,13:00:00,5,5,5334,5.1,10668,0,181356
GAIL30JAN20122.5CE.NFO,07/01/2020,13:00:04,5,4.9,10668,5.1,10668,0,181356
GAIL30JAN20122.5CE.NFO,07/01/2020,13:00:25,5,4.9,10668,5.1,16002,0,181356
GAIL30JAN20122.5CE.NFO,07/01/2020,13:00:31,5,4.95,5334,5,5334,0,181356
GAIL30JAN20122.5CE.NFO,07/01/2020,13:00:35,5,4.9,10668,5,5334,0,181356
GAIL30JAN20122.5CE.NFO,07/01/2020,13:01:29,5,4.9,10668,4.95,16002,0,181356
GAIL30JAN20122.5CE.NFO,07/01/2020,13:01:51,4.9,4.85,10668,5,5334,16002,176022
GAIL30JAN20122.5CE.NFO,07/01/2020,13:02:02,4.9,4.9,16002,5,5334,0,176022
GAIL30JAN20122.5CE.NFO,07/01/2020,13:02:07,4.9,4.9,5334,5,5334,0,176022
GAIL30JAN20122.5CE.NFO,07/01/2020,13:02:17,4.9,4.85,10668,5,5334,0,176022
GAIL30JAN20122.5CE.NFO,07/01/2020,13:02:36,4.9,4.85,10668,5,10668,0,176022
GAIL30JAN20122.5CE.NFO,07/01/2020,13:03:24,4.9,4.8,10668,5,21336,0,176022
GAIL30JAN20122.5CE.NFO,07/01/2020,13:03:46,4.9,4.8,10668,4.95,5334,0,176022
GAIL30JAN20122.5CE.NFO,07/01/2020,13:03:57,4.9,4.85,5334,5,16002,0,176022
GAIL30JAN20122.5CE.NFO,07/01/2020,13:04:01,4.9,4.8,10668,5,21336,0,176022
GAIL30JAN20122.5CE.NFO,07/01/2020,13:04:10,4.9,4.8,10668,4.95,10668,0,176022
GAIL30JAN20122.5CE.NFO,07/01/2020,13:04:20,4.9,4.8,10668,4.95,16002,0,176022
GAIL30JAN20122.5CE.NFO,07/01/2020,13:04:46,4.9,4.75,10668,4.9,5334,0,176022
GAIL30JAN20122.5CE.NFO,07/01/2020,13:04:58,4.9,4.75,10668,4.9,10668,0,176022
GAIL30JAN20122.5CE.NFO,07/01/2020,13:05:24,4.9,4.75,10668,4.9,5334,0,176022
GAIL30JAN20122.5CE.NFO,07/01/2020,13:05:55,4.9,4.75,10668,4.9,10668,0,176022
GAIL30JAN20122.5CE.NFO,07/01/2020,13:06:16,4.9,4.75,10668,4.85,5334,0,176022
GAIL30JAN20122.5CE.NFO,07/01/2020,13:06:35,4.9,4.7,10668,4.85,5334,0,176022
GAIL30JAN20122.5CE.NFO,07/01/2020,13:07:00,4.9,4.7,10668,4.8,5334,0,176022
GAIL30JAN20122.5CE.NFO,07/01/2020,13:07:04,4.9,4.75,5334,4.8,5334,0,176022
GAIL30JAN20122.5CE.NFO,07/01/2020,13:07:14,4.8,4.75,5334,4.85,5334,5334,176022
GAIL30JAN20122.5CE.NFO,07/01/2020,13:07:14,4.8,4.75,5334,4.85,5334,0,176022
GAIL30JAN20122.5CE.NFO,07/01/2020,13:07:19,4.8,4.75,5334,4.85,5334,0,176022
GAIL30JAN20122.5CE.NFO,07/01/2020,13:07:23,4.8,4.75,10668,4.9,10668,0,176022
GAIL30JAN20122.5CE.NFO,07/01/2020,13:07:32,4.8,4.75,5334,4.85,5334,0,176022
GAIL30JAN20122.5CE.NFO,07/01/2020,13:07:52,4.8,4.7,5334,4.8,5334,0,176022
GAIL30JAN20122.5CE.NFO,07/01/2020,13:08:14,4.8,4.7,10668,4.85,10668,0,176022
GAIL30JAN20122.5CE.NFO,07/01/2020,13:08:20,4.8,4.65,10668,4.8,16002,0,176022
GAIL30JAN20122.5CE.NFO,07/01/2020,13:08:27,4.8,4.65,10668,4.8,5334,0,176022
GAIL30JAN20122.5CE.NFO,07/01/2020,13:08:35,4.8,4.7,5334,4.85,16002,0,176022
GAIL30JAN20122.5CE.NFO,07/01/2020,13:08:41,4.8,4.65,5334,4.75,10668,0,176022
GAIL30JAN20122.5CE.NFO,07/01/2020,13:08:53,4.8,4.7,5334,4.8,10668,0,176022
GAIL30JAN20122.5CE.NFO,07/01/2020,13:08:59,4.8,4.65,10668,4.8,16002,0,176022
GAIL30JAN20122.5CE.NFO,07/01/2020,13:09:09,4.8,4.6,10668,4.75,16002,0,176022
GAIL30JAN20122.5CE.NFO,07/01/2020,13:09:17,4.7,4.6,10668,4.75,21336,5334,170688
GAIL30JAN20122.5CE.NFO,07/01/2020,13:09:17,4.7,4.6,10668,4.75,21336,0,170688
GAIL30JAN20122.5CE.NFO,07/01/2020,13:09:23,4.7,4.65,5334,4.75,10668,0,170688
GAIL30JAN20122.5CE.NFO,07/01/2020,13:09:35,4.7,4.6,16002,4.7,5334,0,170688
GAIL30JAN20122.5CE.NFO,07/01/2020,13:09:41,4.7,4.6,16002,4.75,21336,0,170688
GAIL30JAN20122.5CE.NFO,07/01/2020,13:09:46,4.7,4.65,5334,4.75,16002,0,170688
GAIL30JAN20122.5CE.NFO,07/01/2020,13:09:53,4.7,4.7,5334,4.8,5334,0,170688
GAIL30JAN20122.5CE.NFO,07/01/2020,13:10:05,4.7,4.6,16002,4.75,10668,0,170688
GAIL30JAN20122.5CE.NFO,07/01/2020,13:10:10,4.7,4.6,16002,4.75,16002,0,170688
GAIL30JAN20122.5CE.NFO,07/01/2020,13:10:52,4.7,4.55,26670,4.7,10668,0,170688
GAIL30JAN20122.5CE.NFO,07/01/2020,13:11:14,4.7,4.6,5334,4.7,16002,0,170688
GAIL30JAN20122.5CE.NFO,07/01/2020,13:11:19,4.7,4.55,26670,4.7,10668,0,170688
GAIL30JAN20122.5CE.NFO,07/01/2020,13:11:28,4.7,4.6,5334,4.7,10668,0,170688
GAIL30JAN20122.5CE.NFO,07/01/2020,13:11:32,4.7,4.65,5334,4.75,16002,0,170688
GAIL30JAN20122.5CE.NFO,07/01/2020,13:11:46,4.7,4.65,21336,4.8,16002,0,170688
GAIL30JAN20122.5CE.NFO,07/01/2020,13:12:05,4.7,4.65,10668,4.75,10668,0,170688
GAIL30JAN20122.5CE.NFO,07/01/2020,13:12:16,4.7,4.65,10668,4.75,16002,0,170688
GAIL30JAN20122.5CE.NFO,07/01/2020,13:12:21,4.7,4.6,10668,4.7,10668,0,170688
GAIL30JAN20122.5CE.NFO,07/01/2020,13:12:26,4.7,4.6,21336,4.7,5334,0,170688
GAIL30JAN20122.5CE.NFO,07/01/2020,13:12:39,4.7,4.65,5334,4.75,10668,0,170688
GAIL30JAN20122.5CE.NFO,07/01/2020,13:12:59,4.7,4.65,10668,4.75,10668,0,170688
GAIL30JAN20122.5CE.NFO,07/01/2020,13:13:03,4.7,4.7,5334,4.75,10668,0,170688
GAIL30JAN20122.5CE.NFO,07/01/2020,13:13:40,4.7,4.7,16002,4.8,10668,0,170688
GAIL30JAN20122.5CE.NFO,07/01/2020,13:13:44,4.7,4.75,5334,4.8,10668,0,170688
GAIL30JAN20122.5CE.NFO,07/01/2020,13:13:54,4.7,4.7,5334,4.8,10668,0,170688
GAIL30JAN20122.5CE.NFO,07/01/2020,13:14:00,4.7,4.7,16002,4.8,10668,0,170688
GAIL30JAN20122.5CE.NFO,07/01/2020,13:14:33,4.7,4.7,10668,4.8,10668,0,170688
GAIL30JAN20122.5CE.NFO,07/01/2020,13:14:43,4.7,4.7,26670,4.8,10668,0,170688
GAIL30JAN20122.5CE.NFO,07/01/2020,13:15:14,4.7,4.7,26670,4.85,10668,0,170688
GAIL30JAN20122.5CE.NFO,07/01/2020,13:15:22,4.7,4.7,16002,4.8,10668,0,170688
GAIL30JAN20122.5CE.NFO,07/01/2020,13:15:28,4.7,4.7,10668,4.8,10668,0,170688
GAIL30JAN20122.5CE.NFO,07/01/2020,13:15:35,4.7,4.7,16002,4.8,10668,0,170688
GAIL30JAN20122.5CE.NFO,07/01/2020,13:15:46,4.7,4.7,10668,4.8,10668,0,170688
GAIL30JAN20122.5CE.NFO,07/01/2020,13:15:53,4.75,4.7,5334,4.75,5334,5334,170688
GAIL30JAN20122.5CE.NFO,07/01/2020,13:16:02,4.75,4.7,5334,4.75,5334,0,170688
GAIL30JAN20122.5CE.NFO,07/01/2020,13:17:31,4.7,4.6,16002,4.75,10668,5334,170688
GAIL30JAN20122.5CE.NFO,07/01/2020,13:17:54,4.7,4.6,26670,4.75,10668,0,170688
GAIL30JAN20122.5CE.NFO,07/01/2020,13:18:03,4.7,4.6,16002,4.75,10668,0,170688
GAIL30JAN20122.5CE.NFO,07/01/2020,13:18:22,4.7,4.6,10668,4.75,10668,0,170688
GAIL30JAN20122.5CE.NFO,07/01/2020,13:18:33,4.7,4.65,5334,4.75,10668,0,170688
GAIL30JAN20122.5CE.NFO,07/01/2020,13:18:43,4.7,4.65,5334,4.7,10668,0,170688
GAIL30JAN20122.5CE.NFO,07/01/2020,13:18:48,4.65,4.55,26670,4.7,10668,5334,170688
GAIL30JAN20122.5CE.NFO,07/01/2020,13:18:48,4.65,4.55,26670,4.7,10668,0,170688
GAIL30JAN20122.5CE.NFO,07/01/2020,13:18:56,4.65,4.55,26670,4.65,5334,0,170688
GAIL30JAN20122.5CE.NFO,07/01/2020,13:19:24,4.65,4.55,10668,4.65,10668,0,170688
GAIL30JAN20122.5CE.NFO,07/01/2020,13:19:32,4.65,4.55,5334,4.65,10668,0,170688
GAIL30JAN20122.5CE.NFO,07/01/2020,13:20:03,4.65,4.55,10668,4.65,10668,0,170688
GAIL30JAN20122.5CE.NFO,07/01/2020,13:20:11,4.65,4.55,21336,4.7,10668,0,170688
GAIL30JAN20122.5CE.NFO,07/01/2020,13:20:25,4.65,4.55,16002,4.7,10668,0,170688
GAIL30JAN20122.5CE.NFO,07/01/2020,13:20:29,4.65,4.55,26670,4.7,10668,0,170688
GAIL30JAN20122.5CE.NFO,07/01/2020,13:21:06,4.65,4.55,26670,4.65,5334,0,170688
GAIL30JAN20122.5CE.NFO,07/01/2020,13:21:12,4.65,4.55,5334,4.65,5334,0,170688
GAIL30JAN20122.5CE.NFO,07/01/2020,13:21:19,4.65,4.55,10668,4.7,10668,0,170688
GAIL30JAN20122.5CE.NFO,07/01/2020,13:21:26,4.65,4.55,26670,4.7,5334,0,170688
GAIL30JAN20122.5CE.NFO,07/01/2020,13:21:58,4.65,4.55,16002,4.7,10668,0,170688
GAIL30JAN20122.5CE.NFO,07/01/2020,13:22:14,4.65,4.55,26670,4.7,5334,0,170688
GAIL30JAN20122.5CE.NFO,07/01/2020,13:22:53,4.65,4.55,16002,4.7,10668,0,170688
GAIL30JAN20122.5CE.NFO,07/01/2020,13:23:06,4.65,4.6,5334,4.7,10668,0,170688
GAIL30JAN20122.5CE.NFO,07/01/2020,13:23:16,4.65,4.6,5334,4.8,10668,0,170688
GAIL30JAN20122.5CE.NFO,07/01/2020,13:23:53,4.65,4.6,5334,4.8,16002,0,170688
GAIL30JAN20122.5CE.NFO,07/01/2020,13:27:04,4.8,4.65,10668,4.9,10668,5334,176022
GAIL30JAN20122.5CE.NFO,07/01/2020,13:27:09,4.8,4.65,10668,4.9,10668,0,176022
GAIL30JAN20122.5CE.NFO,07/01/2020,13:27:15,4.8,4.65,21336,4.9,10668,0,176022
GAIL30JAN20122.5CE.NFO,07/01/2020,13:27:32,4.8,4.65,10668,4.9,10668,0,176022
GAIL30JAN20122.5CE.NFO,07/01/2020,13:27:42,4.8,4.65,10668,4.9,5334,0,176022
GAIL30JAN20122.5CE.NFO,07/01/2020,13:27:53,4.8,4.6,5334,4.8,5334,0,176022
GAIL30JAN20122.5CE.NFO,07/01/2020,13:27:59,4.8,4.6,10668,4.9,5334,0,176022
GAIL30JAN20122.5CE.NFO,07/01/2020,13:28:42,4.8,4.6,5334,4.85,5334,0,176022
GAIL30JAN20122.5CE.NFO,07/01/2020,13:28:47,4.8,4.6,5334,4.85,10668,0,176022
GAIL30JAN20122.5CE.NFO,07/01/2020,13:28:53,4.8,4.6,5334,4.8,10668,0,176022
GAIL30JAN20122.5CE.NFO,07/01/2020,13:29:01,4.6,4.5,10668,4.85,16002,5334,170688
GAIL30JAN20122.5CE.NFO,07/01/2020,13:29:01,4.6,4.5,10668,4.85,16002,0,170688
GAIL30JAN20122.5CE.NFO,07/01/2020,13:29:07,4.6,4.5,5334,4.8,5334,0,170688
GAIL30JAN20122.5CE.NFO,07/01/2020,13:29:13,4.6,4.5,16002,4.8,5334,0,170688
GAIL30JAN20122.5CE.NFO,07/01/2020,13:29:19,4.6,4.5,5334,4.8,5334,0,170688
GAIL30JAN20122.5CE.NFO,07/01/2020,13:29:40,4.6,4.5,5334,4.85,10668,0,170688
GAIL30JAN20122.5CE.NFO,07/01/2020,13:29:46,4.6,4.5,5334,4.75,5334,0,170688
GAIL30JAN20122.5CE.NFO,07/01/2020,13:30:31,4.6,4.35,5334,4.65,5334,0,170688
GAIL30JAN20122.5CE.NFO,07/01/2020,13:30:37,4.6,4.35,21336,4.6,10668,0,170688
GAIL30JAN20122.5CE.NFO,07/01/2020,13:30:42,4.6,4.4,10668,4.6,10668,0,170688
GAIL30JAN20122.5CE.NFO,07/01/2020,13:30:47,4.6,4.4,5334,4.7,5334,0,170688
GAIL30JAN20122.5CE.NFO,07/01/2020,13:31:00,4.6,4.45,5334,4.7,5334,0,170688
GAIL30JAN20122.5CE.NFO,07/01/2020,13:31:13,4.6,4.45,10668,4.85,5334,0,170688
GAIL30JAN20122.5CE.NFO,07/01/2020,13:31:19,4.6,4.5,10668,4.85,5334,0,170688
GAIL30JAN20122.5CE.NFO,07/01/2020,13:31:30,4.6,4.55,5334,4.85,5334,0,170688
GAIL30JAN20122.5CE.NFO,07/01/2020,13:31:37,4.6,4.55,10668,4.85,5334,0,170688
GAIL30JAN20122.5CE.NFO,07/01/2020,13:31:43,4.6,4.6,10668,4.85,5334,0,170688
GAIL30JAN20122.5CE.NFO,07/01/2020,13:31:58,4.6,4.65,10668,4.85,5334,0,170688
GAIL30JAN20122.5CE.NFO,07/01/2020,13:32:05,4.6,4.6,10668,4.85,5334,0,170688
GAIL30JAN20122.5CE.NFO,07/01/2020,13:32:19,4.6,4.6,5334,4.85,5334,0,170688
GAIL30JAN20122.5CE.NFO,07/01/2020,13:32:57,4.6,4.6,10668,4.85,5334,0,170688
GAIL30JAN20122.5CE.NFO,07/01/2020,13:33:26,4.6,4.6,5334,4.85,5334,0,170688
GAIL30JAN20122.5CE.NFO,07/01/2020,13:33:37,4.6,4.6,10668,4.85,5334,0,170688
GAIL30JAN20122.5CE.NFO,07/01/2020,13:33:42,4.6,4.6,16002,4.85,5334,0,170688
GAIL30JAN20122.5CE.NFO,07/01/2020,13:33:59,4.6,4.6,10668,4.85,5334,0,170688
GAIL30JAN20122.5CE.NFO,07/01/2020,13:34:04,4.6,4.6,16002,4.85,5334,0,170688
GAIL30JAN20122.5CE.NFO,07/01/2020,13:34:14,4.6,4.6,10668,4.85,5334,0,170688
GAIL30JAN20122.5CE.NFO,07/01/2020,13:34:19,4.6,4.6,16002,4.85,5334,0,170688
GAIL30JAN20122.5CE.NFO,07/01/2020,13:34:24,4.6,4.65,5334,5,5334,0,170688
GAIL30JAN20122.5CE.NFO,07/01/2020,13:34:34,4.6,4.65,10668,5,5334,0,170688
GAIL30JAN20122.5CE.NFO,07/01/2020,13:34:51,4.6,4.7,10668,4.95,10668,0,170688
GAIL30JAN20122.5CE.NFO,07/01/2020,13:34:58,4.6,4.7,16002,4.95,10668,0,170688
GAIL30JAN20122.5CE.NFO,07/01/2020,13:35:11,4.6,4.7,16002,4.9,5334,0,170688
GAIL30JAN20122.5CE.NFO,07/01/2020,13:35:17,4.6,4.75,5334,4.9,5334,0,170688
GAIL30JAN20122.5CE.NFO,07/01/2020,13:35:22,4.6,4.75,5334,4.9,10668,0,170688
GAIL30JAN20122.5CE.NFO,07/01/2020,13:35:35,4.6,4.75,5334,5,10668,0,170688
GAIL30JAN20122.5CE.NFO,07/01/2020,13:35:49,4.6,4.75,5334,5,16002,0,170688
GAIL30JAN20122.5CE.NFO,07/01/2020,13:35:57,4.6,4.8,5334,5,16002,0,170688
GAIL30JAN20122.5CE.NFO,07/01/2020,13:36:19,4.6,4.75,10668,5,10668,0,170688
GAIL30JAN20122.5CE.NFO,07/01/2020,13:36:23,4.6,4.75,5334,5,10668,0,170688
GAIL30JAN20122.5CE.NFO,07/01/2020,13:36:57,4.6,4.8,5334,5,10668,0,170688
GAIL30JAN20122.5CE.NFO,07/01/2020,13:37:27,4.6,4.75,5334,5,10668,0,170688
GAIL30JAN20122.5CE.NFO,07/01/2020,13:37:32,4.6,4.8,5334,5,10668,0,170688
GAIL30JAN20122.5CE.NFO,07/01/2020,13:37:37,4.6,4.75,5334,5,10668,0,170688
GAIL30JAN20122.5CE.NFO,07/01/2020,13:37:56,4.6,4.8,5334,5,10668,0,170688
GAIL30JAN20122.5CE.NFO,07/01/2020,13:38:05,4.6,4.75,5334,4.9,10668,0,170688
GAIL30JAN20122.5CE.NFO,07/01/2020,13:38:12,4.6,4.75,5334,4.9,5334,0,170688
GAIL30JAN20122.5CE.NFO,07/01/2020,13:38:30,4.6,4.7,5334,4.85,10668,0,170688
GAIL30JAN20122.5CE.NFO,07/01/2020,13:38:49,4.6,4.75,5334,4.85,10668,0,170688
GAIL30JAN20122.5CE.NFO,07/01/2020,13:38:58,4.6,4.75,10668,4.9,10668,0,170688
GAIL30JAN20122.5CE.NFO,07/01/2020,13:39:12,4.6,4.75,5334,4.9,10668,0,170688
GAIL30JAN20122.5CE.NFO,07/01/2020,13:39:26,4.6,4.75,5334,4.85,5334,0,170688
GAIL30JAN20122.5CE.NFO,07/01/2020,13:39:33,4.6,4.75,5334,4.85,10668,0,170688
GAIL30JAN20122.5CE.NFO,07/01/2020,13:39:53,4.6,4.75,5334,4.8,5334,0,170688
GAIL30JAN20122.5CE.NFO,07/01/2020,13:41:10,4.8,4.75,5334,4.9,10668,5334,176022
GAIL30JAN20122.5CE.NFO,07/01/2020,13:41:15,4.8,4.75,5334,4.9,10668,0,176022
GAIL30JAN20122.5CE.NFO,07/01/2020,13:42:34,4.8,4.75,5334,5.05,5334,0,176022
GAIL30JAN20122.5CE.NFO,07/01/2020,13:42:54,4.8,4.75,10668,5.05,5334,0,176022
GAIL30JAN20122.5CE.NFO,07/01/2020,13:42:57,4.8,4.75,5334,5.05,5334,0,176022
GAIL30JAN20122.5CE.NFO,07/01/2020,13:43:41,4.8,4.75,5334,5,5334,0,176022
GAIL30JAN20122.5CE.NFO,07/01/2020,13:44:22,4.8,4.75,5334,5.1,48006,0,176022
GAIL30JAN20122.5CE.NFO,07/01/2020,13:44:31,4.8,4.75,5334,5,5334,0,176022
GAIL30JAN20122.5CE.NFO,07/01/2020,13:46:43,4.8,4.75,5334,5.1,5334,0,176022
GAIL30JAN20122.5CE.NFO,07/01/2020,13:46:59,4.8,4.8,5334,5.1,5334,0,176022
GAIL30JAN20122.5CE.NFO,07/01/2020,13:48:06,4.8,4.8,5334,5.15,5334,0,176022
GAIL30JAN20122.5CE.NFO,07/01/2020,13:48:11,4.8,4.8,21336,5.15,5334,0,176022
GAIL30JAN20122.5CE.NFO,07/01/2020,13:48:22,4.8,4.85,5334,5.15,5334,0,176022
GAIL30JAN20122.5CE.NFO,07/01/2020,13:48:47,4.8,4.9,5334,5.3,16002,0,176022
GAIL30JAN20122.5CE.NFO,07/01/2020,13:48:53,4.8,4.9,10668,5.25,5334,0,176022
GAIL30JAN20122.5CE.NFO,07/01/2020,13:49:15,4.8,4.9,16002,5.25,5334,0,176022
GAIL30JAN20122.5CE.NFO,07/01/2020,13:49:20,4.8,4.9,16002,5.25,10668,0,176022
GAIL30JAN20122.5CE.NFO,07/01/2020,13:49:38,4.8,4.9,21336,5.25,10668,0,176022
GAIL30JAN20122.5CE.NFO,07/01/2020,13:49:43,4.8,4.9,21336,5.2,10668,0,176022
GAIL30JAN20122.5CE.NFO,07/01/2020,13:49:47,4.8,4.9,16002,5.2,10668,0,176022
GAIL30JAN20122.5CE.NFO,07/01/2020,13:49:50,4.8,4.9,5334,5.2,10668,0,176022
GAIL30JAN20122.5CE.NFO,07/01/2020,13:49:55,4.8,4.9,16002,5.2,10668,0,176022
GAIL30JAN20122.5CE.NFO,07/01/2020,13:50:07,4.8,4.9,5334,5.2,10668,0,176022
GAIL30JAN20122.5CE.NFO,07/01/2020,13:50:12,4.8,4.9,21336,5.2,10668,0,176022
GAIL30JAN20122.5CE.NFO,07/01/2020,13:50:39,4.8,4.9,21336,5.2,5334,0,176022
GAIL30JAN20122.5CE.NFO,07/01/2020,13:50:46,4.8,4.95,10668,5.2,5334,0,176022
GAIL30JAN20122.5CE.NFO,07/01/2020,13:50:59,4.8,4.9,16002,5.2,5334,0,176022
GAIL30JAN20122.5CE.NFO,07/01/2020,13:51:06,4.8,4.95,10668,5.2,5334,0,176022
GAIL30JAN20122.5CE.NFO,07/01/2020,13:51:18,4.8,4.9,16002,5.2,5334,0,176022
GAIL30JAN20122.5CE.NFO,07/01/2020,13:51:24,4.8,4.9,10668,5.2,5334,0,176022
GAIL30JAN20122.5CE.NFO,07/01/2020,13:51:34,4.8,4.9,5334,5.2,5334,0,176022
GAIL30JAN20122.5CE.NFO,07/01/2020,13:51:38,4.8,4.9,5334,5.15,5334,0,176022
GAIL30JAN20122.5CE.NFO,07/01/2020,13:51:44,4.8,4.9,5334,5.1,5334,0,176022
GAIL30JAN20122.5CE.NFO,07/01/2020,13:51:49,4.8,4.9,5334,5.15,5334,0,176022
GAIL30JAN20122.5CE.NFO,07/01/2020,13:51:54,4.8,4.9,5334,5.1,5334,0,176022
GAIL30JAN20122.5CE.NFO,07/01/2020,13:51:59,4.8,4.9,5334,5.15,5334,0,176022
GAIL30JAN20122.5CE.NFO,07/01/2020,13:52:23,4.8,4.9,5334,5.1,5334,0,176022
GAIL30JAN20122.5CE.NFO,07/01/2020,13:52:27,4.8,4.9,5334,5.15,5334,0,176022
GAIL30JAN20122.5CE.NFO,07/01/2020,13:52:31,4.8,4.9,5334,5.1,5334,0,176022
GAIL30JAN20122.5CE.NFO,07/01/2020,13:52:35,4.8,4.9,5334,5.15,5334,0,176022
GAIL30JAN20122.5CE.NFO,07/01/2020,13:52:40,4.8,4.9,10668,5.15,5334,0,176022
GAIL30JAN20122.5CE.NFO,07/01/2020,13:52:44,4.8,4.95,5334,5.2,5334,0,176022
GAIL30JAN20122.5CE.NFO,07/01/2020,13:52:49,4.8,4.95,16002,5.15,5334,0,176022
GAIL30JAN20122.5CE.NFO,07/01/2020,13:52:56,4.8,4.95,16002,5.2,10668,0,176022
GAIL30JAN20122.5CE.NFO,07/01/2020,13:53:10,4.8,4.95,21336,5.2,10668,0,176022
GAIL30JAN20122.5CE.NFO,07/01/2020,13:53:44,4.8,4.9,16002,5.1,5334,0,176022
GAIL30JAN20122.5CE.NFO,07/01/2020,13:53:52,4.8,4.9,10668,5.05,10668,0,176022
GAIL30JAN20122.5CE.NFO,07/01/2020,13:54:14,4.8,4.9,10668,5,5334,0,176022
GAIL30JAN20122.5CE.NFO,07/01/2020,13:54:17,4.8,4.9,5334,5,5334,0,176022
GAIL30JAN20122.5CE.NFO,07/01/2020,13:54:21,4.8,4.9,5334,5.05,10668,0,176022
GAIL30JAN20122.5CE.NFO,07/01/2020,13:54:25,4.8,4.85,5334,5.05,10668,0,176022
GAIL30JAN20122.5CE.NFO,07/01/2020,13:54:46,4.8,4.85,10668,5,5334,0,176022
GAIL30JAN20122.5CE.NFO,07/01/2020,13:55:06,4.8,4.85,16002,5.05,10668,0,176022
GAIL30JAN20122.5CE.NFO,07/01/2020,13:55:12,4.8,4.85,21336,5.05,10668,0,176022
GAIL30JAN20122.5CE.NFO,07/01/2020,13:56:03,4.8,4.85,10668,5,10668,0,176022
GAIL30JAN20122.5CE.NFO,07/01/2020,13:57:11,4.8,4.8,5334,4.95,5334,0,176022
GAIL30JAN20122.5CE.NFO,07/01/2020,13:57:20,4.8,4.8,5334,5,10668,0,176022
GAIL30JAN20122.5CE.NFO,07/01/2020,13:57:24,4.8,4.75,5334,5,10668,0,176022
GAIL30JAN20122.5CE.NFO,07/01/2020,13:57:48,4.8,4.75,16002,5,10668,0,176022
GAIL30JAN20122.5CE.NFO,07/01/2020,13:57:53,4.8,4.8,10668,5,10668,0,176022
GAIL30JAN20122.5CE.NFO,07/01/2020,13:57:57,4.8,4.8,16002,4.95,5334,0,176022
GAIL30JAN20122.5CE.NFO,07/01/2020,13:58:02,4.8,4.8,10668,5.15,26670,0,176022
GAIL30JAN20122.5CE.NFO,07/01/2020,13:58:06,4.8,4.8,16002,5.05,10668,0,176022
GAIL30JAN20122.5CE.NFO,07/01/2020,13:58:28,4.8,4.8,5334,5.05,5334,0,176022
GAIL30JAN20122.5CE.NFO,07/01/2020,13:58:53,4.8,4.8,5334,5.05,10668,0,176022
GAIL30JAN20122.5CE.NFO,07/01/2020,13:59:07,4.8,4.8,5334,5.15,5334,0,176022
GAIL30JAN20122.5CE.NFO,07/01/2020,13:59:13,4.8,4.8,10668,5,5334,0,176022
GAIL30JAN20122.5CE.NFO,07/01/2020,13:59:17,4.8,4.85,5334,5.1,5334,0,176022
GAIL30JAN20122.5CE.NFO,07/01/2020,13:59:20,4.8,4.85,5334,5.05,5334,0,176022
GAIL30JAN20122.5CE.NFO,07/01/2020,13:59:30,4.8,4.85,5334,5.1,5334,0,176022
GAIL30JAN20122.5CE.NFO,07/01/2020,13:59:33,4.8,4.85,5334,5.05,5334,0,176022
GAIL30JAN20122.5CE.NFO,07/01/2020,13:59:35,4.8,4.85,5334,5.1,5334,0,176022
GAIL30JAN20122.5CE.NFO,07/01/2020,13:59:37,4.8,4.85,5334,5.05,5334,0,176022
GAIL30JAN20122.5CE.NFO,07/01/2020,13:59:38,4.8,4.85,5334,5.15,5334,0,176022
GAIL30JAN20122.5CE.NFO,07/01/2020,13:59:40,4.8,4.85,5334,5.1,5334,0,176022
GAIL30JAN20122.5CE.NFO,07/01/2020,13:59:46,4.8,4.85,5334,5.15,5334,0,176022
GAIL30JAN20122.5CE.NFO,07/01/2020,13:59:48,4.8,4.85,5334,5,5334,0,176022
GAIL30JAN20122.5CE.NFO,07/01/2020,13:59:50,4.8,4.85,5334,5.05,5334,0,176022
GAIL30JAN20122.5CE.NFO,07/01/2020,13:59:57,4.8,4.85,5334,5.1,5334,0,176022
GAIL30JAN20122.5CE.NFO,07/01/2020,13:59:58,4.8,4.85,5334,5.05,5334,0,176022
GAIL30JAN20122.5CE.NFO,07/01/2020,14:00:03,4.8,4.85,5334,5.1,5334,0,176022
GAIL30JAN20122.5CE.NFO,07/01/2020,14:00:06,4.8,4.85,5334,5.05,5334,0,176022
GAIL30JAN20122.5CE.NFO,07/01/2020,14:00:12,4.8,4.85,5334,5.1,5334,0,176022
GAIL30JAN20122.5CE.NFO,07/01/2020,14:00:15,4.8,4.85,10668,5.15,5334,0,176022
GAIL30JAN20122.5CE.NFO,07/01/2020,14:00:19,4.8,4.85,10668,5.1,5334,0,176022
GAIL30JAN20122.5CE.NFO,07/01/2020,14:00:23,4.8,4.85,5334,5,5334,0,176022
