Ticker,Date,Time,LTP,BuyPrice,BuyQty,SellPrice,SellQty,LTQ,OpenInterest
GAIL30JAN20127.5PE.NFO,07/01/2020,10:29:16,5.2,5.1,21336,5.25,5334,5334,69342
GAIL30JAN20127.5PE.NFO,07/01/2020,10:29:16,5.2,5.1,21336,5.25,5334,0,69342
GAIL30JAN20127.5PE.NFO,07/01/2020,10:29:16,5.2,5.1,21336,5.25,5334,0,69342
GAIL30JAN20127.5PE.NFO,07/01/2020,10:29:16,5.2,5.1,21336,5.25,5334,0,69342
GAIL30JAN20127.5PE.NFO,07/01/2020,10:29:19,5.2,5.15,16002,5.3,5334,0,69342
GAIL30JAN20127.5PE.NFO,07/01/2020,10:29:33,5.2,5.15,5334,5.25,5334,0,69342
GAIL30JAN20127.5PE.NFO,07/01/2020,10:29:47,5.2,5.1,16002,5.25,10668,0,69342
GAIL30JAN20127.5PE.NFO,07/01/2020,10:29:50,5.2,5.1,16002,5.25,16002,0,69342
GAIL30JAN20127.5PE.NFO,07/01/2020,10:29:55,5.2,5.1,10668,5.25,16002,0,69342
GAIL30JAN20127.5PE.NFO,07/01/2020,10:30:02,5.2,5.1,16002,5.25,16002,0,69342
GAIL30JAN20127.5PE.NFO,07/01/2020,10:30:05,5.2,5.1,10668,5.25,16002,0,69342
GAIL30JAN20127.5PE.NFO,07/01/2020,10:30:12,5.2,5.05,10668,5.2,10668,0,69342
GAIL30JAN20127.5PE.NFO,07/01/2020,10:30:15,5.2,5.1,16002,5.25,5334,0,69342
GAIL30JAN20127.5PE.NFO,07/01/2020,10:30:19,5.2,5.05,16002,5.2,16002,0,69342
GAIL30JAN20127.5PE.NFO,07/01/2020,10:30:28,5.2,5.1,16002,5.25,5334,0,69342
GAIL30JAN20127.5PE.NFO,07/01/2020,10:30:31,5.2,5.1,10668,5.25,5334,0,69342
GAIL30JAN20127.5PE.NFO,07/01/2020,10:30:42,5.2,5.1,16002,5.25,5334,0,69342
GAIL30JAN20127.5PE.NFO,07/01/2020,10:30:46,5.2,5.1,10668,5.25,16002,0,69342
GAIL30JAN20127.5PE.NFO,07/01/2020,10:30:52,5.2,5.1,16002,5.25,16002,0,69342
GAIL30JAN20127.5PE.NFO,07/01/2020,10:31:03,5.2,5.1,10668,5.25,16002,0,69342
GAIL30JAN20127.5PE.NFO,07/01/2020,10:31:28,5.2,5.2,16002,5.3,5334,0,69342
GAIL30JAN20127.5PE.NFO,07/01/2020,10:31:48,5.2,5.25,16002,5.4,10668,0,69342
GAIL30JAN20127.5PE.NFO,07/01/2020,10:31:59,5.2,5.3,16002,5.4,5334,0,69342
GAIL30JAN20127.5PE.NFO,07/01/2020,10:32:08,5.2,5.25,16002,5.4,10668,0,69342
GAIL30JAN20127.5PE.NFO,07/01/2020,10:32:16,5.2,5.2,16002,5.35,10668,0,69342
GAIL30JAN20127.5PE.NFO,07/01/2020,10:32:35,5.2,5.2,5334,5.35,10668,0,69342
GAIL30JAN20127.5PE.NFO,07/01/2020,10:32:49,5.2,5.15,16002,5.3,5334,0,69342
GAIL30JAN20127.5PE.NFO,07/01/2020,10:33:00,5.2,5.15,10668,5.3,5334,0,69342
GAIL30JAN20127.5PE.NFO,07/01/2020,10:33:30,5.2,5.15,10668,5.3,10668,0,69342
GAIL30JAN20127.5PE.NFO,07/01/2020,10:33:40,5.2,5.15,16002,5.3,10668,0,69342
GAIL30JAN20127.5PE.NFO,07/01/2020,10:33:49,5.2,5.15,10668,5.3,10668,0,69342
GAIL30JAN20127.5PE.NFO,07/01/2020,10:33:58,5.2,5.15,16002,5.3,10668,0,69342
GAIL30JAN20127.5PE.NFO,07/01/2020,10:34:04,5.2,5.15,10668,5.3,10668,0,69342
GAIL30JAN20127.5PE.NFO,07/01/2020,10:34:07,5.2,5.15,16002,5.3,10668,0,69342
GAIL30JAN20127.5PE.NFO,07/01/2020,10:34:15,5.2,5.2,16002,5.3,5334,0,69342
GAIL30JAN20127.5PE.NFO,07/01/2020,10:34:43,5.2,5.2,16002,5.35,5334,0,69342
GAIL30JAN20127.5PE.NFO,07/01/2020,10:34:53,5.2,5.25,5334,5.35,5334,0,69342
GAIL30JAN20127.5PE.NFO,07/01/2020,10:34:57,5.2,5.2,16002,5.35,5334,0,69342
GAIL30JAN20127.5PE.NFO,07/01/2020,10:35:44,5.2,5.15,10668,5.25,5334,0,69342
GAIL30JAN20127.5PE.NFO,07/01/2020,10:36:12,5.2,5.1,16002,5.25,5334,0,69342
GAIL30JAN20127.5PE.NFO,07/01/2020,10:37:13,5.2,5.15,10668,5.3,5334,0,69342
GAIL30JAN20127.5PE.NFO,07/01/2020,10:37:17,5.2,5.15,21336,5.3,5334,0,69342
GAIL30JAN20127.5PE.NFO,07/01/2020,10:37:25,5.2,5.15,5334,5.25,5334,0,69342
GAIL30JAN20127.5PE.NFO,07/01/2020,10:37:28,5.2,5.1,16002,5.25,5334,0,69342
GAIL30JAN20127.5PE.NFO,07/01/2020,10:37:31,5.2,5.1,5334,5.2,5334,0,69342
GAIL30JAN20127.5PE.NFO,07/01/2020,10:37:36,5.2,5.1,10668,5.2,5334,0,69342
GAIL30JAN20127.5PE.NFO,07/01/2020,10:37:39,5.2,5.1,5334,5.2,5334,0,69342
GAIL30JAN20127.5PE.NFO,07/01/2020,10:38:26,5.2,5.1,5334,5.25,5334,0,69342
GAIL30JAN20127.5PE.NFO,07/01/2020,10:38:32,5.2,5.1,5334,5.2,5334,0,69342
GAIL30JAN20127.5PE.NFO,07/01/2020,10:38:55,5.2,5.05,16002,5.2,5334,0,69342
GAIL30JAN20127.5PE.NFO,07/01/2020,10:38:59,5.2,5.1,5334,5.2,5334,0,69342
GAIL30JAN20127.5PE.NFO,07/01/2020,10:39:15,5.2,5.05,16002,5.2,5334,0,69342
GAIL30JAN20127.5PE.NFO,07/01/2020,10:39:20,5.2,5.05,5334,5.15,5334,0,69342
GAIL30JAN20127.5PE.NFO,07/01/2020,10:39:37,5.2,5.05,16002,5.2,5334,0,69342
GAIL30JAN20127.5PE.NFO,07/01/2020,10:39:49,5.2,5,16002,5.15,16002,0,69342
GAIL30JAN20127.5PE.NFO,07/01/2020,10:41:12,5.2,5,16002,5.1,5334,0,69342
GAIL30JAN20127.5PE.NFO,07/01/2020,10:41:20,5.2,5,5334,5.1,5334,0,69342
GAIL30JAN20127.5PE.NFO,07/01/2020,10:42:00,5.2,4.95,16002,5.1,5334,0,69342
GAIL30JAN20127.5PE.NFO,07/01/2020,10:42:10,5.2,5,5334,5.1,5334,0,69342
GAIL30JAN20127.5PE.NFO,07/01/2020,10:42:13,5.2,5,10668,5.15,5334,0,69342
GAIL30JAN20127.5PE.NFO,07/01/2020,10:42:29,5.2,5,16002,5.15,5334,0,69342
GAIL30JAN20127.5PE.NFO,07/01/2020,10:42:33,5.2,5,10668,5.15,5334,0,69342
GAIL30JAN20127.5PE.NFO,07/01/2020,10:42:37,5.2,5,10668,5.1,5334,0,69342
GAIL30JAN20127.5PE.NFO,07/01/2020,10:42:41,5.2,5,10668,5.15,5334,0,69342
GAIL30JAN20127.5PE.NFO,07/01/2020,10:42:47,5.2,5,5334,5.1,5334,0,69342
GAIL30JAN20127.5PE.NFO,07/01/2020,10:42:56,5.2,5,10668,5.15,5334,0,69342
GAIL30JAN20127.5PE.NFO,07/01/2020,10:43:20,5.2,5,5334,5.15,5334,0,69342
GAIL30JAN20127.5PE.NFO,07/01/2020,10:43:22,5.2,5,16002,5.15,5334,0,69342
GAIL30JAN20127.5PE.NFO,07/01/2020,10:43:24,5.2,5,5334,5.15,10668,0,69342
GAIL30JAN20127.5PE.NFO,07/01/2020,10:43:28,5.2,5,5334,5.1,5334,0,69342
GAIL30JAN20127.5PE.NFO,07/01/2020,10:43:31,5.2,5,5334,5.15,5334,0,69342
GAIL30JAN20127.5PE.NFO,07/01/2020,10:43:34,5.2,5,16002,5.15,5334,0,69342
GAIL30JAN20127.5PE.NFO,07/01/2020,10:43:39,5.2,5.05,5334,5.15,5334,0,69342
GAIL30JAN20127.5PE.NFO,07/01/2020,10:43:43,5.2,5,16002,5.15,5334,0,69342
GAIL30JAN20127.5PE.NFO,07/01/2020,10:43:46,5.2,5.05,5334,5.15,5334,0,69342
GAIL30JAN20127.5PE.NFO,07/01/2020,10:43:49,5.2,5,16002,5.15,5334,0,69342
GAIL30JAN20127.5PE.NFO,07/01/2020,10:43:57,5.2,5,5334,5.1,5334,0,69342
GAIL30JAN20127.5PE.NFO,07/01/2020,10:44:04,5.2,5,16002,5.15,5334,0,69342
GAIL30JAN20127.5PE.NFO,07/01/2020,10:44:11,5.2,5,10668,5.15,5334,0,69342
GAIL30JAN20127.5PE.NFO,07/01/2020,10:44:24,5.2,5,16002,5.15,5334,0,69342
GAIL30JAN20127.5PE.NFO,07/01/2020,10:44:26,5.2,5,5334,5.15,5334,0,69342
GAIL30JAN20127.5PE.NFO,07/01/2020,10:44:31,5.2,5,16002,5.15,5334,0,69342
GAIL30JAN20127.5PE.NFO,07/01/2020,10:44:35,5.2,5,5334,5.15,5334,0,69342
GAIL30JAN20127.5PE.NFO,07/01/2020,10:44:57,5.2,5.05,5334,5.15,5334,0,69342
GAIL30JAN20127.5PE.NFO,07/01/2020,10:45:00,5.2,5,16002,5.15,5334,0,69342
GAIL30JAN20127.5PE.NFO,07/01/2020,10:45:09,5.2,5,5334,5.15,5334,0,69342
GAIL30JAN20127.5PE.NFO,07/01/2020,10:45:17,5.2,5,16002,5.15,5334,0,69342
GAIL30JAN20127.5PE.NFO,07/01/2020,10:45:24,5.2,5.05,5334,5.15,5334,0,69342
GAIL30JAN20127.5PE.NFO,07/01/2020,10:45:31,5.2,5,16002,5.15,5334,0,69342
GAIL30JAN20127.5PE.NFO,07/01/2020,10:45:36,5.2,5.05,5334,5.15,5334,0,69342
GAIL30JAN20127.5PE.NFO,07/01/2020,10:45:49,5.2,5,5334,5.15,5334,0,69342
GAIL30JAN20127.5PE.NFO,07/01/2020,10:46:07,5.2,5,16002,5.15,5334,0,69342
GAIL30JAN20127.5PE.NFO,07/01/2020,10:46:43,5.2,5,5334,5.15,5334,0,69342
GAIL30JAN20127.5PE.NFO,07/01/2020,10:46:52,5.2,5,5334,5.1,5334,0,69342
GAIL30JAN20127.5PE.NFO,07/01/2020,10:47:02,5.2,5.05,5334,5.15,5334,0,69342
GAIL30JAN20127.5PE.NFO,07/01/2020,10:47:16,5.2,5,5334,5.1,5334,0,69342
GAIL30JAN20127.5PE.NFO,07/01/2020,10:47:21,5.2,5,16002,5.15,5334,0,69342
GAIL30JAN20127.5PE.NFO,07/01/2020,10:47:28,5.2,5,5334,5.1,5334,0,69342
GAIL30JAN20127.5PE.NFO,07/01/2020,10:47:51,5.2,5,16002,5.15,5334,0,69342
GAIL30JAN20127.5PE.NFO,07/01/2020,10:47:59,5.2,5.05,5334,5.15,5334,0,69342
GAIL30JAN20127.5PE.NFO,07/01/2020,10:48:11,5.2,5,16002,5.15,5334,0,69342
GAIL30JAN20127.5PE.NFO,07/01/2020,10:48:27,5.2,5,5334,5.1,5334,0,69342
GAIL30JAN20127.5PE.NFO,07/01/2020,10:48:31,5.2,5.05,5334,5.15,5334,0,69342
GAIL30JAN20127.5PE.NFO,07/01/2020,10:48:48,5.2,5,16002,5.15,5334,0,69342
GAIL30JAN20127.5PE.NFO,07/01/2020,10:49:02,5.2,5,5334,5.1,5334,0,69342
GAIL30JAN20127.5PE.NFO,07/01/2020,10:49:53,5.2,5,5334,5.1,10668,0,69342
GAIL30JAN20127.5PE.NFO,07/01/2020,10:49:58,5.2,5,5334,5.1,5334,0,69342
GAIL30JAN20127.5PE.NFO,07/01/2020,10:50:16,5.2,5,5334,5.1,10668,0,69342
GAIL30JAN20127.5PE.NFO,07/01/2020,10:50:21,5.2,5,5334,5.1,5334,0,69342
GAIL30JAN20127.5PE.NFO,07/01/2020,10:50:53,5.2,5,5334,5.1,10668,0,69342
GAIL30JAN20127.5PE.NFO,07/01/2020,10:51:21,5.2,5,5334,5.1,5334,0,69342
GAIL30JAN20127.5PE.NFO,07/01/2020,10:53:04,5.2,5,5334,5.05,5334,0,69342
GAIL30JAN20127.5PE.NFO,07/01/2020,10:53:10,5.2,5,5334,5.1,5334,0,69342
GAIL30JAN20127.5PE.NFO,07/01/2020,10:53:21,5.2,5.05,5334,5.15,5334,0,69342
GAIL30JAN20127.5PE.NFO,07/01/2020,10:53:36,5.2,5,5334,5.1,5334,0,69342
GAIL30JAN20127.5PE.NFO,07/01/2020,10:53:52,5.2,5.05,5334,5.15,5334,0,69342
GAIL30JAN20127.5PE.NFO,07/01/2020,10:54:56,5.2,5.05,5334,5.2,5334,0,69342
GAIL30JAN20127.5PE.NFO,07/01/2020,10:55:00,5.2,5.05,5334,5.15,5334,0,69342
GAIL30JAN20127.5PE.NFO,07/01/2020,10:55:05,5.2,5,10668,5.15,5334,0,69342
GAIL30JAN20127.5PE.NFO,07/01/2020,10:55:19,5.2,5,5334,5.1,5334,0,69342
GAIL30JAN20127.5PE.NFO,07/01/2020,10:55:34,5.2,5,5334,5.15,5334,0,69342
GAIL30JAN20127.5PE.NFO,07/01/2020,10:55:39,5.2,5,10668,5.15,5334,0,69342
GAIL30JAN20127.5PE.NFO,07/01/2020,10:55:58,5.2,5,5334,5.15,5334,0,69342
GAIL30JAN20127.5PE.NFO,07/01/2020,10:56:12,5.2,5,10668,5.1,5334,0,69342
GAIL30JAN20127.5PE.NFO,07/01/2020,10:56:17,5.2,5,5334,5.1,5334,0,69342
GAIL30JAN20127.5PE.NFO,07/01/2020,10:56:22,5.2,5,5334,5.15,5334,0,69342
GAIL30JAN20127.5PE.NFO,07/01/2020,10:56:26,5.2,5.05,16002,5.2,5334,0,69342
GAIL30JAN20127.5PE.NFO,07/01/2020,10:56:52,5.2,5.05,10668,5.15,5334,0,69342
GAIL30JAN20127.5PE.NFO,07/01/2020,10:56:57,5.2,5,16002,5.15,5334,0,69342
GAIL30JAN20127.5PE.NFO,07/01/2020,10:57:05,5.2,5.05,5334,5.15,5334,0,69342
GAIL30JAN20127.5PE.NFO,07/01/2020,10:57:09,5.2,5.05,5334,5.2,10668,0,69342
GAIL30JAN20127.5PE.NFO,07/01/2020,10:57:16,5.2,5.05,5334,5.15,5334,0,69342
GAIL30JAN20127.5PE.NFO,07/01/2020,10:57:29,5.2,5,16002,5.15,5334,0,69342
GAIL30JAN20127.5PE.NFO,07/01/2020,10:58:03,5.2,5.05,5334,5.15,5334,0,69342
GAIL30JAN20127.5PE.NFO,07/01/2020,10:58:13,5.2,5,16002,5.15,5334,0,69342
GAIL30JAN20127.5PE.NFO,07/01/2020,10:58:18,5.2,5.05,5334,5.15,5334,0,69342
GAIL30JAN20127.5PE.NFO,07/01/2020,10:58:38,5.2,5.05,5334,5.2,10668,0,69342
GAIL30JAN20127.5PE.NFO,07/01/2020,10:58:43,5.2,5.05,5334,5.15,10668,0,69342
GAIL30JAN20127.5PE.NFO,07/01/2020,10:58:49,5.2,5.05,5334,5.15,16002,0,69342
GAIL30JAN20127.5PE.NFO,07/01/2020,10:59:04,5.2,5.05,5334,5.2,10668,0,69342
GAIL30JAN20127.5PE.NFO,07/01/2020,10:59:10,5.2,5.05,5334,5.15,10668,0,69342
GAIL30JAN20127.5PE.NFO,07/01/2020,10:59:21,5.2,5.05,5334,5.15,5334,0,69342
GAIL30JAN20127.5PE.NFO,07/01/2020,10:59:27,5.2,5.05,5334,5.2,10668,0,69342
GAIL30JAN20127.5PE.NFO,07/01/2020,10:59:32,5.2,5.05,5334,5.15,5334,0,69342
GAIL30JAN20127.5PE.NFO,07/01/2020,10:59:43,5.2,5.05,5334,5.2,10668,0,69342
GAIL30JAN20127.5PE.NFO,07/01/2020,10:59:48,5.2,5.05,5334,5.15,5334,0,69342
GAIL30JAN20127.5PE.NFO,07/01/2020,10:59:53,5.2,5.05,5334,5.2,10668,0,69342
GAIL30JAN20127.5PE.NFO,07/01/2020,10:59:58,5.2,5.05,5334,5.15,5334,0,69342
GAIL30JAN20127.5PE.NFO,07/01/2020,11:00:04,5.2,5.05,5334,5.15,10668,0,69342
GAIL30JAN20127.5PE.NFO,07/01/2020,11:00:16,5.2,5.05,5334,5.2,10668,0,69342
GAIL30JAN20127.5PE.NFO,07/01/2020,11:00:48,5.2,5.05,16002,5.2,10668,0,69342
GAIL30JAN20127.5PE.NFO,07/01/2020,11:00:54,5.2,5.1,5334,5.2,5334,0,69342
GAIL30JAN20127.5PE.NFO,07/01/2020,11:01:02,5.2,5.15,21336,5.3,16002,0,69342
GAIL30JAN20127.5PE.NFO,07/01/2020,11:01:10,5.2,5.15,16002,5.3,16002,0,69342
GAIL30JAN20127.5PE.NFO,07/01/2020,11:01:17,5.2,5.1,10668,5.25,10668,0,69342
GAIL30JAN20127.5PE.NFO,07/01/2020,11:01:24,5.2,5.15,16002,5.3,16002,0,69342
GAIL30JAN20127.5PE.NFO,07/01/2020,11:01:44,5.2,5.2,5334,5.3,5334,0,69342
GAIL30JAN20127.5PE.NFO,07/01/2020,11:01:51,5.2,5.15,10668,5.3,10668,0,69342
GAIL30JAN20127.5PE.NFO,07/01/2020,11:02:18,5.2,5.2,5334,5.3,5334,0,69342
GAIL30JAN20127.5PE.NFO,07/01/2020,11:02:31,5.2,5.25,10668,5.3,5334,0,69342
GAIL30JAN20127.5PE.NFO,07/01/2020,11:02:43,5.2,5.25,5334,5.3,5334,0,69342
GAIL30JAN20127.5PE.NFO,07/01/2020,11:02:48,5.2,5.25,10668,5.3,5334,0,69342
GAIL30JAN20127.5PE.NFO,07/01/2020,11:03:00,5.2,5.2,16002,5.3,5334,0,69342
GAIL30JAN20127.5PE.NFO,07/01/2020,11:03:06,5.2,5.25,5334,5.3,5334,0,69342
GAIL30JAN20127.5PE.NFO,07/01/2020,11:03:12,5.2,5.25,10668,5.3,5334,0,69342
GAIL30JAN20127.5PE.NFO,07/01/2020,11:03:23,5.2,5.25,5334,5.3,5334,0,69342
GAIL30JAN20127.5PE.NFO,07/01/2020,11:03:45,5.2,5.25,16002,5.3,5334,0,69342
GAIL30JAN20127.5PE.NFO,07/01/2020,11:03:52,5.3,5.35,10668,5.45,10668,5334,69342
GAIL30JAN20127.5PE.NFO,07/01/2020,11:03:52,5.3,5.35,10668,5.45,10668,0,69342
GAIL30JAN20127.5PE.NFO,07/01/2020,11:03:58,5.3,5.3,5334,5.4,10668,0,69342
GAIL30JAN20127.5PE.NFO,07/01/2020,11:04:03,5.3,5.3,16002,5.4,10668,0,69342
GAIL30JAN20127.5PE.NFO,07/01/2020,11:04:09,5.3,5.35,16002,5.45,5334,0,69342
GAIL30JAN20127.5PE.NFO,07/01/2020,11:04:15,5.3,5.4,16002,5.55,10668,0,69342
GAIL30JAN20127.5PE.NFO,07/01/2020,11:04:27,5.3,5.5,16002,5.65,10668,0,69342
GAIL30JAN20127.5PE.NFO,07/01/2020,11:04:33,5.3,5.5,10668,5.65,10668,0,69342
GAIL30JAN20127.5PE.NFO,07/01/2020,11:04:45,5.3,5.55,5334,5.65,10668,0,69342
GAIL30JAN20127.5PE.NFO,07/01/2020,11:04:56,5.3,5.5,10668,5.65,10668,0,69342
GAIL30JAN20127.5PE.NFO,07/01/2020,11:05:34,5.3,5.45,10668,5.6,10668,0,69342
GAIL30JAN20127.5PE.NFO,07/01/2020,11:05:40,5.3,5.45,10668,5.6,5334,0,69342
GAIL30JAN20127.5PE.NFO,07/01/2020,11:05:57,5.3,5.45,5334,5.6,5334,0,69342
GAIL30JAN20127.5PE.NFO,07/01/2020,11:06:08,5.3,5.4,5334,5.55,5334,0,69342
GAIL30JAN20127.5PE.NFO,07/01/2020,11:06:22,5.3,5.45,10668,5.6,5334,0,69342
GAIL30JAN20127.5PE.NFO,07/01/2020,11:06:47,5.3,5.5,10668,5.7,5334,0,69342
GAIL30JAN20127.5PE.NFO,07/01/2020,11:06:53,5.3,5.55,5334,5.7,5334,0,69342
GAIL30JAN20127.5PE.NFO,07/01/2020,11:06:59,5.3,5.5,10668,5.7,5334,0,69342
GAIL30JAN20127.5PE.NFO,07/01/2020,11:07:14,5.3,5.55,5334,5.7,5334,0,69342
GAIL30JAN20127.5PE.NFO,07/01/2020,11:07:24,5.3,5.5,10668,5.7,5334,0,69342
GAIL30JAN20127.5PE.NFO,07/01/2020,11:07:38,5.3,5.5,5334,5.65,5334,0,69342
GAIL30JAN20127.5PE.NFO,07/01/2020,11:07:44,5.3,5.45,10668,5.65,5334,0,69342
GAIL30JAN20127.5PE.NFO,07/01/2020,11:08:05,5.3,5.4,10668,5.6,5334,0,69342
GAIL30JAN20127.5PE.NFO,07/01/2020,11:08:21,5.3,5.4,5334,5.6,5334,0,69342
GAIL30JAN20127.5PE.NFO,07/01/2020,11:08:25,5.3,5.35,10668,5.6,5334,0,69342
GAIL30JAN20127.5PE.NFO,07/01/2020,11:08:30,5.3,5.35,10668,5.55,5334,0,69342
GAIL30JAN20127.5PE.NFO,07/01/2020,11:08:36,5.3,5.4,10668,5.65,5334,0,69342
GAIL30JAN20127.5PE.NFO,07/01/2020,11:08:54,5.3,5.4,10668,5.65,10668,0,69342
GAIL30JAN20127.5PE.NFO,07/01/2020,11:08:59,5.3,5.45,10668,5.85,16002,0,69342
GAIL30JAN20127.5PE.NFO,07/01/2020,11:09:04,5.3,5.45,10668,5.85,10668,0,69342
GAIL30JAN20127.5PE.NFO,07/01/2020,11:09:08,5.3,5.45,10668,5.7,5334,0,69342
GAIL30JAN20127.5PE.NFO,07/01/2020,11:09:13,5.3,5.45,10668,5.8,10668,0,69342
GAIL30JAN20127.5PE.NFO,07/01/2020,11:09:17,5.3,5.45,10668,5.65,5334,0,69342
GAIL30JAN20127.5PE.NFO,07/01/2020,11:09:22,5.3,5.4,10668,5.7,10668,0,69342
GAIL30JAN20127.5PE.NFO,07/01/2020,11:09:27,5.3,5.4,10668,5.65,5334,0,69342
GAIL30JAN20127.5PE.NFO,07/01/2020,11:09:31,5.3,5.4,10668,5.65,10668,0,69342
GAIL30JAN20127.5PE.NFO,07/01/2020,11:09:35,5.3,5.4,10668,5.8,10668,0,69342
GAIL30JAN20127.5PE.NFO,07/01/2020,11:09:43,5.3,5.4,10668,5.7,10668,0,69342
GAIL30JAN20127.5PE.NFO,07/01/2020,11:09:47,5.3,5.4,10668,5.65,5334,0,69342
GAIL30JAN20127.5PE.NFO,07/01/2020,11:09:51,5.3,5.4,10668,5.8,10668,0,69342
GAIL30JAN20127.5PE.NFO,07/01/2020,11:09:55,5.3,5.4,10668,5.7,10668,0,69342
GAIL30JAN20127.5PE.NFO,07/01/2020,11:09:58,5.3,5.4,10668,5.65,5334,0,69342
GAIL30JAN20127.5PE.NFO,07/01/2020,11:10:02,5.3,5.4,10668,5.8,10668,0,69342
GAIL30JAN20127.5PE.NFO,07/01/2020,11:10:06,5.3,5.4,10668,5.65,5334,0,69342
GAIL30JAN20127.5PE.NFO,07/01/2020,11:10:11,5.3,5.4,10668,5.7,10668,0,69342
GAIL30JAN20127.5PE.NFO,07/01/2020,11:10:16,5.3,5.4,10668,5.8,16002,0,69342
GAIL30JAN20127.5PE.NFO,07/01/2020,11:10:20,5.3,5.4,10668,5.7,10668,0,69342
GAIL30JAN20127.5PE.NFO,07/01/2020,11:10:24,5.3,5.4,10668,5.8,16002,0,69342
GAIL30JAN20127.5PE.NFO,07/01/2020,11:10:28,5.3,5.4,10668,5.7,10668,0,69342
GAIL30JAN20127.5PE.NFO,07/01/2020,11:10:32,5.3,5.4,10668,5.65,5334,0,69342
GAIL30JAN20127.5PE.NFO,07/01/2020,11:10:36,5.3,5.4,10668,5.8,16002,0,69342
GAIL30JAN20127.5PE.NFO,07/01/2020,11:10:40,5.3,5.4,5334,5.65,10668,0,69342
GAIL30JAN20127.5PE.NFO,07/01/2020,11:10:44,5.3,5.4,5334,5.6,5334,0,69342
GAIL30JAN20127.5PE.NFO,07/01/2020,11:10:48,5.3,5.3,16002,5.55,5334,0,69342
GAIL30JAN20127.5PE.NFO,07/01/2020,11:10:51,5.3,5.3,16002,5.6,10668,0,69342
GAIL30JAN20127.5PE.NFO,07/01/2020,11:10:55,5.3,5.3,16002,5.7,10668,0,69342
GAIL30JAN20127.5PE.NFO,07/01/2020,11:11:02,5.3,5.3,16002,5.6,10668,0,69342
GAIL30JAN20127.5PE.NFO,07/01/2020,11:11:08,5.3,5.4,5334,5.7,10668,0,69342
GAIL30JAN20127.5PE.NFO,07/01/2020,11:11:14,5.3,5.4,10668,5.6,5334,0,69342
GAIL30JAN20127.5PE.NFO,07/01/2020,11:11:28,5.3,5.4,16002,5.65,5334,0,69342
GAIL30JAN20127.5PE.NFO,07/01/2020,11:11:35,5.3,5.4,16002,5.8,16002,0,69342
GAIL30JAN20127.5PE.NFO,07/01/2020,11:11:47,5.3,5.4,10668,5.8,10668,0,69342
GAIL30JAN20127.5PE.NFO,07/01/2020,11:11:58,5.3,5.45,10668,5.7,10668,0,69342
GAIL30JAN20127.5PE.NFO,07/01/2020,11:12:06,5.3,5.5,10668,5.85,16002,0,69342
GAIL30JAN20127.5PE.NFO,07/01/2020,11:12:14,5.3,5.5,5334,5.75,5334,0,69342
GAIL30JAN20127.5PE.NFO,07/01/2020,11:12:20,5.3,5.45,10668,5.75,10668,0,69342
GAIL30JAN20127.5PE.NFO,07/01/2020,11:12:27,5.3,5.45,5334,5.85,10668,0,69342
GAIL30JAN20127.5PE.NFO,07/01/2020,11:12:34,5.3,5.45,10668,5.7,10668,0,69342
GAIL30JAN20127.5PE.NFO,07/01/2020,11:12:50,5.3,5.45,10668,5.8,10668,0,69342
GAIL30JAN20127.5PE.NFO,07/01/2020,11:12:54,5.3,5.45,10668,5.65,5334,0,69342
GAIL30JAN20127.5PE.NFO,07/01/2020,11:12:59,5.3,5.45,10668,5.75,10668,0,69342
GAIL30JAN20127.5PE.NFO,07/01/2020,11:13:04,5.3,5.45,10668,5.85,10668,0,69342
GAIL30JAN20127.5PE.NFO,07/01/2020,11:13:10,5.3,5.45,10668,5.75,10668,0,69342
GAIL30JAN20127.5PE.NFO,07/01/2020,11:13:33,5.3,5.5,10668,5.75,10668,0,69342
GAIL30JAN20127.5PE.NFO,07/01/2020,11:13:46,5.3,5.5,5334,5.75,10668,0,69342
GAIL30JAN20127.5PE.NFO,07/01/2020,11:13:52,5.3,5.5,10668,5.75,10668,0,69342
GAIL30JAN20127.5PE.NFO,07/01/2020,11:13:58,5.3,5.5,5334,5.7,5334,0,69342
GAIL30JAN20127.5PE.NFO,07/01/2020,11:14:03,5.3,5.5,5334,5.8,10668,0,69342
GAIL30JAN20127.5PE.NFO,07/01/2020,11:14:08,5.3,5.5,5334,5.75,5334,0,69342
GAIL30JAN20127.5PE.NFO,07/01/2020,11:14:20,5.3,5.5,5334,5.8,10668,0,69342
GAIL30JAN20127.5PE.NFO,07/01/2020,11:14:26,5.3,5.45,5334,5.65,5334,0,69342
GAIL30JAN20127.5PE.NFO,07/01/2020,11:14:31,5.3,5.45,5334,5.7,5334,0,69342
GAIL30JAN20127.5PE.NFO,07/01/2020,11:14:36,5.3,5.4,5334,5.6,5334,0,69342
GAIL30JAN20127.5PE.NFO,07/01/2020,11:14:41,5.3,5.4,16002,5.75,16002,0,69342
GAIL30JAN20127.5PE.NFO,07/01/2020,11:14:50,5.3,5.45,5334,5.7,5334,0,69342
GAIL30JAN20127.5PE.NFO,07/01/2020,11:14:55,5.3,5.45,10668,5.8,10668,0,69342
GAIL30JAN20127.5PE.NFO,07/01/2020,11:15:19,5.3,5.45,10668,5.75,10668,0,69342
GAIL30JAN20127.5PE.NFO,07/01/2020,11:15:43,5.3,5.45,10668,5.75,5334,0,69342
GAIL30JAN20127.5PE.NFO,07/01/2020,11:15:47,5.3,5.45,10668,5.8,10668,0,69342
GAIL30JAN20127.5PE.NFO,07/01/2020,11:15:52,5.3,5.45,10668,5.7,5334,0,69342
GAIL30JAN20127.5PE.NFO,07/01/2020,11:16:04,5.3,5.45,10668,5.7,10668,0,69342
GAIL30JAN20127.5PE.NFO,07/01/2020,11:16:10,5.3,5.45,10668,5.8,10668,0,69342
GAIL30JAN20127.5PE.NFO,07/01/2020,11:16:17,5.3,5.45,10668,5.65,5334,0,69342
GAIL30JAN20127.5PE.NFO,07/01/2020,11:16:23,5.3,5.45,10668,5.7,10668,0,69342
GAIL30JAN20127.5PE.NFO,07/01/2020,11:16:29,5.3,5.45,10668,5.8,10668,0,69342
GAIL30JAN20127.5PE.NFO,07/01/2020,11:16:39,5.3,5.45,10668,5.7,5334,0,69342
GAIL30JAN20127.5PE.NFO,07/01/2020,11:16:43,5.3,5.45,10668,5.8,10668,0,69342
GAIL30JAN20127.5PE.NFO,07/01/2020,11:16:48,5.3,5.45,16002,5.85,10668,0,69342
GAIL30JAN20127.5PE.NFO,07/01/2020,11:16:54,5.3,5.55,5334,5.85,10668,0,69342
GAIL30JAN20127.5PE.NFO,07/01/2020,11:17:00,5.3,5.55,5334,5.8,5334,0,69342
GAIL30JAN20127.5PE.NFO,07/01/2020,11:17:10,5.3,5.55,5334,5.75,5334,0,69342
GAIL30JAN20127.5PE.NFO,07/01/2020,11:17:20,5.3,5.55,5334,5.8,10668,0,69342
GAIL30JAN20127.5PE.NFO,07/01/2020,11:17:29,5.3,5.55,5334,5.75,5334,0,69342
GAIL30JAN20127.5PE.NFO,07/01/2020,11:17:34,5.3,5.55,5334,5.8,21336,0,69342
GAIL30JAN20127.5PE.NFO,07/01/2020,11:17:40,5.3,5.45,10668,5.8,21336,0,69342
GAIL30JAN20127.5PE.NFO,07/01/2020,11:17:46,5.3,5.5,5334,5.75,10668,0,69342
GAIL30JAN20127.5PE.NFO,07/01/2020,11:17:56,5.3,5.5,5334,5.7,5334,0,69342
GAIL30JAN20127.5PE.NFO,07/01/2020,11:18:00,5.3,5.5,5334,5.8,10668,0,69342
GAIL30JAN20127.5PE.NFO,07/01/2020,11:18:15,5.3,5.5,5334,5.75,5334,0,69342
GAIL30JAN20127.5PE.NFO,07/01/2020,11:18:29,5.3,5.5,5334,5.8,10668,0,69342
GAIL30JAN20127.5PE.NFO,07/01/2020,11:18:33,5.3,5.5,5334,5.75,5334,0,69342
GAIL30JAN20127.5PE.NFO,07/01/2020,11:18:46,5.3,5.5,5334,5.8,26670,0,69342
GAIL30JAN20127.5PE.NFO,07/01/2020,11:18:52,5.3,5.5,5334,5.75,5334,0,69342
GAIL30JAN20127.5PE.NFO,07/01/2020,11:19:08,5.3,5.5,10668,5.75,5334,0,69342
GAIL30JAN20127.5PE.NFO,07/01/2020,11:19:14,5.3,5.5,16002,5.75,5334,0,69342
GAIL30JAN20127.5PE.NFO,07/01/2020,11:19:21,5.3,5.6,5334,5.9,10668,0,69342
GAIL30JAN20127.5PE.NFO,07/01/2020,11:19:30,5.3,5.6,16002,5.9,10668,0,69342
GAIL30JAN20127.5PE.NFO,07/01/2020,11:19:44,5.3,5.6,5334,5.9,10668,0,69342
GAIL30JAN20127.5PE.NFO,07/01/2020,11:19:50,5.3,5.6,5334,5.85,5334,0,69342
GAIL30JAN20127.5PE.NFO,07/01/2020,11:19:55,5.3,5.6,5334,5.9,10668,0,69342
GAIL30JAN20127.5PE.NFO,07/01/2020,11:19:59,5.3,5.55,5334,5.75,5334,0,69342
GAIL30JAN20127.5PE.NFO,07/01/2020,11:20:03,5.3,5.55,16002,5.9,10668,0,69342
GAIL30JAN20127.5PE.NFO,07/01/2020,11:20:09,5.3,5.55,16002,5.85,5334,0,69342
GAIL30JAN20127.5PE.NFO,07/01/2020,11:20:29,5.3,5.55,5334,5.75,5334,0,69342
GAIL30JAN20127.5PE.NFO,07/01/2020,11:20:34,5.3,5.55,5334,5.8,5334,0,69342
GAIL30JAN20127.5PE.NFO,07/01/2020,11:20:38,5.3,5.55,5334,5.85,10668,0,69342
GAIL30JAN20127.5PE.NFO,07/01/2020,11:20:56,5.3,5.55,5334,5.8,5334,0,69342
GAIL30JAN20127.5PE.NFO,07/01/2020,11:21:01,5.3,5.55,5334,5.85,10668,0,69342
GAIL30JAN20127.5PE.NFO,07/01/2020,11:21:06,5.3,5.55,5334,5.8,5334,0,69342
GAIL30JAN20127.5PE.NFO,07/01/2020,11:21:11,5.3,5.55,5334,5.85,10668,0,69342
GAIL30JAN20127.5PE.NFO,07/01/2020,11:21:23,5.3,5.55,16002,5.9,10668,0,69342
GAIL30JAN20127.5PE.NFO,07/01/2020,11:21:56,5.3,5.55,16002,5.85,5334,0,69342
GAIL30JAN20127.5PE.NFO,07/01/2020,11:22:00,5.3,5.55,16002,5.9,10668,0,69342
GAIL30JAN20127.5PE.NFO,07/01/2020,11:22:16,5.3,5.55,16002,5.85,5334,0,69342
GAIL30JAN20127.5PE.NFO,07/01/2020,11:22:24,5.3,5.55,16002,5.9,10668,0,69342
GAIL30JAN20127.5PE.NFO,07/01/2020,11:22:29,5.3,5.55,16002,5.85,5334,0,69342
GAIL30JAN20127.5PE.NFO,07/01/2020,11:22:38,5.3,5.55,16002,5.9,10668,0,69342
GAIL30JAN20127.5PE.NFO,07/01/2020,11:22:49,5.3,5.55,16002,5.85,5334,0,69342
GAIL30JAN20127.5PE.NFO,07/01/2020,11:22:53,5.3,5.55,16002,5.9,10668,0,69342
GAIL30JAN20127.5PE.NFO,07/01/2020,11:22:58,5.3,5.55,16002,5.75,5334,0,69342
GAIL30JAN20127.5PE.NFO,07/01/2020,11:23:02,5.3,5.55,16002,5.9,10668,0,69342
GAIL30JAN20127.5PE.NFO,07/01/2020,11:23:12,5.3,5.55,16002,5.85,10668,0,69342
GAIL30JAN20127.5PE.NFO,07/01/2020,11:23:17,5.3,5.55,16002,5.9,10668,0,69342
GAIL30JAN20127.5PE.NFO,07/01/2020,11:23:21,5.3,5.55,16002,5.85,5334,0,69342
GAIL30JAN20127.5PE.NFO,07/01/2020,11:23:30,5.3,5.55,16002,5.85,10668,0,69342
GAIL30JAN20127.5PE.NFO,07/01/2020,11:23:34,5.3,5.55,5334,5.85,10668,0,69342
GAIL30JAN20127.5PE.NFO,07/01/2020,11:23:43,5.3,5.55,5334,5.8,5334,0,69342
GAIL30JAN20127.5PE.NFO,07/01/2020,11:23:57,5.3,5.5,5334,5.85,21336,0,69342
GAIL30JAN20127.5PE.NFO,07/01/2020,11:24:02,5.3,5.5,5334,5.75,10668,0,69342
GAIL30JAN20127.5PE.NFO,07/01/2020,11:24:08,5.3,5.5,10668,5.85,10668,0,69342
GAIL30JAN20127.5PE.NFO,07/01/2020,11:24:14,5.3,5.5,16002,5.85,10668,0,69342
GAIL30JAN20127.5PE.NFO,07/01/2020,11:24:19,5.3,5.5,16002,5.8,5334,0,69342
GAIL30JAN20127.5PE.NFO,07/01/2020,11:24:24,5.3,5.5,10668,5.8,5334,0,69342
GAIL30JAN20127.5PE.NFO,07/01/2020,11:24:28,5.3,5.5,10668,5.85,10668,0,69342
GAIL30JAN20127.5PE.NFO,07/01/2020,11:24:33,5.3,5.5,5334,5.85,21336,0,69342
GAIL30JAN20127.5PE.NFO,07/01/2020,11:24:37,5.3,5.5,5334,5.8,10668,0,69342
GAIL30JAN20127.5PE.NFO,07/01/2020,11:24:46,5.3,5.5,5334,5.7,5334,0,69342
GAIL30JAN20127.5PE.NFO,07/01/2020,11:24:54,5.3,5.5,5334,5.75,5334,0,69342
GAIL30JAN20127.5PE.NFO,07/01/2020,11:24:58,5.3,5.5,5334,5.75,10668,0,69342
GAIL30JAN20127.5PE.NFO,07/01/2020,11:25:03,5.3,5.45,5334,5.7,10668,0,69342
GAIL30JAN20127.5PE.NFO,07/01/2020,11:25:08,5.3,5.45,5334,5.7,5334,0,69342
GAIL30JAN20127.5PE.NFO,07/01/2020,11:25:17,5.3,5.45,5334,5.65,5334,0,69342
GAIL30JAN20127.5PE.NFO,07/01/2020,11:25:21,5.3,5.45,5334,5.7,5334,0,69342
GAIL30JAN20127.5PE.NFO,07/01/2020,11:25:26,5.3,5.45,16002,5.75,5334,0,69342
GAIL30JAN20127.5PE.NFO,07/01/2020,11:25:31,5.3,5.45,5334,5.75,10668,0,69342
GAIL30JAN20127.5PE.NFO,07/01/2020,11:25:40,5.3,5.45,5334,5.8,26670,0,69342
GAIL30JAN20127.5PE.NFO,07/01/2020,11:25:45,5.3,5.45,5334,5.75,10668,0,69342
GAIL30JAN20127.5PE.NFO,07/01/2020,11:25:49,5.3,5.45,5334,5.7,5334,0,69342
GAIL30JAN20127.5PE.NFO,07/01/2020,11:25:53,5.3,5.45,5334,5.75,10668,0,69342
GAIL30JAN20127.5PE.NFO,07/01/2020,11:26:01,5.3,5.45,5334,5.8,26670,0,69342
GAIL30JAN20127.5PE.NFO,07/01/2020,11:26:04,5.3,5.45,5334,5.75,5334,0,69342
GAIL30JAN20127.5PE.NFO,07/01/2020,11:26:10,5.3,5.45,5334,5.8,26670,0,69342
GAIL30JAN20127.5PE.NFO,07/01/2020,11:26:17,5.3,5.45,5334,5.75,5334,0,69342
GAIL30JAN20127.5PE.NFO,07/01/2020,11:26:34,5.3,5.45,5334,5.7,5334,0,69342
GAIL30JAN20127.5PE.NFO,07/01/2020,11:26:38,5.3,5.45,5334,5.8,26670,0,69342
GAIL30JAN20127.5PE.NFO,07/01/2020,11:26:43,5.3,5.45,5334,5.75,5334,0,69342
GAIL30JAN20127.5PE.NFO,07/01/2020,11:26:51,5.3,5.45,5334,5.8,10668,0,69342
GAIL30JAN20127.5PE.NFO,07/01/2020,11:26:55,5.3,5.45,5334,5.7,5334,0,69342
GAIL30JAN20127.5PE.NFO,07/01/2020,11:27:05,5.3,5.45,5334,5.8,21336,0,69342
GAIL30JAN20127.5PE.NFO,07/01/2020,11:27:07,5.3,5.45,5334,5.7,5334,0,69342
GAIL30JAN20127.5PE.NFO,07/01/2020,11:27:10,5.3,5.45,5334,5.8,10668,0,69342
GAIL30JAN20127.5PE.NFO,07/01/2020,11:27:14,5.3,5.45,5334,5.7,5334,0,69342
GAIL30JAN20127.5PE.NFO,07/01/2020,11:27:19,5.3,5.45,5334,5.8,16002,0,69342
GAIL30JAN20127.5PE.NFO,07/01/2020,11:27:22,5.3,5.45,5334,5.7,5334,0,69342
GAIL30JAN20127.5PE.NFO,07/01/2020,11:27:27,5.3,5.45,5334,5.8,21336,0,69342
GAIL30JAN20127.5PE.NFO,07/01/2020,11:27:33,5.3,5.45,5334,5.7,5334,0,69342
GAIL30JAN20127.5PE.NFO,07/01/2020,11:27:36,5.3,5.45,5334,5.75,10668,0,69342
GAIL30JAN20127.5PE.NFO,07/01/2020,11:27:40,5.3,5.45,5334,5.65,5334,0,69342
GAIL30JAN20127.5PE.NFO,07/01/2020,11:27:43,5.3,5.45,5334,5.8,16002,0,69342
GAIL30JAN20127.5PE.NFO,07/01/2020,11:27:46,5.3,5.45,5334,5.75,16002,0,69342
GAIL30JAN20127.5PE.NFO,07/01/2020,11:27:51,5.3,5.45,5334,5.7,5334,0,69342
GAIL30JAN20127.5PE.NFO,07/01/2020,11:27:58,5.3,5.45,10668,5.7,5334,0,69342
GAIL30JAN20127.5PE.NFO,07/01/2020,11:28:01,5.3,5.4,10668,5.75,10668,0,69342
GAIL30JAN20127.5PE.NFO,07/01/2020,11:28:06,5.3,5.4,10668,5.7,10668,0,69342
GAIL30JAN20127.5PE.NFO,07/01/2020,11:28:30,5.3,5.4,10668,5.65,5334,0,69342
GAIL30JAN20127.5PE.NFO,07/01/2020,11:28:41,5.3,5.4,5334,5.65,5334,0,69342
GAIL30JAN20127.5PE.NFO,07/01/2020,11:28:43,5.3,5.4,10668,5.7,10668,0,69342
GAIL30JAN20127.5PE.NFO,07/01/2020,11:28:46,5.3,5.4,10668,5.65,5334,0,69342
GAIL30JAN20127.5PE.NFO,07/01/2020,11:28:49,5.3,5.4,10668,5.7,10668,0,69342
GAIL30JAN20127.5PE.NFO,07/01/2020,11:28:52,5.3,5.4,10668,5.75,10668,0,69342
GAIL30JAN20127.5PE.NFO,07/01/2020,11:28:56,5.3,5.4,10668,5.65,10668,0,69342
GAIL30JAN20127.5PE.NFO,07/01/2020,11:28:59,5.3,5.35,5334,5.6,10668,0,69342
GAIL30JAN20127.5PE.NFO,07/01/2020,11:29:02,5.3,5.35,5334,5.55,5334,0,69342
GAIL30JAN20127.5PE.NFO,07/01/2020,11:29:05,5.3,5.35,5334,5.6,10668,0,69342
GAIL30JAN20127.5PE.NFO,07/01/2020,11:29:08,5.3,5.35,5334,5.55,5334,0,69342
GAIL30JAN20127.5PE.NFO,07/01/2020,11:29:15,5.3,5.35,5334,5.7,21336,0,69342
GAIL30JAN20127.5PE.NFO,07/01/2020,11:29:19,5.3,5.35,5334,5.6,10668,0,69342
GAIL30JAN20127.5PE.NFO,07/01/2020,11:29:22,5.3,5.35,5334,5.55,5334,0,69342
GAIL30JAN20127.5PE.NFO,07/01/2020,11:29:29,5.3,5.35,5334,5.7,21336,0,69342
GAIL30JAN20127.5PE.NFO,07/01/2020,11:29:33,5.3,5.35,5334,5.6,10668,0,69342
GAIL30JAN20127.5PE.NFO,07/01/2020,11:29:36,5.3,5.4,5334,5.65,5334,0,69342
GAIL30JAN20127.5PE.NFO,07/01/2020,11:29:40,5.3,5.4,5334,5.75,10668,0,69342
GAIL30JAN20127.5PE.NFO,07/01/2020,11:29:44,5.3,5.4,5334,5.6,5334,0,69342
GAIL30JAN20127.5PE.NFO,07/01/2020,11:29:49,5.3,5.4,5334,5.7,10668,0,69342
GAIL30JAN20127.5PE.NFO,07/01/2020,11:29:59,5.3,5.4,5334,5.65,5334,0,69342
GAIL30JAN20127.5PE.NFO,07/01/2020,11:30:03,5.3,5.4,5334,5.7,10668,0,69342
GAIL30JAN20127.5PE.NFO,07/01/2020,11:30:07,5.3,5.4,10668,5.65,10668,0,69342
GAIL30JAN20127.5PE.NFO,07/01/2020,11:30:10,5.3,5.4,10668,5.7,10668,0,69342
GAIL30JAN20127.5PE.NFO,07/01/2020,11:30:14,5.3,5.45,5334,5.65,5334,0,69342
GAIL30JAN20127.5PE.NFO,07/01/2020,11:30:19,5.3,5.45,5334,5.8,10668,0,69342
GAIL30JAN20127.5PE.NFO,07/01/2020,11:30:23,5.3,5.45,5334,5.65,5334,0,69342
GAIL30JAN20127.5PE.NFO,07/01/2020,11:30:28,5.3,5.45,5334,5.75,10668,0,69342
GAIL30JAN20127.5PE.NFO,07/01/2020,11:30:32,5.3,5.45,10668,5.75,10668,0,69342
GAIL30JAN20127.5PE.NFO,07/01/2020,11:30:34,5.3,5.4,5334,5.65,10668,0,69342
GAIL30JAN20127.5PE.NFO,07/01/2020,11:30:38,5.3,5.4,5334,5.75,16002,0,69342
GAIL30JAN20127.5PE.NFO,07/01/2020,11:30:40,5.3,5.4,5334,5.6,5334,0,69342
GAIL30JAN20127.5PE.NFO,07/01/2020,11:30:47,5.3,5.45,10668,5.7,5334,0,69342
GAIL30JAN20127.5PE.NFO,07/01/2020,11:30:49,5.3,5.45,10668,5.8,10668,0,69342
GAIL30JAN20127.5PE.NFO,07/01/2020,11:30:54,5.3,5.45,10668,5.65,5334,0,69342
GAIL30JAN20127.5PE.NFO,07/01/2020,11:30:56,5.3,5.45,10668,5.7,10668,0,69342
GAIL30JAN20127.5PE.NFO,07/01/2020,11:30:58,5.3,5.45,10668,5.8,10668,0,69342
GAIL30JAN20127.5PE.NFO,07/01/2020,11:31:03,5.3,5.4,10668,5.65,5334,0,69342
GAIL30JAN20127.5PE.NFO,07/01/2020,11:31:09,5.3,5.4,10668,5.65,10668,0,69342
GAIL30JAN20127.5PE.NFO,07/01/2020,11:31:14,5.3,5.4,5334,5.65,10668,0,69342
GAIL30JAN20127.5PE.NFO,07/01/2020,11:31:19,5.3,5.4,5334,5.65,5334,0,69342
GAIL30JAN20127.5PE.NFO,07/01/2020,11:31:23,5.3,5.4,5334,5.6,5334,0,69342
GAIL30JAN20127.5PE.NFO,07/01/2020,11:31:37,5.3,5.4,5334,5.65,10668,0,69342
GAIL30JAN20127.5PE.NFO,07/01/2020,11:31:40,5.3,5.4,5334,5.7,16002,0,69342
GAIL30JAN20127.5PE.NFO,07/01/2020,11:31:47,5.3,5.35,10668,5.7,16002,0,69342
GAIL30JAN20127.5PE.NFO,07/01/2020,11:31:54,5.3,5.4,5334,5.7,10668,0,69342
GAIL30JAN20127.5PE.NFO,07/01/2020,11:31:59,5.3,5.4,5334,5.65,5334,0,69342
GAIL30JAN20127.5PE.NFO,07/01/2020,11:32:05,5.3,5.35,5334,5.6,10668,0,69342
GAIL30JAN20127.5PE.NFO,07/01/2020,11:32:10,5.3,5.35,5334,5.55,5334,0,69342
GAIL30JAN20127.5PE.NFO,07/01/2020,11:32:15,5.3,5.35,5334,5.6,10668,0,69342
GAIL30JAN20127.5PE.NFO,07/01/2020,11:32:19,5.3,5.35,5334,5.55,5334,0,69342
GAIL30JAN20127.5PE.NFO,07/01/2020,11:32:36,5.3,5.35,5334,5.6,10668,0,69342
GAIL30JAN20127.5PE.NFO,07/01/2020,11:32:40,5.3,5.35,5334,5.55,5334,0,69342
GAIL30JAN20127.5PE.NFO,07/01/2020,11:32:44,5.3,5.35,5334,5.65,10668,0,69342
GAIL30JAN20127.5PE.NFO,07/01/2020,11:32:47,5.3,5.35,5334,5.55,5334,0,69342
GAIL30JAN20127.5PE.NFO,07/01/2020,11:32:50,5.3,5.35,5334,5.6,5334,0,69342
GAIL30JAN20127.5PE.NFO,07/01/2020,11:32:56,5.3,5.3,5334,5.55,10668,0,69342
GAIL30JAN20127.5PE.NFO,07/01/2020,11:33:00,5.3,5.35,5334,5.6,5334,0,69342
GAIL30JAN20127.5PE.NFO,07/01/2020,11:33:07,5.3,5.35,10668,5.6,5334,0,69342
GAIL30JAN20127.5PE.NFO,07/01/2020,11:33:17,5.3,5.35,10668,5.55,5334,0,69342
GAIL30JAN20127.5PE.NFO,07/01/2020,11:33:21,5.3,5.35,10668,5.65,10668,0,69342
GAIL30JAN20127.5PE.NFO,07/01/2020,11:33:25,5.3,5.35,10668,5.6,5334,0,69342
GAIL30JAN20127.5PE.NFO,07/01/2020,11:33:28,5.3,5.35,10668,5.65,10668,0,69342
GAIL30JAN20127.5PE.NFO,07/01/2020,11:33:33,5.3,5.35,10668,5.55,5334,0,69342
GAIL30JAN20127.5PE.NFO,07/01/2020,11:33:37,5.3,5.35,10668,5.65,10668,0,69342
GAIL30JAN20127.5PE.NFO,07/01/2020,11:33:41,5.3,5.35,10668,5.65,21336,0,69342
GAIL30JAN20127.5PE.NFO,07/01/2020,11:33:44,5.3,5.35,5334,5.6,5334,0,69342
GAIL30JAN20127.5PE.NFO,07/01/2020,11:33:48,5.3,5.35,5334,5.65,10668,0,69342
GAIL30JAN20127.5PE.NFO,07/01/2020,11:33:57,5.3,5.35,5334,5.6,10668,0,69342
GAIL30JAN20127.5PE.NFO,07/01/2020,11:34:03,5.3,5.35,5334,5.7,10668,0,69342
GAIL30JAN20127.5PE.NFO,07/01/2020,11:34:08,5.3,5.35,5334,5.7,16002,0,69342
GAIL30JAN20127.5PE.NFO,07/01/2020,11:34:15,5.3,5.4,5334,5.75,37338,0,69342
GAIL30JAN20127.5PE.NFO,07/01/2020,11:34:21,5.3,5.4,5334,5.65,5334,0,69342
GAIL30JAN20127.5PE.NFO,07/01/2020,11:34:27,5.3,5.4,10668,5.65,5334,0,69342
GAIL30JAN20127.5PE.NFO,07/01/2020,11:34:45,5.3,5.4,5334,5.6,5334,0,69342
GAIL30JAN20127.5PE.NFO,07/01/2020,11:34:51,5.3,5.45,10668,5.75,10668,0,69342
GAIL30JAN20127.5PE.NFO,07/01/2020,11:34:56,5.3,5.45,5334,5.65,10668,0,69342
GAIL30JAN20127.5PE.NFO,07/01/2020,11:35:01,5.3,5.45,10668,5.7,10668,0,69342
GAIL30JAN20127.5PE.NFO,07/01/2020,11:35:12,5.3,5.45,10668,5.75,10668,0,69342
GAIL30JAN20127.5PE.NFO,07/01/2020,11:35:23,5.3,5.45,10668,5.7,5334,0,69342
GAIL30JAN20127.5PE.NFO,07/01/2020,11:35:34,5.3,5.45,5334,5.7,5334,0,69342
GAIL30JAN20127.5PE.NFO,07/01/2020,11:35:44,5.3,5.45,5334,5.75,16002,0,69342
GAIL30JAN20127.5PE.NFO,07/01/2020,11:35:49,5.3,5.45,5334,5.7,5334,0,69342
GAIL30JAN20127.5PE.NFO,07/01/2020,11:35:54,5.3,5.45,5334,5.65,10668,0,69342
GAIL30JAN20127.5PE.NFO,07/01/2020,11:35:59,5.3,5.45,5334,5.65,5334,0,69342
GAIL30JAN20127.5PE.NFO,07/01/2020,11:36:04,5.3,5.45,5334,5.75,10668,0,69342
GAIL30JAN20127.5PE.NFO,07/01/2020,11:36:09,5.3,5.4,5334,5.6,5334,0,69342
GAIL30JAN20127.5PE.NFO,07/01/2020,11:36:13,5.3,5.4,5334,5.75,26670,0,69342
GAIL30JAN20127.5PE.NFO,07/01/2020,11:36:17,5.3,5.4,5334,5.65,5334,0,69342
GAIL30JAN20127.5PE.NFO,07/01/2020,11:36:22,5.3,5.4,5334,5.7,10668,0,69342
GAIL30JAN20127.5PE.NFO,07/01/2020,11:36:27,5.3,5.4,5334,5.65,5334,0,69342
GAIL30JAN20127.5PE.NFO,07/01/2020,11:36:31,5.3,5.4,5334,5.7,10668,0,69342
GAIL30JAN20127.5PE.NFO,07/01/2020,11:36:36,5.3,5.35,5334,5.55,5334,0,69342
GAIL30JAN20127.5PE.NFO,07/01/2020,11:36:40,5.3,5.35,5334,5.65,10668,0,69342
GAIL30JAN20127.5PE.NFO,07/01/2020,11:36:46,5.3,5.35,5334,5.55,5334,0,69342
GAIL30JAN20127.5PE.NFO,07/01/2020,11:36:52,5.3,5.35,5334,5.6,10668,0,69342
GAIL30JAN20127.5PE.NFO,07/01/2020,11:37:04,5.3,5.35,5334,5.65,16002,0,69342
GAIL30JAN20127.5PE.NFO,07/01/2020,11:37:08,5.3,5.35,5334,5.55,5334,0,69342
GAIL30JAN20127.5PE.NFO,07/01/2020,11:37:16,5.3,5.35,5334,5.65,16002,0,69342
GAIL30JAN20127.5PE.NFO,07/01/2020,11:37:20,5.3,5.35,5334,5.7,37338,0,69342
GAIL30JAN20127.5PE.NFO,07/01/2020,11:37:25,5.3,5.35,5334,5.65,26670,0,69342
GAIL30JAN20127.5PE.NFO,07/01/2020,11:37:30,5.3,5.35,5334,5.6,5334,0,69342
GAIL30JAN20127.5PE.NFO,07/01/2020,11:37:45,5.3,5.35,5334,5.65,26670,0,69342
GAIL30JAN20127.5PE.NFO,07/01/2020,11:37:50,5.3,5.35,5334,5.6,5334,0,69342
GAIL30JAN20127.5PE.NFO,07/01/2020,11:37:54,5.3,5.35,5334,5.65,26670,0,69342
GAIL30JAN20127.5PE.NFO,07/01/2020,11:37:59,5.3,5.35,5334,5.6,5334,0,69342
GAIL30JAN20127.5PE.NFO,07/01/2020,11:38:06,5.3,5.35,5334,5.65,10668,0,69342
GAIL30JAN20127.5PE.NFO,07/01/2020,11:38:10,5.3,5.35,5334,5.6,5334,0,69342
GAIL30JAN20127.5PE.NFO,07/01/2020,11:38:18,5.3,5.3,5334,5.4,10668,0,69342
GAIL30JAN20127.5PE.NFO,07/01/2020,11:38:21,5.3,5.3,5334,5.35,5334,0,69342
GAIL30JAN20127.5PE.NFO,07/01/2020,11:38:25,5.3,5.3,10668,5.4,5334,0,69342
GAIL30JAN20127.5PE.NFO,07/01/2020,11:39:42,5.3,5.3,5334,5.4,5334,0,69342
GAIL30JAN20127.5PE.NFO,07/01/2020,11:39:47,5.3,5.3,10668,5.4,5334,0,69342
GAIL30JAN20127.5PE.NFO,07/01/2020,11:40:14,5.3,5.3,5334,5.45,5334,0,69342
GAIL30JAN20127.5PE.NFO,07/01/2020,11:40:26,5.3,5.25,5334,5.4,5334,0,69342
GAIL30JAN20127.5PE.NFO,07/01/2020,11:43:31,5.3,5.2,10668,5.4,5334,0,69342
GAIL30JAN20127.5PE.NFO,07/01/2020,11:43:34,5.3,5.25,5334,5.4,5334,0,69342
GAIL30JAN20127.5PE.NFO,07/01/2020,11:44:44,5.3,5.3,5334,5.4,5334,0,69342
GAIL30JAN20127.5PE.NFO,07/01/2020,11:44:47,5.3,5.25,5334,5.4,5334,0,69342
GAIL30JAN20127.5PE.NFO,07/01/2020,11:44:50,5.3,5.3,5334,5.4,5334,0,69342
GAIL30JAN20127.5PE.NFO,07/01/2020,11:44:53,5.3,5.25,5334,5.4,5334,0,69342
GAIL30JAN20127.5PE.NFO,07/01/2020,11:44:56,5.3,5.25,5334,5.4,10668,0,69342
GAIL30JAN20127.5PE.NFO,07/01/2020,11:45:02,5.3,5.3,5334,5.5,10668,0,69342
GAIL30JAN20127.5PE.NFO,07/01/2020,11:45:05,5.3,5.3,5334,5.55,10668,0,69342
GAIL30JAN20127.5PE.NFO,07/01/2020,11:45:08,5.3,5.3,5334,5.45,16002,0,69342
GAIL30JAN20127.5PE.NFO,07/01/2020,11:45:37,5.3,5.3,5334,5.5,16002,0,69342
GAIL30JAN20127.5PE.NFO,07/01/2020,11:46:59,5.3,5.35,10668,5.5,16002,0,69342
GAIL30JAN20127.5PE.NFO,07/01/2020,11:47:07,5.3,5.3,5334,5.5,16002,0,69342
GAIL30JAN20127.5PE.NFO,07/01/2020,11:47:23,5.3,5.3,5334,5.5,10668,0,69342
GAIL30JAN20127.5PE.NFO,07/01/2020,11:47:30,5.3,5.35,10668,5.55,5334,0,69342
GAIL30JAN20127.5PE.NFO,07/01/2020,11:47:41,5.3,5.4,5334,5.55,5334,0,69342
GAIL30JAN20127.5PE.NFO,07/01/2020,11:48:13,5.3,5.4,5334,5.55,10668,0,69342
GAIL30JAN20127.5PE.NFO,07/01/2020,11:48:24,5.3,5.35,5334,5.5,5334,0,69342
GAIL30JAN20127.5PE.NFO,07/01/2020,11:48:27,5.3,5.35,5334,5.65,10668,0,69342
GAIL30JAN20127.5PE.NFO,07/01/2020,11:48:31,5.3,5.35,5334,5.55,10668,0,69342
GAIL30JAN20127.5PE.NFO,07/01/2020,11:48:34,5.3,5.35,5334,5.5,5334,0,69342
GAIL30JAN20127.5PE.NFO,07/01/2020,11:48:41,5.3,5.35,5334,5.65,10668,0,69342
GAIL30JAN20127.5PE.NFO,07/01/2020,11:48:48,5.3,5.35,5334,5.5,5334,0,69342
GAIL30JAN20127.5PE.NFO,07/01/2020,11:48:51,5.3,5.35,5334,5.55,10668,0,69342
GAIL30JAN20127.5PE.NFO,07/01/2020,11:48:57,5.3,5.35,5334,5.5,5334,0,69342
GAIL30JAN20127.5PE.NFO,07/01/2020,11:49:03,5.3,5.35,5334,5.55,10668,0,69342
GAIL30JAN20127.5PE.NFO,07/01/2020,11:49:08,5.3,5.35,5334,5.65,10668,0,69342
GAIL30JAN20127.5PE.NFO,07/01/2020,11:49:16,5.3,5.35,5334,5.5,5334,0,69342
GAIL30JAN20127.5PE.NFO,07/01/2020,11:49:19,5.3,5.35,5334,5.65,10668,0,69342
GAIL30JAN20127.5PE.NFO,07/01/2020,11:49:24,5.3,5.35,5334,5.55,16002,0,69342
GAIL30JAN20127.5PE.NFO,07/01/2020,11:49:27,5.3,5.35,5334,5.65,10668,0,69342
GAIL30JAN20127.5PE.NFO,07/01/2020,11:49:30,5.3,5.35,5334,5.5,5334,0,69342
GAIL30JAN20127.5PE.NFO,07/01/2020,11:49:33,5.3,5.35,5334,5.65,10668,0,69342
GAIL30JAN20127.5PE.NFO,07/01/2020,11:49:41,5.3,5.35,5334,5.5,5334,0,69342
GAIL30JAN20127.5PE.NFO,07/01/2020,11:49:44,5.3,5.35,5334,5.65,10668,0,69342
GAIL30JAN20127.5PE.NFO,07/01/2020,11:49:46,5.3,5.35,5334,5.5,5334,0,69342
GAIL30JAN20127.5PE.NFO,07/01/2020,11:49:49,5.3,5.3,5334,5.5,5334,0,69342
GAIL30JAN20127.5PE.NFO,07/01/2020,11:50:01,5.3,5.3,5334,5.55,10668,0,69342
GAIL30JAN20127.5PE.NFO,07/01/2020,11:50:05,5.3,5.3,5334,5.5,5334,0,69342
GAIL30JAN20127.5PE.NFO,07/01/2020,11:50:08,5.3,5.3,5334,5.65,10668,0,69342
GAIL30JAN20127.5PE.NFO,07/01/2020,11:50:17,5.3,5.35,10668,5.5,5334,0,69342
GAIL30JAN20127.5PE.NFO,07/01/2020,11:50:26,5.3,5.35,10668,5.65,10668,0,69342
GAIL30JAN20127.5PE.NFO,07/01/2020,11:50:29,5.3,5.35,10668,5.55,10668,0,69342
GAIL30JAN20127.5PE.NFO,07/01/2020,11:50:33,5.3,5.35,10668,5.5,5334,0,69342
GAIL30JAN20127.5PE.NFO,07/01/2020,11:50:37,5.3,5.35,10668,5.55,10668,0,69342
GAIL30JAN20127.5PE.NFO,07/01/2020,11:50:44,5.3,5.35,10668,5.65,10668,0,69342
GAIL30JAN20127.5PE.NFO,07/01/2020,11:50:47,5.3,5.35,10668,5.5,5334,0,69342
GAIL30JAN20127.5PE.NFO,07/01/2020,11:50:50,5.3,5.35,10668,5.65,10668,0,69342
GAIL30JAN20127.5PE.NFO,07/01/2020,11:50:56,5.3,5.4,5334,5.55,5334,0,69342
GAIL30JAN20127.5PE.NFO,07/01/2020,11:51:04,5.3,5.4,5334,5.6,10668,0,69342
GAIL30JAN20127.5PE.NFO,07/01/2020,11:51:09,5.3,5.3,5334,5.6,10668,0,69342
GAIL30JAN20127.5PE.NFO,07/01/2020,11:51:13,5.3,5.35,5334,5.55,5334,0,69342
GAIL30JAN20127.5PE.NFO,07/01/2020,11:51:16,5.3,5.35,5334,5.5,5334,0,69342
GAIL30JAN20127.5PE.NFO,07/01/2020,11:51:25,5.3,5.3,5334,5.6,10668,0,69342
GAIL30JAN20127.5PE.NFO,07/01/2020,11:51:30,5.3,5.3,5334,5.55,5334,0,69342
GAIL30JAN20127.5PE.NFO,07/01/2020,11:51:39,5.3,5.3,5334,5.6,10668,0,69342
GAIL30JAN20127.5PE.NFO,07/01/2020,11:51:46,5.3,5.3,5334,5.55,5334,0,69342
GAIL30JAN20127.5PE.NFO,07/01/2020,11:51:52,5.3,5.3,5334,5.6,10668,0,69342
GAIL30JAN20127.5PE.NFO,07/01/2020,11:52:07,5.3,5.3,5334,5.55,5334,0,69342
GAIL30JAN20127.5PE.NFO,07/01/2020,11:52:16,5.3,5.3,5334,5.6,10668,0,69342
GAIL30JAN20127.5PE.NFO,07/01/2020,11:52:18,5.3,5.3,5334,5.55,5334,0,69342
GAIL30JAN20127.5PE.NFO,07/01/2020,11:52:28,5.3,5.3,5334,5.6,10668,0,69342
GAIL30JAN20127.5PE.NFO,07/01/2020,11:52:31,5.3,5.3,5334,5.55,5334,0,69342
GAIL30JAN20127.5PE.NFO,07/01/2020,11:52:34,5.3,5.3,5334,5.6,10668,0,69342
GAIL30JAN20127.5PE.NFO,07/01/2020,11:52:40,5.3,5.3,5334,5.55,5334,0,69342
GAIL30JAN20127.5PE.NFO,07/01/2020,11:52:42,5.3,5.3,5334,5.6,10668,0,69342
GAIL30JAN20127.5PE.NFO,07/01/2020,11:52:51,5.3,5.3,10668,5.45,5334,0,69342
GAIL30JAN20127.5PE.NFO,07/01/2020,11:52:54,5.3,5.3,10668,5.5,5334,0,69342
GAIL30JAN20127.5PE.NFO,07/01/2020,11:53:00,5.3,5.3,5334,5.5,5334,0,69342
GAIL30JAN20127.5PE.NFO,07/01/2020,11:53:03,5.3,5.3,5334,5.55,10668,0,69342
GAIL30JAN20127.5PE.NFO,07/01/2020,11:53:06,5.3,5.3,5334,5.5,5334,0,69342
GAIL30JAN20127.5PE.NFO,07/01/2020,11:53:15,5.3,5.25,5334,5.5,5334,0,69342
GAIL30JAN20127.5PE.NFO,07/01/2020,11:53:29,5.3,5.25,5334,5.55,10668,0,69342
GAIL30JAN20127.5PE.NFO,07/01/2020,11:53:41,5.3,5.25,5334,5.5,5334,0,69342
GAIL30JAN20127.5PE.NFO,07/01/2020,11:53:43,5.3,5.25,5334,5.55,10668,0,69342
GAIL30JAN20127.5PE.NFO,07/01/2020,11:53:46,5.3,5.25,5334,5.5,5334,0,69342
GAIL30JAN20127.5PE.NFO,07/01/2020,11:53:49,5.3,5.25,5334,5.55,10668,0,69342
GAIL30JAN20127.5PE.NFO,07/01/2020,11:53:52,5.3,5.25,5334,5.45,10668,0,69342
GAIL30JAN20127.5PE.NFO,07/01/2020,11:53:54,5.3,5.25,5334,5.45,5334,0,69342
GAIL30JAN20127.5PE.NFO,07/01/2020,11:53:59,5.3,5.25,5334,5.5,10668,0,69342
GAIL30JAN20127.5PE.NFO,07/01/2020,11:54:05,5.3,5.25,5334,5.45,5334,0,69342
GAIL30JAN20127.5PE.NFO,07/01/2020,11:54:08,5.3,5.25,5334,5.55,10668,0,69342
GAIL30JAN20127.5PE.NFO,07/01/2020,11:54:11,5.3,5.25,10668,5.5,5334,0,69342
GAIL30JAN20127.5PE.NFO,07/01/2020,11:54:18,5.3,5.25,10668,5.55,10668,0,69342
GAIL30JAN20127.5PE.NFO,07/01/2020,11:54:24,5.3,5.25,10668,5.45,5334,0,69342
GAIL30JAN20127.5PE.NFO,07/01/2020,11:54:27,5.3,5.25,10668,5.55,10668,0,69342
GAIL30JAN20127.5PE.NFO,07/01/2020,11:54:33,5.3,5.25,10668,5.5,5334,0,69342
GAIL30JAN20127.5PE.NFO,07/01/2020,11:54:36,5.3,5.25,10668,5.55,10668,0,69342
GAIL30JAN20127.5PE.NFO,07/01/2020,11:54:57,5.3,5.25,10668,5.5,5334,0,69342
GAIL30JAN20127.5PE.NFO,07/01/2020,11:55:00,5.3,5.25,10668,5.55,10668,0,69342
GAIL30JAN20127.5PE.NFO,07/01/2020,11:55:11,5.3,5.25,10668,5.5,5334,0,69342
GAIL30JAN20127.5PE.NFO,07/01/2020,11:55:20,5.3,5.25,10668,5.55,10668,0,69342
GAIL30JAN20127.5PE.NFO,07/01/2020,11:55:23,5.3,5.25,10668,5.5,5334,0,69342
GAIL30JAN20127.5PE.NFO,07/01/2020,11:55:26,5.3,5.25,10668,5.55,10668,0,69342
GAIL30JAN20127.5PE.NFO,07/01/2020,11:55:32,5.3,5.25,10668,5.5,5334,0,69342
GAIL30JAN20127.5PE.NFO,07/01/2020,11:55:35,5.3,5.3,10668,5.55,10668,0,69342
GAIL30JAN20127.5PE.NFO,07/01/2020,11:55:43,5.3,5.3,10668,5.5,5334,0,69342
GAIL30JAN20127.5PE.NFO,07/01/2020,11:55:46,5.3,5.3,10668,5.55,10668,0,69342
GAIL30JAN20127.5PE.NFO,07/01/2020,11:55:49,5.3,5.3,10668,5.5,5334,0,69342
GAIL30JAN20127.5PE.NFO,07/01/2020,11:55:51,5.3,5.3,10668,5.55,10668,0,69342
GAIL30JAN20127.5PE.NFO,07/01/2020,11:55:53,5.3,5.3,5334,5.55,10668,0,69342
GAIL30JAN20127.5PE.NFO,07/01/2020,11:56:00,5.3,5.3,5334,5.5,5334,0,69342
GAIL30JAN20127.5PE.NFO,07/01/2020,11:56:09,5.3,5.3,5334,5.55,10668,0,69342
GAIL30JAN20127.5PE.NFO,07/01/2020,11:56:18,5.3,5.3,5334,5.5,5334,0,69342
GAIL30JAN20127.5PE.NFO,07/01/2020,11:56:20,5.3,5.3,5334,5.55,10668,0,69342
GAIL30JAN20127.5PE.NFO,07/01/2020,11:56:33,5.3,5.25,10668,5.55,10668,0,69342
GAIL30JAN20127.5PE.NFO,07/01/2020,11:56:39,5.3,5.25,10668,5.5,5334,0,69342
GAIL30JAN20127.5PE.NFO,07/01/2020,11:56:45,5.3,5.25,10668,5.45,5334,0,69342
GAIL30JAN20127.5PE.NFO,07/01/2020,11:56:48,5.3,5.25,10668,5.5,5334,0,69342
GAIL30JAN20127.5PE.NFO,07/01/2020,11:56:53,5.3,5.25,10668,5.55,10668,0,69342
GAIL30JAN20127.5PE.NFO,07/01/2020,11:56:57,5.3,5.25,5334,5.55,10668,0,69342
GAIL30JAN20127.5PE.NFO,07/01/2020,11:56:59,5.3,5.25,5334,5.5,5334,0,69342
GAIL30JAN20127.5PE.NFO,07/01/2020,11:57:01,5.3,5.25,5334,5.45,5334,0,69342
GAIL30JAN20127.5PE.NFO,07/01/2020,11:57:08,5.3,5.25,5334,5.5,10668,0,69342
GAIL30JAN20127.5PE.NFO,07/01/2020,11:57:11,5.3,5.25,5334,5.45,5334,0,69342
GAIL30JAN20127.5PE.NFO,07/01/2020,11:57:14,5.3,5.25,5334,5.5,10668,0,69342
GAIL30JAN20127.5PE.NFO,07/01/2020,11:57:16,5.3,5.25,5334,5.45,5334,0,69342
GAIL30JAN20127.5PE.NFO,07/01/2020,11:57:19,5.3,5.25,5334,5.5,10668,0,69342
GAIL30JAN20127.5PE.NFO,07/01/2020,11:57:22,5.3,5.25,5334,5.45,5334,0,69342
GAIL30JAN20127.5PE.NFO,07/01/2020,11:57:38,5.3,5.25,10668,5.5,10668,0,69342
GAIL30JAN20127.5PE.NFO,07/01/2020,11:57:42,5.3,5.25,10668,5.45,5334,0,69342
GAIL30JAN20127.5PE.NFO,07/01/2020,11:57:45,5.3,5.25,10668,5.5,10668,0,69342
GAIL30JAN20127.5PE.NFO,07/01/2020,11:57:49,5.3,5.3,10668,5.5,5334,0,69342
GAIL30JAN20127.5PE.NFO,07/01/2020,11:57:53,5.3,5.3,10668,5.55,10668,0,69342
GAIL30JAN20127.5PE.NFO,07/01/2020,11:58:02,5.3,5.3,10668,5.6,10668,0,69342
GAIL30JAN20127.5PE.NFO,07/01/2020,11:58:05,5.3,5.3,10668,5.55,10668,0,69342
GAIL30JAN20127.5PE.NFO,07/01/2020,11:58:08,5.3,5.3,10668,5.5,5334,0,69342
GAIL30JAN20127.5PE.NFO,07/01/2020,11:58:15,5.3,5.3,5334,5.55,10668,0,69342
GAIL30JAN20127.5PE.NFO,07/01/2020,11:58:17,5.3,5.3,5334,5.5,5334,0,69342
GAIL30JAN20127.5PE.NFO,07/01/2020,11:58:20,5.3,5.3,5334,5.55,10668,0,69342
GAIL30JAN20127.5PE.NFO,07/01/2020,11:58:21,5.3,5.3,5334,5.5,5334,0,69342
GAIL30JAN20127.5PE.NFO,07/01/2020,11:58:29,5.3,5.3,5334,5.55,10668,0,69342
GAIL30JAN20127.5PE.NFO,07/01/2020,11:58:32,5.3,5.3,5334,5.5,5334,0,69342
GAIL30JAN20127.5PE.NFO,07/01/2020,11:58:40,5.3,5.3,5334,5.55,10668,0,69342
GAIL30JAN20127.5PE.NFO,07/01/2020,11:58:47,5.3,5.3,5334,5.5,5334,0,69342
GAIL30JAN20127.5PE.NFO,07/01/2020,11:58:51,5.3,5.3,5334,5.55,10668,0,69342
GAIL30JAN20127.5PE.NFO,07/01/2020,11:58:54,5.3,5.3,5334,5.5,5334,0,69342
GAIL30JAN20127.5PE.NFO,07/01/2020,11:59:05,5.3,5.3,5334,5.55,10668,0,69342
GAIL30JAN20127.5PE.NFO,07/01/2020,11:59:12,5.3,5.3,5334,5.5,5334,0,69342
GAIL30JAN20127.5PE.NFO,07/01/2020,11:59:17,5.3,5.3,10668,5.55,10668,0,69342
GAIL30JAN20127.5PE.NFO,07/01/2020,11:59:20,5.3,5.3,10668,5.5,5334,0,69342
GAIL30JAN20127.5PE.NFO,07/01/2020,11:59:26,5.3,5.3,10668,5.55,10668,0,69342
GAIL30JAN20127.5PE.NFO,07/01/2020,11:59:36,5.3,5.3,10668,5.5,5334,0,69342
GAIL30JAN20127.5PE.NFO,07/01/2020,11:59:50,5.3,5.3,10668,5.55,10668,0,69342
GAIL30JAN20127.5PE.NFO,07/01/2020,11:59:54,5.3,5.3,10668,5.55,5334,0,69342
GAIL30JAN20127.5PE.NFO,07/01/2020,11:59:57,5.3,5.3,10668,5.6,10668,0,69342
GAIL30JAN20127.5PE.NFO,07/01/2020,12:00:03,5.3,5.3,10668,5.55,5334,0,69342
GAIL30JAN20127.5PE.NFO,07/01/2020,12:00:08,5.3,5.3,10668,5.6,10668,0,69342
GAIL30JAN20127.5PE.NFO,07/01/2020,12:00:14,5.3,5.3,10668,5.55,5334,0,69342
GAIL30JAN20127.5PE.NFO,07/01/2020,12:00:17,5.3,5.3,10668,5.6,10668,0,69342
GAIL30JAN20127.5PE.NFO,07/01/2020,12:00:20,5.3,5.3,10668,5.55,5334,0,69342
GAIL30JAN20127.5PE.NFO,07/01/2020,12:00:26,5.3,5.3,5334,5.55,5334,0,69342
GAIL30JAN20127.5PE.NFO,07/01/2020,12:00:29,5.3,5.3,5334,5.6,10668,0,69342
GAIL30JAN20127.5PE.NFO,07/01/2020,12:00:37,5.3,5.3,5334,5.55,5334,0,69342
GAIL30JAN20127.5PE.NFO,07/01/2020,12:00:42,5.3,5.3,5334,5.6,10668,0,69342
GAIL30JAN20127.5PE.NFO,07/01/2020,12:00:49,5.3,5.3,5334,5.55,5334,0,69342
GAIL30JAN20127.5PE.NFO,07/01/2020,12:00:52,5.3,5.3,5334,5.6,10668,0,69342
GAIL30JAN20127.5PE.NFO,07/01/2020,12:00:54,5.3,5.3,5334,5.55,5334,0,69342
GAIL30JAN20127.5PE.NFO,07/01/2020,12:00:57,5.3,5.3,5334,5.6,10668,0,69342
GAIL30JAN20127.5PE.NFO,07/01/2020,12:01:04,5.3,5.3,5334,5.55,5334,0,69342
GAIL30JAN20127.5PE.NFO,07/01/2020,12:01:12,5.3,5.3,5334,5.6,26670,0,69342
GAIL30JAN20127.5PE.NFO,07/01/2020,12:01:15,5.3,5.3,5334,5.55,5334,0,69342
GAIL30JAN20127.5PE.NFO,07/01/2020,12:01:17,5.3,5.3,5334,5.6,26670,0,69342
GAIL30JAN20127.5PE.NFO,07/01/2020,12:01:22,5.3,5.3,5334,5.55,5334,0,69342
GAIL30JAN20127.5PE.NFO,07/01/2020,12:01:25,5.3,5.3,5334,5.6,26670,0,69342
GAIL30JAN20127.5PE.NFO,07/01/2020,12:01:27,5.3,5.3,5334,5.55,5334,0,69342
GAIL30JAN20127.5PE.NFO,07/01/2020,12:01:30,5.3,5.3,16002,5.55,5334,0,69342
GAIL30JAN20127.5PE.NFO,07/01/2020,12:01:40,5.3,5.3,16002,5.6,10668,0,69342
GAIL30JAN20127.5PE.NFO,07/01/2020,12:01:42,5.3,5.3,16002,5.55,5334,0,69342
GAIL30JAN20127.5PE.NFO,07/01/2020,12:01:51,5.3,5.3,16002,5.6,10668,0,69342
GAIL30JAN20127.5PE.NFO,07/01/2020,12:01:54,5.3,5.3,16002,5.55,5334,0,69342
GAIL30JAN20127.5PE.NFO,07/01/2020,12:02:00,5.3,5.3,16002,5.6,10668,0,69342
GAIL30JAN20127.5PE.NFO,07/01/2020,12:02:04,5.3,5.3,16002,5.55,5334,0,69342
GAIL30JAN20127.5PE.NFO,07/01/2020,12:02:06,5.3,5.3,16002,5.6,5334,0,69342
GAIL30JAN20127.5PE.NFO,07/01/2020,12:02:08,5.3,5.3,16002,5.55,5334,0,69342
GAIL30JAN20127.5PE.NFO,07/01/2020,12:02:11,5.3,5.3,16002,5.6,10668,0,69342
GAIL30JAN20127.5PE.NFO,07/01/2020,12:02:13,5.3,5.3,16002,5.55,5334,0,69342
GAIL30JAN20127.5PE.NFO,07/01/2020,12:02:16,5.3,5.3,10668,5.55,5334,0,69342
GAIL30JAN20127.5PE.NFO,07/01/2020,12:02:18,5.3,5.3,10668,5.6,10668,0,69342
GAIL30JAN20127.5PE.NFO,07/01/2020,12:02:20,5.3,5.3,10668,5.55,5334,0,69342
GAIL30JAN20127.5PE.NFO,07/01/2020,12:02:25,5.3,5.3,10668,5.6,10668,0,69342
GAIL30JAN20127.5PE.NFO,07/01/2020,12:02:30,5.3,5.3,10668,5.55,5334,0,69342
GAIL30JAN20127.5PE.NFO,07/01/2020,12:02:36,5.3,5.3,10668,5.55,10668,0,69342
GAIL30JAN20127.5PE.NFO,07/01/2020,12:02:42,5.3,5.3,10668,5.55,5334,0,69342
GAIL30JAN20127.5PE.NFO,07/01/2020,12:02:53,5.3,5.3,10668,5.6,10668,0,69342
GAIL30JAN20127.5PE.NFO,07/01/2020,12:02:57,5.3,5.3,16002,5.55,5334,0,69342
GAIL30JAN20127.5PE.NFO,07/01/2020,12:03:01,5.3,5.3,10668,5.55,5334,0,69342
GAIL30JAN20127.5PE.NFO,07/01/2020,12:03:04,5.3,5.3,10668,5.6,10668,0,69342
GAIL30JAN20127.5PE.NFO,07/01/2020,12:03:09,5.3,5.3,10668,5.6,5334,0,69342
GAIL30JAN20127.5PE.NFO,07/01/2020,12:03:13,5.3,5.3,10668,5.5,5334,0,69342
GAIL30JAN20127.5PE.NFO,07/01/2020,12:03:17,5.3,5.3,10668,5.55,10668,0,69342
GAIL30JAN20127.5PE.NFO,07/01/2020,12:03:21,5.3,5.3,10668,5.55,5334,0,69342
GAIL30JAN20127.5PE.NFO,07/01/2020,12:03:24,5.3,5.3,10668,5.6,10668,0,69342
GAIL30JAN20127.5PE.NFO,07/01/2020,12:03:28,5.3,5.3,10668,5.5,5334,0,69342
GAIL30JAN20127.5PE.NFO,07/01/2020,12:03:31,5.3,5.3,10668,5.7,16002,0,69342
GAIL30JAN20127.5PE.NFO,07/01/2020,12:03:34,5.3,5.3,10668,5.55,5334,0,69342
GAIL30JAN20127.5PE.NFO,07/01/2020,12:03:38,5.3,5.3,10668,5.6,10668,0,69342
GAIL30JAN20127.5PE.NFO,07/01/2020,12:03:47,5.3,5.3,10668,5.55,5334,0,69342
GAIL30JAN20127.5PE.NFO,07/01/2020,12:03:50,5.3,5.3,10668,5.5,5334,0,69342
GAIL30JAN20127.5PE.NFO,07/01/2020,12:03:52,5.3,5.3,10668,5.55,10668,0,69342
GAIL30JAN20127.5PE.NFO,07/01/2020,12:03:54,5.3,5.3,10668,5.6,10668,0,69342
GAIL30JAN20127.5PE.NFO,07/01/2020,12:03:56,5.3,5.3,5334,5.55,5334,0,69342
GAIL30JAN20127.5PE.NFO,07/01/2020,12:03:59,5.3,5.3,5334,5.6,16002,0,69342
GAIL30JAN20127.5PE.NFO,07/01/2020,12:04:02,5.3,5.3,5334,5.55,5334,0,69342
GAIL30JAN20127.5PE.NFO,07/01/2020,12:04:05,5.3,5.3,5334,5.6,10668,0,69342
GAIL30JAN20127.5PE.NFO,07/01/2020,12:04:10,5.3,5.3,5334,5.6,21336,0,69342
GAIL30JAN20127.5PE.NFO,07/01/2020,12:04:12,5.3,5.3,5334,5.55,5334,0,69342
GAIL30JAN20127.5PE.NFO,07/01/2020,12:04:15,5.3,5.3,5334,5.6,16002,0,69342
GAIL30JAN20127.5PE.NFO,07/01/2020,12:04:18,5.3,5.3,5334,5.55,5334,0,69342
GAIL30JAN20127.5PE.NFO,07/01/2020,12:04:21,5.3,5.3,5334,5.6,10668,0,69342
GAIL30JAN20127.5PE.NFO,07/01/2020,12:04:26,5.3,5.3,5334,5.6,16002,0,69342
GAIL30JAN20127.5PE.NFO,07/01/2020,12:04:28,5.3,5.3,5334,5.6,10668,0,69342
GAIL30JAN20127.5PE.NFO,07/01/2020,12:04:30,5.3,5.3,5334,5.55,5334,0,69342
GAIL30JAN20127.5PE.NFO,07/01/2020,12:04:33,5.3,5.3,5334,5.6,10668,0,69342
GAIL30JAN20127.5PE.NFO,07/01/2020,12:04:36,5.3,5.3,5334,5.55,5334,0,69342
GAIL30JAN20127.5PE.NFO,07/01/2020,12:04:38,5.3,5.3,5334,5.6,10668,0,69342
GAIL30JAN20127.5PE.NFO,07/01/2020,12:04:42,5.3,5.3,5334,5.55,5334,0,69342
GAIL30JAN20127.5PE.NFO,07/01/2020,12:04:44,5.3,5.3,5334,5.6,10668,0,69342
GAIL30JAN20127.5PE.NFO,07/01/2020,12:04:47,5.3,5.3,5334,5.55,5334,0,69342
GAIL30JAN20127.5PE.NFO,07/01/2020,12:04:50,5.3,5.3,5334,5.6,16002,0,69342
GAIL30JAN20127.5PE.NFO,07/01/2020,12:04:53,5.3,5.3,5334,5.55,5334,0,69342
GAIL30JAN20127.5PE.NFO,07/01/2020,12:04:55,5.3,5.3,5334,5.6,10668,0,69342
GAIL30JAN20127.5PE.NFO,07/01/2020,12:04:58,5.3,5.3,5334,5.55,5334,0,69342
GAIL30JAN20127.5PE.NFO,07/01/2020,12:05:04,5.3,5.3,5334,5.6,21336,0,69342
GAIL30JAN20127.5PE.NFO,07/01/2020,12:05:08,5.3,5.3,5334,5.55,5334,0,69342
GAIL30JAN20127.5PE.NFO,07/01/2020,12:05:18,5.3,5.3,5334,5.6,21336,0,69342
GAIL30JAN20127.5PE.NFO,07/01/2020,12:05:22,5.3,5.3,5334,5.55,5334,0,69342
GAIL30JAN20127.5PE.NFO,07/01/2020,12:05:41,5.3,5.3,5334,5.6,21336,0,69342
GAIL30JAN20127.5PE.NFO,07/01/2020,12:05:43,5.3,5.3,5334,5.55,5334,0,69342
GAIL30JAN20127.5PE.NFO,07/01/2020,12:05:46,5.3,5.3,5334,5.6,21336,0,69342
GAIL30JAN20127.5PE.NFO,07/01/2020,12:05:52,5.3,5.3,5334,5.55,5334,0,69342
GAIL30JAN20127.5PE.NFO,07/01/2020,12:05:57,5.3,5.3,5334,5.6,21336,0,69342
GAIL30JAN20127.5PE.NFO,07/01/2020,12:06:03,5.3,5.3,5334,5.55,5334,0,69342
GAIL30JAN20127.5PE.NFO,07/01/2020,12:06:06,5.3,5.3,5334,5.6,21336,0,69342
GAIL30JAN20127.5PE.NFO,07/01/2020,12:06:08,5.3,5.3,5334,5.6,10668,0,69342
GAIL30JAN20127.5PE.NFO,07/01/2020,12:06:11,5.3,5.3,5334,5.55,5334,0,69342
GAIL30JAN20127.5PE.NFO,07/01/2020,12:06:17,5.3,5.3,5334,5.6,26670,0,69342
GAIL30JAN20127.5PE.NFO,07/01/2020,12:06:20,5.3,5.3,5334,5.55,5334,0,69342
GAIL30JAN20127.5PE.NFO,07/01/2020,12:06:23,5.3,5.3,5334,5.6,26670,0,69342
GAIL30JAN20127.5PE.NFO,07/01/2020,12:06:25,5.3,5.3,5334,5.55,5334,0,69342
GAIL30JAN20127.5PE.NFO,07/01/2020,12:06:31,5.3,5.3,5334,5.6,10668,0,69342
GAIL30JAN20127.5PE.NFO,07/01/2020,12:06:33,5.3,5.2,5334,5.5,5334,0,69342
GAIL30JAN20127.5PE.NFO,07/01/2020,12:06:35,5.3,5.2,5334,5.4,10668,0,69342
GAIL30JAN20127.5PE.NFO,07/01/2020,12:06:38,5.3,5.2,5334,5.3,5334,0,69342
GAIL30JAN20127.5PE.NFO,07/01/2020,12:06:40,5.3,5.2,5334,5.3,10668,0,69342
GAIL30JAN20127.5PE.NFO,07/01/2020,12:06:45,5.3,5.2,16002,5.35,10668,0,69342
GAIL30JAN20127.5PE.NFO,07/01/2020,12:07:00,5.3,5.2,16002,5.3,10668,0,69342
GAIL30JAN20127.5PE.NFO,07/01/2020,12:07:03,5.3,5.2,16002,5.35,10668,0,69342
GAIL30JAN20127.5PE.NFO,07/01/2020,12:07:29,5.3,5.2,16002,5.3,10668,0,69342
GAIL30JAN20127.5PE.NFO,07/01/2020,12:07:31,5.3,5.2,10668,5.3,10668,0,69342
GAIL30JAN20127.5PE.NFO,07/01/2020,12:07:42,5.3,5.2,5334,5.3,10668,0,69342
GAIL30JAN20127.5PE.NFO,07/01/2020,12:07:55,5.3,5.2,10668,5.3,10668,0,69342
GAIL30JAN20127.5PE.NFO,07/01/2020,12:08:08,5.3,5.2,5334,5.3,10668,0,69342
GAIL30JAN20127.5PE.NFO,07/01/2020,12:08:25,5.3,5.2,10668,5.3,10668,0,69342
GAIL30JAN20127.5PE.NFO,07/01/2020,12:08:31,5.3,5.2,5334,5.3,10668,0,69342
GAIL30JAN20127.5PE.NFO,07/01/2020,12:08:54,5.3,5.2,5334,5.3,16002,0,69342
GAIL30JAN20127.5PE.NFO,07/01/2020,12:09:31,5.3,5.2,5334,5.3,10668,0,69342
GAIL30JAN20127.5PE.NFO,07/01/2020,12:10:06,5.3,5.2,5334,5.3,16002,0,69342
GAIL30JAN20127.5PE.NFO,07/01/2020,12:12:24,5.3,5.15,16002,5.3,10668,0,69342
GAIL30JAN20127.5PE.NFO,07/01/2020,12:12:27,5.3,5.2,5334,5.3,10668,0,69342
GAIL30JAN20127.5PE.NFO,07/01/2020,12:13:54,5.3,5.2,5334,5.3,16002,0,69342
GAIL30JAN20127.5PE.NFO,07/01/2020,12:14:36,5.3,5.15,10668,5.3,16002,0,69342
GAIL30JAN20127.5PE.NFO,07/01/2020,12:15:04,5.3,5.15,5334,5.25,10668,0,69342
GAIL30JAN20127.5PE.NFO,07/01/2020,12:15:23,5.3,5.2,5334,5.3,16002,0,69342
GAIL30JAN20127.5PE.NFO,07/01/2020,12:15:49,5.3,5.15,5334,5.25,10668,0,69342
GAIL30JAN20127.5PE.NFO,07/01/2020,12:15:53,5.3,5.15,10668,5.25,10668,0,69342
GAIL30JAN20127.5PE.NFO,07/01/2020,12:16:16,5.3,5.15,5334,5.25,10668,0,69342
GAIL30JAN20127.5PE.NFO,07/01/2020,12:16:24,5.3,5.15,10668,5.25,10668,0,69342
GAIL30JAN20127.5PE.NFO,07/01/2020,12:16:41,5.3,5.15,10668,5.3,16002,0,69342
GAIL30JAN20127.5PE.NFO,07/01/2020,12:17:22,5.3,5.2,5334,5.3,10668,0,69342
GAIL30JAN20127.5PE.NFO,07/01/2020,12:17:46,5.3,5.2,5334,5.3,5334,0,69342
GAIL30JAN20127.5PE.NFO,07/01/2020,12:18:10,5.3,5.2,5334,5.35,10668,0,69342
GAIL30JAN20127.5PE.NFO,07/01/2020,12:18:13,5.3,5.2,5334,5.35,16002,0,69342
GAIL30JAN20127.5PE.NFO,07/01/2020,12:18:44,5.3,5.15,5334,5.3,10668,0,69342
GAIL30JAN20127.5PE.NFO,07/01/2020,12:19:04,5.3,5.1,5334,5.25,10668,0,69342
GAIL30JAN20127.5PE.NFO,07/01/2020,12:19:09,5.3,5.1,5334,5.25,5334,0,69342
GAIL30JAN20127.5PE.NFO,07/01/2020,12:20:00,5.3,5.1,5334,5.2,5334,0,69342
GAIL30JAN20127.5PE.NFO,07/01/2020,12:20:03,5.3,5.1,5334,5.25,5334,0,69342
GAIL30JAN20127.5PE.NFO,07/01/2020,12:20:06,5.3,5.1,5334,5.25,10668,0,69342
GAIL30JAN20127.5PE.NFO,07/01/2020,12:20:33,5.3,5.1,5334,5.25,16002,0,69342
GAIL30JAN20127.5PE.NFO,07/01/2020,12:21:24,5.3,5.1,10668,5.25,16002,0,69342
GAIL30JAN20127.5PE.NFO,07/01/2020,12:22:07,5.3,5.05,10668,5.2,5334,0,69342
GAIL30JAN20127.5PE.NFO,07/01/2020,12:22:09,5.3,5.05,10668,5.2,10668,0,69342
GAIL30JAN20127.5PE.NFO,07/01/2020,12:22:24,5.3,5.1,5334,5.2,5334,0,69342
GAIL30JAN20127.5PE.NFO,07/01/2020,12:22:26,5.3,5.05,5334,5.2,10668,0,69342
GAIL30JAN20127.5PE.NFO,07/01/2020,12:22:38,5.3,5.05,10668,5.2,10668,0,69342
GAIL30JAN20127.5PE.NFO,07/01/2020,12:22:58,5.3,5.05,16002,5.2,10668,0,69342
GAIL30JAN20127.5PE.NFO,07/01/2020,12:23:12,5.3,5.1,5334,5.25,10668,0,69342
GAIL30JAN20127.5PE.NFO,07/01/2020,12:23:14,5.3,5.05,16002,5.3,5334,0,69342
GAIL30JAN20127.5PE.NFO,07/01/2020,12:23:18,5.3,5.05,16002,5.25,10668,0,69342
GAIL30JAN20127.5PE.NFO,07/01/2020,12:23:24,5.3,5.05,10668,5.35,10668,0,69342
GAIL30JAN20127.5PE.NFO,07/01/2020,12:23:30,5.3,5.05,10668,5.25,10668,0,69342
GAIL30JAN20127.5PE.NFO,07/01/2020,12:23:33,5.3,5.05,10668,5.35,10668,0,69342
GAIL30JAN20127.5PE.NFO,07/01/2020,12:23:38,5.3,5.05,10668,5.25,5334,0,69342
GAIL30JAN20127.5PE.NFO,07/01/2020,12:23:41,5.3,5.05,10668,5.35,16002,0,69342
GAIL30JAN20127.5PE.NFO,07/01/2020,12:23:43,5.3,5.05,10668,5.3,5334,0,69342
GAIL30JAN20127.5PE.NFO,07/01/2020,12:23:46,5.3,5.05,10668,5.35,10668,0,69342
GAIL30JAN20127.5PE.NFO,07/01/2020,12:23:51,5.3,5.05,10668,5.2,5334,0,69342
GAIL30JAN20127.5PE.NFO,07/01/2020,12:23:55,5.3,5.05,10668,5.2,10668,0,69342
GAIL30JAN20127.5PE.NFO,07/01/2020,12:25:26,5.3,5.05,5334,5.2,10668,0,69342
GAIL30JAN20127.5PE.NFO,07/01/2020,12:25:54,5.3,5,16002,5.2,10668,0,69342
GAIL30JAN20127.5PE.NFO,07/01/2020,12:26:00,5.3,5.05,5334,5.2,10668,0,69342
GAIL30JAN20127.5PE.NFO,07/01/2020,12:26:17,5.3,5,10668,5.15,10668,0,69342
GAIL30JAN20127.5PE.NFO,07/01/2020,12:28:02,5.3,5.05,5334,5.15,5334,0,69342
GAIL30JAN20127.5PE.NFO,07/01/2020,12:28:08,5.3,5.05,10668,5.2,10668,0,69342
GAIL30JAN20127.5PE.NFO,07/01/2020,12:28:11,5.3,5.05,5334,5.15,5334,0,69342
GAIL30JAN20127.5PE.NFO,07/01/2020,12:28:15,5.3,5.05,10668,5.2,10668,0,69342
GAIL30JAN20127.5PE.NFO,07/01/2020,12:28:48,5.3,5.05,5334,5.15,5334,0,69342
GAIL30JAN20127.5PE.NFO,07/01/2020,12:29:23,5.3,5.1,16002,5.25,10668,0,69342
GAIL30JAN20127.5PE.NFO,07/01/2020,12:29:32,5.3,5.1,10668,5.25,10668,0,69342
GAIL30JAN20127.5PE.NFO,07/01/2020,12:30:24,5.3,5.15,16002,5.25,5334,0,69342
GAIL30JAN20127.5PE.NFO,07/01/2020,12:30:41,5.3,5.15,10668,5.3,10668,0,69342
GAIL30JAN20127.5PE.NFO,07/01/2020,12:30:44,5.3,5.15,10668,5.25,5334,0,69342
GAIL30JAN20127.5PE.NFO,07/01/2020,12:30:48,5.3,5.15,10668,5.3,5334,0,69342
GAIL30JAN20127.5PE.NFO,07/01/2020,12:30:52,5.3,5.15,16002,5.3,5334,0,69342
GAIL30JAN20127.5PE.NFO,07/01/2020,12:31:33,5.3,5.2,10668,5.3,5334,0,69342
GAIL30JAN20127.5PE.NFO,07/01/2020,12:31:37,5.3,5.15,16002,5.3,5334,0,69342
GAIL30JAN20127.5PE.NFO,07/01/2020,12:31:51,5.3,5.15,16002,5.35,10668,0,69342
GAIL30JAN20127.5PE.NFO,07/01/2020,12:31:54,5.3,5.15,16002,5.4,10668,0,69342
GAIL30JAN20127.5PE.NFO,07/01/2020,12:32:01,5.3,5.2,10668,5.5,10668,0,69342
GAIL30JAN20127.5PE.NFO,07/01/2020,12:32:05,5.3,5.2,10668,5.4,10668,0,69342
GAIL30JAN20127.5PE.NFO,07/01/2020,12:32:08,5.3,5.2,10668,5.35,5334,0,69342
GAIL30JAN20127.5PE.NFO,07/01/2020,12:32:11,5.3,5.2,10668,5.4,10668,0,69342
GAIL30JAN20127.5PE.NFO,07/01/2020,12:32:14,5.3,5.2,16002,5.5,10668,0,69342
GAIL30JAN20127.5PE.NFO,07/01/2020,12:32:21,5.3,5.2,16002,5.4,10668,0,69342
GAIL30JAN20127.5PE.NFO,07/01/2020,12:32:39,5.3,5.3,10668,5.6,10668,0,69342
GAIL30JAN20127.5PE.NFO,07/01/2020,12:32:48,5.3,5.25,16002,5.5,10668,0,69342
GAIL30JAN20127.5PE.NFO,07/01/2020,12:32:52,5.3,5.25,10668,5.6,10668,0,69342
GAIL30JAN20127.5PE.NFO,07/01/2020,12:32:56,5.3,5.25,10668,5.5,10668,0,69342
GAIL30JAN20127.5PE.NFO,07/01/2020,12:33:04,5.3,5.25,10668,5.6,16002,0,69342
GAIL30JAN20127.5PE.NFO,07/01/2020,12:33:08,5.3,5.25,10668,5.45,5334,0,69342
GAIL30JAN20127.5PE.NFO,07/01/2020,12:33:13,5.3,5.25,10668,5.45,10668,0,69342
GAIL30JAN20127.5PE.NFO,07/01/2020,12:33:17,5.3,5.25,10668,5.55,10668,0,69342
GAIL30JAN20127.5PE.NFO,07/01/2020,12:33:21,5.3,5.25,10668,5.45,10668,0,69342
GAIL30JAN20127.5PE.NFO,07/01/2020,12:33:24,5.3,5.25,10668,5.35,5334,0,69342
GAIL30JAN20127.5PE.NFO,07/01/2020,12:34:03,5.3,5.25,10668,5.4,5334,0,69342
GAIL30JAN20127.5PE.NFO,07/01/2020,12:34:15,5.3,5.25,10668,5.35,5334,0,69342
GAIL30JAN20127.5PE.NFO,07/01/2020,12:37:35,5.3,5.25,5334,5.35,5334,0,69342
GAIL30JAN20127.5PE.NFO,07/01/2020,12:37:39,5.3,5.25,10668,5.35,5334,0,69342
GAIL30JAN20127.5PE.NFO,07/01/2020,12:38:39,5.3,5.25,5334,5.35,5334,0,69342
GAIL30JAN20127.5PE.NFO,07/01/2020,12:38:48,5.3,5.2,5334,5.3,5334,0,69342
GAIL30JAN20127.5PE.NFO,07/01/2020,12:38:52,5.3,5.2,5334,5.35,10668,0,69342
GAIL30JAN20127.5PE.NFO,07/01/2020,12:38:55,5.3,5.2,5334,5.3,5334,0,69342
GAIL30JAN20127.5PE.NFO,07/01/2020,12:39:45,5.3,5.15,16002,5.3,5334,0,69342
GAIL30JAN20127.5PE.NFO,07/01/2020,12:39:51,5.3,5.2,5334,5.3,5334,0,69342
GAIL30JAN20127.5PE.NFO,07/01/2020,12:39:53,5.3,5.15,10668,5.25,5334,0,69342
GAIL30JAN20127.5PE.NFO,07/01/2020,12:39:55,5.3,5.15,16002,5.3,5334,0,69342
GAIL30JAN20127.5PE.NFO,07/01/2020,12:40:57,5.3,5.1,16002,5.25,10668,0,69342
GAIL30JAN20127.5PE.NFO,07/01/2020,12:41:12,5.3,5.15,10668,5.25,10668,0,69342
GAIL30JAN20127.5PE.NFO,07/01/2020,12:41:28,5.3,5.15,16002,5.45,10668,0,69342
GAIL30JAN20127.5PE.NFO,07/01/2020,12:41:30,5.3,5.15,16002,5.3,5334,0,69342
GAIL30JAN20127.5PE.NFO,07/01/2020,12:41:32,5.3,5.15,10668,5.35,5334,0,69342
GAIL30JAN20127.5PE.NFO,07/01/2020,12:41:34,5.3,5.15,10668,5.45,10668,0,69342
GAIL30JAN20127.5PE.NFO,07/01/2020,12:41:36,5.3,5.15,10668,5.3,5334,0,69342
GAIL30JAN20127.5PE.NFO,07/01/2020,12:41:37,5.3,5.15,10668,5.25,5334,0,69342
GAIL30JAN20127.5PE.NFO,07/01/2020,12:41:40,5.3,5.15,16002,5.3,5334,0,69342
GAIL30JAN20127.5PE.NFO,07/01/2020,12:41:43,5.3,5.15,10668,5.25,5334,0,69342
GAIL30JAN20127.5PE.NFO,07/01/2020,12:41:54,5.3,5.15,10668,5.3,10668,0,69342
GAIL30JAN20127.5PE.NFO,07/01/2020,12:41:55,5.3,5.15,10668,5.25,5334,0,69342
GAIL30JAN20127.5PE.NFO,07/01/2020,12:41:58,5.3,5.1,16002,5.25,5334,0,69342
GAIL30JAN20127.5PE.NFO,07/01/2020,12:42:50,5.3,5.15,10668,5.25,5334,0,69342
GAIL30JAN20127.5PE.NFO,07/01/2020,12:42:53,5.3,5.15,10668,5.3,10668,0,69342
GAIL30JAN20127.5PE.NFO,07/01/2020,12:42:56,5.3,5.15,10668,5.25,5334,0,69342
GAIL30JAN20127.5PE.NFO,07/01/2020,12:44:09,5.3,5.15,10668,5.3,10668,0,69342
GAIL30JAN20127.5PE.NFO,07/01/2020,12:44:13,5.3,5.15,10668,5.25,5334,0,69342
GAIL30JAN20127.5PE.NFO,07/01/2020,12:45:47,5.3,5.1,16002,5.25,5334,0,69342
GAIL30JAN20127.5PE.NFO,07/01/2020,12:46:02,5.3,5.15,10668,5.25,5334,0,69342
GAIL30JAN20127.5PE.NFO,07/01/2020,12:47:24,5.3,5.15,10668,5.3,5334,0,69342
GAIL30JAN20127.5PE.NFO,07/01/2020,12:47:29,5.3,5.15,10668,5.3,10668,0,69342
GAIL30JAN20127.5PE.NFO,07/01/2020,12:47:33,5.3,5.15,10668,5.25,5334,0,69342
GAIL30JAN20127.5PE.NFO,07/01/2020,12:48:15,5.3,5.1,5334,5.25,10668,0,69342
GAIL30JAN20127.5PE.NFO,07/01/2020,12:48:25,5.3,5.1,10668,5.25,10668,0,69342
GAIL30JAN20127.5PE.NFO,07/01/2020,12:48:42,5.3,5.05,16002,5.2,10668,0,69342
GAIL30JAN20127.5PE.NFO,07/01/2020,12:48:46,5.3,5.05,10668,5.2,10668,0,69342
GAIL30JAN20127.5PE.NFO,07/01/2020,12:49:08,5.3,5.1,16002,5.25,10668,0,69342
GAIL30JAN20127.5PE.NFO,07/01/2020,12:50:04,5.3,5.1,16002,5.25,5334,0,69342
GAIL30JAN20127.5PE.NFO,07/01/2020,12:50:07,5.3,5.1,16002,5.35,10668,0,69342
GAIL30JAN20127.5PE.NFO,07/01/2020,12:50:14,5.3,5.1,16002,5.25,5334,0,69342
GAIL30JAN20127.5PE.NFO,07/01/2020,12:50:35,5.3,5.15,5334,5.25,5334,0,69342
GAIL30JAN20127.5PE.NFO,07/01/2020,12:52:50,5.3,5.15,10668,5.25,5334,0,69342
GAIL30JAN20127.5PE.NFO,07/01/2020,12:53:21,5.3,5.2,10668,5.3,5334,0,69342
GAIL30JAN20127.5PE.NFO,07/01/2020,12:53:40,5.3,5.15,10668,5.3,10668,0,69342
GAIL30JAN20127.5PE.NFO,07/01/2020,12:54:08,5.3,5.2,5334,5.3,5334,0,69342
GAIL30JAN20127.5PE.NFO,07/01/2020,12:54:39,5.3,5.2,10668,5.3,5334,0,69342
GAIL30JAN20127.5PE.NFO,07/01/2020,12:55:22,5.3,5.2,5334,5.35,5334,0,69342
GAIL30JAN20127.5PE.NFO,07/01/2020,12:55:26,5.3,5.2,10668,5.35,10668,0,69342
GAIL30JAN20127.5PE.NFO,07/01/2020,12:55:51,5.3,5.2,10668,5.4,5334,0,69342
GAIL30JAN20127.5PE.NFO,07/01/2020,12:55:56,5.3,5.2,10668,5.35,5334,0,69342
GAIL30JAN20127.5PE.NFO,07/01/2020,12:55:58,5.3,5.2,10668,5.5,10668,0,69342
GAIL30JAN20127.5PE.NFO,07/01/2020,12:56:07,5.3,5.2,10668,5.45,5334,0,69342
GAIL30JAN20127.5PE.NFO,07/01/2020,12:56:09,5.3,5.2,16002,5.45,5334,0,69342
GAIL30JAN20127.5PE.NFO,07/01/2020,12:56:11,5.3,5.2,16002,5.5,10668,0,69342
GAIL30JAN20127.5PE.NFO,07/01/2020,12:56:14,5.3,5.2,16002,5.4,5334,0,69342
GAIL30JAN20127.5PE.NFO,07/01/2020,12:56:16,5.3,5.2,16002,5.35,5334,0,69342
GAIL30JAN20127.5PE.NFO,07/01/2020,12:57:38,5.3,5.25,10668,5.35,5334,0,69342
GAIL30JAN20127.5PE.NFO,07/01/2020,12:58:08,5.3,5.35,5334,5.45,5334,0,69342
GAIL30JAN20127.5PE.NFO,07/01/2020,12:58:13,5.3,5.35,16002,5.5,5334,0,69342
GAIL30JAN20127.5PE.NFO,07/01/2020,12:58:25,5.3,5.35,10668,5.45,5334,0,69342
GAIL30JAN20127.5PE.NFO,07/01/2020,12:58:36,5.3,5.35,10668,5.5,10668,0,69342
GAIL30JAN20127.5PE.NFO,07/01/2020,12:58:39,5.3,5.35,10668,5.55,10668,0,69342
GAIL30JAN20127.5PE.NFO,07/01/2020,12:58:42,5.3,5.35,10668,5.5,5334,0,69342
GAIL30JAN20127.5PE.NFO,07/01/2020,12:58:46,5.3,5.35,10668,5.65,10668,0,69342
GAIL30JAN20127.5PE.NFO,07/01/2020,12:58:49,5.3,5.3,10668,5.45,5334,0,69342
GAIL30JAN20127.5PE.NFO,07/01/2020,12:58:52,5.3,5.3,10668,5.6,10668,0,69342
GAIL30JAN20127.5PE.NFO,07/01/2020,12:58:58,5.3,5.25,16002,5.6,10668,0,69342
GAIL30JAN20127.5PE.NFO,07/01/2020,12:59:01,5.3,5.3,10668,5.4,5334,0,69342
GAIL30JAN20127.5PE.NFO,07/01/2020,12:59:08,5.3,5.3,16002,5.45,10668,0,69342
GAIL30JAN20127.5PE.NFO,07/01/2020,12:59:13,5.3,5.3,16002,5.55,10668,0,69342
GAIL30JAN20127.5PE.NFO,07/01/2020,12:59:16,5.3,5.3,16002,5.5,5334,0,69342
GAIL30JAN20127.5PE.NFO,07/01/2020,12:59:19,5.3,5.3,16002,5.55,10668,0,69342
GAIL30JAN20127.5PE.NFO,07/01/2020,12:59:25,5.3,5.3,10668,5.45,10668,0,69342
GAIL30JAN20127.5PE.NFO,07/01/2020,12:59:31,5.3,5.25,16002,5.45,5334,0,69342
GAIL30JAN20127.5PE.NFO,07/01/2020,12:59:34,5.3,5.3,10668,5.5,10668,0,69342
GAIL30JAN20127.5PE.NFO,07/01/2020,12:59:40,5.3,5.25,16002,5.55,10668,0,69342
GAIL30JAN20127.5PE.NFO,07/01/2020,12:59:43,5.3,5.3,16002,5.55,10668,0,69342
GAIL30JAN20127.5PE.NFO,07/01/2020,12:59:47,5.3,5.3,16002,5.5,10668,0,69342
GAIL30JAN20127.5PE.NFO,07/01/2020,12:59:51,5.3,5.3,10668,5.5,5334,0,69342
GAIL30JAN20127.5PE.NFO,07/01/2020,12:59:55,5.3,5.3,10668,5.6,10668,0,69342
GAIL30JAN20127.5PE.NFO,07/01/2020,13:00:00,5.3,5.3,5334,5.55,10668,0,69342
GAIL30JAN20127.5PE.NFO,07/01/2020,13:00:04,5.3,5.3,10668,5.65,10668,0,69342
GAIL30JAN20127.5PE.NFO,07/01/2020,13:00:09,5.3,5.3,10668,5.55,5334,0,69342
GAIL30JAN20127.5PE.NFO,07/01/2020,13:00:17,5.3,5.3,16002,5.45,10668,0,69342
GAIL30JAN20127.5PE.NFO,07/01/2020,13:01:05,5.3,5.35,10668,5.5,10668,0,69342
GAIL30JAN20127.5PE.NFO,07/01/2020,13:01:12,5.3,5.3,16002,5.45,5334,0,69342
GAIL30JAN20127.5PE.NFO,07/01/2020,13:01:23,5.3,5.3,16002,5.5,10668,0,69342
GAIL30JAN20127.5PE.NFO,07/01/2020,13:01:41,5.3,5.35,5334,5.5,10668,0,69342
GAIL30JAN20127.5PE.NFO,07/01/2020,13:01:51,5.3,5.35,5334,5.45,10668,0,69342
GAIL30JAN20127.5PE.NFO,07/01/2020,13:02:02,5.3,5.3,10668,5.45,16002,0,69342
GAIL30JAN20127.5PE.NFO,07/01/2020,13:02:07,5.3,5.3,10668,5.45,10668,0,69342
GAIL30JAN20127.5PE.NFO,07/01/2020,13:02:26,5.3,5.3,10668,5.45,16002,0,69342
GAIL30JAN20127.5PE.NFO,07/01/2020,13:02:36,5.3,5.35,5334,5.45,5334,0,69342
GAIL30JAN20127.5PE.NFO,07/01/2020,13:02:42,5.3,5.35,5334,5.45,10668,0,69342
GAIL30JAN20127.5PE.NFO,07/01/2020,13:03:20,5.3,5.35,5334,5.45,16002,0,69342
GAIL30JAN20127.5PE.NFO,07/01/2020,13:03:24,5.3,5.35,10668,5.5,16002,0,69342
GAIL30JAN20127.5PE.NFO,07/01/2020,13:04:10,5.3,5.4,5334,5.5,16002,0,69342
GAIL30JAN20127.5PE.NFO,07/01/2020,13:04:46,5.3,5.4,16002,5.55,10668,0,69342
GAIL30JAN20127.5PE.NFO,07/01/2020,13:05:18,5.3,5.45,10668,5.55,5334,0,69342
GAIL30JAN20127.5PE.NFO,07/01/2020,13:05:24,5.3,5.4,16002,5.55,10668,0,69342
GAIL30JAN20127.5PE.NFO,07/01/2020,13:05:46,5.3,5.45,10668,5.6,10668,0,69342
GAIL30JAN20127.5PE.NFO,07/01/2020,13:06:07,5.3,5.45,16002,5.6,10668,0,69342
GAIL30JAN20127.5PE.NFO,07/01/2020,13:06:26,5.3,5.45,16002,5.6,16002,0,69342
GAIL30JAN20127.5PE.NFO,07/01/2020,13:06:35,5.3,5.5,10668,5.65,10668,0,69342
GAIL30JAN20127.5PE.NFO,07/01/2020,13:06:40,5.3,5.5,5334,5.65,10668,0,69342
GAIL30JAN20127.5PE.NFO,07/01/2020,13:07:04,5.3,5.5,10668,5.65,10668,0,69342
GAIL30JAN20127.5PE.NFO,07/01/2020,13:07:19,5.3,5.5,5334,5.6,10668,0,69342
GAIL30JAN20127.5PE.NFO,07/01/2020,13:07:23,5.3,5.45,16002,5.6,10668,0,69342
GAIL30JAN20127.5PE.NFO,07/01/2020,13:07:32,5.3,5.5,10668,5.65,10668,0,69342
GAIL30JAN20127.5PE.NFO,07/01/2020,13:07:52,5.3,5.55,10668,5.65,5334,0,69342
GAIL30JAN20127.5PE.NFO,07/01/2020,13:08:14,5.3,5.5,16002,5.65,10668,0,69342
GAIL30JAN20127.5PE.NFO,07/01/2020,13:08:20,5.3,5.55,10668,5.8,16002,0,69342
GAIL30JAN20127.5PE.NFO,07/01/2020,13:08:27,5.3,5.6,10668,5.75,5334,0,69342
GAIL30JAN20127.5PE.NFO,07/01/2020,13:08:35,5.3,5.55,10668,5.75,5334,0,69342
GAIL30JAN20127.5PE.NFO,07/01/2020,13:08:41,5.3,5.6,10668,5.9,10668,0,69342
GAIL30JAN20127.5PE.NFO,07/01/2020,13:08:47,5.3,5.6,10668,5.8,10668,0,69342
GAIL30JAN20127.5PE.NFO,07/01/2020,13:08:53,5.3,5.55,10668,5.8,10668,0,69342
GAIL30JAN20127.5PE.NFO,07/01/2020,13:08:59,5.3,5.6,10668,5.8,10668,0,69342
GAIL30JAN20127.5PE.NFO,07/01/2020,13:09:04,5.3,5.6,10668,5.9,10668,0,69342
GAIL30JAN20127.5PE.NFO,07/01/2020,13:09:09,5.3,5.6,10668,5.75,5334,0,69342
GAIL30JAN20127.5PE.NFO,07/01/2020,13:09:17,5.3,5.65,5334,5.9,10668,0,69342
GAIL30JAN20127.5PE.NFO,07/01/2020,13:09:23,5.3,5.6,10668,5.75,5334,0,69342
GAIL30JAN20127.5PE.NFO,07/01/2020,13:09:29,5.3,5.6,10668,5.9,10668,0,69342
GAIL30JAN20127.5PE.NFO,07/01/2020,13:09:35,5.3,5.65,5334,5.8,10668,0,69342
GAIL30JAN20127.5PE.NFO,07/01/2020,13:09:41,5.3,5.65,5334,5.75,5334,0,69342
GAIL30JAN20127.5PE.NFO,07/01/2020,13:09:46,5.3,5.6,5334,5.75,5334,0,69342
GAIL30JAN20127.5PE.NFO,07/01/2020,13:09:53,5.3,5.55,5334,5.7,10668,0,69342
GAIL30JAN20127.5PE.NFO,07/01/2020,13:10:05,5.3,5.65,5334,5.8,5334,0,69342
GAIL30JAN20127.5PE.NFO,07/01/2020,13:10:10,5.3,5.65,10668,5.8,10668,0,69342
GAIL30JAN20127.5PE.NFO,07/01/2020,13:10:47,5.3,5.65,5334,5.8,10668,0,69342
GAIL30JAN20127.5PE.NFO,07/01/2020,13:10:52,5.3,5.7,5334,5.85,5334,0,69342
GAIL30JAN20127.5PE.NFO,07/01/2020,13:10:56,5.3,5.7,5334,5.9,10668,0,69342
GAIL30JAN20127.5PE.NFO,07/01/2020,13:11:05,5.3,5.7,5334,5.85,5334,0,69342
GAIL30JAN20127.5PE.NFO,07/01/2020,13:11:19,5.3,5.7,5334,5.9,10668,0,69342
GAIL30JAN20127.5PE.NFO,07/01/2020,13:11:23,5.3,5.7,5334,5.85,5334,0,69342
GAIL30JAN20127.5PE.NFO,07/01/2020,13:11:28,5.3,5.65,10668,5.9,10668,0,69342
GAIL30JAN20127.5PE.NFO,07/01/2020,13:11:33,5.3,5.6,5334,5.75,5334,0,69342
GAIL30JAN20127.5PE.NFO,07/01/2020,13:11:37,5.3,5.6,5334,5.75,10668,0,69342
GAIL30JAN20127.5PE.NFO,07/01/2020,13:11:41,5.3,5.6,10668,5.7,5334,0,69342
GAIL30JAN20127.5PE.NFO,07/01/2020,13:11:46,5.3,5.6,10668,5.75,5334,0,69342
GAIL30JAN20127.5PE.NFO,07/01/2020,13:11:50,5.3,5.6,10668,5.8,10668,0,69342
GAIL30JAN20127.5PE.NFO,07/01/2020,13:11:54,5.3,5.6,10668,5.75,5334,0,69342
GAIL30JAN20127.5PE.NFO,07/01/2020,13:11:59,5.3,5.6,10668,5.8,10668,0,69342
GAIL30JAN20127.5PE.NFO,07/01/2020,13:12:05,5.3,5.6,16002,5.8,10668,0,69342
GAIL30JAN20127.5PE.NFO,07/01/2020,13:12:16,5.3,5.6,16002,5.75,5334,0,69342
GAIL30JAN20127.5PE.NFO,07/01/2020,13:12:21,5.3,5.6,16002,5.9,10668,0,69342
GAIL30JAN20127.5PE.NFO,07/01/2020,13:12:26,5.3,5.6,16002,5.85,5334,0,69342
GAIL30JAN20127.5PE.NFO,07/01/2020,13:12:30,5.3,5.6,16002,5.9,10668,0,69342
GAIL30JAN20127.5PE.NFO,07/01/2020,13:12:35,5.3,5.6,16002,5.85,5334,0,69342
GAIL30JAN20127.5PE.NFO,07/01/2020,13:12:39,5.3,5.6,16002,5.9,10668,0,69342
GAIL30JAN20127.5PE.NFO,07/01/2020,13:12:44,5.3,5.6,16002,5.8,5334,0,69342
GAIL30JAN20127.5PE.NFO,07/01/2020,13:12:48,5.3,5.6,16002,5.9,10668,0,69342
GAIL30JAN20127.5PE.NFO,07/01/2020,13:12:53,5.3,5.6,10668,5.75,5334,0,69342
GAIL30JAN20127.5PE.NFO,07/01/2020,13:12:59,5.3,5.6,5334,5.9,10668,0,69342
GAIL30JAN20127.5PE.NFO,07/01/2020,13:13:03,5.3,5.6,10668,5.9,10668,0,69342
GAIL30JAN20127.5PE.NFO,07/01/2020,13:13:09,5.3,5.6,10668,5.75,5334,0,69342
GAIL30JAN20127.5PE.NFO,07/01/2020,13:13:12,5.3,5.6,10668,5.8,5334,0,69342
GAIL30JAN20127.5PE.NFO,07/01/2020,13:13:16,5.3,5.6,10668,5.85,5334,0,69342
GAIL30JAN20127.5PE.NFO,07/01/2020,13:13:20,5.3,5.6,10668,5.9,10668,0,69342
GAIL30JAN20127.5PE.NFO,07/01/2020,13:13:27,5.3,5.6,10668,5.85,5334,0,69342
GAIL30JAN20127.5PE.NFO,07/01/2020,13:13:32,5.3,5.6,5334,5.9,10668,0,69342
GAIL30JAN20127.5PE.NFO,07/01/2020,13:13:36,5.3,5.6,5334,5.8,10668,0,69342
GAIL30JAN20127.5PE.NFO,07/01/2020,13:13:40,5.3,5.55,5334,5.75,5334,0,69342
GAIL30JAN20127.5PE.NFO,07/01/2020,13:13:44,5.3,5.55,5334,5.8,10668,0,69342
GAIL30JAN20127.5PE.NFO,07/01/2020,13:13:54,5.3,5.55,16002,5.8,16002,0,69342
GAIL30JAN20127.5PE.NFO,07/01/2020,13:14:00,5.3,5.55,5334,5.8,5334,0,69342
GAIL30JAN20127.5PE.NFO,07/01/2020,13:14:04,5.3,5.55,5334,5.85,10668,0,69342
GAIL30JAN20127.5PE.NFO,07/01/2020,13:14:14,5.3,5.55,5334,5.8,5334,0,69342
GAIL30JAN20127.5PE.NFO,07/01/2020,13:14:33,5.3,5.55,16002,5.85,10668,0,69342
GAIL30JAN20127.5PE.NFO,07/01/2020,13:14:40,5.3,5.55,16002,5.8,5334,0,69342
GAIL30JAN20127.5PE.NFO,07/01/2020,13:14:43,5.3,5.55,5334,5.8,10668,0,69342
GAIL30JAN20127.5PE.NFO,07/01/2020,13:14:46,5.3,5.55,5334,5.75,5334,0,69342
GAIL30JAN20127.5PE.NFO,07/01/2020,13:14:49,5.3,5.55,5334,5.8,10668,0,69342
GAIL30JAN20127.5PE.NFO,07/01/2020,13:15:00,5.3,5.55,5334,5.75,5334,0,69342
GAIL30JAN20127.5PE.NFO,07/01/2020,13:15:06,5.3,5.55,10668,5.75,5334,0,69342
GAIL30JAN20127.5PE.NFO,07/01/2020,13:15:14,5.3,5.55,5334,5.7,5334,0,69342
GAIL30JAN20127.5PE.NFO,07/01/2020,13:15:22,5.3,5.55,10668,5.85,10668,0,69342
GAIL30JAN20127.5PE.NFO,07/01/2020,13:15:28,5.3,5.55,16002,5.8,5334,0,69342
GAIL30JAN20127.5PE.NFO,07/01/2020,13:15:35,5.3,5.55,10668,5.8,5334,0,69342
GAIL30JAN20127.5PE.NFO,07/01/2020,13:15:46,5.3,5.55,10668,5.85,10668,0,69342
GAIL30JAN20127.5PE.NFO,07/01/2020,13:15:53,5.3,5.6,16002,5.9,10668,0,69342
GAIL30JAN20127.5PE.NFO,07/01/2020,13:16:08,5.3,5.6,16002,5.85,5334,0,69342
GAIL30JAN20127.5PE.NFO,07/01/2020,13:16:14,5.3,5.6,16002,5.9,10668,0,69342
GAIL30JAN20127.5PE.NFO,07/01/2020,13:16:25,5.3,5.6,16002,5.85,5334,0,69342
GAIL30JAN20127.5PE.NFO,07/01/2020,13:16:34,5.3,5.6,16002,5.9,10668,0,69342
GAIL30JAN20127.5PE.NFO,07/01/2020,13:16:54,5.3,5.6,16002,5.85,5334,0,69342
GAIL30JAN20127.5PE.NFO,07/01/2020,13:17:03,5.3,5.6,16002,5.9,10668,0,69342
GAIL30JAN20127.5PE.NFO,07/01/2020,13:17:10,5.3,5.6,16002,5.85,5334,0,69342
GAIL30JAN20127.5PE.NFO,07/01/2020,13:17:31,5.3,5.65,16002,5.9,10668,0,69342
GAIL30JAN20127.5PE.NFO,07/01/2020,13:17:48,5.3,5.65,16002,5.85,5334,0,69342
GAIL30JAN20127.5PE.NFO,07/01/2020,13:17:59,5.3,5.65,16002,5.9,10668,0,69342
GAIL30JAN20127.5PE.NFO,07/01/2020,13:18:03,5.3,5.65,16002,5.85,5334,0,69342
GAIL30JAN20127.5PE.NFO,07/01/2020,13:18:27,5.3,5.65,16002,5.9,10668,0,69342
GAIL30JAN20127.5PE.NFO,07/01/2020,13:18:43,5.3,5.7,10668,5.85,5334,0,69342
GAIL30JAN20127.5PE.NFO,07/01/2020,13:18:48,5.3,5.7,10668,5.95,5334,0,69342
GAIL30JAN20127.5PE.NFO,07/01/2020,13:19:32,5.3,5.75,5334,5.9,5334,0,69342
GAIL30JAN20127.5PE.NFO,07/01/2020,13:19:36,5.3,5.75,10668,5.95,5334,0,69342
GAIL30JAN20127.5PE.NFO,07/01/2020,13:20:03,5.3,5.75,5334,5.95,5334,0,69342
GAIL30JAN20127.5PE.NFO,07/01/2020,13:20:11,5.3,5.7,10668,5.95,10668,0,69342
GAIL30JAN20127.5PE.NFO,07/01/2020,13:20:21,5.3,5.7,10668,5.95,5334,0,69342
GAIL30JAN20127.5PE.NFO,07/01/2020,13:20:29,5.3,5.7,5334,5.85,5334,0,69342
GAIL30JAN20127.5PE.NFO,07/01/2020,13:20:54,5.3,5.7,5334,5.9,10668,0,69342
GAIL30JAN20127.5PE.NFO,07/01/2020,13:20:57,5.3,5.7,5334,5.85,5334,0,69342
GAIL30JAN20127.5PE.NFO,07/01/2020,13:21:06,5.3,5.7,10668,5.95,5334,0,69342
GAIL30JAN20127.5PE.NFO,07/01/2020,13:21:12,5.3,5.75,10668,5.95,5334,0,69342
GAIL30JAN20127.5PE.NFO,07/01/2020,13:21:19,5.3,5.75,5334,5.95,5334,0,69342
GAIL30JAN20127.5PE.NFO,07/01/2020,13:21:26,5.3,5.75,5334,5.95,10668,0,69342
GAIL30JAN20127.5PE.NFO,07/01/2020,13:21:31,5.3,5.75,5334,5.95,5334,0,69342
GAIL30JAN20127.5PE.NFO,07/01/2020,13:21:51,5.3,5.75,5334,5.95,10668,0,69342
GAIL30JAN20127.5PE.NFO,07/01/2020,13:21:54,5.3,5.75,5334,5.9,5334,0,69342
GAIL30JAN20127.5PE.NFO,07/01/2020,13:21:58,5.3,5.75,10668,5.9,5334,0,69342
GAIL30JAN20127.5PE.NFO,07/01/2020,13:22:02,5.3,5.75,10668,5.95,5334,0,69342
GAIL30JAN20127.5PE.NFO,07/01/2020,13:22:14,5.3,5.75,5334,5.95,5334,0,69342
GAIL30JAN20127.5PE.NFO,07/01/2020,13:22:53,5.3,5.75,10668,5.95,5334,0,69342
GAIL30JAN20127.5PE.NFO,07/01/2020,13:23:16,5.3,5.75,5334,5.9,5334,0,69342
GAIL30JAN20127.5PE.NFO,07/01/2020,13:23:20,5.3,5.75,5334,5.95,5334,0,69342
GAIL30JAN20127.5PE.NFO,07/01/2020,13:23:35,5.3,5.75,10668,5.95,5334,0,69342
GAIL30JAN20127.5PE.NFO,07/01/2020,13:24:14,5.3,5.75,5334,5.95,5334,0,69342
GAIL30JAN20127.5PE.NFO,07/01/2020,13:24:25,5.3,5.75,10668,5.95,5334,0,69342
GAIL30JAN20127.5PE.NFO,07/01/2020,13:24:32,5.3,5.75,5334,5.95,5334,0,69342
GAIL30JAN20127.5PE.NFO,07/01/2020,13:24:37,5.3,5.7,5334,5.95,5334,0,69342
GAIL30JAN20127.5PE.NFO,07/01/2020,13:24:43,5.3,5.7,10668,5.95,5334,0,69342
GAIL30JAN20127.5PE.NFO,07/01/2020,13:24:51,5.3,5.7,10668,5.95,16002,0,69342
GAIL30JAN20127.5PE.NFO,07/01/2020,13:24:57,5.3,5.7,10668,5.95,5334,0,69342
GAIL30JAN20127.5PE.NFO,07/01/2020,13:25:06,5.3,5.7,5334,5.85,5334,0,69342
GAIL30JAN20127.5PE.NFO,07/01/2020,13:25:12,5.3,5.7,5334,5.9,10668,0,69342
GAIL30JAN20127.5PE.NFO,07/01/2020,13:25:17,5.3,5.7,5334,5.85,5334,0,69342
GAIL30JAN20127.5PE.NFO,07/01/2020,13:25:22,5.3,5.7,10668,5.85,5334,0,69342
GAIL30JAN20127.5PE.NFO,07/01/2020,13:25:37,5.3,5.7,10668,5.9,10668,0,69342
GAIL30JAN20127.5PE.NFO,07/01/2020,13:25:56,5.3,5.7,10668,5.85,5334,0,69342
GAIL30JAN20127.5PE.NFO,07/01/2020,13:26:04,5.3,5.7,10668,5.9,10668,0,69342
GAIL30JAN20127.5PE.NFO,07/01/2020,13:26:13,5.3,5.7,10668,5.85,5334,0,69342
GAIL30JAN20127.5PE.NFO,07/01/2020,13:26:22,5.3,5.7,10668,5.9,10668,0,69342
GAIL30JAN20127.5PE.NFO,07/01/2020,13:27:04,5.3,5.65,5334,5.85,5334,0,69342
GAIL30JAN20127.5PE.NFO,07/01/2020,13:27:09,5.3,5.65,5334,5.8,5334,0,69342
GAIL30JAN20127.5PE.NFO,07/01/2020,13:27:15,5.3,5.6,10668,5.8,10668,0,69342
GAIL30JAN20127.5PE.NFO,07/01/2020,13:27:32,5.3,5.65,16002,5.85,5334,0,69342
GAIL30JAN20127.5PE.NFO,07/01/2020,13:27:42,5.3,5.65,16002,5.95,10668,0,69342
GAIL30JAN20127.5PE.NFO,07/01/2020,13:27:53,5.3,5.75,16002,5.95,10668,0,69342
GAIL30JAN20127.5PE.NFO,07/01/2020,13:27:59,5.3,5.65,10668,5.95,10668,0,69342
GAIL30JAN20127.5PE.NFO,07/01/2020,13:28:04,5.3,5.7,5334,5.95,10668,0,69342
GAIL30JAN20127.5PE.NFO,07/01/2020,13:28:09,5.3,5.7,16002,5.95,10668,0,69342
GAIL30JAN20127.5PE.NFO,07/01/2020,13:28:42,5.3,5.75,10668,5.95,10668,0,69342
GAIL30JAN20127.5PE.NFO,07/01/2020,13:28:47,5.3,5.75,10668,5.95,16002,0,69342
GAIL30JAN20127.5PE.NFO,07/01/2020,13:28:53,5.3,5.8,16002,5.95,5334,0,69342
GAIL30JAN20127.5PE.NFO,07/01/2020,13:29:01,5.3,5.85,5334,6,10668,0,69342
GAIL30JAN20127.5PE.NFO,07/01/2020,13:29:13,5.3,5.85,5334,6,5334,0,69342
GAIL30JAN20127.5PE.NFO,07/01/2020,13:29:19,5.3,5.85,10668,6,5334,0,69342
GAIL30JAN20127.5PE.NFO,07/01/2020,13:29:40,5.3,5.9,5334,6,5334,0,69342
GAIL30JAN20127.5PE.NFO,07/01/2020,13:29:46,5.3,5.9,5334,6.1,10668,0,69342
GAIL30JAN20127.5PE.NFO,07/01/2020,13:30:31,5.3,6.05,5334,6.15,5334,0,69342
GAIL30JAN20127.5PE.NFO,07/01/2020,13:30:37,5.3,6,5334,6.15,10668,0,69342
GAIL30JAN20127.5PE.NFO,07/01/2020,13:30:42,5.3,5.95,10668,6.15,10668,0,69342
GAIL30JAN20127.5PE.NFO,07/01/2020,13:30:47,5.3,6,5334,6.15,5334,0,69342
GAIL30JAN20127.5PE.NFO,07/01/2020,13:30:54,5.3,6,10668,6.15,5334,0,69342
GAIL30JAN20127.5PE.NFO,07/01/2020,13:31:00,5.3,5.95,10668,6.15,5334,0,69342
GAIL30JAN20127.5PE.NFO,07/01/2020,13:31:07,5.3,6,5334,6.15,5334,0,69342
GAIL30JAN20127.5PE.NFO,07/01/2020,13:31:13,5.3,5.9,5334,6.1,5334,0,69342
GAIL30JAN20127.5PE.NFO,07/01/2020,13:31:25,5.3,5.9,5334,6.05,5334,0,69342
GAIL30JAN20127.5PE.NFO,07/01/2020,13:31:30,5.3,5.85,5334,6,5334,0,69342
GAIL30JAN20127.5PE.NFO,07/01/2020,13:31:37,5.3,5.8,10668,6,5334,0,69342
GAIL30JAN20127.5PE.NFO,07/01/2020,13:31:43,5.3,5.8,5334,6,5334,0,69342
GAIL30JAN20127.5PE.NFO,07/01/2020,13:32:05,5.3,5.85,5334,6,5334,0,69342
GAIL30JAN20127.5PE.NFO,07/01/2020,13:32:12,5.3,5.8,10668,6,5334,0,69342
GAIL30JAN20127.5PE.NFO,07/01/2020,13:32:19,5.3,5.85,5334,6.05,5334,0,69342
GAIL30JAN20127.5PE.NFO,07/01/2020,13:34:04,5.3,5.8,5334,6.05,5334,0,69342
GAIL30JAN20127.5PE.NFO,07/01/2020,13:34:14,5.3,5.85,10668,6.05,5334,0,69342
GAIL30JAN20127.5PE.NFO,07/01/2020,13:34:19,5.3,5.8,5334,6.05,5334,0,69342
GAIL30JAN20127.5PE.NFO,07/01/2020,13:34:24,5.3,5.8,5334,6,5334,0,69342
GAIL30JAN20127.5PE.NFO,07/01/2020,13:34:51,5.3,5.75,5334,5.95,5334,0,69342
GAIL30JAN20127.5PE.NFO,07/01/2020,13:35:05,5.3,5.7,10668,5.95,5334,0,69342
GAIL30JAN20127.5PE.NFO,07/01/2020,13:35:11,5.3,5.7,10668,5.95,10668,0,69342
GAIL30JAN20127.5PE.NFO,07/01/2020,13:35:17,5.3,5.7,10668,5.9,5334,0,69342
GAIL30JAN20127.5PE.NFO,07/01/2020,13:35:22,5.3,5.7,5334,5.9,5334,0,69342
GAIL30JAN20127.5PE.NFO,07/01/2020,13:35:28,5.3,5.7,5334,5.95,10668,0,69342
GAIL30JAN20127.5PE.NFO,07/01/2020,13:35:53,5.3,5.7,5334,6.05,10668,0,69342
GAIL30JAN20127.5PE.NFO,07/01/2020,13:35:57,5.3,5.65,5334,5.9,10668,0,69342
GAIL30JAN20127.5PE.NFO,07/01/2020,13:36:19,5.3,5.6,16002,5.85,5334,0,69342
GAIL30JAN20127.5PE.NFO,07/01/2020,13:36:23,5.3,5.6,16002,5.9,5334,0,69342
GAIL30JAN20127.5PE.NFO,07/01/2020,13:36:27,5.3,5.6,16002,5.95,10668,0,69342
GAIL30JAN20127.5PE.NFO,07/01/2020,13:36:41,5.3,5.6,16002,6.05,10668,0,69342
GAIL30JAN20127.5PE.NFO,07/01/2020,13:36:47,5.3,5.6,16002,6.05,21336,0,69342
GAIL30JAN20127.5PE.NFO,07/01/2020,13:36:57,5.3,5.6,10668,5.9,5334,0,69342
GAIL30JAN20127.5PE.NFO,07/01/2020,13:37:02,5.3,5.6,10668,5.95,10668,0,69342
GAIL30JAN20127.5PE.NFO,07/01/2020,13:37:08,5.3,5.6,10668,5.9,5334,0,69342
GAIL30JAN20127.5PE.NFO,07/01/2020,13:37:13,5.3,5.6,10668,5.95,10668,0,69342
GAIL30JAN20127.5PE.NFO,07/01/2020,13:37:18,5.3,5.6,10668,5.9,5334,0,69342
GAIL30JAN20127.5PE.NFO,07/01/2020,13:37:22,5.3,5.6,10668,5.95,10668,0,69342
GAIL30JAN20127.5PE.NFO,07/01/2020,13:37:27,5.3,5.6,16002,5.9,5334,0,69342
GAIL30JAN20127.5PE.NFO,07/01/2020,13:37:32,5.3,5.6,10668,6.05,26670,0,69342
GAIL30JAN20127.5PE.NFO,07/01/2020,13:37:37,5.3,5.6,16002,5.95,10668,0,69342
GAIL30JAN20127.5PE.NFO,07/01/2020,13:37:42,5.3,5.6,10668,5.95,10668,0,69342
GAIL30JAN20127.5PE.NFO,07/01/2020,13:37:46,5.3,5.6,10668,5.9,5334,0,69342
GAIL30JAN20127.5PE.NFO,07/01/2020,13:37:50,5.3,5.6,10668,6.05,26670,0,69342
GAIL30JAN20127.5PE.NFO,07/01/2020,13:37:56,5.3,5.6,10668,5.95,10668,0,69342
GAIL30JAN20127.5PE.NFO,07/01/2020,13:38:01,5.3,5.6,10668,6.05,26670,0,69342
GAIL30JAN20127.5PE.NFO,07/01/2020,13:38:05,5.3,5.6,10668,6,21336,0,69342
GAIL30JAN20127.5PE.NFO,07/01/2020,13:38:12,5.3,5.6,5334,5.9,10668,0,69342
GAIL30JAN20127.5PE.NFO,07/01/2020,13:38:35,5.3,5.6,10668,5.9,10668,0,69342
GAIL30JAN20127.5PE.NFO,07/01/2020,13:39:29,5.3,5.65,5334,5.9,10668,0,69342
GAIL30JAN20127.5PE.NFO,07/01/2020,13:39:33,5.3,5.7,5334,5.9,5334,0,69342
GAIL30JAN20127.5PE.NFO,07/01/2020,13:39:38,5.3,5.7,5334,6.05,16002,0,69342
GAIL30JAN20127.5PE.NFO,07/01/2020,13:39:48,5.3,5.7,5334,6.05,10668,0,69342
GAIL30JAN20127.5PE.NFO,07/01/2020,13:39:53,5.3,5.7,5334,5.95,5334,0,69342
GAIL30JAN20127.5PE.NFO,07/01/2020,13:40:00,5.3,5.7,5334,5.9,5334,0,69342
GAIL30JAN20127.5PE.NFO,07/01/2020,13:40:05,5.3,5.7,5334,5.95,5334,0,69342
GAIL30JAN20127.5PE.NFO,07/01/2020,13:40:09,5.3,5.7,5334,6.05,10668,0,69342
GAIL30JAN20127.5PE.NFO,07/01/2020,13:40:24,5.3,5.7,5334,5.9,5334,0,69342
GAIL30JAN20127.5PE.NFO,07/01/2020,13:40:28,5.3,5.7,5334,6,5334,0,69342
GAIL30JAN20127.5PE.NFO,07/01/2020,13:40:39,5.3,5.7,5334,6.05,10668,0,69342
GAIL30JAN20127.5PE.NFO,07/01/2020,13:40:42,5.3,5.7,5334,6,5334,0,69342
GAIL30JAN20127.5PE.NFO,07/01/2020,13:40:47,5.3,5.7,5334,5.95,5334,0,69342
GAIL30JAN20127.5PE.NFO,07/01/2020,13:41:02,5.3,5.7,5334,5.9,5334,0,69342
GAIL30JAN20127.5PE.NFO,07/01/2020,13:41:06,5.3,5.7,5334,6.05,21336,0,69342
GAIL30JAN20127.5PE.NFO,07/01/2020,13:41:10,5.3,5.7,5334,6.05,16002,0,69342
GAIL30JAN20127.5PE.NFO,07/01/2020,13:41:55,5.3,5.7,16002,6.05,10668,0,69342
GAIL30JAN20127.5PE.NFO,07/01/2020,13:42:10,5.3,5.7,5334,6.05,10668,0,69342
GAIL30JAN20127.5PE.NFO,07/01/2020,13:42:22,5.3,5.7,5334,5.95,10668,0,69342
GAIL30JAN20127.5PE.NFO,07/01/2020,13:42:34,5.3,5.65,5334,5.95,10668,0,69342
GAIL30JAN20127.5PE.NFO,07/01/2020,13:43:37,5.3,5.65,16002,5.95,10668,0,69342
GAIL30JAN20127.5PE.NFO,07/01/2020,13:43:52,5.3,5.7,5334,5.95,5334,0,69342
GAIL30JAN20127.5PE.NFO,07/01/2020,13:43:56,5.3,5.7,10668,5.95,5334,0,69342
GAIL30JAN20127.5PE.NFO,07/01/2020,13:44:19,5.3,5.7,5334,5.95,5334,0,69342
GAIL30JAN20127.5PE.NFO,07/01/2020,13:44:22,5.3,5.75,5334,6.05,5334,0,69342
GAIL30JAN20127.5PE.NFO,07/01/2020,13:44:25,5.3,5.75,10668,6.05,5334,0,69342
GAIL30JAN20127.5PE.NFO,07/01/2020,13:44:31,5.3,5.7,10668,6,5334,0,69342
GAIL30JAN20127.5PE.NFO,07/01/2020,13:44:35,5.3,5.7,5334,5.95,5334,0,69342
GAIL30JAN20127.5PE.NFO,07/01/2020,13:44:38,5.3,5.7,10668,6,5334,0,69342
GAIL30JAN20127.5PE.NFO,07/01/2020,13:44:52,5.3,5.7,5334,6,5334,0,69342
GAIL30JAN20127.5PE.NFO,07/01/2020,13:45:34,5.3,5.7,10668,6,5334,0,69342
GAIL30JAN20127.5PE.NFO,07/01/2020,13:46:43,5.3,5.7,5334,5.95,5334,0,69342
GAIL30JAN20127.5PE.NFO,07/01/2020,13:46:59,5.3,5.65,5334,5.95,5334,0,69342
GAIL30JAN20127.5PE.NFO,07/01/2020,13:47:24,5.3,5.6,10668,5.9,5334,0,69342
GAIL30JAN20127.5PE.NFO,07/01/2020,13:47:30,5.3,5.65,5334,5.9,5334,0,69342
GAIL30JAN20127.5PE.NFO,07/01/2020,13:47:35,5.3,5.6,10668,5.9,5334,0,69342
GAIL30JAN20127.5PE.NFO,07/01/2020,13:47:40,5.3,5.6,5334,5.9,5334,0,69342
GAIL30JAN20127.5PE.NFO,07/01/2020,13:48:11,5.3,5.55,5334,5.85,5334,0,69342
GAIL30JAN20127.5PE.NFO,07/01/2020,13:48:47,5.3,5.5,5334,5.8,5334,0,69342
GAIL30JAN20127.5PE.NFO,07/01/2020,13:49:15,5.3,5.45,10668,5.75,5334,0,69342
GAIL30JAN20127.5PE.NFO,07/01/2020,13:49:25,5.3,5.45,10668,5.8,5334,0,69342
GAIL30JAN20127.5PE.NFO,07/01/2020,13:49:50,5.3,5.5,5334,5.8,5334,0,69342
GAIL30JAN20127.5PE.NFO,07/01/2020,13:49:55,5.3,5.45,10668,5.8,5334,0,69342
GAIL30JAN20127.5PE.NFO,07/01/2020,13:50:12,5.3,5.45,5334,5.75,5334,0,69342
GAIL30JAN20127.5PE.NFO,07/01/2020,13:50:46,5.3,5.4,10668,5.75,5334,0,69342
GAIL30JAN20127.5PE.NFO,07/01/2020,13:50:59,5.3,5.45,5334,5.75,5334,0,69342
GAIL30JAN20127.5PE.NFO,07/01/2020,13:51:06,5.3,5.4,10668,5.75,5334,0,69342
GAIL30JAN20127.5PE.NFO,07/01/2020,13:51:18,5.3,5.45,10668,5.75,5334,0,69342
GAIL30JAN20127.5PE.NFO,07/01/2020,13:51:24,5.3,5.45,16002,5.75,5334,0,69342
GAIL30JAN20127.5PE.NFO,07/01/2020,13:51:34,5.3,5.45,10668,5.75,5334,0,69342
GAIL30JAN20127.5PE.NFO,07/01/2020,13:51:49,5.3,5.45,16002,5.75,5334,0,69342
GAIL30JAN20127.5PE.NFO,07/01/2020,13:52:23,5.3,5.5,10668,5.9,16002,0,69342
GAIL30JAN20127.5PE.NFO,07/01/2020,13:52:31,5.3,5.45,10668,5.9,16002,0,69342
GAIL30JAN20127.5PE.NFO,07/01/2020,13:52:40,5.3,5.45,10668,5.8,10668,0,69342
GAIL30JAN20127.5PE.NFO,07/01/2020,13:52:44,5.3,5.4,10668,5.7,5334,0,69342
GAIL30JAN20127.5PE.NFO,07/01/2020,13:52:49,5.3,5.35,10668,5.7,5334,0,69342
GAIL30JAN20127.5PE.NFO,07/01/2020,13:52:53,5.3,5.35,16002,5.65,5334,0,69342
GAIL30JAN20127.5PE.NFO,07/01/2020,13:53:01,5.3,5.35,16002,5.7,5334,0,69342
GAIL30JAN20127.5PE.NFO,07/01/2020,13:53:10,5.3,5.35,10668,5.7,5334,0,69342
GAIL30JAN20127.5PE.NFO,07/01/2020,13:53:44,5.3,5.4,10668,5.7,5334,0,69342
GAIL30JAN20127.5PE.NFO,07/01/2020,13:53:52,5.3,5.4,10668,5.75,10668,0,69342
GAIL30JAN20127.5PE.NFO,07/01/2020,13:54:21,5.3,5.4,5334,5.7,10668,0,69342
GAIL30JAN20127.5PE.NFO,07/01/2020,13:54:50,5.3,5.35,5334,5.7,10668,0,69342
GAIL30JAN20127.5PE.NFO,07/01/2020,13:54:57,5.3,5.4,5334,5.7,10668,0,69342
GAIL30JAN20127.5PE.NFO,07/01/2020,13:55:06,5.3,5.35,10668,5.65,10668,0,69342
GAIL30JAN20127.5PE.NFO,07/01/2020,13:55:12,5.3,5.35,5334,5.65,10668,0,69342
GAIL30JAN20127.5PE.NFO,07/01/2020,13:55:22,5.3,5.4,5334,5.65,10668,0,69342
GAIL30JAN20127.5PE.NFO,07/01/2020,13:55:36,5.3,5.35,5334,5.65,10668,0,69342
GAIL30JAN20127.5PE.NFO,07/01/2020,13:56:03,5.3,5.4,5334,5.65,10668,0,69342
GAIL30JAN20127.5PE.NFO,07/01/2020,13:56:08,5.3,5.4,5334,5.7,5334,0,69342
GAIL30JAN20127.5PE.NFO,07/01/2020,13:56:13,5.3,5.4,5334,5.85,48006,0,69342
GAIL30JAN20127.5PE.NFO,07/01/2020,13:56:21,5.3,5.4,5334,5.75,10668,0,69342
GAIL30JAN20127.5PE.NFO,07/01/2020,13:56:25,5.3,5.4,5334,5.75,26670,0,69342
GAIL30JAN20127.5PE.NFO,07/01/2020,13:56:29,5.3,5.4,5334,5.85,69342,0,69342
GAIL30JAN20127.5PE.NFO,07/01/2020,13:56:34,5.3,5.4,5334,5.85,64008,0,69342
GAIL30JAN20127.5PE.NFO,07/01/2020,13:56:39,5.3,5.4,5334,5.7,5334,0,69342
GAIL30JAN20127.5PE.NFO,07/01/2020,13:56:44,5.3,5.4,5334,5.85,53340,0,69342
GAIL30JAN20127.5PE.NFO,07/01/2020,13:56:47,5.3,5.4,5334,5.75,10668,0,69342
GAIL30JAN20127.5PE.NFO,07/01/2020,13:56:53,5.3,5.4,5334,5.7,5334,0,69342
GAIL30JAN20127.5PE.NFO,07/01/2020,13:56:58,5.3,5.4,5334,5.85,48006,0,69342
GAIL30JAN20127.5PE.NFO,07/01/2020,13:57:06,5.3,5.4,5334,5.7,5334,0,69342
GAIL30JAN20127.5PE.NFO,07/01/2020,13:57:11,5.3,5.45,5334,5.8,10668,0,69342
GAIL30JAN20127.5PE.NFO,07/01/2020,13:57:20,5.3,5.5,5334,5.8,10668,0,69342
GAIL30JAN20127.5PE.NFO,07/01/2020,13:57:24,5.3,5.55,5334,5.85,5334,0,69342
GAIL30JAN20127.5PE.NFO,07/01/2020,13:57:48,5.3,5.5,10668,5.85,5334,0,69342
GAIL30JAN20127.5PE.NFO,07/01/2020,13:57:53,5.3,5.5,5334,5.8,5334,0,69342
GAIL30JAN20127.5PE.NFO,07/01/2020,13:58:28,5.3,5.5,16002,5.8,5334,0,69342
GAIL30JAN20127.5PE.NFO,07/01/2020,13:59:07,5.3,5.5,16002,5.75,5334,0,69342
GAIL30JAN20127.5PE.NFO,07/01/2020,13:59:13,5.3,5.5,5334,5.75,5334,0,69342
GAIL30JAN20127.5PE.NFO,07/01/2020,13:59:43,5.3,5.45,10668,5.75,5334,0,69342
GAIL30JAN20127.5PE.NFO,07/01/2020,14:02:32,5.3,5.4,10668,5.7,5334,0,69342
GAIL30JAN20127.5PE.NFO,07/01/2020,14:03:07,5.3,5.4,5334,5.7,5334,0,69342
GAIL30JAN20127.5PE.NFO,07/01/2020,14:03:12,5.3,5.45,10668,5.75,5334,0,69342
GAIL30JAN20127.5PE.NFO,07/01/2020,14:03:16,5.3,5.45,5334,5.75,5334,0,69342
GAIL30JAN20127.5PE.NFO,07/01/2020,14:03:27,5.3,5.45,10668,5.75,5334,0,69342
GAIL30JAN20127.5PE.NFO,07/01/2020,14:03:32,5.3,5.45,5334,5.75,5334,0,69342
GAIL30JAN20127.5PE.NFO,07/01/2020,14:03:35,5.3,5.45,10668,5.75,5334,0,69342
GAIL30JAN20127.5PE.NFO,07/01/2020,14:03:39,5.3,5.45,5334,5.75,5334,0,69342
GAIL30JAN20127.5PE.NFO,07/01/2020,14:03:45,5.3,5.4,10668,5.7,5334,0,69342
GAIL30JAN20127.5PE.NFO,07/01/2020,14:04:00,5.3,5.45,5334,5.7,5334,0,69342
GAIL30JAN20127.5PE.NFO,07/01/2020,14:04:48,5.3,5.4,5334,5.7,5334,0,69342
GAIL30JAN20127.5PE.NFO,07/01/2020,14:04:57,5.3,5.45,5334,5.7,5334,0,69342
GAIL30JAN20127.5PE.NFO,07/01/2020,14:05:05,5.3,5.4,5334,5.7,5334,0,69342
GAIL30JAN20127.5PE.NFO,07/01/2020,14:06:35,5.3,5.45,10668,5.9,58674,0,69342
GAIL30JAN20127.5PE.NFO,07/01/2020,14:07:12,5.3,5.45,10668,5.8,10668,0,69342
GAIL30JAN20127.5PE.NFO,07/01/2020,14:07:23,5.3,5.5,5334,5.8,5334,0,69342
GAIL30JAN20127.5PE.NFO,07/01/2020,14:07:29,5.3,5.55,5334,5.8,5334,0,69342
GAIL30JAN20127.5PE.NFO,07/01/2020,14:07:35,5.3,5.6,10668,5.9,5334,0,69342
GAIL30JAN20127.5PE.NFO,07/01/2020,14:08:34,5.3,5.65,5334,6,10668,0,69342
GAIL30JAN20127.5PE.NFO,07/01/2020,14:08:43,5.3,5.7,10668,6,10668,0,69342
GAIL30JAN20127.5PE.NFO,07/01/2020,14:09:51,5.3,5.65,5334,6,10668,0,69342
GAIL30JAN20127.5PE.NFO,07/01/2020,14:09:57,5.3,5.65,10668,6,10668,0,69342
GAIL30JAN20127.5PE.NFO,07/01/2020,14:10:16,5.3,5.7,5334,6,10668,0,69342
GAIL30JAN20127.5PE.NFO,07/01/2020,14:10:37,5.3,5.65,10668,6,10668,0,69342
GAIL30JAN20127.5PE.NFO,07/01/2020,14:11:09,5.3,5.7,5334,6,10668,0,69342
GAIL30JAN20127.5PE.NFO,07/01/2020,14:11:13,5.3,5.65,10668,5.95,5334,0,69342
GAIL30JAN20127.5PE.NFO,07/01/2020,14:11:28,5.3,5.65,5334,5.9,5334,0,69342
GAIL30JAN20127.5PE.NFO,07/01/2020,14:11:39,5.3,5.6,5334,5.9,5334,0,69342
GAIL30JAN20127.5PE.NFO,07/01/2020,14:11:57,5.3,5.6,10668,5.9,5334,0,69342
GAIL30JAN20127.5PE.NFO,07/01/2020,14:12:05,5.3,5.6,5334,5.85,5334,0,69342
GAIL30JAN20127.5PE.NFO,07/01/2020,14:12:10,5.3,5.5,5334,5.8,5334,0,69342
GAIL30JAN20127.5PE.NFO,07/01/2020,14:12:16,5.3,5.5,10668,5.8,5334,0,69342
GAIL30JAN20127.5PE.NFO,07/01/2020,14:12:25,5.3,5.6,10668,5.9,5334,0,69342
GAIL30JAN20127.5PE.NFO,07/01/2020,14:13:32,5.3,5.6,10668,5.9,10668,0,69342
GAIL30JAN20127.5PE.NFO,07/01/2020,14:13:49,5.3,5.55,10668,5.85,10668,0,69342
GAIL30JAN20127.5PE.NFO,07/01/2020,14:14:26,5.3,5.55,5334,5.85,5334,0,69342
GAIL30JAN20127.5PE.NFO,07/01/2020,14:14:30,5.3,5.55,10668,5.85,10668,0,69342
GAIL30JAN20127.5PE.NFO,07/01/2020,14:14:33,5.3,5.55,10668,5.8,5334,0,69342
GAIL30JAN20127.5PE.NFO,07/01/2020,14:14:37,5.3,5.55,10668,5.9,5334,0,69342
GAIL30JAN20127.5PE.NFO,07/01/2020,14:14:41,5.3,5.55,10668,5.95,42672,0,69342
GAIL30JAN20127.5PE.NFO,07/01/2020,14:14:45,5.3,5.55,10668,5.85,10668,0,69342
GAIL30JAN20127.5PE.NFO,07/01/2020,14:14:51,5.3,5.55,10668,5.95,32004,0,69342
GAIL30JAN20127.5PE.NFO,07/01/2020,14:14:55,5.3,5.55,10668,5.85,10668,0,69342
GAIL30JAN20127.5PE.NFO,07/01/2020,14:14:59,5.3,5.55,10668,5.8,5334,0,69342
GAIL30JAN20127.5PE.NFO,07/01/2020,14:15:04,5.3,5.55,10668,5.85,10668,0,69342
GAIL30JAN20127.5PE.NFO,07/01/2020,14:15:19,5.3,5.55,5334,5.8,10668,0,69342
GAIL30JAN20127.5PE.NFO,07/01/2020,14:15:25,5.3,5.5,10668,5.8,5334,0,69342
GAIL30JAN20127.5PE.NFO,07/01/2020,14:15:31,5.3,5.5,10668,5.8,16002,0,69342
GAIL30JAN20127.5PE.NFO,07/01/2020,14:15:36,5.3,5.4,5334,5.75,10668,0,69342
GAIL30JAN20127.5PE.NFO,07/01/2020,14:15:41,5.3,5.45,5334,5.75,10668,0,69342
GAIL30JAN20127.5PE.NFO,07/01/2020,14:15:50,5.3,5.45,10668,5.75,10668,0,69342
GAIL30JAN20127.5PE.NFO,07/01/2020,14:15:57,5.3,5.45,10668,5.7,10668,0,69342
GAIL30JAN20127.5PE.NFO,07/01/2020,14:16:11,5.3,5.55,5334,5.85,10668,0,69342
GAIL30JAN20127.5PE.NFO,07/01/2020,14:16:22,5.3,5.55,5334,5.8,5334,0,69342
GAIL30JAN20127.5PE.NFO,07/01/2020,14:16:25,5.3,5.55,5334,5.95,37338,0,69342
GAIL30JAN20127.5PE.NFO,07/01/2020,14:16:27,5.3,5.55,5334,5.85,21336,0,69342
GAIL30JAN20127.5PE.NFO,07/01/2020,14:16:29,5.3,5.55,5334,5.9,10668,0,69342
GAIL30JAN20127.5PE.NFO,07/01/2020,14:16:31,5.3,5.55,5334,5.8,5334,0,69342
GAIL30JAN20127.5PE.NFO,07/01/2020,14:16:35,5.3,5.55,5334,5.9,21336,0,69342
GAIL30JAN20127.5PE.NFO,07/01/2020,14:16:39,5.3,5.5,5334,5.8,10668,0,69342
GAIL30JAN20127.5PE.NFO,07/01/2020,14:16:44,5.3,5.5,10668,5.8,10668,0,69342
GAIL30JAN20127.5PE.NFO,07/01/2020,14:17:11,5.3,5.55,5334,5.8,10668,0,69342
GAIL30JAN20127.5PE.NFO,07/01/2020,14:17:16,5.3,5.5,5334,5.8,10668,0,69342
GAIL30JAN20127.5PE.NFO,07/01/2020,14:17:20,5.3,5.55,10668,5.8,10668,0,69342
GAIL30JAN20127.5PE.NFO,07/01/2020,14:17:25,5.3,5.6,5334,5.85,5334,0,69342
GAIL30JAN20127.5PE.NFO,07/01/2020,14:17:30,5.3,5.6,5334,5.85,10668,0,69342
GAIL30JAN20127.5PE.NFO,07/01/2020,14:17:34,5.3,5.55,5334,5.85,10668,0,69342
GAIL30JAN20127.5PE.NFO,07/01/2020,14:17:41,5.3,5.6,5334,5.85,10668,0,69342
GAIL30JAN20127.5PE.NFO,07/01/2020,14:17:44,5.3,5.55,5334,5.85,10668,0,69342
GAIL30JAN20127.5PE.NFO,07/01/2020,14:17:47,5.3,5.55,10668,5.85,10668,0,69342
GAIL30JAN20127.5PE.NFO,07/01/2020,14:21:47,5.3,5.55,10668,5.85,5334,0,69342
GAIL30JAN20127.5PE.NFO,07/01/2020,14:23:14,5.3,5.55,10668,5.8,5334,0,69342
GAIL30JAN20127.5PE.NFO,07/01/2020,14:23:16,5.3,5.55,10668,5.85,16002,0,69342
GAIL30JAN20127.5PE.NFO,07/01/2020,14:23:18,5.3,5.55,10668,5.85,5334,0,69342
GAIL30JAN20127.5PE.NFO,07/01/2020,14:23:39,5.3,5.55,10668,5.8,5334,0,69342
GAIL30JAN20127.5PE.NFO,07/01/2020,14:24:10,5.3,5.6,5334,5.9,5334,0,69342
GAIL30JAN20127.5PE.NFO,07/01/2020,14:24:37,5.3,5.55,5334,5.85,10668,0,69342
GAIL30JAN20127.5PE.NFO,07/01/2020,14:24:47,5.3,5.55,16002,5.85,10668,0,69342
GAIL30JAN20127.5PE.NFO,07/01/2020,14:24:54,5.3,5.55,10668,5.85,10668,0,69342
GAIL30JAN20127.5PE.NFO,07/01/2020,14:25:49,5.3,5.55,16002,5.85,10668,0,69342
GAIL30JAN20127.5PE.NFO,07/01/2020,14:26:04,5.3,5.55,16002,5.9,10668,0,69342
GAIL30JAN20127.5PE.NFO,07/01/2020,14:26:13,5.3,5.55,16002,5.85,5334,0,69342
GAIL30JAN20127.5PE.NFO,07/01/2020,14:26:22,5.3,5.55,16002,6,42672,0,69342
GAIL30JAN20127.5PE.NFO,07/01/2020,14:26:26,5.3,5.55,16002,5.9,10668,0,69342
GAIL30JAN20127.5PE.NFO,07/01/2020,14:26:30,5.3,5.55,16002,6,42672,0,69342
GAIL30JAN20127.5PE.NFO,07/01/2020,14:26:34,5.3,5.55,16002,5.9,10668,0,69342
GAIL30JAN20127.5PE.NFO,07/01/2020,14:26:36,5.3,5.55,16002,6,42672,0,69342
GAIL30JAN20127.5PE.NFO,07/01/2020,14:26:42,5.3,5.55,16002,5.9,10668,0,69342
GAIL30JAN20127.5PE.NFO,07/01/2020,14:26:49,5.3,5.55,16002,5.85,5334,0,69342
GAIL30JAN20127.5PE.NFO,07/01/2020,14:26:52,5.3,5.55,16002,5.9,10668,0,69342
GAIL30JAN20127.5PE.NFO,07/01/2020,14:26:57,5.3,5.55,16002,6,42672,0,69342
GAIL30JAN20127.5PE.NFO,07/01/2020,14:27:00,5.3,5.55,16002,5.9,10668,0,69342
GAIL30JAN20127.5PE.NFO,07/01/2020,14:27:09,5.3,5.55,5334,5.85,10668,0,69342
GAIL30JAN20127.5PE.NFO,07/01/2020,14:27:42,5.3,5.55,10668,5.85,10668,0,69342
GAIL30JAN20127.5PE.NFO,07/01/2020,14:27:55,5.3,5.55,5334,5.8,10668,0,69342
GAIL30JAN20127.5PE.NFO,07/01/2020,14:28:40,5.3,5.5,5334,5.8,10668,0,69342
GAIL30JAN20127.5PE.NFO,07/01/2020,14:28:44,5.3,5.55,5334,5.8,10668,0,69342
GAIL30JAN20127.5PE.NFO,07/01/2020,14:29:22,5.3,5.5,5334,5.8,10668,0,69342
GAIL30JAN20127.5PE.NFO,07/01/2020,14:30:02,5.3,5.5,10668,5.8,10668,0,69342
GAIL30JAN20127.5PE.NFO,07/01/2020,14:30:29,5.3,5.5,5334,5.75,10668,0,69342
GAIL30JAN20127.5PE.NFO,07/01/2020,14:30:38,5.3,5.45,5334,5.75,10668,0,69342
GAIL30JAN20127.5PE.NFO,07/01/2020,14:30:46,5.3,5.45,5334,5.7,10668,0,69342
GAIL30JAN20127.5PE.NFO,07/01/2020,14:30:55,5.3,5.45,5334,5.7,5334,0,69342
GAIL30JAN20127.5PE.NFO,07/01/2020,14:31:10,5.3,5.45,5334,5.85,42672,0,69342
GAIL30JAN20127.5PE.NFO,07/01/2020,14:31:17,5.3,5.45,5334,5.7,5334,0,69342
GAIL30JAN20127.5PE.NFO,07/01/2020,14:31:24,5.3,5.45,5334,5.85,32004,0,69342
GAIL30JAN20127.5PE.NFO,07/01/2020,14:31:30,5.3,5.45,5334,5.75,5334,0,69342
GAIL30JAN20127.5PE.NFO,07/01/2020,14:31:50,5.3,5.45,5334,5.85,32004,0,69342
GAIL30JAN20127.5PE.NFO,07/01/2020,14:31:55,5.3,5.45,5334,5.75,10668,0,69342
GAIL30JAN20127.5PE.NFO,07/01/2020,14:32:02,5.3,5.45,5334,5.75,16002,0,69342
GAIL30JAN20127.5PE.NFO,07/01/2020,14:32:08,5.3,5.45,5334,5.7,5334,0,69342
GAIL30JAN20127.5PE.NFO,07/01/2020,14:32:14,5.3,5.45,5334,5.75,10668,0,69342
GAIL30JAN20127.5PE.NFO,07/01/2020,14:32:19,5.3,5.45,5334,5.7,5334,0,69342
GAIL30JAN20127.5PE.NFO,07/01/2020,14:32:26,5.3,5.45,16002,5.85,37338,0,69342
