Ticker,Date,Time,LTP,BuyPrice,BuyQty,SellPrice,SellQty,LTQ,OpenInterest
GAIL27FEB20120CE.NFO,07/01/2020,11:04:34,7.4,6.45,96012,7.5,10668,5334,21336
GAIL27FEB20120CE.NFO,07/01/2020,11:04:34,7.4,6.45,96012,7.5,10668,0,21336
GAIL27FEB20120CE.NFO,07/01/2020,11:04:34,7.4,6.45,96012,7.5,10668,0,21336
GAIL27FEB20120CE.NFO,07/01/2020,11:04:34,7.4,6.45,96012,7.5,10668,0,21336
GAIL27FEB20120CE.NFO,07/01/2020,11:04:39,7.4,6.45,96012,7.5,10668,0,21336
GAIL27FEB20120CE.NFO,07/01/2020,11:05:35,7.4,6.45,96012,7.95,32004,0,21336
GAIL27FEB20120CE.NFO,07/01/2020,11:06:09,7.4,6.45,96012,7.95,10668,0,21336
GAIL27FEB20120CE.NFO,07/01/2020,11:06:22,7.4,6.45,96012,7.95,21336,0,21336
GAIL27FEB20120CE.NFO,07/01/2020,11:06:29,7.4,6.45,96012,7.95,10668,0,21336
GAIL27FEB20120CE.NFO,07/01/2020,11:06:34,7.4,6.45,96012,7.95,21336,0,21336
GAIL27FEB20120CE.NFO,07/01/2020,11:06:48,7.4,6.45,96012,7.95,42672,0,21336
GAIL27FEB20120CE.NFO,07/01/2020,11:07:39,7.4,6.45,96012,7.95,32004,0,21336
GAIL27FEB20120CE.NFO,07/01/2020,11:08:06,7.4,6.45,96012,7.95,21336,0,21336
GAIL27FEB20120CE.NFO,07/01/2020,11:08:25,7.4,6.45,96012,7.95,10668,0,21336
GAIL27FEB20120CE.NFO,07/01/2020,11:08:54,7.4,6.45,96012,7.95,21336,0,21336
GAIL27FEB20120CE.NFO,07/01/2020,11:08:59,7.4,6.45,96012,7.95,32004,0,21336
GAIL27FEB20120CE.NFO,07/01/2020,11:09:22,7.4,6.45,96012,7.95,21336,0,21336
GAIL27FEB20120CE.NFO,07/01/2020,11:10:36,7.4,6.45,96012,7.95,10668,0,21336
GAIL27FEB20120CE.NFO,07/01/2020,11:11:15,7.4,6.45,96012,7.95,21336,0,21336
GAIL27FEB20120CE.NFO,07/01/2020,11:11:47,7.4,6.45,96012,7.95,10668,0,21336
GAIL27FEB20120CE.NFO,07/01/2020,11:11:59,7.4,6.45,96012,7.95,32004,0,21336
GAIL27FEB20120CE.NFO,07/01/2020,11:12:07,7.4,6.45,96012,7.95,42672,0,21336
GAIL27FEB20120CE.NFO,07/01/2020,11:12:15,7.4,6.45,96012,7.95,10668,0,21336
GAIL27FEB20120CE.NFO,07/01/2020,11:13:34,7.4,6.45,96012,7.95,21336,0,21336
GAIL27FEB20120CE.NFO,07/01/2020,11:13:46,7.4,6.45,96012,7.95,10668,0,21336
GAIL27FEB20120CE.NFO,07/01/2020,11:14:21,7.4,6.45,96012,7.95,21336,0,21336
GAIL27FEB20120CE.NFO,07/01/2020,11:16:55,7.4,6.45,96012,7.95,32004,0,21336
GAIL27FEB20120CE.NFO,07/01/2020,11:17:41,7.4,6.45,96012,7.95,21336,0,21336
GAIL27FEB20120CE.NFO,07/01/2020,11:17:47,7.4,6.45,96012,7.95,10668,0,21336
GAIL27FEB20120CE.NFO,07/01/2020,11:17:56,7.4,6.45,96012,7.95,21336,0,21336
GAIL27FEB20120CE.NFO,07/01/2020,11:18:40,7.4,6.45,96012,7.95,10668,0,21336
GAIL27FEB20120CE.NFO,07/01/2020,11:18:47,7.4,6.45,96012,7.95,21336,0,21336
GAIL27FEB20120CE.NFO,07/01/2020,11:19:09,7.4,6.45,96012,7.95,42672,0,21336
GAIL27FEB20120CE.NFO,07/01/2020,11:19:31,7.4,6.45,96012,7.95,53340,0,21336
GAIL27FEB20120CE.NFO,07/01/2020,11:19:38,7.4,6.45,96012,7.95,85344,0,21336
GAIL27FEB20120CE.NFO,07/01/2020,11:19:44,7.4,6.45,96012,7.95,64008,0,21336
GAIL27FEB20120CE.NFO,07/01/2020,11:19:59,7.4,6.45,96012,7.95,42672,0,21336
GAIL27FEB20120CE.NFO,07/01/2020,11:20:04,7.4,6.45,96012,7.95,53340,0,21336
GAIL27FEB20120CE.NFO,07/01/2020,11:20:10,7.4,6.45,96012,7.95,42672,0,21336
GAIL27FEB20120CE.NFO,07/01/2020,11:20:45,7.4,6.45,96012,7.95,21336,0,21336
GAIL27FEB20120CE.NFO,07/01/2020,11:21:16,7.4,6.45,96012,7.95,53340,0,21336
GAIL27FEB20120CE.NFO,07/01/2020,11:21:34,7.4,6.45,96012,7.95,42672,0,21336
GAIL27FEB20120CE.NFO,07/01/2020,11:22:34,7.4,6.45,96012,7.95,53340,0,21336
GAIL27FEB20120CE.NFO,07/01/2020,11:22:39,7.4,6.45,96012,7.95,42672,0,21336
GAIL27FEB20120CE.NFO,07/01/2020,11:22:43,7.4,6.45,96012,7.95,53340,0,21336
GAIL27FEB20120CE.NFO,07/01/2020,11:22:50,7.4,6.45,96012,7.95,42672,0,21336
GAIL27FEB20120CE.NFO,07/01/2020,11:23:03,7.4,6.45,96012,7.95,53340,0,21336
GAIL27FEB20120CE.NFO,07/01/2020,11:23:26,7.4,6.45,96012,7.95,42672,0,21336
GAIL27FEB20120CE.NFO,07/01/2020,11:23:34,7.4,6.45,96012,7.95,21336,0,21336
GAIL27FEB20120CE.NFO,07/01/2020,11:24:09,7.4,6.45,96012,7.95,42672,0,21336
GAIL27FEB20120CE.NFO,07/01/2020,11:24:24,7.4,6.45,96012,7.95,21336,0,21336
GAIL27FEB20120CE.NFO,07/01/2020,11:24:46,7.4,6.45,96012,7.95,42672,0,21336
GAIL27FEB20120CE.NFO,07/01/2020,11:24:55,7.4,6.45,96012,7.95,21336,0,21336
GAIL27FEB20120CE.NFO,07/01/2020,11:24:59,7.4,6.45,96012,7.95,32004,0,21336
GAIL27FEB20120CE.NFO,07/01/2020,11:25:04,7.4,6.45,96012,7.95,21336,0,21336
GAIL27FEB20120CE.NFO,07/01/2020,11:25:54,7.4,6.45,96012,7.95,32004,0,21336
GAIL27FEB20120CE.NFO,07/01/2020,11:26:02,7.4,6.45,96012,7.95,21336,0,21336
GAIL27FEB20120CE.NFO,07/01/2020,11:26:44,7.4,6.45,96012,7.95,32004,0,21336
GAIL27FEB20120CE.NFO,07/01/2020,11:26:56,7.4,6.45,96012,7.95,21336,0,21336
GAIL27FEB20120CE.NFO,07/01/2020,11:27:02,7.4,6.45,96012,7.95,42672,0,21336
GAIL27FEB20120CE.NFO,07/01/2020,11:27:05,7.4,6.45,96012,7.95,21336,0,21336
GAIL27FEB20120CE.NFO,07/01/2020,11:27:08,7.4,6.45,96012,7.95,42672,0,21336
GAIL27FEB20120CE.NFO,07/01/2020,11:27:11,7.4,6.45,96012,7.95,32004,0,21336
GAIL27FEB20120CE.NFO,07/01/2020,11:27:14,7.4,6.45,96012,7.95,21336,0,21336
GAIL27FEB20120CE.NFO,07/01/2020,11:27:23,7.4,6.45,96012,7.95,32004,0,21336
GAIL27FEB20120CE.NFO,07/01/2020,11:27:30,7.4,6.45,96012,7.95,21336,0,21336
GAIL27FEB20120CE.NFO,07/01/2020,11:28:57,7.4,6.45,96012,7.95,10668,0,21336
GAIL27FEB20120CE.NFO,07/01/2020,11:29:37,7.4,6.45,96012,7.95,21336,0,21336
GAIL27FEB20120CE.NFO,07/01/2020,11:30:32,7.4,6.45,96012,7.95,32004,0,21336
GAIL27FEB20120CE.NFO,07/01/2020,11:30:34,7.4,6.45,96012,7.95,21336,0,21336
GAIL27FEB20120CE.NFO,07/01/2020,11:30:42,7.4,6.45,96012,7.95,10668,0,21336
GAIL27FEB20120CE.NFO,07/01/2020,11:30:47,7.4,6.45,96012,7.95,21336,0,21336
GAIL27FEB20120CE.NFO,07/01/2020,11:31:40,7.4,6.45,96012,7.95,10668,0,21336
GAIL27FEB20120CE.NFO,07/01/2020,11:34:16,7.4,6.45,96012,7.95,21336,0,21336
GAIL27FEB20120CE.NFO,07/01/2020,11:35:24,7.4,6.45,96012,7.95,10668,0,21336
GAIL27FEB20120CE.NFO,07/01/2020,11:46:59,7.4,6.45,96012,7.95,21336,0,21336
GAIL27FEB20120CE.NFO,07/01/2020,11:47:07,7.4,6.45,96012,7.95,10668,0,21336
GAIL27FEB20120CE.NFO,07/01/2020,11:47:31,7.4,6.45,96012,7.95,21336,0,21336
GAIL27FEB20120CE.NFO,07/01/2020,11:48:24,7.4,6.45,96012,7.95,10668,0,21336
GAIL27FEB20120CE.NFO,07/01/2020,11:48:38,7.4,6.45,96012,7.95,21336,0,21336
GAIL27FEB20120CE.NFO,07/01/2020,11:48:42,7.4,6.45,96012,7.95,10668,0,21336
GAIL27FEB20120CE.NFO,07/01/2020,11:49:30,7.4,6.45,96012,7.95,21336,0,21336
GAIL27FEB20120CE.NFO,07/01/2020,11:49:36,7.4,6.45,96012,7.95,10668,0,21336
GAIL27FEB20120CE.NFO,07/01/2020,11:50:17,7.4,6.45,96012,7.95,21336,0,21336
GAIL27FEB20120CE.NFO,07/01/2020,11:50:26,7.4,6.45,96012,7.95,10668,0,21336
GAIL27FEB20120CE.NFO,07/01/2020,11:50:57,7.4,6.45,96012,7.95,21336,0,21336
GAIL27FEB20120CE.NFO,07/01/2020,11:51:09,7.4,6.45,96012,7.95,10668,0,21336
GAIL27FEB20120CE.NFO,07/01/2020,12:01:34,7.4,6.45,96012,7.95,21336,0,21336
GAIL27FEB20120CE.NFO,07/01/2020,12:02:37,7.4,6.45,96012,7.95,10668,0,21336
GAIL27FEB20120CE.NFO,07/01/2020,12:22:24,7.4,6.45,96012,8.15,10668,0,21336
GAIL27FEB20120CE.NFO,07/01/2020,12:30:24,7.4,6.45,96012,8.15,21336,0,21336
GAIL27FEB20120CE.NFO,07/01/2020,12:30:41,7.4,6.45,96012,8.15,10668,0,21336
GAIL27FEB20120CE.NFO,07/01/2020,12:31:34,7.4,6.45,96012,8.15,21336,0,21336
GAIL27FEB20120CE.NFO,07/01/2020,12:31:37,7.4,6.45,96012,8.15,10668,0,21336
GAIL27FEB20120CE.NFO,07/01/2020,12:31:41,7.4,6.45,96012,8.15,21336,0,21336
GAIL27FEB20120CE.NFO,07/01/2020,12:32:33,7.4,6.45,96012,8.15,42672,0,21336
GAIL27FEB20120CE.NFO,07/01/2020,12:32:49,7.4,6.45,96012,8.15,21336,0,21336
GAIL27FEB20120CE.NFO,07/01/2020,12:36:19,7.4,6.45,96012,8.15,32004,0,21336
GAIL27FEB20120CE.NFO,07/01/2020,12:36:23,7.4,6.45,96012,8.15,21336,0,21336
GAIL27FEB20120CE.NFO,07/01/2020,12:38:49,7.4,6.45,96012,8.15,10668,0,21336
GAIL27FEB20120CE.NFO,07/01/2020,12:39:03,7.4,6.45,96012,8.15,21336,0,21336
GAIL27FEB20120CE.NFO,07/01/2020,12:39:46,7.4,6.45,96012,8.15,10668,0,21336
GAIL27FEB20120CE.NFO,07/01/2020,12:41:26,7.4,6.45,96012,8.15,21336,0,21336
GAIL27FEB20120CE.NFO,07/01/2020,12:41:32,7.4,6.45,96012,8.15,10668,0,21336
GAIL27FEB20120CE.NFO,07/01/2020,12:53:22,7.4,6.45,96012,8.15,21336,0,21336
GAIL27FEB20120CE.NFO,07/01/2020,12:53:26,7.4,6.45,96012,8.15,10668,0,21336
GAIL27FEB20120CE.NFO,07/01/2020,12:55:41,7.4,6.45,96012,8.15,21336,0,21336
GAIL27FEB20120CE.NFO,07/01/2020,12:58:08,7.4,6.45,96012,8.15,42672,0,21336
GAIL27FEB20120CE.NFO,07/01/2020,12:58:50,7.4,6.45,96012,8.15,21336,0,21336
GAIL27FEB20120CE.NFO,07/01/2020,12:59:02,7.4,6.45,96012,8.15,32004,0,21336
GAIL27FEB20120CE.NFO,07/01/2020,12:59:25,7.4,6.45,96012,8.15,21336,0,21336
GAIL27FEB20120CE.NFO,07/01/2020,12:59:29,7.4,6.45,96012,8.15,42672,0,21336
GAIL27FEB20120CE.NFO,07/01/2020,12:59:32,7.4,6.45,96012,8.15,21336,0,21336
GAIL27FEB20120CE.NFO,07/01/2020,13:01:07,7.4,6.45,96012,8.15,42672,0,21336
GAIL27FEB20120CE.NFO,07/01/2020,13:03:47,7.4,6.45,96012,8.15,53340,0,21336
GAIL27FEB20120CE.NFO,07/01/2020,13:04:59,7.4,6.45,96012,8.15,85344,0,21336
GAIL27FEB20120CE.NFO,07/01/2020,13:05:25,7.4,6.45,96012,8.15,53340,0,21336
GAIL27FEB20120CE.NFO,07/01/2020,13:05:46,7.4,6.45,96012,8.15,85344,0,21336
GAIL27FEB20120CE.NFO,07/01/2020,13:07:53,7.4,6.45,96012,8.15,96012,0,21336
GAIL27FEB20120CE.NFO,07/01/2020,13:08:15,7.4,6.45,96012,8.15,85344,0,21336
GAIL27FEB20120CE.NFO,07/01/2020,13:08:21,7.4,6.45,96012,8.15,96012,0,21336
GAIL27FEB20120CE.NFO,07/01/2020,13:08:54,7.4,6.45,96012,8.15,85344,0,21336
GAIL27FEB20120CE.NFO,07/01/2020,13:08:59,7.4,6.45,96012,8.15,96012,0,21336
GAIL27FEB20120CE.NFO,07/01/2020,13:18:49,7.4,6.45,85344,8.15,96012,0,21336
GAIL27FEB20120CE.NFO,07/01/2020,13:22:49,7.4,6.45,74676,8.15,96012,0,21336
GAIL27FEB20120CE.NFO,07/01/2020,13:28:55,7.4,6.45,64008,8.15,96012,0,21336
GAIL27FEB20120CE.NFO,07/01/2020,13:29:08,7.4,6.45,53340,8.15,96012,0,21336
GAIL27FEB20120CE.NFO,07/01/2020,13:30:32,7.4,6.45,10668,8.15,96012,0,21336
GAIL27FEB20120CE.NFO,07/01/2020,13:34:52,7.4,6.7,64008,8.15,96012,0,16002
GAIL27FEB20120CE.NFO,07/01/2020,13:35:12,7.4,6.7,74676,8.15,96012,0,16002
GAIL27FEB20120CE.NFO,07/01/2020,13:35:58,7.4,6.7,85344,8.15,96012,0,16002
GAIL27FEB20120CE.NFO,07/01/2020,13:39:34,7.4,6.7,74676,8.15,96012,0,16002
GAIL27FEB20120CE.NFO,07/01/2020,13:42:05,7.4,6.7,64008,8.15,96012,0,16002
GAIL27FEB20120CE.NFO,07/01/2020,13:42:11,7.4,6.7,74676,8.15,96012,0,16002
GAIL27FEB20120CE.NFO,07/01/2020,13:44:22,7.4,6.7,64008,8.15,96012,0,16002
GAIL27FEB20120CE.NFO,07/01/2020,13:44:32,7.4,6.7,53340,8.15,96012,0,16002
GAIL27FEB20120CE.NFO,07/01/2020,13:44:52,7.4,6.7,74676,8.15,96012,0,16002
GAIL27FEB20120CE.NFO,07/01/2020,13:46:05,7.4,6.7,42672,8.15,96012,0,16002
GAIL27FEB20120CE.NFO,07/01/2020,13:46:44,7.4,6.7,74676,8.15,96012,0,16002
GAIL27FEB20120CE.NFO,07/01/2020,13:47:52,7.4,6.7,74676,8.15,85344,0,16002
GAIL27FEB20120CE.NFO,07/01/2020,13:48:03,7.4,6.7,74676,8.15,96012,0,16002
GAIL27FEB20120CE.NFO,07/01/2020,13:48:12,7.4,6.7,85344,8.15,96012,0,16002
GAIL27FEB20120CE.NFO,07/01/2020,13:48:23,7.4,6.7,85344,8.15,85344,0,16002
GAIL27FEB20120CE.NFO,07/01/2020,13:49:05,7.4,6.7,96012,8.15,85344,0,16002
GAIL27FEB20120CE.NFO,07/01/2020,13:49:16,7.4,6.7,96012,8.15,64008,0,16002
GAIL27FEB20120CE.NFO,07/01/2020,13:49:26,7.4,6.7,85344,8.15,85344,0,16002
GAIL27FEB20120CE.NFO,07/01/2020,13:49:32,7.4,6.7,85344,8.15,64008,0,16002
GAIL27FEB20120CE.NFO,07/01/2020,13:49:39,7.4,6.7,85344,8.15,85344,0,16002
GAIL27FEB20120CE.NFO,07/01/2020,13:49:43,7.4,6.7,96012,8.15,85344,0,16002
GAIL27FEB20120CE.NFO,07/01/2020,13:50:21,7.4,6.7,96012,8.15,53340,0,16002
GAIL27FEB20120CE.NFO,07/01/2020,13:50:47,7.4,6.7,96012,8.15,42672,0,16002
GAIL27FEB20120CE.NFO,07/01/2020,13:51:00,7.4,6.7,96012,8.15,53340,0,16002
GAIL27FEB20120CE.NFO,07/01/2020,13:51:07,7.4,6.7,96012,8.15,42672,0,16002
GAIL27FEB20120CE.NFO,07/01/2020,13:51:19,7.4,6.7,96012,8.15,53340,0,16002
GAIL27FEB20120CE.NFO,07/01/2020,13:51:25,7.4,6.7,96012,8.15,64008,0,16002
GAIL27FEB20120CE.NFO,07/01/2020,13:51:39,7.4,6.7,96012,8.15,85344,0,16002
GAIL27FEB20120CE.NFO,07/01/2020,13:52:40,7.4,6.7,96012,8.15,53340,0,16002
GAIL27FEB20120CE.NFO,07/01/2020,13:52:49,7.4,6.7,96012,8.15,42672,0,16002
GAIL27FEB20120CE.NFO,07/01/2020,13:52:53,7.4,6.7,96012,8.15,21336,0,16002
GAIL27FEB20120CE.NFO,07/01/2020,13:53:02,7.4,6.7,96012,8.15,42672,0,16002
GAIL27FEB20120CE.NFO,07/01/2020,13:53:46,7.4,6.7,96012,8.15,64008,0,16002
GAIL27FEB20120CE.NFO,07/01/2020,13:53:54,7.4,6.7,96012,8.15,53340,0,16002
GAIL27FEB20120CE.NFO,07/01/2020,13:55:07,7.4,6.7,96012,8.15,42672,0,16002
GAIL27FEB20120CE.NFO,07/01/2020,13:55:23,7.4,6.7,96012,8.15,53340,0,16002
GAIL27FEB20120CE.NFO,07/01/2020,13:55:37,7.4,6.7,96012,8.15,42672,0,16002
GAIL27FEB20120CE.NFO,07/01/2020,13:55:58,7.4,6.7,96012,8.15,64008,0,16002
GAIL27FEB20120CE.NFO,07/01/2020,13:56:09,7.4,6.7,96012,8.15,53340,0,16002
GAIL27FEB20120CE.NFO,07/01/2020,13:56:54,7.4,6.7,96012,8.15,64008,0,16002
GAIL27FEB20120CE.NFO,07/01/2020,13:57:06,7.4,6.7,96012,8.15,53340,0,16002
GAIL27FEB20120CE.NFO,07/01/2020,13:57:11,7.4,6.7,96012,8.15,85344,0,16002
GAIL27FEB20120CE.NFO,07/01/2020,13:57:14,7.4,6.7,85344,8.15,85344,0,16002
GAIL27FEB20120CE.NFO,07/01/2020,13:57:21,7.4,6.7,85344,8.15,96012,0,16002
GAIL27FEB20120CE.NFO,07/01/2020,13:57:25,7.4,6.7,85344,8.15,85344,0,16002
GAIL27FEB20120CE.NFO,07/01/2020,13:57:58,7.4,6.7,85344,8.15,21336,0,16002
GAIL27FEB20120CE.NFO,07/01/2020,13:58:23,7.4,6.7,85344,8.15,85344,0,16002
GAIL27FEB20120CE.NFO,07/01/2020,13:58:29,7.4,6.7,85344,8.15,96012,0,16002
GAIL27FEB20120CE.NFO,07/01/2020,13:58:47,7.4,6.7,85344,8.15,85344,0,16002
GAIL27FEB20120CE.NFO,07/01/2020,13:59:43,7.4,6.7,96012,8.15,85344,0,16002
GAIL27FEB20120CE.NFO,07/01/2020,14:00:23,7.4,6.7,96012,8.15,53340,0,16002
GAIL27FEB20120CE.NFO,07/01/2020,14:00:26,7.4,6.7,96012,8.15,85344,0,16002
GAIL27FEB20120CE.NFO,07/01/2020,14:00:28,7.4,6.7,96012,8.15,53340,0,16002
GAIL27FEB20120CE.NFO,07/01/2020,14:00:30,7.4,6.7,96012,8.15,85344,0,16002
GAIL27FEB20120CE.NFO,07/01/2020,14:00:56,7.4,6.7,85344,8.15,85344,0,16002
GAIL27FEB20120CE.NFO,07/01/2020,14:02:32,7.4,6.7,85344,8.15,42672,0,16002
GAIL27FEB20120CE.NFO,07/01/2020,14:02:40,7.4,6.7,85344,8.15,53340,0,16002
GAIL27FEB20120CE.NFO,07/01/2020,14:03:08,7.4,6.7,96012,8.15,21336,0,16002
GAIL27FEB20120CE.NFO,07/01/2020,14:03:12,7.4,6.7,85344,8.15,85344,0,16002
GAIL27FEB20120CE.NFO,07/01/2020,14:03:16,7.4,6.7,85344,8.15,21336,0,16002
GAIL27FEB20120CE.NFO,07/01/2020,14:03:27,7.4,6.7,85344,8.15,85344,0,16002
GAIL27FEB20120CE.NFO,07/01/2020,14:03:46,7.4,6.7,85344,8.15,53340,0,16002
GAIL27FEB20120CE.NFO,07/01/2020,14:04:40,7.4,6.7,96012,8.15,53340,0,16002
GAIL27FEB20120CE.NFO,07/01/2020,14:04:46,7.4,6.7,85344,8.15,53340,0,16002
GAIL27FEB20120CE.NFO,07/01/2020,14:04:51,7.4,6.7,96012,8.15,53340,0,16002
GAIL27FEB20120CE.NFO,07/01/2020,14:06:35,7.4,6.7,96012,8.15,85344,0,16002
GAIL27FEB20120CE.NFO,07/01/2020,14:06:39,7.4,6.7,96012,8.15,53340,0,16002
GAIL27FEB20120CE.NFO,07/01/2020,14:06:46,7.4,6.7,96012,8.15,64008,0,16002
GAIL27FEB20120CE.NFO,07/01/2020,14:07:24,7.4,6.7,96012,8.15,85344,0,16002
GAIL27FEB20120CE.NFO,07/01/2020,14:08:20,7.4,6.7,85344,8.15,85344,0,16002
GAIL27FEB20120CE.NFO,07/01/2020,14:08:35,7.4,6.7,85344,8.15,96012,0,16002
GAIL27FEB20120CE.NFO,07/01/2020,14:09:09,7.4,6.7,42672,8.15,96012,0,16002
GAIL27FEB20120CE.NFO,07/01/2020,14:09:28,7.4,6.7,53340,8.15,96012,0,16002
GAIL27FEB20120CE.NFO,07/01/2020,14:09:33,7.4,6.7,85344,8.15,96012,0,16002
GAIL27FEB20120CE.NFO,07/01/2020,14:09:37,7.4,6.7,42672,8.15,96012,0,16002
GAIL27FEB20120CE.NFO,07/01/2020,14:09:52,7.4,6.7,85344,8.15,96012,0,16002
GAIL27FEB20120CE.NFO,07/01/2020,14:11:58,7.4,6.7,85344,8.15,85344,0,16002
GAIL27FEB20120CE.NFO,07/01/2020,14:12:02,7.4,6.7,85344,8.15,96012,0,16002
GAIL27FEB20120CE.NFO,07/01/2020,14:12:11,7.4,6.7,85344,8.15,85344,0,16002
GAIL27FEB20120CE.NFO,07/01/2020,14:12:26,7.4,6.7,85344,8.15,96012,0,16002
GAIL27FEB20120CE.NFO,07/01/2020,14:14:26,7.4,6.7,85344,8.15,85344,0,16002
GAIL27FEB20120CE.NFO,07/01/2020,14:14:49,7.4,6.7,85344,8.15,96012,0,16002
GAIL27FEB20120CE.NFO,07/01/2020,14:14:56,7.4,6.7,85344,8.15,85344,0,16002
GAIL27FEB20120CE.NFO,07/01/2020,14:15:05,7.4,6.7,85344,8.15,96012,0,16002
GAIL27FEB20120CE.NFO,07/01/2020,14:15:15,7.4,6.7,85344,8.15,74676,0,16002
GAIL27FEB20120CE.NFO,07/01/2020,14:15:20,7.4,6.7,85344,8.15,53340,0,16002
GAIL27FEB20120CE.NFO,07/01/2020,14:15:26,7.4,6.7,85344,8.15,85344,0,16002
GAIL27FEB20120CE.NFO,07/01/2020,14:15:37,7.4,6.7,96012,8.15,85344,0,16002
GAIL27FEB20120CE.NFO,07/01/2020,14:15:46,7.4,6.7,85344,8.15,85344,0,16002
GAIL27FEB20120CE.NFO,07/01/2020,14:16:11,7.4,6.7,85344,8.15,96012,0,16002
GAIL27FEB20120CE.NFO,07/01/2020,14:16:27,7.4,6.7,85344,8.15,74676,0,16002
GAIL27FEB20120CE.NFO,07/01/2020,14:16:29,7.4,6.7,85344,8.15,42672,0,16002
GAIL27FEB20120CE.NFO,07/01/2020,14:16:39,7.4,6.7,85344,8.15,85344,0,16002
GAIL27FEB20120CE.NFO,07/01/2020,14:16:49,7.4,6.7,85344,8.15,96012,0,16002
GAIL27FEB20120CE.NFO,07/01/2020,14:17:08,7.4,6.7,85344,8.15,85344,0,16002
GAIL27FEB20120CE.NFO,07/01/2020,14:17:17,7.4,6.7,85344,8.15,96012,0,16002
GAIL27FEB20120CE.NFO,07/01/2020,14:19:47,7.4,6.7,74676,8.15,85344,0,16002
GAIL27FEB20120CE.NFO,07/01/2020,14:23:40,7.4,6.7,74676,8.15,74676,0,16002
GAIL27FEB20120CE.NFO,07/01/2020,14:24:11,7.4,6.7,74676,8.15,85344,0,16002
GAIL27FEB20120CE.NFO,07/01/2020,14:24:38,7.4,6.7,85344,8.1,42672,0,16002
GAIL27FEB20120CE.NFO,07/01/2020,14:24:44,7.4,6.7,85344,8.1,85344,0,16002
GAIL27FEB20120CE.NFO,07/01/2020,14:27:10,7.4,6.7,85344,8.1,42672,0,16002
GAIL27FEB20120CE.NFO,07/01/2020,14:27:43,7.4,6.7,85344,8.1,53340,0,16002
GAIL27FEB20120CE.NFO,07/01/2020,14:27:55,7.4,6.7,85344,8.1,85344,0,16002
GAIL27FEB20120CE.NFO,07/01/2020,14:30:30,7.4,6.7,85344,8.1,21336,0,16002
GAIL27FEB20120CE.NFO,07/01/2020,14:30:39,7.4,6.7,85344,8.1,53340,0,16002
GAIL27FEB20120CE.NFO,07/01/2020,14:31:25,7.4,6.7,96012,8.1,53340,0,16002
GAIL27FEB20120CE.NFO,07/01/2020,14:31:44,7.4,6.7,85344,8.1,53340,0,16002
GAIL27FEB20120CE.NFO,07/01/2020,14:32:27,7.4,6.7,85344,8.1,85344,0,16002
GAIL27FEB20120CE.NFO,07/01/2020,14:32:48,7.4,6.7,85344,8.1,64008,0,16002
GAIL27FEB20120CE.NFO,07/01/2020,14:35:16,7.4,6.7,85344,8.1,85344,0,16002
GAIL27FEB20120CE.NFO,07/01/2020,14:35:21,7.4,6.7,85344,8.1,64008,0,16002
GAIL27FEB20120CE.NFO,07/01/2020,14:35:26,7.4,6.7,85344,8.1,42672,0,16002
GAIL27FEB20120CE.NFO,07/01/2020,14:35:31,7.4,6.7,85344,8.1,85344,0,16002
GAIL27FEB20120CE.NFO,07/01/2020,14:37:39,7.4,6.7,96012,8.1,53340,0,16002
GAIL27FEB20120CE.NFO,07/01/2020,14:37:44,7.4,6.7,85344,8.1,85344,0,16002
GAIL27FEB20120CE.NFO,07/01/2020,14:38:47,7.4,6.7,96012,8.1,85344,0,16002
GAIL27FEB20120CE.NFO,07/01/2020,14:38:54,7.4,6.7,85344,8.1,85344,0,16002
GAIL27FEB20120CE.NFO,07/01/2020,14:39:10,7.4,6.7,85344,8.1,42672,0,16002
GAIL27FEB20120CE.NFO,07/01/2020,14:39:14,7.4,6.7,85344,8.1,85344,0,16002
GAIL27FEB20120CE.NFO,07/01/2020,14:40:19,7.4,6.7,85344,8.1,42672,0,16002
GAIL27FEB20120CE.NFO,07/01/2020,14:40:23,7.4,6.7,85344,8.1,74676,0,16002
GAIL27FEB20120CE.NFO,07/01/2020,14:40:27,7.4,6.7,85344,8.1,42672,0,16002
GAIL27FEB20120CE.NFO,07/01/2020,14:40:36,7.4,6.7,85344,8.1,85344,0,16002
GAIL27FEB20120CE.NFO,07/01/2020,14:43:56,7.4,6.7,85344,8.1,74676,0,16002
GAIL27FEB20120CE.NFO,07/01/2020,14:44:01,7.4,6.7,85344,8.1,85344,0,16002
GAIL27FEB20120CE.NFO,07/01/2020,14:44:56,7.4,6.7,85344,8.1,42672,0,16002
GAIL27FEB20120CE.NFO,07/01/2020,14:45:04,7.4,6.7,85344,8.1,85344,0,16002
GAIL27FEB20120CE.NFO,07/01/2020,14:45:25,7.4,6.7,85344,8.1,53340,0,16002
GAIL27FEB20120CE.NFO,07/01/2020,14:45:32,7.4,6.7,85344,8.1,85344,0,16002
GAIL27FEB20120CE.NFO,07/01/2020,14:45:42,7.4,6.7,85344,8.1,42672,0,16002
GAIL27FEB20120CE.NFO,07/01/2020,14:45:48,7.4,6.7,85344,8.1,85344,0,16002
GAIL27FEB20120CE.NFO,07/01/2020,14:48:03,7.4,6.7,85344,8.1,53340,0,16002
GAIL27FEB20120CE.NFO,07/01/2020,14:48:11,7.4,6.7,85344,8.1,42672,0,16002
GAIL27FEB20120CE.NFO,07/01/2020,14:48:27,7.4,6.7,85344,8.1,85344,0,16002
GAIL27FEB20120CE.NFO,07/01/2020,14:50:00,7.4,6.7,85344,8.1,53340,0,16002
GAIL27FEB20120CE.NFO,07/01/2020,14:50:05,7.4,6.7,85344,8.1,85344,0,16002
GAIL27FEB20120CE.NFO,07/01/2020,14:52:42,7.4,6.7,85344,8.1,74676,0,16002
GAIL27FEB20120CE.NFO,07/01/2020,14:53:21,7.4,6.7,85344,8.1,53340,0,16002
GAIL27FEB20120CE.NFO,07/01/2020,14:53:28,7.4,6.7,85344,8.1,74676,0,16002
GAIL27FEB20120CE.NFO,07/01/2020,14:53:33,7.4,6.7,85344,8.1,64008,0,16002
GAIL27FEB20120CE.NFO,07/01/2020,14:53:45,7.4,6.7,85344,8.1,53340,0,16002
GAIL27FEB20120CE.NFO,07/01/2020,14:54:33,7.4,6.7,85344,8.1,64008,0,16002
GAIL27FEB20120CE.NFO,07/01/2020,14:54:45,7.4,6.7,85344,8.1,21336,0,16002
GAIL27FEB20120CE.NFO,07/01/2020,14:54:50,7.4,6.7,85344,8.1,53340,0,16002
GAIL27FEB20120CE.NFO,07/01/2020,14:55:37,7.4,6.7,85344,8.1,64008,0,16002
GAIL27FEB20120CE.NFO,07/01/2020,14:55:43,7.4,6.7,85344,8.1,85344,0,16002
GAIL27FEB20120CE.NFO,07/01/2020,14:57:43,7.4,6.7,74676,8.1,74676,0,16002
GAIL27FEB20120CE.NFO,07/01/2020,14:58:06,7.4,6.7,74676,8.1,85344,0,16002
GAIL27FEB20120CE.NFO,07/01/2020,14:58:09,7.4,6.7,74676,8.1,74676,0,16002
GAIL27FEB20120CE.NFO,07/01/2020,14:59:20,7.4,6.75,85344,8.05,85344,0,16002
GAIL27FEB20120CE.NFO,07/01/2020,14:59:27,7.4,6.8,85344,8.05,42672,0,16002
GAIL27FEB20120CE.NFO,07/01/2020,14:59:30,7.4,6.8,85344,8.05,53340,0,16002
GAIL27FEB20120CE.NFO,07/01/2020,14:59:46,7.4,6.8,21336,8.05,64008,0,16002
GAIL27FEB20120CE.NFO,07/01/2020,14:59:58,7.4,6.8,42672,8.05,53340,0,16002
GAIL27FEB20120CE.NFO,07/01/2020,15:00:06,7.4,6.8,85344,8.05,21336,0,16002
GAIL27FEB20120CE.NFO,07/01/2020,15:00:44,7.4,6.8,64008,8.05,21336,0,16002
GAIL27FEB20120CE.NFO,07/01/2020,15:00:53,7.4,6.8,85344,8.05,21336,0,16002
GAIL27FEB20120CE.NFO,07/01/2020,15:01:40,7.4,6.8,64008,8.05,21336,0,16002
GAIL27FEB20120CE.NFO,07/01/2020,15:01:44,7.4,6.8,85344,8.05,21336,0,16002
GAIL27FEB20120CE.NFO,07/01/2020,15:01:53,7.4,6.8,85344,8.05,42672,0,16002
GAIL27FEB20120CE.NFO,07/01/2020,15:02:05,7.4,6.8,85344,8.05,53340,0,16002
GAIL27FEB20120CE.NFO,07/01/2020,15:02:28,7.4,6.8,85344,8.05,21336,0,16002
GAIL27FEB20120CE.NFO,07/01/2020,15:02:55,7.4,6.8,85344,8.05,42672,0,16002
GAIL27FEB20120CE.NFO,07/01/2020,15:03:05,7.4,6.8,32004,8.05,42672,0,16002
GAIL27FEB20120CE.NFO,07/01/2020,15:03:29,7.4,6.85,10668,8.05,42672,0,16002
GAIL27FEB20120CE.NFO,07/01/2020,15:03:58,7.4,6.85,42672,8.05,53340,0,16002
GAIL27FEB20120CE.NFO,07/01/2020,15:04:36,7.4,6.85,10668,8.05,53340,0,16002
GAIL27FEB20120CE.NFO,07/01/2020,15:04:40,7.4,6.85,42672,8.05,42672,0,16002
GAIL27FEB20120CE.NFO,07/01/2020,15:05:16,7.4,6.85,42672,8.05,53340,0,16002
GAIL27FEB20120CE.NFO,07/01/2020,15:06:10,7.4,6.85,85344,8.05,53340,0,16002
GAIL27FEB20120CE.NFO,07/01/2020,15:06:28,7.4,6.85,85344,8.05,42672,0,16002
GAIL27FEB20120CE.NFO,07/01/2020,15:06:32,7.4,6.85,53340,8.05,53340,0,16002
GAIL27FEB20120CE.NFO,07/01/2020,15:08:03,7.4,6.85,10668,8.05,53340,0,16002
GAIL27FEB20120CE.NFO,07/01/2020,15:10:05,7.4,6.85,85344,8.05,21336,0,16002
GAIL27FEB20120CE.NFO,07/01/2020,15:11:28,7.4,6.85,96012,8.05,21336,0,16002
GAIL27FEB20120CE.NFO,07/01/2020,15:11:34,7.4,6.85,85344,8.05,21336,0,16002
GAIL27FEB20120CE.NFO,07/01/2020,15:16:39,7.4,6.85,85344,8.05,32004,0,16002
GAIL27FEB20120CE.NFO,07/01/2020,15:17:01,7.4,6.85,85344,8.05,21336,0,16002
GAIL27FEB20120CE.NFO,07/01/2020,15:17:23,7.4,6.85,85344,8.05,32004,0,16002
GAIL27FEB20120CE.NFO,07/01/2020,15:17:34,7.4,6.85,74676,8.05,32004,0,16002
GAIL27FEB20120CE.NFO,07/01/2020,15:17:51,7.4,6.85,74676,8.05,21336,0,16002
GAIL27FEB20120CE.NFO,07/01/2020,15:18:00,7.4,6.85,74676,8.05,32004,0,16002
GAIL27FEB20120CE.NFO,07/01/2020,15:19:51,7.4,6.85,74676,8.05,42672,0,16002
GAIL27FEB20120CE.NFO,07/01/2020,15:20:05,7.4,6.85,74676,8.05,21336,0,16002
GAIL27FEB20120CE.NFO,07/01/2020,15:20:11,7.4,6.85,85344,8.05,21336,0,16002
GAIL27FEB20120CE.NFO,07/01/2020,15:21:19,7.4,6.85,74676,8.05,21336,0,16002
GAIL27FEB20120CE.NFO,07/01/2020,15:21:26,7.4,6.85,85344,8.05,21336,0,16002
GAIL27FEB20120CE.NFO,07/01/2020,15:23:13,7.4,6.85,96012,8.05,21336,0,16002
GAIL27FEB20120CE.NFO,07/01/2020,15:24:12,7.4,6.85,85344,8.05,21336,0,16002
GAIL27FEB20120CE.NFO,07/01/2020,15:25:31,7.4,6.85,85344,8.05,32004,0,16002
GAIL27FEB20120CE.NFO,07/01/2020,15:25:51,7.4,6.85,85344,8.05,21336,0,16002
GAIL27FEB20120CE.NFO,07/01/2020,15:26:02,7.4,6.85,85344,8.05,32004,0,16002
GAIL27FEB20120CE.NFO,07/01/2020,15:26:12,7.4,6.85,85344,8.05,42672,0,16002
GAIL27FEB20120CE.NFO,07/01/2020,15:27:08,7.4,6.85,42672,8.05,42672,0,16002
GAIL27FEB20120CE.NFO,07/01/2020,15:27:13,7.4,6.9,21336,8.05,42672,0,16002
GAIL27FEB20120CE.NFO,07/01/2020,15:27:23,7.4,6.9,32004,8.05,42672,0,16002
GAIL27FEB20120CE.NFO,07/01/2020,15:27:36,7.4,6.85,10668,8.05,42672,0,16002
GAIL27FEB20120CE.NFO,07/01/2020,15:28:04,7.4,6.85,53340,8.05,53340,0,16002
GAIL27FEB20120CE.NFO,07/01/2020,15:28:10,7.4,6.85,53340,8.05,21336,0,16002
GAIL27FEB20120CE.NFO,07/01/2020,15:28:15,7.4,6.85,42672,8.05,21336,0,16002
GAIL27FEB20120CE.NFO,07/01/2020,15:28:21,7.4,6.85,32004,8.05,53340,0,16002
GAIL27FEB20120CE.NFO,07/01/2020,15:28:35,7.4,6.75,53340,8.05,53340,0,16002
GAIL27FEB20120CE.NFO,07/01/2020,15:28:39,7.4,6.75,53340,8.05,64008,0,16002
GAIL27FEB20120CE.NFO,07/01/2020,15:29:10,7.4,6.75,42672,8.05,85344,0,16002
GAIL27FEB20120CE.NFO,07/01/2020,15:29:18,7.4,6.75,64008,8.05,96012,0,16002
GAIL27FEB20120CE.NFO,07/01/2020,15:29:24,7.4,6.75,53340,8.05,96012,0,16002
GAIL27FEB20120CE.NFO,07/01/2020,15:29:37,7.4,6.75,53340,8.05,53340,0,16002
GAIL27FEB20120CE.NFO,07/01/2020,15:29:42,7.4,5.95,5334,8.05,53340,0,16002
GAIL27FEB20120CE.NFO,07/01/2020,15:29:48,7.4,5.95,5334,8.05,32004,0,16002
GAIL27FEB20120CE.NFO,07/01/2020,15:29:53,7.4,6.65,64008,8.05,21336,0,16002
GAIL27FEB20120CE.NFO,07/01/2020,15:30:00,7.4,6.65,53340,8.05,21336,0,16002
