Ticker,Date,Time,LTP,BuyPrice,BuyQty,SellPrice,SellQty,LTQ,OpenInterest
GLENMARK30Jan20350PE.NFO,07/01/2020,09:31:30,13.35,12.75,1400,13.5,1400,1400,77000
GLENMARK30Jan20350PE.NFO,07/01/2020,09:31:30,13.35,12.75,1400,13.5,1400,0,77000
GLENMARK30Jan20350PE.NFO,07/01/2020,09:31:30,13.35,12.75,1400,13.5,1400,0,77000
GLENMARK30Jan20350PE.NFO,07/01/2020,09:31:30,13.35,12.75,1400,13.5,1400,0,77000
GLENMARK30Jan20350PE.NFO,07/01/2020,09:31:35,13.35,12.7,1400,13.5,1400,0,77000
GLENMARK30Jan20350PE.NFO,07/01/2020,09:31:41,13.35,12.85,1400,13.4,1400,0,77000
GLENMARK30Jan20350PE.NFO,07/01/2020,09:31:46,13.35,12.9,1400,13.5,1400,0,77000
GLENMARK30Jan20350PE.NFO,07/01/2020,09:31:51,13.35,12.9,1400,13.55,1400,0,77000
GLENMARK30Jan20350PE.NFO,07/01/2020,09:31:56,13.35,13,1400,13.7,1400,0,77000
GLENMARK30Jan20350PE.NFO,07/01/2020,09:32:00,13.35,13.25,1400,14.1,1400,0,77000
GLENMARK30Jan20350PE.NFO,07/01/2020,09:32:05,13.35,13.2,2800,13.8,1400,0,77000
GLENMARK30Jan20350PE.NFO,07/01/2020,09:32:10,13.65,12.95,1400,13.7,1400,1400,77000
GLENMARK30Jan20350PE.NFO,07/01/2020,09:32:10,13.65,12.95,1400,13.7,1400,0,77000
GLENMARK30Jan20350PE.NFO,07/01/2020,09:32:15,13.65,12.9,4200,13.7,1400,0,77000
GLENMARK30Jan20350PE.NFO,07/01/2020,09:32:21,13.65,13.1,1400,13.75,1400,0,77000
GLENMARK30Jan20350PE.NFO,07/01/2020,09:32:28,13.65,13.2,1400,13.85,1400,0,77000
GLENMARK30Jan20350PE.NFO,07/01/2020,09:32:34,13.65,13.2,1400,14.15,2800,0,77000
GLENMARK30Jan20350PE.NFO,07/01/2020,09:32:46,13.65,13.25,1400,14.15,2800,0,77000
GLENMARK30Jan20350PE.NFO,07/01/2020,09:32:52,13.65,13.3,1400,14.15,2800,0,77000
GLENMARK30Jan20350PE.NFO,07/01/2020,09:32:57,13.65,13.1,4200,14.15,2800,0,77000
GLENMARK30Jan20350PE.NFO,07/01/2020,09:33:02,13.65,13.1,1400,14.15,2800,0,77000
GLENMARK30Jan20350PE.NFO,07/01/2020,09:33:08,13.65,13.2,4200,14.15,2800,0,77000
GLENMARK30Jan20350PE.NFO,07/01/2020,09:33:14,13.65,13.25,1400,14.15,2800,0,77000
GLENMARK30Jan20350PE.NFO,07/01/2020,09:33:19,13.65,13.35,1400,14.15,2800,0,77000
GLENMARK30Jan20350PE.NFO,07/01/2020,09:33:25,13.65,13.25,1400,14.15,2800,0,77000
GLENMARK30Jan20350PE.NFO,07/01/2020,09:33:31,13.65,13.35,1400,14.15,2800,0,77000
GLENMARK30Jan20350PE.NFO,07/01/2020,09:33:36,13.65,13.15,1400,14.15,2800,0,77000
GLENMARK30Jan20350PE.NFO,07/01/2020,09:33:41,13.65,13.25,1400,14.15,2800,0,77000
GLENMARK30Jan20350PE.NFO,07/01/2020,09:33:52,13.65,13.2,1400,14.15,2800,0,77000
GLENMARK30Jan20350PE.NFO,07/01/2020,09:34:02,13.65,13.2,2800,14.15,2800,0,77000
GLENMARK30Jan20350PE.NFO,07/01/2020,09:34:48,13.65,13.4,1400,14.15,2800,0,77000
GLENMARK30Jan20350PE.NFO,07/01/2020,09:34:58,13.65,13.45,2800,14.15,2800,0,77000
GLENMARK30Jan20350PE.NFO,07/01/2020,09:35:08,13.65,13.55,1400,14.15,2800,0,77000
GLENMARK30Jan20350PE.NFO,07/01/2020,09:35:13,13.65,13.55,2800,14.45,2800,0,77000
GLENMARK30Jan20350PE.NFO,07/01/2020,09:35:18,13.65,13.55,1400,14.45,2800,0,77000
GLENMARK30Jan20350PE.NFO,07/01/2020,09:35:22,13.65,13.8,1400,14.45,2800,0,77000
GLENMARK30Jan20350PE.NFO,07/01/2020,09:35:28,13.65,13.75,1400,14.4,1400,0,77000
GLENMARK30Jan20350PE.NFO,07/01/2020,09:35:33,13.65,13.6,2800,14.25,1400,0,77000
GLENMARK30Jan20350PE.NFO,07/01/2020,09:35:39,13.65,13.6,1400,14.3,1400,0,77000
GLENMARK30Jan20350PE.NFO,07/01/2020,09:35:46,13.65,13.8,1400,14.4,1400,0,77000
GLENMARK30Jan20350PE.NFO,07/01/2020,09:35:53,13.65,13.8,1400,14.35,1400,0,77000
GLENMARK30Jan20350PE.NFO,07/01/2020,09:36:00,13.65,13.5,1400,14.3,1400,0,77000
GLENMARK30Jan20350PE.NFO,07/01/2020,09:36:06,13.65,13.3,1400,14.25,1400,0,77000
GLENMARK30Jan20350PE.NFO,07/01/2020,09:36:29,13.65,13.5,1400,14.25,1400,0,77000
GLENMARK30Jan20350PE.NFO,07/01/2020,09:36:34,13.65,13.45,1400,14.25,1400,0,77000
GLENMARK30Jan20350PE.NFO,07/01/2020,09:36:38,13.65,13.3,4200,14.25,1400,0,77000
GLENMARK30Jan20350PE.NFO,07/01/2020,09:36:44,13.65,13.45,1400,14.25,1400,0,77000
GLENMARK30Jan20350PE.NFO,07/01/2020,09:36:48,13.65,13.45,2800,14.25,1400,0,77000
GLENMARK30Jan20350PE.NFO,07/01/2020,09:36:53,13.65,13.25,7000,14.25,1400,0,77000
GLENMARK30Jan20350PE.NFO,07/01/2020,09:36:59,13.65,13.5,1400,14.25,1400,0,77000
GLENMARK30Jan20350PE.NFO,07/01/2020,09:37:04,13.65,13.5,1400,14.35,1400,0,77000
GLENMARK30Jan20350PE.NFO,07/01/2020,09:37:09,13.65,13.5,1400,14.3,1400,0,77000
GLENMARK30Jan20350PE.NFO,07/01/2020,09:37:14,13.65,13.4,1400,14.3,1400,0,77000
GLENMARK30Jan20350PE.NFO,07/01/2020,09:37:18,13.65,13.5,2800,14.3,1400,0,77000
GLENMARK30Jan20350PE.NFO,07/01/2020,09:37:23,13.65,13.5,2800,14.45,1400,0,77000
GLENMARK30Jan20350PE.NFO,07/01/2020,09:37:44,13.65,13.55,1400,14.4,1400,0,77000
GLENMARK30Jan20350PE.NFO,07/01/2020,09:37:53,13.65,13.55,2800,14.3,1400,0,77000
GLENMARK30Jan20350PE.NFO,07/01/2020,09:38:07,13.65,13.5,2800,14.3,1400,0,77000
GLENMARK30Jan20350PE.NFO,07/01/2020,09:38:11,13.65,13.5,2800,14.25,1400,0,77000
GLENMARK30Jan20350PE.NFO,07/01/2020,09:38:26,13.65,13.55,1400,14.25,1400,0,77000
GLENMARK30Jan20350PE.NFO,07/01/2020,09:38:31,13.65,13.55,2800,14.25,1400,0,77000
GLENMARK30Jan20350PE.NFO,07/01/2020,09:38:44,13.65,13.55,2800,14.2,1400,0,77000
GLENMARK30Jan20350PE.NFO,07/01/2020,09:39:12,13.65,13.2,7000,14.1,1400,0,77000
GLENMARK30Jan20350PE.NFO,07/01/2020,09:39:18,13.65,13.35,1400,14.05,1400,0,77000
GLENMARK30Jan20350PE.NFO,07/01/2020,09:39:23,14,13.35,1400,14.3,1400,1400,77000
GLENMARK30Jan20350PE.NFO,07/01/2020,09:39:23,14,13.35,1400,14.3,1400,0,77000
GLENMARK30Jan20350PE.NFO,07/01/2020,09:39:29,14,13.35,1400,14.2,1400,0,77000
GLENMARK30Jan20350PE.NFO,07/01/2020,09:39:53,14,13.1,7000,14.2,1400,0,77000
GLENMARK30Jan20350PE.NFO,07/01/2020,09:39:57,14,13.2,9800,14.2,1400,0,77000
GLENMARK30Jan20350PE.NFO,07/01/2020,09:40:02,14,13.4,1400,14.2,1400,0,77000
GLENMARK30Jan20350PE.NFO,07/01/2020,09:40:08,14,13.4,2800,14.2,1400,0,77000
GLENMARK30Jan20350PE.NFO,07/01/2020,09:40:13,14,13.35,5600,14.35,1400,0,77000
GLENMARK30Jan20350PE.NFO,07/01/2020,09:40:19,14,13.2,1400,14.35,1400,0,77000
GLENMARK30Jan20350PE.NFO,07/01/2020,09:40:30,14,13.2,2800,14.35,1400,0,77000
GLENMARK30Jan20350PE.NFO,07/01/2020,09:40:45,14,13.2,2800,14.35,2800,0,77000
GLENMARK30Jan20350PE.NFO,07/01/2020,09:41:25,14,13.2,2800,14.35,1400,0,77000
GLENMARK30Jan20350PE.NFO,07/01/2020,09:41:44,14,12.9,1400,14.35,1400,0,77000
GLENMARK30Jan20350PE.NFO,07/01/2020,09:41:48,14,12.95,1400,14.35,1400,0,77000
GLENMARK30Jan20350PE.NFO,07/01/2020,09:41:54,14,13.2,1400,14.35,1400,0,77000
GLENMARK30Jan20350PE.NFO,07/01/2020,09:42:00,14,13.1,1400,14.35,1400,0,77000
GLENMARK30Jan20350PE.NFO,07/01/2020,09:42:06,14,13.3,2800,14.35,1400,0,77000
GLENMARK30Jan20350PE.NFO,07/01/2020,09:42:13,14,13.35,2800,14.35,1400,0,77000
GLENMARK30Jan20350PE.NFO,07/01/2020,09:42:27,14,13.05,4200,14.35,1400,0,77000
GLENMARK30Jan20350PE.NFO,07/01/2020,09:42:34,14,13.25,2800,14.35,1400,0,77000
GLENMARK30Jan20350PE.NFO,07/01/2020,09:42:47,14,13.5,2800,14.35,1400,0,77000
GLENMARK30Jan20350PE.NFO,07/01/2020,09:42:53,14,13.6,1400,14.35,1400,0,77000
GLENMARK30Jan20350PE.NFO,07/01/2020,09:42:59,14,13.55,2800,14.6,1400,0,77000
GLENMARK30Jan20350PE.NFO,07/01/2020,09:43:05,14,13.65,1400,14.6,1400,0,77000
GLENMARK30Jan20350PE.NFO,07/01/2020,09:43:11,14,13.25,2800,14.6,1400,0,77000
GLENMARK30Jan20350PE.NFO,07/01/2020,09:43:17,14,13.45,2800,14.6,1400,0,77000
GLENMARK30Jan20350PE.NFO,07/01/2020,09:43:26,14,13.2,2800,14.6,1400,0,77000
GLENMARK30Jan20350PE.NFO,07/01/2020,09:43:32,14,13.2,2800,14.5,1400,0,77000
GLENMARK30Jan20350PE.NFO,07/01/2020,09:43:41,14,13.2,1400,14.5,1400,0,77000
GLENMARK30Jan20350PE.NFO,07/01/2020,09:43:46,14,13.5,2800,14.5,1400,0,77000
GLENMARK30Jan20350PE.NFO,07/01/2020,09:43:51,14,13.45,2800,14.5,1400,0,77000
GLENMARK30Jan20350PE.NFO,07/01/2020,09:44:01,14,13.4,4200,14.5,1400,0,77000
GLENMARK30Jan20350PE.NFO,07/01/2020,09:44:07,14,13.6,1400,14.55,1400,0,77000
GLENMARK30Jan20350PE.NFO,07/01/2020,09:44:12,14,13.5,1400,14.55,1400,0,77000
GLENMARK30Jan20350PE.NFO,07/01/2020,09:44:17,14,13.55,1400,14.55,1400,0,77000
GLENMARK30Jan20350PE.NFO,07/01/2020,09:44:23,14,13.6,1400,14.55,1400,0,77000
GLENMARK30Jan20350PE.NFO,07/01/2020,09:44:28,14,13.65,1400,14.6,1400,0,77000
GLENMARK30Jan20350PE.NFO,07/01/2020,09:44:33,14,13.3,4200,14.6,1400,0,77000
GLENMARK30Jan20350PE.NFO,07/01/2020,09:44:39,14,13.55,1400,14.6,1400,0,77000
GLENMARK30Jan20350PE.NFO,07/01/2020,09:44:45,14,13.55,2800,14.5,1400,0,77000
GLENMARK30Jan20350PE.NFO,07/01/2020,09:45:01,14,13.35,1400,14.5,1400,0,77000
GLENMARK30Jan20350PE.NFO,07/01/2020,09:45:07,14,13.6,1400,14.5,1400,0,77000
GLENMARK30Jan20350PE.NFO,07/01/2020,09:45:13,14,13.25,1400,14.5,2800,0,77000
GLENMARK30Jan20350PE.NFO,07/01/2020,09:45:20,14,13.25,2800,14.3,1400,0,77000
GLENMARK30Jan20350PE.NFO,07/01/2020,09:45:40,14,13.15,1400,14.35,1400,0,77000
GLENMARK30Jan20350PE.NFO,07/01/2020,09:45:44,14,13.45,1400,14.35,1400,0,77000
GLENMARK30Jan20350PE.NFO,07/01/2020,09:45:49,14,13.5,2800,14.35,1400,0,77000
GLENMARK30Jan20350PE.NFO,07/01/2020,09:45:54,14,13.6,1400,14.5,1400,0,77000
GLENMARK30Jan20350PE.NFO,07/01/2020,09:46:03,14,13.65,1400,14.5,1400,0,77000
GLENMARK30Jan20350PE.NFO,07/01/2020,09:46:12,14,13.4,7000,14.5,1400,0,77000
GLENMARK30Jan20350PE.NFO,07/01/2020,09:46:17,14,13.7,1400,14.5,1400,0,77000
GLENMARK30Jan20350PE.NFO,07/01/2020,09:46:22,14,13.6,2800,14.5,1400,0,77000
GLENMARK30Jan20350PE.NFO,07/01/2020,09:46:27,14,13.45,8400,14.5,1400,0,77000
GLENMARK30Jan20350PE.NFO,07/01/2020,09:46:33,14,13.45,1400,14.6,1400,0,77000
GLENMARK30Jan20350PE.NFO,07/01/2020,09:46:44,14,13.7,1400,14.6,1400,0,77000
GLENMARK30Jan20350PE.NFO,07/01/2020,09:46:49,14,13.6,1400,14.6,1400,0,77000
GLENMARK30Jan20350PE.NFO,07/01/2020,09:46:57,14,13.7,1400,14.6,1400,0,77000
GLENMARK30Jan20350PE.NFO,07/01/2020,09:47:01,14,13.75,1400,14.6,1400,0,77000
GLENMARK30Jan20350PE.NFO,07/01/2020,09:47:06,14,13.6,1400,14.6,1400,0,77000
GLENMARK30Jan20350PE.NFO,07/01/2020,09:47:24,14,13.45,1400,14.75,2800,0,77000
GLENMARK30Jan20350PE.NFO,07/01/2020,09:47:28,14,13.7,1400,14.75,1400,0,77000
GLENMARK30Jan20350PE.NFO,07/01/2020,09:47:46,14,13.65,1400,14.75,1400,0,77000
GLENMARK30Jan20350PE.NFO,07/01/2020,09:47:51,14,13.7,1400,14.75,1400,0,77000
GLENMARK30Jan20350PE.NFO,07/01/2020,09:47:55,14,13.75,1400,14.75,1400,0,77000
GLENMARK30Jan20350PE.NFO,07/01/2020,09:48:13,14,13.55,1400,14.75,1400,0,77000
GLENMARK30Jan20350PE.NFO,07/01/2020,09:48:25,14,13.9,1400,14.75,2800,0,77000
GLENMARK30Jan20350PE.NFO,07/01/2020,09:48:29,14,13.55,1400,14.75,2800,0,77000
GLENMARK30Jan20350PE.NFO,07/01/2020,09:48:33,14,13.7,1400,14.75,2800,0,77000
GLENMARK30Jan20350PE.NFO,07/01/2020,09:48:38,14,13.55,1400,14.75,2800,0,77000
GLENMARK30Jan20350PE.NFO,07/01/2020,09:48:47,14,13.55,1400,14.75,1400,0,77000
GLENMARK30Jan20350PE.NFO,07/01/2020,09:48:55,14,13.75,1400,14.75,1400,0,77000
GLENMARK30Jan20350PE.NFO,07/01/2020,09:48:59,14,13.8,1400,14.75,1400,0,77000
GLENMARK30Jan20350PE.NFO,07/01/2020,09:49:04,14,13.6,8400,14.75,1400,0,77000
GLENMARK30Jan20350PE.NFO,07/01/2020,09:49:08,14,13.85,1400,14.75,1400,0,77000
GLENMARK30Jan20350PE.NFO,07/01/2020,09:49:11,14,13.55,8400,14.75,1400,0,77000
GLENMARK30Jan20350PE.NFO,07/01/2020,09:49:19,14,13.5,8400,14.75,1400,0,77000
GLENMARK30Jan20350PE.NFO,07/01/2020,09:49:23,14,13.85,1400,14.75,1400,0,77000
GLENMARK30Jan20350PE.NFO,07/01/2020,09:49:29,14,13.85,2800,14.75,1400,0,77000
GLENMARK30Jan20350PE.NFO,07/01/2020,09:49:35,14,13.7,4200,14.75,1400,0,77000
GLENMARK30Jan20350PE.NFO,07/01/2020,09:49:40,14,13.6,5600,14.75,1400,0,77000
GLENMARK30Jan20350PE.NFO,07/01/2020,09:49:45,14,13.55,8400,14.75,1400,0,77000
GLENMARK30Jan20350PE.NFO,07/01/2020,09:49:49,14,13.55,9800,14.75,1400,0,77000
GLENMARK30Jan20350PE.NFO,07/01/2020,09:49:52,14,13.85,1400,14.75,1400,0,77000
GLENMARK30Jan20350PE.NFO,07/01/2020,09:49:55,14,13.85,2800,14.75,1400,0,77000
GLENMARK30Jan20350PE.NFO,07/01/2020,09:49:58,14,13.8,2800,14.75,1400,0,77000
GLENMARK30Jan20350PE.NFO,07/01/2020,09:50:01,14,13.55,9800,14.75,1400,0,77000
GLENMARK30Jan20350PE.NFO,07/01/2020,09:50:04,14.75,13.85,1400,14.95,1400,1400,77000
GLENMARK30Jan20350PE.NFO,07/01/2020,09:50:04,14.75,13.85,1400,14.95,1400,0,77000
GLENMARK30Jan20350PE.NFO,07/01/2020,09:50:09,14.75,13.7,1400,14.95,1400,0,77000
GLENMARK30Jan20350PE.NFO,07/01/2020,09:50:13,14.75,13.9,1400,14.95,1400,0,77000
GLENMARK30Jan20350PE.NFO,07/01/2020,09:50:17,14.75,13.8,1400,14.95,1400,0,77000
GLENMARK30Jan20350PE.NFO,07/01/2020,09:50:21,14.75,13.7,1400,14.95,1400,0,77000
GLENMARK30Jan20350PE.NFO,07/01/2020,09:50:25,14.75,13.9,2800,14.95,1400,0,77000
GLENMARK30Jan20350PE.NFO,07/01/2020,09:50:31,14.75,13.8,1400,14.95,1400,0,77000
GLENMARK30Jan20350PE.NFO,07/01/2020,09:50:34,14.75,13.65,1400,14.95,1400,0,77000
GLENMARK30Jan20350PE.NFO,07/01/2020,09:50:38,14.75,13.85,2800,14.95,1400,0,77000
GLENMARK30Jan20350PE.NFO,07/01/2020,09:50:44,14.75,13.95,1400,15,2800,0,77000
GLENMARK30Jan20350PE.NFO,07/01/2020,09:50:48,14.75,13.85,1400,14.95,1400,0,77000
GLENMARK30Jan20350PE.NFO,07/01/2020,09:50:53,14.75,13.9,1400,14.95,1400,0,77000
GLENMARK30Jan20350PE.NFO,07/01/2020,09:51:02,14.75,13.8,1400,14.95,1400,0,77000
GLENMARK30Jan20350PE.NFO,07/01/2020,09:51:06,14.75,13.9,2800,14.95,1400,0,77000
GLENMARK30Jan20350PE.NFO,07/01/2020,09:51:15,14.75,13.9,1400,14.95,1400,0,77000
GLENMARK30Jan20350PE.NFO,07/01/2020,09:51:20,14.75,13.7,2800,14.85,1400,0,77000
GLENMARK30Jan20350PE.NFO,07/01/2020,09:51:24,14.75,13.7,1400,14.95,1400,0,77000
GLENMARK30Jan20350PE.NFO,07/01/2020,09:51:29,14.75,13.7,2800,14.95,1400,0,77000
GLENMARK30Jan20350PE.NFO,07/01/2020,09:51:38,14.75,13.7,2800,14.85,1400,0,77000
GLENMARK30Jan20350PE.NFO,07/01/2020,09:51:49,14.75,13.7,2800,14.9,2800,0,77000
GLENMARK30Jan20350PE.NFO,07/01/2020,09:51:53,14.75,13.7,2800,14.95,1400,0,77000
GLENMARK30Jan20350PE.NFO,07/01/2020,09:51:57,14.75,13.7,2800,15.05,1400,0,77000
GLENMARK30Jan20350PE.NFO,07/01/2020,09:52:00,14.75,13.9,1400,15.15,1400,0,77000
GLENMARK30Jan20350PE.NFO,07/01/2020,09:52:04,14.75,13.8,1400,15.15,1400,0,77000
GLENMARK30Jan20350PE.NFO,07/01/2020,09:52:09,14.75,13.9,1400,15.15,1400,0,77000
GLENMARK30Jan20350PE.NFO,07/01/2020,09:52:13,14.75,14,1400,15.15,1400,0,77000
GLENMARK30Jan20350PE.NFO,07/01/2020,09:52:18,14.75,13.9,1400,15.15,1400,0,77000
GLENMARK30Jan20350PE.NFO,07/01/2020,09:52:22,14.75,14,1400,15.15,1400,0,77000
GLENMARK30Jan20350PE.NFO,07/01/2020,09:52:32,14.75,14.45,4200,15.45,1400,0,77000
GLENMARK30Jan20350PE.NFO,07/01/2020,09:52:37,14.75,14.55,2800,15.4,1400,0,77000
GLENMARK30Jan20350PE.NFO,07/01/2020,09:52:42,14.75,14.55,2800,15.45,1400,0,77000
GLENMARK30Jan20350PE.NFO,07/01/2020,09:53:27,14.75,14.55,1400,15.45,1400,0,77000
GLENMARK30Jan20350PE.NFO,07/01/2020,09:53:31,14.75,14.15,7000,15.45,1400,0,77000
GLENMARK30Jan20350PE.NFO,07/01/2020,09:53:35,14.75,14.65,2800,15.6,1400,0,77000
GLENMARK30Jan20350PE.NFO,07/01/2020,09:53:40,14.75,14.65,1400,15.6,1400,0,77000
GLENMARK30Jan20350PE.NFO,07/01/2020,09:53:44,14.75,14.95,1400,15.55,2800,0,77000
GLENMARK30Jan20350PE.NFO,07/01/2020,09:53:48,14.75,15.15,2800,15.6,1400,0,77000
GLENMARK30Jan20350PE.NFO,07/01/2020,09:53:53,14.75,15.2,1400,15.6,1400,0,77000
GLENMARK30Jan20350PE.NFO,07/01/2020,09:54:03,14.75,15.2,1400,15.65,1400,0,77000
GLENMARK30Jan20350PE.NFO,07/01/2020,09:54:08,14.75,15.2,1400,15.6,2800,0,77000
GLENMARK30Jan20350PE.NFO,07/01/2020,09:54:13,14.75,15.25,1400,15.6,1400,0,77000
GLENMARK30Jan20350PE.NFO,07/01/2020,09:54:18,14.75,15.2,1400,15.55,1400,0,77000
GLENMARK30Jan20350PE.NFO,07/01/2020,09:54:22,14.75,15.2,1400,15.6,2800,0,77000
GLENMARK30Jan20350PE.NFO,07/01/2020,09:54:32,14.75,15.25,1400,15.6,1400,0,77000
GLENMARK30Jan20350PE.NFO,07/01/2020,09:54:45,14.75,15.2,1400,15.6,1400,0,77000
GLENMARK30Jan20350PE.NFO,07/01/2020,09:55:07,14.75,14.95,1400,15.4,1400,0,77000
GLENMARK30Jan20350PE.NFO,07/01/2020,09:55:12,15,14.9,1400,15.35,1400,1400,78400
GLENMARK30Jan20350PE.NFO,07/01/2020,09:55:12,15,14.9,1400,15.35,1400,0,78400
GLENMARK30Jan20350PE.NFO,07/01/2020,09:55:16,15,14.9,1400,15.35,1400,0,78400
GLENMARK30Jan20350PE.NFO,07/01/2020,09:55:38,15,14.9,1400,15.35,2800,0,78400
GLENMARK30Jan20350PE.NFO,07/01/2020,09:55:47,15,14.9,1400,15.3,2800,0,78400
GLENMARK30Jan20350PE.NFO,07/01/2020,09:56:06,15,14.9,1400,15.35,2800,0,78400
GLENMARK30Jan20350PE.NFO,07/01/2020,09:56:11,15,14.55,1400,15.3,1400,0,78400
GLENMARK30Jan20350PE.NFO,07/01/2020,09:56:21,15,14.55,1400,15.35,2800,0,78400
GLENMARK30Jan20350PE.NFO,07/01/2020,09:56:43,15,14.55,1400,15.4,2800,0,78400
GLENMARK30Jan20350PE.NFO,07/01/2020,09:56:48,15,14.55,1400,15.5,2800,0,78400
GLENMARK30Jan20350PE.NFO,07/01/2020,09:56:52,15,14.55,1400,15.4,1400,0,78400
GLENMARK30Jan20350PE.NFO,07/01/2020,09:57:01,15,14.55,1400,15.5,2800,0,78400
GLENMARK30Jan20350PE.NFO,07/01/2020,09:57:05,15,14.55,1400,15.4,1400,0,78400
GLENMARK30Jan20350PE.NFO,07/01/2020,09:57:27,15,14.55,1400,15.45,1400,0,78400
GLENMARK30Jan20350PE.NFO,07/01/2020,09:57:30,15,14.55,1400,15.55,2800,0,78400
GLENMARK30Jan20350PE.NFO,07/01/2020,09:57:35,15,14.55,1400,15.5,1400,0,78400
GLENMARK30Jan20350PE.NFO,07/01/2020,09:57:38,15,14.55,1400,15.55,2800,0,78400
GLENMARK30Jan20350PE.NFO,07/01/2020,09:57:43,15,14.55,1400,15.5,2800,0,78400
GLENMARK30Jan20350PE.NFO,07/01/2020,09:57:56,15,14.55,1400,15.55,2800,0,78400
GLENMARK30Jan20350PE.NFO,07/01/2020,09:58:01,15,14.55,1400,15.5,2800,0,78400
GLENMARK30Jan20350PE.NFO,07/01/2020,09:58:13,15,14.55,1400,15.45,2800,0,78400
GLENMARK30Jan20350PE.NFO,07/01/2020,09:58:32,15,14.55,1400,15.45,1400,0,78400
GLENMARK30Jan20350PE.NFO,07/01/2020,09:58:41,15,14.55,1400,15.5,2800,0,78400
GLENMARK30Jan20350PE.NFO,07/01/2020,09:58:52,15,14.55,1400,15.5,1400,0,78400
GLENMARK30Jan20350PE.NFO,07/01/2020,09:58:58,15,14.65,1400,15.5,1400,0,78400
GLENMARK30Jan20350PE.NFO,07/01/2020,09:59:17,15,14.65,1400,15.55,1400,0,78400
GLENMARK30Jan20350PE.NFO,07/01/2020,09:59:26,15,14.65,1400,15.6,2800,0,78400
GLENMARK30Jan20350PE.NFO,07/01/2020,09:59:35,15,14.65,1400,15.55,1400,0,78400
GLENMARK30Jan20350PE.NFO,07/01/2020,09:59:50,15,14.65,1400,15.6,2800,0,78400
GLENMARK30Jan20350PE.NFO,07/01/2020,10:00:03,15,14.55,1400,15.4,2800,0,78400
GLENMARK30Jan20350PE.NFO,07/01/2020,10:00:21,15,14.55,1400,15.35,1400,0,78400
GLENMARK30Jan20350PE.NFO,07/01/2020,10:00:35,15,14.55,1400,15.35,2800,0,78400
GLENMARK30Jan20350PE.NFO,07/01/2020,10:00:39,15,14.55,1400,15.3,1400,0,78400
GLENMARK30Jan20350PE.NFO,07/01/2020,10:00:50,15,14.55,1400,15.3,2800,0,78400
GLENMARK30Jan20350PE.NFO,07/01/2020,10:01:13,15,14.55,1400,15.35,1400,0,78400
GLENMARK30Jan20350PE.NFO,07/01/2020,10:01:26,15,14.5,4200,15.35,1400,0,78400
GLENMARK30Jan20350PE.NFO,07/01/2020,10:01:32,15,14.5,4200,15.4,1400,0,78400
GLENMARK30Jan20350PE.NFO,07/01/2020,10:01:44,15,14.25,7000,15.45,2800,0,78400
GLENMARK30Jan20350PE.NFO,07/01/2020,10:01:49,15,14.7,1400,15.5,1400,0,78400
GLENMARK30Jan20350PE.NFO,07/01/2020,10:01:54,15,14.75,1400,15.5,1400,0,78400
GLENMARK30Jan20350PE.NFO,07/01/2020,10:02:16,15,14.75,1400,15.45,1400,0,78400
GLENMARK30Jan20350PE.NFO,07/01/2020,10:02:21,15,14.55,1400,15.35,1400,0,78400
GLENMARK30Jan20350PE.NFO,07/01/2020,10:02:27,15,14.55,1400,15.4,2800,0,78400
GLENMARK30Jan20350PE.NFO,07/01/2020,10:02:37,15,14.55,1400,15.35,2800,0,78400
GLENMARK30Jan20350PE.NFO,07/01/2020,10:02:53,15,14.55,1400,15.3,1400,0,78400
GLENMARK30Jan20350PE.NFO,07/01/2020,10:03:02,15,14.55,1400,15.3,2800,0,78400
GLENMARK30Jan20350PE.NFO,07/01/2020,10:03:11,15,14.25,1400,15.25,1400,0,78400
GLENMARK30Jan20350PE.NFO,07/01/2020,10:03:36,15,14.25,1400,15.35,2800,0,78400
GLENMARK30Jan20350PE.NFO,07/01/2020,10:03:41,15,14.25,1400,15.3,2800,0,78400
GLENMARK30Jan20350PE.NFO,07/01/2020,10:04:04,15,14.25,1400,15.2,1400,0,78400
GLENMARK30Jan20350PE.NFO,07/01/2020,10:04:09,15,14.25,1400,15.3,2800,0,78400
GLENMARK30Jan20350PE.NFO,07/01/2020,10:04:14,15,14.35,1400,15.3,2800,0,78400
GLENMARK30Jan20350PE.NFO,07/01/2020,10:04:26,15,14.35,1400,15.25,2800,0,78400
GLENMARK30Jan20350PE.NFO,07/01/2020,10:04:36,15,14.35,1400,15.2,2800,0,78400
GLENMARK30Jan20350PE.NFO,07/01/2020,10:05:00,15,14.35,1400,15.15,1400,0,78400
GLENMARK30Jan20350PE.NFO,07/01/2020,10:05:12,15,14.35,1400,15.2,2800,0,78400
GLENMARK30Jan20350PE.NFO,07/01/2020,10:05:19,15,14.35,1400,15.3,2800,0,78400
GLENMARK30Jan20350PE.NFO,07/01/2020,10:05:29,15,14.45,1400,15.3,1400,0,78400
GLENMARK30Jan20350PE.NFO,07/01/2020,10:05:40,15,14.45,1400,15.3,2800,0,78400
GLENMARK30Jan20350PE.NFO,07/01/2020,10:05:57,15,14.45,1400,15.25,2800,0,78400
GLENMARK30Jan20350PE.NFO,07/01/2020,10:06:02,15,14.45,1400,15.2,1400,0,78400
GLENMARK30Jan20350PE.NFO,07/01/2020,10:06:35,15,14.45,1400,15.35,2800,0,78400
GLENMARK30Jan20350PE.NFO,07/01/2020,10:06:45,15,14.45,1400,15.3,2800,0,78400
GLENMARK30Jan20350PE.NFO,07/01/2020,10:06:56,15,14.45,1400,15.5,1400,0,78400
GLENMARK30Jan20350PE.NFO,07/01/2020,10:07:00,15,14.45,1400,15.35,2800,0,78400
GLENMARK30Jan20350PE.NFO,07/01/2020,10:07:11,15,14.7,1400,15.4,2800,0,78400
GLENMARK30Jan20350PE.NFO,07/01/2020,10:07:21,15,14.7,1400,15.4,1400,0,78400
GLENMARK30Jan20350PE.NFO,07/01/2020,10:07:37,15,14.8,1400,15.45,1400,0,78400
GLENMARK30Jan20350PE.NFO,07/01/2020,10:07:52,15,14.8,1400,15.4,2800,0,78400
GLENMARK30Jan20350PE.NFO,07/01/2020,10:08:06,15,14.8,1400,15.35,1400,0,78400
GLENMARK30Jan20350PE.NFO,07/01/2020,10:08:11,15,14.8,1400,15.45,2800,0,78400
GLENMARK30Jan20350PE.NFO,07/01/2020,10:08:16,15,14.8,1400,15.6,1400,0,78400
GLENMARK30Jan20350PE.NFO,07/01/2020,10:08:21,15,14.8,1400,15.35,1400,0,78400
GLENMARK30Jan20350PE.NFO,07/01/2020,10:08:26,15,14.8,1400,15.35,2800,0,78400
GLENMARK30Jan20350PE.NFO,07/01/2020,10:09:15,15,14.8,1400,15.35,1400,0,78400
GLENMARK30Jan20350PE.NFO,07/01/2020,10:09:19,15,14.8,1400,15.4,2800,0,78400
GLENMARK30Jan20350PE.NFO,07/01/2020,10:09:24,15,14.8,1400,15.4,1400,0,78400
GLENMARK30Jan20350PE.NFO,07/01/2020,10:09:29,15,14.9,1400,15.45,2800,0,78400
GLENMARK30Jan20350PE.NFO,07/01/2020,10:09:55,15,14.4,2800,15.35,2800,0,78400
GLENMARK30Jan20350PE.NFO,07/01/2020,10:10:00,15,14.4,2800,15.3,1400,0,78400
GLENMARK30Jan20350PE.NFO,07/01/2020,10:10:06,15,14.4,2800,15.35,2800,0,78400
GLENMARK30Jan20350PE.NFO,07/01/2020,10:10:17,15,14.4,1400,15.2,2800,0,78400
GLENMARK30Jan20350PE.NFO,07/01/2020,10:10:32,15,14.5,1400,15.35,2800,0,78400
GLENMARK30Jan20350PE.NFO,07/01/2020,10:10:41,15,14.5,1400,15.3,1400,0,78400
GLENMARK30Jan20350PE.NFO,07/01/2020,10:10:51,15,14.5,1400,15.35,2800,0,78400
GLENMARK30Jan20350PE.NFO,07/01/2020,10:10:54,15,14.5,1400,15.3,1400,0,78400
GLENMARK30Jan20350PE.NFO,07/01/2020,10:10:58,15,14.5,1400,15.3,2800,0,78400
GLENMARK30Jan20350PE.NFO,07/01/2020,10:11:13,15,14.5,1400,15.25,2800,0,78400
GLENMARK30Jan20350PE.NFO,07/01/2020,10:11:21,15,14.5,1400,15.3,2800,0,78400
GLENMARK30Jan20350PE.NFO,07/01/2020,10:11:29,15,14.5,1400,15.3,1400,0,78400
GLENMARK30Jan20350PE.NFO,07/01/2020,10:11:32,15,14.75,1400,15.4,2800,0,78400
GLENMARK30Jan20350PE.NFO,07/01/2020,10:11:37,15,14.75,1400,15.35,1400,0,78400
GLENMARK30Jan20350PE.NFO,07/01/2020,10:11:41,15,14.85,1400,15.4,2800,0,78400
GLENMARK30Jan20350PE.NFO,07/01/2020,10:11:45,15,14.85,1400,15.35,2800,0,78400
GLENMARK30Jan20350PE.NFO,07/01/2020,10:11:49,15,14.85,1400,15.35,1400,0,78400
GLENMARK30Jan20350PE.NFO,07/01/2020,10:12:05,15,14.85,1400,15.35,2800,0,78400
GLENMARK30Jan20350PE.NFO,07/01/2020,10:12:09,15,14.85,1400,15.4,2800,0,78400
GLENMARK30Jan20350PE.NFO,07/01/2020,10:12:26,15,15,4200,15.4,2800,0,78400
GLENMARK30Jan20350PE.NFO,07/01/2020,10:12:30,15,15,2800,15.4,2800,0,78400
GLENMARK30Jan20350PE.NFO,07/01/2020,10:12:35,15,15,2800,15.35,1400,0,78400
GLENMARK30Jan20350PE.NFO,07/01/2020,10:13:02,15,15,2800,15.3,2800,0,78400
GLENMARK30Jan20350PE.NFO,07/01/2020,10:13:20,15,15,2800,15.2,1400,0,78400
GLENMARK30Jan20350PE.NFO,07/01/2020,10:13:24,15,15,2800,15.3,2800,0,78400
GLENMARK30Jan20350PE.NFO,07/01/2020,10:13:28,15,15,2800,15.25,2800,0,78400
GLENMARK30Jan20350PE.NFO,07/01/2020,10:13:31,15,15,2800,15.3,2800,0,78400
GLENMARK30Jan20350PE.NFO,07/01/2020,10:13:50,15,15,2800,15.2,2800,0,78400
GLENMARK30Jan20350PE.NFO,07/01/2020,10:13:55,15,15,2800,15.3,2800,0,78400
GLENMARK30Jan20350PE.NFO,07/01/2020,10:14:10,15,15,2800,15.2,2800,0,78400
GLENMARK30Jan20350PE.NFO,07/01/2020,10:14:25,15,15,2800,15.3,1400,0,78400
GLENMARK30Jan20350PE.NFO,07/01/2020,10:14:30,15,15,2800,15.25,2800,0,78400
GLENMARK30Jan20350PE.NFO,07/01/2020,10:14:35,15,15,2800,15.2,1400,0,78400
GLENMARK30Jan20350PE.NFO,07/01/2020,10:14:45,15,15,2800,15.25,1400,0,78400
GLENMARK30Jan20350PE.NFO,07/01/2020,10:14:49,15,15,2800,15.25,2800,0,78400
GLENMARK30Jan20350PE.NFO,07/01/2020,10:14:58,15,15,2800,15.3,2800,0,78400
GLENMARK30Jan20350PE.NFO,07/01/2020,10:15:35,15,15,2800,15.25,1400,0,78400
GLENMARK30Jan20350PE.NFO,07/01/2020,10:15:49,15,15,2800,15.35,2800,0,78400
GLENMARK30Jan20350PE.NFO,07/01/2020,10:15:55,15,15.05,1400,15.35,1400,0,78400
GLENMARK30Jan20350PE.NFO,07/01/2020,10:16:00,15,15.05,1400,15.35,2800,0,78400
GLENMARK30Jan20350PE.NFO,07/01/2020,10:16:05,15,15.15,2800,15.55,2800,0,78400
GLENMARK30Jan20350PE.NFO,07/01/2020,10:17:23,15,15.15,2800,15.65,2800,0,78400
GLENMARK30Jan20350PE.NFO,07/01/2020,10:18:55,15,15.15,2800,15.6,1400,0,78400
GLENMARK30Jan20350PE.NFO,07/01/2020,10:19:00,15,15.15,2800,15.65,2800,0,78400
GLENMARK30Jan20350PE.NFO,07/01/2020,10:20:12,15,15.15,2800,15.8,2800,0,78400
GLENMARK30Jan20350PE.NFO,07/01/2020,10:20:28,15,15.15,2800,15.65,1400,0,78400
GLENMARK30Jan20350PE.NFO,07/01/2020,10:20:33,15,15.15,2800,15.65,2800,0,78400
GLENMARK30Jan20350PE.NFO,07/01/2020,10:20:44,15,15.15,2800,15.7,2800,0,78400
GLENMARK30Jan20350PE.NFO,07/01/2020,10:21:18,15,15.15,2800,15.75,2800,0,78400
GLENMARK30Jan20350PE.NFO,07/01/2020,10:21:42,15,15.15,2800,15.7,1400,0,78400
GLENMARK30Jan20350PE.NFO,07/01/2020,10:21:54,15,15.15,2800,15.8,2800,0,78400
GLENMARK30Jan20350PE.NFO,07/01/2020,10:22:02,15,15.4,1400,15.95,2800,0,78400
GLENMARK30Jan20350PE.NFO,07/01/2020,10:22:07,15,15.5,1400,16,2800,0,78400
GLENMARK30Jan20350PE.NFO,07/01/2020,10:22:32,15,15.05,1400,15.85,1400,0,78400
GLENMARK30Jan20350PE.NFO,07/01/2020,10:22:36,15,15.05,1400,15.85,2800,0,78400
GLENMARK30Jan20350PE.NFO,07/01/2020,10:22:41,15,15.05,1400,15.85,1400,0,78400
GLENMARK30Jan20350PE.NFO,07/01/2020,10:22:47,15,15.05,1400,15.9,2800,0,78400
GLENMARK30Jan20350PE.NFO,07/01/2020,10:22:53,15,15.15,1400,15.9,2800,0,78400
GLENMARK30Jan20350PE.NFO,07/01/2020,10:23:13,15,15.05,1400,15.8,2800,0,78400
GLENMARK30Jan20350PE.NFO,07/01/2020,10:24:37,15,15.05,1400,15.9,2800,0,78400
GLENMARK30Jan20350PE.NFO,07/01/2020,10:24:44,15,15.05,1400,15.8,1400,0,78400
GLENMARK30Jan20350PE.NFO,07/01/2020,10:24:47,15,15.05,1400,15.85,2800,0,78400
GLENMARK30Jan20350PE.NFO,07/01/2020,10:24:54,15,15.05,1400,15.9,2800,0,78400
GLENMARK30Jan20350PE.NFO,07/01/2020,10:25:02,15,15.15,1400,15.9,2800,0,78400
GLENMARK30Jan20350PE.NFO,07/01/2020,10:25:13,15,15.25,1400,16,2800,0,78400
GLENMARK30Jan20350PE.NFO,07/01/2020,10:25:22,15,15.25,1400,16,1400,0,78400
GLENMARK30Jan20350PE.NFO,07/01/2020,10:25:27,15,15.2,1400,16,2800,0,78400
GLENMARK30Jan20350PE.NFO,07/01/2020,10:25:43,15,15.25,1400,16,2800,0,78400
GLENMARK30Jan20350PE.NFO,07/01/2020,10:25:52,15,15.25,1400,15.95,2800,0,78400
GLENMARK30Jan20350PE.NFO,07/01/2020,10:26:00,15,15.15,1400,15.95,2800,0,78400
GLENMARK30Jan20350PE.NFO,07/01/2020,10:26:05,15,15.25,1400,16.05,2800,0,78400
GLENMARK30Jan20350PE.NFO,07/01/2020,10:26:18,15,15.25,1400,16,2800,0,78400
GLENMARK30Jan20350PE.NFO,07/01/2020,10:26:25,15,15.25,1400,15.95,2800,0,78400
GLENMARK30Jan20350PE.NFO,07/01/2020,10:26:37,15,15.15,1400,15.9,2800,0,78400
GLENMARK30Jan20350PE.NFO,07/01/2020,10:26:41,15,15.15,1400,15.95,2800,0,78400
GLENMARK30Jan20350PE.NFO,07/01/2020,10:27:09,15,15.15,1400,15.9,2800,0,78400
GLENMARK30Jan20350PE.NFO,07/01/2020,10:27:13,15,15.15,1400,15.85,1400,0,78400
GLENMARK30Jan20350PE.NFO,07/01/2020,10:27:16,15,15.15,1400,15.85,2800,0,78400
GLENMARK30Jan20350PE.NFO,07/01/2020,10:27:32,15,15.15,1400,15.85,1400,0,78400
GLENMARK30Jan20350PE.NFO,07/01/2020,10:27:36,15,15.15,1400,15.9,2800,0,78400
GLENMARK30Jan20350PE.NFO,07/01/2020,10:27:43,15,15.15,1400,15.9,1400,0,78400
GLENMARK30Jan20350PE.NFO,07/01/2020,10:27:46,15,15.15,1400,15.9,2800,0,78400
GLENMARK30Jan20350PE.NFO,07/01/2020,10:27:49,15,15.15,1400,15.95,2800,0,78400
GLENMARK30Jan20350PE.NFO,07/01/2020,10:27:52,15,15.05,1400,15.9,1400,0,78400
GLENMARK30Jan20350PE.NFO,07/01/2020,10:27:56,15,15.15,1400,15.9,2800,0,78400
GLENMARK30Jan20350PE.NFO,07/01/2020,10:28:15,15,15.15,1400,15.95,2800,0,78400
GLENMARK30Jan20350PE.NFO,07/01/2020,10:28:19,15,15.15,1400,15.9,2800,0,78400
GLENMARK30Jan20350PE.NFO,07/01/2020,10:28:31,15,15.15,1400,15.95,2800,0,78400
GLENMARK30Jan20350PE.NFO,07/01/2020,10:28:35,15,15.15,1400,15.9,2800,0,78400
GLENMARK30Jan20350PE.NFO,07/01/2020,10:28:48,15,15.15,1400,15.85,2800,0,78400
GLENMARK30Jan20350PE.NFO,07/01/2020,10:28:56,15,15.05,1400,15.85,2800,0,78400
GLENMARK30Jan20350PE.NFO,07/01/2020,10:29:16,15,15.15,1400,15.85,1400,0,78400
GLENMARK30Jan20350PE.NFO,07/01/2020,10:29:25,15,15.15,1400,16,2800,0,78400
GLENMARK30Jan20350PE.NFO,07/01/2020,10:29:29,15,15.15,1400,15.95,2800,0,78400
GLENMARK30Jan20350PE.NFO,07/01/2020,10:29:44,15,15.15,1400,15.9,1400,0,78400
GLENMARK30Jan20350PE.NFO,07/01/2020,10:29:50,15,15.15,1400,15.9,2800,0,78400
GLENMARK30Jan20350PE.NFO,07/01/2020,10:30:19,15,15.25,1400,15.95,2800,0,78400
GLENMARK30Jan20350PE.NFO,07/01/2020,10:30:23,15,15.05,2800,15.9,1400,0,78400
GLENMARK30Jan20350PE.NFO,07/01/2020,10:30:35,15,15.05,2800,15.9,2800,0,78400
GLENMARK30Jan20350PE.NFO,07/01/2020,10:30:42,15,15.05,1400,15.9,2800,0,78400
GLENMARK30Jan20350PE.NFO,07/01/2020,10:30:55,15,15.05,1400,15.9,1400,0,78400
GLENMARK30Jan20350PE.NFO,07/01/2020,10:30:59,15,15.05,1400,15.85,1400,0,78400
GLENMARK30Jan20350PE.NFO,07/01/2020,10:31:06,15,15.05,1400,15.9,2800,0,78400
GLENMARK30Jan20350PE.NFO,07/01/2020,10:31:09,15,15.05,1400,15.85,2800,0,78400
GLENMARK30Jan20350PE.NFO,07/01/2020,10:31:25,15,15.05,1400,15.85,1400,0,78400
GLENMARK30Jan20350PE.NFO,07/01/2020,10:31:28,15,15.05,1400,15.85,2800,0,78400
GLENMARK30Jan20350PE.NFO,07/01/2020,10:31:40,15,15.05,1400,15.9,2800,0,78400
GLENMARK30Jan20350PE.NFO,07/01/2020,10:31:44,15,15.05,1400,15.85,2800,0,78400
GLENMARK30Jan20350PE.NFO,07/01/2020,10:31:48,15,15.05,1400,15.9,2800,0,78400
GLENMARK30Jan20350PE.NFO,07/01/2020,10:32:04,15,15.05,1400,15.95,2800,0,78400
GLENMARK30Jan20350PE.NFO,07/01/2020,10:32:16,15,15.15,1400,15.9,2800,0,78400
GLENMARK30Jan20350PE.NFO,07/01/2020,10:32:21,15,15.05,1400,15.85,2800,0,78400
GLENMARK30Jan20350PE.NFO,07/01/2020,10:32:30,15,15.05,1400,15.8,2800,0,78400
GLENMARK30Jan20350PE.NFO,07/01/2020,10:32:49,15,15,2800,15.7,2800,0,78400
GLENMARK30Jan20350PE.NFO,07/01/2020,10:32:56,15,15,2800,15.7,1400,0,78400
GLENMARK30Jan20350PE.NFO,07/01/2020,10:33:00,15,15,2800,15.75,2800,0,78400
GLENMARK30Jan20350PE.NFO,07/01/2020,10:33:03,15,15.05,1400,15.85,2800,0,78400
GLENMARK30Jan20350PE.NFO,07/01/2020,10:33:09,15,15.05,1400,15.8,1400,0,78400
GLENMARK30Jan20350PE.NFO,07/01/2020,10:33:20,15,15.05,1400,15.85,2800,0,78400
GLENMARK30Jan20350PE.NFO,07/01/2020,10:33:25,15,15.05,1400,15.8,2800,0,78400
GLENMARK30Jan20350PE.NFO,07/01/2020,10:33:30,15,15.2,1400,15.85,2800,0,78400
GLENMARK30Jan20350PE.NFO,07/01/2020,10:33:41,15.2,15.15,1400,15.8,2800,1400,78400
GLENMARK30Jan20350PE.NFO,07/01/2020,10:33:41,15.2,15.15,1400,15.8,2800,0,78400
GLENMARK30Jan20350PE.NFO,07/01/2020,10:33:46,15.2,15.15,1400,15.85,1400,0,78400
GLENMARK30Jan20350PE.NFO,07/01/2020,10:33:49,15.2,15.15,1400,15.9,2800,0,78400
GLENMARK30Jan20350PE.NFO,07/01/2020,10:33:52,15.2,15.05,1400,15.85,2800,0,78400
GLENMARK30Jan20350PE.NFO,07/01/2020,10:34:15,15.2,15.05,1400,15.8,1400,0,78400
GLENMARK30Jan20350PE.NFO,07/01/2020,10:34:30,15.2,15.05,1400,15.85,2800,0,78400
GLENMARK30Jan20350PE.NFO,07/01/2020,10:34:39,15.2,15.05,1400,15.8,2800,0,78400
GLENMARK30Jan20350PE.NFO,07/01/2020,10:34:57,15.2,15.05,1400,15.75,2800,0,78400
GLENMARK30Jan20350PE.NFO,07/01/2020,10:35:22,15.2,15.05,1400,15.8,2800,0,78400
GLENMARK30Jan20350PE.NFO,07/01/2020,10:36:03,15.2,15.05,1400,15.8,1400,0,78400
GLENMARK30Jan20350PE.NFO,07/01/2020,10:36:07,15.2,15.05,1400,15.85,2800,0,78400
GLENMARK30Jan20350PE.NFO,07/01/2020,10:38:05,15.2,15.05,1400,15.8,2800,0,78400
GLENMARK30Jan20350PE.NFO,07/01/2020,10:38:08,15.2,15.05,1400,15.8,1400,0,78400
GLENMARK30Jan20350PE.NFO,07/01/2020,10:38:29,15.2,15.05,1400,15.85,2800,0,78400
GLENMARK30Jan20350PE.NFO,07/01/2020,10:40:30,15.2,15.05,1400,15.8,2800,0,78400
GLENMARK30Jan20350PE.NFO,07/01/2020,10:40:45,15.2,15.05,1400,15.75,2800,0,78400
GLENMARK30Jan20350PE.NFO,07/01/2020,10:41:02,15.2,15,2800,15.65,2800,0,78400
GLENMARK30Jan20350PE.NFO,07/01/2020,10:41:05,15.2,15,2800,15.55,1400,0,78400
GLENMARK30Jan20350PE.NFO,07/01/2020,10:41:17,15,15,1400,15.45,1400,1400,78400
GLENMARK30Jan20350PE.NFO,07/01/2020,10:41:20,15,15,1400,15.45,1400,0,78400
GLENMARK30Jan20350PE.NFO,07/01/2020,10:41:29,15,15,1400,15.5,2800,0,78400
GLENMARK30Jan20350PE.NFO,07/01/2020,10:41:39,15,15,1400,15.45,2800,0,78400
GLENMARK30Jan20350PE.NFO,07/01/2020,10:41:42,15,15,1400,15.45,1400,0,78400
GLENMARK30Jan20350PE.NFO,07/01/2020,10:41:48,15,15,1400,15.5,1400,0,78400
GLENMARK30Jan20350PE.NFO,07/01/2020,10:42:06,15,15,1400,15.5,2800,0,78400
GLENMARK30Jan20350PE.NFO,07/01/2020,10:42:16,15,15.05,1400,15.5,1400,0,78400
GLENMARK30Jan20350PE.NFO,07/01/2020,10:42:18,15,15.05,1400,15.45,1400,0,78400
GLENMARK30Jan20350PE.NFO,07/01/2020,10:42:21,15,15,1400,15.4,1400,0,78400
GLENMARK30Jan20350PE.NFO,07/01/2020,10:42:23,15,15,1400,15.45,2800,0,78400
GLENMARK30Jan20350PE.NFO,07/01/2020,10:42:29,15,15.05,1400,15.6,2800,0,78400
GLENMARK30Jan20350PE.NFO,07/01/2020,10:42:41,15,15.05,1400,15.55,1400,0,78400
GLENMARK30Jan20350PE.NFO,07/01/2020,10:42:44,15,15.05,1400,15.6,2800,0,78400
GLENMARK30Jan20350PE.NFO,07/01/2020,10:42:52,15,15.05,1400,15.55,2800,0,78400
GLENMARK30Jan20350PE.NFO,07/01/2020,10:42:54,15,15.05,1400,15.5,1400,0,78400
GLENMARK30Jan20350PE.NFO,07/01/2020,10:43:00,15,15.05,1400,15.45,1400,0,78400
GLENMARK30Jan20350PE.NFO,07/01/2020,10:43:12,15,15.05,1400,15.5,2800,0,78400
GLENMARK30Jan20350PE.NFO,07/01/2020,10:43:28,15,15.05,1400,15.45,2800,0,78400
GLENMARK30Jan20350PE.NFO,07/01/2020,10:43:31,15,15,1400,15.45,2800,0,78400
GLENMARK30Jan20350PE.NFO,07/01/2020,10:43:43,15,15,1400,15.35,1400,0,78400
GLENMARK30Jan20350PE.NFO,07/01/2020,10:43:49,15,15,1400,15.3,1400,0,78400
GLENMARK30Jan20350PE.NFO,07/01/2020,10:43:54,15,15,1400,15.45,2800,0,78400
GLENMARK30Jan20350PE.NFO,07/01/2020,10:43:57,15,15,1400,15.4,2800,0,78400
GLENMARK30Jan20350PE.NFO,07/01/2020,10:44:04,15,15,1400,15.35,1400,0,78400
GLENMARK30Jan20350PE.NFO,07/01/2020,10:44:11,15,15,1400,15.4,2800,0,78400
GLENMARK30Jan20350PE.NFO,07/01/2020,10:44:16,15,15,1400,15.3,1400,0,78400
GLENMARK30Jan20350PE.NFO,07/01/2020,10:44:24,15,15,1400,15.25,1400,0,78400
GLENMARK30Jan20350PE.NFO,07/01/2020,10:44:29,15,15,1400,15.3,2800,0,78400
GLENMARK30Jan20350PE.NFO,07/01/2020,10:44:31,15,15,1400,15.25,1400,0,78400
GLENMARK30Jan20350PE.NFO,07/01/2020,10:44:35,15,15,1400,15.35,2800,0,78400
GLENMARK30Jan20350PE.NFO,07/01/2020,10:44:38,15,15,1400,15.4,2800,0,78400
GLENMARK30Jan20350PE.NFO,07/01/2020,10:44:40,15,15,1400,15.3,1400,0,78400
GLENMARK30Jan20350PE.NFO,07/01/2020,10:44:43,15,15,1400,15.4,2800,0,78400
GLENMARK30Jan20350PE.NFO,07/01/2020,10:44:46,15,15.05,1400,15.4,2800,0,78400
GLENMARK30Jan20350PE.NFO,07/01/2020,10:44:50,15,15.05,1400,15.45,1400,0,78400
GLENMARK30Jan20350PE.NFO,07/01/2020,10:44:55,15,15.05,1400,15.45,2800,0,78400
GLENMARK30Jan20350PE.NFO,07/01/2020,10:44:57,15,15.05,1400,15.45,1400,0,78400
GLENMARK30Jan20350PE.NFO,07/01/2020,10:45:13,15,15.05,1400,15.5,4200,0,78400
GLENMARK30Jan20350PE.NFO,07/01/2020,10:45:17,15,15.05,1400,15.45,4200,0,78400
GLENMARK30Jan20350PE.NFO,07/01/2020,10:45:24,15,15.05,1400,15.5,4200,0,78400
GLENMARK30Jan20350PE.NFO,07/01/2020,10:45:28,15,15.05,1400,15.55,1400,0,78400
GLENMARK30Jan20350PE.NFO,07/01/2020,10:45:31,15,15.05,1400,15.5,1400,0,78400
GLENMARK30Jan20350PE.NFO,07/01/2020,10:45:34,15,15.05,1400,15.5,2800,0,78400
GLENMARK30Jan20350PE.NFO,07/01/2020,10:45:36,15,15.05,1400,15.5,4200,0,78400
GLENMARK30Jan20350PE.NFO,07/01/2020,10:45:39,15,15.05,1400,15.5,1400,0,78400
GLENMARK30Jan20350PE.NFO,07/01/2020,10:46:46,15,15.05,1400,15.7,4200,0,78400
GLENMARK30Jan20350PE.NFO,07/01/2020,10:46:52,15,15.05,1400,15.65,1400,0,78400
GLENMARK30Jan20350PE.NFO,07/01/2020,10:47:08,15,15.05,1400,15.65,4200,0,78400
GLENMARK30Jan20350PE.NFO,07/01/2020,10:47:11,15,15.05,1400,15.65,2800,0,78400
GLENMARK30Jan20350PE.NFO,07/01/2020,10:47:16,15,15.05,1400,15.65,4200,0,78400
GLENMARK30Jan20350PE.NFO,07/01/2020,10:47:21,15,15.05,1400,15.7,1400,0,78400
GLENMARK30Jan20350PE.NFO,07/01/2020,10:47:28,15,15.05,1400,15.7,4200,0,78400
GLENMARK30Jan20350PE.NFO,07/01/2020,10:47:31,15,15.05,1400,15.75,4200,0,78400
GLENMARK30Jan20350PE.NFO,07/01/2020,10:47:38,15,15.05,1400,15.7,2800,0,78400
GLENMARK30Jan20350PE.NFO,07/01/2020,10:47:43,15,15.05,1400,15.75,4200,0,78400
GLENMARK30Jan20350PE.NFO,07/01/2020,10:47:46,15,15.05,1400,15.8,4200,0,78400
GLENMARK30Jan20350PE.NFO,07/01/2020,10:47:49,15,15.05,1400,15.75,2800,0,78400
GLENMARK30Jan20350PE.NFO,07/01/2020,10:47:51,15,15.05,1400,15.8,4200,0,78400
GLENMARK30Jan20350PE.NFO,07/01/2020,10:47:54,15,15.05,1400,15.75,1400,0,78400
GLENMARK30Jan20350PE.NFO,07/01/2020,10:48:04,15,15.05,1400,15.7,4200,0,78400
GLENMARK30Jan20350PE.NFO,07/01/2020,10:48:07,15,15.05,1400,15.7,2800,0,78400
GLENMARK30Jan20350PE.NFO,07/01/2020,10:48:11,15,15.05,1400,15.7,1400,0,78400
GLENMARK30Jan20350PE.NFO,07/01/2020,10:48:20,15,15.05,1400,15.75,2800,0,78400
GLENMARK30Jan20350PE.NFO,07/01/2020,10:48:24,15,15.15,1400,15.85,2800,0,78400
GLENMARK30Jan20350PE.NFO,07/01/2020,10:48:27,15,15.15,1400,15.9,4200,0,78400
GLENMARK30Jan20350PE.NFO,07/01/2020,10:48:31,15,15.25,1400,15.95,2800,0,78400
GLENMARK30Jan20350PE.NFO,07/01/2020,10:48:41,15,15.25,1400,15.95,1400,0,78400
GLENMARK30Jan20350PE.NFO,07/01/2020,10:48:45,15,15.25,1400,15.95,4200,0,78400
GLENMARK30Jan20350PE.NFO,07/01/2020,10:49:17,15,15.25,1400,15.9,4200,0,78400
GLENMARK30Jan20350PE.NFO,07/01/2020,10:49:24,15,15.25,1400,15.9,2800,0,78400
GLENMARK30Jan20350PE.NFO,07/01/2020,10:49:45,15,15.25,1400,15.9,1400,0,78400
GLENMARK30Jan20350PE.NFO,07/01/2020,10:49:53,15,15.25,1400,15.9,2800,0,78400
GLENMARK30Jan20350PE.NFO,07/01/2020,10:49:58,15,15.25,1400,15.9,1400,0,78400
GLENMARK30Jan20350PE.NFO,07/01/2020,10:50:05,15,15.25,1400,15.95,2800,0,78400
GLENMARK30Jan20350PE.NFO,07/01/2020,10:50:21,15,15.25,1400,15.9,2800,0,78400
GLENMARK30Jan20350PE.NFO,07/01/2020,10:50:26,15,15.25,1400,15.95,2800,0,78400
GLENMARK30Jan20350PE.NFO,07/01/2020,10:50:30,15,15.25,1400,15.9,1400,0,78400
GLENMARK30Jan20350PE.NFO,07/01/2020,10:50:43,15,15.25,1400,15.9,2800,0,78400
GLENMARK30Jan20350PE.NFO,07/01/2020,10:51:04,15,15.25,1400,15.85,1400,0,78400
GLENMARK30Jan20350PE.NFO,07/01/2020,10:51:08,15,15.05,1400,15.85,2800,0,78400
GLENMARK30Jan20350PE.NFO,07/01/2020,10:51:18,15,15.15,1400,15.85,1400,0,78400
GLENMARK30Jan20350PE.NFO,07/01/2020,10:51:21,15,15.15,1400,15.85,2800,0,78400
GLENMARK30Jan20350PE.NFO,07/01/2020,10:51:44,15,15.2,1400,15.9,2800,0,78400
GLENMARK30Jan20350PE.NFO,07/01/2020,10:51:52,15,15.2,1400,15.95,1400,0,78400
GLENMARK30Jan20350PE.NFO,07/01/2020,10:51:57,15,15.2,1400,16,1400,0,78400
GLENMARK30Jan20350PE.NFO,07/01/2020,10:52:16,15,15.2,1400,16.05,1400,0,78400
GLENMARK30Jan20350PE.NFO,07/01/2020,10:52:26,15,15.15,1400,16.05,1400,0,78400
GLENMARK30Jan20350PE.NFO,07/01/2020,10:52:32,15,15.15,1400,16.15,2800,0,78400
GLENMARK30Jan20350PE.NFO,07/01/2020,10:52:37,15,15.15,1400,16.1,1400,0,78400
GLENMARK30Jan20350PE.NFO,07/01/2020,10:52:49,15,15.15,1400,16.15,1400,0,78400
GLENMARK30Jan20350PE.NFO,07/01/2020,10:53:04,15,15.25,1400,16.2,1400,0,78400
GLENMARK30Jan20350PE.NFO,07/01/2020,10:53:26,15,15.25,1400,16.15,1400,0,78400
GLENMARK30Jan20350PE.NFO,07/01/2020,10:53:41,15,15.25,1400,16.2,1400,0,78400
GLENMARK30Jan20350PE.NFO,07/01/2020,10:53:47,15,15.35,1400,16.25,1400,0,78400
GLENMARK30Jan20350PE.NFO,07/01/2020,10:53:52,15,15.45,1400,16.35,1400,0,78400
GLENMARK30Jan20350PE.NFO,07/01/2020,10:53:59,15,15.45,1400,16.3,1400,0,78400
GLENMARK30Jan20350PE.NFO,07/01/2020,10:54:14,15,15.55,1400,16.45,1400,0,78400
GLENMARK30Jan20350PE.NFO,07/01/2020,10:54:20,15,15.55,1400,16.5,1400,0,78400
GLENMARK30Jan20350PE.NFO,07/01/2020,10:54:26,15,15.55,1400,16.55,1400,0,78400
GLENMARK30Jan20350PE.NFO,07/01/2020,10:54:41,15,15.65,1400,16.55,1400,0,78400
GLENMARK30Jan20350PE.NFO,07/01/2020,10:54:46,15,15.9,1400,16.8,2800,0,78400
GLENMARK30Jan20350PE.NFO,07/01/2020,10:54:51,15,15.9,1400,16.75,1400,0,78400
GLENMARK30Jan20350PE.NFO,07/01/2020,10:54:56,15,15.9,1400,16.7,2800,0,78400
GLENMARK30Jan20350PE.NFO,07/01/2020,10:55:00,15,15.9,1400,16.65,2800,0,78400
GLENMARK30Jan20350PE.NFO,07/01/2020,10:55:05,15,15.65,1400,16.55,2800,0,78400
GLENMARK30Jan20350PE.NFO,07/01/2020,10:55:10,15,15.65,1400,16.5,1400,0,78400
GLENMARK30Jan20350PE.NFO,07/01/2020,10:55:15,15,15.65,1400,16.5,2800,0,78400
GLENMARK30Jan20350PE.NFO,07/01/2020,10:55:24,15,15.7,1400,16.55,2800,0,78400
GLENMARK30Jan20350PE.NFO,07/01/2020,10:55:39,15,15.7,1400,16.5,1400,0,78400
GLENMARK30Jan20350PE.NFO,07/01/2020,10:55:45,15,15.7,1400,16.45,1400,0,78400
GLENMARK30Jan20350PE.NFO,07/01/2020,10:55:49,15,15.25,4200,16.4,2800,0,78400
GLENMARK30Jan20350PE.NFO,07/01/2020,10:56:07,15,15.25,1400,16.35,2800,0,78400
GLENMARK30Jan20350PE.NFO,07/01/2020,10:56:12,15,15.25,4200,16.4,2800,0,78400
GLENMARK30Jan20350PE.NFO,07/01/2020,10:56:17,15,15.25,1400,16.4,2800,0,78400
GLENMARK30Jan20350PE.NFO,07/01/2020,10:56:22,15,15.25,4200,16.45,2800,0,78400
GLENMARK30Jan20350PE.NFO,07/01/2020,10:56:26,15,15.35,1400,16.35,2800,0,78400
GLENMARK30Jan20350PE.NFO,07/01/2020,10:56:31,15,15.35,1400,16.4,2800,0,78400
GLENMARK30Jan20350PE.NFO,07/01/2020,10:56:37,15,15.35,1400,16.45,2800,0,78400
GLENMARK30Jan20350PE.NFO,07/01/2020,10:56:42,15,15.35,1400,16.55,2800,0,78400
GLENMARK30Jan20350PE.NFO,07/01/2020,10:56:57,15,15.35,4200,16.5,1400,0,78400
GLENMARK30Jan20350PE.NFO,07/01/2020,10:57:02,15,15.35,4200,16.55,2800,0,78400
GLENMARK30Jan20350PE.NFO,07/01/2020,10:57:06,15,15.35,7000,16.5,1400,0,78400
GLENMARK30Jan20350PE.NFO,07/01/2020,10:57:09,15,15.35,4200,16.55,2800,0,78400
GLENMARK30Jan20350PE.NFO,07/01/2020,10:57:16,15,15.35,7000,16.6,2800,0,78400
GLENMARK30Jan20350PE.NFO,07/01/2020,10:57:22,15,15.35,4200,16.6,1400,0,78400
GLENMARK30Jan20350PE.NFO,07/01/2020,10:57:29,15,15.55,4200,16.65,1400,0,78400
GLENMARK30Jan20350PE.NFO,07/01/2020,10:57:35,15,15.55,4200,16.7,1400,0,78400
GLENMARK30Jan20350PE.NFO,07/01/2020,10:57:41,15,15.55,4200,16.7,2800,0,78400
GLENMARK30Jan20350PE.NFO,07/01/2020,10:57:51,15,15.6,1400,16.7,2800,0,78400
GLENMARK30Jan20350PE.NFO,07/01/2020,10:57:55,15,15.65,1400,16.6,2800,0,78400
GLENMARK30Jan20350PE.NFO,07/01/2020,10:58:08,15,15.65,1400,16.65,2800,0,78400
GLENMARK30Jan20350PE.NFO,07/01/2020,10:58:28,15,15.65,4200,16.75,2800,0,78400
GLENMARK30Jan20350PE.NFO,07/01/2020,10:58:34,15,15.65,1400,16.75,2800,0,78400
GLENMARK30Jan20350PE.NFO,07/01/2020,10:58:38,15,15.65,4200,16.8,2800,0,78400
GLENMARK30Jan20350PE.NFO,07/01/2020,10:58:49,15,15.65,1400,16.7,2800,0,78400
GLENMARK30Jan20350PE.NFO,07/01/2020,10:59:27,15,15.65,4200,16.7,1400,0,78400
GLENMARK30Jan20350PE.NFO,07/01/2020,10:59:32,15,15.65,4200,16.75,2800,0,78400
GLENMARK30Jan20350PE.NFO,07/01/2020,10:59:43,15,15.65,4200,16.7,1400,0,78400
GLENMARK30Jan20350PE.NFO,07/01/2020,10:59:58,15,15.65,4200,17,1400,0,78400
GLENMARK30Jan20350PE.NFO,07/01/2020,11:00:04,15,15.85,1400,17.1,1400,0,78400
GLENMARK30Jan20350PE.NFO,07/01/2020,11:00:10,15,15.85,1400,17,1400,0,78400
GLENMARK30Jan20350PE.NFO,07/01/2020,11:00:16,15,15.85,1400,17.05,1400,0,78400
GLENMARK30Jan20350PE.NFO,07/01/2020,11:00:29,15,15.95,4200,17.15,1400,0,78400
GLENMARK30Jan20350PE.NFO,07/01/2020,11:00:36,15,16,2800,17.15,1400,0,78400
GLENMARK30Jan20350PE.NFO,07/01/2020,11:00:55,15,16.1,1400,17.25,1400,0,78400
GLENMARK30Jan20350PE.NFO,07/01/2020,11:01:44,15,16.15,1400,17.25,1400,0,78400
GLENMARK30Jan20350PE.NFO,07/01/2020,11:01:51,15,15.9,1400,17.1,1400,0,78400
GLENMARK30Jan20350PE.NFO,07/01/2020,11:02:05,15,15.9,1400,17.15,1400,0,78400
GLENMARK30Jan20350PE.NFO,07/01/2020,11:02:12,15,15.9,1400,16.95,1400,0,78400
GLENMARK30Jan20350PE.NFO,07/01/2020,11:02:24,15,15.85,1400,16.95,1400,0,78400
GLENMARK30Jan20350PE.NFO,07/01/2020,11:02:31,15,15.7,5600,16.95,1400,0,78400
GLENMARK30Jan20350PE.NFO,07/01/2020,11:02:37,15,15.85,1400,16.95,1400,0,78400
GLENMARK30Jan20350PE.NFO,07/01/2020,11:02:54,15,15.95,1400,16.95,1400,0,78400
GLENMARK30Jan20350PE.NFO,07/01/2020,11:03:00,15,15.95,1400,17.05,1400,0,78400
GLENMARK30Jan20350PE.NFO,07/01/2020,11:03:12,15,15.95,1400,17.1,1400,0,78400
GLENMARK30Jan20350PE.NFO,07/01/2020,11:03:39,15,16.05,1400,17.1,2800,0,78400
GLENMARK30Jan20350PE.NFO,07/01/2020,11:03:45,15,16.05,1400,17.05,1400,0,78400
GLENMARK30Jan20350PE.NFO,07/01/2020,11:04:03,15,16.05,1400,17.1,1400,0,78400
GLENMARK30Jan20350PE.NFO,07/01/2020,11:04:39,15,15.95,1400,17.25,1400,0,78400
GLENMARK30Jan20350PE.NFO,07/01/2020,11:05:50,15,15.85,1400,17,1400,0,78400
GLENMARK30Jan20350PE.NFO,07/01/2020,11:06:15,15,15.7,1400,16.85,1400,0,78400
GLENMARK30Jan20350PE.NFO,07/01/2020,11:06:22,15,15.9,1400,16.95,1400,0,78400
GLENMARK30Jan20350PE.NFO,07/01/2020,11:06:28,15,15.85,1400,16.95,1400,0,78400
GLENMARK30Jan20350PE.NFO,07/01/2020,11:06:41,15,15.95,1400,17,1400,0,78400
GLENMARK30Jan20350PE.NFO,07/01/2020,11:06:47,15,15.9,1400,16.95,1400,0,78400
GLENMARK30Jan20350PE.NFO,07/01/2020,11:07:04,15,15.8,1400,16.85,1400,0,78400
GLENMARK30Jan20350PE.NFO,07/01/2020,11:07:10,15,15.8,1400,16.95,1400,0,78400
GLENMARK30Jan20350PE.NFO,07/01/2020,11:07:15,15,15.8,1400,16.85,1400,0,78400
GLENMARK30Jan20350PE.NFO,07/01/2020,11:07:29,15,15.8,1400,16.9,1400,0,78400
GLENMARK30Jan20350PE.NFO,07/01/2020,11:07:44,15,15.8,1400,16.8,1400,0,78400
GLENMARK30Jan20350PE.NFO,07/01/2020,11:07:48,15,15.8,1400,16.85,1400,0,78400
GLENMARK30Jan20350PE.NFO,07/01/2020,11:08:09,15,15.8,1400,16.8,1400,0,78400
GLENMARK30Jan20350PE.NFO,07/01/2020,11:08:13,15,15.8,1400,16.85,1400,0,78400
GLENMARK30Jan20350PE.NFO,07/01/2020,11:08:25,15,15.8,1400,16.8,1400,0,78400
GLENMARK30Jan20350PE.NFO,07/01/2020,11:08:49,15,15.55,19600,16.9,1400,0,78400
GLENMARK30Jan20350PE.NFO,07/01/2020,11:08:54,15,15.95,1400,17.05,1400,0,78400
GLENMARK30Jan20350PE.NFO,07/01/2020,11:08:59,15,15.95,1400,17.1,1400,0,78400
GLENMARK30Jan20350PE.NFO,07/01/2020,11:09:22,15,15.95,1400,17,1400,0,78400
GLENMARK30Jan20350PE.NFO,07/01/2020,11:09:27,15,15.55,7000,16.8,1400,0,78400
GLENMARK30Jan20350PE.NFO,07/01/2020,11:09:31,15,15.55,4200,16.75,1400,0,78400
GLENMARK30Jan20350PE.NFO,07/01/2020,11:09:36,15,15.55,4200,16.75,2800,0,78400
GLENMARK30Jan20350PE.NFO,07/01/2020,11:09:58,15,15.55,7000,16.75,2800,0,78400
GLENMARK30Jan20350PE.NFO,07/01/2020,11:10:06,15,15.55,21000,16.95,1400,0,78400
GLENMARK30Jan20350PE.NFO,07/01/2020,11:10:11,15,15.55,21000,16.95,2800,0,78400
GLENMARK30Jan20350PE.NFO,07/01/2020,11:10:25,15,15.55,26600,17,2800,0,78400
GLENMARK30Jan20350PE.NFO,07/01/2020,11:10:28,15,15.55,15400,16.95,2800,0,78400
GLENMARK30Jan20350PE.NFO,07/01/2020,11:10:36,15,15.55,15400,16.9,1400,0,78400
GLENMARK30Jan20350PE.NFO,07/01/2020,11:10:40,15,15.55,15400,16.85,1400,0,78400
GLENMARK30Jan20350PE.NFO,07/01/2020,11:10:44,15,15.55,21000,16.95,2800,0,78400
GLENMARK30Jan20350PE.NFO,07/01/2020,11:11:02,15,15.55,26600,17.05,2800,0,78400
GLENMARK30Jan20350PE.NFO,07/01/2020,11:11:08,15,15.55,23800,17,1400,0,78400
GLENMARK30Jan20350PE.NFO,07/01/2020,11:11:14,15,15.55,23800,17,2800,0,78400
GLENMARK30Jan20350PE.NFO,07/01/2020,11:11:21,15,15.55,26600,17,1400,0,78400
GLENMARK30Jan20350PE.NFO,07/01/2020,11:11:28,15,15.85,4200,17,1400,0,78400
GLENMARK30Jan20350PE.NFO,07/01/2020,11:11:35,15,15.95,4200,17,1400,0,78400
GLENMARK30Jan20350PE.NFO,07/01/2020,11:11:47,15,15.85,2800,17,2800,0,78400
GLENMARK30Jan20350PE.NFO,07/01/2020,11:11:52,15,15.85,5600,17,2800,0,78400
GLENMARK30Jan20350PE.NFO,07/01/2020,11:11:58,15,15.85,1400,17,2800,0,78400
GLENMARK30Jan20350PE.NFO,07/01/2020,11:12:06,15,15.85,4200,17,1400,0,78400
GLENMARK30Jan20350PE.NFO,07/01/2020,11:12:27,15,15.85,1400,17,1400,0,78400
GLENMARK30Jan20350PE.NFO,07/01/2020,11:13:04,15,15.95,1400,17,1400,0,78400
GLENMARK30Jan20350PE.NFO,07/01/2020,11:13:22,15,15.95,1400,16.95,1400,0,78400
GLENMARK30Jan20350PE.NFO,07/01/2020,11:13:33,15,15.65,4200,16.85,2800,0,78400
GLENMARK30Jan20350PE.NFO,07/01/2020,11:13:40,15,15.65,4200,16.8,1400,0,78400
GLENMARK30Jan20350PE.NFO,07/01/2020,11:13:52,15,15.65,4200,16.75,1400,0,78400
GLENMARK30Jan20350PE.NFO,07/01/2020,11:14:08,15,15.65,1400,16.75,1400,0,78400
GLENMARK30Jan20350PE.NFO,07/01/2020,11:14:14,15,15.65,4200,16.7,1400,0,78400
GLENMARK30Jan20350PE.NFO,07/01/2020,11:14:31,15,15.8,1400,16.7,1400,0,78400
GLENMARK30Jan20350PE.NFO,07/01/2020,11:14:36,15,15.7,1400,16.7,1400,0,78400
GLENMARK30Jan20350PE.NFO,07/01/2020,11:14:41,15,15.75,1400,16.7,1400,0,78400
GLENMARK30Jan20350PE.NFO,07/01/2020,11:14:45,15,15.7,2800,16.7,1400,0,78400
GLENMARK30Jan20350PE.NFO,07/01/2020,11:14:50,15,15.85,1400,16.8,1400,0,78400
GLENMARK30Jan20350PE.NFO,07/01/2020,11:14:55,15,15.75,1400,16.8,1400,0,78400
GLENMARK30Jan20350PE.NFO,07/01/2020,11:15:01,15,15.75,4200,16.95,1400,0,78400
GLENMARK30Jan20350PE.NFO,07/01/2020,11:15:14,15,15.85,1400,16.95,1400,0,78400
GLENMARK30Jan20350PE.NFO,07/01/2020,11:15:30,15,15.85,1400,16.9,1400,0,78400
GLENMARK30Jan20350PE.NFO,07/01/2020,11:15:34,15,15.85,1400,16.95,1400,0,78400
GLENMARK30Jan20350PE.NFO,07/01/2020,11:15:38,15,15.85,1400,16.95,2800,0,78400
GLENMARK30Jan20350PE.NFO,07/01/2020,11:15:43,15,15.85,1400,16.9,1400,0,78400
GLENMARK30Jan20350PE.NFO,07/01/2020,11:15:47,15,15.85,1400,16.95,1400,0,78400
GLENMARK30Jan20350PE.NFO,07/01/2020,11:16:04,15,15.85,1400,16.9,1400,0,78400
GLENMARK30Jan20350PE.NFO,07/01/2020,11:16:17,15,15.85,1400,16.85,1400,0,78400
GLENMARK30Jan20350PE.NFO,07/01/2020,11:17:25,15,15.85,5600,16.85,1400,0,78400
GLENMARK30Jan20350PE.NFO,07/01/2020,11:17:29,15,15.8,1400,16.85,1400,0,78400
GLENMARK30Jan20350PE.NFO,07/01/2020,11:17:34,15,15.9,4200,16.85,1400,0,78400
GLENMARK30Jan20350PE.NFO,07/01/2020,11:17:40,15,15.9,2800,16.85,1400,0,78400
GLENMARK30Jan20350PE.NFO,07/01/2020,11:17:46,15,15.8,7000,16.85,1400,0,78400
GLENMARK30Jan20350PE.NFO,07/01/2020,11:17:51,15,15.8,1400,16.85,1400,0,78400
GLENMARK30Jan20350PE.NFO,07/01/2020,11:17:56,15,16,1400,16.9,1400,0,78400
GLENMARK30Jan20350PE.NFO,07/01/2020,11:18:06,15,16,4200,16.9,1400,0,78400
GLENMARK30Jan20350PE.NFO,07/01/2020,11:18:15,15,15.8,1400,16.9,1400,0,78400
GLENMARK30Jan20350PE.NFO,07/01/2020,11:18:19,15,15.95,1400,16.9,1400,0,78400
GLENMARK30Jan20350PE.NFO,07/01/2020,11:18:46,15,15.95,1400,16.85,1400,0,78400
GLENMARK30Jan20350PE.NFO,07/01/2020,11:18:52,15,15.95,1400,16.85,2800,0,78400
GLENMARK30Jan20350PE.NFO,07/01/2020,11:18:57,15,15.7,1400,16.8,2800,0,78400
GLENMARK30Jan20350PE.NFO,07/01/2020,11:19:02,15,15.7,1400,16.75,1400,0,78400
GLENMARK30Jan20350PE.NFO,07/01/2020,11:19:08,15,15.7,1400,16.8,1400,0,78400
GLENMARK30Jan20350PE.NFO,07/01/2020,11:19:14,15,15.7,1400,16.65,1400,0,78400
GLENMARK30Jan20350PE.NFO,07/01/2020,11:19:22,15,15.7,1400,16.8,2800,0,78400
GLENMARK30Jan20350PE.NFO,07/01/2020,11:19:30,15,15.8,1400,16.8,2800,0,78400
GLENMARK30Jan20350PE.NFO,07/01/2020,11:19:50,15,15.8,1400,16.8,1400,0,78400
GLENMARK30Jan20350PE.NFO,07/01/2020,11:19:55,15,15.8,1400,16.85,1400,0,78400
GLENMARK30Jan20350PE.NFO,07/01/2020,11:20:09,15,15.8,1400,16.75,1400,0,78400
GLENMARK30Jan20350PE.NFO,07/01/2020,11:20:24,15,15.8,1400,16.75,2800,0,78400
GLENMARK30Jan20350PE.NFO,07/01/2020,11:20:29,15,15.45,4200,16.6,2800,0,78400
GLENMARK30Jan20350PE.NFO,07/01/2020,11:20:34,15,15.45,1400,16.55,2800,0,78400
GLENMARK30Jan20350PE.NFO,07/01/2020,11:20:50,15,15.4,2800,16.35,1400,0,78400
GLENMARK30Jan20350PE.NFO,07/01/2020,11:20:56,15,15.05,4200,16.2,2800,0,78400
GLENMARK30Jan20350PE.NFO,07/01/2020,11:21:01,15,15.15,4200,16.05,2800,0,78400
GLENMARK30Jan20350PE.NFO,07/01/2020,11:21:11,15,15.15,1400,15.95,2800,0,78400
GLENMARK30Jan20350PE.NFO,07/01/2020,11:21:15,15,15.1,1400,16.1,2800,0,78400
GLENMARK30Jan20350PE.NFO,07/01/2020,11:21:19,15,15.1,1400,16.35,1400,0,78400
GLENMARK30Jan20350PE.NFO,07/01/2020,11:21:27,15,15.1,1400,16.2,1400,0,78400
GLENMARK30Jan20350PE.NFO,07/01/2020,11:21:33,15,15.1,1400,16.25,1400,0,78400
GLENMARK30Jan20350PE.NFO,07/01/2020,11:21:39,15,15.1,1400,16.15,1400,0,78400
GLENMARK30Jan20350PE.NFO,07/01/2020,11:21:49,15,15.2,1400,16.15,1400,0,78400
GLENMARK30Jan20350PE.NFO,07/01/2020,11:21:52,15,15.2,1400,16.2,1400,0,78400
GLENMARK30Jan20350PE.NFO,07/01/2020,11:22:00,15,15.2,1400,16.15,1400,0,78400
GLENMARK30Jan20350PE.NFO,07/01/2020,11:22:04,15,15.2,1400,16.25,1400,0,78400
GLENMARK30Jan20350PE.NFO,07/01/2020,11:22:08,15,15.2,1400,16.15,1400,0,78400
GLENMARK30Jan20350PE.NFO,07/01/2020,11:22:16,15,15.05,1400,16,1400,0,78400
GLENMARK30Jan20350PE.NFO,07/01/2020,11:22:46,15,15.05,4200,16,1400,0,78400
GLENMARK30Jan20350PE.NFO,07/01/2020,11:22:53,15,15.1,1400,16,1400,0,78400
GLENMARK30Jan20350PE.NFO,07/01/2020,11:23:12,15,15.1,1400,16,2800,0,78400
GLENMARK30Jan20350PE.NFO,07/01/2020,11:23:17,15,15.1,1400,15.95,1400,0,78400
GLENMARK30Jan20350PE.NFO,07/01/2020,11:23:34,15,15.1,1400,15.95,2800,0,78400
GLENMARK30Jan20350PE.NFO,07/01/2020,11:23:38,15,15.1,1400,15.95,1400,0,78400
GLENMARK30Jan20350PE.NFO,07/01/2020,11:23:43,15,15.25,1400,16.05,1400,0,78400
GLENMARK30Jan20350PE.NFO,07/01/2020,11:23:48,15,15.25,1400,16.05,2800,0,78400
GLENMARK30Jan20350PE.NFO,07/01/2020,11:23:57,15,15.15,2800,16,2800,0,78400
GLENMARK30Jan20350PE.NFO,07/01/2020,11:24:02,15,15.25,2800,16,1400,0,78400
GLENMARK30Jan20350PE.NFO,07/01/2020,11:24:08,15,15.1,7000,16.05,2800,0,78400
GLENMARK30Jan20350PE.NFO,07/01/2020,11:24:14,15,15.25,1400,16.05,2800,0,78400
GLENMARK30Jan20350PE.NFO,07/01/2020,11:24:24,15,15.1,1400,16.05,2800,0,78400
GLENMARK30Jan20350PE.NFO,07/01/2020,11:24:37,15,15.1,1400,16,1400,0,78400
GLENMARK30Jan20350PE.NFO,07/01/2020,11:24:46,15,15.1,1400,16.05,2800,0,78400
GLENMARK30Jan20350PE.NFO,07/01/2020,11:24:50,15,15.1,1400,16,1400,0,78400
GLENMARK30Jan20350PE.NFO,07/01/2020,11:25:09,15,15.1,1400,16.1,1400,0,78400
GLENMARK30Jan20350PE.NFO,07/01/2020,11:25:21,15,15.1,1400,16.15,2800,0,78400
GLENMARK30Jan20350PE.NFO,07/01/2020,11:25:31,15,15.1,1400,16.1,1400,0,78400
GLENMARK30Jan20350PE.NFO,07/01/2020,11:25:45,15,15.1,1400,16.05,2800,0,78400
GLENMARK30Jan20350PE.NFO,07/01/2020,11:25:53,15,15.1,1400,16.15,2800,0,78400
GLENMARK30Jan20350PE.NFO,07/01/2020,11:26:20,15,15.1,1400,16.1,1400,0,78400
GLENMARK30Jan20350PE.NFO,07/01/2020,11:26:25,15,15.1,1400,16.05,1400,0,78400
GLENMARK30Jan20350PE.NFO,07/01/2020,11:26:48,15,15.1,1400,16.15,2800,0,78400
GLENMARK30Jan20350PE.NFO,07/01/2020,11:26:55,15,15.2,1400,16.15,2800,0,78400
GLENMARK30Jan20350PE.NFO,07/01/2020,11:27:10,15,15.2,1400,16.1,1400,0,78400
GLENMARK30Jan20350PE.NFO,07/01/2020,11:27:14,15,15.2,1400,16.1,2800,0,78400
GLENMARK30Jan20350PE.NFO,07/01/2020,11:27:27,15,15.3,1400,16.15,2800,0,78400
GLENMARK30Jan20350PE.NFO,07/01/2020,11:27:58,15,15.3,1400,16.1,1400,0,78400
GLENMARK30Jan20350PE.NFO,07/01/2020,11:28:13,15,15.3,1400,16.05,1400,0,78400
GLENMARK30Jan20350PE.NFO,07/01/2020,11:28:16,15,15.3,1400,16.1,2800,0,78400
GLENMARK30Jan20350PE.NFO,07/01/2020,11:28:35,15,15.5,1400,16.25,1400,0,78400
GLENMARK30Jan20350PE.NFO,07/01/2020,11:28:52,15,15.3,1400,16.3,2800,0,78400
GLENMARK30Jan20350PE.NFO,07/01/2020,11:29:15,15,15.4,1400,16.3,2800,0,78400
GLENMARK30Jan20350PE.NFO,07/01/2020,11:29:22,15,15.4,1400,16.25,1400,0,78400
GLENMARK30Jan20350PE.NFO,07/01/2020,11:29:26,15,15.4,1400,16.3,2800,0,78400
GLENMARK30Jan20350PE.NFO,07/01/2020,11:30:10,15,15.4,1400,16.25,2800,0,78400
GLENMARK30Jan20350PE.NFO,07/01/2020,11:30:23,15,15.4,1400,16.2,2800,0,78400
GLENMARK30Jan20350PE.NFO,07/01/2020,11:31:03,15,15.3,1400,16.15,2800,0,78400
GLENMARK30Jan20350PE.NFO,07/01/2020,11:31:23,15,15.3,1400,16.15,1400,0,78400
GLENMARK30Jan20350PE.NFO,07/01/2020,11:31:30,15,15.3,1400,16.2,2800,0,78400
GLENMARK30Jan20350PE.NFO,07/01/2020,11:31:59,15,15.3,1400,16.15,2800,0,78400
GLENMARK30Jan20350PE.NFO,07/01/2020,11:32:10,15,15.3,1400,16.2,2800,0,78400
GLENMARK30Jan20350PE.NFO,07/01/2020,11:32:19,15,15.3,1400,16.15,1400,0,78400
GLENMARK30Jan20350PE.NFO,07/01/2020,11:32:44,15,15.3,1400,16.15,2800,0,78400
GLENMARK30Jan20350PE.NFO,07/01/2020,11:32:50,15,15.3,1400,16.1,1400,0,78400
GLENMARK30Jan20350PE.NFO,07/01/2020,11:32:56,15,15.3,1400,16.15,2800,0,78400
GLENMARK30Jan20350PE.NFO,07/01/2020,11:33:00,15,15.5,1400,16.3,2800,0,78400
GLENMARK30Jan20350PE.NFO,07/01/2020,11:33:14,15,15.2,1400,16.15,2800,0,78400
GLENMARK30Jan20350PE.NFO,07/01/2020,11:33:57,15,15.2,1400,16.1,2800,0,78400
GLENMARK30Jan20350PE.NFO,07/01/2020,11:34:08,15,15.2,1400,16.05,2800,0,78400
GLENMARK30Jan20350PE.NFO,07/01/2020,11:34:15,15,15.3,1400,16.15,2800,0,78400
GLENMARK30Jan20350PE.NFO,07/01/2020,11:34:27,15,15.3,1400,16.1,1400,0,78400
GLENMARK30Jan20350PE.NFO,07/01/2020,11:34:34,15,15.3,1400,16.15,2800,0,78400
GLENMARK30Jan20350PE.NFO,07/01/2020,11:34:40,15,15.3,1400,16.05,1400,0,78400
GLENMARK30Jan20350PE.NFO,07/01/2020,11:34:45,15,15.3,1400,16.15,2800,0,78400
GLENMARK30Jan20350PE.NFO,07/01/2020,11:34:51,15,15.3,1400,16.1,2800,0,78400
GLENMARK30Jan20350PE.NFO,07/01/2020,11:34:56,15,15.3,1400,16.15,2800,0,78400
GLENMARK30Jan20350PE.NFO,07/01/2020,11:35:01,15,15.5,1400,16.35,2800,0,78400
GLENMARK30Jan20350PE.NFO,07/01/2020,11:35:29,15,15.5,1400,16.3,2800,0,78400
GLENMARK30Jan20350PE.NFO,07/01/2020,11:36:31,15,15.5,1400,16.35,2800,0,78400
GLENMARK30Jan20350PE.NFO,07/01/2020,11:36:36,15,15.5,1400,16.3,2800,0,78400
GLENMARK30Jan20350PE.NFO,07/01/2020,11:36:58,15,15.5,1400,16.4,2800,0,78400
GLENMARK30Jan20350PE.NFO,07/01/2020,11:37:35,15,15.6,1400,16.4,1400,0,78400
GLENMARK30Jan20350PE.NFO,07/01/2020,11:37:40,15,15.6,1400,16.4,2800,0,78400
GLENMARK30Jan20350PE.NFO,07/01/2020,11:37:54,15,15.6,1400,16.4,1400,0,78400
GLENMARK30Jan20350PE.NFO,07/01/2020,11:38:21,15,15.6,1400,16.35,1400,0,78400
GLENMARK30Jan20350PE.NFO,07/01/2020,11:38:25,15,15.5,1400,16.35,1400,0,78400
GLENMARK30Jan20350PE.NFO,07/01/2020,11:38:29,15,15.45,2800,16.35,1400,0,78400
GLENMARK30Jan20350PE.NFO,07/01/2020,11:38:39,15,15.55,1400,16.35,1400,0,78400
GLENMARK30Jan20350PE.NFO,07/01/2020,11:38:42,15,15.5,1400,16.35,2800,0,78400
GLENMARK30Jan20350PE.NFO,07/01/2020,11:38:47,15,15.5,1400,16.35,1400,0,78400
GLENMARK30Jan20350PE.NFO,07/01/2020,11:38:51,15,15.5,1400,16.4,2800,0,78400
GLENMARK30Jan20350PE.NFO,07/01/2020,11:38:59,15,15.6,1400,16.4,1400,0,78400
GLENMARK30Jan20350PE.NFO,07/01/2020,11:39:20,15,15.6,1400,16.35,1400,0,78400
GLENMARK30Jan20350PE.NFO,07/01/2020,11:39:27,15,15.6,1400,16.4,1400,0,78400
GLENMARK30Jan20350PE.NFO,07/01/2020,11:39:31,15,15.4,5600,16.45,2800,0,78400
GLENMARK30Jan20350PE.NFO,07/01/2020,11:39:35,15,15.6,2800,16.45,2800,0,78400
GLENMARK30Jan20350PE.NFO,07/01/2020,11:39:39,15,15.65,1400,16.45,1400,0,78400
GLENMARK30Jan20350PE.NFO,07/01/2020,11:39:54,15,15.6,1400,16.55,1400,0,78400
GLENMARK30Jan20350PE.NFO,07/01/2020,11:40:00,15,15.6,1400,16.5,1400,0,78400
GLENMARK30Jan20350PE.NFO,07/01/2020,11:40:10,15,15.6,1400,16.55,2800,0,78400
GLENMARK30Jan20350PE.NFO,07/01/2020,11:40:14,15,15.6,1400,16.5,1400,0,78400
GLENMARK30Jan20350PE.NFO,07/01/2020,11:40:19,15,15.6,1400,16.55,2800,0,78400
GLENMARK30Jan20350PE.NFO,07/01/2020,11:40:34,15,15.6,1400,16.5,1400,0,78400
GLENMARK30Jan20350PE.NFO,07/01/2020,11:40:41,15,15.6,1400,16.55,2800,0,78400
GLENMARK30Jan20350PE.NFO,07/01/2020,11:40:45,15,15.6,1400,16.5,1400,0,78400
GLENMARK30Jan20350PE.NFO,07/01/2020,11:40:52,15,15.6,1400,16.55,2800,0,78400
GLENMARK30Jan20350PE.NFO,07/01/2020,11:41:01,15,15.6,1400,16.5,1400,0,78400
GLENMARK30Jan20350PE.NFO,07/01/2020,11:41:47,15,15.6,1400,16.5,2800,0,78400
GLENMARK30Jan20350PE.NFO,07/01/2020,11:41:49,15,15.6,1400,16.45,1400,0,78400
GLENMARK30Jan20350PE.NFO,07/01/2020,11:42:27,15,15.55,4200,16.45,2800,0,78400
GLENMARK30Jan20350PE.NFO,07/01/2020,11:42:34,15,15.5,4200,16.45,2800,0,78400
GLENMARK30Jan20350PE.NFO,07/01/2020,11:42:44,15,15.55,1400,16.3,1400,0,78400
GLENMARK30Jan20350PE.NFO,07/01/2020,11:42:48,15,15.55,1400,16.25,1400,0,78400
GLENMARK30Jan20350PE.NFO,07/01/2020,11:42:58,15,15.4,1400,16.3,1400,0,78400
GLENMARK30Jan20350PE.NFO,07/01/2020,11:43:03,15,15.4,1400,16.25,2800,0,78400
GLENMARK30Jan20350PE.NFO,07/01/2020,11:43:16,15,15.4,1400,16.25,1400,0,78400
GLENMARK30Jan20350PE.NFO,07/01/2020,11:43:31,15,15.4,1400,16.35,1400,0,78400
GLENMARK30Jan20350PE.NFO,07/01/2020,11:43:34,15,15.4,1400,16.3,1400,0,78400
GLENMARK30Jan20350PE.NFO,07/01/2020,11:43:47,15,15.4,1400,16.3,2800,0,78400
GLENMARK30Jan20350PE.NFO,07/01/2020,11:43:50,15,15.4,1400,16.25,2800,0,78400
GLENMARK30Jan20350PE.NFO,07/01/2020,11:43:54,15,15.4,1400,16.25,1400,0,78400
GLENMARK30Jan20350PE.NFO,07/01/2020,11:44:06,15,15.4,1400,16.25,2800,0,78400
GLENMARK30Jan20350PE.NFO,07/01/2020,11:44:16,15,15.4,1400,16.3,1400,0,78400
GLENMARK30Jan20350PE.NFO,07/01/2020,11:45:23,15,15.4,1400,16.4,2800,0,78400
GLENMARK30Jan20350PE.NFO,07/01/2020,11:45:27,15,15.4,1400,16.35,1400,0,78400
GLENMARK30Jan20350PE.NFO,07/01/2020,11:45:37,15,15.5,1400,16.4,2800,0,78400
GLENMARK30Jan20350PE.NFO,07/01/2020,11:45:49,15,15.35,9800,16.4,2800,0,78400
GLENMARK30Jan20350PE.NFO,07/01/2020,11:45:52,15,15.45,2800,16.4,2800,0,78400
GLENMARK30Jan20350PE.NFO,07/01/2020,11:45:55,15,15.55,2800,16.4,2800,0,78400
GLENMARK30Jan20350PE.NFO,07/01/2020,11:45:57,15,15.45,4200,16.4,2800,0,78400
GLENMARK30Jan20350PE.NFO,07/01/2020,11:45:59,15,15.5,2800,16.4,2800,0,78400
GLENMARK30Jan20350PE.NFO,07/01/2020,11:46:09,15,15.5,2800,16.35,1400,0,78400
GLENMARK30Jan20350PE.NFO,07/01/2020,11:46:14,15,15.35,1400,16.1,1400,0,78400
GLENMARK30Jan20350PE.NFO,07/01/2020,11:46:21,15,15.35,1400,16.15,1400,0,78400
GLENMARK30Jan20350PE.NFO,07/01/2020,11:46:26,15,15.35,1400,16.1,1400,0,78400
GLENMARK30Jan20350PE.NFO,07/01/2020,11:46:39,15,15.35,1400,16.15,1400,0,78400
GLENMARK30Jan20350PE.NFO,07/01/2020,11:46:42,15,15.35,1400,16.1,1400,0,78400
GLENMARK30Jan20350PE.NFO,07/01/2020,11:47:16,15,15.2,1400,16.1,1400,0,78400
GLENMARK30Jan20350PE.NFO,07/01/2020,11:47:19,15,15.2,1400,16.1,2800,0,78400
GLENMARK30Jan20350PE.NFO,07/01/2020,11:47:23,15,15.2,1400,16.1,1400,0,78400
GLENMARK30Jan20350PE.NFO,07/01/2020,11:47:30,15,15.4,1400,16.15,1400,0,78400
GLENMARK30Jan20350PE.NFO,07/01/2020,11:47:35,15,15.45,2800,16.25,1400,0,78400
GLENMARK30Jan20350PE.NFO,07/01/2020,11:47:59,15,15.45,2800,16.25,2800,0,78400
GLENMARK30Jan20350PE.NFO,07/01/2020,11:48:03,15,15.5,1400,16.3,1400,0,78400
GLENMARK30Jan20350PE.NFO,07/01/2020,11:48:17,15,15.6,1400,16.3,1400,0,78400
GLENMARK30Jan20350PE.NFO,07/01/2020,11:49:13,15,15.6,1400,16.3,2800,0,78400
GLENMARK30Jan20350PE.NFO,07/01/2020,11:50:33,15,15.6,1400,16.3,1400,0,78400
GLENMARK30Jan20350PE.NFO,07/01/2020,11:50:50,15,15.6,1400,16.2,1400,0,78400
GLENMARK30Jan20350PE.NFO,07/01/2020,11:51:04,15,15.6,1400,16.35,1400,0,78400
GLENMARK30Jan20350PE.NFO,07/01/2020,11:51:09,15,15.6,1400,16.3,4200,0,78400
GLENMARK30Jan20350PE.NFO,07/01/2020,11:51:19,15,15.3,5600,16.3,4200,0,78400
GLENMARK30Jan20350PE.NFO,07/01/2020,11:51:22,15,15.3,4200,16.3,4200,0,78400
GLENMARK30Jan20350PE.NFO,07/01/2020,11:51:42,15,15.4,1400,16.2,2800,0,78400
GLENMARK30Jan20350PE.NFO,07/01/2020,11:51:49,15,15.4,1400,16.15,2800,0,78400
GLENMARK30Jan20350PE.NFO,07/01/2020,11:51:59,15,15.4,1400,16.15,4200,0,78400
GLENMARK30Jan20350PE.NFO,07/01/2020,11:52:09,15,15.4,1400,16.05,2800,0,78400
GLENMARK30Jan20350PE.NFO,07/01/2020,11:52:16,15,15.4,1400,16.25,1400,0,78400
GLENMARK30Jan20350PE.NFO,07/01/2020,11:52:25,15,15.4,1400,16.15,2800,0,78400
GLENMARK30Jan20350PE.NFO,07/01/2020,11:52:37,15,15.4,1400,16.15,1400,0,78400
GLENMARK30Jan20350PE.NFO,07/01/2020,11:52:48,15,15.4,1400,16.25,1400,0,78400
GLENMARK30Jan20350PE.NFO,07/01/2020,11:54:41,15,15.4,1400,16.3,1400,0,78400
GLENMARK30Jan20350PE.NFO,07/01/2020,11:54:55,15,15.4,1400,16.25,1400,0,78400
GLENMARK30Jan20350PE.NFO,07/01/2020,11:55:58,15,15.4,1400,16.3,1400,0,78400
GLENMARK30Jan20350PE.NFO,07/01/2020,11:56:13,15,15.4,1400,16.25,1400,0,78400
GLENMARK30Jan20350PE.NFO,07/01/2020,11:57:39,15,15.45,1400,16.35,1400,0,78400
GLENMARK30Jan20350PE.NFO,07/01/2020,11:57:53,15,15.55,1400,16.4,1400,0,78400
GLENMARK30Jan20350PE.NFO,07/01/2020,11:57:56,15,15.55,1400,16.3,1400,0,78400
GLENMARK30Jan20350PE.NFO,07/01/2020,11:58:11,15,15.55,1400,16.35,1400,0,78400
GLENMARK30Jan20350PE.NFO,07/01/2020,11:58:51,15,15.55,1400,16.3,2800,0,78400
GLENMARK30Jan20350PE.NFO,07/01/2020,11:59:46,15,15.55,1400,16.35,1400,0,78400
GLENMARK30Jan20350PE.NFO,07/01/2020,12:00:37,15,15.55,1400,16.3,2800,0,78400
GLENMARK30Jan20350PE.NFO,07/01/2020,12:00:57,15,15.25,1400,16.1,1400,0,78400
GLENMARK30Jan20350PE.NFO,07/01/2020,12:01:01,15,15.5,1400,16.3,1400,0,78400
GLENMARK30Jan20350PE.NFO,07/01/2020,12:01:04,15,15.5,1400,16.2,2800,0,78400
GLENMARK30Jan20350PE.NFO,07/01/2020,12:02:00,15,15.25,1400,16.15,1400,0,78400
GLENMARK30Jan20350PE.NFO,07/01/2020,12:02:11,15,15.25,1400,16.1,1400,0,78400
GLENMARK30Jan20350PE.NFO,07/01/2020,12:02:13,15,15.25,1400,16.15,1400,0,78400
GLENMARK30Jan20350PE.NFO,07/01/2020,12:02:36,15,15.25,1400,16.05,1400,0,78400
GLENMARK30Jan20350PE.NFO,07/01/2020,12:02:42,15,15.25,1400,16.15,1400,0,78400
GLENMARK30Jan20350PE.NFO,07/01/2020,12:02:48,15,15.25,1400,16.05,1400,0,78400
GLENMARK30Jan20350PE.NFO,07/01/2020,12:02:53,15,15.1,5600,16.25,1400,0,78400
GLENMARK30Jan20350PE.NFO,07/01/2020,12:03:34,15,15.1,8400,16.25,1400,0,78400
GLENMARK30Jan20350PE.NFO,07/01/2020,12:04:08,15,15.1,5600,16.25,1400,0,78400
GLENMARK30Jan20350PE.NFO,07/01/2020,12:04:24,15,15.1,8400,16.25,1400,0,78400
GLENMARK30Jan20350PE.NFO,07/01/2020,12:04:33,15,15.1,8400,16.3,1400,0,78400
GLENMARK30Jan20350PE.NFO,07/01/2020,12:04:42,15,15.1,8400,16.25,1400,0,78400
GLENMARK30Jan20350PE.NFO,07/01/2020,12:05:22,15,15.15,7000,16.25,2800,0,78400
GLENMARK30Jan20350PE.NFO,07/01/2020,12:05:43,15,15.35,4200,16.25,2800,0,78400
GLENMARK30Jan20350PE.NFO,07/01/2020,12:05:49,15,15.25,7000,16.25,2800,0,78400
GLENMARK30Jan20350PE.NFO,07/01/2020,12:06:06,15,15.35,4200,16.2,1400,0,78400
GLENMARK30Jan20350PE.NFO,07/01/2020,12:06:20,15,15.25,4200,16.2,1400,0,78400
GLENMARK30Jan20350PE.NFO,07/01/2020,12:06:23,15,15.25,7000,16.2,2800,0,78400
GLENMARK30Jan20350PE.NFO,07/01/2020,12:06:25,15,15.15,4200,16.2,1400,0,78400
GLENMARK30Jan20350PE.NFO,07/01/2020,12:06:28,15,15.25,4200,16.2,1400,0,78400
GLENMARK30Jan20350PE.NFO,07/01/2020,12:06:31,15,15.35,4200,16.2,1400,0,78400
GLENMARK30Jan20350PE.NFO,07/01/2020,12:06:35,15,15.2,4200,16.2,1400,0,78400
GLENMARK30Jan20350PE.NFO,07/01/2020,12:06:38,15,15.3,4200,16.2,1400,0,78400
GLENMARK30Jan20350PE.NFO,07/01/2020,12:07:59,15,15.1,4200,16.05,1400,0,78400
GLENMARK30Jan20350PE.NFO,07/01/2020,12:08:04,15,15.2,1400,16.05,2800,0,78400
GLENMARK30Jan20350PE.NFO,07/01/2020,12:08:25,15,15.15,2800,15.9,1400,0,78400
GLENMARK30Jan20350PE.NFO,07/01/2020,12:08:40,15.9,15.75,1400,16.1,1400,5600,77000
GLENMARK30Jan20350PE.NFO,07/01/2020,12:08:40,16,15.75,1400,16.1,1400,0,77000
GLENMARK30Jan20350PE.NFO,07/01/2020,12:08:43,15.9,15.85,1400,16.1,1400,0,77000
GLENMARK30Jan20350PE.NFO,07/01/2020,12:08:50,15.9,15.85,1400,16.1,2800,0,77000
GLENMARK30Jan20350PE.NFO,07/01/2020,12:08:54,15.9,16,1400,16.3,1400,0,77000
GLENMARK30Jan20350PE.NFO,07/01/2020,12:08:58,15.9,15.2,11200,16.3,1400,0,77000
GLENMARK30Jan20350PE.NFO,07/01/2020,12:09:01,15.9,15.7,1400,16.3,1400,0,77000
GLENMARK30Jan20350PE.NFO,07/01/2020,12:09:04,15.9,15.25,14000,16.3,1400,0,77000
GLENMARK30Jan20350PE.NFO,07/01/2020,12:09:07,15.9,15.2,11200,16.3,1400,0,77000
GLENMARK30Jan20350PE.NFO,07/01/2020,12:09:10,15.9,15.4,5600,16.3,1400,0,77000
GLENMARK30Jan20350PE.NFO,07/01/2020,12:09:13,15.9,15.4,1400,16.35,1400,0,77000
GLENMARK30Jan20350PE.NFO,07/01/2020,12:09:16,15.9,15.9,1400,16.25,1400,0,77000
GLENMARK30Jan20350PE.NFO,07/01/2020,12:09:19,15.9,15.6,1400,16.35,1400,0,77000
GLENMARK30Jan20350PE.NFO,07/01/2020,12:09:22,15.9,15.6,2800,16.35,1400,0,77000
GLENMARK30Jan20350PE.NFO,07/01/2020,12:09:47,15.9,15.6,2800,16.35,2800,0,77000
GLENMARK30Jan20350PE.NFO,07/01/2020,12:09:50,15.9,15.85,1400,16.2,1400,0,77000
GLENMARK30Jan20350PE.NFO,07/01/2020,12:09:53,15.9,15.95,2800,16.2,1400,0,77000
GLENMARK30Jan20350PE.NFO,07/01/2020,12:09:55,15.9,16,1400,16.2,1400,0,77000
GLENMARK30Jan20350PE.NFO,07/01/2020,12:09:58,15.9,15.95,1400,16.2,2800,0,77000
GLENMARK30Jan20350PE.NFO,07/01/2020,12:10:10,15.9,15.65,1400,16.3,1400,0,77000
GLENMARK30Jan20350PE.NFO,07/01/2020,12:10:12,15.9,15.65,2800,16.3,1400,0,77000
GLENMARK30Jan20350PE.NFO,07/01/2020,12:10:18,15.9,15.7,2800,16.3,1400,0,77000
GLENMARK30Jan20350PE.NFO,07/01/2020,12:10:26,15.9,15.35,2800,16.35,1400,0,77000
GLENMARK30Jan20350PE.NFO,07/01/2020,12:10:29,15.9,15.65,1400,16.35,1400,0,77000
GLENMARK30Jan20350PE.NFO,07/01/2020,12:10:31,15.9,15.7,1400,16.35,1400,0,77000
GLENMARK30Jan20350PE.NFO,07/01/2020,12:10:33,15.9,15.8,1400,16.35,2800,0,77000
GLENMARK30Jan20350PE.NFO,07/01/2020,12:10:36,15.9,16,1400,16.3,1400,0,77000
GLENMARK30Jan20350PE.NFO,07/01/2020,12:10:38,15.9,16,2800,16.3,1400,0,77000
GLENMARK30Jan20350PE.NFO,07/01/2020,12:10:43,15.9,15.7,1400,16.35,2800,0,77000
GLENMARK30Jan20350PE.NFO,07/01/2020,12:10:45,15.9,15.5,2800,16.35,2800,0,77000
GLENMARK30Jan20350PE.NFO,07/01/2020,12:10:48,15.9,15.4,1400,16.35,2800,0,77000
GLENMARK30Jan20350PE.NFO,07/01/2020,12:10:51,15.9,15.25,7000,16.35,2800,0,77000
GLENMARK30Jan20350PE.NFO,07/01/2020,12:10:53,15.9,15.45,2800,16.35,2800,0,77000
GLENMARK30Jan20350PE.NFO,07/01/2020,12:10:55,15.9,15.6,1400,16.35,2800,0,77000
GLENMARK30Jan20350PE.NFO,07/01/2020,12:10:57,15.9,15.65,2800,16.35,2800,0,77000
GLENMARK30Jan20350PE.NFO,07/01/2020,12:11:00,15.9,15.8,1400,16.35,2800,0,77000
GLENMARK30Jan20350PE.NFO,07/01/2020,12:11:03,15.9,16,2800,16.3,1400,0,77000
GLENMARK30Jan20350PE.NFO,07/01/2020,12:11:12,15.9,15.35,1400,16.15,1400,0,77000
GLENMARK30Jan20350PE.NFO,07/01/2020,12:11:17,15.9,15.55,1400,16.2,1400,0,77000
GLENMARK30Jan20350PE.NFO,07/01/2020,12:11:20,15.9,15.45,2800,16.15,1400,0,77000
GLENMARK30Jan20350PE.NFO,07/01/2020,12:11:24,15.9,15.45,2800,16.2,1400,0,77000
GLENMARK30Jan20350PE.NFO,07/01/2020,12:11:27,15.9,15.3,2800,16.2,1400,0,77000
GLENMARK30Jan20350PE.NFO,07/01/2020,12:11:29,15.9,15.55,1400,16.2,1400,0,77000
GLENMARK30Jan20350PE.NFO,07/01/2020,12:11:31,15.9,15.35,2800,16.2,1400,0,77000
GLENMARK30Jan20350PE.NFO,07/01/2020,12:11:34,15.9,15.1,8400,16.15,1400,0,77000
GLENMARK30Jan20350PE.NFO,07/01/2020,12:11:39,15.9,15.45,1400,16.15,1400,0,77000
GLENMARK30Jan20350PE.NFO,07/01/2020,12:11:41,15.9,15.2,8400,16.15,1400,0,77000
GLENMARK30Jan20350PE.NFO,07/01/2020,12:11:44,15.9,15.5,1400,16.15,1400,0,77000
GLENMARK30Jan20350PE.NFO,07/01/2020,12:11:47,15.9,15.25,1400,16.15,1400,0,77000
GLENMARK30Jan20350PE.NFO,07/01/2020,12:11:50,15.9,15.5,1400,16.15,1400,0,77000
GLENMARK30Jan20350PE.NFO,07/01/2020,12:11:52,15.9,15.1,18200,16.15,1400,0,77000
GLENMARK30Jan20350PE.NFO,07/01/2020,12:11:54,15.9,15.3,5600,16.15,1400,0,77000
GLENMARK30Jan20350PE.NFO,07/01/2020,12:11:57,15.9,15.45,1400,16.15,1400,0,77000
GLENMARK30Jan20350PE.NFO,07/01/2020,12:11:59,15.9,15.1,18200,16.15,1400,0,77000
GLENMARK30Jan20350PE.NFO,07/01/2020,12:12:01,15.9,15.3,5600,16.15,1400,0,77000
GLENMARK30Jan20350PE.NFO,07/01/2020,12:12:05,15.9,15.3,1400,16.15,1400,0,77000
GLENMARK30Jan20350PE.NFO,07/01/2020,12:12:08,15.9,15.4,1400,16.15,1400,0,77000
GLENMARK30Jan20350PE.NFO,07/01/2020,12:12:09,15.9,15.3,1400,16.15,1400,0,77000
GLENMARK30Jan20350PE.NFO,07/01/2020,12:12:12,15.9,15.1,12600,16.15,1400,0,77000
GLENMARK30Jan20350PE.NFO,07/01/2020,12:12:15,15.9,15.4,1400,16.15,1400,0,77000
GLENMARK30Jan20350PE.NFO,07/01/2020,12:12:17,15.9,15.1,18200,16.15,1400,0,77000
GLENMARK30Jan20350PE.NFO,07/01/2020,12:12:19,15.9,15.2,9800,16.15,1400,0,77000
GLENMARK30Jan20350PE.NFO,07/01/2020,12:12:22,15.9,15.4,1400,16.15,1400,0,77000
GLENMARK30Jan20350PE.NFO,07/01/2020,12:12:24,15.9,15.35,2800,16.15,1400,0,77000
GLENMARK30Jan20350PE.NFO,07/01/2020,12:13:14,15.9,15.2,2800,16.15,2800,0,77000
GLENMARK30Jan20350PE.NFO,07/01/2020,12:13:20,15.9,15.4,1400,16.25,1400,0,77000
GLENMARK30Jan20350PE.NFO,07/01/2020,12:13:25,15.9,15.45,1400,16.25,2800,0,77000
GLENMARK30Jan20350PE.NFO,07/01/2020,12:13:30,15.9,15.35,2800,16.15,1400,0,77000
GLENMARK30Jan20350PE.NFO,07/01/2020,12:13:38,15.9,15.5,1400,16.15,1400,0,77000
GLENMARK30Jan20350PE.NFO,07/01/2020,12:13:42,15.9,15.45,1400,16.15,1400,0,77000
GLENMARK30Jan20350PE.NFO,07/01/2020,12:13:45,15.9,15.4,1400,16.15,1400,0,77000
GLENMARK30Jan20350PE.NFO,07/01/2020,12:13:49,15.9,15.35,5600,16.15,1400,0,77000
GLENMARK30Jan20350PE.NFO,07/01/2020,12:13:52,15.9,15.4,1400,16.15,1400,0,77000
GLENMARK30Jan20350PE.NFO,07/01/2020,12:13:54,15.9,15.5,1400,16.15,1400,0,77000
GLENMARK30Jan20350PE.NFO,07/01/2020,12:13:57,15.9,15.5,2800,16.4,2800,0,77000
GLENMARK30Jan20350PE.NFO,07/01/2020,12:14:02,15.9,15.65,1400,16.35,1400,0,77000
GLENMARK30Jan20350PE.NFO,07/01/2020,12:14:07,15.9,15.55,1400,16.3,1400,0,77000
GLENMARK30Jan20350PE.NFO,07/01/2020,12:14:13,15.9,15.6,1400,16.35,1400,0,77000
GLENMARK30Jan20350PE.NFO,07/01/2020,12:14:14,15.9,15.55,1400,16.35,1400,0,77000
GLENMARK30Jan20350PE.NFO,07/01/2020,12:14:16,15.9,15.55,2800,16.35,1400,0,77000
GLENMARK30Jan20350PE.NFO,07/01/2020,12:14:47,15.9,15.6,1400,16.3,1400,0,77000
GLENMARK30Jan20350PE.NFO,07/01/2020,12:14:48,15.9,15.5,1400,16.35,1400,0,77000
GLENMARK30Jan20350PE.NFO,07/01/2020,12:14:49,15.9,15.5,1400,16.3,1400,0,77000
GLENMARK30Jan20350PE.NFO,07/01/2020,12:14:50,15.9,15.6,1400,16.3,1400,0,77000
GLENMARK30Jan20350PE.NFO,07/01/2020,12:14:51,15.9,15.3,2800,16.3,1400,0,77000
GLENMARK30Jan20350PE.NFO,07/01/2020,12:14:52,15.9,15.4,2800,16.3,1400,0,77000
GLENMARK30Jan20350PE.NFO,07/01/2020,12:15:00,15.9,15.5,1400,16.35,1400,0,77000
GLENMARK30Jan20350PE.NFO,07/01/2020,12:15:00,15.9,15.6,1400,16.35,1400,0,77000
GLENMARK30Jan20350PE.NFO,07/01/2020,12:15:02,15.9,15.65,1400,16.35,1400,0,77000
GLENMARK30Jan20350PE.NFO,07/01/2020,12:15:03,15.9,15.35,7000,16.35,1400,0,77000
GLENMARK30Jan20350PE.NFO,07/01/2020,12:15:04,15.9,15.4,2800,16.3,1400,0,77000
GLENMARK30Jan20350PE.NFO,07/01/2020,12:15:08,15.9,15.5,1400,16.3,1400,0,77000
GLENMARK30Jan20350PE.NFO,07/01/2020,12:15:09,15.9,15.6,1400,16.3,1400,0,77000
GLENMARK30Jan20350PE.NFO,07/01/2020,12:15:11,15.9,15.2,2800,16.3,1400,0,77000
GLENMARK30Jan20350PE.NFO,07/01/2020,12:15:15,15.9,15.6,1400,16.3,1400,0,77000
GLENMARK30Jan20350PE.NFO,07/01/2020,12:15:18,15.9,15.5,2800,16.3,1400,0,77000
GLENMARK30Jan20350PE.NFO,07/01/2020,12:15:23,15.9,15.55,1400,16.3,1400,0,77000
GLENMARK30Jan20350PE.NFO,07/01/2020,12:15:26,15.9,15.4,2800,16.25,1400,0,77000
GLENMARK30Jan20350PE.NFO,07/01/2020,12:15:29,15.9,15.55,1400,16.25,1400,0,77000
GLENMARK30Jan20350PE.NFO,07/01/2020,12:15:32,15.9,15.45,2800,16.3,1400,0,77000
GLENMARK30Jan20350PE.NFO,07/01/2020,12:15:37,15.9,15.15,2800,16.25,1400,0,77000
GLENMARK30Jan20350PE.NFO,07/01/2020,12:15:40,15.9,15.5,1400,16.25,1400,0,77000
GLENMARK30Jan20350PE.NFO,07/01/2020,12:15:47,15.9,15.2,4200,16.25,1400,0,77000
GLENMARK30Jan20350PE.NFO,07/01/2020,12:15:49,15.9,15.3,4200,16.25,1400,0,77000
GLENMARK30Jan20350PE.NFO,07/01/2020,12:15:53,15.9,15.5,2800,16.25,1400,0,77000
GLENMARK30Jan20350PE.NFO,07/01/2020,12:15:57,15.9,15.55,1400,16.2,1400,0,77000
GLENMARK30Jan20350PE.NFO,07/01/2020,12:16:01,15.9,15.4,2800,16.2,1400,0,77000
GLENMARK30Jan20350PE.NFO,07/01/2020,12:16:15,15.9,15.4,2800,16.3,1400,0,77000
GLENMARK30Jan20350PE.NFO,07/01/2020,12:16:20,15.9,15.5,1400,16.35,1400,0,77000
GLENMARK30Jan20350PE.NFO,07/01/2020,12:16:21,15.9,15.5,2800,16.35,1400,0,77000
GLENMARK30Jan20350PE.NFO,07/01/2020,12:17:01,15.9,15.5,2800,16.4,1400,0,77000
GLENMARK30Jan20350PE.NFO,07/01/2020,12:17:06,15.9,15.6,1400,16.4,1400,0,77000
GLENMARK30Jan20350PE.NFO,07/01/2020,12:17:07,15.9,15.6,2800,16.4,1400,0,77000
GLENMARK30Jan20350PE.NFO,07/01/2020,12:17:28,15.9,15.6,2800,16.4,2800,0,77000
GLENMARK30Jan20350PE.NFO,07/01/2020,12:19:01,15.9,15.6,2800,16.4,1400,0,77000
GLENMARK30Jan20350PE.NFO,07/01/2020,12:19:40,15.9,15.4,1400,16.2,1400,0,77000
GLENMARK30Jan20350PE.NFO,07/01/2020,12:19:45,15.9,15.35,2800,16.2,1400,0,77000
GLENMARK30Jan20350PE.NFO,07/01/2020,12:19:49,15.9,15.45,2800,16.2,1400,0,77000
GLENMARK30Jan20350PE.NFO,07/01/2020,12:19:53,15.9,15.5,1400,16.2,1400,0,77000
GLENMARK30Jan20350PE.NFO,07/01/2020,12:19:57,15.9,15.45,1400,16.25,2800,0,77000
GLENMARK30Jan20350PE.NFO,07/01/2020,12:20:00,15.9,15.55,1400,16.25,1400,0,77000
GLENMARK30Jan20350PE.NFO,07/01/2020,12:20:03,15.9,15.35,4200,16.25,1400,0,77000
GLENMARK30Jan20350PE.NFO,07/01/2020,12:20:06,15.9,15.5,1400,16.25,1400,0,77000
GLENMARK30Jan20350PE.NFO,07/01/2020,12:20:07,15.9,15.15,16800,16.25,1400,0,77000
GLENMARK30Jan20350PE.NFO,07/01/2020,12:20:10,15.9,15.35,5600,16.25,1400,0,77000
GLENMARK30Jan20350PE.NFO,07/01/2020,12:20:13,15.9,15.25,7000,16.2,1400,0,77000
GLENMARK30Jan20350PE.NFO,07/01/2020,12:20:16,15.9,15.45,1400,16.2,1400,0,77000
GLENMARK30Jan20350PE.NFO,07/01/2020,12:20:24,15.9,15.35,2800,16.2,1400,0,77000
GLENMARK30Jan20350PE.NFO,07/01/2020,12:20:27,15.9,15.25,2800,16.2,1400,0,77000
GLENMARK30Jan20350PE.NFO,07/01/2020,12:20:30,15.9,15.5,1400,16.2,1400,0,77000
GLENMARK30Jan20350PE.NFO,07/01/2020,12:20:35,15.9,15.15,12600,16.2,1400,0,77000
GLENMARK30Jan20350PE.NFO,07/01/2020,12:20:37,15.9,15.35,2800,16.2,1400,0,77000
GLENMARK30Jan20350PE.NFO,07/01/2020,12:20:39,15.9,15.45,1400,16.2,1400,0,77000
GLENMARK30Jan20350PE.NFO,07/01/2020,12:20:42,15.9,15.5,1400,16.2,1400,0,77000
GLENMARK30Jan20350PE.NFO,07/01/2020,12:20:56,15.9,15.35,1400,16.2,1400,0,77000
GLENMARK30Jan20350PE.NFO,07/01/2020,12:21:00,15.9,15.2,7000,16.2,1400,0,77000
GLENMARK30Jan20350PE.NFO,07/01/2020,12:21:03,15.9,15.1,8400,16.15,1400,0,77000
GLENMARK30Jan20350PE.NFO,07/01/2020,12:21:07,15.9,15.3,1400,16.15,1400,0,77000
GLENMARK30Jan20350PE.NFO,07/01/2020,12:21:09,15.9,15.45,1400,16.15,1400,0,77000
GLENMARK30Jan20350PE.NFO,07/01/2020,12:21:10,15.9,15.1,7000,16.15,1400,0,77000
GLENMARK30Jan20350PE.NFO,07/01/2020,12:21:13,15.9,15.4,1400,16.15,1400,0,77000
GLENMARK30Jan20350PE.NFO,07/01/2020,12:21:16,15.9,15.2,5600,16.15,1400,0,77000
GLENMARK30Jan20350PE.NFO,07/01/2020,12:21:19,15.9,15.4,1400,16.15,1400,0,77000
GLENMARK30Jan20350PE.NFO,07/01/2020,12:21:21,15.9,15.35,2800,16.15,1400,0,77000
GLENMARK30Jan20350PE.NFO,07/01/2020,12:21:24,15.9,15.1,9800,16.15,1400,0,77000
GLENMARK30Jan20350PE.NFO,07/01/2020,12:21:27,15.9,15.3,1400,16.15,1400,0,77000
GLENMARK30Jan20350PE.NFO,07/01/2020,12:21:33,15.9,15.4,1400,16.15,1400,0,77000
GLENMARK30Jan20350PE.NFO,07/01/2020,12:21:35,15.9,15.2,8400,16.15,1400,0,77000
GLENMARK30Jan20350PE.NFO,07/01/2020,12:21:37,15.9,15.3,2800,16.15,1400,0,77000
GLENMARK30Jan20350PE.NFO,07/01/2020,12:21:39,15.9,15.45,1400,16.15,1400,0,77000
GLENMARK30Jan20350PE.NFO,07/01/2020,12:21:41,15.9,15.2,9800,16.15,1400,0,77000
GLENMARK30Jan20350PE.NFO,07/01/2020,12:21:44,15.9,15.4,1400,16.15,1400,0,77000
GLENMARK30Jan20350PE.NFO,07/01/2020,12:21:46,15.9,15.3,1400,16.15,1400,0,77000
GLENMARK30Jan20350PE.NFO,07/01/2020,12:21:48,15.9,15.3,2800,16.15,1400,0,77000
GLENMARK30Jan20350PE.NFO,07/01/2020,12:22:15,15.9,15.1,5600,16.1,1400,0,77000
GLENMARK30Jan20350PE.NFO,07/01/2020,12:22:17,15.9,15.3,1400,16.1,1400,0,77000
GLENMARK30Jan20350PE.NFO,07/01/2020,12:22:19,15.9,15.3,2800,16.1,1400,0,77000
GLENMARK30Jan20350PE.NFO,07/01/2020,12:22:22,15.9,15.45,1400,16.2,1400,0,77000
GLENMARK30Jan20350PE.NFO,07/01/2020,12:22:24,15.9,15.25,1400,16.2,1400,0,77000
GLENMARK30Jan20350PE.NFO,07/01/2020,12:22:26,15.9,15.35,1400,16.2,1400,0,77000
GLENMARK30Jan20350PE.NFO,07/01/2020,12:22:29,15.9,15.2,2800,16.2,1400,0,77000
GLENMARK30Jan20350PE.NFO,07/01/2020,12:22:31,15.9,15.3,1400,16.2,1400,0,77000
GLENMARK30Jan20350PE.NFO,07/01/2020,12:22:32,15.9,15.4,1400,16.2,1400,0,77000
GLENMARK30Jan20350PE.NFO,07/01/2020,12:22:34,15.9,15.25,2800,16.15,1400,0,77000
GLENMARK30Jan20350PE.NFO,07/01/2020,12:23:06,15.9,15.25,2800,16.2,1400,0,77000
GLENMARK30Jan20350PE.NFO,07/01/2020,12:23:09,15.9,15.4,1400,16.15,1400,0,77000
GLENMARK30Jan20350PE.NFO,07/01/2020,12:23:12,15.9,15.2,1400,16.15,1400,0,77000
GLENMARK30Jan20350PE.NFO,07/01/2020,12:23:15,15.9,15.35,1400,16.15,1400,0,77000
GLENMARK30Jan20350PE.NFO,07/01/2020,12:23:19,15.9,15.3,1400,16.15,1400,0,77000
GLENMARK30Jan20350PE.NFO,07/01/2020,12:23:24,15.9,15.45,1400,16.15,1400,0,77000
GLENMARK30Jan20350PE.NFO,07/01/2020,12:23:27,15.9,15.3,1400,16.15,1400,0,77000
GLENMARK30Jan20350PE.NFO,07/01/2020,12:23:30,15.9,15.1,7000,16.15,1400,0,77000
GLENMARK30Jan20350PE.NFO,07/01/2020,12:23:33,15.9,15.1,8400,16.15,1400,0,77000
GLENMARK30Jan20350PE.NFO,07/01/2020,12:23:36,15.9,15.35,1400,16.15,1400,0,77000
GLENMARK30Jan20350PE.NFO,07/01/2020,12:23:38,15.9,15.2,2800,16.15,1400,0,77000
GLENMARK30Jan20350PE.NFO,07/01/2020,12:23:41,15.9,15.1,4200,16.15,1400,0,77000
GLENMARK30Jan20350PE.NFO,07/01/2020,12:23:43,15.9,15.3,1400,16.15,1400,0,77000
GLENMARK30Jan20350PE.NFO,07/01/2020,12:23:46,15.9,15.05,7000,16.15,1400,0,77000
GLENMARK30Jan20350PE.NFO,07/01/2020,12:23:49,15.9,15.15,4200,16.15,1400,0,77000
GLENMARK30Jan20350PE.NFO,07/01/2020,12:23:55,15.9,15.35,2800,16.15,1400,0,77000
GLENMARK30Jan20350PE.NFO,07/01/2020,12:23:57,15.9,15.35,2800,16.2,1400,0,77000
GLENMARK30Jan20350PE.NFO,07/01/2020,12:23:59,15.9,15.4,1400,16.2,1400,0,77000
GLENMARK30Jan20350PE.NFO,07/01/2020,12:24:02,15.9,15.2,2800,16.2,1400,0,77000
GLENMARK30Jan20350PE.NFO,07/01/2020,12:24:05,15.9,15.3,1400,16.2,1400,0,77000
GLENMARK30Jan20350PE.NFO,07/01/2020,12:24:07,15.9,15.45,1400,16.2,1400,0,77000
GLENMARK30Jan20350PE.NFO,07/01/2020,12:24:09,15.9,15.1,4200,16.2,1400,0,77000
GLENMARK30Jan20350PE.NFO,07/01/2020,12:24:13,15.9,15.3,1400,16.2,1400,0,77000
GLENMARK30Jan20350PE.NFO,07/01/2020,12:24:18,15.9,15.2,2800,16.2,1400,0,77000
GLENMARK30Jan20350PE.NFO,07/01/2020,12:24:21,15.9,15.45,1400,16.2,1400,0,77000
GLENMARK30Jan20350PE.NFO,07/01/2020,12:24:24,15.9,15.3,1400,16.15,1400,0,77000
GLENMARK30Jan20350PE.NFO,07/01/2020,12:24:26,15.9,15.05,4200,16.15,1400,0,77000
GLENMARK30Jan20350PE.NFO,07/01/2020,12:24:29,15.9,15.25,1400,16.15,1400,0,77000
GLENMARK30Jan20350PE.NFO,07/01/2020,12:24:31,15.9,15.25,2800,16.1,1400,0,77000
GLENMARK30Jan20350PE.NFO,07/01/2020,12:24:34,15.9,15.35,1400,16.1,1400,0,77000
GLENMARK30Jan20350PE.NFO,07/01/2020,12:24:36,15.9,15.2,1400,16.1,1400,0,77000
GLENMARK30Jan20350PE.NFO,07/01/2020,12:24:39,15.9,15.4,1400,16.2,1400,0,77000
GLENMARK30Jan20350PE.NFO,07/01/2020,12:24:42,15.9,15.3,1400,16.2,1400,0,77000
GLENMARK30Jan20350PE.NFO,07/01/2020,12:24:46,15.9,15.2,2800,16.2,1400,0,77000
GLENMARK30Jan20350PE.NFO,07/01/2020,12:24:49,15.9,15.4,1400,16.2,1400,0,77000
GLENMARK30Jan20350PE.NFO,07/01/2020,12:24:52,15.9,15.3,1400,16.2,1400,0,77000
GLENMARK30Jan20350PE.NFO,07/01/2020,12:24:55,15.9,15.45,1400,16.2,1400,0,77000
GLENMARK30Jan20350PE.NFO,07/01/2020,12:24:58,15.9,15.3,1400,16.2,1400,0,77000
GLENMARK30Jan20350PE.NFO,07/01/2020,12:25:00,15.9,15.4,1400,16.2,1400,0,77000
GLENMARK30Jan20350PE.NFO,07/01/2020,12:25:04,15.9,15.4,2800,16.2,1400,0,77000
GLENMARK30Jan20350PE.NFO,07/01/2020,12:25:41,15.9,15.2,4200,16.2,1400,0,77000
GLENMARK30Jan20350PE.NFO,07/01/2020,12:25:45,15.9,15.1,1400,16.1,1400,0,77000
GLENMARK30Jan20350PE.NFO,07/01/2020,12:25:48,15.9,15.2,1400,16.1,1400,0,77000
GLENMARK30Jan20350PE.NFO,07/01/2020,12:25:50,15.9,15.1,2800,16.1,1400,0,77000
GLENMARK30Jan20350PE.NFO,07/01/2020,12:25:51,15.9,15.2,1400,16.1,1400,0,77000
GLENMARK30Jan20350PE.NFO,07/01/2020,12:25:54,15.9,15.1,2800,16.1,1400,0,77000
GLENMARK30Jan20350PE.NFO,07/01/2020,12:25:57,15.9,15.1,1400,16.1,1400,0,77000
GLENMARK30Jan20350PE.NFO,07/01/2020,12:26:00,15.9,15.3,1400,16.1,1400,0,77000
GLENMARK30Jan20350PE.NFO,07/01/2020,12:26:10,15.9,15.25,1400,16.1,1400,0,77000
GLENMARK30Jan20350PE.NFO,07/01/2020,12:26:14,15.9,15.5,1400,16.4,2800,0,77000
GLENMARK30Jan20350PE.NFO,07/01/2020,12:26:17,15.9,15.2,14000,16.4,4200,0,77000
GLENMARK30Jan20350PE.NFO,07/01/2020,12:26:20,15.9,15.5,1400,16.3,1400,0,77000
GLENMARK30Jan20350PE.NFO,07/01/2020,12:26:22,15.9,15.45,1400,16.25,1400,0,77000
GLENMARK30Jan20350PE.NFO,07/01/2020,12:26:24,15.9,15.15,14000,16.25,1400,0,77000
GLENMARK30Jan20350PE.NFO,07/01/2020,12:26:27,15.9,15.35,1400,16.25,1400,0,77000
GLENMARK30Jan20350PE.NFO,07/01/2020,12:26:30,15.9,15.45,1400,16.25,1400,0,77000
GLENMARK30Jan20350PE.NFO,07/01/2020,12:26:33,15.9,15.5,1400,16.25,1400,0,77000
GLENMARK30Jan20350PE.NFO,07/01/2020,12:26:40,15.9,15.4,1400,16.25,1400,0,77000
GLENMARK30Jan20350PE.NFO,07/01/2020,12:26:42,15.9,15.55,1400,16.25,1400,0,77000
GLENMARK30Jan20350PE.NFO,07/01/2020,12:26:44,15.9,15.45,1400,16.25,1400,0,77000
GLENMARK30Jan20350PE.NFO,07/01/2020,12:26:46,15.9,15.25,7000,16.25,1400,0,77000
GLENMARK30Jan20350PE.NFO,07/01/2020,12:26:48,15.9,15.3,1400,16.25,1400,0,77000
GLENMARK30Jan20350PE.NFO,07/01/2020,12:26:51,15.9,15.4,1400,16.25,1400,0,77000
GLENMARK30Jan20350PE.NFO,07/01/2020,12:26:53,15.9,15.4,2800,16.25,1400,0,77000
GLENMARK30Jan20350PE.NFO,07/01/2020,12:27:01,15.9,15.3,1400,16.25,1400,0,77000
GLENMARK30Jan20350PE.NFO,07/01/2020,12:27:05,15.9,15.25,1400,16.15,1400,0,77000
GLENMARK30Jan20350PE.NFO,07/01/2020,12:27:09,15.9,15.35,1400,16.15,1400,0,77000
GLENMARK30Jan20350PE.NFO,07/01/2020,12:27:15,15.9,15.2,2800,16.15,1400,0,77000
GLENMARK30Jan20350PE.NFO,07/01/2020,12:27:18,15.9,15.3,2800,16.15,1400,0,77000
GLENMARK30Jan20350PE.NFO,07/01/2020,12:27:26,15.9,15.25,1400,16.05,1400,0,77000
GLENMARK30Jan20350PE.NFO,07/01/2020,12:27:28,15.9,15.15,2800,16.05,1400,0,77000
GLENMARK30Jan20350PE.NFO,07/01/2020,12:27:30,15.9,15.3,1400,16.05,1400,0,77000
GLENMARK30Jan20350PE.NFO,07/01/2020,12:27:33,15.9,15.25,2800,16.05,1400,0,77000
GLENMARK30Jan20350PE.NFO,07/01/2020,12:27:35,15.9,15.3,1400,16.05,1400,0,77000
GLENMARK30Jan20350PE.NFO,07/01/2020,12:27:37,15.9,15.2,4200,16.05,1400,0,77000
GLENMARK30Jan20350PE.NFO,07/01/2020,12:27:40,15.9,15.3,1400,16.1,1400,0,77000
GLENMARK30Jan20350PE.NFO,07/01/2020,12:27:44,15.9,15.15,2800,16.1,1400,0,77000
GLENMARK30Jan20350PE.NFO,07/01/2020,12:27:46,15.9,15.1,11200,16.1,1400,0,77000
GLENMARK30Jan20350PE.NFO,07/01/2020,12:27:49,15.9,15.2,5600,16.1,1400,0,77000
GLENMARK30Jan20350PE.NFO,07/01/2020,12:27:51,15.9,15.1,5600,16.05,1400,0,77000
GLENMARK30Jan20350PE.NFO,07/01/2020,12:27:53,15.9,15.3,1400,16.05,1400,0,77000
GLENMARK30Jan20350PE.NFO,07/01/2020,12:27:55,15.9,15.2,1400,16.05,1400,0,77000
GLENMARK30Jan20350PE.NFO,07/01/2020,12:28:00,15.9,15.3,1400,16.05,1400,0,77000
GLENMARK30Jan20350PE.NFO,07/01/2020,12:28:05,15.9,15.45,1400,16.15,1400,0,77000
GLENMARK30Jan20350PE.NFO,07/01/2020,12:28:08,15.9,15.3,1400,16.15,1400,0,77000
GLENMARK30Jan20350PE.NFO,07/01/2020,12:28:11,15.9,15.1,4200,16.15,1400,0,77000
GLENMARK30Jan20350PE.NFO,07/01/2020,12:28:15,15.9,15.3,1400,16.2,1400,0,77000
GLENMARK30Jan20350PE.NFO,07/01/2020,12:28:19,15.9,15.45,1400,16.2,1400,0,77000
GLENMARK30Jan20350PE.NFO,07/01/2020,12:28:26,15.9,15.2,2800,16.2,1400,0,77000
GLENMARK30Jan20350PE.NFO,07/01/2020,12:28:28,15.9,15.45,1400,16.2,1400,0,77000
GLENMARK30Jan20350PE.NFO,07/01/2020,12:28:30,15.9,15.15,2800,16.15,1400,0,77000
GLENMARK30Jan20350PE.NFO,07/01/2020,12:28:34,15.9,15.35,1400,16.2,1400,0,77000
GLENMARK30Jan20350PE.NFO,07/01/2020,12:28:37,15.9,15.2,2800,16.15,1400,0,77000
GLENMARK30Jan20350PE.NFO,07/01/2020,12:28:39,15.9,15.35,1400,16.15,1400,0,77000
GLENMARK30Jan20350PE.NFO,07/01/2020,12:28:43,15.9,15.4,2800,16.2,1400,0,77000
GLENMARK30Jan20350PE.NFO,07/01/2020,12:28:45,15.9,15.45,2800,16.25,1400,0,77000
GLENMARK30Jan20350PE.NFO,07/01/2020,12:28:48,15.9,15.25,2800,16.25,1400,0,77000
GLENMARK30Jan20350PE.NFO,07/01/2020,12:28:50,15.9,15.1,2800,16.15,1400,0,77000
GLENMARK30Jan20350PE.NFO,07/01/2020,12:28:54,15.9,15.3,1400,16.15,1400,0,77000
GLENMARK30Jan20350PE.NFO,07/01/2020,12:28:59,15.9,15.2,2800,16.15,1400,0,77000
GLENMARK30Jan20350PE.NFO,07/01/2020,12:29:05,15.9,15.35,1400,16.15,1400,0,77000
GLENMARK30Jan20350PE.NFO,07/01/2020,12:29:10,15.9,15.5,2800,16.35,4200,0,77000
GLENMARK30Jan20350PE.NFO,07/01/2020,12:29:14,15.9,15.4,2800,16.3,1400,0,77000
GLENMARK30Jan20350PE.NFO,07/01/2020,12:29:23,15.9,15.45,1400,16.15,4200,0,77000
GLENMARK30Jan20350PE.NFO,07/01/2020,12:29:28,15.9,15.1,7000,16.15,4200,0,77000
GLENMARK30Jan20350PE.NFO,07/01/2020,12:29:32,15.9,15.35,1400,16.15,4200,0,77000
GLENMARK30Jan20350PE.NFO,07/01/2020,12:29:36,15.9,15.2,2800,16.15,2800,0,77000
GLENMARK30Jan20350PE.NFO,07/01/2020,12:29:43,15.9,15.3,1400,16.15,2800,0,77000
GLENMARK30Jan20350PE.NFO,07/01/2020,12:29:46,15.9,15.35,1400,16.15,2800,0,77000
GLENMARK30Jan20350PE.NFO,07/01/2020,12:29:52,15.9,15.3,2800,16.15,2800,0,77000
GLENMARK30Jan20350PE.NFO,07/01/2020,12:29:56,15.9,15.3,1400,16.15,2800,0,77000
GLENMARK30Jan20350PE.NFO,07/01/2020,12:30:00,15.9,15.7,2800,16.5,2800,0,77000
GLENMARK30Jan20350PE.NFO,07/01/2020,12:30:04,15.9,15.7,2800,16.55,2800,0,77000
GLENMARK30Jan20350PE.NFO,07/01/2020,12:30:10,15.9,15.7,2800,16.5,2800,0,77000
GLENMARK30Jan20350PE.NFO,07/01/2020,12:30:15,15.9,15.7,2800,16.5,1400,0,77000
GLENMARK30Jan20350PE.NFO,07/01/2020,12:30:24,15.9,15.7,2800,16.5,2800,0,77000
GLENMARK30Jan20350PE.NFO,07/01/2020,12:30:29,15.9,15.15,15400,16.3,1400,0,77000
GLENMARK30Jan20350PE.NFO,07/01/2020,12:30:32,15.9,15.5,1400,16.3,1400,0,77000
GLENMARK30Jan20350PE.NFO,07/01/2020,12:30:35,15.9,15.25,11200,16.3,1400,0,77000
GLENMARK30Jan20350PE.NFO,07/01/2020,12:30:38,15.9,15.35,5600,16.3,1400,0,77000
GLENMARK30Jan20350PE.NFO,07/01/2020,12:30:41,15.9,15.5,1400,16.3,1400,0,77000
GLENMARK30Jan20350PE.NFO,07/01/2020,12:30:48,15.9,15.35,2800,16.3,1400,0,77000
GLENMARK30Jan20350PE.NFO,07/01/2020,12:30:52,15.9,15.2,9800,16.2,1400,0,77000
GLENMARK30Jan20350PE.NFO,07/01/2020,12:30:56,15.9,15.3,4200,16.2,1400,0,77000
GLENMARK30Jan20350PE.NFO,07/01/2020,12:31:00,15.9,15.2,14000,16.2,1400,0,77000
GLENMARK30Jan20350PE.NFO,07/01/2020,12:31:04,15.9,15.35,2800,16.2,2800,0,77000
GLENMARK30Jan20350PE.NFO,07/01/2020,12:31:08,15.9,15.1,14000,16.15,1400,0,77000
GLENMARK30Jan20350PE.NFO,07/01/2020,12:31:11,15.9,15.4,1400,16.15,1400,0,77000
GLENMARK30Jan20350PE.NFO,07/01/2020,12:31:14,15.9,15.2,14000,16.15,1400,0,77000
GLENMARK30Jan20350PE.NFO,07/01/2020,12:31:17,15.9,15.3,7000,16.1,1400,0,77000
GLENMARK30Jan20350PE.NFO,07/01/2020,12:31:20,15.9,15.4,2800,16.1,1400,0,77000
GLENMARK30Jan20350PE.NFO,07/01/2020,12:31:24,15.9,15.35,1400,16.1,1400,0,77000
GLENMARK30Jan20350PE.NFO,07/01/2020,12:31:27,15.9,15.2,8400,16.1,1400,0,77000
GLENMARK30Jan20350PE.NFO,07/01/2020,12:31:30,15.9,15.35,1400,16.1,1400,0,77000
GLENMARK30Jan20350PE.NFO,07/01/2020,12:31:37,15.9,15.3,1400,16.1,1400,0,77000
GLENMARK30Jan20350PE.NFO,07/01/2020,12:31:40,15.9,15.2,8400,16.1,1400,0,77000
GLENMARK30Jan20350PE.NFO,07/01/2020,12:31:43,15.9,15.2,5600,16.1,1400,0,77000
GLENMARK30Jan20350PE.NFO,07/01/2020,12:31:46,15.9,15.2,7000,16.1,1400,0,77000
GLENMARK30Jan20350PE.NFO,07/01/2020,12:31:49,16.1,15.95,1400,16.25,1400,1400,79800
GLENMARK30Jan20350PE.NFO,07/01/2020,12:31:49,16.1,15.95,1400,16.25,1400,0,79800
GLENMARK30Jan20350PE.NFO,07/01/2020,12:31:52,16.1,15.95,1400,16.25,1400,0,79800
GLENMARK30Jan20350PE.NFO,07/01/2020,12:31:54,16.1,15.95,1400,16.3,2800,0,79800
GLENMARK30Jan20350PE.NFO,07/01/2020,12:32:05,16.1,15.95,1400,16.25,2800,0,79800
GLENMARK30Jan20350PE.NFO,07/01/2020,12:32:11,16.1,15.9,1400,16.25,1400,0,79800
GLENMARK30Jan20350PE.NFO,07/01/2020,12:32:18,16.1,15.9,1400,16.25,4200,0,79800
GLENMARK30Jan20350PE.NFO,07/01/2020,12:32:24,16.1,15.9,1400,16.25,2800,0,79800
GLENMARK30Jan20350PE.NFO,07/01/2020,12:32:29,16.1,15.85,2800,16.25,2800,0,79800
GLENMARK30Jan20350PE.NFO,07/01/2020,12:32:32,16.1,15.9,1400,16.25,1400,0,79800
GLENMARK30Jan20350PE.NFO,07/01/2020,12:32:39,16.1,15.95,1400,16.25,1400,0,79800
GLENMARK30Jan20350PE.NFO,07/01/2020,12:32:44,16.1,15.95,1400,16.3,4200,0,79800
GLENMARK30Jan20350PE.NFO,07/01/2020,12:32:52,16.1,15.95,1400,16.3,2800,0,79800
GLENMARK30Jan20350PE.NFO,07/01/2020,12:33:04,16.1,15.9,1400,16.25,1400,0,79800
GLENMARK30Jan20350PE.NFO,07/01/2020,12:33:28,16.1,15.95,1400,16.3,2800,0,79800
GLENMARK30Jan20350PE.NFO,07/01/2020,12:34:03,16.1,15.9,1400,16.3,2800,0,79800
GLENMARK30Jan20350PE.NFO,07/01/2020,12:34:10,16.1,15.95,1400,16.3,1400,0,79800
GLENMARK30Jan20350PE.NFO,07/01/2020,12:34:12,16.1,16,1400,16.3,1400,0,79800
GLENMARK30Jan20350PE.NFO,07/01/2020,12:34:15,16.1,15.95,1400,16.3,2800,0,79800
GLENMARK30Jan20350PE.NFO,07/01/2020,12:34:18,16.1,15.95,1400,16.3,1400,0,79800
GLENMARK30Jan20350PE.NFO,07/01/2020,12:34:21,16.1,16,1400,16.3,1400,0,79800
GLENMARK30Jan20350PE.NFO,07/01/2020,12:34:26,16.1,15.95,1400,16.3,1400,0,79800
GLENMARK30Jan20350PE.NFO,07/01/2020,12:34:34,16.1,15.95,1400,16.3,2800,0,79800
GLENMARK30Jan20350PE.NFO,07/01/2020,12:34:41,16.1,15.9,2800,16.25,1400,0,79800
GLENMARK30Jan20350PE.NFO,07/01/2020,12:34:44,16.1,15.95,1400,16.25,1400,0,79800
GLENMARK30Jan20350PE.NFO,07/01/2020,12:34:53,16.1,15.95,1400,16.3,1400,0,79800
GLENMARK30Jan20350PE.NFO,07/01/2020,12:34:55,16.1,16,1400,16.3,1400,0,79800
GLENMARK30Jan20350PE.NFO,07/01/2020,12:34:59,16.1,16,1400,16.3,2800,0,79800
GLENMARK30Jan20350PE.NFO,07/01/2020,12:35:02,16.1,16,1400,16.3,4200,0,79800
GLENMARK30Jan20350PE.NFO,07/01/2020,12:35:06,16.1,16,2800,16.3,1400,0,79800
GLENMARK30Jan20350PE.NFO,07/01/2020,12:35:15,16.1,16,1400,16.3,1400,0,79800
GLENMARK30Jan20350PE.NFO,07/01/2020,12:35:21,16.1,16,2800,16.3,1400,0,79800
GLENMARK30Jan20350PE.NFO,07/01/2020,12:35:24,16.1,16,2800,16.35,2800,0,79800
GLENMARK30Jan20350PE.NFO,07/01/2020,12:35:26,16.1,16.05,2800,16.35,2800,0,79800
GLENMARK30Jan20350PE.NFO,07/01/2020,12:35:28,16.1,16.05,2800,16.35,1400,0,79800
GLENMARK30Jan20350PE.NFO,07/01/2020,12:35:41,16.1,16,1400,16.25,1400,0,79800
GLENMARK30Jan20350PE.NFO,07/01/2020,12:36:19,16.1,16.1,1400,16.4,2800,0,79800
GLENMARK30Jan20350PE.NFO,07/01/2020,12:36:22,16.1,16.05,2800,16.3,1400,0,79800
GLENMARK30Jan20350PE.NFO,07/01/2020,12:36:25,16.1,16.05,2800,16.35,1400,0,79800
GLENMARK30Jan20350PE.NFO,07/01/2020,12:36:41,16.1,16.05,2800,16.35,2800,0,79800
GLENMARK30Jan20350PE.NFO,07/01/2020,12:36:54,16.1,16.05,2800,16.35,1400,0,79800
GLENMARK30Jan20350PE.NFO,07/01/2020,12:37:11,16.1,16.05,2800,16.35,2800,0,79800
GLENMARK30Jan20350PE.NFO,07/01/2020,12:37:13,16.1,16.05,2800,16.35,1400,0,79800
GLENMARK30Jan20350PE.NFO,07/01/2020,12:37:27,16.1,16,2800,16.35,2800,0,79800
GLENMARK30Jan20350PE.NFO,07/01/2020,12:37:39,16.1,16,2800,16.25,1400,0,79800
GLENMARK30Jan20350PE.NFO,07/01/2020,12:37:43,16.1,16,2800,16.35,2800,0,79800
GLENMARK30Jan20350PE.NFO,07/01/2020,12:37:56,16.1,16.05,2800,16.35,2800,0,79800
GLENMARK30Jan20350PE.NFO,07/01/2020,12:38:24,16.1,16,2800,16.35,2800,0,79800
GLENMARK30Jan20350PE.NFO,07/01/2020,12:38:42,16.1,16.05,2800,16.35,2800,0,79800
GLENMARK30Jan20350PE.NFO,07/01/2020,12:38:59,16.1,16,2800,16.25,1400,0,79800
GLENMARK30Jan20350PE.NFO,07/01/2020,12:39:05,16.1,16.05,2800,16.35,2800,0,79800
GLENMARK30Jan20350PE.NFO,07/01/2020,12:39:10,16.1,16,1400,16.3,4200,0,79800
GLENMARK30Jan20350PE.NFO,07/01/2020,12:39:14,16.1,15.95,1400,16.2,1400,0,79800
GLENMARK30Jan20350PE.NFO,07/01/2020,12:39:20,16.1,15.95,1400,16.25,1400,0,79800
GLENMARK30Jan20350PE.NFO,07/01/2020,12:39:23,16.1,15.95,1400,16.55,1400,0,79800
GLENMARK30Jan20350PE.NFO,07/01/2020,12:39:27,16.1,15.95,1400,16.25,1400,0,79800
GLENMARK30Jan20350PE.NFO,07/01/2020,12:39:30,16.1,16,1400,16.85,2800,0,79800
GLENMARK30Jan20350PE.NFO,07/01/2020,12:39:33,16.1,15.95,1400,16.65,2800,0,79800
GLENMARK30Jan20350PE.NFO,07/01/2020,12:39:35,16.1,15.95,1400,16.55,1400,0,79800
GLENMARK30Jan20350PE.NFO,07/01/2020,12:39:37,16.1,15.95,1400,16.4,1400,0,79800
GLENMARK30Jan20350PE.NFO,07/01/2020,12:39:39,16.1,15.95,1400,17,2800,0,79800
GLENMARK30Jan20350PE.NFO,07/01/2020,12:39:43,16.1,16.1,2800,17.5,1400,0,79800
GLENMARK30Jan20350PE.NFO,07/01/2020,12:39:45,16.1,16,1400,17.45,1400,0,79800
GLENMARK30Jan20350PE.NFO,07/01/2020,12:39:51,16.1,16,1400,17.5,1400,0,79800
GLENMARK30Jan20350PE.NFO,07/01/2020,12:39:53,16.1,16,1400,17.45,1400,0,79800
GLENMARK30Jan20350PE.NFO,07/01/2020,12:40:00,16.1,16,1400,17.5,1400,0,79800
GLENMARK30Jan20350PE.NFO,07/01/2020,12:40:03,16.1,15.95,1400,17.5,1400,0,79800
GLENMARK30Jan20350PE.NFO,07/01/2020,12:40:06,16.1,15.95,1400,17.45,1400,0,79800
GLENMARK30Jan20350PE.NFO,07/01/2020,12:40:10,16.1,15.95,1400,17.4,4200,0,79800
GLENMARK30Jan20350PE.NFO,07/01/2020,12:40:12,16.1,15.95,1400,17.45,1400,0,79800
GLENMARK30Jan20350PE.NFO,07/01/2020,12:40:17,16.1,15.95,1400,17.35,1400,0,79800
GLENMARK30Jan20350PE.NFO,07/01/2020,12:40:17,16.1,15.95,1400,17.4,1400,0,79800
GLENMARK30Jan20350PE.NFO,07/01/2020,12:40:18,16.1,15.95,1400,17.45,5600,0,79800
GLENMARK30Jan20350PE.NFO,07/01/2020,12:40:21,16.1,15.95,1400,17.4,1400,0,79800
GLENMARK30Jan20350PE.NFO,07/01/2020,12:40:23,16.1,15.95,1400,17.4,5600,0,79800
GLENMARK30Jan20350PE.NFO,07/01/2020,12:40:29,16.1,15.95,2800,17.2,1400,0,79800
GLENMARK30Jan20350PE.NFO,07/01/2020,12:40:30,16.1,15.95,2800,17.4,5600,0,79800
GLENMARK30Jan20350PE.NFO,07/01/2020,12:40:31,16.1,16,1400,17.4,5600,0,79800
GLENMARK30Jan20350PE.NFO,07/01/2020,12:40:51,16.1,16,1400,17.2,5600,0,79800
GLENMARK30Jan20350PE.NFO,07/01/2020,12:40:52,16.1,16,1400,17.1,1400,0,79800
GLENMARK30Jan20350PE.NFO,07/01/2020,12:40:52,16.1,16,1400,17.05,2800,0,79800
GLENMARK30Jan20350PE.NFO,07/01/2020,12:40:57,16.1,16.15,1400,17.05,2800,0,79800
GLENMARK30Jan20350PE.NFO,07/01/2020,12:40:58,16.1,16.15,2800,17.05,2800,0,79800
GLENMARK30Jan20350PE.NFO,07/01/2020,12:41:00,16.1,16.15,1400,17,2800,0,79800
GLENMARK30Jan20350PE.NFO,07/01/2020,12:41:01,16.1,16.1,1400,17,2800,0,79800
GLENMARK30Jan20350PE.NFO,07/01/2020,12:41:04,16.1,16.05,1400,17,2800,0,79800
GLENMARK30Jan20350PE.NFO,07/01/2020,12:41:06,16.1,16.05,2800,17,2800,0,79800
GLENMARK30Jan20350PE.NFO,07/01/2020,12:41:07,16.1,16.05,4200,17,2800,0,79800
GLENMARK30Jan20350PE.NFO,07/01/2020,12:41:19,16.1,16.05,4200,17,1400,0,79800
GLENMARK30Jan20350PE.NFO,07/01/2020,12:41:20,16.1,16.05,2800,17.2,1400,0,79800
GLENMARK30Jan20350PE.NFO,07/01/2020,12:41:21,16.1,16.05,2800,17.45,1400,0,79800
GLENMARK30Jan20350PE.NFO,07/01/2020,12:41:25,16.1,16.05,2800,17.5,2800,0,79800
GLENMARK30Jan20350PE.NFO,07/01/2020,12:41:27,16.1,16.05,2800,17.5,1400,0,79800
GLENMARK30Jan20350PE.NFO,07/01/2020,12:41:34,16.1,16.05,2800,17.5,7000,0,79800
GLENMARK30Jan20350PE.NFO,07/01/2020,12:41:35,16.1,16.05,2800,17.5,1400,0,79800
GLENMARK30Jan20350PE.NFO,07/01/2020,12:41:37,16.1,16.05,2800,17.55,8400,0,79800
GLENMARK30Jan20350PE.NFO,07/01/2020,12:41:40,16.1,16.05,4200,17.35,4200,0,79800
GLENMARK30Jan20350PE.NFO,07/01/2020,12:41:41,16.1,16.05,4200,17.3,2800,0,79800
GLENMARK30Jan20350PE.NFO,07/01/2020,12:41:42,16.1,16.05,4200,17.25,2800,0,79800
GLENMARK30Jan20350PE.NFO,07/01/2020,12:41:46,16.1,16.05,2800,17.2,1400,0,79800
GLENMARK30Jan20350PE.NFO,07/01/2020,12:41:46,16.1,16.05,2800,17.15,2800,0,79800
GLENMARK30Jan20350PE.NFO,07/01/2020,12:42:47,16.1,16.05,4200,17.15,2800,0,79800
GLENMARK30Jan20350PE.NFO,07/01/2020,12:42:50,16.1,16.15,2800,17.15,2800,0,79800
GLENMARK30Jan20350PE.NFO,07/01/2020,12:42:56,16.1,16.15,1400,17.1,2800,0,79800
GLENMARK30Jan20350PE.NFO,07/01/2020,12:43:00,16.1,16.15,1400,16.85,2800,0,79800
GLENMARK30Jan20350PE.NFO,07/01/2020,12:43:03,16.1,16,1400,16.8,2800,0,79800
