Ticker,Date,Time,LTP,BuyPrice,BuyQty,SellPrice,SellQty,LTQ,OpenInterest
GLENMARK30Jan20370CE.NFO,07/01/2020,09:17:39,5.05,5,1400,5.7,1400,1400,148400
GLENMARK30Jan20370CE.NFO,07/01/2020,09:17:39,5.05,5,1400,5.7,1400,0,148400
GLENMARK30Jan20370CE.NFO,07/01/2020,09:17:39,5.05,5,1400,5.7,1400,0,148400
GLENMARK30Jan20370CE.NFO,07/01/2020,09:17:39,5.05,5,1400,5.7,1400,0,148400
GLENMARK30Jan20370CE.NFO,07/01/2020,09:17:48,5.05,5,1400,5.7,1400,0,148400
GLENMARK30Jan20370CE.NFO,07/01/2020,09:18:04,5.05,4.75,1400,5.7,1400,0,148400
GLENMARK30Jan20370CE.NFO,07/01/2020,09:18:12,5.05,4.85,4200,5.65,1400,0,148400
GLENMARK30Jan20370CE.NFO,07/01/2020,09:18:20,5.05,4.85,4200,5.7,1400,0,148400
GLENMARK30Jan20370CE.NFO,07/01/2020,09:19:36,5.05,5.05,16800,5.7,1400,0,148400
GLENMARK30Jan20370CE.NFO,07/01/2020,09:20:08,5.05,5.1,4200,5.7,1400,0,148400
GLENMARK30Jan20370CE.NFO,07/01/2020,09:20:16,5.05,5.1,18200,5.7,1400,0,148400
GLENMARK30Jan20370CE.NFO,07/01/2020,09:20:31,5.05,5.2,16800,5.7,1400,0,148400
GLENMARK30Jan20370CE.NFO,07/01/2020,09:20:39,5.05,5.3,16800,5.7,1400,0,148400
GLENMARK30Jan20370CE.NFO,07/01/2020,09:20:47,5.05,5.2,2800,5.65,1400,0,148400
GLENMARK30Jan20370CE.NFO,07/01/2020,09:20:55,5.05,5.15,1400,5.65,4200,0,148400
GLENMARK30Jan20370CE.NFO,07/01/2020,09:21:02,5.05,5.15,4200,5.65,2800,0,148400
GLENMARK30Jan20370CE.NFO,07/01/2020,09:21:10,5.05,5.15,4200,5.6,4200,0,148400
GLENMARK30Jan20370CE.NFO,07/01/2020,09:22:00,5.05,5.15,4200,5.5,1400,0,148400
GLENMARK30Jan20370CE.NFO,07/01/2020,09:22:15,5.05,5.15,4200,5.5,4200,0,148400
GLENMARK30Jan20370CE.NFO,07/01/2020,09:22:23,5.05,5.15,4200,5.45,1400,0,148400
GLENMARK30Jan20370CE.NFO,07/01/2020,09:24:43,5.05,5.15,1400,5.25,1400,0,148400
GLENMARK30Jan20370CE.NFO,07/01/2020,09:24:56,5.05,5.05,1400,5.25,1400,0,148400
GLENMARK30Jan20370CE.NFO,07/01/2020,09:25:24,5.05,5.05,4200,5.25,1400,0,148400
GLENMARK30Jan20370CE.NFO,07/01/2020,09:25:31,5.05,5.1,1400,5.25,1400,0,148400
GLENMARK30Jan20370CE.NFO,07/01/2020,09:26:01,5.05,5.1,1400,5.2,1400,0,148400
GLENMARK30Jan20370CE.NFO,07/01/2020,09:26:10,5.05,5.05,4200,5.2,1400,0,148400
GLENMARK30Jan20370CE.NFO,07/01/2020,09:26:34,5.25,5.15,4200,5.4,2800,1400,147000
GLENMARK30Jan20370CE.NFO,07/01/2020,09:26:34,5.25,5.15,4200,5.4,2800,0,147000
GLENMARK30Jan20370CE.NFO,07/01/2020,09:26:41,5.25,5.25,15400,5.45,2800,0,147000
GLENMARK30Jan20370CE.NFO,07/01/2020,09:26:52,5.25,5.35,14000,5.45,2800,0,147000
GLENMARK30Jan20370CE.NFO,07/01/2020,09:27:13,5.5,5.4,1400,5.55,2800,14000,147000
GLENMARK30Jan20370CE.NFO,07/01/2020,09:27:13,5.5,5.4,1400,5.55,2800,0,147000
GLENMARK30Jan20370CE.NFO,07/01/2020,09:27:18,5.5,5.4,1400,5.55,2800,0,147000
GLENMARK30Jan20370CE.NFO,07/01/2020,09:27:37,5.5,5.35,1400,5.5,2800,0,147000
GLENMARK30Jan20370CE.NFO,07/01/2020,09:27:43,5.5,5.35,4200,5.6,4200,0,147000
GLENMARK30Jan20370CE.NFO,07/01/2020,09:27:48,5.5,5.35,4200,5.55,1400,0,147000
GLENMARK30Jan20370CE.NFO,07/01/2020,09:27:56,5.5,5.35,4200,5.55,2800,0,147000
GLENMARK30Jan20370CE.NFO,07/01/2020,09:28:09,5.5,5.35,4200,5.55,4200,0,147000
GLENMARK30Jan20370CE.NFO,07/01/2020,09:28:21,5.5,5.4,1400,5.55,1400,0,147000
GLENMARK30Jan20370CE.NFO,07/01/2020,09:28:28,5.5,5.35,1400,5.5,2800,0,147000
GLENMARK30Jan20370CE.NFO,07/01/2020,09:28:33,5.5,5.35,1400,5.5,4200,0,147000
GLENMARK30Jan20370CE.NFO,07/01/2020,09:28:38,5.5,5.35,2800,5.5,1400,0,147000
GLENMARK30Jan20370CE.NFO,07/01/2020,09:28:56,5.45,5.35,5600,5.5,1400,1400,147000
GLENMARK30Jan20370CE.NFO,07/01/2020,09:29:08,5.45,5.45,4200,5.65,1400,0,147000
GLENMARK30Jan20370CE.NFO,07/01/2020,09:29:14,5.45,5.45,4200,5.6,2800,0,147000
GLENMARK30Jan20370CE.NFO,07/01/2020,09:29:20,5.45,5.45,1400,5.55,1400,0,147000
GLENMARK30Jan20370CE.NFO,07/01/2020,09:29:37,5.45,5.4,1400,5.55,1400,0,147000
GLENMARK30Jan20370CE.NFO,07/01/2020,09:29:44,5.45,5.4,1400,5.55,2800,0,147000
GLENMARK30Jan20370CE.NFO,07/01/2020,09:29:51,5.45,5.4,1400,5.5,1400,0,147000
GLENMARK30Jan20370CE.NFO,07/01/2020,09:30:02,5.45,5.4,1400,5.55,2800,0,147000
GLENMARK30Jan20370CE.NFO,07/01/2020,09:30:09,5.55,5.5,1400,5.65,1400,1400,158200
GLENMARK30Jan20370CE.NFO,07/01/2020,09:30:09,5.55,5.5,1400,5.65,1400,0,158200
GLENMARK30Jan20370CE.NFO,07/01/2020,09:30:15,5.55,5.6,2800,5.7,1400,0,158200
GLENMARK30Jan20370CE.NFO,07/01/2020,09:30:22,5.7,5.6,1400,5.8,2800,1400,158200
GLENMARK30Jan20370CE.NFO,07/01/2020,09:30:22,5.7,5.6,1400,5.8,2800,0,158200
GLENMARK30Jan20370CE.NFO,07/01/2020,09:30:28,5.7,5.65,1400,5.75,2800,0,158200
GLENMARK30Jan20370CE.NFO,07/01/2020,09:30:34,5.65,5.55,1400,5.7,1400,1400,158200
GLENMARK30Jan20370CE.NFO,07/01/2020,09:30:49,5.65,5.6,1400,5.8,4200,0,158200
GLENMARK30Jan20370CE.NFO,07/01/2020,09:30:55,5.65,5.6,1400,5.8,5600,0,158200
GLENMARK30Jan20370CE.NFO,07/01/2020,09:31:00,5.6,5.75,5600,6,1400,1400,158200
GLENMARK30Jan20370CE.NFO,07/01/2020,09:31:06,6.2,6.05,2800,6.2,1400,2800,158200
GLENMARK30Jan20370CE.NFO,07/01/2020,09:31:06,6.2,6.05,2800,6.2,1400,0,158200
GLENMARK30Jan20370CE.NFO,07/01/2020,09:31:12,6,5.9,1400,6.1,1400,2800,158200
GLENMARK30Jan20370CE.NFO,07/01/2020,09:31:19,6,5.8,1400,6,5600,0,158200
GLENMARK30Jan20370CE.NFO,07/01/2020,09:31:25,6,5.9,1400,6.15,1400,2800,158200
GLENMARK30Jan20370CE.NFO,07/01/2020,09:31:30,6,6,2800,6.2,1400,0,158200
GLENMARK30Jan20370CE.NFO,07/01/2020,09:31:35,6,6,2800,6.25,1400,0,158200
GLENMARK30Jan20370CE.NFO,07/01/2020,09:31:41,6,6,1400,6.15,2800,0,158200
GLENMARK30Jan20370CE.NFO,07/01/2020,09:31:46,6,5.95,1400,6.15,2800,1400,158200
GLENMARK30Jan20370CE.NFO,07/01/2020,09:31:51,6,5.95,1400,6.15,2800,0,158200
GLENMARK30Jan20370CE.NFO,07/01/2020,09:31:56,5.95,5.85,1400,6,1400,1400,158200
GLENMARK30Jan20370CE.NFO,07/01/2020,09:32:00,5.95,5.75,1400,6,1400,0,158200
GLENMARK30Jan20370CE.NFO,07/01/2020,09:32:10,6,5.9,1400,6.05,1400,2800,158200
GLENMARK30Jan20370CE.NFO,07/01/2020,09:32:15,6,5.9,1400,6.1,2800,0,158200
GLENMARK30Jan20370CE.NFO,07/01/2020,09:32:21,6,6,1400,6.1,1400,0,158200
GLENMARK30Jan20370CE.NFO,07/01/2020,09:32:28,5.95,5.8,1400,5.95,1400,4200,156800
GLENMARK30Jan20370CE.NFO,07/01/2020,09:32:34,5.95,5.8,1400,5.9,1400,0,156800
GLENMARK30Jan20370CE.NFO,07/01/2020,09:32:39,5.95,5.8,1400,5.95,1400,0,156800
GLENMARK30Jan20370CE.NFO,07/01/2020,09:32:46,5.95,5.8,2800,5.95,1400,0,156800
GLENMARK30Jan20370CE.NFO,07/01/2020,09:32:52,5.8,5.8,1400,5.9,1400,1400,156800
GLENMARK30Jan20370CE.NFO,07/01/2020,09:32:57,5.8,5.85,1400,5.95,1400,0,156800
GLENMARK30Jan20370CE.NFO,07/01/2020,09:33:02,5.8,5.85,2800,6,1400,0,156800
GLENMARK30Jan20370CE.NFO,07/01/2020,09:33:08,5.8,5.85,1400,5.95,1400,0,156800
GLENMARK30Jan20370CE.NFO,07/01/2020,09:33:14,5.85,5.8,1400,5.95,1400,1400,156800
GLENMARK30Jan20370CE.NFO,07/01/2020,09:33:19,5.85,5.85,1400,6,1400,0,156800
GLENMARK30Jan20370CE.NFO,07/01/2020,09:33:31,5.85,5.85,1400,6,2800,0,156800
GLENMARK30Jan20370CE.NFO,07/01/2020,09:33:36,5.85,5.9,1400,6,1400,0,156800
GLENMARK30Jan20370CE.NFO,07/01/2020,09:34:02,5.85,5.9,4200,6.05,1400,0,156800
GLENMARK30Jan20370CE.NFO,07/01/2020,09:34:13,5.85,5.9,1400,6.05,1400,0,156800
GLENMARK30Jan20370CE.NFO,07/01/2020,09:34:17,5.85,5.9,4200,6.05,1400,0,156800
GLENMARK30Jan20370CE.NFO,07/01/2020,09:34:22,5.85,5.9,1400,6.05,1400,0,156800
GLENMARK30Jan20370CE.NFO,07/01/2020,09:34:27,5.85,5.9,2800,6.05,1400,0,156800
GLENMARK30Jan20370CE.NFO,07/01/2020,09:34:38,5.85,5.9,1400,6.05,1400,0,156800
GLENMARK30Jan20370CE.NFO,07/01/2020,09:34:43,5.85,5.9,1400,6.05,2800,0,156800
GLENMARK30Jan20370CE.NFO,07/01/2020,09:34:48,5.85,5.9,1400,5.95,1400,0,156800
GLENMARK30Jan20370CE.NFO,07/01/2020,09:34:52,5.85,5.9,1400,6,2800,0,156800
GLENMARK30Jan20370CE.NFO,07/01/2020,09:35:08,5.85,5.9,1400,6,4200,0,156800
GLENMARK30Jan20370CE.NFO,07/01/2020,09:35:18,5.85,5.9,1400,6,2800,0,156800
GLENMARK30Jan20370CE.NFO,07/01/2020,09:35:22,5.9,5.8,2800,5.95,1400,1400,158200
GLENMARK30Jan20370CE.NFO,07/01/2020,09:35:28,5.9,5.8,2800,5.95,1400,0,158200
GLENMARK30Jan20370CE.NFO,07/01/2020,09:35:33,5.9,5.85,2800,6,1400,0,158200
GLENMARK30Jan20370CE.NFO,07/01/2020,09:35:39,5.9,5.85,2800,6,2800,0,158200
GLENMARK30Jan20370CE.NFO,07/01/2020,09:35:46,5.9,5.85,1400,5.95,1400,0,158200
GLENMARK30Jan20370CE.NFO,07/01/2020,09:35:53,5.9,5.85,1400,6,2800,0,158200
GLENMARK30Jan20370CE.NFO,07/01/2020,09:36:00,5.9,5.85,4200,6,1400,0,158200
GLENMARK30Jan20370CE.NFO,07/01/2020,09:36:23,5.9,5.85,1400,6,2800,0,158200
GLENMARK30Jan20370CE.NFO,07/01/2020,09:36:29,5.9,5.85,2800,6,2800,0,158200
GLENMARK30Jan20370CE.NFO,07/01/2020,09:36:38,5.9,5.85,4200,6,2800,0,158200
GLENMARK30Jan20370CE.NFO,07/01/2020,09:36:44,5.9,5.9,1400,6,1400,0,158200
GLENMARK30Jan20370CE.NFO,07/01/2020,09:36:48,5.9,5.9,1400,6,2800,0,158200
GLENMARK30Jan20370CE.NFO,07/01/2020,09:37:04,5.9,5.85,1400,6,2800,0,158200
GLENMARK30Jan20370CE.NFO,07/01/2020,09:37:09,5.9,5.85,2800,6,2800,0,158200
GLENMARK30Jan20370CE.NFO,07/01/2020,09:37:23,5.9,5.8,2800,5.95,2800,0,158200
GLENMARK30Jan20370CE.NFO,07/01/2020,09:37:28,5.9,5.85,1400,5.95,1400,0,158200
GLENMARK30Jan20370CE.NFO,07/01/2020,09:37:39,5.9,5.85,2800,6,2800,0,158200
GLENMARK30Jan20370CE.NFO,07/01/2020,09:37:44,5.9,5.8,2800,6,2800,0,158200
GLENMARK30Jan20370CE.NFO,07/01/2020,09:37:49,5.9,5.85,1400,5.95,1400,0,158200
GLENMARK30Jan20370CE.NFO,07/01/2020,09:37:53,5.9,5.9,1400,6,1400,0,158200
GLENMARK30Jan20370CE.NFO,07/01/2020,09:37:57,5.9,5.9,1400,6,2800,0,158200
GLENMARK30Jan20370CE.NFO,07/01/2020,09:38:07,5.9,5.85,5600,6,2800,0,158200
GLENMARK30Jan20370CE.NFO,07/01/2020,09:38:11,5.9,5.9,2800,6,2800,0,158200
GLENMARK30Jan20370CE.NFO,07/01/2020,09:38:21,6,5.95,1400,6.05,1400,1400,156800
GLENMARK30Jan20370CE.NFO,07/01/2020,09:38:31,6,5.95,1400,6.05,1400,0,156800
GLENMARK30Jan20370CE.NFO,07/01/2020,09:38:39,6,6,1400,6.1,2800,0,156800
GLENMARK30Jan20370CE.NFO,07/01/2020,09:38:44,6,6.05,1400,6.1,2800,0,156800
GLENMARK30Jan20370CE.NFO,07/01/2020,09:38:49,6,6,1400,6.1,1400,0,156800
GLENMARK30Jan20370CE.NFO,07/01/2020,09:39:12,6,6.05,1400,6.15,1400,0,156800
GLENMARK30Jan20370CE.NFO,07/01/2020,09:39:18,6,6.1,1400,6.2,2800,0,156800
GLENMARK30Jan20370CE.NFO,07/01/2020,09:39:23,6,6.1,1400,6.2,1400,0,156800
GLENMARK30Jan20370CE.NFO,07/01/2020,09:39:29,6,6.1,1400,6.25,4200,0,156800
GLENMARK30Jan20370CE.NFO,07/01/2020,09:39:34,6,6.05,5600,6.25,7000,0,156800
GLENMARK30Jan20370CE.NFO,07/01/2020,09:39:39,6,6.1,1400,6.25,8400,0,156800
GLENMARK30Jan20370CE.NFO,07/01/2020,09:39:44,6,6.1,2800,6.25,1400,0,156800
GLENMARK30Jan20370CE.NFO,07/01/2020,09:39:49,6,6.1,2800,6.25,2800,0,156800
GLENMARK30Jan20370CE.NFO,07/01/2020,09:40:02,6,6.1,2800,6.25,4200,0,156800
GLENMARK30Jan20370CE.NFO,07/01/2020,09:40:08,6,6.1,2800,6.25,5600,0,156800
GLENMARK30Jan20370CE.NFO,07/01/2020,09:40:13,6,6.1,2800,6.2,1400,0,156800
GLENMARK30Jan20370CE.NFO,07/01/2020,09:40:19,6,6.05,5600,6.2,1400,0,156800
GLENMARK30Jan20370CE.NFO,07/01/2020,09:40:25,6,6.1,5600,6.2,1400,0,156800
GLENMARK30Jan20370CE.NFO,07/01/2020,09:40:35,6,6.15,1400,6.25,1400,0,156800
GLENMARK30Jan20370CE.NFO,07/01/2020,09:40:45,6.15,6.15,4200,6.3,4200,1400,156800
GLENMARK30Jan20370CE.NFO,07/01/2020,09:40:54,6.15,6.15,4200,6.3,2800,0,156800
GLENMARK30Jan20370CE.NFO,07/01/2020,09:41:05,6.15,6.2,2800,6.35,4200,0,156800
GLENMARK30Jan20370CE.NFO,07/01/2020,09:41:10,6.15,6.2,2800,6.35,2800,0,156800
GLENMARK30Jan20370CE.NFO,07/01/2020,09:41:15,6.15,6.2,4200,6.35,2800,0,156800
GLENMARK30Jan20370CE.NFO,07/01/2020,09:41:44,6.35,6.25,4200,6.4,2800,1400,158200
GLENMARK30Jan20370CE.NFO,07/01/2020,09:41:44,6.35,6.25,4200,6.4,2800,0,158200
GLENMARK30Jan20370CE.NFO,07/01/2020,09:41:48,6.3,6.25,2800,6.4,1400,1400,158200
GLENMARK30Jan20370CE.NFO,07/01/2020,09:41:54,6.3,6.25,5600,6.4,1400,0,158200
GLENMARK30Jan20370CE.NFO,07/01/2020,09:42:00,6.3,6.25,1400,6.35,2800,0,158200
GLENMARK30Jan20370CE.NFO,07/01/2020,09:42:06,6.3,6.2,1400,6.3,1400,0,158200
GLENMARK30Jan20370CE.NFO,07/01/2020,09:42:20,6.3,6.2,1400,6.35,1400,0,158200
GLENMARK30Jan20370CE.NFO,07/01/2020,09:42:27,6.3,6.2,1400,6.35,2800,0,158200
GLENMARK30Jan20370CE.NFO,07/01/2020,09:42:47,6.3,6.25,1400,6.35,1400,0,158200
GLENMARK30Jan20370CE.NFO,07/01/2020,09:42:59,6.25,6.2,1400,6.35,1400,1400,158200
GLENMARK30Jan20370CE.NFO,07/01/2020,09:43:05,6.25,6.2,1400,6.3,1400,0,158200
GLENMARK30Jan20370CE.NFO,07/01/2020,09:43:11,6.25,6.15,4200,6.3,2800,0,158200
GLENMARK30Jan20370CE.NFO,07/01/2020,09:43:17,6.25,6.15,7000,6.3,1400,0,158200
GLENMARK30Jan20370CE.NFO,07/01/2020,09:43:21,6.25,6.15,5600,6.35,2800,0,158200
GLENMARK30Jan20370CE.NFO,07/01/2020,09:43:32,6.25,6.2,4200,6.35,2800,0,158200
GLENMARK30Jan20370CE.NFO,07/01/2020,09:43:46,6.25,6.15,4200,6.3,2800,0,158200
GLENMARK30Jan20370CE.NFO,07/01/2020,09:43:51,6.25,6.15,4200,6.3,1400,0,158200
GLENMARK30Jan20370CE.NFO,07/01/2020,09:44:07,6.25,6.1,7000,6.3,1400,0,158200
GLENMARK30Jan20370CE.NFO,07/01/2020,09:44:17,6.25,6.1,4200,6.25,2800,0,158200
GLENMARK30Jan20370CE.NFO,07/01/2020,09:44:28,6.25,6.1,4200,6.25,1400,0,158200
GLENMARK30Jan20370CE.NFO,07/01/2020,09:44:34,6.25,6.1,4200,6.3,1400,0,158200
GLENMARK30Jan20370CE.NFO,07/01/2020,09:44:39,6.25,6.1,4200,6.25,1400,0,158200
GLENMARK30Jan20370CE.NFO,07/01/2020,09:44:45,6.25,6.15,4200,6.3,2800,0,158200
GLENMARK30Jan20370CE.NFO,07/01/2020,09:44:51,6.25,6.15,4200,6.3,1400,0,158200
GLENMARK30Jan20370CE.NFO,07/01/2020,09:45:07,6.25,6.15,4200,6.3,2800,0,158200
GLENMARK30Jan20370CE.NFO,07/01/2020,09:45:13,6.25,6.2,5600,6.4,2800,0,158200
GLENMARK30Jan20370CE.NFO,07/01/2020,09:45:20,6.25,6.3,4200,6.4,1400,0,158200
GLENMARK30Jan20370CE.NFO,07/01/2020,09:45:35,6.25,6.25,5600,6.4,1400,0,158200
GLENMARK30Jan20370CE.NFO,07/01/2020,09:45:40,6.4,6.2,4200,6.35,2800,1400,159600
GLENMARK30Jan20370CE.NFO,07/01/2020,09:45:40,6.4,6.2,4200,6.35,2800,0,159600
GLENMARK30Jan20370CE.NFO,07/01/2020,09:45:44,6.4,6.2,4200,6.35,1400,0,159600
GLENMARK30Jan20370CE.NFO,07/01/2020,09:45:54,6.4,6.2,4200,6.35,2800,0,159600
GLENMARK30Jan20370CE.NFO,07/01/2020,09:45:58,6.4,6.2,4200,6.3,1400,0,159600
GLENMARK30Jan20370CE.NFO,07/01/2020,09:46:03,6.4,6.2,4200,6.35,1400,0,159600
GLENMARK30Jan20370CE.NFO,07/01/2020,09:46:07,6.4,6.15,4200,6.35,4200,0,159600
GLENMARK30Jan20370CE.NFO,07/01/2020,09:46:33,6.4,6.15,1400,6.3,1400,0,159600
GLENMARK30Jan20370CE.NFO,07/01/2020,09:46:49,6.4,6.15,1400,6.3,15400,0,159600
GLENMARK30Jan20370CE.NFO,07/01/2020,09:46:53,6.4,6.15,1400,6.3,1400,0,159600
GLENMARK30Jan20370CE.NFO,07/01/2020,09:47:10,6.4,6.15,7000,6.35,2800,0,159600
GLENMARK30Jan20370CE.NFO,07/01/2020,09:47:15,6.4,6.15,7000,6.35,4200,0,159600
GLENMARK30Jan20370CE.NFO,07/01/2020,09:47:20,6.4,6.15,4200,6.3,1400,0,159600
GLENMARK30Jan20370CE.NFO,07/01/2020,09:47:24,6.4,6.15,7000,6.35,2800,0,159600
GLENMARK30Jan20370CE.NFO,07/01/2020,09:47:28,6.4,6.15,7000,6.3,1400,0,159600
GLENMARK30Jan20370CE.NFO,07/01/2020,09:47:46,6.4,6.15,4200,6.3,1400,0,159600
GLENMARK30Jan20370CE.NFO,07/01/2020,09:47:55,6.4,6.15,4200,6.25,1400,0,159600
GLENMARK30Jan20370CE.NFO,07/01/2020,09:48:00,6.4,6.1,4200,6.25,4200,0,159600
GLENMARK30Jan20370CE.NFO,07/01/2020,09:48:09,6.4,6.1,4200,6.2,1400,0,159600
GLENMARK30Jan20370CE.NFO,07/01/2020,09:48:25,6.4,6.15,1400,6.2,1400,0,159600
GLENMARK30Jan20370CE.NFO,07/01/2020,09:48:47,6.4,6.1,4200,6.2,1400,0,159600
GLENMARK30Jan20370CE.NFO,07/01/2020,09:49:08,6.4,6.1,5600,6.2,1400,0,159600
GLENMARK30Jan20370CE.NFO,07/01/2020,09:49:19,6.4,6.1,4200,6.2,1400,0,159600
GLENMARK30Jan20370CE.NFO,07/01/2020,09:50:05,6.4,6.05,2800,6.2,1400,0,159600
GLENMARK30Jan20370CE.NFO,07/01/2020,09:50:21,6.4,6.05,5600,6.2,2800,0,159600
GLENMARK30Jan20370CE.NFO,07/01/2020,09:50:25,6.4,6.05,5600,6.2,1400,0,159600
GLENMARK30Jan20370CE.NFO,07/01/2020,09:50:44,6.4,6.05,4200,6.2,1400,0,159600
GLENMARK30Jan20370CE.NFO,07/01/2020,09:50:48,6.4,6.05,4200,6.2,2800,0,159600
GLENMARK30Jan20370CE.NFO,07/01/2020,09:51:02,6.4,6.05,7000,6.25,1400,0,159600
GLENMARK30Jan20370CE.NFO,07/01/2020,09:51:06,6.4,6.05,5600,6.2,1400,0,159600
GLENMARK30Jan20370CE.NFO,07/01/2020,09:51:11,6.4,6.05,4200,6.2,1400,0,159600
GLENMARK30Jan20370CE.NFO,07/01/2020,09:51:20,6.4,6.15,1400,6.3,2800,0,159600
GLENMARK30Jan20370CE.NFO,07/01/2020,09:51:24,6.4,6.1,4200,6.3,1400,0,159600
GLENMARK30Jan20370CE.NFO,07/01/2020,09:51:29,6.4,6.1,4200,6.25,1400,0,159600
GLENMARK30Jan20370CE.NFO,07/01/2020,09:51:46,6.4,6.1,4200,6.25,2800,0,159600
GLENMARK30Jan20370CE.NFO,07/01/2020,09:51:49,6.1,6.1,2800,6.25,2800,1400,154000
GLENMARK30Jan20370CE.NFO,07/01/2020,09:51:53,6.1,6.05,1400,6.2,1400,0,154000
GLENMARK30Jan20370CE.NFO,07/01/2020,09:51:57,6.1,6,1400,6.2,4200,0,154000
GLENMARK30Jan20370CE.NFO,07/01/2020,09:52:00,6.1,5.95,1400,6.2,7000,0,154000
GLENMARK30Jan20370CE.NFO,07/01/2020,09:52:09,6.1,5.95,1400,6.1,2800,0,154000
GLENMARK30Jan20370CE.NFO,07/01/2020,09:52:32,5.95,5.75,4200,5.9,1400,1400,154000
GLENMARK30Jan20370CE.NFO,07/01/2020,09:52:37,5.95,5.75,4200,5.9,1400,0,154000
GLENMARK30Jan20370CE.NFO,07/01/2020,09:52:42,5.95,5.75,2800,5.9,1400,0,154000
GLENMARK30Jan20370CE.NFO,07/01/2020,09:53:02,5.95,5.75,1400,5.85,1400,0,154000
GLENMARK30Jan20370CE.NFO,07/01/2020,09:53:07,5.95,5.7,5600,5.85,1400,0,154000
GLENMARK30Jan20370CE.NFO,07/01/2020,09:53:22,5.95,5.7,5600,5.9,1400,0,154000
GLENMARK30Jan20370CE.NFO,07/01/2020,09:53:27,5.95,5.75,1400,5.85,1400,0,154000
GLENMARK30Jan20370CE.NFO,07/01/2020,09:53:31,5.95,5.75,1400,5.9,1400,0,154000
GLENMARK30Jan20370CE.NFO,07/01/2020,09:53:35,5.95,5.65,4200,5.8,1400,0,154000
GLENMARK30Jan20370CE.NFO,07/01/2020,09:53:40,5.95,5.7,4200,5.85,1400,0,154000
GLENMARK30Jan20370CE.NFO,07/01/2020,09:53:44,5.5,5.65,2800,5.75,1400,14000,154000
GLENMARK30Jan20370CE.NFO,07/01/2020,09:53:48,5.5,5.6,4200,5.75,2800,0,154000
GLENMARK30Jan20370CE.NFO,07/01/2020,09:53:53,5.5,5.65,1400,5.75,2800,0,154000
GLENMARK30Jan20370CE.NFO,07/01/2020,09:54:03,5.5,5.6,2800,5.75,2800,0,154000
GLENMARK30Jan20370CE.NFO,07/01/2020,09:54:12,5.5,5.6,4200,5.75,2800,0,154000
GLENMARK30Jan20370CE.NFO,07/01/2020,09:54:14,5.5,5.6,2800,5.7,1400,0,154000
GLENMARK30Jan20370CE.NFO,07/01/2020,09:54:15,5.5,5.6,5600,5.75,2800,0,154000
GLENMARK30Jan20370CE.NFO,07/01/2020,09:54:27,5.5,5.6,4200,5.75,2800,0,154000
GLENMARK30Jan20370CE.NFO,07/01/2020,09:54:30,5.5,5.6,1400,5.7,1400,0,154000
GLENMARK30Jan20370CE.NFO,07/01/2020,09:54:44,5.5,5.6,4200,5.7,1400,0,154000
GLENMARK30Jan20370CE.NFO,07/01/2020,09:54:48,5.5,5.6,2800,5.7,1400,0,154000
GLENMARK30Jan20370CE.NFO,07/01/2020,09:54:51,5.5,5.6,2800,5.75,2800,0,154000
GLENMARK30Jan20370CE.NFO,07/01/2020,09:54:58,5.5,5.6,1400,5.75,2800,0,154000
GLENMARK30Jan20370CE.NFO,07/01/2020,09:55:06,5.5,5.7,2800,5.85,2800,0,154000
GLENMARK30Jan20370CE.NFO,07/01/2020,09:55:07,5.5,5.7,2800,5.85,4200,0,154000
GLENMARK30Jan20370CE.NFO,07/01/2020,09:55:09,5.5,5.7,4200,5.85,4200,0,154000
GLENMARK30Jan20370CE.NFO,07/01/2020,09:55:11,5.5,5.7,2800,5.85,4200,0,154000
GLENMARK30Jan20370CE.NFO,07/01/2020,09:55:12,5.5,5.7,5600,5.8,1400,0,154000
GLENMARK30Jan20370CE.NFO,07/01/2020,09:55:16,5.5,5.7,2800,5.8,1400,0,154000
GLENMARK30Jan20370CE.NFO,07/01/2020,09:55:38,5.5,5.7,5600,5.8,1400,0,154000
GLENMARK30Jan20370CE.NFO,07/01/2020,09:55:51,5.5,5.7,7000,5.85,2800,0,154000
GLENMARK30Jan20370CE.NFO,07/01/2020,09:55:58,5.5,5.7,5600,5.8,1400,0,154000
GLENMARK30Jan20370CE.NFO,07/01/2020,09:56:06,5.5,5.7,5600,5.8,2800,0,154000
GLENMARK30Jan20370CE.NFO,07/01/2020,09:56:11,5.5,5.7,5600,5.85,2800,0,154000
GLENMARK30Jan20370CE.NFO,07/01/2020,09:56:16,5.5,5.7,4200,5.85,2800,0,154000
GLENMARK30Jan20370CE.NFO,07/01/2020,09:56:21,5.5,5.7,2800,5.85,2800,0,154000
GLENMARK30Jan20370CE.NFO,07/01/2020,09:56:26,5.5,5.7,2800,5.8,1400,0,154000
GLENMARK30Jan20370CE.NFO,07/01/2020,09:56:31,5.5,5.7,1400,5.8,1400,0,154000
GLENMARK30Jan20370CE.NFO,07/01/2020,09:56:43,5.5,5.65,2800,5.75,1400,0,154000
GLENMARK30Jan20370CE.NFO,07/01/2020,09:56:48,5.5,5.6,2800,5.7,1400,0,154000
GLENMARK30Jan20370CE.NFO,07/01/2020,09:57:01,5.5,5.6,2800,5.75,2800,0,154000
GLENMARK30Jan20370CE.NFO,07/01/2020,09:57:27,5.5,5.6,1400,5.7,1400,0,154000
GLENMARK30Jan20370CE.NFO,07/01/2020,09:57:30,5.5,5.55,2800,5.7,2800,0,154000
GLENMARK30Jan20370CE.NFO,07/01/2020,09:57:43,5.5,5.6,1400,5.7,1400,0,154000
GLENMARK30Jan20370CE.NFO,07/01/2020,09:57:56,5.5,5.55,2800,5.65,1400,0,154000
GLENMARK30Jan20370CE.NFO,07/01/2020,09:58:01,5.5,5.55,2800,5.7,2800,0,154000
GLENMARK30Jan20370CE.NFO,07/01/2020,09:58:09,5.5,5.55,1400,5.65,1400,0,154000
GLENMARK30Jan20370CE.NFO,07/01/2020,09:58:13,5.5,5.55,2800,5.7,2800,0,154000
GLENMARK30Jan20370CE.NFO,07/01/2020,09:58:24,5.5,5.55,4200,5.65,1400,0,154000
GLENMARK30Jan20370CE.NFO,07/01/2020,09:58:28,5.5,5.55,4200,5.7,1400,0,154000
GLENMARK30Jan20370CE.NFO,07/01/2020,09:58:32,5.5,5.55,1400,5.7,2800,0,154000
GLENMARK30Jan20370CE.NFO,07/01/2020,09:58:41,5.5,5.55,1400,5.65,1400,0,154000
GLENMARK30Jan20370CE.NFO,07/01/2020,09:58:58,5.5,5.55,1400,5.7,4200,0,154000
GLENMARK30Jan20370CE.NFO,07/01/2020,09:59:08,5.5,5.55,1400,5.65,2800,0,154000
GLENMARK30Jan20370CE.NFO,07/01/2020,09:59:17,5.5,5.5,4200,5.65,1400,0,154000
GLENMARK30Jan20370CE.NFO,07/01/2020,09:59:35,5.5,5.5,5600,5.65,1400,0,154000
GLENMARK30Jan20370CE.NFO,07/01/2020,09:59:50,5.5,5.5,4200,5.6,1400,0,154000
GLENMARK30Jan20370CE.NFO,07/01/2020,09:59:53,5.5,5.5,5600,5.65,1400,0,154000
GLENMARK30Jan20370CE.NFO,07/01/2020,10:00:03,5.5,5.6,1400,5.75,1400,0,154000
GLENMARK30Jan20370CE.NFO,07/01/2020,10:00:21,5.5,5.6,5600,5.75,1400,0,154000
GLENMARK30Jan20370CE.NFO,07/01/2020,10:00:35,5.5,5.6,4200,5.75,1400,0,154000
GLENMARK30Jan20370CE.NFO,07/01/2020,10:00:39,5.5,5.6,5600,5.75,1400,0,154000
GLENMARK30Jan20370CE.NFO,07/01/2020,10:01:13,5.5,5.6,1400,5.7,1400,0,154000
GLENMARK30Jan20370CE.NFO,07/01/2020,10:01:49,5.5,5.55,1400,5.7,5600,0,154000
GLENMARK30Jan20370CE.NFO,07/01/2020,10:02:05,5.5,5.5,5600,5.65,1400,0,154000
GLENMARK30Jan20370CE.NFO,07/01/2020,10:02:16,5.5,5.5,7000,5.65,1400,0,154000
GLENMARK30Jan20370CE.NFO,07/01/2020,10:02:21,5.5,5.55,7000,5.7,1400,0,154000
GLENMARK30Jan20370CE.NFO,07/01/2020,10:02:27,5.5,5.55,5600,5.7,1400,0,154000
GLENMARK30Jan20370CE.NFO,07/01/2020,10:02:37,5.5,5.55,7000,5.7,1400,0,154000
GLENMARK30Jan20370CE.NFO,07/01/2020,10:02:41,5.5,5.55,7000,5.65,1400,0,154000
GLENMARK30Jan20370CE.NFO,07/01/2020,10:02:46,5.5,5.55,5600,5.65,1400,0,154000
GLENMARK30Jan20370CE.NFO,07/01/2020,10:02:50,5.5,5.55,4200,5.7,4200,0,154000
GLENMARK30Jan20370CE.NFO,07/01/2020,10:02:54,5.5,5.55,2800,5.65,1400,0,154000
GLENMARK30Jan20370CE.NFO,07/01/2020,10:03:36,5.5,5.55,1400,5.65,1400,0,154000
GLENMARK30Jan20370CE.NFO,07/01/2020,10:03:41,5.5,5.55,1400,5.65,2800,0,154000
GLENMARK30Jan20370CE.NFO,07/01/2020,10:03:55,5.55,5.5,2800,5.65,2800,1400,145600
GLENMARK30Jan20370CE.NFO,07/01/2020,10:04:04,5.55,5.5,4200,5.65,1400,0,145600
GLENMARK30Jan20370CE.NFO,07/01/2020,10:04:09,5.55,5.5,2800,5.6,1400,0,145600
GLENMARK30Jan20370CE.NFO,07/01/2020,10:04:36,5.55,5.5,2800,5.65,4200,0,145600
GLENMARK30Jan20370CE.NFO,07/01/2020,10:04:56,5.55,5.5,2800,5.6,1400,0,145600
GLENMARK30Jan20370CE.NFO,07/01/2020,10:05:00,5.55,5.5,2800,5.65,4200,0,145600
GLENMARK30Jan20370CE.NFO,07/01/2020,10:05:08,5.55,5.5,2800,5.6,1400,0,145600
GLENMARK30Jan20370CE.NFO,07/01/2020,10:05:12,5.55,5.5,2800,5.65,5600,0,145600
GLENMARK30Jan20370CE.NFO,07/01/2020,10:05:16,5.5,5.5,1400,5.6,1400,1400,145600
GLENMARK30Jan20370CE.NFO,07/01/2020,10:05:19,5.5,5.45,2800,5.6,5600,0,145600
GLENMARK30Jan20370CE.NFO,07/01/2020,10:05:29,5.5,5.45,2800,5.6,7000,0,145600
GLENMARK30Jan20370CE.NFO,07/01/2020,10:05:34,5.5,5.45,2800,5.6,5600,0,145600
GLENMARK30Jan20370CE.NFO,07/01/2020,10:05:40,5.5,5.45,2800,5.6,7000,0,145600
GLENMARK30Jan20370CE.NFO,07/01/2020,10:05:52,5.5,5.45,2800,5.6,5600,0,145600
GLENMARK30Jan20370CE.NFO,07/01/2020,10:05:57,5.5,5.45,2800,5.6,7000,0,145600
GLENMARK30Jan20370CE.NFO,07/01/2020,10:06:02,5.5,5.45,2800,5.6,8400,0,145600
GLENMARK30Jan20370CE.NFO,07/01/2020,10:06:16,5.5,5.45,1400,5.6,8400,0,145600
GLENMARK30Jan20370CE.NFO,07/01/2020,10:06:24,5.5,5.4,1400,5.5,1400,0,145600
GLENMARK30Jan20370CE.NFO,07/01/2020,10:06:29,5.5,5.4,1400,5.55,4200,0,145600
GLENMARK30Jan20370CE.NFO,07/01/2020,10:06:35,5.5,5.35,1400,5.5,1400,0,145600
GLENMARK30Jan20370CE.NFO,07/01/2020,10:06:45,5.5,5.35,1400,5.5,4200,0,145600
GLENMARK30Jan20370CE.NFO,07/01/2020,10:06:56,5.5,5.35,1400,5.5,5600,0,145600
GLENMARK30Jan20370CE.NFO,07/01/2020,10:07:00,5.5,5.3,2800,5.5,7000,0,145600
GLENMARK30Jan20370CE.NFO,07/01/2020,10:07:11,5.5,5.3,4200,5.45,5600,0,145600
GLENMARK30Jan20370CE.NFO,07/01/2020,10:07:16,5.5,5.3,4200,5.4,1400,0,145600
GLENMARK30Jan20370CE.NFO,07/01/2020,10:07:21,5.5,5.3,4200,5.45,4200,0,145600
GLENMARK30Jan20370CE.NFO,07/01/2020,10:07:31,5.5,5.3,4200,5.4,1400,0,145600
GLENMARK30Jan20370CE.NFO,07/01/2020,10:07:37,5.5,5.3,1400,5.4,1400,0,145600
GLENMARK30Jan20370CE.NFO,07/01/2020,10:07:41,5.5,5.25,4200,5.4,1400,0,145600
GLENMARK30Jan20370CE.NFO,07/01/2020,10:07:47,5.5,5.25,4200,5.4,2800,0,145600
GLENMARK30Jan20370CE.NFO,07/01/2020,10:07:52,5.5,5.25,5600,5.4,2800,0,145600
GLENMARK30Jan20370CE.NFO,07/01/2020,10:07:57,5.5,5.25,2800,5.4,4200,0,145600
GLENMARK30Jan20370CE.NFO,07/01/2020,10:08:06,5.5,5.25,2800,5.35,1400,0,145600
GLENMARK30Jan20370CE.NFO,07/01/2020,10:08:11,5.5,5.25,1400,5.35,1400,0,145600
GLENMARK30Jan20370CE.NFO,07/01/2020,10:08:16,5.5,5.25,2800,5.35,1400,0,145600
GLENMARK30Jan20370CE.NFO,07/01/2020,10:08:26,5.5,5.3,1400,5.4,4200,0,145600
GLENMARK30Jan20370CE.NFO,07/01/2020,10:08:40,5.5,5.3,1400,5.4,2800,0,145600
GLENMARK30Jan20370CE.NFO,07/01/2020,10:08:49,5.5,5.3,1400,5.4,4200,0,145600
GLENMARK30Jan20370CE.NFO,07/01/2020,10:09:19,5.5,5.3,1400,5.4,5600,0,145600
GLENMARK30Jan20370CE.NFO,07/01/2020,10:09:29,5.5,5.3,1400,5.35,1400,0,145600
GLENMARK30Jan20370CE.NFO,07/01/2020,10:09:55,5.35,5.3,5600,5.4,1400,1400,145600
GLENMARK30Jan20370CE.NFO,07/01/2020,10:10:11,5.35,5.3,5600,5.4,1400,0,145600
GLENMARK30Jan20370CE.NFO,07/01/2020,10:10:17,5.35,5.35,4200,5.45,1400,0,145600
GLENMARK30Jan20370CE.NFO,07/01/2020,10:10:21,5.35,5.35,2800,5.45,1400,0,145600
GLENMARK30Jan20370CE.NFO,07/01/2020,10:10:32,5.35,5.3,1400,5.4,4200,0,145600
GLENMARK30Jan20370CE.NFO,07/01/2020,10:10:38,5.35,5.3,2800,5.4,4200,0,145600
GLENMARK30Jan20370CE.NFO,07/01/2020,10:11:04,5.4,5.3,2800,5.4,2800,1400,145600
GLENMARK30Jan20370CE.NFO,07/01/2020,10:11:09,5.4,5.3,1400,5.4,4200,0,145600
GLENMARK30Jan20370CE.NFO,07/01/2020,10:11:13,5.4,5.3,7000,5.45,5600,0,145600
GLENMARK30Jan20370CE.NFO,07/01/2020,10:11:21,5.4,5.3,2800,5.4,1400,0,145600
GLENMARK30Jan20370CE.NFO,07/01/2020,10:11:29,5.4,5.3,1400,5.35,1400,0,145600
GLENMARK30Jan20370CE.NFO,07/01/2020,10:11:32,5.3,5.25,1400,5.35,5600,1400,145600
GLENMARK30Jan20370CE.NFO,07/01/2020,10:11:37,5.3,5.25,2800,5.35,1400,0,145600
GLENMARK30Jan20370CE.NFO,07/01/2020,10:11:41,5.3,5.25,1400,5.35,1400,0,145600
GLENMARK30Jan20370CE.NFO,07/01/2020,10:11:45,5.3,5.25,2800,5.35,1400,0,145600
GLENMARK30Jan20370CE.NFO,07/01/2020,10:11:49,5.3,5.25,4200,5.35,1400,0,145600
GLENMARK30Jan20370CE.NFO,07/01/2020,10:11:53,5.3,5.25,4200,5.4,2800,0,145600
GLENMARK30Jan20370CE.NFO,07/01/2020,10:11:57,5.3,5.25,4200,5.35,1400,0,145600
GLENMARK30Jan20370CE.NFO,07/01/2020,10:12:01,5.3,5.3,1400,5.4,1400,0,145600
GLENMARK30Jan20370CE.NFO,07/01/2020,10:12:05,5.3,5.3,1400,5.4,4200,0,145600
GLENMARK30Jan20370CE.NFO,07/01/2020,10:12:09,5.3,5.25,2800,5.35,2800,1400,145600
GLENMARK30Jan20370CE.NFO,07/01/2020,10:12:13,5.3,5.25,2800,5.35,2800,0,145600
GLENMARK30Jan20370CE.NFO,07/01/2020,10:13:02,5.3,5.25,5600,5.35,1400,0,145600
GLENMARK30Jan20370CE.NFO,07/01/2020,10:13:20,5.3,5.3,4200,5.4,1400,0,145600
GLENMARK30Jan20370CE.NFO,07/01/2020,10:13:24,5.3,5.25,5600,5.35,1400,0,145600
GLENMARK30Jan20370CE.NFO,07/01/2020,10:13:28,5.3,5.25,7000,5.4,1400,0,145600
GLENMARK30Jan20370CE.NFO,07/01/2020,10:13:31,5.3,5.25,5600,5.35,1400,0,145600
GLENMARK30Jan20370CE.NFO,07/01/2020,10:13:34,5.3,5.25,5600,5.4,4200,0,145600
GLENMARK30Jan20370CE.NFO,07/01/2020,10:13:38,5.3,5.25,5600,5.35,1400,0,145600
GLENMARK30Jan20370CE.NFO,07/01/2020,10:13:45,5.3,5.25,7000,5.35,1400,0,145600
GLENMARK30Jan20370CE.NFO,07/01/2020,10:13:50,5.3,5.3,4200,5.4,1400,0,145600
GLENMARK30Jan20370CE.NFO,07/01/2020,10:13:55,5.3,5.25,5600,5.35,1400,0,145600
GLENMARK30Jan20370CE.NFO,07/01/2020,10:14:00,5.3,5.25,7000,5.35,1400,0,145600
GLENMARK30Jan20370CE.NFO,07/01/2020,10:14:04,5.3,5.25,2800,5.35,1400,0,145600
GLENMARK30Jan20370CE.NFO,07/01/2020,10:14:10,5.3,5.3,4200,5.4,1400,0,145600
GLENMARK30Jan20370CE.NFO,07/01/2020,10:14:30,5.3,5.3,1400,5.4,1400,0,145600
GLENMARK30Jan20370CE.NFO,07/01/2020,10:14:35,5.3,5.3,2800,5.4,1400,0,145600
GLENMARK30Jan20370CE.NFO,07/01/2020,10:14:40,5.3,5.35,1400,5.4,1400,0,145600
GLENMARK30Jan20370CE.NFO,07/01/2020,10:14:58,5.35,5.25,4200,5.35,1400,1400,145600
GLENMARK30Jan20370CE.NFO,07/01/2020,10:15:03,5.35,5.25,7000,5.35,1400,0,145600
GLENMARK30Jan20370CE.NFO,07/01/2020,10:15:09,5.35,5.25,4200,5.35,1400,0,145600
GLENMARK30Jan20370CE.NFO,07/01/2020,10:15:19,5.35,5.25,5600,5.35,1400,0,145600
GLENMARK30Jan20370CE.NFO,07/01/2020,10:15:30,5.35,5.25,4200,5.35,1400,0,145600
GLENMARK30Jan20370CE.NFO,07/01/2020,10:15:35,5.35,5.25,5600,5.35,1400,0,145600
GLENMARK30Jan20370CE.NFO,07/01/2020,10:15:49,5.35,5.25,2800,5.35,2800,0,145600
GLENMARK30Jan20370CE.NFO,07/01/2020,10:16:05,5.25,5.1,4200,5.3,5600,2800,145600
GLENMARK30Jan20370CE.NFO,07/01/2020,10:16:09,5.25,5.1,4200,5.3,4200,0,145600
GLENMARK30Jan20370CE.NFO,07/01/2020,10:16:14,5.25,5.1,4200,5.3,5600,0,145600
GLENMARK30Jan20370CE.NFO,07/01/2020,10:16:17,5.25,5.1,2800,5.3,5600,0,145600
GLENMARK30Jan20370CE.NFO,07/01/2020,10:16:34,5.25,5.1,1400,5.3,5600,0,145600
GLENMARK30Jan20370CE.NFO,07/01/2020,10:16:42,5.25,5.1,4200,5.3,5600,0,145600
GLENMARK30Jan20370CE.NFO,07/01/2020,10:16:55,5.25,5.1,4200,5.3,4200,0,145600
GLENMARK30Jan20370CE.NFO,07/01/2020,10:17:10,5.25,5.1,5600,5.3,4200,0,145600
GLENMARK30Jan20370CE.NFO,07/01/2020,10:17:14,5.25,5.1,4200,5.3,7000,0,145600
GLENMARK30Jan20370CE.NFO,07/01/2020,10:17:23,5.25,5.1,2800,5.2,2800,0,145600
GLENMARK30Jan20370CE.NFO,07/01/2020,10:17:47,5.25,5.05,2800,5.2,2800,0,145600
GLENMARK30Jan20370CE.NFO,07/01/2020,10:19:36,5.25,5.05,1400,5.2,2800,0,145600
GLENMARK30Jan20370CE.NFO,07/01/2020,10:19:45,5.25,5.05,2800,5.2,2800,0,145600
GLENMARK30Jan20370CE.NFO,07/01/2020,10:20:12,5.25,4.95,1400,5.15,5600,0,145600
GLENMARK30Jan20370CE.NFO,07/01/2020,10:20:17,5.25,4.95,2800,5.15,5600,0,145600
GLENMARK30Jan20370CE.NFO,07/01/2020,10:20:28,5.15,5.05,1400,5.2,2800,1400,145600
GLENMARK30Jan20370CE.NFO,07/01/2020,10:20:33,5.15,5.05,1400,5.2,2800,0,145600
GLENMARK30Jan20370CE.NFO,07/01/2020,10:20:40,5.15,5,2800,5.2,2800,0,145600
GLENMARK30Jan20370CE.NFO,07/01/2020,10:20:44,5.15,5,2800,5.2,5600,0,145600
GLENMARK30Jan20370CE.NFO,07/01/2020,10:20:49,5.15,5,2800,5.2,7000,0,145600
GLENMARK30Jan20370CE.NFO,07/01/2020,10:20:59,5.15,5,2800,5.2,5600,0,145600
GLENMARK30Jan20370CE.NFO,07/01/2020,10:21:07,5.15,5,2800,5.2,4200,0,145600
GLENMARK30Jan20370CE.NFO,07/01/2020,10:21:10,5.15,5,1400,5.2,4200,0,145600
GLENMARK30Jan20370CE.NFO,07/01/2020,10:21:15,5.15,5.05,1400,5.2,4200,0,145600
GLENMARK30Jan20370CE.NFO,07/01/2020,10:21:27,5.15,5.05,2800,5.1,1400,0,145600
GLENMARK30Jan20370CE.NFO,07/01/2020,10:21:54,5.15,5,4200,5.1,2800,0,145600
GLENMARK30Jan20370CE.NFO,07/01/2020,10:22:02,5.15,4.9,5600,5.1,7000,0,145600
GLENMARK30Jan20370CE.NFO,07/01/2020,10:22:07,5.15,4.95,1400,5.05,2800,0,145600
GLENMARK30Jan20370CE.NFO,07/01/2020,10:22:11,5.15,4.95,2800,5.05,2800,0,145600
GLENMARK30Jan20370CE.NFO,07/01/2020,10:22:16,5.15,4.95,1400,5.05,2800,0,145600
GLENMARK30Jan20370CE.NFO,07/01/2020,10:22:32,5.05,5,4200,5.1,2800,1400,145600
GLENMARK30Jan20370CE.NFO,07/01/2020,10:22:36,5.05,5,4200,5.1,2800,0,145600
GLENMARK30Jan20370CE.NFO,07/01/2020,10:23:13,5.05,5.05,4200,5.1,1400,0,145600
GLENMARK30Jan20370CE.NFO,07/01/2020,10:24:16,5.05,5.05,2800,5.1,1400,0,145600
GLENMARK30Jan20370CE.NFO,07/01/2020,10:24:20,5.05,5.05,4200,5.1,1400,0,145600
GLENMARK30Jan20370CE.NFO,07/01/2020,10:24:37,5.05,5,4200,5.1,2800,0,145600
GLENMARK30Jan20370CE.NFO,07/01/2020,10:24:41,5.05,5,2800,5.1,2800,0,145600
GLENMARK30Jan20370CE.NFO,07/01/2020,10:24:44,5.05,5,5600,5.1,1400,0,145600
GLENMARK30Jan20370CE.NFO,07/01/2020,10:24:54,5.05,5,1400,5.1,1400,0,145600
GLENMARK30Jan20370CE.NFO,07/01/2020,10:25:13,5.05,5,1400,5.1,4200,0,145600
GLENMARK30Jan20370CE.NFO,07/01/2020,10:25:22,5.05,4.95,1400,5.1,7000,0,145600
GLENMARK30Jan20370CE.NFO,07/01/2020,10:25:27,5.05,5,1400,5.1,4200,0,145600
GLENMARK30Jan20370CE.NFO,07/01/2020,10:25:37,5.05,4.95,5600,5.1,4200,0,145600
GLENMARK30Jan20370CE.NFO,07/01/2020,10:25:52,5.05,5,4200,5.1,1400,0,145600
GLENMARK30Jan20370CE.NFO,07/01/2020,10:25:57,5,5,2800,5.1,1400,1400,145600
GLENMARK30Jan20370CE.NFO,07/01/2020,10:25:57,5,5,2800,5.1,1400,0,145600
GLENMARK30Jan20370CE.NFO,07/01/2020,10:26:00,5,5,2800,5.1,1400,0,145600
GLENMARK30Jan20370CE.NFO,07/01/2020,10:26:05,5,4.95,4200,5.1,5600,0,145600
GLENMARK30Jan20370CE.NFO,07/01/2020,10:26:18,5,4.95,4200,5.05,1400,0,145600
GLENMARK30Jan20370CE.NFO,07/01/2020,10:26:25,5,5,2800,5.1,1400,0,145600
GLENMARK30Jan20370CE.NFO,07/01/2020,10:26:37,5,5,4200,5.1,1400,0,145600
GLENMARK30Jan20370CE.NFO,07/01/2020,10:27:09,5,5,4200,5.15,1400,0,145600
GLENMARK30Jan20370CE.NFO,07/01/2020,10:27:13,5,5.05,2800,5.15,1400,0,145600
GLENMARK30Jan20370CE.NFO,07/01/2020,10:27:16,5,5.05,4200,5.15,1400,0,145600
GLENMARK30Jan20370CE.NFO,07/01/2020,10:27:36,5,5,4200,5.15,2800,0,145600
GLENMARK30Jan20370CE.NFO,07/01/2020,10:27:39,5,5.05,1400,5.15,1400,0,145600
GLENMARK30Jan20370CE.NFO,07/01/2020,10:27:46,5,5,4200,5.15,2800,0,145600
GLENMARK30Jan20370CE.NFO,07/01/2020,10:27:52,5,5,4200,5.1,1400,0,145600
GLENMARK30Jan20370CE.NFO,07/01/2020,10:27:56,5,5,4200,5.15,2800,0,145600
GLENMARK30Jan20370CE.NFO,07/01/2020,10:28:07,5,5,4200,5.1,1400,0,145600
GLENMARK30Jan20370CE.NFO,07/01/2020,10:28:31,5,5,4200,5.15,2800,0,145600
GLENMARK30Jan20370CE.NFO,07/01/2020,10:28:38,5,5.05,2800,5.15,1400,0,145600
GLENMARK30Jan20370CE.NFO,07/01/2020,10:28:42,5,5.05,2800,5.15,2800,0,145600
GLENMARK30Jan20370CE.NFO,07/01/2020,10:29:25,5,5,4200,5.1,1400,0,145600
GLENMARK30Jan20370CE.NFO,07/01/2020,10:29:47,5,5.05,1400,5.15,1400,0,145600
GLENMARK30Jan20370CE.NFO,07/01/2020,10:29:50,5,5.05,2800,5.15,1400,0,145600
GLENMARK30Jan20370CE.NFO,07/01/2020,10:29:55,5,5.05,4200,5.15,1400,0,145600
GLENMARK30Jan20370CE.NFO,07/01/2020,10:30:09,5,5.05,4200,5.15,2800,0,145600
GLENMARK30Jan20370CE.NFO,07/01/2020,10:30:19,5,5,4200,5.1,1400,0,145600
GLENMARK30Jan20370CE.NFO,07/01/2020,10:30:23,5,5.05,2800,5.15,2800,0,145600
GLENMARK30Jan20370CE.NFO,07/01/2020,10:30:31,5,5.05,4200,5.15,2800,0,145600
GLENMARK30Jan20370CE.NFO,07/01/2020,10:30:35,5,5.05,4200,5.15,1400,0,145600
GLENMARK30Jan20370CE.NFO,07/01/2020,10:31:19,5,5.05,4200,5.2,2800,0,145600
GLENMARK30Jan20370CE.NFO,07/01/2020,10:31:25,5,5.05,4200,5.2,4200,0,145600
GLENMARK30Jan20370CE.NFO,07/01/2020,10:31:32,5,5.05,4200,5.2,2800,0,145600
GLENMARK30Jan20370CE.NFO,07/01/2020,10:31:37,5,5.05,4200,5.15,1400,0,145600
GLENMARK30Jan20370CE.NFO,07/01/2020,10:32:21,5,5.1,1400,5.2,2800,0,145600
GLENMARK30Jan20370CE.NFO,07/01/2020,10:32:26,5,5.05,4200,5.15,1400,0,145600
GLENMARK30Jan20370CE.NFO,07/01/2020,10:32:30,5,5.1,4200,5.25,2800,0,145600
GLENMARK30Jan20370CE.NFO,07/01/2020,10:32:49,5,5.15,4200,5.3,2800,0,145600
GLENMARK30Jan20370CE.NFO,07/01/2020,10:33:00,5,5.15,2800,5.25,1400,0,145600
GLENMARK30Jan20370CE.NFO,07/01/2020,10:33:03,5,5.05,4200,5.2,1400,0,145600
GLENMARK30Jan20370CE.NFO,07/01/2020,10:33:09,5,5.05,4200,5.2,2800,0,145600
GLENMARK30Jan20370CE.NFO,07/01/2020,10:33:25,5,5.1,1400,5.2,2800,0,145600
GLENMARK30Jan20370CE.NFO,07/01/2020,10:33:30,5,5.05,4200,5.2,2800,0,145600
GLENMARK30Jan20370CE.NFO,07/01/2020,10:33:41,5,5.05,4200,5.15,1400,0,145600
GLENMARK30Jan20370CE.NFO,07/01/2020,10:33:43,5,5.1,2800,5.2,2800,0,145600
GLENMARK30Jan20370CE.NFO,07/01/2020,10:33:46,5,5.1,2800,5.2,4200,0,145600
GLENMARK30Jan20370CE.NFO,07/01/2020,10:33:52,5,5.1,2800,5.2,2800,0,145600
GLENMARK30Jan20370CE.NFO,07/01/2020,10:33:58,5,5.1,2800,5.2,4200,0,145600
GLENMARK30Jan20370CE.NFO,07/01/2020,10:34:18,5,5.1,2800,5.2,2800,0,145600
GLENMARK30Jan20370CE.NFO,07/01/2020,10:34:39,5,5.1,2800,5.2,1400,0,145600
GLENMARK30Jan20370CE.NFO,07/01/2020,10:34:57,5,5.1,5600,5.25,4200,0,145600
GLENMARK30Jan20370CE.NFO,07/01/2020,10:34:59,5,5.1,7000,5.25,4200,0,145600
GLENMARK30Jan20370CE.NFO,07/01/2020,10:35:08,5,5.1,5600,5.2,1400,0,145600
GLENMARK30Jan20370CE.NFO,07/01/2020,10:35:18,5,5.1,4200,5.2,1400,0,145600
GLENMARK30Jan20370CE.NFO,07/01/2020,10:35:22,5,5.1,2800,5.2,1400,0,145600
GLENMARK30Jan20370CE.NFO,07/01/2020,10:36:03,5,5.1,2800,5.2,2800,0,145600
GLENMARK30Jan20370CE.NFO,07/01/2020,10:38:08,5,5.1,2800,5.2,4200,0,145600
GLENMARK30Jan20370CE.NFO,07/01/2020,10:40:33,5,5.1,2800,5.2,2800,0,145600
GLENMARK30Jan20370CE.NFO,07/01/2020,10:40:45,5,5.1,5600,5.2,1400,0,145600
GLENMARK30Jan20370CE.NFO,07/01/2020,10:40:48,5,5.1,7000,5.25,4200,0,145600
GLENMARK30Jan20370CE.NFO,07/01/2020,10:40:51,5,5.1,5600,5.2,1400,0,145600
GLENMARK30Jan20370CE.NFO,07/01/2020,10:41:02,5,5.15,2800,5.25,1400,0,145600
GLENMARK30Jan20370CE.NFO,07/01/2020,10:41:05,5,5.15,4200,5.3,1400,0,145600
GLENMARK30Jan20370CE.NFO,07/01/2020,10:41:17,5,5.2,5600,5.35,2800,0,145600
GLENMARK30Jan20370CE.NFO,07/01/2020,10:41:24,5,5.2,4200,5.35,1400,0,145600
GLENMARK30Jan20370CE.NFO,07/01/2020,10:41:29,5,5.2,2800,5.35,4200,0,145600
GLENMARK30Jan20370CE.NFO,07/01/2020,10:41:33,5,5.2,1400,5.3,1400,0,145600
GLENMARK30Jan20370CE.NFO,07/01/2020,10:41:39,5,5.2,2800,5.3,1400,0,145600
GLENMARK30Jan20370CE.NFO,07/01/2020,10:41:48,5,5.15,1400,5.25,1400,0,145600
GLENMARK30Jan20370CE.NFO,07/01/2020,10:42:00,5,5.15,1400,5.2,1400,0,145600
GLENMARK30Jan20370CE.NFO,07/01/2020,10:42:06,5,5.15,1400,5.25,1400,0,145600
GLENMARK30Jan20370CE.NFO,07/01/2020,10:42:16,5,5.15,1400,5.25,2800,0,145600
GLENMARK30Jan20370CE.NFO,07/01/2020,10:42:18,5,5.15,1400,5.25,1400,0,145600
GLENMARK30Jan20370CE.NFO,07/01/2020,10:42:21,5,5.15,1400,5.25,2800,0,145600
GLENMARK30Jan20370CE.NFO,07/01/2020,10:42:23,5,5.15,1400,5.25,1400,0,145600
GLENMARK30Jan20370CE.NFO,07/01/2020,10:42:29,5,5.1,2800,5.2,1400,0,145600
GLENMARK30Jan20370CE.NFO,07/01/2020,10:42:54,5,5.1,4200,5.25,4200,0,145600
GLENMARK30Jan20370CE.NFO,07/01/2020,10:43:28,5,5.15,1400,5.25,1400,0,145600
GLENMARK30Jan20370CE.NFO,07/01/2020,10:43:49,5,5.15,2800,5.25,1400,0,145600
GLENMARK30Jan20370CE.NFO,07/01/2020,10:43:54,5,5.1,4200,5.2,1400,0,145600
GLENMARK30Jan20370CE.NFO,07/01/2020,10:44:11,5,5.1,4200,5.25,4200,0,145600
GLENMARK30Jan20370CE.NFO,07/01/2020,10:44:16,5,5.15,1400,5.25,2800,0,145600
GLENMARK30Jan20370CE.NFO,07/01/2020,10:44:24,5,5.15,2800,5.3,4200,0,145600
GLENMARK30Jan20370CE.NFO,07/01/2020,10:44:26,5,5.15,1400,5.25,1400,0,145600
GLENMARK30Jan20370CE.NFO,07/01/2020,10:44:29,5,5.15,1400,5.3,5600,0,145600
GLENMARK30Jan20370CE.NFO,07/01/2020,10:44:35,5,5.15,2800,5.25,1400,0,145600
GLENMARK30Jan20370CE.NFO,07/01/2020,10:44:38,5,5.1,4200,5.25,5600,0,145600
GLENMARK30Jan20370CE.NFO,07/01/2020,10:44:41,5,5.1,4200,5.2,1400,0,145600
GLENMARK30Jan20370CE.NFO,07/01/2020,10:44:50,5,5.1,2800,5.2,4200,0,145600
GLENMARK30Jan20370CE.NFO,07/01/2020,10:44:52,5,5.1,2800,5.2,5600,0,145600
GLENMARK30Jan20370CE.NFO,07/01/2020,10:44:55,5,5.1,2800,5.2,4200,0,145600
GLENMARK30Jan20370CE.NFO,07/01/2020,10:44:57,5,5.1,2800,5.15,1400,0,145600
GLENMARK30Jan20370CE.NFO,07/01/2020,10:45:05,5,5.1,2800,5.2,4200,0,145600
GLENMARK30Jan20370CE.NFO,07/01/2020,10:45:13,5,5.1,2800,5.2,2800,0,145600
GLENMARK30Jan20370CE.NFO,07/01/2020,10:45:25,5,5.1,2800,5.2,4200,0,145600
GLENMARK30Jan20370CE.NFO,07/01/2020,10:45:28,5,5.1,2800,5.15,2800,0,145600
GLENMARK30Jan20370CE.NFO,07/01/2020,10:45:31,5,5.1,2800,5.2,4200,0,145600
GLENMARK30Jan20370CE.NFO,07/01/2020,10:45:34,5,5.1,2800,5.2,2800,0,145600
GLENMARK30Jan20370CE.NFO,07/01/2020,10:45:36,5,5.1,2800,5.2,4200,0,145600
GLENMARK30Jan20370CE.NFO,07/01/2020,10:46:12,5,5.1,2800,5.2,2800,0,145600
GLENMARK30Jan20370CE.NFO,07/01/2020,10:46:15,5,5.1,2800,5.2,4200,0,145600
GLENMARK30Jan20370CE.NFO,07/01/2020,10:46:18,5,5.1,2800,5.2,2800,0,145600
GLENMARK30Jan20370CE.NFO,07/01/2020,10:46:46,5.1,5.05,1400,5.1,1400,2800,144200
GLENMARK30Jan20370CE.NFO,07/01/2020,10:46:49,5.1,5.05,1400,5.1,1400,0,144200
GLENMARK30Jan20370CE.NFO,07/01/2020,10:46:52,5.1,5.05,1400,5.15,2800,0,144200
GLENMARK30Jan20370CE.NFO,07/01/2020,10:46:54,5.1,5.05,1400,5.15,1400,0,144200
GLENMARK30Jan20370CE.NFO,07/01/2020,10:47:02,5.1,5.05,1400,5.15,2800,0,144200
GLENMARK30Jan20370CE.NFO,07/01/2020,10:47:21,5.1,5.05,1400,5.15,5600,0,144200
GLENMARK30Jan20370CE.NFO,07/01/2020,10:47:25,5.1,5.05,1400,5.15,2800,0,144200
GLENMARK30Jan20370CE.NFO,07/01/2020,10:47:31,5.1,5.05,1400,5.15,5600,0,144200
GLENMARK30Jan20370CE.NFO,07/01/2020,10:47:34,5.1,5.05,1400,5.15,4200,0,144200
GLENMARK30Jan20370CE.NFO,07/01/2020,10:47:38,5.1,5.05,1400,5.15,2800,0,144200
GLENMARK30Jan20370CE.NFO,07/01/2020,10:47:46,5.1,5.05,1400,5.1,2800,0,144200
GLENMARK30Jan20370CE.NFO,07/01/2020,10:47:51,5.1,5.05,1400,5.1,1400,0,144200
GLENMARK30Jan20370CE.NFO,07/01/2020,10:48:04,5.1,5.05,2800,5.2,7000,1400,142800
GLENMARK30Jan20370CE.NFO,07/01/2020,10:48:07,5.1,5.05,1400,5.15,2800,0,142800
GLENMARK30Jan20370CE.NFO,07/01/2020,10:48:11,5.1,5.05,1400,5.15,1400,0,142800
GLENMARK30Jan20370CE.NFO,07/01/2020,10:48:20,5.1,5.05,1400,5.15,2800,0,142800
GLENMARK30Jan20370CE.NFO,07/01/2020,10:48:24,5.1,5.05,1400,5.1,5600,0,142800
GLENMARK30Jan20370CE.NFO,07/01/2020,10:48:27,5.05,4.95,1400,5.05,1400,1400,142800
GLENMARK30Jan20370CE.NFO,07/01/2020,10:48:31,5.05,4.9,5600,5.05,2800,0,142800
GLENMARK30Jan20370CE.NFO,07/01/2020,10:48:35,5.05,4.9,7000,5.05,4200,0,142800
GLENMARK30Jan20370CE.NFO,07/01/2020,10:48:41,5.05,4.9,2800,5.05,5600,0,142800
GLENMARK30Jan20370CE.NFO,07/01/2020,10:48:59,5.05,4.9,4200,5.05,2800,0,142800
GLENMARK30Jan20370CE.NFO,07/01/2020,10:49:24,5.05,4.9,7000,5.1,5600,0,142800
GLENMARK30Jan20370CE.NFO,07/01/2020,10:49:28,5.05,4.9,7000,5.05,2800,0,142800
GLENMARK30Jan20370CE.NFO,07/01/2020,10:49:45,5.05,4.9,2800,5.05,2800,0,142800
GLENMARK30Jan20370CE.NFO,07/01/2020,10:49:49,5.05,4.9,4200,5.05,2800,0,142800
GLENMARK30Jan20370CE.NFO,07/01/2020,10:49:58,5.05,4.9,5600,5.05,2800,0,142800
GLENMARK30Jan20370CE.NFO,07/01/2020,10:50:05,5.05,4.9,2800,5.05,2800,0,142800
GLENMARK30Jan20370CE.NFO,07/01/2020,10:50:21,5.05,4.9,5600,5.05,2800,0,142800
GLENMARK30Jan20370CE.NFO,07/01/2020,10:50:26,5.05,4.9,2800,5.05,2800,0,142800
GLENMARK30Jan20370CE.NFO,07/01/2020,10:50:30,5.05,4.9,5600,5.05,2800,0,142800
GLENMARK30Jan20370CE.NFO,07/01/2020,10:50:43,5.05,4.95,1400,5.1,5600,0,142800
GLENMARK30Jan20370CE.NFO,07/01/2020,10:50:46,5.05,4.9,5600,5.05,2800,0,142800
GLENMARK30Jan20370CE.NFO,07/01/2020,10:50:56,5.05,4.95,1400,5.05,1400,0,142800
GLENMARK30Jan20370CE.NFO,07/01/2020,10:51:00,5.05,4.95,2800,5.1,4200,0,142800
GLENMARK30Jan20370CE.NFO,07/01/2020,10:51:08,5.05,4.95,5600,5.1,4200,0,142800
GLENMARK30Jan20370CE.NFO,07/01/2020,10:51:15,5.05,4.95,4200,5.1,4200,0,142800
GLENMARK30Jan20370CE.NFO,07/01/2020,10:51:18,5.05,4.9,5600,5.1,4200,0,142800
GLENMARK30Jan20370CE.NFO,07/01/2020,10:51:25,5.05,4.95,1400,5.1,5600,0,142800
GLENMARK30Jan20370CE.NFO,07/01/2020,10:51:36,5.05,4.9,5600,5.05,2800,0,142800
GLENMARK30Jan20370CE.NFO,07/01/2020,10:51:44,5.05,4.9,5600,5.05,1400,0,142800
GLENMARK30Jan20370CE.NFO,07/01/2020,10:51:52,5.05,4.95,1400,5.05,1400,0,142800
GLENMARK30Jan20370CE.NFO,07/01/2020,10:51:57,5.05,4.9,2800,5.05,2800,0,142800
GLENMARK30Jan20370CE.NFO,07/01/2020,10:52:07,5.05,4.95,1400,5.05,2800,0,142800
GLENMARK30Jan20370CE.NFO,07/01/2020,10:52:26,5.05,4.9,2800,5.05,4200,0,142800
GLENMARK30Jan20370CE.NFO,07/01/2020,10:52:32,5.05,4.9,1400,5.05,2800,0,142800
GLENMARK30Jan20370CE.NFO,07/01/2020,10:52:37,5.05,4.9,1400,5.05,4200,0,142800
GLENMARK30Jan20370CE.NFO,07/01/2020,10:52:49,5.05,4.9,1400,5,2800,0,142800
GLENMARK30Jan20370CE.NFO,07/01/2020,10:52:53,5.05,4.9,1400,5,1400,0,142800
GLENMARK30Jan20370CE.NFO,07/01/2020,10:53:04,5.05,4.8,5600,5,4200,0,142800
GLENMARK30Jan20370CE.NFO,07/01/2020,10:53:26,5.05,4.85,7000,5,4200,0,142800
GLENMARK30Jan20370CE.NFO,07/01/2020,10:53:41,5.05,4.8,5600,5,4200,0,142800
GLENMARK30Jan20370CE.NFO,07/01/2020,10:53:47,5.05,4.85,1400,5,4200,0,142800
GLENMARK30Jan20370CE.NFO,07/01/2020,10:53:52,5.05,4.8,1400,4.95,4200,0,142800
GLENMARK30Jan20370CE.NFO,07/01/2020,10:53:59,5.05,4.8,1400,4.95,2800,0,142800
GLENMARK30Jan20370CE.NFO,07/01/2020,10:54:09,5.05,4.8,4200,4.95,2800,0,142800
GLENMARK30Jan20370CE.NFO,07/01/2020,10:54:14,5.05,4.75,1400,4.9,4200,0,142800
GLENMARK30Jan20370CE.NFO,07/01/2020,10:54:20,5.05,4.75,1400,4.85,2800,0,142800
GLENMARK30Jan20370CE.NFO,07/01/2020,10:54:41,5.05,4.7,2800,4.85,2800,0,142800
GLENMARK30Jan20370CE.NFO,07/01/2020,10:54:46,5.05,4.65,1400,4.8,5600,0,142800
GLENMARK30Jan20370CE.NFO,07/01/2020,10:54:51,5.05,4.65,1400,4.75,2800,0,142800
GLENMARK30Jan20370CE.NFO,07/01/2020,10:54:56,5.05,4.6,2800,4.75,4200,0,142800
GLENMARK30Jan20370CE.NFO,07/01/2020,10:55:00,5.05,4.65,1400,4.75,1400,0,142800
GLENMARK30Jan20370CE.NFO,07/01/2020,10:55:05,5.05,4.65,2800,4.8,2800,0,142800
GLENMARK30Jan20370CE.NFO,07/01/2020,10:55:10,5.05,4.65,4200,4.8,2800,0,142800
GLENMARK30Jan20370CE.NFO,07/01/2020,10:55:15,5.05,4.7,1400,4.8,1400,0,142800
GLENMARK30Jan20370CE.NFO,07/01/2020,10:55:24,5.05,4.7,1400,4.8,4200,0,142800
GLENMARK30Jan20370CE.NFO,07/01/2020,10:55:28,5.05,4.65,4200,4.8,5600,0,142800
GLENMARK30Jan20370CE.NFO,07/01/2020,10:55:34,5.05,4.7,1400,4.8,4200,0,142800
GLENMARK30Jan20370CE.NFO,07/01/2020,10:55:39,5.05,4.7,1400,4.8,2800,0,142800
GLENMARK30Jan20370CE.NFO,07/01/2020,10:55:45,5.05,4.75,1400,4.85,2800,0,142800
GLENMARK30Jan20370CE.NFO,07/01/2020,10:55:49,5.05,4.75,2800,4.9,5600,0,142800
GLENMARK30Jan20370CE.NFO,07/01/2020,10:55:54,5.05,4.75,1400,4.9,5600,0,142800
GLENMARK30Jan20370CE.NFO,07/01/2020,10:56:02,5.05,4.75,2800,4.9,5600,0,142800
GLENMARK30Jan20370CE.NFO,07/01/2020,10:56:07,5.05,4.75,4200,4.9,2800,0,142800
GLENMARK30Jan20370CE.NFO,07/01/2020,10:56:22,5.05,4.8,1400,4.9,4200,0,142800
GLENMARK30Jan20370CE.NFO,07/01/2020,10:56:26,5.05,4.75,4200,4.9,2800,0,142800
GLENMARK30Jan20370CE.NFO,07/01/2020,10:56:31,5.05,4.75,4200,4.9,4200,0,142800
GLENMARK30Jan20370CE.NFO,07/01/2020,10:56:37,5.05,4.7,4200,4.85,2800,0,142800
GLENMARK30Jan20370CE.NFO,07/01/2020,10:56:42,5.05,4.65,4200,4.8,2800,0,142800
GLENMARK30Jan20370CE.NFO,07/01/2020,10:56:46,5.05,4.65,5600,4.8,2800,0,142800
GLENMARK30Jan20370CE.NFO,07/01/2020,10:56:57,5.05,4.65,5600,4.8,4200,0,142800
GLENMARK30Jan20370CE.NFO,07/01/2020,10:57:02,5.05,4.65,2800,4.8,5600,0,142800
GLENMARK30Jan20370CE.NFO,07/01/2020,10:57:06,5.05,4.65,5600,4.8,4200,0,142800
GLENMARK30Jan20370CE.NFO,07/01/2020,10:57:09,5.05,4.7,1400,4.8,2800,0,142800
GLENMARK30Jan20370CE.NFO,07/01/2020,10:57:16,5.05,4.65,1400,4.75,1400,0,142800
GLENMARK30Jan20370CE.NFO,07/01/2020,10:57:22,5.05,4.65,2800,4.8,2800,0,142800
GLENMARK30Jan20370CE.NFO,07/01/2020,10:57:29,5.05,4.6,2800,4.75,4200,0,142800
GLENMARK30Jan20370CE.NFO,07/01/2020,10:57:35,5.05,4.6,2800,4.7,1400,0,142800
GLENMARK30Jan20370CE.NFO,07/01/2020,10:57:41,5.05,4.6,2800,4.75,5600,0,142800
GLENMARK30Jan20370CE.NFO,07/01/2020,10:57:46,5.05,4.6,2800,4.7,1400,0,142800
GLENMARK30Jan20370CE.NFO,07/01/2020,10:57:55,5.05,4.65,1400,4.75,1400,0,142800
GLENMARK30Jan20370CE.NFO,07/01/2020,10:57:59,5.05,4.65,1400,4.75,2800,0,142800
GLENMARK30Jan20370CE.NFO,07/01/2020,10:58:04,5.05,4.65,1400,4.75,1400,0,142800
GLENMARK30Jan20370CE.NFO,07/01/2020,10:58:08,5.05,4.65,1400,4.75,2800,0,142800
GLENMARK30Jan20370CE.NFO,07/01/2020,10:58:18,5.05,4.65,1400,4.75,1400,0,142800
GLENMARK30Jan20370CE.NFO,07/01/2020,10:58:28,5.05,4.6,2800,4.7,1400,0,142800
GLENMARK30Jan20370CE.NFO,07/01/2020,10:58:38,5.05,4.6,2800,4.75,5600,0,142800
GLENMARK30Jan20370CE.NFO,07/01/2020,10:58:43,5.05,4.6,2800,4.75,4200,0,142800
GLENMARK30Jan20370CE.NFO,07/01/2020,10:58:49,5.05,4.6,2800,4.75,2800,0,142800
GLENMARK30Jan20370CE.NFO,07/01/2020,10:58:54,5.05,4.6,4200,4.75,2800,0,142800
GLENMARK30Jan20370CE.NFO,07/01/2020,10:59:04,5.05,4.6,2800,4.75,2800,0,142800
GLENMARK30Jan20370CE.NFO,07/01/2020,10:59:10,5.05,4.6,2800,4.75,4200,0,142800
GLENMARK30Jan20370CE.NFO,07/01/2020,10:59:27,5.05,4.6,2800,4.7,1400,0,142800
GLENMARK30Jan20370CE.NFO,07/01/2020,11:00:04,4.6,4.55,1400,4.7,5600,1400,142800
GLENMARK30Jan20370CE.NFO,07/01/2020,11:00:04,4.6,4.55,1400,4.7,5600,0,142800
GLENMARK30Jan20370CE.NFO,07/01/2020,11:00:10,4.6,4.55,2800,4.7,2800,0,142800
GLENMARK30Jan20370CE.NFO,07/01/2020,11:00:16,4.6,4.55,1400,4.65,1400,0,142800
GLENMARK30Jan20370CE.NFO,07/01/2020,11:00:55,4.6,4.55,1400,4.65,5600,0,142800
GLENMARK30Jan20370CE.NFO,07/01/2020,11:01:10,4.6,4.5,1400,4.6,1400,0,142800
GLENMARK30Jan20370CE.NFO,07/01/2020,11:01:17,4.6,4.5,1400,4.65,4200,0,142800
GLENMARK30Jan20370CE.NFO,07/01/2020,11:01:37,4.6,4.5,1400,4.6,1400,0,142800
GLENMARK30Jan20370CE.NFO,07/01/2020,11:01:51,4.65,4.55,4200,4.65,1400,1400,142800
GLENMARK30Jan20370CE.NFO,07/01/2020,11:01:59,4.65,4.55,4200,4.65,1400,0,142800
GLENMARK30Jan20370CE.NFO,07/01/2020,11:02:12,4.65,4.6,2800,4.75,4200,1400,142800
GLENMARK30Jan20370CE.NFO,07/01/2020,11:02:18,4.65,4.6,2800,4.75,4200,0,142800
GLENMARK30Jan20370CE.NFO,07/01/2020,11:02:31,4.65,4.6,2800,4.7,1400,0,142800
GLENMARK30Jan20370CE.NFO,07/01/2020,11:02:48,4.65,4.6,2800,4.75,5600,0,142800
GLENMARK30Jan20370CE.NFO,07/01/2020,11:02:54,4.65,4.6,1400,4.75,4200,0,142800
GLENMARK30Jan20370CE.NFO,07/01/2020,11:03:00,4.65,4.6,1400,4.7,1400,0,142800
GLENMARK30Jan20370CE.NFO,07/01/2020,11:03:12,4.65,4.6,1400,4.7,4200,0,142800
GLENMARK30Jan20370CE.NFO,07/01/2020,11:03:23,4.65,4.6,1400,4.7,2800,0,142800
GLENMARK30Jan20370CE.NFO,07/01/2020,11:03:39,4.65,4.6,1400,4.7,1400,0,142800
GLENMARK30Jan20370CE.NFO,07/01/2020,11:03:46,4.65,4.6,1400,4.7,2800,0,142800
GLENMARK30Jan20370CE.NFO,07/01/2020,11:03:58,4.65,4.6,1400,4.7,1400,0,142800
GLENMARK30Jan20370CE.NFO,07/01/2020,11:04:03,4.65,4.6,1400,4.7,1400,1400,142800
GLENMARK30Jan20370CE.NFO,07/01/2020,11:04:09,4.65,4.6,1400,4.7,4200,0,140000
GLENMARK30Jan20370CE.NFO,07/01/2020,11:04:21,4.65,4.6,1400,4.7,1400,0,140000
GLENMARK30Jan20370CE.NFO,07/01/2020,11:04:39,4.65,4.6,1400,4.7,2800,2800,140000
GLENMARK30Jan20370CE.NFO,07/01/2020,11:04:45,4.65,4.6,1400,4.7,1400,0,140000
GLENMARK30Jan20370CE.NFO,07/01/2020,11:05:45,4.65,4.6,1400,4.75,1400,0,140000
GLENMARK30Jan20370CE.NFO,07/01/2020,11:05:50,4.65,4.7,1400,4.8,1400,0,140000
GLENMARK30Jan20370CE.NFO,07/01/2020,11:06:15,4.65,4.7,1400,4.85,2800,0,140000
GLENMARK30Jan20370CE.NFO,07/01/2020,11:06:22,4.65,4.7,1400,4.8,1400,0,140000
GLENMARK30Jan20370CE.NFO,07/01/2020,11:06:37,4.65,4.7,1400,4.85,4200,0,140000
GLENMARK30Jan20370CE.NFO,07/01/2020,11:06:41,4.65,4.7,1400,4.8,2800,0,140000
GLENMARK30Jan20370CE.NFO,07/01/2020,11:06:47,4.65,4.7,1400,4.8,1400,0,140000
GLENMARK30Jan20370CE.NFO,07/01/2020,11:06:59,4.65,4.7,2800,4.85,1400,0,140000
GLENMARK30Jan20370CE.NFO,07/01/2020,11:07:10,4.65,4.7,1400,4.85,5600,0,140000
GLENMARK30Jan20370CE.NFO,07/01/2020,11:07:15,4.65,4.7,2800,4.85,2800,0,140000
GLENMARK30Jan20370CE.NFO,07/01/2020,11:07:29,4.65,4.7,1400,4.8,1400,0,140000
GLENMARK30Jan20370CE.NFO,07/01/2020,11:07:33,4.65,4.7,1400,4.85,1400,0,140000
GLENMARK30Jan20370CE.NFO,07/01/2020,11:07:38,4.65,4.7,4200,4.9,4200,0,140000
GLENMARK30Jan20370CE.NFO,07/01/2020,11:07:44,4.65,4.8,1400,4.9,1400,0,140000
GLENMARK30Jan20370CE.NFO,07/01/2020,11:07:48,4.65,4.75,1400,4.9,2800,0,140000
GLENMARK30Jan20370CE.NFO,07/01/2020,11:08:09,4.65,4.75,1400,4.9,1400,0,140000
GLENMARK30Jan20370CE.NFO,07/01/2020,11:08:13,4.65,4.75,1400,4.9,2800,0,140000
GLENMARK30Jan20370CE.NFO,07/01/2020,11:08:25,4.65,4.75,2800,4.9,2800,0,140000
GLENMARK30Jan20370CE.NFO,07/01/2020,11:08:36,4.65,4.75,4200,4.9,4200,0,140000
GLENMARK30Jan20370CE.NFO,07/01/2020,11:08:41,4.65,4.75,2800,4.9,4200,0,140000
GLENMARK30Jan20370CE.NFO,07/01/2020,11:08:49,4.65,4.65,2800,4.75,1400,0,140000
GLENMARK30Jan20370CE.NFO,07/01/2020,11:08:54,4.65,4.65,1400,4.8,2800,0,140000
GLENMARK30Jan20370CE.NFO,07/01/2020,11:08:59,4.65,4.65,1400,4.8,7000,0,140000
GLENMARK30Jan20370CE.NFO,07/01/2020,11:09:04,4.65,4.65,1400,4.8,5600,0,140000
GLENMARK30Jan20370CE.NFO,07/01/2020,11:09:13,4.65,4.65,2800,4.8,5600,0,140000
GLENMARK30Jan20370CE.NFO,07/01/2020,11:09:17,4.65,4.65,2800,4.8,4200,0,140000
GLENMARK30Jan20370CE.NFO,07/01/2020,11:09:22,4.65,4.65,2800,4.8,1400,0,140000
GLENMARK30Jan20370CE.NFO,07/01/2020,11:09:27,4.65,4.75,1400,4.9,5600,0,140000
GLENMARK30Jan20370CE.NFO,07/01/2020,11:09:31,4.65,4.75,1400,4.85,1400,0,140000
GLENMARK30Jan20370CE.NFO,07/01/2020,11:09:58,4.65,4.7,2800,4.85,4200,0,140000
GLENMARK30Jan20370CE.NFO,07/01/2020,11:10:06,4.65,4.65,1400,4.75,1400,0,140000
GLENMARK30Jan20370CE.NFO,07/01/2020,11:10:11,4.65,4.65,1400,4.8,4200,0,140000
GLENMARK30Jan20370CE.NFO,07/01/2020,11:10:16,4.65,4.65,1400,4.75,1400,0,140000
GLENMARK30Jan20370CE.NFO,07/01/2020,11:10:28,4.65,4.65,1400,4.8,5600,0,140000
GLENMARK30Jan20370CE.NFO,07/01/2020,11:10:36,4.65,4.65,1400,4.75,1400,0,140000
GLENMARK30Jan20370CE.NFO,07/01/2020,11:10:40,4.65,4.65,4200,4.8,2800,0,140000
GLENMARK30Jan20370CE.NFO,07/01/2020,11:10:44,4.65,4.65,2800,4.8,5600,0,140000
GLENMARK30Jan20370CE.NFO,07/01/2020,11:10:55,4.65,4.65,2800,4.8,4200,0,140000
GLENMARK30Jan20370CE.NFO,07/01/2020,11:11:02,4.65,4.65,1400,4.8,7000,0,140000
GLENMARK30Jan20370CE.NFO,07/01/2020,11:11:08,4.65,4.6,4200,4.75,1400,0,140000
GLENMARK30Jan20370CE.NFO,07/01/2020,11:11:14,4.65,4.6,4200,4.8,5600,0,140000
GLENMARK30Jan20370CE.NFO,07/01/2020,11:11:21,4.65,4.6,2800,4.75,4200,0,140000
GLENMARK30Jan20370CE.NFO,07/01/2020,11:11:28,4.65,4.6,2800,4.75,1400,0,140000
GLENMARK30Jan20370CE.NFO,07/01/2020,11:11:47,4.65,4.6,4200,4.75,1400,0,140000
GLENMARK30Jan20370CE.NFO,07/01/2020,11:12:06,4.65,4.6,4200,4.75,4200,0,140000
GLENMARK30Jan20370CE.NFO,07/01/2020,11:12:14,4.65,4.6,2800,4.75,4200,0,140000
GLENMARK30Jan20370CE.NFO,07/01/2020,11:12:20,4.65,4.6,4200,4.75,4200,0,140000
GLENMARK30Jan20370CE.NFO,07/01/2020,11:12:54,4.65,4.6,2800,4.65,1400,0,140000
GLENMARK30Jan20370CE.NFO,07/01/2020,11:12:59,4.65,4.6,1400,4.65,1400,0,140000
GLENMARK30Jan20370CE.NFO,07/01/2020,11:13:34,4.65,4.65,2800,4.75,1400,1400,142800
GLENMARK30Jan20370CE.NFO,07/01/2020,11:13:40,4.65,4.65,1400,4.75,1400,0,142800
GLENMARK30Jan20370CE.NFO,07/01/2020,11:13:46,4.65,4.65,2800,4.8,4200,0,142800
GLENMARK30Jan20370CE.NFO,07/01/2020,11:13:52,4.65,4.65,4200,4.8,1400,0,142800
GLENMARK30Jan20370CE.NFO,07/01/2020,11:14:03,4.65,4.65,5600,4.85,5600,0,142800
GLENMARK30Jan20370CE.NFO,07/01/2020,11:14:31,4.65,4.7,2800,4.85,4200,0,142800
GLENMARK30Jan20370CE.NFO,07/01/2020,11:14:36,4.65,4.7,1400,4.85,4200,0,142800
GLENMARK30Jan20370CE.NFO,07/01/2020,11:14:50,4.65,4.65,2800,4.8,2800,0,142800
GLENMARK30Jan20370CE.NFO,07/01/2020,11:15:01,4.65,4.6,1400,4.75,2800,0,142800
GLENMARK30Jan20370CE.NFO,07/01/2020,11:15:08,4.65,4.6,1400,4.7,1400,0,142800
GLENMARK30Jan20370CE.NFO,07/01/2020,11:15:24,4.65,4.6,1400,4.75,5600,0,142800
GLENMARK30Jan20370CE.NFO,07/01/2020,11:15:30,4.65,4.6,2800,4.75,1400,0,142800
GLENMARK30Jan20370CE.NFO,07/01/2020,11:15:34,4.65,4.6,1400,4.7,1400,0,142800
GLENMARK30Jan20370CE.NFO,07/01/2020,11:15:43,4.65,4.6,1400,4.75,2800,0,142800
GLENMARK30Jan20370CE.NFO,07/01/2020,11:15:47,4.65,4.6,1400,4.75,4200,0,142800
GLENMARK30Jan20370CE.NFO,07/01/2020,11:16:17,4.65,4.6,4200,4.7,1400,0,142800
GLENMARK30Jan20370CE.NFO,07/01/2020,11:16:23,4.65,4.6,4200,4.75,2800,0,142800
GLENMARK30Jan20370CE.NFO,07/01/2020,11:17:00,4.65,4.6,4200,4.7,1400,0,142800
GLENMARK30Jan20370CE.NFO,07/01/2020,11:17:06,4.65,4.6,4200,4.75,1400,0,142800
GLENMARK30Jan20370CE.NFO,07/01/2020,11:17:40,4.65,4.65,2800,4.75,1400,0,142800
GLENMARK30Jan20370CE.NFO,07/01/2020,11:17:46,4.65,4.65,2800,4.8,5600,0,142800
GLENMARK30Jan20370CE.NFO,07/01/2020,11:17:56,4.65,4.65,2800,4.8,7000,0,142800
GLENMARK30Jan20370CE.NFO,07/01/2020,11:18:00,4.65,4.65,2800,4.8,4200,0,142800
GLENMARK30Jan20370CE.NFO,07/01/2020,11:18:06,4.65,4.65,2800,4.75,1400,0,142800
GLENMARK30Jan20370CE.NFO,07/01/2020,11:18:19,4.65,4.65,4200,4.75,1400,0,142800
GLENMARK30Jan20370CE.NFO,07/01/2020,11:18:24,4.65,4.65,4200,4.8,4200,0,142800
GLENMARK30Jan20370CE.NFO,07/01/2020,11:18:29,4.65,4.65,5600,4.8,4200,0,142800
GLENMARK30Jan20370CE.NFO,07/01/2020,11:18:39,4.65,4.65,5600,4.8,2800,0,142800
GLENMARK30Jan20370CE.NFO,07/01/2020,11:18:46,4.65,4.65,5600,4.8,1400,0,142800
GLENMARK30Jan20370CE.NFO,07/01/2020,11:18:52,4.65,4.7,2800,4.8,1400,0,142800
GLENMARK30Jan20370CE.NFO,07/01/2020,11:18:57,4.65,4.75,1400,4.9,5600,0,142800
GLENMARK30Jan20370CE.NFO,07/01/2020,11:19:14,4.65,4.8,1400,4.9,2800,0,142800
GLENMARK30Jan20370CE.NFO,07/01/2020,11:19:22,4.65,4.75,1400,4.85,1400,0,142800
GLENMARK30Jan20370CE.NFO,07/01/2020,11:19:30,4.65,4.7,5600,4.85,1400,0,142800
GLENMARK30Jan20370CE.NFO,07/01/2020,11:19:38,4.65,4.7,5600,4.85,2800,0,142800
GLENMARK30Jan20370CE.NFO,07/01/2020,11:20:09,4.65,4.75,4200,4.85,1400,0,142800
GLENMARK30Jan20370CE.NFO,07/01/2020,11:20:29,4.65,4.85,1400,4.95,2800,0,142800
GLENMARK30Jan20370CE.NFO,07/01/2020,11:20:34,4.65,4.85,2800,4.95,2800,0,142800
GLENMARK30Jan20370CE.NFO,07/01/2020,11:20:50,4.95,4.9,4200,5.05,4200,1400,141400
GLENMARK30Jan20370CE.NFO,07/01/2020,11:20:56,4.95,5.1,2800,5.2,1400,0,141400
GLENMARK30Jan20370CE.NFO,07/01/2020,11:21:01,4.95,5.1,4200,5.2,2800,0,141400
GLENMARK30Jan20370CE.NFO,07/01/2020,11:21:11,4.95,5.15,2800,5.25,2800,0,141400
GLENMARK30Jan20370CE.NFO,07/01/2020,11:21:15,4.95,5.1,2800,5.15,1400,0,141400
GLENMARK30Jan20370CE.NFO,07/01/2020,11:21:19,5.1,5.05,4200,5.15,1400,2800,141400
GLENMARK30Jan20370CE.NFO,07/01/2020,11:21:23,5.1,5.05,2800,5.15,4200,0,141400
GLENMARK30Jan20370CE.NFO,07/01/2020,11:21:27,5.1,5.05,4200,5.15,5600,0,141400
GLENMARK30Jan20370CE.NFO,07/01/2020,11:21:33,5.1,5.05,2800,5.15,4200,0,141400
GLENMARK30Jan20370CE.NFO,07/01/2020,11:21:39,5.1,5.05,4200,5.15,1400,0,141400
GLENMARK30Jan20370CE.NFO,07/01/2020,11:21:52,5.1,5.05,1400,5.15,2800,0,141400
GLENMARK30Jan20370CE.NFO,07/01/2020,11:22:00,5.1,5.05,4200,5.15,1400,0,141400
GLENMARK30Jan20370CE.NFO,07/01/2020,11:22:04,5.1,5.05,1400,5.1,1400,0,141400
GLENMARK30Jan20370CE.NFO,07/01/2020,11:22:08,5.1,5.05,4200,5.15,1400,0,141400
GLENMARK30Jan20370CE.NFO,07/01/2020,11:22:16,5.1,5.15,2800,5.2,1400,0,141400
GLENMARK30Jan20370CE.NFO,07/01/2020,11:22:21,5.1,5.15,4200,5.2,1400,0,141400
GLENMARK30Jan20370CE.NFO,07/01/2020,11:22:24,5.1,5.15,2800,5.2,1400,0,141400
GLENMARK30Jan20370CE.NFO,07/01/2020,11:22:29,5.1,5.15,1400,5.2,1400,0,141400
GLENMARK30Jan20370CE.NFO,07/01/2020,11:22:33,5.1,5.1,4200,5.2,1400,0,141400
GLENMARK30Jan20370CE.NFO,07/01/2020,11:23:43,5.1,5.05,4200,5.2,4200,0,141400
GLENMARK30Jan20370CE.NFO,07/01/2020,11:23:57,5.1,5.1,2800,5.2,1400,0,141400
GLENMARK30Jan20370CE.NFO,07/01/2020,11:24:02,5.1,5.1,1400,5.2,1400,0,141400
GLENMARK30Jan20370CE.NFO,07/01/2020,11:24:14,5.1,5.05,4200,5.15,1400,0,141400
GLENMARK30Jan20370CE.NFO,07/01/2020,11:24:19,5.1,5.05,4200,5.2,1400,0,141400
GLENMARK30Jan20370CE.NFO,07/01/2020,11:24:24,5.1,5.1,1400,5.2,2800,0,141400
GLENMARK30Jan20370CE.NFO,07/01/2020,11:24:28,5.1,5.1,1400,5.2,4200,0,141400
GLENMARK30Jan20370CE.NFO,07/01/2020,11:24:37,5.1,5.1,1400,5.2,2800,0,141400
GLENMARK30Jan20370CE.NFO,07/01/2020,11:24:46,5.1,5.1,1400,5.2,4200,0,141400
GLENMARK30Jan20370CE.NFO,07/01/2020,11:24:50,5.1,5.05,4200,5.2,1400,0,141400
GLENMARK30Jan20370CE.NFO,07/01/2020,11:25:09,5.1,5.05,1400,5.2,5600,0,141400
GLENMARK30Jan20370CE.NFO,07/01/2020,11:25:13,5.1,5.05,1400,5.2,2800,0,141400
GLENMARK30Jan20370CE.NFO,07/01/2020,11:25:21,5.1,5.05,1400,5.2,5600,0,141400
GLENMARK30Jan20370CE.NFO,07/01/2020,11:25:45,5.1,5.05,4200,5.2,1400,0,141400
GLENMARK30Jan20370CE.NFO,07/01/2020,11:25:49,5.1,5.05,4200,5.15,1400,0,141400
GLENMARK30Jan20370CE.NFO,07/01/2020,11:25:53,5.1,5.05,1400,5.15,1400,0,141400
GLENMARK30Jan20370CE.NFO,07/01/2020,11:26:25,5.1,5.05,4200,5.2,4200,0,141400
GLENMARK30Jan20370CE.NFO,07/01/2020,11:26:29,5.1,5.05,4200,5.15,1400,0,141400
GLENMARK30Jan20370CE.NFO,07/01/2020,11:26:34,5.1,5.05,4200,5.2,2800,0,141400
GLENMARK30Jan20370CE.NFO,07/01/2020,11:26:48,5.1,5,5600,5.15,1400,0,141400
GLENMARK30Jan20370CE.NFO,07/01/2020,11:27:10,5.1,5.05,1400,5.15,1400,0,141400
GLENMARK30Jan20370CE.NFO,07/01/2020,11:27:14,5.1,5.05,2800,5.15,1400,0,141400
GLENMARK30Jan20370CE.NFO,07/01/2020,11:27:23,5.1,5.05,1400,5.2,4200,0,141400
GLENMARK30Jan20370CE.NFO,07/01/2020,11:27:27,5.1,5.05,1400,5.15,1400,0,141400
GLENMARK30Jan20370CE.NFO,07/01/2020,11:27:46,5.1,5.05,1400,5.2,5600,0,141400
GLENMARK30Jan20370CE.NFO,07/01/2020,11:27:48,5.1,5.05,1400,5.15,1400,0,141400
GLENMARK30Jan20370CE.NFO,07/01/2020,11:28:04,5.1,5.05,1400,5.2,4200,0,141400
GLENMARK30Jan20370CE.NFO,07/01/2020,11:28:08,5.1,5.05,1400,5.15,1400,0,141400
GLENMARK30Jan20370CE.NFO,07/01/2020,11:28:13,5.1,5.05,2800,5.2,2800,0,141400
GLENMARK30Jan20370CE.NFO,07/01/2020,11:28:20,5.1,5.05,1400,5.15,1400,0,141400
GLENMARK30Jan20370CE.NFO,07/01/2020,11:28:35,5,4.95,1400,5.05,1400,1400,141400
GLENMARK30Jan20370CE.NFO,07/01/2020,11:28:38,5,4.95,1400,5.1,2800,0,141400
GLENMARK30Jan20370CE.NFO,07/01/2020,11:28:43,5,4.95,2800,5.1,4200,0,141400
GLENMARK30Jan20370CE.NFO,07/01/2020,11:28:59,5,4.95,2800,5.1,2800,0,141400
GLENMARK30Jan20370CE.NFO,07/01/2020,11:29:26,5,4.95,1400,5.05,1400,0,141400
GLENMARK30Jan20370CE.NFO,07/01/2020,11:29:29,5,4.95,1400,5.1,4200,0,141400
GLENMARK30Jan20370CE.NFO,07/01/2020,11:29:33,5,4.95,1400,5.05,1400,0,141400
GLENMARK30Jan20370CE.NFO,07/01/2020,11:30:10,5,4.95,4200,5.1,4200,0,141400
GLENMARK30Jan20370CE.NFO,07/01/2020,11:30:23,5,4.95,4200,5.1,1400,0,141400
GLENMARK30Jan20370CE.NFO,07/01/2020,11:31:03,5,5,1400,5.1,1400,0,141400
GLENMARK30Jan20370CE.NFO,07/01/2020,11:31:14,5,5,4200,5.1,1400,0,141400
GLENMARK30Jan20370CE.NFO,07/01/2020,11:31:23,5,5,1400,5.1,1400,0,141400
GLENMARK30Jan20370CE.NFO,07/01/2020,11:31:30,5,4.95,5600,5.1,2800,0,141400
GLENMARK30Jan20370CE.NFO,07/01/2020,11:31:54,5,4.95,4200,5.05,1400,0,141400
GLENMARK30Jan20370CE.NFO,07/01/2020,11:31:59,5,4.95,4200,5.1,1400,0,141400
GLENMARK30Jan20370CE.NFO,07/01/2020,11:32:10,5,4.95,4200,5.05,1400,0,141400
GLENMARK30Jan20370CE.NFO,07/01/2020,11:32:53,5,4.95,4200,5.1,1400,0,141400
GLENMARK30Jan20370CE.NFO,07/01/2020,11:32:56,5,4.95,4200,5.05,1400,0,141400
GLENMARK30Jan20370CE.NFO,07/01/2020,11:33:00,5,4.9,5600,5.05,4200,0,141400
GLENMARK30Jan20370CE.NFO,07/01/2020,11:33:14,5,4.95,7000,5.1,1400,0,141400
GLENMARK30Jan20370CE.NFO,07/01/2020,11:33:28,5,4.95,7000,5.15,4200,0,141400
GLENMARK30Jan20370CE.NFO,07/01/2020,11:33:41,5,4.95,7000,5.15,2800,0,141400
GLENMARK30Jan20370CE.NFO,07/01/2020,11:33:45,5,4.95,7000,5.15,4200,0,141400
GLENMARK30Jan20370CE.NFO,07/01/2020,11:33:57,5,5,1400,5.15,2800,0,141400
GLENMARK30Jan20370CE.NFO,07/01/2020,11:34:03,5,5,2800,5.15,2800,0,141400
GLENMARK30Jan20370CE.NFO,07/01/2020,11:34:08,5,5,5600,5.15,1400,0,141400
GLENMARK30Jan20370CE.NFO,07/01/2020,11:34:15,5,4.95,5600,5.15,4200,0,141400
GLENMARK30Jan20370CE.NFO,07/01/2020,11:34:27,5,5,4200,5.15,4200,0,141400
GLENMARK30Jan20370CE.NFO,07/01/2020,11:34:34,5,5,1400,5.15,4200,0,141400
GLENMARK30Jan20370CE.NFO,07/01/2020,11:34:40,5,5,4200,5.15,4200,0,141400
GLENMARK30Jan20370CE.NFO,07/01/2020,11:34:45,5,5,2800,5.15,4200,0,141400
GLENMARK30Jan20370CE.NFO,07/01/2020,11:34:51,5,5,4200,5.15,4200,0,141400
GLENMARK30Jan20370CE.NFO,07/01/2020,11:34:56,5,5,2800,5.15,4200,0,141400
GLENMARK30Jan20370CE.NFO,07/01/2020,11:35:01,5,4.9,5600,5.1,4200,0,141400
GLENMARK30Jan20370CE.NFO,07/01/2020,11:35:29,5,4.95,1400,5.1,2800,0,141400
GLENMARK30Jan20370CE.NFO,07/01/2020,11:35:59,5,4.95,2800,5.1,2800,0,141400
GLENMARK30Jan20370CE.NFO,07/01/2020,11:36:04,5,4.95,4200,5.1,2800,0,141400
GLENMARK30Jan20370CE.NFO,07/01/2020,11:36:31,5,4.95,2800,5.1,2800,0,141400
GLENMARK30Jan20370CE.NFO,07/01/2020,11:36:36,5,4.95,4200,5.1,2800,0,141400
GLENMARK30Jan20370CE.NFO,07/01/2020,11:36:58,5,4.9,5600,5.05,2800,0,141400
GLENMARK30Jan20370CE.NFO,07/01/2020,11:37:04,5,4.95,1400,5.05,2800,0,141400
GLENMARK30Jan20370CE.NFO,07/01/2020,11:37:12,5,4.95,2800,5.05,2800,0,141400
GLENMARK30Jan20370CE.NFO,07/01/2020,11:37:20,5,4.95,2800,5.05,1400,0,141400
GLENMARK30Jan20370CE.NFO,07/01/2020,11:37:25,5,4.95,2800,5.1,5600,0,141400
GLENMARK30Jan20370CE.NFO,07/01/2020,11:37:35,5,4.95,1400,5.05,2800,0,141400
GLENMARK30Jan20370CE.NFO,07/01/2020,11:37:40,5,4.95,4200,5.05,1400,0,141400
GLENMARK30Jan20370CE.NFO,07/01/2020,11:37:54,5,4.95,1400,5.05,2800,0,141400
GLENMARK30Jan20370CE.NFO,07/01/2020,11:37:59,5,4.95,4200,5.05,2800,0,141400
GLENMARK30Jan20370CE.NFO,07/01/2020,11:38:14,5,4.95,4200,5.05,1400,0,141400
GLENMARK30Jan20370CE.NFO,07/01/2020,11:38:47,5,4.95,4200,5.05,2800,0,141400
GLENMARK30Jan20370CE.NFO,07/01/2020,11:38:59,5,4.95,4200,5.05,1400,0,141400
GLENMARK30Jan20370CE.NFO,07/01/2020,11:39:31,5,4.9,4200,5.05,4200,0,141400
GLENMARK30Jan20370CE.NFO,07/01/2020,11:39:39,5,4.9,4200,5.05,5600,0,141400
GLENMARK30Jan20370CE.NFO,07/01/2020,11:39:47,5,4.9,4200,5.05,4200,0,141400
GLENMARK30Jan20370CE.NFO,07/01/2020,11:39:54,5,4.9,1400,5,2800,0,141400
GLENMARK30Jan20370CE.NFO,07/01/2020,11:40:00,5,4.9,4200,5,1400,0,141400
GLENMARK30Jan20370CE.NFO,07/01/2020,11:40:14,5,4.9,4200,5,2800,0,141400
GLENMARK30Jan20370CE.NFO,07/01/2020,11:40:41,5,4.9,2800,5,2800,0,141400
GLENMARK30Jan20370CE.NFO,07/01/2020,11:42:27,5,4.95,2800,5,1400,0,141400
GLENMARK30Jan20370CE.NFO,07/01/2020,11:42:44,5,4.95,4200,5.05,1400,0,141400
GLENMARK30Jan20370CE.NFO,07/01/2020,11:42:48,5,5,4200,5.05,1400,0,141400
GLENMARK30Jan20370CE.NFO,07/01/2020,11:42:53,5,5,1400,5.05,1400,0,141400
GLENMARK30Jan20370CE.NFO,07/01/2020,11:42:58,5,5,2800,5.1,1400,0,141400
GLENMARK30Jan20370CE.NFO,07/01/2020,11:43:03,5,5,4200,5.15,5600,0,141400
GLENMARK30Jan20370CE.NFO,07/01/2020,11:43:06,5,5,4200,5.1,1400,0,141400
GLENMARK30Jan20370CE.NFO,07/01/2020,11:43:09,5,5,4200,5.15,4200,0,141400
GLENMARK30Jan20370CE.NFO,07/01/2020,11:43:16,5,5,4200,5.15,5600,0,141400
GLENMARK30Jan20370CE.NFO,07/01/2020,11:43:31,5,4.95,4200,5.05,1400,0,141400
GLENMARK30Jan20370CE.NFO,07/01/2020,11:43:40,5,4.95,2800,5.05,1400,0,141400
GLENMARK30Jan20370CE.NFO,07/01/2020,11:43:44,5,4.95,4200,5.05,1400,0,141400
GLENMARK30Jan20370CE.NFO,07/01/2020,11:43:47,5,5,4200,5.05,1400,0,141400
GLENMARK30Jan20370CE.NFO,07/01/2020,11:43:50,5,5,4200,5.1,1400,0,141400
GLENMARK30Jan20370CE.NFO,07/01/2020,11:44:00,5,5,4200,5.1,2800,0,141400
GLENMARK30Jan20370CE.NFO,07/01/2020,11:44:16,5,5,1400,5.1,2800,0,141400
GLENMARK30Jan20370CE.NFO,07/01/2020,11:44:50,5,4.95,4200,5.05,1400,0,141400
GLENMARK30Jan20370CE.NFO,07/01/2020,11:44:53,5,5,1400,5.05,1400,0,141400
GLENMARK30Jan20370CE.NFO,07/01/2020,11:45:23,5,4.95,4200,5.05,1400,0,141400
GLENMARK30Jan20370CE.NFO,07/01/2020,11:45:37,5,4.95,4200,5.05,2800,0,141400
GLENMARK30Jan20370CE.NFO,07/01/2020,11:45:40,5,4.95,4200,5.05,1400,0,141400
GLENMARK30Jan20370CE.NFO,07/01/2020,11:46:14,5,5.05,4200,5.15,1400,0,141400
GLENMARK30Jan20370CE.NFO,07/01/2020,11:46:17,5,5.05,5600,5.15,1400,0,141400
GLENMARK30Jan20370CE.NFO,07/01/2020,11:46:26,5,5.05,4200,5.15,1400,0,141400
GLENMARK30Jan20370CE.NFO,07/01/2020,11:46:31,5,5.1,1400,5.15,1400,0,141400
GLENMARK30Jan20370CE.NFO,07/01/2020,11:46:33,5,5.05,4200,5.15,1400,0,141400
GLENMARK30Jan20370CE.NFO,07/01/2020,11:46:39,5,5.05,4200,5.15,2800,0,141400
GLENMARK30Jan20370CE.NFO,07/01/2020,11:46:42,5,5.05,4200,5.15,1400,0,141400
GLENMARK30Jan20370CE.NFO,07/01/2020,11:47:04,5,5.05,4200,5.2,2800,0,141400
GLENMARK30Jan20370CE.NFO,07/01/2020,11:47:10,5,5.05,4200,5.15,1400,0,141400
GLENMARK30Jan20370CE.NFO,07/01/2020,11:47:27,5,5.05,2800,5.15,1400,0,141400
GLENMARK30Jan20370CE.NFO,07/01/2020,11:47:30,5,5,5600,5.15,2800,0,141400
GLENMARK30Jan20370CE.NFO,07/01/2020,11:47:35,5,5,1400,5.1,1400,0,141400
GLENMARK30Jan20370CE.NFO,07/01/2020,11:48:03,5,5,1400,5.1,4200,0,141400
GLENMARK30Jan20370CE.NFO,07/01/2020,11:48:13,5,5,1400,5.1,2800,0,141400
GLENMARK30Jan20370CE.NFO,07/01/2020,11:48:17,5,4.95,4200,5.05,1400,0,141400
GLENMARK30Jan20370CE.NFO,07/01/2020,11:51:04,5,4.95,4200,5.05,2800,0,141400
GLENMARK30Jan20370CE.NFO,07/01/2020,11:51:09,5,4.95,4200,5.05,1400,0,141400
GLENMARK30Jan20370CE.NFO,07/01/2020,11:51:19,5,5,4200,5.05,1400,0,141400
GLENMARK30Jan20370CE.NFO,07/01/2020,11:51:30,5,5,2800,5.05,1400,0,141400
GLENMARK30Jan20370CE.NFO,07/01/2020,11:51:35,5,5,4200,5.05,1400,0,141400
GLENMARK30Jan20370CE.NFO,07/01/2020,11:51:42,5,5.05,2800,5.15,2800,0,141400
GLENMARK30Jan20370CE.NFO,07/01/2020,11:51:49,5,5.05,1400,5.15,2800,0,141400
GLENMARK30Jan20370CE.NFO,07/01/2020,11:51:59,5,5.05,2800,5.15,2800,0,141400
GLENMARK30Jan20370CE.NFO,07/01/2020,11:52:11,5,5.05,1400,5.15,2800,0,141400
GLENMARK30Jan20370CE.NFO,07/01/2020,11:52:16,5,5,4200,5.1,1400,0,141400
GLENMARK30Jan20370CE.NFO,07/01/2020,11:52:18,5,5,2800,5.1,1400,0,141400
GLENMARK30Jan20370CE.NFO,07/01/2020,11:52:25,5,5,4200,5.1,1400,0,141400
GLENMARK30Jan20370CE.NFO,07/01/2020,11:52:28,5,5.05,1400,5.1,1400,0,141400
GLENMARK30Jan20370CE.NFO,07/01/2020,11:52:48,5,5,4200,5.1,2800,0,141400
GLENMARK30Jan20370CE.NFO,07/01/2020,11:53:06,5,5,2800,5.1,1400,0,141400
GLENMARK30Jan20370CE.NFO,07/01/2020,11:53:13,5,5,2800,5.1,2800,0,141400
GLENMARK30Jan20370CE.NFO,07/01/2020,11:53:15,5,5,2800,5.1,1400,0,141400
GLENMARK30Jan20370CE.NFO,07/01/2020,11:53:18,5,5,4200,5.1,1400,0,141400
GLENMARK30Jan20370CE.NFO,07/01/2020,11:53:22,5,5,2800,5.1,1400,0,141400
GLENMARK30Jan20370CE.NFO,07/01/2020,11:53:26,5,5,4200,5.1,1400,0,141400
GLENMARK30Jan20370CE.NFO,07/01/2020,11:54:41,5,5,2800,5.1,1400,0,141400
GLENMARK30Jan20370CE.NFO,07/01/2020,11:54:55,5,5,4200,5.1,1400,0,141400
GLENMARK30Jan20370CE.NFO,07/01/2020,11:56:11,5,5,2800,5.1,1400,0,141400
GLENMARK30Jan20370CE.NFO,07/01/2020,11:56:13,5,5,4200,5.1,1400,0,141400
GLENMARK30Jan20370CE.NFO,07/01/2020,11:57:39,5,5,1400,5.05,1400,0,141400
GLENMARK30Jan20370CE.NFO,07/01/2020,11:59:46,5,5,1400,5.05,2800,0,141400
GLENMARK30Jan20370CE.NFO,07/01/2020,11:59:50,5,5,1400,5.05,1400,0,141400
GLENMARK30Jan20370CE.NFO,07/01/2020,12:00:57,5,5.05,5600,5.15,1400,0,141400
GLENMARK30Jan20370CE.NFO,07/01/2020,12:01:01,5,5,2800,5.1,1400,0,141400
GLENMARK30Jan20370CE.NFO,07/01/2020,12:01:04,5,5.05,2800,5.15,4200,0,141400
GLENMARK30Jan20370CE.NFO,07/01/2020,12:01:12,5,5.05,4200,5.15,4200,0,141400
GLENMARK30Jan20370CE.NFO,07/01/2020,12:01:15,5,5.05,4200,5.15,1400,0,141400
GLENMARK30Jan20370CE.NFO,07/01/2020,12:02:11,5,5.1,2800,5.15,1400,0,141400
GLENMARK30Jan20370CE.NFO,07/01/2020,12:02:13,5,5.1,1400,5.15,1400,0,141400
GLENMARK30Jan20370CE.NFO,07/01/2020,12:02:36,5,5.1,2800,5.15,1400,0,141400
GLENMARK30Jan20370CE.NFO,07/01/2020,12:02:42,5,5.1,1400,5.15,1400,0,141400
GLENMARK30Jan20370CE.NFO,07/01/2020,12:02:53,5.1,5,4200,5.1,1400,1400,141400
GLENMARK30Jan20370CE.NFO,07/01/2020,12:02:57,5.1,5,4200,5.1,1400,0,141400
GLENMARK30Jan20370CE.NFO,07/01/2020,12:03:04,5.1,5,2800,5.1,1400,0,141400
GLENMARK30Jan20370CE.NFO,07/01/2020,12:03:13,5.1,5,4200,5.1,1400,0,141400
GLENMARK30Jan20370CE.NFO,07/01/2020,12:04:30,5.1,5.05,1400,5.1,1400,0,141400
GLENMARK30Jan20370CE.NFO,07/01/2020,12:04:42,5.1,5.05,2800,5.1,1400,0,141400
GLENMARK30Jan20370CE.NFO,07/01/2020,12:04:50,5.1,5.05,1400,5.1,1400,0,141400
GLENMARK30Jan20370CE.NFO,07/01/2020,12:05:22,5.1,5.05,2800,5.1,1400,0,141400
GLENMARK30Jan20370CE.NFO,07/01/2020,12:06:01,5.1,5.05,1400,5.1,1400,0,141400
GLENMARK30Jan20370CE.NFO,07/01/2020,12:06:06,5.1,5.05,2800,5.1,1400,0,141400
GLENMARK30Jan20370CE.NFO,07/01/2020,12:06:23,5.1,5.05,5600,5.1,1400,0,141400
GLENMARK30Jan20370CE.NFO,07/01/2020,12:06:25,5.1,5.05,2800,5.1,1400,0,141400
GLENMARK30Jan20370CE.NFO,07/01/2020,12:07:59,5.1,5.05,5600,5.15,1400,0,141400
GLENMARK30Jan20370CE.NFO,07/01/2020,12:08:04,5.1,5.1,4200,5.2,1400,0,141400
GLENMARK30Jan20370CE.NFO,07/01/2020,12:08:12,5.1,5.1,2800,5.2,1400,0,141400
GLENMARK30Jan20370CE.NFO,07/01/2020,12:08:18,5.1,5.1,2800,5.2,1400,1400,142800
GLENMARK30Jan20370CE.NFO,07/01/2020,12:08:25,5.1,5.15,1400,5.25,5600,0,142800
GLENMARK30Jan20370CE.NFO,07/01/2020,12:08:40,5.1,5.05,2800,5.15,1400,2800,142800
GLENMARK30Jan20370CE.NFO,07/01/2020,12:08:43,5.1,5.05,2800,5.15,1400,0,142800
GLENMARK30Jan20370CE.NFO,07/01/2020,12:08:46,5.1,5.05,4200,5.15,1400,0,142800
GLENMARK30Jan20370CE.NFO,07/01/2020,12:08:50,5.1,5.05,1400,5.15,1400,0,142800
GLENMARK30Jan20370CE.NFO,07/01/2020,12:08:54,5.05,4.95,1400,5.1,4200,1400,142800
GLENMARK30Jan20370CE.NFO,07/01/2020,12:08:58,5.05,5,1400,5.1,2800,0,142800
GLENMARK30Jan20370CE.NFO,07/01/2020,12:09:13,5.05,4.95,2800,5.1,4200,0,142800
GLENMARK30Jan20370CE.NFO,07/01/2020,12:09:19,5.05,5,1400,5.1,4200,0,142800
GLENMARK30Jan20370CE.NFO,07/01/2020,12:09:22,5.05,4.95,4200,5.1,5600,0,142800
GLENMARK30Jan20370CE.NFO,07/01/2020,12:09:25,5.05,5,1400,5.1,5600,0,142800
GLENMARK30Jan20370CE.NFO,07/01/2020,12:09:28,5.05,5,1400,5.1,4200,0,142800
GLENMARK30Jan20370CE.NFO,07/01/2020,12:09:31,5.05,5,1400,5.05,2800,0,142800
GLENMARK30Jan20370CE.NFO,07/01/2020,12:09:34,5.05,5,1400,5.1,5600,0,142800
GLENMARK30Jan20370CE.NFO,07/01/2020,12:09:41,5.05,5,1400,5.1,4200,0,142800
GLENMARK30Jan20370CE.NFO,07/01/2020,12:09:47,5.05,5,2800,5.1,4200,0,142800
GLENMARK30Jan20370CE.NFO,07/01/2020,12:09:50,5.05,5,4200,5.1,1400,0,142800
GLENMARK30Jan20370CE.NFO,07/01/2020,12:09:55,5.05,5,5600,5.1,1400,0,142800
GLENMARK30Jan20370CE.NFO,07/01/2020,12:09:58,5.05,5,4200,5.15,5600,0,142800
GLENMARK30Jan20370CE.NFO,07/01/2020,12:10:02,5.05,5,4200,5.15,4200,0,142800
GLENMARK30Jan20370CE.NFO,07/01/2020,12:10:04,5.05,5.05,1400,5.15,4200,0,142800
GLENMARK30Jan20370CE.NFO,07/01/2020,12:10:08,5.05,5.05,1400,5.15,5600,0,142800
GLENMARK30Jan20370CE.NFO,07/01/2020,12:10:10,5.05,5.05,1400,5.1,1400,0,142800
GLENMARK30Jan20370CE.NFO,07/01/2020,12:10:26,5.05,5.05,1400,5.1,2800,0,142800
GLENMARK30Jan20370CE.NFO,07/01/2020,12:10:33,5.05,5.05,1400,5.1,1400,0,142800
GLENMARK30Jan20370CE.NFO,07/01/2020,12:10:43,5.05,5.05,2800,5.1,1400,0,142800
GLENMARK30Jan20370CE.NFO,07/01/2020,12:10:45,5.05,5.05,1400,5.1,1400,0,142800
GLENMARK30Jan20370CE.NFO,07/01/2020,12:11:12,5.1,5.1,1400,5.2,2800,1400,142800
GLENMARK30Jan20370CE.NFO,07/01/2020,12:11:17,5.1,5.05,4200,5.2,4200,0,142800
GLENMARK30Jan20370CE.NFO,07/01/2020,12:11:20,5.1,5.05,5600,5.2,5600,0,142800
GLENMARK30Jan20370CE.NFO,07/01/2020,12:11:24,5.1,5.05,2800,5.2,2800,0,142800
GLENMARK30Jan20370CE.NFO,07/01/2020,12:11:27,5.1,5.05,4200,5.15,1400,0,142800
GLENMARK30Jan20370CE.NFO,07/01/2020,12:11:34,5.1,5.05,5600,5.2,4200,0,142800
GLENMARK30Jan20370CE.NFO,07/01/2020,12:11:39,5.1,5.05,4200,5.2,4200,0,142800
GLENMARK30Jan20370CE.NFO,07/01/2020,12:11:52,5.1,5.1,1400,5.2,4200,0,142800
GLENMARK30Jan20370CE.NFO,07/01/2020,12:12:22,5.1,5.1,2800,5.2,4200,0,142800
GLENMARK30Jan20370CE.NFO,07/01/2020,12:12:27,5.1,5.1,1400,5.2,4200,0,142800
GLENMARK30Jan20370CE.NFO,07/01/2020,12:13:20,5.1,5.1,1400,5.2,5600,0,142800
GLENMARK30Jan20370CE.NFO,07/01/2020,12:13:30,5.1,5.1,1400,5.2,2800,0,142800
GLENMARK30Jan20370CE.NFO,07/01/2020,12:13:45,5.1,5.1,2800,5.2,2800,0,142800
GLENMARK30Jan20370CE.NFO,07/01/2020,12:13:57,5.1,5,2800,5.15,5600,1400,144200
GLENMARK30Jan20370CE.NFO,07/01/2020,12:14:02,5.1,5,4200,5.15,4200,0,144200
GLENMARK30Jan20370CE.NFO,07/01/2020,12:14:07,5.1,5,4200,5.15,2800,0,144200
GLENMARK30Jan20370CE.NFO,07/01/2020,12:14:16,5.1,5,4200,5.1,1400,0,144200
GLENMARK30Jan20370CE.NFO,07/01/2020,12:14:21,5.1,5,2800,5.1,1400,0,144200
GLENMARK30Jan20370CE.NFO,07/01/2020,12:14:24,5.1,5,1400,5.1,1400,0,144200
GLENMARK30Jan20370CE.NFO,07/01/2020,12:14:41,5.1,5,2800,5.1,1400,0,144200
GLENMARK30Jan20370CE.NFO,07/01/2020,12:14:46,5.1,5,1400,5.1,1400,0,144200
GLENMARK30Jan20370CE.NFO,07/01/2020,12:14:49,5.1,5,4200,5.15,4200,0,144200
GLENMARK30Jan20370CE.NFO,07/01/2020,12:15:01,5.1,5,2800,5.1,2800,0,144200
GLENMARK30Jan20370CE.NFO,07/01/2020,12:15:04,5.1,5.05,1400,5.15,2800,0,144200
GLENMARK30Jan20370CE.NFO,07/01/2020,12:15:08,5.1,5,1400,5.15,2800,0,144200
GLENMARK30Jan20370CE.NFO,07/01/2020,12:15:11,5.1,5,1400,5.15,1400,0,144200
GLENMARK30Jan20370CE.NFO,07/01/2020,12:15:15,5.1,5,1400,5.15,2800,0,144200
GLENMARK30Jan20370CE.NFO,07/01/2020,12:15:18,5.1,5,4200,5.15,1400,0,144200
GLENMARK30Jan20370CE.NFO,07/01/2020,12:15:23,5.1,5,2800,5.15,1400,0,144200
GLENMARK30Jan20370CE.NFO,07/01/2020,12:15:29,5.1,5,1400,5.15,1400,0,144200
GLENMARK30Jan20370CE.NFO,07/01/2020,12:15:32,5.1,5,1400,5.15,4200,0,144200
GLENMARK30Jan20370CE.NFO,07/01/2020,12:15:37,5.1,5,1400,5.15,2800,0,144200
GLENMARK30Jan20370CE.NFO,07/01/2020,12:15:40,5.1,5.05,1400,5.15,2800,0,144200
GLENMARK30Jan20370CE.NFO,07/01/2020,12:15:44,5.1,5,1400,5.15,1400,0,144200
GLENMARK30Jan20370CE.NFO,07/01/2020,12:15:47,5.1,5,2800,5.15,1400,0,144200
GLENMARK30Jan20370CE.NFO,07/01/2020,12:15:53,5.1,5.05,1400,5.15,2800,0,144200
GLENMARK30Jan20370CE.NFO,07/01/2020,12:16:01,5.1,5.05,1400,5.15,1400,0,144200
GLENMARK30Jan20370CE.NFO,07/01/2020,12:16:16,5.1,5,1400,5.15,4200,0,144200
GLENMARK30Jan20370CE.NFO,07/01/2020,12:16:19,5.1,5,1400,5.15,2800,0,144200
GLENMARK30Jan20370CE.NFO,07/01/2020,12:16:21,5.1,5,1400,5.1,2800,0,144200
GLENMARK30Jan20370CE.NFO,07/01/2020,12:16:30,5.1,4.95,2800,5.1,2800,0,144200
GLENMARK30Jan20370CE.NFO,07/01/2020,12:16:34,5.1,5,1400,5.1,2800,0,144200
GLENMARK30Jan20370CE.NFO,07/01/2020,12:16:39,5.1,5,1400,5.1,1400,0,144200
GLENMARK30Jan20370CE.NFO,07/01/2020,12:17:00,5.1,5,1400,5.1,2800,0,144200
GLENMARK30Jan20370CE.NFO,07/01/2020,12:17:07,5.1,4.95,2800,5.1,2800,0,144200
GLENMARK30Jan20370CE.NFO,07/01/2020,12:17:28,5.1,5,1400,5.1,2800,0,144200
GLENMARK30Jan20370CE.NFO,07/01/2020,12:18:24,5.1,4.95,5600,5.1,1400,0,144200
GLENMARK30Jan20370CE.NFO,07/01/2020,12:19:01,5.1,5,1400,5.1,1400,0,144200
GLENMARK30Jan20370CE.NFO,07/01/2020,12:19:18,5.1,4.95,4200,5.1,1400,0,144200
GLENMARK30Jan20370CE.NFO,07/01/2020,12:19:21,5.1,4.95,5600,5.1,1400,0,144200
GLENMARK30Jan20370CE.NFO,07/01/2020,12:19:40,5.1,5.05,2800,5.2,4200,1400,142800
GLENMARK30Jan20370CE.NFO,07/01/2020,12:19:45,5.1,5.05,4200,5.2,1400,0,142800
GLENMARK30Jan20370CE.NFO,07/01/2020,12:19:57,5.1,5.05,1400,5.2,2800,0,142800
GLENMARK30Jan20370CE.NFO,07/01/2020,12:20:00,5.1,5.05,1400,5.2,5600,0,142800
GLENMARK30Jan20370CE.NFO,07/01/2020,12:20:03,5.1,5.05,1400,5.2,4200,0,142800
GLENMARK30Jan20370CE.NFO,07/01/2020,12:20:06,5.1,5.05,1400,5.15,1400,0,142800
GLENMARK30Jan20370CE.NFO,07/01/2020,12:20:13,5.1,5.05,1400,5.2,4200,0,142800
GLENMARK30Jan20370CE.NFO,07/01/2020,12:20:20,5.1,5.05,2800,5.2,4200,0,142800
GLENMARK30Jan20370CE.NFO,07/01/2020,12:20:30,5.1,5.05,1400,5.2,4200,0,142800
GLENMARK30Jan20370CE.NFO,07/01/2020,12:21:03,5.1,5.05,5600,5.2,1400,0,142800
GLENMARK30Jan20370CE.NFO,07/01/2020,12:21:10,5.1,5.05,7000,5.25,4200,0,142800
GLENMARK30Jan20370CE.NFO,07/01/2020,12:21:13,5.1,5.05,7000,5.2,1400,0,142800
GLENMARK30Jan20370CE.NFO,07/01/2020,12:21:19,5.1,5.05,5600,5.25,4200,0,142800
GLENMARK30Jan20370CE.NFO,07/01/2020,12:21:21,5.1,5.05,5600,5.2,1400,0,142800
GLENMARK30Jan20370CE.NFO,07/01/2020,12:21:30,5.1,5.05,4200,5.25,5600,0,142800
GLENMARK30Jan20370CE.NFO,07/01/2020,12:21:44,5.1,5.05,4200,5.2,1400,0,142800
GLENMARK30Jan20370CE.NFO,07/01/2020,12:22:01,5.1,5.05,4200,5.25,4200,0,142800
GLENMARK30Jan20370CE.NFO,07/01/2020,12:22:05,5.1,5.05,4200,5.2,2800,0,142800
GLENMARK30Jan20370CE.NFO,07/01/2020,12:22:15,5.1,5.05,5600,5.25,4200,0,142800
GLENMARK30Jan20370CE.NFO,07/01/2020,12:22:22,5.1,5.05,1400,5.2,2800,0,142800
GLENMARK30Jan20370CE.NFO,07/01/2020,12:22:34,5.1,5.05,1400,5.2,1400,0,142800
GLENMARK30Jan20370CE.NFO,07/01/2020,12:22:53,5.1,5.05,2800,5.2,1400,0,142800
GLENMARK30Jan20370CE.NFO,07/01/2020,12:22:59,5.1,5.05,1400,5.2,4200,0,142800
GLENMARK30Jan20370CE.NFO,07/01/2020,12:23:06,5.1,5.05,1400,5.15,1400,0,142800
GLENMARK30Jan20370CE.NFO,07/01/2020,12:23:09,5.1,5.05,2800,5.2,1400,0,142800
GLENMARK30Jan20370CE.NFO,07/01/2020,12:23:15,5.1,5.05,1400,5.2,1400,0,142800
GLENMARK30Jan20370CE.NFO,07/01/2020,12:23:27,5.1,5.05,2800,5.2,1400,0,142800
GLENMARK30Jan20370CE.NFO,07/01/2020,12:23:41,5.1,5.05,1400,5.2,1400,0,142800
GLENMARK30Jan20370CE.NFO,07/01/2020,12:23:55,5.1,5.05,1400,5.2,2800,0,142800
GLENMARK30Jan20370CE.NFO,07/01/2020,12:23:57,5.1,5.05,1400,5.2,4200,0,142800
GLENMARK30Jan20370CE.NFO,07/01/2020,12:24:36,5.1,5.05,2800,5.2,1400,0,142800
GLENMARK30Jan20370CE.NFO,07/01/2020,12:24:39,5.1,5.05,1400,5.2,4200,0,142800
GLENMARK30Jan20370CE.NFO,07/01/2020,12:25:45,5.1,5.05,7000,5.2,1400,0,142800
GLENMARK30Jan20370CE.NFO,07/01/2020,12:25:54,5.1,5.05,5600,5.2,1400,0,142800
GLENMARK30Jan20370CE.NFO,07/01/2020,12:26:00,5.1,5.05,4200,5.2,1400,0,142800
GLENMARK30Jan20370CE.NFO,07/01/2020,12:26:10,5.1,5.05,1400,5.2,1400,0,142800
GLENMARK30Jan20370CE.NFO,07/01/2020,12:26:14,5.1,4.95,1400,5.15,4200,0,142800
GLENMARK30Jan20370CE.NFO,07/01/2020,12:26:17,5.1,5,1400,5.1,1400,0,142800
GLENMARK30Jan20370CE.NFO,07/01/2020,12:26:20,5.1,5,1400,5.15,4200,0,142800
GLENMARK30Jan20370CE.NFO,07/01/2020,12:26:22,5.1,5.05,1400,5.15,2800,0,142800
GLENMARK30Jan20370CE.NFO,07/01/2020,12:26:33,5.1,5.05,1400,5.15,1400,0,142800
GLENMARK30Jan20370CE.NFO,07/01/2020,12:27:01,5.1,5.05,2800,5.2,5600,0,142800
GLENMARK30Jan20370CE.NFO,07/01/2020,12:27:05,5.1,5.05,2800,5.2,1400,0,142800
GLENMARK30Jan20370CE.NFO,07/01/2020,12:27:18,5.1,5.05,4200,5.2,1400,0,142800
GLENMARK30Jan20370CE.NFO,07/01/2020,12:27:26,5.1,5.05,7000,5.2,1400,0,142800
GLENMARK30Jan20370CE.NFO,07/01/2020,12:27:35,5.1,5.05,5600,5.2,1400,0,142800
GLENMARK30Jan20370CE.NFO,07/01/2020,12:27:37,5.1,5.05,7000,5.2,1400,0,142800
GLENMARK30Jan20370CE.NFO,07/01/2020,12:27:43,5.1,5.05,4200,5.2,1400,0,142800
GLENMARK30Jan20370CE.NFO,07/01/2020,12:27:51,5.1,5.05,7000,5.2,1400,0,142800
GLENMARK30Jan20370CE.NFO,07/01/2020,12:28:02,5.1,5.05,1400,5.2,2800,0,142800
GLENMARK30Jan20370CE.NFO,07/01/2020,12:28:05,5.1,5.05,1400,5.2,4200,0,142800
GLENMARK30Jan20370CE.NFO,07/01/2020,12:28:15,5.1,5.05,1400,5.2,2800,0,142800
GLENMARK30Jan20370CE.NFO,07/01/2020,12:28:23,5.1,5.05,1400,5.2,4200,0,142800
GLENMARK30Jan20370CE.NFO,07/01/2020,12:28:26,5.1,5.05,1400,5.2,2800,0,142800
GLENMARK30Jan20370CE.NFO,07/01/2020,12:28:41,5.1,5.05,4200,5.2,2800,0,142800
GLENMARK30Jan20370CE.NFO,07/01/2020,12:28:45,5.1,5,4200,5.15,1400,0,142800
GLENMARK30Jan20370CE.NFO,07/01/2020,12:28:48,5.1,5.05,1400,5.2,4200,0,142800
GLENMARK30Jan20370CE.NFO,07/01/2020,12:28:50,5.1,5.05,1400,5.2,2800,0,142800
GLENMARK30Jan20370CE.NFO,07/01/2020,12:29:10,5.1,5,1400,5.15,4200,0,142800
GLENMARK30Jan20370CE.NFO,07/01/2020,12:29:14,5.1,4.95,9800,5.15,2800,0,142800
GLENMARK30Jan20370CE.NFO,07/01/2020,12:29:23,5.1,5.05,2800,5.2,1400,0,142800
GLENMARK30Jan20370CE.NFO,07/01/2020,12:29:36,5.1,5.05,2800,5.15,1400,0,142800
GLENMARK30Jan20370CE.NFO,07/01/2020,12:29:39,5.1,5.05,2800,5.2,2800,0,142800
GLENMARK30Jan20370CE.NFO,07/01/2020,12:29:43,5.1,5.05,2800,5.2,4200,0,142800
GLENMARK30Jan20370CE.NFO,07/01/2020,12:30:00,5.05,4.9,2800,5.05,2800,1400,144200
GLENMARK30Jan20370CE.NFO,07/01/2020,12:30:04,5.05,4.9,1400,5.05,4200,0,144200
GLENMARK30Jan20370CE.NFO,07/01/2020,12:30:24,5.05,4.9,4200,5.05,2800,0,144200
GLENMARK30Jan20370CE.NFO,07/01/2020,12:30:29,5.05,5,2800,5.15,2800,0,144200
GLENMARK30Jan20370CE.NFO,07/01/2020,12:30:52,5.05,5.05,2800,5.2,4200,0,144200
GLENMARK30Jan20370CE.NFO,07/01/2020,12:31:04,5.05,5.05,5600,5.2,4200,0,144200
GLENMARK30Jan20370CE.NFO,07/01/2020,12:31:08,5.05,5.05,5600,5.2,1400,0,144200
GLENMARK30Jan20370CE.NFO,07/01/2020,12:31:17,5.05,5.1,2800,5.25,4200,0,144200
GLENMARK30Jan20370CE.NFO,07/01/2020,12:31:37,5.05,5.1,5600,5.25,4200,0,144200
GLENMARK30Jan20370CE.NFO,07/01/2020,12:31:40,5.05,5.1,4200,5.25,4200,0,144200
GLENMARK30Jan20370CE.NFO,07/01/2020,12:31:43,5.05,5.1,5600,5.25,4200,0,144200
GLENMARK30Jan20370CE.NFO,07/01/2020,12:31:49,5.05,5,5600,5.2,2800,0,144200
GLENMARK30Jan20370CE.NFO,07/01/2020,12:31:52,5.05,5,5600,5.15,1400,0,144200
GLENMARK30Jan20370CE.NFO,07/01/2020,12:31:57,5.05,5,5600,5.2,4200,0,144200
GLENMARK30Jan20370CE.NFO,07/01/2020,12:32:01,5.05,5,7000,5.2,4200,0,144200
GLENMARK30Jan20370CE.NFO,07/01/2020,12:32:05,5.05,5.05,7000,5.2,1400,0,144200
GLENMARK30Jan20370CE.NFO,07/01/2020,12:32:11,5.05,5.05,4200,5.2,1400,0,144200
GLENMARK30Jan20370CE.NFO,07/01/2020,12:32:29,5.05,5.05,5600,5.2,1400,0,144200
GLENMARK30Jan20370CE.NFO,07/01/2020,12:32:32,5.05,5.05,4200,5.2,1400,0,144200
GLENMARK30Jan20370CE.NFO,07/01/2020,12:32:39,5.05,5.05,4200,5.2,2800,0,144200
GLENMARK30Jan20370CE.NFO,07/01/2020,12:32:44,5.05,5.05,4200,5.15,1400,0,144200
GLENMARK30Jan20370CE.NFO,07/01/2020,12:32:48,5.05,5.05,4200,5.2,4200,0,144200
GLENMARK30Jan20370CE.NFO,07/01/2020,12:32:52,5.05,5.05,4200,5.2,1400,0,144200
GLENMARK30Jan20370CE.NFO,07/01/2020,12:32:56,5.05,5.05,4200,5.25,2800,0,144200
GLENMARK30Jan20370CE.NFO,07/01/2020,12:32:59,5.05,5.05,4200,5.25,1400,0,144200
GLENMARK30Jan20370CE.NFO,07/01/2020,12:33:04,5.05,5.1,1400,5.25,2800,0,144200
GLENMARK30Jan20370CE.NFO,07/01/2020,12:33:17,5.05,5.1,4200,5.25,1400,0,144200
GLENMARK30Jan20370CE.NFO,07/01/2020,12:33:24,5.05,5.1,1400,5.25,1400,0,144200
GLENMARK30Jan20370CE.NFO,07/01/2020,12:33:28,5.05,5.1,1400,5.25,2800,0,144200
GLENMARK30Jan20370CE.NFO,07/01/2020,12:33:37,5.05,5.1,1400,5.25,1400,0,144200
GLENMARK30Jan20370CE.NFO,07/01/2020,12:33:56,5.05,5.1,2800,5.25,1400,0,144200
GLENMARK30Jan20370CE.NFO,07/01/2020,12:33:59,5.05,5.1,4200,5.25,1400,0,144200
GLENMARK30Jan20370CE.NFO,07/01/2020,12:34:03,5.05,5.1,5600,5.25,1400,0,144200
GLENMARK30Jan20370CE.NFO,07/01/2020,12:34:10,5.05,5.1,1400,5.25,2800,0,144200
GLENMARK30Jan20370CE.NFO,07/01/2020,12:34:12,5.05,5.1,1400,5.25,1400,0,144200
GLENMARK30Jan20370CE.NFO,07/01/2020,12:34:15,5.05,5.1,4200,5.25,1400,0,144200
GLENMARK30Jan20370CE.NFO,07/01/2020,12:34:18,5.05,5.1,1400,5.2,1400,0,144200
GLENMARK30Jan20370CE.NFO,07/01/2020,12:34:26,5.05,5.1,4200,5.25,1400,0,144200
GLENMARK30Jan20370CE.NFO,07/01/2020,12:34:34,5.05,5.1,5600,5.25,1400,0,144200
GLENMARK30Jan20370CE.NFO,07/01/2020,12:34:53,5.05,5.1,1400,5.25,1400,0,144200
GLENMARK30Jan20370CE.NFO,07/01/2020,12:34:55,5.05,5.1,4200,5.25,1400,0,144200
GLENMARK30Jan20370CE.NFO,07/01/2020,12:34:59,5.05,5.1,4200,5.2,1400,0,144200
GLENMARK30Jan20370CE.NFO,07/01/2020,12:35:02,5.05,5.1,5600,5.25,1400,0,144200
GLENMARK30Jan20370CE.NFO,07/01/2020,12:35:06,5.05,5.1,1400,5.2,1400,0,144200
GLENMARK30Jan20370CE.NFO,07/01/2020,12:35:12,5.05,5.1,1400,5.25,4200,0,144200
GLENMARK30Jan20370CE.NFO,07/01/2020,12:35:15,5.05,5.05,7000,5.2,1400,0,144200
GLENMARK30Jan20370CE.NFO,07/01/2020,12:35:24,5.05,5.05,4200,5.2,1400,0,144200
GLENMARK30Jan20370CE.NFO,07/01/2020,12:35:30,5.05,5.05,5600,5.2,1400,0,144200
GLENMARK30Jan20370CE.NFO,07/01/2020,12:35:41,5.05,5.05,7000,5.2,1400,0,144200
GLENMARK30Jan20370CE.NFO,07/01/2020,12:35:44,5.05,5.1,2800,5.2,1400,0,144200
GLENMARK30Jan20370CE.NFO,07/01/2020,12:35:47,5.05,5.05,7000,5.2,1400,0,144200
GLENMARK30Jan20370CE.NFO,07/01/2020,12:36:19,5.05,5.05,1400,5.2,4200,0,144200
GLENMARK30Jan20370CE.NFO,07/01/2020,12:36:22,5.05,5.05,4200,5.2,4200,0,144200
GLENMARK30Jan20370CE.NFO,07/01/2020,12:36:33,5.05,5.05,2800,5.2,4200,0,144200
GLENMARK30Jan20370CE.NFO,07/01/2020,12:36:52,5.05,5.05,7000,5.2,1400,0,144200
GLENMARK30Jan20370CE.NFO,07/01/2020,12:36:54,5.05,5.05,4200,5.2,1400,0,144200
GLENMARK30Jan20370CE.NFO,07/01/2020,12:37:11,5.05,5.05,7000,5.2,1400,0,144200
GLENMARK30Jan20370CE.NFO,07/01/2020,12:37:13,5.05,5.05,5600,5.2,1400,0,144200
GLENMARK30Jan20370CE.NFO,07/01/2020,12:37:27,5.05,5.05,7000,5.2,1400,0,144200
GLENMARK30Jan20370CE.NFO,07/01/2020,12:37:39,5.05,5.05,5600,5.2,1400,0,144200
GLENMARK30Jan20370CE.NFO,07/01/2020,12:37:47,5.05,5.05,4200,5.2,1400,0,144200
GLENMARK30Jan20370CE.NFO,07/01/2020,12:37:50,5.05,5.05,5600,5.2,1400,0,144200
GLENMARK30Jan20370CE.NFO,07/01/2020,12:37:56,5.05,5.05,4200,5.2,1400,0,144200
GLENMARK30Jan20370CE.NFO,07/01/2020,12:38:24,5.05,5.05,7000,5.2,1400,0,144200
GLENMARK30Jan20370CE.NFO,07/01/2020,12:38:42,5.05,5.05,4200,5.2,1400,0,144200
GLENMARK30Jan20370CE.NFO,07/01/2020,12:38:59,5.05,5.05,5600,5.2,1400,0,144200
GLENMARK30Jan20370CE.NFO,07/01/2020,12:39:08,5.05,5.05,5600,5.2,2800,0,144200
GLENMARK30Jan20370CE.NFO,07/01/2020,12:39:10,5.05,5.1,4200,5.25,2800,0,144200
GLENMARK30Jan20370CE.NFO,07/01/2020,12:39:14,5.05,5.1,8400,5.25,1400,0,144200
GLENMARK30Jan20370CE.NFO,07/01/2020,12:39:20,5.05,5.1,7000,5.25,1400,0,144200
GLENMARK30Jan20370CE.NFO,07/01/2020,12:39:30,5.05,5.1,2800,5.25,2800,0,144200
GLENMARK30Jan20370CE.NFO,07/01/2020,12:39:33,5.05,5.1,7000,5.25,1400,0,144200
GLENMARK30Jan20370CE.NFO,07/01/2020,12:39:35,5.05,5.1,5600,5.3,4200,0,144200
GLENMARK30Jan20370CE.NFO,07/01/2020,12:39:39,5.05,5.1,5600,5.3,2800,0,144200
GLENMARK30Jan20370CE.NFO,07/01/2020,12:39:43,5.2,5.1,1400,5.25,2800,1400,142800
GLENMARK30Jan20370CE.NFO,07/01/2020,12:39:48,5.2,5.1,5600,5.3,1400,0,142800
GLENMARK30Jan20370CE.NFO,07/01/2020,12:39:51,5.2,5.1,4200,5.25,1400,0,142800
GLENMARK30Jan20370CE.NFO,07/01/2020,12:39:53,5.2,5.1,7000,5.3,2800,0,142800
GLENMARK30Jan20370CE.NFO,07/01/2020,12:39:57,5.2,5.1,5600,5.3,2800,0,142800
GLENMARK30Jan20370CE.NFO,07/01/2020,12:40:06,5.2,5.15,1400,5.3,1400,0,142800
GLENMARK30Jan20370CE.NFO,07/01/2020,12:40:15,5.2,5.15,4200,5.3,1400,0,142800
GLENMARK30Jan20370CE.NFO,07/01/2020,12:40:18,5.2,5.2,1400,5.3,1400,0,142800
GLENMARK30Jan20370CE.NFO,07/01/2020,12:40:25,5.2,5.15,5600,5.3,2800,0,142800
GLENMARK30Jan20370CE.NFO,07/01/2020,12:40:31,5.2,5.15,4200,5.3,2800,0,142800
GLENMARK30Jan20370CE.NFO,07/01/2020,12:40:45,5.2,5.15,4200,5.3,1400,0,142800
GLENMARK30Jan20370CE.NFO,07/01/2020,12:40:54,5.2,5.15,4200,5.3,2800,0,142800
GLENMARK30Jan20370CE.NFO,07/01/2020,12:40:58,5.2,5.1,4200,5.25,1400,0,142800
GLENMARK30Jan20370CE.NFO,07/01/2020,12:41:01,5.2,5.1,5600,5.25,1400,0,142800
GLENMARK30Jan20370CE.NFO,07/01/2020,12:41:05,5.2,5.15,4200,5.3,4200,0,142800
GLENMARK30Jan20370CE.NFO,07/01/2020,12:41:08,5.2,5.1,5600,5.3,4200,0,142800
GLENMARK30Jan20370CE.NFO,07/01/2020,12:41:17,5.2,5.15,1400,5.3,4200,0,142800
GLENMARK30Jan20370CE.NFO,07/01/2020,12:42:00,5.2,5.15,2800,5.3,1400,0,142800
GLENMARK30Jan20370CE.NFO,07/01/2020,12:42:50,5.2,5.15,4200,5.3,1400,0,142800
GLENMARK30Jan20370CE.NFO,07/01/2020,12:42:56,5.2,5.15,7000,5.3,1400,0,142800
GLENMARK30Jan20370CE.NFO,07/01/2020,12:43:03,5.3,5.2,7000,5.35,1400,1400,144200
GLENMARK30Jan20370CE.NFO,07/01/2020,12:43:06,5.3,5.2,7000,5.35,1400,0,144200
GLENMARK30Jan20370CE.NFO,07/01/2020,12:43:09,5.3,5.2,5600,5.35,1400,0,144200
GLENMARK30Jan20370CE.NFO,07/01/2020,12:43:11,5.3,5.2,4200,5.35,1400,0,144200
GLENMARK30Jan20370CE.NFO,07/01/2020,12:43:16,5.3,5.2,5600,5.35,1400,0,144200
GLENMARK30Jan20370CE.NFO,07/01/2020,12:43:37,5.3,5.2,1400,5.35,4200,0,144200
GLENMARK30Jan20370CE.NFO,07/01/2020,12:43:39,5.3,5.2,5600,5.35,2800,0,144200
GLENMARK30Jan20370CE.NFO,07/01/2020,12:43:43,5.3,5.2,4200,5.35,2800,0,144200
GLENMARK30Jan20370CE.NFO,07/01/2020,12:43:58,5.3,5.2,4200,5.35,1400,0,144200
GLENMARK30Jan20370CE.NFO,07/01/2020,12:44:28,5.3,5.2,5600,5.35,2800,0,144200
GLENMARK30Jan20370CE.NFO,07/01/2020,12:44:40,5.3,5.2,1400,5.35,2800,0,144200
GLENMARK30Jan20370CE.NFO,07/01/2020,12:44:45,5.3,5.2,2800,5.35,2800,0,144200
GLENMARK30Jan20370CE.NFO,07/01/2020,12:44:47,5.3,5.15,7000,5.35,2800,0,144200
GLENMARK30Jan20370CE.NFO,07/01/2020,12:44:54,5.3,5.15,5600,5.35,1400,0,144200
GLENMARK30Jan20370CE.NFO,07/01/2020,12:44:56,5.3,5.2,4200,5.35,2800,0,144200
GLENMARK30Jan20370CE.NFO,07/01/2020,12:45:00,5.3,5.2,2800,5.35,2800,0,144200
GLENMARK30Jan20370CE.NFO,07/01/2020,12:45:04,5.3,5.15,5600,5.35,2800,0,144200
GLENMARK30Jan20370CE.NFO,07/01/2020,12:45:06,5.3,5.2,1400,5.35,2800,0,144200
GLENMARK30Jan20370CE.NFO,07/01/2020,12:45:11,5.3,5.15,5600,5.35,1400,0,144200
GLENMARK30Jan20370CE.NFO,07/01/2020,12:45:14,5.3,5.2,1400,5.35,1400,0,144200
GLENMARK30Jan20370CE.NFO,07/01/2020,12:45:16,5.3,5.15,7000,5.35,1400,0,144200
GLENMARK30Jan20370CE.NFO,07/01/2020,12:45:22,5.3,5.2,1400,5.35,1400,0,144200
GLENMARK30Jan20370CE.NFO,07/01/2020,12:45:25,5.3,5.2,2800,5.35,1400,0,144200
GLENMARK30Jan20370CE.NFO,07/01/2020,12:45:47,5.3,5.2,4200,5.35,1400,0,144200
GLENMARK30Jan20370CE.NFO,07/01/2020,12:45:58,5.3,5.2,2800,5.35,1400,0,144200
GLENMARK30Jan20370CE.NFO,07/01/2020,12:46:02,5.3,5.2,4200,5.35,1400,0,144200
GLENMARK30Jan20370CE.NFO,07/01/2020,12:46:18,5.3,5.2,2800,5.35,1400,0,144200
GLENMARK30Jan20370CE.NFO,07/01/2020,12:46:21,5.3,5.2,4200,5.35,1400,0,144200
GLENMARK30Jan20370CE.NFO,07/01/2020,12:46:29,5.3,5.2,5600,5.35,1400,0,144200
GLENMARK30Jan20370CE.NFO,07/01/2020,12:46:38,5.3,5.2,4200,5.35,1400,0,144200
GLENMARK30Jan20370CE.NFO,07/01/2020,12:46:41,5.3,5.25,1400,5.35,1400,0,144200
GLENMARK30Jan20370CE.NFO,07/01/2020,12:46:45,5.3,5.2,4200,5.35,1400,0,144200
GLENMARK30Jan20370CE.NFO,07/01/2020,12:46:48,5.3,5.2,1400,5.35,2800,0,144200
GLENMARK30Jan20370CE.NFO,07/01/2020,12:47:00,5.3,5.2,4200,5.35,1400,0,144200
GLENMARK30Jan20370CE.NFO,07/01/2020,12:47:04,5.3,5.2,5600,5.35,1400,0,144200
GLENMARK30Jan20370CE.NFO,07/01/2020,12:47:07,5.3,5.15,1400,5.35,4200,0,144200
GLENMARK30Jan20370CE.NFO,07/01/2020,12:47:11,5.3,5.1,5600,5.35,4200,0,144200
GLENMARK30Jan20370CE.NFO,07/01/2020,12:47:15,5.3,5.15,1400,5.35,4200,0,144200
GLENMARK30Jan20370CE.NFO,07/01/2020,12:47:19,5.3,5.15,1400,5.35,2800,0,144200
GLENMARK30Jan20370CE.NFO,07/01/2020,12:47:29,5.3,5.2,2800,5.35,1400,0,144200
GLENMARK30Jan20370CE.NFO,07/01/2020,12:47:37,5.3,5.2,5600,5.35,1400,0,144200
GLENMARK30Jan20370CE.NFO,07/01/2020,12:47:41,5.3,5.25,1400,5.35,1400,0,144200
GLENMARK30Jan20370CE.NFO,07/01/2020,12:47:45,5.3,5.25,1400,5.35,2800,0,144200
GLENMARK30Jan20370CE.NFO,07/01/2020,12:47:48,5.3,5.2,7000,5.35,2800,0,144200
GLENMARK30Jan20370CE.NFO,07/01/2020,12:48:05,5.3,5.25,1400,5.35,2800,0,144200
GLENMARK30Jan20370CE.NFO,07/01/2020,12:48:10,5.3,5.2,5600,5.35,2800,0,144200
GLENMARK30Jan20370CE.NFO,07/01/2020,12:48:15,5.3,5.2,8400,5.35,2800,0,144200
GLENMARK30Jan20370CE.NFO,07/01/2020,12:48:21,5.3,5.2,7000,5.35,2800,0,144200
GLENMARK30Jan20370CE.NFO,07/01/2020,12:48:46,5.3,5.2,2800,5.35,2800,0,144200
GLENMARK30Jan20370CE.NFO,07/01/2020,12:48:50,5.3,5.2,1400,5.35,2800,0,144200
GLENMARK30Jan20370CE.NFO,07/01/2020,12:48:54,5.3,5.15,7000,5.35,2800,0,144200
GLENMARK30Jan20370CE.NFO,07/01/2020,12:48:57,5.3,5.2,1400,5.35,2800,0,144200
GLENMARK30Jan20370CE.NFO,07/01/2020,12:49:08,5.3,5.15,5600,5.35,4200,0,144200
GLENMARK30Jan20370CE.NFO,07/01/2020,12:49:16,5.3,5.15,4200,5.35,4200,0,144200
GLENMARK30Jan20370CE.NFO,07/01/2020,12:49:26,5.3,5.15,5600,5.35,4200,0,144200
GLENMARK30Jan20370CE.NFO,07/01/2020,12:49:28,5.3,5.15,5600,5.35,2800,0,144200
GLENMARK30Jan20370CE.NFO,07/01/2020,12:49:36,5.3,5.15,7000,5.35,2800,0,144200
GLENMARK30Jan20370CE.NFO,07/01/2020,12:49:38,5.3,5.15,7000,5.35,1400,0,144200
GLENMARK30Jan20370CE.NFO,07/01/2020,12:49:42,5.3,5.2,4200,5.35,1400,0,144200
GLENMARK30Jan20370CE.NFO,07/01/2020,12:49:47,5.3,5.2,5600,5.35,1400,0,144200
GLENMARK30Jan20370CE.NFO,07/01/2020,12:49:55,5.3,5.25,1400,5.35,1400,0,144200
GLENMARK30Jan20370CE.NFO,07/01/2020,12:49:57,5.3,5.2,5600,5.35,1400,0,144200
GLENMARK30Jan20370CE.NFO,07/01/2020,12:49:59,5.3,5.25,1400,5.35,1400,0,144200
GLENMARK30Jan20370CE.NFO,07/01/2020,12:50:02,5.35,5.35,1400,5.45,1400,1400,144200
GLENMARK30Jan20370CE.NFO,07/01/2020,12:50:04,5.35,5.3,5600,5.45,1400,0,144200
GLENMARK30Jan20370CE.NFO,07/01/2020,12:50:09,5.35,5.3,7000,5.45,1400,0,144200
GLENMARK30Jan20370CE.NFO,07/01/2020,12:50:17,5.35,5.3,4200,5.45,1400,0,144200
GLENMARK30Jan20370CE.NFO,07/01/2020,12:50:21,5.35,5.3,5600,5.45,1400,0,144200
GLENMARK30Jan20370CE.NFO,07/01/2020,12:50:27,5.35,5.3,5600,5.45,2800,0,144200
GLENMARK30Jan20370CE.NFO,07/01/2020,12:50:48,5.35,5.15,5600,5.35,2800,0,144200
GLENMARK30Jan20370CE.NFO,07/01/2020,12:50:50,5.35,5.1,1400,5.3,4200,0,144200
GLENMARK30Jan20370CE.NFO,07/01/2020,12:50:54,5.35,5.1,2800,5.3,4200,0,144200
GLENMARK30Jan20370CE.NFO,07/01/2020,12:51:00,5.35,5.1,1400,5.3,4200,0,144200
GLENMARK30Jan20370CE.NFO,07/01/2020,12:51:02,5.35,5.1,4200,5.3,4200,0,144200
GLENMARK30Jan20370CE.NFO,07/01/2020,12:51:24,5.35,5.1,2800,5.25,1400,0,144200
GLENMARK30Jan20370CE.NFO,07/01/2020,12:51:58,5.35,5.15,1400,5.25,1400,0,144200
GLENMARK30Jan20370CE.NFO,07/01/2020,12:52:19,5.35,5.1,7000,5.25,1400,0,144200
GLENMARK30Jan20370CE.NFO,07/01/2020,12:52:23,5.35,5.15,1400,5.25,1400,0,144200
GLENMARK30Jan20370CE.NFO,07/01/2020,12:52:35,5.35,5.1,7000,5.25,1400,0,144200
GLENMARK30Jan20370CE.NFO,07/01/2020,12:52:46,5.35,5.15,1400,5.25,1400,0,144200
GLENMARK30Jan20370CE.NFO,07/01/2020,12:52:53,5.35,5.1,1400,5.25,4200,0,144200
GLENMARK30Jan20370CE.NFO,07/01/2020,12:52:55,5.35,5.05,7000,5.25,4200,0,144200
GLENMARK30Jan20370CE.NFO,07/01/2020,12:53:13,5.35,5.05,5600,5.25,4200,0,144200
GLENMARK30Jan20370CE.NFO,07/01/2020,12:53:21,5.35,5.1,4200,5.25,2800,0,144200
GLENMARK30Jan20370CE.NFO,07/01/2020,12:53:29,5.35,5.1,4200,5.25,1400,0,144200
GLENMARK30Jan20370CE.NFO,07/01/2020,12:54:05,5.35,5.15,1400,5.25,1400,0,144200
GLENMARK30Jan20370CE.NFO,07/01/2020,12:54:08,5.35,5.1,5600,5.25,1400,0,144200
GLENMARK30Jan20370CE.NFO,07/01/2020,12:54:24,5.35,5.15,1400,5.25,1400,0,144200
GLENMARK30Jan20370CE.NFO,07/01/2020,12:54:30,5.35,5.15,1400,5.25,2800,0,144200
GLENMARK30Jan20370CE.NFO,07/01/2020,12:55:04,5.35,5.1,7000,5.25,2800,0,144200
GLENMARK30Jan20370CE.NFO,07/01/2020,12:55:22,5.35,5.15,1400,5.25,1400,0,144200
GLENMARK30Jan20370CE.NFO,07/01/2020,12:55:26,5.35,5.15,1400,5.3,4200,0,144200
GLENMARK30Jan20370CE.NFO,07/01/2020,12:55:30,5.35,5.1,7000,5.3,2800,0,144200
GLENMARK30Jan20370CE.NFO,07/01/2020,12:55:33,5.35,5.15,2800,5.3,2800,0,144200
GLENMARK30Jan20370CE.NFO,07/01/2020,12:56:04,5.35,5.15,4200,5.3,2800,0,144200
GLENMARK30Jan20370CE.NFO,07/01/2020,12:56:09,5.35,5.15,2800,5.3,2800,0,144200
GLENMARK30Jan20370CE.NFO,07/01/2020,12:56:21,5.35,5.2,1400,5.3,1400,0,144200
GLENMARK30Jan20370CE.NFO,07/01/2020,12:56:26,5.35,5.15,2800,5.3,2800,0,144200
GLENMARK30Jan20370CE.NFO,07/01/2020,12:56:29,5.35,5.2,1400,5.3,2800,0,144200
GLENMARK30Jan20370CE.NFO,07/01/2020,12:56:32,5.2,5.15,2800,5.25,1400,1400,144200
GLENMARK30Jan20370CE.NFO,07/01/2020,12:56:35,5.2,5.15,2800,5.3,2800,0,144200
GLENMARK30Jan20370CE.NFO,07/01/2020,12:56:39,5.2,5.15,2800,5.25,1400,0,144200
GLENMARK30Jan20370CE.NFO,07/01/2020,12:56:47,5.2,5.15,7000,5.3,2800,0,144200
GLENMARK30Jan20370CE.NFO,07/01/2020,12:56:49,5.2,5.15,7000,5.3,1400,0,144200
GLENMARK30Jan20370CE.NFO,07/01/2020,12:56:51,5.2,5.15,7000,5.3,2800,0,144200
GLENMARK30Jan20370CE.NFO,07/01/2020,12:57:09,5.2,5.15,4200,5.3,2800,0,144200
GLENMARK30Jan20370CE.NFO,07/01/2020,12:57:12,5.2,5.15,4200,5.25,1400,0,144200
GLENMARK30Jan20370CE.NFO,07/01/2020,12:57:38,5.2,5.15,4200,5.3,4200,0,144200
GLENMARK30Jan20370CE.NFO,07/01/2020,12:57:43,5.2,5.15,4200,5.25,1400,0,144200
GLENMARK30Jan20370CE.NFO,07/01/2020,12:57:48,5.2,5.15,5600,5.25,1400,0,144200
GLENMARK30Jan20370CE.NFO,07/01/2020,12:57:59,5.2,5.2,1400,5.3,1400,0,144200
GLENMARK30Jan20370CE.NFO,07/01/2020,12:58:04,5.2,5.15,4200,5.25,1400,0,144200
GLENMARK30Jan20370CE.NFO,07/01/2020,12:58:13,5.2,5.2,2800,5.3,1400,0,144200
GLENMARK30Jan20370CE.NFO,07/01/2020,12:58:18,5.2,5.2,4200,5.3,1400,0,144200
GLENMARK30Jan20370CE.NFO,07/01/2020,12:58:25,5.2,5.2,1400,5.3,1400,0,144200
GLENMARK30Jan20370CE.NFO,07/01/2020,12:58:50,5.2,5.2,2800,5.35,5600,0,144200
GLENMARK30Jan20370CE.NFO,07/01/2020,12:58:52,5.2,5.2,1400,5.3,1400,0,144200
GLENMARK30Jan20370CE.NFO,07/01/2020,12:59:05,5.2,5.2,4200,5.3,1400,0,144200
GLENMARK30Jan20370CE.NFO,07/01/2020,12:59:16,5.2,5.25,4200,5.35,1400,0,144200
