Ticker,Date,Time,LTP,BuyPrice,BuyQty,SellPrice,SellQty,LTQ,OpenInterest
HAVELLS30Jan20720CE.NFO,07/01/2020,09:45:18,3,2.3,2000,3.25,1000,1000,6000
HAVELLS30Jan20720CE.NFO,07/01/2020,09:45:18,3,2.3,2000,3.25,1000,0,6000
HAVELLS30Jan20720CE.NFO,07/01/2020,09:45:18,3,2.3,2000,3.25,1000,0,6000
HAVELLS30Jan20720CE.NFO,07/01/2020,09:45:18,3,2.3,2000,3.25,1000,0,6000
HAVELLS30Jan20720CE.NFO,07/01/2020,09:45:42,3,2.3,3000,3.3,2000,0,6000
HAVELLS30Jan20720CE.NFO,07/01/2020,09:45:53,3,2.4,2000,3.25,1000,0,6000
HAVELLS30Jan20720CE.NFO,07/01/2020,09:45:59,3,2.4,2000,3.3,2000,0,6000
HAVELLS30Jan20720CE.NFO,07/01/2020,09:46:10,3,2.4,3000,3.25,2000,0,6000
HAVELLS30Jan20720CE.NFO,07/01/2020,09:46:15,3,2.4,3000,3.3,2000,0,6000
HAVELLS30Jan20720CE.NFO,07/01/2020,09:46:20,3,2.4,2000,3.3,2000,0,6000
HAVELLS30Jan20720CE.NFO,07/01/2020,09:46:29,3,2.4,2000,3.25,2000,0,6000
HAVELLS30Jan20720CE.NFO,07/01/2020,09:46:40,3,2.4,2000,3.25,1000,0,6000
HAVELLS30Jan20720CE.NFO,07/01/2020,09:46:44,3,2.4,2000,3.25,2000,0,6000
HAVELLS30Jan20720CE.NFO,07/01/2020,09:46:53,3,2.5,2000,3.25,1000,0,6000
HAVELLS30Jan20720CE.NFO,07/01/2020,09:47:24,3,2.6,2000,3.35,1000,0,6000
HAVELLS30Jan20720CE.NFO,07/01/2020,09:47:29,3,2.6,2000,3.3,1000,0,6000
HAVELLS30Jan20720CE.NFO,07/01/2020,09:47:34,3,2.6,2000,3.3,2000,0,6000
HAVELLS30Jan20720CE.NFO,07/01/2020,09:47:42,3,2.7,2000,3.3,2000,0,6000
HAVELLS30Jan20720CE.NFO,07/01/2020,09:47:50,3,2.8,2000,3.3,2000,0,6000
HAVELLS30Jan20720CE.NFO,07/01/2020,09:47:59,3,2.8,2000,3.3,1000,0,6000
HAVELLS30Jan20720CE.NFO,07/01/2020,09:48:03,3,2.8,2000,3.35,2000,0,6000
HAVELLS30Jan20720CE.NFO,07/01/2020,09:48:10,3,2.8,2000,3.3,1000,0,6000
HAVELLS30Jan20720CE.NFO,07/01/2020,09:48:18,3,2.8,2000,3.35,1000,0,6000
HAVELLS30Jan20720CE.NFO,07/01/2020,09:48:38,3,2.8,2000,3.3,1000,0,6000
HAVELLS30Jan20720CE.NFO,07/01/2020,09:49:18,3,2.8,2000,3.25,1000,0,6000
HAVELLS30Jan20720CE.NFO,07/01/2020,09:49:23,3,2.8,2000,3.3,1000,0,6000
HAVELLS30Jan20720CE.NFO,07/01/2020,09:49:29,3,2.8,2000,3.25,1000,0,6000
HAVELLS30Jan20720CE.NFO,07/01/2020,09:49:40,2.8,2.85,2000,3.25,2000,2000,7000
HAVELLS30Jan20720CE.NFO,07/01/2020,09:49:40,2.8,2.85,2000,3.25,2000,0,7000
HAVELLS30Jan20720CE.NFO,07/01/2020,09:49:45,2.8,2.85,2000,3.25,2000,0,7000
HAVELLS30Jan20720CE.NFO,07/01/2020,09:50:00,2.8,2.85,2000,3.2,2000,0,7000
HAVELLS30Jan20720CE.NFO,07/01/2020,09:50:16,2.8,2.85,2000,3.2,1000,0,7000
HAVELLS30Jan20720CE.NFO,07/01/2020,09:50:30,2.8,2.85,2000,3.25,2000,0,7000
HAVELLS30Jan20720CE.NFO,07/01/2020,09:50:52,2.8,2.85,2000,3.2,1000,0,7000
HAVELLS30Jan20720CE.NFO,07/01/2020,09:51:06,2.8,2.85,2000,3.2,2000,0,7000
HAVELLS30Jan20720CE.NFO,07/01/2020,09:51:11,2.8,2.85,2000,3.2,1000,0,7000
HAVELLS30Jan20720CE.NFO,07/01/2020,09:51:17,2.8,2.85,2000,3.2,2000,0,7000
HAVELLS30Jan20720CE.NFO,07/01/2020,09:51:22,2.8,2.85,2000,3.2,1000,0,7000
HAVELLS30Jan20720CE.NFO,07/01/2020,09:51:27,2.8,2.85,2000,3.25,2000,0,7000
HAVELLS30Jan20720CE.NFO,07/01/2020,09:51:58,2.8,2.85,2000,3.2,2000,0,7000
HAVELLS30Jan20720CE.NFO,07/01/2020,09:52:02,2.8,2.85,2000,3.2,1000,0,7000
HAVELLS30Jan20720CE.NFO,07/01/2020,09:52:06,2.8,2.85,2000,3.2,2000,0,7000
HAVELLS30Jan20720CE.NFO,07/01/2020,09:52:10,2.8,2.85,2000,3.15,2000,0,7000
HAVELLS30Jan20720CE.NFO,07/01/2020,09:52:15,2.8,2.85,2000,3.15,1000,0,7000
HAVELLS30Jan20720CE.NFO,07/01/2020,09:52:43,2.8,2.85,2000,3.15,2000,0,7000
HAVELLS30Jan20720CE.NFO,07/01/2020,09:52:47,2.8,2.85,2000,3.15,1000,0,7000
HAVELLS30Jan20720CE.NFO,07/01/2020,09:53:58,2.8,2.85,2000,3.15,2000,0,7000
HAVELLS30Jan20720CE.NFO,07/01/2020,09:54:02,2.8,2.85,2000,3.2,2000,0,7000
HAVELLS30Jan20720CE.NFO,07/01/2020,09:54:07,2.8,2.85,2000,3.15,2000,0,7000
HAVELLS30Jan20720CE.NFO,07/01/2020,09:54:11,2.8,2.85,2000,3.2,2000,0,7000
HAVELLS30Jan20720CE.NFO,07/01/2020,09:54:16,2.8,2.85,2000,3.15,1000,0,7000
HAVELLS30Jan20720CE.NFO,07/01/2020,09:54:20,2.8,2.85,2000,3.15,2000,0,7000
HAVELLS30Jan20720CE.NFO,07/01/2020,09:54:38,2.8,2.85,2000,3.15,1000,0,7000
HAVELLS30Jan20720CE.NFO,07/01/2020,09:55:22,2.8,2.85,2000,3.2,2000,0,7000
HAVELLS30Jan20720CE.NFO,07/01/2020,09:55:27,2.8,2.85,2000,3.15,1000,0,7000
HAVELLS30Jan20720CE.NFO,07/01/2020,09:55:45,2.8,2.85,2000,3.2,2000,0,7000
HAVELLS30Jan20720CE.NFO,07/01/2020,09:56:20,2.8,2.85,2000,3.15,1000,0,7000
HAVELLS30Jan20720CE.NFO,07/01/2020,09:56:25,2.8,2.85,2000,3.2,2000,0,7000
HAVELLS30Jan20720CE.NFO,07/01/2020,09:56:31,2.8,2.85,2000,3.15,1000,0,7000
HAVELLS30Jan20720CE.NFO,07/01/2020,09:56:54,2.8,2.85,2000,3.2,2000,0,7000
HAVELLS30Jan20720CE.NFO,07/01/2020,09:57:25,2.8,2.85,2000,3.2,1000,0,7000
HAVELLS30Jan20720CE.NFO,07/01/2020,09:57:33,2.8,2.85,2000,3.2,2000,0,7000
HAVELLS30Jan20720CE.NFO,07/01/2020,09:57:49,2.8,2.85,2000,3.15,1000,0,7000
HAVELLS30Jan20720CE.NFO,07/01/2020,09:58:21,2.8,2.85,2000,3.15,2000,0,7000
HAVELLS30Jan20720CE.NFO,07/01/2020,09:58:25,2.8,2.85,2000,3.1,1000,0,7000
HAVELLS30Jan20720CE.NFO,07/01/2020,09:59:44,2.8,2.85,2000,3.05,1000,0,7000
HAVELLS30Jan20720CE.NFO,07/01/2020,09:59:55,2.85,2.85,1000,3.1,1000,1000,8000
HAVELLS30Jan20720CE.NFO,07/01/2020,10:00:00,2.85,2.85,1000,3.15,1000,0,8000
HAVELLS30Jan20720CE.NFO,07/01/2020,10:00:45,2.85,2.8,1000,3.15,1000,0,8000
HAVELLS30Jan20720CE.NFO,07/01/2020,10:01:52,2.85,2.75,2000,3.15,1000,0,8000
HAVELLS30Jan20720CE.NFO,07/01/2020,10:02:30,2.85,2.75,1000,3.15,1000,0,8000
HAVELLS30Jan20720CE.NFO,07/01/2020,10:02:36,2.85,2.6,2000,3.15,1000,0,8000
HAVELLS30Jan20720CE.NFO,07/01/2020,10:20:41,2.85,2.55,2000,3.15,1000,0,8000
HAVELLS30Jan20720CE.NFO,07/01/2020,10:22:32,2.85,2.55,1000,3.15,1000,0,8000
HAVELLS30Jan20720CE.NFO,07/01/2020,10:24:27,2.85,2.85,1000,3.15,1000,0,8000
HAVELLS30Jan20720CE.NFO,07/01/2020,10:25:12,2.85,2.65,1000,3.15,1000,1000,8000
HAVELLS30Jan20720CE.NFO,07/01/2020,10:25:15,2.85,2.6,1000,3.15,1000,0,8000
HAVELLS30Jan20720CE.NFO,07/01/2020,10:27:10,2.85,2.55,2000,3.15,1000,0,8000
HAVELLS30Jan20720CE.NFO,07/01/2020,10:52:11,2.85,2.55,2000,3.05,2000,0,8000
HAVELLS30Jan20720CE.NFO,07/01/2020,11:00:46,2.85,2.55,1000,3.05,2000,0,8000
HAVELLS30Jan20720CE.NFO,07/01/2020,11:01:07,2.85,2.5,2000,3.05,2000,0,8000
HAVELLS30Jan20720CE.NFO,07/01/2020,11:08:17,2.85,2.5,1000,3.05,2000,0,8000
HAVELLS30Jan20720CE.NFO,07/01/2020,11:11:17,2.85,2.45,2000,3.05,2000,0,8000
HAVELLS30Jan20720CE.NFO,07/01/2020,11:12:05,2.85,2.35,1000,3.05,2000,0,8000
HAVELLS30Jan20720CE.NFO,07/01/2020,11:29:07,2.85,2.35,1000,3.05,2000,0,9000
HAVELLS30Jan20720CE.NFO,07/01/2020,12:02:05,2.85,2.3,2000,3.05,2000,0,9000
HAVELLS30Jan20720CE.NFO,07/01/2020,12:08:20,2.85,2.3,1000,3.05,2000,0,9000
HAVELLS30Jan20720CE.NFO,07/01/2020,12:32:32,2.85,2.25,2000,3.05,2000,0,9000
HAVELLS30Jan20720CE.NFO,07/01/2020,12:46:11,2.85,2.2,2000,3.05,2000,0,9000
HAVELLS30Jan20720CE.NFO,07/01/2020,12:46:54,2.85,2.2,1000,3.05,2000,0,9000
HAVELLS30Jan20720CE.NFO,07/01/2020,12:48:14,2.85,2.2,1000,2.95,2000,0,9000
HAVELLS30Jan20720CE.NFO,07/01/2020,12:54:53,2.85,2.2,1000,2.45,2000,0,9000
HAVELLS30Jan20720CE.NFO,07/01/2020,13:04:52,2.85,2.15,2000,2.45,2000,0,9000
HAVELLS30Jan20720CE.NFO,07/01/2020,13:06:17,2.85,2.15,1000,2.45,2000,0,9000
HAVELLS30Jan20720CE.NFO,07/01/2020,13:06:28,2.85,2.1,2000,2.45,2000,0,9000
HAVELLS30Jan20720CE.NFO,07/01/2020,13:07:59,2.85,2.05,2000,2.45,2000,0,9000
HAVELLS30Jan20720CE.NFO,07/01/2020,13:23:16,2.85,2.05,1000,2.45,2000,0,9000
HAVELLS30Jan20720CE.NFO,07/01/2020,13:28:42,2.85,2,2000,2.45,2000,0,9000
HAVELLS30Jan20720CE.NFO,07/01/2020,13:29:02,2.85,2,1000,2.45,2000,0,9000
HAVELLS30Jan20720CE.NFO,07/01/2020,13:33:20,2.85,1.95,2000,2.45,2000,0,9000
HAVELLS30Jan20720CE.NFO,07/01/2020,13:54:57,2.85,1.95,2000,2.5,1000,0,9000
HAVELLS30Jan20720CE.NFO,07/01/2020,13:55:01,2.85,1.95,2000,2.5,3000,0,9000
HAVELLS30Jan20720CE.NFO,07/01/2020,14:18:44,2.85,1.95,2000,2.3,1000,0,9000
HAVELLS30Jan20720CE.NFO,07/01/2020,14:18:51,2.85,1.95,2000,2.2,1000,0,9000
HAVELLS30Jan20720CE.NFO,07/01/2020,14:18:56,2.1,1.95,2000,2.35,1000,1000,9000
HAVELLS30Jan20720CE.NFO,07/01/2020,14:18:56,2.1,1.95,2000,2.35,1000,0,9000
HAVELLS30Jan20720CE.NFO,07/01/2020,14:19:05,2.1,1.95,2000,2.35,1000,0,9000
HAVELLS30Jan20720CE.NFO,07/01/2020,14:24:47,2.1,2.05,2000,2.35,1000,0,9000
HAVELLS30Jan20720CE.NFO,07/01/2020,14:31:46,2.1,2.05,2000,2.4,1000,0,9000
HAVELLS30Jan20720CE.NFO,07/01/2020,14:48:30,2.1,2.05,2000,2.5,2000,0,9000
HAVELLS30Jan20720CE.NFO,07/01/2020,15:27:48,2.1,2.05,2000,2.5,2000,0,10000
HAVELLS30Jan20720CE.NFO,07/01/2020,15:28:42,2.1,2.05,2000,3.1,2000,0,10000
HAVELLS30Jan20720CE.NFO,07/01/2020,15:28:49,2.1,0.6,12000,3.1,2000,0,10000
HAVELLS30Jan20720CE.NFO,07/01/2020,15:29:20,2.1,0.65,2000,3.1,2000,0,10000
HAVELLS30Jan20720CE.NFO,07/01/2020,15:29:34,2.1,0.6,12000,3.1,2000,0,10000
