Ticker,Date,Time,LTP,BuyPrice,BuyQty,SellPrice,SellQty,LTQ,OpenInterest
HAVELLS30Jan20600PE.NFO,07/01/2020,09:19:27,3,1.95,6000,5.1,8000,1000,39000
HAVELLS30Jan20600PE.NFO,07/01/2020,09:19:27,3,1.95,6000,5.1,8000,0,39000
HAVELLS30Jan20600PE.NFO,07/01/2020,09:19:27,3,1.95,6000,5.1,8000,0,39000
HAVELLS30Jan20600PE.NFO,07/01/2020,09:19:27,3,1.95,6000,5.1,8000,0,39000
HAVELLS30Jan20600PE.NFO,07/01/2020,09:19:34,3,1.95,6000,5.1,8000,0,39000
HAVELLS30Jan20600PE.NFO,07/01/2020,09:19:41,3,1.95,6000,5.1,10000,0,39000
HAVELLS30Jan20600PE.NFO,07/01/2020,09:20:01,3,1.95,4000,5.1,10000,0,39000
HAVELLS30Jan20600PE.NFO,07/01/2020,09:20:14,3,1.95,6000,5.1,10000,0,39000
HAVELLS30Jan20600PE.NFO,07/01/2020,09:20:58,3,1.95,4000,5.1,10000,0,39000
HAVELLS30Jan20600PE.NFO,07/01/2020,09:21:27,3,1.95,6000,5.1,12000,0,39000
HAVELLS30Jan20600PE.NFO,07/01/2020,09:21:54,3,1.95,4000,4.85,3000,0,39000
HAVELLS30Jan20600PE.NFO,07/01/2020,09:22:00,3,1.95,4000,4.75,3000,0,39000
HAVELLS30Jan20600PE.NFO,07/01/2020,09:22:13,3,1.95,2000,4.75,3000,0,39000
HAVELLS30Jan20600PE.NFO,07/01/2020,09:23:11,3,2,4000,4.2,2000,0,39000
HAVELLS30Jan20600PE.NFO,07/01/2020,09:23:23,3,2,4000,4.1,2000,0,39000
HAVELLS30Jan20600PE.NFO,07/01/2020,09:23:35,3,2,4000,4,2000,0,39000
HAVELLS30Jan20600PE.NFO,07/01/2020,09:23:48,3,2,2000,4,2000,0,39000
HAVELLS30Jan20600PE.NFO,07/01/2020,09:24:23,3,2,2000,3.9,2000,0,39000
HAVELLS30Jan20600PE.NFO,07/01/2020,09:25:02,3,2,4000,3.9,2000,0,39000
HAVELLS30Jan20600PE.NFO,07/01/2020,09:25:08,3,2,2000,3.8,2000,0,39000
HAVELLS30Jan20600PE.NFO,07/01/2020,09:25:21,3,2,2000,3.7,2000,0,39000
HAVELLS30Jan20600PE.NFO,07/01/2020,09:26:14,3,2,2000,3.6,2000,0,39000
HAVELLS30Jan20600PE.NFO,07/01/2020,09:26:43,3,2,2000,3.5,2000,0,39000
HAVELLS30Jan20600PE.NFO,07/01/2020,09:26:49,3,2,2000,3.5,1000,0,39000
HAVELLS30Jan20600PE.NFO,07/01/2020,09:26:55,3,2,2000,3.55,3000,0,39000
HAVELLS30Jan20600PE.NFO,07/01/2020,09:27:34,3,2,2000,3.55,1000,0,39000
HAVELLS30Jan20600PE.NFO,07/01/2020,09:28:51,3,2,2000,3.55,2000,0,39000
HAVELLS30Jan20600PE.NFO,07/01/2020,09:29:30,3,2,2000,3.55,1000,0,39000
HAVELLS30Jan20600PE.NFO,07/01/2020,09:30:19,3,2,2000,3.55,2000,0,39000
HAVELLS30Jan20600PE.NFO,07/01/2020,09:31:23,3,2.35,2000,3.55,2000,0,39000
HAVELLS30Jan20600PE.NFO,07/01/2020,09:31:28,3,2.55,2000,3.55,2000,0,39000
HAVELLS30Jan20600PE.NFO,07/01/2020,09:31:33,3,2.85,2000,3.55,2000,0,39000
HAVELLS30Jan20600PE.NFO,07/01/2020,09:31:39,3,3.05,2000,3.55,1000,0,39000
HAVELLS30Jan20600PE.NFO,07/01/2020,09:31:45,3,3.25,2000,3.55,1000,0,39000
HAVELLS30Jan20600PE.NFO,07/01/2020,09:31:51,3,3.3,1000,3.55,1000,0,39000
HAVELLS30Jan20600PE.NFO,07/01/2020,09:31:55,3,3.25,2000,3.55,1000,0,39000
HAVELLS30Jan20600PE.NFO,07/01/2020,09:32:12,3,3.3,1000,3.45,1000,0,39000
HAVELLS30Jan20600PE.NFO,07/01/2020,09:32:24,3,3.25,2000,3.45,1000,0,39000
HAVELLS30Jan20600PE.NFO,07/01/2020,09:32:36,3,3.25,1000,3.45,1000,0,39000
HAVELLS30Jan20600PE.NFO,07/01/2020,09:32:41,3,3.2,2000,3.45,1000,0,39000
HAVELLS30Jan20600PE.NFO,07/01/2020,09:33:37,3,3.25,1000,3.45,1000,0,39000
HAVELLS30Jan20600PE.NFO,07/01/2020,09:33:42,3,3.2,2000,3.45,1000,0,39000
HAVELLS30Jan20600PE.NFO,07/01/2020,09:35:41,3,3.2,2000,3.5,2000,0,39000
HAVELLS30Jan20600PE.NFO,07/01/2020,09:35:48,3,3.2,2000,3.5,1000,0,39000
HAVELLS30Jan20600PE.NFO,07/01/2020,09:35:59,3,3.2,2000,3.55,1000,0,39000
HAVELLS30Jan20600PE.NFO,07/01/2020,09:38:19,3,3.2,2000,3.45,1000,0,39000
HAVELLS30Jan20600PE.NFO,07/01/2020,09:38:36,3,3.2,2000,3.5,2000,0,39000
HAVELLS30Jan20600PE.NFO,07/01/2020,09:38:40,3,3.2,2000,3.5,1000,0,39000
HAVELLS30Jan20600PE.NFO,07/01/2020,09:38:49,3,3.2,2000,3.55,1000,0,39000
HAVELLS30Jan20600PE.NFO,07/01/2020,09:38:54,3,3.2,2000,3.5,3000,0,39000
HAVELLS30Jan20600PE.NFO,07/01/2020,09:40:23,3,3.2,2000,3.5,2000,0,39000
HAVELLS30Jan20600PE.NFO,07/01/2020,09:41:41,3,3.2,2000,3.5,1000,0,39000
HAVELLS30Jan20600PE.NFO,07/01/2020,09:42:23,3,3.2,2000,3.5,2000,0,39000
HAVELLS30Jan20600PE.NFO,07/01/2020,09:42:37,3,3.2,2000,3.5,1000,0,39000
HAVELLS30Jan20600PE.NFO,07/01/2020,09:45:11,3,3.2,2000,3.5,2000,0,39000
HAVELLS30Jan20600PE.NFO,07/01/2020,09:45:24,3.2,3,2000,3.5,2000,2000,39000
HAVELLS30Jan20600PE.NFO,07/01/2020,09:45:24,3.2,3,2000,3.5,2000,0,39000
HAVELLS30Jan20600PE.NFO,07/01/2020,09:45:36,3.2,3,2000,3.5,2000,0,39000
HAVELLS30Jan20600PE.NFO,07/01/2020,09:47:24,3.2,2.4,2000,3.5,2000,0,39000
HAVELLS30Jan20600PE.NFO,07/01/2020,09:58:21,3.2,2.4,2000,3.5,1000,0,39000
HAVELLS30Jan20600PE.NFO,07/01/2020,10:02:36,3.5,2.4,2000,3.65,1000,1000,41000
HAVELLS30Jan20600PE.NFO,07/01/2020,10:02:36,3.5,2.4,2000,3.65,1000,0,41000
HAVELLS30Jan20600PE.NFO,07/01/2020,10:02:42,3.5,2.4,2000,3.65,1000,0,41000
HAVELLS30Jan20600PE.NFO,07/01/2020,10:04:34,3.5,2.5,2000,3.65,1000,0,41000
HAVELLS30Jan20600PE.NFO,07/01/2020,10:04:38,3.5,3.15,2000,3.8,1000,0,41000
HAVELLS30Jan20600PE.NFO,07/01/2020,10:04:43,3.5,3.45,2000,3.85,1000,0,41000
HAVELLS30Jan20600PE.NFO,07/01/2020,10:04:48,3.5,3.65,2000,3.9,2000,0,41000
HAVELLS30Jan20600PE.NFO,07/01/2020,10:04:52,3.7,3.7,1000,3.9,1000,1000,41000
HAVELLS30Jan20600PE.NFO,07/01/2020,10:04:52,3.7,3.7,1000,3.9,1000,0,41000
HAVELLS30Jan20600PE.NFO,07/01/2020,10:04:57,3.7,3.7,1000,3.9,1000,0,41000
HAVELLS30Jan20600PE.NFO,07/01/2020,10:05:01,3.7,3.7,1000,3.85,1000,0,41000
HAVELLS30Jan20600PE.NFO,07/01/2020,10:05:06,3.7,3.7,1000,3.85,2000,0,41000
HAVELLS30Jan20600PE.NFO,07/01/2020,10:05:10,3.7,3.7,1000,3.85,1000,0,41000
HAVELLS30Jan20600PE.NFO,07/01/2020,10:05:33,3.7,3.7,1000,3.95,1000,0,41000
HAVELLS30Jan20600PE.NFO,07/01/2020,10:05:57,3.7,3.7,1000,4.15,2000,0,41000
HAVELLS30Jan20600PE.NFO,07/01/2020,10:06:07,3.7,3.8,2000,4.15,2000,0,41000
HAVELLS30Jan20600PE.NFO,07/01/2020,10:06:13,3.7,3.85,1000,4.15,2000,0,41000
HAVELLS30Jan20600PE.NFO,07/01/2020,10:06:18,3.7,3.85,1000,4,1000,0,41000
HAVELLS30Jan20600PE.NFO,07/01/2020,10:06:24,3.85,3.8,2000,4.05,1000,1000,41000
HAVELLS30Jan20600PE.NFO,07/01/2020,10:06:24,3.85,3.8,2000,4.05,1000,0,41000
HAVELLS30Jan20600PE.NFO,07/01/2020,10:06:35,3.85,3.8,1000,4.05,1000,0,41000
HAVELLS30Jan20600PE.NFO,07/01/2020,10:07:14,3.85,3.75,1000,4.05,1000,0,41000
HAVELLS30Jan20600PE.NFO,07/01/2020,10:07:51,3.75,3.7,1000,4.05,1000,1000,41000
HAVELLS30Jan20600PE.NFO,07/01/2020,10:09:05,3.75,3.7,1000,4.05,1000,0,41000
HAVELLS30Jan20600PE.NFO,07/01/2020,10:13:50,3.75,3.7,1000,4,1000,0,41000
HAVELLS30Jan20600PE.NFO,07/01/2020,10:15:41,3.75,3.7,1000,4.05,2000,0,41000
HAVELLS30Jan20600PE.NFO,07/01/2020,10:16:12,3.75,3.7,1000,4,3000,0,41000
HAVELLS30Jan20600PE.NFO,07/01/2020,10:17:19,3.75,3.7,1000,4,2000,0,41000
HAVELLS30Jan20600PE.NFO,07/01/2020,10:19:10,3.75,3.7,1000,4,1000,0,41000
HAVELLS30Jan20600PE.NFO,07/01/2020,10:20:40,3.75,3.7,1000,4.1,1000,0,41000
HAVELLS30Jan20600PE.NFO,07/01/2020,10:20:45,3.75,3.7,1000,4.15,1000,0,41000
HAVELLS30Jan20600PE.NFO,07/01/2020,10:20:49,3.75,3.7,1000,4.15,2000,0,41000
HAVELLS30Jan20600PE.NFO,07/01/2020,10:21:17,3.75,3.7,1000,4.15,1000,0,41000
HAVELLS30Jan20600PE.NFO,07/01/2020,10:22:08,3.75,3.7,1000,4.15,2000,0,41000
HAVELLS30Jan20600PE.NFO,07/01/2020,10:22:26,3.75,3.7,1000,4.15,1000,0,41000
HAVELLS30Jan20600PE.NFO,07/01/2020,10:22:32,3.75,3.7,1000,4.2,2000,0,41000
HAVELLS30Jan20600PE.NFO,07/01/2020,10:22:40,3.75,3.7,1000,4.2,1000,0,41000
HAVELLS30Jan20600PE.NFO,07/01/2020,10:24:30,3.75,3.7,1000,4.3,1000,0,41000
HAVELLS30Jan20600PE.NFO,07/01/2020,10:29:15,3.75,3.7,1000,4.3,2000,0,41000
HAVELLS30Jan20600PE.NFO,07/01/2020,10:29:22,3.75,3.7,1000,4.3,1000,0,41000
HAVELLS30Jan20600PE.NFO,07/01/2020,10:29:38,3.75,3.7,1000,4.3,2000,0,41000
HAVELLS30Jan20600PE.NFO,07/01/2020,10:54:24,4,3.7,1000,4.25,1000,1000,41000
HAVELLS30Jan20600PE.NFO,07/01/2020,10:54:24,4,3.7,1000,4.25,1000,0,41000
HAVELLS30Jan20600PE.NFO,07/01/2020,10:54:52,4,3.7,1000,4.25,1000,0,41000
HAVELLS30Jan20600PE.NFO,07/01/2020,11:00:11,4.25,3.9,2000,4.55,1000,1000,41000
HAVELLS30Jan20600PE.NFO,07/01/2020,11:00:11,4.25,3.9,2000,4.55,1000,0,41000
HAVELLS30Jan20600PE.NFO,07/01/2020,11:00:19,4.25,3.9,2000,4.55,1000,0,41000
HAVELLS30Jan20600PE.NFO,07/01/2020,11:00:32,4.25,3.9,2000,4.6,2000,0,41000
HAVELLS30Jan20600PE.NFO,07/01/2020,11:00:39,4.25,3.9,2000,4.6,1000,0,41000
HAVELLS30Jan20600PE.NFO,07/01/2020,11:00:46,4.25,4,2000,5.05,2000,0,41000
HAVELLS30Jan20600PE.NFO,07/01/2020,11:00:58,4.25,4.1,2000,5.05,2000,0,41000
HAVELLS30Jan20600PE.NFO,07/01/2020,11:01:07,4.25,4.3,2000,5.05,2000,0,41000
HAVELLS30Jan20600PE.NFO,07/01/2020,11:04:06,4.25,4.5,1000,5.05,2000,0,41000
HAVELLS30Jan20600PE.NFO,07/01/2020,11:04:32,4.25,4.45,1000,5.05,2000,0,41000
HAVELLS30Jan20600PE.NFO,07/01/2020,11:05:00,4.25,4.5,1000,5.05,2000,0,41000
HAVELLS30Jan20600PE.NFO,07/01/2020,11:05:07,4.5,4.45,1000,4.65,1000,2000,41000
HAVELLS30Jan20600PE.NFO,07/01/2020,11:05:07,4.5,4.45,1000,4.65,1000,0,41000
HAVELLS30Jan20600PE.NFO,07/01/2020,11:05:14,4.5,4.45,1000,4.7,1000,0,41000
HAVELLS30Jan20600PE.NFO,07/01/2020,11:05:28,4.5,4.4,1000,4.7,1000,0,41000
HAVELLS30Jan20600PE.NFO,07/01/2020,11:06:59,4.5,4.35,2000,4.7,1000,0,41000
HAVELLS30Jan20600PE.NFO,07/01/2020,11:07:05,4.5,4.35,1000,4.7,1000,0,41000
HAVELLS30Jan20600PE.NFO,07/01/2020,11:07:47,4.5,4.3,2000,4.6,2000,0,41000
HAVELLS30Jan20600PE.NFO,07/01/2020,11:08:17,4.5,4.3,2000,4.6,1000,0,41000
HAVELLS30Jan20600PE.NFO,07/01/2020,11:11:17,4.5,4.3,2000,4.65,2000,0,41000
HAVELLS30Jan20600PE.NFO,07/01/2020,11:11:30,4.5,4.3,2000,4.65,1000,0,41000
HAVELLS30Jan20600PE.NFO,07/01/2020,11:12:05,4.5,4.3,2000,4.95,2000,0,41000
HAVELLS30Jan20600PE.NFO,07/01/2020,11:12:21,4.5,4.3,2000,4.95,9000,0,41000
HAVELLS30Jan20600PE.NFO,07/01/2020,11:12:27,4.5,4.3,2000,4.95,2000,0,41000
HAVELLS30Jan20600PE.NFO,07/01/2020,11:12:34,4.5,4.3,2000,4.95,9000,0,41000
HAVELLS30Jan20600PE.NFO,07/01/2020,11:12:40,4.5,4.3,2000,4.85,2000,0,41000
HAVELLS30Jan20600PE.NFO,07/01/2020,11:13:47,4.5,4.3,2000,4.85,9000,0,41000
HAVELLS30Jan20600PE.NFO,07/01/2020,11:14:31,4.5,4.3,2000,4.75,2000,0,41000
HAVELLS30Jan20600PE.NFO,07/01/2020,11:15:16,4.75,4.3,2000,4.75,1000,1000,43000
HAVELLS30Jan20600PE.NFO,07/01/2020,11:15:16,4.75,4.3,2000,4.75,1000,0,43000
HAVELLS30Jan20600PE.NFO,07/01/2020,11:16:04,4.75,4.3,2000,4.75,1000,0,43000
HAVELLS30Jan20600PE.NFO,07/01/2020,11:20:50,4.75,4.3,2000,4.75,8000,0,43000
HAVELLS30Jan20600PE.NFO,07/01/2020,11:20:56,4.75,4.3,2000,4.65,2000,0,43000
HAVELLS30Jan20600PE.NFO,07/01/2020,11:21:21,4.3,3.9,2000,4.55,2000,2000,44000
HAVELLS30Jan20600PE.NFO,07/01/2020,11:21:26,4.3,3.9,2000,4.55,2000,0,44000
HAVELLS30Jan20600PE.NFO,07/01/2020,11:22:09,4.3,3.9,2000,4.45,2000,0,44000
HAVELLS30Jan20600PE.NFO,07/01/2020,11:22:45,4.3,3.9,2000,4.45,1000,0,44000
HAVELLS30Jan20600PE.NFO,07/01/2020,11:22:54,4.3,3.9,2000,4.4,2000,0,44000
HAVELLS30Jan20600PE.NFO,07/01/2020,11:23:06,4.3,3.9,2000,4.4,1000,0,44000
HAVELLS30Jan20600PE.NFO,07/01/2020,11:23:21,4.3,3.9,2000,4.4,2000,0,44000
HAVELLS30Jan20600PE.NFO,07/01/2020,11:23:25,4.3,3.9,2000,4.4,1000,0,44000
HAVELLS30Jan20600PE.NFO,07/01/2020,11:23:30,4.3,3.9,2000,4.4,2000,0,44000
HAVELLS30Jan20600PE.NFO,07/01/2020,11:23:51,4.3,3.9,2000,4.4,1000,0,44000
HAVELLS30Jan20600PE.NFO,07/01/2020,11:24:02,4.3,3.9,2000,4.4,2000,0,44000
HAVELLS30Jan20600PE.NFO,07/01/2020,11:24:13,4.3,3.9,2000,4.4,1000,0,44000
HAVELLS30Jan20600PE.NFO,07/01/2020,11:24:18,4.3,3.9,2000,4.4,2000,0,44000
HAVELLS30Jan20600PE.NFO,07/01/2020,11:24:38,4.3,3.9,2000,4.4,1000,0,44000
HAVELLS30Jan20600PE.NFO,07/01/2020,11:27:38,4.3,3.9,2000,4.4,1000,0,45000
HAVELLS30Jan20600PE.NFO,07/01/2020,11:34:32,4.3,3.9,2000,4.4,2000,0,45000
HAVELLS30Jan20600PE.NFO,07/01/2020,11:34:55,4.3,3.9,2000,4.4,9000,0,45000
HAVELLS30Jan20600PE.NFO,07/01/2020,11:35:12,4.3,3.9,2000,4.3,2000,0,45000
HAVELLS30Jan20600PE.NFO,07/01/2020,11:35:17,4.3,3.9,2000,4.3,1000,0,45000
HAVELLS30Jan20600PE.NFO,07/01/2020,11:35:36,4.3,3.9,2000,4.3,9000,0,45000
HAVELLS30Jan20600PE.NFO,07/01/2020,11:35:59,4.3,3.9,2000,4.3,1000,0,45000
HAVELLS30Jan20600PE.NFO,07/01/2020,11:39:44,4.3,3.9,2000,4.35,1000,0,45000
HAVELLS30Jan20600PE.NFO,07/01/2020,11:39:50,4.3,3.9,2000,4.4,1000,0,45000
HAVELLS30Jan20600PE.NFO,07/01/2020,11:40:26,4.3,3.9,2000,4.4,2000,0,45000
HAVELLS30Jan20600PE.NFO,07/01/2020,11:40:30,4.3,3.9,2000,4.4,1000,0,45000
HAVELLS30Jan20600PE.NFO,07/01/2020,11:41:59,4.3,3.9,2000,4.45,1000,0,45000
HAVELLS30Jan20600PE.NFO,07/01/2020,11:42:36,4.3,3.9,2000,4.45,2000,0,45000
HAVELLS30Jan20600PE.NFO,07/01/2020,11:42:55,4.3,3.9,2000,4.45,1000,0,45000
HAVELLS30Jan20600PE.NFO,07/01/2020,11:42:59,4.3,3.9,2000,4.45,2000,0,45000
HAVELLS30Jan20600PE.NFO,07/01/2020,11:44:37,4.3,3.9,2000,4.45,1000,0,45000
HAVELLS30Jan20600PE.NFO,07/01/2020,11:51:38,4.3,3.9,2000,4.45,2000,0,45000
HAVELLS30Jan20600PE.NFO,07/01/2020,11:51:49,4.3,3.9,2000,4.45,1000,0,45000
HAVELLS30Jan20600PE.NFO,07/01/2020,11:58:46,4.3,4.25,2000,4.5,2000,0,45000
HAVELLS30Jan20600PE.NFO,07/01/2020,11:58:50,4.3,4.25,2000,4.5,1000,0,45000
HAVELLS30Jan20600PE.NFO,07/01/2020,12:01:50,4.3,4.25,2000,4.45,1000,0,45000
HAVELLS30Jan20600PE.NFO,07/01/2020,12:02:01,4.5,4.4,1000,4.55,1000,2000,45000
HAVELLS30Jan20600PE.NFO,07/01/2020,12:02:05,4.5,4.4,1000,4.7,2000,0,45000
HAVELLS30Jan20600PE.NFO,07/01/2020,12:02:30,4.5,4.5,1000,4.7,2000,0,45000
HAVELLS30Jan20600PE.NFO,07/01/2020,12:02:35,4.5,4.45,1000,4.7,2000,0,45000
HAVELLS30Jan20600PE.NFO,07/01/2020,12:08:38,4.5,4.4,1000,4.7,2000,0,45000
HAVELLS30Jan20600PE.NFO,07/01/2020,12:10:22,4.5,4.4,1000,4.7,1000,0,45000
HAVELLS30Jan20600PE.NFO,07/01/2020,12:12:42,4.5,4.4,1000,4.65,1000,0,45000
HAVELLS30Jan20600PE.NFO,07/01/2020,12:13:49,4.5,4.4,1000,4.65,2000,0,45000
HAVELLS30Jan20600PE.NFO,07/01/2020,12:14:04,4.5,4.4,1000,4.65,1000,0,45000
HAVELLS30Jan20600PE.NFO,07/01/2020,12:17:29,4.5,4.4,1000,4.7,1000,0,45000
HAVELLS30Jan20600PE.NFO,07/01/2020,12:18:38,4.5,4.4,1000,4.7,2000,0,45000
HAVELLS30Jan20600PE.NFO,07/01/2020,12:21:56,4.5,4.4,1000,4.65,2000,0,45000
HAVELLS30Jan20600PE.NFO,07/01/2020,12:22:00,4.5,4.4,1000,4.65,1000,0,45000
HAVELLS30Jan20600PE.NFO,07/01/2020,12:22:13,4.5,4.4,1000,4.65,2000,0,45000
HAVELLS30Jan20600PE.NFO,07/01/2020,12:22:40,4.5,4.4,1000,4.65,1000,0,45000
HAVELLS30Jan20600PE.NFO,07/01/2020,12:23:33,4.5,4.4,1000,4.65,2000,0,45000
HAVELLS30Jan20600PE.NFO,07/01/2020,12:24:08,4.5,4.4,1000,4.65,1000,0,45000
HAVELLS30Jan20600PE.NFO,07/01/2020,12:24:14,4.5,4.4,1000,4.65,2000,0,45000
HAVELLS30Jan20600PE.NFO,07/01/2020,12:27:17,4.5,4.35,1000,4.65,2000,0,45000
HAVELLS30Jan20600PE.NFO,07/01/2020,12:29:46,4.5,4.35,1000,4.65,1000,0,45000
HAVELLS30Jan20600PE.NFO,07/01/2020,12:30:21,4.5,4.35,1000,4.7,1000,0,45000
HAVELLS30Jan20600PE.NFO,07/01/2020,12:30:44,4.5,4.35,1000,4.65,1000,0,45000
HAVELLS30Jan20600PE.NFO,07/01/2020,12:30:57,4.5,4.35,1000,4.65,2000,0,45000
HAVELLS30Jan20600PE.NFO,07/01/2020,12:32:32,4.5,4.35,1000,4.65,1000,0,45000
HAVELLS30Jan20600PE.NFO,07/01/2020,12:33:04,4.5,4.35,1000,4.65,2000,0,45000
HAVELLS30Jan20600PE.NFO,07/01/2020,12:33:53,4.5,4.35,1000,4.65,1000,0,45000
HAVELLS30Jan20600PE.NFO,07/01/2020,12:34:34,4.5,4.35,1000,4.65,2000,0,45000
HAVELLS30Jan20600PE.NFO,07/01/2020,12:37:53,4.5,4.35,1000,4.65,1000,0,45000
HAVELLS30Jan20600PE.NFO,07/01/2020,12:38:13,4.5,4.35,1000,4.65,2000,0,45000
HAVELLS30Jan20600PE.NFO,07/01/2020,12:46:14,4.5,4.3,2000,4.65,2000,0,45000
HAVELLS30Jan20600PE.NFO,07/01/2020,12:46:19,4.5,4.3,1000,4.65,2000,0,45000
HAVELLS30Jan20600PE.NFO,07/01/2020,12:53:53,4.5,4.3,1000,4.55,2000,0,45000
HAVELLS30Jan20600PE.NFO,07/01/2020,12:53:56,4.5,4.3,1000,4.55,3000,0,45000
HAVELLS30Jan20600PE.NFO,07/01/2020,12:53:59,4.5,4.3,1000,4.5,3000,0,45000
HAVELLS30Jan20600PE.NFO,07/01/2020,12:54:07,4.5,4.3,1000,4.45,1000,0,45000
HAVELLS30Jan20600PE.NFO,07/01/2020,12:54:14,4.5,4.3,1000,4.4,1000,0,45000
HAVELLS30Jan20600PE.NFO,07/01/2020,12:54:18,4.5,4.3,1000,4.45,1000,0,45000
HAVELLS30Jan20600PE.NFO,07/01/2020,12:54:25,4.5,4.3,1000,4.5,2000,0,45000
HAVELLS30Jan20600PE.NFO,07/01/2020,12:54:45,4.5,4.3,1000,4.45,1000,0,45000
HAVELLS30Jan20600PE.NFO,07/01/2020,12:54:53,4.5,4.3,1000,4.4,1000,0,45000
HAVELLS30Jan20600PE.NFO,07/01/2020,12:54:57,4.5,4.3,1000,4.35,1000,0,45000
HAVELLS30Jan20600PE.NFO,07/01/2020,12:55:08,4.5,4.3,1000,4.5,2000,0,45000
HAVELLS30Jan20600PE.NFO,07/01/2020,12:55:12,4.5,4.35,1000,4.5,2000,0,45000
HAVELLS30Jan20600PE.NFO,07/01/2020,12:55:15,4.5,4.3,1000,4.5,2000,0,45000
HAVELLS30Jan20600PE.NFO,07/01/2020,12:55:19,4.5,4.3,1000,4.5,1000,0,45000
HAVELLS30Jan20600PE.NFO,07/01/2020,12:56:46,4.5,4.3,1000,4.45,1000,0,45000
HAVELLS30Jan20600PE.NFO,07/01/2020,12:56:58,4.5,4.3,1000,4.5,1000,0,45000
HAVELLS30Jan20600PE.NFO,07/01/2020,12:57:55,4.5,4.3,1000,4.45,2000,0,45000
HAVELLS30Jan20600PE.NFO,07/01/2020,12:57:59,4.5,4.3,1000,4.4,1000,0,45000
HAVELLS30Jan20600PE.NFO,07/01/2020,12:58:03,4.3,4.25,1000,4.45,1000,1000,45000
HAVELLS30Jan20600PE.NFO,07/01/2020,13:00:43,4.3,4.25,1000,4.5,1000,0,46000
HAVELLS30Jan20600PE.NFO,07/01/2020,13:01:56,4.3,4.25,1000,4.45,2000,0,46000
HAVELLS30Jan20600PE.NFO,07/01/2020,13:02:25,4.3,4.25,1000,4.45,1000,0,46000
HAVELLS30Jan20600PE.NFO,07/01/2020,13:04:19,4.3,4.35,1000,4.45,1000,0,46000
HAVELLS30Jan20600PE.NFO,07/01/2020,13:04:52,4.3,4.35,1000,4.5,1000,0,46000
HAVELLS30Jan20600PE.NFO,07/01/2020,13:05:05,4.3,4.3,1000,4.5,1000,0,46000
HAVELLS30Jan20600PE.NFO,07/01/2020,13:05:12,4.3,4.45,1000,4.5,1000,0,46000
HAVELLS30Jan20600PE.NFO,07/01/2020,13:05:19,4.5,4.3,1000,4.55,1000,1000,46000
HAVELLS30Jan20600PE.NFO,07/01/2020,13:05:25,4.5,4.3,1000,4.6,1000,0,46000
HAVELLS30Jan20600PE.NFO,07/01/2020,13:07:33,4.5,4.3,1000,4.55,2000,0,46000
HAVELLS30Jan20600PE.NFO,07/01/2020,13:07:48,4.5,4.3,1000,4.6,1000,0,46000
HAVELLS30Jan20600PE.NFO,07/01/2020,13:07:59,4.5,4.3,1000,4.7,1000,0,46000
HAVELLS30Jan20600PE.NFO,07/01/2020,13:08:43,4.5,4.3,1000,4.75,3000,0,46000
HAVELLS30Jan20600PE.NFO,07/01/2020,13:11:12,4.5,4.3,1000,4.75,2000,0,46000
HAVELLS30Jan20600PE.NFO,07/01/2020,13:12:34,4.5,4.3,1000,4.75,1000,0,46000
HAVELLS30Jan20600PE.NFO,07/01/2020,13:14:54,4.5,4.3,1000,4.85,1000,0,46000
HAVELLS30Jan20600PE.NFO,07/01/2020,13:15:44,4.5,4.4,2000,4.85,1000,0,46000
HAVELLS30Jan20600PE.NFO,07/01/2020,13:17:36,4.85,4.5,2000,5.05,1000,1000,47000
HAVELLS30Jan20600PE.NFO,07/01/2020,13:17:36,4.85,4.5,2000,5.05,1000,0,47000
HAVELLS30Jan20600PE.NFO,07/01/2020,13:17:42,4.85,4.5,2000,5.05,1000,0,47000
HAVELLS30Jan20600PE.NFO,07/01/2020,13:18:06,4.85,4.5,2000,5.1,2000,0,47000
HAVELLS30Jan20600PE.NFO,07/01/2020,13:18:18,4.85,4.6,2000,5.1,1000,0,47000
HAVELLS30Jan20600PE.NFO,07/01/2020,13:18:46,4.85,4.7,2000,5.2,2000,0,47000
HAVELLS30Jan20600PE.NFO,07/01/2020,13:20:14,4.85,4.8,2000,5.2,1000,0,47000
HAVELLS30Jan20600PE.NFO,07/01/2020,13:21:01,4.85,4.8,2000,5.25,2000,0,47000
HAVELLS30Jan20600PE.NFO,07/01/2020,13:21:14,4.85,4.8,2000,5.25,1000,0,47000
HAVELLS30Jan20600PE.NFO,07/01/2020,13:21:29,4.85,4.8,2000,5.3,2000,0,47000
HAVELLS30Jan20600PE.NFO,07/01/2020,13:21:34,4.85,4.9,2000,5.3,1000,0,47000
HAVELLS30Jan20600PE.NFO,07/01/2020,13:21:53,4.85,4.9,2000,5.35,1000,0,47000
HAVELLS30Jan20600PE.NFO,07/01/2020,13:22:42,4.85,5,2000,5.35,1000,0,47000
HAVELLS30Jan20600PE.NFO,07/01/2020,13:25:44,4.85,5,2000,5.25,2000,0,47000
HAVELLS30Jan20600PE.NFO,07/01/2020,13:26:43,4.85,5,2000,5.1,1000,0,47000
HAVELLS30Jan20600PE.NFO,07/01/2020,13:26:48,5,5,1000,5.1,1000,1000,46000
HAVELLS30Jan20600PE.NFO,07/01/2020,13:26:48,5,5,1000,5.1,1000,0,46000
HAVELLS30Jan20600PE.NFO,07/01/2020,13:26:54,5,5,1000,5.1,1000,0,46000
HAVELLS30Jan20600PE.NFO,07/01/2020,13:27:05,5,5.05,2000,5.25,2000,0,46000
HAVELLS30Jan20600PE.NFO,07/01/2020,13:27:10,5,5,1000,5.25,2000,0,46000
HAVELLS30Jan20600PE.NFO,07/01/2020,13:27:27,5,5.05,1000,5.25,2000,0,46000
HAVELLS30Jan20600PE.NFO,07/01/2020,13:27:32,5,5.05,2000,5.25,2000,0,46000
HAVELLS30Jan20600PE.NFO,07/01/2020,13:27:39,5,5.05,2000,5.25,1000,0,46000
HAVELLS30Jan20600PE.NFO,07/01/2020,13:27:52,5,5.05,1000,5.25,1000,0,46000
HAVELLS30Jan20600PE.NFO,07/01/2020,13:27:58,5,5.05,2000,5.25,1000,0,46000
HAVELLS30Jan20600PE.NFO,07/01/2020,13:28:20,5,5.05,1000,5.25,1000,0,46000
HAVELLS30Jan20600PE.NFO,07/01/2020,13:28:42,5,5.05,2000,5.25,1000,0,46000
HAVELLS30Jan20600PE.NFO,07/01/2020,13:29:02,5,5.05,2000,5.35,1000,0,46000
HAVELLS30Jan20600PE.NFO,07/01/2020,13:29:51,5,5.05,2000,5.4,1000,0,46000
HAVELLS30Jan20600PE.NFO,07/01/2020,13:30:16,5,5.05,2000,5.45,1000,0,46000
HAVELLS30Jan20600PE.NFO,07/01/2020,13:30:51,5,5.05,2000,5.5,1000,0,46000
HAVELLS30Jan20600PE.NFO,07/01/2020,13:31:04,5,5.05,2000,5.55,3000,0,46000
HAVELLS30Jan20600PE.NFO,07/01/2020,13:31:16,5,5.05,2000,5.55,2000,0,46000
HAVELLS30Jan20600PE.NFO,07/01/2020,13:32:18,5,5.05,2000,5.55,1000,0,46000
HAVELLS30Jan20600PE.NFO,07/01/2020,13:32:38,5,5.05,2000,5.55,2000,0,46000
HAVELLS30Jan20600PE.NFO,07/01/2020,13:32:47,5,5.15,2000,5.55,1000,0,46000
HAVELLS30Jan20600PE.NFO,07/01/2020,13:32:52,5,5.15,2000,5.55,2000,0,46000
HAVELLS30Jan20600PE.NFO,07/01/2020,13:32:57,5,5.15,2000,5.55,1000,0,46000
HAVELLS30Jan20600PE.NFO,07/01/2020,13:33:08,5,5.15,2000,5.55,2000,0,46000
HAVELLS30Jan20600PE.NFO,07/01/2020,13:33:20,5,5.15,2000,5.55,1000,0,46000
HAVELLS30Jan20600PE.NFO,07/01/2020,13:33:26,5,5.25,2000,5.55,2000,0,46000
HAVELLS30Jan20600PE.NFO,07/01/2020,13:34:06,5,5.25,2000,5.55,1000,0,46000
HAVELLS30Jan20600PE.NFO,07/01/2020,13:34:16,5,5.25,2000,5.55,2000,0,46000
HAVELLS30Jan20600PE.NFO,07/01/2020,13:36:09,5,5.25,2000,5.55,1000,0,46000
HAVELLS30Jan20600PE.NFO,07/01/2020,13:36:27,5,5.25,2000,5.55,2000,0,46000
HAVELLS30Jan20600PE.NFO,07/01/2020,13:36:31,5,5.25,2000,5.55,1000,0,46000
HAVELLS30Jan20600PE.NFO,07/01/2020,13:36:45,5,5.25,2000,5.5,1000,0,46000
HAVELLS30Jan20600PE.NFO,07/01/2020,13:37:14,5,5.35,2000,5.5,1000,0,46000
HAVELLS30Jan20600PE.NFO,07/01/2020,13:37:32,5.35,5.35,1000,5.5,1000,1000,46000
HAVELLS30Jan20600PE.NFO,07/01/2020,13:37:32,5.35,5.35,1000,5.5,1000,0,46000
HAVELLS30Jan20600PE.NFO,07/01/2020,13:38:12,5.35,5.25,2000,5.5,2000,1000,46000
HAVELLS30Jan20600PE.NFO,07/01/2020,13:38:19,5.35,5.25,2000,5.5,2000,0,46000
HAVELLS30Jan20600PE.NFO,07/01/2020,13:38:25,5.35,5.3,2000,5.5,2000,0,46000
HAVELLS30Jan20600PE.NFO,07/01/2020,13:38:44,5.35,5.25,1000,5.5,2000,0,46000
HAVELLS30Jan20600PE.NFO,07/01/2020,13:39:32,5.35,5.3,2000,5.5,1000,0,46000
HAVELLS30Jan20600PE.NFO,07/01/2020,13:41:00,5.35,5.3,2000,5.55,1000,0,46000
HAVELLS30Jan20600PE.NFO,07/01/2020,13:42:55,5.35,5.3,2000,5.55,2000,0,46000
HAVELLS30Jan20600PE.NFO,07/01/2020,13:43:44,5.35,5.3,2000,5.55,1000,0,46000
HAVELLS30Jan20600PE.NFO,07/01/2020,13:43:55,5.35,5.3,2000,5.55,2000,0,46000
HAVELLS30Jan20600PE.NFO,07/01/2020,13:44:04,5.35,5.3,1000,5.55,2000,0,46000
HAVELLS30Jan20600PE.NFO,07/01/2020,13:44:11,5.35,5.35,1000,5.55,2000,0,46000
HAVELLS30Jan20600PE.NFO,07/01/2020,13:44:23,5.35,5.35,1000,5.55,1000,0,46000
HAVELLS30Jan20600PE.NFO,07/01/2020,13:45:15,5.35,5.3,1000,5.55,2000,0,46000
HAVELLS30Jan20600PE.NFO,07/01/2020,13:45:43,5.35,5.25,1000,5.55,2000,0,46000
HAVELLS30Jan20600PE.NFO,07/01/2020,13:46:05,5.35,5.25,1000,5.45,1000,0,46000
HAVELLS30Jan20600PE.NFO,07/01/2020,13:48:44,5.25,5.2,2000,5.25,3000,4000,46000
HAVELLS30Jan20600PE.NFO,07/01/2020,13:48:50,5.25,5.2,2000,5.25,3000,0,46000
HAVELLS30Jan20600PE.NFO,07/01/2020,13:48:55,5.15,5.1,1000,5.15,5000,3000,46000
HAVELLS30Jan20600PE.NFO,07/01/2020,13:49:01,5.15,4.8,1000,5.15,5000,0,46000
HAVELLS30Jan20600PE.NFO,07/01/2020,13:49:08,5.15,4.8,1000,5.15,4000,1000,46000
HAVELLS30Jan20600PE.NFO,07/01/2020,13:49:14,5.1,4.8,1000,5.1,2000,2000,46000
HAVELLS30Jan20600PE.NFO,07/01/2020,13:49:19,5.1,4.75,8000,5.05,1000,0,46000
HAVELLS30Jan20600PE.NFO,07/01/2020,13:49:26,5.05,4.75,8000,5.1,2000,1000,46000
HAVELLS30Jan20600PE.NFO,07/01/2020,13:49:33,5.05,4.8,1000,5.1,2000,0,46000
HAVELLS30Jan20600PE.NFO,07/01/2020,13:49:58,5.05,4.8,1000,5.1,2000,1000,46000
HAVELLS30Jan20600PE.NFO,07/01/2020,13:50:16,5.05,4.4,1000,5.1,2000,0,46000
HAVELLS30Jan20600PE.NFO,07/01/2020,13:50:24,5.05,4.4,1000,5.05,2000,0,46000
HAVELLS30Jan20600PE.NFO,07/01/2020,13:50:30,5.05,4.4,1000,5,2000,0,46000
HAVELLS30Jan20600PE.NFO,07/01/2020,13:51:16,5.05,4.4,1000,5.05,2000,0,46000
HAVELLS30Jan20600PE.NFO,07/01/2020,13:52:14,5.05,4.4,1000,5.1,2000,0,46000
HAVELLS30Jan20600PE.NFO,07/01/2020,13:53:01,5.05,4.4,1000,5.05,2000,0,46000
HAVELLS30Jan20600PE.NFO,07/01/2020,13:53:05,5.05,4.4,1000,5.1,2000,0,46000
HAVELLS30Jan20600PE.NFO,07/01/2020,13:53:48,5.1,4.4,1000,5.2,1000,1000,45000
HAVELLS30Jan20600PE.NFO,07/01/2020,13:53:56,5.1,4.4,1000,5.25,2000,0,45000
HAVELLS30Jan20600PE.NFO,07/01/2020,13:54:02,5.1,4.4,1000,5.15,1000,0,45000
HAVELLS30Jan20600PE.NFO,07/01/2020,13:54:08,5.1,4.4,1000,5.25,2000,0,45000
HAVELLS30Jan20600PE.NFO,07/01/2020,13:54:13,5.1,4.4,1000,5.2,1000,0,45000
HAVELLS30Jan20600PE.NFO,07/01/2020,13:54:17,5.1,4.4,1000,5.25,1000,0,45000
HAVELLS30Jan20600PE.NFO,07/01/2020,13:54:21,5.1,4.4,1000,5.25,2000,0,45000
HAVELLS30Jan20600PE.NFO,07/01/2020,13:54:35,5.1,4.4,1000,5.2,1000,0,45000
HAVELLS30Jan20600PE.NFO,07/01/2020,13:54:40,5.1,4.4,1000,5.25,2000,0,45000
HAVELLS30Jan20600PE.NFO,07/01/2020,13:54:44,5.1,4.4,1000,5.2,1000,0,45000
HAVELLS30Jan20600PE.NFO,07/01/2020,13:54:48,5.1,4.4,1000,5.25,2000,0,45000
HAVELLS30Jan20600PE.NFO,07/01/2020,13:54:57,5.1,4.1,1000,4.95,1000,0,45000
HAVELLS30Jan20600PE.NFO,07/01/2020,13:55:01,5.1,4.1,1000,5,1000,0,45000
HAVELLS30Jan20600PE.NFO,07/01/2020,13:55:06,5.1,4.1,1000,4.95,1000,0,45000
HAVELLS30Jan20600PE.NFO,07/01/2020,13:55:19,5.1,4.1,1000,5,1000,0,45000
HAVELLS30Jan20600PE.NFO,07/01/2020,13:55:29,5.1,4.1,1000,5.05,1000,0,45000
HAVELLS30Jan20600PE.NFO,07/01/2020,13:55:34,5.1,4.1,1000,5.1,2000,0,45000
HAVELLS30Jan20600PE.NFO,07/01/2020,13:55:38,5.1,4.1,1000,5.05,2000,0,45000
HAVELLS30Jan20600PE.NFO,07/01/2020,13:55:51,5.1,4.1,1000,5.1,2000,0,45000
HAVELLS30Jan20600PE.NFO,07/01/2020,13:56:00,5.1,4.1,1000,5.05,2000,0,45000
HAVELLS30Jan20600PE.NFO,07/01/2020,13:56:29,5.1,4.1,1000,5.05,1000,0,45000
HAVELLS30Jan20600PE.NFO,07/01/2020,13:58:24,5.1,4.1,1000,5.15,1000,0,45000
HAVELLS30Jan20600PE.NFO,07/01/2020,13:58:47,5.1,4.1,1000,5.1,1000,0,45000
HAVELLS30Jan20600PE.NFO,07/01/2020,13:59:18,5.1,4.1,1000,5.15,1000,0,45000
HAVELLS30Jan20600PE.NFO,07/01/2020,13:59:22,5.1,4.1,1000,5.05,1000,0,45000
HAVELLS30Jan20600PE.NFO,07/01/2020,13:59:46,5.1,4.1,1000,5.1,1000,0,45000
HAVELLS30Jan20600PE.NFO,07/01/2020,13:59:49,5.1,4.1,1000,5.15,1000,0,45000
HAVELLS30Jan20600PE.NFO,07/01/2020,13:59:52,5.1,4.1,1000,5.1,1000,0,45000
HAVELLS30Jan20600PE.NFO,07/01/2020,13:59:55,5.1,4.1,1000,5.15,1000,0,45000
HAVELLS30Jan20600PE.NFO,07/01/2020,14:00:07,5.1,4.1,1000,5.1,1000,0,45000
HAVELLS30Jan20600PE.NFO,07/01/2020,14:00:11,5.1,4.1,1000,5.15,1000,0,45000
HAVELLS30Jan20600PE.NFO,07/01/2020,14:00:22,5.1,4.1,1000,5.1,1000,0,45000
HAVELLS30Jan20600PE.NFO,07/01/2020,14:00:46,5.1,4.1,1000,5.15,1000,0,45000
HAVELLS30Jan20600PE.NFO,07/01/2020,14:00:52,5.1,4.1,1000,5.1,1000,0,45000
HAVELLS30Jan20600PE.NFO,07/01/2020,14:00:58,5.1,4.1,1000,5.15,1000,0,45000
HAVELLS30Jan20600PE.NFO,07/01/2020,14:01:04,5.1,4.1,1000,5.1,1000,0,45000
HAVELLS30Jan20600PE.NFO,07/01/2020,14:01:09,5.1,4.1,1000,5.15,1000,0,45000
HAVELLS30Jan20600PE.NFO,07/01/2020,14:01:56,5.1,4.1,1000,5.1,1000,0,45000
HAVELLS30Jan20600PE.NFO,07/01/2020,14:02:00,5.1,4.1,1000,5.15,1000,0,45000
HAVELLS30Jan20600PE.NFO,07/01/2020,14:02:16,5.1,4.1,1000,5.1,1000,0,45000
HAVELLS30Jan20600PE.NFO,07/01/2020,14:02:24,5.1,4.1,1000,5.15,1000,0,45000
HAVELLS30Jan20600PE.NFO,07/01/2020,14:02:29,5.1,4.1,1000,5.2,1000,0,45000
HAVELLS30Jan20600PE.NFO,07/01/2020,14:02:39,5.1,4.1,1000,5.15,1000,0,45000
HAVELLS30Jan20600PE.NFO,07/01/2020,14:02:44,5.1,4.1,1000,5.1,1000,0,45000
HAVELLS30Jan20600PE.NFO,07/01/2020,14:02:50,5.1,4.1,1000,5.15,1000,0,45000
HAVELLS30Jan20600PE.NFO,07/01/2020,14:02:52,5.1,4.1,1000,5.2,1000,0,45000
HAVELLS30Jan20600PE.NFO,07/01/2020,14:03:04,5.1,4.1,1000,5.15,1000,0,45000
HAVELLS30Jan20600PE.NFO,07/01/2020,14:03:08,5.1,4.1,1000,5.2,1000,0,45000
HAVELLS30Jan20600PE.NFO,07/01/2020,14:03:26,5.1,4.1,1000,5.15,1000,0,45000
HAVELLS30Jan20600PE.NFO,07/01/2020,14:03:29,5.1,4.1,1000,5.2,1000,0,45000
HAVELLS30Jan20600PE.NFO,07/01/2020,14:03:33,5.1,4.1,1000,5.15,1000,0,45000
HAVELLS30Jan20600PE.NFO,07/01/2020,14:04:08,5.1,4.1,1000,5.2,1000,0,45000
HAVELLS30Jan20600PE.NFO,07/01/2020,14:04:18,5.1,4.1,1000,5.15,1000,0,45000
HAVELLS30Jan20600PE.NFO,07/01/2020,14:06:06,5.1,4.1,1000,5.2,1000,0,45000
HAVELLS30Jan20600PE.NFO,07/01/2020,14:06:46,5.1,4.1,1000,5.25,1000,0,45000
HAVELLS30Jan20600PE.NFO,07/01/2020,14:06:50,5.1,4.1,1000,5.2,1000,0,45000
HAVELLS30Jan20600PE.NFO,07/01/2020,14:06:56,5.1,4.1,1000,5.25,1000,0,45000
HAVELLS30Jan20600PE.NFO,07/01/2020,14:07:59,5.1,4.5,3000,5.25,1000,0,45000
HAVELLS30Jan20600PE.NFO,07/01/2020,14:09:08,5.1,4.5,3000,5.1,1000,0,45000
HAVELLS30Jan20600PE.NFO,07/01/2020,14:09:12,5.1,4.5,3000,5.2,1000,0,45000
HAVELLS30Jan20600PE.NFO,07/01/2020,14:09:40,5.1,4.3,1000,5.2,1000,0,45000
HAVELLS30Jan20600PE.NFO,07/01/2020,14:09:51,5.1,4.3,1000,5.25,1000,0,45000
HAVELLS30Jan20600PE.NFO,07/01/2020,14:09:59,5.1,4.3,1000,5.2,1000,0,45000
HAVELLS30Jan20600PE.NFO,07/01/2020,14:10:07,5.1,4.3,1000,5.25,1000,0,45000
HAVELLS30Jan20600PE.NFO,07/01/2020,14:10:14,5.1,4.3,1000,5.2,1000,0,45000
HAVELLS30Jan20600PE.NFO,07/01/2020,14:10:24,5.1,4.3,1000,5.25,1000,0,45000
HAVELLS30Jan20600PE.NFO,07/01/2020,14:10:34,5.1,4.3,1000,5.2,1000,0,45000
HAVELLS30Jan20600PE.NFO,07/01/2020,14:10:38,5.1,4.3,1000,5.25,1000,0,45000
HAVELLS30Jan20600PE.NFO,07/01/2020,14:10:54,5.1,4.4,1000,5.25,1000,0,45000
HAVELLS30Jan20600PE.NFO,07/01/2020,14:11:07,5.1,4.5,1000,5.2,1000,0,45000
HAVELLS30Jan20600PE.NFO,07/01/2020,14:11:10,5.1,4.5,1000,5.25,1000,0,45000
HAVELLS30Jan20600PE.NFO,07/01/2020,14:11:29,5.1,4.5,1000,5.2,1000,0,45000
HAVELLS30Jan20600PE.NFO,07/01/2020,14:13:39,5.1,4.55,1000,5.2,1000,0,45000
HAVELLS30Jan20600PE.NFO,07/01/2020,14:13:46,5.1,4.55,1000,5.15,1000,0,45000
HAVELLS30Jan20600PE.NFO,07/01/2020,14:14:03,5.1,4.55,1000,5.2,1000,0,45000
HAVELLS30Jan20600PE.NFO,07/01/2020,14:14:09,5.1,4.55,1000,5.15,1000,0,45000
HAVELLS30Jan20600PE.NFO,07/01/2020,14:15:27,5.1,4.55,1000,5.2,1000,0,45000
HAVELLS30Jan20600PE.NFO,07/01/2020,14:15:52,5.1,4.65,1000,5.2,1000,0,45000
HAVELLS30Jan20600PE.NFO,07/01/2020,14:16:08,5.1,4.65,1000,5.15,1000,0,45000
HAVELLS30Jan20600PE.NFO,07/01/2020,14:16:22,5.1,4.65,1000,5.2,1000,0,45000
HAVELLS30Jan20600PE.NFO,07/01/2020,14:16:40,5.1,4.65,1000,5.15,1000,0,45000
HAVELLS30Jan20600PE.NFO,07/01/2020,14:17:46,5.1,4.9,1000,5.15,1000,0,45000
HAVELLS30Jan20600PE.NFO,07/01/2020,14:18:18,5.1,4.85,1000,5.15,1000,0,45000
HAVELLS30Jan20600PE.NFO,07/01/2020,14:23:41,5.1,4.85,1000,5.25,1000,0,45000
HAVELLS30Jan20600PE.NFO,07/01/2020,14:23:57,5.1,4.85,1000,5.2,1000,0,45000
HAVELLS30Jan20600PE.NFO,07/01/2020,14:24:22,5.1,4.85,1000,5.25,1000,0,45000
HAVELLS30Jan20600PE.NFO,07/01/2020,14:24:47,5.1,4.85,1000,5.2,1000,0,45000
HAVELLS30Jan20600PE.NFO,07/01/2020,14:27:20,5.1,4.85,1000,5.15,1000,0,45000
HAVELLS30Jan20600PE.NFO,07/01/2020,14:27:35,5.1,4.85,1000,5.2,1000,0,45000
HAVELLS30Jan20600PE.NFO,07/01/2020,14:27:48,5.1,4.85,1000,5.15,1000,0,45000
HAVELLS30Jan20600PE.NFO,07/01/2020,14:28:07,5.1,4.85,1000,5.2,1000,0,45000
HAVELLS30Jan20600PE.NFO,07/01/2020,14:29:54,5.1,4.85,1000,5.25,1000,0,45000
HAVELLS30Jan20600PE.NFO,07/01/2020,14:30:40,5.1,4.85,1000,5.2,1000,0,45000
HAVELLS30Jan20600PE.NFO,07/01/2020,14:30:49,5.1,4.85,1000,5.25,1000,0,45000
HAVELLS30Jan20600PE.NFO,07/01/2020,14:31:04,5.1,4.85,1000,5.2,1000,0,45000
HAVELLS30Jan20600PE.NFO,07/01/2020,14:31:11,5.1,4.85,1000,5.25,1000,0,45000
HAVELLS30Jan20600PE.NFO,07/01/2020,14:31:19,5.1,4.85,1000,5.2,1000,0,45000
HAVELLS30Jan20600PE.NFO,07/01/2020,14:31:26,5.1,4.85,1000,5.15,1000,0,45000
HAVELLS30Jan20600PE.NFO,07/01/2020,14:31:46,5.1,4.9,1000,5.2,1000,0,45000
HAVELLS30Jan20600PE.NFO,07/01/2020,14:31:56,5.1,4.85,1000,5.2,1000,0,45000
HAVELLS30Jan20600PE.NFO,07/01/2020,14:32:02,5.1,4.85,1000,5.15,1000,0,45000
HAVELLS30Jan20600PE.NFO,07/01/2020,14:32:09,5.1,4.85,1000,5.25,1000,0,45000
HAVELLS30Jan20600PE.NFO,07/01/2020,14:32:14,5.1,4.85,1000,5.2,1000,0,45000
HAVELLS30Jan20600PE.NFO,07/01/2020,14:32:19,5.1,4.85,1000,5.15,1000,0,45000
HAVELLS30Jan20600PE.NFO,07/01/2020,14:32:26,5.1,4.85,1000,5.2,1000,0,45000
HAVELLS30Jan20600PE.NFO,07/01/2020,14:33:32,5.1,4.85,1000,5.15,1000,0,45000
HAVELLS30Jan20600PE.NFO,07/01/2020,14:33:38,5.1,4.85,1000,5.2,1000,0,45000
HAVELLS30Jan20600PE.NFO,07/01/2020,14:34:01,5.1,4.8,1000,5.1,1000,0,45000
HAVELLS30Jan20600PE.NFO,07/01/2020,14:34:06,5.1,4.85,1000,5.15,1000,0,45000
HAVELLS30Jan20600PE.NFO,07/01/2020,14:34:11,5.1,4.85,1000,5.2,1000,0,45000
HAVELLS30Jan20600PE.NFO,07/01/2020,14:35:21,5.1,4.85,1000,5.15,1000,0,45000
HAVELLS30Jan20600PE.NFO,07/01/2020,14:35:40,5.1,4.75,1000,5.15,1000,0,45000
HAVELLS30Jan20600PE.NFO,07/01/2020,14:36:18,5.1,4.95,1000,5.15,1000,0,45000
HAVELLS30Jan20600PE.NFO,07/01/2020,14:36:23,5.1,4.9,1000,5.15,1000,0,45000
HAVELLS30Jan20600PE.NFO,07/01/2020,14:36:42,5.1,4.85,1000,5.15,1000,0,45000
HAVELLS30Jan20600PE.NFO,07/01/2020,14:36:53,5.15,4.85,1000,5.3,1000,1000,45000
HAVELLS30Jan20600PE.NFO,07/01/2020,14:37:01,5.15,4.85,1000,5.35,1000,0,45000
HAVELLS30Jan20600PE.NFO,07/01/2020,14:37:21,5.15,4.9,1000,5.35,1000,0,45000
HAVELLS30Jan20600PE.NFO,07/01/2020,14:37:26,5.15,4.9,1000,5.4,1000,0,45000
HAVELLS30Jan20600PE.NFO,07/01/2020,14:38:07,5.15,4.9,1000,5.45,2000,0,45000
HAVELLS30Jan20600PE.NFO,07/01/2020,14:38:12,5.15,4.9,1000,5.45,1000,0,45000
HAVELLS30Jan20600PE.NFO,07/01/2020,14:38:39,5.15,4.9,1000,5.5,1000,0,45000
HAVELLS30Jan20600PE.NFO,07/01/2020,14:38:46,5.15,4.9,1000,5.45,1000,0,45000
HAVELLS30Jan20600PE.NFO,07/01/2020,14:38:58,5.15,5.15,2000,5.45,1000,0,45000
HAVELLS30Jan20600PE.NFO,07/01/2020,14:39:39,5.15,5.15,1000,5.45,1000,0,45000
HAVELLS30Jan20600PE.NFO,07/01/2020,14:39:45,5.15,5.15,1000,5.45,2000,0,45000
HAVELLS30Jan20600PE.NFO,07/01/2020,14:40:05,5.15,5.15,1000,5.45,1000,0,45000
HAVELLS30Jan20600PE.NFO,07/01/2020,14:40:31,5.15,5.05,1000,5.45,1000,0,45000
HAVELLS30Jan20600PE.NFO,07/01/2020,14:40:35,5.15,5.1,1000,5.45,1000,0,45000
HAVELLS30Jan20600PE.NFO,07/01/2020,14:40:38,5.15,5.1,1000,5.5,1000,0,45000
HAVELLS30Jan20600PE.NFO,07/01/2020,14:40:42,5.15,5.1,1000,5.45,1000,0,45000
HAVELLS30Jan20600PE.NFO,07/01/2020,14:41:13,5.15,5.1,1000,5.5,1000,0,45000
HAVELLS30Jan20600PE.NFO,07/01/2020,14:42:06,5.15,5.05,1000,5.5,2000,0,45000
HAVELLS30Jan20600PE.NFO,07/01/2020,14:42:14,5.15,5.05,1000,5.5,1000,0,45000
HAVELLS30Jan20600PE.NFO,07/01/2020,14:42:26,5.15,5.05,1000,5.5,2000,0,45000
HAVELLS30Jan20600PE.NFO,07/01/2020,14:43:16,5.15,5.05,1000,5.25,1000,0,45000
HAVELLS30Jan20600PE.NFO,07/01/2020,14:43:20,5.15,4.95,1000,5.25,1000,0,45000
HAVELLS30Jan20600PE.NFO,07/01/2020,14:43:41,5,4.95,1000,5.5,2000,1000,45000
HAVELLS30Jan20600PE.NFO,07/01/2020,14:43:47,5,4.95,1000,5.5,2000,0,45000
HAVELLS30Jan20600PE.NFO,07/01/2020,14:45:20,5,4.95,1000,5.55,2000,0,45000
HAVELLS30Jan20600PE.NFO,07/01/2020,14:51:00,5,4.9,1000,5.55,2000,0,45000
HAVELLS30Jan20600PE.NFO,07/01/2020,14:52:19,5,5.05,1000,5.55,2000,0,45000
HAVELLS30Jan20600PE.NFO,07/01/2020,14:52:25,5,5,1000,5.55,2000,0,45000
HAVELLS30Jan20600PE.NFO,07/01/2020,14:52:53,5,4.95,1000,5.55,2000,0,45000
HAVELLS30Jan20600PE.NFO,07/01/2020,14:52:58,5,5,1000,5.55,2000,0,45000
HAVELLS30Jan20600PE.NFO,07/01/2020,14:53:05,5,4.95,1000,5.55,2000,0,45000
HAVELLS30Jan20600PE.NFO,07/01/2020,14:53:27,5,4.75,1000,5.55,2000,0,45000
HAVELLS30Jan20600PE.NFO,07/01/2020,14:54:09,5,4.95,1000,5.55,2000,0,45000
HAVELLS30Jan20600PE.NFO,07/01/2020,14:54:33,5,5,1000,5.55,2000,0,45000
HAVELLS30Jan20600PE.NFO,07/01/2020,14:58:56,5,5.2,1000,5.55,2000,0,45000
HAVELLS30Jan20600PE.NFO,07/01/2020,14:59:01,5,5.05,1000,5.55,2000,0,45000
HAVELLS30Jan20600PE.NFO,07/01/2020,15:00:20,5,5.1,1000,5.55,2000,0,45000
HAVELLS30Jan20600PE.NFO,07/01/2020,15:00:34,5,5.1,1000,5.55,1000,0,45000
HAVELLS30Jan20600PE.NFO,07/01/2020,15:00:40,5,5.1,1000,5.55,2000,0,45000
HAVELLS30Jan20600PE.NFO,07/01/2020,15:01:39,5,5.1,1000,5.55,1000,0,45000
HAVELLS30Jan20600PE.NFO,07/01/2020,15:01:50,5,5.1,1000,5.55,2000,0,45000
HAVELLS30Jan20600PE.NFO,07/01/2020,15:01:55,5,5.05,1000,5.55,2000,0,45000
HAVELLS30Jan20600PE.NFO,07/01/2020,15:02:10,5,5.05,1000,5.45,1000,0,45000
HAVELLS30Jan20600PE.NFO,07/01/2020,15:02:52,5,5.05,1000,5.5,1000,0,45000
HAVELLS30Jan20600PE.NFO,07/01/2020,15:02:58,5,5.05,1000,5.5,2000,0,45000
HAVELLS30Jan20600PE.NFO,07/01/2020,15:03:49,5,5.05,1000,5.55,2000,0,45000
HAVELLS30Jan20600PE.NFO,07/01/2020,15:03:56,5,5.05,1000,5.55,1000,0,45000
HAVELLS30Jan20600PE.NFO,07/01/2020,15:04:28,5,5.05,1000,5.55,2000,0,45000
HAVELLS30Jan20600PE.NFO,07/01/2020,15:11:16,5,5.1,1000,5.55,2000,0,45000
HAVELLS30Jan20600PE.NFO,07/01/2020,15:11:30,5,5.15,1000,5.55,2000,0,45000
HAVELLS30Jan20600PE.NFO,07/01/2020,15:12:38,5,5.25,2000,5.55,2000,0,45000
HAVELLS30Jan20600PE.NFO,07/01/2020,15:14:18,5.25,5.25,1000,5.35,1000,1000,46000
HAVELLS30Jan20600PE.NFO,07/01/2020,15:14:23,5.25,5.25,1000,5.4,1000,0,46000
HAVELLS30Jan20600PE.NFO,07/01/2020,15:14:28,5.3,5.05,1000,5.4,1000,1000,46000
HAVELLS30Jan20600PE.NFO,07/01/2020,15:14:32,5.3,5.05,1000,5.4,1000,0,46000
HAVELLS30Jan20600PE.NFO,07/01/2020,15:15:16,5.3,5.05,1000,5.45,2000,0,46000
HAVELLS30Jan20600PE.NFO,07/01/2020,15:16:35,5.3,5.05,2000,5.45,2000,0,46000
HAVELLS30Jan20600PE.NFO,07/01/2020,15:16:41,5.3,5.1,2000,5.45,2000,0,46000
HAVELLS30Jan20600PE.NFO,07/01/2020,15:17:08,5.3,5.05,2000,5.45,2000,0,46000
HAVELLS30Jan20600PE.NFO,07/01/2020,15:18:31,5.3,5.1,3000,5.45,2000,0,46000
HAVELLS30Jan20600PE.NFO,07/01/2020,15:18:43,5.3,5.1,1000,5.45,2000,0,46000
HAVELLS30Jan20600PE.NFO,07/01/2020,15:19:03,5.3,5.05,2000,5.45,2000,0,46000
HAVELLS30Jan20600PE.NFO,07/01/2020,15:19:28,5.3,5.1,1000,5.45,2000,0,46000
HAVELLS30Jan20600PE.NFO,07/01/2020,15:19:34,5.3,5.1,3000,5.35,2000,0,46000
HAVELLS30Jan20600PE.NFO,07/01/2020,15:19:40,5.3,5.1,3000,5.3,2000,0,46000
HAVELLS30Jan20600PE.NFO,07/01/2020,15:19:59,5.3,5.1,2000,5.3,2000,0,46000
HAVELLS30Jan20600PE.NFO,07/01/2020,15:20:08,5.15,5.1,2000,5.3,2000,1000,46000
HAVELLS30Jan20600PE.NFO,07/01/2020,15:20:17,5.15,5.2,2000,5.3,1000,0,46000
HAVELLS30Jan20600PE.NFO,07/01/2020,15:20:47,5.15,5.15,2000,5.3,2000,0,46000
HAVELLS30Jan20600PE.NFO,07/01/2020,15:21:02,5.15,5.1,2000,5.3,2000,0,46000
HAVELLS30Jan20600PE.NFO,07/01/2020,15:21:18,5.15,5.15,3000,5.3,2000,0,46000
HAVELLS30Jan20600PE.NFO,07/01/2020,15:21:26,5.15,5.15,2000,5.3,2000,1000,46000
HAVELLS30Jan20600PE.NFO,07/01/2020,15:21:40,5.15,5.15,1000,5.3,2000,1000,46000
HAVELLS30Jan20600PE.NFO,07/01/2020,15:22:13,5.15,5.1,1000,5.3,2000,1000,46000
HAVELLS30Jan20600PE.NFO,07/01/2020,15:22:20,5.15,5.15,1000,5.3,2000,0,46000
HAVELLS30Jan20600PE.NFO,07/01/2020,15:22:57,5.15,5.2,1000,5.3,2000,0,46000
HAVELLS30Jan20600PE.NFO,07/01/2020,15:23:04,5.15,5.15,1000,5.3,2000,0,46000
HAVELLS30Jan20600PE.NFO,07/01/2020,15:23:10,5.15,5.2,1000,5.3,2000,0,46000
HAVELLS30Jan20600PE.NFO,07/01/2020,15:23:17,5.15,5.15,1000,5.3,2000,0,46000
HAVELLS30Jan20600PE.NFO,07/01/2020,15:23:24,5.15,5.2,1000,5.3,2000,0,46000
HAVELLS30Jan20600PE.NFO,07/01/2020,15:23:43,5.15,5.15,1000,5.3,2000,0,46000
HAVELLS30Jan20600PE.NFO,07/01/2020,15:24:09,5.15,5.15,1000,5.25,2000,0,46000
HAVELLS30Jan20600PE.NFO,07/01/2020,15:24:15,5.15,5.15,1000,5.25,1000,0,46000
HAVELLS30Jan20600PE.NFO,07/01/2020,15:24:27,5.15,4.85,1000,5.3,2000,1000,46000
HAVELLS30Jan20600PE.NFO,07/01/2020,15:24:32,5.15,4.85,1000,5.3,2000,0,46000
HAVELLS30Jan20600PE.NFO,07/01/2020,15:24:44,5.15,4.85,1000,5.25,2000,0,46000
HAVELLS30Jan20600PE.NFO,07/01/2020,15:24:55,5.15,4.85,1000,5.25,1000,0,46000
HAVELLS30Jan20600PE.NFO,07/01/2020,15:25:01,5.15,4.9,2000,5.25,1000,0,46000
HAVELLS30Jan20600PE.NFO,07/01/2020,15:25:21,5.15,4.95,2000,5.3,2000,0,46000
HAVELLS30Jan20600PE.NFO,07/01/2020,15:25:26,5.15,4.9,2000,5.25,2000,0,46000
HAVELLS30Jan20600PE.NFO,07/01/2020,15:26:07,5.15,4.85,1000,5.25,2000,0,46000
HAVELLS30Jan20600PE.NFO,07/01/2020,15:26:30,5.15,4.8,1000,5.25,2000,0,46000
HAVELLS30Jan20600PE.NFO,07/01/2020,15:28:08,5.15,4.75,1000,5.25,2000,0,46000
HAVELLS30Jan20600PE.NFO,07/01/2020,15:28:48,5.15,4.75,1000,5.25,1000,0,46000
HAVELLS30Jan20600PE.NFO,07/01/2020,15:29:06,5.15,4,3000,5.25,1000,0,46000
HAVELLS30Jan20600PE.NFO,07/01/2020,15:29:20,5.15,4,5000,5.25,1000,0,46000
HAVELLS30Jan20600PE.NFO,07/01/2020,15:30:03,5.15,4,3000,5.25,1000,0,46000
