Ticker,Date,Time,LTP,BuyPrice,BuyQty,SellPrice,SellQty,LTQ,OpenInterest
HCLTECH30Jan20610CE.NFO,07/01/2020,09:21:13,7.2,6.6,1400,7.35,1400,1400,107800
HCLTECH30Jan20610CE.NFO,07/01/2020,09:21:13,7.2,6.6,1400,7.35,1400,0,107800
HCLTECH30Jan20610CE.NFO,07/01/2020,09:21:13,7.2,6.6,1400,7.35,1400,0,107800
HCLTECH30Jan20610CE.NFO,07/01/2020,09:21:13,7.2,6.6,1400,7.35,1400,0,107800
HCLTECH30Jan20610CE.NFO,07/01/2020,09:21:21,7.2,6.6,1400,7.35,1400,0,107800
HCLTECH30Jan20610CE.NFO,07/01/2020,09:21:27,7.2,6.2,1400,7.25,1400,0,107800
HCLTECH30Jan20610CE.NFO,07/01/2020,09:21:34,7.2,6.25,1400,7.1,2800,0,107800
HCLTECH30Jan20610CE.NFO,07/01/2020,09:21:40,7.2,6.35,1400,7.1,1400,0,107800
HCLTECH30Jan20610CE.NFO,07/01/2020,09:21:47,7.2,6.45,1400,7.25,1400,0,107800
HCLTECH30Jan20610CE.NFO,07/01/2020,09:22:00,7.2,6.55,1400,7.25,1400,0,107800
HCLTECH30Jan20610CE.NFO,07/01/2020,09:22:14,7.2,6.55,1400,7.15,1400,0,107800
HCLTECH30Jan20610CE.NFO,07/01/2020,09:22:35,7.2,6.65,1400,7.25,1400,0,107800
HCLTECH30Jan20610CE.NFO,07/01/2020,09:23:00,7.2,6.65,1400,7.2,4200,0,107800
HCLTECH30Jan20610CE.NFO,07/01/2020,09:23:23,7.2,6.65,1400,7.3,1400,0,107800
HCLTECH30Jan20610CE.NFO,07/01/2020,09:23:29,7.2,6.65,1400,7.2,1400,0,107800
HCLTECH30Jan20610CE.NFO,07/01/2020,09:23:36,7.2,6.75,1400,7.3,1400,0,107800
HCLTECH30Jan20610CE.NFO,07/01/2020,09:23:42,7.2,6.75,1400,7.2,1400,0,107800
HCLTECH30Jan20610CE.NFO,07/01/2020,09:23:54,7.2,6.75,1400,7.25,1400,0,107800
HCLTECH30Jan20610CE.NFO,07/01/2020,09:24:00,7.2,6.75,1400,7.25,4200,0,107800
HCLTECH30Jan20610CE.NFO,07/01/2020,09:24:17,7.2,6.65,1400,7.1,1400,0,107800
HCLTECH30Jan20610CE.NFO,07/01/2020,09:24:23,7.2,6.65,1400,7.1,2800,0,107800
HCLTECH30Jan20610CE.NFO,07/01/2020,09:24:29,7.2,6.5,1400,6.95,1400,0,107800
HCLTECH30Jan20610CE.NFO,07/01/2020,09:24:40,7.2,6.7,1400,7.1,2800,0,107800
HCLTECH30Jan20610CE.NFO,07/01/2020,09:25:02,7.2,6.7,1400,7.1,1400,0,107800
HCLTECH30Jan20610CE.NFO,07/01/2020,09:25:09,7.2,6.8,1400,7.2,4200,0,107800
HCLTECH30Jan20610CE.NFO,07/01/2020,09:25:15,7.2,6.8,1400,7.2,2800,0,107800
HCLTECH30Jan20610CE.NFO,07/01/2020,09:25:22,7.2,6.75,1400,7.15,2800,0,107800
HCLTECH30Jan20610CE.NFO,07/01/2020,09:25:28,7.2,6.7,1400,7.1,2800,0,107800
HCLTECH30Jan20610CE.NFO,07/01/2020,09:25:34,7.2,6.7,1400,7.15,2800,0,107800
HCLTECH30Jan20610CE.NFO,07/01/2020,09:25:40,7.2,6.65,1400,7.05,5600,0,107800
HCLTECH30Jan20610CE.NFO,07/01/2020,09:25:46,7.2,6.6,1400,7.05,1400,0,107800
HCLTECH30Jan20610CE.NFO,07/01/2020,09:26:00,7.2,6.65,2800,7.05,1400,0,107800
HCLTECH30Jan20610CE.NFO,07/01/2020,09:26:07,7.2,6.6,1400,7,4200,0,107800
HCLTECH30Jan20610CE.NFO,07/01/2020,09:26:14,7.2,6.7,1400,7.1,2800,0,107800
HCLTECH30Jan20610CE.NFO,07/01/2020,09:26:32,7.2,6.7,1400,7.1,1400,0,107800
HCLTECH30Jan20610CE.NFO,07/01/2020,09:26:43,7.2,6.7,1400,7.05,1400,0,107800
HCLTECH30Jan20610CE.NFO,07/01/2020,09:27:01,7.2,6.7,1400,7.1,4200,0,107800
HCLTECH30Jan20610CE.NFO,07/01/2020,09:27:23,7.2,6.7,1400,7.05,1400,0,107800
HCLTECH30Jan20610CE.NFO,07/01/2020,09:27:28,7.2,6.7,1400,7.1,2800,0,107800
HCLTECH30Jan20610CE.NFO,07/01/2020,09:27:34,7.2,6.7,1400,7.15,2800,0,107800
HCLTECH30Jan20610CE.NFO,07/01/2020,09:28:07,7.2,6.75,1400,7.1,1400,0,107800
HCLTECH30Jan20610CE.NFO,07/01/2020,09:28:14,7.2,6.75,1400,7.15,1400,0,107800
HCLTECH30Jan20610CE.NFO,07/01/2020,09:28:24,7.2,6.75,1400,7.15,2800,0,107800
HCLTECH30Jan20610CE.NFO,07/01/2020,09:28:36,7.2,6.85,1400,7.2,1400,0,107800
HCLTECH30Jan20610CE.NFO,07/01/2020,09:28:41,7.2,6.8,1400,7.25,2800,0,107800
HCLTECH30Jan20610CE.NFO,07/01/2020,09:28:46,7.2,6.85,2800,7.25,2800,0,107800
HCLTECH30Jan20610CE.NFO,07/01/2020,09:28:51,7.2,6.8,1400,7.2,2800,0,107800
HCLTECH30Jan20610CE.NFO,07/01/2020,09:28:57,7.2,6.95,1400,7.2,1400,0,107800
HCLTECH30Jan20610CE.NFO,07/01/2020,09:29:02,7.2,6.95,1400,7.25,1400,1400,109200
HCLTECH30Jan20610CE.NFO,07/01/2020,09:29:08,7.2,6.95,1400,7.3,1400,0,109200
HCLTECH30Jan20610CE.NFO,07/01/2020,09:29:14,7.2,6.95,1400,7.25,2800,0,109200
HCLTECH30Jan20610CE.NFO,07/01/2020,09:29:24,7.2,7,1400,7.25,1400,0,109200
HCLTECH30Jan20610CE.NFO,07/01/2020,09:29:46,7.2,6.95,1400,7.25,2800,0,109200
HCLTECH30Jan20610CE.NFO,07/01/2020,09:30:09,7.2,6.95,1400,7.25,1400,0,109200
HCLTECH30Jan20610CE.NFO,07/01/2020,09:30:14,7.2,6.9,1400,7.15,1400,0,109200
HCLTECH30Jan20610CE.NFO,07/01/2020,09:30:19,7.2,6.75,1400,7.15,1400,0,109200
HCLTECH30Jan20610CE.NFO,07/01/2020,09:30:24,7.2,6.8,1400,7.15,1400,0,109200
HCLTECH30Jan20610CE.NFO,07/01/2020,09:31:10,7.2,6.85,1400,7.2,1400,0,109200
HCLTECH30Jan20610CE.NFO,07/01/2020,09:31:17,7.2,6.8,1400,7.15,1400,0,109200
HCLTECH30Jan20610CE.NFO,07/01/2020,09:31:34,7.2,6.8,2800,7.2,2800,0,109200
HCLTECH30Jan20610CE.NFO,07/01/2020,09:31:39,7.2,6.8,1400,7.15,2800,0,109200
HCLTECH30Jan20610CE.NFO,07/01/2020,09:31:56,6.7,6.75,1400,7,1400,4200,109200
HCLTECH30Jan20610CE.NFO,07/01/2020,09:31:56,6.7,6.75,1400,7,1400,0,109200
HCLTECH30Jan20610CE.NFO,07/01/2020,09:32:01,6.7,6.75,2800,7.05,1400,0,109200
HCLTECH30Jan20610CE.NFO,07/01/2020,09:32:12,7.05,6.8,1400,7.15,4200,1400,109200
HCLTECH30Jan20610CE.NFO,07/01/2020,09:32:18,7.05,6.8,1400,7.15,4200,0,109200
HCLTECH30Jan20610CE.NFO,07/01/2020,09:32:42,7.05,6.8,1400,7.05,1400,0,109200
HCLTECH30Jan20610CE.NFO,07/01/2020,09:32:53,7.05,6.7,1400,7.05,2800,0,109200
HCLTECH30Jan20610CE.NFO,07/01/2020,09:32:59,7.05,6.8,1400,7.15,4200,0,109200
HCLTECH30Jan20610CE.NFO,07/01/2020,09:33:05,7.05,6.8,1400,7.15,2800,0,109200
HCLTECH30Jan20610CE.NFO,07/01/2020,09:33:11,7.05,6.8,1400,7.15,4200,0,109200
HCLTECH30Jan20610CE.NFO,07/01/2020,09:33:16,7.05,6.75,2800,7.1,1400,0,109200
HCLTECH30Jan20610CE.NFO,07/01/2020,09:34:01,7.05,6.8,1400,7.1,1400,0,109200
HCLTECH30Jan20610CE.NFO,07/01/2020,09:34:06,7.05,6.75,1400,7.1,2800,0,109200
HCLTECH30Jan20610CE.NFO,07/01/2020,09:34:21,7.05,6.8,2800,7.15,2800,0,109200
HCLTECH30Jan20610CE.NFO,07/01/2020,09:34:26,7.05,6.75,4200,7.1,2800,0,109200
HCLTECH30Jan20610CE.NFO,07/01/2020,09:34:32,7.05,6.8,4200,7.15,2800,0,109200
HCLTECH30Jan20610CE.NFO,07/01/2020,09:34:39,7.05,6.85,1400,7.15,2800,0,109200
HCLTECH30Jan20610CE.NFO,07/01/2020,09:34:44,7.05,6.85,2800,7.15,2800,0,109200
HCLTECH30Jan20610CE.NFO,07/01/2020,09:34:55,7.05,6.85,2800,7.15,4200,0,109200
HCLTECH30Jan20610CE.NFO,07/01/2020,09:35:01,7.05,6.85,2800,7.15,2800,0,109200
HCLTECH30Jan20610CE.NFO,07/01/2020,09:35:21,7.05,7,1400,7.15,1400,0,109200
HCLTECH30Jan20610CE.NFO,07/01/2020,09:35:41,7.05,7,2800,7.15,1400,0,109200
HCLTECH30Jan20610CE.NFO,07/01/2020,09:35:54,7.05,7,1400,7.15,1400,0,109200
HCLTECH30Jan20610CE.NFO,07/01/2020,09:36:05,7.05,7,1400,7.15,2800,0,109200
HCLTECH30Jan20610CE.NFO,07/01/2020,09:36:28,7.05,7,2800,7.15,2800,0,109200
HCLTECH30Jan20610CE.NFO,07/01/2020,09:36:42,7.15,7.1,1400,7.25,2800,1400,106400
HCLTECH30Jan20610CE.NFO,07/01/2020,09:36:46,7.1,7.05,2800,7.25,2800,1400,106400
HCLTECH30Jan20610CE.NFO,07/01/2020,09:36:51,7.1,7,1400,7.25,2800,0,106400
HCLTECH30Jan20610CE.NFO,07/01/2020,09:36:55,7.1,7.05,1400,7.25,2800,0,106400
HCLTECH30Jan20610CE.NFO,07/01/2020,09:37:22,7.1,7.05,2800,7.25,2800,0,106400
HCLTECH30Jan20610CE.NFO,07/01/2020,09:37:28,7.1,6.9,1400,7.15,1400,0,106400
HCLTECH30Jan20610CE.NFO,07/01/2020,09:37:32,7.1,7,1400,7.2,2800,0,106400
HCLTECH30Jan20610CE.NFO,07/01/2020,09:37:45,7.1,6.95,2800,7.2,2800,0,106400
HCLTECH30Jan20610CE.NFO,07/01/2020,09:37:49,7.1,7,1400,7.2,2800,0,106400
HCLTECH30Jan20610CE.NFO,07/01/2020,09:37:53,7.1,6.95,2800,7.2,2800,0,106400
HCLTECH30Jan20610CE.NFO,07/01/2020,09:37:57,7.1,6.95,2800,7.15,1400,0,106400
HCLTECH30Jan20610CE.NFO,07/01/2020,09:39:02,7.1,6.95,1400,7.15,1400,0,106400
HCLTECH30Jan20610CE.NFO,07/01/2020,09:39:29,7.1,6.9,1400,7.15,1400,0,106400
HCLTECH30Jan20610CE.NFO,07/01/2020,09:39:34,7.1,6.75,1400,7.15,1400,0,106400
HCLTECH30Jan20610CE.NFO,07/01/2020,09:39:38,7.1,6.8,2800,7.15,1400,0,106400
HCLTECH30Jan20610CE.NFO,07/01/2020,09:39:46,7.1,6.9,2800,7.15,1400,0,106400
HCLTECH30Jan20610CE.NFO,07/01/2020,09:40:18,7.1,6.9,4200,7.15,1400,0,106400
HCLTECH30Jan20610CE.NFO,07/01/2020,09:40:28,7.1,6.75,1400,7.05,1400,0,106400
HCLTECH30Jan20610CE.NFO,07/01/2020,09:40:33,7.1,6.85,1400,7.1,2800,0,106400
HCLTECH30Jan20610CE.NFO,07/01/2020,09:40:38,7.1,6.85,1400,7.1,1400,0,106400
HCLTECH30Jan20610CE.NFO,07/01/2020,09:40:48,7.1,6.9,2800,7.15,1400,0,106400
HCLTECH30Jan20610CE.NFO,07/01/2020,09:40:56,7.1,6.9,1400,7.15,1400,0,106400
HCLTECH30Jan20610CE.NFO,07/01/2020,09:41:08,7.1,6.9,2800,7.15,1400,0,106400
HCLTECH30Jan20610CE.NFO,07/01/2020,09:41:17,7.1,6.95,2800,7.25,2800,0,106400
HCLTECH30Jan20610CE.NFO,07/01/2020,09:41:22,7.1,6.95,2800,7.25,4200,0,106400
HCLTECH30Jan20610CE.NFO,07/01/2020,09:41:26,7.1,6.95,4200,7.25,4200,0,106400
HCLTECH30Jan20610CE.NFO,07/01/2020,09:41:31,7.1,6.95,1400,7.2,1400,0,106400
HCLTECH30Jan20610CE.NFO,07/01/2020,09:41:41,7.1,6.95,2800,7.2,1400,0,106400
HCLTECH30Jan20610CE.NFO,07/01/2020,09:41:46,7.1,6.95,1400,7.2,1400,0,106400
HCLTECH30Jan20610CE.NFO,07/01/2020,09:41:51,7.1,6.95,1400,7.2,2800,0,106400
HCLTECH30Jan20610CE.NFO,07/01/2020,09:42:04,7.1,6.9,1400,7.15,4200,0,106400
HCLTECH30Jan20610CE.NFO,07/01/2020,09:42:10,7.1,6.85,1400,7.1,2800,0,106400
HCLTECH30Jan20610CE.NFO,07/01/2020,09:42:17,7.1,6.85,2800,7.1,2800,0,106400
HCLTECH30Jan20610CE.NFO,07/01/2020,09:42:23,7.1,6.85,1400,7.1,2800,0,106400
HCLTECH30Jan20610CE.NFO,07/01/2020,09:42:37,7.1,6.8,2800,7.1,2800,0,106400
HCLTECH30Jan20610CE.NFO,07/01/2020,09:42:44,7.1,6.85,1400,7.1,2800,0,106400
HCLTECH30Jan20610CE.NFO,07/01/2020,09:43:13,7.1,6.85,2800,7.1,2800,0,106400
HCLTECH30Jan20610CE.NFO,07/01/2020,09:43:18,7.1,6.95,1400,7.15,1400,0,106400
HCLTECH30Jan20610CE.NFO,07/01/2020,09:43:24,7.1,6.95,1400,7.15,2800,0,106400
HCLTECH30Jan20610CE.NFO,07/01/2020,09:43:29,7.1,6.95,1400,7.1,1400,0,106400
HCLTECH30Jan20610CE.NFO,07/01/2020,09:43:34,7.1,6.9,2800,7.15,1400,0,106400
HCLTECH30Jan20610CE.NFO,07/01/2020,09:43:39,7.1,6.9,4200,7.15,1400,0,106400
HCLTECH30Jan20610CE.NFO,07/01/2020,09:43:52,7.1,6.9,1400,7.15,2800,0,106400
HCLTECH30Jan20610CE.NFO,07/01/2020,09:44:01,7.1,6.9,2800,7.15,2800,0,106400
HCLTECH30Jan20610CE.NFO,07/01/2020,09:44:29,7.1,6.85,2800,7.15,2800,0,106400
HCLTECH30Jan20610CE.NFO,07/01/2020,09:44:34,7.1,6.75,2800,7.05,2800,0,106400
HCLTECH30Jan20610CE.NFO,07/01/2020,09:44:39,7.1,6.85,1400,7.15,4200,0,106400
HCLTECH30Jan20610CE.NFO,07/01/2020,09:45:11,7.1,6.8,1400,7.15,4200,0,106400
HCLTECH30Jan20610CE.NFO,07/01/2020,09:45:18,7.1,6.85,1400,7.15,4200,0,106400
HCLTECH30Jan20610CE.NFO,07/01/2020,09:45:24,7.1,6.85,1400,7.1,1400,0,106400
HCLTECH30Jan20610CE.NFO,07/01/2020,09:45:30,7.1,6.85,2800,7.1,1400,0,106400
HCLTECH30Jan20610CE.NFO,07/01/2020,09:45:42,7.1,6.95,2800,7.2,2800,0,106400
HCLTECH30Jan20610CE.NFO,07/01/2020,09:45:47,7.1,6.95,1400,7.2,2800,0,106400
HCLTECH30Jan20610CE.NFO,07/01/2020,09:45:59,7.1,6.9,1400,7.15,2800,0,106400
HCLTECH30Jan20610CE.NFO,07/01/2020,09:46:15,7.1,6.9,1400,7.1,1400,0,106400
HCLTECH30Jan20610CE.NFO,07/01/2020,09:46:20,7.1,6.9,2800,7.15,1400,0,106400
HCLTECH30Jan20610CE.NFO,07/01/2020,09:46:53,7.1,6.95,1400,7.2,1400,0,106400
HCLTECH30Jan20610CE.NFO,07/01/2020,09:47:29,7.1,6.95,2800,7.2,1400,0,106400
HCLTECH30Jan20610CE.NFO,07/01/2020,09:47:34,7.1,6.95,2800,7.2,2800,0,106400
HCLTECH30Jan20610CE.NFO,07/01/2020,09:47:50,7.1,6.95,2800,7.2,1400,0,106400
HCLTECH30Jan20610CE.NFO,07/01/2020,09:47:54,7.1,7,1400,7.2,1400,0,106400
HCLTECH30Jan20610CE.NFO,07/01/2020,09:48:06,7.1,6.95,2800,7.2,1400,0,106400
HCLTECH30Jan20610CE.NFO,07/01/2020,09:48:22,7.1,6.95,1400,7.2,1400,0,106400
HCLTECH30Jan20610CE.NFO,07/01/2020,09:48:26,7.1,6.95,2800,7.2,1400,0,106400
HCLTECH30Jan20610CE.NFO,07/01/2020,09:48:30,7.1,6.9,4200,7.2,2800,0,106400
HCLTECH30Jan20610CE.NFO,07/01/2020,09:48:34,7.1,6.9,4200,7.2,1400,0,106400
HCLTECH30Jan20610CE.NFO,07/01/2020,09:49:40,7.1,6.9,4200,7.1,2800,0,106400
HCLTECH30Jan20610CE.NFO,07/01/2020,09:49:45,7.1,6.9,2800,7.1,2800,0,106400
HCLTECH30Jan20610CE.NFO,07/01/2020,09:50:10,7.1,6.8,1400,7,1400,0,106400
HCLTECH30Jan20610CE.NFO,07/01/2020,09:50:21,6.8,6.8,1400,7.05,1400,1400,106400
HCLTECH30Jan20610CE.NFO,07/01/2020,09:50:26,6.8,6.8,1400,7.05,1400,0,106400
HCLTECH30Jan20610CE.NFO,07/01/2020,09:50:30,6.8,6.8,1400,7.1,4200,0,106400
HCLTECH30Jan20610CE.NFO,07/01/2020,09:50:35,6.8,6.8,1400,7.1,5600,0,106400
HCLTECH30Jan20610CE.NFO,07/01/2020,09:50:41,6.8,6.8,1400,7.05,2800,0,106400
HCLTECH30Jan20610CE.NFO,07/01/2020,09:50:52,6.8,6.8,1400,7.05,4200,0,106400
HCLTECH30Jan20610CE.NFO,07/01/2020,09:51:06,6.8,6.8,2800,7.05,1400,0,106400
HCLTECH30Jan20610CE.NFO,07/01/2020,09:51:11,6.8,6.75,1400,7,1400,0,106400
HCLTECH30Jan20610CE.NFO,07/01/2020,09:51:17,6.8,6.8,1400,7.05,1400,0,106400
HCLTECH30Jan20610CE.NFO,07/01/2020,09:51:22,6.8,6.75,1400,7,2800,0,106400
HCLTECH30Jan20610CE.NFO,07/01/2020,09:51:58,6.8,6.75,1400,7,1400,0,106400
HCLTECH30Jan20610CE.NFO,07/01/2020,09:52:06,6.8,6.7,1400,6.95,1400,0,106400
HCLTECH30Jan20610CE.NFO,07/01/2020,09:52:10,6.8,6.7,2800,7,1400,0,106400
HCLTECH30Jan20610CE.NFO,07/01/2020,09:52:19,6.8,6.7,4200,7,1400,0,106400
HCLTECH30Jan20610CE.NFO,07/01/2020,09:52:28,6.8,6.7,2800,7,1400,0,106400
HCLTECH30Jan20610CE.NFO,07/01/2020,09:52:33,6.8,6.7,4200,7,1400,0,106400
HCLTECH30Jan20610CE.NFO,07/01/2020,09:52:43,6.8,6.7,4200,7.05,1400,0,106400
HCLTECH30Jan20610CE.NFO,07/01/2020,09:52:47,6.8,6.75,2800,7,1400,0,106400
HCLTECH30Jan20610CE.NFO,07/01/2020,09:52:51,6.8,6.75,1400,7.05,1400,0,106400
HCLTECH30Jan20610CE.NFO,07/01/2020,09:52:54,6.8,6.75,1400,7.05,4200,0,106400
HCLTECH30Jan20610CE.NFO,07/01/2020,09:52:58,6.8,6.75,1400,7.05,2800,0,106400
HCLTECH30Jan20610CE.NFO,07/01/2020,09:53:03,6.8,6.85,2800,7.1,2800,0,106400
HCLTECH30Jan20610CE.NFO,07/01/2020,09:53:09,6.8,7,1400,7.1,2800,0,106400
HCLTECH30Jan20610CE.NFO,07/01/2020,09:53:14,6.8,6.9,2800,7.1,2800,0,106400
HCLTECH30Jan20610CE.NFO,07/01/2020,09:53:19,6.8,6.95,4200,7.1,2800,0,106400
HCLTECH30Jan20610CE.NFO,07/01/2020,09:53:24,6.8,6.95,2800,7.1,2800,0,106400
HCLTECH30Jan20610CE.NFO,07/01/2020,09:53:35,6.8,6.95,1400,7.1,2800,0,106400
HCLTECH30Jan20610CE.NFO,07/01/2020,09:53:45,6.8,6.9,2800,7.1,2800,0,106400
HCLTECH30Jan20610CE.NFO,07/01/2020,09:53:49,6.8,6.95,2800,7.1,2800,0,106400
HCLTECH30Jan20610CE.NFO,07/01/2020,09:54:02,6.8,6.95,4200,7.1,2800,0,106400
HCLTECH30Jan20610CE.NFO,07/01/2020,09:54:11,6.8,6.95,2800,7.1,2800,0,106400
HCLTECH30Jan20610CE.NFO,07/01/2020,09:54:16,6.8,6.9,2800,7.1,2800,0,106400
HCLTECH30Jan20610CE.NFO,07/01/2020,09:54:20,7.05,6.9,1400,7.1,4200,1400,107800
HCLTECH30Jan20610CE.NFO,07/01/2020,09:54:29,7.05,6.95,1400,7.1,2800,0,107800
HCLTECH30Jan20610CE.NFO,07/01/2020,09:54:38,7.05,6.95,2800,7.1,2800,0,107800
HCLTECH30Jan20610CE.NFO,07/01/2020,09:55:02,7.05,7,1400,7.1,2800,0,107800
HCLTECH30Jan20610CE.NFO,07/01/2020,09:55:12,7.05,6.95,4200,7.1,2800,0,107800
HCLTECH30Jan20610CE.NFO,07/01/2020,09:55:17,7.1,6.95,4200,7.1,1400,1400,107800
HCLTECH30Jan20610CE.NFO,07/01/2020,09:55:22,7.1,7,1400,7.1,1400,0,107800
HCLTECH30Jan20610CE.NFO,07/01/2020,09:55:27,7.1,6.95,2800,7.1,1400,0,107800
HCLTECH30Jan20610CE.NFO,07/01/2020,09:55:31,7.1,7,2800,7.1,1400,0,107800
HCLTECH30Jan20610CE.NFO,07/01/2020,09:55:36,7.1,7.15,1400,7.35,2800,1400,107800
HCLTECH30Jan20610CE.NFO,07/01/2020,09:55:45,7.1,7.15,2800,7.4,4200,0,107800
HCLTECH30Jan20610CE.NFO,07/01/2020,09:55:50,7.1,7.15,2800,7.4,2800,0,107800
HCLTECH30Jan20610CE.NFO,07/01/2020,09:55:55,7.1,7.15,2800,7.4,1400,0,107800
HCLTECH30Jan20610CE.NFO,07/01/2020,09:56:09,7.5,7.45,2800,7.75,1400,1400,107800
HCLTECH30Jan20610CE.NFO,07/01/2020,09:56:09,7.5,7.45,2800,7.75,1400,0,107800
HCLTECH30Jan20610CE.NFO,07/01/2020,09:56:14,7.5,7.45,2800,7.75,1400,0,107800
HCLTECH30Jan20610CE.NFO,07/01/2020,09:56:20,7.5,7.45,4200,7.75,1400,0,107800
HCLTECH30Jan20610CE.NFO,07/01/2020,09:56:31,7.4,7.3,2800,7.6,2800,1400,109200
HCLTECH30Jan20610CE.NFO,07/01/2020,09:56:36,7.4,7.3,2800,7.6,2800,0,109200
HCLTECH30Jan20610CE.NFO,07/01/2020,09:56:54,7.4,7.3,2800,7.6,1400,0,109200
HCLTECH30Jan20610CE.NFO,07/01/2020,09:56:59,7.4,7.35,1400,7.6,1400,0,109200
HCLTECH30Jan20610CE.NFO,07/01/2020,09:57:03,7.4,7.4,2800,7.7,1400,0,109200
HCLTECH30Jan20610CE.NFO,07/01/2020,09:57:08,7.4,7.45,1400,7.7,1400,0,109200
HCLTECH30Jan20610CE.NFO,07/01/2020,09:57:16,7.7,7.45,1400,7.75,1400,1400,109200
HCLTECH30Jan20610CE.NFO,07/01/2020,09:57:16,7.7,7.45,1400,7.75,1400,0,109200
HCLTECH30Jan20610CE.NFO,07/01/2020,09:57:20,7.7,7.4,4200,7.7,1400,0,109200
HCLTECH30Jan20610CE.NFO,07/01/2020,09:57:29,7.7,7.4,4200,7.75,1400,0,109200
HCLTECH30Jan20610CE.NFO,07/01/2020,09:57:44,7.7,7.45,2800,7.8,1400,0,109200
HCLTECH30Jan20610CE.NFO,07/01/2020,09:57:58,7.7,7.45,2800,7.8,2800,0,109200
HCLTECH30Jan20610CE.NFO,07/01/2020,09:58:08,7.7,7.5,1400,7.8,2800,0,109200
HCLTECH30Jan20610CE.NFO,07/01/2020,09:58:12,7.7,7.45,2800,7.8,2800,0,109200
HCLTECH30Jan20610CE.NFO,07/01/2020,09:58:25,7.7,7.4,1400,7.75,1400,0,109200
HCLTECH30Jan20610CE.NFO,07/01/2020,09:58:43,7.7,7.4,2800,7.75,2800,0,109200
HCLTECH30Jan20610CE.NFO,07/01/2020,09:59:00,7.7,7.4,5600,7.75,2800,0,109200
HCLTECH30Jan20610CE.NFO,07/01/2020,09:59:12,7.7,7.4,5600,7.8,1400,0,109200
HCLTECH30Jan20610CE.NFO,07/01/2020,09:59:17,7.7,7.4,5600,7.75,2800,0,109200
HCLTECH30Jan20610CE.NFO,07/01/2020,09:59:22,7.7,7.4,5600,7.75,1400,0,109200
HCLTECH30Jan20610CE.NFO,07/01/2020,10:00:06,7.7,7.35,1400,7.65,2800,0,109200
HCLTECH30Jan20610CE.NFO,07/01/2020,10:00:28,7.7,7.35,1400,7.6,1400,0,109200
HCLTECH30Jan20610CE.NFO,07/01/2020,10:00:33,7.7,7.3,1400,7.6,1400,0,109200
HCLTECH30Jan20610CE.NFO,07/01/2020,10:00:52,7.7,7.35,1400,7.65,2800,0,109200
HCLTECH30Jan20610CE.NFO,07/01/2020,10:00:58,7.7,7.35,1400,7.65,1400,0,109200
HCLTECH30Jan20610CE.NFO,07/01/2020,10:01:04,7.7,7.35,2800,7.7,2800,0,109200
HCLTECH30Jan20610CE.NFO,07/01/2020,10:01:17,7.7,7.35,2800,7.65,1400,0,109200
HCLTECH30Jan20610CE.NFO,07/01/2020,10:01:23,7.7,7.2,2800,7.55,1400,0,109200
HCLTECH30Jan20610CE.NFO,07/01/2020,10:01:29,7.7,7.3,1400,7.6,2800,0,109200
HCLTECH30Jan20610CE.NFO,07/01/2020,10:01:35,7.7,7.35,1400,7.65,1400,0,109200
HCLTECH30Jan20610CE.NFO,07/01/2020,10:01:47,7.7,7.35,1400,7.7,4200,0,109200
HCLTECH30Jan20610CE.NFO,07/01/2020,10:01:53,7.7,7.35,1400,7.65,1400,0,109200
HCLTECH30Jan20610CE.NFO,07/01/2020,10:02:08,7.7,7.3,4200,7.65,1400,0,109200
HCLTECH30Jan20610CE.NFO,07/01/2020,10:02:14,7.7,7.4,1400,7.7,2800,0,109200
HCLTECH30Jan20610CE.NFO,07/01/2020,10:02:24,7.7,7.4,1400,7.7,4200,0,109200
HCLTECH30Jan20610CE.NFO,07/01/2020,10:03:07,7.7,7.4,1400,7.7,2800,0,109200
HCLTECH30Jan20610CE.NFO,07/01/2020,10:04:21,7.7,7.4,1400,7.65,1400,0,109200
HCLTECH30Jan20610CE.NFO,07/01/2020,10:04:29,7.7,7.35,1400,7.65,2800,0,109200
HCLTECH30Jan20610CE.NFO,07/01/2020,10:04:43,7.7,7.3,2800,7.65,2800,0,109200
HCLTECH30Jan20610CE.NFO,07/01/2020,10:05:10,7.7,7.3,2800,7.65,1400,0,109200
HCLTECH30Jan20610CE.NFO,07/01/2020,10:05:40,7.7,7.55,1400,7.9,2800,0,109200
HCLTECH30Jan20610CE.NFO,07/01/2020,10:05:45,7.7,7.75,4200,8.2,1400,0,109200
HCLTECH30Jan20610CE.NFO,07/01/2020,10:05:51,7.7,7.85,2800,8.2,1400,0,109200
HCLTECH30Jan20610CE.NFO,07/01/2020,10:05:57,7.7,7.85,2800,8.25,2800,0,109200
HCLTECH30Jan20610CE.NFO,07/01/2020,10:06:07,7.7,7.85,2800,8.2,2800,0,109200
HCLTECH30Jan20610CE.NFO,07/01/2020,10:06:13,7.7,7.8,1400,8.1,2800,0,109200
HCLTECH30Jan20610CE.NFO,07/01/2020,10:06:24,7.7,7.8,1400,8.15,2800,0,109200
HCLTECH30Jan20610CE.NFO,07/01/2020,10:06:35,7.7,7.8,1400,8.1,2800,0,109200
HCLTECH30Jan20610CE.NFO,07/01/2020,10:06:46,7.7,7.75,1400,8.1,2800,0,109200
HCLTECH30Jan20610CE.NFO,07/01/2020,10:06:52,7.7,7.7,1400,8.05,4200,0,109200
HCLTECH30Jan20610CE.NFO,07/01/2020,10:06:57,7.7,7.7,1400,8,2800,0,109200
HCLTECH30Jan20610CE.NFO,07/01/2020,10:07:02,7.7,7.65,1400,7.9,1400,0,109200
HCLTECH30Jan20610CE.NFO,07/01/2020,10:07:09,7.7,7.6,1400,7.9,1400,0,109200
HCLTECH30Jan20610CE.NFO,07/01/2020,10:07:14,7.7,7.6,1400,7.95,2800,0,109200
HCLTECH30Jan20610CE.NFO,07/01/2020,10:07:20,7.7,7.6,1400,7.95,1400,0,109200
HCLTECH30Jan20610CE.NFO,07/01/2020,10:07:26,7.7,7.65,1400,8,4200,0,109200
HCLTECH30Jan20610CE.NFO,07/01/2020,10:07:31,7.7,7.7,1400,8,1400,0,109200
HCLTECH30Jan20610CE.NFO,07/01/2020,10:07:41,7.7,7.7,1400,8,4200,0,109200
HCLTECH30Jan20610CE.NFO,07/01/2020,10:07:46,7.7,7.7,1400,8.05,2800,0,109200
HCLTECH30Jan20610CE.NFO,07/01/2020,10:08:01,7.7,7.7,2800,8.1,2800,0,109200
HCLTECH30Jan20610CE.NFO,07/01/2020,10:08:24,7.7,7.7,4200,8.1,2800,0,109200
HCLTECH30Jan20610CE.NFO,07/01/2020,10:08:28,7.7,7.7,4200,8.1,1400,0,109200
HCLTECH30Jan20610CE.NFO,07/01/2020,10:08:33,7.7,7.65,1400,8,1400,0,109200
HCLTECH30Jan20610CE.NFO,07/01/2020,10:08:39,7.7,7.65,2800,8,1400,0,109200
HCLTECH30Jan20610CE.NFO,07/01/2020,10:09:05,7.7,7.6,2800,7.95,1400,0,109200
HCLTECH30Jan20610CE.NFO,07/01/2020,10:09:13,7.7,7.6,1400,7.95,1400,0,109200
HCLTECH30Jan20610CE.NFO,07/01/2020,10:09:18,7.7,7.6,1400,7.95,2800,0,109200
HCLTECH30Jan20610CE.NFO,07/01/2020,10:09:22,7.7,7.6,1400,7.95,1400,0,109200
HCLTECH30Jan20610CE.NFO,07/01/2020,10:09:26,7.7,7.6,1400,7.95,4200,0,109200
HCLTECH30Jan20610CE.NFO,07/01/2020,10:09:35,7.7,7.6,1400,7.95,1400,0,109200
HCLTECH30Jan20610CE.NFO,07/01/2020,10:10:02,7.7,7.7,1400,8.05,1400,0,109200
HCLTECH30Jan20610CE.NFO,07/01/2020,10:10:07,7.7,7.7,1400,8.05,2800,0,109200
HCLTECH30Jan20610CE.NFO,07/01/2020,10:10:12,7.7,7.7,1400,8.05,4200,0,109200
HCLTECH30Jan20610CE.NFO,07/01/2020,10:10:18,7.7,7.7,2800,8.05,1400,0,109200
HCLTECH30Jan20610CE.NFO,07/01/2020,10:10:29,7.7,7.85,1400,8.1,1400,0,109200
HCLTECH30Jan20610CE.NFO,07/01/2020,10:10:34,7.7,7.8,4200,8.15,1400,0,109200
HCLTECH30Jan20610CE.NFO,07/01/2020,10:10:38,7.7,7.85,1400,8.15,2800,0,109200
HCLTECH30Jan20610CE.NFO,07/01/2020,10:10:42,7.7,7.85,1400,8.15,1400,0,109200
HCLTECH30Jan20610CE.NFO,07/01/2020,10:10:47,7.7,7.85,2800,8.15,1400,0,109200
HCLTECH30Jan20610CE.NFO,07/01/2020,10:10:55,7.7,7.85,1400,8.15,1400,0,109200
HCLTECH30Jan20610CE.NFO,07/01/2020,10:11:00,7.7,7.85,2800,8.15,2800,0,109200
HCLTECH30Jan20610CE.NFO,07/01/2020,10:11:08,7.7,7.8,2800,8.15,2800,0,109200
HCLTECH30Jan20610CE.NFO,07/01/2020,10:11:13,7.7,7.85,1400,8.15,2800,0,109200
HCLTECH30Jan20610CE.NFO,07/01/2020,10:11:18,7.7,7.8,1400,8.1,2800,0,109200
HCLTECH30Jan20610CE.NFO,07/01/2020,10:11:24,7.7,7.85,1400,8.15,2800,0,109200
HCLTECH30Jan20610CE.NFO,07/01/2020,10:11:29,7.7,7.8,1400,8.1,1400,0,109200
HCLTECH30Jan20610CE.NFO,07/01/2020,10:11:39,7.7,7.85,1400,8.15,2800,0,109200
HCLTECH30Jan20610CE.NFO,07/01/2020,10:11:45,7.7,7.8,1400,8.1,2800,0,109200
HCLTECH30Jan20610CE.NFO,07/01/2020,10:12:12,7.7,7.8,1400,8.05,2800,0,109200
HCLTECH30Jan20610CE.NFO,07/01/2020,10:12:36,7.7,7.9,2800,8.05,2800,0,109200
HCLTECH30Jan20610CE.NFO,07/01/2020,10:12:51,7.7,7.9,2800,8.05,1400,0,109200
HCLTECH30Jan20610CE.NFO,07/01/2020,10:12:56,7.7,7.9,2800,8.1,2800,0,109200
HCLTECH30Jan20610CE.NFO,07/01/2020,10:13:40,7.7,7.9,2800,8.05,1400,0,109200
HCLTECH30Jan20610CE.NFO,07/01/2020,10:13:51,7.7,7.9,2800,8.1,2800,0,109200
HCLTECH30Jan20610CE.NFO,07/01/2020,10:14:01,7.7,7.9,2800,8.05,2800,0,109200
HCLTECH30Jan20610CE.NFO,07/01/2020,10:14:05,7.7,7.9,2800,8.05,1400,0,109200
HCLTECH30Jan20610CE.NFO,07/01/2020,10:14:15,7.7,7.9,2800,8.05,2800,0,109200
HCLTECH30Jan20610CE.NFO,07/01/2020,10:14:26,7.7,7.9,2800,8.05,4200,0,109200
HCLTECH30Jan20610CE.NFO,07/01/2020,10:14:36,7.7,7.9,2800,8.05,2800,0,109200
HCLTECH30Jan20610CE.NFO,07/01/2020,10:14:51,7.7,7.9,2800,8,2800,0,109200
HCLTECH30Jan20610CE.NFO,07/01/2020,10:14:56,7.7,7.9,2800,8.05,2800,0,109200
HCLTECH30Jan20610CE.NFO,07/01/2020,10:15:36,7.7,7.9,2800,8.05,1400,0,109200
HCLTECH30Jan20610CE.NFO,07/01/2020,10:15:41,7.7,7.9,2800,8.05,2800,0,109200
HCLTECH30Jan20610CE.NFO,07/01/2020,10:15:52,7.7,7.9,2800,8,1400,0,109200
HCLTECH30Jan20610CE.NFO,07/01/2020,10:16:02,7.7,7.9,2800,8,2800,0,109200
HCLTECH30Jan20610CE.NFO,07/01/2020,10:16:07,7.9,7.75,1400,7.95,1400,2800,107800
HCLTECH30Jan20610CE.NFO,07/01/2020,10:16:07,7.9,7.75,1400,7.95,1400,0,107800
HCLTECH30Jan20610CE.NFO,07/01/2020,10:16:12,7.9,7.75,1400,7.95,2800,0,107800
HCLTECH30Jan20610CE.NFO,07/01/2020,10:16:29,7.9,7.8,1400,7.95,1400,0,107800
HCLTECH30Jan20610CE.NFO,07/01/2020,10:16:35,7.9,7.8,1400,8,1400,0,107800
HCLTECH30Jan20610CE.NFO,07/01/2020,10:16:40,7.9,7.8,1400,8,2800,0,107800
HCLTECH30Jan20610CE.NFO,07/01/2020,10:16:49,7.9,7.8,1400,8,1400,0,107800
HCLTECH30Jan20610CE.NFO,07/01/2020,10:17:19,7.9,7.75,2800,8,1400,0,107800
HCLTECH30Jan20610CE.NFO,07/01/2020,10:17:23,7.9,7.75,1400,8.05,4200,0,107800
HCLTECH30Jan20610CE.NFO,07/01/2020,10:17:37,7.9,7.7,1400,7.95,2800,0,107800
HCLTECH30Jan20610CE.NFO,07/01/2020,10:17:42,7.9,7.7,1400,7.95,1400,0,107800
HCLTECH30Jan20610CE.NFO,07/01/2020,10:17:52,7.9,7.7,1400,7.95,2800,0,107800
HCLTECH30Jan20610CE.NFO,07/01/2020,10:17:57,7.9,7.75,2800,8.05,2800,0,107800
HCLTECH30Jan20610CE.NFO,07/01/2020,10:18:06,7.9,7.75,1400,8,1400,0,107800
HCLTECH30Jan20610CE.NFO,07/01/2020,10:18:14,7.9,7.75,1400,8.05,2800,0,107800
HCLTECH30Jan20610CE.NFO,07/01/2020,10:18:18,7.9,7.75,1400,8,1400,0,107800
HCLTECH30Jan20610CE.NFO,07/01/2020,10:18:22,7.9,7.75,1400,8.05,4200,0,107800
HCLTECH30Jan20610CE.NFO,07/01/2020,10:18:30,7.9,7.75,1400,8,1400,0,107800
HCLTECH30Jan20610CE.NFO,07/01/2020,10:18:35,7.9,7.8,1400,8.05,4200,0,107800
HCLTECH30Jan20610CE.NFO,07/01/2020,10:18:41,7.9,7.75,1400,8,2800,0,107800
HCLTECH30Jan20610CE.NFO,07/01/2020,10:18:47,7.9,7.75,1400,8,1400,0,107800
HCLTECH30Jan20610CE.NFO,07/01/2020,10:18:51,7.9,7.75,2800,8.05,4200,0,107800
HCLTECH30Jan20610CE.NFO,07/01/2020,10:19:01,7.9,7.75,2800,8.05,2800,0,107800
HCLTECH30Jan20610CE.NFO,07/01/2020,10:19:05,7.9,7.75,1400,8,1400,0,107800
HCLTECH30Jan20610CE.NFO,07/01/2020,10:19:14,7.9,7.75,1400,8,2800,0,107800
HCLTECH30Jan20610CE.NFO,07/01/2020,10:19:24,7.9,7.75,1400,8,1400,0,107800
HCLTECH30Jan20610CE.NFO,07/01/2020,10:19:32,7.9,7.75,2800,8.05,4200,0,107800
HCLTECH30Jan20610CE.NFO,07/01/2020,10:19:35,7.9,7.75,1400,8.05,4200,0,107800
HCLTECH30Jan20610CE.NFO,07/01/2020,10:19:49,7.9,7.75,1400,8,1400,0,107800
HCLTECH30Jan20610CE.NFO,07/01/2020,10:19:54,7.9,7.75,1400,8.05,4200,0,107800
HCLTECH30Jan20610CE.NFO,07/01/2020,10:20:06,7.9,7.75,1400,8,2800,0,107800
HCLTECH30Jan20610CE.NFO,07/01/2020,10:20:14,7.9,7.75,1400,8,1400,0,107800
HCLTECH30Jan20610CE.NFO,07/01/2020,10:20:19,7.9,7.75,1400,8,2800,0,107800
HCLTECH30Jan20610CE.NFO,07/01/2020,10:20:24,7.9,7.75,1400,8,1400,0,107800
HCLTECH30Jan20610CE.NFO,07/01/2020,10:20:28,7.9,7.75,1400,8,2800,0,107800
HCLTECH30Jan20610CE.NFO,07/01/2020,10:20:36,7.9,7.7,1400,8,2800,0,107800
HCLTECH30Jan20610CE.NFO,07/01/2020,10:20:41,7.9,7.7,1400,8,4200,0,107800
HCLTECH30Jan20610CE.NFO,07/01/2020,10:21:43,7.75,7.75,1400,8,1400,1400,109200
HCLTECH30Jan20610CE.NFO,07/01/2020,10:21:45,7.75,7.7,1400,8,2800,0,109200
HCLTECH30Jan20610CE.NFO,07/01/2020,10:21:48,7.75,7.7,1400,7.95,1400,0,109200
HCLTECH30Jan20610CE.NFO,07/01/2020,10:22:02,7.75,7.65,1400,7.95,1400,0,109200
HCLTECH30Jan20610CE.NFO,07/01/2020,10:22:05,7.75,7.65,1400,7.95,2800,0,109200
HCLTECH30Jan20610CE.NFO,07/01/2020,10:22:08,7.75,7.65,1400,7.95,4200,0,109200
HCLTECH30Jan20610CE.NFO,07/01/2020,10:22:16,7.75,7.65,1400,7.95,1400,0,109200
HCLTECH30Jan20610CE.NFO,07/01/2020,10:22:40,7.75,7.65,1400,7.9,1400,0,109200
HCLTECH30Jan20610CE.NFO,07/01/2020,10:22:45,7.75,7.55,1400,7.9,5600,0,109200
HCLTECH30Jan20610CE.NFO,07/01/2020,10:22:51,7.75,7.55,1400,7.9,7000,0,109200
HCLTECH30Jan20610CE.NFO,07/01/2020,10:22:56,7.75,7.55,1400,7.8,1400,0,109200
HCLTECH30Jan20610CE.NFO,07/01/2020,10:23:00,7.75,7.6,1400,7.8,1400,0,109200
HCLTECH30Jan20610CE.NFO,07/01/2020,10:23:10,7.75,7.55,1400,7.8,1400,0,109200
HCLTECH30Jan20610CE.NFO,07/01/2020,10:23:19,7.75,7.55,1400,7.85,4200,0,109200
HCLTECH30Jan20610CE.NFO,07/01/2020,10:23:30,7.75,7.55,1400,7.8,1400,0,109200
HCLTECH30Jan20610CE.NFO,07/01/2020,10:23:38,7.75,7.5,1400,7.8,2800,0,109200
HCLTECH30Jan20610CE.NFO,07/01/2020,10:24:10,7.75,7.5,1400,7.8,1400,0,109200
HCLTECH30Jan20610CE.NFO,07/01/2020,10:24:13,7.75,7.5,1400,7.8,2800,0,109200
HCLTECH30Jan20610CE.NFO,07/01/2020,10:24:17,7.75,7.5,1400,7.8,4200,0,109200
HCLTECH30Jan20610CE.NFO,07/01/2020,10:24:24,7.75,7.5,1400,7.8,2800,0,109200
HCLTECH30Jan20610CE.NFO,07/01/2020,10:24:30,7.75,7.5,1400,7.8,4200,0,109200
HCLTECH30Jan20610CE.NFO,07/01/2020,10:25:19,7.75,7.55,1400,7.8,2800,0,109200
HCLTECH30Jan20610CE.NFO,07/01/2020,10:25:28,7.75,7.55,1400,7.8,4200,0,109200
HCLTECH30Jan20610CE.NFO,07/01/2020,10:26:09,7.75,7.55,1400,7.75,1400,0,109200
HCLTECH30Jan20610CE.NFO,07/01/2020,10:26:14,7.75,7.55,1400,7.75,2800,0,109200
HCLTECH30Jan20610CE.NFO,07/01/2020,10:26:18,7.75,7.45,1400,7.7,1400,0,109200
HCLTECH30Jan20610CE.NFO,07/01/2020,10:26:41,7.75,7.45,1400,7.7,2800,0,109200
HCLTECH30Jan20610CE.NFO,07/01/2020,10:26:49,7.75,7.45,1400,7.7,1400,0,109200
HCLTECH30Jan20610CE.NFO,07/01/2020,10:29:04,7.75,7.45,2800,7.8,1400,0,109200
HCLTECH30Jan20610CE.NFO,07/01/2020,10:29:07,7.75,7.45,2800,7.75,1400,0,109200
HCLTECH30Jan20610CE.NFO,07/01/2020,10:29:09,7.75,7.45,2800,7.8,1400,0,109200
HCLTECH30Jan20610CE.NFO,07/01/2020,10:29:15,7.75,7.45,2800,7.85,1400,0,109200
HCLTECH30Jan20610CE.NFO,07/01/2020,10:29:42,7.75,7.45,2800,7.8,1400,0,109200
HCLTECH30Jan20610CE.NFO,07/01/2020,10:29:57,7.8,7.45,2800,7.85,2800,1400,109200
HCLTECH30Jan20610CE.NFO,07/01/2020,10:30:19,7.8,7.45,2800,7.85,5600,0,109200
HCLTECH30Jan20610CE.NFO,07/01/2020,10:30:52,7.8,7.4,1400,7.75,1400,0,109200
HCLTECH30Jan20610CE.NFO,07/01/2020,10:30:58,7.8,7.4,2800,7.75,1400,0,109200
HCLTECH30Jan20610CE.NFO,07/01/2020,10:31:01,7.8,7.5,1400,7.85,4200,0,109200
HCLTECH30Jan20610CE.NFO,07/01/2020,10:31:04,7.8,7.5,1400,7.8,1400,0,109200
HCLTECH30Jan20610CE.NFO,07/01/2020,10:31:21,7.8,7.5,1400,7.8,2800,0,109200
HCLTECH30Jan20610CE.NFO,07/01/2020,10:31:26,7.8,7.5,1400,7.8,1400,0,109200
HCLTECH30Jan20610CE.NFO,07/01/2020,10:31:39,7.8,7.5,1400,7.8,2800,0,109200
HCLTECH30Jan20610CE.NFO,07/01/2020,10:31:42,7.8,7.5,1400,7.8,1400,0,109200
HCLTECH30Jan20610CE.NFO,07/01/2020,10:32:00,7.8,7.45,1400,7.75,1400,0,109200
HCLTECH30Jan20610CE.NFO,07/01/2020,10:32:08,7.8,7.45,1400,7.75,2800,0,109200
HCLTECH30Jan20610CE.NFO,07/01/2020,10:32:16,7.8,7.45,1400,7.75,4200,0,109200
HCLTECH30Jan20610CE.NFO,07/01/2020,10:32:27,7.8,7.45,1400,7.75,2800,0,109200
HCLTECH30Jan20610CE.NFO,07/01/2020,10:33:04,7.8,7.45,4200,7.8,1400,0,109200
HCLTECH30Jan20610CE.NFO,07/01/2020,10:33:29,7.8,7.45,4200,7.8,2800,0,109200
HCLTECH30Jan20610CE.NFO,07/01/2020,10:33:38,7.8,7.45,2800,7.75,1400,0,109200
HCLTECH30Jan20610CE.NFO,07/01/2020,10:34:24,7.8,7.45,4200,7.75,2800,0,109200
HCLTECH30Jan20610CE.NFO,07/01/2020,10:34:33,7.8,7.45,4200,7.75,1400,0,109200
HCLTECH30Jan20610CE.NFO,07/01/2020,10:34:45,7.8,7.45,4200,7.8,1400,0,109200
HCLTECH30Jan20610CE.NFO,07/01/2020,10:35:02,7.8,7.45,2800,7.8,1400,0,109200
HCLTECH30Jan20610CE.NFO,07/01/2020,10:35:28,7.8,7.45,1400,7.7,1400,0,109200
HCLTECH30Jan20610CE.NFO,07/01/2020,10:35:56,7.8,7.45,1400,7.7,4200,0,109200
HCLTECH30Jan20610CE.NFO,07/01/2020,10:36:02,7.8,7.45,1400,7.7,2800,0,109200
HCLTECH30Jan20610CE.NFO,07/01/2020,10:36:50,7.8,7.45,1400,7.7,1400,0,109200
HCLTECH30Jan20610CE.NFO,07/01/2020,10:36:52,7.8,7.45,1400,7.65,1400,0,109200
HCLTECH30Jan20610CE.NFO,07/01/2020,10:37:04,7.8,7.45,1400,7.7,2800,0,109200
HCLTECH30Jan20610CE.NFO,07/01/2020,10:37:24,7.8,7.45,1400,7.65,1400,0,109200
HCLTECH30Jan20610CE.NFO,07/01/2020,10:37:32,7.8,7.45,1400,7.7,1400,0,109200
HCLTECH30Jan20610CE.NFO,07/01/2020,10:37:40,7.8,7.45,2800,7.7,4200,0,109200
HCLTECH30Jan20610CE.NFO,07/01/2020,10:38:03,7.8,7.55,1400,7.8,2800,0,109200
HCLTECH30Jan20610CE.NFO,07/01/2020,10:38:06,7.8,7.5,2800,7.75,1400,0,109200
HCLTECH30Jan20610CE.NFO,07/01/2020,10:38:09,7.8,7.55,1400,7.75,1400,0,109200
HCLTECH30Jan20610CE.NFO,07/01/2020,10:38:12,7.8,7.5,2800,7.75,1400,0,109200
HCLTECH30Jan20610CE.NFO,07/01/2020,10:38:43,7.8,7.55,1400,7.75,1400,0,109200
HCLTECH30Jan20610CE.NFO,07/01/2020,10:38:46,7.8,7.55,1400,7.8,2800,0,109200
HCLTECH30Jan20610CE.NFO,07/01/2020,10:38:50,7.8,7.5,2800,7.75,1400,0,109200
HCLTECH30Jan20610CE.NFO,07/01/2020,10:38:56,7.8,7.55,1400,7.8,2800,0,109200
HCLTECH30Jan20610CE.NFO,07/01/2020,10:39:04,7.8,7.5,2800,7.75,1400,0,109200
HCLTECH30Jan20610CE.NFO,07/01/2020,10:39:23,7.8,7.55,2800,7.8,2800,0,109200
HCLTECH30Jan20610CE.NFO,07/01/2020,10:39:26,7.8,7.5,2800,7.75,1400,0,109200
HCLTECH30Jan20610CE.NFO,07/01/2020,10:40:02,7.8,7.55,1400,7.75,1400,0,109200
HCLTECH30Jan20610CE.NFO,07/01/2020,10:40:15,7.8,7.5,2800,7.75,1400,0,109200
HCLTECH30Jan20610CE.NFO,07/01/2020,10:40:46,7.8,7.55,1400,7.7,1400,0,109200
HCLTECH30Jan20610CE.NFO,07/01/2020,10:40:49,7.8,7.55,1400,7.8,2800,0,109200
HCLTECH30Jan20610CE.NFO,07/01/2020,10:40:53,7.8,7.5,2800,7.75,1400,0,109200
HCLTECH30Jan20610CE.NFO,07/01/2020,10:42:10,7.8,7.45,1400,7.65,1400,0,109200
HCLTECH30Jan20610CE.NFO,07/01/2020,10:42:13,7.8,7.4,2800,7.65,1400,0,109200
HCLTECH30Jan20610CE.NFO,07/01/2020,10:42:16,7.8,7.45,2800,7.75,1400,0,109200
HCLTECH30Jan20610CE.NFO,07/01/2020,10:42:19,7.8,7.45,4200,7.7,1400,0,109200
HCLTECH30Jan20610CE.NFO,07/01/2020,10:42:29,7.8,7.45,4200,7.75,2800,0,109200
HCLTECH30Jan20610CE.NFO,07/01/2020,10:42:33,7.8,7.65,4200,7.9,1400,1400,110600
HCLTECH30Jan20610CE.NFO,07/01/2020,10:42:36,7.8,7.65,4200,7.95,1400,0,110600
HCLTECH30Jan20610CE.NFO,07/01/2020,10:42:41,7.8,7.7,2800,7.95,1400,0,110600
HCLTECH30Jan20610CE.NFO,07/01/2020,10:42:44,7.8,7.7,1400,7.9,1400,0,110600
HCLTECH30Jan20610CE.NFO,07/01/2020,10:43:02,7.8,7.75,1400,8,2800,0,110600
HCLTECH30Jan20610CE.NFO,07/01/2020,10:43:08,7.8,7.8,2800,8,2800,0,110600
HCLTECH30Jan20610CE.NFO,07/01/2020,10:43:15,7.8,7.75,1400,8,2800,0,110600
HCLTECH30Jan20610CE.NFO,07/01/2020,10:43:26,7.8,7.85,1400,8,2800,0,110600
HCLTECH30Jan20610CE.NFO,07/01/2020,10:43:30,7.8,7.8,2800,8,2800,0,110600
HCLTECH30Jan20610CE.NFO,07/01/2020,10:43:33,7.8,7.8,1400,8,2800,0,110600
HCLTECH30Jan20610CE.NFO,07/01/2020,10:43:36,7.8,7.75,2800,8,2800,0,110600
HCLTECH30Jan20610CE.NFO,07/01/2020,10:43:41,7.8,7.75,2800,8,4200,0,110600
HCLTECH30Jan20610CE.NFO,07/01/2020,10:43:45,7.8,7.75,2800,8,5600,0,110600
HCLTECH30Jan20610CE.NFO,07/01/2020,10:43:53,7.8,7.75,2800,8,4200,0,110600
HCLTECH30Jan20610CE.NFO,07/01/2020,10:44:03,7.8,7.75,2800,8,2800,0,110600
HCLTECH30Jan20610CE.NFO,07/01/2020,10:44:10,7.8,7.75,1400,8,2800,0,110600
HCLTECH30Jan20610CE.NFO,07/01/2020,10:44:13,7.8,7.7,1400,8,2800,0,110600
HCLTECH30Jan20610CE.NFO,07/01/2020,10:44:16,7.8,7.8,1400,8,2800,0,110600
HCLTECH30Jan20610CE.NFO,07/01/2020,10:44:25,7.8,7.75,1400,7.95,1400,0,110600
HCLTECH30Jan20610CE.NFO,07/01/2020,10:44:27,7.8,7.75,2800,8,4200,0,110600
HCLTECH30Jan20610CE.NFO,07/01/2020,10:44:43,7.8,7.7,1400,8,2800,0,110600
HCLTECH30Jan20610CE.NFO,07/01/2020,10:44:47,7.8,7.7,1400,7.95,1400,0,110600
HCLTECH30Jan20610CE.NFO,07/01/2020,10:44:51,7.8,7.7,1400,8,4200,0,110600
HCLTECH30Jan20610CE.NFO,07/01/2020,10:44:53,7.8,7.7,1400,7.95,1400,0,110600
HCLTECH30Jan20610CE.NFO,07/01/2020,10:45:00,7.8,7.7,1400,8,4200,0,110600
HCLTECH30Jan20610CE.NFO,07/01/2020,10:45:05,7.8,7.7,1400,7.95,1400,0,110600
HCLTECH30Jan20610CE.NFO,07/01/2020,10:45:13,7.8,7.7,1400,8,2800,0,110600
HCLTECH30Jan20610CE.NFO,07/01/2020,10:45:17,7.8,7.8,1400,8,2800,0,110600
HCLTECH30Jan20610CE.NFO,07/01/2020,10:45:20,7.8,7.7,1400,7.95,1400,0,110600
HCLTECH30Jan20610CE.NFO,07/01/2020,10:45:23,7.8,7.7,1400,8,4200,0,110600
HCLTECH30Jan20610CE.NFO,07/01/2020,10:45:27,7.8,7.75,2800,8,4200,0,110600
HCLTECH30Jan20610CE.NFO,07/01/2020,10:45:32,7.8,7.7,1400,7.95,1400,0,110600
HCLTECH30Jan20610CE.NFO,07/01/2020,10:45:39,7.8,7.75,1400,7.95,1400,0,110600
HCLTECH30Jan20610CE.NFO,07/01/2020,10:45:42,7.8,7.65,1400,7.9,1400,0,110600
HCLTECH30Jan20610CE.NFO,07/01/2020,10:45:45,7.8,7.7,2800,7.95,1400,0,110600
HCLTECH30Jan20610CE.NFO,07/01/2020,10:45:54,7.8,7.65,1400,7.95,1400,0,110600
HCLTECH30Jan20610CE.NFO,07/01/2020,10:45:59,7.8,7.75,1400,7.95,1400,0,110600
HCLTECH30Jan20610CE.NFO,07/01/2020,10:46:00,7.8,7.7,1400,7.95,1400,0,110600
HCLTECH30Jan20610CE.NFO,07/01/2020,10:46:06,7.8,7.7,2800,7.9,1400,0,110600
HCLTECH30Jan20610CE.NFO,07/01/2020,10:46:13,7.8,7.65,1400,7.85,1400,0,110600
HCLTECH30Jan20610CE.NFO,07/01/2020,10:46:16,7.8,7.7,1400,7.9,1400,0,110600
HCLTECH30Jan20610CE.NFO,07/01/2020,10:46:19,7.8,7.6,1400,7.85,1400,0,110600
HCLTECH30Jan20610CE.NFO,07/01/2020,10:46:21,7.8,7.65,1400,7.9,2800,0,110600
HCLTECH30Jan20610CE.NFO,07/01/2020,10:46:24,7.8,7.65,1400,7.9,4200,0,110600
HCLTECH30Jan20610CE.NFO,07/01/2020,10:46:41,7.8,7.65,2800,7.9,4200,0,110600
HCLTECH30Jan20610CE.NFO,07/01/2020,10:46:50,7.8,7.6,1400,7.9,4200,0,110600
HCLTECH30Jan20610CE.NFO,07/01/2020,10:46:53,7.8,7.6,1400,7.85,4200,0,110600
HCLTECH30Jan20610CE.NFO,07/01/2020,10:46:56,7.8,7.6,1400,7.85,2800,0,110600
HCLTECH30Jan20610CE.NFO,07/01/2020,10:47:02,7.8,7.65,1400,7.9,1400,0,110600
HCLTECH30Jan20610CE.NFO,07/01/2020,10:47:05,7.8,7.6,1400,7.9,1400,0,110600
HCLTECH30Jan20610CE.NFO,07/01/2020,10:47:07,7.8,7.6,1400,7.85,2800,0,110600
HCLTECH30Jan20610CE.NFO,07/01/2020,10:47:10,7.8,7.6,4200,7.9,4200,0,110600
HCLTECH30Jan20610CE.NFO,07/01/2020,10:47:14,7.8,7.6,2800,7.9,4200,0,110600
HCLTECH30Jan20610CE.NFO,07/01/2020,10:47:18,7.8,7.6,1400,7.9,2800,0,110600
HCLTECH30Jan20610CE.NFO,07/01/2020,10:47:24,7.8,7.65,1400,7.95,1400,0,110600
HCLTECH30Jan20610CE.NFO,07/01/2020,10:47:28,7.8,7.65,1400,7.9,1400,0,110600
HCLTECH30Jan20610CE.NFO,07/01/2020,10:47:34,7.8,7.75,1400,8,2800,0,110600
HCLTECH30Jan20610CE.NFO,07/01/2020,10:47:47,7.8,7.85,1400,8,2800,0,110600
HCLTECH30Jan20610CE.NFO,07/01/2020,10:48:01,7.8,7.85,2800,8,2800,0,110600
HCLTECH30Jan20610CE.NFO,07/01/2020,10:48:05,7.8,7.85,2800,8,4200,0,110600
HCLTECH30Jan20610CE.NFO,07/01/2020,10:48:09,8,7.9,2800,8.2,2800,2800,110600
HCLTECH30Jan20610CE.NFO,07/01/2020,10:48:09,8,7.9,2800,8.2,2800,0,110600
HCLTECH30Jan20610CE.NFO,07/01/2020,10:48:14,8,7.9,2800,8.25,4200,0,110600
HCLTECH30Jan20610CE.NFO,07/01/2020,10:48:30,8,7.9,2800,8.15,2800,0,110600
HCLTECH30Jan20610CE.NFO,07/01/2020,10:48:34,8,7.9,1400,8.15,2800,0,110600
HCLTECH30Jan20610CE.NFO,07/01/2020,10:48:39,8,7.85,1400,8.1,1400,0,110600
HCLTECH30Jan20610CE.NFO,07/01/2020,10:48:43,8,7.85,1400,8.1,2800,0,110600
HCLTECH30Jan20610CE.NFO,07/01/2020,10:48:47,8,7.85,1400,8.05,1400,0,110600
HCLTECH30Jan20610CE.NFO,07/01/2020,10:48:51,8,7.8,2800,8.05,4200,0,110600
HCLTECH30Jan20610CE.NFO,07/01/2020,10:48:54,8,7.8,1400,8.05,4200,0,110600
HCLTECH30Jan20610CE.NFO,07/01/2020,10:48:58,8,7.8,1400,8,1400,0,110600
HCLTECH30Jan20610CE.NFO,07/01/2020,10:49:02,8,7.75,2800,8.05,4200,0,110600
HCLTECH30Jan20610CE.NFO,07/01/2020,10:49:06,8,7.75,2800,8,2800,0,110600
HCLTECH30Jan20610CE.NFO,07/01/2020,10:49:14,8,7.75,2800,8,1400,0,110600
HCLTECH30Jan20610CE.NFO,07/01/2020,10:49:17,8,7.75,2800,8,2800,0,110600
HCLTECH30Jan20610CE.NFO,07/01/2020,10:49:26,8,7.75,1400,8,2800,0,110600
HCLTECH30Jan20610CE.NFO,07/01/2020,10:49:39,8,7.75,1400,8.05,4200,0,110600
HCLTECH30Jan20610CE.NFO,07/01/2020,10:49:43,8,7.75,1400,8,1400,0,110600
HCLTECH30Jan20610CE.NFO,07/01/2020,10:50:03,8,7.75,2800,8.1,2800,0,110600
HCLTECH30Jan20610CE.NFO,07/01/2020,10:50:09,8,7.75,4200,8.15,4200,0,110600
HCLTECH30Jan20610CE.NFO,07/01/2020,10:50:14,8,7.75,4200,8.2,4200,0,110600
HCLTECH30Jan20610CE.NFO,07/01/2020,10:50:19,8,7.9,1400,8.15,2800,0,110600
HCLTECH30Jan20610CE.NFO,07/01/2020,10:50:28,8,7.9,2800,8.15,4200,0,110600
HCLTECH30Jan20610CE.NFO,07/01/2020,10:50:37,8,7.9,1400,8.15,4200,0,110600
HCLTECH30Jan20610CE.NFO,07/01/2020,10:51:03,8,7.9,2800,8.15,4200,0,110600
HCLTECH30Jan20610CE.NFO,07/01/2020,10:51:23,8,7.9,1400,8.1,1400,0,110600
HCLTECH30Jan20610CE.NFO,07/01/2020,10:51:25,8,7.9,1400,8.1,2800,0,110600
HCLTECH30Jan20610CE.NFO,07/01/2020,10:51:28,8,7.9,1400,8.1,4200,0,110600
HCLTECH30Jan20610CE.NFO,07/01/2020,10:51:32,8,7.9,1400,8.1,1400,0,110600
HCLTECH30Jan20610CE.NFO,07/01/2020,10:51:34,8,7.9,1400,8.1,4200,0,110600
HCLTECH30Jan20610CE.NFO,07/01/2020,10:51:36,8,7.9,1400,8.05,1400,0,110600
HCLTECH30Jan20610CE.NFO,07/01/2020,10:51:38,8,7.9,1400,8.1,4200,0,110600
HCLTECH30Jan20610CE.NFO,07/01/2020,10:51:56,8,7.85,2800,8.1,4200,0,110600
HCLTECH30Jan20610CE.NFO,07/01/2020,10:52:00,8,7.7,1400,8,1400,0,110600
HCLTECH30Jan20610CE.NFO,07/01/2020,10:52:03,8,7.7,1400,8.05,1400,0,110600
HCLTECH30Jan20610CE.NFO,07/01/2020,10:52:08,8,7.75,2800,8.05,4200,0,110600
HCLTECH30Jan20610CE.NFO,07/01/2020,10:52:15,8,7.75,2800,8.05,1400,0,110600
HCLTECH30Jan20610CE.NFO,07/01/2020,10:52:20,8.05,7.85,1400,8.15,4200,1400,113400
HCLTECH30Jan20610CE.NFO,07/01/2020,10:52:20,8.05,7.85,1400,8.15,4200,0,113400
HCLTECH30Jan20610CE.NFO,07/01/2020,10:52:24,8.05,7.8,1400,8.05,1400,0,113400
HCLTECH30Jan20610CE.NFO,07/01/2020,10:52:32,8.05,7.8,1400,8.1,4200,0,113400
HCLTECH30Jan20610CE.NFO,07/01/2020,10:52:35,8.05,7.8,1400,8.05,1400,0,113400
HCLTECH30Jan20610CE.NFO,07/01/2020,10:52:39,8.05,7.8,1400,8.1,2800,0,113400
HCLTECH30Jan20610CE.NFO,07/01/2020,10:52:44,8.05,7.85,1400,8.1,4200,0,113400
HCLTECH30Jan20610CE.NFO,07/01/2020,10:52:48,8.05,7.8,1400,8,1400,0,113400
HCLTECH30Jan20610CE.NFO,07/01/2020,10:52:51,8.05,7.8,1400,8.05,1400,0,113400
HCLTECH30Jan20610CE.NFO,07/01/2020,10:53:01,8.05,7.8,1400,8.05,2800,0,113400
HCLTECH30Jan20610CE.NFO,07/01/2020,10:53:07,8.05,7.8,1400,8.05,1400,0,113400
HCLTECH30Jan20610CE.NFO,07/01/2020,10:53:18,8.05,7.8,1400,8.1,2800,0,113400
HCLTECH30Jan20610CE.NFO,07/01/2020,10:53:24,8.05,7.8,1400,8.1,4200,0,113400
HCLTECH30Jan20610CE.NFO,07/01/2020,10:53:28,8.05,7.8,1400,8.1,2800,0,113400
HCLTECH30Jan20610CE.NFO,07/01/2020,10:53:39,8.05,7.8,1400,8.05,1400,0,113400
HCLTECH30Jan20610CE.NFO,07/01/2020,10:53:49,8.05,7.8,1400,8.05,2800,0,113400
HCLTECH30Jan20610CE.NFO,07/01/2020,10:54:05,8.05,7.8,1400,8.05,4200,0,113400
HCLTECH30Jan20610CE.NFO,07/01/2020,10:54:15,8.05,7.8,1400,8.05,2800,0,113400
HCLTECH30Jan20610CE.NFO,07/01/2020,10:54:47,8.05,7.8,1400,8.05,1400,0,113400
HCLTECH30Jan20610CE.NFO,07/01/2020,10:54:52,8.05,7.9,1400,8.05,1400,0,113400
HCLTECH30Jan20610CE.NFO,07/01/2020,10:55:02,8.05,7.9,1400,8.05,2800,0,113400
HCLTECH30Jan20610CE.NFO,07/01/2020,10:55:27,7.95,7.8,1400,8.05,1400,1400,113400
HCLTECH30Jan20610CE.NFO,07/01/2020,10:55:33,7.95,7.8,1400,8,1400,0,113400
HCLTECH30Jan20610CE.NFO,07/01/2020,10:56:03,7.95,7.8,1400,8.05,1400,0,113400
HCLTECH30Jan20610CE.NFO,07/01/2020,10:56:13,7.95,7.8,1400,8,2800,0,113400
HCLTECH30Jan20610CE.NFO,07/01/2020,10:56:29,7.95,7.8,1400,8.05,1400,0,113400
HCLTECH30Jan20610CE.NFO,07/01/2020,10:56:34,7.95,7.75,1400,8,2800,0,113400
HCLTECH30Jan20610CE.NFO,07/01/2020,10:56:44,7.95,7.75,1400,8,4200,0,113400
HCLTECH30Jan20610CE.NFO,07/01/2020,10:56:48,7.95,7.75,1400,8,2800,0,113400
HCLTECH30Jan20610CE.NFO,07/01/2020,10:56:59,7.95,7.75,1400,8,4200,0,113400
HCLTECH30Jan20610CE.NFO,07/01/2020,10:57:04,7.95,7.75,2800,8,1400,0,113400
HCLTECH30Jan20610CE.NFO,07/01/2020,10:57:21,7.95,7.75,1400,7.95,1400,0,113400
HCLTECH30Jan20610CE.NFO,07/01/2020,10:57:29,7.95,7.8,2800,8,1400,0,113400
HCLTECH30Jan20610CE.NFO,07/01/2020,10:57:36,7.95,7.85,2800,8,1400,0,113400
HCLTECH30Jan20610CE.NFO,07/01/2020,10:57:42,8,7.85,4200,8.35,4200,1400,113400
HCLTECH30Jan20610CE.NFO,07/01/2020,10:57:49,8,7.85,4200,8.3,2800,0,113400
HCLTECH30Jan20610CE.NFO,07/01/2020,10:57:54,8,7.85,4200,8.25,1400,0,113400
HCLTECH30Jan20610CE.NFO,07/01/2020,10:58:00,8,8,1400,8.3,2800,0,113400
HCLTECH30Jan20610CE.NFO,07/01/2020,10:58:13,8,8.05,1400,8.3,1400,0,113400
HCLTECH30Jan20610CE.NFO,07/01/2020,10:58:19,8,8.05,2800,8.35,2800,0,113400
HCLTECH30Jan20610CE.NFO,07/01/2020,10:58:26,8,8.05,1400,8.3,1400,0,113400
HCLTECH30Jan20610CE.NFO,07/01/2020,10:58:33,8,8,2800,8.3,1400,0,113400
HCLTECH30Jan20610CE.NFO,07/01/2020,10:58:51,8,8.05,2800,8.35,2800,0,113400
HCLTECH30Jan20610CE.NFO,07/01/2020,10:58:57,8,8.05,2800,8.35,1400,0,113400
HCLTECH30Jan20610CE.NFO,07/01/2020,10:59:10,8,8.05,2800,8.3,1400,0,113400
HCLTECH30Jan20610CE.NFO,07/01/2020,10:59:28,8,8.05,1400,8.3,1400,0,113400
HCLTECH30Jan20610CE.NFO,07/01/2020,10:59:35,8,8,2800,8.3,4200,0,113400
HCLTECH30Jan20610CE.NFO,07/01/2020,10:59:41,8,8,1400,8.3,4200,0,113400
HCLTECH30Jan20610CE.NFO,07/01/2020,10:59:47,8,8,2800,8.3,4200,0,113400
HCLTECH30Jan20610CE.NFO,07/01/2020,10:59:52,8,8,1400,8.3,4200,0,113400
HCLTECH30Jan20610CE.NFO,07/01/2020,10:59:57,8,8,2800,8.3,4200,0,113400
HCLTECH30Jan20610CE.NFO,07/01/2020,11:00:04,8,8,2800,8.3,2800,0,113400
HCLTECH30Jan20610CE.NFO,07/01/2020,11:00:11,8,8.05,2800,8.35,1400,0,113400
HCLTECH30Jan20610CE.NFO,07/01/2020,11:00:19,8,8.05,4200,8.45,2800,0,113400
HCLTECH30Jan20610CE.NFO,07/01/2020,11:00:26,8,8.2,1400,8.5,2800,0,113400
HCLTECH30Jan20610CE.NFO,07/01/2020,11:00:32,8,8.25,1400,8.5,2800,0,113400
HCLTECH30Jan20610CE.NFO,07/01/2020,11:00:39,8,8.3,1400,8.5,1400,0,113400
HCLTECH30Jan20610CE.NFO,07/01/2020,11:00:46,8,8.3,2800,8.5,1400,0,113400
HCLTECH30Jan20610CE.NFO,07/01/2020,11:00:52,8.5,8.4,2800,8.75,2800,1400,113400
HCLTECH30Jan20610CE.NFO,07/01/2020,11:00:52,8.5,8.4,2800,8.75,2800,0,113400
HCLTECH30Jan20610CE.NFO,07/01/2020,11:01:21,8.5,8.35,2800,8.6,2800,0,113400
HCLTECH30Jan20610CE.NFO,07/01/2020,11:01:29,8.5,8.35,1400,8.55,1400,0,113400
HCLTECH30Jan20610CE.NFO,07/01/2020,11:01:45,8.5,8.35,1400,8.6,4200,0,113400
HCLTECH30Jan20610CE.NFO,07/01/2020,11:01:52,8.5,8.35,1400,8.55,1400,0,113400
HCLTECH30Jan20610CE.NFO,07/01/2020,11:02:00,8.5,8.35,1400,8.55,2800,0,113400
HCLTECH30Jan20610CE.NFO,07/01/2020,11:02:07,8.5,8.3,2800,8.6,2800,0,113400
HCLTECH30Jan20610CE.NFO,07/01/2020,11:02:14,8.5,8.3,1400,8.6,2800,0,113400
HCLTECH30Jan20610CE.NFO,07/01/2020,11:02:26,8.5,8.4,1400,8.65,1400,0,113400
HCLTECH30Jan20610CE.NFO,07/01/2020,11:02:33,8.5,8.4,1400,8.7,4200,0,113400
HCLTECH30Jan20610CE.NFO,07/01/2020,11:02:45,8.5,8.4,1400,8.65,2800,0,113400
HCLTECH30Jan20610CE.NFO,07/01/2020,11:02:52,8.5,8.3,1400,8.6,2800,0,113400
HCLTECH30Jan20610CE.NFO,07/01/2020,11:03:05,8.5,8.4,1400,8.65,1400,0,113400
HCLTECH30Jan20610CE.NFO,07/01/2020,11:03:12,8.5,8.3,1400,8.65,1400,0,113400
HCLTECH30Jan20610CE.NFO,07/01/2020,11:03:19,8.5,8.3,1400,8.6,2800,0,113400
HCLTECH30Jan20610CE.NFO,07/01/2020,11:03:38,8.5,8.3,1400,8.55,1400,0,113400
HCLTECH30Jan20610CE.NFO,07/01/2020,11:03:46,8.5,8.25,1400,8.5,1400,0,113400
HCLTECH30Jan20610CE.NFO,07/01/2020,11:03:53,8.5,8.3,1400,8.55,2800,0,113400
HCLTECH30Jan20610CE.NFO,07/01/2020,11:04:07,8.5,8.3,1400,8.55,1400,0,113400
HCLTECH30Jan20610CE.NFO,07/01/2020,11:04:20,8.5,8.3,1400,8.6,2800,0,113400
HCLTECH30Jan20610CE.NFO,07/01/2020,11:04:32,8.5,8.3,1400,8.6,1400,0,113400
HCLTECH30Jan20610CE.NFO,07/01/2020,11:04:46,8.5,8.3,1400,8.55,2800,0,113400
HCLTECH30Jan20610CE.NFO,07/01/2020,11:05:00,8.5,8.25,1400,8.5,2800,0,113400
HCLTECH30Jan20610CE.NFO,07/01/2020,11:05:07,8.5,8.3,1400,8.55,2800,0,113400
HCLTECH30Jan20610CE.NFO,07/01/2020,11:05:35,8.5,8.25,1400,8.5,4200,0,113400
HCLTECH30Jan20610CE.NFO,07/01/2020,11:05:42,8.5,8.25,1400,8.4,1400,0,113400
HCLTECH30Jan20610CE.NFO,07/01/2020,11:05:48,8.5,8.15,1400,8.4,1400,0,113400
HCLTECH30Jan20610CE.NFO,07/01/2020,11:05:55,8.5,8.15,1400,8.4,2800,0,113400
HCLTECH30Jan20610CE.NFO,07/01/2020,11:06:03,8.5,8.15,1400,8.35,1400,0,113400
HCLTECH30Jan20610CE.NFO,07/01/2020,11:06:09,8.5,8.1,1400,8.45,2800,0,113400
HCLTECH30Jan20610CE.NFO,07/01/2020,11:06:16,8.5,8.1,2800,8.45,2800,0,113400
HCLTECH30Jan20610CE.NFO,07/01/2020,11:06:22,8.5,8.1,1400,8.4,2800,0,113400
HCLTECH30Jan20610CE.NFO,07/01/2020,11:06:49,8.5,8.1,1400,8.35,1400,0,113400
HCLTECH30Jan20610CE.NFO,07/01/2020,11:06:59,8.5,8.1,1400,8.35,2800,0,113400
HCLTECH30Jan20610CE.NFO,07/01/2020,11:07:05,8.5,8.1,1400,8.3,1400,0,113400
HCLTECH30Jan20610CE.NFO,07/01/2020,11:07:10,8.5,8.1,1400,8.35,2800,0,113400
HCLTECH30Jan20610CE.NFO,07/01/2020,11:07:15,8.5,8.1,1400,8.35,1400,0,113400
HCLTECH30Jan20610CE.NFO,07/01/2020,11:08:27,8.5,8.1,1400,8.4,4200,0,113400
HCLTECH30Jan20610CE.NFO,07/01/2020,11:08:57,8.5,8.1,1400,8.35,1400,0,113400
HCLTECH30Jan20610CE.NFO,07/01/2020,11:09:02,8.5,8.1,1400,8.35,2800,0,113400
HCLTECH30Jan20610CE.NFO,07/01/2020,11:09:12,8.5,8.1,1400,8.35,1400,0,113400
HCLTECH30Jan20610CE.NFO,07/01/2020,11:09:22,8.5,8.1,1400,8.35,2800,0,113400
HCLTECH30Jan20610CE.NFO,07/01/2020,11:09:27,8.5,8.1,1400,8.4,1400,0,113400
HCLTECH30Jan20610CE.NFO,07/01/2020,11:09:31,8.5,8.1,1400,8.4,2800,0,113400
HCLTECH30Jan20610CE.NFO,07/01/2020,11:09:45,8.5,8.1,1400,8.35,1400,0,113400
HCLTECH30Jan20610CE.NFO,07/01/2020,11:09:49,8.5,8.1,1400,8.4,1400,0,113400
HCLTECH30Jan20610CE.NFO,07/01/2020,11:09:53,8.5,8.1,1400,8.4,4200,0,113400
HCLTECH30Jan20610CE.NFO,07/01/2020,11:09:57,8.5,8.1,1400,8.4,5600,0,113400
HCLTECH30Jan20610CE.NFO,07/01/2020,11:10:01,8.5,8.1,1400,8.4,1400,0,113400
HCLTECH30Jan20610CE.NFO,07/01/2020,11:10:10,8.5,8.1,2800,8.5,1400,0,113400
HCLTECH30Jan20610CE.NFO,07/01/2020,11:10:14,8.5,8.1,2800,8.7,2800,0,113400
HCLTECH30Jan20610CE.NFO,07/01/2020,11:10:19,8.5,8.1,2800,8.6,1400,0,113400
HCLTECH30Jan20610CE.NFO,07/01/2020,11:10:24,8.5,8.1,2800,8.6,2800,0,113400
HCLTECH30Jan20610CE.NFO,07/01/2020,11:10:29,8.5,8.35,1400,8.65,1400,0,113400
HCLTECH30Jan20610CE.NFO,07/01/2020,11:10:38,8.5,8.3,1400,8.65,1400,0,113400
HCLTECH30Jan20610CE.NFO,07/01/2020,11:10:42,8.5,8.3,1400,8.65,2800,0,113400
HCLTECH30Jan20610CE.NFO,07/01/2020,11:10:49,8.5,8.3,1400,8.65,1400,0,113400
HCLTECH30Jan20610CE.NFO,07/01/2020,11:10:53,8.5,8.3,2800,8.7,1400,0,113400
HCLTECH30Jan20610CE.NFO,07/01/2020,11:10:56,8.5,8.3,1400,8.65,4200,0,113400
HCLTECH30Jan20610CE.NFO,07/01/2020,11:11:05,8.5,8.3,1400,8.65,1400,0,113400
HCLTECH30Jan20610CE.NFO,07/01/2020,11:11:11,8.5,8.3,1400,8.65,2800,0,113400
HCLTECH30Jan20610CE.NFO,07/01/2020,11:11:17,8.5,8.35,1400,8.6,1400,0,113400
HCLTECH30Jan20610CE.NFO,07/01/2020,11:11:23,8.5,8.2,1400,8.5,1400,0,113400
HCLTECH30Jan20610CE.NFO,07/01/2020,11:11:38,8.5,8.1,2800,8.45,4200,0,113400
HCLTECH30Jan20610CE.NFO,07/01/2020,11:11:51,8.5,8.1,2800,8.45,1400,0,113400
HCLTECH30Jan20610CE.NFO,07/01/2020,11:12:05,8.5,8.05,2800,8.4,2800,0,113400
HCLTECH30Jan20610CE.NFO,07/01/2020,11:12:13,8.5,8.05,1400,8.3,1400,0,113400
HCLTECH30Jan20610CE.NFO,07/01/2020,11:12:27,8.5,8.05,1400,8.35,1400,0,113400
HCLTECH30Jan20610CE.NFO,07/01/2020,11:12:34,8.5,8.05,1400,8.35,2800,0,113400
HCLTECH30Jan20610CE.NFO,07/01/2020,11:12:40,8.5,8.05,1400,8.35,1400,0,113400
HCLTECH30Jan20610CE.NFO,07/01/2020,11:12:45,8.5,8.05,1400,8.35,2800,0,113400
HCLTECH30Jan20610CE.NFO,07/01/2020,11:13:12,8.5,8.05,1400,8.35,1400,0,113400
HCLTECH30Jan20610CE.NFO,07/01/2020,11:13:34,8.5,8.05,1400,8.4,4200,0,113400
HCLTECH30Jan20610CE.NFO,07/01/2020,11:13:41,8.5,8.05,1400,8.4,5600,0,113400
HCLTECH30Jan20610CE.NFO,07/01/2020,11:13:47,8.5,8.05,1400,8.4,4200,0,113400
HCLTECH30Jan20610CE.NFO,07/01/2020,11:13:52,8.5,8.1,1400,8.4,4200,0,113400
HCLTECH30Jan20610CE.NFO,07/01/2020,11:14:03,8.5,8.15,1400,8.4,1400,0,113400
HCLTECH30Jan20610CE.NFO,07/01/2020,11:14:09,8.5,8.1,1400,8.4,1400,0,113400
HCLTECH30Jan20610CE.NFO,07/01/2020,11:14:15,8.5,8.15,1400,8.55,2800,0,113400
HCLTECH30Jan20610CE.NFO,07/01/2020,11:14:21,8.5,8.15,1400,8.55,4200,0,113400
HCLTECH30Jan20610CE.NFO,07/01/2020,11:14:26,8.5,8.15,2800,8.6,2800,0,113400
HCLTECH30Jan20610CE.NFO,07/01/2020,11:14:41,8.5,8.15,2800,8.6,4200,0,113400
HCLTECH30Jan20610CE.NFO,07/01/2020,11:14:46,8.5,8.15,2800,8.55,2800,0,113400
HCLTECH30Jan20610CE.NFO,07/01/2020,11:14:57,8.5,8.15,2800,8.55,1400,0,113400
HCLTECH30Jan20610CE.NFO,07/01/2020,11:15:04,8.5,8.15,2800,8.55,2800,0,113400
HCLTECH30Jan20610CE.NFO,07/01/2020,11:15:10,8.5,8.15,1400,8.5,1400,0,113400
HCLTECH30Jan20610CE.NFO,07/01/2020,11:15:16,8.5,8.15,2800,8.5,1400,0,113400
HCLTECH30Jan20610CE.NFO,07/01/2020,11:15:25,8.5,8.15,1400,8.55,4200,0,113400
HCLTECH30Jan20610CE.NFO,07/01/2020,11:15:37,8.5,8.15,1400,8.5,1400,0,113400
HCLTECH30Jan20610CE.NFO,07/01/2020,11:15:42,8.5,8.15,1400,8.5,2800,0,113400
HCLTECH30Jan20610CE.NFO,07/01/2020,11:15:47,8.5,8.15,1400,8.5,1400,0,113400
HCLTECH30Jan20610CE.NFO,07/01/2020,11:16:04,8.5,8.15,1400,8.45,1400,0,113400
HCLTECH30Jan20610CE.NFO,07/01/2020,11:16:24,8.5,8.1,1400,8.4,1400,0,113400
HCLTECH30Jan20610CE.NFO,07/01/2020,11:16:40,8.5,8.05,1400,8.4,1400,0,113400
HCLTECH30Jan20610CE.NFO,07/01/2020,11:16:46,8.5,8.05,1400,8.35,2800,0,113400
HCLTECH30Jan20610CE.NFO,07/01/2020,11:16:53,8.5,8.05,1400,8.35,1400,0,113400
HCLTECH30Jan20610CE.NFO,07/01/2020,11:17:09,8.5,8.05,4200,8.35,1400,0,113400
HCLTECH30Jan20610CE.NFO,07/01/2020,11:17:27,8.5,8.05,4200,8.4,1400,0,113400
HCLTECH30Jan20610CE.NFO,07/01/2020,11:17:39,8.5,8.05,4200,8.35,1400,0,113400
HCLTECH30Jan20610CE.NFO,07/01/2020,11:17:46,8.5,8.1,1400,8.35,1400,0,113400
HCLTECH30Jan20610CE.NFO,07/01/2020,11:17:55,8.5,8.1,2800,8.4,1400,0,113400
HCLTECH30Jan20610CE.NFO,07/01/2020,11:18:05,8.5,8.1,1400,8.35,1400,0,113400
HCLTECH30Jan20610CE.NFO,07/01/2020,11:18:31,8.5,8.1,1400,8.4,1400,0,113400
HCLTECH30Jan20610CE.NFO,07/01/2020,11:18:36,8.5,8.1,2800,8.45,1400,0,113400
HCLTECH30Jan20610CE.NFO,07/01/2020,11:19:18,8.5,8.1,1400,8.4,1400,0,113400
HCLTECH30Jan20610CE.NFO,07/01/2020,11:19:33,8.5,8.1,2800,8.4,1400,0,113400
HCLTECH30Jan20610CE.NFO,07/01/2020,11:20:56,8.5,8.1,1400,8.4,1400,0,113400
HCLTECH30Jan20610CE.NFO,07/01/2020,11:21:02,8.5,8.1,1400,8.35,1400,0,113400
HCLTECH30Jan20610CE.NFO,07/01/2020,11:21:07,8.5,8.1,1400,8.4,1400,0,113400
HCLTECH30Jan20610CE.NFO,07/01/2020,11:22:27,8.5,8.05,1400,8.35,1400,0,113400
HCLTECH30Jan20610CE.NFO,07/01/2020,11:22:32,8.5,8.05,1400,8.4,5600,0,113400
HCLTECH30Jan20610CE.NFO,07/01/2020,11:22:36,8.5,8.1,1400,8.4,1400,0,113400
HCLTECH30Jan20610CE.NFO,07/01/2020,11:22:41,8.5,8.1,1400,8.45,4200,0,113400
HCLTECH30Jan20610CE.NFO,07/01/2020,11:22:49,8.5,8.1,1400,8.45,2800,0,113400
HCLTECH30Jan20610CE.NFO,07/01/2020,11:23:16,8.5,8.15,1400,8.45,1400,0,113400
HCLTECH30Jan20610CE.NFO,07/01/2020,11:23:56,8.5,8.2,1400,8.45,2800,0,113400
HCLTECH30Jan20610CE.NFO,07/01/2020,11:24:02,8.5,8.2,1400,8.45,1400,0,113400
HCLTECH30Jan20610CE.NFO,07/01/2020,11:24:28,8.5,8.2,1400,8.5,4200,0,113400
HCLTECH30Jan20610CE.NFO,07/01/2020,11:24:33,8.5,8.15,2800,8.45,1400,0,113400
HCLTECH30Jan20610CE.NFO,07/01/2020,11:24:38,8.5,8.2,1400,8.45,1400,0,113400
HCLTECH30Jan20610CE.NFO,07/01/2020,11:25:04,8.5,8.15,1400,8.45,1400,0,113400
HCLTECH30Jan20610CE.NFO,07/01/2020,11:25:09,8.5,8.15,1400,8.4,1400,0,113400
HCLTECH30Jan20610CE.NFO,07/01/2020,11:25:37,8.5,8.2,1400,8.45,1400,0,113400
HCLTECH30Jan20610CE.NFO,07/01/2020,11:25:53,8.5,8.15,1400,8.4,1400,0,113400
HCLTECH30Jan20610CE.NFO,07/01/2020,11:25:58,8.5,8.15,2800,8.4,1400,0,113400
HCLTECH30Jan20610CE.NFO,07/01/2020,11:26:13,8.5,8.15,1400,8.4,1400,0,113400
HCLTECH30Jan20610CE.NFO,07/01/2020,11:26:53,8.5,8.15,2800,8.45,1400,0,113400
HCLTECH30Jan20610CE.NFO,07/01/2020,11:27:05,8.5,8.15,2800,8.4,1400,0,113400
HCLTECH30Jan20610CE.NFO,07/01/2020,11:27:09,8.5,8.15,1400,8.35,1400,0,113400
HCLTECH30Jan20610CE.NFO,07/01/2020,11:27:22,8.5,8.15,1400,8.3,1400,0,113400
HCLTECH30Jan20610CE.NFO,07/01/2020,11:27:26,8.5,8.15,1400,8.4,1400,0,113400
HCLTECH30Jan20610CE.NFO,07/01/2020,11:27:59,8.5,8.15,1400,8.35,1400,0,113400
HCLTECH30Jan20610CE.NFO,07/01/2020,11:28:03,8.5,8.15,1400,8.45,1400,0,113400
HCLTECH30Jan20610CE.NFO,07/01/2020,11:28:22,8.5,8.15,1400,8.4,1400,0,113400
HCLTECH30Jan20610CE.NFO,07/01/2020,11:28:25,8.5,8.2,1400,8.45,1400,0,113400
HCLTECH30Jan20610CE.NFO,07/01/2020,11:29:12,8.5,8.15,1400,8.4,1400,0,113400
HCLTECH30Jan20610CE.NFO,07/01/2020,11:29:16,8.5,8.15,1400,8.45,2800,0,113400
HCLTECH30Jan20610CE.NFO,07/01/2020,11:29:26,8.5,8.15,1400,8.45,4200,0,113400
HCLTECH30Jan20610CE.NFO,07/01/2020,11:30:12,8.5,8.15,1400,8.45,2800,0,113400
HCLTECH30Jan20610CE.NFO,07/01/2020,11:30:16,8.5,8.2,1400,8.5,2800,0,113400
HCLTECH30Jan20610CE.NFO,07/01/2020,11:30:40,8.5,8.2,2800,8.55,1400,0,113400
HCLTECH30Jan20610CE.NFO,07/01/2020,11:30:43,8.5,8.2,2800,8.5,1400,0,113400
HCLTECH30Jan20610CE.NFO,07/01/2020,11:31:07,8.5,8.2,2800,8.5,2800,0,113400
HCLTECH30Jan20610CE.NFO,07/01/2020,11:31:13,8.5,8.2,2800,8.5,1400,0,113400
HCLTECH30Jan20610CE.NFO,07/01/2020,11:31:22,8.5,8.2,1400,8.5,1400,0,113400
HCLTECH30Jan20610CE.NFO,07/01/2020,11:31:27,8.5,8.2,2800,8.5,1400,0,113400
HCLTECH30Jan20610CE.NFO,07/01/2020,11:31:40,8.5,8.2,2800,8.55,1400,0,113400
HCLTECH30Jan20610CE.NFO,07/01/2020,11:32:12,8.5,8.15,2800,8.5,1400,0,113400
HCLTECH30Jan20610CE.NFO,07/01/2020,11:32:22,8.5,8.15,1400,8.5,1400,0,113400
HCLTECH30Jan20610CE.NFO,07/01/2020,11:32:26,8.5,8.15,2800,8.5,1400,0,113400
HCLTECH30Jan20610CE.NFO,07/01/2020,11:32:31,8.5,8.15,1400,8.5,1400,0,113400
HCLTECH30Jan20610CE.NFO,07/01/2020,11:32:51,8.5,8.15,1400,8.3,1400,0,113400
HCLTECH30Jan20610CE.NFO,07/01/2020,11:33:55,8.15,8.05,2800,8.3,1400,1400,112000
HCLTECH30Jan20610CE.NFO,07/01/2020,11:34:01,8.15,8.1,1400,8.35,2800,0,112000
HCLTECH30Jan20610CE.NFO,07/01/2020,11:34:06,8.15,8.1,4200,8.45,1400,0,112000
HCLTECH30Jan20610CE.NFO,07/01/2020,11:34:13,8.15,8.1,4200,8.4,1400,0,112000
HCLTECH30Jan20610CE.NFO,07/01/2020,11:34:20,8.15,8.2,1400,8.45,1400,0,112000
HCLTECH30Jan20610CE.NFO,07/01/2020,11:34:26,8.15,8.2,1400,8.5,4200,0,112000
HCLTECH30Jan20610CE.NFO,07/01/2020,11:35:07,8.15,8.2,1400,8.45,1400,0,112000
HCLTECH30Jan20610CE.NFO,07/01/2020,11:35:12,8.15,8.2,1400,8.45,2800,0,112000
HCLTECH30Jan20610CE.NFO,07/01/2020,11:35:17,8.15,8.2,1400,8.45,1400,0,112000
HCLTECH30Jan20610CE.NFO,07/01/2020,11:35:24,8.15,8.25,1400,8.45,1400,0,112000
HCLTECH30Jan20610CE.NFO,07/01/2020,11:35:31,8.15,8.25,1400,8.5,4200,0,112000
HCLTECH30Jan20610CE.NFO,07/01/2020,11:35:36,8.15,8.25,1400,8.5,2800,0,112000
HCLTECH30Jan20610CE.NFO,07/01/2020,11:35:59,8.15,8.25,1400,8.45,1400,0,112000
HCLTECH30Jan20610CE.NFO,07/01/2020,11:36:29,8.15,8.2,1400,8.45,1400,0,112000
HCLTECH30Jan20610CE.NFO,07/01/2020,11:36:34,8.15,8.2,1400,8.45,2800,0,112000
HCLTECH30Jan20610CE.NFO,07/01/2020,11:36:58,8.15,8.15,1400,8.45,4200,0,112000
HCLTECH30Jan20610CE.NFO,07/01/2020,11:37:23,8.15,8.15,2800,8.45,1400,0,112000
HCLTECH30Jan20610CE.NFO,07/01/2020,11:37:39,8.15,8.15,2800,8.5,4200,0,112000
HCLTECH30Jan20610CE.NFO,07/01/2020,11:37:47,8.15,8.15,2800,8.45,1400,0,112000
HCLTECH30Jan20610CE.NFO,07/01/2020,11:38:08,8.15,8.15,2800,8.5,2800,0,112000
HCLTECH30Jan20610CE.NFO,07/01/2020,11:38:22,8.15,8.3,2800,8.5,2800,0,112000
HCLTECH30Jan20610CE.NFO,07/01/2020,11:38:39,8.15,8.35,2800,8.5,2800,0,112000
HCLTECH30Jan20610CE.NFO,07/01/2020,11:38:43,8.5,8.35,2800,8.5,1400,1400,112000
HCLTECH30Jan20610CE.NFO,07/01/2020,11:38:47,8.5,8.35,2800,8.5,1400,0,112000
HCLTECH30Jan20610CE.NFO,07/01/2020,11:38:56,8.5,8.35,2800,8.5,2800,0,112000
HCLTECH30Jan20610CE.NFO,07/01/2020,11:39:12,8.5,8.35,2800,8.6,1400,1400,112000
HCLTECH30Jan20610CE.NFO,07/01/2020,11:39:15,8.5,8.35,2800,8.6,1400,0,112000
HCLTECH30Jan20610CE.NFO,07/01/2020,11:39:18,8.5,8.35,2800,8.6,2800,0,112000
HCLTECH30Jan20610CE.NFO,07/01/2020,11:39:23,8.5,8.35,2800,8.65,1400,0,112000
HCLTECH30Jan20610CE.NFO,07/01/2020,11:39:27,8.5,8.35,2800,8.6,1400,0,112000
HCLTECH30Jan20610CE.NFO,07/01/2020,11:39:32,8.5,8.35,2800,8.7,4200,0,112000
HCLTECH30Jan20610CE.NFO,07/01/2020,11:39:40,8.5,8.35,2800,8.7,1400,0,112000
HCLTECH30Jan20610CE.NFO,07/01/2020,11:39:44,8.5,8.35,2800,8.7,2800,0,112000
HCLTECH30Jan20610CE.NFO,07/01/2020,11:39:50,8.5,8.35,2800,8.8,1400,0,112000
HCLTECH30Jan20610CE.NFO,07/01/2020,11:39:57,8.5,8.35,2800,8.7,1400,0,112000
HCLTECH30Jan20610CE.NFO,07/01/2020,11:40:03,8.5,8.35,2800,8.65,1400,0,112000
HCLTECH30Jan20610CE.NFO,07/01/2020,11:40:22,8.5,8.3,1400,8.6,5600,0,112000
HCLTECH30Jan20610CE.NFO,07/01/2020,11:40:26,8.5,8.3,1400,8.6,2800,0,112000
HCLTECH30Jan20610CE.NFO,07/01/2020,11:40:56,8.5,8.25,1400,8.55,2800,0,112000
HCLTECH30Jan20610CE.NFO,07/01/2020,11:41:14,8.5,8.2,1400,8.55,4200,0,112000
HCLTECH30Jan20610CE.NFO,07/01/2020,11:41:17,8.5,8.25,1400,8.55,1400,0,112000
HCLTECH30Jan20610CE.NFO,07/01/2020,11:41:23,8.5,8.25,1400,8.55,2800,0,112000
HCLTECH30Jan20610CE.NFO,07/01/2020,11:41:29,8.5,8.25,1400,8.55,1400,0,112000
HCLTECH30Jan20610CE.NFO,07/01/2020,11:41:34,8.5,8.25,1400,8.55,2800,0,112000
HCLTECH30Jan20610CE.NFO,07/01/2020,11:41:45,8.5,8.2,1400,8.45,1400,0,112000
HCLTECH30Jan20610CE.NFO,07/01/2020,11:41:51,8.5,8.2,1400,8.5,1400,0,112000
HCLTECH30Jan20610CE.NFO,07/01/2020,11:42:03,8.5,8.2,2800,8.55,2800,0,112000
HCLTECH30Jan20610CE.NFO,07/01/2020,11:42:24,8.5,8.2,1400,8.5,1400,0,112000
HCLTECH30Jan20610CE.NFO,07/01/2020,11:42:32,8.5,8.2,2800,8.5,1400,0,112000
HCLTECH30Jan20610CE.NFO,07/01/2020,11:42:46,8.5,8.2,2800,8.55,1400,0,112000
HCLTECH30Jan20610CE.NFO,07/01/2020,11:42:50,8.5,8.2,2800,8.55,2800,0,112000
HCLTECH30Jan20610CE.NFO,07/01/2020,11:42:55,8.5,8.2,2800,8.5,1400,0,112000
HCLTECH30Jan20610CE.NFO,07/01/2020,11:43:07,8.5,8.2,1400,8.5,1400,0,112000
HCLTECH30Jan20610CE.NFO,07/01/2020,11:43:18,8.5,8.2,2800,8.5,1400,0,112000
HCLTECH30Jan20610CE.NFO,07/01/2020,11:43:24,8.5,8.2,2800,8.6,4200,0,112000
HCLTECH30Jan20610CE.NFO,07/01/2020,11:43:28,8.5,8.2,2800,8.55,1400,0,112000
HCLTECH30Jan20610CE.NFO,07/01/2020,11:43:31,8.5,8.2,2800,8.5,1400,0,112000
HCLTECH30Jan20610CE.NFO,07/01/2020,11:43:48,8.5,8.2,2800,8.55,1400,0,112000
HCLTECH30Jan20610CE.NFO,07/01/2020,11:44:16,8.5,8.2,2800,8.55,2800,0,112000
HCLTECH30Jan20610CE.NFO,07/01/2020,11:44:20,8.5,8.2,2800,8.55,1400,0,112000
HCLTECH30Jan20610CE.NFO,07/01/2020,11:44:23,8.5,8.2,2800,8.55,2800,0,112000
HCLTECH30Jan20610CE.NFO,07/01/2020,11:44:29,8.5,8.2,2800,8.55,4200,0,112000
HCLTECH30Jan20610CE.NFO,07/01/2020,11:44:44,8.5,8.2,2800,8.6,2800,0,112000
HCLTECH30Jan20610CE.NFO,07/01/2020,11:44:58,8.5,8.2,2800,8.55,1400,0,112000
HCLTECH30Jan20610CE.NFO,07/01/2020,11:46:11,8.5,8.2,2800,8.55,2800,0,112000
HCLTECH30Jan20610CE.NFO,07/01/2020,11:46:13,8.5,8.2,2800,8.6,2800,0,112000
HCLTECH30Jan20610CE.NFO,07/01/2020,11:46:21,8.5,8.2,2800,8.6,1400,0,112000
HCLTECH30Jan20610CE.NFO,07/01/2020,11:46:50,8.5,8.2,2800,8.6,2800,0,112000
HCLTECH30Jan20610CE.NFO,07/01/2020,11:46:57,8.5,8.4,1400,8.6,1400,0,112000
HCLTECH30Jan20610CE.NFO,07/01/2020,11:46:59,8.5,8.35,1400,8.65,2800,0,112000
HCLTECH30Jan20610CE.NFO,07/01/2020,11:47:12,8.5,8.2,2800,8.6,1400,0,112000
HCLTECH30Jan20610CE.NFO,07/01/2020,11:47:16,8.5,8.3,1400,8.55,1400,0,112000
HCLTECH30Jan20610CE.NFO,07/01/2020,11:47:19,8.5,8.25,1400,8.55,1400,0,112000
HCLTECH30Jan20610CE.NFO,07/01/2020,11:47:23,8.5,8.25,1400,8.55,2800,0,112000
HCLTECH30Jan20610CE.NFO,07/01/2020,11:47:25,8.5,8.25,1400,8.55,1400,0,112000
HCLTECH30Jan20610CE.NFO,07/01/2020,11:48:01,8.5,8.3,1400,8.6,1400,0,112000
HCLTECH30Jan20610CE.NFO,07/01/2020,11:48:06,8.5,8.3,1400,8.55,1400,0,112000
HCLTECH30Jan20610CE.NFO,07/01/2020,11:48:12,8.5,8.3,1400,8.6,2800,0,112000
HCLTECH30Jan20610CE.NFO,07/01/2020,11:48:31,8.5,8.35,1400,8.55,1400,0,112000
HCLTECH30Jan20610CE.NFO,07/01/2020,11:48:38,8.5,8.3,1400,8.55,1400,0,112000
HCLTECH30Jan20610CE.NFO,07/01/2020,11:50:05,8.5,8.3,1400,8.6,2800,0,112000
HCLTECH30Jan20610CE.NFO,07/01/2020,11:50:14,8.5,8.3,1400,8.55,1400,0,112000
HCLTECH30Jan20610CE.NFO,07/01/2020,11:50:20,8.5,8.3,1400,8.6,4200,0,112000
HCLTECH30Jan20610CE.NFO,07/01/2020,11:50:45,8.5,8.35,1400,8.55,1400,0,112000
HCLTECH30Jan20610CE.NFO,07/01/2020,11:51:02,8.5,8.35,1400,8.5,1400,0,112000
HCLTECH30Jan20610CE.NFO,07/01/2020,11:51:15,8.5,8.3,1400,8.55,2800,0,112000
HCLTECH30Jan20610CE.NFO,07/01/2020,11:51:33,8.5,8.3,1400,8.55,1400,0,112000
HCLTECH30Jan20610CE.NFO,07/01/2020,11:52:21,8.5,8.3,1400,8.55,2800,0,112000
HCLTECH30Jan20610CE.NFO,07/01/2020,11:52:49,8.5,8.35,1400,8.6,2800,0,112000
HCLTECH30Jan20610CE.NFO,07/01/2020,11:52:52,8.5,8.3,1400,8.6,2800,0,112000
HCLTECH30Jan20610CE.NFO,07/01/2020,11:53:03,8.5,8.35,1400,8.6,2800,0,112000
HCLTECH30Jan20610CE.NFO,07/01/2020,11:53:12,8.5,8.35,1400,8.6,1400,0,112000
HCLTECH30Jan20610CE.NFO,07/01/2020,11:53:14,8.5,8.35,1400,8.65,2800,0,112000
HCLTECH30Jan20610CE.NFO,07/01/2020,11:53:34,8.5,8.35,1400,8.65,4200,0,112000
HCLTECH30Jan20610CE.NFO,07/01/2020,11:53:40,8.5,8.6,2800,8.95,1400,0,112000
HCLTECH30Jan20610CE.NFO,07/01/2020,11:53:43,8.5,8.6,1400,8.95,1400,0,112000
HCLTECH30Jan20610CE.NFO,07/01/2020,11:53:46,8.5,8.6,1400,8.9,1400,0,112000
HCLTECH30Jan20610CE.NFO,07/01/2020,11:54:19,8.5,8.6,1400,8.95,2800,0,112000
HCLTECH30Jan20610CE.NFO,07/01/2020,11:54:21,8.5,8.65,1400,8.95,1400,0,112000
HCLTECH30Jan20610CE.NFO,07/01/2020,11:54:26,8.5,8.65,1400,8.8,1400,0,112000
HCLTECH30Jan20610CE.NFO,07/01/2020,11:54:31,8.5,8.6,1400,8.8,1400,0,112000
HCLTECH30Jan20610CE.NFO,07/01/2020,11:54:39,8.5,8.6,2800,8.8,1400,0,112000
HCLTECH30Jan20610CE.NFO,07/01/2020,11:54:44,8.5,8.6,1400,8.8,1400,0,112000
HCLTECH30Jan20610CE.NFO,07/01/2020,11:55:33,8.5,8.6,2800,8.8,1400,0,112000
HCLTECH30Jan20610CE.NFO,07/01/2020,11:55:35,8.5,8.65,1400,8.8,1400,0,112000
HCLTECH30Jan20610CE.NFO,07/01/2020,11:55:38,8.5,8.6,1400,8.8,1400,0,112000
HCLTECH30Jan20610CE.NFO,07/01/2020,11:55:46,8.5,8.65,2800,8.85,1400,0,112000
HCLTECH30Jan20610CE.NFO,07/01/2020,11:55:53,8.5,8.65,2800,8.9,1400,0,112000
HCLTECH30Jan20610CE.NFO,07/01/2020,11:55:58,8.8,8.65,1400,8.9,1400,1400,110600
HCLTECH30Jan20610CE.NFO,07/01/2020,11:55:58,8.8,8.65,1400,8.9,1400,0,110600
HCLTECH30Jan20610CE.NFO,07/01/2020,11:56:01,8.8,8.6,1400,8.9,1400,0,110600
HCLTECH30Jan20610CE.NFO,07/01/2020,11:56:07,8.8,8.6,1400,8.9,2800,0,110600
HCLTECH30Jan20610CE.NFO,07/01/2020,11:56:43,8.8,8.6,2800,8.95,1400,0,110600
HCLTECH30Jan20610CE.NFO,07/01/2020,11:56:49,8.8,8.6,1400,8.9,1400,0,110600
HCLTECH30Jan20610CE.NFO,07/01/2020,11:56:51,8.8,8.6,1400,8.85,1400,0,110600
HCLTECH30Jan20610CE.NFO,07/01/2020,11:56:53,8.8,8.6,1400,8.9,1400,0,110600
HCLTECH30Jan20610CE.NFO,07/01/2020,11:56:55,8.8,8.55,1400,8.85,2800,0,110600
HCLTECH30Jan20610CE.NFO,07/01/2020,11:56:58,8.8,8.55,2800,8.9,1400,0,110600
HCLTECH30Jan20610CE.NFO,07/01/2020,11:57:31,8.8,8.55,1400,8.9,1400,0,110600
HCLTECH30Jan20610CE.NFO,07/01/2020,11:57:50,8.65,8.55,1400,8.65,1400,1400,110600
HCLTECH30Jan20610CE.NFO,07/01/2020,11:57:54,8.55,8.45,2800,8.85,1400,1400,110600
HCLTECH30Jan20610CE.NFO,07/01/2020,11:57:58,8.55,8.45,2800,8.85,1400,0,110600
HCLTECH30Jan20610CE.NFO,07/01/2020,11:58:20,8.55,8.45,1400,8.8,1400,0,110600
HCLTECH30Jan20610CE.NFO,07/01/2020,11:58:36,8.55,8.45,2800,8.85,1400,0,110600
HCLTECH30Jan20610CE.NFO,07/01/2020,11:58:50,8.55,8.45,2800,8.85,4200,0,110600
HCLTECH30Jan20610CE.NFO,07/01/2020,11:59:40,8.55,8.5,2800,8.85,1400,0,110600
HCLTECH30Jan20610CE.NFO,07/01/2020,11:59:45,8.55,8.5,2800,8.9,1400,0,110600
HCLTECH30Jan20610CE.NFO,07/01/2020,12:00:01,8.55,8.5,2800,8.85,1400,0,110600
HCLTECH30Jan20610CE.NFO,07/01/2020,12:00:04,8.55,8.5,2800,8.9,2800,0,110600
HCLTECH30Jan20610CE.NFO,07/01/2020,12:00:37,8.55,8.5,2800,8.85,1400,0,110600
HCLTECH30Jan20610CE.NFO,07/01/2020,12:00:41,8.55,8.5,2800,8.9,2800,0,110600
HCLTECH30Jan20610CE.NFO,07/01/2020,12:00:43,8.55,8.5,2800,8.9,1400,0,110600
HCLTECH30Jan20610CE.NFO,07/01/2020,12:01:06,8.55,8.5,1400,8.8,1400,0,110600
HCLTECH30Jan20610CE.NFO,07/01/2020,12:01:08,8.55,8.5,1400,8.75,1400,0,110600
HCLTECH30Jan20610CE.NFO,07/01/2020,12:01:10,8.55,8.5,1400,8.8,1400,0,110600
HCLTECH30Jan20610CE.NFO,07/01/2020,12:01:20,8.55,8.5,1400,8.75,1400,0,110600
HCLTECH30Jan20610CE.NFO,07/01/2020,12:01:27,8.55,8.45,1400,8.75,1400,0,110600
HCLTECH30Jan20610CE.NFO,07/01/2020,12:01:36,8.55,8.5,1400,8.75,1400,0,110600
HCLTECH30Jan20610CE.NFO,07/01/2020,12:01:39,8.55,8.5,1400,8.8,1400,0,110600
HCLTECH30Jan20610CE.NFO,07/01/2020,12:01:44,8.55,8.5,1400,8.75,1400,0,110600
HCLTECH30Jan20610CE.NFO,07/01/2020,12:02:17,8.55,8.4,1400,8.75,4200,0,110600
HCLTECH30Jan20610CE.NFO,07/01/2020,12:02:20,8.55,8.35,1400,8.7,5600,0,110600
HCLTECH30Jan20610CE.NFO,07/01/2020,12:02:23,8.55,8.4,1400,8.75,2800,0,110600
HCLTECH30Jan20610CE.NFO,07/01/2020,12:02:24,8.55,8.35,1400,8.7,1400,0,110600
HCLTECH30Jan20610CE.NFO,07/01/2020,12:02:26,8.55,8.35,1400,8.7,2800,0,110600
HCLTECH30Jan20610CE.NFO,07/01/2020,12:02:28,8.55,8.35,1400,8.7,1400,0,110600
HCLTECH30Jan20610CE.NFO,07/01/2020,12:02:35,8.55,8.4,1400,8.75,1400,0,110600
HCLTECH30Jan20610CE.NFO,07/01/2020,12:03:17,8.55,8.4,1400,8.75,4200,0,110600
HCLTECH30Jan20610CE.NFO,07/01/2020,12:04:02,8.55,8.4,1400,8.75,5600,0,110600
HCLTECH30Jan20610CE.NFO,07/01/2020,12:04:11,8.55,8.4,1400,8.75,4200,0,110600
HCLTECH30Jan20610CE.NFO,07/01/2020,12:04:12,8.55,8.4,1400,8.75,5600,0,110600
HCLTECH30Jan20610CE.NFO,07/01/2020,12:04:17,8.55,8.35,1400,8.6,1400,0,110600
HCLTECH30Jan20610CE.NFO,07/01/2020,12:04:32,8.55,8.35,2800,8.6,1400,0,110600
HCLTECH30Jan20610CE.NFO,07/01/2020,12:04:58,8.55,8.35,1400,8.6,1400,0,110600
HCLTECH30Jan20610CE.NFO,07/01/2020,12:05:01,8.55,8.35,2800,8.6,1400,0,110600
HCLTECH30Jan20610CE.NFO,07/01/2020,12:05:04,8.55,8.35,2800,8.65,1400,0,110600
HCLTECH30Jan20610CE.NFO,07/01/2020,12:05:18,8.55,8.3,1400,8.6,1400,0,110600
HCLTECH30Jan20610CE.NFO,07/01/2020,12:05:20,8.55,8.3,2800,8.6,1400,0,110600
HCLTECH30Jan20610CE.NFO,07/01/2020,12:05:22,8.55,8.3,2800,8.6,4200,0,110600
HCLTECH30Jan20610CE.NFO,07/01/2020,12:05:24,8.55,8.3,1400,8.6,1400,0,110600
HCLTECH30Jan20610CE.NFO,07/01/2020,12:05:27,8.55,8.3,2800,8.6,1400,0,110600
HCLTECH30Jan20610CE.NFO,07/01/2020,12:05:55,8.55,8.3,1400,8.55,1400,0,110600
HCLTECH30Jan20610CE.NFO,07/01/2020,12:05:59,8.55,8.25,2800,8.5,1400,0,110600
HCLTECH30Jan20610CE.NFO,07/01/2020,12:06:02,8.55,8.25,1400,8.55,1400,0,110600
HCLTECH30Jan20610CE.NFO,07/01/2020,12:06:05,8.55,8.25,2800,8.6,1400,0,110600
HCLTECH30Jan20610CE.NFO,07/01/2020,12:06:09,8.55,8.3,2800,8.6,1400,0,110600
HCLTECH30Jan20610CE.NFO,07/01/2020,12:06:12,8.55,8.3,2800,8.6,2800,0,110600
HCLTECH30Jan20610CE.NFO,07/01/2020,12:06:43,8.55,8.25,2800,8.55,2800,0,110600
HCLTECH30Jan20610CE.NFO,07/01/2020,12:06:46,8.55,8.25,2800,8.6,2800,0,110600
HCLTECH30Jan20610CE.NFO,07/01/2020,12:06:49,8.55,8.3,2800,8.6,2800,0,110600
HCLTECH30Jan20610CE.NFO,07/01/2020,12:06:51,8.55,8.3,1400,8.55,1400,0,110600
HCLTECH30Jan20610CE.NFO,07/01/2020,12:06:53,8.55,8.3,1400,8.6,4200,0,110600
HCLTECH30Jan20610CE.NFO,07/01/2020,12:06:54,8.55,8.25,2800,8.6,4200,0,110600
HCLTECH30Jan20610CE.NFO,07/01/2020,12:07:08,8.55,8.25,1400,8.6,4200,0,110600
HCLTECH30Jan20610CE.NFO,07/01/2020,12:07:18,8.55,8.3,1400,8.6,4200,0,110600
HCLTECH30Jan20610CE.NFO,07/01/2020,12:07:24,8.55,8.3,1400,8.55,1400,0,110600
HCLTECH30Jan20610CE.NFO,07/01/2020,12:07:26,8.55,8.25,1400,8.55,1400,0,110600
HCLTECH30Jan20610CE.NFO,07/01/2020,12:07:33,8.55,8.25,1400,8.6,1400,0,110600
HCLTECH30Jan20610CE.NFO,07/01/2020,12:07:35,8.55,8.25,2800,8.6,1400,0,110600
HCLTECH30Jan20610CE.NFO,07/01/2020,12:07:39,8.55,8.25,2800,8.6,2800,0,110600
HCLTECH30Jan20610CE.NFO,07/01/2020,12:07:42,8.55,8.25,2800,8.6,1400,0,110600
HCLTECH30Jan20610CE.NFO,07/01/2020,12:07:45,8.55,8.25,1400,8.55,1400,0,110600
HCLTECH30Jan20610CE.NFO,07/01/2020,12:08:10,8.55,8.2,1400,8.55,1400,0,110600
HCLTECH30Jan20610CE.NFO,07/01/2020,12:08:27,8.55,8.2,1400,8.5,1400,0,110600
HCLTECH30Jan20610CE.NFO,07/01/2020,12:08:32,8.55,8.2,1400,8.55,1400,0,110600
HCLTECH30Jan20610CE.NFO,07/01/2020,12:08:46,8.55,8.2,1400,8.55,2800,0,110600
HCLTECH30Jan20610CE.NFO,07/01/2020,12:08:57,8.55,8.3,1400,8.6,4200,0,110600
HCLTECH30Jan20610CE.NFO,07/01/2020,12:09:03,8.55,8.3,1400,8.6,5600,0,110600
HCLTECH30Jan20610CE.NFO,07/01/2020,12:09:07,8.55,8.3,1400,8.6,7000,0,110600
HCLTECH30Jan20610CE.NFO,07/01/2020,12:09:09,8.55,8.3,1400,8.6,5600,0,110600
HCLTECH30Jan20610CE.NFO,07/01/2020,12:10:22,8.55,8.25,1400,8.6,5600,0,110600
HCLTECH30Jan20610CE.NFO,07/01/2020,12:10:25,8.55,8.3,1400,8.6,5600,0,110600
HCLTECH30Jan20610CE.NFO,07/01/2020,12:10:34,8.55,8.25,1400,8.6,5600,0,110600
HCLTECH30Jan20610CE.NFO,07/01/2020,12:10:37,8.55,8.25,2800,8.6,5600,0,110600
HCLTECH30Jan20610CE.NFO,07/01/2020,12:11:25,8.55,8.25,1400,8.6,4200,0,110600
HCLTECH30Jan20610CE.NFO,07/01/2020,12:11:29,8.55,8.3,2800,8.6,2800,0,110600
HCLTECH30Jan20610CE.NFO,07/01/2020,12:11:53,8.55,8.3,1400,8.55,1400,0,110600
HCLTECH30Jan20610CE.NFO,07/01/2020,12:12:19,8.55,8.3,1400,8.6,4200,0,110600
HCLTECH30Jan20610CE.NFO,07/01/2020,12:13:00,8.55,8.3,1400,8.6,2800,0,110600
HCLTECH30Jan20610CE.NFO,07/01/2020,12:13:15,8.55,8.3,1400,8.6,1400,0,110600
HCLTECH30Jan20610CE.NFO,07/01/2020,12:13:51,8.55,8.3,1400,8.6,4200,0,110600
HCLTECH30Jan20610CE.NFO,07/01/2020,12:14:10,8.55,8.3,1400,8.6,5600,0,110600
HCLTECH30Jan20610CE.NFO,07/01/2020,12:14:26,8.55,8.3,1400,8.55,1400,0,110600
HCLTECH30Jan20610CE.NFO,07/01/2020,12:14:35,8.55,8.3,1400,8.55,2800,0,110600
HCLTECH30Jan20610CE.NFO,07/01/2020,12:15:14,8.55,8.25,1400,8.5,1400,0,110600
HCLTECH30Jan20610CE.NFO,07/01/2020,12:15:22,8.55,8.25,1400,8.55,4200,0,110600
HCLTECH30Jan20610CE.NFO,07/01/2020,12:15:26,8.55,8.15,1400,8.4,1400,0,110600
HCLTECH30Jan20610CE.NFO,07/01/2020,12:15:30,8.55,8.15,2800,8.45,4200,0,110600
HCLTECH30Jan20610CE.NFO,07/01/2020,12:15:35,8.55,8.15,1400,8.45,4200,0,110600
HCLTECH30Jan20610CE.NFO,07/01/2020,12:15:56,8.55,8.15,1400,8.45,2800,0,110600
HCLTECH30Jan20610CE.NFO,07/01/2020,12:16:09,8.55,8.15,2800,8.45,2800,0,110600
HCLTECH30Jan20610CE.NFO,07/01/2020,12:16:12,8.55,8.15,1400,8.45,2800,0,110600
HCLTECH30Jan20610CE.NFO,07/01/2020,12:16:40,8.55,8.15,1400,8.4,1400,0,110600
HCLTECH30Jan20610CE.NFO,07/01/2020,12:16:45,8.55,8.15,1400,8.45,4200,0,110600
HCLTECH30Jan20610CE.NFO,07/01/2020,12:16:48,8.25,8.15,1400,8.5,1400,1400,110600
HCLTECH30Jan20610CE.NFO,07/01/2020,12:16:52,8.25,8.15,1400,8.45,4200,0,110600
HCLTECH30Jan20610CE.NFO,07/01/2020,12:16:55,8.25,8.15,1400,8.45,2800,0,110600
HCLTECH30Jan20610CE.NFO,07/01/2020,12:17:05,8.25,8.1,2800,8.45,2800,0,110600
HCLTECH30Jan20610CE.NFO,07/01/2020,12:17:18,8.25,8.15,1400,8.5,1400,0,110600
HCLTECH30Jan20610CE.NFO,07/01/2020,12:17:22,8.25,8.1,2800,8.4,1400,0,110600
HCLTECH30Jan20610CE.NFO,07/01/2020,12:17:30,8.25,8.1,2800,8.45,1400,0,110600
HCLTECH30Jan20610CE.NFO,07/01/2020,12:18:11,8.25,8.15,1400,8.45,2800,0,110600
HCLTECH30Jan20610CE.NFO,07/01/2020,12:18:17,8.25,8.1,2800,8.45,4200,0,110600
HCLTECH30Jan20610CE.NFO,07/01/2020,12:18:27,8.25,8.1,2800,8.4,1400,0,110600
HCLTECH30Jan20610CE.NFO,07/01/2020,12:18:56,8.25,8.15,1400,8.45,2800,0,110600
HCLTECH30Jan20610CE.NFO,07/01/2020,12:18:58,8.25,8.15,1400,8.4,1400,0,110600
HCLTECH30Jan20610CE.NFO,07/01/2020,12:19:30,8.25,8.1,2800,8.45,1400,0,110600
HCLTECH30Jan20610CE.NFO,07/01/2020,12:19:33,8.25,8.1,2800,8.4,1400,0,110600
HCLTECH30Jan20610CE.NFO,07/01/2020,12:19:35,8.25,8.1,4200,8.5,1400,0,110600
HCLTECH30Jan20610CE.NFO,07/01/2020,12:19:41,8.25,8.1,4200,8.45,1400,0,110600
HCLTECH30Jan20610CE.NFO,07/01/2020,12:19:55,8.25,8.15,1400,8.45,1400,0,110600
HCLTECH30Jan20610CE.NFO,07/01/2020,12:20:02,8.25,8.1,4200,8.45,2800,0,110600
HCLTECH30Jan20610CE.NFO,07/01/2020,12:20:20,8.25,8.1,2800,8.45,5600,0,110600
HCLTECH30Jan20610CE.NFO,07/01/2020,12:21:15,8.25,8.05,2800,8.45,5600,0,110600
HCLTECH30Jan20610CE.NFO,07/01/2020,12:21:18,8.25,8.05,2800,8.45,7000,0,110600
HCLTECH30Jan20610CE.NFO,07/01/2020,12:21:22,8.25,8.05,2800,8.45,5600,0,110600
HCLTECH30Jan20610CE.NFO,07/01/2020,12:21:26,8.25,8.05,1400,8.45,5600,0,110600
HCLTECH30Jan20610CE.NFO,07/01/2020,12:21:29,8.25,8.05,1400,8.45,7000,0,110600
HCLTECH30Jan20610CE.NFO,07/01/2020,12:22:05,8.25,8,2800,8.35,1400,0,110600
HCLTECH30Jan20610CE.NFO,07/01/2020,12:22:26,8.25,8.1,1400,8.4,2800,0,110600
HCLTECH30Jan20610CE.NFO,07/01/2020,12:22:32,8.25,8.1,1400,8.35,2800,0,110600
HCLTECH30Jan20610CE.NFO,07/01/2020,12:22:36,8.25,8.05,1400,8.35,1400,0,110600
HCLTECH30Jan20610CE.NFO,07/01/2020,12:23:00,8.25,8.05,2800,8.35,1400,0,110600
HCLTECH30Jan20610CE.NFO,07/01/2020,12:23:17,8.25,8.05,4200,8.35,1400,0,110600
HCLTECH30Jan20610CE.NFO,07/01/2020,12:23:26,8.25,8.05,4200,8.4,2800,0,110600
HCLTECH30Jan20610CE.NFO,07/01/2020,12:23:30,8.25,8.05,4200,8.4,1400,0,110600
HCLTECH30Jan20610CE.NFO,07/01/2020,12:23:42,8.25,8.15,1400,8.5,1400,0,110600
HCLTECH30Jan20610CE.NFO,07/01/2020,12:23:50,8.25,8.15,1400,8.5,2800,0,110600
HCLTECH30Jan20610CE.NFO,07/01/2020,12:24:14,8.25,8.15,1400,8.45,2800,0,110600
HCLTECH30Jan20610CE.NFO,07/01/2020,12:24:31,8.25,8.1,2800,8.45,2800,0,110600
HCLTECH30Jan20610CE.NFO,07/01/2020,12:24:34,8.25,8.1,2800,8.45,1400,0,110600
HCLTECH30Jan20610CE.NFO,07/01/2020,12:24:37,8.25,8.1,1400,8.45,1400,0,110600
HCLTECH30Jan20610CE.NFO,07/01/2020,12:24:41,8.25,8.1,1400,8.35,1400,0,110600
HCLTECH30Jan20610CE.NFO,07/01/2020,12:24:46,8.25,8.1,1400,8.45,5600,0,110600
HCLTECH30Jan20610CE.NFO,07/01/2020,12:24:52,8.25,8.15,1400,8.45,4200,0,110600
HCLTECH30Jan20610CE.NFO,07/01/2020,12:25:04,8.25,8.1,1400,8.45,5600,0,110600
HCLTECH30Jan20610CE.NFO,07/01/2020,12:25:28,8.25,8.1,1400,8.4,1400,0,110600
HCLTECH30Jan20610CE.NFO,07/01/2020,12:25:55,8.25,8.15,1400,8.45,1400,0,110600
HCLTECH30Jan20610CE.NFO,07/01/2020,12:26:05,8.25,8.1,2800,8.45,1400,0,110600
HCLTECH30Jan20610CE.NFO,07/01/2020,12:26:09,8.25,8.1,1400,8.4,1400,0,110600
HCLTECH30Jan20610CE.NFO,07/01/2020,12:26:26,8.25,8.15,1400,8.45,1400,0,110600
HCLTECH30Jan20610CE.NFO,07/01/2020,12:26:34,8.25,8.1,1400,8.45,1400,0,110600
HCLTECH30Jan20610CE.NFO,07/01/2020,12:26:38,8.25,8.1,2800,8.45,1400,0,110600
HCLTECH30Jan20610CE.NFO,07/01/2020,12:26:41,8.25,8.1,1400,8.4,1400,0,110600
HCLTECH30Jan20610CE.NFO,07/01/2020,12:27:02,8.25,8.1,1400,8.4,2800,0,110600
HCLTECH30Jan20610CE.NFO,07/01/2020,12:27:13,8.25,8.1,1400,8.4,5600,0,110600
HCLTECH30Jan20610CE.NFO,07/01/2020,12:27:17,8.25,8.05,2800,8.4,4200,0,110600
HCLTECH30Jan20610CE.NFO,07/01/2020,12:27:26,8.25,8.05,1400,8.4,4200,0,110600
HCLTECH30Jan20610CE.NFO,07/01/2020,12:27:40,8.25,8.1,1400,8.4,4200,0,110600
HCLTECH30Jan20610CE.NFO,07/01/2020,12:27:51,8.25,8.05,2800,8.4,4200,0,110600
HCLTECH30Jan20610CE.NFO,07/01/2020,12:28:04,8.25,8.05,1400,8.4,4200,0,110600
HCLTECH30Jan20610CE.NFO,07/01/2020,12:28:07,8.25,8.05,1400,8.35,1400,0,110600
HCLTECH30Jan20610CE.NFO,07/01/2020,12:28:28,8.25,8,2800,8.35,1400,0,110600
HCLTECH30Jan20610CE.NFO,07/01/2020,12:29:08,8.25,8.05,1400,8.35,2800,0,110600
HCLTECH30Jan20610CE.NFO,07/01/2020,12:29:13,8.25,8,2800,8.35,2800,0,110600
HCLTECH30Jan20610CE.NFO,07/01/2020,12:29:54,8.25,8,1400,8.35,2800,0,110600
HCLTECH30Jan20610CE.NFO,07/01/2020,12:30:09,8.25,7.95,2800,8.35,2800,0,110600
HCLTECH30Jan20610CE.NFO,07/01/2020,12:30:15,8.25,8,1400,8.25,1400,0,110600
HCLTECH30Jan20610CE.NFO,07/01/2020,12:30:26,8.25,8,2800,8.3,1400,0,110600
HCLTECH30Jan20610CE.NFO,07/01/2020,12:30:31,8.25,8.1,2800,8.3,1400,0,110600
HCLTECH30Jan20610CE.NFO,07/01/2020,12:30:35,8.25,8.05,1400,8.3,1400,0,110600
HCLTECH30Jan20610CE.NFO,07/01/2020,12:30:47,8.25,8.05,2800,8.35,1400,0,110600
HCLTECH30Jan20610CE.NFO,07/01/2020,12:31:13,8.25,8.05,1400,8.35,1400,0,110600
HCLTECH30Jan20610CE.NFO,07/01/2020,12:31:44,8.25,8.05,2800,8.35,1400,0,110600
HCLTECH30Jan20610CE.NFO,07/01/2020,12:31:47,8.25,8.15,1400,8.45,1400,0,110600
HCLTECH30Jan20610CE.NFO,07/01/2020,12:31:51,8.25,8.1,1400,8.4,4200,0,110600
HCLTECH30Jan20610CE.NFO,07/01/2020,12:32:11,8.25,8.1,1400,8.4,1400,0,110600
HCLTECH30Jan20610CE.NFO,07/01/2020,12:32:28,8.25,8.1,1400,8.45,1400,0,110600
HCLTECH30Jan20610CE.NFO,07/01/2020,12:32:32,8.25,8.05,1400,8.4,1400,0,110600
HCLTECH30Jan20610CE.NFO,07/01/2020,12:32:39,8.25,8.1,1400,8.4,1400,0,110600
HCLTECH30Jan20610CE.NFO,07/01/2020,12:33:50,8.25,8.15,1400,8.4,1400,0,110600
HCLTECH30Jan20610CE.NFO,07/01/2020,12:34:12,8.25,8.1,1400,8.4,1400,0,110600
HCLTECH30Jan20610CE.NFO,07/01/2020,12:34:50,8.25,8.1,2800,8.4,1400,0,110600
HCLTECH30Jan20610CE.NFO,07/01/2020,12:35:28,8.25,8.1,2800,8.45,2800,0,110600
HCLTECH30Jan20610CE.NFO,07/01/2020,12:35:44,8.25,8.1,2800,8.4,1400,0,110600
HCLTECH30Jan20610CE.NFO,07/01/2020,12:35:58,8.25,8.1,2800,8.4,2800,0,110600
HCLTECH30Jan20610CE.NFO,07/01/2020,12:36:13,8.25,8.1,1400,8.4,2800,0,110600
HCLTECH30Jan20610CE.NFO,07/01/2020,12:36:20,8.25,8.1,1400,8.45,2800,0,110600
HCLTECH30Jan20610CE.NFO,07/01/2020,12:36:24,8.25,8.1,1400,8.4,2800,0,110600
HCLTECH30Jan20610CE.NFO,07/01/2020,12:36:26,8.25,8.1,1400,8.45,2800,0,110600
HCLTECH30Jan20610CE.NFO,07/01/2020,12:36:31,8.25,8.1,1400,8.4,1400,0,110600
HCLTECH30Jan20610CE.NFO,07/01/2020,12:36:40,8.25,8.1,1400,8.45,1400,0,110600
HCLTECH30Jan20610CE.NFO,07/01/2020,12:36:50,8.25,8.1,1400,8.45,4200,0,110600
HCLTECH30Jan20610CE.NFO,07/01/2020,12:37:04,8.25,8.1,1400,8.45,1400,0,110600
HCLTECH30Jan20610CE.NFO,07/01/2020,12:37:28,8.25,8.2,1400,8.5,1400,0,110600
HCLTECH30Jan20610CE.NFO,07/01/2020,12:37:34,8.25,8.2,2800,8.5,1400,0,110600
HCLTECH30Jan20610CE.NFO,07/01/2020,12:37:45,8.25,8.2,4200,8.5,1400,0,110600
HCLTECH30Jan20610CE.NFO,07/01/2020,12:37:51,8.25,8.2,4200,8.55,4200,0,110600
HCLTECH30Jan20610CE.NFO,07/01/2020,12:37:56,8.25,8.2,4200,8.5,1400,0,110600
HCLTECH30Jan20610CE.NFO,07/01/2020,12:38:01,8.25,8.2,4200,8.55,4200,0,110600
HCLTECH30Jan20610CE.NFO,07/01/2020,12:38:09,8.25,8.25,1400,8.55,4200,0,110600
HCLTECH30Jan20610CE.NFO,07/01/2020,12:38:25,8.25,8.3,1400,8.55,2800,0,110600
HCLTECH30Jan20610CE.NFO,07/01/2020,12:38:29,8.25,8.3,1400,8.5,1400,0,110600
HCLTECH30Jan20610CE.NFO,07/01/2020,12:38:40,8.25,8.3,2800,8.55,2800,0,110600
HCLTECH30Jan20610CE.NFO,07/01/2020,12:38:43,8.25,8.3,1400,8.5,1400,0,110600
HCLTECH30Jan20610CE.NFO,07/01/2020,12:38:47,8.25,8.25,1400,8.5,1400,0,110600
HCLTECH30Jan20610CE.NFO,07/01/2020,12:39:00,8.25,8.25,1400,8.55,2800,0,110600
HCLTECH30Jan20610CE.NFO,07/01/2020,12:39:07,8.25,8.2,2800,8.55,4200,0,110600
HCLTECH30Jan20610CE.NFO,07/01/2020,12:39:09,8.25,8.2,2800,8.5,1400,0,110600
HCLTECH30Jan20610CE.NFO,07/01/2020,12:39:16,8.25,8.2,2800,8.5,2800,0,110600
HCLTECH30Jan20610CE.NFO,07/01/2020,12:39:27,8.25,8.1,1400,8.5,2800,0,110600
HCLTECH30Jan20610CE.NFO,07/01/2020,12:40:21,8.4,8.15,1400,8.4,1400,1400,110600
HCLTECH30Jan20610CE.NFO,07/01/2020,12:40:24,8.4,8.2,1400,8.4,1400,0,110600
HCLTECH30Jan20610CE.NFO,07/01/2020,12:40:34,8.4,8.15,1400,8.4,1400,0,110600
HCLTECH30Jan20610CE.NFO,07/01/2020,12:40:40,8.4,8.2,1400,8.4,1400,0,110600
HCLTECH30Jan20610CE.NFO,07/01/2020,12:40:48,8.4,8.1,1400,8.4,4200,0,110600
HCLTECH30Jan20610CE.NFO,07/01/2020,12:41:02,8.4,8.05,1400,8.35,1400,0,110600
HCLTECH30Jan20610CE.NFO,07/01/2020,12:41:13,8.4,8.1,1400,8.35,2800,0,110600
HCLTECH30Jan20610CE.NFO,07/01/2020,12:41:19,8.4,8.15,1400,8.4,4200,0,110600
HCLTECH30Jan20610CE.NFO,07/01/2020,12:41:23,8.4,8.15,1400,8.4,2800,0,110600
HCLTECH30Jan20610CE.NFO,07/01/2020,12:41:25,8.4,8.1,1400,8.4,4200,0,110600
HCLTECH30Jan20610CE.NFO,07/01/2020,12:41:29,8.4,8.1,1400,8.35,2800,0,110600
HCLTECH30Jan20610CE.NFO,07/01/2020,12:41:33,8.4,8.15,1400,8.4,2800,0,110600
HCLTECH30Jan20610CE.NFO,07/01/2020,12:42:03,8.4,8.15,1400,8.4,4200,0,110600
HCLTECH30Jan20610CE.NFO,07/01/2020,12:42:13,8.4,8.15,1400,8.4,2800,0,110600
HCLTECH30Jan20610CE.NFO,07/01/2020,12:42:16,8.4,8.1,1400,8.35,2800,0,110600
HCLTECH30Jan20610CE.NFO,07/01/2020,12:42:45,8.4,8.05,1400,8.35,2800,0,110600
HCLTECH30Jan20610CE.NFO,07/01/2020,12:42:56,8.4,8.1,1400,8.35,2800,0,110600
HCLTECH30Jan20610CE.NFO,07/01/2020,12:43:00,8.4,8.05,1400,8.35,2800,0,110600
HCLTECH30Jan20610CE.NFO,07/01/2020,12:43:14,8.4,8.1,1400,8.35,2800,0,110600
HCLTECH30Jan20610CE.NFO,07/01/2020,12:43:19,8.4,8.05,1400,8.35,2800,0,110600
HCLTECH30Jan20610CE.NFO,07/01/2020,12:43:41,8.4,8.1,1400,8.35,1400,0,110600
HCLTECH30Jan20610CE.NFO,07/01/2020,12:43:50,8.4,8.05,1400,8.3,1400,0,110600
HCLTECH30Jan20610CE.NFO,07/01/2020,12:43:59,8.4,8.05,1400,8.3,2800,0,110600
HCLTECH30Jan20610CE.NFO,07/01/2020,12:44:08,8.4,8,1400,8.3,2800,0,110600
HCLTECH30Jan20610CE.NFO,07/01/2020,12:44:14,8.4,8.05,1400,8.3,1400,0,110600
HCLTECH30Jan20610CE.NFO,07/01/2020,12:44:21,8.4,8,1400,8.25,1400,0,110600
HCLTECH30Jan20610CE.NFO,07/01/2020,12:45:48,8.4,8.05,1400,8.3,1400,0,110600
HCLTECH30Jan20610CE.NFO,07/01/2020,12:45:54,8.4,8.05,2800,8.4,2800,0,110600
HCLTECH30Jan20610CE.NFO,07/01/2020,12:46:03,8.4,8.05,1400,8.35,2800,0,110600
HCLTECH30Jan20610CE.NFO,07/01/2020,12:46:14,8.4,8.05,1400,8.3,2800,0,110600
HCLTECH30Jan20610CE.NFO,07/01/2020,12:46:19,8.4,8.05,1400,8.3,1400,0,110600
HCLTECH30Jan20610CE.NFO,07/01/2020,12:46:30,8.4,8.05,1400,8.35,1400,0,110600
HCLTECH30Jan20610CE.NFO,07/01/2020,12:46:43,8.4,8.05,1400,8.3,2800,0,110600
HCLTECH30Jan20610CE.NFO,07/01/2020,12:46:46,8.4,8.05,1400,8.3,1400,0,110600
HCLTECH30Jan20610CE.NFO,07/01/2020,12:47:04,8.4,8.1,1400,8.35,1400,0,110600
HCLTECH30Jan20610CE.NFO,07/01/2020,12:47:08,8.4,8.05,1400,8.35,2800,0,110600
HCLTECH30Jan20610CE.NFO,07/01/2020,12:47:17,8.4,8.05,1400,8.3,1400,0,110600
HCLTECH30Jan20610CE.NFO,07/01/2020,12:47:27,8.4,8.05,1400,8.35,1400,0,110600
HCLTECH30Jan20610CE.NFO,07/01/2020,12:47:34,8.4,8.05,1400,8.3,1400,0,110600
HCLTECH30Jan20610CE.NFO,07/01/2020,12:47:51,8.4,8.05,1400,8.3,4200,0,110600
HCLTECH30Jan20610CE.NFO,07/01/2020,12:47:55,8.4,8.05,1400,8.3,2800,0,110600
HCLTECH30Jan20610CE.NFO,07/01/2020,12:48:03,8.4,8.05,1400,8.35,1400,0,110600
HCLTECH30Jan20610CE.NFO,07/01/2020,12:48:26,8.4,8.1,1400,8.35,1400,0,110600
HCLTECH30Jan20610CE.NFO,07/01/2020,12:48:42,8.4,8.05,1400,8.35,2800,0,110600
HCLTECH30Jan20610CE.NFO,07/01/2020,12:48:47,8.4,8.1,1400,8.35,2800,0,110600
HCLTECH30Jan20610CE.NFO,07/01/2020,12:49:03,8.4,8.05,1400,8.3,1400,0,110600
HCLTECH30Jan20610CE.NFO,07/01/2020,12:49:09,8.4,8.05,1400,8.3,2800,0,110600
HCLTECH30Jan20610CE.NFO,07/01/2020,12:49:17,8.4,8.1,1400,8.35,2800,0,110600
HCLTECH30Jan20610CE.NFO,07/01/2020,12:49:36,8.4,8.05,1400,8.35,1400,0,110600
HCLTECH30Jan20610CE.NFO,07/01/2020,12:50:04,8.4,8.05,1400,8.3,1400,0,110600
HCLTECH30Jan20610CE.NFO,07/01/2020,12:50:07,8.4,8.1,1400,8.35,1400,0,110600
HCLTECH30Jan20610CE.NFO,07/01/2020,12:50:21,8.4,8.05,1400,8.4,2800,0,110600
HCLTECH30Jan20610CE.NFO,07/01/2020,12:50:26,8.4,8.05,1400,8.4,1400,0,110600
HCLTECH30Jan20610CE.NFO,07/01/2020,12:50:30,8.4,8.1,1400,8.4,1400,0,110600
HCLTECH30Jan20610CE.NFO,07/01/2020,12:50:37,8.4,8.05,1400,8.4,1400,0,110600
HCLTECH30Jan20610CE.NFO,07/01/2020,12:50:52,8.4,8.05,1400,8.4,2800,0,110600
HCLTECH30Jan20610CE.NFO,07/01/2020,12:50:55,8.4,8.05,1400,8.4,1400,0,110600
HCLTECH30Jan20610CE.NFO,07/01/2020,12:51:20,8.4,8.05,1400,8.4,2800,0,110600
HCLTECH30Jan20610CE.NFO,07/01/2020,12:51:23,8.4,8.05,1400,8.4,1400,0,110600
HCLTECH30Jan20610CE.NFO,07/01/2020,12:52:05,8.4,8.05,1400,8.35,1400,0,110600
HCLTECH30Jan20610CE.NFO,07/01/2020,12:52:22,8.4,8.05,1400,8.35,2800,0,110600
HCLTECH30Jan20610CE.NFO,07/01/2020,12:54:39,8.4,8.05,1400,8.35,4200,0,110600
HCLTECH30Jan20610CE.NFO,07/01/2020,12:54:42,8.4,8,1400,8.35,4200,0,110600
HCLTECH30Jan20610CE.NFO,07/01/2020,12:54:57,8.4,7.95,1400,8.3,2800,0,110600
HCLTECH30Jan20610CE.NFO,07/01/2020,12:55:00,8.4,8,1400,8.3,1400,0,110600
HCLTECH30Jan20610CE.NFO,07/01/2020,12:55:27,8.4,7.95,1400,8.2,1400,0,110600
HCLTECH30Jan20610CE.NFO,07/01/2020,12:56:53,8.4,8,1400,8.25,1400,0,110600
HCLTECH30Jan20610CE.NFO,07/01/2020,12:57:14,8.4,7.95,1400,8.25,1400,0,110600
HCLTECH30Jan20610CE.NFO,07/01/2020,12:57:17,8.4,8,1400,8.25,1400,0,110600
HCLTECH30Jan20610CE.NFO,07/01/2020,12:57:30,8.4,7.95,1400,8.25,1400,0,110600
HCLTECH30Jan20610CE.NFO,07/01/2020,12:57:44,8.4,8,1400,8.25,1400,0,110600
HCLTECH30Jan20610CE.NFO,07/01/2020,12:58:07,8.4,7.85,1400,8.1,1400,0,110600
HCLTECH30Jan20610CE.NFO,07/01/2020,12:58:13,8.4,7.8,1400,8.1,1400,0,110600
HCLTECH30Jan20610CE.NFO,07/01/2020,12:58:33,8.4,7.75,1400,8.05,1400,0,110600
HCLTECH30Jan20610CE.NFO,07/01/2020,12:58:37,8.4,7.8,1400,8.05,1400,0,110600
HCLTECH30Jan20610CE.NFO,07/01/2020,12:58:41,8.4,7.85,1400,8.15,4200,0,110600
HCLTECH30Jan20610CE.NFO,07/01/2020,12:58:45,8.4,7.8,2800,8.15,4200,0,110600
HCLTECH30Jan20610CE.NFO,07/01/2020,12:58:48,8.4,7.85,1400,8.15,2800,0,110600
HCLTECH30Jan20610CE.NFO,07/01/2020,12:58:52,8.4,7.85,1400,8.15,5600,0,110600
HCLTECH30Jan20610CE.NFO,07/01/2020,12:58:59,8.4,7.8,2800,8.15,5600,0,110600
HCLTECH30Jan20610CE.NFO,07/01/2020,12:59:04,8.4,7.85,1400,8.15,1400,0,110600
HCLTECH30Jan20610CE.NFO,07/01/2020,12:59:08,8.4,7.85,1400,8.15,2800,0,110600
HCLTECH30Jan20610CE.NFO,07/01/2020,12:59:12,8.4,7.85,1400,8.15,1400,0,110600
HCLTECH30Jan20610CE.NFO,07/01/2020,12:59:16,8.4,7.85,1400,8.15,2800,0,110600
HCLTECH30Jan20610CE.NFO,07/01/2020,12:59:19,8.4,7.8,2800,8.15,4200,0,110600
HCLTECH30Jan20610CE.NFO,07/01/2020,12:59:23,8.4,7.85,1400,8.15,2800,0,110600
HCLTECH30Jan20610CE.NFO,07/01/2020,12:59:31,8.4,7.85,1400,8.15,4200,0,110600
HCLTECH30Jan20610CE.NFO,07/01/2020,12:59:35,8.4,7.8,2800,8.15,4200,0,110600
HCLTECH30Jan20610CE.NFO,07/01/2020,12:59:43,8.4,7.85,1400,8.15,2800,0,110600
HCLTECH30Jan20610CE.NFO,07/01/2020,12:59:48,8.4,7.8,2800,8.15,5600,0,110600
HCLTECH30Jan20610CE.NFO,07/01/2020,12:59:57,8.4,7.8,1400,8.05,1400,0,110600
HCLTECH30Jan20610CE.NFO,07/01/2020,13:00:01,8.4,7.75,1400,8.05,1400,0,110600
HCLTECH30Jan20610CE.NFO,07/01/2020,13:00:21,8.4,7.75,1400,8,2800,0,110600
HCLTECH30Jan20610CE.NFO,07/01/2020,13:00:27,8.4,7.75,1400,8.05,2800,0,110600
HCLTECH30Jan20610CE.NFO,07/01/2020,13:00:43,8.4,7.75,1400,8,1400,0,110600
HCLTECH30Jan20610CE.NFO,07/01/2020,13:00:49,8.4,7.75,1400,8.05,1400,0,110600
HCLTECH30Jan20610CE.NFO,07/01/2020,13:00:54,8.4,7.8,1400,8.1,1400,0,110600
HCLTECH30Jan20610CE.NFO,07/01/2020,13:00:59,8.4,7.75,1400,8.1,2800,0,110600
HCLTECH30Jan20610CE.NFO,07/01/2020,13:01:06,8.4,7.8,1400,8.1,1400,0,110600
HCLTECH30Jan20610CE.NFO,07/01/2020,13:01:14,8.4,7.85,1400,8.15,1400,0,110600
HCLTECH30Jan20610CE.NFO,07/01/2020,13:01:27,8.4,7.9,1400,8.2,2800,0,110600
HCLTECH30Jan20610CE.NFO,07/01/2020,13:01:34,8.4,7.8,1400,8.15,1400,0,110600
HCLTECH30Jan20610CE.NFO,07/01/2020,13:02:03,8.4,7.9,1400,8.2,1400,0,110600
HCLTECH30Jan20610CE.NFO,07/01/2020,13:02:31,8.4,7.9,1400,8.2,4200,0,110600
HCLTECH30Jan20610CE.NFO,07/01/2020,13:02:37,8.4,7.9,1400,8.2,2800,0,110600
HCLTECH30Jan20610CE.NFO,07/01/2020,13:02:50,8.4,7.9,1400,8.2,1400,0,110600
HCLTECH30Jan20610CE.NFO,07/01/2020,13:02:59,8.4,7.9,1400,8.2,2800,0,110600
HCLTECH30Jan20610CE.NFO,07/01/2020,13:03:16,8.4,7.9,1400,8.2,1400,0,110600
HCLTECH30Jan20610CE.NFO,07/01/2020,13:03:21,8.4,7.95,1400,8.25,1400,0,110600
HCLTECH30Jan20610CE.NFO,07/01/2020,13:03:26,8.4,7.9,1400,8.25,1400,0,110600
HCLTECH30Jan20610CE.NFO,07/01/2020,13:03:31,8.4,7.95,1400,8.25,1400,0,110600
HCLTECH30Jan20610CE.NFO,07/01/2020,13:03:35,8.4,7.9,1400,8.25,2800,0,110600
HCLTECH30Jan20610CE.NFO,07/01/2020,13:04:15,8.4,7.95,1400,8.25,1400,0,110600
HCLTECH30Jan20610CE.NFO,07/01/2020,13:04:19,8.4,7.9,1400,8.25,2800,0,110600
HCLTECH30Jan20610CE.NFO,07/01/2020,13:04:24,8.4,7.95,1400,8.25,1400,0,110600
HCLTECH30Jan20610CE.NFO,07/01/2020,13:04:44,8.4,7.9,1400,8.25,1400,0,110600
HCLTECH30Jan20610CE.NFO,07/01/2020,13:04:52,8.4,7.9,1400,8.2,1400,0,110600
HCLTECH30Jan20610CE.NFO,07/01/2020,13:04:58,8.4,7.85,1400,8.2,1400,0,110600
HCLTECH30Jan20610CE.NFO,07/01/2020,13:05:05,8.4,7.8,2800,8.2,2800,0,110600
HCLTECH30Jan20610CE.NFO,07/01/2020,13:05:12,8.4,7.8,2800,8.15,1400,0,110600
HCLTECH30Jan20610CE.NFO,07/01/2020,13:05:19,8.4,7.8,2800,8.2,4200,0,110600
HCLTECH30Jan20610CE.NFO,07/01/2020,13:05:25,8.4,7.8,2800,8.2,2800,0,110600
HCLTECH30Jan20610CE.NFO,07/01/2020,13:05:30,8.4,7.8,2800,8.2,5600,0,110600
HCLTECH30Jan20610CE.NFO,07/01/2020,13:05:42,8.4,7.8,2800,8.2,4200,0,110600
HCLTECH30Jan20610CE.NFO,07/01/2020,13:05:53,8.4,7.85,1400,8.2,4200,0,110600
HCLTECH30Jan20610CE.NFO,07/01/2020,13:06:06,8.4,7.85,1400,8.2,1400,0,110600
HCLTECH30Jan20610CE.NFO,07/01/2020,13:07:22,8.4,7.8,1400,8.1,1400,0,110600
HCLTECH30Jan20610CE.NFO,07/01/2020,13:08:12,8.4,7.8,1400,8.1,2800,0,110600
HCLTECH30Jan20610CE.NFO,07/01/2020,13:08:25,8.4,7.75,1400,8.1,2800,0,110600
HCLTECH30Jan20610CE.NFO,07/01/2020,13:08:35,8.4,7.75,2800,8.1,2800,0,110600
HCLTECH30Jan20610CE.NFO,07/01/2020,13:09:04,8.4,7.8,1400,8.1,2800,0,110600
HCLTECH30Jan20610CE.NFO,07/01/2020,13:09:11,8.4,7.75,2800,8.05,1400,0,110600
HCLTECH30Jan20610CE.NFO,07/01/2020,13:09:20,8.4,7.75,1400,8.05,1400,0,110600
HCLTECH30Jan20610CE.NFO,07/01/2020,13:09:39,8.4,7.8,1400,8.05,1400,0,110600
HCLTECH30Jan20610CE.NFO,07/01/2020,13:09:45,8.4,7.75,1400,8.05,1400,0,110600
HCLTECH30Jan20610CE.NFO,07/01/2020,13:09:52,8.4,7.8,1400,8.1,2800,0,110600
HCLTECH30Jan20610CE.NFO,07/01/2020,13:10:30,8.4,7.8,1400,8.1,1400,0,110600
HCLTECH30Jan20610CE.NFO,07/01/2020,13:10:36,8.4,7.8,1400,8.1,2800,0,110600
HCLTECH30Jan20610CE.NFO,07/01/2020,13:10:42,8.4,7.8,1400,8.1,1400,0,110600
HCLTECH30Jan20610CE.NFO,07/01/2020,13:11:01,8.4,7.8,1400,8.1,2800,0,110600
HCLTECH30Jan20610CE.NFO,07/01/2020,13:11:36,8.4,7.8,1400,8.1,1400,0,110600
HCLTECH30Jan20610CE.NFO,07/01/2020,13:12:01,8.4,7.8,1400,8.1,2800,0,110600
HCLTECH30Jan20610CE.NFO,07/01/2020,13:12:23,8.4,7.75,2800,8.05,2800,0,110600
HCLTECH30Jan20610CE.NFO,07/01/2020,13:12:39,8.4,7.75,2800,8.05,1400,0,110600
HCLTECH30Jan20610CE.NFO,07/01/2020,13:12:43,8.4,7.8,1400,8.05,1400,0,110600
HCLTECH30Jan20610CE.NFO,07/01/2020,13:13:23,8.4,7.75,2800,8.05,2800,0,110600
HCLTECH30Jan20610CE.NFO,07/01/2020,13:13:49,8.4,7.75,2800,8.05,1400,0,110600
HCLTECH30Jan20610CE.NFO,07/01/2020,13:14:00,8.4,7.8,1400,8.1,1400,0,110600
HCLTECH30Jan20610CE.NFO,07/01/2020,13:14:05,8.4,7.8,2800,8.1,1400,0,110600
HCLTECH30Jan20610CE.NFO,07/01/2020,13:14:15,8.4,7.8,2800,8.1,2800,0,110600
HCLTECH30Jan20610CE.NFO,07/01/2020,13:14:28,8.4,7.8,1400,8.05,1400,0,110600
HCLTECH30Jan20610CE.NFO,07/01/2020,13:14:33,8.4,7.75,2800,8.05,1400,0,110600
HCLTECH30Jan20610CE.NFO,07/01/2020,13:14:37,8.4,7.75,2800,8.1,4200,0,110600
HCLTECH30Jan20610CE.NFO,07/01/2020,13:14:50,8.4,7.8,1400,8.1,1400,0,110600
HCLTECH30Jan20610CE.NFO,07/01/2020,13:15:01,8.4,7.7,4200,8,1400,0,110600
HCLTECH30Jan20610CE.NFO,07/01/2020,13:15:16,8.4,7.75,2800,8.05,1400,0,110600
HCLTECH30Jan20610CE.NFO,07/01/2020,13:15:24,8.4,7.75,2800,8.1,1400,0,110600
HCLTECH30Jan20610CE.NFO,07/01/2020,13:15:31,8.4,7.75,1400,8.1,4200,0,110600
HCLTECH30Jan20610CE.NFO,07/01/2020,13:15:44,8.4,7.7,4200,8,1400,0,110600
HCLTECH30Jan20610CE.NFO,07/01/2020,13:15:51,8.4,7.75,2800,8.05,1400,0,110600
HCLTECH30Jan20610CE.NFO,07/01/2020,13:16:03,8.4,7.75,4200,8.05,1400,0,110600
HCLTECH30Jan20610CE.NFO,07/01/2020,13:16:15,8.4,7.8,4200,8.2,4200,0,110600
HCLTECH30Jan20610CE.NFO,07/01/2020,13:16:22,8.4,7.8,4200,8.15,1400,0,110600
HCLTECH30Jan20610CE.NFO,07/01/2020,13:17:36,8.4,7.8,1400,8.15,1400,0,110600
HCLTECH30Jan20610CE.NFO,07/01/2020,13:17:51,8.4,7.75,1400,8.1,1400,0,110600
HCLTECH30Jan20610CE.NFO,07/01/2020,13:17:56,8.4,7.8,1400,8.1,1400,0,110600
HCLTECH30Jan20610CE.NFO,07/01/2020,13:18:01,8.4,7.75,1400,8.1,1400,0,110600
HCLTECH30Jan20610CE.NFO,07/01/2020,13:18:18,8.4,7.8,2800,8.1,1400,0,110600
HCLTECH30Jan20610CE.NFO,07/01/2020,13:18:23,8.4,7.85,1400,8.15,1400,0,110600
HCLTECH30Jan20610CE.NFO,07/01/2020,13:18:29,8.4,7.85,2800,8.15,2800,0,110600
HCLTECH30Jan20610CE.NFO,07/01/2020,13:18:36,8.4,7.85,2800,8.2,2800,0,110600
HCLTECH30Jan20610CE.NFO,07/01/2020,13:18:41,8.4,7.85,2800,8.2,1400,0,110600
HCLTECH30Jan20610CE.NFO,07/01/2020,13:18:57,8.4,7.85,2800,8.15,1400,0,110600
HCLTECH30Jan20610CE.NFO,07/01/2020,13:19:02,8.4,7.85,2800,8.2,1400,0,110600
HCLTECH30Jan20610CE.NFO,07/01/2020,13:19:14,8.4,7.85,2800,8.15,1400,0,110600
HCLTECH30Jan20610CE.NFO,07/01/2020,13:19:20,8.4,7.85,1400,8.15,1400,0,110600
HCLTECH30Jan20610CE.NFO,07/01/2020,13:19:29,8.4,7.9,1400,8.2,1400,0,110600
HCLTECH30Jan20610CE.NFO,07/01/2020,13:19:38,8.4,7.85,1400,8.2,2800,0,110600
HCLTECH30Jan20610CE.NFO,07/01/2020,13:20:00,8.4,7.95,4200,8.2,2800,0,110600
HCLTECH30Jan20610CE.NFO,07/01/2020,13:20:09,8.4,8,1400,8.2,1400,0,110600
HCLTECH30Jan20610CE.NFO,07/01/2020,13:20:14,8.4,7.95,5600,8.2,1400,0,110600
HCLTECH30Jan20610CE.NFO,07/01/2020,13:21:23,8.4,7.95,4200,8.2,1400,0,110600
HCLTECH30Jan20610CE.NFO,07/01/2020,13:21:29,8.4,7.9,4200,8.2,1400,0,110600
HCLTECH30Jan20610CE.NFO,07/01/2020,13:21:34,8.4,7.9,4200,8.2,2800,0,110600
HCLTECH30Jan20610CE.NFO,07/01/2020,13:21:48,8.4,7.9,4200,8,2800,0,110600
HCLTECH30Jan20610CE.NFO,07/01/2020,13:21:53,8.4,7.95,4200,8,2800,0,110600
HCLTECH30Jan20610CE.NFO,07/01/2020,13:22:04,8.4,7.9,4200,8,2800,0,110600
HCLTECH30Jan20610CE.NFO,07/01/2020,13:22:09,8.4,7.95,4200,8,2800,0,110600
HCLTECH30Jan20610CE.NFO,07/01/2020,13:22:42,8,7.95,4200,8,1400,1400,110600
HCLTECH30Jan20610CE.NFO,07/01/2020,13:22:58,8,7.95,4200,8,1400,0,110600
HCLTECH30Jan20610CE.NFO,07/01/2020,13:23:27,8,7.9,4200,8,1400,0,110600
HCLTECH30Jan20610CE.NFO,07/01/2020,13:23:38,8,7.95,4200,8,1400,0,110600
HCLTECH30Jan20610CE.NFO,07/01/2020,13:23:43,8,8,2800,8.2,4200,1400,110600
HCLTECH30Jan20610CE.NFO,07/01/2020,13:23:49,8,7.95,4200,8.2,4200,0,110600
HCLTECH30Jan20610CE.NFO,07/01/2020,13:24:01,8,8.05,4200,8.25,1400,0,110600
HCLTECH30Jan20610CE.NFO,07/01/2020,13:24:13,8,8.2,4200,8.35,1400,0,110600
HCLTECH30Jan20610CE.NFO,07/01/2020,13:24:19,8,8.1,4200,8.35,1400,0,110600
HCLTECH30Jan20610CE.NFO,07/01/2020,13:24:24,8,8.05,4200,8.25,1400,0,110600
HCLTECH30Jan20610CE.NFO,07/01/2020,13:24:35,8,8,4200,8.25,1400,0,110600
HCLTECH30Jan20610CE.NFO,07/01/2020,13:24:42,8,8.1,4200,8.3,1400,0,110600
HCLTECH30Jan20610CE.NFO,07/01/2020,13:24:49,8,8,4200,8.25,5600,0,110600
HCLTECH30Jan20610CE.NFO,07/01/2020,13:25:07,8,8,4200,8.25,4200,0,110600
HCLTECH30Jan20610CE.NFO,07/01/2020,13:25:33,8,8.05,4200,8.25,4200,0,110600
HCLTECH30Jan20610CE.NFO,07/01/2020,13:25:52,8,7.85,4200,8.1,1400,0,110600
HCLTECH30Jan20610CE.NFO,07/01/2020,13:26:01,8,7.9,1400,8.1,1400,0,110600
HCLTECH30Jan20610CE.NFO,07/01/2020,13:26:06,8,7.85,7000,8.15,2800,0,110600
HCLTECH30Jan20610CE.NFO,07/01/2020,13:26:14,8,7.9,4200,8.15,1400,0,110600
HCLTECH30Jan20610CE.NFO,07/01/2020,13:26:26,8,7.9,5600,8.2,1400,0,110600
HCLTECH30Jan20610CE.NFO,07/01/2020,13:26:32,8,7.9,5600,8.15,1400,0,110600
HCLTECH30Jan20610CE.NFO,07/01/2020,13:26:38,8,7.95,1400,8.2,1400,0,110600
HCLTECH30Jan20610CE.NFO,07/01/2020,13:26:48,8,7.9,7000,8.2,1400,0,110600
HCLTECH30Jan20610CE.NFO,07/01/2020,13:26:54,8,7.9,7000,8.15,2800,0,110600
HCLTECH30Jan20610CE.NFO,07/01/2020,13:27:00,8,7.9,7000,8.15,1400,0,110600
HCLTECH30Jan20610CE.NFO,07/01/2020,13:27:27,8,7.9,2800,8.15,1400,0,110600
HCLTECH30Jan20610CE.NFO,07/01/2020,13:27:33,8,7.85,1400,8.1,2800,0,110600
HCLTECH30Jan20610CE.NFO,07/01/2020,13:27:39,8,7.85,1400,8.1,1400,0,110600
HCLTECH30Jan20610CE.NFO,07/01/2020,13:27:45,8,7.9,1400,8.1,1400,0,110600
HCLTECH30Jan20610CE.NFO,07/01/2020,13:27:52,8,7.85,2800,8.1,1400,0,110600
HCLTECH30Jan20610CE.NFO,07/01/2020,13:27:58,8,7.9,1400,8.15,2800,0,110600
HCLTECH30Jan20610CE.NFO,07/01/2020,13:28:15,8,7.85,2800,8.1,1400,0,110600
HCLTECH30Jan20610CE.NFO,07/01/2020,13:28:36,8,7.9,2800,8.1,1400,0,110600
HCLTECH30Jan20610CE.NFO,07/01/2020,13:28:42,8,7.9,1400,8.1,1400,0,110600
HCLTECH30Jan20610CE.NFO,07/01/2020,13:29:08,8,7.85,1400,8.05,1400,0,110600
HCLTECH30Jan20610CE.NFO,07/01/2020,13:29:15,8,7.9,1400,8.1,1400,0,110600
HCLTECH30Jan20610CE.NFO,07/01/2020,13:29:39,8,7.9,2800,8.15,1400,0,110600
HCLTECH30Jan20610CE.NFO,07/01/2020,13:29:57,8,7.95,1400,8.25,5600,0,110600
HCLTECH30Jan20610CE.NFO,07/01/2020,13:30:10,8,7.95,2800,8.25,5600,0,110600
HCLTECH30Jan20610CE.NFO,07/01/2020,13:30:26,8,7.85,2800,8.25,5600,0,110600
HCLTECH30Jan20610CE.NFO,07/01/2020,13:30:58,8,7.85,1400,8.25,5600,0,110600
HCLTECH30Jan20610CE.NFO,07/01/2020,13:31:11,8,7.85,2800,8.25,5600,0,110600
HCLTECH30Jan20610CE.NFO,07/01/2020,13:31:52,8,7.9,1400,8.25,5600,0,110600
HCLTECH30Jan20610CE.NFO,07/01/2020,13:32:00,8,7.85,2800,8.25,5600,0,110600
HCLTECH30Jan20610CE.NFO,07/01/2020,13:33:12,8,7.8,2800,8.25,5600,0,110600
HCLTECH30Jan20610CE.NFO,07/01/2020,13:33:16,8,7.8,1400,8.25,5600,0,110600
HCLTECH30Jan20610CE.NFO,07/01/2020,13:33:26,8,7.85,2800,8.05,1400,0,110600
HCLTECH30Jan20610CE.NFO,07/01/2020,13:33:31,8,7.85,1400,8.05,1400,0,110600
HCLTECH30Jan20610CE.NFO,07/01/2020,13:33:36,8,7.85,1400,8.15,1400,0,110600
HCLTECH30Jan20610CE.NFO,07/01/2020,13:33:57,8,7.85,1400,8.15,2800,0,110600
HCLTECH30Jan20610CE.NFO,07/01/2020,13:34:06,8,7.85,1400,8.15,1400,0,110600
HCLTECH30Jan20610CE.NFO,07/01/2020,13:34:21,8,7.9,1400,8.2,1400,0,110600
