Ticker,Date,Time,LTP,BuyPrice,BuyQty,SellPrice,SellQty,LTQ,OpenInterest
HDFC30Jan202380CE.NFO,07/01/2020,09:16:17,78,75.6,250,80,250,250,14250
HDFC30Jan202380CE.NFO,07/01/2020,09:16:17,78,75.6,250,80,250,0,14250
HDFC30Jan202380CE.NFO,07/01/2020,09:16:17,78,75.6,250,80,250,0,14250
HDFC30Jan202380CE.NFO,07/01/2020,09:16:17,78,75.6,250,80,250,0,14250
HDFC30Jan202380CE.NFO,07/01/2020,09:16:28,78,79.1,250,83.2,250,500,14250
HDFC30Jan202380CE.NFO,07/01/2020,09:16:28,80,79.1,250,83.2,250,0,14250
HDFC30Jan202380CE.NFO,07/01/2020,09:16:39,78.25,73,250,80.15,250,250,14250
HDFC30Jan202380CE.NFO,07/01/2020,09:16:50,78.25,75,250,80.5,250,0,14250
HDFC30Jan202380CE.NFO,07/01/2020,09:17:00,78.25,77.15,250,81.65,250,0,14250
HDFC30Jan202380CE.NFO,07/01/2020,09:17:10,78.25,75.55,250,80.95,250,0,14250
HDFC30Jan202380CE.NFO,07/01/2020,09:17:19,78.25,76.8,250,80.8,250,0,14250
HDFC30Jan202380CE.NFO,07/01/2020,09:17:29,76.85,74.85,250,79.35,250,500,13750
HDFC30Jan202380CE.NFO,07/01/2020,09:17:29,76.85,74.85,250,79.35,250,0,13750
HDFC30Jan202380CE.NFO,07/01/2020,09:17:39,78.7,75.4,250,79.9,250,750,13750
HDFC30Jan202380CE.NFO,07/01/2020,09:17:48,78.7,75.8,1750,80,250,0,13750
HDFC30Jan202380CE.NFO,07/01/2020,09:17:58,80,76.8,250,82.45,1250,250,13750
HDFC30Jan202380CE.NFO,07/01/2020,09:18:06,80,77.65,250,83.25,250,250,13750
HDFC30Jan202380CE.NFO,07/01/2020,09:18:15,80,77.9,250,82.5,1750,250,13750
HDFC30Jan202380CE.NFO,07/01/2020,09:18:22,80,78.05,250,81.9,1000,0,13750
HDFC30Jan202380CE.NFO,07/01/2020,09:18:29,80,78.4,250,81.7,1000,0,13750
HDFC30Jan202380CE.NFO,07/01/2020,09:18:37,80,77.35,250,81.45,500,0,13750
HDFC30Jan202380CE.NFO,07/01/2020,09:18:45,80,77.9,1750,82.9,250,0,13750
HDFC30Jan202380CE.NFO,07/01/2020,09:18:52,80,77.15,1750,82.35,1500,0,13750
HDFC30Jan202380CE.NFO,07/01/2020,09:19:00,80,77.15,1750,81.65,250,0,13750
HDFC30Jan202380CE.NFO,07/01/2020,09:19:06,80,77.2,250,82.7,250,0,13750
HDFC30Jan202380CE.NFO,07/01/2020,09:19:13,80,78.5,250,82.65,250,0,13750
HDFC30Jan202380CE.NFO,07/01/2020,09:19:20,80,79.9,500,82.75,250,0,13750
HDFC30Jan202380CE.NFO,07/01/2020,09:19:27,80,78.4,2000,82.75,500,0,13750
HDFC30Jan202380CE.NFO,07/01/2020,09:19:34,81.85,77.3,250,81.65,250,250,13750
HDFC30Jan202380CE.NFO,07/01/2020,09:19:34,81.85,77.3,250,81.65,250,0,13750
HDFC30Jan202380CE.NFO,07/01/2020,09:19:41,81.85,74.3,2000,78.6,250,0,13750
HDFC30Jan202380CE.NFO,07/01/2020,09:19:48,81.85,75.4,250,77.75,250,0,13750
HDFC30Jan202380CE.NFO,07/01/2020,09:19:55,81.85,75.85,250,78.35,250,0,13750
HDFC30Jan202380CE.NFO,07/01/2020,09:20:01,81.85,74.7,250,78.05,250,0,13750
HDFC30Jan202380CE.NFO,07/01/2020,09:20:07,81.85,75.7,250,78.8,250,0,13750
HDFC30Jan202380CE.NFO,07/01/2020,09:20:12,81.85,76.6,250,79.6,1000,0,13750
HDFC30Jan202380CE.NFO,07/01/2020,09:20:13,81.85,76.8,250,79.6,1000,0,13750
HDFC30Jan202380CE.NFO,07/01/2020,09:20:14,81.85,77,250,79.55,250,0,13750
HDFC30Jan202380CE.NFO,07/01/2020,09:20:15,81.85,77.4,250,79.95,500,0,13750
HDFC30Jan202380CE.NFO,07/01/2020,09:20:16,81.85,77,500,79.75,250,0,13750
HDFC30Jan202380CE.NFO,07/01/2020,09:20:18,81.85,77.1,250,79.65,250,0,13750
HDFC30Jan202380CE.NFO,07/01/2020,09:20:19,81.85,77.3,250,79.55,250,0,13750
HDFC30Jan202380CE.NFO,07/01/2020,09:20:20,81.85,77.4,250,81.45,2500,0,13750
HDFC30Jan202380CE.NFO,07/01/2020,09:20:21,81.85,77.5,250,81.45,2500,0,13750
HDFC30Jan202380CE.NFO,07/01/2020,09:20:22,81.85,75.6,250,81.45,2500,0,13750
HDFC30Jan202380CE.NFO,07/01/2020,09:20:23,81.85,75.8,250,80.15,250,0,13750
HDFC30Jan202380CE.NFO,07/01/2020,09:20:24,81.85,76.1,250,79.95,250,0,13750
HDFC30Jan202380CE.NFO,07/01/2020,09:20:25,81.85,76.3,250,79.7,250,0,13750
HDFC30Jan202380CE.NFO,07/01/2020,09:20:27,81.85,76.6,250,79.7,250,0,13750
HDFC30Jan202380CE.NFO,07/01/2020,09:20:27,81.85,76.7,250,80.95,250,0,13750
HDFC30Jan202380CE.NFO,07/01/2020,09:20:28,81.85,77,250,80.75,250,0,13750
HDFC30Jan202380CE.NFO,07/01/2020,09:20:29,81.85,77.1,250,80.1,250,0,13750
HDFC30Jan202380CE.NFO,07/01/2020,09:20:30,81.85,77.5,250,80.25,500,0,13750
HDFC30Jan202380CE.NFO,07/01/2020,09:20:31,81.85,77.7,250,80.15,250,0,13750
HDFC30Jan202380CE.NFO,07/01/2020,09:20:33,81.85,78,250,80.65,250,0,13750
HDFC30Jan202380CE.NFO,07/01/2020,09:20:33,81.85,78,250,80.75,250,0,13750
HDFC30Jan202380CE.NFO,07/01/2020,09:20:35,81.85,78.35,250,80.45,250,0,13750
HDFC30Jan202380CE.NFO,07/01/2020,09:20:36,81.85,78.65,250,81.25,250,0,13750
HDFC30Jan202380CE.NFO,07/01/2020,09:20:37,81.85,78.7,250,81.25,250,0,13750
HDFC30Jan202380CE.NFO,07/01/2020,09:20:38,81.85,77.5,250,81.15,500,0,13750
HDFC30Jan202380CE.NFO,07/01/2020,09:20:39,81.85,77.7,250,80.4,250,0,13750
HDFC30Jan202380CE.NFO,07/01/2020,09:20:40,81.85,78,250,80.55,250,0,13750
HDFC30Jan202380CE.NFO,07/01/2020,09:20:42,81.85,77.95,250,80.7,250,0,13750
HDFC30Jan202380CE.NFO,07/01/2020,09:20:43,81.85,78.1,250,80.65,250,0,13750
HDFC30Jan202380CE.NFO,07/01/2020,09:20:44,81.85,77.4,250,80.55,250,0,13750
HDFC30Jan202380CE.NFO,07/01/2020,09:20:45,81.85,77.9,250,80.55,250,0,13750
HDFC30Jan202380CE.NFO,07/01/2020,09:20:46,81.85,78,250,80.55,250,0,13750
HDFC30Jan202380CE.NFO,07/01/2020,09:20:47,81.85,77.8,250,80.35,250,0,13750
HDFC30Jan202380CE.NFO,07/01/2020,09:20:49,81.85,77.75,250,80.25,250,0,13750
HDFC30Jan202380CE.NFO,07/01/2020,09:20:49,81.85,77.85,250,80.25,250,0,13750
HDFC30Jan202380CE.NFO,07/01/2020,09:20:50,81.85,77.9,250,80.35,250,0,13750
HDFC30Jan202380CE.NFO,07/01/2020,09:20:51,81.85,77.4,250,80.35,250,0,13750
HDFC30Jan202380CE.NFO,07/01/2020,09:20:52,81.85,77.5,1250,80.25,250,0,13750
HDFC30Jan202380CE.NFO,07/01/2020,09:20:53,81.85,77.6,250,80.05,250,0,13750
HDFC30Jan202380CE.NFO,07/01/2020,09:20:54,81.85,77.8,250,81.35,1250,0,13750
HDFC30Jan202380CE.NFO,07/01/2020,09:20:55,81.85,78.1,250,81.35,1500,0,13750
HDFC30Jan202380CE.NFO,07/01/2020,09:20:56,81.85,78.2,250,81.35,1500,0,13750
HDFC30Jan202380CE.NFO,07/01/2020,09:20:57,81.85,78.2,250,81.15,750,0,13750
HDFC30Jan202380CE.NFO,07/01/2020,09:20:59,81.85,78.5,250,80.75,250,0,13750
HDFC30Jan202380CE.NFO,07/01/2020,09:21:00,81.85,78.45,250,80.75,250,0,13750
HDFC30Jan202380CE.NFO,07/01/2020,09:21:01,81.85,76.3,250,80.3,500,0,13750
HDFC30Jan202380CE.NFO,07/01/2020,09:21:02,81.85,74.5,2000,78.75,250,0,13750
HDFC30Jan202380CE.NFO,07/01/2020,09:21:05,81.85,74.8,250,79.15,500,0,13750
HDFC30Jan202380CE.NFO,07/01/2020,09:21:07,81.85,75.3,250,78.85,250,0,13750
HDFC30Jan202380CE.NFO,07/01/2020,09:21:08,81.85,75.4,250,78.85,250,0,13750
HDFC30Jan202380CE.NFO,07/01/2020,09:21:10,81.85,75.55,250,78.9,250,0,13750
HDFC30Jan202380CE.NFO,07/01/2020,09:21:10,81.85,75.6,250,78.8,250,0,13750
HDFC30Jan202380CE.NFO,07/01/2020,09:21:11,81.85,75.7,250,78.8,250,0,13750
HDFC30Jan202380CE.NFO,07/01/2020,09:21:12,81.85,76.2,250,78.8,250,0,13750
HDFC30Jan202380CE.NFO,07/01/2020,09:21:13,81.85,76.5,250,78.95,250,0,13750
HDFC30Jan202380CE.NFO,07/01/2020,09:21:14,81.85,76.7,250,79.35,250,0,13750
HDFC30Jan202380CE.NFO,07/01/2020,09:21:15,81.85,76.8,250,79.35,250,0,13750
HDFC30Jan202380CE.NFO,07/01/2020,09:21:16,81.85,76.9,250,79.35,250,0,13750
HDFC30Jan202380CE.NFO,07/01/2020,09:21:17,81.85,77.1,250,79.35,250,0,13750
HDFC30Jan202380CE.NFO,07/01/2020,09:21:18,81.85,77.2,250,79.35,250,0,13750
HDFC30Jan202380CE.NFO,07/01/2020,09:21:19,81.85,77.35,250,79.35,250,0,13750
HDFC30Jan202380CE.NFO,07/01/2020,09:21:21,81.85,77.6,250,79.25,250,0,13750
HDFC30Jan202380CE.NFO,07/01/2020,09:21:24,81.85,77.65,250,79.05,250,0,13750
HDFC30Jan202380CE.NFO,07/01/2020,09:21:25,81.85,75.85,250,79.05,250,0,13750
HDFC30Jan202380CE.NFO,07/01/2020,09:21:26,81.85,76.05,250,79.05,250,0,13750
HDFC30Jan202380CE.NFO,07/01/2020,09:21:27,81.85,76.35,250,81.35,2500,0,13750
HDFC30Jan202380CE.NFO,07/01/2020,09:21:28,81.85,76.65,250,81.35,2500,0,13750
HDFC30Jan202380CE.NFO,07/01/2020,09:21:29,81.85,77.05,250,81.35,2500,0,13750
HDFC30Jan202380CE.NFO,07/01/2020,09:21:30,81.85,77.35,250,81.35,2500,0,13750
HDFC30Jan202380CE.NFO,07/01/2020,09:21:31,81.85,77.55,250,81.35,2250,0,13750
HDFC30Jan202380CE.NFO,07/01/2020,09:21:33,81.85,77.7,250,79.9,250,0,13750
HDFC30Jan202380CE.NFO,07/01/2020,09:21:34,81.85,77.9,250,79.9,250,0,13750
HDFC30Jan202380CE.NFO,07/01/2020,09:21:35,81.85,77.95,250,79.8,250,0,13750
HDFC30Jan202380CE.NFO,07/01/2020,09:21:36,81.85,77.75,1250,79.7,250,0,13750
HDFC30Jan202380CE.NFO,07/01/2020,09:21:37,81.85,77.85,250,79.7,250,0,13750
HDFC30Jan202380CE.NFO,07/01/2020,09:21:38,81.85,77.95,250,79.7,250,0,13750
HDFC30Jan202380CE.NFO,07/01/2020,09:21:39,81.85,78.05,250,79.7,250,0,13750
HDFC30Jan202380CE.NFO,07/01/2020,09:21:40,81.85,78.25,250,79.7,250,0,13750
HDFC30Jan202380CE.NFO,07/01/2020,09:21:41,81.85,78.25,250,79.6,250,0,13750
HDFC30Jan202380CE.NFO,07/01/2020,09:21:42,81.85,78.3,250,80.55,250,0,13750
HDFC30Jan202380CE.NFO,07/01/2020,09:21:43,81.85,78.4,250,80.55,250,0,13750
HDFC30Jan202380CE.NFO,07/01/2020,09:21:44,81.85,78.3,500,80.45,250,0,13750
HDFC30Jan202380CE.NFO,07/01/2020,09:21:45,81.85,78.45,250,80.35,250,0,13750
HDFC30Jan202380CE.NFO,07/01/2020,09:21:46,81.85,78.5,250,80.35,250,0,13750
HDFC30Jan202380CE.NFO,07/01/2020,09:21:47,81.85,78.65,250,80.15,250,0,13750
HDFC30Jan202380CE.NFO,07/01/2020,09:21:48,81.85,76.95,2000,80,250,0,13750
HDFC30Jan202380CE.NFO,07/01/2020,09:21:49,81.85,77.05,250,80,250,0,13750
HDFC30Jan202380CE.NFO,07/01/2020,09:21:50,81.85,77.25,250,79.95,250,0,13750
HDFC30Jan202380CE.NFO,07/01/2020,09:21:52,81.85,77.45,250,79.9,250,0,13750
HDFC30Jan202380CE.NFO,07/01/2020,09:21:53,81.85,77.55,500,79.9,250,0,13750
HDFC30Jan202380CE.NFO,07/01/2020,09:21:54,81.85,77.75,250,79.9,250,0,13750
HDFC30Jan202380CE.NFO,07/01/2020,09:21:55,81.85,77.85,250,79.9,250,0,13750
HDFC30Jan202380CE.NFO,07/01/2020,09:21:56,81.85,77.95,1250,82.75,1000,0,13750
HDFC30Jan202380CE.NFO,07/01/2020,09:21:57,81.85,78.05,250,82.55,500,0,13750
HDFC30Jan202380CE.NFO,07/01/2020,09:21:58,81.85,78.25,250,81.55,250,0,13750
HDFC30Jan202380CE.NFO,07/01/2020,09:21:59,81.85,78.45,250,81.7,250,0,13750
HDFC30Jan202380CE.NFO,07/01/2020,09:22:00,81.85,78.75,250,81.6,250,0,13750
HDFC30Jan202380CE.NFO,07/01/2020,09:22:03,81.85,79.05,250,83.5,250,0,13750
HDFC30Jan202380CE.NFO,07/01/2020,09:22:03,81.85,79.05,250,82.5,250,0,13750
HDFC30Jan202380CE.NFO,07/01/2020,09:22:04,81.85,79.15,250,81.85,250,0,13750
HDFC30Jan202380CE.NFO,07/01/2020,09:22:05,81.85,79.35,250,81.9,250,0,13750
HDFC30Jan202380CE.NFO,07/01/2020,09:22:06,81.85,79.55,250,81.8,250,0,13750
HDFC30Jan202380CE.NFO,07/01/2020,09:22:07,81.85,79.75,250,81.8,250,0,13750
HDFC30Jan202380CE.NFO,07/01/2020,09:22:08,81.85,79.65,250,81.6,250,0,13750
HDFC30Jan202380CE.NFO,07/01/2020,09:22:10,81.85,78.8,1750,81.5,250,0,13750
HDFC30Jan202380CE.NFO,07/01/2020,09:22:11,81.85,78.8,1750,81.3,250,0,13750
HDFC30Jan202380CE.NFO,07/01/2020,09:22:12,81.85,78.9,250,83.55,2250,0,13750
HDFC30Jan202380CE.NFO,07/01/2020,09:22:14,81.85,79.5,250,83.55,2250,0,13750
HDFC30Jan202380CE.NFO,07/01/2020,09:22:21,81.85,81.7,250,83.05,250,0,13750
HDFC30Jan202380CE.NFO,07/01/2020,09:22:28,82.5,82.15,250,84.2,250,250,13000
HDFC30Jan202380CE.NFO,07/01/2020,09:22:28,82.5,82.15,250,84.2,250,0,13000
HDFC30Jan202380CE.NFO,07/01/2020,09:22:35,82.5,80.55,250,82.45,250,0,13000
HDFC30Jan202380CE.NFO,07/01/2020,09:22:41,82.5,80.25,250,84.2,500,0,13000
HDFC30Jan202380CE.NFO,07/01/2020,09:22:47,82.5,81.35,250,84.8,500,0,13000
HDFC30Jan202380CE.NFO,07/01/2020,09:22:54,82.5,81.25,250,83.9,750,0,13000
HDFC30Jan202380CE.NFO,07/01/2020,09:23:00,82.5,81.25,250,83.25,250,0,13000
HDFC30Jan202380CE.NFO,07/01/2020,09:23:06,82.5,80.4,250,82.75,250,0,13000
HDFC30Jan202380CE.NFO,07/01/2020,09:23:12,82.5,80.55,250,82.5,250,0,13000
HDFC30Jan202380CE.NFO,07/01/2020,09:23:17,82.5,82.1,250,83.2,250,0,13000
HDFC30Jan202380CE.NFO,07/01/2020,09:23:23,82.5,82.1,250,83.1,250,0,13000
HDFC30Jan202380CE.NFO,07/01/2020,09:23:30,82.5,82.05,250,82.5,250,0,13000
HDFC30Jan202380CE.NFO,07/01/2020,09:23:42,82.5,81.35,250,82.85,250,250,12750
HDFC30Jan202380CE.NFO,07/01/2020,09:23:48,82.5,81.55,500,82.05,250,0,12750
HDFC30Jan202380CE.NFO,07/01/2020,09:23:54,82.5,81.75,250,82.05,250,0,12750
HDFC30Jan202380CE.NFO,07/01/2020,09:24:00,82.05,81.95,250,84.1,500,250,12750
HDFC30Jan202380CE.NFO,07/01/2020,09:24:06,81.95,81.35,250,82.6,250,250,12750
HDFC30Jan202380CE.NFO,07/01/2020,09:24:12,81.95,81.2,750,82.6,250,0,12750
HDFC30Jan202380CE.NFO,07/01/2020,09:24:17,81.95,81.1,250,82.55,500,0,12750
HDFC30Jan202380CE.NFO,07/01/2020,09:24:23,81.95,80.75,500,82.05,250,0,12750
HDFC30Jan202380CE.NFO,07/01/2020,09:24:29,81.95,80.8,250,82.1,250,0,12750
HDFC30Jan202380CE.NFO,07/01/2020,09:24:40,81.95,80.8,500,82.1,250,0,12750
HDFC30Jan202380CE.NFO,07/01/2020,09:24:45,81.95,80.9,250,82.1,250,0,12750
HDFC30Jan202380CE.NFO,07/01/2020,09:24:56,81.95,80.85,750,82.4,250,0,12750
HDFC30Jan202380CE.NFO,07/01/2020,09:25:02,81.95,80.95,750,82.4,250,0,12750
HDFC30Jan202380CE.NFO,07/01/2020,09:25:09,81.95,81,750,82.4,250,0,12750
HDFC30Jan202380CE.NFO,07/01/2020,09:25:15,81.95,80.85,250,82.65,500,0,12750
HDFC30Jan202380CE.NFO,07/01/2020,09:25:22,81.95,81,250,83.1,1250,0,12750
HDFC30Jan202380CE.NFO,07/01/2020,09:25:28,81.2,81.6,500,83.1,250,250,12750
HDFC30Jan202380CE.NFO,07/01/2020,09:25:34,81.2,82.1,250,84.6,500,0,12750
HDFC30Jan202380CE.NFO,07/01/2020,09:25:40,81.2,82.15,500,84.3,250,0,12750
HDFC30Jan202380CE.NFO,07/01/2020,09:25:46,81.2,82.7,250,84.7,250,0,12750
HDFC30Jan202380CE.NFO,07/01/2020,09:26:00,81.2,83.25,250,83.8,250,0,12750
HDFC30Jan202380CE.NFO,07/01/2020,09:26:07,83.8,83.65,250,84.9,500,250,12750
HDFC30Jan202380CE.NFO,07/01/2020,09:26:07,83.8,83.65,250,84.9,500,0,12750
HDFC30Jan202380CE.NFO,07/01/2020,09:26:14,83.8,84.15,500,84.95,250,0,12750
HDFC30Jan202380CE.NFO,07/01/2020,09:26:21,83.8,84.4,250,84.95,250,0,12750
HDFC30Jan202380CE.NFO,07/01/2020,09:26:26,83.8,84.5,500,84.95,250,0,12750
HDFC30Jan202380CE.NFO,07/01/2020,09:26:32,83.8,84.5,250,84.95,250,0,12750
HDFC30Jan202380CE.NFO,07/01/2020,09:26:38,83.8,84.35,250,84.9,250,0,12750
HDFC30Jan202380CE.NFO,07/01/2020,09:26:44,83.8,83.55,250,84.95,250,0,12750
HDFC30Jan202380CE.NFO,07/01/2020,09:26:49,83.8,83.75,500,84.9,250,0,12750
HDFC30Jan202380CE.NFO,07/01/2020,09:26:55,83.8,83.95,500,84.95,250,0,12750
HDFC30Jan202380CE.NFO,07/01/2020,09:27:01,83.8,84.2,250,84.95,500,0,12750
HDFC30Jan202380CE.NFO,07/01/2020,09:27:06,83.8,83.8,250,84.9,250,0,12750
HDFC30Jan202380CE.NFO,07/01/2020,09:27:12,83.8,83.65,250,84.9,250,250,12000
HDFC30Jan202380CE.NFO,07/01/2020,09:27:17,83.8,83.5,500,84.9,250,0,12000
HDFC30Jan202380CE.NFO,07/01/2020,09:27:23,83.8,83.5,750,84.9,250,0,12000
HDFC30Jan202380CE.NFO,07/01/2020,09:27:29,83.8,83.75,250,84.9,250,0,12000
HDFC30Jan202380CE.NFO,07/01/2020,09:27:35,83.8,82.4,500,84.55,500,0,12000
HDFC30Jan202380CE.NFO,07/01/2020,09:27:40,83.8,82.45,250,83.85,250,0,12000
HDFC30Jan202380CE.NFO,07/01/2020,09:27:46,83.8,82.55,500,83.85,250,0,12000
HDFC30Jan202380CE.NFO,07/01/2020,09:27:52,83.8,82.85,250,84.8,250,0,12000
HDFC30Jan202380CE.NFO,07/01/2020,09:28:07,83.8,82.35,250,83.6,250,0,12000
HDFC30Jan202380CE.NFO,07/01/2020,09:28:14,83.8,82.6,250,83.6,250,0,12000
HDFC30Jan202380CE.NFO,07/01/2020,09:28:19,83.8,82.4,250,83.6,250,0,12000
HDFC30Jan202380CE.NFO,07/01/2020,09:28:24,83.8,81.8,250,83.2,250,0,12000
HDFC30Jan202380CE.NFO,07/01/2020,09:28:30,83.8,81.15,250,82.6,250,0,12000
HDFC30Jan202380CE.NFO,07/01/2020,09:28:36,83.8,81,500,82.55,250,0,12000
HDFC30Jan202380CE.NFO,07/01/2020,09:28:41,83.8,81.05,250,82.45,250,0,12000
HDFC30Jan202380CE.NFO,07/01/2020,09:28:46,83.8,81.1,250,82.5,250,0,12000
HDFC30Jan202380CE.NFO,07/01/2020,09:28:52,83.8,81.5,250,82.7,250,0,12000
HDFC30Jan202380CE.NFO,07/01/2020,09:28:57,83.8,81.2,250,82.3,250,0,12000
HDFC30Jan202380CE.NFO,07/01/2020,09:29:02,83.8,81.2,500,82.6,250,0,12000
HDFC30Jan202380CE.NFO,07/01/2020,09:29:08,83.8,81.3,500,82.6,250,0,12000
HDFC30Jan202380CE.NFO,07/01/2020,09:29:14,83.8,81.4,250,82.7,250,0,12000
HDFC30Jan202380CE.NFO,07/01/2020,09:29:25,83.8,81.55,250,82.25,250,0,12000
HDFC30Jan202380CE.NFO,07/01/2020,09:29:30,81.35,80.6,250,82.05,250,1000,11750
HDFC30Jan202380CE.NFO,07/01/2020,09:29:36,81.35,80.7,250,81.95,250,0,11750
HDFC30Jan202380CE.NFO,07/01/2020,09:29:41,81.35,80.2,250,81.45,250,0,11750
HDFC30Jan202380CE.NFO,07/01/2020,09:29:46,81.35,80.15,250,81.25,250,0,11750
HDFC30Jan202380CE.NFO,07/01/2020,09:29:51,81.35,80.2,250,81.5,250,0,11750
HDFC30Jan202380CE.NFO,07/01/2020,09:29:59,81.35,80.6,250,82.2,250,0,11750
HDFC30Jan202380CE.NFO,07/01/2020,09:30:04,81.35,80.8,250,82.15,250,0,11750
HDFC30Jan202380CE.NFO,07/01/2020,09:30:09,81.35,81.15,250,82.3,250,0,11750
HDFC30Jan202380CE.NFO,07/01/2020,09:30:15,81.35,81.6,250,82.3,250,0,11750
HDFC30Jan202380CE.NFO,07/01/2020,09:30:19,82.3,82.1,250,83.2,250,250,11750
HDFC30Jan202380CE.NFO,07/01/2020,09:30:25,82.3,82.45,250,84.2,500,0,11750
HDFC30Jan202380CE.NFO,07/01/2020,09:30:30,82.3,82.8,250,84.2,500,0,11750
HDFC30Jan202380CE.NFO,07/01/2020,09:30:35,82.3,83.1,250,84.2,500,0,11750
HDFC30Jan202380CE.NFO,07/01/2020,09:30:40,82.3,83.15,250,84.2,500,0,11750
HDFC30Jan202380CE.NFO,07/01/2020,09:30:44,82.3,83.1,250,84.05,250,0,11750
HDFC30Jan202380CE.NFO,07/01/2020,09:30:49,82.3,83.15,500,84.1,250,0,11750
HDFC30Jan202380CE.NFO,07/01/2020,09:30:54,83.15,82.95,250,84.1,500,250,11750
HDFC30Jan202380CE.NFO,07/01/2020,09:30:59,83.15,83.05,250,84.65,250,0,11750
HDFC30Jan202380CE.NFO,07/01/2020,09:31:04,83.15,83.35,250,84.85,500,0,11750
HDFC30Jan202380CE.NFO,07/01/2020,09:31:10,83.15,83.4,250,84.85,500,0,11750
HDFC30Jan202380CE.NFO,07/01/2020,09:31:23,83.15,83.25,250,84.65,500,0,11750
HDFC30Jan202380CE.NFO,07/01/2020,09:31:29,83.15,83.3,250,84.65,500,0,11750
HDFC30Jan202380CE.NFO,07/01/2020,09:31:34,83.15,82.7,250,84.55,500,0,11750
HDFC30Jan202380CE.NFO,07/01/2020,09:31:39,83.15,82.75,250,83.85,250,0,11750
HDFC30Jan202380CE.NFO,07/01/2020,09:31:45,83.15,83.2,250,84.15,250,0,11750
HDFC30Jan202380CE.NFO,07/01/2020,09:31:56,83.15,83.25,250,84.85,500,0,11750
HDFC30Jan202380CE.NFO,07/01/2020,09:32:01,83.15,83.25,250,84.75,500,0,11750
HDFC30Jan202380CE.NFO,07/01/2020,09:32:07,83.15,82.6,250,84.45,500,0,11750
HDFC30Jan202380CE.NFO,07/01/2020,09:32:12,83.15,81.85,250,83.75,250,0,11750
HDFC30Jan202380CE.NFO,07/01/2020,09:32:18,83.15,82.6,250,83.75,250,0,11750
HDFC30Jan202380CE.NFO,07/01/2020,09:32:25,83.15,82.7,250,84.45,250,0,11750
HDFC30Jan202380CE.NFO,07/01/2020,09:32:31,83.15,83.3,250,84.3,250,0,11750
HDFC30Jan202380CE.NFO,07/01/2020,09:32:36,83.35,83.4,250,84.3,250,250,11500
HDFC30Jan202380CE.NFO,07/01/2020,09:32:42,83.35,82.95,250,83.95,250,0,11500
HDFC30Jan202380CE.NFO,07/01/2020,09:32:48,82.95,82.4,250,83.9,250,250,11500
HDFC30Jan202380CE.NFO,07/01/2020,09:32:53,82.95,82.25,250,83.7,250,0,11500
HDFC30Jan202380CE.NFO,07/01/2020,09:33:05,82.95,82.4,250,84.1,250,0,11500
HDFC30Jan202380CE.NFO,07/01/2020,09:33:11,82.95,82.75,250,84.35,250,0,11500
HDFC30Jan202380CE.NFO,07/01/2020,09:33:16,82.95,82.8,250,84.35,250,0,11500
HDFC30Jan202380CE.NFO,07/01/2020,09:33:32,82.95,83,250,84.65,250,0,11500
HDFC30Jan202380CE.NFO,07/01/2020,09:33:37,82.95,82.95,250,84.55,250,0,11500
HDFC30Jan202380CE.NFO,07/01/2020,09:33:42,82.95,82.95,250,84.3,250,0,11500
HDFC30Jan202380CE.NFO,07/01/2020,09:33:47,82.95,82.95,250,84.65,250,0,11500
HDFC30Jan202380CE.NFO,07/01/2020,09:33:52,82.95,83,250,84.65,250,0,11500
HDFC30Jan202380CE.NFO,07/01/2020,09:34:01,82.95,83,250,84.55,250,0,11500
HDFC30Jan202380CE.NFO,07/01/2020,09:34:06,82.95,82,250,84.25,250,0,11500
HDFC30Jan202380CE.NFO,07/01/2020,09:34:11,82.95,82.4,250,84.05,250,0,11500
HDFC30Jan202380CE.NFO,07/01/2020,09:34:16,82.95,82.65,250,84.25,250,0,11500
HDFC30Jan202380CE.NFO,07/01/2020,09:34:27,82.95,82.45,250,84.5,250,0,11500
HDFC30Jan202380CE.NFO,07/01/2020,09:34:32,82.95,82.4,250,84.05,250,0,11500
HDFC30Jan202380CE.NFO,07/01/2020,09:34:39,82.95,82.15,250,83.95,250,0,11500
HDFC30Jan202380CE.NFO,07/01/2020,09:34:44,82.95,82.2,250,84.3,1000,0,11500
HDFC30Jan202380CE.NFO,07/01/2020,09:34:50,82.95,82.4,250,84.05,250,0,11500
HDFC30Jan202380CE.NFO,07/01/2020,09:34:55,82.95,82.4,250,83.95,250,0,11500
HDFC30Jan202380CE.NFO,07/01/2020,09:35:01,82.95,82.4,250,84.8,500,0,11500
HDFC30Jan202380CE.NFO,07/01/2020,09:35:06,82.95,82.45,250,83.85,250,0,11500
HDFC30Jan202380CE.NFO,07/01/2020,09:35:12,82.95,82.4,250,84.05,250,0,11500
HDFC30Jan202380CE.NFO,07/01/2020,09:35:16,82.95,81.95,250,83.85,250,0,11500
HDFC30Jan202380CE.NFO,07/01/2020,09:35:21,82.95,82,250,83.9,250,0,11500
HDFC30Jan202380CE.NFO,07/01/2020,09:35:25,82.95,82,250,83.7,250,0,11500
HDFC30Jan202380CE.NFO,07/01/2020,09:35:30,82.95,82.2,250,83.9,250,0,11500
HDFC30Jan202380CE.NFO,07/01/2020,09:35:35,82.95,81.75,500,83.6,250,0,11500
HDFC30Jan202380CE.NFO,07/01/2020,09:35:41,82.95,81.7,250,83.35,500,0,11500
HDFC30Jan202380CE.NFO,07/01/2020,09:35:48,82.95,81,250,83.25,250,0,11500
HDFC30Jan202380CE.NFO,07/01/2020,09:35:54,82.95,81.5,250,83.45,250,0,11500
HDFC30Jan202380CE.NFO,07/01/2020,09:36:00,82.95,81.4,250,83.35,500,0,11500
HDFC30Jan202380CE.NFO,07/01/2020,09:36:05,82.95,81.8,250,83.7,250,0,11500
HDFC30Jan202380CE.NFO,07/01/2020,09:36:11,82.95,81.8,250,83.5,250,0,11500
HDFC30Jan202380CE.NFO,07/01/2020,09:36:17,82.95,81.8,250,84.45,500,0,11500
HDFC30Jan202380CE.NFO,07/01/2020,09:36:23,82.95,82.1,250,84.45,500,0,11500
HDFC30Jan202380CE.NFO,07/01/2020,09:36:28,82.95,82.25,250,83.85,250,0,11500
HDFC30Jan202380CE.NFO,07/01/2020,09:36:32,82.95,82.3,250,83.85,250,0,11500
HDFC30Jan202380CE.NFO,07/01/2020,09:36:37,82.95,82.45,250,84,250,0,11500
HDFC30Jan202380CE.NFO,07/01/2020,09:36:42,82.95,82.35,250,84,250,0,11500
HDFC30Jan202380CE.NFO,07/01/2020,09:36:46,82.95,82.4,250,83.85,250,0,11500
HDFC30Jan202380CE.NFO,07/01/2020,09:36:51,82.95,82.45,500,83.85,250,0,11500
HDFC30Jan202380CE.NFO,07/01/2020,09:36:56,82.95,82.65,250,84.35,500,0,11500
HDFC30Jan202380CE.NFO,07/01/2020,09:37:00,82.95,82.15,250,83.75,250,0,11500
HDFC30Jan202380CE.NFO,07/01/2020,09:37:05,82.95,81.65,500,83.05,250,0,11500
HDFC30Jan202380CE.NFO,07/01/2020,09:37:10,82.95,81.25,500,82.8,250,0,11500
HDFC30Jan202380CE.NFO,07/01/2020,09:37:14,82.95,81.4,250,83.15,250,0,11500
HDFC30Jan202380CE.NFO,07/01/2020,09:37:18,82.95,81.35,250,83.25,250,0,11500
HDFC30Jan202380CE.NFO,07/01/2020,09:37:22,82.95,81.25,250,82.85,500,0,11500
HDFC30Jan202380CE.NFO,07/01/2020,09:37:28,82.95,81.35,250,83,750,0,11500
HDFC30Jan202380CE.NFO,07/01/2020,09:37:32,82.95,81.25,250,82.9,250,0,11500
HDFC30Jan202380CE.NFO,07/01/2020,09:37:41,82.95,81.35,250,82.9,250,0,11500
HDFC30Jan202380CE.NFO,07/01/2020,09:37:45,82.95,81.4,250,82.9,250,0,11500
HDFC30Jan202380CE.NFO,07/01/2020,09:37:49,82.95,81.5,500,84,500,0,11500
HDFC30Jan202380CE.NFO,07/01/2020,09:37:53,82.95,81.4,500,83.2,250,0,11500
HDFC30Jan202380CE.NFO,07/01/2020,09:37:57,82.95,81.45,250,82.9,250,0,11500
HDFC30Jan202380CE.NFO,07/01/2020,09:38:02,82.95,81.25,750,82.85,250,0,11500
HDFC30Jan202380CE.NFO,07/01/2020,09:38:06,82.95,81.25,250,82.9,250,0,11500
HDFC30Jan202380CE.NFO,07/01/2020,09:38:11,82.95,81.25,500,84.1,2000,0,11500
HDFC30Jan202380CE.NFO,07/01/2020,09:38:13,82.95,81.35,250,82.95,250,0,11500
HDFC30Jan202380CE.NFO,07/01/2020,09:38:14,82.95,81.35,500,82.95,500,0,11500
HDFC30Jan202380CE.NFO,07/01/2020,09:38:14,82.95,81.35,500,82.95,250,0,11500
HDFC30Jan202380CE.NFO,07/01/2020,09:38:16,82.95,81.35,500,83,250,0,11500
HDFC30Jan202380CE.NFO,07/01/2020,09:38:16,82.95,81.35,500,82.9,250,0,11500
HDFC30Jan202380CE.NFO,07/01/2020,09:38:19,82.95,81.35,250,82.85,250,0,11500
HDFC30Jan202380CE.NFO,07/01/2020,09:38:21,82.95,81.35,250,82.95,250,0,11500
HDFC30Jan202380CE.NFO,07/01/2020,09:38:22,82.95,81.35,250,82.95,500,0,11500
HDFC30Jan202380CE.NFO,07/01/2020,09:38:23,82.95,81.35,250,82.95,250,0,11500
HDFC30Jan202380CE.NFO,07/01/2020,09:38:24,82.95,81.4,250,82.95,250,0,11500
HDFC30Jan202380CE.NFO,07/01/2020,09:38:25,82.95,81.35,500,82.9,250,0,11500
HDFC30Jan202380CE.NFO,07/01/2020,09:38:25,82.95,81.35,250,82.85,250,0,11500
HDFC30Jan202380CE.NFO,07/01/2020,09:38:26,82.95,81.2,250,82.75,250,0,11500
HDFC30Jan202380CE.NFO,07/01/2020,09:38:27,82.95,81.1,250,82.65,250,0,11500
HDFC30Jan202380CE.NFO,07/01/2020,09:38:28,82.95,81,250,82.5,250,0,11500
HDFC30Jan202380CE.NFO,07/01/2020,09:38:29,82.95,81,250,82.45,250,0,11500
HDFC30Jan202380CE.NFO,07/01/2020,09:38:30,81,79.95,250,81.45,250,250,11000
HDFC30Jan202380CE.NFO,07/01/2020,09:38:32,81,79.95,250,81.4,250,0,11000
HDFC30Jan202380CE.NFO,07/01/2020,09:38:34,81,80.05,250,81.65,250,0,11000
HDFC30Jan202380CE.NFO,07/01/2020,09:38:36,81,80.15,250,81.7,250,0,11000
HDFC30Jan202380CE.NFO,07/01/2020,09:38:37,81,80.35,250,81.9,500,0,11000
HDFC30Jan202380CE.NFO,07/01/2020,09:38:38,81,80.05,250,81.7,250,0,11000
HDFC30Jan202380CE.NFO,07/01/2020,09:38:39,81,80.05,250,81.6,250,0,11000
HDFC30Jan202380CE.NFO,07/01/2020,09:38:40,81,79.95,250,81.45,250,0,11000
HDFC30Jan202380CE.NFO,07/01/2020,09:38:42,81,80.05,250,81.5,250,0,11000
HDFC30Jan202380CE.NFO,07/01/2020,09:38:42,81,80.05,250,81.5,500,0,11000
HDFC30Jan202380CE.NFO,07/01/2020,09:38:43,81,80.15,250,81.75,250,0,11000
HDFC30Jan202380CE.NFO,07/01/2020,09:38:44,81,80.15,250,81.65,250,0,11000
HDFC30Jan202380CE.NFO,07/01/2020,09:38:46,81,80.1,250,81.65,250,0,11000
HDFC30Jan202380CE.NFO,07/01/2020,09:38:47,81,80.15,250,81.5,250,0,11000
HDFC30Jan202380CE.NFO,07/01/2020,09:38:48,81,80.25,250,81.5,250,0,11000
HDFC30Jan202380CE.NFO,07/01/2020,09:38:54,81,80.4,250,81.6,250,0,11000
HDFC30Jan202380CE.NFO,07/01/2020,09:38:55,81,80.4,250,81.55,250,0,11000
HDFC30Jan202380CE.NFO,07/01/2020,09:38:57,81,80.4,250,81.45,250,0,11000
HDFC30Jan202380CE.NFO,07/01/2020,09:38:59,81,80.5,250,81.45,250,0,11000
HDFC30Jan202380CE.NFO,07/01/2020,09:39:00,81,80.8,250,82,250,0,11000
HDFC30Jan202380CE.NFO,07/01/2020,09:39:01,81,80.65,250,81.95,250,0,11000
HDFC30Jan202380CE.NFO,07/01/2020,09:39:02,81,80.65,250,81.85,250,0,11000
HDFC30Jan202380CE.NFO,07/01/2020,09:39:02,81,80.65,250,81.75,250,0,11000
HDFC30Jan202380CE.NFO,07/01/2020,09:39:03,81,80.65,250,81.95,250,0,11000
HDFC30Jan202380CE.NFO,07/01/2020,09:39:05,81,80.65,250,81.9,250,0,11000
HDFC30Jan202380CE.NFO,07/01/2020,09:39:07,81,80.75,250,81.85,250,0,11000
HDFC30Jan202380CE.NFO,07/01/2020,09:39:08,81,80.75,250,81.8,250,0,11000
HDFC30Jan202380CE.NFO,07/01/2020,09:39:11,81,80.85,250,82,250,0,11000
HDFC30Jan202380CE.NFO,07/01/2020,09:39:12,81,80.95,250,82,250,0,11000
HDFC30Jan202380CE.NFO,07/01/2020,09:39:15,81,81.05,250,82,250,0,11000
HDFC30Jan202380CE.NFO,07/01/2020,09:39:20,81,81.2,250,82,250,0,11000
HDFC30Jan202380CE.NFO,07/01/2020,09:39:25,81,81.45,250,82,250,0,11000
HDFC30Jan202380CE.NFO,07/01/2020,09:39:29,81,81.65,250,82,250,0,11000
HDFC30Jan202380CE.NFO,07/01/2020,09:39:38,82,81.9,250,83,250,250,11000
HDFC30Jan202380CE.NFO,07/01/2020,09:39:42,82,81.85,250,83,250,0,11000
HDFC30Jan202380CE.NFO,07/01/2020,09:39:46,82,82.35,250,83,250,0,11000
HDFC30Jan202380CE.NFO,07/01/2020,09:39:50,82,82.65,250,83,250,0,11000
HDFC30Jan202380CE.NFO,07/01/2020,09:39:54,82,82.75,250,83,250,0,11000
HDFC30Jan202380CE.NFO,07/01/2020,09:39:58,82,82.35,250,83,250,0,11000
HDFC30Jan202380CE.NFO,07/01/2020,09:40:02,82,82.7,250,83,250,0,11000
HDFC30Jan202380CE.NFO,07/01/2020,09:40:08,82,82.8,250,83,250,0,11000
HDFC30Jan202380CE.NFO,07/01/2020,09:40:18,82,82.85,250,83,250,0,11000
HDFC30Jan202380CE.NFO,07/01/2020,09:40:24,82.85,81.8,500,83,250,250,11000
HDFC30Jan202380CE.NFO,07/01/2020,09:40:28,82.85,82.3,250,83,250,0,11000
HDFC30Jan202380CE.NFO,07/01/2020,09:40:33,82.85,82.5,250,83,250,0,11000
HDFC30Jan202380CE.NFO,07/01/2020,09:40:38,83,82.65,250,84.9,250,250,11000
HDFC30Jan202380CE.NFO,07/01/2020,09:40:43,83,83.3,250,85,500,0,11000
HDFC30Jan202380CE.NFO,07/01/2020,09:40:48,83,83.4,250,85,500,0,11000
HDFC30Jan202380CE.NFO,07/01/2020,09:40:52,83,83.4,250,84.9,250,0,11000
HDFC30Jan202380CE.NFO,07/01/2020,09:40:56,83,80.45,2250,84.6,500,0,11000
HDFC30Jan202380CE.NFO,07/01/2020,09:41:02,83,80.45,2250,84.5,500,0,11000
HDFC30Jan202380CE.NFO,07/01/2020,09:41:08,83,80.45,2250,84.9,1000,0,11000
HDFC30Jan202380CE.NFO,07/01/2020,09:41:13,83,80.45,2500,84.65,250,0,11000
HDFC30Jan202380CE.NFO,07/01/2020,09:41:17,83,81.05,250,84.7,250,0,11000
HDFC30Jan202380CE.NFO,07/01/2020,09:41:22,83,81.55,500,84.35,250,0,11000
HDFC30Jan202380CE.NFO,07/01/2020,09:41:26,83,82.05,500,84.05,250,0,11000
HDFC30Jan202380CE.NFO,07/01/2020,09:41:31,83,82.35,500,83.65,250,0,11000
HDFC30Jan202380CE.NFO,07/01/2020,09:41:36,83,82.35,500,84.6,250,0,11000
HDFC30Jan202380CE.NFO,07/01/2020,09:41:41,83,82.55,500,84.8,500,0,11000
HDFC30Jan202380CE.NFO,07/01/2020,09:41:46,83,82.75,250,84.2,250,0,11000
HDFC30Jan202380CE.NFO,07/01/2020,09:41:51,83,82.75,250,84.05,250,0,11000
HDFC30Jan202380CE.NFO,07/01/2020,09:41:57,83,82.35,250,83.7,250,0,11000
HDFC30Jan202380CE.NFO,07/01/2020,09:42:04,83,82.35,250,83.65,250,0,11000
HDFC30Jan202380CE.NFO,07/01/2020,09:42:37,83,82.05,250,83.55,500,0,11000
HDFC30Jan202380CE.NFO,07/01/2020,09:42:50,83,81.85,250,83.35,250,0,11000
HDFC30Jan202380CE.NFO,07/01/2020,09:42:57,83,79.1,250,83.5,250,0,11000
HDFC30Jan202380CE.NFO,07/01/2020,09:43:02,83,80.75,250,82.7,250,0,11000
HDFC30Jan202380CE.NFO,07/01/2020,09:43:08,83,80.75,250,82.45,250,0,11000
HDFC30Jan202380CE.NFO,07/01/2020,09:43:13,83,80.75,250,82.2,250,0,11000
HDFC30Jan202380CE.NFO,07/01/2020,09:43:18,83,80.75,250,83.6,500,0,11000
HDFC30Jan202380CE.NFO,07/01/2020,09:43:24,83,81.55,250,83.45,250,0,11000
HDFC30Jan202380CE.NFO,07/01/2020,09:43:29,83,79.8,500,84.15,500,0,11000
HDFC30Jan202380CE.NFO,07/01/2020,09:43:34,83,80.3,500,83.25,250,0,11000
HDFC30Jan202380CE.NFO,07/01/2020,09:43:39,83,80.9,250,82.95,250,0,11000
HDFC30Jan202380CE.NFO,07/01/2020,09:43:43,83,81.2,250,82.55,250,0,11000
HDFC30Jan202380CE.NFO,07/01/2020,09:44:07,83,81.2,250,82.75,500,0,11000
HDFC30Jan202380CE.NFO,07/01/2020,09:44:18,83,81.2,250,82.95,250,0,11000
HDFC30Jan202380CE.NFO,07/01/2020,09:44:23,83,81.2,250,82.55,250,0,11000
HDFC30Jan202380CE.NFO,07/01/2020,09:44:29,83,81.2,250,82.95,750,0,11000
HDFC30Jan202380CE.NFO,07/01/2020,09:44:34,83,81.2,250,82.75,250,0,11000
HDFC30Jan202380CE.NFO,07/01/2020,09:44:39,83,81.2,250,82.5,250,0,11000
HDFC30Jan202380CE.NFO,07/01/2020,09:44:44,83,80.95,250,82.45,250,0,11000
HDFC30Jan202380CE.NFO,07/01/2020,09:44:49,83,80.7,250,82.45,250,0,11000
HDFC30Jan202380CE.NFO,07/01/2020,09:44:54,83,80.5,250,82.1,250,0,11000
HDFC30Jan202380CE.NFO,07/01/2020,09:44:59,83,80.95,250,82.85,250,0,11000
HDFC30Jan202380CE.NFO,07/01/2020,09:45:05,83,80.95,250,82.4,250,0,11000
HDFC30Jan202380CE.NFO,07/01/2020,09:45:11,83,81,250,82.85,250,0,11000
HDFC30Jan202380CE.NFO,07/01/2020,09:45:18,83,81.15,250,82.5,250,0,11000
HDFC30Jan202380CE.NFO,07/01/2020,09:45:24,83,80.8,250,82.75,250,0,11000
HDFC30Jan202380CE.NFO,07/01/2020,09:45:30,83,80.8,250,82.7,250,0,11000
HDFC30Jan202380CE.NFO,07/01/2020,09:45:36,83,80.95,250,82.65,250,0,11000
HDFC30Jan202380CE.NFO,07/01/2020,09:45:42,83,80.95,250,82.35,250,0,11000
HDFC30Jan202380CE.NFO,07/01/2020,09:45:48,83,80.95,250,82.95,250,0,11000
HDFC30Jan202380CE.NFO,07/01/2020,09:45:53,83,80.95,250,82.7,250,0,11000
HDFC30Jan202380CE.NFO,07/01/2020,09:45:59,83,80.75,250,82.35,250,0,11000
HDFC30Jan202380CE.NFO,07/01/2020,09:46:04,83,80.55,250,82.5,500,0,11000
HDFC30Jan202380CE.NFO,07/01/2020,09:46:10,83,80.55,250,82.4,500,0,11000
HDFC30Jan202380CE.NFO,07/01/2020,09:46:15,83,80.6,250,82.2,250,0,11000
HDFC30Jan202380CE.NFO,07/01/2020,09:46:20,83,80.75,250,82.25,250,0,11000
HDFC30Jan202380CE.NFO,07/01/2020,09:46:24,83,80.55,250,82.85,250,0,11000
HDFC30Jan202380CE.NFO,07/01/2020,09:46:29,83,78.7,2250,82.55,250,0,11000
HDFC30Jan202380CE.NFO,07/01/2020,09:46:35,83,79.1,500,83,500,0,11000
HDFC30Jan202380CE.NFO,07/01/2020,09:46:40,83,79.7,500,83,500,0,11000
HDFC30Jan202380CE.NFO,07/01/2020,09:46:44,83,80.1,500,83,500,0,11000
HDFC30Jan202380CE.NFO,07/01/2020,09:46:49,83,80.6,250,82.85,250,0,11000
HDFC30Jan202380CE.NFO,07/01/2020,09:46:53,83,80.9,250,83,250,0,11000
HDFC30Jan202380CE.NFO,07/01/2020,09:47:02,83,79.1,500,83,500,0,11000
HDFC30Jan202380CE.NFO,07/01/2020,09:47:07,83,79.6,500,83,500,0,11000
HDFC30Jan202380CE.NFO,07/01/2020,09:47:12,83,80.1,500,83,500,0,11000
HDFC30Jan202380CE.NFO,07/01/2020,09:47:13,83,80.2,500,83,500,0,11000
HDFC30Jan202380CE.NFO,07/01/2020,09:47:14,83,80.3,500,83,500,0,11000
HDFC30Jan202380CE.NFO,07/01/2020,09:47:14,83,80.4,500,83,500,0,11000
HDFC30Jan202380CE.NFO,07/01/2020,09:47:15,83,80.5,500,83,500,0,11000
HDFC30Jan202380CE.NFO,07/01/2020,09:47:17,83,80.6,500,83,500,0,11000
HDFC30Jan202380CE.NFO,07/01/2020,09:47:18,83,81,250,83,250,0,11000
HDFC30Jan202380CE.NFO,07/01/2020,09:47:19,83,81.05,250,82.85,250,0,11000
HDFC30Jan202380CE.NFO,07/01/2020,09:47:19,83,78.3,2250,82.95,250,0,11000
HDFC30Jan202380CE.NFO,07/01/2020,09:47:20,83,78.3,2500,82.95,250,0,11000
HDFC30Jan202380CE.NFO,07/01/2020,09:47:24,83,80.9,250,82.9,250,0,11000
HDFC30Jan202380CE.NFO,07/01/2020,09:47:25,83,81.2,250,83,250,0,11000
HDFC30Jan202380CE.NFO,07/01/2020,09:47:26,83,78.5,2250,83,250,0,11000
HDFC30Jan202380CE.NFO,07/01/2020,09:47:26,83,78.5,2250,83,500,0,11000
HDFC30Jan202380CE.NFO,07/01/2020,09:47:30,83,78.6,250,83,500,0,11000
HDFC30Jan202380CE.NFO,07/01/2020,09:47:30,83,78.7,500,83,500,0,11000
HDFC30Jan202380CE.NFO,07/01/2020,09:47:31,83,78.8,500,83,500,0,11000
HDFC30Jan202380CE.NFO,07/01/2020,09:47:33,83,79,500,83,500,0,11000
HDFC30Jan202380CE.NFO,07/01/2020,09:47:35,83,79.2,500,83,500,0,11000
HDFC30Jan202380CE.NFO,07/01/2020,09:47:36,83,79.3,500,82.85,250,0,11000
HDFC30Jan202380CE.NFO,07/01/2020,09:47:37,83,79.5,500,82.75,250,0,11000
HDFC30Jan202380CE.NFO,07/01/2020,09:47:38,83,79.5,500,82.7,250,0,11000
HDFC30Jan202380CE.NFO,07/01/2020,09:47:39,83,79.7,500,82.6,250,0,11000
HDFC30Jan202380CE.NFO,07/01/2020,09:47:41,83,79.9,500,82.45,250,0,11000
HDFC30Jan202380CE.NFO,07/01/2020,09:47:42,83,80,500,82.4,250,0,11000
HDFC30Jan202380CE.NFO,07/01/2020,09:47:44,83,80.2,500,82.3,250,0,11000
HDFC30Jan202380CE.NFO,07/01/2020,09:47:45,83,80.3,500,82.3,250,0,11000
HDFC30Jan202380CE.NFO,07/01/2020,09:47:47,83,80.6,500,82.2,250,0,11000
HDFC30Jan202380CE.NFO,07/01/2020,09:47:49,83,80.7,500,82.45,250,0,11000
HDFC30Jan202380CE.NFO,07/01/2020,09:47:51,83,80.8,500,82.3,250,0,11000
HDFC30Jan202380CE.NFO,07/01/2020,09:47:53,83,78.7,500,82.25,250,0,11000
HDFC30Jan202380CE.NFO,07/01/2020,09:47:53,83,78.8,500,82.2,250,0,11000
HDFC30Jan202380CE.NFO,07/01/2020,09:47:55,83,79,500,82.05,250,0,11000
HDFC30Jan202380CE.NFO,07/01/2020,09:47:56,83,79.1,500,82.05,250,0,11000
HDFC30Jan202380CE.NFO,07/01/2020,09:47:57,83,79.2,500,82.05,250,0,11000
HDFC30Jan202380CE.NFO,07/01/2020,09:47:59,83,79.5,500,81.95,250,0,11000
HDFC30Jan202380CE.NFO,07/01/2020,09:48:00,83,79.6,500,81.95,250,0,11000
HDFC30Jan202380CE.NFO,07/01/2020,09:48:01,83,79.7,500,81.95,250,0,11000
HDFC30Jan202380CE.NFO,07/01/2020,09:48:02,83,79.8,500,81.95,250,0,11000
HDFC30Jan202380CE.NFO,07/01/2020,09:48:03,83,79.9,500,82.55,500,0,11000
HDFC30Jan202380CE.NFO,07/01/2020,09:48:04,83,80,500,82.5,250,0,11000
HDFC30Jan202380CE.NFO,07/01/2020,09:48:05,83,80.1,500,82.45,250,0,11000
HDFC30Jan202380CE.NFO,07/01/2020,09:48:06,83,80.2,500,82.4,250,0,11000
HDFC30Jan202380CE.NFO,07/01/2020,09:48:10,83,80.6,500,82.15,250,0,11000
HDFC30Jan202380CE.NFO,07/01/2020,09:48:10,83,80.7,500,82.55,500,0,11000
HDFC30Jan202380CE.NFO,07/01/2020,09:48:12,83,80.9,250,82.4,250,0,11000
HDFC30Jan202380CE.NFO,07/01/2020,09:48:15,83,81,250,82.55,500,0,11000
HDFC30Jan202380CE.NFO,07/01/2020,09:48:15,83,81.1,250,82.55,500,0,11000
HDFC30Jan202380CE.NFO,07/01/2020,09:48:18,83,81.1,250,82.6,500,0,11000
HDFC30Jan202380CE.NFO,07/01/2020,09:48:18,83,81.1,250,82.5,500,0,11000
HDFC30Jan202380CE.NFO,07/01/2020,09:48:20,83,81.1,250,82.45,750,0,11000
HDFC30Jan202380CE.NFO,07/01/2020,09:48:24,83,81.1,250,82.5,500,0,11000
HDFC30Jan202380CE.NFO,07/01/2020,09:48:25,83,81.1,250,82.6,500,0,11000
HDFC30Jan202380CE.NFO,07/01/2020,09:48:28,83,81.1,250,82.5,500,0,11000
HDFC30Jan202380CE.NFO,07/01/2020,09:48:29,83,81.1,250,82.6,500,0,11000
HDFC30Jan202380CE.NFO,07/01/2020,09:48:30,83,81.1,250,82.5,500,0,11000
HDFC30Jan202380CE.NFO,07/01/2020,09:48:31,83,81.1,250,82.55,500,0,11000
HDFC30Jan202380CE.NFO,07/01/2020,09:48:34,83,81.1,250,82.45,500,0,11000
HDFC30Jan202380CE.NFO,07/01/2020,09:48:36,83,81.1,250,82.55,500,0,11000
HDFC30Jan202380CE.NFO,07/01/2020,09:48:37,83,81.1,250,82.5,250,0,11000
HDFC30Jan202380CE.NFO,07/01/2020,09:48:38,83,81.1,250,82.45,500,0,11000
HDFC30Jan202380CE.NFO,07/01/2020,09:48:39,83,81.1,250,82.55,500,0,11000
HDFC30Jan202380CE.NFO,07/01/2020,09:48:40,83,81.1,250,82.45,500,0,11000
HDFC30Jan202380CE.NFO,07/01/2020,09:48:42,83,81.1,250,82.55,500,0,11000
HDFC30Jan202380CE.NFO,07/01/2020,09:48:43,83,81.1,250,82.9,500,0,11000
HDFC30Jan202380CE.NFO,07/01/2020,09:48:44,83,81.1,250,82.8,500,0,11000
HDFC30Jan202380CE.NFO,07/01/2020,09:48:45,83,81.1,250,82.7,500,0,11000
HDFC30Jan202380CE.NFO,07/01/2020,09:48:46,83,81.1,250,82.6,500,0,11000
HDFC30Jan202380CE.NFO,07/01/2020,09:48:47,83,81.1,250,82.9,500,0,11000
HDFC30Jan202380CE.NFO,07/01/2020,09:48:49,83,81.1,250,82.4,500,0,11000
HDFC30Jan202380CE.NFO,07/01/2020,09:48:50,83,81.1,250,82.6,500,0,11000
HDFC30Jan202380CE.NFO,07/01/2020,09:48:51,83,81.1,250,82.55,750,0,11000
HDFC30Jan202380CE.NFO,07/01/2020,09:48:54,83,81.1,250,82.45,750,0,11000
HDFC30Jan202380CE.NFO,07/01/2020,09:48:57,83,81.1,250,82.95,500,0,11000
HDFC30Jan202380CE.NFO,07/01/2020,09:48:58,83,81.1,250,82.85,500,0,11000
HDFC30Jan202380CE.NFO,07/01/2020,09:48:59,83,81.1,250,82.65,500,0,11000
HDFC30Jan202380CE.NFO,07/01/2020,09:49:00,83,81.1,250,82.55,500,0,11000
HDFC30Jan202380CE.NFO,07/01/2020,09:49:02,83,81.1,250,82.6,500,0,11000
HDFC30Jan202380CE.NFO,07/01/2020,09:49:03,83,81.1,250,82.65,250,0,11000
HDFC30Jan202380CE.NFO,07/01/2020,09:49:04,83,81.1,250,82.55,500,0,11000
HDFC30Jan202380CE.NFO,07/01/2020,09:49:05,83,81.1,250,82.45,500,0,11000
HDFC30Jan202380CE.NFO,07/01/2020,09:49:06,83,81.1,250,82.55,500,0,11000
HDFC30Jan202380CE.NFO,07/01/2020,09:49:06,83,81.1,250,82.45,500,0,11000
HDFC30Jan202380CE.NFO,07/01/2020,09:49:08,83,81.1,250,82.65,500,0,11000
HDFC30Jan202380CE.NFO,07/01/2020,09:49:08,83,81.1,250,82.55,500,0,11000
HDFC30Jan202380CE.NFO,07/01/2020,09:49:10,83,81.1,250,82.45,500,0,11000
HDFC30Jan202380CE.NFO,07/01/2020,09:49:13,83,81.1,250,82.55,500,0,11000
HDFC30Jan202380CE.NFO,07/01/2020,09:49:18,83,81.1,250,82.7,250,0,11000
HDFC30Jan202380CE.NFO,07/01/2020,09:49:23,83,79.05,2250,82.25,500,0,11000
HDFC30Jan202380CE.NFO,07/01/2020,09:49:30,83,79.05,250,81.25,500,0,11000
HDFC30Jan202380CE.NFO,07/01/2020,09:49:35,83,78.3,500,81.15,500,0,11000
HDFC30Jan202380CE.NFO,07/01/2020,09:49:40,83,78.9,500,81.85,500,0,11000
HDFC30Jan202380CE.NFO,07/01/2020,09:49:45,83,79.5,250,81.1,500,0,11000
HDFC30Jan202380CE.NFO,07/01/2020,09:49:50,83,79.8,250,81.65,500,0,11000
HDFC30Jan202380CE.NFO,07/01/2020,09:49:55,83,77.9,2250,81.5,500,0,11000
HDFC30Jan202380CE.NFO,07/01/2020,09:50:00,83,78.4,500,80.7,500,0,11000
HDFC30Jan202380CE.NFO,07/01/2020,09:50:05,83,79,250,80.7,750,0,11000
HDFC30Jan202380CE.NFO,07/01/2020,09:50:10,83,77,500,80.25,500,0,11000
HDFC30Jan202380CE.NFO,07/01/2020,09:50:12,83,77.2,500,80.1,750,0,11000
HDFC30Jan202380CE.NFO,07/01/2020,09:50:13,83,77.3,500,80.5,500,0,11000
HDFC30Jan202380CE.NFO,07/01/2020,09:50:15,83,77.4,500,80.55,500,0,11000
HDFC30Jan202380CE.NFO,07/01/2020,09:50:17,83,77.6,500,80.25,500,0,11000
HDFC30Jan202380CE.NFO,07/01/2020,09:50:19,83,77.9,500,80.05,500,0,11000
HDFC30Jan202380CE.NFO,07/01/2020,09:50:20,83,78.05,250,80.25,500,0,11000
HDFC30Jan202380CE.NFO,07/01/2020,09:50:21,83,78.5,250,80.35,500,0,11000
HDFC30Jan202380CE.NFO,07/01/2020,09:50:22,83,78.5,250,80.15,500,0,11000
HDFC30Jan202380CE.NFO,07/01/2020,09:50:23,83,78.5,250,80.1,500,0,11000
HDFC30Jan202380CE.NFO,07/01/2020,09:50:24,83,78.65,250,80.55,500,0,11000
HDFC30Jan202380CE.NFO,07/01/2020,09:50:25,83,78.65,250,80.35,500,0,11000
HDFC30Jan202380CE.NFO,07/01/2020,09:50:26,83,78.65,250,80.2,500,0,11000
HDFC30Jan202380CE.NFO,07/01/2020,09:50:28,83,78.65,250,80.45,500,0,11000
HDFC30Jan202380CE.NFO,07/01/2020,09:50:29,83,78.65,250,80.2,500,0,11000
HDFC30Jan202380CE.NFO,07/01/2020,09:50:31,83,78.65,250,80.1,500,0,11000
HDFC30Jan202380CE.NFO,07/01/2020,09:50:32,83,78.65,250,80.7,500,0,11000
HDFC30Jan202380CE.NFO,07/01/2020,09:50:33,83,78.65,250,80.4,500,0,11000
HDFC30Jan202380CE.NFO,07/01/2020,09:50:34,83,78.1,500,80.45,500,0,11000
HDFC30Jan202380CE.NFO,07/01/2020,09:50:35,83,78.4,250,80.05,500,0,11000
HDFC30Jan202380CE.NFO,07/01/2020,09:50:38,83,78.6,250,80.5,500,0,11000
HDFC30Jan202380CE.NFO,07/01/2020,09:50:40,83,76.6,500,80.45,500,0,11000
HDFC30Jan202380CE.NFO,07/01/2020,09:50:41,83,76.7,500,80.45,500,0,11000
HDFC30Jan202380CE.NFO,07/01/2020,09:50:42,83,77,500,80.35,500,0,11000
HDFC30Jan202380CE.NFO,07/01/2020,09:50:43,83,77.1,750,80.25,500,0,11000
HDFC30Jan202380CE.NFO,07/01/2020,09:50:44,83,77.2,750,80.05,500,0,11000
HDFC30Jan202380CE.NFO,07/01/2020,09:50:46,83,77.5,500,79.95,500,0,11000
HDFC30Jan202380CE.NFO,07/01/2020,09:50:47,83,77.6,750,79.95,500,0,11000
HDFC30Jan202380CE.NFO,07/01/2020,09:50:48,83,77.8,500,79.95,500,0,11000
HDFC30Jan202380CE.NFO,07/01/2020,09:50:49,79.95,78.2,250,80.25,250,500,10750
HDFC30Jan202380CE.NFO,07/01/2020,09:50:49,79.95,78.3,250,80.25,250,0,10750
HDFC30Jan202380CE.NFO,07/01/2020,09:50:50,79.95,78.5,250,80.25,250,0,10750
HDFC30Jan202380CE.NFO,07/01/2020,09:50:51,79.95,78.7,250,80.35,250,0,10750
HDFC30Jan202380CE.NFO,07/01/2020,09:50:53,79.95,78.65,250,80.25,250,0,10750
HDFC30Jan202380CE.NFO,07/01/2020,09:50:54,79.95,78.75,250,80.2,250,0,10750
HDFC30Jan202380CE.NFO,07/01/2020,09:50:55,79.95,78.8,250,80.35,250,0,10750
HDFC30Jan202380CE.NFO,07/01/2020,09:50:56,79.95,78,1000,80.25,250,0,10750
HDFC30Jan202380CE.NFO,07/01/2020,09:50:56,79.95,78.1,500,80.25,250,0,10750
HDFC30Jan202380CE.NFO,07/01/2020,09:50:57,79.95,78.35,250,80.25,250,0,10750
HDFC30Jan202380CE.NFO,07/01/2020,09:50:58,79.95,78.55,250,80.25,250,0,10750
HDFC30Jan202380CE.NFO,07/01/2020,09:50:59,79.95,78.7,250,80.2,250,0,10750
HDFC30Jan202380CE.NFO,07/01/2020,09:51:00,79.95,78.75,250,80.25,250,0,10750
HDFC30Jan202380CE.NFO,07/01/2020,09:51:01,79.95,76.45,2500,80.2,250,0,10750
HDFC30Jan202380CE.NFO,07/01/2020,09:51:02,79.95,76.55,500,80.25,250,0,10750
HDFC30Jan202380CE.NFO,07/01/2020,09:51:04,79.95,78.25,250,80.2,250,0,10750
HDFC30Jan202380CE.NFO,07/01/2020,09:51:06,79.95,78.35,250,80.2,250,0,10750
HDFC30Jan202380CE.NFO,07/01/2020,09:51:07,79.95,78.45,250,80.25,250,0,10750
HDFC30Jan202380CE.NFO,07/01/2020,09:51:08,79.95,78.65,250,80.25,250,0,10750
HDFC30Jan202380CE.NFO,07/01/2020,09:51:09,79.95,78.2,250,80.2,250,0,10750
HDFC30Jan202380CE.NFO,07/01/2020,09:51:11,79.95,78.2,250,80.15,250,0,10750
HDFC30Jan202380CE.NFO,07/01/2020,09:51:12,79.95,78.3,250,80.15,250,0,10750
HDFC30Jan202380CE.NFO,07/01/2020,09:51:13,79.95,78.3,250,81,500,0,10750
HDFC30Jan202380CE.NFO,07/01/2020,09:51:14,79.95,78.4,250,80.6,500,0,10750
HDFC30Jan202380CE.NFO,07/01/2020,09:51:15,79.95,78.4,250,80.3,500,0,10750
HDFC30Jan202380CE.NFO,07/01/2020,09:51:16,79.95,78.4,250,80.2,250,0,10750
HDFC30Jan202380CE.NFO,07/01/2020,09:51:18,79.95,78.5,250,80.15,250,0,10750
HDFC30Jan202380CE.NFO,07/01/2020,09:51:22,79.95,79,250,81.25,250,0,10750
HDFC30Jan202380CE.NFO,07/01/2020,09:51:23,79.95,79.1,250,82.5,1750,0,10750
HDFC30Jan202380CE.NFO,07/01/2020,09:51:24,79.95,76.85,1250,81.4,250,0,10750
HDFC30Jan202380CE.NFO,07/01/2020,09:51:25,79.95,76.95,500,81.3,500,0,10750
HDFC30Jan202380CE.NFO,07/01/2020,09:51:25,79.95,77.05,500,81.3,500,0,10750
HDFC30Jan202380CE.NFO,07/01/2020,09:51:26,79.95,77.15,500,82.05,500,0,10750
HDFC30Jan202380CE.NFO,07/01/2020,09:51:28,79.95,77.35,500,81.45,250,0,10750
HDFC30Jan202380CE.NFO,07/01/2020,09:51:29,79.95,77.45,500,81.3,250,0,10750
HDFC30Jan202380CE.NFO,07/01/2020,09:51:30,79.95,77.55,500,81.25,250,0,10750
HDFC30Jan202380CE.NFO,07/01/2020,09:51:30,79.95,77.65,500,81.25,250,0,10750
HDFC30Jan202380CE.NFO,07/01/2020,09:51:31,79.95,77.65,500,81.1,250,0,10750
HDFC30Jan202380CE.NFO,07/01/2020,09:51:33,79.95,77.85,500,81,250,0,10750
HDFC30Jan202380CE.NFO,07/01/2020,09:51:35,79.95,78.05,500,80.85,250,0,10750
HDFC30Jan202380CE.NFO,07/01/2020,09:51:36,79.95,78.15,500,80.85,250,0,10750
HDFC30Jan202380CE.NFO,07/01/2020,09:51:37,79.95,78.25,500,80.85,250,0,10750
HDFC30Jan202380CE.NFO,07/01/2020,09:51:38,79.95,78.35,500,80.85,250,0,10750
HDFC30Jan202380CE.NFO,07/01/2020,09:51:39,79.95,78.45,500,82.4,500,0,10750
HDFC30Jan202380CE.NFO,07/01/2020,09:51:40,79.95,78.65,500,82.1,500,0,10750
HDFC30Jan202380CE.NFO,07/01/2020,09:51:41,79.95,78.75,500,81.7,500,0,10750
HDFC30Jan202380CE.NFO,07/01/2020,09:51:42,79.95,78.95,500,81.6,500,0,10750
HDFC30Jan202380CE.NFO,07/01/2020,09:51:44,79.95,79.05,500,81.45,250,0,10750
HDFC30Jan202380CE.NFO,07/01/2020,09:51:46,79.95,79.25,250,81.45,250,0,10750
HDFC30Jan202380CE.NFO,07/01/2020,09:51:47,79.95,79.45,250,82.2,500,0,10750
HDFC30Jan202380CE.NFO,07/01/2020,09:51:48,79.95,79.5,250,81.8,250,0,10750
HDFC30Jan202380CE.NFO,07/01/2020,09:51:49,79.95,76.95,2250,81.4,250,0,10750
HDFC30Jan202380CE.NFO,07/01/2020,09:51:50,79.95,77.15,500,81.5,250,0,10750
HDFC30Jan202380CE.NFO,07/01/2020,09:51:50,79.95,77.15,500,81.4,250,0,10750
HDFC30Jan202380CE.NFO,07/01/2020,09:51:52,79.95,77.35,500,81.35,250,0,10750
HDFC30Jan202380CE.NFO,07/01/2020,09:51:53,79.95,77.45,500,81.35,250,0,10750
HDFC30Jan202380CE.NFO,07/01/2020,09:51:54,79.95,77.55,500,81.3,250,0,10750
HDFC30Jan202380CE.NFO,07/01/2020,09:51:55,79.95,77.65,500,81.1,250,0,10750
HDFC30Jan202380CE.NFO,07/01/2020,09:51:56,79.95,77.75,500,81.65,750,0,10750
HDFC30Jan202380CE.NFO,07/01/2020,09:51:56,79.95,77.85,500,81.55,250,0,10750
HDFC30Jan202380CE.NFO,07/01/2020,09:51:58,79.95,77.95,500,81.35,250,0,10750
HDFC30Jan202380CE.NFO,07/01/2020,09:52:00,79.95,78.15,500,81.25,250,0,10750
HDFC30Jan202380CE.NFO,07/01/2020,09:52:01,79.95,78.45,250,80.9,250,0,10750
HDFC30Jan202380CE.NFO,07/01/2020,09:52:02,79.95,78.55,250,80.6,250,0,10750
HDFC30Jan202380CE.NFO,07/01/2020,09:52:03,79.95,79,250,80.85,250,0,10750
HDFC30Jan202380CE.NFO,07/01/2020,09:52:04,79.95,78.65,250,80.85,250,0,10750
HDFC30Jan202380CE.NFO,07/01/2020,09:52:05,79.95,78.75,250,80.85,250,0,10750
HDFC30Jan202380CE.NFO,07/01/2020,09:52:07,79.95,78.95,250,80.85,250,0,10750
HDFC30Jan202380CE.NFO,07/01/2020,09:52:09,79.95,77,2250,80.55,250,0,10750
HDFC30Jan202380CE.NFO,07/01/2020,09:52:10,79.95,77.1,500,80.5,250,0,10750
HDFC30Jan202380CE.NFO,07/01/2020,09:52:12,79.95,77.4,500,80.4,250,0,10750
HDFC30Jan202380CE.NFO,07/01/2020,09:52:13,79.95,77.5,500,80.4,250,0,10750
HDFC30Jan202380CE.NFO,07/01/2020,09:52:15,79.95,77.7,500,82,500,0,10750
HDFC30Jan202380CE.NFO,07/01/2020,09:52:16,79.95,77.7,500,81.7,500,0,10750
HDFC30Jan202380CE.NFO,07/01/2020,09:52:17,79.95,77.9,500,81.4,500,0,10750
HDFC30Jan202380CE.NFO,07/01/2020,09:52:19,79.95,78.1,250,80.9,250,0,10750
HDFC30Jan202380CE.NFO,07/01/2020,09:52:20,79.95,78.35,250,80.6,250,0,10750
HDFC30Jan202380CE.NFO,07/01/2020,09:52:21,79.95,78.5,250,80.4,250,0,10750
HDFC30Jan202380CE.NFO,07/01/2020,09:52:22,79.95,78.6,250,80.5,250,0,10750
HDFC30Jan202380CE.NFO,07/01/2020,09:52:23,79.95,78.7,250,80.5,250,0,10750
HDFC30Jan202380CE.NFO,07/01/2020,09:52:24,79.95,78.75,250,80.5,250,0,10750
HDFC30Jan202380CE.NFO,07/01/2020,09:52:25,79.95,78.15,250,80.4,250,0,10750
HDFC30Jan202380CE.NFO,07/01/2020,09:52:25,79.95,78.25,250,80.4,250,0,10750
HDFC30Jan202380CE.NFO,07/01/2020,09:52:26,79.95,78.25,250,82.4,250,0,10750
HDFC30Jan202380CE.NFO,07/01/2020,09:52:27,79.95,78.35,250,82.2,500,0,10750
HDFC30Jan202380CE.NFO,07/01/2020,09:52:28,79.95,78.45,250,81.8,500,0,10750
HDFC30Jan202380CE.NFO,07/01/2020,09:52:29,79.95,78.55,250,81.1,250,0,10750
HDFC30Jan202380CE.NFO,07/01/2020,09:52:31,79.95,78.8,250,80.8,250,0,10750
HDFC30Jan202380CE.NFO,07/01/2020,09:52:33,79.95,78.95,250,80.8,250,0,10750
HDFC30Jan202380CE.NFO,07/01/2020,09:52:34,79.95,79,250,80.8,250,0,10750
HDFC30Jan202380CE.NFO,07/01/2020,09:52:35,79.95,77.25,2250,80.9,250,0,10750
HDFC30Jan202380CE.NFO,07/01/2020,09:52:36,79.95,77.45,500,80.85,250,0,10750
HDFC30Jan202380CE.NFO,07/01/2020,09:52:40,79.95,77.85,500,80.55,250,0,10750
HDFC30Jan202380CE.NFO,07/01/2020,09:52:41,79.95,77.95,500,80.55,250,0,10750
HDFC30Jan202380CE.NFO,07/01/2020,09:52:42,79.95,78.05,500,80.5,250,0,10750
HDFC30Jan202380CE.NFO,07/01/2020,09:52:44,79.95,78.25,500,81.2,250,0,10750
HDFC30Jan202380CE.NFO,07/01/2020,09:52:45,79.95,78.35,500,80.8,250,0,10750
HDFC30Jan202380CE.NFO,07/01/2020,09:52:46,79.95,78.45,500,80.8,250,0,10750
HDFC30Jan202380CE.NFO,07/01/2020,09:52:47,79.95,78.55,750,80.75,250,0,10750
HDFC30Jan202380CE.NFO,07/01/2020,09:52:48,79.95,78.7,250,80.7,250,0,10750
HDFC30Jan202380CE.NFO,07/01/2020,09:52:48,79.95,78.85,500,80.8,250,0,10750
HDFC30Jan202380CE.NFO,07/01/2020,09:52:49,79.95,78.95,250,80.85,250,0,10750
HDFC30Jan202380CE.NFO,07/01/2020,09:52:51,79.95,79.2,250,80.8,250,0,10750
HDFC30Jan202380CE.NFO,07/01/2020,09:52:51,79.95,76.95,2250,81.1,250,0,10750
HDFC30Jan202380CE.NFO,07/01/2020,09:52:53,79.95,77.15,500,80.85,250,0,10750
HDFC30Jan202380CE.NFO,07/01/2020,09:52:54,79.95,77.25,500,80.8,250,0,10750
HDFC30Jan202380CE.NFO,07/01/2020,09:52:56,79.95,77.45,500,80.55,250,0,10750
HDFC30Jan202380CE.NFO,07/01/2020,09:52:57,79.95,77.65,500,80.45,250,0,10750
HDFC30Jan202380CE.NFO,07/01/2020,09:53:00,79.95,77.9,1750,81.2,250,0,10750
HDFC30Jan202380CE.NFO,07/01/2020,09:53:01,79.95,78.05,500,81.05,250,0,10750
HDFC30Jan202380CE.NFO,07/01/2020,09:53:02,79.95,78.15,500,81.1,250,0,10750
HDFC30Jan202380CE.NFO,07/01/2020,09:53:03,79.95,78.55,250,81,250,0,10750
HDFC30Jan202380CE.NFO,07/01/2020,09:53:04,79.95,78.55,250,80.9,250,0,10750
HDFC30Jan202380CE.NFO,07/01/2020,09:53:05,79.95,78.55,250,80.8,250,0,10750
HDFC30Jan202380CE.NFO,07/01/2020,09:53:06,79.95,78.55,250,80.6,250,0,10750
HDFC30Jan202380CE.NFO,07/01/2020,09:53:08,79.95,78.75,250,81.9,250,0,10750
HDFC30Jan202380CE.NFO,07/01/2020,09:53:09,79.95,78.85,250,80.95,250,0,10750
HDFC30Jan202380CE.NFO,07/01/2020,09:53:10,79.95,78.95,250,80.75,250,0,10750
HDFC30Jan202380CE.NFO,07/01/2020,09:53:11,79.95,79,250,81,500,0,10750
HDFC30Jan202380CE.NFO,07/01/2020,09:53:12,79.95,78.2,1000,80.8,250,0,10750
HDFC30Jan202380CE.NFO,07/01/2020,09:53:14,79.95,78.5,500,80.75,250,0,10750
HDFC30Jan202380CE.NFO,07/01/2020,09:53:19,79.95,79.1,250,80.85,250,0,10750
HDFC30Jan202380CE.NFO,07/01/2020,09:53:24,79.95,76.85,2250,81.35,250,0,10750
HDFC30Jan202380CE.NFO,07/01/2020,09:53:30,79.95,77.05,500,80.75,250,0,10750
HDFC30Jan202380CE.NFO,07/01/2020,09:53:35,79.95,77.55,500,81.45,750,0,10750
HDFC30Jan202380CE.NFO,07/01/2020,09:53:40,79.95,78.15,500,81.05,250,0,10750
HDFC30Jan202380CE.NFO,07/01/2020,09:53:45,79.95,78.75,500,80.8,250,0,10750
HDFC30Jan202380CE.NFO,07/01/2020,09:53:49,79.95,79.25,250,80.8,250,0,10750
HDFC30Jan202380CE.NFO,07/01/2020,09:53:54,79.95,77.25,500,80.6,500,0,10750
HDFC30Jan202380CE.NFO,07/01/2020,09:53:58,79.95,77.65,500,80.2,250,0,10750
HDFC30Jan202380CE.NFO,07/01/2020,09:54:02,79.95,78.15,500,80.45,250,0,10750
HDFC30Jan202380CE.NFO,07/01/2020,09:54:07,79.95,78.65,250,80.4,250,0,10750
HDFC30Jan202380CE.NFO,07/01/2020,09:54:11,79.95,76.8,500,80.2,250,0,10750
HDFC30Jan202380CE.NFO,07/01/2020,09:54:12,79.95,76.9,500,80.15,250,0,10750
HDFC30Jan202380CE.NFO,07/01/2020,09:54:13,79.95,77,500,79.85,250,0,10750
HDFC30Jan202380CE.NFO,07/01/2020,09:54:14,79.95,77.1,500,79.65,250,0,10750
HDFC30Jan202380CE.NFO,07/01/2020,09:54:14,79.95,77.1,500,79.5,250,0,10750
HDFC30Jan202380CE.NFO,07/01/2020,09:54:16,79.95,77.3,500,79.9,250,0,10750
HDFC30Jan202380CE.NFO,07/01/2020,09:54:17,79.95,77.5,500,79.6,250,0,10750
HDFC30Jan202380CE.NFO,07/01/2020,09:54:19,79.95,77.6,250,79.6,250,0,10750
HDFC30Jan202380CE.NFO,07/01/2020,09:54:20,79.95,78,250,79.6,250,0,10750
HDFC30Jan202380CE.NFO,07/01/2020,09:54:21,79.95,78.1,250,79.6,250,0,10750
HDFC30Jan202380CE.NFO,07/01/2020,09:54:22,79.95,78.15,250,79.6,250,0,10750
HDFC30Jan202380CE.NFO,07/01/2020,09:54:23,79.95,75.9,2250,79.85,250,0,10750
HDFC30Jan202380CE.NFO,07/01/2020,09:54:24,79.95,76,500,79.85,250,0,10750
HDFC30Jan202380CE.NFO,07/01/2020,09:54:25,79.95,76.2,500,79.8,250,0,10750
HDFC30Jan202380CE.NFO,07/01/2020,09:54:26,79.95,76.2,500,79.75,250,0,10750
HDFC30Jan202380CE.NFO,07/01/2020,09:54:27,79.95,76.4,500,79.65,250,0,10750
HDFC30Jan202380CE.NFO,07/01/2020,09:54:28,79.95,76.5,500,79.6,250,0,10750
HDFC30Jan202380CE.NFO,07/01/2020,09:54:29,79.95,76.6,500,79.45,250,0,10750
HDFC30Jan202380CE.NFO,07/01/2020,09:54:30,79.95,76.7,500,79.75,250,0,10750
HDFC30Jan202380CE.NFO,07/01/2020,09:54:32,79.95,76.9,500,79.6,250,0,10750
HDFC30Jan202380CE.NFO,07/01/2020,09:54:33,79.95,77,500,79.6,250,0,10750
HDFC30Jan202380CE.NFO,07/01/2020,09:54:34,79.95,77.2,500,79.65,250,0,10750
HDFC30Jan202380CE.NFO,07/01/2020,09:54:35,79.95,77.3,500,79.75,250,0,10750
HDFC30Jan202380CE.NFO,07/01/2020,09:54:36,79.95,77.4,500,81.05,250,0,10750
HDFC30Jan202380CE.NFO,07/01/2020,09:54:37,79.95,77.4,500,80.45,250,0,10750
HDFC30Jan202380CE.NFO,07/01/2020,09:54:37,79.95,77.6,500,80.15,250,0,10750
HDFC30Jan202380CE.NFO,07/01/2020,09:54:39,79.95,77.7,500,80.25,250,0,10750
HDFC30Jan202380CE.NFO,07/01/2020,09:54:39,79.95,77.8,500,80.25,250,0,10750
HDFC30Jan202380CE.NFO,07/01/2020,09:54:41,79.95,78,250,80.7,250,0,10750
HDFC30Jan202380CE.NFO,07/01/2020,09:54:42,79.95,78.2,250,80.55,250,0,10750
HDFC30Jan202380CE.NFO,07/01/2020,09:54:43,79.95,78.45,250,80.45,500,0,10750
HDFC30Jan202380CE.NFO,07/01/2020,09:54:44,79.95,78.5,250,80.45,250,0,10750
HDFC30Jan202380CE.NFO,07/01/2020,09:54:45,79.95,77.95,500,80.35,250,0,10750
HDFC30Jan202380CE.NFO,07/01/2020,09:54:46,79.95,77.95,500,80.25,250,0,10750
HDFC30Jan202380CE.NFO,07/01/2020,09:54:48,79.95,78.15,250,80.2,250,0,10750
HDFC30Jan202380CE.NFO,07/01/2020,09:54:49,79.95,78.15,250,80.1,250,0,10750
HDFC30Jan202380CE.NFO,07/01/2020,09:54:50,79.95,78.25,250,80.3,250,0,10750
HDFC30Jan202380CE.NFO,07/01/2020,09:54:50,79.95,78.35,250,80.3,250,0,10750
HDFC30Jan202380CE.NFO,07/01/2020,09:54:52,79.95,78.55,250,80.3,250,0,10750
HDFC30Jan202380CE.NFO,07/01/2020,09:54:53,79.95,78.6,250,80.3,250,0,10750
HDFC30Jan202380CE.NFO,07/01/2020,09:54:53,79.95,78.15,250,80.2,250,0,10750
HDFC30Jan202380CE.NFO,07/01/2020,09:54:55,79.95,78.35,250,80.2,250,0,10750
HDFC30Jan202380CE.NFO,07/01/2020,09:54:56,79.95,78.65,250,81.15,250,0,10750
HDFC30Jan202380CE.NFO,07/01/2020,09:54:57,79.95,78.75,250,80.85,250,0,10750
HDFC30Jan202380CE.NFO,07/01/2020,09:54:58,79.95,78.85,750,82.5,500,0,10750
HDFC30Jan202380CE.NFO,07/01/2020,09:54:58,79.95,78.85,750,82,500,0,10750
HDFC30Jan202380CE.NFO,07/01/2020,09:54:59,79.95,78.85,500,81.4,250,0,10750
HDFC30Jan202380CE.NFO,07/01/2020,09:55:00,79.95,79.45,250,81.5,250,0,10750
HDFC30Jan202380CE.NFO,07/01/2020,09:55:02,79.95,79.55,250,81.2,250,0,10750
HDFC30Jan202380CE.NFO,07/01/2020,09:55:04,79.95,79.75,250,81.2,250,0,10750
HDFC30Jan202380CE.NFO,07/01/2020,09:55:05,79.95,79.85,250,81.2,250,0,10750
HDFC30Jan202380CE.NFO,07/01/2020,09:55:06,79.95,80.05,250,81.9,250,0,10750
HDFC30Jan202380CE.NFO,07/01/2020,09:55:08,79.95,80.15,250,81.7,250,0,10750
HDFC30Jan202380CE.NFO,07/01/2020,09:55:09,79.95,79,1500,81.7,250,0,10750
HDFC30Jan202380CE.NFO,07/01/2020,09:55:11,79.95,79.2,500,81.75,250,0,10750
HDFC30Jan202380CE.NFO,07/01/2020,09:55:13,79.95,79.4,500,81.65,250,0,10750
HDFC30Jan202380CE.NFO,07/01/2020,09:55:15,79.95,79.6,500,81.65,250,0,10750
HDFC30Jan202380CE.NFO,07/01/2020,09:55:16,79.95,79.7,500,81.65,250,0,10750
HDFC30Jan202380CE.NFO,07/01/2020,09:55:16,79.95,79.8,250,81.65,250,0,10750
HDFC30Jan202380CE.NFO,07/01/2020,09:55:17,79.95,79.9,250,81.65,250,0,10750
HDFC30Jan202380CE.NFO,07/01/2020,09:55:19,79.95,80,250,81.65,250,0,10750
HDFC30Jan202380CE.NFO,07/01/2020,09:55:20,79.95,80.2,250,81.65,250,0,10750
HDFC30Jan202380CE.NFO,07/01/2020,09:55:21,79.95,80.25,250,81.65,250,0,10750
HDFC30Jan202380CE.NFO,07/01/2020,09:55:22,79.95,79.8,250,81.65,250,0,10750
HDFC30Jan202380CE.NFO,07/01/2020,09:55:23,79.95,79.95,250,81.65,250,0,10750
HDFC30Jan202380CE.NFO,07/01/2020,09:55:24,79.95,80,250,81.65,250,0,10750
HDFC30Jan202380CE.NFO,07/01/2020,09:55:25,79.95,80.15,250,81.65,250,0,10750
HDFC30Jan202380CE.NFO,07/01/2020,09:55:26,79.95,80.2,250,81.65,250,0,10750
HDFC30Jan202380CE.NFO,07/01/2020,09:55:27,79.95,77.95,2250,83,500,0,10750
HDFC30Jan202380CE.NFO,07/01/2020,09:55:27,79.95,78.05,500,82.5,250,0,10750
HDFC30Jan202380CE.NFO,07/01/2020,09:55:28,79.95,78.15,500,82,250,0,10750
HDFC30Jan202380CE.NFO,07/01/2020,09:55:29,79.95,78.25,500,81.8,250,0,10750
HDFC30Jan202380CE.NFO,07/01/2020,09:55:31,79.95,78.45,500,81.65,250,0,10750
HDFC30Jan202380CE.NFO,07/01/2020,09:55:34,79.95,78.75,500,81.45,250,0,10750
HDFC30Jan202380CE.NFO,07/01/2020,09:55:37,79.95,79.6,250,81.65,250,0,10750
HDFC30Jan202380CE.NFO,07/01/2020,09:55:38,79.95,79.7,250,81.65,250,0,10750
HDFC30Jan202380CE.NFO,07/01/2020,09:55:39,79.95,79.8,250,81.65,250,0,10750
HDFC30Jan202380CE.NFO,07/01/2020,09:55:40,79.95,79.9,250,81.65,250,0,10750
HDFC30Jan202380CE.NFO,07/01/2020,09:55:42,79.95,80.1,250,82.25,250,0,10750
HDFC30Jan202380CE.NFO,07/01/2020,09:55:43,79.95,80.1,250,82.15,250,0,10750
HDFC30Jan202380CE.NFO,07/01/2020,09:55:44,79.95,79.9,250,82.15,250,0,10750
HDFC30Jan202380CE.NFO,07/01/2020,09:55:44,79.95,80,250,82.15,250,0,10750
HDFC30Jan202380CE.NFO,07/01/2020,09:55:46,79.95,80,250,81.95,250,0,10750
HDFC30Jan202380CE.NFO,07/01/2020,09:55:50,79.95,80,250,81.75,250,0,10750
HDFC30Jan202380CE.NFO,07/01/2020,09:55:51,79.95,80.2,250,82.95,500,0,10750
HDFC30Jan202380CE.NFO,07/01/2020,09:55:51,79.95,80.3,250,82.75,500,0,10750
HDFC30Jan202380CE.NFO,07/01/2020,09:55:52,79.95,80.4,250,82.35,250,0,10750
HDFC30Jan202380CE.NFO,07/01/2020,09:55:54,79.95,78,2250,82.05,250,0,10750
HDFC30Jan202380CE.NFO,07/01/2020,09:55:55,79.95,78,2000,82.25,250,0,10750
HDFC30Jan202380CE.NFO,07/01/2020,09:55:55,79.95,78,2000,82.25,500,0,10750
HDFC30Jan202380CE.NFO,07/01/2020,09:55:58,79.95,78.3,250,82.25,500,0,10750
HDFC30Jan202380CE.NFO,07/01/2020,09:55:59,79.95,78.4,250,82.25,500,0,10750
HDFC30Jan202380CE.NFO,07/01/2020,09:56:00,79.95,78.5,250,82.25,500,0,10750
HDFC30Jan202380CE.NFO,07/01/2020,09:56:01,79.95,78.6,250,81.55,250,0,10750
HDFC30Jan202380CE.NFO,07/01/2020,09:56:02,79.95,78.7,250,81.5,250,0,10750
HDFC30Jan202380CE.NFO,07/01/2020,09:56:03,79.95,78.8,250,81.35,250,0,10750
HDFC30Jan202380CE.NFO,07/01/2020,09:56:04,79.95,78.9,250,81.4,250,0,10750
HDFC30Jan202380CE.NFO,07/01/2020,09:56:06,79.95,79.1,250,81.25,250,0,10750
HDFC30Jan202380CE.NFO,07/01/2020,09:56:06,79.95,79.2,250,81.2,250,0,10750
HDFC30Jan202380CE.NFO,07/01/2020,09:56:07,79.95,77.05,250,81.1,250,0,10750
HDFC30Jan202380CE.NFO,07/01/2020,09:56:09,79.95,77.25,250,81.9,250,0,10750
HDFC30Jan202380CE.NFO,07/01/2020,09:56:12,79.95,77.55,250,81.5,250,0,10750
HDFC30Jan202380CE.NFO,07/01/2020,09:56:13,79.95,77.65,250,81.5,250,0,10750
HDFC30Jan202380CE.NFO,07/01/2020,09:56:15,79.95,77.95,250,81.4,250,0,10750
HDFC30Jan202380CE.NFO,07/01/2020,09:56:16,79.95,78.05,250,82.65,1500,0,10750
HDFC30Jan202380CE.NFO,07/01/2020,09:56:18,79.95,78.15,250,82.45,250,0,10750
HDFC30Jan202380CE.NFO,07/01/2020,09:56:19,79.95,78.25,250,82.05,250,0,10750
HDFC30Jan202380CE.NFO,07/01/2020,09:56:20,79.95,78.45,250,81.65,250,0,10750
HDFC30Jan202380CE.NFO,07/01/2020,09:56:21,79.95,78.45,250,81.45,250,0,10750
HDFC30Jan202380CE.NFO,07/01/2020,09:56:22,79.95,78.55,250,81.55,250,0,10750
HDFC30Jan202380CE.NFO,07/01/2020,09:56:23,79.95,78.75,250,81.25,250,0,10750
HDFC30Jan202380CE.NFO,07/01/2020,09:56:24,79.95,78.85,250,81.4,250,0,10750
HDFC30Jan202380CE.NFO,07/01/2020,09:56:25,79.95,78.85,250,81.3,250,0,10750
HDFC30Jan202380CE.NFO,07/01/2020,09:56:26,79.95,78.85,250,81.2,250,0,10750
HDFC30Jan202380CE.NFO,07/01/2020,09:56:27,79.95,78.85,250,81.3,250,0,10750
HDFC30Jan202380CE.NFO,07/01/2020,09:56:28,79.95,78.85,250,81.1,250,0,10750
HDFC30Jan202380CE.NFO,07/01/2020,09:56:29,79.95,78.95,250,81.2,250,0,10750
HDFC30Jan202380CE.NFO,07/01/2020,09:56:30,79.95,79.05,250,81.2,250,0,10750
HDFC30Jan202380CE.NFO,07/01/2020,09:56:31,79.95,79.25,250,81.1,250,0,10750
HDFC30Jan202380CE.NFO,07/01/2020,09:56:33,79.95,79.35,250,81.1,250,0,10750
HDFC30Jan202380CE.NFO,07/01/2020,09:56:34,79.95,79.4,250,81.1,250,0,10750
HDFC30Jan202380CE.NFO,07/01/2020,09:56:35,79.95,77.1,2000,80.8,250,0,10750
HDFC30Jan202380CE.NFO,07/01/2020,09:56:36,79.95,77.3,250,80.7,250,0,10750
HDFC30Jan202380CE.NFO,07/01/2020,09:56:37,79.95,77.4,250,80.6,500,0,10750
HDFC30Jan202380CE.NFO,07/01/2020,09:56:37,79.95,77.5,250,80.6,500,0,10750
HDFC30Jan202380CE.NFO,07/01/2020,09:56:38,79.95,77.6,250,80.5,250,0,10750
HDFC30Jan202380CE.NFO,07/01/2020,09:56:40,79.95,77.7,500,80.45,250,0,10750
HDFC30Jan202380CE.NFO,07/01/2020,09:56:41,79.95,77.8,500,80.95,750,0,10750
HDFC30Jan202380CE.NFO,07/01/2020,09:56:42,79.95,77.9,500,80.95,750,0,10750
HDFC30Jan202380CE.NFO,07/01/2020,09:56:42,79.95,78,500,80.75,250,0,10750
HDFC30Jan202380CE.NFO,07/01/2020,09:56:43,79.95,78.1,500,80.55,250,0,10750
HDFC30Jan202380CE.NFO,07/01/2020,09:56:45,79.95,78.3,250,80.45,500,0,10750
HDFC30Jan202380CE.NFO,07/01/2020,09:56:47,79.95,78.5,250,80.45,250,0,10750
HDFC30Jan202380CE.NFO,07/01/2020,09:56:48,79.95,78.6,250,80.45,250,0,10750
HDFC30Jan202380CE.NFO,07/01/2020,09:56:49,79.95,78.7,250,80.45,250,0,10750
HDFC30Jan202380CE.NFO,07/01/2020,09:56:50,79.95,76.3,2250,80.25,250,0,10750
HDFC30Jan202380CE.NFO,07/01/2020,09:56:50,79.95,76.3,2250,80.15,250,0,10750
HDFC30Jan202380CE.NFO,07/01/2020,09:56:51,79.95,76.5,500,80.3,250,0,10750
HDFC30Jan202380CE.NFO,07/01/2020,09:56:53,79.95,76.6,500,80.4,250,0,10750
HDFC30Jan202380CE.NFO,07/01/2020,09:56:54,79.95,76.8,500,80.15,250,0,10750
HDFC30Jan202380CE.NFO,07/01/2020,09:56:55,79.95,76.9,500,80.35,500,0,10750
HDFC30Jan202380CE.NFO,07/01/2020,09:56:56,79.95,77.1,500,80.35,500,0,10750
HDFC30Jan202380CE.NFO,07/01/2020,09:56:57,79.95,77.1,500,80.25,250,0,10750
HDFC30Jan202380CE.NFO,07/01/2020,09:56:58,79.95,77.3,500,80.15,250,0,10750
HDFC30Jan202380CE.NFO,07/01/2020,09:56:59,79.95,77.4,500,80.25,250,0,10750
HDFC30Jan202380CE.NFO,07/01/2020,09:57:01,79.95,77.45,1000,80.05,250,0,10750
HDFC30Jan202380CE.NFO,07/01/2020,09:57:02,79.95,77.6,500,79.95,250,0,10750
HDFC30Jan202380CE.NFO,07/01/2020,09:57:03,79.95,77.7,500,79.95,500,0,10750
HDFC30Jan202380CE.NFO,07/01/2020,09:57:04,79.95,77.8,500,79.95,250,0,10750
HDFC30Jan202380CE.NFO,07/01/2020,09:57:04,79.95,77.9,250,79.95,250,0,10750
HDFC30Jan202380CE.NFO,07/01/2020,09:57:06,79.95,78,250,79.95,250,0,10750
HDFC30Jan202380CE.NFO,07/01/2020,09:57:07,79.95,78.1,250,79.95,250,0,10750
HDFC30Jan202380CE.NFO,07/01/2020,09:57:08,79.95,78.2,250,79.95,250,0,10750
HDFC30Jan202380CE.NFO,07/01/2020,09:57:08,79.95,78.3,250,79.95,250,0,10750
HDFC30Jan202380CE.NFO,07/01/2020,09:57:09,79.95,78.35,250,79.95,250,0,10750
HDFC30Jan202380CE.NFO,07/01/2020,09:57:10,79.95,77.75,500,80.25,1000,0,10750
HDFC30Jan202380CE.NFO,07/01/2020,09:57:11,79.95,77.95,250,80.15,500,0,10750
HDFC30Jan202380CE.NFO,07/01/2020,09:57:16,79.95,78.3,250,79.7,250,0,10750
HDFC30Jan202380CE.NFO,07/01/2020,09:57:20,79.95,76.35,500,79.75,250,0,10750
HDFC30Jan202380CE.NFO,07/01/2020,09:57:25,79.95,76.85,500,79.45,250,0,10750
HDFC30Jan202380CE.NFO,07/01/2020,09:57:29,79.95,77.35,500,79.65,250,0,10750
HDFC30Jan202380CE.NFO,07/01/2020,09:57:33,79.95,78.25,250,79.65,250,0,10750
HDFC30Jan202380CE.NFO,07/01/2020,09:57:37,79.95,77.4,750,79.65,250,0,10750
HDFC30Jan202380CE.NFO,07/01/2020,09:57:40,79.95,77.8,500,79.65,250,0,10750
HDFC30Jan202380CE.NFO,07/01/2020,09:57:44,79.95,78.2,250,79.65,250,0,10750
HDFC30Jan202380CE.NFO,07/01/2020,09:57:49,79.95,76.2,500,80.85,500,0,10750
HDFC30Jan202380CE.NFO,07/01/2020,09:57:54,79.95,76.7,500,79.7,500,0,10750
HDFC30Jan202380CE.NFO,07/01/2020,09:57:58,79.95,76.8,250,78.7,250,0,10750
HDFC30Jan202380CE.NFO,07/01/2020,09:58:03,79.95,75.6,500,79.75,500,0,10750
HDFC30Jan202380CE.NFO,07/01/2020,09:58:08,79.95,76.1,500,79.05,250,0,10750
HDFC30Jan202380CE.NFO,07/01/2020,09:58:12,79.95,76.6,500,81.15,2250,0,10750
HDFC30Jan202380CE.NFO,07/01/2020,09:58:13,79.95,76.6,500,80.85,500,0,10750
HDFC30Jan202380CE.NFO,07/01/2020,09:58:13,79.95,76.7,500,80.45,500,0,10750
HDFC30Jan202380CE.NFO,07/01/2020,09:58:14,79.95,76.8,500,80.05,500,0,10750
HDFC30Jan202380CE.NFO,07/01/2020,09:58:15,79.95,76.9,250,79.85,500,0,10750
HDFC30Jan202380CE.NFO,07/01/2020,09:58:17,79.95,77.3,250,79.1,250,0,10750
HDFC30Jan202380CE.NFO,07/01/2020,09:58:17,79.95,77.3,250,79.25,500,0,10750
HDFC30Jan202380CE.NFO,07/01/2020,09:58:19,79.95,77.3,250,79.2,250,0,10750
HDFC30Jan202380CE.NFO,07/01/2020,09:58:20,79.95,77.3,250,79.15,250,0,10750
HDFC30Jan202380CE.NFO,07/01/2020,09:58:20,79.95,77.3,250,79.3,500,0,10750
HDFC30Jan202380CE.NFO,07/01/2020,09:58:22,79.95,77.3,250,78.9,250,0,10750
HDFC30Jan202380CE.NFO,07/01/2020,09:58:23,79.95,77.3,250,78.8,250,0,10750
HDFC30Jan202380CE.NFO,07/01/2020,09:58:24,79.95,75.1,2250,79.3,500,0,10750
HDFC30Jan202380CE.NFO,07/01/2020,09:58:25,79.95,75.1,2250,79,500,0,10750
HDFC30Jan202380CE.NFO,07/01/2020,09:58:25,79.95,75.1,2250,78.7,250,0,10750
HDFC30Jan202380CE.NFO,07/01/2020,09:58:26,79.95,75.3,500,78.8,250,0,10750
HDFC30Jan202380CE.NFO,07/01/2020,09:58:28,79.95,75.4,500,78.75,250,0,10750
HDFC30Jan202380CE.NFO,07/01/2020,09:58:29,79.95,75.5,500,78.6,250,0,10750
HDFC30Jan202380CE.NFO,07/01/2020,09:58:30,79.95,75.7,500,78.55,250,0,10750
HDFC30Jan202380CE.NFO,07/01/2020,09:58:31,79.95,75.75,1250,78.4,250,0,10750
HDFC30Jan202380CE.NFO,07/01/2020,09:58:32,79.95,75.9,500,78.15,250,0,10750
HDFC30Jan202380CE.NFO,07/01/2020,09:58:33,79.95,76,500,78.2,250,0,10750
HDFC30Jan202380CE.NFO,07/01/2020,09:58:34,79.95,76.2,250,78.1,250,0,10750
HDFC30Jan202380CE.NFO,07/01/2020,09:58:35,79.95,76.2,250,80.15,500,0,10750
HDFC30Jan202380CE.NFO,07/01/2020,09:58:36,79.95,76.2,250,79.75,500,0,10750
HDFC30Jan202380CE.NFO,07/01/2020,09:58:37,79.95,76.2,250,79.25,500,0,10750
HDFC30Jan202380CE.NFO,07/01/2020,09:58:38,79.95,76.2,250,78.75,500,0,10750
HDFC30Jan202380CE.NFO,07/01/2020,09:58:39,79.95,76.2,250,78.15,250,0,10750
HDFC30Jan202380CE.NFO,07/01/2020,09:58:40,79.95,76.2,250,78.1,250,0,10750
HDFC30Jan202380CE.NFO,07/01/2020,09:58:41,79.95,75.1,1750,77.95,250,0,10750
HDFC30Jan202380CE.NFO,07/01/2020,09:58:42,79.95,75.4,500,77.7,250,0,10750
HDFC30Jan202380CE.NFO,07/01/2020,09:58:43,79.95,75.4,500,77.6,250,0,10750
HDFC30Jan202380CE.NFO,07/01/2020,09:58:44,79.95,75.6,250,77.55,250,0,10750
HDFC30Jan202380CE.NFO,07/01/2020,09:58:46,79.95,75.6,250,77.45,250,0,10750
HDFC30Jan202380CE.NFO,07/01/2020,09:58:47,79.95,75.6,250,77.4,250,0,10750
HDFC30Jan202380CE.NFO,07/01/2020,09:58:48,79.95,75.6,250,79,500,0,10750
HDFC30Jan202380CE.NFO,07/01/2020,09:58:49,79.95,75.7,250,78.6,500,0,10750
HDFC30Jan202380CE.NFO,07/01/2020,09:58:50,79.95,75.1,750,77.7,250,0,10750
HDFC30Jan202380CE.NFO,07/01/2020,09:58:51,79.95,75.25,250,77.3,250,0,10750
HDFC30Jan202380CE.NFO,07/01/2020,09:58:52,79.95,75.75,250,77.9,250,0,10750
HDFC30Jan202380CE.NFO,07/01/2020,09:58:53,79.95,75.2,500,77.6,500,0,10750
HDFC30Jan202380CE.NFO,07/01/2020,09:58:54,79.95,75.55,250,77.6,250,0,10750
HDFC30Jan202380CE.NFO,07/01/2020,09:58:56,79.95,75.75,250,77.6,250,0,10750
HDFC30Jan202380CE.NFO,07/01/2020,09:58:58,79.95,75.95,250,77.6,250,0,10750
HDFC30Jan202380CE.NFO,07/01/2020,09:59:00,79.95,75.1,1500,77.6,250,0,10750
HDFC30Jan202380CE.NFO,07/01/2020,09:59:01,79.95,75.2,500,77.7,250,0,10750
HDFC30Jan202380CE.NFO,07/01/2020,09:59:02,79.95,75.5,250,77.6,250,0,10750
HDFC30Jan202380CE.NFO,07/01/2020,09:59:03,79.95,75.6,250,77.65,250,0,10750
HDFC30Jan202380CE.NFO,07/01/2020,09:59:04,79.95,75.8,250,78.3,250,0,10750
HDFC30Jan202380CE.NFO,07/01/2020,09:59:05,79.95,75.9,250,78.3,250,0,10750
HDFC30Jan202380CE.NFO,07/01/2020,09:59:06,79.95,76.15,250,78.1,250,0,10750
HDFC30Jan202380CE.NFO,07/01/2020,09:59:07,79.95,76.1,250,79.5,500,0,10750
HDFC30Jan202380CE.NFO,07/01/2020,09:59:08,79.95,76.1,250,79.1,500,0,10750
HDFC30Jan202380CE.NFO,07/01/2020,09:59:08,79.95,76.2,250,78.9,500,0,10750
HDFC30Jan202380CE.NFO,07/01/2020,09:59:09,79.95,76.3,250,78.3,250,0,10750
HDFC30Jan202380CE.NFO,07/01/2020,09:59:10,79.95,76.3,250,78.2,250,0,10750
HDFC30Jan202380CE.NFO,07/01/2020,09:59:11,79.95,76.5,250,78.15,500,0,10750
HDFC30Jan202380CE.NFO,07/01/2020,09:59:13,79.95,76.6,250,78.55,750,0,10750
HDFC30Jan202380CE.NFO,07/01/2020,09:59:14,79.95,75.1,1750,78.15,250,0,10750
HDFC30Jan202380CE.NFO,07/01/2020,09:59:15,79.95,75.1,1750,78.1,250,0,10750
HDFC30Jan202380CE.NFO,07/01/2020,09:59:16,79.95,75.1,1750,78.2,500,0,10750
HDFC30Jan202380CE.NFO,07/01/2020,09:59:17,79.95,75.3,500,79.15,1500,0,10750
HDFC30Jan202380CE.NFO,07/01/2020,09:59:18,79.95,75.4,500,78.95,500,0,10750
HDFC30Jan202380CE.NFO,07/01/2020,09:59:19,79.95,75.5,500,78.55,500,0,10750
HDFC30Jan202380CE.NFO,07/01/2020,09:59:20,79.95,75.6,500,78.35,500,0,10750
HDFC30Jan202380CE.NFO,07/01/2020,09:59:21,79.95,75.7,500,78.05,250,0,10750
HDFC30Jan202380CE.NFO,07/01/2020,09:59:22,79.95,76,250,78.1,250,0,10750
HDFC30Jan202380CE.NFO,07/01/2020,09:59:23,79.95,76.1,250,78.1,250,0,10750
HDFC30Jan202380CE.NFO,07/01/2020,09:59:24,79.95,76.1,250,78,250,0,10750
HDFC30Jan202380CE.NFO,07/01/2020,09:59:25,79.95,76.1,250,79.6,500,0,10750
HDFC30Jan202380CE.NFO,07/01/2020,09:59:25,79.95,76.1,250,79.3,500,0,10750
HDFC30Jan202380CE.NFO,07/01/2020,09:59:27,79.95,76.25,250,78.8,500,0,10750
HDFC30Jan202380CE.NFO,07/01/2020,09:59:28,79.95,75.1,2000,78.5,250,0,10750
HDFC30Jan202380CE.NFO,07/01/2020,09:59:30,79.95,75.2,500,79,250,0,10750
HDFC30Jan202380CE.NFO,07/01/2020,09:59:31,79.95,76.75,250,80.75,500,0,10750
HDFC30Jan202380CE.NFO,07/01/2020,09:59:32,79.95,76.75,250,80.55,500,0,10750
HDFC30Jan202380CE.NFO,07/01/2020,09:59:33,79.95,76.75,250,80.35,250,0,10750
HDFC30Jan202380CE.NFO,07/01/2020,09:59:34,79.95,76.85,250,79.95,500,0,10750
HDFC30Jan202380CE.NFO,07/01/2020,09:59:35,79.95,76.85,500,79.65,500,0,10750
HDFC30Jan202380CE.NFO,07/01/2020,09:59:36,79.95,77,250,79.25,250,0,10750
HDFC30Jan202380CE.NFO,07/01/2020,09:59:37,79.95,77.1,250,79.25,250,0,10750
HDFC30Jan202380CE.NFO,07/01/2020,09:59:38,79.95,77.2,250,79.4,750,0,10750
HDFC30Jan202380CE.NFO,07/01/2020,09:59:38,79.95,77.5,250,80.65,250,0,10750
HDFC30Jan202380CE.NFO,07/01/2020,09:59:39,79.95,77.5,250,80.15,500,0,10750
HDFC30Jan202380CE.NFO,07/01/2020,09:59:41,79.95,77.6,250,79.75,250,0,10750
HDFC30Jan202380CE.NFO,07/01/2020,09:59:42,79.95,77.7,250,80,250,0,10750
HDFC30Jan202380CE.NFO,07/01/2020,09:59:43,79.95,77.8,250,79.8,250,0,10750
HDFC30Jan202380CE.NFO,07/01/2020,09:59:44,79.95,77.8,250,79.9,250,0,10750
HDFC30Jan202380CE.NFO,07/01/2020,09:59:45,79.95,77.9,250,80,250,0,10750
HDFC30Jan202380CE.NFO,07/01/2020,09:59:46,79.95,77.9,500,81.3,2000,0,10750
HDFC30Jan202380CE.NFO,07/01/2020,09:59:47,79.95,77.9,500,80.9,500,0,10750
HDFC30Jan202380CE.NFO,07/01/2020,09:59:48,79.95,78,250,80.4,500,0,10750
HDFC30Jan202380CE.NFO,07/01/2020,09:59:49,79.95,78.1,250,80.1,250,0,10750
HDFC30Jan202380CE.NFO,07/01/2020,09:59:50,79.95,78.1,250,80,250,0,10750
HDFC30Jan202380CE.NFO,07/01/2020,09:59:51,79.95,78.1,250,79.95,250,0,10750
HDFC30Jan202380CE.NFO,07/01/2020,09:59:52,79.95,78.1,250,80.05,250,0,10750
HDFC30Jan202380CE.NFO,07/01/2020,09:59:53,79.95,78.1,250,80,250,0,10750
HDFC30Jan202380CE.NFO,07/01/2020,09:59:54,79.95,78.2,250,80.75,1000,0,10750
HDFC30Jan202380CE.NFO,07/01/2020,09:59:55,79.95,78.25,250,80.75,1000,0,10750
HDFC30Jan202380CE.NFO,07/01/2020,09:59:56,79.95,76.2,2250,80.7,500,0,10750
HDFC30Jan202380CE.NFO,07/01/2020,09:59:57,79.95,76.2,2250,80.5,250,0,10750
HDFC30Jan202380CE.NFO,07/01/2020,09:59:59,79.95,76.2,2250,80.45,250,0,10750
HDFC30Jan202380CE.NFO,07/01/2020,10:00:01,79.95,76.2,2250,80.4,250,0,10750
HDFC30Jan202380CE.NFO,07/01/2020,10:00:04,79.95,76.2,2250,80.2,250,0,10750
HDFC30Jan202380CE.NFO,07/01/2020,10:00:05,79.95,76.2,2250,80.05,250,0,10750
HDFC30Jan202380CE.NFO,07/01/2020,10:00:06,79.95,76.2,2250,79.95,250,0,10750
HDFC30Jan202380CE.NFO,07/01/2020,10:00:10,79.95,76.2,2250,79.85,250,0,10750
HDFC30Jan202380CE.NFO,07/01/2020,10:00:11,79.95,76.2,2250,79.8,250,0,10750
HDFC30Jan202380CE.NFO,07/01/2020,10:00:12,79.95,76.2,2250,79.95,250,0,10750
HDFC30Jan202380CE.NFO,07/01/2020,10:00:16,79.95,76.2,2250,80.1,250,0,10750
HDFC30Jan202380CE.NFO,07/01/2020,10:00:18,79.95,76.2,2000,79.75,250,0,10750
HDFC30Jan202380CE.NFO,07/01/2020,10:00:19,79.95,76.4,500,80.3,1000,0,10750
HDFC30Jan202380CE.NFO,07/01/2020,10:00:20,79.95,76.5,500,80.3,1000,0,10750
HDFC30Jan202380CE.NFO,07/01/2020,10:00:21,79.95,76.6,500,80.2,500,0,10750
HDFC30Jan202380CE.NFO,07/01/2020,10:00:22,79.95,76.8,500,79.7,500,0,10750
HDFC30Jan202380CE.NFO,07/01/2020,10:00:23,79.95,76.8,500,79.6,250,0,10750
HDFC30Jan202380CE.NFO,07/01/2020,10:00:26,79.95,77.4,250,81.2,500,0,10750
HDFC30Jan202380CE.NFO,07/01/2020,10:00:27,79.95,77.4,250,81,500,0,10750
HDFC30Jan202380CE.NFO,07/01/2020,10:00:28,79.95,77.4,250,80.7,250,0,10750
HDFC30Jan202380CE.NFO,07/01/2020,10:00:29,79.95,77.4,250,80.4,500,0,10750
HDFC30Jan202380CE.NFO,07/01/2020,10:00:30,79.95,77.4,250,80.2,500,0,10750
HDFC30Jan202380CE.NFO,07/01/2020,10:00:31,79.95,77.4,250,80.1,500,0,10750
HDFC30Jan202380CE.NFO,07/01/2020,10:00:32,79.95,77.4,250,79.7,500,0,10750
HDFC30Jan202380CE.NFO,07/01/2020,10:00:33,79.95,77.4,250,79.45,250,0,10750
HDFC30Jan202380CE.NFO,07/01/2020,10:00:34,79.95,77.4,250,79.4,250,0,10750
HDFC30Jan202380CE.NFO,07/01/2020,10:00:36,79.95,77.4,250,79.5,500,0,10750
HDFC30Jan202380CE.NFO,07/01/2020,10:00:37,79.95,77.4,250,79.5,250,0,10750
HDFC30Jan202380CE.NFO,07/01/2020,10:00:38,79.95,77.4,250,79.65,500,0,10750
HDFC30Jan202380CE.NFO,07/01/2020,10:00:39,79.95,77.4,250,79.5,250,0,10750
HDFC30Jan202380CE.NFO,07/01/2020,10:00:40,79.95,77.4,250,79.5,500,0,10750
HDFC30Jan202380CE.NFO,07/01/2020,10:00:41,79.95,77.4,250,79.45,500,0,10750
HDFC30Jan202380CE.NFO,07/01/2020,10:00:42,79.95,76,500,80.25,250,0,10750
HDFC30Jan202380CE.NFO,07/01/2020,10:00:44,79.95,76.2,500,79.3,250,0,10750
HDFC30Jan202380CE.NFO,07/01/2020,10:00:45,79.95,76.3,500,80.05,500,0,10750
HDFC30Jan202380CE.NFO,07/01/2020,10:00:46,79.95,76.4,500,79.75,500,0,10750
HDFC30Jan202380CE.NFO,07/01/2020,10:00:47,79.95,76.6,250,79.45,250,0,10750
HDFC30Jan202380CE.NFO,07/01/2020,10:00:48,79.95,76.6,500,79.45,500,0,10750
HDFC30Jan202380CE.NFO,07/01/2020,10:00:49,79.95,76.7,500,79.35,250,0,10750
HDFC30Jan202380CE.NFO,07/01/2020,10:00:50,79.95,77,250,79.25,250,0,10750
HDFC30Jan202380CE.NFO,07/01/2020,10:00:51,79.95,77,250,79.3,250,0,10750
HDFC30Jan202380CE.NFO,07/01/2020,10:00:52,79.95,77,250,79.25,250,0,10750
HDFC30Jan202380CE.NFO,07/01/2020,10:00:54,79.95,77,250,79.3,250,0,10750
HDFC30Jan202380CE.NFO,07/01/2020,10:00:55,79.95,77,250,79.1,250,0,10750
HDFC30Jan202380CE.NFO,07/01/2020,10:00:56,79.95,77,250,79.05,250,0,10750
HDFC30Jan202380CE.NFO,07/01/2020,10:00:57,79.95,77.05,250,79.05,250,0,10750
HDFC30Jan202380CE.NFO,07/01/2020,10:00:58,79.95,75.3,500,80.95,500,0,10750
HDFC30Jan202380CE.NFO,07/01/2020,10:00:59,79.95,75.4,500,80.05,250,0,10750
HDFC30Jan202380CE.NFO,07/01/2020,10:01:00,79.95,75.6,500,79.35,250,0,10750
HDFC30Jan202380CE.NFO,07/01/2020,10:01:01,79.95,75.8,500,79.25,250,0,10750
HDFC30Jan202380CE.NFO,07/01/2020,10:01:03,79.95,76.2,500,78.95,250,0,10750
HDFC30Jan202380CE.NFO,07/01/2020,10:01:04,79.95,76.35,750,78.85,250,0,10750
HDFC30Jan202380CE.NFO,07/01/2020,10:01:05,79.95,76.45,250,79.35,250,0,10750
HDFC30Jan202380CE.NFO,07/01/2020,10:01:06,79.95,76.7,500,79.3,250,0,10750
HDFC30Jan202380CE.NFO,07/01/2020,10:01:08,79.95,76.8,250,79.1,250,0,10750
HDFC30Jan202380CE.NFO,07/01/2020,10:01:10,79.95,76.85,250,78.85,250,0,10750
HDFC30Jan202380CE.NFO,07/01/2020,10:01:11,79.95,76.65,250,78.85,250,0,10750
HDFC30Jan202380CE.NFO,07/01/2020,10:01:12,79.95,76.65,250,78.8,250,0,10750
HDFC30Jan202380CE.NFO,07/01/2020,10:01:13,79.95,76.75,250,80.2,500,0,10750
HDFC30Jan202380CE.NFO,07/01/2020,10:01:14,79.95,76.85,250,80.2,500,0,10750
HDFC30Jan202380CE.NFO,07/01/2020,10:01:15,79.95,76.95,250,79.8,500,0,10750
HDFC30Jan202380CE.NFO,07/01/2020,10:01:16,79.95,76.95,250,79.5,500,0,10750
HDFC30Jan202380CE.NFO,07/01/2020,10:01:17,79.95,76.95,250,79.4,500,0,10750
HDFC30Jan202380CE.NFO,07/01/2020,10:01:18,79.95,76.95,250,79.2,250,0,10750
HDFC30Jan202380CE.NFO,07/01/2020,10:01:19,79.95,76.95,250,79.25,500,0,10750
HDFC30Jan202380CE.NFO,07/01/2020,10:01:20,79.95,76.95,250,79.2,250,0,10750
HDFC30Jan202380CE.NFO,07/01/2020,10:01:21,79.95,77.05,250,79.2,250,0,10750
HDFC30Jan202380CE.NFO,07/01/2020,10:01:22,79.95,77.15,250,79.2,250,0,10750
HDFC30Jan202380CE.NFO,07/01/2020,10:01:23,79.95,77.3,250,79.2,250,0,10750
HDFC30Jan202380CE.NFO,07/01/2020,10:01:24,79.95,75.15,2250,79.2,250,0,10750
HDFC30Jan202380CE.NFO,07/01/2020,10:01:25,79.95,75.15,2250,79,250,0,10750
HDFC30Jan202380CE.NFO,07/01/2020,10:01:26,79.95,75.15,2250,78.95,250,0,10750
HDFC30Jan202380CE.NFO,07/01/2020,10:01:27,79.95,75.15,2250,78.9,250,0,10750
HDFC30Jan202380CE.NFO,07/01/2020,10:01:28,79.95,75.15,2250,79.25,1000,0,10750
HDFC30Jan202380CE.NFO,07/01/2020,10:01:29,79.95,75.15,2250,79.25,500,0,10750
HDFC30Jan202380CE.NFO,07/01/2020,10:01:30,79.95,75.15,2250,79.25,250,0,10750
HDFC30Jan202380CE.NFO,07/01/2020,10:01:31,79.95,75.15,2250,79.1,250,0,10750
HDFC30Jan202380CE.NFO,07/01/2020,10:01:32,79.95,75.15,2250,79,250,0,10750
HDFC30Jan202380CE.NFO,07/01/2020,10:01:33,79.95,75.15,2250,79.85,500,0,10750
HDFC30Jan202380CE.NFO,07/01/2020,10:01:34,79.95,75.15,2250,79.75,500,0,10750
HDFC30Jan202380CE.NFO,07/01/2020,10:01:35,79.95,75.15,2250,79.45,500,0,10750
HDFC30Jan202380CE.NFO,07/01/2020,10:01:36,79.95,75.15,2000,79.25,500,0,10750
HDFC30Jan202380CE.NFO,07/01/2020,10:01:37,79.95,75.25,500,79.05,250,0,10750
HDFC30Jan202380CE.NFO,07/01/2020,10:01:38,79.95,75.35,500,80.05,500,0,10750
HDFC30Jan202380CE.NFO,07/01/2020,10:01:39,79.95,75.55,500,79.55,500,0,10750
HDFC30Jan202380CE.NFO,07/01/2020,10:01:42,79.95,75.85,500,79.25,250,0,10750
HDFC30Jan202380CE.NFO,07/01/2020,10:01:43,79.95,75.95,500,79.25,250,0,10750
HDFC30Jan202380CE.NFO,07/01/2020,10:01:44,79.95,76.05,500,79.25,250,0,10750
HDFC30Jan202380CE.NFO,07/01/2020,10:01:45,79.95,76.15,500,79.25,250,0,10750
HDFC30Jan202380CE.NFO,07/01/2020,10:01:46,79.95,76.3,250,79.2,250,0,10750
HDFC30Jan202380CE.NFO,07/01/2020,10:01:47,79.95,76.35,500,78.9,250,0,10750
HDFC30Jan202380CE.NFO,07/01/2020,10:01:48,79.95,76.35,250,78.7,250,0,10750
HDFC30Jan202380CE.NFO,07/01/2020,10:01:49,79.95,76.35,250,78.9,250,0,10750
HDFC30Jan202380CE.NFO,07/01/2020,10:01:50,79.95,76.35,250,78.7,250,0,10750
HDFC30Jan202380CE.NFO,07/01/2020,10:01:51,79.95,76.35,250,78.6,250,0,10750
HDFC30Jan202380CE.NFO,07/01/2020,10:01:53,79.95,76.35,250,78.5,250,0,10750
HDFC30Jan202380CE.NFO,07/01/2020,10:02:00,79.95,76.45,250,79,250,0,10750
HDFC30Jan202380CE.NFO,07/01/2020,10:02:01,79.95,76.55,250,78.55,250,0,10750
HDFC30Jan202380CE.NFO,07/01/2020,10:02:02,79.95,76.5,250,78.5,250,0,10750
HDFC30Jan202380CE.NFO,07/01/2020,10:02:03,79.95,75.15,2000,78.35,250,0,10750
HDFC30Jan202380CE.NFO,07/01/2020,10:02:04,79.95,75.35,500,80.25,500,0,10750
HDFC30Jan202380CE.NFO,07/01/2020,10:02:06,79.95,75.65,500,79.65,500,0,10750
HDFC30Jan202380CE.NFO,07/01/2020,10:02:07,79.95,75.85,250,79.25,500,0,10750
HDFC30Jan202380CE.NFO,07/01/2020,10:02:08,79.95,75.95,250,78.85,500,0,10750
HDFC30Jan202380CE.NFO,07/01/2020,10:02:09,79.95,76.05,250,78.55,500,0,10750
HDFC30Jan202380CE.NFO,07/01/2020,10:02:10,79.95,76.3,250,80.65,250,0,10750
HDFC30Jan202380CE.NFO,07/01/2020,10:02:11,79.95,76.55,250,78.9,250,0,10750
HDFC30Jan202380CE.NFO,07/01/2020,10:02:12,79.95,76.55,250,79.1,500,0,10750
HDFC30Jan202380CE.NFO,07/01/2020,10:02:14,79.95,76.65,250,79.5,250,0,10750
HDFC30Jan202380CE.NFO,07/01/2020,10:02:19,79.95,75.15,2500,78.95,250,0,10750
HDFC30Jan202380CE.NFO,07/01/2020,10:02:30,79.95,75.15,2500,79.95,500,0,10750
HDFC30Jan202380CE.NFO,07/01/2020,10:02:36,79.95,75.15,2500,80,250,0,10750
HDFC30Jan202380CE.NFO,07/01/2020,10:02:42,79.95,75.8,750,79.8,250,0,10750
HDFC30Jan202380CE.NFO,07/01/2020,10:02:47,79.8,77.4,500,79.85,250,250,11250
HDFC30Jan202380CE.NFO,07/01/2020,10:02:52,79.8,78.2,250,80.8,250,0,11250
HDFC30Jan202380CE.NFO,07/01/2020,10:02:58,79.8,77.6,500,80.45,250,0,11250
HDFC30Jan202380CE.NFO,07/01/2020,10:03:03,79.8,78.55,250,80.7,250,0,11250
HDFC30Jan202380CE.NFO,07/01/2020,10:03:07,79.8,78.15,250,80.4,500,0,11250
HDFC30Jan202380CE.NFO,07/01/2020,10:03:11,79.8,76.1,500,79.65,750,0,11250
HDFC30Jan202380CE.NFO,07/01/2020,10:03:13,79.8,76.6,500,79.55,250,0,11250
HDFC30Jan202380CE.NFO,07/01/2020,10:03:14,79.8,77.2,250,79.45,250,0,11250
HDFC30Jan202380CE.NFO,07/01/2020,10:03:15,79.8,77.3,250,79.45,250,0,11250
HDFC30Jan202380CE.NFO,07/01/2020,10:03:16,79.8,77.55,250,79.55,500,0,11250
HDFC30Jan202380CE.NFO,07/01/2020,10:03:17,79.8,77.25,250,79.4,250,0,11250
HDFC30Jan202380CE.NFO,07/01/2020,10:03:18,79.8,77.3,500,81.2,2250,0,11250
HDFC30Jan202380CE.NFO,07/01/2020,10:03:20,79.8,77.35,250,81.2,2250,0,11250
HDFC30Jan202380CE.NFO,07/01/2020,10:03:21,79.8,77.2,250,81,500,0,11250
HDFC30Jan202380CE.NFO,07/01/2020,10:03:22,79.8,76.8,250,80.8,500,0,11250
HDFC30Jan202380CE.NFO,07/01/2020,10:03:24,79.8,77.1,500,80.4,500,0,11250
HDFC30Jan202380CE.NFO,07/01/2020,10:03:25,79.8,77.25,250,80.2,500,0,11250
HDFC30Jan202380CE.NFO,07/01/2020,10:03:26,79.8,77.15,250,79.9,250,0,11250
HDFC30Jan202380CE.NFO,07/01/2020,10:03:27,79.8,75.45,500,79.05,250,0,11250
HDFC30Jan202380CE.NFO,07/01/2020,10:03:28,79.8,75.75,750,78.9,500,0,11250
HDFC30Jan202380CE.NFO,07/01/2020,10:03:29,79.8,75.95,500,78.9,250,0,11250
HDFC30Jan202380CE.NFO,07/01/2020,10:03:30,79.8,76.1,250,78.8,500,0,11250
HDFC30Jan202380CE.NFO,07/01/2020,10:03:31,79.8,76.25,500,78.7,500,0,11250
HDFC30Jan202380CE.NFO,07/01/2020,10:03:32,79.8,76.45,750,78.7,500,0,11250
HDFC30Jan202380CE.NFO,07/01/2020,10:03:33,79.8,76.75,250,78.7,500,0,11250
HDFC30Jan202380CE.NFO,07/01/2020,10:03:34,79.8,76.7,250,78.7,500,0,11250
HDFC30Jan202380CE.NFO,07/01/2020,10:03:35,79.8,77,250,79.95,250,0,11250
HDFC30Jan202380CE.NFO,07/01/2020,10:03:36,79.8,77.15,250,79.2,250,0,11250
HDFC30Jan202380CE.NFO,07/01/2020,10:03:37,79.8,77.25,500,79,250,0,11250
HDFC30Jan202380CE.NFO,07/01/2020,10:03:38,79.8,77.25,500,78.9,250,0,11250
HDFC30Jan202380CE.NFO,07/01/2020,10:03:43,79.8,77.25,500,78.85,250,0,11250
HDFC30Jan202380CE.NFO,07/01/2020,10:03:45,79.8,77.25,500,78.8,250,0,11250
HDFC30Jan202380CE.NFO,07/01/2020,10:03:46,79.8,77.25,750,79.95,500,0,11250
HDFC30Jan202380CE.NFO,07/01/2020,10:03:47,79.8,77.3,250,79.75,500,0,11250
HDFC30Jan202380CE.NFO,07/01/2020,10:03:48,79.8,77.3,250,79.55,500,0,11250
HDFC30Jan202380CE.NFO,07/01/2020,10:03:49,79.8,75.1,2250,79.45,500,0,11250
HDFC30Jan202380CE.NFO,07/01/2020,10:03:50,79.8,75.1,2250,79.35,500,0,11250
HDFC30Jan202380CE.NFO,07/01/2020,10:03:51,79.8,75.4,500,79.05,500,0,11250
HDFC30Jan202380CE.NFO,07/01/2020,10:03:52,79.8,75.5,500,79.05,250,0,11250
HDFC30Jan202380CE.NFO,07/01/2020,10:03:53,79.8,75.6,500,79,250,0,11250
HDFC30Jan202380CE.NFO,07/01/2020,10:03:54,79.8,75.7,500,79,250,0,11250
HDFC30Jan202380CE.NFO,07/01/2020,10:03:55,79.8,76.1,500,79.95,250,0,11250
HDFC30Jan202380CE.NFO,07/01/2020,10:03:56,79.8,76.6,500,81.45,750,0,11250
HDFC30Jan202380CE.NFO,07/01/2020,10:03:57,79.8,76.75,1750,81.25,250,0,11250
HDFC30Jan202380CE.NFO,07/01/2020,10:03:58,79.8,77.05,250,80.15,250,0,11250
HDFC30Jan202380CE.NFO,07/01/2020,10:03:59,79.8,77.5,250,79.85,250,0,11250
HDFC30Jan202380CE.NFO,07/01/2020,10:04:00,79.8,77.75,250,79.8,250,0,11250
HDFC30Jan202380CE.NFO,07/01/2020,10:04:01,79.8,77.8,250,79.8,500,0,11250
HDFC30Jan202380CE.NFO,07/01/2020,10:04:02,79.8,77.75,250,79.7,250,0,11250
HDFC30Jan202380CE.NFO,07/01/2020,10:04:03,79.8,77.8,250,80.85,500,0,11250
HDFC30Jan202380CE.NFO,07/01/2020,10:04:04,79.8,77.8,250,80.35,500,0,11250
HDFC30Jan202380CE.NFO,07/01/2020,10:04:05,79.8,78,250,80.05,250,0,11250
HDFC30Jan202380CE.NFO,07/01/2020,10:04:06,79.8,76.35,500,79.85,250,0,11250
HDFC30Jan202380CE.NFO,07/01/2020,10:04:07,79.8,76.55,500,81.75,500,0,11250
HDFC30Jan202380CE.NFO,07/01/2020,10:04:08,79.8,76.85,500,81.65,500,0,11250
HDFC30Jan202380CE.NFO,07/01/2020,10:04:09,79.8,77.35,250,81.25,500,0,11250
HDFC30Jan202380CE.NFO,07/01/2020,10:04:12,79.8,77.65,250,80.85,500,0,11250
HDFC30Jan202380CE.NFO,07/01/2020,10:04:13,79.8,77.65,500,80.75,500,0,11250
HDFC30Jan202380CE.NFO,07/01/2020,10:04:14,79.8,77.85,250,80.35,500,0,11250
HDFC30Jan202380CE.NFO,07/01/2020,10:04:15,79.8,77.95,250,80.15,500,0,11250
HDFC30Jan202380CE.NFO,07/01/2020,10:04:16,79.8,77.95,250,80,500,0,11250
HDFC30Jan202380CE.NFO,07/01/2020,10:04:17,79.8,77.9,250,80,250,0,11250
HDFC30Jan202380CE.NFO,07/01/2020,10:04:18,79.8,76.65,2250,79.95,250,0,11250
HDFC30Jan202380CE.NFO,07/01/2020,10:04:19,79.8,77.05,500,79.8,250,0,11250
HDFC30Jan202380CE.NFO,07/01/2020,10:04:20,79.8,77.35,500,79.75,250,0,11250
HDFC30Jan202380CE.NFO,07/01/2020,10:04:21,79.8,77.8,250,80.35,500,0,11250
HDFC30Jan202380CE.NFO,07/01/2020,10:04:22,79.8,77.8,250,80,250,0,11250
HDFC30Jan202380CE.NFO,07/01/2020,10:04:23,79.8,77.9,250,79.95,250,0,11250
HDFC30Jan202380CE.NFO,07/01/2020,10:04:24,79.8,78.1,250,80.05,250,0,11250
HDFC30Jan202380CE.NFO,07/01/2020,10:04:25,79.8,78.05,250,80.05,250,0,11250
HDFC30Jan202380CE.NFO,07/01/2020,10:04:26,79.8,77.65,250,80.05,250,0,11250
HDFC30Jan202380CE.NFO,07/01/2020,10:04:27,79.8,77.75,250,80.05,250,0,11250
HDFC30Jan202380CE.NFO,07/01/2020,10:04:29,79.8,78,250,79.95,250,0,11250
HDFC30Jan202380CE.NFO,07/01/2020,10:04:30,79.8,78.1,250,79.95,250,0,11250
HDFC30Jan202380CE.NFO,07/01/2020,10:04:33,79.8,78.2,250,79.95,250,0,11250
HDFC30Jan202380CE.NFO,07/01/2020,10:04:34,79.8,78.15,250,79.95,250,0,11250
HDFC30Jan202380CE.NFO,07/01/2020,10:04:36,79.8,77.15,1250,79.95,250,0,11250
HDFC30Jan202380CE.NFO,07/01/2020,10:04:37,79.8,77.15,2000,79.95,250,0,11250
HDFC30Jan202380CE.NFO,07/01/2020,10:04:38,79.8,77.15,1000,81.95,500,0,11250
HDFC30Jan202380CE.NFO,07/01/2020,10:04:39,79.8,77.15,1000,81.85,500,0,11250
HDFC30Jan202380CE.NFO,07/01/2020,10:04:40,79.8,77.25,750,81.65,500,0,11250
HDFC30Jan202380CE.NFO,07/01/2020,10:04:41,79.8,77.65,250,81.45,500,0,11250
HDFC30Jan202380CE.NFO,07/01/2020,10:04:42,79.8,78.15,250,80.95,250,0,11250
HDFC30Jan202380CE.NFO,07/01/2020,10:04:43,79.8,78.2,250,80.85,500,0,11250
HDFC30Jan202380CE.NFO,07/01/2020,10:04:44,79.8,78.15,250,80.45,500,0,11250
HDFC30Jan202380CE.NFO,07/01/2020,10:04:45,79.8,78.1,250,80.35,500,0,11250
HDFC30Jan202380CE.NFO,07/01/2020,10:04:46,79.8,77.45,250,80.05,250,0,11250
HDFC30Jan202380CE.NFO,07/01/2020,10:04:47,79.8,77.55,250,79.85,500,0,11250
HDFC30Jan202380CE.NFO,07/01/2020,10:04:48,79.8,77.65,250,79.85,500,0,11250
HDFC30Jan202380CE.NFO,07/01/2020,10:04:50,79.8,77.95,250,80.5,250,0,11250
HDFC30Jan202380CE.NFO,07/01/2020,10:04:51,79.8,78.1,250,80.15,500,0,11250
HDFC30Jan202380CE.NFO,07/01/2020,10:04:52,79.8,78.1,250,80.1,250,0,11250
HDFC30Jan202380CE.NFO,07/01/2020,10:04:53,79.8,78.1,250,80.05,500,0,11250
HDFC30Jan202380CE.NFO,07/01/2020,10:04:54,79.8,78.15,250,80.05,500,0,11250
HDFC30Jan202380CE.NFO,07/01/2020,10:04:55,79.8,78.1,250,80.05,500,0,11250
HDFC30Jan202380CE.NFO,07/01/2020,10:04:56,79.8,76.5,750,80.05,500,0,11250
HDFC30Jan202380CE.NFO,07/01/2020,10:04:57,79.8,77,500,80.05,500,0,11250
HDFC30Jan202380CE.NFO,07/01/2020,10:04:58,79.8,77.5,500,80.05,500,0,11250
HDFC30Jan202380CE.NFO,07/01/2020,10:04:59,79.8,77.6,750,80.05,500,0,11250
HDFC30Jan202380CE.NFO,07/01/2020,10:05:00,79.8,77.8,250,81.2,500,0,11250
HDFC30Jan202380CE.NFO,07/01/2020,10:05:01,79.8,78.2,250,81,500,0,11250
HDFC30Jan202380CE.NFO,07/01/2020,10:05:04,79.8,78.35,250,80.5,250,0,11250
HDFC30Jan202380CE.NFO,07/01/2020,10:05:05,79.8,77.8,250,80.25,250,0,11250
HDFC30Jan202380CE.NFO,07/01/2020,10:05:06,79.8,77.9,250,80.25,250,0,11250
HDFC30Jan202380CE.NFO,07/01/2020,10:05:07,79.8,77.9,250,80.2,500,0,11250
HDFC30Jan202380CE.NFO,07/01/2020,10:05:09,79.8,78.05,500,80.9,500,0,11250
HDFC30Jan202380CE.NFO,07/01/2020,10:05:10,79.8,78.05,250,80.8,500,0,11250
HDFC30Jan202380CE.NFO,07/01/2020,10:05:11,79.8,78.15,250,80.35,250,0,11250
HDFC30Jan202380CE.NFO,07/01/2020,10:05:12,79.8,78.15,250,80.3,500,0,11250
HDFC30Jan202380CE.NFO,07/01/2020,10:05:13,79.8,78.2,250,80.35,500,0,11250
HDFC30Jan202380CE.NFO,07/01/2020,10:05:14,79.8,76.4,500,80.3,500,0,11250
HDFC30Jan202380CE.NFO,07/01/2020,10:05:15,79.8,76.9,500,80.15,250,0,11250
HDFC30Jan202380CE.NFO,07/01/2020,10:05:16,79.8,77.3,500,80.15,250,0,11250
HDFC30Jan202380CE.NFO,07/01/2020,10:05:17,79.8,77.7,250,79.95,500,0,11250
HDFC30Jan202380CE.NFO,07/01/2020,10:05:18,79.8,77.75,250,81.85,500,0,11250
HDFC30Jan202380CE.NFO,07/01/2020,10:05:19,79.8,77.75,250,80.1,500,0,11250
HDFC30Jan202380CE.NFO,07/01/2020,10:05:20,79.8,77.7,250,79.85,500,0,11250
HDFC30Jan202380CE.NFO,07/01/2020,10:05:21,79.8,77.7,250,79.85,250,0,11250
HDFC30Jan202380CE.NFO,07/01/2020,10:05:25,79.8,77.85,250,81.55,500,0,11250
HDFC30Jan202380CE.NFO,07/01/2020,10:05:26,79.8,77.85,250,81.25,500,0,11250
HDFC30Jan202380CE.NFO,07/01/2020,10:05:27,79.8,77.9,250,81.05,500,0,11250
HDFC30Jan202380CE.NFO,07/01/2020,10:05:28,79.8,77.9,250,80.95,500,0,11250
HDFC30Jan202380CE.NFO,07/01/2020,10:05:29,79.8,77.9,250,80.85,500,0,11250
HDFC30Jan202380CE.NFO,07/01/2020,10:05:30,79.8,77.95,250,80.45,250,0,11250
HDFC30Jan202380CE.NFO,07/01/2020,10:05:31,79.8,77.6,250,79.65,250,0,11250
HDFC30Jan202380CE.NFO,07/01/2020,10:05:32,79.8,75.95,1750,79.65,250,0,11250
HDFC30Jan202380CE.NFO,07/01/2020,10:05:33,79.8,76.15,1250,79.4,500,0,11250
HDFC30Jan202380CE.NFO,07/01/2020,10:05:34,79.8,76.4,500,79.4,500,0,11250
HDFC30Jan202380CE.NFO,07/01/2020,10:05:35,79.8,76.7,500,79.4,500,0,11250
HDFC30Jan202380CE.NFO,07/01/2020,10:05:36,79.8,76.8,500,81.35,500,0,11250
HDFC30Jan202380CE.NFO,07/01/2020,10:05:37,79.8,77,500,81.25,500,0,11250
HDFC30Jan202380CE.NFO,07/01/2020,10:05:39,79.8,77.5,500,80.85,500,0,11250
HDFC30Jan202380CE.NFO,07/01/2020,10:05:40,79.8,77.6,500,80.65,500,0,11250
HDFC30Jan202380CE.NFO,07/01/2020,10:05:42,79.8,78,500,82.45,250,0,11250
HDFC30Jan202380CE.NFO,07/01/2020,10:05:43,79.8,78.2,250,80.7,250,0,11250
HDFC30Jan202380CE.NFO,07/01/2020,10:05:45,79.8,78.4,250,80.55,500,0,11250
HDFC30Jan202380CE.NFO,07/01/2020,10:05:46,79.8,78.5,250,80.5,250,0,11250
HDFC30Jan202380CE.NFO,07/01/2020,10:05:47,79.8,78.5,250,81.65,500,0,11250
HDFC30Jan202380CE.NFO,07/01/2020,10:05:48,79.8,78.7,250,81.35,500,0,11250
HDFC30Jan202380CE.NFO,07/01/2020,10:05:49,79.8,78.9,250,81.05,500,0,11250
HDFC30Jan202380CE.NFO,07/01/2020,10:05:50,79.8,78.9,250,80.95,250,0,11250
HDFC30Jan202380CE.NFO,07/01/2020,10:05:51,79.8,79.05,250,80.85,250,0,11250
HDFC30Jan202380CE.NFO,07/01/2020,10:05:52,79.8,79.05,250,80.7,500,0,11250
HDFC30Jan202380CE.NFO,07/01/2020,10:05:53,79.8,79.05,250,80.65,250,0,11250
HDFC30Jan202380CE.NFO,07/01/2020,10:05:54,79.8,79.05,250,80.5,250,0,11250
HDFC30Jan202380CE.NFO,07/01/2020,10:05:56,79.8,77,500,80.25,250,0,11250
HDFC30Jan202380CE.NFO,07/01/2020,10:05:57,79.8,77.3,500,81.75,2000,0,11250
HDFC30Jan202380CE.NFO,07/01/2020,10:05:58,79.8,77.4,1750,81.3,250,0,11250
HDFC30Jan202380CE.NFO,07/01/2020,10:05:59,79.8,77.6,500,80.7,250,0,11250
HDFC30Jan202380CE.NFO,07/01/2020,10:06:00,79.8,77.8,500,80.6,250,0,11250
HDFC30Jan202380CE.NFO,07/01/2020,10:06:01,79.8,78,250,80.5,250,0,11250
HDFC30Jan202380CE.NFO,07/01/2020,10:06:03,79.8,78.2,250,80.25,500,0,11250
HDFC30Jan202380CE.NFO,07/01/2020,10:06:04,79.8,78.35,250,80.25,250,0,11250
HDFC30Jan202380CE.NFO,07/01/2020,10:06:05,79.8,78.35,250,80.15,250,0,11250
HDFC30Jan202380CE.NFO,07/01/2020,10:06:06,79.8,78.35,250,80.2,500,0,11250
HDFC30Jan202380CE.NFO,07/01/2020,10:06:07,79.8,78.35,250,80.1,500,0,11250
HDFC30Jan202380CE.NFO,07/01/2020,10:06:08,79.8,78.4,250,81.5,1750,0,11250
HDFC30Jan202380CE.NFO,07/01/2020,10:06:09,79.8,78.35,250,81.5,2000,0,11250
HDFC30Jan202380CE.NFO,07/01/2020,10:06:10,79.8,78.5,250,81.3,500,0,11250
HDFC30Jan202380CE.NFO,07/01/2020,10:06:11,79.8,78.4,250,81.1,500,0,11250
HDFC30Jan202380CE.NFO,07/01/2020,10:06:12,79.8,78.45,250,81,500,0,11250
HDFC30Jan202380CE.NFO,07/01/2020,10:06:13,79.8,78.15,250,80.8,500,0,11250
HDFC30Jan202380CE.NFO,07/01/2020,10:06:14,79.8,76.55,500,80.4,500,0,11250
HDFC30Jan202380CE.NFO,07/01/2020,10:06:15,79.8,76.75,500,80.3,500,0,11250
HDFC30Jan202380CE.NFO,07/01/2020,10:06:16,79.8,77.05,500,80.1,500,0,11250
HDFC30Jan202380CE.NFO,07/01/2020,10:06:17,79.8,77.35,250,80,500,0,11250
HDFC30Jan202380CE.NFO,07/01/2020,10:06:18,79.8,77.3,250,80,500,0,11250
HDFC30Jan202380CE.NFO,07/01/2020,10:06:19,79.8,77.1,250,79.8,500,0,11250
HDFC30Jan202380CE.NFO,07/01/2020,10:06:20,79.8,77.1,250,79.6,500,0,11250
HDFC30Jan202380CE.NFO,07/01/2020,10:06:21,79.8,77.45,250,82.35,2500,0,11250
HDFC30Jan202380CE.NFO,07/01/2020,10:06:22,79.8,77.65,250,82.35,2500,0,11250
HDFC30Jan202380CE.NFO,07/01/2020,10:06:23,79.8,77.6,250,80.75,250,0,11250
HDFC30Jan202380CE.NFO,07/01/2020,10:06:24,79.8,75.75,500,79.6,250,0,11250
HDFC30Jan202380CE.NFO,07/01/2020,10:06:25,79.8,75.85,750,79.55,500,0,11250
HDFC30Jan202380CE.NFO,07/01/2020,10:06:26,79.8,76.15,500,81.05,1250,0,11250
HDFC30Jan202380CE.NFO,07/01/2020,10:06:27,79.8,76.55,500,80.75,500,0,11250
HDFC30Jan202380CE.NFO,07/01/2020,10:06:29,79.8,76.75,500,80.65,500,0,11250
HDFC30Jan202380CE.NFO,07/01/2020,10:06:30,79.8,77.35,250,80.25,500,0,11250
HDFC30Jan202380CE.NFO,07/01/2020,10:06:32,79.8,77.55,500,79.95,500,0,11250
HDFC30Jan202380CE.NFO,07/01/2020,10:06:33,79.8,77.7,250,79.75,250,0,11250
HDFC30Jan202380CE.NFO,07/01/2020,10:06:34,79.8,77.7,250,79.7,500,0,11250
HDFC30Jan202380CE.NFO,07/01/2020,10:06:35,79.8,77.7,250,80.2,250,0,11250
HDFC30Jan202380CE.NFO,07/01/2020,10:06:36,79.8,77.7,250,79.85,250,0,11250
HDFC30Jan202380CE.NFO,07/01/2020,10:06:37,79.8,77.7,250,79.65,250,0,11250
HDFC30Jan202380CE.NFO,07/01/2020,10:06:38,79.8,77.7,250,79.4,250,0,11250
HDFC30Jan202380CE.NFO,07/01/2020,10:06:40,79.8,77.7,250,80.6,500,0,11250
HDFC30Jan202380CE.NFO,07/01/2020,10:06:41,79.8,77.55,250,80.3,500,0,11250
HDFC30Jan202380CE.NFO,07/01/2020,10:06:42,79.8,77.7,250,80,500,0,11250
HDFC30Jan202380CE.NFO,07/01/2020,10:06:43,79.8,77.7,250,79.8,500,0,11250
HDFC30Jan202380CE.NFO,07/01/2020,10:06:44,79.8,75.8,500,79.6,250,0,11250
HDFC30Jan202380CE.NFO,07/01/2020,10:06:45,79.8,76.1,500,79.5,250,0,11250
HDFC30Jan202380CE.NFO,07/01/2020,10:06:46,79.8,76.2,500,79.4,500,0,11250
HDFC30Jan202380CE.NFO,07/01/2020,10:06:47,79.8,76.3,500,79.3,250,0,11250
HDFC30Jan202380CE.NFO,07/01/2020,10:06:48,79.8,76.9,250,79.2,250,0,11250
HDFC30Jan202380CE.NFO,07/01/2020,10:06:49,79.8,77.2,250,80.3,500,0,11250
HDFC30Jan202380CE.NFO,07/01/2020,10:06:50,79.8,77.2,250,80.2,500,0,11250
HDFC30Jan202380CE.NFO,07/01/2020,10:06:51,79.8,77.25,250,79.8,500,0,11250
HDFC30Jan202380CE.NFO,07/01/2020,10:06:52,79.8,77.3,250,79.7,250,0,11250
HDFC30Jan202380CE.NFO,07/01/2020,10:06:53,79.8,76.55,500,79.55,250,0,11250
HDFC30Jan202380CE.NFO,07/01/2020,10:06:54,79.8,76.7,250,79.4,250,0,11250
HDFC30Jan202380CE.NFO,07/01/2020,10:06:56,79.8,77,250,79.05,250,0,11250
HDFC30Jan202380CE.NFO,07/01/2020,10:06:57,79.8,77.2,250,79.15,500,0,11250
HDFC30Jan202380CE.NFO,07/01/2020,10:06:58,79.8,77.35,250,79.15,500,0,11250
HDFC30Jan202380CE.NFO,07/01/2020,10:07:02,79.8,75.15,2250,79,250,0,11250
HDFC30Jan202380CE.NFO,07/01/2020,10:07:03,79.8,75.45,2250,78.95,250,0,11250
HDFC30Jan202380CE.NFO,07/01/2020,10:07:04,79.8,75.45,1750,78.8,250,0,11250
HDFC30Jan202380CE.NFO,07/01/2020,10:07:05,79.8,75.55,500,78.6,250,0,11250
HDFC30Jan202380CE.NFO,07/01/2020,10:07:06,79.8,75.85,250,78.7,250,0,11250
HDFC30Jan202380CE.NFO,07/01/2020,10:07:07,79.8,75.95,250,78.55,500,0,11250
HDFC30Jan202380CE.NFO,07/01/2020,10:07:08,79.8,76.25,250,78.5,250,0,11250
HDFC30Jan202380CE.NFO,07/01/2020,10:07:09,79.8,76.35,250,78.45,500,0,11250
HDFC30Jan202380CE.NFO,07/01/2020,10:07:10,79.8,76.05,250,78.45,500,0,11250
HDFC30Jan202380CE.NFO,07/01/2020,10:07:11,79.8,76.15,250,78.45,500,0,11250
HDFC30Jan202380CE.NFO,07/01/2020,10:07:12,79.8,76.15,250,78.35,250,0,11250
HDFC30Jan202380CE.NFO,07/01/2020,10:07:14,79.8,75.05,250,78.3,500,0,11250
HDFC30Jan202380CE.NFO,07/01/2020,10:07:15,79.8,75.2,500,78.25,250,0,11250
HDFC30Jan202380CE.NFO,07/01/2020,10:07:16,79.8,75.5,250,78.5,250,0,11250
HDFC30Jan202380CE.NFO,07/01/2020,10:07:17,79.8,75.7,250,78.05,500,0,11250
HDFC30Jan202380CE.NFO,07/01/2020,10:07:18,79.8,75.9,250,78.4,250,0,11250
HDFC30Jan202380CE.NFO,07/01/2020,10:07:19,79.8,76.05,250,78.2,500,0,11250
HDFC30Jan202380CE.NFO,07/01/2020,10:07:20,79.8,76.2,250,78.2,500,0,11250
HDFC30Jan202380CE.NFO,07/01/2020,10:07:21,79.8,76.5,250,78.2,500,0,11250
HDFC30Jan202380CE.NFO,07/01/2020,10:07:22,79.8,76.75,250,80.75,500,0,11250
HDFC30Jan202380CE.NFO,07/01/2020,10:07:23,79.8,76.85,250,78.9,250,0,11250
HDFC30Jan202380CE.NFO,07/01/2020,10:07:24,79.8,76.85,250,78.85,250,0,11250
HDFC30Jan202380CE.NFO,07/01/2020,10:07:25,79.8,76.85,250,78.9,250,0,11250
HDFC30Jan202380CE.NFO,07/01/2020,10:07:26,79.8,76.85,250,78.85,500,0,11250
HDFC30Jan202380CE.NFO,07/01/2020,10:07:28,79.8,77,250,78.85,500,0,11250
HDFC30Jan202380CE.NFO,07/01/2020,10:07:29,79.8,77.15,250,78.85,500,0,11250
HDFC30Jan202380CE.NFO,07/01/2020,10:07:30,79.8,77.15,250,80.65,750,0,11250
HDFC30Jan202380CE.NFO,07/01/2020,10:07:31,79.8,77.05,250,80.45,500,0,11250
HDFC30Jan202380CE.NFO,07/01/2020,10:07:32,79.8,75.15,2000,78.9,250,0,11250
HDFC30Jan202380CE.NFO,07/01/2020,10:07:33,79.8,75.25,500,79.1,250,0,11250
HDFC30Jan202380CE.NFO,07/01/2020,10:07:34,79.8,75.55,500,80.25,750,0,11250
HDFC30Jan202380CE.NFO,07/01/2020,10:07:35,79.8,75.75,500,79.3,250,0,11250
HDFC30Jan202380CE.NFO,07/01/2020,10:07:36,79.8,75.95,500,79.2,250,0,11250
HDFC30Jan202380CE.NFO,07/01/2020,10:07:37,79.8,76.15,750,79.1,250,0,11250
HDFC30Jan202380CE.NFO,07/01/2020,10:07:38,79.8,76.35,500,79.05,250,0,11250
HDFC30Jan202380CE.NFO,07/01/2020,10:07:39,79.8,76.8,250,79.05,500,0,11250
HDFC30Jan202380CE.NFO,07/01/2020,10:07:40,79.8,77.05,250,79.05,500,0,11250
HDFC30Jan202380CE.NFO,07/01/2020,10:07:41,79.8,77.3,250,80.25,1000,0,11250
HDFC30Jan202380CE.NFO,07/01/2020,10:07:42,79.8,77.65,250,80.25,250,0,11250
HDFC30Jan202380CE.NFO,07/01/2020,10:07:43,79.8,77.85,250,80.95,250,0,11250
HDFC30Jan202380CE.NFO,07/01/2020,10:07:44,79.8,77.95,500,80.2,250,0,11250
HDFC30Jan202380CE.NFO,07/01/2020,10:07:45,79.8,77.95,500,80.15,500,0,11250
HDFC30Jan202380CE.NFO,07/01/2020,10:07:46,79.8,77.95,500,80.05,500,0,11250
HDFC30Jan202380CE.NFO,07/01/2020,10:07:47,79.8,77.95,500,80.05,250,0,11250
HDFC30Jan202380CE.NFO,07/01/2020,10:07:48,79.8,78.25,250,82.2,500,0,11250
HDFC30Jan202380CE.NFO,07/01/2020,10:07:49,79.8,78.45,250,82.1,500,0,11250
HDFC30Jan202380CE.NFO,07/01/2020,10:07:50,79.8,78.5,250,81.8,500,0,11250
HDFC30Jan202380CE.NFO,07/01/2020,10:07:51,79.8,78.4,500,81.5,500,0,11250
HDFC30Jan202380CE.NFO,07/01/2020,10:07:52,79.8,78.55,250,80.9,250,0,11250
HDFC30Jan202380CE.NFO,07/01/2020,10:07:53,79.8,78.45,250,80.75,250,0,11250
HDFC30Jan202380CE.NFO,07/01/2020,10:07:54,79.8,76.55,500,80.55,250,0,11250
HDFC30Jan202380CE.NFO,07/01/2020,10:07:56,79.8,77.15,500,80.35,250,0,11250
HDFC30Jan202380CE.NFO,07/01/2020,10:07:57,79.8,77.65,250,80.3,500,0,11250
HDFC30Jan202380CE.NFO,07/01/2020,10:07:58,79.8,77.95,250,80.3,250,0,11250
HDFC30Jan202380CE.NFO,07/01/2020,10:08:00,79.8,78.1,250,80.05,250,0,11250
HDFC30Jan202380CE.NFO,07/01/2020,10:08:02,79.8,78.15,250,80.05,250,0,11250
HDFC30Jan202380CE.NFO,07/01/2020,10:08:03,79.8,78.25,250,80.35,250,0,11250
HDFC30Jan202380CE.NFO,07/01/2020,10:08:04,79.8,78.4,250,80.3,250,0,11250
HDFC30Jan202380CE.NFO,07/01/2020,10:08:05,79.8,78.45,250,80.25,500,0,11250
HDFC30Jan202380CE.NFO,07/01/2020,10:08:06,79.8,78.05,250,80.2,250,0,11250
