Ticker,Date,Time,LTP,BuyPrice,BuyQty,SellPrice,SellQty,LTQ,OpenInterest
HDFCBANK30Jan201320PE.NFO,07/01/2020,09:24:05,55.7,55.6,500,58.05,500,500,26000
HDFCBANK30Jan201320PE.NFO,07/01/2020,09:24:05,55.7,55.6,500,58.05,500,0,26000
HDFCBANK30Jan201320PE.NFO,07/01/2020,09:24:05,55.7,55.6,500,58.05,500,0,26000
HDFCBANK30Jan201320PE.NFO,07/01/2020,09:24:05,55.7,55.6,500,58.05,500,0,26000
HDFCBANK30Jan201320PE.NFO,07/01/2020,09:24:06,55.7,55.6,500,57.95,500,0,26000
HDFCBANK30Jan201320PE.NFO,07/01/2020,09:24:07,55.7,55.8,500,57.85,500,0,26000
HDFCBANK30Jan201320PE.NFO,07/01/2020,09:24:08,55.7,55.8,500,57.75,500,0,26000
HDFCBANK30Jan201320PE.NFO,07/01/2020,09:24:09,55.7,55.8,500,57.65,500,0,26000
HDFCBANK30Jan201320PE.NFO,07/01/2020,09:24:11,55.7,55.8,500,57.55,500,0,26000
HDFCBANK30Jan201320PE.NFO,07/01/2020,09:24:17,55.7,55.95,500,58.7,1000,0,26000
HDFCBANK30Jan201320PE.NFO,07/01/2020,09:24:23,55.7,54.55,5500,58,500,0,26000
HDFCBANK30Jan201320PE.NFO,07/01/2020,09:24:29,55.7,56,500,58.3,500,0,26000
HDFCBANK30Jan201320PE.NFO,07/01/2020,09:24:35,55.7,56.15,500,58.6,1000,0,26000
HDFCBANK30Jan201320PE.NFO,07/01/2020,09:24:40,55.7,56.1,1500,58.8,500,0,26000
HDFCBANK30Jan201320PE.NFO,07/01/2020,09:24:45,55.7,56.1,1000,58.3,500,0,26000
HDFCBANK30Jan201320PE.NFO,07/01/2020,09:24:51,55.7,56.45,500,58.55,500,0,26000
HDFCBANK30Jan201320PE.NFO,07/01/2020,09:24:56,55.7,56.55,500,58.55,500,0,26000
HDFCBANK30Jan201320PE.NFO,07/01/2020,09:25:02,55.7,56.5,500,58.8,500,0,26000
HDFCBANK30Jan201320PE.NFO,07/01/2020,09:25:09,55.7,56.5,500,59.65,1500,0,26000
HDFCBANK30Jan201320PE.NFO,07/01/2020,09:25:12,55.7,56.4,500,59.05,1000,0,26000
HDFCBANK30Jan201320PE.NFO,07/01/2020,09:25:14,55.7,56.5,500,58.95,500,0,26000
HDFCBANK30Jan201320PE.NFO,07/01/2020,09:25:15,55.7,56.6,500,58.75,500,0,26000
HDFCBANK30Jan201320PE.NFO,07/01/2020,09:25:16,55.7,56.6,500,58.65,500,0,26000
HDFCBANK30Jan201320PE.NFO,07/01/2020,09:25:17,55.7,56.7,500,59.95,2000,0,26000
HDFCBANK30Jan201320PE.NFO,07/01/2020,09:25:20,55.7,56.8,1000,59.85,1000,0,26000
HDFCBANK30Jan201320PE.NFO,07/01/2020,09:25:21,55.7,56.8,1000,59.75,1000,0,26000
HDFCBANK30Jan201320PE.NFO,07/01/2020,09:25:22,55.7,56.8,1000,59.55,500,0,26000
HDFCBANK30Jan201320PE.NFO,07/01/2020,09:25:24,55.7,56.8,1000,59.45,500,0,26000
HDFCBANK30Jan201320PE.NFO,07/01/2020,09:25:25,55.7,57.1,500,59.25,500,0,26000
HDFCBANK30Jan201320PE.NFO,07/01/2020,09:25:26,55.7,57.1,500,59.15,500,0,26000
HDFCBANK30Jan201320PE.NFO,07/01/2020,09:25:28,55.7,57.1,500,58.95,500,0,26000
HDFCBANK30Jan201320PE.NFO,07/01/2020,09:25:29,55.7,57.1,500,58.85,500,0,26000
HDFCBANK30Jan201320PE.NFO,07/01/2020,09:25:30,55.7,56.8,500,60.1,1500,0,26000
HDFCBANK30Jan201320PE.NFO,07/01/2020,09:25:32,55.7,56.85,500,59.9,1500,0,26000
HDFCBANK30Jan201320PE.NFO,07/01/2020,09:25:34,55.7,57,500,59.7,1000,0,26000
HDFCBANK30Jan201320PE.NFO,07/01/2020,09:25:36,55.7,57,500,59.5,500,0,26000
HDFCBANK30Jan201320PE.NFO,07/01/2020,09:25:37,55.7,57,500,59.3,500,0,26000
HDFCBANK30Jan201320PE.NFO,07/01/2020,09:25:38,55.7,57,500,59.2,500,0,26000
HDFCBANK30Jan201320PE.NFO,07/01/2020,09:25:39,55.7,57,500,59.1,500,0,26000
HDFCBANK30Jan201320PE.NFO,07/01/2020,09:25:40,55.7,57,500,59,500,0,26000
HDFCBANK30Jan201320PE.NFO,07/01/2020,09:25:41,55.7,57,500,58.8,500,0,26000
HDFCBANK30Jan201320PE.NFO,07/01/2020,09:25:44,55.7,57.1,500,60.05,1500,0,26000
HDFCBANK30Jan201320PE.NFO,07/01/2020,09:25:45,55.7,57.1,500,59.95,1500,0,26000
HDFCBANK30Jan201320PE.NFO,07/01/2020,09:25:46,55.7,57.1,500,59.85,1500,0,26000
HDFCBANK30Jan201320PE.NFO,07/01/2020,09:25:47,55.7,57.1,500,59.75,1500,0,26000
HDFCBANK30Jan201320PE.NFO,07/01/2020,09:25:48,55.7,57.1,500,59.55,1500,0,26000
HDFCBANK30Jan201320PE.NFO,07/01/2020,09:25:49,55.7,57.1,500,59.45,1500,0,26000
HDFCBANK30Jan201320PE.NFO,07/01/2020,09:25:50,55.7,57.1,500,59.25,1000,0,26000
HDFCBANK30Jan201320PE.NFO,07/01/2020,09:25:51,55.7,57.1,500,59.15,500,0,26000
HDFCBANK30Jan201320PE.NFO,07/01/2020,09:25:52,55.7,57.1,500,59.05,500,0,26000
HDFCBANK30Jan201320PE.NFO,07/01/2020,09:25:53,55.7,57.1,500,58.85,500,0,26000
HDFCBANK30Jan201320PE.NFO,07/01/2020,09:25:55,55.7,57.1,500,58.65,500,0,26000
HDFCBANK30Jan201320PE.NFO,07/01/2020,09:25:56,55.7,57.1,500,58.55,500,0,26000
HDFCBANK30Jan201320PE.NFO,07/01/2020,09:25:57,57.1,56.4,500,58.55,500,500,26000
HDFCBANK30Jan201320PE.NFO,07/01/2020,09:25:57,57.1,56.4,500,58.55,500,0,26000
HDFCBANK30Jan201320PE.NFO,07/01/2020,09:25:58,57.1,56.4,500,58.45,500,0,26000
HDFCBANK30Jan201320PE.NFO,07/01/2020,09:25:59,57.1,56.4,500,58.35,500,0,26000
HDFCBANK30Jan201320PE.NFO,07/01/2020,09:26:00,57.1,56.4,500,58.25,500,0,26000
HDFCBANK30Jan201320PE.NFO,07/01/2020,09:26:02,57.1,56.4,500,58.15,500,0,26000
HDFCBANK30Jan201320PE.NFO,07/01/2020,09:26:04,57.1,56.4,500,58.05,500,0,26000
HDFCBANK30Jan201320PE.NFO,07/01/2020,09:26:05,57.1,56.4,500,58,500,0,26000
HDFCBANK30Jan201320PE.NFO,07/01/2020,09:26:06,57.1,56.4,500,59.5,1500,0,26000
HDFCBANK30Jan201320PE.NFO,07/01/2020,09:26:07,57.1,56.4,500,59.3,1500,0,26000
HDFCBANK30Jan201320PE.NFO,07/01/2020,09:26:09,57.1,56.3,1000,59.1,1500,0,26000
HDFCBANK30Jan201320PE.NFO,07/01/2020,09:26:11,57.1,56.4,500,59,1000,0,26000
HDFCBANK30Jan201320PE.NFO,07/01/2020,09:26:12,57.1,56.4,500,58.8,500,0,26000
HDFCBANK30Jan201320PE.NFO,07/01/2020,09:26:15,57.1,56.6,500,58.5,500,0,26000
HDFCBANK30Jan201320PE.NFO,07/01/2020,09:26:21,57.1,56.9,500,59.6,1000,0,26000
HDFCBANK30Jan201320PE.NFO,07/01/2020,09:26:26,57.1,57.1,500,58.9,500,0,26000
HDFCBANK30Jan201320PE.NFO,07/01/2020,09:26:32,56.95,56.65,500,59.1,500,500,25000
HDFCBANK30Jan201320PE.NFO,07/01/2020,09:26:38,56.95,57.2,500,59.8,1000,0,25000
HDFCBANK30Jan201320PE.NFO,07/01/2020,09:26:44,56.95,57.7,500,60.1,500,0,25000
HDFCBANK30Jan201320PE.NFO,07/01/2020,09:26:49,56.95,57.45,500,59.5,500,0,25000
HDFCBANK30Jan201320PE.NFO,07/01/2020,09:26:55,56.95,57.6,500,60.35,500,0,25000
HDFCBANK30Jan201320PE.NFO,07/01/2020,09:27:01,56.95,57.85,500,61.15,1500,0,25000
HDFCBANK30Jan201320PE.NFO,07/01/2020,09:27:07,56.95,58.2,500,60.35,500,0,25000
HDFCBANK30Jan201320PE.NFO,07/01/2020,09:27:12,56.95,57.75,500,59.75,500,0,25000
HDFCBANK30Jan201320PE.NFO,07/01/2020,09:27:14,56.95,57.5,1000,61.05,1500,0,25000
HDFCBANK30Jan201320PE.NFO,07/01/2020,09:27:14,56.95,57.8,500,61.05,1500,0,25000
HDFCBANK30Jan201320PE.NFO,07/01/2020,09:27:15,56.95,58,500,60.95,1000,0,25000
HDFCBANK30Jan201320PE.NFO,07/01/2020,09:27:16,56.95,58.1,500,60.65,1000,0,25000
HDFCBANK30Jan201320PE.NFO,07/01/2020,09:27:17,56.95,57.95,1000,60.55,500,0,25000
HDFCBANK30Jan201320PE.NFO,07/01/2020,09:27:18,56.95,57.95,1000,60.35,500,0,25000
HDFCBANK30Jan201320PE.NFO,07/01/2020,09:27:20,56.95,57.95,1000,60.25,500,0,25000
HDFCBANK30Jan201320PE.NFO,07/01/2020,09:27:21,56.95,57.95,1000,60.15,500,0,25000
HDFCBANK30Jan201320PE.NFO,07/01/2020,09:27:22,56.95,57.95,1000,60.05,500,0,25000
HDFCBANK30Jan201320PE.NFO,07/01/2020,09:27:23,56.95,57.95,1000,59.95,500,0,25000
HDFCBANK30Jan201320PE.NFO,07/01/2020,09:27:24,56.95,57.95,1000,59.85,500,0,25000
HDFCBANK30Jan201320PE.NFO,07/01/2020,09:27:25,56.95,57.95,1000,59.8,500,0,25000
HDFCBANK30Jan201320PE.NFO,07/01/2020,09:27:26,56.95,57.9,500,60.2,500,0,25000
HDFCBANK30Jan201320PE.NFO,07/01/2020,09:27:27,56.95,57.9,500,60.1,500,0,25000
HDFCBANK30Jan201320PE.NFO,07/01/2020,09:27:28,56.95,57.9,500,60,500,0,25000
HDFCBANK30Jan201320PE.NFO,07/01/2020,09:27:29,56.95,57.9,500,59.9,500,0,25000
HDFCBANK30Jan201320PE.NFO,07/01/2020,09:27:30,56.95,56.9,1500,59.8,500,0,25000
HDFCBANK30Jan201320PE.NFO,07/01/2020,09:27:32,56.95,57.7,500,59.7,500,0,25000
HDFCBANK30Jan201320PE.NFO,07/01/2020,09:27:33,56.95,57.7,500,59.65,500,0,25000
HDFCBANK30Jan201320PE.NFO,07/01/2020,09:27:34,56.95,57.75,500,59.65,500,0,25000
HDFCBANK30Jan201320PE.NFO,07/01/2020,09:27:34,56.95,57.75,500,59.6,500,0,25000
HDFCBANK30Jan201320PE.NFO,07/01/2020,09:27:35,56.95,57.55,1000,59.65,500,0,25000
HDFCBANK30Jan201320PE.NFO,07/01/2020,09:27:36,56.95,57.75,500,61.15,2000,0,25000
HDFCBANK30Jan201320PE.NFO,07/01/2020,09:27:37,56.95,57.75,500,60.15,500,0,25000
HDFCBANK30Jan201320PE.NFO,07/01/2020,09:27:38,56.95,57.75,500,60,500,0,25000
HDFCBANK30Jan201320PE.NFO,07/01/2020,09:27:39,56.95,57.75,500,59.9,500,0,25000
HDFCBANK30Jan201320PE.NFO,07/01/2020,09:27:40,56.95,57.75,500,59.7,500,0,25000
HDFCBANK30Jan201320PE.NFO,07/01/2020,09:27:41,56.95,57.75,500,59.6,500,0,25000
HDFCBANK30Jan201320PE.NFO,07/01/2020,09:27:42,56.95,57.75,500,59.5,500,0,25000
HDFCBANK30Jan201320PE.NFO,07/01/2020,09:27:44,56.95,57.8,500,61.1,3000,0,25000
HDFCBANK30Jan201320PE.NFO,07/01/2020,09:27:45,56.95,56.75,1500,60.05,500,0,25000
HDFCBANK30Jan201320PE.NFO,07/01/2020,09:27:46,56.95,57.55,500,59.95,500,0,25000
HDFCBANK30Jan201320PE.NFO,07/01/2020,09:27:47,56.95,57.55,500,59.85,500,0,25000
HDFCBANK30Jan201320PE.NFO,07/01/2020,09:27:47,56.95,57.55,500,59.75,500,0,25000
HDFCBANK30Jan201320PE.NFO,07/01/2020,09:27:48,56.95,57.55,500,59.65,500,0,25000
HDFCBANK30Jan201320PE.NFO,07/01/2020,09:27:49,56.95,57.55,500,59.55,500,0,25000
HDFCBANK30Jan201320PE.NFO,07/01/2020,09:27:50,56.95,57.55,500,59.45,500,0,25000
HDFCBANK30Jan201320PE.NFO,07/01/2020,09:27:51,56.95,57.55,500,59.35,500,0,25000
HDFCBANK30Jan201320PE.NFO,07/01/2020,09:27:52,56.95,57.55,500,59.25,500,0,25000
HDFCBANK30Jan201320PE.NFO,07/01/2020,09:27:53,56.95,57.35,500,59.75,500,0,25000
HDFCBANK30Jan201320PE.NFO,07/01/2020,09:27:54,56.95,57.35,500,59.7,500,0,25000
HDFCBANK30Jan201320PE.NFO,07/01/2020,09:27:55,56.95,57.35,500,59.5,500,0,25000
HDFCBANK30Jan201320PE.NFO,07/01/2020,09:27:56,56.95,57.35,500,59.4,500,0,25000
HDFCBANK30Jan201320PE.NFO,07/01/2020,09:27:57,56.95,57.05,500,59.3,500,0,25000
HDFCBANK30Jan201320PE.NFO,07/01/2020,09:27:58,56.95,57.05,500,59.2,500,0,25000
HDFCBANK30Jan201320PE.NFO,07/01/2020,09:28:01,56.95,57,1500,59.85,500,0,25000
HDFCBANK30Jan201320PE.NFO,07/01/2020,09:28:01,56.95,57.2,1000,59.85,500,0,25000
HDFCBANK30Jan201320PE.NFO,07/01/2020,09:28:02,56.95,57.25,500,59.65,500,0,25000
HDFCBANK30Jan201320PE.NFO,07/01/2020,09:28:03,56.95,57.2,500,59.45,500,0,25000
HDFCBANK30Jan201320PE.NFO,07/01/2020,09:28:04,56.95,57.2,500,59.35,500,0,25000
HDFCBANK30Jan201320PE.NFO,07/01/2020,09:28:05,56.95,57.2,500,59.25,500,0,25000
HDFCBANK30Jan201320PE.NFO,07/01/2020,09:28:06,56.95,57.2,500,59.15,500,0,25000
HDFCBANK30Jan201320PE.NFO,07/01/2020,09:28:07,56.95,57.2,500,59.05,500,0,25000
HDFCBANK30Jan201320PE.NFO,07/01/2020,09:28:08,56.95,57.05,500,59.45,500,0,25000
HDFCBANK30Jan201320PE.NFO,07/01/2020,09:28:09,56.95,56.9,1500,59.35,500,0,25000
HDFCBANK30Jan201320PE.NFO,07/01/2020,09:28:10,56.95,57.1,500,59.25,500,0,25000
HDFCBANK30Jan201320PE.NFO,07/01/2020,09:28:11,56.95,57.1,500,59.15,500,0,25000
HDFCBANK30Jan201320PE.NFO,07/01/2020,09:28:13,56.95,55.75,3000,58.95,500,0,25000
HDFCBANK30Jan201320PE.NFO,07/01/2020,09:28:14,56.95,56.85,500,59,500,0,25000
HDFCBANK30Jan201320PE.NFO,07/01/2020,09:28:14,56.95,57.1,500,58.95,500,0,25000
HDFCBANK30Jan201320PE.NFO,07/01/2020,09:28:16,56.95,57.15,500,58.95,500,0,25000
HDFCBANK30Jan201320PE.NFO,07/01/2020,09:28:17,56.95,57.15,500,60.45,2000,0,25000
HDFCBANK30Jan201320PE.NFO,07/01/2020,09:28:17,56.95,57.25,500,60.45,2000,0,25000
HDFCBANK30Jan201320PE.NFO,07/01/2020,09:28:18,56.95,57.25,500,60.25,1500,0,25000
HDFCBANK30Jan201320PE.NFO,07/01/2020,09:28:20,56.95,57.35,500,60.15,1000,0,25000
HDFCBANK30Jan201320PE.NFO,07/01/2020,09:28:21,56.95,57.45,1000,59.95,1000,0,25000
HDFCBANK30Jan201320PE.NFO,07/01/2020,09:28:22,56.95,57.45,500,59.85,500,0,25000
HDFCBANK30Jan201320PE.NFO,07/01/2020,09:28:22,56.95,57.45,500,59.75,500,0,25000
HDFCBANK30Jan201320PE.NFO,07/01/2020,09:28:23,56.95,57.45,500,59.65,500,0,25000
HDFCBANK30Jan201320PE.NFO,07/01/2020,09:28:24,56.95,57.45,500,59.55,500,0,25000
HDFCBANK30Jan201320PE.NFO,07/01/2020,09:28:25,56.95,57.55,500,59.55,500,0,25000
HDFCBANK30Jan201320PE.NFO,07/01/2020,09:28:26,56.95,57.6,500,59.55,500,0,25000
HDFCBANK30Jan201320PE.NFO,07/01/2020,09:28:27,56.95,56.45,2500,61.15,2500,0,25000
HDFCBANK30Jan201320PE.NFO,07/01/2020,09:28:28,56.95,56.7,1500,60.95,1500,0,25000
HDFCBANK30Jan201320PE.NFO,07/01/2020,09:28:29,56.95,57.65,500,60.75,1500,0,25000
HDFCBANK30Jan201320PE.NFO,07/01/2020,09:28:31,56.95,57.65,500,60.65,1500,0,25000
HDFCBANK30Jan201320PE.NFO,07/01/2020,09:28:32,56.95,57.75,500,60.45,1000,0,25000
HDFCBANK30Jan201320PE.NFO,07/01/2020,09:28:33,56.95,57.1,1500,60.35,1000,0,25000
HDFCBANK30Jan201320PE.NFO,07/01/2020,09:28:34,56.95,57.7,1000,60.25,1000,0,25000
HDFCBANK30Jan201320PE.NFO,07/01/2020,09:28:35,56.95,57.7,500,60.05,500,0,25000
HDFCBANK30Jan201320PE.NFO,07/01/2020,09:28:36,56.95,57.8,500,59.85,500,0,25000
HDFCBANK30Jan201320PE.NFO,07/01/2020,09:28:37,56.95,57.8,500,59.75,500,0,25000
HDFCBANK30Jan201320PE.NFO,07/01/2020,09:28:38,56.95,57.85,500,59.75,500,0,25000
HDFCBANK30Jan201320PE.NFO,07/01/2020,09:28:39,56.95,56.45,3000,59.75,1000,0,25000
HDFCBANK30Jan201320PE.NFO,07/01/2020,09:28:40,56.95,56.55,2500,59.75,1000,0,25000
HDFCBANK30Jan201320PE.NFO,07/01/2020,09:28:41,56.95,56.75,2000,59.75,1000,0,25000
HDFCBANK30Jan201320PE.NFO,07/01/2020,09:28:42,56.95,57.75,500,59.75,1000,0,25000
HDFCBANK30Jan201320PE.NFO,07/01/2020,09:28:43,56.95,57.95,500,61.3,2000,0,25000
HDFCBANK30Jan201320PE.NFO,07/01/2020,09:28:45,56.95,58,500,61.3,2000,0,25000
HDFCBANK30Jan201320PE.NFO,07/01/2020,09:28:46,56.95,57.85,500,61.3,2000,0,25000
HDFCBANK30Jan201320PE.NFO,07/01/2020,09:28:47,56.95,57.95,500,61.3,2000,0,25000
HDFCBANK30Jan201320PE.NFO,07/01/2020,09:28:48,56.95,57.85,500,61.3,2000,0,25000
HDFCBANK30Jan201320PE.NFO,07/01/2020,09:28:50,56.95,58.1,500,61.3,2000,0,25000
HDFCBANK30Jan201320PE.NFO,07/01/2020,09:28:51,56.95,58.2,500,61.3,2000,0,25000
HDFCBANK30Jan201320PE.NFO,07/01/2020,09:28:53,56.95,57.9,1000,61.3,2000,0,25000
HDFCBANK30Jan201320PE.NFO,07/01/2020,09:28:55,56.95,57.85,500,61.3,2000,0,25000
HDFCBANK30Jan201320PE.NFO,07/01/2020,09:28:56,56.95,57.3,1500,61.3,2000,0,25000
HDFCBANK30Jan201320PE.NFO,07/01/2020,09:28:57,56.95,57.7,1000,61.2,1500,0,25000
HDFCBANK30Jan201320PE.NFO,07/01/2020,09:28:57,56.95,57.5,1500,61.1,1500,0,25000
HDFCBANK30Jan201320PE.NFO,07/01/2020,09:28:58,56.95,57.75,500,61,1500,0,25000
HDFCBANK30Jan201320PE.NFO,07/01/2020,09:28:59,56.95,57.6,1000,60.9,1500,0,25000
HDFCBANK30Jan201320PE.NFO,07/01/2020,09:29:00,56.95,57.7,500,60.8,1500,0,25000
HDFCBANK30Jan201320PE.NFO,07/01/2020,09:29:03,56.95,57.7,500,60.5,1000,0,25000
HDFCBANK30Jan201320PE.NFO,07/01/2020,09:29:04,56.95,57.6,500,60.4,1000,0,25000
HDFCBANK30Jan201320PE.NFO,07/01/2020,09:29:05,56.95,57.65,1000,60.3,1000,0,25000
HDFCBANK30Jan201320PE.NFO,07/01/2020,09:29:06,56.95,57.8,500,60.2,1000,0,25000
HDFCBANK30Jan201320PE.NFO,07/01/2020,09:29:07,56.95,57.8,500,60.1,500,0,25000
HDFCBANK30Jan201320PE.NFO,07/01/2020,09:29:08,56.95,57.8,500,60,500,0,25000
HDFCBANK30Jan201320PE.NFO,07/01/2020,09:29:09,56.95,57.65,500,59.9,500,0,25000
HDFCBANK30Jan201320PE.NFO,07/01/2020,09:29:10,56.95,57.7,500,59.8,500,0,25000
HDFCBANK30Jan201320PE.NFO,07/01/2020,09:29:11,56.95,56.6,8000,59.65,500,0,25000
HDFCBANK30Jan201320PE.NFO,07/01/2020,09:29:12,56.95,56.6,8000,59.6,500,0,25000
HDFCBANK30Jan201320PE.NFO,07/01/2020,09:29:13,56.95,57,7000,61.3,7500,0,25000
HDFCBANK30Jan201320PE.NFO,07/01/2020,09:29:14,56.95,57.85,500,60.3,500,0,25000
HDFCBANK30Jan201320PE.NFO,07/01/2020,09:29:16,56.95,57.8,500,60.1,500,0,25000
HDFCBANK30Jan201320PE.NFO,07/01/2020,09:29:17,56.95,57.45,500,59.6,500,0,25000
HDFCBANK30Jan201320PE.NFO,07/01/2020,09:29:18,56.95,57.35,500,59.5,500,0,25000
HDFCBANK30Jan201320PE.NFO,07/01/2020,09:29:19,56.95,57.55,500,59.95,500,0,25000
HDFCBANK30Jan201320PE.NFO,07/01/2020,09:29:19,56.95,57.55,1000,59.95,500,0,25000
HDFCBANK30Jan201320PE.NFO,07/01/2020,09:29:20,56.95,57.65,500,59.85,500,0,25000
HDFCBANK30Jan201320PE.NFO,07/01/2020,09:29:21,56.95,57.55,500,59.65,500,0,25000
HDFCBANK30Jan201320PE.NFO,07/01/2020,09:29:23,56.95,57.55,500,59.95,500,0,25000
HDFCBANK30Jan201320PE.NFO,07/01/2020,09:29:23,56.95,57.55,500,59.9,500,0,25000
HDFCBANK30Jan201320PE.NFO,07/01/2020,09:29:24,56.95,56.85,1500,59.75,500,0,25000
HDFCBANK30Jan201320PE.NFO,07/01/2020,09:29:25,56.95,57.55,500,59.65,500,0,25000
HDFCBANK30Jan201320PE.NFO,07/01/2020,09:29:26,56.95,57.65,500,60.05,500,0,25000
HDFCBANK30Jan201320PE.NFO,07/01/2020,09:29:27,56.95,57.7,500,59.85,500,0,25000
HDFCBANK30Jan201320PE.NFO,07/01/2020,09:29:28,56.95,57.85,500,61,500,0,25000
HDFCBANK30Jan201320PE.NFO,07/01/2020,09:29:29,56.95,57.8,500,60.15,500,0,25000
HDFCBANK30Jan201320PE.NFO,07/01/2020,09:29:30,56.95,57.8,500,59.95,500,0,25000
HDFCBANK30Jan201320PE.NFO,07/01/2020,09:29:31,56.95,57.8,500,59.85,500,0,25000
HDFCBANK30Jan201320PE.NFO,07/01/2020,09:29:33,56.95,57.65,500,59.65,500,0,25000
HDFCBANK30Jan201320PE.NFO,07/01/2020,09:29:36,56.95,57.65,500,61.05,2000,0,25000
HDFCBANK30Jan201320PE.NFO,07/01/2020,09:29:41,56.95,57.65,500,60.85,1500,0,25000
HDFCBANK30Jan201320PE.NFO,07/01/2020,09:29:43,56.95,57.65,500,60.75,1500,0,25000
HDFCBANK30Jan201320PE.NFO,07/01/2020,09:29:43,56.95,57.65,500,60.65,1500,0,25000
HDFCBANK30Jan201320PE.NFO,07/01/2020,09:29:44,56.95,56.7,2000,60.45,1000,0,25000
HDFCBANK30Jan201320PE.NFO,07/01/2020,09:29:45,56.95,57.5,500,60.35,1000,0,25000
HDFCBANK30Jan201320PE.NFO,07/01/2020,09:29:46,56.95,55.3,1000,60.25,1000,0,25000
HDFCBANK30Jan201320PE.NFO,07/01/2020,09:29:47,56.95,57.15,500,60.15,1000,0,25000
HDFCBANK30Jan201320PE.NFO,07/01/2020,09:29:48,56.95,57.2,500,60.05,1000,0,25000
HDFCBANK30Jan201320PE.NFO,07/01/2020,09:29:49,56.95,57.45,500,59.85,1000,0,25000
HDFCBANK30Jan201320PE.NFO,07/01/2020,09:29:50,56.95,57.5,500,59.75,1000,0,25000
HDFCBANK30Jan201320PE.NFO,07/01/2020,09:29:51,56.95,57.35,500,59.65,500,0,25000
HDFCBANK30Jan201320PE.NFO,07/01/2020,09:29:53,56.95,56.8,500,59.55,500,0,25000
HDFCBANK30Jan201320PE.NFO,07/01/2020,09:29:54,56.95,57.5,500,59.55,500,0,25000
HDFCBANK30Jan201320PE.NFO,07/01/2020,09:29:54,56.95,57.6,500,60.95,1500,0,25000
HDFCBANK30Jan201320PE.NFO,07/01/2020,09:29:55,56.95,57.6,500,59.6,500,0,25000
HDFCBANK30Jan201320PE.NFO,07/01/2020,09:29:56,56.95,57.6,500,59.55,500,0,25000
HDFCBANK30Jan201320PE.NFO,07/01/2020,09:29:58,56.95,57.6,500,59.5,500,0,25000
HDFCBANK30Jan201320PE.NFO,07/01/2020,09:29:59,56.95,56.2,3000,60.2,1000,0,25000
HDFCBANK30Jan201320PE.NFO,07/01/2020,09:30:00,56.95,56.2,3000,60.1,1000,0,25000
HDFCBANK30Jan201320PE.NFO,07/01/2020,09:30:01,56.95,56.2,3000,60,1000,0,25000
HDFCBANK30Jan201320PE.NFO,07/01/2020,09:30:02,56.95,57.15,500,59.8,1000,0,25000
HDFCBANK30Jan201320PE.NFO,07/01/2020,09:30:03,56.95,57.2,500,59.7,1000,0,25000
HDFCBANK30Jan201320PE.NFO,07/01/2020,09:30:04,56.95,57.25,500,59.6,1000,0,25000
HDFCBANK30Jan201320PE.NFO,07/01/2020,09:30:05,56.95,57.25,500,59.5,500,0,25000
HDFCBANK30Jan201320PE.NFO,07/01/2020,09:30:06,56.95,56.95,1000,59.3,500,0,25000
HDFCBANK30Jan201320PE.NFO,07/01/2020,09:30:08,56.95,57,500,59.2,500,0,25000
HDFCBANK30Jan201320PE.NFO,07/01/2020,09:30:09,56.95,57,500,59.05,500,0,25000
HDFCBANK30Jan201320PE.NFO,07/01/2020,09:30:10,56.95,55.75,3000,58.9,500,0,25000
HDFCBANK30Jan201320PE.NFO,07/01/2020,09:30:11,56.95,55.75,3000,58.7,500,0,25000
HDFCBANK30Jan201320PE.NFO,07/01/2020,09:30:12,56.95,55.75,3000,58.75,500,0,25000
HDFCBANK30Jan201320PE.NFO,07/01/2020,09:30:15,56.95,55.75,3000,58.8,500,0,25000
HDFCBANK30Jan201320PE.NFO,07/01/2020,09:30:16,56.95,55.75,3000,60.15,2000,0,25000
HDFCBANK30Jan201320PE.NFO,07/01/2020,09:30:17,56.95,55.75,3000,59.9,2000,0,25000
HDFCBANK30Jan201320PE.NFO,07/01/2020,09:30:19,56.95,55.75,3000,59.7,1500,0,25000
HDFCBANK30Jan201320PE.NFO,07/01/2020,09:30:20,56.95,55.75,3000,59.6,1000,0,25000
HDFCBANK30Jan201320PE.NFO,07/01/2020,09:30:21,56.95,57,500,59.5,1500,0,25000
HDFCBANK30Jan201320PE.NFO,07/01/2020,09:30:22,56.95,57.05,500,59.3,1000,0,25000
HDFCBANK30Jan201320PE.NFO,07/01/2020,09:30:23,56.95,55.3,2000,58.95,500,0,25000
HDFCBANK30Jan201320PE.NFO,07/01/2020,09:30:24,56.95,56.9,500,58.95,500,0,25000
HDFCBANK30Jan201320PE.NFO,07/01/2020,09:30:25,56.95,57.05,500,58.85,500,0,25000
HDFCBANK30Jan201320PE.NFO,07/01/2020,09:30:26,56.95,57.05,500,58.9,500,0,25000
HDFCBANK30Jan201320PE.NFO,07/01/2020,09:30:27,56.95,57.05,500,58.85,500,0,25000
HDFCBANK30Jan201320PE.NFO,07/01/2020,09:30:28,56.95,57.05,500,58.95,500,0,25000
HDFCBANK30Jan201320PE.NFO,07/01/2020,09:30:29,56.95,57.05,500,59.9,1000,0,25000
HDFCBANK30Jan201320PE.NFO,07/01/2020,09:30:30,56.95,57.15,500,59.35,500,0,25000
HDFCBANK30Jan201320PE.NFO,07/01/2020,09:30:32,56.95,57.15,500,59.15,500,0,25000
HDFCBANK30Jan201320PE.NFO,07/01/2020,09:30:33,56.95,57.15,500,59.1,500,0,25000
HDFCBANK30Jan201320PE.NFO,07/01/2020,09:30:35,56.95,57.15,500,59.05,500,0,25000
HDFCBANK30Jan201320PE.NFO,07/01/2020,09:30:36,56.95,57.15,500,59,500,0,25000
HDFCBANK30Jan201320PE.NFO,07/01/2020,09:30:37,56.95,57.15,500,60.25,2000,0,25000
HDFCBANK30Jan201320PE.NFO,07/01/2020,09:30:37,56.95,57.15,500,60.05,1000,0,25000
HDFCBANK30Jan201320PE.NFO,07/01/2020,09:30:38,56.95,57.15,500,59.25,500,0,25000
HDFCBANK30Jan201320PE.NFO,07/01/2020,09:30:39,56.95,57.2,500,59.1,500,0,25000
HDFCBANK30Jan201320PE.NFO,07/01/2020,09:30:40,56.95,57.25,500,59.1,500,0,25000
HDFCBANK30Jan201320PE.NFO,07/01/2020,09:30:41,56.95,57.15,500,59.1,500,0,25000
HDFCBANK30Jan201320PE.NFO,07/01/2020,09:30:42,56.95,57.3,500,60.85,2000,0,25000
HDFCBANK30Jan201320PE.NFO,07/01/2020,09:30:44,56.95,57.4,1000,59.65,500,0,25000
HDFCBANK30Jan201320PE.NFO,07/01/2020,09:30:45,56.95,57.45,500,59.45,500,0,25000
HDFCBANK30Jan201320PE.NFO,07/01/2020,09:30:46,56.95,57.45,500,60.35,500,0,25000
HDFCBANK30Jan201320PE.NFO,07/01/2020,09:30:46,56.95,57.45,500,59.75,500,0,25000
HDFCBANK30Jan201320PE.NFO,07/01/2020,09:30:47,56.95,57.55,500,59.45,500,0,25000
HDFCBANK30Jan201320PE.NFO,07/01/2020,09:30:48,56.95,57.55,500,60.1,1000,0,25000
HDFCBANK30Jan201320PE.NFO,07/01/2020,09:30:49,56.95,57.55,500,59.9,1000,0,25000
HDFCBANK30Jan201320PE.NFO,07/01/2020,09:30:51,56.95,57.55,500,59.7,1000,0,25000
HDFCBANK30Jan201320PE.NFO,07/01/2020,09:30:52,56.95,57.55,500,59.5,500,0,25000
HDFCBANK30Jan201320PE.NFO,07/01/2020,09:30:53,56.95,57.55,500,59.35,500,0,25000
HDFCBANK30Jan201320PE.NFO,07/01/2020,09:30:54,56.95,57.55,500,59.5,500,0,25000
HDFCBANK30Jan201320PE.NFO,07/01/2020,09:31:01,56.95,57.3,500,59.3,500,0,25000
HDFCBANK30Jan201320PE.NFO,07/01/2020,09:31:02,56.95,57.25,500,59.45,1000,0,25000
HDFCBANK30Jan201320PE.NFO,07/01/2020,09:31:03,56.95,57.25,500,59.3,500,0,25000
HDFCBANK30Jan201320PE.NFO,07/01/2020,09:31:04,56.95,57.25,500,59.45,500,0,25000
HDFCBANK30Jan201320PE.NFO,07/01/2020,09:31:04,56.95,57.25,500,59.3,500,0,25000
HDFCBANK30Jan201320PE.NFO,07/01/2020,09:31:05,56.95,57.3,500,60.4,2000,0,25000
HDFCBANK30Jan201320PE.NFO,07/01/2020,09:31:06,56.95,57.3,500,60.2,1000,0,25000
HDFCBANK30Jan201320PE.NFO,07/01/2020,09:31:07,56.95,57.4,500,60,500,0,25000
HDFCBANK30Jan201320PE.NFO,07/01/2020,09:31:08,56.95,57.05,1000,59.45,500,0,25000
HDFCBANK30Jan201320PE.NFO,07/01/2020,09:31:09,56.95,57.25,500,59.3,500,0,25000
HDFCBANK30Jan201320PE.NFO,07/01/2020,09:31:10,56.95,57.25,500,59.45,500,0,25000
HDFCBANK30Jan201320PE.NFO,07/01/2020,09:31:11,56.95,57.25,500,59.2,500,0,25000
HDFCBANK30Jan201320PE.NFO,07/01/2020,09:31:17,56.95,57.25,500,59.7,1000,0,25000
HDFCBANK30Jan201320PE.NFO,07/01/2020,09:31:23,56.95,57.15,500,59.15,500,0,25000
HDFCBANK30Jan201320PE.NFO,07/01/2020,09:31:29,56.95,57.25,500,59.1,500,0,25000
HDFCBANK30Jan201320PE.NFO,07/01/2020,09:31:34,56.95,57.25,500,59.15,500,0,25000
HDFCBANK30Jan201320PE.NFO,07/01/2020,09:31:40,56.95,56.8,2000,58.95,500,0,25000
HDFCBANK30Jan201320PE.NFO,07/01/2020,09:31:46,56.95,57.15,500,58.95,500,0,25000
HDFCBANK30Jan201320PE.NFO,07/01/2020,09:31:51,56.95,57.4,500,59.1,500,0,25000
HDFCBANK30Jan201320PE.NFO,07/01/2020,09:31:56,56.95,57.1,500,59.05,500,0,25000
HDFCBANK30Jan201320PE.NFO,07/01/2020,09:32:01,56.95,57.15,500,60.35,2000,0,25000
HDFCBANK30Jan201320PE.NFO,07/01/2020,09:32:07,56.95,57.3,500,60.7,1000,0,25000
HDFCBANK30Jan201320PE.NFO,07/01/2020,09:32:12,56.95,57.05,500,59.15,500,0,25000
HDFCBANK30Jan201320PE.NFO,07/01/2020,09:32:18,56.95,57.05,1000,59,500,0,25000
HDFCBANK30Jan201320PE.NFO,07/01/2020,09:32:25,56.95,56.7,500,60.05,1500,0,25000
HDFCBANK30Jan201320PE.NFO,07/01/2020,09:32:31,56.95,56.45,500,58.5,500,0,25000
HDFCBANK30Jan201320PE.NFO,07/01/2020,09:32:36,56.95,56.05,500,58.15,500,0,25000
HDFCBANK30Jan201320PE.NFO,07/01/2020,09:32:42,56.95,56.15,500,57.9,500,0,25000
HDFCBANK30Jan201320PE.NFO,07/01/2020,09:32:48,56.95,55.95,500,57.8,500,0,25000
HDFCBANK30Jan201320PE.NFO,07/01/2020,09:32:53,56.95,55.75,500,58.75,1000,0,25000
HDFCBANK30Jan201320PE.NFO,07/01/2020,09:32:59,56.95,55.9,500,57.8,500,0,25000
HDFCBANK30Jan201320PE.NFO,07/01/2020,09:33:05,56.95,55.7,500,58.05,1000,0,25000
HDFCBANK30Jan201320PE.NFO,07/01/2020,09:33:11,56.95,55.45,500,57.5,1000,0,25000
HDFCBANK30Jan201320PE.NFO,07/01/2020,09:33:16,56.95,55.45,500,57.3,500,0,25000
HDFCBANK30Jan201320PE.NFO,07/01/2020,09:33:22,56.95,54.95,1500,57.15,500,0,25000
HDFCBANK30Jan201320PE.NFO,07/01/2020,09:33:27,56.95,55.3,500,57.75,500,0,25000
HDFCBANK30Jan201320PE.NFO,07/01/2020,09:33:32,56.95,54.45,500,58,1500,0,25000
HDFCBANK30Jan201320PE.NFO,07/01/2020,09:33:37,56.95,54.15,2500,57.6,1500,0,25000
HDFCBANK30Jan201320PE.NFO,07/01/2020,09:33:42,56.95,55.2,500,56.95,500,0,25000
HDFCBANK30Jan201320PE.NFO,07/01/2020,09:33:47,56.95,55.05,500,57.65,1500,0,25000
HDFCBANK30Jan201320PE.NFO,07/01/2020,09:33:52,56.95,55.15,500,57.15,1000,0,25000
HDFCBANK30Jan201320PE.NFO,07/01/2020,09:33:56,56.95,55.2,500,58.2,1500,0,25000
HDFCBANK30Jan201320PE.NFO,07/01/2020,09:34:01,56.95,55.05,500,57.6,1000,0,25000
HDFCBANK30Jan201320PE.NFO,07/01/2020,09:34:06,56.95,55.4,500,57.15,500,0,25000
HDFCBANK30Jan201320PE.NFO,07/01/2020,09:34:11,56.95,55.55,500,58.25,1000,0,25000
HDFCBANK30Jan201320PE.NFO,07/01/2020,09:34:13,56.95,55.55,500,58.05,1000,0,25000
HDFCBANK30Jan201320PE.NFO,07/01/2020,09:34:14,56.95,55.65,500,57.95,1500,0,25000
HDFCBANK30Jan201320PE.NFO,07/01/2020,09:34:15,56.95,55.65,1000,57.85,1000,0,25000
HDFCBANK30Jan201320PE.NFO,07/01/2020,09:34:16,56.95,55.65,1000,57.75,1000,0,25000
HDFCBANK30Jan201320PE.NFO,07/01/2020,09:34:17,56.95,55.7,500,57.75,1000,0,25000
HDFCBANK30Jan201320PE.NFO,07/01/2020,09:34:18,56.95,54.3,3000,57.75,1000,0,25000
HDFCBANK30Jan201320PE.NFO,07/01/2020,09:34:19,56.95,54.3,3000,57.65,500,0,25000
HDFCBANK30Jan201320PE.NFO,07/01/2020,09:34:19,56.95,54.3,3000,59.2,2000,0,25000
HDFCBANK30Jan201320PE.NFO,07/01/2020,09:34:21,56.95,55.4,1000,59,2000,0,25000
HDFCBANK30Jan201320PE.NFO,07/01/2020,09:34:22,56.95,55.6,500,58.9,1500,0,25000
HDFCBANK30Jan201320PE.NFO,07/01/2020,09:34:23,56.95,55.7,500,58.8,2000,0,25000
HDFCBANK30Jan201320PE.NFO,07/01/2020,09:34:23,56.95,55.45,500,58.7,1500,0,25000
HDFCBANK30Jan201320PE.NFO,07/01/2020,09:34:24,56.95,55.25,500,58.6,1000,0,25000
HDFCBANK30Jan201320PE.NFO,07/01/2020,09:34:25,56.95,55.65,500,58.4,1000,0,25000
HDFCBANK30Jan201320PE.NFO,07/01/2020,09:34:26,56.95,55.7,500,58.3,1500,0,25000
HDFCBANK30Jan201320PE.NFO,07/01/2020,09:34:27,56.95,55.8,1500,58.2,1000,0,25000
HDFCBANK30Jan201320PE.NFO,07/01/2020,09:34:28,56.95,55.9,500,58.1,1000,0,25000
HDFCBANK30Jan201320PE.NFO,07/01/2020,09:34:30,56.95,55.95,500,57.95,500,0,25000
HDFCBANK30Jan201320PE.NFO,07/01/2020,09:34:31,56.95,55.75,500,57.85,500,0,25000
HDFCBANK30Jan201320PE.NFO,07/01/2020,09:34:33,56.95,55.8,500,57.85,500,0,25000
HDFCBANK30Jan201320PE.NFO,07/01/2020,09:34:33,56.95,55.8,500,57.8,500,0,25000
HDFCBANK30Jan201320PE.NFO,07/01/2020,09:34:34,56.95,55.85,500,57.8,500,0,25000
HDFCBANK30Jan201320PE.NFO,07/01/2020,09:34:35,56.95,55.9,500,59.2,2000,0,25000
HDFCBANK30Jan201320PE.NFO,07/01/2020,09:34:39,56.95,55.1,2000,59.2,2000,0,25000
HDFCBANK30Jan201320PE.NFO,07/01/2020,09:34:40,56.95,55.3,1500,59.2,2000,0,25000
HDFCBANK30Jan201320PE.NFO,07/01/2020,09:34:41,56.95,55.75,1000,59.2,2000,0,25000
HDFCBANK30Jan201320PE.NFO,07/01/2020,09:34:43,56.95,55.6,500,58.95,1500,0,25000
HDFCBANK30Jan201320PE.NFO,07/01/2020,09:34:44,56.95,55.8,500,58.85,1500,0,25000
HDFCBANK30Jan201320PE.NFO,07/01/2020,09:34:45,56.95,55.75,1000,58.75,1000,0,25000
HDFCBANK30Jan201320PE.NFO,07/01/2020,09:34:45,56.95,54.35,3000,58.65,1500,0,25000
HDFCBANK30Jan201320PE.NFO,07/01/2020,09:34:46,56.95,55.75,500,58.55,1000,0,25000
HDFCBANK30Jan201320PE.NFO,07/01/2020,09:34:47,56.95,55.45,500,58.45,1500,0,25000
HDFCBANK30Jan201320PE.NFO,07/01/2020,09:34:48,56.95,55.45,1000,58.35,1000,0,25000
HDFCBANK30Jan201320PE.NFO,07/01/2020,09:34:50,56.95,55.7,500,58.15,1000,0,25000
HDFCBANK30Jan201320PE.NFO,07/01/2020,09:34:50,56.95,55.75,1000,58.15,1000,0,25000
HDFCBANK30Jan201320PE.NFO,07/01/2020,09:34:51,56.95,55.85,500,58.05,500,0,25000
HDFCBANK30Jan201320PE.NFO,07/01/2020,09:34:52,56.95,55.85,500,57.85,500,0,25000
HDFCBANK30Jan201320PE.NFO,07/01/2020,09:34:53,56.95,55.7,500,57.75,500,0,25000
HDFCBANK30Jan201320PE.NFO,07/01/2020,09:34:54,56.95,57,500,60.15,1000,0,25000
HDFCBANK30Jan201320PE.NFO,07/01/2020,09:34:55,56.95,57,500,59.2,500,0,25000
HDFCBANK30Jan201320PE.NFO,07/01/2020,09:34:56,56.95,56.85,500,59.1,500,0,25000
HDFCBANK30Jan201320PE.NFO,07/01/2020,09:34:57,56.95,56.9,500,59.1,500,0,25000
HDFCBANK30Jan201320PE.NFO,07/01/2020,09:34:58,56.95,56.8,500,58.95,500,0,25000
HDFCBANK30Jan201320PE.NFO,07/01/2020,09:34:59,56.95,56.8,500,58.85,500,0,25000
HDFCBANK30Jan201320PE.NFO,07/01/2020,09:35:00,56.95,56.55,1000,58.95,1000,0,25000
HDFCBANK30Jan201320PE.NFO,07/01/2020,09:35:02,56.95,56.5,1500,58.85,500,0,25000
HDFCBANK30Jan201320PE.NFO,07/01/2020,09:35:03,56.95,56.6,500,58.75,500,0,25000
HDFCBANK30Jan201320PE.NFO,07/01/2020,09:35:04,56.95,56.65,500,58.65,500,0,25000
HDFCBANK30Jan201320PE.NFO,07/01/2020,09:35:05,56.95,56.85,500,58.85,500,0,25000
HDFCBANK30Jan201320PE.NFO,07/01/2020,09:35:06,56.95,56.8,1000,58.75,500,0,25000
HDFCBANK30Jan201320PE.NFO,07/01/2020,09:35:07,56.95,56.95,500,59,500,0,25000
HDFCBANK30Jan201320PE.NFO,07/01/2020,09:35:07,56.95,56.95,500,59.25,1000,0,25000
HDFCBANK30Jan201320PE.NFO,07/01/2020,09:35:08,56.95,57.15,500,59.25,500,0,25000
HDFCBANK30Jan201320PE.NFO,07/01/2020,09:35:09,56.95,57.2,500,59.25,500,0,25000
HDFCBANK30Jan201320PE.NFO,07/01/2020,09:35:11,56.95,57.2,500,59.15,500,0,25000
HDFCBANK30Jan201320PE.NFO,07/01/2020,09:35:14,56.95,57.2,500,59.1,500,0,25000
HDFCBANK30Jan201320PE.NFO,07/01/2020,09:35:16,56.95,57.2,500,59.15,500,0,25000
HDFCBANK30Jan201320PE.NFO,07/01/2020,09:35:17,56.95,57.2,500,59.25,1000,0,25000
HDFCBANK30Jan201320PE.NFO,07/01/2020,09:35:18,56.95,57.25,500,59.25,500,0,25000
HDFCBANK30Jan201320PE.NFO,07/01/2020,09:35:19,56.95,57.3,1000,59.45,500,0,25000
HDFCBANK30Jan201320PE.NFO,07/01/2020,09:35:20,56.95,57.4,1000,59.45,500,0,25000
HDFCBANK30Jan201320PE.NFO,07/01/2020,09:35:22,56.95,57.4,500,59.45,500,0,25000
HDFCBANK30Jan201320PE.NFO,07/01/2020,09:35:23,56.95,57.45,500,59.45,500,0,25000
HDFCBANK30Jan201320PE.NFO,07/01/2020,09:35:23,56.95,57.5,1000,59.5,500,0,25000
HDFCBANK30Jan201320PE.NFO,07/01/2020,09:35:24,56.95,57.05,1000,59.45,500,0,25000
HDFCBANK30Jan201320PE.NFO,07/01/2020,09:35:25,56.95,57.35,500,59.5,500,0,25000
HDFCBANK30Jan201320PE.NFO,07/01/2020,09:35:26,56.95,57.4,1000,59.5,500,0,25000
HDFCBANK30Jan201320PE.NFO,07/01/2020,09:35:28,56.95,57.5,500,59.5,500,0,25000
HDFCBANK30Jan201320PE.NFO,07/01/2020,09:35:28,56.95,57.45,500,59.5,500,0,25000
HDFCBANK30Jan201320PE.NFO,07/01/2020,09:35:30,56.95,56.65,1500,59.35,1000,0,25000
HDFCBANK30Jan201320PE.NFO,07/01/2020,09:35:32,56.95,57.25,1000,59.5,1000,0,25000
HDFCBANK30Jan201320PE.NFO,07/01/2020,09:35:33,56.95,57.3,500,59.4,500,0,25000
HDFCBANK30Jan201320PE.NFO,07/01/2020,09:35:34,56.95,57.3,500,59.35,500,0,25000
HDFCBANK30Jan201320PE.NFO,07/01/2020,09:35:36,56.95,57.35,500,59.2,500,0,25000
HDFCBANK30Jan201320PE.NFO,07/01/2020,09:35:37,56.95,57.45,500,59.4,500,0,25000
HDFCBANK30Jan201320PE.NFO,07/01/2020,09:35:41,56.95,57.6,500,60.8,2000,0,25000
HDFCBANK30Jan201320PE.NFO,07/01/2020,09:35:42,56.95,57.7,500,60.65,1500,0,25000
HDFCBANK30Jan201320PE.NFO,07/01/2020,09:35:44,56.95,57.8,500,60.45,1000,0,25000
HDFCBANK30Jan201320PE.NFO,07/01/2020,09:35:45,56.95,57.8,500,60.35,1500,0,25000
HDFCBANK30Jan201320PE.NFO,07/01/2020,09:35:46,56.95,57.8,500,60.25,1000,0,25000
HDFCBANK30Jan201320PE.NFO,07/01/2020,09:35:47,56.95,57.85,500,60.15,1500,0,25000
HDFCBANK30Jan201320PE.NFO,07/01/2020,09:35:48,56.95,57.85,500,59.95,1000,0,25000
HDFCBANK30Jan201320PE.NFO,07/01/2020,09:35:49,56.95,57.85,500,59.85,1000,0,25000
HDFCBANK30Jan201320PE.NFO,07/01/2020,09:35:50,56.95,57.85,500,59.75,500,0,25000
HDFCBANK30Jan201320PE.NFO,07/01/2020,09:35:52,56.95,56.5,3000,59.65,500,0,25000
HDFCBANK30Jan201320PE.NFO,07/01/2020,09:35:53,56.95,57.35,1000,61.2,2000,0,25000
HDFCBANK30Jan201320PE.NFO,07/01/2020,09:35:54,56.95,57.8,500,61.05,1500,0,25000
HDFCBANK30Jan201320PE.NFO,07/01/2020,09:35:54,56.95,57.7,500,60.95,1000,0,25000
HDFCBANK30Jan201320PE.NFO,07/01/2020,09:35:55,56.95,57.85,500,60.85,1000,0,25000
HDFCBANK30Jan201320PE.NFO,07/01/2020,09:35:57,56.95,58.15,500,60.65,1000,0,25000
HDFCBANK30Jan201320PE.NFO,07/01/2020,09:35:58,56.95,58.3,1000,60.55,1500,0,25000
HDFCBANK30Jan201320PE.NFO,07/01/2020,09:35:59,56.95,58.3,500,60.45,1000,0,25000
HDFCBANK30Jan201320PE.NFO,07/01/2020,09:36:00,56.95,58.3,500,60.35,500,0,25000
HDFCBANK30Jan201320PE.NFO,07/01/2020,09:36:01,56.95,58.15,1000,60.3,500,0,25000
HDFCBANK30Jan201320PE.NFO,07/01/2020,09:36:03,56.95,58.2,1000,60.3,500,0,25000
HDFCBANK30Jan201320PE.NFO,07/01/2020,09:36:04,56.95,58.5,500,60.6,500,0,25000
HDFCBANK30Jan201320PE.NFO,07/01/2020,09:36:05,56.95,58.5,500,60.55,500,0,25000
HDFCBANK30Jan201320PE.NFO,07/01/2020,09:36:08,56.95,58.5,500,60.45,500,0,25000
HDFCBANK30Jan201320PE.NFO,07/01/2020,09:36:11,56.95,58.3,1000,60.35,500,0,25000
HDFCBANK30Jan201320PE.NFO,07/01/2020,09:36:11,56.95,58.35,500,61.8,2000,0,25000
HDFCBANK30Jan201320PE.NFO,07/01/2020,09:36:13,56.95,58.45,500,61.55,1500,0,25000
HDFCBANK30Jan201320PE.NFO,07/01/2020,09:36:14,56.95,58.45,500,61.45,1500,0,25000
HDFCBANK30Jan201320PE.NFO,07/01/2020,09:36:16,56.95,57.15,3000,61.25,1500,0,25000
HDFCBANK30Jan201320PE.NFO,07/01/2020,09:36:16,56.95,57.15,3000,61.05,1000,0,25000
HDFCBANK30Jan201320PE.NFO,07/01/2020,09:36:17,56.95,57.15,2500,60.95,1500,0,25000
HDFCBANK30Jan201320PE.NFO,07/01/2020,09:36:19,56.95,58.15,500,60.85,1000,0,25000
HDFCBANK30Jan201320PE.NFO,07/01/2020,09:36:22,56.95,58.3,500,60.45,1000,0,25000
HDFCBANK30Jan201320PE.NFO,07/01/2020,09:36:23,56.95,57.95,1500,61.95,2000,0,25000
HDFCBANK30Jan201320PE.NFO,07/01/2020,09:36:25,56.95,58.3,500,61.8,1500,0,25000
HDFCBANK30Jan201320PE.NFO,07/01/2020,09:36:26,56.95,58.15,500,61.6,1500,0,25000
HDFCBANK30Jan201320PE.NFO,07/01/2020,09:36:27,56.95,58.25,500,61.5,2000,0,25000
HDFCBANK30Jan201320PE.NFO,07/01/2020,09:36:28,56.95,58.45,500,61.3,1500,0,25000
HDFCBANK30Jan201320PE.NFO,07/01/2020,09:36:29,56.95,58.55,500,61.2,1000,0,25000
HDFCBANK30Jan201320PE.NFO,07/01/2020,09:36:31,56.95,58.55,500,61.1,1500,0,25000
HDFCBANK30Jan201320PE.NFO,07/01/2020,09:36:31,56.95,58.55,500,61,1000,0,25000
HDFCBANK30Jan201320PE.NFO,07/01/2020,09:36:32,56.95,58.5,1000,60.9,1000,0,25000
HDFCBANK30Jan201320PE.NFO,07/01/2020,09:36:34,56.95,57.3,3000,60.7,1000,0,25000
HDFCBANK30Jan201320PE.NFO,07/01/2020,09:36:35,56.95,57.3,3000,60.6,500,0,25000
HDFCBANK30Jan201320PE.NFO,07/01/2020,09:36:36,56.95,57.4,1500,60.5,500,0,25000
HDFCBANK30Jan201320PE.NFO,07/01/2020,09:36:40,56.95,57.9,500,60.15,500,0,25000
HDFCBANK30Jan201320PE.NFO,07/01/2020,09:36:41,56.95,58.25,500,60.5,1500,0,25000
HDFCBANK30Jan201320PE.NFO,07/01/2020,09:36:56,56.95,58.25,1000,60.5,1500,0,25000
HDFCBANK30Jan201320PE.NFO,07/01/2020,09:36:56,56.95,58.25,500,60.5,1500,0,25000
HDFCBANK30Jan201320PE.NFO,07/01/2020,09:36:58,56.95,58.35,500,60.5,1500,0,25000
HDFCBANK30Jan201320PE.NFO,07/01/2020,09:36:59,56.95,58.2,1000,60.5,1500,0,25000
HDFCBANK30Jan201320PE.NFO,07/01/2020,09:37:00,56.95,58.25,500,60.5,1500,0,25000
HDFCBANK30Jan201320PE.NFO,07/01/2020,09:37:02,56.95,56.8,3000,60.5,1500,0,25000
HDFCBANK30Jan201320PE.NFO,07/01/2020,09:37:03,56.95,58.1,1000,60.5,1500,0,25000
HDFCBANK30Jan201320PE.NFO,07/01/2020,09:37:03,56.95,58.15,500,60.5,1500,0,25000
HDFCBANK30Jan201320PE.NFO,07/01/2020,09:37:04,56.95,58.2,1000,60.5,1500,0,25000
HDFCBANK30Jan201320PE.NFO,07/01/2020,09:37:12,56.95,58.15,500,60.5,1500,0,25000
HDFCBANK30Jan201320PE.NFO,07/01/2020,09:37:13,56.95,58.2,1000,60.5,1500,0,25000
HDFCBANK30Jan201320PE.NFO,07/01/2020,09:37:15,56.95,58.25,500,60.5,1500,0,25000
HDFCBANK30Jan201320PE.NFO,07/01/2020,09:37:16,56.95,58.3,1000,60.5,1500,0,25000
HDFCBANK30Jan201320PE.NFO,07/01/2020,09:37:16,56.95,57.65,1000,60.5,1500,0,25000
HDFCBANK30Jan201320PE.NFO,07/01/2020,09:37:18,56.95,58.1,500,60.5,1500,0,25000
HDFCBANK30Jan201320PE.NFO,07/01/2020,09:37:19,56.95,58.2,1000,60.5,1500,0,25000
HDFCBANK30Jan201320PE.NFO,07/01/2020,09:37:20,56.95,56.95,2500,60.5,1500,0,25000
HDFCBANK30Jan201320PE.NFO,07/01/2020,09:37:21,56.95,57.9,2000,60.5,1500,0,25000
HDFCBANK30Jan201320PE.NFO,07/01/2020,09:37:22,56.95,58.1,500,60.5,1500,0,25000
HDFCBANK30Jan201320PE.NFO,07/01/2020,09:37:23,56.95,58.15,1000,60.5,1500,0,25000
HDFCBANK30Jan201320PE.NFO,07/01/2020,09:37:24,56.95,58.25,1000,60.5,1500,0,25000
HDFCBANK30Jan201320PE.NFO,07/01/2020,09:37:27,56.95,58.25,500,60.5,1500,0,25000
HDFCBANK30Jan201320PE.NFO,07/01/2020,09:37:28,56.95,58.3,500,60.5,1500,0,25000
HDFCBANK30Jan201320PE.NFO,07/01/2020,09:37:29,56.95,58.35,500,60.5,1500,0,25000
HDFCBANK30Jan201320PE.NFO,07/01/2020,09:37:30,56.95,57.2,2500,60.5,1500,0,25000
HDFCBANK30Jan201320PE.NFO,07/01/2020,09:37:31,56.95,57.3,3000,60.5,1500,0,25000
HDFCBANK30Jan201320PE.NFO,07/01/2020,09:37:33,56.95,57.6,1500,60.5,1500,0,25000
HDFCBANK30Jan201320PE.NFO,07/01/2020,09:37:33,56.95,57.9,1000,60.5,1500,0,25000
HDFCBANK30Jan201320PE.NFO,07/01/2020,09:37:34,56.95,58.05,500,60.5,1500,0,25000
HDFCBANK30Jan201320PE.NFO,07/01/2020,09:37:35,56.95,58.15,500,60.5,1500,0,25000
HDFCBANK30Jan201320PE.NFO,07/01/2020,09:37:36,56.95,57.6,1500,60.5,1500,0,25000
HDFCBANK30Jan201320PE.NFO,07/01/2020,09:37:38,56.95,57.75,500,60.5,1500,0,25000
HDFCBANK30Jan201320PE.NFO,07/01/2020,09:37:40,56.95,57.9,500,60.5,1500,0,25000
HDFCBANK30Jan201320PE.NFO,07/01/2020,09:37:41,56.95,58.05,500,60.5,1500,0,25000
HDFCBANK30Jan201320PE.NFO,07/01/2020,09:37:41,56.95,58.15,500,60.5,1500,0,25000
HDFCBANK30Jan201320PE.NFO,07/01/2020,09:37:42,56.95,57.9,500,60.5,1500,0,25000
HDFCBANK30Jan201320PE.NFO,07/01/2020,09:37:45,56.95,58.05,500,60.5,1500,0,25000
HDFCBANK30Jan201320PE.NFO,07/01/2020,09:37:46,56.95,58.15,500,60.5,1500,0,25000
HDFCBANK30Jan201320PE.NFO,07/01/2020,09:37:46,56.95,58.05,500,60.5,1500,0,25000
HDFCBANK30Jan201320PE.NFO,07/01/2020,09:37:51,56.95,56.65,3000,60.5,1500,0,25000
HDFCBANK30Jan201320PE.NFO,07/01/2020,09:37:54,56.95,57.6,1000,60.5,1500,0,25000
HDFCBANK30Jan201320PE.NFO,07/01/2020,09:37:55,56.95,57.8,500,60.5,1500,0,25000
HDFCBANK30Jan201320PE.NFO,07/01/2020,09:37:56,56.95,57.9,500,60.5,1500,0,25000
HDFCBANK30Jan201320PE.NFO,07/01/2020,09:37:56,56.95,58,500,60.5,1500,0,25000
HDFCBANK30Jan201320PE.NFO,07/01/2020,09:37:57,56.95,57.7,500,60.5,1500,0,25000
HDFCBANK30Jan201320PE.NFO,07/01/2020,09:37:58,56.95,57.85,500,60.5,1500,0,25000
HDFCBANK30Jan201320PE.NFO,07/01/2020,09:37:59,56.95,57.95,500,60.5,1500,0,25000
HDFCBANK30Jan201320PE.NFO,07/01/2020,09:38:00,56.95,58.05,500,60.5,1500,0,25000
HDFCBANK30Jan201320PE.NFO,07/01/2020,09:38:07,56.95,57.75,500,60.5,1500,0,25000
HDFCBANK30Jan201320PE.NFO,07/01/2020,09:38:07,56.95,57.85,500,60.5,1500,0,25000
HDFCBANK30Jan201320PE.NFO,07/01/2020,09:38:09,56.95,57.95,500,60.5,1500,0,25000
HDFCBANK30Jan201320PE.NFO,07/01/2020,09:38:10,56.95,57.8,500,60.5,1500,0,25000
HDFCBANK30Jan201320PE.NFO,07/01/2020,09:38:12,56.95,57.9,500,60.5,1500,0,25000
HDFCBANK30Jan201320PE.NFO,07/01/2020,09:38:19,56.95,57.75,500,60.5,1500,0,25000
HDFCBANK30Jan201320PE.NFO,07/01/2020,09:38:23,56.95,56.75,5000,60.5,1500,0,25000
HDFCBANK30Jan201320PE.NFO,07/01/2020,09:38:28,56.95,57.65,1500,60.5,1500,0,25000
HDFCBANK30Jan201320PE.NFO,07/01/2020,09:38:32,56.95,58.1,500,60.5,1500,0,25000
HDFCBANK30Jan201320PE.NFO,07/01/2020,09:38:36,56.95,58,500,60.5,1500,0,25000
HDFCBANK30Jan201320PE.NFO,07/01/2020,09:38:41,56.95,57.95,1000,60.5,1500,0,25000
HDFCBANK30Jan201320PE.NFO,07/01/2020,09:38:45,56.95,58.2,1000,60.5,1500,0,25000
HDFCBANK30Jan201320PE.NFO,07/01/2020,09:38:50,56.95,58.3,500,60.5,1500,0,25000
HDFCBANK30Jan201320PE.NFO,07/01/2020,09:38:54,56.95,58.35,1000,60.5,1500,0,25000
HDFCBANK30Jan201320PE.NFO,07/01/2020,09:38:58,56.95,57.9,2000,60.5,1500,0,25000
HDFCBANK30Jan201320PE.NFO,07/01/2020,09:39:11,56.95,56.9,2500,60.5,1500,0,25000
HDFCBANK30Jan201320PE.NFO,07/01/2020,09:39:15,56.95,58,1000,60.5,1500,0,25000
HDFCBANK30Jan201320PE.NFO,07/01/2020,09:39:20,56.95,57.75,500,60.5,1500,0,25000
HDFCBANK30Jan201320PE.NFO,07/01/2020,09:39:25,56.95,57.7,500,60.5,1500,0,25000
HDFCBANK30Jan201320PE.NFO,07/01/2020,09:39:30,56.95,57.75,500,60.5,1500,0,25000
HDFCBANK30Jan201320PE.NFO,07/01/2020,09:39:34,56.95,57.4,1500,60.5,1500,0,25000
HDFCBANK30Jan201320PE.NFO,07/01/2020,09:39:38,56.95,56.25,2500,59.65,500,0,25000
HDFCBANK30Jan201320PE.NFO,07/01/2020,09:39:42,56.95,56.25,2500,59.45,1000,0,25000
HDFCBANK30Jan201320PE.NFO,07/01/2020,09:39:46,56.95,57.35,500,60.9,2000,0,25000
HDFCBANK30Jan201320PE.NFO,07/01/2020,09:39:50,56.95,57.4,500,60.5,1000,0,25000
HDFCBANK30Jan201320PE.NFO,07/01/2020,09:39:54,56.95,57.4,500,60.1,1000,0,25000
HDFCBANK30Jan201320PE.NFO,07/01/2020,09:39:58,56.95,57.45,500,59.6,500,0,25000
HDFCBANK30Jan201320PE.NFO,07/01/2020,09:40:02,56.95,57.45,500,59.4,500,0,25000
HDFCBANK30Jan201320PE.NFO,07/01/2020,09:40:08,56.95,57.2,500,59.35,500,0,25000
HDFCBANK30Jan201320PE.NFO,07/01/2020,09:40:13,56.95,56,3000,60.6,1500,0,25000
HDFCBANK30Jan201320PE.NFO,07/01/2020,09:40:18,56.95,56.9,500,60.1,1000,0,25000
HDFCBANK30Jan201320PE.NFO,07/01/2020,09:40:24,56.95,57.15,500,59.5,1000,0,25000
HDFCBANK30Jan201320PE.NFO,07/01/2020,09:40:28,56.95,56.95,500,59,500,0,25000
HDFCBANK30Jan201320PE.NFO,07/01/2020,09:40:33,56.95,55.75,3000,58.95,500,0,25000
HDFCBANK30Jan201320PE.NFO,07/01/2020,09:40:38,56.95,57.05,500,59.15,500,0,25000
HDFCBANK30Jan201320PE.NFO,07/01/2020,09:40:43,56.95,57,500,59.25,500,0,25000
HDFCBANK30Jan201320PE.NFO,07/01/2020,09:40:48,56.95,56.35,500,58.95,500,0,25000
HDFCBANK30Jan201320PE.NFO,07/01/2020,09:40:52,56.95,55.5,3000,58.9,500,0,25000
HDFCBANK30Jan201320PE.NFO,07/01/2020,09:40:56,56.95,55.5,3000,58.8,500,0,25000
HDFCBANK30Jan201320PE.NFO,07/01/2020,09:41:02,56.95,55.5,3000,58.7,1000,0,25000
HDFCBANK30Jan201320PE.NFO,07/01/2020,09:41:08,56.95,55.7,2500,58.6,500,0,25000
HDFCBANK30Jan201320PE.NFO,07/01/2020,09:41:13,56.95,56.65,500,58.7,500,0,25000
HDFCBANK30Jan201320PE.NFO,07/01/2020,09:41:18,56.95,57.05,500,59.05,500,0,25000
HDFCBANK30Jan201320PE.NFO,07/01/2020,09:41:22,56.95,56.5,1500,58.95,500,0,25000
HDFCBANK30Jan201320PE.NFO,07/01/2020,09:41:26,56.95,56.95,500,58.9,500,0,25000
HDFCBANK30Jan201320PE.NFO,07/01/2020,09:41:31,56.95,56.95,500,59.3,1000,0,25000
HDFCBANK30Jan201320PE.NFO,07/01/2020,09:41:36,56.95,56.65,500,58.8,1000,0,25000
HDFCBANK30Jan201320PE.NFO,07/01/2020,09:41:41,56.95,56.65,500,60.15,2000,0,25000
HDFCBANK30Jan201320PE.NFO,07/01/2020,09:41:46,56.95,56.75,500,60.15,2000,0,25000
HDFCBANK30Jan201320PE.NFO,07/01/2020,09:41:51,56.95,56.6,500,59.95,1500,0,25000
HDFCBANK30Jan201320PE.NFO,07/01/2020,09:41:57,56.95,56.75,500,59.15,1000,0,25000
HDFCBANK30Jan201320PE.NFO,07/01/2020,09:42:04,56.95,57.35,500,59.75,1000,0,25000
HDFCBANK30Jan201320PE.NFO,07/01/2020,09:42:11,56.95,57.65,500,59.65,500,0,25000
HDFCBANK30Jan201320PE.NFO,07/01/2020,09:42:17,56.95,57.25,500,60.35,1000,0,25000
HDFCBANK30Jan201320PE.NFO,07/01/2020,09:42:23,56.95,57.35,500,59.65,1000,0,25000
HDFCBANK30Jan201320PE.NFO,07/01/2020,09:42:31,56.95,57.25,500,59.7,1000,0,25000
HDFCBANK30Jan201320PE.NFO,07/01/2020,09:42:38,56.95,56.4,2000,59.5,500,0,25000
HDFCBANK30Jan201320PE.NFO,07/01/2020,09:42:44,56.95,57.55,500,60.25,1000,0,25000
HDFCBANK30Jan201320PE.NFO,07/01/2020,09:42:50,56.95,58,500,61.2,2000,0,25000
HDFCBANK30Jan201320PE.NFO,07/01/2020,09:42:57,56.95,57.9,500,61.2,2000,0,25000
HDFCBANK30Jan201320PE.NFO,07/01/2020,09:43:03,56.95,58.1,500,61.2,2000,0,25000
HDFCBANK30Jan201320PE.NFO,07/01/2020,09:43:08,56.95,57.8,500,61.2,2000,0,25000
HDFCBANK30Jan201320PE.NFO,07/01/2020,09:43:16,56.95,57.9,500,61.2,2000,0,25000
HDFCBANK30Jan201320PE.NFO,07/01/2020,09:43:19,56.95,56.35,2500,61.2,2000,0,25000
HDFCBANK30Jan201320PE.NFO,07/01/2020,09:43:20,56.95,56.75,2500,61.2,2000,0,25000
HDFCBANK30Jan201320PE.NFO,07/01/2020,09:43:21,56.95,56.95,1500,61.2,2000,0,25000
HDFCBANK30Jan201320PE.NFO,07/01/2020,09:43:22,56.95,57.05,1500,61,1500,0,25000
HDFCBANK30Jan201320PE.NFO,07/01/2020,09:43:23,56.95,57.35,500,60.8,1000,0,25000
HDFCBANK30Jan201320PE.NFO,07/01/2020,09:43:23,56.95,57.55,500,60.8,1500,0,25000
HDFCBANK30Jan201320PE.NFO,07/01/2020,09:43:24,56.95,57.75,500,60.6,1000,0,25000
HDFCBANK30Jan201320PE.NFO,07/01/2020,09:43:25,56.95,57.5,500,60.4,1000,0,25000
HDFCBANK30Jan201320PE.NFO,07/01/2020,09:43:26,56.95,57.55,500,60.3,1000,0,25000
HDFCBANK30Jan201320PE.NFO,07/01/2020,09:43:27,56.95,57.55,500,60.2,1000,0,25000
HDFCBANK30Jan201320PE.NFO,07/01/2020,09:43:29,56.95,57.75,500,60,500,0,25000
HDFCBANK30Jan201320PE.NFO,07/01/2020,09:43:30,56.95,57.75,500,59.9,500,0,25000
HDFCBANK30Jan201320PE.NFO,07/01/2020,09:43:30,56.95,57.75,500,59.8,500,0,25000
HDFCBANK30Jan201320PE.NFO,07/01/2020,09:43:32,56.95,57.75,500,59.7,500,0,25000
HDFCBANK30Jan201320PE.NFO,07/01/2020,09:43:33,56.95,57.75,500,60.65,1000,0,25000
HDFCBANK30Jan201320PE.NFO,07/01/2020,09:43:34,56.95,57.75,500,60.45,1000,0,25000
HDFCBANK30Jan201320PE.NFO,07/01/2020,09:43:35,56.95,57.75,500,60.35,1000,0,25000
HDFCBANK30Jan201320PE.NFO,07/01/2020,09:43:36,56.95,57.75,500,60.25,1000,0,25000
HDFCBANK30Jan201320PE.NFO,07/01/2020,09:43:37,56.95,57.75,500,60.15,1000,0,25000
HDFCBANK30Jan201320PE.NFO,07/01/2020,09:43:38,56.95,57.75,500,60.05,1000,0,25000
HDFCBANK30Jan201320PE.NFO,07/01/2020,09:43:39,56.95,56.25,6000,59.95,500,0,25000
HDFCBANK30Jan201320PE.NFO,07/01/2020,09:43:40,56.95,56.55,2500,59.75,500,0,25000
HDFCBANK30Jan201320PE.NFO,07/01/2020,09:43:41,56.95,56.65,2000,59.75,500,0,25000
HDFCBANK30Jan201320PE.NFO,07/01/2020,09:43:42,56.95,57.45,500,59.65,500,0,25000
HDFCBANK30Jan201320PE.NFO,07/01/2020,09:43:43,56.95,57.45,500,59.45,500,0,25000
HDFCBANK30Jan201320PE.NFO,07/01/2020,09:43:44,56.95,57.45,500,59.35,500,0,25000
HDFCBANK30Jan201320PE.NFO,07/01/2020,09:43:45,56.95,57.45,500,59.25,500,0,25000
HDFCBANK30Jan201320PE.NFO,07/01/2020,09:43:47,56.95,57.45,500,61,3500,0,25000
HDFCBANK30Jan201320PE.NFO,07/01/2020,09:43:47,56.95,57.5,500,60.8,1500,0,25000
HDFCBANK30Jan201320PE.NFO,07/01/2020,09:43:49,56.95,57.6,500,60.6,1500,0,25000
HDFCBANK30Jan201320PE.NFO,07/01/2020,09:43:50,56.95,57.6,500,60.5,1000,0,25000
HDFCBANK30Jan201320PE.NFO,07/01/2020,09:43:51,56.95,57.6,500,60.4,1000,0,25000
HDFCBANK30Jan201320PE.NFO,07/01/2020,09:43:52,56.95,57.65,500,60.3,1000,0,25000
HDFCBANK30Jan201320PE.NFO,07/01/2020,09:43:53,56.95,57.65,1000,60.2,1000,0,25000
HDFCBANK30Jan201320PE.NFO,07/01/2020,09:43:54,56.95,57.65,1000,60.1,1000,0,25000
HDFCBANK30Jan201320PE.NFO,07/01/2020,09:43:56,56.95,57.8,500,59.9,500,0,25000
HDFCBANK30Jan201320PE.NFO,07/01/2020,09:43:56,56.95,57.8,500,59.8,500,0,25000
HDFCBANK30Jan201320PE.NFO,07/01/2020,09:43:57,56.95,57.8,500,59.7,500,0,25000
HDFCBANK30Jan201320PE.NFO,07/01/2020,09:43:59,56.95,57.9,500,59.7,500,0,25000
HDFCBANK30Jan201320PE.NFO,07/01/2020,09:44:00,56.95,56.45,3000,59.65,500,0,25000
HDFCBANK30Jan201320PE.NFO,07/01/2020,09:44:01,56.95,56.45,3000,59.55,500,0,25000
HDFCBANK30Jan201320PE.NFO,07/01/2020,09:44:02,56.95,56.45,3000,59.6,500,0,25000
HDFCBANK30Jan201320PE.NFO,07/01/2020,09:44:02,56.95,56.45,3000,59.55,500,0,25000
HDFCBANK30Jan201320PE.NFO,07/01/2020,09:44:03,56.95,56.45,3000,59.5,500,0,25000
HDFCBANK30Jan201320PE.NFO,07/01/2020,09:44:04,56.95,56.45,3000,59.55,500,0,25000
HDFCBANK30Jan201320PE.NFO,07/01/2020,09:44:05,56.95,56.45,3000,59.5,500,0,25000
HDFCBANK30Jan201320PE.NFO,07/01/2020,09:44:08,56.95,56.45,3000,59.6,500,0,25000
HDFCBANK30Jan201320PE.NFO,07/01/2020,09:44:10,56.95,56.65,2500,60.75,2000,0,25000
HDFCBANK30Jan201320PE.NFO,07/01/2020,09:44:10,56.95,56.75,2500,60.65,1000,0,25000
HDFCBANK30Jan201320PE.NFO,07/01/2020,09:44:12,56.95,57.55,500,60.55,1000,0,25000
HDFCBANK30Jan201320PE.NFO,07/01/2020,09:44:14,56.95,57.75,500,60.25,1000,0,25000
HDFCBANK30Jan201320PE.NFO,07/01/2020,09:44:15,56.95,57.7,500,60.15,1000,0,25000
HDFCBANK30Jan201320PE.NFO,07/01/2020,09:44:15,56.95,57.75,500,60.05,1000,0,25000
HDFCBANK30Jan201320PE.NFO,07/01/2020,09:44:16,56.95,57.8,500,59.95,1000,0,25000
HDFCBANK30Jan201320PE.NFO,07/01/2020,09:44:17,56.95,57.8,500,59.85,500,0,25000
HDFCBANK30Jan201320PE.NFO,07/01/2020,09:44:18,56.95,57.8,500,59.75,500,0,25000
HDFCBANK30Jan201320PE.NFO,07/01/2020,09:44:19,56.95,57.8,500,59.7,500,0,25000
HDFCBANK30Jan201320PE.NFO,07/01/2020,09:44:20,56.95,57.8,500,59.75,500,0,25000
HDFCBANK30Jan201320PE.NFO,07/01/2020,09:44:21,56.95,57.8,500,59.75,1000,0,25000
HDFCBANK30Jan201320PE.NFO,07/01/2020,09:44:24,56.95,57.8,500,61.1,2000,0,25000
HDFCBANK30Jan201320PE.NFO,07/01/2020,09:44:35,56.95,57.1,1500,61.1,2000,0,25000
HDFCBANK30Jan201320PE.NFO,07/01/2020,09:44:36,56.95,57.45,500,61.1,2000,0,25000
HDFCBANK30Jan201320PE.NFO,07/01/2020,09:44:37,56.95,57.45,500,60.8,1500,0,25000
HDFCBANK30Jan201320PE.NFO,07/01/2020,09:44:38,56.95,57.15,1500,60.5,1500,0,25000
HDFCBANK30Jan201320PE.NFO,07/01/2020,09:44:39,56.95,57.15,1500,60.4,1500,0,25000
HDFCBANK30Jan201320PE.NFO,07/01/2020,09:44:40,56.95,57.15,1500,60.3,1500,0,25000
HDFCBANK30Jan201320PE.NFO,07/01/2020,09:44:40,56.95,57.15,1500,60.2,1500,0,25000
HDFCBANK30Jan201320PE.NFO,07/01/2020,09:44:41,56.95,57.15,1500,60.1,1500,0,25000
HDFCBANK30Jan201320PE.NFO,07/01/2020,09:44:42,56.95,57.15,1500,59.9,1500,0,25000
HDFCBANK30Jan201320PE.NFO,07/01/2020,09:44:44,56.95,57.15,1500,59.6,1500,0,25000
HDFCBANK30Jan201320PE.NFO,07/01/2020,09:44:45,56.95,57.15,1500,59.5,500,0,25000
HDFCBANK30Jan201320PE.NFO,07/01/2020,09:44:46,56.95,57.15,1500,59.3,500,0,25000
HDFCBANK30Jan201320PE.NFO,07/01/2020,09:44:47,56.95,57.15,1500,59.2,500,0,25000
HDFCBANK30Jan201320PE.NFO,07/01/2020,09:44:48,56.95,57.15,1500,59.1,500,0,25000
HDFCBANK30Jan201320PE.NFO,07/01/2020,09:44:49,56.95,56.65,1000,59.1,1000,0,25000
HDFCBANK30Jan201320PE.NFO,07/01/2020,09:44:50,56.95,56.75,1000,59,500,0,25000
HDFCBANK30Jan201320PE.NFO,07/01/2020,09:44:51,56.95,56.85,500,58.9,500,0,25000
HDFCBANK30Jan201320PE.NFO,07/01/2020,09:44:53,56.95,56.9,500,58.8,500,0,25000
HDFCBANK30Jan201320PE.NFO,07/01/2020,09:44:54,56.95,56.7,500,58.6,500,0,25000
HDFCBANK30Jan201320PE.NFO,07/01/2020,09:44:55,56.95,55.6,5500,58.6,1500,0,25000
HDFCBANK30Jan201320PE.NFO,07/01/2020,09:44:56,56.95,56.1,1500,58.6,500,0,25000
HDFCBANK30Jan201320PE.NFO,07/01/2020,09:44:56,56.95,56.2,1500,58.6,500,0,25000
HDFCBANK30Jan201320PE.NFO,07/01/2020,09:44:57,56.95,56.3,1500,58.7,1000,0,25000
HDFCBANK30Jan201320PE.NFO,07/01/2020,09:44:58,56.95,56.4,1500,58.7,1000,0,25000
HDFCBANK30Jan201320PE.NFO,07/01/2020,09:45:00,56.95,56.5,1000,58.7,1000,0,25000
HDFCBANK30Jan201320PE.NFO,07/01/2020,09:45:01,56.95,56.6,1000,58.7,1000,0,25000
HDFCBANK30Jan201320PE.NFO,07/01/2020,09:45:02,56.95,56.6,1000,58.7,500,0,25000
HDFCBANK30Jan201320PE.NFO,07/01/2020,09:45:03,56.95,56.7,500,58.6,500,0,25000
HDFCBANK30Jan201320PE.NFO,07/01/2020,09:45:04,56.95,56.7,500,58.6,1000,0,25000
HDFCBANK30Jan201320PE.NFO,07/01/2020,09:45:06,56.95,56.75,500,58.6,1000,0,25000
HDFCBANK30Jan201320PE.NFO,07/01/2020,09:45:07,56.95,56.75,1000,58.6,1000,0,25000
HDFCBANK30Jan201320PE.NFO,07/01/2020,09:45:08,56.95,56.75,500,58.6,1000,0,25000
HDFCBANK30Jan201320PE.NFO,07/01/2020,09:45:09,56.95,56.55,500,58.6,500,0,25000
HDFCBANK30Jan201320PE.NFO,07/01/2020,09:45:10,56.95,56.7,500,58.55,500,0,25000
HDFCBANK30Jan201320PE.NFO,07/01/2020,09:45:10,56.95,56.55,500,58.5,500,0,25000
HDFCBANK30Jan201320PE.NFO,07/01/2020,09:45:11,56.95,56.6,500,58.4,500,0,25000
HDFCBANK30Jan201320PE.NFO,07/01/2020,09:45:18,56.95,56.85,500,58.7,500,0,25000
HDFCBANK30Jan201320PE.NFO,07/01/2020,09:45:24,56.95,57.2,500,59.1,500,0,25000
HDFCBANK30Jan201320PE.NFO,07/01/2020,09:45:30,56.95,57.05,500,58.8,500,0,25000
HDFCBANK30Jan201320PE.NFO,07/01/2020,09:45:36,56.95,57,500,58.95,500,0,25000
HDFCBANK30Jan201320PE.NFO,07/01/2020,09:45:42,56.95,57.05,500,59.15,500,0,25000
HDFCBANK30Jan201320PE.NFO,07/01/2020,09:45:48,56.95,57.15,500,58.95,500,0,25000
HDFCBANK30Jan201320PE.NFO,07/01/2020,09:45:53,56.95,55.9,3000,58.95,500,0,25000
HDFCBANK30Jan201320PE.NFO,07/01/2020,09:45:59,56.95,55.9,3000,59.1,1500,0,25000
HDFCBANK30Jan201320PE.NFO,07/01/2020,09:46:04,56.95,55.9,3000,59.1,1000,0,25000
HDFCBANK30Jan201320PE.NFO,07/01/2020,09:46:24,56.95,55.9,3000,58.95,500,0,25000
HDFCBANK30Jan201320PE.NFO,07/01/2020,09:46:26,56.95,55.9,3000,58.9,500,0,25000
HDFCBANK30Jan201320PE.NFO,07/01/2020,09:46:27,56.95,55.9,3000,59.05,500,0,25000
HDFCBANK30Jan201320PE.NFO,07/01/2020,09:46:29,56.95,55.9,3000,59,500,0,25000
HDFCBANK30Jan201320PE.NFO,07/01/2020,09:46:31,56.95,55.9,3000,59,1000,0,25000
HDFCBANK30Jan201320PE.NFO,07/01/2020,09:46:32,56.95,55.9,3000,58.9,500,0,25000
HDFCBANK30Jan201320PE.NFO,07/01/2020,09:46:33,56.95,55.9,3000,58.85,500,0,25000
HDFCBANK30Jan201320PE.NFO,07/01/2020,09:46:33,56.95,56.3,1000,59.05,500,0,25000
HDFCBANK30Jan201320PE.NFO,07/01/2020,09:46:34,56.95,56.8,500,58.85,500,0,25000
HDFCBANK30Jan201320PE.NFO,07/01/2020,09:46:37,56.95,56.8,500,58.8,500,0,25000
HDFCBANK30Jan201320PE.NFO,07/01/2020,09:46:39,56.95,56.85,500,58.95,1000,0,25000
HDFCBANK30Jan201320PE.NFO,07/01/2020,09:46:40,56.95,56.9,500,58.95,500,0,25000
HDFCBANK30Jan201320PE.NFO,07/01/2020,09:46:42,56.95,57,500,58.95,500,0,25000
HDFCBANK30Jan201320PE.NFO,07/01/2020,09:46:44,56.95,57.05,500,58.95,500,0,25000
HDFCBANK30Jan201320PE.NFO,07/01/2020,09:46:51,56.95,57.25,500,59.3,500,0,25000
HDFCBANK30Jan201320PE.NFO,07/01/2020,09:46:52,56.95,57.35,500,59.3,500,0,25000
HDFCBANK30Jan201320PE.NFO,07/01/2020,09:46:53,56.95,57.45,500,59.3,500,0,25000
HDFCBANK30Jan201320PE.NFO,07/01/2020,09:46:54,56.95,57.35,500,59.45,500,0,25000
HDFCBANK30Jan201320PE.NFO,07/01/2020,09:46:55,56.95,57.35,500,59.35,500,0,25000
HDFCBANK30Jan201320PE.NFO,07/01/2020,09:46:57,56.95,57.4,500,59.35,500,0,25000
HDFCBANK30Jan201320PE.NFO,07/01/2020,09:46:58,56.95,57.45,500,59.35,500,0,25000
HDFCBANK30Jan201320PE.NFO,07/01/2020,09:46:59,56.95,57.55,500,59.6,1000,0,25000
HDFCBANK30Jan201320PE.NFO,07/01/2020,09:47:01,56.95,57.55,500,59.5,1000,0,25000
HDFCBANK30Jan201320PE.NFO,07/01/2020,09:47:02,56.95,57.55,500,59.4,500,0,25000
HDFCBANK30Jan201320PE.NFO,07/01/2020,09:47:05,56.95,57.55,500,60.85,2000,0,25000
HDFCBANK30Jan201320PE.NFO,07/01/2020,09:47:05,56.95,57.55,500,60.7,1500,0,25000
HDFCBANK30Jan201320PE.NFO,07/01/2020,09:47:06,56.95,56.1,3000,60.6,2000,0,25000
HDFCBANK30Jan201320PE.NFO,07/01/2020,09:47:07,56.95,56.1,3000,60.5,2000,0,25000
HDFCBANK30Jan201320PE.NFO,07/01/2020,09:47:08,56.95,56.1,3000,60.4,1500,0,25000
HDFCBANK30Jan201320PE.NFO,07/01/2020,09:47:10,56.95,56.2,2500,60.3,1500,0,25000
HDFCBANK30Jan201320PE.NFO,07/01/2020,09:47:11,56.95,57.25,500,60.1,1500,0,25000
HDFCBANK30Jan201320PE.NFO,07/01/2020,09:47:12,56.95,57.3,500,60,1500,0,25000
HDFCBANK30Jan201320PE.NFO,07/01/2020,09:47:16,56.95,57.4,500,59.6,1500,0,25000
HDFCBANK30Jan201320PE.NFO,07/01/2020,09:47:20,56.95,57.5,500,60.6,1500,0,25000
HDFCBANK30Jan201320PE.NFO,07/01/2020,09:47:24,56.95,57.5,500,60.2,1500,0,25000
HDFCBANK30Jan201320PE.NFO,07/01/2020,09:47:29,56.95,57.5,500,59.6,1500,0,25000
HDFCBANK30Jan201320PE.NFO,07/01/2020,09:47:34,56.95,57.5,500,60.45,1500,0,25000
HDFCBANK30Jan201320PE.NFO,07/01/2020,09:47:38,56.95,57.25,500,60.05,1500,0,25000
HDFCBANK30Jan201320PE.NFO,07/01/2020,09:47:43,56.95,57.4,500,59.45,500,0,25000
HDFCBANK30Jan201320PE.NFO,07/01/2020,09:47:46,56.95,57.25,500,60.45,2000,0,25000
HDFCBANK30Jan201320PE.NFO,07/01/2020,09:47:50,56.95,57.3,500,60.05,1500,0,25000
HDFCBANK30Jan201320PE.NFO,07/01/2020,09:47:55,56.95,57.3,500,59.55,1500,0,25000
HDFCBANK30Jan201320PE.NFO,07/01/2020,09:47:59,56.95,57.3,500,59.1,500,0,25000
HDFCBANK30Jan201320PE.NFO,07/01/2020,09:48:03,56.95,57.3,500,60.3,1000,0,25000
HDFCBANK30Jan201320PE.NFO,07/01/2020,09:48:06,56.95,57.5,500,59.4,500,0,25000
HDFCBANK30Jan201320PE.NFO,07/01/2020,09:48:10,56.95,57.5,500,60.25,1000,0,25000
HDFCBANK30Jan201320PE.NFO,07/01/2020,09:48:15,56.95,57.5,500,59.85,1000,0,25000
HDFCBANK30Jan201320PE.NFO,07/01/2020,09:48:19,56.95,57.75,500,59.6,500,0,25000
HDFCBANK30Jan201320PE.NFO,07/01/2020,09:48:22,56.95,57.8,500,60.5,1000,0,25000
HDFCBANK30Jan201320PE.NFO,07/01/2020,09:48:26,56.95,57.85,500,60.1,1000,0,25000
HDFCBANK30Jan201320PE.NFO,07/01/2020,09:48:30,56.95,57.9,500,59.85,500,0,25000
HDFCBANK30Jan201320PE.NFO,07/01/2020,09:48:34,56.95,57.9,500,59.8,500,0,25000
HDFCBANK30Jan201320PE.NFO,07/01/2020,09:48:39,56.95,57.15,2500,59.7,500,0,25000
HDFCBANK30Jan201320PE.NFO,07/01/2020,09:48:43,56.95,57.15,2000,60.55,1500,0,25000
HDFCBANK30Jan201320PE.NFO,07/01/2020,09:48:48,56.95,57.15,2000,60.05,1000,0,25000
HDFCBANK30Jan201320PE.NFO,07/01/2020,09:48:52,56.95,57.7,500,59.55,500,0,25000
HDFCBANK30Jan201320PE.NFO,07/01/2020,09:48:55,56.95,57.7,500,60.85,2000,0,25000
HDFCBANK30Jan201320PE.NFO,07/01/2020,09:48:59,56.95,57.8,500,60.35,1000,0,25000
HDFCBANK30Jan201320PE.NFO,07/01/2020,09:49:04,56.95,58,500,59.85,500,0,25000
HDFCBANK30Jan201320PE.NFO,07/01/2020,09:49:13,56.95,58.05,500,60.85,1500,0,25000
HDFCBANK30Jan201320PE.NFO,07/01/2020,09:49:14,56.95,57.2,4500,60.75,1000,0,25000
HDFCBANK30Jan201320PE.NFO,07/01/2020,09:49:15,56.95,57.3,2500,60.65,1500,0,25000
HDFCBANK30Jan201320PE.NFO,07/01/2020,09:49:16,56.95,57.85,1000,60.45,1000,0,25000
HDFCBANK30Jan201320PE.NFO,07/01/2020,09:49:17,56.95,57.9,500,60.45,1500,0,25000
HDFCBANK30Jan201320PE.NFO,07/01/2020,09:49:18,56.95,58.25,500,60.25,1000,0,25000
HDFCBANK30Jan201320PE.NFO,07/01/2020,09:49:19,56.95,58.3,500,60.25,1000,0,25000
HDFCBANK30Jan201320PE.NFO,07/01/2020,09:49:20,56.95,58.3,500,60.25,500,0,25000
HDFCBANK30Jan201320PE.NFO,07/01/2020,09:49:21,56.95,58.35,500,61.7,2000,0,25000
HDFCBANK30Jan201320PE.NFO,07/01/2020,09:49:22,56.95,58.55,500,61.45,1500,0,25000
HDFCBANK30Jan201320PE.NFO,07/01/2020,09:49:23,56.95,58.65,500,61.35,1000,0,25000
HDFCBANK30Jan201320PE.NFO,07/01/2020,09:49:24,56.95,58.75,500,61.25,1500,0,25000
HDFCBANK30Jan201320PE.NFO,07/01/2020,09:49:25,56.95,58.85,500,61.15,1000,0,25000
HDFCBANK30Jan201320PE.NFO,07/01/2020,09:49:26,56.95,58.95,500,61.05,1500,0,25000
HDFCBANK30Jan201320PE.NFO,07/01/2020,09:49:27,56.95,58.9,500,60.95,1000,0,25000
HDFCBANK30Jan201320PE.NFO,07/01/2020,09:49:28,56.95,58.95,500,60.85,500,0,25000
HDFCBANK30Jan201320PE.NFO,07/01/2020,09:49:29,56.95,58.95,500,60.8,500,0,25000
HDFCBANK30Jan201320PE.NFO,07/01/2020,09:49:30,56.95,59.1,500,61,500,0,25000
HDFCBANK30Jan201320PE.NFO,07/01/2020,09:49:31,56.95,59.15,500,62.15,2000,0,25000
HDFCBANK30Jan201320PE.NFO,07/01/2020,09:49:32,56.95,59.25,1000,61.55,1500,0,25000
HDFCBANK30Jan201320PE.NFO,07/01/2020,09:49:32,56.95,59.05,500,61.55,1500,0,25000
HDFCBANK30Jan201320PE.NFO,07/01/2020,09:49:34,56.95,59.2,1000,61.45,1000,0,25000
HDFCBANK30Jan201320PE.NFO,07/01/2020,09:49:35,56.95,59.3,500,61.3,1000,0,25000
HDFCBANK30Jan201320PE.NFO,07/01/2020,09:49:36,56.95,59.35,500,61.1,500,0,25000
HDFCBANK30Jan201320PE.NFO,07/01/2020,09:49:37,56.95,59.35,500,61.15,500,0,25000
HDFCBANK30Jan201320PE.NFO,07/01/2020,09:49:37,56.95,59.4,500,61.35,500,0,25000
HDFCBANK30Jan201320PE.NFO,07/01/2020,09:49:38,56.95,59.4,500,62.65,2500,0,25000
HDFCBANK30Jan201320PE.NFO,07/01/2020,09:49:39,56.95,59.4,500,62.5,2000,0,25000
HDFCBANK30Jan201320PE.NFO,07/01/2020,09:49:41,56.95,59.5,500,62.2,1500,0,25000
HDFCBANK30Jan201320PE.NFO,07/01/2020,09:49:41,56.95,59.3,500,62.1,1500,0,25000
HDFCBANK30Jan201320PE.NFO,07/01/2020,09:49:42,56.95,59.3,500,61.9,1500,0,25000
HDFCBANK30Jan201320PE.NFO,07/01/2020,09:49:43,56.95,58.95,2000,61.8,1000,0,25000
HDFCBANK30Jan201320PE.NFO,07/01/2020,09:49:44,56.95,59.05,500,61.7,1000,0,25000
HDFCBANK30Jan201320PE.NFO,07/01/2020,09:49:45,56.95,59.1,500,61.5,1000,0,25000
HDFCBANK30Jan201320PE.NFO,07/01/2020,09:49:48,56.95,59.15,1000,61.25,500,0,25000
HDFCBANK30Jan201320PE.NFO,07/01/2020,09:49:48,56.95,57.65,3000,62.45,2000,0,25000
HDFCBANK30Jan201320PE.NFO,07/01/2020,09:49:49,56.95,59.1,500,62.35,2000,0,25000
HDFCBANK30Jan201320PE.NFO,07/01/2020,09:49:50,56.95,59.2,500,62.05,1500,0,25000
HDFCBANK30Jan201320PE.NFO,07/01/2020,09:49:51,56.95,57.6,3500,61,500,0,25000
HDFCBANK30Jan201320PE.NFO,07/01/2020,09:49:53,56.95,57.9,2000,61,500,0,25000
HDFCBANK30Jan201320PE.NFO,07/01/2020,09:49:54,56.95,58.9,500,61.05,500,0,25000
HDFCBANK30Jan201320PE.NFO,07/01/2020,09:49:55,56.95,58.95,500,60.9,1000,0,25000
HDFCBANK30Jan201320PE.NFO,07/01/2020,09:49:56,56.95,58.7,1000,60.85,500,0,25000
HDFCBANK30Jan201320PE.NFO,07/01/2020,09:49:56,56.95,58.85,500,60.85,1000,0,25000
HDFCBANK30Jan201320PE.NFO,07/01/2020,09:49:58,56.95,59.05,500,61,500,0,25000
HDFCBANK30Jan201320PE.NFO,07/01/2020,09:49:59,56.95,59.05,500,61.05,500,0,25000
HDFCBANK30Jan201320PE.NFO,07/01/2020,09:50:00,56.95,58.35,1000,61.8,500,0,25000
HDFCBANK30Jan201320PE.NFO,07/01/2020,09:50:01,56.95,59.1,500,61.15,500,0,25000
HDFCBANK30Jan201320PE.NFO,07/01/2020,09:50:02,56.95,59.2,500,62.2,2500,0,25000
HDFCBANK30Jan201320PE.NFO,07/01/2020,09:50:03,56.95,57.55,3000,61.05,500,0,25000
HDFCBANK30Jan201320PE.NFO,07/01/2020,09:50:04,56.95,58.85,1000,61,1000,0,25000
HDFCBANK30Jan201320PE.NFO,07/01/2020,09:50:05,56.95,58.9,500,61,500,0,25000
HDFCBANK30Jan201320PE.NFO,07/01/2020,09:50:06,56.95,58.95,1000,62.65,6500,0,25000
HDFCBANK30Jan201320PE.NFO,07/01/2020,09:50:07,56.95,58.95,1000,62.65,6000,0,25000
HDFCBANK30Jan201320PE.NFO,07/01/2020,09:50:10,56.95,58.95,1000,62.4,2000,0,25000
HDFCBANK30Jan201320PE.NFO,07/01/2020,09:50:11,56.95,58.95,1000,61.45,500,0,25000
HDFCBANK30Jan201320PE.NFO,07/01/2020,09:50:12,56.95,58.95,1000,61.05,500,0,25000
HDFCBANK30Jan201320PE.NFO,07/01/2020,09:50:14,56.95,59,500,62.55,2500,0,25000
HDFCBANK30Jan201320PE.NFO,07/01/2020,09:50:15,56.95,58.95,500,62.55,2500,0,25000
HDFCBANK30Jan201320PE.NFO,07/01/2020,09:50:16,56.95,59.1,500,62.55,2500,0,25000
HDFCBANK30Jan201320PE.NFO,07/01/2020,09:50:17,56.95,57.65,6000,62.45,2000,0,25000
HDFCBANK30Jan201320PE.NFO,07/01/2020,09:50:18,56.95,58.9,500,62.25,2000,0,25000
HDFCBANK30Jan201320PE.NFO,07/01/2020,09:50:20,56.95,58.95,500,61.55,1000,0,25000
HDFCBANK30Jan201320PE.NFO,07/01/2020,09:50:21,56.95,58.95,500,61.45,1000,0,25000
HDFCBANK30Jan201320PE.NFO,07/01/2020,09:50:22,56.95,59,500,61.35,1000,0,25000
HDFCBANK30Jan201320PE.NFO,07/01/2020,09:50:23,56.95,57.65,2500,61.25,1500,0,25000
HDFCBANK30Jan201320PE.NFO,07/01/2020,09:50:24,56.95,57.75,2500,61.15,500,0,25000
HDFCBANK30Jan201320PE.NFO,07/01/2020,09:50:25,56.95,58.95,500,62.5,2000,0,25000
HDFCBANK30Jan201320PE.NFO,07/01/2020,09:50:26,56.95,59,500,62.4,2000,0,25000
HDFCBANK30Jan201320PE.NFO,07/01/2020,09:50:27,56.95,59,500,62.3,1500,0,25000
HDFCBANK30Jan201320PE.NFO,07/01/2020,09:50:28,56.95,59,500,62.2,2000,0,25000
HDFCBANK30Jan201320PE.NFO,07/01/2020,09:50:29,56.95,59.05,500,62.1,1000,0,25000
HDFCBANK30Jan201320PE.NFO,07/01/2020,09:50:30,56.95,59.15,500,62,1500,0,25000
HDFCBANK30Jan201320PE.NFO,07/01/2020,09:50:31,56.95,59.1,500,61.8,1500,0,25000
HDFCBANK30Jan201320PE.NFO,07/01/2020,09:50:32,56.95,59.2,500,61.7,1000,0,25000
HDFCBANK30Jan201320PE.NFO,07/01/2020,09:50:33,56.95,59.3,500,61.6,1500,0,25000
HDFCBANK30Jan201320PE.NFO,07/01/2020,09:50:34,56.95,59.35,500,61.5,1000,0,25000
HDFCBANK30Jan201320PE.NFO,07/01/2020,09:50:35,56.95,59.2,500,61.3,500,0,25000
HDFCBANK30Jan201320PE.NFO,07/01/2020,09:50:35,56.95,59.25,500,61.4,500,0,25000
HDFCBANK30Jan201320PE.NFO,07/01/2020,09:50:38,56.95,59.6,1000,61.8,500,0,25000
HDFCBANK30Jan201320PE.NFO,07/01/2020,09:50:39,56.95,59.75,500,61.7,500,0,25000
HDFCBANK30Jan201320PE.NFO,07/01/2020,09:50:40,56.95,59.8,500,62.55,2000,0,25000
HDFCBANK30Jan201320PE.NFO,07/01/2020,09:50:41,56.95,58.05,5500,62.55,2000,0,25000
HDFCBANK30Jan201320PE.NFO,07/01/2020,09:50:42,56.95,58.05,6000,62.55,2000,0,25000
HDFCBANK30Jan201320PE.NFO,07/01/2020,09:50:44,56.95,58.05,7000,62.55,1500,0,25000
HDFCBANK30Jan201320PE.NFO,07/01/2020,09:50:45,56.95,58.25,5500,62.55,1500,0,25000
HDFCBANK30Jan201320PE.NFO,07/01/2020,09:50:46,56.95,59.4,1000,62.25,1000,0,25000
HDFCBANK30Jan201320PE.NFO,07/01/2020,09:50:48,56.95,59.6,500,62.05,1000,0,25000
HDFCBANK30Jan201320PE.NFO,07/01/2020,09:50:48,56.95,59.7,500,61.95,1500,0,25000
HDFCBANK30Jan201320PE.NFO,07/01/2020,09:50:49,56.95,59.75,500,61.85,1000,0,25000
HDFCBANK30Jan201320PE.NFO,07/01/2020,09:50:50,56.95,59.6,500,61.75,1000,0,25000
HDFCBANK30Jan201320PE.NFO,07/01/2020,09:50:52,56.95,59.6,500,61.65,500,0,25000
HDFCBANK30Jan201320PE.NFO,07/01/2020,09:50:54,56.95,59.65,500,61.65,500,0,25000
HDFCBANK30Jan201320PE.NFO,07/01/2020,09:50:55,56.95,58.35,3000,61.65,500,0,25000
HDFCBANK30Jan201320PE.NFO,07/01/2020,09:50:57,56.95,58.45,1500,61.45,500,0,25000
HDFCBANK30Jan201320PE.NFO,07/01/2020,09:50:58,56.95,58.75,2500,61.45,500,0,25000
HDFCBANK30Jan201320PE.NFO,07/01/2020,09:50:59,56.95,59.15,1000,61.45,500,0,25000
HDFCBANK30Jan201320PE.NFO,07/01/2020,09:51:01,56.95,59.35,500,61.35,500,0,25000
HDFCBANK30Jan201320PE.NFO,07/01/2020,09:51:02,56.95,59.35,500,61.25,500,0,25000
HDFCBANK30Jan201320PE.NFO,07/01/2020,09:51:03,56.95,59.25,500,61.55,500,0,25000
HDFCBANK30Jan201320PE.NFO,07/01/2020,09:51:04,56.95,59.35,500,61.25,500,0,25000
HDFCBANK30Jan201320PE.NFO,07/01/2020,09:51:06,56.95,59.4,500,62.7,2000,0,25000
HDFCBANK30Jan201320PE.NFO,07/01/2020,09:51:09,56.95,59.25,500,61.45,500,0,25000
HDFCBANK30Jan201320PE.NFO,07/01/2020,09:51:10,56.95,59.1,1000,61.5,500,0,25000
HDFCBANK30Jan201320PE.NFO,07/01/2020,09:51:11,56.95,59.15,500,61.3,500,0,25000
HDFCBANK30Jan201320PE.NFO,07/01/2020,09:51:13,56.95,59.3,500,61.25,500,0,25000
HDFCBANK30Jan201320PE.NFO,07/01/2020,09:51:14,56.95,58.1,2500,61.25,500,0,25000
HDFCBANK30Jan201320PE.NFO,07/01/2020,09:51:15,56.95,58.2,2500,61.25,500,0,25000
HDFCBANK30Jan201320PE.NFO,07/01/2020,09:51:17,56.95,58.3,2500,61.25,500,0,25000
HDFCBANK30Jan201320PE.NFO,07/01/2020,09:51:18,56.95,59.1,500,61.25,500,0,25000
HDFCBANK30Jan201320PE.NFO,07/01/2020,09:51:19,56.95,59.3,500,62.95,2500,0,25000
HDFCBANK30Jan201320PE.NFO,07/01/2020,09:51:22,56.95,59.5,500,62.95,2500,0,25000
HDFCBANK30Jan201320PE.NFO,07/01/2020,09:51:23,56.95,59.45,500,62.95,2500,0,25000
HDFCBANK30Jan201320PE.NFO,07/01/2020,09:51:24,56.95,59.5,500,62.2,500,0,25000
HDFCBANK30Jan201320PE.NFO,07/01/2020,09:51:24,56.95,59.15,1000,62,1000,0,25000
HDFCBANK30Jan201320PE.NFO,07/01/2020,09:51:25,56.95,59.25,500,61.8,1000,0,25000
HDFCBANK30Jan201320PE.NFO,07/01/2020,09:51:28,56.95,59.4,500,61.5,1000,0,25000
HDFCBANK30Jan201320PE.NFO,07/01/2020,09:51:30,56.95,59.25,500,61.3,500,0,25000
HDFCBANK30Jan201320PE.NFO,07/01/2020,09:51:30,56.95,59.3,500,61.2,500,0,25000
HDFCBANK30Jan201320PE.NFO,07/01/2020,09:51:31,56.95,58.05,2500,61.2,500,0,25000
HDFCBANK30Jan201320PE.NFO,07/01/2020,09:51:33,56.95,58.25,2000,61.2,500,0,25000
HDFCBANK30Jan201320PE.NFO,07/01/2020,09:51:34,56.95,58.35,2000,61.2,500,0,25000
HDFCBANK30Jan201320PE.NFO,07/01/2020,09:51:36,56.95,58.55,2000,61.6,500,0,25000
HDFCBANK30Jan201320PE.NFO,07/01/2020,09:51:38,56.95,58.85,2000,61.4,500,0,25000
HDFCBANK30Jan201320PE.NFO,07/01/2020,09:51:39,56.95,58.95,2000,61.4,500,0,25000
HDFCBANK30Jan201320PE.NFO,07/01/2020,09:51:40,56.95,59.05,2000,61.4,500,0,25000
HDFCBANK30Jan201320PE.NFO,07/01/2020,09:51:41,56.95,59.15,2000,61.65,500,0,25000
HDFCBANK30Jan201320PE.NFO,07/01/2020,09:51:42,56.95,59.35,500,61.45,500,0,25000
HDFCBANK30Jan201320PE.NFO,07/01/2020,09:51:45,56.95,59.4,500,61.45,500,0,25000
HDFCBANK30Jan201320PE.NFO,07/01/2020,09:51:46,56.95,58.05,1000,61.45,500,0,25000
HDFCBANK30Jan201320PE.NFO,07/01/2020,09:51:47,56.95,59.35,500,61.35,500,0,25000
HDFCBANK30Jan201320PE.NFO,07/01/2020,09:51:49,56.95,58.25,1500,61.35,500,0,25000
HDFCBANK30Jan201320PE.NFO,07/01/2020,09:51:50,56.95,59.05,2000,61.35,500,0,25000
HDFCBANK30Jan201320PE.NFO,07/01/2020,09:51:51,56.95,59.15,2000,61.45,500,0,25000
HDFCBANK30Jan201320PE.NFO,07/01/2020,09:51:52,56.95,59.25,1000,61.45,500,0,25000
HDFCBANK30Jan201320PE.NFO,07/01/2020,09:51:53,56.95,59.35,500,61.45,1000,0,25000
HDFCBANK30Jan201320PE.NFO,07/01/2020,09:51:54,56.95,59.35,500,62.95,2500,0,25000
HDFCBANK30Jan201320PE.NFO,07/01/2020,09:51:55,56.95,59.2,500,62.95,2500,0,25000
HDFCBANK30Jan201320PE.NFO,07/01/2020,09:51:56,56.95,59.3,500,61.95,1500,0,25000
HDFCBANK30Jan201320PE.NFO,07/01/2020,09:51:58,56.95,59.2,500,61.85,1500,0,25000
HDFCBANK30Jan201320PE.NFO,07/01/2020,09:51:59,56.95,59.25,500,61.75,1000,0,25000
HDFCBANK30Jan201320PE.NFO,07/01/2020,09:52:01,56.95,59.45,500,62.35,1000,0,25000
HDFCBANK30Jan201320PE.NFO,07/01/2020,09:52:02,56.95,59.45,500,61.55,500,0,25000
HDFCBANK30Jan201320PE.NFO,07/01/2020,09:52:04,56.95,59.55,500,61.5,500,0,25000
HDFCBANK30Jan201320PE.NFO,07/01/2020,09:52:05,56.95,59.55,500,61.55,500,0,25000
HDFCBANK30Jan201320PE.NFO,07/01/2020,09:52:05,56.95,59.55,500,61.5,500,0,25000
HDFCBANK30Jan201320PE.NFO,07/01/2020,09:52:09,56.95,59.55,500,61.55,500,0,25000
HDFCBANK30Jan201320PE.NFO,07/01/2020,09:52:10,56.95,59.55,500,61.5,500,0,25000
HDFCBANK30Jan201320PE.NFO,07/01/2020,09:52:11,56.95,59.2,500,61.4,500,0,25000
HDFCBANK30Jan201320PE.NFO,07/01/2020,09:52:12,56.95,59.25,500,61.4,500,0,25000
HDFCBANK30Jan201320PE.NFO,07/01/2020,09:52:16,56.95,59.35,500,61.4,500,0,25000
HDFCBANK30Jan201320PE.NFO,07/01/2020,09:52:17,56.95,59.35,500,61.3,500,0,25000
HDFCBANK30Jan201320PE.NFO,07/01/2020,09:52:18,56.95,59.4,1000,62.9,1500,0,25000
HDFCBANK30Jan201320PE.NFO,07/01/2020,09:52:19,56.95,59.45,500,61.55,500,0,25000
HDFCBANK30Jan201320PE.NFO,07/01/2020,09:52:20,56.95,59.55,500,61.55,500,0,25000
HDFCBANK30Jan201320PE.NFO,07/01/2020,09:52:25,56.95,59.6,500,61.55,500,0,25000
HDFCBANK30Jan201320PE.NFO,07/01/2020,09:52:26,56.95,59.65,500,61.55,500,0,25000
HDFCBANK30Jan201320PE.NFO,07/01/2020,09:52:27,56.95,59.3,500,62.25,500,0,25000
HDFCBANK30Jan201320PE.NFO,07/01/2020,09:52:28,56.95,59.3,500,61.95,1000,0,25000
HDFCBANK30Jan201320PE.NFO,07/01/2020,09:52:29,56.95,59.3,500,61.85,1000,0,25000
HDFCBANK30Jan201320PE.NFO,07/01/2020,09:52:30,56.95,59.3,500,61.75,1000,0,25000
HDFCBANK30Jan201320PE.NFO,07/01/2020,09:52:31,56.95,59.3,500,61.65,1000,0,25000
HDFCBANK30Jan201320PE.NFO,07/01/2020,09:52:32,56.95,59.35,500,61.55,500,0,25000
HDFCBANK30Jan201320PE.NFO,07/01/2020,09:52:33,56.95,58.15,5500,61.45,500,0,25000
HDFCBANK30Jan201320PE.NFO,07/01/2020,09:52:33,56.95,58.75,1500,61.45,500,0,25000
HDFCBANK30Jan201320PE.NFO,07/01/2020,09:52:34,56.95,58.3,5500,61.5,500,0,25000
HDFCBANK30Jan201320PE.NFO,07/01/2020,09:52:35,56.95,58.4,5000,61.45,500,0,25000
HDFCBANK30Jan201320PE.NFO,07/01/2020,09:52:36,56.95,59.3,500,62.1,1000,0,25000
HDFCBANK30Jan201320PE.NFO,07/01/2020,09:52:37,56.95,59.3,500,61.9,1000,0,25000
HDFCBANK30Jan201320PE.NFO,07/01/2020,09:52:39,56.95,59.4,500,61.7,1000,0,25000
HDFCBANK30Jan201320PE.NFO,07/01/2020,09:52:39,56.95,59.45,500,61.7,1000,0,25000
HDFCBANK30Jan201320PE.NFO,07/01/2020,09:52:40,56.95,59.2,1000,61.6,1000,0,25000
HDFCBANK30Jan201320PE.NFO,07/01/2020,09:52:41,56.95,59.35,500,61.3,500,0,25000
HDFCBANK30Jan201320PE.NFO,07/01/2020,09:52:42,56.95,57.35,9000,61.3,500,0,25000
HDFCBANK30Jan201320PE.NFO,07/01/2020,09:52:43,56.95,58.85,1500,61.2,500,0,25000
HDFCBANK30Jan201320PE.NFO,07/01/2020,09:52:44,56.95,59,500,61.1,500,0,25000
HDFCBANK30Jan201320PE.NFO,07/01/2020,09:52:46,56.95,59,500,61.05,500,0,25000
HDFCBANK30Jan201320PE.NFO,07/01/2020,09:52:47,56.95,59,500,61,500,0,25000
HDFCBANK30Jan201320PE.NFO,07/01/2020,09:52:48,56.95,59,500,61.05,500,0,25000
HDFCBANK30Jan201320PE.NFO,07/01/2020,09:52:49,56.95,58.45,2000,61.05,500,0,25000
HDFCBANK30Jan201320PE.NFO,07/01/2020,09:52:52,56.95,58.75,500,60.85,500,0,25000
HDFCBANK30Jan201320PE.NFO,07/01/2020,09:52:52,56.95,58.8,500,60.85,500,0,25000
HDFCBANK30Jan201320PE.NFO,07/01/2020,09:52:54,56.95,58.8,500,60.9,500,0,25000
HDFCBANK30Jan201320PE.NFO,07/01/2020,09:52:55,56.95,57.3,1500,60.85,1000,0,25000
HDFCBANK30Jan201320PE.NFO,07/01/2020,09:52:57,56.95,58.7,500,60.9,500,0,25000
HDFCBANK30Jan201320PE.NFO,07/01/2020,09:52:58,56.95,58.75,500,60.8,500,0,25000
HDFCBANK30Jan201320PE.NFO,07/01/2020,09:52:59,56.95,58.8,500,60.85,500,0,25000
HDFCBANK30Jan201320PE.NFO,07/01/2020,09:53:00,56.95,58.55,500,60.85,500,0,25000
HDFCBANK30Jan201320PE.NFO,07/01/2020,09:53:01,56.95,57.2,2000,60.8,500,0,25000
HDFCBANK30Jan201320PE.NFO,07/01/2020,09:53:02,56.95,57.8,1500,60.8,500,0,25000
HDFCBANK30Jan201320PE.NFO,07/01/2020,09:53:03,56.95,58.85,1000,61.8,500,0,25000
HDFCBANK30Jan201320PE.NFO,07/01/2020,09:53:04,56.95,59.1,500,61.6,1000,0,25000
HDFCBANK30Jan201320PE.NFO,07/01/2020,09:53:06,56.95,58.4,1000,61.4,1000,0,25000
HDFCBANK30Jan201320PE.NFO,07/01/2020,09:53:07,56.95,58.9,500,61.3,1000,0,25000
HDFCBANK30Jan201320PE.NFO,07/01/2020,09:53:08,56.95,57.15,2500,61.2,1000,0,25000
HDFCBANK30Jan201320PE.NFO,07/01/2020,09:53:09,56.95,58.7,500,60.9,500,0,25000
HDFCBANK30Jan201320PE.NFO,07/01/2020,09:53:10,56.95,58.75,500,60.9,500,0,25000
HDFCBANK30Jan201320PE.NFO,07/01/2020,09:53:11,56.95,58.8,500,62.55,2500,0,25000
HDFCBANK30Jan201320PE.NFO,07/01/2020,09:53:11,56.95,57.95,1000,62.25,1500,0,25000
HDFCBANK30Jan201320PE.NFO,07/01/2020,09:53:12,56.95,58.7,500,60.9,500,0,25000
HDFCBANK30Jan201320PE.NFO,07/01/2020,09:53:13,56.95,58.9,500,60.95,500,0,25000
HDFCBANK30Jan201320PE.NFO,07/01/2020,09:53:15,56.95,58.75,500,61.45,1000,0,25000
HDFCBANK30Jan201320PE.NFO,07/01/2020,09:53:16,56.95,58.6,500,61.45,1000,0,25000
HDFCBANK30Jan201320PE.NFO,07/01/2020,09:53:17,56.95,58.85,500,61.25,1000,0,25000
HDFCBANK30Jan201320PE.NFO,07/01/2020,09:53:18,56.95,59,500,61.25,500,0,25000
HDFCBANK30Jan201320PE.NFO,07/01/2020,09:53:19,56.95,58.95,500,61.15,500,0,25000
HDFCBANK30Jan201320PE.NFO,07/01/2020,09:53:20,56.95,59.05,500,61.15,500,0,25000
HDFCBANK30Jan201320PE.NFO,07/01/2020,09:53:21,56.95,59.15,500,61.15,500,0,25000
HDFCBANK30Jan201320PE.NFO,07/01/2020,09:53:23,56.95,58.1,2500,61.15,500,0,25000
HDFCBANK30Jan201320PE.NFO,07/01/2020,09:53:24,56.95,58.2,2500,61.15,500,0,25000
HDFCBANK30Jan201320PE.NFO,07/01/2020,09:53:24,56.95,58.2,2000,61.15,500,0,25000
HDFCBANK30Jan201320PE.NFO,07/01/2020,09:53:25,56.95,58.3,2000,61.15,500,0,25000
HDFCBANK30Jan201320PE.NFO,07/01/2020,09:53:26,56.95,58.4,2000,61.15,500,0,25000
HDFCBANK30Jan201320PE.NFO,07/01/2020,09:53:27,56.95,59.05,500,61.9,1000,0,25000
HDFCBANK30Jan201320PE.NFO,07/01/2020,09:53:28,56.95,59.2,500,61.9,1000,0,25000
HDFCBANK30Jan201320PE.NFO,07/01/2020,09:53:29,56.95,59.35,500,61.7,1000,0,25000
HDFCBANK30Jan201320PE.NFO,07/01/2020,09:53:31,56.95,59.35,500,61.6,1000,0,25000
HDFCBANK30Jan201320PE.NFO,07/01/2020,09:53:32,56.95,59.35,500,61.5,1000,0,25000
HDFCBANK30Jan201320PE.NFO,07/01/2020,09:53:33,56.95,59.35,500,61.4,1000,0,25000
HDFCBANK30Jan201320PE.NFO,07/01/2020,09:53:34,56.95,59.35,500,61.3,500,0,25000
HDFCBANK30Jan201320PE.NFO,07/01/2020,09:53:35,56.95,59.35,500,61.35,500,0,25000
HDFCBANK30Jan201320PE.NFO,07/01/2020,09:53:40,56.95,59.35,500,61.3,500,0,25000
HDFCBANK30Jan201320PE.NFO,07/01/2020,09:53:41,56.95,57.95,2500,61.3,500,0,25000
HDFCBANK30Jan201320PE.NFO,07/01/2020,09:53:42,56.95,58.05,2500,61.25,500,0,25000
HDFCBANK30Jan201320PE.NFO,07/01/2020,09:53:43,56.95,58.15,2500,61.25,500,0,25000
HDFCBANK30Jan201320PE.NFO,07/01/2020,09:53:44,56.95,58.25,2000,62.6,2500,0,25000
HDFCBANK30Jan201320PE.NFO,07/01/2020,09:53:45,56.95,58.35,2000,62.6,2500,0,25000
HDFCBANK30Jan201320PE.NFO,07/01/2020,09:53:45,56.95,58.45,2000,62.6,2500,0,25000
HDFCBANK30Jan201320PE.NFO,07/01/2020,09:53:46,56.95,58.55,2000,62.6,2500,0,25000
HDFCBANK30Jan201320PE.NFO,07/01/2020,09:53:48,56.95,58.75,2000,62.6,2500,0,25000
HDFCBANK30Jan201320PE.NFO,07/01/2020,09:53:49,56.95,58.85,1500,62.6,2500,0,25000
HDFCBANK30Jan201320PE.NFO,07/01/2020,09:53:49,56.95,58.95,1500,62.6,2500,0,25000
HDFCBANK30Jan201320PE.NFO,07/01/2020,09:53:50,56.95,59.05,1000,62.6,2500,0,25000
HDFCBANK30Jan201320PE.NFO,07/01/2020,09:53:51,56.95,59.1,500,62.6,2500,0,25000
HDFCBANK30Jan201320PE.NFO,07/01/2020,09:53:53,56.95,57.95,1500,62.6,2500,0,25000
HDFCBANK30Jan201320PE.NFO,07/01/2020,09:53:54,56.95,57.95,3000,62.6,2500,0,25000
HDFCBANK30Jan201320PE.NFO,07/01/2020,09:53:57,56.95,57.95,3000,62.3,1000,0,25000
HDFCBANK30Jan201320PE.NFO,07/01/2020,09:53:58,56.95,57.95,3000,62.1,1500,0,25000
HDFCBANK30Jan201320PE.NFO,07/01/2020,09:54:00,56.95,57.95,3000,62,1500,0,25000
HDFCBANK30Jan201320PE.NFO,07/01/2020,09:54:01,56.95,57.95,3000,61.8,1000,0,25000
HDFCBANK30Jan201320PE.NFO,07/01/2020,09:54:02,56.95,57.95,3000,61.6,1000,0,25000
HDFCBANK30Jan201320PE.NFO,07/01/2020,09:54:03,56.95,57.95,3000,61.4,500,0,25000
HDFCBANK30Jan201320PE.NFO,07/01/2020,09:54:05,56.95,59.3,500,61.3,500,0,25000
HDFCBANK30Jan201320PE.NFO,07/01/2020,09:54:13,56.95,59.3,500,61.35,500,0,25000
HDFCBANK30Jan201320PE.NFO,07/01/2020,09:54:14,56.95,59.3,500,61.3,500,0,25000
HDFCBANK30Jan201320PE.NFO,07/01/2020,09:54:14,56.95,59.3,500,61.25,500,0,25000
HDFCBANK30Jan201320PE.NFO,07/01/2020,09:54:18,56.95,59.3,500,62.8,2000,0,25000
HDFCBANK30Jan201320PE.NFO,07/01/2020,09:54:19,56.95,59.3,500,62.8,2500,0,25000
HDFCBANK30Jan201320PE.NFO,07/01/2020,09:54:20,56.95,59.4,500,62.8,2500,0,25000
HDFCBANK30Jan201320PE.NFO,07/01/2020,09:54:24,56.95,59.4,500,62.7,2000,0,25000
HDFCBANK30Jan201320PE.NFO,07/01/2020,09:54:25,56.95,59.4,500,62.5,1500,0,25000
HDFCBANK30Jan201320PE.NFO,07/01/2020,09:54:26,56.95,59.4,500,62.5,2000,0,25000
HDFCBANK30Jan201320PE.NFO,07/01/2020,09:54:27,56.95,57.95,3000,61.35,500,0,25000
HDFCBANK30Jan201320PE.NFO,07/01/2020,09:54:28,56.95,57.95,3000,61.5,500,0,25000
HDFCBANK30Jan201320PE.NFO,07/01/2020,09:54:29,56.95,57.95,3000,61.4,500,0,25000
HDFCBANK30Jan201320PE.NFO,07/01/2020,09:54:30,56.95,57.95,3000,61.35,500,0,25000
HDFCBANK30Jan201320PE.NFO,07/01/2020,09:54:33,56.95,57.95,3000,62.75,2500,0,25000
HDFCBANK30Jan201320PE.NFO,07/01/2020,09:54:37,56.95,58.05,2500,62.75,2500,0,25000
HDFCBANK30Jan201320PE.NFO,07/01/2020,09:54:37,56.95,58.25,2500,62.75,2500,0,25000
HDFCBANK30Jan201320PE.NFO,07/01/2020,09:54:39,56.95,58.35,2500,62.75,2500,0,25000
HDFCBANK30Jan201320PE.NFO,07/01/2020,09:54:39,56.95,58.45,2500,62.75,2500,0,25000
HDFCBANK30Jan201320PE.NFO,07/01/2020,09:54:40,56.95,58.55,2000,62.75,2500,0,25000
HDFCBANK30Jan201320PE.NFO,07/01/2020,09:54:41,56.95,58.65,2000,62.75,2500,0,25000
HDFCBANK30Jan201320PE.NFO,07/01/2020,09:54:42,56.95,58.75,2000,62.75,2500,0,25000
HDFCBANK30Jan201320PE.NFO,07/01/2020,09:54:43,56.95,58.85,1500,62.65,2000,0,25000
HDFCBANK30Jan201320PE.NFO,07/01/2020,09:54:44,56.95,58.95,1000,62.55,2000,0,25000
HDFCBANK30Jan201320PE.NFO,07/01/2020,09:54:46,56.95,59.15,500,62.35,2000,0,25000
HDFCBANK30Jan201320PE.NFO,07/01/2020,09:54:48,56.95,59.2,500,62.15,1500,0,25000
HDFCBANK30Jan201320PE.NFO,07/01/2020,09:54:50,56.95,59.2,500,61.95,1000,0,25000
HDFCBANK30Jan201320PE.NFO,07/01/2020,09:54:52,56.95,59.3,500,61.75,1000,0,25000
HDFCBANK30Jan201320PE.NFO,07/01/2020,09:54:53,56.95,59.3,500,61.65,1000,0,25000
HDFCBANK30Jan201320PE.NFO,07/01/2020,09:54:53,56.95,59.3,500,61.55,1000,0,25000
HDFCBANK30Jan201320PE.NFO,07/01/2020,09:54:55,56.95,59.3,500,61.45,1000,0,25000
HDFCBANK30Jan201320PE.NFO,07/01/2020,09:54:56,56.95,59.3,500,61.35,500,0,25000
HDFCBANK30Jan201320PE.NFO,07/01/2020,09:54:57,56.95,59.3,500,61.25,500,0,25000
HDFCBANK30Jan201320PE.NFO,07/01/2020,09:54:58,56.95,59.3,500,61.15,500,0,25000
HDFCBANK30Jan201320PE.NFO,07/01/2020,09:55:02,56.95,57.85,3000,62.05,500,0,25000
HDFCBANK30Jan201320PE.NFO,07/01/2020,09:55:03,56.95,58.05,2500,61.4,500,0,25000
HDFCBANK30Jan201320PE.NFO,07/01/2020,09:55:06,56.95,58.35,2000,61.2,500,0,25000
HDFCBANK30Jan201320PE.NFO,07/01/2020,09:55:06,56.95,58.45,2000,61.15,500,0,25000
HDFCBANK30Jan201320PE.NFO,07/01/2020,09:55:08,56.95,58.55,2000,61.15,500,0,25000
HDFCBANK30Jan201320PE.NFO,07/01/2020,09:55:08,56.95,58.65,2000,61.1,500,0,25000
HDFCBANK30Jan201320PE.NFO,07/01/2020,09:55:09,56.95,58.75,2000,61.1,500,0,25000
HDFCBANK30Jan201320PE.NFO,07/01/2020,09:55:11,56.95,58.95,500,61.15,500,0,25000
HDFCBANK30Jan201320PE.NFO,07/01/2020,09:55:17,56.95,58.65,500,61.5,1000,0,25000
HDFCBANK30Jan201320PE.NFO,07/01/2020,09:55:22,56.95,58.6,500,60.9,1000,0,25000
HDFCBANK30Jan201320PE.NFO,07/01/2020,09:55:27,56.95,58.65,500,61.15,1000,0,25000
HDFCBANK30Jan201320PE.NFO,07/01/2020,09:55:32,56.95,57.95,500,60.15,500,0,25000
HDFCBANK30Jan201320PE.NFO,07/01/2020,09:55:36,56.95,57.8,1500,60.15,500,0,25000
HDFCBANK30Jan201320PE.NFO,07/01/2020,09:55:40,56.95,57.9,500,59.85,500,0,25000
HDFCBANK30Jan201320PE.NFO,07/01/2020,09:55:45,56.95,57.55,500,59.75,500,0,25000
HDFCBANK30Jan201320PE.NFO,07/01/2020,09:55:50,56.95,57.4,500,60.8,2000,0,25000
HDFCBANK30Jan201320PE.NFO,07/01/2020,09:55:55,56.95,57.6,500,60.2,500,0,25000
HDFCBANK30Jan201320PE.NFO,07/01/2020,09:56:00,56.95,57.45,2000,59.85,500,0,25000
HDFCBANK30Jan201320PE.NFO,07/01/2020,09:56:04,56.95,57.7,500,59.75,500,0,25000
HDFCBANK30Jan201320PE.NFO,07/01/2020,09:56:09,56.95,57.8,1000,61.25,2000,0,25000
HDFCBANK30Jan201320PE.NFO,07/01/2020,09:56:13,56.95,57.65,500,60.2,500,0,25000
HDFCBANK30Jan201320PE.NFO,07/01/2020,09:56:14,56.95,57.8,500,60.1,500,0,25000
HDFCBANK30Jan201320PE.NFO,07/01/2020,09:56:15,56.95,57.8,500,60.05,500,0,25000
HDFCBANK30Jan201320PE.NFO,07/01/2020,09:56:16,56.95,57.8,500,60,500,0,25000
HDFCBANK30Jan201320PE.NFO,07/01/2020,09:56:17,56.95,57.8,500,59.9,500,0,25000
HDFCBANK30Jan201320PE.NFO,07/01/2020,09:56:18,56.95,57.8,500,59.85,500,0,25000
HDFCBANK30Jan201320PE.NFO,07/01/2020,09:56:33,56.95,57.8,500,61.15,1500,0,25000
HDFCBANK30Jan201320PE.NFO,07/01/2020,09:56:34,56.95,57.8,500,61.05,1500,0,25000
HDFCBANK30Jan201320PE.NFO,07/01/2020,09:56:35,56.95,57.8,500,60.95,1500,0,25000
HDFCBANK30Jan201320PE.NFO,07/01/2020,09:56:35,56.95,57.8,500,60.85,1000,0,25000
HDFCBANK30Jan201320PE.NFO,07/01/2020,09:56:37,56.95,57.8,500,60.65,1000,0,25000
HDFCBANK30Jan201320PE.NFO,07/01/2020,09:56:38,56.95,57.8,500,60.55,500,0,25000
HDFCBANK30Jan201320PE.NFO,07/01/2020,09:56:39,56.95,57.8,500,60.45,500,0,25000
HDFCBANK30Jan201320PE.NFO,07/01/2020,09:56:40,56.95,57.8,500,60.35,1000,0,25000
HDFCBANK30Jan201320PE.NFO,07/01/2020,09:56:41,56.95,57.9,500,60.05,500,0,25000
HDFCBANK30Jan201320PE.NFO,07/01/2020,09:56:42,56.95,57.9,500,59.95,500,0,25000
HDFCBANK30Jan201320PE.NFO,07/01/2020,09:56:43,56.95,57.9,500,59.9,500,0,25000
HDFCBANK30Jan201320PE.NFO,07/01/2020,09:56:44,56.95,58,500,59.85,500,0,25000
HDFCBANK30Jan201320PE.NFO,07/01/2020,09:56:45,56.95,58,500,59.8,500,0,25000
HDFCBANK30Jan201320PE.NFO,07/01/2020,09:56:48,56.95,58.1,500,60.25,500,0,25000
HDFCBANK30Jan201320PE.NFO,07/01/2020,09:56:49,56.95,58.2,500,60.25,1000,0,25000
HDFCBANK30Jan201320PE.NFO,07/01/2020,09:56:53,56.95,58.3,500,60.25,1000,0,25000
HDFCBANK30Jan201320PE.NFO,07/01/2020,09:57:16,56.95,57.85,1500,60.25,1000,0,25000
HDFCBANK30Jan201320PE.NFO,07/01/2020,09:57:20,56.95,57.95,500,60.15,500,0,25000
HDFCBANK30Jan201320PE.NFO,07/01/2020,09:57:25,56.95,57.95,1000,60,1000,0,25000
HDFCBANK30Jan201320PE.NFO,07/01/2020,09:57:29,56.95,57.95,500,60,1000,0,25000
HDFCBANK30Jan201320PE.NFO,07/01/2020,09:57:33,56.95,57.95,1000,60,1000,0,25000
HDFCBANK30Jan201320PE.NFO,07/01/2020,09:57:37,56.95,58.05,500,60,1000,0,25000
HDFCBANK30Jan201320PE.NFO,07/01/2020,09:57:44,56.95,58.1,500,60,1000,0,25000
HDFCBANK30Jan201320PE.NFO,07/01/2020,09:57:49,56.95,58.05,500,61.25,2500,0,25000
HDFCBANK30Jan201320PE.NFO,07/01/2020,09:57:59,56.95,58.2,500,61.25,2500,0,25000
HDFCBANK30Jan201320PE.NFO,07/01/2020,09:58:08,56.95,58.3,500,61.25,2000,0,25000
HDFCBANK30Jan201320PE.NFO,07/01/2020,09:58:12,56.95,58.4,500,61.25,2000,0,25000
HDFCBANK30Jan201320PE.NFO,07/01/2020,09:58:17,56.95,57.9,3500,60.95,500,0,25000
HDFCBANK30Jan201320PE.NFO,07/01/2020,09:58:21,56.95,57.9,3500,60.6,500,0,25000
HDFCBANK30Jan201320PE.NFO,07/01/2020,09:58:25,56.95,58.65,500,61.9,2500,0,25000
HDFCBANK30Jan201320PE.NFO,07/01/2020,09:58:30,56.95,58.4,500,60.65,500,0,25000
HDFCBANK30Jan201320PE.NFO,07/01/2020,09:58:34,56.95,58.65,500,60.7,1000,0,25000
HDFCBANK30Jan201320PE.NFO,07/01/2020,09:58:43,56.95,58.65,500,60.7,500,0,25000
HDFCBANK30Jan201320PE.NFO,07/01/2020,09:58:48,56.95,59.05,500,60.9,500,0,25000
HDFCBANK30Jan201320PE.NFO,07/01/2020,09:58:54,56.95,59.05,500,61.9,1500,0,25000
HDFCBANK30Jan201320PE.NFO,07/01/2020,09:59:00,56.95,59.1,500,61.1,500,0,25000
HDFCBANK30Jan201320PE.NFO,07/01/2020,09:59:06,56.95,59.05,500,60.95,500,0,25000
HDFCBANK30Jan201320PE.NFO,07/01/2020,09:59:12,56.95,57.75,6000,61.8,1000,0,25000
HDFCBANK30Jan201320PE.NFO,07/01/2020,09:59:17,56.95,59.2,1000,61.3,1000,0,25000
HDFCBANK30Jan201320PE.NFO,07/01/2020,09:59:22,56.95,59.3,500,61.3,1000,0,25000
HDFCBANK30Jan201320PE.NFO,07/01/2020,09:59:28,56.95,59.25,500,61.3,1000,0,25000
HDFCBANK30Jan201320PE.NFO,07/01/2020,09:59:33,56.95,59.3,1000,61.2,500,0,25000
HDFCBANK30Jan201320PE.NFO,07/01/2020,09:59:38,56.95,59,500,61.65,1000,0,25000
HDFCBANK30Jan201320PE.NFO,07/01/2020,09:59:44,56.95,59.05,500,60.95,500,0,25000
HDFCBANK30Jan201320PE.NFO,07/01/2020,09:59:50,56.95,59.05,500,60.75,500,0,25000
HDFCBANK30Jan201320PE.NFO,07/01/2020,10:00:00,56.95,58.9,500,60.85,1000,0,25000
HDFCBANK30Jan201320PE.NFO,07/01/2020,10:00:11,56.95,58.7,500,60.6,500,0,25000
HDFCBANK30Jan201320PE.NFO,07/01/2020,10:00:17,56.95,58.45,500,60.65,1500,0,25000
HDFCBANK30Jan201320PE.NFO,07/01/2020,10:00:22,56.95,58.7,500,60.6,500,0,25000
HDFCBANK30Jan201320PE.NFO,07/01/2020,10:00:28,56.95,58.7,500,60.65,1000,0,25000
HDFCBANK30Jan201320PE.NFO,07/01/2020,10:00:33,56.95,58.7,500,60.55,500,0,25000
HDFCBANK30Jan201320PE.NFO,07/01/2020,10:00:45,56.95,58.8,500,60.75,500,0,25000
HDFCBANK30Jan201320PE.NFO,07/01/2020,10:00:52,56.95,59.2,500,61.25,1000,0,25000
HDFCBANK30Jan201320PE.NFO,07/01/2020,10:00:59,56.95,58.95,2000,61.15,500,0,25000
HDFCBANK30Jan201320PE.NFO,07/01/2020,10:01:05,56.95,59.25,500,61.3,1500,0,25000
HDFCBANK30Jan201320PE.NFO,07/01/2020,10:01:11,56.95,58.4,2000,62.6,2500,0,25000
HDFCBANK30Jan201320PE.NFO,07/01/2020,10:01:12,56.95,59.65,500,62.4,2000,0,25000
HDFCBANK30Jan201320PE.NFO,07/01/2020,10:01:13,56.95,58.75,2000,62.4,2000,0,25000
HDFCBANK30Jan201320PE.NFO,07/01/2020,10:01:14,56.95,59.65,500,62.3,1000,0,25000
HDFCBANK30Jan201320PE.NFO,07/01/2020,10:01:16,56.95,59.85,500,62,1500,0,25000
HDFCBANK30Jan201320PE.NFO,07/01/2020,10:01:17,56.95,59.65,1000,61.9,1000,0,25000
HDFCBANK30Jan201320PE.NFO,07/01/2020,10:01:18,56.95,59.65,500,61.9,1000,0,25000
HDFCBANK30Jan201320PE.NFO,07/01/2020,10:01:19,56.95,59.7,500,61.7,500,0,25000
HDFCBANK30Jan201320PE.NFO,07/01/2020,10:01:20,56.95,59.75,500,61.7,500,0,25000
HDFCBANK30Jan201320PE.NFO,07/01/2020,10:01:21,56.95,59.8,500,61.55,500,0,25000
HDFCBANK30Jan201320PE.NFO,07/01/2020,10:01:23,56.95,59.7,500,61.6,500,0,25000
HDFCBANK30Jan201320PE.NFO,07/01/2020,10:01:25,56.95,59.75,500,61.6,500,0,25000
HDFCBANK30Jan201320PE.NFO,07/01/2020,10:01:26,56.95,58.5,2500,61.6,500,0,25000
HDFCBANK30Jan201320PE.NFO,07/01/2020,10:01:27,56.95,59.7,500,61.6,500,0,25000
HDFCBANK30Jan201320PE.NFO,07/01/2020,10:01:28,56.95,59.7,500,61.75,1000,0,25000
HDFCBANK30Jan201320PE.NFO,07/01/2020,10:01:30,56.95,59.8,500,61.75,1000,0,25000
HDFCBANK30Jan201320PE.NFO,07/01/2020,10:01:31,56.95,59.85,500,61.75,1000,0,25000
HDFCBANK30Jan201320PE.NFO,07/01/2020,10:01:32,56.95,59.75,500,61.75,1000,0,25000
HDFCBANK30Jan201320PE.NFO,07/01/2020,10:01:35,56.95,58.85,1000,61.75,1000,0,25000
HDFCBANK30Jan201320PE.NFO,07/01/2020,10:01:36,56.95,59.65,500,61.75,1000,0,25000
HDFCBANK30Jan201320PE.NFO,07/01/2020,10:01:37,56.95,59.75,1000,61.75,500,0,25000
HDFCBANK30Jan201320PE.NFO,07/01/2020,10:01:38,56.95,59.75,500,61.7,500,0,25000
HDFCBANK30Jan201320PE.NFO,07/01/2020,10:01:40,56.95,59.8,500,61.7,500,0,25000
HDFCBANK30Jan201320PE.NFO,07/01/2020,10:01:42,56.95,59.8,500,63.1,2000,0,25000
HDFCBANK30Jan201320PE.NFO,07/01/2020,10:01:43,56.95,58.5,3000,63.1,2500,0,25000
HDFCBANK30Jan201320PE.NFO,07/01/2020,10:01:44,56.95,59.7,500,63.1,2500,0,25000
HDFCBANK30Jan201320PE.NFO,07/01/2020,10:01:46,56.95,59.8,500,63.1,2500,0,25000
HDFCBANK30Jan201320PE.NFO,07/01/2020,10:01:48,56.95,59.85,500,63.1,2500,0,25000
HDFCBANK30Jan201320PE.NFO,07/01/2020,10:01:49,56.95,58.3,7500,63.1,2500,0,25000
HDFCBANK30Jan201320PE.NFO,07/01/2020,10:01:50,56.95,59.6,500,63.1,2500,0,25000
HDFCBANK30Jan201320PE.NFO,07/01/2020,10:01:51,56.95,59.65,500,63.1,2500,0,25000
HDFCBANK30Jan201320PE.NFO,07/01/2020,10:01:58,56.95,59.75,500,63.1,2500,0,25000
HDFCBANK30Jan201320PE.NFO,07/01/2020,10:02:00,56.95,58.9,1000,63,1000,0,25000
HDFCBANK30Jan201320PE.NFO,07/01/2020,10:02:01,56.95,59.5,500,61.65,1000,0,25000
HDFCBANK30Jan201320PE.NFO,07/01/2020,10:02:02,56.95,59.15,500,61.55,1000,0,25000
HDFCBANK30Jan201320PE.NFO,07/01/2020,10:02:03,56.95,59.5,500,61.55,500,0,25000
HDFCBANK30Jan201320PE.NFO,07/01/2020,10:02:05,56.95,59.5,500,61.4,500,0,25000
HDFCBANK30Jan201320PE.NFO,07/01/2020,10:02:06,56.95,59.5,500,61.45,500,0,25000
HDFCBANK30Jan201320PE.NFO,07/01/2020,10:02:07,56.95,59.5,500,62.8,2500,0,25000
HDFCBANK30Jan201320PE.NFO,07/01/2020,10:02:15,56.95,59.3,500,61.35,1000,0,25000
HDFCBANK30Jan201320PE.NFO,07/01/2020,10:02:19,56.95,59.35,500,62.65,2000,0,25000
HDFCBANK30Jan201320PE.NFO,07/01/2020,10:02:25,56.95,59.35,500,62.05,1000,0,25000
HDFCBANK30Jan201320PE.NFO,07/01/2020,10:02:30,56.95,59.5,500,61.35,500,0,25000
HDFCBANK30Jan201320PE.NFO,07/01/2020,10:02:36,56.95,59.2,500,61.05,1000,0,25000
HDFCBANK30Jan201320PE.NFO,07/01/2020,10:02:42,56.95,59.2,500,60.95,500,0,25000
HDFCBANK30Jan201320PE.NFO,07/01/2020,10:02:47,56.95,59.2,500,61,1000,0,25000
HDFCBANK30Jan201320PE.NFO,07/01/2020,10:02:52,56.95,59.2,500,60.9,500,0,25000
HDFCBANK30Jan201320PE.NFO,07/01/2020,10:02:58,56.95,58.2,500,60.6,1000,0,25000
HDFCBANK30Jan201320PE.NFO,07/01/2020,10:03:03,56.95,58.55,500,60.6,1000,0,25000
HDFCBANK30Jan201320PE.NFO,07/01/2020,10:03:12,56.95,58.55,500,60.25,500,0,25000
HDFCBANK30Jan201320PE.NFO,07/01/2020,10:03:17,56.95,58.55,500,60.2,500,0,25000
HDFCBANK30Jan201320PE.NFO,07/01/2020,10:03:21,56.95,57.45,3000,61.4,2000,0,25000
HDFCBANK30Jan201320PE.NFO,07/01/2020,10:03:26,56.95,58.75,1000,60.9,500,0,25000
HDFCBANK30Jan201320PE.NFO,07/01/2020,10:03:31,56.95,58.9,500,62,2500,0,25000
HDFCBANK30Jan201320PE.NFO,07/01/2020,10:03:36,56.95,58.7,500,61.4,1500,0,25000
HDFCBANK30Jan201320PE.NFO,07/01/2020,10:03:40,56.95,58.8,1500,61,500,0,25000
HDFCBANK30Jan201320PE.NFO,07/01/2020,10:03:44,56.95,58.8,1500,60.7,500,0,25000
HDFCBANK30Jan201320PE.NFO,07/01/2020,10:03:48,56.95,58.8,1500,60.8,500,0,25000
HDFCBANK30Jan201320PE.NFO,07/01/2020,10:03:53,56.95,58.8,1000,62.05,2500,0,25000
HDFCBANK30Jan201320PE.NFO,07/01/2020,10:03:58,56.95,58.45,500,61.55,2000,0,25000
HDFCBANK30Jan201320PE.NFO,07/01/2020,10:04:03,56.95,58.5,500,60.95,1000,0,25000
HDFCBANK30Jan201320PE.NFO,07/01/2020,10:04:08,56.95,58.55,500,60.45,500,0,25000
HDFCBANK30Jan201320PE.NFO,07/01/2020,10:04:13,56.95,58.55,500,60.45,1000,0,25000
HDFCBANK30Jan201320PE.NFO,07/01/2020,10:04:25,56.95,58.15,1000,60.45,1000,0,25000
HDFCBANK30Jan201320PE.NFO,07/01/2020,10:04:34,56.95,57.2,2500,60.25,500,0,25000
HDFCBANK30Jan201320PE.NFO,07/01/2020,10:04:38,56.95,57.2,2500,59.9,500,0,25000
HDFCBANK30Jan201320PE.NFO,07/01/2020,10:04:44,56.95,57.2,2500,61.35,2500,0,25000
HDFCBANK30Jan201320PE.NFO,07/01/2020,10:04:53,56.95,57.2,2500,60.75,1500,0,25000
HDFCBANK30Jan201320PE.NFO,07/01/2020,10:04:57,56.95,57.2,2500,60.25,500,0,25000
HDFCBANK30Jan201320PE.NFO,07/01/2020,10:05:01,56.95,57.2,2500,59.85,1000,0,25000
HDFCBANK30Jan201320PE.NFO,07/01/2020,10:05:11,56.95,57.9,500,61.05,2500,0,25000
HDFCBANK30Jan201320PE.NFO,07/01/2020,10:05:15,56.95,57.7,1000,61.05,2500,0,25000
HDFCBANK30Jan201320PE.NFO,07/01/2020,10:05:19,56.95,57.75,500,61.05,2500,0,25000
HDFCBANK30Jan201320PE.NFO,07/01/2020,10:05:24,56.95,58.1,500,61.05,2000,0,25000
HDFCBANK30Jan201320PE.NFO,07/01/2020,10:05:28,56.95,57.75,2500,61.05,2000,0,25000
HDFCBANK30Jan201320PE.NFO,07/01/2020,10:05:33,56.95,58.2,500,60.75,1000,0,25000
HDFCBANK30Jan201320PE.NFO,07/01/2020,10:05:40,56.95,58.25,500,60.05,500,0,25000
HDFCBANK30Jan201320PE.NFO,07/01/2020,10:05:45,56.95,58.2,500,60.35,500,0,25000
HDFCBANK30Jan201320PE.NFO,07/01/2020,10:05:52,56.95,58,500,59.85,500,0,25000
HDFCBANK30Jan201320PE.NFO,07/01/2020,10:05:57,56.95,58.25,500,60.15,500,0,25000
HDFCBANK30Jan201320PE.NFO,07/01/2020,10:06:02,56.95,58.25,500,60.05,500,0,25000
HDFCBANK30Jan201320PE.NFO,07/01/2020,10:06:13,56.95,58.25,500,61.35,2500,0,25000
HDFCBANK30Jan201320PE.NFO,07/01/2020,10:06:18,56.95,58.15,2000,61.35,2000,0,25000
HDFCBANK30Jan201320PE.NFO,07/01/2020,10:06:24,56.95,58.9,500,60.75,500,0,25000
HDFCBANK30Jan201320PE.NFO,07/01/2020,10:06:30,56.95,58.75,500,60.55,500,0,25000
HDFCBANK30Jan201320PE.NFO,07/01/2020,10:06:35,56.95,58.75,500,60.45,500,0,25000
HDFCBANK30Jan201320PE.NFO,07/01/2020,10:06:40,56.95,58.55,1000,60.5,500,0,25000
HDFCBANK30Jan201320PE.NFO,07/01/2020,10:06:46,56.95,58.75,500,60.7,500,0,25000
HDFCBANK30Jan201320PE.NFO,07/01/2020,10:06:52,56.95,58.7,500,60.5,500,0,25000
HDFCBANK30Jan201320PE.NFO,07/01/2020,10:06:58,56.95,58.7,500,60.65,1000,0,25000
HDFCBANK30Jan201320PE.NFO,07/01/2020,10:07:09,56.95,58.95,500,60.85,500,0,25000
HDFCBANK30Jan201320PE.NFO,07/01/2020,10:07:14,56.95,59.3,1000,61.3,500,0,25000
HDFCBANK30Jan201320PE.NFO,07/01/2020,10:07:20,56.95,59.3,500,61.25,500,0,25000
HDFCBANK30Jan201320PE.NFO,07/01/2020,10:07:26,56.95,59.3,500,61.2,500,0,25000
HDFCBANK30Jan201320PE.NFO,07/01/2020,10:07:31,56.95,59.5,500,61.5,1000,0,25000
HDFCBANK30Jan201320PE.NFO,07/01/2020,10:07:36,56.95,59.5,500,61.4,500,0,25000
HDFCBANK30Jan201320PE.NFO,07/01/2020,10:07:41,56.95,59.25,500,61.2,500,0,25000
HDFCBANK30Jan201320PE.NFO,07/01/2020,10:07:46,56.95,58.95,500,61.65,1000,0,25000
HDFCBANK30Jan201320PE.NFO,07/01/2020,10:07:52,56.95,59.1,1000,61.1,500,0,25000
HDFCBANK30Jan201320PE.NFO,07/01/2020,10:07:57,56.95,59.25,500,62.2,1500,0,25000
HDFCBANK30Jan201320PE.NFO,07/01/2020,10:08:01,56.95,59.2,500,61.7,1000,0,25000
HDFCBANK30Jan201320PE.NFO,07/01/2020,10:08:06,56.95,59.3,500,61.25,500,0,25000
HDFCBANK30Jan201320PE.NFO,07/01/2020,10:08:12,56.95,58.15,3000,61.2,500,0,25000
HDFCBANK30Jan201320PE.NFO,07/01/2020,10:08:13,56.95,58.15,2500,61.2,500,0,25000
HDFCBANK30Jan201320PE.NFO,07/01/2020,10:08:14,56.95,58.15,2500,61.1,500,0,25000
HDFCBANK30Jan201320PE.NFO,07/01/2020,10:08:15,56.95,58.15,2500,61,500,0,25000
HDFCBANK30Jan201320PE.NFO,07/01/2020,10:08:16,56.95,58.15,2500,60.9,500,0,25000
HDFCBANK30Jan201320PE.NFO,07/01/2020,10:08:23,56.95,58.15,2500,62.4,2500,0,25000
HDFCBANK30Jan201320PE.NFO,07/01/2020,10:08:25,56.95,58.15,2500,62.3,500,0,25000
HDFCBANK30Jan201320PE.NFO,07/01/2020,10:08:26,56.95,58.15,2500,62.1,2000,0,25000
HDFCBANK30Jan201320PE.NFO,07/01/2020,10:08:27,56.95,58.15,2500,62,2000,0,25000
HDFCBANK30Jan201320PE.NFO,07/01/2020,10:08:28,56.95,58.15,2500,61.9,2000,0,25000
HDFCBANK30Jan201320PE.NFO,07/01/2020,10:08:29,56.95,58.15,2500,61.8,1500,0,25000
HDFCBANK30Jan201320PE.NFO,07/01/2020,10:08:30,56.95,58.15,2500,61.7,1500,0,25000
HDFCBANK30Jan201320PE.NFO,07/01/2020,10:08:31,56.95,58.15,2500,61.6,1500,0,25000
HDFCBANK30Jan201320PE.NFO,07/01/2020,10:08:32,56.95,58.15,2500,61.5,1000,0,25000
HDFCBANK30Jan201320PE.NFO,07/01/2020,10:08:33,56.95,58.15,2500,61.3,1000,0,25000
HDFCBANK30Jan201320PE.NFO,07/01/2020,10:08:34,56.95,58.15,2500,61.2,1000,0,25000
HDFCBANK30Jan201320PE.NFO,07/01/2020,10:08:35,56.95,58.15,2500,61,500,0,25000
HDFCBANK30Jan201320PE.NFO,07/01/2020,10:08:37,56.95,58.15,2500,60.8,500,0,25000
HDFCBANK30Jan201320PE.NFO,07/01/2020,10:08:38,56.95,58.85,500,61,500,0,25000
HDFCBANK30Jan201320PE.NFO,07/01/2020,10:08:39,56.95,58.9,500,60.85,500,0,25000
HDFCBANK30Jan201320PE.NFO,07/01/2020,10:08:40,56.95,58.9,500,60.9,500,0,25000
HDFCBANK30Jan201320PE.NFO,07/01/2020,10:08:41,56.95,58.9,500,61.2,500,0,25000
HDFCBANK30Jan201320PE.NFO,07/01/2020,10:08:42,56.95,58.9,500,60.8,500,0,25000
HDFCBANK30Jan201320PE.NFO,07/01/2020,10:08:43,56.95,58.9,500,60.7,500,0,25000
HDFCBANK30Jan201320PE.NFO,07/01/2020,10:08:44,56.95,58.45,500,63.05,1000,0,25000
HDFCBANK30Jan201320PE.NFO,07/01/2020,10:08:45,56.95,58.6,500,62.85,5000,0,25000
HDFCBANK30Jan201320PE.NFO,07/01/2020,10:08:46,56.95,58.6,500,62.75,5000,0,25000
HDFCBANK30Jan201320PE.NFO,07/01/2020,10:08:47,56.95,58.6,500,62.65,5000,0,25000
HDFCBANK30Jan201320PE.NFO,07/01/2020,10:08:48,56.95,58.6,500,62.55,5000,0,25000
HDFCBANK30Jan201320PE.NFO,07/01/2020,10:08:49,56.95,57.2,3000,62.45,5000,0,25000
HDFCBANK30Jan201320PE.NFO,07/01/2020,10:08:50,56.95,57.2,3000,62.35,5000,0,25000
HDFCBANK30Jan201320PE.NFO,07/01/2020,10:08:51,56.95,57.2,3000,62.25,5000,0,25000
HDFCBANK30Jan201320PE.NFO,07/01/2020,10:08:52,56.95,57.2,3000,62.15,5000,0,25000
HDFCBANK30Jan201320PE.NFO,07/01/2020,10:08:53,56.95,57.2,3000,61.95,5000,0,25000
HDFCBANK30Jan201320PE.NFO,07/01/2020,10:08:54,56.95,58.1,500,61.75,2000,0,25000
HDFCBANK30Jan201320PE.NFO,07/01/2020,10:08:55,56.95,58.15,500,61.65,2000,0,25000
HDFCBANK30Jan201320PE.NFO,07/01/2020,10:08:56,56.95,58.15,500,61.55,2000,0,25000
HDFCBANK30Jan201320PE.NFO,07/01/2020,10:08:57,56.95,58.15,500,61.45,2000,0,25000
HDFCBANK30Jan201320PE.NFO,07/01/2020,10:08:58,56.95,58.15,500,61.35,2000,0,25000
HDFCBANK30Jan201320PE.NFO,07/01/2020,10:08:59,56.95,58.2,500,61.25,1500,0,25000
HDFCBANK30Jan201320PE.NFO,07/01/2020,10:09:00,56.95,58.35,500,61.05,1000,0,25000
HDFCBANK30Jan201320PE.NFO,07/01/2020,10:09:01,56.95,58.35,500,60.95,1000,0,25000
HDFCBANK30Jan201320PE.NFO,07/01/2020,10:09:03,56.95,58.35,500,60.75,1000,0,25000
HDFCBANK30Jan201320PE.NFO,07/01/2020,10:09:04,56.95,58.4,500,60.65,1000,0,25000
HDFCBANK30Jan201320PE.NFO,07/01/2020,10:09:05,56.95,58.4,500,60.55,500,0,25000
HDFCBANK30Jan201320PE.NFO,07/01/2020,10:09:06,56.95,58.4,500,60.45,500,0,25000
HDFCBANK30Jan201320PE.NFO,07/01/2020,10:09:09,56.95,58.4,500,60.35,500,0,25000
HDFCBANK30Jan201320PE.NFO,07/01/2020,10:09:10,56.95,58.4,500,60.4,500,0,25000
HDFCBANK30Jan201320PE.NFO,07/01/2020,10:09:11,56.95,57.45,2500,61.9,2500,0,25000
HDFCBANK30Jan201320PE.NFO,07/01/2020,10:09:12,56.95,58.2,2000,61.9,2500,0,25000
HDFCBANK30Jan201320PE.NFO,07/01/2020,10:09:13,56.95,58.3,1500,61.9,2500,0,25000
HDFCBANK30Jan201320PE.NFO,07/01/2020,10:09:14,56.95,58.4,1000,61.9,2500,0,25000
HDFCBANK30Jan201320PE.NFO,07/01/2020,10:09:15,56.95,58.5,500,61.9,2500,0,25000
HDFCBANK30Jan201320PE.NFO,07/01/2020,10:09:16,56.95,58.55,500,61.9,2500,0,25000
HDFCBANK30Jan201320PE.NFO,07/01/2020,10:09:24,56.95,58.6,500,61.9,2500,0,25000
HDFCBANK30Jan201320PE.NFO,07/01/2020,10:09:25,56.95,57.2,3000,61.9,2500,0,25000
HDFCBANK30Jan201320PE.NFO,07/01/2020,10:09:26,56.95,57.2,3000,60.75,500,0,25000
HDFCBANK30Jan201320PE.NFO,07/01/2020,10:09:27,56.95,57.2,3000,60.65,500,0,25000
HDFCBANK30Jan201320PE.NFO,07/01/2020,10:09:28,56.95,57.2,3000,60.55,500,0,25000
HDFCBANK30Jan201320PE.NFO,07/01/2020,10:09:29,56.95,57.2,3000,60.45,500,0,25000
HDFCBANK30Jan201320PE.NFO,07/01/2020,10:09:39,56.95,57.2,3000,61.45,500,0,25000
HDFCBANK30Jan201320PE.NFO,07/01/2020,10:09:40,56.95,57.2,3000,60.75,500,0,25000
