Ticker,Date,Time,LTP,BuyPrice,BuyQty,SellPrice,SellQty,LTQ,OpenInterest
HDFCBANK30Jan201240CE.NFO,07/01/2020,09:15:06,36.95,39.4,1000,41,500,500,142500
HDFCBANK30Jan201240CE.NFO,07/01/2020,09:15:06,36.95,39.4,1000,41,500,0,142500
HDFCBANK30Jan201240CE.NFO,07/01/2020,09:15:06,36.95,39.4,1000,41,500,0,142500
HDFCBANK30Jan201240CE.NFO,07/01/2020,09:15:06,36.95,39.4,1000,41,500,0,142500
HDFCBANK30Jan201240CE.NFO,07/01/2020,09:15:14,41,42.25,500,47.85,500,500,142500
HDFCBANK30Jan201240CE.NFO,07/01/2020,09:15:14,41,42.25,500,47.85,500,0,142500
HDFCBANK30Jan201240CE.NFO,07/01/2020,09:15:24,42.9,41.5,500,45.8,500,1500,142500
HDFCBANK30Jan201240CE.NFO,07/01/2020,09:15:24,42.9,41.5,500,45.8,500,0,142500
HDFCBANK30Jan201240CE.NFO,07/01/2020,09:15:34,41.85,41.95,1000,46.2,1000,500,142500
HDFCBANK30Jan201240CE.NFO,07/01/2020,09:15:45,42.25,42.25,500,44.3,1000,3000,142500
HDFCBANK30Jan201240CE.NFO,07/01/2020,09:15:45,43.2,42.25,500,44.3,1000,0,142500
HDFCBANK30Jan201240CE.NFO,07/01/2020,09:15:55,42,41.85,1000,43,2000,3000,142500
HDFCBANK30Jan201240CE.NFO,07/01/2020,09:16:06,42,42.25,500,42.9,1000,1000,142500
HDFCBANK30Jan201240CE.NFO,07/01/2020,09:16:17,42.85,42.05,1000,43.75,4500,3000,142500
HDFCBANK30Jan201240CE.NFO,07/01/2020,09:16:17,44.05,42.05,1000,43.75,4500,0,142500
HDFCBANK30Jan201240CE.NFO,07/01/2020,09:16:28,42.9,42.25,500,43.75,3500,2000,142500
HDFCBANK30Jan201240CE.NFO,07/01/2020,09:16:39,42.9,42.15,500,43.75,3500,1000,142500
HDFCBANK30Jan201240CE.NFO,07/01/2020,09:16:50,43.75,43.3,500,43.75,1500,2500,142500
HDFCBANK30Jan201240CE.NFO,07/01/2020,09:17:01,43.15,43,1000,44.35,500,2500,142500
HDFCBANK30Jan201240CE.NFO,07/01/2020,09:17:10,43.75,43.1,500,43.8,1500,1000,142500
HDFCBANK30Jan201240CE.NFO,07/01/2020,09:17:20,43.8,43.05,500,43.8,500,1000,139000
HDFCBANK30Jan201240CE.NFO,07/01/2020,09:17:29,43.8,43.05,500,43.7,500,500,139000
HDFCBANK30Jan201240CE.NFO,07/01/2020,09:17:39,43.5,42.05,500,43.7,500,3500,139000
HDFCBANK30Jan201240CE.NFO,07/01/2020,09:17:48,42.8,42.25,500,43.35,1000,1000,139000
HDFCBANK30Jan201240CE.NFO,07/01/2020,09:17:58,42.05,42,5000,43.1,500,500,139000
HDFCBANK30Jan201240CE.NFO,07/01/2020,09:18:07,43.1,42.05,1000,43.15,500,7500,139000
HDFCBANK30Jan201240CE.NFO,07/01/2020,09:18:15,43.15,41.05,500,43.3,500,9000,139000
HDFCBANK30Jan201240CE.NFO,07/01/2020,09:18:23,43.2,42.05,1000,43.15,1500,4000,139000
HDFCBANK30Jan201240CE.NFO,07/01/2020,09:18:30,43.5,41.5,1000,43.5,500,5500,139000
HDFCBANK30Jan201240CE.NFO,07/01/2020,09:18:37,43.5,42.25,500,43.8,1000,0,139000
HDFCBANK30Jan201240CE.NFO,07/01/2020,09:18:45,43.15,41.45,1000,43.4,3000,2500,139000
HDFCBANK30Jan201240CE.NFO,07/01/2020,09:18:52,43,41.95,500,43.45,3000,2000,139000
HDFCBANK30Jan201240CE.NFO,07/01/2020,09:19:00,42.5,41.15,500,43.55,3500,2500,139000
HDFCBANK30Jan201240CE.NFO,07/01/2020,09:19:06,42.15,41.55,1000,42.75,1000,500,139000
HDFCBANK30Jan201240CE.NFO,07/01/2020,09:19:13,42.25,41.35,1000,42.75,1000,500,139000
HDFCBANK30Jan201240CE.NFO,07/01/2020,09:19:20,42.15,41.25,1000,42.85,500,2000,139000
HDFCBANK30Jan201240CE.NFO,07/01/2020,09:19:27,42.1,41.45,500,43.1,1500,1500,139000
HDFCBANK30Jan201240CE.NFO,07/01/2020,09:19:34,42.7,41.45,1000,43.55,2500,1500,139000
HDFCBANK30Jan201240CE.NFO,07/01/2020,09:19:41,42.7,41.8,1000,42.7,1000,0,139000
HDFCBANK30Jan201240CE.NFO,07/01/2020,09:19:49,43.15,41.85,1000,43.1,500,3500,139000
HDFCBANK30Jan201240CE.NFO,07/01/2020,09:19:55,43.45,42.6,1000,43.75,1500,1000,139000
HDFCBANK30Jan201240CE.NFO,07/01/2020,09:20:01,43.05,42.15,1000,43.75,1000,500,139000
HDFCBANK30Jan201240CE.NFO,07/01/2020,09:20:07,42.7,42.25,1500,44,1000,1500,139000
HDFCBANK30Jan201240CE.NFO,07/01/2020,09:20:13,43.95,42.35,500,43.75,1000,500,139000
HDFCBANK30Jan201240CE.NFO,07/01/2020,09:20:14,43.95,42.45,1500,43.8,2000,0,139000
HDFCBANK30Jan201240CE.NFO,07/01/2020,09:20:15,43.95,42.6,500,43.8,2000,0,139000
HDFCBANK30Jan201240CE.NFO,07/01/2020,09:20:16,43.7,42.9,1000,43.95,1500,1500,159000
HDFCBANK30Jan201240CE.NFO,07/01/2020,09:20:17,43.7,43.1,1000,43.95,1500,0,159000
HDFCBANK30Jan201240CE.NFO,07/01/2020,09:20:18,43.7,43.05,1000,43.95,1500,0,159000
HDFCBANK30Jan201240CE.NFO,07/01/2020,09:20:19,43.7,43.25,1000,43.95,1500,0,159000
HDFCBANK30Jan201240CE.NFO,07/01/2020,09:20:20,43.7,43.25,1000,43.85,500,0,159000
HDFCBANK30Jan201240CE.NFO,07/01/2020,09:20:22,43.7,43.35,1000,43.9,500,0,159000
HDFCBANK30Jan201240CE.NFO,07/01/2020,09:20:22,43.35,42.85,500,43.8,500,500,159000
HDFCBANK30Jan201240CE.NFO,07/01/2020,09:20:24,43.95,43.05,500,43.95,500,500,159000
HDFCBANK30Jan201240CE.NFO,07/01/2020,09:20:24,43.95,43.25,500,43.95,500,0,159000
HDFCBANK30Jan201240CE.NFO,07/01/2020,09:20:25,43.95,43.45,500,43.95,500,0,159000
HDFCBANK30Jan201240CE.NFO,07/01/2020,09:20:27,43.45,42.65,1000,43.95,500,500,159000
HDFCBANK30Jan201240CE.NFO,07/01/2020,09:20:28,43.45,42.75,1500,43.95,500,0,159000
HDFCBANK30Jan201240CE.NFO,07/01/2020,09:20:29,43.45,43,500,43.95,500,0,159000
HDFCBANK30Jan201240CE.NFO,07/01/2020,09:20:30,43.95,43.25,500,44,1500,500,159000
HDFCBANK30Jan201240CE.NFO,07/01/2020,09:20:31,43.95,43.35,500,44,1500,0,159000
HDFCBANK30Jan201240CE.NFO,07/01/2020,09:20:32,43.95,43.55,500,44,1500,0,159000
HDFCBANK30Jan201240CE.NFO,07/01/2020,09:20:33,43.65,43.15,500,44,1500,500,159000
HDFCBANK30Jan201240CE.NFO,07/01/2020,09:20:34,43.65,43.15,500,44,1500,0,159000
HDFCBANK30Jan201240CE.NFO,07/01/2020,09:20:35,43.65,42.6,500,43.95,1000,0,159000
HDFCBANK30Jan201240CE.NFO,07/01/2020,09:20:36,43.65,42.7,1500,43.95,1000,0,159000
HDFCBANK30Jan201240CE.NFO,07/01/2020,09:20:37,43.95,43.1,1000,44,1500,1000,159000
HDFCBANK30Jan201240CE.NFO,07/01/2020,09:20:39,44,43.4,1000,44.55,500,1500,159000
HDFCBANK30Jan201240CE.NFO,07/01/2020,09:20:39,44,43.45,1000,44.5,500,0,159000
HDFCBANK30Jan201240CE.NFO,07/01/2020,09:20:41,44,43.4,1000,44.5,500,0,159000
HDFCBANK30Jan201240CE.NFO,07/01/2020,09:20:41,44,43.4,1500,44.5,500,0,159000
HDFCBANK30Jan201240CE.NFO,07/01/2020,09:20:42,44,43.6,1000,44.35,500,0,159000
HDFCBANK30Jan201240CE.NFO,07/01/2020,09:20:43,44,43.35,1000,44.5,500,0,159000
HDFCBANK30Jan201240CE.NFO,07/01/2020,09:20:44,44.55,43.35,1000,44.85,500,500,159000
HDFCBANK30Jan201240CE.NFO,07/01/2020,09:20:44,44.55,43.35,1000,44.85,500,0,159000
HDFCBANK30Jan201240CE.NFO,07/01/2020,09:20:45,44.55,43.65,1000,44.85,500,0,159000
HDFCBANK30Jan201240CE.NFO,07/01/2020,09:20:46,44.55,43.95,1500,44.95,500,0,159000
HDFCBANK30Jan201240CE.NFO,07/01/2020,09:20:47,44.55,44.15,1000,44.55,500,0,159000
HDFCBANK30Jan201240CE.NFO,07/01/2020,09:20:49,44.25,43.05,1500,44.6,1000,500,159000
HDFCBANK30Jan201240CE.NFO,07/01/2020,09:20:50,44.25,43.55,500,44.8,500,0,159000
HDFCBANK30Jan201240CE.NFO,07/01/2020,09:20:51,44.55,43.75,500,44.85,1000,500,159000
HDFCBANK30Jan201240CE.NFO,07/01/2020,09:20:52,44.55,43.85,500,44.85,1000,0,159000
HDFCBANK30Jan201240CE.NFO,07/01/2020,09:20:53,44.2,43.2,3000,44.7,1000,1000,159000
HDFCBANK30Jan201240CE.NFO,07/01/2020,09:20:54,44.2,43.35,1000,44.45,500,0,159000
HDFCBANK30Jan201240CE.NFO,07/01/2020,09:20:55,44.35,43.6,500,44.45,500,500,159000
HDFCBANK30Jan201240CE.NFO,07/01/2020,09:20:56,44.35,43.8,500,44.85,2000,0,159000
HDFCBANK30Jan201240CE.NFO,07/01/2020,09:20:57,44.35,44,500,44.65,500,0,159000
HDFCBANK30Jan201240CE.NFO,07/01/2020,09:20:58,43.95,43.1,500,44.55,1000,1500,159000
HDFCBANK30Jan201240CE.NFO,07/01/2020,09:20:58,44.65,43.1,500,44.55,1000,0,159000
HDFCBANK30Jan201240CE.NFO,07/01/2020,09:20:59,44.35,43.5,500,44.45,1000,1000,159000
HDFCBANK30Jan201240CE.NFO,07/01/2020,09:21:00,44.45,43.4,2500,44.5,5500,500,159000
HDFCBANK30Jan201240CE.NFO,07/01/2020,09:21:02,44.45,42.95,500,44.35,500,0,159000
HDFCBANK30Jan201240CE.NFO,07/01/2020,09:21:02,44.45,42.95,1000,44.25,500,0,159000
HDFCBANK30Jan201240CE.NFO,07/01/2020,09:21:03,44.45,43.1,500,44.2,500,0,159000
HDFCBANK30Jan201240CE.NFO,07/01/2020,09:21:04,43.1,42.65,500,44.05,1000,1000,159000
HDFCBANK30Jan201240CE.NFO,07/01/2020,09:21:05,43.8,42.85,1000,43.95,2000,1000,159000
HDFCBANK30Jan201240CE.NFO,07/01/2020,09:21:06,43.8,42.85,1000,43.85,500,0,159000
HDFCBANK30Jan201240CE.NFO,07/01/2020,09:21:07,43.8,42.5,500,43.75,500,0,159000
HDFCBANK30Jan201240CE.NFO,07/01/2020,09:21:08,43.8,42.6,1500,44.2,500,0,159000
HDFCBANK30Jan201240CE.NFO,07/01/2020,09:21:09,43.8,42.9,500,44.35,1500,0,159000
HDFCBANK30Jan201240CE.NFO,07/01/2020,09:21:10,43.8,43.1,500,44.15,500,0,159000
HDFCBANK30Jan201240CE.NFO,07/01/2020,09:21:11,43.8,43.1,1000,44.25,500,0,159000
HDFCBANK30Jan201240CE.NFO,07/01/2020,09:21:13,43.8,43.1,1000,44.25,500,1500,159000
HDFCBANK30Jan201240CE.NFO,07/01/2020,09:21:14,43.8,43.8,500,44.25,500,0,159000
HDFCBANK30Jan201240CE.NFO,07/01/2020,09:21:15,43.8,43.2,1000,44.25,1000,500,159000
HDFCBANK30Jan201240CE.NFO,07/01/2020,09:21:15,43.8,43.2,1000,44.3,500,0,159000
HDFCBANK30Jan201240CE.NFO,07/01/2020,09:21:17,44.45,43.4,500,44.5,5500,500,159000
HDFCBANK30Jan201240CE.NFO,07/01/2020,09:21:17,44.45,43.4,500,44.5,5500,0,159000
HDFCBANK30Jan201240CE.NFO,07/01/2020,09:21:19,44.45,43.8,500,44.5,5000,0,159000
HDFCBANK30Jan201240CE.NFO,07/01/2020,09:21:19,44.5,43.85,1000,44.5,2000,3000,159000
HDFCBANK30Jan201240CE.NFO,07/01/2020,09:21:20,44.5,43.95,1500,44.7,500,2000,159000
HDFCBANK30Jan201240CE.NFO,07/01/2020,09:21:21,44.5,44.05,1500,44.9,500,0,159000
HDFCBANK30Jan201240CE.NFO,07/01/2020,09:21:22,44.5,43.95,1000,44.9,500,0,159000
HDFCBANK30Jan201240CE.NFO,07/01/2020,09:21:23,44.5,43.35,1500,44.85,500,0,159000
HDFCBANK30Jan201240CE.NFO,07/01/2020,09:21:24,44.5,43.55,2000,44.85,500,0,159000
HDFCBANK30Jan201240CE.NFO,07/01/2020,09:21:26,44.9,43.85,2000,44.95,500,500,159000
HDFCBANK30Jan201240CE.NFO,07/01/2020,09:21:26,44.9,43.85,2000,44.95,500,0,159000
HDFCBANK30Jan201240CE.NFO,07/01/2020,09:21:26,44.9,43.85,2000,44.95,500,0,159000
HDFCBANK30Jan201240CE.NFO,07/01/2020,09:21:27,45,44.35,1000,45.35,500,2500,159000
HDFCBANK30Jan201240CE.NFO,07/01/2020,09:21:27,45,44.35,1000,45.35,500,0,159000
HDFCBANK30Jan201240CE.NFO,07/01/2020,09:21:28,44.65,44,500,45.2,500,1000,159000
HDFCBANK30Jan201240CE.NFO,07/01/2020,09:21:29,44.65,44.05,1000,45.1,500,0,159000
HDFCBANK30Jan201240CE.NFO,07/01/2020,09:21:30,44.65,44.1,1000,45.1,500,0,159000
HDFCBANK30Jan201240CE.NFO,07/01/2020,09:21:31,44.65,44.05,500,45.15,500,0,159000
HDFCBANK30Jan201240CE.NFO,07/01/2020,09:21:33,44.65,44.1,500,45.2,1000,0,159000
HDFCBANK30Jan201240CE.NFO,07/01/2020,09:21:33,45.2,44.15,1000,45.3,1000,1000,159000
HDFCBANK30Jan201240CE.NFO,07/01/2020,09:21:33,45.2,44.15,1000,45.3,1000,0,159000
HDFCBANK30Jan201240CE.NFO,07/01/2020,09:21:34,45.2,44.1,500,45.2,500,0,159000
HDFCBANK30Jan201240CE.NFO,07/01/2020,09:21:35,45.2,44.2,500,45.25,1500,0,159000
HDFCBANK30Jan201240CE.NFO,07/01/2020,09:21:36,45.2,44.2,500,45.15,1000,0,159000
HDFCBANK30Jan201240CE.NFO,07/01/2020,09:21:37,45.2,44.1,500,45.15,1000,0,159000
HDFCBANK30Jan201240CE.NFO,07/01/2020,09:21:38,45.2,44.2,500,45.1,1000,0,159000
HDFCBANK30Jan201240CE.NFO,07/01/2020,09:21:39,45.2,44.2,500,45,500,0,159000
HDFCBANK30Jan201240CE.NFO,07/01/2020,09:21:40,45.05,44.1,500,45.05,1500,500,159000
HDFCBANK30Jan201240CE.NFO,07/01/2020,09:21:41,45.05,44.1,500,45,500,0,159000
HDFCBANK30Jan201240CE.NFO,07/01/2020,09:21:42,45.05,44.1,1000,45.25,500,0,159000
HDFCBANK30Jan201240CE.NFO,07/01/2020,09:21:44,45.05,44.1,1000,45.2,1000,0,159000
HDFCBANK30Jan201240CE.NFO,07/01/2020,09:21:44,45.05,44.25,500,45.2,1500,0,159000
HDFCBANK30Jan201240CE.NFO,07/01/2020,09:21:46,44.4,44.5,500,45.5,500,2000,159000
HDFCBANK30Jan201240CE.NFO,07/01/2020,09:21:46,44.4,44.5,500,45.5,500,0,159000
HDFCBANK30Jan201240CE.NFO,07/01/2020,09:21:47,45.85,44.1,2000,46.25,3500,1000,159000
HDFCBANK30Jan201240CE.NFO,07/01/2020,09:21:47,45.85,44.1,2000,46.25,3500,0,159000
HDFCBANK30Jan201240CE.NFO,07/01/2020,09:21:48,45.85,44.2,2000,46.05,1500,0,159000
HDFCBANK30Jan201240CE.NFO,07/01/2020,09:21:49,45.85,44.6,1500,45.85,500,0,159000
HDFCBANK30Jan201240CE.NFO,07/01/2020,09:21:50,45.85,44.65,500,45.75,500,0,159000
HDFCBANK30Jan201240CE.NFO,07/01/2020,09:21:51,45.85,44.15,500,45.55,500,0,159000
HDFCBANK30Jan201240CE.NFO,07/01/2020,09:21:53,45.85,44.4,500,45.65,500,0,159000
HDFCBANK30Jan201240CE.NFO,07/01/2020,09:21:53,45.85,44.45,500,45.7,500,0,159000
HDFCBANK30Jan201240CE.NFO,07/01/2020,09:21:54,45.75,44.15,500,45.7,500,500,159000
HDFCBANK30Jan201240CE.NFO,07/01/2020,09:21:55,45.75,44.1,500,45.5,500,0,159000
HDFCBANK30Jan201240CE.NFO,07/01/2020,09:21:56,45.75,44.2,1000,45.45,500,0,159000
HDFCBANK30Jan201240CE.NFO,07/01/2020,09:21:57,45.75,44.1,500,45.3,500,0,159000
HDFCBANK30Jan201240CE.NFO,07/01/2020,09:21:58,45.8,44.6,2000,46.35,1000,2500,159000
HDFCBANK30Jan201240CE.NFO,07/01/2020,09:21:59,45.8,44.6,1000,46.05,1000,0,159000
HDFCBANK30Jan201240CE.NFO,07/01/2020,09:22:00,45.8,44.6,1000,45.95,500,0,159000
HDFCBANK30Jan201240CE.NFO,07/01/2020,09:22:01,45.85,44.8,500,45.9,1000,500,159000
HDFCBANK30Jan201240CE.NFO,07/01/2020,09:22:03,44.8,44.85,500,45.9,1000,500,159000
HDFCBANK30Jan201240CE.NFO,07/01/2020,09:22:03,44.8,44.85,500,45.9,1000,0,159000
HDFCBANK30Jan201240CE.NFO,07/01/2020,09:22:04,45.9,44.5,1500,47.05,6000,1000,159000
HDFCBANK30Jan201240CE.NFO,07/01/2020,09:22:04,45.9,44.5,1500,47.05,6000,0,159000
HDFCBANK30Jan201240CE.NFO,07/01/2020,09:22:05,45.9,44.75,1500,46.75,500,0,159000
HDFCBANK30Jan201240CE.NFO,07/01/2020,09:22:07,45.9,44.9,500,46.55,1000,0,159000
HDFCBANK30Jan201240CE.NFO,07/01/2020,09:22:07,45.9,44.35,1500,46.1,500,0,159000
HDFCBANK30Jan201240CE.NFO,07/01/2020,09:22:08,46.25,44.6,1000,46,500,1500,159000
HDFCBANK30Jan201240CE.NFO,07/01/2020,09:22:08,46.25,44.6,1000,46,500,0,159000
HDFCBANK30Jan201240CE.NFO,07/01/2020,09:22:09,46.25,44.8,1000,46.2,1000,0,159000
HDFCBANK30Jan201240CE.NFO,07/01/2020,09:22:10,46.25,44.8,1000,46.2,2500,0,159000
HDFCBANK30Jan201240CE.NFO,07/01/2020,09:22:11,46.25,44.9,1500,46.3,500,0,159000
HDFCBANK30Jan201240CE.NFO,07/01/2020,09:22:12,46.25,45,1000,46.15,500,0,159000
HDFCBANK30Jan201240CE.NFO,07/01/2020,09:22:13,46.25,45,1000,46.1,2500,0,159000
HDFCBANK30Jan201240CE.NFO,07/01/2020,09:22:14,46.25,45.1,500,46.85,1000,0,159000
HDFCBANK30Jan201240CE.NFO,07/01/2020,09:22:15,46.65,45,1500,46.05,500,500,159000
HDFCBANK30Jan201240CE.NFO,07/01/2020,09:22:15,46.65,45,1500,46.05,500,0,159000
HDFCBANK30Jan201240CE.NFO,07/01/2020,09:22:17,46.65,45,1500,46.2,1500,0,159000
HDFCBANK30Jan201240CE.NFO,07/01/2020,09:22:17,45.25,45.1,500,46.1,1000,500,159000
HDFCBANK30Jan201240CE.NFO,07/01/2020,09:22:18,45.25,45.1,500,46.05,2500,0,159000
HDFCBANK30Jan201240CE.NFO,07/01/2020,09:22:19,45.25,45.05,500,46,500,0,159000
HDFCBANK30Jan201240CE.NFO,07/01/2020,09:22:21,45.25,45.1,500,46,500,0,159000
HDFCBANK30Jan201240CE.NFO,07/01/2020,09:22:23,46,45.1,500,46.1,1000,1000,159000
HDFCBANK30Jan201240CE.NFO,07/01/2020,09:22:23,45.05,45,500,45.8,500,1000,159000
HDFCBANK30Jan201240CE.NFO,07/01/2020,09:22:24,45.6,44.8,1000,45.6,500,1000,159000
HDFCBANK30Jan201240CE.NFO,07/01/2020,09:22:25,45.7,44.9,500,46.05,500,2000,159000
HDFCBANK30Jan201240CE.NFO,07/01/2020,09:22:26,45.7,44.9,1500,46.2,1000,0,159000
HDFCBANK30Jan201240CE.NFO,07/01/2020,09:22:27,45.7,44.9,1500,46.15,1000,0,159000
HDFCBANK30Jan201240CE.NFO,07/01/2020,09:22:29,45.95,44.9,1500,46,1000,500,159000
HDFCBANK30Jan201240CE.NFO,07/01/2020,09:22:29,45.95,44.9,1500,46,1000,0,159000
HDFCBANK30Jan201240CE.NFO,07/01/2020,09:22:31,46,45.1,1000,46.55,500,1000,159000
HDFCBANK30Jan201240CE.NFO,07/01/2020,09:22:31,45.7,45.1,1000,46.4,1000,500,159000
HDFCBANK30Jan201240CE.NFO,07/01/2020,09:22:32,45.7,45.5,500,46.2,500,0,159000
HDFCBANK30Jan201240CE.NFO,07/01/2020,09:22:33,45.5,44.85,500,46.15,500,500,159000
HDFCBANK30Jan201240CE.NFO,07/01/2020,09:22:34,45.5,44.9,500,46.25,1500,0,159000
HDFCBANK30Jan201240CE.NFO,07/01/2020,09:22:35,45.5,44.9,500,46.05,500,0,159000
HDFCBANK30Jan201240CE.NFO,07/01/2020,09:22:36,46.05,44.9,500,46.25,500,500,159000
HDFCBANK30Jan201240CE.NFO,07/01/2020,09:22:37,46.05,44.85,500,46.2,1500,0,159000
HDFCBANK30Jan201240CE.NFO,07/01/2020,09:22:38,46.05,44.85,500,46.2,2000,0,159000
HDFCBANK30Jan201240CE.NFO,07/01/2020,09:22:40,46.05,44.9,500,46.75,4500,0,159000
HDFCBANK30Jan201240CE.NFO,07/01/2020,09:22:40,46.05,45,500,46.75,4500,0,159000
HDFCBANK30Jan201240CE.NFO,07/01/2020,09:22:41,46.05,44.9,1000,46.5,500,0,159000
HDFCBANK30Jan201240CE.NFO,07/01/2020,09:22:42,46.05,44.85,500,46.25,500,0,159000
HDFCBANK30Jan201240CE.NFO,07/01/2020,09:22:43,46.05,45,500,46.75,4500,0,159000
HDFCBANK30Jan201240CE.NFO,07/01/2020,09:22:44,46.45,45.2,500,46.5,500,500,159000
HDFCBANK30Jan201240CE.NFO,07/01/2020,09:22:45,46.45,44.9,500,46.4,500,0,159000
HDFCBANK30Jan201240CE.NFO,07/01/2020,09:22:46,46.45,44.9,500,46.4,1000,0,159000
HDFCBANK30Jan201240CE.NFO,07/01/2020,09:22:48,46.45,44.9,500,46.15,2500,0,159000
HDFCBANK30Jan201240CE.NFO,07/01/2020,09:22:48,46.45,44.9,500,46.15,3000,0,159000
HDFCBANK30Jan201240CE.NFO,07/01/2020,09:22:49,46.45,44.95,500,46.15,1000,0,159000
HDFCBANK30Jan201240CE.NFO,07/01/2020,09:22:50,46.45,45,500,46.15,500,1500,159000
HDFCBANK30Jan201240CE.NFO,07/01/2020,09:22:51,46.15,45.15,1000,46.35,500,500,159000
HDFCBANK30Jan201240CE.NFO,07/01/2020,09:22:52,46.15,45.15,1000,46.3,500,0,159000
HDFCBANK30Jan201240CE.NFO,07/01/2020,09:22:53,46.15,45.25,500,46.25,1000,0,159000
HDFCBANK30Jan201240CE.NFO,07/01/2020,09:22:54,46.15,45.05,500,46.65,500,0,159000
HDFCBANK30Jan201240CE.NFO,07/01/2020,09:22:55,46.15,45.2,1000,46.6,2500,0,159000
HDFCBANK30Jan201240CE.NFO,07/01/2020,09:22:56,46,45.25,500,46.5,1000,500,159000
HDFCBANK30Jan201240CE.NFO,07/01/2020,09:22:57,46,45.25,500,46.45,2000,0,159000
HDFCBANK30Jan201240CE.NFO,07/01/2020,09:22:59,46.45,45,1500,46.5,1000,2000,159000
HDFCBANK30Jan201240CE.NFO,07/01/2020,09:22:59,46.45,45,1500,46.5,1000,0,159000
HDFCBANK30Jan201240CE.NFO,07/01/2020,09:23:00,46.45,44.9,1000,46.4,500,0,159000
HDFCBANK30Jan201240CE.NFO,07/01/2020,09:23:01,46.45,45.5,500,46.65,3500,0,159000
HDFCBANK30Jan201240CE.NFO,07/01/2020,09:23:02,46.45,45.5,500,46.65,5500,0,159000
HDFCBANK30Jan201240CE.NFO,07/01/2020,09:23:03,46.45,45.5,500,46.45,500,0,159000
HDFCBANK30Jan201240CE.NFO,07/01/2020,09:23:04,46.45,45.5,500,46.25,2000,0,159000
HDFCBANK30Jan201240CE.NFO,07/01/2020,09:23:05,46.45,45.5,1000,46.8,1500,0,159000
HDFCBANK30Jan201240CE.NFO,07/01/2020,09:23:06,46.45,45.5,1000,46.75,1000,0,159000
HDFCBANK30Jan201240CE.NFO,07/01/2020,09:23:07,46.65,45.5,1000,46.65,2500,500,159000
HDFCBANK30Jan201240CE.NFO,07/01/2020,09:23:08,46.65,45.5,1000,46.65,2000,0,159000
HDFCBANK30Jan201240CE.NFO,07/01/2020,09:23:09,46.65,45.5,1000,46.55,500,0,159000
HDFCBANK30Jan201240CE.NFO,07/01/2020,09:23:10,46.65,45.5,500,46.5,5500,0,159000
HDFCBANK30Jan201240CE.NFO,07/01/2020,09:23:11,46.65,45.5,500,46.3,500,0,159000
HDFCBANK30Jan201240CE.NFO,07/01/2020,09:23:12,46.65,45.5,500,46.15,3500,0,159000
HDFCBANK30Jan201240CE.NFO,07/01/2020,09:23:13,46.65,45.5,500,46.15,1500,0,159000
HDFCBANK30Jan201240CE.NFO,07/01/2020,09:23:14,46.15,45.5,1000,46.75,500,1500,178500
HDFCBANK30Jan201240CE.NFO,07/01/2020,09:23:16,46.15,45.5,1000,46.55,500,0,178500
HDFCBANK30Jan201240CE.NFO,07/01/2020,09:23:17,46.15,45.6,500,46.45,500,0,178500
HDFCBANK30Jan201240CE.NFO,07/01/2020,09:23:18,46.15,45.6,500,46.75,2500,0,178500
HDFCBANK30Jan201240CE.NFO,07/01/2020,09:23:19,46.15,45.6,500,46.75,3000,0,178500
HDFCBANK30Jan201240CE.NFO,07/01/2020,09:23:20,46.15,45.45,1000,46,500,0,178500
HDFCBANK30Jan201240CE.NFO,07/01/2020,09:23:21,46,45.45,1000,46.65,500,500,178500
HDFCBANK30Jan201240CE.NFO,07/01/2020,09:23:23,46,45.55,1000,46.4,1500,0,178500
HDFCBANK30Jan201240CE.NFO,07/01/2020,09:23:23,46,45.35,500,46.4,2000,0,178500
HDFCBANK30Jan201240CE.NFO,07/01/2020,09:23:24,46,45.45,500,46.35,500,0,178500
HDFCBANK30Jan201240CE.NFO,07/01/2020,09:23:25,46,45.35,500,46.3,1000,0,178500
HDFCBANK30Jan201240CE.NFO,07/01/2020,09:23:26,46,45.4,500,46.55,500,0,178500
HDFCBANK30Jan201240CE.NFO,07/01/2020,09:23:27,46,45.35,500,46.35,500,0,178500
HDFCBANK30Jan201240CE.NFO,07/01/2020,09:23:28,46,45.35,500,46.15,1500,500,178500
HDFCBANK30Jan201240CE.NFO,07/01/2020,09:23:29,46,45.35,500,46.15,2500,0,178500
HDFCBANK30Jan201240CE.NFO,07/01/2020,09:23:30,46,45.35,500,46.05,500,0,178500
HDFCBANK30Jan201240CE.NFO,07/01/2020,09:23:32,46,45.45,500,46.25,500,0,178500
HDFCBANK30Jan201240CE.NFO,07/01/2020,09:23:32,46,45.4,500,46.75,2000,0,178500
HDFCBANK30Jan201240CE.NFO,07/01/2020,09:23:33,46,45.45,500,46.5,500,0,178500
HDFCBANK30Jan201240CE.NFO,07/01/2020,09:23:34,46,45.5,1000,46.45,1000,0,178500
HDFCBANK30Jan201240CE.NFO,07/01/2020,09:23:35,46.4,45.5,1000,46.4,1000,1500,178500
HDFCBANK30Jan201240CE.NFO,07/01/2020,09:23:36,46.4,45.6,500,46.4,1000,0,178500
HDFCBANK30Jan201240CE.NFO,07/01/2020,09:23:37,46.4,45.4,500,46.3,1000,0,178500
HDFCBANK30Jan201240CE.NFO,07/01/2020,09:23:38,46.4,45.55,500,46.3,1000,0,178500
HDFCBANK30Jan201240CE.NFO,07/01/2020,09:23:39,46.4,45.55,1000,46.3,1000,0,178500
HDFCBANK30Jan201240CE.NFO,07/01/2020,09:23:41,46.4,45.5,500,46.25,1000,0,178500
HDFCBANK30Jan201240CE.NFO,07/01/2020,09:23:41,46.4,45.4,500,46.25,500,0,178500
HDFCBANK30Jan201240CE.NFO,07/01/2020,09:23:42,46.25,45.45,1000,46.9,6000,500,178500
HDFCBANK30Jan201240CE.NFO,07/01/2020,09:23:43,46.25,45.45,500,46.5,500,0,178500
HDFCBANK30Jan201240CE.NFO,07/01/2020,09:23:44,46.25,45.4,500,46.4,500,0,178500
HDFCBANK30Jan201240CE.NFO,07/01/2020,09:23:45,45.4,45.35,500,46.35,1000,500,178500
HDFCBANK30Jan201240CE.NFO,07/01/2020,09:23:46,45.4,45.3,1000,46.35,1000,0,178500
HDFCBANK30Jan201240CE.NFO,07/01/2020,09:23:47,45.4,45.35,500,46.25,500,0,178500
HDFCBANK30Jan201240CE.NFO,07/01/2020,09:23:48,45.4,45.35,500,46.35,500,0,178500
HDFCBANK30Jan201240CE.NFO,07/01/2020,09:23:49,46.35,45.35,500,46.3,2000,500,178500
HDFCBANK30Jan201240CE.NFO,07/01/2020,09:23:50,45.35,45.3,500,46.15,500,500,178500
HDFCBANK30Jan201240CE.NFO,07/01/2020,09:23:51,45.35,45.4,500,46.15,500,0,178500
HDFCBANK30Jan201240CE.NFO,07/01/2020,09:23:53,45.35,45.4,1000,46.15,500,0,178500
HDFCBANK30Jan201240CE.NFO,07/01/2020,09:23:53,45.35,45.45,500,46.15,1000,0,178500
HDFCBANK30Jan201240CE.NFO,07/01/2020,09:23:54,45.35,45.4,500,46.3,1000,0,178500
HDFCBANK30Jan201240CE.NFO,07/01/2020,09:23:55,45.35,45.4,500,46.2,1000,0,178500
HDFCBANK30Jan201240CE.NFO,07/01/2020,09:23:56,46.2,45.4,1000,46.4,500,1000,178500
HDFCBANK30Jan201240CE.NFO,07/01/2020,09:23:57,46.2,45.4,1000,46.35,1000,0,178500
HDFCBANK30Jan201240CE.NFO,07/01/2020,09:23:58,45.5,45.5,500,46.2,500,500,178500
HDFCBANK30Jan201240CE.NFO,07/01/2020,09:23:59,45.5,45.5,500,46,500,0,178500
HDFCBANK30Jan201240CE.NFO,07/01/2020,09:24:00,45.5,45.3,1000,46,500,0,178500
HDFCBANK30Jan201240CE.NFO,07/01/2020,09:24:03,46,45.25,1000,46.3,500,1000,178500
HDFCBANK30Jan201240CE.NFO,07/01/2020,09:24:04,46,45.25,1000,46.2,1000,0,178500
HDFCBANK30Jan201240CE.NFO,07/01/2020,09:24:05,46.1,45.35,1000,46.2,1000,500,178500
HDFCBANK30Jan201240CE.NFO,07/01/2020,09:24:06,46.1,45.35,1000,46.2,1000,0,178500
HDFCBANK30Jan201240CE.NFO,07/01/2020,09:24:07,46.1,45.2,1000,46,500,0,178500
HDFCBANK30Jan201240CE.NFO,07/01/2020,09:24:08,45.5,45.3,500,46,500,500,178500
HDFCBANK30Jan201240CE.NFO,07/01/2020,09:24:12,45.5,45.2,1000,45.95,500,0,178500
HDFCBANK30Jan201240CE.NFO,07/01/2020,09:24:13,45.5,45.2,1000,45.85,500,0,178500
HDFCBANK30Jan201240CE.NFO,07/01/2020,09:24:15,45.5,45.2,500,45.75,500,0,178500
HDFCBANK30Jan201240CE.NFO,07/01/2020,09:24:16,45.5,45.2,500,45.65,500,0,178500
HDFCBANK30Jan201240CE.NFO,07/01/2020,09:24:17,45.5,45.2,500,45.85,500,0,178500
HDFCBANK30Jan201240CE.NFO,07/01/2020,09:24:18,45.2,45,1000,45.9,2000,500,178500
HDFCBANK30Jan201240CE.NFO,07/01/2020,09:24:20,45.2,45,1000,45.65,500,0,178500
HDFCBANK30Jan201240CE.NFO,07/01/2020,09:24:21,45.5,45,1000,45.65,1000,500,178500
HDFCBANK30Jan201240CE.NFO,07/01/2020,09:24:22,45.5,45,1000,45.65,1000,0,178500
HDFCBANK30Jan201240CE.NFO,07/01/2020,09:24:23,45.5,45,1000,45.75,500,0,178500
HDFCBANK30Jan201240CE.NFO,07/01/2020,09:24:24,45.65,45,1000,45.7,1000,500,178500
HDFCBANK30Jan201240CE.NFO,07/01/2020,09:24:25,45.65,45,1000,45.8,500,0,178500
HDFCBANK30Jan201240CE.NFO,07/01/2020,09:24:29,45.65,45,1000,45.75,1000,0,178500
HDFCBANK30Jan201240CE.NFO,07/01/2020,09:24:30,45.65,45,500,45.8,1000,0,178500
HDFCBANK30Jan201240CE.NFO,07/01/2020,09:24:31,45.8,45,1000,45.9,500,1000,178500
HDFCBANK30Jan201240CE.NFO,07/01/2020,09:24:32,45.8,45,1000,45.85,500,0,178500
HDFCBANK30Jan201240CE.NFO,07/01/2020,09:24:33,45.8,45,1000,45.8,2000,0,178500
HDFCBANK30Jan201240CE.NFO,07/01/2020,09:24:34,45.8,45,500,45.85,500,0,178500
HDFCBANK30Jan201240CE.NFO,07/01/2020,09:24:35,45.8,45,500,45.8,2000,0,178500
HDFCBANK30Jan201240CE.NFO,07/01/2020,09:24:36,45.8,45,500,45.75,500,0,178500
HDFCBANK30Jan201240CE.NFO,07/01/2020,09:24:37,45.8,45,500,45.65,2000,0,178500
HDFCBANK30Jan201240CE.NFO,07/01/2020,09:24:38,45,44.2,500,45.55,1500,500,178500
HDFCBANK30Jan201240CE.NFO,07/01/2020,09:24:39,45.1,44.8,500,45.55,500,500,178500
HDFCBANK30Jan201240CE.NFO,07/01/2020,09:24:40,45.1,44.25,1500,45.5,2000,0,178500
HDFCBANK30Jan201240CE.NFO,07/01/2020,09:24:41,45.1,44.25,1500,45.5,1000,0,178500
HDFCBANK30Jan201240CE.NFO,07/01/2020,09:24:42,45.1,44.25,1500,45.4,500,0,178500
HDFCBANK30Jan201240CE.NFO,07/01/2020,09:24:43,45.4,44.25,1500,45.35,500,500,178500
HDFCBANK30Jan201240CE.NFO,07/01/2020,09:24:44,45.4,44.35,500,45.8,500,0,178500
HDFCBANK30Jan201240CE.NFO,07/01/2020,09:24:45,45.4,44.4,1000,45.6,500,0,178500
HDFCBANK30Jan201240CE.NFO,07/01/2020,09:24:46,45.4,44.15,500,45.55,2500,0,178500
HDFCBANK30Jan201240CE.NFO,07/01/2020,09:24:47,45.4,44.25,1000,45.4,500,0,178500
HDFCBANK30Jan201240CE.NFO,07/01/2020,09:24:48,45.4,44.35,1000,45.45,2500,0,178500
HDFCBANK30Jan201240CE.NFO,07/01/2020,09:24:49,45.4,44.25,1500,45.65,2500,0,178500
HDFCBANK30Jan201240CE.NFO,07/01/2020,09:24:50,45.4,44.1,1000,45.4,500,0,178500
HDFCBANK30Jan201240CE.NFO,07/01/2020,09:24:51,45.4,44.1,1000,45.3,3000,0,178500
HDFCBANK30Jan201240CE.NFO,07/01/2020,09:24:52,45.4,44.05,500,45.25,1000,0,178500
HDFCBANK30Jan201240CE.NFO,07/01/2020,09:24:53,45.2,44.2,500,45.25,1000,500,178500
HDFCBANK30Jan201240CE.NFO,07/01/2020,09:24:54,45.2,44.2,1000,45.2,1000,0,178500
HDFCBANK30Jan201240CE.NFO,07/01/2020,09:24:55,45.2,43.9,500,45.85,5500,0,178500
HDFCBANK30Jan201240CE.NFO,07/01/2020,09:24:56,45.2,44,500,45.65,500,0,178500
HDFCBANK30Jan201240CE.NFO,07/01/2020,09:24:57,45.2,44.05,500,45.45,500,0,178500
HDFCBANK30Jan201240CE.NFO,07/01/2020,09:24:58,45.2,43.8,500,45.3,3000,0,178500
HDFCBANK30Jan201240CE.NFO,07/01/2020,09:24:59,45.2,43.9,500,45.15,1000,0,178500
HDFCBANK30Jan201240CE.NFO,07/01/2020,09:25:00,45.15,44,1000,45.15,3000,500,178500
HDFCBANK30Jan201240CE.NFO,07/01/2020,09:25:02,45.15,44,500,45.9,5500,0,178500
HDFCBANK30Jan201240CE.NFO,07/01/2020,09:25:02,45.15,44.05,1000,45.8,500,0,178500
HDFCBANK30Jan201240CE.NFO,07/01/2020,09:25:03,45.15,44.05,1000,45.6,1000,0,178500
HDFCBANK30Jan201240CE.NFO,07/01/2020,09:25:04,45.15,44.1,1000,45.5,500,0,178500
HDFCBANK30Jan201240CE.NFO,07/01/2020,09:25:05,45.15,43.35,6000,45.35,2000,0,178500
HDFCBANK30Jan201240CE.NFO,07/01/2020,09:25:06,45.15,43.75,2500,45.2,500,0,178500
HDFCBANK30Jan201240CE.NFO,07/01/2020,09:25:07,45.15,43.95,2000,45.25,1000,1000,178500
HDFCBANK30Jan201240CE.NFO,07/01/2020,09:25:08,45.15,44.1,500,45.2,500,0,178500
HDFCBANK30Jan201240CE.NFO,07/01/2020,09:25:09,45.15,44.15,500,45.35,1000,0,178500
HDFCBANK30Jan201240CE.NFO,07/01/2020,09:25:10,45.15,44.15,500,45.35,1500,0,178500
HDFCBANK30Jan201240CE.NFO,07/01/2020,09:25:11,45.15,44.1,1500,45.3,1000,0,178500
HDFCBANK30Jan201240CE.NFO,07/01/2020,09:25:13,44.4,44.2,500,45.35,500,500,178500
HDFCBANK30Jan201240CE.NFO,07/01/2020,09:25:13,44.4,44.25,1000,45.25,500,0,178500
HDFCBANK30Jan201240CE.NFO,07/01/2020,09:25:14,45.2,43.9,1500,45.25,1500,1000,178500
HDFCBANK30Jan201240CE.NFO,07/01/2020,09:25:16,45.2,43.95,500,45.2,1000,0,178500
HDFCBANK30Jan201240CE.NFO,07/01/2020,09:25:16,45.2,43.95,500,45.15,1500,0,178500
HDFCBANK30Jan201240CE.NFO,07/01/2020,09:25:17,45.2,44,1000,45,1500,0,178500
HDFCBANK30Jan201240CE.NFO,07/01/2020,09:25:18,45.2,44,1000,45,2500,0,178500
HDFCBANK30Jan201240CE.NFO,07/01/2020,09:25:20,45.2,43.35,1500,44.8,500,0,178500
HDFCBANK30Jan201240CE.NFO,07/01/2020,09:25:21,44.75,43.65,500,44.8,1000,500,178500
HDFCBANK30Jan201240CE.NFO,07/01/2020,09:25:22,44.75,43.65,1000,44.75,1000,0,178500
HDFCBANK30Jan201240CE.NFO,07/01/2020,09:25:23,44.75,43.8,500,44.7,1000,0,178500
HDFCBANK30Jan201240CE.NFO,07/01/2020,09:25:24,44.75,43.35,500,45.7,7000,0,178500
HDFCBANK30Jan201240CE.NFO,07/01/2020,09:25:25,44.75,44.25,500,44.95,500,0,178500
HDFCBANK30Jan201240CE.NFO,07/01/2020,09:25:27,44.75,44.1,500,44.75,500,0,178500
HDFCBANK30Jan201240CE.NFO,07/01/2020,09:25:27,44.75,44.1,500,44.7,500,0,178500
HDFCBANK30Jan201240CE.NFO,07/01/2020,09:25:28,44.95,44.4,500,44.95,500,500,178500
HDFCBANK30Jan201240CE.NFO,07/01/2020,09:25:29,44.95,44.35,500,44.95,500,0,178500
HDFCBANK30Jan201240CE.NFO,07/01/2020,09:25:31,44.95,44.3,500,44.95,1000,0,178500
HDFCBANK30Jan201240CE.NFO,07/01/2020,09:25:32,44.95,44.2,500,44.85,500,0,178500
HDFCBANK30Jan201240CE.NFO,07/01/2020,09:25:33,44.95,44.2,500,44.8,500,0,178500
HDFCBANK30Jan201240CE.NFO,07/01/2020,09:25:35,44.8,44.3,500,44.85,500,500,178500
HDFCBANK30Jan201240CE.NFO,07/01/2020,09:25:37,44.8,44.3,500,44.85,500,0,178500
HDFCBANK30Jan201240CE.NFO,07/01/2020,09:25:38,44.8,44.25,500,44.75,500,0,178500
HDFCBANK30Jan201240CE.NFO,07/01/2020,09:25:38,44.8,44.15,500,44.75,500,0,178500
HDFCBANK30Jan201240CE.NFO,07/01/2020,09:25:39,44.8,44.2,500,44.75,500,0,178500
HDFCBANK30Jan201240CE.NFO,07/01/2020,09:25:41,44.8,44.2,1000,44.75,500,0,178500
HDFCBANK30Jan201240CE.NFO,07/01/2020,09:25:42,44.75,44.2,1000,44.8,500,500,178500
HDFCBANK30Jan201240CE.NFO,07/01/2020,09:25:43,44.75,44.2,1000,44.8,500,0,178500
HDFCBANK30Jan201240CE.NFO,07/01/2020,09:25:44,44.75,44.15,500,44.8,500,0,178500
HDFCBANK30Jan201240CE.NFO,07/01/2020,09:25:45,44.75,44.2,500,44.8,500,0,178500
HDFCBANK30Jan201240CE.NFO,07/01/2020,09:25:49,44.45,44.35,500,45,1000,500,178500
HDFCBANK30Jan201240CE.NFO,07/01/2020,09:25:50,45,44.35,500,45,500,1000,178500
HDFCBANK30Jan201240CE.NFO,07/01/2020,09:25:51,45,44.35,1000,44.9,1500,0,178500
HDFCBANK30Jan201240CE.NFO,07/01/2020,09:25:56,44.9,44.35,500,45,500,2000,178500
HDFCBANK30Jan201240CE.NFO,07/01/2020,09:25:57,44.9,44.5,500,45,500,0,178500
HDFCBANK30Jan201240CE.NFO,07/01/2020,09:26:00,44.9,44.6,500,45,500,0,178500
HDFCBANK30Jan201240CE.NFO,07/01/2020,09:26:03,45,44.6,500,45.25,500,500,178500
HDFCBANK30Jan201240CE.NFO,07/01/2020,09:26:05,45,44.7,500,45.3,500,0,178500
HDFCBANK30Jan201240CE.NFO,07/01/2020,09:26:06,45,44.7,1000,45.35,500,0,178500
HDFCBANK30Jan201240CE.NFO,07/01/2020,09:26:07,45,44.7,1000,45,500,0,178500
HDFCBANK30Jan201240CE.NFO,07/01/2020,09:26:08,45,44.8,1000,45,500,0,178500
HDFCBANK30Jan201240CE.NFO,07/01/2020,09:26:10,45.15,44.25,1500,45.6,500,1000,178500
HDFCBANK30Jan201240CE.NFO,07/01/2020,09:26:11,45.4,45,500,45.4,1000,500,178500
HDFCBANK30Jan201240CE.NFO,07/01/2020,09:26:12,45.4,44.85,500,45.25,500,0,178500
HDFCBANK30Jan201240CE.NFO,07/01/2020,09:26:12,45.4,44.9,500,45.25,500,0,178500
HDFCBANK30Jan201240CE.NFO,07/01/2020,09:26:13,44.5,44.55,500,44.95,500,500,189500
HDFCBANK30Jan201240CE.NFO,07/01/2020,09:26:14,44.5,44.6,500,45.05,500,0,189500
HDFCBANK30Jan201240CE.NFO,07/01/2020,09:26:15,44.5,44.6,500,45,500,0,189500
HDFCBANK30Jan201240CE.NFO,07/01/2020,09:26:17,44.5,44.5,1000,44.95,500,0,189500
HDFCBANK30Jan201240CE.NFO,07/01/2020,09:26:18,44.95,44.55,500,45.05,500,500,189500
HDFCBANK30Jan201240CE.NFO,07/01/2020,09:26:19,44.95,44.55,500,44.9,500,0,189500
HDFCBANK30Jan201240CE.NFO,07/01/2020,09:26:20,44.95,44.5,500,44.9,500,0,189500
HDFCBANK30Jan201240CE.NFO,07/01/2020,09:26:21,44.95,44.4,500,44.8,500,0,189500
HDFCBANK30Jan201240CE.NFO,07/01/2020,09:26:22,44.95,44.35,500,44.75,500,0,189500
HDFCBANK30Jan201240CE.NFO,07/01/2020,09:26:23,44.95,44.35,1000,44.75,500,0,189500
HDFCBANK30Jan201240CE.NFO,07/01/2020,09:26:24,44.75,44.45,500,44.8,500,500,189500
HDFCBANK30Jan201240CE.NFO,07/01/2020,09:26:25,44.75,44.4,500,44.9,500,0,189500
HDFCBANK30Jan201240CE.NFO,07/01/2020,09:26:26,44.75,44.4,500,44.85,1000,0,189500
HDFCBANK30Jan201240CE.NFO,07/01/2020,09:26:27,44.75,44.35,500,44.75,500,0,189500
HDFCBANK30Jan201240CE.NFO,07/01/2020,09:26:28,44.75,44.3,500,44.7,500,0,189500
HDFCBANK30Jan201240CE.NFO,07/01/2020,09:26:29,44.75,44.35,500,44.8,500,0,189500
HDFCBANK30Jan201240CE.NFO,07/01/2020,09:26:30,44.4,44.35,500,44.7,500,500,189500
HDFCBANK30Jan201240CE.NFO,07/01/2020,09:26:32,44.85,44.7,500,45.15,500,1000,189500
HDFCBANK30Jan201240CE.NFO,07/01/2020,09:26:33,44.85,44,500,45.1,500,0,189500
HDFCBANK30Jan201240CE.NFO,07/01/2020,09:26:34,44.85,44.4,500,44.75,500,0,189500
HDFCBANK30Jan201240CE.NFO,07/01/2020,09:26:34,44.85,44.4,500,44.7,500,0,189500
HDFCBANK30Jan201240CE.NFO,07/01/2020,09:26:35,44.85,44.4,1000,44.8,500,0,189500
HDFCBANK30Jan201240CE.NFO,07/01/2020,09:26:36,44.85,44.3,500,44.65,500,0,189500
HDFCBANK30Jan201240CE.NFO,07/01/2020,09:26:37,44.85,44.35,500,44.75,500,0,189500
HDFCBANK30Jan201240CE.NFO,07/01/2020,09:26:38,44.3,44.25,500,44.8,500,1000,189500
HDFCBANK30Jan201240CE.NFO,07/01/2020,09:26:39,44.2,44.05,1000,44.65,1500,1000,189500
HDFCBANK30Jan201240CE.NFO,07/01/2020,09:26:40,44.2,43.65,500,44.6,2000,0,189500
HDFCBANK30Jan201240CE.NFO,07/01/2020,09:26:41,43.55,43.5,500,43.9,500,1000,189500
HDFCBANK30Jan201240CE.NFO,07/01/2020,09:26:42,43.55,43.55,1000,43.9,500,0,189500
HDFCBANK30Jan201240CE.NFO,07/01/2020,09:26:43,43.55,43.4,500,43.9,500,0,189500
HDFCBANK30Jan201240CE.NFO,07/01/2020,09:26:45,43.55,43.55,500,43.9,500,0,189500
HDFCBANK30Jan201240CE.NFO,07/01/2020,09:26:46,43.9,43.75,500,44.45,1500,500,189500
HDFCBANK30Jan201240CE.NFO,07/01/2020,09:26:47,43.9,43.2,500,44.45,2000,0,189500
HDFCBANK30Jan201240CE.NFO,07/01/2020,09:26:48,43.9,43.3,1500,44.8,2000,0,189500
HDFCBANK30Jan201240CE.NFO,07/01/2020,09:26:49,43.9,43.45,1000,44.6,2000,0,189500
HDFCBANK30Jan201240CE.NFO,07/01/2020,09:26:49,43.9,43.45,1000,44.5,1500,0,189500
HDFCBANK30Jan201240CE.NFO,07/01/2020,09:26:50,43.9,43.15,1000,44.3,1500,0,189500
HDFCBANK30Jan201240CE.NFO,07/01/2020,09:26:51,43.9,43.15,500,44.15,1500,0,189500
HDFCBANK30Jan201240CE.NFO,07/01/2020,09:26:52,44.15,43.15,1000,44.15,1000,500,189500
HDFCBANK30Jan201240CE.NFO,07/01/2020,09:26:53,44.15,43.1,1000,44.05,500,0,189500
HDFCBANK30Jan201240CE.NFO,07/01/2020,09:26:54,44.15,43.1,500,44.05,500,0,189500
HDFCBANK30Jan201240CE.NFO,07/01/2020,09:26:55,44.15,43.2,500,44.1,1000,0,189500
HDFCBANK30Jan201240CE.NFO,07/01/2020,09:26:56,44.15,43.55,500,44,500,0,189500
HDFCBANK30Jan201240CE.NFO,07/01/2020,09:26:57,43.6,43.4,500,43.8,500,500,189500
HDFCBANK30Jan201240CE.NFO,07/01/2020,09:26:58,43.6,43.35,1000,43.75,500,0,189500
HDFCBANK30Jan201240CE.NFO,07/01/2020,09:26:59,43.75,43.35,1000,43.7,500,500,189500
HDFCBANK30Jan201240CE.NFO,07/01/2020,09:27:00,43.75,43.35,1000,43.75,500,0,189500
HDFCBANK30Jan201240CE.NFO,07/01/2020,09:27:01,43.35,43.45,500,43.9,500,500,189500
HDFCBANK30Jan201240CE.NFO,07/01/2020,09:27:02,43.45,43.5,1000,44,500,500,189500
HDFCBANK30Jan201240CE.NFO,07/01/2020,09:27:03,43.45,43.45,1000,43.85,500,0,189500
HDFCBANK30Jan201240CE.NFO,07/01/2020,09:27:05,43.45,43.35,500,43.8,1500,500,189500
HDFCBANK30Jan201240CE.NFO,07/01/2020,09:27:06,43.45,42.8,500,44,500,0,189500
HDFCBANK30Jan201240CE.NFO,07/01/2020,09:27:07,43.45,42.9,500,43.8,500,0,189500
HDFCBANK30Jan201240CE.NFO,07/01/2020,09:27:08,43.5,42.9,500,44.05,1500,500,189500
HDFCBANK30Jan201240CE.NFO,07/01/2020,09:27:09,43.5,42.95,1000,44,2000,0,189500
HDFCBANK30Jan201240CE.NFO,07/01/2020,09:27:10,43.5,43.15,1000,44.9,7500,0,189500
HDFCBANK30Jan201240CE.NFO,07/01/2020,09:27:11,43.5,43.15,1000,44.6,2000,0,189500
HDFCBANK30Jan201240CE.NFO,07/01/2020,09:27:12,43.5,43.15,1000,44.2,1500,0,189500
HDFCBANK30Jan201240CE.NFO,07/01/2020,09:27:12,43.5,43.3,1000,44.1,2000,0,189500
HDFCBANK30Jan201240CE.NFO,07/01/2020,09:27:13,43.5,43.3,1000,43.9,1500,0,189500
HDFCBANK30Jan201240CE.NFO,07/01/2020,09:27:14,43.5,43.1,500,43.9,500,0,189500
HDFCBANK30Jan201240CE.NFO,07/01/2020,09:27:16,43.85,43.1,500,43.95,1000,500,189500
HDFCBANK30Jan201240CE.NFO,07/01/2020,09:27:17,43.85,43.2,500,43.85,1000,0,189500
HDFCBANK30Jan201240CE.NFO,07/01/2020,09:27:17,43.85,43.1,500,43.85,500,0,189500
HDFCBANK30Jan201240CE.NFO,07/01/2020,09:27:19,43.85,43.15,500,43.75,500,0,189500
HDFCBANK30Jan201240CE.NFO,07/01/2020,09:27:20,43.85,43.15,1000,43.7,500,0,189500
HDFCBANK30Jan201240CE.NFO,07/01/2020,09:27:21,43.85,43,500,43.7,500,0,189500
HDFCBANK30Jan201240CE.NFO,07/01/2020,09:27:22,43.85,43.05,1000,43.7,500,0,189500
HDFCBANK30Jan201240CE.NFO,07/01/2020,09:27:24,43.7,43.05,1500,43.75,500,500,189500
HDFCBANK30Jan201240CE.NFO,07/01/2020,09:27:25,43.7,43.1,1000,43.75,500,0,189500
HDFCBANK30Jan201240CE.NFO,07/01/2020,09:27:26,43.7,43.15,1500,43.75,500,0,189500
HDFCBANK30Jan201240CE.NFO,07/01/2020,09:27:27,43.75,43.15,1000,44.4,2000,500,189500
HDFCBANK30Jan201240CE.NFO,07/01/2020,09:27:28,43.75,43.2,1500,44.2,1000,0,189500
HDFCBANK30Jan201240CE.NFO,07/01/2020,09:27:29,43.75,43.3,500,44.15,500,0,189500
HDFCBANK30Jan201240CE.NFO,07/01/2020,09:27:30,43.75,43.25,1500,44.15,1000,0,189500
HDFCBANK30Jan201240CE.NFO,07/01/2020,09:27:31,43.75,43.4,500,44.15,500,0,189500
HDFCBANK30Jan201240CE.NFO,07/01/2020,09:27:32,43.75,43.25,1000,44.5,2000,0,189500
HDFCBANK30Jan201240CE.NFO,07/01/2020,09:27:33,43.75,43.35,1000,44.3,2000,0,189500
HDFCBANK30Jan201240CE.NFO,07/01/2020,09:27:34,43.75,43.35,1000,44.2,1500,0,189500
HDFCBANK30Jan201240CE.NFO,07/01/2020,09:27:35,43.75,43,500,44.25,1000,0,189500
HDFCBANK30Jan201240CE.NFO,07/01/2020,09:27:36,43.75,43.05,500,44.15,1000,0,189500
HDFCBANK30Jan201240CE.NFO,07/01/2020,09:27:38,44.15,43.2,1000,44.5,1000,1000,189500
HDFCBANK30Jan201240CE.NFO,07/01/2020,09:27:39,44.15,43.3,500,44.45,2500,0,189500
HDFCBANK30Jan201240CE.NFO,07/01/2020,09:27:40,44.15,43.45,500,44.45,1500,0,189500
HDFCBANK30Jan201240CE.NFO,07/01/2020,09:27:40,44.15,43.5,500,44.45,1000,0,189500
HDFCBANK30Jan201240CE.NFO,07/01/2020,09:27:41,44.15,43.5,1000,44.8,6500,0,189500
HDFCBANK30Jan201240CE.NFO,07/01/2020,09:27:42,44.15,43.6,500,44.65,500,0,189500
HDFCBANK30Jan201240CE.NFO,07/01/2020,09:27:43,44.15,43.25,500,44.6,1500,0,189500
HDFCBANK30Jan201240CE.NFO,07/01/2020,09:27:44,44.6,43.4,1000,44.8,5500,1000,189500
HDFCBANK30Jan201240CE.NFO,07/01/2020,09:27:45,44.6,43.55,500,44.8,5500,0,189500
HDFCBANK30Jan201240CE.NFO,07/01/2020,09:27:46,44.6,43.6,1000,44.8,5500,0,189500
HDFCBANK30Jan201240CE.NFO,07/01/2020,09:27:47,44.6,43.65,1000,44.8,5500,0,189500
HDFCBANK30Jan201240CE.NFO,07/01/2020,09:27:48,44.6,43.65,1000,44.45,500,0,189500
HDFCBANK30Jan201240CE.NFO,07/01/2020,09:27:49,44.6,43.5,500,44.45,500,0,189500
HDFCBANK30Jan201240CE.NFO,07/01/2020,09:27:51,44.6,43.6,500,44.5,500,0,189500
HDFCBANK30Jan201240CE.NFO,07/01/2020,09:27:52,44.5,43.8,500,44.7,500,500,189500
HDFCBANK30Jan201240CE.NFO,07/01/2020,09:27:53,44.5,43.7,500,44.7,1000,0,189500
HDFCBANK30Jan201240CE.NFO,07/01/2020,09:27:54,44.5,43.65,500,44.65,1500,0,189500
HDFCBANK30Jan201240CE.NFO,07/01/2020,09:27:54,44.5,43.65,500,44.65,1000,0,189500
HDFCBANK30Jan201240CE.NFO,07/01/2020,09:27:55,44.5,43.65,1000,44.7,1000,0,189500
HDFCBANK30Jan201240CE.NFO,07/01/2020,09:27:57,44.5,43.8,500,44.7,500,0,189500
HDFCBANK30Jan201240CE.NFO,07/01/2020,09:27:58,44.5,43.9,1000,44.7,500,0,189500
HDFCBANK30Jan201240CE.NFO,07/01/2020,09:27:59,44.5,43.9,1000,44.65,500,0,189500
HDFCBANK30Jan201240CE.NFO,07/01/2020,09:28:00,44.5,43.95,500,44.6,500,0,189500
HDFCBANK30Jan201240CE.NFO,07/01/2020,09:28:01,44.5,43.65,500,44.55,1000,0,189500
HDFCBANK30Jan201240CE.NFO,07/01/2020,09:28:03,44.5,43.75,1000,44.7,1000,0,189500
HDFCBANK30Jan201240CE.NFO,07/01/2020,09:28:04,44.5,43.85,1000,44.7,1000,0,189500
HDFCBANK30Jan201240CE.NFO,07/01/2020,09:28:05,44.5,44,1000,44.7,1000,0,189500
HDFCBANK30Jan201240CE.NFO,07/01/2020,09:28:08,44.5,44,1000,44.7,500,0,189500
HDFCBANK30Jan201240CE.NFO,07/01/2020,09:28:10,44.5,44,1000,44.65,500,0,189500
HDFCBANK30Jan201240CE.NFO,07/01/2020,09:28:10,44.5,44,1000,44.6,500,0,189500
HDFCBANK30Jan201240CE.NFO,07/01/2020,09:28:11,44.5,44.05,500,44.65,500,0,189500
HDFCBANK30Jan201240CE.NFO,07/01/2020,09:28:13,44.5,44.1,500,44.65,500,500,189500
HDFCBANK30Jan201240CE.NFO,07/01/2020,09:28:14,44.5,43.65,500,44.65,500,0,189500
HDFCBANK30Jan201240CE.NFO,07/01/2020,09:28:15,44.5,43.8,1000,44.6,500,0,189500
HDFCBANK30Jan201240CE.NFO,07/01/2020,09:28:16,44.5,43.8,1000,44.65,500,0,189500
HDFCBANK30Jan201240CE.NFO,07/01/2020,09:28:17,44.5,43.85,1000,44.6,1000,0,189500
HDFCBANK30Jan201240CE.NFO,07/01/2020,09:28:18,44.5,43.85,1000,44.55,500,0,189500
HDFCBANK30Jan201240CE.NFO,07/01/2020,09:28:19,44.5,43.9,500,44.45,500,0,189500
HDFCBANK30Jan201240CE.NFO,07/01/2020,09:28:20,44.5,43.5,500,44.4,500,0,189500
HDFCBANK30Jan201240CE.NFO,07/01/2020,09:28:22,44.5,43.6,1000,44.4,500,0,189500
HDFCBANK30Jan201240CE.NFO,07/01/2020,09:28:23,44.5,43.6,1000,44.4,1500,0,189500
HDFCBANK30Jan201240CE.NFO,07/01/2020,09:28:24,44.5,43.65,1000,44.4,1500,0,189500
HDFCBANK30Jan201240CE.NFO,07/01/2020,09:28:24,44.5,43.25,500,44.4,500,0,189500
HDFCBANK30Jan201240CE.NFO,07/01/2020,09:28:25,44.5,43.25,1000,44.25,1000,0,189500
HDFCBANK30Jan201240CE.NFO,07/01/2020,09:28:26,44.5,43.25,1000,44.2,500,0,189500
HDFCBANK30Jan201240CE.NFO,07/01/2020,09:28:27,44.5,43.25,1000,44.3,500,0,189500
HDFCBANK30Jan201240CE.NFO,07/01/2020,09:28:29,44.5,43.25,1000,44.2,500,0,189500
HDFCBANK30Jan201240CE.NFO,07/01/2020,09:28:30,44.5,43.25,1000,44.25,1000,0,189500
HDFCBANK30Jan201240CE.NFO,07/01/2020,09:28:31,44.5,43.25,1000,44.2,1000,0,189500
HDFCBANK30Jan201240CE.NFO,07/01/2020,09:28:32,44.5,43.25,1000,44.15,500,0,189500
HDFCBANK30Jan201240CE.NFO,07/01/2020,09:28:32,44.5,43.35,500,44.3,500,0,189500
HDFCBANK30Jan201240CE.NFO,07/01/2020,09:28:33,44.5,43.45,1000,44.2,500,0,189500
HDFCBANK30Jan201240CE.NFO,07/01/2020,09:28:34,44.5,43.3,500,44.35,500,0,189500
HDFCBANK30Jan201240CE.NFO,07/01/2020,09:28:35,44.5,43.25,500,44.3,500,0,189500
HDFCBANK30Jan201240CE.NFO,07/01/2020,09:28:36,44.5,43.5,500,44.25,500,0,189500
HDFCBANK30Jan201240CE.NFO,07/01/2020,09:28:37,44.5,43.5,1000,44.35,500,0,189500
HDFCBANK30Jan201240CE.NFO,07/01/2020,09:28:38,44.5,43.2,1000,44.2,500,0,189500
HDFCBANK30Jan201240CE.NFO,07/01/2020,09:28:39,44.5,43.4,500,44.2,500,0,189500
HDFCBANK30Jan201240CE.NFO,07/01/2020,09:28:41,44.5,43.4,1000,44.1,500,0,189500
HDFCBANK30Jan201240CE.NFO,07/01/2020,09:28:44,44.5,43.15,1000,44,1000,0,189500
HDFCBANK30Jan201240CE.NFO,07/01/2020,09:28:45,44.5,43.25,1000,43.95,500,0,189500
HDFCBANK30Jan201240CE.NFO,07/01/2020,09:28:45,44.5,43.25,1000,44,500,0,189500
HDFCBANK30Jan201240CE.NFO,07/01/2020,09:28:46,44.5,43.35,1000,44,500,0,189500
HDFCBANK30Jan201240CE.NFO,07/01/2020,09:28:47,44.5,43.35,1000,43.85,500,0,189500
HDFCBANK30Jan201240CE.NFO,07/01/2020,09:28:49,43.35,43.15,500,43.75,500,500,189500
HDFCBANK30Jan201240CE.NFO,07/01/2020,09:28:50,43.35,43.15,500,43.7,500,0,189500
HDFCBANK30Jan201240CE.NFO,07/01/2020,09:28:51,43.35,43.25,500,43.7,500,0,189500
HDFCBANK30Jan201240CE.NFO,07/01/2020,09:28:54,43.65,43.1,500,44,500,1000,189500
HDFCBANK30Jan201240CE.NFO,07/01/2020,09:28:55,43.65,43.1,2000,43.9,500,0,189500
HDFCBANK30Jan201240CE.NFO,07/01/2020,09:28:56,43.7,43.15,500,44.05,1000,500,189500
HDFCBANK30Jan201240CE.NFO,07/01/2020,09:28:57,43.7,43.3,500,43.95,500,0,189500
HDFCBANK30Jan201240CE.NFO,07/01/2020,09:28:58,43.7,43.4,1000,43.85,500,0,189500
HDFCBANK30Jan201240CE.NFO,07/01/2020,09:29:00,43.7,43.25,1500,44.1,500,0,189500
HDFCBANK30Jan201240CE.NFO,07/01/2020,09:29:01,43.7,43.4,1000,44.05,500,0,189500
HDFCBANK30Jan201240CE.NFO,07/01/2020,09:29:02,43.7,43.55,500,43.95,500,0,189500
HDFCBANK30Jan201240CE.NFO,07/01/2020,09:29:02,43.7,43.55,500,44.25,1000,0,189500
HDFCBANK30Jan201240CE.NFO,07/01/2020,09:29:03,43.7,43.3,500,44,500,0,189500
HDFCBANK30Jan201240CE.NFO,07/01/2020,09:29:04,43.9,43.45,500,44,500,500,189500
HDFCBANK30Jan201240CE.NFO,07/01/2020,09:29:05,43.9,43.55,500,44,500,0,189500
HDFCBANK30Jan201240CE.NFO,07/01/2020,09:29:06,43.9,43.6,1000,44,500,0,189500
HDFCBANK30Jan201240CE.NFO,07/01/2020,09:29:09,43.9,43.4,500,44,500,0,189500
HDFCBANK30Jan201240CE.NFO,07/01/2020,09:29:10,43.9,43.4,1000,43.9,500,0,189500
HDFCBANK30Jan201240CE.NFO,07/01/2020,09:29:11,43.8,43.4,1000,44,500,500,189500
HDFCBANK30Jan201240CE.NFO,07/01/2020,09:29:13,43.8,43.4,1000,44,500,0,189500
HDFCBANK30Jan201240CE.NFO,07/01/2020,09:29:16,44,43.6,500,44.4,500,500,189500
HDFCBANK30Jan201240CE.NFO,07/01/2020,09:29:16,44,43.65,1500,44.4,500,0,190500
HDFCBANK30Jan201240CE.NFO,07/01/2020,09:29:17,44.2,43.7,500,44.5,1000,1000,190500
HDFCBANK30Jan201240CE.NFO,07/01/2020,09:29:18,44.2,43.5,1500,44.3,500,0,190500
HDFCBANK30Jan201240CE.NFO,07/01/2020,09:29:20,44.2,43.45,1000,44.25,500,0,190500
HDFCBANK30Jan201240CE.NFO,07/01/2020,09:29:22,44.2,43.45,1000,44.2,500,0,190500
HDFCBANK30Jan201240CE.NFO,07/01/2020,09:29:24,44.2,43.45,1000,44.4,500,500,190500
HDFCBANK30Jan201240CE.NFO,07/01/2020,09:29:25,44.2,43.55,500,44.4,500,0,190500
HDFCBANK30Jan201240CE.NFO,07/01/2020,09:29:27,44.2,43.7,500,44.45,500,0,190500
HDFCBANK30Jan201240CE.NFO,07/01/2020,09:29:28,44.2,43.35,500,44.2,500,0,190500
HDFCBANK30Jan201240CE.NFO,07/01/2020,09:29:29,44.2,43.4,1000,44.2,500,0,190500
HDFCBANK30Jan201240CE.NFO,07/01/2020,09:29:30,44.2,43.5,500,44.25,500,0,190500
HDFCBANK30Jan201240CE.NFO,07/01/2020,09:29:32,44.2,43.3,1000,44.15,500,0,190500
HDFCBANK30Jan201240CE.NFO,07/01/2020,09:29:33,44.2,43.45,1000,44.15,500,0,190500
HDFCBANK30Jan201240CE.NFO,07/01/2020,09:29:34,44.2,43.6,1000,44.35,500,0,190500
HDFCBANK30Jan201240CE.NFO,07/01/2020,09:29:34,44.2,43.65,500,44.35,500,0,190500
HDFCBANK30Jan201240CE.NFO,07/01/2020,09:29:36,44.2,43.35,500,44.35,500,0,190500
HDFCBANK30Jan201240CE.NFO,07/01/2020,09:29:37,44.2,43.45,500,44.3,500,0,190500
HDFCBANK30Jan201240CE.NFO,07/01/2020,09:29:38,44.2,43.5,1000,44.3,500,0,190500
HDFCBANK30Jan201240CE.NFO,07/01/2020,09:29:39,44.2,43.6,1000,44.35,500,0,190500
HDFCBANK30Jan201240CE.NFO,07/01/2020,09:29:42,44.2,43.7,500,44.4,1000,0,190500
HDFCBANK30Jan201240CE.NFO,07/01/2020,09:29:43,44.2,43.75,500,44.35,500,0,190500
HDFCBANK30Jan201240CE.NFO,07/01/2020,09:29:44,44.2,43.5,500,44.5,1000,500,190500
HDFCBANK30Jan201240CE.NFO,07/01/2020,09:29:45,44.2,43.5,500,44.3,500,0,190500
HDFCBANK30Jan201240CE.NFO,07/01/2020,09:29:47,44.2,43.75,500,44.5,500,0,190500
HDFCBANK30Jan201240CE.NFO,07/01/2020,09:29:48,44.2,43.85,500,44.5,500,0,190500
HDFCBANK30Jan201240CE.NFO,07/01/2020,09:29:49,44.2,43.55,2500,44.5,500,0,190500
HDFCBANK30Jan201240CE.NFO,07/01/2020,09:29:50,44.2,43.6,1000,44.5,500,0,190500
HDFCBANK30Jan201240CE.NFO,07/01/2020,09:29:51,44.2,43.8,500,44.5,500,0,190500
HDFCBANK30Jan201240CE.NFO,07/01/2020,09:29:52,44.2,43.55,500,44.45,500,0,190500
HDFCBANK30Jan201240CE.NFO,07/01/2020,09:29:54,44.2,43.55,1000,44.35,500,0,190500
HDFCBANK30Jan201240CE.NFO,07/01/2020,09:29:58,44.2,43.7,500,44.5,500,0,190500
HDFCBANK30Jan201240CE.NFO,07/01/2020,09:29:59,44.2,43.7,1000,44.5,500,0,190500
HDFCBANK30Jan201240CE.NFO,07/01/2020,09:30:01,44.2,43.8,1000,44.5,500,0,190500
HDFCBANK30Jan201240CE.NFO,07/01/2020,09:30:07,44.2,43.95,1000,44.5,500,0,190500
HDFCBANK30Jan201240CE.NFO,07/01/2020,09:30:08,44.5,44.05,500,44.55,500,500,190500
HDFCBANK30Jan201240CE.NFO,07/01/2020,09:30:08,44.5,44.1,1000,44.55,500,0,190500
HDFCBANK30Jan201240CE.NFO,07/01/2020,09:30:09,44.5,44.15,1000,44.55,500,0,190500
HDFCBANK30Jan201240CE.NFO,07/01/2020,09:30:10,44.55,44.25,1000,45,500,500,190500
HDFCBANK30Jan201240CE.NFO,07/01/2020,09:30:11,44.55,44.4,500,44.95,500,0,190500
HDFCBANK30Jan201240CE.NFO,07/01/2020,09:30:15,44.55,44.1,1500,44.85,500,0,190500
HDFCBANK30Jan201240CE.NFO,07/01/2020,09:30:15,44.55,44.1,1500,44.9,500,0,190500
HDFCBANK30Jan201240CE.NFO,07/01/2020,09:30:16,44.55,44.25,500,44.85,500,0,190500
HDFCBANK30Jan201240CE.NFO,07/01/2020,09:30:17,44.55,44.3,1000,44.95,500,0,190500
HDFCBANK30Jan201240CE.NFO,07/01/2020,09:30:18,44.55,44.4,500,44.95,500,0,190500
HDFCBANK30Jan201240CE.NFO,07/01/2020,09:30:19,44.55,44.45,500,44.95,500,0,190500
HDFCBANK30Jan201240CE.NFO,07/01/2020,09:30:20,44.55,43.9,500,44.95,500,0,190500
HDFCBANK30Jan201240CE.NFO,07/01/2020,09:30:21,44.55,44.1,500,44.85,500,0,190500
HDFCBANK30Jan201240CE.NFO,07/01/2020,09:30:23,44.55,44.1,1000,44.8,500,0,190500
HDFCBANK30Jan201240CE.NFO,07/01/2020,09:30:24,44.55,44.2,500,44.8,500,0,190500
HDFCBANK30Jan201240CE.NFO,07/01/2020,09:30:25,44.55,44.3,500,44.8,500,0,190500
HDFCBANK30Jan201240CE.NFO,07/01/2020,09:30:26,44.55,44.05,1500,44.75,500,0,190500
HDFCBANK30Jan201240CE.NFO,07/01/2020,09:30:26,44.55,44.15,1500,44.75,500,0,190500
HDFCBANK30Jan201240CE.NFO,07/01/2020,09:30:27,44.55,44.1,1000,44.75,1000,0,190500
HDFCBANK30Jan201240CE.NFO,07/01/2020,09:30:28,44.55,44.15,2000,44.95,500,0,190500
HDFCBANK30Jan201240CE.NFO,07/01/2020,09:30:29,44.55,44.15,1500,44.8,500,0,190500
HDFCBANK30Jan201240CE.NFO,07/01/2020,09:30:30,44.55,44,500,44.7,500,0,190500
HDFCBANK30Jan201240CE.NFO,07/01/2020,09:30:31,44.55,44.1,500,44.7,500,0,190500
HDFCBANK30Jan201240CE.NFO,07/01/2020,09:30:32,44.55,44.15,500,44.8,500,0,190500
HDFCBANK30Jan201240CE.NFO,07/01/2020,09:30:36,44.55,44.1,500,44.9,500,0,190500
HDFCBANK30Jan201240CE.NFO,07/01/2020,09:30:38,44.55,43.9,1500,44.75,500,0,190500
HDFCBANK30Jan201240CE.NFO,07/01/2020,09:30:39,44.55,44.1,1500,44.8,500,0,190500
HDFCBANK30Jan201240CE.NFO,07/01/2020,09:30:40,44.55,44.15,500,44.8,1000,0,190500
HDFCBANK30Jan201240CE.NFO,07/01/2020,09:30:41,44.55,44,500,44.75,500,0,190500
HDFCBANK30Jan201240CE.NFO,07/01/2020,09:30:42,44.55,43.9,500,44.75,500,0,190500
HDFCBANK30Jan201240CE.NFO,07/01/2020,09:30:44,44.55,43.6,2000,44.65,1000,0,190500
HDFCBANK30Jan201240CE.NFO,07/01/2020,09:30:45,44.55,43.65,1000,44.65,500,0,190500
HDFCBANK30Jan201240CE.NFO,07/01/2020,09:30:46,44.55,43.65,1000,44.65,1500,0,190500
HDFCBANK30Jan201240CE.NFO,07/01/2020,09:30:47,44.55,43.65,1000,44.5,500,0,190500
HDFCBANK30Jan201240CE.NFO,07/01/2020,09:30:48,44.55,44,500,44.5,500,0,190500
HDFCBANK30Jan201240CE.NFO,07/01/2020,09:30:51,44.55,44,1000,44.65,500,0,190500
HDFCBANK30Jan201240CE.NFO,07/01/2020,09:30:53,44.55,44,1000,44.6,500,0,190500
HDFCBANK30Jan201240CE.NFO,07/01/2020,09:30:54,44.55,44,1000,44.65,500,0,190500
HDFCBANK30Jan201240CE.NFO,07/01/2020,09:30:55,44.55,44,1000,44.55,500,0,190500
HDFCBANK30Jan201240CE.NFO,07/01/2020,09:30:58,44.55,44,1000,44.6,500,0,190500
HDFCBANK30Jan201240CE.NFO,07/01/2020,09:30:59,44.55,44,1000,44.6,1000,0,190500
HDFCBANK30Jan201240CE.NFO,07/01/2020,09:31:01,44.55,44,1000,44.9,500,0,190500
HDFCBANK30Jan201240CE.NFO,07/01/2020,09:31:02,44.55,44,1000,44.9,1000,0,190500
HDFCBANK30Jan201240CE.NFO,07/01/2020,09:31:03,44.55,44,1000,44.8,500,0,190500
HDFCBANK30Jan201240CE.NFO,07/01/2020,09:31:05,44.55,44,1000,44.55,500,500,190500
HDFCBANK30Jan201240CE.NFO,07/01/2020,09:31:06,44.55,44,1000,44.55,500,0,190500
HDFCBANK30Jan201240CE.NFO,07/01/2020,09:31:08,44.55,44.05,1000,44.55,500,0,190500
HDFCBANK30Jan201240CE.NFO,07/01/2020,09:31:09,44.55,44.1,500,44.55,500,0,190500
HDFCBANK30Jan201240CE.NFO,07/01/2020,09:31:11,44.55,44.05,500,44.55,500,0,190500
HDFCBANK30Jan201240CE.NFO,07/01/2020,09:31:13,44.55,44.1,500,44.55,500,0,190500
HDFCBANK30Jan201240CE.NFO,07/01/2020,09:31:14,44.55,44.1,500,45.05,500,500,190500
HDFCBANK30Jan201240CE.NFO,07/01/2020,09:31:15,44.55,44.1,500,44.9,500,0,190500
HDFCBANK30Jan201240CE.NFO,07/01/2020,09:31:16,44.55,44.1,500,44.95,1000,0,190500
HDFCBANK30Jan201240CE.NFO,07/01/2020,09:31:17,44.55,44.1,500,44.95,1500,0,190500
HDFCBANK30Jan201240CE.NFO,07/01/2020,09:31:18,44.55,44.1,500,44.85,500,0,190500
HDFCBANK30Jan201240CE.NFO,07/01/2020,09:31:19,44.55,44.1,1000,45.05,2000,0,190500
HDFCBANK30Jan201240CE.NFO,07/01/2020,09:31:21,44.55,44.15,1000,44.95,500,0,190500
HDFCBANK30Jan201240CE.NFO,07/01/2020,09:31:22,44.55,44.2,1000,44.85,500,0,190500
HDFCBANK30Jan201240CE.NFO,07/01/2020,09:31:23,44.55,44.2,1000,44.8,1000,0,190500
HDFCBANK30Jan201240CE.NFO,07/01/2020,09:31:24,44.55,44.2,1000,44.8,500,0,190500
HDFCBANK30Jan201240CE.NFO,07/01/2020,09:31:26,44.55,44.2,1000,44.8,1000,0,190500
HDFCBANK30Jan201240CE.NFO,07/01/2020,09:31:26,44.55,44.2,1000,44.8,500,0,190500
HDFCBANK30Jan201240CE.NFO,07/01/2020,09:31:27,44.55,44.3,500,44.8,500,0,190500
HDFCBANK30Jan201240CE.NFO,07/01/2020,09:31:28,44.55,44.2,500,44.85,500,0,190500
HDFCBANK30Jan201240CE.NFO,07/01/2020,09:31:30,44.55,44.25,1000,44.9,1000,0,190500
HDFCBANK30Jan201240CE.NFO,07/01/2020,09:31:31,44.55,44.35,500,44.9,1000,0,190500
HDFCBANK30Jan201240CE.NFO,07/01/2020,09:31:33,44.55,44.15,500,44.85,500,0,190500
HDFCBANK30Jan201240CE.NFO,07/01/2020,09:31:34,44.55,44.25,500,44.8,500,0,190500
HDFCBANK30Jan201240CE.NFO,07/01/2020,09:31:35,44.5,44.25,500,44.95,500,500,190500
HDFCBANK30Jan201240CE.NFO,07/01/2020,09:31:36,44.5,44.3,1000,44.85,500,0,190500
HDFCBANK30Jan201240CE.NFO,07/01/2020,09:31:37,44.5,44.35,1000,44.85,500,0,190500
HDFCBANK30Jan201240CE.NFO,07/01/2020,09:31:38,44.5,44.35,1000,44.8,1000,0,190500
HDFCBANK30Jan201240CE.NFO,07/01/2020,09:31:45,44.5,44.25,500,44.75,500,0,190500
HDFCBANK30Jan201240CE.NFO,07/01/2020,09:31:46,44.5,43.9,4000,44.8,1000,0,190500
HDFCBANK30Jan201240CE.NFO,07/01/2020,09:31:47,44.5,44.1,1500,44.8,1000,0,190500
HDFCBANK30Jan201240CE.NFO,07/01/2020,09:31:48,44.5,44.15,500,44.7,500,0,190500
HDFCBANK30Jan201240CE.NFO,07/01/2020,09:31:49,44.5,44.2,1000,44.75,500,0,190500
HDFCBANK30Jan201240CE.NFO,07/01/2020,09:31:50,44.5,44.2,1000,44.75,1000,0,190500
HDFCBANK30Jan201240CE.NFO,07/01/2020,09:31:51,44.5,44.2,1000,44.85,500,0,190500
HDFCBANK30Jan201240CE.NFO,07/01/2020,09:31:52,44.5,44.2,1000,44.8,1000,0,190500
HDFCBANK30Jan201240CE.NFO,07/01/2020,09:31:54,44.5,44.2,1000,44.85,500,0,190500
HDFCBANK30Jan201240CE.NFO,07/01/2020,09:31:57,44.5,44.2,1000,44.9,500,0,190500
HDFCBANK30Jan201240CE.NFO,07/01/2020,09:31:58,44.5,44.2,1000,45,1000,0,190500
HDFCBANK30Jan201240CE.NFO,07/01/2020,09:31:59,44.5,44.2,1000,44.9,500,0,190500
HDFCBANK30Jan201240CE.NFO,07/01/2020,09:32:00,44.5,44.2,1000,44.9,1500,0,190500
HDFCBANK30Jan201240CE.NFO,07/01/2020,09:32:01,44.5,44.2,1000,44.85,1500,0,190500
HDFCBANK30Jan201240CE.NFO,07/01/2020,09:32:02,44.5,44.2,1000,44.75,500,0,190500
HDFCBANK30Jan201240CE.NFO,07/01/2020,09:32:06,44.5,44.2,1000,44.8,500,0,190500
HDFCBANK30Jan201240CE.NFO,07/01/2020,09:32:07,44.5,43.8,1500,44.75,500,0,190500
HDFCBANK30Jan201240CE.NFO,07/01/2020,09:32:07,44.5,44,500,44.75,500,0,190500
HDFCBANK30Jan201240CE.NFO,07/01/2020,09:32:08,44.5,43.95,1000,44.75,500,0,190500
HDFCBANK30Jan201240CE.NFO,07/01/2020,09:32:09,44.5,43.95,1000,44.8,1000,0,190500
HDFCBANK30Jan201240CE.NFO,07/01/2020,09:32:10,44.5,44.05,500,44.9,500,0,190500
HDFCBANK30Jan201240CE.NFO,07/01/2020,09:32:11,44.5,44.05,500,44.9,1000,0,190500
HDFCBANK30Jan201240CE.NFO,07/01/2020,09:32:13,44.5,44.1,1000,44.85,1500,0,190500
HDFCBANK30Jan201240CE.NFO,07/01/2020,09:32:13,44.5,44.1,1000,44.9,1000,0,190500
HDFCBANK30Jan201240CE.NFO,07/01/2020,09:32:15,44.5,44.2,1000,44.85,1500,0,190500
HDFCBANK30Jan201240CE.NFO,07/01/2020,09:32:16,44.5,43.85,4500,44.85,500,0,190500
HDFCBANK30Jan201240CE.NFO,07/01/2020,09:32:17,44.5,44.15,1500,44.85,500,0,190500
HDFCBANK30Jan201240CE.NFO,07/01/2020,09:32:18,44.5,44.2,1000,44.85,500,0,190500
HDFCBANK30Jan201240CE.NFO,07/01/2020,09:32:20,44.3,43.65,500,45.05,1000,500,190500
HDFCBANK30Jan201240CE.NFO,07/01/2020,09:32:21,44.3,44.15,1000,44.95,500,0,187500
HDFCBANK30Jan201240CE.NFO,07/01/2020,09:32:21,44.3,44.25,500,45,500,0,187500
HDFCBANK30Jan201240CE.NFO,07/01/2020,09:32:23,44.3,44.35,1000,45.05,500,0,187500
HDFCBANK30Jan201240CE.NFO,07/01/2020,09:32:24,44.3,44.35,1000,45.2,1500,0,187500
HDFCBANK30Jan201240CE.NFO,07/01/2020,09:32:25,44.3,44.45,500,45.15,500,0,187500
HDFCBANK30Jan201240CE.NFO,07/01/2020,09:32:27,44.3,44.6,500,45.25,500,0,187500
HDFCBANK30Jan201240CE.NFO,07/01/2020,09:32:28,44.3,44.45,500,45.25,500,0,187500
HDFCBANK30Jan201240CE.NFO,07/01/2020,09:32:29,44.3,44.65,500,45.2,500,0,187500
HDFCBANK30Jan201240CE.NFO,07/01/2020,09:32:30,44.3,44.7,1000,45.2,500,0,187500
HDFCBANK30Jan201240CE.NFO,07/01/2020,09:32:31,44.3,44.5,500,45.2,500,0,187500
HDFCBANK30Jan201240CE.NFO,07/01/2020,09:32:32,44.3,44.65,500,45.2,500,0,187500
HDFCBANK30Jan201240CE.NFO,07/01/2020,09:32:33,44.3,44.7,1000,45.2,500,0,187500
HDFCBANK30Jan201240CE.NFO,07/01/2020,09:32:35,45.25,44.85,500,45.75,500,1000,187500
HDFCBANK30Jan201240CE.NFO,07/01/2020,09:32:36,45.25,44.9,500,45.75,500,0,187500
HDFCBANK30Jan201240CE.NFO,07/01/2020,09:32:37,45.25,44.9,1000,45.75,500,0,187500
HDFCBANK30Jan201240CE.NFO,07/01/2020,09:32:38,45.25,44.9,500,45.75,500,0,187500
HDFCBANK30Jan201240CE.NFO,07/01/2020,09:32:39,45.25,45,500,45.7,500,0,187500
HDFCBANK30Jan201240CE.NFO,07/01/2020,09:32:40,45.25,45,1000,45.7,500,0,187500
HDFCBANK30Jan201240CE.NFO,07/01/2020,09:32:41,45.25,45,500,45.75,1000,0,187500
HDFCBANK30Jan201240CE.NFO,07/01/2020,09:32:42,45.25,45.05,1000,45.75,1000,0,187500
HDFCBANK30Jan201240CE.NFO,07/01/2020,09:32:44,45.25,45.05,500,45.75,1000,0,187500
HDFCBANK30Jan201240CE.NFO,07/01/2020,09:32:44,45.25,45.05,1000,45.75,1000,0,187500
HDFCBANK30Jan201240CE.NFO,07/01/2020,09:32:45,45.25,45.05,1000,45.75,500,0,187500
HDFCBANK30Jan201240CE.NFO,07/01/2020,09:32:47,45.25,45.25,500,45.75,500,0,187500
HDFCBANK30Jan201240CE.NFO,07/01/2020,09:32:48,45,45.1,1000,45.75,1000,500,187500
HDFCBANK30Jan201240CE.NFO,07/01/2020,09:32:49,45.1,45.1,500,45.75,1000,500,187500
HDFCBANK30Jan201240CE.NFO,07/01/2020,09:32:50,45.1,45.15,500,45.75,1000,0,187500
HDFCBANK30Jan201240CE.NFO,07/01/2020,09:32:52,45.1,44.9,1000,45.75,500,0,187500
HDFCBANK30Jan201240CE.NFO,07/01/2020,09:32:53,45.1,44.9,1000,45.7,500,0,187500
HDFCBANK30Jan201240CE.NFO,07/01/2020,09:32:54,45.1,44.9,1000,45.75,1000,0,187500
HDFCBANK30Jan201240CE.NFO,07/01/2020,09:32:57,45.1,45.1,500,45.75,500,0,187500
HDFCBANK30Jan201240CE.NFO,07/01/2020,09:32:58,45.1,45.15,500,45.75,500,0,187500
HDFCBANK30Jan201240CE.NFO,07/01/2020,09:32:59,45.1,45.2,500,45.75,500,0,187500
HDFCBANK30Jan201240CE.NFO,07/01/2020,09:33:00,45.1,45,1000,45.75,500,0,187500
HDFCBANK30Jan201240CE.NFO,07/01/2020,09:33:01,45.1,45.25,1000,45.75,500,0,187500
HDFCBANK30Jan201240CE.NFO,07/01/2020,09:33:08,45.75,45.25,1000,46,3500,500,187500
HDFCBANK30Jan201240CE.NFO,07/01/2020,09:33:09,45.75,45.25,1000,46,3500,0,187500
HDFCBANK30Jan201240CE.NFO,07/01/2020,09:33:10,45.7,45.25,1000,46,3500,500,187500
HDFCBANK30Jan201240CE.NFO,07/01/2020,09:33:11,45.7,45.55,500,46,3500,0,187500
HDFCBANK30Jan201240CE.NFO,07/01/2020,09:33:16,45.7,45.5,1000,46,3500,0,187500
HDFCBANK30Jan201240CE.NFO,07/01/2020,09:33:20,45.7,45.55,500,46,3500,0,187500
HDFCBANK30Jan201240CE.NFO,07/01/2020,09:33:22,46,45.6,500,46,2500,1000,187500
HDFCBANK30Jan201240CE.NFO,07/01/2020,09:33:24,46,45.65,500,46,1500,1000,187500
HDFCBANK30Jan201240CE.NFO,07/01/2020,09:33:25,46,45.65,1000,46,500,1000,187500
HDFCBANK30Jan201240CE.NFO,07/01/2020,09:33:26,46,45.7,500,46,500,0,187500
HDFCBANK30Jan201240CE.NFO,07/01/2020,09:33:27,46,45.6,500,46,500,0,187500
HDFCBANK30Jan201240CE.NFO,07/01/2020,09:33:29,46,45.65,1000,46.1,500,500,187500
HDFCBANK30Jan201240CE.NFO,07/01/2020,09:33:29,46,45.65,1000,46.1,500,0,187500
HDFCBANK30Jan201240CE.NFO,07/01/2020,09:33:32,46,45.5,1000,46.1,500,0,187500
HDFCBANK30Jan201240CE.NFO,07/01/2020,09:33:33,46,45.6,1000,46.1,500,0,187500
HDFCBANK30Jan201240CE.NFO,07/01/2020,09:33:34,46,45.7,500,46.1,500,0,187500
HDFCBANK30Jan201240CE.NFO,07/01/2020,09:33:35,46,45.2,5000,46.1,500,0,187500
HDFCBANK30Jan201240CE.NFO,07/01/2020,09:33:36,46.1,45.85,1000,46.45,500,500,187500
HDFCBANK30Jan201240CE.NFO,07/01/2020,09:33:37,46.1,45.85,1000,46.45,500,0,187500
HDFCBANK30Jan201240CE.NFO,07/01/2020,09:33:38,46.1,45.7,2000,46.4,500,0,187500
HDFCBANK30Jan201240CE.NFO,07/01/2020,09:33:40,46.1,45.7,1500,46.55,500,0,187500
HDFCBANK30Jan201240CE.NFO,07/01/2020,09:33:42,46.1,45.7,2500,46.5,500,0,187500
HDFCBANK30Jan201240CE.NFO,07/01/2020,09:33:44,46.1,45.7,500,46.35,500,0,187500
HDFCBANK30Jan201240CE.NFO,07/01/2020,09:33:44,46.1,45.7,500,46.4,1000,0,187500
HDFCBANK30Jan201240CE.NFO,07/01/2020,09:33:45,46.1,45.7,500,46.4,500,0,187500
HDFCBANK30Jan201240CE.NFO,07/01/2020,09:33:46,46.1,45.7,500,46.45,500,0,187500
HDFCBANK30Jan201240CE.NFO,07/01/2020,09:33:47,46.1,45.7,500,46.4,500,0,187500
HDFCBANK30Jan201240CE.NFO,07/01/2020,09:33:48,46.1,45.65,500,46.4,500,0,187500
HDFCBANK30Jan201240CE.NFO,07/01/2020,09:33:49,46.1,45.7,1000,46.4,500,0,187500
HDFCBANK30Jan201240CE.NFO,07/01/2020,09:33:52,46.1,45.8,500,46.45,500,0,187500
HDFCBANK30Jan201240CE.NFO,07/01/2020,09:33:52,46.1,45.7,500,46.45,500,0,187500
HDFCBANK30Jan201240CE.NFO,07/01/2020,09:33:54,46.1,45.7,500,46.4,1000,0,187500
HDFCBANK30Jan201240CE.NFO,07/01/2020,09:33:55,46.1,45.7,500,46.45,500,0,187500
HDFCBANK30Jan201240CE.NFO,07/01/2020,09:33:57,46.1,45.65,500,46.45,500,0,187500
HDFCBANK30Jan201240CE.NFO,07/01/2020,09:33:58,46.1,45.75,500,46.5,500,0,187500
HDFCBANK30Jan201240CE.NFO,07/01/2020,09:33:59,46.1,45.75,1500,46.45,500,0,187500
HDFCBANK30Jan201240CE.NFO,07/01/2020,09:34:01,46.1,45.75,1000,46.45,500,0,187500
HDFCBANK30Jan201240CE.NFO,07/01/2020,09:34:03,46.1,45.75,500,46.4,500,0,187500
HDFCBANK30Jan201240CE.NFO,07/01/2020,09:34:06,46.1,45.75,500,46.3,500,0,187500
HDFCBANK30Jan201240CE.NFO,07/01/2020,09:34:08,46.1,45.6,1000,46.3,500,0,187500
HDFCBANK30Jan201240CE.NFO,07/01/2020,09:34:09,46.1,45.6,500,46.2,500,0,187500
HDFCBANK30Jan201240CE.NFO,07/01/2020,09:34:10,46.1,45.6,500,46.15,1000,0,187500
HDFCBANK30Jan201240CE.NFO,07/01/2020,09:34:11,46.1,45.6,1000,46.25,500,0,187500
HDFCBANK30Jan201240CE.NFO,07/01/2020,09:34:12,46.1,45.6,1000,46.2,500,0,187500
HDFCBANK30Jan201240CE.NFO,07/01/2020,09:34:13,46.1,45.6,1000,46.35,500,0,187500
HDFCBANK30Jan201240CE.NFO,07/01/2020,09:34:14,45.6,45.1,1000,46.2,1500,500,187500
HDFCBANK30Jan201240CE.NFO,07/01/2020,09:34:15,45.6,45.1,1500,46.15,2500,0,187500
HDFCBANK30Jan201240CE.NFO,07/01/2020,09:34:19,45.6,45.1,1500,46.1,1500,0,187500
HDFCBANK30Jan201240CE.NFO,07/01/2020,09:34:20,45.6,44.95,500,46.2,500,0,187500
HDFCBANK30Jan201240CE.NFO,07/01/2020,09:34:21,45.6,45.25,500,46.2,1500,0,187500
HDFCBANK30Jan201240CE.NFO,07/01/2020,09:34:22,45.6,45.15,500,46.1,2000,0,187500
HDFCBANK30Jan201240CE.NFO,07/01/2020,09:34:23,45.6,45.2,500,46,1500,0,187500
HDFCBANK30Jan201240CE.NFO,07/01/2020,09:34:24,45.6,45.3,500,46.15,500,0,187500
HDFCBANK30Jan201240CE.NFO,07/01/2020,09:34:25,45.6,45.15,500,46.15,500,0,187500
HDFCBANK30Jan201240CE.NFO,07/01/2020,09:34:26,45.6,45.1,500,46.05,500,0,187500
HDFCBANK30Jan201240CE.NFO,07/01/2020,09:34:27,45.6,45.1,500,45.95,500,0,187500
HDFCBANK30Jan201240CE.NFO,07/01/2020,09:34:28,45.6,45.05,500,45.85,500,0,187500
HDFCBANK30Jan201240CE.NFO,07/01/2020,09:34:29,45.6,45.1,500,45.8,1000,0,187500
HDFCBANK30Jan201240CE.NFO,07/01/2020,09:34:31,45.6,45.1,1000,46,500,0,187500
HDFCBANK30Jan201240CE.NFO,07/01/2020,09:34:34,45.6,45.15,1000,45.85,500,0,187500
HDFCBANK30Jan201240CE.NFO,07/01/2020,09:34:36,45.6,44.75,2500,45.85,500,0,187500
HDFCBANK30Jan201240CE.NFO,07/01/2020,09:34:37,45.6,45,500,45.75,500,0,187500
HDFCBANK30Jan201240CE.NFO,07/01/2020,09:34:38,45.6,45,1500,45.75,500,0,187500
HDFCBANK30Jan201240CE.NFO,07/01/2020,09:34:39,45.6,44.95,2000,45.75,500,0,187500
HDFCBANK30Jan201240CE.NFO,07/01/2020,09:34:40,45.6,44.95,500,45.75,500,0,187500
HDFCBANK30Jan201240CE.NFO,07/01/2020,09:34:41,45.6,45.1,500,45.8,500,0,187500
HDFCBANK30Jan201240CE.NFO,07/01/2020,09:34:42,45.6,44.95,1500,45.9,500,0,187500
HDFCBANK30Jan201240CE.NFO,07/01/2020,09:34:43,45.6,44.95,500,45.9,500,0,187500
HDFCBANK30Jan201240CE.NFO,07/01/2020,09:34:45,45.6,45,1000,45.95,500,0,187500
HDFCBANK30Jan201240CE.NFO,07/01/2020,09:34:46,45.6,45.05,1000,46,1000,0,187500
HDFCBANK30Jan201240CE.NFO,07/01/2020,09:34:46,45.6,44.9,2000,45.95,500,0,187500
HDFCBANK30Jan201240CE.NFO,07/01/2020,09:34:47,45.6,45.25,1000,46,500,0,187500
HDFCBANK30Jan201240CE.NFO,07/01/2020,09:34:48,45.6,45.25,1000,45.95,500,0,187500
HDFCBANK30Jan201240CE.NFO,07/01/2020,09:34:49,45.6,45.3,500,45.95,500,0,187500
HDFCBANK30Jan201240CE.NFO,07/01/2020,09:34:50,45.6,45,1500,45.9,500,0,187500
HDFCBANK30Jan201240CE.NFO,07/01/2020,09:34:51,45.6,45.05,500,45.95,500,0,187500
HDFCBANK30Jan201240CE.NFO,07/01/2020,09:34:53,45.6,45.2,1500,46,500,0,187500
HDFCBANK30Jan201240CE.NFO,07/01/2020,09:34:54,45.6,45.2,500,46,500,0,187500
HDFCBANK30Jan201240CE.NFO,07/01/2020,09:34:55,45.25,43.9,1000,45.15,500,500,187500
HDFCBANK30Jan201240CE.NFO,07/01/2020,09:34:56,45.25,43.95,500,44.95,500,0,187500
HDFCBANK30Jan201240CE.NFO,07/01/2020,09:34:57,45.25,44,500,45.05,500,0,187500
HDFCBANK30Jan201240CE.NFO,07/01/2020,09:34:58,45.25,44.05,1000,44.95,500,0,187500
HDFCBANK30Jan201240CE.NFO,07/01/2020,09:34:58,45.25,44.15,500,45,500,0,187500
HDFCBANK30Jan201240CE.NFO,07/01/2020,09:34:59,45.25,44.15,1000,45.1,500,0,187500
HDFCBANK30Jan201240CE.NFO,07/01/2020,09:35:00,45.25,44.25,1500,45.35,500,0,187500
HDFCBANK30Jan201240CE.NFO,07/01/2020,09:35:01,45.25,44.25,1500,45.25,500,0,187500
HDFCBANK30Jan201240CE.NFO,07/01/2020,09:35:03,45.25,44.25,1500,45.05,500,0,187500
HDFCBANK30Jan201240CE.NFO,07/01/2020,09:35:04,45.25,44.25,1500,45.15,500,0,187500
HDFCBANK30Jan201240CE.NFO,07/01/2020,09:35:05,45.25,44.3,1000,45.05,500,0,187500
HDFCBANK30Jan201240CE.NFO,07/01/2020,09:35:06,45.25,43.9,2500,44.85,500,0,187500
HDFCBANK30Jan201240CE.NFO,07/01/2020,09:35:07,45.25,43.9,500,44.95,500,0,187500
HDFCBANK30Jan201240CE.NFO,07/01/2020,09:35:08,45.25,43.4,3000,44.75,500,0,187500
HDFCBANK30Jan201240CE.NFO,07/01/2020,09:35:09,45.25,43.6,2000,44.8,1500,0,187500
HDFCBANK30Jan201240CE.NFO,07/01/2020,09:35:11,45.25,43.55,4000,44.8,1000,0,187500
HDFCBANK30Jan201240CE.NFO,07/01/2020,09:35:12,45.25,43.75,1000,44.75,500,0,187500
HDFCBANK30Jan201240CE.NFO,07/01/2020,09:35:13,45.25,43.8,1000,44.65,500,0,187500
HDFCBANK30Jan201240CE.NFO,07/01/2020,09:35:14,45.25,43.85,500,44.65,500,0,187500
HDFCBANK30Jan201240CE.NFO,07/01/2020,09:35:16,45.25,43.9,500,44.65,500,0,187500
HDFCBANK30Jan201240CE.NFO,07/01/2020,09:35:17,45.25,43.95,1000,44.6,500,0,187500
HDFCBANK30Jan201240CE.NFO,07/01/2020,09:35:17,45.25,43.75,1500,44.8,500,0,187500
HDFCBANK30Jan201240CE.NFO,07/01/2020,09:35:18,45.25,43.8,1500,44.7,500,0,187500
HDFCBANK30Jan201240CE.NFO,07/01/2020,09:35:19,45.25,43.9,1000,44.7,500,0,187500
HDFCBANK30Jan201240CE.NFO,07/01/2020,09:35:20,45.25,43.95,1000,44.5,500,0,187500
HDFCBANK30Jan201240CE.NFO,07/01/2020,09:35:21,45.25,43.95,1000,44.55,500,0,187500
HDFCBANK30Jan201240CE.NFO,07/01/2020,09:35:23,45.25,43.55,1500,44.5,1000,0,187500
HDFCBANK30Jan201240CE.NFO,07/01/2020,09:35:24,45.25,43.75,500,44.5,500,0,187500
HDFCBANK30Jan201240CE.NFO,07/01/2020,09:35:25,45.25,43.7,1500,44.6,500,0,187500
HDFCBANK30Jan201240CE.NFO,07/01/2020,09:35:26,45.25,43.7,1000,44.6,500,0,187500
HDFCBANK30Jan201240CE.NFO,07/01/2020,09:35:27,45.25,43.7,1000,44.55,1000,0,187500
HDFCBANK30Jan201240CE.NFO,07/01/2020,09:35:28,45.25,43.8,500,44.85,500,0,187500
HDFCBANK30Jan201240CE.NFO,07/01/2020,09:35:30,45.25,43.75,500,44.65,500,0,187500
HDFCBANK30Jan201240CE.NFO,07/01/2020,09:35:31,45.25,43.8,2500,44.85,500,0,187500
HDFCBANK30Jan201240CE.NFO,07/01/2020,09:35:31,45.25,43.9,500,44.75,500,0,187500
HDFCBANK30Jan201240CE.NFO,07/01/2020,09:35:32,45.25,43.95,500,44.75,500,0,187500
HDFCBANK30Jan201240CE.NFO,07/01/2020,09:35:33,45.25,43.5,5500,44.65,500,0,187500
HDFCBANK30Jan201240CE.NFO,07/01/2020,09:35:34,45.25,43.5,5500,44.55,500,0,187500
HDFCBANK30Jan201240CE.NFO,07/01/2020,09:35:35,45.25,43.5,5500,44.5,500,0,187500
HDFCBANK30Jan201240CE.NFO,07/01/2020,09:35:36,45.25,43.5,4500,44.45,500,0,187500
HDFCBANK30Jan201240CE.NFO,07/01/2020,09:35:37,45.25,43.5,4500,44.45,1000,0,187500
HDFCBANK30Jan201240CE.NFO,07/01/2020,09:35:38,45.25,43.5,4000,44.45,500,0,187500
HDFCBANK30Jan201240CE.NFO,07/01/2020,09:35:41,45.25,43.5,1500,44.4,1000,0,187500
HDFCBANK30Jan201240CE.NFO,07/01/2020,09:35:42,45.25,43.6,500,44.45,500,0,187500
HDFCBANK30Jan201240CE.NFO,07/01/2020,09:35:43,45.25,43.65,500,44.35,500,0,187500
HDFCBANK30Jan201240CE.NFO,07/01/2020,09:35:44,45.25,43.15,5000,44.25,500,0,187500
HDFCBANK30Jan201240CE.NFO,07/01/2020,09:35:45,45.25,43.15,5000,44.2,500,0,187500
HDFCBANK30Jan201240CE.NFO,07/01/2020,09:35:46,45.25,43.2,1000,44.25,1000,0,187500
HDFCBANK30Jan201240CE.NFO,07/01/2020,09:35:47,45.25,43.2,1000,44.15,500,0,187500
HDFCBANK30Jan201240CE.NFO,07/01/2020,09:35:48,44.15,43.4,1000,44.25,500,500,184500
HDFCBANK30Jan201240CE.NFO,07/01/2020,09:35:50,44.15,43.5,500,44.25,500,0,184500
HDFCBANK30Jan201240CE.NFO,07/01/2020,09:35:51,44.15,43.5,1000,44.35,1000,0,184500
HDFCBANK30Jan201240CE.NFO,07/01/2020,09:35:52,44.15,43.5,1000,44.3,500,0,184500
HDFCBANK30Jan201240CE.NFO,07/01/2020,09:35:53,44.15,43.45,500,44.2,500,0,184500
HDFCBANK30Jan201240CE.NFO,07/01/2020,09:35:54,44.15,43.1,1000,44.15,1500,0,184500
HDFCBANK30Jan201240CE.NFO,07/01/2020,09:35:55,44.15,43.1,1000,44.05,500,0,184500
HDFCBANK30Jan201240CE.NFO,07/01/2020,09:35:56,44.15,43.25,500,44.05,500,0,184500
HDFCBANK30Jan201240CE.NFO,07/01/2020,09:35:57,44.15,43.1,500,44.05,500,0,184500
HDFCBANK30Jan201240CE.NFO,07/01/2020,09:35:58,44.15,43.1,500,43.85,500,0,184500
HDFCBANK30Jan201240CE.NFO,07/01/2020,09:36:00,44.15,43.1,500,43.8,500,0,184500
HDFCBANK30Jan201240CE.NFO,07/01/2020,09:36:01,44.15,43.1,500,43.75,500,0,184500
HDFCBANK30Jan201240CE.NFO,07/01/2020,09:36:02,44.15,43.1,500,43.9,1000,0,184500
HDFCBANK30Jan201240CE.NFO,07/01/2020,09:36:03,44.15,43.1,500,43.9,500,0,184500
HDFCBANK30Jan201240CE.NFO,07/01/2020,09:36:04,44.15,43.1,500,43.8,500,0,184500
HDFCBANK30Jan201240CE.NFO,07/01/2020,09:36:05,44.15,43.1,500,43.75,1000,0,184500
HDFCBANK30Jan201240CE.NFO,07/01/2020,09:36:07,44.15,43.1,500,43.65,500,0,184500
HDFCBANK30Jan201240CE.NFO,07/01/2020,09:36:09,43.5,43.05,500,43.7,500,500,184500
HDFCBANK30Jan201240CE.NFO,07/01/2020,09:36:10,43.5,43.1,500,43.65,500,0,184500
HDFCBANK30Jan201240CE.NFO,07/01/2020,09:36:13,43.5,43.1,500,43.85,1000,0,184500
HDFCBANK30Jan201240CE.NFO,07/01/2020,09:36:13,43.5,43.1,500,43.8,500,0,184500
HDFCBANK30Jan201240CE.NFO,07/01/2020,09:36:15,43.5,43.1,500,43.9,500,0,184500
HDFCBANK30Jan201240CE.NFO,07/01/2020,09:36:16,43.5,43.1,500,43.85,1500,0,184500
HDFCBANK30Jan201240CE.NFO,07/01/2020,09:36:17,43.5,43.1,500,43.95,1500,500,184500
HDFCBANK30Jan201240CE.NFO,07/01/2020,09:36:18,43.5,43.1,500,43.5,500,0,184500
HDFCBANK30Jan201240CE.NFO,07/01/2020,09:36:23,43.5,43.1,500,43.8,500,500,184500
HDFCBANK30Jan201240CE.NFO,07/01/2020,09:36:24,43.5,43.1,500,43.8,500,0,184500
HDFCBANK30Jan201240CE.NFO,07/01/2020,09:36:26,43.5,43.05,500,43.8,500,0,184500
HDFCBANK30Jan201240CE.NFO,07/01/2020,09:36:27,43.5,43.1,500,43.8,500,0,184500
HDFCBANK30Jan201240CE.NFO,07/01/2020,09:36:28,43.5,43.1,500,43.85,1500,0,184500
HDFCBANK30Jan201240CE.NFO,07/01/2020,09:36:28,43.5,43.1,500,43.8,500,0,184500
HDFCBANK30Jan201240CE.NFO,07/01/2020,09:36:29,43.5,43.1,500,43.8,1000,0,184500
HDFCBANK30Jan201240CE.NFO,07/01/2020,09:36:31,43.5,43.1,500,43.85,500,0,184500
HDFCBANK30Jan201240CE.NFO,07/01/2020,09:36:33,43.5,43.1,500,43.8,500,0,184500
HDFCBANK30Jan201240CE.NFO,07/01/2020,09:36:34,43.1,43.05,500,43.8,500,500,184500
HDFCBANK30Jan201240CE.NFO,07/01/2020,09:36:35,43.1,43.05,500,43.75,500,0,184500
HDFCBANK30Jan201240CE.NFO,07/01/2020,09:36:35,43.1,43.1,500,43.9,500,0,184500
HDFCBANK30Jan201240CE.NFO,07/01/2020,09:36:36,43.1,43.1,500,43.85,500,0,184500
HDFCBANK30Jan201240CE.NFO,07/01/2020,09:36:38,43.1,43.1,1000,43.9,500,0,184500
HDFCBANK30Jan201240CE.NFO,07/01/2020,09:36:39,43.1,43.1,1000,43.85,1000,0,184500
HDFCBANK30Jan201240CE.NFO,07/01/2020,09:36:40,43.1,43.1,1000,43.9,500,0,184500
HDFCBANK30Jan201240CE.NFO,07/01/2020,09:36:41,43.1,43.1,1000,43.85,500,0,184500
HDFCBANK30Jan201240CE.NFO,07/01/2020,09:36:44,43.1,43.05,500,43.9,500,0,184500
HDFCBANK30Jan201240CE.NFO,07/01/2020,09:36:45,43.1,43.1,500,43.7,500,0,184500
HDFCBANK30Jan201240CE.NFO,07/01/2020,09:36:47,43.1,43.1,1000,43.85,500,0,184500
HDFCBANK30Jan201240CE.NFO,07/01/2020,09:36:48,43.95,43.1,500,44.05,500,3000,184500
HDFCBANK30Jan201240CE.NFO,07/01/2020,09:36:49,43.95,43.1,500,43.95,500,0,184500
HDFCBANK30Jan201240CE.NFO,07/01/2020,09:36:59,43.95,43.1,500,43.85,500,0,184500
HDFCBANK30Jan201240CE.NFO,07/01/2020,09:37:00,43.95,43.1,500,43.95,500,0,184500
HDFCBANK30Jan201240CE.NFO,07/01/2020,09:37:01,43.95,43.15,1000,43.95,500,0,184500
HDFCBANK30Jan201240CE.NFO,07/01/2020,09:37:04,43.95,43.05,500,43.9,500,0,184500
HDFCBANK30Jan201240CE.NFO,07/01/2020,09:37:05,43.95,43.1,1000,43.9,500,0,184500
HDFCBANK30Jan201240CE.NFO,07/01/2020,09:37:07,43.95,43.15,1000,43.95,500,0,184500
HDFCBANK30Jan201240CE.NFO,07/01/2020,09:37:08,43.95,43.25,500,43.95,500,0,184500
HDFCBANK30Jan201240CE.NFO,07/01/2020,09:37:09,43.95,43.25,500,43.9,500,0,184500
HDFCBANK30Jan201240CE.NFO,07/01/2020,09:37:12,43.95,43.35,500,43.9,500,0,184500
HDFCBANK30Jan201240CE.NFO,07/01/2020,09:37:14,43.95,42.95,3500,43.9,1000,0,184500
HDFCBANK30Jan201240CE.NFO,07/01/2020,09:37:15,43.95,43.1,500,43.85,500,0,184500
HDFCBANK30Jan201240CE.NFO,07/01/2020,09:37:16,43.95,43.15,500,43.85,500,0,184500
HDFCBANK30Jan201240CE.NFO,07/01/2020,09:37:17,43.95,42.95,4000,43.85,1000,0,184500
HDFCBANK30Jan201240CE.NFO,07/01/2020,09:37:18,43.95,43.3,500,43.85,500,0,184500
HDFCBANK30Jan201240CE.NFO,07/01/2020,09:37:21,43.95,43.05,3000,43.85,500,0,184500
HDFCBANK30Jan201240CE.NFO,07/01/2020,09:37:26,43.95,43.05,2500,43.8,500,0,184500
HDFCBANK30Jan201240CE.NFO,07/01/2020,09:37:30,43.95,43.15,500,43.85,500,0,184500
HDFCBANK30Jan201240CE.NFO,07/01/2020,09:37:31,43.95,43.15,1000,43.7,500,0,184500
HDFCBANK30Jan201240CE.NFO,07/01/2020,09:37:32,43.95,43.15,1000,43.75,500,0,184500
HDFCBANK30Jan201240CE.NFO,07/01/2020,09:37:33,43.95,43.35,500,43.7,500,0,184500
HDFCBANK30Jan201240CE.NFO,07/01/2020,09:37:34,43.95,43.4,1000,43.7,500,0,184500
HDFCBANK30Jan201240CE.NFO,07/01/2020,09:37:35,43.95,43.1,1500,43.75,500,0,184500
HDFCBANK30Jan201240CE.NFO,07/01/2020,09:37:37,43.75,43.35,500,43.95,500,500,184500
HDFCBANK30Jan201240CE.NFO,07/01/2020,09:37:40,43.75,43.25,1000,43.9,500,0,184500
HDFCBANK30Jan201240CE.NFO,07/01/2020,09:37:41,43.75,43.25,1000,43.95,1000,0,184500
HDFCBANK30Jan201240CE.NFO,07/01/2020,09:37:42,43.75,43.35,500,43.95,500,0,184500
HDFCBANK30Jan201240CE.NFO,07/01/2020,09:37:43,43.75,43.4,500,43.95,500,0,184500
HDFCBANK30Jan201240CE.NFO,07/01/2020,09:37:44,43.75,43.2,2500,43.9,500,0,184500
HDFCBANK30Jan201240CE.NFO,07/01/2020,09:37:45,43.75,43.25,1500,43.95,500,0,184500
HDFCBANK30Jan201240CE.NFO,07/01/2020,09:37:46,43.75,43.2,1000,43.95,500,0,184500
HDFCBANK30Jan201240CE.NFO,07/01/2020,09:37:47,43.75,43.35,1000,43.95,500,0,184500
HDFCBANK30Jan201240CE.NFO,07/01/2020,09:37:48,43.75,43.45,1000,43.95,500,0,184500
HDFCBANK30Jan201240CE.NFO,07/01/2020,09:37:51,43.75,43.4,1500,43.95,500,0,184500
HDFCBANK30Jan201240CE.NFO,07/01/2020,09:37:51,43.75,43.55,500,43.95,500,0,184500
HDFCBANK30Jan201240CE.NFO,07/01/2020,09:37:52,43.75,43.55,1000,43.95,1000,0,184500
HDFCBANK30Jan201240CE.NFO,07/01/2020,09:37:56,43.75,43.3,2000,43.95,500,0,184500
HDFCBANK30Jan201240CE.NFO,07/01/2020,09:37:57,43.75,43.35,500,43.95,500,0,184500
HDFCBANK30Jan201240CE.NFO,07/01/2020,09:37:58,43.75,43.55,500,43.95,500,0,184500
HDFCBANK30Jan201240CE.NFO,07/01/2020,09:37:59,43.75,43.6,1000,43.95,500,0,184500
HDFCBANK30Jan201240CE.NFO,07/01/2020,09:38:00,43.75,43.3,2500,43.95,500,0,184500
HDFCBANK30Jan201240CE.NFO,07/01/2020,09:38:00,43.75,43.35,500,43.95,500,0,184500
HDFCBANK30Jan201240CE.NFO,07/01/2020,09:38:01,43.75,43.4,1000,43.95,500,0,184500
HDFCBANK30Jan201240CE.NFO,07/01/2020,09:38:02,43.75,43.55,1000,43.95,500,0,184500
HDFCBANK30Jan201240CE.NFO,07/01/2020,09:38:06,43.75,43.6,500,44.05,500,0,184500
HDFCBANK30Jan201240CE.NFO,07/01/2020,09:38:06,43.75,43.1,5000,44.3,500,0,184500
HDFCBANK30Jan201240CE.NFO,07/01/2020,09:38:07,43.75,43.35,1500,44.15,500,0,184500
HDFCBANK30Jan201240CE.NFO,07/01/2020,09:38:08,43.75,43.45,500,44.2,500,0,184500
HDFCBANK30Jan201240CE.NFO,07/01/2020,09:38:09,43.75,43.6,500,44.3,500,0,184500
HDFCBANK30Jan201240CE.NFO,07/01/2020,09:38:12,43.75,43.45,1000,44.25,500,0,184500
HDFCBANK30Jan201240CE.NFO,07/01/2020,09:38:13,43.75,43.55,500,44.3,500,0,184500
HDFCBANK30Jan201240CE.NFO,07/01/2020,09:38:15,44,43.65,1000,44.25,500,500,186000
HDFCBANK30Jan201240CE.NFO,07/01/2020,09:38:17,44,43.65,1000,44.25,500,0,186000
HDFCBANK30Jan201240CE.NFO,07/01/2020,09:38:20,44,43.7,500,44.25,500,0,186000
HDFCBANK30Jan201240CE.NFO,07/01/2020,09:38:21,44,43.75,500,44.25,500,0,186000
HDFCBANK30Jan201240CE.NFO,07/01/2020,09:38:22,44,43.75,500,44.3,500,0,186000
HDFCBANK30Jan201240CE.NFO,07/01/2020,09:38:26,44,43.55,500,44.3,500,0,186000
HDFCBANK30Jan201240CE.NFO,07/01/2020,09:38:27,44,43.6,1000,44.3,500,0,186000
HDFCBANK30Jan201240CE.NFO,07/01/2020,09:38:28,44,43.45,1500,44,500,0,186000
HDFCBANK30Jan201240CE.NFO,07/01/2020,09:38:29,44,43.4,1500,44,500,0,186000
HDFCBANK30Jan201240CE.NFO,07/01/2020,09:38:31,44,43.4,1500,43.95,500,0,186000
HDFCBANK30Jan201240CE.NFO,07/01/2020,09:38:33,44,43.4,1500,44,500,0,186000
HDFCBANK30Jan201240CE.NFO,07/01/2020,09:38:35,44,43.4,1500,44,1000,0,186000
HDFCBANK30Jan201240CE.NFO,07/01/2020,09:38:36,44,43.4,1000,43.95,500,0,186000
HDFCBANK30Jan201240CE.NFO,07/01/2020,09:38:37,44,43.4,1000,44,1000,0,186000
HDFCBANK30Jan201240CE.NFO,07/01/2020,09:38:38,44,43.4,1000,43.95,500,0,186000
HDFCBANK30Jan201240CE.NFO,07/01/2020,09:38:40,44,43.4,1000,44,1000,0,186000
HDFCBANK30Jan201240CE.NFO,07/01/2020,09:38:44,44,43.25,500,44,1500,0,186000
HDFCBANK30Jan201240CE.NFO,07/01/2020,09:38:45,44,43.25,1000,43.95,2000,0,186000
HDFCBANK30Jan201240CE.NFO,07/01/2020,09:38:47,44,43.25,1000,43.85,1000,0,186000
HDFCBANK30Jan201240CE.NFO,07/01/2020,09:38:48,44,43.25,1000,43.8,1500,0,186000
HDFCBANK30Jan201240CE.NFO,07/01/2020,09:38:49,44,43.25,1000,43.8,500,0,186000
HDFCBANK30Jan201240CE.NFO,07/01/2020,09:38:50,44,43.25,1000,43.8,1500,0,186000
HDFCBANK30Jan201240CE.NFO,07/01/2020,09:38:51,43.5,43.25,500,43.8,1000,500,186000
HDFCBANK30Jan201240CE.NFO,07/01/2020,09:38:52,43.5,43.25,500,43.8,1000,0,186000
HDFCBANK30Jan201240CE.NFO,07/01/2020,09:38:54,43.5,43.15,500,43.75,500,0,186000
HDFCBANK30Jan201240CE.NFO,07/01/2020,09:38:55,43.5,43.15,1000,43.8,1500,0,186000
HDFCBANK30Jan201240CE.NFO,07/01/2020,09:38:56,43.5,43.25,500,43.65,1000,0,186000
HDFCBANK30Jan201240CE.NFO,07/01/2020,09:38:56,43.5,43.25,500,43.7,1000,0,186000
HDFCBANK30Jan201240CE.NFO,07/01/2020,09:38:57,43.65,43.15,1000,43.95,500,1000,186000
HDFCBANK30Jan201240CE.NFO,07/01/2020,09:38:58,43.65,43.25,500,43.9,500,0,186000
HDFCBANK30Jan201240CE.NFO,07/01/2020,09:38:59,43.65,43.35,500,44,500,0,186000
HDFCBANK30Jan201240CE.NFO,07/01/2020,09:39:00,43.65,43.15,500,43.85,500,0,186000
HDFCBANK30Jan201240CE.NFO,07/01/2020,09:39:01,43.65,43.25,500,43.9,500,0,186000
HDFCBANK30Jan201240CE.NFO,07/01/2020,09:39:04,43.65,43.35,500,43.9,500,0,186000
HDFCBANK30Jan201240CE.NFO,07/01/2020,09:39:07,43.65,43.45,500,44.1,500,0,186000
HDFCBANK30Jan201240CE.NFO,07/01/2020,09:39:09,43.65,43.15,1500,44.05,500,500,186000
HDFCBANK30Jan201240CE.NFO,07/01/2020,09:39:10,43.65,43.35,500,44.05,500,0,186000
HDFCBANK30Jan201240CE.NFO,07/01/2020,09:39:11,43.65,43.35,1000,44.1,500,0,186000
HDFCBANK30Jan201240CE.NFO,07/01/2020,09:39:15,43.65,43.35,500,44.2,500,0,186000
HDFCBANK30Jan201240CE.NFO,07/01/2020,09:39:20,43.65,43.45,500,44.3,500,0,186000
HDFCBANK30Jan201240CE.NFO,07/01/2020,09:39:30,43.65,43.55,1000,44.2,500,0,186000
HDFCBANK30Jan201240CE.NFO,07/01/2020,09:39:34,43.65,43.65,500,44.35,500,0,186000
HDFCBANK30Jan201240CE.NFO,07/01/2020,09:39:38,43.65,43.75,500,44.75,500,0,186000
HDFCBANK30Jan201240CE.NFO,07/01/2020,09:39:42,43.65,43.9,1000,44.55,1000,0,186000
HDFCBANK30Jan201240CE.NFO,07/01/2020,09:39:50,43.65,43.9,1000,44.5,500,0,186000
HDFCBANK30Jan201240CE.NFO,07/01/2020,09:39:54,43.65,44,1000,44.6,500,0,186000
HDFCBANK30Jan201240CE.NFO,07/01/2020,09:39:58,43.65,44.15,500,44.75,500,0,186000
HDFCBANK30Jan201240CE.NFO,07/01/2020,09:40:02,43.65,43.9,500,44.75,500,0,186000
HDFCBANK30Jan201240CE.NFO,07/01/2020,09:40:08,43.65,44.15,500,44.8,1000,0,186000
HDFCBANK30Jan201240CE.NFO,07/01/2020,09:40:12,43.65,44.15,500,44.8,1500,0,186000
HDFCBANK30Jan201240CE.NFO,07/01/2020,09:40:14,43.65,43.85,4000,44.75,500,0,186000
HDFCBANK30Jan201240CE.NFO,07/01/2020,09:40:16,43.65,43.85,3000,44.8,1000,0,186000
HDFCBANK30Jan201240CE.NFO,07/01/2020,09:40:17,43.65,43.95,1000,44.75,500,0,186000
HDFCBANK30Jan201240CE.NFO,07/01/2020,09:40:18,43.65,44.2,500,44.8,1000,0,186000
HDFCBANK30Jan201240CE.NFO,07/01/2020,09:40:21,43.65,44.2,1000,44.8,1000,0,186000
HDFCBANK30Jan201240CE.NFO,07/01/2020,09:40:22,43.65,44.1,500,44.75,500,0,186000
HDFCBANK30Jan201240CE.NFO,07/01/2020,09:40:23,43.65,44.15,500,44.75,500,0,186000
HDFCBANK30Jan201240CE.NFO,07/01/2020,09:40:23,43.65,44.05,1500,44.75,500,0,186000
HDFCBANK30Jan201240CE.NFO,07/01/2020,09:40:25,43.65,44.35,1000,44.8,500,0,186000
HDFCBANK30Jan201240CE.NFO,07/01/2020,09:40:26,43.65,44.5,500,44.8,500,0,186000
HDFCBANK30Jan201240CE.NFO,07/01/2020,09:40:28,43.65,44.05,3500,44.8,500,0,186000
HDFCBANK30Jan201240CE.NFO,07/01/2020,09:40:29,44.8,44.25,500,45.05,500,500,186000
HDFCBANK30Jan201240CE.NFO,07/01/2020,09:40:30,44.8,44.4,500,45.05,500,0,186000
HDFCBANK30Jan201240CE.NFO,07/01/2020,09:40:31,44.8,44.35,1000,45.05,500,0,186000
HDFCBANK30Jan201240CE.NFO,07/01/2020,09:40:32,44.8,44.45,500,44.95,500,0,186000
HDFCBANK30Jan201240CE.NFO,07/01/2020,09:40:33,44.8,44.45,500,45,500,0,186000
HDFCBANK30Jan201240CE.NFO,07/01/2020,09:40:37,44.8,44.3,2000,44.95,500,0,186000
HDFCBANK30Jan201240CE.NFO,07/01/2020,09:40:38,44.8,44.25,500,44.95,500,0,186000
HDFCBANK30Jan201240CE.NFO,07/01/2020,09:40:40,44.8,44.3,1000,45,1000,0,186000
HDFCBANK30Jan201240CE.NFO,07/01/2020,09:40:41,44.8,44.35,2000,45.15,500,0,186000
HDFCBANK30Jan201240CE.NFO,07/01/2020,09:40:42,44.8,44.4,500,45.1,500,0,186000
HDFCBANK30Jan201240CE.NFO,07/01/2020,09:40:42,44.8,44.4,500,45.05,500,0,186000
HDFCBANK30Jan201240CE.NFO,07/01/2020,09:40:44,44.8,44.35,2000,45.15,500,0,186000
HDFCBANK30Jan201240CE.NFO,07/01/2020,09:40:46,44.8,44.4,500,45.15,500,0,186000
HDFCBANK30Jan201240CE.NFO,07/01/2020,09:40:47,44.8,44.45,1500,45.15,500,0,186000
HDFCBANK30Jan201240CE.NFO,07/01/2020,09:40:48,44.8,44.4,500,45.15,500,0,186000
HDFCBANK30Jan201240CE.NFO,07/01/2020,09:40:52,44.8,44.4,500,45.2,2000,0,186000
HDFCBANK30Jan201240CE.NFO,07/01/2020,09:40:52,44.8,44.4,500,45.35,500,0,186000
HDFCBANK30Jan201240CE.NFO,07/01/2020,09:40:54,44.8,44.5,1000,45.35,500,0,186000
HDFCBANK30Jan201240CE.NFO,07/01/2020,09:40:57,44.8,44.7,500,45.45,500,0,186000
HDFCBANK30Jan201240CE.NFO,07/01/2020,09:40:58,44.8,44.75,1000,45.45,500,0,186000
HDFCBANK30Jan201240CE.NFO,07/01/2020,09:40:58,44.8,44.8,1000,45.45,500,0,186000
HDFCBANK30Jan201240CE.NFO,07/01/2020,09:41:02,44.8,44.6,500,45.6,500,0,186000
HDFCBANK30Jan201240CE.NFO,07/01/2020,09:41:03,44.8,44.75,500,45.65,500,0,186000
HDFCBANK30Jan201240CE.NFO,07/01/2020,09:41:04,44.8,44.85,500,45.65,500,0,186000
HDFCBANK30Jan201240CE.NFO,07/01/2020,09:41:05,44.8,44.95,500,45.6,500,0,186000
HDFCBANK30Jan201240CE.NFO,07/01/2020,09:41:06,44.8,44.65,500,45.55,500,0,186000
HDFCBANK30Jan201240CE.NFO,07/01/2020,09:41:07,44.8,44.8,1000,45.45,500,0,186000
HDFCBANK30Jan201240CE.NFO,07/01/2020,09:41:09,44.8,44.8,1000,45.35,500,0,186000
HDFCBANK30Jan201240CE.NFO,07/01/2020,09:41:09,44.8,44.8,1000,45.3,500,0,186000
HDFCBANK30Jan201240CE.NFO,07/01/2020,09:41:10,44.8,44.8,1000,45.45,500,0,186000
HDFCBANK30Jan201240CE.NFO,07/01/2020,09:41:12,44.8,44.6,500,45.45,500,0,186000
HDFCBANK30Jan201240CE.NFO,07/01/2020,09:41:14,45.1,44.6,1000,45.5,1000,500,186000
HDFCBANK30Jan201240CE.NFO,07/01/2020,09:41:15,45.1,44.6,1000,45.45,500,0,186000
HDFCBANK30Jan201240CE.NFO,07/01/2020,09:41:17,45.1,44.5,500,45.25,500,0,186000
HDFCBANK30Jan201240CE.NFO,07/01/2020,09:41:17,45.1,44.3,500,45.35,500,0,186000
HDFCBANK30Jan201240CE.NFO,07/01/2020,09:41:18,45.1,44.35,1000,45.35,500,0,186000
HDFCBANK30Jan201240CE.NFO,07/01/2020,09:41:21,45.1,44.45,1000,45.25,1000,0,186000
HDFCBANK30Jan201240CE.NFO,07/01/2020,09:41:21,45.1,44.5,1500,45.45,500,0,186000
HDFCBANK30Jan201240CE.NFO,07/01/2020,09:41:22,45.1,44.4,1000,45.4,500,0,186000
HDFCBANK30Jan201240CE.NFO,07/01/2020,09:41:23,45.1,44.4,1000,45.35,1000,0,186000
HDFCBANK30Jan201240CE.NFO,07/01/2020,09:41:25,45.1,44.4,1000,45.35,500,0,186000
HDFCBANK30Jan201240CE.NFO,07/01/2020,09:41:26,45.1,44.4,1000,45.3,500,0,186000
HDFCBANK30Jan201240CE.NFO,07/01/2020,09:41:27,45.1,44.55,500,45.3,500,0,186000
HDFCBANK30Jan201240CE.NFO,07/01/2020,09:41:28,45.1,44.65,500,45.4,1000,0,186000
HDFCBANK30Jan201240CE.NFO,07/01/2020,09:41:29,45.1,44.7,1000,45.4,1000,0,186000
HDFCBANK30Jan201240CE.NFO,07/01/2020,09:41:32,45.1,44.7,1000,45.45,500,0,186000
HDFCBANK30Jan201240CE.NFO,07/01/2020,09:41:33,45.1,44.55,1500,45.4,1500,0,186000
HDFCBANK30Jan201240CE.NFO,07/01/2020,09:41:34,45.1,44.65,500,45.5,500,0,186000
HDFCBANK30Jan201240CE.NFO,07/01/2020,09:41:35,45.1,44.5,1000,45.6,1000,0,186000
HDFCBANK30Jan201240CE.NFO,07/01/2020,09:41:36,45.1,44.65,1500,45.55,1500,0,186000
HDFCBANK30Jan201240CE.NFO,07/01/2020,09:41:37,45.1,44.7,500,45.55,1500,0,186000
HDFCBANK30Jan201240CE.NFO,07/01/2020,09:41:39,45.1,44.75,500,45.55,1500,0,186000
HDFCBANK30Jan201240CE.NFO,07/01/2020,09:41:40,45.1,44.75,1000,45.6,500,0,186000
HDFCBANK30Jan201240CE.NFO,07/01/2020,09:41:40,45.1,44.8,1000,45.6,500,0,186000
HDFCBANK30Jan201240CE.NFO,07/01/2020,09:41:41,45.1,44.45,4500,45.55,500,0,186000
HDFCBANK30Jan201240CE.NFO,07/01/2020,09:41:42,45.1,44.7,500,45.55,500,0,186000
HDFCBANK30Jan201240CE.NFO,07/01/2020,09:41:44,45.1,44.8,500,45.55,500,0,186000
HDFCBANK30Jan201240CE.NFO,07/01/2020,09:41:45,45.1,44.8,1000,45.45,500,0,186000
HDFCBANK30Jan201240CE.NFO,07/01/2020,09:41:47,45.1,44.65,500,45.5,500,0,186000
HDFCBANK30Jan201240CE.NFO,07/01/2020,09:41:47,45.1,44.7,1000,45.55,2000,0,186000
HDFCBANK30Jan201240CE.NFO,07/01/2020,09:41:49,45.1,44.4,3500,45.55,1000,0,186000
HDFCBANK30Jan201240CE.NFO,07/01/2020,09:41:50,45.1,44.45,1000,45.55,500,0,186000
HDFCBANK30Jan201240CE.NFO,07/01/2020,09:41:51,45.1,44.6,1500,45.55,1500,0,186000
HDFCBANK30Jan201240CE.NFO,07/01/2020,09:41:52,45.1,44.65,500,45.55,1500,0,186000
HDFCBANK30Jan201240CE.NFO,07/01/2020,09:41:54,45.1,44.7,1000,45.55,1500,0,186000
HDFCBANK30Jan201240CE.NFO,07/01/2020,09:42:00,45.1,44.4,1500,45.5,1000,0,186000
HDFCBANK30Jan201240CE.NFO,07/01/2020,09:42:01,45.1,44.25,500,45.1,500,0,186000
HDFCBANK30Jan201240CE.NFO,07/01/2020,09:42:02,45.1,44.3,500,45.1,500,0,186000
HDFCBANK30Jan201240CE.NFO,07/01/2020,09:42:03,45.1,44.3,500,44.95,500,0,186000
HDFCBANK30Jan201240CE.NFO,07/01/2020,09:42:04,45.1,44.3,500,44.8,500,0,186000
HDFCBANK30Jan201240CE.NFO,07/01/2020,09:42:05,45.1,44.25,500,44.75,500,0,186000
HDFCBANK30Jan201240CE.NFO,07/01/2020,09:42:06,44.6,44.3,500,44.85,1500,500,186000
HDFCBANK30Jan201240CE.NFO,07/01/2020,09:42:07,44.6,44.3,500,44.85,1500,0,186000
HDFCBANK30Jan201240CE.NFO,07/01/2020,09:42:08,44.6,44.3,500,44.9,2000,0,186000
HDFCBANK30Jan201240CE.NFO,07/01/2020,09:42:09,44.6,44.25,500,44.9,1000,0,186000
HDFCBANK30Jan201240CE.NFO,07/01/2020,09:42:09,44.6,44.2,1000,44.9,1000,0,186000
HDFCBANK30Jan201240CE.NFO,07/01/2020,09:42:10,44.6,44.2,1000,44.9,1500,0,186000
HDFCBANK30Jan201240CE.NFO,07/01/2020,09:42:11,44.6,44.2,1000,44.9,500,0,186000
HDFCBANK30Jan201240CE.NFO,07/01/2020,09:42:15,44.6,44.2,1000,44.95,500,0,186000
HDFCBANK30Jan201240CE.NFO,07/01/2020,09:42:16,44.6,44.2,1000,44.85,500,0,186000
HDFCBANK30Jan201240CE.NFO,07/01/2020,09:42:17,44.6,44.2,1000,44.95,500,0,186000
HDFCBANK30Jan201240CE.NFO,07/01/2020,09:42:18,44.6,44.2,1000,44.9,500,0,186000
HDFCBANK30Jan201240CE.NFO,07/01/2020,09:42:19,44.6,44.2,1000,44.95,500,0,186000
HDFCBANK30Jan201240CE.NFO,07/01/2020,09:42:21,44.6,44.2,1000,45,1000,0,186000
HDFCBANK30Jan201240CE.NFO,07/01/2020,09:42:22,44.6,44.3,500,45.05,500,0,186000
HDFCBANK30Jan201240CE.NFO,07/01/2020,09:42:23,44.6,44.25,500,44.95,500,0,186000
HDFCBANK30Jan201240CE.NFO,07/01/2020,09:42:24,44.6,44.25,500,44.8,500,0,186000
HDFCBANK30Jan201240CE.NFO,07/01/2020,09:42:25,44.6,44.3,1000,44.9,500,0,186000
HDFCBANK30Jan201240CE.NFO,07/01/2020,09:42:26,44.6,44.3,500,44.85,500,0,186000
HDFCBANK30Jan201240CE.NFO,07/01/2020,09:42:27,44.6,44.25,500,45.05,1000,0,186000
HDFCBANK30Jan201240CE.NFO,07/01/2020,09:42:28,44.6,44.3,500,45.05,1000,0,186000
HDFCBANK30Jan201240CE.NFO,07/01/2020,09:42:30,44.6,44,3500,45.05,1000,0,186000
HDFCBANK30Jan201240CE.NFO,07/01/2020,09:42:31,44.6,44,2500,44.9,500,0,186000
HDFCBANK30Jan201240CE.NFO,07/01/2020,09:42:32,44.6,44.1,2500,44.95,500,0,186000
HDFCBANK30Jan201240CE.NFO,07/01/2020,09:42:34,44.6,44.3,500,45,500,0,186000
HDFCBANK30Jan201240CE.NFO,07/01/2020,09:42:35,44.6,44.35,1000,44.9,500,0,186000
HDFCBANK30Jan201240CE.NFO,07/01/2020,09:42:36,44.6,44.15,500,44.75,500,0,186000
HDFCBANK30Jan201240CE.NFO,07/01/2020,09:42:37,44.6,44.2,500,44.75,500,0,186000
HDFCBANK30Jan201240CE.NFO,07/01/2020,09:42:38,44.6,43.75,5500,44.9,500,0,186000
HDFCBANK30Jan201240CE.NFO,07/01/2020,09:42:38,44.6,43.75,5500,44.85,500,0,186000
HDFCBANK30Jan201240CE.NFO,07/01/2020,09:42:39,44.6,44.1,500,44.8,500,0,186000
HDFCBANK30Jan201240CE.NFO,07/01/2020,09:42:40,44.6,44.05,500,44.75,500,0,186000
HDFCBANK30Jan201240CE.NFO,07/01/2020,09:42:41,44.6,44.05,1000,44.75,1000,0,186000
HDFCBANK30Jan201240CE.NFO,07/01/2020,09:42:42,44.6,44.15,1000,44.7,500,0,186000
HDFCBANK30Jan201240CE.NFO,07/01/2020,09:42:43,44.6,44.05,500,44.8,500,0,186000
HDFCBANK30Jan201240CE.NFO,07/01/2020,09:42:44,44.6,44.1,500,44.8,1000,500,186000
HDFCBANK30Jan201240CE.NFO,07/01/2020,09:42:46,44.6,43.9,2000,44.8,500,0,186000
HDFCBANK30Jan201240CE.NFO,07/01/2020,09:42:47,44.6,43.9,2500,44.75,1000,0,186000
HDFCBANK30Jan201240CE.NFO,07/01/2020,09:42:48,44.6,43.9,2500,44.7,500,0,186000
HDFCBANK30Jan201240CE.NFO,07/01/2020,09:42:50,44.6,43.55,500,44.6,500,0,186000
HDFCBANK30Jan201240CE.NFO,07/01/2020,09:42:51,44.6,43.55,1000,44.65,1000,0,186000
HDFCBANK30Jan201240CE.NFO,07/01/2020,09:42:52,44.6,43.55,1000,44.6,2500,0,186000
HDFCBANK30Jan201240CE.NFO,07/01/2020,09:42:53,44.6,43.55,1000,44.6,3000,0,186000
HDFCBANK30Jan201240CE.NFO,07/01/2020,09:42:54,44.6,43.55,1000,44.5,1000,0,186000
HDFCBANK30Jan201240CE.NFO,07/01/2020,09:42:55,44.6,43.55,1000,44.5,1500,0,186000
HDFCBANK30Jan201240CE.NFO,07/01/2020,09:42:56,44.6,43.75,500,44.45,500,0,186000
HDFCBANK30Jan201240CE.NFO,07/01/2020,09:43:00,44.6,43.45,4500,44.55,1000,0,186000
HDFCBANK30Jan201240CE.NFO,07/01/2020,09:43:02,44.6,43.45,4500,44.6,500,0,186000
HDFCBANK30Jan201240CE.NFO,07/01/2020,09:43:03,44.6,43.45,4500,44.55,500,0,186000
HDFCBANK30Jan201240CE.NFO,07/01/2020,09:43:07,44.45,44,500,44.75,1000,500,186000
HDFCBANK30Jan201240CE.NFO,07/01/2020,09:43:08,44.45,43.55,3500,44.9,500,0,186000
HDFCBANK30Jan201240CE.NFO,07/01/2020,09:43:09,44.45,43.9,500,44.85,500,0,186000
HDFCBANK30Jan201240CE.NFO,07/01/2020,09:43:10,44.45,43.7,3000,44.8,500,0,186000
HDFCBANK30Jan201240CE.NFO,07/01/2020,09:43:11,44.45,43.9,1500,44.75,500,0,186000
HDFCBANK30Jan201240CE.NFO,07/01/2020,09:43:12,44.45,43.85,500,44.85,500,0,186000
HDFCBANK30Jan201240CE.NFO,07/01/2020,09:43:13,44.45,43.85,1000,44.85,1000,0,186000
HDFCBANK30Jan201240CE.NFO,07/01/2020,09:43:13,44.45,43.85,1000,44.8,500,0,186000
HDFCBANK30Jan201240CE.NFO,07/01/2020,09:43:15,44.45,43.85,1000,44.75,500,0,186000
HDFCBANK30Jan201240CE.NFO,07/01/2020,09:43:16,44.45,43.85,1000,44.65,500,0,186000
HDFCBANK30Jan201240CE.NFO,07/01/2020,09:43:17,44.45,43.85,1000,44.75,1000,0,186000
HDFCBANK30Jan201240CE.NFO,07/01/2020,09:43:18,44.45,43.85,1000,44.7,500,0,186000
HDFCBANK30Jan201240CE.NFO,07/01/2020,09:43:19,44.45,43.85,1000,44.75,500,0,186000
HDFCBANK30Jan201240CE.NFO,07/01/2020,09:43:20,44.45,44.05,1500,44.8,500,0,186000
HDFCBANK30Jan201240CE.NFO,07/01/2020,09:43:21,44.45,44.05,1500,44.95,500,0,186000
HDFCBANK30Jan201240CE.NFO,07/01/2020,09:43:24,44.45,44.05,1000,44.85,1500,0,186000
HDFCBANK30Jan201240CE.NFO,07/01/2020,09:43:25,44.45,43.95,500,45,1500,0,186000
HDFCBANK30Jan201240CE.NFO,07/01/2020,09:43:26,44.45,44,500,45,1500,0,186000
HDFCBANK30Jan201240CE.NFO,07/01/2020,09:43:27,44.45,44,1000,45,2500,0,186000
HDFCBANK30Jan201240CE.NFO,07/01/2020,09:43:28,44.45,44,1000,44.85,500,0,186000
HDFCBANK30Jan201240CE.NFO,07/01/2020,09:43:29,44.45,43.8,1500,44.85,500,0,186000
HDFCBANK30Jan201240CE.NFO,07/01/2020,09:43:30,44.45,43.9,1000,44.8,500,0,186000
HDFCBANK30Jan201240CE.NFO,07/01/2020,09:43:32,44.45,43.9,500,44.75,500,0,186000
HDFCBANK30Jan201240CE.NFO,07/01/2020,09:43:33,44.45,43.9,500,44.75,1000,0,186000
HDFCBANK30Jan201240CE.NFO,07/01/2020,09:43:34,44.45,43.9,1000,44.7,1000,0,186000
HDFCBANK30Jan201240CE.NFO,07/01/2020,09:43:35,44.45,43.9,1000,44.8,500,0,186000
HDFCBANK30Jan201240CE.NFO,07/01/2020,09:43:36,44.45,43.9,500,44.7,1000,0,186000
HDFCBANK30Jan201240CE.NFO,07/01/2020,09:43:37,44.45,43.95,500,44.7,1000,0,186000
HDFCBANK30Jan201240CE.NFO,07/01/2020,09:43:38,44.45,43.85,500,44.75,1000,0,186000
HDFCBANK30Jan201240CE.NFO,07/01/2020,09:43:39,44.45,43.95,500,44.75,500,0,186000
HDFCBANK30Jan201240CE.NFO,07/01/2020,09:43:40,44.45,44,500,44.7,1000,0,186000
HDFCBANK30Jan201240CE.NFO,07/01/2020,09:43:41,44.45,44.1,500,44.9,1000,0,186000
HDFCBANK30Jan201240CE.NFO,07/01/2020,09:43:42,44.45,44.1,500,44.9,500,0,186000
HDFCBANK30Jan201240CE.NFO,07/01/2020,09:43:43,44.45,44.2,1000,45.2,500,0,186000
HDFCBANK30Jan201240CE.NFO,07/01/2020,09:43:44,44.45,44.3,500,45.2,1000,0,186000
HDFCBANK30Jan201240CE.NFO,07/01/2020,09:43:45,44.45,44.15,1000,45.15,1500,0,186000
HDFCBANK30Jan201240CE.NFO,07/01/2020,09:43:46,44.45,44.2,1000,45.1,1000,0,186000
HDFCBANK30Jan201240CE.NFO,07/01/2020,09:43:46,44.45,43.75,2500,45.05,500,0,186000
HDFCBANK30Jan201240CE.NFO,07/01/2020,09:43:48,44.45,43.8,500,44.85,1500,0,186000
HDFCBANK30Jan201240CE.NFO,07/01/2020,09:43:49,44.45,43.9,500,44.8,1000,0,186000
HDFCBANK30Jan201240CE.NFO,07/01/2020,09:43:50,44.45,43.95,500,44.8,500,0,186000
HDFCBANK30Jan201240CE.NFO,07/01/2020,09:43:51,44.45,43.95,500,44.8,1000,0,186000
HDFCBANK30Jan201240CE.NFO,07/01/2020,09:43:52,44.45,43.85,500,44.8,500,0,186000
HDFCBANK30Jan201240CE.NFO,07/01/2020,09:43:54,44.45,43.9,500,44.6,500,0,186000
HDFCBANK30Jan201240CE.NFO,07/01/2020,09:43:55,44.45,43.95,500,44.5,500,0,186000
HDFCBANK30Jan201240CE.NFO,07/01/2020,09:43:55,44.45,43.95,500,44.45,500,0,186000
HDFCBANK30Jan201240CE.NFO,07/01/2020,09:43:57,44.45,43.95,500,44.5,500,0,186000
HDFCBANK30Jan201240CE.NFO,07/01/2020,09:43:58,44.45,43.65,2000,44.45,500,0,186000
HDFCBANK30Jan201240CE.NFO,07/01/2020,09:43:59,44.45,43.8,1000,44.55,500,0,186000
HDFCBANK30Jan201240CE.NFO,07/01/2020,09:44:01,44.45,43.9,500,44.5,500,0,186000
HDFCBANK30Jan201240CE.NFO,07/01/2020,09:44:02,44.45,43.9,1000,44.55,500,0,186000
HDFCBANK30Jan201240CE.NFO,07/01/2020,09:44:03,44.45,43.6,5000,44.6,500,0,186000
HDFCBANK30Jan201240CE.NFO,07/01/2020,09:44:04,44.45,43.8,2000,44.6,1000,0,186000
HDFCBANK30Jan201240CE.NFO,07/01/2020,09:44:05,44.45,43.95,500,44.6,500,0,186000
HDFCBANK30Jan201240CE.NFO,07/01/2020,09:44:06,44.55,44,500,44.6,500,500,186000
HDFCBANK30Jan201240CE.NFO,07/01/2020,09:44:07,44.55,44,500,44.55,500,0,186000
HDFCBANK30Jan201240CE.NFO,07/01/2020,09:44:09,44.55,43.9,1000,44.6,500,0,186000
HDFCBANK30Jan201240CE.NFO,07/01/2020,09:44:09,44.55,43.9,1000,44.55,500,0,186000
HDFCBANK30Jan201240CE.NFO,07/01/2020,09:44:10,44.55,43.8,500,44.45,500,0,186000
HDFCBANK30Jan201240CE.NFO,07/01/2020,09:44:12,44.55,43.9,500,44.55,500,0,186000
HDFCBANK30Jan201240CE.NFO,07/01/2020,09:44:12,44.55,43.9,1000,44.55,500,0,186000
HDFCBANK30Jan201240CE.NFO,07/01/2020,09:44:13,44.55,43.7,500,44.5,500,0,186000
HDFCBANK30Jan201240CE.NFO,07/01/2020,09:44:14,44.55,43.8,500,44.5,500,0,186000
HDFCBANK30Jan201240CE.NFO,07/01/2020,09:44:15,44.5,43.85,500,44.5,500,500,186500
HDFCBANK30Jan201240CE.NFO,07/01/2020,09:44:16,44.5,43.85,500,44.5,500,0,186500
HDFCBANK30Jan201240CE.NFO,07/01/2020,09:44:17,44.5,43.75,2000,44.55,500,0,186500
HDFCBANK30Jan201240CE.NFO,07/01/2020,09:44:18,44.5,43.95,500,44.6,500,0,186500
HDFCBANK30Jan201240CE.NFO,07/01/2020,09:44:19,44.5,43.85,500,44.6,1500,0,186500
HDFCBANK30Jan201240CE.NFO,07/01/2020,09:44:21,44.5,43.85,500,44.55,1000,0,186500
HDFCBANK30Jan201240CE.NFO,07/01/2020,09:44:22,44.5,43.85,1000,44.5,500,0,186500
HDFCBANK30Jan201240CE.NFO,07/01/2020,09:44:24,44.5,43.65,1500,44.65,1000,0,186500
HDFCBANK30Jan201240CE.NFO,07/01/2020,09:44:25,44.5,43.7,1500,44.65,1000,0,186500
HDFCBANK30Jan201240CE.NFO,07/01/2020,09:44:26,44.5,43.8,500,44.65,1000,0,186500
HDFCBANK30Jan201240CE.NFO,07/01/2020,09:44:28,44.5,43.8,500,44.5,500,0,186500
HDFCBANK30Jan201240CE.NFO,07/01/2020,09:44:29,44.5,43.8,1000,44.5,1000,0,186500
HDFCBANK30Jan201240CE.NFO,07/01/2020,09:44:30,44.5,43.8,1000,44.55,500,0,186500
HDFCBANK30Jan201240CE.NFO,07/01/2020,09:44:32,44.5,43.9,500,44.6,1000,0,186500
HDFCBANK30Jan201240CE.NFO,07/01/2020,09:44:33,44.55,43.95,500,44.6,500,500,186500
HDFCBANK30Jan201240CE.NFO,07/01/2020,09:44:34,44.55,43.6,3500,44.85,1000,0,186500
HDFCBANK30Jan201240CE.NFO,07/01/2020,09:44:36,44.55,43.8,2000,44.85,1000,0,186500
HDFCBANK30Jan201240CE.NFO,07/01/2020,09:44:37,44.55,44.05,500,44.75,500,0,186500
HDFCBANK30Jan201240CE.NFO,07/01/2020,09:44:38,44.55,44.15,500,45,500,0,186500
HDFCBANK30Jan201240CE.NFO,07/01/2020,09:44:39,44.55,44.3,500,44.95,500,0,186500
HDFCBANK30Jan201240CE.NFO,07/01/2020,09:44:40,44.9,44.4,2000,45.2,1000,500,186500
HDFCBANK30Jan201240CE.NFO,07/01/2020,09:44:41,44.9,44.45,1500,45.35,500,0,186500
HDFCBANK30Jan201240CE.NFO,07/01/2020,09:44:42,44.9,43.9,4000,45.2,1000,0,186500
HDFCBANK30Jan201240CE.NFO,07/01/2020,09:44:43,44.9,44,2500,45.25,500,0,186500
HDFCBANK30Jan201240CE.NFO,07/01/2020,09:44:44,44.9,44.2,2000,45.25,500,0,186500
HDFCBANK30Jan201240CE.NFO,07/01/2020,09:44:45,44.9,44.4,500,45.35,1000,0,186500
HDFCBANK30Jan201240CE.NFO,07/01/2020,09:44:46,44.9,44.45,2000,45.35,1500,0,186500
HDFCBANK30Jan201240CE.NFO,07/01/2020,09:44:47,44.9,44.45,2000,45.3,2000,0,186500
HDFCBANK30Jan201240CE.NFO,07/01/2020,09:44:49,44.9,44.5,1000,45.2,500,0,186500
HDFCBANK30Jan201240CE.NFO,07/01/2020,09:44:50,44.9,44.65,500,45.45,500,0,186500
HDFCBANK30Jan201240CE.NFO,07/01/2020,09:44:52,44.9,44.7,500,45.45,500,0,186500
HDFCBANK30Jan201240CE.NFO,07/01/2020,09:44:53,44.9,44.7,1000,45.4,500,0,186500
HDFCBANK30Jan201240CE.NFO,07/01/2020,09:44:54,44.9,44.55,1000,45.45,500,0,186500
HDFCBANK30Jan201240CE.NFO,07/01/2020,09:44:54,44.9,44.8,500,45.45,500,0,186500
HDFCBANK30Jan201240CE.NFO,07/01/2020,09:44:58,44.9,44.6,1000,45.45,500,0,186500
HDFCBANK30Jan201240CE.NFO,07/01/2020,09:44:59,44.9,44.75,500,45.35,500,0,186500
HDFCBANK30Jan201240CE.NFO,07/01/2020,09:45:01,45.35,44.9,500,45.6,1000,500,186500
HDFCBANK30Jan201240CE.NFO,07/01/2020,09:45:02,45.35,44.75,1000,45.55,1000,0,186500
HDFCBANK30Jan201240CE.NFO,07/01/2020,09:45:02,45.35,44.75,1000,45.55,500,0,186500
HDFCBANK30Jan201240CE.NFO,07/01/2020,09:45:03,45.35,44.75,2000,45.6,1000,0,186500
HDFCBANK30Jan201240CE.NFO,07/01/2020,09:45:04,45.35,44.75,2500,45.6,1000,0,186500
HDFCBANK30Jan201240CE.NFO,07/01/2020,09:45:05,45.35,44.75,500,45.5,500,0,186500
HDFCBANK30Jan201240CE.NFO,07/01/2020,09:45:06,45.35,44.8,1000,45.45,500,0,186500
HDFCBANK30Jan201240CE.NFO,07/01/2020,09:45:07,45.35,44.75,1500,45.45,1000,0,186500
