Ticker,Date,Time,LTP,BuyPrice,BuyQty,SellPrice,SellQty,LTQ,OpenInterest
HDFC27Feb202400PE.NFO,07/01/2020,10:11:52,61.6,59.5,1250,62.15,1250,250,0
HDFC27Feb202400PE.NFO,07/01/2020,10:11:52,61.6,59.5,1250,62.15,1250,0,0
HDFC27Feb202400PE.NFO,07/01/2020,10:11:52,61.6,59.5,1250,62.15,1250,0,0
HDFC27Feb202400PE.NFO,07/01/2020,10:11:52,61.6,59.5,1250,62.15,1250,0,0
HDFC27Feb202400PE.NFO,07/01/2020,10:11:57,61.6,59.5,1250,61.6,1250,0,0
HDFC27Feb202400PE.NFO,07/01/2020,10:12:03,61.6,59.5,1250,62.65,1250,0,0
HDFC27Feb202400PE.NFO,07/01/2020,10:12:08,61.6,59.45,1250,61.55,1250,0,0
HDFC27Feb202400PE.NFO,07/01/2020,10:12:25,61.6,59.45,1250,61.6,1250,0,0
HDFC27Feb202400PE.NFO,07/01/2020,10:12:29,61.6,59.45,1250,61.65,1250,0,0
HDFC27Feb202400PE.NFO,07/01/2020,10:12:38,61.6,59.9,1250,62.35,1250,0,0
HDFC27Feb202400PE.NFO,07/01/2020,10:12:43,61.6,59.9,1250,62.25,1250,0,0
HDFC27Feb202400PE.NFO,07/01/2020,10:12:48,61.6,59.8,1250,61.85,1250,0,0
HDFC27Feb202400PE.NFO,07/01/2020,10:12:58,61.6,59.8,1250,63.05,1250,0,0
HDFC27Feb202400PE.NFO,07/01/2020,10:13:04,61.6,59.8,1250,61.95,1250,0,0
HDFC27Feb202400PE.NFO,07/01/2020,10:13:09,61.6,59.8,1250,62.6,1250,0,0
HDFC27Feb202400PE.NFO,07/01/2020,10:13:14,61.6,47.85,4500,84.25,4500,0,0
HDFC27Feb202400PE.NFO,07/01/2020,10:13:19,61.6,60.2,1250,63,1250,0,0
HDFC27Feb202400PE.NFO,07/01/2020,10:13:25,61.6,60.4,1250,62.65,1250,0,0
HDFC27Feb202400PE.NFO,07/01/2020,10:13:38,61.6,60.95,1250,63.25,1250,0,0
HDFC27Feb202400PE.NFO,07/01/2020,10:13:42,61.6,60.8,1250,62.7,1250,0,0
HDFC27Feb202400PE.NFO,07/01/2020,10:13:48,61.6,59.9,1250,62.4,1250,0,0
HDFC27Feb202400PE.NFO,07/01/2020,10:13:54,62.4,59.85,1250,62.2,1250,1250,0
HDFC27Feb202400PE.NFO,07/01/2020,10:13:54,62.4,59.85,1250,62.2,1250,0,0
HDFC27Feb202400PE.NFO,07/01/2020,10:13:59,62.4,60.45,1250,62.85,1250,0,0
HDFC27Feb202400PE.NFO,07/01/2020,10:14:03,62.4,60.45,1250,62.35,1250,0,0
HDFC27Feb202400PE.NFO,07/01/2020,10:14:08,62.4,60.4,1250,62.25,1250,0,0
HDFC27Feb202400PE.NFO,07/01/2020,10:14:12,62.4,60.35,1250,62.25,1250,0,0
HDFC27Feb202400PE.NFO,07/01/2020,10:14:18,62.4,60.35,1250,62.4,1250,0,0
HDFC27Feb202400PE.NFO,07/01/2020,10:14:23,62.4,60.35,1250,62.55,1250,0,0
HDFC27Feb202400PE.NFO,07/01/2020,10:14:29,62.4,60.85,1250,62.75,1250,0,0
HDFC27Feb202400PE.NFO,07/01/2020,10:14:34,62.4,60.85,1250,62.65,1250,0,0
HDFC27Feb202400PE.NFO,07/01/2020,10:14:39,62.4,60.85,1250,62.8,1250,0,0
HDFC27Feb202400PE.NFO,07/01/2020,10:14:48,62.4,60.8,1250,62.8,1250,0,0
HDFC27Feb202400PE.NFO,07/01/2020,10:14:53,62.4,60.85,1250,63.8,1250,0,0
HDFC27Feb202400PE.NFO,07/01/2020,10:14:59,62.4,60.45,1250,62.8,1250,0,0
HDFC27Feb202400PE.NFO,07/01/2020,10:15:09,62.4,60.45,1250,62.65,1250,0,0
HDFC27Feb202400PE.NFO,07/01/2020,10:15:14,62.4,60.75,1250,62.7,1250,0,0
HDFC27Feb202400PE.NFO,07/01/2020,10:15:24,62.4,60.55,1250,62.4,1250,0,0
HDFC27Feb202400PE.NFO,07/01/2020,10:15:29,62.4,60.55,1250,62.45,1250,0,0
HDFC27Feb202400PE.NFO,07/01/2020,10:15:33,62.4,60.55,1250,62.55,1250,0,0
HDFC27Feb202400PE.NFO,07/01/2020,10:15:38,62.4,60.55,1250,62.5,1250,0,0
HDFC27Feb202400PE.NFO,07/01/2020,10:15:43,62.4,60.55,1250,62.55,1250,0,0
HDFC27Feb202400PE.NFO,07/01/2020,10:15:49,62.4,60.55,1250,63.4,1250,0,0
HDFC27Feb202400PE.NFO,07/01/2020,10:15:55,62.4,60.55,1250,62.7,1250,0,0
HDFC27Feb202400PE.NFO,07/01/2020,10:16:05,62.4,60.55,1250,62.85,1250,0,0
HDFC27Feb202400PE.NFO,07/01/2020,10:16:27,62.4,60.55,1250,63.15,1250,0,0
HDFC27Feb202400PE.NFO,07/01/2020,10:16:32,62.4,60.55,1250,64.95,1250,0,0
HDFC27Feb202400PE.NFO,07/01/2020,10:16:37,62.4,60.55,1250,62.65,1250,0,0
HDFC27Feb202400PE.NFO,07/01/2020,10:16:52,62.4,60.5,1250,62.65,1250,0,0
HDFC27Feb202400PE.NFO,07/01/2020,10:17:04,62.4,60.5,1250,62.4,1250,0,0
HDFC27Feb202400PE.NFO,07/01/2020,10:17:09,62.4,60.45,1250,62.4,1250,0,0
HDFC27Feb202400PE.NFO,07/01/2020,10:17:14,62.4,60.45,1250,62.45,1250,0,0
HDFC27Feb202400PE.NFO,07/01/2020,10:17:21,62.4,47.85,4500,84.25,4500,0,0
HDFC27Feb202400PE.NFO,07/01/2020,10:25:39,62.4,47.9,4500,84.25,4500,0,0
HDFC27Feb202400PE.NFO,07/01/2020,10:26:07,62.4,49,4500,84.25,4500,0,0
HDFC27Feb202400PE.NFO,07/01/2020,10:26:20,62.4,49.15,4500,84.25,4500,0,0
HDFC27Feb202400PE.NFO,07/01/2020,10:37:18,62.4,49.25,4500,84.25,4500,0,0
HDFC27Feb202400PE.NFO,07/01/2020,10:37:30,62.4,49.35,4500,84.25,4500,0,0
HDFC27Feb202400PE.NFO,07/01/2020,10:37:38,62.4,49.95,4750,84.25,4500,0,0
HDFC27Feb202400PE.NFO,07/01/2020,10:37:42,62.4,49.95,4500,84.25,4500,0,0
HDFC27Feb202400PE.NFO,07/01/2020,10:49:51,62.4,50.1,4750,84.25,4500,0,0
HDFC27Feb202400PE.NFO,07/01/2020,10:50:01,62.4,50.35,4500,84.25,4500,0,0
HDFC27Feb202400PE.NFO,07/01/2020,11:07:07,62.4,51.1,4250,84.25,4500,0,0
HDFC27Feb202400PE.NFO,07/01/2020,11:07:12,62.4,51.1,4500,84.25,4500,0,0
HDFC27Feb202400PE.NFO,07/01/2020,11:08:54,62.4,68.45,1250,71.85,1250,0,0
HDFC27Feb202400PE.NFO,07/01/2020,11:09:00,62.4,68.45,1250,70.85,1250,0,0
HDFC27Feb202400PE.NFO,07/01/2020,11:09:05,62.4,68.45,1250,70.6,1250,0,0
HDFC27Feb202400PE.NFO,07/01/2020,11:09:14,62.4,67.55,1250,70.85,1250,0,0
HDFC27Feb202400PE.NFO,07/01/2020,11:09:19,62.4,67.95,1250,70.05,1250,0,0
HDFC27Feb202400PE.NFO,07/01/2020,11:09:24,62.4,67.9,1250,70.15,1250,0,0
HDFC27Feb202400PE.NFO,07/01/2020,11:09:29,62.4,67.9,1250,69.85,1250,0,0
HDFC27Feb202400PE.NFO,07/01/2020,11:09:33,62.4,67.7,1250,69.8,1250,0,0
HDFC27Feb202400PE.NFO,07/01/2020,11:09:38,62.4,67.7,1250,70.7,1250,0,0
HDFC27Feb202400PE.NFO,07/01/2020,11:09:43,62.4,67.7,1250,70,1250,0,0
HDFC27Feb202400PE.NFO,07/01/2020,11:09:59,62.4,67.7,1250,70.6,1250,0,0
HDFC27Feb202400PE.NFO,07/01/2020,11:10:03,62.4,68.15,1250,70.8,1250,0,0
HDFC27Feb202400PE.NFO,07/01/2020,11:10:08,62.4,68.15,1250,70.35,1250,0,0
HDFC27Feb202400PE.NFO,07/01/2020,11:10:12,62.4,68.15,1250,73.05,1250,0,0
HDFC27Feb202400PE.NFO,07/01/2020,11:10:16,62.4,68.6,1250,70.6,1250,0,0
HDFC27Feb202400PE.NFO,07/01/2020,11:10:22,62.4,68.4,1250,70.35,1250,0,0
HDFC27Feb202400PE.NFO,07/01/2020,11:10:27,62.4,68.4,1250,70.5,1250,0,0
HDFC27Feb202400PE.NFO,07/01/2020,11:10:32,62.4,68.35,1250,71,1250,0,0
HDFC27Feb202400PE.NFO,07/01/2020,11:10:36,62.4,68.35,1250,70.45,1250,0,0
HDFC27Feb202400PE.NFO,07/01/2020,11:10:40,62.4,68.35,1250,70.55,1250,0,0
HDFC27Feb202400PE.NFO,07/01/2020,11:10:48,62.4,68.35,1250,73,1250,0,0
HDFC27Feb202400PE.NFO,07/01/2020,11:10:51,62.4,68.35,1250,70.85,1250,0,0
HDFC27Feb202400PE.NFO,07/01/2020,11:10:55,62.4,68.35,1250,70.9,1250,0,0
HDFC27Feb202400PE.NFO,07/01/2020,11:10:58,62.4,68.9,1250,70.75,1250,0,0
HDFC27Feb202400PE.NFO,07/01/2020,11:11:03,62.4,68.9,1250,72.1,1250,0,0
HDFC27Feb202400PE.NFO,07/01/2020,11:11:08,62.4,69.35,1250,71.8,1250,0,0
HDFC27Feb202400PE.NFO,07/01/2020,11:11:14,62.4,69.8,1250,74.85,1250,0,0
HDFC27Feb202400PE.NFO,07/01/2020,11:11:20,62.4,69.8,1250,72.95,1250,0,0
HDFC27Feb202400PE.NFO,07/01/2020,11:11:26,62.4,70.1,1250,74.65,1250,0,0
HDFC27Feb202400PE.NFO,07/01/2020,11:11:34,62.4,70.1,1250,73.5,1250,0,0
HDFC27Feb202400PE.NFO,07/01/2020,11:11:41,62.4,70,1250,72.15,1250,0,0
HDFC27Feb202400PE.NFO,07/01/2020,11:11:48,62.4,68.95,1250,72.6,1250,0,0
HDFC27Feb202400PE.NFO,07/01/2020,11:11:54,62.4,69.85,1250,72.35,1250,0,0
HDFC27Feb202400PE.NFO,07/01/2020,11:12:01,62.4,70.4,1250,80.6,1250,0,0
HDFC27Feb202400PE.NFO,07/01/2020,11:12:10,62.4,70.45,1250,74.25,1250,0,0
HDFC27Feb202400PE.NFO,07/01/2020,11:12:17,62.4,70.45,1250,72.55,1250,0,0
HDFC27Feb202400PE.NFO,07/01/2020,11:12:24,62.4,70.45,1250,72.75,1250,0,0
HDFC27Feb202400PE.NFO,07/01/2020,11:12:31,62.4,69.8,1250,72.2,1250,0,0
HDFC27Feb202400PE.NFO,07/01/2020,11:12:37,62.4,69.75,1250,74.7,1250,0,0
HDFC27Feb202400PE.NFO,07/01/2020,11:12:43,62.4,69.9,1250,72.6,1250,0,0
HDFC27Feb202400PE.NFO,07/01/2020,11:12:48,62.4,69.85,1250,74.3,1250,0,0
HDFC27Feb202400PE.NFO,07/01/2020,11:12:53,62.4,69.55,1250,74.1,1250,0,0
HDFC27Feb202400PE.NFO,07/01/2020,11:12:58,62.4,52.05,4500,84.25,4500,0,0
HDFC27Feb202400PE.NFO,07/01/2020,11:15:45,62.4,52.2,4500,84.25,4500,0,0
HDFC27Feb202400PE.NFO,07/01/2020,11:15:50,62.4,52.55,3500,84.25,4500,0,0
HDFC27Feb202400PE.NFO,07/01/2020,11:15:55,62.4,52.95,4500,84.25,4500,0,0
HDFC27Feb202400PE.NFO,07/01/2020,11:16:01,62.4,53.45,2250,84.25,4500,0,0
HDFC27Feb202400PE.NFO,07/01/2020,11:16:08,62.4,53.5,4500,84.25,4500,0,0
HDFC27Feb202400PE.NFO,07/01/2020,12:13:31,62.4,66.7,1250,68.55,1250,0,0
HDFC27Feb202400PE.NFO,07/01/2020,12:13:36,62.4,66.25,1250,68.55,1250,0,0
HDFC27Feb202400PE.NFO,07/01/2020,12:13:40,62.4,66.25,1250,68.4,1250,0,0
HDFC27Feb202400PE.NFO,07/01/2020,12:13:44,62.4,66.25,1250,70.25,1250,0,0
HDFC27Feb202400PE.NFO,07/01/2020,12:13:47,62.4,66.05,1250,69.1,1250,0,0
HDFC27Feb202400PE.NFO,07/01/2020,12:13:50,62.4,66.6,1250,68.45,1250,0,0
HDFC27Feb202400PE.NFO,07/01/2020,12:13:53,62.4,66.35,1250,68.3,1250,0,0
HDFC27Feb202400PE.NFO,07/01/2020,12:13:57,62.4,66.35,1250,68.4,1250,0,0
HDFC27Feb202400PE.NFO,07/01/2020,12:14:01,62.4,66.35,1250,69.3,1250,0,0
HDFC27Feb202400PE.NFO,07/01/2020,12:14:07,62.4,66.65,1250,69.85,1250,0,0
HDFC27Feb202400PE.NFO,07/01/2020,12:14:12,62.4,66.65,1250,68.95,1250,0,0
HDFC27Feb202400PE.NFO,07/01/2020,12:14:48,62.4,66.65,1250,68.65,1250,0,0
HDFC27Feb202400PE.NFO,07/01/2020,12:14:51,62.4,66.65,1250,68.7,1250,0,0
HDFC27Feb202400PE.NFO,07/01/2020,12:14:53,62.4,66.65,1250,68.75,1250,0,0
HDFC27Feb202400PE.NFO,07/01/2020,12:14:59,62.4,66.65,1250,68.95,1250,0,0
HDFC27Feb202400PE.NFO,07/01/2020,12:15:05,62.4,66.65,1250,69.5,1250,0,0
HDFC27Feb202400PE.NFO,07/01/2020,12:15:08,62.4,66.65,1250,69,1250,0,0
HDFC27Feb202400PE.NFO,07/01/2020,12:15:12,62.4,66.65,1250,69.05,1250,0,0
HDFC27Feb202400PE.NFO,07/01/2020,12:15:15,62.4,66.65,1250,68.85,1250,0,0
HDFC27Feb202400PE.NFO,07/01/2020,12:15:19,62.4,66.65,1250,70.05,1250,0,0
HDFC27Feb202400PE.NFO,07/01/2020,12:15:24,62.4,66.9,1250,68.75,1250,0,0
HDFC27Feb202400PE.NFO,07/01/2020,12:15:28,62.4,66.75,1250,68.6,1250,0,0
HDFC27Feb202400PE.NFO,07/01/2020,12:15:31,62.4,66.7,1250,68.6,1250,0,0
HDFC27Feb202400PE.NFO,07/01/2020,12:15:33,62.4,66.7,1250,68.65,1250,0,0
HDFC27Feb202400PE.NFO,07/01/2020,12:15:37,62.4,66.7,1250,68.7,1250,0,0
HDFC27Feb202400PE.NFO,07/01/2020,12:15:40,62.4,66.7,1250,68.75,1250,0,0
HDFC27Feb202400PE.NFO,07/01/2020,12:15:50,62.4,66.7,1250,68.5,1250,0,0
HDFC27Feb202400PE.NFO,07/01/2020,12:15:53,62.4,66.7,1250,68.6,1250,0,0
HDFC27Feb202400PE.NFO,07/01/2020,12:15:58,62.4,66.7,1250,69.5,1250,0,0
HDFC27Feb202400PE.NFO,07/01/2020,12:16:03,62.4,66.7,1250,69.25,1250,0,0
HDFC27Feb202400PE.NFO,07/01/2020,12:16:07,62.4,66.7,1250,69,1250,0,0
HDFC27Feb202400PE.NFO,07/01/2020,12:16:17,62.4,66.7,1250,69.15,1250,0,0
HDFC27Feb202400PE.NFO,07/01/2020,12:16:27,62.4,66.7,1250,68.9,1250,0,0
HDFC27Feb202400PE.NFO,07/01/2020,12:16:32,62.4,66.7,1250,68.95,1250,0,0
HDFC27Feb202400PE.NFO,07/01/2020,12:16:34,62.4,66.7,1250,68.85,1250,0,0
HDFC27Feb202400PE.NFO,07/01/2020,12:16:36,62.4,66.7,1250,69.1,1250,0,0
HDFC27Feb202400PE.NFO,07/01/2020,12:16:51,62.4,66.7,1250,69.55,1250,0,0
HDFC27Feb202400PE.NFO,07/01/2020,12:16:54,62.4,67.25,1250,69.9,1250,0,0
HDFC27Feb202400PE.NFO,07/01/2020,12:16:56,62.4,67.25,1250,69.3,1250,0,0
HDFC27Feb202400PE.NFO,07/01/2020,12:16:59,62.4,67.25,1250,69,1250,0,0
HDFC27Feb202400PE.NFO,07/01/2020,12:17:00,62.4,67.25,1250,69.15,1250,0,0
HDFC27Feb202400PE.NFO,07/01/2020,12:17:03,62.4,67.25,1250,69.2,1250,0,0
HDFC27Feb202400PE.NFO,07/01/2020,12:17:06,62.4,67.25,1250,69.25,1250,0,0
HDFC27Feb202400PE.NFO,07/01/2020,12:17:12,62.4,53.5,4500,84.25,4500,0,0
HDFC27Feb202400PE.NFO,07/01/2020,13:12:21,62.4,53.5,4500,84.25,4000,0,0
HDFC27Feb202400PE.NFO,07/01/2020,13:12:31,62.4,53.5,4500,84.25,3500,0,0
HDFC27Feb202400PE.NFO,07/01/2020,13:15:12,62.4,55.45,4500,0,0,0,0
HDFC27Feb202400PE.NFO,07/01/2020,13:19:45,62.4,55.45,4000,0,0,0,0
HDFC27Feb202400PE.NFO,07/01/2020,13:20:11,62.4,55.45,4500,0,0,0,0
HDFC27Feb202400PE.NFO,07/01/2020,13:22:12,62.4,55.45,4750,0,0,0,0
HDFC27Feb202400PE.NFO,07/01/2020,13:22:18,62.4,55.6,4500,0,0,0,0
HDFC27Feb202400PE.NFO,07/01/2020,13:22:29,62.4,55.6,4750,0,0,0,0
HDFC27Feb202400PE.NFO,07/01/2020,13:22:34,62.4,55.7,4500,0,0,0,0
HDFC27Feb202400PE.NFO,07/01/2020,13:22:39,62.4,56.55,4500,0,0,0,0
HDFC27Feb202400PE.NFO,07/01/2020,13:22:55,62.4,56.8,2000,0,0,0,0
HDFC27Feb202400PE.NFO,07/01/2020,13:23:00,62.4,56.95,4750,0,0,0,0
HDFC27Feb202400PE.NFO,07/01/2020,13:23:06,62.4,57.2,4500,0,0,0,0
HDFC27Feb202400PE.NFO,07/01/2020,13:48:38,62.4,57.2,4500,103.25,500,0,0
HDFC27Feb202400PE.NFO,07/01/2020,13:49:45,62.4,57.2,4500,80,500,0,0
HDFC27Feb202400PE.NFO,07/01/2020,13:50:01,62.4,57.2,4500,103.25,500,0,0
HDFC27Feb202400PE.NFO,07/01/2020,13:50:06,62.4,57.2,4500,80.05,500,0,0
HDFC27Feb202400PE.NFO,07/01/2020,13:50:27,62.4,57.2,4500,80,1000,0,0
HDFC27Feb202400PE.NFO,07/01/2020,13:50:40,62.4,57.2,4500,80,500,0,0
HDFC27Feb202400PE.NFO,07/01/2020,13:50:48,62.4,57.2,4500,79.95,1500,0,0
HDFC27Feb202400PE.NFO,07/01/2020,13:51:08,62.4,57.2,4500,79.95,1000,0,0
HDFC27Feb202400PE.NFO,07/01/2020,13:51:54,62.4,57.2,4500,79.9,1000,0,0
HDFC27Feb202400PE.NFO,07/01/2020,13:52:03,62.4,57.2,4500,79.9,500,0,0
HDFC27Feb202400PE.NFO,07/01/2020,13:52:11,62.4,57.2,4500,79.85,500,0,0
HDFC27Feb202400PE.NFO,07/01/2020,13:53:03,62.4,57.2,4500,79.85,1000,0,0
HDFC27Feb202400PE.NFO,07/01/2020,13:53:38,62.4,57.2,4500,80.1,1000,0,0
HDFC27Feb202400PE.NFO,07/01/2020,13:53:44,62.4,57.2,4500,0,0,0,0
HDFC27Feb202400PE.NFO,07/01/2020,13:55:10,62.4,57.2,4500,80.1,1000,0,0
HDFC27Feb202400PE.NFO,07/01/2020,13:56:04,62.4,57.2,4500,95.45,500,0,0
HDFC27Feb202400PE.NFO,07/01/2020,14:09:55,62.4,57.2,4500,95.45,1000,0,0
HDFC27Feb202400PE.NFO,07/01/2020,14:13:42,62.4,57.2,4500,79.95,3500,0,0
HDFC27Feb202400PE.NFO,07/01/2020,14:14:17,62.4,57.2,4500,79.95,2500,0,0
HDFC27Feb202400PE.NFO,07/01/2020,14:14:22,62.4,57.2,4500,79.95,2000,0,0
HDFC27Feb202400PE.NFO,07/01/2020,14:14:43,62.4,57.2,4500,79.95,2500,0,0
HDFC27Feb202400PE.NFO,07/01/2020,14:14:52,62.4,57.2,4500,79.95,2000,0,0
HDFC27Feb202400PE.NFO,07/01/2020,14:14:56,62.4,57.2,4500,79.95,2500,0,0
HDFC27Feb202400PE.NFO,07/01/2020,14:15:07,62.4,57.2,4500,79.95,3500,0,0
HDFC27Feb202400PE.NFO,07/01/2020,14:15:17,62.4,57.2,4500,79.95,4000,0,0
HDFC27Feb202400PE.NFO,07/01/2020,14:15:24,62.4,57.2,4500,79.95,3500,0,0
HDFC27Feb202400PE.NFO,07/01/2020,14:15:36,62.4,57.2,4500,79.95,4500,0,0
HDFC27Feb202400PE.NFO,07/01/2020,14:15:50,62.4,57.2,4500,79.95,4000,0,0
HDFC27Feb202400PE.NFO,07/01/2020,14:15:54,62.4,57.2,4500,79.95,3500,0,0
HDFC27Feb202400PE.NFO,07/01/2020,14:16:05,62.4,57.2,4500,79.95,2500,0,0
HDFC27Feb202400PE.NFO,07/01/2020,14:16:15,62.4,57.2,4500,79.95,3500,0,0
HDFC27Feb202400PE.NFO,07/01/2020,14:16:20,62.4,57.2,4500,79.95,2000,0,0
HDFC27Feb202400PE.NFO,07/01/2020,14:16:24,62.4,57.2,4500,79.95,2500,0,0
HDFC27Feb202400PE.NFO,07/01/2020,14:16:28,62.4,57.2,4500,79.95,2000,0,0
HDFC27Feb202400PE.NFO,07/01/2020,14:16:58,62.4,57.2,4500,79.95,1500,0,0
HDFC27Feb202400PE.NFO,07/01/2020,14:17:02,62.4,57.2,4500,79.9,500,0,0
HDFC27Feb202400PE.NFO,07/01/2020,14:18:02,62.4,69.3,1250,71.2,1250,0,0
HDFC27Feb202400PE.NFO,07/01/2020,14:18:06,62.4,69.3,1250,71.25,1250,0,0
HDFC27Feb202400PE.NFO,07/01/2020,14:18:09,62.4,69.25,1250,71.8,1250,0,0
HDFC27Feb202400PE.NFO,07/01/2020,14:18:12,62.4,69.25,1250,71.45,1250,0,0
HDFC27Feb202400PE.NFO,07/01/2020,14:18:16,62.4,69.1,1250,70.95,1250,0,0
HDFC27Feb202400PE.NFO,07/01/2020,14:18:21,62.4,67.45,1250,71,1250,0,0
HDFC27Feb202400PE.NFO,07/01/2020,14:18:27,62.4,68.4,1250,70.75,1250,0,0
HDFC27Feb202400PE.NFO,07/01/2020,14:18:38,62.4,68.3,1250,70.45,1250,0,0
HDFC27Feb202400PE.NFO,07/01/2020,14:18:49,62.4,68.3,1250,71.2,1250,0,0
HDFC27Feb202400PE.NFO,07/01/2020,14:18:53,62.4,68.7,1250,70.6,1250,0,0
HDFC27Feb202400PE.NFO,07/01/2020,14:18:58,62.4,68.7,1250,70.75,1250,0,0
HDFC27Feb202400PE.NFO,07/01/2020,14:19:03,62.4,69.25,1250,73.75,1250,0,0
HDFC27Feb202400PE.NFO,07/01/2020,14:19:07,62.4,69.1,1250,71.5,1250,0,0
HDFC27Feb202400PE.NFO,07/01/2020,14:19:11,62.4,69.4,1250,73.85,1250,0,0
HDFC27Feb202400PE.NFO,07/01/2020,14:19:17,62.4,69.4,1250,72.8,1250,0,0
HDFC27Feb202400PE.NFO,07/01/2020,14:19:21,62.4,69.4,1250,71.75,1250,0,0
HDFC27Feb202400PE.NFO,07/01/2020,14:19:24,62.4,69.4,1250,71.7,1250,0,0
HDFC27Feb202400PE.NFO,07/01/2020,14:19:33,62.4,69.35,1250,72.7,1250,0,0
HDFC27Feb202400PE.NFO,07/01/2020,14:19:37,62.4,69.35,1250,72.55,1250,0,0
HDFC27Feb202400PE.NFO,07/01/2020,14:19:41,62.4,69.2,1250,71.95,1250,0,0
HDFC27Feb202400PE.NFO,07/01/2020,14:19:45,62.4,69.2,1250,71.75,1250,0,0
HDFC27Feb202400PE.NFO,07/01/2020,14:19:50,62.4,69.6,1250,73.35,1250,0,0
HDFC27Feb202400PE.NFO,07/01/2020,14:19:54,62.4,69.6,1250,72.15,1250,0,0
HDFC27Feb202400PE.NFO,07/01/2020,14:19:58,62.4,70,1250,72.15,1250,0,0
HDFC27Feb202400PE.NFO,07/01/2020,14:20:03,62.4,70,1250,72.35,1250,0,0
HDFC27Feb202400PE.NFO,07/01/2020,14:20:08,62.4,69.75,1250,72,1250,0,0
HDFC27Feb202400PE.NFO,07/01/2020,14:20:13,62.4,69.75,1250,73.8,1250,0,0
HDFC27Feb202400PE.NFO,07/01/2020,14:20:18,62.4,69.75,1250,72,1250,0,0
HDFC27Feb202400PE.NFO,07/01/2020,14:20:22,62.4,69.75,1250,71.95,1250,0,0
HDFC27Feb202400PE.NFO,07/01/2020,14:20:28,62.4,69.75,1250,73.8,1250,0,0
HDFC27Feb202400PE.NFO,07/01/2020,14:20:32,62.4,69.75,1250,72.15,1250,0,0
HDFC27Feb202400PE.NFO,07/01/2020,14:20:36,62.4,69.7,1250,72.15,1250,0,0
HDFC27Feb202400PE.NFO,07/01/2020,14:20:40,62.4,69.5,1250,72.45,1250,0,0
HDFC27Feb202400PE.NFO,07/01/2020,14:20:44,62.4,69.4,1250,71.75,1250,0,0
HDFC27Feb202400PE.NFO,07/01/2020,14:20:47,62.4,69.55,1250,72.65,1250,0,0
HDFC27Feb202400PE.NFO,07/01/2020,14:20:54,62.4,69.5,1250,71.6,1250,0,0
HDFC27Feb202400PE.NFO,07/01/2020,14:20:59,62.4,69.2,1250,72.5,1250,0,0
HDFC27Feb202400PE.NFO,07/01/2020,14:21:04,62.4,68.9,1250,72.55,1250,0,0
HDFC27Feb202400PE.NFO,07/01/2020,14:21:09,62.4,68.9,1250,71.5,1250,0,0
HDFC27Feb202400PE.NFO,07/01/2020,14:21:13,62.4,69.65,1250,71.85,1250,0,0
HDFC27Feb202400PE.NFO,07/01/2020,14:21:17,62.4,69.65,1250,73.1,1250,0,0
HDFC27Feb202400PE.NFO,07/01/2020,14:21:21,62.4,69.65,1250,72.1,1250,0,0
HDFC27Feb202400PE.NFO,07/01/2020,14:21:28,62.4,69.65,1250,71.95,1250,0,0
HDFC27Feb202400PE.NFO,07/01/2020,14:21:32,62.4,69.65,1250,72,1250,0,0
HDFC27Feb202400PE.NFO,07/01/2020,14:21:49,62.4,69.65,1250,71.7,1250,0,0
HDFC27Feb202400PE.NFO,07/01/2020,14:21:53,62.4,69.65,1250,71.85,1250,0,0
HDFC27Feb202400PE.NFO,07/01/2020,14:21:56,62.4,69.65,1250,71.8,1250,0,0
HDFC27Feb202400PE.NFO,07/01/2020,14:22:00,62.4,69.45,1250,71.8,1250,0,0
HDFC27Feb202400PE.NFO,07/01/2020,14:22:05,62.4,69.8,1250,71.95,1250,0,0
HDFC27Feb202400PE.NFO,07/01/2020,14:22:09,62.4,69.75,1250,72.3,1250,0,0
HDFC27Feb202400PE.NFO,07/01/2020,14:22:13,62.4,69.75,1250,71.7,1250,0,0
HDFC27Feb202400PE.NFO,07/01/2020,14:22:17,62.4,69.75,1250,72.25,1250,0,0
HDFC27Feb202400PE.NFO,07/01/2020,14:22:21,62.4,69.75,1250,71.7,1250,0,0
HDFC27Feb202400PE.NFO,07/01/2020,14:22:25,62.4,69.75,1250,72.2,1250,0,0
HDFC27Feb202400PE.NFO,07/01/2020,14:22:30,62.4,69.75,1250,71.7,1250,0,0
HDFC27Feb202400PE.NFO,07/01/2020,14:22:40,62.4,69.65,1250,71.4,1250,0,0
HDFC27Feb202400PE.NFO,07/01/2020,14:22:44,62.4,69.55,1250,71.4,1250,0,0
HDFC27Feb202400PE.NFO,07/01/2020,14:22:48,62.4,69.55,1250,71.5,1250,0,0
HDFC27Feb202400PE.NFO,07/01/2020,14:22:52,62.4,70,1250,73.7,1250,0,0
HDFC27Feb202400PE.NFO,07/01/2020,14:22:56,62.4,69.9,1250,72.2,1250,0,0
HDFC27Feb202400PE.NFO,07/01/2020,14:23:00,62.4,69.8,1250,71.9,1250,0,0
HDFC27Feb202400PE.NFO,07/01/2020,14:23:04,62.4,69.8,1250,72.1,1250,0,0
HDFC27Feb202400PE.NFO,07/01/2020,14:23:08,62.4,69.8,1250,72.15,1250,0,0
HDFC27Feb202400PE.NFO,07/01/2020,14:23:14,62.4,69.8,1250,72.1,1250,0,0
HDFC27Feb202400PE.NFO,07/01/2020,14:23:21,62.4,70.35,1250,72.25,1250,0,0
HDFC27Feb202400PE.NFO,07/01/2020,14:23:25,62.4,70.25,1250,72.25,1250,0,0
HDFC27Feb202400PE.NFO,07/01/2020,14:23:29,62.4,70,1250,72.25,1250,0,0
HDFC27Feb202400PE.NFO,07/01/2020,14:23:32,62.4,69.95,1250,72.75,1250,0,0
HDFC27Feb202400PE.NFO,07/01/2020,14:23:36,62.4,69.95,1250,72.1,1250,0,0
HDFC27Feb202400PE.NFO,07/01/2020,14:23:39,62.4,69.95,1250,72.25,1250,0,0
HDFC27Feb202400PE.NFO,07/01/2020,14:23:43,62.4,69.95,1250,72.3,1250,0,0
HDFC27Feb202400PE.NFO,07/01/2020,14:23:53,62.4,69.95,1250,72.35,1250,0,0
HDFC27Feb202400PE.NFO,07/01/2020,14:23:58,62.4,69.95,1250,72.4,1250,0,0
HDFC27Feb202400PE.NFO,07/01/2020,14:24:05,62.4,70.45,1250,72.45,1250,0,0
HDFC27Feb202400PE.NFO,07/01/2020,14:24:11,62.4,70.5,1250,72.85,1250,0,0
HDFC27Feb202400PE.NFO,07/01/2020,14:24:19,62.4,70.05,1250,72.2,1250,0,0
HDFC27Feb202400PE.NFO,07/01/2020,14:24:25,62.4,70.05,1250,72.35,1250,0,0
HDFC27Feb202400PE.NFO,07/01/2020,14:24:30,62.4,70.05,1250,72.3,1250,0,0
HDFC27Feb202400PE.NFO,07/01/2020,14:24:45,62.4,70.05,1250,73,1250,0,0
HDFC27Feb202400PE.NFO,07/01/2020,14:24:49,62.4,70.6,1250,72.4,1250,0,0
HDFC27Feb202400PE.NFO,07/01/2020,14:24:53,62.4,70.15,1250,72.1,1250,0,0
HDFC27Feb202400PE.NFO,07/01/2020,14:24:57,62.4,70.15,1250,72.25,1250,0,0
HDFC27Feb202400PE.NFO,07/01/2020,14:25:01,62.4,70.15,1250,72.9,1250,0,0
HDFC27Feb202400PE.NFO,07/01/2020,14:25:05,62.4,70.15,1250,72.4,1250,0,0
HDFC27Feb202400PE.NFO,07/01/2020,14:25:20,62.4,67.75,1250,72.2,1250,0,0
HDFC27Feb202400PE.NFO,07/01/2020,14:25:26,62.4,69.55,1250,71.75,1250,0,0
HDFC27Feb202400PE.NFO,07/01/2020,14:25:30,62.4,69.45,1250,71.75,1250,0,0
HDFC27Feb202400PE.NFO,07/01/2020,14:25:39,62.4,69.15,1250,73.35,1250,0,0
HDFC27Feb202400PE.NFO,07/01/2020,14:25:45,62.4,69.3,1250,71.7,1250,0,0
HDFC27Feb202400PE.NFO,07/01/2020,14:25:50,62.4,69.8,1250,71.9,1250,0,0
HDFC27Feb202400PE.NFO,07/01/2020,14:25:55,62.4,69.7,1250,71.9,1250,0,0
HDFC27Feb202400PE.NFO,07/01/2020,14:25:59,62.4,69.7,1250,71.75,1250,0,0
HDFC27Feb202400PE.NFO,07/01/2020,14:26:02,62.4,69.65,1250,71.75,1250,0,0
HDFC27Feb202400PE.NFO,07/01/2020,14:26:09,62.4,69.6,1250,71.75,1250,0,0
HDFC27Feb202400PE.NFO,07/01/2020,14:26:14,62.4,69.6,1250,71.85,1250,0,0
HDFC27Feb202400PE.NFO,07/01/2020,14:26:19,62.4,69.6,1250,71.55,1250,0,0
HDFC27Feb202400PE.NFO,07/01/2020,14:26:27,62.4,69.55,1250,71.7,1250,0,0
HDFC27Feb202400PE.NFO,07/01/2020,14:26:31,62.4,69.35,1250,71.45,1250,0,0
HDFC27Feb202400PE.NFO,07/01/2020,14:26:37,62.4,69.35,1250,73.3,1250,0,0
HDFC27Feb202400PE.NFO,07/01/2020,14:26:41,62.4,69.35,1250,72.8,1250,0,0
HDFC27Feb202400PE.NFO,07/01/2020,14:26:45,62.4,69.35,1250,71.8,1250,0,0
HDFC27Feb202400PE.NFO,07/01/2020,14:26:50,62.4,69.8,1250,72,1250,0,0
HDFC27Feb202400PE.NFO,07/01/2020,14:26:54,62.4,69.7,1250,72,1250,0,0
HDFC27Feb202400PE.NFO,07/01/2020,14:26:58,62.4,69.35,1250,71.35,1250,0,0
HDFC27Feb202400PE.NFO,07/01/2020,14:27:04,62.4,69.3,1250,71.45,1250,0,0
HDFC27Feb202400PE.NFO,07/01/2020,14:27:09,62.4,67.2,1250,72.4,1250,0,0
HDFC27Feb202400PE.NFO,07/01/2020,14:27:17,62.4,68.65,1250,70.55,1250,0,0
HDFC27Feb202400PE.NFO,07/01/2020,14:27:23,62.4,68.5,1250,71.35,1250,0,0
HDFC27Feb202400PE.NFO,07/01/2020,14:27:28,62.4,68.15,1250,70.9,1250,0,0
HDFC27Feb202400PE.NFO,07/01/2020,14:27:33,62.4,68.7,1250,71.15,1250,0,0
HDFC27Feb202400PE.NFO,07/01/2020,14:27:38,62.4,68.25,1250,70.5,1250,0,0
HDFC27Feb202400PE.NFO,07/01/2020,14:27:42,62.4,68.25,1250,71.15,1250,0,0
HDFC27Feb202400PE.NFO,07/01/2020,14:27:46,62.4,68.25,1250,70.4,1250,0,0
HDFC27Feb202400PE.NFO,07/01/2020,14:27:51,62.4,68.25,1250,71.1,1250,0,0
HDFC27Feb202400PE.NFO,07/01/2020,14:27:56,62.4,68.25,1250,70.4,1250,0,0
HDFC27Feb202400PE.NFO,07/01/2020,14:28:00,62.4,68.25,1250,70.45,1250,0,0
HDFC27Feb202400PE.NFO,07/01/2020,14:28:28,62.4,68.25,1250,70.35,1250,0,0
HDFC27Feb202400PE.NFO,07/01/2020,14:28:33,62.4,68.25,1250,70.6,1250,0,0
HDFC27Feb202400PE.NFO,07/01/2020,14:28:37,62.4,68.8,1250,71.75,1250,0,0
HDFC27Feb202400PE.NFO,07/01/2020,14:28:40,62.4,68.55,1250,71.25,1250,0,0
HDFC27Feb202400PE.NFO,07/01/2020,14:28:43,62.4,68.55,1250,70.95,1250,0,0
HDFC27Feb202400PE.NFO,07/01/2020,14:28:49,62.4,68.55,1250,71,1250,0,0
HDFC27Feb202400PE.NFO,07/01/2020,14:28:52,62.4,68.55,1250,70.7,1250,0,0
HDFC27Feb202400PE.NFO,07/01/2020,14:28:55,62.4,68.55,1250,70.8,1250,0,0
HDFC27Feb202400PE.NFO,07/01/2020,14:28:58,62.4,68.5,1250,70.55,1250,0,0
HDFC27Feb202400PE.NFO,07/01/2020,14:29:02,62.4,68.5,1250,70.6,1250,0,0
HDFC27Feb202400PE.NFO,07/01/2020,14:29:06,62.4,68.5,1250,70.65,1250,0,0
HDFC27Feb202400PE.NFO,07/01/2020,14:29:12,62.4,68.5,1250,70.6,1250,0,0
HDFC27Feb202400PE.NFO,07/01/2020,14:29:18,62.4,67.4,1250,70.6,1250,0,0
HDFC27Feb202400PE.NFO,07/01/2020,14:29:23,62.4,68,1250,70.35,1250,0,0
HDFC27Feb202400PE.NFO,07/01/2020,14:29:27,62.4,68.5,1250,71,1250,0,0
HDFC27Feb202400PE.NFO,07/01/2020,14:29:30,62.4,68.5,1250,70.6,1250,0,0
HDFC27Feb202400PE.NFO,07/01/2020,14:29:34,62.4,68.5,1250,70.5,1250,0,0
HDFC27Feb202400PE.NFO,07/01/2020,14:29:37,62.4,68.5,1250,71.25,1250,0,0
HDFC27Feb202400PE.NFO,07/01/2020,14:29:40,62.4,68.5,1250,70.55,1250,0,0
HDFC27Feb202400PE.NFO,07/01/2020,14:29:43,62.4,68.35,1250,70.9,1250,0,0
HDFC27Feb202400PE.NFO,07/01/2020,14:29:47,62.4,68.35,1250,70.35,1250,0,0
HDFC27Feb202400PE.NFO,07/01/2020,14:29:50,62.4,68.35,1250,70.4,1250,0,0
HDFC27Feb202400PE.NFO,07/01/2020,14:29:53,62.4,68.35,1250,71.75,1250,0,0
HDFC27Feb202400PE.NFO,07/01/2020,14:29:55,62.4,68.35,1250,70.55,1250,0,0
HDFC27Feb202400PE.NFO,07/01/2020,14:29:58,62.4,68.9,1250,71.05,1250,0,0
HDFC27Feb202400PE.NFO,07/01/2020,14:30:06,62.4,68.8,1250,71.05,1250,0,0
HDFC27Feb202400PE.NFO,07/01/2020,14:30:10,62.4,68.75,1250,71.4,1250,0,0
HDFC27Feb202400PE.NFO,07/01/2020,14:30:13,62.4,68.7,1250,70.75,1250,0,0
HDFC27Feb202400PE.NFO,07/01/2020,14:30:18,62.4,68.7,1250,70.8,1250,0,0
HDFC27Feb202400PE.NFO,07/01/2020,14:30:22,62.4,68.5,1250,70.75,1250,0,0
HDFC27Feb202400PE.NFO,07/01/2020,14:30:28,62.4,66.55,1250,70.6,1250,0,0
HDFC27Feb202400PE.NFO,07/01/2020,14:30:36,62.4,66.85,1250,70.9,1250,0,0
HDFC27Feb202400PE.NFO,07/01/2020,14:30:45,62.4,66.95,1250,70.2,1250,0,0
HDFC27Feb202400PE.NFO,07/01/2020,14:30:53,62.4,66.85,1250,69.05,1250,0,0
HDFC27Feb202400PE.NFO,07/01/2020,14:31:01,62.4,66.75,1250,69.5,1250,0,0
HDFC27Feb202400PE.NFO,07/01/2020,14:31:08,62.4,66.75,1250,68.85,1250,0,0
HDFC27Feb202400PE.NFO,07/01/2020,14:31:15,62.4,65.4,1250,68.25,1250,0,0
HDFC27Feb202400PE.NFO,07/01/2020,14:31:23,62.4,66.05,1250,69.15,1250,0,0
HDFC27Feb202400PE.NFO,07/01/2020,14:31:29,62.4,66.4,1250,69.3,1250,0,0
HDFC27Feb202400PE.NFO,07/01/2020,14:31:36,62.4,66.7,1250,69.35,1250,0,0
HDFC27Feb202400PE.NFO,07/01/2020,14:31:43,62.4,66.7,1250,68.9,1250,0,0
HDFC27Feb202400PE.NFO,07/01/2020,14:31:49,62.4,66.7,1250,69.25,1250,0,0
HDFC27Feb202400PE.NFO,07/01/2020,14:31:54,62.4,66.7,1250,68.9,1250,0,0
HDFC27Feb202400PE.NFO,07/01/2020,14:31:59,62.4,67,1250,73.65,1250,0,0
HDFC27Feb202400PE.NFO,07/01/2020,14:32:06,62.4,67.15,1250,69.5,1250,0,0
HDFC27Feb202400PE.NFO,07/01/2020,14:32:17,62.4,67.15,1250,69.45,1250,0,0
HDFC27Feb202400PE.NFO,07/01/2020,14:32:22,62.4,67.55,1250,76.85,1250,0,0
HDFC27Feb202400PE.NFO,07/01/2020,14:32:29,62.4,67.55,1250,70.8,1250,0,0
HDFC27Feb202400PE.NFO,07/01/2020,14:32:35,62.4,67.3,1250,69.7,1250,0,0
HDFC27Feb202400PE.NFO,07/01/2020,14:32:40,62.4,67.55,1250,69.55,1250,0,0
HDFC27Feb202400PE.NFO,07/01/2020,14:32:45,62.4,67.4,1250,69.3,1250,0,0
HDFC27Feb202400PE.NFO,07/01/2020,14:32:50,62.4,67.4,1250,70.05,1250,0,0
HDFC27Feb202400PE.NFO,07/01/2020,14:32:55,62.4,67.15,1250,69.2,1250,0,0
HDFC27Feb202400PE.NFO,07/01/2020,14:33:00,62.4,67.15,1250,69.95,1250,0,0
HDFC27Feb202400PE.NFO,07/01/2020,14:33:05,62.4,67,1250,70.15,1250,0,0
HDFC27Feb202400PE.NFO,07/01/2020,14:33:11,62.4,66.6,1250,69.4,1250,0,0
HDFC27Feb202400PE.NFO,07/01/2020,14:33:17,62.4,66.6,1250,69.5,1250,0,0
HDFC27Feb202400PE.NFO,07/01/2020,14:33:23,62.4,67.05,1250,70.35,1250,0,0
HDFC27Feb202400PE.NFO,07/01/2020,14:33:29,62.4,66.95,1250,69.25,1250,0,0
HDFC27Feb202400PE.NFO,07/01/2020,14:33:35,62.4,66.95,1250,69.05,1250,0,0
HDFC27Feb202400PE.NFO,07/01/2020,14:33:40,62.4,66.95,1250,69.1,1250,0,0
HDFC27Feb202400PE.NFO,07/01/2020,14:33:46,62.4,66.95,1250,70.25,1250,0,0
HDFC27Feb202400PE.NFO,07/01/2020,14:33:52,62.4,67.55,1250,70.15,1250,0,0
HDFC27Feb202400PE.NFO,07/01/2020,14:33:59,62.4,67.15,1250,69.3,1250,0,0
HDFC27Feb202400PE.NFO,07/01/2020,14:34:04,62.4,66.85,1250,69.5,1250,0,0
HDFC27Feb202400PE.NFO,07/01/2020,14:34:08,62.4,66.85,1250,71.25,1250,0,0
HDFC27Feb202400PE.NFO,07/01/2020,14:34:13,62.4,66.8,1250,69.05,1250,0,0
HDFC27Feb202400PE.NFO,07/01/2020,14:34:18,62.4,67,1250,69.15,1250,0,0
HDFC27Feb202400PE.NFO,07/01/2020,14:34:23,62.4,67,1250,69.05,1250,0,0
HDFC27Feb202400PE.NFO,07/01/2020,14:34:28,62.4,67,1250,69.3,1250,0,0
HDFC27Feb202400PE.NFO,07/01/2020,14:34:33,62.4,67,1250,70.5,1250,0,0
HDFC27Feb202400PE.NFO,07/01/2020,14:34:38,62.4,67.4,1250,69.55,1250,0,0
HDFC27Feb202400PE.NFO,07/01/2020,14:34:50,62.4,67.4,1250,69.75,1250,0,0
HDFC27Feb202400PE.NFO,07/01/2020,14:34:55,62.4,67.4,1250,69.5,1250,0,0
HDFC27Feb202400PE.NFO,07/01/2020,14:35:00,62.4,67.4,1250,69.9,1250,0,0
HDFC27Feb202400PE.NFO,07/01/2020,14:35:06,62.4,67.25,1250,69.15,1250,0,0
HDFC27Feb202400PE.NFO,07/01/2020,14:35:12,62.4,67.25,1250,69.55,1250,0,0
HDFC27Feb202400PE.NFO,07/01/2020,14:35:18,62.4,67.55,1250,69.6,1250,0,0
HDFC27Feb202400PE.NFO,07/01/2020,14:35:23,62.4,67.55,1250,71.85,1250,0,0
HDFC27Feb202400PE.NFO,07/01/2020,14:35:30,62.4,67.95,1250,70.3,1250,0,0
HDFC27Feb202400PE.NFO,07/01/2020,14:35:37,62.4,68.1,1250,70.45,1250,0,0
HDFC27Feb202400PE.NFO,07/01/2020,14:35:43,62.4,68.1,1250,70.6,1250,0,0
HDFC27Feb202400PE.NFO,07/01/2020,14:35:48,62.4,68.15,1250,71.35,1250,0,0
HDFC27Feb202400PE.NFO,07/01/2020,14:35:53,62.4,67.65,1250,69.95,1250,0,0
HDFC27Feb202400PE.NFO,07/01/2020,14:35:58,62.4,67.6,1250,70.15,1250,0,0
HDFC27Feb202400PE.NFO,07/01/2020,14:36:03,62.4,67.6,1250,70.05,1250,0,0
HDFC27Feb202400PE.NFO,07/01/2020,14:36:09,62.4,67.5,1250,70.95,1250,0,0
HDFC27Feb202400PE.NFO,07/01/2020,14:36:14,62.4,68.05,1250,70.2,1250,0,0
HDFC27Feb202400PE.NFO,07/01/2020,14:36:20,62.4,68.05,1250,70.3,1250,0,0
HDFC27Feb202400PE.NFO,07/01/2020,14:36:25,62.4,68.05,1250,70.7,1250,0,0
HDFC27Feb202400PE.NFO,07/01/2020,14:36:31,62.4,67.95,1250,70.15,1250,0,0
HDFC27Feb202400PE.NFO,07/01/2020,14:36:36,62.4,67.95,1250,70.55,1250,0,0
HDFC27Feb202400PE.NFO,07/01/2020,14:36:40,62.4,67.95,1250,70.1,1250,0,0
HDFC27Feb202400PE.NFO,07/01/2020,14:36:50,62.4,67.95,1250,70.15,1250,0,0
HDFC27Feb202400PE.NFO,07/01/2020,14:36:55,62.4,67.95,1250,75.65,1250,0,0
HDFC27Feb202400PE.NFO,07/01/2020,14:36:59,62.4,68.2,1250,71.4,1250,0,0
HDFC27Feb202400PE.NFO,07/01/2020,14:37:03,62.4,68.1,1250,70.5,1250,0,0
HDFC27Feb202400PE.NFO,07/01/2020,14:37:08,62.4,68.1,1250,71.45,1250,0,0
HDFC27Feb202400PE.NFO,07/01/2020,14:37:13,62.4,68.1,1250,71.85,1250,0,0
HDFC27Feb202400PE.NFO,07/01/2020,14:37:18,62.4,68.6,1250,72.65,1250,0,0
HDFC27Feb202400PE.NFO,07/01/2020,14:37:23,62.4,68.55,1250,70.35,1250,0,0
HDFC27Feb202400PE.NFO,07/01/2020,14:37:28,62.4,68.25,1250,70.95,1250,0,0
HDFC27Feb202400PE.NFO,07/01/2020,14:37:33,62.4,68.1,1250,70.85,1250,0,0
HDFC27Feb202400PE.NFO,07/01/2020,14:37:38,62.4,67.5,1250,71,1250,0,0
HDFC27Feb202400PE.NFO,07/01/2020,14:37:44,62.4,68.15,1250,70.8,1250,0,0
HDFC27Feb202400PE.NFO,07/01/2020,14:37:50,62.4,57.2,4500,80.05,4000,0,0
HDFC27Feb202400PE.NFO,07/01/2020,14:38:17,62.4,67.85,1250,69.7,1250,0,0
HDFC27Feb202400PE.NFO,07/01/2020,14:38:21,62.4,67.85,1250,71,1250,0,0
HDFC27Feb202400PE.NFO,07/01/2020,14:38:27,62.4,67.85,1250,70.2,1250,0,0
HDFC27Feb202400PE.NFO,07/01/2020,14:38:32,62.4,67.85,1250,70.25,1250,0,0
HDFC27Feb202400PE.NFO,07/01/2020,14:38:37,62.4,67.85,1250,72.45,1250,0,0
HDFC27Feb202400PE.NFO,07/01/2020,14:38:42,62.4,67.55,1250,70.35,1250,0,0
HDFC27Feb202400PE.NFO,07/01/2020,14:38:49,62.4,67.9,1250,69.95,1250,0,0
HDFC27Feb202400PE.NFO,07/01/2020,14:38:55,62.4,67.9,1250,70.15,1250,0,0
HDFC27Feb202400PE.NFO,07/01/2020,14:39:00,62.4,67.9,1250,71.8,1250,0,0
HDFC27Feb202400PE.NFO,07/01/2020,14:39:05,62.4,67.9,1250,72.9,1250,0,0
HDFC27Feb202400PE.NFO,07/01/2020,14:39:10,62.4,67.9,1250,70.1,1250,0,0
HDFC27Feb202400PE.NFO,07/01/2020,14:39:15,62.4,68.3,1250,70.2,1250,0,0
HDFC27Feb202400PE.NFO,07/01/2020,14:39:21,62.4,67.2,1250,69.65,1250,0,0
HDFC27Feb202400PE.NFO,07/01/2020,14:39:29,62.4,67.05,1250,69.85,1250,0,0
HDFC27Feb202400PE.NFO,07/01/2020,14:39:36,62.4,67.3,1250,77,1750,0,0
HDFC27Feb202400PE.NFO,07/01/2020,14:39:42,62.4,67.15,1250,69.35,1250,0,0
HDFC27Feb202400PE.NFO,07/01/2020,14:39:47,62.4,67.15,1250,69.25,1250,0,0
HDFC27Feb202400PE.NFO,07/01/2020,14:39:53,62.4,67.05,1250,69.25,1250,0,0
HDFC27Feb202400PE.NFO,07/01/2020,14:39:58,62.4,67.05,1250,69.35,1250,0,0
HDFC27Feb202400PE.NFO,07/01/2020,14:40:03,62.4,67.25,1250,69.4,1250,0,0
HDFC27Feb202400PE.NFO,07/01/2020,14:40:08,62.4,67.25,1250,69.55,1250,0,0
HDFC27Feb202400PE.NFO,07/01/2020,14:40:12,62.4,67.25,1250,69.35,1250,0,0
HDFC27Feb202400PE.NFO,07/01/2020,14:40:17,62.4,67.25,1250,71.1,1250,0,0
HDFC27Feb202400PE.NFO,07/01/2020,14:40:21,62.4,67.6,1250,69.8,1250,0,0
HDFC27Feb202400PE.NFO,07/01/2020,14:40:25,62.4,67.55,1250,69.75,1250,0,0
HDFC27Feb202400PE.NFO,07/01/2020,14:40:40,62.4,67.5,1250,69.65,1250,0,0
HDFC27Feb202400PE.NFO,07/01/2020,14:40:49,62.4,67.5,1250,69.45,1250,0,0
HDFC27Feb202400PE.NFO,07/01/2020,14:40:57,62.4,67.45,1250,69.25,1250,0,0
HDFC27Feb202400PE.NFO,07/01/2020,14:41:01,62.4,67.15,1250,71.5,1250,0,0
HDFC27Feb202400PE.NFO,07/01/2020,14:41:05,62.4,67.55,1250,69.6,1250,0,0
HDFC27Feb202400PE.NFO,07/01/2020,14:41:10,62.4,67.5,1250,69.7,1250,0,0
HDFC27Feb202400PE.NFO,07/01/2020,14:41:19,62.4,67.5,1250,69.6,1250,0,0
HDFC27Feb202400PE.NFO,07/01/2020,14:41:33,62.4,66.9,1250,70.4,1250,0,0
HDFC27Feb202400PE.NFO,07/01/2020,14:41:39,62.4,67.35,1250,69.3,1250,0,0
HDFC27Feb202400PE.NFO,07/01/2020,14:41:44,62.4,66.95,1250,69.05,1250,0,0
HDFC27Feb202400PE.NFO,07/01/2020,14:41:49,62.4,66.95,1250,68.9,1250,0,0
HDFC27Feb202400PE.NFO,07/01/2020,14:41:53,62.4,66.95,1250,69.75,1250,0,0
HDFC27Feb202400PE.NFO,07/01/2020,14:41:58,62.4,66.95,1250,69.4,1250,0,0
HDFC27Feb202400PE.NFO,07/01/2020,14:42:04,62.4,57.2,4500,77,500,0,0
HDFC27Feb202400PE.NFO,07/01/2020,14:42:33,62.4,67.45,1250,69.45,1250,0,0
HDFC27Feb202400PE.NFO,07/01/2020,14:42:37,62.4,67.45,1250,69.5,1250,0,0
HDFC27Feb202400PE.NFO,07/01/2020,14:42:52,62.4,67.45,1250,70.55,1250,0,0
HDFC27Feb202400PE.NFO,07/01/2020,14:42:57,62.4,67.9,1250,71.3,1250,0,0
HDFC27Feb202400PE.NFO,07/01/2020,14:43:03,62.4,67.9,1250,72,1250,0,0
HDFC27Feb202400PE.NFO,07/01/2020,14:43:08,62.4,68.35,1250,70.45,1250,0,0
HDFC27Feb202400PE.NFO,07/01/2020,14:43:13,62.4,68.2,1250,70.3,1250,0,0
HDFC27Feb202400PE.NFO,07/01/2020,14:43:23,62.4,68.2,1250,70.35,1250,0,0
HDFC27Feb202400PE.NFO,07/01/2020,14:43:28,62.4,68.2,1250,70.85,1250,0,0
HDFC27Feb202400PE.NFO,07/01/2020,14:43:33,62.4,68.1,1250,71.6,1250,0,0
HDFC27Feb202400PE.NFO,07/01/2020,14:43:38,62.4,67.75,1250,72.5,1250,0,0
HDFC27Feb202400PE.NFO,07/01/2020,14:43:44,62.4,68.3,1250,70.55,1250,0,0
HDFC27Feb202400PE.NFO,07/01/2020,14:43:49,62.4,68.3,1250,70.65,1250,0,0
HDFC27Feb202400PE.NFO,07/01/2020,14:43:54,62.4,68.3,1250,70.6,1250,0,0
HDFC27Feb202400PE.NFO,07/01/2020,14:43:59,62.4,68.15,1250,70.2,1250,0,0
HDFC27Feb202400PE.NFO,07/01/2020,14:44:06,62.4,67.9,1250,70.25,1250,0,0
HDFC27Feb202400PE.NFO,07/01/2020,14:44:11,62.4,67.9,1250,70.85,1250,0,0
HDFC27Feb202400PE.NFO,07/01/2020,14:44:16,62.4,67.9,1250,70.1,1250,0,0
HDFC27Feb202400PE.NFO,07/01/2020,14:44:20,62.4,67.9,1250,70.25,1250,0,0
HDFC27Feb202400PE.NFO,07/01/2020,14:44:24,62.4,67.9,1250,70.35,1250,0,0
HDFC27Feb202400PE.NFO,07/01/2020,14:44:28,62.4,67.85,1250,70.25,1250,0,0
HDFC27Feb202400PE.NFO,07/01/2020,14:44:33,62.4,67.85,1250,70.65,1250,0,0
HDFC27Feb202400PE.NFO,07/01/2020,14:44:39,62.4,67.85,1250,69.95,1250,0,0
HDFC27Feb202400PE.NFO,07/01/2020,14:44:44,62.4,67.45,1250,69.5,1250,0,0
HDFC27Feb202400PE.NFO,07/01/2020,14:44:48,62.4,67.45,1250,69.4,1250,0,0
HDFC27Feb202400PE.NFO,07/01/2020,14:44:56,62.4,67.35,1250,71.1,1250,0,0
HDFC27Feb202400PE.NFO,07/01/2020,14:45:01,62.4,67.35,1250,69.45,1250,0,0
HDFC27Feb202400PE.NFO,07/01/2020,14:45:07,62.4,67.95,1250,73.65,1250,0,0
HDFC27Feb202400PE.NFO,07/01/2020,14:45:16,62.4,67.9,1250,71.65,1250,0,0
HDFC27Feb202400PE.NFO,07/01/2020,14:45:24,62.4,68.7,1250,71.75,1250,0,0
HDFC27Feb202400PE.NFO,07/01/2020,14:45:31,62.4,68.7,1250,72.05,1250,0,0
HDFC27Feb202400PE.NFO,07/01/2020,14:45:38,62.4,68.55,1250,72.05,1250,0,0
HDFC27Feb202400PE.NFO,07/01/2020,14:45:43,62.4,68.15,1250,72.15,1250,0,0
HDFC27Feb202400PE.NFO,07/01/2020,14:45:49,62.4,68.6,1250,70.6,1250,0,0
HDFC27Feb202400PE.NFO,07/01/2020,14:45:55,62.4,68.3,1250,72.45,1250,0,0
HDFC27Feb202400PE.NFO,07/01/2020,14:46:03,62.4,68.15,1250,70.8,1250,0,0
HDFC27Feb202400PE.NFO,07/01/2020,14:46:10,62.4,67.65,1250,70.35,1250,0,0
HDFC27Feb202400PE.NFO,07/01/2020,14:46:17,62.4,67.35,1250,70.6,1250,0,0
HDFC27Feb202400PE.NFO,07/01/2020,14:46:23,62.4,67.35,1250,69.55,1250,0,0
HDFC27Feb202400PE.NFO,07/01/2020,14:46:28,62.4,67.1,1250,69.05,1250,0,0
HDFC27Feb202400PE.NFO,07/01/2020,14:46:33,62.4,66.75,1250,69.1,1250,0,0
HDFC27Feb202400PE.NFO,07/01/2020,14:46:38,62.4,66.65,1250,68.8,1250,0,0
HDFC27Feb202400PE.NFO,07/01/2020,14:46:44,62.4,66.5,1250,70.8,1250,0,0
HDFC27Feb202400PE.NFO,07/01/2020,14:46:51,62.4,66.4,1250,68.7,1250,0,0
HDFC27Feb202400PE.NFO,07/01/2020,14:46:57,62.4,66.4,1250,68.5,1250,0,0
HDFC27Feb202400PE.NFO,07/01/2020,14:47:03,62.4,66.95,1250,70.5,1250,0,0
HDFC27Feb202400PE.NFO,07/01/2020,14:47:09,62.4,66.4,1250,68.9,1250,0,0
HDFC27Feb202400PE.NFO,07/01/2020,14:47:15,62.4,66.35,1250,68.65,1250,0,0
HDFC27Feb202400PE.NFO,07/01/2020,14:47:21,62.4,66.75,1250,68.75,1250,0,0
HDFC27Feb202400PE.NFO,07/01/2020,14:47:27,62.4,66.5,1250,71.05,1250,0,0
HDFC27Feb202400PE.NFO,07/01/2020,14:47:33,62.4,67.05,1250,69.1,1250,0,0
HDFC27Feb202400PE.NFO,07/01/2020,14:47:38,62.4,66.95,1250,69.7,1250,0,0
HDFC27Feb202400PE.NFO,07/01/2020,14:47:43,62.4,66.95,1250,69.75,1250,0,0
HDFC27Feb202400PE.NFO,07/01/2020,14:47:47,62.4,66.9,1250,70.35,1250,0,0
HDFC27Feb202400PE.NFO,07/01/2020,14:47:52,62.4,66.9,1250,69.1,1250,0,0
HDFC27Feb202400PE.NFO,07/01/2020,14:48:01,62.4,66.65,1250,68.9,1250,0,0
HDFC27Feb202400PE.NFO,07/01/2020,14:48:06,62.4,66.65,1250,68.75,1250,0,0
HDFC27Feb202400PE.NFO,07/01/2020,14:48:11,62.4,66.5,1250,69.35,1250,0,0
HDFC27Feb202400PE.NFO,07/01/2020,14:48:17,62.4,66.45,1250,68.7,1250,0,0
HDFC27Feb202400PE.NFO,07/01/2020,14:48:22,62.4,66.45,1250,68.35,1250,0,0
HDFC27Feb202400PE.NFO,07/01/2020,14:48:27,62.4,67,1250,69.55,1250,0,0
HDFC27Feb202400PE.NFO,07/01/2020,14:48:33,62.4,66.4,1250,68.7,1250,0,0
HDFC27Feb202400PE.NFO,07/01/2020,14:48:39,62.4,66.2,1250,70,1250,0,0
HDFC27Feb202400PE.NFO,07/01/2020,14:48:44,62.4,66.2,1250,68.35,1250,0,0
HDFC27Feb202400PE.NFO,07/01/2020,14:48:53,62.4,66.2,1250,69.1,1250,0,0
HDFC27Feb202400PE.NFO,07/01/2020,14:48:57,62.4,66.2,1250,68.5,1250,0,0
HDFC27Feb202400PE.NFO,07/01/2020,14:49:01,62.4,66.7,1250,69.2,1250,0,0
HDFC27Feb202400PE.NFO,07/01/2020,14:49:06,62.4,66.7,1250,69.85,1250,0,0
HDFC27Feb202400PE.NFO,07/01/2020,14:49:11,62.4,66.7,1250,69.6,1250,0,0
HDFC27Feb202400PE.NFO,07/01/2020,14:49:17,62.4,66.7,1250,72.35,1250,0,0
HDFC27Feb202400PE.NFO,07/01/2020,14:49:21,62.4,66.7,1250,69,1250,0,0
HDFC27Feb202400PE.NFO,07/01/2020,14:49:25,62.4,66.7,1250,69.05,1250,0,0
HDFC27Feb202400PE.NFO,07/01/2020,14:49:34,62.4,57.2,4500,80.05,4500,0,0
HDFC27Feb202400PE.NFO,07/01/2020,14:50:04,62.4,65.7,1250,68.45,1250,0,0
HDFC27Feb202400PE.NFO,07/01/2020,14:50:08,62.4,65.7,1250,68.4,1250,0,0
HDFC27Feb202400PE.NFO,07/01/2020,14:50:14,62.4,66.15,1250,68.25,1250,0,0
HDFC27Feb202400PE.NFO,07/01/2020,14:50:20,62.4,66.15,1250,69.4,1250,0,0
HDFC27Feb202400PE.NFO,07/01/2020,14:50:26,62.4,66.05,1250,69.15,1250,0,0
HDFC27Feb202400PE.NFO,07/01/2020,14:50:30,62.4,66,1250,68.05,1250,0,0
HDFC27Feb202400PE.NFO,07/01/2020,14:50:42,62.4,65.95,1250,68.15,1250,0,0
HDFC27Feb202400PE.NFO,07/01/2020,14:50:47,62.4,65.95,1250,68.85,1250,0,0
HDFC27Feb202400PE.NFO,07/01/2020,14:50:53,62.4,65.75,1250,69.3,1250,0,0
HDFC27Feb202400PE.NFO,07/01/2020,14:50:58,62.4,57.2,4000,80.05,4500,0,0
HDFC27Feb202400PE.NFO,07/01/2020,14:51:27,62.4,65.85,1250,68,1250,0,0
HDFC27Feb202400PE.NFO,07/01/2020,14:51:32,62.4,65.7,1250,67.7,1250,0,0
HDFC27Feb202400PE.NFO,07/01/2020,14:51:37,62.4,65.7,1250,67.8,1250,0,0
HDFC27Feb202400PE.NFO,07/01/2020,14:51:42,62.4,65.35,1250,67.75,1250,0,0
HDFC27Feb202400PE.NFO,07/01/2020,14:51:52,62.4,65.8,1250,68.45,1250,0,0
HDFC27Feb202400PE.NFO,07/01/2020,14:51:56,62.4,65.8,1250,67.85,1250,0,0
HDFC27Feb202400PE.NFO,07/01/2020,14:52:00,62.4,57.2,4000,80.05,4500,0,0
HDFC27Feb202400PE.NFO,07/01/2020,14:52:27,62.4,65.65,1250,67.85,1250,0,0
HDFC27Feb202400PE.NFO,07/01/2020,14:52:32,62.4,65.65,1250,67.95,1250,0,0
HDFC27Feb202400PE.NFO,07/01/2020,14:52:48,62.4,65.65,1250,67.65,1250,0,0
HDFC27Feb202400PE.NFO,07/01/2020,14:52:52,62.4,65.95,1250,67.75,1250,0,0
HDFC27Feb202400PE.NFO,07/01/2020,14:52:56,62.4,65.9,1250,68.45,1250,0,0
HDFC27Feb202400PE.NFO,07/01/2020,14:53:01,62.4,64.6,1250,68.4,1250,0,0
HDFC27Feb202400PE.NFO,07/01/2020,14:53:09,62.4,65.55,1250,67.65,1250,0,0
HDFC27Feb202400PE.NFO,07/01/2020,14:53:15,62.4,65.35,1250,67.8,1250,0,0
HDFC27Feb202400PE.NFO,07/01/2020,14:53:22,62.4,65.4,1250,69.1,1250,0,0
HDFC27Feb202400PE.NFO,07/01/2020,14:53:31,62.4,64.5,1250,67.05,1250,0,0
HDFC27Feb202400PE.NFO,07/01/2020,14:53:38,62.4,64.75,1250,67,1250,0,0
HDFC27Feb202400PE.NFO,07/01/2020,14:53:45,62.4,63.15,1250,66.9,1250,0,0
HDFC27Feb202400PE.NFO,07/01/2020,14:53:52,62.4,63.9,1250,68.65,1250,0,0
HDFC27Feb202400PE.NFO,07/01/2020,14:53:59,62.4,63.9,1250,66.9,1250,0,0
HDFC27Feb202400PE.NFO,07/01/2020,14:54:06,62.4,64.75,1250,67.3,1250,0,0
HDFC27Feb202400PE.NFO,07/01/2020,14:54:12,62.4,64.7,1250,66.85,1250,0,0
HDFC27Feb202400PE.NFO,07/01/2020,14:54:17,62.4,65.3,1250,67.15,1250,0,0
HDFC27Feb202400PE.NFO,07/01/2020,14:54:23,62.4,65.1,1250,68.6,1250,0,0
HDFC27Feb202400PE.NFO,07/01/2020,14:54:29,62.4,65.1,1250,67.4,1250,0,0
HDFC27Feb202400PE.NFO,07/01/2020,14:54:36,62.4,65.2,1250,67.85,1250,0,0
HDFC27Feb202400PE.NFO,07/01/2020,14:54:43,62.4,65.2,1250,67.1,1250,0,0
HDFC27Feb202400PE.NFO,07/01/2020,14:54:49,62.4,64.85,1250,66.95,1250,0,0
HDFC27Feb202400PE.NFO,07/01/2020,14:54:54,62.4,64.65,1250,66.85,1250,0,0
HDFC27Feb202400PE.NFO,07/01/2020,14:55:05,62.4,64.35,1250,66.6,1250,0,0
HDFC27Feb202400PE.NFO,07/01/2020,14:55:11,62.4,64.75,1250,67.3,1250,0,0
HDFC27Feb202400PE.NFO,07/01/2020,14:55:16,62.4,64.35,1250,66.45,1250,0,0
HDFC27Feb202400PE.NFO,07/01/2020,14:55:20,62.4,64.35,1250,66.7,1250,0,0
HDFC27Feb202400PE.NFO,07/01/2020,14:55:30,62.4,64.9,1250,66.65,1250,0,0
HDFC27Feb202400PE.NFO,07/01/2020,14:55:35,62.4,64.85,1250,67.5,1250,0,0
HDFC27Feb202400PE.NFO,07/01/2020,14:55:40,62.4,64.85,1250,68.1,1250,0,0
HDFC27Feb202400PE.NFO,07/01/2020,14:55:45,62.4,64.8,1250,67.55,1250,0,0
HDFC27Feb202400PE.NFO,07/01/2020,14:55:49,62.4,64.8,1250,66.75,1250,0,0
HDFC27Feb202400PE.NFO,07/01/2020,14:56:06,62.4,65.1,1250,67.1,1250,0,0
HDFC27Feb202400PE.NFO,07/01/2020,14:56:13,62.4,65,1250,67.15,1250,0,0
HDFC27Feb202400PE.NFO,07/01/2020,14:56:18,62.4,65,1250,67.55,1250,0,0
HDFC27Feb202400PE.NFO,07/01/2020,14:56:24,62.4,65,1250,67.9,1250,0,0
HDFC27Feb202400PE.NFO,07/01/2020,14:56:29,62.4,65.35,1250,68.75,1250,0,0
HDFC27Feb202400PE.NFO,07/01/2020,14:56:34,62.4,65.3,1250,67.5,1250,0,0
HDFC27Feb202400PE.NFO,07/01/2020,14:56:39,62.4,65.3,1250,67.2,1250,0,0
HDFC27Feb202400PE.NFO,07/01/2020,14:56:44,62.4,65.1,1250,67.2,1250,0,0
HDFC27Feb202400PE.NFO,07/01/2020,14:56:48,62.4,65.1,1250,66.9,1250,0,0
HDFC27Feb202400PE.NFO,07/01/2020,14:56:57,62.4,65,1250,67.1,1250,0,0
HDFC27Feb202400PE.NFO,07/01/2020,14:57:01,62.4,65,1250,67.25,1250,0,0
HDFC27Feb202400PE.NFO,07/01/2020,14:57:06,62.4,65,1250,68.7,1250,0,0
HDFC27Feb202400PE.NFO,07/01/2020,14:57:12,62.4,64.95,1250,67.7,1250,0,0
HDFC27Feb202400PE.NFO,07/01/2020,14:57:17,62.4,64.95,1250,67,1250,0,0
HDFC27Feb202400PE.NFO,07/01/2020,14:57:28,62.4,64.95,1250,67.25,1250,0,0
HDFC27Feb202400PE.NFO,07/01/2020,14:57:33,62.4,65.1,1250,68.45,1250,0,0
HDFC27Feb202400PE.NFO,07/01/2020,14:57:39,62.4,64.8,1250,68,1250,0,0
HDFC27Feb202400PE.NFO,07/01/2020,14:57:44,62.4,64.75,1250,66.9,1250,0,0
HDFC27Feb202400PE.NFO,07/01/2020,14:57:48,62.4,64.75,1250,66.85,1250,0,0
HDFC27Feb202400PE.NFO,07/01/2020,14:58:02,62.4,64.75,1250,66.95,1250,0,0
HDFC27Feb202400PE.NFO,07/01/2020,14:58:07,62.4,64.75,1250,67,1250,0,0
HDFC27Feb202400PE.NFO,07/01/2020,14:58:12,62.4,64.75,1250,66.9,1250,0,0
HDFC27Feb202400PE.NFO,07/01/2020,14:58:26,62.4,64.75,1250,66.8,1250,0,0
HDFC27Feb202400PE.NFO,07/01/2020,14:58:31,62.4,64.75,1250,67.1,1250,0,0
HDFC27Feb202400PE.NFO,07/01/2020,14:58:36,62.4,64.75,1250,67,1250,0,0
HDFC27Feb202400PE.NFO,07/01/2020,14:58:53,62.4,65.3,1250,67.1,1250,0,0
HDFC27Feb202400PE.NFO,07/01/2020,14:58:58,62.4,65.25,1250,67.4,1250,0,0
HDFC27Feb202400PE.NFO,07/01/2020,14:59:03,62.4,65.65,1250,70.95,1250,0,0
HDFC27Feb202400PE.NFO,07/01/2020,14:59:10,62.4,65.15,1250,67.4,1250,0,0
HDFC27Feb202400PE.NFO,07/01/2020,14:59:17,62.4,65.6,1250,69.4,1250,0,0
HDFC27Feb202400PE.NFO,07/01/2020,14:59:23,62.4,65.6,1250,67.75,1250,0,0
HDFC27Feb202400PE.NFO,07/01/2020,14:59:31,62.4,65.6,1250,67.9,1250,0,0
HDFC27Feb202400PE.NFO,07/01/2020,14:59:36,62.4,65.6,1250,68,1250,0,0
HDFC27Feb202400PE.NFO,07/01/2020,14:59:50,62.4,65.6,1250,67.9,1250,0,0
HDFC27Feb202400PE.NFO,07/01/2020,14:59:58,62.4,65.85,1250,67.45,1250,0,0
HDFC27Feb202400PE.NFO,07/01/2020,15:00:07,62.4,64.2,1250,67.65,1250,0,0
HDFC27Feb202400PE.NFO,07/01/2020,15:00:16,62.4,64.55,1250,66.65,1250,0,0
HDFC27Feb202400PE.NFO,07/01/2020,15:00:24,62.4,65,1250,68.85,1250,0,0
HDFC27Feb202400PE.NFO,07/01/2020,15:00:31,62.4,64.8,1250,66.4,1250,0,0
HDFC27Feb202400PE.NFO,07/01/2020,15:00:37,62.4,64.7,1250,66.15,1250,0,0
HDFC27Feb202400PE.NFO,07/01/2020,15:00:43,62.4,64.65,1250,66.35,1250,0,0
HDFC27Feb202400PE.NFO,07/01/2020,15:00:49,62.4,65.05,1250,66.6,1250,0,0
HDFC27Feb202400PE.NFO,07/01/2020,15:00:55,62.4,65.05,1250,66.7,1250,0,0
HDFC27Feb202400PE.NFO,07/01/2020,15:01:00,62.4,64.95,1250,67.15,1250,0,0
HDFC27Feb202400PE.NFO,07/01/2020,15:01:06,62.4,64.45,1250,67.5,1250,0,0
HDFC27Feb202400PE.NFO,07/01/2020,15:01:11,62.4,64.2,1250,66.5,1250,0,0
HDFC27Feb202400PE.NFO,07/01/2020,15:01:16,62.4,49.7,4500,65.8,1250,0,0
HDFC27Feb202400PE.NFO,07/01/2020,15:01:22,62.4,49.7,4500,80.05,4500,0,0
HDFC27Feb202400PE.NFO,07/01/2020,15:01:47,62.4,64.15,1250,65.8,1250,0,0
HDFC27Feb202400PE.NFO,07/01/2020,15:01:53,62.4,64.55,1250,66.95,1250,0,0
HDFC27Feb202400PE.NFO,07/01/2020,15:01:57,62.4,64.55,1250,66.2,1250,0,0
HDFC27Feb202400PE.NFO,07/01/2020,15:02:01,62.4,64.55,1250,66.15,1250,0,0
HDFC27Feb202400PE.NFO,07/01/2020,15:02:06,62.4,64.45,1250,66.2,1250,0,0
HDFC27Feb202400PE.NFO,07/01/2020,15:02:12,62.4,64.7,1250,66.5,1250,0,0
HDFC27Feb202400PE.NFO,07/01/2020,15:02:18,62.4,65.2,1250,67.85,1250,0,0
HDFC27Feb202400PE.NFO,07/01/2020,15:02:24,62.4,65.05,1250,67.5,1250,0,0
HDFC27Feb202400PE.NFO,07/01/2020,15:02:30,62.4,65.05,1250,66.7,1250,0,0
HDFC27Feb202400PE.NFO,07/01/2020,15:02:35,62.4,65.05,1250,66.8,1250,0,0
HDFC27Feb202400PE.NFO,07/01/2020,15:02:40,62.4,65.05,1250,66.85,1250,0,0
HDFC27Feb202400PE.NFO,07/01/2020,15:02:44,62.4,65.35,1250,68.05,1250,0,0
HDFC27Feb202400PE.NFO,07/01/2020,15:02:49,62.4,65.65,1250,67.8,1250,0,0
HDFC27Feb202400PE.NFO,07/01/2020,15:02:55,62.4,65.3,1250,68.75,1250,0,0
HDFC27Feb202400PE.NFO,07/01/2020,15:03:01,62.4,65.3,1250,67.15,1250,0,0
HDFC27Feb202400PE.NFO,07/01/2020,15:03:06,62.4,66.1,1250,68.85,1250,0,0
HDFC27Feb202400PE.NFO,07/01/2020,15:03:11,62.4,66.1,1250,68.45,1250,0,0
HDFC27Feb202400PE.NFO,07/01/2020,15:03:16,62.4,64.6,1250,69.1,1250,0,0
HDFC27Feb202400PE.NFO,07/01/2020,15:03:22,62.4,65.5,1250,67.75,1250,0,0
HDFC27Feb202400PE.NFO,07/01/2020,15:03:27,62.4,65.5,1250,67.3,1250,0,0
HDFC27Feb202400PE.NFO,07/01/2020,15:03:32,62.4,65.9,1250,68.2,1250,0,0
HDFC27Feb202400PE.NFO,07/01/2020,15:03:37,62.4,65.6,1250,67.95,1250,0,0
HDFC27Feb202400PE.NFO,07/01/2020,15:03:42,62.4,65.3,1250,67.7,1250,0,0
HDFC27Feb202400PE.NFO,07/01/2020,15:03:46,62.4,65.3,1250,66.95,1250,0,0
HDFC27Feb202400PE.NFO,07/01/2020,15:03:53,62.4,64.25,1250,67.45,1250,0,0
HDFC27Feb202400PE.NFO,07/01/2020,15:04:00,62.4,65,1250,66.5,1250,0,0
HDFC27Feb202400PE.NFO,07/01/2020,15:04:07,62.4,65.15,1250,67.25,1250,0,0
HDFC27Feb202400PE.NFO,07/01/2020,15:04:13,62.4,64.85,1250,66.6,1250,0,0
HDFC27Feb202400PE.NFO,07/01/2020,15:04:19,62.4,64.8,1250,66.4,1250,0,0
HDFC27Feb202400PE.NFO,07/01/2020,15:04:25,62.4,64.6,1250,66.1,1250,0,0
HDFC27Feb202400PE.NFO,07/01/2020,15:04:30,62.4,64.6,1250,66.95,1250,0,0
HDFC27Feb202400PE.NFO,07/01/2020,15:04:36,62.4,64.6,1250,66.3,1250,0,0
HDFC27Feb202400PE.NFO,07/01/2020,15:04:41,62.4,64.9,1250,66.4,1250,0,0
HDFC27Feb202400PE.NFO,07/01/2020,15:04:47,62.4,64.7,1250,66.55,1250,0,0
HDFC27Feb202400PE.NFO,07/01/2020,15:04:51,62.4,64.7,1250,67,1250,0,0
HDFC27Feb202400PE.NFO,07/01/2020,15:04:55,62.4,64.7,1250,66.45,1250,0,0
HDFC27Feb202400PE.NFO,07/01/2020,15:05:00,62.4,64.55,1250,66.2,1250,0,0
HDFC27Feb202400PE.NFO,07/01/2020,15:05:04,62.4,64.5,1250,66.2,1250,0,0
HDFC27Feb202400PE.NFO,07/01/2020,15:05:08,62.4,64.5,1250,66.25,1250,0,0
HDFC27Feb202400PE.NFO,07/01/2020,15:05:12,62.4,64.75,1250,66.2,1250,0,0
HDFC27Feb202400PE.NFO,07/01/2020,15:05:16,62.4,64.6,1250,66.2,1250,0,0
HDFC27Feb202400PE.NFO,07/01/2020,15:05:21,62.4,64.15,1250,65.9,1250,0,0
HDFC27Feb202400PE.NFO,07/01/2020,15:05:30,62.4,63.05,1250,65.8,1250,0,0
HDFC27Feb202400PE.NFO,07/01/2020,15:05:35,62.4,63.55,1250,66.25,1250,0,0
HDFC27Feb202400PE.NFO,07/01/2020,15:05:40,62.4,63.55,1250,65.3,1250,0,0
HDFC27Feb202400PE.NFO,07/01/2020,15:05:45,62.4,63.4,1250,66,1250,0,0
HDFC27Feb202400PE.NFO,07/01/2020,15:05:50,62.4,63.3,1250,65.05,1250,0,0
HDFC27Feb202400PE.NFO,07/01/2020,15:05:55,62.4,63.65,1250,66.95,1250,0,0
HDFC27Feb202400PE.NFO,07/01/2020,15:06:00,62.4,63.4,1250,65.05,1250,0,0
HDFC27Feb202400PE.NFO,07/01/2020,15:06:05,62.4,62.9,1250,65.3,1250,0,0
HDFC27Feb202400PE.NFO,07/01/2020,15:06:10,62.4,62.75,1250,64.35,1250,0,0
HDFC27Feb202400PE.NFO,07/01/2020,15:06:16,62.4,62.75,1250,64.4,1250,0,0
HDFC27Feb202400PE.NFO,07/01/2020,15:06:20,62.4,62.75,1250,66.8,1250,0,0
HDFC27Feb202400PE.NFO,07/01/2020,15:06:25,62.4,63.2,1250,64.65,1250,0,0
HDFC27Feb202400PE.NFO,07/01/2020,15:06:30,62.4,63.05,1250,64.65,1250,0,0
HDFC27Feb202400PE.NFO,07/01/2020,15:06:34,62.4,62.95,1250,64.5,1250,0,0
HDFC27Feb202400PE.NFO,07/01/2020,15:06:39,62.4,62.65,1250,65.9,1250,0,0
HDFC27Feb202400PE.NFO,07/01/2020,15:06:44,62.4,62.65,1250,64.2,1250,0,0
HDFC27Feb202400PE.NFO,07/01/2020,15:06:49,62.4,62.4,1250,64.2,1250,0,0
HDFC27Feb202400PE.NFO,07/01/2020,15:06:58,62.4,62.4,1250,64,1250,0,0
HDFC27Feb202400PE.NFO,07/01/2020,15:07:03,62.4,61.85,1250,63.7,1250,0,0
HDFC27Feb202400PE.NFO,07/01/2020,15:07:10,62.4,62.35,1250,64.95,1250,0,0
HDFC27Feb202400PE.NFO,07/01/2020,15:07:16,62.4,61.7,1250,64.15,1250,0,0
HDFC27Feb202400PE.NFO,07/01/2020,15:07:23,62.4,62.6,1250,68.2,1250,0,0
HDFC27Feb202400PE.NFO,07/01/2020,15:07:28,62.4,62.6,1250,66.2,1250,0,0
HDFC27Feb202400PE.NFO,07/01/2020,15:07:33,62.4,62.6,1250,64.3,1250,0,0
HDFC27Feb202400PE.NFO,07/01/2020,15:07:48,62.4,63.05,1250,65.8,1250,0,0
HDFC27Feb202400PE.NFO,07/01/2020,15:07:54,62.4,62.9,1250,64.45,1250,0,0
HDFC27Feb202400PE.NFO,07/01/2020,15:08:00,62.4,62.5,1250,64.15,1250,0,0
HDFC27Feb202400PE.NFO,07/01/2020,15:08:05,62.4,62.25,1250,66.8,1250,0,0
HDFC27Feb202400PE.NFO,07/01/2020,15:08:11,62.4,62.05,1250,63.7,1250,0,0
HDFC27Feb202400PE.NFO,07/01/2020,15:08:16,62.4,62.05,1250,64.35,1250,0,0
HDFC27Feb202400PE.NFO,07/01/2020,15:08:21,62.4,61.75,1250,63.4,1250,0,0
HDFC27Feb202400PE.NFO,07/01/2020,15:08:26,62.4,61.75,1250,64.05,1250,0,0
HDFC27Feb202400PE.NFO,07/01/2020,15:08:38,62.4,62.05,1250,64.2,1250,0,0
HDFC27Feb202400PE.NFO,07/01/2020,15:08:42,62.4,62.05,1250,65.2,1250,0,0
HDFC27Feb202400PE.NFO,07/01/2020,15:08:47,62.4,62.05,1250,63.6,1250,0,0
HDFC27Feb202400PE.NFO,07/01/2020,15:08:51,62.4,62.05,1250,65,1250,0,0
HDFC27Feb202400PE.NFO,07/01/2020,15:08:56,62.4,62.25,1250,65.15,1250,0,0
HDFC27Feb202400PE.NFO,07/01/2020,15:09:00,62.4,62.15,1250,64.35,1250,0,0
HDFC27Feb202400PE.NFO,07/01/2020,15:09:05,62.4,62.1,1250,65.05,1250,0,0
HDFC27Feb202400PE.NFO,07/01/2020,15:09:11,62.4,62.1,1250,64,1250,0,0
HDFC27Feb202400PE.NFO,07/01/2020,15:09:26,62.4,61.75,1250,63.35,1250,0,0
HDFC27Feb202400PE.NFO,07/01/2020,15:09:33,62.4,61.4,1250,63.15,1250,0,0
HDFC27Feb202400PE.NFO,07/01/2020,15:09:39,62.4,61.15,1250,62.85,1250,0,0
HDFC27Feb202400PE.NFO,07/01/2020,15:09:44,62.4,61,1250,62.85,1250,0,0
HDFC27Feb202400PE.NFO,07/01/2020,15:09:50,62.4,61.65,1250,64.15,1250,0,0
HDFC27Feb202400PE.NFO,07/01/2020,15:09:56,62.4,61.5,1250,63.75,1250,0,0
HDFC27Feb202400PE.NFO,07/01/2020,15:10:02,62.4,61.5,1250,63.7,1250,0,0
HDFC27Feb202400PE.NFO,07/01/2020,15:10:08,62.4,61.5,1250,63.8,1250,0,0
HDFC27Feb202400PE.NFO,07/01/2020,15:10:14,62.4,61.7,1250,63.35,1250,0,0
HDFC27Feb202400PE.NFO,07/01/2020,15:10:19,62.4,61.5,1250,63.9,1250,0,0
HDFC27Feb202400PE.NFO,07/01/2020,15:10:25,62.4,61.35,1250,63.5,1250,0,0
HDFC27Feb202400PE.NFO,07/01/2020,15:10:30,62.4,61,1250,63.35,1250,0,0
HDFC27Feb202400PE.NFO,07/01/2020,15:10:35,62.4,61.35,1250,64.1,1250,0,0
HDFC27Feb202400PE.NFO,07/01/2020,15:10:41,62.4,61.2,1250,63,1250,0,0
HDFC27Feb202400PE.NFO,07/01/2020,15:10:45,62.4,61.15,1250,65.45,1250,0,0
HDFC27Feb202400PE.NFO,07/01/2020,15:10:50,62.4,60.95,1250,63.45,1250,0,0
HDFC27Feb202400PE.NFO,07/01/2020,15:10:56,62.4,61.4,1250,63.7,1250,0,0
HDFC27Feb202400PE.NFO,07/01/2020,15:11:02,62.4,58.9,1250,62.45,1250,0,0
HDFC27Feb202400PE.NFO,07/01/2020,15:11:08,62.4,60.6,1250,64.55,1250,0,0
HDFC27Feb202400PE.NFO,07/01/2020,15:11:13,62.4,60.25,1250,62.4,1250,0,0
HDFC27Feb202400PE.NFO,07/01/2020,15:11:20,62.4,60.25,1250,62.5,1250,0,0
HDFC27Feb202400PE.NFO,07/01/2020,15:11:27,62.4,60.65,1250,63.6,1250,0,0
HDFC27Feb202400PE.NFO,07/01/2020,15:11:34,62.4,60.9,1250,63.15,1250,0,0
HDFC27Feb202400PE.NFO,07/01/2020,15:11:41,62.4,49.7,4500,70,250,0,0
HDFC27Feb202400PE.NFO,07/01/2020,15:12:10,62.4,62.3,1250,63.7,1250,0,0
HDFC27Feb202400PE.NFO,07/01/2020,15:12:15,62.4,62.2,1250,64.45,1250,0,0
HDFC27Feb202400PE.NFO,07/01/2020,15:12:19,62.4,62.1,1250,63.75,1250,0,0
HDFC27Feb202400PE.NFO,07/01/2020,15:12:28,62.4,61.8,1250,63.4,1250,0,0
HDFC27Feb202400PE.NFO,07/01/2020,15:12:32,62.4,61.6,1250,63.45,1250,0,0
HDFC27Feb202400PE.NFO,07/01/2020,15:12:36,62.4,61.6,1250,63.25,1250,0,0
HDFC27Feb202400PE.NFO,07/01/2020,15:12:40,62.4,61.6,1250,63.35,1250,0,0
HDFC27Feb202400PE.NFO,07/01/2020,15:12:46,62.4,61.6,1250,63.75,1250,0,0
HDFC27Feb202400PE.NFO,07/01/2020,15:12:51,62.4,61.6,1250,63.3,1250,0,0
HDFC27Feb202400PE.NFO,07/01/2020,15:12:55,62.4,61.6,1250,63.15,1250,0,0
HDFC27Feb202400PE.NFO,07/01/2020,15:12:59,62.4,61.5,1250,63.5,1250,0,0
HDFC27Feb202400PE.NFO,07/01/2020,15:13:03,62.4,61.15,1250,62.95,1250,0,0
HDFC27Feb202400PE.NFO,07/01/2020,15:13:09,62.4,61.1,1250,62.65,1250,0,0
HDFC27Feb202400PE.NFO,07/01/2020,15:13:13,62.4,61.1,1250,62.75,1250,0,0
HDFC27Feb202400PE.NFO,07/01/2020,15:13:17,62.4,61,1250,62.75,1250,0,0
HDFC27Feb202400PE.NFO,07/01/2020,15:13:22,62.4,60.95,1250,62.45,1250,0,0
HDFC27Feb202400PE.NFO,07/01/2020,15:13:27,62.4,60.85,1250,62.2,1250,0,0
HDFC27Feb202400PE.NFO,07/01/2020,15:13:32,62.4,60.25,1250,61.8,1250,0,0
HDFC27Feb202400PE.NFO,07/01/2020,15:13:38,62.4,60.25,1250,61.75,1250,0,0
HDFC27Feb202400PE.NFO,07/01/2020,15:13:43,62.4,60.25,1250,62.05,1250,0,0
HDFC27Feb202400PE.NFO,07/01/2020,15:13:53,62.4,49.7,4500,70,250,0,0
HDFC27Feb202400PE.NFO,07/01/2020,15:14:21,62.4,60.5,1250,62.2,1250,0,0
HDFC27Feb202400PE.NFO,07/01/2020,15:14:26,62.4,60.4,1250,62.2,1250,0,0
HDFC27Feb202400PE.NFO,07/01/2020,15:14:30,62.4,60.3,1250,62.5,1250,0,0
HDFC27Feb202400PE.NFO,07/01/2020,15:14:34,62.4,60.05,1250,61.65,1250,0,0
HDFC27Feb202400PE.NFO,07/01/2020,15:14:39,62.4,59.65,1250,62.1,1250,0,0
HDFC27Feb202400PE.NFO,07/01/2020,15:14:44,62.4,59.7,1250,61.3,1250,0,0
HDFC27Feb202400PE.NFO,07/01/2020,15:14:54,62.4,59.65,1250,61.3,1250,0,0
HDFC27Feb202400PE.NFO,07/01/2020,15:15:00,62.4,59.25,1250,61.1,1250,0,0
HDFC27Feb202400PE.NFO,07/01/2020,15:15:05,62.4,59.2,1250,62.05,1250,0,0
HDFC27Feb202400PE.NFO,07/01/2020,15:15:12,62.4,59.3,1250,61.05,1250,0,0
HDFC27Feb202400PE.NFO,07/01/2020,15:15:19,62.4,59.65,1250,61.95,1250,0,0
HDFC27Feb202400PE.NFO,07/01/2020,15:15:26,62.4,59.25,1250,61.4,1250,0,0
HDFC27Feb202400PE.NFO,07/01/2020,15:15:34,62.4,59.8,1250,65.5,1250,0,0
HDFC27Feb202400PE.NFO,07/01/2020,15:15:41,62.4,59,1250,62.25,1250,0,0
HDFC27Feb202400PE.NFO,07/01/2020,15:15:49,62.4,58.95,1250,60.95,1250,0,0
HDFC27Feb202400PE.NFO,07/01/2020,15:15:56,62.4,59.3,1250,61.05,1250,0,0
HDFC27Feb202400PE.NFO,07/01/2020,15:16:03,62.4,59.25,1250,63.15,1250,0,0
HDFC27Feb202400PE.NFO,07/01/2020,15:16:10,62.4,59.25,1250,61,1250,0,0
HDFC27Feb202400PE.NFO,07/01/2020,15:16:17,62.4,59.75,1250,61.35,1250,0,0
HDFC27Feb202400PE.NFO,07/01/2020,15:16:24,62.4,59.6,1250,64.35,1250,0,0
HDFC27Feb202400PE.NFO,07/01/2020,15:16:31,62.4,60.05,1250,61.85,1250,0,0
HDFC27Feb202400PE.NFO,07/01/2020,15:16:38,62.4,60.1,1250,63.7,1250,0,0
HDFC27Feb202400PE.NFO,07/01/2020,15:16:44,62.4,60.1,1250,61.85,1250,0,0
HDFC27Feb202400PE.NFO,07/01/2020,15:16:51,62.4,60.1,1250,62.45,1250,0,0
HDFC27Feb202400PE.NFO,07/01/2020,15:16:58,62.4,60.6,1250,68.6,1250,0,0
HDFC27Feb202400PE.NFO,07/01/2020,15:17:04,62.4,60.2,1250,62.3,1250,0,0
HDFC27Feb202400PE.NFO,07/01/2020,15:17:11,62.4,60.35,1250,61.95,1250,0,0
HDFC27Feb202400PE.NFO,07/01/2020,15:17:18,62.4,60.15,1250,61.95,1250,0,0
HDFC27Feb202400PE.NFO,07/01/2020,15:17:25,62.4,60.45,1250,64.9,1250,0,0
HDFC27Feb202400PE.NFO,07/01/2020,15:17:33,62.4,60.4,1250,62.1,1250,0,0
HDFC27Feb202400PE.NFO,07/01/2020,15:17:39,62.4,60.3,1250,62,1250,0,0
HDFC27Feb202400PE.NFO,07/01/2020,15:17:51,62.4,60.25,1250,65.15,1250,0,0
HDFC27Feb202400PE.NFO,07/01/2020,15:17:58,62.4,60.6,1250,62.1,1250,0,0
HDFC27Feb202400PE.NFO,07/01/2020,15:18:04,62.4,60.4,1250,62.1,1250,0,0
HDFC27Feb202400PE.NFO,07/01/2020,15:18:10,62.4,60.4,1250,62.55,1250,0,0
HDFC27Feb202400PE.NFO,07/01/2020,15:18:16,62.4,60.35,1250,62,1250,0,0
HDFC27Feb202400PE.NFO,07/01/2020,15:18:22,62.4,60.1,1250,63.1,1250,0,0
HDFC27Feb202400PE.NFO,07/01/2020,15:18:28,62.4,60.2,1250,62.1,1250,0,0
HDFC27Feb202400PE.NFO,07/01/2020,15:18:34,62.4,60.2,1250,61.8,1250,0,0
HDFC27Feb202400PE.NFO,07/01/2020,15:18:40,62.4,60.75,1250,62.95,1250,0,0
HDFC27Feb202400PE.NFO,07/01/2020,15:18:47,62.4,60.5,1250,63.85,1250,0,0
HDFC27Feb202400PE.NFO,07/01/2020,15:18:53,62.4,60.8,1250,62.85,1250,0,0
HDFC27Feb202400PE.NFO,07/01/2020,15:18:59,62.4,60.65,1250,62.3,1250,0,0
HDFC27Feb202400PE.NFO,07/01/2020,15:19:06,62.4,60.3,1250,61.95,1250,0,0
HDFC27Feb202400PE.NFO,07/01/2020,15:19:12,62.4,49.7,4000,70,250,0,0
HDFC27Feb202400PE.NFO,07/01/2020,15:19:43,62.4,60,1250,61.75,1250,0,0
HDFC27Feb202400PE.NFO,07/01/2020,15:19:49,62.4,60,1250,61.7,1250,0,0
HDFC27Feb202400PE.NFO,07/01/2020,15:19:55,62.4,60,1250,61.85,1250,0,0
HDFC27Feb202400PE.NFO,07/01/2020,15:20:03,62.4,60,1250,61.6,1250,0,0
HDFC27Feb202400PE.NFO,07/01/2020,15:20:11,62.4,60.15,1250,63.3,1250,0,0
HDFC27Feb202400PE.NFO,07/01/2020,15:20:21,62.4,59.9,1250,61.4,1250,0,0
HDFC27Feb202400PE.NFO,07/01/2020,15:20:29,62.4,60,1250,61.45,1250,0,0
HDFC27Feb202400PE.NFO,07/01/2020,15:20:37,62.4,59.95,1250,61.6,1250,0,0
HDFC27Feb202400PE.NFO,07/01/2020,15:20:58,62.4,59.9,1250,61.6,1250,0,0
HDFC27Feb202400PE.NFO,07/01/2020,15:21:06,62.4,49.7,4500,70,250,0,0
HDFC27Feb202400PE.NFO,07/01/2020,15:21:29,62.4,60.35,1250,62.3,1250,0,0
HDFC27Feb202400PE.NFO,07/01/2020,15:21:36,62.4,60.2,1250,61.8,1250,0,0
HDFC27Feb202400PE.NFO,07/01/2020,15:21:43,62.4,60.2,1250,61.65,1250,0,0
HDFC27Feb202400PE.NFO,07/01/2020,15:21:49,62.4,60.05,1250,61.65,1250,0,0
HDFC27Feb202400PE.NFO,07/01/2020,15:21:54,62.4,60,1250,61.65,1250,0,0
HDFC27Feb202400PE.NFO,07/01/2020,15:22:05,62.4,59.9,1250,61.65,1250,0,0
HDFC27Feb202400PE.NFO,07/01/2020,15:22:10,62.4,59.9,1250,61.35,1250,0,0
HDFC27Feb202400PE.NFO,07/01/2020,15:22:16,62.4,59.6,1250,61.95,1250,0,0
HDFC27Feb202400PE.NFO,07/01/2020,15:22:23,62.4,59.95,1250,61.4,1250,0,0
HDFC27Feb202400PE.NFO,07/01/2020,15:22:29,62.4,59.65,1250,61.4,1250,0,0
HDFC27Feb202400PE.NFO,07/01/2020,15:22:35,62.4,60.1,1250,61.65,1250,0,0
HDFC27Feb202400PE.NFO,07/01/2020,15:22:41,62.4,60,1250,64.05,1250,0,0
HDFC27Feb202400PE.NFO,07/01/2020,15:22:48,62.4,59.85,1250,61.75,1250,0,0
HDFC27Feb202400PE.NFO,07/01/2020,15:22:54,62.4,59.85,1250,62.15,1250,0,0
HDFC27Feb202400PE.NFO,07/01/2020,15:23:00,62.4,59.85,1250,61.45,1250,0,0
HDFC27Feb202400PE.NFO,07/01/2020,15:23:07,62.4,59.8,1250,63.35,1250,0,0
HDFC27Feb202400PE.NFO,07/01/2020,15:23:14,62.4,59.75,1250,62.5,1250,0,0
HDFC27Feb202400PE.NFO,07/01/2020,15:23:27,62.4,60.15,1250,63.45,1250,0,0
HDFC27Feb202400PE.NFO,07/01/2020,15:23:34,62.4,60.1,1250,62.3,1250,0,0
HDFC27Feb202400PE.NFO,07/01/2020,15:23:40,62.4,60.2,1250,61.85,1250,0,0
HDFC27Feb202400PE.NFO,07/01/2020,15:23:47,62.4,49.7,4500,70,250,0,0
HDFC27Feb202400PE.NFO,07/01/2020,15:24:18,62.4,59.95,1250,61.45,1250,0,0
HDFC27Feb202400PE.NFO,07/01/2020,15:24:24,62.4,59.9,1250,61.55,1250,0,0
HDFC27Feb202400PE.NFO,07/01/2020,15:24:41,62.4,59.9,1250,61.6,1250,0,0
HDFC27Feb202400PE.NFO,07/01/2020,15:24:46,62.4,59.9,1250,62.4,1250,0,0
HDFC27Feb202400PE.NFO,07/01/2020,15:24:52,62.4,60,1250,61.45,1250,0,0
HDFC27Feb202400PE.NFO,07/01/2020,15:24:58,62.4,49.7,4500,70,250,0,0
HDFC27Feb202400PE.NFO,07/01/2020,15:25:23,62.4,60.85,1250,62.95,1250,0,0
HDFC27Feb202400PE.NFO,07/01/2020,15:25:29,62.4,60.85,1250,62.45,1250,0,0
HDFC27Feb202400PE.NFO,07/01/2020,15:25:55,62.4,60.85,1250,62.5,1250,0,0
HDFC27Feb202400PE.NFO,07/01/2020,15:26:10,62.4,60.8,1250,62.85,1250,0,0
HDFC27Feb202400PE.NFO,07/01/2020,15:26:16,62.4,60.8,1250,62.35,1250,0,0
HDFC27Feb202400PE.NFO,07/01/2020,15:26:21,62.4,60.8,1250,62.5,1250,0,0
HDFC27Feb202400PE.NFO,07/01/2020,15:26:48,62.4,60.55,1250,62.2,1250,0,0
HDFC27Feb202400PE.NFO,07/01/2020,15:26:54,62.4,60.55,1250,62.3,1250,0,0
HDFC27Feb202400PE.NFO,07/01/2020,15:26:59,62.4,60.55,1250,63.05,1250,0,0
HDFC27Feb202400PE.NFO,07/01/2020,15:27:05,62.4,60.9,1250,62.35,1250,0,0
HDFC27Feb202400PE.NFO,07/01/2020,15:27:10,62.4,60.8,1250,62.85,1250,0,0
HDFC27Feb202400PE.NFO,07/01/2020,15:27:15,62.4,60.8,1250,63.1,1250,0,0
HDFC27Feb202400PE.NFO,07/01/2020,15:27:20,62.4,60.8,1250,62.6,1250,0,0
HDFC27Feb202400PE.NFO,07/01/2020,15:27:26,62.4,60.8,1250,62.5,1250,0,0
HDFC27Feb202400PE.NFO,07/01/2020,15:27:31,62.4,60.8,1250,62.6,1250,0,0
HDFC27Feb202400PE.NFO,07/01/2020,15:27:36,62.4,60.8,1250,62.65,1250,0,0
HDFC27Feb202400PE.NFO,07/01/2020,15:27:45,62.4,61.15,1250,62.65,1250,0,0
HDFC27Feb202400PE.NFO,07/01/2020,15:27:50,62.4,61.15,1250,62.7,1250,0,0
HDFC27Feb202400PE.NFO,07/01/2020,15:28:05,62.4,61.05,1250,62.5,1250,0,0
HDFC27Feb202400PE.NFO,07/01/2020,15:28:11,62.4,61,1250,63.05,1250,0,0
HDFC27Feb202400PE.NFO,07/01/2020,15:28:17,62.4,61,1250,62.6,1250,0,0
HDFC27Feb202400PE.NFO,07/01/2020,15:28:23,62.4,61,1250,62.8,1250,0,0
HDFC27Feb202400PE.NFO,07/01/2020,15:28:27,62.4,60.75,1250,63.2,1250,0,0
HDFC27Feb202400PE.NFO,07/01/2020,15:28:33,62.4,60.65,1250,63.05,1250,0,0
HDFC27Feb202400PE.NFO,07/01/2020,15:28:39,62.4,60.65,1250,62.25,1250,0,0
HDFC27Feb202400PE.NFO,07/01/2020,15:28:46,62.4,60.65,1250,62.4,1250,0,0
HDFC27Feb202400PE.NFO,07/01/2020,15:28:51,62.4,60.65,1250,62.2,1250,0,0
HDFC27Feb202400PE.NFO,07/01/2020,15:29:02,62.4,60.4,1250,62.6,1250,0,0
HDFC27Feb202400PE.NFO,07/01/2020,15:29:10,62.4,49.7,4500,70,750,0,0
HDFC27Feb202400PE.NFO,07/01/2020,15:29:17,62.4,49.7,4500,70,250,0,0
HDFC27Feb202400PE.NFO,07/01/2020,15:29:59,62.4,48.8,1500,70,250,0,0
HDFC27Feb202400PE.NFO,07/01/2020,15:30:05,62.4,48.85,2000,70,250,0,0
