Ticker,Date,Time,LTP,BuyPrice,BuyQty,SellPrice,SellQty,LTQ,OpenInterest
HDFCBANK30Jan201340CE.NFO,07/01/2020,09:15:24,4.5,4.15,500,5.95,1500,500,352500
HDFCBANK30Jan201340CE.NFO,07/01/2020,09:15:24,4.5,4.15,500,5.95,1500,0,352500
HDFCBANK30Jan201340CE.NFO,07/01/2020,09:15:24,4.5,4.15,500,5.95,1500,0,352500
HDFCBANK30Jan201340CE.NFO,07/01/2020,09:15:24,4.5,4.15,500,5.95,1500,0,352500
HDFCBANK30Jan201340CE.NFO,07/01/2020,09:15:34,5.95,4.4,500,5.95,1000,500,352500
HDFCBANK30Jan201340CE.NFO,07/01/2020,09:15:34,5.95,4.4,500,5.95,1000,0,352500
HDFCBANK30Jan201340CE.NFO,07/01/2020,09:15:45,5.95,5.1,500,6,2500,0,352500
HDFCBANK30Jan201340CE.NFO,07/01/2020,09:15:55,6,5.1,500,6,2000,1500,352500
HDFCBANK30Jan201340CE.NFO,07/01/2020,09:15:55,6,5.1,500,6,2000,0,352500
HDFCBANK30Jan201340CE.NFO,07/01/2020,09:16:06,6,5.1,500,5.9,1000,0,352500
HDFCBANK30Jan201340CE.NFO,07/01/2020,09:16:17,6,5.75,1000,5.95,500,0,352500
HDFCBANK30Jan201340CE.NFO,07/01/2020,09:16:28,6,5.8,500,6,3500,2000,352500
HDFCBANK30Jan201340CE.NFO,07/01/2020,09:16:39,6,5.8,500,6.15,500,1500,352500
HDFCBANK30Jan201340CE.NFO,07/01/2020,09:16:50,6,6,500,6.2,2000,500,352500
HDFCBANK30Jan201340CE.NFO,07/01/2020,09:17:01,6.2,6,500,6.35,500,2500,352500
HDFCBANK30Jan201340CE.NFO,07/01/2020,09:17:01,6.2,6,500,6.35,500,0,352500
HDFCBANK30Jan201340CE.NFO,07/01/2020,09:17:10,6.2,6,500,6.5,3500,0,352500
HDFCBANK30Jan201340CE.NFO,07/01/2020,09:17:20,6.2,6,500,6.4,2000,0,352500
HDFCBANK30Jan201340CE.NFO,07/01/2020,09:17:29,6.2,6,500,6.4,500,0,352500
HDFCBANK30Jan201340CE.NFO,07/01/2020,09:17:39,6.2,5.65,500,6.25,500,1500,350500
HDFCBANK30Jan201340CE.NFO,07/01/2020,09:17:39,6.25,5.65,500,6.25,500,0,350500
HDFCBANK30Jan201340CE.NFO,07/01/2020,09:17:48,6.2,5.65,500,6.5,1000,1000,350500
HDFCBANK30Jan201340CE.NFO,07/01/2020,09:17:58,6.8,5.3,500,6.85,500,2500,350500
HDFCBANK30Jan201340CE.NFO,07/01/2020,09:17:58,6.8,5.3,500,6.85,500,0,350500
HDFCBANK30Jan201340CE.NFO,07/01/2020,09:18:07,6.2,5.85,1500,6.8,1000,500,350500
HDFCBANK30Jan201340CE.NFO,07/01/2020,09:18:15,6.8,5.55,1000,6.8,500,500,350500
HDFCBANK30Jan201340CE.NFO,07/01/2020,09:18:23,6.85,6,1000,6.75,500,1000,350500
HDFCBANK30Jan201340CE.NFO,07/01/2020,09:18:23,6.85,6,1000,6.75,500,0,350500
HDFCBANK30Jan201340CE.NFO,07/01/2020,09:18:30,6.75,6,1500,6.75,1500,500,350500
HDFCBANK30Jan201340CE.NFO,07/01/2020,09:18:37,6.75,6,500,6.75,1000,500,350500
HDFCBANK30Jan201340CE.NFO,07/01/2020,09:18:45,6,5.95,1000,6.7,1500,2500,350500
HDFCBANK30Jan201340CE.NFO,07/01/2020,09:18:52,6.1,6.1,1500,6.25,1000,18000,350500
HDFCBANK30Jan201340CE.NFO,07/01/2020,09:19:00,6.1,5.95,3000,6.2,1000,1500,350500
HDFCBANK30Jan201340CE.NFO,07/01/2020,09:19:06,6.15,6.05,500,6.2,1000,2000,350500
HDFCBANK30Jan201340CE.NFO,07/01/2020,09:19:13,6.15,6,1000,6.2,1000,0,350500
HDFCBANK30Jan201340CE.NFO,07/01/2020,09:19:27,6.1,6.1,2500,6.3,500,500,350500
HDFCBANK30Jan201340CE.NFO,07/01/2020,09:19:34,6.25,6.3,500,6.4,500,500,350500
HDFCBANK30Jan201340CE.NFO,07/01/2020,09:19:41,6.3,6.3,1000,6.4,1000,500,350500
HDFCBANK30Jan201340CE.NFO,07/01/2020,09:19:49,6.4,6.45,1000,6.65,500,1000,350500
HDFCBANK30Jan201340CE.NFO,07/01/2020,09:19:55,6.6,6.5,1000,6.7,1000,1500,350500
HDFCBANK30Jan201340CE.NFO,07/01/2020,09:20:01,6.6,6.6,1500,6.7,1500,0,350500
HDFCBANK30Jan201340CE.NFO,07/01/2020,09:20:07,6.6,6.65,1500,6.7,500,0,350500
HDFCBANK30Jan201340CE.NFO,07/01/2020,09:20:14,6.7,6.65,500,6.75,500,1000,360000
HDFCBANK30Jan201340CE.NFO,07/01/2020,09:20:20,6.7,6.65,500,6.75,500,0,360000
HDFCBANK30Jan201340CE.NFO,07/01/2020,09:20:27,6.8,6.7,1000,6.85,500,1500,360000
HDFCBANK30Jan201340CE.NFO,07/01/2020,09:20:33,6.8,6.85,500,6.9,1500,0,360000
HDFCBANK30Jan201340CE.NFO,07/01/2020,09:20:39,6.85,6.85,500,7,1000,9000,360000
HDFCBANK30Jan201340CE.NFO,07/01/2020,09:20:39,6.9,6.85,500,7,1000,0,360000
HDFCBANK30Jan201340CE.NFO,07/01/2020,09:20:46,6.9,6.85,2000,7,1000,16000,360000
HDFCBANK30Jan201340CE.NFO,07/01/2020,09:20:52,6.95,6.9,500,6.95,4500,3000,360000
HDFCBANK30Jan201340CE.NFO,07/01/2020,09:20:52,7.05,6.9,500,6.95,4500,0,360000
HDFCBANK30Jan201340CE.NFO,07/01/2020,09:20:58,7.1,6.85,1500,7.05,500,9000,360000
HDFCBANK30Jan201340CE.NFO,07/01/2020,09:20:58,7.1,6.85,1500,7.05,500,0,360000
HDFCBANK30Jan201340CE.NFO,07/01/2020,09:21:05,6.8,6.7,2000,6.95,2000,2000,360000
HDFCBANK30Jan201340CE.NFO,07/01/2020,09:21:13,6.6,6.7,500,6.8,500,12500,360000
HDFCBANK30Jan201340CE.NFO,07/01/2020,09:21:21,6.7,6.7,1000,6.95,1000,500,360000
HDFCBANK30Jan201340CE.NFO,07/01/2020,09:21:28,6.9,6.8,500,6.95,500,5000,360000
HDFCBANK30Jan201340CE.NFO,07/01/2020,09:21:34,6.85,6.8,500,6.95,500,4000,360000
HDFCBANK30Jan201340CE.NFO,07/01/2020,09:21:41,6.9,6.8,1000,6.95,1000,1000,360000
HDFCBANK30Jan201340CE.NFO,07/01/2020,09:21:47,7.1,7.05,1000,7.2,2500,2000,360000
HDFCBANK30Jan201340CE.NFO,07/01/2020,09:21:54,7.35,7.15,1000,7.25,500,8500,360000
HDFCBANK30Jan201340CE.NFO,07/01/2020,09:21:54,7.35,7.15,1000,7.25,500,0,360000
HDFCBANK30Jan201340CE.NFO,07/01/2020,09:22:00,7.4,7.1,1000,7.25,500,3500,360000
HDFCBANK30Jan201340CE.NFO,07/01/2020,09:22:00,7.4,7.1,1000,7.25,500,0,360000
HDFCBANK30Jan201340CE.NFO,07/01/2020,09:22:07,7.35,7.2,500,7.4,1500,1000,360000
HDFCBANK30Jan201340CE.NFO,07/01/2020,09:22:14,7.4,7.2,500,7.4,1500,1500,360000
HDFCBANK30Jan201340CE.NFO,07/01/2020,09:22:21,7.45,7.3,1000,7.5,2000,8000,360000
HDFCBANK30Jan201340CE.NFO,07/01/2020,09:22:21,7.45,7.3,1000,7.5,2000,0,360000
HDFCBANK30Jan201340CE.NFO,07/01/2020,09:22:28,7.4,7.3,2000,7.4,500,6000,360000
HDFCBANK30Jan201340CE.NFO,07/01/2020,09:22:28,7.8,7.3,2000,7.4,500,0,360000
HDFCBANK30Jan201340CE.NFO,07/01/2020,09:22:35,7.5,7.35,1000,7.55,500,9000,360000
HDFCBANK30Jan201340CE.NFO,07/01/2020,09:22:41,7.6,7.45,500,7.6,500,9000,360000
HDFCBANK30Jan201340CE.NFO,07/01/2020,09:22:41,7.9,7.45,500,7.6,500,0,360000
HDFCBANK30Jan201340CE.NFO,07/01/2020,09:22:47,7.4,7.3,1500,7.5,1500,4000,360000
HDFCBANK30Jan201340CE.NFO,07/01/2020,09:22:54,7.5,7.35,1500,7.5,1500,1000,360000
HDFCBANK30Jan201340CE.NFO,07/01/2020,09:23:00,7.5,7.35,1000,7.45,500,1000,360000
HDFCBANK30Jan201340CE.NFO,07/01/2020,09:23:06,7.4,7.3,1000,7.45,1000,1000,360000
HDFCBANK30Jan201340CE.NFO,07/01/2020,09:23:12,7.3,7.2,500,7.3,1000,500,360000
HDFCBANK30Jan201340CE.NFO,07/01/2020,09:23:17,7.3,7.2,1000,7.4,1000,1000,390000
HDFCBANK30Jan201340CE.NFO,07/01/2020,09:23:24,7.15,7.15,1500,7.3,500,1000,390000
HDFCBANK30Jan201340CE.NFO,07/01/2020,09:23:30,7.1,7.1,1000,7.25,1000,500,390000
HDFCBANK30Jan201340CE.NFO,07/01/2020,09:23:36,7.1,7.1,1500,7.25,500,0,390000
HDFCBANK30Jan201340CE.NFO,07/01/2020,09:23:42,7.05,7.05,500,7.25,1000,2500,390000
HDFCBANK30Jan201340CE.NFO,07/01/2020,09:23:48,7.05,7,500,7.15,1500,500,390000
HDFCBANK30Jan201340CE.NFO,07/01/2020,09:23:54,7.05,7,500,7.15,1500,0,390000
HDFCBANK30Jan201340CE.NFO,07/01/2020,09:24:06,6.95,6.8,1000,7,1500,5500,390000
HDFCBANK30Jan201340CE.NFO,07/01/2020,09:24:12,6.85,6.75,2000,6.95,500,500,390000
HDFCBANK30Jan201340CE.NFO,07/01/2020,09:24:17,6.85,6.75,1000,6.95,500,0,390000
HDFCBANK30Jan201340CE.NFO,07/01/2020,09:24:23,6.85,6.75,1500,6.9,500,500,390000
HDFCBANK30Jan201340CE.NFO,07/01/2020,09:24:29,6.8,6.7,500,6.85,1000,1000,390000
HDFCBANK30Jan201340CE.NFO,07/01/2020,09:24:35,6.8,6.65,1000,6.85,500,0,390000
HDFCBANK30Jan201340CE.NFO,07/01/2020,09:24:40,6.8,6.55,2000,6.7,500,0,390000
HDFCBANK30Jan201340CE.NFO,07/01/2020,09:24:45,6.85,6.7,1000,6.8,500,6500,390000
HDFCBANK30Jan201340CE.NFO,07/01/2020,09:24:51,6.85,6.6,500,6.8,1500,0,390000
HDFCBANK30Jan201340CE.NFO,07/01/2020,09:24:56,6.6,6.55,1000,6.75,1000,500,390000
HDFCBANK30Jan201340CE.NFO,07/01/2020,09:25:02,6.55,6.55,1000,6.75,1000,500,390000
HDFCBANK30Jan201340CE.NFO,07/01/2020,09:25:09,6.55,6.65,500,6.75,500,500,390000
HDFCBANK30Jan201340CE.NFO,07/01/2020,09:25:15,6.65,6.55,500,6.7,1500,1000,390000
HDFCBANK30Jan201340CE.NFO,07/01/2020,09:25:22,6.65,6.45,1000,6.6,500,0,390000
HDFCBANK30Jan201340CE.NFO,07/01/2020,09:25:28,6.45,6.45,500,6.6,500,500,390000
HDFCBANK30Jan201340CE.NFO,07/01/2020,09:25:34,6.6,6.4,500,6.55,500,500,390000
HDFCBANK30Jan201340CE.NFO,07/01/2020,09:25:40,6.4,6.4,500,6.55,500,500,390000
HDFCBANK30Jan201340CE.NFO,07/01/2020,09:25:46,6.4,6.4,500,6.5,500,0,390000
HDFCBANK30Jan201340CE.NFO,07/01/2020,09:26:01,6.4,6.45,1000,6.55,500,1000,390000
HDFCBANK30Jan201340CE.NFO,07/01/2020,09:26:08,6.4,6.45,1000,6.65,500,0,390000
HDFCBANK30Jan201340CE.NFO,07/01/2020,09:26:15,6.55,6.4,2000,6.6,1500,500,384500
HDFCBANK30Jan201340CE.NFO,07/01/2020,09:26:21,6.55,6.4,1500,6.55,1500,0,384500
HDFCBANK30Jan201340CE.NFO,07/01/2020,09:26:32,6.6,6.45,1500,6.7,1500,2000,384500
HDFCBANK30Jan201340CE.NFO,07/01/2020,09:26:38,6.55,6.4,1500,6.55,1000,1000,384500
HDFCBANK30Jan201340CE.NFO,07/01/2020,09:26:44,6.2,6.2,500,6.4,1500,2500,384500
HDFCBANK30Jan201340CE.NFO,07/01/2020,09:26:49,6.3,6.25,1000,6.4,1000,500,384500
HDFCBANK30Jan201340CE.NFO,07/01/2020,09:26:55,6.3,6.2,1000,6.4,1500,0,384500
HDFCBANK30Jan201340CE.NFO,07/01/2020,09:27:01,6.3,6.15,2500,6.3,500,0,384500
HDFCBANK30Jan201340CE.NFO,07/01/2020,09:27:07,6.3,6.1,1500,6.2,1000,0,384500
HDFCBANK30Jan201340CE.NFO,07/01/2020,09:27:12,6.2,6.15,1500,6.35,1000,1000,384500
HDFCBANK30Jan201340CE.NFO,07/01/2020,09:27:17,6.2,6.15,1500,6.35,1000,500,384500
HDFCBANK30Jan201340CE.NFO,07/01/2020,09:27:23,6.15,6.15,1000,6.25,1000,500,384500
HDFCBANK30Jan201340CE.NFO,07/01/2020,09:27:29,6.25,6.15,1500,6.35,1500,500,384500
HDFCBANK30Jan201340CE.NFO,07/01/2020,09:27:35,6.15,6.15,1000,6.35,1500,500,384500
HDFCBANK30Jan201340CE.NFO,07/01/2020,09:27:41,6.15,6.15,1500,6.35,500,0,384500
HDFCBANK30Jan201340CE.NFO,07/01/2020,09:27:46,6.15,6.15,1500,6.4,2000,0,384500
HDFCBANK30Jan201340CE.NFO,07/01/2020,09:27:53,6.15,6.2,2500,6.4,500,500,384500
HDFCBANK30Jan201340CE.NFO,07/01/2020,09:28:07,6.25,6.2,1000,6.4,1500,3000,384500
HDFCBANK30Jan201340CE.NFO,07/01/2020,09:28:14,6.4,6.2,1000,6.4,3000,1500,384500
HDFCBANK30Jan201340CE.NFO,07/01/2020,09:28:19,6.4,6.2,1000,6.4,3000,0,384500
HDFCBANK30Jan201340CE.NFO,07/01/2020,09:28:24,6.4,6.15,1000,6.4,3500,0,384500
HDFCBANK30Jan201340CE.NFO,07/01/2020,09:28:30,6.4,6.15,500,6.25,500,0,384500
HDFCBANK30Jan201340CE.NFO,07/01/2020,09:28:36,6.15,6.1,2000,6.25,1000,500,384500
HDFCBANK30Jan201340CE.NFO,07/01/2020,09:28:41,6.1,6.05,500,6.25,1500,1000,384500
HDFCBANK30Jan201340CE.NFO,07/01/2020,09:28:52,6.1,6.05,500,6.25,1500,0,384500
HDFCBANK30Jan201340CE.NFO,07/01/2020,09:28:57,6.15,6.15,1500,6.3,1000,500,384500
HDFCBANK30Jan201340CE.NFO,07/01/2020,09:29:02,6.35,6.15,2000,6.25,500,500,384500
HDFCBANK30Jan201340CE.NFO,07/01/2020,09:29:08,6.35,6.15,2000,6.25,500,0,384500
HDFCBANK30Jan201340CE.NFO,07/01/2020,09:29:14,6.2,6.15,1500,6.25,500,1000,384500
HDFCBANK30Jan201340CE.NFO,07/01/2020,09:29:19,6.25,6.2,1000,6.35,500,500,380500
HDFCBANK30Jan201340CE.NFO,07/01/2020,09:29:25,6.3,6.2,3000,6.35,500,5500,380500
HDFCBANK30Jan201340CE.NFO,07/01/2020,09:29:30,6.2,6.2,1000,6.4,4000,3500,380500
HDFCBANK30Jan201340CE.NFO,07/01/2020,09:29:36,6.2,6.2,2000,6.4,4000,500,380500
HDFCBANK30Jan201340CE.NFO,07/01/2020,09:29:42,6.2,6.2,1500,6.4,4000,500,380500
HDFCBANK30Jan201340CE.NFO,07/01/2020,09:29:47,6.2,6.25,2000,6.4,1500,500,380500
HDFCBANK30Jan201340CE.NFO,07/01/2020,09:29:51,6.25,6.25,1000,6.4,2500,1000,380500
HDFCBANK30Jan201340CE.NFO,07/01/2020,09:29:55,6.25,6.25,500,6.4,2500,500,380500
HDFCBANK30Jan201340CE.NFO,07/01/2020,09:29:59,6.25,6.2,1000,6.4,1500,500,380500
HDFCBANK30Jan201340CE.NFO,07/01/2020,09:30:04,6.2,6.3,1500,6.4,1500,500,380500
HDFCBANK30Jan201340CE.NFO,07/01/2020,09:30:09,6.45,6.3,500,6.4,1000,3000,380500
HDFCBANK30Jan201340CE.NFO,07/01/2020,09:30:15,6.4,6.25,1000,6.5,3000,2000,380500
HDFCBANK30Jan201340CE.NFO,07/01/2020,09:30:20,6.4,6.25,1000,6.4,500,0,380500
HDFCBANK30Jan201340CE.NFO,07/01/2020,09:30:25,6.4,6.25,3000,6.45,1000,0,380500
HDFCBANK30Jan201340CE.NFO,07/01/2020,09:30:35,6.4,6.25,2500,6.45,1000,0,380500
HDFCBANK30Jan201340CE.NFO,07/01/2020,09:30:40,6.4,6.35,500,6.5,3000,1000,380500
HDFCBANK30Jan201340CE.NFO,07/01/2020,09:30:44,6.4,6.25,1500,6.4,1000,0,380500
HDFCBANK30Jan201340CE.NFO,07/01/2020,09:30:54,6.4,6.25,2000,6.5,3500,0,380500
HDFCBANK30Jan201340CE.NFO,07/01/2020,09:30:59,6.4,6.25,2000,6.5,3000,0,380500
HDFCBANK30Jan201340CE.NFO,07/01/2020,09:31:04,6.4,6.4,3000,6.55,2000,0,380500
HDFCBANK30Jan201340CE.NFO,07/01/2020,09:31:11,6.4,6.4,2500,6.5,1000,500,380500
HDFCBANK30Jan201340CE.NFO,07/01/2020,09:31:17,6.4,6.4,2500,6.55,1500,0,380500
HDFCBANK30Jan201340CE.NFO,07/01/2020,09:31:23,6.4,6.4,2500,6.55,2000,0,380500
HDFCBANK30Jan201340CE.NFO,07/01/2020,09:31:29,6.4,6.4,2500,6.55,1500,0,380500
HDFCBANK30Jan201340CE.NFO,07/01/2020,09:31:34,6.4,6.4,2500,6.55,2000,0,380500
HDFCBANK30Jan201340CE.NFO,07/01/2020,09:31:40,6.4,6.4,1000,6.55,3000,1500,380500
HDFCBANK30Jan201340CE.NFO,07/01/2020,09:31:46,6.4,6.4,1000,6.55,3000,0,380500
HDFCBANK30Jan201340CE.NFO,07/01/2020,09:31:51,6.4,6.35,1500,6.4,4500,1000,380500
HDFCBANK30Jan201340CE.NFO,07/01/2020,09:31:56,6.4,6.35,1500,6.4,4000,500,380500
HDFCBANK30Jan201340CE.NFO,07/01/2020,09:32:01,6.4,6.3,1500,6.4,4500,0,380500
HDFCBANK30Jan201340CE.NFO,07/01/2020,09:32:18,6.4,6.3,1500,6.4,4000,500,379000
HDFCBANK30Jan201340CE.NFO,07/01/2020,09:32:25,6.4,6.35,1000,6.5,3000,3500,379000
HDFCBANK30Jan201340CE.NFO,07/01/2020,09:32:31,6.4,6.35,1000,6.5,2000,0,379000
HDFCBANK30Jan201340CE.NFO,07/01/2020,09:32:36,6.4,6.35,1000,6.55,500,3000,379000
HDFCBANK30Jan201340CE.NFO,07/01/2020,09:32:42,6.4,6.35,1000,6.55,500,0,379000
HDFCBANK30Jan201340CE.NFO,07/01/2020,09:32:53,6.4,6.4,500,6.55,500,0,379000
HDFCBANK30Jan201340CE.NFO,07/01/2020,09:32:59,6.4,6.45,2000,6.55,500,0,379000
HDFCBANK30Jan201340CE.NFO,07/01/2020,09:33:05,6.45,6.45,1500,6.55,500,1000,379000
HDFCBANK30Jan201340CE.NFO,07/01/2020,09:33:11,6.45,6.45,1000,6.7,4000,1000,379000
HDFCBANK30Jan201340CE.NFO,07/01/2020,09:33:16,6.5,6.5,500,6.7,3500,500,379000
HDFCBANK30Jan201340CE.NFO,07/01/2020,09:33:22,6.5,6.45,1000,6.7,3500,500,379000
HDFCBANK30Jan201340CE.NFO,07/01/2020,09:33:27,6.5,6.45,1000,6.7,3500,500,379000
HDFCBANK30Jan201340CE.NFO,07/01/2020,09:33:32,6.5,6.45,500,6.6,500,0,379000
HDFCBANK30Jan201340CE.NFO,07/01/2020,09:33:37,6.55,6.55,3500,6.7,2500,2000,379000
HDFCBANK30Jan201340CE.NFO,07/01/2020,09:33:42,6.55,6.55,3500,6.7,2500,0,379000
HDFCBANK30Jan201340CE.NFO,07/01/2020,09:33:47,6.55,6.55,6000,6.7,3500,500,379000
HDFCBANK30Jan201340CE.NFO,07/01/2020,09:33:52,6.55,6.55,6000,6.7,3000,0,379000
HDFCBANK30Jan201340CE.NFO,07/01/2020,09:33:56,6.55,6.5,2000,6.65,500,3000,379000
HDFCBANK30Jan201340CE.NFO,07/01/2020,09:34:01,6.55,6.5,2000,6.65,500,0,379000
HDFCBANK30Jan201340CE.NFO,07/01/2020,09:34:06,6.65,6.5,2000,6.7,4000,3500,379000
HDFCBANK30Jan201340CE.NFO,07/01/2020,09:34:11,6.65,6.45,500,6.65,1500,2000,379000
HDFCBANK30Jan201340CE.NFO,07/01/2020,09:34:16,6.65,6.5,500,6.65,500,1000,379000
HDFCBANK30Jan201340CE.NFO,07/01/2020,09:34:27,6.65,6.5,500,6.55,500,0,379000
HDFCBANK30Jan201340CE.NFO,07/01/2020,09:34:33,6.5,6.4,1000,6.5,2500,3000,379000
HDFCBANK30Jan201340CE.NFO,07/01/2020,09:34:39,6.5,6.4,1000,6.5,18000,0,379000
HDFCBANK30Jan201340CE.NFO,07/01/2020,09:34:44,6.5,6.4,4000,6.5,7500,10000,379000
HDFCBANK30Jan201340CE.NFO,07/01/2020,09:34:50,6.5,6.4,2500,6.5,3500,4000,379000
HDFCBANK30Jan201340CE.NFO,07/01/2020,09:34:55,6.35,6.2,500,6.4,1500,4000,379000
HDFCBANK30Jan201340CE.NFO,07/01/2020,09:35:01,6.35,6.3,500,6.4,1500,0,379000
HDFCBANK30Jan201340CE.NFO,07/01/2020,09:35:07,6.3,6.25,500,6.4,2000,500,379000
HDFCBANK30Jan201340CE.NFO,07/01/2020,09:35:12,6.3,6.1,500,6.4,3500,0,379000
HDFCBANK30Jan201340CE.NFO,07/01/2020,09:35:16,6.3,6.2,500,6.4,3500,0,379000
HDFCBANK30Jan201340CE.NFO,07/01/2020,09:35:25,6.3,6.1,500,6.3,5500,0,379000
HDFCBANK30Jan201340CE.NFO,07/01/2020,09:35:35,6.1,6.1,500,6.3,5500,500,371000
HDFCBANK30Jan201340CE.NFO,07/01/2020,09:35:41,6.1,6.1,1000,6.25,1500,0,371000
HDFCBANK30Jan201340CE.NFO,07/01/2020,09:35:48,6.1,6.05,2500,6.25,2500,0,371000
HDFCBANK30Jan201340CE.NFO,07/01/2020,09:35:55,6.1,6.05,1500,6.25,2500,0,371000
HDFCBANK30Jan201340CE.NFO,07/01/2020,09:36:00,6.1,6,1500,6.25,2500,0,371000
HDFCBANK30Jan201340CE.NFO,07/01/2020,09:36:05,6.1,5.95,1000,6.1,500,0,371000
HDFCBANK30Jan201340CE.NFO,07/01/2020,09:36:17,6.1,6,1500,6.15,1500,0,371000
HDFCBANK30Jan201340CE.NFO,07/01/2020,09:36:23,6.1,5.95,1000,6.1,2500,0,371000
HDFCBANK30Jan201340CE.NFO,07/01/2020,09:36:28,6.1,5.95,1000,6.1,1500,0,371000
HDFCBANK30Jan201340CE.NFO,07/01/2020,09:36:32,6,5.95,1000,6.1,1000,500,371000
HDFCBANK30Jan201340CE.NFO,07/01/2020,09:36:37,6,6,500,6.1,500,0,371000
HDFCBANK30Jan201340CE.NFO,07/01/2020,09:36:42,6,6,1500,6.1,500,0,371000
HDFCBANK30Jan201340CE.NFO,07/01/2020,09:36:51,6.1,6,1500,6.15,1500,500,371000
HDFCBANK30Jan201340CE.NFO,07/01/2020,09:36:56,6.1,6,1500,6.1,500,500,371000
HDFCBANK30Jan201340CE.NFO,07/01/2020,09:37:00,6,6,1500,6.15,1500,500,371000
HDFCBANK30Jan201340CE.NFO,07/01/2020,09:37:05,6,6,1000,6.1,500,1000,371000
HDFCBANK30Jan201340CE.NFO,07/01/2020,09:37:10,6.15,6.05,500,6.2,1000,1500,371000
HDFCBANK30Jan201340CE.NFO,07/01/2020,09:37:14,6.1,6.1,4500,6.2,500,500,371000
HDFCBANK30Jan201340CE.NFO,07/01/2020,09:37:18,6.1,6.1,4000,6.2,500,500,371000
HDFCBANK30Jan201340CE.NFO,07/01/2020,09:37:23,6.1,6.1,3500,6.2,1000,500,371000
HDFCBANK30Jan201340CE.NFO,07/01/2020,09:37:28,6.1,6.1,2500,6.2,1000,1000,371000
HDFCBANK30Jan201340CE.NFO,07/01/2020,09:37:32,6.1,6.1,1500,6.15,500,1000,371000
HDFCBANK30Jan201340CE.NFO,07/01/2020,09:37:37,6.1,6.1,1500,6.2,500,0,371000
HDFCBANK30Jan201340CE.NFO,07/01/2020,09:37:53,6.1,6.1,2000,6.2,500,0,371000
HDFCBANK30Jan201340CE.NFO,07/01/2020,09:37:57,6.1,6.1,1500,6.2,500,500,371000
HDFCBANK30Jan201340CE.NFO,07/01/2020,09:38:02,6.2,6.1,1500,6.25,1500,1500,371000
HDFCBANK30Jan201340CE.NFO,07/01/2020,09:38:06,6.25,6.1,2000,6.25,1000,1000,371000
HDFCBANK30Jan201340CE.NFO,07/01/2020,09:38:11,6.25,6.1,2000,6.25,1000,0,371000
HDFCBANK30Jan201340CE.NFO,07/01/2020,09:38:19,6.15,6.1,1000,6.25,1000,1000,371500
HDFCBANK30Jan201340CE.NFO,07/01/2020,09:38:23,6.15,6.1,1000,6.25,1000,0,371500
HDFCBANK30Jan201340CE.NFO,07/01/2020,09:38:28,6.1,6.1,500,6.25,1500,500,371500
HDFCBANK30Jan201340CE.NFO,07/01/2020,09:38:36,6.1,6.1,1500,6.2,1000,500,371500
HDFCBANK30Jan201340CE.NFO,07/01/2020,09:38:41,6.1,6.1,500,6.2,1000,1000,371500
HDFCBANK30Jan201340CE.NFO,07/01/2020,09:38:45,6.1,6.05,1500,6.15,500,500,371500
HDFCBANK30Jan201340CE.NFO,07/01/2020,09:38:50,6.05,6,1500,6.1,500,1000,371500
HDFCBANK30Jan201340CE.NFO,07/01/2020,09:38:54,6,6,1000,6.1,500,500,371500
HDFCBANK30Jan201340CE.NFO,07/01/2020,09:38:58,6,6,500,6.1,1000,1000,371500
HDFCBANK30Jan201340CE.NFO,07/01/2020,09:39:02,6,6,1000,6.1,500,0,371500
HDFCBANK30Jan201340CE.NFO,07/01/2020,09:39:07,6,6,2500,6.15,1000,0,371500
HDFCBANK30Jan201340CE.NFO,07/01/2020,09:39:15,6.1,6,2500,6.2,1500,500,371500
HDFCBANK30Jan201340CE.NFO,07/01/2020,09:39:20,6.1,6.1,1000,6.25,2500,0,371500
HDFCBANK30Jan201340CE.NFO,07/01/2020,09:39:25,6.1,6.05,2000,6.25,3500,0,371500
HDFCBANK30Jan201340CE.NFO,07/01/2020,09:39:30,6.1,6.05,2000,6.25,2500,0,371500
HDFCBANK30Jan201340CE.NFO,07/01/2020,09:39:34,6.1,6.15,500,6.25,2000,0,371500
HDFCBANK30Jan201340CE.NFO,07/01/2020,09:39:38,6.2,6.15,500,6.25,1000,500,371500
HDFCBANK30Jan201340CE.NFO,07/01/2020,09:39:42,6.25,6.15,500,6.25,500,500,371500
HDFCBANK30Jan201340CE.NFO,07/01/2020,09:39:46,6.25,6.15,2000,6.3,6500,500,371500
HDFCBANK30Jan201340CE.NFO,07/01/2020,09:39:50,6.25,6.15,1000,6.25,500,0,371500
HDFCBANK30Jan201340CE.NFO,07/01/2020,09:39:54,6.25,6.15,500,6.25,500,0,371500
HDFCBANK30Jan201340CE.NFO,07/01/2020,09:39:58,6.3,6.15,2500,6.3,6000,1000,371500
HDFCBANK30Jan201340CE.NFO,07/01/2020,09:40:02,6.3,6.15,1500,6.3,4000,4000,371500
HDFCBANK30Jan201340CE.NFO,07/01/2020,09:40:08,6.25,6.2,1000,6.3,4000,2000,371500
HDFCBANK30Jan201340CE.NFO,07/01/2020,09:40:13,6.2,6.2,500,6.3,4000,500,371500
HDFCBANK30Jan201340CE.NFO,07/01/2020,09:40:18,6.3,6.15,1500,6.3,2000,500,371500
HDFCBANK30Jan201340CE.NFO,07/01/2020,09:40:24,6.3,6.15,1500,6.3,2000,0,371500
HDFCBANK30Jan201340CE.NFO,07/01/2020,09:40:28,6.3,6.15,1500,6.3,500,1500,371500
HDFCBANK30Jan201340CE.NFO,07/01/2020,09:40:33,6.3,6.15,1500,6.35,1500,500,371500
HDFCBANK30Jan201340CE.NFO,07/01/2020,09:40:43,6.3,6.2,1500,6.35,1500,0,371500
HDFCBANK30Jan201340CE.NFO,07/01/2020,09:40:48,6.3,6.25,500,6.4,2000,0,371500
HDFCBANK30Jan201340CE.NFO,07/01/2020,09:40:52,6.3,6.2,2000,6.35,500,0,371500
HDFCBANK30Jan201340CE.NFO,07/01/2020,09:40:57,6.3,6.2,2000,6.4,2000,0,371500
HDFCBANK30Jan201340CE.NFO,07/01/2020,09:41:02,6.4,6.3,1500,6.45,500,1000,371500
HDFCBANK30Jan201340CE.NFO,07/01/2020,09:41:08,6.45,6.3,2000,6.5,1500,500,371500
HDFCBANK30Jan201340CE.NFO,07/01/2020,09:41:18,6.3,6.2,2500,6.35,1000,1000,357000
HDFCBANK30Jan201340CE.NFO,07/01/2020,09:41:22,6.3,6.3,500,6.4,500,2500,357000
HDFCBANK30Jan201340CE.NFO,07/01/2020,09:41:26,6.3,6.3,500,6.4,1000,0,357000
HDFCBANK30Jan201340CE.NFO,07/01/2020,09:41:31,6.3,6.3,500,6.4,2000,1000,357000
HDFCBANK30Jan201340CE.NFO,07/01/2020,09:41:36,6.4,6.3,1000,6.4,1000,1000,357000
HDFCBANK30Jan201340CE.NFO,07/01/2020,09:41:46,6.4,6.25,500,6.4,1000,0,357000
HDFCBANK30Jan201340CE.NFO,07/01/2020,09:41:51,6.4,6.3,1000,6.45,1000,1500,357000
HDFCBANK30Jan201340CE.NFO,07/01/2020,09:41:57,6.4,6.3,1000,6.45,500,1000,357000
HDFCBANK30Jan201340CE.NFO,07/01/2020,09:42:04,6.3,6.15,2500,6.4,3000,500,357000
HDFCBANK30Jan201340CE.NFO,07/01/2020,09:42:11,6.3,6.15,2500,6.4,3000,0,357000
HDFCBANK30Jan201340CE.NFO,07/01/2020,09:42:17,6.3,6.15,2500,6.4,2500,0,357000
HDFCBANK30Jan201340CE.NFO,07/01/2020,09:42:23,6.3,6.15,2500,6.4,2000,0,357000
HDFCBANK30Jan201340CE.NFO,07/01/2020,09:42:31,6.3,6.3,500,6.4,500,0,357000
HDFCBANK30Jan201340CE.NFO,07/01/2020,09:42:38,6.3,6.25,500,6.35,500,1000,357000
HDFCBANK30Jan201340CE.NFO,07/01/2020,09:42:44,6.3,6.2,1000,6.35,1000,0,357000
HDFCBANK30Jan201340CE.NFO,07/01/2020,09:42:50,6.3,6.15,2500,6.25,1000,0,357000
HDFCBANK30Jan201340CE.NFO,07/01/2020,09:42:57,6.3,6.15,2500,6.3,500,0,357000
HDFCBANK30Jan201340CE.NFO,07/01/2020,09:43:03,6.3,6.15,2000,6.25,500,0,357000
HDFCBANK30Jan201340CE.NFO,07/01/2020,09:43:08,6.3,6.15,3000,6.35,1000,0,357000
HDFCBANK30Jan201340CE.NFO,07/01/2020,09:43:13,6.3,6.2,2500,6.4,1500,0,357000
HDFCBANK30Jan201340CE.NFO,07/01/2020,09:43:19,6.2,6.2,2000,6.35,1500,500,357000
HDFCBANK30Jan201340CE.NFO,07/01/2020,09:43:24,6.2,6.2,1500,6.35,1000,500,357000
HDFCBANK30Jan201340CE.NFO,07/01/2020,09:43:29,6.2,6.2,500,6.35,2000,0,357000
HDFCBANK30Jan201340CE.NFO,07/01/2020,09:43:34,6.2,6.15,3000,6.35,2000,0,357000
HDFCBANK30Jan201340CE.NFO,07/01/2020,09:43:39,6.2,6.15,2000,6.25,500,0,357000
HDFCBANK30Jan201340CE.NFO,07/01/2020,09:43:44,6.2,6.15,2500,6.35,2000,0,357000
HDFCBANK30Jan201340CE.NFO,07/01/2020,09:43:48,6.2,6.15,1000,6.25,1500,0,357000
HDFCBANK30Jan201340CE.NFO,07/01/2020,09:43:52,6.15,6.1,2000,6.25,1500,1500,357000
HDFCBANK30Jan201340CE.NFO,07/01/2020,09:43:57,6.15,6.1,2000,6.25,2000,0,357000
HDFCBANK30Jan201340CE.NFO,07/01/2020,09:44:02,6.15,6.1,2000,6.25,1000,0,357000
HDFCBANK30Jan201340CE.NFO,07/01/2020,09:44:07,6.15,6.1,2000,6.25,1500,0,357000
HDFCBANK30Jan201340CE.NFO,07/01/2020,09:44:18,6.15,6.2,500,6.3,500,0,357000
HDFCBANK30Jan201340CE.NFO,07/01/2020,09:44:39,6.15,6.25,1500,6.4,1500,0,357000
HDFCBANK30Jan201340CE.NFO,07/01/2020,09:44:45,6.15,6.25,500,6.4,1000,0,357000
HDFCBANK30Jan201340CE.NFO,07/01/2020,09:44:54,6.3,6.2,1000,6.35,500,3000,351000
HDFCBANK30Jan201340CE.NFO,07/01/2020,09:44:59,6.3,6.2,500,6.35,1000,500,351000
HDFCBANK30Jan201340CE.NFO,07/01/2020,09:45:12,6.3,6.2,500,6.4,3000,500,351000
HDFCBANK30Jan201340CE.NFO,07/01/2020,09:45:24,6.3,6.15,1000,6.3,1500,0,351000
HDFCBANK30Jan201340CE.NFO,07/01/2020,09:45:30,6.3,6.15,1500,6.3,500,0,351000
HDFCBANK30Jan201340CE.NFO,07/01/2020,09:45:36,6.3,6.15,1500,6.3,1500,0,351000
HDFCBANK30Jan201340CE.NFO,07/01/2020,09:45:42,6.3,6.15,3000,6.3,1500,0,351000
HDFCBANK30Jan201340CE.NFO,07/01/2020,09:45:48,6.3,6.15,2000,6.25,1500,0,351000
HDFCBANK30Jan201340CE.NFO,07/01/2020,09:45:59,6.3,6.15,2500,6.3,1500,0,351000
HDFCBANK30Jan201340CE.NFO,07/01/2020,09:46:04,6.15,6.15,1500,6.25,1000,500,351000
HDFCBANK30Jan201340CE.NFO,07/01/2020,09:46:20,6.15,6.15,1000,6.25,1000,500,351000
HDFCBANK30Jan201340CE.NFO,07/01/2020,09:46:24,6.15,6.15,500,6.25,1000,1000,351000
HDFCBANK30Jan201340CE.NFO,07/01/2020,09:46:30,6.15,6.15,500,6.25,1500,500,351000
HDFCBANK30Jan201340CE.NFO,07/01/2020,09:46:35,6.15,6.15,1000,6.25,1500,500,351000
HDFCBANK30Jan201340CE.NFO,07/01/2020,09:46:40,6.15,6.1,3000,6.25,1500,0,351000
HDFCBANK30Jan201340CE.NFO,07/01/2020,09:46:49,6.25,6.1,2500,6.2,1000,1500,351000
HDFCBANK30Jan201340CE.NFO,07/01/2020,09:46:53,6.1,6.1,500,6.2,2500,1000,351000
HDFCBANK30Jan201340CE.NFO,07/01/2020,09:46:58,6.1,6.1,500,6.2,2500,0,351000
HDFCBANK30Jan201340CE.NFO,07/01/2020,09:47:07,6.1,6.1,500,6.2,1000,0,351000
HDFCBANK30Jan201340CE.NFO,07/01/2020,09:47:12,6.1,6.1,500,6.2,2000,0,351000
HDFCBANK30Jan201340CE.NFO,07/01/2020,09:47:24,6.1,6.05,2000,6.2,2000,0,351000
HDFCBANK30Jan201340CE.NFO,07/01/2020,09:47:34,6.1,6.05,1000,6.2,2000,0,351000
HDFCBANK30Jan201340CE.NFO,07/01/2020,09:47:43,6.1,6.1,1500,6.2,2500,0,351000
HDFCBANK30Jan201340CE.NFO,07/01/2020,09:47:46,6.1,6.1,1500,6.2,1000,0,351000
HDFCBANK30Jan201340CE.NFO,07/01/2020,09:47:59,6.1,6.1,1500,6.2,2000,0,351000
HDFCBANK30Jan201340CE.NFO,07/01/2020,09:48:06,6.2,6.05,1500,6.2,2000,1500,346500
HDFCBANK30Jan201340CE.NFO,07/01/2020,09:48:10,6.2,6.05,500,6.2,2000,0,346500
HDFCBANK30Jan201340CE.NFO,07/01/2020,09:48:19,6.2,6,3000,6.15,1000,0,346500
HDFCBANK30Jan201340CE.NFO,07/01/2020,09:48:22,6.2,6,2500,6.1,1500,0,346500
HDFCBANK30Jan201340CE.NFO,07/01/2020,09:48:30,6.2,6,3500,6.15,2000,0,346500
HDFCBANK30Jan201340CE.NFO,07/01/2020,09:48:34,6.2,6,4000,6.15,2000,0,346500
HDFCBANK30Jan201340CE.NFO,07/01/2020,09:48:43,6.2,6,5000,6.2,3500,0,346500
HDFCBANK30Jan201340CE.NFO,07/01/2020,09:48:52,6.2,6,4000,6.15,2000,0,346500
HDFCBANK30Jan201340CE.NFO,07/01/2020,09:48:59,6.05,6,2500,6.1,2000,500,346500
HDFCBANK30Jan201340CE.NFO,07/01/2020,09:49:04,6.1,6,4000,6.15,1500,500,346500
HDFCBANK30Jan201340CE.NFO,07/01/2020,09:49:08,6.1,6,5500,6.15,1000,0,346500
HDFCBANK30Jan201340CE.NFO,07/01/2020,09:49:13,6.1,6,6500,6.15,1000,0,346500
HDFCBANK30Jan201340CE.NFO,07/01/2020,09:49:18,6.1,6,2500,6.1,3000,0,346500
HDFCBANK30Jan201340CE.NFO,07/01/2020,09:49:23,6,5.9,2500,6,500,2500,346500
HDFCBANK30Jan201340CE.NFO,07/01/2020,09:49:30,5.9,5.85,2000,5.95,1000,1500,346500
HDFCBANK30Jan201340CE.NFO,07/01/2020,09:49:35,5.85,5.75,3500,5.9,500,1000,346500
HDFCBANK30Jan201340CE.NFO,07/01/2020,09:49:40,5.85,5.75,3500,5.85,500,0,346500
HDFCBANK30Jan201340CE.NFO,07/01/2020,09:49:46,5.85,5.85,1000,5.95,1500,500,346500
HDFCBANK30Jan201340CE.NFO,07/01/2020,09:49:51,5.85,5.85,500,5.95,500,0,346500
HDFCBANK30Jan201340CE.NFO,07/01/2020,09:49:55,5.85,5.85,1500,5.95,500,0,346500
HDFCBANK30Jan201340CE.NFO,07/01/2020,09:50:00,5.85,5.85,500,5.95,1000,0,346500
HDFCBANK30Jan201340CE.NFO,07/01/2020,09:50:05,5.85,5.85,3000,6,1000,0,346500
HDFCBANK30Jan201340CE.NFO,07/01/2020,09:50:11,5.85,5.85,1500,5.95,1000,0,346500
HDFCBANK30Jan201340CE.NFO,07/01/2020,09:50:16,5.85,5.85,2000,5.95,1000,0,346500
HDFCBANK30Jan201340CE.NFO,07/01/2020,09:50:21,5.85,5.85,2000,5.95,500,0,346500
HDFCBANK30Jan201340CE.NFO,07/01/2020,09:50:31,5.85,5.85,2500,5.95,500,0,346500
HDFCBANK30Jan201340CE.NFO,07/01/2020,09:50:41,5.85,5.7,4500,5.9,3500,1000,346000
HDFCBANK30Jan201340CE.NFO,07/01/2020,09:50:47,5.85,5.8,1000,5.95,3500,0,346000
HDFCBANK30Jan201340CE.NFO,07/01/2020,09:50:52,5.85,5.75,2000,5.95,4500,0,346000
HDFCBANK30Jan201340CE.NFO,07/01/2020,09:50:57,5.85,5.75,2500,5.9,1500,0,346000
HDFCBANK30Jan201340CE.NFO,07/01/2020,09:51:01,5.85,5.8,2500,5.95,1500,500,346000
HDFCBANK30Jan201340CE.NFO,07/01/2020,09:51:06,5.85,5.85,500,5.95,1500,0,346000
HDFCBANK30Jan201340CE.NFO,07/01/2020,09:51:12,5.85,5.85,1500,6,2500,0,346000
HDFCBANK30Jan201340CE.NFO,07/01/2020,09:51:17,5.85,5.85,2000,5.95,1000,0,346000
HDFCBANK30Jan201340CE.NFO,07/01/2020,09:51:22,5.85,5.7,4000,5.85,1000,0,346000
HDFCBANK30Jan201340CE.NFO,07/01/2020,09:51:28,5.85,5.8,1500,5.9,500,500,346000
HDFCBANK30Jan201340CE.NFO,07/01/2020,09:51:33,5.9,5.85,1000,5.95,500,500,346000
HDFCBANK30Jan201340CE.NFO,07/01/2020,09:51:38,5.9,5.8,2000,5.95,2000,0,346000
HDFCBANK30Jan201340CE.NFO,07/01/2020,09:51:42,5.9,5.75,3000,5.9,1500,0,346000
HDFCBANK30Jan201340CE.NFO,07/01/2020,09:51:47,5.9,5.85,500,5.95,2000,0,346000
HDFCBANK30Jan201340CE.NFO,07/01/2020,09:51:51,5.9,5.8,500,5.95,2500,0,346000
HDFCBANK30Jan201340CE.NFO,07/01/2020,09:51:59,5.9,5.85,2000,5.95,1500,0,346000
HDFCBANK30Jan201340CE.NFO,07/01/2020,09:52:03,5.9,5.75,3000,5.9,1500,0,346000
HDFCBANK30Jan201340CE.NFO,07/01/2020,09:52:07,5.9,5.8,500,5.9,1000,0,346000
HDFCBANK30Jan201340CE.NFO,07/01/2020,09:52:10,5.9,5.85,1000,5.95,2000,0,346000
HDFCBANK30Jan201340CE.NFO,07/01/2020,09:52:15,5.9,5.85,1000,5.95,1000,0,346000
HDFCBANK30Jan201340CE.NFO,07/01/2020,09:52:19,5.9,5.8,500,5.95,3000,0,346000
HDFCBANK30Jan201340CE.NFO,07/01/2020,09:52:24,5.9,5.75,3000,5.9,1000,500,346000
HDFCBANK30Jan201340CE.NFO,07/01/2020,09:52:28,5.9,5.8,1000,5.9,1000,0,346000
HDFCBANK30Jan201340CE.NFO,07/01/2020,09:52:34,5.9,5.8,1500,5.9,1000,0,346000
HDFCBANK30Jan201340CE.NFO,07/01/2020,09:52:38,5.9,5.85,1500,5.95,2000,500,346000
HDFCBANK30Jan201340CE.NFO,07/01/2020,09:52:43,5.9,5.9,1000,5.95,500,0,346000
HDFCBANK30Jan201340CE.NFO,07/01/2020,09:52:47,5.9,5.9,1000,6,1000,0,346000
HDFCBANK30Jan201340CE.NFO,07/01/2020,09:52:51,5.9,5.95,1000,6.05,3500,0,346000
HDFCBANK30Jan201340CE.NFO,07/01/2020,09:52:54,5.9,5.95,1000,6.05,3000,0,346000
HDFCBANK30Jan201340CE.NFO,07/01/2020,09:52:58,5.9,5.9,2000,6.1,3000,0,346000
HDFCBANK30Jan201340CE.NFO,07/01/2020,09:53:03,5.9,5.85,3000,6,500,0,346000
HDFCBANK30Jan201340CE.NFO,07/01/2020,09:53:09,5.9,5.9,1500,6.05,1500,0,346000
HDFCBANK30Jan201340CE.NFO,07/01/2020,09:53:14,5.9,5.9,1500,6.05,1000,0,346000
HDFCBANK30Jan201340CE.NFO,07/01/2020,09:53:19,5.9,5.85,2000,6,1500,0,346000
HDFCBANK30Jan201340CE.NFO,07/01/2020,09:53:25,5.9,5.85,1000,6,1500,0,346000
HDFCBANK30Jan201340CE.NFO,07/01/2020,09:53:30,5.9,5.85,1000,6,2500,0,346000
HDFCBANK30Jan201340CE.NFO,07/01/2020,09:53:35,5.9,5.85,500,6,2500,0,346000
HDFCBANK30Jan201340CE.NFO,07/01/2020,09:53:45,5.9,5.85,2500,6,1500,0,346000
HDFCBANK30Jan201340CE.NFO,07/01/2020,09:53:50,5.9,5.85,1500,6,2000,0,346000
HDFCBANK30Jan201340CE.NFO,07/01/2020,09:53:54,5.9,5.85,2500,6,1500,0,346000
HDFCBANK30Jan201340CE.NFO,07/01/2020,09:53:58,5.9,5.85,1500,6,2000,500,348000
HDFCBANK30Jan201340CE.NFO,07/01/2020,09:54:02,5.85,5.85,1500,5.95,500,500,348000
HDFCBANK30Jan201340CE.NFO,07/01/2020,09:54:07,5.85,5.8,2000,5.95,1500,0,348000
HDFCBANK30Jan201340CE.NFO,07/01/2020,09:54:16,5.8,5.8,2000,5.95,2000,500,348000
HDFCBANK30Jan201340CE.NFO,07/01/2020,09:54:20,5.8,5.8,1500,5.95,2000,0,348000
HDFCBANK30Jan201340CE.NFO,07/01/2020,09:54:25,5.8,5.8,1000,5.95,3000,0,348000
HDFCBANK30Jan201340CE.NFO,07/01/2020,09:54:30,5.8,5.85,1500,5.95,1000,0,348000
HDFCBANK30Jan201340CE.NFO,07/01/2020,09:54:43,5.8,5.85,1000,5.95,1000,0,348000
HDFCBANK30Jan201340CE.NFO,07/01/2020,09:54:52,5.85,5.85,500,5.95,1000,500,348000
HDFCBANK30Jan201340CE.NFO,07/01/2020,09:54:57,5.85,5.85,1500,6,1500,0,348000
HDFCBANK30Jan201340CE.NFO,07/01/2020,09:55:07,5.85,5.9,500,6,1000,0,348000
HDFCBANK30Jan201340CE.NFO,07/01/2020,09:55:12,5.85,5.85,2500,6,1500,0,348000
HDFCBANK30Jan201340CE.NFO,07/01/2020,09:55:17,6,5.9,2000,6.1,2500,1000,348000
HDFCBANK30Jan201340CE.NFO,07/01/2020,09:55:32,6,6.05,1500,6.2,2500,0,348000
HDFCBANK30Jan201340CE.NFO,07/01/2020,09:55:36,6,6,3000,6.2,3500,0,348000
HDFCBANK30Jan201340CE.NFO,07/01/2020,09:55:40,6,6.05,1500,6.2,2000,0,348000
HDFCBANK30Jan201340CE.NFO,07/01/2020,09:55:45,6.05,6.15,500,6.2,2000,500,348000
HDFCBANK30Jan201340CE.NFO,07/01/2020,09:55:50,6.2,6.15,500,6.25,7000,500,348000
HDFCBANK30Jan201340CE.NFO,07/01/2020,09:55:55,6.2,6.1,500,6.25,8500,0,348000
HDFCBANK30Jan201340CE.NFO,07/01/2020,09:56:00,6.2,6.1,1000,6.25,9000,0,348000
HDFCBANK30Jan201340CE.NFO,07/01/2020,09:56:09,6.2,6.05,2500,6.25,9000,0,348000
HDFCBANK30Jan201340CE.NFO,07/01/2020,09:56:15,6.2,6.1,500,6.25,9500,0,348000
HDFCBANK30Jan201340CE.NFO,07/01/2020,09:56:20,6.2,6.05,1500,6.2,1500,0,348000
HDFCBANK30Jan201340CE.NFO,07/01/2020,09:56:25,6.2,6.05,1500,6.2,2500,0,348000
HDFCBANK30Jan201340CE.NFO,07/01/2020,09:56:31,6.2,6.05,500,6.15,1000,0,348000
HDFCBANK30Jan201340CE.NFO,07/01/2020,09:56:37,6.2,6,1000,6.1,500,0,348000
HDFCBANK30Jan201340CE.NFO,07/01/2020,09:56:46,6,5.95,2000,6.1,3000,500,347500
HDFCBANK30Jan201340CE.NFO,07/01/2020,09:56:50,6,5.9,2000,6.1,4500,0,347500
HDFCBANK30Jan201340CE.NFO,07/01/2020,09:57:03,6,5.9,2000,6.1,4000,0,347500
HDFCBANK30Jan201340CE.NFO,07/01/2020,09:57:08,6,5.95,1000,6.1,4500,0,347500
HDFCBANK30Jan201340CE.NFO,07/01/2020,09:57:16,6,6,2000,6.1,1500,0,347500
HDFCBANK30Jan201340CE.NFO,07/01/2020,09:57:20,6,5.95,2500,6.1,1500,0,347500
HDFCBANK30Jan201340CE.NFO,07/01/2020,09:57:25,6,6,1000,6.1,1500,0,347500
HDFCBANK30Jan201340CE.NFO,07/01/2020,09:57:37,6,5.95,2000,6.1,3000,500,347500
HDFCBANK30Jan201340CE.NFO,07/01/2020,09:57:40,6,5.95,2000,6.1,2000,0,347500
HDFCBANK30Jan201340CE.NFO,07/01/2020,09:57:44,6,5.95,1000,6.1,1500,1500,347500
HDFCBANK30Jan201340CE.NFO,07/01/2020,09:57:59,6,5.95,1000,6.1,3500,0,347500
HDFCBANK30Jan201340CE.NFO,07/01/2020,09:58:03,6,5.95,500,6.1,3500,0,347500
HDFCBANK30Jan201340CE.NFO,07/01/2020,09:58:08,6,5.9,2500,6,500,0,347500
HDFCBANK30Jan201340CE.NFO,07/01/2020,09:58:17,6,5.9,1000,6,1000,500,347500
HDFCBANK30Jan201340CE.NFO,07/01/2020,09:58:21,6,5.85,3000,6,1000,0,347500
HDFCBANK30Jan201340CE.NFO,07/01/2020,09:58:25,5.85,5.85,1000,5.95,500,500,347500
HDFCBANK30Jan201340CE.NFO,07/01/2020,09:58:30,5.85,5.85,2000,5.95,500,0,347500
HDFCBANK30Jan201340CE.NFO,07/01/2020,09:58:38,5.85,5.85,2500,5.95,500,0,347500
HDFCBANK30Jan201340CE.NFO,07/01/2020,09:58:43,5.85,5.85,2000,6,1000,0,347500
HDFCBANK30Jan201340CE.NFO,07/01/2020,09:58:48,5.85,5.75,4500,5.95,2000,0,347500
HDFCBANK30Jan201340CE.NFO,07/01/2020,09:59:00,5.85,5.75,4000,5.95,3000,0,347500
HDFCBANK30Jan201340CE.NFO,07/01/2020,09:59:06,5.85,5.8,500,5.95,3000,0,347500
HDFCBANK30Jan201340CE.NFO,07/01/2020,09:59:12,5.85,5.75,4500,5.95,3500,0,347500
HDFCBANK30Jan201340CE.NFO,07/01/2020,09:59:17,5.85,5.75,3500,5.85,500,0,347500
HDFCBANK30Jan201340CE.NFO,07/01/2020,09:59:28,5.85,5.75,2500,5.85,500,0,347500
HDFCBANK30Jan201340CE.NFO,07/01/2020,09:59:33,5.85,5.75,4000,5.85,500,1500,345000
HDFCBANK30Jan201340CE.NFO,07/01/2020,09:59:38,5.85,5.8,1000,5.95,3000,0,345000
HDFCBANK30Jan201340CE.NFO,07/01/2020,09:59:44,5.85,5.8,2000,5.95,3000,0,345000
HDFCBANK30Jan201340CE.NFO,07/01/2020,09:59:50,5.85,5.85,3500,5.95,2000,0,345000
HDFCBANK30Jan201340CE.NFO,07/01/2020,10:00:11,5.85,5.85,5500,5.95,500,0,345000
HDFCBANK30Jan201340CE.NFO,07/01/2020,10:00:17,5.85,5.9,1000,6.05,1000,0,345000
HDFCBANK30Jan201340CE.NFO,07/01/2020,10:00:22,5.85,5.85,4000,6,2500,0,345000
HDFCBANK30Jan201340CE.NFO,07/01/2020,10:00:28,5.85,5.85,6000,6,2000,0,345000
HDFCBANK30Jan201340CE.NFO,07/01/2020,10:00:38,5.85,5.85,3500,6,1500,1500,345000
HDFCBANK30Jan201340CE.NFO,07/01/2020,10:00:45,5.85,5.85,3000,6,2500,0,345000
HDFCBANK30Jan201340CE.NFO,07/01/2020,10:00:52,5.95,5.75,4500,5.9,2500,2000,345000
HDFCBANK30Jan201340CE.NFO,07/01/2020,10:00:59,5.95,5.75,4500,5.9,2500,0,345000
HDFCBANK30Jan201340CE.NFO,07/01/2020,10:01:11,5.95,5.75,2000,5.9,3500,0,345000
HDFCBANK30Jan201340CE.NFO,07/01/2020,10:01:17,5.95,5.75,2000,5.8,1500,0,345000
HDFCBANK30Jan201340CE.NFO,07/01/2020,10:01:24,5.95,5.75,2000,5.85,2500,0,345000
HDFCBANK30Jan201340CE.NFO,07/01/2020,10:01:29,5.75,5.75,1500,5.85,3500,500,345000
HDFCBANK30Jan201340CE.NFO,07/01/2020,10:01:36,5.75,5.75,1500,5.85,3000,0,345000
HDFCBANK30Jan201340CE.NFO,07/01/2020,10:01:42,5.75,5.75,1500,5.85,2500,0,345000
HDFCBANK30Jan201340CE.NFO,07/01/2020,10:01:47,5.75,5.75,2000,5.85,2500,0,345000
HDFCBANK30Jan201340CE.NFO,07/01/2020,10:01:53,5.75,5.75,1000,5.85,2500,500,345000
HDFCBANK30Jan201340CE.NFO,07/01/2020,10:02:03,5.75,5.75,3000,5.9,2000,0,345000
HDFCBANK30Jan201340CE.NFO,07/01/2020,10:02:09,5.75,5.75,3000,5.9,2500,0,345000
HDFCBANK30Jan201340CE.NFO,07/01/2020,10:02:15,5.8,5.8,500,5.9,1500,500,345000
HDFCBANK30Jan201340CE.NFO,07/01/2020,10:02:19,5.8,5.75,2500,5.9,2000,0,345000
HDFCBANK30Jan201340CE.NFO,07/01/2020,10:02:25,5.8,5.75,1500,5.9,3500,0,345000
HDFCBANK30Jan201340CE.NFO,07/01/2020,10:02:30,5.8,5.75,2500,5.9,3500,0,345000
HDFCBANK30Jan201340CE.NFO,07/01/2020,10:02:36,5.8,5.8,2000,5.9,500,0,345000
HDFCBANK30Jan201340CE.NFO,07/01/2020,10:02:47,5.8,5.8,2500,5.9,500,0,345000
HDFCBANK30Jan201340CE.NFO,07/01/2020,10:02:58,5.8,5.85,2500,6,1000,0,345000
HDFCBANK30Jan201340CE.NFO,07/01/2020,10:03:07,5.8,5.85,2500,6,500,0,345000
HDFCBANK30Jan201340CE.NFO,07/01/2020,10:03:12,5.8,5.85,2500,6,1500,0,345000
HDFCBANK30Jan201340CE.NFO,07/01/2020,10:03:17,5.8,5.85,2500,6,500,0,345000
HDFCBANK30Jan201340CE.NFO,07/01/2020,10:03:21,5.8,5.8,2500,5.95,2500,0,345000
HDFCBANK30Jan201340CE.NFO,07/01/2020,10:03:26,5.8,5.8,2000,5.9,2000,0,345000
HDFCBANK30Jan201340CE.NFO,07/01/2020,10:03:31,5.85,5.8,2000,5.9,1500,1500,343000
HDFCBANK30Jan201340CE.NFO,07/01/2020,10:03:36,5.85,5.85,500,5.95,2500,0,343000
HDFCBANK30Jan201340CE.NFO,07/01/2020,10:03:40,5.85,5.8,2500,5.95,3000,0,343000
HDFCBANK30Jan201340CE.NFO,07/01/2020,10:03:44,5.85,5.8,2500,5.9,1000,0,343000
HDFCBANK30Jan201340CE.NFO,07/01/2020,10:03:48,5.85,5.8,2000,5.9,1000,0,343000
HDFCBANK30Jan201340CE.NFO,07/01/2020,10:03:53,5.85,5.85,1000,5.95,2000,0,343000
HDFCBANK30Jan201340CE.NFO,07/01/2020,10:03:58,5.85,5.85,1500,6,2500,0,343000
HDFCBANK30Jan201340CE.NFO,07/01/2020,10:04:21,5.85,5.85,2500,6,2500,0,343000
HDFCBANK30Jan201340CE.NFO,07/01/2020,10:04:25,5.85,5.9,2500,6.1,3500,0,343000
HDFCBANK30Jan201340CE.NFO,07/01/2020,10:04:34,5.85,5.95,2000,6.1,3000,0,343000
HDFCBANK30Jan201340CE.NFO,07/01/2020,10:04:38,5.85,5.95,1000,6.1,3000,0,343000
HDFCBANK30Jan201340CE.NFO,07/01/2020,10:04:44,5.85,5.95,1500,6.1,3000,0,343000
HDFCBANK30Jan201340CE.NFO,07/01/2020,10:04:53,6.1,6,1500,6.1,500,500,343000
HDFCBANK30Jan201340CE.NFO,07/01/2020,10:04:57,6.1,6,1000,6.1,500,0,343000
HDFCBANK30Jan201340CE.NFO,07/01/2020,10:05:01,6.1,6,1500,6.1,1500,0,343000
HDFCBANK30Jan201340CE.NFO,07/01/2020,10:05:06,6.1,6,1500,6.1,500,0,343000
HDFCBANK30Jan201340CE.NFO,07/01/2020,10:05:11,6.1,6,1000,6.1,500,0,343000
HDFCBANK30Jan201340CE.NFO,07/01/2020,10:05:19,6,5.95,1500,6.1,3500,500,343000
HDFCBANK30Jan201340CE.NFO,07/01/2020,10:05:24,6,5.9,1500,6,500,0,343000
HDFCBANK30Jan201340CE.NFO,07/01/2020,10:05:28,6,5.9,2500,6,500,0,343000
HDFCBANK30Jan201340CE.NFO,07/01/2020,10:05:33,6,5.85,3000,6,500,0,343000
HDFCBANK30Jan201340CE.NFO,07/01/2020,10:05:40,6,5.9,2000,6,500,0,343000
HDFCBANK30Jan201340CE.NFO,07/01/2020,10:05:45,6,5.9,2500,6.05,2000,0,343000
HDFCBANK30Jan201340CE.NFO,07/01/2020,10:05:52,6,5.95,500,6.1,3500,0,343000
HDFCBANK30Jan201340CE.NFO,07/01/2020,10:05:57,6,5.9,2000,6.05,2000,0,343000
HDFCBANK30Jan201340CE.NFO,07/01/2020,10:06:08,5.95,5.9,500,6,2000,500,342000
HDFCBANK30Jan201340CE.NFO,07/01/2020,10:06:18,5.95,5.8,1500,5.9,1000,0,342000
HDFCBANK30Jan201340CE.NFO,07/01/2020,10:06:24,5.95,5.8,1500,5.85,1000,0,342000
HDFCBANK30Jan201340CE.NFO,07/01/2020,10:06:30,5.95,5.8,1500,5.9,1000,0,342000
HDFCBANK30Jan201340CE.NFO,07/01/2020,10:06:35,5.95,5.8,2500,5.9,1000,0,342000
HDFCBANK30Jan201340CE.NFO,07/01/2020,10:06:52,5.95,5.8,2500,5.95,3500,0,342000
HDFCBANK30Jan201340CE.NFO,07/01/2020,10:06:58,5.95,5.8,2500,5.9,1000,0,342000
HDFCBANK30Jan201340CE.NFO,07/01/2020,10:07:03,5.95,5.8,1500,5.9,1000,0,342000
HDFCBANK30Jan201340CE.NFO,07/01/2020,10:07:09,5.95,5.8,1500,5.85,1000,0,342000
HDFCBANK30Jan201340CE.NFO,07/01/2020,10:07:14,5.8,5.75,1000,5.8,1500,1000,342000
HDFCBANK30Jan201340CE.NFO,07/01/2020,10:07:20,5.75,5.7,2000,5.85,2000,1000,342000
HDFCBANK30Jan201340CE.NFO,07/01/2020,10:07:31,5.75,5.7,500,5.8,2500,0,342000
HDFCBANK30Jan201340CE.NFO,07/01/2020,10:07:36,5.75,5.7,500,5.8,1500,0,342000
HDFCBANK30Jan201340CE.NFO,07/01/2020,10:07:41,5.75,5.75,1000,5.85,1500,0,342000
HDFCBANK30Jan201340CE.NFO,07/01/2020,10:07:46,5.75,5.7,1500,5.85,1500,0,342000
HDFCBANK30Jan201340CE.NFO,07/01/2020,10:07:52,5.75,5.75,500,5.9,3500,0,342000
HDFCBANK30Jan201340CE.NFO,07/01/2020,10:07:57,5.75,5.7,1500,5.8,1000,0,342000
HDFCBANK30Jan201340CE.NFO,07/01/2020,10:08:06,5.75,5.7,1500,5.85,1500,0,342000
HDFCBANK30Jan201340CE.NFO,07/01/2020,10:08:10,5.75,5.75,1000,5.85,1500,0,342000
HDFCBANK30Jan201340CE.NFO,07/01/2020,10:08:15,5.75,5.75,1500,5.9,1000,0,342000
HDFCBANK30Jan201340CE.NFO,07/01/2020,10:08:24,5.75,5.75,1500,5.9,1500,0,342000
HDFCBANK30Jan201340CE.NFO,07/01/2020,10:08:29,5.75,5.8,500,5.9,1500,0,342000
HDFCBANK30Jan201340CE.NFO,07/01/2020,10:08:34,5.75,5.8,1000,5.9,1500,0,342000
HDFCBANK30Jan201340CE.NFO,07/01/2020,10:08:44,5.75,5.8,1000,5.95,3500,0,342000
HDFCBANK30Jan201340CE.NFO,07/01/2020,10:08:49,5.75,5.85,1000,5.95,1500,0,342000
HDFCBANK30Jan201340CE.NFO,07/01/2020,10:08:52,5.75,5.85,1500,5.95,500,0,342000
HDFCBANK30Jan201340CE.NFO,07/01/2020,10:08:56,5.75,5.85,3000,6.05,3500,0,342000
HDFCBANK30Jan201340CE.NFO,07/01/2020,10:09:01,5.75,5.85,1000,5.95,500,0,342000
HDFCBANK30Jan201340CE.NFO,07/01/2020,10:09:05,5.75,5.85,1500,5.95,500,0,342000
HDFCBANK30Jan201340CE.NFO,07/01/2020,10:09:14,5.75,5.8,2500,5.95,1500,0,342000
HDFCBANK30Jan201340CE.NFO,07/01/2020,10:09:23,5.75,5.85,1500,5.95,1500,0,342000
HDFCBANK30Jan201340CE.NFO,07/01/2020,10:09:27,5.75,5.85,2000,6,1500,0,342000
HDFCBANK30Jan201340CE.NFO,07/01/2020,10:09:31,5.75,5.85,2000,6,2000,0,342000
HDFCBANK30Jan201340CE.NFO,07/01/2020,10:09:39,5.75,5.85,2000,5.95,1000,0,342000
HDFCBANK30Jan201340CE.NFO,07/01/2020,10:09:48,5.75,5.85,3000,6,1000,0,342000
HDFCBANK30Jan201340CE.NFO,07/01/2020,10:09:52,5.75,5.9,1000,6,1000,0,342000
HDFCBANK30Jan201340CE.NFO,07/01/2020,10:09:57,5.75,5.9,2000,6,1000,0,342000
HDFCBANK30Jan201340CE.NFO,07/01/2020,10:10:03,5.75,5.85,3000,6,1000,0,342000
HDFCBANK30Jan201340CE.NFO,07/01/2020,10:10:13,5.75,5.9,1000,6,1000,0,342000
HDFCBANK30Jan201340CE.NFO,07/01/2020,10:10:18,5.75,5.9,2000,6,1000,0,342000
HDFCBANK30Jan201340CE.NFO,07/01/2020,10:10:25,5.75,5.9,1000,6,1000,0,342000
HDFCBANK30Jan201340CE.NFO,07/01/2020,10:10:29,5.75,5.9,2500,6.05,2500,0,342000
HDFCBANK30Jan201340CE.NFO,07/01/2020,10:10:34,5.75,5.95,2500,6.1,3500,0,342000
HDFCBANK30Jan201340CE.NFO,07/01/2020,10:10:38,5.75,5.95,3000,6.1,3500,0,342000
HDFCBANK30Jan201340CE.NFO,07/01/2020,10:10:42,5.75,5.95,1500,6.1,3500,0,342000
HDFCBANK30Jan201340CE.NFO,07/01/2020,10:10:47,5.75,5.95,2500,6.1,4000,0,342000
HDFCBANK30Jan201340CE.NFO,07/01/2020,10:11:08,6.1,5.95,1500,6.1,6000,500,343000
HDFCBANK30Jan201340CE.NFO,07/01/2020,10:11:18,6.1,5.95,1500,6.1,4500,0,343000
HDFCBANK30Jan201340CE.NFO,07/01/2020,10:11:24,6.1,5.95,2500,6.1,3000,1000,343000
HDFCBANK30Jan201340CE.NFO,07/01/2020,10:11:29,6.1,5.95,1000,6.1,4000,0,343000
HDFCBANK30Jan201340CE.NFO,07/01/2020,10:11:34,6.1,5.95,2000,6.05,500,0,343000
HDFCBANK30Jan201340CE.NFO,07/01/2020,10:11:45,6.1,5.9,2000,6.05,500,0,343000
HDFCBANK30Jan201340CE.NFO,07/01/2020,10:11:55,6.1,5.9,2000,6.05,2500,0,343000
HDFCBANK30Jan201340CE.NFO,07/01/2020,10:12:00,6.1,5.9,1000,6.05,3000,0,343000
HDFCBANK30Jan201340CE.NFO,07/01/2020,10:12:12,6.1,5.9,500,6.05,3000,0,343000
HDFCBANK30Jan201340CE.NFO,07/01/2020,10:12:17,6.1,5.85,3000,6,500,0,343000
HDFCBANK30Jan201340CE.NFO,07/01/2020,10:12:46,6.1,5.85,2500,6.05,2000,0,343000
HDFCBANK30Jan201340CE.NFO,07/01/2020,10:13:01,6.1,5.85,3000,6.05,2000,0,343000
HDFCBANK30Jan201340CE.NFO,07/01/2020,10:13:06,6.1,5.85,2500,6.05,2000,0,343000
HDFCBANK30Jan201340CE.NFO,07/01/2020,10:13:11,6.1,5.85,2500,6,1500,0,343000
HDFCBANK30Jan201340CE.NFO,07/01/2020,10:13:17,6.1,5.9,500,6.05,2000,0,343000
HDFCBANK30Jan201340CE.NFO,07/01/2020,10:13:36,6.1,5.85,3000,6,2000,0,343000
HDFCBANK30Jan201340CE.NFO,07/01/2020,10:13:40,6.1,5.85,2000,6,500,0,343000
HDFCBANK30Jan201340CE.NFO,07/01/2020,10:13:45,6.1,5.95,500,6.05,500,0,343000
HDFCBANK30Jan201340CE.NFO,07/01/2020,10:13:51,6.1,5.95,500,6.05,2000,0,343000
HDFCBANK30Jan201340CE.NFO,07/01/2020,10:14:05,6.1,5.9,2500,6.05,2000,0,343000
HDFCBANK30Jan201340CE.NFO,07/01/2020,10:14:10,6.1,5.9,2500,6.05,1000,0,343000
HDFCBANK30Jan201340CE.NFO,07/01/2020,10:14:15,6.1,5.95,1000,6.1,5500,0,343000
HDFCBANK30Jan201340CE.NFO,07/01/2020,10:14:26,6.1,5.95,1000,6.1,4500,0,343000
HDFCBANK30Jan201340CE.NFO,07/01/2020,10:14:32,6.1,5.95,1000,6.1,5000,0,343000
HDFCBANK30Jan201340CE.NFO,07/01/2020,10:14:37,6.1,5.95,1000,6.1,6000,0,343000
HDFCBANK30Jan201340CE.NFO,07/01/2020,10:14:46,6.1,5.95,1000,6.1,5500,0,343000
HDFCBANK30Jan201340CE.NFO,07/01/2020,10:14:56,6.1,5.9,2500,6.05,2000,0,343000
HDFCBANK30Jan201340CE.NFO,07/01/2020,10:15:07,6.1,5.95,1000,6.1,5500,0,343000
HDFCBANK30Jan201340CE.NFO,07/01/2020,10:15:17,6.1,5.95,1000,6.05,1000,0,343000
HDFCBANK30Jan201340CE.NFO,07/01/2020,10:15:22,6.1,6,500,6.05,1500,0,343000
HDFCBANK30Jan201340CE.NFO,07/01/2020,10:15:27,6.05,6,500,6.1,4500,1500,340500
HDFCBANK30Jan201340CE.NFO,07/01/2020,10:15:31,6.05,6,500,6.1,5000,0,340500
HDFCBANK30Jan201340CE.NFO,07/01/2020,10:15:36,6.05,6,1000,6.1,5000,0,340500
HDFCBANK30Jan201340CE.NFO,07/01/2020,10:15:41,6.05,6,500,6.1,5000,0,340500
HDFCBANK30Jan201340CE.NFO,07/01/2020,10:15:46,6,5.9,500,6,2500,500,340500
HDFCBANK30Jan201340CE.NFO,07/01/2020,10:15:53,6,5.85,1000,5.95,500,0,340500
HDFCBANK30Jan201340CE.NFO,07/01/2020,10:15:58,6,5.8,2000,5.95,2000,0,340500
HDFCBANK30Jan201340CE.NFO,07/01/2020,10:16:03,6,5.8,2000,5.95,2500,0,340500
HDFCBANK30Jan201340CE.NFO,07/01/2020,10:16:12,6,5.8,2000,5.95,3000,0,340500
HDFCBANK30Jan201340CE.NFO,07/01/2020,10:16:20,6,5.8,1500,5.95,3000,0,340500
HDFCBANK30Jan201340CE.NFO,07/01/2020,10:16:25,6,5.8,1500,5.95,3500,0,340500
HDFCBANK30Jan201340CE.NFO,07/01/2020,10:16:30,6,5.85,1500,5.95,500,0,340500
HDFCBANK30Jan201340CE.NFO,07/01/2020,10:16:45,6,5.85,1000,5.95,1500,0,340500
HDFCBANK30Jan201340CE.NFO,07/01/2020,10:17:02,6,5.85,1000,5.95,500,0,340500
HDFCBANK30Jan201340CE.NFO,07/01/2020,10:17:07,6,5.85,500,5.95,500,0,340500
HDFCBANK30Jan201340CE.NFO,07/01/2020,10:17:12,6,5.8,500,5.9,500,0,340500
HDFCBANK30Jan201340CE.NFO,07/01/2020,10:17:16,6,5.8,500,5.95,2000,0,340500
HDFCBANK30Jan201340CE.NFO,07/01/2020,10:17:24,6,5.8,1000,5.95,2500,0,340500
HDFCBANK30Jan201340CE.NFO,07/01/2020,10:17:27,6,5.8,1000,5.95,3000,0,340500
HDFCBANK30Jan201340CE.NFO,07/01/2020,10:17:32,6,5.8,500,5.9,500,0,340500
HDFCBANK30Jan201340CE.NFO,07/01/2020,10:17:38,6,5.75,3000,5.9,2000,0,340500
HDFCBANK30Jan201340CE.NFO,07/01/2020,10:17:42,6,5.75,1000,5.85,1000,0,340500
HDFCBANK30Jan201340CE.NFO,07/01/2020,10:18:10,6,5.75,1000,5.9,2000,0,340500
HDFCBANK30Jan201340CE.NFO,07/01/2020,10:18:18,6,5.75,1000,5.85,1000,0,340500
HDFCBANK30Jan201340CE.NFO,07/01/2020,10:18:23,6,5.75,1500,5.85,1000,0,340500
HDFCBANK30Jan201340CE.NFO,07/01/2020,10:18:26,6,5.75,1000,5.85,1000,0,340500
HDFCBANK30Jan201340CE.NFO,07/01/2020,10:18:30,6,5.75,1500,5.9,2000,0,340500
HDFCBANK30Jan201340CE.NFO,07/01/2020,10:18:35,6,5.75,1000,5.85,1000,0,340500
HDFCBANK30Jan201340CE.NFO,07/01/2020,10:18:47,6,5.75,1500,5.85,1000,0,340500
HDFCBANK30Jan201340CE.NFO,07/01/2020,10:19:01,6,5.75,1000,5.8,1000,0,340500
HDFCBANK30Jan201340CE.NFO,07/01/2020,10:19:06,6,5.75,1000,5.85,1500,0,340500
HDFCBANK30Jan201340CE.NFO,07/01/2020,10:19:10,6,5.75,1000,5.8,1000,0,340500
HDFCBANK30Jan201340CE.NFO,07/01/2020,10:19:14,6,5.75,1000,5.85,1500,0,340500
HDFCBANK30Jan201340CE.NFO,07/01/2020,10:19:19,6,5.75,1500,5.9,2500,0,340500
HDFCBANK30Jan201340CE.NFO,07/01/2020,10:19:24,6,5.75,3000,5.95,3000,0,340500
HDFCBANK30Jan201340CE.NFO,07/01/2020,10:19:28,6,5.8,1000,5.95,2000,0,340500
HDFCBANK30Jan201340CE.NFO,07/01/2020,10:19:32,6,5.8,500,5.95,2000,0,340500
HDFCBANK30Jan201340CE.NFO,07/01/2020,10:19:35,6,5.75,1000,5.9,2500,0,340500
HDFCBANK30Jan201340CE.NFO,07/01/2020,10:19:39,6,5.75,500,5.85,1000,0,340500
HDFCBANK30Jan201340CE.NFO,07/01/2020,10:19:42,6,5.75,500,5.85,1500,0,340500
HDFCBANK30Jan201340CE.NFO,07/01/2020,10:19:49,6,5.75,1000,5.85,1500,0,340500
HDFCBANK30Jan201340CE.NFO,07/01/2020,10:19:54,6,5.75,1500,5.9,2000,0,340500
HDFCBANK30Jan201340CE.NFO,07/01/2020,10:19:58,6,5.8,500,5.9,1000,0,340500
HDFCBANK30Jan201340CE.NFO,07/01/2020,10:20:02,6,5.8,500,5.9,1500,0,340500
HDFCBANK30Jan201340CE.NFO,07/01/2020,10:20:10,6,5.75,2000,5.9,1500,0,340500
HDFCBANK30Jan201340CE.NFO,07/01/2020,10:20:15,6,5.8,500,5.9,1500,0,340500
HDFCBANK30Jan201340CE.NFO,07/01/2020,10:20:19,6,5.75,2000,5.9,1500,0,340500
HDFCBANK30Jan201340CE.NFO,07/01/2020,10:20:24,6,5.75,2000,5.9,2000,0,340500
HDFCBANK30Jan201340CE.NFO,07/01/2020,10:20:28,6,5.75,2000,5.9,2500,0,340500
HDFCBANK30Jan201340CE.NFO,07/01/2020,10:20:33,6,5.75,2000,5.9,2000,0,340500
HDFCBANK30Jan201340CE.NFO,07/01/2020,10:20:45,6,5.75,1500,5.85,1000,0,340500
HDFCBANK30Jan201340CE.NFO,07/01/2020,10:20:53,6,5.75,1500,5.9,2000,0,340500
HDFCBANK30Jan201340CE.NFO,07/01/2020,10:21:13,6,5.75,1000,5.85,1000,0,340500
HDFCBANK30Jan201340CE.NFO,07/01/2020,10:21:21,6,5.75,1500,5.9,2000,0,340500
HDFCBANK30Jan201340CE.NFO,07/01/2020,10:21:25,6,5.85,500,5.95,2500,0,340500
HDFCBANK30Jan201340CE.NFO,07/01/2020,10:21:28,6,5.85,1000,5.95,1500,0,340500
HDFCBANK30Jan201340CE.NFO,07/01/2020,10:21:37,6,5.85,1000,5.95,500,0,340500
HDFCBANK30Jan201340CE.NFO,07/01/2020,10:21:41,5.9,5.85,1000,5.9,4000,500,341500
HDFCBANK30Jan201340CE.NFO,07/01/2020,10:21:46,5.9,5.85,1000,5.9,4000,0,341500
HDFCBANK30Jan201340CE.NFO,07/01/2020,10:21:48,5.9,5.85,500,5.9,4000,0,341500
HDFCBANK30Jan201340CE.NFO,07/01/2020,10:21:51,5.9,5.75,2000,5.9,6000,0,341500
HDFCBANK30Jan201340CE.NFO,07/01/2020,10:22:02,5.9,5.75,2000,5.9,5500,0,341500
HDFCBANK30Jan201340CE.NFO,07/01/2020,10:22:05,5.9,5.85,1000,5.9,4000,0,341500
HDFCBANK30Jan201340CE.NFO,07/01/2020,10:22:09,5.9,5.85,500,5.9,4000,0,341500
HDFCBANK30Jan201340CE.NFO,07/01/2020,10:22:16,5.85,5.8,1000,5.9,4000,1000,341500
HDFCBANK30Jan201340CE.NFO,07/01/2020,10:22:19,5.85,5.8,1500,5.95,1500,0,341500
HDFCBANK30Jan201340CE.NFO,07/01/2020,10:22:24,5.85,5.8,1500,5.9,1000,0,341500
HDFCBANK30Jan201340CE.NFO,07/01/2020,10:22:46,5.85,5.75,2500,5.9,2000,0,341500
HDFCBANK30Jan201340CE.NFO,07/01/2020,10:23:00,5.85,5.75,3000,5.9,2000,0,341500
HDFCBANK30Jan201340CE.NFO,07/01/2020,10:23:06,5.85,5.75,2500,5.85,500,0,341500
HDFCBANK30Jan201340CE.NFO,07/01/2020,10:23:19,5.75,5.75,2500,5.9,1000,500,341500
HDFCBANK30Jan201340CE.NFO,07/01/2020,10:23:27,5.75,5.75,2000,5.9,1500,0,341500
HDFCBANK30Jan201340CE.NFO,07/01/2020,10:23:43,5.75,5.7,1500,5.85,1500,0,341500
HDFCBANK30Jan201340CE.NFO,07/01/2020,10:23:47,5.75,5.7,2500,5.85,1500,0,341500
HDFCBANK30Jan201340CE.NFO,07/01/2020,10:23:58,5.75,5.7,1000,5.8,2000,0,341500
HDFCBANK30Jan201340CE.NFO,07/01/2020,10:24:02,5.75,5.7,1000,5.8,1000,0,341500
HDFCBANK30Jan201340CE.NFO,07/01/2020,10:24:06,5.75,5.7,2000,5.85,1500,0,341500
HDFCBANK30Jan201340CE.NFO,07/01/2020,10:24:10,5.75,5.7,2000,5.85,3000,0,341500
HDFCBANK30Jan201340CE.NFO,07/01/2020,10:24:14,5.75,5.65,2000,5.7,1000,0,341500
HDFCBANK30Jan201340CE.NFO,07/01/2020,10:24:17,5.7,5.65,2000,5.7,500,500,341000
HDFCBANK30Jan201340CE.NFO,07/01/2020,10:24:21,5.7,5.65,2000,5.7,500,0,341000
HDFCBANK30Jan201340CE.NFO,07/01/2020,10:24:24,5.7,5.65,2000,5.75,500,500,341000
HDFCBANK30Jan201340CE.NFO,07/01/2020,10:24:27,5.7,5.7,500,5.8,2000,0,341000
HDFCBANK30Jan201340CE.NFO,07/01/2020,10:24:31,5.7,5.7,2000,5.8,1000,0,341000
HDFCBANK30Jan201340CE.NFO,07/01/2020,10:24:34,5.7,5.7,1000,5.75,1000,0,341000
HDFCBANK30Jan201340CE.NFO,07/01/2020,10:24:37,5.7,5.7,500,5.75,1000,0,341000
HDFCBANK30Jan201340CE.NFO,07/01/2020,10:24:40,5.7,5.65,2000,5.75,1000,0,341000
HDFCBANK30Jan201340CE.NFO,07/01/2020,10:24:44,5.7,5.65,2000,5.75,1500,0,341000
HDFCBANK30Jan201340CE.NFO,07/01/2020,10:24:51,5.7,5.7,500,5.75,500,0,341000
HDFCBANK30Jan201340CE.NFO,07/01/2020,10:24:53,5.7,5.7,1000,5.75,500,0,341000
HDFCBANK30Jan201340CE.NFO,07/01/2020,10:25:00,5.75,5.7,1000,5.8,1500,500,341000
HDFCBANK30Jan201340CE.NFO,07/01/2020,10:25:03,5.75,5.7,2000,5.8,1500,0,341000
HDFCBANK30Jan201340CE.NFO,07/01/2020,10:25:13,5.75,5.7,2000,5.8,1000,0,341000
HDFCBANK30Jan201340CE.NFO,07/01/2020,10:25:19,5.75,5.75,1000,5.8,1000,0,341000
HDFCBANK30Jan201340CE.NFO,07/01/2020,10:25:28,5.75,5.7,2000,5.8,1000,0,341000
HDFCBANK30Jan201340CE.NFO,07/01/2020,10:25:31,5.75,5.7,1000,5.8,1000,0,341000
HDFCBANK30Jan201340CE.NFO,07/01/2020,10:25:36,5.75,5.7,500,5.8,3000,0,341000
HDFCBANK30Jan201340CE.NFO,07/01/2020,10:25:42,5.75,5.65,2000,5.8,4000,0,341000
HDFCBANK30Jan201340CE.NFO,07/01/2020,10:25:52,5.75,5.65,2000,5.8,3000,0,341000
HDFCBANK30Jan201340CE.NFO,07/01/2020,10:26:01,5.75,5.65,2000,5.8,4000,0,341000
HDFCBANK30Jan201340CE.NFO,07/01/2020,10:26:05,5.75,5.65,2000,5.8,3000,0,341000
HDFCBANK30Jan201340CE.NFO,07/01/2020,10:26:09,5.75,5.7,500,5.8,3000,0,341000
HDFCBANK30Jan201340CE.NFO,07/01/2020,10:26:14,5.75,5.7,500,5.8,2000,0,341000
HDFCBANK30Jan201340CE.NFO,07/01/2020,10:26:22,5.75,5.7,1000,5.8,2000,0,341000
HDFCBANK30Jan201340CE.NFO,07/01/2020,10:26:26,5.75,5.7,2000,5.8,2000,0,341000
HDFCBANK30Jan201340CE.NFO,07/01/2020,10:26:29,5.75,5.7,2000,5.8,1500,0,341000
HDFCBANK30Jan201340CE.NFO,07/01/2020,10:26:32,5.75,5.7,1000,5.8,1500,0,341000
HDFCBANK30Jan201340CE.NFO,07/01/2020,10:26:35,5.75,5.7,2000,5.8,1500,0,341000
HDFCBANK30Jan201340CE.NFO,07/01/2020,10:26:38,5.75,5.7,1000,5.8,2000,0,341000
HDFCBANK30Jan201340CE.NFO,07/01/2020,10:26:42,5.75,5.65,1500,5.8,4000,0,341000
HDFCBANK30Jan201340CE.NFO,07/01/2020,10:26:57,5.75,5.7,500,5.8,4500,0,341000
HDFCBANK30Jan201340CE.NFO,07/01/2020,10:27:07,5.75,5.65,1000,5.8,4500,0,341000
HDFCBANK30Jan201340CE.NFO,07/01/2020,10:27:14,5.75,5.65,1000,5.8,4000,0,341000
HDFCBANK30Jan201340CE.NFO,07/01/2020,10:27:24,5.75,5.7,500,5.8,4000,0,341000
HDFCBANK30Jan201340CE.NFO,07/01/2020,10:27:27,5.75,5.7,500,5.8,4500,0,341000
HDFCBANK30Jan201340CE.NFO,07/01/2020,10:27:35,5.75,5.7,500,5.8,4000,0,341000
HDFCBANK30Jan201340CE.NFO,07/01/2020,10:27:41,5.75,5.7,500,5.8,3000,0,341000
HDFCBANK30Jan201340CE.NFO,07/01/2020,10:27:59,5.75,5.75,500,5.8,1500,0,341000
HDFCBANK30Jan201340CE.NFO,07/01/2020,10:28:01,5.75,5.75,500,5.8,1000,0,341000
HDFCBANK30Jan201340CE.NFO,07/01/2020,10:28:24,5.8,5.75,1500,5.9,1500,1000,341000
HDFCBANK30Jan201340CE.NFO,07/01/2020,10:28:27,5.8,5.75,3000,5.95,3500,0,341000
HDFCBANK30Jan201340CE.NFO,07/01/2020,10:28:31,5.8,5.8,2000,5.95,2000,0,341000
HDFCBANK30Jan201340CE.NFO,07/01/2020,10:28:35,5.8,5.8,2500,5.95,2000,0,341000
HDFCBANK30Jan201340CE.NFO,07/01/2020,10:28:38,5.8,5.8,2500,5.9,500,0,341000
HDFCBANK30Jan201340CE.NFO,07/01/2020,10:28:42,5.8,5.8,3000,5.9,500,0,341000
HDFCBANK30Jan201340CE.NFO,07/01/2020,10:29:04,5.8,5.85,500,5.9,500,0,341000
HDFCBANK30Jan201340CE.NFO,07/01/2020,10:29:10,5.8,5.85,1500,5.9,500,0,341000
HDFCBANK30Jan201340CE.NFO,07/01/2020,10:29:12,5.8,5.85,500,5.9,500,0,341000
HDFCBANK30Jan201340CE.NFO,07/01/2020,10:29:22,5.8,5.8,1500,5.9,500,0,341000
HDFCBANK30Jan201340CE.NFO,07/01/2020,10:29:26,5.8,5.8,2000,5.9,500,0,341000
HDFCBANK30Jan201340CE.NFO,07/01/2020,10:29:32,5.9,5.8,2000,5.95,1500,500,341000
HDFCBANK30Jan201340CE.NFO,07/01/2020,10:29:35,5.9,5.85,500,5.95,1500,0,341000
HDFCBANK30Jan201340CE.NFO,07/01/2020,10:29:38,5.9,5.85,500,5.9,500,0,341000
HDFCBANK30Jan201340CE.NFO,07/01/2020,10:30:04,5.9,5.85,2500,5.95,500,500,341000
HDFCBANK30Jan201340CE.NFO,07/01/2020,10:30:07,5.9,5.85,2000,5.95,500,0,341000
HDFCBANK30Jan201340CE.NFO,07/01/2020,10:30:21,5.9,5.85,2500,5.95,500,0,341000
HDFCBANK30Jan201340CE.NFO,07/01/2020,10:30:45,5.9,5.85,2500,6,4000,0,341000
HDFCBANK30Jan201340CE.NFO,07/01/2020,10:30:49,5.9,5.85,2000,6,5500,0,341000
HDFCBANK30Jan201340CE.NFO,07/01/2020,10:30:52,5.9,5.85,2000,5.95,500,0,341000
HDFCBANK30Jan201340CE.NFO,07/01/2020,10:30:56,5.9,5.85,2000,5.9,500,0,341000
HDFCBANK30Jan201340CE.NFO,07/01/2020,10:30:59,5.9,5.85,500,5.9,500,0,341000
HDFCBANK30Jan201340CE.NFO,07/01/2020,10:31:04,5.9,5.85,1500,5.9,500,0,341000
HDFCBANK30Jan201340CE.NFO,07/01/2020,10:31:07,5.9,5.85,2000,5.9,500,0,341000
HDFCBANK30Jan201340CE.NFO,07/01/2020,10:31:12,5.9,5.85,500,5.9,500,0,341000
HDFCBANK30Jan201340CE.NFO,07/01/2020,10:31:15,5.9,5.85,1000,5.9,500,0,341000
HDFCBANK30Jan201340CE.NFO,07/01/2020,10:31:33,5.9,5.85,500,5.9,500,0,341000
HDFCBANK30Jan201340CE.NFO,07/01/2020,10:31:39,5.9,5.8,2500,5.9,500,0,341000
HDFCBANK30Jan201340CE.NFO,07/01/2020,10:31:42,5.9,5.75,2500,5.9,1000,0,341000
HDFCBANK30Jan201340CE.NFO,07/01/2020,10:31:46,5.9,5.75,2500,5.9,1500,0,341000
HDFCBANK30Jan201340CE.NFO,07/01/2020,10:31:50,5.9,5.8,2000,5.9,500,0,341000
HDFCBANK30Jan201340CE.NFO,07/01/2020,10:31:53,5.9,5.85,500,5.9,500,0,341000
HDFCBANK30Jan201340CE.NFO,07/01/2020,10:32:00,5.9,5.8,2000,5.9,500,0,341000
HDFCBANK30Jan201340CE.NFO,07/01/2020,10:32:04,5.9,5.85,500,5.9,500,0,341000
HDFCBANK30Jan201340CE.NFO,07/01/2020,10:32:08,5.9,5.85,2000,5.9,500,0,341000
HDFCBANK30Jan201340CE.NFO,07/01/2020,10:32:13,5.9,5.8,2500,5.9,500,0,341000
HDFCBANK30Jan201340CE.NFO,07/01/2020,10:32:20,5.9,5.8,2000,5.9,500,0,341000
HDFCBANK30Jan201340CE.NFO,07/01/2020,10:32:43,5.9,5.85,2500,5.9,500,0,341000
HDFCBANK30Jan201340CE.NFO,07/01/2020,10:32:51,5.9,5.9,1000,6,3500,500,341000
HDFCBANK30Jan201340CE.NFO,07/01/2020,10:32:55,5.9,5.9,1000,6,3500,0,341000
HDFCBANK30Jan201340CE.NFO,07/01/2020,10:33:10,5.9,5.9,2500,6,3500,0,341000
HDFCBANK30Jan201340CE.NFO,07/01/2020,10:33:26,5.9,5.9,2500,6,3000,0,341000
HDFCBANK30Jan201340CE.NFO,07/01/2020,10:33:29,5.9,5.9,2500,6,3500,0,341000
HDFCBANK30Jan201340CE.NFO,07/01/2020,10:33:32,5.9,5.9,1500,6,3500,0,341000
HDFCBANK30Jan201340CE.NFO,07/01/2020,10:33:34,5.9,5.9,2500,6,4000,0,341000
HDFCBANK30Jan201340CE.NFO,07/01/2020,10:33:39,5.9,5.9,1000,6,4000,0,341000
HDFCBANK30Jan201340CE.NFO,07/01/2020,10:33:42,5.9,5.9,3000,6,4000,0,341000
HDFCBANK30Jan201340CE.NFO,07/01/2020,10:33:58,6,5.9,3000,6,3500,500,341000
HDFCBANK30Jan201340CE.NFO,07/01/2020,10:34:25,6,5.9,3500,6,3000,0,341000
HDFCBANK30Jan201340CE.NFO,07/01/2020,10:34:29,6,5.9,3500,6,2500,500,341000
HDFCBANK30Jan201340CE.NFO,07/01/2020,10:34:50,6,5.9,4500,6,3000,0,341000
HDFCBANK30Jan201340CE.NFO,07/01/2020,10:34:55,6,5.9,3500,6,3000,0,341000
HDFCBANK30Jan201340CE.NFO,07/01/2020,10:35:15,6,5.9,5000,6,2500,0,341000
HDFCBANK30Jan201340CE.NFO,07/01/2020,10:35:18,6,5.9,4000,6,1500,1000,341000
HDFCBANK30Jan201340CE.NFO,07/01/2020,10:35:21,6,5.9,4000,6,1500,0,341000
HDFCBANK30Jan201340CE.NFO,07/01/2020,10:35:29,6,5.9,2500,6,1500,0,341000
HDFCBANK30Jan201340CE.NFO,07/01/2020,10:35:33,6,5.9,2500,6,1000,500,342000
HDFCBANK30Jan201340CE.NFO,07/01/2020,10:35:40,6,5.9,3500,6,1000,0,342000
HDFCBANK30Jan201340CE.NFO,07/01/2020,10:35:43,6,5.9,4000,6,1000,0,342000
HDFCBANK30Jan201340CE.NFO,07/01/2020,10:35:46,6,5.9,3500,6,1000,0,342000
HDFCBANK30Jan201340CE.NFO,07/01/2020,10:35:49,6,5.9,3500,6,1500,0,342000
HDFCBANK30Jan201340CE.NFO,07/01/2020,10:35:52,6,5.9,2000,6,1500,0,342000
HDFCBANK30Jan201340CE.NFO,07/01/2020,10:36:02,6,5.9,2500,6,1500,0,342000
HDFCBANK30Jan201340CE.NFO,07/01/2020,10:36:07,6,5.9,2000,6,2500,0,342000
HDFCBANK30Jan201340CE.NFO,07/01/2020,10:36:11,6,5.9,2500,6,1000,0,342000
HDFCBANK30Jan201340CE.NFO,07/01/2020,10:36:14,6,5.9,3500,6,1000,0,342000
HDFCBANK30Jan201340CE.NFO,07/01/2020,10:36:19,6,5.95,1000,6,1000,0,342000
HDFCBANK30Jan201340CE.NFO,07/01/2020,10:36:32,6,5.9,4000,6,1500,0,342000
HDFCBANK30Jan201340CE.NFO,07/01/2020,10:36:34,6,5.9,4000,6,1000,0,342000
HDFCBANK30Jan201340CE.NFO,07/01/2020,10:36:43,6,5.9,4000,6,1500,0,342000
HDFCBANK30Jan201340CE.NFO,07/01/2020,10:36:47,6,5.9,3000,6,1500,0,342000
HDFCBANK30Jan201340CE.NFO,07/01/2020,10:36:52,6,5.9,3500,6,1500,0,342000
HDFCBANK30Jan201340CE.NFO,07/01/2020,10:36:59,6,5.9,2000,6,1500,0,342000
HDFCBANK30Jan201340CE.NFO,07/01/2020,10:37:09,5.9,5.8,3000,5.95,1500,2000,342000
HDFCBANK30Jan201340CE.NFO,07/01/2020,10:37:13,5.9,5.8,3000,5.95,1500,0,342000
HDFCBANK30Jan201340CE.NFO,07/01/2020,10:37:20,5.9,5.85,500,5.95,1500,0,342000
HDFCBANK30Jan201340CE.NFO,07/01/2020,10:37:24,5.9,5.8,2500,5.95,1500,0,342000
HDFCBANK30Jan201340CE.NFO,07/01/2020,10:37:28,5.9,5.85,500,5.95,1500,0,342000
HDFCBANK30Jan201340CE.NFO,07/01/2020,10:37:32,5.9,5.85,1500,5.95,1500,0,342000
HDFCBANK30Jan201340CE.NFO,07/01/2020,10:37:35,5.9,5.8,3000,5.95,1500,0,342000
HDFCBANK30Jan201340CE.NFO,07/01/2020,10:37:40,5.9,5.8,2000,5.95,3000,0,342000
HDFCBANK30Jan201340CE.NFO,07/01/2020,10:37:47,5.9,5.8,2000,5.95,1500,0,342000
HDFCBANK30Jan201340CE.NFO,07/01/2020,10:37:51,5.9,5.8,1000,5.95,1500,0,342000
HDFCBANK30Jan201340CE.NFO,07/01/2020,10:37:54,5.9,5.8,2000,5.85,500,0,342000
HDFCBANK30Jan201340CE.NFO,07/01/2020,10:37:58,5.85,5.8,2500,5.95,1500,500,342000
HDFCBANK30Jan201340CE.NFO,07/01/2020,10:38:03,5.85,5.85,1000,5.95,1000,0,342000
HDFCBANK30Jan201340CE.NFO,07/01/2020,10:38:06,5.85,5.85,500,6,3500,0,342000
HDFCBANK30Jan201340CE.NFO,07/01/2020,10:38:09,5.85,5.8,1000,5.95,3000,0,342000
HDFCBANK30Jan201340CE.NFO,07/01/2020,10:38:12,5.85,5.8,500,5.9,1000,0,342000
HDFCBANK30Jan201340CE.NFO,07/01/2020,10:38:15,5.85,5.8,500,5.9,500,0,342000
HDFCBANK30Jan201340CE.NFO,07/01/2020,10:38:23,5.85,5.8,500,5.9,2000,0,342000
HDFCBANK30Jan201340CE.NFO,07/01/2020,10:38:29,5.85,5.8,500,5.9,1500,0,342000
HDFCBANK30Jan201340CE.NFO,07/01/2020,10:38:36,5.85,5.8,500,5.9,2000,0,342000
HDFCBANK30Jan201340CE.NFO,07/01/2020,10:38:43,5.8,5.7,3500,5.85,1000,500,342500
HDFCBANK30Jan201340CE.NFO,07/01/2020,10:38:46,5.8,5.75,500,5.85,500,0,342500
HDFCBANK30Jan201340CE.NFO,07/01/2020,10:38:50,5.8,5.75,1000,5.85,500,0,342500
HDFCBANK30Jan201340CE.NFO,07/01/2020,10:38:53,5.8,5.75,500,5.85,500,0,342500
HDFCBANK30Jan201340CE.NFO,07/01/2020,10:38:56,5.8,5.75,1000,5.85,1500,0,342500
HDFCBANK30Jan201340CE.NFO,07/01/2020,10:39:04,5.8,5.75,2500,5.9,2000,0,342500
HDFCBANK30Jan201340CE.NFO,07/01/2020,10:39:08,5.8,5.8,500,5.9,2000,0,342500
HDFCBANK30Jan201340CE.NFO,07/01/2020,10:39:16,5.8,5.75,500,5.9,2000,0,342500
HDFCBANK30Jan201340CE.NFO,07/01/2020,10:39:20,5.8,5.75,500,5.85,2000,0,342500
HDFCBANK30Jan201340CE.NFO,07/01/2020,10:39:24,5.8,5.7,2000,5.85,2000,0,342500
HDFCBANK30Jan201340CE.NFO,07/01/2020,10:39:29,5.8,5.75,500,5.85,2000,0,342500
HDFCBANK30Jan201340CE.NFO,07/01/2020,10:39:49,5.8,5.75,500,5.85,1000,0,342500
HDFCBANK30Jan201340CE.NFO,07/01/2020,10:39:52,5.8,5.75,500,5.85,2000,0,342500
HDFCBANK30Jan201340CE.NFO,07/01/2020,10:39:55,5.8,5.75,500,5.85,1000,0,342500
HDFCBANK30Jan201340CE.NFO,07/01/2020,10:40:07,5.8,5.75,500,5.9,2000,0,342500
HDFCBANK30Jan201340CE.NFO,07/01/2020,10:40:12,5.8,5.75,1000,5.9,2000,0,342500
HDFCBANK30Jan201340CE.NFO,07/01/2020,10:40:15,5.8,5.75,2000,5.9,2000,0,342500
HDFCBANK30Jan201340CE.NFO,07/01/2020,10:40:26,5.8,5.75,2000,5.9,1000,0,342500
HDFCBANK30Jan201340CE.NFO,07/01/2020,10:40:29,5.8,5.7,2000,5.85,2000,0,342500
HDFCBANK30Jan201340CE.NFO,07/01/2020,10:40:37,5.8,5.75,500,5.85,2000,0,342500
HDFCBANK30Jan201340CE.NFO,07/01/2020,10:40:46,5.8,5.7,2500,5.8,500,0,342500
HDFCBANK30Jan201340CE.NFO,07/01/2020,10:40:51,5.8,5.7,500,5.8,1500,0,342500
HDFCBANK30Jan201340CE.NFO,07/01/2020,10:41:10,5.8,5.7,1500,5.8,1000,0,342500
HDFCBANK30Jan201340CE.NFO,07/01/2020,10:41:28,5.8,5.7,1000,5.8,1000,0,342500
HDFCBANK30Jan201340CE.NFO,07/01/2020,10:42:16,5.8,5.7,1000,5.8,500,0,342500
HDFCBANK30Jan201340CE.NFO,07/01/2020,10:42:27,5.8,5.7,2000,5.8,500,0,342500
HDFCBANK30Jan201340CE.NFO,07/01/2020,10:42:29,5.8,5.7,1000,5.8,500,0,342500
HDFCBANK30Jan201340CE.NFO,07/01/2020,10:42:39,5.8,5.7,500,5.75,500,0,342500
HDFCBANK30Jan201340CE.NFO,07/01/2020,10:42:50,5.8,5.7,1500,5.75,500,0,342500
HDFCBANK30Jan201340CE.NFO,07/01/2020,10:42:52,5.7,5.7,1500,5.8,1500,500,342500
HDFCBANK30Jan201340CE.NFO,07/01/2020,10:42:54,5.7,5.7,2000,5.8,1000,0,342500
HDFCBANK30Jan201340CE.NFO,07/01/2020,10:42:59,5.7,5.7,2000,5.8,500,0,342500
HDFCBANK30Jan201340CE.NFO,07/01/2020,10:43:11,5.7,5.7,500,5.8,500,0,342500
HDFCBANK30Jan201340CE.NFO,07/01/2020,10:43:13,5.7,5.7,1000,5.8,500,0,342500
HDFCBANK30Jan201340CE.NFO,07/01/2020,10:43:27,5.7,5.7,2000,5.85,500,0,342500
HDFCBANK30Jan201340CE.NFO,07/01/2020,10:43:30,5.7,5.7,2000,5.85,2000,0,342500
HDFCBANK30Jan201340CE.NFO,07/01/2020,10:43:41,5.55,5.5,2500,5.6,2500,1500,342500
HDFCBANK30Jan201340CE.NFO,07/01/2020,10:43:46,5.5,5.4,4000,5.55,500,1500,342500
HDFCBANK30Jan201340CE.NFO,07/01/2020,10:43:50,5.5,5.4,3500,5.6,2500,0,342500
HDFCBANK30Jan201340CE.NFO,07/01/2020,10:43:53,5.5,5.4,3500,5.6,1500,0,342500
HDFCBANK30Jan201340CE.NFO,07/01/2020,10:43:56,5.5,5.5,1000,5.6,1000,0,342500
HDFCBANK30Jan201340CE.NFO,07/01/2020,10:44:07,5.5,5.5,500,5.65,4500,0,342500
HDFCBANK30Jan201340CE.NFO,07/01/2020,10:44:10,5.5,5.5,500,5.6,1000,0,342500
HDFCBANK30Jan201340CE.NFO,07/01/2020,10:44:16,5.5,5.5,500,5.65,2000,0,342500
HDFCBANK30Jan201340CE.NFO,07/01/2020,10:44:19,5.5,5.5,1500,5.65,2000,0,342500
HDFCBANK30Jan201340CE.NFO,07/01/2020,10:44:22,5.5,5.5,1000,5.65,2000,0,342500
HDFCBANK30Jan201340CE.NFO,07/01/2020,10:44:25,5.5,5.5,500,5.6,1000,0,342500
HDFCBANK30Jan201340CE.NFO,07/01/2020,10:44:28,5.5,5.5,2500,5.6,500,0,342500
HDFCBANK30Jan201340CE.NFO,07/01/2020,10:44:30,5.5,5.5,2000,5.6,500,0,342500
HDFCBANK30Jan201340CE.NFO,07/01/2020,10:44:33,5.5,5.55,1500,5.6,500,0,342500
HDFCBANK30Jan201340CE.NFO,07/01/2020,10:44:36,5.6,5.55,3000,5.7,1500,500,345500
HDFCBANK30Jan201340CE.NFO,07/01/2020,10:44:39,5.6,5.55,500,5.65,1500,0,345500
HDFCBANK30Jan201340CE.NFO,07/01/2020,10:44:41,5.6,5.55,1000,5.65,1500,0,345500
HDFCBANK30Jan201340CE.NFO,07/01/2020,10:44:45,5.6,5.55,1500,5.7,1500,0,345500
HDFCBANK30Jan201340CE.NFO,07/01/2020,10:44:47,5.6,5.55,2500,5.7,1500,0,345500
HDFCBANK30Jan201340CE.NFO,07/01/2020,10:44:49,5.55,5.55,3000,5.7,1500,500,345500
HDFCBANK30Jan201340CE.NFO,07/01/2020,10:44:51,5.55,5.6,500,5.65,1000,0,345500
HDFCBANK30Jan201340CE.NFO,07/01/2020,10:44:53,5.55,5.55,1500,5.65,1500,0,345500
HDFCBANK30Jan201340CE.NFO,07/01/2020,10:44:54,5.55,5.55,1000,5.65,1500,0,345500
HDFCBANK30Jan201340CE.NFO,07/01/2020,10:44:57,5.55,5.55,500,5.6,1000,0,345500
HDFCBANK30Jan201340CE.NFO,07/01/2020,10:45:05,5.55,5.55,500,5.65,1000,0,345500
HDFCBANK30Jan201340CE.NFO,07/01/2020,10:45:10,5.55,5.55,1000,5.65,2000,0,345500
HDFCBANK30Jan201340CE.NFO,07/01/2020,10:45:13,5.55,5.55,500,5.65,1000,0,345500
HDFCBANK30Jan201340CE.NFO,07/01/2020,10:45:17,5.55,5.55,1000,5.65,1000,0,345500
HDFCBANK30Jan201340CE.NFO,07/01/2020,10:45:20,5.55,5.55,1500,5.65,1000,0,345500
HDFCBANK30Jan201340CE.NFO,07/01/2020,10:45:27,5.55,5.55,500,5.6,1000,0,345500
HDFCBANK30Jan201340CE.NFO,07/01/2020,10:45:33,5.55,5.55,1000,5.65,2000,0,345500
HDFCBANK30Jan201340CE.NFO,07/01/2020,10:45:45,5.55,5.55,3000,5.65,1000,0,345500
HDFCBANK30Jan201340CE.NFO,07/01/2020,10:45:48,5.65,5.6,1000,5.7,1000,500,345500
HDFCBANK30Jan201340CE.NFO,07/01/2020,10:45:51,5.65,5.6,1000,5.7,1000,0,345500
HDFCBANK30Jan201340CE.NFO,07/01/2020,10:45:54,5.65,5.6,1500,5.7,1000,0,345500
HDFCBANK30Jan201340CE.NFO,07/01/2020,10:46:13,5.65,5.65,500,5.75,1500,0,345500
HDFCBANK30Jan201340CE.NFO,07/01/2020,10:46:16,5.65,5.65,1000,5.75,1500,0,345500
HDFCBANK30Jan201340CE.NFO,07/01/2020,10:46:22,5.65,5.65,1000,5.75,1500,500,345500
HDFCBANK30Jan201340CE.NFO,07/01/2020,10:46:24,5.65,5.65,500,5.75,1500,0,345500
HDFCBANK30Jan201340CE.NFO,07/01/2020,10:46:33,5.65,5.65,2500,5.8,1000,0,345500
HDFCBANK30Jan201340CE.NFO,07/01/2020,10:46:38,5.65,5.65,3000,5.8,2000,0,345500
HDFCBANK30Jan201340CE.NFO,07/01/2020,10:46:41,5.65,5.8,500,5.9,1500,0,345500
HDFCBANK30Jan201340CE.NFO,07/01/2020,10:46:44,5.65,5.75,1500,5.95,2000,0,345500
HDFCBANK30Jan201340CE.NFO,07/01/2020,10:46:47,5.65,5.75,500,5.8,500,0,345500
HDFCBANK30Jan201340CE.NFO,07/01/2020,10:46:50,5.65,5.7,3000,5.8,500,0,345500
HDFCBANK30Jan201340CE.NFO,07/01/2020,10:46:59,5.65,5.7,3500,5.8,500,0,345500
HDFCBANK30Jan201340CE.NFO,07/01/2020,10:47:07,5.65,5.75,2500,5.8,500,0,345500
HDFCBANK30Jan201340CE.NFO,07/01/2020,10:47:11,5.65,5.75,2500,5.85,500,0,345500
HDFCBANK30Jan201340CE.NFO,07/01/2020,10:47:19,5.65,5.75,2500,5.9,1000,0,345500
HDFCBANK30Jan201340CE.NFO,07/01/2020,10:47:24,5.65,5.75,2500,5.9,500,0,345500
HDFCBANK30Jan201340CE.NFO,07/01/2020,10:47:41,5.65,5.75,2500,5.9,1500,0,345500
HDFCBANK30Jan201340CE.NFO,07/01/2020,10:47:44,5.65,5.8,1000,5.9,500,0,345500
HDFCBANK30Jan201340CE.NFO,07/01/2020,10:48:02,5.65,5.8,500,5.9,500,0,345500
HDFCBANK30Jan201340CE.NFO,07/01/2020,10:48:09,5.65,5.75,1500,5.9,1000,0,345500
HDFCBANK30Jan201340CE.NFO,07/01/2020,10:48:20,5.65,5.8,500,5.9,1000,0,345500
HDFCBANK30Jan201340CE.NFO,07/01/2020,10:48:39,5.65,5.8,500,5.95,3000,0,345500
HDFCBANK30Jan201340CE.NFO,07/01/2020,10:48:47,5.65,5.8,1500,5.95,3000,0,345500
HDFCBANK30Jan201340CE.NFO,07/01/2020,10:48:54,5.65,5.75,2500,5.95,4500,0,345500
HDFCBANK30Jan201340CE.NFO,07/01/2020,10:48:58,5.65,5.75,500,5.8,1000,0,345500
HDFCBANK30Jan201340CE.NFO,07/01/2020,10:49:02,5.65,5.7,2000,5.8,1000,0,345500
HDFCBANK30Jan201340CE.NFO,07/01/2020,10:49:06,5.65,5.7,3000,5.8,1000,0,345500
HDFCBANK30Jan201340CE.NFO,07/01/2020,10:49:10,5.65,5.75,1000,5.8,1000,0,345500
HDFCBANK30Jan201340CE.NFO,07/01/2020,10:49:14,5.65,5.7,3000,5.8,1000,0,345500
HDFCBANK30Jan201340CE.NFO,07/01/2020,10:49:20,5.65,5.7,2000,5.85,500,0,345500
HDFCBANK30Jan201340CE.NFO,07/01/2020,10:49:23,5.65,5.75,1500,5.9,1000,0,345500
HDFCBANK30Jan201340CE.NFO,07/01/2020,10:49:26,5.65,5.75,1000,5.9,1000,0,345500
HDFCBANK30Jan201340CE.NFO,07/01/2020,10:49:29,5.65,5.75,1500,5.9,1000,0,345500
HDFCBANK30Jan201340CE.NFO,07/01/2020,10:49:33,5.65,5.7,3000,5.9,2000,0,345500
HDFCBANK30Jan201340CE.NFO,07/01/2020,10:49:37,5.65,5.75,2000,5.9,2000,0,345500
HDFCBANK30Jan201340CE.NFO,07/01/2020,10:49:39,5.65,5.75,2000,5.9,1000,0,345500
HDFCBANK30Jan201340CE.NFO,07/01/2020,10:49:43,5.65,5.75,2000,5.9,2000,0,345500
HDFCBANK30Jan201340CE.NFO,07/01/2020,10:49:47,5.65,5.7,3000,5.9,2000,0,345500
HDFCBANK30Jan201340CE.NFO,07/01/2020,10:49:50,5.65,5.7,2500,5.9,2000,0,345500
HDFCBANK30Jan201340CE.NFO,07/01/2020,10:49:53,5.65,5.7,3000,5.9,2000,0,345500
HDFCBANK30Jan201340CE.NFO,07/01/2020,10:49:58,5.65,5.65,2500,5.8,1500,0,345500
HDFCBANK30Jan201340CE.NFO,07/01/2020,10:50:03,5.7,5.65,2000,5.8,1000,500,345500
HDFCBANK30Jan201340CE.NFO,07/01/2020,10:50:09,5.75,5.7,2500,5.8,500,1000,345500
HDFCBANK30Jan201340CE.NFO,07/01/2020,10:50:14,5.75,5.7,3000,5.8,500,0,345500
HDFCBANK30Jan201340CE.NFO,07/01/2020,10:50:19,5.8,5.75,2500,5.9,500,500,345500
HDFCBANK30Jan201340CE.NFO,07/01/2020,10:50:24,5.8,5.75,2500,5.9,500,0,345500
HDFCBANK30Jan201340CE.NFO,07/01/2020,10:50:28,5.8,5.7,2000,5.8,500,0,345500
HDFCBANK30Jan201340CE.NFO,07/01/2020,10:50:37,5.7,5.7,1000,5.8,1000,500,344000
HDFCBANK30Jan201340CE.NFO,07/01/2020,10:50:48,5.7,5.7,1500,5.8,500,0,344000
HDFCBANK30Jan201340CE.NFO,07/01/2020,10:50:50,5.7,5.65,2000,5.8,1000,0,344000
HDFCBANK30Jan201340CE.NFO,07/01/2020,10:50:54,5.7,5.75,1000,5.8,500,0,344000
HDFCBANK30Jan201340CE.NFO,07/01/2020,10:50:57,5.7,5.7,1000,5.8,500,0,344000
HDFCBANK30Jan201340CE.NFO,07/01/2020,10:51:01,5.7,5.75,1000,5.8,1000,0,344000
HDFCBANK30Jan201340CE.NFO,07/01/2020,10:51:03,5.7,5.75,1000,5.8,500,0,344000
HDFCBANK30Jan201340CE.NFO,07/01/2020,10:51:11,5.8,5.75,1500,5.85,500,500,344000
HDFCBANK30Jan201340CE.NFO,07/01/2020,10:51:13,5.8,5.8,1000,5.85,500,0,344000
HDFCBANK30Jan201340CE.NFO,07/01/2020,10:51:16,5.8,5.75,1500,5.85,500,0,344000
HDFCBANK30Jan201340CE.NFO,07/01/2020,10:51:18,5.8,5.7,2000,5.8,500,0,344000
HDFCBANK30Jan201340CE.NFO,07/01/2020,10:51:23,5.8,5.7,2500,5.8,500,0,344000
HDFCBANK30Jan201340CE.NFO,07/01/2020,10:51:26,5.8,5.7,2000,5.8,500,0,344000
HDFCBANK30Jan201340CE.NFO,07/01/2020,10:51:28,5.8,5.75,1000,5.85,500,0,344000
HDFCBANK30Jan201340CE.NFO,07/01/2020,10:51:30,5.8,5.75,1000,5.8,500,0,344000
HDFCBANK30Jan201340CE.NFO,07/01/2020,10:51:34,5.8,5.75,1000,5.8,1000,0,344000
HDFCBANK30Jan201340CE.NFO,07/01/2020,10:51:38,5.8,5.75,1000,5.8,500,0,344000
HDFCBANK30Jan201340CE.NFO,07/01/2020,10:51:56,5.8,5.7,1000,5.8,1000,0,344000
HDFCBANK30Jan201340CE.NFO,07/01/2020,10:52:00,5.8,5.7,1500,5.8,1000,0,344000
HDFCBANK30Jan201340CE.NFO,07/01/2020,10:52:08,5.8,5.75,1000,5.8,1000,0,344000
HDFCBANK30Jan201340CE.NFO,07/01/2020,10:52:12,5.8,5.7,1000,5.8,1000,0,344000
HDFCBANK30Jan201340CE.NFO,07/01/2020,10:52:15,5.8,5.75,1000,5.8,500,0,344000
HDFCBANK30Jan201340CE.NFO,07/01/2020,10:52:28,5.8,5.7,1500,5.8,1000,0,344000
HDFCBANK30Jan201340CE.NFO,07/01/2020,10:52:32,5.8,5.75,1000,5.8,500,0,344000
HDFCBANK30Jan201340CE.NFO,07/01/2020,10:52:40,5.8,5.75,1000,5.85,1000,0,344000
HDFCBANK30Jan201340CE.NFO,07/01/2020,10:52:44,5.8,5.75,1000,5.8,1000,0,344000
HDFCBANK30Jan201340CE.NFO,07/01/2020,10:52:48,5.8,5.75,1000,5.8,1500,0,344000
HDFCBANK30Jan201340CE.NFO,07/01/2020,10:52:56,5.75,5.7,2000,5.8,500,2500,344000
HDFCBANK30Jan201340CE.NFO,07/01/2020,10:53:01,5.75,5.65,2000,5.8,1500,0,344000
HDFCBANK30Jan201340CE.NFO,07/01/2020,10:53:07,5.75,5.65,1500,5.8,1500,0,344000
HDFCBANK30Jan201340CE.NFO,07/01/2020,10:53:12,5.75,5.7,1000,5.8,1000,0,344000
HDFCBANK30Jan201340CE.NFO,07/01/2020,10:53:18,5.75,5.65,2000,5.8,1500,0,344000
HDFCBANK30Jan201340CE.NFO,07/01/2020,10:53:24,5.75,5.55,3500,5.75,3000,0,344000
HDFCBANK30Jan201340CE.NFO,07/01/2020,10:53:29,5.75,5.55,3000,5.65,500,0,344000
HDFCBANK30Jan201340CE.NFO,07/01/2020,10:53:34,5.75,5.55,2500,5.75,3000,0,344000
HDFCBANK30Jan201340CE.NFO,07/01/2020,10:53:39,5.75,5.6,500,5.75,3000,0,344000
HDFCBANK30Jan201340CE.NFO,07/01/2020,10:53:44,5.75,5.6,2000,5.75,3000,0,344000
HDFCBANK30Jan201340CE.NFO,07/01/2020,10:53:55,5.75,5.55,2500,5.7,1000,0,344000
HDFCBANK30Jan201340CE.NFO,07/01/2020,10:54:01,5.75,5.55,3000,5.7,1000,0,344000
HDFCBANK30Jan201340CE.NFO,07/01/2020,10:54:05,5.75,5.6,1500,5.75,1000,0,344000
HDFCBANK30Jan201340CE.NFO,07/01/2020,10:54:10,5.75,5.6,2500,5.75,1000,0,344000
HDFCBANK30Jan201340CE.NFO,07/01/2020,10:54:15,5.75,5.65,1000,5.75,1000,0,344000
HDFCBANK30Jan201340CE.NFO,07/01/2020,10:54:20,5.75,5.6,2500,5.75,2000,0,344000
HDFCBANK30Jan201340CE.NFO,07/01/2020,10:54:33,5.75,5.65,1000,5.75,2000,0,344000
HDFCBANK30Jan201340CE.NFO,07/01/2020,10:54:36,5.75,5.65,1500,5.75,2000,0,344000
HDFCBANK30Jan201340CE.NFO,07/01/2020,10:54:43,5.75,5.6,2500,5.75,2000,500,344500
HDFCBANK30Jan201340CE.NFO,07/01/2020,10:54:47,5.75,5.65,1500,5.75,2000,0,344500
HDFCBANK30Jan201340CE.NFO,07/01/2020,10:54:52,5.65,5.6,2000,5.75,2000,500,344500
HDFCBANK30Jan201340CE.NFO,07/01/2020,10:54:57,5.65,5.6,2000,5.75,2000,0,344500
HDFCBANK30Jan201340CE.NFO,07/01/2020,10:55:07,5.65,5.65,500,5.75,2000,0,344500
HDFCBANK30Jan201340CE.NFO,07/01/2020,10:55:12,5.65,5.6,2000,5.75,3000,0,344500
HDFCBANK30Jan201340CE.NFO,07/01/2020,10:55:16,5.65,5.55,3500,5.65,500,0,344500
HDFCBANK30Jan201340CE.NFO,07/01/2020,10:55:22,5.65,5.6,1500,5.65,500,1000,344500
HDFCBANK30Jan201340CE.NFO,07/01/2020,10:55:27,5.65,5.5,3500,5.65,2000,0,344500
HDFCBANK30Jan201340CE.NFO,07/01/2020,10:55:34,5.65,5.55,1000,5.65,2000,0,344500
HDFCBANK30Jan201340CE.NFO,07/01/2020,10:55:40,5.65,5.5,2500,5.65,2500,0,344500
HDFCBANK30Jan201340CE.NFO,07/01/2020,10:55:45,5.65,5.5,3000,5.65,2500,0,344500
HDFCBANK30Jan201340CE.NFO,07/01/2020,10:55:50,5.65,5.55,500,5.65,1500,0,344500
HDFCBANK30Jan201340CE.NFO,07/01/2020,10:55:55,5.65,5.55,1500,5.65,1000,0,344500
HDFCBANK30Jan201340CE.NFO,07/01/2020,10:56:08,5.65,5.6,1000,5.7,500,0,344500
HDFCBANK30Jan201340CE.NFO,07/01/2020,10:56:13,5.65,5.6,1500,5.7,500,0,344500
HDFCBANK30Jan201340CE.NFO,07/01/2020,10:56:17,5.65,5.6,1000,5.7,500,0,344500
HDFCBANK30Jan201340CE.NFO,07/01/2020,10:56:21,5.65,5.6,500,5.7,500,0,344500
HDFCBANK30Jan201340CE.NFO,07/01/2020,10:56:25,5.65,5.6,500,5.65,1000,0,344500
HDFCBANK30Jan201340CE.NFO,07/01/2020,10:56:29,5.6,5.5,2500,5.65,2500,500,344500
HDFCBANK30Jan201340CE.NFO,07/01/2020,10:56:40,5.6,5.55,1000,5.65,2500,0,344500
HDFCBANK30Jan201340CE.NFO,07/01/2020,10:56:44,5.6,5.55,1500,5.65,2500,0,344500
HDFCBANK30Jan201340CE.NFO,07/01/2020,10:56:48,5.6,5.6,1000,5.65,2000,0,344500
HDFCBANK30Jan201340CE.NFO,07/01/2020,10:56:52,5.6,5.5,1000,5.65,3500,1000,343500
HDFCBANK30Jan201340CE.NFO,07/01/2020,10:56:59,5.6,5.5,2500,5.65,2500,0,343500
HDFCBANK30Jan201340CE.NFO,07/01/2020,10:57:04,5.6,5.5,2500,5.65,3500,0,343500
HDFCBANK30Jan201340CE.NFO,07/01/2020,10:57:09,5.5,5.4,4500,5.55,500,1000,343500
HDFCBANK30Jan201340CE.NFO,07/01/2020,10:57:16,5.5,5.35,2000,5.5,1000,0,343500
HDFCBANK30Jan201340CE.NFO,07/01/2020,10:57:22,5.5,5.25,4000,5.4,2000,0,343500
HDFCBANK30Jan201340CE.NFO,07/01/2020,10:57:29,5.5,5.15,1500,5.3,2000,0,343500
HDFCBANK30Jan201340CE.NFO,07/01/2020,10:57:36,5.5,5.2,2000,5.3,500,0,343500
HDFCBANK30Jan201340CE.NFO,07/01/2020,10:57:42,5.5,5.25,2000,5.4,500,0,343500
HDFCBANK30Jan201340CE.NFO,07/01/2020,10:57:49,5.5,5.3,1500,5.45,2000,0,343500
HDFCBANK30Jan201340CE.NFO,07/01/2020,10:57:55,5.5,5.35,2500,5.5,1000,0,343500
HDFCBANK30Jan201340CE.NFO,07/01/2020,10:58:01,5.5,5.35,3000,5.5,2000,0,343500
HDFCBANK30Jan201340CE.NFO,07/01/2020,10:58:07,5.5,5.3,1500,5.45,2500,0,343500
HDFCBANK30Jan201340CE.NFO,07/01/2020,10:58:13,5.5,5.35,3000,5.5,3500,0,343500
HDFCBANK30Jan201340CE.NFO,07/01/2020,10:58:20,5.5,5.2,1500,5.35,3500,0,343500
HDFCBANK30Jan201340CE.NFO,07/01/2020,10:58:26,5.5,5,1500,5.1,1000,0,343500
HDFCBANK30Jan201340CE.NFO,07/01/2020,10:58:33,5.5,5.1,500,5.2,500,0,343500
HDFCBANK30Jan201340CE.NFO,07/01/2020,10:58:39,5.5,5.05,3500,5.2,2500,0,343500
HDFCBANK30Jan201340CE.NFO,07/01/2020,10:58:45,5.15,5.1,500,5.2,500,500,343500
HDFCBANK30Jan201340CE.NFO,07/01/2020,10:58:51,5.1,5.1,500,5.2,3000,500,343500
HDFCBANK30Jan201340CE.NFO,07/01/2020,10:58:58,5.1,5.1,1000,5.2,2000,0,343500
HDFCBANK30Jan201340CE.NFO,07/01/2020,10:59:04,5.1,5.1,2000,5.2,500,0,343500
HDFCBANK30Jan201340CE.NFO,07/01/2020,10:59:11,5.1,5.05,1000,5.15,1000,500,343500
HDFCBANK30Jan201340CE.NFO,07/01/2020,10:59:17,5.1,5,1500,5.1,1000,0,343500
HDFCBANK30Jan201340CE.NFO,07/01/2020,10:59:29,5.1,5.05,1000,5.2,3500,0,343500
HDFCBANK30Jan201340CE.NFO,07/01/2020,10:59:35,5.1,5.05,1000,5.15,1000,0,343500
HDFCBANK30Jan201340CE.NFO,07/01/2020,10:59:41,5.1,5.1,1000,5.2,1500,0,343500
HDFCBANK30Jan201340CE.NFO,07/01/2020,10:59:52,5.1,5.15,500,5.2,500,500,345500
HDFCBANK30Jan201340CE.NFO,07/01/2020,10:59:58,5.15,5.1,1500,5.2,500,1000,345500
HDFCBANK30Jan201340CE.NFO,07/01/2020,11:00:04,5.15,5,1500,5.1,500,0,345500
HDFCBANK30Jan201340CE.NFO,07/01/2020,11:00:12,5,4.95,3500,5.1,4000,1000,345500
HDFCBANK30Jan201340CE.NFO,07/01/2020,11:00:19,5,4.85,2000,5,4000,0,345500
HDFCBANK30Jan201340CE.NFO,07/01/2020,11:00:26,5,4.85,2000,5,3000,500,345500
HDFCBANK30Jan201340CE.NFO,07/01/2020,11:00:33,5,4.85,1500,4.95,1000,0,345500
HDFCBANK30Jan201340CE.NFO,07/01/2020,11:00:40,5,4.85,3000,5,4500,0,345500
HDFCBANK30Jan201340CE.NFO,07/01/2020,11:00:46,5,4.9,1500,4.95,1500,0,345500
HDFCBANK30Jan201340CE.NFO,07/01/2020,11:00:52,4.9,4.8,1000,4.9,2000,500,345500
HDFCBANK30Jan201340CE.NFO,07/01/2020,11:00:59,4.9,4.75,4000,4.95,4000,1500,345500
HDFCBANK30Jan201340CE.NFO,07/01/2020,11:01:07,4.9,4.75,1000,4.85,2000,0,345500
HDFCBANK30Jan201340CE.NFO,07/01/2020,11:01:14,4.9,4.7,1000,4.8,1500,0,345500
HDFCBANK30Jan201340CE.NFO,07/01/2020,11:01:22,4.7,4.55,4000,4.7,2500,500,345500
HDFCBANK30Jan201340CE.NFO,07/01/2020,11:01:29,4.7,4.65,1000,4.8,1500,2000,345500
HDFCBANK30Jan201340CE.NFO,07/01/2020,11:01:37,4.7,4.75,1000,4.85,1000,0,345500
HDFCBANK30Jan201340CE.NFO,07/01/2020,11:01:45,4.8,4.8,2000,4.95,1000,500,345500
HDFCBANK30Jan201340CE.NFO,07/01/2020,11:01:53,4.8,4.95,1000,5.05,1000,0,345500
HDFCBANK30Jan201340CE.NFO,07/01/2020,11:02:00,4.9,4.95,3000,5.1,500,2000,345500
HDFCBANK30Jan201340CE.NFO,07/01/2020,11:02:07,4.9,5,3000,5.1,500,0,345500
HDFCBANK30Jan201340CE.NFO,07/01/2020,11:02:14,5.1,5.05,3500,5.2,2000,500,345500
HDFCBANK30Jan201340CE.NFO,07/01/2020,11:02:21,5.1,5.05,3000,5.2,2000,0,345500
HDFCBANK30Jan201340CE.NFO,07/01/2020,11:02:26,5.1,5.1,500,5.25,1500,2500,345500
HDFCBANK30Jan201340CE.NFO,07/01/2020,11:02:33,5.1,5.15,1000,5.3,1500,0,345500
HDFCBANK30Jan201340CE.NFO,07/01/2020,11:02:40,5.1,5.15,2500,5.3,1000,0,345500
HDFCBANK30Jan201340CE.NFO,07/01/2020,11:02:46,5.1,5.15,1500,5.25,1500,0,345500
HDFCBANK30Jan201340CE.NFO,07/01/2020,11:02:53,5.1,5.1,1000,5.2,1000,0,345500
HDFCBANK30Jan201340CE.NFO,07/01/2020,11:02:59,5.1,5.15,500,5.2,1000,0,345500
HDFCBANK30Jan201340CE.NFO,07/01/2020,11:03:05,5.1,5.05,2500,5.15,1500,0,345500
HDFCBANK30Jan201340CE.NFO,07/01/2020,11:03:12,5.1,5,1000,5.15,2000,0,345500
HDFCBANK30Jan201340CE.NFO,07/01/2020,11:03:19,5,5.05,3000,5.2,1000,3000,346500
HDFCBANK30Jan201340CE.NFO,07/01/2020,11:03:26,5.15,5.1,2000,5.25,2500,1500,346500
HDFCBANK30Jan201340CE.NFO,07/01/2020,11:03:32,5.1,5.05,1000,5.15,2000,2000,346500
HDFCBANK30Jan201340CE.NFO,07/01/2020,11:03:38,5,5,2000,5.1,500,2000,346500
HDFCBANK30Jan201340CE.NFO,07/01/2020,11:03:46,5,5.05,2500,5.15,500,2000,346500
HDFCBANK30Jan201340CE.NFO,07/01/2020,11:03:53,5,4.9,1500,5.05,2000,0,346500
HDFCBANK30Jan201340CE.NFO,07/01/2020,11:04:00,5,5,2000,5.15,2000,0,346500
HDFCBANK30Jan201340CE.NFO,07/01/2020,11:04:07,5.1,5,2500,5.15,2500,2000,346500
HDFCBANK30Jan201340CE.NFO,07/01/2020,11:04:13,5.05,5,2500,5.15,2500,500,346500
HDFCBANK30Jan201340CE.NFO,07/01/2020,11:04:20,5.05,5.05,4000,5.15,500,0,346500
HDFCBANK30Jan201340CE.NFO,07/01/2020,11:04:26,5.1,5.1,2000,5.25,2500,500,346500
HDFCBANK30Jan201340CE.NFO,07/01/2020,11:04:33,5.15,5.1,2000,5.2,500,500,346500
HDFCBANK30Jan201340CE.NFO,07/01/2020,11:04:40,5.15,5.15,2000,5.25,1000,0,346500
HDFCBANK30Jan201340CE.NFO,07/01/2020,11:04:46,5.15,5.05,500,5.15,2000,2000,346500
HDFCBANK30Jan201340CE.NFO,07/01/2020,11:04:54,5.1,5.1,1000,5.2,500,500,346500
HDFCBANK30Jan201340CE.NFO,07/01/2020,11:05:00,5.05,5.05,500,5.15,2500,500,346500
HDFCBANK30Jan201340CE.NFO,07/01/2020,11:05:07,5.05,4.95,2500,5.15,2500,0,346500
HDFCBANK30Jan201340CE.NFO,07/01/2020,11:05:14,5.05,4.95,2000,5.1,2500,0,346500
HDFCBANK30Jan201340CE.NFO,07/01/2020,11:05:21,5.05,5,1500,5.15,2500,0,346500
HDFCBANK30Jan201340CE.NFO,07/01/2020,11:05:28,5.05,5.05,500,5.15,2500,0,346500
HDFCBANK30Jan201340CE.NFO,07/01/2020,11:05:35,5.05,5.05,2000,5.15,500,0,346500
HDFCBANK30Jan201340CE.NFO,07/01/2020,11:05:42,5.05,5.05,2500,5.2,3000,0,346500
HDFCBANK30Jan201340CE.NFO,07/01/2020,11:05:49,5.05,5.1,3000,5.2,1000,0,346500
HDFCBANK30Jan201340CE.NFO,07/01/2020,11:05:56,5.2,5.15,1000,5.25,500,500,351000
HDFCBANK30Jan201340CE.NFO,07/01/2020,11:06:03,5.25,5.2,1000,5.3,500,1000,351000
HDFCBANK30Jan201340CE.NFO,07/01/2020,11:06:09,5.25,5.3,1500,5.45,2000,0,351000
HDFCBANK30Jan201340CE.NFO,07/01/2020,11:06:16,5.35,5.3,500,5.45,2500,500,351000
HDFCBANK30Jan201340CE.NFO,07/01/2020,11:06:23,5.35,5.25,2000,5.35,1000,0,351000
HDFCBANK30Jan201340CE.NFO,07/01/2020,11:06:28,5.35,5.2,500,5.35,2500,0,351000
HDFCBANK30Jan201340CE.NFO,07/01/2020,11:06:34,5.35,5.15,2500,5.3,2500,0,351000
HDFCBANK30Jan201340CE.NFO,07/01/2020,11:06:39,5.35,5.15,2500,5.3,2000,0,351000
HDFCBANK30Jan201340CE.NFO,07/01/2020,11:06:44,5.15,5.15,500,5.25,1000,500,351000
HDFCBANK30Jan201340CE.NFO,07/01/2020,11:06:49,5.15,5.1,3000,5.25,1500,0,351000
HDFCBANK30Jan201340CE.NFO,07/01/2020,11:06:54,5.15,5.15,500,5.25,1500,0,351000
HDFCBANK30Jan201340CE.NFO,07/01/2020,11:06:59,5.15,5.15,3000,5.25,1000,0,351000
HDFCBANK30Jan201340CE.NFO,07/01/2020,11:07:05,5.1,5.05,1000,5.15,3000,1500,351000
HDFCBANK30Jan201340CE.NFO,07/01/2020,11:07:10,5.1,5.05,500,5.15,3000,0,351000
HDFCBANK30Jan201340CE.NFO,07/01/2020,11:07:15,5.1,5,500,5.15,3000,0,351000
HDFCBANK30Jan201340CE.NFO,07/01/2020,11:07:20,5.15,5.05,500,5.15,2000,500,351000
HDFCBANK30Jan201340CE.NFO,07/01/2020,11:07:25,5.15,5.05,2000,5.15,500,0,351000
HDFCBANK30Jan201340CE.NFO,07/01/2020,11:07:31,5.15,5.05,1000,5.15,1000,0,351000
HDFCBANK30Jan201340CE.NFO,07/01/2020,11:07:36,5.15,5.15,500,5.25,1500,0,351000
HDFCBANK30Jan201340CE.NFO,07/01/2020,11:07:42,5.15,5.15,1000,5.25,2500,0,351000
HDFCBANK30Jan201340CE.NFO,07/01/2020,11:07:48,5.15,5.15,500,5.25,2500,0,351000
HDFCBANK30Jan201340CE.NFO,07/01/2020,11:07:58,5.15,5.05,2000,5.15,1000,0,351000
HDFCBANK30Jan201340CE.NFO,07/01/2020,11:08:07,5.15,5.15,500,5.2,1000,0,351000
HDFCBANK30Jan201340CE.NFO,07/01/2020,11:08:12,5.15,5.1,500,5.2,1500,1000,351000
HDFCBANK30Jan201340CE.NFO,07/01/2020,11:08:17,5.15,5.1,1000,5.2,1000,0,351000
HDFCBANK30Jan201340CE.NFO,07/01/2020,11:08:22,5.15,5.1,500,5.2,2000,0,351000
HDFCBANK30Jan201340CE.NFO,07/01/2020,11:08:28,5.15,5.15,1000,5.2,500,0,351000
HDFCBANK30Jan201340CE.NFO,07/01/2020,11:08:33,5.2,5.15,2000,5.25,1000,500,351000
HDFCBANK30Jan201340CE.NFO,07/01/2020,11:08:38,5.2,5.15,1500,5.25,1000,0,351000
HDFCBANK30Jan201340CE.NFO,07/01/2020,11:08:43,5.2,5.15,2500,5.3,1500,0,351000
HDFCBANK30Jan201340CE.NFO,07/01/2020,11:08:48,5.2,5.15,1500,5.3,1500,0,351000
HDFCBANK30Jan201340CE.NFO,07/01/2020,11:08:52,5.2,5.2,500,5.3,1500,0,351000
HDFCBANK30Jan201340CE.NFO,07/01/2020,11:08:57,5.2,5.15,1000,5.3,1500,0,351000
HDFCBANK30Jan201340CE.NFO,07/01/2020,11:09:12,5.2,5.15,2500,5.3,1500,0,351000
HDFCBANK30Jan201340CE.NFO,07/01/2020,11:09:17,5.2,5.15,2000,5.3,1500,0,351000
HDFCBANK30Jan201340CE.NFO,07/01/2020,11:09:22,5.2,5.1,500,5.2,2000,0,351000
HDFCBANK30Jan201340CE.NFO,07/01/2020,11:09:27,5.2,5.05,500,5.15,1500,0,351000
HDFCBANK30Jan201340CE.NFO,07/01/2020,11:09:31,5.2,5.05,1000,5.2,2000,0,351000
HDFCBANK30Jan201340CE.NFO,07/01/2020,11:09:36,5.2,5.05,500,5.15,500,0,351000
HDFCBANK30Jan201340CE.NFO,07/01/2020,11:09:45,5.2,5.05,500,5.15,1500,0,351000
HDFCBANK30Jan201340CE.NFO,07/01/2020,11:09:53,5.2,5.05,2500,5.15,1000,0,351000
HDFCBANK30Jan201340CE.NFO,07/01/2020,11:09:57,5.2,5.1,500,5.15,1500,0,351000
HDFCBANK30Jan201340CE.NFO,07/01/2020,11:10:01,5.1,5.05,2000,5.15,1000,500,351500
HDFCBANK30Jan201340CE.NFO,07/01/2020,11:10:06,5.1,5.05,1500,5.15,2500,0,351500
HDFCBANK30Jan201340CE.NFO,07/01/2020,11:10:25,5.1,5.05,2000,5.15,2500,0,351500
HDFCBANK30Jan201340CE.NFO,07/01/2020,11:10:38,5.1,5.05,2000,5.15,2000,0,351500
HDFCBANK30Jan201340CE.NFO,07/01/2020,11:10:42,5.1,5.05,4000,5.2,2500,0,351500
HDFCBANK30Jan201340CE.NFO,07/01/2020,11:10:46,5.1,5.1,500,5.2,1500,0,351500
HDFCBANK30Jan201340CE.NFO,07/01/2020,11:10:49,5.1,5.1,1000,5.2,1500,0,351500
HDFCBANK30Jan201340CE.NFO,07/01/2020,11:10:53,5.1,5.15,500,5.25,2500,0,351500
HDFCBANK30Jan201340CE.NFO,07/01/2020,11:11:01,5.1,5.15,1000,5.25,2500,0,351500
HDFCBANK30Jan201340CE.NFO,07/01/2020,11:11:06,5.1,5.05,3000,5.15,1000,0,351500
HDFCBANK30Jan201340CE.NFO,07/01/2020,11:11:11,5.1,5.1,500,5.2,1500,0,351500
HDFCBANK30Jan201340CE.NFO,07/01/2020,11:11:17,5.1,5.05,3000,5.2,2000,0,351500
HDFCBANK30Jan201340CE.NFO,07/01/2020,11:11:31,5.1,5.05,1500,5.15,1500,0,351500
HDFCBANK30Jan201340CE.NFO,07/01/2020,11:11:38,5.1,5.05,2500,5.2,2000,0,351500
HDFCBANK30Jan201340CE.NFO,07/01/2020,11:11:45,5.1,5.1,500,5.2,1500,0,351500
HDFCBANK30Jan201340CE.NFO,07/01/2020,11:11:51,5.1,5.1,500,5.2,500,0,351500
HDFCBANK30Jan201340CE.NFO,07/01/2020,11:11:57,5.1,5.05,2000,5.2,1500,0,351500
HDFCBANK30Jan201340CE.NFO,07/01/2020,11:12:06,5.1,5.05,1500,5.15,1500,0,351500
HDFCBANK30Jan201340CE.NFO,07/01/2020,11:12:13,5.1,5.05,1500,5.15,1000,1000,351500
HDFCBANK30Jan201340CE.NFO,07/01/2020,11:12:21,5.1,5.05,1500,5.15,1000,0,351500
HDFCBANK30Jan201340CE.NFO,07/01/2020,11:12:35,5.1,5.05,2500,5.15,1000,0,351500
HDFCBANK30Jan201340CE.NFO,07/01/2020,11:12:40,5.1,5.05,2000,5.15,2000,0,351500
HDFCBANK30Jan201340CE.NFO,07/01/2020,11:12:46,5.1,5.05,2500,5.15,1000,0,351500
HDFCBANK30Jan201340CE.NFO,07/01/2020,11:13:06,5.05,4.95,1500,5.1,1500,1000,351500
HDFCBANK30Jan201340CE.NFO,07/01/2020,11:13:12,5.05,4.95,2000,5.1,1500,0,351500
HDFCBANK30Jan201340CE.NFO,07/01/2020,11:13:23,5.05,4.95,3000,5.1,1000,0,351500
HDFCBANK30Jan201340CE.NFO,07/01/2020,11:13:29,5.05,4.95,3000,5.15,2500,0,351500
HDFCBANK30Jan201340CE.NFO,07/01/2020,11:13:35,5.05,4.95,2000,5.05,500,0,351500
HDFCBANK30Jan201340CE.NFO,07/01/2020,11:13:41,5,5,3000,5.15,2500,500,351500
HDFCBANK30Jan201340CE.NFO,07/01/2020,11:13:47,5,5.05,500,5.15,2500,0,351500
HDFCBANK30Jan201340CE.NFO,07/01/2020,11:13:53,5,5.05,1000,5.15,2500,0,351500
HDFCBANK30Jan201340CE.NFO,07/01/2020,11:13:58,5,5.05,3000,5.15,1000,0,351500
HDFCBANK30Jan201340CE.NFO,07/01/2020,11:14:03,5,5.05,2500,5.15,1000,0,351500
HDFCBANK30Jan201340CE.NFO,07/01/2020,11:14:15,5,5.05,1000,5.15,1500,0,351500
HDFCBANK30Jan201340CE.NFO,07/01/2020,11:14:21,5,5.05,500,5.15,2500,0,351500
HDFCBANK30Jan201340CE.NFO,07/01/2020,11:14:26,5,5.05,1500,5.15,1000,500,351500
HDFCBANK30Jan201340CE.NFO,07/01/2020,11:14:32,5,5.05,1500,5.2,2000,0,351500
HDFCBANK30Jan201340CE.NFO,07/01/2020,11:14:37,5,5.15,500,5.25,2500,0,351500
HDFCBANK30Jan201340CE.NFO,07/01/2020,11:14:41,5,5.1,1000,5.2,1500,0,351500
HDFCBANK30Jan201340CE.NFO,07/01/2020,11:14:52,5,5.1,500,5.2,1500,0,351500
HDFCBANK30Jan201340CE.NFO,07/01/2020,11:14:57,5,5.05,2000,5.2,2000,0,351500
HDFCBANK30Jan201340CE.NFO,07/01/2020,11:15:04,5,5.05,500,5.15,2500,0,351500
HDFCBANK30Jan201340CE.NFO,07/01/2020,11:15:10,5,4.95,4000,5.1,1500,0,351500
HDFCBANK30Jan201340CE.NFO,07/01/2020,11:15:16,5,5.05,500,5.15,2500,0,351500
HDFCBANK30Jan201340CE.NFO,07/01/2020,11:15:26,5,5.05,1000,5.15,2500,0,351500
HDFCBANK30Jan201340CE.NFO,07/01/2020,11:15:32,5,5.05,500,5.1,2000,0,351500
HDFCBANK30Jan201340CE.NFO,07/01/2020,11:15:37,5.05,4.95,1000,5.05,1500,500,347500
HDFCBANK30Jan201340CE.NFO,07/01/2020,11:15:43,5.05,4.95,1500,5.1,2500,0,347500
HDFCBANK30Jan201340CE.NFO,07/01/2020,11:15:48,5.05,4.95,2000,5.1,1500,0,347500
HDFCBANK30Jan201340CE.NFO,07/01/2020,11:15:53,5.05,4.95,2000,5.1,2000,0,347500
HDFCBANK30Jan201340CE.NFO,07/01/2020,11:15:58,5.05,4.95,2500,5.05,500,0,347500
HDFCBANK30Jan201340CE.NFO,07/01/2020,11:16:05,5.05,4.95,1000,5.05,1500,0,347500
HDFCBANK30Jan201340CE.NFO,07/01/2020,11:16:11,5.05,4.95,1500,5.1,2000,0,347500
HDFCBANK30Jan201340CE.NFO,07/01/2020,11:16:17,5.05,5,1000,5.15,2500,0,347500
HDFCBANK30Jan201340CE.NFO,07/01/2020,11:16:24,5.05,4.95,1500,5.05,500,0,347500
HDFCBANK30Jan201340CE.NFO,07/01/2020,11:16:30,5.05,4.95,2500,5.1,1500,0,347500
HDFCBANK30Jan201340CE.NFO,07/01/2020,11:16:36,5.05,4.95,2500,5.05,500,0,347500
HDFCBANK30Jan201340CE.NFO,07/01/2020,11:16:41,5.05,4.95,3500,5.1,1500,0,347500
HDFCBANK30Jan201340CE.NFO,07/01/2020,11:16:53,5.05,4.95,500,5,1000,0,347500
HDFCBANK30Jan201340CE.NFO,07/01/2020,11:16:59,5.05,4.95,1500,5.1,2500,0,347500
HDFCBANK30Jan201340CE.NFO,07/01/2020,11:17:04,5.05,4.95,3000,5.05,500,0,347500
HDFCBANK30Jan201340CE.NFO,07/01/2020,11:17:09,5.05,4.95,3000,5.1,1500,0,347500
HDFCBANK30Jan201340CE.NFO,07/01/2020,11:17:13,5.05,4.95,3000,5.15,3000,0,347500
HDFCBANK30Jan201340CE.NFO,07/01/2020,11:17:18,5,5,1500,5.15,3000,500,347500
HDFCBANK30Jan201340CE.NFO,07/01/2020,11:17:23,5,5,2500,5.15,3000,0,347500
HDFCBANK30Jan201340CE.NFO,07/01/2020,11:17:28,5,5,2500,5.15,2500,0,347500
HDFCBANK30Jan201340CE.NFO,07/01/2020,11:17:33,5,5.05,1000,5.15,1500,0,347500
HDFCBANK30Jan201340CE.NFO,07/01/2020,11:17:46,5,5.05,1500,5.15,500,0,347500
HDFCBANK30Jan201340CE.NFO,07/01/2020,11:17:59,5,5,2500,5.15,1000,0,347500
HDFCBANK30Jan201340CE.NFO,07/01/2020,11:18:05,5,5,2500,5.15,2500,0,347500
HDFCBANK30Jan201340CE.NFO,07/01/2020,11:18:11,5,5.05,1500,5.15,500,0,347500
HDFCBANK30Jan201340CE.NFO,07/01/2020,11:18:16,5,5.05,2000,5.15,500,0,347500
HDFCBANK30Jan201340CE.NFO,07/01/2020,11:18:26,5,5,2500,5.15,1000,0,347500
HDFCBANK30Jan201340CE.NFO,07/01/2020,11:18:31,5,5.05,2000,5.15,500,0,347500
HDFCBANK30Jan201340CE.NFO,07/01/2020,11:18:36,5,5.1,1000,5.2,1000,0,347500
HDFCBANK30Jan201340CE.NFO,07/01/2020,11:18:42,5,5.05,3000,5.2,1000,0,347500
HDFCBANK30Jan201340CE.NFO,07/01/2020,11:18:49,5.15,5.1,1500,5.25,3000,500,348000
HDFCBANK30Jan201340CE.NFO,07/01/2020,11:18:54,5.15,5.1,2500,5.25,1500,0,348000
HDFCBANK30Jan201340CE.NFO,07/01/2020,11:19:00,5.15,5.1,2500,5.25,2500,0,348000
HDFCBANK30Jan201340CE.NFO,07/01/2020,11:19:12,5.15,5.1,1500,5.25,1500,0,348000
HDFCBANK30Jan201340CE.NFO,07/01/2020,11:19:18,4.95,4.9,1000,5,1000,1000,348000
HDFCBANK30Jan201340CE.NFO,07/01/2020,11:19:26,4.95,4.95,1000,5.05,1500,0,348000
HDFCBANK30Jan201340CE.NFO,07/01/2020,11:19:34,4.95,4.95,3000,5.1,500,0,348000
HDFCBANK30Jan201340CE.NFO,07/01/2020,11:19:46,4.95,5,3000,5.15,2500,0,348000
HDFCBANK30Jan201340CE.NFO,07/01/2020,11:20:02,4.95,5,1500,5.1,1000,0,348000
HDFCBANK30Jan201340CE.NFO,07/01/2020,11:20:08,4.95,5,500,5.15,2500,0,348000
HDFCBANK30Jan201340CE.NFO,07/01/2020,11:20:13,4.95,5,2500,5.15,2000,0,348000
HDFCBANK30Jan201340CE.NFO,07/01/2020,11:20:19,4.95,5.05,1000,5.15,2000,0,348000
HDFCBANK30Jan201340CE.NFO,07/01/2020,11:20:24,4.95,5.05,1000,5.15,1000,0,348000
HDFCBANK30Jan201340CE.NFO,07/01/2020,11:20:30,4.95,5.05,3000,5.2,2000,0,348000
HDFCBANK30Jan201340CE.NFO,07/01/2020,11:20:36,4.95,5.05,3000,5.15,500,0,348000
HDFCBANK30Jan201340CE.NFO,07/01/2020,11:20:41,4.95,5.05,3000,5.2,1500,0,348000
HDFCBANK30Jan201340CE.NFO,07/01/2020,11:20:45,4.95,5.05,3000,5.2,2000,0,348000
HDFCBANK30Jan201340CE.NFO,07/01/2020,11:20:51,4.95,5.05,3000,5.2,1000,0,348000
HDFCBANK30Jan201340CE.NFO,07/01/2020,11:20:57,4.95,5.05,3000,5.15,500,0,348000
HDFCBANK30Jan201340CE.NFO,07/01/2020,11:21:02,4.95,5.05,1000,5.2,2000,0,348000
HDFCBANK30Jan201340CE.NFO,07/01/2020,11:21:07,4.95,5.05,3000,5.2,2000,0,348000
HDFCBANK30Jan201340CE.NFO,07/01/2020,11:21:12,4.95,5.05,3000,5.2,1500,0,348000
HDFCBANK30Jan201340CE.NFO,07/01/2020,11:21:21,4.95,5.05,3000,5.2,500,0,348000
HDFCBANK30Jan201340CE.NFO,07/01/2020,11:21:32,4.95,5.05,2000,5.2,2000,0,348000
HDFCBANK30Jan201340CE.NFO,07/01/2020,11:21:38,4.95,5.05,2000,5.15,1500,0,348000
HDFCBANK30Jan201340CE.NFO,07/01/2020,11:21:44,4.95,5.05,1000,5.15,2000,0,348000
HDFCBANK30Jan201340CE.NFO,07/01/2020,11:21:49,4.95,5.05,1000,5.15,1000,0,348000
HDFCBANK30Jan201340CE.NFO,07/01/2020,11:21:53,4.95,5.05,1000,5.15,2000,0,348000
HDFCBANK30Jan201340CE.NFO,07/01/2020,11:21:57,4.95,5,2500,5.15,2500,0,348000
HDFCBANK30Jan201340CE.NFO,07/01/2020,11:22:01,4.95,5.05,1500,5.15,1000,0,348000
HDFCBANK30Jan201340CE.NFO,07/01/2020,11:22:05,4.95,5.05,1000,5.15,2500,0,348000
HDFCBANK30Jan201340CE.NFO,07/01/2020,11:22:09,4.95,5.05,1000,5.15,1000,0,348000
HDFCBANK30Jan201340CE.NFO,07/01/2020,11:22:22,4.95,5.05,2000,5.15,500,0,348000
HDFCBANK30Jan201340CE.NFO,07/01/2020,11:22:27,4.95,5.05,1000,5.15,500,0,348000
HDFCBANK30Jan201340CE.NFO,07/01/2020,11:22:37,4.95,5.05,2000,5.15,500,0,348000
HDFCBANK30Jan201340CE.NFO,07/01/2020,11:22:45,4.95,5.05,1000,5.15,2000,0,348000
HDFCBANK30Jan201340CE.NFO,07/01/2020,11:22:49,4.95,5.05,1000,5.15,2500,0,348000
HDFCBANK30Jan201340CE.NFO,07/01/2020,11:22:55,4.95,5.05,2000,5.15,500,0,348000
HDFCBANK30Jan201340CE.NFO,07/01/2020,11:23:11,4.95,5.1,1000,5.15,500,0,348000
HDFCBANK30Jan201340CE.NFO,07/01/2020,11:23:16,4.95,5.1,1500,5.15,500,0,348000
HDFCBANK30Jan201340CE.NFO,07/01/2020,11:23:30,5.15,5.1,1500,5.2,500,500,349000
HDFCBANK30Jan201340CE.NFO,07/01/2020,11:23:34,5.2,5.15,2000,5.3,2500,500,349000
HDFCBANK30Jan201340CE.NFO,07/01/2020,11:23:43,5.2,5.15,4000,5.3,1500,0,349000
HDFCBANK30Jan201340CE.NFO,07/01/2020,11:23:57,5.15,5.15,3500,5.3,1500,500,349500
HDFCBANK30Jan201340CE.NFO,07/01/2020,11:24:03,5.15,5.25,500,5.35,1500,0,349500
HDFCBANK30Jan201340CE.NFO,07/01/2020,11:24:08,5.15,5.2,1500,5.3,1000,0,349500
HDFCBANK30Jan201340CE.NFO,07/01/2020,11:24:14,5.15,5.2,500,5.3,1000,0,349500
HDFCBANK30Jan201340CE.NFO,07/01/2020,11:24:18,5.15,5.2,500,5.3,1500,0,349500
HDFCBANK30Jan201340CE.NFO,07/01/2020,11:24:38,5.15,5.2,1000,5.3,1500,0,349500
HDFCBANK30Jan201340CE.NFO,07/01/2020,11:25:04,5.3,5.3,1500,5.4,1000,500,349500
HDFCBANK30Jan201340CE.NFO,07/01/2020,11:25:09,5.3,5.3,500,5.4,1000,0,349500
HDFCBANK30Jan201340CE.NFO,07/01/2020,11:25:14,5.3,5.3,500,5.35,1000,0,349500
HDFCBANK30Jan201340CE.NFO,07/01/2020,11:25:18,5.3,5.3,1000,5.4,1000,0,349500
HDFCBANK30Jan201340CE.NFO,07/01/2020,11:25:23,5.3,5.3,500,5.4,1000,0,349500
HDFCBANK30Jan201340CE.NFO,07/01/2020,11:25:33,5.3,5.3,1000,5.4,2500,0,349500
HDFCBANK30Jan201340CE.NFO,07/01/2020,11:25:54,5.3,5.25,3000,5.4,2500,0,349500
HDFCBANK30Jan201340CE.NFO,07/01/2020,11:26:02,5.3,5.25,3000,5.4,3000,0,349500
HDFCBANK30Jan201340CE.NFO,07/01/2020,11:26:06,5.3,5.25,3000,5.4,3500,0,349500
HDFCBANK30Jan201340CE.NFO,07/01/2020,11:26:13,5.3,5.25,3000,5.35,1000,0,349500
HDFCBANK30Jan201340CE.NFO,07/01/2020,11:26:20,5.3,5.25,2000,5.35,1000,0,349500
HDFCBANK30Jan201340CE.NFO,07/01/2020,11:26:34,5.3,5.3,1000,5.4,2500,0,349500
HDFCBANK30Jan201340CE.NFO,07/01/2020,11:26:39,5.3,5.3,500,5.4,2500,0,349500
HDFCBANK30Jan201340CE.NFO,07/01/2020,11:26:45,5.3,5.3,1000,5.4,3000,0,349500
HDFCBANK30Jan201340CE.NFO,07/01/2020,11:26:49,5.3,5.3,1000,5.4,2500,0,349500
HDFCBANK30Jan201340CE.NFO,07/01/2020,11:27:05,5.3,5.3,1000,5.4,1000,0,349500
HDFCBANK30Jan201340CE.NFO,07/01/2020,11:27:19,5.3,5.3,1000,5.4,1000,500,349000
HDFCBANK30Jan201340CE.NFO,07/01/2020,11:27:22,5.3,5.3,500,5.4,1000,0,349000
HDFCBANK30Jan201340CE.NFO,07/01/2020,11:27:26,5.3,5.25,2500,5.4,1500,0,349000
HDFCBANK30Jan201340CE.NFO,07/01/2020,11:27:38,5.3,5.3,1500,5.4,500,0,349000
HDFCBANK30Jan201340CE.NFO,07/01/2020,11:27:43,5.3,5.3,2000,5.4,500,0,349000
HDFCBANK30Jan201340CE.NFO,07/01/2020,11:28:07,5.3,5.3,2500,5.45,1500,500,349000
HDFCBANK30Jan201340CE.NFO,07/01/2020,11:28:11,5.3,5.3,2000,5.45,1500,0,349000
HDFCBANK30Jan201340CE.NFO,07/01/2020,11:28:15,5.3,5.3,2000,5.45,2500,0,349000
HDFCBANK30Jan201340CE.NFO,07/01/2020,11:28:19,5.3,5.3,2000,5.45,2000,0,349000
HDFCBANK30Jan201340CE.NFO,07/01/2020,11:28:26,5.3,5.3,1000,5.45,2000,0,349000
HDFCBANK30Jan201340CE.NFO,07/01/2020,11:28:29,5.3,5.35,500,5.45,1000,0,349000
HDFCBANK30Jan201340CE.NFO,07/01/2020,11:28:36,5.35,5.25,2500,5.45,2500,500,349000
HDFCBANK30Jan201340CE.NFO,07/01/2020,11:28:39,5.35,5.25,2500,5.45,2000,0,349000
HDFCBANK30Jan201340CE.NFO,07/01/2020,11:28:45,5.35,5.3,2500,5.45,2000,0,349000
HDFCBANK30Jan201340CE.NFO,07/01/2020,11:28:48,5.35,5.25,2000,5.45,3000,0,349000
HDFCBANK30Jan201340CE.NFO,07/01/2020,11:28:53,5.35,5.25,2000,5.35,1000,0,349000
HDFCBANK30Jan201340CE.NFO,07/01/2020,11:29:01,5.35,5.25,2000,5.35,500,0,349000
HDFCBANK30Jan201340CE.NFO,07/01/2020,11:29:03,5.35,5.25,1000,5.35,1000,0,349000
HDFCBANK30Jan201340CE.NFO,07/01/2020,11:29:07,5.35,5.2,1500,5.35,2500,0,349000
HDFCBANK30Jan201340CE.NFO,07/01/2020,11:29:16,5.35,5.2,500,5.3,2000,0,349000
HDFCBANK30Jan201340CE.NFO,07/01/2020,11:29:20,5.35,5.2,500,5.3,1500,0,349000
HDFCBANK30Jan201340CE.NFO,07/01/2020,11:29:30,5.35,5.2,500,5.25,2000,0,349000
HDFCBANK30Jan201340CE.NFO,07/01/2020,11:29:33,5.35,5.2,500,5.25,2500,0,349000
HDFCBANK30Jan201340CE.NFO,07/01/2020,11:29:52,5.25,5.25,1000,5.35,1500,2000,349000
HDFCBANK30Jan201340CE.NFO,07/01/2020,11:29:55,5.35,5.25,2000,5.4,3500,1500,349000
HDFCBANK30Jan201340CE.NFO,07/01/2020,11:29:59,5.35,5.25,1000,5.4,3500,0,349000
HDFCBANK30Jan201340CE.NFO,07/01/2020,11:30:05,5.35,5.25,1000,5.4,3000,0,349000
HDFCBANK30Jan201340CE.NFO,07/01/2020,11:30:21,5.35,5.25,2000,5.4,3000,0,349000
HDFCBANK30Jan201340CE.NFO,07/01/2020,11:30:26,5.25,5.25,2500,5.4,3000,1000,349000
HDFCBANK30Jan201340CE.NFO,07/01/2020,11:30:30,5.25,5.25,1500,5.35,2000,0,349000
HDFCBANK30Jan201340CE.NFO,07/01/2020,11:30:33,5.25,5.25,1000,5.3,1000,0,349000
HDFCBANK30Jan201340CE.NFO,07/01/2020,11:30:37,5.25,5.25,1000,5.3,500,0,349000
HDFCBANK30Jan201340CE.NFO,07/01/2020,11:30:43,5.25,5.25,500,5.3,500,0,349000
