Ticker,Date,Time,LTP,BuyPrice,BuyQty,SellPrice,SellQty,LTQ,OpenInterest
HDFC30Jan202420PE.NFO,07/01/2020,09:16:17,51.3,47.95,500,49.4,250,2500,37750
HDFC30Jan202420PE.NFO,07/01/2020,09:16:17,48.7,47.95,500,49.4,250,0,37750
HDFC30Jan202420PE.NFO,07/01/2020,09:16:17,51.4,47.95,500,49.4,250,0,37750
HDFC30Jan202420PE.NFO,07/01/2020,09:16:17,48.7,47.95,500,49.4,250,0,37750
HDFC30Jan202420PE.NFO,07/01/2020,09:16:28,48.2,45.7,500,47,250,250,37750
HDFC30Jan202420PE.NFO,07/01/2020,09:16:28,48.2,45.7,500,47,250,0,37750
HDFC30Jan202420PE.NFO,07/01/2020,09:16:39,47.6,46.75,250,50.5,250,1750,37750
HDFC30Jan202420PE.NFO,07/01/2020,09:16:39,45.35,46.75,250,50.5,250,0,37750
HDFC30Jan202420PE.NFO,07/01/2020,09:16:50,47.85,46.65,250,48.05,250,250,37750
HDFC30Jan202420PE.NFO,07/01/2020,09:17:00,47.85,45.6,250,46.75,250,0,37750
HDFC30Jan202420PE.NFO,07/01/2020,09:17:10,46.3,46.05,500,47.7,250,500,37750
HDFC30Jan202420PE.NFO,07/01/2020,09:17:19,46.3,45.55,250,46.6,250,0,37750
HDFC30Jan202420PE.NFO,07/01/2020,09:17:29,46.3,46.3,250,48.05,250,0,37750
HDFC30Jan202420PE.NFO,07/01/2020,09:17:39,46.4,45.65,250,46.4,250,250,39250
HDFC30Jan202420PE.NFO,07/01/2020,09:17:48,45.85,44.3,250,45.5,500,250,39250
HDFC30Jan202420PE.NFO,07/01/2020,09:17:58,45.85,43.45,750,44.45,250,0,39250
HDFC30Jan202420PE.NFO,07/01/2020,09:18:06,45.85,42.35,250,43.45,500,0,39250
HDFC30Jan202420PE.NFO,07/01/2020,09:18:15,45.85,43.05,250,44.1,250,0,39250
HDFC30Jan202420PE.NFO,07/01/2020,09:18:22,45.85,43,250,44.05,500,0,39250
HDFC30Jan202420PE.NFO,07/01/2020,09:18:29,45.85,43.1,500,44.05,500,0,39250
HDFC30Jan202420PE.NFO,07/01/2020,09:18:37,45.85,43.1,250,44.2,250,0,39250
HDFC30Jan202420PE.NFO,07/01/2020,09:18:45,45.85,42.55,250,43.55,500,0,39250
HDFC30Jan202420PE.NFO,07/01/2020,09:18:52,45.85,42.7,750,43.8,250,0,39250
HDFC30Jan202420PE.NFO,07/01/2020,09:19:00,45.85,42.65,250,43.7,750,0,39250
HDFC30Jan202420PE.NFO,07/01/2020,09:19:06,45.85,42.25,250,43.3,250,0,39250
HDFC30Jan202420PE.NFO,07/01/2020,09:19:13,41.95,41.4,750,42.45,500,250,39250
HDFC30Jan202420PE.NFO,07/01/2020,09:19:13,41.95,41.4,750,42.45,500,0,39250
HDFC30Jan202420PE.NFO,07/01/2020,09:19:20,41.4,41.05,250,42,750,250,39250
HDFC30Jan202420PE.NFO,07/01/2020,09:19:20,41.4,41.05,250,42,750,0,39250
HDFC30Jan202420PE.NFO,07/01/2020,09:19:27,41.4,41.05,250,41.75,500,0,39250
HDFC30Jan202420PE.NFO,07/01/2020,09:19:34,42.5,42.45,500,43.15,250,2000,39250
HDFC30Jan202420PE.NFO,07/01/2020,09:19:34,40.85,42.45,500,43.15,250,0,39250
HDFC30Jan202420PE.NFO,07/01/2020,09:19:41,43.45,43.7,750,44.5,250,250,39250
HDFC30Jan202420PE.NFO,07/01/2020,09:19:48,44.95,44.25,750,45,250,250,39250
HDFC30Jan202420PE.NFO,07/01/2020,09:19:55,44.8,43.95,1000,44.85,250,250,39250
HDFC30Jan202420PE.NFO,07/01/2020,09:20:01,44.8,44.3,500,45.05,250,0,39250
HDFC30Jan202420PE.NFO,07/01/2020,09:20:07,45.05,43.9,250,44.25,250,500,39250
HDFC30Jan202420PE.NFO,07/01/2020,09:20:14,43.8,43.65,750,44.25,250,500,38250
HDFC30Jan202420PE.NFO,07/01/2020,09:20:20,43.95,43.25,500,44.1,1000,500,38250
HDFC30Jan202420PE.NFO,07/01/2020,09:20:27,44.35,43.55,500,44.25,750,250,38250
HDFC30Jan202420PE.NFO,07/01/2020,09:20:33,43.85,42.7,250,43.5,250,750,38250
HDFC30Jan202420PE.NFO,07/01/2020,09:20:39,43.85,43.2,250,43.9,250,1000,38250
HDFC30Jan202420PE.NFO,07/01/2020,09:20:45,43.3,43.05,500,43.8,500,250,38250
HDFC30Jan202420PE.NFO,07/01/2020,09:20:52,43.9,43.45,250,44.15,250,750,38250
HDFC30Jan202420PE.NFO,07/01/2020,09:20:58,43.35,43.3,250,44.15,250,250,38250
HDFC30Jan202420PE.NFO,07/01/2020,09:21:05,44.25,44.85,500,45.35,250,1500,38250
HDFC30Jan202420PE.NFO,07/01/2020,09:21:13,44.25,44.8,250,45.35,250,0,38250
HDFC30Jan202420PE.NFO,07/01/2020,09:21:21,44.35,44.3,500,44.95,250,250,38250
HDFC30Jan202420PE.NFO,07/01/2020,09:21:28,44.3,44.25,250,44.9,250,250,38250
HDFC30Jan202420PE.NFO,07/01/2020,09:21:34,44.3,44,250,44.7,250,0,38250
HDFC30Jan202420PE.NFO,07/01/2020,09:21:40,44.3,43.8,500,44.5,250,0,38250
HDFC30Jan202420PE.NFO,07/01/2020,09:21:47,44.3,43.45,250,44,250,0,38250
HDFC30Jan202420PE.NFO,07/01/2020,09:21:54,44.3,43.5,500,43.75,250,0,38250
HDFC30Jan202420PE.NFO,07/01/2020,09:22:00,43.25,42.4,250,43.2,250,1500,38250
HDFC30Jan202420PE.NFO,07/01/2020,09:22:07,43.25,42.2,250,43.1,750,0,38250
HDFC30Jan202420PE.NFO,07/01/2020,09:22:14,43.1,42.35,250,43.1,750,250,38250
HDFC30Jan202420PE.NFO,07/01/2020,09:22:21,43.1,41.3,250,42.25,1000,0,38250
HDFC30Jan202420PE.NFO,07/01/2020,09:22:28,42.05,41,1000,41.75,500,750,38250
HDFC30Jan202420PE.NFO,07/01/2020,09:22:35,42.15,42.1,500,42.75,250,500,38250
HDFC30Jan202420PE.NFO,07/01/2020,09:22:41,42.15,42.3,750,43,250,0,38250
HDFC30Jan202420PE.NFO,07/01/2020,09:22:47,42.15,41.9,750,42.5,250,0,38250
HDFC30Jan202420PE.NFO,07/01/2020,09:22:54,42.15,41.7,500,42.4,500,0,38250
HDFC30Jan202420PE.NFO,07/01/2020,09:23:00,42.15,41.9,250,42.55,250,0,38250
HDFC30Jan202420PE.NFO,07/01/2020,09:23:06,42.15,42.25,500,42.65,250,0,38250
HDFC30Jan202420PE.NFO,07/01/2020,09:23:12,42.65,42.3,500,42.8,250,250,38250
HDFC30Jan202420PE.NFO,07/01/2020,09:23:17,42.8,41.7,500,42.4,250,1250,37750
HDFC30Jan202420PE.NFO,07/01/2020,09:23:23,42.45,41.95,750,42.6,250,250,37750
HDFC30Jan202420PE.NFO,07/01/2020,09:23:30,42.65,42.15,250,42.7,250,250,37750
HDFC30Jan202420PE.NFO,07/01/2020,09:23:36,42.8,42.5,750,42.9,250,750,37750
HDFC30Jan202420PE.NFO,07/01/2020,09:23:42,43,42.65,750,43.3,500,1000,37750
HDFC30Jan202420PE.NFO,07/01/2020,09:23:48,43,42.55,1250,43.3,250,0,37750
HDFC30Jan202420PE.NFO,07/01/2020,09:23:54,43,42.55,1000,43.15,250,0,37750
HDFC30Jan202420PE.NFO,07/01/2020,09:24:00,43.15,42.5,250,43.15,250,250,37750
HDFC30Jan202420PE.NFO,07/01/2020,09:24:06,43.15,42.95,500,43.45,250,0,37750
HDFC30Jan202420PE.NFO,07/01/2020,09:24:12,43,43.05,750,43.7,500,250,37750
HDFC30Jan202420PE.NFO,07/01/2020,09:24:17,43,43.25,250,43.9,250,0,37750
HDFC30Jan202420PE.NFO,07/01/2020,09:24:23,43,43.55,500,44,250,0,37750
HDFC30Jan202420PE.NFO,07/01/2020,09:24:29,43,43.6,500,44,250,0,37750
HDFC30Jan202420PE.NFO,07/01/2020,09:24:51,43,43.6,500,44,750,0,37750
HDFC30Jan202420PE.NFO,07/01/2020,09:24:56,43,43.7,750,44,750,0,37750
HDFC30Jan202420PE.NFO,07/01/2020,09:25:02,43,43.7,1000,44,750,0,37750
HDFC30Jan202420PE.NFO,07/01/2020,09:25:09,43.95,43.55,500,44,250,1500,37750
HDFC30Jan202420PE.NFO,07/01/2020,09:25:15,44.35,43.9,750,44.5,250,500,37750
HDFC30Jan202420PE.NFO,07/01/2020,09:25:22,44.35,43.8,500,44.5,250,0,37750
HDFC30Jan202420PE.NFO,07/01/2020,09:25:28,43.75,43.3,250,43.95,250,500,37750
HDFC30Jan202420PE.NFO,07/01/2020,09:25:34,44,43.15,250,43.75,250,500,37750
HDFC30Jan202420PE.NFO,07/01/2020,09:25:40,44,43.15,250,43.7,250,0,37750
HDFC30Jan202420PE.NFO,07/01/2020,09:25:46,43.55,43,250,43.5,250,250,37750
HDFC30Jan202420PE.NFO,07/01/2020,09:26:00,43.1,42.5,1000,43.05,250,1000,37750
HDFC30Jan202420PE.NFO,07/01/2020,09:26:07,43.1,42.35,250,42.95,250,0,37750
HDFC30Jan202420PE.NFO,07/01/2020,09:26:14,42.1,41.7,500,42.1,250,750,39500
HDFC30Jan202420PE.NFO,07/01/2020,09:26:21,42.1,41.8,500,42.3,250,250,39500
HDFC30Jan202420PE.NFO,07/01/2020,09:26:26,42.1,41.55,500,42.15,250,0,39500
HDFC30Jan202420PE.NFO,07/01/2020,09:26:32,41.8,41.65,250,42.15,250,250,39500
HDFC30Jan202420PE.NFO,07/01/2020,09:26:38,42.15,41.8,1250,42.3,250,250,39500
HDFC30Jan202420PE.NFO,07/01/2020,09:26:44,42.3,42.3,250,42.8,750,250,39500
HDFC30Jan202420PE.NFO,07/01/2020,09:26:49,42.3,42.25,250,42.8,1000,0,39500
HDFC30Jan202420PE.NFO,07/01/2020,09:26:55,42.3,42.05,250,42.6,750,0,39500
HDFC30Jan202420PE.NFO,07/01/2020,09:27:01,42.45,41.9,500,42.4,250,250,39500
HDFC30Jan202420PE.NFO,07/01/2020,09:27:06,42.45,42.25,750,42.75,250,0,39500
HDFC30Jan202420PE.NFO,07/01/2020,09:27:12,42.8,42.35,1000,42.8,250,500,39500
HDFC30Jan202420PE.NFO,07/01/2020,09:27:17,42.9,42.45,250,42.95,250,500,39500
HDFC30Jan202420PE.NFO,07/01/2020,09:27:23,42.9,42.35,250,42.85,250,0,39500
HDFC30Jan202420PE.NFO,07/01/2020,09:27:29,42.75,42.35,250,42.9,1000,500,39500
HDFC30Jan202420PE.NFO,07/01/2020,09:27:35,42.75,43.25,1000,43.8,250,0,39500
HDFC30Jan202420PE.NFO,07/01/2020,09:27:40,42.75,43.3,500,43.75,250,0,39500
HDFC30Jan202420PE.NFO,07/01/2020,09:27:46,42.75,43.25,250,43.75,250,0,39500
HDFC30Jan202420PE.NFO,07/01/2020,09:27:52,42.75,43.2,250,43.7,500,0,39500
HDFC30Jan202420PE.NFO,07/01/2020,09:28:07,42.75,43.65,500,44,250,0,39500
HDFC30Jan202420PE.NFO,07/01/2020,09:28:14,42.75,43.7,250,44.05,250,0,39500
HDFC30Jan202420PE.NFO,07/01/2020,09:28:19,43.7,43.65,750,44.15,250,250,39500
HDFC30Jan202420PE.NFO,07/01/2020,09:28:24,43.7,44.2,500,44.65,250,0,39500
HDFC30Jan202420PE.NFO,07/01/2020,09:28:30,43.7,44.45,500,45.05,500,0,39500
HDFC30Jan202420PE.NFO,07/01/2020,09:28:36,43.7,44.65,250,45.3,250,0,39500
HDFC30Jan202420PE.NFO,07/01/2020,09:28:41,43.7,44.65,250,45.1,250,0,39500
HDFC30Jan202420PE.NFO,07/01/2020,09:28:46,44.95,44.6,500,45.15,1000,250,39500
HDFC30Jan202420PE.NFO,07/01/2020,09:28:52,44.95,44.2,250,44.75,250,0,39500
HDFC30Jan202420PE.NFO,07/01/2020,09:28:57,44.95,44.45,500,44.95,250,0,39500
HDFC30Jan202420PE.NFO,07/01/2020,09:29:02,44.95,44.35,500,44.9,500,0,39500
HDFC30Jan202420PE.NFO,07/01/2020,09:29:08,44.95,44.3,250,44.85,250,0,39500
HDFC30Jan202420PE.NFO,07/01/2020,09:29:14,44.8,44.3,250,44.8,250,250,39500
HDFC30Jan202420PE.NFO,07/01/2020,09:29:19,44.8,44.2,500,44.8,1000,0,39500
HDFC30Jan202420PE.NFO,07/01/2020,09:29:25,44.8,44.2,250,44.85,500,0,39500
HDFC30Jan202420PE.NFO,07/01/2020,09:29:30,44.7,44.65,500,44.95,250,250,39500
HDFC30Jan202420PE.NFO,07/01/2020,09:29:36,44.95,44.75,750,45.3,250,250,39500
HDFC30Jan202420PE.NFO,07/01/2020,09:29:41,44.95,45.05,750,45.6,750,0,39500
HDFC30Jan202420PE.NFO,07/01/2020,09:29:46,44.95,45.1,1000,45.7,250,0,39500
HDFC30Jan202420PE.NFO,07/01/2020,09:29:51,44.95,45.05,250,45.55,500,0,39500
HDFC30Jan202420PE.NFO,07/01/2020,09:29:55,44.95,45.05,500,45.55,500,0,39500
HDFC30Jan202420PE.NFO,07/01/2020,09:29:59,44.95,45,250,45.3,500,0,39500
HDFC30Jan202420PE.NFO,07/01/2020,09:30:04,45,44.55,250,45.1,500,250,39500
HDFC30Jan202420PE.NFO,07/01/2020,09:30:09,45,44.5,250,44.95,500,0,39500
HDFC30Jan202420PE.NFO,07/01/2020,09:30:15,45,44.3,250,44.7,250,0,39500
HDFC30Jan202420PE.NFO,07/01/2020,09:30:19,44.3,44,500,44.55,250,250,39500
HDFC30Jan202420PE.NFO,07/01/2020,09:30:25,44.3,43.8,250,44.35,500,0,39500
HDFC30Jan202420PE.NFO,07/01/2020,09:30:30,44.3,43.65,250,44.15,250,0,39500
HDFC30Jan202420PE.NFO,07/01/2020,09:30:35,44.3,43.55,250,44,500,0,39500
HDFC30Jan202420PE.NFO,07/01/2020,09:30:40,44,43.6,500,44.15,250,500,39500
HDFC30Jan202420PE.NFO,07/01/2020,09:30:44,44,43.7,250,44.2,250,0,39500
HDFC30Jan202420PE.NFO,07/01/2020,09:30:49,44,43.65,500,44.25,500,0,39500
HDFC30Jan202420PE.NFO,07/01/2020,09:30:54,44,43.8,500,44.35,250,0,39500
HDFC30Jan202420PE.NFO,07/01/2020,09:30:59,44,43.7,500,44.25,250,0,39500
HDFC30Jan202420PE.NFO,07/01/2020,09:31:04,44,43.7,500,44.25,500,0,39500
HDFC30Jan202420PE.NFO,07/01/2020,09:31:10,44,43.7,500,44.15,250,0,39500
HDFC30Jan202420PE.NFO,07/01/2020,09:31:23,43.85,43.8,500,44.25,250,250,39500
HDFC30Jan202420PE.NFO,07/01/2020,09:31:29,43.6,43.5,500,44.1,500,250,39500
HDFC30Jan202420PE.NFO,07/01/2020,09:31:34,44.1,43.95,250,44.55,250,500,39500
HDFC30Jan202420PE.NFO,07/01/2020,09:31:39,44.1,43.85,500,44.4,250,0,39500
HDFC30Jan202420PE.NFO,07/01/2020,09:31:45,44.1,43.7,500,44.2,250,0,39500
HDFC30Jan202420PE.NFO,07/01/2020,09:31:51,44.1,43.65,250,44.1,250,0,39500
HDFC30Jan202420PE.NFO,07/01/2020,09:31:56,44.1,43.75,500,44.25,250,0,39500
HDFC30Jan202420PE.NFO,07/01/2020,09:32:01,44.1,43.75,250,44.25,250,0,39500
HDFC30Jan202420PE.NFO,07/01/2020,09:32:07,44.1,44,500,44.65,250,0,39500
HDFC30Jan202420PE.NFO,07/01/2020,09:32:12,44.1,44.5,500,45,250,0,39500
HDFC30Jan202420PE.NFO,07/01/2020,09:32:14,44.1,44.15,750,44.75,250,0,39500
HDFC30Jan202420PE.NFO,07/01/2020,09:32:16,44.1,44.05,250,44.75,750,0,39500
HDFC30Jan202420PE.NFO,07/01/2020,09:32:18,44.1,44,500,44.75,1000,0,39500
HDFC30Jan202420PE.NFO,07/01/2020,09:32:20,44.1,43.95,250,44.45,250,0,39500
HDFC30Jan202420PE.NFO,07/01/2020,09:32:22,44.1,43.9,250,44.45,250,0,39500
HDFC30Jan202420PE.NFO,07/01/2020,09:32:22,44.1,43.95,250,44.45,250,0,39500
HDFC30Jan202420PE.NFO,07/01/2020,09:32:23,44.1,43.9,500,44.45,250,0,39500
HDFC30Jan202420PE.NFO,07/01/2020,09:32:24,44.1,43.95,500,44.6,250,0,39500
HDFC30Jan202420PE.NFO,07/01/2020,09:32:25,44.1,43.85,500,44.6,500,0,39500
HDFC30Jan202420PE.NFO,07/01/2020,09:32:26,44.1,43.8,250,44.3,250,0,39500
HDFC30Jan202420PE.NFO,07/01/2020,09:32:27,44.1,43.75,250,44.25,250,0,39500
HDFC30Jan202420PE.NFO,07/01/2020,09:32:28,44.1,43.75,500,44.25,250,0,39500
HDFC30Jan202420PE.NFO,07/01/2020,09:32:29,44.1,43.75,250,44.25,250,0,39500
HDFC30Jan202420PE.NFO,07/01/2020,09:32:30,44.1,43.8,250,44.3,250,0,39500
HDFC30Jan202420PE.NFO,07/01/2020,09:32:31,44.1,43.75,250,44.3,250,0,39500
HDFC30Jan202420PE.NFO,07/01/2020,09:32:32,44.1,43.75,250,44.25,250,0,39500
HDFC30Jan202420PE.NFO,07/01/2020,09:32:33,44.1,43.75,500,44.25,250,0,39500
HDFC30Jan202420PE.NFO,07/01/2020,09:32:34,44.1,43.75,500,44.3,500,0,39500
HDFC30Jan202420PE.NFO,07/01/2020,09:32:37,43.95,43.7,250,44.15,250,250,40000
HDFC30Jan202420PE.NFO,07/01/2020,09:32:38,43.95,43.75,250,44.25,250,0,40000
HDFC30Jan202420PE.NFO,07/01/2020,09:32:39,43.95,43.7,500,44.25,250,0,40000
HDFC30Jan202420PE.NFO,07/01/2020,09:32:40,43.95,43.75,250,44.25,250,0,40000
HDFC30Jan202420PE.NFO,07/01/2020,09:32:42,43.95,43.85,500,44.5,500,0,40000
HDFC30Jan202420PE.NFO,07/01/2020,09:32:44,43.95,43.95,500,44.5,500,0,40000
HDFC30Jan202420PE.NFO,07/01/2020,09:32:44,43.95,44.15,750,44.75,250,0,40000
HDFC30Jan202420PE.NFO,07/01/2020,09:32:45,43.95,44.15,1000,44.75,250,0,40000
HDFC30Jan202420PE.NFO,07/01/2020,09:32:48,43.95,44.35,750,45,250,0,40000
HDFC30Jan202420PE.NFO,07/01/2020,09:32:49,43.95,44.35,1250,45.05,250,0,40000
HDFC30Jan202420PE.NFO,07/01/2020,09:32:52,43.95,44.4,750,45.05,500,0,40000
HDFC30Jan202420PE.NFO,07/01/2020,09:32:52,43.95,44.35,250,44.95,250,0,40000
HDFC30Jan202420PE.NFO,07/01/2020,09:32:53,43.95,44.4,250,45,250,0,40000
HDFC30Jan202420PE.NFO,07/01/2020,09:32:54,43.95,44.4,250,44.95,250,0,40000
HDFC30Jan202420PE.NFO,07/01/2020,09:32:55,43.95,44.4,250,45,250,0,40000
HDFC30Jan202420PE.NFO,07/01/2020,09:32:56,43.95,44.4,250,44.95,250,0,40000
HDFC30Jan202420PE.NFO,07/01/2020,09:32:59,43.95,44.4,500,44.95,250,0,40000
HDFC30Jan202420PE.NFO,07/01/2020,09:33:00,43.95,44.4,250,45.05,250,0,40000
HDFC30Jan202420PE.NFO,07/01/2020,09:33:01,43.95,44.2,500,44.75,500,0,40000
HDFC30Jan202420PE.NFO,07/01/2020,09:33:02,43.95,44.3,250,44.8,250,0,40000
HDFC30Jan202420PE.NFO,07/01/2020,09:33:03,43.95,44.25,250,44.8,250,0,40000
HDFC30Jan202420PE.NFO,07/01/2020,09:33:04,43.95,44.25,500,44.8,250,0,40000
HDFC30Jan202420PE.NFO,07/01/2020,09:33:05,43.95,44.3,250,44.8,250,0,40000
HDFC30Jan202420PE.NFO,07/01/2020,09:33:07,43.95,44.15,250,44.75,500,0,40000
HDFC30Jan202420PE.NFO,07/01/2020,09:33:08,43.95,44.2,500,44.8,500,0,40000
HDFC30Jan202420PE.NFO,07/01/2020,09:33:10,43.95,44.05,250,44.7,250,0,40000
HDFC30Jan202420PE.NFO,07/01/2020,09:33:11,43.95,44.05,250,44.65,250,0,40000
HDFC30Jan202420PE.NFO,07/01/2020,09:33:12,43.95,44.1,250,44.55,250,0,40000
HDFC30Jan202420PE.NFO,07/01/2020,09:33:22,43.95,44,500,44.4,500,0,40000
HDFC30Jan202420PE.NFO,07/01/2020,09:33:27,43.95,44,500,44.4,250,0,40000
HDFC30Jan202420PE.NFO,07/01/2020,09:33:32,43.95,43.9,750,44.4,250,0,40000
HDFC30Jan202420PE.NFO,07/01/2020,09:33:37,43.95,43.9,250,44.4,250,0,40000
HDFC30Jan202420PE.NFO,07/01/2020,09:33:42,43.95,44,250,44.35,250,0,40000
HDFC30Jan202420PE.NFO,07/01/2020,09:33:56,44.35,44,250,44.4,250,250,40000
HDFC30Jan202420PE.NFO,07/01/2020,09:34:06,44.4,44.4,750,45,250,250,40000
HDFC30Jan202420PE.NFO,07/01/2020,09:34:11,44.4,44.3,250,44.8,250,0,40000
HDFC30Jan202420PE.NFO,07/01/2020,09:34:16,44.4,44.15,250,44.65,750,0,40000
HDFC30Jan202420PE.NFO,07/01/2020,09:34:21,44.5,44.15,250,44.6,250,250,40000
HDFC30Jan202420PE.NFO,07/01/2020,09:34:27,44.5,44.2,500,44.65,250,0,40000
HDFC30Jan202420PE.NFO,07/01/2020,09:34:32,44.5,44.4,750,44.85,500,0,40000
HDFC30Jan202420PE.NFO,07/01/2020,09:34:39,44.5,44.45,500,44.95,750,0,40000
HDFC30Jan202420PE.NFO,07/01/2020,09:34:44,44.5,44.4,750,44.85,500,0,40000
HDFC30Jan202420PE.NFO,07/01/2020,09:34:50,44.5,44.3,750,44.8,750,0,40000
HDFC30Jan202420PE.NFO,07/01/2020,09:34:55,44.5,44.45,1250,44.95,250,0,40000
HDFC30Jan202420PE.NFO,07/01/2020,09:35:01,44.5,44.3,250,44.75,250,0,40000
HDFC30Jan202420PE.NFO,07/01/2020,09:35:06,44.5,44.4,750,44.8,500,0,40000
HDFC30Jan202420PE.NFO,07/01/2020,09:35:12,44.5,44.35,750,44.75,500,0,40000
HDFC30Jan202420PE.NFO,07/01/2020,09:35:16,44.5,44.55,1500,45.1,250,0,40000
HDFC30Jan202420PE.NFO,07/01/2020,09:35:21,44.5,44.65,250,45.1,250,0,40000
HDFC30Jan202420PE.NFO,07/01/2020,09:35:35,44.5,44.8,1000,45.3,250,0,40000
HDFC30Jan202420PE.NFO,07/01/2020,09:35:41,44.5,45.15,250,45.55,250,0,40000
HDFC30Jan202420PE.NFO,07/01/2020,09:35:48,45.55,45.45,250,46.15,500,250,40250
HDFC30Jan202420PE.NFO,07/01/2020,09:35:54,45.55,45.2,1000,45.7,250,0,40250
HDFC30Jan202420PE.NFO,07/01/2020,09:36:00,45.55,45.35,250,45.85,250,0,40250
HDFC30Jan202420PE.NFO,07/01/2020,09:36:05,45.55,45.1,500,45.65,250,0,40250
HDFC30Jan202420PE.NFO,07/01/2020,09:36:11,45.55,45.1,500,45.6,500,0,40250
HDFC30Jan202420PE.NFO,07/01/2020,09:36:13,45.55,45.1,250,45.65,250,0,40250
HDFC30Jan202420PE.NFO,07/01/2020,09:36:14,45.55,45.1,250,45.55,250,0,40250
HDFC30Jan202420PE.NFO,07/01/2020,09:36:15,45.55,45.15,1000,45.65,500,0,40250
HDFC30Jan202420PE.NFO,07/01/2020,09:36:18,45.55,45.15,1000,45.5,250,0,40250
HDFC30Jan202420PE.NFO,07/01/2020,09:36:19,45.55,44.95,250,45.5,500,0,40250
HDFC30Jan202420PE.NFO,07/01/2020,09:36:20,45.55,44.9,500,45.45,250,0,40250
HDFC30Jan202420PE.NFO,07/01/2020,09:36:21,45.55,44.95,750,45.45,250,0,40250
HDFC30Jan202420PE.NFO,07/01/2020,09:36:22,45.55,45.05,250,45.5,250,0,40250
HDFC30Jan202420PE.NFO,07/01/2020,09:36:23,45.55,45,250,45.5,250,0,40250
HDFC30Jan202420PE.NFO,07/01/2020,09:36:24,45.55,45,250,45.5,750,0,40250
HDFC30Jan202420PE.NFO,07/01/2020,09:36:26,45.55,44.9,500,45.4,250,0,40250
HDFC30Jan202420PE.NFO,07/01/2020,09:36:27,45.55,44.9,250,45.4,250,0,40250
HDFC30Jan202420PE.NFO,07/01/2020,09:36:28,45.55,44.8,250,45.35,250,0,40250
HDFC30Jan202420PE.NFO,07/01/2020,09:36:29,45.55,44.8,250,45.35,500,0,40250
HDFC30Jan202420PE.NFO,07/01/2020,09:36:33,45.55,44.8,500,45.35,500,0,40250
HDFC30Jan202420PE.NFO,07/01/2020,09:36:34,45.55,44.95,250,45.4,500,0,40250
HDFC30Jan202420PE.NFO,07/01/2020,09:36:35,45.55,44.95,500,45.4,500,0,40250
HDFC30Jan202420PE.NFO,07/01/2020,09:36:36,45.55,44.8,750,45.3,250,0,40250
HDFC30Jan202420PE.NFO,07/01/2020,09:36:38,45.55,44.8,250,45.3,250,0,40250
HDFC30Jan202420PE.NFO,07/01/2020,09:36:39,45.55,44.8,250,45.3,500,0,40250
HDFC30Jan202420PE.NFO,07/01/2020,09:36:40,45.55,44.8,500,45.3,500,0,40250
HDFC30Jan202420PE.NFO,07/01/2020,09:36:44,45.55,44.8,750,45.3,500,0,40250
HDFC30Jan202420PE.NFO,07/01/2020,09:36:46,45.55,44.85,250,45.3,250,0,40250
HDFC30Jan202420PE.NFO,07/01/2020,09:36:47,45.55,44.85,250,45.35,500,0,40250
HDFC30Jan202420PE.NFO,07/01/2020,09:36:48,45.55,44.95,250,45.35,250,0,40250
HDFC30Jan202420PE.NFO,07/01/2020,09:36:50,45.55,44.75,250,45.3,500,0,40250
HDFC30Jan202420PE.NFO,07/01/2020,09:36:51,45.55,44.8,250,45.3,250,0,40250
HDFC30Jan202420PE.NFO,07/01/2020,09:36:52,45.55,44.75,500,45.25,250,0,40250
HDFC30Jan202420PE.NFO,07/01/2020,09:36:53,45.55,44.75,250,45.2,250,0,40250
HDFC30Jan202420PE.NFO,07/01/2020,09:36:53,45.55,44.7,1000,45.2,250,0,40250
HDFC30Jan202420PE.NFO,07/01/2020,09:36:55,45.55,44.75,250,45.25,250,0,40250
HDFC30Jan202420PE.NFO,07/01/2020,09:36:55,45.55,44.7,750,45.2,250,0,40250
HDFC30Jan202420PE.NFO,07/01/2020,09:36:57,45.55,44.75,500,45.25,250,0,40250
HDFC30Jan202420PE.NFO,07/01/2020,09:36:57,45.55,44.75,250,45.2,250,0,40250
HDFC30Jan202420PE.NFO,07/01/2020,09:36:58,45.55,44.95,250,45.5,250,0,40250
HDFC30Jan202420PE.NFO,07/01/2020,09:36:59,45.55,45.2,250,45.5,250,0,40250
HDFC30Jan202420PE.NFO,07/01/2020,09:37:03,45.5,45.35,750,46.05,250,250,40250
HDFC30Jan202420PE.NFO,07/01/2020,09:37:04,45.5,45.35,750,46.05,250,0,40250
HDFC30Jan202420PE.NFO,07/01/2020,09:37:06,45.5,45.55,500,46.25,250,0,40250
HDFC30Jan202420PE.NFO,07/01/2020,09:37:06,45.5,45.65,250,46.25,250,0,40250
HDFC30Jan202420PE.NFO,07/01/2020,09:37:08,45.5,45.65,1000,46.3,250,0,40250
HDFC30Jan202420PE.NFO,07/01/2020,09:37:09,45.5,45.65,1250,46.3,250,0,40250
HDFC30Jan202420PE.NFO,07/01/2020,09:37:14,45.5,45.7,250,46.25,500,0,40250
HDFC30Jan202420PE.NFO,07/01/2020,09:37:14,45.5,45.6,1000,46.25,250,0,40250
HDFC30Jan202420PE.NFO,07/01/2020,09:37:15,45.5,45.7,250,46.25,250,0,40250
HDFC30Jan202420PE.NFO,07/01/2020,09:37:16,45.5,45.7,500,46.25,250,0,40250
HDFC30Jan202420PE.NFO,07/01/2020,09:37:19,45.5,45.6,500,46.2,250,0,40250
HDFC30Jan202420PE.NFO,07/01/2020,09:37:20,45.5,45.65,500,46.2,250,0,40250
HDFC30Jan202420PE.NFO,07/01/2020,09:37:21,45.5,45.65,750,46.2,250,0,40250
HDFC30Jan202420PE.NFO,07/01/2020,09:37:22,45.5,45.65,1000,46.2,250,0,40250
HDFC30Jan202420PE.NFO,07/01/2020,09:37:23,45.5,45.65,250,46.25,500,0,40250
HDFC30Jan202420PE.NFO,07/01/2020,09:37:24,45.5,45.8,500,46.35,250,0,40250
HDFC30Jan202420PE.NFO,07/01/2020,09:37:28,45.5,45.8,1000,46.35,250,0,40250
HDFC30Jan202420PE.NFO,07/01/2020,09:37:29,45.5,45.9,250,46.4,250,0,40250
HDFC30Jan202420PE.NFO,07/01/2020,09:37:30,45.5,45.9,500,46.4,250,0,40250
HDFC30Jan202420PE.NFO,07/01/2020,09:37:33,45.5,45.9,250,46.35,250,0,40250
HDFC30Jan202420PE.NFO,07/01/2020,09:37:33,45.5,45.95,250,46.4,250,0,40250
HDFC30Jan202420PE.NFO,07/01/2020,09:37:38,45.5,45.85,500,46.35,250,0,40250
HDFC30Jan202420PE.NFO,07/01/2020,09:37:40,45.5,45.8,250,46.35,250,0,40250
HDFC30Jan202420PE.NFO,07/01/2020,09:37:44,45.5,45.85,250,46.35,250,0,40250
HDFC30Jan202420PE.NFO,07/01/2020,09:37:48,45.5,45.8,250,46.3,500,0,40250
HDFC30Jan202420PE.NFO,07/01/2020,09:37:49,45.5,45.85,250,46.3,250,0,40250
HDFC30Jan202420PE.NFO,07/01/2020,09:37:52,45.5,45.8,500,46.3,250,0,40250
HDFC30Jan202420PE.NFO,07/01/2020,09:37:54,45.5,46,250,46.6,750,0,40250
HDFC30Jan202420PE.NFO,07/01/2020,09:37:55,45.5,45.9,500,46.5,500,0,40250
HDFC30Jan202420PE.NFO,07/01/2020,09:37:56,45.5,45.95,250,46.55,500,0,40250
HDFC30Jan202420PE.NFO,07/01/2020,09:37:57,45.5,45.95,500,46.5,500,0,40250
HDFC30Jan202420PE.NFO,07/01/2020,09:37:57,45.5,45.9,500,46.45,250,0,40250
HDFC30Jan202420PE.NFO,07/01/2020,09:37:59,45.5,45.9,250,46.4,250,0,40250
HDFC30Jan202420PE.NFO,07/01/2020,09:38:00,45.5,45.85,750,46.45,500,0,40250
HDFC30Jan202420PE.NFO,07/01/2020,09:38:01,45.5,45.95,250,46.45,500,0,40250
HDFC30Jan202420PE.NFO,07/01/2020,09:38:03,45.5,45.55,250,46.15,250,0,40250
HDFC30Jan202420PE.NFO,07/01/2020,09:38:04,45.5,45.55,750,46.1,250,0,40250
HDFC30Jan202420PE.NFO,07/01/2020,09:38:06,45.5,46.05,250,46.55,250,0,40250
HDFC30Jan202420PE.NFO,07/01/2020,09:38:06,45.5,46,500,46.55,750,0,40250
HDFC30Jan202420PE.NFO,07/01/2020,09:38:09,45.5,46,500,46.55,500,0,40250
HDFC30Jan202420PE.NFO,07/01/2020,09:38:11,45.5,46.05,250,46.5,250,0,40250
HDFC30Jan202420PE.NFO,07/01/2020,09:38:12,45.5,46,750,46.5,250,0,40250
HDFC30Jan202420PE.NFO,07/01/2020,09:38:12,45.5,46,250,46.45,250,0,40250
HDFC30Jan202420PE.NFO,07/01/2020,09:38:19,45.5,46.05,250,46.5,250,0,40250
HDFC30Jan202420PE.NFO,07/01/2020,09:38:20,45.5,46,750,46.5,250,0,40250
HDFC30Jan202420PE.NFO,07/01/2020,09:38:21,46.5,46.1,250,46.55,250,250,40250
HDFC30Jan202420PE.NFO,07/01/2020,09:38:22,46.5,46.15,250,46.6,250,0,40250
HDFC30Jan202420PE.NFO,07/01/2020,09:38:24,46.5,46.1,250,46.55,500,0,40250
HDFC30Jan202420PE.NFO,07/01/2020,09:38:25,46.5,46.1,250,46.55,250,0,40250
HDFC30Jan202420PE.NFO,07/01/2020,09:38:26,46.5,46.2,750,46.75,250,0,40250
HDFC30Jan202420PE.NFO,07/01/2020,09:38:27,46.5,46.2,1000,46.8,500,0,40250
HDFC30Jan202420PE.NFO,07/01/2020,09:38:28,46.5,46.3,500,46.85,250,0,40250
HDFC30Jan202420PE.NFO,07/01/2020,09:38:29,46.5,46.5,250,47.05,250,0,40250
HDFC30Jan202420PE.NFO,07/01/2020,09:38:30,46.5,47,500,47.75,250,0,40250
HDFC30Jan202420PE.NFO,07/01/2020,09:38:31,46.5,47.1,250,47.8,250,0,40250
HDFC30Jan202420PE.NFO,07/01/2020,09:38:32,46.5,47.1,250,47.7,250,0,40250
HDFC30Jan202420PE.NFO,07/01/2020,09:38:33,46.5,47.05,250,47.6,500,0,40250
HDFC30Jan202420PE.NFO,07/01/2020,09:38:34,46.5,47.05,500,47.6,500,0,40250
HDFC30Jan202420PE.NFO,07/01/2020,09:38:35,46.5,47.05,250,47.6,500,0,40250
HDFC30Jan202420PE.NFO,07/01/2020,09:38:37,46.5,46.85,250,47.5,500,0,40250
HDFC30Jan202420PE.NFO,07/01/2020,09:38:38,46.5,47.1,250,47.7,250,0,40250
HDFC30Jan202420PE.NFO,07/01/2020,09:38:39,46.5,47.2,250,47.7,250,0,40250
HDFC30Jan202420PE.NFO,07/01/2020,09:38:42,46.5,47.1,500,47.6,500,0,40250
HDFC30Jan202420PE.NFO,07/01/2020,09:38:44,46.5,47.05,250,47.6,500,0,40250
HDFC30Jan202420PE.NFO,07/01/2020,09:38:45,46.5,46.9,500,47.4,250,0,40250
HDFC30Jan202420PE.NFO,07/01/2020,09:38:46,46.5,47.05,250,47.6,250,0,40250
HDFC30Jan202420PE.NFO,07/01/2020,09:38:47,46.5,47,250,47.5,500,0,40250
HDFC30Jan202420PE.NFO,07/01/2020,09:38:49,46.5,47,250,47.5,250,0,40250
HDFC30Jan202420PE.NFO,07/01/2020,09:38:55,46.5,47,250,47.4,500,0,40250
HDFC30Jan202420PE.NFO,07/01/2020,09:38:58,46.5,47,250,47.3,250,0,40250
HDFC30Jan202420PE.NFO,07/01/2020,09:38:59,47,46.5,500,47.05,250,250,40250
HDFC30Jan202420PE.NFO,07/01/2020,09:39:00,47,46.55,500,47.05,250,0,40250
HDFC30Jan202420PE.NFO,07/01/2020,09:39:05,47,46.6,250,47.2,750,0,40250
HDFC30Jan202420PE.NFO,07/01/2020,09:39:07,47,46.65,750,47.3,500,0,40250
HDFC30Jan202420PE.NFO,07/01/2020,09:39:08,47,46.65,750,47.15,250,0,40250
HDFC30Jan202420PE.NFO,07/01/2020,09:39:11,47,46.5,500,47.05,250,0,40250
HDFC30Jan202420PE.NFO,07/01/2020,09:39:12,47,46.5,500,47,250,0,40250
HDFC30Jan202420PE.NFO,07/01/2020,09:39:15,47,46.5,500,47.1,250,0,40250
HDFC30Jan202420PE.NFO,07/01/2020,09:39:20,47,46.45,500,46.95,250,0,40250
HDFC30Jan202420PE.NFO,07/01/2020,09:39:25,47,46.3,250,46.9,500,0,40250
HDFC30Jan202420PE.NFO,07/01/2020,09:39:29,47,46.25,750,46.8,250,0,40250
HDFC30Jan202420PE.NFO,07/01/2020,09:39:34,47,46.25,250,46.75,250,0,40250
HDFC30Jan202420PE.NFO,07/01/2020,09:39:38,47,46.1,250,46.65,250,0,40250
HDFC30Jan202420PE.NFO,07/01/2020,09:39:42,47,46.15,250,46.65,500,0,40250
HDFC30Jan202420PE.NFO,07/01/2020,09:39:46,47,45.8,500,46.35,250,0,40250
HDFC30Jan202420PE.NFO,07/01/2020,09:39:50,47,45.6,500,46.15,250,0,40250
HDFC30Jan202420PE.NFO,07/01/2020,09:39:54,46.15,45.55,500,46.1,250,250,40250
HDFC30Jan202420PE.NFO,07/01/2020,09:39:58,46.15,45.75,250,46.25,250,0,40250
HDFC30Jan202420PE.NFO,07/01/2020,09:40:02,46.15,45.5,250,45.95,250,0,40250
HDFC30Jan202420PE.NFO,07/01/2020,09:40:08,46.15,45.25,500,45.85,500,0,40250
HDFC30Jan202420PE.NFO,07/01/2020,09:40:13,46.15,45.4,500,45.85,250,0,40250
HDFC30Jan202420PE.NFO,07/01/2020,09:40:18,46.15,45.6,250,45.9,250,0,40250
HDFC30Jan202420PE.NFO,07/01/2020,09:40:24,46.15,45.6,250,45.85,250,0,40250
HDFC30Jan202420PE.NFO,07/01/2020,09:40:28,45.6,45.4,250,45.8,250,250,40250
HDFC30Jan202420PE.NFO,07/01/2020,09:40:33,45.6,45.15,250,45.6,250,0,40250
HDFC30Jan202420PE.NFO,07/01/2020,09:40:38,45.6,45,750,45.5,250,0,40250
HDFC30Jan202420PE.NFO,07/01/2020,09:40:43,45.6,44.35,500,45,250,0,40250
HDFC30Jan202420PE.NFO,07/01/2020,09:40:48,45.6,44.45,750,45,250,0,40250
HDFC30Jan202420PE.NFO,07/01/2020,09:40:56,45.25,44.9,500,45.45,500,750,40250
HDFC30Jan202420PE.NFO,07/01/2020,09:41:02,45.25,45,750,45.5,500,0,40250
HDFC30Jan202420PE.NFO,07/01/2020,09:41:08,45.25,45.15,250,45.6,500,0,40250
HDFC30Jan202420PE.NFO,07/01/2020,09:41:13,45.25,45,500,45.4,250,0,40250
HDFC30Jan202420PE.NFO,07/01/2020,09:41:17,45.25,45.1,250,45.35,500,0,40250
HDFC30Jan202420PE.NFO,07/01/2020,09:41:22,45.25,45.1,500,45.35,500,0,40250
HDFC30Jan202420PE.NFO,07/01/2020,09:41:26,45.25,45.15,250,45.55,500,0,40250
HDFC30Jan202420PE.NFO,07/01/2020,09:41:31,45.25,45.1,750,45.55,500,0,40250
HDFC30Jan202420PE.NFO,07/01/2020,09:41:36,45.25,45.1,250,45.5,250,0,40250
HDFC30Jan202420PE.NFO,07/01/2020,09:41:46,45.25,45.2,250,45.5,500,0,40250
HDFC30Jan202420PE.NFO,07/01/2020,09:41:51,45.25,45.2,250,45.55,250,0,40250
HDFC30Jan202420PE.NFO,07/01/2020,09:41:57,45.25,45.45,500,45.75,250,0,40250
HDFC30Jan202420PE.NFO,07/01/2020,09:42:04,45.25,45.4,250,45.75,250,0,40250
HDFC30Jan202420PE.NFO,07/01/2020,09:42:10,45.25,45.5,250,45.75,250,0,40250
HDFC30Jan202420PE.NFO,07/01/2020,09:42:17,45.25,45.5,250,45.65,250,0,40250
HDFC30Jan202420PE.NFO,07/01/2020,09:42:23,45.65,45.3,750,45.8,500,250,41000
HDFC30Jan202420PE.NFO,07/01/2020,09:42:30,45.65,45.3,500,45.8,750,0,41000
HDFC30Jan202420PE.NFO,07/01/2020,09:42:37,45.65,45.55,500,45.95,500,0,41000
HDFC30Jan202420PE.NFO,07/01/2020,09:42:44,45.65,45.65,500,46.15,250,0,41000
HDFC30Jan202420PE.NFO,07/01/2020,09:42:50,45.65,45.85,1000,46.35,250,0,41000
HDFC30Jan202420PE.NFO,07/01/2020,09:42:57,45.65,46.2,250,46.7,750,0,41000
HDFC30Jan202420PE.NFO,07/01/2020,09:43:02,45.65,46.15,750,46.7,750,0,41000
HDFC30Jan202420PE.NFO,07/01/2020,09:43:13,45.65,46.2,250,46.7,750,0,41000
HDFC30Jan202420PE.NFO,07/01/2020,09:43:18,45.65,46,500,46.55,500,0,41000
HDFC30Jan202420PE.NFO,07/01/2020,09:43:24,45.65,45.85,1000,46.45,500,0,41000
HDFC30Jan202420PE.NFO,07/01/2020,09:43:29,45.65,45.9,750,46.45,500,0,41000
HDFC30Jan202420PE.NFO,07/01/2020,09:43:34,45.65,45.9,250,46.35,250,0,41000
HDFC30Jan202420PE.NFO,07/01/2020,09:43:39,45.65,46,750,46.5,250,0,41000
HDFC30Jan202420PE.NFO,07/01/2020,09:43:43,45.65,46.05,500,46.5,250,0,41000
HDFC30Jan202420PE.NFO,07/01/2020,09:43:52,45.65,46.1,250,46.55,500,0,41000
HDFC30Jan202420PE.NFO,07/01/2020,09:44:01,45.65,46.1,250,46.55,250,0,41000
HDFC30Jan202420PE.NFO,07/01/2020,09:44:07,45.65,46,500,46.55,250,0,41000
HDFC30Jan202420PE.NFO,07/01/2020,09:44:13,45.65,46.05,1000,46.55,250,0,41000
HDFC30Jan202420PE.NFO,07/01/2020,09:44:18,45.65,46.05,500,46.5,250,0,41000
HDFC30Jan202420PE.NFO,07/01/2020,09:44:29,45.65,46.25,250,46.6,250,0,41000
HDFC30Jan202420PE.NFO,07/01/2020,09:44:34,45.65,46.15,750,46.6,500,0,41000
HDFC30Jan202420PE.NFO,07/01/2020,09:44:44,45.65,46.35,250,46.7,250,0,41000
HDFC30Jan202420PE.NFO,07/01/2020,09:44:49,45.65,46.55,250,46.85,250,0,41000
HDFC30Jan202420PE.NFO,07/01/2020,09:44:54,45.65,46.55,250,46.8,250,0,41000
HDFC30Jan202420PE.NFO,07/01/2020,09:44:59,45.65,46.1,250,46.55,250,0,41000
HDFC30Jan202420PE.NFO,07/01/2020,09:45:05,45.65,46.15,500,46.55,250,0,41000
HDFC30Jan202420PE.NFO,07/01/2020,09:45:11,45.65,46,500,46.35,250,0,41000
HDFC30Jan202420PE.NFO,07/01/2020,09:45:24,45.65,46.3,250,46.55,250,0,41000
HDFC30Jan202420PE.NFO,07/01/2020,09:45:30,45.65,46.3,500,46.65,500,0,41000
HDFC30Jan202420PE.NFO,07/01/2020,09:45:36,45.65,46.2,250,46.5,250,0,41000
HDFC30Jan202420PE.NFO,07/01/2020,09:45:42,45.65,46.3,500,46.6,250,0,41000
HDFC30Jan202420PE.NFO,07/01/2020,09:45:48,45.65,46.1,750,46.5,250,0,41000
HDFC30Jan202420PE.NFO,07/01/2020,09:45:53,45.65,46,750,46.45,500,0,41000
HDFC30Jan202420PE.NFO,07/01/2020,09:45:59,45.65,46.15,500,46.7,500,0,41000
HDFC30Jan202420PE.NFO,07/01/2020,09:46:04,45.65,46.55,250,46.9,500,0,41000
HDFC30Jan202420PE.NFO,07/01/2020,09:46:20,46.45,46.35,250,46.8,500,250,41250
HDFC30Jan202420PE.NFO,07/01/2020,09:46:24,46.45,46.25,500,46.7,500,0,41250
HDFC30Jan202420PE.NFO,07/01/2020,09:46:29,46.45,46.25,250,46.7,250,0,41250
HDFC30Jan202420PE.NFO,07/01/2020,09:46:35,46.45,46,500,46.5,250,0,41250
HDFC30Jan202420PE.NFO,07/01/2020,09:46:40,46.45,46,250,46.45,750,0,41250
HDFC30Jan202420PE.NFO,07/01/2020,09:46:44,46.45,46.05,750,46.6,750,0,41250
HDFC30Jan202420PE.NFO,07/01/2020,09:46:49,46.45,46.15,500,46.65,250,0,41250
HDFC30Jan202420PE.NFO,07/01/2020,09:46:53,46.45,46,1000,46.5,250,0,41250
HDFC30Jan202420PE.NFO,07/01/2020,09:46:58,46.45,46.05,500,46.6,250,0,41250
HDFC30Jan202420PE.NFO,07/01/2020,09:47:02,46.45,46,250,46.4,250,0,41250
HDFC30Jan202420PE.NFO,07/01/2020,09:47:07,46.45,46,250,46.3,500,0,41250
HDFC30Jan202420PE.NFO,07/01/2020,09:47:12,46.45,46,250,46.45,500,0,41250
HDFC30Jan202420PE.NFO,07/01/2020,09:47:16,46.45,46,250,46.4,250,0,41250
HDFC30Jan202420PE.NFO,07/01/2020,09:47:20,46.45,46.2,250,46.55,250,0,41250
HDFC30Jan202420PE.NFO,07/01/2020,09:47:24,46.45,46.1,250,46.5,250,0,41250
HDFC30Jan202420PE.NFO,07/01/2020,09:47:29,46.45,46.05,1000,46.55,250,0,41250
HDFC30Jan202420PE.NFO,07/01/2020,09:47:34,46.45,46.1,500,46.55,250,0,41250
HDFC30Jan202420PE.NFO,07/01/2020,09:47:38,46.45,46.25,500,46.65,250,0,41250
HDFC30Jan202420PE.NFO,07/01/2020,09:47:42,46.45,46.15,500,46.65,250,0,41250
HDFC30Jan202420PE.NFO,07/01/2020,09:47:54,46.45,46.35,500,46.8,250,0,41250
HDFC30Jan202420PE.NFO,07/01/2020,09:47:59,46.45,46.05,500,46.7,250,0,41250
HDFC30Jan202420PE.NFO,07/01/2020,09:48:03,46.45,46.15,500,46.7,250,0,41250
HDFC30Jan202420PE.NFO,07/01/2020,09:48:10,46.45,46.25,250,46.7,250,0,41250
HDFC30Jan202420PE.NFO,07/01/2020,09:48:14,46.7,46.35,250,46.9,250,500,41500
HDFC30Jan202420PE.NFO,07/01/2020,09:48:18,46.7,46.4,500,46.9,250,0,41500
HDFC30Jan202420PE.NFO,07/01/2020,09:48:26,46.7,46.25,750,46.75,250,0,41500
HDFC30Jan202420PE.NFO,07/01/2020,09:48:30,46.7,46.25,500,46.7,250,0,41500
HDFC30Jan202420PE.NFO,07/01/2020,09:48:34,46.7,46.35,500,46.85,250,0,41500
HDFC30Jan202420PE.NFO,07/01/2020,09:48:39,46.7,46.35,750,46.85,250,0,41500
HDFC30Jan202420PE.NFO,07/01/2020,09:48:43,46.7,46.15,250,46.65,250,0,41500
HDFC30Jan202420PE.NFO,07/01/2020,09:48:48,46.7,46.05,250,46.45,250,0,41500
HDFC30Jan202420PE.NFO,07/01/2020,09:49:04,46.7,46.3,500,46.8,250,0,41500
HDFC30Jan202420PE.NFO,07/01/2020,09:49:18,46.7,46.3,750,46.8,250,0,41500
HDFC30Jan202420PE.NFO,07/01/2020,09:49:23,46.8,46.45,1250,46.9,250,250,41500
HDFC30Jan202420PE.NFO,07/01/2020,09:49:30,47.8,47.25,500,47.7,500,250,41500
HDFC30Jan202420PE.NFO,07/01/2020,09:49:35,47.8,47,250,47.35,250,0,41500
HDFC30Jan202420PE.NFO,07/01/2020,09:49:40,47.8,46.95,250,47.25,250,0,41500
HDFC30Jan202420PE.NFO,07/01/2020,09:49:45,47.8,46.75,1250,47.25,250,0,41500
HDFC30Jan202420PE.NFO,07/01/2020,09:49:50,47.8,46.9,250,47.3,500,0,41500
HDFC30Jan202420PE.NFO,07/01/2020,09:49:55,47.8,46.8,250,47.25,500,0,41500
HDFC30Jan202420PE.NFO,07/01/2020,09:50:00,47.8,46.95,500,47.45,250,0,41500
HDFC30Jan202420PE.NFO,07/01/2020,09:50:05,47.8,47.25,750,47.75,250,0,41500
HDFC30Jan202420PE.NFO,07/01/2020,09:50:10,48,47.7,500,48.2,250,250,41500
HDFC30Jan202420PE.NFO,07/01/2020,09:50:12,48,47.7,1000,48.2,250,0,41500
HDFC30Jan202420PE.NFO,07/01/2020,09:50:13,48,47.75,250,48.2,250,0,41500
HDFC30Jan202420PE.NFO,07/01/2020,09:50:14,48,47.75,500,48.35,250,0,41500
HDFC30Jan202420PE.NFO,07/01/2020,09:50:15,48,47.85,250,48.3,500,0,41500
HDFC30Jan202420PE.NFO,07/01/2020,09:50:20,48,47.85,250,48.3,250,0,41500
HDFC30Jan202420PE.NFO,07/01/2020,09:50:21,48,47.65,500,48.2,250,0,41500
HDFC30Jan202420PE.NFO,07/01/2020,09:50:23,48,47.65,250,48.15,250,0,41500
HDFC30Jan202420PE.NFO,07/01/2020,09:50:23,48,47.65,250,48.2,500,0,41500
HDFC30Jan202420PE.NFO,07/01/2020,09:50:24,48,47.65,250,48.15,250,0,41500
HDFC30Jan202420PE.NFO,07/01/2020,09:50:27,48,47.65,250,48.2,250,0,41500
HDFC30Jan202420PE.NFO,07/01/2020,09:50:28,48,47.65,250,48.15,250,0,41500
HDFC30Jan202420PE.NFO,07/01/2020,09:50:29,48,47.65,500,48.15,500,0,41500
HDFC30Jan202420PE.NFO,07/01/2020,09:50:30,48,47.65,1000,48.15,250,0,41500
HDFC30Jan202420PE.NFO,07/01/2020,09:50:31,48,47.65,250,48.1,250,0,41500
HDFC30Jan202420PE.NFO,07/01/2020,09:50:33,48,47.75,250,48.2,250,0,41500
HDFC30Jan202420PE.NFO,07/01/2020,09:50:34,48,47.65,250,48.2,250,0,41500
HDFC30Jan202420PE.NFO,07/01/2020,09:50:35,48,47.65,500,48.15,250,0,41500
HDFC30Jan202420PE.NFO,07/01/2020,09:50:36,48,47.65,250,48.1,250,0,41500
HDFC30Jan202420PE.NFO,07/01/2020,09:50:37,48,47.85,250,48.2,250,0,41500
HDFC30Jan202420PE.NFO,07/01/2020,09:50:38,48,47.85,500,48.3,500,0,41500
HDFC30Jan202420PE.NFO,07/01/2020,09:50:39,48,47.85,500,48.3,1000,0,41500
HDFC30Jan202420PE.NFO,07/01/2020,09:50:41,48,47.8,250,48.3,1000,0,41500
HDFC30Jan202420PE.NFO,07/01/2020,09:50:45,48,47.7,500,48.15,250,0,41500
HDFC30Jan202420PE.NFO,07/01/2020,09:50:48,48,47.7,500,48.2,500,0,41500
HDFC30Jan202420PE.NFO,07/01/2020,09:50:50,48,47.8,250,48.2,250,250,41500
HDFC30Jan202420PE.NFO,07/01/2020,09:50:51,48,47.7,500,48.15,500,250,41000
HDFC30Jan202420PE.NFO,07/01/2020,09:50:52,48,47.7,500,48.15,500,0,41000
HDFC30Jan202420PE.NFO,07/01/2020,09:50:58,48,47.7,500,48.05,250,0,41000
HDFC30Jan202420PE.NFO,07/01/2020,09:50:59,48,47.75,250,48.05,250,0,41000
HDFC30Jan202420PE.NFO,07/01/2020,09:51:01,48,47.8,500,48.25,500,0,41000
HDFC30Jan202420PE.NFO,07/01/2020,09:51:04,48,47.75,250,48.15,500,0,41000
HDFC30Jan202420PE.NFO,07/01/2020,09:51:08,48,47.8,500,48.15,250,0,41000
HDFC30Jan202420PE.NFO,07/01/2020,09:51:17,48,47.75,250,48.15,500,0,41000
HDFC30Jan202420PE.NFO,07/01/2020,09:51:22,48,47.1,750,47.6,250,0,41000
HDFC30Jan202420PE.NFO,07/01/2020,09:51:28,48,47.15,500,47.65,250,0,41000
HDFC30Jan202420PE.NFO,07/01/2020,09:51:33,48,47.1,500,47.65,250,0,41000
HDFC30Jan202420PE.NFO,07/01/2020,09:51:37,48,47.1,500,47.55,250,0,41000
HDFC30Jan202420PE.NFO,07/01/2020,09:51:42,48,47.05,250,47.45,250,0,41000
HDFC30Jan202420PE.NFO,07/01/2020,09:51:47,48,46.9,500,47.4,250,0,41000
HDFC30Jan202420PE.NFO,07/01/2020,09:51:51,48,47.2,250,47.75,250,0,41000
HDFC30Jan202420PE.NFO,07/01/2020,09:51:55,48,47.25,250,47.75,250,0,41000
HDFC30Jan202420PE.NFO,07/01/2020,09:51:59,48,47.2,250,47.65,500,0,41000
HDFC30Jan202420PE.NFO,07/01/2020,09:52:03,48,47.6,250,48.05,250,0,41000
HDFC30Jan202420PE.NFO,07/01/2020,09:52:06,48,47.7,500,48.15,250,0,41000
HDFC30Jan202420PE.NFO,07/01/2020,09:52:10,48,47.85,250,48.25,250,0,41000
HDFC30Jan202420PE.NFO,07/01/2020,09:52:15,47.85,47.7,250,48.2,500,250,41000
HDFC30Jan202420PE.NFO,07/01/2020,09:52:19,47.85,47.75,250,48.3,250,0,41000
HDFC30Jan202420PE.NFO,07/01/2020,09:52:24,47.85,47.75,250,48.25,500,0,41000
HDFC30Jan202420PE.NFO,07/01/2020,09:52:28,47.85,47.85,250,48.3,500,0,41000
HDFC30Jan202420PE.NFO,07/01/2020,09:52:34,47.85,47.6,500,48.05,250,0,41000
HDFC30Jan202420PE.NFO,07/01/2020,09:52:38,47.85,47.5,750,48.05,250,0,41000
HDFC30Jan202420PE.NFO,07/01/2020,09:52:43,47.85,47.65,250,48.1,250,0,41000
HDFC30Jan202420PE.NFO,07/01/2020,09:52:47,47.85,47.5,500,47.9,250,0,41000
HDFC30Jan202420PE.NFO,07/01/2020,09:52:54,47.85,47.35,750,47.9,250,0,41000
HDFC30Jan202420PE.NFO,07/01/2020,09:52:58,47.85,47.45,500,47.95,250,0,41000
HDFC30Jan202420PE.NFO,07/01/2020,09:53:03,47.85,47.55,250,48.05,250,0,41000
HDFC30Jan202420PE.NFO,07/01/2020,09:53:09,47.85,47.5,500,48.1,750,0,41000
HDFC30Jan202420PE.NFO,07/01/2020,09:53:14,47.85,47.55,250,48.1,1000,0,41000
HDFC30Jan202420PE.NFO,07/01/2020,09:53:19,47.85,47.6,250,48.05,250,0,41000
HDFC30Jan202420PE.NFO,07/01/2020,09:53:24,47.85,47.5,250,48,750,0,41000
HDFC30Jan202420PE.NFO,07/01/2020,09:53:30,47.85,47.5,250,47.95,250,0,41000
HDFC30Jan202420PE.NFO,07/01/2020,09:53:35,47.85,47.5,500,48,250,0,41000
HDFC30Jan202420PE.NFO,07/01/2020,09:53:40,47.85,47.5,250,47.95,250,0,41000
HDFC30Jan202420PE.NFO,07/01/2020,09:53:45,47.85,47.5,250,48,500,0,41000
HDFC30Jan202420PE.NFO,07/01/2020,09:53:49,47.85,47.6,250,48,250,0,41000
HDFC30Jan202420PE.NFO,07/01/2020,09:53:54,47.85,47.75,500,48.2,250,0,41000
HDFC30Jan202420PE.NFO,07/01/2020,09:53:58,47.85,47.8,250,48.2,500,0,41000
HDFC30Jan202420PE.NFO,07/01/2020,09:54:02,47.85,47.75,250,48.15,500,0,41000
HDFC30Jan202420PE.NFO,07/01/2020,09:54:07,47.85,47.9,250,48.3,250,0,41000
HDFC30Jan202420PE.NFO,07/01/2020,09:54:11,47.85,48,500,48.55,500,0,41000
HDFC30Jan202420PE.NFO,07/01/2020,09:54:16,47.85,48.35,500,48.85,250,0,41000
HDFC30Jan202420PE.NFO,07/01/2020,09:54:25,47.85,48.25,250,48.75,250,0,41000
HDFC30Jan202420PE.NFO,07/01/2020,09:54:30,47.85,48.35,250,48.8,250,0,41000
HDFC30Jan202420PE.NFO,07/01/2020,09:54:34,47.85,48.35,250,48.75,500,0,41000
HDFC30Jan202420PE.NFO,07/01/2020,09:54:38,47.85,48.05,250,48.5,250,0,41000
HDFC30Jan202420PE.NFO,07/01/2020,09:54:43,47.85,47.9,500,48.35,250,0,41000
HDFC30Jan202420PE.NFO,07/01/2020,09:54:48,47.85,48.1,500,48.5,250,0,41000
HDFC30Jan202420PE.NFO,07/01/2020,09:54:52,47.85,48.15,500,48.5,250,0,41000
HDFC30Jan202420PE.NFO,07/01/2020,09:54:57,47.85,47.5,500,47.95,250,250,41500
HDFC30Jan202420PE.NFO,07/01/2020,09:55:02,47.85,47.25,500,47.6,250,0,41500
HDFC30Jan202420PE.NFO,07/01/2020,09:55:07,47.85,47.05,500,47.4,250,0,41500
HDFC30Jan202420PE.NFO,07/01/2020,09:55:12,47.85,47,250,47.4,1000,0,41500
HDFC30Jan202420PE.NFO,07/01/2020,09:55:17,47.85,47,500,47.4,250,0,41500
HDFC30Jan202420PE.NFO,07/01/2020,09:55:27,47.85,47.15,500,47.45,250,0,41500
HDFC30Jan202420PE.NFO,07/01/2020,09:55:32,47.85,47.15,250,47.45,250,0,41500
HDFC30Jan202420PE.NFO,07/01/2020,09:55:36,47.85,47.1,500,47.45,250,0,41500
HDFC30Jan202420PE.NFO,07/01/2020,09:55:40,47.85,47.1,500,47.35,250,0,41500
HDFC30Jan202420PE.NFO,07/01/2020,09:55:45,47.1,47,250,47.35,250,250,41500
HDFC30Jan202420PE.NFO,07/01/2020,09:55:50,47.1,46.9,500,47.4,250,0,41500
HDFC30Jan202420PE.NFO,07/01/2020,09:55:55,47.1,46.8,500,47.25,250,0,41500
HDFC30Jan202420PE.NFO,07/01/2020,09:56:00,47.1,46.75,500,47.2,250,0,41500
HDFC30Jan202420PE.NFO,07/01/2020,09:56:04,47.1,47.3,500,47.75,250,0,41500
HDFC30Jan202420PE.NFO,07/01/2020,09:56:09,47.1,47.7,250,48.1,250,0,41500
HDFC30Jan202420PE.NFO,07/01/2020,09:56:13,47.1,47.45,750,47.95,250,0,41500
HDFC30Jan202420PE.NFO,07/01/2020,09:56:14,47.1,47.45,750,47.9,250,0,41500
HDFC30Jan202420PE.NFO,07/01/2020,09:56:15,47.1,47.4,500,47.85,250,0,41500
HDFC30Jan202420PE.NFO,07/01/2020,09:56:16,47.1,47.45,500,47.85,250,0,41500
HDFC30Jan202420PE.NFO,07/01/2020,09:56:17,47.1,47.4,500,47.85,250,0,41500
HDFC30Jan202420PE.NFO,07/01/2020,09:56:20,47.1,47.45,250,47.85,250,0,41500
HDFC30Jan202420PE.NFO,07/01/2020,09:56:21,47.1,47.4,500,47.85,250,0,41500
HDFC30Jan202420PE.NFO,07/01/2020,09:56:23,47.1,47.55,250,48.05,500,0,41500
HDFC30Jan202420PE.NFO,07/01/2020,09:56:25,47.1,47.55,750,48.05,500,0,41500
HDFC30Jan202420PE.NFO,07/01/2020,09:56:26,47.1,47.55,250,48,250,0,41500
HDFC30Jan202420PE.NFO,07/01/2020,09:56:27,47.1,47.55,750,47.9,250,0,41500
HDFC30Jan202420PE.NFO,07/01/2020,09:56:28,47.1,47.55,750,47.95,250,0,41500
HDFC30Jan202420PE.NFO,07/01/2020,09:56:32,47.1,47.55,250,47.9,250,0,41500
HDFC30Jan202420PE.NFO,07/01/2020,09:56:33,47.1,47.65,250,48.1,250,0,41500
HDFC30Jan202420PE.NFO,07/01/2020,09:56:34,47.1,47.85,750,48.35,250,0,41500
HDFC30Jan202420PE.NFO,07/01/2020,09:56:35,47.1,47.9,500,48.35,250,0,41500
HDFC30Jan202420PE.NFO,07/01/2020,09:56:35,47.1,47.9,750,48.3,750,0,41500
HDFC30Jan202420PE.NFO,07/01/2020,09:56:37,47.1,47.9,750,48.4,250,0,41500
HDFC30Jan202420PE.NFO,07/01/2020,09:56:38,47.1,48,250,48.4,250,0,41500
HDFC30Jan202420PE.NFO,07/01/2020,09:56:39,47.1,47.85,500,48.25,250,0,41500
HDFC30Jan202420PE.NFO,07/01/2020,09:56:40,47.1,47.8,250,48.35,500,0,41500
HDFC30Jan202420PE.NFO,07/01/2020,09:56:41,47.1,47.8,750,48.15,250,0,41500
HDFC30Jan202420PE.NFO,07/01/2020,09:56:43,47.1,47.9,250,48.3,750,0,41500
HDFC30Jan202420PE.NFO,07/01/2020,09:56:44,47.1,47.95,250,48.4,500,0,41500
HDFC30Jan202420PE.NFO,07/01/2020,09:56:47,47.1,47.95,750,48.4,250,0,41500
HDFC30Jan202420PE.NFO,07/01/2020,09:56:49,47.1,48.15,250,48.7,750,0,41500
HDFC30Jan202420PE.NFO,07/01/2020,09:56:49,47.1,48.25,250,48.65,250,0,41500
HDFC30Jan202420PE.NFO,07/01/2020,09:56:51,47.1,48.3,750,48.75,250,0,41500
HDFC30Jan202420PE.NFO,07/01/2020,09:56:53,47.1,48.3,250,48.8,250,0,41500
HDFC30Jan202420PE.NFO,07/01/2020,09:56:54,47.1,48.3,750,48.8,250,0,41500
HDFC30Jan202420PE.NFO,07/01/2020,09:56:56,47.1,48.35,250,48.8,250,0,41500
HDFC30Jan202420PE.NFO,07/01/2020,09:56:58,47.1,48.35,250,48.8,500,0,41500
HDFC30Jan202420PE.NFO,07/01/2020,09:56:59,47.1,48.35,250,48.7,250,0,41500
HDFC30Jan202420PE.NFO,07/01/2020,09:57:00,47.1,48.35,250,48.75,250,0,41500
HDFC30Jan202420PE.NFO,07/01/2020,09:57:01,48.4,48.4,250,48.8,500,500,41500
HDFC30Jan202420PE.NFO,07/01/2020,09:57:02,48.4,48.35,500,48.75,250,0,41500
HDFC30Jan202420PE.NFO,07/01/2020,09:57:03,48.4,48.35,500,48.75,500,0,41500
HDFC30Jan202420PE.NFO,07/01/2020,09:57:04,48.4,48.4,500,48.8,500,0,41500
HDFC30Jan202420PE.NFO,07/01/2020,09:57:05,48.4,48.4,250,48.7,250,250,41500
HDFC30Jan202420PE.NFO,07/01/2020,09:57:11,48.4,48.4,250,48.8,500,0,41500
HDFC30Jan202420PE.NFO,07/01/2020,09:57:16,48.4,48.65,250,49,250,0,41500
HDFC30Jan202420PE.NFO,07/01/2020,09:57:20,48.4,48.65,250,48.95,500,0,41500
HDFC30Jan202420PE.NFO,07/01/2020,09:57:25,48.4,48.65,250,49,250,0,41500
HDFC30Jan202420PE.NFO,07/01/2020,09:57:29,48.65,48.55,500,48.95,500,250,41500
HDFC30Jan202420PE.NFO,07/01/2020,09:57:33,48.65,48.45,250,48.8,250,0,41500
HDFC30Jan202420PE.NFO,07/01/2020,09:57:37,48.65,48.45,750,48.8,750,0,41500
HDFC30Jan202420PE.NFO,07/01/2020,09:57:49,48.65,48.55,750,48.95,250,0,41500
HDFC30Jan202420PE.NFO,07/01/2020,09:57:54,48.65,48.55,750,49,250,0,41500
HDFC30Jan202420PE.NFO,07/01/2020,09:57:58,49.05,49.35,1000,49.95,250,1000,41500
HDFC30Jan202420PE.NFO,07/01/2020,09:58:03,49.35,49.2,250,49.55,250,500,41500
HDFC30Jan202420PE.NFO,07/01/2020,09:58:08,49.35,48.95,250,49.35,250,0,41500
HDFC30Jan202420PE.NFO,07/01/2020,09:58:12,49.35,49.05,250,49.55,250,0,41500
HDFC30Jan202420PE.NFO,07/01/2020,09:58:16,49.15,49.1,250,49.5,250,250,41500
HDFC30Jan202420PE.NFO,07/01/2020,09:58:21,49.15,49.1,250,49.45,750,0,41500
HDFC30Jan202420PE.NFO,07/01/2020,09:58:25,49.15,49.45,750,49.9,250,0,41500
HDFC30Jan202420PE.NFO,07/01/2020,09:58:30,49.15,49.45,250,49.9,250,0,41500
HDFC30Jan202420PE.NFO,07/01/2020,09:58:34,49.75,49.7,500,50,250,250,41500
HDFC30Jan202420PE.NFO,07/01/2020,09:58:38,49.75,49.7,500,50,250,0,41500
HDFC30Jan202420PE.NFO,07/01/2020,09:58:43,50,50.15,250,50.7,250,250,41500
HDFC30Jan202420PE.NFO,07/01/2020,09:58:48,50,50.5,250,50.85,250,0,41500
HDFC30Jan202420PE.NFO,07/01/2020,09:58:54,50,50.35,250,50.8,250,0,41500
HDFC30Jan202420PE.NFO,07/01/2020,09:59:00,50,50.3,250,50.65,250,0,41500
HDFC30Jan202420PE.NFO,07/01/2020,09:59:06,50.3,50,250,50.5,250,500,41500
HDFC30Jan202420PE.NFO,07/01/2020,09:59:12,50.3,50,500,50.45,250,0,41500
HDFC30Jan202420PE.NFO,07/01/2020,09:59:17,50.3,50,750,50.55,250,0,41500
HDFC30Jan202420PE.NFO,07/01/2020,09:59:22,50.3,50.1,250,50.55,250,0,41500
HDFC30Jan202420PE.NFO,07/01/2020,09:59:27,50.3,50,250,50.45,500,0,41500
HDFC30Jan202420PE.NFO,07/01/2020,09:59:33,50.3,49.5,250,49.95,500,0,41500
HDFC30Jan202420PE.NFO,07/01/2020,09:59:38,50.3,49.05,250,49.5,250,0,41500
HDFC30Jan202420PE.NFO,07/01/2020,09:59:44,50.3,48.9,500,49.3,750,0,41500
HDFC30Jan202420PE.NFO,07/01/2020,09:59:50,50.3,48.9,500,49.35,250,0,41500
HDFC30Jan202420PE.NFO,07/01/2020,09:59:55,48.85,48.7,750,49.15,500,1250,40000
HDFC30Jan202420PE.NFO,07/01/2020,10:00:00,48.85,48.6,250,49.05,250,0,40000
HDFC30Jan202420PE.NFO,07/01/2020,10:00:06,48.65,48.65,250,49.05,500,500,40000
HDFC30Jan202420PE.NFO,07/01/2020,10:00:11,48.65,48.8,250,49.1,250,0,40000
HDFC30Jan202420PE.NFO,07/01/2020,10:00:12,48.65,48.85,250,49.15,750,0,40000
HDFC30Jan202420PE.NFO,07/01/2020,10:00:14,48.65,48.8,250,49.1,500,0,40000
HDFC30Jan202420PE.NFO,07/01/2020,10:00:16,48.65,48.7,500,49,1000,0,40000
HDFC30Jan202420PE.NFO,07/01/2020,10:00:18,49,48.9,500,49.35,500,250,40000
HDFC30Jan202420PE.NFO,07/01/2020,10:00:19,49,48.9,500,49.35,500,0,40000
HDFC30Jan202420PE.NFO,07/01/2020,10:00:20,49,48.9,500,49.35,250,0,40000
HDFC30Jan202420PE.NFO,07/01/2020,10:00:21,49,49,250,49.4,250,0,40000
HDFC30Jan202420PE.NFO,07/01/2020,10:00:22,49,49,500,49.45,250,0,40000
HDFC30Jan202420PE.NFO,07/01/2020,10:00:23,49,49,250,49.45,250,0,40000
HDFC30Jan202420PE.NFO,07/01/2020,10:00:28,49,49.05,250,49.5,250,0,40000
HDFC30Jan202420PE.NFO,07/01/2020,10:00:29,49,49.1,250,49.5,250,0,40000
HDFC30Jan202420PE.NFO,07/01/2020,10:00:35,49,49.1,250,49.5,500,0,40000
HDFC30Jan202420PE.NFO,07/01/2020,10:00:37,49,49.1,250,49.4,250,0,40000
HDFC30Jan202420PE.NFO,07/01/2020,10:00:38,49,49.1,250,49.5,500,0,40000
HDFC30Jan202420PE.NFO,07/01/2020,10:00:39,49,49.1,250,49.4,250,0,40000
HDFC30Jan202420PE.NFO,07/01/2020,10:00:40,49,49.1,250,49.5,250,0,40000
HDFC30Jan202420PE.NFO,07/01/2020,10:00:41,49,49.15,750,49.65,250,0,40000
HDFC30Jan202420PE.NFO,07/01/2020,10:00:42,49.4,49.3,250,49.7,250,250,40000
HDFC30Jan202420PE.NFO,07/01/2020,10:00:43,49.35,49.35,250,49.75,750,500,40000
HDFC30Jan202420PE.NFO,07/01/2020,10:00:44,49.35,49.35,250,49.6,250,0,40000
HDFC30Jan202420PE.NFO,07/01/2020,10:00:45,49.35,49.25,250,49.65,250,0,40000
HDFC30Jan202420PE.NFO,07/01/2020,10:00:46,49.25,49.2,500,49.55,250,250,40000
HDFC30Jan202420PE.NFO,07/01/2020,10:00:47,49.25,49.2,500,49.65,750,0,40000
HDFC30Jan202420PE.NFO,07/01/2020,10:00:48,49.2,49.15,500,49.6,250,500,40000
HDFC30Jan202420PE.NFO,07/01/2020,10:00:49,49.2,49.15,250,49.55,250,0,40000
HDFC30Jan202420PE.NFO,07/01/2020,10:00:53,49.2,49.15,250,49.6,250,0,40000
HDFC30Jan202420PE.NFO,07/01/2020,10:00:54,49.15,49.1,250,49.5,750,250,40000
HDFC30Jan202420PE.NFO,07/01/2020,10:00:55,49.5,49.3,250,49.75,250,750,40000
HDFC30Jan202420PE.NFO,07/01/2020,10:00:56,49.5,49.3,250,49.75,250,0,40000
HDFC30Jan202420PE.NFO,07/01/2020,10:00:58,49.5,49.2,250,49.6,750,0,40000
HDFC30Jan202420PE.NFO,07/01/2020,10:00:59,49.5,49.2,500,49.65,250,0,40000
HDFC30Jan202420PE.NFO,07/01/2020,10:01:00,49.5,49.15,500,49.5,750,0,40000
HDFC30Jan202420PE.NFO,07/01/2020,10:01:01,49.5,49.35,250,49.65,750,0,40000
HDFC30Jan202420PE.NFO,07/01/2020,10:01:02,49.35,49.3,750,49.75,750,500,40000
HDFC30Jan202420PE.NFO,07/01/2020,10:01:03,49.35,49.3,750,49.8,250,0,40000
HDFC30Jan202420PE.NFO,07/01/2020,10:01:04,49.35,49.1,500,49.5,250,500,40000
HDFC30Jan202420PE.NFO,07/01/2020,10:01:05,49.35,49.15,500,49.6,250,0,40000
HDFC30Jan202420PE.NFO,07/01/2020,10:01:06,49.35,49.15,500,49.55,250,0,40000
HDFC30Jan202420PE.NFO,07/01/2020,10:01:08,49.35,49.25,500,49.7,250,0,40000
HDFC30Jan202420PE.NFO,07/01/2020,10:01:09,49.35,49.4,500,49.9,250,0,40000
HDFC30Jan202420PE.NFO,07/01/2020,10:01:10,49.35,49.5,500,49.95,250,0,40000
HDFC30Jan202420PE.NFO,07/01/2020,10:01:11,49.35,49.5,250,49.95,750,0,40000
HDFC30Jan202420PE.NFO,07/01/2020,10:01:13,49.5,49.25,500,49.65,250,250,40000
HDFC30Jan202420PE.NFO,07/01/2020,10:01:14,49.5,49.25,500,49.65,250,0,40000
HDFC30Jan202420PE.NFO,07/01/2020,10:01:16,49.5,49.25,250,49.65,250,0,40000
HDFC30Jan202420PE.NFO,07/01/2020,10:01:19,49.5,49.25,250,49.55,250,0,40000
HDFC30Jan202420PE.NFO,07/01/2020,10:01:20,49.25,49.15,750,49.65,750,250,40000
HDFC30Jan202420PE.NFO,07/01/2020,10:01:21,49.25,49.15,750,49.55,500,0,40000
HDFC30Jan202420PE.NFO,07/01/2020,10:01:22,49.25,49.15,750,49.6,500,0,40000
HDFC30Jan202420PE.NFO,07/01/2020,10:01:23,49.25,49.1,250,49.5,250,0,40000
HDFC30Jan202420PE.NFO,07/01/2020,10:01:24,49.25,49.2,250,49.5,750,0,40000
HDFC30Jan202420PE.NFO,07/01/2020,10:01:25,49.25,49.2,250,49.6,750,0,40000
HDFC30Jan202420PE.NFO,07/01/2020,10:01:29,49.25,49.2,250,49.6,1000,0,40000
HDFC30Jan202420PE.NFO,07/01/2020,10:01:32,49.25,49.15,500,49.6,750,0,40000
HDFC30Jan202420PE.NFO,07/01/2020,10:01:33,49.25,49.15,500,49.55,250,0,40000
HDFC30Jan202420PE.NFO,07/01/2020,10:01:34,49.25,49.05,250,49.55,250,0,40000
HDFC30Jan202420PE.NFO,07/01/2020,10:01:35,49.25,49.2,750,49.8,250,0,40000
HDFC30Jan202420PE.NFO,07/01/2020,10:01:36,49.25,49.35,250,49.85,250,0,40000
HDFC30Jan202420PE.NFO,07/01/2020,10:01:37,49.25,49.45,250,49.8,250,0,40000
HDFC30Jan202420PE.NFO,07/01/2020,10:01:38,49.25,49.55,250,49.9,250,0,40000
HDFC30Jan202420PE.NFO,07/01/2020,10:01:39,49.25,49.55,250,49.85,750,0,40000
HDFC30Jan202420PE.NFO,07/01/2020,10:01:41,49.25,49.35,250,49.75,250,0,40000
HDFC30Jan202420PE.NFO,07/01/2020,10:01:42,49.25,49.35,250,49.65,500,0,40000
HDFC30Jan202420PE.NFO,07/01/2020,10:01:43,49.25,49.2,500,49.6,250,0,40000
HDFC30Jan202420PE.NFO,07/01/2020,10:01:46,49.25,49.3,250,49.7,250,0,40000
HDFC30Jan202420PE.NFO,07/01/2020,10:01:47,49.25,49.5,250,49.95,250,0,40000
HDFC30Jan202420PE.NFO,07/01/2020,10:01:49,49.25,49.5,250,50,250,0,40000
HDFC30Jan202420PE.NFO,07/01/2020,10:01:51,49.25,49.5,1000,50.05,250,0,40000
HDFC30Jan202420PE.NFO,07/01/2020,10:01:52,49.25,49.6,250,50.1,250,0,40000
HDFC30Jan202420PE.NFO,07/01/2020,10:01:53,49.25,49.6,500,50.15,250,0,40000
HDFC30Jan202420PE.NFO,07/01/2020,10:01:54,49.25,49.7,250,50.2,750,0,40000
HDFC30Jan202420PE.NFO,07/01/2020,10:01:55,49.25,49.7,250,50.2,1000,0,40000
HDFC30Jan202420PE.NFO,07/01/2020,10:01:56,49.7,49.65,500,50.15,250,250,40000
HDFC30Jan202420PE.NFO,07/01/2020,10:01:58,49.7,49.65,250,50.15,250,0,40000
HDFC30Jan202420PE.NFO,07/01/2020,10:01:59,49.7,49.4,500,49.85,750,0,40000
HDFC30Jan202420PE.NFO,07/01/2020,10:02:00,49.7,49.55,250,50,750,0,40000
HDFC30Jan202420PE.NFO,07/01/2020,10:02:01,49.7,49.8,250,50.25,750,0,40000
HDFC30Jan202420PE.NFO,07/01/2020,10:02:02,49.8,49.8,250,50.15,750,250,40000
HDFC30Jan202420PE.NFO,07/01/2020,10:02:03,49.8,49.7,250,50.15,750,0,40000
HDFC30Jan202420PE.NFO,07/01/2020,10:02:04,49.8,49.7,500,50.25,250,0,40000
HDFC30Jan202420PE.NFO,07/01/2020,10:02:05,49.8,49.7,250,50.1,250,0,40000
HDFC30Jan202420PE.NFO,07/01/2020,10:02:06,49.8,49.7,750,50.2,250,0,40000
HDFC30Jan202420PE.NFO,07/01/2020,10:02:07,49.8,49.7,500,50.05,750,0,40000
HDFC30Jan202420PE.NFO,07/01/2020,10:02:08,49.8,49.7,250,50.05,750,0,40000
HDFC30Jan202420PE.NFO,07/01/2020,10:02:09,49.7,49.65,250,50.05,750,250,40000
HDFC30Jan202420PE.NFO,07/01/2020,10:02:10,49.7,49.3,750,49.8,750,0,40000
HDFC30Jan202420PE.NFO,07/01/2020,10:02:11,49.7,49.35,250,49.8,250,0,40000
HDFC30Jan202420PE.NFO,07/01/2020,10:02:16,49.7,49.35,250,49.8,750,0,40000
HDFC30Jan202420PE.NFO,07/01/2020,10:02:18,49.7,49.3,500,49.8,750,0,40000
HDFC30Jan202420PE.NFO,07/01/2020,10:02:20,49.7,49.3,500,49.7,750,0,40000
HDFC30Jan202420PE.NFO,07/01/2020,10:02:21,49.7,49.35,250,49.65,750,0,40000
HDFC30Jan202420PE.NFO,07/01/2020,10:02:22,49.7,49.35,250,49.7,750,0,40000
HDFC30Jan202420PE.NFO,07/01/2020,10:02:23,49.7,49.3,500,49.65,250,0,40000
HDFC30Jan202420PE.NFO,07/01/2020,10:02:25,49.7,49.3,750,49.65,250,0,40000
HDFC30Jan202420PE.NFO,07/01/2020,10:02:29,49.15,48.7,250,49.15,250,250,40000
HDFC30Jan202420PE.NFO,07/01/2020,10:02:30,49.15,48.8,250,49.25,250,0,38250
HDFC30Jan202420PE.NFO,07/01/2020,10:02:31,49.15,48.8,500,49.25,250,0,38250
HDFC30Jan202420PE.NFO,07/01/2020,10:02:33,49.15,48.8,250,49.15,500,0,38250
HDFC30Jan202420PE.NFO,07/01/2020,10:02:34,49.15,48.7,250,49.1,500,0,38250
HDFC30Jan202420PE.NFO,07/01/2020,10:02:36,49.15,48.65,500,49.05,500,0,38250
HDFC30Jan202420PE.NFO,07/01/2020,10:02:37,49.15,48.55,250,48.95,750,0,38250
HDFC30Jan202420PE.NFO,07/01/2020,10:02:38,49.15,48.55,250,48.95,250,0,38250
HDFC30Jan202420PE.NFO,07/01/2020,10:02:39,49.15,48.5,250,48.9,250,0,38250
HDFC30Jan202420PE.NFO,07/01/2020,10:02:40,49.15,48.45,500,48.8,250,0,38250
HDFC30Jan202420PE.NFO,07/01/2020,10:02:46,48.45,48.4,750,48.85,250,500,38250
HDFC30Jan202420PE.NFO,07/01/2020,10:02:47,48.45,48.4,500,48.8,250,0,38250
HDFC30Jan202420PE.NFO,07/01/2020,10:02:48,48.45,48.4,750,48.9,1000,0,38250
HDFC30Jan202420PE.NFO,07/01/2020,10:02:51,48.45,48.35,500,48.9,1250,0,38250
HDFC30Jan202420PE.NFO,07/01/2020,10:02:52,48.35,48.3,250,48.6,250,500,38250
HDFC30Jan202420PE.NFO,07/01/2020,10:02:53,48.35,48.2,250,48.6,250,0,38250
HDFC30Jan202420PE.NFO,07/01/2020,10:02:54,48.2,48.15,250,48.55,750,250,38250
HDFC30Jan202420PE.NFO,07/01/2020,10:02:55,48.2,48.1,250,48.45,250,0,38250
HDFC30Jan202420PE.NFO,07/01/2020,10:02:57,48.2,47.95,250,48.35,250,0,38250
HDFC30Jan202420PE.NFO,07/01/2020,10:02:58,48.2,48,500,48.4,250,0,38250
HDFC30Jan202420PE.NFO,07/01/2020,10:03:04,48.2,48.15,250,48.45,250,0,38250
HDFC30Jan202420PE.NFO,07/01/2020,10:03:07,48.2,48.3,250,48.8,500,0,38250
HDFC30Jan202420PE.NFO,07/01/2020,10:03:08,48.2,48.45,500,49,500,0,38250
HDFC30Jan202420PE.NFO,07/01/2020,10:03:09,48.2,48.55,250,49,250,0,38250
HDFC30Jan202420PE.NFO,07/01/2020,10:03:10,48.2,48.7,500,49.2,250,0,38250
HDFC30Jan202420PE.NFO,07/01/2020,10:03:11,48.2,48.8,500,49.35,500,0,38250
HDFC30Jan202420PE.NFO,07/01/2020,10:03:12,48.2,48.95,250,49.45,250,0,38250
HDFC30Jan202420PE.NFO,07/01/2020,10:03:13,48.2,48.75,250,49.3,500,0,38250
HDFC30Jan202420PE.NFO,07/01/2020,10:03:14,48.2,48.8,500,49.3,500,0,38250
HDFC30Jan202420PE.NFO,07/01/2020,10:03:15,48.2,48.8,750,49.35,500,0,38250
HDFC30Jan202420PE.NFO,07/01/2020,10:03:16,48.2,48.8,750,49.3,250,0,38250
HDFC30Jan202420PE.NFO,07/01/2020,10:03:17,48.2,48.95,250,49.5,250,0,38250
HDFC30Jan202420PE.NFO,07/01/2020,10:03:18,48.2,48.95,250,49.5,500,0,38250
HDFC30Jan202420PE.NFO,07/01/2020,10:03:19,48.2,48.85,500,49.4,500,0,38250
HDFC30Jan202420PE.NFO,07/01/2020,10:03:20,48.2,48.95,250,49.4,500,0,38250
HDFC30Jan202420PE.NFO,07/01/2020,10:03:21,48.2,49.15,250,49.7,250,0,38250
HDFC30Jan202420PE.NFO,07/01/2020,10:03:22,48.2,49.15,500,49.65,250,0,38250
HDFC30Jan202420PE.NFO,07/01/2020,10:03:23,48.2,49.15,250,49.6,250,0,38250
HDFC30Jan202420PE.NFO,07/01/2020,10:03:24,48.2,49.1,250,49.55,250,0,38250
HDFC30Jan202420PE.NFO,07/01/2020,10:03:25,49.2,49,250,49.4,250,250,38250
HDFC30Jan202420PE.NFO,07/01/2020,10:03:26,49.2,49.25,500,49.8,250,0,38250
HDFC30Jan202420PE.NFO,07/01/2020,10:03:27,49.2,49.25,250,49.75,250,0,38250
HDFC30Jan202420PE.NFO,07/01/2020,10:03:28,49.2,49.25,250,49.75,500,0,38250
HDFC30Jan202420PE.NFO,07/01/2020,10:03:29,49.2,49.3,1000,49.85,1000,0,38250
HDFC30Jan202420PE.NFO,07/01/2020,10:03:30,49.2,49.3,1000,49.85,750,0,38250
HDFC30Jan202420PE.NFO,07/01/2020,10:03:35,49.2,49.05,250,49.6,250,0,38250
HDFC30Jan202420PE.NFO,07/01/2020,10:03:36,49.2,49.05,1000,49.6,500,0,38250
HDFC30Jan202420PE.NFO,07/01/2020,10:03:37,49.2,49.05,1000,49.6,250,0,38250
HDFC30Jan202420PE.NFO,07/01/2020,10:03:41,49.2,49.05,1000,49.6,500,0,38250
HDFC30Jan202420PE.NFO,07/01/2020,10:03:43,49.2,49.05,750,49.6,250,0,38250
HDFC30Jan202420PE.NFO,07/01/2020,10:03:46,49.2,49.15,250,49.65,250,0,38250
HDFC30Jan202420PE.NFO,07/01/2020,10:03:47,49.2,49.15,250,49.65,750,0,38250
HDFC30Jan202420PE.NFO,07/01/2020,10:03:49,49.2,49.3,250,49.8,250,0,38250
HDFC30Jan202420PE.NFO,07/01/2020,10:03:50,49.2,49.3,500,49.8,250,0,38250
HDFC30Jan202420PE.NFO,07/01/2020,10:03:51,49.2,49.3,250,49.75,250,0,38250
HDFC30Jan202420PE.NFO,07/01/2020,10:03:52,49.2,49.1,250,49.65,1000,0,38250
HDFC30Jan202420PE.NFO,07/01/2020,10:03:53,49.2,49.05,250,49.55,750,0,38250
HDFC30Jan202420PE.NFO,07/01/2020,10:03:54,49.2,49,750,49.55,1000,0,38250
HDFC30Jan202420PE.NFO,07/01/2020,10:03:55,49.2,48.85,250,49.35,250,0,38250
HDFC30Jan202420PE.NFO,07/01/2020,10:03:56,49.2,48.8,250,49.3,250,0,38250
HDFC30Jan202420PE.NFO,07/01/2020,10:03:57,49.2,48.65,250,49.1,250,0,38250
HDFC30Jan202420PE.NFO,07/01/2020,10:03:59,49.2,48.6,250,49.1,250,0,38250
HDFC30Jan202420PE.NFO,07/01/2020,10:04:01,49.2,48.65,250,49.1,250,0,38250
HDFC30Jan202420PE.NFO,07/01/2020,10:04:02,49.2,48.75,250,49.25,250,0,38250
HDFC30Jan202420PE.NFO,07/01/2020,10:04:03,49.2,48.75,250,49.2,250,0,38250
HDFC30Jan202420PE.NFO,07/01/2020,10:04:04,49.2,48.6,500,49.1,250,0,38250
HDFC30Jan202420PE.NFO,07/01/2020,10:04:07,49.2,48.65,500,49.25,250,0,38250
HDFC30Jan202420PE.NFO,07/01/2020,10:04:09,49.2,48.7,500,49.2,500,0,38250
HDFC30Jan202420PE.NFO,07/01/2020,10:04:10,49.2,48.75,250,49.25,250,0,38250
HDFC30Jan202420PE.NFO,07/01/2020,10:04:12,49.2,48.55,250,49.05,250,0,38250
HDFC30Jan202420PE.NFO,07/01/2020,10:04:14,49.2,48.55,500,49.05,250,0,38250
HDFC30Jan202420PE.NFO,07/01/2020,10:04:15,49.2,48.6,500,49.1,500,0,38250
HDFC30Jan202420PE.NFO,07/01/2020,10:04:16,49.2,48.55,250,49.05,250,0,38250
HDFC30Jan202420PE.NFO,07/01/2020,10:04:21,49.2,48.55,250,49,250,0,38250
HDFC30Jan202420PE.NFO,07/01/2020,10:04:24,49.2,48.45,500,48.9,250,0,38250
HDFC30Jan202420PE.NFO,07/01/2020,10:04:25,49.2,48.45,250,48.9,250,0,38250
HDFC30Jan202420PE.NFO,07/01/2020,10:04:27,49.2,48.45,250,48.9,500,0,38250
HDFC30Jan202420PE.NFO,07/01/2020,10:04:29,49.2,48.45,250,48.9,250,0,38250
HDFC30Jan202420PE.NFO,07/01/2020,10:04:30,49.2,48.45,250,48.9,500,0,38250
HDFC30Jan202420PE.NFO,07/01/2020,10:04:32,49.2,48.45,250,48.8,250,0,38250
HDFC30Jan202420PE.NFO,07/01/2020,10:04:38,49.2,48.55,250,49,250,0,38250
HDFC30Jan202420PE.NFO,07/01/2020,10:04:39,49.2,48.55,250,49.05,250,0,38250
HDFC30Jan202420PE.NFO,07/01/2020,10:04:40,49.2,48.55,250,49,250,0,38250
HDFC30Jan202420PE.NFO,07/01/2020,10:04:42,49.2,48.55,250,49,500,0,38250
HDFC30Jan202420PE.NFO,07/01/2020,10:04:43,49.2,48.55,500,49.05,250,0,38250
HDFC30Jan202420PE.NFO,07/01/2020,10:04:44,49.2,48.55,500,48.95,250,0,38250
HDFC30Jan202420PE.NFO,07/01/2020,10:04:45,49.2,48.6,250,49.1,250,0,38250
HDFC30Jan202420PE.NFO,07/01/2020,10:04:47,49.2,48.55,500,49.05,500,0,38250
HDFC30Jan202420PE.NFO,07/01/2020,10:04:48,49.2,48.55,750,49.1,250,0,38250
HDFC30Jan202420PE.NFO,07/01/2020,10:04:49,49.2,48.45,250,48.9,500,0,38250
HDFC30Jan202420PE.NFO,07/01/2020,10:04:51,49.2,48.45,250,48.9,250,0,38250
HDFC30Jan202420PE.NFO,07/01/2020,10:04:54,49.2,48.4,250,48.8,250,0,38250
HDFC30Jan202420PE.NFO,07/01/2020,10:05:00,49.2,48.2,500,48.7,250,0,38250
HDFC30Jan202420PE.NFO,07/01/2020,10:05:02,49.2,48.25,500,48.7,250,0,38250
HDFC30Jan202420PE.NFO,07/01/2020,10:05:03,49.2,48.2,500,48.65,500,0,38250
HDFC30Jan202420PE.NFO,07/01/2020,10:05:05,49.2,48.2,250,48.6,250,0,38250
HDFC30Jan202420PE.NFO,07/01/2020,10:05:06,49.2,48.35,250,48.8,250,0,38250
HDFC30Jan202420PE.NFO,07/01/2020,10:05:08,49.2,48.35,500,48.8,250,0,38250
HDFC30Jan202420PE.NFO,07/01/2020,10:05:09,49.2,48.35,500,48.85,250,0,38250
HDFC30Jan202420PE.NFO,07/01/2020,10:05:10,49.2,48.45,250,48.95,750,0,38250
HDFC30Jan202420PE.NFO,07/01/2020,10:05:11,49.2,48.35,250,48.85,250,0,38250
HDFC30Jan202420PE.NFO,07/01/2020,10:05:15,48.7,48.35,500,48.85,250,250,38250
HDFC30Jan202420PE.NFO,07/01/2020,10:05:19,48.7,48.65,250,49.1,500,0,38250
HDFC30Jan202420PE.NFO,07/01/2020,10:05:28,48.7,48.55,250,49,250,0,38250
HDFC30Jan202420PE.NFO,07/01/2020,10:05:33,48.55,49.1,250,49.5,250,250,38250
HDFC30Jan202420PE.NFO,07/01/2020,10:05:40,48.55,48.4,250,48.85,250,0,38250
HDFC30Jan202420PE.NFO,07/01/2020,10:05:45,48.55,48.1,250,48.55,250,0,38250
HDFC30Jan202420PE.NFO,07/01/2020,10:05:51,48.55,48.05,250,48.5,250,0,38250
HDFC30Jan202420PE.NFO,07/01/2020,10:05:57,48.55,48.4,500,48.9,500,0,38250
HDFC30Jan202420PE.NFO,07/01/2020,10:06:02,48.55,48.3,250,48.8,250,0,38250
HDFC30Jan202420PE.NFO,07/01/2020,10:06:08,48.55,48.5,500,49,250,0,38250
HDFC30Jan202420PE.NFO,07/01/2020,10:06:12,48.55,48.45,500,48.95,250,0,38250
HDFC30Jan202420PE.NFO,07/01/2020,10:06:13,48.55,48.65,500,49.2,500,0,38250
HDFC30Jan202420PE.NFO,07/01/2020,10:06:15,48.55,48.65,250,49.15,250,0,38250
HDFC30Jan202420PE.NFO,07/01/2020,10:06:16,48.55,48.75,750,49.3,250,0,38250
HDFC30Jan202420PE.NFO,07/01/2020,10:06:17,48.55,48.8,750,49.45,250,0,38250
HDFC30Jan202420PE.NFO,07/01/2020,10:06:18,48.55,48.95,250,49.5,250,0,38250
HDFC30Jan202420PE.NFO,07/01/2020,10:06:19,48.55,49.15,500,49.75,500,0,38250
HDFC30Jan202420PE.NFO,07/01/2020,10:06:20,48.55,48.85,250,49.55,500,0,38250
HDFC30Jan202420PE.NFO,07/01/2020,10:06:21,48.55,48.8,500,49.35,500,0,38250
HDFC30Jan202420PE.NFO,07/01/2020,10:06:22,48.55,48.9,500,49.4,250,0,38250
HDFC30Jan202420PE.NFO,07/01/2020,10:06:23,48.55,49,750,49.55,250,0,38250
HDFC30Jan202420PE.NFO,07/01/2020,10:06:26,48.55,48.8,500,49.35,250,0,38250
HDFC30Jan202420PE.NFO,07/01/2020,10:06:27,48.55,48.75,250,49.25,250,0,38250
HDFC30Jan202420PE.NFO,07/01/2020,10:06:29,48.55,48.65,500,49.15,250,0,38250
HDFC30Jan202420PE.NFO,07/01/2020,10:06:30,48.55,48.7,250,49.15,250,0,38250
HDFC30Jan202420PE.NFO,07/01/2020,10:06:31,48.55,48.75,250,49.15,250,0,38250
HDFC30Jan202420PE.NFO,07/01/2020,10:06:35,48.55,48.8,250,49.3,250,0,38250
HDFC30Jan202420PE.NFO,07/01/2020,10:06:36,48.55,48.8,250,49.25,250,0,38250
HDFC30Jan202420PE.NFO,07/01/2020,10:06:37,48.55,48.8,500,49.25,250,0,38250
HDFC30Jan202420PE.NFO,07/01/2020,10:06:38,48.55,48.95,500,49.45,250,0,38250
HDFC30Jan202420PE.NFO,07/01/2020,10:06:41,48.55,49,250,49.5,250,0,38250
HDFC30Jan202420PE.NFO,07/01/2020,10:06:42,48.55,49.1,250,49.55,250,0,38250
HDFC30Jan202420PE.NFO,07/01/2020,10:06:43,48.55,49,250,49.5,250,0,38250
HDFC30Jan202420PE.NFO,07/01/2020,10:06:44,48.55,49,250,49.45,250,0,38250
HDFC30Jan202420PE.NFO,07/01/2020,10:06:45,48.55,49.1,250,49.6,250,0,38250
HDFC30Jan202420PE.NFO,07/01/2020,10:06:46,48.55,49.2,250,49.7,250,0,38250
HDFC30Jan202420PE.NFO,07/01/2020,10:06:47,48.55,49.2,750,49.7,250,0,38250
HDFC30Jan202420PE.NFO,07/01/2020,10:06:49,48.55,49.15,500,49.65,250,0,38250
HDFC30Jan202420PE.NFO,07/01/2020,10:06:50,48.55,49.2,250,49.7,250,0,38250
HDFC30Jan202420PE.NFO,07/01/2020,10:06:51,48.55,49.2,250,49.7,500,0,38250
HDFC30Jan202420PE.NFO,07/01/2020,10:06:55,48.55,49.2,250,49.6,750,0,38250
HDFC30Jan202420PE.NFO,07/01/2020,10:07:02,48.55,49.35,250,49.85,250,0,38250
HDFC30Jan202420PE.NFO,07/01/2020,10:07:03,48.55,49.35,250,49.8,500,0,38250
HDFC30Jan202420PE.NFO,07/01/2020,10:07:04,48.55,49.65,250,50.05,250,0,38250
HDFC30Jan202420PE.NFO,07/01/2020,10:07:06,48.55,49.7,250,50.1,250,0,38250
HDFC30Jan202420PE.NFO,07/01/2020,10:07:07,48.55,49.65,500,50.1,250,0,38250
HDFC30Jan202420PE.NFO,07/01/2020,10:07:09,48.55,49.65,250,50.1,250,0,38250
HDFC30Jan202420PE.NFO,07/01/2020,10:07:10,48.55,49.65,500,50.1,250,0,38250
HDFC30Jan202420PE.NFO,07/01/2020,10:07:11,49.65,49.65,250,50.05,250,500,38250
HDFC30Jan202420PE.NFO,07/01/2020,10:07:12,49.65,49.65,250,50.05,250,0,38250
HDFC30Jan202420PE.NFO,07/01/2020,10:07:15,49.65,49.95,500,50.4,250,0,38250
HDFC30Jan202420PE.NFO,07/01/2020,10:07:16,49.65,50,500,50.6,1250,0,38250
HDFC30Jan202420PE.NFO,07/01/2020,10:07:17,49.65,50,250,50.6,1250,0,38250
HDFC30Jan202420PE.NFO,07/01/2020,10:07:18,49.65,49.9,250,50.4,1000,0,38250
HDFC30Jan202420PE.NFO,07/01/2020,10:07:19,49.65,49.8,250,50.3,1250,0,38250
HDFC30Jan202420PE.NFO,07/01/2020,10:07:20,49.65,49.75,250,50.3,1250,0,38250
HDFC30Jan202420PE.NFO,07/01/2020,10:07:22,49.65,49.35,500,49.85,250,0,38250
HDFC30Jan202420PE.NFO,07/01/2020,10:07:23,49.65,49.35,750,49.85,250,0,38250
HDFC30Jan202420PE.NFO,07/01/2020,10:07:28,49.65,49.35,500,49.85,250,0,38250
HDFC30Jan202420PE.NFO,07/01/2020,10:07:29,49.65,49.35,250,49.85,250,0,38250
HDFC30Jan202420PE.NFO,07/01/2020,10:07:30,49.65,49.25,750,49.7,250,0,38250
HDFC30Jan202420PE.NFO,07/01/2020,10:07:31,49.65,49.65,250,50.2,250,0,38250
HDFC30Jan202420PE.NFO,07/01/2020,10:07:32,49.65,49.45,250,49.95,250,0,38250
HDFC30Jan202420PE.NFO,07/01/2020,10:07:33,49.65,49.4,500,49.9,250,0,38250
HDFC30Jan202420PE.NFO,07/01/2020,10:07:34,49.65,49.25,250,49.75,250,0,38250
HDFC30Jan202420PE.NFO,07/01/2020,10:07:38,49.65,49.15,500,49.7,500,0,38250
HDFC30Jan202420PE.NFO,07/01/2020,10:07:39,49.65,49.15,250,49.65,250,0,38250
HDFC30Jan202420PE.NFO,07/01/2020,10:07:41,49.65,48.9,250,49.3,750,0,38250
HDFC30Jan202420PE.NFO,07/01/2020,10:07:42,49.65,48.65,500,49.3,250,0,38250
HDFC30Jan202420PE.NFO,07/01/2020,10:07:43,49.65,48.2,1000,49.05,500,0,38250
HDFC30Jan202420PE.NFO,07/01/2020,10:07:45,49.65,48.2,1000,48.95,250,0,38250
HDFC30Jan202420PE.NFO,07/01/2020,10:07:47,49.65,48.25,250,48.65,250,0,38250
HDFC30Jan202420PE.NFO,07/01/2020,10:07:56,49.65,48.45,500,48.95,250,0,38250
HDFC30Jan202420PE.NFO,07/01/2020,10:07:57,49.65,48.45,250,48.95,250,0,38250
HDFC30Jan202420PE.NFO,07/01/2020,10:07:59,49.65,48.5,750,48.95,500,0,38250
HDFC30Jan202420PE.NFO,07/01/2020,10:08:01,49.65,48.5,250,48.9,250,0,38250
HDFC30Jan202420PE.NFO,07/01/2020,10:08:02,49.65,48.2,500,48.8,750,0,38250
HDFC30Jan202420PE.NFO,07/01/2020,10:08:03,49.65,48.3,500,48.8,750,0,38250
HDFC30Jan202420PE.NFO,07/01/2020,10:08:04,49.65,48.3,750,48.8,750,0,38250
HDFC30Jan202420PE.NFO,07/01/2020,10:08:06,49.65,48.3,750,48.8,1000,0,38250
HDFC30Jan202420PE.NFO,07/01/2020,10:08:09,49.65,48.3,750,48.8,250,0,38250
HDFC30Jan202420PE.NFO,07/01/2020,10:08:10,49.65,48.4,500,49.05,250,0,38250
HDFC30Jan202420PE.NFO,07/01/2020,10:08:12,49.65,48.4,250,48.8,500,0,38250
HDFC30Jan202420PE.NFO,07/01/2020,10:08:13,49.65,48.4,250,48.85,500,0,38250
HDFC30Jan202420PE.NFO,07/01/2020,10:08:14,49.65,48.15,500,48.7,750,0,38250
HDFC30Jan202420PE.NFO,07/01/2020,10:08:15,49.65,48.15,250,48.6,500,0,38250
HDFC30Jan202420PE.NFO,07/01/2020,10:08:16,49.65,48.2,250,48.7,250,0,38250
HDFC30Jan202420PE.NFO,07/01/2020,10:08:17,49.65,48.2,500,48.7,500,0,38250
HDFC30Jan202420PE.NFO,07/01/2020,10:08:18,49.65,48.2,500,48.7,250,0,38250
HDFC30Jan202420PE.NFO,07/01/2020,10:08:19,49.65,48.3,1000,48.9,250,0,38250
HDFC30Jan202420PE.NFO,07/01/2020,10:08:20,49.65,48.4,250,48.95,750,0,38250
HDFC30Jan202420PE.NFO,07/01/2020,10:08:21,49.65,48.4,250,48.85,1000,0,38250
HDFC30Jan202420PE.NFO,07/01/2020,10:08:22,49.65,48.35,250,48.85,1000,0,38250
HDFC30Jan202420PE.NFO,07/01/2020,10:08:24,49.65,48.15,250,48.85,1250,0,38250
HDFC30Jan202420PE.NFO,07/01/2020,10:08:25,49.65,48.15,500,48.85,1500,0,38250
HDFC30Jan202420PE.NFO,07/01/2020,10:08:26,49.65,48.15,500,48.65,750,0,38250
HDFC30Jan202420PE.NFO,07/01/2020,10:08:27,49.65,48.15,250,48.65,750,0,38250
HDFC30Jan202420PE.NFO,07/01/2020,10:08:30,49.65,48.1,250,48.55,750,0,38250
HDFC30Jan202420PE.NFO,07/01/2020,10:08:32,49.65,47.95,500,48.55,1000,0,38250
HDFC30Jan202420PE.NFO,07/01/2020,10:08:33,49.65,48,250,48.55,1250,0,38250
HDFC30Jan202420PE.NFO,07/01/2020,10:08:34,49.65,48,250,48.45,750,0,38250
HDFC30Jan202420PE.NFO,07/01/2020,10:08:35,49.65,48,500,48.55,250,0,38250
HDFC30Jan202420PE.NFO,07/01/2020,10:08:36,49.65,48,500,48.5,500,0,38250
HDFC30Jan202420PE.NFO,07/01/2020,10:08:38,49.65,48.15,500,48.7,250,0,38250
HDFC30Jan202420PE.NFO,07/01/2020,10:08:39,49.65,48.3,1000,48.9,500,0,38250
HDFC30Jan202420PE.NFO,07/01/2020,10:08:40,49.65,48.45,250,49.05,250,0,38250
HDFC30Jan202420PE.NFO,07/01/2020,10:08:42,49.65,48.5,250,49.05,250,0,38250
HDFC30Jan202420PE.NFO,07/01/2020,10:08:43,49.65,48.45,500,48.95,500,0,38250
HDFC30Jan202420PE.NFO,07/01/2020,10:08:44,49.65,48.45,250,48.9,250,0,38250
HDFC30Jan202420PE.NFO,07/01/2020,10:08:45,49.65,48.35,250,48.9,500,0,38250
HDFC30Jan202420PE.NFO,07/01/2020,10:08:48,49.65,48.3,500,48.9,500,0,38250
HDFC30Jan202420PE.NFO,07/01/2020,10:08:50,49.65,48.3,750,48.9,500,0,38250
HDFC30Jan202420PE.NFO,07/01/2020,10:08:51,49.65,48.6,250,49.1,250,0,38250
HDFC30Jan202420PE.NFO,07/01/2020,10:08:52,49.65,48.4,500,48.6,250,0,38250
HDFC30Jan202420PE.NFO,07/01/2020,10:08:53,49.65,48.4,250,48.95,250,0,38250
HDFC30Jan202420PE.NFO,07/01/2020,10:08:54,49.65,48.4,500,48.95,250,0,38250
HDFC30Jan202420PE.NFO,07/01/2020,10:08:55,49.65,48.45,250,49,250,0,38250
HDFC30Jan202420PE.NFO,07/01/2020,10:08:56,49.65,48.4,750,48.95,250,0,38250
HDFC30Jan202420PE.NFO,07/01/2020,10:08:57,49.65,48.4,500,48.95,250,0,38250
HDFC30Jan202420PE.NFO,07/01/2020,10:09:01,49.65,48.5,250,49.1,250,0,38250
HDFC30Jan202420PE.NFO,07/01/2020,10:09:02,49.65,48.5,250,48.95,250,0,38250
HDFC30Jan202420PE.NFO,07/01/2020,10:09:03,49.65,48.5,250,49,250,0,38250
HDFC30Jan202420PE.NFO,07/01/2020,10:09:04,49.65,48.2,250,48.75,750,0,38250
HDFC30Jan202420PE.NFO,07/01/2020,10:09:05,49.65,48.45,500,49,250,0,38250
HDFC30Jan202420PE.NFO,07/01/2020,10:09:06,49.65,48.45,250,49.05,250,0,38250
HDFC30Jan202420PE.NFO,07/01/2020,10:09:07,49.65,48.45,500,48.95,250,0,38250
HDFC30Jan202420PE.NFO,07/01/2020,10:09:08,49.65,48.3,500,48.8,500,0,38250
HDFC30Jan202420PE.NFO,07/01/2020,10:09:10,49.65,48.15,250,48.7,250,0,38250
HDFC30Jan202420PE.NFO,07/01/2020,10:09:11,49.65,48.2,250,48.75,250,0,38250
HDFC30Jan202420PE.NFO,07/01/2020,10:09:12,49.65,48.2,750,48.7,250,0,38250
HDFC30Jan202420PE.NFO,07/01/2020,10:09:13,49.65,48.4,250,48.9,250,0,38250
HDFC30Jan202420PE.NFO,07/01/2020,10:09:14,49.65,48.4,500,48.9,250,0,38250
HDFC30Jan202420PE.NFO,07/01/2020,10:09:15,49.65,48.45,500,49,250,0,38250
HDFC30Jan202420PE.NFO,07/01/2020,10:09:16,49.65,48.55,250,49.15,250,0,38250
HDFC30Jan202420PE.NFO,07/01/2020,10:09:17,49.65,48.55,250,49.1,250,0,38250
HDFC30Jan202420PE.NFO,07/01/2020,10:09:18,49.65,48.55,500,49.1,250,0,38250
HDFC30Jan202420PE.NFO,07/01/2020,10:09:19,49.65,48.55,500,49.05,250,0,38250
HDFC30Jan202420PE.NFO,07/01/2020,10:09:26,49.65,48.6,250,49.1,250,0,38250
HDFC30Jan202420PE.NFO,07/01/2020,10:09:27,49.65,48.6,250,49.1,500,0,38250
HDFC30Jan202420PE.NFO,07/01/2020,10:09:28,49.65,48.6,250,49.1,250,0,38250
HDFC30Jan202420PE.NFO,07/01/2020,10:09:32,49.65,48.7,500,49.3,500,0,38250
HDFC30Jan202420PE.NFO,07/01/2020,10:09:33,49.65,48.6,500,49.15,500,0,38250
HDFC30Jan202420PE.NFO,07/01/2020,10:09:34,49.65,48.6,500,49.25,250,0,38250
HDFC30Jan202420PE.NFO,07/01/2020,10:09:35,49.65,48.7,250,49.3,250,0,38250
HDFC30Jan202420PE.NFO,07/01/2020,10:09:36,49.65,48.75,250,49.4,250,0,38250
HDFC30Jan202420PE.NFO,07/01/2020,10:09:37,49.65,48.75,250,49.25,250,0,38250
HDFC30Jan202420PE.NFO,07/01/2020,10:09:39,49.65,48.75,250,49.25,500,0,38250
HDFC30Jan202420PE.NFO,07/01/2020,10:09:40,49.65,48.65,500,49.2,250,0,38250
HDFC30Jan202420PE.NFO,07/01/2020,10:09:41,49.65,48.65,750,49.25,250,0,38250
HDFC30Jan202420PE.NFO,07/01/2020,10:09:42,49.65,48.65,750,49.2,250,0,38250
HDFC30Jan202420PE.NFO,07/01/2020,10:09:45,49.65,48.65,250,49.15,250,0,38250
HDFC30Jan202420PE.NFO,07/01/2020,10:09:46,49.65,48.5,500,49.05,250,0,38250
HDFC30Jan202420PE.NFO,07/01/2020,10:09:47,49.65,48.55,250,49.05,250,0,38250
HDFC30Jan202420PE.NFO,07/01/2020,10:09:48,49.65,48.45,250,48.9,250,0,38250
HDFC30Jan202420PE.NFO,07/01/2020,10:09:53,49.65,48.4,250,48.9,500,0,38250
HDFC30Jan202420PE.NFO,07/01/2020,10:09:54,49.65,48.15,250,48.65,250,0,38250
HDFC30Jan202420PE.NFO,07/01/2020,10:09:56,49.65,48.1,500,48.6,250,0,38250
HDFC30Jan202420PE.NFO,07/01/2020,10:09:57,49.65,48.05,250,48.5,250,0,38250
HDFC30Jan202420PE.NFO,07/01/2020,10:09:58,49.65,48,500,48.5,250,0,38250
HDFC30Jan202420PE.NFO,07/01/2020,10:09:59,49.65,47.9,250,48.4,250,0,38250
HDFC30Jan202420PE.NFO,07/01/2020,10:10:00,49.65,48,750,48.55,500,0,38250
HDFC30Jan202420PE.NFO,07/01/2020,10:10:01,49.65,48.15,250,48.6,250,0,38250
HDFC30Jan202420PE.NFO,07/01/2020,10:10:02,49.65,48.15,250,48.7,500,0,38250
HDFC30Jan202420PE.NFO,07/01/2020,10:10:03,49.65,48.15,250,48.65,250,0,38250
HDFC30Jan202420PE.NFO,07/01/2020,10:10:05,49.65,48.25,250,48.8,250,0,38250
HDFC30Jan202420PE.NFO,07/01/2020,10:10:06,49.65,48.25,250,48.7,250,0,38250
HDFC30Jan202420PE.NFO,07/01/2020,10:10:07,49.65,48.25,250,48.75,500,0,38250
HDFC30Jan202420PE.NFO,07/01/2020,10:10:09,49.65,48.3,500,48.75,250,0,38250
HDFC30Jan202420PE.NFO,07/01/2020,10:10:10,49.65,48.5,250,49.1,250,0,38250
HDFC30Jan202420PE.NFO,07/01/2020,10:10:13,49.65,48.5,250,48.95,500,0,38250
HDFC30Jan202420PE.NFO,07/01/2020,10:10:14,49.65,48.5,250,48.95,750,0,38250
HDFC30Jan202420PE.NFO,07/01/2020,10:10:16,49.65,48.35,250,48.95,750,0,38250
HDFC30Jan202420PE.NFO,07/01/2020,10:10:18,49.65,48.3,250,48.7,500,0,38250
HDFC30Jan202420PE.NFO,07/01/2020,10:10:26,49.65,48.15,250,48.65,250,0,38250
HDFC30Jan202420PE.NFO,07/01/2020,10:10:27,49.65,48.3,250,48.75,250,0,38250
HDFC30Jan202420PE.NFO,07/01/2020,10:10:28,49.65,48.15,250,48.7,250,0,38250
HDFC30Jan202420PE.NFO,07/01/2020,10:10:31,49.65,48.15,250,48.65,500,0,38250
HDFC30Jan202420PE.NFO,07/01/2020,10:10:32,49.65,48.15,750,48.75,500,0,38250
HDFC30Jan202420PE.NFO,07/01/2020,10:10:33,49.65,48.15,250,48.65,250,0,38250
HDFC30Jan202420PE.NFO,07/01/2020,10:10:34,49.65,48.15,250,48.7,250,0,38250
HDFC30Jan202420PE.NFO,07/01/2020,10:10:36,49.65,48.2,250,48.7,250,0,38250
HDFC30Jan202420PE.NFO,07/01/2020,10:10:37,49.65,48.15,250,48.65,250,0,38250
HDFC30Jan202420PE.NFO,07/01/2020,10:10:44,49.65,48.25,250,48.8,250,0,38250
HDFC30Jan202420PE.NFO,07/01/2020,10:10:46,49.65,48.25,500,48.8,250,0,38250
HDFC30Jan202420PE.NFO,07/01/2020,10:10:47,49.65,48.25,250,48.8,250,0,38250
HDFC30Jan202420PE.NFO,07/01/2020,10:10:48,49.65,48.25,500,48.8,250,0,38250
HDFC30Jan202420PE.NFO,07/01/2020,10:10:49,49.65,48.25,250,48.75,250,0,38250
HDFC30Jan202420PE.NFO,07/01/2020,10:10:51,49.65,48.35,250,48.95,250,0,38250
HDFC30Jan202420PE.NFO,07/01/2020,10:10:55,49.65,48.35,500,48.85,250,0,38250
HDFC30Jan202420PE.NFO,07/01/2020,10:10:58,49.65,48.35,250,48.85,250,0,38250
HDFC30Jan202420PE.NFO,07/01/2020,10:10:59,49.65,48.25,500,48.75,250,0,38250
HDFC30Jan202420PE.NFO,07/01/2020,10:11:00,49.65,48.3,250,48.75,250,0,38250
HDFC30Jan202420PE.NFO,07/01/2020,10:11:01,49.65,48.3,250,48.8,500,0,38250
HDFC30Jan202420PE.NFO,07/01/2020,10:11:02,49.65,48.3,250,48.75,500,0,38250
HDFC30Jan202420PE.NFO,07/01/2020,10:11:09,49.65,48.35,250,48.85,250,0,38250
HDFC30Jan202420PE.NFO,07/01/2020,10:11:10,49.65,48.35,250,48.8,500,0,38250
HDFC30Jan202420PE.NFO,07/01/2020,10:11:11,48.35,48.05,750,48.75,250,250,39000
HDFC30Jan202420PE.NFO,07/01/2020,10:11:12,48.35,48.05,750,48.75,250,0,39000
HDFC30Jan202420PE.NFO,07/01/2020,10:11:24,48.35,48.15,250,48.65,500,0,39000
HDFC30Jan202420PE.NFO,07/01/2020,10:11:29,48.35,48.1,750,48.45,250,0,39000
HDFC30Jan202420PE.NFO,07/01/2020,10:11:34,48.35,47.95,500,48.4,250,0,39000
HDFC30Jan202420PE.NFO,07/01/2020,10:11:39,48.35,48,500,48.5,500,0,39000
HDFC30Jan202420PE.NFO,07/01/2020,10:11:50,48.35,48.15,750,48.6,750,0,39000
HDFC30Jan202420PE.NFO,07/01/2020,10:11:55,48.35,48.05,500,48.6,750,0,39000
HDFC30Jan202420PE.NFO,07/01/2020,10:12:00,48.35,48.15,750,48.75,500,0,39000
HDFC30Jan202420PE.NFO,07/01/2020,10:12:06,48.35,48,500,48.5,1000,0,39000
HDFC30Jan202420PE.NFO,07/01/2020,10:12:12,48.35,48,250,48.45,250,0,39000
HDFC30Jan202420PE.NFO,07/01/2020,10:12:17,48.35,48,250,48.4,250,0,39000
HDFC30Jan202420PE.NFO,07/01/2020,10:12:22,48.35,48.05,250,48.6,250,0,39000
HDFC30Jan202420PE.NFO,07/01/2020,10:12:32,48.35,48.1,500,48.6,250,0,39000
HDFC30Jan202420PE.NFO,07/01/2020,10:12:36,48.35,48.05,750,48.65,500,0,39000
HDFC30Jan202420PE.NFO,07/01/2020,10:12:41,48.35,48.2,500,48.8,250,0,39000
HDFC30Jan202420PE.NFO,07/01/2020,10:12:46,48.35,48.2,250,48.75,250,0,39000
HDFC30Jan202420PE.NFO,07/01/2020,10:12:51,48.35,48.35,750,48.75,500,0,39000
HDFC30Jan202420PE.NFO,07/01/2020,10:12:56,48.35,48.2,250,48.75,750,0,39000
HDFC30Jan202420PE.NFO,07/01/2020,10:13:01,48.35,48.3,250,48.85,500,250,39250
HDFC30Jan202420PE.NFO,07/01/2020,10:13:06,48.35,48.3,250,48.8,250,0,39250
HDFC30Jan202420PE.NFO,07/01/2020,10:13:11,48.35,48.65,500,49.15,500,0,39250
HDFC30Jan202420PE.NFO,07/01/2020,10:13:17,48.35,48.8,250,49.3,250,0,39250
HDFC30Jan202420PE.NFO,07/01/2020,10:13:22,48.35,49.1,500,49.4,500,0,39250
HDFC30Jan202420PE.NFO,07/01/2020,10:13:27,48.35,49.25,250,49.4,500,0,39250
HDFC30Jan202420PE.NFO,07/01/2020,10:13:32,48.35,49,250,49.4,500,0,39250
HDFC30Jan202420PE.NFO,07/01/2020,10:13:40,49.4,49.3,250,49.85,500,500,39250
HDFC30Jan202420PE.NFO,07/01/2020,10:13:45,49.4,48.95,250,49.45,250,0,39250
HDFC30Jan202420PE.NFO,07/01/2020,10:13:51,49.4,48.5,500,49.05,500,0,39250
HDFC30Jan202420PE.NFO,07/01/2020,10:13:56,49.4,48.45,250,48.95,250,0,39250
HDFC30Jan202420PE.NFO,07/01/2020,10:14:05,48.75,48.55,250,49.05,500,750,39250
HDFC30Jan202420PE.NFO,07/01/2020,10:14:10,48.75,48.55,1000,49,250,0,39250
HDFC30Jan202420PE.NFO,07/01/2020,10:14:12,48.75,48.45,250,48.95,250,0,39250
HDFC30Jan202420PE.NFO,07/01/2020,10:14:13,48.75,48.55,750,49,250,0,39250
HDFC30Jan202420PE.NFO,07/01/2020,10:14:14,48.75,48.5,250,48.95,500,0,39250
HDFC30Jan202420PE.NFO,07/01/2020,10:14:15,48.75,48.45,750,48.9,250,0,39250
HDFC30Jan202420PE.NFO,07/01/2020,10:14:16,48.75,48.5,250,48.95,500,0,39250
HDFC30Jan202420PE.NFO,07/01/2020,10:14:17,48.75,48.45,750,48.9,250,0,39250
HDFC30Jan202420PE.NFO,07/01/2020,10:14:18,48.75,48.5,250,49,500,0,39250
HDFC30Jan202420PE.NFO,07/01/2020,10:14:19,48.75,48.5,250,49,250,0,39250
HDFC30Jan202420PE.NFO,07/01/2020,10:14:21,48.75,48.5,250,48.95,250,0,39250
HDFC30Jan202420PE.NFO,07/01/2020,10:14:22,48.75,48.5,500,49,250,0,39250
HDFC30Jan202420PE.NFO,07/01/2020,10:14:23,48.75,48.7,750,49.2,500,0,39250
HDFC30Jan202420PE.NFO,07/01/2020,10:14:24,48.75,48.65,1000,49.15,250,0,39250
HDFC30Jan202420PE.NFO,07/01/2020,10:14:25,48.75,48.65,1250,49.2,250,0,39250
HDFC30Jan202420PE.NFO,07/01/2020,10:14:26,48.75,48.95,750,49.4,250,0,39250
HDFC30Jan202420PE.NFO,07/01/2020,10:14:27,48.75,48.95,500,49.55,250,0,39250
HDFC30Jan202420PE.NFO,07/01/2020,10:14:28,48.75,48.95,750,49.55,250,0,39250
HDFC30Jan202420PE.NFO,07/01/2020,10:14:29,48.75,49.05,250,49.6,250,0,39250
HDFC30Jan202420PE.NFO,07/01/2020,10:14:30,48.75,49.05,500,49.65,250,0,39250
HDFC30Jan202420PE.NFO,07/01/2020,10:14:32,48.75,49.1,250,49.65,500,0,39250
HDFC30Jan202420PE.NFO,07/01/2020,10:14:33,48.75,49.1,250,49.7,250,0,39250
HDFC30Jan202420PE.NFO,07/01/2020,10:14:34,49.1,49.05,250,49.6,250,250,38750
HDFC30Jan202420PE.NFO,07/01/2020,10:14:35,49.1,49.05,250,49.55,250,0,38750
HDFC30Jan202420PE.NFO,07/01/2020,10:14:36,49.1,48.95,500,49.5,250,0,38750
HDFC30Jan202420PE.NFO,07/01/2020,10:14:46,49.1,48.95,500,49.5,500,0,38750
HDFC30Jan202420PE.NFO,07/01/2020,10:14:47,49.1,48.95,500,49.5,250,0,38750
HDFC30Jan202420PE.NFO,07/01/2020,10:14:48,49.1,49.05,750,49.5,500,0,38750
HDFC30Jan202420PE.NFO,07/01/2020,10:14:49,49.1,49.1,750,49.5,500,0,38750
HDFC30Jan202420PE.NFO,07/01/2020,10:14:50,49.1,48.95,250,49.5,250,0,38750
HDFC30Jan202420PE.NFO,07/01/2020,10:14:51,49.1,49.1,750,49.5,250,0,38750
HDFC30Jan202420PE.NFO,07/01/2020,10:14:52,49.1,49.15,250,49.65,250,0,38750
HDFC30Jan202420PE.NFO,07/01/2020,10:14:53,49.1,49,250,49.5,250,0,38750
HDFC30Jan202420PE.NFO,07/01/2020,10:14:54,49.1,48.95,250,49.45,750,0,38750
HDFC30Jan202420PE.NFO,07/01/2020,10:14:55,49.1,49,250,49.55,250,0,38750
HDFC30Jan202420PE.NFO,07/01/2020,10:14:56,49.1,49,250,49.5,500,0,38750
HDFC30Jan202420PE.NFO,07/01/2020,10:14:57,49.1,48.9,250,49.45,250,0,38750
HDFC30Jan202420PE.NFO,07/01/2020,10:15:01,49.1,48.85,750,49.35,250,0,38750
HDFC30Jan202420PE.NFO,07/01/2020,10:15:02,49.1,48.95,250,49.4,250,0,38750
HDFC30Jan202420PE.NFO,07/01/2020,10:15:03,49.1,48.95,250,49.4,500,0,38750
HDFC30Jan202420PE.NFO,07/01/2020,10:15:05,49.1,48.9,250,49.4,500,0,38750
HDFC30Jan202420PE.NFO,07/01/2020,10:15:06,49.1,49,750,49.4,500,0,38750
HDFC30Jan202420PE.NFO,07/01/2020,10:15:08,49.1,48.9,250,49.4,500,0,38750
HDFC30Jan202420PE.NFO,07/01/2020,10:15:10,49.1,48.85,500,49.4,250,0,38750
HDFC30Jan202420PE.NFO,07/01/2020,10:15:11,49.1,48.85,500,49.35,250,0,38750
HDFC30Jan202420PE.NFO,07/01/2020,10:15:16,49.1,48.95,250,49.45,250,0,38750
HDFC30Jan202420PE.NFO,07/01/2020,10:15:22,49.1,48.75,500,49.3,250,0,38750
HDFC30Jan202420PE.NFO,07/01/2020,10:15:31,49.1,48.8,500,49.35,250,0,38750
HDFC30Jan202420PE.NFO,07/01/2020,10:15:36,49.1,48.9,250,49.4,500,0,38750
HDFC30Jan202420PE.NFO,07/01/2020,10:15:46,49.1,49.05,250,49.55,250,0,38750
HDFC30Jan202420PE.NFO,07/01/2020,10:15:52,49.1,49.1,250,49.6,500,0,38750
HDFC30Jan202420PE.NFO,07/01/2020,10:15:58,49.1,49,250,49.5,250,0,38750
HDFC30Jan202420PE.NFO,07/01/2020,10:16:03,49.1,49.15,250,49.7,250,0,38750
HDFC30Jan202420PE.NFO,07/01/2020,10:16:07,49.1,49.25,250,49.75,500,0,38750
HDFC30Jan202420PE.NFO,07/01/2020,10:16:17,49.1,49.15,250,49.7,250,0,38750
HDFC30Jan202420PE.NFO,07/01/2020,10:16:20,49.1,49.05,500,49.65,500,0,38750
HDFC30Jan202420PE.NFO,07/01/2020,10:16:25,49.1,49.15,250,49.65,250,0,38750
HDFC30Jan202420PE.NFO,07/01/2020,10:16:30,49.1,49.05,250,49.65,500,0,38750
HDFC30Jan202420PE.NFO,07/01/2020,10:16:35,49.1,48.9,500,49.45,250,0,38750
HDFC30Jan202420PE.NFO,07/01/2020,10:16:40,49.1,49.4,250,49.95,250,0,38750
HDFC30Jan202420PE.NFO,07/01/2020,10:16:45,49.1,49.4,250,49.9,250,0,38750
HDFC30Jan202420PE.NFO,07/01/2020,10:16:50,49.1,49.4,250,49.85,250,0,38750
HDFC30Jan202420PE.NFO,07/01/2020,10:16:54,49.1,49.1,250,49.65,250,0,38750
HDFC30Jan202420PE.NFO,07/01/2020,10:17:07,49.1,49.15,750,49.8,500,0,38750
HDFC30Jan202420PE.NFO,07/01/2020,10:17:11,49.1,49.1,500,49.65,250,0,38750
HDFC30Jan202420PE.NFO,07/01/2020,10:17:12,49.1,49.2,250,49.75,250,0,38750
HDFC30Jan202420PE.NFO,07/01/2020,10:17:25,49.1,49.05,250,49.6,500,0,38750
HDFC30Jan202420PE.NFO,07/01/2020,10:17:26,49.1,49.05,250,49.65,500,0,38750
HDFC30Jan202420PE.NFO,07/01/2020,10:17:27,49.1,49.05,250,49.6,250,0,38750
HDFC30Jan202420PE.NFO,07/01/2020,10:17:28,49.1,49.1,250,49.6,250,0,38750
HDFC30Jan202420PE.NFO,07/01/2020,10:17:29,49.1,49.1,500,49.65,250,0,38750
HDFC30Jan202420PE.NFO,07/01/2020,10:17:30,49.1,49.1,250,49.6,250,0,38750
HDFC30Jan202420PE.NFO,07/01/2020,10:17:31,49.1,49.15,250,49.7,250,0,38750
HDFC30Jan202420PE.NFO,07/01/2020,10:17:32,49.75,49.35,250,49.9,250,250,38750
HDFC30Jan202420PE.NFO,07/01/2020,10:17:33,49.75,49.35,250,50.05,250,0,39000
HDFC30Jan202420PE.NFO,07/01/2020,10:17:34,49.75,49.45,250,49.85,250,0,39000
HDFC30Jan202420PE.NFO,07/01/2020,10:17:35,49.75,49.35,250,49.8,500,0,39000
HDFC30Jan202420PE.NFO,07/01/2020,10:17:40,49.75,49.35,250,49.85,500,0,39000
HDFC30Jan202420PE.NFO,07/01/2020,10:17:49,49.75,49.45,250,50,250,0,39000
HDFC30Jan202420PE.NFO,07/01/2020,10:17:50,49.75,49.45,250,50,500,0,39000
HDFC30Jan202420PE.NFO,07/01/2020,10:17:52,49.75,49.45,250,50.05,500,0,39000
HDFC30Jan202420PE.NFO,07/01/2020,10:17:53,49.75,49.45,250,50,250,0,39000
HDFC30Jan202420PE.NFO,07/01/2020,10:17:59,49.75,49.45,250,49.95,250,0,39000
HDFC30Jan202420PE.NFO,07/01/2020,10:18:01,49.75,49.35,250,49.9,250,0,39000
HDFC30Jan202420PE.NFO,07/01/2020,10:18:02,49.75,49.45,250,49.95,250,0,39000
HDFC30Jan202420PE.NFO,07/01/2020,10:18:10,49.75,49.55,250,50,250,0,39000
HDFC30Jan202420PE.NFO,07/01/2020,10:18:11,49.75,49.55,250,50.05,750,0,39000
HDFC30Jan202420PE.NFO,07/01/2020,10:18:14,49.55,49.35,250,49.85,500,250,39000
HDFC30Jan202420PE.NFO,07/01/2020,10:18:18,49.55,49.35,250,49.85,500,0,39000
HDFC30Jan202420PE.NFO,07/01/2020,10:18:26,49.55,49.4,250,49.9,500,0,39000
HDFC30Jan202420PE.NFO,07/01/2020,10:18:30,49.55,49.35,250,49.8,500,0,39000
HDFC30Jan202420PE.NFO,07/01/2020,10:18:35,49.25,49,750,49.7,250,250,39000
HDFC30Jan202420PE.NFO,07/01/2020,10:18:41,49.25,49.5,250,50,250,0,39000
HDFC30Jan202420PE.NFO,07/01/2020,10:18:47,49.25,49.25,250,49.8,250,0,39000
HDFC30Jan202420PE.NFO,07/01/2020,10:18:51,49.25,49.4,250,49.9,500,0,39000
HDFC30Jan202420PE.NFO,07/01/2020,10:18:56,49.25,49.5,250,50.05,250,0,39000
HDFC30Jan202420PE.NFO,07/01/2020,10:19:05,49.25,49.55,250,50.05,250,0,39000
HDFC30Jan202420PE.NFO,07/01/2020,10:19:10,49.25,49.5,250,50.05,250,0,39000
HDFC30Jan202420PE.NFO,07/01/2020,10:19:14,50.7,50.4,500,51,250,2500,39000
HDFC30Jan202420PE.NFO,07/01/2020,10:19:15,51.6,51.5,250,52.2,250,750,39000
HDFC30Jan202420PE.NFO,07/01/2020,10:19:15,51.65,51.5,250,52.2,250,0,39000
HDFC30Jan202420PE.NFO,07/01/2020,10:19:16,51.6,51.55,250,52,250,0,39000
HDFC30Jan202420PE.NFO,07/01/2020,10:19:17,51.6,51.45,250,52,500,0,39000
HDFC30Jan202420PE.NFO,07/01/2020,10:19:18,51.6,51.35,250,51.85,250,0,39000
HDFC30Jan202420PE.NFO,07/01/2020,10:19:19,51.6,51.35,250,51.5,250,0,39000
HDFC30Jan202420PE.NFO,07/01/2020,10:19:21,51.35,50.95,250,51.4,250,250,39000
HDFC30Jan202420PE.NFO,07/01/2020,10:19:22,51.35,51.05,250,51.6,250,0,39000
HDFC30Jan202420PE.NFO,07/01/2020,10:19:23,51.35,51.35,250,51.85,250,0,39000
HDFC30Jan202420PE.NFO,07/01/2020,10:19:24,51.35,51.05,250,51.65,250,0,39000
HDFC30Jan202420PE.NFO,07/01/2020,10:19:25,51.35,51.05,250,51.55,250,0,39000
HDFC30Jan202420PE.NFO,07/01/2020,10:19:26,51.35,51.05,250,51.5,750,0,39000
HDFC30Jan202420PE.NFO,07/01/2020,10:19:27,51.35,50.9,250,51.4,250,0,39000
HDFC30Jan202420PE.NFO,07/01/2020,10:19:28,51.35,50.9,250,51.4,500,0,39000
HDFC30Jan202420PE.NFO,07/01/2020,10:19:30,51.35,50.65,250,51.25,750,0,39000
HDFC30Jan202420PE.NFO,07/01/2020,10:19:31,51.35,50.75,250,51.15,250,0,39000
HDFC30Jan202420PE.NFO,07/01/2020,10:19:32,51.35,50.65,250,51.1,250,0,39000
HDFC30Jan202420PE.NFO,07/01/2020,10:19:33,51.35,51.4,250,51.95,250,0,39000
HDFC30Jan202420PE.NFO,07/01/2020,10:19:34,51.35,51.45,250,52.1,250,0,39000
HDFC30Jan202420PE.NFO,07/01/2020,10:19:35,51.35,51.75,250,52.2,250,0,39000
HDFC30Jan202420PE.NFO,07/01/2020,10:19:36,51.75,51.65,250,52.2,250,250,39000
HDFC30Jan202420PE.NFO,07/01/2020,10:19:36,51.75,51.65,250,52.2,250,0,39000
HDFC30Jan202420PE.NFO,07/01/2020,10:19:37,51.75,51.65,250,52.2,250,0,39000
HDFC30Jan202420PE.NFO,07/01/2020,10:19:40,51.75,51.6,250,52.15,250,0,39000
HDFC30Jan202420PE.NFO,07/01/2020,10:19:41,52.5,52,250,52.6,500,750,39000
HDFC30Jan202420PE.NFO,07/01/2020,10:19:41,52.5,52,250,52.6,500,0,39000
HDFC30Jan202420PE.NFO,07/01/2020,10:19:42,52.5,52.1,500,52.6,500,0,39000
HDFC30Jan202420PE.NFO,07/01/2020,10:19:43,52.1,51.9,250,52.55,250,500,39000
HDFC30Jan202420PE.NFO,07/01/2020,10:19:44,52.1,51.9,250,52.5,750,0,39000
HDFC30Jan202420PE.NFO,07/01/2020,10:19:45,52.1,51.9,500,52.5,750,0,39000
HDFC30Jan202420PE.NFO,07/01/2020,10:19:46,52.1,51.9,250,52.45,250,0,39000
HDFC30Jan202420PE.NFO,07/01/2020,10:19:47,52.1,51.9,250,52.4,250,0,39000
HDFC30Jan202420PE.NFO,07/01/2020,10:19:49,52.1,51.6,250,52.25,250,0,39000
HDFC30Jan202420PE.NFO,07/01/2020,10:19:51,52.1,51.45,750,52.05,250,0,39000
HDFC30Jan202420PE.NFO,07/01/2020,10:19:51,52.1,51.1,250,51.7,750,0,39000
HDFC30Jan202420PE.NFO,07/01/2020,10:19:52,52.1,50.95,250,51.45,250,0,39000
HDFC30Jan202420PE.NFO,07/01/2020,10:19:55,52.1,50.95,500,51.45,250,0,39000
HDFC30Jan202420PE.NFO,07/01/2020,10:19:56,52.1,51,500,51.55,250,0,39000
HDFC30Jan202420PE.NFO,07/01/2020,10:19:59,52.1,51,500,51.55,1000,0,39000
HDFC30Jan202420PE.NFO,07/01/2020,10:20:00,52.1,51,500,51.5,250,0,39000
HDFC30Jan202420PE.NFO,07/01/2020,10:20:01,52.1,51.05,500,51.6,500,0,39000
HDFC30Jan202420PE.NFO,07/01/2020,10:20:02,52.1,51.1,750,51.8,500,0,39000
HDFC30Jan202420PE.NFO,07/01/2020,10:20:03,52.1,51.2,250,51.7,250,0,39000
HDFC30Jan202420PE.NFO,07/01/2020,10:20:05,51.2,50.95,250,51.2,250,250,39000
HDFC30Jan202420PE.NFO,07/01/2020,10:20:06,51.2,51,500,51.55,250,0,39000
HDFC30Jan202420PE.NFO,07/01/2020,10:20:08,51.2,51.1,1000,51.75,250,0,39000
HDFC30Jan202420PE.NFO,07/01/2020,10:20:09,51.2,51.15,500,51.75,1000,0,39000
HDFC30Jan202420PE.NFO,07/01/2020,10:20:10,51.15,51.1,500,51.65,250,500,39000
HDFC30Jan202420PE.NFO,07/01/2020,10:20:11,51.15,51.1,250,51.6,250,0,39000
HDFC30Jan202420PE.NFO,07/01/2020,10:20:12,51.15,51,500,51.55,250,0,39000
HDFC30Jan202420PE.NFO,07/01/2020,10:20:13,51.15,51,250,51.5,750,0,39000
HDFC30Jan202420PE.NFO,07/01/2020,10:20:14,51.15,50.9,250,51.35,250,0,39000
HDFC30Jan202420PE.NFO,07/01/2020,10:20:16,51.15,50.8,250,51.3,250,0,39000
HDFC30Jan202420PE.NFO,07/01/2020,10:20:17,51.15,50.85,250,51.3,250,0,39000
HDFC30Jan202420PE.NFO,07/01/2020,10:20:19,51.15,50.75,250,51.3,250,0,39000
HDFC30Jan202420PE.NFO,07/01/2020,10:20:20,51.15,50.85,250,51.3,250,0,39000
HDFC30Jan202420PE.NFO,07/01/2020,10:20:31,51.15,50.95,250,51.45,250,0,39000
HDFC30Jan202420PE.NFO,07/01/2020,10:20:34,51.15,50.95,250,51.55,250,0,39000
HDFC30Jan202420PE.NFO,07/01/2020,10:20:35,51.15,51,250,51.55,250,0,39000
HDFC30Jan202420PE.NFO,07/01/2020,10:20:36,51.15,50.8,500,51.4,250,0,39000
HDFC30Jan202420PE.NFO,07/01/2020,10:20:37,51.15,50.95,250,51.55,250,0,39000
HDFC30Jan202420PE.NFO,07/01/2020,10:20:38,51.15,51.05,250,51.55,250,0,39000
HDFC30Jan202420PE.NFO,07/01/2020,10:20:41,51.15,51.05,250,51.55,500,0,39000
HDFC30Jan202420PE.NFO,07/01/2020,10:20:43,51.15,50.95,250,51.45,250,0,39000
HDFC30Jan202420PE.NFO,07/01/2020,10:20:49,51.15,50.95,250,51.35,250,0,39000
HDFC30Jan202420PE.NFO,07/01/2020,10:20:50,51.15,50.85,250,51.25,250,0,39000
HDFC30Jan202420PE.NFO,07/01/2020,10:20:59,51.15,50.9,250,51.45,250,0,39000
HDFC30Jan202420PE.NFO,07/01/2020,10:21:00,51.15,51,250,51.5,250,0,39000
HDFC30Jan202420PE.NFO,07/01/2020,10:21:01,51.15,50.95,250,51.45,750,0,39000
HDFC30Jan202420PE.NFO,07/01/2020,10:21:03,51.15,50.8,250,51.35,1000,0,39000
HDFC30Jan202420PE.NFO,07/01/2020,10:21:05,51.15,50.65,250,51.25,750,0,39000
HDFC30Jan202420PE.NFO,07/01/2020,10:21:06,51.15,50.7,500,51.25,750,0,39000
HDFC30Jan202420PE.NFO,07/01/2020,10:21:07,51.15,51,250,51.25,250,0,39000
HDFC30Jan202420PE.NFO,07/01/2020,10:21:27,51,50.7,250,51.2,750,250,40750
HDFC30Jan202420PE.NFO,07/01/2020,10:21:29,51,50.7,250,51.2,750,0,40750
HDFC30Jan202420PE.NFO,07/01/2020,10:21:33,51,50.7,250,51.2,1000,0,40750
HDFC30Jan202420PE.NFO,07/01/2020,10:21:34,51,50.7,250,51.1,750,0,40750
HDFC30Jan202420PE.NFO,07/01/2020,10:21:37,51,50.7,250,51.05,500,0,40750
HDFC30Jan202420PE.NFO,07/01/2020,10:21:50,50.75,50.65,500,51.2,250,500,40750
HDFC30Jan202420PE.NFO,07/01/2020,10:21:51,50.75,50.65,500,51.2,250,0,40750
HDFC30Jan202420PE.NFO,07/01/2020,10:21:57,50.75,50.65,750,51.2,250,0,40750
HDFC30Jan202420PE.NFO,07/01/2020,10:21:58,50.75,50.65,500,51.1,250,0,40750
HDFC30Jan202420PE.NFO,07/01/2020,10:22:00,50.75,50.65,500,51.15,500,0,40750
HDFC30Jan202420PE.NFO,07/01/2020,10:22:04,50.75,50.65,250,51.15,500,0,40750
HDFC30Jan202420PE.NFO,07/01/2020,10:22:06,50.75,50.7,500,51.25,250,0,40750
HDFC30Jan202420PE.NFO,07/01/2020,10:22:08,50.75,50.8,500,51.4,250,0,40750
HDFC30Jan202420PE.NFO,07/01/2020,10:22:09,50.75,50.85,750,51.45,500,0,40750
HDFC30Jan202420PE.NFO,07/01/2020,10:22:12,50.75,50.85,500,51.45,500,0,40750
HDFC30Jan202420PE.NFO,07/01/2020,10:22:16,50.75,50.7,500,51.25,500,0,40750
HDFC30Jan202420PE.NFO,07/01/2020,10:22:22,50.75,50.7,500,51.15,250,0,40750
HDFC30Jan202420PE.NFO,07/01/2020,10:22:35,50.75,50.85,250,51.4,250,0,40750
HDFC30Jan202420PE.NFO,07/01/2020,10:22:37,50.75,51,250,51.5,250,0,40750
HDFC30Jan202420PE.NFO,07/01/2020,10:22:40,50.75,51,250,51.4,250,0,40750
HDFC30Jan202420PE.NFO,07/01/2020,10:22:45,51.65,51.85,250,52.35,1000,1000,40750
HDFC30Jan202420PE.NFO,07/01/2020,10:22:51,52.35,52.3,250,52.8,250,250,40750
HDFC30Jan202420PE.NFO,07/01/2020,10:22:56,52.35,52.3,250,52.9,250,0,40750
HDFC30Jan202420PE.NFO,07/01/2020,10:23:00,52.4,51.6,250,52.1,250,250,40750
HDFC30Jan202420PE.NFO,07/01/2020,10:23:06,52.4,51.75,500,52.2,250,0,40750
HDFC30Jan202420PE.NFO,07/01/2020,10:23:10,52.4,51.85,250,52.25,1000,0,40750
HDFC30Jan202420PE.NFO,07/01/2020,10:23:13,52.4,51.95,250,52.35,500,0,40750
HDFC30Jan202420PE.NFO,07/01/2020,10:23:13,52.4,51.95,250,52.35,250,0,40750
HDFC30Jan202420PE.NFO,07/01/2020,10:23:15,52.4,51.9,500,52.45,500,0,40750
HDFC30Jan202420PE.NFO,07/01/2020,10:23:16,52.4,51.9,500,52.45,250,0,40750
HDFC30Jan202420PE.NFO,07/01/2020,10:23:19,52.4,52.15,500,52.7,250,0,40750
HDFC30Jan202420PE.NFO,07/01/2020,10:23:20,52.4,52.05,250,52.6,250,0,40750
HDFC30Jan202420PE.NFO,07/01/2020,10:23:22,52.4,52,500,52.55,500,0,40750
HDFC30Jan202420PE.NFO,07/01/2020,10:23:22,52.4,52,500,52.5,500,0,40750
HDFC30Jan202420PE.NFO,07/01/2020,10:23:23,52.4,51.95,250,52.35,500,0,40750
HDFC30Jan202420PE.NFO,07/01/2020,10:23:25,52.4,51.85,250,52.25,500,0,40750
HDFC30Jan202420PE.NFO,07/01/2020,10:23:28,52.4,51.9,250,52.25,500,0,40750
HDFC30Jan202420PE.NFO,07/01/2020,10:23:29,52.25,52.1,500,52.7,250,250,40750
HDFC30Jan202420PE.NFO,07/01/2020,10:23:30,52.25,52.15,500,52.75,250,0,41750
HDFC30Jan202420PE.NFO,07/01/2020,10:23:31,52.25,52.2,500,52.75,250,0,41750
HDFC30Jan202420PE.NFO,07/01/2020,10:23:32,52.25,52.25,750,52.8,250,0,41750
HDFC30Jan202420PE.NFO,07/01/2020,10:23:33,52.25,52.35,250,52.9,250,0,41750
HDFC30Jan202420PE.NFO,07/01/2020,10:23:34,52.25,52.45,250,52.9,250,0,41750
HDFC30Jan202420PE.NFO,07/01/2020,10:23:37,52.25,52.85,250,53.3,250,0,41750
HDFC30Jan202420PE.NFO,07/01/2020,10:23:37,52.25,52.9,250,53.3,250,0,41750
HDFC30Jan202420PE.NFO,07/01/2020,10:23:38,52.25,52.8,500,53.25,250,0,41750
HDFC30Jan202420PE.NFO,07/01/2020,10:23:39,52.25,53.25,500,53.65,250,0,41750
HDFC30Jan202420PE.NFO,07/01/2020,10:23:40,52.25,53.25,500,53.65,500,0,41750
HDFC30Jan202420PE.NFO,07/01/2020,10:23:41,52.25,53.3,250,53.8,250,0,41750
HDFC30Jan202420PE.NFO,07/01/2020,10:23:42,52.25,53.25,250,53.75,250,0,41750
HDFC30Jan202420PE.NFO,07/01/2020,10:23:44,52.25,53.2,250,53.65,250,0,41750
HDFC30Jan202420PE.NFO,07/01/2020,10:23:44,52.25,53.2,250,53.7,250,0,41750
HDFC30Jan202420PE.NFO,07/01/2020,10:23:45,52.25,52.95,750,53.55,500,0,41750
HDFC30Jan202420PE.NFO,07/01/2020,10:23:46,52.25,53,250,53.5,250,0,41750
HDFC30Jan202420PE.NFO,07/01/2020,10:23:47,52.25,52.95,500,53.45,250,0,41750
HDFC30Jan202420PE.NFO,07/01/2020,10:23:48,52.25,53.05,250,53.55,250,0,41750
HDFC30Jan202420PE.NFO,07/01/2020,10:23:49,52.25,53.05,250,53.5,250,0,41750
HDFC30Jan202420PE.NFO,07/01/2020,10:23:50,52.25,53.15,250,53.6,250,0,41750
HDFC30Jan202420PE.NFO,07/01/2020,10:23:52,52.25,53.2,250,53.65,250,0,41750
HDFC30Jan202420PE.NFO,07/01/2020,10:23:53,53,52.9,500,53.6,500,750,41750
HDFC30Jan202420PE.NFO,07/01/2020,10:23:53,53.25,52.9,500,53.6,500,0,41750
HDFC30Jan202420PE.NFO,07/01/2020,10:23:53,53,53,250,53.55,250,0,41750
HDFC30Jan202420PE.NFO,07/01/2020,10:23:54,53,53.1,250,53.65,250,0,41750
HDFC30Jan202420PE.NFO,07/01/2020,10:23:55,53,53.1,250,53.6,250,0,41750
HDFC30Jan202420PE.NFO,07/01/2020,10:23:56,53,53.1,500,53.65,250,0,41750
HDFC30Jan202420PE.NFO,07/01/2020,10:23:57,53,53.1,500,53.6,250,0,41750
HDFC30Jan202420PE.NFO,07/01/2020,10:23:58,53,53.1,500,53.65,250,0,41750
HDFC30Jan202420PE.NFO,07/01/2020,10:23:59,53,53.1,500,53.6,250,0,41750
HDFC30Jan202420PE.NFO,07/01/2020,10:24:01,53,53.1,500,53.65,250,0,41750
HDFC30Jan202420PE.NFO,07/01/2020,10:24:03,53,52.95,250,53.5,250,0,41750
HDFC30Jan202420PE.NFO,07/01/2020,10:24:03,53,53,500,53.5,250,0,41750
HDFC30Jan202420PE.NFO,07/01/2020,10:24:04,53,53,250,53.45,250,0,41750
HDFC30Jan202420PE.NFO,07/01/2020,10:24:05,53,52.9,250,53.3,250,0,41750
HDFC30Jan202420PE.NFO,07/01/2020,10:24:06,53.3,53.4,250,54.15,250,250,41750
HDFC30Jan202420PE.NFO,07/01/2020,10:24:06,53.3,53.4,250,54.15,250,0,41750
HDFC30Jan202420PE.NFO,07/01/2020,10:24:07,53.3,53.35,500,54.15,250,0,41750
HDFC30Jan202420PE.NFO,07/01/2020,10:24:08,53.3,53.55,250,54.15,250,0,41750
HDFC30Jan202420PE.NFO,07/01/2020,10:24:09,53.3,53.65,250,54.15,250,0,41750
HDFC30Jan202420PE.NFO,07/01/2020,10:24:10,53.3,53.65,500,54.15,250,0,41750
HDFC30Jan202420PE.NFO,07/01/2020,10:24:11,53.3,53.8,250,54.2,250,0,41750
HDFC30Jan202420PE.NFO,07/01/2020,10:24:13,53.3,54.15,500,54.7,250,0,41750
HDFC30Jan202420PE.NFO,07/01/2020,10:24:14,53.3,54.3,250,54.9,500,0,41750
HDFC30Jan202420PE.NFO,07/01/2020,10:24:18,53.3,54.2,250,54.8,250,0,41750
HDFC30Jan202420PE.NFO,07/01/2020,10:24:19,53.3,54.2,250,54.8,500,0,41750
HDFC30Jan202420PE.NFO,07/01/2020,10:24:20,53.3,54.2,250,54.75,250,0,41750
HDFC30Jan202420PE.NFO,07/01/2020,10:24:21,53.3,54.05,250,54.7,500,0,41750
HDFC30Jan202420PE.NFO,07/01/2020,10:24:22,53.3,54,1000,54.55,250,0,41750
HDFC30Jan202420PE.NFO,07/01/2020,10:24:23,53.3,54,500,54.55,250,0,41750
HDFC30Jan202420PE.NFO,07/01/2020,10:24:24,53.3,54,500,54.5,250,0,41750
HDFC30Jan202420PE.NFO,07/01/2020,10:24:25,53.3,54,500,54.45,250,0,41750
HDFC30Jan202420PE.NFO,07/01/2020,10:24:27,53.3,54,250,54.45,250,0,41750
HDFC30Jan202420PE.NFO,07/01/2020,10:24:29,54,53.85,500,54.4,250,250,41750
HDFC30Jan202420PE.NFO,07/01/2020,10:24:29,54,53.85,500,54.4,250,0,41750
HDFC30Jan202420PE.NFO,07/01/2020,10:24:30,54,53.85,250,54.4,250,0,41750
HDFC30Jan202420PE.NFO,07/01/2020,10:24:34,54,53.7,250,54.2,250,0,41750
HDFC30Jan202420PE.NFO,07/01/2020,10:24:34,53.7,53.3,250,53.85,250,250,41750
HDFC30Jan202420PE.NFO,07/01/2020,10:24:36,53.7,53.25,250,53.8,250,0,41750
HDFC30Jan202420PE.NFO,07/01/2020,10:24:38,53.7,53.3,750,53.85,250,0,41750
HDFC30Jan202420PE.NFO,07/01/2020,10:24:40,53.7,53.4,500,54,250,0,41750
HDFC30Jan202420PE.NFO,07/01/2020,10:24:41,53.7,53.4,750,53.9,250,0,41750
HDFC30Jan202420PE.NFO,07/01/2020,10:24:42,53.7,53.5,250,54.05,250,0,41750
HDFC30Jan202420PE.NFO,07/01/2020,10:24:43,53.7,53.4,250,53.95,250,0,41750
HDFC30Jan202420PE.NFO,07/01/2020,10:24:44,53.7,53.65,250,54.15,250,0,41750
HDFC30Jan202420PE.NFO,07/01/2020,10:24:46,53.7,53.55,250,54.05,250,0,41750
HDFC30Jan202420PE.NFO,07/01/2020,10:24:48,53.7,53.55,750,54.2,250,0,41750
HDFC30Jan202420PE.NFO,07/01/2020,10:24:49,53.7,53.4,250,54.05,500,0,41750
HDFC30Jan202420PE.NFO,07/01/2020,10:24:50,53.7,53.4,500,54.05,750,0,41750
HDFC30Jan202420PE.NFO,07/01/2020,10:24:51,53.7,53.45,500,54.05,750,0,41750
HDFC30Jan202420PE.NFO,07/01/2020,10:24:54,53.7,53.55,500,54.05,250,0,41750
