Ticker,Date,Time,LTP,BuyPrice,BuyQty,SellPrice,SellQty,LTQ,OpenInterest
HDFC30Jan202420CE.NFO,07/01/2020,09:15:24,49.95,51.6,250,52.8,250,2750,57000
HDFC30Jan202420CE.NFO,07/01/2020,09:15:24,51.85,51.6,250,52.8,250,0,57000
HDFC30Jan202420CE.NFO,07/01/2020,09:15:24,51.85,51.6,250,52.8,250,0,57000
HDFC30Jan202420CE.NFO,07/01/2020,09:15:24,49.9,51.6,250,52.8,250,0,57000
HDFC30Jan202420CE.NFO,07/01/2020,09:15:34,51.15,49.2,750,52.8,250,250,57000
HDFC30Jan202420CE.NFO,07/01/2020,09:15:44,52.8,51.85,250,52.8,250,750,57000
HDFC30Jan202420CE.NFO,07/01/2020,09:15:44,52.8,51.85,250,52.8,250,0,57000
HDFC30Jan202420CE.NFO,07/01/2020,09:15:44,49.5,51.85,250,52.8,250,0,57000
HDFC30Jan202420CE.NFO,07/01/2020,09:15:55,53,51.9,250,53.5,250,1000,57000
HDFC30Jan202420CE.NFO,07/01/2020,09:15:55,53,51.9,250,53.5,250,0,57000
HDFC30Jan202420CE.NFO,07/01/2020,09:16:05,52.35,50.7,500,53.25,250,2500,57000
HDFC30Jan202420CE.NFO,07/01/2020,09:16:17,54.25,53.85,500,55.1,250,5000,57000
HDFC30Jan202420CE.NFO,07/01/2020,09:16:17,55.1,53.85,500,55.1,250,0,57000
HDFC30Jan202420CE.NFO,07/01/2020,09:16:28,54.6,55.75,250,56.65,500,500,57000
HDFC30Jan202420CE.NFO,07/01/2020,09:16:39,53,52.25,750,53.7,250,3500,57000
HDFC30Jan202420CE.NFO,07/01/2020,09:16:39,56.65,52.25,750,53.7,250,0,57000
HDFC30Jan202420CE.NFO,07/01/2020,09:16:50,53.95,53.95,500,54.8,250,500,57000
HDFC30Jan202420CE.NFO,07/01/2020,09:17:00,54.65,55.4,250,56,250,250,57000
HDFC30Jan202420CE.NFO,07/01/2020,09:17:10,54.95,54.05,250,54.55,250,1000,57000
HDFC30Jan202420CE.NFO,07/01/2020,09:17:19,53.95,54.55,250,55.25,250,2750,60250
HDFC30Jan202420CE.NFO,07/01/2020,09:17:29,53.7,53.05,250,53.75,250,500,60250
HDFC30Jan202420CE.NFO,07/01/2020,09:17:39,54.55,54.1,500,54.35,2500,2000,60250
HDFC30Jan202420CE.NFO,07/01/2020,09:17:48,54.85,54.8,750,55.4,1500,1250,60250
HDFC30Jan202420CE.NFO,07/01/2020,09:17:58,56.3,55.95,250,56.6,1000,1000,60250
HDFC30Jan202420CE.NFO,07/01/2020,09:18:06,56.45,56.45,250,57.05,500,1000,60250
HDFC30Jan202420CE.NFO,07/01/2020,09:18:12,56.1,55.7,250,56.45,500,1250,60250
HDFC30Jan202420CE.NFO,07/01/2020,09:18:13,56.1,55.7,250,56.45,750,0,60250
HDFC30Jan202420CE.NFO,07/01/2020,09:18:14,56.1,55.25,250,55.8,250,0,60250
HDFC30Jan202420CE.NFO,07/01/2020,09:18:15,55.8,55.1,250,55.65,250,250,60250
HDFC30Jan202420CE.NFO,07/01/2020,09:18:16,55.8,55.5,250,56.15,250,0,60250
HDFC30Jan202420CE.NFO,07/01/2020,09:18:17,55.8,55.5,250,56.05,250,0,60250
HDFC30Jan202420CE.NFO,07/01/2020,09:18:19,55.8,55.5,250,55.95,250,0,60250
HDFC30Jan202420CE.NFO,07/01/2020,09:18:20,55.8,55.35,250,55.95,250,0,60250
HDFC30Jan202420CE.NFO,07/01/2020,09:18:21,55.8,55.35,250,55.8,250,0,60250
HDFC30Jan202420CE.NFO,07/01/2020,09:18:22,56,55.35,250,55.9,250,250,60250
HDFC30Jan202420CE.NFO,07/01/2020,09:18:24,56,55.25,250,55.85,250,0,60250
HDFC30Jan202420CE.NFO,07/01/2020,09:18:24,56,55.25,500,55.85,250,0,60250
HDFC30Jan202420CE.NFO,07/01/2020,09:18:25,56,55.45,250,56.25,500,0,60250
HDFC30Jan202420CE.NFO,07/01/2020,09:18:26,56,55.45,250,56.25,750,0,60250
HDFC30Jan202420CE.NFO,07/01/2020,09:18:27,56,55.55,250,56.25,750,0,60250
HDFC30Jan202420CE.NFO,07/01/2020,09:18:30,56,55.6,250,56.15,250,500,60250
HDFC30Jan202420CE.NFO,07/01/2020,09:18:31,55.55,54.75,250,55.65,500,250,60250
HDFC30Jan202420CE.NFO,07/01/2020,09:18:32,55.55,55,500,55.7,250,0,60250
HDFC30Jan202420CE.NFO,07/01/2020,09:18:33,55.55,55.05,250,55.6,250,0,60250
HDFC30Jan202420CE.NFO,07/01/2020,09:18:34,55.55,55.05,250,55.65,250,0,60250
HDFC30Jan202420CE.NFO,07/01/2020,09:18:36,55.55,55.05,750,55.8,750,0,60250
HDFC30Jan202420CE.NFO,07/01/2020,09:18:40,55.8,55.05,750,55.8,500,250,60250
HDFC30Jan202420CE.NFO,07/01/2020,09:18:41,55.8,55.05,750,55.8,500,0,60250
HDFC30Jan202420CE.NFO,07/01/2020,09:18:43,55.8,55.8,500,56.5,250,750,60250
HDFC30Jan202420CE.NFO,07/01/2020,09:18:44,55.8,56,250,56.5,250,0,60250
HDFC30Jan202420CE.NFO,07/01/2020,09:18:46,55.8,56.1,250,56.75,250,0,60250
HDFC30Jan202420CE.NFO,07/01/2020,09:18:46,56.1,56,250,56.75,500,250,60250
HDFC30Jan202420CE.NFO,07/01/2020,09:18:47,56.1,55.85,250,56.4,250,0,60250
HDFC30Jan202420CE.NFO,07/01/2020,09:18:48,56.1,55.95,250,56.45,250,0,60250
HDFC30Jan202420CE.NFO,07/01/2020,09:18:49,56.1,55.9,500,56.45,250,0,60250
HDFC30Jan202420CE.NFO,07/01/2020,09:18:50,56.1,55.65,250,56.2,250,0,60250
HDFC30Jan202420CE.NFO,07/01/2020,09:18:51,56.1,55.8,250,56.5,250,0,60250
HDFC30Jan202420CE.NFO,07/01/2020,09:18:52,56,55.8,250,56.15,250,750,60250
HDFC30Jan202420CE.NFO,07/01/2020,09:18:53,56,55.8,250,56,250,0,60250
HDFC30Jan202420CE.NFO,07/01/2020,09:18:54,55.8,55.5,250,55.9,250,250,60250
HDFC30Jan202420CE.NFO,07/01/2020,09:18:55,55.8,55.2,250,55.8,250,0,60250
HDFC30Jan202420CE.NFO,07/01/2020,09:18:56,55.8,55.35,250,55.8,250,0,60250
HDFC30Jan202420CE.NFO,07/01/2020,09:18:57,55.8,55.35,250,55.9,250,0,60250
HDFC30Jan202420CE.NFO,07/01/2020,09:18:58,55.8,55.45,250,56.1,500,0,60250
HDFC30Jan202420CE.NFO,07/01/2020,09:19:00,55.8,55.7,250,56.3,250,0,60250
HDFC30Jan202420CE.NFO,07/01/2020,09:19:00,55.8,55.7,250,56.25,250,0,60250
HDFC30Jan202420CE.NFO,07/01/2020,09:19:01,55.8,55.7,250,56.2,250,0,60250
HDFC30Jan202420CE.NFO,07/01/2020,09:19:02,55.8,55.8,250,56.3,500,0,60250
HDFC30Jan202420CE.NFO,07/01/2020,09:19:03,55.8,55.7,250,56.3,250,0,60250
HDFC30Jan202420CE.NFO,07/01/2020,09:19:04,55.8,55.8,250,56.35,250,0,60250
HDFC30Jan202420CE.NFO,07/01/2020,09:19:05,55.8,55.65,500,56.25,250,0,60250
HDFC30Jan202420CE.NFO,07/01/2020,09:19:06,55.8,55.8,500,56.35,500,0,60250
HDFC30Jan202420CE.NFO,07/01/2020,09:19:07,55.8,55.55,250,56.2,500,0,60250
HDFC30Jan202420CE.NFO,07/01/2020,09:19:08,55.55,55.75,750,56.3,250,250,60250
HDFC30Jan202420CE.NFO,07/01/2020,09:19:09,55.55,56.05,250,56.5,250,0,60250
HDFC30Jan202420CE.NFO,07/01/2020,09:19:10,55.55,56.05,250,56.6,250,0,60250
HDFC30Jan202420CE.NFO,07/01/2020,09:19:12,55.55,56.1,250,56.75,250,0,60250
HDFC30Jan202420CE.NFO,07/01/2020,09:19:12,55.55,56.15,250,56.75,250,0,60250
HDFC30Jan202420CE.NFO,07/01/2020,09:19:13,56.35,56.4,250,56.8,250,750,60250
HDFC30Jan202420CE.NFO,07/01/2020,09:19:13,56.75,56.4,250,56.8,250,0,60250
HDFC30Jan202420CE.NFO,07/01/2020,09:19:14,56.8,56.35,250,56.9,500,250,60250
HDFC30Jan202420CE.NFO,07/01/2020,09:19:14,56.8,56.35,250,56.9,500,0,60250
HDFC30Jan202420CE.NFO,07/01/2020,09:19:16,56.8,56.35,250,56.85,500,0,60250
HDFC30Jan202420CE.NFO,07/01/2020,09:19:17,56.8,56.35,250,56.85,250,0,60250
HDFC30Jan202420CE.NFO,07/01/2020,09:19:18,56.8,56.3,500,56.85,250,0,60250
HDFC30Jan202420CE.NFO,07/01/2020,09:19:19,56.8,56.3,750,56.85,250,0,60250
HDFC30Jan202420CE.NFO,07/01/2020,09:19:20,56.8,56.5,250,56.9,250,0,60250
HDFC30Jan202420CE.NFO,07/01/2020,09:19:21,56.8,56.5,250,57.05,250,0,60250
HDFC30Jan202420CE.NFO,07/01/2020,09:19:23,56.8,56.45,500,57.05,500,0,60250
HDFC30Jan202420CE.NFO,07/01/2020,09:19:24,56.8,56.55,250,57,250,0,60250
HDFC30Jan202420CE.NFO,07/01/2020,09:19:25,56.8,56.65,250,57.2,500,0,60250
HDFC30Jan202420CE.NFO,07/01/2020,09:19:26,56.8,56.65,250,57.05,250,0,60250
HDFC30Jan202420CE.NFO,07/01/2020,09:19:27,56.65,56.2,250,56.75,500,250,60250
HDFC30Jan202420CE.NFO,07/01/2020,09:19:28,56.65,56.15,250,56.7,500,0,60250
HDFC30Jan202420CE.NFO,07/01/2020,09:19:29,56.65,56.2,250,56.7,250,0,60250
HDFC30Jan202420CE.NFO,07/01/2020,09:19:30,56.2,55.05,250,56.05,250,1750,60250
HDFC30Jan202420CE.NFO,07/01/2020,09:19:30,57.25,55.05,250,56.05,250,0,60250
HDFC30Jan202420CE.NFO,07/01/2020,09:19:31,56.2,55,750,55.65,500,0,60250
HDFC30Jan202420CE.NFO,07/01/2020,09:19:32,55.1,55,750,55.4,250,250,60250
HDFC30Jan202420CE.NFO,07/01/2020,09:19:34,55,54.55,250,55.1,250,750,60250
HDFC30Jan202420CE.NFO,07/01/2020,09:19:34,54.9,54.4,250,54.95,250,250,60250
HDFC30Jan202420CE.NFO,07/01/2020,09:19:35,54.9,54.8,250,55,500,0,60250
HDFC30Jan202420CE.NFO,07/01/2020,09:19:36,54.9,54.45,250,55,750,0,60250
HDFC30Jan202420CE.NFO,07/01/2020,09:19:37,54.45,53.1,500,53.9,500,250,60250
HDFC30Jan202420CE.NFO,07/01/2020,09:19:38,54.45,53.4,250,54,250,0,60250
HDFC30Jan202420CE.NFO,07/01/2020,09:19:39,54.45,53.4,250,53.9,250,0,60250
HDFC30Jan202420CE.NFO,07/01/2020,09:19:40,53.9,53.2,750,53.9,250,250,60250
HDFC30Jan202420CE.NFO,07/01/2020,09:19:42,53.8,53.2,500,53.75,750,250,60250
HDFC30Jan202420CE.NFO,07/01/2020,09:19:42,53.8,53.3,500,53.85,250,0,60250
HDFC30Jan202420CE.NFO,07/01/2020,09:19:43,53.8,53.3,250,53.65,250,0,60250
HDFC30Jan202420CE.NFO,07/01/2020,09:19:44,53.8,53.3,250,53.75,500,0,60250
HDFC30Jan202420CE.NFO,07/01/2020,09:19:45,53.8,53.3,250,53.7,750,0,60250
HDFC30Jan202420CE.NFO,07/01/2020,09:19:46,53.8,53.3,250,53.75,250,0,60250
HDFC30Jan202420CE.NFO,07/01/2020,09:19:47,53.8,52.75,250,53.4,750,0,60250
HDFC30Jan202420CE.NFO,07/01/2020,09:19:48,53.8,52.75,250,53.4,500,0,60250
HDFC30Jan202420CE.NFO,07/01/2020,09:19:50,53.8,52.75,250,53.4,250,0,60250
HDFC30Jan202420CE.NFO,07/01/2020,09:19:51,53.8,52.9,250,53.45,250,0,60250
HDFC30Jan202420CE.NFO,07/01/2020,09:19:52,53.8,52.9,250,53.4,250,0,60250
HDFC30Jan202420CE.NFO,07/01/2020,09:19:53,53.8,53.35,250,53.9,250,0,60250
HDFC30Jan202420CE.NFO,07/01/2020,09:19:54,53.8,53.45,250,53.95,250,0,60250
HDFC30Jan202420CE.NFO,07/01/2020,09:19:55,53.8,53.3,250,53.7,250,0,60250
HDFC30Jan202420CE.NFO,07/01/2020,09:19:57,53.8,53.25,250,53.65,250,0,60250
HDFC30Jan202420CE.NFO,07/01/2020,09:19:58,53.8,53.35,250,53.65,250,0,60250
HDFC30Jan202420CE.NFO,07/01/2020,09:19:59,53.8,53.5,250,53.65,250,0,60250
HDFC30Jan202420CE.NFO,07/01/2020,09:20:00,53.45,53.2,250,53.75,250,250,60250
HDFC30Jan202420CE.NFO,07/01/2020,09:20:01,53.45,53.1,250,53.55,250,0,60250
HDFC30Jan202420CE.NFO,07/01/2020,09:20:02,53.9,53.6,250,54.2,250,250,60250
HDFC30Jan202420CE.NFO,07/01/2020,09:20:05,53.9,53.75,500,54.1,250,0,60250
HDFC30Jan202420CE.NFO,07/01/2020,09:20:05,54.1,53.75,500,54.3,500,250,60250
HDFC30Jan202420CE.NFO,07/01/2020,09:20:06,54.1,53.8,250,54.3,250,0,60250
HDFC30Jan202420CE.NFO,07/01/2020,09:20:07,54.1,53.9,250,54.4,250,0,60250
HDFC30Jan202420CE.NFO,07/01/2020,09:20:08,54.1,54.05,250,54.45,250,0,60250
HDFC30Jan202420CE.NFO,07/01/2020,09:20:10,54.1,53.9,500,54.45,250,0,60250
HDFC30Jan202420CE.NFO,07/01/2020,09:20:12,54.1,53.9,500,54.4,250,0,60250
HDFC30Jan202420CE.NFO,07/01/2020,09:20:13,54.1,54.1,250,54.45,250,0,60250
HDFC30Jan202420CE.NFO,07/01/2020,09:20:14,54.1,54.25,250,54.85,1000,250,61000
HDFC30Jan202420CE.NFO,07/01/2020,09:20:15,54.1,54.25,250,54.7,500,0,61000
HDFC30Jan202420CE.NFO,07/01/2020,09:20:16,54.75,54.75,250,55.05,250,750,61000
HDFC30Jan202420CE.NFO,07/01/2020,09:20:17,54.75,54.75,250,55.15,250,0,61000
HDFC30Jan202420CE.NFO,07/01/2020,09:20:19,54.75,54.6,250,54.9,250,0,61000
HDFC30Jan202420CE.NFO,07/01/2020,09:20:19,54.75,54.5,500,54.95,250,0,61000
HDFC30Jan202420CE.NFO,07/01/2020,09:20:20,54.75,54.6,250,55,250,0,61000
HDFC30Jan202420CE.NFO,07/01/2020,09:20:21,55.1,54.7,250,55.25,500,250,61000
HDFC30Jan202420CE.NFO,07/01/2020,09:20:22,54.65,54.2,250,54.65,250,250,61000
HDFC30Jan202420CE.NFO,07/01/2020,09:20:23,54.65,54.3,250,54.8,750,0,61000
HDFC30Jan202420CE.NFO,07/01/2020,09:20:24,54.75,54.35,250,55.05,750,500,61000
HDFC30Jan202420CE.NFO,07/01/2020,09:20:25,54.75,54.4,250,54.95,250,0,61000
HDFC30Jan202420CE.NFO,07/01/2020,09:20:26,54.75,54.45,500,54.95,250,0,61000
HDFC30Jan202420CE.NFO,07/01/2020,09:20:28,55,54.9,250,55.35,250,500,61000
HDFC30Jan202420CE.NFO,07/01/2020,09:20:28,55,54.9,250,55.35,250,0,61000
HDFC30Jan202420CE.NFO,07/01/2020,09:20:29,55,54.65,250,55.15,250,0,61000
HDFC30Jan202420CE.NFO,07/01/2020,09:20:30,55,54.65,250,55.2,250,0,61000
HDFC30Jan202420CE.NFO,07/01/2020,09:20:31,55,54.75,250,55,500,0,61000
HDFC30Jan202420CE.NFO,07/01/2020,09:20:32,55,54.85,500,55.55,1000,500,61000
HDFC30Jan202420CE.NFO,07/01/2020,09:20:33,55,55.1,250,55.7,250,0,61000
HDFC30Jan202420CE.NFO,07/01/2020,09:20:34,55,55.25,500,55.8,500,0,61000
HDFC30Jan202420CE.NFO,07/01/2020,09:20:35,55,55.55,250,56,750,0,61000
HDFC30Jan202420CE.NFO,07/01/2020,09:20:37,55,55.7,250,56.2,250,0,61000
HDFC30Jan202420CE.NFO,07/01/2020,09:20:38,55,55,250,55.55,250,0,61000
HDFC30Jan202420CE.NFO,07/01/2020,09:20:39,55,55,250,55.35,250,0,61000
HDFC30Jan202420CE.NFO,07/01/2020,09:20:40,55.5,55.1,250,55.5,500,250,61000
HDFC30Jan202420CE.NFO,07/01/2020,09:20:41,55.5,55.05,250,55.65,750,0,61000
HDFC30Jan202420CE.NFO,07/01/2020,09:20:42,55.4,55.2,250,55.65,250,250,61000
HDFC30Jan202420CE.NFO,07/01/2020,09:20:43,55.4,55.1,250,55.5,250,0,61000
HDFC30Jan202420CE.NFO,07/01/2020,09:20:47,55.4,55.15,250,55.55,250,0,61000
HDFC30Jan202420CE.NFO,07/01/2020,09:20:48,55.4,54.4,250,55.25,500,0,61000
HDFC30Jan202420CE.NFO,07/01/2020,09:20:49,55.4,54.8,500,55.25,500,0,61000
HDFC30Jan202420CE.NFO,07/01/2020,09:20:50,55.4,54.95,250,55.65,250,0,61000
HDFC30Jan202420CE.NFO,07/01/2020,09:20:51,55.4,55,250,55.5,250,0,61000
HDFC30Jan202420CE.NFO,07/01/2020,09:20:52,55.4,55,250,55.45,500,0,61000
HDFC30Jan202420CE.NFO,07/01/2020,09:20:53,55.4,55,500,55.45,500,0,61000
HDFC30Jan202420CE.NFO,07/01/2020,09:20:54,55.4,55.1,250,55.45,250,0,61000
HDFC30Jan202420CE.NFO,07/01/2020,09:20:55,55.4,55.1,250,55.4,250,0,61000
HDFC30Jan202420CE.NFO,07/01/2020,09:20:59,55.4,55.15,750,55.45,250,0,61000
HDFC30Jan202420CE.NFO,07/01/2020,09:21:00,55.4,55.15,750,55.65,750,0,61000
HDFC30Jan202420CE.NFO,07/01/2020,09:21:01,54.25,53.75,250,54.55,250,2500,61000
HDFC30Jan202420CE.NFO,07/01/2020,09:21:02,54.25,53.7,250,54.1,250,0,61000
HDFC30Jan202420CE.NFO,07/01/2020,09:21:03,53.95,53.7,250,53.95,250,250,61000
HDFC30Jan202420CE.NFO,07/01/2020,09:21:04,53.95,53.7,250,54.05,250,0,61000
HDFC30Jan202420CE.NFO,07/01/2020,09:21:06,53.7,53.4,250,53.8,250,250,61000
HDFC30Jan202420CE.NFO,07/01/2020,09:21:07,53.7,53.4,250,53.8,250,0,61000
HDFC30Jan202420CE.NFO,07/01/2020,09:21:08,53.7,53.4,250,53.9,250,0,61000
HDFC30Jan202420CE.NFO,07/01/2020,09:21:10,53.95,53.6,250,54.05,750,250,61000
HDFC30Jan202420CE.NFO,07/01/2020,09:21:11,53.95,53.6,250,54.05,750,0,61000
HDFC30Jan202420CE.NFO,07/01/2020,09:21:14,54.05,53.9,250,54.5,250,500,61000
HDFC30Jan202420CE.NFO,07/01/2020,09:21:15,54.05,54,250,54.55,250,0,61000
HDFC30Jan202420CE.NFO,07/01/2020,09:21:17,54.05,54,250,54.65,250,0,61000
HDFC30Jan202420CE.NFO,07/01/2020,09:21:20,54.55,54.3,250,54.7,250,250,61000
HDFC30Jan202420CE.NFO,07/01/2020,09:21:21,54.35,54.1,250,54.7,250,250,61000
HDFC30Jan202420CE.NFO,07/01/2020,09:21:22,54.35,54.2,250,54.85,500,0,61000
HDFC30Jan202420CE.NFO,07/01/2020,09:21:23,54.35,54.55,250,54.8,250,0,61000
HDFC30Jan202420CE.NFO,07/01/2020,09:21:25,54.35,54.55,250,54.75,500,0,61000
HDFC30Jan202420CE.NFO,07/01/2020,09:21:27,54.35,54.55,250,54.75,250,0,61000
HDFC30Jan202420CE.NFO,07/01/2020,09:21:27,54.35,54.55,250,54.8,250,0,61000
HDFC30Jan202420CE.NFO,07/01/2020,09:21:30,54.35,54.55,250,55.1,500,0,61000
HDFC30Jan202420CE.NFO,07/01/2020,09:21:31,54.35,54.55,250,54.9,500,0,61000
HDFC30Jan202420CE.NFO,07/01/2020,09:21:32,54.35,54.55,250,54.85,250,0,61000
HDFC30Jan202420CE.NFO,07/01/2020,09:21:33,54.35,54.6,250,54.9,250,0,61000
HDFC30Jan202420CE.NFO,07/01/2020,09:21:35,54.9,54.8,250,55.1,250,250,61000
HDFC30Jan202420CE.NFO,07/01/2020,09:21:35,54.9,54.8,250,55.1,250,0,61000
HDFC30Jan202420CE.NFO,07/01/2020,09:21:36,54.8,54.65,250,55.05,250,250,61000
HDFC30Jan202420CE.NFO,07/01/2020,09:21:37,54.8,54.6,250,55.05,250,0,61000
HDFC30Jan202420CE.NFO,07/01/2020,09:21:39,54.8,54.9,250,55.3,250,0,61000
HDFC30Jan202420CE.NFO,07/01/2020,09:21:40,54.8,54.95,250,55.3,250,0,61000
HDFC30Jan202420CE.NFO,07/01/2020,09:21:44,55.25,55,250,55.3,750,250,61000
HDFC30Jan202420CE.NFO,07/01/2020,09:21:45,55.25,55,250,55.3,250,0,61000
HDFC30Jan202420CE.NFO,07/01/2020,09:21:46,55.25,55.2,500,55.8,500,0,61000
HDFC30Jan202420CE.NFO,07/01/2020,09:21:47,55.25,55.25,250,55.7,500,0,61000
HDFC30Jan202420CE.NFO,07/01/2020,09:21:48,55.25,55.15,250,55.7,750,0,61000
HDFC30Jan202420CE.NFO,07/01/2020,09:21:49,55.25,55.2,250,55.7,750,0,61000
HDFC30Jan202420CE.NFO,07/01/2020,09:21:50,55.25,55.15,250,55.7,750,0,61000
HDFC30Jan202420CE.NFO,07/01/2020,09:21:51,55.25,55.15,250,55.6,250,0,61000
HDFC30Jan202420CE.NFO,07/01/2020,09:21:54,55.55,55.15,250,55.55,250,250,61000
HDFC30Jan202420CE.NFO,07/01/2020,09:21:55,55.55,55.2,500,55.55,250,0,61000
HDFC30Jan202420CE.NFO,07/01/2020,09:21:56,55.55,55.25,250,55.55,250,0,61000
HDFC30Jan202420CE.NFO,07/01/2020,09:21:56,55.55,55.25,250,55.65,250,0,61000
HDFC30Jan202420CE.NFO,07/01/2020,09:21:57,56,55.9,250,56.5,250,750,61000
HDFC30Jan202420CE.NFO,07/01/2020,09:21:58,56,56,250,56.55,500,0,61000
HDFC30Jan202420CE.NFO,07/01/2020,09:21:59,56,56,250,56.5,500,0,61000
HDFC30Jan202420CE.NFO,07/01/2020,09:22:00,56,56.15,250,56.75,250,0,61000
HDFC30Jan202420CE.NFO,07/01/2020,09:22:02,56.55,56.2,250,56.65,500,250,61000
HDFC30Jan202420CE.NFO,07/01/2020,09:22:03,56.55,56.2,250,56.6,250,0,61000
HDFC30Jan202420CE.NFO,07/01/2020,09:22:05,56.55,56.2,250,56.65,250,0,61000
HDFC30Jan202420CE.NFO,07/01/2020,09:22:06,56.55,56.2,250,56.55,250,0,61000
HDFC30Jan202420CE.NFO,07/01/2020,09:22:07,56.55,56.2,250,56.65,250,250,61000
HDFC30Jan202420CE.NFO,07/01/2020,09:22:09,56.55,55.85,250,56.5,250,0,61000
HDFC30Jan202420CE.NFO,07/01/2020,09:22:10,56.55,56.05,250,56.65,250,0,61000
HDFC30Jan202420CE.NFO,07/01/2020,09:22:11,56.55,56.2,250,56.65,250,250,61000
HDFC30Jan202420CE.NFO,07/01/2020,09:22:14,56.55,56.3,250,56.75,250,0,61000
HDFC30Jan202420CE.NFO,07/01/2020,09:22:21,57,57.05,500,57.65,250,750,61000
HDFC30Jan202420CE.NFO,07/01/2020,09:22:28,58,57.7,250,58.15,250,2500,61000
HDFC30Jan202420CE.NFO,07/01/2020,09:22:28,58,57.7,250,58.15,250,0,61000
HDFC30Jan202420CE.NFO,07/01/2020,09:22:35,57.35,56.85,500,57.4,250,1000,61000
HDFC30Jan202420CE.NFO,07/01/2020,09:22:41,57.25,56.8,250,57.2,500,500,61000
HDFC30Jan202420CE.NFO,07/01/2020,09:22:47,57.4,57.25,500,57.85,250,500,61000
HDFC30Jan202420CE.NFO,07/01/2020,09:22:54,57.4,57.25,500,58,250,0,61000
HDFC30Jan202420CE.NFO,07/01/2020,09:23:00,57.7,57.4,250,57.8,250,250,61000
HDFC30Jan202420CE.NFO,07/01/2020,09:23:06,56.95,56.65,250,57.3,250,500,61000
HDFC30Jan202420CE.NFO,07/01/2020,09:23:12,57,56.65,500,57.15,250,250,64500
HDFC30Jan202420CE.NFO,07/01/2020,09:23:12,57,56.65,500,57.15,250,0,64500
HDFC30Jan202420CE.NFO,07/01/2020,09:23:13,57.45,56.8,250,57.45,250,2000,64500
HDFC30Jan202420CE.NFO,07/01/2020,09:23:14,57.45,57.05,250,57.4,250,0,64500
HDFC30Jan202420CE.NFO,07/01/2020,09:23:15,57.1,56.9,500,57.5,250,250,64500
HDFC30Jan202420CE.NFO,07/01/2020,09:23:16,57.1,57,250,57.5,250,0,64500
HDFC30Jan202420CE.NFO,07/01/2020,09:23:17,57.55,57.65,250,58.1,250,250,64500
HDFC30Jan202420CE.NFO,07/01/2020,09:23:18,57.55,57.65,250,58.1,250,0,64500
HDFC30Jan202420CE.NFO,07/01/2020,09:23:20,57.55,57.5,250,58,250,0,64500
HDFC30Jan202420CE.NFO,07/01/2020,09:23:21,57.55,57.55,250,58,250,500,64500
HDFC30Jan202420CE.NFO,07/01/2020,09:23:22,57.55,57.55,250,58,250,0,64500
HDFC30Jan202420CE.NFO,07/01/2020,09:23:23,57.55,57.35,500,57.85,250,0,64500
HDFC30Jan202420CE.NFO,07/01/2020,09:23:24,57.55,57.4,500,57.85,250,0,64500
HDFC30Jan202420CE.NFO,07/01/2020,09:23:26,57.4,57.4,250,57.85,250,500,64500
HDFC30Jan202420CE.NFO,07/01/2020,09:23:27,57.85,57.4,250,57.85,250,250,64500
HDFC30Jan202420CE.NFO,07/01/2020,09:23:29,57.85,57.4,500,57.8,250,0,64500
HDFC30Jan202420CE.NFO,07/01/2020,09:23:30,57.85,57.4,500,57.85,250,0,64500
HDFC30Jan202420CE.NFO,07/01/2020,09:23:31,57.85,57.4,500,57.9,250,0,64500
HDFC30Jan202420CE.NFO,07/01/2020,09:23:32,57.5,57.45,750,57.8,250,250,64500
HDFC30Jan202420CE.NFO,07/01/2020,09:23:33,57.5,57.45,750,57.85,250,0,64500
HDFC30Jan202420CE.NFO,07/01/2020,09:23:34,57.5,57.45,750,57.8,250,0,64500
HDFC30Jan202420CE.NFO,07/01/2020,09:23:35,57.45,57.3,250,57.65,250,500,64500
HDFC30Jan202420CE.NFO,07/01/2020,09:23:36,57.6,57.15,250,57.6,250,2000,64500
HDFC30Jan202420CE.NFO,07/01/2020,09:23:37,57.6,57.15,250,57.6,250,0,64500
HDFC30Jan202420CE.NFO,07/01/2020,09:23:38,57.6,57.25,500,57.75,250,0,64500
HDFC30Jan202420CE.NFO,07/01/2020,09:23:39,57.6,57.35,250,57.75,250,0,64500
HDFC30Jan202420CE.NFO,07/01/2020,09:23:40,57.6,57.3,500,57.8,250,0,64500
HDFC30Jan202420CE.NFO,07/01/2020,09:23:42,57.6,56.8,250,57.5,500,0,64500
HDFC30Jan202420CE.NFO,07/01/2020,09:23:42,57.6,56.85,250,57.35,500,0,64500
HDFC30Jan202420CE.NFO,07/01/2020,09:23:43,57.6,56.9,500,57.4,250,0,64500
HDFC30Jan202420CE.NFO,07/01/2020,09:23:44,57.6,57,250,57.4,250,0,64500
HDFC30Jan202420CE.NFO,07/01/2020,09:23:45,57.6,56.95,250,57.25,250,0,64500
HDFC30Jan202420CE.NFO,07/01/2020,09:23:46,57.6,56.9,250,57.25,250,0,64500
HDFC30Jan202420CE.NFO,07/01/2020,09:23:47,57.6,56.95,250,57.55,500,0,64500
HDFC30Jan202420CE.NFO,07/01/2020,09:23:48,57.6,56.95,250,57.45,250,0,64500
HDFC30Jan202420CE.NFO,07/01/2020,09:23:51,57,57,750,57.55,500,250,64500
HDFC30Jan202420CE.NFO,07/01/2020,09:23:52,57,57,750,57.55,500,0,64500
HDFC30Jan202420CE.NFO,07/01/2020,09:23:53,57,57,750,57.5,250,0,64500
HDFC30Jan202420CE.NFO,07/01/2020,09:23:56,57,57,500,57.5,250,0,64500
HDFC30Jan202420CE.NFO,07/01/2020,09:23:57,57,57.1,250,57.5,250,0,64500
HDFC30Jan202420CE.NFO,07/01/2020,09:23:58,57,57.25,250,57.55,250,0,64500
HDFC30Jan202420CE.NFO,07/01/2020,09:23:59,57,57.1,250,57.75,250,0,64500
HDFC30Jan202420CE.NFO,07/01/2020,09:24:00,57,57.2,250,57.55,250,0,64500
HDFC30Jan202420CE.NFO,07/01/2020,09:24:02,57,56.85,250,57.5,250,0,64500
HDFC30Jan202420CE.NFO,07/01/2020,09:24:04,57,57,250,57.25,250,0,64500
HDFC30Jan202420CE.NFO,07/01/2020,09:24:04,57,56.6,250,57.1,250,0,64500
HDFC30Jan202420CE.NFO,07/01/2020,09:24:05,57,56.6,250,57,250,0,64500
HDFC30Jan202420CE.NFO,07/01/2020,09:24:07,57,56.65,250,56.95,500,0,64500
HDFC30Jan202420CE.NFO,07/01/2020,09:24:09,57,56.8,250,57.4,250,0,64500
HDFC30Jan202420CE.NFO,07/01/2020,09:24:10,57,56.65,250,57.2,250,0,64500
HDFC30Jan202420CE.NFO,07/01/2020,09:24:11,57,56.65,250,57.1,250,0,64500
HDFC30Jan202420CE.NFO,07/01/2020,09:24:13,57,56.65,250,57,250,0,64500
HDFC30Jan202420CE.NFO,07/01/2020,09:24:14,57,56.65,250,57.15,250,0,64500
HDFC30Jan202420CE.NFO,07/01/2020,09:24:15,57,56.65,250,56.95,250,0,64500
HDFC30Jan202420CE.NFO,07/01/2020,09:24:16,56.95,56.65,250,57,500,250,64500
HDFC30Jan202420CE.NFO,07/01/2020,09:24:17,56.95,56.65,250,57,500,0,64500
HDFC30Jan202420CE.NFO,07/01/2020,09:24:18,56.95,56.3,250,56.7,500,0,64500
HDFC30Jan202420CE.NFO,07/01/2020,09:24:20,56.95,56.3,250,56.65,250,0,64500
HDFC30Jan202420CE.NFO,07/01/2020,09:24:23,56.95,56.3,250,56.75,250,0,64500
HDFC30Jan202420CE.NFO,07/01/2020,09:24:24,56.95,56.45,250,56.9,250,0,64500
HDFC30Jan202420CE.NFO,07/01/2020,09:24:25,56.95,56.45,250,56.85,250,0,64500
HDFC30Jan202420CE.NFO,07/01/2020,09:24:26,56.95,56.45,250,56.7,250,0,64500
HDFC30Jan202420CE.NFO,07/01/2020,09:24:27,56.95,56.45,250,56.85,500,0,64500
HDFC30Jan202420CE.NFO,07/01/2020,09:24:28,56.95,56.25,250,56.8,250,0,64500
HDFC30Jan202420CE.NFO,07/01/2020,09:24:29,56.95,56.3,250,56.7,250,0,64500
HDFC30Jan202420CE.NFO,07/01/2020,09:24:30,56.95,56.3,250,56.65,250,0,64500
HDFC30Jan202420CE.NFO,07/01/2020,09:24:37,56.95,56.3,250,56.85,500,0,64500
HDFC30Jan202420CE.NFO,07/01/2020,09:24:38,56.95,56.35,250,56.85,250,0,64500
HDFC30Jan202420CE.NFO,07/01/2020,09:24:39,56.95,56.45,250,56.85,250,0,64500
HDFC30Jan202420CE.NFO,07/01/2020,09:24:40,56.95,56.3,250,56.85,250,0,64500
HDFC30Jan202420CE.NFO,07/01/2020,09:24:41,56.95,56.4,250,56.95,250,0,64500
HDFC30Jan202420CE.NFO,07/01/2020,09:24:42,56.95,56.4,250,56.8,500,0,64500
HDFC30Jan202420CE.NFO,07/01/2020,09:24:45,56.95,56.45,250,56.9,250,0,64500
HDFC30Jan202420CE.NFO,07/01/2020,09:24:46,56.95,56.4,250,56.9,250,0,64500
HDFC30Jan202420CE.NFO,07/01/2020,09:24:47,56.95,56.45,250,56.9,250,0,64500
HDFC30Jan202420CE.NFO,07/01/2020,09:24:51,56.95,56.45,250,57.05,250,0,64500
HDFC30Jan202420CE.NFO,07/01/2020,09:24:52,56.95,56.45,250,56.95,500,0,64500
HDFC30Jan202420CE.NFO,07/01/2020,09:24:58,56.95,56.45,500,56.95,500,0,64500
HDFC30Jan202420CE.NFO,07/01/2020,09:24:59,56.95,56.5,750,57.05,250,0,64500
HDFC30Jan202420CE.NFO,07/01/2020,09:25:00,56.95,56.65,250,57.05,250,0,64500
HDFC30Jan202420CE.NFO,07/01/2020,09:25:02,56.95,56.65,500,57.15,250,0,64500
HDFC30Jan202420CE.NFO,07/01/2020,09:25:02,56.95,56.65,250,57.05,250,0,64500
HDFC30Jan202420CE.NFO,07/01/2020,09:25:03,56.95,56.65,250,56.9,250,0,64500
HDFC30Jan202420CE.NFO,07/01/2020,09:25:04,56.95,56.65,250,56.85,500,0,64500
HDFC30Jan202420CE.NFO,07/01/2020,09:25:05,56.95,56.65,250,56.8,250,0,64500
HDFC30Jan202420CE.NFO,07/01/2020,09:25:07,56.95,56.8,250,57.25,250,0,64500
HDFC30Jan202420CE.NFO,07/01/2020,09:25:08,56.95,56.6,250,57,250,0,64500
HDFC30Jan202420CE.NFO,07/01/2020,09:25:09,56.95,56.4,250,56.85,250,0,64500
HDFC30Jan202420CE.NFO,07/01/2020,09:25:10,56.95,56.45,250,56.95,250,0,64500
HDFC30Jan202420CE.NFO,07/01/2020,09:25:11,56.95,56.3,500,56.7,250,0,64500
HDFC30Jan202420CE.NFO,07/01/2020,09:25:15,56.95,56.3,250,56.7,250,0,64500
HDFC30Jan202420CE.NFO,07/01/2020,09:25:22,56.3,56.55,250,56.95,750,250,64500
HDFC30Jan202420CE.NFO,07/01/2020,09:25:28,56.9,57.15,250,57.55,750,250,64500
HDFC30Jan202420CE.NFO,07/01/2020,09:25:34,56.9,57.4,250,57.8,250,0,64500
HDFC30Jan202420CE.NFO,07/01/2020,09:25:46,58.1,57.8,500,58.4,500,750,64500
HDFC30Jan202420CE.NFO,07/01/2020,09:25:46,58.1,57.8,500,58.4,500,0,64500
HDFC30Jan202420CE.NFO,07/01/2020,09:26:00,58.1,58.2,750,58.6,250,0,64500
HDFC30Jan202420CE.NFO,07/01/2020,09:26:07,58.1,58.55,250,58.9,250,0,64500
HDFC30Jan202420CE.NFO,07/01/2020,09:26:13,58.1,58.65,250,59,1500,0,64500
HDFC30Jan202420CE.NFO,07/01/2020,09:26:13,58.1,58.7,750,59,1500,0,64500
HDFC30Jan202420CE.NFO,07/01/2020,09:26:15,59.35,59.05,250,59.5,250,2250,61750
HDFC30Jan202420CE.NFO,07/01/2020,09:26:15,59.35,59.05,250,59.5,250,0,61750
HDFC30Jan202420CE.NFO,07/01/2020,09:26:16,59.35,59.2,250,59.7,500,0,61750
HDFC30Jan202420CE.NFO,07/01/2020,09:26:17,59.35,59.2,250,59.55,250,0,61750
HDFC30Jan202420CE.NFO,07/01/2020,09:26:18,59.35,59.2,250,59.6,250,0,61750
HDFC30Jan202420CE.NFO,07/01/2020,09:26:19,59.35,59.2,250,59.55,250,0,61750
HDFC30Jan202420CE.NFO,07/01/2020,09:26:20,59.2,59.1,250,59.5,250,250,61750
HDFC30Jan202420CE.NFO,07/01/2020,09:26:20,59.2,59.05,250,59.55,250,0,61750
HDFC30Jan202420CE.NFO,07/01/2020,09:26:22,59.2,59.4,250,59.85,250,0,61750
HDFC30Jan202420CE.NFO,07/01/2020,09:26:23,59.2,59.4,250,59.75,250,0,61750
HDFC30Jan202420CE.NFO,07/01/2020,09:26:24,59.75,59.35,250,59.8,250,250,61750
HDFC30Jan202420CE.NFO,07/01/2020,09:26:24,59.75,59.35,250,59.8,250,0,61750
HDFC30Jan202420CE.NFO,07/01/2020,09:26:25,59.35,59.35,250,59.8,250,250,61750
HDFC30Jan202420CE.NFO,07/01/2020,09:26:26,59.35,59.35,250,59.8,250,0,61750
HDFC30Jan202420CE.NFO,07/01/2020,09:26:27,59.5,59.4,250,59.75,250,250,61750
HDFC30Jan202420CE.NFO,07/01/2020,09:26:28,59.5,59.25,250,59.6,250,0,61750
HDFC30Jan202420CE.NFO,07/01/2020,09:26:30,59.5,59.25,250,59.7,250,0,61750
HDFC30Jan202420CE.NFO,07/01/2020,09:26:31,59.5,59.25,500,59.7,250,0,61750
HDFC30Jan202420CE.NFO,07/01/2020,09:26:32,59.25,59.2,250,59.65,250,500,61750
HDFC30Jan202420CE.NFO,07/01/2020,09:26:33,59.25,59.2,250,59.6,250,0,61750
HDFC30Jan202420CE.NFO,07/01/2020,09:26:34,59.25,59.35,250,59.7,250,0,61750
HDFC30Jan202420CE.NFO,07/01/2020,09:26:38,59.25,59.1,250,59.55,500,0,61750
HDFC30Jan202420CE.NFO,07/01/2020,09:26:39,59.25,59.1,250,59.5,500,0,61750
HDFC30Jan202420CE.NFO,07/01/2020,09:26:40,59,58.5,250,58.9,250,250,61750
HDFC30Jan202420CE.NFO,07/01/2020,09:26:41,58.9,58.5,250,58.9,250,250,61750
HDFC30Jan202420CE.NFO,07/01/2020,09:26:43,58.85,58.8,250,59,250,250,61750
HDFC30Jan202420CE.NFO,07/01/2020,09:26:44,59,58.8,250,59.05,750,250,61750
HDFC30Jan202420CE.NFO,07/01/2020,09:26:45,59,58.8,250,59.05,500,0,61750
HDFC30Jan202420CE.NFO,07/01/2020,09:26:46,59,58.8,250,59,250,0,61750
HDFC30Jan202420CE.NFO,07/01/2020,09:26:47,59,58.8,250,59.05,250,0,61750
HDFC30Jan202420CE.NFO,07/01/2020,09:26:49,59,58.8,250,59.15,250,0,61750
HDFC30Jan202420CE.NFO,07/01/2020,09:26:50,59,58.7,250,59.15,250,500,61750
HDFC30Jan202420CE.NFO,07/01/2020,09:26:51,59,58.5,250,59.1,250,0,61750
HDFC30Jan202420CE.NFO,07/01/2020,09:26:52,59,58.45,250,58.85,250,0,61750
HDFC30Jan202420CE.NFO,07/01/2020,09:26:53,59,58.6,250,59.1,250,0,61750
HDFC30Jan202420CE.NFO,07/01/2020,09:26:54,59,58.8,250,59.3,250,0,61750
HDFC30Jan202420CE.NFO,07/01/2020,09:26:55,58.9,59.1,250,59.6,500,500,61750
HDFC30Jan202420CE.NFO,07/01/2020,09:26:57,58.9,59.15,250,59.65,250,0,61750
HDFC30Jan202420CE.NFO,07/01/2020,09:26:59,58.9,59.15,500,59.75,500,0,61750
HDFC30Jan202420CE.NFO,07/01/2020,09:26:59,58.9,59.15,250,59.6,250,0,61750
HDFC30Jan202420CE.NFO,07/01/2020,09:27:00,58.9,59.1,500,59.65,250,0,61750
HDFC30Jan202420CE.NFO,07/01/2020,09:27:01,58.9,59.1,500,59.55,250,0,61750
HDFC30Jan202420CE.NFO,07/01/2020,09:27:03,58.9,59.1,500,59.55,500,0,61750
HDFC30Jan202420CE.NFO,07/01/2020,09:27:04,58.9,59.1,500,59.45,250,0,61750
HDFC30Jan202420CE.NFO,07/01/2020,09:27:05,58.9,58.75,250,59.15,250,0,61750
HDFC30Jan202420CE.NFO,07/01/2020,09:27:06,58.9,58.75,250,59.05,250,0,61750
HDFC30Jan202420CE.NFO,07/01/2020,09:27:07,58.9,58.65,500,59.05,250,0,61750
HDFC30Jan202420CE.NFO,07/01/2020,09:27:09,58.65,58.6,250,59,500,500,61750
HDFC30Jan202420CE.NFO,07/01/2020,09:27:09,58.65,58.6,250,58.95,500,0,61750
HDFC30Jan202420CE.NFO,07/01/2020,09:27:10,58.65,58.5,250,58.95,500,0,61750
HDFC30Jan202420CE.NFO,07/01/2020,09:27:11,58.65,58.55,250,58.95,500,0,61750
HDFC30Jan202420CE.NFO,07/01/2020,09:27:14,58.65,58.6,250,58.95,500,0,61750
HDFC30Jan202420CE.NFO,07/01/2020,09:27:15,58.65,58.6,250,59.25,250,0,61750
HDFC30Jan202420CE.NFO,07/01/2020,09:27:16,58.65,58.6,250,59.15,500,0,61750
HDFC30Jan202420CE.NFO,07/01/2020,09:27:17,58.65,58.65,500,59,250,0,61750
HDFC30Jan202420CE.NFO,07/01/2020,09:27:20,58.65,58.7,500,59,750,0,61750
HDFC30Jan202420CE.NFO,07/01/2020,09:27:21,58.65,58.8,500,59,750,0,61750
HDFC30Jan202420CE.NFO,07/01/2020,09:27:25,58.65,58.8,250,59,750,0,61750
HDFC30Jan202420CE.NFO,07/01/2020,09:27:27,59,59,250,59.45,250,750,61750
HDFC30Jan202420CE.NFO,07/01/2020,09:27:28,59,58.7,250,59.3,500,0,61750
HDFC30Jan202420CE.NFO,07/01/2020,09:27:29,59,58.75,500,59.15,250,0,61750
HDFC30Jan202420CE.NFO,07/01/2020,09:27:32,59,58.75,250,59.05,250,0,61750
HDFC30Jan202420CE.NFO,07/01/2020,09:27:33,59,58.3,250,58.55,250,0,61750
HDFC30Jan202420CE.NFO,07/01/2020,09:27:34,58.3,57.7,250,58.25,500,250,61750
HDFC30Jan202420CE.NFO,07/01/2020,09:27:35,58.3,57.75,250,58.25,500,0,61750
HDFC30Jan202420CE.NFO,07/01/2020,09:27:36,58.3,57.6,250,58.1,250,0,61750
HDFC30Jan202420CE.NFO,07/01/2020,09:27:37,58.3,57.65,250,58.1,250,0,61750
HDFC30Jan202420CE.NFO,07/01/2020,09:27:38,58.3,57.85,250,58.25,250,0,61750
HDFC30Jan202420CE.NFO,07/01/2020,09:27:39,58.3,57.8,500,58.3,500,0,61750
HDFC30Jan202420CE.NFO,07/01/2020,09:27:40,58.3,57.8,250,58.3,500,0,61750
HDFC30Jan202420CE.NFO,07/01/2020,09:27:41,58.3,58,250,58.45,250,250,61750
HDFC30Jan202420CE.NFO,07/01/2020,09:27:43,58.3,58,250,58.45,250,0,61750
HDFC30Jan202420CE.NFO,07/01/2020,09:27:44,58.3,58.3,1000,58.5,250,0,61750
HDFC30Jan202420CE.NFO,07/01/2020,09:27:45,58.3,58.3,1000,58.45,250,0,61750
HDFC30Jan202420CE.NFO,07/01/2020,09:27:46,58.3,57.9,750,58.45,250,1000,61750
HDFC30Jan202420CE.NFO,07/01/2020,09:27:47,58.3,57.95,250,58.45,250,0,61750
HDFC30Jan202420CE.NFO,07/01/2020,09:27:50,58.3,58,250,58.45,250,0,61750
HDFC30Jan202420CE.NFO,07/01/2020,09:27:51,58.3,57.95,250,58.4,250,0,61750
HDFC30Jan202420CE.NFO,07/01/2020,09:27:52,58.3,58.2,250,58.65,250,0,61750
HDFC30Jan202420CE.NFO,07/01/2020,09:27:53,58.3,58.25,500,58.8,250,0,61750
HDFC30Jan202420CE.NFO,07/01/2020,09:27:54,58.8,58.3,500,58.9,250,250,61750
HDFC30Jan202420CE.NFO,07/01/2020,09:27:56,58.8,57.85,250,58.35,250,0,61750
HDFC30Jan202420CE.NFO,07/01/2020,09:27:57,58.8,57.85,250,58.25,250,0,61750
HDFC30Jan202420CE.NFO,07/01/2020,09:27:58,58.8,57.75,250,58.25,250,0,61750
HDFC30Jan202420CE.NFO,07/01/2020,09:28:00,58.8,57.75,250,58,250,0,61750
HDFC30Jan202420CE.NFO,07/01/2020,09:28:15,58,57.85,250,58.2,250,250,61750
HDFC30Jan202420CE.NFO,07/01/2020,09:28:16,58,57.85,250,58.25,250,0,61750
HDFC30Jan202420CE.NFO,07/01/2020,09:28:17,58,57.75,250,58.3,250,0,61750
HDFC30Jan202420CE.NFO,07/01/2020,09:28:18,58,57.55,750,58.1,250,0,61750
HDFC30Jan202420CE.NFO,07/01/2020,09:28:19,58,57.7,250,58.15,250,0,61750
HDFC30Jan202420CE.NFO,07/01/2020,09:28:19,58,57.6,250,58.15,250,0,61750
HDFC30Jan202420CE.NFO,07/01/2020,09:28:20,58,57.3,250,57.65,500,0,61750
HDFC30Jan202420CE.NFO,07/01/2020,09:28:21,58,57,500,57.5,250,0,61750
HDFC30Jan202420CE.NFO,07/01/2020,09:28:22,58,57.05,250,57.5,250,0,61750
HDFC30Jan202420CE.NFO,07/01/2020,09:28:26,58,57.05,250,57.4,500,0,61750
HDFC30Jan202420CE.NFO,07/01/2020,09:28:27,58,57,250,57.25,250,0,61750
HDFC30Jan202420CE.NFO,07/01/2020,09:28:31,57,56.4,250,57,250,250,61750
HDFC30Jan202420CE.NFO,07/01/2020,09:28:32,57,56.65,250,57.2,500,250,61750
HDFC30Jan202420CE.NFO,07/01/2020,09:28:34,57,56.7,250,57.2,250,0,61750
HDFC30Jan202420CE.NFO,07/01/2020,09:28:35,57,56.55,500,57.15,250,0,61750
HDFC30Jan202420CE.NFO,07/01/2020,09:28:36,57,56.55,500,57.1,250,0,61750
HDFC30Jan202420CE.NFO,07/01/2020,09:28:36,57,56.6,750,57.1,250,0,61750
HDFC30Jan202420CE.NFO,07/01/2020,09:28:37,57,56.65,250,57.1,250,0,61750
HDFC30Jan202420CE.NFO,07/01/2020,09:28:39,57,56.65,250,57.05,250,0,61750
HDFC30Jan202420CE.NFO,07/01/2020,09:28:40,57,56.65,250,57.1,250,0,61750
HDFC30Jan202420CE.NFO,07/01/2020,09:28:41,57,56.6,250,57.05,250,0,61750
HDFC30Jan202420CE.NFO,07/01/2020,09:28:42,57,56.6,500,57.05,250,0,61750
HDFC30Jan202420CE.NFO,07/01/2020,09:28:44,57,56.65,250,57.05,250,0,61750
HDFC30Jan202420CE.NFO,07/01/2020,09:28:47,56.85,56.85,250,57.3,500,750,61750
HDFC30Jan202420CE.NFO,07/01/2020,09:28:48,56.85,56.9,500,57.35,250,0,61750
HDFC30Jan202420CE.NFO,07/01/2020,09:28:50,56.85,56.9,500,57.3,250,0,61750
HDFC30Jan202420CE.NFO,07/01/2020,09:28:51,56.85,57,250,57.45,500,0,61750
HDFC30Jan202420CE.NFO,07/01/2020,09:28:52,56.85,56.95,250,57.4,500,0,61750
HDFC30Jan202420CE.NFO,07/01/2020,09:28:53,56.85,56.95,750,57.5,750,0,61750
HDFC30Jan202420CE.NFO,07/01/2020,09:28:54,56.85,56.5,250,57.05,250,0,61750
HDFC30Jan202420CE.NFO,07/01/2020,09:28:55,56.85,56.65,250,57.05,250,0,61750
HDFC30Jan202420CE.NFO,07/01/2020,09:28:58,56.85,56.75,250,57.2,250,0,61750
HDFC30Jan202420CE.NFO,07/01/2020,09:29:00,56.85,56.8,500,57.3,250,0,61750
HDFC30Jan202420CE.NFO,07/01/2020,09:29:01,56.85,56.8,250,57.25,500,0,61750
HDFC30Jan202420CE.NFO,07/01/2020,09:29:04,56.85,56.95,250,57.5,250,0,61750
HDFC30Jan202420CE.NFO,07/01/2020,09:29:05,56.85,57.05,250,57.7,500,0,61750
HDFC30Jan202420CE.NFO,07/01/2020,09:29:06,56.85,56.85,250,57.35,250,0,61750
HDFC30Jan202420CE.NFO,07/01/2020,09:29:06,56.85,56.9,250,57.25,250,0,61750
HDFC30Jan202420CE.NFO,07/01/2020,09:29:08,56.85,56.9,250,57.3,250,0,61750
HDFC30Jan202420CE.NFO,07/01/2020,09:29:09,56.85,56.85,250,57.4,250,0,61750
HDFC30Jan202420CE.NFO,07/01/2020,09:29:10,56.85,57,500,57.5,250,0,61750
HDFC30Jan202420CE.NFO,07/01/2020,09:29:12,56.85,56.85,250,57.4,250,0,61750
HDFC30Jan202420CE.NFO,07/01/2020,09:29:14,56.85,57,2000,57.55,250,0,61750
HDFC30Jan202420CE.NFO,07/01/2020,09:29:16,56.85,57.1,250,57.6,500,0,61750
HDFC30Jan202420CE.NFO,07/01/2020,09:29:16,56.85,57.1,250,57.6,250,0,61750
HDFC30Jan202420CE.NFO,07/01/2020,09:29:17,56.85,57.15,250,57.6,250,0,61750
HDFC30Jan202420CE.NFO,07/01/2020,09:29:18,56.85,57.05,250,57.55,250,0,61750
HDFC30Jan202420CE.NFO,07/01/2020,09:29:21,57.05,57,2000,57.4,250,250,59750
HDFC30Jan202420CE.NFO,07/01/2020,09:29:23,57.05,57,2000,57.45,250,0,59750
HDFC30Jan202420CE.NFO,07/01/2020,09:29:24,57.05,57.1,250,57.45,250,0,59750
HDFC30Jan202420CE.NFO,07/01/2020,09:29:25,57.05,57.1,250,57.45,500,0,59750
HDFC30Jan202420CE.NFO,07/01/2020,09:29:27,57,56.55,250,57,500,3000,59750
HDFC30Jan202420CE.NFO,07/01/2020,09:29:28,57,56.85,250,57.3,250,250,59750
HDFC30Jan202420CE.NFO,07/01/2020,09:29:29,57,56.85,250,57.25,250,0,59750
HDFC30Jan202420CE.NFO,07/01/2020,09:29:30,57.05,56.65,250,57.15,500,500,59750
HDFC30Jan202420CE.NFO,07/01/2020,09:29:31,57.05,56.7,250,57.3,250,0,59750
HDFC30Jan202420CE.NFO,07/01/2020,09:29:32,57.05,56.65,250,57.1,500,0,59750
HDFC30Jan202420CE.NFO,07/01/2020,09:29:34,57.05,56.55,500,57.1,250,0,59750
HDFC30Jan202420CE.NFO,07/01/2020,09:29:35,57.05,56.65,250,57,250,0,59750
HDFC30Jan202420CE.NFO,07/01/2020,09:29:37,57.05,56.45,250,56.9,250,0,59750
HDFC30Jan202420CE.NFO,07/01/2020,09:29:38,56.9,56.7,250,57,250,250,59750
HDFC30Jan202420CE.NFO,07/01/2020,09:29:38,56.9,56.7,250,57,250,0,59750
HDFC30Jan202420CE.NFO,07/01/2020,09:29:41,56.9,56.4,250,56.9,500,0,59750
HDFC30Jan202420CE.NFO,07/01/2020,09:29:42,56.85,56.4,250,56.75,250,250,59750
HDFC30Jan202420CE.NFO,07/01/2020,09:29:43,56.85,56.15,250,56.6,250,0,59750
HDFC30Jan202420CE.NFO,07/01/2020,09:29:44,56.85,56.3,250,56.8,250,0,59750
HDFC30Jan202420CE.NFO,07/01/2020,09:29:45,56.85,56.35,250,56.8,250,0,59750
HDFC30Jan202420CE.NFO,07/01/2020,09:29:48,56.85,56.5,250,56.9,500,0,59750
HDFC30Jan202420CE.NFO,07/01/2020,09:29:49,56.85,56.5,250,56.9,250,0,59750
HDFC30Jan202420CE.NFO,07/01/2020,09:29:55,56.9,56.35,250,56.9,250,250,59750
HDFC30Jan202420CE.NFO,07/01/2020,09:29:55,56.9,56.4,250,56.85,250,0,59750
HDFC30Jan202420CE.NFO,07/01/2020,09:29:57,57,56.8,250,57.3,250,250,59750
HDFC30Jan202420CE.NFO,07/01/2020,09:29:58,57,56.9,250,57.4,250,0,59750
HDFC30Jan202420CE.NFO,07/01/2020,09:29:59,57,56.85,500,57.35,500,0,59750
HDFC30Jan202420CE.NFO,07/01/2020,09:30:00,57,56.85,500,57.3,250,0,59750
HDFC30Jan202420CE.NFO,07/01/2020,09:30:01,57,56.9,500,57.45,250,0,59750
HDFC30Jan202420CE.NFO,07/01/2020,09:30:02,57,56.95,250,57.45,250,0,59750
HDFC30Jan202420CE.NFO,07/01/2020,09:30:03,57,57.05,250,57.4,250,0,59750
HDFC30Jan202420CE.NFO,07/01/2020,09:30:03,57,57.1,250,57.55,250,0,59750
HDFC30Jan202420CE.NFO,07/01/2020,09:30:04,57,57.05,250,57.6,500,0,59750
HDFC30Jan202420CE.NFO,07/01/2020,09:30:05,57,57.2,250,57.8,250,0,59750
HDFC30Jan202420CE.NFO,07/01/2020,09:30:07,57,57.25,500,57.75,250,0,59750
HDFC30Jan202420CE.NFO,07/01/2020,09:30:09,57,57.3,500,57.8,250,0,59750
HDFC30Jan202420CE.NFO,07/01/2020,09:30:10,57,57.3,750,57.8,250,0,59750
HDFC30Jan202420CE.NFO,07/01/2020,09:30:11,57,57.45,750,57.95,250,0,59750
HDFC30Jan202420CE.NFO,07/01/2020,09:30:11,57,57.45,750,57.95,500,0,59750
HDFC30Jan202420CE.NFO,07/01/2020,09:30:12,57,57.45,750,57.95,250,0,59750
HDFC30Jan202420CE.NFO,07/01/2020,09:30:16,57,57.65,500,58,2000,0,59750
HDFC30Jan202420CE.NFO,07/01/2020,09:30:17,57,57.7,250,58,2000,0,59750
HDFC30Jan202420CE.NFO,07/01/2020,09:30:18,57,57.75,250,58,2000,0,59750
HDFC30Jan202420CE.NFO,07/01/2020,09:30:19,57,57.8,250,58,2000,0,59750
HDFC30Jan202420CE.NFO,07/01/2020,09:30:19,58,57.85,500,58.4,250,2000,59750
HDFC30Jan202420CE.NFO,07/01/2020,09:30:20,58,57.75,500,58.3,250,0,59750
HDFC30Jan202420CE.NFO,07/01/2020,09:30:21,58,57.8,250,58.3,250,0,59750
HDFC30Jan202420CE.NFO,07/01/2020,09:30:22,58,57.8,250,58.3,500,0,59750
HDFC30Jan202420CE.NFO,07/01/2020,09:30:23,58,58,500,58.65,250,0,59750
HDFC30Jan202420CE.NFO,07/01/2020,09:30:24,58,58.15,250,58.65,250,0,59750
HDFC30Jan202420CE.NFO,07/01/2020,09:30:25,58,58.15,500,58.6,250,0,59750
HDFC30Jan202420CE.NFO,07/01/2020,09:30:28,58,58.2,250,58.6,250,0,59750
HDFC30Jan202420CE.NFO,07/01/2020,09:30:29,58,58.35,250,58.75,250,0,59750
HDFC30Jan202420CE.NFO,07/01/2020,09:30:30,58,58.45,500,59,250,0,59750
HDFC30Jan202420CE.NFO,07/01/2020,09:30:31,58,58.5,250,58.95,250,0,59750
HDFC30Jan202420CE.NFO,07/01/2020,09:30:32,58,58.55,250,59.1,250,0,59750
HDFC30Jan202420CE.NFO,07/01/2020,09:30:33,58,58.65,250,59.1,250,0,59750
HDFC30Jan202420CE.NFO,07/01/2020,09:30:35,58,58.55,250,59,250,0,59750
HDFC30Jan202420CE.NFO,07/01/2020,09:30:38,58,58.65,250,59.1,250,0,59750
HDFC30Jan202420CE.NFO,07/01/2020,09:30:39,58,58.55,250,59,250,0,59750
HDFC30Jan202420CE.NFO,07/01/2020,09:30:41,58,58.35,500,58.9,750,0,59750
HDFC30Jan202420CE.NFO,07/01/2020,09:30:42,58,58.45,250,58.85,250,0,59750
HDFC30Jan202420CE.NFO,07/01/2020,09:30:43,58,58.45,250,58.9,250,0,59750
HDFC30Jan202420CE.NFO,07/01/2020,09:30:44,58,58.35,250,58.9,500,0,59750
HDFC30Jan202420CE.NFO,07/01/2020,09:30:45,58,58.55,250,59.15,250,0,59750
HDFC30Jan202420CE.NFO,07/01/2020,09:30:46,58,58.55,250,58.9,250,0,59750
HDFC30Jan202420CE.NFO,07/01/2020,09:30:47,58,58.55,250,58.85,250,0,59750
HDFC30Jan202420CE.NFO,07/01/2020,09:30:49,58,58.45,250,58.9,250,0,59750
HDFC30Jan202420CE.NFO,07/01/2020,09:30:50,58,58.4,250,58.9,500,0,59750
HDFC30Jan202420CE.NFO,07/01/2020,09:30:51,58,58.45,250,58.85,250,0,59750
HDFC30Jan202420CE.NFO,07/01/2020,09:30:52,58,58.45,500,58.9,250,0,59750
HDFC30Jan202420CE.NFO,07/01/2020,09:30:53,58,58.4,250,58.9,500,0,59750
HDFC30Jan202420CE.NFO,07/01/2020,09:30:55,58,58.45,250,58.9,500,0,59750
HDFC30Jan202420CE.NFO,07/01/2020,09:30:57,58,58.45,500,58.9,500,0,59750
HDFC30Jan202420CE.NFO,07/01/2020,09:30:58,58,58.5,500,58.9,500,0,59750
HDFC30Jan202420CE.NFO,07/01/2020,09:30:59,58,58.6,500,59.05,250,0,59750
HDFC30Jan202420CE.NFO,07/01/2020,09:31:00,58,58.7,250,59.05,250,0,59750
HDFC30Jan202420CE.NFO,07/01/2020,09:31:01,58,58.65,250,59,250,0,59750
HDFC30Jan202420CE.NFO,07/01/2020,09:31:02,58,58.65,750,59,250,0,59750
HDFC30Jan202420CE.NFO,07/01/2020,09:31:06,58,58.65,500,59,250,0,59750
HDFC30Jan202420CE.NFO,07/01/2020,09:31:08,58.65,58.65,250,59,250,250,59750
HDFC30Jan202420CE.NFO,07/01/2020,09:31:09,58.65,58.65,250,59,250,0,59750
HDFC30Jan202420CE.NFO,07/01/2020,09:31:13,58.65,58.55,250,59,250,0,59750
HDFC30Jan202420CE.NFO,07/01/2020,09:31:15,58.65,58.55,500,58.95,250,0,59750
HDFC30Jan202420CE.NFO,07/01/2020,09:31:16,58.65,58.55,1000,58.95,250,0,59750
HDFC30Jan202420CE.NFO,07/01/2020,09:31:18,58.65,58.55,500,58.95,250,0,59750
HDFC30Jan202420CE.NFO,07/01/2020,09:31:22,58.75,58.4,250,58.85,250,250,59750
HDFC30Jan202420CE.NFO,07/01/2020,09:31:23,58.75,58.55,250,59,250,0,59750
HDFC30Jan202420CE.NFO,07/01/2020,09:31:24,58.75,58.55,750,59,250,0,59750
HDFC30Jan202420CE.NFO,07/01/2020,09:31:25,58.75,58.65,250,59,500,0,59750
HDFC30Jan202420CE.NFO,07/01/2020,09:31:31,58.75,58.65,250,58.95,250,0,59750
HDFC30Jan202420CE.NFO,07/01/2020,09:31:32,58.75,58.6,750,58.95,250,0,59750
HDFC30Jan202420CE.NFO,07/01/2020,09:31:33,58.75,58.15,250,58.55,500,0,59750
HDFC30Jan202420CE.NFO,07/01/2020,09:31:35,58.75,58.1,250,58.55,250,0,59750
HDFC30Jan202420CE.NFO,07/01/2020,09:31:37,58.75,58.25,250,58.55,250,0,59750
HDFC30Jan202420CE.NFO,07/01/2020,09:31:38,58.75,58.4,250,58.85,500,0,59750
HDFC30Jan202420CE.NFO,07/01/2020,09:31:39,58.75,58.25,500,58.75,250,0,59750
HDFC30Jan202420CE.NFO,07/01/2020,09:31:40,58.75,58.35,250,58.85,500,0,59750
HDFC30Jan202420CE.NFO,07/01/2020,09:31:41,58.75,58.55,250,58.85,250,0,59750
HDFC30Jan202420CE.NFO,07/01/2020,09:31:42,58.75,58.55,250,58.9,500,0,59750
HDFC30Jan202420CE.NFO,07/01/2020,09:31:45,58.75,58.65,250,59,250,0,59750
HDFC30Jan202420CE.NFO,07/01/2020,09:31:46,58.75,58.65,250,58.95,250,0,59750
HDFC30Jan202420CE.NFO,07/01/2020,09:31:49,58.75,58.65,500,59,250,0,59750
HDFC30Jan202420CE.NFO,07/01/2020,09:31:51,59,58.85,250,59.3,500,250,59750
HDFC30Jan202420CE.NFO,07/01/2020,09:31:52,59,58.65,250,59.15,250,0,59750
HDFC30Jan202420CE.NFO,07/01/2020,09:31:54,59,58.65,250,59.1,250,0,59750
HDFC30Jan202420CE.NFO,07/01/2020,09:31:56,59,58.65,250,59.05,250,0,59750
HDFC30Jan202420CE.NFO,07/01/2020,09:31:57,59,58.6,500,59.05,250,0,59750
HDFC30Jan202420CE.NFO,07/01/2020,09:31:58,59,58.65,250,59.05,250,0,59750
HDFC30Jan202420CE.NFO,07/01/2020,09:32:00,59,58.7,250,59.05,250,0,59750
HDFC30Jan202420CE.NFO,07/01/2020,09:32:00,59,58.75,250,59.15,250,0,59750
HDFC30Jan202420CE.NFO,07/01/2020,09:32:01,59,58.65,250,59,250,0,59750
HDFC30Jan202420CE.NFO,07/01/2020,09:32:02,59,58.65,250,59.05,250,0,59750
HDFC30Jan202420CE.NFO,07/01/2020,09:32:03,59,58.65,250,59,250,0,59750
HDFC30Jan202420CE.NFO,07/01/2020,09:32:06,59,58.6,250,59,250,0,59750
HDFC30Jan202420CE.NFO,07/01/2020,09:32:07,59,58.15,250,58.6,250,0,59750
HDFC30Jan202420CE.NFO,07/01/2020,09:32:08,59,58.05,500,58.55,500,0,59750
HDFC30Jan202420CE.NFO,07/01/2020,09:32:08,59,58.1,500,58.55,250,0,59750
HDFC30Jan202420CE.NFO,07/01/2020,09:32:09,58,57.25,250,57.7,250,250,59750
HDFC30Jan202420CE.NFO,07/01/2020,09:32:10,58,57.25,250,57.7,250,0,59750
HDFC30Jan202420CE.NFO,07/01/2020,09:32:11,58,57.35,250,57.7,250,0,59750
HDFC30Jan202420CE.NFO,07/01/2020,09:32:12,58,57.6,250,58.1,250,0,59750
HDFC30Jan202420CE.NFO,07/01/2020,09:32:14,58,57.9,250,58.45,250,0,59750
HDFC30Jan202420CE.NFO,07/01/2020,09:32:15,58.05,58,250,58.45,250,250,59500
HDFC30Jan202420CE.NFO,07/01/2020,09:32:16,58.05,58,250,58.45,250,0,59500
HDFC30Jan202420CE.NFO,07/01/2020,09:32:17,58.05,58.2,250,58.65,250,0,59500
HDFC30Jan202420CE.NFO,07/01/2020,09:32:18,58.05,58.25,250,58.8,500,0,59500
HDFC30Jan202420CE.NFO,07/01/2020,09:32:19,58.05,58.3,250,58.75,250,0,59500
HDFC30Jan202420CE.NFO,07/01/2020,09:32:21,58.05,58.25,250,58.75,750,0,59500
HDFC30Jan202420CE.NFO,07/01/2020,09:32:22,58.05,58.3,250,58.8,250,0,59500
HDFC30Jan202420CE.NFO,07/01/2020,09:32:23,58.05,58.35,250,58.8,250,0,59500
HDFC30Jan202420CE.NFO,07/01/2020,09:32:24,58.05,58.3,250,58.8,250,0,59500
HDFC30Jan202420CE.NFO,07/01/2020,09:32:24,58.05,58.2,750,58.7,250,0,59500
HDFC30Jan202420CE.NFO,07/01/2020,09:32:25,58.05,58.45,250,58.85,250,0,59500
HDFC30Jan202420CE.NFO,07/01/2020,09:32:26,58.05,58.55,250,59,250,0,59500
HDFC30Jan202420CE.NFO,07/01/2020,09:32:27,58.05,58.7,250,59.15,250,0,59500
HDFC30Jan202420CE.NFO,07/01/2020,09:32:28,58.05,58.75,250,59.15,250,0,59500
HDFC30Jan202420CE.NFO,07/01/2020,09:32:29,58.05,58.65,500,59.1,250,0,59500
HDFC30Jan202420CE.NFO,07/01/2020,09:32:30,58.05,58.55,250,59.05,250,0,59500
HDFC30Jan202420CE.NFO,07/01/2020,09:32:31,58.05,58.6,250,59.05,250,0,59500
HDFC30Jan202420CE.NFO,07/01/2020,09:32:32,58.05,58.65,250,59.05,250,0,59500
HDFC30Jan202420CE.NFO,07/01/2020,09:32:33,58.05,58.65,250,59.15,500,0,59500
HDFC30Jan202420CE.NFO,07/01/2020,09:32:34,58.05,58.65,250,59.1,250,0,59500
HDFC30Jan202420CE.NFO,07/01/2020,09:32:35,58.05,58.6,250,59.05,500,0,59500
HDFC30Jan202420CE.NFO,07/01/2020,09:32:36,58.75,58.6,250,58.95,250,250,59500
HDFC30Jan202420CE.NFO,07/01/2020,09:32:38,58.75,58.6,250,59.05,500,0,59500
HDFC30Jan202420CE.NFO,07/01/2020,09:32:39,58.75,58.6,250,59.05,250,0,59500
HDFC30Jan202420CE.NFO,07/01/2020,09:32:40,58.75,58.45,250,58.9,250,0,59500
HDFC30Jan202420CE.NFO,07/01/2020,09:32:41,58.75,58.45,250,58.85,250,0,59500
HDFC30Jan202420CE.NFO,07/01/2020,09:32:42,58.75,58.35,250,58.8,500,0,59500
HDFC30Jan202420CE.NFO,07/01/2020,09:32:44,58.75,57.95,500,58.5,250,0,59500
HDFC30Jan202420CE.NFO,07/01/2020,09:32:45,58.75,57.95,250,58.4,250,0,59500
HDFC30Jan202420CE.NFO,07/01/2020,09:32:46,58.75,57.95,250,58.5,250,0,59500
HDFC30Jan202420CE.NFO,07/01/2020,09:32:47,58.75,57.95,250,58.4,250,0,59500
HDFC30Jan202420CE.NFO,07/01/2020,09:32:48,58.75,57.7,250,58.15,250,0,59500
HDFC30Jan202420CE.NFO,07/01/2020,09:32:52,58.75,57.7,250,58.15,500,0,59500
HDFC30Jan202420CE.NFO,07/01/2020,09:32:52,58.75,57.75,500,58.15,250,0,59500
HDFC30Jan202420CE.NFO,07/01/2020,09:32:53,58.75,57.85,250,58.3,250,0,59500
HDFC30Jan202420CE.NFO,07/01/2020,09:32:54,58.75,57.9,250,58.4,250,0,59500
HDFC30Jan202420CE.NFO,07/01/2020,09:32:55,58,57.85,250,58.25,250,250,59500
HDFC30Jan202420CE.NFO,07/01/2020,09:32:56,58,57.85,250,58.25,250,0,59500
HDFC30Jan202420CE.NFO,07/01/2020,09:32:57,58,57.85,250,58.2,500,0,59500
HDFC30Jan202420CE.NFO,07/01/2020,09:32:58,58,57.85,250,58.2,250,0,59500
HDFC30Jan202420CE.NFO,07/01/2020,09:33:00,58,57.85,250,58.25,250,0,59500
HDFC30Jan202420CE.NFO,07/01/2020,09:33:01,58,58.1,250,58.3,250,0,59500
HDFC30Jan202420CE.NFO,07/01/2020,09:33:03,58,58,250,58.25,250,0,59500
HDFC30Jan202420CE.NFO,07/01/2020,09:33:04,58,58,500,58.45,750,0,59500
HDFC30Jan202420CE.NFO,07/01/2020,09:33:05,58,58,500,58.4,500,250,59500
HDFC30Jan202420CE.NFO,07/01/2020,09:33:06,58,58,500,58.4,500,0,59500
HDFC30Jan202420CE.NFO,07/01/2020,09:33:07,58,58,500,58.4,250,0,59500
HDFC30Jan202420CE.NFO,07/01/2020,09:33:08,58,58.15,500,58.4,250,0,59500
HDFC30Jan202420CE.NFO,07/01/2020,09:33:08,58,58.05,250,58.55,750,0,59500
HDFC30Jan202420CE.NFO,07/01/2020,09:33:09,58,58.1,500,58.55,750,0,59500
HDFC30Jan202420CE.NFO,07/01/2020,09:33:10,58,58.3,750,58.65,250,0,59500
HDFC30Jan202420CE.NFO,07/01/2020,09:33:11,58,58.3,750,58.85,500,0,59500
HDFC30Jan202420CE.NFO,07/01/2020,09:33:12,58,58.3,750,58.8,250,0,59500
HDFC30Jan202420CE.NFO,07/01/2020,09:33:14,58,58.3,750,58.75,250,0,59500
HDFC30Jan202420CE.NFO,07/01/2020,09:33:15,58,58.4,250,58.75,250,0,59500
HDFC30Jan202420CE.NFO,07/01/2020,09:33:16,58,58.4,750,58.75,250,0,59500
HDFC30Jan202420CE.NFO,07/01/2020,09:33:17,58.4,58.4,250,58.75,250,750,59500
HDFC30Jan202420CE.NFO,07/01/2020,09:33:17,58.4,58.4,250,58.75,250,0,59500
HDFC30Jan202420CE.NFO,07/01/2020,09:33:18,58.4,58.4,500,58.75,500,0,59500
HDFC30Jan202420CE.NFO,07/01/2020,09:33:19,58.4,58.3,250,58.7,250,0,59500
HDFC30Jan202420CE.NFO,07/01/2020,09:33:20,58.4,58.3,500,58.7,250,0,59500
HDFC30Jan202420CE.NFO,07/01/2020,09:33:28,58.4,58.4,500,58.7,250,0,59500
HDFC30Jan202420CE.NFO,07/01/2020,09:33:31,58.7,58.6,250,58.75,250,250,59500
HDFC30Jan202420CE.NFO,07/01/2020,09:33:31,58.75,58.6,250,58.95,250,250,59500
HDFC30Jan202420CE.NFO,07/01/2020,09:33:32,58.75,58.6,250,58.9,250,0,59500
HDFC30Jan202420CE.NFO,07/01/2020,09:33:33,58.75,58.55,250,58.85,250,0,59500
HDFC30Jan202420CE.NFO,07/01/2020,09:33:39,58.75,58.6,250,58.85,250,0,59500
HDFC30Jan202420CE.NFO,07/01/2020,09:33:40,58.75,58.55,750,59,750,0,59500
HDFC30Jan202420CE.NFO,07/01/2020,09:33:42,58.75,58.55,750,58.95,250,0,59500
HDFC30Jan202420CE.NFO,07/01/2020,09:33:44,58.75,58.55,500,58.95,250,0,59500
HDFC30Jan202420CE.NFO,07/01/2020,09:33:45,58.75,58.6,250,58.95,250,0,59500
HDFC30Jan202420CE.NFO,07/01/2020,09:33:47,58.75,58.55,250,58.95,250,0,59500
HDFC30Jan202420CE.NFO,07/01/2020,09:33:52,58.75,58.55,250,58.9,500,0,59500
HDFC30Jan202420CE.NFO,07/01/2020,09:33:53,58.75,58.5,500,58.85,500,0,59500
HDFC30Jan202420CE.NFO,07/01/2020,09:33:57,58.75,58.55,250,58.9,500,0,59500
HDFC30Jan202420CE.NFO,07/01/2020,09:33:58,58.75,58.55,250,58.85,250,0,59500
HDFC30Jan202420CE.NFO,07/01/2020,09:34:00,58.75,58.45,250,58.8,250,0,59500
HDFC30Jan202420CE.NFO,07/01/2020,09:34:01,58.75,58.45,250,58.85,500,0,59500
HDFC30Jan202420CE.NFO,07/01/2020,09:34:04,58.75,58.4,750,58.8,250,0,59500
HDFC30Jan202420CE.NFO,07/01/2020,09:34:05,58.75,58.4,750,58.8,500,0,59500
HDFC30Jan202420CE.NFO,07/01/2020,09:34:06,58.75,57.95,250,58.25,250,0,59500
HDFC30Jan202420CE.NFO,07/01/2020,09:34:07,58.75,57.6,750,58.15,250,0,59500
HDFC30Jan202420CE.NFO,07/01/2020,09:34:08,58.75,57.75,750,58.35,250,0,59500
HDFC30Jan202420CE.NFO,07/01/2020,09:34:09,58.75,57.95,750,58.55,250,0,59500
HDFC30Jan202420CE.NFO,07/01/2020,09:34:10,58.75,58.05,250,58.5,250,0,59500
HDFC30Jan202420CE.NFO,07/01/2020,09:34:11,58.75,58.1,750,58.5,250,0,59500
HDFC30Jan202420CE.NFO,07/01/2020,09:34:16,58.75,58.25,250,58.6,250,0,59500
HDFC30Jan202420CE.NFO,07/01/2020,09:34:21,58.75,58.25,500,58.65,500,0,59500
HDFC30Jan202420CE.NFO,07/01/2020,09:34:27,58.85,58.25,500,58.55,500,500,59500
HDFC30Jan202420CE.NFO,07/01/2020,09:34:32,58.45,58.25,500,58.45,250,250,59500
HDFC30Jan202420CE.NFO,07/01/2020,09:34:39,58.25,58.05,250,58.4,250,1000,59500
HDFC30Jan202420CE.NFO,07/01/2020,09:34:44,58.25,58.05,250,58.25,500,0,59500
HDFC30Jan202420CE.NFO,07/01/2020,09:34:50,58.25,58.2,500,58.65,250,500,59500
HDFC30Jan202420CE.NFO,07/01/2020,09:34:55,58.25,57.95,500,58.45,500,0,59500
HDFC30Jan202420CE.NFO,07/01/2020,09:35:01,58.25,58.2,250,58.65,250,0,59500
HDFC30Jan202420CE.NFO,07/01/2020,09:35:06,58.25,58.15,250,58.5,250,0,59500
HDFC30Jan202420CE.NFO,07/01/2020,09:35:12,58.25,58.1,250,58.5,500,250,59500
HDFC30Jan202420CE.NFO,07/01/2020,09:35:14,58.25,58.1,250,58.45,250,0,59500
HDFC30Jan202420CE.NFO,07/01/2020,09:35:16,58.25,57.85,250,58.2,250,0,59500
HDFC30Jan202420CE.NFO,07/01/2020,09:35:17,58.25,57.8,250,58.1,250,0,59500
HDFC30Jan202420CE.NFO,07/01/2020,09:35:17,58.25,57.8,500,58.15,250,0,59500
HDFC30Jan202420CE.NFO,07/01/2020,09:35:18,58.25,57.85,250,58.15,250,0,59500
HDFC30Jan202420CE.NFO,07/01/2020,09:35:30,58.15,57.9,500,58.25,250,250,57750
HDFC30Jan202420CE.NFO,07/01/2020,09:35:30,58.15,57.95,250,58.25,250,0,57750
HDFC30Jan202420CE.NFO,07/01/2020,09:35:32,58.15,57.8,250,58.1,250,0,57750
HDFC30Jan202420CE.NFO,07/01/2020,09:35:34,58.15,57.65,250,58.05,500,0,57750
HDFC30Jan202420CE.NFO,07/01/2020,09:35:36,58.15,57.65,250,58,250,0,57750
HDFC30Jan202420CE.NFO,07/01/2020,09:35:37,58.15,57.65,250,58.05,250,0,57750
HDFC30Jan202420CE.NFO,07/01/2020,09:35:39,58.15,57.65,250,57.95,250,0,57750
HDFC30Jan202420CE.NFO,07/01/2020,09:35:40,57.65,57.55,1000,58,250,500,57750
HDFC30Jan202420CE.NFO,07/01/2020,09:35:41,57.65,57.5,250,57.85,250,0,57750
HDFC30Jan202420CE.NFO,07/01/2020,09:35:42,57.65,57.5,250,57.9,250,0,57750
HDFC30Jan202420CE.NFO,07/01/2020,09:35:43,57.65,57.5,250,57.95,250,0,57750
HDFC30Jan202420CE.NFO,07/01/2020,09:35:44,57.5,57.25,750,57.5,250,250,57750
HDFC30Jan202420CE.NFO,07/01/2020,09:35:45,57.5,57.05,250,57.45,250,0,57750
HDFC30Jan202420CE.NFO,07/01/2020,09:35:46,57.5,57,2000,57.2,250,0,57750
HDFC30Jan202420CE.NFO,07/01/2020,09:35:47,57.5,57.1,500,57.65,500,0,57750
HDFC30Jan202420CE.NFO,07/01/2020,09:35:48,57.15,57.15,500,57.65,250,250,57750
HDFC30Jan202420CE.NFO,07/01/2020,09:35:49,57.15,57.2,500,57.7,250,0,57750
HDFC30Jan202420CE.NFO,07/01/2020,09:35:50,57.15,57.4,250,57.8,500,0,57750
HDFC30Jan202420CE.NFO,07/01/2020,09:35:51,57.15,57.45,250,57.9,500,0,57750
HDFC30Jan202420CE.NFO,07/01/2020,09:35:52,57.15,57.6,250,58.05,250,0,57750
HDFC30Jan202420CE.NFO,07/01/2020,09:35:53,57.15,57.7,250,58.15,250,0,57750
HDFC30Jan202420CE.NFO,07/01/2020,09:35:55,57.15,57.5,250,58,250,0,57750
HDFC30Jan202420CE.NFO,07/01/2020,09:35:56,57.15,57.5,250,58.05,250,0,57750
HDFC30Jan202420CE.NFO,07/01/2020,09:35:57,57.15,57.5,500,58.05,500,0,57750
HDFC30Jan202420CE.NFO,07/01/2020,09:35:58,57.15,57.35,250,57.9,250,0,57750
HDFC30Jan202420CE.NFO,07/01/2020,09:35:59,57.15,57.45,500,57.95,500,0,57750
HDFC30Jan202420CE.NFO,07/01/2020,09:36:00,57.15,57.45,750,57.95,500,0,57750
HDFC30Jan202420CE.NFO,07/01/2020,09:36:01,57.8,57.9,250,58.45,500,250,57750
HDFC30Jan202420CE.NFO,07/01/2020,09:36:02,57.8,57.85,250,58.25,250,0,57750
HDFC30Jan202420CE.NFO,07/01/2020,09:36:03,57.8,57.85,250,58.35,250,0,57750
HDFC30Jan202420CE.NFO,07/01/2020,09:36:05,57.8,57.65,250,58,250,0,57750
HDFC30Jan202420CE.NFO,07/01/2020,09:36:06,57.8,57.7,250,58.3,250,0,57750
HDFC30Jan202420CE.NFO,07/01/2020,09:36:07,57.8,57.9,250,58.35,250,0,57750
HDFC30Jan202420CE.NFO,07/01/2020,09:36:08,57.8,57.7,250,58.15,250,0,57750
HDFC30Jan202420CE.NFO,07/01/2020,09:36:09,57.8,57.75,250,58.25,250,0,57750
HDFC30Jan202420CE.NFO,07/01/2020,09:36:11,57.8,57.8,500,58.25,250,0,57750
HDFC30Jan202420CE.NFO,07/01/2020,09:36:12,58.25,57.95,250,58.35,250,250,57750
HDFC30Jan202420CE.NFO,07/01/2020,09:36:13,58.25,57.9,250,58.35,250,0,57750
HDFC30Jan202420CE.NFO,07/01/2020,09:36:14,58.25,57.9,500,58.3,250,0,57750
HDFC30Jan202420CE.NFO,07/01/2020,09:36:16,58.25,57.75,250,58.2,250,0,57750
HDFC30Jan202420CE.NFO,07/01/2020,09:36:17,58.25,57.85,250,58.2,250,0,57750
HDFC30Jan202420CE.NFO,07/01/2020,09:36:18,58.25,57.85,250,58.2,500,0,57750
HDFC30Jan202420CE.NFO,07/01/2020,09:36:18,58.25,57.95,250,58.4,250,0,57750
HDFC30Jan202420CE.NFO,07/01/2020,09:36:19,58.25,58.1,250,58.65,500,0,57750
HDFC30Jan202420CE.NFO,07/01/2020,09:36:20,58.25,58.05,250,58.55,250,0,57750
HDFC30Jan202420CE.NFO,07/01/2020,09:36:22,58.25,58,250,58.4,250,0,57750
HDFC30Jan202420CE.NFO,07/01/2020,09:36:23,58.25,58.1,250,58.4,250,0,57750
HDFC30Jan202420CE.NFO,07/01/2020,09:36:24,58.25,58.05,250,58.5,250,0,57750
HDFC30Jan202420CE.NFO,07/01/2020,09:36:24,58.25,58.25,250,58.5,250,0,57750
HDFC30Jan202420CE.NFO,07/01/2020,09:36:26,58.25,58.25,250,58.6,250,0,57750
HDFC30Jan202420CE.NFO,07/01/2020,09:36:29,58.25,58.25,250,58.65,250,0,57750
HDFC30Jan202420CE.NFO,07/01/2020,09:36:29,58.25,58.25,250,58.6,250,0,57750
HDFC30Jan202420CE.NFO,07/01/2020,09:36:32,58.25,58.25,250,58.65,250,0,57750
HDFC30Jan202420CE.NFO,07/01/2020,09:36:33,58.25,58.25,250,58.6,250,0,57750
HDFC30Jan202420CE.NFO,07/01/2020,09:36:34,58.25,58.25,250,58.55,250,0,57750
HDFC30Jan202420CE.NFO,07/01/2020,09:36:35,58.25,58.3,500,58.8,250,0,57750
HDFC30Jan202420CE.NFO,07/01/2020,09:36:35,58.25,58.35,250,58.75,250,0,57750
HDFC30Jan202420CE.NFO,07/01/2020,09:36:36,58.25,58.35,250,58.75,750,0,57750
HDFC30Jan202420CE.NFO,07/01/2020,09:36:37,58.25,58.35,250,58.75,500,0,57750
HDFC30Jan202420CE.NFO,07/01/2020,09:36:38,58.25,58.4,250,58.75,500,0,57750
HDFC30Jan202420CE.NFO,07/01/2020,09:36:44,58.25,58.35,250,58.65,250,0,57750
HDFC30Jan202420CE.NFO,07/01/2020,09:36:46,58.3,58.25,250,58.45,250,250,57750
HDFC30Jan202420CE.NFO,07/01/2020,09:36:46,58.3,58.25,250,58.45,250,0,57750
HDFC30Jan202420CE.NFO,07/01/2020,09:36:47,58.3,58.25,250,58.5,250,0,57750
HDFC30Jan202420CE.NFO,07/01/2020,09:36:48,58.3,58.25,250,58.45,250,0,57750
HDFC30Jan202420CE.NFO,07/01/2020,09:36:49,58.3,58.25,250,58.5,250,0,57750
HDFC30Jan202420CE.NFO,07/01/2020,09:36:50,58.3,58.3,500,58.75,250,0,57750
HDFC30Jan202420CE.NFO,07/01/2020,09:36:51,58.3,58.3,750,58.8,250,0,57750
HDFC30Jan202420CE.NFO,07/01/2020,09:36:53,58.3,58.4,500,58.85,250,0,57750
HDFC30Jan202420CE.NFO,07/01/2020,09:36:55,58.3,58.3,250,58.8,250,0,57750
HDFC30Jan202420CE.NFO,07/01/2020,09:36:56,58.3,58.35,500,58.85,500,0,57750
HDFC30Jan202420CE.NFO,07/01/2020,09:36:58,58.3,58.25,250,58.55,250,0,57750
HDFC30Jan202420CE.NFO,07/01/2020,09:36:59,58.3,58.25,250,58.45,250,0,57750
HDFC30Jan202420CE.NFO,07/01/2020,09:37:00,58.25,57.9,750,58.45,500,250,57750
HDFC30Jan202420CE.NFO,07/01/2020,09:37:01,58.25,57.9,750,58.4,250,0,57750
HDFC30Jan202420CE.NFO,07/01/2020,09:37:03,58.25,57.5,250,58,250,0,57750
HDFC30Jan202420CE.NFO,07/01/2020,09:37:03,58.25,57.6,250,58,250,0,57750
HDFC30Jan202420CE.NFO,07/01/2020,09:37:06,58.25,57.4,250,57.9,500,0,57750
HDFC30Jan202420CE.NFO,07/01/2020,09:37:07,58.25,57.25,250,57.8,250,0,57750
HDFC30Jan202420CE.NFO,07/01/2020,09:37:08,58.25,57.35,250,57.8,500,0,57750
HDFC30Jan202420CE.NFO,07/01/2020,09:37:09,58.25,57.2,250,57.65,250,0,57750
HDFC30Jan202420CE.NFO,07/01/2020,09:37:10,58.25,57.3,250,57.65,250,0,57750
HDFC30Jan202420CE.NFO,07/01/2020,09:37:11,58.25,57.25,250,57.65,250,0,57750
HDFC30Jan202420CE.NFO,07/01/2020,09:37:12,58.25,57.3,250,57.65,250,0,57750
HDFC30Jan202420CE.NFO,07/01/2020,09:37:14,58.25,57.35,250,57.8,250,0,57750
HDFC30Jan202420CE.NFO,07/01/2020,09:37:15,58.25,57.35,250,57.75,250,0,57750
HDFC30Jan202420CE.NFO,07/01/2020,09:37:15,58.25,57.2,250,57.75,250,0,57750
HDFC30Jan202420CE.NFO,07/01/2020,09:37:17,58.25,57.35,250,57.75,250,0,57750
HDFC30Jan202420CE.NFO,07/01/2020,09:37:18,58.25,57.4,250,57.8,250,0,57750
HDFC30Jan202420CE.NFO,07/01/2020,09:37:18,58.25,57.45,250,57.95,500,0,57750
HDFC30Jan202420CE.NFO,07/01/2020,09:37:19,58.25,57.45,250,57.9,250,0,57750
HDFC30Jan202420CE.NFO,07/01/2020,09:37:20,57.5,57.4,500,57.75,250,250,57750
HDFC30Jan202420CE.NFO,07/01/2020,09:37:22,57.5,57.4,500,57.8,250,0,57750
HDFC30Jan202420CE.NFO,07/01/2020,09:37:24,57.5,57.5,250,57.8,250,0,57750
HDFC30Jan202420CE.NFO,07/01/2020,09:37:26,57.5,57.45,250,57.8,250,0,57750
HDFC30Jan202420CE.NFO,07/01/2020,09:37:29,57.5,57.45,250,57.75,250,0,57750
HDFC30Jan202420CE.NFO,07/01/2020,09:37:30,57.5,57.45,250,57.75,500,0,57750
HDFC30Jan202420CE.NFO,07/01/2020,09:37:34,57.5,57.45,250,57.7,250,0,57750
HDFC30Jan202420CE.NFO,07/01/2020,09:37:38,57.5,57.45,250,57.85,250,0,57750
HDFC30Jan202420CE.NFO,07/01/2020,09:37:40,57.5,57.45,250,57.85,500,0,57750
HDFC30Jan202420CE.NFO,07/01/2020,09:37:41,57.5,57.45,250,57.8,250,0,57750
HDFC30Jan202420CE.NFO,07/01/2020,09:37:43,57.5,57.5,250,57.95,250,0,57750
HDFC30Jan202420CE.NFO,07/01/2020,09:37:46,57.5,57.55,250,57.95,250,0,57750
HDFC30Jan202420CE.NFO,07/01/2020,09:37:47,57.5,57.6,500,58.05,250,0,57750
HDFC30Jan202420CE.NFO,07/01/2020,09:37:48,57.5,57.6,500,57.95,250,0,57750
HDFC30Jan202420CE.NFO,07/01/2020,09:37:49,57.5,57.6,500,58,250,0,57750
HDFC30Jan202420CE.NFO,07/01/2020,09:37:50,57.5,57.6,500,58,500,0,57750
HDFC30Jan202420CE.NFO,07/01/2020,09:37:53,57.5,57.6,750,58.05,250,0,57750
HDFC30Jan202420CE.NFO,07/01/2020,09:37:54,57.5,57.45,250,57.9,250,0,57750
HDFC30Jan202420CE.NFO,07/01/2020,09:37:55,57.5,57.45,250,57.8,250,0,57750
HDFC30Jan202420CE.NFO,07/01/2020,09:37:56,57.5,57.3,500,57.8,250,0,57750
HDFC30Jan202420CE.NFO,07/01/2020,09:37:57,57.5,57.3,750,57.85,250,0,57750
HDFC30Jan202420CE.NFO,07/01/2020,09:37:58,57.5,57.45,250,57.9,250,0,57750
HDFC30Jan202420CE.NFO,07/01/2020,09:38:00,57.5,57.5,500,58,250,0,57750
HDFC30Jan202420CE.NFO,07/01/2020,09:38:02,57.5,57.4,500,57.8,250,0,57750
HDFC30Jan202420CE.NFO,07/01/2020,09:38:04,57.8,57.85,250,58.45,250,250,57750
HDFC30Jan202420CE.NFO,07/01/2020,09:38:05,57.8,57.4,250,57.85,250,0,57750
HDFC30Jan202420CE.NFO,07/01/2020,09:38:06,57.8,57.35,250,57.85,250,0,57750
HDFC30Jan202420CE.NFO,07/01/2020,09:38:06,57.8,57.4,250,57.85,250,0,57750
HDFC30Jan202420CE.NFO,07/01/2020,09:38:11,57.8,57.5,250,57.9,250,0,57750
HDFC30Jan202420CE.NFO,07/01/2020,09:38:13,57.8,57.5,250,57.95,250,0,57750
HDFC30Jan202420CE.NFO,07/01/2020,09:38:15,57.8,57.55,500,57.95,250,0,57750
HDFC30Jan202420CE.NFO,07/01/2020,09:38:16,57.8,57.55,500,57.95,500,0,57750
HDFC30Jan202420CE.NFO,07/01/2020,09:38:16,57.8,57.55,500,57.9,500,0,57750
HDFC30Jan202420CE.NFO,07/01/2020,09:38:19,57.8,57.45,250,57.9,250,0,57750
HDFC30Jan202420CE.NFO,07/01/2020,09:38:21,58,57.5,250,57.95,500,250,57250
HDFC30Jan202420CE.NFO,07/01/2020,09:38:23,58,57.5,500,57.95,750,0,57250
HDFC30Jan202420CE.NFO,07/01/2020,09:38:25,58,57.5,250,57.85,250,0,57250
HDFC30Jan202420CE.NFO,07/01/2020,09:38:26,58,57.15,250,57.65,500,0,57250
HDFC30Jan202420CE.NFO,07/01/2020,09:38:27,58,57.2,250,57.6,250,0,57250
HDFC30Jan202420CE.NFO,07/01/2020,09:38:28,58,57.1,250,57.55,250,0,57250
HDFC30Jan202420CE.NFO,07/01/2020,09:38:29,58,57.05,250,57.45,250,0,57250
HDFC30Jan202420CE.NFO,07/01/2020,09:38:30,57,56.5,250,56.9,500,2250,57250
HDFC30Jan202420CE.NFO,07/01/2020,09:38:32,57,56.5,250,56.9,500,0,57250
HDFC30Jan202420CE.NFO,07/01/2020,09:38:33,57,56.5,250,56.9,250,0,57250
HDFC30Jan202420CE.NFO,07/01/2020,09:38:34,57,56.45,250,57.05,250,0,57250
HDFC30Jan202420CE.NFO,07/01/2020,09:38:35,57,56.55,500,57.15,250,0,57250
HDFC30Jan202420CE.NFO,07/01/2020,09:38:36,57,56.6,500,57.15,250,0,57250
HDFC30Jan202420CE.NFO,07/01/2020,09:38:37,57,56.65,250,57.25,500,0,57250
HDFC30Jan202420CE.NFO,07/01/2020,09:38:38,57,56.35,500,57,500,0,57250
HDFC30Jan202420CE.NFO,07/01/2020,09:38:40,57,56.35,250,57.05,750,0,57250
HDFC30Jan202420CE.NFO,07/01/2020,09:38:41,57,56.4,500,57.05,750,0,57250
HDFC30Jan202420CE.NFO,07/01/2020,09:38:42,57,56.4,500,57.05,500,0,57250
HDFC30Jan202420CE.NFO,07/01/2020,09:38:44,57,56.5,1000,57.05,250,0,57250
HDFC30Jan202420CE.NFO,07/01/2020,09:38:46,57,56.45,500,56.95,250,0,57250
HDFC30Jan202420CE.NFO,07/01/2020,09:38:47,57,56.5,500,57.05,250,0,57250
HDFC30Jan202420CE.NFO,07/01/2020,09:38:48,57,56.6,750,57.05,250,0,57250
HDFC30Jan202420CE.NFO,07/01/2020,09:38:50,57,56.6,750,57.05,500,0,57250
HDFC30Jan202420CE.NFO,07/01/2020,09:38:51,57,56.6,750,57.05,250,0,57250
HDFC30Jan202420CE.NFO,07/01/2020,09:38:51,57,56.6,750,57.15,500,0,57250
HDFC30Jan202420CE.NFO,07/01/2020,09:38:53,57,56.6,750,57.1,250,0,57250
HDFC30Jan202420CE.NFO,07/01/2020,09:38:54,57,56.75,250,57.15,250,0,57250
HDFC30Jan202420CE.NFO,07/01/2020,09:38:55,57,56.85,250,57.15,250,0,57250
HDFC30Jan202420CE.NFO,07/01/2020,09:38:57,57,56.7,250,57.2,250,0,57250
HDFC30Jan202420CE.NFO,07/01/2020,09:38:59,57,56.8,500,57.2,250,0,57250
HDFC30Jan202420CE.NFO,07/01/2020,09:39:00,57,57,250,57.4,250,0,57250
HDFC30Jan202420CE.NFO,07/01/2020,09:39:01,57,57,250,57.35,250,0,57250
HDFC30Jan202420CE.NFO,07/01/2020,09:39:04,57,56.85,1000,57.4,500,0,57250
HDFC30Jan202420CE.NFO,07/01/2020,09:39:08,57.4,56.95,750,57.45,250,250,57250
HDFC30Jan202420CE.NFO,07/01/2020,09:39:10,57.4,56.95,750,57.45,250,0,57250
HDFC30Jan202420CE.NFO,07/01/2020,09:39:11,57.4,57.05,250,57.65,500,0,57250
HDFC30Jan202420CE.NFO,07/01/2020,09:39:11,57.4,57.1,250,57.6,250,0,57250
HDFC30Jan202420CE.NFO,07/01/2020,09:39:12,57.4,57.05,250,57.55,250,0,57250
HDFC30Jan202420CE.NFO,07/01/2020,09:39:14,57.4,57.1,250,57.55,250,0,57250
HDFC30Jan202420CE.NFO,07/01/2020,09:39:15,57.4,57,250,57.55,500,0,57250
HDFC30Jan202420CE.NFO,07/01/2020,09:39:16,57.4,57.4,250,57.7,250,0,57250
HDFC30Jan202420CE.NFO,07/01/2020,09:39:17,57.4,57.3,250,57.7,250,0,57250
HDFC30Jan202420CE.NFO,07/01/2020,09:39:18,57.4,57.2,250,57.55,250,0,57250
HDFC30Jan202420CE.NFO,07/01/2020,09:39:19,57.4,57.2,250,57.65,250,0,57250
HDFC30Jan202420CE.NFO,07/01/2020,09:39:20,57.4,57.25,250,57.7,250,0,57250
HDFC30Jan202420CE.NFO,07/01/2020,09:39:21,57.4,57.3,250,57.7,250,0,57250
HDFC30Jan202420CE.NFO,07/01/2020,09:39:22,57.4,57.4,500,57.9,250,0,57250
HDFC30Jan202420CE.NFO,07/01/2020,09:39:22,57.4,57.45,250,57.9,250,0,57250
HDFC30Jan202420CE.NFO,07/01/2020,09:39:25,57.4,57.55,250,57.9,250,0,57250
HDFC30Jan202420CE.NFO,07/01/2020,09:39:26,57.4,57.55,250,57.95,250,0,57250
HDFC30Jan202420CE.NFO,07/01/2020,09:39:27,57.4,57.45,750,57.95,250,0,57250
HDFC30Jan202420CE.NFO,07/01/2020,09:39:28,57.4,57.5,750,57.95,250,0,57250
HDFC30Jan202420CE.NFO,07/01/2020,09:39:30,57.4,57.55,250,58,2000,0,57250
HDFC30Jan202420CE.NFO,07/01/2020,09:39:31,57.4,57.55,250,57.95,250,0,57250
HDFC30Jan202420CE.NFO,07/01/2020,09:39:32,57.4,57.55,250,57.9,250,0,57250
HDFC30Jan202420CE.NFO,07/01/2020,09:39:34,57.4,57.5,250,58,2000,0,57250
HDFC30Jan202420CE.NFO,07/01/2020,09:39:35,57.4,57.55,250,58,2000,0,57250
HDFC30Jan202420CE.NFO,07/01/2020,09:39:35,57.4,57.45,500,57.95,250,0,57250
HDFC30Jan202420CE.NFO,07/01/2020,09:39:36,57.4,57.45,500,57.95,500,0,57250
HDFC30Jan202420CE.NFO,07/01/2020,09:39:37,57.4,57.45,250,57.95,250,0,57250
HDFC30Jan202420CE.NFO,07/01/2020,09:39:38,57.4,57.8,500,58,2000,0,57250
HDFC30Jan202420CE.NFO,07/01/2020,09:39:40,57.4,57.8,250,58,2000,0,57250
HDFC30Jan202420CE.NFO,07/01/2020,09:39:41,57.4,57.55,250,58,2000,0,57250
HDFC30Jan202420CE.NFO,07/01/2020,09:39:42,57.4,57.7,250,58,2000,0,57250
HDFC30Jan202420CE.NFO,07/01/2020,09:39:44,57.4,57.75,250,58,2000,0,57250
HDFC30Jan202420CE.NFO,07/01/2020,09:39:45,58.05,58.05,250,58.5,250,2250,57250
HDFC30Jan202420CE.NFO,07/01/2020,09:39:46,58.05,58.05,250,58.5,250,0,57250
HDFC30Jan202420CE.NFO,07/01/2020,09:39:47,58.05,58.1,250,58.6,250,0,57250
HDFC30Jan202420CE.NFO,07/01/2020,09:39:48,58.05,58.3,500,58.75,250,0,57250
HDFC30Jan202420CE.NFO,07/01/2020,09:39:50,58.05,58.35,500,58.75,250,0,57250
HDFC30Jan202420CE.NFO,07/01/2020,09:39:51,58.05,58.3,250,58.85,250,0,57250
HDFC30Jan202420CE.NFO,07/01/2020,09:39:52,58.05,58.4,250,58.7,250,0,57250
HDFC30Jan202420CE.NFO,07/01/2020,09:39:53,58.05,58.5,250,58.7,250,0,57250
HDFC30Jan202420CE.NFO,07/01/2020,09:39:54,58.05,58.55,250,58.8,500,0,57250
HDFC30Jan202420CE.NFO,07/01/2020,09:39:54,58.05,58.55,250,58.8,250,0,57250
HDFC30Jan202420CE.NFO,07/01/2020,09:39:56,58.6,58.35,500,58.8,250,500,57250
HDFC30Jan202420CE.NFO,07/01/2020,09:39:57,58.6,58.2,250,58.65,250,0,57250
HDFC30Jan202420CE.NFO,07/01/2020,09:39:58,58.6,58.05,250,58.5,250,0,57250
HDFC30Jan202420CE.NFO,07/01/2020,09:39:59,58.6,58.15,250,58.45,250,0,57250
HDFC30Jan202420CE.NFO,07/01/2020,09:40:00,58.6,58.2,500,58.6,250,0,57250
HDFC30Jan202420CE.NFO,07/01/2020,09:40:00,58.6,58.35,250,58.8,250,0,57250
HDFC30Jan202420CE.NFO,07/01/2020,09:40:01,58.6,58.5,250,58.75,250,0,57250
HDFC30Jan202420CE.NFO,07/01/2020,09:40:03,58.5,58.4,250,58.9,750,500,57250
HDFC30Jan202420CE.NFO,07/01/2020,09:40:04,58.5,58.35,250,58.85,500,0,57250
HDFC30Jan202420CE.NFO,07/01/2020,09:40:05,58.5,58.4,500,58.9,500,0,57250
HDFC30Jan202420CE.NFO,07/01/2020,09:40:06,58.5,58.6,250,58.9,250,0,57250
HDFC30Jan202420CE.NFO,07/01/2020,09:40:07,58.5,58.5,250,58.9,250,0,57250
HDFC30Jan202420CE.NFO,07/01/2020,09:40:08,58.5,58.4,250,58.75,250,0,57250
HDFC30Jan202420CE.NFO,07/01/2020,09:40:08,58.5,58.4,250,58.8,250,0,57250
HDFC30Jan202420CE.NFO,07/01/2020,09:40:09,58.5,58.35,250,58.8,250,0,57250
HDFC30Jan202420CE.NFO,07/01/2020,09:40:14,58.5,58.4,250,58.85,500,0,57250
HDFC30Jan202420CE.NFO,07/01/2020,09:40:15,58.5,58.25,500,58.75,250,0,57250
HDFC30Jan202420CE.NFO,07/01/2020,09:40:16,58.5,58.25,250,58.7,250,0,57250
HDFC30Jan202420CE.NFO,07/01/2020,09:40:16,58.5,58.35,250,58.85,500,0,57250
HDFC30Jan202420CE.NFO,07/01/2020,09:40:18,58.5,58.35,750,58.85,500,0,57250
HDFC30Jan202420CE.NFO,07/01/2020,09:40:18,58.5,58.45,250,58.85,500,0,57250
HDFC30Jan202420CE.NFO,07/01/2020,09:40:20,58.5,58.25,500,58.7,500,0,57250
HDFC30Jan202420CE.NFO,07/01/2020,09:40:21,58.5,58.3,250,58.7,250,0,57250
HDFC30Jan202420CE.NFO,07/01/2020,09:40:22,58.5,58.35,250,58.7,250,0,57250
HDFC30Jan202420CE.NFO,07/01/2020,09:40:23,58.5,58.3,250,58.7,250,0,57250
HDFC30Jan202420CE.NFO,07/01/2020,09:40:24,58.5,58.35,250,58.7,250,0,57250
HDFC30Jan202420CE.NFO,07/01/2020,09:40:25,58.5,58.3,250,58.7,250,0,57250
HDFC30Jan202420CE.NFO,07/01/2020,09:40:26,58.5,58.35,750,58.7,250,0,57250
HDFC30Jan202420CE.NFO,07/01/2020,09:40:26,58.5,58.4,250,58.85,250,0,57250
HDFC30Jan202420CE.NFO,07/01/2020,09:40:27,58.5,58.45,750,58.85,250,0,57250
HDFC30Jan202420CE.NFO,07/01/2020,09:40:28,58.5,58.5,250,58.9,500,0,57250
HDFC30Jan202420CE.NFO,07/01/2020,09:40:29,58.5,58.55,250,58.9,500,0,57250
HDFC30Jan202420CE.NFO,07/01/2020,09:40:30,58.5,58.45,250,58.9,500,0,57250
HDFC30Jan202420CE.NFO,07/01/2020,09:40:31,58.5,58.4,250,58.9,250,0,57250
HDFC30Jan202420CE.NFO,07/01/2020,09:40:33,58.85,58.7,250,59,750,250,57250
HDFC30Jan202420CE.NFO,07/01/2020,09:40:34,58.85,58.75,250,59,750,0,57250
HDFC30Jan202420CE.NFO,07/01/2020,09:40:37,58.85,58.8,250,59,750,0,57250
HDFC30Jan202420CE.NFO,07/01/2020,09:40:38,58.95,58.85,250,59,750,250,57250
HDFC30Jan202420CE.NFO,07/01/2020,09:40:39,58.95,58.85,250,59,750,0,57250
HDFC30Jan202420CE.NFO,07/01/2020,09:40:41,59,59,250,59.35,250,750,57250
HDFC30Jan202420CE.NFO,07/01/2020,09:40:42,59,59.05,500,59.35,250,0,57250
HDFC30Jan202420CE.NFO,07/01/2020,09:40:44,59.4,59.4,750,59.9,250,250,57250
HDFC30Jan202420CE.NFO,07/01/2020,09:40:45,59.4,59.4,750,59.85,250,0,57250
HDFC30Jan202420CE.NFO,07/01/2020,09:40:46,59.4,59.3,250,59.65,250,500,57250
HDFC30Jan202420CE.NFO,07/01/2020,09:40:47,59.4,59.3,250,59.7,250,0,57250
HDFC30Jan202420CE.NFO,07/01/2020,09:40:47,59.7,59.35,250,59.75,250,250,57250
HDFC30Jan202420CE.NFO,07/01/2020,09:40:49,59.7,59.3,250,59.75,250,0,57250
HDFC30Jan202420CE.NFO,07/01/2020,09:40:49,59.7,59.25,500,59.75,250,0,57250
HDFC30Jan202420CE.NFO,07/01/2020,09:40:50,59.7,59.3,250,59.55,250,0,57250
HDFC30Jan202420CE.NFO,07/01/2020,09:40:53,59.7,59,250,59.45,250,0,57250
HDFC30Jan202420CE.NFO,07/01/2020,09:40:54,59.7,58.7,250,59.35,500,0,57250
HDFC30Jan202420CE.NFO,07/01/2020,09:40:55,59.7,58.9,500,59.35,250,0,57250
HDFC30Jan202420CE.NFO,07/01/2020,09:40:56,59.7,58.9,250,59.3,250,0,57250
HDFC30Jan202420CE.NFO,07/01/2020,09:40:57,59.7,58.8,500,59.25,250,0,57250
HDFC30Jan202420CE.NFO,07/01/2020,09:40:58,59.7,58.85,500,59.3,500,0,57250
HDFC30Jan202420CE.NFO,07/01/2020,09:40:59,59.7,59,250,59.45,500,0,57250
HDFC30Jan202420CE.NFO,07/01/2020,09:41:00,59.7,58.9,250,59.35,250,0,57250
HDFC30Jan202420CE.NFO,07/01/2020,09:41:01,59.7,58.7,250,59.15,250,0,57250
HDFC30Jan202420CE.NFO,07/01/2020,09:41:03,59.7,58.85,250,59.2,250,0,57250
HDFC30Jan202420CE.NFO,07/01/2020,09:41:05,59.7,58.7,250,59.15,250,0,57250
HDFC30Jan202420CE.NFO,07/01/2020,09:41:06,59.7,58.8,250,59.2,250,0,57250
HDFC30Jan202420CE.NFO,07/01/2020,09:41:07,59.7,58.55,750,59.15,750,0,57250
HDFC30Jan202420CE.NFO,07/01/2020,09:41:08,59.7,58.7,250,59.1,250,0,57250
HDFC30Jan202420CE.NFO,07/01/2020,09:41:08,59.7,58.65,250,59.1,250,0,57250
HDFC30Jan202420CE.NFO,07/01/2020,09:41:09,59.7,58.65,500,59.1,250,0,57250
HDFC30Jan202420CE.NFO,07/01/2020,09:41:10,59.7,58.7,500,59.1,250,0,57250
HDFC30Jan202420CE.NFO,07/01/2020,09:41:11,59.7,58.85,250,59.25,250,0,57250
HDFC30Jan202420CE.NFO,07/01/2020,09:41:12,59.7,58.8,500,59.25,250,0,57250
HDFC30Jan202420CE.NFO,07/01/2020,09:41:13,59.7,58.85,500,59.25,250,0,57250
HDFC30Jan202420CE.NFO,07/01/2020,09:41:16,59.7,58.75,250,59.2,500,0,57250
HDFC30Jan202420CE.NFO,07/01/2020,09:41:16,59.7,58.8,250,59.2,500,0,57250
HDFC30Jan202420CE.NFO,07/01/2020,09:41:18,59.7,58.9,500,59.35,500,0,57250
HDFC30Jan202420CE.NFO,07/01/2020,09:41:19,59.7,58.95,250,59.35,750,0,57250
HDFC30Jan202420CE.NFO,07/01/2020,09:41:23,59.7,58.95,500,59.3,500,0,57250
HDFC30Jan202420CE.NFO,07/01/2020,09:41:23,59.7,59,250,59.3,500,0,57250
HDFC30Jan202420CE.NFO,07/01/2020,09:41:24,59.7,58.7,250,59.05,250,0,57250
HDFC30Jan202420CE.NFO,07/01/2020,09:41:26,59.7,58.7,250,59.1,250,0,57250
HDFC30Jan202420CE.NFO,07/01/2020,09:41:29,59.7,58.6,250,59.05,250,0,57250
HDFC30Jan202420CE.NFO,07/01/2020,09:41:30,59.7,58.65,500,59.05,250,0,57250
HDFC30Jan202420CE.NFO,07/01/2020,09:41:30,59.7,58.65,500,59.05,500,0,57250
HDFC30Jan202420CE.NFO,07/01/2020,09:41:31,59.7,58.6,250,59.05,250,0,57250
HDFC30Jan202420CE.NFO,07/01/2020,09:41:32,59.7,58.65,500,59.15,250,0,57250
HDFC30Jan202420CE.NFO,07/01/2020,09:41:33,59.7,58.7,250,59.15,750,0,57250
HDFC30Jan202420CE.NFO,07/01/2020,09:41:34,59.7,58.7,250,59.2,250,0,57250
HDFC30Jan202420CE.NFO,07/01/2020,09:41:36,59.7,58.7,250,59.1,250,0,57250
HDFC30Jan202420CE.NFO,07/01/2020,09:41:37,59.7,58.7,250,59.15,250,0,57250
HDFC30Jan202420CE.NFO,07/01/2020,09:41:40,59.05,58.8,250,59.1,250,250,56250
HDFC30Jan202420CE.NFO,07/01/2020,09:41:42,59.05,58.8,250,59.05,250,0,56250
HDFC30Jan202420CE.NFO,07/01/2020,09:41:44,59.05,58.65,250,59.05,500,0,56250
HDFC30Jan202420CE.NFO,07/01/2020,09:41:45,59.05,58.65,250,59,250,0,56250
HDFC30Jan202420CE.NFO,07/01/2020,09:41:46,59.05,58.65,250,59,500,0,56250
HDFC30Jan202420CE.NFO,07/01/2020,09:41:47,59.05,58.65,250,58.95,250,0,56250
HDFC30Jan202420CE.NFO,07/01/2020,09:41:52,59.05,58.2,250,58.75,500,0,56250
HDFC30Jan202420CE.NFO,07/01/2020,09:41:53,59.05,58.25,250,58.75,500,0,56250
HDFC30Jan202420CE.NFO,07/01/2020,09:41:53,59.05,58.3,250,58.75,500,0,56250
HDFC30Jan202420CE.NFO,07/01/2020,09:41:55,59.05,58.35,250,58.75,500,0,56250
HDFC30Jan202420CE.NFO,07/01/2020,09:41:56,59.05,58.25,250,58.75,500,0,56250
HDFC30Jan202420CE.NFO,07/01/2020,09:41:57,59.05,58.3,500,58.75,500,0,56250
HDFC30Jan202420CE.NFO,07/01/2020,09:41:59,59.05,58.3,750,58.75,500,0,56250
HDFC30Jan202420CE.NFO,07/01/2020,09:42:01,59.05,58.3,750,58.65,500,0,56250
HDFC30Jan202420CE.NFO,07/01/2020,09:42:06,59.05,58.3,250,58.65,500,0,56250
HDFC30Jan202420CE.NFO,07/01/2020,09:42:09,59.05,58.3,250,58.65,1000,0,56250
HDFC30Jan202420CE.NFO,07/01/2020,09:42:14,59.05,58.3,250,58.65,500,0,56250
HDFC30Jan202420CE.NFO,07/01/2020,09:42:16,59.05,58.4,250,58.8,250,0,56250
HDFC30Jan202420CE.NFO,07/01/2020,09:42:19,59.05,58.5,250,58.85,250,0,56250
HDFC30Jan202420CE.NFO,07/01/2020,09:42:20,59.05,58.45,250,58.85,250,0,56250
HDFC30Jan202420CE.NFO,07/01/2020,09:42:22,59.05,58.5,250,58.85,250,0,56250
HDFC30Jan202420CE.NFO,07/01/2020,09:42:23,58.3,58.25,500,58.75,250,250,56250
HDFC30Jan202420CE.NFO,07/01/2020,09:42:24,58.3,58.3,250,58.75,250,0,56250
HDFC30Jan202420CE.NFO,07/01/2020,09:42:26,58.3,58.3,250,58.7,250,0,56250
HDFC30Jan202420CE.NFO,07/01/2020,09:42:27,58.3,58.25,250,58.7,750,0,56250
HDFC30Jan202420CE.NFO,07/01/2020,09:42:28,58.3,58.35,250,58.75,250,0,56250
HDFC30Jan202420CE.NFO,07/01/2020,09:42:31,58.3,58.3,250,58.6,500,0,56250
HDFC30Jan202420CE.NFO,07/01/2020,09:42:33,58.3,58.35,250,58.6,750,0,56250
HDFC30Jan202420CE.NFO,07/01/2020,09:42:33,58.3,58,250,58.5,250,0,56250
HDFC30Jan202420CE.NFO,07/01/2020,09:42:34,58.3,58.05,250,58.5,250,0,56250
HDFC30Jan202420CE.NFO,07/01/2020,09:42:35,58.3,58.1,250,58.5,500,0,56250
HDFC30Jan202420CE.NFO,07/01/2020,09:42:36,58.3,58.1,500,58.5,500,0,56250
HDFC30Jan202420CE.NFO,07/01/2020,09:42:38,58.3,58.05,250,58.4,250,0,56250
HDFC30Jan202420CE.NFO,07/01/2020,09:42:39,58.3,58.1,250,58.4,250,0,56250
HDFC30Jan202420CE.NFO,07/01/2020,09:42:40,58.3,58.1,500,58.4,250,0,56250
HDFC30Jan202420CE.NFO,07/01/2020,09:42:40,58.3,58.15,250,58.4,250,0,56250
HDFC30Jan202420CE.NFO,07/01/2020,09:42:43,58.3,57.9,500,58.2,250,0,56250
HDFC30Jan202420CE.NFO,07/01/2020,09:42:44,58.3,57.7,750,58.1,500,0,56250
HDFC30Jan202420CE.NFO,07/01/2020,09:42:45,58.3,57.6,500,57.9,250,0,56250
HDFC30Jan202420CE.NFO,07/01/2020,09:42:49,58.3,57.7,250,57.9,250,0,56250
HDFC30Jan202420CE.NFO,07/01/2020,09:42:51,58.3,57.65,750,57.9,250,0,56250
HDFC30Jan202420CE.NFO,07/01/2020,09:42:52,58.3,57.7,250,57.9,250,0,56250
HDFC30Jan202420CE.NFO,07/01/2020,09:42:53,58.3,57.75,500,57.9,250,0,56250
HDFC30Jan202420CE.NFO,07/01/2020,09:42:55,58.3,57.6,250,57.9,250,0,56250
HDFC30Jan202420CE.NFO,07/01/2020,09:42:56,58.3,57.5,250,57.9,250,0,56250
HDFC30Jan202420CE.NFO,07/01/2020,09:42:57,58.3,57.45,250,57.9,250,0,56250
HDFC30Jan202420CE.NFO,07/01/2020,09:42:58,58.3,57.1,500,57.6,250,0,56250
HDFC30Jan202420CE.NFO,07/01/2020,09:42:58,58.3,57.25,250,57.6,250,0,56250
HDFC30Jan202420CE.NFO,07/01/2020,09:42:59,58.3,57.2,500,57.6,250,0,56250
HDFC30Jan202420CE.NFO,07/01/2020,09:43:00,58.3,57.2,250,57.6,250,0,56250
HDFC30Jan202420CE.NFO,07/01/2020,09:43:03,58.3,57.25,500,57.6,250,0,56250
HDFC30Jan202420CE.NFO,07/01/2020,09:43:10,57.25,57.25,250,57.6,250,250,56250
HDFC30Jan202420CE.NFO,07/01/2020,09:43:11,57.25,57.15,250,57.6,250,0,56250
HDFC30Jan202420CE.NFO,07/01/2020,09:43:11,57.25,57.25,250,57.6,250,0,56250
HDFC30Jan202420CE.NFO,07/01/2020,09:43:13,57.25,57.2,250,57.6,250,0,56250
HDFC30Jan202420CE.NFO,07/01/2020,09:43:15,57.25,57.25,250,57.6,250,0,56250
HDFC30Jan202420CE.NFO,07/01/2020,09:43:16,57.25,57.3,250,57.6,250,0,56250
HDFC30Jan202420CE.NFO,07/01/2020,09:43:17,57.25,57.4,250,57.8,250,0,56250
HDFC30Jan202420CE.NFO,07/01/2020,09:43:20,57.25,57.45,250,57.8,250,0,56250
HDFC30Jan202420CE.NFO,07/01/2020,09:43:22,57.25,57.5,250,57.8,250,0,56250
HDFC30Jan202420CE.NFO,07/01/2020,09:43:22,57.25,57.55,250,58,250,0,56250
HDFC30Jan202420CE.NFO,07/01/2020,09:43:23,57.25,57.7,250,58,250,0,56250
HDFC30Jan202420CE.NFO,07/01/2020,09:43:25,57.25,57.5,250,57.9,250,0,56250
HDFC30Jan202420CE.NFO,07/01/2020,09:43:26,57.25,57.45,250,57.9,250,0,56250
HDFC30Jan202420CE.NFO,07/01/2020,09:43:27,57.25,57.5,250,57.9,250,0,56250
HDFC30Jan202420CE.NFO,07/01/2020,09:43:28,57.25,57.5,500,57.9,250,0,56250
HDFC30Jan202420CE.NFO,07/01/2020,09:43:30,57.25,57.5,250,57.9,250,0,56250
HDFC30Jan202420CE.NFO,07/01/2020,09:43:31,57.25,57.6,250,58,250,0,56250
HDFC30Jan202420CE.NFO,07/01/2020,09:43:32,57.25,57.55,250,57.9,250,0,56250
HDFC30Jan202420CE.NFO,07/01/2020,09:43:33,57.25,57.5,500,57.9,250,0,56250
HDFC30Jan202420CE.NFO,07/01/2020,09:43:34,57.25,57.5,250,57.75,250,0,56250
HDFC30Jan202420CE.NFO,07/01/2020,09:43:36,57.25,57.45,250,57.75,250,0,56250
HDFC30Jan202420CE.NFO,07/01/2020,09:43:39,57.25,57.3,250,57.65,250,0,56250
HDFC30Jan202420CE.NFO,07/01/2020,09:43:44,57.25,57.35,500,57.75,250,0,56250
HDFC30Jan202420CE.NFO,07/01/2020,09:43:45,57.25,57.35,500,57.75,500,0,56250
HDFC30Jan202420CE.NFO,07/01/2020,09:43:46,57.25,57.35,500,57.7,250,0,56250
HDFC30Jan202420CE.NFO,07/01/2020,09:43:52,57.35,57.35,250,57.6,250,250,56250
HDFC30Jan202420CE.NFO,07/01/2020,09:43:53,57.35,57.35,250,57.7,250,0,56250
HDFC30Jan202420CE.NFO,07/01/2020,09:43:53,57.35,57.3,250,57.7,250,0,56250
HDFC30Jan202420CE.NFO,07/01/2020,09:43:58,57.35,57.3,250,57.65,250,0,56250
HDFC30Jan202420CE.NFO,07/01/2020,09:43:59,57.35,57.3,250,57.65,500,0,56250
HDFC30Jan202420CE.NFO,07/01/2020,09:44:02,57.35,57.3,250,57.65,750,0,56250
HDFC30Jan202420CE.NFO,07/01/2020,09:44:04,57.35,57.3,500,57.65,750,0,56250
HDFC30Jan202420CE.NFO,07/01/2020,09:44:05,57.35,57.3,250,57.6,250,0,56250
HDFC30Jan202420CE.NFO,07/01/2020,09:44:17,57.35,57.25,500,57.55,500,0,56250
HDFC30Jan202420CE.NFO,07/01/2020,09:44:18,57.35,57.25,500,57.55,250,0,56250
HDFC30Jan202420CE.NFO,07/01/2020,09:44:23,57.35,57.25,500,57.5,500,0,56250
HDFC30Jan202420CE.NFO,07/01/2020,09:44:27,57.35,57.25,500,57.5,750,0,56250
HDFC30Jan202420CE.NFO,07/01/2020,09:44:28,57.25,57.05,250,57.35,250,500,56250
HDFC30Jan202420CE.NFO,07/01/2020,09:44:29,57.25,56.95,250,57.25,250,0,55500
HDFC30Jan202420CE.NFO,07/01/2020,09:44:31,57.25,57,500,57.25,250,0,55500
HDFC30Jan202420CE.NFO,07/01/2020,09:44:33,57.25,57.1,250,57.35,250,0,55500
HDFC30Jan202420CE.NFO,07/01/2020,09:44:39,57.25,57.1,250,57.35,500,0,55500
HDFC30Jan202420CE.NFO,07/01/2020,09:44:40,57.25,57.1,500,57.4,250,0,55500
HDFC30Jan202420CE.NFO,07/01/2020,09:44:40,57.25,57.1,500,57.35,250,0,55500
HDFC30Jan202420CE.NFO,07/01/2020,09:44:41,57.25,57.2,250,57.45,500,0,55500
HDFC30Jan202420CE.NFO,07/01/2020,09:44:42,57.25,57.1,250,57.4,250,0,55500
HDFC30Jan202420CE.NFO,07/01/2020,09:44:44,57.25,57.1,250,57.4,500,0,55500
HDFC30Jan202420CE.NFO,07/01/2020,09:44:45,57.2,56.8,250,57,500,1000,55500
HDFC30Jan202420CE.NFO,07/01/2020,09:44:46,57.2,56.6,250,57,750,0,55500
HDFC30Jan202420CE.NFO,07/01/2020,09:44:47,57.2,56.65,500,57,250,0,55500
HDFC30Jan202420CE.NFO,07/01/2020,09:44:48,57.2,56.75,250,57,250,0,55500
HDFC30Jan202420CE.NFO,07/01/2020,09:44:48,57.2,56.8,250,57,250,0,55500
HDFC30Jan202420CE.NFO,07/01/2020,09:44:53,57,56.95,250,57.2,250,250,55500
HDFC30Jan202420CE.NFO,07/01/2020,09:44:54,57,56.7,250,57.15,500,0,55500
HDFC30Jan202420CE.NFO,07/01/2020,09:44:55,57.15,56.85,250,57.3,500,250,55500
HDFC30Jan202420CE.NFO,07/01/2020,09:44:56,57.15,56.85,250,57.3,250,0,55500
HDFC30Jan202420CE.NFO,07/01/2020,09:44:56,57.15,56.85,250,57.3,500,0,55500
HDFC30Jan202420CE.NFO,07/01/2020,09:44:58,57.15,56.9,500,57.4,250,0,55500
HDFC30Jan202420CE.NFO,07/01/2020,09:44:59,57.15,57.1,250,57.6,250,0,55500
HDFC30Jan202420CE.NFO,07/01/2020,09:45:00,57.15,57.2,250,57.65,500,0,55500
HDFC30Jan202420CE.NFO,07/01/2020,09:45:01,57.15,57.2,250,57.55,250,0,55500
HDFC30Jan202420CE.NFO,07/01/2020,09:45:04,57.15,57.15,250,57.55,250,0,55500
HDFC30Jan202420CE.NFO,07/01/2020,09:45:05,57.15,57.15,250,57.55,500,0,55500
HDFC30Jan202420CE.NFO,07/01/2020,09:45:06,57.15,57.1,250,57.45,250,0,55500
HDFC30Jan202420CE.NFO,07/01/2020,09:45:07,57.45,57.25,250,57.7,250,500,55500
HDFC30Jan202420CE.NFO,07/01/2020,09:45:08,57.45,57.3,500,57.8,250,0,55500
HDFC30Jan202420CE.NFO,07/01/2020,09:45:09,57.45,57.45,250,57.95,500,0,55500
HDFC30Jan202420CE.NFO,07/01/2020,09:45:10,57.45,57.3,250,57.8,250,0,55500
HDFC30Jan202420CE.NFO,07/01/2020,09:45:11,57.45,57.3,250,57.8,750,0,55500
HDFC30Jan202420CE.NFO,07/01/2020,09:45:13,57.4,57.35,250,57.75,500,250,55500
HDFC30Jan202420CE.NFO,07/01/2020,09:45:14,57.4,57.35,250,57.75,500,0,55500
HDFC30Jan202420CE.NFO,07/01/2020,09:45:19,57.4,57.35,250,57.75,1000,0,55500
HDFC30Jan202420CE.NFO,07/01/2020,09:45:20,57.1,57.15,250,57.5,250,250,55500
HDFC30Jan202420CE.NFO,07/01/2020,09:45:21,57.1,57.2,250,57.5,250,0,55500
HDFC30Jan202420CE.NFO,07/01/2020,09:45:22,57.1,57.1,250,57.5,250,0,55500
HDFC30Jan202420CE.NFO,07/01/2020,09:45:24,57.1,57.3,250,57.5,250,0,55500
HDFC30Jan202420CE.NFO,07/01/2020,09:45:25,57.1,57.3,250,57.55,500,0,55500
HDFC30Jan202420CE.NFO,07/01/2020,09:45:26,57.1,57.3,250,57.55,250,0,55500
HDFC30Jan202420CE.NFO,07/01/2020,09:45:27,57.1,57.3,250,57.55,500,0,55500
HDFC30Jan202420CE.NFO,07/01/2020,09:45:28,57.3,57.1,250,57.45,250,250,55500
HDFC30Jan202420CE.NFO,07/01/2020,09:45:29,57.3,57.1,250,57.45,250,0,55500
HDFC30Jan202420CE.NFO,07/01/2020,09:45:31,57.3,57.1,250,57.35,250,0,55500
HDFC30Jan202420CE.NFO,07/01/2020,09:45:32,57.3,57.1,250,57.45,250,0,55500
HDFC30Jan202420CE.NFO,07/01/2020,09:45:33,57.3,57.1,250,57.4,250,0,55500
HDFC30Jan202420CE.NFO,07/01/2020,09:45:34,57.4,57.2,250,57.6,250,250,55500
HDFC30Jan202420CE.NFO,07/01/2020,09:45:35,57.4,57.2,500,57.65,250,0,55500
HDFC30Jan202420CE.NFO,07/01/2020,09:45:36,57.4,57.2,250,57.6,250,0,55500
HDFC30Jan202420CE.NFO,07/01/2020,09:45:37,57.4,57.2,250,57.65,250,0,55500
HDFC30Jan202420CE.NFO,07/01/2020,09:45:38,57.4,57.2,250,57.6,250,0,55500
HDFC30Jan202420CE.NFO,07/01/2020,09:45:39,57.4,57.2,250,57.45,250,0,55500
HDFC30Jan202420CE.NFO,07/01/2020,09:45:43,57.4,57.2,250,57.5,250,0,55500
HDFC30Jan202420CE.NFO,07/01/2020,09:45:46,57.4,57.3,250,57.65,250,0,55500
HDFC30Jan202420CE.NFO,07/01/2020,09:45:47,57.4,57.2,250,57.7,500,0,55500
HDFC30Jan202420CE.NFO,07/01/2020,09:45:48,57.4,57.25,250,57.65,250,0,55500
HDFC30Jan202420CE.NFO,07/01/2020,09:45:49,57.4,57.2,250,57.65,500,0,55500
HDFC30Jan202420CE.NFO,07/01/2020,09:45:50,57.4,57.2,250,57.6,250,0,55500
HDFC30Jan202420CE.NFO,07/01/2020,09:45:51,57.4,57.25,250,57.8,250,0,55500
HDFC30Jan202420CE.NFO,07/01/2020,09:45:52,57.4,57.35,250,57.8,500,0,55500
HDFC30Jan202420CE.NFO,07/01/2020,09:45:52,57.4,57.35,250,57.8,250,0,55500
HDFC30Jan202420CE.NFO,07/01/2020,09:45:53,57.4,57.3,250,57.7,250,0,55500
HDFC30Jan202420CE.NFO,07/01/2020,09:45:55,57.4,57.25,250,57.65,250,0,55500
HDFC30Jan202420CE.NFO,07/01/2020,09:45:56,57.4,57.2,250,57.45,250,0,55500
HDFC30Jan202420CE.NFO,07/01/2020,09:45:58,57.4,57.2,500,57.6,250,0,55500
HDFC30Jan202420CE.NFO,07/01/2020,09:45:58,57.4,57.3,250,57.55,250,0,55500
HDFC30Jan202420CE.NFO,07/01/2020,09:46:00,57.4,57.15,250,57.65,750,0,55500
HDFC30Jan202420CE.NFO,07/01/2020,09:46:01,57.4,57.2,250,57.55,750,0,55500
HDFC30Jan202420CE.NFO,07/01/2020,09:46:02,57.4,57.15,250,57.35,500,0,55500
HDFC30Jan202420CE.NFO,07/01/2020,09:46:03,57.4,57,250,57.35,500,0,55500
HDFC30Jan202420CE.NFO,07/01/2020,09:46:05,57,56.75,250,57.3,250,250,55500
HDFC30Jan202420CE.NFO,07/01/2020,09:46:05,57,56.75,750,57.35,250,0,55500
HDFC30Jan202420CE.NFO,07/01/2020,09:46:06,57,56.9,250,57.35,250,0,55500
HDFC30Jan202420CE.NFO,07/01/2020,09:46:07,57,56.9,250,57.35,750,0,55500
HDFC30Jan202420CE.NFO,07/01/2020,09:46:08,57,56.9,250,57.35,500,0,55500
HDFC30Jan202420CE.NFO,07/01/2020,09:46:09,57,56.8,250,57.15,250,0,55500
HDFC30Jan202420CE.NFO,07/01/2020,09:46:11,57,56.8,500,57.2,250,0,55500
HDFC30Jan202420CE.NFO,07/01/2020,09:46:13,57,56.9,250,57.3,250,0,55500
HDFC30Jan202420CE.NFO,07/01/2020,09:46:14,57,56.95,250,57.35,250,0,55500
HDFC30Jan202420CE.NFO,07/01/2020,09:46:15,57,56.95,250,57.25,250,0,55500
HDFC30Jan202420CE.NFO,07/01/2020,09:46:16,57,57,250,57.4,500,0,55500
HDFC30Jan202420CE.NFO,07/01/2020,09:46:16,57,56.8,250,57.35,750,0,55500
HDFC30Jan202420CE.NFO,07/01/2020,09:46:17,57,56.85,500,57.35,500,0,55500
HDFC30Jan202420CE.NFO,07/01/2020,09:46:18,57.35,57,250,57.35,250,500,55500
HDFC30Jan202420CE.NFO,07/01/2020,09:46:19,57.35,57,500,57.4,500,0,55500
HDFC30Jan202420CE.NFO,07/01/2020,09:46:21,57.35,57.15,250,57.4,250,0,55500
HDFC30Jan202420CE.NFO,07/01/2020,09:46:22,57.35,57.1,250,57.4,250,0,55500
HDFC30Jan202420CE.NFO,07/01/2020,09:46:23,57.35,57.2,250,57.55,250,0,55500
HDFC30Jan202420CE.NFO,07/01/2020,09:46:24,57.35,57.1,250,57.55,750,0,55500
HDFC30Jan202420CE.NFO,07/01/2020,09:46:25,57.35,57.05,250,57.5,250,0,55500
HDFC30Jan202420CE.NFO,07/01/2020,09:46:26,57.35,57.15,250,57.5,250,0,55500
HDFC30Jan202420CE.NFO,07/01/2020,09:46:27,57.35,57.1,500,57.45,250,0,55500
HDFC30Jan202420CE.NFO,07/01/2020,09:46:28,57.35,57.15,250,57.5,250,0,55500
HDFC30Jan202420CE.NFO,07/01/2020,09:46:29,57.35,57.1,500,57.55,250,0,55500
HDFC30Jan202420CE.NFO,07/01/2020,09:46:30,57.1,57.15,250,57.55,250,250,55500
HDFC30Jan202420CE.NFO,07/01/2020,09:46:31,57.1,57.1,500,57.5,250,0,55500
HDFC30Jan202420CE.NFO,07/01/2020,09:46:33,57.1,57.05,250,57.45,500,0,55500
HDFC30Jan202420CE.NFO,07/01/2020,09:46:34,57.1,57.25,750,57.75,250,0,55500
HDFC30Jan202420CE.NFO,07/01/2020,09:46:35,57.1,57.35,250,57.85,500,0,55500
HDFC30Jan202420CE.NFO,07/01/2020,09:46:39,57.1,57.45,250,57.9,250,0,55500
HDFC30Jan202420CE.NFO,07/01/2020,09:46:40,57.1,57.5,1000,58,500,0,55500
HDFC30Jan202420CE.NFO,07/01/2020,09:46:42,57.1,57.5,750,58,500,0,55500
HDFC30Jan202420CE.NFO,07/01/2020,09:46:43,57.1,57.25,250,57.75,750,0,55500
HDFC30Jan202420CE.NFO,07/01/2020,09:46:44,57.1,57.35,250,57.75,250,0,55500
HDFC30Jan202420CE.NFO,07/01/2020,09:46:49,57.1,57.2,500,57.65,500,0,55500
HDFC30Jan202420CE.NFO,07/01/2020,09:46:50,57.1,57.25,250,57.65,250,0,55500
HDFC30Jan202420CE.NFO,07/01/2020,09:46:51,57.1,57.2,250,57.6,250,0,55500
HDFC30Jan202420CE.NFO,07/01/2020,09:46:53,57.1,57.35,250,57.85,750,0,55500
HDFC30Jan202420CE.NFO,07/01/2020,09:46:55,57.1,57.35,250,57.8,250,0,55500
HDFC30Jan202420CE.NFO,07/01/2020,09:46:57,57.1,57.4,250,57.8,250,0,55500
HDFC30Jan202420CE.NFO,07/01/2020,09:46:57,57.1,57.3,500,57.8,1000,0,55500
HDFC30Jan202420CE.NFO,07/01/2020,09:46:59,57.1,57.3,250,57.75,250,0,55500
HDFC30Jan202420CE.NFO,07/01/2020,09:47:01,57.1,57.4,500,57.85,250,0,55500
HDFC30Jan202420CE.NFO,07/01/2020,09:47:02,57.1,57.4,250,57.7,250,0,55500
HDFC30Jan202420CE.NFO,07/01/2020,09:47:03,57.1,57.5,250,57.9,250,0,55500
HDFC30Jan202420CE.NFO,07/01/2020,09:47:03,57.1,57.55,250,57.9,250,0,55500
HDFC30Jan202420CE.NFO,07/01/2020,09:47:04,57.1,57.5,500,57.9,250,0,55500
HDFC30Jan202420CE.NFO,07/01/2020,09:47:06,57.1,57.6,500,58,250,0,55500
HDFC30Jan202420CE.NFO,07/01/2020,09:47:06,57.1,57.65,250,58.1,250,0,55500
HDFC30Jan202420CE.NFO,07/01/2020,09:47:07,57.1,57.55,250,57.95,250,0,55500
HDFC30Jan202420CE.NFO,07/01/2020,09:47:08,57.1,57.55,250,58,250,0,55500
HDFC30Jan202420CE.NFO,07/01/2020,09:47:10,57.1,57.35,250,57.8,250,0,55500
HDFC30Jan202420CE.NFO,07/01/2020,09:47:12,57.1,57.55,250,57.95,500,0,55500
HDFC30Jan202420CE.NFO,07/01/2020,09:47:13,57.1,57.8,250,57.9,250,0,55500
HDFC30Jan202420CE.NFO,07/01/2020,09:47:17,57.9,57.8,250,58.1,500,250,57000
HDFC30Jan202420CE.NFO,07/01/2020,09:47:18,57.8,57.45,250,57.85,250,250,57000
HDFC30Jan202420CE.NFO,07/01/2020,09:47:19,57.8,57.3,250,57.6,250,0,57000
HDFC30Jan202420CE.NFO,07/01/2020,09:47:21,57.8,57.35,250,57.7,250,0,57000
HDFC30Jan202420CE.NFO,07/01/2020,09:47:22,57.8,57.35,250,57.7,500,0,57000
HDFC30Jan202420CE.NFO,07/01/2020,09:47:23,57.8,57.4,250,57.7,250,0,57000
HDFC30Jan202420CE.NFO,07/01/2020,09:47:24,57.8,57.4,500,57.7,250,0,57000
HDFC30Jan202420CE.NFO,07/01/2020,09:47:25,57.7,57.6,250,57.85,250,250,57000
HDFC30Jan202420CE.NFO,07/01/2020,09:47:25,57.7,57.6,250,57.85,250,0,57000
HDFC30Jan202420CE.NFO,07/01/2020,09:47:26,57.7,57.4,250,57.75,250,0,57000
HDFC30Jan202420CE.NFO,07/01/2020,09:47:27,57.7,57.4,250,57.8,500,0,57000
HDFC30Jan202420CE.NFO,07/01/2020,09:47:28,57.7,57.4,250,57.75,500,0,57000
HDFC30Jan202420CE.NFO,07/01/2020,09:47:32,57.35,57.25,250,57.65,250,250,57000
HDFC30Jan202420CE.NFO,07/01/2020,09:47:33,57.35,57.2,250,57.65,250,0,57000
HDFC30Jan202420CE.NFO,07/01/2020,09:47:33,57.35,57.25,250,57.65,250,0,57000
HDFC30Jan202420CE.NFO,07/01/2020,09:47:35,57.35,57.25,250,57.65,500,0,57000
HDFC30Jan202420CE.NFO,07/01/2020,09:47:37,57.35,57.2,250,57.55,750,0,57000
HDFC30Jan202420CE.NFO,07/01/2020,09:47:38,57.35,57.15,250,57.55,750,0,57000
HDFC30Jan202420CE.NFO,07/01/2020,09:47:39,57.35,57.2,250,57.55,250,0,57000
HDFC30Jan202420CE.NFO,07/01/2020,09:47:40,57.35,57.1,250,57.5,250,0,57000
HDFC30Jan202420CE.NFO,07/01/2020,09:47:42,57.35,57.2,250,57.55,500,0,57000
HDFC30Jan202420CE.NFO,07/01/2020,09:47:43,57.35,57.2,250,57.55,250,0,57000
HDFC30Jan202420CE.NFO,07/01/2020,09:47:48,57.35,57.25,250,57.55,250,0,57000
HDFC30Jan202420CE.NFO,07/01/2020,09:47:50,57.35,57.2,250,57.55,250,0,57000
HDFC30Jan202420CE.NFO,07/01/2020,09:47:53,57.35,56.95,250,57.4,250,0,57000
HDFC30Jan202420CE.NFO,07/01/2020,09:47:54,57.35,56.95,250,57.35,250,0,57000
HDFC30Jan202420CE.NFO,07/01/2020,09:47:55,57.35,56.85,250,57.25,250,0,57000
HDFC30Jan202420CE.NFO,07/01/2020,09:47:56,57.35,57.2,250,57.75,500,0,57000
HDFC30Jan202420CE.NFO,07/01/2020,09:47:59,57.35,57.25,250,57.7,750,0,57000
HDFC30Jan202420CE.NFO,07/01/2020,09:48:00,57.35,57.25,250,57.65,500,0,57000
HDFC30Jan202420CE.NFO,07/01/2020,09:48:07,57.35,57.25,500,57.6,250,0,57000
HDFC30Jan202420CE.NFO,07/01/2020,09:48:07,57.35,57.25,250,57.55,250,0,57000
HDFC30Jan202420CE.NFO,07/01/2020,09:48:08,57.35,57.15,250,57.55,750,0,57000
HDFC30Jan202420CE.NFO,07/01/2020,09:48:11,57.35,57.1,250,57.45,250,0,57000
HDFC30Jan202420CE.NFO,07/01/2020,09:48:12,57.35,57.2,250,57.5,250,0,57000
HDFC30Jan202420CE.NFO,07/01/2020,09:48:13,57.05,56.9,500,57.25,250,750,57000
HDFC30Jan202420CE.NFO,07/01/2020,09:48:14,57.05,57,250,57.3,500,0,57000
HDFC30Jan202420CE.NFO,07/01/2020,09:48:15,57.05,56.85,250,57.25,500,0,57000
HDFC30Jan202420CE.NFO,07/01/2020,09:48:16,57.05,56.9,250,57.35,250,0,57000
HDFC30Jan202420CE.NFO,07/01/2020,09:48:17,57.05,56.95,250,57.35,250,0,57000
HDFC30Jan202420CE.NFO,07/01/2020,09:48:20,57.05,56.95,250,57.35,500,0,57000
HDFC30Jan202420CE.NFO,07/01/2020,09:48:24,57.05,57.05,250,57.45,250,0,57000
HDFC30Jan202420CE.NFO,07/01/2020,09:48:26,57.05,57.1,250,57.35,250,0,57000
HDFC30Jan202420CE.NFO,07/01/2020,09:48:28,57.05,57,250,57.4,500,0,57000
HDFC30Jan202420CE.NFO,07/01/2020,09:48:30,57.05,57.1,250,57.3,250,0,57000
HDFC30Jan202420CE.NFO,07/01/2020,09:48:31,57.05,57.15,250,57.3,250,0,57000
HDFC30Jan202420CE.NFO,07/01/2020,09:48:33,57.05,57.1,250,57.25,500,0,57000
HDFC30Jan202420CE.NFO,07/01/2020,09:48:34,57.05,57.15,250,57.4,250,0,57000
HDFC30Jan202420CE.NFO,07/01/2020,09:48:36,57.05,57.15,250,57.35,250,0,57000
HDFC30Jan202420CE.NFO,07/01/2020,09:48:37,57.05,57.05,250,57.35,500,0,57000
HDFC30Jan202420CE.NFO,07/01/2020,09:48:43,57.5,57.3,500,57.75,500,250,57000
HDFC30Jan202420CE.NFO,07/01/2020,09:48:44,57.5,57.3,500,57.75,500,0,57000
HDFC30Jan202420CE.NFO,07/01/2020,09:48:45,57.5,57.35,250,57.75,250,0,57000
HDFC30Jan202420CE.NFO,07/01/2020,09:48:46,57.5,57.4,250,57.75,250,0,57000
HDFC30Jan202420CE.NFO,07/01/2020,09:48:47,57.75,57.5,250,57.9,250,250,57000
HDFC30Jan202420CE.NFO,07/01/2020,09:48:48,57.75,57.45,250,57.85,250,0,57000
HDFC30Jan202420CE.NFO,07/01/2020,09:48:49,57.75,57.45,250,57.55,250,0,57000
HDFC30Jan202420CE.NFO,07/01/2020,09:48:50,57.45,57.4,250,57.55,250,250,57000
HDFC30Jan202420CE.NFO,07/01/2020,09:48:51,57.45,57.3,500,57.55,250,0,57000
HDFC30Jan202420CE.NFO,07/01/2020,09:49:01,57.45,57.1,250,57.5,500,0,57000
HDFC30Jan202420CE.NFO,07/01/2020,09:49:02,57.45,57.05,250,57.45,250,0,57000
HDFC30Jan202420CE.NFO,07/01/2020,09:49:03,57.45,57.05,250,57.45,500,0,57000
HDFC30Jan202420CE.NFO,07/01/2020,09:49:03,57.45,57.05,500,57.45,500,0,57000
HDFC30Jan202420CE.NFO,07/01/2020,09:49:06,57.45,57.05,500,57.45,250,0,57000
HDFC30Jan202420CE.NFO,07/01/2020,09:49:10,57.45,57.05,750,57.45,250,0,57000
HDFC30Jan202420CE.NFO,07/01/2020,09:49:10,57.45,57.1,500,57.45,500,0,57000
HDFC30Jan202420CE.NFO,07/01/2020,09:49:11,57.45,57.15,250,57.45,500,0,57000
HDFC30Jan202420CE.NFO,07/01/2020,09:49:18,57.45,57.1,250,57.4,250,0,57000
HDFC30Jan202420CE.NFO,07/01/2020,09:49:23,57.1,56.85,250,57.2,250,250,57000
HDFC30Jan202420CE.NFO,07/01/2020,09:49:30,56.05,56.15,250,56.55,250,750,57000
HDFC30Jan202420CE.NFO,07/01/2020,09:49:35,56.05,56.3,1000,56.9,250,0,57000
HDFC30Jan202420CE.NFO,07/01/2020,09:49:40,56.05,56.55,250,56.9,250,0,57000
HDFC30Jan202420CE.NFO,07/01/2020,09:49:45,56.05,56.7,250,57.05,250,0,57000
HDFC30Jan202420CE.NFO,07/01/2020,09:49:50,56.05,56.6,250,56.95,250,0,57000
HDFC30Jan202420CE.NFO,07/01/2020,09:49:55,56.05,56.8,250,57.1,750,0,57000
HDFC30Jan202420CE.NFO,07/01/2020,09:50:00,56.05,56.3,500,56.85,250,0,57000
HDFC30Jan202420CE.NFO,07/01/2020,09:50:05,56.05,56.05,1000,56.55,250,0,57000
HDFC30Jan202420CE.NFO,07/01/2020,09:50:10,55.85,55.7,250,56.05,500,750,57000
HDFC30Jan202420CE.NFO,07/01/2020,09:50:12,55.85,55.55,500,56,500,0,57000
HDFC30Jan202420CE.NFO,07/01/2020,09:50:13,55.85,55.6,250,56.05,250,0,57000
HDFC30Jan202420CE.NFO,07/01/2020,09:50:14,55.85,55.5,250,55.95,250,0,57000
HDFC30Jan202420CE.NFO,07/01/2020,09:50:15,55.85,55.45,250,56,1000,0,57000
HDFC30Jan202420CE.NFO,07/01/2020,09:50:16,55.85,55.45,1000,56,1000,0,57000
HDFC30Jan202420CE.NFO,07/01/2020,09:50:17,55.85,55.55,250,56,1000,0,57000
HDFC30Jan202420CE.NFO,07/01/2020,09:50:18,55.85,55.6,250,56,250,0,57000
HDFC30Jan202420CE.NFO,07/01/2020,09:50:18,55.85,55.5,250,56,250,0,57000
HDFC30Jan202420CE.NFO,07/01/2020,09:50:19,55.85,55.6,500,56.1,500,0,57000
HDFC30Jan202420CE.NFO,07/01/2020,09:50:20,55.85,55.85,250,56.1,250,0,57000
HDFC30Jan202420CE.NFO,07/01/2020,09:50:21,56.05,55.85,250,56.1,500,250,57250
HDFC30Jan202420CE.NFO,07/01/2020,09:50:23,56.05,55.85,250,56.2,250,0,57250
HDFC30Jan202420CE.NFO,07/01/2020,09:50:24,56.05,55.85,250,56.3,500,0,57250
HDFC30Jan202420CE.NFO,07/01/2020,09:50:25,56.05,55.9,250,56.35,500,0,57250
HDFC30Jan202420CE.NFO,07/01/2020,09:50:26,56.05,55.9,250,56.2,250,0,57250
HDFC30Jan202420CE.NFO,07/01/2020,09:50:27,56.05,56,250,56.2,250,0,57250
HDFC30Jan202420CE.NFO,07/01/2020,09:50:28,56.05,55.85,250,56.25,250,0,57250
HDFC30Jan202420CE.NFO,07/01/2020,09:50:29,56.05,55.85,250,56.25,750,0,57250
HDFC30Jan202420CE.NFO,07/01/2020,09:50:30,56.05,55.85,250,56.1,250,0,57250
HDFC30Jan202420CE.NFO,07/01/2020,09:50:31,56.05,55.85,250,56.15,250,0,57250
HDFC30Jan202420CE.NFO,07/01/2020,09:50:33,56.05,55.85,250,56.2,750,0,57250
HDFC30Jan202420CE.NFO,07/01/2020,09:50:35,56.05,55.85,250,56.15,500,0,57250
HDFC30Jan202420CE.NFO,07/01/2020,09:50:36,56.1,55.85,250,56.15,250,250,57250
HDFC30Jan202420CE.NFO,07/01/2020,09:50:37,56.1,55.85,250,56.15,250,0,57250
HDFC30Jan202420CE.NFO,07/01/2020,09:50:38,56.1,55.85,250,56.05,250,0,57250
HDFC30Jan202420CE.NFO,07/01/2020,09:50:40,55.85,55.7,250,56.1,250,250,57250
HDFC30Jan202420CE.NFO,07/01/2020,09:50:41,55.85,55.65,250,56.1,500,0,57250
HDFC30Jan202420CE.NFO,07/01/2020,09:50:43,55.85,55.65,250,56.05,250,0,57250
HDFC30Jan202420CE.NFO,07/01/2020,09:50:44,55.85,55.65,250,56.05,500,0,57250
HDFC30Jan202420CE.NFO,07/01/2020,09:50:45,55.85,55.85,250,56.1,250,0,57250
HDFC30Jan202420CE.NFO,07/01/2020,09:50:47,55.85,55.75,250,56.15,500,250,57250
HDFC30Jan202420CE.NFO,07/01/2020,09:50:48,55.85,55.75,250,56.15,500,0,57250
HDFC30Jan202420CE.NFO,07/01/2020,09:50:49,55.85,55.8,250,56.15,250,0,57250
HDFC30Jan202420CE.NFO,07/01/2020,09:50:52,55.85,55.8,250,56.1,250,0,57250
HDFC30Jan202420CE.NFO,07/01/2020,09:50:53,55.85,55.6,250,56.1,250,0,57250
HDFC30Jan202420CE.NFO,07/01/2020,09:50:53,55.85,55.75,250,56.1,250,0,57250
HDFC30Jan202420CE.NFO,07/01/2020,09:50:56,55.85,55.7,250,56.1,500,0,57250
HDFC30Jan202420CE.NFO,07/01/2020,09:50:57,55.85,55.75,250,56.1,250,0,57250
HDFC30Jan202420CE.NFO,07/01/2020,09:50:58,55.85,55.8,250,56.1,250,0,57250
HDFC30Jan202420CE.NFO,07/01/2020,09:51:02,56.1,55.8,250,56.15,250,250,57250
HDFC30Jan202420CE.NFO,07/01/2020,09:51:03,56.1,55.8,250,56.15,250,0,57250
HDFC30Jan202420CE.NFO,07/01/2020,09:51:05,56.1,55.8,250,56.15,500,0,57250
HDFC30Jan202420CE.NFO,07/01/2020,09:51:06,56.1,55.8,250,56.15,250,0,57250
HDFC30Jan202420CE.NFO,07/01/2020,09:51:08,56.1,55.8,250,56.15,750,0,57250
HDFC30Jan202420CE.NFO,07/01/2020,09:51:09,56.1,55.65,250,56.15,1250,0,57250
HDFC30Jan202420CE.NFO,07/01/2020,09:51:11,56.1,55.65,250,56.1,500,0,57250
HDFC30Jan202420CE.NFO,07/01/2020,09:51:13,56.1,55.7,250,56.1,250,0,57250
HDFC30Jan202420CE.NFO,07/01/2020,09:51:14,56.1,55.6,250,56.1,250,0,57250
HDFC30Jan202420CE.NFO,07/01/2020,09:51:15,56.1,55.7,250,56.05,250,0,57250
HDFC30Jan202420CE.NFO,07/01/2020,09:51:16,56.1,55.65,250,56,250,0,57250
HDFC30Jan202420CE.NFO,07/01/2020,09:51:18,56.1,55.7,250,56,250,0,57250
HDFC30Jan202420CE.NFO,07/01/2020,09:51:21,56,56.1,750,56.5,250,250,57250
HDFC30Jan202420CE.NFO,07/01/2020,09:51:23,56.35,56.3,750,56.5,250,250,57250
HDFC30Jan202420CE.NFO,07/01/2020,09:51:24,56.3,56.15,250,56.5,250,250,57250
HDFC30Jan202420CE.NFO,07/01/2020,09:51:25,56.3,56.2,250,56.5,250,0,57250
HDFC30Jan202420CE.NFO,07/01/2020,09:51:26,56.5,56.5,250,56.75,250,250,57250
HDFC30Jan202420CE.NFO,07/01/2020,09:51:27,56.5,56.35,250,56.75,250,0,57250
