Ticker,Date,Time,LTP,BuyPrice,BuyQty,SellPrice,SellQty,LTQ,OpenInterest
HEROMOTOCO30Jan202700CE.NFO,07/01/2020,09:17:39,3.65,3.05,200,4.75,400,200,71800
HEROMOTOCO30Jan202700CE.NFO,07/01/2020,09:17:39,3.65,3.05,200,4.75,400,0,71800
HEROMOTOCO30Jan202700CE.NFO,07/01/2020,09:17:39,3.65,3.05,200,4.75,400,0,71800
HEROMOTOCO30Jan202700CE.NFO,07/01/2020,09:17:39,3.65,3.05,200,4.75,400,0,71800
HEROMOTOCO30Jan202700CE.NFO,07/01/2020,09:18:23,3.65,3.5,200,4.75,400,0,71800
HEROMOTOCO30Jan202700CE.NFO,07/01/2020,09:19:49,3.65,3.65,200,4.75,400,0,71800
HEROMOTOCO30Jan202700CE.NFO,07/01/2020,09:20:01,3.65,3.5,200,4.75,400,200,71800
HEROMOTOCO30Jan202700CE.NFO,07/01/2020,09:21:21,3.5,2.6,200,4.55,400,200,71800
HEROMOTOCO30Jan202700CE.NFO,07/01/2020,09:21:21,3.5,2.6,200,4.55,400,0,71800
HEROMOTOCO30Jan202700CE.NFO,07/01/2020,09:21:28,3.5,2.6,200,4.45,400,0,71800
HEROMOTOCO30Jan202700CE.NFO,07/01/2020,09:22:21,3.5,2.6,200,4.35,400,0,71800
HEROMOTOCO30Jan202700CE.NFO,07/01/2020,09:22:28,3.5,2.6,200,4.25,400,0,71800
HEROMOTOCO30Jan202700CE.NFO,07/01/2020,09:22:47,3.5,2.6,200,4.15,400,0,71800
HEROMOTOCO30Jan202700CE.NFO,07/01/2020,09:23:00,3.5,2.6,200,4.05,400,0,71800
HEROMOTOCO30Jan202700CE.NFO,07/01/2020,09:23:42,3.5,2.6,200,3.95,400,0,71800
HEROMOTOCO30Jan202700CE.NFO,07/01/2020,09:24:17,3.5,2.6,200,3.85,400,0,71800
HEROMOTOCO30Jan202700CE.NFO,07/01/2020,09:24:40,3.5,2.6,200,3.75,200,0,71800
HEROMOTOCO30Jan202700CE.NFO,07/01/2020,09:24:57,3.5,2.6,200,3.75,400,0,71800
HEROMOTOCO30Jan202700CE.NFO,07/01/2020,09:25:02,3.5,2.6,200,3.75,200,0,71800
HEROMOTOCO30Jan202700CE.NFO,07/01/2020,09:25:22,3.5,3,200,3.75,200,0,71800
HEROMOTOCO30Jan202700CE.NFO,07/01/2020,09:25:40,3.5,3,200,3.75,400,0,71800
HEROMOTOCO30Jan202700CE.NFO,07/01/2020,09:27:12,3.5,3,200,3.75,200,0,71800
HEROMOTOCO30Jan202700CE.NFO,07/01/2020,09:27:17,3.5,3,200,3.75,400,0,71800
HEROMOTOCO30Jan202700CE.NFO,07/01/2020,09:27:29,3.5,3,200,3.75,200,0,71800
HEROMOTOCO30Jan202700CE.NFO,07/01/2020,09:27:35,3.5,3.05,200,3.75,400,0,71800
HEROMOTOCO30Jan202700CE.NFO,07/01/2020,09:27:47,3.5,3.1,200,3.75,400,0,71800
HEROMOTOCO30Jan202700CE.NFO,07/01/2020,09:29:31,3.5,3.1,200,3.75,200,0,71800
HEROMOTOCO30Jan202700CE.NFO,07/01/2020,09:29:42,3.5,3.1,200,3.75,400,0,71800
HEROMOTOCO30Jan202700CE.NFO,07/01/2020,09:30:59,3.5,3.15,200,3.75,200,0,71800
HEROMOTOCO30Jan202700CE.NFO,07/01/2020,09:31:04,3.5,3.15,200,5.85,400,0,71800
HEROMOTOCO30Jan202700CE.NFO,07/01/2020,09:31:11,3.5,3.15,200,4.55,400,0,71800
HEROMOTOCO30Jan202700CE.NFO,07/01/2020,09:31:17,3.5,3.15,200,4.45,400,0,71800
HEROMOTOCO30Jan202700CE.NFO,07/01/2020,09:31:56,3.5,3.45,200,4.45,400,0,71800
HEROMOTOCO30Jan202700CE.NFO,07/01/2020,09:32:25,3.5,3.45,200,3.5,600,0,71800
HEROMOTOCO30Jan202700CE.NFO,07/01/2020,09:32:36,3.5,3.45,200,3.5,400,200,71800
HEROMOTOCO30Jan202700CE.NFO,07/01/2020,09:32:42,3.5,3.45,200,3.5,400,0,71800
HEROMOTOCO30Jan202700CE.NFO,07/01/2020,09:33:16,3.5,3.45,200,3.8,200,400,71800
HEROMOTOCO30Jan202700CE.NFO,07/01/2020,09:33:22,3.5,3.45,200,3.85,600,0,71800
HEROMOTOCO30Jan202700CE.NFO,07/01/2020,09:33:32,3.5,3.5,200,3.75,200,0,71800
HEROMOTOCO30Jan202700CE.NFO,07/01/2020,09:33:37,3.5,3.5,200,3.7,400,0,71800
HEROMOTOCO30Jan202700CE.NFO,07/01/2020,09:33:42,3.85,3.5,200,3.85,200,1200,71800
HEROMOTOCO30Jan202700CE.NFO,07/01/2020,09:33:42,3.85,3.5,200,3.85,200,0,71800
HEROMOTOCO30Jan202700CE.NFO,07/01/2020,09:33:47,3.85,3.5,200,3.85,200,0,71800
HEROMOTOCO30Jan202700CE.NFO,07/01/2020,09:33:52,3.85,3.6,400,3.9,400,0,71800
HEROMOTOCO30Jan202700CE.NFO,07/01/2020,09:33:56,3.85,3.6,400,3.9,200,0,71800
HEROMOTOCO30Jan202700CE.NFO,07/01/2020,09:34:01,3.85,3.55,400,3.9,200,0,71800
HEROMOTOCO30Jan202700CE.NFO,07/01/2020,09:34:27,3.85,3.55,400,3.95,400,0,71800
HEROMOTOCO30Jan202700CE.NFO,07/01/2020,09:34:50,3.85,3.6,200,3.95,400,200,71800
HEROMOTOCO30Jan202700CE.NFO,07/01/2020,09:35:35,3.85,3.55,400,3.95,400,0,71800
HEROMOTOCO30Jan202700CE.NFO,07/01/2020,09:35:48,3.55,3.5,200,3.85,400,400,71200
HEROMOTOCO30Jan202700CE.NFO,07/01/2020,09:35:55,3.55,3.5,200,3.85,400,0,71200
HEROMOTOCO30Jan202700CE.NFO,07/01/2020,09:36:42,3.55,3.55,200,3.9,200,0,71200
HEROMOTOCO30Jan202700CE.NFO,07/01/2020,09:36:46,3.55,3.55,200,3.9,400,0,71200
HEROMOTOCO30Jan202700CE.NFO,07/01/2020,09:37:18,3.55,3.55,200,3.9,200,0,71200
HEROMOTOCO30Jan202700CE.NFO,07/01/2020,09:37:28,3.55,3.55,200,3.9,400,0,71200
HEROMOTOCO30Jan202700CE.NFO,07/01/2020,09:37:33,3.55,3.55,200,3.9,200,0,71200
HEROMOTOCO30Jan202700CE.NFO,07/01/2020,09:37:41,3.55,3.55,200,3.9,400,0,71200
HEROMOTOCO30Jan202700CE.NFO,07/01/2020,09:39:11,3.55,3.6,400,3.9,400,0,71200
HEROMOTOCO30Jan202700CE.NFO,07/01/2020,09:39:30,3.55,3.6,400,3.9,200,0,71200
HEROMOTOCO30Jan202700CE.NFO,07/01/2020,09:39:50,3.55,3.6,200,3.9,200,0,71200
HEROMOTOCO30Jan202700CE.NFO,07/01/2020,09:39:54,3.55,3.6,400,3.9,200,0,71200
HEROMOTOCO30Jan202700CE.NFO,07/01/2020,09:40:13,3.55,3.6,200,3.9,200,0,71200
HEROMOTOCO30Jan202700CE.NFO,07/01/2020,09:41:57,3.55,3.6,400,3.9,200,0,71200
HEROMOTOCO30Jan202700CE.NFO,07/01/2020,09:42:04,3.55,3.6,200,3.9,200,0,71200
HEROMOTOCO30Jan202700CE.NFO,07/01/2020,09:42:11,3.55,3.6,400,3.9,200,0,71200
HEROMOTOCO30Jan202700CE.NFO,07/01/2020,09:42:51,3.55,3.6,200,3.9,200,0,71200
HEROMOTOCO30Jan202700CE.NFO,07/01/2020,09:43:29,3.55,3.6,400,3.9,200,0,71200
HEROMOTOCO30Jan202700CE.NFO,07/01/2020,09:43:53,3.55,3.6,200,3.9,200,0,71200
HEROMOTOCO30Jan202700CE.NFO,07/01/2020,09:44:23,3.55,3.6,400,3.9,200,0,71200
HEROMOTOCO30Jan202700CE.NFO,07/01/2020,09:44:40,3.55,3.6,200,3.9,200,0,71200
HEROMOTOCO30Jan202700CE.NFO,07/01/2020,09:44:49,3.55,3.65,200,3.9,200,0,71200
HEROMOTOCO30Jan202700CE.NFO,07/01/2020,09:44:54,3.65,3.5,400,3.9,200,200,71000
HEROMOTOCO30Jan202700CE.NFO,07/01/2020,09:45:05,3.65,3.55,200,3.9,200,0,71000
HEROMOTOCO30Jan202700CE.NFO,07/01/2020,09:45:12,3.65,3.55,400,3.9,200,0,71000
HEROMOTOCO30Jan202700CE.NFO,07/01/2020,09:45:18,3.65,3.6,400,3.9,200,200,71000
HEROMOTOCO30Jan202700CE.NFO,07/01/2020,09:45:30,3.65,3.6,200,3.8,200,200,71000
HEROMOTOCO30Jan202700CE.NFO,07/01/2020,09:45:37,3.65,3.65,200,3.8,200,0,71000
HEROMOTOCO30Jan202700CE.NFO,07/01/2020,09:47:34,3.65,3.55,200,3.8,200,0,71000
HEROMOTOCO30Jan202700CE.NFO,07/01/2020,09:47:43,3.65,3.6,200,3.8,200,0,71000
HEROMOTOCO30Jan202700CE.NFO,07/01/2020,09:48:15,3.65,3.65,200,3.8,200,0,71000
HEROMOTOCO30Jan202700CE.NFO,07/01/2020,09:48:30,3.65,3.65,200,3.85,400,0,71000
HEROMOTOCO30Jan202700CE.NFO,07/01/2020,09:48:59,3.65,3.65,400,3.85,400,0,71000
HEROMOTOCO30Jan202700CE.NFO,07/01/2020,09:49:04,3.65,3.65,200,3.85,400,0,71000
HEROMOTOCO30Jan202700CE.NFO,07/01/2020,09:52:03,3.65,3.65,200,3.85,400,200,70800
HEROMOTOCO30Jan202700CE.NFO,07/01/2020,09:52:34,3.65,3.6,400,3.85,400,200,70800
HEROMOTOCO30Jan202700CE.NFO,07/01/2020,09:52:38,3.65,3.6,400,3.85,400,0,70800
HEROMOTOCO30Jan202700CE.NFO,07/01/2020,09:52:43,3.65,3.6,200,3.85,400,0,70800
HEROMOTOCO30Jan202700CE.NFO,07/01/2020,09:52:47,3.65,3.6,400,3.85,400,0,70800
HEROMOTOCO30Jan202700CE.NFO,07/01/2020,09:52:54,3.65,3.6,200,3.85,400,0,70800
HEROMOTOCO30Jan202700CE.NFO,07/01/2020,09:52:58,3.65,3.6,400,3.85,400,0,70800
HEROMOTOCO30Jan202700CE.NFO,07/01/2020,09:53:09,3.65,3.6,200,3.8,400,200,70800
HEROMOTOCO30Jan202700CE.NFO,07/01/2020,09:53:25,3.65,3.6,200,3.8,400,0,70800
HEROMOTOCO30Jan202700CE.NFO,07/01/2020,09:54:48,3.65,3.6,200,3.7,400,0,70800
HEROMOTOCO30Jan202700CE.NFO,07/01/2020,09:54:52,3.6,3.45,200,3.7,400,200,70800
HEROMOTOCO30Jan202700CE.NFO,07/01/2020,09:54:57,3.6,3.45,200,3.6,200,0,70800
HEROMOTOCO30Jan202700CE.NFO,07/01/2020,09:55:02,3.6,3.45,400,3.6,200,0,70800
HEROMOTOCO30Jan202700CE.NFO,07/01/2020,09:55:07,3.6,3.45,400,3.65,400,0,70800
HEROMOTOCO30Jan202700CE.NFO,07/01/2020,09:55:41,3.6,3.45,400,3.65,200,0,70800
HEROMOTOCO30Jan202700CE.NFO,07/01/2020,09:56:37,3.6,3.6,200,3.65,200,0,70800
HEROMOTOCO30Jan202700CE.NFO,07/01/2020,09:57:08,3.6,3.6,200,3.7,400,0,70800
HEROMOTOCO30Jan202700CE.NFO,07/01/2020,09:57:25,3.6,3.6,200,3.7,200,0,70800
HEROMOTOCO30Jan202700CE.NFO,07/01/2020,09:58:43,3.6,3.6,200,3.75,200,0,70800
HEROMOTOCO30Jan202700CE.NFO,07/01/2020,09:59:55,3.6,3.6,200,3.7,400,0,70800
HEROMOTOCO30Jan202700CE.NFO,07/01/2020,10:00:00,3.6,3.6,200,3.7,200,0,70800
HEROMOTOCO30Jan202700CE.NFO,07/01/2020,10:00:59,3.6,3.6,200,3.75,200,0,70800
HEROMOTOCO30Jan202700CE.NFO,07/01/2020,10:02:15,3.6,3.6,400,3.75,200,0,70800
HEROMOTOCO30Jan202700CE.NFO,07/01/2020,10:02:19,3.6,3.6,600,3.75,200,0,70800
HEROMOTOCO30Jan202700CE.NFO,07/01/2020,10:05:40,3.6,3.65,200,3.75,200,0,70800
HEROMOTOCO30Jan202700CE.NFO,07/01/2020,10:06:13,3.65,3.6,200,3.75,200,200,70800
HEROMOTOCO30Jan202700CE.NFO,07/01/2020,10:06:18,3.65,3.6,200,3.75,200,0,70800
HEROMOTOCO30Jan202700CE.NFO,07/01/2020,10:07:26,3.65,3.6,200,3.65,400,0,70800
HEROMOTOCO30Jan202700CE.NFO,07/01/2020,10:07:32,3.65,3.6,200,3.65,200,0,70800
HEROMOTOCO30Jan202700CE.NFO,07/01/2020,10:07:41,3.65,3.6,200,3.7,400,0,70800
HEROMOTOCO30Jan202700CE.NFO,07/01/2020,10:07:46,3.65,3.6,400,4.05,400,0,70800
HEROMOTOCO30Jan202700CE.NFO,07/01/2020,10:09:44,3.65,3.6,400,3.85,200,0,70800
HEROMOTOCO30Jan202700CE.NFO,07/01/2020,10:09:48,3.65,3.6,400,3.9,200,0,70800
HEROMOTOCO30Jan202700CE.NFO,07/01/2020,10:10:34,3.65,3.6,400,3.95,400,0,70800
HEROMOTOCO30Jan202700CE.NFO,07/01/2020,10:10:39,3.65,3.6,400,3.95,200,0,70800
HEROMOTOCO30Jan202700CE.NFO,07/01/2020,10:10:56,3.65,3.6,400,4,200,0,70800
HEROMOTOCO30Jan202700CE.NFO,07/01/2020,10:11:13,3.65,3.6,400,4.05,400,0,70800
HEROMOTOCO30Jan202700CE.NFO,07/01/2020,10:11:24,3.65,3.6,400,4.05,200,0,70800
HEROMOTOCO30Jan202700CE.NFO,07/01/2020,10:12:12,3.65,3.6,400,4.1,400,0,70800
HEROMOTOCO30Jan202700CE.NFO,07/01/2020,10:12:18,3.65,3.6,400,4.1,200,0,70800
HEROMOTOCO30Jan202700CE.NFO,07/01/2020,10:15:46,3.65,3.6,400,4,400,0,70800
HEROMOTOCO30Jan202700CE.NFO,07/01/2020,10:18:06,3.65,3.6,400,3.9,200,0,70800
HEROMOTOCO30Jan202700CE.NFO,07/01/2020,10:19:06,3.65,3.6,200,3.9,200,0,70800
HEROMOTOCO30Jan202700CE.NFO,07/01/2020,10:19:24,3.65,3.6,400,3.9,200,0,70800
HEROMOTOCO30Jan202700CE.NFO,07/01/2020,10:20:46,3.65,3.7,400,3.9,200,0,70800
HEROMOTOCO30Jan202700CE.NFO,07/01/2020,10:21:21,3.65,3.7,400,3.95,400,0,70800
HEROMOTOCO30Jan202700CE.NFO,07/01/2020,10:21:25,3.65,3.7,400,3.95,200,0,70800
HEROMOTOCO30Jan202700CE.NFO,07/01/2020,10:21:31,3.65,3.7,400,4,400,0,70800
HEROMOTOCO30Jan202700CE.NFO,07/01/2020,10:22:09,3.65,3.7,400,3.9,400,0,70800
HEROMOTOCO30Jan202700CE.NFO,07/01/2020,10:22:46,3.65,3.7,200,3.9,400,0,70800
HEROMOTOCO30Jan202700CE.NFO,07/01/2020,10:23:23,3.65,3.7,200,3.9,200,0,70800
HEROMOTOCO30Jan202700CE.NFO,07/01/2020,10:36:02,3.65,3.65,200,3.9,200,0,70800
HEROMOTOCO30Jan202700CE.NFO,07/01/2020,10:36:25,3.65,3.65,200,3.8,400,0,70800
HEROMOTOCO30Jan202700CE.NFO,07/01/2020,10:36:59,3.65,3.65,200,3.7,400,0,70800
HEROMOTOCO30Jan202700CE.NFO,07/01/2020,10:37:05,3.65,3.6,200,3.7,400,200,70800
HEROMOTOCO30Jan202700CE.NFO,07/01/2020,10:37:09,3.65,3.6,200,3.7,400,0,70800
HEROMOTOCO30Jan202700CE.NFO,07/01/2020,10:37:20,3.55,3.55,200,3.6,400,400,70800
HEROMOTOCO30Jan202700CE.NFO,07/01/2020,10:37:24,3.55,3.55,200,3.65,200,0,70800
HEROMOTOCO30Jan202700CE.NFO,07/01/2020,10:37:40,3.55,3.6,200,3.65,200,0,70800
HEROMOTOCO30Jan202700CE.NFO,07/01/2020,10:37:48,3.6,3.45,200,3.65,200,200,70800
HEROMOTOCO30Jan202700CE.NFO,07/01/2020,10:37:51,3.6,3.45,200,3.65,200,0,70800
HEROMOTOCO30Jan202700CE.NFO,07/01/2020,10:38:03,3.6,3.5,200,3.8,200,0,70800
HEROMOTOCO30Jan202700CE.NFO,07/01/2020,10:38:30,3.6,3.5,200,3.7,400,0,70800
HEROMOTOCO30Jan202700CE.NFO,07/01/2020,10:38:33,3.6,3.45,600,3.7,400,0,70800
HEROMOTOCO30Jan202700CE.NFO,07/01/2020,10:39:20,3.6,3.45,400,3.7,400,0,70800
HEROMOTOCO30Jan202700CE.NFO,07/01/2020,10:40:03,3.6,3.45,400,3.6,200,0,70800
HEROMOTOCO30Jan202700CE.NFO,07/01/2020,10:40:07,3.6,3.45,400,3.65,400,0,70800
HEROMOTOCO30Jan202700CE.NFO,07/01/2020,10:40:16,3.6,3.45,200,3.65,400,0,70800
HEROMOTOCO30Jan202700CE.NFO,07/01/2020,10:40:23,3.6,3.45,400,3.65,400,0,70800
HEROMOTOCO30Jan202700CE.NFO,07/01/2020,10:40:37,3.6,3.45,200,3.65,400,0,70800
HEROMOTOCO30Jan202700CE.NFO,07/01/2020,10:41:40,3.6,3.45,200,3.65,200,0,70800
HEROMOTOCO30Jan202700CE.NFO,07/01/2020,10:41:46,3.6,3.45,400,3.65,200,0,70800
HEROMOTOCO30Jan202700CE.NFO,07/01/2020,10:41:52,3.6,3.45,200,3.65,200,0,70800
HEROMOTOCO30Jan202700CE.NFO,07/01/2020,10:47:19,3.6,3.45,400,3.7,400,0,70800
HEROMOTOCO30Jan202700CE.NFO,07/01/2020,10:47:34,3.6,3.45,200,3.7,400,0,70800
HEROMOTOCO30Jan202700CE.NFO,07/01/2020,10:50:04,3.6,3.45,200,3.6,400,0,70800
HEROMOTOCO30Jan202700CE.NFO,07/01/2020,10:55:17,3.45,3.1,200,3.5,400,200,70800
HEROMOTOCO30Jan202700CE.NFO,07/01/2020,10:55:17,3.45,3.1,200,3.5,400,0,70800
HEROMOTOCO30Jan202700CE.NFO,07/01/2020,10:55:22,3.45,3.1,400,3.5,200,0,70800
HEROMOTOCO30Jan202700CE.NFO,07/01/2020,10:56:08,3.45,3.1,400,3.4,400,0,70800
HEROMOTOCO30Jan202700CE.NFO,07/01/2020,10:56:13,3.45,3.1,400,3.35,400,0,70800
HEROMOTOCO30Jan202700CE.NFO,07/01/2020,10:56:29,3.45,3.1,400,3.35,200,0,70800
HEROMOTOCO30Jan202700CE.NFO,07/01/2020,10:57:36,3.45,3.1,200,3.35,200,0,70800
HEROMOTOCO30Jan202700CE.NFO,07/01/2020,10:57:55,3.1,3,200,3.25,200,200,71000
HEROMOTOCO30Jan202700CE.NFO,07/01/2020,10:57:55,3.1,3,200,3.25,200,0,71000
HEROMOTOCO30Jan202700CE.NFO,07/01/2020,10:58:01,3.1,3,200,3.25,200,0,71000
HEROMOTOCO30Jan202700CE.NFO,07/01/2020,10:58:07,3.1,3,200,3.15,400,0,71000
HEROMOTOCO30Jan202700CE.NFO,07/01/2020,10:58:14,3.1,3,400,3.2,400,0,71000
HEROMOTOCO30Jan202700CE.NFO,07/01/2020,10:58:20,3.1,3,400,3.2,200,0,71000
HEROMOTOCO30Jan202700CE.NFO,07/01/2020,10:58:27,3.1,3,400,3.25,200,0,71000
HEROMOTOCO30Jan202700CE.NFO,07/01/2020,10:58:45,3.1,3,200,3.2,200,0,71000
HEROMOTOCO30Jan202700CE.NFO,07/01/2020,10:58:51,3.1,3,400,3.2,200,0,71000
HEROMOTOCO30Jan202700CE.NFO,07/01/2020,10:59:04,3.1,3.1,200,3.2,200,0,71000
HEROMOTOCO30Jan202700CE.NFO,07/01/2020,10:59:35,3.1,3,400,3.2,200,0,71000
HEROMOTOCO30Jan202700CE.NFO,07/01/2020,11:00:20,3.1,3,200,3.2,200,0,71000
HEROMOTOCO30Jan202700CE.NFO,07/01/2020,11:00:26,3.1,3,400,3.2,200,0,71000
HEROMOTOCO30Jan202700CE.NFO,07/01/2020,11:00:52,3.1,3,200,3.2,200,0,71000
HEROMOTOCO30Jan202700CE.NFO,07/01/2020,11:01:07,3.1,3,200,3.3,200,0,71000
HEROMOTOCO30Jan202700CE.NFO,07/01/2020,11:01:22,3.1,3,200,3.2,400,0,71000
HEROMOTOCO30Jan202700CE.NFO,07/01/2020,11:01:37,3.1,3,200,3.1,200,0,71000
HEROMOTOCO30Jan202700CE.NFO,07/01/2020,11:01:45,3.1,3,200,3.2,400,0,71000
HEROMOTOCO30Jan202700CE.NFO,07/01/2020,11:07:05,3.1,3.05,200,3.2,400,0,71000
HEROMOTOCO30Jan202700CE.NFO,07/01/2020,11:10:10,3.2,3.05,200,3.2,200,200,71000
HEROMOTOCO30Jan202700CE.NFO,07/01/2020,11:10:19,3.2,3.05,200,3.2,200,0,71000
HEROMOTOCO30Jan202700CE.NFO,07/01/2020,11:12:14,3.05,3,200,3.2,200,200,71200
HEROMOTOCO30Jan202700CE.NFO,07/01/2020,11:12:14,3.05,3,200,3.2,200,0,71200
HEROMOTOCO30Jan202700CE.NFO,07/01/2020,11:12:21,3.05,3,200,3.2,200,0,71200
HEROMOTOCO30Jan202700CE.NFO,07/01/2020,11:12:35,3.05,3,200,3.1,400,0,71200
HEROMOTOCO30Jan202700CE.NFO,07/01/2020,11:14:09,3.1,3,400,3.2,600,200,71200
HEROMOTOCO30Jan202700CE.NFO,07/01/2020,11:14:15,3.1,3,400,3.2,200,0,71200
HEROMOTOCO30Jan202700CE.NFO,07/01/2020,11:14:57,3.1,3,200,3.2,200,0,71200
HEROMOTOCO30Jan202700CE.NFO,07/01/2020,11:17:39,3.1,3,400,3.2,200,0,71200
HEROMOTOCO30Jan202700CE.NFO,07/01/2020,11:18:05,3.1,3,200,3.2,200,0,71200
HEROMOTOCO30Jan202700CE.NFO,07/01/2020,11:18:31,3.1,3,400,3.2,200,0,71200
HEROMOTOCO30Jan202700CE.NFO,07/01/2020,11:18:42,3.1,3,400,3.45,200,0,71200
HEROMOTOCO30Jan202700CE.NFO,07/01/2020,11:19:18,3.1,3,400,3.35,400,0,71200
HEROMOTOCO30Jan202700CE.NFO,07/01/2020,11:20:30,3.1,3,400,3.35,200,0,71200
HEROMOTOCO30Jan202700CE.NFO,07/01/2020,11:20:57,3.1,3,400,3.45,200,0,71200
HEROMOTOCO30Jan202700CE.NFO,07/01/2020,11:22:45,3.1,3,400,3.3,200,0,71200
HEROMOTOCO30Jan202700CE.NFO,07/01/2020,11:25:23,3.1,3,400,3.3,400,0,71200
HEROMOTOCO30Jan202700CE.NFO,07/01/2020,11:26:10,3.1,3,400,3.3,200,0,71200
HEROMOTOCO30Jan202700CE.NFO,07/01/2020,11:26:13,3.1,3,400,3.3,400,0,71200
HEROMOTOCO30Jan202700CE.NFO,07/01/2020,11:26:54,3.1,3,400,3.3,200,0,71200
HEROMOTOCO30Jan202700CE.NFO,07/01/2020,11:27:12,3.1,3,400,3.3,400,0,71200
HEROMOTOCO30Jan202700CE.NFO,07/01/2020,11:27:34,3.1,3,400,3.3,200,0,71200
HEROMOTOCO30Jan202700CE.NFO,07/01/2020,11:29:12,3.1,3,400,3.25,200,0,71200
HEROMOTOCO30Jan202700CE.NFO,07/01/2020,11:29:16,3.1,3,400,3.3,400,0,71200
HEROMOTOCO30Jan202700CE.NFO,07/01/2020,11:29:23,3.1,3,400,3.3,200,0,71200
HEROMOTOCO30Jan202700CE.NFO,07/01/2020,11:30:30,3.1,3,400,3.3,400,0,71200
HEROMOTOCO30Jan202700CE.NFO,07/01/2020,11:30:46,3.1,3,200,3.3,400,0,71200
HEROMOTOCO30Jan202700CE.NFO,07/01/2020,11:30:49,3.1,3,400,3.3,400,0,71200
HEROMOTOCO30Jan202700CE.NFO,07/01/2020,11:30:57,3.1,3,200,3.3,400,0,71200
HEROMOTOCO30Jan202700CE.NFO,07/01/2020,11:31:01,3.1,3,400,3.3,400,0,71200
HEROMOTOCO30Jan202700CE.NFO,07/01/2020,11:31:08,3.1,3,200,3.3,400,0,71200
HEROMOTOCO30Jan202700CE.NFO,07/01/2020,11:33:12,3.1,3,400,3.3,400,0,71200
HEROMOTOCO30Jan202700CE.NFO,07/01/2020,11:33:20,3.1,3,200,3.3,400,0,71200
HEROMOTOCO30Jan202700CE.NFO,07/01/2020,11:33:24,3.1,3,400,3.3,400,0,71200
HEROMOTOCO30Jan202700CE.NFO,07/01/2020,11:33:29,3.1,3,200,3.3,400,0,71200
HEROMOTOCO30Jan202700CE.NFO,07/01/2020,11:36:25,3.1,3,200,3.2,400,0,71200
HEROMOTOCO30Jan202700CE.NFO,07/01/2020,11:38:00,3.1,3.1,1000,3.2,400,0,71200
HEROMOTOCO30Jan202700CE.NFO,07/01/2020,11:39:19,3.1,3.1,800,3.2,400,200,71200
HEROMOTOCO30Jan202700CE.NFO,07/01/2020,11:39:23,3.1,3.1,800,3.2,400,0,71200
HEROMOTOCO30Jan202700CE.NFO,07/01/2020,11:39:37,3.1,3.1,600,3.2,400,200,71200
HEROMOTOCO30Jan202700CE.NFO,07/01/2020,11:39:45,3.1,3.1,600,3.2,400,0,71200
HEROMOTOCO30Jan202700CE.NFO,07/01/2020,11:39:50,3.1,3.1,600,3.2,200,0,71200
HEROMOTOCO30Jan202700CE.NFO,07/01/2020,11:41:34,3.2,3.1,600,3.2,400,200,71200
HEROMOTOCO30Jan202700CE.NFO,07/01/2020,11:41:36,3.2,3.1,600,3.2,400,0,71200
HEROMOTOCO30Jan202700CE.NFO,07/01/2020,11:42:15,3.1,3.1,200,3.2,400,400,71800
HEROMOTOCO30Jan202700CE.NFO,07/01/2020,11:42:19,3.1,3.1,200,3.2,400,0,71800
HEROMOTOCO30Jan202700CE.NFO,07/01/2020,11:42:24,3.1,3.1,400,3.2,400,0,71800
HEROMOTOCO30Jan202700CE.NFO,07/01/2020,11:42:55,3.1,3.1,200,3.2,400,200,71800
HEROMOTOCO30Jan202700CE.NFO,07/01/2020,11:43:12,3.1,3.1,200,3.2,400,0,71800
HEROMOTOCO30Jan202700CE.NFO,07/01/2020,11:43:28,3.2,3.1,200,3.2,200,200,71800
HEROMOTOCO30Jan202700CE.NFO,07/01/2020,11:43:31,3.2,3.1,200,3.2,200,0,71800
HEROMOTOCO30Jan202700CE.NFO,07/01/2020,11:43:48,3.2,3.1,200,3.3,400,200,71800
HEROMOTOCO30Jan202700CE.NFO,07/01/2020,11:43:53,3.2,3.1,200,3.3,400,0,71800
HEROMOTOCO30Jan202700CE.NFO,07/01/2020,11:50:42,3.1,3,200,3.3,400,200,72800
HEROMOTOCO30Jan202700CE.NFO,07/01/2020,11:50:46,3.1,3,200,3.3,400,0,72800
HEROMOTOCO30Jan202700CE.NFO,07/01/2020,11:56:43,3.1,3.05,400,3.3,400,0,72800
HEROMOTOCO30Jan202700CE.NFO,07/01/2020,12:00:01,3.1,3.05,400,3.3,200,0,72800
HEROMOTOCO30Jan202700CE.NFO,07/01/2020,12:02:43,3.1,3.05,600,3.3,200,0,72800
HEROMOTOCO30Jan202700CE.NFO,07/01/2020,12:02:49,3.1,3.05,400,3.3,200,0,72800
HEROMOTOCO30Jan202700CE.NFO,07/01/2020,12:11:50,3.3,3.05,400,4.95,800,200,70800
HEROMOTOCO30Jan202700CE.NFO,07/01/2020,12:13:15,3.3,3.05,400,4.95,800,0,70800
HEROMOTOCO30Jan202700CE.NFO,07/01/2020,12:14:19,3.3,3.05,400,3.7,400,0,70800
HEROMOTOCO30Jan202700CE.NFO,07/01/2020,12:16:16,3.3,3.15,200,3.6,400,0,70800
HEROMOTOCO30Jan202700CE.NFO,07/01/2020,12:18:23,3.3,3.15,400,3.6,400,0,70800
HEROMOTOCO30Jan202700CE.NFO,07/01/2020,12:19:49,3.3,3.2,200,3.6,400,0,70800
HEROMOTOCO30Jan202700CE.NFO,07/01/2020,12:21:11,3.2,3.15,200,3.6,400,200,71000
HEROMOTOCO30Jan202700CE.NFO,07/01/2020,12:21:22,3.2,3.15,200,3.6,400,0,71000
HEROMOTOCO30Jan202700CE.NFO,07/01/2020,12:22:47,3.2,3.15,200,3.5,400,0,71000
HEROMOTOCO30Jan202700CE.NFO,07/01/2020,12:23:04,3.15,3.05,400,3.5,400,200,71000
HEROMOTOCO30Jan202700CE.NFO,07/01/2020,12:23:08,3.15,3.05,400,3.5,400,0,71000
HEROMOTOCO30Jan202700CE.NFO,07/01/2020,12:24:44,3.15,3.05,800,3.5,400,0,71000
HEROMOTOCO30Jan202700CE.NFO,07/01/2020,12:24:55,3.15,3.1,400,3.5,400,0,71000
HEROMOTOCO30Jan202700CE.NFO,07/01/2020,12:27:09,3.15,3.1,400,3.4,400,0,71000
HEROMOTOCO30Jan202700CE.NFO,07/01/2020,12:31:47,3.2,3.1,400,3.4,400,200,71000
HEROMOTOCO30Jan202700CE.NFO,07/01/2020,12:31:51,3.2,3.1,400,3.4,400,0,71000
HEROMOTOCO30Jan202700CE.NFO,07/01/2020,12:31:58,3.2,3.1,400,3.4,400,200,71000
HEROMOTOCO30Jan202700CE.NFO,07/01/2020,12:32:02,3.2,3.1,400,3.4,400,200,71000
HEROMOTOCO30Jan202700CE.NFO,07/01/2020,12:32:07,3.2,3.1,400,3.4,400,0,71000
HEROMOTOCO30Jan202700CE.NFO,07/01/2020,12:59:57,3.2,3.1,400,3.25,400,0,71000
HEROMOTOCO30Jan202700CE.NFO,07/01/2020,13:00:07,3.1,3.05,400,3.25,400,400,70000
HEROMOTOCO30Jan202700CE.NFO,07/01/2020,13:00:14,3.1,3.05,400,3.25,400,0,70000
HEROMOTOCO30Jan202700CE.NFO,07/01/2020,13:00:28,3.1,3.05,400,3.3,200,0,70000
HEROMOTOCO30Jan202700CE.NFO,07/01/2020,13:08:51,3.05,3.05,200,3.3,200,200,69600
HEROMOTOCO30Jan202700CE.NFO,07/01/2020,13:08:58,3.05,3.05,200,3.15,400,0,69600
HEROMOTOCO30Jan202700CE.NFO,07/01/2020,13:09:20,3.05,2.8,200,3.15,400,200,69800
HEROMOTOCO30Jan202700CE.NFO,07/01/2020,13:09:27,3.05,2.8,200,3.15,400,0,69800
HEROMOTOCO30Jan202700CE.NFO,07/01/2020,13:12:28,3.05,2.8,200,3.1,400,0,69800
HEROMOTOCO30Jan202700CE.NFO,07/01/2020,13:16:16,3.05,2.8,200,3.1,200,0,69800
HEROMOTOCO30Jan202700CE.NFO,07/01/2020,13:19:55,3.05,2.8,200,3.15,400,0,69800
HEROMOTOCO30Jan202700CE.NFO,07/01/2020,13:20:09,3.05,2.8,200,3.15,200,0,69800
HEROMOTOCO30Jan202700CE.NFO,07/01/2020,13:21:14,3.05,2.8,200,3.05,200,0,69800
HEROMOTOCO30Jan202700CE.NFO,07/01/2020,13:21:48,3.05,2.8,200,3.1,400,0,69800
HEROMOTOCO30Jan202700CE.NFO,07/01/2020,13:22:10,3.05,2.8,200,3.1,200,0,69800
HEROMOTOCO30Jan202700CE.NFO,07/01/2020,13:23:10,3.05,2.8,200,3.1,400,0,69800
HEROMOTOCO30Jan202700CE.NFO,07/01/2020,13:24:13,3.05,2.8,200,3.2,600,0,69800
HEROMOTOCO30Jan202700CE.NFO,07/01/2020,13:24:35,3.05,2.8,200,3.2,400,0,69800
HEROMOTOCO30Jan202700CE.NFO,07/01/2020,13:28:10,3.05,2.6,200,3.2,400,0,69600
HEROMOTOCO30Jan202700CE.NFO,07/01/2020,13:39:16,3.05,2.6,200,3.2,200,0,69600
HEROMOTOCO30Jan202700CE.NFO,07/01/2020,13:39:36,3.05,2.6,200,3.1,400,0,69600
HEROMOTOCO30Jan202700CE.NFO,07/01/2020,13:47:25,3.05,2.6,200,3,600,0,69600
HEROMOTOCO30Jan202700CE.NFO,07/01/2020,13:47:36,3.05,2.6,200,3,200,0,69600
HEROMOTOCO30Jan202700CE.NFO,07/01/2020,13:47:42,3.05,2.6,200,2.95,200,0,69600
HEROMOTOCO30Jan202700CE.NFO,07/01/2020,13:47:47,3.05,2.6,200,3,200,0,69600
HEROMOTOCO30Jan202700CE.NFO,07/01/2020,13:48:55,3.05,2.6,200,3.05,400,0,69600
HEROMOTOCO30Jan202700CE.NFO,07/01/2020,13:49:01,3.05,2.6,200,3.05,200,0,69600
HEROMOTOCO30Jan202700CE.NFO,07/01/2020,13:49:39,3.05,2.6,200,3.05,400,0,69600
HEROMOTOCO30Jan202700CE.NFO,07/01/2020,13:50:04,3.05,2.6,200,3.05,600,200,69600
HEROMOTOCO30Jan202700CE.NFO,07/01/2020,13:50:09,3.05,2.6,200,3.05,600,0,69600
HEROMOTOCO30Jan202700CE.NFO,07/01/2020,13:50:17,3.05,2.6,200,3.05,200,0,69600
HEROMOTOCO30Jan202700CE.NFO,07/01/2020,13:50:31,3.05,2.6,200,3.05,400,0,69600
HEROMOTOCO30Jan202700CE.NFO,07/01/2020,13:50:44,3.05,2.6,200,3.15,800,0,69600
HEROMOTOCO30Jan202700CE.NFO,07/01/2020,13:50:52,3.05,2.6,200,3.1,400,0,69600
HEROMOTOCO30Jan202700CE.NFO,07/01/2020,13:51:05,3.05,2.6,200,3.05,200,0,69600
HEROMOTOCO30Jan202700CE.NFO,07/01/2020,13:51:47,3.05,2.6,200,3.05,400,0,69600
HEROMOTOCO30Jan202700CE.NFO,07/01/2020,13:51:56,3.05,2.6,200,3.05,200,0,69600
HEROMOTOCO30Jan202700CE.NFO,07/01/2020,13:52:01,3.05,2.6,200,3.05,400,0,69600
HEROMOTOCO30Jan202700CE.NFO,07/01/2020,13:52:36,3.05,2.6,200,3.05,200,0,69600
HEROMOTOCO30Jan202700CE.NFO,07/01/2020,13:52:49,3.05,2.6,200,3.05,400,0,69600
HEROMOTOCO30Jan202700CE.NFO,07/01/2020,13:53:41,3.05,2.6,200,3.05,200,0,69600
HEROMOTOCO30Jan202700CE.NFO,07/01/2020,13:53:49,3.05,2.6,200,3,200,0,69600
HEROMOTOCO30Jan202700CE.NFO,07/01/2020,13:54:13,3.05,2.6,200,3,400,0,69600
HEROMOTOCO30Jan202700CE.NFO,07/01/2020,13:54:26,3.05,2.6,200,3.05,200,0,69600
HEROMOTOCO30Jan202700CE.NFO,07/01/2020,13:54:31,3.05,2.6,200,3,400,0,69600
HEROMOTOCO30Jan202700CE.NFO,07/01/2020,13:55:07,3.05,2.6,200,3.05,400,0,69600
HEROMOTOCO30Jan202700CE.NFO,07/01/2020,13:56:29,3.05,2.6,200,3,400,0,69600
HEROMOTOCO30Jan202700CE.NFO,07/01/2020,13:57:21,3.05,2.6,200,3,200,0,69600
HEROMOTOCO30Jan202700CE.NFO,07/01/2020,13:57:48,3.05,2.6,200,3,400,0,69600
HEROMOTOCO30Jan202700CE.NFO,07/01/2020,13:58:29,3,2.7,400,3,200,200,69800
HEROMOTOCO30Jan202700CE.NFO,07/01/2020,13:58:29,3,2.7,400,3,200,0,69800
HEROMOTOCO30Jan202700CE.NFO,07/01/2020,13:58:36,3,2.7,400,3,200,0,69800
HEROMOTOCO30Jan202700CE.NFO,07/01/2020,13:58:42,3,2.7,400,3.05,200,0,69800
HEROMOTOCO30Jan202700CE.NFO,07/01/2020,14:00:40,3,2.8,400,3.05,200,0,69800
HEROMOTOCO30Jan202700CE.NFO,07/01/2020,14:00:46,3,2.8,400,3.1,200,0,69800
HEROMOTOCO30Jan202700CE.NFO,07/01/2020,14:00:53,3,2.8,400,3.05,200,0,69800
HEROMOTOCO30Jan202700CE.NFO,07/01/2020,14:01:27,3,2.8,400,3.1,200,0,69800
HEROMOTOCO30Jan202700CE.NFO,07/01/2020,14:01:38,3,2.8,400,3.05,200,0,69800
HEROMOTOCO30Jan202700CE.NFO,07/01/2020,14:01:41,3,2.8,400,3.1,200,0,69800
HEROMOTOCO30Jan202700CE.NFO,07/01/2020,14:01:57,3,2.9,400,3.1,200,0,69800
HEROMOTOCO30Jan202700CE.NFO,07/01/2020,14:02:42,3,2.9,400,3.15,200,0,69800
HEROMOTOCO30Jan202700CE.NFO,07/01/2020,14:03:14,3,3,400,3.2,200,0,69800
HEROMOTOCO30Jan202700CE.NFO,07/01/2020,14:03:29,3,3,400,3.15,200,0,69800
HEROMOTOCO30Jan202700CE.NFO,07/01/2020,14:03:37,3,3,400,3.2,200,0,69800
HEROMOTOCO30Jan202700CE.NFO,07/01/2020,14:06:06,3,3,400,3.15,200,0,69800
HEROMOTOCO30Jan202700CE.NFO,07/01/2020,14:06:18,3,3,400,3.2,200,0,69800
HEROMOTOCO30Jan202700CE.NFO,07/01/2020,14:06:41,3,2.8,200,3.2,200,200,69600
HEROMOTOCO30Jan202700CE.NFO,07/01/2020,14:06:46,3,2.75,600,3.2,200,0,69600
HEROMOTOCO30Jan202700CE.NFO,07/01/2020,14:07:49,3,2.75,200,3.2,200,0,69600
HEROMOTOCO30Jan202700CE.NFO,07/01/2020,14:07:54,3,2.75,400,3.2,200,0,69600
HEROMOTOCO30Jan202700CE.NFO,07/01/2020,14:10:30,3,2.6,200,3.1,400,0,69600
HEROMOTOCO30Jan202700CE.NFO,07/01/2020,14:10:34,3,2.65,200,3.1,400,0,69600
HEROMOTOCO30Jan202700CE.NFO,07/01/2020,14:10:54,3,2.75,200,3.1,400,0,69600
HEROMOTOCO30Jan202700CE.NFO,07/01/2020,14:12:24,2.75,2.65,200,2.75,200,400,69600
HEROMOTOCO30Jan202700CE.NFO,07/01/2020,14:12:24,2.75,2.65,200,2.75,200,0,69600
HEROMOTOCO30Jan202700CE.NFO,07/01/2020,14:12:29,2.75,2.65,200,2.75,200,0,69600
HEROMOTOCO30Jan202700CE.NFO,07/01/2020,14:13:40,2.75,2.7,600,3.05,200,200,69600
HEROMOTOCO30Jan202700CE.NFO,07/01/2020,14:14:04,2.75,2.7,600,3.05,200,0,69600
HEROMOTOCO30Jan202700CE.NFO,07/01/2020,14:14:10,2.75,2.7,600,3.15,200,0,69600
HEROMOTOCO30Jan202700CE.NFO,07/01/2020,14:14:41,2.65,2.6,400,3.1,400,1200,69600
HEROMOTOCO30Jan202700CE.NFO,07/01/2020,14:14:41,2.65,2.6,400,3.1,400,0,69600
HEROMOTOCO30Jan202700CE.NFO,07/01/2020,14:15:34,2.65,2.6,600,3.1,400,0,69600
HEROMOTOCO30Jan202700CE.NFO,07/01/2020,14:15:39,2.65,2.6,400,3.1,400,0,69600
HEROMOTOCO30Jan202700CE.NFO,07/01/2020,14:16:41,2.65,2.6,400,3,200,0,69600
HEROMOTOCO30Jan202700CE.NFO,07/01/2020,14:17:13,2.65,2.6,400,2.95,600,0,69600
HEROMOTOCO30Jan202700CE.NFO,07/01/2020,14:17:29,2.65,2.6,400,2.85,400,0,69600
HEROMOTOCO30Jan202700CE.NFO,07/01/2020,14:17:34,2.65,2.6,400,2.85,200,0,69600
HEROMOTOCO30Jan202700CE.NFO,07/01/2020,14:17:54,2.65,2.6,400,2.9,400,0,69600
HEROMOTOCO30Jan202700CE.NFO,07/01/2020,14:18:52,2.65,2.55,200,2.8,200,0,69600
HEROMOTOCO30Jan202700CE.NFO,07/01/2020,14:18:56,2.65,2.55,600,2.85,800,0,69600
HEROMOTOCO30Jan202700CE.NFO,07/01/2020,14:19:01,2.85,2.55,600,2.85,600,200,69600
HEROMOTOCO30Jan202700CE.NFO,07/01/2020,14:20:11,2.85,2.55,600,2.85,400,0,69600
HEROMOTOCO30Jan202700CE.NFO,07/01/2020,14:21:16,2.85,2.55,600,2.75,200,0,69600
HEROMOTOCO30Jan202700CE.NFO,07/01/2020,14:21:23,2.55,2.55,400,2.75,200,200,69600
HEROMOTOCO30Jan202700CE.NFO,07/01/2020,14:21:23,2.55,2.55,400,2.75,200,0,69600
HEROMOTOCO30Jan202700CE.NFO,07/01/2020,14:21:26,2.55,2.55,400,2.75,200,0,69600
HEROMOTOCO30Jan202700CE.NFO,07/01/2020,14:21:51,2.55,2.55,400,2.8,600,0,69600
HEROMOTOCO30Jan202700CE.NFO,07/01/2020,14:22:19,2.55,2.55,400,2.8,400,0,69600
HEROMOTOCO30Jan202700CE.NFO,07/01/2020,14:23:03,2.55,2.55,600,2.8,400,0,69600
HEROMOTOCO30Jan202700CE.NFO,07/01/2020,14:23:41,2.55,2.55,1600,2.8,400,0,69600
HEROMOTOCO30Jan202700CE.NFO,07/01/2020,14:24:23,2.55,2.55,1600,2.8,200,0,69600
HEROMOTOCO30Jan202700CE.NFO,07/01/2020,14:24:34,2.55,2.55,1600,2.85,200,0,69600
HEROMOTOCO30Jan202700CE.NFO,07/01/2020,14:25:03,2.55,2.55,1600,2.8,200,0,69600
HEROMOTOCO30Jan202700CE.NFO,07/01/2020,14:25:24,2.55,2.55,1600,2.85,200,0,69600
HEROMOTOCO30Jan202700CE.NFO,07/01/2020,14:25:42,2.55,2.55,1600,2.8,400,0,69600
HEROMOTOCO30Jan202700CE.NFO,07/01/2020,14:26:04,2.55,2.55,1600,2.8,200,0,69600
HEROMOTOCO30Jan202700CE.NFO,07/01/2020,14:26:17,2.55,2.55,1600,2.85,200,0,69600
HEROMOTOCO30Jan202700CE.NFO,07/01/2020,14:26:48,2.55,2.55,1600,2.8,200,0,69600
HEROMOTOCO30Jan202700CE.NFO,07/01/2020,14:27:01,2.55,2.55,1600,2.8,400,0,69600
HEROMOTOCO30Jan202700CE.NFO,07/01/2020,14:27:06,2.55,2.55,1400,2.95,400,0,69600
HEROMOTOCO30Jan202700CE.NFO,07/01/2020,14:27:14,2.55,2.55,1400,2.85,400,0,69600
HEROMOTOCO30Jan202700CE.NFO,07/01/2020,14:29:16,2.55,2.55,1400,2.9,400,0,69800
HEROMOTOCO30Jan202700CE.NFO,07/01/2020,14:30:41,2.55,2.55,1400,3.1,600,0,69800
HEROMOTOCO30Jan202700CE.NFO,07/01/2020,14:30:49,2.55,2.55,1400,3.1,400,0,69800
HEROMOTOCO30Jan202700CE.NFO,07/01/2020,14:30:58,2.55,2.55,1400,3,200,0,69800
HEROMOTOCO30Jan202700CE.NFO,07/01/2020,14:31:47,2.55,2.55,1400,2.95,200,0,69800
HEROMOTOCO30Jan202700CE.NFO,07/01/2020,14:32:03,2.55,2.55,1400,2.95,400,0,69800
HEROMOTOCO30Jan202700CE.NFO,07/01/2020,14:33:50,2.55,2.55,1400,2.95,200,0,69800
HEROMOTOCO30Jan202700CE.NFO,07/01/2020,14:35:56,2.55,2.55,1400,2.85,200,0,69800
HEROMOTOCO30Jan202700CE.NFO,07/01/2020,14:45:12,2.55,2.55,1400,2.75,400,0,69800
HEROMOTOCO30Jan202700CE.NFO,07/01/2020,14:46:20,2.55,2.55,1400,2.75,200,0,69800
HEROMOTOCO30Jan202700CE.NFO,07/01/2020,14:46:54,2.55,2.55,1400,2.8,400,0,69800
HEROMOTOCO30Jan202700CE.NFO,07/01/2020,14:49:40,2.55,2.55,1200,2.8,400,0,69800
HEROMOTOCO30Jan202700CE.NFO,07/01/2020,14:50:11,2.55,2.55,1400,2.8,400,0,69800
HEROMOTOCO30Jan202700CE.NFO,07/01/2020,14:50:17,2.55,2.55,1200,2.8,400,0,69800
HEROMOTOCO30Jan202700CE.NFO,07/01/2020,14:50:28,2.55,2.55,1400,2.8,400,0,69800
HEROMOTOCO30Jan202700CE.NFO,07/01/2020,14:51:17,2.55,2.55,1200,2.8,400,0,69800
HEROMOTOCO30Jan202700CE.NFO,07/01/2020,14:52:26,2.55,2.55,1400,2.8,400,0,69800
HEROMOTOCO30Jan202700CE.NFO,07/01/2020,14:52:30,2.55,2.55,1200,2.8,400,0,69800
HEROMOTOCO30Jan202700CE.NFO,07/01/2020,14:53:19,2.55,2.55,1400,2.8,400,0,69800
HEROMOTOCO30Jan202700CE.NFO,07/01/2020,14:54:03,2.55,2.55,1600,2.9,600,0,69800
HEROMOTOCO30Jan202700CE.NFO,07/01/2020,14:54:33,2.55,2.55,1400,2.9,600,0,69800
HEROMOTOCO30Jan202700CE.NFO,07/01/2020,14:54:41,2.55,2.55,1200,2.9,600,0,69800
HEROMOTOCO30Jan202700CE.NFO,07/01/2020,14:56:16,2.55,2.55,1200,2.9,400,0,69800
HEROMOTOCO30Jan202700CE.NFO,07/01/2020,14:56:22,2.55,2.55,1200,2.8,400,0,69800
HEROMOTOCO30Jan202700CE.NFO,07/01/2020,14:56:46,2.55,2.6,200,2.8,400,0,69800
HEROMOTOCO30Jan202700CE.NFO,07/01/2020,14:56:50,2.8,2.6,200,2.8,200,200,69600
HEROMOTOCO30Jan202700CE.NFO,07/01/2020,14:57:09,2.8,2.6,200,2.8,200,0,69600
HEROMOTOCO30Jan202700CE.NFO,07/01/2020,14:58:10,2.8,2.6,400,2.8,200,0,69600
HEROMOTOCO30Jan202700CE.NFO,07/01/2020,14:59:39,2.8,2.6,400,2.9,400,0,69600
HEROMOTOCO30Jan202700CE.NFO,07/01/2020,15:01:04,2.8,2.6,400,2.8,1000,0,69600
HEROMOTOCO30Jan202700CE.NFO,07/01/2020,15:02:22,2.8,2.6,200,2.7,1200,0,69600
HEROMOTOCO30Jan202700CE.NFO,07/01/2020,15:02:27,2.8,2.6,200,2.75,400,0,69600
HEROMOTOCO30Jan202700CE.NFO,07/01/2020,15:04:17,2.55,2.5,400,2.6,400,1600,69800
HEROMOTOCO30Jan202700CE.NFO,07/01/2020,15:04:23,2.55,2.5,400,2.6,400,0,69800
HEROMOTOCO30Jan202700CE.NFO,07/01/2020,15:04:34,2.55,2.5,400,2.55,400,0,69800
HEROMOTOCO30Jan202700CE.NFO,07/01/2020,15:04:39,2.55,2.5,400,2.6,400,0,69800
HEROMOTOCO30Jan202700CE.NFO,07/01/2020,15:04:45,2.55,2.5,400,2.55,400,0,69800
HEROMOTOCO30Jan202700CE.NFO,07/01/2020,15:05:06,2.55,2.5,400,2.6,400,0,69800
HEROMOTOCO30Jan202700CE.NFO,07/01/2020,15:05:28,2.55,2.5,400,2.55,800,0,69800
HEROMOTOCO30Jan202700CE.NFO,07/01/2020,15:05:38,2.55,2.5,400,2.55,600,200,69800
HEROMOTOCO30Jan202700CE.NFO,07/01/2020,15:06:52,2.55,2.5,400,2.55,200,400,69400
HEROMOTOCO30Jan202700CE.NFO,07/01/2020,15:07:14,2.55,2.5,400,2.55,200,0,69400
HEROMOTOCO30Jan202700CE.NFO,07/01/2020,15:10:11,2.45,2.45,200,2.55,200,200,69400
HEROMOTOCO30Jan202700CE.NFO,07/01/2020,15:10:11,2.45,2.45,200,2.55,200,0,69400
HEROMOTOCO30Jan202700CE.NFO,07/01/2020,15:10:22,2.45,2.45,200,2.55,200,0,69400
HEROMOTOCO30Jan202700CE.NFO,07/01/2020,15:11:23,2.45,2.4,400,2.55,200,0,69400
HEROMOTOCO30Jan202700CE.NFO,07/01/2020,15:11:38,2.45,2.4,400,2.5,200,0,69400
HEROMOTOCO30Jan202700CE.NFO,07/01/2020,15:11:45,2.45,2.4,200,2.5,200,0,69400
HEROMOTOCO30Jan202700CE.NFO,07/01/2020,15:13:30,2.45,2.35,400,2.5,200,0,69400
HEROMOTOCO30Jan202700CE.NFO,07/01/2020,15:17:01,2.5,2.35,400,2.6,200,200,69400
HEROMOTOCO30Jan202700CE.NFO,07/01/2020,15:17:08,2.5,2.35,400,2.6,200,0,69400
HEROMOTOCO30Jan202700CE.NFO,07/01/2020,15:17:15,2.5,2.45,600,2.65,200,0,69400
HEROMOTOCO30Jan202700CE.NFO,07/01/2020,15:17:22,2.5,2.45,400,2.65,200,0,69400
HEROMOTOCO30Jan202700CE.NFO,07/01/2020,15:18:20,2.5,2.45,400,2.55,1200,0,69400
HEROMOTOCO30Jan202700CE.NFO,07/01/2020,15:19:35,2.5,2.45,400,2.6,400,0,69400
HEROMOTOCO30Jan202700CE.NFO,07/01/2020,15:19:59,2.5,2.45,200,2.6,400,0,69400
HEROMOTOCO30Jan202700CE.NFO,07/01/2020,15:20:55,2.5,2.45,400,2.6,400,0,69400
HEROMOTOCO30Jan202700CE.NFO,07/01/2020,15:21:10,2.5,2.5,200,2.6,200,0,69400
HEROMOTOCO30Jan202700CE.NFO,07/01/2020,15:21:47,2.5,2.5,200,2.65,200,0,69400
HEROMOTOCO30Jan202700CE.NFO,07/01/2020,15:22:08,2.5,2.5,400,2.75,400,0,69400
HEROMOTOCO30Jan202700CE.NFO,07/01/2020,15:23:11,2.25,1.7,400,2.65,200,1200,69400
HEROMOTOCO30Jan202700CE.NFO,07/01/2020,15:23:11,1.8,1.7,400,2.65,200,0,69400
HEROMOTOCO30Jan202700CE.NFO,07/01/2020,15:23:18,2.25,2.2,400,2.65,200,0,69400
HEROMOTOCO30Jan202700CE.NFO,07/01/2020,15:23:37,2.25,2.3,400,2.65,200,0,69400
HEROMOTOCO30Jan202700CE.NFO,07/01/2020,15:24:09,2.25,2.3,400,2.6,200,0,69400
HEROMOTOCO30Jan202700CE.NFO,07/01/2020,15:24:22,2.25,2.3,400,2.65,200,0,69400
HEROMOTOCO30Jan202700CE.NFO,07/01/2020,15:24:27,2.4,2.3,400,2.35,400,800,69400
HEROMOTOCO30Jan202700CE.NFO,07/01/2020,15:24:32,2.4,2.3,400,2.4,400,0,69400
HEROMOTOCO30Jan202700CE.NFO,07/01/2020,15:25:16,2.4,2.3,400,2.5,200,0,69400
HEROMOTOCO30Jan202700CE.NFO,07/01/2020,15:25:21,2.4,2.3,400,2.4,600,0,69400
HEROMOTOCO30Jan202700CE.NFO,07/01/2020,15:25:32,2.3,1.1,600,2.35,200,400,69400
HEROMOTOCO30Jan202700CE.NFO,07/01/2020,15:25:38,2.3,1.1,600,2.35,200,0,69400
HEROMOTOCO30Jan202700CE.NFO,07/01/2020,15:26:51,2.3,1.65,400,2.5,200,0,69400
HEROMOTOCO30Jan202700CE.NFO,07/01/2020,15:27:08,2.3,1.75,400,2.5,200,0,69400
HEROMOTOCO30Jan202700CE.NFO,07/01/2020,15:27:43,2.3,1.85,400,2.5,200,0,69400
HEROMOTOCO30Jan202700CE.NFO,07/01/2020,15:28:20,2.3,2.25,400,2.5,200,0,69400
HEROMOTOCO30Jan202700CE.NFO,07/01/2020,15:28:43,2.5,2.5,200,2.95,400,200,69400
HEROMOTOCO30Jan202700CE.NFO,07/01/2020,15:28:59,2.5,2.5,200,2.95,400,0,69400
HEROMOTOCO30Jan202700CE.NFO,07/01/2020,15:29:14,2.9,1.1,200,2.4,400,200,69400
HEROMOTOCO30Jan202700CE.NFO,07/01/2020,15:29:34,2.9,1.35,200,2.4,200,0,69400
HEROMOTOCO30Jan202700CE.NFO,07/01/2020,15:29:41,2.9,2,200,3,200,0,69400
HEROMOTOCO30Jan202700CE.NFO,07/01/2020,15:29:48,2.9,1.1,200,2.95,200,0,69400
HEROMOTOCO30Jan202700CE.NFO,07/01/2020,15:29:55,2.9,1.1,400,2.95,200,0,69400
