Ticker,Date,Time,LTP,BuyPrice,BuyQty,SellPrice,SellQty,LTQ,OpenInterest
HINDUNILVR30Jan201980CE.NFO,07/01/2020,09:15:56,25,22.85,600,25.95,600,300,59400
HINDUNILVR30Jan201980CE.NFO,07/01/2020,09:15:56,25,22.85,600,25.95,600,0,59400
HINDUNILVR30Jan201980CE.NFO,07/01/2020,09:15:56,25,22.85,600,25.95,600,0,59400
HINDUNILVR30Jan201980CE.NFO,07/01/2020,09:15:56,25,22.85,600,25.95,600,0,59400
HINDUNILVR30Jan201980CE.NFO,07/01/2020,09:16:06,25,22.95,600,25.95,600,0,59400
HINDUNILVR30Jan201980CE.NFO,07/01/2020,09:16:18,25,24.2,600,25.95,600,0,59400
HINDUNILVR30Jan201980CE.NFO,07/01/2020,09:16:40,25,24.35,300,25,300,0,59400
HINDUNILVR30Jan201980CE.NFO,07/01/2020,09:16:50,25,23.65,600,24.75,600,0,59400
HINDUNILVR30Jan201980CE.NFO,07/01/2020,09:17:01,23.8,23.05,900,24.25,900,300,59400
HINDUNILVR30Jan201980CE.NFO,07/01/2020,09:17:01,23.8,23.05,900,24.25,900,0,59400
HINDUNILVR30Jan201980CE.NFO,07/01/2020,09:17:11,23.8,22.95,600,24.15,900,0,59400
HINDUNILVR30Jan201980CE.NFO,07/01/2020,09:17:20,23.8,23.05,600,24.1,300,0,59400
HINDUNILVR30Jan201980CE.NFO,07/01/2020,09:17:30,24.2,23.35,600,24.25,600,600,60000
HINDUNILVR30Jan201980CE.NFO,07/01/2020,09:17:39,24.2,23.6,300,24.15,300,0,60000
HINDUNILVR30Jan201980CE.NFO,07/01/2020,09:17:49,24.25,23.95,300,24.65,300,300,60000
HINDUNILVR30Jan201980CE.NFO,07/01/2020,09:17:59,24.25,23.8,300,24.6,600,0,60000
HINDUNILVR30Jan201980CE.NFO,07/01/2020,09:18:07,24.25,24.05,300,24.6,600,0,60000
HINDUNILVR30Jan201980CE.NFO,07/01/2020,09:18:16,24.6,24.3,300,24.9,600,300,60000
HINDUNILVR30Jan201980CE.NFO,07/01/2020,09:18:23,24.6,24.3,300,24.9,600,0,60000
HINDUNILVR30Jan201980CE.NFO,07/01/2020,09:18:30,24.9,23.9,300,24.95,300,300,60000
HINDUNILVR30Jan201980CE.NFO,07/01/2020,09:18:53,24.95,23.8,600,24.95,600,300,60000
HINDUNILVR30Jan201980CE.NFO,07/01/2020,09:19:00,24.95,23.9,300,24.95,600,0,60000
HINDUNILVR30Jan201980CE.NFO,07/01/2020,09:19:07,24.95,23.75,300,24.95,600,0,60000
HINDUNILVR30Jan201980CE.NFO,07/01/2020,09:19:14,24.95,23.8,300,24.95,600,0,60000
HINDUNILVR30Jan201980CE.NFO,07/01/2020,09:19:20,24.95,23.8,300,24.85,300,0,60000
HINDUNILVR30Jan201980CE.NFO,07/01/2020,09:19:49,24.95,24.05,600,24.85,300,0,60000
HINDUNILVR30Jan201980CE.NFO,07/01/2020,09:19:56,24.5,24.25,300,24.85,300,300,60000
HINDUNILVR30Jan201980CE.NFO,07/01/2020,09:20:01,24.55,24.5,300,24.85,300,300,60000
HINDUNILVR30Jan201980CE.NFO,07/01/2020,09:20:08,24.85,24.3,600,25,900,600,60000
HINDUNILVR30Jan201980CE.NFO,07/01/2020,09:20:14,25,24.55,300,25,600,300,60000
HINDUNILVR30Jan201980CE.NFO,07/01/2020,09:20:21,25,24.6,600,25,300,300,61500
HINDUNILVR30Jan201980CE.NFO,07/01/2020,09:20:27,25,24.65,300,25.45,300,300,61500
HINDUNILVR30Jan201980CE.NFO,07/01/2020,09:20:33,24.65,24.65,300,25.15,300,600,61500
HINDUNILVR30Jan201980CE.NFO,07/01/2020,09:20:40,24.6,23.9,600,25.15,300,1500,61500
HINDUNILVR30Jan201980CE.NFO,07/01/2020,09:20:40,25.15,23.9,600,25.15,300,0,61500
HINDUNILVR30Jan201980CE.NFO,07/01/2020,09:20:46,25,23.9,600,25.3,300,300,61500
HINDUNILVR30Jan201980CE.NFO,07/01/2020,09:20:52,25,23.9,600,25.3,300,0,61500
HINDUNILVR30Jan201980CE.NFO,07/01/2020,09:21:06,25,24.5,300,25.5,1500,0,61500
HINDUNILVR30Jan201980CE.NFO,07/01/2020,09:21:13,25.5,24.05,1200,25.5,900,900,61500
HINDUNILVR30Jan201980CE.NFO,07/01/2020,09:21:13,25.5,24.05,1200,25.5,900,0,61500
HINDUNILVR30Jan201980CE.NFO,07/01/2020,09:21:21,25,24.75,300,25.5,900,300,61500
HINDUNILVR30Jan201980CE.NFO,07/01/2020,09:21:28,25,24.65,300,25,300,0,61500
HINDUNILVR30Jan201980CE.NFO,07/01/2020,09:21:35,25,24.05,1200,25.5,900,300,61500
HINDUNILVR30Jan201980CE.NFO,07/01/2020,09:21:41,25,24.15,600,25.5,900,0,61500
HINDUNILVR30Jan201980CE.NFO,07/01/2020,09:21:55,25,24.35,300,25.5,900,0,61500
HINDUNILVR30Jan201980CE.NFO,07/01/2020,09:22:01,25,24.55,300,25.5,900,0,61500
HINDUNILVR30Jan201980CE.NFO,07/01/2020,09:22:07,25,24.55,600,25.5,900,0,61500
HINDUNILVR30Jan201980CE.NFO,07/01/2020,09:22:12,25,24.55,600,25.5,600,0,61500
HINDUNILVR30Jan201980CE.NFO,07/01/2020,09:22:14,25,24.2,300,25.5,900,0,61500
HINDUNILVR30Jan201980CE.NFO,07/01/2020,09:22:15,25,24.2,600,25.5,900,0,61500
HINDUNILVR30Jan201980CE.NFO,07/01/2020,09:22:17,25,25,300,25.5,600,0,61500
HINDUNILVR30Jan201980CE.NFO,07/01/2020,09:22:18,25.5,25,300,25.5,300,300,61500
HINDUNILVR30Jan201980CE.NFO,07/01/2020,09:22:19,25.5,25,300,25.5,300,0,61500
HINDUNILVR30Jan201980CE.NFO,07/01/2020,09:22:20,25,24.6,300,25.45,300,600,61500
HINDUNILVR30Jan201980CE.NFO,07/01/2020,09:22:21,25,24.6,300,25.45,300,0,61500
HINDUNILVR30Jan201980CE.NFO,07/01/2020,09:22:37,25,24.65,300,25.45,300,0,61500
HINDUNILVR30Jan201980CE.NFO,07/01/2020,09:22:46,25,24.35,600,25.45,300,0,61500
HINDUNILVR30Jan201980CE.NFO,07/01/2020,09:22:47,25,24.35,300,25.45,300,0,61500
HINDUNILVR30Jan201980CE.NFO,07/01/2020,09:22:49,25,24.4,300,25.45,300,0,61500
HINDUNILVR30Jan201980CE.NFO,07/01/2020,09:22:51,25,24.5,300,25.45,600,0,61500
HINDUNILVR30Jan201980CE.NFO,07/01/2020,09:22:53,25,24.65,300,25.45,300,0,61500
HINDUNILVR30Jan201980CE.NFO,07/01/2020,09:22:55,24.65,24.65,300,25.35,300,300,61500
HINDUNILVR30Jan201980CE.NFO,07/01/2020,09:22:56,24.65,24.65,300,25.45,300,0,61500
HINDUNILVR30Jan201980CE.NFO,07/01/2020,09:23:02,24.65,24.65,300,25.35,300,0,61500
HINDUNILVR30Jan201980CE.NFO,07/01/2020,09:23:07,24.65,24.65,300,25.3,300,600,61500
HINDUNILVR30Jan201980CE.NFO,07/01/2020,09:23:09,24.65,24.65,300,25.3,300,0,61500
HINDUNILVR30Jan201980CE.NFO,07/01/2020,09:23:20,24.65,24.65,600,25.4,300,0,61500
HINDUNILVR30Jan201980CE.NFO,07/01/2020,09:23:25,24.65,24.65,600,25.35,300,0,61500
HINDUNILVR30Jan201980CE.NFO,07/01/2020,09:23:31,24.65,24.65,600,25.35,600,0,61500
HINDUNILVR30Jan201980CE.NFO,07/01/2020,09:23:32,24.65,24.65,600,25.3,300,0,61500
HINDUNILVR30Jan201980CE.NFO,07/01/2020,09:23:37,24.65,24.65,300,25.3,300,0,61500
HINDUNILVR30Jan201980CE.NFO,07/01/2020,09:23:42,24.65,24.65,600,25.3,300,0,61500
HINDUNILVR30Jan201980CE.NFO,07/01/2020,09:23:43,24.65,24.65,600,25.3,600,0,61500
HINDUNILVR30Jan201980CE.NFO,07/01/2020,09:23:44,24.65,24.65,600,25.3,300,0,61500
HINDUNILVR30Jan201980CE.NFO,07/01/2020,09:23:46,24.65,24.65,600,25.3,600,0,61500
HINDUNILVR30Jan201980CE.NFO,07/01/2020,09:23:48,24.65,24.65,600,25.3,300,0,61500
HINDUNILVR30Jan201980CE.NFO,07/01/2020,09:23:57,24.65,24.65,900,25.5,300,0,61500
HINDUNILVR30Jan201980CE.NFO,07/01/2020,09:24:00,24.65,24.65,900,25.45,300,0,61500
HINDUNILVR30Jan201980CE.NFO,07/01/2020,09:24:01,24.65,24.65,900,25.5,300,0,61500
HINDUNILVR30Jan201980CE.NFO,07/01/2020,09:24:04,24.65,24.65,900,25.45,300,0,61500
HINDUNILVR30Jan201980CE.NFO,07/01/2020,09:24:06,24.65,24.65,900,25.5,300,0,61500
HINDUNILVR30Jan201980CE.NFO,07/01/2020,09:24:09,24.65,24.65,900,25.45,300,0,61500
HINDUNILVR30Jan201980CE.NFO,07/01/2020,09:24:09,24.65,24.65,600,25.4,300,0,61500
HINDUNILVR30Jan201980CE.NFO,07/01/2020,09:24:14,24.65,24.7,300,25.35,300,0,61500
HINDUNILVR30Jan201980CE.NFO,07/01/2020,09:24:15,24.65,24.7,1200,25.35,300,0,61500
HINDUNILVR30Jan201980CE.NFO,07/01/2020,09:24:20,24.65,24.7,1200,25.45,300,0,61500
HINDUNILVR30Jan201980CE.NFO,07/01/2020,09:24:23,24.65,24.7,1200,25.5,600,0,61500
HINDUNILVR30Jan201980CE.NFO,07/01/2020,09:24:24,24.65,24.7,1200,25.45,300,0,61500
HINDUNILVR30Jan201980CE.NFO,07/01/2020,09:24:25,24.7,24.75,300,25.45,300,600,63000
HINDUNILVR30Jan201980CE.NFO,07/01/2020,09:24:26,24.7,24.75,300,25.45,300,0,63000
HINDUNILVR30Jan201980CE.NFO,07/01/2020,09:24:29,24.7,24.7,300,25.45,300,0,63000
HINDUNILVR30Jan201980CE.NFO,07/01/2020,09:24:30,24.7,24.75,300,25.45,300,0,63000
HINDUNILVR30Jan201980CE.NFO,07/01/2020,09:24:31,24.7,24.65,300,25.4,300,600,63000
HINDUNILVR30Jan201980CE.NFO,07/01/2020,09:24:32,24.7,24.65,300,25.4,300,0,63000
HINDUNILVR30Jan201980CE.NFO,07/01/2020,09:24:53,24.7,24.65,600,25.4,600,0,63000
HINDUNILVR30Jan201980CE.NFO,07/01/2020,09:24:54,24.7,24.65,600,25.45,300,0,63000
HINDUNILVR30Jan201980CE.NFO,07/01/2020,09:25:00,24.7,24.7,600,25.45,300,0,63000
HINDUNILVR30Jan201980CE.NFO,07/01/2020,09:25:04,24.7,24.75,300,25.45,300,0,63000
HINDUNILVR30Jan201980CE.NFO,07/01/2020,09:25:11,24.7,24.7,300,25.45,600,0,63000
HINDUNILVR30Jan201980CE.NFO,07/01/2020,09:25:14,24.7,24.7,600,25.45,600,0,63000
HINDUNILVR30Jan201980CE.NFO,07/01/2020,09:25:16,24.7,24.7,300,25.45,600,0,63000
HINDUNILVR30Jan201980CE.NFO,07/01/2020,09:25:26,24.7,24.7,300,25.35,300,0,63000
HINDUNILVR30Jan201980CE.NFO,07/01/2020,09:25:34,24.7,24.7,300,25.4,300,0,63000
HINDUNILVR30Jan201980CE.NFO,07/01/2020,09:25:36,24.7,24.7,300,25.35,300,0,63000
HINDUNILVR30Jan201980CE.NFO,07/01/2020,09:25:37,24.7,24.7,300,25.4,300,0,63000
HINDUNILVR30Jan201980CE.NFO,07/01/2020,09:25:38,24.7,24.7,300,25.35,300,0,63000
HINDUNILVR30Jan201980CE.NFO,07/01/2020,09:25:39,24.7,24.7,600,25.35,600,0,63000
HINDUNILVR30Jan201980CE.NFO,07/01/2020,09:25:44,24.7,24.7,300,25.35,600,0,63000
HINDUNILVR30Jan201980CE.NFO,07/01/2020,09:25:49,24.7,24.7,300,25.4,300,0,63000
HINDUNILVR30Jan201980CE.NFO,07/01/2020,09:25:57,24.65,24.65,300,25.4,600,600,63000
HINDUNILVR30Jan201980CE.NFO,07/01/2020,09:25:59,24.65,24.6,900,25.4,600,0,63000
HINDUNILVR30Jan201980CE.NFO,07/01/2020,09:26:04,24.65,24.6,900,25.4,900,0,63000
HINDUNILVR30Jan201980CE.NFO,07/01/2020,09:26:05,24.65,24.6,900,25.3,300,0,63000
HINDUNILVR30Jan201980CE.NFO,07/01/2020,09:26:07,24.65,24.6,900,25.2,300,0,63000
HINDUNILVR30Jan201980CE.NFO,07/01/2020,09:26:11,24.65,24.6,600,25,300,0,63000
HINDUNILVR30Jan201980CE.NFO,07/01/2020,09:26:21,24.65,24.6,600,24.75,300,0,63000
HINDUNILVR30Jan201980CE.NFO,07/01/2020,09:26:31,24.65,24.6,600,24.75,300,300,64800
HINDUNILVR30Jan201980CE.NFO,07/01/2020,09:26:32,24.75,24.6,600,24.95,300,300,64800
HINDUNILVR30Jan201980CE.NFO,07/01/2020,09:26:33,24.75,24.6,600,24.95,300,0,64800
HINDUNILVR30Jan201980CE.NFO,07/01/2020,09:26:59,24.6,24.6,300,24.95,300,300,64800
HINDUNILVR30Jan201980CE.NFO,07/01/2020,09:26:59,24.6,24.6,300,25.35,600,0,64800
HINDUNILVR30Jan201980CE.NFO,07/01/2020,09:27:00,24.6,24.6,300,25.35,900,0,64800
HINDUNILVR30Jan201980CE.NFO,07/01/2020,09:27:05,24.6,24.6,300,25.25,600,0,64800
HINDUNILVR30Jan201980CE.NFO,07/01/2020,09:27:10,24.6,24.6,300,25.25,900,0,64800
HINDUNILVR30Jan201980CE.NFO,07/01/2020,09:27:17,24.5,24.05,300,25.15,900,600,64800
HINDUNILVR30Jan201980CE.NFO,07/01/2020,09:27:23,25.15,24.2,300,25.3,900,300,64800
HINDUNILVR30Jan201980CE.NFO,07/01/2020,09:27:29,25.15,24.2,300,25.2,300,0,64800
HINDUNILVR30Jan201980CE.NFO,07/01/2020,09:27:35,25.15,24.2,600,24.95,300,0,64800
HINDUNILVR30Jan201980CE.NFO,07/01/2020,09:27:41,24.95,24.2,600,24.95,600,300,64800
HINDUNILVR30Jan201980CE.NFO,07/01/2020,09:27:47,24.95,24.2,600,24.95,600,0,64800
HINDUNILVR30Jan201980CE.NFO,07/01/2020,09:27:53,24.95,24.15,300,24.95,600,0,64800
HINDUNILVR30Jan201980CE.NFO,07/01/2020,09:28:27,24.95,24.15,600,24.65,300,0,64800
HINDUNILVR30Jan201980CE.NFO,07/01/2020,09:28:30,24.95,24.1,300,24.65,300,0,64800
HINDUNILVR30Jan201980CE.NFO,07/01/2020,09:28:40,24.95,24.15,600,24.65,300,0,64800
HINDUNILVR30Jan201980CE.NFO,07/01/2020,09:28:42,24.95,24.1,300,24.65,300,0,64800
HINDUNILVR30Jan201980CE.NFO,07/01/2020,09:28:45,24.95,24.15,600,24.65,300,0,64800
HINDUNILVR30Jan201980CE.NFO,07/01/2020,09:28:47,24.95,24.15,600,24.7,300,0,64800
HINDUNILVR30Jan201980CE.NFO,07/01/2020,09:28:49,24.95,24.15,600,24.65,300,0,64800
HINDUNILVR30Jan201980CE.NFO,07/01/2020,09:29:08,24.95,24.15,300,24.65,300,0,64800
HINDUNILVR30Jan201980CE.NFO,07/01/2020,09:29:19,24.95,24.1,300,24.65,300,0,64800
HINDUNILVR30Jan201980CE.NFO,07/01/2020,09:29:20,24.95,24.15,300,24.65,300,0,64800
HINDUNILVR30Jan201980CE.NFO,07/01/2020,09:29:23,24.95,24.05,300,24.4,300,0,64800
HINDUNILVR30Jan201980CE.NFO,07/01/2020,09:29:27,24.95,24,600,24.25,300,0,64800
HINDUNILVR30Jan201980CE.NFO,07/01/2020,09:29:29,24,24,300,24.25,300,300,64800
HINDUNILVR30Jan201980CE.NFO,07/01/2020,09:29:30,24,24,300,24.25,300,0,65700
HINDUNILVR30Jan201980CE.NFO,07/01/2020,09:29:37,24,24,300,24.2,300,0,65700
HINDUNILVR30Jan201980CE.NFO,07/01/2020,09:29:39,24,24,300,24.35,600,0,65700
HINDUNILVR30Jan201980CE.NFO,07/01/2020,09:29:41,24,24,300,24.3,300,0,65700
HINDUNILVR30Jan201980CE.NFO,07/01/2020,09:29:43,24,24,600,24.3,300,0,65700
HINDUNILVR30Jan201980CE.NFO,07/01/2020,09:29:47,24,24,300,24.25,300,300,65700
HINDUNILVR30Jan201980CE.NFO,07/01/2020,09:29:47,24,24,300,24.35,600,0,65700
HINDUNILVR30Jan201980CE.NFO,07/01/2020,09:29:48,24,24,300,24.3,300,0,65700
HINDUNILVR30Jan201980CE.NFO,07/01/2020,09:29:49,24,24,300,24.2,300,0,65700
HINDUNILVR30Jan201980CE.NFO,07/01/2020,09:29:55,24,24,300,24.35,600,0,65700
HINDUNILVR30Jan201980CE.NFO,07/01/2020,09:30:02,24,24,300,24.35,300,0,65700
HINDUNILVR30Jan201980CE.NFO,07/01/2020,09:30:03,24,24,300,24.4,300,0,65700
HINDUNILVR30Jan201980CE.NFO,07/01/2020,09:30:05,24,24.1,300,24.45,300,0,65700
HINDUNILVR30Jan201980CE.NFO,07/01/2020,09:30:11,24,24.1,300,24.3,300,0,65700
HINDUNILVR30Jan201980CE.NFO,07/01/2020,09:30:12,24,24.1,300,24.25,300,0,65700
HINDUNILVR30Jan201980CE.NFO,07/01/2020,09:30:15,24,24.1,300,24.15,300,0,65700
HINDUNILVR30Jan201980CE.NFO,07/01/2020,09:30:20,24,24.1,300,24.25,300,0,65700
HINDUNILVR30Jan201980CE.NFO,07/01/2020,09:30:25,24.1,24,900,24.2,600,300,65700
HINDUNILVR30Jan201980CE.NFO,07/01/2020,09:30:30,24,24,300,24.1,600,600,65700
HINDUNILVR30Jan201980CE.NFO,07/01/2020,09:30:35,24,24,300,24.1,300,0,65700
HINDUNILVR30Jan201980CE.NFO,07/01/2020,09:30:45,24,23.6,600,24.1,300,300,65700
HINDUNILVR30Jan201980CE.NFO,07/01/2020,09:30:50,24.1,23.75,600,24.2,300,300,65700
HINDUNILVR30Jan201980CE.NFO,07/01/2020,09:30:55,24.1,23.6,600,24.2,300,0,65700
HINDUNILVR30Jan201980CE.NFO,07/01/2020,09:30:59,24.1,23.9,300,24.35,300,0,65700
HINDUNILVR30Jan201980CE.NFO,07/01/2020,09:31:05,24.1,23.95,600,24.45,300,0,65700
HINDUNILVR30Jan201980CE.NFO,07/01/2020,09:31:11,24.1,24.1,300,24.45,300,0,65700
HINDUNILVR30Jan201980CE.NFO,07/01/2020,09:31:23,24.1,23.45,300,24.1,600,300,65700
HINDUNILVR30Jan201980CE.NFO,07/01/2020,09:31:29,24.1,23.15,300,23.8,300,0,65700
HINDUNILVR30Jan201980CE.NFO,07/01/2020,09:31:34,24.1,23.35,300,23.8,600,0,65700
HINDUNILVR30Jan201980CE.NFO,07/01/2020,09:31:46,24.1,23.55,300,23.95,300,0,65700
HINDUNILVR30Jan201980CE.NFO,07/01/2020,09:31:51,24.1,23.55,300,24.05,300,0,65700
HINDUNILVR30Jan201980CE.NFO,07/01/2020,09:31:56,24.1,23.5,300,24.05,900,0,65700
HINDUNILVR30Jan201980CE.NFO,07/01/2020,09:32:02,24.1,23.55,300,23.95,600,0,65700
HINDUNILVR30Jan201980CE.NFO,07/01/2020,09:32:07,24.1,23.5,300,23.95,600,0,65700
HINDUNILVR30Jan201980CE.NFO,07/01/2020,09:32:13,24.1,23.55,300,24.1,600,0,65700
HINDUNILVR30Jan201980CE.NFO,07/01/2020,09:32:37,24.1,23.5,300,23.9,300,0,65700
HINDUNILVR30Jan201980CE.NFO,07/01/2020,09:32:42,24.1,23.5,300,23.85,300,0,65700
HINDUNILVR30Jan201980CE.NFO,07/01/2020,09:32:48,24.1,23.5,300,23.7,600,0,65700
HINDUNILVR30Jan201980CE.NFO,07/01/2020,09:32:54,23.5,22.95,300,23.45,600,300,66600
HINDUNILVR30Jan201980CE.NFO,07/01/2020,09:32:54,23.5,22.95,300,23.45,600,0,66600
HINDUNILVR30Jan201980CE.NFO,07/01/2020,09:32:59,23.5,23.1,300,23.7,600,0,66600
HINDUNILVR30Jan201980CE.NFO,07/01/2020,09:33:05,23.5,23.05,300,23.7,600,0,66600
HINDUNILVR30Jan201980CE.NFO,07/01/2020,09:33:11,23.5,23.1,300,23.7,600,0,66600
HINDUNILVR30Jan201980CE.NFO,07/01/2020,09:33:13,23.5,23.15,300,23.7,600,0,66600
HINDUNILVR30Jan201980CE.NFO,07/01/2020,09:33:15,23.5,23.1,300,23.7,600,0,66600
HINDUNILVR30Jan201980CE.NFO,07/01/2020,09:33:17,23.5,23.05,300,23.7,600,0,66600
HINDUNILVR30Jan201980CE.NFO,07/01/2020,09:33:18,23.5,23,300,23.7,600,0,66600
HINDUNILVR30Jan201980CE.NFO,07/01/2020,09:33:19,23.5,23.05,600,23.7,600,0,66600
HINDUNILVR30Jan201980CE.NFO,07/01/2020,09:33:22,23.5,23,300,23.7,600,0,66600
HINDUNILVR30Jan201980CE.NFO,07/01/2020,09:33:23,23.5,23.05,300,23.7,600,0,66600
HINDUNILVR30Jan201980CE.NFO,07/01/2020,09:33:27,23.5,23,300,23.7,600,0,66600
HINDUNILVR30Jan201980CE.NFO,07/01/2020,09:33:28,23.5,22.95,600,23.7,600,0,66600
HINDUNILVR30Jan201980CE.NFO,07/01/2020,09:33:29,23.5,23.05,600,23.7,600,0,66600
HINDUNILVR30Jan201980CE.NFO,07/01/2020,09:33:32,23.5,23.1,600,24,300,0,66600
HINDUNILVR30Jan201980CE.NFO,07/01/2020,09:33:33,23.5,23.3,300,24,300,0,66600
HINDUNILVR30Jan201980CE.NFO,07/01/2020,09:33:35,23.5,23.35,300,23.95,600,0,66600
HINDUNILVR30Jan201980CE.NFO,07/01/2020,09:33:36,23.5,23.05,300,23.75,300,0,66600
HINDUNILVR30Jan201980CE.NFO,07/01/2020,09:33:36,23.5,23.1,300,23.75,600,0,66600
HINDUNILVR30Jan201980CE.NFO,07/01/2020,09:33:37,23.5,23.05,300,23.75,900,0,66600
HINDUNILVR30Jan201980CE.NFO,07/01/2020,09:33:38,23.5,23.1,300,23.75,900,0,66600
HINDUNILVR30Jan201980CE.NFO,07/01/2020,09:33:39,23.5,23.1,300,23.75,300,0,66600
HINDUNILVR30Jan201980CE.NFO,07/01/2020,09:33:40,23.5,23.1,300,23.75,600,0,66600
HINDUNILVR30Jan201980CE.NFO,07/01/2020,09:33:42,23.5,23.05,300,23.75,600,0,66600
HINDUNILVR30Jan201980CE.NFO,07/01/2020,09:33:43,23.5,23.15,300,23.75,600,0,66600
HINDUNILVR30Jan201980CE.NFO,07/01/2020,09:33:44,23.5,23.1,300,23.75,600,0,66600
HINDUNILVR30Jan201980CE.NFO,07/01/2020,09:33:45,23.5,23.15,300,23.75,600,0,66600
HINDUNILVR30Jan201980CE.NFO,07/01/2020,09:33:46,23.5,23.15,300,23.75,300,0,66600
HINDUNILVR30Jan201980CE.NFO,07/01/2020,09:33:47,23.5,23.2,300,23.75,600,0,66600
HINDUNILVR30Jan201980CE.NFO,07/01/2020,09:33:48,23.5,23.25,300,23.75,600,0,66600
HINDUNILVR30Jan201980CE.NFO,07/01/2020,09:33:49,23.5,23.15,300,23.75,600,0,66600
HINDUNILVR30Jan201980CE.NFO,07/01/2020,09:33:54,23.5,23.1,300,23.75,600,0,66600
HINDUNILVR30Jan201980CE.NFO,07/01/2020,09:33:55,23.5,23.2,300,23.95,600,0,66600
HINDUNILVR30Jan201980CE.NFO,07/01/2020,09:33:56,23.5,23.25,300,23.95,900,0,66600
HINDUNILVR30Jan201980CE.NFO,07/01/2020,09:33:58,23.5,23.2,300,23.95,900,0,66600
HINDUNILVR30Jan201980CE.NFO,07/01/2020,09:34:00,23.5,23.1,300,23.95,900,0,66600
HINDUNILVR30Jan201980CE.NFO,07/01/2020,09:34:01,23.5,23.25,300,23.95,600,0,66600
HINDUNILVR30Jan201980CE.NFO,07/01/2020,09:34:01,23.5,23.35,300,23.95,600,0,66600
HINDUNILVR30Jan201980CE.NFO,07/01/2020,09:34:02,23.5,23.3,300,23.95,600,0,66600
HINDUNILVR30Jan201980CE.NFO,07/01/2020,09:34:03,23.5,23.4,300,23.95,600,0,66600
HINDUNILVR30Jan201980CE.NFO,07/01/2020,09:34:04,23.95,23.6,300,24.1,300,300,66600
HINDUNILVR30Jan201980CE.NFO,07/01/2020,09:34:05,23.95,23.6,300,24.1,300,0,66600
HINDUNILVR30Jan201980CE.NFO,07/01/2020,09:34:08,23.95,23.5,300,24.1,600,0,66600
HINDUNILVR30Jan201980CE.NFO,07/01/2020,09:34:09,23.95,23.45,300,24.1,600,0,66600
HINDUNILVR30Jan201980CE.NFO,07/01/2020,09:34:10,23.95,23.75,300,24.25,300,0,66600
HINDUNILVR30Jan201980CE.NFO,07/01/2020,09:34:11,23.95,23.65,300,24.25,600,0,66600
HINDUNILVR30Jan201980CE.NFO,07/01/2020,09:34:11,23.95,23.6,900,24.25,600,0,66600
HINDUNILVR30Jan201980CE.NFO,07/01/2020,09:34:12,23.95,23.6,300,24.25,600,0,66600
HINDUNILVR30Jan201980CE.NFO,07/01/2020,09:34:13,23.95,23.65,300,24.25,600,0,66600
HINDUNILVR30Jan201980CE.NFO,07/01/2020,09:34:14,23.95,23.7,300,24.3,300,0,66600
HINDUNILVR30Jan201980CE.NFO,07/01/2020,09:34:17,23.95,23.75,300,24.3,300,0,66600
HINDUNILVR30Jan201980CE.NFO,07/01/2020,09:34:18,23.95,23.65,300,24.3,600,0,66600
HINDUNILVR30Jan201980CE.NFO,07/01/2020,09:34:27,23.95,23.55,300,24.15,300,0,66600
HINDUNILVR30Jan201980CE.NFO,07/01/2020,09:34:38,23.95,24,300,24.25,300,0,66600
HINDUNILVR30Jan201980CE.NFO,07/01/2020,09:34:41,23.95,24,300,24.3,300,0,66600
HINDUNILVR30Jan201980CE.NFO,07/01/2020,09:34:46,23.95,24.05,300,24.5,300,0,66600
HINDUNILVR30Jan201980CE.NFO,07/01/2020,09:34:48,23.95,24,300,24.5,600,0,66600
HINDUNILVR30Jan201980CE.NFO,07/01/2020,09:34:53,23.95,24,300,24.4,600,0,66600
HINDUNILVR30Jan201980CE.NFO,07/01/2020,09:34:54,23.95,24,300,24.5,300,0,66600
HINDUNILVR30Jan201980CE.NFO,07/01/2020,09:34:55,23.95,24,300,24.45,300,0,66600
HINDUNILVR30Jan201980CE.NFO,07/01/2020,09:34:56,23.95,24.05,300,24.55,300,0,66600
HINDUNILVR30Jan201980CE.NFO,07/01/2020,09:34:57,23.95,24,300,24.5,600,0,66600
HINDUNILVR30Jan201980CE.NFO,07/01/2020,09:34:59,23.95,24,300,24.5,300,0,66600
HINDUNILVR30Jan201980CE.NFO,07/01/2020,09:35:12,23.95,24.05,300,24.5,600,0,66600
HINDUNILVR30Jan201980CE.NFO,07/01/2020,09:35:17,23.95,24,300,24.5,300,0,66600
HINDUNILVR30Jan201980CE.NFO,07/01/2020,09:35:26,23.95,24,300,24.4,300,0,66600
HINDUNILVR30Jan201980CE.NFO,07/01/2020,09:35:36,23.95,24.1,300,24.6,300,0,66600
HINDUNILVR30Jan201980CE.NFO,07/01/2020,09:35:42,23.95,24.05,600,24.85,600,0,66600
HINDUNILVR30Jan201980CE.NFO,07/01/2020,09:35:48,23.95,24.05,300,24.4,300,0,66600
HINDUNILVR30Jan201980CE.NFO,07/01/2020,09:35:55,24.4,24.05,300,24.9,600,300,66600
HINDUNILVR30Jan201980CE.NFO,07/01/2020,09:36:00,24.4,24.15,300,24.9,900,0,66600
HINDUNILVR30Jan201980CE.NFO,07/01/2020,09:36:06,24.4,24.3,600,24.9,300,0,66600
HINDUNILVR30Jan201980CE.NFO,07/01/2020,09:36:11,24.4,24.2,300,24.7,300,0,66600
HINDUNILVR30Jan201980CE.NFO,07/01/2020,09:36:17,24.4,24.2,300,24.65,300,0,66600
HINDUNILVR30Jan201980CE.NFO,07/01/2020,09:36:23,24.4,24.2,600,24.65,300,0,66600
HINDUNILVR30Jan201980CE.NFO,07/01/2020,09:36:28,24.4,24.15,300,24.55,300,0,66600
HINDUNILVR30Jan201980CE.NFO,07/01/2020,09:36:32,24.4,24.15,300,24.5,300,0,66600
HINDUNILVR30Jan201980CE.NFO,07/01/2020,09:36:37,24.5,24.25,300,24.75,300,300,66600
HINDUNILVR30Jan201980CE.NFO,07/01/2020,09:36:42,24.5,24.25,300,24.7,600,0,66600
HINDUNILVR30Jan201980CE.NFO,07/01/2020,09:36:47,24.5,24.35,300,24.85,600,0,66600
HINDUNILVR30Jan201980CE.NFO,07/01/2020,09:36:51,24.5,24.35,300,24.85,900,0,66600
HINDUNILVR30Jan201980CE.NFO,07/01/2020,09:37:05,24.5,24.2,300,24.75,300,0,66600
HINDUNILVR30Jan201980CE.NFO,07/01/2020,09:37:10,24.5,24.2,300,24.65,600,0,66600
HINDUNILVR30Jan201980CE.NFO,07/01/2020,09:37:15,24.5,24.3,300,24.65,600,0,66600
HINDUNILVR30Jan201980CE.NFO,07/01/2020,09:37:18,24.5,24.35,300,24.65,300,0,66600
HINDUNILVR30Jan201980CE.NFO,07/01/2020,09:37:23,24.5,24.35,300,24.85,600,0,66600
HINDUNILVR30Jan201980CE.NFO,07/01/2020,09:37:28,24.5,24.35,300,24.85,900,0,66600
HINDUNILVR30Jan201980CE.NFO,07/01/2020,09:37:37,24.5,24.1,600,24.85,600,0,66600
HINDUNILVR30Jan201980CE.NFO,07/01/2020,09:37:41,24.5,24.25,300,24.75,600,0,66600
HINDUNILVR30Jan201980CE.NFO,07/01/2020,09:37:45,24.5,24.3,300,24.75,600,0,66600
HINDUNILVR30Jan201980CE.NFO,07/01/2020,09:37:49,24.5,24.35,300,24.75,600,0,66600
HINDUNILVR30Jan201980CE.NFO,07/01/2020,09:37:58,24.5,24.3,300,24.75,600,0,66600
HINDUNILVR30Jan201980CE.NFO,07/01/2020,09:38:16,24.5,24.35,300,24.75,600,0,66600
HINDUNILVR30Jan201980CE.NFO,07/01/2020,09:38:19,24.5,24.35,300,24.85,600,0,66600
HINDUNILVR30Jan201980CE.NFO,07/01/2020,09:38:23,24.5,24.25,600,24.85,600,0,66600
HINDUNILVR30Jan201980CE.NFO,07/01/2020,09:38:50,24.85,24.45,300,24.9,300,300,66600
HINDUNILVR30Jan201980CE.NFO,07/01/2020,09:38:54,24.85,24.4,300,24.9,600,0,66600
HINDUNILVR30Jan201980CE.NFO,07/01/2020,09:39:25,24.85,24.4,300,24.95,300,0,66600
HINDUNILVR30Jan201980CE.NFO,07/01/2020,09:39:30,24.85,24.55,300,25,600,0,66600
HINDUNILVR30Jan201980CE.NFO,07/01/2020,09:39:38,24.85,24.5,300,24.95,600,0,66600
HINDUNILVR30Jan201980CE.NFO,07/01/2020,09:39:47,24.85,24.55,300,24.95,600,0,66600
HINDUNILVR30Jan201980CE.NFO,07/01/2020,09:39:54,24.85,24.55,300,24.95,300,0,66600
HINDUNILVR30Jan201980CE.NFO,07/01/2020,09:40:14,24.6,24.55,300,24.95,600,300,66600
HINDUNILVR30Jan201980CE.NFO,07/01/2020,09:40:18,24.95,24.55,300,24.95,300,300,66600
HINDUNILVR30Jan201980CE.NFO,07/01/2020,09:40:24,24.95,24.65,300,25,300,0,66600
HINDUNILVR30Jan201980CE.NFO,07/01/2020,09:40:29,24.95,24.6,300,25,600,0,66600
HINDUNILVR30Jan201980CE.NFO,07/01/2020,09:40:33,24.5,24.35,300,24.9,300,600,66600
HINDUNILVR30Jan201980CE.NFO,07/01/2020,09:40:38,24.5,24.35,300,24.85,300,0,66600
HINDUNILVR30Jan201980CE.NFO,07/01/2020,09:40:44,24.5,24.45,300,24.8,300,0,66600
HINDUNILVR30Jan201980CE.NFO,07/01/2020,09:40:48,24.5,24.45,600,24.85,300,0,66600
HINDUNILVR30Jan201980CE.NFO,07/01/2020,09:40:57,24.5,24.45,600,24.9,300,0,66600
HINDUNILVR30Jan201980CE.NFO,07/01/2020,09:41:02,24.5,24.5,300,24.95,300,0,66600
HINDUNILVR30Jan201980CE.NFO,07/01/2020,09:41:13,24.5,24.5,300,24.9,300,0,66600
HINDUNILVR30Jan201980CE.NFO,07/01/2020,09:41:18,24.5,24.45,300,24.8,300,0,66600
HINDUNILVR30Jan201980CE.NFO,07/01/2020,09:41:36,24.5,24.5,300,24.9,300,0,66600
HINDUNILVR30Jan201980CE.NFO,07/01/2020,09:41:41,24.5,24.45,600,24.9,300,0,66600
HINDUNILVR30Jan201980CE.NFO,07/01/2020,09:41:52,24.5,24.45,300,24.65,300,300,67500
HINDUNILVR30Jan201980CE.NFO,07/01/2020,09:41:58,24.45,24.2,300,24.65,300,600,67500
HINDUNILVR30Jan201980CE.NFO,07/01/2020,09:42:04,24.45,24.25,300,24.7,300,0,67500
HINDUNILVR30Jan201980CE.NFO,07/01/2020,09:42:11,24.45,24.25,900,24.75,300,300,67500
HINDUNILVR30Jan201980CE.NFO,07/01/2020,09:42:17,24.45,24.25,600,24.95,300,0,67500
HINDUNILVR30Jan201980CE.NFO,07/01/2020,09:42:24,24.45,24.25,600,24.85,300,0,67500
HINDUNILVR30Jan201980CE.NFO,07/01/2020,09:42:31,24.45,24.35,600,24.95,300,0,67500
HINDUNILVR30Jan201980CE.NFO,07/01/2020,09:42:38,24.45,24.45,300,24.95,300,0,67500
HINDUNILVR30Jan201980CE.NFO,07/01/2020,09:42:57,24.45,24.2,600,24.8,300,0,67500
HINDUNILVR30Jan201980CE.NFO,07/01/2020,09:43:03,24.45,24.2,600,24.95,300,0,67500
HINDUNILVR30Jan201980CE.NFO,07/01/2020,09:43:14,24.45,24.15,300,24.95,300,0,67500
HINDUNILVR30Jan201980CE.NFO,07/01/2020,09:43:19,24.45,24.25,600,24.95,300,0,67500
HINDUNILVR30Jan201980CE.NFO,07/01/2020,09:43:44,24.45,24.2,300,24.9,300,0,67500
HINDUNILVR30Jan201980CE.NFO,07/01/2020,09:44:02,24.45,24.3,300,25,300,0,67500
HINDUNILVR30Jan201980CE.NFO,07/01/2020,09:44:08,24.45,24.3,600,24.95,300,0,67500
HINDUNILVR30Jan201980CE.NFO,07/01/2020,09:44:29,24.45,24.3,600,24.85,300,0,67500
HINDUNILVR30Jan201980CE.NFO,07/01/2020,09:44:35,24.45,24.3,600,24.95,300,0,67500
HINDUNILVR30Jan201980CE.NFO,07/01/2020,09:44:40,24.45,24.3,600,24.65,900,0,67500
HINDUNILVR30Jan201980CE.NFO,07/01/2020,09:44:45,24.45,24.25,300,24.65,900,0,67500
HINDUNILVR30Jan201980CE.NFO,07/01/2020,09:44:50,24.45,24.25,600,24.65,900,0,67500
HINDUNILVR30Jan201980CE.NFO,07/01/2020,09:44:54,24.45,24.35,300,24.65,900,0,67500
HINDUNILVR30Jan201980CE.NFO,07/01/2020,09:44:59,24.45,24.25,300,24.65,900,0,67500
HINDUNILVR30Jan201980CE.NFO,07/01/2020,09:45:12,24.45,24.25,600,24.65,900,0,67500
HINDUNILVR30Jan201980CE.NFO,07/01/2020,09:45:31,24.45,24.35,300,24.65,900,0,67500
HINDUNILVR30Jan201980CE.NFO,07/01/2020,09:45:37,24.45,24.3,300,24.65,900,0,67500
HINDUNILVR30Jan201980CE.NFO,07/01/2020,09:45:43,24.45,24.25,300,24.65,900,0,67500
HINDUNILVR30Jan201980CE.NFO,07/01/2020,09:45:48,24.45,24.25,600,24.9,300,0,67500
HINDUNILVR30Jan201980CE.NFO,07/01/2020,09:46:05,24.45,24.25,300,24.8,300,0,67500
HINDUNILVR30Jan201980CE.NFO,07/01/2020,09:46:10,24.45,24.25,600,24.9,300,0,67500
HINDUNILVR30Jan201980CE.NFO,07/01/2020,09:46:16,24.45,24.55,300,24.95,300,0,67500
HINDUNILVR30Jan201980CE.NFO,07/01/2020,09:46:25,24.45,24.5,600,24.95,300,0,67500
HINDUNILVR30Jan201980CE.NFO,07/01/2020,09:46:30,24.45,24.5,300,24.95,300,0,67500
HINDUNILVR30Jan201980CE.NFO,07/01/2020,09:46:35,24.45,24.4,300,24.95,300,0,67500
HINDUNILVR30Jan201980CE.NFO,07/01/2020,09:46:40,24.45,24.45,600,24.95,300,0,67500
HINDUNILVR30Jan201980CE.NFO,07/01/2020,09:46:54,24.45,24.5,300,24.85,300,0,67500
HINDUNILVR30Jan201980CE.NFO,07/01/2020,09:47:03,24.45,24.5,600,24.95,300,0,67500
HINDUNILVR30Jan201980CE.NFO,07/01/2020,09:47:08,24.45,24.5,600,24.65,900,0,67500
HINDUNILVR30Jan201980CE.NFO,07/01/2020,09:47:20,24.45,24.5,600,24.6,900,0,67500
HINDUNILVR30Jan201980CE.NFO,07/01/2020,09:47:29,24.5,24.25,600,24.6,900,600,67800
HINDUNILVR30Jan201980CE.NFO,07/01/2020,09:47:34,24.5,24.3,600,24.7,300,0,67800
HINDUNILVR30Jan201980CE.NFO,07/01/2020,09:47:38,24.5,24.35,300,24.75,900,0,67800
HINDUNILVR30Jan201980CE.NFO,07/01/2020,09:47:47,24.5,24.35,300,24.65,300,0,67800
HINDUNILVR30Jan201980CE.NFO,07/01/2020,09:48:07,24.5,24.25,600,24.7,300,0,67800
HINDUNILVR30Jan201980CE.NFO,07/01/2020,09:48:11,24.5,24.25,600,24.65,900,0,67800
HINDUNILVR30Jan201980CE.NFO,07/01/2020,09:48:15,24.5,24.25,600,24.7,300,0,67800
HINDUNILVR30Jan201980CE.NFO,07/01/2020,09:48:19,24.5,24.25,600,24.7,900,0,67800
HINDUNILVR30Jan201980CE.NFO,07/01/2020,09:48:30,24.5,24.25,600,24.65,1200,0,67800
HINDUNILVR30Jan201980CE.NFO,07/01/2020,09:48:34,24.5,24.3,300,24.65,1200,0,67800
HINDUNILVR30Jan201980CE.NFO,07/01/2020,09:48:39,24.5,24.25,300,24.65,1200,0,67800
HINDUNILVR30Jan201980CE.NFO,07/01/2020,09:48:56,24.5,24.3,300,24.65,300,0,67800
HINDUNILVR30Jan201980CE.NFO,07/01/2020,09:49:09,24.5,24.25,600,24.7,300,0,67800
HINDUNILVR30Jan201980CE.NFO,07/01/2020,09:49:19,24.5,24.3,900,24.7,300,0,67800
HINDUNILVR30Jan201980CE.NFO,07/01/2020,09:49:30,24.5,24.3,300,24.65,1200,0,67800
HINDUNILVR30Jan201980CE.NFO,07/01/2020,09:49:36,24.45,24.45,300,24.65,600,300,67800
HINDUNILVR30Jan201980CE.NFO,07/01/2020,09:49:40,24.45,24.4,600,24.65,600,0,67800
HINDUNILVR30Jan201980CE.NFO,07/01/2020,09:49:46,24.45,24.45,300,24.6,600,0,67800
HINDUNILVR30Jan201980CE.NFO,07/01/2020,09:49:51,24.45,24.4,600,24.65,600,0,67800
HINDUNILVR30Jan201980CE.NFO,07/01/2020,09:50:00,24.6,24.4,300,24.95,300,600,67800
HINDUNILVR30Jan201980CE.NFO,07/01/2020,09:50:05,24.6,24.4,300,24.85,300,0,67800
HINDUNILVR30Jan201980CE.NFO,07/01/2020,09:50:11,24.6,24.25,300,24.75,300,0,67800
HINDUNILVR30Jan201980CE.NFO,07/01/2020,09:50:16,24.6,24.3,300,24.75,300,0,67800
HINDUNILVR30Jan201980CE.NFO,07/01/2020,09:50:26,24.6,24.35,300,24.75,300,0,67800
HINDUNILVR30Jan201980CE.NFO,07/01/2020,09:50:35,24.6,24.25,300,24.6,600,0,67800
HINDUNILVR30Jan201980CE.NFO,07/01/2020,09:50:41,24.6,24.25,300,24.5,900,0,67800
HINDUNILVR30Jan201980CE.NFO,07/01/2020,09:50:47,24.4,24.2,300,24.5,600,600,67800
HINDUNILVR30Jan201980CE.NFO,07/01/2020,09:50:52,24.4,24.2,300,24.45,300,0,67800
HINDUNILVR30Jan201980CE.NFO,07/01/2020,09:50:57,24.4,24.2,300,24.4,300,0,67800
HINDUNILVR30Jan201980CE.NFO,07/01/2020,09:51:12,24.4,24.2,300,24.4,600,0,67800
HINDUNILVR30Jan201980CE.NFO,07/01/2020,09:51:28,24.4,24.25,300,24.5,600,0,67800
HINDUNILVR30Jan201980CE.NFO,07/01/2020,09:51:33,24.4,24.3,300,24.5,300,300,67800
HINDUNILVR30Jan201980CE.NFO,07/01/2020,09:51:38,24.4,24.25,300,24.65,300,0,67800
HINDUNILVR30Jan201980CE.NFO,07/01/2020,09:51:55,24.4,24.25,300,24.55,300,0,67800
HINDUNILVR30Jan201980CE.NFO,07/01/2020,09:52:03,24.4,24.2,300,24.65,300,0,67800
HINDUNILVR30Jan201980CE.NFO,07/01/2020,09:52:11,24.4,24.25,300,24.7,300,0,67800
HINDUNILVR30Jan201980CE.NFO,07/01/2020,09:52:15,24.4,24.2,300,24.6,300,0,67800
HINDUNILVR30Jan201980CE.NFO,07/01/2020,09:52:29,24.4,24.2,300,24.5,300,0,67800
HINDUNILVR30Jan201980CE.NFO,07/01/2020,09:52:34,24.4,24.2,300,24.55,300,0,67800
HINDUNILVR30Jan201980CE.NFO,07/01/2020,09:52:43,24.4,24.2,300,24.55,600,0,67800
HINDUNILVR30Jan201980CE.NFO,07/01/2020,09:52:47,24.25,24.2,300,24.55,300,300,67800
HINDUNILVR30Jan201980CE.NFO,07/01/2020,09:52:51,24.25,24.2,300,24.55,300,0,67800
HINDUNILVR30Jan201980CE.NFO,07/01/2020,09:53:09,24.25,24.2,300,24.5,300,0,67800
HINDUNILVR30Jan201980CE.NFO,07/01/2020,09:53:20,24.25,24.25,300,24.6,300,0,67800
HINDUNILVR30Jan201980CE.NFO,07/01/2020,09:53:25,24.25,24.2,300,24.5,300,0,67800
HINDUNILVR30Jan201980CE.NFO,07/01/2020,09:53:30,24.25,24.2,300,24.5,1200,0,67800
HINDUNILVR30Jan201980CE.NFO,07/01/2020,09:53:35,24.2,24.15,300,24.5,1200,300,67800
HINDUNILVR30Jan201980CE.NFO,07/01/2020,09:53:40,24.2,24.1,300,24.4,300,0,67800
HINDUNILVR30Jan201980CE.NFO,07/01/2020,09:53:45,24.2,24.05,300,24.4,300,0,67800
HINDUNILVR30Jan201980CE.NFO,07/01/2020,09:53:54,24.2,24,300,24.25,300,0,67800
HINDUNILVR30Jan201980CE.NFO,07/01/2020,09:53:58,24,23.85,600,24.35,300,300,67800
HINDUNILVR30Jan201980CE.NFO,07/01/2020,09:54:03,24,23.85,600,24.3,300,0,67800
HINDUNILVR30Jan201980CE.NFO,07/01/2020,09:54:07,24,23.85,600,24.3,1200,0,67800
HINDUNILVR30Jan201980CE.NFO,07/01/2020,09:54:16,24,23.85,600,24.25,300,0,67800
HINDUNILVR30Jan201980CE.NFO,07/01/2020,09:54:25,24,23.85,600,24.2,300,0,67800
HINDUNILVR30Jan201980CE.NFO,07/01/2020,09:54:34,24,23.85,300,24.15,300,0,67800
HINDUNILVR30Jan201980CE.NFO,07/01/2020,09:54:39,24,23.9,300,24.25,300,0,67800
HINDUNILVR30Jan201980CE.NFO,07/01/2020,09:55:02,24,23.8,300,24.2,300,0,67800
HINDUNILVR30Jan201980CE.NFO,07/01/2020,09:55:07,24,23.95,300,24.3,900,0,67800
HINDUNILVR30Jan201980CE.NFO,07/01/2020,09:55:22,24,23.95,300,24.25,300,0,67800
HINDUNILVR30Jan201980CE.NFO,07/01/2020,09:55:36,24,23.85,300,24.25,300,0,67800
HINDUNILVR30Jan201980CE.NFO,07/01/2020,09:55:41,24,23.95,300,24.3,300,0,67800
HINDUNILVR30Jan201980CE.NFO,07/01/2020,09:55:46,24,23.95,300,24.25,900,0,67800
HINDUNILVR30Jan201980CE.NFO,07/01/2020,09:55:50,24,23.85,300,24.2,300,0,67800
HINDUNILVR30Jan201980CE.NFO,07/01/2020,09:56:00,24,24.05,300,24.2,300,0,67800
HINDUNILVR30Jan201980CE.NFO,07/01/2020,09:56:05,24.05,23.7,300,24,300,300,67800
HINDUNILVR30Jan201980CE.NFO,07/01/2020,09:56:10,24.05,23.7,300,24,900,0,67800
HINDUNILVR30Jan201980CE.NFO,07/01/2020,09:56:20,24.05,23.7,300,23.95,300,0,67800
HINDUNILVR30Jan201980CE.NFO,07/01/2020,09:56:26,23.85,23.6,300,23.9,300,600,68400
HINDUNILVR30Jan201980CE.NFO,07/01/2020,09:56:31,23.85,23.65,600,23.95,300,0,68400
HINDUNILVR30Jan201980CE.NFO,07/01/2020,09:56:37,23.85,23.6,300,23.95,300,0,68400
HINDUNILVR30Jan201980CE.NFO,07/01/2020,09:56:42,23.85,23.6,300,23.9,300,0,68400
HINDUNILVR30Jan201980CE.NFO,07/01/2020,09:56:50,23.85,23.65,600,23.9,300,0,68400
HINDUNILVR30Jan201980CE.NFO,07/01/2020,09:56:54,23.85,23.55,600,23.9,300,0,68400
HINDUNILVR30Jan201980CE.NFO,07/01/2020,09:56:59,23.85,23.4,300,23.75,300,0,68400
HINDUNILVR30Jan201980CE.NFO,07/01/2020,09:57:04,23.85,23.35,600,23.75,600,0,68400
HINDUNILVR30Jan201980CE.NFO,07/01/2020,09:57:12,23.85,23.4,600,23.75,300,0,68400
HINDUNILVR30Jan201980CE.NFO,07/01/2020,09:57:16,23.85,23.4,600,23.75,600,0,68400
HINDUNILVR30Jan201980CE.NFO,07/01/2020,09:57:22,23.45,23.25,300,23.7,300,300,68400
HINDUNILVR30Jan201980CE.NFO,07/01/2020,09:57:22,23.45,23.25,300,23.7,300,0,68400
HINDUNILVR30Jan201980CE.NFO,07/01/2020,09:57:22,23.45,23.25,300,23.7,300,0,68400
HINDUNILVR30Jan201980CE.NFO,07/01/2020,09:57:23,23.45,23.25,300,23.95,300,0,68400
HINDUNILVR30Jan201980CE.NFO,07/01/2020,09:57:24,23.45,23.4,300,24.2,300,0,68400
HINDUNILVR30Jan201980CE.NFO,07/01/2020,09:57:25,23.45,23.45,300,24.15,1200,0,68400
HINDUNILVR30Jan201980CE.NFO,07/01/2020,09:57:26,23.45,23.35,300,24.15,1500,0,68400
HINDUNILVR30Jan201980CE.NFO,07/01/2020,09:57:27,23.45,23.45,300,24.15,1500,0,68400
HINDUNILVR30Jan201980CE.NFO,07/01/2020,09:57:28,23.45,23.45,300,24.15,600,0,68400
HINDUNILVR30Jan201980CE.NFO,07/01/2020,09:57:29,23.45,23.35,300,24.15,600,0,68400
HINDUNILVR30Jan201980CE.NFO,07/01/2020,09:57:31,23.45,23.45,300,24.15,600,0,68400
HINDUNILVR30Jan201980CE.NFO,07/01/2020,09:57:32,23.45,23.45,300,24.15,1500,0,68400
HINDUNILVR30Jan201980CE.NFO,07/01/2020,09:57:33,23.45,23.4,300,24.15,1500,0,68400
HINDUNILVR30Jan201980CE.NFO,07/01/2020,09:57:37,23.45,23.4,300,24.15,300,0,68400
HINDUNILVR30Jan201980CE.NFO,07/01/2020,09:57:39,23.45,23.4,300,24.1,300,0,68400
HINDUNILVR30Jan201980CE.NFO,07/01/2020,09:57:40,23.45,23.4,300,24.1,600,0,68400
HINDUNILVR30Jan201980CE.NFO,07/01/2020,09:57:44,23.45,23.65,300,24.35,600,0,68400
HINDUNILVR30Jan201980CE.NFO,07/01/2020,09:57:48,23.45,23.65,600,24.4,300,0,68400
HINDUNILVR30Jan201980CE.NFO,07/01/2020,09:57:49,23.45,23.65,300,24.35,600,0,68400
HINDUNILVR30Jan201980CE.NFO,07/01/2020,09:57:50,23.45,23.65,1200,24.25,600,0,68400
HINDUNILVR30Jan201980CE.NFO,07/01/2020,09:57:51,23.45,23.65,300,24.25,600,0,68400
HINDUNILVR30Jan201980CE.NFO,07/01/2020,09:57:58,23.45,23.7,300,24.35,300,0,68400
HINDUNILVR30Jan201980CE.NFO,07/01/2020,09:58:00,23.45,23.9,300,24.65,300,0,68400
HINDUNILVR30Jan201980CE.NFO,07/01/2020,09:58:01,23.45,23.9,300,24.5,300,0,68400
HINDUNILVR30Jan201980CE.NFO,07/01/2020,09:58:05,23.45,23.85,300,24.5,600,0,68400
HINDUNILVR30Jan201980CE.NFO,07/01/2020,09:58:05,23.45,23.6,300,24.3,600,0,68400
HINDUNILVR30Jan201980CE.NFO,07/01/2020,09:58:07,23.45,23.55,300,24.25,600,0,68400
HINDUNILVR30Jan201980CE.NFO,07/01/2020,09:58:08,23.45,23.55,300,24.15,300,0,68400
HINDUNILVR30Jan201980CE.NFO,07/01/2020,09:58:12,23.45,23.3,300,24,300,0,68400
HINDUNILVR30Jan201980CE.NFO,07/01/2020,09:58:14,23.45,23.3,300,23.9,600,0,68400
HINDUNILVR30Jan201980CE.NFO,07/01/2020,09:58:16,23.45,23.25,300,23.9,600,0,68400
HINDUNILVR30Jan201980CE.NFO,07/01/2020,09:58:18,23.45,23.2,300,23.8,300,0,68400
HINDUNILVR30Jan201980CE.NFO,07/01/2020,09:58:20,23.45,23.2,300,23.8,600,0,68400
HINDUNILVR30Jan201980CE.NFO,07/01/2020,09:58:24,23.45,23.15,300,23.7,300,0,68400
HINDUNILVR30Jan201980CE.NFO,07/01/2020,09:58:34,23.45,23.15,300,23.8,300,0,68400
HINDUNILVR30Jan201980CE.NFO,07/01/2020,09:58:36,23.45,23.25,300,23.8,300,0,68400
HINDUNILVR30Jan201980CE.NFO,07/01/2020,09:58:37,23.45,23.25,300,23.8,600,0,68400
HINDUNILVR30Jan201980CE.NFO,07/01/2020,09:58:47,23.45,23.25,300,23.8,300,0,68400
HINDUNILVR30Jan201980CE.NFO,07/01/2020,09:58:59,23.45,23.25,300,23.85,300,0,68400
HINDUNILVR30Jan201980CE.NFO,07/01/2020,09:59:18,23.45,23.25,300,23.85,600,0,68400
HINDUNILVR30Jan201980CE.NFO,07/01/2020,09:59:23,23.45,23.35,300,24,1500,0,68400
HINDUNILVR30Jan201980CE.NFO,07/01/2020,09:59:28,23.45,23.35,300,24.05,600,0,68400
HINDUNILVR30Jan201980CE.NFO,07/01/2020,09:59:39,23.45,23.4,300,24.05,600,0,68400
HINDUNILVR30Jan201980CE.NFO,07/01/2020,09:59:45,23.45,23.4,300,24.1,300,0,68400
HINDUNILVR30Jan201980CE.NFO,07/01/2020,09:59:55,23.45,23.3,300,24,600,0,68400
HINDUNILVR30Jan201980CE.NFO,07/01/2020,10:00:01,23.45,23.25,300,23.95,600,0,68400
HINDUNILVR30Jan201980CE.NFO,07/01/2020,10:00:06,23.45,23.3,300,24,300,0,68400
HINDUNILVR30Jan201980CE.NFO,07/01/2020,10:00:12,23.45,23.25,300,24,600,0,68400
HINDUNILVR30Jan201980CE.NFO,07/01/2020,10:00:17,23.45,23.35,300,23.9,300,0,68400
HINDUNILVR30Jan201980CE.NFO,07/01/2020,10:00:18,23.45,23.25,300,24.25,300,0,68400
HINDUNILVR30Jan201980CE.NFO,07/01/2020,10:00:20,23.45,23.25,600,24.05,300,0,68400
HINDUNILVR30Jan201980CE.NFO,07/01/2020,10:00:21,23.45,23.25,300,23.95,300,0,68400
HINDUNILVR30Jan201980CE.NFO,07/01/2020,10:00:24,23.45,23.4,300,23.95,600,0,68400
HINDUNILVR30Jan201980CE.NFO,07/01/2020,10:00:25,23.45,23.25,300,23.95,600,0,68400
HINDUNILVR30Jan201980CE.NFO,07/01/2020,10:00:26,23.45,23.35,300,23.95,600,0,68400
HINDUNILVR30Jan201980CE.NFO,07/01/2020,10:00:27,23.45,23.25,300,23.95,600,0,68400
HINDUNILVR30Jan201980CE.NFO,07/01/2020,10:00:38,23.45,23.3,300,23.95,600,0,68400
HINDUNILVR30Jan201980CE.NFO,07/01/2020,10:00:45,23.45,23.4,300,24.15,300,0,68400
HINDUNILVR30Jan201980CE.NFO,07/01/2020,10:00:47,23.45,23.35,300,23.9,300,0,68400
HINDUNILVR30Jan201980CE.NFO,07/01/2020,10:01:01,23.45,23.25,300,24,600,0,68400
HINDUNILVR30Jan201980CE.NFO,07/01/2020,10:01:03,23.45,23.4,300,24,600,0,68400
HINDUNILVR30Jan201980CE.NFO,07/01/2020,10:01:11,23.45,23.35,600,24,600,0,68400
HINDUNILVR30Jan201980CE.NFO,07/01/2020,10:01:17,23.45,23.4,300,24,600,0,68400
HINDUNILVR30Jan201980CE.NFO,07/01/2020,10:01:48,23.45,23.3,300,23.9,300,0,68400
HINDUNILVR30Jan201980CE.NFO,07/01/2020,10:01:53,23.45,23.35,300,23.95,300,0,68400
HINDUNILVR30Jan201980CE.NFO,07/01/2020,10:01:58,23.45,23.3,300,23.95,600,0,68400
HINDUNILVR30Jan201980CE.NFO,07/01/2020,10:02:04,23.45,23.3,300,23.95,300,0,68400
HINDUNILVR30Jan201980CE.NFO,07/01/2020,10:02:09,23.45,23.3,300,23.9,600,0,68400
HINDUNILVR30Jan201980CE.NFO,07/01/2020,10:02:15,23.45,23.35,300,24.05,300,0,68400
HINDUNILVR30Jan201980CE.NFO,07/01/2020,10:02:20,23.45,23.3,300,24,300,0,68400
HINDUNILVR30Jan201980CE.NFO,07/01/2020,10:02:25,23.45,23.25,300,23.85,300,0,68400
HINDUNILVR30Jan201980CE.NFO,07/01/2020,10:02:30,23.45,23.25,300,24.05,900,0,68400
HINDUNILVR30Jan201980CE.NFO,07/01/2020,10:02:36,23.45,23.3,600,24.05,900,0,68400
HINDUNILVR30Jan201980CE.NFO,07/01/2020,10:02:42,23.45,23.3,600,24.05,600,0,68400
HINDUNILVR30Jan201980CE.NFO,07/01/2020,10:02:52,23.45,23.35,300,23.95,600,0,68400
HINDUNILVR30Jan201980CE.NFO,07/01/2020,10:02:58,23.45,23.35,600,24.15,300,0,68400
HINDUNILVR30Jan201980CE.NFO,07/01/2020,10:03:03,23.45,23.45,300,24.1,600,0,68400
HINDUNILVR30Jan201980CE.NFO,07/01/2020,10:03:12,23.45,23.5,300,24.1,300,0,68400
HINDUNILVR30Jan201980CE.NFO,07/01/2020,10:03:17,23.45,23.6,300,24.05,300,0,68400
HINDUNILVR30Jan201980CE.NFO,07/01/2020,10:03:27,23.45,23.7,300,24.2,300,0,68400
HINDUNILVR30Jan201980CE.NFO,07/01/2020,10:03:31,23.45,23.7,600,24.45,900,0,68400
HINDUNILVR30Jan201980CE.NFO,07/01/2020,10:03:36,23.45,23.7,600,24.3,600,0,68400
HINDUNILVR30Jan201980CE.NFO,07/01/2020,10:03:44,23.45,23.7,600,24.25,600,0,68400
HINDUNILVR30Jan201980CE.NFO,07/01/2020,10:03:49,23.45,23.8,300,24.35,300,0,68400
HINDUNILVR30Jan201980CE.NFO,07/01/2020,10:03:53,23.45,23.9,600,24.5,300,0,68400
HINDUNILVR30Jan201980CE.NFO,07/01/2020,10:03:58,23.45,24,300,24.5,300,0,68400
HINDUNILVR30Jan201980CE.NFO,07/01/2020,10:04:04,23.45,23.9,300,24.15,600,0,68400
HINDUNILVR30Jan201980CE.NFO,07/01/2020,10:04:08,23.45,23.75,300,24.2,900,0,68400
HINDUNILVR30Jan201980CE.NFO,07/01/2020,10:04:13,23.45,23.8,300,24.1,900,0,68400
HINDUNILVR30Jan201980CE.NFO,07/01/2020,10:04:17,23.45,23.65,300,24.05,900,0,68400
HINDUNILVR30Jan201980CE.NFO,07/01/2020,10:04:21,23.45,23.65,300,24.05,600,0,68400
HINDUNILVR30Jan201980CE.NFO,07/01/2020,10:04:25,23.45,23.65,300,24.05,900,0,68400
HINDUNILVR30Jan201980CE.NFO,07/01/2020,10:04:29,23.45,23.75,300,24.1,900,0,68400
HINDUNILVR30Jan201980CE.NFO,07/01/2020,10:04:34,23.45,23.75,300,24.2,1200,0,68400
HINDUNILVR30Jan201980CE.NFO,07/01/2020,10:04:39,23.45,23.6,900,23.9,300,0,68400
HINDUNILVR30Jan201980CE.NFO,07/01/2020,10:04:44,23.45,23.65,300,23.95,900,0,68400
HINDUNILVR30Jan201980CE.NFO,07/01/2020,10:04:48,23.45,23.55,1200,23.95,1200,0,68400
HINDUNILVR30Jan201980CE.NFO,07/01/2020,10:04:53,23.45,23.6,300,23.95,1200,0,68400
HINDUNILVR30Jan201980CE.NFO,07/01/2020,10:04:57,23.45,23.6,300,23.95,1500,0,68400
HINDUNILVR30Jan201980CE.NFO,07/01/2020,10:05:02,23.45,23.4,300,23.8,900,0,68400
HINDUNILVR30Jan201980CE.NFO,07/01/2020,10:05:07,23.75,23.4,600,23.8,600,300,68700
HINDUNILVR30Jan201980CE.NFO,07/01/2020,10:05:24,23.75,23.4,600,23.8,600,0,68700
HINDUNILVR30Jan201980CE.NFO,07/01/2020,10:05:28,23.75,23.4,300,23.7,600,0,68700
HINDUNILVR30Jan201980CE.NFO,07/01/2020,10:05:34,23.75,23.55,900,23.8,900,0,68700
HINDUNILVR30Jan201980CE.NFO,07/01/2020,10:05:40,23.75,23.5,300,23.9,600,0,68700
HINDUNILVR30Jan201980CE.NFO,07/01/2020,10:05:46,23.75,23.5,600,23.9,900,0,68700
HINDUNILVR30Jan201980CE.NFO,07/01/2020,10:05:52,23.75,23.6,300,23.95,900,0,68700
HINDUNILVR30Jan201980CE.NFO,07/01/2020,10:05:57,23.75,23.6,300,23.95,600,0,68700
HINDUNILVR30Jan201980CE.NFO,07/01/2020,10:06:03,23.75,23.5,300,23.9,900,0,68700
HINDUNILVR30Jan201980CE.NFO,07/01/2020,10:06:08,23.75,23.45,600,23.9,900,0,68700
HINDUNILVR30Jan201980CE.NFO,07/01/2020,10:06:13,23.75,23.5,300,23.9,600,0,68700
HINDUNILVR30Jan201980CE.NFO,07/01/2020,10:06:19,23.75,23.45,300,23.85,300,0,68700
HINDUNILVR30Jan201980CE.NFO,07/01/2020,10:06:24,23.75,23.5,300,23.9,600,0,68700
HINDUNILVR30Jan201980CE.NFO,07/01/2020,10:06:36,23.75,23.25,300,23.6,900,0,68700
HINDUNILVR30Jan201980CE.NFO,07/01/2020,10:06:41,23.75,23.25,300,23.6,600,0,68700
HINDUNILVR30Jan201980CE.NFO,07/01/2020,10:06:46,23.15,23.15,300,23.6,300,900,69000
HINDUNILVR30Jan201980CE.NFO,07/01/2020,10:06:46,23.15,23.15,300,23.6,300,0,69000
HINDUNILVR30Jan201980CE.NFO,07/01/2020,10:06:53,23.15,23.15,600,23.6,300,0,69000
HINDUNILVR30Jan201980CE.NFO,07/01/2020,10:06:58,23.15,23.15,300,23.6,300,0,69000
HINDUNILVR30Jan201980CE.NFO,07/01/2020,10:07:03,23.15,23.25,600,23.75,300,0,69000
HINDUNILVR30Jan201980CE.NFO,07/01/2020,10:07:09,23.15,23.35,300,23.8,300,0,69000
HINDUNILVR30Jan201980CE.NFO,07/01/2020,10:07:15,23.15,23.5,900,23.9,300,0,69000
HINDUNILVR30Jan201980CE.NFO,07/01/2020,10:07:20,23.15,23.55,300,24,600,0,69000
HINDUNILVR30Jan201980CE.NFO,07/01/2020,10:07:26,23.55,23.5,900,23.9,300,300,69000
HINDUNILVR30Jan201980CE.NFO,07/01/2020,10:07:32,23.55,23.5,300,24.15,300,0,69000
HINDUNILVR30Jan201980CE.NFO,07/01/2020,10:07:37,23.55,23.55,1200,24.1,300,0,69000
HINDUNILVR30Jan201980CE.NFO,07/01/2020,10:07:42,23.55,23.5,300,23.95,300,0,69000
HINDUNILVR30Jan201980CE.NFO,07/01/2020,10:07:47,23.55,23.75,900,24.25,1200,0,69000
HINDUNILVR30Jan201980CE.NFO,07/01/2020,10:07:52,23.55,24,900,24.4,300,0,69000
HINDUNILVR30Jan201980CE.NFO,07/01/2020,10:07:57,23.55,23.55,300,24.1,300,0,69000
HINDUNILVR30Jan201980CE.NFO,07/01/2020,10:08:02,23.55,23.5,300,24,300,0,69000
HINDUNILVR30Jan201980CE.NFO,07/01/2020,10:08:06,23.55,23.55,300,24,300,0,69000
HINDUNILVR30Jan201980CE.NFO,07/01/2020,10:08:15,23.55,23.75,300,24,300,0,69000
HINDUNILVR30Jan201980CE.NFO,07/01/2020,10:08:20,23.55,23.7,900,24,300,0,69000
HINDUNILVR30Jan201980CE.NFO,07/01/2020,10:08:29,23.55,23.75,300,24,300,0,69000
HINDUNILVR30Jan201980CE.NFO,07/01/2020,10:08:34,24,23.8,600,24.3,300,300,69600
HINDUNILVR30Jan201980CE.NFO,07/01/2020,10:08:40,24,23.9,300,24.35,300,0,69600
HINDUNILVR30Jan201980CE.NFO,07/01/2020,10:09:06,24.1,23.9,300,24.3,300,300,69600
HINDUNILVR30Jan201980CE.NFO,07/01/2020,10:09:10,24.1,24.1,300,24.45,300,0,69600
HINDUNILVR30Jan201980CE.NFO,07/01/2020,10:09:14,24.1,23.9,300,24.45,300,0,69600
HINDUNILVR30Jan201980CE.NFO,07/01/2020,10:09:44,24.1,23.9,300,24.25,300,0,69600
HINDUNILVR30Jan201980CE.NFO,07/01/2020,10:10:13,24.1,23.9,300,24.4,300,0,69600
HINDUNILVR30Jan201980CE.NFO,07/01/2020,10:10:18,24.1,23.9,300,24.3,600,0,69600
HINDUNILVR30Jan201980CE.NFO,07/01/2020,10:10:25,24.1,24,300,24.35,300,0,69600
HINDUNILVR30Jan201980CE.NFO,07/01/2020,10:10:34,24.1,23.9,300,24.3,600,0,69600
HINDUNILVR30Jan201980CE.NFO,07/01/2020,10:11:19,24.1,24.2,300,24.45,300,0,69600
HINDUNILVR30Jan201980CE.NFO,07/01/2020,10:11:24,24.1,23.9,600,24.45,300,0,69600
HINDUNILVR30Jan201980CE.NFO,07/01/2020,10:11:30,24.1,23.9,300,24.25,300,0,69600
HINDUNILVR30Jan201980CE.NFO,07/01/2020,10:11:34,24.25,23.95,300,24.45,300,300,69000
HINDUNILVR30Jan201980CE.NFO,07/01/2020,10:11:40,24.25,23.9,600,24.45,300,0,69000
HINDUNILVR30Jan201980CE.NFO,07/01/2020,10:11:45,24.25,23.95,300,24.45,300,0,69000
HINDUNILVR30Jan201980CE.NFO,07/01/2020,10:11:50,24.25,23.9,300,24.2,900,0,69000
HINDUNILVR30Jan201980CE.NFO,07/01/2020,10:11:55,24.25,23.9,300,24.2,300,0,69000
HINDUNILVR30Jan201980CE.NFO,07/01/2020,10:13:40,24.25,24,900,24.25,300,0,69000
HINDUNILVR30Jan201980CE.NFO,07/01/2020,10:13:45,24.25,24,900,24.35,900,0,69000
HINDUNILVR30Jan201980CE.NFO,07/01/2020,10:13:51,24.25,23.95,300,24.25,900,0,69000
HINDUNILVR30Jan201980CE.NFO,07/01/2020,10:13:57,24.25,23.95,300,24.35,300,1200,69000
HINDUNILVR30Jan201980CE.NFO,07/01/2020,10:14:01,24.25,23.9,300,24.2,900,0,69000
HINDUNILVR30Jan201980CE.NFO,07/01/2020,10:14:27,24.2,23.9,300,24.35,300,600,68400
HINDUNILVR30Jan201980CE.NFO,07/01/2020,10:14:32,24.2,23.9,300,24.35,300,0,68400
HINDUNILVR30Jan201980CE.NFO,07/01/2020,10:14:37,24.2,23.9,300,24.4,300,0,68400
HINDUNILVR30Jan201980CE.NFO,07/01/2020,10:14:42,24.2,23.9,300,24.2,900,0,68400
HINDUNILVR30Jan201980CE.NFO,07/01/2020,10:14:47,24.2,23.95,300,24.4,300,0,68400
HINDUNILVR30Jan201980CE.NFO,07/01/2020,10:14:51,24.2,23.9,300,24.2,900,0,68400
HINDUNILVR30Jan201980CE.NFO,07/01/2020,10:14:56,24.2,23.9,300,24.15,300,0,68400
HINDUNILVR30Jan201980CE.NFO,07/01/2020,10:15:02,24.2,23.9,300,24.4,300,0,68400
HINDUNILVR30Jan201980CE.NFO,07/01/2020,10:15:07,24.2,23.9,300,24.45,300,0,68400
HINDUNILVR30Jan201980CE.NFO,07/01/2020,10:15:12,24.2,23.9,300,24.4,300,0,68400
HINDUNILVR30Jan201980CE.NFO,07/01/2020,10:15:17,24.2,23.9,300,24.25,900,0,68400
HINDUNILVR30Jan201980CE.NFO,07/01/2020,10:15:23,24.2,23.9,300,24.2,300,0,68400
HINDUNILVR30Jan201980CE.NFO,07/01/2020,10:15:36,24.2,23.9,300,24.25,900,0,68400
HINDUNILVR30Jan201980CE.NFO,07/01/2020,10:16:03,24.2,23.95,300,24.25,900,0,68400
HINDUNILVR30Jan201980CE.NFO,07/01/2020,10:16:07,24.2,23.9,300,24.2,300,0,68400
HINDUNILVR30Jan201980CE.NFO,07/01/2020,10:16:12,24.2,23.9,600,24.25,900,0,68400
HINDUNILVR30Jan201980CE.NFO,07/01/2020,10:16:17,24.2,23.95,300,24.4,300,0,68400
HINDUNILVR30Jan201980CE.NFO,07/01/2020,10:16:21,24.2,23.95,300,24.25,900,0,68400
HINDUNILVR30Jan201980CE.NFO,07/01/2020,10:16:30,24.2,23.9,900,24.25,900,0,68400
HINDUNILVR30Jan201980CE.NFO,07/01/2020,10:16:40,24.2,23.9,600,24.2,300,0,68400
HINDUNILVR30Jan201980CE.NFO,07/01/2020,10:16:50,24.2,23.9,600,24.25,900,0,68400
HINDUNILVR30Jan201980CE.NFO,07/01/2020,10:16:55,24.2,23.9,900,24.25,900,0,68400
HINDUNILVR30Jan201980CE.NFO,07/01/2020,10:17:03,24.2,23.9,300,24.2,300,0,68400
HINDUNILVR30Jan201980CE.NFO,07/01/2020,10:17:16,24.2,23.9,300,24.2,300,300,68400
HINDUNILVR30Jan201980CE.NFO,07/01/2020,10:17:20,24.2,23.9,300,24.2,300,0,68400
HINDUNILVR30Jan201980CE.NFO,07/01/2020,10:17:27,24.2,23.9,600,24.25,900,0,68400
HINDUNILVR30Jan201980CE.NFO,07/01/2020,10:17:42,24.2,23.95,300,24.55,300,0,68400
HINDUNILVR30Jan201980CE.NFO,07/01/2020,10:17:47,24.2,23.95,300,24.35,900,0,68400
HINDUNILVR30Jan201980CE.NFO,07/01/2020,10:17:53,24.2,23.95,300,24.3,300,0,68400
HINDUNILVR30Jan201980CE.NFO,07/01/2020,10:17:58,24.2,23.9,300,24.4,300,0,68400
HINDUNILVR30Jan201980CE.NFO,07/01/2020,10:18:02,24.2,23.9,300,24.25,300,0,68400
HINDUNILVR30Jan201980CE.NFO,07/01/2020,10:18:06,24.2,23.9,300,24.3,300,0,68400
HINDUNILVR30Jan201980CE.NFO,07/01/2020,10:18:19,24.2,23.9,600,24.3,300,0,68400
HINDUNILVR30Jan201980CE.NFO,07/01/2020,10:18:27,24.2,23.95,300,24.3,300,0,68400
HINDUNILVR30Jan201980CE.NFO,07/01/2020,10:18:31,24.2,24,300,24.35,300,0,68400
HINDUNILVR30Jan201980CE.NFO,07/01/2020,10:18:41,24.2,23.9,300,24.3,300,0,68400
HINDUNILVR30Jan201980CE.NFO,07/01/2020,10:18:47,24.2,23.95,300,24.3,300,0,68400
HINDUNILVR30Jan201980CE.NFO,07/01/2020,10:18:52,24.2,23.95,300,24.35,900,0,68400
HINDUNILVR30Jan201980CE.NFO,07/01/2020,10:18:57,24.2,24,300,24.35,900,0,68400
HINDUNILVR30Jan201980CE.NFO,07/01/2020,10:19:01,24.2,24.05,300,24.45,900,0,68400
HINDUNILVR30Jan201980CE.NFO,07/01/2020,10:19:06,24.2,24,300,24.4,600,0,68400
HINDUNILVR30Jan201980CE.NFO,07/01/2020,10:19:24,24.2,24,300,24.4,300,0,68400
HINDUNILVR30Jan201980CE.NFO,07/01/2020,10:19:29,24.2,23.95,600,24.4,300,0,68400
HINDUNILVR30Jan201980CE.NFO,07/01/2020,10:19:50,24.2,24,300,24.4,300,0,68400
HINDUNILVR30Jan201980CE.NFO,07/01/2020,10:19:54,24,23.95,300,24.25,300,300,68400
HINDUNILVR30Jan201980CE.NFO,07/01/2020,10:19:59,24,24,600,24.35,900,0,68400
HINDUNILVR30Jan201980CE.NFO,07/01/2020,10:20:20,24,24.05,300,24.35,900,0,68400
HINDUNILVR30Jan201980CE.NFO,07/01/2020,10:20:24,24,24,300,24.35,900,0,68400
HINDUNILVR30Jan201980CE.NFO,07/01/2020,10:20:29,24,23.95,300,24.3,300,0,68400
HINDUNILVR30Jan201980CE.NFO,07/01/2020,10:20:33,24,23.9,600,24.3,300,0,68400
HINDUNILVR30Jan201980CE.NFO,07/01/2020,10:20:37,24,23.95,600,24.35,900,0,68400
HINDUNILVR30Jan201980CE.NFO,07/01/2020,10:20:41,24,23.95,600,24.35,300,0,68400
HINDUNILVR30Jan201980CE.NFO,07/01/2020,10:20:46,24,23.95,600,24.35,1200,0,68400
HINDUNILVR30Jan201980CE.NFO,07/01/2020,10:20:50,24,23.95,600,24.35,300,0,68400
HINDUNILVR30Jan201980CE.NFO,07/01/2020,10:20:54,23.95,23.9,300,24.3,300,600,68700
HINDUNILVR30Jan201980CE.NFO,07/01/2020,10:20:57,23.95,23.9,300,24.25,300,0,68700
HINDUNILVR30Jan201980CE.NFO,07/01/2020,10:21:09,23.95,23.9,300,24.2,300,0,68700
HINDUNILVR30Jan201980CE.NFO,07/01/2020,10:21:21,23.95,23.95,600,24.25,300,0,68700
HINDUNILVR30Jan201980CE.NFO,07/01/2020,10:21:34,23.95,23.95,600,24.3,1500,0,68700
HINDUNILVR30Jan201980CE.NFO,07/01/2020,10:21:46,23.95,23.95,600,24.25,900,0,68700
HINDUNILVR30Jan201980CE.NFO,07/01/2020,10:21:51,23.95,23.95,600,24.3,900,0,68700
HINDUNILVR30Jan201980CE.NFO,07/01/2020,10:21:59,23.95,23.95,600,24.3,1500,0,68700
HINDUNILVR30Jan201980CE.NFO,07/01/2020,10:22:02,23.95,23.95,600,24.25,300,0,68700
HINDUNILVR30Jan201980CE.NFO,07/01/2020,10:22:09,23.95,23.9,300,24.4,1200,0,68700
HINDUNILVR30Jan201980CE.NFO,07/01/2020,10:22:13,23.95,23.9,300,24.2,300,0,68700
HINDUNILVR30Jan201980CE.NFO,07/01/2020,10:22:16,23.95,23.9,300,24.3,300,0,68700
HINDUNILVR30Jan201980CE.NFO,07/01/2020,10:22:20,23.95,23.9,300,24.25,300,0,68700
HINDUNILVR30Jan201980CE.NFO,07/01/2020,10:22:27,23.95,23.9,300,24.2,300,0,68700
HINDUNILVR30Jan201980CE.NFO,07/01/2020,10:22:30,23.9,23.7,300,24.15,300,300,68700
HINDUNILVR30Jan201980CE.NFO,07/01/2020,10:22:32,23.9,23.65,300,24.35,600,0,68700
HINDUNILVR30Jan201980CE.NFO,07/01/2020,10:22:37,23.9,23.55,300,24.1,300,0,68700
HINDUNILVR30Jan201980CE.NFO,07/01/2020,10:22:46,23.9,23.5,300,24.1,900,0,68700
HINDUNILVR30Jan201980CE.NFO,07/01/2020,10:22:56,23.9,23.45,300,24.1,900,0,68700
HINDUNILVR30Jan201980CE.NFO,07/01/2020,10:23:01,23.9,23.4,1200,24.1,900,0,68700
HINDUNILVR30Jan201980CE.NFO,07/01/2020,10:23:06,23.9,23.8,900,24.25,900,0,68700
HINDUNILVR30Jan201980CE.NFO,07/01/2020,10:23:11,23.8,23.55,300,24.15,900,900,68700
HINDUNILVR30Jan201980CE.NFO,07/01/2020,10:23:15,23.8,23.55,300,24.05,300,0,68700
HINDUNILVR30Jan201980CE.NFO,07/01/2020,10:23:19,23.8,23.5,300,24.05,900,0,68700
HINDUNILVR30Jan201980CE.NFO,07/01/2020,10:23:27,23.8,23.5,300,24.05,300,0,68700
HINDUNILVR30Jan201980CE.NFO,07/01/2020,10:23:31,23.8,23.55,300,24.05,300,0,68700
HINDUNILVR30Jan201980CE.NFO,07/01/2020,10:23:35,23.8,23.5,300,24.05,900,0,68700
HINDUNILVR30Jan201980CE.NFO,07/01/2020,10:23:55,23.8,23.5,300,24,300,0,68700
HINDUNILVR30Jan201980CE.NFO,07/01/2020,10:24:18,23.8,23.55,300,24,300,0,68700
HINDUNILVR30Jan201980CE.NFO,07/01/2020,10:24:21,23.8,23.55,300,24,900,0,68700
HINDUNILVR30Jan201980CE.NFO,07/01/2020,10:24:41,23.8,23.6,300,24,300,0,68700
HINDUNILVR30Jan201980CE.NFO,07/01/2020,10:24:44,23.8,23.55,300,24,300,0,68700
HINDUNILVR30Jan201980CE.NFO,07/01/2020,10:24:54,23.8,23.55,300,24,600,0,68700
HINDUNILVR30Jan201980CE.NFO,07/01/2020,10:24:56,23.8,23.55,300,24,900,0,68700
HINDUNILVR30Jan201980CE.NFO,07/01/2020,10:25:00,23.8,23.55,300,23.95,300,0,68700
HINDUNILVR30Jan201980CE.NFO,07/01/2020,10:25:04,23.8,23.5,300,23.95,900,0,68700
HINDUNILVR30Jan201980CE.NFO,07/01/2020,10:25:15,23.8,23.55,300,23.95,600,0,68700
HINDUNILVR30Jan201980CE.NFO,07/01/2020,10:25:19,23.8,23.85,900,24,300,0,68700
HINDUNILVR30Jan201980CE.NFO,07/01/2020,10:25:23,24,24,600,24.5,900,300,69600
HINDUNILVR30Jan201980CE.NFO,07/01/2020,10:25:28,24,24,600,24.5,900,0,69600
HINDUNILVR30Jan201980CE.NFO,07/01/2020,10:25:37,24,23.7,300,24.3,300,600,69600
HINDUNILVR30Jan201980CE.NFO,07/01/2020,10:25:42,24,23.6,1200,24.3,900,0,69600
HINDUNILVR30Jan201980CE.NFO,07/01/2020,10:25:47,24,23.65,300,24.3,900,0,69600
HINDUNILVR30Jan201980CE.NFO,07/01/2020,10:25:53,24,23.6,300,24.3,900,0,69600
HINDUNILVR30Jan201980CE.NFO,07/01/2020,10:26:15,24,23.6,1200,24.3,900,0,69600
HINDUNILVR30Jan201980CE.NFO,07/01/2020,10:26:19,24,23.65,300,24.3,900,0,69600
HINDUNILVR30Jan201980CE.NFO,07/01/2020,10:26:38,24,23.6,300,24.3,900,0,69600
HINDUNILVR30Jan201980CE.NFO,07/01/2020,10:26:42,24,23.6,600,24.3,1800,0,69600
HINDUNILVR30Jan201980CE.NFO,07/01/2020,10:26:46,24,23.65,600,24.3,300,0,69600
HINDUNILVR30Jan201980CE.NFO,07/01/2020,10:26:49,24,23.6,300,24.3,900,0,69600
HINDUNILVR30Jan201980CE.NFO,07/01/2020,10:26:53,24,23.65,300,24.3,900,0,69600
HINDUNILVR30Jan201980CE.NFO,07/01/2020,10:27:01,24,23.6,300,24.3,900,0,69600
HINDUNILVR30Jan201980CE.NFO,07/01/2020,10:27:04,24,23.65,600,24.3,1800,0,69600
HINDUNILVR30Jan201980CE.NFO,07/01/2020,10:27:10,24,23.65,300,24.3,900,0,69600
HINDUNILVR30Jan201980CE.NFO,07/01/2020,10:27:24,24,23.6,300,24.3,900,0,69600
HINDUNILVR30Jan201980CE.NFO,07/01/2020,10:27:28,24,23.6,600,24.3,900,0,69600
HINDUNILVR30Jan201980CE.NFO,07/01/2020,10:27:35,24,23.6,600,24.3,1800,0,69600
HINDUNILVR30Jan201980CE.NFO,07/01/2020,10:27:42,24,23.65,300,24.3,900,0,69600
HINDUNILVR30Jan201980CE.NFO,07/01/2020,10:28:18,24,23.8,900,24.3,600,0,69600
HINDUNILVR30Jan201980CE.NFO,07/01/2020,10:28:21,24,23.75,900,24.3,1200,0,69600
HINDUNILVR30Jan201980CE.NFO,07/01/2020,10:28:24,24,23.85,300,24.35,300,0,69600
HINDUNILVR30Jan201980CE.NFO,07/01/2020,10:28:27,24,23.85,300,24.35,900,0,69600
HINDUNILVR30Jan201980CE.NFO,07/01/2020,10:28:35,24,23.75,300,24.25,900,0,69600
HINDUNILVR30Jan201980CE.NFO,07/01/2020,10:28:39,24,23.65,300,24.25,900,0,69600
HINDUNILVR30Jan201980CE.NFO,07/01/2020,10:28:42,24,23.65,300,24.25,1200,0,69600
HINDUNILVR30Jan201980CE.NFO,07/01/2020,10:28:45,24,24,600,24.25,1200,0,69600
HINDUNILVR30Jan201980CE.NFO,07/01/2020,10:28:55,24,24,600,24.25,900,0,69600
HINDUNILVR30Jan201980CE.NFO,07/01/2020,10:29:16,24,24,600,24.25,300,0,69600
HINDUNILVR30Jan201980CE.NFO,07/01/2020,10:29:29,24,24,600,24.35,600,0,69600
HINDUNILVR30Jan201980CE.NFO,07/01/2020,10:29:33,24,24,600,24.3,300,0,69600
HINDUNILVR30Jan201980CE.NFO,07/01/2020,10:29:39,24,23.75,300,24.3,900,600,70500
HINDUNILVR30Jan201980CE.NFO,07/01/2020,10:29:42,24,23.75,600,24.3,900,0,70500
HINDUNILVR30Jan201980CE.NFO,07/01/2020,10:30:07,24,23.9,300,24.2,300,0,70500
HINDUNILVR30Jan201980CE.NFO,07/01/2020,10:30:12,24,23.85,300,24.2,900,0,70500
HINDUNILVR30Jan201980CE.NFO,07/01/2020,10:30:14,24,23.8,600,24.2,900,0,70500
HINDUNILVR30Jan201980CE.NFO,07/01/2020,10:30:39,24.2,23.85,300,24.35,300,300,70500
HINDUNILVR30Jan201980CE.NFO,07/01/2020,10:30:42,24.2,23.9,300,24.35,900,0,70500
HINDUNILVR30Jan201980CE.NFO,07/01/2020,10:30:45,24.2,23.8,600,24.35,900,0,70500
HINDUNILVR30Jan201980CE.NFO,07/01/2020,10:30:49,24.2,24,300,24.35,300,0,70500
HINDUNILVR30Jan201980CE.NFO,07/01/2020,10:31:04,24.2,23.9,1200,24.35,300,0,70500
HINDUNILVR30Jan201980CE.NFO,07/01/2020,10:31:07,24.2,23.9,300,24.35,300,0,70500
HINDUNILVR30Jan201980CE.NFO,07/01/2020,10:31:21,24.2,23.95,300,24.35,300,0,70500
HINDUNILVR30Jan201980CE.NFO,07/01/2020,10:31:27,24.2,23.95,300,24.4,900,0,70500
HINDUNILVR30Jan201980CE.NFO,07/01/2020,10:31:39,24.2,23.95,600,24.4,300,0,70500
HINDUNILVR30Jan201980CE.NFO,07/01/2020,10:31:42,24.2,23.9,300,24.4,900,0,70500
HINDUNILVR30Jan201980CE.NFO,07/01/2020,10:31:57,24.2,23.85,600,24.4,900,0,70500
HINDUNILVR30Jan201980CE.NFO,07/01/2020,10:32:01,24.2,23.85,300,24.4,900,0,70500
HINDUNILVR30Jan201980CE.NFO,07/01/2020,10:32:05,24.2,23.95,300,24.4,900,0,70500
HINDUNILVR30Jan201980CE.NFO,07/01/2020,10:32:09,24.2,23.85,300,24.4,900,0,70500
HINDUNILVR30Jan201980CE.NFO,07/01/2020,10:32:13,24.2,23.85,900,24.4,900,0,70500
HINDUNILVR30Jan201980CE.NFO,07/01/2020,10:32:20,24.2,23.95,600,24.4,900,0,70500
HINDUNILVR30Jan201980CE.NFO,07/01/2020,10:32:24,24.2,24,300,24.4,300,0,70500
HINDUNILVR30Jan201980CE.NFO,07/01/2020,10:32:39,24.2,23.95,300,24.35,300,0,70500
HINDUNILVR30Jan201980CE.NFO,07/01/2020,10:32:44,24.2,23.95,1200,24.35,900,0,70500
HINDUNILVR30Jan201980CE.NFO,07/01/2020,10:33:01,24.2,24,300,24.35,300,0,70500
HINDUNILVR30Jan201980CE.NFO,07/01/2020,10:33:04,24.2,24,300,24.4,300,0,70500
HINDUNILVR30Jan201980CE.NFO,07/01/2020,10:33:29,24.2,23.95,600,24.4,900,0,70500
HINDUNILVR30Jan201980CE.NFO,07/01/2020,10:33:43,24.2,24,300,24.4,900,0,70500
HINDUNILVR30Jan201980CE.NFO,07/01/2020,10:33:47,24.4,24.05,900,24.4,300,600,71100
HINDUNILVR30Jan201980CE.NFO,07/01/2020,10:33:49,24.4,24.05,900,24.4,300,0,71100
HINDUNILVR30Jan201980CE.NFO,07/01/2020,10:33:52,24.4,24.05,600,24.45,600,300,71100
HINDUNILVR30Jan201980CE.NFO,07/01/2020,10:33:57,24.4,24.05,600,24.45,600,0,71100
HINDUNILVR30Jan201980CE.NFO,07/01/2020,10:34:13,24.4,23.95,300,24.4,600,0,71100
HINDUNILVR30Jan201980CE.NFO,07/01/2020,10:34:17,24.4,24,300,24.4,600,0,71100
HINDUNILVR30Jan201980CE.NFO,07/01/2020,10:34:25,24.4,24.1,300,24.45,600,0,71100
HINDUNILVR30Jan201980CE.NFO,07/01/2020,10:34:30,24.45,24.25,300,24.5,300,300,71100
HINDUNILVR30Jan201980CE.NFO,07/01/2020,10:34:37,24.45,24.25,300,24.5,300,0,71100
HINDUNILVR30Jan201980CE.NFO,07/01/2020,10:35:15,24.45,24.35,300,24.5,300,0,71100
HINDUNILVR30Jan201980CE.NFO,07/01/2020,10:35:18,24.5,24.45,300,24.85,600,300,71100
HINDUNILVR30Jan201980CE.NFO,07/01/2020,10:35:21,24.5,24.4,600,24.85,600,0,71100
HINDUNILVR30Jan201980CE.NFO,07/01/2020,10:35:24,24.5,24.5,300,24.85,600,0,71100
HINDUNILVR30Jan201980CE.NFO,07/01/2020,10:35:33,24.5,24.5,600,24.85,600,0,71100
HINDUNILVR30Jan201980CE.NFO,07/01/2020,10:35:53,24.5,24.2,300,24.7,300,600,71100
HINDUNILVR30Jan201980CE.NFO,07/01/2020,10:35:56,24.5,24.2,300,24.7,300,0,71100
HINDUNILVR30Jan201980CE.NFO,07/01/2020,10:35:59,24.5,24.2,300,24.7,600,0,71100
HINDUNILVR30Jan201980CE.NFO,07/01/2020,10:36:03,24.5,24.15,600,24.6,300,0,71100
HINDUNILVR30Jan201980CE.NFO,07/01/2020,10:36:07,24.5,24.1,600,24.6,600,0,71100
HINDUNILVR30Jan201980CE.NFO,07/01/2020,10:36:22,24.5,24.15,300,24.6,600,0,71100
HINDUNILVR30Jan201980CE.NFO,07/01/2020,10:36:44,24.5,24.15,900,24.6,600,0,71100
HINDUNILVR30Jan201980CE.NFO,07/01/2020,10:36:47,24.5,24.25,600,24.85,600,0,71100
HINDUNILVR30Jan201980CE.NFO,07/01/2020,10:36:50,24.5,24.25,900,24.85,900,0,71100
HINDUNILVR30Jan201980CE.NFO,07/01/2020,10:36:56,24.5,24.25,600,24.65,1200,0,71100
HINDUNILVR30Jan201980CE.NFO,07/01/2020,10:37:21,24.5,24.3,300,24.7,1200,0,71100
HINDUNILVR30Jan201980CE.NFO,07/01/2020,10:37:54,24.5,24.4,300,24.9,300,0,71100
HINDUNILVR30Jan201980CE.NFO,07/01/2020,10:37:59,24.5,24.4,600,24.85,600,0,71100
HINDUNILVR30Jan201980CE.NFO,07/01/2020,10:38:06,24.5,24.4,600,24.8,300,0,71100
HINDUNILVR30Jan201980CE.NFO,07/01/2020,10:38:12,24.5,24.4,300,24.75,300,0,71100
HINDUNILVR30Jan201980CE.NFO,07/01/2020,10:38:33,24.5,24.4,600,24.75,300,0,71100
HINDUNILVR30Jan201980CE.NFO,07/01/2020,10:38:59,24.5,24.4,300,24.75,300,0,71100
HINDUNILVR30Jan201980CE.NFO,07/01/2020,10:39:04,24.5,24.5,600,24.95,900,0,71100
HINDUNILVR30Jan201980CE.NFO,07/01/2020,10:39:08,24.5,24.5,600,24.9,300,0,71100
HINDUNILVR30Jan201980CE.NFO,07/01/2020,10:39:12,24.5,24.55,600,24.95,300,0,71100
HINDUNILVR30Jan201980CE.NFO,07/01/2020,10:39:20,24.5,24.45,300,24.9,600,0,71100
HINDUNILVR30Jan201980CE.NFO,07/01/2020,10:39:27,24.5,24.45,300,24.9,300,0,71100
HINDUNILVR30Jan201980CE.NFO,07/01/2020,10:39:29,24.5,24.45,300,24.8,300,0,71100
HINDUNILVR30Jan201980CE.NFO,07/01/2020,10:39:32,24.5,24.35,300,24.7,300,0,71100
HINDUNILVR30Jan201980CE.NFO,07/01/2020,10:39:35,24.5,24.4,900,24.85,300,0,71100
HINDUNILVR30Jan201980CE.NFO,07/01/2020,10:39:38,24.5,24.4,600,24.8,300,0,71100
HINDUNILVR30Jan201980CE.NFO,07/01/2020,10:39:41,24.5,24.35,300,24.7,300,0,71100
HINDUNILVR30Jan201980CE.NFO,07/01/2020,10:39:44,24.5,24.35,600,24.85,600,0,71100
HINDUNILVR30Jan201980CE.NFO,07/01/2020,10:39:47,24.5,24.4,300,24.85,900,0,71100
HINDUNILVR30Jan201980CE.NFO,07/01/2020,10:39:50,24.5,24.5,300,24.95,600,0,71100
HINDUNILVR30Jan201980CE.NFO,07/01/2020,10:39:52,24.5,24.45,600,24.95,900,0,71100
HINDUNILVR30Jan201980CE.NFO,07/01/2020,10:39:57,24.5,24.7,600,24.95,300,0,71100
HINDUNILVR30Jan201980CE.NFO,07/01/2020,10:40:00,24.5,24.6,300,24.9,300,0,71100
HINDUNILVR30Jan201980CE.NFO,07/01/2020,10:40:03,24.5,24.7,300,25,600,0,71100
HINDUNILVR30Jan201980CE.NFO,07/01/2020,10:40:07,24.5,24.75,600,25,600,0,71100
HINDUNILVR30Jan201980CE.NFO,07/01/2020,10:40:12,24.5,24.45,300,24.95,300,0,71100
HINDUNILVR30Jan201980CE.NFO,07/01/2020,10:40:12,24.5,24.45,600,24.9,300,0,71100
HINDUNILVR30Jan201980CE.NFO,07/01/2020,10:40:13,24.5,24.45,600,24.85,300,0,71100
HINDUNILVR30Jan201980CE.NFO,07/01/2020,10:40:17,24.5,24.4,600,24.8,300,0,71100
HINDUNILVR30Jan201980CE.NFO,07/01/2020,10:40:19,24.5,24.35,300,24.8,300,0,71100
HINDUNILVR30Jan201980CE.NFO,07/01/2020,10:40:20,24.5,24.1,300,24.7,600,0,71100
HINDUNILVR30Jan201980CE.NFO,07/01/2020,10:40:27,24.5,24.2,900,24.7,600,0,71100
HINDUNILVR30Jan201980CE.NFO,07/01/2020,10:40:27,24.5,24.2,600,24.7,600,0,71100
HINDUNILVR30Jan201980CE.NFO,07/01/2020,10:40:30,24.5,24.25,300,24.8,600,0,71100
HINDUNILVR30Jan201980CE.NFO,07/01/2020,10:40:46,24.5,24.45,900,24.8,300,0,71100
HINDUNILVR30Jan201980CE.NFO,07/01/2020,10:40:47,24.5,24.3,1200,24.8,600,0,71100
HINDUNILVR30Jan201980CE.NFO,07/01/2020,10:40:51,24.5,24.3,300,24.75,300,0,71100
HINDUNILVR30Jan201980CE.NFO,07/01/2020,10:40:52,24.5,24.25,300,24.85,900,0,71100
HINDUNILVR30Jan201980CE.NFO,07/01/2020,10:40:53,24.5,24.2,300,24.85,900,0,71100
HINDUNILVR30Jan201980CE.NFO,07/01/2020,10:40:55,24.5,24.4,300,24.85,600,0,71100
HINDUNILVR30Jan201980CE.NFO,07/01/2020,10:40:58,24.5,24.35,900,24.85,600,0,71100
HINDUNILVR30Jan201980CE.NFO,07/01/2020,10:40:59,24.5,24.45,300,24.85,300,0,71100
HINDUNILVR30Jan201980CE.NFO,07/01/2020,10:41:00,24.5,24.35,300,24.85,600,0,71100
HINDUNILVR30Jan201980CE.NFO,07/01/2020,10:41:02,24.5,24.45,300,24.9,300,0,71100
HINDUNILVR30Jan201980CE.NFO,07/01/2020,10:41:04,24.5,24.4,300,24.85,900,0,71100
HINDUNILVR30Jan201980CE.NFO,07/01/2020,10:41:05,24.5,24.35,300,24.85,600,0,71100
HINDUNILVR30Jan201980CE.NFO,07/01/2020,10:41:08,24.5,24.35,600,24.85,600,0,71100
HINDUNILVR30Jan201980CE.NFO,07/01/2020,10:41:10,24.5,24.45,300,24.85,600,0,71100
HINDUNILVR30Jan201980CE.NFO,07/01/2020,10:41:16,24.5,24.35,300,24.8,600,0,71100
HINDUNILVR30Jan201980CE.NFO,07/01/2020,10:41:18,24.5,24.3,300,24.85,900,0,71100
HINDUNILVR30Jan201980CE.NFO,07/01/2020,10:41:19,24.5,24.35,300,24.85,900,0,71100
HINDUNILVR30Jan201980CE.NFO,07/01/2020,10:41:23,24.5,24.35,300,24.8,300,0,71100
HINDUNILVR30Jan201980CE.NFO,07/01/2020,10:41:32,24.5,24.2,600,24.75,300,0,71100
HINDUNILVR30Jan201980CE.NFO,07/01/2020,10:41:34,24.5,24.15,600,24.65,300,0,71100
HINDUNILVR30Jan201980CE.NFO,07/01/2020,10:41:37,24.5,24.05,600,24.6,300,0,71100
HINDUNILVR30Jan201980CE.NFO,07/01/2020,10:41:40,24.5,23.95,300,24.45,300,0,71100
HINDUNILVR30Jan201980CE.NFO,07/01/2020,10:41:44,24.5,24,600,24.5,300,0,71100
HINDUNILVR30Jan201980CE.NFO,07/01/2020,10:41:46,24.5,23.9,300,24.45,600,0,71100
HINDUNILVR30Jan201980CE.NFO,07/01/2020,10:41:49,24.5,23.9,300,24.45,900,0,71100
HINDUNILVR30Jan201980CE.NFO,07/01/2020,10:41:52,24.5,23.75,600,24.4,300,0,71100
HINDUNILVR30Jan201980CE.NFO,07/01/2020,10:41:55,24.5,23.65,600,24.2,300,0,71100
HINDUNILVR30Jan201980CE.NFO,07/01/2020,10:41:58,24.5,23.75,300,24.25,1200,0,71100
HINDUNILVR30Jan201980CE.NFO,07/01/2020,10:42:00,24.5,23.65,300,24.15,300,0,71100
HINDUNILVR30Jan201980CE.NFO,07/01/2020,10:42:07,24.5,23.65,900,24.2,1200,0,71100
HINDUNILVR30Jan201980CE.NFO,07/01/2020,10:42:11,24.5,23.65,900,24.2,900,0,71100
HINDUNILVR30Jan201980CE.NFO,07/01/2020,10:42:14,24.5,23.65,900,24.2,1200,0,71100
HINDUNILVR30Jan201980CE.NFO,07/01/2020,10:42:15,23.65,23.55,300,24,300,900,71700
HINDUNILVR30Jan201980CE.NFO,07/01/2020,10:42:16,23.65,23.55,300,24,300,0,71700
HINDUNILVR30Jan201980CE.NFO,07/01/2020,10:42:23,23.65,23.55,600,24,600,0,71700
HINDUNILVR30Jan201980CE.NFO,07/01/2020,10:42:29,23.65,23.55,300,23.9,300,0,71700
HINDUNILVR30Jan201980CE.NFO,07/01/2020,10:42:56,23.65,23.55,600,24,300,0,71700
HINDUNILVR30Jan201980CE.NFO,07/01/2020,10:43:05,23.65,23.55,900,24,300,0,71700
HINDUNILVR30Jan201980CE.NFO,07/01/2020,10:43:05,23.65,23.55,900,24,600,0,71700
HINDUNILVR30Jan201980CE.NFO,07/01/2020,10:43:07,23.65,23.65,300,24,300,0,71700
HINDUNILVR30Jan201980CE.NFO,07/01/2020,10:43:09,23.65,23.55,300,23.95,300,0,71700
HINDUNILVR30Jan201980CE.NFO,07/01/2020,10:43:11,23.65,23.55,300,24,600,0,71700
HINDUNILVR30Jan201980CE.NFO,07/01/2020,10:43:12,23.65,23.55,600,24,600,0,71700
HINDUNILVR30Jan201980CE.NFO,07/01/2020,10:43:12,23.65,23.65,300,24,300,0,71700
HINDUNILVR30Jan201980CE.NFO,07/01/2020,10:43:14,23.65,23.65,600,24.1,300,0,71700
HINDUNILVR30Jan201980CE.NFO,07/01/2020,10:43:15,23.65,23.65,600,24.05,300,0,71700
HINDUNILVR30Jan201980CE.NFO,07/01/2020,10:43:17,23.65,23.65,600,24.1,600,0,71700
HINDUNILVR30Jan201980CE.NFO,07/01/2020,10:43:18,23.65,23.65,300,24.1,600,0,71700
HINDUNILVR30Jan201980CE.NFO,07/01/2020,10:43:20,23.65,23.75,300,24.15,300,0,71700
HINDUNILVR30Jan201980CE.NFO,07/01/2020,10:43:21,23.65,23.75,300,24.2,300,0,71700
HINDUNILVR30Jan201980CE.NFO,07/01/2020,10:43:22,23.65,23.7,300,24.1,600,0,71700
HINDUNILVR30Jan201980CE.NFO,07/01/2020,10:43:23,23.65,23.7,300,24.05,300,0,71700
HINDUNILVR30Jan201980CE.NFO,07/01/2020,10:43:23,23.65,23.65,600,24.05,300,0,71700
HINDUNILVR30Jan201980CE.NFO,07/01/2020,10:43:24,23.65,23.65,300,24.1,300,0,71700
HINDUNILVR30Jan201980CE.NFO,07/01/2020,10:43:25,23.65,23.75,300,24.25,300,0,71700
HINDUNILVR30Jan201980CE.NFO,07/01/2020,10:43:26,23.65,23.75,300,24.2,300,0,71700
HINDUNILVR30Jan201980CE.NFO,07/01/2020,10:43:29,23.65,23.8,300,24.25,300,0,71700
HINDUNILVR30Jan201980CE.NFO,07/01/2020,10:43:34,23.65,23.9,300,24.35,300,0,71700
HINDUNILVR30Jan201980CE.NFO,07/01/2020,10:43:36,23.65,23.85,300,24.35,300,0,71700
HINDUNILVR30Jan201980CE.NFO,07/01/2020,10:43:43,23.65,23.85,300,24.3,600,0,71700
HINDUNILVR30Jan201980CE.NFO,07/01/2020,10:43:43,23.65,23.8,300,24.25,300,0,71700
HINDUNILVR30Jan201980CE.NFO,07/01/2020,10:43:45,23.65,23.85,300,24.4,600,0,71700
HINDUNILVR30Jan201980CE.NFO,07/01/2020,10:43:47,23.65,23.9,300,24.4,600,0,71700
HINDUNILVR30Jan201980CE.NFO,07/01/2020,10:43:50,23.65,23.95,300,24.4,300,0,71700
HINDUNILVR30Jan201980CE.NFO,07/01/2020,10:43:56,23.65,24,300,24.5,300,0,71700
HINDUNILVR30Jan201980CE.NFO,07/01/2020,10:43:57,23.65,24,300,24.45,300,0,71700
HINDUNILVR30Jan201980CE.NFO,07/01/2020,10:44:03,23.65,23.95,300,24.4,300,0,71700
HINDUNILVR30Jan201980CE.NFO,07/01/2020,10:44:03,23.65,24,300,24.4,300,0,71700
HINDUNILVR30Jan201980CE.NFO,07/01/2020,10:44:10,23.65,23.95,300,24.4,300,0,71700
HINDUNILVR30Jan201980CE.NFO,07/01/2020,10:44:13,23.65,23.95,300,24.35,300,0,71700
HINDUNILVR30Jan201980CE.NFO,07/01/2020,10:44:16,23.65,24.1,300,24.55,300,0,71700
HINDUNILVR30Jan201980CE.NFO,07/01/2020,10:44:22,23.65,23.95,300,24.5,300,0,71700
HINDUNILVR30Jan201980CE.NFO,07/01/2020,10:44:25,23.65,23.95,300,24.4,300,0,71700
HINDUNILVR30Jan201980CE.NFO,07/01/2020,10:44:30,23.65,23.85,300,24.25,600,0,71700
HINDUNILVR30Jan201980CE.NFO,07/01/2020,10:44:33,23.65,23.85,300,24.25,300,0,71700
HINDUNILVR30Jan201980CE.NFO,07/01/2020,10:44:39,23.65,23.8,300,24.25,300,0,71700
HINDUNILVR30Jan201980CE.NFO,07/01/2020,10:44:43,23.65,23.8,300,24.25,600,0,71700
HINDUNILVR30Jan201980CE.NFO,07/01/2020,10:44:49,23.65,23.8,300,24.25,300,0,71700
HINDUNILVR30Jan201980CE.NFO,07/01/2020,10:44:55,23.65,23.8,600,24.25,300,0,71700
HINDUNILVR30Jan201980CE.NFO,07/01/2020,10:45:01,23.65,23.85,300,24.25,300,0,71700
HINDUNILVR30Jan201980CE.NFO,07/01/2020,10:45:10,23.65,23.75,300,24.15,300,0,71700
HINDUNILVR30Jan201980CE.NFO,07/01/2020,10:45:14,23.65,23.85,300,24.25,300,0,71700
HINDUNILVR30Jan201980CE.NFO,07/01/2020,10:45:18,23.65,23.85,300,24.35,600,0,71700
HINDUNILVR30Jan201980CE.NFO,07/01/2020,10:45:24,23.65,23.85,300,24.25,300,0,71700
HINDUNILVR30Jan201980CE.NFO,07/01/2020,10:45:39,23.65,23.75,300,24.15,300,0,71700
HINDUNILVR30Jan201980CE.NFO,07/01/2020,10:45:48,23.65,23.9,900,24.15,300,0,71700
HINDUNILVR30Jan201980CE.NFO,07/01/2020,10:45:52,23.65,23.75,300,24.15,300,0,71700
HINDUNILVR30Jan201980CE.NFO,07/01/2020,10:45:57,23.65,23.85,300,24.15,300,0,71700
HINDUNILVR30Jan201980CE.NFO,07/01/2020,10:45:59,23.65,23.75,300,24.15,300,0,71700
HINDUNILVR30Jan201980CE.NFO,07/01/2020,10:46:04,23.65,23.75,300,24.25,300,0,71700
HINDUNILVR30Jan201980CE.NFO,07/01/2020,10:46:11,23.65,23.85,300,24.25,300,0,71700
HINDUNILVR30Jan201980CE.NFO,07/01/2020,10:46:13,23.65,23.75,300,24.25,300,0,71700
HINDUNILVR30Jan201980CE.NFO,07/01/2020,10:46:16,23.65,23.85,300,24.25,300,0,71700
HINDUNILVR30Jan201980CE.NFO,07/01/2020,10:46:19,23.65,23.85,300,24.35,300,0,71700
HINDUNILVR30Jan201980CE.NFO,07/01/2020,10:46:22,23.65,23.95,300,24.4,300,0,71700
HINDUNILVR30Jan201980CE.NFO,07/01/2020,10:46:25,23.65,23.95,300,24.4,600,0,71700
HINDUNILVR30Jan201980CE.NFO,07/01/2020,10:46:27,23.65,23.95,300,24.4,300,0,71700
HINDUNILVR30Jan201980CE.NFO,07/01/2020,10:46:50,23.65,23.85,300,24.3,300,0,71700
HINDUNILVR30Jan201980CE.NFO,07/01/2020,10:47:24,23.65,24,300,24.3,300,0,71700
HINDUNILVR30Jan201980CE.NFO,07/01/2020,10:47:35,23.65,24,300,24.35,300,0,71700
HINDUNILVR30Jan201980CE.NFO,07/01/2020,10:47:41,23.65,24,600,24.4,300,0,71700
HINDUNILVR30Jan201980CE.NFO,07/01/2020,10:47:55,23.65,24,600,24.4,600,0,71700
HINDUNILVR30Jan201980CE.NFO,07/01/2020,10:47:59,23.65,24,300,24.35,300,0,71700
HINDUNILVR30Jan201980CE.NFO,07/01/2020,10:48:02,23.65,24.05,300,24.35,300,0,71700
HINDUNILVR30Jan201980CE.NFO,07/01/2020,10:48:06,23.65,24.15,300,24.45,300,0,71700
HINDUNILVR30Jan201980CE.NFO,07/01/2020,10:48:10,23.65,24.05,600,24.45,600,0,71700
HINDUNILVR30Jan201980CE.NFO,07/01/2020,10:48:30,23.65,24.05,300,24.45,600,0,71700
HINDUNILVR30Jan201980CE.NFO,07/01/2020,10:48:34,23.65,23.8,300,24.2,900,0,71700
HINDUNILVR30Jan201980CE.NFO,07/01/2020,10:48:44,23.65,23.8,300,24.2,1800,0,71700
HINDUNILVR30Jan201980CE.NFO,07/01/2020,10:48:48,23.65,23.8,300,24.2,600,0,71700
HINDUNILVR30Jan201980CE.NFO,07/01/2020,10:48:51,23.65,23.8,300,24.1,300,0,71700
HINDUNILVR30Jan201980CE.NFO,07/01/2020,10:49:14,23.65,23.85,300,24.2,300,0,71700
HINDUNILVR30Jan201980CE.NFO,07/01/2020,10:49:17,23.65,23.8,300,24.1,300,0,71700
HINDUNILVR30Jan201980CE.NFO,07/01/2020,10:49:23,23.8,23.65,300,24.1,300,300,72000
HINDUNILVR30Jan201980CE.NFO,07/01/2020,10:49:26,23.8,23.65,300,24.1,300,0,72000
HINDUNILVR30Jan201980CE.NFO,07/01/2020,10:49:33,23.8,23.65,600,24.2,900,0,72000
HINDUNILVR30Jan201980CE.NFO,07/01/2020,10:49:40,23.8,23.65,900,24.2,900,0,72000
HINDUNILVR30Jan201980CE.NFO,07/01/2020,10:49:58,23.8,23.7,300,24.15,300,0,72000
HINDUNILVR30Jan201980CE.NFO,07/01/2020,10:50:10,23.8,23.65,300,24.1,300,0,72000
HINDUNILVR30Jan201980CE.NFO,07/01/2020,10:50:20,23.8,23.65,300,24.05,300,0,72000
HINDUNILVR30Jan201980CE.NFO,07/01/2020,10:50:32,23.8,23.7,300,24.1,600,0,72000
HINDUNILVR30Jan201980CE.NFO,07/01/2020,10:50:37,23.8,23.65,600,24.1,600,0,72000
HINDUNILVR30Jan201980CE.NFO,07/01/2020,10:50:48,23.8,23.7,300,24.1,300,0,72000
HINDUNILVR30Jan201980CE.NFO,07/01/2020,10:50:51,23.8,23.7,600,24.2,600,0,72000
HINDUNILVR30Jan201980CE.NFO,07/01/2020,10:50:54,23.8,23.75,300,24.15,300,0,72000
HINDUNILVR30Jan201980CE.NFO,07/01/2020,10:50:58,23.8,23.75,300,24.1,300,0,72000
HINDUNILVR30Jan201980CE.NFO,07/01/2020,10:51:23,23.8,23.7,300,24.1,300,0,72000
HINDUNILVR30Jan201980CE.NFO,07/01/2020,10:51:32,23.8,23.55,300,23.95,300,0,72000
HINDUNILVR30Jan201980CE.NFO,07/01/2020,10:51:34,23.8,23.6,300,23.95,300,0,72000
HINDUNILVR30Jan201980CE.NFO,07/01/2020,10:51:42,23.8,23.65,600,24.1,300,0,72000
HINDUNILVR30Jan201980CE.NFO,07/01/2020,10:51:46,23.8,23.75,300,24.1,300,0,72000
HINDUNILVR30Jan201980CE.NFO,07/01/2020,10:51:56,23.8,23.65,600,24,300,0,72000
HINDUNILVR30Jan201980CE.NFO,07/01/2020,10:52:00,23.8,23.65,300,24,300,0,72000
HINDUNILVR30Jan201980CE.NFO,07/01/2020,10:52:04,23.8,23.55,300,23.85,300,0,72000
HINDUNILVR30Jan201980CE.NFO,07/01/2020,10:52:24,23.8,23.5,300,23.75,300,0,72000
HINDUNILVR30Jan201980CE.NFO,07/01/2020,10:52:56,23.8,23.55,300,23.85,300,0,72000
HINDUNILVR30Jan201980CE.NFO,07/01/2020,10:53:02,23.8,23.5,300,23.85,300,0,72000
HINDUNILVR30Jan201980CE.NFO,07/01/2020,10:53:15,23.8,23.5,300,23.8,300,0,72000
HINDUNILVR30Jan201980CE.NFO,07/01/2020,10:53:17,23.8,23.5,300,23.75,300,0,72000
HINDUNILVR30Jan201980CE.NFO,07/01/2020,10:53:21,23.8,23.55,300,23.85,300,0,72000
HINDUNILVR30Jan201980CE.NFO,07/01/2020,10:53:24,23.8,23.5,300,23.85,300,0,72000
HINDUNILVR30Jan201980CE.NFO,07/01/2020,10:53:42,23.8,23.5,300,23.9,300,0,72000
HINDUNILVR30Jan201980CE.NFO,07/01/2020,10:53:43,23.8,23.55,300,23.9,300,0,72000
HINDUNILVR30Jan201980CE.NFO,07/01/2020,10:53:44,23.8,23.55,300,23.95,300,0,72000
HINDUNILVR30Jan201980CE.NFO,07/01/2020,10:53:46,23.8,23.65,300,23.95,300,0,72000
HINDUNILVR30Jan201980CE.NFO,07/01/2020,10:53:48,23.8,23.55,300,23.95,300,0,72000
HINDUNILVR30Jan201980CE.NFO,07/01/2020,10:53:51,23.8,23.5,300,23.85,300,0,72000
HINDUNILVR30Jan201980CE.NFO,07/01/2020,10:53:56,23.8,23.55,300,23.85,300,0,72000
HINDUNILVR30Jan201980CE.NFO,07/01/2020,10:54:02,23.8,23.6,300,23.95,600,0,72000
HINDUNILVR30Jan201980CE.NFO,07/01/2020,10:54:02,23.8,23.55,300,23.95,600,0,72000
HINDUNILVR30Jan201980CE.NFO,07/01/2020,10:54:03,23.8,23.6,300,23.95,600,0,72000
HINDUNILVR30Jan201980CE.NFO,07/01/2020,10:54:11,23.8,23.6,300,23.95,300,0,72000
HINDUNILVR30Jan201980CE.NFO,07/01/2020,10:54:12,23.8,23.55,300,23.95,300,0,72000
HINDUNILVR30Jan201980CE.NFO,07/01/2020,10:54:15,23.8,23.55,300,23.85,300,0,72000
HINDUNILVR30Jan201980CE.NFO,07/01/2020,10:54:20,23.8,23.65,300,24.05,600,0,72000
HINDUNILVR30Jan201980CE.NFO,07/01/2020,10:54:25,23.8,23.7,300,24.05,300,0,72000
HINDUNILVR30Jan201980CE.NFO,07/01/2020,10:54:29,23.8,23.8,300,24.25,300,0,72000
HINDUNILVR30Jan201980CE.NFO,07/01/2020,10:54:33,23.8,23.75,300,24.15,300,0,72000
HINDUNILVR30Jan201980CE.NFO,07/01/2020,10:54:36,23.8,23.8,300,24.15,300,0,72000
HINDUNILVR30Jan201980CE.NFO,07/01/2020,10:54:40,23.8,23.8,300,24.25,300,0,72000
HINDUNILVR30Jan201980CE.NFO,07/01/2020,10:54:44,23.8,23.8,300,24.2,300,0,72000
HINDUNILVR30Jan201980CE.NFO,07/01/2020,10:54:52,23.8,23.95,300,24.35,300,0,72000
HINDUNILVR30Jan201980CE.NFO,07/01/2020,10:54:58,23.8,23.95,300,24.3,300,0,72000
HINDUNILVR30Jan201980CE.NFO,07/01/2020,10:55:02,23.8,23.8,300,24.25,300,0,72000
HINDUNILVR30Jan201980CE.NFO,07/01/2020,10:55:07,23.8,24,300,24.4,300,0,72000
HINDUNILVR30Jan201980CE.NFO,07/01/2020,10:55:12,23.8,23.85,300,24.3,300,0,72000
HINDUNILVR30Jan201980CE.NFO,07/01/2020,10:55:12,23.8,23.9,300,24.3,300,0,72000
HINDUNILVR30Jan201980CE.NFO,07/01/2020,10:55:14,23.8,23.85,300,24.3,300,0,72000
HINDUNILVR30Jan201980CE.NFO,07/01/2020,10:55:15,23.8,23.8,300,24.4,300,0,72000
HINDUNILVR30Jan201980CE.NFO,07/01/2020,10:55:16,23.8,23.75,300,24.3,600,0,72000
HINDUNILVR30Jan201980CE.NFO,07/01/2020,10:55:18,23.8,23.75,300,24.3,900,0,72000
HINDUNILVR30Jan201980CE.NFO,07/01/2020,10:55:19,23.8,23.75,300,24.2,600,0,72000
HINDUNILVR30Jan201980CE.NFO,07/01/2020,10:55:20,23.8,23.75,300,24.2,300,0,72000
HINDUNILVR30Jan201980CE.NFO,07/01/2020,10:55:25,23.8,23.8,300,24.25,600,0,72000
HINDUNILVR30Jan201980CE.NFO,07/01/2020,10:55:29,23.8,23.9,300,24.25,600,0,72000
HINDUNILVR30Jan201980CE.NFO,07/01/2020,10:55:30,23.8,23.75,300,24.2,300,0,72000
HINDUNILVR30Jan201980CE.NFO,07/01/2020,10:55:31,23.8,23.8,300,24.2,300,0,72000
HINDUNILVR30Jan201980CE.NFO,07/01/2020,10:55:31,23.8,23.85,300,24.2,300,0,72000
HINDUNILVR30Jan201980CE.NFO,07/01/2020,10:55:32,23.8,23.8,300,24.2,300,0,72000
HINDUNILVR30Jan201980CE.NFO,07/01/2020,10:55:34,23.8,23.85,300,24.25,300,0,72000
HINDUNILVR30Jan201980CE.NFO,07/01/2020,10:55:37,23.8,23.8,300,24.25,300,0,72000
HINDUNILVR30Jan201980CE.NFO,07/01/2020,10:55:38,23.8,23.85,300,24.25,300,0,72000
HINDUNILVR30Jan201980CE.NFO,07/01/2020,10:55:39,23.8,23.8,600,24.25,300,0,72000
HINDUNILVR30Jan201980CE.NFO,07/01/2020,10:55:40,23.8,23.85,600,24.25,300,0,72000
HINDUNILVR30Jan201980CE.NFO,07/01/2020,10:55:51,23.8,23.75,300,24.25,300,0,72000
HINDUNILVR30Jan201980CE.NFO,07/01/2020,10:55:52,23.8,23.8,300,24.25,300,0,72000
HINDUNILVR30Jan201980CE.NFO,07/01/2020,10:55:54,23.8,23.85,300,24.25,300,0,72000
HINDUNILVR30Jan201980CE.NFO,07/01/2020,10:55:56,23.8,23.75,300,24.2,300,0,72000
HINDUNILVR30Jan201980CE.NFO,07/01/2020,10:56:01,23.8,23.8,300,24.2,300,0,72000
HINDUNILVR30Jan201980CE.NFO,07/01/2020,10:56:03,23.8,23.75,300,24.2,300,0,72000
HINDUNILVR30Jan201980CE.NFO,07/01/2020,10:56:06,23.8,23.8,300,24.2,300,0,72000
HINDUNILVR30Jan201980CE.NFO,07/01/2020,10:56:08,23.8,23.9,300,24.25,300,0,72000
HINDUNILVR30Jan201980CE.NFO,07/01/2020,10:56:11,23.8,23.8,300,24.2,300,0,72000
HINDUNILVR30Jan201980CE.NFO,07/01/2020,10:56:12,23.8,23.85,300,24.25,300,0,72000
HINDUNILVR30Jan201980CE.NFO,07/01/2020,10:56:14,23.8,23.85,300,24.3,300,0,72000
HINDUNILVR30Jan201980CE.NFO,07/01/2020,10:56:15,23.8,23.8,300,24.4,900,0,72000
HINDUNILVR30Jan201980CE.NFO,07/01/2020,10:56:16,23.8,23.85,300,24.4,600,0,72000
HINDUNILVR30Jan201980CE.NFO,07/01/2020,10:56:17,23.8,23.85,300,24.4,900,0,72000
HINDUNILVR30Jan201980CE.NFO,07/01/2020,10:56:18,23.8,23.85,300,24.4,600,0,72000
HINDUNILVR30Jan201980CE.NFO,07/01/2020,10:56:18,23.8,23.9,300,24.4,300,0,72000
HINDUNILVR30Jan201980CE.NFO,07/01/2020,10:56:20,23.8,23.9,300,24.3,300,0,72000
HINDUNILVR30Jan201980CE.NFO,07/01/2020,10:56:23,23.8,23.85,300,24.3,300,0,72000
HINDUNILVR30Jan201980CE.NFO,07/01/2020,10:56:24,23.8,23.95,300,24.3,300,0,72000
HINDUNILVR30Jan201980CE.NFO,07/01/2020,10:56:25,23.8,23.85,300,24.35,300,0,72000
HINDUNILVR30Jan201980CE.NFO,07/01/2020,10:56:26,23.8,23.9,300,24.25,300,0,72000
HINDUNILVR30Jan201980CE.NFO,07/01/2020,10:56:27,23.8,23.8,300,24.25,300,0,72000
HINDUNILVR30Jan201980CE.NFO,07/01/2020,10:56:28,23.8,23.85,300,24.3,300,0,72000
HINDUNILVR30Jan201980CE.NFO,07/01/2020,10:56:29,23.8,23.9,300,24.3,300,0,72000
HINDUNILVR30Jan201980CE.NFO,07/01/2020,10:56:30,23.8,23.85,300,24.25,300,0,72000
HINDUNILVR30Jan201980CE.NFO,07/01/2020,10:56:33,23.8,23.8,300,24.2,300,0,72000
HINDUNILVR30Jan201980CE.NFO,07/01/2020,10:56:34,23.8,23.95,300,24.35,300,0,72000
HINDUNILVR30Jan201980CE.NFO,07/01/2020,10:56:35,23.8,23.9,300,24.25,300,0,72000
HINDUNILVR30Jan201980CE.NFO,07/01/2020,10:56:37,23.8,24,300,24.35,300,0,72000
HINDUNILVR30Jan201980CE.NFO,07/01/2020,10:56:38,23.8,23.95,300,24.45,600,0,72000
HINDUNILVR30Jan201980CE.NFO,07/01/2020,10:56:39,23.8,24,300,24.45,300,0,72000
HINDUNILVR30Jan201980CE.NFO,07/01/2020,10:56:41,23.8,24,300,24.5,300,0,72000
HINDUNILVR30Jan201980CE.NFO,07/01/2020,10:56:43,23.8,23.95,300,24.45,300,0,72000
HINDUNILVR30Jan201980CE.NFO,07/01/2020,10:56:44,23.8,23.95,300,24.3,300,0,72000
HINDUNILVR30Jan201980CE.NFO,07/01/2020,10:56:47,23.8,23.95,600,24.3,300,0,72000
HINDUNILVR30Jan201980CE.NFO,07/01/2020,10:56:48,23.8,23.9,300,24.3,300,0,72000
HINDUNILVR30Jan201980CE.NFO,07/01/2020,10:56:49,23.8,23.95,300,24.4,300,0,72000
HINDUNILVR30Jan201980CE.NFO,07/01/2020,10:56:51,23.8,23.95,300,24.4,600,0,72000
HINDUNILVR30Jan201980CE.NFO,07/01/2020,10:56:53,23.8,23.95,300,24.4,300,0,72000
HINDUNILVR30Jan201980CE.NFO,07/01/2020,10:56:54,23.8,24,300,24.45,300,0,72000
HINDUNILVR30Jan201980CE.NFO,07/01/2020,10:56:57,23.8,24.05,300,24.5,300,0,72000
HINDUNILVR30Jan201980CE.NFO,07/01/2020,10:57:01,23.8,24,300,24.45,300,0,72000
HINDUNILVR30Jan201980CE.NFO,07/01/2020,10:57:02,23.8,23.95,300,24.35,300,0,72000
HINDUNILVR30Jan201980CE.NFO,07/01/2020,10:57:04,23.8,23.95,300,24.3,300,0,72000
HINDUNILVR30Jan201980CE.NFO,07/01/2020,10:57:05,23.8,24,300,24.3,300,0,72000
HINDUNILVR30Jan201980CE.NFO,07/01/2020,10:57:06,23.8,23.9,300,24.3,300,0,72000
HINDUNILVR30Jan201980CE.NFO,07/01/2020,10:57:07,23.8,23.9,300,24.25,300,0,72000
HINDUNILVR30Jan201980CE.NFO,07/01/2020,10:57:10,23.8,23.9,300,24.1,300,0,72000
HINDUNILVR30Jan201980CE.NFO,07/01/2020,10:57:11,23.8,23.9,300,24.15,300,0,72000
HINDUNILVR30Jan201980CE.NFO,07/01/2020,10:57:12,23.8,23.9,300,24.2,300,0,72000
HINDUNILVR30Jan201980CE.NFO,07/01/2020,10:57:14,23.8,23.95,300,24.2,300,0,72000
HINDUNILVR30Jan201980CE.NFO,07/01/2020,10:57:15,23.8,23.9,300,24.15,600,0,72000
HINDUNILVR30Jan201980CE.NFO,07/01/2020,10:57:16,23.8,23.9,300,24.2,300,0,72000
HINDUNILVR30Jan201980CE.NFO,07/01/2020,10:57:22,23.8,23.9,300,24.15,300,0,72000
HINDUNILVR30Jan201980CE.NFO,07/01/2020,10:57:23,23.8,23.9,300,24.2,300,0,72000
HINDUNILVR30Jan201980CE.NFO,07/01/2020,10:57:25,23.8,23.95,300,24.45,600,0,72000
HINDUNILVR30Jan201980CE.NFO,07/01/2020,10:57:26,23.8,23.95,300,24.3,300,0,72000
HINDUNILVR30Jan201980CE.NFO,07/01/2020,10:57:27,23.8,23.9,300,24.3,300,0,72000
HINDUNILVR30Jan201980CE.NFO,07/01/2020,10:57:28,23.8,23.95,300,24.55,600,0,72000
HINDUNILVR30Jan201980CE.NFO,07/01/2020,10:57:29,23.8,24.05,300,24.4,300,0,72000
HINDUNILVR30Jan201980CE.NFO,07/01/2020,10:57:30,23.8,23.95,300,24.4,300,0,72000
HINDUNILVR30Jan201980CE.NFO,07/01/2020,10:57:31,23.8,23.95,300,24.3,300,0,72000
HINDUNILVR30Jan201980CE.NFO,07/01/2020,10:57:34,23.8,23.95,300,24.4,300,0,72000
HINDUNILVR30Jan201980CE.NFO,07/01/2020,10:57:36,23.8,24,300,24.4,600,0,72000
HINDUNILVR30Jan201980CE.NFO,07/01/2020,10:57:37,23.8,23.95,300,24.4,300,0,72000
HINDUNILVR30Jan201980CE.NFO,07/01/2020,10:57:38,23.8,23.95,300,24.45,300,0,72000
HINDUNILVR30Jan201980CE.NFO,07/01/2020,10:57:39,23.8,23.95,300,24.35,300,0,72000
HINDUNILVR30Jan201980CE.NFO,07/01/2020,10:57:41,23.8,23.95,300,24.25,300,0,72000
HINDUNILVR30Jan201980CE.NFO,07/01/2020,10:57:44,23.8,23.95,300,24.35,300,0,72000
HINDUNILVR30Jan201980CE.NFO,07/01/2020,10:57:48,23.8,23.95,300,24.4,300,0,72000
HINDUNILVR30Jan201980CE.NFO,07/01/2020,10:57:52,23.8,23.95,300,24.35,300,0,72000
HINDUNILVR30Jan201980CE.NFO,07/01/2020,10:57:54,23.8,23.95,300,24.3,300,0,72000
HINDUNILVR30Jan201980CE.NFO,07/01/2020,10:58:00,23.8,23.9,300,24.2,300,0,72000
HINDUNILVR30Jan201980CE.NFO,07/01/2020,10:58:06,23.8,23.95,300,24.3,300,0,72000
HINDUNILVR30Jan201980CE.NFO,07/01/2020,10:58:10,23.8,23.95,300,24.3,600,0,72000
HINDUNILVR30Jan201980CE.NFO,07/01/2020,10:58:14,23.8,24,300,24.3,600,0,72000
HINDUNILVR30Jan201980CE.NFO,07/01/2020,10:58:20,23.8,24,300,24.35,600,0,72000
HINDUNILVR30Jan201980CE.NFO,07/01/2020,10:58:27,23.8,24.05,300,24.45,300,0,72000
HINDUNILVR30Jan201980CE.NFO,07/01/2020,10:58:34,23.8,24.2,300,24.5,300,0,72000
HINDUNILVR30Jan201980CE.NFO,07/01/2020,10:58:45,23.8,24.15,600,24.5,300,0,72000
HINDUNILVR30Jan201980CE.NFO,07/01/2020,10:58:52,23.8,24.15,600,24.5,600,0,72000
HINDUNILVR30Jan201980CE.NFO,07/01/2020,10:58:58,23.8,24.15,300,24.5,600,0,72000
HINDUNILVR30Jan201980CE.NFO,07/01/2020,10:59:05,23.8,24.1,300,24.5,600,0,72000
HINDUNILVR30Jan201980CE.NFO,07/01/2020,10:59:11,23.8,24.1,300,24.45,600,0,72000
HINDUNILVR30Jan201980CE.NFO,07/01/2020,10:59:17,23.8,24.05,600,24.45,300,0,72000
HINDUNILVR30Jan201980CE.NFO,07/01/2020,10:59:23,23.8,24.1,300,24.45,300,0,72000
HINDUNILVR30Jan201980CE.NFO,07/01/2020,10:59:29,23.8,24.05,300,24.2,300,0,72000
HINDUNILVR30Jan201980CE.NFO,07/01/2020,10:59:35,24.2,24.1,300,24.65,900,300,72300
HINDUNILVR30Jan201980CE.NFO,07/01/2020,10:59:42,24.2,24,300,24.3,300,0,72300
HINDUNILVR30Jan201980CE.NFO,07/01/2020,10:59:52,24.2,24.05,600,24.5,300,0,72300
HINDUNILVR30Jan201980CE.NFO,07/01/2020,10:59:58,24.2,24.1,300,24.7,600,0,72300
HINDUNILVR30Jan201980CE.NFO,07/01/2020,11:00:05,24.2,24,300,24.3,300,0,72300
HINDUNILVR30Jan201980CE.NFO,07/01/2020,11:00:12,24.2,24,300,24.55,600,0,72300
HINDUNILVR30Jan201980CE.NFO,07/01/2020,11:00:20,24.2,24.05,300,24.45,600,0,72300
HINDUNILVR30Jan201980CE.NFO,07/01/2020,11:00:26,24.2,24,300,24.55,900,0,72300
HINDUNILVR30Jan201980CE.NFO,07/01/2020,11:00:33,24,23.85,300,24.25,300,300,72300
HINDUNILVR30Jan201980CE.NFO,07/01/2020,11:00:40,24,23.9,300,24.4,300,0,72300
HINDUNILVR30Jan201980CE.NFO,07/01/2020,11:00:46,24,23.9,300,24.45,900,0,72300
HINDUNILVR30Jan201980CE.NFO,07/01/2020,11:00:53,23.95,23.95,300,24.45,900,300,72300
HINDUNILVR30Jan201980CE.NFO,07/01/2020,11:00:59,23.95,23.9,600,24.35,300,0,72300
HINDUNILVR30Jan201980CE.NFO,07/01/2020,11:01:08,23.95,23.9,900,24.45,300,0,72300
HINDUNILVR30Jan201980CE.NFO,07/01/2020,11:01:15,23.95,23.9,600,24.3,300,0,72300
HINDUNILVR30Jan201980CE.NFO,07/01/2020,11:01:22,23.95,23.9,600,24.35,600,0,72300
HINDUNILVR30Jan201980CE.NFO,07/01/2020,11:01:30,23.95,23.8,300,24.15,300,0,72300
HINDUNILVR30Jan201980CE.NFO,07/01/2020,11:01:45,23.95,23.8,600,24.5,900,0,72300
HINDUNILVR30Jan201980CE.NFO,07/01/2020,11:01:53,23.95,23.75,300,24,1500,0,72300
HINDUNILVR30Jan201980CE.NFO,07/01/2020,11:02:01,23.95,23.7,600,24,1500,0,72300
HINDUNILVR30Jan201980CE.NFO,07/01/2020,11:02:08,24,23.7,600,24,900,600,72300
HINDUNILVR30Jan201980CE.NFO,07/01/2020,11:02:14,24.25,24.2,300,24.8,300,1200,72300
HINDUNILVR30Jan201980CE.NFO,07/01/2020,11:02:21,24.25,24.1,300,24.6,300,0,72300
HINDUNILVR30Jan201980CE.NFO,07/01/2020,11:02:27,24.2,24.1,300,24.4,300,1500,72300
HINDUNILVR30Jan201980CE.NFO,07/01/2020,11:02:34,24.2,24.1,300,24.2,1500,0,72300
HINDUNILVR30Jan201980CE.NFO,07/01/2020,11:02:40,24.2,23.85,300,24.2,1800,0,72300
HINDUNILVR30Jan201980CE.NFO,07/01/2020,11:02:46,24.2,23.9,300,24.15,600,0,72300
HINDUNILVR30Jan201980CE.NFO,07/01/2020,11:02:53,24.2,23.9,300,24.2,1800,0,72300
HINDUNILVR30Jan201980CE.NFO,07/01/2020,11:02:59,24.2,23.9,300,24.15,300,0,72300
HINDUNILVR30Jan201980CE.NFO,07/01/2020,11:03:05,24.2,23.9,300,24.15,600,0,72300
HINDUNILVR30Jan201980CE.NFO,07/01/2020,11:03:13,23.9,23.7,600,24.05,600,300,71100
HINDUNILVR30Jan201980CE.NFO,07/01/2020,11:03:20,23.9,23.7,600,24.05,300,0,71100
HINDUNILVR30Jan201980CE.NFO,07/01/2020,11:03:26,23.9,23.9,600,24.15,600,0,71100
HINDUNILVR30Jan201980CE.NFO,07/01/2020,11:03:39,23.9,23.7,300,24.05,600,0,71100
HINDUNILVR30Jan201980CE.NFO,07/01/2020,11:03:47,23.9,23.7,300,24.1,300,0,71100
HINDUNILVR30Jan201980CE.NFO,07/01/2020,11:03:54,23.9,23.8,300,24.1,600,0,71100
HINDUNILVR30Jan201980CE.NFO,07/01/2020,11:04:01,23.9,23.8,300,24.15,300,0,71100
HINDUNILVR30Jan201980CE.NFO,07/01/2020,11:04:07,23.9,23.85,900,24.1,300,0,71100
HINDUNILVR30Jan201980CE.NFO,07/01/2020,11:04:14,23.9,23.9,300,24.15,300,0,71100
HINDUNILVR30Jan201980CE.NFO,07/01/2020,11:04:20,23.9,23.9,300,24.2,1800,0,71100
HINDUNILVR30Jan201980CE.NFO,07/01/2020,11:04:26,23.9,24.1,300,24.2,1500,0,71100
HINDUNILVR30Jan201980CE.NFO,07/01/2020,11:04:40,24.2,23.95,300,24.2,1500,300,71100
HINDUNILVR30Jan201980CE.NFO,07/01/2020,11:04:47,24.2,23.95,300,24.2,1500,0,71100
HINDUNILVR30Jan201980CE.NFO,07/01/2020,11:05:01,24.2,23.9,300,24.2,300,900,71100
HINDUNILVR30Jan201980CE.NFO,07/01/2020,11:05:08,24.2,24,600,24.2,300,0,71100
HINDUNILVR30Jan201980CE.NFO,07/01/2020,11:05:14,24.2,23.95,300,24.2,600,0,71100
HINDUNILVR30Jan201980CE.NFO,07/01/2020,11:05:22,24.2,23.95,300,24.2,2100,0,71100
HINDUNILVR30Jan201980CE.NFO,07/01/2020,11:05:35,24.2,23.95,300,24.2,1800,0,71100
HINDUNILVR30Jan201980CE.NFO,07/01/2020,11:05:49,24.2,23.95,300,24.2,2100,0,71100
HINDUNILVR30Jan201980CE.NFO,07/01/2020,11:05:56,24.2,24,600,24.2,600,1200,70200
HINDUNILVR30Jan201980CE.NFO,07/01/2020,11:06:03,24.4,24.15,300,24.45,300,900,70200
HINDUNILVR30Jan201980CE.NFO,07/01/2020,11:06:10,24.4,24.05,300,24.45,600,0,70200
HINDUNILVR30Jan201980CE.NFO,07/01/2020,11:06:17,24.4,24.15,900,24.45,300,0,70200
HINDUNILVR30Jan201980CE.NFO,07/01/2020,11:06:23,24.4,24.25,300,24.55,300,0,70200
HINDUNILVR30Jan201980CE.NFO,07/01/2020,11:06:34,24.4,24.25,300,24.6,300,0,70200
HINDUNILVR30Jan201980CE.NFO,07/01/2020,11:06:39,24.4,24.25,300,24.55,600,0,70200
HINDUNILVR30Jan201980CE.NFO,07/01/2020,11:06:44,24.4,23.85,300,24.2,300,0,70200
HINDUNILVR30Jan201980CE.NFO,07/01/2020,11:07:05,24.4,23.9,300,24.25,300,0,70200
HINDUNILVR30Jan201980CE.NFO,07/01/2020,11:07:10,24.4,23.9,300,24.25,900,0,70200
HINDUNILVR30Jan201980CE.NFO,07/01/2020,11:07:31,24.4,23.6,300,23.95,600,0,70200
HINDUNILVR30Jan201980CE.NFO,07/01/2020,11:07:36,24.4,23.9,300,24.25,600,0,70200
HINDUNILVR30Jan201980CE.NFO,07/01/2020,11:07:42,24.4,23.4,300,23.9,600,0,70200
HINDUNILVR30Jan201980CE.NFO,07/01/2020,11:07:48,24.4,23.4,600,23.9,900,0,70200
HINDUNILVR30Jan201980CE.NFO,07/01/2020,11:07:58,24.4,23.4,300,23.85,900,0,70200
HINDUNILVR30Jan201980CE.NFO,07/01/2020,11:08:03,24.4,23.45,300,23.85,300,0,70200
HINDUNILVR30Jan201980CE.NFO,07/01/2020,11:08:08,24.4,23.45,600,23.85,300,0,70200
HINDUNILVR30Jan201980CE.NFO,07/01/2020,11:08:12,23.7,23.5,600,23.95,300,300,70200
HINDUNILVR30Jan201980CE.NFO,07/01/2020,11:08:13,23.7,23.5,600,23.9,300,0,70200
HINDUNILVR30Jan201980CE.NFO,07/01/2020,11:08:15,23.7,23.5,600,24,300,0,70200
HINDUNILVR30Jan201980CE.NFO,07/01/2020,11:08:16,23.7,23.5,600,23.95,300,0,70200
HINDUNILVR30Jan201980CE.NFO,07/01/2020,11:08:19,23.7,23.5,600,23.9,300,0,70200
HINDUNILVR30Jan201980CE.NFO,07/01/2020,11:08:21,23.7,23.5,600,23.95,300,0,70200
HINDUNILVR30Jan201980CE.NFO,07/01/2020,11:08:22,23.7,23.4,300,23.8,600,0,70200
HINDUNILVR30Jan201980CE.NFO,07/01/2020,11:08:25,23.7,23.45,600,23.95,300,0,70200
HINDUNILVR30Jan201980CE.NFO,07/01/2020,11:08:25,23.7,23.45,600,23.85,300,0,70200
HINDUNILVR30Jan201980CE.NFO,07/01/2020,11:08:26,23.7,23.45,300,23.9,300,0,70200
HINDUNILVR30Jan201980CE.NFO,07/01/2020,11:08:29,23.7,23.3,300,23.75,300,0,70200
HINDUNILVR30Jan201980CE.NFO,07/01/2020,11:08:30,23.7,23.3,600,23.75,300,0,70200
HINDUNILVR30Jan201980CE.NFO,07/01/2020,11:08:31,23.7,23.3,300,23.75,300,0,70200
HINDUNILVR30Jan201980CE.NFO,07/01/2020,11:08:33,23.7,23.3,300,23.7,300,0,70200
HINDUNILVR30Jan201980CE.NFO,07/01/2020,11:08:34,23.7,23.25,600,23.7,300,0,70200
HINDUNILVR30Jan201980CE.NFO,07/01/2020,11:08:35,23.7,23.25,600,23.75,300,0,70200
HINDUNILVR30Jan201980CE.NFO,07/01/2020,11:08:36,23.7,23.25,600,23.7,300,0,70200
HINDUNILVR30Jan201980CE.NFO,07/01/2020,11:08:37,23.7,23.25,600,23.75,300,0,70200
HINDUNILVR30Jan201980CE.NFO,07/01/2020,11:08:38,23.7,23.25,600,23.7,300,0,70200
HINDUNILVR30Jan201980CE.NFO,07/01/2020,11:08:39,23.7,23.4,900,23.75,300,0,70200
HINDUNILVR30Jan201980CE.NFO,07/01/2020,11:08:40,23.7,23.3,300,23.75,300,0,70200
HINDUNILVR30Jan201980CE.NFO,07/01/2020,11:08:45,23.7,23.25,600,23.7,300,0,70200
HINDUNILVR30Jan201980CE.NFO,07/01/2020,11:08:46,23.7,23.3,300,23.75,300,0,70200
HINDUNILVR30Jan201980CE.NFO,07/01/2020,11:08:47,23.7,23.3,300,23.7,300,0,70200
HINDUNILVR30Jan201980CE.NFO,07/01/2020,11:08:48,23.7,23.3,300,23.8,300,0,70200
HINDUNILVR30Jan201980CE.NFO,07/01/2020,11:08:49,23.7,23.25,600,23.8,300,0,70200
HINDUNILVR30Jan201980CE.NFO,07/01/2020,11:08:50,23.7,23.25,900,23.8,300,0,70200
HINDUNILVR30Jan201980CE.NFO,07/01/2020,11:08:51,23.7,23.25,300,23.8,600,0,70200
HINDUNILVR30Jan201980CE.NFO,07/01/2020,11:08:52,23.7,23.25,300,23.8,300,0,70200
HINDUNILVR30Jan201980CE.NFO,07/01/2020,11:08:54,23.7,23.25,300,23.75,300,0,70200
HINDUNILVR30Jan201980CE.NFO,07/01/2020,11:08:55,23.7,23.25,300,23.7,600,0,70200
HINDUNILVR30Jan201980CE.NFO,07/01/2020,11:08:56,23.7,23.25,300,23.7,300,0,70200
HINDUNILVR30Jan201980CE.NFO,07/01/2020,11:09:01,23.7,23.3,300,23.8,300,0,70200
HINDUNILVR30Jan201980CE.NFO,07/01/2020,11:09:02,23.7,23.4,900,23.8,300,0,70200
HINDUNILVR30Jan201980CE.NFO,07/01/2020,11:09:03,23.7,23.25,600,23.75,300,0,70200
HINDUNILVR30Jan201980CE.NFO,07/01/2020,11:09:08,23.7,23.3,600,23.9,300,0,70200
HINDUNILVR30Jan201980CE.NFO,07/01/2020,11:09:10,23.7,23.4,300,23.95,600,0,70200
HINDUNILVR30Jan201980CE.NFO,07/01/2020,11:09:11,23.7,23.4,300,23.95,300,0,70200
HINDUNILVR30Jan201980CE.NFO,07/01/2020,11:09:16,23.7,23.4,600,23.9,600,0,70200
HINDUNILVR30Jan201980CE.NFO,07/01/2020,11:09:16,23.7,23.4,600,23.9,300,0,70200
HINDUNILVR30Jan201980CE.NFO,07/01/2020,11:09:18,23.7,23.4,300,23.9,300,0,70200
HINDUNILVR30Jan201980CE.NFO,07/01/2020,11:09:18,23.7,23.35,300,23.9,300,0,70200
HINDUNILVR30Jan201980CE.NFO,07/01/2020,11:09:19,23.7,23.4,300,23.95,300,0,70200
HINDUNILVR30Jan201980CE.NFO,07/01/2020,11:09:23,23.7,23.45,600,23.95,300,0,70200
HINDUNILVR30Jan201980CE.NFO,07/01/2020,11:09:25,23.7,23.6,900,24,300,0,70200
HINDUNILVR30Jan201980CE.NFO,07/01/2020,11:09:25,23.7,23.5,900,23.95,300,0,70200
HINDUNILVR30Jan201980CE.NFO,07/01/2020,11:09:26,23.7,23.4,300,23.9,300,0,70200
HINDUNILVR30Jan201980CE.NFO,07/01/2020,11:09:27,23.7,23.4,600,23.9,300,0,70200
HINDUNILVR30Jan201980CE.NFO,07/01/2020,11:09:28,23.7,23.4,600,23.95,300,0,70200
HINDUNILVR30Jan201980CE.NFO,07/01/2020,11:09:35,23.7,23.4,600,23.95,600,0,70200
HINDUNILVR30Jan201980CE.NFO,07/01/2020,11:09:36,23.7,23.4,300,23.9,300,0,70200
HINDUNILVR30Jan201980CE.NFO,07/01/2020,11:09:39,23.7,23.4,600,23.95,300,0,70200
HINDUNILVR30Jan201980CE.NFO,07/01/2020,11:09:39,23.7,23.45,300,23.95,300,0,70200
HINDUNILVR30Jan201980CE.NFO,07/01/2020,11:09:40,23.7,23.5,300,23.95,300,0,70200
HINDUNILVR30Jan201980CE.NFO,07/01/2020,11:09:43,23.7,23.45,600,24,900,0,70200
HINDUNILVR30Jan201980CE.NFO,07/01/2020,11:09:44,23.7,23.6,900,24.05,600,0,70200
HINDUNILVR30Jan201980CE.NFO,07/01/2020,11:09:49,23.7,23.55,900,24.05,600,0,70200
HINDUNILVR30Jan201980CE.NFO,07/01/2020,11:09:55,23.7,23.5,300,24,300,0,70200
HINDUNILVR30Jan201980CE.NFO,07/01/2020,11:10:00,23.7,23.55,300,24.05,300,0,70200
HINDUNILVR30Jan201980CE.NFO,07/01/2020,11:10:01,23.7,23.5,300,24,300,0,70200
HINDUNILVR30Jan201980CE.NFO,07/01/2020,11:10:02,23.7,23.5,300,24.05,300,0,70200
HINDUNILVR30Jan201980CE.NFO,07/01/2020,11:10:25,23.7,23.4,900,23.9,300,0,70200
HINDUNILVR30Jan201980CE.NFO,07/01/2020,11:10:30,23.7,23.35,600,23.85,300,0,70200
HINDUNILVR30Jan201980CE.NFO,07/01/2020,11:10:42,23.7,23.4,300,23.85,300,0,70200
HINDUNILVR30Jan201980CE.NFO,07/01/2020,11:10:46,23.7,23.3,300,23.8,300,0,70200
HINDUNILVR30Jan201980CE.NFO,07/01/2020,11:10:50,23.7,23.45,900,23.85,300,0,70200
HINDUNILVR30Jan201980CE.NFO,07/01/2020,11:10:53,23.7,23.4,900,23.85,300,0,70200
HINDUNILVR30Jan201980CE.NFO,07/01/2020,11:11:01,23.7,23.25,300,23.65,300,0,70200
HINDUNILVR30Jan201980CE.NFO,07/01/2020,11:11:12,23.7,23.25,300,23.65,600,0,70200
HINDUNILVR30Jan201980CE.NFO,07/01/2020,11:11:18,23.7,23.25,300,23.55,600,0,70200
HINDUNILVR30Jan201980CE.NFO,07/01/2020,11:11:24,23.7,23.25,300,23.5,300,0,70200
HINDUNILVR30Jan201980CE.NFO,07/01/2020,11:11:31,23.25,23.1,300,23.4,600,300,68700
HINDUNILVR30Jan201980CE.NFO,07/01/2020,11:11:39,22.95,22.95,300,23.4,600,600,68700
HINDUNILVR30Jan201980CE.NFO,07/01/2020,11:11:39,22.95,22.95,300,23.4,600,0,68700
HINDUNILVR30Jan201980CE.NFO,07/01/2020,11:11:46,22.95,23.15,900,23.55,300,0,68700
HINDUNILVR30Jan201980CE.NFO,07/01/2020,11:11:52,22.95,23.05,1500,23.6,300,0,68700
HINDUNILVR30Jan201980CE.NFO,07/01/2020,11:12:06,22.95,23,1500,23.35,300,0,68700
HINDUNILVR30Jan201980CE.NFO,07/01/2020,11:12:13,22.95,23.05,300,23.35,300,0,68700
HINDUNILVR30Jan201980CE.NFO,07/01/2020,11:12:13,22.95,23,1500,23.4,600,0,68700
HINDUNILVR30Jan201980CE.NFO,07/01/2020,11:12:18,22.95,23,1200,23.4,600,0,68700
HINDUNILVR30Jan201980CE.NFO,07/01/2020,11:12:19,22.95,23.05,300,23.4,600,0,68700
HINDUNILVR30Jan201980CE.NFO,07/01/2020,11:12:21,22.95,22.95,600,23.25,300,0,68700
HINDUNILVR30Jan201980CE.NFO,07/01/2020,11:12:22,22.95,22.95,600,23.35,300,0,68700
HINDUNILVR30Jan201980CE.NFO,07/01/2020,11:12:23,22.95,22.95,600,23.3,300,0,68700
HINDUNILVR30Jan201980CE.NFO,07/01/2020,11:12:26,22.95,23.05,300,23.4,300,0,68700
HINDUNILVR30Jan201980CE.NFO,07/01/2020,11:12:28,22.95,23.2,900,23.45,300,0,68700
HINDUNILVR30Jan201980CE.NFO,07/01/2020,11:12:28,22.95,23.2,900,23.5,300,0,68700
HINDUNILVR30Jan201980CE.NFO,07/01/2020,11:12:30,22.95,23.1,1200,23.45,300,0,68700
HINDUNILVR30Jan201980CE.NFO,07/01/2020,11:12:31,22.95,23.05,900,23.3,300,0,68700
HINDUNILVR30Jan201980CE.NFO,07/01/2020,11:12:32,22.95,23.05,900,23.35,300,0,68700
HINDUNILVR30Jan201980CE.NFO,07/01/2020,11:12:41,22.95,23.05,900,23.4,300,0,68700
HINDUNILVR30Jan201980CE.NFO,07/01/2020,11:12:43,22.95,23,900,23.3,300,0,68700
HINDUNILVR30Jan201980CE.NFO,07/01/2020,11:12:46,22.95,23,900,23.25,300,0,68700
HINDUNILVR30Jan201980CE.NFO,07/01/2020,11:12:48,22.95,23,900,23.3,300,0,68700
HINDUNILVR30Jan201980CE.NFO,07/01/2020,11:12:51,22.95,23,900,23.25,600,0,68700
HINDUNILVR30Jan201980CE.NFO,07/01/2020,11:12:53,22.95,22.9,300,23.2,600,0,68700
HINDUNILVR30Jan201980CE.NFO,07/01/2020,11:12:54,22.95,22.8,900,23.2,600,0,68700
HINDUNILVR30Jan201980CE.NFO,07/01/2020,11:12:57,22.95,22.8,600,23.2,600,0,68700
HINDUNILVR30Jan201980CE.NFO,07/01/2020,11:13:03,22.95,22.8,300,23.2,600,0,68700
HINDUNILVR30Jan201980CE.NFO,07/01/2020,11:13:11,22.95,22.8,300,23.25,300,0,68700
HINDUNILVR30Jan201980CE.NFO,07/01/2020,11:13:12,22.95,22.8,300,23.2,300,0,68700
HINDUNILVR30Jan201980CE.NFO,07/01/2020,11:13:18,22.95,22.8,300,23.25,300,0,68700
HINDUNILVR30Jan201980CE.NFO,07/01/2020,11:13:24,22.95,22.95,900,23.25,600,0,68700
HINDUNILVR30Jan201980CE.NFO,07/01/2020,11:13:29,22.95,23,600,23.35,300,0,68700
HINDUNILVR30Jan201980CE.NFO,07/01/2020,11:13:41,22.95,23,300,23.3,300,0,68700
HINDUNILVR30Jan201980CE.NFO,07/01/2020,11:13:47,22.95,23,600,23.35,300,0,68700
HINDUNILVR30Jan201980CE.NFO,07/01/2020,11:13:53,22.95,23.25,900,23.4,300,0,68700
HINDUNILVR30Jan201980CE.NFO,07/01/2020,11:13:59,22.95,23.15,900,23.5,600,0,68700
HINDUNILVR30Jan201980CE.NFO,07/01/2020,11:14:04,22.95,23.15,900,23.5,300,0,68700
HINDUNILVR30Jan201980CE.NFO,07/01/2020,11:14:15,22.95,23.3,900,23.65,600,0,68700
HINDUNILVR30Jan201980CE.NFO,07/01/2020,11:14:21,22.95,23.3,900,23.6,300,0,68700
