Ticker,Date,Time,LTP,BuyPrice,BuyQty,SellPrice,SellQty,LTQ,OpenInterest
HINDALCO30Jan20220PE.NFO,07/01/2020,09:17:20,10.5,10.05,3500,10.7,7000,3500,374500
HINDALCO30Jan20220PE.NFO,07/01/2020,09:17:20,10.5,10.05,3500,10.7,7000,0,374500
HINDALCO30Jan20220PE.NFO,07/01/2020,09:17:20,10.5,10.05,3500,10.7,7000,0,374500
HINDALCO30Jan20220PE.NFO,07/01/2020,09:17:20,10.5,10.05,3500,10.7,7000,0,374500
HINDALCO30Jan20220PE.NFO,07/01/2020,09:17:29,10.5,9.85,38500,10.4,3500,0,374500
HINDALCO30Jan20220PE.NFO,07/01/2020,09:17:39,10.05,10,7000,10.5,14000,3500,374500
HINDALCO30Jan20220PE.NFO,07/01/2020,09:17:39,10.05,10,7000,10.5,14000,0,374500
HINDALCO30Jan20220PE.NFO,07/01/2020,09:17:48,10.05,10.05,31500,10.7,7000,0,374500
HINDALCO30Jan20220PE.NFO,07/01/2020,09:17:58,10.05,9.95,7000,10.45,3500,0,374500
HINDALCO30Jan20220PE.NFO,07/01/2020,09:18:07,10.05,10.05,3500,10.5,3500,0,374500
HINDALCO30Jan20220PE.NFO,07/01/2020,09:18:15,10.05,10.1,10500,10.6,7000,0,374500
HINDALCO30Jan20220PE.NFO,07/01/2020,09:18:23,10.05,10.15,3500,10.65,7000,0,374500
HINDALCO30Jan20220PE.NFO,07/01/2020,09:18:30,10.05,10.25,7000,10.75,3500,0,374500
HINDALCO30Jan20220PE.NFO,07/01/2020,09:18:37,10.05,10.3,17500,10.8,7000,0,374500
HINDALCO30Jan20220PE.NFO,07/01/2020,09:18:45,10.05,10.35,7000,10.7,3500,0,374500
HINDALCO30Jan20220PE.NFO,07/01/2020,09:18:53,10.05,10.4,3500,10.75,3500,0,374500
HINDALCO30Jan20220PE.NFO,07/01/2020,09:19:00,10.05,10.35,7000,10.75,3500,0,374500
HINDALCO30Jan20220PE.NFO,07/01/2020,09:19:07,10.05,10.4,3500,10.75,3500,0,374500
HINDALCO30Jan20220PE.NFO,07/01/2020,09:19:13,10.05,10.4,10500,10.8,7000,0,374500
HINDALCO30Jan20220PE.NFO,07/01/2020,09:19:20,10.05,10.2,28000,10.75,3500,0,374500
HINDALCO30Jan20220PE.NFO,07/01/2020,09:19:27,10.05,10.3,3500,10.9,3500,0,374500
HINDALCO30Jan20220PE.NFO,07/01/2020,09:19:34,10.05,10.4,3500,10.85,3500,0,374500
HINDALCO30Jan20220PE.NFO,07/01/2020,09:19:41,10.05,10.5,3500,10.85,3500,0,374500
HINDALCO30Jan20220PE.NFO,07/01/2020,09:19:49,10.05,10.5,3500,10.9,3500,0,374500
HINDALCO30Jan20220PE.NFO,07/01/2020,09:19:55,10.05,10.4,3500,10.95,3500,0,374500
HINDALCO30Jan20220PE.NFO,07/01/2020,09:20:01,10.05,10.3,10500,10.85,3500,0,374500
HINDALCO30Jan20220PE.NFO,07/01/2020,09:20:20,10.05,10.4,3500,10.9,3500,0,374500
HINDALCO30Jan20220PE.NFO,07/01/2020,09:20:27,10.05,10.5,3500,10.85,3500,0,374500
HINDALCO30Jan20220PE.NFO,07/01/2020,09:20:33,10.05,10.3,45500,10.9,3500,0,374500
HINDALCO30Jan20220PE.NFO,07/01/2020,09:20:40,10.05,10.5,7000,10.9,3500,0,374500
HINDALCO30Jan20220PE.NFO,07/01/2020,09:20:46,10.05,10.25,3500,10.65,3500,0,374500
HINDALCO30Jan20220PE.NFO,07/01/2020,09:20:52,10.05,10.35,3500,10.65,3500,0,374500
HINDALCO30Jan20220PE.NFO,07/01/2020,09:20:58,10.05,10.1,17500,10.55,3500,0,374500
HINDALCO30Jan20220PE.NFO,07/01/2020,09:21:05,10.05,10.3,7000,10.75,7000,0,374500
HINDALCO30Jan20220PE.NFO,07/01/2020,09:21:13,10.05,10.4,7000,10.75,7000,0,374500
HINDALCO30Jan20220PE.NFO,07/01/2020,09:21:21,10.05,10.25,7000,10.65,3500,0,374500
HINDALCO30Jan20220PE.NFO,07/01/2020,09:21:28,10.05,10.35,7000,10.8,3500,0,374500
HINDALCO30Jan20220PE.NFO,07/01/2020,09:21:35,10.05,10.5,7000,10.8,3500,0,374500
HINDALCO30Jan20220PE.NFO,07/01/2020,09:21:41,10.05,10.45,7000,10.8,3500,0,374500
HINDALCO30Jan20220PE.NFO,07/01/2020,09:21:47,10.05,10.4,7000,10.75,7000,0,374500
HINDALCO30Jan20220PE.NFO,07/01/2020,09:21:54,10.05,10.2,17500,10.75,7000,0,374500
HINDALCO30Jan20220PE.NFO,07/01/2020,09:22:01,10.05,10.3,7000,10.75,7000,0,374500
HINDALCO30Jan20220PE.NFO,07/01/2020,09:22:07,10.05,10.45,7000,10.75,3500,0,374500
HINDALCO30Jan20220PE.NFO,07/01/2020,09:22:14,10.05,10.5,7000,10.9,7000,0,374500
HINDALCO30Jan20220PE.NFO,07/01/2020,09:22:21,10.05,10.45,7000,10.9,10500,0,374500
HINDALCO30Jan20220PE.NFO,07/01/2020,09:22:28,10.05,10.3,10500,10.85,3500,0,374500
HINDALCO30Jan20220PE.NFO,07/01/2020,09:22:35,10.05,10.55,7000,10.9,3500,0,374500
HINDALCO30Jan20220PE.NFO,07/01/2020,09:22:47,10.05,10.6,7000,11,10500,0,374500
HINDALCO30Jan20220PE.NFO,07/01/2020,09:22:54,10.05,10.6,7000,10.95,3500,0,374500
HINDALCO30Jan20220PE.NFO,07/01/2020,09:23:00,10.05,10.5,7000,10.85,3500,0,374500
HINDALCO30Jan20220PE.NFO,07/01/2020,09:23:06,10.05,10.5,7000,10.9,7000,0,374500
HINDALCO30Jan20220PE.NFO,07/01/2020,09:23:12,10.05,10.45,7000,10.9,14000,0,374500
HINDALCO30Jan20220PE.NFO,07/01/2020,09:23:17,10.05,10.35,10500,10.75,3500,0,374500
HINDALCO30Jan20220PE.NFO,07/01/2020,09:23:24,10.05,10.35,10500,10.7,3500,0,374500
HINDALCO30Jan20220PE.NFO,07/01/2020,09:23:30,10.05,10.15,24500,10.7,7000,0,374500
HINDALCO30Jan20220PE.NFO,07/01/2020,09:23:42,10.05,10.45,7000,10.85,3500,0,374500
HINDALCO30Jan20220PE.NFO,07/01/2020,09:23:48,10.05,10.45,7000,10.8,3500,0,374500
HINDALCO30Jan20220PE.NFO,07/01/2020,09:23:54,10.05,10.45,3500,10.7,3500,0,374500
HINDALCO30Jan20220PE.NFO,07/01/2020,09:24:00,10.05,10.35,3500,10.7,7000,0,374500
HINDALCO30Jan20220PE.NFO,07/01/2020,09:24:06,10.05,10.4,3500,10.75,3500,0,374500
HINDALCO30Jan20220PE.NFO,07/01/2020,09:24:12,10.05,10.4,3500,10.7,3500,0,374500
HINDALCO30Jan20220PE.NFO,07/01/2020,09:24:18,10.05,10.4,3500,10.7,7000,0,374500
HINDALCO30Jan20220PE.NFO,07/01/2020,09:24:23,10.05,10.35,3500,10.65,3500,0,374500
HINDALCO30Jan20220PE.NFO,07/01/2020,09:24:40,10.05,10.35,3500,10.65,7000,0,374500
HINDALCO30Jan20220PE.NFO,07/01/2020,09:24:45,10.05,10.3,3500,10.6,7000,0,374500
HINDALCO30Jan20220PE.NFO,07/01/2020,09:24:51,10.05,10.3,3500,10.65,3500,0,374500
HINDALCO30Jan20220PE.NFO,07/01/2020,09:24:57,10.05,10.5,3500,10.8,7000,0,374500
HINDALCO30Jan20220PE.NFO,07/01/2020,09:25:03,10.05,10.55,3500,10.85,7000,0,374500
HINDALCO30Jan20220PE.NFO,07/01/2020,09:25:09,10.05,10.6,3500,10.9,3500,0,374500
HINDALCO30Jan20220PE.NFO,07/01/2020,09:25:15,10.05,10.6,3500,10.9,7000,0,374500
HINDALCO30Jan20220PE.NFO,07/01/2020,09:25:22,10.05,10.65,17500,10.95,7000,0,374500
HINDALCO30Jan20220PE.NFO,07/01/2020,09:25:28,10.05,10.65,3500,10.95,7000,0,374500
HINDALCO30Jan20220PE.NFO,07/01/2020,09:25:34,10.05,10.7,14000,11,3500,0,374500
HINDALCO30Jan20220PE.NFO,07/01/2020,09:25:40,10.05,10.8,3500,11.1,3500,0,374500
HINDALCO30Jan20220PE.NFO,07/01/2020,09:25:47,10.05,10.75,10500,11.05,3500,0,374500
HINDALCO30Jan20220PE.NFO,07/01/2020,09:26:01,10.05,10.85,10500,11.15,3500,0,374500
HINDALCO30Jan20220PE.NFO,07/01/2020,09:26:08,10.05,10.9,10500,11.2,3500,0,374500
HINDALCO30Jan20220PE.NFO,07/01/2020,09:26:21,10.05,10.9,3500,11.2,3500,0,374500
HINDALCO30Jan20220PE.NFO,07/01/2020,09:26:27,10.05,10.9,7000,11.2,3500,0,374500
HINDALCO30Jan20220PE.NFO,07/01/2020,09:26:32,10.05,10.85,3500,11.1,3500,0,374500
HINDALCO30Jan20220PE.NFO,07/01/2020,09:26:38,10.05,11,3500,11.2,3500,0,374500
HINDALCO30Jan20220PE.NFO,07/01/2020,09:26:49,10.05,11.1,3500,11.3,3500,0,374500
HINDALCO30Jan20220PE.NFO,07/01/2020,09:26:55,10.05,10.95,3500,11.25,3500,0,374500
HINDALCO30Jan20220PE.NFO,07/01/2020,09:27:01,10.05,11,3500,11.25,3500,0,374500
HINDALCO30Jan20220PE.NFO,07/01/2020,09:27:07,10.05,11.1,3500,11.3,3500,0,374500
HINDALCO30Jan20220PE.NFO,07/01/2020,09:27:17,10.05,11.05,14000,11.3,3500,0,374500
HINDALCO30Jan20220PE.NFO,07/01/2020,09:27:23,10.05,11.2,3500,11.35,3500,0,374500
HINDALCO30Jan20220PE.NFO,07/01/2020,09:27:29,10.05,11.1,3500,11.35,14000,0,374500
HINDALCO30Jan20220PE.NFO,07/01/2020,09:27:35,10.05,11.1,3500,11.35,7000,0,374500
HINDALCO30Jan20220PE.NFO,07/01/2020,09:27:41,10.05,11.15,3500,11.35,3500,0,374500
HINDALCO30Jan20220PE.NFO,07/01/2020,09:27:47,10.05,11.15,3500,11.45,3500,0,374500
HINDALCO30Jan20220PE.NFO,07/01/2020,09:28:08,10.05,11.35,7000,11.6,3500,0,374500
HINDALCO30Jan20220PE.NFO,07/01/2020,09:28:14,10.05,11.25,14000,11.6,3500,0,374500
HINDALCO30Jan20220PE.NFO,07/01/2020,09:28:19,10.05,11.4,7000,11.7,3500,0,374500
HINDALCO30Jan20220PE.NFO,07/01/2020,09:28:24,10.05,11.3,7000,11.6,3500,0,374500
HINDALCO30Jan20220PE.NFO,07/01/2020,09:28:30,10.05,11.35,3500,11.75,3500,0,374500
HINDALCO30Jan20220PE.NFO,07/01/2020,09:28:36,10.05,11.4,14000,11.75,3500,0,374500
HINDALCO30Jan20220PE.NFO,07/01/2020,09:28:41,10.05,11.35,14000,11.75,3500,0,374500
HINDALCO30Jan20220PE.NFO,07/01/2020,09:28:46,10.05,11.3,7000,11.55,3500,0,374500
HINDALCO30Jan20220PE.NFO,07/01/2020,09:28:52,10.05,11.25,17500,11.65,3500,0,374500
HINDALCO30Jan20220PE.NFO,07/01/2020,09:29:03,10.05,11.2,3500,11.65,3500,0,374500
HINDALCO30Jan20220PE.NFO,07/01/2020,09:29:08,10.05,11.2,17500,11.55,3500,0,374500
HINDALCO30Jan20220PE.NFO,07/01/2020,09:29:19,10.05,11.25,7000,11.55,3500,0,374500
HINDALCO30Jan20220PE.NFO,07/01/2020,09:29:25,10.05,11.3,7000,11.7,3500,0,374500
HINDALCO30Jan20220PE.NFO,07/01/2020,09:29:31,10.05,11.25,14000,11.7,7000,0,374500
HINDALCO30Jan20220PE.NFO,07/01/2020,09:29:51,10.05,11.2,17500,11.6,3500,0,374500
HINDALCO30Jan20220PE.NFO,07/01/2020,09:30:04,10.05,11.15,21000,11.6,3500,0,374500
HINDALCO30Jan20220PE.NFO,07/01/2020,09:30:20,10.05,11.35,7000,11.6,3500,0,374500
HINDALCO30Jan20220PE.NFO,07/01/2020,09:30:25,10.05,11.35,7000,11.7,3500,0,374500
HINDALCO30Jan20220PE.NFO,07/01/2020,09:30:30,10.05,11.3,7000,11.6,3500,0,374500
HINDALCO30Jan20220PE.NFO,07/01/2020,09:30:35,10.05,11.25,7000,11.6,3500,0,374500
HINDALCO30Jan20220PE.NFO,07/01/2020,09:30:40,10.05,11.3,7000,11.6,3500,0,374500
HINDALCO30Jan20220PE.NFO,07/01/2020,09:30:59,10.05,11.15,17500,11.6,3500,0,374500
HINDALCO30Jan20220PE.NFO,07/01/2020,09:31:05,10.05,11.15,17500,11.55,3500,0,374500
HINDALCO30Jan20220PE.NFO,07/01/2020,09:31:11,10.05,11.15,17500,11.5,3500,0,374500
HINDALCO30Jan20220PE.NFO,07/01/2020,09:31:17,10.05,11.25,7000,11.6,3500,0,374500
HINDALCO30Jan20220PE.NFO,07/01/2020,09:31:29,10.05,11.3,7000,11.7,3500,0,374500
HINDALCO30Jan20220PE.NFO,07/01/2020,09:31:34,10.05,11.45,7000,11.75,3500,0,374500
HINDALCO30Jan20220PE.NFO,07/01/2020,09:31:40,10.05,11.4,7000,11.8,7000,0,374500
HINDALCO30Jan20220PE.NFO,07/01/2020,09:31:46,10.05,11.25,17500,11.7,3500,0,374500
HINDALCO30Jan20220PE.NFO,07/01/2020,09:31:51,10.05,11.25,7000,11.7,7000,0,374500
HINDALCO30Jan20220PE.NFO,07/01/2020,09:31:56,10.05,11.05,17500,11.5,3500,0,374500
HINDALCO30Jan20220PE.NFO,07/01/2020,09:32:13,10.05,11.2,7000,11.55,3500,0,374500
HINDALCO30Jan20220PE.NFO,07/01/2020,09:32:18,10.05,11.15,7000,11.55,3500,0,374500
HINDALCO30Jan20220PE.NFO,07/01/2020,09:32:25,10.05,11.2,7000,11.55,3500,0,374500
HINDALCO30Jan20220PE.NFO,07/01/2020,09:32:31,10.05,11.15,7000,11.5,3500,0,374500
HINDALCO30Jan20220PE.NFO,07/01/2020,09:32:36,10.05,11.25,7000,11.6,3500,0,374500
HINDALCO30Jan20220PE.NFO,07/01/2020,09:32:42,10.05,11.25,7000,11.55,7000,0,374500
HINDALCO30Jan20220PE.NFO,07/01/2020,09:32:48,10.05,11.3,7000,11.55,3500,0,374500
HINDALCO30Jan20220PE.NFO,07/01/2020,09:32:54,10.05,11.25,7000,11.55,3500,0,374500
HINDALCO30Jan20220PE.NFO,07/01/2020,09:33:05,10.05,11.35,7000,11.75,3500,0,374500
HINDALCO30Jan20220PE.NFO,07/01/2020,09:33:11,10.05,11.4,7000,11.75,3500,0,374500
HINDALCO30Jan20220PE.NFO,07/01/2020,09:33:22,10.05,11.5,7000,11.85,3500,0,374500
HINDALCO30Jan20220PE.NFO,07/01/2020,09:33:32,10.05,11.6,7000,11.85,3500,0,374500
HINDALCO30Jan20220PE.NFO,07/01/2020,09:33:42,10.05,11.65,7000,11.85,3500,0,374500
HINDALCO30Jan20220PE.NFO,07/01/2020,09:33:47,10.05,11.35,17500,11.85,3500,0,374500
HINDALCO30Jan20220PE.NFO,07/01/2020,09:34:01,10.05,11.35,14000,11.75,3500,0,374500
HINDALCO30Jan20220PE.NFO,07/01/2020,09:34:06,10.05,11.45,7000,11.75,3500,0,374500
HINDALCO30Jan20220PE.NFO,07/01/2020,09:34:11,10.05,11.5,7000,11.75,3500,0,374500
HINDALCO30Jan20220PE.NFO,07/01/2020,09:34:21,10.05,11.55,7000,11.75,3500,0,374500
HINDALCO30Jan20220PE.NFO,07/01/2020,09:34:33,11.65,11.65,7000,11.95,3500,3500,371000
HINDALCO30Jan20220PE.NFO,07/01/2020,09:34:33,11.65,11.65,7000,11.95,3500,0,371000
HINDALCO30Jan20220PE.NFO,07/01/2020,09:34:39,11.65,11.65,7000,12.1,7000,0,371000
HINDALCO30Jan20220PE.NFO,07/01/2020,09:34:45,11.65,11.7,7000,12.1,3500,0,371000
HINDALCO30Jan20220PE.NFO,07/01/2020,09:34:50,11.65,11.65,7000,12,3500,0,371000
HINDALCO30Jan20220PE.NFO,07/01/2020,09:34:55,11.65,11.75,7000,12,3500,0,371000
HINDALCO30Jan20220PE.NFO,07/01/2020,09:35:01,11.65,11.75,7000,12.15,3500,0,371000
HINDALCO30Jan20220PE.NFO,07/01/2020,09:35:12,11.65,11.8,14000,12.25,3500,0,371000
HINDALCO30Jan20220PE.NFO,07/01/2020,09:35:16,11.65,11.95,7000,12.25,3500,0,371000
HINDALCO30Jan20220PE.NFO,07/01/2020,09:35:21,11.65,12,7000,12.25,3500,0,371000
HINDALCO30Jan20220PE.NFO,07/01/2020,09:35:25,11.65,11.75,17500,12.25,3500,0,371000
HINDALCO30Jan20220PE.NFO,07/01/2020,09:35:36,11.65,11.9,7000,12.25,3500,0,371000
HINDALCO30Jan20220PE.NFO,07/01/2020,09:35:41,11.65,11.95,7000,12.25,3500,0,371000
HINDALCO30Jan20220PE.NFO,07/01/2020,09:35:48,11.65,12.2,7000,12.55,3500,0,371000
HINDALCO30Jan20220PE.NFO,07/01/2020,09:35:55,11.65,12.3,7000,12.55,3500,0,371000
HINDALCO30Jan20220PE.NFO,07/01/2020,09:36:00,11.65,12.15,7000,12.55,3500,0,371000
HINDALCO30Jan20220PE.NFO,07/01/2020,09:36:06,11.65,12.2,7000,12.55,3500,0,371000
HINDALCO30Jan20220PE.NFO,07/01/2020,09:36:11,11.65,12.05,7000,12.55,7000,0,371000
HINDALCO30Jan20220PE.NFO,07/01/2020,09:36:17,11.65,12.15,7000,12.45,3500,0,371000
HINDALCO30Jan20220PE.NFO,07/01/2020,09:36:23,11.65,12,7000,12.45,3500,0,371000
HINDALCO30Jan20220PE.NFO,07/01/2020,09:36:28,11.65,12.05,7000,12.45,3500,0,371000
HINDALCO30Jan20220PE.NFO,07/01/2020,09:36:32,11.65,11.95,7000,12.45,3500,0,371000
HINDALCO30Jan20220PE.NFO,07/01/2020,09:36:46,11.65,11.95,7000,12.35,3500,0,371000
HINDALCO30Jan20220PE.NFO,07/01/2020,09:36:51,11.65,11.95,7000,12.3,3500,0,371000
HINDALCO30Jan20220PE.NFO,07/01/2020,09:36:56,11.65,12,7000,12.35,7000,0,371000
HINDALCO30Jan20220PE.NFO,07/01/2020,09:37:00,11.65,11.95,7000,12.35,7000,0,371000
HINDALCO30Jan20220PE.NFO,07/01/2020,09:37:05,11.65,12.05,7000,12.35,3500,0,371000
HINDALCO30Jan20220PE.NFO,07/01/2020,09:37:10,11.65,11.8,31500,12.3,3500,0,371000
HINDALCO30Jan20220PE.NFO,07/01/2020,09:37:14,11.65,11.8,17500,12.3,3500,0,371000
HINDALCO30Jan20220PE.NFO,07/01/2020,09:37:18,11.65,11.95,7000,12.3,3500,0,371000
HINDALCO30Jan20220PE.NFO,07/01/2020,09:37:23,11.65,11.7,42000,12.3,7000,0,371000
HINDALCO30Jan20220PE.NFO,07/01/2020,09:37:28,11.65,11.8,7000,12.2,3500,0,371000
HINDALCO30Jan20220PE.NFO,07/01/2020,09:37:33,11.65,11.9,7000,12.2,3500,0,371000
HINDALCO30Jan20220PE.NFO,07/01/2020,09:37:37,11.65,11.8,7000,12.2,3500,0,371000
HINDALCO30Jan20220PE.NFO,07/01/2020,09:37:41,11.65,11.9,7000,12.2,3500,0,371000
HINDALCO30Jan20220PE.NFO,07/01/2020,09:37:45,11.65,11.95,7000,12.2,3500,0,371000
HINDALCO30Jan20220PE.NFO,07/01/2020,09:37:53,11.65,11.8,7000,12.25,7000,0,371000
HINDALCO30Jan20220PE.NFO,07/01/2020,09:37:58,11.65,11.85,7000,12.2,3500,0,371000
HINDALCO30Jan20220PE.NFO,07/01/2020,09:38:02,11.65,11.75,7000,12.15,3500,0,371000
HINDALCO30Jan20220PE.NFO,07/01/2020,09:38:06,11.65,11.75,7000,12.1,3500,0,371000
HINDALCO30Jan20220PE.NFO,07/01/2020,09:38:15,11.65,11.7,7000,12.1,3500,0,371000
HINDALCO30Jan20220PE.NFO,07/01/2020,09:38:19,11.65,11.75,7000,12.1,3500,0,371000
HINDALCO30Jan20220PE.NFO,07/01/2020,09:38:28,11.65,11.75,7000,12.1,7000,0,371000
HINDALCO30Jan20220PE.NFO,07/01/2020,09:38:32,11.65,11.7,7000,12.1,10500,0,371000
HINDALCO30Jan20220PE.NFO,07/01/2020,09:38:37,11.65,11.75,7000,12.1,7000,0,371000
HINDALCO30Jan20220PE.NFO,07/01/2020,09:38:45,11.65,11.7,7000,12.1,10500,0,371000
HINDALCO30Jan20220PE.NFO,07/01/2020,09:38:50,11.65,11.45,49000,12.1,10500,0,371000
HINDALCO30Jan20220PE.NFO,07/01/2020,09:38:54,11.65,11.75,7000,12.1,10500,0,371000
HINDALCO30Jan20220PE.NFO,07/01/2020,09:38:58,11.65,11.5,45500,12.1,10500,0,371000
HINDALCO30Jan20220PE.NFO,07/01/2020,09:39:02,11.65,11.5,28000,12.05,3500,0,371000
HINDALCO30Jan20220PE.NFO,07/01/2020,09:39:15,11.65,11.5,24500,12.05,3500,0,371000
HINDALCO30Jan20220PE.NFO,07/01/2020,09:39:20,11.65,11.65,7000,12,3500,0,371000
HINDALCO30Jan20220PE.NFO,07/01/2020,09:39:30,11.65,11.65,7000,12.05,3500,0,371000
HINDALCO30Jan20220PE.NFO,07/01/2020,09:39:34,11.65,11.8,7000,12.15,3500,0,371000
HINDALCO30Jan20220PE.NFO,07/01/2020,09:39:47,11.65,11.8,7000,12.1,3500,0,371000
HINDALCO30Jan20220PE.NFO,07/01/2020,09:39:51,11.65,11.85,7000,12.1,3500,0,371000
HINDALCO30Jan20220PE.NFO,07/01/2020,09:39:54,11.65,11.9,7000,12.2,7000,0,371000
HINDALCO30Jan20220PE.NFO,07/01/2020,09:40:02,11.65,11.8,7000,12.1,3500,0,371000
HINDALCO30Jan20220PE.NFO,07/01/2020,09:40:08,11.65,11.5,10500,11.95,3500,0,371000
HINDALCO30Jan20220PE.NFO,07/01/2020,09:40:13,11.65,11.25,24500,11.9,3500,0,371000
HINDALCO30Jan20220PE.NFO,07/01/2020,09:40:18,11.65,11.55,3500,12,3500,0,371000
HINDALCO30Jan20220PE.NFO,07/01/2020,09:40:24,11.65,11.65,7000,12,3500,0,371000
HINDALCO30Jan20220PE.NFO,07/01/2020,09:40:29,11.65,11.7,7000,12,3500,0,371000
HINDALCO30Jan20220PE.NFO,07/01/2020,09:40:33,11.65,11.45,17500,12,7000,0,371000
HINDALCO30Jan20220PE.NFO,07/01/2020,09:40:38,11.65,11.45,17500,11.9,3500,0,371000
HINDALCO30Jan20220PE.NFO,07/01/2020,09:41:02,11.65,11.65,7000,12,3500,0,371000
HINDALCO30Jan20220PE.NFO,07/01/2020,09:41:08,11.65,11.6,7000,11.95,3500,0,371000
HINDALCO30Jan20220PE.NFO,07/01/2020,09:41:13,11.65,11.65,7000,11.95,3500,0,371000
HINDALCO30Jan20220PE.NFO,07/01/2020,09:41:22,11.65,11.6,7000,11.95,7000,0,371000
HINDALCO30Jan20220PE.NFO,07/01/2020,09:41:27,11.65,11.35,21000,11.9,10500,0,371000
HINDALCO30Jan20220PE.NFO,07/01/2020,09:41:32,11.65,11.35,17500,11.8,3500,0,371000
HINDALCO30Jan20220PE.NFO,07/01/2020,09:41:51,11.65,11.1,24500,11.8,7000,0,371000
HINDALCO30Jan20220PE.NFO,07/01/2020,09:41:58,11.65,11.45,7000,11.85,3500,0,371000
HINDALCO30Jan20220PE.NFO,07/01/2020,09:42:04,11.65,11.55,7000,11.9,3500,0,371000
HINDALCO30Jan20220PE.NFO,07/01/2020,09:42:11,11.65,11.35,7000,11.7,3500,0,371000
HINDALCO30Jan20220PE.NFO,07/01/2020,09:42:17,11.65,11.3,7000,11.7,3500,0,371000
HINDALCO30Jan20220PE.NFO,07/01/2020,09:42:24,11.65,11.35,10500,11.7,3500,0,371000
HINDALCO30Jan20220PE.NFO,07/01/2020,09:42:31,11.65,11.35,7000,11.75,3500,0,371000
HINDALCO30Jan20220PE.NFO,07/01/2020,09:42:38,11.65,11.2,10500,11.6,3500,0,371000
HINDALCO30Jan20220PE.NFO,07/01/2020,09:42:44,11.65,11.25,7000,11.6,3500,0,371000
HINDALCO30Jan20220PE.NFO,07/01/2020,09:42:51,11.65,11.3,10500,11.65,7000,0,371000
HINDALCO30Jan20220PE.NFO,07/01/2020,09:42:57,11.65,11.25,7000,11.65,7000,0,371000
HINDALCO30Jan20220PE.NFO,07/01/2020,09:43:03,11.65,11.2,3500,11.55,3500,0,371000
HINDALCO30Jan20220PE.NFO,07/01/2020,09:43:08,11.65,11.25,14000,11.6,3500,0,371000
HINDALCO30Jan20220PE.NFO,07/01/2020,09:43:13,11.65,11.15,3500,11.6,3500,0,371000
HINDALCO30Jan20220PE.NFO,07/01/2020,09:43:19,11.65,11.25,7000,11.55,3500,0,371000
HINDALCO30Jan20220PE.NFO,07/01/2020,09:43:24,11.65,11.25,7000,11.6,3500,0,371000
HINDALCO30Jan20220PE.NFO,07/01/2020,09:43:29,11.65,11.25,3500,11.6,3500,0,371000
HINDALCO30Jan20220PE.NFO,07/01/2020,09:43:34,11.65,11.25,10500,11.6,3500,0,371000
HINDALCO30Jan20220PE.NFO,07/01/2020,09:43:39,11.65,11.2,7000,11.55,3500,0,371000
HINDALCO30Jan20220PE.NFO,07/01/2020,09:43:44,11.65,11.25,7000,11.6,3500,0,371000
HINDALCO30Jan20220PE.NFO,07/01/2020,09:43:53,11.65,11.25,7000,11.55,3500,0,371000
HINDALCO30Jan20220PE.NFO,07/01/2020,09:44:02,11.65,11.25,7000,11.6,3500,0,371000
HINDALCO30Jan20220PE.NFO,07/01/2020,09:44:08,11.65,11.25,7000,11.55,3500,0,371000
HINDALCO30Jan20220PE.NFO,07/01/2020,09:44:13,11.65,11.2,7000,11.55,3500,0,371000
HINDALCO30Jan20220PE.NFO,07/01/2020,09:44:23,11.65,11.25,7000,11.55,3500,0,371000
HINDALCO30Jan20220PE.NFO,07/01/2020,09:44:29,11.65,11.35,7000,11.6,3500,0,371000
HINDALCO30Jan20220PE.NFO,07/01/2020,09:44:40,11.65,11.3,7000,11.6,3500,0,371000
HINDALCO30Jan20220PE.NFO,07/01/2020,09:44:45,11.65,11.1,42000,11.65,3500,0,371000
HINDALCO30Jan20220PE.NFO,07/01/2020,09:44:49,11.65,11.3,3500,11.65,3500,0,371000
HINDALCO30Jan20220PE.NFO,07/01/2020,09:44:54,11.65,11.35,7000,11.65,3500,0,371000
HINDALCO30Jan20220PE.NFO,07/01/2020,09:45:05,11.65,11.15,14000,11.6,7000,0,371000
HINDALCO30Jan20220PE.NFO,07/01/2020,09:45:12,11.65,11.25,10500,11.6,3500,0,371000
HINDALCO30Jan20220PE.NFO,07/01/2020,09:45:18,11.65,11.25,3500,11.55,3500,0,371000
HINDALCO30Jan20220PE.NFO,07/01/2020,09:45:24,11.65,11.05,14000,11.5,3500,0,371000
HINDALCO30Jan20220PE.NFO,07/01/2020,09:45:30,11.65,11.2,7000,11.55,3500,0,371000
HINDALCO30Jan20220PE.NFO,07/01/2020,09:45:37,11.65,11.2,7000,11.5,3500,0,371000
HINDALCO30Jan20220PE.NFO,07/01/2020,09:45:59,11.65,11.2,7000,11.55,3500,0,371000
HINDALCO30Jan20220PE.NFO,07/01/2020,09:46:10,11.65,11.25,7000,11.55,3500,0,371000
HINDALCO30Jan20220PE.NFO,07/01/2020,09:46:15,11.65,11.2,7000,11.55,3500,0,371000
HINDALCO30Jan20220PE.NFO,07/01/2020,09:46:20,11.65,11.2,7000,11.5,3500,0,371000
HINDALCO30Jan20220PE.NFO,07/01/2020,09:46:25,11.65,11.2,7000,11.55,3500,0,371000
HINDALCO30Jan20220PE.NFO,07/01/2020,09:46:35,11.65,11.1,17500,11.5,3500,0,371000
HINDALCO30Jan20220PE.NFO,07/01/2020,09:46:49,11.65,11.35,7000,11.65,3500,0,371000
HINDALCO30Jan20220PE.NFO,07/01/2020,09:46:53,11.65,11.2,17500,11.55,3500,0,371000
HINDALCO30Jan20220PE.NFO,07/01/2020,09:47:20,11.65,11.2,17500,11.55,7000,0,371000
HINDALCO30Jan20220PE.NFO,07/01/2020,09:47:47,11.65,11.25,7000,11.55,7000,0,371000
HINDALCO30Jan20220PE.NFO,07/01/2020,09:47:59,11.65,11.35,3500,11.75,3500,0,371000
HINDALCO30Jan20220PE.NFO,07/01/2020,09:48:03,11.65,11.45,10500,11.8,3500,0,371000
HINDALCO30Jan20220PE.NFO,07/01/2020,09:48:11,11.65,11.45,10500,11.75,3500,0,371000
HINDALCO30Jan20220PE.NFO,07/01/2020,09:48:15,11.65,11.35,10500,11.7,7000,0,371000
HINDALCO30Jan20220PE.NFO,07/01/2020,09:48:19,11.65,11.35,17500,11.7,7000,0,371000
HINDALCO30Jan20220PE.NFO,07/01/2020,09:48:26,11.65,11.35,17500,11.75,3500,0,371000
HINDALCO30Jan20220PE.NFO,07/01/2020,09:49:09,11.65,11.35,17500,11.7,7000,0,371000
HINDALCO30Jan20220PE.NFO,07/01/2020,09:49:13,11.65,11.35,17500,11.75,7000,0,371000
HINDALCO30Jan20220PE.NFO,07/01/2020,09:49:18,11.65,11.45,3500,11.8,3500,0,371000
HINDALCO30Jan20220PE.NFO,07/01/2020,09:49:24,11.65,11.25,10500,11.65,7000,0,371000
HINDALCO30Jan20220PE.NFO,07/01/2020,09:49:30,11.65,11.25,10500,11.65,3500,0,371000
HINDALCO30Jan20220PE.NFO,07/01/2020,09:49:40,11.65,11.25,3500,11.6,3500,0,371000
HINDALCO30Jan20220PE.NFO,07/01/2020,09:49:51,11.65,11.3,3500,11.75,10500,0,371000
HINDALCO30Jan20220PE.NFO,07/01/2020,09:49:55,11.65,11.35,14000,11.75,7000,0,371000
HINDALCO30Jan20220PE.NFO,07/01/2020,09:50:00,11.65,11.35,14000,11.75,10500,0,371000
HINDALCO30Jan20220PE.NFO,07/01/2020,09:50:05,11.65,11.3,10500,11.75,3500,0,371000
HINDALCO30Jan20220PE.NFO,07/01/2020,09:50:11,11.65,11.2,17500,11.65,3500,0,371000
HINDALCO30Jan20220PE.NFO,07/01/2020,09:50:21,11.65,11.2,17500,11.6,3500,0,371000
HINDALCO30Jan20220PE.NFO,07/01/2020,09:50:31,11.65,11.2,17500,11.65,10500,0,371000
HINDALCO30Jan20220PE.NFO,07/01/2020,09:50:41,11.65,11.2,17500,11.65,3500,0,371000
HINDALCO30Jan20220PE.NFO,07/01/2020,09:50:47,11.65,11.2,17500,11.6,3500,0,371000
HINDALCO30Jan20220PE.NFO,07/01/2020,09:50:57,11.65,11.2,17500,11.65,7000,0,371000
HINDALCO30Jan20220PE.NFO,07/01/2020,09:51:01,11.65,11.2,17500,11.65,14000,0,371000
HINDALCO30Jan20220PE.NFO,07/01/2020,09:51:12,11.65,11.2,17500,11.65,10500,0,371000
HINDALCO30Jan20220PE.NFO,07/01/2020,09:51:22,11.65,11.2,17500,11.65,7000,0,371000
HINDALCO30Jan20220PE.NFO,07/01/2020,09:51:28,11.65,11.2,17500,11.65,10500,0,371000
HINDALCO30Jan20220PE.NFO,07/01/2020,09:51:42,11.65,11.2,17500,11.65,14000,0,371000
HINDALCO30Jan20220PE.NFO,07/01/2020,09:51:55,11.65,11.2,17500,11.65,10500,0,371000
HINDALCO30Jan20220PE.NFO,07/01/2020,09:52:07,11.65,11.2,17500,11.65,14000,0,371000
HINDALCO30Jan20220PE.NFO,07/01/2020,09:52:11,11.65,11.2,17500,11.65,10500,0,371000
HINDALCO30Jan20220PE.NFO,07/01/2020,09:52:19,11.65,11.35,7000,11.65,3500,0,371000
HINDALCO30Jan20220PE.NFO,07/01/2020,09:52:28,11.65,11.4,7000,11.7,3500,0,371000
HINDALCO30Jan20220PE.NFO,07/01/2020,09:52:34,11.65,11.35,7000,11.65,3500,0,371000
HINDALCO30Jan20220PE.NFO,07/01/2020,09:52:38,11.65,11.3,3500,11.65,3500,0,371000
HINDALCO30Jan20220PE.NFO,07/01/2020,09:52:43,11.65,11.25,7000,11.6,3500,0,371000
HINDALCO30Jan20220PE.NFO,07/01/2020,09:53:03,11.65,11.3,10500,11.65,7000,0,371000
HINDALCO30Jan20220PE.NFO,07/01/2020,09:53:14,11.65,11.25,7000,11.65,7000,0,371000
HINDALCO30Jan20220PE.NFO,07/01/2020,09:53:25,11.65,11.25,7000,11.65,10500,0,371000
HINDALCO30Jan20220PE.NFO,07/01/2020,09:53:30,11.65,11.3,10500,11.65,7000,0,371000
HINDALCO30Jan20220PE.NFO,07/01/2020,09:53:35,11.65,11.2,17500,11.65,7000,0,371000
HINDALCO30Jan20220PE.NFO,07/01/2020,09:53:40,11.65,11.2,17500,11.65,10500,0,371000
HINDALCO30Jan20220PE.NFO,07/01/2020,09:53:54,11.65,11.2,17500,11.65,7000,0,371000
HINDALCO30Jan20220PE.NFO,07/01/2020,09:54:16,11.65,11.2,21000,11.65,7000,0,371000
HINDALCO30Jan20220PE.NFO,07/01/2020,09:54:21,11.65,11.2,21000,11.65,3500,0,371000
HINDALCO30Jan20220PE.NFO,07/01/2020,09:54:39,11.65,11.35,7000,11.65,3500,0,371000
HINDALCO30Jan20220PE.NFO,07/01/2020,09:54:48,11.65,11.3,17500,11.65,3500,0,371000
HINDALCO30Jan20220PE.NFO,07/01/2020,09:55:02,11.65,11.25,3500,11.65,3500,0,371000
HINDALCO30Jan20220PE.NFO,07/01/2020,09:55:07,11.65,11.25,10500,11.6,3500,0,371000
HINDALCO30Jan20220PE.NFO,07/01/2020,09:55:17,11.65,11.25,10500,11.65,7000,0,371000
HINDALCO30Jan20220PE.NFO,07/01/2020,09:55:27,11.65,11.35,3500,11.75,3500,0,371000
HINDALCO30Jan20220PE.NFO,07/01/2020,09:55:32,11.65,11.35,10500,11.75,3500,0,371000
HINDALCO30Jan20220PE.NFO,07/01/2020,09:55:36,11.65,11.4,7000,11.75,3500,0,371000
HINDALCO30Jan20220PE.NFO,07/01/2020,09:55:41,11.65,11.4,7000,11.7,3500,0,371000
HINDALCO30Jan20220PE.NFO,07/01/2020,09:55:46,11.65,11.35,10500,11.7,3500,0,371000
HINDALCO30Jan20220PE.NFO,07/01/2020,09:55:50,11.65,11.35,17500,11.7,3500,0,371000
HINDALCO30Jan20220PE.NFO,07/01/2020,09:55:55,11.65,11.3,17500,11.7,7000,0,371000
HINDALCO30Jan20220PE.NFO,07/01/2020,09:56:15,11.65,11.35,7000,11.7,3500,0,371000
HINDALCO30Jan20220PE.NFO,07/01/2020,09:56:20,11.65,11.35,7000,11.7,7000,0,371000
HINDALCO30Jan20220PE.NFO,07/01/2020,09:56:26,11.65,11.35,3500,11.7,3500,0,371000
HINDALCO30Jan20220PE.NFO,07/01/2020,09:57:20,11.65,11.3,10500,11.65,3500,0,371000
HINDALCO30Jan20220PE.NFO,07/01/2020,09:57:25,11.65,11.25,7000,11.6,3500,0,371000
HINDALCO30Jan20220PE.NFO,07/01/2020,09:57:33,11.65,11.2,17500,11.55,3500,0,371000
HINDALCO30Jan20220PE.NFO,07/01/2020,09:57:37,11.65,11.2,17500,11.6,7000,0,371000
HINDALCO30Jan20220PE.NFO,07/01/2020,09:57:41,11.65,11.2,3500,11.6,7000,0,371000
HINDALCO30Jan20220PE.NFO,07/01/2020,09:57:45,11.65,11.25,7000,11.6,3500,0,371000
HINDALCO30Jan20220PE.NFO,07/01/2020,09:57:59,11.65,11.25,10500,11.6,3500,0,371000
HINDALCO30Jan20220PE.NFO,07/01/2020,09:58:04,11.65,11.2,3500,11.55,7000,0,371000
HINDALCO30Jan20220PE.NFO,07/01/2020,09:58:08,11.65,11.25,7000,11.65,3500,0,371000
HINDALCO30Jan20220PE.NFO,07/01/2020,09:58:12,11.65,11.25,3500,11.55,3500,0,371000
HINDALCO30Jan20220PE.NFO,07/01/2020,09:58:21,11.65,11.3,14000,11.65,3500,0,371000
HINDALCO30Jan20220PE.NFO,07/01/2020,09:58:25,11.65,11.25,3500,11.55,3500,0,371000
HINDALCO30Jan20220PE.NFO,07/01/2020,09:58:30,11.65,11.2,3500,11.55,3500,0,371000
HINDALCO30Jan20220PE.NFO,07/01/2020,09:58:35,11.65,11.25,3500,11.55,3500,0,371000
HINDALCO30Jan20220PE.NFO,07/01/2020,09:58:48,11.65,11.2,3500,11.55,7000,0,371000
HINDALCO30Jan20220PE.NFO,07/01/2020,09:58:55,11.65,11.2,3500,11.55,3500,0,371000
HINDALCO30Jan20220PE.NFO,07/01/2020,09:59:22,11.65,11.2,10500,11.6,7000,0,371000
HINDALCO30Jan20220PE.NFO,07/01/2020,09:59:33,11.65,11.25,7000,11.6,7000,0,371000
HINDALCO30Jan20220PE.NFO,07/01/2020,09:59:39,11.65,11.2,7000,11.6,7000,0,371000
HINDALCO30Jan20220PE.NFO,07/01/2020,09:59:50,11.65,11.2,7000,11.5,3500,0,371000
HINDALCO30Jan20220PE.NFO,07/01/2020,09:59:55,11.65,11.2,7000,11.45,3500,0,371000
HINDALCO30Jan20220PE.NFO,07/01/2020,10:00:00,11.65,11.2,7000,11.5,3500,0,371000
HINDALCO30Jan20220PE.NFO,07/01/2020,10:00:11,11.65,11.25,7000,11.6,3500,0,371000
HINDALCO30Jan20220PE.NFO,07/01/2020,10:00:17,11.65,11.3,7000,11.6,3500,0,371000
HINDALCO30Jan20220PE.NFO,07/01/2020,10:00:22,11.65,11.35,7000,11.6,3500,0,371000
HINDALCO30Jan20220PE.NFO,07/01/2020,10:00:28,11.65,11.3,7000,11.6,3500,0,371000
HINDALCO30Jan20220PE.NFO,07/01/2020,10:00:39,11.65,11.35,7000,11.65,3500,0,371000
HINDALCO30Jan20220PE.NFO,07/01/2020,10:00:45,11.65,11.25,17500,11.65,3500,0,371000
HINDALCO30Jan20220PE.NFO,07/01/2020,10:00:52,11.65,11.25,17500,11.65,10500,0,371000
HINDALCO30Jan20220PE.NFO,07/01/2020,10:01:05,11.65,11.2,3500,11.55,7000,0,371000
HINDALCO30Jan20220PE.NFO,07/01/2020,10:01:11,11.65,11.2,10500,11.55,3500,0,371000
HINDALCO30Jan20220PE.NFO,07/01/2020,10:01:17,11.65,11.25,17500,11.65,3500,0,371000
HINDALCO30Jan20220PE.NFO,07/01/2020,10:01:24,11.65,11.25,17500,11.65,7000,0,371000
HINDALCO30Jan20220PE.NFO,07/01/2020,10:01:30,11.65,11.25,17500,11.65,14000,0,371000
HINDALCO30Jan20220PE.NFO,07/01/2020,10:01:36,11.65,11.25,17500,11.65,7000,0,371000
HINDALCO30Jan20220PE.NFO,07/01/2020,10:01:42,11.65,11.4,7000,11.75,3500,0,371000
HINDALCO30Jan20220PE.NFO,07/01/2020,10:01:47,11.65,11.5,7000,11.85,3500,0,371000
HINDALCO30Jan20220PE.NFO,07/01/2020,10:01:58,11.65,11.45,7000,11.85,7000,0,371000
HINDALCO30Jan20220PE.NFO,07/01/2020,10:02:04,11.65,11.45,21000,11.9,3500,0,371000
HINDALCO30Jan20220PE.NFO,07/01/2020,10:02:09,11.65,11.55,7000,11.9,3500,0,371000
HINDALCO30Jan20220PE.NFO,07/01/2020,10:02:15,11.65,11.45,21000,11.9,7000,0,371000
HINDALCO30Jan20220PE.NFO,07/01/2020,10:02:25,11.65,11.45,17500,11.85,3500,0,371000
HINDALCO30Jan20220PE.NFO,07/01/2020,10:02:30,11.65,11.45,17500,11.9,7000,0,371000
HINDALCO30Jan20220PE.NFO,07/01/2020,10:02:42,11.65,11.5,10500,11.9,3500,0,371000
HINDALCO30Jan20220PE.NFO,07/01/2020,10:02:47,11.65,11.55,7000,11.9,3500,0,371000
HINDALCO30Jan20220PE.NFO,07/01/2020,10:02:52,11.65,11.4,14000,11.9,3500,0,371000
HINDALCO30Jan20220PE.NFO,07/01/2020,10:02:58,11.65,11.5,7000,11.9,7000,0,371000
HINDALCO30Jan20220PE.NFO,07/01/2020,10:03:03,11.65,11.55,7000,11.9,7000,0,371000
HINDALCO30Jan20220PE.NFO,07/01/2020,10:03:12,11.65,11.55,7000,11.95,7000,0,371000
HINDALCO30Jan20220PE.NFO,07/01/2020,10:03:17,11.65,11.6,7000,11.95,7000,0,371000
HINDALCO30Jan20220PE.NFO,07/01/2020,10:03:22,11.65,11.7,7000,11.95,3500,0,371000
HINDALCO30Jan20220PE.NFO,07/01/2020,10:03:26,11.65,11.65,7000,11.95,3500,0,371000
HINDALCO30Jan20220PE.NFO,07/01/2020,10:03:31,11.65,11.7,7000,12,3500,0,371000
HINDALCO30Jan20220PE.NFO,07/01/2020,10:03:53,11.65,11.55,17500,12,3500,0,371000
HINDALCO30Jan20220PE.NFO,07/01/2020,10:04:03,11.65,11.7,7000,12.05,7000,0,371000
HINDALCO30Jan20220PE.NFO,07/01/2020,10:04:08,11.65,11.75,7000,12.05,7000,0,371000
HINDALCO30Jan20220PE.NFO,07/01/2020,10:04:17,11.65,11.75,7000,12.05,3500,0,371000
HINDALCO30Jan20220PE.NFO,07/01/2020,10:04:21,11.65,11.75,10500,12.1,3500,0,371000
HINDALCO30Jan20220PE.NFO,07/01/2020,10:04:25,11.65,11.6,3500,12,3500,0,371000
HINDALCO30Jan20220PE.NFO,07/01/2020,10:04:29,11.65,11.65,14000,12.1,10500,0,371000
HINDALCO30Jan20220PE.NFO,07/01/2020,10:04:34,11.65,11.55,17500,12.05,3500,0,371000
HINDALCO30Jan20220PE.NFO,07/01/2020,10:04:48,11.65,11.55,21000,12.05,3500,0,371000
HINDALCO30Jan20220PE.NFO,07/01/2020,10:05:02,11.65,11.7,7000,12.1,3500,0,371000
HINDALCO30Jan20220PE.NFO,07/01/2020,10:05:06,11.65,11.8,7000,12.1,3500,0,371000
HINDALCO30Jan20220PE.NFO,07/01/2020,10:05:34,11.65,11.65,17500,12.05,3500,0,371000
HINDALCO30Jan20220PE.NFO,07/01/2020,10:05:40,11.65,11.65,3500,11.95,3500,0,371000
HINDALCO30Jan20220PE.NFO,07/01/2020,10:05:46,11.65,11.7,14000,11.95,3500,0,371000
HINDALCO30Jan20220PE.NFO,07/01/2020,10:05:52,11.65,11.55,17500,12.05,7000,0,371000
HINDALCO30Jan20220PE.NFO,07/01/2020,10:06:08,11.65,11.55,21000,12.05,7000,0,371000
HINDALCO30Jan20220PE.NFO,07/01/2020,10:06:30,11.65,11.55,17500,11.9,3500,0,371000
HINDALCO30Jan20220PE.NFO,07/01/2020,10:06:36,11.65,11.55,17500,12.05,7000,0,371000
HINDALCO30Jan20220PE.NFO,07/01/2020,10:06:40,11.65,11.55,21000,12.05,10500,0,371000
HINDALCO30Jan20220PE.NFO,07/01/2020,10:06:46,11.65,11.65,14000,12.1,7000,0,371000
HINDALCO30Jan20220PE.NFO,07/01/2020,10:06:52,11.65,11.65,14000,12,3500,0,371000
HINDALCO30Jan20220PE.NFO,07/01/2020,10:07:15,11.65,11.55,17500,11.9,3500,0,371000
HINDALCO30Jan20220PE.NFO,07/01/2020,10:07:37,11.65,11.5,17500,11.9,3500,0,371000
HINDALCO30Jan20220PE.NFO,07/01/2020,10:08:06,11.65,11.5,17500,11.9,7000,0,371000
HINDALCO30Jan20220PE.NFO,07/01/2020,10:09:10,11.65,11.5,7000,11.85,7000,0,371000
HINDALCO30Jan20220PE.NFO,07/01/2020,10:09:14,11.65,11.6,7000,11.9,3500,0,371000
HINDALCO30Jan20220PE.NFO,07/01/2020,10:09:18,11.65,11.6,7000,11.9,7000,0,371000
HINDALCO30Jan20220PE.NFO,07/01/2020,10:09:23,11.65,11.65,7000,11.9,7000,0,371000
HINDALCO30Jan20220PE.NFO,07/01/2020,10:09:31,11.65,11.6,7000,11.85,3500,0,371000
HINDALCO30Jan20220PE.NFO,07/01/2020,10:09:36,11.65,11.6,7000,11.9,7000,0,371000
HINDALCO30Jan20220PE.NFO,07/01/2020,10:09:44,11.65,11.65,7000,11.9,7000,0,371000
HINDALCO30Jan20220PE.NFO,07/01/2020,10:09:48,11.65,11.5,7000,11.8,3500,0,371000
HINDALCO30Jan20220PE.NFO,07/01/2020,10:09:52,11.65,11.4,17500,11.75,7000,0,371000
HINDALCO30Jan20220PE.NFO,07/01/2020,10:09:57,11.65,11.25,3500,11.6,3500,0,371000
HINDALCO30Jan20220PE.NFO,07/01/2020,10:10:03,11.65,11.25,10500,11.6,3500,0,371000
HINDALCO30Jan20220PE.NFO,07/01/2020,10:10:08,11.65,11.25,3500,11.6,3500,0,371000
HINDALCO30Jan20220PE.NFO,07/01/2020,10:10:25,11.65,11.25,3500,11.65,7000,0,371000
HINDALCO30Jan20220PE.NFO,07/01/2020,10:10:34,11.65,11.2,14000,11.55,10500,0,371000
HINDALCO30Jan20220PE.NFO,07/01/2020,10:10:42,11.65,11.2,3500,11.55,10500,0,371000
HINDALCO30Jan20220PE.NFO,07/01/2020,10:10:47,11.65,11.15,14000,11.45,3500,0,371000
HINDALCO30Jan20220PE.NFO,07/01/2020,10:10:56,11.65,11.2,3500,11.55,10500,0,371000
HINDALCO30Jan20220PE.NFO,07/01/2020,10:11:04,11.65,11.2,17500,11.55,7000,0,371000
HINDALCO30Jan20220PE.NFO,07/01/2020,10:11:08,11.65,11.2,21000,11.6,3500,0,371000
HINDALCO30Jan20220PE.NFO,07/01/2020,10:11:13,11.65,11.2,17500,11.5,3500,0,371000
HINDALCO30Jan20220PE.NFO,07/01/2020,10:11:19,11.65,11.2,3500,11.5,7000,0,371000
HINDALCO30Jan20220PE.NFO,07/01/2020,10:11:34,11.65,11,3500,11.35,7000,0,371000
HINDALCO30Jan20220PE.NFO,07/01/2020,10:11:40,11.65,10.9,21000,11.3,3500,0,371000
HINDALCO30Jan20220PE.NFO,07/01/2020,10:11:45,11.65,10.9,21000,11.25,7000,0,371000
HINDALCO30Jan20220PE.NFO,07/01/2020,10:11:50,11.65,10.9,21000,11.3,7000,0,371000
HINDALCO30Jan20220PE.NFO,07/01/2020,10:12:00,11.65,10.95,3500,11.3,10500,0,371000
HINDALCO30Jan20220PE.NFO,07/01/2020,10:12:12,11.65,11,3500,11.3,7000,0,371000
HINDALCO30Jan20220PE.NFO,07/01/2020,10:12:36,11.65,10.85,3500,11.2,3500,0,371000
HINDALCO30Jan20220PE.NFO,07/01/2020,10:12:41,11.65,10.85,17500,11.25,3500,0,371000
HINDALCO30Jan20220PE.NFO,07/01/2020,10:12:46,11.65,10.85,21000,11.25,3500,0,371000
HINDALCO30Jan20220PE.NFO,07/01/2020,10:12:51,11.65,10.85,21000,11.2,3500,0,371000
HINDALCO30Jan20220PE.NFO,07/01/2020,10:12:56,11.65,10.85,21000,11.25,7000,0,371000
HINDALCO30Jan20220PE.NFO,07/01/2020,10:13:01,11,10.85,21000,11.25,7000,10500,374500
HINDALCO30Jan20220PE.NFO,07/01/2020,10:13:07,11,10.85,21000,11.25,7000,0,374500
HINDALCO30Jan20220PE.NFO,07/01/2020,10:13:17,11,11,7000,11.3,3500,0,374500
HINDALCO30Jan20220PE.NFO,07/01/2020,10:13:22,11,10.95,17500,11.25,3500,0,374500
HINDALCO30Jan20220PE.NFO,07/01/2020,10:13:27,11,10.95,17500,11.3,3500,0,374500
HINDALCO30Jan20220PE.NFO,07/01/2020,10:13:51,11,10.75,3500,11.1,7000,0,374500
HINDALCO30Jan20220PE.NFO,07/01/2020,10:13:57,11,10.8,3500,11.1,3500,0,374500
HINDALCO30Jan20220PE.NFO,07/01/2020,10:14:01,11,10.85,3500,11.15,10500,0,374500
HINDALCO30Jan20220PE.NFO,07/01/2020,10:14:05,11,10.85,3500,11.15,3500,0,374500
HINDALCO30Jan20220PE.NFO,07/01/2020,10:14:15,11,10.85,3500,11.15,7000,0,374500
HINDALCO30Jan20220PE.NFO,07/01/2020,10:14:26,11,10.85,3500,11.1,3500,0,374500
HINDALCO30Jan20220PE.NFO,07/01/2020,10:14:32,11,10.85,3500,11.05,3500,0,374500
HINDALCO30Jan20220PE.NFO,07/01/2020,10:14:37,11,10.85,3500,11.1,7000,0,374500
HINDALCO30Jan20220PE.NFO,07/01/2020,10:14:46,11,10.85,3500,11.15,3500,0,374500
HINDALCO30Jan20220PE.NFO,07/01/2020,10:14:51,11,10.9,3500,11.15,3500,0,374500
HINDALCO30Jan20220PE.NFO,07/01/2020,10:15:07,11,10.9,3500,11.2,3500,0,374500
HINDALCO30Jan20220PE.NFO,07/01/2020,10:15:12,11,10.9,3500,11.15,3500,0,374500
HINDALCO30Jan20220PE.NFO,07/01/2020,10:15:17,11,10.95,3500,11.2,7000,0,374500
HINDALCO30Jan20220PE.NFO,07/01/2020,10:15:22,11,10.9,3500,11.2,7000,0,374500
HINDALCO30Jan20220PE.NFO,07/01/2020,10:15:31,11,10.9,3500,11.2,3500,0,374500
HINDALCO30Jan20220PE.NFO,07/01/2020,10:15:36,11,10.95,3500,11.2,7000,0,374500
HINDALCO30Jan20220PE.NFO,07/01/2020,10:15:41,11,10.9,3500,11.2,3500,0,374500
HINDALCO30Jan20220PE.NFO,07/01/2020,10:15:46,11,10.95,3500,11.2,7000,0,374500
HINDALCO30Jan20220PE.NFO,07/01/2020,10:15:53,11,10.95,3500,11.2,10500,0,374500
HINDALCO30Jan20220PE.NFO,07/01/2020,10:16:03,11,10.95,3500,11.25,7000,0,374500
HINDALCO30Jan20220PE.NFO,07/01/2020,10:16:07,11,10.9,3500,11.15,3500,0,374500
HINDALCO30Jan20220PE.NFO,07/01/2020,10:16:12,11,10.85,3500,11.1,3500,0,374500
HINDALCO30Jan20220PE.NFO,07/01/2020,10:16:20,11,10.9,3500,11.1,3500,0,374500
HINDALCO30Jan20220PE.NFO,07/01/2020,10:16:25,11,10.9,3500,11.25,3500,0,374500
HINDALCO30Jan20220PE.NFO,07/01/2020,10:16:30,11,10.95,3500,11.25,3500,0,374500
HINDALCO30Jan20220PE.NFO,07/01/2020,10:16:35,11,10.9,3500,11.2,3500,0,374500
HINDALCO30Jan20220PE.NFO,07/01/2020,10:16:40,11,10.95,3500,11.2,3500,0,374500
HINDALCO30Jan20220PE.NFO,07/01/2020,10:16:45,11,10.9,3500,11.2,3500,0,374500
HINDALCO30Jan20220PE.NFO,07/01/2020,10:16:50,11,10.95,3500,11.2,3500,0,374500
HINDALCO30Jan20220PE.NFO,07/01/2020,10:16:54,11,10.95,3500,11.25,7000,0,374500
HINDALCO30Jan20220PE.NFO,07/01/2020,10:16:59,11,10.9,3500,11.2,3500,0,374500
HINDALCO30Jan20220PE.NFO,07/01/2020,10:17:03,11,10.85,3500,11.15,3500,0,374500
HINDALCO30Jan20220PE.NFO,07/01/2020,10:17:07,11,10.8,3500,11.1,7000,0,374500
HINDALCO30Jan20220PE.NFO,07/01/2020,10:17:12,11,10.85,3500,11.1,7000,0,374500
HINDALCO30Jan20220PE.NFO,07/01/2020,10:17:27,11,10.8,10500,11.15,7000,0,374500
HINDALCO30Jan20220PE.NFO,07/01/2020,10:17:32,11,10.9,3500,11.2,7000,0,374500
HINDALCO30Jan20220PE.NFO,07/01/2020,10:17:38,11,10.9,3500,11.1,3500,0,374500
HINDALCO30Jan20220PE.NFO,07/01/2020,10:17:47,11,10.9,3500,11.15,3500,0,374500
HINDALCO30Jan20220PE.NFO,07/01/2020,10:17:57,11,10.9,3500,11.2,3500,0,374500
HINDALCO30Jan20220PE.NFO,07/01/2020,10:18:02,11,10.95,3500,11.2,3500,0,374500
HINDALCO30Jan20220PE.NFO,07/01/2020,10:18:10,11,10.9,3500,11.2,3500,0,374500
HINDALCO30Jan20220PE.NFO,07/01/2020,10:18:19,11,10.95,3500,11.25,7000,0,374500
HINDALCO30Jan20220PE.NFO,07/01/2020,10:18:26,11,10.9,3500,11.2,7000,0,374500
HINDALCO30Jan20220PE.NFO,07/01/2020,10:18:30,11,10.95,3500,11.2,7000,0,374500
HINDALCO30Jan20220PE.NFO,07/01/2020,10:18:35,11,10.9,3500,11.2,3500,0,374500
HINDALCO30Jan20220PE.NFO,07/01/2020,10:18:41,11,10.9,3500,11.2,7000,0,374500
HINDALCO30Jan20220PE.NFO,07/01/2020,10:18:47,11,10.95,3500,11.2,7000,0,374500
HINDALCO30Jan20220PE.NFO,07/01/2020,10:18:52,11,10.9,3500,11.2,7000,0,374500
HINDALCO30Jan20220PE.NFO,07/01/2020,10:18:56,11,10.95,3500,11.25,7000,0,374500
HINDALCO30Jan20220PE.NFO,07/01/2020,10:19:01,11,10.9,3500,11.25,7000,0,374500
HINDALCO30Jan20220PE.NFO,07/01/2020,10:19:06,11,10.95,3500,11.25,7000,0,374500
HINDALCO30Jan20220PE.NFO,07/01/2020,10:19:10,11,10.9,3500,11.15,3500,0,374500
HINDALCO30Jan20220PE.NFO,07/01/2020,10:19:15,11,10.9,3500,11.1,3500,0,374500
HINDALCO30Jan20220PE.NFO,07/01/2020,10:19:20,11,10.9,3500,11.15,7000,0,374500
HINDALCO30Jan20220PE.NFO,07/01/2020,10:19:28,11,10.85,3500,11.15,7000,0,374500
HINDALCO30Jan20220PE.NFO,07/01/2020,10:19:32,11,10.9,3500,11.15,7000,0,374500
HINDALCO30Jan20220PE.NFO,07/01/2020,10:19:35,11,10.85,3500,11.15,7000,0,374500
HINDALCO30Jan20220PE.NFO,07/01/2020,10:19:39,11,10.9,3500,11.15,3500,0,374500
HINDALCO30Jan20220PE.NFO,07/01/2020,10:19:42,11,10.85,3500,11.15,3500,0,374500
HINDALCO30Jan20220PE.NFO,07/01/2020,10:19:54,11,10.85,3500,11.1,7000,0,374500
HINDALCO30Jan20220PE.NFO,07/01/2020,10:19:59,11,10.9,3500,11.1,7000,0,374500
HINDALCO30Jan20220PE.NFO,07/01/2020,10:20:06,11,10.9,3500,11.15,3500,3500,378000
HINDALCO30Jan20220PE.NFO,07/01/2020,10:20:10,11,10.9,3500,11.15,3500,0,378000
HINDALCO30Jan20220PE.NFO,07/01/2020,10:20:15,11,10.9,3500,11.1,10500,0,378000
HINDALCO30Jan20220PE.NFO,07/01/2020,10:20:19,11,10.85,3500,11.1,10500,0,378000
HINDALCO30Jan20220PE.NFO,07/01/2020,10:20:24,11,10.75,3500,11,7000,0,378000
HINDALCO30Jan20220PE.NFO,07/01/2020,10:20:29,11,10.7,3500,10.95,3500,0,378000
HINDALCO30Jan20220PE.NFO,07/01/2020,10:20:36,11,10.7,17500,10.95,3500,0,378000
HINDALCO30Jan20220PE.NFO,07/01/2020,10:20:41,11,10.75,3500,10.95,3500,0,378000
HINDALCO30Jan20220PE.NFO,07/01/2020,10:20:46,11,10.75,3500,11,7000,0,378000
HINDALCO30Jan20220PE.NFO,07/01/2020,10:20:50,11,10.75,3500,11,3500,0,378000
HINDALCO30Jan20220PE.NFO,07/01/2020,10:20:57,11,10.7,3500,11,3500,0,378000
HINDALCO30Jan20220PE.NFO,07/01/2020,10:21:00,11,10.7,3500,11.05,3500,0,378000
HINDALCO30Jan20220PE.NFO,07/01/2020,10:21:04,10.7,10.6,3500,10.85,7000,3500,378000
HINDALCO30Jan20220PE.NFO,07/01/2020,10:21:08,10.7,10.6,3500,10.85,3500,0,378000
HINDALCO30Jan20220PE.NFO,07/01/2020,10:21:13,10.7,10.7,3500,10.9,3500,0,378000
HINDALCO30Jan20220PE.NFO,07/01/2020,10:21:17,10.7,10.7,3500,10.9,7000,0,378000
HINDALCO30Jan20220PE.NFO,07/01/2020,10:21:29,10.7,10.7,3500,10.95,3500,0,378000
HINDALCO30Jan20220PE.NFO,07/01/2020,10:21:31,10.7,10.7,3500,11,7000,0,378000
HINDALCO30Jan20220PE.NFO,07/01/2020,10:21:37,10.7,10.7,3500,10.95,3500,0,378000
HINDALCO30Jan20220PE.NFO,07/01/2020,10:21:41,10.7,10.75,3500,10.95,3500,0,378000
HINDALCO30Jan20220PE.NFO,07/01/2020,10:21:43,10.7,10.75,3500,11,7000,0,378000
HINDALCO30Jan20220PE.NFO,07/01/2020,10:21:46,10.7,10.7,3500,11.05,3500,0,378000
HINDALCO30Jan20220PE.NFO,07/01/2020,10:21:48,10.7,10.7,3500,11,7000,0,378000
HINDALCO30Jan20220PE.NFO,07/01/2020,10:21:51,10.7,10.75,3500,11,7000,0,378000
HINDALCO30Jan20220PE.NFO,07/01/2020,10:21:55,10.7,10.7,3500,11,7000,0,378000
HINDALCO30Jan20220PE.NFO,07/01/2020,10:22:09,10.7,10.8,3500,11,3500,0,378000
HINDALCO30Jan20220PE.NFO,07/01/2020,10:22:16,10.7,10.75,3500,11,7000,0,378000
HINDALCO30Jan20220PE.NFO,07/01/2020,10:22:20,10.7,10.7,3500,11,7000,0,378000
HINDALCO30Jan20220PE.NFO,07/01/2020,10:22:24,10.7,10.7,7000,11,7000,0,378000
HINDALCO30Jan20220PE.NFO,07/01/2020,10:22:40,10.7,10.75,3500,11,7000,0,378000
HINDALCO30Jan20220PE.NFO,07/01/2020,10:22:46,10.7,10.75,7000,11.1,7000,0,378000
HINDALCO30Jan20220PE.NFO,07/01/2020,10:22:52,10.7,10.85,3500,11.05,3500,0,378000
HINDALCO30Jan20220PE.NFO,07/01/2020,10:23:01,10.7,10.8,3500,11,3500,0,378000
HINDALCO30Jan20220PE.NFO,07/01/2020,10:23:06,10.7,10.85,3500,11,3500,0,378000
HINDALCO30Jan20220PE.NFO,07/01/2020,10:23:11,10.7,10.75,7000,11,3500,0,378000
HINDALCO30Jan20220PE.NFO,07/01/2020,10:23:15,10.7,10.85,3500,11.1,3500,0,378000
HINDALCO30Jan20220PE.NFO,07/01/2020,10:23:19,10.7,10.8,3500,11.1,3500,0,378000
HINDALCO30Jan20220PE.NFO,07/01/2020,10:23:47,10.7,10.85,3500,11.1,3500,0,378000
HINDALCO30Jan20220PE.NFO,07/01/2020,10:23:51,10.7,10.9,3500,11.1,7000,0,378000
HINDALCO30Jan20220PE.NFO,07/01/2020,10:24:02,10.7,10.85,3500,11.1,7000,0,378000
HINDALCO30Jan20220PE.NFO,07/01/2020,10:24:31,10.7,10.8,3500,11.05,3500,0,378000
HINDALCO30Jan20220PE.NFO,07/01/2020,10:24:34,10.7,10.8,3500,11.05,7000,0,378000
HINDALCO30Jan20220PE.NFO,07/01/2020,10:24:38,10.7,10.8,3500,11.05,3500,0,378000
HINDALCO30Jan20220PE.NFO,07/01/2020,10:24:41,10.7,10.8,7000,11.1,7000,0,378000
HINDALCO30Jan20220PE.NFO,07/01/2020,10:24:44,10.7,10.8,7000,11.15,3500,0,378000
HINDALCO30Jan20220PE.NFO,07/01/2020,10:24:48,10.7,10.9,3500,11.15,3500,0,378000
HINDALCO30Jan20220PE.NFO,07/01/2020,10:24:53,10.7,10.85,3500,11.15,3500,0,378000
HINDALCO30Jan20220PE.NFO,07/01/2020,10:24:56,10.7,10.9,3500,11.15,7000,0,378000
HINDALCO30Jan20220PE.NFO,07/01/2020,10:25:00,10.7,10.9,3500,11.1,7000,0,378000
HINDALCO30Jan20220PE.NFO,07/01/2020,10:25:07,10.7,10.8,7000,11.1,7000,0,378000
HINDALCO30Jan20220PE.NFO,07/01/2020,10:25:10,10.7,10.85,3500,11.1,7000,0,378000
HINDALCO30Jan20220PE.NFO,07/01/2020,10:25:13,10.7,10.85,3500,11.15,3500,0,378000
HINDALCO30Jan20220PE.NFO,07/01/2020,10:25:23,10.7,10.75,3500,11,3500,0,378000
HINDALCO30Jan20220PE.NFO,07/01/2020,10:25:28,10.7,10.7,7000,10.95,3500,0,378000
HINDALCO30Jan20220PE.NFO,07/01/2020,10:25:31,10.7,10.75,3500,11.05,3500,0,378000
HINDALCO30Jan20220PE.NFO,07/01/2020,10:25:37,10.7,10.75,3500,11,3500,0,378000
HINDALCO30Jan20220PE.NFO,07/01/2020,10:25:47,10.7,10.75,3500,11,7000,0,378000
HINDALCO30Jan20220PE.NFO,07/01/2020,10:25:52,10.7,10.85,3500,11.05,3500,0,378000
HINDALCO30Jan20220PE.NFO,07/01/2020,10:25:57,10.7,10.75,3500,11.05,3500,0,378000
HINDALCO30Jan20220PE.NFO,07/01/2020,10:26:01,10.7,10.75,3500,11,3500,0,378000
HINDALCO30Jan20220PE.NFO,07/01/2020,10:26:05,10.7,10.8,3500,11.05,3500,0,378000
HINDALCO30Jan20220PE.NFO,07/01/2020,10:26:09,10.7,10.75,3500,11.2,10500,0,378000
HINDALCO30Jan20220PE.NFO,07/01/2020,10:26:14,10.7,10.75,3500,11.05,7000,0,378000
HINDALCO30Jan20220PE.NFO,07/01/2020,10:26:19,10.7,10.65,3500,10.9,3500,0,378000
HINDALCO30Jan20220PE.NFO,07/01/2020,10:26:22,10.7,10.7,3500,10.95,7000,0,378000
HINDALCO30Jan20220PE.NFO,07/01/2020,10:26:26,10.7,10.65,3500,10.95,7000,0,378000
HINDALCO30Jan20220PE.NFO,07/01/2020,10:26:42,10.7,10.7,3500,10.95,7000,0,378000
HINDALCO30Jan20220PE.NFO,07/01/2020,10:26:49,10.7,10.7,3500,10.95,3500,0,378000
HINDALCO30Jan20220PE.NFO,07/01/2020,10:26:57,10.7,10.8,3500,11.05,3500,0,378000
HINDALCO30Jan20220PE.NFO,07/01/2020,10:27:00,10.7,10.75,3500,11.05,3500,0,378000
HINDALCO30Jan20220PE.NFO,07/01/2020,10:27:20,10.7,10.8,3500,11.05,3500,0,378000
HINDALCO30Jan20220PE.NFO,07/01/2020,10:27:24,10.7,10.75,3500,11.05,3500,0,378000
HINDALCO30Jan20220PE.NFO,07/01/2020,10:27:27,10.7,10.85,3500,11.1,3500,0,378000
HINDALCO30Jan20220PE.NFO,07/01/2020,10:27:31,10.7,10.8,3500,11.1,3500,0,378000
HINDALCO30Jan20220PE.NFO,07/01/2020,10:28:05,10.7,10.85,3500,11.15,3500,0,378000
HINDALCO30Jan20220PE.NFO,07/01/2020,10:28:17,10.7,10.85,3500,11.1,3500,0,378000
HINDALCO30Jan20220PE.NFO,07/01/2020,10:28:49,10.7,10.85,3500,11.05,3500,0,378000
HINDALCO30Jan20220PE.NFO,07/01/2020,10:29:42,10.7,10.8,3500,11.05,3500,0,378000
HINDALCO30Jan20220PE.NFO,07/01/2020,10:30:56,10.7,10.8,3500,11.1,7000,0,378000
HINDALCO30Jan20220PE.NFO,07/01/2020,10:30:59,10.7,10.9,3500,11.1,7000,0,378000
HINDALCO30Jan20220PE.NFO,07/01/2020,10:31:02,10.7,10.85,3500,11.1,7000,0,378000
HINDALCO30Jan20220PE.NFO,07/01/2020,10:31:09,10.7,10.85,3500,11.1,3500,0,378000
HINDALCO30Jan20220PE.NFO,07/01/2020,10:31:15,10.7,10.85,3500,11.05,3500,0,378000
HINDALCO30Jan20220PE.NFO,07/01/2020,10:31:47,10.7,10.9,3500,11.15,7000,0,378000
HINDALCO30Jan20220PE.NFO,07/01/2020,10:31:50,10.7,10.9,3500,11.2,3500,0,378000
HINDALCO30Jan20220PE.NFO,07/01/2020,10:31:57,10.7,10.95,3500,11.2,3500,0,378000
HINDALCO30Jan20220PE.NFO,07/01/2020,10:32:01,10.7,10.9,3500,11.2,3500,0,378000
HINDALCO30Jan20220PE.NFO,07/01/2020,10:32:04,10.7,10.9,3500,11.2,14000,0,378000
HINDALCO30Jan20220PE.NFO,07/01/2020,10:32:08,10.7,10.95,3500,11.25,3500,0,378000
HINDALCO30Jan20220PE.NFO,07/01/2020,10:32:20,10.7,10.9,10500,11.2,3500,0,378000
HINDALCO30Jan20220PE.NFO,07/01/2020,10:32:24,10.7,10.9,10500,11.2,7000,0,378000
HINDALCO30Jan20220PE.NFO,07/01/2020,10:32:27,10.7,10.85,7000,11.2,10500,0,378000
HINDALCO30Jan20220PE.NFO,07/01/2020,10:32:31,10.7,10.85,3500,11.1,3500,0,378000
HINDALCO30Jan20220PE.NFO,07/01/2020,10:32:35,10.7,10.9,3500,11.2,3500,0,378000
HINDALCO30Jan20220PE.NFO,07/01/2020,10:32:39,10.7,10.95,3500,11.25,3500,0,378000
HINDALCO30Jan20220PE.NFO,07/01/2020,10:32:43,10.7,10.85,3500,11.2,7000,0,378000
HINDALCO30Jan20220PE.NFO,07/01/2020,10:32:52,10.7,10.85,3500,11.15,3500,0,378000
HINDALCO30Jan20220PE.NFO,07/01/2020,10:32:55,10.7,10.9,3500,11.15,3500,0,378000
HINDALCO30Jan20220PE.NFO,07/01/2020,10:33:32,10.7,10.85,3500,11.15,3500,0,378000
HINDALCO30Jan20220PE.NFO,07/01/2020,10:33:39,10.7,10.85,3500,11.05,3500,0,378000
HINDALCO30Jan20220PE.NFO,07/01/2020,10:33:45,10.7,10.9,3500,11.05,3500,0,378000
HINDALCO30Jan20220PE.NFO,07/01/2020,10:33:47,10.7,10.9,3500,11.1,3500,0,378000
HINDALCO30Jan20220PE.NFO,07/01/2020,10:33:50,10.7,10.85,3500,11.1,3500,0,378000
HINDALCO30Jan20220PE.NFO,07/01/2020,10:33:52,10.7,10.9,3500,11.1,3500,0,378000
HINDALCO30Jan20220PE.NFO,07/01/2020,10:33:55,10.7,10.85,3500,11.1,3500,0,378000
HINDALCO30Jan20220PE.NFO,07/01/2020,10:33:57,10.7,10.85,17500,11.15,7000,0,378000
HINDALCO30Jan20220PE.NFO,07/01/2020,10:33:58,10.7,10.9,3500,11.2,3500,0,378000
HINDALCO30Jan20220PE.NFO,07/01/2020,10:34:01,10.7,10.95,3500,11.2,3500,0,378000
HINDALCO30Jan20220PE.NFO,07/01/2020,10:34:05,10.7,10.9,3500,11.2,3500,0,378000
HINDALCO30Jan20220PE.NFO,07/01/2020,10:34:12,10.7,10.95,3500,11.2,3500,0,378000
HINDALCO30Jan20220PE.NFO,07/01/2020,10:34:16,10.7,11,3500,11.2,3500,0,378000
HINDALCO30Jan20220PE.NFO,07/01/2020,10:34:20,10.7,10.95,3500,11.2,3500,0,378000
HINDALCO30Jan20220PE.NFO,07/01/2020,10:34:25,10.7,10.9,3500,11.2,3500,0,378000
HINDALCO30Jan20220PE.NFO,07/01/2020,10:34:29,10.7,10.9,3500,11.2,7000,0,378000
HINDALCO30Jan20220PE.NFO,07/01/2020,10:34:33,10.7,10.95,3500,11.2,7000,0,378000
HINDALCO30Jan20220PE.NFO,07/01/2020,10:34:41,10.7,10.85,3500,11.15,7000,0,378000
HINDALCO30Jan20220PE.NFO,07/01/2020,10:35:12,10.7,10.8,3500,11.1,3500,0,378000
HINDALCO30Jan20220PE.NFO,07/01/2020,10:35:15,10.7,10.9,3500,11.1,3500,0,378000
HINDALCO30Jan20220PE.NFO,07/01/2020,10:35:21,10.7,10.85,3500,11.1,3500,0,378000
HINDALCO30Jan20220PE.NFO,07/01/2020,10:35:29,10.7,10.9,3500,11.1,3500,0,378000
HINDALCO30Jan20220PE.NFO,07/01/2020,10:35:36,10.7,10.85,3500,11.1,3500,0,378000
HINDALCO30Jan20220PE.NFO,07/01/2020,10:35:40,10.7,10.9,3500,11.1,3500,0,378000
HINDALCO30Jan20220PE.NFO,07/01/2020,10:35:46,10.7,10.85,3500,11.15,10500,0,378000
HINDALCO30Jan20220PE.NFO,07/01/2020,10:35:56,10.7,10.9,3500,11.15,10500,0,378000
HINDALCO30Jan20220PE.NFO,07/01/2020,10:35:59,10.7,10.9,3500,11.15,7000,0,378000
HINDALCO30Jan20220PE.NFO,07/01/2020,10:36:02,10.7,10.85,3500,11.15,7000,0,378000
HINDALCO30Jan20220PE.NFO,07/01/2020,10:36:11,10.7,10.9,3500,11.15,7000,0,378000
HINDALCO30Jan20220PE.NFO,07/01/2020,10:36:15,10.7,10.85,3500,11.15,7000,0,378000
HINDALCO30Jan20220PE.NFO,07/01/2020,10:36:19,10.7,10.9,3500,11.15,7000,0,378000
HINDALCO30Jan20220PE.NFO,07/01/2020,10:36:22,10.7,10.85,3500,11.15,7000,0,378000
HINDALCO30Jan20220PE.NFO,07/01/2020,10:36:25,10.7,10.9,3500,11.15,7000,0,378000
HINDALCO30Jan20220PE.NFO,07/01/2020,10:36:27,10.7,10.85,3500,11.15,7000,0,378000
HINDALCO30Jan20220PE.NFO,07/01/2020,10:36:36,10.7,10.9,3500,11.15,7000,0,378000
HINDALCO30Jan20220PE.NFO,07/01/2020,10:36:38,10.7,10.85,3500,11.15,7000,0,378000
HINDALCO30Jan20220PE.NFO,07/01/2020,10:36:41,10.7,10.9,3500,11.15,7000,0,378000
HINDALCO30Jan20220PE.NFO,07/01/2020,10:36:43,10.7,10.75,3500,11,7000,0,378000
HINDALCO30Jan20220PE.NFO,07/01/2020,10:36:50,10.7,10.8,3500,11,7000,0,378000
HINDALCO30Jan20220PE.NFO,07/01/2020,10:36:55,10.7,10.75,3500,11,7000,0,378000
HINDALCO30Jan20220PE.NFO,07/01/2020,10:36:59,10.7,10.75,3500,11,3500,0,378000
HINDALCO30Jan20220PE.NFO,07/01/2020,10:37:01,10.7,10.8,3500,11,3500,0,378000
HINDALCO30Jan20220PE.NFO,07/01/2020,10:37:05,10.7,10.75,3500,11,3500,0,378000
HINDALCO30Jan20220PE.NFO,07/01/2020,10:37:09,10.7,10.8,3500,11,3500,0,378000
HINDALCO30Jan20220PE.NFO,07/01/2020,10:37:13,10.7,10.8,3500,11,7000,0,378000
HINDALCO30Jan20220PE.NFO,07/01/2020,10:37:20,10.7,10.7,3500,11,3500,0,378000
HINDALCO30Jan20220PE.NFO,07/01/2020,10:37:24,10.7,10.8,3500,11,3500,0,378000
HINDALCO30Jan20220PE.NFO,07/01/2020,10:37:32,10.7,10.8,3500,11,7000,0,378000
HINDALCO30Jan20220PE.NFO,07/01/2020,10:37:40,10.7,10.8,3500,11.05,3500,0,378000
HINDALCO30Jan20220PE.NFO,07/01/2020,10:37:44,10.7,10.75,3500,11.05,3500,0,378000
HINDALCO30Jan20220PE.NFO,07/01/2020,10:37:48,10.7,10.8,3500,11.05,3500,0,378000
HINDALCO30Jan20220PE.NFO,07/01/2020,10:37:51,10.7,10.75,3500,11.05,3500,0,378000
HINDALCO30Jan20220PE.NFO,07/01/2020,10:37:54,10.7,10.8,3500,11.05,3500,0,378000
HINDALCO30Jan20220PE.NFO,07/01/2020,10:38:03,10.7,10.75,3500,11.05,3500,0,378000
HINDALCO30Jan20220PE.NFO,07/01/2020,10:38:06,10.7,10.8,3500,11.05,3500,0,378000
HINDALCO30Jan20220PE.NFO,07/01/2020,10:38:09,10.7,10.75,3500,11.05,3500,0,378000
HINDALCO30Jan20220PE.NFO,07/01/2020,10:38:12,10.7,10.8,3500,11.05,3500,0,378000
HINDALCO30Jan20220PE.NFO,07/01/2020,10:38:17,10.7,10.75,3500,11.05,3500,0,378000
HINDALCO30Jan20220PE.NFO,07/01/2020,10:38:19,10.7,10.8,3500,11.05,3500,0,378000
HINDALCO30Jan20220PE.NFO,07/01/2020,10:38:26,10.7,10.75,3500,11.05,3500,0,378000
HINDALCO30Jan20220PE.NFO,07/01/2020,10:38:36,10.7,10.8,3500,11.05,3500,0,378000
HINDALCO30Jan20220PE.NFO,07/01/2020,10:38:40,10.7,10.75,3500,11.05,3500,0,378000
HINDALCO30Jan20220PE.NFO,07/01/2020,10:38:43,10.7,10.8,3500,11.05,3500,0,378000
HINDALCO30Jan20220PE.NFO,07/01/2020,10:38:46,10.7,10.75,3500,11,3500,0,378000
HINDALCO30Jan20220PE.NFO,07/01/2020,10:38:50,10.7,10.8,3500,11,3500,0,378000
HINDALCO30Jan20220PE.NFO,07/01/2020,10:38:56,10.7,10.8,3500,11.05,3500,0,378000
HINDALCO30Jan20220PE.NFO,07/01/2020,10:39:08,10.7,10.8,3500,11,7000,0,378000
HINDALCO30Jan20220PE.NFO,07/01/2020,10:39:12,10.7,10.8,3500,11.05,3500,0,378000
HINDALCO30Jan20220PE.NFO,07/01/2020,10:39:16,10.7,10.75,3500,11.05,3500,0,378000
HINDALCO30Jan20220PE.NFO,07/01/2020,10:39:24,10.7,10.8,3500,11.05,3500,0,378000
HINDALCO30Jan20220PE.NFO,07/01/2020,10:39:38,10.7,10.8,3500,11.1,3500,0,378000
HINDALCO30Jan20220PE.NFO,07/01/2020,10:39:44,10.7,10.9,3500,11.1,3500,0,378000
HINDALCO30Jan20220PE.NFO,07/01/2020,10:39:46,10.7,10.85,3500,11.1,3500,0,378000
HINDALCO30Jan20220PE.NFO,07/01/2020,10:39:49,10.7,10.9,3500,11.15,3500,0,378000
HINDALCO30Jan20220PE.NFO,07/01/2020,10:39:52,10.7,10.85,3500,11.15,10500,0,378000
HINDALCO30Jan20220PE.NFO,07/01/2020,10:39:55,10.7,10.9,3500,11.15,10500,0,378000
HINDALCO30Jan20220PE.NFO,07/01/2020,10:40:03,10.7,10.9,3500,11.15,3500,0,378000
HINDALCO30Jan20220PE.NFO,07/01/2020,10:40:07,10.7,10.9,3500,11.2,10500,0,378000
HINDALCO30Jan20220PE.NFO,07/01/2020,10:40:12,10.7,10.95,3500,11.15,3500,0,378000
HINDALCO30Jan20220PE.NFO,07/01/2020,10:40:16,10.7,10.9,3500,11.15,3500,0,378000
HINDALCO30Jan20220PE.NFO,07/01/2020,10:40:19,10.7,10.95,3500,11.2,10500,0,378000
HINDALCO30Jan20220PE.NFO,07/01/2020,10:40:21,10.7,10.9,10500,11.15,3500,0,378000
HINDALCO30Jan20220PE.NFO,07/01/2020,10:40:23,10.7,10.95,3500,11.15,3500,0,378000
HINDALCO30Jan20220PE.NFO,07/01/2020,10:40:29,10.7,10.95,3500,11.2,3500,0,378000
HINDALCO30Jan20220PE.NFO,07/01/2020,10:40:32,10.7,10.9,3500,11.2,3500,0,378000
HINDALCO30Jan20220PE.NFO,07/01/2020,10:40:35,10.7,10.95,3500,11.2,3500,0,378000
HINDALCO30Jan20220PE.NFO,07/01/2020,10:40:37,10.7,10.9,3500,11.2,3500,0,378000
HINDALCO30Jan20220PE.NFO,07/01/2020,10:40:40,10.7,10.9,3500,11.15,3500,0,378000
HINDALCO30Jan20220PE.NFO,07/01/2020,10:40:49,10.7,10.95,3500,11.15,3500,0,378000
HINDALCO30Jan20220PE.NFO,07/01/2020,10:40:51,10.7,10.9,3500,11.15,3500,0,378000
HINDALCO30Jan20220PE.NFO,07/01/2020,10:40:56,10.7,10.95,3500,11.15,3500,0,378000
HINDALCO30Jan20220PE.NFO,07/01/2020,10:41:00,10.7,10.9,3500,11.15,3500,0,378000
HINDALCO30Jan20220PE.NFO,07/01/2020,10:41:03,10.7,10.95,3500,11.15,3500,0,378000
HINDALCO30Jan20220PE.NFO,07/01/2020,10:41:13,10.7,10.95,3500,11.2,10500,0,378000
HINDALCO30Jan20220PE.NFO,07/01/2020,10:41:16,10.7,10.9,3500,11.15,3500,0,378000
HINDALCO30Jan20220PE.NFO,07/01/2020,10:41:18,10.7,10.95,3500,11.15,3500,0,378000
HINDALCO30Jan20220PE.NFO,07/01/2020,10:41:23,10.7,10.75,3500,11.1,10500,0,378000
HINDALCO30Jan20220PE.NFO,07/01/2020,10:41:28,10.7,10.8,3500,11.1,14000,0,378000
HINDALCO30Jan20220PE.NFO,07/01/2020,10:41:32,10.7,10.8,3500,11.15,3500,0,378000
HINDALCO30Jan20220PE.NFO,07/01/2020,10:41:34,10.7,10.85,3500,11.15,7000,0,378000
HINDALCO30Jan20220PE.NFO,07/01/2020,10:41:37,10.7,10.8,3500,11.15,7000,0,378000
HINDALCO30Jan20220PE.NFO,07/01/2020,10:41:40,10.7,10.85,3500,11.15,10500,0,378000
HINDALCO30Jan20220PE.NFO,07/01/2020,10:41:43,10.7,10.8,3500,11.1,14000,0,378000
HINDALCO30Jan20220PE.NFO,07/01/2020,10:41:52,10.7,10.75,3500,11,3500,0,378000
HINDALCO30Jan20220PE.NFO,07/01/2020,10:42:00,10.7,10.8,3500,11,3500,0,378000
HINDALCO30Jan20220PE.NFO,07/01/2020,10:42:03,10.7,10.75,3500,11,3500,0,378000
HINDALCO30Jan20220PE.NFO,07/01/2020,10:42:07,10.7,10.7,3500,11,3500,0,378000
HINDALCO30Jan20220PE.NFO,07/01/2020,10:42:11,10.7,10.8,3500,11,3500,0,378000
HINDALCO30Jan20220PE.NFO,07/01/2020,10:42:14,10.7,10.8,3500,11.05,3500,0,378000
HINDALCO30Jan20220PE.NFO,07/01/2020,10:42:19,10.7,10.8,3500,11.1,3500,0,378000
HINDALCO30Jan20220PE.NFO,07/01/2020,10:42:21,10.7,10.8,3500,11.1,10500,0,378000
HINDALCO30Jan20220PE.NFO,07/01/2020,10:42:24,10.7,10.85,3500,11.1,10500,0,378000
HINDALCO30Jan20220PE.NFO,07/01/2020,10:42:27,10.7,10.8,3500,11.1,10500,0,378000
HINDALCO30Jan20220PE.NFO,07/01/2020,10:42:29,10.7,10.8,3500,11.1,3500,0,378000
HINDALCO30Jan20220PE.NFO,07/01/2020,10:42:33,10.7,10.8,3500,11.1,7000,0,378000
HINDALCO30Jan20220PE.NFO,07/01/2020,10:42:36,10.7,10.85,3500,11.1,7000,0,378000
HINDALCO30Jan20220PE.NFO,07/01/2020,10:42:42,10.7,10.8,3500,11.1,7000,0,378000
HINDALCO30Jan20220PE.NFO,07/01/2020,10:42:47,10.7,10.85,3500,11.1,7000,0,378000
HINDALCO30Jan20220PE.NFO,07/01/2020,10:42:52,10.7,10.8,3500,11.1,7000,0,378000
HINDALCO30Jan20220PE.NFO,07/01/2020,10:42:54,10.7,10.85,3500,11.1,7000,0,378000
HINDALCO30Jan20220PE.NFO,07/01/2020,10:42:58,10.7,10.8,3500,11.1,7000,0,378000
HINDALCO30Jan20220PE.NFO,07/01/2020,10:43:02,10.7,10.85,3500,11.1,7000,0,378000
HINDALCO30Jan20220PE.NFO,07/01/2020,10:43:05,10.7,10.8,3500,11.1,7000,0,378000
HINDALCO30Jan20220PE.NFO,07/01/2020,10:43:08,10.7,10.85,3500,11.1,7000,0,378000
HINDALCO30Jan20220PE.NFO,07/01/2020,10:43:18,10.7,10.8,3500,11.1,7000,0,378000
HINDALCO30Jan20220PE.NFO,07/01/2020,10:43:19,10.7,10.85,3500,11.1,7000,0,378000
HINDALCO30Jan20220PE.NFO,07/01/2020,10:43:20,10.7,10.85,3500,11.1,10500,0,378000
HINDALCO30Jan20220PE.NFO,07/01/2020,10:43:23,10.7,10.8,3500,11.1,7000,0,378000
HINDALCO30Jan20220PE.NFO,07/01/2020,10:43:30,10.7,10.85,3500,11.1,7000,0,378000
HINDALCO30Jan20220PE.NFO,07/01/2020,10:43:37,10.7,10.85,3500,11.15,7000,0,378000
HINDALCO30Jan20220PE.NFO,07/01/2020,10:43:53,10.7,10.95,3500,11.15,3500,0,378000
HINDALCO30Jan20220PE.NFO,07/01/2020,10:43:56,10.7,10.95,3500,11.15,7000,0,378000
HINDALCO30Jan20220PE.NFO,07/01/2020,10:44:03,10.7,10.9,3500,11.15,7000,0,378000
HINDALCO30Jan20220PE.NFO,07/01/2020,10:44:07,10.7,10.95,3500,11.15,7000,0,378000
HINDALCO30Jan20220PE.NFO,07/01/2020,10:44:11,10.7,10.9,3500,11.15,7000,0,378000
HINDALCO30Jan20220PE.NFO,07/01/2020,10:44:13,10.7,10.95,3500,11.15,7000,0,378000
HINDALCO30Jan20220PE.NFO,07/01/2020,10:44:16,10.7,10.9,3500,11.15,7000,0,378000
HINDALCO30Jan20220PE.NFO,07/01/2020,10:44:22,10.7,10.9,3500,11.15,3500,0,378000
HINDALCO30Jan20220PE.NFO,07/01/2020,10:44:28,10.7,10.95,3500,11.15,3500,0,378000
HINDALCO30Jan20220PE.NFO,07/01/2020,10:44:30,10.7,10.9,3500,11.15,3500,0,378000
HINDALCO30Jan20220PE.NFO,07/01/2020,10:44:33,10.7,10.95,3500,11.15,3500,0,378000
HINDALCO30Jan20220PE.NFO,07/01/2020,10:44:36,10.7,10.95,3500,11.15,7000,0,378000
HINDALCO30Jan20220PE.NFO,07/01/2020,10:44:41,10.7,10.9,3500,11.15,3500,0,378000
HINDALCO30Jan20220PE.NFO,07/01/2020,10:44:55,10.7,10.95,3500,11.2,7000,0,378000
HINDALCO30Jan20220PE.NFO,07/01/2020,10:44:57,10.7,10.9,3500,11.2,7000,0,378000
HINDALCO30Jan20220PE.NFO,07/01/2020,10:45:01,10.7,10.95,3500,11.2,3500,0,378000
HINDALCO30Jan20220PE.NFO,07/01/2020,10:45:06,10.7,10.9,3500,11.2,3500,0,378000
HINDALCO30Jan20220PE.NFO,07/01/2020,10:45:10,10.7,10.95,3500,11.2,3500,0,378000
HINDALCO30Jan20220PE.NFO,07/01/2020,10:45:13,10.7,10.9,3500,11.2,7000,0,378000
HINDALCO30Jan20220PE.NFO,07/01/2020,10:45:21,10.7,10.9,3500,11.15,3500,0,378000
HINDALCO30Jan20220PE.NFO,07/01/2020,10:45:33,10.7,10.9,3500,11.15,7000,0,378000
HINDALCO30Jan20220PE.NFO,07/01/2020,10:45:35,10.7,10.95,3500,11.15,3500,0,378000
HINDALCO30Jan20220PE.NFO,07/01/2020,10:45:37,10.7,10.85,3500,11.15,7000,0,378000
HINDALCO30Jan20220PE.NFO,07/01/2020,10:45:39,10.7,10.9,3500,11.15,7000,0,378000
HINDALCO30Jan20220PE.NFO,07/01/2020,10:45:42,10.7,10.85,3500,11.15,7000,0,378000
HINDALCO30Jan20220PE.NFO,07/01/2020,10:45:45,10.7,10.9,3500,11.15,7000,0,378000
HINDALCO30Jan20220PE.NFO,07/01/2020,10:45:48,10.7,10.9,3500,11.15,17500,0,378000
HINDALCO30Jan20220PE.NFO,07/01/2020,10:45:51,10.7,10.85,3500,11.05,3500,0,378000
HINDALCO30Jan20220PE.NFO,07/01/2020,10:45:59,10.7,10.9,3500,11.05,3500,0,378000
HINDALCO30Jan20220PE.NFO,07/01/2020,10:46:01,10.7,10.8,3500,11.05,3500,0,378000
HINDALCO30Jan20220PE.NFO,07/01/2020,10:46:03,10.7,10.8,3500,11.1,7000,0,378000
HINDALCO30Jan20220PE.NFO,07/01/2020,10:46:11,10.7,10.8,3500,11.1,3500,0,378000
HINDALCO30Jan20220PE.NFO,07/01/2020,10:46:13,10.7,10.85,3500,11.1,3500,0,378000
HINDALCO30Jan20220PE.NFO,07/01/2020,10:46:16,10.7,10.8,3500,11.1,3500,0,378000
HINDALCO30Jan20220PE.NFO,07/01/2020,10:46:19,10.7,10.85,3500,11.1,7000,0,378000
HINDALCO30Jan20220PE.NFO,07/01/2020,10:46:25,10.7,10.8,3500,11.1,7000,0,378000
HINDALCO30Jan20220PE.NFO,07/01/2020,10:46:27,10.7,10.85,3500,11.1,3500,0,378000
HINDALCO30Jan20220PE.NFO,07/01/2020,10:46:30,10.7,10.8,3500,11.05,3500,0,378000
HINDALCO30Jan20220PE.NFO,07/01/2020,10:46:33,10.7,10.85,3500,11.05,3500,0,378000
HINDALCO30Jan20220PE.NFO,07/01/2020,10:46:41,10.7,10.8,3500,11.05,3500,0,378000
HINDALCO30Jan20220PE.NFO,07/01/2020,10:46:44,10.7,10.85,3500,11.1,3500,0,378000
HINDALCO30Jan20220PE.NFO,07/01/2020,10:46:50,10.7,10.95,3500,11.15,7000,0,378000
HINDALCO30Jan20220PE.NFO,07/01/2020,10:46:56,10.7,10.9,3500,11.15,7000,0,378000
HINDALCO30Jan20220PE.NFO,07/01/2020,10:47:08,10.7,10.95,3500,11.15,7000,0,378000
HINDALCO30Jan20220PE.NFO,07/01/2020,10:47:11,10.7,10.95,3500,11.15,3500,0,378000
HINDALCO30Jan20220PE.NFO,07/01/2020,10:47:14,10.7,10.9,3500,11.15,3500,0,378000
HINDALCO30Jan20220PE.NFO,07/01/2020,10:47:19,10.7,10.8,3500,11.1,10500,0,378000
HINDALCO30Jan20220PE.NFO,07/01/2020,10:47:24,10.7,10.85,3500,11.1,14000,0,378000
HINDALCO30Jan20220PE.NFO,07/01/2020,10:47:31,10.7,10.85,3500,11.1,10500,0,378000
HINDALCO30Jan20220PE.NFO,07/01/2020,10:47:34,10.7,10.9,3500,11.1,10500,0,378000
HINDALCO30Jan20220PE.NFO,07/01/2020,10:47:44,10.7,10.85,3500,11.1,10500,0,378000
HINDALCO30Jan20220PE.NFO,07/01/2020,10:47:52,10.7,10.85,3500,11.1,14000,0,378000
HINDALCO30Jan20220PE.NFO,07/01/2020,10:47:59,10.7,10.9,3500,11.1,10500,0,378000
HINDALCO30Jan20220PE.NFO,07/01/2020,10:48:02,10.7,10.75,3500,11,3500,0,378000
HINDALCO30Jan20220PE.NFO,07/01/2020,10:48:10,10.7,10.7,3500,11,10500,0,378000
HINDALCO30Jan20220PE.NFO,07/01/2020,10:48:14,10.7,10.8,3500,11,3500,0,378000
HINDALCO30Jan20220PE.NFO,07/01/2020,10:48:17,10.7,10.8,3500,11.05,7000,0,378000
HINDALCO30Jan20220PE.NFO,07/01/2020,10:48:20,10.7,10.8,3500,11,10500,0,378000
HINDALCO30Jan20220PE.NFO,07/01/2020,10:48:23,10.7,10.8,3500,11,14000,0,378000
HINDALCO30Jan20220PE.NFO,07/01/2020,10:48:28,10.7,10.75,3500,11.05,7000,0,378000
HINDALCO30Jan20220PE.NFO,07/01/2020,10:48:34,10.7,10.8,3500,11.05,10500,0,378000
HINDALCO30Jan20220PE.NFO,07/01/2020,10:48:39,10.7,10.7,3500,11.05,14000,0,378000
HINDALCO30Jan20220PE.NFO,07/01/2020,10:48:43,10.7,10.8,3500,11.05,10500,0,378000
HINDALCO30Jan20220PE.NFO,07/01/2020,10:48:54,10.7,10.8,3500,11.05,7000,0,378000
HINDALCO30Jan20220PE.NFO,07/01/2020,10:48:58,10.7,10.75,3500,11.05,3500,0,378000
HINDALCO30Jan20220PE.NFO,07/01/2020,10:49:06,10.7,10.8,3500,11.05,3500,0,378000
HINDALCO30Jan20220PE.NFO,07/01/2020,10:49:10,10.7,10.75,3500,11.05,3500,0,378000
HINDALCO30Jan20220PE.NFO,07/01/2020,10:49:17,10.7,10.8,3500,11.05,3500,0,378000
HINDALCO30Jan20220PE.NFO,07/01/2020,10:49:20,10.7,10.85,3500,11.05,3500,0,378000
HINDALCO30Jan20220PE.NFO,07/01/2020,10:49:23,10.7,10.8,3500,11.05,3500,0,378000
HINDALCO30Jan20220PE.NFO,07/01/2020,10:49:26,10.7,10.85,3500,11.05,3500,0,378000
HINDALCO30Jan20220PE.NFO,07/01/2020,10:49:29,10.7,10.8,3500,11.05,3500,0,378000
HINDALCO30Jan20220PE.NFO,07/01/2020,10:49:33,10.7,10.85,3500,11.05,3500,0,378000
HINDALCO30Jan20220PE.NFO,07/01/2020,10:49:39,10.7,10.8,3500,11.05,3500,0,378000
HINDALCO30Jan20220PE.NFO,07/01/2020,10:49:43,10.7,10.85,3500,11.05,3500,0,378000
HINDALCO30Jan20220PE.NFO,07/01/2020,10:49:47,10.7,10.8,3500,11.1,7000,0,378000
HINDALCO30Jan20220PE.NFO,07/01/2020,10:49:50,10.7,10.85,3500,11.1,7000,0,378000
HINDALCO30Jan20220PE.NFO,07/01/2020,10:49:53,10.7,10.8,3500,11.1,7000,0,378000
HINDALCO30Jan20220PE.NFO,07/01/2020,10:49:58,10.7,10.85,3500,11.1,3500,0,378000
HINDALCO30Jan20220PE.NFO,07/01/2020,10:50:04,10.7,10.9,3500,11.15,3500,0,378000
HINDALCO30Jan20220PE.NFO,07/01/2020,10:50:14,10.7,10.85,3500,11.1,7000,0,378000
HINDALCO30Jan20220PE.NFO,07/01/2020,10:50:28,10.7,10.9,3500,11.1,3500,0,378000
HINDALCO30Jan20220PE.NFO,07/01/2020,10:50:32,10.7,10.85,3500,11.1,3500,0,378000
HINDALCO30Jan20220PE.NFO,07/01/2020,10:50:41,10.7,10.95,3500,11.2,10500,0,378000
HINDALCO30Jan20220PE.NFO,07/01/2020,10:50:48,10.7,10.9,3500,11.2,10500,0,378000
HINDALCO30Jan20220PE.NFO,07/01/2020,10:50:50,10.7,10.95,3500,11.2,10500,0,378000
HINDALCO30Jan20220PE.NFO,07/01/2020,10:50:58,10.7,10.9,3500,11.2,10500,0,378000
HINDALCO30Jan20220PE.NFO,07/01/2020,10:51:04,10.7,10.95,3500,11.2,10500,0,378000
HINDALCO30Jan20220PE.NFO,07/01/2020,10:51:11,10.7,10.85,3500,11.15,3500,0,378000
HINDALCO30Jan20220PE.NFO,07/01/2020,10:51:14,10.7,10.95,3500,11.2,10500,0,378000
HINDALCO30Jan20220PE.NFO,07/01/2020,10:51:16,10.7,10.85,3500,11.15,3500,0,378000
HINDALCO30Jan20220PE.NFO,07/01/2020,10:51:20,10.7,10.9,3500,11.2,10500,0,378000
HINDALCO30Jan20220PE.NFO,07/01/2020,10:51:23,10.7,10.85,3500,11.15,3500,0,378000
HINDALCO30Jan20220PE.NFO,07/01/2020,10:51:28,10.7,10.9,3500,11.2,10500,0,378000
HINDALCO30Jan20220PE.NFO,07/01/2020,10:51:30,10.7,10.9,3500,11.15,3500,0,378000
HINDALCO30Jan20220PE.NFO,07/01/2020,10:51:32,10.7,10.85,3500,11.2,10500,0,378000
HINDALCO30Jan20220PE.NFO,07/01/2020,10:51:34,10.7,10.9,3500,11.2,10500,0,378000
HINDALCO30Jan20220PE.NFO,07/01/2020,10:51:42,10.7,10.85,3500,11.2,10500,0,378000
HINDALCO30Jan20220PE.NFO,07/01/2020,10:51:56,10.7,10.9,3500,11.2,10500,0,378000
HINDALCO30Jan20220PE.NFO,07/01/2020,10:52:00,10.7,10.85,3500,11.2,10500,0,378000
HINDALCO30Jan20220PE.NFO,07/01/2020,10:52:16,10.7,10.9,3500,11.15,3500,0,378000
HINDALCO30Jan20220PE.NFO,07/01/2020,10:52:20,10.7,10.9,3500,11.1,3500,0,378000
HINDALCO30Jan20220PE.NFO,07/01/2020,10:52:24,10.7,10.95,3500,11.1,3500,0,378000
HINDALCO30Jan20220PE.NFO,07/01/2020,10:52:32,10.7,10.9,3500,11.1,3500,0,378000
HINDALCO30Jan20220PE.NFO,07/01/2020,10:52:35,10.7,10.9,3500,11.15,3500,0,378000
HINDALCO30Jan20220PE.NFO,07/01/2020,10:52:44,10.7,10.9,3500,11.2,7000,0,378000
HINDALCO30Jan20220PE.NFO,07/01/2020,10:52:48,10.7,10.95,3500,11.2,7000,0,378000
HINDALCO30Jan20220PE.NFO,07/01/2020,10:52:52,10.7,10.95,3500,11.2,3500,0,378000
HINDALCO30Jan20220PE.NFO,07/01/2020,10:52:56,10.7,10.9,3500,11.2,3500,0,378000
HINDALCO30Jan20220PE.NFO,07/01/2020,10:53:02,10.7,11.05,3500,11.25,3500,0,378000
HINDALCO30Jan20220PE.NFO,07/01/2020,10:53:07,10.7,11,3500,11.25,3500,0,378000
HINDALCO30Jan20220PE.NFO,07/01/2020,10:53:19,10.7,11.05,3500,11.3,7000,0,378000
HINDALCO30Jan20220PE.NFO,07/01/2020,10:53:24,10.7,11.05,3500,11.3,3500,0,378000
HINDALCO30Jan20220PE.NFO,07/01/2020,10:53:29,10.7,11.15,3500,11.35,7000,0,378000
HINDALCO30Jan20220PE.NFO,07/01/2020,10:53:34,10.7,11.05,3500,11.3,7000,0,378000
HINDALCO30Jan20220PE.NFO,07/01/2020,10:53:44,10.7,11,10500,11.35,7000,0,378000
HINDALCO30Jan20220PE.NFO,07/01/2020,10:53:50,10.7,11.05,3500,11.3,3500,0,378000
HINDALCO30Jan20220PE.NFO,07/01/2020,10:53:56,10.7,11.1,3500,11.4,10500,0,378000
HINDALCO30Jan20220PE.NFO,07/01/2020,10:54:01,10.7,11.15,3500,11.4,10500,0,378000
HINDALCO30Jan20220PE.NFO,07/01/2020,10:54:05,10.7,11.1,3500,11.4,7000,0,378000
HINDALCO30Jan20220PE.NFO,07/01/2020,10:54:10,10.7,11.15,3500,11.4,7000,0,378000
HINDALCO30Jan20220PE.NFO,07/01/2020,10:54:15,10.7,11.1,3500,11.35,3500,0,378000
HINDALCO30Jan20220PE.NFO,07/01/2020,10:54:20,10.7,11.15,3500,11.35,3500,0,378000
HINDALCO30Jan20220PE.NFO,07/01/2020,10:54:25,10.7,11.1,3500,11.35,3500,0,378000
HINDALCO30Jan20220PE.NFO,07/01/2020,10:54:29,10.7,11.1,3500,11.35,7000,0,378000
HINDALCO30Jan20220PE.NFO,07/01/2020,10:54:40,10.7,11.15,3500,11.45,10500,0,378000
HINDALCO30Jan20220PE.NFO,07/01/2020,10:54:44,10.7,11.2,3500,11.45,7000,0,378000
HINDALCO30Jan20220PE.NFO,07/01/2020,10:54:48,10.7,11.2,3500,11.4,7000,0,378000
HINDALCO30Jan20220PE.NFO,07/01/2020,10:54:52,10.7,11.05,3500,11.3,3500,0,378000
HINDALCO30Jan20220PE.NFO,07/01/2020,10:54:57,10.7,11.15,3500,11.45,7000,0,378000
HINDALCO30Jan20220PE.NFO,07/01/2020,10:55:02,10.7,11.2,3500,11.45,7000,0,378000
HINDALCO30Jan20220PE.NFO,07/01/2020,10:55:07,10.7,11.15,3500,11.4,3500,0,378000
HINDALCO30Jan20220PE.NFO,07/01/2020,10:55:12,10.7,11.15,3500,11.35,3500,0,378000
HINDALCO30Jan20220PE.NFO,07/01/2020,10:55:17,10.7,11.1,10500,11.45,10500,0,378000
HINDALCO30Jan20220PE.NFO,07/01/2020,10:55:22,10.7,11.1,3500,11.4,10500,0,378000
HINDALCO30Jan20220PE.NFO,07/01/2020,10:55:28,10.7,11.15,3500,11.35,7000,0,378000
HINDALCO30Jan20220PE.NFO,07/01/2020,10:55:34,10.7,11.1,3500,11.3,7000,0,378000
HINDALCO30Jan20220PE.NFO,07/01/2020,10:55:40,10.7,11.1,3500,11.4,10500,0,378000
HINDALCO30Jan20220PE.NFO,07/01/2020,10:55:55,10.7,11.1,3500,11.35,7000,0,378000
HINDALCO30Jan20220PE.NFO,07/01/2020,10:55:59,10.7,11.2,3500,11.4,10500,0,378000
HINDALCO30Jan20220PE.NFO,07/01/2020,10:56:03,10.7,11.1,3500,11.35,3500,0,378000
HINDALCO30Jan20220PE.NFO,07/01/2020,10:56:08,10.7,11.15,3500,11.35,3500,0,378000
HINDALCO30Jan20220PE.NFO,07/01/2020,10:56:13,10.7,11.1,3500,11.35,7000,0,378000
HINDALCO30Jan20220PE.NFO,07/01/2020,10:56:17,10.7,11.15,3500,11.35,7000,0,378000
HINDALCO30Jan20220PE.NFO,07/01/2020,10:56:21,10.7,11.15,3500,11.4,7000,0,378000
HINDALCO30Jan20220PE.NFO,07/01/2020,10:56:25,10.7,11.15,3500,11.35,3500,0,378000
HINDALCO30Jan20220PE.NFO,07/01/2020,10:56:29,10.7,11.15,3500,11.4,10500,0,378000
HINDALCO30Jan20220PE.NFO,07/01/2020,10:56:44,10.7,11.1,3500,11.4,10500,0,378000
HINDALCO30Jan20220PE.NFO,07/01/2020,10:56:53,10.7,11.15,3500,11.4,10500,0,378000
HINDALCO30Jan20220PE.NFO,07/01/2020,10:56:59,10.7,11.1,3500,11.4,10500,0,378000
HINDALCO30Jan20220PE.NFO,07/01/2020,10:57:04,10.7,11.15,3500,11.35,3500,0,378000
HINDALCO30Jan20220PE.NFO,07/01/2020,10:57:09,10.7,11.1,3500,11.4,10500,0,378000
HINDALCO30Jan20220PE.NFO,07/01/2020,10:57:22,10.7,11.15,3500,11.35,3500,0,378000
HINDALCO30Jan20220PE.NFO,07/01/2020,10:57:49,10.7,11.15,3500,11.3,7000,0,378000
HINDALCO30Jan20220PE.NFO,07/01/2020,10:57:55,10.7,11.1,3500,11.35,3500,0,378000
HINDALCO30Jan20220PE.NFO,07/01/2020,10:58:01,10.7,11.1,3500,11.3,7000,0,378000
HINDALCO30Jan20220PE.NFO,07/01/2020,10:58:07,10.7,11.05,3500,11.3,10500,0,378000
HINDALCO30Jan20220PE.NFO,07/01/2020,10:58:14,10.7,11.05,3500,11.25,3500,0,378000
HINDALCO30Jan20220PE.NFO,07/01/2020,10:58:27,10.7,11,7000,11.2,3500,0,378000
HINDALCO30Jan20220PE.NFO,07/01/2020,10:58:33,10.7,11,3500,11.2,3500,0,378000
HINDALCO30Jan20220PE.NFO,07/01/2020,10:58:45,10.7,11.05,3500,11.25,3500,0,378000
HINDALCO30Jan20220PE.NFO,07/01/2020,10:58:51,10.7,11.05,3500,11.25,7000,0,378000
HINDALCO30Jan20220PE.NFO,07/01/2020,10:58:58,10.7,11.05,3500,11.25,3500,0,378000
HINDALCO30Jan20220PE.NFO,07/01/2020,10:59:04,10.7,11,3500,11.2,3500,0,378000
HINDALCO30Jan20220PE.NFO,07/01/2020,10:59:11,10.7,10.95,3500,11.15,3500,0,378000
HINDALCO30Jan20220PE.NFO,07/01/2020,10:59:17,10.7,10.9,3500,11.1,3500,0,378000
HINDALCO30Jan20220PE.NFO,07/01/2020,10:59:23,10.7,10.9,3500,11.15,3500,0,378000
HINDALCO30Jan20220PE.NFO,07/01/2020,10:59:29,10.7,10.9,3500,11.1,3500,0,378000
HINDALCO30Jan20220PE.NFO,07/01/2020,10:59:35,10.7,10.85,3500,11.1,7000,0,378000
HINDALCO30Jan20220PE.NFO,07/01/2020,10:59:47,10.7,10.85,3500,11.15,3500,0,378000
HINDALCO30Jan20220PE.NFO,07/01/2020,10:59:52,10.7,10.95,3500,11.15,3500,0,378000
HINDALCO30Jan20220PE.NFO,07/01/2020,11:00:05,10.7,11.1,3500,11.3,3500,0,378000
HINDALCO30Jan20220PE.NFO,07/01/2020,11:00:12,10.7,11.05,3500,11.25,3500,0,378000
HINDALCO30Jan20220PE.NFO,07/01/2020,11:00:20,10.7,11.1,3500,11.25,3500,0,378000
HINDALCO30Jan20220PE.NFO,07/01/2020,11:00:26,10.7,11.05,7000,11.25,3500,0,378000
HINDALCO30Jan20220PE.NFO,07/01/2020,11:00:33,10.7,11.1,3500,11.35,3500,0,378000
HINDALCO30Jan20220PE.NFO,07/01/2020,11:00:40,10.7,11.15,3500,11.35,7000,0,378000
HINDALCO30Jan20220PE.NFO,07/01/2020,11:00:46,10.7,11.2,3500,11.4,3500,0,378000
HINDALCO30Jan20220PE.NFO,07/01/2020,11:00:52,10.7,11.2,3500,11.45,7000,0,378000
HINDALCO30Jan20220PE.NFO,07/01/2020,11:00:59,10.7,11.2,3500,11.5,7000,0,378000
HINDALCO30Jan20220PE.NFO,07/01/2020,11:01:07,10.7,11.3,3500,11.5,10500,0,378000
HINDALCO30Jan20220PE.NFO,07/01/2020,11:01:15,10.7,11.35,3500,11.6,3500,0,378000
HINDALCO30Jan20220PE.NFO,07/01/2020,11:01:22,10.7,11.25,3500,11.55,10500,0,378000
HINDALCO30Jan20220PE.NFO,07/01/2020,11:01:37,10.7,11.25,3500,11.45,3500,0,378000
HINDALCO30Jan20220PE.NFO,07/01/2020,11:01:45,10.7,11.15,3500,11.4,3500,0,378000
HINDALCO30Jan20220PE.NFO,07/01/2020,11:01:53,10.7,11.1,10500,11.4,3500,0,378000
HINDALCO30Jan20220PE.NFO,07/01/2020,11:02:00,10.7,11.15,3500,11.4,7000,0,378000
HINDALCO30Jan20220PE.NFO,07/01/2020,11:02:07,10.7,11.15,3500,11.4,3500,0,378000
HINDALCO30Jan20220PE.NFO,07/01/2020,11:02:14,10.7,11.15,3500,11.4,10500,0,378000
HINDALCO30Jan20220PE.NFO,07/01/2020,11:02:21,10.7,11.25,3500,11.45,7000,0,378000
HINDALCO30Jan20220PE.NFO,07/01/2020,11:02:27,10.7,11.25,3500,11.45,3500,0,378000
HINDALCO30Jan20220PE.NFO,07/01/2020,11:02:33,10.7,11.35,3500,11.6,3500,0,378000
HINDALCO30Jan20220PE.NFO,07/01/2020,11:02:40,10.7,11.3,3500,11.6,7000,0,378000
HINDALCO30Jan20220PE.NFO,07/01/2020,11:02:46,10.7,11.4,3500,11.6,3500,0,378000
HINDALCO30Jan20220PE.NFO,07/01/2020,11:02:53,10.7,11.35,14000,11.7,7000,0,378000
HINDALCO30Jan20220PE.NFO,07/01/2020,11:02:59,10.7,11.35,3500,11.65,10500,0,378000
HINDALCO30Jan20220PE.NFO,07/01/2020,11:03:05,10.7,11.35,3500,11.6,3500,0,378000
HINDALCO30Jan20220PE.NFO,07/01/2020,11:03:12,10.7,11.35,3500,11.65,3500,0,378000
HINDALCO30Jan20220PE.NFO,07/01/2020,11:03:20,10.7,11.35,3500,11.65,10500,0,378000
HINDALCO30Jan20220PE.NFO,07/01/2020,11:03:26,10.7,11.35,3500,11.65,3500,0,378000
HINDALCO30Jan20220PE.NFO,07/01/2020,11:03:32,10.7,11.35,3500,11.6,3500,0,378000
HINDALCO30Jan20220PE.NFO,07/01/2020,11:03:39,10.7,11.35,7000,11.7,7000,0,378000
HINDALCO30Jan20220PE.NFO,07/01/2020,11:03:46,10.7,11.35,7000,11.7,3500,0,378000
HINDALCO30Jan20220PE.NFO,07/01/2020,11:03:54,10.7,11.35,7000,11.7,7000,0,378000
HINDALCO30Jan20220PE.NFO,07/01/2020,11:04:00,10.7,11.35,3500,11.65,3500,0,378000
HINDALCO30Jan20220PE.NFO,07/01/2020,11:04:07,10.7,11.35,7000,11.7,7000,0,378000
HINDALCO30Jan20220PE.NFO,07/01/2020,11:04:13,10.7,11.35,7000,11.7,3500,0,378000
HINDALCO30Jan20220PE.NFO,07/01/2020,11:04:20,10.7,11.45,3500,11.75,3500,0,378000
HINDALCO30Jan20220PE.NFO,07/01/2020,11:04:26,10.7,11.45,3500,11.75,7000,0,378000
HINDALCO30Jan20220PE.NFO,07/01/2020,11:04:33,10.7,11.35,3500,11.7,7000,0,378000
HINDALCO30Jan20220PE.NFO,07/01/2020,11:04:40,10.7,11.35,7000,11.7,7000,0,378000
HINDALCO30Jan20220PE.NFO,07/01/2020,11:04:54,10.7,11.35,3500,11.7,14000,0,378000
HINDALCO30Jan20220PE.NFO,07/01/2020,11:05:01,10.7,11.35,7000,11.75,7000,0,378000
HINDALCO30Jan20220PE.NFO,07/01/2020,11:05:14,10.7,11.4,3500,11.7,3500,0,378000
HINDALCO30Jan20220PE.NFO,07/01/2020,11:05:21,10.7,11.35,7000,11.7,7000,0,378000
HINDALCO30Jan20220PE.NFO,07/01/2020,11:05:35,10.7,11.35,3500,11.7,14000,0,378000
HINDALCO30Jan20220PE.NFO,07/01/2020,11:05:42,10.7,11.35,3500,11.65,10500,0,378000
HINDALCO30Jan20220PE.NFO,07/01/2020,11:05:49,10.7,11.35,3500,11.65,7000,0,378000
HINDALCO30Jan20220PE.NFO,07/01/2020,11:05:56,10.7,11.3,3500,11.65,10500,0,378000
HINDALCO30Jan20220PE.NFO,07/01/2020,11:06:03,10.7,11.3,3500,11.6,10500,0,378000
HINDALCO30Jan20220PE.NFO,07/01/2020,11:06:10,10.7,11.2,3500,11.55,17500,0,378000
HINDALCO30Jan20220PE.NFO,07/01/2020,11:06:16,10.7,11.2,7000,11.6,10500,0,378000
HINDALCO30Jan20220PE.NFO,07/01/2020,11:06:23,10.7,11.3,3500,11.6,7000,0,378000
HINDALCO30Jan20220PE.NFO,07/01/2020,11:06:29,10.7,11.3,3500,11.65,10500,0,378000
HINDALCO30Jan20220PE.NFO,07/01/2020,11:06:34,10.7,11.3,3500,11.6,14000,0,378000
HINDALCO30Jan20220PE.NFO,07/01/2020,11:06:44,10.7,11.3,3500,11.6,7000,0,378000
HINDALCO30Jan20220PE.NFO,07/01/2020,11:06:49,10.7,11.3,3500,11.6,14000,0,378000
HINDALCO30Jan20220PE.NFO,07/01/2020,11:06:54,10.7,11.25,3500,11.6,14000,0,378000
HINDALCO30Jan20220PE.NFO,07/01/2020,11:07:00,10.7,11.25,3500,11.5,3500,0,378000
HINDALCO30Jan20220PE.NFO,07/01/2020,11:07:21,10.7,11.25,3500,11.55,3500,0,378000
HINDALCO30Jan20220PE.NFO,07/01/2020,11:07:25,10.7,11.3,14000,11.6,7000,0,378000
HINDALCO30Jan20220PE.NFO,07/01/2020,11:07:31,10.7,11.3,3500,11.6,7000,0,378000
HINDALCO30Jan20220PE.NFO,07/01/2020,11:07:36,10.7,11.35,7000,11.65,7000,0,378000
HINDALCO30Jan20220PE.NFO,07/01/2020,11:07:42,10.7,11.35,14000,11.65,10500,0,378000
HINDALCO30Jan20220PE.NFO,07/01/2020,11:07:48,10.7,11.35,14000,11.65,3500,0,378000
HINDALCO30Jan20220PE.NFO,07/01/2020,11:07:53,10.7,11.4,7000,11.7,7000,0,378000
HINDALCO30Jan20220PE.NFO,07/01/2020,11:07:58,10.7,11.4,3500,11.65,3500,0,378000
HINDALCO30Jan20220PE.NFO,07/01/2020,11:08:03,10.7,11.35,7000,11.65,7000,0,378000
HINDALCO30Jan20220PE.NFO,07/01/2020,11:08:12,10.7,11.35,3500,11.65,7000,0,378000
HINDALCO30Jan20220PE.NFO,07/01/2020,11:08:22,10.7,11.35,10500,11.7,7000,0,378000
HINDALCO30Jan20220PE.NFO,07/01/2020,11:08:28,10.7,11.4,7000,11.7,7000,0,378000
HINDALCO30Jan20220PE.NFO,07/01/2020,11:08:38,10.7,11.45,7000,11.7,7000,0,378000
HINDALCO30Jan20220PE.NFO,07/01/2020,11:08:43,10.7,11.45,7000,11.75,10500,0,378000
HINDALCO30Jan20220PE.NFO,07/01/2020,11:08:48,10.7,11.5,7000,11.75,10500,0,378000
HINDALCO30Jan20220PE.NFO,07/01/2020,11:08:53,10.7,11.35,17500,11.7,3500,0,378000
HINDALCO30Jan20220PE.NFO,07/01/2020,11:08:57,10.7,11.35,17500,11.65,3500,0,378000
HINDALCO30Jan20220PE.NFO,07/01/2020,11:09:03,10.7,11.35,17500,11.7,7000,0,378000
HINDALCO30Jan20220PE.NFO,07/01/2020,11:09:17,10.7,11.35,17500,11.7,3500,0,378000
HINDALCO30Jan20220PE.NFO,07/01/2020,11:09:22,10.7,11.35,17500,11.75,10500,0,378000
HINDALCO30Jan20220PE.NFO,07/01/2020,11:09:32,10.7,11.5,7000,11.75,3500,0,378000
HINDALCO30Jan20220PE.NFO,07/01/2020,11:09:41,10.7,11.4,14000,11.85,10500,0,378000
HINDALCO30Jan20220PE.NFO,07/01/2020,11:09:45,10.7,11.5,7000,11.75,3500,0,378000
HINDALCO30Jan20220PE.NFO,07/01/2020,11:09:49,10.7,11.5,3500,11.8,7000,0,378000
HINDALCO30Jan20220PE.NFO,07/01/2020,11:09:53,10.7,11.5,3500,11.8,10500,0,378000
HINDALCO30Jan20220PE.NFO,07/01/2020,11:09:57,10.7,11.45,7000,11.8,10500,0,378000
HINDALCO30Jan20220PE.NFO,07/01/2020,11:10:01,10.7,11.5,10500,11.8,10500,0,378000
HINDALCO30Jan20220PE.NFO,07/01/2020,11:10:06,10.7,11.4,10500,11.75,10500,0,378000
HINDALCO30Jan20220PE.NFO,07/01/2020,11:10:10,10.7,11.4,17500,11.8,10500,0,378000
HINDALCO30Jan20220PE.NFO,07/01/2020,11:10:14,10.7,11.4,3500,11.75,3500,0,378000
HINDALCO30Jan20220PE.NFO,07/01/2020,11:10:25,10.7,11.45,7000,11.75,3500,0,378000
HINDALCO30Jan20220PE.NFO,07/01/2020,11:10:29,10.7,11.45,3500,11.8,10500,0,378000
HINDALCO30Jan20220PE.NFO,07/01/2020,11:10:34,10.7,11.45,3500,11.75,3500,0,378000
HINDALCO30Jan20220PE.NFO,07/01/2020,11:10:46,10.7,11.45,3500,11.8,7000,0,378000
HINDALCO30Jan20220PE.NFO,07/01/2020,11:10:53,10.7,11.45,3500,11.75,3500,0,378000
HINDALCO30Jan20220PE.NFO,07/01/2020,11:10:57,10.7,11.45,3500,11.8,7000,0,378000
HINDALCO30Jan20220PE.NFO,07/01/2020,11:11:01,10.7,11.5,7000,11.8,7000,0,378000
HINDALCO30Jan20220PE.NFO,07/01/2020,11:11:06,10.7,11.45,17500,11.8,7000,0,378000
HINDALCO30Jan20220PE.NFO,07/01/2020,11:11:11,10.7,11.45,21000,11.85,7000,0,378000
HINDALCO30Jan20220PE.NFO,07/01/2020,11:11:17,10.7,11.55,10500,11.85,3500,0,378000
HINDALCO30Jan20220PE.NFO,07/01/2020,11:11:23,10.7,11.6,3500,11.9,7000,0,378000
HINDALCO30Jan20220PE.NFO,07/01/2020,11:11:31,10.7,11.55,14000,11.95,10500,0,378000
HINDALCO30Jan20220PE.NFO,07/01/2020,11:11:38,10.7,11.65,7000,11.95,3500,0,378000
HINDALCO30Jan20220PE.NFO,07/01/2020,11:11:52,10.7,11.55,17500,11.95,7000,0,378000
HINDALCO30Jan20220PE.NFO,07/01/2020,11:11:58,10.7,11.55,17500,11.95,3500,0,378000
HINDALCO30Jan20220PE.NFO,07/01/2020,11:12:06,10.7,11.55,21000,12,7000,0,378000
HINDALCO30Jan20220PE.NFO,07/01/2020,11:12:14,10.7,11.55,21000,12,10500,0,378000
HINDALCO30Jan20220PE.NFO,07/01/2020,11:12:21,10.7,11.55,21000,12,3500,0,378000
HINDALCO30Jan20220PE.NFO,07/01/2020,11:12:51,10.7,11.55,17500,11.9,3500,0,378000
HINDALCO30Jan20220PE.NFO,07/01/2020,11:13:01,10.7,11.5,17500,11.8,3500,0,378000
HINDALCO30Jan20220PE.NFO,07/01/2020,11:13:06,10.7,11.35,7000,11.7,3500,0,378000
HINDALCO30Jan20220PE.NFO,07/01/2020,11:13:12,10.7,11.3,17500,11.7,3500,0,378000
HINDALCO30Jan20220PE.NFO,07/01/2020,11:13:18,10.7,11.3,21000,11.7,3500,0,378000
HINDALCO30Jan20220PE.NFO,07/01/2020,11:13:35,10.7,11.45,7000,11.8,3500,0,378000
HINDALCO30Jan20220PE.NFO,07/01/2020,11:13:41,10.7,11.4,14000,11.75,3500,0,378000
HINDALCO30Jan20220PE.NFO,07/01/2020,11:13:47,10.7,11.35,14000,11.75,3500,0,378000
HINDALCO30Jan20220PE.NFO,07/01/2020,11:13:53,10.7,11.4,3500,11.75,3500,0,378000
HINDALCO30Jan20220PE.NFO,07/01/2020,11:13:58,10.7,11.35,10500,11.75,7000,0,378000
HINDALCO30Jan20220PE.NFO,07/01/2020,11:14:03,10.7,11.3,14000,11.65,3500,0,378000
HINDALCO30Jan20220PE.NFO,07/01/2020,11:14:09,10.7,11.35,3500,11.7,3500,0,378000
HINDALCO30Jan20220PE.NFO,07/01/2020,11:14:15,10.7,11.4,7000,11.7,3500,0,378000
HINDALCO30Jan20220PE.NFO,07/01/2020,11:14:21,10.7,11.4,7000,11.75,7000,0,378000
HINDALCO30Jan20220PE.NFO,07/01/2020,11:14:27,10.7,11.4,7000,11.75,3500,0,378000
HINDALCO30Jan20220PE.NFO,07/01/2020,11:14:32,10.7,11.45,7000,11.75,3500,0,378000
HINDALCO30Jan20220PE.NFO,07/01/2020,11:14:47,10.7,11.35,21000,11.75,3500,0,378000
HINDALCO30Jan20220PE.NFO,07/01/2020,11:14:58,10.7,11.5,7000,11.8,3500,0,378000
HINDALCO30Jan20220PE.NFO,07/01/2020,11:15:04,10.7,11.45,3500,11.8,3500,0,378000
HINDALCO30Jan20220PE.NFO,07/01/2020,11:15:10,10.7,11.55,17500,11.9,3500,0,378000
HINDALCO30Jan20220PE.NFO,07/01/2020,11:15:32,10.7,11.7,7000,12.05,10500,0,378000
HINDALCO30Jan20220PE.NFO,07/01/2020,11:15:38,10.7,11.65,7000,12.05,10500,0,378000
HINDALCO30Jan20220PE.NFO,07/01/2020,11:15:43,10.7,11.65,3500,12.05,7000,0,378000
HINDALCO30Jan20220PE.NFO,07/01/2020,11:15:48,10.7,11.75,7000,12.05,3500,0,378000
HINDALCO30Jan20220PE.NFO,07/01/2020,11:15:53,10.7,11.75,10500,12.15,3500,0,378000
HINDALCO30Jan20220PE.NFO,07/01/2020,11:15:58,10.7,11.8,3500,12.15,3500,0,378000
HINDALCO30Jan20220PE.NFO,07/01/2020,11:16:11,10.7,12,10500,12.35,3500,0,378000
HINDALCO30Jan20220PE.NFO,07/01/2020,11:16:18,10.7,11.9,10500,12.25,3500,0,378000
HINDALCO30Jan20220PE.NFO,07/01/2020,11:16:24,10.7,11.85,17500,12.2,3500,0,378000
HINDALCO30Jan20220PE.NFO,07/01/2020,11:16:30,10.7,11.85,17500,12.25,3500,0,378000
HINDALCO30Jan20220PE.NFO,07/01/2020,11:16:53,10.7,12,7000,12.3,3500,0,378000
HINDALCO30Jan20220PE.NFO,07/01/2020,11:17:09,10.7,11.9,10500,12.3,3500,0,378000
HINDALCO30Jan20220PE.NFO,07/01/2020,11:17:14,10.7,11.95,7000,12.3,3500,0,378000
HINDALCO30Jan20220PE.NFO,07/01/2020,11:17:18,10.7,11.8,17500,12.25,7000,0,378000
HINDALCO30Jan20220PE.NFO,07/01/2020,11:17:28,10.7,11.8,17500,12.25,3500,0,378000
HINDALCO30Jan20220PE.NFO,07/01/2020,11:17:33,10.7,11.8,21000,12.25,3500,0,378000
HINDALCO30Jan20220PE.NFO,07/01/2020,11:17:40,10.7,11.8,17500,12.2,3500,0,378000
HINDALCO30Jan20220PE.NFO,07/01/2020,11:17:46,10.7,11.8,21000,12.25,3500,0,378000
HINDALCO30Jan20220PE.NFO,07/01/2020,11:17:55,10.7,11.8,17500,12.25,3500,0,378000
HINDALCO30Jan20220PE.NFO,07/01/2020,11:18:00,10.7,11.8,17500,12.15,3500,0,378000
HINDALCO30Jan20220PE.NFO,07/01/2020,11:18:05,10.7,11.8,17500,12.2,3500,0,378000
HINDALCO30Jan20220PE.NFO,07/01/2020,11:18:11,10.7,11.8,14000,12.1,3500,0,378000
HINDALCO30Jan20220PE.NFO,07/01/2020,11:18:17,10.7,11.65,14000,12,3500,0,378000
HINDALCO30Jan20220PE.NFO,07/01/2020,11:18:26,10.7,11.8,3500,12.15,3500,0,378000
HINDALCO30Jan20220PE.NFO,07/01/2020,11:18:31,10.7,11.75,7000,12.15,7000,0,378000
HINDALCO30Jan20220PE.NFO,07/01/2020,11:18:36,10.7,11.65,17500,12,3500,0,378000
HINDALCO30Jan20220PE.NFO,07/01/2020,11:18:49,10.7,11.65,17500,12.05,3500,0,378000
HINDALCO30Jan20220PE.NFO,07/01/2020,11:18:55,10.7,11.65,17500,12,3500,0,378000
HINDALCO30Jan20220PE.NFO,07/01/2020,11:19:00,10.7,11.65,17500,12.05,3500,0,378000
HINDALCO30Jan20220PE.NFO,07/01/2020,11:19:12,10.7,11.65,17500,12,3500,0,378000
HINDALCO30Jan20220PE.NFO,07/01/2020,11:19:18,10.7,12,3500,12.35,3500,0,378000
HINDALCO30Jan20220PE.NFO,07/01/2020,11:19:27,10.7,11.95,21000,12.4,3500,0,378000
HINDALCO30Jan20220PE.NFO,07/01/2020,11:19:34,10.7,11.95,17500,12.35,3500,0,378000
HINDALCO30Jan20220PE.NFO,07/01/2020,11:19:39,10.7,11.95,17500,12.4,3500,0,378000
HINDALCO30Jan20220PE.NFO,07/01/2020,11:19:46,10.7,11.95,17500,12.35,3500,0,378000
HINDALCO30Jan20220PE.NFO,07/01/2020,11:20:08,10.7,12.05,7000,12.35,3500,0,378000
HINDALCO30Jan20220PE.NFO,07/01/2020,11:20:14,10.7,11.95,7000,12.35,10500,0,378000
HINDALCO30Jan20220PE.NFO,07/01/2020,11:20:30,10.7,11.85,17500,12.25,3500,0,378000
HINDALCO30Jan20220PE.NFO,07/01/2020,11:20:36,10.7,11.85,3500,12.25,3500,0,378000
HINDALCO30Jan20220PE.NFO,07/01/2020,11:20:41,10.7,11.9,7000,12.25,3500,0,378000
HINDALCO30Jan20220PE.NFO,07/01/2020,11:20:45,10.7,11.8,17500,12.25,10500,0,378000
HINDALCO30Jan20220PE.NFO,07/01/2020,11:20:51,10.7,11.75,7000,12.15,3500,0,378000
HINDALCO30Jan20220PE.NFO,07/01/2020,11:20:57,10.7,11.85,7000,12.15,3500,0,378000
HINDALCO30Jan20220PE.NFO,07/01/2020,11:21:08,10.7,11.75,17500,12.15,3500,0,378000
HINDALCO30Jan20220PE.NFO,07/01/2020,11:21:12,10.7,11.7,14000,12.15,3500,0,378000
HINDALCO30Jan20220PE.NFO,07/01/2020,11:21:16,10.7,11.8,7000,12.15,3500,0,378000
HINDALCO30Jan20220PE.NFO,07/01/2020,11:21:21,10.7,11.85,7000,12.15,3500,0,378000
HINDALCO30Jan20220PE.NFO,07/01/2020,11:21:26,10.7,11.9,7000,12.15,3500,0,378000
HINDALCO30Jan20220PE.NFO,07/01/2020,11:21:32,10.7,11.9,7000,12.25,3500,0,378000
HINDALCO30Jan20220PE.NFO,07/01/2020,11:21:44,10.7,11.9,7000,12.2,3500,0,378000
HINDALCO30Jan20220PE.NFO,07/01/2020,11:21:49,10.7,11.9,7000,12.25,3500,0,378000
HINDALCO30Jan20220PE.NFO,07/01/2020,11:21:53,10.7,12,7000,12.3,3500,0,378000
HINDALCO30Jan20220PE.NFO,07/01/2020,11:22:09,10.7,11.95,7000,12.3,3500,0,378000
HINDALCO30Jan20220PE.NFO,07/01/2020,11:22:22,10.7,12,7000,12.3,3500,0,378000
HINDALCO30Jan20220PE.NFO,07/01/2020,11:22:27,10.7,11.95,7000,12.3,3500,0,378000
HINDALCO30Jan20220PE.NFO,07/01/2020,11:22:45,10.7,11.85,17500,12.3,3500,0,378000
HINDALCO30Jan20220PE.NFO,07/01/2020,11:23:01,10.7,11.85,17500,12.2,3500,0,378000
HINDALCO30Jan20220PE.NFO,07/01/2020,11:23:11,10.7,11.85,17500,12.25,3500,0,378000
HINDALCO30Jan20220PE.NFO,07/01/2020,11:23:16,10.7,12.05,7000,12.3,3500,0,378000
HINDALCO30Jan20220PE.NFO,07/01/2020,11:23:21,10.7,11.85,17500,12.3,3500,0,378000
HINDALCO30Jan20220PE.NFO,07/01/2020,11:23:38,10.7,11.85,17500,12.2,3500,0,378000
HINDALCO30Jan20220PE.NFO,07/01/2020,11:23:57,10.7,11.75,14000,12.2,3500,0,378000
HINDALCO30Jan20220PE.NFO,07/01/2020,11:24:03,10.7,11.8,3500,12.2,3500,0,378000
HINDALCO30Jan20220PE.NFO,07/01/2020,11:24:09,10.7,11.85,7000,12.2,10500,0,378000
HINDALCO30Jan20220PE.NFO,07/01/2020,11:24:14,10.7,11.85,7000,12.15,3500,0,378000
HINDALCO30Jan20220PE.NFO,07/01/2020,11:24:19,10.7,11.9,7000,12.2,3500,0,378000
HINDALCO30Jan20220PE.NFO,07/01/2020,11:24:28,10.7,11.8,7000,12.2,3500,0,378000
HINDALCO30Jan20220PE.NFO,07/01/2020,11:24:51,10.7,11.8,7000,12.2,10500,0,378000
HINDALCO30Jan20220PE.NFO,07/01/2020,11:24:55,10.7,11.8,7000,12.2,3500,0,378000
HINDALCO30Jan20220PE.NFO,07/01/2020,11:24:59,10.7,11.9,3500,12.25,3500,0,378000
HINDALCO30Jan20220PE.NFO,07/01/2020,11:25:04,10.7,11.9,17500,12.35,10500,0,378000
HINDALCO30Jan20220PE.NFO,07/01/2020,11:25:14,10.7,12.05,7000,12.4,3500,0,378000
HINDALCO30Jan20220PE.NFO,07/01/2020,11:25:18,10.7,12.15,7000,12.45,3500,0,378000
HINDALCO30Jan20220PE.NFO,07/01/2020,11:25:23,10.7,12.2,17500,12.55,3500,0,378000
HINDALCO30Jan20220PE.NFO,07/01/2020,11:25:28,10.7,12.2,17500,12.55,7000,0,378000
HINDALCO30Jan20220PE.NFO,07/01/2020,11:25:33,10.7,12.2,17500,12.55,3500,0,378000
HINDALCO30Jan20220PE.NFO,07/01/2020,11:25:49,10.7,12.15,7000,12.5,3500,0,378000
HINDALCO30Jan20220PE.NFO,07/01/2020,11:25:54,10.7,12.2,7000,12.5,3500,0,378000
HINDALCO30Jan20220PE.NFO,07/01/2020,11:26:10,10.7,12.15,7000,12.5,7000,0,378000
HINDALCO30Jan20220PE.NFO,07/01/2020,11:26:20,10.7,12,3500,12.4,3500,0,378000
HINDALCO30Jan20220PE.NFO,07/01/2020,11:26:24,10.7,12.05,14000,12.4,3500,0,378000
HINDALCO30Jan20220PE.NFO,07/01/2020,11:26:34,10.7,11.9,17500,12.35,3500,0,378000
HINDALCO30Jan20220PE.NFO,07/01/2020,11:26:39,10.7,12.05,7000,12.35,3500,0,378000
HINDALCO30Jan20220PE.NFO,07/01/2020,11:26:50,10.7,12.15,7000,12.5,7000,0,378000
HINDALCO30Jan20220PE.NFO,07/01/2020,11:26:54,10.7,12.1,7000,12.5,7000,0,378000
HINDALCO30Jan20220PE.NFO,07/01/2020,11:26:57,10.7,12.15,7000,12.5,7000,0,378000
HINDALCO30Jan20220PE.NFO,07/01/2020,11:27:30,10.7,12.15,7000,12.5,10500,0,378000
HINDALCO30Jan20220PE.NFO,07/01/2020,11:27:43,10.7,12.1,7000,12.5,14000,0,378000
HINDALCO30Jan20220PE.NFO,07/01/2020,11:27:55,10.7,12,17500,12.5,14000,0,378000
HINDALCO30Jan20220PE.NFO,07/01/2020,11:28:15,10.7,12,17500,12.4,3500,0,378000
HINDALCO30Jan20220PE.NFO,07/01/2020,11:28:26,10.7,12,17500,12.35,3500,0,378000
HINDALCO30Jan20220PE.NFO,07/01/2020,11:28:29,10.7,12,17500,12.4,3500,0,378000
HINDALCO30Jan20220PE.NFO,07/01/2020,11:29:01,10.7,12,17500,12.35,3500,0,378000
HINDALCO30Jan20220PE.NFO,07/01/2020,11:29:07,10.7,12,17500,12.4,3500,0,378000
HINDALCO30Jan20220PE.NFO,07/01/2020,11:29:12,10.7,12,17500,12.45,3500,0,378000
HINDALCO30Jan20220PE.NFO,07/01/2020,11:29:16,10.7,12.15,7000,12.5,14000,0,378000
HINDALCO30Jan20220PE.NFO,07/01/2020,11:29:41,10.7,12.05,10500,12.4,3500,0,378000
HINDALCO30Jan20220PE.NFO,07/01/2020,11:29:48,10.7,12.1,7000,12.5,14000,0,378000
HINDALCO30Jan20220PE.NFO,07/01/2020,11:30:05,10.7,12.1,3500,12.4,3500,0,378000
HINDALCO30Jan20220PE.NFO,07/01/2020,11:30:08,10.7,12.1,3500,12.45,7000,0,378000
HINDALCO30Jan20220PE.NFO,07/01/2020,11:30:12,10.7,12.1,10500,12.45,7000,0,378000
HINDALCO30Jan20220PE.NFO,07/01/2020,11:30:21,10.7,12.15,7000,12.45,7000,0,378000
HINDALCO30Jan20220PE.NFO,07/01/2020,11:30:33,10.7,12.1,7000,12.45,7000,0,378000
HINDALCO30Jan20220PE.NFO,07/01/2020,11:30:37,10.7,12.15,7000,12.45,3500,0,378000
HINDALCO30Jan20220PE.NFO,07/01/2020,11:30:49,10.7,12.1,7000,12.4,3500,0,378000
HINDALCO30Jan20220PE.NFO,07/01/2020,11:30:52,10.7,11.95,17500,12.4,10500,0,378000
HINDALCO30Jan20220PE.NFO,07/01/2020,11:30:57,10.7,11.95,17500,12.35,7000,0,378000
HINDALCO30Jan20220PE.NFO,07/01/2020,11:31:01,10.7,11.85,3500,12.3,7000,0,378000
HINDALCO30Jan20220PE.NFO,07/01/2020,11:31:08,10.7,12,7000,12.35,10500,0,378000
HINDALCO30Jan20220PE.NFO,07/01/2020,11:31:14,10.7,11.85,17500,12.35,14000,0,378000
HINDALCO30Jan20220PE.NFO,07/01/2020,11:31:27,10.7,11.85,17500,12.25,3500,0,378000
HINDALCO30Jan20220PE.NFO,07/01/2020,11:31:40,10.7,11.85,17500,12.25,7000,0,378000
HINDALCO30Jan20220PE.NFO,07/01/2020,11:31:49,10.7,11.85,3500,12.2,7000,0,378000
HINDALCO30Jan20220PE.NFO,07/01/2020,11:31:55,10.7,11.95,3500,12.3,7000,0,378000
HINDALCO30Jan20220PE.NFO,07/01/2020,11:32:07,10.7,11.95,3500,12.3,3500,0,378000
HINDALCO30Jan20220PE.NFO,07/01/2020,11:32:13,10.7,12,14000,12.3,3500,0,378000
HINDALCO30Jan20220PE.NFO,07/01/2020,11:32:18,10.7,11.85,17500,12.3,3500,0,378000
HINDALCO30Jan20220PE.NFO,07/01/2020,11:32:22,10.7,11.9,7000,12.25,3500,0,378000
HINDALCO30Jan20220PE.NFO,07/01/2020,11:32:31,10.7,11.95,3500,12.3,7000,0,378000
HINDALCO30Jan20220PE.NFO,07/01/2020,11:32:37,10.7,11.95,3500,12.3,3500,0,378000
HINDALCO30Jan20220PE.NFO,07/01/2020,11:32:42,10.7,11.95,3500,12.25,3500,0,378000
HINDALCO30Jan20220PE.NFO,07/01/2020,11:32:47,10.7,11.9,7000,12.25,7000,0,378000
HINDALCO30Jan20220PE.NFO,07/01/2020,11:33:16,10.7,11.8,3500,12.15,3500,0,378000
HINDALCO30Jan20220PE.NFO,07/01/2020,11:33:29,10.7,11.85,14000,12.15,3500,0,378000
HINDALCO30Jan20220PE.NFO,07/01/2020,11:33:34,10.7,11.8,3500,12.1,3500,0,378000
HINDALCO30Jan20220PE.NFO,07/01/2020,11:33:38,10.7,11.8,3500,12.1,10500,0,378000
HINDALCO30Jan20220PE.NFO,07/01/2020,11:33:42,10.7,11.8,3500,12.1,3500,0,378000
HINDALCO30Jan20220PE.NFO,07/01/2020,11:33:50,10.7,11.8,3500,12.15,3500,0,378000
HINDALCO30Jan20220PE.NFO,07/01/2020,11:33:55,10.7,11.8,3500,12.1,3500,0,378000
HINDALCO30Jan20220PE.NFO,07/01/2020,11:34:01,10.7,11.8,3500,12.15,3500,0,378000
HINDALCO30Jan20220PE.NFO,07/01/2020,11:34:06,10.7,11.8,3500,12.1,3500,0,378000
HINDALCO30Jan20220PE.NFO,07/01/2020,11:34:32,10.7,11.7,3500,12.05,10500,0,378000
HINDALCO30Jan20220PE.NFO,07/01/2020,11:34:39,10.7,11.8,3500,12.15,3500,0,378000
HINDALCO30Jan20220PE.NFO,07/01/2020,11:34:44,10.7,11.9,3500,12.25,3500,0,378000
HINDALCO30Jan20220PE.NFO,07/01/2020,11:34:50,10.7,11.9,3500,12.2,3500,0,378000
HINDALCO30Jan20220PE.NFO,07/01/2020,11:34:56,10.7,11.75,21000,12.2,3500,0,378000
HINDALCO30Jan20220PE.NFO,07/01/2020,11:35:01,10.7,11.75,17500,12.15,3500,0,378000
HINDALCO30Jan20220PE.NFO,07/01/2020,11:35:07,10.7,11.85,3500,12.15,3500,0,378000
HINDALCO30Jan20220PE.NFO,07/01/2020,11:35:12,10.7,11.9,7000,12.2,7000,0,378000
HINDALCO30Jan20220PE.NFO,07/01/2020,11:35:18,10.7,11.85,10500,12.2,7000,0,378000
HINDALCO30Jan20220PE.NFO,07/01/2020,11:35:25,10.7,11.8,3500,12.1,3500,0,378000
HINDALCO30Jan20220PE.NFO,07/01/2020,11:36:05,10.7,11.6,14000,12.05,7000,0,378000
HINDALCO30Jan20220PE.NFO,07/01/2020,11:36:10,10.7,11.6,21000,12.1,3500,0,378000
HINDALCO30Jan20220PE.NFO,07/01/2020,11:36:16,10.7,11.8,3500,12.1,3500,0,378000
HINDALCO30Jan20220PE.NFO,07/01/2020,11:36:21,10.7,11.8,3500,12.15,3500,0,378000
HINDALCO30Jan20220PE.NFO,07/01/2020,11:36:25,10.7,11.85,14000,12.15,3500,0,378000
HINDALCO30Jan20220PE.NFO,07/01/2020,11:36:35,10.7,11.75,17500,12.15,3500,0,378000
HINDALCO30Jan20220PE.NFO,07/01/2020,11:36:40,10.7,11.75,17500,12.1,3500,0,378000
HINDALCO30Jan20220PE.NFO,07/01/2020,11:36:45,10.7,11.75,17500,12.2,3500,0,378000
HINDALCO30Jan20220PE.NFO,07/01/2020,11:36:58,10.7,11.95,14000,12.3,3500,0,378000
HINDALCO30Jan20220PE.NFO,07/01/2020,11:37:04,10.7,12,3500,12.3,3500,0,378000
HINDALCO30Jan20220PE.NFO,07/01/2020,11:37:20,10.7,12,3500,12.3,7000,0,378000
HINDALCO30Jan20220PE.NFO,07/01/2020,11:37:30,10.7,12.05,7000,12.35,3500,0,378000
HINDALCO30Jan20220PE.NFO,07/01/2020,11:37:35,10.7,12.05,14000,12.35,3500,0,378000
HINDALCO30Jan20220PE.NFO,07/01/2020,11:37:52,10.7,11.9,17500,12.35,10500,0,378000
HINDALCO30Jan20220PE.NFO,07/01/2020,11:38:13,10.7,11.9,17500,12.25,3500,0,378000
HINDALCO30Jan20220PE.NFO,07/01/2020,11:38:20,10.7,11.9,17500,12.3,3500,0,378000
HINDALCO30Jan20220PE.NFO,07/01/2020,11:38:26,10.7,11.9,17500,12.3,7000,0,378000
HINDALCO30Jan20220PE.NFO,07/01/2020,11:38:33,10.7,11.9,3500,12.3,10500,0,378000
HINDALCO30Jan20220PE.NFO,07/01/2020,11:38:40,10.7,11.9,3500,12.25,3500,0,378000
HINDALCO30Jan20220PE.NFO,07/01/2020,11:38:43,10.7,11.95,7000,12.25,3500,0,378000
HINDALCO30Jan20220PE.NFO,07/01/2020,11:38:48,10.7,11.9,3500,12.25,7000,0,378000
HINDALCO30Jan20220PE.NFO,07/01/2020,11:39:15,10.7,11.75,17500,12.15,3500,0,378000
HINDALCO30Jan20220PE.NFO,07/01/2020,11:39:45,10.7,11.75,21000,12.2,3500,0,378000
HINDALCO30Jan20220PE.NFO,07/01/2020,11:39:50,10.7,11.9,7000,12.2,3500,0,378000
HINDALCO30Jan20220PE.NFO,07/01/2020,11:39:58,10.7,11.8,7000,12.15,3500,0,378000
HINDALCO30Jan20220PE.NFO,07/01/2020,11:40:04,10.7,11.75,7000,12.15,7000,0,378000
HINDALCO30Jan20220PE.NFO,07/01/2020,11:40:18,12.15,11.75,7000,12.15,7000,3500,378000
HINDALCO30Jan20220PE.NFO,07/01/2020,11:40:18,12.15,11.75,7000,12.15,7000,0,378000
HINDALCO30Jan20220PE.NFO,07/01/2020,11:40:23,12.15,11.8,7000,12.15,7000,0,378000
HINDALCO30Jan20220PE.NFO,07/01/2020,11:40:34,12.15,11.75,7000,12.1,3500,0,378000
HINDALCO30Jan20220PE.NFO,07/01/2020,11:41:00,12.15,11.8,7000,12.15,10500,0,378000
HINDALCO30Jan20220PE.NFO,07/01/2020,11:41:07,12.15,11.8,7000,12.15,7000,0,378000
HINDALCO30Jan20220PE.NFO,07/01/2020,11:41:17,12.15,11.85,7000,12.15,7000,0,378000
HINDALCO30Jan20220PE.NFO,07/01/2020,11:42:03,12.15,11.8,17500,12.2,3500,0,378000
HINDALCO30Jan20220PE.NFO,07/01/2020,11:42:19,12.15,11.8,17500,12.25,7000,0,378000
HINDALCO30Jan20220PE.NFO,07/01/2020,11:42:25,12.15,11.8,3500,12.15,3500,0,378000
HINDALCO30Jan20220PE.NFO,07/01/2020,11:42:55,12.15,11.8,3500,12.15,7000,0,378000
HINDALCO30Jan20220PE.NFO,07/01/2020,11:43:44,12.15,11.8,3500,12.2,7000,0,378000
HINDALCO30Jan20220PE.NFO,07/01/2020,11:43:53,12.15,11.8,3500,12.15,3500,0,378000
HINDALCO30Jan20220PE.NFO,07/01/2020,11:43:57,12.15,11.8,3500,12.15,7000,0,378000
HINDALCO30Jan20220PE.NFO,07/01/2020,11:44:12,12.15,11.85,14000,12.15,7000,0,378000
HINDALCO30Jan20220PE.NFO,07/01/2020,11:44:16,12.15,11.85,14000,12.2,3500,0,378000
HINDALCO30Jan20220PE.NFO,07/01/2020,11:44:20,12.15,11.85,14000,12.2,7000,0,378000
HINDALCO30Jan20220PE.NFO,07/01/2020,11:44:32,12.15,11.85,14000,12.15,3500,0,378000
HINDALCO30Jan20220PE.NFO,07/01/2020,11:44:38,12.15,11.85,14000,12.2,7000,0,378000
HINDALCO30Jan20220PE.NFO,07/01/2020,11:44:41,12.15,11.9,3500,12.2,7000,0,378000
HINDALCO30Jan20220PE.NFO,07/01/2020,11:44:44,12.15,11.9,17500,12.25,3500,0,378000
HINDALCO30Jan20220PE.NFO,07/01/2020,11:45:25,12.15,11.9,17500,12.25,7000,0,378000
HINDALCO30Jan20220PE.NFO,07/01/2020,11:46:13,12.15,11.8,14000,12.2,3500,0,378000
HINDALCO30Jan20220PE.NFO,07/01/2020,11:46:17,12.15,11.85,3500,12.2,3500,0,378000
HINDALCO30Jan20220PE.NFO,07/01/2020,11:46:26,12.15,11.85,3500,12.25,10500,0,378000
HINDALCO30Jan20220PE.NFO,07/01/2020,11:47:12,12.15,11.85,3500,12.25,3500,0,378000
HINDALCO30Jan20220PE.NFO,07/01/2020,11:47:16,12.15,11.9,14000,12.3,7000,0,378000
HINDALCO30Jan20220PE.NFO,07/01/2020,11:47:39,12.15,12,7000,12.35,7000,0,378000
HINDALCO30Jan20220PE.NFO,07/01/2020,11:47:46,12.15,12,7000,12.35,3500,0,378000
HINDALCO30Jan20220PE.NFO,07/01/2020,11:47:49,12.15,12,7000,12.35,7000,0,378000
HINDALCO30Jan20220PE.NFO,07/01/2020,11:47:52,12.15,11.95,10500,12.35,10500,0,378000
HINDALCO30Jan20220PE.NFO,07/01/2020,11:47:57,12.15,11.95,10500,12.35,7000,0,378000
HINDALCO30Jan20220PE.NFO,07/01/2020,11:48:06,12.15,12,7000,12.35,7000,0,378000
HINDALCO30Jan20220PE.NFO,07/01/2020,11:48:17,12.15,12.05,7000,12.35,3500,0,378000
HINDALCO30Jan20220PE.NFO,07/01/2020,11:48:21,12.15,12,7000,12.35,3500,0,378000
HINDALCO30Jan20220PE.NFO,07/01/2020,11:48:25,12.15,12.05,7000,12.35,3500,0,378000
HINDALCO30Jan20220PE.NFO,07/01/2020,11:48:28,12.15,12,7000,12.35,3500,0,378000
HINDALCO30Jan20220PE.NFO,07/01/2020,11:48:39,12.15,12.05,3500,12.45,7000,0,378000
HINDALCO30Jan20220PE.NFO,07/01/2020,11:48:43,12.15,12.05,7000,12.4,3500,0,378000
HINDALCO30Jan20220PE.NFO,07/01/2020,11:48:54,12.15,12.1,3500,12.4,3500,0,378000
HINDALCO30Jan20220PE.NFO,07/01/2020,11:48:56,12.15,12.1,3500,12.4,7000,0,378000
HINDALCO30Jan20220PE.NFO,07/01/2020,11:49:02,12.15,12.1,3500,12.4,3500,0,378000
HINDALCO30Jan20220PE.NFO,07/01/2020,11:49:35,12.15,12.05,7000,12.4,3500,0,378000
