Ticker,Date,Time,LTP,BuyPrice,BuyQty,SellPrice,SellQty,LTQ,OpenInterest
IBULHSGFIN27Feb20300CE.NFO,07/01/2020,09:17:16,36.7,36.7,7200,38.75,1200,1200,231600
IBULHSGFIN27Feb20300CE.NFO,07/01/2020,09:17:16,36.7,36.7,7200,38.75,1200,0,231600
IBULHSGFIN27Feb20300CE.NFO,07/01/2020,09:17:16,36.7,36.7,7200,38.75,1200,0,231600
IBULHSGFIN27Feb20300CE.NFO,07/01/2020,09:17:16,36.7,36.7,7200,38.75,1200,0,231600
IBULHSGFIN27Feb20300CE.NFO,07/01/2020,09:17:25,36.7,36.9,4800,41.3,1200,0,231600
IBULHSGFIN27Feb20300CE.NFO,07/01/2020,09:17:44,36.9,36.9,2400,41.3,1200,1200,231600
IBULHSGFIN27Feb20300CE.NFO,07/01/2020,09:17:44,36.9,36.9,2400,41.3,1200,0,231600
IBULHSGFIN27Feb20300CE.NFO,07/01/2020,09:17:54,36.9,36.9,2400,41.3,1200,0,231600
IBULHSGFIN27Feb20300CE.NFO,07/01/2020,09:18:03,36.9,36.25,2400,41.3,1200,0,231600
IBULHSGFIN27Feb20300CE.NFO,07/01/2020,09:18:20,36.9,35.85,2400,38.95,2400,0,231600
IBULHSGFIN27Feb20300CE.NFO,07/01/2020,09:18:34,36.9,36,2400,38.95,2400,0,231600
IBULHSGFIN27Feb20300CE.NFO,07/01/2020,09:18:42,36.9,35.7,2400,38.9,4800,0,231600
IBULHSGFIN27Feb20300CE.NFO,07/01/2020,09:18:57,36.9,35.7,2400,38.9,9600,0,231600
IBULHSGFIN27Feb20300CE.NFO,07/01/2020,09:19:11,36.9,35.85,2400,38.9,4800,0,231600
IBULHSGFIN27Feb20300CE.NFO,07/01/2020,09:19:18,36.9,36.4,3600,38.9,1200,0,231600
IBULHSGFIN27Feb20300CE.NFO,07/01/2020,09:19:24,36.9,36.5,2400,39.6,1200,0,231600
IBULHSGFIN27Feb20300CE.NFO,07/01/2020,09:19:32,36.9,36.5,4800,39.5,1200,0,231600
IBULHSGFIN27Feb20300CE.NFO,07/01/2020,09:19:39,36.9,36.5,2400,39.5,1200,0,231600
IBULHSGFIN27Feb20300CE.NFO,07/01/2020,09:19:46,36.9,36.55,4800,39.5,1200,0,231600
IBULHSGFIN27Feb20300CE.NFO,07/01/2020,09:19:53,36.9,37,1200,39.5,1200,0,231600
IBULHSGFIN27Feb20300CE.NFO,07/01/2020,09:20:18,36.9,36.65,2400,39.5,1200,0,231600
IBULHSGFIN27Feb20300CE.NFO,07/01/2020,09:20:24,36.9,36.25,4800,39,2400,0,231600
IBULHSGFIN27Feb20300CE.NFO,07/01/2020,09:20:37,36.9,36.25,4800,38.95,3600,0,231600
IBULHSGFIN27Feb20300CE.NFO,07/01/2020,09:20:43,36.9,36.3,4800,38.95,3600,0,231600
IBULHSGFIN27Feb20300CE.NFO,07/01/2020,09:20:50,36.9,36.35,4800,39.55,1200,0,231600
IBULHSGFIN27Feb20300CE.NFO,07/01/2020,09:21:02,36.9,36.35,2400,39.55,1200,0,231600
IBULHSGFIN27Feb20300CE.NFO,07/01/2020,09:21:10,36.9,36.35,2400,39,2400,0,231600
IBULHSGFIN27Feb20300CE.NFO,07/01/2020,09:21:18,36.9,36.4,6000,39,2400,0,231600
IBULHSGFIN27Feb20300CE.NFO,07/01/2020,09:21:25,36.9,36.45,2400,38.95,1200,0,231600
IBULHSGFIN27Feb20300CE.NFO,07/01/2020,09:21:32,36.9,36.45,2400,38.95,3600,0,231600
IBULHSGFIN27Feb20300CE.NFO,07/01/2020,09:21:38,36.9,35.8,7200,38.95,6000,0,231600
IBULHSGFIN27Feb20300CE.NFO,07/01/2020,09:21:44,36.9,36.3,6000,38.95,3600,0,231600
IBULHSGFIN27Feb20300CE.NFO,07/01/2020,09:21:51,36.9,36.5,4800,39.85,1200,0,231600
IBULHSGFIN27Feb20300CE.NFO,07/01/2020,09:21:58,36.9,36.5,2400,39.85,1200,0,231600
IBULHSGFIN27Feb20300CE.NFO,07/01/2020,09:22:11,36.9,36.5,4800,39.85,1200,0,231600
IBULHSGFIN27Feb20300CE.NFO,07/01/2020,09:22:18,36.9,36.5,2400,39.85,1200,0,231600
IBULHSGFIN27Feb20300CE.NFO,07/01/2020,09:22:25,36.9,36.3,2400,39.85,1200,0,231600
IBULHSGFIN27Feb20300CE.NFO,07/01/2020,09:22:32,36.9,36.3,4800,38.95,1200,0,231600
IBULHSGFIN27Feb20300CE.NFO,07/01/2020,09:22:39,36.9,36.45,4800,39.2,1200,0,231600
IBULHSGFIN27Feb20300CE.NFO,07/01/2020,09:22:45,36.9,36.55,6000,39.6,1200,0,231600
IBULHSGFIN27Feb20300CE.NFO,07/01/2020,09:22:51,36.9,36.55,3600,39.6,1200,0,231600
IBULHSGFIN27Feb20300CE.NFO,07/01/2020,09:22:58,36.9,36.55,6000,39.6,1200,0,231600
IBULHSGFIN27Feb20300CE.NFO,07/01/2020,09:23:04,36.9,36.55,3600,39.45,1200,0,231600
IBULHSGFIN27Feb20300CE.NFO,07/01/2020,09:23:15,36.9,36.7,2400,39.55,1200,0,231600
IBULHSGFIN27Feb20300CE.NFO,07/01/2020,09:23:21,36.9,36.3,8400,39.6,1200,0,231600
IBULHSGFIN27Feb20300CE.NFO,07/01/2020,09:23:27,36.9,36.55,4800,39.6,1200,0,231600
IBULHSGFIN27Feb20300CE.NFO,07/01/2020,09:23:33,36.9,36.55,2400,39.2,1200,0,231600
IBULHSGFIN27Feb20300CE.NFO,07/01/2020,09:23:39,36.9,36.4,7200,39.6,1200,0,231600
IBULHSGFIN27Feb20300CE.NFO,07/01/2020,09:23:46,36.9,36.4,2400,39.3,1200,0,231600
IBULHSGFIN27Feb20300CE.NFO,07/01/2020,09:23:51,36.9,36.4,2400,39.2,1200,0,231600
IBULHSGFIN27Feb20300CE.NFO,07/01/2020,09:23:58,36.9,36.4,4800,39,1200,0,231600
IBULHSGFIN27Feb20300CE.NFO,07/01/2020,09:24:04,36.9,36.55,8400,40,1200,0,231600
IBULHSGFIN27Feb20300CE.NFO,07/01/2020,09:24:10,36.9,36.75,4800,39.55,1200,0,231600
IBULHSGFIN27Feb20300CE.NFO,07/01/2020,09:24:15,36.9,36.65,7200,39.7,1200,0,231600
IBULHSGFIN27Feb20300CE.NFO,07/01/2020,09:24:21,36.9,36.15,8400,39,1200,0,231600
IBULHSGFIN27Feb20300CE.NFO,07/01/2020,09:24:27,36.9,36.65,2400,39.35,1200,0,231600
IBULHSGFIN27Feb20300CE.NFO,07/01/2020,09:24:32,36.9,36.4,8400,39.35,1200,0,231600
IBULHSGFIN27Feb20300CE.NFO,07/01/2020,09:24:38,36.9,36.4,7200,39.2,1200,0,231600
IBULHSGFIN27Feb20300CE.NFO,07/01/2020,09:24:43,36.9,36.15,8400,39.2,1200,0,231600
IBULHSGFIN27Feb20300CE.NFO,07/01/2020,09:24:48,36.9,36.2,7200,39.6,1200,0,231600
IBULHSGFIN27Feb20300CE.NFO,07/01/2020,09:24:54,36.9,35.7,8400,38.75,1200,0,231600
IBULHSGFIN27Feb20300CE.NFO,07/01/2020,09:25:00,36.9,35.7,7200,38.55,1200,0,231600
IBULHSGFIN27Feb20300CE.NFO,07/01/2020,09:25:06,36.9,35.8,8400,38.7,1200,0,231600
IBULHSGFIN27Feb20300CE.NFO,07/01/2020,09:25:13,36.9,35.9,9600,38.45,1200,0,231600
IBULHSGFIN27Feb20300CE.NFO,07/01/2020,09:25:25,36.9,35.9,7200,38.4,1200,0,231600
IBULHSGFIN27Feb20300CE.NFO,07/01/2020,09:25:32,36.9,35.65,8400,38.35,1200,0,231600
IBULHSGFIN27Feb20300CE.NFO,07/01/2020,09:25:38,36.9,35.7,7200,38.35,1200,0,231600
IBULHSGFIN27Feb20300CE.NFO,07/01/2020,09:25:44,36.9,35.8,4800,38.35,1200,0,231600
IBULHSGFIN27Feb20300CE.NFO,07/01/2020,09:25:53,36.9,36.05,4800,38.5,1200,0,231600
IBULHSGFIN27Feb20300CE.NFO,07/01/2020,09:26:05,36.9,35.9,2400,38.35,1200,0,231600
IBULHSGFIN27Feb20300CE.NFO,07/01/2020,09:26:19,36.9,35.8,2400,38.05,1200,0,231600
IBULHSGFIN27Feb20300CE.NFO,07/01/2020,09:26:24,36.9,35.45,3600,38.1,1200,0,231600
IBULHSGFIN27Feb20300CE.NFO,07/01/2020,09:26:30,36.9,35.55,6000,37.95,1200,0,231600
IBULHSGFIN27Feb20300CE.NFO,07/01/2020,09:26:36,36.9,35.7,2400,38.15,1200,0,231600
IBULHSGFIN27Feb20300CE.NFO,07/01/2020,09:26:42,36.9,35.55,2400,37.8,1200,0,231600
IBULHSGFIN27Feb20300CE.NFO,07/01/2020,09:26:47,36.9,35.45,4800,37.8,1200,0,231600
IBULHSGFIN27Feb20300CE.NFO,07/01/2020,09:26:53,36.9,35.55,2400,38,1200,0,231600
IBULHSGFIN27Feb20300CE.NFO,07/01/2020,09:26:59,36.9,35.55,4800,37.8,1200,0,231600
IBULHSGFIN27Feb20300CE.NFO,07/01/2020,09:27:05,36.9,35.6,4800,37.9,1200,0,231600
IBULHSGFIN27Feb20300CE.NFO,07/01/2020,09:27:10,36.9,35.55,4800,37.85,1200,0,231600
IBULHSGFIN27Feb20300CE.NFO,07/01/2020,09:27:15,36.9,35.7,3600,38.25,1200,0,231600
IBULHSGFIN27Feb20300CE.NFO,07/01/2020,09:27:20,36.9,35.65,1200,38.2,1200,0,231600
IBULHSGFIN27Feb20300CE.NFO,07/01/2020,09:27:26,36.9,35.7,1200,38,1200,0,231600
IBULHSGFIN27Feb20300CE.NFO,07/01/2020,09:27:32,36.9,35.65,3600,38.15,1200,0,231600
IBULHSGFIN27Feb20300CE.NFO,07/01/2020,09:27:38,36.9,35.7,3600,38.25,1200,0,231600
IBULHSGFIN27Feb20300CE.NFO,07/01/2020,09:27:44,36.9,35.75,3600,38.05,1200,0,231600
IBULHSGFIN27Feb20300CE.NFO,07/01/2020,09:27:50,36.9,35.75,1200,37.95,1200,0,231600
IBULHSGFIN27Feb20300CE.NFO,07/01/2020,09:27:59,36.9,35.7,2400,37.95,1200,0,231600
IBULHSGFIN27Feb20300CE.NFO,07/01/2020,09:28:17,36.9,35.5,3600,37.85,1200,0,231600
IBULHSGFIN27Feb20300CE.NFO,07/01/2020,09:28:22,36.9,35.55,2400,38.05,1200,0,231600
IBULHSGFIN27Feb20300CE.NFO,07/01/2020,09:28:28,36.9,35.6,2400,38.05,1200,0,231600
IBULHSGFIN27Feb20300CE.NFO,07/01/2020,09:28:34,36.9,35.6,1200,37.8,1200,0,231600
IBULHSGFIN27Feb20300CE.NFO,07/01/2020,09:28:39,36.9,35.55,1200,37.95,1200,0,231600
IBULHSGFIN27Feb20300CE.NFO,07/01/2020,09:28:44,36.9,35.6,1200,37.65,1200,0,231600
IBULHSGFIN27Feb20300CE.NFO,07/01/2020,09:28:49,36.9,35.6,1200,37.8,1200,0,231600
IBULHSGFIN27Feb20300CE.NFO,07/01/2020,09:28:55,36.9,35.65,3600,38,1200,0,231600
IBULHSGFIN27Feb20300CE.NFO,07/01/2020,09:29:01,36.9,35.65,2400,38,1200,0,231600
IBULHSGFIN27Feb20300CE.NFO,07/01/2020,09:29:06,36.9,35.95,2400,38.7,3600,0,231600
IBULHSGFIN27Feb20300CE.NFO,07/01/2020,09:29:12,36.9,36.05,4800,39.3,1200,0,231600
IBULHSGFIN27Feb20300CE.NFO,07/01/2020,09:29:17,36.9,36.1,2400,38.85,1200,0,231600
IBULHSGFIN27Feb20300CE.NFO,07/01/2020,09:29:23,36.9,35.95,2400,38.7,4800,0,231600
IBULHSGFIN27Feb20300CE.NFO,07/01/2020,09:29:28,36.9,35.7,4800,38.65,1200,0,231600
IBULHSGFIN27Feb20300CE.NFO,07/01/2020,09:29:34,36.9,35.7,6000,38.2,1200,0,231600
IBULHSGFIN27Feb20300CE.NFO,07/01/2020,09:29:40,36.9,35.8,4800,38.2,1200,0,231600
IBULHSGFIN27Feb20300CE.NFO,07/01/2020,09:29:45,36.9,35.75,4800,38.35,1200,0,231600
IBULHSGFIN27Feb20300CE.NFO,07/01/2020,09:29:49,36.9,35.75,6000,38.15,1200,0,231600
IBULHSGFIN27Feb20300CE.NFO,07/01/2020,09:29:54,36.9,35.8,4800,38.5,1200,0,231600
IBULHSGFIN27Feb20300CE.NFO,07/01/2020,09:29:58,36.9,35.75,4800,38.2,1200,0,231600
IBULHSGFIN27Feb20300CE.NFO,07/01/2020,09:30:02,36.9,35.8,1200,38.55,1200,0,231600
IBULHSGFIN27Feb20300CE.NFO,07/01/2020,09:30:07,36.9,36.3,3600,39.4,1200,0,231600
IBULHSGFIN27Feb20300CE.NFO,07/01/2020,09:30:13,36.9,36.25,2400,38.75,1200,0,231600
IBULHSGFIN27Feb20300CE.NFO,07/01/2020,09:30:18,36.9,36.4,2400,39.7,1200,0,231600
IBULHSGFIN27Feb20300CE.NFO,07/01/2020,09:30:23,36.9,36.3,6000,39.7,1200,0,231600
IBULHSGFIN27Feb20300CE.NFO,07/01/2020,09:30:28,36.9,36.35,3600,38.8,1200,0,231600
IBULHSGFIN27Feb20300CE.NFO,07/01/2020,09:30:33,36.9,36.45,2400,39.9,1200,0,231600
IBULHSGFIN27Feb20300CE.NFO,07/01/2020,09:30:38,36.9,36.35,4800,38.85,1200,0,231600
IBULHSGFIN27Feb20300CE.NFO,07/01/2020,09:30:43,36.9,36.05,1200,38.9,1200,0,231600
IBULHSGFIN27Feb20300CE.NFO,07/01/2020,09:30:47,36.9,36.6,1200,39.75,1200,0,231600
IBULHSGFIN27Feb20300CE.NFO,07/01/2020,09:30:53,36.9,36.55,2400,38.8,1200,0,231600
IBULHSGFIN27Feb20300CE.NFO,07/01/2020,09:30:57,36.9,36.55,4800,38.9,1200,0,231600
IBULHSGFIN27Feb20300CE.NFO,07/01/2020,09:31:02,36.9,36.55,7200,39.4,1200,0,231600
IBULHSGFIN27Feb20300CE.NFO,07/01/2020,09:31:08,36.9,36.6,2400,39.3,1200,0,231600
IBULHSGFIN27Feb20300CE.NFO,07/01/2020,09:31:21,36.9,36.65,3600,39.15,1200,0,231600
IBULHSGFIN27Feb20300CE.NFO,07/01/2020,09:31:27,36.9,36.55,3600,38.75,1200,0,231600
IBULHSGFIN27Feb20300CE.NFO,07/01/2020,09:31:32,36.9,36.6,3600,39.3,1200,0,231600
IBULHSGFIN27Feb20300CE.NFO,07/01/2020,09:31:37,36.9,36.65,2400,39.45,1200,0,231600
IBULHSGFIN27Feb20300CE.NFO,07/01/2020,09:31:43,36.9,36.2,6000,38.5,1200,0,231600
IBULHSGFIN27Feb20300CE.NFO,07/01/2020,09:31:49,36.9,36.45,3600,38.9,1200,0,231600
IBULHSGFIN27Feb20300CE.NFO,07/01/2020,09:31:54,36.9,36.8,1200,39.2,1200,0,231600
IBULHSGFIN27Feb20300CE.NFO,07/01/2020,09:31:59,36.9,36.85,1200,39.4,1200,0,231600
IBULHSGFIN27Feb20300CE.NFO,07/01/2020,09:32:05,36.9,37.25,1200,40.1,1200,0,231600
IBULHSGFIN27Feb20300CE.NFO,07/01/2020,09:32:10,36.9,37.4,1200,40.1,1200,0,231600
IBULHSGFIN27Feb20300CE.NFO,07/01/2020,09:32:16,36.9,37.65,1200,39.75,1200,0,231600
IBULHSGFIN27Feb20300CE.NFO,07/01/2020,09:32:22,36.9,36.3,2400,39.75,1200,0,231600
IBULHSGFIN27Feb20300CE.NFO,07/01/2020,09:32:29,36.9,37.7,1200,39.75,1200,0,231600
IBULHSGFIN27Feb20300CE.NFO,07/01/2020,09:32:34,36.9,37.65,1200,39.65,1200,0,231600
IBULHSGFIN27Feb20300CE.NFO,07/01/2020,09:32:40,36.9,37.45,1200,39.35,1200,0,231600
IBULHSGFIN27Feb20300CE.NFO,07/01/2020,09:32:45,36.9,38,2400,40,1200,0,231600
IBULHSGFIN27Feb20300CE.NFO,07/01/2020,09:32:51,36.9,37,1200,39.8,1200,0,231600
IBULHSGFIN27Feb20300CE.NFO,07/01/2020,09:32:57,36.9,37.1,1200,39.35,1200,0,231600
IBULHSGFIN27Feb20300CE.NFO,07/01/2020,09:33:03,36.9,37.1,1200,39.55,1200,0,231600
IBULHSGFIN27Feb20300CE.NFO,07/01/2020,09:33:09,36.9,37.15,1200,39.4,1200,0,231600
IBULHSGFIN27Feb20300CE.NFO,07/01/2020,09:33:14,36.9,38,2400,39.9,1200,0,231600
IBULHSGFIN27Feb20300CE.NFO,07/01/2020,09:33:25,36.9,37.25,1200,39.7,1200,0,231600
IBULHSGFIN27Feb20300CE.NFO,07/01/2020,09:33:30,36.9,37.25,1200,39.6,1200,0,231600
IBULHSGFIN27Feb20300CE.NFO,07/01/2020,09:33:35,36.9,35.7,3600,39.6,1200,0,231600
IBULHSGFIN27Feb20300CE.NFO,07/01/2020,09:33:40,36.9,37.25,1200,40.15,1200,0,231600
IBULHSGFIN27Feb20300CE.NFO,07/01/2020,09:33:45,36.9,37.2,1200,39.75,1200,0,231600
IBULHSGFIN27Feb20300CE.NFO,07/01/2020,09:33:50,36.9,37.15,1200,39.55,1200,0,231600
IBULHSGFIN27Feb20300CE.NFO,07/01/2020,09:33:55,36.9,36.95,1200,39.85,1200,0,231600
IBULHSGFIN27Feb20300CE.NFO,07/01/2020,09:33:59,36.9,37.15,1200,39.7,1200,0,231600
IBULHSGFIN27Feb20300CE.NFO,07/01/2020,09:34:04,36.9,37.15,1200,39.55,1200,0,231600
IBULHSGFIN27Feb20300CE.NFO,07/01/2020,09:34:09,36.9,37.25,1200,39.7,1200,0,231600
IBULHSGFIN27Feb20300CE.NFO,07/01/2020,09:34:14,36.9,37.2,1200,39.55,1200,0,231600
IBULHSGFIN27Feb20300CE.NFO,07/01/2020,09:34:19,36.9,37.75,1200,39.9,1200,0,231600
IBULHSGFIN27Feb20300CE.NFO,07/01/2020,09:34:25,36.9,36.6,1200,39.75,1200,0,231600
IBULHSGFIN27Feb20300CE.NFO,07/01/2020,09:34:36,36.9,35.55,8400,39.3,1200,0,231600
IBULHSGFIN27Feb20300CE.NFO,07/01/2020,09:34:43,36.9,36.65,1200,39.05,1200,0,231600
IBULHSGFIN27Feb20300CE.NFO,07/01/2020,09:34:48,36.9,36.35,3600,39.55,1200,0,231600
IBULHSGFIN27Feb20300CE.NFO,07/01/2020,09:34:53,36.9,36.6,1200,39.2,1200,0,231600
IBULHSGFIN27Feb20300CE.NFO,07/01/2020,09:34:59,36.9,36.6,1200,38.9,1200,0,231600
IBULHSGFIN27Feb20300CE.NFO,07/01/2020,09:35:05,36.9,36.75,1200,38.8,1200,0,231600
IBULHSGFIN27Feb20300CE.NFO,07/01/2020,09:35:10,36.9,37.05,1200,39.35,1200,0,231600
IBULHSGFIN27Feb20300CE.NFO,07/01/2020,09:35:15,36.9,37.05,1200,39.1,1200,0,231600
IBULHSGFIN27Feb20300CE.NFO,07/01/2020,09:35:24,36.9,37.05,1200,39.2,1200,0,231600
IBULHSGFIN27Feb20300CE.NFO,07/01/2020,09:35:28,36.9,37,1200,39,1200,0,231600
IBULHSGFIN27Feb20300CE.NFO,07/01/2020,09:35:34,36.9,37.05,1200,38.9,1200,0,231600
IBULHSGFIN27Feb20300CE.NFO,07/01/2020,09:35:39,36.9,37,1200,38.65,1200,0,231600
IBULHSGFIN27Feb20300CE.NFO,07/01/2020,09:35:45,36.9,37,1200,38.35,1200,0,231600
IBULHSGFIN27Feb20300CE.NFO,07/01/2020,09:35:52,36.9,37,1200,38.4,1200,0,231600
IBULHSGFIN27Feb20300CE.NFO,07/01/2020,09:35:58,36.9,37,1200,38.45,1200,0,231600
IBULHSGFIN27Feb20300CE.NFO,07/01/2020,09:36:03,36.9,37,1200,38.75,1200,0,231600
IBULHSGFIN27Feb20300CE.NFO,07/01/2020,09:36:09,36.9,37,1200,38.65,1200,0,231600
IBULHSGFIN27Feb20300CE.NFO,07/01/2020,09:36:14,36.9,37,1200,38.9,1200,0,231600
IBULHSGFIN27Feb20300CE.NFO,07/01/2020,09:36:26,36.9,37,1200,38.75,1200,0,231600
IBULHSGFIN27Feb20300CE.NFO,07/01/2020,09:36:31,36.9,37,1200,38.7,1200,0,231600
IBULHSGFIN27Feb20300CE.NFO,07/01/2020,09:36:35,36.9,37,1200,38.75,1200,0,231600
IBULHSGFIN27Feb20300CE.NFO,07/01/2020,09:36:49,36.9,37,1200,38.9,1200,0,231600
IBULHSGFIN27Feb20300CE.NFO,07/01/2020,09:36:54,36.9,37,1200,38.8,1200,0,231600
IBULHSGFIN27Feb20300CE.NFO,07/01/2020,09:37:08,36.9,37,1200,38.65,1200,0,231600
IBULHSGFIN27Feb20300CE.NFO,07/01/2020,09:37:13,36.9,37,1200,38.6,1200,0,231600
IBULHSGFIN27Feb20300CE.NFO,07/01/2020,09:37:17,36.9,37,1200,38.7,1200,0,231600
IBULHSGFIN27Feb20300CE.NFO,07/01/2020,09:37:21,36.9,37,1200,38.6,1200,0,231600
IBULHSGFIN27Feb20300CE.NFO,07/01/2020,09:37:26,36.9,37,1200,38.75,3600,0,231600
IBULHSGFIN27Feb20300CE.NFO,07/01/2020,09:37:31,36.9,37,1200,38.65,1200,0,231600
IBULHSGFIN27Feb20300CE.NFO,07/01/2020,09:37:40,36.9,37.05,1200,38.65,1200,0,231600
IBULHSGFIN27Feb20300CE.NFO,07/01/2020,09:37:47,36.9,37,1200,38.8,1200,0,231600
IBULHSGFIN27Feb20300CE.NFO,07/01/2020,09:37:51,36.9,37,1200,39.05,1200,0,231600
IBULHSGFIN27Feb20300CE.NFO,07/01/2020,09:37:56,36.9,37,1200,38.95,1200,0,231600
IBULHSGFIN27Feb20300CE.NFO,07/01/2020,09:38:00,36.9,37.05,1200,38.8,1200,0,231600
IBULHSGFIN27Feb20300CE.NFO,07/01/2020,09:38:04,36.9,37.05,1200,39.05,1200,0,231600
IBULHSGFIN27Feb20300CE.NFO,07/01/2020,09:38:09,36.9,37.05,1200,38.95,1200,0,231600
IBULHSGFIN27Feb20300CE.NFO,07/01/2020,09:38:22,36.9,37,1200,38.95,1200,0,231600
IBULHSGFIN27Feb20300CE.NFO,07/01/2020,09:38:26,36.9,37,1200,38.8,1200,0,231600
IBULHSGFIN27Feb20300CE.NFO,07/01/2020,09:38:35,36.9,37,1200,38.75,1200,0,231600
IBULHSGFIN27Feb20300CE.NFO,07/01/2020,09:38:39,36.9,37,1200,38.8,1200,0,231600
IBULHSGFIN27Feb20300CE.NFO,07/01/2020,09:38:48,36.9,37,1200,38.75,1200,0,231600
IBULHSGFIN27Feb20300CE.NFO,07/01/2020,09:38:52,36.9,37,1200,38.95,1200,0,231600
IBULHSGFIN27Feb20300CE.NFO,07/01/2020,09:38:56,36.9,37,1200,38.75,1200,0,231600
IBULHSGFIN27Feb20300CE.NFO,07/01/2020,09:39:01,36.9,37,1200,38.7,1200,0,231600
IBULHSGFIN27Feb20300CE.NFO,07/01/2020,09:39:05,36.9,37,1200,38.95,2400,0,231600
IBULHSGFIN27Feb20300CE.NFO,07/01/2020,09:39:09,36.9,37,1200,38.65,1200,0,231600
IBULHSGFIN27Feb20300CE.NFO,07/01/2020,09:39:13,36.9,37.05,1200,38.8,1200,0,231600
IBULHSGFIN27Feb20300CE.NFO,07/01/2020,09:39:14,36.9,37.05,1200,39.15,1200,0,231600
IBULHSGFIN27Feb20300CE.NFO,07/01/2020,09:39:14,36.9,37.05,1200,39,1200,0,231600
IBULHSGFIN27Feb20300CE.NFO,07/01/2020,09:39:15,36.9,37.05,1200,38.9,1200,0,231600
IBULHSGFIN27Feb20300CE.NFO,07/01/2020,09:39:16,36.9,37.05,1200,38.95,1200,0,231600
IBULHSGFIN27Feb20300CE.NFO,07/01/2020,09:39:17,36.9,37.05,1200,39.05,1200,0,231600
IBULHSGFIN27Feb20300CE.NFO,07/01/2020,09:39:20,36.9,37.05,1200,39.1,1200,0,231600
IBULHSGFIN27Feb20300CE.NFO,07/01/2020,09:39:21,36.9,37.05,1200,38.95,1200,0,231600
IBULHSGFIN27Feb20300CE.NFO,07/01/2020,09:39:22,36.9,37.05,1200,39.1,1200,0,231600
IBULHSGFIN27Feb20300CE.NFO,07/01/2020,09:39:23,36.9,37.05,1200,38.9,1200,0,231600
IBULHSGFIN27Feb20300CE.NFO,07/01/2020,09:39:24,36.9,37.05,1200,39.1,1200,0,231600
IBULHSGFIN27Feb20300CE.NFO,07/01/2020,09:39:25,36.9,37.05,1200,38.95,1200,0,231600
IBULHSGFIN27Feb20300CE.NFO,07/01/2020,09:39:26,36.9,37.05,1200,38.8,1200,0,231600
IBULHSGFIN27Feb20300CE.NFO,07/01/2020,09:39:28,36.9,37.05,1200,39,1200,0,231600
IBULHSGFIN27Feb20300CE.NFO,07/01/2020,09:39:29,36.9,37.05,1200,38.85,1200,0,231600
IBULHSGFIN27Feb20300CE.NFO,07/01/2020,09:39:30,36.9,37.05,1200,38.95,1200,0,231600
IBULHSGFIN27Feb20300CE.NFO,07/01/2020,09:39:31,36.9,37,1200,38.7,1200,0,231600
IBULHSGFIN27Feb20300CE.NFO,07/01/2020,09:39:32,36.9,37,1200,38.95,1200,0,231600
IBULHSGFIN27Feb20300CE.NFO,07/01/2020,09:39:33,36.9,37,1200,38.85,1200,0,231600
IBULHSGFIN27Feb20300CE.NFO,07/01/2020,09:39:33,36.9,37,1200,38.8,1200,0,231600
IBULHSGFIN27Feb20300CE.NFO,07/01/2020,09:39:35,36.9,37,1200,38.7,1200,0,231600
IBULHSGFIN27Feb20300CE.NFO,07/01/2020,09:39:36,36.9,37,1200,38.75,1200,0,231600
IBULHSGFIN27Feb20300CE.NFO,07/01/2020,09:39:38,36.9,37,1200,38.85,1200,0,231600
IBULHSGFIN27Feb20300CE.NFO,07/01/2020,09:39:39,36.9,37,1200,38.95,3600,0,231600
IBULHSGFIN27Feb20300CE.NFO,07/01/2020,09:39:39,36.9,37.05,1200,38.7,1200,0,231600
IBULHSGFIN27Feb20300CE.NFO,07/01/2020,09:39:40,36.9,37,1200,38.8,1200,0,231600
IBULHSGFIN27Feb20300CE.NFO,07/01/2020,09:39:43,36.9,37,1200,38.6,1200,0,231600
IBULHSGFIN27Feb20300CE.NFO,07/01/2020,09:39:44,36.9,37,1200,38.7,1200,0,231600
IBULHSGFIN27Feb20300CE.NFO,07/01/2020,09:39:45,36.9,37,1200,38.5,1200,0,231600
IBULHSGFIN27Feb20300CE.NFO,07/01/2020,09:39:46,36.9,37,1200,38.7,1200,0,231600
IBULHSGFIN27Feb20300CE.NFO,07/01/2020,09:39:47,36.9,37,1200,38.6,1200,0,231600
IBULHSGFIN27Feb20300CE.NFO,07/01/2020,09:39:49,36.9,37,1200,38.7,1200,0,231600
IBULHSGFIN27Feb20300CE.NFO,07/01/2020,09:39:50,36.9,37,1200,38.5,1200,0,231600
IBULHSGFIN27Feb20300CE.NFO,07/01/2020,09:39:51,36.9,37,1200,38.55,1200,0,231600
IBULHSGFIN27Feb20300CE.NFO,07/01/2020,09:39:53,36.9,37,1200,38.65,1200,0,231600
IBULHSGFIN27Feb20300CE.NFO,07/01/2020,09:39:54,36.9,37,1200,38.55,1200,0,231600
IBULHSGFIN27Feb20300CE.NFO,07/01/2020,09:39:55,36.9,37,1200,38.65,1200,0,231600
IBULHSGFIN27Feb20300CE.NFO,07/01/2020,09:39:57,36.9,37,1200,38.8,1200,0,231600
IBULHSGFIN27Feb20300CE.NFO,07/01/2020,09:39:58,36.9,37,1200,38.65,1200,0,231600
IBULHSGFIN27Feb20300CE.NFO,07/01/2020,09:39:59,36.9,37,1200,38.55,1200,0,231600
IBULHSGFIN27Feb20300CE.NFO,07/01/2020,09:40:01,36.9,37,1200,38.85,1200,0,231600
IBULHSGFIN27Feb20300CE.NFO,07/01/2020,09:40:02,36.9,37,1200,38.65,1200,0,231600
IBULHSGFIN27Feb20300CE.NFO,07/01/2020,09:40:04,36.9,37.05,1200,38.95,1200,0,231600
IBULHSGFIN27Feb20300CE.NFO,07/01/2020,09:40:06,36.9,37.05,1200,39,1200,0,231600
IBULHSGFIN27Feb20300CE.NFO,07/01/2020,09:40:07,36.9,37.05,1200,39.05,1200,0,231600
IBULHSGFIN27Feb20300CE.NFO,07/01/2020,09:40:08,36.9,37.05,1200,39.25,1200,0,231600
IBULHSGFIN27Feb20300CE.NFO,07/01/2020,09:40:09,36.9,37.05,1200,39.5,1200,0,231600
IBULHSGFIN27Feb20300CE.NFO,07/01/2020,09:40:10,36.9,37.05,1200,39.35,1200,0,231600
IBULHSGFIN27Feb20300CE.NFO,07/01/2020,09:40:11,36.9,37.05,1200,39.2,1200,0,231600
IBULHSGFIN27Feb20300CE.NFO,07/01/2020,09:40:11,36.9,37.05,1200,39.5,1200,0,231600
IBULHSGFIN27Feb20300CE.NFO,07/01/2020,09:40:16,36.9,37.05,1200,39.1,1200,0,231600
IBULHSGFIN27Feb20300CE.NFO,07/01/2020,09:40:22,36.9,37,1200,38.95,1200,0,231600
IBULHSGFIN27Feb20300CE.NFO,07/01/2020,09:40:27,36.9,37,1200,38.8,1200,0,231600
IBULHSGFIN27Feb20300CE.NFO,07/01/2020,09:40:31,36.9,37,1200,38.7,1200,0,231600
IBULHSGFIN27Feb20300CE.NFO,07/01/2020,09:40:36,36.9,37,1200,38.8,1200,0,231600
IBULHSGFIN27Feb20300CE.NFO,07/01/2020,09:40:41,36.9,37.05,1200,39.05,1200,0,231600
IBULHSGFIN27Feb20300CE.NFO,07/01/2020,09:40:46,36.9,37.05,1200,38.9,1200,0,231600
IBULHSGFIN27Feb20300CE.NFO,07/01/2020,09:40:55,36.9,37.05,1200,38.8,1200,0,231600
IBULHSGFIN27Feb20300CE.NFO,07/01/2020,09:40:59,36.9,37.05,1200,38.85,1200,0,231600
IBULHSGFIN27Feb20300CE.NFO,07/01/2020,09:41:05,36.9,37.05,1200,39.05,1200,0,231600
IBULHSGFIN27Feb20300CE.NFO,07/01/2020,09:41:11,37,36.9,1200,37,3600,2400,230400
IBULHSGFIN27Feb20300CE.NFO,07/01/2020,09:41:11,37.05,36.9,1200,37,3600,0,230400
IBULHSGFIN27Feb20300CE.NFO,07/01/2020,09:41:16,37,36.9,1200,37,1200,2400,230400
IBULHSGFIN27Feb20300CE.NFO,07/01/2020,09:41:20,37,37,1200,39.2,2400,1200,232800
IBULHSGFIN27Feb20300CE.NFO,07/01/2020,09:41:25,37,37,1200,38.8,1200,0,232800
IBULHSGFIN27Feb20300CE.NFO,07/01/2020,09:41:30,37,37,1200,38.9,1200,0,232800
IBULHSGFIN27Feb20300CE.NFO,07/01/2020,09:41:34,37,37.5,1200,38.9,1200,0,232800
IBULHSGFIN27Feb20300CE.NFO,07/01/2020,09:41:39,37,37.5,1200,38.5,1200,0,232800
IBULHSGFIN27Feb20300CE.NFO,07/01/2020,09:41:49,37,37.5,1200,38,1200,0,232800
IBULHSGFIN27Feb20300CE.NFO,07/01/2020,09:42:01,37.5,35.3,14400,37.5,4800,1200,232800
IBULHSGFIN27Feb20300CE.NFO,07/01/2020,09:42:01,37.5,35.3,14400,37.5,4800,0,232800
IBULHSGFIN27Feb20300CE.NFO,07/01/2020,09:42:08,37.5,36.15,4800,37.5,4800,0,232800
IBULHSGFIN27Feb20300CE.NFO,07/01/2020,09:42:14,37.5,37,1200,37.5,4800,0,232800
IBULHSGFIN27Feb20300CE.NFO,07/01/2020,09:42:21,37.5,36.9,1200,37.5,4800,0,232800
IBULHSGFIN27Feb20300CE.NFO,07/01/2020,09:42:54,37.5,36.65,1200,37.5,4800,0,232800
IBULHSGFIN27Feb20300CE.NFO,07/01/2020,09:43:51,37.5,36.35,1200,37.5,4800,0,232800
IBULHSGFIN27Feb20300CE.NFO,07/01/2020,09:44:00,37.5,36.5,4800,37.5,4800,0,232800
IBULHSGFIN27Feb20300CE.NFO,07/01/2020,09:44:05,37.5,36.65,1200,37.5,4800,0,232800
IBULHSGFIN27Feb20300CE.NFO,07/01/2020,09:44:16,37.5,36.7,4800,37.5,4800,0,232800
IBULHSGFIN27Feb20300CE.NFO,07/01/2020,09:44:21,37.5,36.9,4800,38.6,2400,0,232800
IBULHSGFIN27Feb20300CE.NFO,07/01/2020,09:44:27,37.5,36.9,4800,38.45,2400,0,232800
IBULHSGFIN27Feb20300CE.NFO,07/01/2020,09:44:37,37.5,36.9,4800,38.3,1200,0,232800
IBULHSGFIN27Feb20300CE.NFO,07/01/2020,09:45:09,37.5,37.2,4800,38.9,2400,0,232800
IBULHSGFIN27Feb20300CE.NFO,07/01/2020,09:45:16,37.5,37.15,4800,38.55,1200,0,232800
IBULHSGFIN27Feb20300CE.NFO,07/01/2020,09:45:22,37.5,37.2,4800,38.55,1200,0,232800
IBULHSGFIN27Feb20300CE.NFO,07/01/2020,09:45:28,37.5,37.15,4800,38.55,1200,0,232800
IBULHSGFIN27Feb20300CE.NFO,07/01/2020,09:45:34,37.5,37.1,4800,38.55,1200,0,232800
IBULHSGFIN27Feb20300CE.NFO,07/01/2020,09:45:40,37.5,36.9,4800,38.35,1200,0,232800
IBULHSGFIN27Feb20300CE.NFO,07/01/2020,09:45:46,37.5,37,4800,38.35,1200,0,232800
IBULHSGFIN27Feb20300CE.NFO,07/01/2020,09:45:51,37.5,36.95,4800,38.35,1200,0,232800
IBULHSGFIN27Feb20300CE.NFO,07/01/2020,09:46:23,37.5,36.9,4800,38.35,1200,0,232800
IBULHSGFIN27Feb20300CE.NFO,07/01/2020,09:46:47,37.5,36.9,4800,38.2,1200,0,232800
IBULHSGFIN27Feb20300CE.NFO,07/01/2020,09:47:22,37.5,36.9,4800,38.8,2400,0,232800
IBULHSGFIN27Feb20300CE.NFO,07/01/2020,09:47:27,37.5,36.9,4800,38.5,2400,0,232800
IBULHSGFIN27Feb20300CE.NFO,07/01/2020,09:47:36,37.5,36.95,4800,38.5,2400,0,232800
IBULHSGFIN27Feb20300CE.NFO,07/01/2020,09:47:49,37.5,36.9,4800,38.5,2400,0,232800
IBULHSGFIN27Feb20300CE.NFO,07/01/2020,09:47:57,37.5,36.9,4800,38.3,1200,0,232800
IBULHSGFIN27Feb20300CE.NFO,07/01/2020,09:48:01,37.5,36.95,4800,38.3,1200,0,232800
IBULHSGFIN27Feb20300CE.NFO,07/01/2020,09:48:09,37.5,37.1,4800,38.55,1200,0,232800
IBULHSGFIN27Feb20300CE.NFO,07/01/2020,09:48:13,37.5,37,4800,38.5,1200,0,232800
IBULHSGFIN27Feb20300CE.NFO,07/01/2020,09:48:17,37.5,37.1,4800,38.5,1200,0,232800
IBULHSGFIN27Feb20300CE.NFO,07/01/2020,09:48:21,37.5,36.95,4800,38.45,1200,0,232800
IBULHSGFIN27Feb20300CE.NFO,07/01/2020,09:48:25,37.5,36.95,4800,38.4,1200,0,232800
IBULHSGFIN27Feb20300CE.NFO,07/01/2020,09:48:32,37.5,36.9,4800,38.4,1200,0,232800
IBULHSGFIN27Feb20300CE.NFO,07/01/2020,09:48:41,37.5,36.9,4800,38.25,1200,0,232800
IBULHSGFIN27Feb20300CE.NFO,07/01/2020,09:49:11,37.5,36.9,4800,38.3,1200,0,232800
IBULHSGFIN27Feb20300CE.NFO,07/01/2020,09:50:39,37.5,36.75,4800,38.1,1200,0,232800
IBULHSGFIN27Feb20300CE.NFO,07/01/2020,09:50:45,37.5,36.6,4800,38.05,1200,0,232800
IBULHSGFIN27Feb20300CE.NFO,07/01/2020,09:50:55,37.5,36.6,4800,38.2,2400,0,232800
IBULHSGFIN27Feb20300CE.NFO,07/01/2020,09:51:10,37.5,36.4,4800,38.05,2400,0,232800
IBULHSGFIN27Feb20300CE.NFO,07/01/2020,09:51:15,37.5,36.35,4800,37.9,2400,0,232800
IBULHSGFIN27Feb20300CE.NFO,07/01/2020,09:51:26,37.5,36.4,4800,37.9,2400,0,232800
IBULHSGFIN27Feb20300CE.NFO,07/01/2020,09:51:31,37.5,36.4,4800,38.2,2400,0,232800
IBULHSGFIN27Feb20300CE.NFO,07/01/2020,09:51:36,37.5,36.6,4800,38.05,2400,0,232800
IBULHSGFIN27Feb20300CE.NFO,07/01/2020,09:51:45,37.5,36.5,4800,38.05,2400,0,232800
IBULHSGFIN27Feb20300CE.NFO,07/01/2020,09:52:18,37.5,36.55,4800,38.05,2400,0,232800
IBULHSGFIN27Feb20300CE.NFO,07/01/2020,09:52:22,37.5,36.4,4800,37.9,2400,0,232800
IBULHSGFIN27Feb20300CE.NFO,07/01/2020,09:52:32,37.5,36.4,4800,37.75,1200,0,232800
IBULHSGFIN27Feb20300CE.NFO,07/01/2020,09:53:07,37.5,36.35,4800,37.75,1200,0,232800
IBULHSGFIN27Feb20300CE.NFO,07/01/2020,09:53:28,37.5,36.15,4800,37.7,1200,0,232800
IBULHSGFIN27Feb20300CE.NFO,07/01/2020,09:53:33,37.5,36.25,4800,37.7,1200,0,232800
IBULHSGFIN27Feb20300CE.NFO,07/01/2020,09:53:38,37.5,36.35,4800,37.65,1200,0,232800
IBULHSGFIN27Feb20300CE.NFO,07/01/2020,09:54:23,37.5,36.3,4800,37.65,1200,0,232800
IBULHSGFIN27Feb20300CE.NFO,07/01/2020,09:54:32,37.5,36.5,1200,37.55,1200,0,232800
IBULHSGFIN27Feb20300CE.NFO,07/01/2020,09:55:00,37.5,36.2,4800,37.55,1200,0,232800
IBULHSGFIN27Feb20300CE.NFO,07/01/2020,09:55:05,37.5,36.35,4800,37.7,1200,0,232800
IBULHSGFIN27Feb20300CE.NFO,07/01/2020,09:55:10,37.5,36.6,4800,38.05,2400,0,232800
IBULHSGFIN27Feb20300CE.NFO,07/01/2020,09:55:15,37.5,37,1200,38.05,1200,0,232800
IBULHSGFIN27Feb20300CE.NFO,07/01/2020,09:55:25,37.5,36.6,4800,37.95,1200,0,232800
IBULHSGFIN27Feb20300CE.NFO,07/01/2020,09:55:30,37.5,36.5,1200,37.95,1200,0,232800
IBULHSGFIN27Feb20300CE.NFO,07/01/2020,09:56:07,37.5,36.25,1200,37.65,1200,0,232800
IBULHSGFIN27Feb20300CE.NFO,07/01/2020,09:56:13,37.5,36.2,1200,37.65,1200,0,232800
IBULHSGFIN27Feb20300CE.NFO,07/01/2020,09:56:23,37.5,36.2,1200,37.75,1200,0,232800
IBULHSGFIN27Feb20300CE.NFO,07/01/2020,09:56:29,37.5,36.2,1200,37.65,1200,0,232800
IBULHSGFIN27Feb20300CE.NFO,07/01/2020,09:56:48,37.5,36.25,1200,37.55,1200,0,232800
IBULHSGFIN27Feb20300CE.NFO,07/01/2020,09:56:52,37.5,36.15,1200,37.45,1200,0,232800
IBULHSGFIN27Feb20300CE.NFO,07/01/2020,09:56:57,37.5,36.05,1200,37.4,1200,0,232800
IBULHSGFIN27Feb20300CE.NFO,07/01/2020,09:57:06,37.5,35.95,1200,37.7,2400,0,232800
IBULHSGFIN27Feb20300CE.NFO,07/01/2020,09:57:14,37.5,36.2,1200,37.7,2400,0,232800
IBULHSGFIN27Feb20300CE.NFO,07/01/2020,09:57:23,37.5,36.15,1200,37.7,2400,0,232800
IBULHSGFIN27Feb20300CE.NFO,07/01/2020,09:57:35,37.5,36.15,1200,37.7,1200,0,232800
IBULHSGFIN27Feb20300CE.NFO,07/01/2020,09:57:47,37.5,36.15,3600,37.85,1200,0,232800
IBULHSGFIN27Feb20300CE.NFO,07/01/2020,09:57:52,37.5,36.5,1200,37.85,1200,0,232800
IBULHSGFIN27Feb20300CE.NFO,07/01/2020,09:58:19,37.5,37,1200,37.85,1200,0,232800
IBULHSGFIN27Feb20300CE.NFO,07/01/2020,09:58:46,37.5,36.15,1200,37.65,1200,0,232800
IBULHSGFIN27Feb20300CE.NFO,07/01/2020,09:58:52,37.5,36.15,1200,37.55,1200,0,232800
IBULHSGFIN27Feb20300CE.NFO,07/01/2020,09:58:58,37.5,36.2,1200,37.55,1200,0,232800
IBULHSGFIN27Feb20300CE.NFO,07/01/2020,09:59:04,37.5,36.2,1200,37.7,1200,0,232800
IBULHSGFIN27Feb20300CE.NFO,07/01/2020,09:59:10,37.5,36.2,1200,37.65,1200,0,232800
IBULHSGFIN27Feb20300CE.NFO,07/01/2020,09:59:15,37.5,36.25,1200,37.65,1200,0,232800
IBULHSGFIN27Feb20300CE.NFO,07/01/2020,09:59:20,37.5,36.25,1200,37.55,1200,0,232800
IBULHSGFIN27Feb20300CE.NFO,07/01/2020,09:59:26,37.5,36.2,1200,37.55,1200,0,232800
IBULHSGFIN27Feb20300CE.NFO,07/01/2020,09:59:31,37.5,36.3,1200,37.7,1200,0,232800
IBULHSGFIN27Feb20300CE.NFO,07/01/2020,09:59:36,37.5,36.2,1200,37.6,1200,0,232800
IBULHSGFIN27Feb20300CE.NFO,07/01/2020,09:59:42,37.5,36.35,1200,37.7,1200,0,232800
IBULHSGFIN27Feb20300CE.NFO,07/01/2020,09:59:47,37.5,36.35,1200,37.75,1200,0,232800
IBULHSGFIN27Feb20300CE.NFO,07/01/2020,10:00:26,37.5,36.2,1200,37.75,1200,0,232800
IBULHSGFIN27Feb20300CE.NFO,07/01/2020,10:00:31,37.5,36.2,1200,37.65,1200,0,232800
IBULHSGFIN27Feb20300CE.NFO,07/01/2020,10:00:36,37.5,36.2,1200,37.6,1200,0,232800
IBULHSGFIN27Feb20300CE.NFO,07/01/2020,10:00:42,37.5,36.2,1200,37.5,1200,0,232800
IBULHSGFIN27Feb20300CE.NFO,07/01/2020,10:00:56,37.5,36.15,1200,37.35,1200,0,232800
IBULHSGFIN27Feb20300CE.NFO,07/01/2020,10:01:02,37.5,36.15,1200,37.45,1200,0,232800
IBULHSGFIN27Feb20300CE.NFO,07/01/2020,10:01:21,37.5,35.9,1200,37.25,1200,0,232800
IBULHSGFIN27Feb20300CE.NFO,07/01/2020,10:01:27,37.5,35.75,1200,37.1,1200,0,232800
IBULHSGFIN27Feb20300CE.NFO,07/01/2020,10:01:33,37.5,35.65,1200,37,1200,0,232800
IBULHSGFIN27Feb20300CE.NFO,07/01/2020,10:01:51,37.5,35.55,1200,37,1200,0,232800
IBULHSGFIN27Feb20300CE.NFO,07/01/2020,10:01:56,37.5,35.7,1200,37.3,2400,0,232800
IBULHSGFIN27Feb20300CE.NFO,07/01/2020,10:02:01,37.5,35.65,1200,37.3,2400,0,232800
IBULHSGFIN27Feb20300CE.NFO,07/01/2020,10:02:07,37.5,35.75,1200,37.3,2400,0,232800
IBULHSGFIN27Feb20300CE.NFO,07/01/2020,10:02:12,37.5,35.6,1200,37.2,2400,0,232800
IBULHSGFIN27Feb20300CE.NFO,07/01/2020,10:02:17,37.5,35.65,1200,37.2,2400,0,232800
IBULHSGFIN27Feb20300CE.NFO,07/01/2020,10:02:28,37.5,35.55,1200,37.2,2400,0,232800
IBULHSGFIN27Feb20300CE.NFO,07/01/2020,10:02:33,37.5,35.4,1200,37.2,2400,0,232800
IBULHSGFIN27Feb20300CE.NFO,07/01/2020,10:02:39,37.5,35.35,1200,37.05,2400,0,232800
IBULHSGFIN27Feb20300CE.NFO,07/01/2020,10:02:45,37.5,35.45,1200,37.05,2400,0,232800
IBULHSGFIN27Feb20300CE.NFO,07/01/2020,10:02:55,37.5,35.55,1200,37.05,2400,0,232800
IBULHSGFIN27Feb20300CE.NFO,07/01/2020,10:03:01,37.5,35.65,1200,37.05,2400,0,232800
IBULHSGFIN27Feb20300CE.NFO,07/01/2020,10:03:06,37.5,35.85,1200,37.2,2400,0,232800
IBULHSGFIN27Feb20300CE.NFO,07/01/2020,10:03:10,37.5,35.9,1200,37.2,1200,0,232800
IBULHSGFIN27Feb20300CE.NFO,07/01/2020,10:03:24,37.5,35.9,1200,37.3,1200,0,232800
IBULHSGFIN27Feb20300CE.NFO,07/01/2020,10:03:29,37.5,35.95,1200,37.3,1200,0,232800
IBULHSGFIN27Feb20300CE.NFO,07/01/2020,10:03:34,37.5,36,1200,37.3,1200,0,232800
IBULHSGFIN27Feb20300CE.NFO,07/01/2020,10:03:42,37.5,35.95,1200,37.3,1200,0,232800
IBULHSGFIN27Feb20300CE.NFO,07/01/2020,10:03:56,37.5,36,1200,37.3,1200,0,232800
IBULHSGFIN27Feb20300CE.NFO,07/01/2020,10:04:15,37.5,35.95,1200,37.3,1200,0,232800
IBULHSGFIN27Feb20300CE.NFO,07/01/2020,10:04:46,37.5,35.95,1200,37.75,2400,0,232800
IBULHSGFIN27Feb20300CE.NFO,07/01/2020,10:04:55,37.5,36.15,1200,37.75,2400,0,232800
IBULHSGFIN27Feb20300CE.NFO,07/01/2020,10:05:00,37.5,36.1,1200,37.75,2400,0,232800
IBULHSGFIN27Feb20300CE.NFO,07/01/2020,10:05:04,37.5,36.15,1200,37.75,2400,0,232800
IBULHSGFIN27Feb20300CE.NFO,07/01/2020,10:05:26,37.5,36.1,1200,37.55,2400,0,232800
IBULHSGFIN27Feb20300CE.NFO,07/01/2020,10:05:31,37.5,35.6,1200,37.3,2400,0,232800
IBULHSGFIN27Feb20300CE.NFO,07/01/2020,10:05:37,37.5,35.6,1200,36.95,1200,0,232800
IBULHSGFIN27Feb20300CE.NFO,07/01/2020,10:05:43,37.5,35.55,1200,36.95,1200,0,232800
IBULHSGFIN27Feb20300CE.NFO,07/01/2020,10:05:49,37.5,35.55,1200,37.05,1200,0,232800
IBULHSGFIN27Feb20300CE.NFO,07/01/2020,10:05:55,37.5,35.7,1200,36.95,1200,0,232800
IBULHSGFIN27Feb20300CE.NFO,07/01/2020,10:06:00,37.5,35.65,1200,36.95,1200,0,232800
IBULHSGFIN27Feb20300CE.NFO,07/01/2020,10:06:34,37.5,35.9,1200,37,1200,0,232800
IBULHSGFIN27Feb20300CE.NFO,07/01/2020,10:06:38,37.5,35.85,1200,37,1200,0,232800
IBULHSGFIN27Feb20300CE.NFO,07/01/2020,10:07:18,37.5,35.6,1200,36.9,1200,0,232800
IBULHSGFIN27Feb20300CE.NFO,07/01/2020,10:07:39,37.5,35.55,1200,36.8,1200,0,232800
IBULHSGFIN27Feb20300CE.NFO,07/01/2020,10:07:49,37.5,35.6,3600,37,2400,0,232800
IBULHSGFIN27Feb20300CE.NFO,07/01/2020,10:07:55,37.5,35.6,3600,37.05,1200,0,232800
IBULHSGFIN27Feb20300CE.NFO,07/01/2020,10:08:00,37.5,35.85,1200,37.05,1200,0,232800
IBULHSGFIN27Feb20300CE.NFO,07/01/2020,10:08:18,37.5,35.85,1200,37.15,1200,0,232800
IBULHSGFIN27Feb20300CE.NFO,07/01/2020,10:08:22,37.5,35.85,1200,37.1,1200,0,232800
IBULHSGFIN27Feb20300CE.NFO,07/01/2020,10:08:32,37.5,35.85,3600,37.25,1200,0,232800
IBULHSGFIN27Feb20300CE.NFO,07/01/2020,10:08:37,37.5,36.05,1200,37.25,1200,0,232800
IBULHSGFIN27Feb20300CE.NFO,07/01/2020,10:08:42,37.5,36,1200,37.4,2400,0,232800
IBULHSGFIN27Feb20300CE.NFO,07/01/2020,10:09:12,37.5,36.1,1200,37.4,2400,0,232800
IBULHSGFIN27Feb20300CE.NFO,07/01/2020,10:09:16,37.5,36.15,1200,37.4,2400,0,232800
IBULHSGFIN27Feb20300CE.NFO,07/01/2020,10:09:21,37.5,36,1200,37.4,2400,0,232800
IBULHSGFIN27Feb20300CE.NFO,07/01/2020,10:09:34,37.5,36.05,1200,37.4,2400,0,232800
IBULHSGFIN27Feb20300CE.NFO,07/01/2020,10:09:38,37.5,36,1200,37.4,2400,0,232800
IBULHSGFIN27Feb20300CE.NFO,07/01/2020,10:09:42,37.5,36.05,1200,37.4,2400,0,232800
IBULHSGFIN27Feb20300CE.NFO,07/01/2020,10:09:46,37.5,35.85,1200,37.4,2400,0,232800
IBULHSGFIN27Feb20300CE.NFO,07/01/2020,10:09:55,37.5,35.85,3600,37.4,2400,0,232800
IBULHSGFIN27Feb20300CE.NFO,07/01/2020,10:10:16,37.5,35.85,1200,37.4,2400,0,232800
IBULHSGFIN27Feb20300CE.NFO,07/01/2020,10:10:37,37.5,36,1200,37.4,2400,0,232800
IBULHSGFIN27Feb20300CE.NFO,07/01/2020,10:11:07,37.5,36.05,2400,37.4,2400,0,232800
IBULHSGFIN27Feb20300CE.NFO,07/01/2020,10:11:11,37.5,36.1,1200,37.4,2400,0,232800
IBULHSGFIN27Feb20300CE.NFO,07/01/2020,10:11:16,37.5,36.25,1200,37.4,1200,0,232800
IBULHSGFIN27Feb20300CE.NFO,07/01/2020,10:11:32,37.5,36.25,1200,37.55,1200,0,232800
IBULHSGFIN27Feb20300CE.NFO,07/01/2020,10:11:37,37.5,36.3,2400,37.55,1200,0,232800
IBULHSGFIN27Feb20300CE.NFO,07/01/2020,10:11:43,37.5,36.35,1200,37.55,1200,0,232800
IBULHSGFIN27Feb20300CE.NFO,07/01/2020,10:11:48,37.5,36.35,1200,37.75,2400,0,232800
IBULHSGFIN27Feb20300CE.NFO,07/01/2020,10:12:09,37.5,36.35,1200,37.6,2400,0,232800
IBULHSGFIN27Feb20300CE.NFO,07/01/2020,10:12:39,37.5,36.35,1200,37.3,1200,0,232800
IBULHSGFIN27Feb20300CE.NFO,07/01/2020,10:13:43,37.5,36.35,1200,37.5,1200,0,232800
IBULHSGFIN27Feb20300CE.NFO,07/01/2020,10:13:59,37.5,36.35,1200,37.6,1200,0,232800
IBULHSGFIN27Feb20300CE.NFO,07/01/2020,10:14:08,37.5,36.35,2400,37.75,2400,0,232800
IBULHSGFIN27Feb20300CE.NFO,07/01/2020,10:14:13,37.5,36.45,1200,37.8,1200,0,232800
IBULHSGFIN27Feb20300CE.NFO,07/01/2020,10:14:19,37.5,36.55,1200,38,2400,0,232800
IBULHSGFIN27Feb20300CE.NFO,07/01/2020,10:14:24,37.5,36.45,1200,37.85,1200,0,232800
IBULHSGFIN27Feb20300CE.NFO,07/01/2020,10:14:30,37.5,36.5,2400,37.85,1200,0,232800
IBULHSGFIN27Feb20300CE.NFO,07/01/2020,10:14:35,37.5,36.5,2400,37.75,1200,0,232800
IBULHSGFIN27Feb20300CE.NFO,07/01/2020,10:14:44,37.5,36.45,1200,37.85,1200,0,232800
IBULHSGFIN27Feb20300CE.NFO,07/01/2020,10:14:49,37.5,36.4,1200,37.85,1200,0,232800
IBULHSGFIN27Feb20300CE.NFO,07/01/2020,10:14:54,37.5,36.45,1200,37.75,1200,0,232800
IBULHSGFIN27Feb20300CE.NFO,07/01/2020,10:14:59,37.5,36.55,1200,37.85,1200,0,232800
IBULHSGFIN27Feb20300CE.NFO,07/01/2020,10:15:05,37.5,36.65,1200,38,1200,0,232800
IBULHSGFIN27Feb20300CE.NFO,07/01/2020,10:15:10,37.5,36.5,1200,37.9,2400,0,232800
IBULHSGFIN27Feb20300CE.NFO,07/01/2020,10:15:14,37.5,36.45,1200,37.8,1200,0,232800
IBULHSGFIN27Feb20300CE.NFO,07/01/2020,10:15:20,37.5,36.4,1200,37.8,1200,0,232800
IBULHSGFIN27Feb20300CE.NFO,07/01/2020,10:15:25,37.5,36.55,1200,37.9,1200,0,232800
IBULHSGFIN27Feb20300CE.NFO,07/01/2020,10:15:29,37.5,36.55,1200,37.8,1200,0,232800
IBULHSGFIN27Feb20300CE.NFO,07/01/2020,10:15:34,37.5,36.5,1200,37.75,1200,0,232800
IBULHSGFIN27Feb20300CE.NFO,07/01/2020,10:15:39,37.5,36.5,1200,37.85,1200,0,232800
IBULHSGFIN27Feb20300CE.NFO,07/01/2020,10:15:50,37.5,36.45,1200,37.55,1200,0,232800
IBULHSGFIN27Feb20300CE.NFO,07/01/2020,10:15:56,37.5,36.35,1200,37.7,2400,0,232800
IBULHSGFIN27Feb20300CE.NFO,07/01/2020,10:16:01,37.5,36.35,1200,37.4,1200,0,232800
IBULHSGFIN27Feb20300CE.NFO,07/01/2020,10:16:33,37.5,36.35,1200,37.55,1200,0,232800
IBULHSGFIN27Feb20300CE.NFO,07/01/2020,10:16:43,37.5,36.35,1200,37.4,1200,0,232800
IBULHSGFIN27Feb20300CE.NFO,07/01/2020,10:17:05,37.5,36.35,1200,37.6,1200,0,232800
IBULHSGFIN27Feb20300CE.NFO,07/01/2020,10:17:22,37.5,36.35,1200,37.3,1200,0,232800
IBULHSGFIN27Feb20300CE.NFO,07/01/2020,10:17:36,37.5,36.35,1200,37.25,1200,0,232800
IBULHSGFIN27Feb20300CE.NFO,07/01/2020,10:17:45,37.5,36.35,1200,37.2,1200,0,232800
IBULHSGFIN27Feb20300CE.NFO,07/01/2020,10:18:13,37.5,36.35,1200,37.25,1200,0,232800
IBULHSGFIN27Feb20300CE.NFO,07/01/2020,10:19:17,37.5,36.35,1200,37.2,1200,0,232800
IBULHSGFIN27Feb20300CE.NFO,07/01/2020,10:20:05,37.5,36.35,1200,37.25,1200,0,232800
IBULHSGFIN27Feb20300CE.NFO,07/01/2020,10:20:17,37.25,36.35,1200,37.5,2400,1200,234000
IBULHSGFIN27Feb20300CE.NFO,07/01/2020,10:20:22,37.25,36.35,1200,37.5,2400,0,234000
IBULHSGFIN27Feb20300CE.NFO,07/01/2020,10:20:48,37.25,36.35,2400,37.5,2400,0,234000
IBULHSGFIN27Feb20300CE.NFO,07/01/2020,10:20:52,37.25,36.35,2400,37.5,1200,0,234000
IBULHSGFIN27Feb20300CE.NFO,07/01/2020,10:20:59,37.25,36.35,2400,37.65,1200,0,234000
IBULHSGFIN27Feb20300CE.NFO,07/01/2020,10:21:03,37.25,36.35,2400,37.55,1200,0,234000
IBULHSGFIN27Feb20300CE.NFO,07/01/2020,10:21:11,37.25,36.5,1200,37.75,1200,0,234000
IBULHSGFIN27Feb20300CE.NFO,07/01/2020,10:21:15,37.25,36.35,2400,37.65,1200,0,234000
IBULHSGFIN27Feb20300CE.NFO,07/01/2020,10:21:19,37.25,36.45,1200,37.65,1200,0,234000
IBULHSGFIN27Feb20300CE.NFO,07/01/2020,10:21:23,37.25,36.4,1200,37.65,1200,0,234000
IBULHSGFIN27Feb20300CE.NFO,07/01/2020,10:21:33,37.25,36.5,1200,37.65,1200,0,234000
IBULHSGFIN27Feb20300CE.NFO,07/01/2020,10:21:39,37.25,36.4,1200,37.65,1200,0,234000
IBULHSGFIN27Feb20300CE.NFO,07/01/2020,10:21:54,37.25,36.35,1200,37.6,1200,0,234000
IBULHSGFIN27Feb20300CE.NFO,07/01/2020,10:22:07,37.25,36.35,1200,37.55,1200,0,234000
IBULHSGFIN27Feb20300CE.NFO,07/01/2020,10:22:11,37.25,36.35,1200,37.4,1200,0,234000
IBULHSGFIN27Feb20300CE.NFO,07/01/2020,10:24:26,37.25,36.35,1200,37.45,1200,0,234000
IBULHSGFIN27Feb20300CE.NFO,07/01/2020,10:24:33,37.25,36.35,1200,37.55,2400,0,234000
IBULHSGFIN27Feb20300CE.NFO,07/01/2020,10:24:43,37.25,36.35,1200,37.45,1200,0,234000
IBULHSGFIN27Feb20300CE.NFO,07/01/2020,10:24:46,37.25,36.35,1200,37.55,2400,0,234000
IBULHSGFIN27Feb20300CE.NFO,07/01/2020,10:24:49,37.25,36.35,1200,37.45,1200,0,234000
IBULHSGFIN27Feb20300CE.NFO,07/01/2020,10:24:58,37.25,36.35,1200,37.55,2400,0,234000
IBULHSGFIN27Feb20300CE.NFO,07/01/2020,10:25:17,37.25,36.35,1200,37.4,1200,0,234000
IBULHSGFIN27Feb20300CE.NFO,07/01/2020,10:25:34,37.25,36.35,1200,37.25,1200,0,234000
IBULHSGFIN27Feb20300CE.NFO,07/01/2020,10:25:40,37.25,36.35,1200,37.1,1200,0,234000
IBULHSGFIN27Feb20300CE.NFO,07/01/2020,10:26:44,37.25,36.35,1200,37.3,1200,0,234000
IBULHSGFIN27Feb20300CE.NFO,07/01/2020,10:26:55,37.25,36.35,1200,37.4,1200,0,234000
IBULHSGFIN27Feb20300CE.NFO,07/01/2020,10:26:59,37.25,36.35,1200,37.45,1200,0,234000
IBULHSGFIN27Feb20300CE.NFO,07/01/2020,10:27:02,37.25,36.35,1200,37.7,2400,0,234000
IBULHSGFIN27Feb20300CE.NFO,07/01/2020,10:27:06,37.25,36.35,1200,37.55,2400,0,234000
IBULHSGFIN27Feb20300CE.NFO,07/01/2020,10:27:12,37.25,36.35,1200,37.7,2400,0,234000
IBULHSGFIN27Feb20300CE.NFO,07/01/2020,10:27:16,37.25,36.35,1200,37.55,2400,0,234000
IBULHSGFIN27Feb20300CE.NFO,07/01/2020,10:27:22,37.25,36.35,1200,37.4,1200,0,234000
IBULHSGFIN27Feb20300CE.NFO,07/01/2020,10:28:10,37.25,36.35,1200,37.45,1200,0,234000
IBULHSGFIN27Feb20300CE.NFO,07/01/2020,10:28:13,37.25,36.35,1200,37.5,2400,0,234000
IBULHSGFIN27Feb20300CE.NFO,07/01/2020,10:28:22,37.25,36.35,1200,37.6,2400,0,234000
IBULHSGFIN27Feb20300CE.NFO,07/01/2020,10:28:30,37.25,36.35,1200,37.6,1200,0,234000
IBULHSGFIN27Feb20300CE.NFO,07/01/2020,10:28:37,37.25,36.35,2400,37.6,1200,0,234000
IBULHSGFIN27Feb20300CE.NFO,07/01/2020,10:28:40,37.25,36.4,1200,37.65,1200,0,234000
IBULHSGFIN27Feb20300CE.NFO,07/01/2020,10:28:59,37.25,36.35,2400,37.65,1200,0,234000
IBULHSGFIN27Feb20300CE.NFO,07/01/2020,10:29:03,37.25,36.4,1200,37.65,1200,0,234000
IBULHSGFIN27Feb20300CE.NFO,07/01/2020,10:29:40,37.25,36.35,1200,37.55,1200,0,234000
IBULHSGFIN27Feb20300CE.NFO,07/01/2020,10:29:47,37.25,36.35,2400,37.55,1200,0,234000
IBULHSGFIN27Feb20300CE.NFO,07/01/2020,10:29:49,37.25,36.35,1200,37.55,1200,0,234000
IBULHSGFIN27Feb20300CE.NFO,07/01/2020,10:30:05,37.25,36.4,1200,37.55,1200,0,234000
IBULHSGFIN27Feb20300CE.NFO,07/01/2020,10:30:08,37.25,36.35,2400,37.55,1200,0,234000
IBULHSGFIN27Feb20300CE.NFO,07/01/2020,10:30:24,37.25,36.35,1200,37.55,1200,0,234000
IBULHSGFIN27Feb20300CE.NFO,07/01/2020,10:30:30,37.25,36.4,1200,37.55,1200,0,234000
IBULHSGFIN27Feb20300CE.NFO,07/01/2020,10:30:32,37.25,36.35,2400,37.55,1200,0,234000
IBULHSGFIN27Feb20300CE.NFO,07/01/2020,10:30:47,37.25,36.35,1200,37.55,1200,0,234000
IBULHSGFIN27Feb20300CE.NFO,07/01/2020,10:30:57,37.25,36.4,1200,37.55,1200,0,234000
IBULHSGFIN27Feb20300CE.NFO,07/01/2020,10:31:11,37.25,36.45,1200,37.55,1200,0,234000
IBULHSGFIN27Feb20300CE.NFO,07/01/2020,10:31:13,37.25,36.45,1200,37.65,1200,0,234000
IBULHSGFIN27Feb20300CE.NFO,07/01/2020,10:31:25,37.25,36.4,1200,37.6,1200,0,234000
IBULHSGFIN27Feb20300CE.NFO,07/01/2020,10:31:32,37.25,36.35,1200,37.55,1200,0,234000
IBULHSGFIN27Feb20300CE.NFO,07/01/2020,10:31:45,37.25,36.4,1200,37.55,1200,0,234000
IBULHSGFIN27Feb20300CE.NFO,07/01/2020,10:31:55,37.25,36.35,1200,37.5,1200,0,234000
IBULHSGFIN27Feb20300CE.NFO,07/01/2020,10:31:59,37.25,36.35,1200,37.45,1200,0,234000
IBULHSGFIN27Feb20300CE.NFO,07/01/2020,10:32:46,37.25,36.35,1200,37.5,1200,0,234000
IBULHSGFIN27Feb20300CE.NFO,07/01/2020,10:33:21,37.25,36.35,2400,37.5,1200,0,234000
IBULHSGFIN27Feb20300CE.NFO,07/01/2020,10:33:37,37.25,36.35,1200,37.5,1200,0,234000
IBULHSGFIN27Feb20300CE.NFO,07/01/2020,10:34:22,37.25,36.4,1200,37.7,2400,0,234000
IBULHSGFIN27Feb20300CE.NFO,07/01/2020,10:34:28,37.25,36.45,1200,37.7,2400,0,234000
IBULHSGFIN27Feb20300CE.NFO,07/01/2020,10:34:32,37.25,36.5,1200,37.7,2400,0,234000
IBULHSGFIN27Feb20300CE.NFO,07/01/2020,10:34:36,37.25,36.75,1200,38.15,2400,0,234000
IBULHSGFIN27Feb20300CE.NFO,07/01/2020,10:34:39,37.25,36.9,1200,38.1,1200,0,234000
IBULHSGFIN27Feb20300CE.NFO,07/01/2020,10:34:44,37.25,36.95,1200,38.35,2400,0,234000
IBULHSGFIN27Feb20300CE.NFO,07/01/2020,10:34:48,37.25,37.05,1200,38.45,2400,0,234000
IBULHSGFIN27Feb20300CE.NFO,07/01/2020,10:34:53,37.25,37.1,1200,38.4,1200,0,234000
IBULHSGFIN27Feb20300CE.NFO,07/01/2020,10:34:57,37.25,36.85,1200,38.1,1200,0,234000
IBULHSGFIN27Feb20300CE.NFO,07/01/2020,10:35:01,37.25,36.7,1200,38.05,1200,0,234000
IBULHSGFIN27Feb20300CE.NFO,07/01/2020,10:35:07,37.25,36.7,3600,38.15,1200,0,234000
IBULHSGFIN27Feb20300CE.NFO,07/01/2020,10:35:14,37.25,36.8,2400,38.3,2400,0,234000
IBULHSGFIN27Feb20300CE.NFO,07/01/2020,10:35:17,37.25,36.7,3600,38.25,2400,0,234000
IBULHSGFIN27Feb20300CE.NFO,07/01/2020,10:35:27,37.25,36.75,1200,38.05,1200,0,234000
IBULHSGFIN27Feb20300CE.NFO,07/01/2020,10:35:35,37.25,36.7,1200,37.95,1200,0,234000
IBULHSGFIN27Feb20300CE.NFO,07/01/2020,10:35:42,37.25,36.8,3600,38.3,2400,0,234000
IBULHSGFIN27Feb20300CE.NFO,07/01/2020,10:35:45,37.25,36.8,1200,38.15,2400,0,234000
IBULHSGFIN27Feb20300CE.NFO,07/01/2020,10:36:01,37.25,36.8,1200,38.1,1200,0,234000
IBULHSGFIN27Feb20300CE.NFO,07/01/2020,10:36:05,37.25,36.7,1200,37.85,1200,0,234000
IBULHSGFIN27Feb20300CE.NFO,07/01/2020,10:36:09,37.25,36.65,1200,37.95,1200,0,234000
IBULHSGFIN27Feb20300CE.NFO,07/01/2020,10:36:21,37.25,36.75,1200,37.95,1200,0,234000
IBULHSGFIN27Feb20300CE.NFO,07/01/2020,10:36:26,37.25,36.8,1200,38.1,1200,0,234000
IBULHSGFIN27Feb20300CE.NFO,07/01/2020,10:36:29,37.25,36.8,1200,38.05,1200,0,234000
IBULHSGFIN27Feb20300CE.NFO,07/01/2020,10:36:33,37.25,36.8,1200,38.1,2400,0,234000
IBULHSGFIN27Feb20300CE.NFO,07/01/2020,10:36:35,37.25,36.8,1200,38,1200,0,234000
IBULHSGFIN27Feb20300CE.NFO,07/01/2020,10:36:37,37.25,36.8,1200,38.1,2400,0,234000
IBULHSGFIN27Feb20300CE.NFO,07/01/2020,10:36:40,37.25,36.8,1200,38.05,1200,0,234000
IBULHSGFIN27Feb20300CE.NFO,07/01/2020,10:36:42,37.25,36.8,1200,37.9,1200,0,234000
IBULHSGFIN27Feb20300CE.NFO,07/01/2020,10:36:46,37.25,36.8,1200,37.95,1200,0,234000
IBULHSGFIN27Feb20300CE.NFO,07/01/2020,10:37:11,37.25,36.7,1200,37.8,1200,0,234000
IBULHSGFIN27Feb20300CE.NFO,07/01/2020,10:37:34,37.25,36.55,1200,37.8,1200,0,234000
IBULHSGFIN27Feb20300CE.NFO,07/01/2020,10:37:43,37.25,36.5,1200,37.65,1200,0,234000
IBULHSGFIN27Feb20300CE.NFO,07/01/2020,10:37:53,37.25,36.5,1200,37.75,1200,0,234000
IBULHSGFIN27Feb20300CE.NFO,07/01/2020,10:38:14,37.25,36.5,1200,37.6,1200,0,234000
IBULHSGFIN27Feb20300CE.NFO,07/01/2020,10:38:25,37.25,36.35,1200,37.5,1200,0,234000
IBULHSGFIN27Feb20300CE.NFO,07/01/2020,10:38:32,37.25,36.4,1200,37.55,1200,0,234000
IBULHSGFIN27Feb20300CE.NFO,07/01/2020,10:38:35,37.25,36.35,1200,37.55,1200,0,234000
IBULHSGFIN27Feb20300CE.NFO,07/01/2020,10:38:42,37.25,36.45,1200,37.7,1200,0,234000
IBULHSGFIN27Feb20300CE.NFO,07/01/2020,10:38:48,37.25,36.35,1200,37.6,1200,0,234000
IBULHSGFIN27Feb20300CE.NFO,07/01/2020,10:39:07,37.25,36.35,2400,37.45,1200,0,234000
IBULHSGFIN27Feb20300CE.NFO,07/01/2020,10:39:31,37.25,36.35,2400,37.5,1200,0,234000
IBULHSGFIN27Feb20300CE.NFO,07/01/2020,10:39:34,37.25,36.35,2400,37.75,2400,0,234000
IBULHSGFIN27Feb20300CE.NFO,07/01/2020,10:39:37,37.25,36.35,2400,37.7,2400,0,234000
IBULHSGFIN27Feb20300CE.NFO,07/01/2020,10:39:40,37.25,36.35,2400,37.55,1200,0,234000
IBULHSGFIN27Feb20300CE.NFO,07/01/2020,10:39:45,37.25,36.75,1200,37.55,1200,0,234000
IBULHSGFIN27Feb20300CE.NFO,07/01/2020,10:39:59,37.25,36.35,2400,37.55,1200,0,234000
IBULHSGFIN27Feb20300CE.NFO,07/01/2020,10:40:10,37.25,36.4,1200,37.55,1200,0,234000
IBULHSGFIN27Feb20300CE.NFO,07/01/2020,10:40:14,37.25,37,1200,37.55,1200,0,234000
IBULHSGFIN27Feb20300CE.NFO,07/01/2020,10:40:25,37.25,36.4,1200,37.55,1200,0,234000
IBULHSGFIN27Feb20300CE.NFO,07/01/2020,10:40:27,37.25,36.4,1200,37.7,1200,0,234000
IBULHSGFIN27Feb20300CE.NFO,07/01/2020,10:40:36,37.25,36.4,1200,37.65,1200,0,234000
IBULHSGFIN27Feb20300CE.NFO,07/01/2020,10:40:45,37.25,36.45,1200,37.65,1200,0,234000
IBULHSGFIN27Feb20300CE.NFO,07/01/2020,10:40:50,37.25,36.5,1200,37.65,1200,0,234000
IBULHSGFIN27Feb20300CE.NFO,07/01/2020,10:41:07,37.25,36.45,1200,37.6,1200,0,234000
IBULHSGFIN27Feb20300CE.NFO,07/01/2020,10:41:39,37.25,36.5,1200,37.75,1200,0,234000
IBULHSGFIN27Feb20300CE.NFO,07/01/2020,10:41:42,37.25,36.75,1200,37.95,1200,0,234000
IBULHSGFIN27Feb20300CE.NFO,07/01/2020,10:41:45,37.25,36.65,1200,37.85,1200,0,234000
IBULHSGFIN27Feb20300CE.NFO,07/01/2020,10:41:48,37.25,36.6,1200,37.75,1200,0,234000
IBULHSGFIN27Feb20300CE.NFO,07/01/2020,10:42:02,37.25,36.6,1200,37.9,1200,0,234000
IBULHSGFIN27Feb20300CE.NFO,07/01/2020,10:42:05,37.25,36.7,1200,37.9,1200,0,234000
IBULHSGFIN27Feb20300CE.NFO,07/01/2020,10:42:43,37.25,36.6,1200,37.7,1200,0,234000
IBULHSGFIN27Feb20300CE.NFO,07/01/2020,10:42:54,37.25,36.6,1200,37.8,1200,0,234000
IBULHSGFIN27Feb20300CE.NFO,07/01/2020,10:43:02,37.25,36.7,1200,38.1,2400,0,234000
IBULHSGFIN27Feb20300CE.NFO,07/01/2020,10:43:10,37.25,36.65,1200,38.1,2400,0,234000
IBULHSGFIN27Feb20300CE.NFO,07/01/2020,10:43:12,37.25,36.7,1200,38.1,2400,0,234000
IBULHSGFIN27Feb20300CE.NFO,07/01/2020,10:43:15,37.25,36.8,1200,38.1,2400,0,234000
IBULHSGFIN27Feb20300CE.NFO,07/01/2020,10:43:21,37.25,36.75,1200,38.1,2400,0,234000
IBULHSGFIN27Feb20300CE.NFO,07/01/2020,10:43:39,37.25,36.75,1200,37.95,1200,0,234000
IBULHSGFIN27Feb20300CE.NFO,07/01/2020,10:43:44,37.25,36.7,1200,37.85,1200,0,234000
IBULHSGFIN27Feb20300CE.NFO,07/01/2020,10:43:52,37.25,36.65,1200,37.85,1200,0,234000
IBULHSGFIN27Feb20300CE.NFO,07/01/2020,10:44:18,37.25,36.6,1200,37.85,1200,0,234000
IBULHSGFIN27Feb20300CE.NFO,07/01/2020,10:44:20,37.25,36.6,1200,37.55,1200,0,234000
IBULHSGFIN27Feb20300CE.NFO,07/01/2020,10:44:32,37.25,36.5,1200,37.55,1200,0,234000
IBULHSGFIN27Feb20300CE.NFO,07/01/2020,10:44:35,37.25,36.5,1200,37.7,1200,0,234000
IBULHSGFIN27Feb20300CE.NFO,07/01/2020,10:44:42,37.25,36.5,1200,37.55,1200,0,234000
IBULHSGFIN27Feb20300CE.NFO,07/01/2020,10:44:58,37.25,36.35,1200,37.55,1200,0,234000
IBULHSGFIN27Feb20300CE.NFO,07/01/2020,10:45:04,37.25,36.35,1200,37.5,1200,0,234000
IBULHSGFIN27Feb20300CE.NFO,07/01/2020,10:45:08,37.25,36.35,1200,37.35,1200,0,234000
IBULHSGFIN27Feb20300CE.NFO,07/01/2020,10:45:12,37.25,36.35,1200,37.5,1200,0,234000
IBULHSGFIN27Feb20300CE.NFO,07/01/2020,10:45:22,37.25,36.35,1200,37.6,1200,0,234000
IBULHSGFIN27Feb20300CE.NFO,07/01/2020,10:45:32,37.25,37,1200,37.65,1200,0,234000
IBULHSGFIN27Feb20300CE.NFO,07/01/2020,10:45:36,37.25,36.35,1200,37.55,1200,0,234000
IBULHSGFIN27Feb20300CE.NFO,07/01/2020,10:45:41,37.25,36.5,1200,37.55,1200,0,234000
IBULHSGFIN27Feb20300CE.NFO,07/01/2020,10:45:47,37.25,36.35,1200,37.55,1200,0,234000
IBULHSGFIN27Feb20300CE.NFO,07/01/2020,10:45:58,37.25,36.35,1200,37.65,1200,0,234000
IBULHSGFIN27Feb20300CE.NFO,07/01/2020,10:46:09,37.25,36.5,1200,37.65,1200,0,234000
IBULHSGFIN27Feb20300CE.NFO,07/01/2020,10:47:16,37.25,36.5,1200,37.8,1200,0,234000
IBULHSGFIN27Feb20300CE.NFO,07/01/2020,10:47:22,37.25,36.5,1200,37.7,1200,0,234000
IBULHSGFIN27Feb20300CE.NFO,07/01/2020,10:47:33,37.25,36.5,3600,37.7,1200,0,234000
IBULHSGFIN27Feb20300CE.NFO,07/01/2020,10:47:36,37.25,36.5,3600,37.85,1200,0,234000
IBULHSGFIN27Feb20300CE.NFO,07/01/2020,10:47:46,37.25,36.5,1200,37.75,1200,0,234000
IBULHSGFIN27Feb20300CE.NFO,07/01/2020,10:47:50,37.25,36.5,1200,37.85,1200,0,234000
IBULHSGFIN27Feb20300CE.NFO,07/01/2020,10:48:04,37.25,36.55,2400,37.85,1200,0,234000
IBULHSGFIN27Feb20300CE.NFO,07/01/2020,10:48:12,37.25,36.5,2400,37.85,1200,0,234000
IBULHSGFIN27Feb20300CE.NFO,07/01/2020,10:48:16,37.25,36.55,1200,37.85,1200,0,234000
IBULHSGFIN27Feb20300CE.NFO,07/01/2020,10:48:32,37.25,36.35,4800,37.75,1200,0,234000
IBULHSGFIN27Feb20300CE.NFO,07/01/2020,10:48:56,37.25,36.35,4800,37.7,1200,0,234000
IBULHSGFIN27Feb20300CE.NFO,07/01/2020,10:49:00,37.25,36.4,1200,37.55,1200,0,234000
IBULHSGFIN27Feb20300CE.NFO,07/01/2020,10:49:04,37.25,36.4,1200,37.65,2400,0,234000
IBULHSGFIN27Feb20300CE.NFO,07/01/2020,10:49:08,37.25,36.35,2400,37.65,2400,0,234000
IBULHSGFIN27Feb20300CE.NFO,07/01/2020,10:49:16,37.25,36.35,4800,37.65,2400,0,234000
IBULHSGFIN27Feb20300CE.NFO,07/01/2020,10:49:25,37.25,36.35,2400,37.65,2400,0,234000
IBULHSGFIN27Feb20300CE.NFO,07/01/2020,10:49:38,37.25,36.35,2400,37.65,1200,0,234000
IBULHSGFIN27Feb20300CE.NFO,07/01/2020,10:49:45,37.25,36.45,1200,37.55,1200,0,234000
IBULHSGFIN27Feb20300CE.NFO,07/01/2020,10:49:56,37.25,36.35,1200,37.55,1200,0,234000
IBULHSGFIN27Feb20300CE.NFO,07/01/2020,10:50:01,37.25,36.35,2400,37.55,1200,0,234000
IBULHSGFIN27Feb20300CE.NFO,07/01/2020,10:50:30,37.25,36.35,1200,37.55,1200,0,234000
IBULHSGFIN27Feb20300CE.NFO,07/01/2020,10:50:43,37.25,36.35,1200,37.4,1200,0,234000
IBULHSGFIN27Feb20300CE.NFO,07/01/2020,10:51:09,37.25,36.5,1200,37.4,1200,0,234000
IBULHSGFIN27Feb20300CE.NFO,07/01/2020,10:51:33,37.25,36.5,1200,37.25,1200,0,234000
IBULHSGFIN27Feb20300CE.NFO,07/01/2020,10:51:51,37.25,36.35,1200,37.55,1200,0,234000
IBULHSGFIN27Feb20300CE.NFO,07/01/2020,10:51:54,37.25,36.35,1200,37.4,1200,0,234000
IBULHSGFIN27Feb20300CE.NFO,07/01/2020,10:52:02,37.25,36.35,1200,37.25,1200,0,234000
IBULHSGFIN27Feb20300CE.NFO,07/01/2020,10:52:38,37.25,36.35,1200,36.95,1200,0,234000
IBULHSGFIN27Feb20300CE.NFO,07/01/2020,10:53:05,37.25,36.35,1200,36.7,1200,0,234000
IBULHSGFIN27Feb20300CE.NFO,07/01/2020,10:53:10,36.35,35.45,1200,36.8,1200,1200,232800
IBULHSGFIN27Feb20300CE.NFO,07/01/2020,10:53:10,36.35,35.45,1200,36.8,1200,0,232800
IBULHSGFIN27Feb20300CE.NFO,07/01/2020,10:53:16,36.35,35.6,1200,36.8,1200,0,232800
IBULHSGFIN27Feb20300CE.NFO,07/01/2020,10:53:22,36.35,35.75,1200,36.95,1200,0,232800
IBULHSGFIN27Feb20300CE.NFO,07/01/2020,10:53:27,36.35,35.65,1200,36.8,1200,0,232800
IBULHSGFIN27Feb20300CE.NFO,07/01/2020,10:53:32,36.35,35.8,1200,37.05,2400,0,232800
IBULHSGFIN27Feb20300CE.NFO,07/01/2020,10:53:37,36.35,35.65,1200,37.1,2400,0,232800
IBULHSGFIN27Feb20300CE.NFO,07/01/2020,10:53:42,36.35,36,1200,37.1,2400,0,232800
IBULHSGFIN27Feb20300CE.NFO,07/01/2020,10:53:53,36.35,36,1200,36.95,1200,0,232800
IBULHSGFIN27Feb20300CE.NFO,07/01/2020,10:54:04,36.35,35.65,1200,36.95,1200,0,232800
IBULHSGFIN27Feb20300CE.NFO,07/01/2020,10:54:18,36.35,35.65,3600,36.95,1200,0,232800
IBULHSGFIN27Feb20300CE.NFO,07/01/2020,10:54:27,36.35,35.7,1200,36.95,1200,0,232800
IBULHSGFIN27Feb20300CE.NFO,07/01/2020,10:54:42,36.35,35.65,1200,36.85,1200,0,232800
IBULHSGFIN27Feb20300CE.NFO,07/01/2020,10:54:50,36.35,35.65,1200,36.8,1200,0,232800
IBULHSGFIN27Feb20300CE.NFO,07/01/2020,10:54:55,36.35,35.6,1200,36.75,1200,0,232800
IBULHSGFIN27Feb20300CE.NFO,07/01/2020,10:55:00,36.35,34.35,3600,36.55,1200,0,232800
IBULHSGFIN27Feb20300CE.NFO,07/01/2020,10:55:05,36.35,35.25,3600,36.55,1200,0,232800
IBULHSGFIN27Feb20300CE.NFO,07/01/2020,10:55:10,36.35,35.25,2400,36.55,1200,0,232800
IBULHSGFIN27Feb20300CE.NFO,07/01/2020,10:55:19,36.35,35.2,2400,36.55,1200,0,232800
IBULHSGFIN27Feb20300CE.NFO,07/01/2020,10:55:25,36.35,34.8,3600,36.55,1200,0,232800
IBULHSGFIN27Feb20300CE.NFO,07/01/2020,10:55:31,36.35,35.3,2400,36.55,1200,0,232800
IBULHSGFIN27Feb20300CE.NFO,07/01/2020,10:55:37,36.35,34.75,3600,36.55,1200,0,232800
IBULHSGFIN27Feb20300CE.NFO,07/01/2020,10:55:43,36.35,35.35,1200,36.55,1200,0,232800
IBULHSGFIN27Feb20300CE.NFO,07/01/2020,10:55:48,36.35,35.35,3600,36.7,1200,0,232800
IBULHSGFIN27Feb20300CE.NFO,07/01/2020,10:55:52,36.35,35.35,2400,36.7,1200,0,232800
IBULHSGFIN27Feb20300CE.NFO,07/01/2020,10:56:06,36.35,35.45,1200,36.7,1200,0,232800
IBULHSGFIN27Feb20300CE.NFO,07/01/2020,10:56:11,36.35,35.45,2400,36.7,1200,0,232800
IBULHSGFIN27Feb20300CE.NFO,07/01/2020,10:56:15,36.35,35.55,1200,36.7,1200,0,232800
IBULHSGFIN27Feb20300CE.NFO,07/01/2020,10:56:24,36.35,36,1200,36.7,1200,0,232800
IBULHSGFIN27Feb20300CE.NFO,07/01/2020,10:56:50,36.35,35.3,3600,36.7,1200,0,232800
IBULHSGFIN27Feb20300CE.NFO,07/01/2020,10:56:56,36.35,35.15,3600,36.55,1200,0,232800
IBULHSGFIN27Feb20300CE.NFO,07/01/2020,10:57:02,36.35,35.1,3600,36.5,1200,0,232800
IBULHSGFIN27Feb20300CE.NFO,07/01/2020,10:57:07,36.35,35.2,2400,36.5,1200,0,232800
IBULHSGFIN27Feb20300CE.NFO,07/01/2020,10:57:13,36.35,35.25,1200,36.5,1200,0,232800
IBULHSGFIN27Feb20300CE.NFO,07/01/2020,10:57:19,36.35,35.15,2400,36.5,1200,0,232800
IBULHSGFIN27Feb20300CE.NFO,07/01/2020,10:57:26,36.35,35.05,2400,36.5,1200,0,232800
IBULHSGFIN27Feb20300CE.NFO,07/01/2020,10:57:33,36.35,35.15,1200,36.5,1200,0,232800
IBULHSGFIN27Feb20300CE.NFO,07/01/2020,10:57:40,36.35,35,1200,36.3,1200,0,232800
IBULHSGFIN27Feb20300CE.NFO,07/01/2020,10:57:46,36.35,35.1,2400,36.3,1200,0,232800
IBULHSGFIN27Feb20300CE.NFO,07/01/2020,10:57:52,36.35,34.6,3600,36.3,1200,0,232800
IBULHSGFIN27Feb20300CE.NFO,07/01/2020,10:57:58,36.35,35.1,1200,36.3,1200,0,232800
IBULHSGFIN27Feb20300CE.NFO,07/01/2020,10:58:11,36.35,34.75,3600,36.2,1200,0,232800
IBULHSGFIN27Feb20300CE.NFO,07/01/2020,10:58:17,36.35,34.9,1200,36.2,1200,0,232800
IBULHSGFIN27Feb20300CE.NFO,07/01/2020,10:58:30,36.35,34.95,1200,36.1,1200,0,232800
IBULHSGFIN27Feb20300CE.NFO,07/01/2020,10:58:37,34.15,32.3,13200,36,1200,1200,231600
IBULHSGFIN27Feb20300CE.NFO,07/01/2020,10:58:37,34.15,32.3,13200,36,1200,0,231600
IBULHSGFIN27Feb20300CE.NFO,07/01/2020,10:58:43,34.15,34.15,1200,36.1,1200,0,231600
IBULHSGFIN27Feb20300CE.NFO,07/01/2020,10:58:49,34.15,33.5,1200,35.95,1200,0,231600
IBULHSGFIN27Feb20300CE.NFO,07/01/2020,10:58:55,34.15,34.5,1200,35.95,1200,0,231600
IBULHSGFIN27Feb20300CE.NFO,07/01/2020,10:59:01,34.15,34,2400,36.05,1200,0,231600
IBULHSGFIN27Feb20300CE.NFO,07/01/2020,10:59:08,34.15,33.7,1200,35.95,1200,0,231600
IBULHSGFIN27Feb20300CE.NFO,07/01/2020,10:59:14,34.15,34.3,1200,35.8,1200,0,231600
IBULHSGFIN27Feb20300CE.NFO,07/01/2020,10:59:20,34.15,34.5,1200,35.8,1200,0,231600
IBULHSGFIN27Feb20300CE.NFO,07/01/2020,10:59:26,34.15,34.5,1200,35.7,1200,0,231600
IBULHSGFIN27Feb20300CE.NFO,07/01/2020,10:59:32,34.15,34.5,1200,35.85,1200,0,231600
IBULHSGFIN27Feb20300CE.NFO,07/01/2020,10:59:50,34.15,34.5,1200,35.8,1200,0,231600
IBULHSGFIN27Feb20300CE.NFO,07/01/2020,10:59:55,34.15,34.5,3600,35.8,1200,0,231600
IBULHSGFIN27Feb20300CE.NFO,07/01/2020,11:00:08,34.15,34.5,1200,35.65,1200,0,231600
IBULHSGFIN27Feb20300CE.NFO,07/01/2020,11:00:16,34.15,34.5,1200,35.35,1200,0,231600
IBULHSGFIN27Feb20300CE.NFO,07/01/2020,11:00:24,34.5,34,1200,35.45,1200,1200,231600
IBULHSGFIN27Feb20300CE.NFO,07/01/2020,11:00:30,34.5,34,2400,35.35,1200,0,231600
IBULHSGFIN27Feb20300CE.NFO,07/01/2020,11:00:37,34.5,34.2,1200,35.3,1200,0,231600
IBULHSGFIN27Feb20300CE.NFO,07/01/2020,11:00:50,34.5,34.2,1200,35.45,1200,0,231600
IBULHSGFIN27Feb20300CE.NFO,07/01/2020,11:00:56,34.5,34.2,1200,35.3,1200,0,231600
IBULHSGFIN27Feb20300CE.NFO,07/01/2020,11:01:04,34.5,33.9,2400,35.25,1200,0,231600
IBULHSGFIN27Feb20300CE.NFO,07/01/2020,11:01:19,34.5,33.7,3600,35.25,1200,0,231600
IBULHSGFIN27Feb20300CE.NFO,07/01/2020,11:01:26,34.5,33.85,2400,35.25,1200,0,231600
IBULHSGFIN27Feb20300CE.NFO,07/01/2020,11:01:34,34.5,33.65,1200,35.1,1200,0,231600
IBULHSGFIN27Feb20300CE.NFO,07/01/2020,11:01:42,34.5,33.8,2400,35.1,1200,0,231600
IBULHSGFIN27Feb20300CE.NFO,07/01/2020,11:01:49,34.5,33.9,3600,35.45,1200,0,231600
IBULHSGFIN27Feb20300CE.NFO,07/01/2020,11:01:57,34.5,33.7,3600,35.25,1200,0,231600
IBULHSGFIN27Feb20300CE.NFO,07/01/2020,11:02:18,34.5,33.8,3600,35.25,1200,0,231600
IBULHSGFIN27Feb20300CE.NFO,07/01/2020,11:02:24,34.5,33.9,2400,35.25,1200,0,231600
IBULHSGFIN27Feb20300CE.NFO,07/01/2020,11:02:30,34.5,33.65,3600,35.1,1200,0,231600
IBULHSGFIN27Feb20300CE.NFO,07/01/2020,11:02:49,34.5,34,1200,35.1,1200,0,231600
IBULHSGFIN27Feb20300CE.NFO,07/01/2020,11:03:02,34.5,34,1200,35,1200,0,231600
IBULHSGFIN27Feb20300CE.NFO,07/01/2020,11:03:09,34.5,33.25,1200,34.45,1200,0,231600
IBULHSGFIN27Feb20300CE.NFO,07/01/2020,11:03:16,34.5,33.2,2400,34.45,1200,0,231600
IBULHSGFIN27Feb20300CE.NFO,07/01/2020,11:03:23,34.5,33.3,3600,34.45,1200,0,231600
IBULHSGFIN27Feb20300CE.NFO,07/01/2020,11:03:29,34.5,33.2,2400,34.45,1200,0,231600
IBULHSGFIN27Feb20300CE.NFO,07/01/2020,11:03:35,34.5,33.15,2400,34.45,1200,0,231600
IBULHSGFIN27Feb20300CE.NFO,07/01/2020,11:03:51,34.5,33.25,1200,34.45,1200,0,231600
IBULHSGFIN27Feb20300CE.NFO,07/01/2020,11:03:57,34.5,33.2,2400,34.45,1200,0,231600
IBULHSGFIN27Feb20300CE.NFO,07/01/2020,11:04:11,34.5,33.1,2400,34.35,1200,0,231600
IBULHSGFIN27Feb20300CE.NFO,07/01/2020,11:04:37,34.5,33.5,1200,34.35,1200,0,231600
IBULHSGFIN27Feb20300CE.NFO,07/01/2020,11:04:51,34.5,33.3,1200,34.35,1200,0,231600
IBULHSGFIN27Feb20300CE.NFO,07/01/2020,11:05:04,34.5,33.25,1200,34.55,1200,0,231600
IBULHSGFIN27Feb20300CE.NFO,07/01/2020,11:05:11,34.5,32.9,3600,34.4,1200,0,231600
IBULHSGFIN27Feb20300CE.NFO,07/01/2020,11:05:18,34.5,33,2400,34.4,1200,0,231600
IBULHSGFIN27Feb20300CE.NFO,07/01/2020,11:05:25,34.5,33.1,2400,34.4,1200,0,231600
IBULHSGFIN27Feb20300CE.NFO,07/01/2020,11:05:32,34.5,33.25,3600,34.4,1200,0,231600
IBULHSGFIN27Feb20300CE.NFO,07/01/2020,11:05:39,34.5,33.55,1200,34.75,1200,0,231600
IBULHSGFIN27Feb20300CE.NFO,07/01/2020,11:05:46,34.5,33.45,3600,34.95,1200,0,231600
IBULHSGFIN27Feb20300CE.NFO,07/01/2020,11:05:53,34.5,33.65,2400,34.95,1200,0,231600
IBULHSGFIN27Feb20300CE.NFO,07/01/2020,11:06:00,34.5,33.5,3600,34.85,1200,0,231600
IBULHSGFIN27Feb20300CE.NFO,07/01/2020,11:06:07,34.5,33.75,3600,34.95,1200,0,231600
IBULHSGFIN27Feb20300CE.NFO,07/01/2020,11:06:14,34.5,33.4,3600,34.9,1200,0,231600
IBULHSGFIN27Feb20300CE.NFO,07/01/2020,11:06:20,34.5,33.6,2400,34.85,1200,0,231600
IBULHSGFIN27Feb20300CE.NFO,07/01/2020,11:06:26,34.5,33.75,2400,34.85,1200,0,231600
IBULHSGFIN27Feb20300CE.NFO,07/01/2020,11:06:32,34.5,33.5,2400,34.95,1200,0,231600
IBULHSGFIN27Feb20300CE.NFO,07/01/2020,11:06:37,34.5,33.7,1200,34.95,1200,0,231600
IBULHSGFIN27Feb20300CE.NFO,07/01/2020,11:06:42,34.5,33.5,1200,34.95,1200,0,231600
IBULHSGFIN27Feb20300CE.NFO,07/01/2020,11:06:47,34.5,33.5,2400,34.95,1200,0,231600
IBULHSGFIN27Feb20300CE.NFO,07/01/2020,11:06:57,34.5,33.7,1200,34.95,1200,0,231600
IBULHSGFIN27Feb20300CE.NFO,07/01/2020,11:07:03,34.5,34,1200,34.7,1200,0,231600
IBULHSGFIN27Feb20300CE.NFO,07/01/2020,11:07:08,34.5,33.15,3600,34.5,2400,0,231600
IBULHSGFIN27Feb20300CE.NFO,07/01/2020,11:07:13,34.5,33.35,2400,34.5,2400,0,231600
IBULHSGFIN27Feb20300CE.NFO,07/01/2020,11:07:18,34.5,33.55,2400,34.5,2400,0,231600
IBULHSGFIN27Feb20300CE.NFO,07/01/2020,11:07:23,34.5,34,1200,34.5,2400,0,231600
IBULHSGFIN27Feb20300CE.NFO,07/01/2020,11:07:34,34.5,33.25,3600,34.5,2400,0,231600
IBULHSGFIN27Feb20300CE.NFO,07/01/2020,11:07:39,34.5,33.15,3600,34.7,1200,0,231600
IBULHSGFIN27Feb20300CE.NFO,07/01/2020,11:07:45,34.5,34,1200,34.7,1200,0,231600
IBULHSGFIN27Feb20300CE.NFO,07/01/2020,11:07:56,34.5,33.55,2400,34.7,1200,0,231600
IBULHSGFIN27Feb20300CE.NFO,07/01/2020,11:08:01,34.5,33.4,1200,34.6,1200,0,231600
IBULHSGFIN27Feb20300CE.NFO,07/01/2020,11:08:06,34.5,33.2,2400,34.45,1200,0,231600
IBULHSGFIN27Feb20300CE.NFO,07/01/2020,11:08:10,34.5,32.7,3600,34.2,1200,0,231600
IBULHSGFIN27Feb20300CE.NFO,07/01/2020,11:08:15,34.5,33.05,2400,34.2,1200,0,231600
IBULHSGFIN27Feb20300CE.NFO,07/01/2020,11:08:20,34.5,32.95,1200,34.2,1200,0,231600
IBULHSGFIN27Feb20300CE.NFO,07/01/2020,11:08:25,34.5,33.15,2400,34.35,1200,0,231600
IBULHSGFIN27Feb20300CE.NFO,07/01/2020,11:08:31,34.5,34,1200,34.35,1200,0,231600
IBULHSGFIN27Feb20300CE.NFO,07/01/2020,11:08:36,34.5,33.6,1200,34.35,1200,0,231600
IBULHSGFIN27Feb20300CE.NFO,07/01/2020,11:08:41,34.5,34.05,1200,34.35,1200,0,231600
IBULHSGFIN27Feb20300CE.NFO,07/01/2020,11:08:46,34.5,33.15,1200,34.35,1200,0,231600
IBULHSGFIN27Feb20300CE.NFO,07/01/2020,11:08:51,34.5,33.65,1200,34.35,1200,0,231600
IBULHSGFIN27Feb20300CE.NFO,07/01/2020,11:08:55,33.95,33,2400,34.35,1200,1200,230400
IBULHSGFIN27Feb20300CE.NFO,07/01/2020,11:08:55,33.95,33,2400,34.35,1200,0,230400
IBULHSGFIN27Feb20300CE.NFO,07/01/2020,11:09:00,33.95,33.15,1200,34.2,1200,0,230400
IBULHSGFIN27Feb20300CE.NFO,07/01/2020,11:09:05,33.95,33.3,1200,34.2,1200,0,230400
IBULHSGFIN27Feb20300CE.NFO,07/01/2020,11:09:10,33.95,33.1,2400,34.5,1200,0,230400
IBULHSGFIN27Feb20300CE.NFO,07/01/2020,11:09:15,33.95,33.35,1200,34.5,1200,0,230400
IBULHSGFIN27Feb20300CE.NFO,07/01/2020,11:09:20,33.95,33.3,1200,34.5,1200,0,230400
IBULHSGFIN27Feb20300CE.NFO,07/01/2020,11:09:25,33.95,34,1200,34.5,1200,0,230400
IBULHSGFIN27Feb20300CE.NFO,07/01/2020,11:09:30,33.95,34.05,1200,34.5,1200,0,230400
IBULHSGFIN27Feb20300CE.NFO,07/01/2020,11:09:39,33.95,33.55,1200,34.5,1200,0,230400
IBULHSGFIN27Feb20300CE.NFO,07/01/2020,11:09:43,33.95,33.65,1200,34.5,1200,0,230400
IBULHSGFIN27Feb20300CE.NFO,07/01/2020,11:09:47,33.95,33.75,1200,34.5,1200,0,230400
IBULHSGFIN27Feb20300CE.NFO,07/01/2020,11:09:51,33.95,34.1,1200,34.5,1200,0,230400
IBULHSGFIN27Feb20300CE.NFO,07/01/2020,11:09:55,33.95,33.85,1200,34.5,1200,0,230400
IBULHSGFIN27Feb20300CE.NFO,07/01/2020,11:09:59,33.95,33.45,1200,34.5,1200,0,230400
IBULHSGFIN27Feb20300CE.NFO,07/01/2020,11:10:04,33.95,33.9,1200,34.5,1200,0,230400
IBULHSGFIN27Feb20300CE.NFO,07/01/2020,11:10:08,34.15,33.5,1200,34.5,1200,1200,230400
IBULHSGFIN27Feb20300CE.NFO,07/01/2020,11:10:12,34.15,33.15,2400,34.15,1200,0,230400
IBULHSGFIN27Feb20300CE.NFO,07/01/2020,11:10:17,34.15,33.2,3600,34.15,1200,0,230400
IBULHSGFIN27Feb20300CE.NFO,07/01/2020,11:10:23,34.15,33.25,3600,34.15,1200,0,230400
IBULHSGFIN27Feb20300CE.NFO,07/01/2020,11:10:28,34.15,33.25,3600,34.4,1200,0,230400
IBULHSGFIN27Feb20300CE.NFO,07/01/2020,11:10:36,34.15,33.5,1200,34.4,1200,0,230400
IBULHSGFIN27Feb20300CE.NFO,07/01/2020,11:10:52,34.15,33.55,1200,34.15,1200,0,230400
IBULHSGFIN27Feb20300CE.NFO,07/01/2020,11:10:59,34.15,33.95,1200,34.15,1200,0,230400
IBULHSGFIN27Feb20300CE.NFO,07/01/2020,11:11:03,34.15,33.95,1200,34.4,1200,1200,230400
IBULHSGFIN27Feb20300CE.NFO,07/01/2020,11:11:09,34.15,33.55,1200,34.4,1200,0,230400
IBULHSGFIN27Feb20300CE.NFO,07/01/2020,11:11:15,34.15,33.05,1200,34.4,1200,0,230400
IBULHSGFIN27Feb20300CE.NFO,07/01/2020,11:11:21,34.15,33.05,2400,34.4,1200,0,230400
IBULHSGFIN27Feb20300CE.NFO,07/01/2020,11:11:27,34.15,32.65,3600,34.15,1200,0,230400
IBULHSGFIN27Feb20300CE.NFO,07/01/2020,11:11:35,34.15,33.05,3600,33.8,1200,0,230400
IBULHSGFIN27Feb20300CE.NFO,07/01/2020,11:11:42,34.15,32.8,3600,33.8,1200,0,230400
IBULHSGFIN27Feb20300CE.NFO,07/01/2020,11:11:49,34.15,32.7,6000,33.8,1200,0,230400
IBULHSGFIN27Feb20300CE.NFO,07/01/2020,11:11:55,34.15,33,1200,33.8,1200,0,230400
IBULHSGFIN27Feb20300CE.NFO,07/01/2020,11:12:11,34.15,32.6,6000,33.8,1200,0,230400
IBULHSGFIN27Feb20300CE.NFO,07/01/2020,11:12:18,34.15,32.65,6000,33.8,1200,0,230400
IBULHSGFIN27Feb20300CE.NFO,07/01/2020,11:12:25,34.15,32.6,3600,33.8,1200,0,230400
IBULHSGFIN27Feb20300CE.NFO,07/01/2020,11:12:32,34.15,33,1200,34.05,1200,0,230400
IBULHSGFIN27Feb20300CE.NFO,07/01/2020,11:12:43,34.15,32.85,1200,34.05,1200,0,230400
IBULHSGFIN27Feb20300CE.NFO,07/01/2020,11:12:49,34.15,32.9,1200,34.05,1200,0,230400
IBULHSGFIN27Feb20300CE.NFO,07/01/2020,11:12:58,34.15,33.25,1200,34.05,1200,0,230400
IBULHSGFIN27Feb20300CE.NFO,07/01/2020,11:13:04,34.15,33.05,1200,34.05,1200,0,230400
IBULHSGFIN27Feb20300CE.NFO,07/01/2020,11:13:10,34.15,32.85,3600,33.9,1200,0,230400
IBULHSGFIN27Feb20300CE.NFO,07/01/2020,11:13:15,34.15,32.9,1200,33.9,1200,0,230400
IBULHSGFIN27Feb20300CE.NFO,07/01/2020,11:13:21,34.15,33.05,1200,33.9,1200,0,230400
IBULHSGFIN27Feb20300CE.NFO,07/01/2020,11:13:27,34.15,33.25,1200,33.9,1200,0,230400
IBULHSGFIN27Feb20300CE.NFO,07/01/2020,11:13:32,34.15,32.85,1200,33.9,1200,0,230400
IBULHSGFIN27Feb20300CE.NFO,07/01/2020,11:13:39,34.15,33,3600,33.9,1200,0,230400
IBULHSGFIN27Feb20300CE.NFO,07/01/2020,11:13:44,34.15,33.15,1200,33.9,1200,0,230400
IBULHSGFIN27Feb20300CE.NFO,07/01/2020,11:13:50,34.15,33.05,1200,33.9,1200,0,230400
IBULHSGFIN27Feb20300CE.NFO,07/01/2020,11:13:56,34.15,33.15,1200,34.05,1200,0,230400
IBULHSGFIN27Feb20300CE.NFO,07/01/2020,11:14:01,34.15,33.25,2400,34.2,1200,0,230400
IBULHSGFIN27Feb20300CE.NFO,07/01/2020,11:14:07,34.15,33.35,1200,34.25,1200,0,230400
IBULHSGFIN27Feb20300CE.NFO,07/01/2020,11:14:19,34.15,33.45,1200,34.25,1200,0,230400
IBULHSGFIN27Feb20300CE.NFO,07/01/2020,11:14:24,34.15,33.4,1200,34.25,1200,0,230400
IBULHSGFIN27Feb20300CE.NFO,07/01/2020,11:14:30,34.15,33.45,1200,34.35,1200,0,230400
IBULHSGFIN27Feb20300CE.NFO,07/01/2020,11:14:35,34.15,33.35,1200,34.3,1200,0,230400
IBULHSGFIN27Feb20300CE.NFO,07/01/2020,11:14:39,34.15,33.45,1200,34.3,1200,0,230400
IBULHSGFIN27Feb20300CE.NFO,07/01/2020,11:14:44,34.15,33.3,1200,34.3,1200,0,230400
IBULHSGFIN27Feb20300CE.NFO,07/01/2020,11:14:50,34.15,33.35,1200,34.3,1200,0,230400
IBULHSGFIN27Feb20300CE.NFO,07/01/2020,11:14:55,34.15,33.2,1200,34.15,1200,0,230400
IBULHSGFIN27Feb20300CE.NFO,07/01/2020,11:15:01,34.15,32.9,2400,34.15,1200,0,230400
IBULHSGFIN27Feb20300CE.NFO,07/01/2020,11:15:08,34.15,33,2400,33.95,1200,0,230400
IBULHSGFIN27Feb20300CE.NFO,07/01/2020,11:15:14,34.15,32.95,2400,33.95,1200,0,230400
IBULHSGFIN27Feb20300CE.NFO,07/01/2020,11:15:19,34.15,33.05,1200,34,1200,0,230400
IBULHSGFIN27Feb20300CE.NFO,07/01/2020,11:15:24,34.15,33,2400,34,1200,0,230400
IBULHSGFIN27Feb20300CE.NFO,07/01/2020,11:15:29,34.15,32.85,1200,34,1200,0,230400
IBULHSGFIN27Feb20300CE.NFO,07/01/2020,11:15:35,34.15,33.05,1200,34,1200,0,230400
IBULHSGFIN27Feb20300CE.NFO,07/01/2020,11:15:40,34.15,33.2,1200,34,1200,0,230400
IBULHSGFIN27Feb20300CE.NFO,07/01/2020,11:15:46,34.15,33.15,1200,34,1200,0,230400
IBULHSGFIN27Feb20300CE.NFO,07/01/2020,11:15:51,34.15,33.2,1200,34,1200,0,230400
IBULHSGFIN27Feb20300CE.NFO,07/01/2020,11:15:56,34.15,33.1,1200,34.05,1200,0,230400
IBULHSGFIN27Feb20300CE.NFO,07/01/2020,11:16:02,34.15,32.6,2400,33.6,1200,0,230400
IBULHSGFIN27Feb20300CE.NFO,07/01/2020,11:16:08,34.15,32.65,1200,33.6,1200,0,230400
IBULHSGFIN27Feb20300CE.NFO,07/01/2020,11:16:15,34.15,32.75,1200,33.65,1200,0,230400
IBULHSGFIN27Feb20300CE.NFO,07/01/2020,11:16:21,34.15,33,1200,33.8,1200,0,230400
IBULHSGFIN27Feb20300CE.NFO,07/01/2020,11:16:28,34.15,32.95,1200,33.8,1200,0,230400
IBULHSGFIN27Feb20300CE.NFO,07/01/2020,11:16:34,34.15,33.1,1200,33.8,1200,0,230400
IBULHSGFIN27Feb20300CE.NFO,07/01/2020,11:16:39,34.15,32.95,2400,33.8,1200,0,230400
IBULHSGFIN27Feb20300CE.NFO,07/01/2020,11:16:44,34.15,33.25,1200,33.8,1200,0,230400
IBULHSGFIN27Feb20300CE.NFO,07/01/2020,11:16:50,34.15,33.05,1200,33.65,1200,0,230400
IBULHSGFIN27Feb20300CE.NFO,07/01/2020,11:16:57,34.15,32.95,1200,33.5,1200,0,230400
IBULHSGFIN27Feb20300CE.NFO,07/01/2020,11:17:03,34.15,33.1,1200,33.85,1200,0,230400
IBULHSGFIN27Feb20300CE.NFO,07/01/2020,11:17:07,34.15,33.15,1200,33.85,1200,0,230400
IBULHSGFIN27Feb20300CE.NFO,07/01/2020,11:17:12,34.15,33.25,1200,33.85,1200,0,230400
IBULHSGFIN27Feb20300CE.NFO,07/01/2020,11:17:16,34.15,33.15,1200,33.85,1200,0,230400
IBULHSGFIN27Feb20300CE.NFO,07/01/2020,11:17:21,34.15,32.95,1200,33.85,1200,0,230400
IBULHSGFIN27Feb20300CE.NFO,07/01/2020,11:17:26,34.15,33.05,1200,33.85,1200,0,230400
IBULHSGFIN27Feb20300CE.NFO,07/01/2020,11:17:36,34.15,33.25,1200,34.15,1200,0,230400
IBULHSGFIN27Feb20300CE.NFO,07/01/2020,11:17:43,34.15,33.45,1200,34.15,1200,0,230400
IBULHSGFIN27Feb20300CE.NFO,07/01/2020,11:17:49,34.15,33.45,1200,34.3,1200,0,230400
IBULHSGFIN27Feb20300CE.NFO,07/01/2020,11:17:53,34.15,33.55,1200,34.3,1200,0,230400
IBULHSGFIN27Feb20300CE.NFO,07/01/2020,11:18:03,34.15,33.45,3600,34.1,1200,0,230400
IBULHSGFIN27Feb20300CE.NFO,07/01/2020,11:18:09,34.15,33.55,1200,34.1,1200,0,230400
IBULHSGFIN27Feb20300CE.NFO,07/01/2020,11:18:20,34.15,33.55,1200,34.15,1200,0,230400
IBULHSGFIN27Feb20300CE.NFO,07/01/2020,11:18:29,34.15,33.55,1200,34.1,1200,0,230400
IBULHSGFIN27Feb20300CE.NFO,07/01/2020,11:18:34,34.15,33.55,1200,34.35,1200,0,230400
IBULHSGFIN27Feb20300CE.NFO,07/01/2020,11:18:39,34.15,33.6,1200,34.45,1200,0,230400
IBULHSGFIN27Feb20300CE.NFO,07/01/2020,11:18:46,34.15,33.65,1200,34.45,1200,0,230400
IBULHSGFIN27Feb20300CE.NFO,07/01/2020,11:18:52,34.15,33.6,1200,34.45,1200,0,230400
IBULHSGFIN27Feb20300CE.NFO,07/01/2020,11:18:58,34.15,33.55,1200,34.4,1200,0,230400
IBULHSGFIN27Feb20300CE.NFO,07/01/2020,11:19:04,34.15,33.6,1200,34.4,1200,0,230400
IBULHSGFIN27Feb20300CE.NFO,07/01/2020,11:19:09,34.15,33.6,1200,34.45,1200,0,230400
IBULHSGFIN27Feb20300CE.NFO,07/01/2020,11:19:15,34.15,33.65,1200,34.3,1200,0,230400
IBULHSGFIN27Feb20300CE.NFO,07/01/2020,11:19:23,34.15,33.25,1200,34.15,1200,0,230400
IBULHSGFIN27Feb20300CE.NFO,07/01/2020,11:19:31,34.15,33.4,1200,34.2,1200,0,230400
IBULHSGFIN27Feb20300CE.NFO,07/01/2020,11:19:37,34.15,33.4,1200,34.3,1200,0,230400
IBULHSGFIN27Feb20300CE.NFO,07/01/2020,11:19:43,34.15,33.5,1200,34.3,1200,0,230400
IBULHSGFIN27Feb20300CE.NFO,07/01/2020,11:19:50,34.15,33.4,1200,34.3,1200,0,230400
IBULHSGFIN27Feb20300CE.NFO,07/01/2020,11:19:55,34.15,33.5,1200,34.3,1200,0,230400
IBULHSGFIN27Feb20300CE.NFO,07/01/2020,11:20:00,34.15,33.45,1200,34.3,1200,0,230400
IBULHSGFIN27Feb20300CE.NFO,07/01/2020,11:20:05,34.15,33.5,1200,34.3,1200,0,230400
IBULHSGFIN27Feb20300CE.NFO,07/01/2020,11:20:11,34.15,33.35,1200,34.3,1200,0,230400
IBULHSGFIN27Feb20300CE.NFO,07/01/2020,11:20:17,34.15,33.65,1200,34.45,1200,0,230400
IBULHSGFIN27Feb20300CE.NFO,07/01/2020,11:20:22,34.15,33.6,1200,34.3,1200,0,230400
IBULHSGFIN27Feb20300CE.NFO,07/01/2020,11:20:27,34.15,33.35,1200,34.25,1200,0,230400
IBULHSGFIN27Feb20300CE.NFO,07/01/2020,11:20:39,34.15,33.6,1200,34.35,1200,0,230400
IBULHSGFIN27Feb20300CE.NFO,07/01/2020,11:20:43,34.15,33.5,1200,34.35,1200,0,230400
IBULHSGFIN27Feb20300CE.NFO,07/01/2020,11:20:48,34.15,33.65,1200,34.4,1200,0,230400
IBULHSGFIN27Feb20300CE.NFO,07/01/2020,11:20:54,34.15,33.5,3600,34.35,1200,0,230400
IBULHSGFIN27Feb20300CE.NFO,07/01/2020,11:21:00,34.15,33.55,1200,34.35,1200,0,230400
IBULHSGFIN27Feb20300CE.NFO,07/01/2020,11:21:05,34.15,33.65,1200,34.4,1200,0,230400
IBULHSGFIN27Feb20300CE.NFO,07/01/2020,11:21:19,34.15,33.7,1200,34.5,1200,0,230400
IBULHSGFIN27Feb20300CE.NFO,07/01/2020,11:21:29,34.15,33.35,1200,34.2,1200,0,230400
IBULHSGFIN27Feb20300CE.NFO,07/01/2020,11:21:36,34.15,33.4,1200,34.2,1200,0,230400
IBULHSGFIN27Feb20300CE.NFO,07/01/2020,11:21:47,34.15,33.6,1200,34.35,1200,0,230400
IBULHSGFIN27Feb20300CE.NFO,07/01/2020,11:21:51,34.15,33.4,1200,34.15,1200,0,230400
IBULHSGFIN27Feb20300CE.NFO,07/01/2020,11:21:56,34.15,33.45,1200,34.15,1200,0,230400
IBULHSGFIN27Feb20300CE.NFO,07/01/2020,11:22:00,34.15,33.35,1200,34.2,1200,0,230400
IBULHSGFIN27Feb20300CE.NFO,07/01/2020,11:22:07,34.15,33.45,1200,34.2,1200,0,230400
IBULHSGFIN27Feb20300CE.NFO,07/01/2020,11:22:12,34.15,33.35,1200,34.35,1200,0,230400
IBULHSGFIN27Feb20300CE.NFO,07/01/2020,11:22:30,34.15,33.6,1200,34.35,1200,0,230400
IBULHSGFIN27Feb20300CE.NFO,07/01/2020,11:22:35,34.15,33.65,1200,34.55,1200,0,230400
IBULHSGFIN27Feb20300CE.NFO,07/01/2020,11:22:43,34.15,33.65,3600,34.55,1200,0,230400
IBULHSGFIN27Feb20300CE.NFO,07/01/2020,11:22:48,34.15,33.7,1200,34.55,1200,0,230400
IBULHSGFIN27Feb20300CE.NFO,07/01/2020,11:22:52,34.15,33.45,1200,34.55,1200,0,230400
IBULHSGFIN27Feb20300CE.NFO,07/01/2020,11:22:58,34.15,33.45,1200,34.65,1200,0,230400
IBULHSGFIN27Feb20300CE.NFO,07/01/2020,11:23:04,34.15,33.35,6000,34.65,1200,0,230400
IBULHSGFIN27Feb20300CE.NFO,07/01/2020,11:23:09,34.15,33.35,7200,34.65,1200,0,230400
IBULHSGFIN27Feb20300CE.NFO,07/01/2020,11:23:14,34.15,33.35,6000,34.65,1200,0,230400
IBULHSGFIN27Feb20300CE.NFO,07/01/2020,11:23:19,34.15,33.5,1200,34.65,1200,0,230400
IBULHSGFIN27Feb20300CE.NFO,07/01/2020,11:23:24,34.15,33.4,1200,34.65,1200,0,230400
IBULHSGFIN27Feb20300CE.NFO,07/01/2020,11:23:28,34.15,33.55,1200,34.65,1200,0,230400
IBULHSGFIN27Feb20300CE.NFO,07/01/2020,11:23:36,34.15,33.65,1200,34.65,1200,0,230400
IBULHSGFIN27Feb20300CE.NFO,07/01/2020,11:23:41,34.15,33.6,1200,34.65,1200,0,230400
IBULHSGFIN27Feb20300CE.NFO,07/01/2020,11:23:45,34.15,33.6,1200,34.75,1200,0,230400
IBULHSGFIN27Feb20300CE.NFO,07/01/2020,11:23:50,34.15,33.5,1200,34.75,1200,0,230400
IBULHSGFIN27Feb20300CE.NFO,07/01/2020,11:23:55,34.15,33.65,1200,34.75,1200,0,230400
IBULHSGFIN27Feb20300CE.NFO,07/01/2020,11:24:00,34.15,33.7,1200,34.75,1200,0,230400
IBULHSGFIN27Feb20300CE.NFO,07/01/2020,11:24:06,34.15,33.75,1200,34.75,1200,0,230400
IBULHSGFIN27Feb20300CE.NFO,07/01/2020,11:24:12,34.15,33.8,1200,34.75,1200,0,230400
IBULHSGFIN27Feb20300CE.NFO,07/01/2020,11:24:17,34.15,33.75,1200,34.75,1200,0,230400
IBULHSGFIN27Feb20300CE.NFO,07/01/2020,11:24:26,34.15,33.85,1200,34.8,1200,0,230400
IBULHSGFIN27Feb20300CE.NFO,07/01/2020,11:24:31,34.15,33.8,1200,34.8,1200,0,230400
IBULHSGFIN27Feb20300CE.NFO,07/01/2020,11:24:36,34.15,33.75,1200,34.8,1200,0,230400
IBULHSGFIN27Feb20300CE.NFO,07/01/2020,11:24:41,34.15,33.9,1200,34.95,1200,0,230400
IBULHSGFIN27Feb20300CE.NFO,07/01/2020,11:24:45,34.15,33.8,1200,34.95,1200,0,230400
IBULHSGFIN27Feb20300CE.NFO,07/01/2020,11:24:53,34.15,33.85,1200,34.95,1200,0,230400
IBULHSGFIN27Feb20300CE.NFO,07/01/2020,11:24:57,34.15,33.8,1200,34.95,1200,0,230400
IBULHSGFIN27Feb20300CE.NFO,07/01/2020,11:25:12,34.15,33.8,1200,34.65,1200,0,230400
IBULHSGFIN27Feb20300CE.NFO,07/01/2020,11:25:16,34.15,33.8,1200,34.8,1200,0,230400
IBULHSGFIN27Feb20300CE.NFO,07/01/2020,11:25:36,34.15,33.7,3600,34.8,1200,0,230400
IBULHSGFIN27Feb20300CE.NFO,07/01/2020,11:25:41,34.15,33.8,1200,34.8,1200,0,230400
IBULHSGFIN27Feb20300CE.NFO,07/01/2020,11:25:56,34.15,33.55,1200,34.8,1200,0,230400
IBULHSGFIN27Feb20300CE.NFO,07/01/2020,11:26:00,34.15,33.5,1200,34.8,1200,0,230400
IBULHSGFIN27Feb20300CE.NFO,07/01/2020,11:26:12,34.15,33.55,1200,34.8,1200,0,230400
IBULHSGFIN27Feb20300CE.NFO,07/01/2020,11:26:15,34.15,33.5,1200,34.8,1200,0,230400
IBULHSGFIN27Feb20300CE.NFO,07/01/2020,11:26:18,34.15,33.55,1200,34.8,1200,0,230400
IBULHSGFIN27Feb20300CE.NFO,07/01/2020,11:26:22,34.15,33.6,1200,34.8,1200,0,230400
IBULHSGFIN27Feb20300CE.NFO,07/01/2020,11:26:27,34.15,33.55,1200,34.8,1200,0,230400
IBULHSGFIN27Feb20300CE.NFO,07/01/2020,11:26:32,34.15,33.6,1200,34.8,1200,0,230400
IBULHSGFIN27Feb20300CE.NFO,07/01/2020,11:26:48,34.15,33.6,2400,34.8,1200,0,230400
IBULHSGFIN27Feb20300CE.NFO,07/01/2020,11:26:52,34.15,33.55,1200,34.8,1200,0,230400
IBULHSGFIN27Feb20300CE.NFO,07/01/2020,11:27:00,34.15,33.6,1200,34.8,1200,0,230400
IBULHSGFIN27Feb20300CE.NFO,07/01/2020,11:27:04,34.15,33.7,1200,34.8,1200,0,230400
IBULHSGFIN27Feb20300CE.NFO,07/01/2020,11:27:07,34.15,33.65,1200,34.8,1200,0,230400
IBULHSGFIN27Feb20300CE.NFO,07/01/2020,11:27:11,34.15,33.7,1200,34.8,1200,0,230400
IBULHSGFIN27Feb20300CE.NFO,07/01/2020,11:27:21,34.15,33.65,1200,34.8,1200,0,230400
IBULHSGFIN27Feb20300CE.NFO,07/01/2020,11:27:25,34.15,33.75,1200,34.8,1200,0,230400
IBULHSGFIN27Feb20300CE.NFO,07/01/2020,11:27:28,34.15,33.6,2400,34.8,1200,0,230400
IBULHSGFIN27Feb20300CE.NFO,07/01/2020,11:27:33,34.15,34,1200,34.65,1200,0,230400
IBULHSGFIN27Feb20300CE.NFO,07/01/2020,11:27:49,34.15,34,1200,34.9,1200,0,230400
IBULHSGFIN27Feb20300CE.NFO,07/01/2020,11:27:54,34.15,34.1,1200,34.9,1200,0,230400
IBULHSGFIN27Feb20300CE.NFO,07/01/2020,11:27:57,34.15,34.2,1200,34.9,1200,0,230400
IBULHSGFIN27Feb20300CE.NFO,07/01/2020,11:28:01,34.15,34.2,1200,34.75,1200,0,230400
IBULHSGFIN27Feb20300CE.NFO,07/01/2020,11:28:05,34.15,34,1200,34.75,1200,0,230400
IBULHSGFIN27Feb20300CE.NFO,07/01/2020,11:28:28,34.15,34.2,1200,34.8,1200,0,230400
IBULHSGFIN27Feb20300CE.NFO,07/01/2020,11:28:31,34.15,34.2,1200,34.9,1200,0,230400
IBULHSGFIN27Feb20300CE.NFO,07/01/2020,11:28:34,34.15,33.75,1200,34.9,1200,0,230400
IBULHSGFIN27Feb20300CE.NFO,07/01/2020,11:28:43,34.15,33.9,1200,34.9,1200,0,230400
IBULHSGFIN27Feb20300CE.NFO,07/01/2020,11:28:47,34.15,33.6,2400,34.9,1200,0,230400
IBULHSGFIN27Feb20300CE.NFO,07/01/2020,11:28:51,34.15,33.8,1200,34.9,1200,0,230400
IBULHSGFIN27Feb20300CE.NFO,07/01/2020,11:28:59,34.15,33.85,1200,34.9,1200,0,230400
IBULHSGFIN27Feb20300CE.NFO,07/01/2020,11:29:03,34.15,33.8,1200,34.9,1200,0,230400
IBULHSGFIN27Feb20300CE.NFO,07/01/2020,11:29:05,34.15,33.85,1200,34.9,1200,0,230400
IBULHSGFIN27Feb20300CE.NFO,07/01/2020,11:29:14,34.15,33.75,1200,34.9,1200,0,230400
IBULHSGFIN27Feb20300CE.NFO,07/01/2020,11:29:18,34.15,34.15,1200,34.9,1200,0,230400
IBULHSGFIN27Feb20300CE.NFO,07/01/2020,11:29:35,34.15,34.3,1200,34.9,1200,0,230400
IBULHSGFIN27Feb20300CE.NFO,07/01/2020,11:29:43,34.15,33.85,1200,34.9,1200,0,230400
IBULHSGFIN27Feb20300CE.NFO,07/01/2020,11:29:46,34.15,33.85,1200,34.95,1200,0,230400
IBULHSGFIN27Feb20300CE.NFO,07/01/2020,11:29:50,34.15,34.1,1200,35.2,1200,0,230400
IBULHSGFIN27Feb20300CE.NFO,07/01/2020,11:29:54,34.15,34.05,1200,35.2,1200,0,230400
IBULHSGFIN27Feb20300CE.NFO,07/01/2020,11:29:57,34.15,34.1,1200,35.2,1200,0,230400
IBULHSGFIN27Feb20300CE.NFO,07/01/2020,11:30:01,34.15,34.05,1200,35.2,1200,0,230400
IBULHSGFIN27Feb20300CE.NFO,07/01/2020,11:30:04,34.15,34.1,1200,35.2,1200,0,230400
IBULHSGFIN27Feb20300CE.NFO,07/01/2020,11:30:07,34.15,34.05,1200,35.15,1200,0,230400
IBULHSGFIN27Feb20300CE.NFO,07/01/2020,11:30:14,34.15,34.5,1200,35.15,1200,0,230400
IBULHSGFIN27Feb20300CE.NFO,07/01/2020,11:30:24,34.15,34.5,1200,35.2,1200,0,230400
IBULHSGFIN27Feb20300CE.NFO,07/01/2020,11:30:28,34.15,34.15,1200,35.2,1200,0,230400
IBULHSGFIN27Feb20300CE.NFO,07/01/2020,11:30:32,34.15,34.3,1200,35.2,1200,0,230400
IBULHSGFIN27Feb20300CE.NFO,07/01/2020,11:30:35,34.15,34.1,1200,35.2,1200,0,230400
IBULHSGFIN27Feb20300CE.NFO,07/01/2020,11:30:39,34.15,34.3,1200,35.2,1200,0,230400
IBULHSGFIN27Feb20300CE.NFO,07/01/2020,11:30:42,34.15,34.3,1200,35.35,1200,0,230400
IBULHSGFIN27Feb20300CE.NFO,07/01/2020,11:30:45,34.15,34.6,1200,35.3,1200,0,230400
IBULHSGFIN27Feb20300CE.NFO,07/01/2020,11:30:48,34.15,34.05,1200,35.25,1200,0,230400
IBULHSGFIN27Feb20300CE.NFO,07/01/2020,11:30:51,34.15,34,1200,35.25,1200,0,230400
IBULHSGFIN27Feb20300CE.NFO,07/01/2020,11:31:05,34.15,34.1,1200,35.25,1200,0,230400
IBULHSGFIN27Feb20300CE.NFO,07/01/2020,11:31:16,34.15,34.5,1200,35.25,1200,0,230400
IBULHSGFIN27Feb20300CE.NFO,07/01/2020,11:31:21,34.15,34.1,1200,35.25,1200,0,230400
IBULHSGFIN27Feb20300CE.NFO,07/01/2020,11:31:25,34.15,34.7,1200,35.25,1200,0,230400
IBULHSGFIN27Feb20300CE.NFO,07/01/2020,11:31:30,34.15,34.1,1200,35.25,1200,0,230400
IBULHSGFIN27Feb20300CE.NFO,07/01/2020,11:31:38,34.15,34.2,1200,35.3,1200,0,230400
IBULHSGFIN27Feb20300CE.NFO,07/01/2020,11:31:42,34.15,34.3,1200,35.3,1200,0,230400
IBULHSGFIN27Feb20300CE.NFO,07/01/2020,11:31:47,34.15,34.3,1200,35.4,1200,0,230400
IBULHSGFIN27Feb20300CE.NFO,07/01/2020,11:31:52,34.15,34.3,1200,35.5,1200,0,230400
IBULHSGFIN27Feb20300CE.NFO,07/01/2020,11:31:59,34.15,34.6,1200,35.7,1200,0,230400
IBULHSGFIN27Feb20300CE.NFO,07/01/2020,11:32:05,34.15,34.65,3600,35.95,1200,0,230400
IBULHSGFIN27Feb20300CE.NFO,07/01/2020,11:32:10,34.15,34.7,1200,35.95,1200,0,230400
IBULHSGFIN27Feb20300CE.NFO,07/01/2020,11:32:16,34.15,34.65,1200,35.95,1200,0,230400
IBULHSGFIN27Feb20300CE.NFO,07/01/2020,11:32:20,34.15,34.65,1200,35.8,1200,0,230400
IBULHSGFIN27Feb20300CE.NFO,07/01/2020,11:32:35,34.15,34.55,1200,35.6,1200,0,230400
IBULHSGFIN27Feb20300CE.NFO,07/01/2020,11:32:40,34.15,34.4,1200,35.6,1200,0,230400
IBULHSGFIN27Feb20300CE.NFO,07/01/2020,11:33:02,34.15,35,1200,35.6,1200,0,230400
IBULHSGFIN27Feb20300CE.NFO,07/01/2020,11:33:10,34.15,34.4,1200,35.6,1200,0,230400
IBULHSGFIN27Feb20300CE.NFO,07/01/2020,11:33:18,34.15,34.5,1200,35.6,1200,0,230400
IBULHSGFIN27Feb20300CE.NFO,07/01/2020,11:33:27,34.15,34.6,1200,35.6,1200,0,230400
IBULHSGFIN27Feb20300CE.NFO,07/01/2020,11:33:32,34.15,34.6,1200,35.85,1200,0,230400
IBULHSGFIN27Feb20300CE.NFO,07/01/2020,11:33:44,34.15,34.65,1200,35.85,1200,0,230400
IBULHSGFIN27Feb20300CE.NFO,07/01/2020,11:33:48,34.15,34.55,1200,35.85,1200,0,230400
IBULHSGFIN27Feb20300CE.NFO,07/01/2020,11:33:53,34.15,34.6,1200,35.85,1200,0,230400
IBULHSGFIN27Feb20300CE.NFO,07/01/2020,11:34:23,34.15,34.9,1200,36,1200,0,230400
IBULHSGFIN27Feb20300CE.NFO,07/01/2020,11:34:29,34.15,34.9,1200,36.05,1200,0,230400
IBULHSGFIN27Feb20300CE.NFO,07/01/2020,11:34:36,34.15,34.95,1200,36.05,1200,0,230400
IBULHSGFIN27Feb20300CE.NFO,07/01/2020,11:34:42,34.15,34.9,1200,36,1200,0,230400
IBULHSGFIN27Feb20300CE.NFO,07/01/2020,11:34:47,34.15,34.95,1200,36,1200,0,230400
IBULHSGFIN27Feb20300CE.NFO,07/01/2020,11:34:53,34.15,34.85,1200,36,1200,0,230400
IBULHSGFIN27Feb20300CE.NFO,07/01/2020,11:35:04,34.15,34.9,1200,36,1200,0,230400
IBULHSGFIN27Feb20300CE.NFO,07/01/2020,11:35:15,34.15,34.85,1200,36,1200,0,230400
IBULHSGFIN27Feb20300CE.NFO,07/01/2020,11:35:21,34.15,35,1200,36.05,1200,0,230400
IBULHSGFIN27Feb20300CE.NFO,07/01/2020,11:35:28,34.15,35.2,1200,36.4,1200,0,230400
IBULHSGFIN27Feb20300CE.NFO,07/01/2020,11:35:34,34.15,35.1,1200,36.4,1200,0,230400
IBULHSGFIN27Feb20300CE.NFO,07/01/2020,11:35:40,34.15,35.1,1200,36.25,1200,0,230400
IBULHSGFIN27Feb20300CE.NFO,07/01/2020,11:35:51,34.15,35.15,1200,36.25,1200,0,230400
IBULHSGFIN27Feb20300CE.NFO,07/01/2020,11:35:57,34.15,35.2,3600,36.4,1200,0,230400
IBULHSGFIN27Feb20300CE.NFO,07/01/2020,11:36:02,34.15,35.15,1200,36.4,1200,0,230400
IBULHSGFIN27Feb20300CE.NFO,07/01/2020,11:36:08,34.15,35.05,1200,36.4,1200,0,230400
IBULHSGFIN27Feb20300CE.NFO,07/01/2020,11:36:13,34.15,35.3,1200,36.4,1200,0,230400
IBULHSGFIN27Feb20300CE.NFO,07/01/2020,11:36:19,34.15,35.1,1200,36.4,1200,0,230400
IBULHSGFIN27Feb20300CE.NFO,07/01/2020,11:36:28,34.15,35.05,1200,36.4,1200,0,230400
IBULHSGFIN27Feb20300CE.NFO,07/01/2020,11:36:32,34.15,34.9,1200,36.05,1200,0,230400
IBULHSGFIN27Feb20300CE.NFO,07/01/2020,11:36:38,34.15,34.75,3600,36.25,1200,0,230400
IBULHSGFIN27Feb20300CE.NFO,07/01/2020,11:36:42,34.15,34.9,1200,36.05,1200,0,230400
IBULHSGFIN27Feb20300CE.NFO,07/01/2020,11:36:55,34.15,34.55,3600,35.85,1200,0,230400
IBULHSGFIN27Feb20300CE.NFO,07/01/2020,11:37:01,34.15,34.8,1200,35.85,1200,0,230400
IBULHSGFIN27Feb20300CE.NFO,07/01/2020,11:37:07,34.15,34.8,1200,36,1200,0,230400
IBULHSGFIN27Feb20300CE.NFO,07/01/2020,11:37:11,34.15,34.7,1200,36,1200,0,230400
IBULHSGFIN27Feb20300CE.NFO,07/01/2020,11:37:28,34.15,34.8,1200,36,1200,0,230400
IBULHSGFIN27Feb20300CE.NFO,07/01/2020,11:37:42,34.15,34.6,3600,36,1200,0,230400
IBULHSGFIN27Feb20300CE.NFO,07/01/2020,11:37:45,34.15,34.9,1200,36,1200,0,230400
IBULHSGFIN27Feb20300CE.NFO,07/01/2020,11:37:50,34.15,34.7,3600,36,1200,0,230400
IBULHSGFIN27Feb20300CE.NFO,07/01/2020,11:37:55,34.15,34.8,3600,36,1200,0,230400
IBULHSGFIN27Feb20300CE.NFO,07/01/2020,11:37:59,34.15,34.8,1200,36,1200,0,230400
IBULHSGFIN27Feb20300CE.NFO,07/01/2020,11:38:06,34.15,34.85,1200,36,1200,0,230400
IBULHSGFIN27Feb20300CE.NFO,07/01/2020,11:38:21,34.15,35,2400,36,1200,0,230400
IBULHSGFIN27Feb20300CE.NFO,07/01/2020,11:38:28,34.15,34.75,1200,36,1200,0,230400
IBULHSGFIN27Feb20300CE.NFO,07/01/2020,11:38:35,34.15,34.65,2400,36,1200,0,230400
IBULHSGFIN27Feb20300CE.NFO,07/01/2020,11:38:38,34.15,34.55,2400,36,1200,0,230400
IBULHSGFIN27Feb20300CE.NFO,07/01/2020,11:38:46,34.15,34.5,2400,35.85,1200,0,230400
IBULHSGFIN27Feb20300CE.NFO,07/01/2020,11:38:50,34.15,34.3,6000,35.65,1200,0,230400
IBULHSGFIN27Feb20300CE.NFO,07/01/2020,11:38:54,34.15,34.4,6000,35.65,1200,0,230400
IBULHSGFIN27Feb20300CE.NFO,07/01/2020,11:38:58,34.15,34.25,7200,35.8,1200,0,230400
IBULHSGFIN27Feb20300CE.NFO,07/01/2020,11:39:01,34.15,34.45,6000,35.8,1200,0,230400
IBULHSGFIN27Feb20300CE.NFO,07/01/2020,11:39:08,34.15,34.55,6000,36,1200,0,230400
IBULHSGFIN27Feb20300CE.NFO,07/01/2020,11:39:21,34.15,34.55,2400,36,1200,0,230400
IBULHSGFIN27Feb20300CE.NFO,07/01/2020,11:39:30,34.15,34.45,2400,35.85,1200,0,230400
IBULHSGFIN27Feb20300CE.NFO,07/01/2020,11:39:35,34.15,34.3,7200,35.85,1200,0,230400
IBULHSGFIN27Feb20300CE.NFO,07/01/2020,11:39:39,34.15,34.1,6000,35.55,1200,0,230400
IBULHSGFIN27Feb20300CE.NFO,07/01/2020,11:39:43,34.15,34.15,6000,35.4,1200,0,230400
IBULHSGFIN27Feb20300CE.NFO,07/01/2020,11:39:48,34.15,34.35,1200,35.75,1200,0,230400
IBULHSGFIN27Feb20300CE.NFO,07/01/2020,11:39:55,34.15,34.45,1200,35.55,1200,0,230400
IBULHSGFIN27Feb20300CE.NFO,07/01/2020,11:40:01,34.15,34.55,1200,35.8,1200,0,230400
IBULHSGFIN27Feb20300CE.NFO,07/01/2020,11:40:07,34.15,34.45,1200,35.55,1200,0,230400
IBULHSGFIN27Feb20300CE.NFO,07/01/2020,11:40:12,34.15,34.55,1200,35.7,1200,0,230400
IBULHSGFIN27Feb20300CE.NFO,07/01/2020,11:40:16,34.15,34.45,1200,35.7,1200,0,230400
IBULHSGFIN27Feb20300CE.NFO,07/01/2020,11:40:29,34.15,34.35,1200,35.7,1200,0,230400
IBULHSGFIN27Feb20300CE.NFO,07/01/2020,11:40:33,34.15,34.45,1200,35.7,1200,0,230400
IBULHSGFIN27Feb20300CE.NFO,07/01/2020,11:40:42,34.15,34.3,1200,35.7,1200,0,230400
IBULHSGFIN27Feb20300CE.NFO,07/01/2020,11:40:49,34.15,34.25,1200,35.5,1200,0,230400
IBULHSGFIN27Feb20300CE.NFO,07/01/2020,11:40:55,34.15,34.2,1200,35.5,1200,0,230400
IBULHSGFIN27Feb20300CE.NFO,07/01/2020,11:41:09,34.15,34.15,1200,35.5,1200,0,230400
IBULHSGFIN27Feb20300CE.NFO,07/01/2020,11:41:41,34.15,34.3,1200,35.5,1200,0,230400
IBULHSGFIN27Feb20300CE.NFO,07/01/2020,11:41:47,34.15,34.35,1200,35.5,1200,0,230400
IBULHSGFIN27Feb20300CE.NFO,07/01/2020,11:42:14,34.15,34.25,1200,35.5,1200,0,230400
IBULHSGFIN27Feb20300CE.NFO,07/01/2020,11:42:15,34.15,34.05,1200,35.4,1200,0,230400
IBULHSGFIN27Feb20300CE.NFO,07/01/2020,11:42:23,34.15,34.1,1200,35.4,1200,0,230400
IBULHSGFIN27Feb20300CE.NFO,07/01/2020,11:42:25,34.15,34.05,1200,35.4,1200,0,230400
IBULHSGFIN27Feb20300CE.NFO,07/01/2020,11:42:28,34.15,34.05,1200,35.3,1200,0,230400
IBULHSGFIN27Feb20300CE.NFO,07/01/2020,11:42:36,34.15,34.3,1200,35.3,1200,0,230400
IBULHSGFIN27Feb20300CE.NFO,07/01/2020,11:42:38,34.15,34.1,1200,35.3,1200,0,230400
IBULHSGFIN27Feb20300CE.NFO,07/01/2020,11:42:39,34.15,34.1,4800,35.3,1200,0,230400
IBULHSGFIN27Feb20300CE.NFO,07/01/2020,11:42:41,34.15,34.6,1200,35.3,1200,0,230400
IBULHSGFIN27Feb20300CE.NFO,07/01/2020,11:42:44,34.15,34.2,1200,35.3,1200,0,230400
IBULHSGFIN27Feb20300CE.NFO,07/01/2020,11:42:46,34.15,34.15,1200,35.3,1200,0,230400
IBULHSGFIN27Feb20300CE.NFO,07/01/2020,11:42:47,34.15,34.1,1200,35.3,1200,0,230400
IBULHSGFIN27Feb20300CE.NFO,07/01/2020,11:42:49,34.15,34.05,1200,35.3,1200,0,230400
IBULHSGFIN27Feb20300CE.NFO,07/01/2020,11:42:57,34.15,34,1200,35.3,1200,0,230400
IBULHSGFIN27Feb20300CE.NFO,07/01/2020,11:43:04,34.15,34.3,1200,35.3,1200,0,230400
IBULHSGFIN27Feb20300CE.NFO,07/01/2020,11:43:05,34.15,34.4,1200,35.3,1200,0,230400
IBULHSGFIN27Feb20300CE.NFO,07/01/2020,11:43:06,34.15,34,1200,35.3,1200,0,230400
IBULHSGFIN27Feb20300CE.NFO,07/01/2020,11:43:08,34.15,33.9,1200,35.3,1200,0,230400
IBULHSGFIN27Feb20300CE.NFO,07/01/2020,11:43:09,34.15,33.85,1200,35.3,1200,0,230400
IBULHSGFIN27Feb20300CE.NFO,07/01/2020,11:43:10,34.15,33.9,1200,35.3,1200,0,230400
IBULHSGFIN27Feb20300CE.NFO,07/01/2020,11:43:14,34.15,34.05,1200,35.3,1200,0,230400
IBULHSGFIN27Feb20300CE.NFO,07/01/2020,11:43:17,34.15,34,1200,35.3,1200,0,230400
IBULHSGFIN27Feb20300CE.NFO,07/01/2020,11:43:20,34.15,34.25,1200,35.3,1200,0,230400
IBULHSGFIN27Feb20300CE.NFO,07/01/2020,11:43:23,34.15,34,1200,35.3,1200,0,230400
IBULHSGFIN27Feb20300CE.NFO,07/01/2020,11:43:27,34.15,34.5,1200,35.3,1200,0,230400
IBULHSGFIN27Feb20300CE.NFO,07/01/2020,11:43:51,34.15,34.6,1200,35.75,1200,0,230400
IBULHSGFIN27Feb20300CE.NFO,07/01/2020,11:43:55,34.15,34.1,4800,35.55,1200,0,230400
IBULHSGFIN27Feb20300CE.NFO,07/01/2020,11:43:59,34.15,34.2,1200,35.55,1200,0,230400
IBULHSGFIN27Feb20300CE.NFO,07/01/2020,11:44:04,34.15,34.25,1200,35.55,1200,0,230400
IBULHSGFIN27Feb20300CE.NFO,07/01/2020,11:44:10,34.15,34.3,1200,35.55,1200,0,230400
IBULHSGFIN27Feb20300CE.NFO,07/01/2020,11:44:14,34.15,34.25,1200,35.55,1200,0,230400
IBULHSGFIN27Feb20300CE.NFO,07/01/2020,11:44:18,34.15,34.3,1200,35.55,1200,0,230400
IBULHSGFIN27Feb20300CE.NFO,07/01/2020,11:44:25,34.15,34.25,1200,35.55,1200,0,230400
IBULHSGFIN27Feb20300CE.NFO,07/01/2020,11:44:28,34.15,34.3,1200,35.55,1200,0,230400
IBULHSGFIN27Feb20300CE.NFO,07/01/2020,11:44:40,34.15,34.5,1200,35.55,1200,0,230400
IBULHSGFIN27Feb20300CE.NFO,07/01/2020,11:44:54,34.15,35,1200,35.55,1200,0,230400
IBULHSGFIN27Feb20300CE.NFO,07/01/2020,11:45:07,34.15,35,1200,35.55,2400,0,230400
IBULHSGFIN27Feb20300CE.NFO,07/01/2020,11:45:11,34.15,34.25,1200,35.55,2400,0,230400
IBULHSGFIN27Feb20300CE.NFO,07/01/2020,11:45:20,34.15,34.15,1200,35.55,2400,0,230400
IBULHSGFIN27Feb20300CE.NFO,07/01/2020,11:45:31,34.15,34.1,1200,35.55,2400,0,230400
IBULHSGFIN27Feb20300CE.NFO,07/01/2020,11:45:38,34.15,34.1,1200,35.3,1200,0,230400
IBULHSGFIN27Feb20300CE.NFO,07/01/2020,11:45:47,34.15,34.25,1200,35.3,1200,0,230400
IBULHSGFIN27Feb20300CE.NFO,07/01/2020,11:45:50,34.15,34.1,1200,35.3,1200,0,230400
IBULHSGFIN27Feb20300CE.NFO,07/01/2020,11:45:57,34.15,34.3,1200,35.3,1200,0,230400
IBULHSGFIN27Feb20300CE.NFO,07/01/2020,11:45:59,34.15,34.45,1200,35.3,1200,0,230400
IBULHSGFIN27Feb20300CE.NFO,07/01/2020,11:46:01,34.15,34.1,1200,35.3,1200,0,230400
IBULHSGFIN27Feb20300CE.NFO,07/01/2020,11:46:04,34.15,34.6,1200,35.3,1200,0,230400
IBULHSGFIN27Feb20300CE.NFO,07/01/2020,11:46:08,34.15,34.1,1200,35.3,1200,0,230400
IBULHSGFIN27Feb20300CE.NFO,07/01/2020,11:46:10,34.15,34.05,1200,35.3,1200,0,230400
IBULHSGFIN27Feb20300CE.NFO,07/01/2020,11:46:25,34.15,34.15,1200,35.3,1200,0,230400
IBULHSGFIN27Feb20300CE.NFO,07/01/2020,11:46:28,34.15,34.1,1200,35.3,1200,0,230400
IBULHSGFIN27Feb20300CE.NFO,07/01/2020,11:46:30,34.15,34.05,1200,35.3,1200,0,230400
IBULHSGFIN27Feb20300CE.NFO,07/01/2020,11:46:32,34.15,34.15,1200,35.3,1200,0,230400
IBULHSGFIN27Feb20300CE.NFO,07/01/2020,11:46:40,34.15,34.05,1200,35.3,1200,0,230400
IBULHSGFIN27Feb20300CE.NFO,07/01/2020,11:48:04,34.15,34.05,1200,35.15,1200,0,230400
IBULHSGFIN27Feb20300CE.NFO,07/01/2020,11:48:15,34.15,33.8,1200,35.15,1200,0,230400
IBULHSGFIN27Feb20300CE.NFO,07/01/2020,11:48:20,34.15,33.9,1200,35.15,1200,0,230400
IBULHSGFIN27Feb20300CE.NFO,07/01/2020,11:48:23,34.15,33.75,1200,35.15,1200,0,230400
IBULHSGFIN27Feb20300CE.NFO,07/01/2020,11:48:26,34.15,33.75,1200,34.95,1200,0,230400
IBULHSGFIN27Feb20300CE.NFO,07/01/2020,11:48:30,34.15,33.9,1200,35.3,1200,0,230400
IBULHSGFIN27Feb20300CE.NFO,07/01/2020,11:48:41,34.15,34,1200,35.3,1200,0,230400
IBULHSGFIN27Feb20300CE.NFO,07/01/2020,11:48:45,34.15,33.95,1200,35.3,1200,0,230400
IBULHSGFIN27Feb20300CE.NFO,07/01/2020,11:48:53,34.15,33.9,1200,35.3,1200,0,230400
IBULHSGFIN27Feb20300CE.NFO,07/01/2020,11:49:04,34.15,33.85,1200,35.15,1200,0,230400
IBULHSGFIN27Feb20300CE.NFO,07/01/2020,11:49:06,34.15,33.7,1200,35.15,1200,0,230400
IBULHSGFIN27Feb20300CE.NFO,07/01/2020,11:49:12,34.15,33.95,1200,35.15,1200,0,230400
IBULHSGFIN27Feb20300CE.NFO,07/01/2020,11:49:14,34.15,33.8,1200,35.15,1200,0,230400
IBULHSGFIN27Feb20300CE.NFO,07/01/2020,11:49:18,34.15,33.85,1200,35.15,1200,0,230400
IBULHSGFIN27Feb20300CE.NFO,07/01/2020,11:49:34,33.85,33.75,3600,35.15,1200,1200,231600
IBULHSGFIN27Feb20300CE.NFO,07/01/2020,11:49:34,33.85,33.75,3600,35.15,1200,0,231600
IBULHSGFIN27Feb20300CE.NFO,07/01/2020,11:49:35,33.85,33.75,3600,35.15,1200,0,231600
IBULHSGFIN27Feb20300CE.NFO,07/01/2020,11:49:47,33.85,33.8,1200,35.15,1200,0,231600
IBULHSGFIN27Feb20300CE.NFO,07/01/2020,11:49:51,33.85,33.8,4800,35.15,1200,0,231600
IBULHSGFIN27Feb20300CE.NFO,07/01/2020,11:50:06,33.85,33.9,3600,35.15,1200,0,231600
IBULHSGFIN27Feb20300CE.NFO,07/01/2020,11:50:11,33.85,34,2400,35.15,1200,0,231600
IBULHSGFIN27Feb20300CE.NFO,07/01/2020,11:50:20,33.85,33.85,3600,35.15,1200,0,231600
IBULHSGFIN27Feb20300CE.NFO,07/01/2020,11:50:27,33.85,34,1200,35.15,1200,0,231600
IBULHSGFIN27Feb20300CE.NFO,07/01/2020,11:51:31,33.85,34,1200,35.3,1200,0,231600
IBULHSGFIN27Feb20300CE.NFO,07/01/2020,11:51:40,33.85,34.05,3600,35.45,1200,0,231600
IBULHSGFIN27Feb20300CE.NFO,07/01/2020,11:51:48,33.85,34,3600,35.45,1200,0,231600
IBULHSGFIN27Feb20300CE.NFO,07/01/2020,11:51:51,33.85,34.3,1200,35.45,1200,0,231600
IBULHSGFIN27Feb20300CE.NFO,07/01/2020,11:51:55,33.85,34.3,1200,35.3,1200,0,231600
IBULHSGFIN27Feb20300CE.NFO,07/01/2020,11:52:00,33.85,34.3,1200,35.15,1200,0,231600
IBULHSGFIN27Feb20300CE.NFO,07/01/2020,11:52:03,33.85,33.85,3600,35.15,1200,0,231600
IBULHSGFIN27Feb20300CE.NFO,07/01/2020,11:52:06,33.85,33.85,3600,35.3,1200,0,231600
IBULHSGFIN27Feb20300CE.NFO,07/01/2020,11:52:15,33.85,34,2400,35.55,1200,0,231600
IBULHSGFIN27Feb20300CE.NFO,07/01/2020,11:52:18,33.85,34.15,3600,35.55,1200,0,231600
IBULHSGFIN27Feb20300CE.NFO,07/01/2020,11:52:23,33.85,34.15,3600,35.45,1200,0,231600
IBULHSGFIN27Feb20300CE.NFO,07/01/2020,11:52:55,33.85,34,4800,35.45,1200,0,231600
IBULHSGFIN27Feb20300CE.NFO,07/01/2020,11:53:05,33.85,34.2,3600,35.45,1200,0,231600
IBULHSGFIN27Feb20300CE.NFO,07/01/2020,11:53:08,33.85,34.5,1200,35.7,1200,0,231600
IBULHSGFIN27Feb20300CE.NFO,07/01/2020,11:53:19,33.85,34.5,4800,35.85,1200,0,231600
IBULHSGFIN27Feb20300CE.NFO,07/01/2020,11:53:39,33.85,34.5,1200,35.85,1200,0,231600
IBULHSGFIN27Feb20300CE.NFO,07/01/2020,11:53:42,33.85,34.5,1200,35.7,1200,0,231600
IBULHSGFIN27Feb20300CE.NFO,07/01/2020,11:54:04,33.85,34.5,1200,35.55,1200,0,231600
IBULHSGFIN27Feb20300CE.NFO,07/01/2020,11:54:18,33.85,34.25,3600,35.55,1200,0,231600
IBULHSGFIN27Feb20300CE.NFO,07/01/2020,11:54:33,33.85,34.25,3600,35.45,1200,0,231600
IBULHSGFIN27Feb20300CE.NFO,07/01/2020,11:54:59,33.85,34.05,3600,35.45,1200,0,231600
IBULHSGFIN27Feb20300CE.NFO,07/01/2020,11:55:02,33.85,34.05,3600,35.3,1200,0,231600
IBULHSGFIN27Feb20300CE.NFO,07/01/2020,11:55:34,33.85,33.9,4800,35.3,1200,0,231600
IBULHSGFIN27Feb20300CE.NFO,07/01/2020,11:55:55,33.85,34.2,1200,35.3,1200,0,231600
IBULHSGFIN27Feb20300CE.NFO,07/01/2020,11:56:15,33.85,34.5,1200,35.3,1200,0,231600
IBULHSGFIN27Feb20300CE.NFO,07/01/2020,11:56:39,33.85,34.05,3600,35.35,1200,0,231600
IBULHSGFIN27Feb20300CE.NFO,07/01/2020,11:56:42,33.85,34.1,3600,35.35,1200,0,231600
IBULHSGFIN27Feb20300CE.NFO,07/01/2020,11:57:36,33.85,34,3600,35.35,1200,0,231600
IBULHSGFIN27Feb20300CE.NFO,07/01/2020,11:57:44,33.85,33.95,3600,35.3,1200,0,231600
IBULHSGFIN27Feb20300CE.NFO,07/01/2020,11:57:48,33.85,33.8,3600,35.05,1200,0,231600
IBULHSGFIN27Feb20300CE.NFO,07/01/2020,11:57:53,33.85,33.7,3600,35.05,1200,0,231600
IBULHSGFIN27Feb20300CE.NFO,07/01/2020,11:58:01,33.85,33.7,4800,35.05,1200,0,231600
IBULHSGFIN27Feb20300CE.NFO,07/01/2020,11:58:10,33.85,33.8,3600,35.05,1200,0,231600
IBULHSGFIN27Feb20300CE.NFO,07/01/2020,11:58:14,33.85,33.75,3600,35.05,1200,0,231600
IBULHSGFIN27Feb20300CE.NFO,07/01/2020,11:58:22,33.85,33.75,3600,34.9,1200,0,231600
IBULHSGFIN27Feb20300CE.NFO,07/01/2020,11:58:24,33.85,33.75,3600,34.9,2400,0,231600
IBULHSGFIN27Feb20300CE.NFO,07/01/2020,11:58:27,33.85,33.75,3600,34.95,1200,0,231600
IBULHSGFIN27Feb20300CE.NFO,07/01/2020,11:58:39,33.85,33.6,3600,34.95,1200,0,231600
IBULHSGFIN27Feb20300CE.NFO,07/01/2020,11:58:42,33.85,33.75,3600,34.95,1200,0,231600
IBULHSGFIN27Feb20300CE.NFO,07/01/2020,11:58:45,33.85,33.75,4800,34.95,1200,0,231600
IBULHSGFIN27Feb20300CE.NFO,07/01/2020,11:58:49,33.85,33.95,3600,35.25,1200,0,231600
IBULHSGFIN27Feb20300CE.NFO,07/01/2020,11:58:56,33.85,33.95,3600,35.25,2400,0,231600
IBULHSGFIN27Feb20300CE.NFO,07/01/2020,11:58:59,33.85,33.95,3600,35.1,1200,0,231600
IBULHSGFIN27Feb20300CE.NFO,07/01/2020,11:59:03,33.85,33.95,3600,35.25,1200,0,231600
IBULHSGFIN27Feb20300CE.NFO,07/01/2020,11:59:06,33.85,33.85,3600,35.25,1200,0,231600
IBULHSGFIN27Feb20300CE.NFO,07/01/2020,11:59:15,33.85,33.75,4800,35.1,1200,0,231600
IBULHSGFIN27Feb20300CE.NFO,07/01/2020,11:59:18,33.85,33.7,3600,35,1200,0,231600
IBULHSGFIN27Feb20300CE.NFO,07/01/2020,11:59:21,33.85,33.7,3600,34.85,1200,0,231600
IBULHSGFIN27Feb20300CE.NFO,07/01/2020,11:59:36,33.85,33.6,3600,34.85,1200,0,231600
IBULHSGFIN27Feb20300CE.NFO,07/01/2020,11:59:44,33.85,33.45,3600,34.65,1200,0,231600
IBULHSGFIN27Feb20300CE.NFO,07/01/2020,11:59:48,33.85,33.45,3600,34.5,1200,0,231600
IBULHSGFIN27Feb20300CE.NFO,07/01/2020,11:59:52,33.85,33.4,3600,34.5,1200,0,231600
IBULHSGFIN27Feb20300CE.NFO,07/01/2020,12:00:03,33.85,33.45,3600,34.5,1200,0,231600
IBULHSGFIN27Feb20300CE.NFO,07/01/2020,12:00:09,33.85,33.4,3600,34.5,1200,0,231600
IBULHSGFIN27Feb20300CE.NFO,07/01/2020,12:00:12,33.85,33.45,3600,34.5,1200,0,231600
IBULHSGFIN27Feb20300CE.NFO,07/01/2020,12:00:36,33.85,33.45,3600,34.7,1200,0,231600
IBULHSGFIN27Feb20300CE.NFO,07/01/2020,12:00:39,33.85,33.6,3600,34.7,1200,0,231600
IBULHSGFIN27Feb20300CE.NFO,07/01/2020,12:01:00,33.85,33.45,3600,34.7,1200,0,231600
IBULHSGFIN27Feb20300CE.NFO,07/01/2020,12:01:22,33.85,34,1200,34.7,1200,0,231600
IBULHSGFIN27Feb20300CE.NFO,07/01/2020,12:01:52,33.85,33.45,3600,34.7,1200,0,231600
IBULHSGFIN27Feb20300CE.NFO,07/01/2020,12:02:10,33.85,33.45,3600,34.7,2400,0,231600
IBULHSGFIN27Feb20300CE.NFO,07/01/2020,12:02:13,33.85,33.45,3600,34.7,1200,0,231600
