Ticker,Date,Time,LTP,BuyPrice,BuyQty,SellPrice,SellQty,LTQ,OpenInterest
IBULHSGFIN30Jan20220PE.NFO,07/01/2020,09:18:45,1.4,1.35,1200,1.9,3600,1200,30000
IBULHSGFIN30Jan20220PE.NFO,07/01/2020,09:18:45,1.4,1.35,1200,1.9,3600,0,30000
IBULHSGFIN30Jan20220PE.NFO,07/01/2020,09:18:45,1.4,1.35,1200,1.9,3600,0,30000
IBULHSGFIN30Jan20220PE.NFO,07/01/2020,09:18:45,1.4,1.35,1200,1.9,3600,0,30000
IBULHSGFIN30Jan20220PE.NFO,07/01/2020,09:18:53,1.4,1.4,2400,1.9,3600,0,30000
IBULHSGFIN30Jan20220PE.NFO,07/01/2020,09:19:00,1.45,1.35,1200,1.85,1200,1200,30000
IBULHSGFIN30Jan20220PE.NFO,07/01/2020,09:19:00,1.45,1.35,1200,1.85,1200,0,30000
IBULHSGFIN30Jan20220PE.NFO,07/01/2020,09:19:07,1.45,1.4,2400,1.8,3600,0,30000
IBULHSGFIN30Jan20220PE.NFO,07/01/2020,09:19:14,1.45,1.45,1200,1.8,3600,0,30000
IBULHSGFIN30Jan20220PE.NFO,07/01/2020,09:19:28,1.45,1.45,1200,1.9,3600,0,30000
IBULHSGFIN30Jan20220PE.NFO,07/01/2020,09:20:08,1.45,1.45,1200,1.9,6000,0,30000
IBULHSGFIN30Jan20220PE.NFO,07/01/2020,09:20:14,1.45,1.45,1200,1.85,2400,0,30000
IBULHSGFIN30Jan20220PE.NFO,07/01/2020,09:20:21,1.45,1.45,1200,1.8,3600,0,30000
IBULHSGFIN30Jan20220PE.NFO,07/01/2020,09:21:41,1.45,1.45,1200,1.85,3600,0,30000
IBULHSGFIN30Jan20220PE.NFO,07/01/2020,09:21:47,1.45,1.45,1200,1.85,6000,0,30000
IBULHSGFIN30Jan20220PE.NFO,07/01/2020,09:21:55,1.45,1.45,1200,1.85,3600,0,30000
IBULHSGFIN30Jan20220PE.NFO,07/01/2020,09:22:07,1.45,1.45,1200,1.85,6000,0,30000
IBULHSGFIN30Jan20220PE.NFO,07/01/2020,09:22:14,1.45,1.45,1200,1.85,3600,0,30000
IBULHSGFIN30Jan20220PE.NFO,07/01/2020,09:22:35,1.45,1.45,1200,1.8,3600,0,30000
IBULHSGFIN30Jan20220PE.NFO,07/01/2020,09:25:09,1.8,1.45,1200,1.75,1200,1200,32400
IBULHSGFIN30Jan20220PE.NFO,07/01/2020,09:25:09,1.8,1.45,1200,1.75,1200,0,32400
IBULHSGFIN30Jan20220PE.NFO,07/01/2020,09:25:16,1.8,1.45,1200,1.75,1200,0,32400
IBULHSGFIN30Jan20220PE.NFO,07/01/2020,09:25:47,1.8,1.5,1200,1.75,2400,0,32400
IBULHSGFIN30Jan20220PE.NFO,07/01/2020,09:26:01,1.8,1.5,1200,1.7,1200,0,32400
IBULHSGFIN30Jan20220PE.NFO,07/01/2020,09:26:15,1.8,1.5,1200,1.65,1200,0,32400
IBULHSGFIN30Jan20220PE.NFO,07/01/2020,09:26:44,1.5,1.45,1200,1.7,1200,1200,33600
IBULHSGFIN30Jan20220PE.NFO,07/01/2020,09:26:50,1.5,1.45,1200,1.65,1200,0,33600
IBULHSGFIN30Jan20220PE.NFO,07/01/2020,09:28:25,1.5,1.45,1200,1.7,1200,0,33600
IBULHSGFIN30Jan20220PE.NFO,07/01/2020,09:29:14,1.5,1.45,1200,1.65,1200,0,33600
IBULHSGFIN30Jan20220PE.NFO,07/01/2020,09:30:20,1.5,1.45,1200,1.6,3600,0,33600
IBULHSGFIN30Jan20220PE.NFO,07/01/2020,09:30:25,1.5,1.45,1200,1.65,1200,0,33600
IBULHSGFIN30Jan20220PE.NFO,07/01/2020,09:32:54,1.5,1.45,1200,1.6,1200,0,33600
IBULHSGFIN30Jan20220PE.NFO,07/01/2020,09:34:39,1.5,1.45,1200,1.8,3600,0,33600
IBULHSGFIN30Jan20220PE.NFO,07/01/2020,09:34:45,1.5,1.45,1200,1.75,2400,0,33600
IBULHSGFIN30Jan20220PE.NFO,07/01/2020,09:34:50,1.5,1.45,1200,1.7,3600,0,33600
IBULHSGFIN30Jan20220PE.NFO,07/01/2020,09:37:45,1.5,1.45,1200,1.8,3600,0,33600
IBULHSGFIN30Jan20220PE.NFO,07/01/2020,09:37:49,1.5,1.45,1200,1.7,1200,0,33600
IBULHSGFIN30Jan20220PE.NFO,07/01/2020,09:38:02,1.5,1.45,1200,1.65,1200,0,33600
IBULHSGFIN30Jan20220PE.NFO,07/01/2020,09:43:03,1.5,1.45,1200,1.6,1200,0,33600
IBULHSGFIN30Jan20220PE.NFO,07/01/2020,09:43:09,1.5,1.45,1200,1.6,2400,0,33600
IBULHSGFIN30Jan20220PE.NFO,07/01/2020,09:43:19,1.5,1.45,1200,1.55,1200,0,33600
IBULHSGFIN30Jan20220PE.NFO,07/01/2020,09:43:44,1.5,1.45,1200,1.6,2400,0,33600
IBULHSGFIN30Jan20220PE.NFO,07/01/2020,09:44:40,1.5,1.45,1200,1.55,1200,0,33600
IBULHSGFIN30Jan20220PE.NFO,07/01/2020,09:45:12,1.45,1.4,1200,1.55,1200,1200,30000
IBULHSGFIN30Jan20220PE.NFO,07/01/2020,09:45:31,1.45,1.4,1200,1.45,1200,0,30000
IBULHSGFIN30Jan20220PE.NFO,07/01/2020,09:45:37,1.45,1.4,1200,1.55,1200,1200,30000
IBULHSGFIN30Jan20220PE.NFO,07/01/2020,09:45:48,1.45,1.4,1200,1.55,1200,0,30000
IBULHSGFIN30Jan20220PE.NFO,07/01/2020,09:51:12,1.45,1.4,1200,1.6,2400,0,30000
IBULHSGFIN30Jan20220PE.NFO,07/01/2020,09:51:33,1.45,1.4,1200,1.55,1200,0,30000
IBULHSGFIN30Jan20220PE.NFO,07/01/2020,09:52:29,1.45,1.4,1200,1.6,2400,0,30000
IBULHSGFIN30Jan20220PE.NFO,07/01/2020,09:52:51,1.45,1.4,1200,1.55,1200,0,30000
IBULHSGFIN30Jan20220PE.NFO,07/01/2020,09:53:03,1.45,1.4,1200,1.6,2400,0,30000
IBULHSGFIN30Jan20220PE.NFO,07/01/2020,09:55:07,1.45,1.4,1200,1.55,1200,0,30000
IBULHSGFIN30Jan20220PE.NFO,07/01/2020,09:55:41,1.45,1.35,1200,1.55,1200,0,30000
IBULHSGFIN30Jan20220PE.NFO,07/01/2020,09:56:50,1.45,1.35,2400,1.55,1200,0,30000
IBULHSGFIN30Jan20220PE.NFO,07/01/2020,09:57:08,1.45,1.35,1200,1.55,1200,0,30000
IBULHSGFIN30Jan20220PE.NFO,07/01/2020,10:00:45,1.45,1.35,2400,1.55,1200,0,30000
IBULHSGFIN30Jan20220PE.NFO,07/01/2020,10:01:17,1.45,1.35,2400,1.6,1200,0,30000
IBULHSGFIN30Jan20220PE.NFO,07/01/2020,10:02:58,1.45,1.35,2400,1.6,2400,0,30000
IBULHSGFIN30Jan20220PE.NFO,07/01/2020,10:05:34,1.45,1.4,1200,1.6,2400,0,30000
IBULHSGFIN30Jan20220PE.NFO,07/01/2020,10:05:40,1.45,1.25,1200,1.6,2400,0,30000
IBULHSGFIN30Jan20220PE.NFO,07/01/2020,10:05:46,1.45,1.35,1200,1.6,2400,0,30000
IBULHSGFIN30Jan20220PE.NFO,07/01/2020,10:08:15,1.45,1.3,1200,1.6,2400,0,30000
IBULHSGFIN30Jan20220PE.NFO,07/01/2020,10:08:20,1.45,1.35,1200,1.6,2400,0,30000
IBULHSGFIN30Jan20220PE.NFO,07/01/2020,10:13:45,1.45,1.4,1200,1.6,2400,0,30000
IBULHSGFIN30Jan20220PE.NFO,07/01/2020,10:14:01,1.45,1.4,2400,1.6,2400,0,30000
IBULHSGFIN30Jan20220PE.NFO,07/01/2020,10:14:16,1.45,1.35,1200,1.6,2400,0,30000
IBULHSGFIN30Jan20220PE.NFO,07/01/2020,10:15:58,1.45,1.35,2400,1.6,2400,0,30000
IBULHSGFIN30Jan20220PE.NFO,07/01/2020,10:25:28,1.45,1.35,2400,1.6,3600,0,30000
IBULHSGFIN30Jan20220PE.NFO,07/01/2020,10:32:24,1.45,1.35,2400,1.6,2400,0,28800
IBULHSGFIN30Jan20220PE.NFO,07/01/2020,10:32:27,1.45,1.35,2400,1.6,1200,0,28800
IBULHSGFIN30Jan20220PE.NFO,07/01/2020,10:34:37,1.45,1.35,1200,1.6,1200,0,28800
IBULHSGFIN30Jan20220PE.NFO,07/01/2020,10:34:41,1.45,1.3,1200,1.6,1200,0,28800
IBULHSGFIN30Jan20220PE.NFO,07/01/2020,10:34:59,1.45,1.35,1200,1.6,1200,0,28800
IBULHSGFIN30Jan20220PE.NFO,07/01/2020,10:36:15,1.45,1.35,1200,1.55,1200,0,28800
IBULHSGFIN30Jan20220PE.NFO,07/01/2020,10:37:48,1.45,1.35,1200,1.6,1200,0,28800
IBULHSGFIN30Jan20220PE.NFO,07/01/2020,10:37:51,1.45,1.35,1200,1.55,1200,0,28800
IBULHSGFIN30Jan20220PE.NFO,07/01/2020,10:46:19,1.45,1.35,1200,1.5,1200,0,28800
IBULHSGFIN30Jan20220PE.NFO,07/01/2020,10:48:23,1.45,1.35,1200,1.45,1200,0,28800
IBULHSGFIN30Jan20220PE.NFO,07/01/2020,10:52:12,1.45,1.3,1200,1.6,1200,1200,28800
IBULHSGFIN30Jan20220PE.NFO,07/01/2020,10:52:24,1.45,1.3,1200,1.6,1200,0,28800
IBULHSGFIN30Jan20220PE.NFO,07/01/2020,10:52:28,1.45,1.35,1200,1.6,1200,0,28800
IBULHSGFIN30Jan20220PE.NFO,07/01/2020,10:55:22,1.45,1.4,1200,1.6,1200,0,28800
IBULHSGFIN30Jan20220PE.NFO,07/01/2020,10:55:28,1.45,1.35,1200,1.6,1200,0,28800
IBULHSGFIN30Jan20220PE.NFO,07/01/2020,10:58:40,1.45,1.35,1200,1.65,1200,0,28800
IBULHSGFIN30Jan20220PE.NFO,07/01/2020,10:58:45,1.6,1.35,1200,1.65,1200,1200,30000
IBULHSGFIN30Jan20220PE.NFO,07/01/2020,10:58:52,1.6,1.35,1200,1.65,1200,0,30000
IBULHSGFIN30Jan20220PE.NFO,07/01/2020,10:59:42,1.6,1.4,1200,1.65,1200,0,30000
IBULHSGFIN30Jan20220PE.NFO,07/01/2020,11:00:12,1.6,1.45,1200,1.65,1200,0,30000
IBULHSGFIN30Jan20220PE.NFO,07/01/2020,11:00:20,1.6,1.45,2400,1.65,1200,0,30000
IBULHSGFIN30Jan20220PE.NFO,07/01/2020,11:00:59,1.6,1.5,1200,1.65,1200,0,30000
IBULHSGFIN30Jan20220PE.NFO,07/01/2020,11:01:22,1.6,1.5,2400,1.65,1200,0,30000
IBULHSGFIN30Jan20220PE.NFO,07/01/2020,11:01:53,1.65,1.6,1200,2.1,1200,1200,30000
IBULHSGFIN30Jan20220PE.NFO,07/01/2020,11:02:08,1.65,1.6,1200,1.95,1200,0,30000
IBULHSGFIN30Jan20220PE.NFO,07/01/2020,11:03:05,1.65,1.6,1200,1.9,1200,0,30000
IBULHSGFIN30Jan20220PE.NFO,07/01/2020,11:03:13,1.65,1.65,1200,1.95,1200,0,30000
IBULHSGFIN30Jan20220PE.NFO,07/01/2020,11:03:26,1.65,1.7,1200,1.95,1200,0,30000
IBULHSGFIN30Jan20220PE.NFO,07/01/2020,11:04:01,1.65,1.65,1200,1.95,1200,0,30000
IBULHSGFIN30Jan20220PE.NFO,07/01/2020,11:05:42,1.65,1.7,1200,2,1200,0,30000
IBULHSGFIN30Jan20220PE.NFO,07/01/2020,11:05:56,1.65,1.65,1200,2,1200,0,30000
IBULHSGFIN30Jan20220PE.NFO,07/01/2020,11:09:22,1.65,1.65,1200,1.95,1200,0,30000
IBULHSGFIN30Jan20220PE.NFO,07/01/2020,11:11:46,1.65,1.75,1200,1.95,1200,0,30000
IBULHSGFIN30Jan20220PE.NFO,07/01/2020,11:12:35,1.65,1.65,1200,1.95,1200,0,30000
IBULHSGFIN30Jan20220PE.NFO,07/01/2020,11:12:46,1.65,1.65,2400,1.95,1200,0,30000
IBULHSGFIN30Jan20220PE.NFO,07/01/2020,11:12:51,1.65,1.65,1200,1.95,1200,0,30000
IBULHSGFIN30Jan20220PE.NFO,07/01/2020,11:13:01,1.65,1.65,2400,1.95,1200,0,30000
IBULHSGFIN30Jan20220PE.NFO,07/01/2020,11:13:07,1.65,1.65,1200,1.95,1200,0,30000
IBULHSGFIN30Jan20220PE.NFO,07/01/2020,11:13:18,1.65,1.7,1200,1.95,1200,0,30000
IBULHSGFIN30Jan20220PE.NFO,07/01/2020,11:13:59,1.65,1.65,1200,1.9,1200,0,30000
IBULHSGFIN30Jan20220PE.NFO,07/01/2020,11:14:37,1.85,1.65,1200,1.95,1200,1200,30000
IBULHSGFIN30Jan20220PE.NFO,07/01/2020,11:14:37,1.85,1.65,1200,1.95,1200,0,30000
IBULHSGFIN30Jan20220PE.NFO,07/01/2020,11:15:04,1.85,1.65,1200,1.95,1200,0,30000
IBULHSGFIN30Jan20220PE.NFO,07/01/2020,11:15:43,1.85,1.7,2400,1.95,1200,0,30000
IBULHSGFIN30Jan20220PE.NFO,07/01/2020,11:16:05,1.85,1.75,1200,2,1200,0,30000
IBULHSGFIN30Jan20220PE.NFO,07/01/2020,11:16:18,1.85,1.8,3600,2,1200,0,30000
IBULHSGFIN30Jan20220PE.NFO,07/01/2020,11:16:24,1.85,1.65,1200,1.95,1200,0,30000
IBULHSGFIN30Jan20220PE.NFO,07/01/2020,11:16:53,1.95,1.65,2400,2,1200,1200,30000
IBULHSGFIN30Jan20220PE.NFO,07/01/2020,11:16:53,1.95,1.65,2400,2,1200,0,30000
IBULHSGFIN30Jan20220PE.NFO,07/01/2020,11:17:00,1.95,1.65,1200,2,1200,0,30000
IBULHSGFIN30Jan20220PE.NFO,07/01/2020,11:17:05,1.95,1.65,1200,1.95,1200,0,30000
IBULHSGFIN30Jan20220PE.NFO,07/01/2020,11:18:06,1.95,1.65,1200,2,1200,0,30000
IBULHSGFIN30Jan20220PE.NFO,07/01/2020,11:18:43,1.95,1.65,1200,1.95,1200,0,30000
IBULHSGFIN30Jan20220PE.NFO,07/01/2020,11:19:46,1.95,1.65,1200,2,1200,0,30000
IBULHSGFIN30Jan20220PE.NFO,07/01/2020,11:20:24,1.95,1.65,1200,2.8,2400,0,30000
IBULHSGFIN30Jan20220PE.NFO,07/01/2020,11:20:30,1.95,1.75,1200,2.4,1200,0,30000
IBULHSGFIN30Jan20220PE.NFO,07/01/2020,11:20:36,1.95,1.75,1200,2.3,1200,0,30000
IBULHSGFIN30Jan20220PE.NFO,07/01/2020,11:20:51,1.95,1.75,1200,2.25,1200,0,30000
IBULHSGFIN30Jan20220PE.NFO,07/01/2020,11:21:39,1.95,1.75,1200,2.3,1200,0,30000
IBULHSGFIN30Jan20220PE.NFO,07/01/2020,11:23:34,1.95,1.75,1200,2,1200,0,30000
IBULHSGFIN30Jan20220PE.NFO,07/01/2020,11:23:38,1.95,1.65,1200,2,1200,0,30000
IBULHSGFIN30Jan20220PE.NFO,07/01/2020,11:24:19,1.95,1.65,1200,1.95,2400,0,30000
IBULHSGFIN30Jan20220PE.NFO,07/01/2020,11:24:29,1.95,1.65,1200,2,1200,0,30000
IBULHSGFIN30Jan20220PE.NFO,07/01/2020,11:24:33,1.6,1.35,1200,1.95,1200,2400,30000
IBULHSGFIN30Jan20220PE.NFO,07/01/2020,11:24:38,1.6,1.45,1200,1.95,1200,1200,30000
IBULHSGFIN30Jan20220PE.NFO,07/01/2020,11:24:42,1.6,1.55,1200,1.9,1200,0,30000
IBULHSGFIN30Jan20220PE.NFO,07/01/2020,11:24:55,1.6,1.45,1200,1.9,1200,0,30000
IBULHSGFIN30Jan20220PE.NFO,07/01/2020,11:24:59,1.6,1.55,1200,1.95,1200,0,30000
IBULHSGFIN30Jan20220PE.NFO,07/01/2020,11:25:05,1.6,1.6,2400,1.95,1200,0,30000
IBULHSGFIN30Jan20220PE.NFO,07/01/2020,11:25:54,1.6,1.6,1200,1.95,1200,0,30000
IBULHSGFIN30Jan20220PE.NFO,07/01/2020,11:25:58,1.6,1.6,3600,1.95,1200,0,30000
IBULHSGFIN30Jan20220PE.NFO,07/01/2020,11:26:45,1.6,1.6,3600,1.8,1200,0,30000
IBULHSGFIN30Jan20220PE.NFO,07/01/2020,11:28:03,1.6,1.6,2400,1.8,1200,0,30000
IBULHSGFIN30Jan20220PE.NFO,07/01/2020,11:29:52,1.6,1.6,1200,1.8,1200,0,30000
IBULHSGFIN30Jan20220PE.NFO,07/01/2020,11:30:26,1.6,1.45,1200,1.8,1200,0,30000
IBULHSGFIN30Jan20220PE.NFO,07/01/2020,11:30:40,1.6,1.55,1200,1.8,1200,0,30000
IBULHSGFIN30Jan20220PE.NFO,07/01/2020,11:30:52,1.6,1.55,1200,1.75,1200,0,30000
IBULHSGFIN30Jan20220PE.NFO,07/01/2020,11:31:01,1.6,1.5,1200,1.75,1200,0,30000
IBULHSGFIN30Jan20220PE.NFO,07/01/2020,11:31:08,1.6,1.5,2400,1.75,1200,0,30000
IBULHSGFIN30Jan20220PE.NFO,07/01/2020,11:31:14,1.6,1.55,1200,1.75,1200,0,30000
IBULHSGFIN30Jan20220PE.NFO,07/01/2020,11:31:18,1.6,1.5,2400,1.75,1200,0,30000
IBULHSGFIN30Jan20220PE.NFO,07/01/2020,11:32:23,1.6,1.5,3600,1.75,1200,0,30000
IBULHSGFIN30Jan20220PE.NFO,07/01/2020,11:33:12,1.6,1.5,3600,1.8,1200,0,30000
IBULHSGFIN30Jan20220PE.NFO,07/01/2020,11:34:26,1.6,1.5,2400,1.8,1200,0,30000
IBULHSGFIN30Jan20220PE.NFO,07/01/2020,11:34:56,1.6,1.5,1200,1.8,1200,0,30000
IBULHSGFIN30Jan20220PE.NFO,07/01/2020,11:35:31,1.6,1.45,1200,1.8,1200,0,30000
IBULHSGFIN30Jan20220PE.NFO,07/01/2020,11:35:37,1.6,1.4,1200,1.8,1200,0,30000
IBULHSGFIN30Jan20220PE.NFO,07/01/2020,11:35:42,1.6,1.45,1200,1.8,1200,0,30000
IBULHSGFIN30Jan20220PE.NFO,07/01/2020,11:35:54,1.6,1.4,1200,1.8,1200,0,30000
IBULHSGFIN30Jan20220PE.NFO,07/01/2020,11:36:10,1.6,1.45,1200,1.8,1200,0,30000
IBULHSGFIN30Jan20220PE.NFO,07/01/2020,11:36:16,1.6,1.5,1200,1.8,1200,0,30000
IBULHSGFIN30Jan20220PE.NFO,07/01/2020,11:36:21,1.6,1.5,1200,1.65,1200,0,30000
IBULHSGFIN30Jan20220PE.NFO,07/01/2020,11:36:26,1.6,1.5,1200,1.75,1200,0,30000
IBULHSGFIN30Jan20220PE.NFO,07/01/2020,11:36:30,1.6,1.5,1200,1.8,1200,0,30000
IBULHSGFIN30Jan20220PE.NFO,07/01/2020,11:36:35,1.6,1.5,1200,1.75,1200,0,30000
IBULHSGFIN30Jan20220PE.NFO,07/01/2020,11:37:24,1.6,1.5,2400,1.75,1200,0,30000
IBULHSGFIN30Jan20220PE.NFO,07/01/2020,11:38:40,1.6,1.55,1200,1.75,1200,0,30000
IBULHSGFIN30Jan20220PE.NFO,07/01/2020,11:40:09,1.6,1.55,1200,1.9,1200,0,30000
IBULHSGFIN30Jan20220PE.NFO,07/01/2020,11:40:14,1.6,1.55,1200,1.85,1200,0,30000
IBULHSGFIN30Jan20220PE.NFO,07/01/2020,11:40:23,1.6,1.55,1200,1.8,1200,0,30000
IBULHSGFIN30Jan20220PE.NFO,07/01/2020,11:46:48,1.6,1.6,1200,1.8,1200,0,30000
IBULHSGFIN30Jan20220PE.NFO,07/01/2020,11:47:20,1.6,1.55,1200,1.8,1200,1200,31200
IBULHSGFIN30Jan20220PE.NFO,07/01/2020,11:48:32,1.6,1.55,1200,1.75,1200,0,31200
IBULHSGFIN30Jan20220PE.NFO,07/01/2020,11:49:05,1.6,1.55,1200,1.85,1200,0,31200
IBULHSGFIN30Jan20220PE.NFO,07/01/2020,11:49:16,1.6,1.55,1200,1.8,1200,0,31200
IBULHSGFIN30Jan20220PE.NFO,07/01/2020,11:52:16,1.6,1.55,1200,1.75,1200,0,31200
IBULHSGFIN30Jan20220PE.NFO,07/01/2020,11:53:21,1.6,1.35,1200,1.75,1200,0,31200
IBULHSGFIN30Jan20220PE.NFO,07/01/2020,11:53:25,1.6,1.45,1200,1.75,1200,0,31200
IBULHSGFIN30Jan20220PE.NFO,07/01/2020,11:54:05,1.6,1.4,1200,1.75,1200,0,31200
IBULHSGFIN30Jan20220PE.NFO,07/01/2020,11:54:07,1.6,1.45,1200,1.75,1200,0,31200
IBULHSGFIN30Jan20220PE.NFO,07/01/2020,11:54:13,1.6,1.45,1200,1.7,1200,0,31200
IBULHSGFIN30Jan20220PE.NFO,07/01/2020,11:54:39,1.6,1.45,1200,1.75,1200,0,31200
IBULHSGFIN30Jan20220PE.NFO,07/01/2020,11:55:00,1.6,1.5,2400,1.8,1200,0,31200
IBULHSGFIN30Jan20220PE.NFO,07/01/2020,11:55:06,1.6,1.5,2400,1.75,1200,0,31200
IBULHSGFIN30Jan20220PE.NFO,07/01/2020,11:56:50,1.6,1.5,2400,1.75,1200,1200,31200
IBULHSGFIN30Jan20220PE.NFO,07/01/2020,11:56:57,1.6,1.5,2400,1.65,1200,0,31200
IBULHSGFIN30Jan20220PE.NFO,07/01/2020,11:58:23,1.6,1.5,2400,1.75,1200,0,31200
IBULHSGFIN30Jan20220PE.NFO,07/01/2020,12:00:14,1.6,1.55,1200,1.75,1200,0,31200
IBULHSGFIN30Jan20220PE.NFO,07/01/2020,12:00:41,1.6,1.5,1200,1.75,1200,0,31200
IBULHSGFIN30Jan20220PE.NFO,07/01/2020,12:00:44,1.6,1.5,2400,1.75,1200,0,31200
IBULHSGFIN30Jan20220PE.NFO,07/01/2020,12:03:21,1.6,1.5,6000,1.75,1200,0,31200
IBULHSGFIN30Jan20220PE.NFO,07/01/2020,12:03:28,1.6,1.55,3600,1.75,1200,0,31200
IBULHSGFIN30Jan20220PE.NFO,07/01/2020,12:05:04,1.6,1.6,2400,1.85,1200,0,31200
IBULHSGFIN30Jan20220PE.NFO,07/01/2020,12:05:16,1.6,1.5,6000,1.8,2400,0,31200
IBULHSGFIN30Jan20220PE.NFO,07/01/2020,12:05:45,1.6,1.55,3600,1.8,2400,0,31200
IBULHSGFIN30Jan20220PE.NFO,07/01/2020,12:06:10,1.6,1.5,6000,1.8,2400,0,31200
IBULHSGFIN30Jan20220PE.NFO,07/01/2020,12:06:16,1.6,1.5,6000,1.75,1200,0,31200
IBULHSGFIN30Jan20220PE.NFO,07/01/2020,12:07:22,1.6,1.55,3600,1.8,2400,0,31200
IBULHSGFIN30Jan20220PE.NFO,07/01/2020,12:07:31,1.6,1.5,6000,1.8,2400,0,31200
IBULHSGFIN30Jan20220PE.NFO,07/01/2020,12:07:51,1.6,1.55,3600,1.8,2400,0,31200
IBULHSGFIN30Jan20220PE.NFO,07/01/2020,12:08:10,1.6,1.5,6000,1.8,2400,0,31200
IBULHSGFIN30Jan20220PE.NFO,07/01/2020,12:08:21,1.6,1.5,6000,1.75,1200,0,31200
IBULHSGFIN30Jan20220PE.NFO,07/01/2020,12:13:16,1.6,1.5,2400,1.75,1200,0,31200
IBULHSGFIN30Jan20220PE.NFO,07/01/2020,12:13:28,1.6,1.5,6000,1.75,1200,0,31200
IBULHSGFIN30Jan20220PE.NFO,07/01/2020,12:13:42,1.6,1.5,2400,1.75,1200,0,31200
IBULHSGFIN30Jan20220PE.NFO,07/01/2020,12:14:04,1.6,1.5,6000,1.75,1200,0,31200
IBULHSGFIN30Jan20220PE.NFO,07/01/2020,12:14:11,1.6,1.5,2400,1.75,1200,0,31200
IBULHSGFIN30Jan20220PE.NFO,07/01/2020,12:14:23,1.6,1.5,6000,1.75,1200,0,31200
IBULHSGFIN30Jan20220PE.NFO,07/01/2020,12:14:43,1.6,1.5,2400,1.75,1200,0,31200
IBULHSGFIN30Jan20220PE.NFO,07/01/2020,12:14:52,1.6,1.5,6000,1.75,1200,0,31200
IBULHSGFIN30Jan20220PE.NFO,07/01/2020,12:15:00,1.6,1.5,2400,1.75,1200,0,31200
IBULHSGFIN30Jan20220PE.NFO,07/01/2020,12:15:18,1.6,1.5,6000,1.75,1200,0,31200
IBULHSGFIN30Jan20220PE.NFO,07/01/2020,12:15:27,1.6,1.5,2400,1.75,1200,0,31200
IBULHSGFIN30Jan20220PE.NFO,07/01/2020,12:15:30,1.6,1.5,6000,1.75,1200,0,31200
IBULHSGFIN30Jan20220PE.NFO,07/01/2020,12:17:33,1.5,1.5,1200,1.75,1200,1200,31200
IBULHSGFIN30Jan20220PE.NFO,07/01/2020,12:18:11,1.5,1.5,4800,1.75,1200,0,31200
IBULHSGFIN30Jan20220PE.NFO,07/01/2020,12:19:09,1.5,1.45,4800,1.75,1200,0,31200
IBULHSGFIN30Jan20220PE.NFO,07/01/2020,12:19:41,1.5,1.45,3600,1.75,1200,0,31200
IBULHSGFIN30Jan20220PE.NFO,07/01/2020,12:19:55,1.5,1.45,4800,1.75,1200,0,31200
IBULHSGFIN30Jan20220PE.NFO,07/01/2020,12:20:37,1.5,1.45,3600,1.75,1200,0,31200
IBULHSGFIN30Jan20220PE.NFO,07/01/2020,12:20:40,1.5,1.45,4800,1.75,1200,0,31200
IBULHSGFIN30Jan20220PE.NFO,07/01/2020,12:21:34,1.5,1.5,3600,1.75,1200,0,31200
IBULHSGFIN30Jan20220PE.NFO,07/01/2020,12:21:37,1.5,1.45,4800,1.75,1200,0,31200
IBULHSGFIN30Jan20220PE.NFO,07/01/2020,12:21:42,1.5,1.5,3600,1.75,1200,0,31200
IBULHSGFIN30Jan20220PE.NFO,07/01/2020,12:21:49,1.5,1.45,4800,1.75,1200,0,31200
IBULHSGFIN30Jan20220PE.NFO,07/01/2020,12:22:05,1.5,1.5,3600,1.75,1200,0,31200
IBULHSGFIN30Jan20220PE.NFO,07/01/2020,12:23:17,1.5,1.55,1200,1.75,1200,0,31200
IBULHSGFIN30Jan20220PE.NFO,07/01/2020,12:24:21,1.5,1.55,1200,1.7,1200,0,31200
IBULHSGFIN30Jan20220PE.NFO,07/01/2020,12:24:52,1.5,1.45,4800,1.7,1200,0,31200
IBULHSGFIN30Jan20220PE.NFO,07/01/2020,12:24:55,1.5,1.5,1200,1.7,1200,0,31200
IBULHSGFIN30Jan20220PE.NFO,07/01/2020,12:25:23,1.5,1.5,4800,1.7,1200,0,31200
IBULHSGFIN30Jan20220PE.NFO,07/01/2020,12:25:42,1.5,1.5,1200,1.7,1200,0,31200
IBULHSGFIN30Jan20220PE.NFO,07/01/2020,12:26:09,1.5,1.5,4800,1.7,1200,0,31200
IBULHSGFIN30Jan20220PE.NFO,07/01/2020,12:30:10,1.5,1.55,3600,1.7,1200,0,31200
IBULHSGFIN30Jan20220PE.NFO,07/01/2020,12:30:31,1.5,1.55,4800,1.85,1200,0,31200
IBULHSGFIN30Jan20220PE.NFO,07/01/2020,12:32:48,1.5,1.6,3600,1.85,1200,0,31200
IBULHSGFIN30Jan20220PE.NFO,07/01/2020,12:32:53,1.5,1.55,4800,1.85,1200,0,31200
IBULHSGFIN30Jan20220PE.NFO,07/01/2020,12:33:14,1.5,1.6,3600,1.85,1200,0,31200
IBULHSGFIN30Jan20220PE.NFO,07/01/2020,12:33:18,1.5,1.55,4800,1.85,1200,0,31200
IBULHSGFIN30Jan20220PE.NFO,07/01/2020,12:33:44,1.5,1.5,3600,1.85,1200,0,31200
IBULHSGFIN30Jan20220PE.NFO,07/01/2020,12:34:00,1.5,1.55,3600,1.85,1200,0,31200
IBULHSGFIN30Jan20220PE.NFO,07/01/2020,12:34:39,1.5,1.5,3600,1.85,1200,0,31200
IBULHSGFIN30Jan20220PE.NFO,07/01/2020,12:35:55,1.5,1.55,3600,1.85,1200,0,31200
IBULHSGFIN30Jan20220PE.NFO,07/01/2020,12:35:58,1.5,1.5,4800,1.85,1200,0,31200
IBULHSGFIN30Jan20220PE.NFO,07/01/2020,12:36:05,1.5,1.55,3600,1.85,1200,0,31200
IBULHSGFIN30Jan20220PE.NFO,07/01/2020,12:36:12,1.5,1.5,3600,1.85,1200,0,31200
IBULHSGFIN30Jan20220PE.NFO,07/01/2020,12:36:13,1.5,1.55,3600,1.85,1200,0,31200
IBULHSGFIN30Jan20220PE.NFO,07/01/2020,12:36:17,1.5,1.6,3600,1.85,1200,0,31200
IBULHSGFIN30Jan20220PE.NFO,07/01/2020,12:36:19,1.5,1.5,4800,1.85,1200,0,31200
IBULHSGFIN30Jan20220PE.NFO,07/01/2020,12:36:20,1.5,1.55,3600,1.85,1200,0,31200
IBULHSGFIN30Jan20220PE.NFO,07/01/2020,12:36:21,1.5,1.5,3600,1.85,1200,0,31200
IBULHSGFIN30Jan20220PE.NFO,07/01/2020,12:36:22,1.5,1.55,3600,1.85,1200,0,31200
IBULHSGFIN30Jan20220PE.NFO,07/01/2020,12:36:23,1.5,1.5,4800,1.85,1200,0,31200
IBULHSGFIN30Jan20220PE.NFO,07/01/2020,12:36:25,1.5,1.55,3600,1.85,1200,0,31200
IBULHSGFIN30Jan20220PE.NFO,07/01/2020,12:36:26,1.5,1.6,3600,1.85,1200,0,31200
IBULHSGFIN30Jan20220PE.NFO,07/01/2020,12:36:27,1.5,1.55,3600,1.85,1200,0,31200
IBULHSGFIN30Jan20220PE.NFO,07/01/2020,12:36:29,1.5,1.6,3600,1.85,1200,0,31200
IBULHSGFIN30Jan20220PE.NFO,07/01/2020,12:36:30,1.5,1.55,3600,1.85,1200,0,31200
IBULHSGFIN30Jan20220PE.NFO,07/01/2020,12:36:32,1.5,1.6,3600,1.85,1200,0,31200
IBULHSGFIN30Jan20220PE.NFO,07/01/2020,12:36:33,1.5,1.55,3600,1.85,1200,0,31200
IBULHSGFIN30Jan20220PE.NFO,07/01/2020,12:36:35,1.5,1.5,3600,1.85,1200,0,31200
IBULHSGFIN30Jan20220PE.NFO,07/01/2020,12:36:36,1.5,1.6,3600,1.85,1200,0,31200
IBULHSGFIN30Jan20220PE.NFO,07/01/2020,12:36:37,1.5,1.55,3600,1.85,1200,0,31200
IBULHSGFIN30Jan20220PE.NFO,07/01/2020,12:36:38,1.5,1.5,3600,1.85,1200,0,31200
IBULHSGFIN30Jan20220PE.NFO,07/01/2020,12:36:41,1.5,1.55,3600,1.85,1200,0,31200
IBULHSGFIN30Jan20220PE.NFO,07/01/2020,12:36:43,1.5,1.5,3600,1.85,1200,0,31200
IBULHSGFIN30Jan20220PE.NFO,07/01/2020,12:36:45,1.5,1.5,4800,1.85,1200,0,31200
IBULHSGFIN30Jan20220PE.NFO,07/01/2020,12:36:46,1.5,1.55,3600,1.85,1200,0,31200
IBULHSGFIN30Jan20220PE.NFO,07/01/2020,12:36:48,1.5,1.5,4800,1.85,1200,0,31200
IBULHSGFIN30Jan20220PE.NFO,07/01/2020,12:36:49,1.5,1.5,3600,1.85,1200,0,31200
IBULHSGFIN30Jan20220PE.NFO,07/01/2020,12:36:49,1.5,1.55,3600,1.85,1200,0,31200
IBULHSGFIN30Jan20220PE.NFO,07/01/2020,12:36:52,1.5,1.5,4800,1.85,1200,0,31200
IBULHSGFIN30Jan20220PE.NFO,07/01/2020,12:36:54,1.5,1.55,3600,1.85,1200,0,31200
IBULHSGFIN30Jan20220PE.NFO,07/01/2020,12:36:56,1.5,1.5,3600,1.85,1200,0,31200
IBULHSGFIN30Jan20220PE.NFO,07/01/2020,12:36:56,1.5,1.5,4800,1.85,1200,0,31200
IBULHSGFIN30Jan20220PE.NFO,07/01/2020,12:36:57,1.5,1.5,3600,1.85,1200,0,31200
IBULHSGFIN30Jan20220PE.NFO,07/01/2020,12:37:01,1.5,1.5,4800,1.85,1200,0,31200
IBULHSGFIN30Jan20220PE.NFO,07/01/2020,12:37:02,1.5,1.55,3600,1.85,1200,0,31200
IBULHSGFIN30Jan20220PE.NFO,07/01/2020,12:37:03,1.5,1.5,4800,1.85,1200,0,31200
IBULHSGFIN30Jan20220PE.NFO,07/01/2020,12:37:04,1.5,1.55,3600,1.85,1200,0,31200
IBULHSGFIN30Jan20220PE.NFO,07/01/2020,12:37:05,1.5,1.6,3600,1.85,1200,0,31200
IBULHSGFIN30Jan20220PE.NFO,07/01/2020,12:37:07,1.5,1.55,3600,1.85,1200,0,31200
IBULHSGFIN30Jan20220PE.NFO,07/01/2020,12:37:08,1.5,1.5,4800,1.85,1200,0,31200
IBULHSGFIN30Jan20220PE.NFO,07/01/2020,12:37:09,1.5,1.55,3600,1.85,1200,0,31200
IBULHSGFIN30Jan20220PE.NFO,07/01/2020,12:37:11,1.5,1.5,4800,1.85,1200,0,31200
IBULHSGFIN30Jan20220PE.NFO,07/01/2020,12:37:14,1.5,1.55,3600,1.85,1200,0,31200
IBULHSGFIN30Jan20220PE.NFO,07/01/2020,12:37:15,1.5,1.6,3600,1.85,1200,0,31200
IBULHSGFIN30Jan20220PE.NFO,07/01/2020,12:37:18,1.5,1.5,3600,1.85,1200,0,31200
IBULHSGFIN30Jan20220PE.NFO,07/01/2020,12:37:18,1.5,1.55,3600,1.85,1200,0,31200
IBULHSGFIN30Jan20220PE.NFO,07/01/2020,12:37:20,1.5,1.5,3600,1.85,1200,0,31200
IBULHSGFIN30Jan20220PE.NFO,07/01/2020,12:37:21,1.5,1.5,4800,1.85,1200,0,31200
IBULHSGFIN30Jan20220PE.NFO,07/01/2020,12:37:22,1.5,1.5,3600,1.85,1200,0,31200
IBULHSGFIN30Jan20220PE.NFO,07/01/2020,12:37:23,1.5,1.6,3600,1.85,1200,0,31200
IBULHSGFIN30Jan20220PE.NFO,07/01/2020,12:37:25,1.5,1.55,3600,1.85,1200,0,31200
IBULHSGFIN30Jan20220PE.NFO,07/01/2020,12:37:27,1.5,1.5,4800,1.85,1200,0,31200
IBULHSGFIN30Jan20220PE.NFO,07/01/2020,12:37:28,1.5,1.55,3600,1.85,1200,0,31200
IBULHSGFIN30Jan20220PE.NFO,07/01/2020,12:37:29,1.5,1.5,3600,1.85,1200,0,31200
IBULHSGFIN30Jan20220PE.NFO,07/01/2020,12:37:31,1.5,1.55,3600,1.85,1200,0,31200
IBULHSGFIN30Jan20220PE.NFO,07/01/2020,12:37:32,1.5,1.5,4800,1.85,1200,0,31200
IBULHSGFIN30Jan20220PE.NFO,07/01/2020,12:37:33,1.5,1.55,3600,1.85,1200,0,31200
IBULHSGFIN30Jan20220PE.NFO,07/01/2020,12:37:36,1.5,1.5,4800,1.85,1200,0,31200
IBULHSGFIN30Jan20220PE.NFO,07/01/2020,12:37:37,1.5,1.55,3600,1.85,1200,0,31200
IBULHSGFIN30Jan20220PE.NFO,07/01/2020,12:37:39,1.5,1.6,3600,1.85,1200,0,31200
IBULHSGFIN30Jan20220PE.NFO,07/01/2020,12:37:40,1.5,1.55,3600,1.85,1200,0,31200
IBULHSGFIN30Jan20220PE.NFO,07/01/2020,12:37:41,1.5,1.5,3600,1.85,1200,0,31200
IBULHSGFIN30Jan20220PE.NFO,07/01/2020,12:37:42,1.5,1.55,3600,1.85,1200,0,31200
IBULHSGFIN30Jan20220PE.NFO,07/01/2020,12:37:50,1.5,1.5,3600,1.85,1200,0,31200
IBULHSGFIN30Jan20220PE.NFO,07/01/2020,12:37:51,1.5,1.55,3600,1.85,1200,0,31200
IBULHSGFIN30Jan20220PE.NFO,07/01/2020,12:37:53,1.5,1.5,3600,1.85,1200,0,31200
IBULHSGFIN30Jan20220PE.NFO,07/01/2020,12:37:54,1.5,1.5,4800,1.85,1200,0,31200
IBULHSGFIN30Jan20220PE.NFO,07/01/2020,12:37:55,1.5,1.55,3600,1.85,1200,0,31200
IBULHSGFIN30Jan20220PE.NFO,07/01/2020,12:38:04,1.5,1.5,4800,1.85,1200,0,31200
IBULHSGFIN30Jan20220PE.NFO,07/01/2020,12:38:05,1.5,1.55,3600,1.85,1200,0,31200
IBULHSGFIN30Jan20220PE.NFO,07/01/2020,12:38:05,1.5,1.5,4800,1.85,1200,0,31200
IBULHSGFIN30Jan20220PE.NFO,07/01/2020,12:38:06,1.5,1.5,3600,1.85,1200,0,31200
IBULHSGFIN30Jan20220PE.NFO,07/01/2020,12:38:07,1.5,1.55,3600,1.85,1200,0,31200
IBULHSGFIN30Jan20220PE.NFO,07/01/2020,12:38:11,1.5,1.5,3600,1.85,1200,0,31200
IBULHSGFIN30Jan20220PE.NFO,07/01/2020,12:39:34,1.5,1.55,4800,1.85,1200,0,31200
IBULHSGFIN30Jan20220PE.NFO,07/01/2020,12:41:34,1.5,1.5,3600,1.85,1200,0,31200
IBULHSGFIN30Jan20220PE.NFO,07/01/2020,12:41:57,1.5,1.55,4800,1.85,1200,0,31200
IBULHSGFIN30Jan20220PE.NFO,07/01/2020,12:43:00,1.5,1.6,3600,1.85,1200,0,31200
IBULHSGFIN30Jan20220PE.NFO,07/01/2020,12:43:07,1.5,1.5,3600,1.85,1200,0,31200
IBULHSGFIN30Jan20220PE.NFO,07/01/2020,12:43:12,1.5,1.6,4800,1.85,1200,0,31200
IBULHSGFIN30Jan20220PE.NFO,07/01/2020,12:43:15,1.5,1.6,1200,1.85,1200,0,31200
IBULHSGFIN30Jan20220PE.NFO,07/01/2020,12:43:19,1.5,1.6,4800,1.85,1200,0,31200
IBULHSGFIN30Jan20220PE.NFO,07/01/2020,12:43:23,1.5,1.6,1200,1.85,1200,0,31200
IBULHSGFIN30Jan20220PE.NFO,07/01/2020,12:43:26,1.5,1.6,1200,1.8,1200,0,31200
IBULHSGFIN30Jan20220PE.NFO,07/01/2020,12:43:36,1.5,1.6,4800,1.8,1200,0,31200
IBULHSGFIN30Jan20220PE.NFO,07/01/2020,12:43:46,1.5,1.6,1200,1.8,1200,0,31200
IBULHSGFIN30Jan20220PE.NFO,07/01/2020,12:43:53,1.5,1.6,4800,1.8,1200,0,31200
IBULHSGFIN30Jan20220PE.NFO,07/01/2020,12:44:17,1.5,1.6,1200,1.8,1200,0,31200
IBULHSGFIN30Jan20220PE.NFO,07/01/2020,12:44:32,1.5,1.55,3600,1.8,1200,0,31200
IBULHSGFIN30Jan20220PE.NFO,07/01/2020,12:44:36,1.5,1.6,2400,1.8,1200,0,31200
IBULHSGFIN30Jan20220PE.NFO,07/01/2020,12:45:27,1.5,1.6,6000,1.8,1200,0,31200
IBULHSGFIN30Jan20220PE.NFO,07/01/2020,12:45:32,1.5,1.6,2400,1.8,1200,0,31200
IBULHSGFIN30Jan20220PE.NFO,07/01/2020,12:45:40,1.5,1.6,6000,1.8,1200,0,31200
IBULHSGFIN30Jan20220PE.NFO,07/01/2020,12:45:48,1.5,1.6,2400,1.8,1200,0,31200
IBULHSGFIN30Jan20220PE.NFO,07/01/2020,12:45:54,1.5,1.6,1200,1.8,1200,0,31200
IBULHSGFIN30Jan20220PE.NFO,07/01/2020,12:46:15,1.5,1.6,4800,1.8,1200,0,31200
IBULHSGFIN30Jan20220PE.NFO,07/01/2020,12:46:20,1.5,1.6,1200,1.8,1200,0,31200
IBULHSGFIN30Jan20220PE.NFO,07/01/2020,12:46:54,1.5,1.55,3600,1.8,1200,0,31200
IBULHSGFIN30Jan20220PE.NFO,07/01/2020,12:46:57,1.5,1.5,3600,1.8,1200,0,31200
IBULHSGFIN30Jan20220PE.NFO,07/01/2020,12:47:04,1.5,1.5,4800,1.8,1200,0,31200
IBULHSGFIN30Jan20220PE.NFO,07/01/2020,12:47:08,1.5,1.5,3600,1.8,1200,0,31200
IBULHSGFIN30Jan20220PE.NFO,07/01/2020,12:47:11,1.5,1.55,3600,1.8,1200,0,31200
IBULHSGFIN30Jan20220PE.NFO,07/01/2020,12:47:12,1.5,1.55,4800,1.8,1200,0,31200
IBULHSGFIN30Jan20220PE.NFO,07/01/2020,12:47:52,1.5,1.55,4800,1.75,1200,0,31200
IBULHSGFIN30Jan20220PE.NFO,07/01/2020,12:48:00,1.5,1.55,1200,1.75,1200,0,31200
IBULHSGFIN30Jan20220PE.NFO,07/01/2020,12:48:12,1.5,1.5,4800,1.75,1200,0,31200
IBULHSGFIN30Jan20220PE.NFO,07/01/2020,12:48:15,1.5,1.55,1200,1.75,1200,0,31200
IBULHSGFIN30Jan20220PE.NFO,07/01/2020,12:48:27,1.5,1.55,4800,1.75,1200,0,31200
IBULHSGFIN30Jan20220PE.NFO,07/01/2020,12:48:33,1.5,1.55,1200,1.75,1200,0,31200
IBULHSGFIN30Jan20220PE.NFO,07/01/2020,12:48:43,1.5,1.5,4800,1.75,1200,0,31200
IBULHSGFIN30Jan20220PE.NFO,07/01/2020,12:48:47,1.5,1.55,1200,1.75,1200,0,31200
IBULHSGFIN30Jan20220PE.NFO,07/01/2020,12:50:26,1.5,1.5,4800,1.75,1200,0,31200
IBULHSGFIN30Jan20220PE.NFO,07/01/2020,12:50:30,1.5,1.55,1200,1.75,1200,0,31200
IBULHSGFIN30Jan20220PE.NFO,07/01/2020,12:51:44,1.5,1.55,4800,1.75,1200,0,31200
IBULHSGFIN30Jan20220PE.NFO,07/01/2020,12:51:54,1.5,1.55,1200,1.75,1200,0,31200
IBULHSGFIN30Jan20220PE.NFO,07/01/2020,12:52:17,1.5,1.55,4800,1.75,1200,0,31200
IBULHSGFIN30Jan20220PE.NFO,07/01/2020,12:56:05,1.5,1.6,1200,1.75,1200,0,31200
IBULHSGFIN30Jan20220PE.NFO,07/01/2020,12:56:09,1.5,1.55,3600,1.75,1200,0,31200
IBULHSGFIN30Jan20220PE.NFO,07/01/2020,12:56:12,1.5,1.5,4800,1.75,1200,0,31200
IBULHSGFIN30Jan20220PE.NFO,07/01/2020,12:56:16,1.5,1.5,3600,1.75,1200,0,31200
IBULHSGFIN30Jan20220PE.NFO,07/01/2020,12:56:20,1.5,1.5,4800,1.75,1200,0,31200
IBULHSGFIN30Jan20220PE.NFO,07/01/2020,12:56:24,1.5,1.5,3600,1.75,1200,0,31200
IBULHSGFIN30Jan20220PE.NFO,07/01/2020,12:56:28,1.5,1.5,4800,1.75,1200,0,31200
IBULHSGFIN30Jan20220PE.NFO,07/01/2020,12:56:31,1.5,1.55,3600,1.75,1200,0,31200
IBULHSGFIN30Jan20220PE.NFO,07/01/2020,12:56:35,1.5,1.5,4800,1.75,1200,0,31200
IBULHSGFIN30Jan20220PE.NFO,07/01/2020,12:56:44,1.5,1.55,3600,1.75,1200,0,31200
IBULHSGFIN30Jan20220PE.NFO,07/01/2020,12:56:53,1.5,1.5,3600,1.75,1200,0,31200
IBULHSGFIN30Jan20220PE.NFO,07/01/2020,12:56:59,1.5,1.55,3600,1.75,1200,0,31200
IBULHSGFIN30Jan20220PE.NFO,07/01/2020,12:57:02,1.5,1.5,4800,1.75,1200,0,31200
IBULHSGFIN30Jan20220PE.NFO,07/01/2020,12:57:06,1.5,1.5,3600,1.75,1200,0,31200
IBULHSGFIN30Jan20220PE.NFO,07/01/2020,12:57:09,1.5,1.5,4800,1.75,1200,0,31200
IBULHSGFIN30Jan20220PE.NFO,07/01/2020,12:57:12,1.5,1.5,3600,1.75,1200,0,31200
IBULHSGFIN30Jan20220PE.NFO,07/01/2020,12:57:13,1.5,1.55,3600,1.75,1200,0,31200
IBULHSGFIN30Jan20220PE.NFO,07/01/2020,12:57:15,1.5,1.5,4800,1.75,1200,0,31200
IBULHSGFIN30Jan20220PE.NFO,07/01/2020,12:57:17,1.5,1.5,3600,1.75,1200,0,31200
IBULHSGFIN30Jan20220PE.NFO,07/01/2020,12:57:20,1.5,1.55,3600,1.75,1200,0,31200
IBULHSGFIN30Jan20220PE.NFO,07/01/2020,12:57:21,1.5,1.5,3600,1.75,1200,0,31200
IBULHSGFIN30Jan20220PE.NFO,07/01/2020,12:57:22,1.5,1.5,4800,1.75,1200,0,31200
IBULHSGFIN30Jan20220PE.NFO,07/01/2020,12:57:23,1.5,1.55,3600,1.75,1200,0,31200
IBULHSGFIN30Jan20220PE.NFO,07/01/2020,12:57:29,1.5,1.5,4800,1.75,1200,0,31200
IBULHSGFIN30Jan20220PE.NFO,07/01/2020,12:57:30,1.5,1.55,3600,1.75,1200,0,31200
IBULHSGFIN30Jan20220PE.NFO,07/01/2020,12:57:31,1.5,1.5,4800,1.75,1200,0,31200
IBULHSGFIN30Jan20220PE.NFO,07/01/2020,12:57:32,1.5,1.55,3600,1.75,1200,0,31200
IBULHSGFIN30Jan20220PE.NFO,07/01/2020,12:57:34,1.5,1.5,4800,1.75,1200,0,31200
IBULHSGFIN30Jan20220PE.NFO,07/01/2020,12:57:36,1.5,1.55,3600,1.75,1200,0,31200
IBULHSGFIN30Jan20220PE.NFO,07/01/2020,12:57:39,1.5,1.5,4800,1.75,1200,0,31200
IBULHSGFIN30Jan20220PE.NFO,07/01/2020,12:57:40,1.5,1.55,3600,1.75,1200,0,31200
IBULHSGFIN30Jan20220PE.NFO,07/01/2020,12:57:42,1.5,1.5,4800,1.75,1200,0,31200
IBULHSGFIN30Jan20220PE.NFO,07/01/2020,12:57:43,1.5,1.6,3600,1.75,1200,0,31200
IBULHSGFIN30Jan20220PE.NFO,07/01/2020,12:57:44,1.5,1.5,4800,1.75,1200,0,31200
IBULHSGFIN30Jan20220PE.NFO,07/01/2020,12:57:45,1.5,1.6,3600,1.75,1200,0,31200
IBULHSGFIN30Jan20220PE.NFO,07/01/2020,12:57:46,1.5,1.55,3600,1.75,1200,0,31200
IBULHSGFIN30Jan20220PE.NFO,07/01/2020,12:57:47,1.5,1.6,3600,1.75,1200,0,31200
IBULHSGFIN30Jan20220PE.NFO,07/01/2020,12:57:49,1.5,1.5,4800,1.75,1200,0,31200
IBULHSGFIN30Jan20220PE.NFO,07/01/2020,12:57:50,1.5,1.55,3600,1.75,1200,0,31200
IBULHSGFIN30Jan20220PE.NFO,07/01/2020,12:57:51,1.5,1.6,3600,1.75,1200,0,31200
IBULHSGFIN30Jan20220PE.NFO,07/01/2020,12:57:52,1.5,1.5,3600,1.75,1200,0,31200
IBULHSGFIN30Jan20220PE.NFO,07/01/2020,12:57:54,1.5,1.55,3600,1.75,1200,0,31200
IBULHSGFIN30Jan20220PE.NFO,07/01/2020,12:57:56,1.5,1.5,4800,1.75,1200,0,31200
IBULHSGFIN30Jan20220PE.NFO,07/01/2020,12:57:58,1.5,1.55,3600,1.75,1200,0,31200
IBULHSGFIN30Jan20220PE.NFO,07/01/2020,12:57:59,1.5,1.5,3600,1.75,1200,0,31200
IBULHSGFIN30Jan20220PE.NFO,07/01/2020,12:58:00,1.5,1.55,3600,1.75,1200,0,31200
IBULHSGFIN30Jan20220PE.NFO,07/01/2020,12:58:02,1.5,1.5,4800,1.75,1200,0,31200
IBULHSGFIN30Jan20220PE.NFO,07/01/2020,12:58:03,1.5,1.6,3600,1.75,1200,0,31200
IBULHSGFIN30Jan20220PE.NFO,07/01/2020,12:58:04,1.5,1.5,4800,1.75,1200,0,31200
IBULHSGFIN30Jan20220PE.NFO,07/01/2020,12:58:06,1.5,1.55,3600,1.75,1200,0,31200
IBULHSGFIN30Jan20220PE.NFO,07/01/2020,12:58:07,1.5,1.5,3600,1.75,1200,0,31200
IBULHSGFIN30Jan20220PE.NFO,07/01/2020,12:58:08,1.5,1.5,4800,1.75,1200,0,31200
IBULHSGFIN30Jan20220PE.NFO,07/01/2020,12:58:09,1.5,1.5,4800,1.8,1200,0,31200
IBULHSGFIN30Jan20220PE.NFO,07/01/2020,12:58:11,1.5,1.55,3600,1.8,1200,0,31200
IBULHSGFIN30Jan20220PE.NFO,07/01/2020,12:58:12,1.5,1.6,3600,1.8,1200,0,31200
IBULHSGFIN30Jan20220PE.NFO,07/01/2020,12:58:13,1.5,1.5,3600,1.8,1200,0,31200
IBULHSGFIN30Jan20220PE.NFO,07/01/2020,12:58:14,1.5,1.55,3600,1.8,1200,0,31200
IBULHSGFIN30Jan20220PE.NFO,07/01/2020,12:58:15,1.5,1.55,3600,1.75,1200,0,31200
IBULHSGFIN30Jan20220PE.NFO,07/01/2020,12:58:16,1.5,1.5,4800,1.75,1200,0,31200
IBULHSGFIN30Jan20220PE.NFO,07/01/2020,12:58:17,1.5,1.5,3600,1.75,1200,0,31200
IBULHSGFIN30Jan20220PE.NFO,07/01/2020,12:58:18,1.5,1.55,3600,1.75,1200,0,31200
IBULHSGFIN30Jan20220PE.NFO,07/01/2020,12:58:19,1.5,1.6,3600,1.75,1200,0,31200
IBULHSGFIN30Jan20220PE.NFO,07/01/2020,12:58:20,1.5,1.55,3600,1.75,1200,0,31200
IBULHSGFIN30Jan20220PE.NFO,07/01/2020,12:58:21,1.5,1.5,3600,1.75,1200,0,31200
IBULHSGFIN30Jan20220PE.NFO,07/01/2020,12:58:23,1.5,1.55,3600,1.75,1200,0,31200
IBULHSGFIN30Jan20220PE.NFO,07/01/2020,12:58:24,1.5,1.5,4800,1.75,1200,0,31200
IBULHSGFIN30Jan20220PE.NFO,07/01/2020,12:58:25,1.5,1.55,3600,1.75,1200,0,31200
IBULHSGFIN30Jan20220PE.NFO,07/01/2020,12:58:28,1.5,1.6,3600,1.75,1200,0,31200
IBULHSGFIN30Jan20220PE.NFO,07/01/2020,12:58:30,1.5,1.55,3600,1.75,1200,0,31200
IBULHSGFIN30Jan20220PE.NFO,07/01/2020,12:58:31,1.5,1.5,3600,1.75,1200,0,31200
IBULHSGFIN30Jan20220PE.NFO,07/01/2020,12:58:32,1.5,1.55,3600,1.75,1200,0,31200
IBULHSGFIN30Jan20220PE.NFO,07/01/2020,12:58:35,1.5,1.6,3600,1.75,1200,0,31200
IBULHSGFIN30Jan20220PE.NFO,07/01/2020,12:58:36,1.5,1.55,3600,1.75,1200,0,31200
IBULHSGFIN30Jan20220PE.NFO,07/01/2020,12:58:37,1.5,1.6,3600,1.75,1200,0,31200
IBULHSGFIN30Jan20220PE.NFO,07/01/2020,12:58:38,1.5,1.5,4800,1.75,1200,0,31200
IBULHSGFIN30Jan20220PE.NFO,07/01/2020,12:58:39,1.5,1.6,3600,1.75,1200,0,31200
IBULHSGFIN30Jan20220PE.NFO,07/01/2020,12:58:40,1.5,1.5,3600,1.75,1200,0,31200
IBULHSGFIN30Jan20220PE.NFO,07/01/2020,12:58:41,1.5,1.5,4800,1.75,1200,0,31200
IBULHSGFIN30Jan20220PE.NFO,07/01/2020,12:58:42,1.5,1.5,3600,1.75,1200,0,31200
IBULHSGFIN30Jan20220PE.NFO,07/01/2020,12:58:43,1.5,1.6,3600,1.75,1200,0,31200
IBULHSGFIN30Jan20220PE.NFO,07/01/2020,12:58:44,1.5,1.5,4800,1.75,1200,0,31200
IBULHSGFIN30Jan20220PE.NFO,07/01/2020,12:58:45,1.5,1.55,3600,1.75,1200,0,31200
IBULHSGFIN30Jan20220PE.NFO,07/01/2020,12:58:46,1.5,1.6,3600,1.75,1200,0,31200
IBULHSGFIN30Jan20220PE.NFO,07/01/2020,12:58:47,1.5,1.55,3600,1.75,1200,0,31200
IBULHSGFIN30Jan20220PE.NFO,07/01/2020,12:58:48,1.5,1.5,3600,1.75,1200,0,31200
IBULHSGFIN30Jan20220PE.NFO,07/01/2020,12:58:49,1.5,1.55,3600,1.75,1200,0,31200
IBULHSGFIN30Jan20220PE.NFO,07/01/2020,12:58:52,1.5,1.5,4800,1.75,1200,0,31200
IBULHSGFIN30Jan20220PE.NFO,07/01/2020,12:58:53,1.5,1.55,3600,1.75,1200,0,31200
IBULHSGFIN30Jan20220PE.NFO,07/01/2020,12:58:55,1.5,1.5,3600,1.75,1200,0,31200
IBULHSGFIN30Jan20220PE.NFO,07/01/2020,12:58:56,1.5,1.6,3600,1.75,1200,0,31200
IBULHSGFIN30Jan20220PE.NFO,07/01/2020,12:58:57,1.5,1.55,3600,1.75,1200,0,31200
IBULHSGFIN30Jan20220PE.NFO,07/01/2020,12:58:58,1.5,1.6,3600,1.75,1200,0,31200
IBULHSGFIN30Jan20220PE.NFO,07/01/2020,12:58:59,1.5,1.5,4800,1.75,1200,0,31200
IBULHSGFIN30Jan20220PE.NFO,07/01/2020,12:59:01,1.5,1.6,3600,1.75,1200,0,31200
IBULHSGFIN30Jan20220PE.NFO,07/01/2020,12:59:02,1.5,1.55,3600,1.75,1200,0,31200
IBULHSGFIN30Jan20220PE.NFO,07/01/2020,12:59:03,1.5,1.5,3600,1.75,1200,0,31200
IBULHSGFIN30Jan20220PE.NFO,07/01/2020,12:59:04,1.5,1.55,3600,1.75,1200,0,31200
IBULHSGFIN30Jan20220PE.NFO,07/01/2020,12:59:05,1.5,1.5,4800,1.75,1200,0,31200
IBULHSGFIN30Jan20220PE.NFO,07/01/2020,12:59:06,1.5,1.55,3600,1.75,1200,0,31200
IBULHSGFIN30Jan20220PE.NFO,07/01/2020,12:59:08,1.5,1.5,3600,1.75,1200,0,31200
IBULHSGFIN30Jan20220PE.NFO,07/01/2020,12:59:09,1.5,1.55,3600,1.75,1200,0,31200
IBULHSGFIN30Jan20220PE.NFO,07/01/2020,12:59:10,1.5,1.5,3600,1.75,1200,0,31200
IBULHSGFIN30Jan20220PE.NFO,07/01/2020,12:59:11,1.5,1.55,3600,1.75,1200,0,31200
IBULHSGFIN30Jan20220PE.NFO,07/01/2020,12:59:13,1.5,1.5,4800,1.75,1200,0,31200
IBULHSGFIN30Jan20220PE.NFO,07/01/2020,12:59:14,1.5,1.55,3600,1.75,1200,0,31200
IBULHSGFIN30Jan20220PE.NFO,07/01/2020,12:59:16,1.5,1.6,3600,1.75,1200,0,31200
IBULHSGFIN30Jan20220PE.NFO,07/01/2020,12:59:17,1.5,1.5,3600,1.75,1200,0,31200
IBULHSGFIN30Jan20220PE.NFO,07/01/2020,12:59:19,1.5,1.55,3600,1.75,1200,0,31200
IBULHSGFIN30Jan20220PE.NFO,07/01/2020,12:59:21,1.5,1.5,3600,1.75,1200,0,31200
IBULHSGFIN30Jan20220PE.NFO,07/01/2020,12:59:23,1.5,1.5,4800,1.75,1200,0,31200
IBULHSGFIN30Jan20220PE.NFO,07/01/2020,12:59:24,1.5,1.6,3600,1.75,1200,0,31200
IBULHSGFIN30Jan20220PE.NFO,07/01/2020,12:59:25,1.5,1.55,3600,1.75,1200,0,31200
IBULHSGFIN30Jan20220PE.NFO,07/01/2020,12:59:26,1.5,1.5,4800,1.75,1200,0,31200
IBULHSGFIN30Jan20220PE.NFO,07/01/2020,12:59:27,1.5,1.55,3600,1.75,1200,0,31200
IBULHSGFIN30Jan20220PE.NFO,07/01/2020,12:59:28,1.5,1.5,3600,1.75,1200,0,31200
IBULHSGFIN30Jan20220PE.NFO,07/01/2020,12:59:29,1.5,1.6,3600,1.75,1200,0,31200
IBULHSGFIN30Jan20220PE.NFO,07/01/2020,12:59:30,1.5,1.55,3600,1.75,1200,0,31200
IBULHSGFIN30Jan20220PE.NFO,07/01/2020,12:59:37,1.5,1.5,4800,1.75,1200,0,31200
IBULHSGFIN30Jan20220PE.NFO,07/01/2020,12:59:39,1.5,1.5,3600,1.75,1200,0,31200
IBULHSGFIN30Jan20220PE.NFO,07/01/2020,12:59:40,1.5,1.5,4800,1.75,1200,0,31200
IBULHSGFIN30Jan20220PE.NFO,07/01/2020,12:59:41,1.5,1.5,3600,1.75,1200,0,31200
IBULHSGFIN30Jan20220PE.NFO,07/01/2020,12:59:42,1.5,1.55,3600,1.75,1200,0,31200
IBULHSGFIN30Jan20220PE.NFO,07/01/2020,12:59:46,1.5,1.5,4800,1.75,1200,0,31200
IBULHSGFIN30Jan20220PE.NFO,07/01/2020,12:59:47,1.5,1.55,3600,1.75,1200,0,31200
IBULHSGFIN30Jan20220PE.NFO,07/01/2020,12:59:48,1.5,1.5,4800,1.75,1200,0,31200
IBULHSGFIN30Jan20220PE.NFO,07/01/2020,12:59:49,1.5,1.55,3600,1.75,1200,0,31200
IBULHSGFIN30Jan20220PE.NFO,07/01/2020,12:59:50,1.5,1.6,3600,1.75,1200,0,31200
IBULHSGFIN30Jan20220PE.NFO,07/01/2020,12:59:51,1.5,1.5,4800,1.75,1200,0,31200
IBULHSGFIN30Jan20220PE.NFO,07/01/2020,12:59:52,1.5,1.55,3600,1.75,1200,0,31200
IBULHSGFIN30Jan20220PE.NFO,07/01/2020,12:59:54,1.5,1.5,4800,1.75,1200,0,31200
IBULHSGFIN30Jan20220PE.NFO,07/01/2020,12:59:55,1.5,1.6,3600,1.75,1200,0,31200
IBULHSGFIN30Jan20220PE.NFO,07/01/2020,12:59:56,1.5,1.5,4800,1.75,1200,0,31200
IBULHSGFIN30Jan20220PE.NFO,07/01/2020,12:59:57,1.5,1.55,3600,1.75,1200,0,31200
IBULHSGFIN30Jan20220PE.NFO,07/01/2020,12:59:58,1.5,1.6,3600,1.75,1200,0,31200
IBULHSGFIN30Jan20220PE.NFO,07/01/2020,13:00:02,1.5,1.5,3600,1.75,1200,0,31200
IBULHSGFIN30Jan20220PE.NFO,07/01/2020,13:00:03,1.5,1.6,3600,1.75,1200,0,31200
IBULHSGFIN30Jan20220PE.NFO,07/01/2020,13:00:04,1.5,1.55,1200,1.75,1200,0,31200
IBULHSGFIN30Jan20220PE.NFO,07/01/2020,13:00:05,1.5,1.5,3600,1.75,1200,0,31200
IBULHSGFIN30Jan20220PE.NFO,07/01/2020,13:00:06,1.5,1.55,1200,1.75,1200,0,31200
IBULHSGFIN30Jan20220PE.NFO,07/01/2020,13:00:07,1.5,1.6,3600,1.75,1200,0,31200
IBULHSGFIN30Jan20220PE.NFO,07/01/2020,13:00:08,1.5,1.5,3600,1.75,1200,0,31200
IBULHSGFIN30Jan20220PE.NFO,07/01/2020,13:00:09,1.5,1.55,1200,1.85,1200,0,31200
IBULHSGFIN30Jan20220PE.NFO,07/01/2020,13:00:10,1.5,1.6,3600,1.85,1200,0,31200
IBULHSGFIN30Jan20220PE.NFO,07/01/2020,13:00:11,1.5,1.55,1200,1.85,1200,0,31200
IBULHSGFIN30Jan20220PE.NFO,07/01/2020,13:00:12,1.5,1.5,3600,1.85,1200,0,31200
IBULHSGFIN30Jan20220PE.NFO,07/01/2020,13:00:13,1.5,1.55,1200,1.85,1200,0,31200
IBULHSGFIN30Jan20220PE.NFO,07/01/2020,13:00:14,1.5,1.6,3600,1.85,1200,0,31200
IBULHSGFIN30Jan20220PE.NFO,07/01/2020,13:00:16,1.5,1.5,3600,1.85,1200,0,31200
IBULHSGFIN30Jan20220PE.NFO,07/01/2020,13:00:17,1.5,1.6,3600,1.85,1200,0,31200
IBULHSGFIN30Jan20220PE.NFO,07/01/2020,13:00:18,1.5,1.55,3600,1.85,1200,0,31200
IBULHSGFIN30Jan20220PE.NFO,07/01/2020,13:00:19,1.5,1.5,3600,1.85,1200,0,31200
IBULHSGFIN30Jan20220PE.NFO,07/01/2020,13:00:20,1.5,1.6,3600,1.85,1200,0,31200
IBULHSGFIN30Jan20220PE.NFO,07/01/2020,13:00:21,1.5,1.55,1200,1.85,1200,0,31200
IBULHSGFIN30Jan20220PE.NFO,07/01/2020,13:00:22,1.5,1.6,3600,1.85,1200,0,31200
IBULHSGFIN30Jan20220PE.NFO,07/01/2020,13:00:23,1.5,1.55,3600,1.85,1200,0,31200
IBULHSGFIN30Jan20220PE.NFO,07/01/2020,13:00:24,1.5,1.55,1200,1.8,1200,0,31200
IBULHSGFIN30Jan20220PE.NFO,07/01/2020,13:00:25,1.5,1.6,3600,1.8,1200,0,31200
IBULHSGFIN30Jan20220PE.NFO,07/01/2020,13:00:26,1.5,1.6,4800,1.8,1200,0,31200
IBULHSGFIN30Jan20220PE.NFO,07/01/2020,13:01:00,1.5,1.6,1200,1.8,1200,0,31200
IBULHSGFIN30Jan20220PE.NFO,07/01/2020,13:01:02,1.5,1.65,3600,1.8,1200,0,31200
IBULHSGFIN30Jan20220PE.NFO,07/01/2020,13:01:03,1.5,1.6,1200,1.8,1200,0,31200
IBULHSGFIN30Jan20220PE.NFO,07/01/2020,13:01:09,1.5,1.65,3600,1.8,1200,0,31200
IBULHSGFIN30Jan20220PE.NFO,07/01/2020,13:01:12,1.5,1.6,1200,1.8,1200,0,31200
IBULHSGFIN30Jan20220PE.NFO,07/01/2020,13:01:13,1.5,1.65,3600,1.8,1200,0,31200
IBULHSGFIN30Jan20220PE.NFO,07/01/2020,13:01:17,1.5,1.6,1200,1.8,1200,0,31200
IBULHSGFIN30Jan20220PE.NFO,07/01/2020,13:01:18,1.5,1.65,3600,1.8,1200,0,31200
IBULHSGFIN30Jan20220PE.NFO,07/01/2020,13:01:20,1.5,1.6,1200,1.8,1200,0,31200
IBULHSGFIN30Jan20220PE.NFO,07/01/2020,13:01:22,1.5,1.65,3600,1.8,1200,0,31200
IBULHSGFIN30Jan20220PE.NFO,07/01/2020,13:01:23,1.5,1.6,1200,1.8,1200,0,31200
IBULHSGFIN30Jan20220PE.NFO,07/01/2020,13:01:26,1.5,1.65,3600,1.8,1200,0,31200
IBULHSGFIN30Jan20220PE.NFO,07/01/2020,13:01:27,1.5,1.6,1200,1.8,1200,0,31200
IBULHSGFIN30Jan20220PE.NFO,07/01/2020,13:01:30,1.5,1.65,3600,1.8,1200,0,31200
IBULHSGFIN30Jan20220PE.NFO,07/01/2020,13:01:32,1.5,1.6,1200,1.8,1200,0,31200
IBULHSGFIN30Jan20220PE.NFO,07/01/2020,13:01:34,1.5,1.65,3600,1.8,1200,0,31200
IBULHSGFIN30Jan20220PE.NFO,07/01/2020,13:01:35,1.5,1.6,1200,1.8,1200,0,31200
IBULHSGFIN30Jan20220PE.NFO,07/01/2020,13:01:37,1.5,1.65,3600,1.8,1200,0,31200
IBULHSGFIN30Jan20220PE.NFO,07/01/2020,13:01:38,1.5,1.6,1200,1.8,1200,0,31200
IBULHSGFIN30Jan20220PE.NFO,07/01/2020,13:01:39,1.5,1.65,3600,1.8,1200,0,31200
IBULHSGFIN30Jan20220PE.NFO,07/01/2020,13:01:48,1.5,1.6,1200,1.8,1200,0,31200
IBULHSGFIN30Jan20220PE.NFO,07/01/2020,13:01:50,1.5,1.65,3600,1.8,1200,0,31200
IBULHSGFIN30Jan20220PE.NFO,07/01/2020,13:01:50,1.5,1.6,1200,1.8,1200,0,31200
IBULHSGFIN30Jan20220PE.NFO,07/01/2020,13:01:54,1.5,1.65,3600,1.8,1200,0,31200
IBULHSGFIN30Jan20220PE.NFO,07/01/2020,13:01:56,1.5,1.6,1200,1.8,1200,0,31200
IBULHSGFIN30Jan20220PE.NFO,07/01/2020,13:01:58,1.5,1.65,3600,1.8,1200,0,31200
IBULHSGFIN30Jan20220PE.NFO,07/01/2020,13:01:59,1.5,1.6,4800,1.8,1200,0,31200
IBULHSGFIN30Jan20220PE.NFO,07/01/2020,13:02:01,1.5,1.65,3600,1.8,1200,0,31200
IBULHSGFIN30Jan20220PE.NFO,07/01/2020,13:02:01,1.5,1.6,4800,1.8,1200,0,31200
IBULHSGFIN30Jan20220PE.NFO,07/01/2020,13:02:03,1.5,1.65,3600,1.8,1200,0,31200
IBULHSGFIN30Jan20220PE.NFO,07/01/2020,13:02:04,1.5,1.6,1200,1.8,1200,0,31200
IBULHSGFIN30Jan20220PE.NFO,07/01/2020,13:02:06,1.5,1.65,3600,1.8,1200,0,31200
IBULHSGFIN30Jan20220PE.NFO,07/01/2020,13:02:07,1.5,1.6,1200,1.8,1200,0,31200
IBULHSGFIN30Jan20220PE.NFO,07/01/2020,13:02:10,1.5,1.65,3600,1.8,1200,0,31200
IBULHSGFIN30Jan20220PE.NFO,07/01/2020,13:02:11,1.5,1.6,1200,1.8,1200,0,31200
IBULHSGFIN30Jan20220PE.NFO,07/01/2020,13:02:12,1.5,1.65,3600,1.8,1200,0,31200
IBULHSGFIN30Jan20220PE.NFO,07/01/2020,13:02:13,1.5,1.6,1200,1.8,1200,0,31200
IBULHSGFIN30Jan20220PE.NFO,07/01/2020,13:02:14,1.5,1.65,3600,1.8,1200,0,31200
IBULHSGFIN30Jan20220PE.NFO,07/01/2020,13:02:17,1.5,1.6,1200,1.8,1200,0,31200
IBULHSGFIN30Jan20220PE.NFO,07/01/2020,13:02:18,1.5,1.65,3600,1.8,1200,0,31200
IBULHSGFIN30Jan20220PE.NFO,07/01/2020,13:02:21,1.5,1.6,1200,1.8,1200,0,31200
IBULHSGFIN30Jan20220PE.NFO,07/01/2020,13:02:24,1.5,1.65,3600,1.8,1200,0,31200
IBULHSGFIN30Jan20220PE.NFO,07/01/2020,13:02:25,1.5,1.6,1200,1.8,1200,0,31200
IBULHSGFIN30Jan20220PE.NFO,07/01/2020,13:02:30,1.5,1.65,3600,1.8,1200,0,31200
IBULHSGFIN30Jan20220PE.NFO,07/01/2020,13:02:31,1.5,1.6,1200,1.8,1200,0,31200
IBULHSGFIN30Jan20220PE.NFO,07/01/2020,13:02:34,1.5,1.65,3600,1.8,1200,0,31200
IBULHSGFIN30Jan20220PE.NFO,07/01/2020,13:02:40,1.5,1.6,1200,1.8,1200,0,31200
IBULHSGFIN30Jan20220PE.NFO,07/01/2020,13:02:43,1.5,1.65,3600,1.8,1200,0,31200
IBULHSGFIN30Jan20220PE.NFO,07/01/2020,13:02:45,1.5,1.6,1200,1.8,1200,0,31200
IBULHSGFIN30Jan20220PE.NFO,07/01/2020,13:02:46,1.5,1.65,3600,1.8,1200,0,31200
IBULHSGFIN30Jan20220PE.NFO,07/01/2020,13:02:51,1.5,1.6,4800,1.8,1200,0,31200
IBULHSGFIN30Jan20220PE.NFO,07/01/2020,13:04:36,1.5,1.65,1200,1.8,1200,0,31200
IBULHSGFIN30Jan20220PE.NFO,07/01/2020,13:04:40,1.5,1.7,1200,1.8,1200,0,31200
IBULHSGFIN30Jan20220PE.NFO,07/01/2020,13:04:45,1.8,1.6,4800,1.85,1200,1200,30000
IBULHSGFIN30Jan20220PE.NFO,07/01/2020,13:04:52,1.8,1.65,3600,1.85,1200,0,30000
IBULHSGFIN30Jan20220PE.NFO,07/01/2020,13:05:06,1.8,1.6,2400,1.85,1200,0,30000
IBULHSGFIN30Jan20220PE.NFO,07/01/2020,13:05:13,1.8,1.65,3600,1.85,1200,0,30000
IBULHSGFIN30Jan20220PE.NFO,07/01/2020,13:05:15,1.8,1.65,1200,1.85,1200,0,30000
IBULHSGFIN30Jan20220PE.NFO,07/01/2020,13:05:15,1.8,1.6,2400,1.85,1200,0,30000
IBULHSGFIN30Jan20220PE.NFO,07/01/2020,13:05:16,1.8,1.65,1200,1.85,1200,0,30000
IBULHSGFIN30Jan20220PE.NFO,07/01/2020,13:05:17,1.8,1.6,1200,1.85,1200,0,30000
IBULHSGFIN30Jan20220PE.NFO,07/01/2020,13:05:18,1.8,1.65,3600,1.85,1200,0,30000
IBULHSGFIN30Jan20220PE.NFO,07/01/2020,13:05:19,1.8,1.6,1200,1.85,1200,0,30000
IBULHSGFIN30Jan20220PE.NFO,07/01/2020,13:05:20,1.8,1.65,3600,1.85,1200,0,30000
IBULHSGFIN30Jan20220PE.NFO,07/01/2020,13:05:21,1.8,1.65,1200,1.85,1200,0,30000
IBULHSGFIN30Jan20220PE.NFO,07/01/2020,13:05:22,1.8,1.6,1200,1.85,1200,0,30000
IBULHSGFIN30Jan20220PE.NFO,07/01/2020,13:05:23,1.8,1.65,3600,1.85,1200,0,30000
IBULHSGFIN30Jan20220PE.NFO,07/01/2020,13:05:27,1.8,1.65,4800,1.85,1200,0,30000
IBULHSGFIN30Jan20220PE.NFO,07/01/2020,13:05:28,1.8,1.65,3600,1.85,1200,0,30000
IBULHSGFIN30Jan20220PE.NFO,07/01/2020,13:05:29,1.8,1.6,1200,1.85,1200,0,30000
IBULHSGFIN30Jan20220PE.NFO,07/01/2020,13:05:30,1.8,1.65,3600,1.85,1200,0,30000
IBULHSGFIN30Jan20220PE.NFO,07/01/2020,13:05:32,1.8,1.6,1200,1.85,1200,0,30000
IBULHSGFIN30Jan20220PE.NFO,07/01/2020,13:05:33,1.8,1.65,3600,1.85,1200,0,30000
IBULHSGFIN30Jan20220PE.NFO,07/01/2020,13:05:36,1.8,1.6,1200,1.85,1200,0,30000
IBULHSGFIN30Jan20220PE.NFO,07/01/2020,13:05:37,1.8,1.65,3600,1.85,1200,0,30000
IBULHSGFIN30Jan20220PE.NFO,07/01/2020,13:05:38,1.8,1.6,2400,1.85,1200,0,30000
IBULHSGFIN30Jan20220PE.NFO,07/01/2020,13:05:40,1.8,1.65,3600,1.85,1200,0,30000
IBULHSGFIN30Jan20220PE.NFO,07/01/2020,13:05:41,1.8,1.65,4800,1.85,1200,0,30000
IBULHSGFIN30Jan20220PE.NFO,07/01/2020,13:05:43,1.8,1.6,2400,1.85,1200,0,30000
IBULHSGFIN30Jan20220PE.NFO,07/01/2020,13:05:45,1.8,1.65,3600,1.85,1200,0,30000
IBULHSGFIN30Jan20220PE.NFO,07/01/2020,13:05:46,1.8,1.6,1200,1.85,1200,0,30000
IBULHSGFIN30Jan20220PE.NFO,07/01/2020,13:05:47,1.8,1.6,2400,1.85,1200,0,30000
IBULHSGFIN30Jan20220PE.NFO,07/01/2020,13:05:49,1.8,1.65,3600,1.85,1200,0,30000
IBULHSGFIN30Jan20220PE.NFO,07/01/2020,13:05:51,1.8,1.65,4800,1.85,1200,0,30000
IBULHSGFIN30Jan20220PE.NFO,07/01/2020,13:05:52,1.8,1.65,3600,1.85,1200,0,30000
IBULHSGFIN30Jan20220PE.NFO,07/01/2020,13:05:53,1.8,1.6,1200,1.85,1200,0,30000
IBULHSGFIN30Jan20220PE.NFO,07/01/2020,13:05:54,1.8,1.65,3600,1.85,1200,0,30000
IBULHSGFIN30Jan20220PE.NFO,07/01/2020,13:05:57,1.8,1.6,2400,1.85,1200,0,30000
IBULHSGFIN30Jan20220PE.NFO,07/01/2020,13:05:58,1.8,1.65,4800,1.85,1200,0,30000
IBULHSGFIN30Jan20220PE.NFO,07/01/2020,13:06:00,1.8,1.6,2400,1.95,1200,0,30000
IBULHSGFIN30Jan20220PE.NFO,07/01/2020,13:06:02,1.8,1.65,3600,1.95,1200,0,30000
IBULHSGFIN30Jan20220PE.NFO,07/01/2020,13:06:08,1.8,1.6,2400,1.95,1200,0,30000
IBULHSGFIN30Jan20220PE.NFO,07/01/2020,13:06:09,1.8,1.65,3600,1.95,1200,0,30000
IBULHSGFIN30Jan20220PE.NFO,07/01/2020,13:06:11,1.8,1.6,1200,1.95,1200,0,30000
IBULHSGFIN30Jan20220PE.NFO,07/01/2020,13:06:11,1.8,1.6,2400,1.95,1200,0,30000
IBULHSGFIN30Jan20220PE.NFO,07/01/2020,13:06:12,1.8,1.65,3600,1.95,1200,0,30000
IBULHSGFIN30Jan20220PE.NFO,07/01/2020,13:06:13,1.8,1.65,1200,1.95,1200,0,30000
IBULHSGFIN30Jan20220PE.NFO,07/01/2020,13:06:14,1.8,1.6,1200,1.95,1200,0,30000
IBULHSGFIN30Jan20220PE.NFO,07/01/2020,13:06:15,1.8,1.65,3600,1.95,1200,0,30000
IBULHSGFIN30Jan20220PE.NFO,07/01/2020,13:06:18,1.8,1.65,4800,1.95,1200,0,30000
IBULHSGFIN30Jan20220PE.NFO,07/01/2020,13:06:19,1.8,1.65,3600,1.95,1200,0,30000
IBULHSGFIN30Jan20220PE.NFO,07/01/2020,13:06:20,1.8,1.6,1200,1.95,1200,0,30000
IBULHSGFIN30Jan20220PE.NFO,07/01/2020,13:06:22,1.8,1.65,3600,1.95,1200,0,30000
IBULHSGFIN30Jan20220PE.NFO,07/01/2020,13:06:23,1.8,1.65,4800,1.95,1200,0,30000
IBULHSGFIN30Jan20220PE.NFO,07/01/2020,13:06:25,1.8,1.65,3600,1.95,1200,0,30000
IBULHSGFIN30Jan20220PE.NFO,07/01/2020,13:06:26,1.8,1.65,4800,1.95,1200,0,30000
IBULHSGFIN30Jan20220PE.NFO,07/01/2020,13:06:27,1.8,1.65,1200,1.95,1200,0,30000
IBULHSGFIN30Jan20220PE.NFO,07/01/2020,13:06:28,1.8,1.6,1200,1.95,1200,0,30000
IBULHSGFIN30Jan20220PE.NFO,07/01/2020,13:06:29,1.8,1.65,3600,1.95,1200,0,30000
IBULHSGFIN30Jan20220PE.NFO,07/01/2020,13:06:29,1.8,1.65,4800,1.95,1200,0,30000
IBULHSGFIN30Jan20220PE.NFO,07/01/2020,13:06:30,1.8,1.65,3600,1.95,1200,0,30000
IBULHSGFIN30Jan20220PE.NFO,07/01/2020,13:06:31,1.8,1.7,3600,1.95,1200,0,30000
IBULHSGFIN30Jan20220PE.NFO,07/01/2020,13:06:37,1.8,1.7,3600,1.9,1200,0,30000
IBULHSGFIN30Jan20220PE.NFO,07/01/2020,13:06:41,1.8,1.6,1200,1.9,1200,0,30000
IBULHSGFIN30Jan20220PE.NFO,07/01/2020,13:06:42,1.8,1.65,3600,1.9,1200,0,30000
IBULHSGFIN30Jan20220PE.NFO,07/01/2020,13:06:47,1.8,1.6,1200,1.9,1200,0,30000
IBULHSGFIN30Jan20220PE.NFO,07/01/2020,13:06:48,1.8,1.65,3600,1.9,1200,0,30000
IBULHSGFIN30Jan20220PE.NFO,07/01/2020,13:06:51,1.8,1.6,1200,1.9,1200,0,30000
IBULHSGFIN30Jan20220PE.NFO,07/01/2020,13:06:54,1.8,1.65,3600,1.9,1200,0,30000
IBULHSGFIN30Jan20220PE.NFO,07/01/2020,13:06:56,1.8,1.6,1200,1.9,1200,0,30000
IBULHSGFIN30Jan20220PE.NFO,07/01/2020,13:06:57,1.8,1.65,3600,1.9,1200,0,30000
IBULHSGFIN30Jan20220PE.NFO,07/01/2020,13:07:02,1.8,1.6,1200,1.9,1200,0,30000
IBULHSGFIN30Jan20220PE.NFO,07/01/2020,13:07:06,1.8,1.65,3600,1.9,1200,0,30000
IBULHSGFIN30Jan20220PE.NFO,07/01/2020,13:07:07,1.8,1.6,1200,1.9,1200,0,30000
IBULHSGFIN30Jan20220PE.NFO,07/01/2020,13:07:08,1.8,1.65,3600,1.9,1200,0,30000
IBULHSGFIN30Jan20220PE.NFO,07/01/2020,13:07:09,1.8,1.6,4800,1.9,1200,0,30000
IBULHSGFIN30Jan20220PE.NFO,07/01/2020,13:07:10,1.8,1.6,1200,1.9,1200,0,30000
IBULHSGFIN30Jan20220PE.NFO,07/01/2020,13:07:11,1.8,1.65,3600,1.9,1200,0,30000
IBULHSGFIN30Jan20220PE.NFO,07/01/2020,13:07:13,1.8,1.6,1200,1.9,1200,0,30000
IBULHSGFIN30Jan20220PE.NFO,07/01/2020,13:07:15,1.8,1.65,3600,1.85,1200,0,30000
IBULHSGFIN30Jan20220PE.NFO,07/01/2020,13:07:15,1.8,1.6,1200,1.85,1200,0,30000
IBULHSGFIN30Jan20220PE.NFO,07/01/2020,13:07:16,1.8,1.65,3600,1.85,1200,0,30000
IBULHSGFIN30Jan20220PE.NFO,07/01/2020,13:07:18,1.8,1.6,1200,1.85,1200,0,30000
IBULHSGFIN30Jan20220PE.NFO,07/01/2020,13:07:20,1.8,1.65,3600,1.85,1200,0,30000
IBULHSGFIN30Jan20220PE.NFO,07/01/2020,13:07:21,1.8,1.6,1200,1.85,1200,0,30000
IBULHSGFIN30Jan20220PE.NFO,07/01/2020,13:07:23,1.8,1.65,3600,1.85,1200,0,30000
IBULHSGFIN30Jan20220PE.NFO,07/01/2020,13:07:24,1.8,1.6,4800,1.85,1200,0,30000
IBULHSGFIN30Jan20220PE.NFO,07/01/2020,13:07:27,1.8,1.6,1200,1.85,1200,0,30000
IBULHSGFIN30Jan20220PE.NFO,07/01/2020,13:07:30,1.8,1.65,3600,1.85,1200,0,30000
IBULHSGFIN30Jan20220PE.NFO,07/01/2020,13:07:31,1.8,1.6,1200,1.85,1200,0,30000
IBULHSGFIN30Jan20220PE.NFO,07/01/2020,13:07:33,1.8,1.65,3600,1.85,1200,0,30000
IBULHSGFIN30Jan20220PE.NFO,07/01/2020,13:07:35,1.8,1.65,3600,1.8,1200,0,30000
IBULHSGFIN30Jan20220PE.NFO,07/01/2020,13:07:37,1.8,1.6,1200,1.8,1200,0,30000
IBULHSGFIN30Jan20220PE.NFO,07/01/2020,13:07:38,1.8,1.65,3600,1.8,1200,0,30000
IBULHSGFIN30Jan20220PE.NFO,07/01/2020,13:07:39,1.8,1.6,1200,1.8,1200,0,30000
IBULHSGFIN30Jan20220PE.NFO,07/01/2020,13:07:42,1.8,1.65,3600,1.8,1200,0,30000
IBULHSGFIN30Jan20220PE.NFO,07/01/2020,13:07:46,1.8,1.6,1200,1.8,1200,0,30000
IBULHSGFIN30Jan20220PE.NFO,07/01/2020,13:07:48,1.8,1.65,3600,1.8,1200,0,30000
IBULHSGFIN30Jan20220PE.NFO,07/01/2020,13:07:49,1.8,1.6,1200,1.8,1200,0,30000
IBULHSGFIN30Jan20220PE.NFO,07/01/2020,13:07:50,1.8,1.65,3600,1.85,1200,0,30000
IBULHSGFIN30Jan20220PE.NFO,07/01/2020,13:07:51,1.8,1.6,4800,1.85,1200,0,30000
IBULHSGFIN30Jan20220PE.NFO,07/01/2020,13:07:52,1.8,1.65,3600,1.85,1200,0,30000
IBULHSGFIN30Jan20220PE.NFO,07/01/2020,13:07:53,1.8,1.6,1200,1.85,1200,0,30000
IBULHSGFIN30Jan20220PE.NFO,07/01/2020,13:07:56,1.8,1.65,3600,1.85,1200,0,30000
IBULHSGFIN30Jan20220PE.NFO,07/01/2020,13:07:59,1.8,1.65,3600,1.95,1200,0,30000
IBULHSGFIN30Jan20220PE.NFO,07/01/2020,13:08:00,1.8,1.65,3600,1.9,1200,0,30000
IBULHSGFIN30Jan20220PE.NFO,07/01/2020,13:09:59,1.8,1.6,1200,1.9,1200,0,30000
IBULHSGFIN30Jan20220PE.NFO,07/01/2020,13:10:11,1.8,1.65,3600,1.9,1200,0,30000
IBULHSGFIN30Jan20220PE.NFO,07/01/2020,13:10:24,1.8,1.6,1200,1.9,1200,0,30000
IBULHSGFIN30Jan20220PE.NFO,07/01/2020,13:10:25,1.8,1.65,3600,1.9,1200,0,30000
IBULHSGFIN30Jan20220PE.NFO,07/01/2020,13:10:27,1.8,1.6,1200,1.9,1200,0,30000
IBULHSGFIN30Jan20220PE.NFO,07/01/2020,13:10:29,1.8,1.65,3600,1.9,1200,0,30000
IBULHSGFIN30Jan20220PE.NFO,07/01/2020,13:10:31,1.8,1.6,1200,1.9,1200,0,30000
IBULHSGFIN30Jan20220PE.NFO,07/01/2020,13:10:33,1.8,1.65,3600,1.9,1200,0,30000
IBULHSGFIN30Jan20220PE.NFO,07/01/2020,13:10:37,1.8,1.7,4800,1.9,1200,0,30000
IBULHSGFIN30Jan20220PE.NFO,07/01/2020,13:10:43,1.8,1.7,1200,1.9,1200,0,30000
IBULHSGFIN30Jan20220PE.NFO,07/01/2020,13:10:56,1.8,1.7,4800,1.9,1200,0,30000
IBULHSGFIN30Jan20220PE.NFO,07/01/2020,13:11:00,1.8,1.7,1200,1.9,1200,0,30000
IBULHSGFIN30Jan20220PE.NFO,07/01/2020,13:11:01,1.8,1.7,4800,1.9,1200,0,30000
IBULHSGFIN30Jan20220PE.NFO,07/01/2020,13:11:05,1.8,1.7,1200,1.9,1200,0,30000
IBULHSGFIN30Jan20220PE.NFO,07/01/2020,13:11:14,1.8,1.7,4800,1.9,1200,0,30000
IBULHSGFIN30Jan20220PE.NFO,07/01/2020,13:11:27,1.8,1.7,1200,1.9,1200,0,30000
IBULHSGFIN30Jan20220PE.NFO,07/01/2020,13:11:28,1.8,1.7,4800,1.9,1200,0,30000
IBULHSGFIN30Jan20220PE.NFO,07/01/2020,13:11:32,1.8,1.7,1200,1.9,1200,0,30000
IBULHSGFIN30Jan20220PE.NFO,07/01/2020,13:11:33,1.8,1.7,4800,1.9,1200,0,30000
IBULHSGFIN30Jan20220PE.NFO,07/01/2020,13:11:40,1.8,1.7,1200,1.9,1200,0,30000
IBULHSGFIN30Jan20220PE.NFO,07/01/2020,13:11:45,1.8,1.7,4800,1.9,1200,0,30000
IBULHSGFIN30Jan20220PE.NFO,07/01/2020,13:11:50,1.8,1.7,1200,1.9,1200,0,30000
IBULHSGFIN30Jan20220PE.NFO,07/01/2020,13:11:52,1.8,1.7,4800,1.9,1200,0,30000
IBULHSGFIN30Jan20220PE.NFO,07/01/2020,13:11:53,1.8,1.7,1200,1.9,1200,0,30000
IBULHSGFIN30Jan20220PE.NFO,07/01/2020,13:13:15,1.8,1.7,4800,1.9,1200,0,30000
IBULHSGFIN30Jan20220PE.NFO,07/01/2020,13:13:17,1.8,1.7,1200,1.9,1200,0,30000
IBULHSGFIN30Jan20220PE.NFO,07/01/2020,13:13:43,1.8,1.7,4800,1.9,1200,0,30000
IBULHSGFIN30Jan20220PE.NFO,07/01/2020,13:13:44,1.8,1.7,1200,1.9,1200,0,30000
IBULHSGFIN30Jan20220PE.NFO,07/01/2020,13:13:49,1.8,1.7,4800,1.9,1200,0,30000
IBULHSGFIN30Jan20220PE.NFO,07/01/2020,13:15:11,1.8,1.75,3600,1.95,1200,0,30000
IBULHSGFIN30Jan20220PE.NFO,07/01/2020,13:15:17,1.8,1.7,4800,1.95,1200,0,30000
IBULHSGFIN30Jan20220PE.NFO,07/01/2020,13:15:25,1.8,1.8,1200,1.95,1200,0,30000
IBULHSGFIN30Jan20220PE.NFO,07/01/2020,13:16:26,1.8,1.8,1200,2.35,1200,0,30000
IBULHSGFIN30Jan20220PE.NFO,07/01/2020,13:16:29,1.8,1.8,1200,2.15,1200,0,30000
IBULHSGFIN30Jan20220PE.NFO,07/01/2020,13:16:32,1.8,1.8,1200,1.95,1200,0,30000
IBULHSGFIN30Jan20220PE.NFO,07/01/2020,13:16:40,1.8,1.45,1200,1.95,1200,0,30000
IBULHSGFIN30Jan20220PE.NFO,07/01/2020,13:16:47,1.8,1.8,1200,1.95,1200,0,30000
IBULHSGFIN30Jan20220PE.NFO,07/01/2020,13:17:29,1.95,1.8,1200,2,1200,1200,28800
IBULHSGFIN30Jan20220PE.NFO,07/01/2020,13:17:36,1.95,1.8,1200,2.2,1200,0,28800
IBULHSGFIN30Jan20220PE.NFO,07/01/2020,13:18:07,1.95,1.85,1200,2.2,1200,0,28800
IBULHSGFIN30Jan20220PE.NFO,07/01/2020,13:18:47,1.9,1.7,2400,2.2,1200,1200,28800
IBULHSGFIN30Jan20220PE.NFO,07/01/2020,13:18:52,1.9,1.7,1200,2,1200,0,28800
IBULHSGFIN30Jan20220PE.NFO,07/01/2020,13:18:57,1.9,1.8,1200,2,1200,0,28800
IBULHSGFIN30Jan20220PE.NFO,07/01/2020,13:22:27,1.9,1.8,1200,2.3,1200,0,28800
IBULHSGFIN30Jan20220PE.NFO,07/01/2020,13:23:04,1.9,1.8,1200,2.25,1200,0,28800
IBULHSGFIN30Jan20220PE.NFO,07/01/2020,13:23:27,1.9,1.8,1200,2.3,2400,0,28800
IBULHSGFIN30Jan20220PE.NFO,07/01/2020,13:23:33,1.9,1.8,1200,2.25,1200,0,28800
IBULHSGFIN30Jan20220PE.NFO,07/01/2020,13:24:13,1.9,1.8,1200,2.2,1200,0,28800
IBULHSGFIN30Jan20220PE.NFO,07/01/2020,13:25:08,1.9,1.7,1200,2.1,1200,0,28800
IBULHSGFIN30Jan20220PE.NFO,07/01/2020,13:25:14,1.9,1.7,1200,2.15,1200,0,28800
IBULHSGFIN30Jan20220PE.NFO,07/01/2020,13:25:21,1.9,1.7,1200,2.1,1200,0,28800
IBULHSGFIN30Jan20220PE.NFO,07/01/2020,13:25:27,1.9,1.7,1200,2.1,2400,0,28800
IBULHSGFIN30Jan20220PE.NFO,07/01/2020,13:25:33,1.9,1.7,1200,2.1,1200,0,28800
IBULHSGFIN30Jan20220PE.NFO,07/01/2020,13:25:39,1.9,1.7,1200,2.1,2400,0,28800
IBULHSGFIN30Jan20220PE.NFO,07/01/2020,13:25:48,1.9,1.7,1200,2.1,1200,0,28800
IBULHSGFIN30Jan20220PE.NFO,07/01/2020,13:26:21,1.9,1.7,1200,2,1200,0,28800
IBULHSGFIN30Jan20220PE.NFO,07/01/2020,13:27:46,1.9,1.7,2400,2,1200,0,28800
IBULHSGFIN30Jan20220PE.NFO,07/01/2020,13:27:59,1.9,1.75,1200,2,1200,0,28800
IBULHSGFIN30Jan20220PE.NFO,07/01/2020,13:29:09,1.9,1.75,1200,2.2,1200,0,28800
IBULHSGFIN30Jan20220PE.NFO,07/01/2020,13:29:21,1.9,1.8,1200,2.2,1200,0,28800
IBULHSGFIN30Jan20220PE.NFO,07/01/2020,13:29:40,1.9,1.8,4800,2.2,1200,0,28800
IBULHSGFIN30Jan20220PE.NFO,07/01/2020,13:30:11,1.9,1.85,6000,2.2,1200,0,28800
IBULHSGFIN30Jan20220PE.NFO,07/01/2020,13:30:59,1.9,1.85,2400,2.2,1200,0,28800
IBULHSGFIN30Jan20220PE.NFO,07/01/2020,13:31:05,1.9,1.85,6000,2.2,1200,0,28800
IBULHSGFIN30Jan20220PE.NFO,07/01/2020,13:31:12,1.9,1.85,2400,2.2,1200,0,28800
IBULHSGFIN30Jan20220PE.NFO,07/01/2020,13:31:17,1.9,1.85,6000,2.2,1200,0,28800
IBULHSGFIN30Jan20220PE.NFO,07/01/2020,13:31:28,1.9,1.85,2400,2.2,1200,0,28800
IBULHSGFIN30Jan20220PE.NFO,07/01/2020,13:40:29,1.9,1.85,1200,2.2,1200,0,28800
IBULHSGFIN30Jan20220PE.NFO,07/01/2020,13:42:23,1.9,1.7,1200,2.2,1200,0,28800
IBULHSGFIN30Jan20220PE.NFO,07/01/2020,13:42:35,1.9,1.7,4800,2.2,1200,0,28800
IBULHSGFIN30Jan20220PE.NFO,07/01/2020,13:43:44,1.9,1.8,1200,2.2,1200,0,28800
IBULHSGFIN30Jan20220PE.NFO,07/01/2020,13:45:39,1.9,1.7,4800,2.2,1200,0,28800
IBULHSGFIN30Jan20220PE.NFO,07/01/2020,13:46:56,1.9,1.7,1200,2.2,1200,0,28800
IBULHSGFIN30Jan20220PE.NFO,07/01/2020,13:49:09,1.9,1.7,1200,2,1200,0,28800
IBULHSGFIN30Jan20220PE.NFO,07/01/2020,13:49:20,1.9,1.65,3600,2,1200,0,28800
IBULHSGFIN30Jan20220PE.NFO,07/01/2020,13:49:27,1.9,1.7,1200,2.15,1200,0,28800
IBULHSGFIN30Jan20220PE.NFO,07/01/2020,13:57:48,1.9,1.55,3600,2.15,1200,0,28800
IBULHSGFIN30Jan20220PE.NFO,07/01/2020,13:57:53,1.9,1.7,1200,2.15,1200,0,28800
IBULHSGFIN30Jan20220PE.NFO,07/01/2020,13:58:09,1.9,1.7,1200,2.1,1200,0,28800
IBULHSGFIN30Jan20220PE.NFO,07/01/2020,13:59:05,1.7,1.55,3600,2.05,1200,1200,30000
IBULHSGFIN30Jan20220PE.NFO,07/01/2020,13:59:10,1.7,1.6,6000,2.05,1200,0,30000
IBULHSGFIN30Jan20220PE.NFO,07/01/2020,13:59:19,1.7,1.6,6000,2,1200,0,30000
IBULHSGFIN30Jan20220PE.NFO,07/01/2020,13:59:32,1.7,1.65,3600,2,1200,0,30000
IBULHSGFIN30Jan20220PE.NFO,07/01/2020,13:59:39,1.7,1.6,6000,2,1200,0,30000
IBULHSGFIN30Jan20220PE.NFO,07/01/2020,14:00:19,1.7,1.65,3600,2,1200,0,30000
IBULHSGFIN30Jan20220PE.NFO,07/01/2020,14:00:28,1.7,1.6,6000,2,1200,0,30000
IBULHSGFIN30Jan20220PE.NFO,07/01/2020,14:00:31,1.7,1.6,6000,1.95,1200,0,30000
IBULHSGFIN30Jan20220PE.NFO,07/01/2020,14:01:22,1.7,1.65,1200,1.95,1200,0,30000
IBULHSGFIN30Jan20220PE.NFO,07/01/2020,14:01:38,1.7,1.5,3600,1.95,1200,0,30000
IBULHSGFIN30Jan20220PE.NFO,07/01/2020,14:01:41,1.7,1.6,3600,1.95,1200,0,30000
IBULHSGFIN30Jan20220PE.NFO,07/01/2020,14:01:51,1.7,1.65,2400,1.95,1200,0,30000
IBULHSGFIN30Jan20220PE.NFO,07/01/2020,14:01:57,1.7,1.5,3600,1.95,1200,0,30000
IBULHSGFIN30Jan20220PE.NFO,07/01/2020,14:02:00,1.7,1.6,3600,1.95,1200,0,30000
IBULHSGFIN30Jan20220PE.NFO,07/01/2020,14:02:04,1.7,1.65,2400,1.95,1200,0,30000
IBULHSGFIN30Jan20220PE.NFO,07/01/2020,14:02:30,1.7,1.6,3600,1.95,1200,0,30000
IBULHSGFIN30Jan20220PE.NFO,07/01/2020,14:02:39,1.7,1.5,3600,1.95,1200,0,30000
IBULHSGFIN30Jan20220PE.NFO,07/01/2020,14:03:08,1.7,1.6,3600,1.95,1200,0,30000
IBULHSGFIN30Jan20220PE.NFO,07/01/2020,14:03:14,1.7,1.6,6000,1.95,1200,0,30000
IBULHSGFIN30Jan20220PE.NFO,07/01/2020,14:03:23,1.7,1.5,3600,1.95,1200,0,30000
IBULHSGFIN30Jan20220PE.NFO,07/01/2020,14:04:05,1.7,1.6,3600,1.95,1200,0,30000
IBULHSGFIN30Jan20220PE.NFO,07/01/2020,14:04:09,1.7,1.65,2400,1.95,1200,0,30000
IBULHSGFIN30Jan20220PE.NFO,07/01/2020,14:04:12,1.7,1.6,6000,1.95,1200,0,30000
IBULHSGFIN30Jan20220PE.NFO,07/01/2020,14:04:25,1.7,1.5,3600,1.95,1200,0,30000
IBULHSGFIN30Jan20220PE.NFO,07/01/2020,14:05:09,1.7,1.6,6000,2,1200,0,30000
IBULHSGFIN30Jan20220PE.NFO,07/01/2020,14:05:20,1.7,1.5,3600,2,1200,0,30000
IBULHSGFIN30Jan20220PE.NFO,07/01/2020,14:05:50,1.7,1.6,2400,2,1200,0,30000
IBULHSGFIN30Jan20220PE.NFO,07/01/2020,14:05:55,1.7,1.6,6000,2,1200,0,30000
IBULHSGFIN30Jan20220PE.NFO,07/01/2020,14:05:59,1.7,1.6,2400,2,1200,0,30000
IBULHSGFIN30Jan20220PE.NFO,07/01/2020,14:06:06,1.7,1.65,3600,2,1200,0,30000
IBULHSGFIN30Jan20220PE.NFO,07/01/2020,14:06:14,1.7,1.6,2400,2,1200,0,30000
IBULHSGFIN30Jan20220PE.NFO,07/01/2020,14:06:27,1.7,1.6,6000,2,1200,0,30000
IBULHSGFIN30Jan20220PE.NFO,07/01/2020,14:06:36,1.7,1.6,2400,2,1200,0,30000
IBULHSGFIN30Jan20220PE.NFO,07/01/2020,14:06:41,1.7,1.65,3600,2,1200,0,30000
IBULHSGFIN30Jan20220PE.NFO,07/01/2020,14:06:46,1.7,1.6,2400,2,1200,0,30000
IBULHSGFIN30Jan20220PE.NFO,07/01/2020,14:06:50,1.7,1.65,3600,2,1200,0,30000
IBULHSGFIN30Jan20220PE.NFO,07/01/2020,14:06:54,1.7,1.6,6000,2,1200,0,30000
IBULHSGFIN30Jan20220PE.NFO,07/01/2020,14:07:44,1.7,1.6,2400,2,1200,0,30000
IBULHSGFIN30Jan20220PE.NFO,07/01/2020,14:07:55,1.7,1.6,6000,2,1200,0,30000
IBULHSGFIN30Jan20220PE.NFO,07/01/2020,14:09:01,1.7,1.65,1200,1.95,1200,0,30000
IBULHSGFIN30Jan20220PE.NFO,07/01/2020,14:11:43,1.7,1.6,6000,1.95,1200,0,30000
IBULHSGFIN30Jan20220PE.NFO,07/01/2020,14:11:55,1.7,1.6,2400,1.95,1200,0,30000
IBULHSGFIN30Jan20220PE.NFO,07/01/2020,14:11:59,1.7,1.6,6000,1.95,1200,0,30000
IBULHSGFIN30Jan20220PE.NFO,07/01/2020,14:12:43,1.7,1.65,3600,1.95,1200,0,30000
IBULHSGFIN30Jan20220PE.NFO,07/01/2020,14:12:47,1.7,1.6,6000,1.95,1200,0,30000
IBULHSGFIN30Jan20220PE.NFO,07/01/2020,14:12:50,1.7,1.6,2400,1.95,1200,0,30000
IBULHSGFIN30Jan20220PE.NFO,07/01/2020,14:12:53,1.7,1.6,6000,1.95,1200,0,30000
IBULHSGFIN30Jan20220PE.NFO,07/01/2020,14:12:57,1.7,1.65,3600,1.95,1200,0,30000
IBULHSGFIN30Jan20220PE.NFO,07/01/2020,14:13:05,1.7,1.6,6000,1.95,1200,0,30000
IBULHSGFIN30Jan20220PE.NFO,07/01/2020,14:15:28,1.7,1.6,2400,1.9,1200,0,30000
IBULHSGFIN30Jan20220PE.NFO,07/01/2020,14:16:03,1.7,1.6,6000,1.9,1200,0,30000
IBULHSGFIN30Jan20220PE.NFO,07/01/2020,14:16:08,1.7,1.6,2400,1.9,1200,0,30000
IBULHSGFIN30Jan20220PE.NFO,07/01/2020,14:24:08,1.7,1.6,6000,1.9,1200,0,30000
IBULHSGFIN30Jan20220PE.NFO,07/01/2020,14:24:17,1.7,1.6,2400,1.9,1200,0,30000
IBULHSGFIN30Jan20220PE.NFO,07/01/2020,14:24:29,1.7,1.6,6000,1.9,1200,0,30000
IBULHSGFIN30Jan20220PE.NFO,07/01/2020,14:27:14,1.7,1.6,2400,1.9,1200,0,30000
IBULHSGFIN30Jan20220PE.NFO,07/01/2020,14:28:47,1.7,1.6,2400,1.9,1200,0,31200
IBULHSGFIN30Jan20220PE.NFO,07/01/2020,14:32:38,1.7,1.6,2400,1.85,2400,0,31200
IBULHSGFIN30Jan20220PE.NFO,07/01/2020,14:33:08,1.7,1.6,2400,1.8,1200,0,31200
IBULHSGFIN30Jan20220PE.NFO,07/01/2020,14:42:50,1.7,1.6,2400,1.85,2400,0,31200
IBULHSGFIN30Jan20220PE.NFO,07/01/2020,14:45:21,1.7,1.6,6000,1.85,2400,0,31200
IBULHSGFIN30Jan20220PE.NFO,07/01/2020,14:47:41,1.7,1.6,2400,1.85,2400,0,31200
IBULHSGFIN30Jan20220PE.NFO,07/01/2020,14:47:46,1.7,1.65,3600,1.85,2400,0,31200
IBULHSGFIN30Jan20220PE.NFO,07/01/2020,14:48:00,1.7,1.6,2400,1.85,2400,0,31200
IBULHSGFIN30Jan20220PE.NFO,07/01/2020,14:48:04,1.7,1.65,3600,1.85,2400,0,31200
IBULHSGFIN30Jan20220PE.NFO,07/01/2020,14:48:09,1.7,1.6,6000,1.85,2400,0,31200
IBULHSGFIN30Jan20220PE.NFO,07/01/2020,14:48:15,1.7,1.65,3600,1.85,2400,0,31200
IBULHSGFIN30Jan20220PE.NFO,07/01/2020,14:48:20,1.7,1.6,6000,1.85,2400,0,31200
IBULHSGFIN30Jan20220PE.NFO,07/01/2020,14:48:25,1.7,1.6,6000,1.8,1200,0,31200
IBULHSGFIN30Jan20220PE.NFO,07/01/2020,14:48:37,1.7,1.65,3600,1.85,2400,0,31200
IBULHSGFIN30Jan20220PE.NFO,07/01/2020,14:48:42,1.7,1.6,2400,1.85,2400,0,31200
IBULHSGFIN30Jan20220PE.NFO,07/01/2020,14:48:47,1.7,1.6,6000,1.8,1200,0,31200
IBULHSGFIN30Jan20220PE.NFO,07/01/2020,14:48:56,1.7,1.6,2400,1.8,1200,0,31200
IBULHSGFIN30Jan20220PE.NFO,07/01/2020,14:48:59,1.7,1.65,3600,1.8,1200,0,31200
IBULHSGFIN30Jan20220PE.NFO,07/01/2020,14:49:05,1.7,1.65,3600,1.85,2400,0,31200
IBULHSGFIN30Jan20220PE.NFO,07/01/2020,14:49:10,1.7,1.6,2400,1.85,2400,0,31200
IBULHSGFIN30Jan20220PE.NFO,07/01/2020,14:49:15,1.7,1.65,3600,1.85,2400,0,31200
IBULHSGFIN30Jan20220PE.NFO,07/01/2020,14:49:20,1.7,1.6,2400,1.85,2400,0,31200
IBULHSGFIN30Jan20220PE.NFO,07/01/2020,14:49:40,1.7,1.65,3600,1.85,2400,0,31200
IBULHSGFIN30Jan20220PE.NFO,07/01/2020,14:49:44,1.7,1.6,2400,1.85,2400,0,31200
IBULHSGFIN30Jan20220PE.NFO,07/01/2020,14:49:57,1.7,1.6,6000,1.8,1200,0,31200
IBULHSGFIN30Jan20220PE.NFO,07/01/2020,14:53:19,1.7,1.6,2400,1.8,1200,0,31200
IBULHSGFIN30Jan20220PE.NFO,07/01/2020,14:56:10,1.7,1.6,6000,1.8,1200,0,31200
IBULHSGFIN30Jan20220PE.NFO,07/01/2020,14:56:22,1.7,1.6,2400,1.8,1200,0,31200
IBULHSGFIN30Jan20220PE.NFO,07/01/2020,15:04:05,1.7,1.6,6000,1.8,1200,0,31200
IBULHSGFIN30Jan20220PE.NFO,07/01/2020,15:04:17,1.7,1.6,2400,1.8,1200,0,31200
IBULHSGFIN30Jan20220PE.NFO,07/01/2020,15:04:23,1.7,1.6,6000,1.8,1200,0,31200
IBULHSGFIN30Jan20220PE.NFO,07/01/2020,15:04:28,1.7,1.6,2400,1.8,1200,0,31200
IBULHSGFIN30Jan20220PE.NFO,07/01/2020,15:05:58,1.7,1.6,2400,1.8,2400,0,31200
IBULHSGFIN30Jan20220PE.NFO,07/01/2020,15:11:39,1.7,1.6,6000,1.8,2400,0,31200
IBULHSGFIN30Jan20220PE.NFO,07/01/2020,15:11:51,1.7,1.6,2400,1.8,2400,0,31200
IBULHSGFIN30Jan20220PE.NFO,07/01/2020,15:11:56,1.7,1.6,6000,1.8,2400,0,31200
IBULHSGFIN30Jan20220PE.NFO,07/01/2020,15:12:13,1.7,1.6,2400,1.8,2400,0,31200
IBULHSGFIN30Jan20220PE.NFO,07/01/2020,15:12:18,1.7,1.6,6000,1.8,2400,0,31200
IBULHSGFIN30Jan20220PE.NFO,07/01/2020,15:12:22,1.7,1.6,2400,1.8,2400,0,31200
IBULHSGFIN30Jan20220PE.NFO,07/01/2020,15:12:57,1.7,1.6,6000,1.8,2400,0,31200
IBULHSGFIN30Jan20220PE.NFO,07/01/2020,15:13:02,1.7,1.6,2400,1.8,2400,0,31200
IBULHSGFIN30Jan20220PE.NFO,07/01/2020,15:13:11,1.7,1.6,6000,1.8,2400,0,31200
IBULHSGFIN30Jan20220PE.NFO,07/01/2020,15:13:30,1.7,1.6,2400,1.8,2400,0,31200
IBULHSGFIN30Jan20220PE.NFO,07/01/2020,15:13:51,1.7,1.6,6000,1.8,2400,0,31200
IBULHSGFIN30Jan20220PE.NFO,07/01/2020,15:15:10,1.7,1.6,2400,1.8,2400,0,31200
IBULHSGFIN30Jan20220PE.NFO,07/01/2020,15:16:29,1.7,1.6,6000,1.8,2400,0,31200
IBULHSGFIN30Jan20220PE.NFO,07/01/2020,15:16:42,1.7,1.6,6000,1.8,1200,0,31200
IBULHSGFIN30Jan20220PE.NFO,07/01/2020,15:17:43,1.7,1.6,2400,1.8,1200,0,31200
IBULHSGFIN30Jan20220PE.NFO,07/01/2020,15:18:14,1.7,1.6,6000,1.8,1200,0,31200
IBULHSGFIN30Jan20220PE.NFO,07/01/2020,15:18:32,1.7,1.6,2400,1.8,1200,0,31200
IBULHSGFIN30Jan20220PE.NFO,07/01/2020,15:21:41,1.7,1.6,2400,1.7,1200,0,31200
IBULHSGFIN30Jan20220PE.NFO,07/01/2020,15:23:25,1.7,1.5,4800,1.7,1200,0,31200
IBULHSGFIN30Jan20220PE.NFO,07/01/2020,15:24:22,1.7,1.5,4800,1.8,1200,0,31200
IBULHSGFIN30Jan20220PE.NFO,07/01/2020,15:25:01,1.7,1.55,3600,1.8,1200,0,31200
IBULHSGFIN30Jan20220PE.NFO,07/01/2020,15:28:54,1.7,1.55,3600,1.85,3600,0,31200
IBULHSGFIN30Jan20220PE.NFO,07/01/2020,15:29:56,1.7,1.55,3600,1.8,1200,0,31200
