Ticker,Date,Time,LTP,BuyPrice,BuyQty,SellPrice,SellQty,LTQ,OpenInterest
IBULHSGFIN30Jan20300PE.NFO,07/01/2020,09:15:15,16.2,16.4,2400,17.45,2400,1200,807600
IBULHSGFIN30Jan20300PE.NFO,07/01/2020,09:15:15,16.2,16.4,2400,17.45,2400,0,807600
IBULHSGFIN30Jan20300PE.NFO,07/01/2020,09:15:15,16.2,16.4,2400,17.45,2400,0,807600
IBULHSGFIN30Jan20300PE.NFO,07/01/2020,09:15:15,16.2,16.4,2400,17.45,2400,0,807600
IBULHSGFIN30Jan20300PE.NFO,07/01/2020,09:15:25,16.5,16.05,2400,16.95,2400,2400,807600
IBULHSGFIN30Jan20300PE.NFO,07/01/2020,09:15:25,16.5,16.05,2400,16.95,2400,0,807600
IBULHSGFIN30Jan20300PE.NFO,07/01/2020,09:15:25,16.15,16.05,2400,16.95,2400,0,807600
IBULHSGFIN30Jan20300PE.NFO,07/01/2020,09:15:35,16.25,16.15,1200,16.65,1200,6000,807600
IBULHSGFIN30Jan20300PE.NFO,07/01/2020,09:15:45,16.1,15.7,4800,16,1200,3600,807600
IBULHSGFIN30Jan20300PE.NFO,07/01/2020,09:15:45,16.1,15.7,4800,16,1200,0,807600
IBULHSGFIN30Jan20300PE.NFO,07/01/2020,09:15:56,16,15.75,1200,15.95,1200,6000,807600
IBULHSGFIN30Jan20300PE.NFO,07/01/2020,09:15:56,15.8,15.75,1200,15.95,1200,0,807600
IBULHSGFIN30Jan20300PE.NFO,07/01/2020,09:16:07,15.8,15.4,1200,16.05,1200,10800,807600
IBULHSGFIN30Jan20300PE.NFO,07/01/2020,09:16:07,15.2,15.4,1200,16.05,1200,0,807600
IBULHSGFIN30Jan20300PE.NFO,07/01/2020,09:16:18,15.45,15.35,1200,15.7,2400,3600,807600
IBULHSGFIN30Jan20300PE.NFO,07/01/2020,09:16:29,15.1,14.9,2400,15.3,1200,7200,807600
IBULHSGFIN30Jan20300PE.NFO,07/01/2020,09:16:29,14.95,14.9,2400,15.3,1200,0,807600
IBULHSGFIN30Jan20300PE.NFO,07/01/2020,09:16:40,15.25,15.25,1200,15.65,2400,6000,807600
IBULHSGFIN30Jan20300PE.NFO,07/01/2020,09:16:51,15,14.75,1200,15.4,1200,3600,807600
IBULHSGFIN30Jan20300PE.NFO,07/01/2020,09:17:01,15,14.9,1200,15.3,2400,1200,807600
IBULHSGFIN30Jan20300PE.NFO,07/01/2020,09:17:11,15,14.8,1200,15.15,2400,7200,812400
IBULHSGFIN30Jan20300PE.NFO,07/01/2020,09:17:11,14.9,14.8,1200,15.15,2400,0,812400
IBULHSGFIN30Jan20300PE.NFO,07/01/2020,09:17:12,14.7,14.55,1200,15.15,2400,2400,812400
IBULHSGFIN30Jan20300PE.NFO,07/01/2020,09:17:12,14.7,14.55,1200,15.15,2400,0,812400
IBULHSGFIN30Jan20300PE.NFO,07/01/2020,09:17:13,14.7,14.55,2400,15.15,2400,0,812400
IBULHSGFIN30Jan20300PE.NFO,07/01/2020,09:17:16,14.7,14.55,2400,15.1,3600,0,812400
IBULHSGFIN30Jan20300PE.NFO,07/01/2020,09:17:18,14.7,14.55,2400,15.05,1200,0,812400
IBULHSGFIN30Jan20300PE.NFO,07/01/2020,09:17:18,14.7,14.5,2400,14.9,1200,0,812400
IBULHSGFIN30Jan20300PE.NFO,07/01/2020,09:17:19,14.7,14.6,1200,14.85,2400,0,812400
IBULHSGFIN30Jan20300PE.NFO,07/01/2020,09:17:20,14.7,14.6,1200,14.85,1200,0,812400
IBULHSGFIN30Jan20300PE.NFO,07/01/2020,09:17:21,14.7,14.6,1200,14.85,2400,0,812400
IBULHSGFIN30Jan20300PE.NFO,07/01/2020,09:17:22,14.6,14.5,2400,14.85,1200,1200,812400
IBULHSGFIN30Jan20300PE.NFO,07/01/2020,09:17:22,14.6,14.5,2400,14.85,1200,0,812400
IBULHSGFIN30Jan20300PE.NFO,07/01/2020,09:17:23,14.6,14.5,2400,14.8,1200,0,812400
IBULHSGFIN30Jan20300PE.NFO,07/01/2020,09:17:24,14.6,14.5,2400,14.8,2400,0,812400
IBULHSGFIN30Jan20300PE.NFO,07/01/2020,09:17:25,14.6,14.5,2400,14.8,1200,0,812400
IBULHSGFIN30Jan20300PE.NFO,07/01/2020,09:17:27,14.6,14.5,2400,14.85,1200,0,812400
IBULHSGFIN30Jan20300PE.NFO,07/01/2020,09:17:28,14.6,14.55,1200,15,1200,0,812400
IBULHSGFIN30Jan20300PE.NFO,07/01/2020,09:17:29,14.6,14.5,2400,14.95,2400,0,812400
IBULHSGFIN30Jan20300PE.NFO,07/01/2020,09:17:30,14.6,14.65,1200,15.05,1200,0,812400
IBULHSGFIN30Jan20300PE.NFO,07/01/2020,09:17:31,14.6,14.7,1200,14.9,1200,0,812400
IBULHSGFIN30Jan20300PE.NFO,07/01/2020,09:17:33,14.6,14.8,1200,15,2400,0,812400
IBULHSGFIN30Jan20300PE.NFO,07/01/2020,09:17:33,14.6,14.8,1200,15,1200,0,812400
IBULHSGFIN30Jan20300PE.NFO,07/01/2020,09:17:34,14.9,14.65,1200,15.05,1200,3600,812400
IBULHSGFIN30Jan20300PE.NFO,07/01/2020,09:17:36,14.9,14.8,1200,15.2,1200,0,812400
IBULHSGFIN30Jan20300PE.NFO,07/01/2020,09:17:36,14.9,14.95,1200,15.2,1200,0,812400
IBULHSGFIN30Jan20300PE.NFO,07/01/2020,09:17:37,14.9,14.75,1200,15.1,1200,0,812400
IBULHSGFIN30Jan20300PE.NFO,07/01/2020,09:17:38,14.9,14.85,1200,15.1,1200,0,812400
IBULHSGFIN30Jan20300PE.NFO,07/01/2020,09:17:40,14.9,14.85,1200,15.15,2400,0,812400
IBULHSGFIN30Jan20300PE.NFO,07/01/2020,09:17:41,14.9,14.9,2400,15.2,1200,0,812400
IBULHSGFIN30Jan20300PE.NFO,07/01/2020,09:17:42,14.9,15.05,1200,15.2,1200,0,812400
IBULHSGFIN30Jan20300PE.NFO,07/01/2020,09:17:43,14.9,15.1,1200,15.2,1200,0,812400
IBULHSGFIN30Jan20300PE.NFO,07/01/2020,09:17:44,14.9,15,1200,15.2,1200,0,812400
IBULHSGFIN30Jan20300PE.NFO,07/01/2020,09:17:46,14.9,15,1200,15.15,2400,0,812400
IBULHSGFIN30Jan20300PE.NFO,07/01/2020,09:17:48,15.1,15,1200,15.2,1200,1200,812400
IBULHSGFIN30Jan20300PE.NFO,07/01/2020,09:17:48,15,14.85,1200,15.15,1200,1200,812400
IBULHSGFIN30Jan20300PE.NFO,07/01/2020,09:17:49,15,14.85,1200,15.1,1200,0,812400
IBULHSGFIN30Jan20300PE.NFO,07/01/2020,09:17:50,15.1,15,1200,15.2,1200,1200,812400
IBULHSGFIN30Jan20300PE.NFO,07/01/2020,09:17:51,15.1,14.95,1200,15.15,1200,0,812400
IBULHSGFIN30Jan20300PE.NFO,07/01/2020,09:17:52,15.1,15,2400,15.2,1200,0,812400
IBULHSGFIN30Jan20300PE.NFO,07/01/2020,09:17:53,15.2,15.15,1200,15.35,1200,1200,812400
IBULHSGFIN30Jan20300PE.NFO,07/01/2020,09:17:54,15.2,15.05,2400,15.3,3600,0,812400
IBULHSGFIN30Jan20300PE.NFO,07/01/2020,09:17:55,15.2,15.1,1200,15.25,1200,1200,812400
IBULHSGFIN30Jan20300PE.NFO,07/01/2020,09:17:56,15.2,15.05,2400,15.25,1200,0,812400
IBULHSGFIN30Jan20300PE.NFO,07/01/2020,09:17:59,15.2,15.1,3600,15.35,1200,0,812400
IBULHSGFIN30Jan20300PE.NFO,07/01/2020,09:18:01,15.2,15.1,2400,15.35,1200,0,812400
IBULHSGFIN30Jan20300PE.NFO,07/01/2020,09:18:01,15.2,15.1,1200,15.3,1200,0,812400
IBULHSGFIN30Jan20300PE.NFO,07/01/2020,09:18:02,15.2,15.25,1200,15.35,1200,0,812400
IBULHSGFIN30Jan20300PE.NFO,07/01/2020,09:18:03,15.2,15.2,1200,15.35,1200,0,812400
IBULHSGFIN30Jan20300PE.NFO,07/01/2020,09:18:07,15.35,15.25,2400,15.5,1200,1200,812400
IBULHSGFIN30Jan20300PE.NFO,07/01/2020,09:18:08,15.35,15.35,1200,15.55,2400,0,812400
IBULHSGFIN30Jan20300PE.NFO,07/01/2020,09:18:09,15.35,15.35,1200,15.55,1200,0,812400
IBULHSGFIN30Jan20300PE.NFO,07/01/2020,09:18:11,15.35,15.35,2400,15.55,2400,0,812400
IBULHSGFIN30Jan20300PE.NFO,07/01/2020,09:18:11,15.35,15.4,1200,15.65,2400,0,812400
IBULHSGFIN30Jan20300PE.NFO,07/01/2020,09:18:12,15.35,15.35,2400,15.55,1200,0,812400
IBULHSGFIN30Jan20300PE.NFO,07/01/2020,09:18:13,15.35,15.45,2400,15.65,1200,0,812400
IBULHSGFIN30Jan20300PE.NFO,07/01/2020,09:18:14,15.35,15.45,1200,15.75,1200,0,812400
IBULHSGFIN30Jan20300PE.NFO,07/01/2020,09:18:15,15.5,15.5,1200,15.75,2400,1200,812400
IBULHSGFIN30Jan20300PE.NFO,07/01/2020,09:18:16,15.5,15.5,1200,15.75,2400,0,812400
IBULHSGFIN30Jan20300PE.NFO,07/01/2020,09:18:18,15.5,15.5,1200,15.75,1200,0,812400
IBULHSGFIN30Jan20300PE.NFO,07/01/2020,09:18:20,15.5,15.5,2400,15.75,1200,0,812400
IBULHSGFIN30Jan20300PE.NFO,07/01/2020,09:18:21,15.5,15.5,1200,15.7,1200,0,812400
IBULHSGFIN30Jan20300PE.NFO,07/01/2020,09:18:23,15.5,15.45,1200,15.65,2400,0,812400
IBULHSGFIN30Jan20300PE.NFO,07/01/2020,09:18:23,15.5,15.45,1200,15.65,1200,0,812400
IBULHSGFIN30Jan20300PE.NFO,07/01/2020,09:18:24,15.65,15.4,2400,15.65,1200,1200,812400
IBULHSGFIN30Jan20300PE.NFO,07/01/2020,09:18:25,15.65,15.55,2400,15.7,1200,0,812400
IBULHSGFIN30Jan20300PE.NFO,07/01/2020,09:18:26,15.65,15.5,1200,15.7,1200,0,812400
IBULHSGFIN30Jan20300PE.NFO,07/01/2020,09:18:27,15.65,15.55,1200,15.75,1200,0,812400
IBULHSGFIN30Jan20300PE.NFO,07/01/2020,09:18:28,15.65,15.45,1200,15.65,1200,0,812400
IBULHSGFIN30Jan20300PE.NFO,07/01/2020,09:18:29,15.65,15.55,2400,15.8,1200,0,812400
IBULHSGFIN30Jan20300PE.NFO,07/01/2020,09:18:30,15.65,15.55,1200,15.8,1200,1200,812400
IBULHSGFIN30Jan20300PE.NFO,07/01/2020,09:18:31,15.65,15.55,1200,15.8,1200,0,812400
IBULHSGFIN30Jan20300PE.NFO,07/01/2020,09:18:34,15.65,15.5,2400,15.75,1200,1200,812400
IBULHSGFIN30Jan20300PE.NFO,07/01/2020,09:18:34,15.65,15.55,2400,15.8,1200,0,812400
IBULHSGFIN30Jan20300PE.NFO,07/01/2020,09:18:35,15.65,15.5,2400,15.65,1200,0,812400
IBULHSGFIN30Jan20300PE.NFO,07/01/2020,09:18:36,15.65,15.65,1200,16,1200,1200,812400
IBULHSGFIN30Jan20300PE.NFO,07/01/2020,09:18:37,15.65,15.55,3600,15.95,1200,0,812400
IBULHSGFIN30Jan20300PE.NFO,07/01/2020,09:18:39,15.65,15.6,1200,15.85,1200,0,812400
IBULHSGFIN30Jan20300PE.NFO,07/01/2020,09:18:40,15.65,15.6,3600,15.9,2400,0,812400
IBULHSGFIN30Jan20300PE.NFO,07/01/2020,09:18:42,15.65,15.55,2400,15.9,3600,0,812400
IBULHSGFIN30Jan20300PE.NFO,07/01/2020,09:18:44,15.65,15.6,2400,15.9,1200,0,812400
IBULHSGFIN30Jan20300PE.NFO,07/01/2020,09:18:45,15.65,15.6,2400,15.85,1200,0,812400
IBULHSGFIN30Jan20300PE.NFO,07/01/2020,09:18:46,15.65,15.6,4800,15.9,2400,0,812400
IBULHSGFIN30Jan20300PE.NFO,07/01/2020,09:18:47,15.65,15.65,3600,15.95,2400,0,812400
IBULHSGFIN30Jan20300PE.NFO,07/01/2020,09:18:48,15.65,15.65,1200,15.95,2400,0,812400
IBULHSGFIN30Jan20300PE.NFO,07/01/2020,09:18:49,15.65,15.6,3600,15.9,1200,0,812400
IBULHSGFIN30Jan20300PE.NFO,07/01/2020,09:18:50,15.65,15.7,1200,15.95,1200,0,812400
IBULHSGFIN30Jan20300PE.NFO,07/01/2020,09:18:51,15.65,15.65,3600,16,2400,0,812400
IBULHSGFIN30Jan20300PE.NFO,07/01/2020,09:18:52,15.65,15.7,2400,16,2400,0,812400
IBULHSGFIN30Jan20300PE.NFO,07/01/2020,09:18:53,15.65,15.65,4800,15.9,1200,0,812400
IBULHSGFIN30Jan20300PE.NFO,07/01/2020,09:18:54,15.65,15.8,2400,15.9,1200,0,812400
IBULHSGFIN30Jan20300PE.NFO,07/01/2020,09:18:55,15.65,15.75,2400,15.9,1200,0,812400
IBULHSGFIN30Jan20300PE.NFO,07/01/2020,09:18:56,15.65,15.7,2400,15.9,1200,0,812400
IBULHSGFIN30Jan20300PE.NFO,07/01/2020,09:18:58,15.9,15.75,2400,16,1200,1200,812400
IBULHSGFIN30Jan20300PE.NFO,07/01/2020,09:18:58,15.9,15.75,2400,16,1200,0,812400
IBULHSGFIN30Jan20300PE.NFO,07/01/2020,09:18:59,15.9,15.8,2400,16.05,1200,0,812400
IBULHSGFIN30Jan20300PE.NFO,07/01/2020,09:19:01,15.9,15.8,1200,16.05,1200,0,812400
IBULHSGFIN30Jan20300PE.NFO,07/01/2020,09:19:02,15.9,15.75,1200,16,2400,0,812400
IBULHSGFIN30Jan20300PE.NFO,07/01/2020,09:19:03,15.9,15.7,2400,15.95,1200,0,812400
IBULHSGFIN30Jan20300PE.NFO,07/01/2020,09:19:04,15.65,15.65,1200,15.85,1200,2400,812400
IBULHSGFIN30Jan20300PE.NFO,07/01/2020,09:19:05,15.65,15.65,2400,15.9,1200,0,812400
IBULHSGFIN30Jan20300PE.NFO,07/01/2020,09:19:06,15.65,15.75,1200,15.9,1200,0,812400
IBULHSGFIN30Jan20300PE.NFO,07/01/2020,09:19:07,15.65,15.75,2400,15.9,1200,0,812400
IBULHSGFIN30Jan20300PE.NFO,07/01/2020,09:19:10,15.65,15.7,1200,15.9,2400,0,812400
IBULHSGFIN30Jan20300PE.NFO,07/01/2020,09:19:10,15.65,15.7,1200,15.85,1200,0,812400
IBULHSGFIN30Jan20300PE.NFO,07/01/2020,09:19:11,15.65,15.6,2400,15.85,3600,0,812400
IBULHSGFIN30Jan20300PE.NFO,07/01/2020,09:19:12,15.65,15.6,2400,15.8,2400,0,812400
IBULHSGFIN30Jan20300PE.NFO,07/01/2020,09:19:13,15.65,15.6,1200,15.7,1200,0,812400
IBULHSGFIN30Jan20300PE.NFO,07/01/2020,09:19:14,15.6,15.35,2400,15.7,2400,1200,812400
IBULHSGFIN30Jan20300PE.NFO,07/01/2020,09:19:15,15.55,15.35,1200,15.55,1200,1200,812400
IBULHSGFIN30Jan20300PE.NFO,07/01/2020,09:19:16,15.55,15.35,1200,15.45,1200,0,812400
IBULHSGFIN30Jan20300PE.NFO,07/01/2020,09:19:18,15.55,15.35,1200,15.5,1200,0,812400
IBULHSGFIN30Jan20300PE.NFO,07/01/2020,09:19:19,15.55,15.35,1200,15.4,1200,0,812400
IBULHSGFIN30Jan20300PE.NFO,07/01/2020,09:19:20,15.35,15.15,1200,15.35,2400,1200,812400
IBULHSGFIN30Jan20300PE.NFO,07/01/2020,09:19:21,15.35,15.1,1200,15.3,2400,0,812400
IBULHSGFIN30Jan20300PE.NFO,07/01/2020,09:19:22,15.35,15.05,1200,15.3,2400,0,812400
IBULHSGFIN30Jan20300PE.NFO,07/01/2020,09:19:23,15.35,15.05,2400,15.3,2400,0,812400
IBULHSGFIN30Jan20300PE.NFO,07/01/2020,09:19:24,15.35,15.05,2400,15.35,1200,0,812400
IBULHSGFIN30Jan20300PE.NFO,07/01/2020,09:19:25,15.35,15.25,1200,15.55,1200,0,812400
IBULHSGFIN30Jan20300PE.NFO,07/01/2020,09:19:26,15.35,15.2,1200,15.45,2400,0,812400
IBULHSGFIN30Jan20300PE.NFO,07/01/2020,09:19:27,15.25,15.2,1200,15.3,1200,1200,812400
IBULHSGFIN30Jan20300PE.NFO,07/01/2020,09:19:28,15.25,15.2,1200,15.3,1200,0,812400
IBULHSGFIN30Jan20300PE.NFO,07/01/2020,09:19:29,15.3,15.2,1200,15.4,1200,1200,812400
IBULHSGFIN30Jan20300PE.NFO,07/01/2020,09:19:30,15.3,15.15,1200,15.35,1200,0,812400
IBULHSGFIN30Jan20300PE.NFO,07/01/2020,09:19:31,15.3,15.2,2400,15.4,2400,0,812400
IBULHSGFIN30Jan20300PE.NFO,07/01/2020,09:19:32,15.3,15.2,1200,15.4,2400,0,812400
IBULHSGFIN30Jan20300PE.NFO,07/01/2020,09:19:34,15.3,15.2,2400,15.4,2400,0,812400
IBULHSGFIN30Jan20300PE.NFO,07/01/2020,09:19:35,15.3,15.3,1200,15.4,1200,0,812400
IBULHSGFIN30Jan20300PE.NFO,07/01/2020,09:19:35,15.3,15.25,1200,15.5,1200,0,812400
IBULHSGFIN30Jan20300PE.NFO,07/01/2020,09:19:36,15.3,15.25,1200,15.5,2400,0,812400
IBULHSGFIN30Jan20300PE.NFO,07/01/2020,09:19:37,15.3,15.2,1200,15.5,2400,0,812400
IBULHSGFIN30Jan20300PE.NFO,07/01/2020,09:19:39,15.3,15.2,1200,15.45,2400,0,812400
IBULHSGFIN30Jan20300PE.NFO,07/01/2020,09:19:40,15.3,15.15,1200,15.4,3600,0,812400
IBULHSGFIN30Jan20300PE.NFO,07/01/2020,09:19:41,15.3,15.1,3600,15.4,3600,0,812400
IBULHSGFIN30Jan20300PE.NFO,07/01/2020,09:19:42,15.3,15.15,1200,15.4,3600,0,812400
IBULHSGFIN30Jan20300PE.NFO,07/01/2020,09:19:43,15.3,15.2,2400,15.4,2400,0,812400
IBULHSGFIN30Jan20300PE.NFO,07/01/2020,09:19:47,15.4,15.25,1200,15.4,1200,1200,812400
IBULHSGFIN30Jan20300PE.NFO,07/01/2020,09:19:48,15.4,15.25,2400,15.45,1200,0,812400
IBULHSGFIN30Jan20300PE.NFO,07/01/2020,09:19:51,15.4,15.15,1200,15.4,1200,0,812400
IBULHSGFIN30Jan20300PE.NFO,07/01/2020,09:19:52,15.4,15.2,1200,15.4,1200,0,812400
IBULHSGFIN30Jan20300PE.NFO,07/01/2020,09:19:53,15.4,15.15,1200,15.3,1200,0,812400
IBULHSGFIN30Jan20300PE.NFO,07/01/2020,09:19:55,15.4,15.15,2400,15.3,1200,0,812400
IBULHSGFIN30Jan20300PE.NFO,07/01/2020,09:19:55,15.4,15.2,1200,15.35,1200,0,812400
IBULHSGFIN30Jan20300PE.NFO,07/01/2020,09:19:56,15.4,15.15,1200,15.45,2400,0,812400
IBULHSGFIN30Jan20300PE.NFO,07/01/2020,09:19:57,15.4,15.15,1200,15.4,2400,0,812400
IBULHSGFIN30Jan20300PE.NFO,07/01/2020,09:19:58,15.4,15.15,1200,15.4,1200,0,812400
IBULHSGFIN30Jan20300PE.NFO,07/01/2020,09:19:59,15.4,15.15,1200,15.4,2400,0,812400
IBULHSGFIN30Jan20300PE.NFO,07/01/2020,09:20:00,15.15,15.1,2400,15.3,1200,1200,812400
IBULHSGFIN30Jan20300PE.NFO,07/01/2020,09:20:01,15.15,15.1,1200,15.3,4800,0,812400
IBULHSGFIN30Jan20300PE.NFO,07/01/2020,09:20:02,15.15,15.1,1200,15.3,2400,0,812400
IBULHSGFIN30Jan20300PE.NFO,07/01/2020,09:20:03,15.15,15.1,1200,15.25,1200,0,812400
IBULHSGFIN30Jan20300PE.NFO,07/01/2020,09:20:04,15.1,15,2400,15.25,3600,1200,812400
IBULHSGFIN30Jan20300PE.NFO,07/01/2020,09:20:05,15.1,15.05,3600,15.25,1200,0,812400
IBULHSGFIN30Jan20300PE.NFO,07/01/2020,09:20:06,15.1,15,4800,15.25,1200,0,812400
IBULHSGFIN30Jan20300PE.NFO,07/01/2020,09:20:08,15.1,15,4800,15.25,3600,0,812400
IBULHSGFIN30Jan20300PE.NFO,07/01/2020,09:20:09,15.05,15.05,3600,15.25,1200,1200,812400
IBULHSGFIN30Jan20300PE.NFO,07/01/2020,09:20:10,15.05,15.05,2400,15.25,1200,0,812400
IBULHSGFIN30Jan20300PE.NFO,07/01/2020,09:20:11,15,15,2400,15.2,2400,3600,808800
IBULHSGFIN30Jan20300PE.NFO,07/01/2020,09:20:14,15,15,4800,15.25,2400,0,808800
IBULHSGFIN30Jan20300PE.NFO,07/01/2020,09:20:21,15.25,15.2,1200,15.35,1200,2400,808800
IBULHSGFIN30Jan20300PE.NFO,07/01/2020,09:20:27,15.35,15.2,2400,15.45,2400,1200,808800
IBULHSGFIN30Jan20300PE.NFO,07/01/2020,09:20:33,15.25,15.15,3600,15.45,4800,1200,808800
IBULHSGFIN30Jan20300PE.NFO,07/01/2020,09:20:40,15.35,15.25,1200,15.4,2400,1200,808800
IBULHSGFIN30Jan20300PE.NFO,07/01/2020,09:20:46,15.35,15.05,8400,15.35,2400,0,808800
IBULHSGFIN30Jan20300PE.NFO,07/01/2020,09:20:52,15.35,15.25,3600,15.45,2400,0,808800
IBULHSGFIN30Jan20300PE.NFO,07/01/2020,09:20:59,15.35,15.2,6000,15.45,2400,0,808800
IBULHSGFIN30Jan20300PE.NFO,07/01/2020,09:21:06,15.4,15.3,3600,15.5,2400,1200,808800
IBULHSGFIN30Jan20300PE.NFO,07/01/2020,09:21:21,15.4,15.25,1200,15.4,1200,0,808800
IBULHSGFIN30Jan20300PE.NFO,07/01/2020,09:21:28,15.4,15.3,1200,15.5,2400,0,808800
IBULHSGFIN30Jan20300PE.NFO,07/01/2020,09:21:35,15.4,15.4,3600,15.6,1200,0,808800
IBULHSGFIN30Jan20300PE.NFO,07/01/2020,09:21:41,15.4,15.4,1200,15.6,1200,0,808800
IBULHSGFIN30Jan20300PE.NFO,07/01/2020,09:21:48,15.1,15.05,1200,15.25,2400,3600,808800
IBULHSGFIN30Jan20300PE.NFO,07/01/2020,09:21:55,15.1,15.1,4800,15.35,2400,0,808800
IBULHSGFIN30Jan20300PE.NFO,07/01/2020,09:22:01,15.2,15.1,3600,15.35,2400,1200,808800
IBULHSGFIN30Jan20300PE.NFO,07/01/2020,09:22:07,15.05,15,4800,15.15,1200,3600,808800
IBULHSGFIN30Jan20300PE.NFO,07/01/2020,09:22:14,15.05,15.1,1200,15.2,1200,0,808800
IBULHSGFIN30Jan20300PE.NFO,07/01/2020,09:22:21,15.05,15,6000,15.2,1200,0,808800
IBULHSGFIN30Jan20300PE.NFO,07/01/2020,09:22:28,15.05,15.05,3600,15.2,1200,0,808800
IBULHSGFIN30Jan20300PE.NFO,07/01/2020,09:22:35,15.15,15,3600,15.15,2400,2400,808800
IBULHSGFIN30Jan20300PE.NFO,07/01/2020,09:22:42,15,14.85,1200,15,7200,4800,808800
IBULHSGFIN30Jan20300PE.NFO,07/01/2020,09:22:48,15,14.9,3600,15,2400,4800,808800
IBULHSGFIN30Jan20300PE.NFO,07/01/2020,09:22:54,15,15,1200,15.15,2400,2400,808800
IBULHSGFIN30Jan20300PE.NFO,07/01/2020,09:23:00,15.1,14.85,2400,15,12000,2400,808800
IBULHSGFIN30Jan20300PE.NFO,07/01/2020,09:23:06,15.1,14.9,1200,15,13200,0,808800
IBULHSGFIN30Jan20300PE.NFO,07/01/2020,09:23:12,15,14.8,3600,15,2400,12000,808800
IBULHSGFIN30Jan20300PE.NFO,07/01/2020,09:23:18,15,14.85,3600,15.15,2400,6000,817200
IBULHSGFIN30Jan20300PE.NFO,07/01/2020,09:23:24,15,14.7,2400,14.95,3600,0,817200
IBULHSGFIN30Jan20300PE.NFO,07/01/2020,09:23:30,15,14.7,2400,14.95,2400,0,817200
IBULHSGFIN30Jan20300PE.NFO,07/01/2020,09:23:36,15,14.7,3600,14.95,2400,0,817200
IBULHSGFIN30Jan20300PE.NFO,07/01/2020,09:23:42,14.85,14.8,2400,15.1,4800,1200,817200
IBULHSGFIN30Jan20300PE.NFO,07/01/2020,09:23:48,14.85,14.85,1200,15,3600,0,817200
IBULHSGFIN30Jan20300PE.NFO,07/01/2020,09:23:54,14.9,14.85,1200,15,2400,2400,817200
IBULHSGFIN30Jan20300PE.NFO,07/01/2020,09:24:00,14.9,14.75,3600,14.95,1200,0,817200
IBULHSGFIN30Jan20300PE.NFO,07/01/2020,09:24:07,14.75,14.55,2400,14.8,3600,1200,817200
IBULHSGFIN30Jan20300PE.NFO,07/01/2020,09:24:12,14.75,14.55,3600,14.8,1200,6000,817200
IBULHSGFIN30Jan20300PE.NFO,07/01/2020,09:24:18,14.65,14.7,1200,14.95,1200,1200,817200
IBULHSGFIN30Jan20300PE.NFO,07/01/2020,09:24:24,14.65,14.6,3600,14.85,2400,0,817200
IBULHSGFIN30Jan20300PE.NFO,07/01/2020,09:24:29,14.65,14.7,2400,14.9,1200,0,817200
IBULHSGFIN30Jan20300PE.NFO,07/01/2020,09:24:35,14.65,14.65,2400,14.9,3600,0,817200
IBULHSGFIN30Jan20300PE.NFO,07/01/2020,09:24:41,14.65,14.65,2400,14.85,3600,0,817200
IBULHSGFIN30Jan20300PE.NFO,07/01/2020,09:24:46,14.7,14.7,1200,14.95,2400,6000,817200
IBULHSGFIN30Jan20300PE.NFO,07/01/2020,09:24:51,14.7,14.8,2400,15,4800,0,817200
IBULHSGFIN30Jan20300PE.NFO,07/01/2020,09:24:57,14.7,14.85,2400,15,3600,0,817200
IBULHSGFIN30Jan20300PE.NFO,07/01/2020,09:25:03,14.7,14.8,1200,15,4800,0,817200
IBULHSGFIN30Jan20300PE.NFO,07/01/2020,09:25:09,14.7,14.8,2400,15,4800,0,817200
IBULHSGFIN30Jan20300PE.NFO,07/01/2020,09:25:12,15,14.85,1200,15,1200,1200,817200
IBULHSGFIN30Jan20300PE.NFO,07/01/2020,09:25:13,15,14.85,1200,15.05,2400,2400,817200
IBULHSGFIN30Jan20300PE.NFO,07/01/2020,09:25:14,15,14.8,4800,15,2400,0,817200
IBULHSGFIN30Jan20300PE.NFO,07/01/2020,09:25:15,15,14.85,2400,15,2400,0,817200
IBULHSGFIN30Jan20300PE.NFO,07/01/2020,09:25:17,15,14.85,2400,15,1200,0,817200
IBULHSGFIN30Jan20300PE.NFO,07/01/2020,09:25:18,15,14.9,1200,15,1200,0,817200
IBULHSGFIN30Jan20300PE.NFO,07/01/2020,09:25:19,14.95,14.9,1200,15,1200,1200,817200
IBULHSGFIN30Jan20300PE.NFO,07/01/2020,09:25:20,15,14.95,1200,15.1,1200,1200,817200
IBULHSGFIN30Jan20300PE.NFO,07/01/2020,09:25:21,15,14.95,1200,15.1,1200,0,817200
IBULHSGFIN30Jan20300PE.NFO,07/01/2020,09:25:22,15,14.9,4800,15.1,1200,0,817200
IBULHSGFIN30Jan20300PE.NFO,07/01/2020,09:25:23,15,14.95,3600,15.1,1200,0,817200
IBULHSGFIN30Jan20300PE.NFO,07/01/2020,09:25:24,15,15,1200,15.1,1200,0,817200
IBULHSGFIN30Jan20300PE.NFO,07/01/2020,09:25:25,15,15.05,1200,15.15,1200,0,817200
IBULHSGFIN30Jan20300PE.NFO,07/01/2020,09:25:26,15,14.95,3600,15.15,1200,0,817200
IBULHSGFIN30Jan20300PE.NFO,07/01/2020,09:25:27,15,14.95,2400,15.15,3600,0,817200
IBULHSGFIN30Jan20300PE.NFO,07/01/2020,09:25:30,15,15,4800,15.25,3600,0,817200
IBULHSGFIN30Jan20300PE.NFO,07/01/2020,09:25:32,15,15,3600,15.25,3600,0,817200
IBULHSGFIN30Jan20300PE.NFO,07/01/2020,09:25:34,15,15.1,2400,15.3,2400,0,817200
IBULHSGFIN30Jan20300PE.NFO,07/01/2020,09:25:35,15,15.05,1200,15.25,2400,0,817200
IBULHSGFIN30Jan20300PE.NFO,07/01/2020,09:25:36,15,15,3600,15.2,1200,0,817200
IBULHSGFIN30Jan20300PE.NFO,07/01/2020,09:25:37,15,15.05,1200,15.25,3600,0,817200
IBULHSGFIN30Jan20300PE.NFO,07/01/2020,09:25:38,15,15,1200,15.2,2400,12000,817200
IBULHSGFIN30Jan20300PE.NFO,07/01/2020,09:25:39,15,15,1200,15.2,2400,0,817200
IBULHSGFIN30Jan20300PE.NFO,07/01/2020,09:25:40,15,15,2400,15.2,2400,0,817200
IBULHSGFIN30Jan20300PE.NFO,07/01/2020,09:25:41,15,15,2400,15.2,3600,0,817200
IBULHSGFIN30Jan20300PE.NFO,07/01/2020,09:25:43,15,15,1200,15.2,1200,0,817200
IBULHSGFIN30Jan20300PE.NFO,07/01/2020,09:25:44,15,15,2400,15.15,1200,0,817200
IBULHSGFIN30Jan20300PE.NFO,07/01/2020,09:25:45,15.15,15,3600,15.2,3600,1200,817200
IBULHSGFIN30Jan20300PE.NFO,07/01/2020,09:25:46,15,14.9,1200,15.05,2400,1200,817200
IBULHSGFIN30Jan20300PE.NFO,07/01/2020,09:25:47,15,14.9,1200,15.05,2400,0,817200
IBULHSGFIN30Jan20300PE.NFO,07/01/2020,09:25:48,15,14.85,1200,15,1200,0,817200
IBULHSGFIN30Jan20300PE.NFO,07/01/2020,09:25:49,15,14.8,4800,15,13200,0,817200
IBULHSGFIN30Jan20300PE.NFO,07/01/2020,09:25:51,15,14.8,2400,14.95,1200,0,817200
IBULHSGFIN30Jan20300PE.NFO,07/01/2020,09:25:52,15,14.85,1200,15,13200,0,817200
IBULHSGFIN30Jan20300PE.NFO,07/01/2020,09:25:55,15,14.95,1200,15,8400,4800,817200
IBULHSGFIN30Jan20300PE.NFO,07/01/2020,09:25:56,15,14.9,2400,15,7200,1200,817200
IBULHSGFIN30Jan20300PE.NFO,07/01/2020,09:25:58,15,14.9,3600,15,4800,2400,817200
IBULHSGFIN30Jan20300PE.NFO,07/01/2020,09:25:59,15,15,3600,15.1,1200,4800,817200
IBULHSGFIN30Jan20300PE.NFO,07/01/2020,09:26:00,15,15,3600,15.1,1200,0,817200
IBULHSGFIN30Jan20300PE.NFO,07/01/2020,09:26:01,15,15,4800,15.15,1200,0,817200
IBULHSGFIN30Jan20300PE.NFO,07/01/2020,09:26:03,15,15,3600,15.15,1200,0,817200
IBULHSGFIN30Jan20300PE.NFO,07/01/2020,09:26:04,15,15.1,1200,15.25,1200,0,817200
IBULHSGFIN30Jan20300PE.NFO,07/01/2020,09:26:05,15,15.05,1200,15.25,3600,0,817200
IBULHSGFIN30Jan20300PE.NFO,07/01/2020,09:26:07,15,15.1,1200,15.25,1200,0,817200
IBULHSGFIN30Jan20300PE.NFO,07/01/2020,09:26:08,15,15.15,1200,15.35,3600,0,817200
IBULHSGFIN30Jan20300PE.NFO,07/01/2020,09:26:08,15,15.1,1200,15.35,3600,0,817200
IBULHSGFIN30Jan20300PE.NFO,07/01/2020,09:26:10,15,15.05,3600,15.3,2400,0,817200
IBULHSGFIN30Jan20300PE.NFO,07/01/2020,09:26:10,15,15.1,2400,15.3,2400,0,817200
IBULHSGFIN30Jan20300PE.NFO,07/01/2020,09:26:13,15,15.1,1200,15.35,4800,0,817200
IBULHSGFIN30Jan20300PE.NFO,07/01/2020,09:26:14,15,15.15,2400,15.35,2400,0,817200
IBULHSGFIN30Jan20300PE.NFO,07/01/2020,09:26:15,15,15.1,3600,15.35,2400,0,817200
IBULHSGFIN30Jan20300PE.NFO,07/01/2020,09:26:16,15,15.1,4800,15.35,2400,0,817200
IBULHSGFIN30Jan20300PE.NFO,07/01/2020,09:26:16,15,15.1,6000,15.35,3600,0,817200
IBULHSGFIN30Jan20300PE.NFO,07/01/2020,09:26:17,15,15.1,4800,15.35,3600,0,817200
IBULHSGFIN30Jan20300PE.NFO,07/01/2020,09:26:18,15,15.2,1200,15.4,3600,0,817200
IBULHSGFIN30Jan20300PE.NFO,07/01/2020,09:26:19,15.4,15.3,1200,15.5,1200,1200,820800
IBULHSGFIN30Jan20300PE.NFO,07/01/2020,09:26:20,15.4,15.35,1200,15.5,1200,0,820800
IBULHSGFIN30Jan20300PE.NFO,07/01/2020,09:26:23,15.4,15.35,1200,15.5,2400,0,820800
IBULHSGFIN30Jan20300PE.NFO,07/01/2020,09:26:24,15.4,15.35,2400,15.5,2400,0,820800
IBULHSGFIN30Jan20300PE.NFO,07/01/2020,09:26:25,15.4,15.35,1200,15.5,1200,0,820800
IBULHSGFIN30Jan20300PE.NFO,07/01/2020,09:26:26,15.35,15.3,2400,15.5,3600,1200,820800
IBULHSGFIN30Jan20300PE.NFO,07/01/2020,09:26:27,15.35,15.3,1200,15.45,2400,0,820800
IBULHSGFIN30Jan20300PE.NFO,07/01/2020,09:26:28,15.35,15.35,1200,15.5,2400,0,820800
IBULHSGFIN30Jan20300PE.NFO,07/01/2020,09:26:29,15.25,15.25,1200,15.45,2400,2400,820800
IBULHSGFIN30Jan20300PE.NFO,07/01/2020,09:26:30,15.25,15.1,3600,15.35,2400,0,820800
IBULHSGFIN30Jan20300PE.NFO,07/01/2020,09:26:31,15.25,15.1,2400,15.3,1200,0,820800
IBULHSGFIN30Jan20300PE.NFO,07/01/2020,09:26:32,15.25,15.25,1200,15.35,1200,0,820800
IBULHSGFIN30Jan20300PE.NFO,07/01/2020,09:26:34,15.25,15.25,1200,15.35,2400,0,820800
IBULHSGFIN30Jan20300PE.NFO,07/01/2020,09:26:36,15.25,15.25,1200,15.35,1200,0,820800
IBULHSGFIN30Jan20300PE.NFO,07/01/2020,09:26:37,15.25,15.25,1200,15.4,1200,0,820800
IBULHSGFIN30Jan20300PE.NFO,07/01/2020,09:26:39,15.25,15.3,1200,15.45,2400,0,820800
IBULHSGFIN30Jan20300PE.NFO,07/01/2020,09:26:40,15.25,15.3,3600,15.5,2400,0,820800
IBULHSGFIN30Jan20300PE.NFO,07/01/2020,09:26:42,15.25,15.3,3600,15.5,3600,0,820800
IBULHSGFIN30Jan20300PE.NFO,07/01/2020,09:26:43,15.25,15.35,1200,15.55,4800,0,820800
IBULHSGFIN30Jan20300PE.NFO,07/01/2020,09:26:44,15.25,15.35,1200,15.5,1200,0,820800
IBULHSGFIN30Jan20300PE.NFO,07/01/2020,09:26:45,15.25,15.35,2400,15.55,3600,0,820800
IBULHSGFIN30Jan20300PE.NFO,07/01/2020,09:26:47,15.25,15.35,1200,15.55,3600,0,820800
IBULHSGFIN30Jan20300PE.NFO,07/01/2020,09:26:49,15.25,15.35,2400,15.5,1200,0,820800
IBULHSGFIN30Jan20300PE.NFO,07/01/2020,09:26:50,15.25,15.35,2400,15.55,3600,0,820800
IBULHSGFIN30Jan20300PE.NFO,07/01/2020,09:26:51,15.25,15.35,1200,15.5,2400,0,820800
IBULHSGFIN30Jan20300PE.NFO,07/01/2020,09:26:52,15.25,15.3,2400,15.45,1200,0,820800
IBULHSGFIN30Jan20300PE.NFO,07/01/2020,09:26:54,15.5,15.35,1200,15.5,1200,1200,820800
IBULHSGFIN30Jan20300PE.NFO,07/01/2020,09:26:54,15.5,15.35,1200,15.5,3600,0,820800
IBULHSGFIN30Jan20300PE.NFO,07/01/2020,09:26:55,15.5,15.35,1200,15.5,4800,0,820800
IBULHSGFIN30Jan20300PE.NFO,07/01/2020,09:26:57,15.5,15.35,1200,15.5,3600,0,820800
IBULHSGFIN30Jan20300PE.NFO,07/01/2020,09:26:59,15.5,15.35,1200,15.5,2400,0,820800
IBULHSGFIN30Jan20300PE.NFO,07/01/2020,09:27:00,15.5,15.35,1200,15.5,1200,0,820800
IBULHSGFIN30Jan20300PE.NFO,07/01/2020,09:27:01,15.5,15.35,1200,15.5,4800,0,820800
IBULHSGFIN30Jan20300PE.NFO,07/01/2020,09:27:02,15.5,15.35,1200,15.5,3600,0,820800
IBULHSGFIN30Jan20300PE.NFO,07/01/2020,09:27:05,15.5,15.35,1200,15.5,4800,0,820800
IBULHSGFIN30Jan20300PE.NFO,07/01/2020,09:27:06,15.5,15.35,1200,15.5,2400,0,820800
IBULHSGFIN30Jan20300PE.NFO,07/01/2020,09:27:07,15.5,15.35,1200,15.5,3600,0,820800
IBULHSGFIN30Jan20300PE.NFO,07/01/2020,09:27:11,15.35,15.2,1200,15.4,2400,1200,820800
IBULHSGFIN30Jan20300PE.NFO,07/01/2020,09:27:12,15.35,15.25,1200,15.45,1200,0,820800
IBULHSGFIN30Jan20300PE.NFO,07/01/2020,09:27:17,15.35,15.25,3600,15.45,2400,0,820800
IBULHSGFIN30Jan20300PE.NFO,07/01/2020,09:27:23,15.35,15.3,1200,15.45,2400,0,820800
IBULHSGFIN30Jan20300PE.NFO,07/01/2020,09:27:29,15.35,15.25,2400,15.45,4800,0,820800
IBULHSGFIN30Jan20300PE.NFO,07/01/2020,09:27:35,15.35,15.2,2400,15.4,1200,1200,820800
IBULHSGFIN30Jan20300PE.NFO,07/01/2020,09:27:41,15.35,15.2,1200,15.35,1200,0,820800
IBULHSGFIN30Jan20300PE.NFO,07/01/2020,09:27:47,15.35,15.2,1200,15.35,2400,0,820800
IBULHSGFIN30Jan20300PE.NFO,07/01/2020,09:27:54,15.35,15.15,1200,15.25,1200,1200,820800
IBULHSGFIN30Jan20300PE.NFO,07/01/2020,09:28:08,15.2,15.1,3600,15.3,2400,1200,820800
IBULHSGFIN30Jan20300PE.NFO,07/01/2020,09:28:14,15.2,15.15,2400,15.35,3600,0,820800
IBULHSGFIN30Jan20300PE.NFO,07/01/2020,09:28:25,15.2,15.25,1200,15.4,1200,0,820800
IBULHSGFIN30Jan20300PE.NFO,07/01/2020,09:28:31,15.2,15.3,1200,15.45,1200,0,820800
IBULHSGFIN30Jan20300PE.NFO,07/01/2020,09:28:37,15.4,15.35,1200,15.5,1200,1200,820800
IBULHSGFIN30Jan20300PE.NFO,07/01/2020,09:28:41,15.4,15.3,3600,15.5,1200,0,820800
IBULHSGFIN30Jan20300PE.NFO,07/01/2020,09:28:46,15.4,15.3,2400,15.45,1200,0,820800
IBULHSGFIN30Jan20300PE.NFO,07/01/2020,09:28:52,15.3,15.15,1200,15.3,1200,1200,820800
IBULHSGFIN30Jan20300PE.NFO,07/01/2020,09:28:58,15.3,15.15,1200,15.35,2400,0,820800
IBULHSGFIN30Jan20300PE.NFO,07/01/2020,09:29:03,15.3,15.1,1200,15.25,2400,0,820800
IBULHSGFIN30Jan20300PE.NFO,07/01/2020,09:29:09,15,14.9,1200,15.05,1200,1200,820800
IBULHSGFIN30Jan20300PE.NFO,07/01/2020,09:29:14,15,14.8,2400,15,2400,0,820800
IBULHSGFIN30Jan20300PE.NFO,07/01/2020,09:29:20,15,14.85,2400,15.05,1200,0,820800
IBULHSGFIN30Jan20300PE.NFO,07/01/2020,09:29:25,15,14.95,1200,15.15,2400,0,820800
IBULHSGFIN30Jan20300PE.NFO,07/01/2020,09:29:31,15,14.85,2400,15,1200,1200,823200
IBULHSGFIN30Jan20300PE.NFO,07/01/2020,09:29:37,15.1,14.9,1200,15.1,1200,1200,823200
IBULHSGFIN30Jan20300PE.NFO,07/01/2020,09:29:47,15.1,14.95,2400,15.2,1200,0,823200
IBULHSGFIN30Jan20300PE.NFO,07/01/2020,09:29:51,15.1,14.9,1200,15,1200,0,823200
IBULHSGFIN30Jan20300PE.NFO,07/01/2020,09:30:00,15.1,15,1200,15.2,2400,0,823200
IBULHSGFIN30Jan20300PE.NFO,07/01/2020,09:30:04,14.8,14.7,1200,14.85,1200,1200,823200
IBULHSGFIN30Jan20300PE.NFO,07/01/2020,09:30:10,14.8,14.7,2400,14.9,1200,0,823200
IBULHSGFIN30Jan20300PE.NFO,07/01/2020,09:30:15,14.7,14.75,1200,14.95,2400,1200,823200
IBULHSGFIN30Jan20300PE.NFO,07/01/2020,09:30:20,14.7,14.65,1200,14.85,1200,0,823200
IBULHSGFIN30Jan20300PE.NFO,07/01/2020,09:30:25,14.7,14.6,1200,14.75,1200,0,823200
IBULHSGFIN30Jan20300PE.NFO,07/01/2020,09:30:30,14.7,14.6,1200,14.75,3600,0,823200
IBULHSGFIN30Jan20300PE.NFO,07/01/2020,09:30:35,14.7,14.65,1200,14.8,2400,0,823200
IBULHSGFIN30Jan20300PE.NFO,07/01/2020,09:30:40,14.7,14.6,1200,14.8,1200,0,823200
IBULHSGFIN30Jan20300PE.NFO,07/01/2020,09:30:45,14.7,14.65,2400,14.8,1200,0,823200
IBULHSGFIN30Jan20300PE.NFO,07/01/2020,09:30:50,14.7,14.6,4800,14.8,2400,0,823200
IBULHSGFIN30Jan20300PE.NFO,07/01/2020,09:30:55,14.7,14.65,1200,14.85,1200,0,823200
IBULHSGFIN30Jan20300PE.NFO,07/01/2020,09:30:59,14.7,14.7,3600,14.8,1200,0,823200
IBULHSGFIN30Jan20300PE.NFO,07/01/2020,09:31:05,14.5,14.45,3600,14.65,1200,6000,823200
IBULHSGFIN30Jan20300PE.NFO,07/01/2020,09:31:05,14.5,14.45,3600,14.65,1200,0,823200
IBULHSGFIN30Jan20300PE.NFO,07/01/2020,09:31:11,14.75,14.55,1200,14.75,1200,2400,823200
IBULHSGFIN30Jan20300PE.NFO,07/01/2020,09:31:18,14.75,14.55,1200,14.7,2400,0,823200
IBULHSGFIN30Jan20300PE.NFO,07/01/2020,09:31:23,14.75,14.6,2400,14.75,1200,0,823200
IBULHSGFIN30Jan20300PE.NFO,07/01/2020,09:31:29,14.75,14.6,1200,14.75,1200,0,823200
IBULHSGFIN30Jan20300PE.NFO,07/01/2020,09:31:46,14.75,14.75,2400,14.9,1200,1200,823200
IBULHSGFIN30Jan20300PE.NFO,07/01/2020,09:31:51,14.75,14.8,1200,15,1200,0,823200
IBULHSGFIN30Jan20300PE.NFO,07/01/2020,09:31:56,14.75,14.65,1200,14.8,1200,0,823200
IBULHSGFIN30Jan20300PE.NFO,07/01/2020,09:32:02,14.65,14.45,3600,14.65,1200,1200,823200
IBULHSGFIN30Jan20300PE.NFO,07/01/2020,09:32:07,14.2,14.15,1200,14.35,1200,3600,823200
IBULHSGFIN30Jan20300PE.NFO,07/01/2020,09:32:07,14.2,14.15,1200,14.35,1200,0,823200
IBULHSGFIN30Jan20300PE.NFO,07/01/2020,09:32:13,14.2,14.2,1200,14.4,2400,0,823200
IBULHSGFIN30Jan20300PE.NFO,07/01/2020,09:32:19,14.2,14.15,1200,14.35,3600,0,823200
IBULHSGFIN30Jan20300PE.NFO,07/01/2020,09:32:25,14.2,14.15,2400,14.35,4800,0,823200
IBULHSGFIN30Jan20300PE.NFO,07/01/2020,09:32:31,14.4,14.25,1200,14.35,1200,2400,825600
IBULHSGFIN30Jan20300PE.NFO,07/01/2020,09:32:37,14.35,14.3,1200,14.5,2400,1200,825600
IBULHSGFIN30Jan20300PE.NFO,07/01/2020,09:32:42,14.25,14.2,4800,14.4,1200,1200,825600
IBULHSGFIN30Jan20300PE.NFO,07/01/2020,09:32:48,14.25,14.35,1200,14.5,2400,0,825600
IBULHSGFIN30Jan20300PE.NFO,07/01/2020,09:32:54,14.4,14.35,2400,14.55,2400,4800,825600
IBULHSGFIN30Jan20300PE.NFO,07/01/2020,09:32:59,14.4,14.4,1200,14.6,1200,0,825600
IBULHSGFIN30Jan20300PE.NFO,07/01/2020,09:33:06,14.4,14.35,3600,14.6,1200,0,825600
IBULHSGFIN30Jan20300PE.NFO,07/01/2020,09:33:11,14.4,14.2,1200,14.4,1200,1200,825600
IBULHSGFIN30Jan20300PE.NFO,07/01/2020,09:33:13,14.4,14.25,2400,14.45,2400,0,825600
IBULHSGFIN30Jan20300PE.NFO,07/01/2020,09:33:14,14.4,14.25,3600,14.45,2400,0,825600
IBULHSGFIN30Jan20300PE.NFO,07/01/2020,09:33:15,14.4,14.3,1200,14.45,1200,0,825600
IBULHSGFIN30Jan20300PE.NFO,07/01/2020,09:33:15,14.4,14.3,1200,14.5,2400,0,825600
IBULHSGFIN30Jan20300PE.NFO,07/01/2020,09:33:19,14.4,14.25,1200,14.45,1200,0,825600
IBULHSGFIN30Jan20300PE.NFO,07/01/2020,09:33:20,14.4,14.25,1200,14.4,1200,0,825600
IBULHSGFIN30Jan20300PE.NFO,07/01/2020,09:33:21,14.4,14.3,1200,14.45,1200,0,825600
IBULHSGFIN30Jan20300PE.NFO,07/01/2020,09:33:24,14.4,14.25,2400,14.45,1200,0,825600
IBULHSGFIN30Jan20300PE.NFO,07/01/2020,09:33:24,14.4,14.2,3600,14.4,1200,0,825600
IBULHSGFIN30Jan20300PE.NFO,07/01/2020,09:33:26,14.4,14.25,1200,14.45,1200,0,825600
IBULHSGFIN30Jan20300PE.NFO,07/01/2020,09:33:27,14.4,14.2,1200,14.4,1200,0,825600
IBULHSGFIN30Jan20300PE.NFO,07/01/2020,09:33:30,14.4,14.2,1200,14.4,2400,0,825600
IBULHSGFIN30Jan20300PE.NFO,07/01/2020,09:33:34,14.4,14.2,3600,14.4,2400,0,825600
IBULHSGFIN30Jan20300PE.NFO,07/01/2020,09:33:34,14.4,14.2,1200,14.35,1200,0,825600
IBULHSGFIN30Jan20300PE.NFO,07/01/2020,09:33:35,14.4,14.2,2400,14.4,2400,0,825600
IBULHSGFIN30Jan20300PE.NFO,07/01/2020,09:33:38,14.2,14.15,4800,14.4,2400,1200,825600
IBULHSGFIN30Jan20300PE.NFO,07/01/2020,09:33:39,14.2,14.15,4800,14.4,2400,0,825600
IBULHSGFIN30Jan20300PE.NFO,07/01/2020,09:33:40,14.2,14.3,1200,14.4,1200,0,825600
IBULHSGFIN30Jan20300PE.NFO,07/01/2020,09:33:41,14.2,14.2,1200,14.4,2400,0,825600
IBULHSGFIN30Jan20300PE.NFO,07/01/2020,09:33:43,14.2,14.25,1200,14.4,2400,0,825600
IBULHSGFIN30Jan20300PE.NFO,07/01/2020,09:33:44,14.45,14.25,2400,14.5,3600,2400,825600
IBULHSGFIN30Jan20300PE.NFO,07/01/2020,09:33:45,14.45,14.25,3600,14.45,1200,0,825600
IBULHSGFIN30Jan20300PE.NFO,07/01/2020,09:33:46,14.45,14.25,2400,14.45,1200,0,825600
IBULHSGFIN30Jan20300PE.NFO,07/01/2020,09:33:48,14.45,14.3,1200,14.45,2400,0,825600
IBULHSGFIN30Jan20300PE.NFO,07/01/2020,09:33:50,14.3,14.3,1200,14.5,2400,1200,825600
IBULHSGFIN30Jan20300PE.NFO,07/01/2020,09:33:51,14.3,14.3,1200,14.5,4800,0,825600
IBULHSGFIN30Jan20300PE.NFO,07/01/2020,09:33:55,14.3,14.35,1200,14.55,2400,0,825600
IBULHSGFIN30Jan20300PE.NFO,07/01/2020,09:33:55,14.3,14.3,2400,14.55,3600,0,825600
IBULHSGFIN30Jan20300PE.NFO,07/01/2020,09:33:56,14.3,14.3,2400,14.55,2400,0,825600
IBULHSGFIN30Jan20300PE.NFO,07/01/2020,09:33:58,14.3,14.3,3600,14.5,1200,0,825600
IBULHSGFIN30Jan20300PE.NFO,07/01/2020,09:33:59,14.3,14.25,2400,14.45,2400,0,825600
IBULHSGFIN30Jan20300PE.NFO,07/01/2020,09:34:01,14.3,14.25,2400,14.5,2400,0,825600
IBULHSGFIN30Jan20300PE.NFO,07/01/2020,09:34:02,14.3,14.25,2400,14.45,1200,0,825600
IBULHSGFIN30Jan20300PE.NFO,07/01/2020,09:34:05,14.3,14.25,2400,14.45,3600,0,825600
IBULHSGFIN30Jan20300PE.NFO,07/01/2020,09:34:06,14.3,14.25,2400,14.45,1200,0,825600
IBULHSGFIN30Jan20300PE.NFO,07/01/2020,09:34:07,14.3,14.25,2400,14.4,1200,0,825600
IBULHSGFIN30Jan20300PE.NFO,07/01/2020,09:34:07,14.3,14.25,2400,14.45,2400,0,825600
IBULHSGFIN30Jan20300PE.NFO,07/01/2020,09:34:10,14.3,14.25,2400,14.45,1200,0,825600
IBULHSGFIN30Jan20300PE.NFO,07/01/2020,09:34:14,14.3,14.25,2400,14.45,2400,0,825600
IBULHSGFIN30Jan20300PE.NFO,07/01/2020,09:34:15,14.3,14.25,2400,14.45,1200,0,825600
IBULHSGFIN30Jan20300PE.NFO,07/01/2020,09:34:16,14.3,14.25,3600,14.5,2400,0,825600
IBULHSGFIN30Jan20300PE.NFO,07/01/2020,09:34:17,14.3,14.3,3600,14.5,2400,0,825600
IBULHSGFIN30Jan20300PE.NFO,07/01/2020,09:34:18,14.3,14.3,2400,14.5,1200,0,825600
IBULHSGFIN30Jan20300PE.NFO,07/01/2020,09:34:20,14.3,14.35,2400,14.55,2400,0,825600
IBULHSGFIN30Jan20300PE.NFO,07/01/2020,09:34:22,14.3,14.4,1200,14.6,2400,0,825600
IBULHSGFIN30Jan20300PE.NFO,07/01/2020,09:34:23,14.3,14.35,2400,14.55,1200,0,825600
IBULHSGFIN30Jan20300PE.NFO,07/01/2020,09:34:25,14.3,14.35,2400,14.55,2400,0,825600
IBULHSGFIN30Jan20300PE.NFO,07/01/2020,09:34:25,14.3,14.4,2400,14.6,2400,0,825600
IBULHSGFIN30Jan20300PE.NFO,07/01/2020,09:34:26,14.3,14.45,1200,14.6,1200,0,825600
IBULHSGFIN30Jan20300PE.NFO,07/01/2020,09:34:28,14.65,14.45,3600,14.7,1200,1200,825600
IBULHSGFIN30Jan20300PE.NFO,07/01/2020,09:34:29,14.65,14.6,2400,14.8,2400,0,825600
IBULHSGFIN30Jan20300PE.NFO,07/01/2020,09:34:29,14.65,14.5,1200,14.75,2400,0,825600
IBULHSGFIN30Jan20300PE.NFO,07/01/2020,09:34:31,14.65,14.5,3600,14.75,1200,0,825600
IBULHSGFIN30Jan20300PE.NFO,07/01/2020,09:34:32,14.65,14.6,1200,14.75,1200,0,825600
IBULHSGFIN30Jan20300PE.NFO,07/01/2020,09:34:33,14.65,14.65,2400,14.8,2400,0,825600
IBULHSGFIN30Jan20300PE.NFO,07/01/2020,09:34:35,14.8,14.65,3600,14.8,1200,1200,825600
IBULHSGFIN30Jan20300PE.NFO,07/01/2020,09:34:36,14.8,14.65,3600,14.9,1200,1200,825600
IBULHSGFIN30Jan20300PE.NFO,07/01/2020,09:34:37,14.8,14.7,2400,14.95,1200,0,825600
IBULHSGFIN30Jan20300PE.NFO,07/01/2020,09:34:37,14.8,14.7,3600,14.95,1200,0,825600
IBULHSGFIN30Jan20300PE.NFO,07/01/2020,09:34:38,14.8,14.75,1200,14.95,1200,0,825600
IBULHSGFIN30Jan20300PE.NFO,07/01/2020,09:34:40,14.8,14.7,2400,14.9,3600,0,825600
IBULHSGFIN30Jan20300PE.NFO,07/01/2020,09:34:41,14.8,14.7,1200,14.9,1200,0,825600
IBULHSGFIN30Jan20300PE.NFO,07/01/2020,09:34:42,14.8,14.65,2400,14.9,2400,0,825600
IBULHSGFIN30Jan20300PE.NFO,07/01/2020,09:34:43,14.8,14.65,2400,14.85,1200,0,825600
IBULHSGFIN30Jan20300PE.NFO,07/01/2020,09:34:46,14.8,14.6,1200,14.8,1200,0,825600
IBULHSGFIN30Jan20300PE.NFO,07/01/2020,09:34:48,14.8,14.6,2400,14.85,1200,0,825600
IBULHSGFIN30Jan20300PE.NFO,07/01/2020,09:34:49,14.8,14.7,1200,14.9,1200,0,825600
IBULHSGFIN30Jan20300PE.NFO,07/01/2020,09:34:50,14.8,14.7,2400,14.95,2400,0,825600
IBULHSGFIN30Jan20300PE.NFO,07/01/2020,09:34:51,14.8,14.7,2400,14.9,1200,0,825600
IBULHSGFIN30Jan20300PE.NFO,07/01/2020,09:34:55,14.8,14.7,1200,14.95,2400,0,825600
IBULHSGFIN30Jan20300PE.NFO,07/01/2020,09:34:55,14.8,14.7,1200,14.9,1200,0,825600
IBULHSGFIN30Jan20300PE.NFO,07/01/2020,09:34:57,14.8,14.7,1200,14.95,2400,0,825600
IBULHSGFIN30Jan20300PE.NFO,07/01/2020,09:35:01,14.8,14.7,3600,14.9,1200,0,825600
IBULHSGFIN30Jan20300PE.NFO,07/01/2020,09:35:02,14.8,14.7,2400,14.9,1200,0,825600
IBULHSGFIN30Jan20300PE.NFO,07/01/2020,09:35:02,14.8,14.7,1200,14.9,1200,0,825600
IBULHSGFIN30Jan20300PE.NFO,07/01/2020,09:35:03,14.8,14.75,1200,14.9,1200,0,825600
IBULHSGFIN30Jan20300PE.NFO,07/01/2020,09:35:04,14.8,14.7,6000,14.9,1200,0,825600
IBULHSGFIN30Jan20300PE.NFO,07/01/2020,09:35:05,14.8,14.7,2400,14.85,1200,0,825600
IBULHSGFIN30Jan20300PE.NFO,07/01/2020,09:35:07,14.8,14.65,4800,14.85,1200,0,825600
IBULHSGFIN30Jan20300PE.NFO,07/01/2020,09:35:08,14.8,14.7,1200,14.9,3600,0,825600
IBULHSGFIN30Jan20300PE.NFO,07/01/2020,09:35:12,14.9,14.7,1200,14.9,2400,1200,825600
IBULHSGFIN30Jan20300PE.NFO,07/01/2020,09:35:12,14.9,14.7,1200,14.9,2400,0,825600
IBULHSGFIN30Jan20300PE.NFO,07/01/2020,09:35:21,14.9,14.7,2400,14.9,2400,0,825600
IBULHSGFIN30Jan20300PE.NFO,07/01/2020,09:35:26,14.9,14.9,1200,15.1,2400,0,825600
IBULHSGFIN30Jan20300PE.NFO,07/01/2020,09:35:36,15.15,15,2400,15.25,1200,2400,820800
IBULHSGFIN30Jan20300PE.NFO,07/01/2020,09:35:42,15.15,15.15,2400,15.3,1200,0,820800
IBULHSGFIN30Jan20300PE.NFO,07/01/2020,09:35:49,15.25,15.2,1200,15.45,2400,2400,820800
IBULHSGFIN30Jan20300PE.NFO,07/01/2020,09:35:55,15.25,15.2,1200,15.4,1200,0,820800
IBULHSGFIN30Jan20300PE.NFO,07/01/2020,09:36:00,15.25,15.2,1200,15.4,2400,0,820800
IBULHSGFIN30Jan20300PE.NFO,07/01/2020,09:36:06,15.25,15.05,4800,15.3,3600,0,820800
IBULHSGFIN30Jan20300PE.NFO,07/01/2020,09:36:11,15.25,15.05,3600,15.3,2400,1200,820800
IBULHSGFIN30Jan20300PE.NFO,07/01/2020,09:36:12,15.25,15.05,2400,15.2,1200,0,820800
IBULHSGFIN30Jan20300PE.NFO,07/01/2020,09:36:13,15.25,15.1,1200,15.35,1200,0,820800
IBULHSGFIN30Jan20300PE.NFO,07/01/2020,09:36:14,15.25,15.15,1200,15.4,2400,0,820800
IBULHSGFIN30Jan20300PE.NFO,07/01/2020,09:36:15,15.25,15.15,2400,15.4,2400,0,820800
IBULHSGFIN30Jan20300PE.NFO,07/01/2020,09:36:17,15.25,15.15,2400,15.35,2400,0,820800
IBULHSGFIN30Jan20300PE.NFO,07/01/2020,09:36:19,15.25,15.1,2400,15.3,3600,0,820800
IBULHSGFIN30Jan20300PE.NFO,07/01/2020,09:36:20,15.25,15.05,2400,15.25,1200,0,820800
IBULHSGFIN30Jan20300PE.NFO,07/01/2020,09:36:21,15.25,15.15,3600,15.35,1200,0,820800
IBULHSGFIN30Jan20300PE.NFO,07/01/2020,09:36:25,15.25,15.1,3600,15.35,2400,0,820800
IBULHSGFIN30Jan20300PE.NFO,07/01/2020,09:36:25,15.25,15.1,2400,15.3,2400,0,820800
IBULHSGFIN30Jan20300PE.NFO,07/01/2020,09:36:26,15.25,15.05,3600,15.3,3600,0,820800
IBULHSGFIN30Jan20300PE.NFO,07/01/2020,09:36:28,15.25,15.05,3600,15.25,1200,0,820800
IBULHSGFIN30Jan20300PE.NFO,07/01/2020,09:36:29,15.25,15.15,1200,15.3,1200,0,820800
IBULHSGFIN30Jan20300PE.NFO,07/01/2020,09:36:30,15.25,15.1,3600,15.3,1200,0,820800
IBULHSGFIN30Jan20300PE.NFO,07/01/2020,09:36:31,15.25,15.1,3600,15.3,2400,0,820800
IBULHSGFIN30Jan20300PE.NFO,07/01/2020,09:36:33,15.25,15.1,1200,15.25,1200,0,820800
IBULHSGFIN30Jan20300PE.NFO,07/01/2020,09:36:34,15.25,15.1,1200,15.25,2400,0,820800
IBULHSGFIN30Jan20300PE.NFO,07/01/2020,09:36:35,15.25,15.05,2400,15.25,2400,0,820800
IBULHSGFIN30Jan20300PE.NFO,07/01/2020,09:36:38,15.25,15.05,2400,15.25,3600,0,820800
IBULHSGFIN30Jan20300PE.NFO,07/01/2020,09:36:38,15.25,15.1,1200,15.3,2400,0,820800
IBULHSGFIN30Jan20300PE.NFO,07/01/2020,09:36:40,15.25,15.05,4800,15.25,1200,0,820800
IBULHSGFIN30Jan20300PE.NFO,07/01/2020,09:36:41,15.25,15.1,1200,15.25,1200,0,820800
IBULHSGFIN30Jan20300PE.NFO,07/01/2020,09:36:42,15.25,15.05,3600,15.25,1200,0,820800
IBULHSGFIN30Jan20300PE.NFO,07/01/2020,09:36:44,15.25,15.05,3600,15.2,1200,0,820800
IBULHSGFIN30Jan20300PE.NFO,07/01/2020,09:36:44,15.25,15.05,2400,15.25,3600,0,820800
IBULHSGFIN30Jan20300PE.NFO,07/01/2020,09:36:45,15.25,15,4800,15.2,6000,0,820800
IBULHSGFIN30Jan20300PE.NFO,07/01/2020,09:36:46,15.25,15,4800,15.2,3600,0,820800
IBULHSGFIN30Jan20300PE.NFO,07/01/2020,09:36:48,15.25,15,2400,15.2,3600,0,820800
IBULHSGFIN30Jan20300PE.NFO,07/01/2020,09:36:49,15.25,15,3600,15.15,1200,0,820800
IBULHSGFIN30Jan20300PE.NFO,07/01/2020,09:36:50,15.25,15,2400,15.15,1200,0,820800
IBULHSGFIN30Jan20300PE.NFO,07/01/2020,09:36:52,15.25,15,2400,15.2,3600,0,820800
IBULHSGFIN30Jan20300PE.NFO,07/01/2020,09:36:54,15.25,15.05,3600,15.2,1200,0,820800
IBULHSGFIN30Jan20300PE.NFO,07/01/2020,09:36:55,15.25,15.05,3600,15.25,2400,0,820800
IBULHSGFIN30Jan20300PE.NFO,07/01/2020,09:36:56,15.25,15.05,1200,15.25,2400,0,820800
IBULHSGFIN30Jan20300PE.NFO,07/01/2020,09:36:57,15.25,15,4800,15.2,1200,0,820800
IBULHSGFIN30Jan20300PE.NFO,07/01/2020,09:36:58,15.25,15,6000,15.2,1200,0,820800
IBULHSGFIN30Jan20300PE.NFO,07/01/2020,09:36:59,15.05,15.05,1200,15.2,1200,1200,820800
IBULHSGFIN30Jan20300PE.NFO,07/01/2020,09:37:00,15.05,15,4800,15.2,2400,0,820800
IBULHSGFIN30Jan20300PE.NFO,07/01/2020,09:37:02,15.05,15,2400,15.15,1200,0,820800
IBULHSGFIN30Jan20300PE.NFO,07/01/2020,09:37:03,15.05,15,3600,15.2,3600,0,820800
IBULHSGFIN30Jan20300PE.NFO,07/01/2020,09:37:03,15.05,15,2400,15.15,1200,0,820800
IBULHSGFIN30Jan20300PE.NFO,07/01/2020,09:37:04,15.05,15,3600,15.2,3600,0,820800
IBULHSGFIN30Jan20300PE.NFO,07/01/2020,09:37:06,15.05,15,2400,15.15,2400,0,820800
IBULHSGFIN30Jan20300PE.NFO,07/01/2020,09:37:07,15.2,15.1,1200,15.3,2400,2400,820800
IBULHSGFIN30Jan20300PE.NFO,07/01/2020,09:37:08,15.2,15.1,2400,15.3,1200,0,820800
IBULHSGFIN30Jan20300PE.NFO,07/01/2020,09:37:09,15.2,15.1,3600,15.35,3600,0,820800
IBULHSGFIN30Jan20300PE.NFO,07/01/2020,09:37:10,15.2,15.1,6000,15.3,1200,0,820800
IBULHSGFIN30Jan20300PE.NFO,07/01/2020,09:37:11,15.2,15.1,1200,15.25,1200,0,820800
IBULHSGFIN30Jan20300PE.NFO,07/01/2020,09:37:18,15.1,15,4800,15.2,1200,2400,820800
IBULHSGFIN30Jan20300PE.NFO,07/01/2020,09:37:23,15.1,15.15,1200,15.25,1200,0,820800
IBULHSGFIN30Jan20300PE.NFO,07/01/2020,09:37:28,15.15,15.1,3600,15.3,2400,1200,820800
IBULHSGFIN30Jan20300PE.NFO,07/01/2020,09:37:33,15.15,15.1,2400,15.3,2400,0,820800
IBULHSGFIN30Jan20300PE.NFO,07/01/2020,09:37:37,15.15,15.05,4800,15.25,1200,0,820800
IBULHSGFIN30Jan20300PE.NFO,07/01/2020,09:37:41,15.15,15.05,2400,15.25,2400,0,820800
IBULHSGFIN30Jan20300PE.NFO,07/01/2020,09:37:45,15.2,15,7200,15.2,1200,1200,820800
IBULHSGFIN30Jan20300PE.NFO,07/01/2020,09:37:49,15.05,14.9,1200,15.1,2400,3600,820800
IBULHSGFIN30Jan20300PE.NFO,07/01/2020,09:37:53,15.05,14.95,1200,15.1,2400,0,820800
IBULHSGFIN30Jan20300PE.NFO,07/01/2020,09:37:58,15.05,14.9,2400,15.1,2400,0,820800
IBULHSGFIN30Jan20300PE.NFO,07/01/2020,09:38:02,15.05,14.9,3600,15.1,2400,0,820800
IBULHSGFIN30Jan20300PE.NFO,07/01/2020,09:38:07,15.05,14.85,2400,15,1200,0,820800
IBULHSGFIN30Jan20300PE.NFO,07/01/2020,09:38:11,15.05,14.8,3600,15,3600,0,820800
IBULHSGFIN30Jan20300PE.NFO,07/01/2020,09:38:16,15.05,14.85,3600,15.05,2400,0,820800
IBULHSGFIN30Jan20300PE.NFO,07/01/2020,09:38:20,15.05,14.9,1200,15.1,2400,1200,822000
IBULHSGFIN30Jan20300PE.NFO,07/01/2020,09:38:24,15.05,14.95,1200,15.1,1200,0,822000
IBULHSGFIN30Jan20300PE.NFO,07/01/2020,09:38:28,15.05,15,1200,15.15,2400,0,822000
IBULHSGFIN30Jan20300PE.NFO,07/01/2020,09:38:32,15.05,14.95,3600,15.15,2400,0,822000
IBULHSGFIN30Jan20300PE.NFO,07/01/2020,09:38:37,15.05,14.95,4800,15.15,2400,0,822000
IBULHSGFIN30Jan20300PE.NFO,07/01/2020,09:38:41,15.05,15.05,1200,15.15,1200,0,822000
IBULHSGFIN30Jan20300PE.NFO,07/01/2020,09:38:45,15.05,15,2400,15.15,1200,0,822000
IBULHSGFIN30Jan20300PE.NFO,07/01/2020,09:38:50,15.05,15.05,1200,15.15,2400,0,822000
IBULHSGFIN30Jan20300PE.NFO,07/01/2020,09:38:54,15.15,15.1,1200,15.25,1200,2400,822000
IBULHSGFIN30Jan20300PE.NFO,07/01/2020,09:38:58,15.15,15.1,4800,15.25,1200,0,822000
IBULHSGFIN30Jan20300PE.NFO,07/01/2020,09:39:02,15.15,15.1,1200,15.25,2400,0,822000
IBULHSGFIN30Jan20300PE.NFO,07/01/2020,09:39:07,15.05,15,4800,15.2,6000,2400,822000
IBULHSGFIN30Jan20300PE.NFO,07/01/2020,09:39:11,15.05,15.05,2400,15.2,1200,0,822000
IBULHSGFIN30Jan20300PE.NFO,07/01/2020,09:39:16,15.05,14.95,1200,15.1,6000,0,822000
IBULHSGFIN30Jan20300PE.NFO,07/01/2020,09:39:21,15.05,14.95,1200,15.05,1200,0,822000
IBULHSGFIN30Jan20300PE.NFO,07/01/2020,09:39:30,15.05,15,1200,15.15,2400,0,822000
IBULHSGFIN30Jan20300PE.NFO,07/01/2020,09:39:34,15.05,15,4800,15.2,2400,0,822000
IBULHSGFIN30Jan20300PE.NFO,07/01/2020,09:39:38,15.05,15.05,3600,15.25,2400,0,822000
IBULHSGFIN30Jan20300PE.NFO,07/01/2020,09:39:42,15.05,15.1,3600,15.3,2400,0,822000
IBULHSGFIN30Jan20300PE.NFO,07/01/2020,09:39:47,15.05,15.1,8400,15.3,1200,0,822000
IBULHSGFIN30Jan20300PE.NFO,07/01/2020,09:39:51,15.05,15.15,2400,15.3,1200,0,822000
IBULHSGFIN30Jan20300PE.NFO,07/01/2020,09:39:55,15.05,15.15,1200,15.3,1200,0,822000
IBULHSGFIN30Jan20300PE.NFO,07/01/2020,09:39:59,15.05,15.1,1200,15.25,1200,0,822000
IBULHSGFIN30Jan20300PE.NFO,07/01/2020,09:40:03,15.05,15,2400,15.15,2400,0,822000
IBULHSGFIN30Jan20300PE.NFO,07/01/2020,09:40:08,14.8,14.7,2400,14.85,1200,2400,822000
IBULHSGFIN30Jan20300PE.NFO,07/01/2020,09:40:14,14.8,14.7,1200,14.85,3600,0,822000
IBULHSGFIN30Jan20300PE.NFO,07/01/2020,09:40:19,14.75,14.8,2400,15,1200,1200,822000
IBULHSGFIN30Jan20300PE.NFO,07/01/2020,09:40:24,14.75,15,1200,15.2,3600,0,822000
IBULHSGFIN30Jan20300PE.NFO,07/01/2020,09:40:29,14.75,14.9,2400,15.15,8400,0,822000
IBULHSGFIN30Jan20300PE.NFO,07/01/2020,09:40:33,14.75,14.95,1200,15.15,1200,0,822000
IBULHSGFIN30Jan20300PE.NFO,07/01/2020,09:40:39,14.9,14.9,1200,15.1,2400,1200,822000
IBULHSGFIN30Jan20300PE.NFO,07/01/2020,09:40:44,14.9,14.95,1200,15.1,1200,0,822000
IBULHSGFIN30Jan20300PE.NFO,07/01/2020,09:40:48,14.9,14.9,1200,15.1,2400,0,822000
IBULHSGFIN30Jan20300PE.NFO,07/01/2020,09:40:53,14.9,14.85,2400,15.05,1200,0,822000
IBULHSGFIN30Jan20300PE.NFO,07/01/2020,09:40:57,14.9,15,1200,15.15,1200,0,822000
IBULHSGFIN30Jan20300PE.NFO,07/01/2020,09:41:02,14.9,14.85,2400,15.05,3600,0,822000
IBULHSGFIN30Jan20300PE.NFO,07/01/2020,09:41:08,14.9,14.85,2400,15,1200,0,822000
IBULHSGFIN30Jan20300PE.NFO,07/01/2020,09:41:13,14.9,14.85,1200,15,1200,0,822000
IBULHSGFIN30Jan20300PE.NFO,07/01/2020,09:41:18,14.85,14.75,2400,14.9,2400,1200,822000
IBULHSGFIN30Jan20300PE.NFO,07/01/2020,09:41:22,14.85,14.75,2400,14.9,1200,0,818400
IBULHSGFIN30Jan20300PE.NFO,07/01/2020,09:41:27,14.85,14.8,1200,15,2400,0,818400
IBULHSGFIN30Jan20300PE.NFO,07/01/2020,09:41:32,14.85,14.75,2400,14.9,1200,0,818400
IBULHSGFIN30Jan20300PE.NFO,07/01/2020,09:41:37,14.85,14.7,1200,14.85,1200,0,818400
IBULHSGFIN30Jan20300PE.NFO,07/01/2020,09:41:41,14.85,14.8,3600,15,2400,0,818400
IBULHSGFIN30Jan20300PE.NFO,07/01/2020,09:41:46,14.85,14.9,2400,15.05,1200,0,818400
IBULHSGFIN30Jan20300PE.NFO,07/01/2020,09:41:52,14.85,14.9,3600,15.05,1200,0,818400
IBULHSGFIN30Jan20300PE.NFO,07/01/2020,09:41:58,14.85,14.95,2400,15.1,1200,0,818400
IBULHSGFIN30Jan20300PE.NFO,07/01/2020,09:42:04,15.05,14.95,2400,15.1,1200,4800,818400
IBULHSGFIN30Jan20300PE.NFO,07/01/2020,09:42:11,15.05,14.95,2400,15.1,2400,0,818400
IBULHSGFIN30Jan20300PE.NFO,07/01/2020,09:42:24,15.05,14.9,2400,15.1,2400,0,818400
IBULHSGFIN30Jan20300PE.NFO,07/01/2020,09:42:31,15.05,14.95,4800,15.1,1200,0,818400
IBULHSGFIN30Jan20300PE.NFO,07/01/2020,09:42:38,15.05,14.9,2400,15.1,2400,0,818400
IBULHSGFIN30Jan20300PE.NFO,07/01/2020,09:42:44,15.05,14.95,6000,15.1,2400,0,818400
IBULHSGFIN30Jan20300PE.NFO,07/01/2020,09:42:51,15.15,15,4800,15.2,2400,2400,818400
IBULHSGFIN30Jan20300PE.NFO,07/01/2020,09:42:57,15.15,15.05,3600,15.25,1200,0,818400
IBULHSGFIN30Jan20300PE.NFO,07/01/2020,09:43:03,15.15,15.05,4800,15.25,1200,0,818400
IBULHSGFIN30Jan20300PE.NFO,07/01/2020,09:43:09,15.15,15.1,1200,15.25,2400,0,818400
IBULHSGFIN30Jan20300PE.NFO,07/01/2020,09:43:14,15.15,15.05,2400,15.2,1200,0,818400
IBULHSGFIN30Jan20300PE.NFO,07/01/2020,09:43:19,15.15,15.05,3600,15.2,1200,0,818400
IBULHSGFIN30Jan20300PE.NFO,07/01/2020,09:43:24,15.15,15.05,1200,15.2,1200,0,818400
IBULHSGFIN30Jan20300PE.NFO,07/01/2020,09:43:29,15.15,15.05,3600,15.2,1200,0,818400
IBULHSGFIN30Jan20300PE.NFO,07/01/2020,09:43:34,15.15,15.05,2400,15.2,1200,0,818400
IBULHSGFIN30Jan20300PE.NFO,07/01/2020,09:43:39,15.15,15.05,4800,15.2,1200,0,818400
IBULHSGFIN30Jan20300PE.NFO,07/01/2020,09:43:44,15.15,15.1,1200,15.2,1200,0,818400
IBULHSGFIN30Jan20300PE.NFO,07/01/2020,09:43:48,15.2,15.1,4800,15.35,2400,1200,818400
IBULHSGFIN30Jan20300PE.NFO,07/01/2020,09:43:53,15.2,15.15,1200,15.35,3600,0,818400
IBULHSGFIN30Jan20300PE.NFO,07/01/2020,09:43:57,15.2,15.1,2400,15.2,1200,0,818400
IBULHSGFIN30Jan20300PE.NFO,07/01/2020,09:44:02,15.2,15,4800,15.2,1200,0,818400
IBULHSGFIN30Jan20300PE.NFO,07/01/2020,09:44:08,15.2,15.05,3600,15.2,2400,0,818400
IBULHSGFIN30Jan20300PE.NFO,07/01/2020,09:44:13,15,14.95,3600,15.15,6000,1200,818400
IBULHSGFIN30Jan20300PE.NFO,07/01/2020,09:44:19,15,14.95,2400,15.1,1200,0,818400
IBULHSGFIN30Jan20300PE.NFO,07/01/2020,09:44:24,14.95,14.75,4800,15,2400,1200,818400
IBULHSGFIN30Jan20300PE.NFO,07/01/2020,09:44:30,14.95,14.9,1200,15,1200,0,818400
IBULHSGFIN30Jan20300PE.NFO,07/01/2020,09:44:35,14.95,14.85,2400,15,1200,0,818400
IBULHSGFIN30Jan20300PE.NFO,07/01/2020,09:44:50,14.95,14.85,2400,15,2400,0,818400
IBULHSGFIN30Jan20300PE.NFO,07/01/2020,09:44:55,14.95,14.9,2400,15.05,1200,1200,818400
IBULHSGFIN30Jan20300PE.NFO,07/01/2020,09:45:00,14.95,14.95,1200,15.1,1200,0,818400
IBULHSGFIN30Jan20300PE.NFO,07/01/2020,09:45:05,14.95,14.85,1200,15,2400,0,818400
IBULHSGFIN30Jan20300PE.NFO,07/01/2020,09:45:12,14.95,14.75,1200,14.9,1200,0,818400
IBULHSGFIN30Jan20300PE.NFO,07/01/2020,09:45:19,14.95,14.7,1200,14.85,2400,0,818400
IBULHSGFIN30Jan20300PE.NFO,07/01/2020,09:45:24,14.95,14.7,2400,14.9,2400,0,818400
IBULHSGFIN30Jan20300PE.NFO,07/01/2020,09:45:31,14.95,14.8,2400,14.95,1200,0,818400
IBULHSGFIN30Jan20300PE.NFO,07/01/2020,09:45:43,15,14.8,1200,14.95,1200,2400,818400
IBULHSGFIN30Jan20300PE.NFO,07/01/2020,09:45:48,15,14.75,2400,14.95,2400,0,818400
IBULHSGFIN30Jan20300PE.NFO,07/01/2020,09:45:54,15,14.85,1200,15,3600,0,818400
IBULHSGFIN30Jan20300PE.NFO,07/01/2020,09:45:59,15,14.8,1200,14.95,1200,0,818400
IBULHSGFIN30Jan20300PE.NFO,07/01/2020,09:46:05,15,14.8,1200,15,6000,0,818400
IBULHSGFIN30Jan20300PE.NFO,07/01/2020,09:46:10,15,14.8,1200,14.95,1200,0,818400
IBULHSGFIN30Jan20300PE.NFO,07/01/2020,09:46:16,14.7,14.7,1200,14.85,4800,1200,818400
IBULHSGFIN30Jan20300PE.NFO,07/01/2020,09:46:20,14.7,14.8,3600,15,3600,0,818400
IBULHSGFIN30Jan20300PE.NFO,07/01/2020,09:46:25,14.7,14.8,2400,14.95,3600,0,818400
IBULHSGFIN30Jan20300PE.NFO,07/01/2020,09:46:30,14.7,14.8,1200,14.95,6000,0,818400
IBULHSGFIN30Jan20300PE.NFO,07/01/2020,09:46:35,14.7,14.85,1200,15,3600,0,818400
IBULHSGFIN30Jan20300PE.NFO,07/01/2020,09:46:41,14.7,14.8,3600,15,3600,0,818400
IBULHSGFIN30Jan20300PE.NFO,07/01/2020,09:46:45,14.7,14.85,1200,15,3600,0,818400
IBULHSGFIN30Jan20300PE.NFO,07/01/2020,09:46:49,15,14.95,2400,15.15,2400,3600,818400
IBULHSGFIN30Jan20300PE.NFO,07/01/2020,09:46:54,15,15,2400,15.15,2400,0,818400
IBULHSGFIN30Jan20300PE.NFO,07/01/2020,09:46:58,15,15,2400,15.2,1200,0,818400
IBULHSGFIN30Jan20300PE.NFO,07/01/2020,09:47:03,15,15,7200,15.2,1200,0,818400
IBULHSGFIN30Jan20300PE.NFO,07/01/2020,09:47:08,15,15,4800,15.2,1200,0,818400
IBULHSGFIN30Jan20300PE.NFO,07/01/2020,09:47:20,15,15,6000,15.2,1200,0,818400
IBULHSGFIN30Jan20300PE.NFO,07/01/2020,09:47:24,15,14.9,3600,15.05,2400,2400,820800
IBULHSGFIN30Jan20300PE.NFO,07/01/2020,09:47:29,15,14.85,3600,15.05,2400,0,820800
IBULHSGFIN30Jan20300PE.NFO,07/01/2020,09:47:34,15,14.8,4800,15,2400,0,820800
IBULHSGFIN30Jan20300PE.NFO,07/01/2020,09:47:38,15,14.85,2400,15.05,1200,0,820800
IBULHSGFIN30Jan20300PE.NFO,07/01/2020,09:47:43,15,14.85,2400,15,2400,0,820800
IBULHSGFIN30Jan20300PE.NFO,07/01/2020,09:47:47,15,14.9,2400,15.1,6000,0,820800
IBULHSGFIN30Jan20300PE.NFO,07/01/2020,09:47:51,15,14.9,2400,15.1,7200,0,820800
IBULHSGFIN30Jan20300PE.NFO,07/01/2020,09:47:59,15,14.95,1200,15.1,4800,0,820800
IBULHSGFIN30Jan20300PE.NFO,07/01/2020,09:48:03,15,14.9,2400,15.1,6000,0,820800
IBULHSGFIN30Jan20300PE.NFO,07/01/2020,09:48:07,14.8,14.75,3600,14.95,7200,1200,820800
IBULHSGFIN30Jan20300PE.NFO,07/01/2020,09:48:11,14.8,14.7,3600,14.9,3600,0,820800
IBULHSGFIN30Jan20300PE.NFO,07/01/2020,09:48:15,14.8,14.75,2400,14.95,1200,0,820800
IBULHSGFIN30Jan20300PE.NFO,07/01/2020,09:48:19,14.8,14.8,1200,14.95,1200,0,820800
IBULHSGFIN30Jan20300PE.NFO,07/01/2020,09:48:23,14.8,14.75,1200,14.9,3600,0,820800
IBULHSGFIN30Jan20300PE.NFO,07/01/2020,09:48:26,14.8,14.8,2400,15,3600,0,820800
IBULHSGFIN30Jan20300PE.NFO,07/01/2020,09:48:30,14.8,14.85,1200,15,1200,0,820800
IBULHSGFIN30Jan20300PE.NFO,07/01/2020,09:48:34,14.8,14.85,4800,15,1200,0,820800
IBULHSGFIN30Jan20300PE.NFO,07/01/2020,09:48:39,15,14.9,6000,15.2,6000,1200,820800
IBULHSGFIN30Jan20300PE.NFO,07/01/2020,09:48:43,15,14.9,3600,15.2,7200,0,820800
IBULHSGFIN30Jan20300PE.NFO,07/01/2020,09:48:48,15,14.9,2400,15.15,1200,0,820800
IBULHSGFIN30Jan20300PE.NFO,07/01/2020,09:48:52,15,14.95,1200,15.2,2400,0,820800
IBULHSGFIN30Jan20300PE.NFO,07/01/2020,09:48:56,15,14.95,2400,15.15,2400,0,820800
IBULHSGFIN30Jan20300PE.NFO,07/01/2020,09:48:59,15,14.95,1200,15.1,1200,0,820800
IBULHSGFIN30Jan20300PE.NFO,07/01/2020,09:49:09,15.1,14.95,2400,15.1,3600,1200,820800
IBULHSGFIN30Jan20300PE.NFO,07/01/2020,09:49:14,15.1,14.9,3600,15.1,3600,0,820800
IBULHSGFIN30Jan20300PE.NFO,07/01/2020,09:49:24,15.1,14.95,1200,15.15,2400,0,820800
IBULHSGFIN30Jan20300PE.NFO,07/01/2020,09:49:30,15.1,15.05,1200,15.2,1200,0,820800
IBULHSGFIN30Jan20300PE.NFO,07/01/2020,09:49:41,15.1,15.05,3600,15.2,1200,0,820800
IBULHSGFIN30Jan20300PE.NFO,07/01/2020,09:49:46,15.1,15.05,2400,15.2,1200,0,820800
IBULHSGFIN30Jan20300PE.NFO,07/01/2020,09:49:51,15.1,15.05,1200,15.2,1200,0,820800
IBULHSGFIN30Jan20300PE.NFO,07/01/2020,09:49:56,15.1,15.05,3600,15.2,1200,0,820800
IBULHSGFIN30Jan20300PE.NFO,07/01/2020,09:50:00,15.1,15,3600,15.2,1200,0,820800
IBULHSGFIN30Jan20300PE.NFO,07/01/2020,09:50:06,15.1,14.95,4800,15.15,1200,0,820800
IBULHSGFIN30Jan20300PE.NFO,07/01/2020,09:50:11,15.1,15.05,1200,15.2,2400,0,820800
IBULHSGFIN30Jan20300PE.NFO,07/01/2020,09:50:16,15.1,15.05,2400,15.2,2400,0,820800
IBULHSGFIN30Jan20300PE.NFO,07/01/2020,09:50:26,15.1,15,3600,15.15,1200,0,820800
IBULHSGFIN30Jan20300PE.NFO,07/01/2020,09:50:31,15.1,15,2400,15.15,3600,0,820800
IBULHSGFIN30Jan20300PE.NFO,07/01/2020,09:50:41,15.1,15.1,4800,15.3,3600,0,820800
IBULHSGFIN30Jan20300PE.NFO,07/01/2020,09:50:47,15.1,15.1,2400,15.25,3600,0,820800
IBULHSGFIN30Jan20300PE.NFO,07/01/2020,09:50:52,15.3,15.1,3600,15.25,3600,1200,823200
IBULHSGFIN30Jan20300PE.NFO,07/01/2020,09:50:57,15.3,15.2,2400,15.4,2400,0,823200
IBULHSGFIN30Jan20300PE.NFO,07/01/2020,09:51:02,15.3,15.1,2400,15.25,2400,0,823200
IBULHSGFIN30Jan20300PE.NFO,07/01/2020,09:51:06,15.3,15.25,2400,15.45,2400,0,823200
IBULHSGFIN30Jan20300PE.NFO,07/01/2020,09:51:12,15.3,15.3,6000,15.45,1200,0,823200
IBULHSGFIN30Jan20300PE.NFO,07/01/2020,09:51:17,15.3,15.3,8400,15.5,1200,0,823200
IBULHSGFIN30Jan20300PE.NFO,07/01/2020,09:51:23,15.3,15.3,3600,15.4,1200,1200,823200
IBULHSGFIN30Jan20300PE.NFO,07/01/2020,09:51:28,15.3,15.3,4800,15.45,1200,0,823200
IBULHSGFIN30Jan20300PE.NFO,07/01/2020,09:51:33,15.25,15.15,1200,15.3,2400,4800,823200
IBULHSGFIN30Jan20300PE.NFO,07/01/2020,09:51:38,15.25,15.2,1200,15.35,4800,0,823200
IBULHSGFIN30Jan20300PE.NFO,07/01/2020,09:51:42,15.25,15.15,2400,15.35,4800,0,823200
IBULHSGFIN30Jan20300PE.NFO,07/01/2020,09:51:47,15.25,15.2,1200,15.35,2400,0,823200
IBULHSGFIN30Jan20300PE.NFO,07/01/2020,09:51:51,15.25,15.2,1200,15.35,3600,0,823200
IBULHSGFIN30Jan20300PE.NFO,07/01/2020,09:51:59,15.25,15.1,3600,15.3,2400,0,823200
IBULHSGFIN30Jan20300PE.NFO,07/01/2020,09:52:03,15.25,15.15,1200,15.3,1200,0,823200
IBULHSGFIN30Jan20300PE.NFO,07/01/2020,09:52:07,15.25,15.2,1200,15.35,2400,0,823200
IBULHSGFIN30Jan20300PE.NFO,07/01/2020,09:52:11,15.25,15.15,1200,15.3,3600,0,823200
IBULHSGFIN30Jan20300PE.NFO,07/01/2020,09:52:20,15.25,15.2,6000,15.45,7200,0,823200
IBULHSGFIN30Jan20300PE.NFO,07/01/2020,09:52:24,15.25,15.25,1200,15.45,7200,0,823200
IBULHSGFIN30Jan20300PE.NFO,07/01/2020,09:52:29,15.25,15.3,6000,15.55,2400,0,823200
IBULHSGFIN30Jan20300PE.NFO,07/01/2020,09:52:34,15.25,15.3,3600,15.5,2400,0,823200
IBULHSGFIN30Jan20300PE.NFO,07/01/2020,09:52:39,15.25,15.35,1200,15.5,2400,0,823200
IBULHSGFIN30Jan20300PE.NFO,07/01/2020,09:52:43,15.25,15.3,3600,15.5,7200,0,823200
IBULHSGFIN30Jan20300PE.NFO,07/01/2020,09:52:47,15.25,15.25,3600,15.5,8400,0,823200
IBULHSGFIN30Jan20300PE.NFO,07/01/2020,09:52:51,15.25,15.35,1200,15.5,8400,0,823200
IBULHSGFIN30Jan20300PE.NFO,07/01/2020,09:53:03,15.35,15.3,1200,15.5,2400,1200,823200
IBULHSGFIN30Jan20300PE.NFO,07/01/2020,09:53:09,15.5,15.35,2400,15.5,4800,1200,823200
IBULHSGFIN30Jan20300PE.NFO,07/01/2020,09:53:15,15.55,15.4,1200,15.55,1200,2400,823200
IBULHSGFIN30Jan20300PE.NFO,07/01/2020,09:53:20,15.55,15.35,3600,15.55,3600,0,823200
IBULHSGFIN30Jan20300PE.NFO,07/01/2020,09:53:25,15.55,15.35,4800,15.55,3600,0,823200
IBULHSGFIN30Jan20300PE.NFO,07/01/2020,09:53:30,15.55,15.3,3600,15.5,2400,0,823200
IBULHSGFIN30Jan20300PE.NFO,07/01/2020,09:53:35,15.55,15.35,1200,15.5,2400,0,823200
IBULHSGFIN30Jan20300PE.NFO,07/01/2020,09:53:50,15.55,15.35,3600,15.5,1200,0,823200
IBULHSGFIN30Jan20300PE.NFO,07/01/2020,09:53:54,15.55,15.35,4800,15.55,2400,0,823200
IBULHSGFIN30Jan20300PE.NFO,07/01/2020,09:53:58,15.55,15.35,3600,15.5,2400,0,823200
IBULHSGFIN30Jan20300PE.NFO,07/01/2020,09:54:03,15.35,15.3,6000,15.5,2400,2400,828000
IBULHSGFIN30Jan20300PE.NFO,07/01/2020,09:54:07,15.35,15.3,2400,15.45,6000,0,828000
IBULHSGFIN30Jan20300PE.NFO,07/01/2020,09:54:12,15.35,15.3,3600,15.5,1200,0,828000
IBULHSGFIN30Jan20300PE.NFO,07/01/2020,09:54:16,15.35,15.3,1200,15.45,4800,0,828000
IBULHSGFIN30Jan20300PE.NFO,07/01/2020,09:54:21,15.55,15.4,1200,15.6,4800,2400,828000
IBULHSGFIN30Jan20300PE.NFO,07/01/2020,09:54:25,15.55,15.4,2400,15.6,3600,0,828000
IBULHSGFIN30Jan20300PE.NFO,07/01/2020,09:54:30,15.55,15.45,1200,15.6,2400,1200,828000
IBULHSGFIN30Jan20300PE.NFO,07/01/2020,09:54:34,15.55,15.45,1200,15.55,1200,0,828000
IBULHSGFIN30Jan20300PE.NFO,07/01/2020,09:54:39,15.4,15.45,1200,15.6,3600,2400,828000
IBULHSGFIN30Jan20300PE.NFO,07/01/2020,09:54:44,15.6,15.45,1200,15.6,1200,1200,828000
IBULHSGFIN30Jan20300PE.NFO,07/01/2020,09:54:48,15.6,15.5,1200,15.65,1200,0,828000
IBULHSGFIN30Jan20300PE.NFO,07/01/2020,09:54:53,15.6,15.45,2400,15.6,2400,0,828000
IBULHSGFIN30Jan20300PE.NFO,07/01/2020,09:54:58,15.6,15.35,3600,15.5,1200,0,828000
IBULHSGFIN30Jan20300PE.NFO,07/01/2020,09:55:02,15.6,15.35,1200,15.5,1200,0,828000
IBULHSGFIN30Jan20300PE.NFO,07/01/2020,09:55:07,15.3,15.25,2400,15.4,1200,1200,828000
IBULHSGFIN30Jan20300PE.NFO,07/01/2020,09:55:12,15.3,15.15,1200,15.3,1200,0,828000
IBULHSGFIN30Jan20300PE.NFO,07/01/2020,09:55:17,15.3,15.15,4800,15.35,1200,0,828000
IBULHSGFIN30Jan20300PE.NFO,07/01/2020,09:55:22,15.3,15.15,1200,15.3,1200,1200,828000
IBULHSGFIN30Jan20300PE.NFO,07/01/2020,09:55:27,15.3,15.15,2400,15.35,2400,0,828000
IBULHSGFIN30Jan20300PE.NFO,07/01/2020,09:55:32,15.3,15.15,3600,15.35,2400,0,828000
IBULHSGFIN30Jan20300PE.NFO,07/01/2020,09:55:36,15.3,15.15,1200,15.3,2400,0,828000
IBULHSGFIN30Jan20300PE.NFO,07/01/2020,09:55:41,15.3,15.05,4800,15.25,2400,0,828000
IBULHSGFIN30Jan20300PE.NFO,07/01/2020,09:55:46,15.3,15.1,1200,15.25,1200,0,828000
IBULHSGFIN30Jan20300PE.NFO,07/01/2020,09:55:51,15.3,15.1,1200,15.3,2400,0,828000
IBULHSGFIN30Jan20300PE.NFO,07/01/2020,09:55:55,15.3,15.1,3600,15.3,2400,0,828000
IBULHSGFIN30Jan20300PE.NFO,07/01/2020,09:56:05,15.3,15.1,6000,15.35,2400,0,828000
IBULHSGFIN30Jan20300PE.NFO,07/01/2020,09:56:10,15.3,15.25,1200,15.4,1200,0,828000
IBULHSGFIN30Jan20300PE.NFO,07/01/2020,09:56:15,15.3,15.2,3600,15.4,1200,0,828000
IBULHSGFIN30Jan20300PE.NFO,07/01/2020,09:56:20,15.3,15.25,1200,15.4,1200,0,828000
IBULHSGFIN30Jan20300PE.NFO,07/01/2020,09:56:26,15.3,15.2,3600,15.4,3600,0,828000
IBULHSGFIN30Jan20300PE.NFO,07/01/2020,09:56:31,15.3,15.2,2400,15.4,2400,1200,831600
IBULHSGFIN30Jan20300PE.NFO,07/01/2020,09:56:37,15.3,15.2,1200,15.35,1200,0,831600
IBULHSGFIN30Jan20300PE.NFO,07/01/2020,09:56:42,15.3,15.25,1200,15.45,3600,0,831600
IBULHSGFIN30Jan20300PE.NFO,07/01/2020,09:56:50,15.3,15.3,4800,15.5,2400,0,831600
IBULHSGFIN30Jan20300PE.NFO,07/01/2020,09:56:54,15.3,15.4,4800,15.6,1200,0,831600
IBULHSGFIN30Jan20300PE.NFO,07/01/2020,09:57:08,15.5,15.35,1200,15.55,3600,1200,831600
IBULHSGFIN30Jan20300PE.NFO,07/01/2020,09:57:12,15.5,15.3,3600,15.5,2400,0,831600
IBULHSGFIN30Jan20300PE.NFO,07/01/2020,09:57:16,15.25,15.25,2400,15.45,3600,1200,831600
IBULHSGFIN30Jan20300PE.NFO,07/01/2020,09:57:20,15.25,15.35,3600,15.55,2400,0,831600
IBULHSGFIN30Jan20300PE.NFO,07/01/2020,09:57:25,15.25,15.35,2400,15.55,1200,0,831600
IBULHSGFIN30Jan20300PE.NFO,07/01/2020,09:57:29,15.25,15.4,1200,15.55,1200,0,831600
IBULHSGFIN30Jan20300PE.NFO,07/01/2020,09:57:33,15.35,15.2,2400,15.4,2400,1200,831600
IBULHSGFIN30Jan20300PE.NFO,07/01/2020,09:57:37,15.35,15.2,1200,15.35,1200,0,831600
IBULHSGFIN30Jan20300PE.NFO,07/01/2020,09:57:41,15.35,15.15,3600,15.35,1200,0,831600
IBULHSGFIN30Jan20300PE.NFO,07/01/2020,09:57:45,15.35,15.2,1200,15.35,1200,0,831600
IBULHSGFIN30Jan20300PE.NFO,07/01/2020,09:57:49,15.35,15.15,2400,15.35,6000,0,831600
IBULHSGFIN30Jan20300PE.NFO,07/01/2020,09:57:54,15.35,15.1,4800,15.3,1200,0,831600
IBULHSGFIN30Jan20300PE.NFO,07/01/2020,09:57:59,15.35,15.15,1200,15.35,3600,0,831600
IBULHSGFIN30Jan20300PE.NFO,07/01/2020,09:58:04,15.35,15.1,3600,15.3,2400,0,831600
IBULHSGFIN30Jan20300PE.NFO,07/01/2020,09:58:08,15.35,15.15,2400,15.35,3600,0,831600
IBULHSGFIN30Jan20300PE.NFO,07/01/2020,09:58:17,15.35,15.15,4800,15.35,2400,0,831600
IBULHSGFIN30Jan20300PE.NFO,07/01/2020,09:58:21,15.35,15.2,1200,15.35,3600,0,831600
IBULHSGFIN30Jan20300PE.NFO,07/01/2020,09:58:26,15.35,15.2,1200,15.35,2400,0,831600
IBULHSGFIN30Jan20300PE.NFO,07/01/2020,09:58:43,15.35,15.3,2400,15.5,2400,1200,831600
IBULHSGFIN30Jan20300PE.NFO,07/01/2020,09:58:49,15.35,15.35,2400,15.55,2400,0,831600
IBULHSGFIN30Jan20300PE.NFO,07/01/2020,09:58:55,15.35,15.35,3600,15.55,2400,0,831600
IBULHSGFIN30Jan20300PE.NFO,07/01/2020,09:59:06,15.3,15.35,1200,15.5,3600,1200,831600
IBULHSGFIN30Jan20300PE.NFO,07/01/2020,09:59:12,15.3,15.3,1200,15.45,2400,0,831600
IBULHSGFIN30Jan20300PE.NFO,07/01/2020,09:59:18,15.3,15.35,2400,15.5,3600,0,831600
IBULHSGFIN30Jan20300PE.NFO,07/01/2020,09:59:23,15.3,15.35,4800,15.55,2400,0,831600
IBULHSGFIN30Jan20300PE.NFO,07/01/2020,09:59:28,15.3,15.25,2400,15.45,3600,0,831600
IBULHSGFIN30Jan20300PE.NFO,07/01/2020,09:59:33,15.3,15.3,3600,15.45,1200,0,831600
IBULHSGFIN30Jan20300PE.NFO,07/01/2020,09:59:39,15.3,15.3,1200,15.45,1200,0,831600
IBULHSGFIN30Jan20300PE.NFO,07/01/2020,09:59:45,15.3,15.2,1200,15.4,3600,1200,832800
IBULHSGFIN30Jan20300PE.NFO,07/01/2020,09:59:50,15.3,15.2,1200,15.35,1200,0,832800
IBULHSGFIN30Jan20300PE.NFO,07/01/2020,09:59:56,15.3,15.25,1200,15.4,3600,0,832800
IBULHSGFIN30Jan20300PE.NFO,07/01/2020,10:00:01,15.3,15.2,3600,15.35,3600,1200,832800
IBULHSGFIN30Jan20300PE.NFO,07/01/2020,10:00:07,15.3,15.2,2400,15.35,2400,0,832800
IBULHSGFIN30Jan20300PE.NFO,07/01/2020,10:00:17,15.3,15.2,3600,15.35,3600,0,832800
IBULHSGFIN30Jan20300PE.NFO,07/01/2020,10:00:23,15.4,15.25,1200,15.4,1200,2400,832800
IBULHSGFIN30Jan20300PE.NFO,07/01/2020,10:00:28,15.4,15.25,1200,15.4,2400,0,832800
IBULHSGFIN30Jan20300PE.NFO,07/01/2020,10:00:33,15.4,15.3,1200,15.45,2400,0,832800
IBULHSGFIN30Jan20300PE.NFO,07/01/2020,10:00:39,15.4,15.25,3600,15.4,1200,1200,832800
IBULHSGFIN30Jan20300PE.NFO,07/01/2020,10:00:45,15.4,15.35,1200,15.5,2400,0,832800
IBULHSGFIN30Jan20300PE.NFO,07/01/2020,10:00:53,15.55,15.45,1200,15.65,4800,1200,832800
IBULHSGFIN30Jan20300PE.NFO,07/01/2020,10:00:59,15.55,15.45,1200,15.6,2400,0,832800
IBULHSGFIN30Jan20300PE.NFO,07/01/2020,10:01:05,15.55,15.45,1200,15.65,2400,0,832800
IBULHSGFIN30Jan20300PE.NFO,07/01/2020,10:01:11,15.55,15.45,1200,15.6,2400,0,832800
IBULHSGFIN30Jan20300PE.NFO,07/01/2020,10:01:18,15.55,15.6,2400,15.75,1200,0,832800
IBULHSGFIN30Jan20300PE.NFO,07/01/2020,10:01:24,15.9,15.7,1200,15.85,1200,4800,832800
IBULHSGFIN30Jan20300PE.NFO,07/01/2020,10:01:30,15.9,15.75,7200,15.95,2400,0,832800
IBULHSGFIN30Jan20300PE.NFO,07/01/2020,10:01:36,15.9,15.8,1200,15.95,1200,0,832800
IBULHSGFIN30Jan20300PE.NFO,07/01/2020,10:01:42,15.85,15.8,4800,16,2400,1200,832800
IBULHSGFIN30Jan20300PE.NFO,07/01/2020,10:01:48,15.85,15.85,4800,16.05,2400,0,832800
IBULHSGFIN30Jan20300PE.NFO,07/01/2020,10:01:53,15.85,15.8,1200,15.95,2400,1200,832800
IBULHSGFIN30Jan20300PE.NFO,07/01/2020,10:01:58,15.85,15.85,2400,16.05,2400,0,832800
IBULHSGFIN30Jan20300PE.NFO,07/01/2020,10:02:04,15.85,15.85,2400,16.05,1200,0,832800
IBULHSGFIN30Jan20300PE.NFO,07/01/2020,10:02:09,15.85,15.9,3600,16.1,2400,0,832800
IBULHSGFIN30Jan20300PE.NFO,07/01/2020,10:02:14,15.85,15.9,6000,16.1,2400,0,832800
IBULHSGFIN30Jan20300PE.NFO,07/01/2020,10:02:15,15.85,15.9,3600,16.1,2400,0,832800
IBULHSGFIN30Jan20300PE.NFO,07/01/2020,10:02:19,15.85,15.9,4800,16.1,2400,0,832800
IBULHSGFIN30Jan20300PE.NFO,07/01/2020,10:02:20,15.85,15.95,1200,16.1,2400,0,832800
IBULHSGFIN30Jan20300PE.NFO,07/01/2020,10:02:21,15.85,15.95,1200,16.15,4800,0,832800
IBULHSGFIN30Jan20300PE.NFO,07/01/2020,10:02:22,15.85,15.95,1200,16.1,1200,0,832800
IBULHSGFIN30Jan20300PE.NFO,07/01/2020,10:02:23,15.85,15.9,3600,16.1,1200,0,832800
IBULHSGFIN30Jan20300PE.NFO,07/01/2020,10:02:24,15.85,15.95,1200,16,1200,0,832800
IBULHSGFIN30Jan20300PE.NFO,07/01/2020,10:02:26,16,16,1200,16.2,4800,1200,829200
IBULHSGFIN30Jan20300PE.NFO,07/01/2020,10:02:27,16,15.95,2400,16.15,3600,0,829200
IBULHSGFIN30Jan20300PE.NFO,07/01/2020,10:02:28,16,15.95,2400,16.15,1200,0,829200
IBULHSGFIN30Jan20300PE.NFO,07/01/2020,10:02:29,16,15.95,1200,16.1,1200,0,829200
IBULHSGFIN30Jan20300PE.NFO,07/01/2020,10:02:31,16,16,3600,16.2,3600,0,829200
IBULHSGFIN30Jan20300PE.NFO,07/01/2020,10:02:33,16,16.05,1200,16.25,2400,0,829200
IBULHSGFIN30Jan20300PE.NFO,07/01/2020,10:02:34,16,16.1,1200,16.3,3600,0,829200
IBULHSGFIN30Jan20300PE.NFO,07/01/2020,10:02:35,16,16.1,1200,16.25,1200,0,829200
IBULHSGFIN30Jan20300PE.NFO,07/01/2020,10:02:36,16,16.1,1200,16.25,2400,0,829200
IBULHSGFIN30Jan20300PE.NFO,07/01/2020,10:02:37,16,16.1,1200,16.3,4800,0,829200
IBULHSGFIN30Jan20300PE.NFO,07/01/2020,10:02:40,16,16.1,2400,16.3,4800,0,829200
IBULHSGFIN30Jan20300PE.NFO,07/01/2020,10:02:41,16,16.1,1200,16.25,1200,0,829200
IBULHSGFIN30Jan20300PE.NFO,07/01/2020,10:02:42,16,16.1,1200,16.25,2400,0,829200
IBULHSGFIN30Jan20300PE.NFO,07/01/2020,10:02:43,16,16.15,1200,16.25,1200,0,829200
IBULHSGFIN30Jan20300PE.NFO,07/01/2020,10:02:44,16,16.1,1200,16.25,2400,0,829200
IBULHSGFIN30Jan20300PE.NFO,07/01/2020,10:02:46,16,16.1,1200,16.3,4800,0,829200
IBULHSGFIN30Jan20300PE.NFO,07/01/2020,10:02:47,16,16.1,1200,16.25,2400,0,829200
IBULHSGFIN30Jan20300PE.NFO,07/01/2020,10:02:49,16,16.1,1200,16.15,1200,0,829200
IBULHSGFIN30Jan20300PE.NFO,07/01/2020,10:02:50,16,16.05,2400,16.15,2400,0,829200
IBULHSGFIN30Jan20300PE.NFO,07/01/2020,10:02:51,16,16.05,1200,16.15,2400,0,829200
IBULHSGFIN30Jan20300PE.NFO,07/01/2020,10:02:52,15.95,15.85,2400,16.1,2400,6000,829200
IBULHSGFIN30Jan20300PE.NFO,07/01/2020,10:02:53,15.95,15.9,2400,16.1,3600,0,829200
IBULHSGFIN30Jan20300PE.NFO,07/01/2020,10:02:54,15.95,15.9,2400,16.1,2400,0,829200
IBULHSGFIN30Jan20300PE.NFO,07/01/2020,10:02:56,15.95,15.85,2400,16.05,1200,0,829200
IBULHSGFIN30Jan20300PE.NFO,07/01/2020,10:02:57,15.95,15.85,1200,16.05,1200,0,829200
IBULHSGFIN30Jan20300PE.NFO,07/01/2020,10:02:58,15.95,15.85,1200,16.05,6000,0,829200
IBULHSGFIN30Jan20300PE.NFO,07/01/2020,10:02:59,15.95,15.85,2400,16.05,1200,0,829200
IBULHSGFIN30Jan20300PE.NFO,07/01/2020,10:03:01,15.95,15.85,1200,16.05,4800,0,829200
IBULHSGFIN30Jan20300PE.NFO,07/01/2020,10:03:03,15.95,15.85,1200,16.05,6000,0,829200
IBULHSGFIN30Jan20300PE.NFO,07/01/2020,10:03:04,15.95,15.8,2400,16,1200,0,829200
IBULHSGFIN30Jan20300PE.NFO,07/01/2020,10:03:05,15.95,15.7,4800,15.9,1200,0,829200
IBULHSGFIN30Jan20300PE.NFO,07/01/2020,10:03:06,15.95,15.7,4800,15.95,4800,0,829200
IBULHSGFIN30Jan20300PE.NFO,07/01/2020,10:03:07,15.95,15.65,2400,15.95,3600,0,829200
IBULHSGFIN30Jan20300PE.NFO,07/01/2020,10:03:08,15.95,15.65,2400,15.9,4800,0,829200
IBULHSGFIN30Jan20300PE.NFO,07/01/2020,10:03:09,15.95,15.65,1200,15.9,4800,0,829200
IBULHSGFIN30Jan20300PE.NFO,07/01/2020,10:03:10,15.95,15.7,1200,15.9,2400,0,829200
IBULHSGFIN30Jan20300PE.NFO,07/01/2020,10:03:11,15.95,15.75,1200,15.9,1200,0,829200
IBULHSGFIN30Jan20300PE.NFO,07/01/2020,10:03:14,15.95,15.65,1200,15.9,2400,0,829200
IBULHSGFIN30Jan20300PE.NFO,07/01/2020,10:03:15,15.9,15.7,1200,15.95,3600,1200,829200
IBULHSGFIN30Jan20300PE.NFO,07/01/2020,10:03:19,15.9,15.7,2400,15.95,2400,0,829200
IBULHSGFIN30Jan20300PE.NFO,07/01/2020,10:03:20,15.9,15.7,2400,15.9,2400,0,829200
IBULHSGFIN30Jan20300PE.NFO,07/01/2020,10:03:21,15.9,15.7,2400,15.9,1200,0,829200
IBULHSGFIN30Jan20300PE.NFO,07/01/2020,10:03:22,15.9,15.7,2400,15.9,2400,0,829200
IBULHSGFIN30Jan20300PE.NFO,07/01/2020,10:03:23,15.9,15.7,1200,15.85,1200,0,829200
IBULHSGFIN30Jan20300PE.NFO,07/01/2020,10:03:24,15.9,15.65,2400,15.9,3600,0,829200
IBULHSGFIN30Jan20300PE.NFO,07/01/2020,10:03:25,15.9,15.7,1200,15.9,3600,0,829200
IBULHSGFIN30Jan20300PE.NFO,07/01/2020,10:03:28,15.9,15.7,1200,15.9,4800,0,829200
IBULHSGFIN30Jan20300PE.NFO,07/01/2020,10:03:30,15.9,15.65,3600,15.9,3600,0,829200
IBULHSGFIN30Jan20300PE.NFO,07/01/2020,10:03:31,15.9,15.65,2400,15.85,1200,0,829200
IBULHSGFIN30Jan20300PE.NFO,07/01/2020,10:03:34,15.9,15.6,2400,15.85,6000,0,829200
IBULHSGFIN30Jan20300PE.NFO,07/01/2020,10:03:40,15.9,15.65,2400,15.85,3600,0,829200
IBULHSGFIN30Jan20300PE.NFO,07/01/2020,10:03:41,15.9,15.65,1200,15.85,2400,0,829200
IBULHSGFIN30Jan20300PE.NFO,07/01/2020,10:03:43,15.9,15.7,3600,15.9,4800,0,829200
IBULHSGFIN30Jan20300PE.NFO,07/01/2020,10:03:45,15.9,15.65,3600,15.85,1200,0,829200
IBULHSGFIN30Jan20300PE.NFO,07/01/2020,10:03:46,15.9,15.7,1200,15.9,4800,0,829200
IBULHSGFIN30Jan20300PE.NFO,07/01/2020,10:03:47,15.9,15.65,2400,15.85,1200,0,829200
IBULHSGFIN30Jan20300PE.NFO,07/01/2020,10:03:48,15.9,15.65,3600,15.85,1200,0,829200
IBULHSGFIN30Jan20300PE.NFO,07/01/2020,10:03:49,15.85,15.7,2400,15.9,2400,1200,829200
IBULHSGFIN30Jan20300PE.NFO,07/01/2020,10:03:50,15.85,15.7,2400,15.9,2400,0,829200
IBULHSGFIN30Jan20300PE.NFO,07/01/2020,10:03:52,15.85,15.7,1200,15.9,2400,0,829200
IBULHSGFIN30Jan20300PE.NFO,07/01/2020,10:03:53,15.85,15.7,1200,15.9,3600,0,829200
IBULHSGFIN30Jan20300PE.NFO,07/01/2020,10:03:56,15.85,15.6,2400,15.85,4800,0,829200
IBULHSGFIN30Jan20300PE.NFO,07/01/2020,10:03:58,15.85,15.65,1200,15.85,4800,0,829200
IBULHSGFIN30Jan20300PE.NFO,07/01/2020,10:04:01,15.85,15.65,1200,15.85,2400,0,829200
IBULHSGFIN30Jan20300PE.NFO,07/01/2020,10:04:02,15.85,15.65,2400,15.85,2400,0,829200
IBULHSGFIN30Jan20300PE.NFO,07/01/2020,10:04:03,15.85,15.6,3600,15.8,1200,0,829200
IBULHSGFIN30Jan20300PE.NFO,07/01/2020,10:04:07,15.85,15.6,3600,15.8,3600,0,829200
IBULHSGFIN30Jan20300PE.NFO,07/01/2020,10:04:08,15.85,15.6,3600,15.8,2400,0,829200
IBULHSGFIN30Jan20300PE.NFO,07/01/2020,10:04:10,15.85,15.65,1200,15.85,3600,0,829200
IBULHSGFIN30Jan20300PE.NFO,07/01/2020,10:04:29,15.75,15.65,2400,15.85,4800,1200,829200
IBULHSGFIN30Jan20300PE.NFO,07/01/2020,10:04:34,15.75,15.65,1200,15.8,1200,0,829200
IBULHSGFIN30Jan20300PE.NFO,07/01/2020,10:04:39,15.75,15.6,2400,15.8,6000,0,829200
IBULHSGFIN30Jan20300PE.NFO,07/01/2020,10:04:44,15.75,15.6,1200,15.75,1200,0,829200
IBULHSGFIN30Jan20300PE.NFO,07/01/2020,10:04:48,15.75,15.55,1200,15.75,2400,0,829200
IBULHSGFIN30Jan20300PE.NFO,07/01/2020,10:04:53,15.75,15.55,1200,15.75,4800,0,829200
IBULHSGFIN30Jan20300PE.NFO,07/01/2020,10:04:57,15.75,15.6,1200,15.75,2400,0,829200
IBULHSGFIN30Jan20300PE.NFO,07/01/2020,10:05:02,15.75,15.55,2400,15.75,3600,0,829200
IBULHSGFIN30Jan20300PE.NFO,07/01/2020,10:05:11,15.75,15.55,1200,15.7,1200,0,829200
IBULHSGFIN30Jan20300PE.NFO,07/01/2020,10:05:15,15.75,15.5,2400,15.7,2400,0,829200
IBULHSGFIN30Jan20300PE.NFO,07/01/2020,10:05:20,15.75,15.5,3600,15.7,2400,0,829200
IBULHSGFIN30Jan20300PE.NFO,07/01/2020,10:05:24,15.85,15.75,1200,16,3600,1200,834000
IBULHSGFIN30Jan20300PE.NFO,07/01/2020,10:05:28,15.85,15.75,1200,15.95,4800,0,834000
IBULHSGFIN30Jan20300PE.NFO,07/01/2020,10:05:34,16.15,16,1200,16.2,2400,2400,834000
IBULHSGFIN30Jan20300PE.NFO,07/01/2020,10:05:40,16.15,16,1200,16.2,3600,0,834000
IBULHSGFIN30Jan20300PE.NFO,07/01/2020,10:05:46,16.15,15.95,1200,16.15,2400,0,834000
IBULHSGFIN30Jan20300PE.NFO,07/01/2020,10:05:52,16.15,16,1200,16.2,1200,0,834000
IBULHSGFIN30Jan20300PE.NFO,07/01/2020,10:05:58,16.15,16.05,2400,16.3,4800,0,834000
IBULHSGFIN30Jan20300PE.NFO,07/01/2020,10:06:03,16.15,15.9,2400,16.1,2400,0,834000
IBULHSGFIN30Jan20300PE.NFO,07/01/2020,10:06:08,16.15,16,2400,16.15,1200,0,834000
IBULHSGFIN30Jan20300PE.NFO,07/01/2020,10:06:13,16.15,16,2400,16.15,2400,0,834000
IBULHSGFIN30Jan20300PE.NFO,07/01/2020,10:06:24,16.1,16,2400,16.15,1200,1200,834000
IBULHSGFIN30Jan20300PE.NFO,07/01/2020,10:06:30,16.1,15.95,2400,16.15,1200,1200,834000
IBULHSGFIN30Jan20300PE.NFO,07/01/2020,10:06:36,16.1,16,2400,16.25,3600,0,834000
IBULHSGFIN30Jan20300PE.NFO,07/01/2020,10:06:41,16.1,16,1200,16.15,1200,0,834000
IBULHSGFIN30Jan20300PE.NFO,07/01/2020,10:06:47,16.1,16,1200,16.2,1200,0,834000
IBULHSGFIN30Jan20300PE.NFO,07/01/2020,10:06:53,16.3,16.05,1200,16.25,2400,2400,834000
IBULHSGFIN30Jan20300PE.NFO,07/01/2020,10:06:58,16.3,16.05,2400,16.25,2400,0,834000
IBULHSGFIN30Jan20300PE.NFO,07/01/2020,10:07:03,16,16.05,1200,16.2,2400,2400,834000
IBULHSGFIN30Jan20300PE.NFO,07/01/2020,10:07:09,16.2,16.1,1200,16.3,2400,1200,834000
IBULHSGFIN30Jan20300PE.NFO,07/01/2020,10:07:21,16.2,16.1,1200,16.3,2400,0,834000
IBULHSGFIN30Jan20300PE.NFO,07/01/2020,10:07:26,16.2,16.05,2400,16.3,4800,0,834000
IBULHSGFIN30Jan20300PE.NFO,07/01/2020,10:07:32,16.2,16.1,1200,16.3,2400,0,834000
IBULHSGFIN30Jan20300PE.NFO,07/01/2020,10:07:37,16.2,16.15,1200,16.35,3600,0,834000
IBULHSGFIN30Jan20300PE.NFO,07/01/2020,10:07:42,16.2,16.1,2400,16.35,2400,0,834000
IBULHSGFIN30Jan20300PE.NFO,07/01/2020,10:07:47,16.2,16.15,4800,16.35,2400,0,834000
IBULHSGFIN30Jan20300PE.NFO,07/01/2020,10:07:52,16.1,15.95,2400,16.2,3600,3600,834000
IBULHSGFIN30Jan20300PE.NFO,07/01/2020,10:07:57,16.1,16,2400,16.15,1200,0,834000
IBULHSGFIN30Jan20300PE.NFO,07/01/2020,10:08:02,16.15,16.05,1200,16.2,1200,1200,834000
IBULHSGFIN30Jan20300PE.NFO,07/01/2020,10:08:06,16.15,16.05,1200,16.2,1200,0,834000
IBULHSGFIN30Jan20300PE.NFO,07/01/2020,10:08:10,16.15,16,2400,16.15,1200,0,834000
IBULHSGFIN30Jan20300PE.NFO,07/01/2020,10:08:15,16,15.75,1200,15.95,1200,1200,834000
IBULHSGFIN30Jan20300PE.NFO,07/01/2020,10:08:20,16,15.9,3600,16.1,2400,0,834000
IBULHSGFIN30Jan20300PE.NFO,07/01/2020,10:08:34,16,15.8,1200,16,1200,0,834000
IBULHSGFIN30Jan20300PE.NFO,07/01/2020,10:08:40,16,15.85,4800,16.05,2400,0,834000
IBULHSGFIN30Jan20300PE.NFO,07/01/2020,10:08:45,16,15.9,1200,16.05,1200,0,834000
IBULHSGFIN30Jan20300PE.NFO,07/01/2020,10:08:49,16,15.9,1200,16.1,1200,0,834000
IBULHSGFIN30Jan20300PE.NFO,07/01/2020,10:08:53,16,15.9,1200,16.05,1200,0,834000
IBULHSGFIN30Jan20300PE.NFO,07/01/2020,10:09:06,16,15.9,3600,16.05,3600,0,834000
IBULHSGFIN30Jan20300PE.NFO,07/01/2020,10:09:10,16,15.9,2400,16.05,2400,0,834000
IBULHSGFIN30Jan20300PE.NFO,07/01/2020,10:09:14,16,15.85,1200,16,1200,0,834000
IBULHSGFIN30Jan20300PE.NFO,07/01/2020,10:09:19,15.85,15.75,2400,15.95,3600,1200,831600
IBULHSGFIN30Jan20300PE.NFO,07/01/2020,10:09:23,15.85,15.85,3600,16.05,2400,0,831600
IBULHSGFIN30Jan20300PE.NFO,07/01/2020,10:09:32,16,15.9,2400,16.1,1200,1200,831600
IBULHSGFIN30Jan20300PE.NFO,07/01/2020,10:09:36,16,15.9,1200,16.05,1200,0,831600
IBULHSGFIN30Jan20300PE.NFO,07/01/2020,10:09:39,16,15.9,6000,16.1,2400,0,831600
IBULHSGFIN30Jan20300PE.NFO,07/01/2020,10:09:44,16,16,2400,16.25,3600,0,831600
IBULHSGFIN30Jan20300PE.NFO,07/01/2020,10:09:48,16.1,16,1200,16.15,1200,2400,831600
IBULHSGFIN30Jan20300PE.NFO,07/01/2020,10:09:53,16.1,15.95,1200,16.1,1200,0,831600
IBULHSGFIN30Jan20300PE.NFO,07/01/2020,10:09:58,16.1,15.9,2400,16.1,2400,0,831600
IBULHSGFIN30Jan20300PE.NFO,07/01/2020,10:10:03,16.1,15.9,1200,16,1200,0,831600
IBULHSGFIN30Jan20300PE.NFO,07/01/2020,10:10:08,16,15.9,1200,16.05,1200,1200,831600
IBULHSGFIN30Jan20300PE.NFO,07/01/2020,10:10:13,16,15.95,4800,16.2,1200,0,831600
IBULHSGFIN30Jan20300PE.NFO,07/01/2020,10:10:18,16.05,16,2400,16.2,2400,1200,831600
IBULHSGFIN30Jan20300PE.NFO,07/01/2020,10:10:22,16.05,16,1200,16.15,2400,0,831600
IBULHSGFIN30Jan20300PE.NFO,07/01/2020,10:10:25,16.05,15.95,2400,16.15,1200,0,831600
IBULHSGFIN30Jan20300PE.NFO,07/01/2020,10:10:34,16.05,15.95,1200,16.1,1200,0,831600
IBULHSGFIN30Jan20300PE.NFO,07/01/2020,10:10:43,16.05,15.95,1200,16.1,2400,0,831600
IBULHSGFIN30Jan20300PE.NFO,07/01/2020,10:10:48,16.05,15.95,1200,16.1,1200,0,831600
IBULHSGFIN30Jan20300PE.NFO,07/01/2020,10:10:52,16.05,15.9,2400,16.1,3600,0,831600
IBULHSGFIN30Jan20300PE.NFO,07/01/2020,10:10:56,16.05,15.9,2400,16.1,4800,0,831600
IBULHSGFIN30Jan20300PE.NFO,07/01/2020,10:11:04,16.05,15.85,1200,16,1200,0,831600
IBULHSGFIN30Jan20300PE.NFO,07/01/2020,10:11:13,16.05,15.8,1200,15.95,1200,0,831600
IBULHSGFIN30Jan20300PE.NFO,07/01/2020,10:11:24,15.9,15.75,1200,15.95,4800,1200,831600
IBULHSGFIN30Jan20300PE.NFO,07/01/2020,10:11:35,15.9,15.75,2400,15.95,3600,0,831600
IBULHSGFIN30Jan20300PE.NFO,07/01/2020,10:11:40,15.9,15.7,3600,15.9,2400,0,831600
IBULHSGFIN30Jan20300PE.NFO,07/01/2020,10:11:45,15.65,15.6,2400,15.8,2400,1200,831600
IBULHSGFIN30Jan20300PE.NFO,07/01/2020,10:11:55,15.65,15.6,1200,15.75,1200,0,831600
IBULHSGFIN30Jan20300PE.NFO,07/01/2020,10:12:00,15.65,15.6,2400,15.8,4800,0,831600
IBULHSGFIN30Jan20300PE.NFO,07/01/2020,10:12:06,15.65,15.65,1200,15.85,3600,0,831600
IBULHSGFIN30Jan20300PE.NFO,07/01/2020,10:12:12,15.65,15.6,3600,15.85,4800,0,831600
IBULHSGFIN30Jan20300PE.NFO,07/01/2020,10:12:18,15.65,15.65,6000,15.9,3600,0,831600
IBULHSGFIN30Jan20300PE.NFO,07/01/2020,10:12:23,15.65,15.65,3600,15.9,3600,0,831600
IBULHSGFIN30Jan20300PE.NFO,07/01/2020,10:12:27,15.65,15.6,4800,15.8,3600,0,831600
IBULHSGFIN30Jan20300PE.NFO,07/01/2020,10:12:32,15.65,15.65,3600,15.8,1200,0,831600
IBULHSGFIN30Jan20300PE.NFO,07/01/2020,10:12:41,15.85,15.85,1200,16.05,1200,2400,831600
IBULHSGFIN30Jan20300PE.NFO,07/01/2020,10:12:46,15.85,15.85,1200,16.05,2400,0,831600
IBULHSGFIN30Jan20300PE.NFO,07/01/2020,10:12:51,15.85,15.8,1200,16,3600,0,831600
IBULHSGFIN30Jan20300PE.NFO,07/01/2020,10:13:02,15.85,15.85,1200,16.05,3600,0,831600
IBULHSGFIN30Jan20300PE.NFO,07/01/2020,10:13:17,15.85,15.8,2400,16,4800,0,831600
IBULHSGFIN30Jan20300PE.NFO,07/01/2020,10:13:22,15.85,15.85,1200,16,2400,0,831600
IBULHSGFIN30Jan20300PE.NFO,07/01/2020,10:13:28,15.85,15.8,1200,16,4800,0,831600
IBULHSGFIN30Jan20300PE.NFO,07/01/2020,10:13:32,15.85,15.75,2400,15.9,1200,0,831600
IBULHSGFIN30Jan20300PE.NFO,07/01/2020,10:13:36,15.85,15.75,1200,15.9,1200,0,831600
IBULHSGFIN30Jan20300PE.NFO,07/01/2020,10:13:45,15.85,15.65,2400,15.85,2400,1200,831600
IBULHSGFIN30Jan20300PE.NFO,07/01/2020,10:13:51,15.85,15.6,3600,15.8,2400,0,831600
IBULHSGFIN30Jan20300PE.NFO,07/01/2020,10:13:57,15.85,15.6,1200,15.8,3600,0,831600
IBULHSGFIN30Jan20300PE.NFO,07/01/2020,10:14:06,15.85,15.55,2400,15.75,3600,0,831600
IBULHSGFIN30Jan20300PE.NFO,07/01/2020,10:14:16,15.85,15.4,4800,15.65,4800,0,831600
IBULHSGFIN30Jan20300PE.NFO,07/01/2020,10:14:21,15.85,15.4,4800,15.6,1200,0,831600
IBULHSGFIN30Jan20300PE.NFO,07/01/2020,10:14:27,15.4,15.45,1200,15.6,2400,1200,831600
IBULHSGFIN30Jan20300PE.NFO,07/01/2020,10:14:32,15.4,15.45,1200,15.6,1200,0,831600
IBULHSGFIN30Jan20300PE.NFO,07/01/2020,10:14:37,15.4,15.45,2400,15.6,1200,0,831600
IBULHSGFIN30Jan20300PE.NFO,07/01/2020,10:14:42,15.4,15.45,2400,15.65,2400,0,831600
IBULHSGFIN30Jan20300PE.NFO,07/01/2020,10:14:47,15.45,15.4,3600,15.6,3600,1200,831600
IBULHSGFIN30Jan20300PE.NFO,07/01/2020,10:14:51,15.4,15.45,1200,15.6,2400,1200,831600
IBULHSGFIN30Jan20300PE.NFO,07/01/2020,10:14:56,15.4,15.35,2400,15.55,3600,0,831600
IBULHSGFIN30Jan20300PE.NFO,07/01/2020,10:15:02,15.4,15.3,2400,15.5,2400,0,831600
IBULHSGFIN30Jan20300PE.NFO,07/01/2020,10:15:07,15.4,15.35,1200,15.5,2400,0,831600
IBULHSGFIN30Jan20300PE.NFO,07/01/2020,10:15:12,15.35,15.35,2400,15.55,3600,1200,831600
IBULHSGFIN30Jan20300PE.NFO,07/01/2020,10:15:17,15.35,15.25,6000,15.45,1200,0,831600
IBULHSGFIN30Jan20300PE.NFO,07/01/2020,10:15:23,15.35,15.25,3600,15.4,1200,0,831600
IBULHSGFIN30Jan20300PE.NFO,07/01/2020,10:15:27,15.35,15.25,2400,15.45,3600,0,831600
IBULHSGFIN30Jan20300PE.NFO,07/01/2020,10:15:32,15.35,15.3,2400,15.5,3600,0,831600
IBULHSGFIN30Jan20300PE.NFO,07/01/2020,10:15:36,15.35,15.3,3600,15.5,3600,0,831600
IBULHSGFIN30Jan20300PE.NFO,07/01/2020,10:15:41,15.35,15.3,1200,15.4,1200,0,831600
IBULHSGFIN30Jan20300PE.NFO,07/01/2020,10:15:47,15.4,15.35,2400,15.5,1200,1200,831600
IBULHSGFIN30Jan20300PE.NFO,07/01/2020,10:15:53,15.55,15.4,6000,15.6,1200,1200,831600
IBULHSGFIN30Jan20300PE.NFO,07/01/2020,10:15:58,15.55,15.5,1200,15.65,1200,0,831600
IBULHSGFIN30Jan20300PE.NFO,07/01/2020,10:16:03,15.55,15.55,3600,15.7,1200,0,831600
IBULHSGFIN30Jan20300PE.NFO,07/01/2020,10:16:08,15.55,15.55,1200,15.7,2400,0,831600
IBULHSGFIN30Jan20300PE.NFO,07/01/2020,10:16:30,15.55,15.5,2400,15.65,2400,0,831600
IBULHSGFIN30Jan20300PE.NFO,07/01/2020,10:16:35,15.55,15.5,1200,15.6,1200,0,831600
IBULHSGFIN30Jan20300PE.NFO,07/01/2020,10:16:40,15.55,15.55,1200,15.7,1200,0,831600
IBULHSGFIN30Jan20300PE.NFO,07/01/2020,10:16:46,15.65,15.5,1200,15.7,3600,1200,831600
IBULHSGFIN30Jan20300PE.NFO,07/01/2020,10:16:50,15.65,15.5,1200,15.7,3600,0,831600
IBULHSGFIN30Jan20300PE.NFO,07/01/2020,10:16:55,15.65,15.55,1200,15.7,2400,0,831600
IBULHSGFIN30Jan20300PE.NFO,07/01/2020,10:17:03,15.65,15.5,1200,15.65,1200,0,831600
IBULHSGFIN30Jan20300PE.NFO,07/01/2020,10:17:07,15.65,15.4,2400,15.55,1200,0,831600
IBULHSGFIN30Jan20300PE.NFO,07/01/2020,10:17:12,15.65,15.4,3600,15.55,1200,0,831600
IBULHSGFIN30Jan20300PE.NFO,07/01/2020,10:17:20,15.55,15.55,1200,15.7,1200,1200,831600
IBULHSGFIN30Jan20300PE.NFO,07/01/2020,10:17:24,15.55,15.55,2400,15.75,2400,0,831600
IBULHSGFIN30Jan20300PE.NFO,07/01/2020,10:17:27,15.55,15.55,6000,15.75,2400,0,831600
IBULHSGFIN30Jan20300PE.NFO,07/01/2020,10:17:42,15.55,15.6,2400,15.75,2400,0,831600
IBULHSGFIN30Jan20300PE.NFO,07/01/2020,10:17:47,15.55,15.65,1200,15.8,2400,0,831600
IBULHSGFIN30Jan20300PE.NFO,07/01/2020,10:17:53,15.55,15.6,8400,15.8,2400,0,831600
IBULHSGFIN30Jan20300PE.NFO,07/01/2020,10:17:58,15.55,15.65,2400,15.8,2400,0,831600
IBULHSGFIN30Jan20300PE.NFO,07/01/2020,10:18:06,15.75,15.6,2400,15.75,2400,1200,830400
IBULHSGFIN30Jan20300PE.NFO,07/01/2020,10:18:11,15.75,15.65,1200,15.8,2400,0,830400
IBULHSGFIN30Jan20300PE.NFO,07/01/2020,10:18:14,15.75,15.55,3600,15.75,3600,0,830400
IBULHSGFIN30Jan20300PE.NFO,07/01/2020,10:18:19,15.75,15.55,3600,15.7,2400,0,830400
IBULHSGFIN30Jan20300PE.NFO,07/01/2020,10:18:31,15.75,15.55,1200,15.7,3600,0,830400
IBULHSGFIN30Jan20300PE.NFO,07/01/2020,10:18:41,15.75,15.55,6000,15.7,1200,0,830400
IBULHSGFIN30Jan20300PE.NFO,07/01/2020,10:18:47,15.75,15.55,3600,15.7,2400,0,830400
IBULHSGFIN30Jan20300PE.NFO,07/01/2020,10:18:57,15.7,15.6,2400,15.75,2400,1200,830400
IBULHSGFIN30Jan20300PE.NFO,07/01/2020,10:19:01,15.7,15.55,3600,15.7,1200,0,830400
IBULHSGFIN30Jan20300PE.NFO,07/01/2020,10:19:06,15.7,15.6,1200,15.75,2400,0,830400
IBULHSGFIN30Jan20300PE.NFO,07/01/2020,10:19:15,15.7,15.65,1200,15.8,1200,0,830400
IBULHSGFIN30Jan20300PE.NFO,07/01/2020,10:19:20,15.65,15.6,4800,15.8,3600,1200,830400
IBULHSGFIN30Jan20300PE.NFO,07/01/2020,10:19:29,15.65,15.65,2400,15.8,1200,0,830400
IBULHSGFIN30Jan20300PE.NFO,07/01/2020,10:19:32,15.65,15.6,4800,15.8,2400,0,830400
IBULHSGFIN30Jan20300PE.NFO,07/01/2020,10:19:35,15.65,15.65,1200,15.8,1200,0,830400
IBULHSGFIN30Jan20300PE.NFO,07/01/2020,10:19:39,15.65,15.6,2400,15.75,1200,0,830400
IBULHSGFIN30Jan20300PE.NFO,07/01/2020,10:19:42,15.65,15.65,4800,15.85,3600,0,830400
IBULHSGFIN30Jan20300PE.NFO,07/01/2020,10:19:50,15.65,15.65,3600,15.8,2400,0,830400
IBULHSGFIN30Jan20300PE.NFO,07/01/2020,10:19:55,15.65,15.65,3600,15.8,1200,0,830400
IBULHSGFIN30Jan20300PE.NFO,07/01/2020,10:19:59,15.65,15.65,1200,15.8,2400,0,830400
IBULHSGFIN30Jan20300PE.NFO,07/01/2020,10:20:03,15.65,15.55,3600,15.75,3600,0,830400
IBULHSGFIN30Jan20300PE.NFO,07/01/2020,10:20:06,15.65,15.5,6000,15.7,1200,0,830400
IBULHSGFIN30Jan20300PE.NFO,07/01/2020,10:20:10,15.7,15.5,4800,15.7,1200,2400,830400
IBULHSGFIN30Jan20300PE.NFO,07/01/2020,10:20:15,15.7,15.5,6000,15.7,4800,0,830400
IBULHSGFIN30Jan20300PE.NFO,07/01/2020,10:20:24,15.7,15.5,6000,15.7,6000,0,830400
IBULHSGFIN30Jan20300PE.NFO,07/01/2020,10:20:29,15.7,15.5,6000,15.7,4800,0,830400
IBULHSGFIN30Jan20300PE.NFO,07/01/2020,10:20:33,15.7,15.5,4800,15.7,4800,0,830400
IBULHSGFIN30Jan20300PE.NFO,07/01/2020,10:20:37,15.7,15.45,4800,15.65,3600,0,830400
IBULHSGFIN30Jan20300PE.NFO,07/01/2020,10:20:41,15.7,15.55,1200,15.7,3600,0,830400
IBULHSGFIN30Jan20300PE.NFO,07/01/2020,10:20:46,15.7,15.5,1200,15.7,7200,0,830400
IBULHSGFIN30Jan20300PE.NFO,07/01/2020,10:20:50,15.7,15.45,3600,15.65,2400,0,830400
IBULHSGFIN30Jan20300PE.NFO,07/01/2020,10:20:57,15.7,15.45,1200,15.6,2400,0,830400
IBULHSGFIN30Jan20300PE.NFO,07/01/2020,10:21:00,15.7,15.45,2400,15.6,2400,0,830400
IBULHSGFIN30Jan20300PE.NFO,07/01/2020,10:21:09,15.7,15.35,3600,15.55,4800,0,830400
IBULHSGFIN30Jan20300PE.NFO,07/01/2020,10:21:13,15.7,15.45,1200,15.65,3600,0,830400
IBULHSGFIN30Jan20300PE.NFO,07/01/2020,10:21:17,15.7,15.4,1200,15.6,4800,0,830400
IBULHSGFIN30Jan20300PE.NFO,07/01/2020,10:21:25,15.6,15.4,1200,15.6,3600,1200,830400
IBULHSGFIN30Jan20300PE.NFO,07/01/2020,10:21:29,15.6,15.35,3600,15.55,2400,0,830400
IBULHSGFIN30Jan20300PE.NFO,07/01/2020,10:21:32,15.6,15.35,4800,15.55,3600,0,830400
IBULHSGFIN30Jan20300PE.NFO,07/01/2020,10:21:38,15.6,15.4,1200,15.55,2400,0,830400
IBULHSGFIN30Jan20300PE.NFO,07/01/2020,10:21:51,15.35,15.4,3600,15.55,1200,4800,830400
IBULHSGFIN30Jan20300PE.NFO,07/01/2020,10:21:56,15.35,15.35,3600,15.5,1200,0,830400
IBULHSGFIN30Jan20300PE.NFO,07/01/2020,10:22:05,15.35,15.35,4800,15.55,3600,0,830400
IBULHSGFIN30Jan20300PE.NFO,07/01/2020,10:22:09,15.35,15.45,1200,15.6,1200,0,830400
IBULHSGFIN30Jan20300PE.NFO,07/01/2020,10:22:13,15.35,15.45,2400,15.6,2400,0,830400
IBULHSGFIN30Jan20300PE.NFO,07/01/2020,10:22:20,15.35,15.45,3600,15.6,2400,0,830400
IBULHSGFIN30Jan20300PE.NFO,07/01/2020,10:22:22,15.35,15.45,2400,15.6,2400,0,830400
IBULHSGFIN30Jan20300PE.NFO,07/01/2020,10:22:37,15.6,15.55,2400,15.7,2400,1200,830400
IBULHSGFIN30Jan20300PE.NFO,07/01/2020,10:22:40,15.6,15.55,1200,15.7,1200,0,830400
IBULHSGFIN30Jan20300PE.NFO,07/01/2020,10:22:46,15.6,15.55,6000,15.7,1200,0,830400
IBULHSGFIN30Jan20300PE.NFO,07/01/2020,10:22:52,15.6,15.6,3600,15.7,1200,0,830400
IBULHSGFIN30Jan20300PE.NFO,07/01/2020,10:22:56,15.7,15.6,3600,15.85,2400,1200,830400
IBULHSGFIN30Jan20300PE.NFO,07/01/2020,10:23:01,15.7,15.6,3600,15.75,1200,0,830400
IBULHSGFIN30Jan20300PE.NFO,07/01/2020,10:23:06,15.7,15.6,3600,15.8,1200,0,830400
IBULHSGFIN30Jan20300PE.NFO,07/01/2020,10:23:11,15.7,15.55,3600,15.7,1200,0,830400
IBULHSGFIN30Jan20300PE.NFO,07/01/2020,10:23:15,15.7,15.55,3600,15.75,2400,0,830400
IBULHSGFIN30Jan20300PE.NFO,07/01/2020,10:23:43,15.7,15.6,2400,15.8,2400,0,830400
IBULHSGFIN30Jan20300PE.NFO,07/01/2020,10:23:47,15.7,15.6,1200,15.75,1200,0,830400
IBULHSGFIN30Jan20300PE.NFO,07/01/2020,10:23:55,15.7,15.6,2400,15.75,1200,0,830400
IBULHSGFIN30Jan20300PE.NFO,07/01/2020,10:23:58,15.7,15.6,1200,15.75,1200,0,830400
IBULHSGFIN30Jan20300PE.NFO,07/01/2020,10:24:02,15.7,15.55,3600,15.75,3600,0,830400
IBULHSGFIN30Jan20300PE.NFO,07/01/2020,10:24:06,15.7,15.5,1200,15.7,2400,0,830400
IBULHSGFIN30Jan20300PE.NFO,07/01/2020,10:24:10,15.7,15.5,2400,15.7,3600,0,830400
IBULHSGFIN30Jan20300PE.NFO,07/01/2020,10:24:18,15.7,15.55,2400,15.7,1200,0,830400
IBULHSGFIN30Jan20300PE.NFO,07/01/2020,10:24:21,15.7,15.5,1200,15.65,1200,0,830400
IBULHSGFIN30Jan20300PE.NFO,07/01/2020,10:24:24,15.7,15.5,1200,15.65,2400,0,830400
IBULHSGFIN30Jan20300PE.NFO,07/01/2020,10:24:31,15.7,15.45,3600,15.65,2400,0,830400
IBULHSGFIN30Jan20300PE.NFO,07/01/2020,10:24:34,15.7,15.45,4800,15.65,3600,0,830400
IBULHSGFIN30Jan20300PE.NFO,07/01/2020,10:24:41,15.7,15.45,3600,15.65,3600,0,830400
IBULHSGFIN30Jan20300PE.NFO,07/01/2020,10:24:54,15.7,15.45,4800,15.65,3600,0,830400
IBULHSGFIN30Jan20300PE.NFO,07/01/2020,10:24:56,15.7,15.45,3600,15.65,3600,0,830400
IBULHSGFIN30Jan20300PE.NFO,07/01/2020,10:25:15,15.7,15.45,4800,15.65,3600,0,830400
IBULHSGFIN30Jan20300PE.NFO,07/01/2020,10:25:19,15.65,15.6,1200,15.8,3600,2400,826800
IBULHSGFIN30Jan20300PE.NFO,07/01/2020,10:25:24,15.65,15.6,1200,15.75,1200,0,826800
IBULHSGFIN30Jan20300PE.NFO,07/01/2020,10:25:32,15.65,15.65,1200,15.85,3600,0,826800
IBULHSGFIN30Jan20300PE.NFO,07/01/2020,10:25:37,15.65,15.75,1200,15.95,2400,0,826800
IBULHSGFIN30Jan20300PE.NFO,07/01/2020,10:25:42,15.65,15.85,1200,16,2400,0,826800
IBULHSGFIN30Jan20300PE.NFO,07/01/2020,10:25:47,15.65,15.75,2400,15.95,4800,0,826800
IBULHSGFIN30Jan20300PE.NFO,07/01/2020,10:25:53,15.65,15.85,1200,16,4800,0,826800
IBULHSGFIN30Jan20300PE.NFO,07/01/2020,10:25:57,15.65,15.8,1200,15.95,2400,0,826800
IBULHSGFIN30Jan20300PE.NFO,07/01/2020,10:26:01,15.65,15.8,2400,16,6000,0,826800
IBULHSGFIN30Jan20300PE.NFO,07/01/2020,10:26:05,15.65,15.8,2400,15.95,1200,0,826800
IBULHSGFIN30Jan20300PE.NFO,07/01/2020,10:26:09,15.65,15.85,2400,16,4800,0,826800
IBULHSGFIN30Jan20300PE.NFO,07/01/2020,10:26:15,15.65,15.8,2400,15.95,2400,0,826800
IBULHSGFIN30Jan20300PE.NFO,07/01/2020,10:26:22,15.65,15.8,2400,15.9,1200,0,826800
IBULHSGFIN30Jan20300PE.NFO,07/01/2020,10:26:26,15.65,15.8,2400,15.95,2400,0,826800
IBULHSGFIN30Jan20300PE.NFO,07/01/2020,10:26:53,15.8,15.65,4800,15.9,3600,1200,828000
IBULHSGFIN30Jan20300PE.NFO,07/01/2020,10:26:57,15.8,15.65,1200,15.85,2400,0,828000
IBULHSGFIN30Jan20300PE.NFO,07/01/2020,10:27:01,15.8,15.65,1200,15.85,3600,0,828000
IBULHSGFIN30Jan20300PE.NFO,07/01/2020,10:27:10,15.8,15.7,1200,15.85,2400,0,828000
IBULHSGFIN30Jan20300PE.NFO,07/01/2020,10:27:14,15.8,15.65,2400,15.85,2400,0,828000
IBULHSGFIN30Jan20300PE.NFO,07/01/2020,10:27:17,15.8,15.65,2400,15.85,3600,0,828000
IBULHSGFIN30Jan20300PE.NFO,07/01/2020,10:27:24,15.8,15.65,3600,15.85,3600,0,828000
IBULHSGFIN30Jan20300PE.NFO,07/01/2020,10:27:28,15.8,15.7,1200,15.85,2400,0,828000
IBULHSGFIN30Jan20300PE.NFO,07/01/2020,10:27:35,15.8,15.65,2400,15.85,2400,0,828000
IBULHSGFIN30Jan20300PE.NFO,07/01/2020,10:27:38,15.8,15.65,2400,15.85,3600,0,828000
IBULHSGFIN30Jan20300PE.NFO,07/01/2020,10:27:49,15.8,15.7,1200,15.85,2400,0,828000
IBULHSGFIN30Jan20300PE.NFO,07/01/2020,10:27:52,15.8,15.75,1200,15.9,2400,0,828000
IBULHSGFIN30Jan20300PE.NFO,07/01/2020,10:27:56,15.8,15.75,2400,15.9,2400,0,828000
IBULHSGFIN30Jan20300PE.NFO,07/01/2020,10:27:59,15.8,15.7,2400,15.9,2400,0,828000
IBULHSGFIN30Jan20300PE.NFO,07/01/2020,10:28:02,15.8,15.7,2400,15.85,2400,0,828000
IBULHSGFIN30Jan20300PE.NFO,07/01/2020,10:28:05,15.8,15.7,3600,15.9,4800,0,828000
IBULHSGFIN30Jan20300PE.NFO,07/01/2020,10:28:08,15.8,15.7,3600,15.85,1200,0,828000
IBULHSGFIN30Jan20300PE.NFO,07/01/2020,10:28:11,15.8,15.7,2400,15.85,1200,0,828000
IBULHSGFIN30Jan20300PE.NFO,07/01/2020,10:28:27,15.7,15.55,2400,15.7,1200,1200,828000
IBULHSGFIN30Jan20300PE.NFO,07/01/2020,10:28:32,15.7,15.55,1200,15.75,3600,0,828000
IBULHSGFIN30Jan20300PE.NFO,07/01/2020,10:28:35,15.7,15.5,1200,15.75,7200,0,828000
IBULHSGFIN30Jan20300PE.NFO,07/01/2020,10:28:42,15.7,15.55,1200,15.75,7200,0,828000
IBULHSGFIN30Jan20300PE.NFO,07/01/2020,10:28:45,15.7,15.55,1200,15.75,6000,0,828000
IBULHSGFIN30Jan20300PE.NFO,07/01/2020,10:28:49,15.7,15.5,2400,15.7,4800,0,828000
IBULHSGFIN30Jan20300PE.NFO,07/01/2020,10:28:52,15.7,15.5,2400,15.7,6000,0,828000
IBULHSGFIN30Jan20300PE.NFO,07/01/2020,10:28:55,15.5,15.5,1200,15.65,1200,1200,828000
IBULHSGFIN30Jan20300PE.NFO,07/01/2020,10:28:58,15.5,15.5,2400,15.7,1200,0,828000
IBULHSGFIN30Jan20300PE.NFO,07/01/2020,10:29:01,15.5,15.5,1200,15.65,2400,0,828000
IBULHSGFIN30Jan20300PE.NFO,07/01/2020,10:29:10,15.5,15.5,1200,15.65,1200,0,828000
IBULHSGFIN30Jan20300PE.NFO,07/01/2020,10:29:16,15.45,15.45,2400,15.6,1200,2400,828000
IBULHSGFIN30Jan20300PE.NFO,07/01/2020,10:29:19,15.45,15.45,2400,15.65,4800,0,828000
IBULHSGFIN30Jan20300PE.NFO,07/01/2020,10:29:23,15.45,15.45,1200,15.65,3600,0,828000
IBULHSGFIN30Jan20300PE.NFO,07/01/2020,10:29:29,15.45,15.45,1200,15.6,1200,0,828000
IBULHSGFIN30Jan20300PE.NFO,07/01/2020,10:29:36,15.45,15.4,1200,15.6,3600,0,828000
IBULHSGFIN30Jan20300PE.NFO,07/01/2020,10:29:39,15.45,15.4,3600,15.6,3600,0,828000
IBULHSGFIN30Jan20300PE.NFO,07/01/2020,10:29:42,15.45,15.45,3600,15.65,1200,0,828000
IBULHSGFIN30Jan20300PE.NFO,07/01/2020,10:29:45,15.45,15.45,1200,15.6,1200,0,828000
IBULHSGFIN30Jan20300PE.NFO,07/01/2020,10:29:48,15.45,15.45,1200,15.65,1200,0,828000
IBULHSGFIN30Jan20300PE.NFO,07/01/2020,10:29:50,15.45,15.45,3600,15.7,4800,0,828000
IBULHSGFIN30Jan20300PE.NFO,07/01/2020,10:29:53,15.45,15.45,2400,15.7,3600,0,828000
IBULHSGFIN30Jan20300PE.NFO,07/01/2020,10:29:55,15.45,15.45,2400,15.65,2400,0,828000
IBULHSGFIN30Jan20300PE.NFO,07/01/2020,10:29:57,15.45,15.4,2400,15.6,1200,0,828000
IBULHSGFIN30Jan20300PE.NFO,07/01/2020,10:30:00,15.45,15.45,1200,15.65,3600,0,828000
IBULHSGFIN30Jan20300PE.NFO,07/01/2020,10:30:04,15.45,15.4,2400,15.6,2400,0,828000
IBULHSGFIN30Jan20300PE.NFO,07/01/2020,10:30:07,15.45,15.4,2400,15.55,1200,0,828000
IBULHSGFIN30Jan20300PE.NFO,07/01/2020,10:30:09,15.45,15.4,2400,15.6,2400,0,828000
IBULHSGFIN30Jan20300PE.NFO,07/01/2020,10:30:14,15.45,15.4,1200,15.55,2400,0,828000
IBULHSGFIN30Jan20300PE.NFO,07/01/2020,10:30:19,15.45,15.4,3600,15.6,2400,0,828000
IBULHSGFIN30Jan20300PE.NFO,07/01/2020,10:30:23,15.45,15.45,2400,15.65,3600,0,828000
IBULHSGFIN30Jan20300PE.NFO,07/01/2020,10:30:26,15.45,15.45,1200,15.6,1200,0,828000
IBULHSGFIN30Jan20300PE.NFO,07/01/2020,10:30:28,15.45,15.45,1200,15.6,3600,0,828000
IBULHSGFIN30Jan20300PE.NFO,07/01/2020,10:30:31,15.45,15.4,3600,15.6,4800,0,828000
IBULHSGFIN30Jan20300PE.NFO,07/01/2020,10:30:42,15.45,15.4,4800,15.6,4800,0,828000
IBULHSGFIN30Jan20300PE.NFO,07/01/2020,10:30:45,15.45,15.45,1200,15.6,3600,0,828000
IBULHSGFIN30Jan20300PE.NFO,07/01/2020,10:30:49,15.45,15.45,1200,15.55,1200,0,828000
IBULHSGFIN30Jan20300PE.NFO,07/01/2020,10:30:56,15.45,15.4,3600,15.6,3600,0,828000
IBULHSGFIN30Jan20300PE.NFO,07/01/2020,10:30:59,15.45,15.4,3600,15.55,2400,0,828000
IBULHSGFIN30Jan20300PE.NFO,07/01/2020,10:31:02,15.45,15.4,3600,15.6,4800,0,828000
IBULHSGFIN30Jan20300PE.NFO,07/01/2020,10:31:07,15.45,15.4,3600,15.55,1200,0,828000
IBULHSGFIN30Jan20300PE.NFO,07/01/2020,10:31:12,15.45,15.35,4800,15.5,1200,0,828000
IBULHSGFIN30Jan20300PE.NFO,07/01/2020,10:31:18,15.45,15.35,4800,15.5,2400,0,828000
IBULHSGFIN30Jan20300PE.NFO,07/01/2020,10:31:21,15.45,15.4,1200,15.55,3600,0,828000
IBULHSGFIN30Jan20300PE.NFO,07/01/2020,10:31:27,15.45,15.4,1200,15.55,1200,0,828000
IBULHSGFIN30Jan20300PE.NFO,07/01/2020,10:31:30,15.45,15.4,3600,15.55,1200,0,828000
IBULHSGFIN30Jan20300PE.NFO,07/01/2020,10:31:39,15.45,15.4,3600,15.6,4800,0,828000
IBULHSGFIN30Jan20300PE.NFO,07/01/2020,10:31:47,15.45,15.4,3600,15.55,1200,0,828000
IBULHSGFIN30Jan20300PE.NFO,07/01/2020,10:31:50,15.45,15.4,3600,15.55,2400,0,828000
IBULHSGFIN30Jan20300PE.NFO,07/01/2020,10:31:57,15.45,15.45,3600,15.65,2400,0,828000
IBULHSGFIN30Jan20300PE.NFO,07/01/2020,10:32:01,15.45,15.45,3600,15.65,3600,0,828000
IBULHSGFIN30Jan20300PE.NFO,07/01/2020,10:32:13,15.45,15.5,4800,15.7,2400,0,828000
IBULHSGFIN30Jan20300PE.NFO,07/01/2020,10:32:17,15.45,15.55,1200,15.7,1200,0,828000
IBULHSGFIN30Jan20300PE.NFO,07/01/2020,10:32:24,15.45,15.55,2400,15.7,1200,0,828000
IBULHSGFIN30Jan20300PE.NFO,07/01/2020,10:32:27,15.45,15.55,4800,15.7,1200,0,828000
IBULHSGFIN30Jan20300PE.NFO,07/01/2020,10:32:31,15.45,15.55,2400,15.7,2400,0,828000
IBULHSGFIN30Jan20300PE.NFO,07/01/2020,10:32:44,15.45,15.4,3600,15.6,3600,0,828000
IBULHSGFIN30Jan20300PE.NFO,07/01/2020,10:32:48,15.45,15.45,3600,15.6,1200,0,828000
IBULHSGFIN30Jan20300PE.NFO,07/01/2020,10:32:52,15.45,15.45,1200,15.6,2400,0,828000
IBULHSGFIN30Jan20300PE.NFO,07/01/2020,10:33:01,15.45,15.45,2400,15.6,2400,0,828000
IBULHSGFIN30Jan20300PE.NFO,07/01/2020,10:33:09,15.45,15.45,1200,15.6,2400,0,828000
IBULHSGFIN30Jan20300PE.NFO,07/01/2020,10:33:19,15.45,15.45,2400,15.6,2400,0,828000
IBULHSGFIN30Jan20300PE.NFO,07/01/2020,10:33:23,15.45,15.4,3600,15.6,2400,0,828000
IBULHSGFIN30Jan20300PE.NFO,07/01/2020,10:33:35,15.45,15.45,3600,15.65,3600,0,828000
IBULHSGFIN30Jan20300PE.NFO,07/01/2020,10:33:39,15.45,15.45,4800,15.65,3600,0,828000
IBULHSGFIN30Jan20300PE.NFO,07/01/2020,10:33:43,15.45,15.5,1200,15.65,2400,0,828000
IBULHSGFIN30Jan20300PE.NFO,07/01/2020,10:33:46,15.45,15.45,3600,15.65,2400,0,828000
IBULHSGFIN30Jan20300PE.NFO,07/01/2020,10:33:49,15.45,15.5,1200,15.65,2400,0,828000
IBULHSGFIN30Jan20300PE.NFO,07/01/2020,10:33:52,15.45,15.5,4800,15.65,1200,0,828000
IBULHSGFIN30Jan20300PE.NFO,07/01/2020,10:33:55,15.45,15.5,3600,15.7,3600,0,828000
IBULHSGFIN30Jan20300PE.NFO,07/01/2020,10:34:01,15.45,15.55,1200,15.7,2400,0,828000
IBULHSGFIN30Jan20300PE.NFO,07/01/2020,10:34:05,15.45,15.5,3600,15.7,2400,0,828000
IBULHSGFIN30Jan20300PE.NFO,07/01/2020,10:34:09,15.45,15.55,1200,15.7,2400,0,828000
IBULHSGFIN30Jan20300PE.NFO,07/01/2020,10:34:13,15.45,15.45,3600,15.65,4800,0,828000
IBULHSGFIN30Jan20300PE.NFO,07/01/2020,10:34:17,15.45,15.45,1200,15.6,2400,0,828000
IBULHSGFIN30Jan20300PE.NFO,07/01/2020,10:34:20,15.45,15.4,4800,15.55,1200,0,828000
IBULHSGFIN30Jan20300PE.NFO,07/01/2020,10:34:25,15.4,15.4,1200,15.55,4800,1200,826800
IBULHSGFIN30Jan20300PE.NFO,07/01/2020,10:34:30,15.4,15.4,1200,15.55,4800,0,826800
IBULHSGFIN30Jan20300PE.NFO,07/01/2020,10:34:34,15.4,15.4,1200,15.55,3600,0,826800
IBULHSGFIN30Jan20300PE.NFO,07/01/2020,10:34:37,15.3,15.2,1200,15.4,1200,2400,826800
IBULHSGFIN30Jan20300PE.NFO,07/01/2020,10:34:42,15.3,15.1,1200,15.2,2400,0,826800
IBULHSGFIN30Jan20300PE.NFO,07/01/2020,10:34:46,14.75,14.85,1200,15.05,1200,4800,826800
IBULHSGFIN30Jan20300PE.NFO,07/01/2020,10:34:50,14.75,14.75,1200,14.95,1200,0,826800
