Ticker,Date,Time,LTP,BuyPrice,BuyQty,SellPrice,SellQty,LTQ,OpenInterest
IBULHSGFIN30Jan20200PE.NFO,07/01/2020,09:16:29,1.25,0.9,1200,1.45,1200,1200,171600
IBULHSGFIN30Jan20200PE.NFO,07/01/2020,09:16:29,1.25,0.9,1200,1.45,1200,0,171600
IBULHSGFIN30Jan20200PE.NFO,07/01/2020,09:16:29,1.25,0.9,1200,1.45,1200,0,171600
IBULHSGFIN30Jan20200PE.NFO,07/01/2020,09:16:29,1.25,0.9,1200,1.45,1200,0,171600
IBULHSGFIN30Jan20200PE.NFO,07/01/2020,09:16:40,1.25,0.9,1200,1.45,1200,0,171600
IBULHSGFIN30Jan20200PE.NFO,07/01/2020,09:16:51,1.25,0.9,1200,1.4,1200,0,171600
IBULHSGFIN30Jan20200PE.NFO,07/01/2020,09:17:20,1.25,0.9,2400,1.4,1200,0,171600
IBULHSGFIN30Jan20200PE.NFO,07/01/2020,09:17:30,1.25,0.9,2400,1.25,2400,0,171600
IBULHSGFIN30Jan20200PE.NFO,07/01/2020,09:17:59,1.25,0.9,2400,1,1200,0,171600
IBULHSGFIN30Jan20200PE.NFO,07/01/2020,09:18:16,0.9,0.9,1200,1.25,2400,1200,172800
IBULHSGFIN30Jan20200PE.NFO,07/01/2020,09:18:16,0.9,0.9,1200,1.25,2400,0,172800
IBULHSGFIN30Jan20200PE.NFO,07/01/2020,09:18:23,0.9,0.9,1200,1.45,1200,0,172800
IBULHSGFIN30Jan20200PE.NFO,07/01/2020,09:18:30,0.9,0.9,1200,1.4,3600,0,172800
IBULHSGFIN30Jan20200PE.NFO,07/01/2020,09:18:38,0.9,0.95,1200,1.4,3600,0,172800
IBULHSGFIN30Jan20200PE.NFO,07/01/2020,09:18:45,0.9,1,1200,1.45,1200,0,172800
IBULHSGFIN30Jan20200PE.NFO,07/01/2020,09:18:53,0.9,0.95,1200,1.4,1200,0,172800
IBULHSGFIN30Jan20200PE.NFO,07/01/2020,09:19:07,0.9,0.95,1200,1.25,2400,0,172800
IBULHSGFIN30Jan20200PE.NFO,07/01/2020,09:19:21,0.9,0.9,1200,1.25,2400,0,172800
IBULHSGFIN30Jan20200PE.NFO,07/01/2020,09:19:28,0.9,0.9,1200,1.2,2400,0,172800
IBULHSGFIN30Jan20200PE.NFO,07/01/2020,09:20:02,0.9,0.9,1200,1.15,3600,0,172800
IBULHSGFIN30Jan20200PE.NFO,07/01/2020,09:20:08,0.9,0.9,1200,1.1,2400,0,172800
IBULHSGFIN30Jan20200PE.NFO,07/01/2020,09:21:28,0.9,0.9,1200,1.3,2400,0,172800
IBULHSGFIN30Jan20200PE.NFO,07/01/2020,09:21:47,0.9,0.9,1200,1.4,3600,0,172800
IBULHSGFIN30Jan20200PE.NFO,07/01/2020,09:21:55,0.9,0.9,1200,1.4,2400,0,172800
IBULHSGFIN30Jan20200PE.NFO,07/01/2020,09:22:07,0.9,0.9,1200,1.4,3600,0,172800
IBULHSGFIN30Jan20200PE.NFO,07/01/2020,09:22:14,0.9,0.9,1200,1.4,2400,0,172800
IBULHSGFIN30Jan20200PE.NFO,07/01/2020,09:22:35,0.9,0.9,1200,1.4,3600,0,172800
IBULHSGFIN30Jan20200PE.NFO,07/01/2020,09:22:48,0.9,0.9,1200,1.4,2400,0,172800
IBULHSGFIN30Jan20200PE.NFO,07/01/2020,09:23:00,0.9,0.9,1200,1.35,1200,0,172800
IBULHSGFIN30Jan20200PE.NFO,07/01/2020,09:23:18,0.9,0.9,1200,1.3,1200,0,172800
IBULHSGFIN30Jan20200PE.NFO,07/01/2020,09:23:24,0.9,0.9,1200,1.25,1200,0,172800
IBULHSGFIN30Jan20200PE.NFO,07/01/2020,09:23:36,0.9,0.9,1200,1.15,1200,0,172800
IBULHSGFIN30Jan20200PE.NFO,07/01/2020,09:23:48,0.9,0.9,1200,1.05,1200,0,172800
IBULHSGFIN30Jan20200PE.NFO,07/01/2020,09:23:54,0.95,0.9,1200,1.2,1200,1200,171600
IBULHSGFIN30Jan20200PE.NFO,07/01/2020,09:24:00,0.95,0.9,1200,1.15,2400,0,171600
IBULHSGFIN30Jan20200PE.NFO,07/01/2020,09:27:29,0.95,0.9,2400,1.15,2400,0,171600
IBULHSGFIN30Jan20200PE.NFO,07/01/2020,09:28:08,0.95,0.9,2400,1.1,3600,0,171600
IBULHSGFIN30Jan20200PE.NFO,07/01/2020,09:28:14,0.95,0.9,2400,1.15,2400,0,171600
IBULHSGFIN30Jan20200PE.NFO,07/01/2020,09:28:46,0.95,0.95,1200,1.15,2400,0,171600
IBULHSGFIN30Jan20200PE.NFO,07/01/2020,09:30:35,0.95,0.9,2400,1.15,2400,1200,171600
IBULHSGFIN30Jan20200PE.NFO,07/01/2020,09:30:40,0.95,0.9,2400,1.15,2400,0,171600
IBULHSGFIN30Jan20200PE.NFO,07/01/2020,09:30:45,0.95,0.9,2400,1.1,1200,0,171600
IBULHSGFIN30Jan20200PE.NFO,07/01/2020,09:35:55,0.95,0.9,2400,1,1200,0,171600
IBULHSGFIN30Jan20200PE.NFO,07/01/2020,09:38:54,0.9,0.9,1200,1,1200,1200,172800
IBULHSGFIN30Jan20200PE.NFO,07/01/2020,09:38:58,0.9,0.9,1200,1,1200,0,172800
IBULHSGFIN30Jan20200PE.NFO,07/01/2020,09:39:25,0.9,0.85,1200,1.05,1200,1200,172800
IBULHSGFIN30Jan20200PE.NFO,07/01/2020,09:39:30,0.9,0.9,1200,1.05,1200,0,172800
IBULHSGFIN30Jan20200PE.NFO,07/01/2020,09:40:14,0.9,0.85,1200,1.05,1200,0,172800
IBULHSGFIN30Jan20200PE.NFO,07/01/2020,09:42:44,0.9,0.85,1200,1,2400,0,172800
IBULHSGFIN30Jan20200PE.NFO,07/01/2020,09:42:51,0.9,0.9,2400,1,2400,0,172800
IBULHSGFIN30Jan20200PE.NFO,07/01/2020,09:44:24,0.9,0.9,1200,0.95,1200,1200,172800
IBULHSGFIN30Jan20200PE.NFO,07/01/2020,09:44:29,0.9,0.9,1200,0.95,1200,0,172800
IBULHSGFIN30Jan20200PE.NFO,07/01/2020,09:46:05,0.9,0.9,2400,0.95,1200,0,172800
IBULHSGFIN30Jan20200PE.NFO,07/01/2020,09:46:10,0.95,0.9,1200,1,2400,1200,172800
IBULHSGFIN30Jan20200PE.NFO,07/01/2020,09:46:20,0.95,0.9,1200,1,2400,0,172800
IBULHSGFIN30Jan20200PE.NFO,07/01/2020,09:47:38,0.95,0.9,1200,1,3600,0,172800
IBULHSGFIN30Jan20200PE.NFO,07/01/2020,09:50:57,0.95,0.9,1200,1,1200,0,172800
IBULHSGFIN30Jan20200PE.NFO,07/01/2020,09:52:11,1,0.9,1200,1.15,3600,1200,171600
IBULHSGFIN30Jan20200PE.NFO,07/01/2020,09:52:15,1,0.9,1200,1.15,3600,0,171600
IBULHSGFIN30Jan20200PE.NFO,07/01/2020,09:52:24,1,0.9,1200,1.1,2400,0,171600
IBULHSGFIN30Jan20200PE.NFO,07/01/2020,09:52:39,1,0.9,2400,1.1,2400,0,171600
IBULHSGFIN30Jan20200PE.NFO,07/01/2020,09:55:36,1,0.9,2400,1.05,1200,0,171600
IBULHSGFIN30Jan20200PE.NFO,07/01/2020,09:55:50,1,0.9,2400,1.15,3600,0,171600
IBULHSGFIN30Jan20200PE.NFO,07/01/2020,09:55:55,1,0.9,2400,1.1,1200,0,171600
IBULHSGFIN30Jan20200PE.NFO,07/01/2020,09:56:05,1,0.9,2400,1.15,3600,0,171600
IBULHSGFIN30Jan20200PE.NFO,07/01/2020,09:56:10,1,0.9,2400,1.1,1200,0,171600
IBULHSGFIN30Jan20200PE.NFO,07/01/2020,09:58:31,1,0.9,2400,1.1,2400,0,171600
IBULHSGFIN30Jan20200PE.NFO,07/01/2020,10:00:33,1,0.95,1200,1.1,2400,0,171600
IBULHSGFIN30Jan20200PE.NFO,07/01/2020,10:06:24,1,0.95,1200,1.1,1200,0,171600
IBULHSGFIN30Jan20200PE.NFO,07/01/2020,10:12:12,1,0.95,13200,1.1,1200,0,171600
IBULHSGFIN30Jan20200PE.NFO,07/01/2020,10:12:51,1,0.95,13200,1.05,2400,0,171600
IBULHSGFIN30Jan20200PE.NFO,07/01/2020,10:13:22,1,1,12000,1.05,2400,0,171600
IBULHSGFIN30Jan20200PE.NFO,07/01/2020,10:14:06,1,1,9600,1.05,2400,2400,171600
IBULHSGFIN30Jan20200PE.NFO,07/01/2020,10:14:10,1,1,8400,1.05,2400,1200,171600
IBULHSGFIN30Jan20200PE.NFO,07/01/2020,10:14:16,1,1,6000,1.15,2400,2400,171600
IBULHSGFIN30Jan20200PE.NFO,07/01/2020,10:14:21,1,1,6000,1.1,1200,0,171600
IBULHSGFIN30Jan20200PE.NFO,07/01/2020,10:14:27,1,1,6000,1.1,2400,0,171600
IBULHSGFIN30Jan20200PE.NFO,07/01/2020,10:14:32,1,1,2400,1.1,2400,3600,171600
IBULHSGFIN30Jan20200PE.NFO,07/01/2020,10:14:42,1,0.95,1200,1.1,2400,2400,171600
IBULHSGFIN30Jan20200PE.NFO,07/01/2020,10:14:56,1,0.95,1200,1.1,2400,0,171600
IBULHSGFIN30Jan20200PE.NFO,07/01/2020,10:16:35,1,0.95,1200,1.05,1200,0,171600
IBULHSGFIN30Jan20200PE.NFO,07/01/2020,10:20:29,1,0.95,1200,1,1200,0,171600
IBULHSGFIN30Jan20200PE.NFO,07/01/2020,10:20:46,1,0.9,2400,1,1200,0,171600
IBULHSGFIN30Jan20200PE.NFO,07/01/2020,10:20:50,1,0.9,3600,1,1200,0,171600
IBULHSGFIN30Jan20200PE.NFO,07/01/2020,10:21:51,1,0.9,3600,1.1,2400,1200,171600
IBULHSGFIN30Jan20200PE.NFO,07/01/2020,10:21:59,1,0.9,3600,1.1,2400,0,171600
IBULHSGFIN30Jan20200PE.NFO,07/01/2020,10:25:04,1,0.9,1200,1.1,2400,0,171600
IBULHSGFIN30Jan20200PE.NFO,07/01/2020,10:29:07,1,0.9,1200,1.05,2400,0,172800
IBULHSGFIN30Jan20200PE.NFO,07/01/2020,10:29:10,1,0.9,2400,1.05,2400,0,172800
IBULHSGFIN30Jan20200PE.NFO,07/01/2020,10:31:47,1,1,1200,1.05,2400,0,172800
IBULHSGFIN30Jan20200PE.NFO,07/01/2020,10:34:34,1,0.9,2400,1.05,2400,1200,172800
IBULHSGFIN30Jan20200PE.NFO,07/01/2020,10:34:41,1,0.9,2400,1.05,2400,0,172800
IBULHSGFIN30Jan20200PE.NFO,07/01/2020,10:34:46,0.9,0.8,2400,1.05,2400,2400,172800
IBULHSGFIN30Jan20200PE.NFO,07/01/2020,10:35:06,0.9,0.85,2400,1.05,2400,0,172800
IBULHSGFIN30Jan20200PE.NFO,07/01/2020,10:36:56,0.9,0.85,2400,1,1200,0,172800
IBULHSGFIN30Jan20200PE.NFO,07/01/2020,10:37:59,0.9,0.85,3600,1,1200,0,172800
IBULHSGFIN30Jan20200PE.NFO,07/01/2020,10:39:20,0.9,0.9,1200,1,1200,0,172800
IBULHSGFIN30Jan20200PE.NFO,07/01/2020,10:39:47,0.9,0.85,3600,0.9,19200,1200,172800
IBULHSGFIN30Jan20200PE.NFO,07/01/2020,10:40:21,0.8,0.75,1200,0.8,13200,6000,172800
IBULHSGFIN30Jan20200PE.NFO,07/01/2020,10:40:21,0.8,0.75,1200,0.8,13200,0,172800
IBULHSGFIN30Jan20200PE.NFO,07/01/2020,10:40:23,0.8,0.75,1200,0.8,7200,6000,172800
IBULHSGFIN30Jan20200PE.NFO,07/01/2020,10:40:26,0.8,0.8,1200,1,1200,7200,172800
IBULHSGFIN30Jan20200PE.NFO,07/01/2020,10:40:29,0.8,0.8,2400,1,1200,0,172800
IBULHSGFIN30Jan20200PE.NFO,07/01/2020,10:40:37,0.8,0.8,1200,1,1200,0,172800
IBULHSGFIN30Jan20200PE.NFO,07/01/2020,10:40:47,0.8,0.8,4800,1,1200,0,172800
IBULHSGFIN30Jan20200PE.NFO,07/01/2020,10:40:51,0.8,0.8,4800,0.95,1200,0,172800
IBULHSGFIN30Jan20200PE.NFO,07/01/2020,10:43:50,0.8,0.8,6000,0.95,1200,0,172800
IBULHSGFIN30Jan20200PE.NFO,07/01/2020,10:46:30,0.8,0.8,6000,0.95,3600,0,172800
IBULHSGFIN30Jan20200PE.NFO,07/01/2020,10:48:48,0.8,0.8,6000,0.9,1200,0,172800
IBULHSGFIN30Jan20200PE.NFO,07/01/2020,10:51:30,0.8,0.8,6000,0.95,1200,0,172800
IBULHSGFIN30Jan20200PE.NFO,07/01/2020,10:51:38,0.8,0.8,6000,1,1200,0,172800
IBULHSGFIN30Jan20200PE.NFO,07/01/2020,10:52:00,0.8,0.85,1200,1,1200,0,172800
IBULHSGFIN30Jan20200PE.NFO,07/01/2020,10:52:04,0.8,0.8,6000,1,1200,0,172800
IBULHSGFIN30Jan20200PE.NFO,07/01/2020,10:52:40,0.8,0.85,1200,1,1200,0,172800
IBULHSGFIN30Jan20200PE.NFO,07/01/2020,10:52:56,0.8,0.8,6000,1,1200,0,172800
IBULHSGFIN30Jan20200PE.NFO,07/01/2020,10:53:07,0.8,0.85,1200,1,1200,0,172800
IBULHSGFIN30Jan20200PE.NFO,07/01/2020,10:53:13,0.8,0.85,2400,1,1200,0,172800
IBULHSGFIN30Jan20200PE.NFO,07/01/2020,10:54:01,0.8,0.85,2400,1,4800,0,172800
IBULHSGFIN30Jan20200PE.NFO,07/01/2020,10:54:15,0.8,0.85,2400,1,3600,0,172800
IBULHSGFIN30Jan20200PE.NFO,07/01/2020,10:54:25,0.8,0.85,3600,0.95,1200,0,172800
IBULHSGFIN30Jan20200PE.NFO,07/01/2020,10:55:03,0.8,0.85,2400,0.95,1200,0,172800
IBULHSGFIN30Jan20200PE.NFO,07/01/2020,10:57:43,0.95,0.85,2400,1,3600,1200,170400
IBULHSGFIN30Jan20200PE.NFO,07/01/2020,10:57:49,0.95,0.85,2400,1,3600,0,170400
IBULHSGFIN30Jan20200PE.NFO,07/01/2020,10:58:07,1,0.85,2400,1,2400,1200,170400
IBULHSGFIN30Jan20200PE.NFO,07/01/2020,10:58:14,1,0.85,2400,1,2400,0,170400
IBULHSGFIN30Jan20200PE.NFO,07/01/2020,10:58:20,1,0.85,2400,1,3600,0,170400
IBULHSGFIN30Jan20200PE.NFO,07/01/2020,10:59:05,1,0.85,2400,0.95,1200,0,170400
IBULHSGFIN30Jan20200PE.NFO,07/01/2020,10:59:11,0.95,0.9,3600,1,2400,1200,170400
IBULHSGFIN30Jan20200PE.NFO,07/01/2020,10:59:17,0.95,0.9,2400,1,2400,0,170400
IBULHSGFIN30Jan20200PE.NFO,07/01/2020,11:00:20,1,0.9,2400,1.15,1200,2400,166800
IBULHSGFIN30Jan20200PE.NFO,07/01/2020,11:00:33,1,0.9,2400,1.15,1200,0,166800
IBULHSGFIN30Jan20200PE.NFO,07/01/2020,11:00:46,1,0.9,3600,1.15,1200,0,166800
IBULHSGFIN30Jan20200PE.NFO,07/01/2020,11:01:22,1,0.95,1200,1.15,1200,0,166800
IBULHSGFIN30Jan20200PE.NFO,07/01/2020,11:01:30,1,0.95,1200,1.1,1200,0,166800
IBULHSGFIN30Jan20200PE.NFO,07/01/2020,11:01:45,1,1,1200,1.1,1200,0,166800
IBULHSGFIN30Jan20200PE.NFO,07/01/2020,11:01:53,1,0.95,1200,1.1,1200,1200,166800
IBULHSGFIN30Jan20200PE.NFO,07/01/2020,11:02:01,1,0.95,1200,1.1,1200,0,166800
IBULHSGFIN30Jan20200PE.NFO,07/01/2020,11:02:15,1,1,3600,1.1,1200,0,166800
IBULHSGFIN30Jan20200PE.NFO,07/01/2020,11:02:34,1,0.95,1200,1.1,1200,0,166800
IBULHSGFIN30Jan20200PE.NFO,07/01/2020,11:03:32,1,1,3600,1.1,1200,0,166800
IBULHSGFIN30Jan20200PE.NFO,07/01/2020,11:04:07,1,0.95,1200,1.1,1200,0,166800
IBULHSGFIN30Jan20200PE.NFO,07/01/2020,11:04:15,1,1,1200,1.1,1200,0,166800
IBULHSGFIN30Jan20200PE.NFO,07/01/2020,11:05:53,1,0.95,1200,1.1,1200,0,166800
IBULHSGFIN30Jan20200PE.NFO,07/01/2020,11:05:58,1,1,3600,1.1,1200,0,166800
IBULHSGFIN30Jan20200PE.NFO,07/01/2020,11:06:47,1,0.95,1200,1.1,1200,0,166800
IBULHSGFIN30Jan20200PE.NFO,07/01/2020,11:09:05,1,1,3600,1.1,1200,0,166800
IBULHSGFIN30Jan20200PE.NFO,07/01/2020,11:09:41,1,0.95,1200,1.1,1200,0,166800
IBULHSGFIN30Jan20200PE.NFO,07/01/2020,11:09:59,1,1,3600,1.1,1200,0,166800
IBULHSGFIN30Jan20200PE.NFO,07/01/2020,11:10:04,1,1,3600,1.15,1200,0,166800
IBULHSGFIN30Jan20200PE.NFO,07/01/2020,11:10:07,1,0.95,1200,1.15,1200,0,166800
IBULHSGFIN30Jan20200PE.NFO,07/01/2020,11:11:01,1,0.95,1200,1.15,2400,0,166800
IBULHSGFIN30Jan20200PE.NFO,07/01/2020,11:12:14,1,1,3600,1.15,2400,0,166800
IBULHSGFIN30Jan20200PE.NFO,07/01/2020,11:13:01,1,0.95,3600,1.15,3600,0,166800
IBULHSGFIN30Jan20200PE.NFO,07/01/2020,11:13:07,1,1,3600,1.15,3600,0,166800
IBULHSGFIN30Jan20200PE.NFO,07/01/2020,11:13:18,1,1.05,3600,1.15,3600,0,166800
IBULHSGFIN30Jan20200PE.NFO,07/01/2020,11:13:24,1,1.05,3600,1.15,2400,0,166800
IBULHSGFIN30Jan20200PE.NFO,07/01/2020,11:13:53,1,0.95,3600,1.15,2400,0,166800
IBULHSGFIN30Jan20200PE.NFO,07/01/2020,11:15:11,1,1,3600,1.15,2400,0,166800
IBULHSGFIN30Jan20200PE.NFO,07/01/2020,11:15:21,1,0.95,3600,1.15,2400,0,166800
IBULHSGFIN30Jan20200PE.NFO,07/01/2020,11:17:18,1,1,3600,1.15,2400,0,166800
IBULHSGFIN30Jan20200PE.NFO,07/01/2020,11:17:23,1,0.95,3600,1.15,2400,0,166800
IBULHSGFIN30Jan20200PE.NFO,07/01/2020,11:21:39,1,0.95,3600,1.1,1200,0,166800
IBULHSGFIN30Jan20200PE.NFO,07/01/2020,11:22:37,1,0.95,3600,1.05,2400,0,166800
IBULHSGFIN30Jan20200PE.NFO,07/01/2020,11:24:51,1,0.95,3600,1.05,3600,0,166800
IBULHSGFIN30Jan20200PE.NFO,07/01/2020,11:25:38,1,0.95,3600,1.05,1200,0,166800
IBULHSGFIN30Jan20200PE.NFO,07/01/2020,11:26:29,1,0.95,1200,1.05,1200,0,166800
IBULHSGFIN30Jan20200PE.NFO,07/01/2020,11:29:52,1,0.9,1200,1.05,1200,0,166800
IBULHSGFIN30Jan20200PE.NFO,07/01/2020,11:30:09,1,0.9,1200,1,1200,0,166800
IBULHSGFIN30Jan20200PE.NFO,07/01/2020,11:30:37,1,0.9,1200,1.25,2400,0,166800
IBULHSGFIN30Jan20200PE.NFO,07/01/2020,11:30:52,1,0.95,1200,1.25,2400,0,166800
IBULHSGFIN30Jan20200PE.NFO,07/01/2020,11:30:55,1,0.95,1200,1.2,1200,0,166800
IBULHSGFIN30Jan20200PE.NFO,07/01/2020,11:31:08,1,0.9,1200,1.15,3600,0,166800
IBULHSGFIN30Jan20200PE.NFO,07/01/2020,11:31:23,1,0.9,1200,1.2,1200,0,166800
IBULHSGFIN30Jan20200PE.NFO,07/01/2020,11:31:27,1,0.9,1200,1.15,1200,0,166800
IBULHSGFIN30Jan20200PE.NFO,07/01/2020,11:32:02,1,0.9,1200,1.2,1200,0,166800
IBULHSGFIN30Jan20200PE.NFO,07/01/2020,11:32:07,1,0.9,1200,1.15,3600,0,166800
IBULHSGFIN30Jan20200PE.NFO,07/01/2020,11:32:13,1,0.9,1200,1,1200,0,166800
IBULHSGFIN30Jan20200PE.NFO,07/01/2020,11:32:56,1,0.85,6000,1,1200,0,166800
IBULHSGFIN30Jan20200PE.NFO,07/01/2020,11:33:00,1,0.9,1200,1,1200,0,166800
IBULHSGFIN30Jan20200PE.NFO,07/01/2020,11:33:08,1,0.9,1200,1,2400,0,166800
IBULHSGFIN30Jan20200PE.NFO,07/01/2020,11:34:26,1,0.85,6000,1,2400,0,166800
IBULHSGFIN30Jan20200PE.NFO,07/01/2020,11:35:02,1,0.85,6000,0.95,2400,0,166800
IBULHSGFIN30Jan20200PE.NFO,07/01/2020,11:35:07,1,0.85,6000,0.95,4800,0,166800
IBULHSGFIN30Jan20200PE.NFO,07/01/2020,11:35:13,1,0.85,6000,0.95,2400,0,166800
IBULHSGFIN30Jan20200PE.NFO,07/01/2020,11:35:54,1,0.85,6000,0.9,1200,0,166800
IBULHSGFIN30Jan20200PE.NFO,07/01/2020,11:36:05,0.9,0.85,6000,0.95,2400,1200,166800
IBULHSGFIN30Jan20200PE.NFO,07/01/2020,11:36:35,0.9,0.85,6000,0.95,2400,0,166800
IBULHSGFIN30Jan20200PE.NFO,07/01/2020,11:39:32,0.9,0.85,6000,1,1200,0,166800
IBULHSGFIN30Jan20200PE.NFO,07/01/2020,11:41:04,0.9,0.9,2400,1,1200,0,166800
IBULHSGFIN30Jan20200PE.NFO,07/01/2020,11:41:21,0.9,0.85,6000,1,1200,0,166800
IBULHSGFIN30Jan20200PE.NFO,07/01/2020,11:41:42,0.9,0.9,3600,1,1200,0,166800
IBULHSGFIN30Jan20200PE.NFO,07/01/2020,11:41:52,0.9,0.85,6000,1,1200,0,166800
IBULHSGFIN30Jan20200PE.NFO,07/01/2020,11:43:18,0.9,0.9,2400,1,1200,0,166800
IBULHSGFIN30Jan20200PE.NFO,07/01/2020,11:48:25,0.9,0.95,1200,1,1200,0,166800
IBULHSGFIN30Jan20200PE.NFO,07/01/2020,11:48:28,1,0.9,2400,1.2,1200,1200,165600
IBULHSGFIN30Jan20200PE.NFO,07/01/2020,11:48:35,1,0.9,2400,1.15,3600,0,165600
IBULHSGFIN30Jan20200PE.NFO,07/01/2020,11:48:56,1,0.9,2400,1.1,2400,0,165600
IBULHSGFIN30Jan20200PE.NFO,07/01/2020,11:53:52,1,0.9,2400,1,1200,0,165600
IBULHSGFIN30Jan20200PE.NFO,07/01/2020,11:54:55,1,0.9,2400,1.1,2400,0,165600
IBULHSGFIN30Jan20200PE.NFO,07/01/2020,11:55:26,1,0.95,1200,1.1,2400,0,165600
IBULHSGFIN30Jan20200PE.NFO,07/01/2020,11:59:04,1,1,1200,1.1,2400,0,165600
IBULHSGFIN30Jan20200PE.NFO,07/01/2020,11:59:38,1,0.95,1200,1.1,2400,1200,165600
IBULHSGFIN30Jan20200PE.NFO,07/01/2020,11:59:40,1,0.95,1200,1.1,2400,0,165600
IBULHSGFIN30Jan20200PE.NFO,07/01/2020,11:59:43,1,0.95,1200,1.05,1200,0,165600
IBULHSGFIN30Jan20200PE.NFO,07/01/2020,12:02:54,1,0.95,1200,1.2,1200,0,165600
IBULHSGFIN30Jan20200PE.NFO,07/01/2020,12:03:47,1,1,2400,1.2,1200,0,165600
IBULHSGFIN30Jan20200PE.NFO,07/01/2020,12:05:07,1,1,2400,1.15,3600,0,165600
IBULHSGFIN30Jan20200PE.NFO,07/01/2020,12:05:14,1,0.95,1200,1.15,3600,0,165600
IBULHSGFIN30Jan20200PE.NFO,07/01/2020,12:05:16,1,0.95,1200,1.2,1200,0,165600
IBULHSGFIN30Jan20200PE.NFO,07/01/2020,12:05:17,1,0.95,1200,1.1,2400,0,165600
IBULHSGFIN30Jan20200PE.NFO,07/01/2020,12:05:19,1,0.9,1200,1.1,2400,0,165600
IBULHSGFIN30Jan20200PE.NFO,07/01/2020,12:19:09,1,0.85,3600,1.1,2400,0,165600
IBULHSGFIN30Jan20200PE.NFO,07/01/2020,12:24:25,1,0.85,3600,1,1200,0,165600
IBULHSGFIN30Jan20200PE.NFO,07/01/2020,12:26:12,1,0.85,3600,0.95,1200,0,165600
IBULHSGFIN30Jan20200PE.NFO,07/01/2020,12:30:43,1,0.9,2400,0.95,1200,0,165600
IBULHSGFIN30Jan20200PE.NFO,07/01/2020,12:30:44,0.95,0.9,2400,1.1,2400,1200,165600
IBULHSGFIN30Jan20200PE.NFO,07/01/2020,12:30:46,0.95,0.9,2400,1.1,2400,0,165600
IBULHSGFIN30Jan20200PE.NFO,07/01/2020,12:34:50,0.95,0.9,1200,1.1,2400,0,165600
IBULHSGFIN30Jan20200PE.NFO,07/01/2020,12:36:44,0.9,0.85,3600,1.1,2400,1200,166800
IBULHSGFIN30Jan20200PE.NFO,07/01/2020,12:36:47,0.9,0.85,3600,1.1,2400,0,166800
IBULHSGFIN30Jan20200PE.NFO,07/01/2020,12:36:50,0.9,0.9,1200,1.1,2400,0,166800
IBULHSGFIN30Jan20200PE.NFO,07/01/2020,12:37:56,0.9,0.85,3600,1.1,2400,1200,166800
IBULHSGFIN30Jan20200PE.NFO,07/01/2020,12:37:59,0.9,0.85,3600,1.1,2400,0,166800
IBULHSGFIN30Jan20200PE.NFO,07/01/2020,12:38:05,0.9,0.85,3600,1,1200,0,166800
IBULHSGFIN30Jan20200PE.NFO,07/01/2020,12:40:45,0.9,0.9,1200,1,1200,0,166800
IBULHSGFIN30Jan20200PE.NFO,07/01/2020,12:48:21,0.9,0.85,3600,1,1200,1200,169200
IBULHSGFIN30Jan20200PE.NFO,07/01/2020,12:48:27,0.9,0.9,1200,1,1200,0,169200
IBULHSGFIN30Jan20200PE.NFO,07/01/2020,12:49:47,0.9,0.85,3600,1,1200,0,169200
IBULHSGFIN30Jan20200PE.NFO,07/01/2020,12:53:50,1,0.85,3600,1.1,1200,1200,169200
IBULHSGFIN30Jan20200PE.NFO,07/01/2020,12:53:53,1,0.85,3600,1.1,1200,0,169200
IBULHSGFIN30Jan20200PE.NFO,07/01/2020,12:53:56,1,0.9,1200,1.1,1200,0,169200
IBULHSGFIN30Jan20200PE.NFO,07/01/2020,12:54:03,1,0.9,2400,1.1,1200,0,169200
IBULHSGFIN30Jan20200PE.NFO,07/01/2020,12:55:05,1,0.9,3600,1.1,1200,0,169200
IBULHSGFIN30Jan20200PE.NFO,07/01/2020,12:55:41,1,0.95,1200,1.1,1200,0,169200
IBULHSGFIN30Jan20200PE.NFO,07/01/2020,12:56:12,1,0.9,2400,1.1,1200,0,169200
IBULHSGFIN30Jan20200PE.NFO,07/01/2020,12:56:16,1,1,1200,1.1,1200,0,169200
IBULHSGFIN30Jan20200PE.NFO,07/01/2020,12:57:39,1,0.9,2400,1.1,1200,0,169200
IBULHSGFIN30Jan20200PE.NFO,07/01/2020,12:57:44,1,1.05,1200,1.1,1200,0,169200
IBULHSGFIN30Jan20200PE.NFO,07/01/2020,12:57:51,1,1,1200,1.1,1200,0,169200
IBULHSGFIN30Jan20200PE.NFO,07/01/2020,12:58:14,1.1,0.9,2400,1.15,1200,1200,169200
IBULHSGFIN30Jan20200PE.NFO,07/01/2020,12:58:19,1.1,0.9,2400,1.1,1200,0,169200
IBULHSGFIN30Jan20200PE.NFO,07/01/2020,12:58:28,1.1,0.9,2400,1.1,2400,0,169200
IBULHSGFIN30Jan20200PE.NFO,07/01/2020,12:58:45,1.1,0.9,2400,1.1,3600,0,169200
IBULHSGFIN30Jan20200PE.NFO,07/01/2020,13:01:15,1.1,0.95,1200,1.1,2400,0,169200
IBULHSGFIN30Jan20200PE.NFO,07/01/2020,13:04:28,1.1,1,1200,1.1,2400,0,169200
IBULHSGFIN30Jan20200PE.NFO,07/01/2020,13:06:18,1.05,1,1200,1.1,2400,1200,169200
IBULHSGFIN30Jan20200PE.NFO,07/01/2020,13:06:23,1.05,1,1200,1.05,4800,0,169200
IBULHSGFIN30Jan20200PE.NFO,07/01/2020,13:06:33,1,1,1200,1.05,4800,1200,169200
IBULHSGFIN30Jan20200PE.NFO,07/01/2020,13:06:43,1,0.95,1200,1.05,4800,2400,169200
IBULHSGFIN30Jan20200PE.NFO,07/01/2020,13:06:47,1,0.95,1200,1.05,4800,0,169200
IBULHSGFIN30Jan20200PE.NFO,07/01/2020,13:06:57,1,0.95,1200,1.05,6000,0,169200
IBULHSGFIN30Jan20200PE.NFO,07/01/2020,13:07:03,1,0.9,3600,1.05,6000,0,169200
IBULHSGFIN30Jan20200PE.NFO,07/01/2020,13:07:08,1,0.95,1200,1.05,6000,0,169200
IBULHSGFIN30Jan20200PE.NFO,07/01/2020,13:07:28,1,0.95,1200,1,4800,0,169200
IBULHSGFIN30Jan20200PE.NFO,07/01/2020,13:07:33,0.95,0.9,3600,0.95,1200,1200,169200
IBULHSGFIN30Jan20200PE.NFO,07/01/2020,13:07:38,0.95,0.9,2400,1,4800,0,169200
IBULHSGFIN30Jan20200PE.NFO,07/01/2020,13:07:43,0.95,0.9,6000,1,4800,0,169200
IBULHSGFIN30Jan20200PE.NFO,07/01/2020,13:07:54,0.95,0.9,2400,1,4800,0,169200
IBULHSGFIN30Jan20200PE.NFO,07/01/2020,13:08:00,0.95,0.9,6000,1.05,1200,0,169200
IBULHSGFIN30Jan20200PE.NFO,07/01/2020,13:08:07,0.95,0.9,6000,1,1200,0,169200
IBULHSGFIN30Jan20200PE.NFO,07/01/2020,13:08:58,1,0.9,6000,1.05,1200,1200,169200
IBULHSGFIN30Jan20200PE.NFO,07/01/2020,13:09:05,1,0.95,1200,1.05,1200,0,169200
IBULHSGFIN30Jan20200PE.NFO,07/01/2020,13:09:34,1,1,1200,1.05,1200,0,169200
IBULHSGFIN30Jan20200PE.NFO,07/01/2020,13:09:40,1,0.95,1200,1.05,1200,0,169200
IBULHSGFIN30Jan20200PE.NFO,07/01/2020,13:09:59,1,1,1200,1.05,1200,0,169200
IBULHSGFIN30Jan20200PE.NFO,07/01/2020,13:11:23,1,0.95,1200,1.05,1200,1200,168000
IBULHSGFIN30Jan20200PE.NFO,07/01/2020,13:11:42,1,0.95,1200,1.1,1200,0,168000
IBULHSGFIN30Jan20200PE.NFO,07/01/2020,13:17:42,1,1,7200,1.1,1200,0,168000
IBULHSGFIN30Jan20200PE.NFO,07/01/2020,13:18:47,1,0.95,1200,1.1,1200,0,168000
IBULHSGFIN30Jan20200PE.NFO,07/01/2020,13:21:08,1,1,2400,1.1,1200,0,168000
IBULHSGFIN30Jan20200PE.NFO,07/01/2020,13:22:53,1,1.05,3600,1.1,1200,0,168000
IBULHSGFIN30Jan20200PE.NFO,07/01/2020,13:23:04,1.1,1.1,1200,1.3,2400,1200,166800
IBULHSGFIN30Jan20200PE.NFO,07/01/2020,13:23:10,1.1,1,2400,1.3,2400,1200,166800
IBULHSGFIN30Jan20200PE.NFO,07/01/2020,13:23:22,1.1,1.05,1200,1.3,2400,0,166800
IBULHSGFIN30Jan20200PE.NFO,07/01/2020,13:23:33,1.1,1.05,1200,1.2,1200,0,166800
IBULHSGFIN30Jan20200PE.NFO,07/01/2020,13:23:44,1.1,1.05,1200,1.15,1200,0,166800
IBULHSGFIN30Jan20200PE.NFO,07/01/2020,13:23:55,1.1,1,2400,1.15,1200,1200,166800
IBULHSGFIN30Jan20200PE.NFO,07/01/2020,13:24:07,1.1,1,2400,1.15,1200,0,166800
IBULHSGFIN30Jan20200PE.NFO,07/01/2020,13:26:26,1.1,1,2400,1.1,1200,0,166800
IBULHSGFIN30Jan20200PE.NFO,07/01/2020,13:28:16,1.1,1.05,1200,1.1,1200,0,163200
IBULHSGFIN30Jan20200PE.NFO,07/01/2020,13:28:21,1.1,1,2400,1.1,1200,0,163200
IBULHSGFIN30Jan20200PE.NFO,07/01/2020,13:28:26,1.1,1.1,1200,1.15,1200,1200,163200
IBULHSGFIN30Jan20200PE.NFO,07/01/2020,13:28:31,1.1,1,2400,1.15,1200,1200,163200
IBULHSGFIN30Jan20200PE.NFO,07/01/2020,13:29:40,1.1,1,2400,1.15,1200,0,163200
IBULHSGFIN30Jan20200PE.NFO,07/01/2020,13:30:21,1.1,1.05,1200,1.15,1200,0,163200
IBULHSGFIN30Jan20200PE.NFO,07/01/2020,13:30:52,1.1,1.1,3600,1.15,1200,0,163200
IBULHSGFIN30Jan20200PE.NFO,07/01/2020,13:30:59,1.15,1.05,1200,1.2,1200,1200,162000
IBULHSGFIN30Jan20200PE.NFO,07/01/2020,13:31:05,1.15,1.15,1200,1.2,1200,0,162000
IBULHSGFIN30Jan20200PE.NFO,07/01/2020,13:31:12,1.15,1.05,1200,1.3,2400,1200,162000
IBULHSGFIN30Jan20200PE.NFO,07/01/2020,13:32:00,1.15,1.05,1200,1.25,1200,0,162000
IBULHSGFIN30Jan20200PE.NFO,07/01/2020,13:32:42,1.15,1.05,1200,1.25,2400,0,162000
IBULHSGFIN30Jan20200PE.NFO,07/01/2020,13:32:47,1.15,1.05,1200,1.25,1200,0,162000
IBULHSGFIN30Jan20200PE.NFO,07/01/2020,13:34:26,1.15,1.05,1200,1.2,1200,0,162000
IBULHSGFIN30Jan20200PE.NFO,07/01/2020,13:35:10,1.15,1.15,1200,1.2,1200,0,162000
IBULHSGFIN30Jan20200PE.NFO,07/01/2020,13:35:16,1.15,1.05,1200,1.2,1200,1200,160800
IBULHSGFIN30Jan20200PE.NFO,07/01/2020,13:35:25,1.15,1.05,1200,1.2,1200,0,160800
IBULHSGFIN30Jan20200PE.NFO,07/01/2020,13:39:28,1.15,1.05,1200,1.15,1200,0,160800
IBULHSGFIN30Jan20200PE.NFO,07/01/2020,13:39:32,1.15,1,2400,1.05,1200,0,160800
IBULHSGFIN30Jan20200PE.NFO,07/01/2020,13:39:37,0.95,0.9,3600,1.2,1200,3600,160800
IBULHSGFIN30Jan20200PE.NFO,07/01/2020,13:39:41,0.95,0.95,1200,1.2,1200,0,160800
IBULHSGFIN30Jan20200PE.NFO,07/01/2020,13:39:47,1,0.95,1200,1.15,1200,1200,160800
IBULHSGFIN30Jan20200PE.NFO,07/01/2020,13:39:53,1.15,1,3600,1.15,1200,1200,160800
IBULHSGFIN30Jan20200PE.NFO,07/01/2020,13:39:57,1,0.95,1200,1.05,2400,3600,160800
IBULHSGFIN30Jan20200PE.NFO,07/01/2020,13:40:06,1,0.95,1200,1.05,2400,0,160800
IBULHSGFIN30Jan20200PE.NFO,07/01/2020,13:40:11,1,1,1200,1.05,2400,0,160800
IBULHSGFIN30Jan20200PE.NFO,07/01/2020,13:40:21,1,1,1200,1.05,1200,0,160800
IBULHSGFIN30Jan20200PE.NFO,07/01/2020,13:40:26,1,0.95,1200,1.15,1200,1200,160800
IBULHSGFIN30Jan20200PE.NFO,07/01/2020,13:40:29,1,0.95,1200,1.15,1200,0,160800
IBULHSGFIN30Jan20200PE.NFO,07/01/2020,13:40:52,1,0.95,4800,1.05,1200,0,160800
IBULHSGFIN30Jan20200PE.NFO,07/01/2020,13:41:18,1,1,1200,1.05,1200,0,160800
IBULHSGFIN30Jan20200PE.NFO,07/01/2020,13:41:24,1,1,1200,1.2,1200,0,160800
IBULHSGFIN30Jan20200PE.NFO,07/01/2020,13:41:51,1,1,4800,1.1,1200,0,160800
IBULHSGFIN30Jan20200PE.NFO,07/01/2020,13:42:01,1,1,6000,1.1,1200,0,160800
IBULHSGFIN30Jan20200PE.NFO,07/01/2020,13:42:29,1,1,2400,1.1,1200,0,160800
IBULHSGFIN30Jan20200PE.NFO,07/01/2020,13:42:40,1,1,1200,1.1,1200,0,160800
IBULHSGFIN30Jan20200PE.NFO,07/01/2020,13:43:04,1,0.95,2400,1.1,1200,0,160800
IBULHSGFIN30Jan20200PE.NFO,07/01/2020,13:45:16,1,0.95,2400,1.05,1200,0,160800
IBULHSGFIN30Jan20200PE.NFO,07/01/2020,13:45:22,1,0.95,2400,1.2,1200,0,160800
IBULHSGFIN30Jan20200PE.NFO,07/01/2020,13:45:28,1,1,1200,1.2,1200,0,160800
IBULHSGFIN30Jan20200PE.NFO,07/01/2020,13:45:44,1,1,3600,1.2,1200,0,160800
IBULHSGFIN30Jan20200PE.NFO,07/01/2020,13:47:25,1,1,3600,1.2,2400,0,160800
IBULHSGFIN30Jan20200PE.NFO,07/01/2020,13:47:31,1,1,3600,1.15,2400,0,160800
IBULHSGFIN30Jan20200PE.NFO,07/01/2020,13:47:47,1,1,3600,1.1,1200,0,160800
IBULHSGFIN30Jan20200PE.NFO,07/01/2020,13:49:02,1,0.95,2400,1.1,1200,3600,156000
IBULHSGFIN30Jan20200PE.NFO,07/01/2020,13:50:17,1,0.95,1200,1.1,1200,0,156000
IBULHSGFIN30Jan20200PE.NFO,07/01/2020,13:50:53,1,0.95,1200,1.1,2400,0,156000
IBULHSGFIN30Jan20200PE.NFO,07/01/2020,13:50:59,1,0.95,1200,1.05,1200,0,156000
IBULHSGFIN30Jan20200PE.NFO,07/01/2020,13:51:17,1,0.95,1200,1,1200,0,156000
IBULHSGFIN30Jan20200PE.NFO,07/01/2020,13:51:43,1,0.95,1200,1.05,1200,1200,156000
IBULHSGFIN30Jan20200PE.NFO,07/01/2020,13:52:44,1,0.95,1200,1.1,1200,0,156000
IBULHSGFIN30Jan20200PE.NFO,07/01/2020,13:55:14,1,1,2400,1.1,1200,0,156000
IBULHSGFIN30Jan20200PE.NFO,07/01/2020,13:56:01,1,1,2400,1.15,1200,0,156000
IBULHSGFIN30Jan20200PE.NFO,07/01/2020,13:57:10,1,1,2400,1.1,1200,0,156000
IBULHSGFIN30Jan20200PE.NFO,07/01/2020,13:59:26,1,1,2400,1.2,1200,0,156000
IBULHSGFIN30Jan20200PE.NFO,07/01/2020,14:00:08,1,1,2400,1.15,2400,0,156000
IBULHSGFIN30Jan20200PE.NFO,07/01/2020,14:01:13,1,1,2400,1.1,1200,0,156000
IBULHSGFIN30Jan20200PE.NFO,07/01/2020,14:01:27,1,1,2400,1.15,1200,0,156000
IBULHSGFIN30Jan20200PE.NFO,07/01/2020,14:03:19,1,1,2400,1.1,1200,0,156000
IBULHSGFIN30Jan20200PE.NFO,07/01/2020,14:04:15,1,1,1200,1.15,1200,1200,154800
IBULHSGFIN30Jan20200PE.NFO,07/01/2020,14:04:18,1,1,1200,1.1,1200,0,154800
IBULHSGFIN30Jan20200PE.NFO,07/01/2020,14:09:21,1,1,1200,1.15,1200,0,154800
IBULHSGFIN30Jan20200PE.NFO,07/01/2020,14:12:43,1,1,1200,1.15,2400,0,154800
IBULHSGFIN30Jan20200PE.NFO,07/01/2020,14:12:47,1,0.95,1200,1.15,1200,1200,154800
IBULHSGFIN30Jan20200PE.NFO,07/01/2020,14:13:05,1,0.95,1200,1.1,1200,0,154800
IBULHSGFIN30Jan20200PE.NFO,07/01/2020,14:13:53,1,0.95,1200,1.15,1200,0,154800
IBULHSGFIN30Jan20200PE.NFO,07/01/2020,14:16:52,1,0.95,1200,1.1,2400,0,154800
IBULHSGFIN30Jan20200PE.NFO,07/01/2020,14:27:21,1,0.95,1200,1.1,3600,0,154800
IBULHSGFIN30Jan20200PE.NFO,07/01/2020,14:27:31,1,0.95,1200,1.05,1200,0,154800
IBULHSGFIN30Jan20200PE.NFO,07/01/2020,14:28:22,1,0.9,3600,1.05,1200,0,156000
IBULHSGFIN30Jan20200PE.NFO,07/01/2020,14:34:37,1,0.9,2400,1.05,1200,0,156000
IBULHSGFIN30Jan20200PE.NFO,07/01/2020,14:41:22,0.9,0.9,1200,1.05,1200,1200,156000
IBULHSGFIN30Jan20200PE.NFO,07/01/2020,14:42:55,0.9,0.9,1200,1.1,3600,0,156000
IBULHSGFIN30Jan20200PE.NFO,07/01/2020,14:47:01,0.9,0.9,2400,1.1,3600,0,156000
IBULHSGFIN30Jan20200PE.NFO,07/01/2020,14:49:32,0.9,0.9,2400,1.1,1200,0,156000
IBULHSGFIN30Jan20200PE.NFO,07/01/2020,14:49:57,0.9,0.9,1200,1.1,1200,0,156000
IBULHSGFIN30Jan20200PE.NFO,07/01/2020,14:50:07,0.9,0.9,1200,1.05,1200,0,156000
IBULHSGFIN30Jan20200PE.NFO,07/01/2020,14:53:06,0.9,0.9,1200,1,1200,0,156000
IBULHSGFIN30Jan20200PE.NFO,07/01/2020,15:14:47,0.9,0.9,1200,1,2400,0,156000
IBULHSGFIN30Jan20200PE.NFO,07/01/2020,15:15:03,0.9,0.9,1200,1,1200,0,156000
IBULHSGFIN30Jan20200PE.NFO,07/01/2020,15:15:39,0.9,0.9,1200,1,2400,0,156000
IBULHSGFIN30Jan20200PE.NFO,07/01/2020,15:16:14,0.9,0.9,1200,1,1200,0,156000
IBULHSGFIN30Jan20200PE.NFO,07/01/2020,15:16:55,0.9,0.9,1200,0.95,1200,0,156000
IBULHSGFIN30Jan20200PE.NFO,07/01/2020,15:20:55,0.9,0.85,4800,0.95,1200,0,156000
IBULHSGFIN30Jan20200PE.NFO,07/01/2020,15:21:57,0.9,0.85,3600,0.95,1200,0,156000
IBULHSGFIN30Jan20200PE.NFO,07/01/2020,15:25:53,0.9,0.85,3600,0.9,1200,0,156000
IBULHSGFIN30Jan20200PE.NFO,07/01/2020,15:26:46,0.9,0.85,3600,0.95,1200,1200,156000
IBULHSGFIN30Jan20200PE.NFO,07/01/2020,15:26:52,0.9,0.85,3600,0.95,1200,0,156000
