Ticker,Date,Time,LTP,BuyPrice,BuyQty,SellPrice,SellQty,LTQ,OpenInterest
IBULHSGFIN27Feb20340CE.NFO,07/01/2020,13:23:01,18.9,17.15,4800,18.9,1200,1200,4800
IBULHSGFIN27Feb20340CE.NFO,07/01/2020,13:23:01,18.9,17.15,4800,18.9,1200,0,4800
IBULHSGFIN27Feb20340CE.NFO,07/01/2020,13:23:01,18.9,17.15,4800,18.9,1200,0,4800
IBULHSGFIN27Feb20340CE.NFO,07/01/2020,13:23:01,18.9,17.15,4800,18.9,1200,0,4800
IBULHSGFIN27Feb20340CE.NFO,07/01/2020,13:23:07,18.9,17.15,4800,18.9,1200,0,4800
IBULHSGFIN27Feb20340CE.NFO,07/01/2020,13:24:39,18.9,17.3,3600,19.05,1200,0,4800
IBULHSGFIN27Feb20340CE.NFO,07/01/2020,13:24:46,18.9,17.5,4800,19.25,1200,0,4800
IBULHSGFIN27Feb20340CE.NFO,07/01/2020,13:25:11,18.9,17.7,3600,19.45,1200,0,4800
IBULHSGFIN27Feb20340CE.NFO,07/01/2020,13:25:24,18.9,17.7,3600,19.5,1200,0,4800
IBULHSGFIN27Feb20340CE.NFO,07/01/2020,13:25:51,18.9,17.55,3600,19.3,1200,0,4800
IBULHSGFIN27Feb20340CE.NFO,07/01/2020,13:26:30,18.9,17.7,3600,19.45,1200,0,4800
IBULHSGFIN27Feb20340CE.NFO,07/01/2020,13:26:35,18.9,17.9,1200,19.4,1200,0,4800
IBULHSGFIN27Feb20340CE.NFO,07/01/2020,13:26:41,18.9,17.9,3600,19.4,1200,0,4800
IBULHSGFIN27Feb20340CE.NFO,07/01/2020,13:26:46,18.9,17.9,1200,19.4,1200,0,4800
IBULHSGFIN27Feb20340CE.NFO,07/01/2020,13:26:52,18.9,17.9,1200,19.6,1200,0,4800
IBULHSGFIN27Feb20340CE.NFO,07/01/2020,13:27:13,18.9,17.9,3600,19.6,1200,0,4800
IBULHSGFIN27Feb20340CE.NFO,07/01/2020,13:27:36,18.9,17.9,1200,19.6,1200,0,4800
IBULHSGFIN27Feb20340CE.NFO,07/01/2020,13:27:42,18.9,17.55,4800,19.3,1200,0,4800
IBULHSGFIN27Feb20340CE.NFO,07/01/2020,13:28:58,18.9,17.55,1200,19.1,1200,0,4800
IBULHSGFIN27Feb20340CE.NFO,07/01/2020,13:29:37,18.9,17.15,4800,18.9,1200,0,4800
IBULHSGFIN27Feb20340CE.NFO,07/01/2020,13:30:08,18.9,17.15,1200,18.75,1200,0,4800
IBULHSGFIN27Feb20340CE.NFO,07/01/2020,13:30:14,18.9,17.15,1200,19,1200,0,4800
IBULHSGFIN27Feb20340CE.NFO,07/01/2020,13:30:19,18.9,17.15,1200,19.1,1200,0,4800
IBULHSGFIN27Feb20340CE.NFO,07/01/2020,13:30:24,18.9,17.15,1200,19,1200,0,4800
IBULHSGFIN27Feb20340CE.NFO,07/01/2020,13:30:31,18.9,17.15,1200,18.95,1200,0,4800
IBULHSGFIN27Feb20340CE.NFO,07/01/2020,13:30:38,18.9,17.15,1200,19,1200,0,4800
IBULHSGFIN27Feb20340CE.NFO,07/01/2020,13:30:43,18.9,17.15,1200,19.05,1200,0,4800
IBULHSGFIN27Feb20340CE.NFO,07/01/2020,13:30:48,18.9,17.15,1200,19,1200,0,4800
IBULHSGFIN27Feb20340CE.NFO,07/01/2020,13:30:56,18.9,17.15,1200,19.25,1200,0,4800
IBULHSGFIN27Feb20340CE.NFO,07/01/2020,13:31:02,18.9,17.15,1200,19.1,1200,0,4800
IBULHSGFIN27Feb20340CE.NFO,07/01/2020,13:31:08,18.9,17.15,1200,19.15,1200,0,4800
IBULHSGFIN27Feb20340CE.NFO,07/01/2020,13:31:14,18.9,17.15,1200,19,1200,0,4800
IBULHSGFIN27Feb20340CE.NFO,07/01/2020,13:31:20,18.9,17.15,1200,19.1,1200,0,4800
IBULHSGFIN27Feb20340CE.NFO,07/01/2020,13:31:31,18.9,17.15,3600,19.2,1200,0,4800
IBULHSGFIN27Feb20340CE.NFO,07/01/2020,13:31:37,18.9,17.15,3600,19.05,1200,0,4800
IBULHSGFIN27Feb20340CE.NFO,07/01/2020,13:31:43,18.9,17.2,3600,19.2,1200,0,4800
IBULHSGFIN27Feb20340CE.NFO,07/01/2020,13:31:49,18.9,17.2,3600,19.35,1200,0,4800
IBULHSGFIN27Feb20340CE.NFO,07/01/2020,13:31:57,18.9,17.2,3600,20.75,12000,0,4800
IBULHSGFIN27Feb20340CE.NFO,07/01/2020,13:32:04,18.9,17.2,3600,19.1,1200,0,4800
IBULHSGFIN27Feb20340CE.NFO,07/01/2020,13:32:11,18.9,17.2,3600,19.2,1200,0,4800
IBULHSGFIN27Feb20340CE.NFO,07/01/2020,13:32:17,18.9,17.2,3600,19.3,1200,0,4800
IBULHSGFIN27Feb20340CE.NFO,07/01/2020,13:32:50,18.9,17.2,3600,19.25,1200,0,4800
IBULHSGFIN27Feb20340CE.NFO,07/01/2020,13:33:01,18.9,17.2,3600,19.15,1200,0,4800
IBULHSGFIN27Feb20340CE.NFO,07/01/2020,13:33:10,18.9,17.2,3600,19.2,1200,0,4800
IBULHSGFIN27Feb20340CE.NFO,07/01/2020,13:33:14,18.9,17.2,3600,19.3,1200,0,4800
IBULHSGFIN27Feb20340CE.NFO,07/01/2020,13:33:23,18.9,17.2,3600,19.2,1200,0,4800
IBULHSGFIN27Feb20340CE.NFO,07/01/2020,13:33:29,18.9,17.2,3600,19.15,1200,0,4800
IBULHSGFIN27Feb20340CE.NFO,07/01/2020,13:33:34,18.9,17.2,3600,19.25,1200,0,4800
IBULHSGFIN27Feb20340CE.NFO,07/01/2020,13:33:50,18.9,17.2,3600,19.2,1200,0,4800
IBULHSGFIN27Feb20340CE.NFO,07/01/2020,13:34:09,18.9,17.2,3600,19.15,1200,0,4800
IBULHSGFIN27Feb20340CE.NFO,07/01/2020,13:34:13,18.9,17.2,3600,19.1,1200,0,4800
IBULHSGFIN27Feb20340CE.NFO,07/01/2020,13:34:19,18.9,17.4,1200,19.2,1200,0,4800
IBULHSGFIN27Feb20340CE.NFO,07/01/2020,13:34:38,18.9,17.2,3600,19.3,1200,0,4800
IBULHSGFIN27Feb20340CE.NFO,07/01/2020,13:34:49,18.9,17.2,3600,19.25,1200,0,4800
IBULHSGFIN27Feb20340CE.NFO,07/01/2020,13:34:54,18.9,17.4,3600,19.45,1200,0,4800
IBULHSGFIN27Feb20340CE.NFO,07/01/2020,13:35:06,18.9,17.4,3600,19.5,1200,0,4800
IBULHSGFIN27Feb20340CE.NFO,07/01/2020,13:35:13,18.9,17.4,3600,19.55,1200,0,4800
IBULHSGFIN27Feb20340CE.NFO,07/01/2020,13:35:18,18.9,17.4,3600,19.45,1200,0,4800
IBULHSGFIN27Feb20340CE.NFO,07/01/2020,13:35:23,18.9,17.4,3600,19.5,1200,0,4800
IBULHSGFIN27Feb20340CE.NFO,07/01/2020,13:35:28,18.9,17.4,3600,19.45,1200,0,4800
IBULHSGFIN27Feb20340CE.NFO,07/01/2020,13:35:34,18.9,17.55,4800,19.55,1200,0,4800
IBULHSGFIN27Feb20340CE.NFO,07/01/2020,13:35:45,18.9,17.55,4800,19.5,1200,0,4800
IBULHSGFIN27Feb20340CE.NFO,07/01/2020,13:35:53,18.9,17.55,4800,19.55,1200,0,4800
IBULHSGFIN27Feb20340CE.NFO,07/01/2020,13:35:57,18.9,17.75,3600,19.6,1200,0,4800
IBULHSGFIN27Feb20340CE.NFO,07/01/2020,13:36:01,18.9,17.75,3600,19.65,1200,0,4800
IBULHSGFIN27Feb20340CE.NFO,07/01/2020,13:36:07,18.9,17.75,3600,19.6,1200,0,4800
IBULHSGFIN27Feb20340CE.NFO,07/01/2020,13:36:12,18.9,17.75,1200,19.5,1200,0,4800
IBULHSGFIN27Feb20340CE.NFO,07/01/2020,13:36:17,18.9,17.55,4800,19.3,1200,0,4800
IBULHSGFIN27Feb20340CE.NFO,07/01/2020,13:36:21,18.9,17.55,2400,19.35,1200,0,4800
IBULHSGFIN27Feb20340CE.NFO,07/01/2020,13:36:26,18.9,17.55,4800,19.3,1200,0,4800
IBULHSGFIN27Feb20340CE.NFO,07/01/2020,13:36:38,18.9,17.55,4800,19.4,1200,0,4800
IBULHSGFIN27Feb20340CE.NFO,07/01/2020,13:36:43,18.9,17.55,4800,19.35,1200,0,4800
IBULHSGFIN27Feb20340CE.NFO,07/01/2020,13:36:48,18.9,17.55,1200,19.25,1200,0,4800
IBULHSGFIN27Feb20340CE.NFO,07/01/2020,13:36:53,18.9,17.55,1200,19.3,1200,0,4800
IBULHSGFIN27Feb20340CE.NFO,07/01/2020,13:36:58,18.9,17.55,1200,19.35,1200,0,4800
IBULHSGFIN27Feb20340CE.NFO,07/01/2020,13:37:04,18.9,17.55,4800,19.45,1200,0,4800
IBULHSGFIN27Feb20340CE.NFO,07/01/2020,13:37:13,18.9,17.55,4800,19.5,1200,0,4800
IBULHSGFIN27Feb20340CE.NFO,07/01/2020,13:37:20,18.9,17.55,4800,19.45,1200,0,4800
IBULHSGFIN27Feb20340CE.NFO,07/01/2020,13:37:30,18.9,17.55,4800,19.5,1200,0,4800
IBULHSGFIN27Feb20340CE.NFO,07/01/2020,13:37:35,18.9,17.55,4800,19.45,1200,0,4800
IBULHSGFIN27Feb20340CE.NFO,07/01/2020,13:37:40,18.9,17.55,4800,19.3,1200,0,4800
IBULHSGFIN27Feb20340CE.NFO,07/01/2020,13:37:45,18.9,17.55,4800,19.4,1200,0,4800
IBULHSGFIN27Feb20340CE.NFO,07/01/2020,13:38:09,18.9,17.75,3600,19.75,1200,0,4800
IBULHSGFIN27Feb20340CE.NFO,07/01/2020,13:38:16,18.9,17.75,3600,19.7,1200,0,4800
IBULHSGFIN27Feb20340CE.NFO,07/01/2020,13:38:22,18.9,17.55,3600,19.45,1200,0,4800
IBULHSGFIN27Feb20340CE.NFO,07/01/2020,13:38:28,18.9,17.55,3600,19.4,1200,0,4800
IBULHSGFIN27Feb20340CE.NFO,07/01/2020,13:38:33,18.9,17.55,3600,19.35,1200,0,4800
IBULHSGFIN27Feb20340CE.NFO,07/01/2020,13:38:43,18.9,17.55,3600,19.3,1200,0,4800
IBULHSGFIN27Feb20340CE.NFO,07/01/2020,13:38:51,18.9,17.55,3600,19.35,1200,0,4800
IBULHSGFIN27Feb20340CE.NFO,07/01/2020,13:39:01,18.9,17.55,3600,19.4,1200,0,4800
IBULHSGFIN27Feb20340CE.NFO,07/01/2020,13:39:05,18.9,17.7,3600,19.55,1200,0,4800
IBULHSGFIN27Feb20340CE.NFO,07/01/2020,13:39:14,18.9,17.7,3600,19.5,1200,0,4800
IBULHSGFIN27Feb20340CE.NFO,07/01/2020,13:39:22,18.9,17.7,3600,19.55,1200,0,4800
IBULHSGFIN27Feb20340CE.NFO,07/01/2020,13:39:30,18.9,17.7,3600,19.5,1200,0,4800
IBULHSGFIN27Feb20340CE.NFO,07/01/2020,13:39:44,18.9,17.7,3600,19.4,1200,0,4800
IBULHSGFIN27Feb20340CE.NFO,07/01/2020,13:39:50,18.9,17.7,1200,19.45,1200,0,4800
IBULHSGFIN27Feb20340CE.NFO,07/01/2020,13:39:55,18.9,17.55,3600,19.35,1200,0,4800
IBULHSGFIN27Feb20340CE.NFO,07/01/2020,13:40:13,18.9,17.55,3600,19.25,1200,0,4800
IBULHSGFIN27Feb20340CE.NFO,07/01/2020,13:40:16,18.9,17.55,3600,19.3,1200,0,4800
IBULHSGFIN27Feb20340CE.NFO,07/01/2020,13:40:20,18.9,17.55,3600,19.25,1200,0,4800
IBULHSGFIN27Feb20340CE.NFO,07/01/2020,13:40:24,18.9,17.55,3600,19.3,1200,0,4800
IBULHSGFIN27Feb20340CE.NFO,07/01/2020,13:40:34,18.9,17.55,3600,19.35,1200,0,4800
IBULHSGFIN27Feb20340CE.NFO,07/01/2020,13:40:44,18.9,17.55,3600,19.4,1200,0,4800
IBULHSGFIN27Feb20340CE.NFO,07/01/2020,13:40:54,18.9,17.55,3600,19.45,1200,0,4800
IBULHSGFIN27Feb20340CE.NFO,07/01/2020,13:40:58,18.9,17.55,3600,19.4,1200,0,4800
IBULHSGFIN27Feb20340CE.NFO,07/01/2020,13:41:26,18.9,17.55,3600,19.45,1200,0,4800
IBULHSGFIN27Feb20340CE.NFO,07/01/2020,13:41:32,18.9,17.55,1200,19.25,1200,0,4800
IBULHSGFIN27Feb20340CE.NFO,07/01/2020,13:41:44,18.9,17.55,1200,19.15,1200,0,4800
IBULHSGFIN27Feb20340CE.NFO,07/01/2020,13:41:48,18.9,17.55,1200,19.2,1200,0,4800
IBULHSGFIN27Feb20340CE.NFO,07/01/2020,13:41:53,18.9,17.55,1200,21.25,16800,0,4800
IBULHSGFIN27Feb20340CE.NFO,07/01/2020,13:41:58,18.9,17.55,1200,19.2,1200,0,4800
IBULHSGFIN27Feb20340CE.NFO,07/01/2020,13:42:03,18.9,17.55,1200,19.15,1200,0,4800
IBULHSGFIN27Feb20340CE.NFO,07/01/2020,13:42:08,18.9,17.55,3600,19.5,1200,0,4800
IBULHSGFIN27Feb20340CE.NFO,07/01/2020,13:42:13,18.9,17.55,3600,19.45,1200,0,4800
IBULHSGFIN27Feb20340CE.NFO,07/01/2020,13:42:19,18.9,17.7,3600,19.7,1200,0,4800
IBULHSGFIN27Feb20340CE.NFO,07/01/2020,13:42:26,18.9,17.9,3600,19.8,1200,0,4800
IBULHSGFIN27Feb20340CE.NFO,07/01/2020,13:42:32,18.9,17.9,3600,19.85,1200,0,4800
IBULHSGFIN27Feb20340CE.NFO,07/01/2020,13:42:37,18.9,17.9,3600,19.7,1200,0,4800
IBULHSGFIN27Feb20340CE.NFO,07/01/2020,13:42:44,18.9,17.9,3600,19.75,1200,0,4800
IBULHSGFIN27Feb20340CE.NFO,07/01/2020,13:42:53,18.9,17.9,3600,19.7,1200,0,4800
IBULHSGFIN27Feb20340CE.NFO,07/01/2020,13:42:57,18.9,17.9,3600,19.65,1200,0,4800
IBULHSGFIN27Feb20340CE.NFO,07/01/2020,13:43:02,18.9,17.9,1200,19.65,1200,0,4800
IBULHSGFIN27Feb20340CE.NFO,07/01/2020,13:43:06,18.9,17.9,3600,19.6,1200,0,4800
IBULHSGFIN27Feb20340CE.NFO,07/01/2020,13:43:13,18.9,17.9,1200,19.6,1200,0,4800
IBULHSGFIN27Feb20340CE.NFO,07/01/2020,13:43:37,18.9,17.9,1200,19.5,1200,0,4800
IBULHSGFIN27Feb20340CE.NFO,07/01/2020,13:43:42,18.9,17.9,1200,19.55,1200,0,4800
IBULHSGFIN27Feb20340CE.NFO,07/01/2020,13:43:47,18.9,17.9,1200,19.45,1200,0,4800
IBULHSGFIN27Feb20340CE.NFO,07/01/2020,13:43:57,18.9,17.9,1200,19.5,1200,0,4800
IBULHSGFIN27Feb20340CE.NFO,07/01/2020,13:44:10,18.9,17.9,1200,19.55,1200,0,4800
IBULHSGFIN27Feb20340CE.NFO,07/01/2020,13:44:21,18.9,17.9,1200,19.6,1200,0,4800
IBULHSGFIN27Feb20340CE.NFO,07/01/2020,13:44:30,18.9,17.9,1200,19.7,1200,0,4800
IBULHSGFIN27Feb20340CE.NFO,07/01/2020,13:44:34,18.9,17.9,3600,19.65,1200,0,4800
IBULHSGFIN27Feb20340CE.NFO,07/01/2020,13:44:38,18.9,17.9,1200,19.6,1200,0,4800
IBULHSGFIN27Feb20340CE.NFO,07/01/2020,13:44:49,18.9,17.9,1200,19.55,1200,0,4800
IBULHSGFIN27Feb20340CE.NFO,07/01/2020,13:45:02,18.9,17.9,1200,19.5,1200,0,4800
IBULHSGFIN27Feb20340CE.NFO,07/01/2020,13:45:06,18.9,17.9,1200,21.25,12000,0,4800
IBULHSGFIN27Feb20340CE.NFO,07/01/2020,13:45:25,18.9,17.9,1200,19.6,1200,0,4800
IBULHSGFIN27Feb20340CE.NFO,07/01/2020,13:45:37,18.9,17.9,1200,19.65,1200,0,4800
IBULHSGFIN27Feb20340CE.NFO,07/01/2020,13:45:41,18.9,17.9,1200,19.75,1200,0,4800
IBULHSGFIN27Feb20340CE.NFO,07/01/2020,13:45:48,18.9,17.75,4800,19.7,1200,0,4800
IBULHSGFIN27Feb20340CE.NFO,07/01/2020,13:45:59,18.9,17.75,4800,19.75,1200,0,4800
IBULHSGFIN27Feb20340CE.NFO,07/01/2020,13:46:04,18.9,17.75,4800,19.7,1200,0,4800
IBULHSGFIN27Feb20340CE.NFO,07/01/2020,13:46:12,18.9,17.75,4800,19.65,1200,0,4800
IBULHSGFIN27Feb20340CE.NFO,07/01/2020,13:46:21,18.9,17.75,4800,19.75,1200,0,4800
IBULHSGFIN27Feb20340CE.NFO,07/01/2020,13:46:25,18.9,17.75,4800,19.8,1200,0,4800
IBULHSGFIN27Feb20340CE.NFO,07/01/2020,13:46:29,18.9,17.75,4800,19.7,1200,0,4800
IBULHSGFIN27Feb20340CE.NFO,07/01/2020,13:46:35,18.9,17.75,4800,19.65,1200,0,4800
IBULHSGFIN27Feb20340CE.NFO,07/01/2020,13:46:39,18.9,17.75,4800,19.7,1200,0,4800
IBULHSGFIN27Feb20340CE.NFO,07/01/2020,13:46:45,18.9,17.75,7200,21.25,12000,0,4800
IBULHSGFIN27Feb20340CE.NFO,07/01/2020,13:46:53,18.9,17.95,3600,19.95,1200,0,4800
IBULHSGFIN27Feb20340CE.NFO,07/01/2020,13:47:00,18.9,17.95,6000,20.1,1200,0,4800
IBULHSGFIN27Feb20340CE.NFO,07/01/2020,13:47:07,18.9,17.95,6000,20.15,1200,0,4800
IBULHSGFIN27Feb20340CE.NFO,07/01/2020,13:47:13,18.9,18.3,1200,20.25,1200,0,4800
IBULHSGFIN27Feb20340CE.NFO,07/01/2020,13:47:18,18.9,18.3,3600,20.15,1200,0,4800
IBULHSGFIN27Feb20340CE.NFO,07/01/2020,13:47:23,18.9,18.3,3600,20.3,1200,0,4800
IBULHSGFIN27Feb20340CE.NFO,07/01/2020,13:47:28,18.9,18.3,1200,20.2,1200,0,4800
IBULHSGFIN27Feb20340CE.NFO,07/01/2020,13:47:40,18.9,18.3,3600,20.15,1200,0,4800
IBULHSGFIN27Feb20340CE.NFO,07/01/2020,13:47:49,18.9,18.3,1200,20.05,1200,0,4800
IBULHSGFIN27Feb20340CE.NFO,07/01/2020,13:47:53,18.9,18.3,1200,20.1,1200,0,4800
IBULHSGFIN27Feb20340CE.NFO,07/01/2020,13:47:57,18.9,18.3,1200,20.05,1200,0,4800
IBULHSGFIN27Feb20340CE.NFO,07/01/2020,13:48:01,18.9,18.3,1200,20.1,1200,0,4800
IBULHSGFIN27Feb20340CE.NFO,07/01/2020,13:48:05,18.9,18.3,1200,20.05,1200,0,4800
IBULHSGFIN27Feb20340CE.NFO,07/01/2020,13:48:09,18.9,18.3,1200,20.1,1200,0,4800
IBULHSGFIN27Feb20340CE.NFO,07/01/2020,13:48:19,18.9,18.3,1200,20.15,1200,0,4800
IBULHSGFIN27Feb20340CE.NFO,07/01/2020,13:48:29,18.9,18.3,1200,20.1,1200,0,4800
IBULHSGFIN27Feb20340CE.NFO,07/01/2020,13:48:38,18.9,18.3,3600,20.2,1200,0,4800
IBULHSGFIN27Feb20340CE.NFO,07/01/2020,13:48:42,18.9,18.3,1200,20.15,1200,0,4800
IBULHSGFIN27Feb20340CE.NFO,07/01/2020,13:48:48,18.9,18.3,1200,20.2,1200,0,4800
IBULHSGFIN27Feb20340CE.NFO,07/01/2020,13:48:53,18.9,18.3,1200,20.15,1200,0,4800
IBULHSGFIN27Feb20340CE.NFO,07/01/2020,13:48:58,18.9,18.35,3600,20.35,1200,0,4800
IBULHSGFIN27Feb20340CE.NFO,07/01/2020,13:49:05,18.9,18.3,1200,20.15,1200,0,4800
IBULHSGFIN27Feb20340CE.NFO,07/01/2020,13:49:12,18.9,18.3,1200,20.05,1200,0,4800
IBULHSGFIN27Feb20340CE.NFO,07/01/2020,13:49:23,18.9,18.3,3600,35.3,2400,0,4800
IBULHSGFIN27Feb20340CE.NFO,07/01/2020,13:49:30,18.9,18.35,3600,20.3,1200,0,4800
IBULHSGFIN27Feb20340CE.NFO,07/01/2020,13:49:36,18.9,18.35,3600,20.4,1200,0,4800
IBULHSGFIN27Feb20340CE.NFO,07/01/2020,13:49:41,18.9,18.35,3600,20.25,1200,0,4800
IBULHSGFIN27Feb20340CE.NFO,07/01/2020,13:49:46,18.9,18.35,3600,20.2,1200,0,4800
IBULHSGFIN27Feb20340CE.NFO,07/01/2020,13:49:51,18.9,18.3,3600,20.15,1200,0,4800
IBULHSGFIN27Feb20340CE.NFO,07/01/2020,13:49:56,18.9,18.3,3600,20.2,1200,0,4800
IBULHSGFIN27Feb20340CE.NFO,07/01/2020,13:50:02,18.9,18.3,7200,20.35,1200,0,4800
IBULHSGFIN27Feb20340CE.NFO,07/01/2020,13:50:07,18.9,18.3,4800,20.25,1200,0,4800
IBULHSGFIN27Feb20340CE.NFO,07/01/2020,13:50:13,18.9,18.3,7200,23.5,2400,0,4800
IBULHSGFIN27Feb20340CE.NFO,07/01/2020,13:50:21,18.9,18.3,7200,20.35,1200,0,4800
IBULHSGFIN27Feb20340CE.NFO,07/01/2020,13:50:41,18.9,18.5,6000,23.5,2400,0,4800
IBULHSGFIN27Feb20340CE.NFO,07/01/2020,13:50:49,18.9,18.5,6000,20.55,1200,0,4800
IBULHSGFIN27Feb20340CE.NFO,07/01/2020,13:50:56,18.9,18.75,3600,20.55,1200,0,4800
IBULHSGFIN27Feb20340CE.NFO,07/01/2020,13:51:03,18.9,18.75,3600,20.6,1200,0,4800
IBULHSGFIN27Feb20340CE.NFO,07/01/2020,13:51:08,18.9,18.75,1200,20.6,1200,0,4800
IBULHSGFIN27Feb20340CE.NFO,07/01/2020,13:51:14,18.9,18.75,1200,20.45,1200,0,4800
IBULHSGFIN27Feb20340CE.NFO,07/01/2020,13:51:19,18.9,18.75,1200,20.55,1200,0,4800
IBULHSGFIN27Feb20340CE.NFO,07/01/2020,13:51:25,18.9,18.75,1200,20.5,1200,0,4800
IBULHSGFIN27Feb20340CE.NFO,07/01/2020,13:51:29,18.9,18.75,1200,20.35,1200,0,4800
IBULHSGFIN27Feb20340CE.NFO,07/01/2020,13:51:35,18.9,18.75,1200,20.5,1200,0,4800
IBULHSGFIN27Feb20340CE.NFO,07/01/2020,13:51:40,18.9,18.75,1200,20.25,1200,0,4800
IBULHSGFIN27Feb20340CE.NFO,07/01/2020,13:51:50,18.9,18.25,4800,20.2,1200,0,4800
IBULHSGFIN27Feb20340CE.NFO,07/01/2020,13:51:55,18.9,18.25,7200,20.2,1200,0,4800
IBULHSGFIN27Feb20340CE.NFO,07/01/2020,13:51:59,18.9,18.25,4800,20.25,1200,0,4800
IBULHSGFIN27Feb20340CE.NFO,07/01/2020,13:52:03,18.9,18.25,4800,20.15,1200,0,4800
IBULHSGFIN27Feb20340CE.NFO,07/01/2020,13:52:07,18.9,18.25,7200,23.5,2400,0,4800
IBULHSGFIN27Feb20340CE.NFO,07/01/2020,13:52:16,18.9,18.25,7200,20.25,1200,0,4800
IBULHSGFIN27Feb20340CE.NFO,07/01/2020,13:52:20,18.9,18.25,7200,20.3,1200,0,4800
IBULHSGFIN27Feb20340CE.NFO,07/01/2020,13:52:38,18.9,18.25,7200,20.25,1200,0,4800
IBULHSGFIN27Feb20340CE.NFO,07/01/2020,13:52:42,18.9,18.25,4800,20.3,1200,0,4800
IBULHSGFIN27Feb20340CE.NFO,07/01/2020,13:52:47,18.9,18.25,7200,20.45,1200,0,4800
IBULHSGFIN27Feb20340CE.NFO,07/01/2020,13:52:52,18.9,18.25,7200,20.4,1200,0,4800
IBULHSGFIN27Feb20340CE.NFO,07/01/2020,13:53:03,18.9,18.25,7200,20.35,1200,0,4800
IBULHSGFIN27Feb20340CE.NFO,07/01/2020,13:53:13,18.9,18.25,7200,20.3,1200,0,4800
IBULHSGFIN27Feb20340CE.NFO,07/01/2020,13:53:18,18.9,18.25,4800,20.3,1200,0,4800
IBULHSGFIN27Feb20340CE.NFO,07/01/2020,13:53:23,18.9,18.25,7200,20.35,1200,0,4800
IBULHSGFIN27Feb20340CE.NFO,07/01/2020,13:53:30,18.9,18.25,7200,20.3,1200,0,4800
IBULHSGFIN27Feb20340CE.NFO,07/01/2020,13:53:35,18.9,18.25,7200,20.2,1200,0,4800
IBULHSGFIN27Feb20340CE.NFO,07/01/2020,13:53:39,18.9,18.25,4800,20.25,1200,0,4800
IBULHSGFIN27Feb20340CE.NFO,07/01/2020,13:53:45,18.9,18.25,1200,20.05,1200,0,4800
IBULHSGFIN27Feb20340CE.NFO,07/01/2020,13:54:00,18.9,18.25,1200,20,1200,0,4800
IBULHSGFIN27Feb20340CE.NFO,07/01/2020,13:54:24,18.9,18.25,1200,20.05,1200,0,4800
IBULHSGFIN27Feb20340CE.NFO,07/01/2020,13:54:29,18.9,18.25,3600,20.3,1200,0,4800
IBULHSGFIN27Feb20340CE.NFO,07/01/2020,13:54:34,18.9,18.3,3600,20.3,1200,0,4800
IBULHSGFIN27Feb20340CE.NFO,07/01/2020,13:54:38,18.9,18.3,3600,20.35,1200,0,4800
IBULHSGFIN27Feb20340CE.NFO,07/01/2020,13:54:42,18.9,18.25,3600,20.25,1200,0,4800
IBULHSGFIN27Feb20340CE.NFO,07/01/2020,13:54:47,18.9,18.25,3600,21.25,4800,0,4800
IBULHSGFIN27Feb20340CE.NFO,07/01/2020,13:54:51,18.9,18.25,3600,20.15,1200,0,4800
IBULHSGFIN27Feb20340CE.NFO,07/01/2020,13:54:55,18.9,18.25,1200,20.2,1200,0,4800
IBULHSGFIN27Feb20340CE.NFO,07/01/2020,13:54:59,18.9,18.25,3600,20.2,1200,0,4800
IBULHSGFIN27Feb20340CE.NFO,07/01/2020,13:55:04,18.9,18.25,3600,20.35,1200,0,4800
IBULHSGFIN27Feb20340CE.NFO,07/01/2020,13:55:22,18.9,18.3,3600,20.25,1200,0,4800
IBULHSGFIN27Feb20340CE.NFO,07/01/2020,13:55:27,18.9,18.3,3600,20.4,1200,0,4800
IBULHSGFIN27Feb20340CE.NFO,07/01/2020,13:55:32,18.9,18.3,3600,20.5,1200,0,4800
IBULHSGFIN27Feb20340CE.NFO,07/01/2020,13:55:37,18.9,18.3,3600,20.4,1200,0,4800
IBULHSGFIN27Feb20340CE.NFO,07/01/2020,13:55:50,18.9,18.3,3600,20.3,1200,0,4800
IBULHSGFIN27Feb20340CE.NFO,07/01/2020,13:56:05,18.9,18.25,1200,20.1,1200,0,4800
IBULHSGFIN27Feb20340CE.NFO,07/01/2020,13:56:10,18.9,18.25,1200,20.2,1200,0,4800
IBULHSGFIN27Feb20340CE.NFO,07/01/2020,13:56:19,18.9,18.25,3600,20.2,1200,0,4800
IBULHSGFIN27Feb20340CE.NFO,07/01/2020,13:56:23,18.9,18.25,1200,20.1,1200,0,4800
IBULHSGFIN27Feb20340CE.NFO,07/01/2020,13:56:33,18.9,18.25,1200,20.05,1200,0,4800
IBULHSGFIN27Feb20340CE.NFO,07/01/2020,13:56:58,18.9,18.25,1200,20.2,1200,0,4800
IBULHSGFIN27Feb20340CE.NFO,07/01/2020,13:57:06,18.9,18.25,1200,20.1,1200,0,4800
IBULHSGFIN27Feb20340CE.NFO,07/01/2020,13:57:28,18.9,18.25,1200,20.05,1200,0,4800
IBULHSGFIN27Feb20340CE.NFO,07/01/2020,13:57:51,18.9,18.25,1200,20.3,1200,0,4800
IBULHSGFIN27Feb20340CE.NFO,07/01/2020,13:57:55,18.9,18.25,3600,20.25,1200,0,4800
IBULHSGFIN27Feb20340CE.NFO,07/01/2020,13:57:59,18.9,18.25,1200,20.2,1200,0,4800
IBULHSGFIN27Feb20340CE.NFO,07/01/2020,13:58:03,18.9,18.25,1200,20.05,1200,0,4800
IBULHSGFIN27Feb20340CE.NFO,07/01/2020,13:58:07,18.9,18.25,1200,20.1,1200,0,4800
IBULHSGFIN27Feb20340CE.NFO,07/01/2020,13:58:11,18.9,18.25,1200,20.15,1200,0,4800
IBULHSGFIN27Feb20340CE.NFO,07/01/2020,13:58:39,18.9,18.25,1200,20.25,1200,0,4800
IBULHSGFIN27Feb20340CE.NFO,07/01/2020,13:58:45,18.9,18.25,1200,20.2,1200,0,4800
IBULHSGFIN27Feb20340CE.NFO,07/01/2020,13:58:50,18.9,18.25,1200,20.15,1200,0,4800
IBULHSGFIN27Feb20340CE.NFO,07/01/2020,13:58:55,18.9,18.25,3600,20.25,1200,0,4800
IBULHSGFIN27Feb20340CE.NFO,07/01/2020,13:59:08,18.9,18.25,6000,20.5,1200,0,4800
IBULHSGFIN27Feb20340CE.NFO,07/01/2020,13:59:12,18.9,18.3,6000,20.5,1200,0,4800
IBULHSGFIN27Feb20340CE.NFO,07/01/2020,13:59:17,18.9,18.3,6000,20.4,1200,0,4800
IBULHSGFIN27Feb20340CE.NFO,07/01/2020,13:59:20,18.9,18.3,3600,20.35,1200,0,4800
IBULHSGFIN27Feb20340CE.NFO,07/01/2020,13:59:24,18.9,18.3,3600,20.4,1200,0,4800
IBULHSGFIN27Feb20340CE.NFO,07/01/2020,13:59:28,18.9,18.3,3600,20.35,1200,0,4800
IBULHSGFIN27Feb20340CE.NFO,07/01/2020,13:59:31,18.9,18.3,3600,20.25,1200,0,4800
IBULHSGFIN27Feb20340CE.NFO,07/01/2020,13:59:34,18.9,18.25,3600,20.25,1200,0,4800
IBULHSGFIN27Feb20340CE.NFO,07/01/2020,13:59:38,18.9,18.25,4800,20.4,1200,0,4800
IBULHSGFIN27Feb20340CE.NFO,07/01/2020,13:59:45,18.9,18.25,7200,20.4,1200,0,4800
IBULHSGFIN27Feb20340CE.NFO,07/01/2020,13:59:48,18.9,18.25,4800,20.4,1200,0,4800
IBULHSGFIN27Feb20340CE.NFO,07/01/2020,13:59:51,18.9,18.25,7200,20.45,1200,0,4800
IBULHSGFIN27Feb20340CE.NFO,07/01/2020,13:59:57,18.9,18.25,7200,20.4,1200,0,4800
IBULHSGFIN27Feb20340CE.NFO,07/01/2020,14:00:00,18.9,18.25,7200,20.45,1200,0,4800
IBULHSGFIN27Feb20340CE.NFO,07/01/2020,14:00:06,18.9,18.25,7200,20.5,1200,0,4800
IBULHSGFIN27Feb20340CE.NFO,07/01/2020,14:00:09,18.9,18.25,4800,20.4,1200,0,4800
IBULHSGFIN27Feb20340CE.NFO,07/01/2020,14:00:13,18.9,18.25,7200,20.4,1200,0,4800
IBULHSGFIN27Feb20340CE.NFO,07/01/2020,14:00:16,18.9,18.25,4800,20.4,1200,0,4800
IBULHSGFIN27Feb20340CE.NFO,07/01/2020,14:00:20,18.9,18.25,4800,20.35,1200,0,4800
IBULHSGFIN27Feb20340CE.NFO,07/01/2020,14:00:24,18.9,18.25,4800,20.3,1200,0,4800
IBULHSGFIN27Feb20340CE.NFO,07/01/2020,14:00:26,18.9,18.25,7200,20.45,1200,0,4800
IBULHSGFIN27Feb20340CE.NFO,07/01/2020,14:00:29,18.9,18.25,4800,20.45,1200,0,4800
IBULHSGFIN27Feb20340CE.NFO,07/01/2020,14:00:33,18.9,18.25,4800,20.4,1200,0,4800
IBULHSGFIN27Feb20340CE.NFO,07/01/2020,14:00:43,18.9,18.25,7200,20.5,1200,0,4800
IBULHSGFIN27Feb20340CE.NFO,07/01/2020,14:00:56,18.9,18.25,7200,20.55,1200,0,4800
IBULHSGFIN27Feb20340CE.NFO,07/01/2020,14:01:01,18.9,18.25,7200,20.45,1200,0,4800
IBULHSGFIN27Feb20340CE.NFO,07/01/2020,14:01:07,18.9,18.25,4800,20.3,1200,0,4800
IBULHSGFIN27Feb20340CE.NFO,07/01/2020,14:01:11,18.9,18.25,4800,20.35,1200,0,4800
IBULHSGFIN27Feb20340CE.NFO,07/01/2020,14:01:16,18.9,18.25,7200,20.55,1200,0,4800
IBULHSGFIN27Feb20340CE.NFO,07/01/2020,14:01:21,18.9,18.25,7200,20.6,1200,0,4800
IBULHSGFIN27Feb20340CE.NFO,07/01/2020,14:01:24,18.9,18.25,7200,20.55,1200,0,4800
IBULHSGFIN27Feb20340CE.NFO,07/01/2020,14:01:28,18.9,18.25,7200,20.5,1200,0,4800
IBULHSGFIN27Feb20340CE.NFO,07/01/2020,14:01:31,18.9,18.25,7200,20.45,1200,0,4800
IBULHSGFIN27Feb20340CE.NFO,07/01/2020,14:01:40,18.9,18.25,4800,20.45,1200,0,4800
IBULHSGFIN27Feb20340CE.NFO,07/01/2020,14:01:43,18.9,18.25,7200,20.45,1200,0,4800
IBULHSGFIN27Feb20340CE.NFO,07/01/2020,14:01:49,18.9,18.25,4800,20.45,1200,0,4800
IBULHSGFIN27Feb20340CE.NFO,07/01/2020,14:01:53,18.9,18.25,7200,20.65,1200,0,4800
IBULHSGFIN27Feb20340CE.NFO,07/01/2020,14:01:58,18.9,18.25,7200,20.55,1200,0,4800
IBULHSGFIN27Feb20340CE.NFO,07/01/2020,14:02:06,18.9,18.25,7200,20.5,1200,0,4800
IBULHSGFIN27Feb20340CE.NFO,07/01/2020,14:02:09,18.9,18.25,7200,20.45,1200,0,4800
IBULHSGFIN27Feb20340CE.NFO,07/01/2020,14:02:14,18.9,18.25,7200,20.5,1200,0,4800
IBULHSGFIN27Feb20340CE.NFO,07/01/2020,14:02:27,18.9,18.25,4800,20.5,1200,0,4800
IBULHSGFIN27Feb20340CE.NFO,07/01/2020,14:02:32,18.9,18.25,4800,23.5,2400,0,4800
IBULHSGFIN27Feb20340CE.NFO,07/01/2020,14:02:37,18.9,18.25,7200,20.45,1200,0,4800
IBULHSGFIN27Feb20340CE.NFO,07/01/2020,14:02:46,18.9,18.25,4800,20.45,1200,0,4800
IBULHSGFIN27Feb20340CE.NFO,07/01/2020,14:02:49,18.9,18.25,7200,20.45,1200,0,4800
IBULHSGFIN27Feb20340CE.NFO,07/01/2020,14:03:00,18.9,18.25,7200,20.5,1200,0,4800
IBULHSGFIN27Feb20340CE.NFO,07/01/2020,14:03:03,18.9,18.25,9600,20.65,1200,0,4800
IBULHSGFIN27Feb20340CE.NFO,07/01/2020,14:03:06,18.9,18.25,9600,20.55,1200,0,4800
IBULHSGFIN27Feb20340CE.NFO,07/01/2020,14:03:16,18.9,18.25,9600,20.5,1200,0,4800
IBULHSGFIN27Feb20340CE.NFO,07/01/2020,14:03:21,18.9,18.25,9600,20.55,1200,0,4800
IBULHSGFIN27Feb20340CE.NFO,07/01/2020,14:03:25,18.9,18.25,9600,20.6,1200,0,4800
IBULHSGFIN27Feb20340CE.NFO,07/01/2020,14:03:28,18.9,18.25,9600,20.55,1200,0,4800
IBULHSGFIN27Feb20340CE.NFO,07/01/2020,14:03:40,18.9,18.25,9600,20.65,1200,0,4800
IBULHSGFIN27Feb20340CE.NFO,07/01/2020,14:03:47,18.9,18.25,9600,20.6,1200,0,4800
IBULHSGFIN27Feb20340CE.NFO,07/01/2020,14:03:57,18.9,18.45,3600,20.65,1200,0,4800
IBULHSGFIN27Feb20340CE.NFO,07/01/2020,14:04:07,18.9,18.45,3600,20.6,1200,0,4800
IBULHSGFIN27Feb20340CE.NFO,07/01/2020,14:04:10,18.9,18.45,3600,20.7,1200,0,4800
IBULHSGFIN27Feb20340CE.NFO,07/01/2020,14:04:14,18.9,18.45,6000,20.85,1200,0,4800
IBULHSGFIN27Feb20340CE.NFO,07/01/2020,14:04:20,18.9,18.45,6000,20.8,1200,0,4800
IBULHSGFIN27Feb20340CE.NFO,07/01/2020,14:04:23,18.9,18.45,3600,20.7,1200,0,4800
IBULHSGFIN27Feb20340CE.NFO,07/01/2020,14:04:32,18.9,18.45,3600,20.75,1200,0,4800
IBULHSGFIN27Feb20340CE.NFO,07/01/2020,14:04:42,18.9,18.45,3600,20.6,1200,0,4800
IBULHSGFIN27Feb20340CE.NFO,07/01/2020,14:04:46,18.9,18.45,3600,20.7,1200,0,4800
IBULHSGFIN27Feb20340CE.NFO,07/01/2020,14:04:53,18.9,18.45,3600,20.65,1200,0,4800
IBULHSGFIN27Feb20340CE.NFO,07/01/2020,14:05:07,18.9,18.45,3600,20.5,1200,0,4800
IBULHSGFIN27Feb20340CE.NFO,07/01/2020,14:05:15,18.9,18.45,3600,20.45,1200,0,4800
IBULHSGFIN27Feb20340CE.NFO,07/01/2020,14:05:22,18.9,18.25,7200,20.5,1200,0,4800
IBULHSGFIN27Feb20340CE.NFO,07/01/2020,14:05:25,18.9,18.25,4800,20.5,1200,0,4800
IBULHSGFIN27Feb20340CE.NFO,07/01/2020,14:05:28,18.9,18.25,7200,20.5,1200,0,4800
IBULHSGFIN27Feb20340CE.NFO,07/01/2020,14:05:42,18.9,18.25,4800,20.4,1200,0,4800
IBULHSGFIN27Feb20340CE.NFO,07/01/2020,14:05:47,18.9,18.25,4800,23.5,2400,0,4800
IBULHSGFIN27Feb20340CE.NFO,07/01/2020,14:05:52,18.9,18.25,4800,20.4,1200,0,4800
IBULHSGFIN27Feb20340CE.NFO,07/01/2020,14:05:57,18.9,18.25,4800,20.35,1200,0,4800
IBULHSGFIN27Feb20340CE.NFO,07/01/2020,14:06:01,18.9,18.25,4800,20.45,1200,0,4800
IBULHSGFIN27Feb20340CE.NFO,07/01/2020,14:06:04,18.9,18.25,4800,20.35,1200,0,4800
IBULHSGFIN27Feb20340CE.NFO,07/01/2020,14:06:08,18.9,18.25,4800,20.4,1200,0,4800
IBULHSGFIN27Feb20340CE.NFO,07/01/2020,14:06:12,18.9,18.25,4800,20.35,1200,0,4800
IBULHSGFIN27Feb20340CE.NFO,07/01/2020,14:06:20,18.9,18.25,4800,20.4,1200,0,4800
IBULHSGFIN27Feb20340CE.NFO,07/01/2020,14:06:24,18.9,18.25,4800,20.45,1200,0,4800
IBULHSGFIN27Feb20340CE.NFO,07/01/2020,14:06:39,18.9,18.25,4800,20.3,1200,0,4800
IBULHSGFIN27Feb20340CE.NFO,07/01/2020,14:06:55,18.9,18.25,7200,20.4,1200,0,4800
IBULHSGFIN27Feb20340CE.NFO,07/01/2020,14:06:59,18.9,18.25,9600,20.5,1200,0,4800
IBULHSGFIN27Feb20340CE.NFO,07/01/2020,14:07:03,18.9,18.25,9600,20.45,1200,0,4800
IBULHSGFIN27Feb20340CE.NFO,07/01/2020,14:07:07,18.9,18.25,7200,20.45,1200,0,4800
IBULHSGFIN27Feb20340CE.NFO,07/01/2020,14:07:17,18.9,18.25,4800,20.45,1200,0,4800
IBULHSGFIN27Feb20340CE.NFO,07/01/2020,14:07:21,18.9,18.25,3600,20.45,1200,0,4800
IBULHSGFIN27Feb20340CE.NFO,07/01/2020,14:07:29,18.9,18.25,4800,20.4,1200,0,4800
IBULHSGFIN27Feb20340CE.NFO,07/01/2020,14:07:36,18.9,18.25,7200,20.4,1200,0,4800
IBULHSGFIN27Feb20340CE.NFO,07/01/2020,14:07:41,18.9,18.25,7200,20.35,1200,0,4800
IBULHSGFIN27Feb20340CE.NFO,07/01/2020,14:07:47,18.9,18.25,4800,20.3,1200,0,4800
IBULHSGFIN27Feb20340CE.NFO,07/01/2020,14:07:52,18.9,18.25,4800,20.4,1200,0,4800
IBULHSGFIN27Feb20340CE.NFO,07/01/2020,14:07:57,18.9,18.25,7200,20.45,1200,0,4800
IBULHSGFIN27Feb20340CE.NFO,07/01/2020,14:08:02,18.9,18.25,4800,20.4,1200,0,4800
IBULHSGFIN27Feb20340CE.NFO,07/01/2020,14:08:12,18.9,18.25,7200,20.45,1200,0,4800
IBULHSGFIN27Feb20340CE.NFO,07/01/2020,14:08:26,18.9,18.25,7200,20.5,1200,0,4800
IBULHSGFIN27Feb20340CE.NFO,07/01/2020,14:08:29,18.9,18.25,7200,20.45,1200,0,4800
IBULHSGFIN27Feb20340CE.NFO,07/01/2020,14:08:33,18.9,18.25,9600,20.5,1200,0,4800
IBULHSGFIN27Feb20340CE.NFO,07/01/2020,14:08:37,18.9,18.25,9600,20.45,1200,0,4800
IBULHSGFIN27Feb20340CE.NFO,07/01/2020,14:08:51,18.9,18.45,3600,20.55,1200,0,4800
IBULHSGFIN27Feb20340CE.NFO,07/01/2020,14:08:55,18.9,18.45,3600,20.5,1200,0,4800
IBULHSGFIN27Feb20340CE.NFO,07/01/2020,14:08:59,18.9,18.45,3600,20.55,1200,0,4800
IBULHSGFIN27Feb20340CE.NFO,07/01/2020,14:09:03,18.9,18.45,3600,20.5,1200,0,4800
IBULHSGFIN27Feb20340CE.NFO,07/01/2020,14:09:07,18.9,18.45,3600,20.45,1200,0,4800
IBULHSGFIN27Feb20340CE.NFO,07/01/2020,14:09:19,18.9,18.45,3600,20.5,1200,0,4800
IBULHSGFIN27Feb20340CE.NFO,07/01/2020,14:09:25,18.9,18.45,3600,20.55,1200,0,4800
IBULHSGFIN27Feb20340CE.NFO,07/01/2020,14:09:28,18.9,18.45,3600,20.5,1200,0,4800
IBULHSGFIN27Feb20340CE.NFO,07/01/2020,14:09:31,18.9,18.45,1200,20.4,1200,0,4800
IBULHSGFIN27Feb20340CE.NFO,07/01/2020,14:09:35,18.9,18.25,7200,20.4,1200,0,4800
IBULHSGFIN27Feb20340CE.NFO,07/01/2020,14:09:48,18.9,18.4,6000,20.6,1200,0,4800
IBULHSGFIN27Feb20340CE.NFO,07/01/2020,14:09:55,18.9,18.4,3600,20.6,1200,0,4800
IBULHSGFIN27Feb20340CE.NFO,07/01/2020,14:10:04,18.9,18.4,6000,20.7,1200,0,4800
IBULHSGFIN27Feb20340CE.NFO,07/01/2020,14:10:11,18.9,18.4,3600,20.6,1200,0,4800
IBULHSGFIN27Feb20340CE.NFO,07/01/2020,14:10:17,18.9,18.4,6000,20.55,1200,0,4800
IBULHSGFIN27Feb20340CE.NFO,07/01/2020,14:10:22,18.9,18.4,6000,20.5,1200,0,4800
IBULHSGFIN27Feb20340CE.NFO,07/01/2020,14:10:32,18.9,18.4,6000,20.45,1200,0,4800
IBULHSGFIN27Feb20340CE.NFO,07/01/2020,14:10:36,18.9,18.4,3600,20.5,1200,0,4800
IBULHSGFIN27Feb20340CE.NFO,07/01/2020,14:10:41,18.9,18.4,3600,23.5,2400,0,4800
IBULHSGFIN27Feb20340CE.NFO,07/01/2020,14:10:46,18.9,18.4,3600,20.45,1200,0,4800
IBULHSGFIN27Feb20340CE.NFO,07/01/2020,14:10:52,18.9,18.4,3600,20.3,1200,0,4800
IBULHSGFIN27Feb20340CE.NFO,07/01/2020,14:10:56,18.9,18.4,3600,20.4,1200,0,4800
IBULHSGFIN27Feb20340CE.NFO,07/01/2020,14:11:09,18.9,18.4,3600,20.35,1200,0,4800
IBULHSGFIN27Feb20340CE.NFO,07/01/2020,14:11:24,18.9,18.4,3600,20.4,1200,0,4800
IBULHSGFIN27Feb20340CE.NFO,07/01/2020,14:11:28,18.9,18.4,3600,20.3,1200,0,4800
IBULHSGFIN27Feb20340CE.NFO,07/01/2020,14:11:31,18.9,18.4,3600,20.4,1200,0,4800
IBULHSGFIN27Feb20340CE.NFO,07/01/2020,14:11:45,18.9,18.4,1200,20.35,1200,0,4800
IBULHSGFIN27Feb20340CE.NFO,07/01/2020,14:11:49,18.9,18.4,3600,20.4,1200,0,4800
IBULHSGFIN27Feb20340CE.NFO,07/01/2020,14:11:53,18.9,18.25,4800,20.25,1200,0,4800
IBULHSGFIN27Feb20340CE.NFO,07/01/2020,14:11:57,18.9,18.25,7200,20.3,1200,0,4800
IBULHSGFIN27Feb20340CE.NFO,07/01/2020,14:12:01,18.9,18.25,9600,20.5,1200,0,4800
IBULHSGFIN27Feb20340CE.NFO,07/01/2020,14:12:05,18.9,18.25,9600,20.45,1200,0,4800
IBULHSGFIN27Feb20340CE.NFO,07/01/2020,14:12:11,18.9,18.4,3600,23.5,2400,0,4800
IBULHSGFIN27Feb20340CE.NFO,07/01/2020,14:12:17,18.9,18.4,3600,20.5,1200,0,4800
IBULHSGFIN27Feb20340CE.NFO,07/01/2020,14:12:22,18.9,18.4,3600,20.4,1200,0,4800
IBULHSGFIN27Feb20340CE.NFO,07/01/2020,14:12:31,18.9,18.4,3600,20.45,1200,0,4800
IBULHSGFIN27Feb20340CE.NFO,07/01/2020,14:12:36,18.9,18.4,3600,20.4,1200,0,4800
IBULHSGFIN27Feb20340CE.NFO,07/01/2020,14:12:40,18.9,18.25,3600,20.25,1200,0,4800
IBULHSGFIN27Feb20340CE.NFO,07/01/2020,14:12:45,18.9,18.25,3600,20.35,1200,0,4800
IBULHSGFIN27Feb20340CE.NFO,07/01/2020,14:12:52,18.9,18.25,3600,20.4,1200,0,4800
IBULHSGFIN27Feb20340CE.NFO,07/01/2020,14:12:55,18.9,18.25,3600,20.25,1200,0,4800
IBULHSGFIN27Feb20340CE.NFO,07/01/2020,14:13:07,18.9,18.25,3600,20.4,1200,0,4800
IBULHSGFIN27Feb20340CE.NFO,07/01/2020,14:13:11,18.9,18.25,6000,20.5,1200,0,4800
IBULHSGFIN27Feb20340CE.NFO,07/01/2020,14:13:14,18.9,18.25,6000,20.45,1200,0,4800
IBULHSGFIN27Feb20340CE.NFO,07/01/2020,14:13:19,18.9,18.25,6000,20.4,1200,0,4800
IBULHSGFIN27Feb20340CE.NFO,07/01/2020,14:13:29,18.9,18.25,8400,20.6,1200,0,4800
IBULHSGFIN27Feb20340CE.NFO,07/01/2020,14:13:37,18.9,18.45,3600,20.65,1200,0,4800
IBULHSGFIN27Feb20340CE.NFO,07/01/2020,14:13:43,18.9,18.45,3600,20.7,1200,0,4800
IBULHSGFIN27Feb20340CE.NFO,07/01/2020,14:13:50,18.9,18.45,3600,20.6,1200,0,4800
IBULHSGFIN27Feb20340CE.NFO,07/01/2020,14:13:55,18.9,18.45,3600,20.65,1200,0,4800
IBULHSGFIN27Feb20340CE.NFO,07/01/2020,14:14:01,18.9,18.45,3600,20.6,1200,0,4800
IBULHSGFIN27Feb20340CE.NFO,07/01/2020,14:14:18,18.9,18.45,6000,20.6,1200,0,4800
IBULHSGFIN27Feb20340CE.NFO,07/01/2020,14:14:23,18.9,18.45,3600,20.5,1200,0,4800
IBULHSGFIN27Feb20340CE.NFO,07/01/2020,14:14:32,18.9,18.45,3600,20.55,1200,0,4800
IBULHSGFIN27Feb20340CE.NFO,07/01/2020,14:14:38,18.9,18.45,6000,20.6,1200,0,4800
IBULHSGFIN27Feb20340CE.NFO,07/01/2020,14:14:43,18.9,18.45,3600,20.6,1200,0,4800
IBULHSGFIN27Feb20340CE.NFO,07/01/2020,14:14:48,18.9,18.45,3600,20.55,1200,0,4800
IBULHSGFIN27Feb20340CE.NFO,07/01/2020,14:14:53,18.9,18.45,3600,20.5,1200,0,4800
IBULHSGFIN27Feb20340CE.NFO,07/01/2020,14:15:01,18.9,18.45,3600,20.65,1200,0,4800
IBULHSGFIN27Feb20340CE.NFO,07/01/2020,14:15:07,18.9,18.45,6000,20.7,1200,0,4800
IBULHSGFIN27Feb20340CE.NFO,07/01/2020,14:15:13,18.9,18.45,3600,20.65,1200,0,4800
IBULHSGFIN27Feb20340CE.NFO,07/01/2020,14:15:18,18.9,18.45,6000,20.7,1200,0,4800
IBULHSGFIN27Feb20340CE.NFO,07/01/2020,14:15:25,18.9,18.45,8400,20.7,1200,0,4800
IBULHSGFIN27Feb20340CE.NFO,07/01/2020,14:15:31,18.9,18.75,3600,20.75,1200,0,4800
IBULHSGFIN27Feb20340CE.NFO,07/01/2020,14:15:37,18.9,18.75,3600,20.8,1200,0,4800
IBULHSGFIN27Feb20340CE.NFO,07/01/2020,14:15:42,18.9,18.75,3600,20.65,1200,0,4800
IBULHSGFIN27Feb20340CE.NFO,07/01/2020,14:15:51,18.9,18.75,3600,20.6,1200,0,4800
IBULHSGFIN27Feb20340CE.NFO,07/01/2020,14:16:00,18.9,18.75,1200,20.55,1200,0,4800
IBULHSGFIN27Feb20340CE.NFO,07/01/2020,14:16:11,18.9,18.75,3600,20.6,1200,0,4800
IBULHSGFIN27Feb20340CE.NFO,07/01/2020,14:16:16,18.9,18.75,3600,20.7,1200,0,4800
IBULHSGFIN27Feb20340CE.NFO,07/01/2020,14:16:25,18.9,18.75,3600,20.75,1200,0,4800
IBULHSGFIN27Feb20340CE.NFO,07/01/2020,14:16:29,18.9,18.75,3600,20.65,1200,0,4800
IBULHSGFIN27Feb20340CE.NFO,07/01/2020,14:16:33,18.9,18.75,3600,20.6,1200,0,4800
IBULHSGFIN27Feb20340CE.NFO,07/01/2020,14:16:38,18.9,18.75,3600,20.55,1200,0,4800
IBULHSGFIN27Feb20340CE.NFO,07/01/2020,14:16:50,18.9,18.75,3600,20.6,1200,0,4800
IBULHSGFIN27Feb20340CE.NFO,07/01/2020,14:16:54,18.9,18.75,3600,20.55,1200,0,4800
IBULHSGFIN27Feb20340CE.NFO,07/01/2020,14:16:58,18.9,18.75,1200,20.7,1200,0,4800
IBULHSGFIN27Feb20340CE.NFO,07/01/2020,14:17:02,18.9,18.75,3600,20.65,1200,0,4800
IBULHSGFIN27Feb20340CE.NFO,07/01/2020,14:17:06,18.9,18.75,6000,20.7,1200,0,4800
IBULHSGFIN27Feb20340CE.NFO,07/01/2020,14:17:16,18.9,18.75,6000,20.6,1200,0,4800
IBULHSGFIN27Feb20340CE.NFO,07/01/2020,14:17:21,18.9,19.05,1200,21.1,1200,0,4800
IBULHSGFIN27Feb20340CE.NFO,07/01/2020,14:17:26,18.9,18.85,7200,20.95,1200,0,4800
IBULHSGFIN27Feb20340CE.NFO,07/01/2020,14:17:32,18.9,18.95,6000,21,1200,0,4800
IBULHSGFIN27Feb20340CE.NFO,07/01/2020,14:17:36,18.9,18.95,3600,20.85,1200,0,4800
IBULHSGFIN27Feb20340CE.NFO,07/01/2020,14:17:41,18.9,18.8,6000,20.85,1200,0,4800
IBULHSGFIN27Feb20340CE.NFO,07/01/2020,14:17:44,18.9,18.8,6000,20.8,1200,0,4800
IBULHSGFIN27Feb20340CE.NFO,07/01/2020,14:17:48,18.9,18.8,3600,23.45,2400,0,4800
IBULHSGFIN27Feb20340CE.NFO,07/01/2020,14:17:55,18.9,18.8,3600,20.7,1200,0,4800
IBULHSGFIN27Feb20340CE.NFO,07/01/2020,14:18:03,18.9,18.8,3600,20.65,1200,0,4800
IBULHSGFIN27Feb20340CE.NFO,07/01/2020,14:18:07,18.9,18.8,3600,20.75,1200,0,4800
IBULHSGFIN27Feb20340CE.NFO,07/01/2020,14:18:10,18.9,18.8,3600,20.65,1200,0,4800
IBULHSGFIN27Feb20340CE.NFO,07/01/2020,14:18:13,18.9,18.8,3600,20.7,1200,0,4800
IBULHSGFIN27Feb20340CE.NFO,07/01/2020,14:18:17,18.9,18.8,3600,23.45,2400,0,4800
IBULHSGFIN27Feb20340CE.NFO,07/01/2020,14:18:28,18.9,18.8,3600,20.85,1200,0,4800
IBULHSGFIN27Feb20340CE.NFO,07/01/2020,14:18:33,18.9,18.8,3600,20.75,1200,0,4800
IBULHSGFIN27Feb20340CE.NFO,07/01/2020,14:18:39,18.9,18.8,3600,20.8,1200,0,4800
IBULHSGFIN27Feb20340CE.NFO,07/01/2020,14:18:50,18.9,18.8,3600,20.75,1200,0,4800
IBULHSGFIN27Feb20340CE.NFO,07/01/2020,14:18:54,18.9,18.8,3600,23.45,2400,0,4800
IBULHSGFIN27Feb20340CE.NFO,07/01/2020,14:18:59,18.9,18.8,3600,20.75,1200,0,4800
IBULHSGFIN27Feb20340CE.NFO,07/01/2020,14:19:03,18.9,18.75,3600,20.65,1200,0,4800
IBULHSGFIN27Feb20340CE.NFO,07/01/2020,14:19:07,18.9,18.75,3600,20.7,1200,0,4800
IBULHSGFIN27Feb20340CE.NFO,07/01/2020,14:19:12,18.9,18.75,3600,20.65,1200,0,4800
IBULHSGFIN27Feb20340CE.NFO,07/01/2020,14:19:17,18.9,18.75,3600,20.6,1200,0,4800
IBULHSGFIN27Feb20340CE.NFO,07/01/2020,14:19:21,18.9,18.75,3600,20.7,1200,0,4800
IBULHSGFIN27Feb20340CE.NFO,07/01/2020,14:19:25,18.9,18.75,3600,20.6,1200,0,4800
IBULHSGFIN27Feb20340CE.NFO,07/01/2020,14:19:29,18.9,18.75,3600,20.65,1200,0,4800
IBULHSGFIN27Feb20340CE.NFO,07/01/2020,14:19:33,18.9,18.75,3600,23.45,2400,0,4800
IBULHSGFIN27Feb20340CE.NFO,07/01/2020,14:19:37,18.9,18.75,3600,20.75,1200,0,4800
IBULHSGFIN27Feb20340CE.NFO,07/01/2020,14:19:41,18.9,18.75,3600,20.7,1200,0,4800
IBULHSGFIN27Feb20340CE.NFO,07/01/2020,14:19:54,18.9,18.75,3600,20.65,1200,0,4800
IBULHSGFIN27Feb20340CE.NFO,07/01/2020,14:19:58,18.9,18.75,3600,20.7,1200,0,4800
IBULHSGFIN27Feb20340CE.NFO,07/01/2020,14:20:04,18.9,18.75,3600,20.75,1200,0,4800
IBULHSGFIN27Feb20340CE.NFO,07/01/2020,14:20:08,18.9,18.75,3600,20.6,1200,0,4800
IBULHSGFIN27Feb20340CE.NFO,07/01/2020,14:20:13,18.9,18.75,3600,20.7,1200,0,4800
IBULHSGFIN27Feb20340CE.NFO,07/01/2020,14:20:23,18.9,18.8,3600,20.7,1200,0,4800
IBULHSGFIN27Feb20340CE.NFO,07/01/2020,14:20:26,18.9,18.8,3600,20.65,1200,0,4800
IBULHSGFIN27Feb20340CE.NFO,07/01/2020,14:20:37,18.9,18.8,3600,20.7,1200,0,4800
IBULHSGFIN27Feb20340CE.NFO,07/01/2020,14:20:48,18.9,18.8,3600,20.85,1200,0,4800
IBULHSGFIN27Feb20340CE.NFO,07/01/2020,14:21:00,18.9,18.8,3600,20.8,1200,0,4800
IBULHSGFIN27Feb20340CE.NFO,07/01/2020,14:21:14,18.9,18.8,1200,20.7,1200,0,4800
IBULHSGFIN27Feb20340CE.NFO,07/01/2020,14:21:18,18.9,18.8,3600,20.75,1200,0,4800
IBULHSGFIN27Feb20340CE.NFO,07/01/2020,14:21:21,18.9,18.8,3600,20.65,1200,0,4800
IBULHSGFIN27Feb20340CE.NFO,07/01/2020,14:21:33,18.9,18.8,3600,20.7,1200,0,4800
IBULHSGFIN27Feb20340CE.NFO,07/01/2020,14:21:37,18.9,18.8,3600,20.6,1200,0,4800
IBULHSGFIN27Feb20340CE.NFO,07/01/2020,14:21:45,18.9,18.8,3600,20.65,1200,0,4800
IBULHSGFIN27Feb20340CE.NFO,07/01/2020,14:22:05,18.9,18.8,3600,20.75,1200,0,4800
IBULHSGFIN27Feb20340CE.NFO,07/01/2020,14:22:09,18.9,18.8,3600,20.7,1200,0,4800
IBULHSGFIN27Feb20340CE.NFO,07/01/2020,14:22:14,18.9,18.8,3600,20.75,1200,0,4800
IBULHSGFIN27Feb20340CE.NFO,07/01/2020,14:22:40,18.9,18.8,3600,20.8,1200,0,4800
IBULHSGFIN27Feb20340CE.NFO,07/01/2020,14:22:48,18.9,18.8,3600,20.85,1200,0,4800
IBULHSGFIN27Feb20340CE.NFO,07/01/2020,14:22:52,18.9,18.8,3600,20.8,1200,0,4800
IBULHSGFIN27Feb20340CE.NFO,07/01/2020,14:22:57,18.9,18.8,3600,23.45,2400,0,4800
IBULHSGFIN27Feb20340CE.NFO,07/01/2020,14:23:01,18.9,18.8,3600,20.8,1200,0,4800
IBULHSGFIN27Feb20340CE.NFO,07/01/2020,14:23:08,18.9,18.75,1200,20.55,1200,0,4800
IBULHSGFIN27Feb20340CE.NFO,07/01/2020,14:23:11,18.9,18.75,1200,20.5,1200,0,4800
IBULHSGFIN27Feb20340CE.NFO,07/01/2020,14:23:15,18.9,18.75,3600,20.6,1200,0,4800
IBULHSGFIN27Feb20340CE.NFO,07/01/2020,14:23:18,18.9,18.75,1200,20.65,1200,0,4800
IBULHSGFIN27Feb20340CE.NFO,07/01/2020,14:23:22,18.9,18.75,3600,20.6,1200,0,4800
IBULHSGFIN27Feb20340CE.NFO,07/01/2020,14:23:26,18.9,18.75,1200,20.65,1200,0,4800
IBULHSGFIN27Feb20340CE.NFO,07/01/2020,14:23:29,18.9,18.75,1200,20.75,1200,0,4800
IBULHSGFIN27Feb20340CE.NFO,07/01/2020,14:23:33,18.9,18.75,3600,20.7,1200,0,4800
IBULHSGFIN27Feb20340CE.NFO,07/01/2020,14:23:36,18.9,18.75,3600,20.6,1200,0,4800
IBULHSGFIN27Feb20340CE.NFO,07/01/2020,14:23:39,18.9,18.75,3600,20.65,1200,0,4800
IBULHSGFIN27Feb20340CE.NFO,07/01/2020,14:23:43,18.9,18.75,3600,20.6,1200,0,4800
IBULHSGFIN27Feb20340CE.NFO,07/01/2020,14:23:47,18.9,18.75,3600,20.55,1200,0,4800
IBULHSGFIN27Feb20340CE.NFO,07/01/2020,14:23:50,18.9,18.75,1200,20.55,1200,0,4800
IBULHSGFIN27Feb20340CE.NFO,07/01/2020,14:24:12,18.9,18.4,3600,20.5,1200,0,4800
IBULHSGFIN27Feb20340CE.NFO,07/01/2020,14:24:20,18.9,18.55,3600,20.7,1200,0,4800
IBULHSGFIN27Feb20340CE.NFO,07/01/2020,14:24:26,18.9,18.55,3600,20.55,1200,0,4800
IBULHSGFIN27Feb20340CE.NFO,07/01/2020,14:24:37,18.9,18.55,3600,20.5,1200,0,4800
IBULHSGFIN27Feb20340CE.NFO,07/01/2020,14:24:53,18.9,18.55,3600,23.45,2400,0,4800
IBULHSGFIN27Feb20340CE.NFO,07/01/2020,14:25:01,18.9,18.55,3600,20.5,1200,0,4800
IBULHSGFIN27Feb20340CE.NFO,07/01/2020,14:25:31,18.9,18.55,3600,20.45,1200,0,4800
IBULHSGFIN27Feb20340CE.NFO,07/01/2020,14:25:50,18.9,18.55,3600,20.35,1200,0,4800
IBULHSGFIN27Feb20340CE.NFO,07/01/2020,14:26:06,18.9,18.55,3600,20.4,1200,0,4800
IBULHSGFIN27Feb20340CE.NFO,07/01/2020,14:26:15,18.9,18.4,3600,20.25,1200,0,4800
IBULHSGFIN27Feb20340CE.NFO,07/01/2020,14:26:24,18.9,18.4,3600,20.3,1200,0,4800
IBULHSGFIN27Feb20340CE.NFO,07/01/2020,14:26:27,18.9,18.4,3600,20.2,1200,0,4800
IBULHSGFIN27Feb20340CE.NFO,07/01/2020,14:26:35,18.9,18.4,3600,20.3,1200,0,4800
IBULHSGFIN27Feb20340CE.NFO,07/01/2020,14:26:38,18.9,18.4,3600,20.2,1200,0,4800
IBULHSGFIN27Feb20340CE.NFO,07/01/2020,14:26:50,18.9,18.4,3600,20.35,1200,0,4800
IBULHSGFIN27Feb20340CE.NFO,07/01/2020,14:26:55,18.9,18.4,3600,20.25,1200,0,4800
IBULHSGFIN27Feb20340CE.NFO,07/01/2020,14:27:10,18.9,18.5,3600,23.45,2400,0,4800
IBULHSGFIN27Feb20340CE.NFO,07/01/2020,14:27:18,18.9,18.5,3600,20.4,1200,0,4800
IBULHSGFIN27Feb20340CE.NFO,07/01/2020,14:27:23,18.9,18.5,6000,20.55,1200,0,4800
IBULHSGFIN27Feb20340CE.NFO,07/01/2020,14:27:28,18.9,18.65,3600,20.65,1200,0,4800
IBULHSGFIN27Feb20340CE.NFO,07/01/2020,14:27:33,18.9,18.65,3600,20.55,1200,0,4800
IBULHSGFIN27Feb20340CE.NFO,07/01/2020,14:27:38,18.9,18.65,3600,20.6,1200,0,4800
IBULHSGFIN27Feb20340CE.NFO,07/01/2020,14:27:42,18.9,18.65,3600,23.45,2400,0,4800
IBULHSGFIN27Feb20340CE.NFO,07/01/2020,14:27:51,18.9,18.65,3600,20.5,1200,0,4800
IBULHSGFIN27Feb20340CE.NFO,07/01/2020,14:27:56,18.9,18.65,3600,20.45,1200,0,4800
IBULHSGFIN27Feb20340CE.NFO,07/01/2020,14:28:01,18.9,18.65,3600,20.55,1200,0,4800
IBULHSGFIN27Feb20340CE.NFO,07/01/2020,14:28:21,18.9,18.65,6000,20.65,1200,0,4800
IBULHSGFIN27Feb20340CE.NFO,07/01/2020,14:28:24,18.9,18.65,6000,20.7,1200,0,4800
IBULHSGFIN27Feb20340CE.NFO,07/01/2020,14:28:33,18.9,18.65,3600,20.55,1200,0,4800
IBULHSGFIN27Feb20340CE.NFO,07/01/2020,14:28:37,18.9,18.65,6000,20.6,1200,0,4800
IBULHSGFIN27Feb20340CE.NFO,07/01/2020,14:28:40,18.9,18.65,3600,20.7,1200,0,4800
IBULHSGFIN27Feb20340CE.NFO,07/01/2020,14:28:43,18.9,18.65,3600,20.65,1200,0,4800
IBULHSGFIN27Feb20340CE.NFO,07/01/2020,14:28:46,18.9,18.9,4800,20.75,1200,0,4800
IBULHSGFIN27Feb20340CE.NFO,07/01/2020,14:28:59,18.9,18.9,4800,20.7,1200,0,4800
IBULHSGFIN27Feb20340CE.NFO,07/01/2020,14:29:03,18.9,18.9,4800,20.65,1200,0,4800
IBULHSGFIN27Feb20340CE.NFO,07/01/2020,14:29:07,18.9,18.9,4800,20.75,1200,0,4800
IBULHSGFIN27Feb20340CE.NFO,07/01/2020,14:29:15,18.9,18.9,4800,20.7,1200,0,4800
IBULHSGFIN27Feb20340CE.NFO,07/01/2020,14:29:19,18.9,18.9,4800,20.75,1200,0,4800
IBULHSGFIN27Feb20340CE.NFO,07/01/2020,14:30:02,18.9,18.9,4800,20.65,1200,0,4800
IBULHSGFIN27Feb20340CE.NFO,07/01/2020,14:30:07,18.9,18.9,4800,20.75,1200,0,4800
IBULHSGFIN27Feb20340CE.NFO,07/01/2020,14:30:19,18.9,18.9,4800,20.7,1200,0,4800
IBULHSGFIN27Feb20340CE.NFO,07/01/2020,14:30:29,18.9,18.9,4800,23.45,2400,0,4800
IBULHSGFIN27Feb20340CE.NFO,07/01/2020,14:30:37,18.9,19.05,3600,23.45,2400,0,4800
IBULHSGFIN27Feb20340CE.NFO,07/01/2020,14:30:46,18.9,19.05,3600,20.95,1200,0,4800
IBULHSGFIN27Feb20340CE.NFO,07/01/2020,14:30:54,18.9,19.05,3600,20.9,1200,0,4800
IBULHSGFIN27Feb20340CE.NFO,07/01/2020,14:31:02,18.9,19.05,6000,21.15,1200,0,4800
IBULHSGFIN27Feb20340CE.NFO,07/01/2020,14:31:08,18.9,19.25,7200,21.15,1200,0,4800
IBULHSGFIN27Feb20340CE.NFO,07/01/2020,14:31:16,18.9,19.25,7200,23.45,2400,0,4800
IBULHSGFIN27Feb20340CE.NFO,07/01/2020,14:31:24,18.9,19.25,7200,21.2,1200,0,4800
IBULHSGFIN27Feb20340CE.NFO,07/01/2020,14:31:30,18.9,19.25,4800,21.2,1200,0,4800
IBULHSGFIN27Feb20340CE.NFO,07/01/2020,14:31:36,18.9,19.25,4800,21.15,1200,0,4800
IBULHSGFIN27Feb20340CE.NFO,07/01/2020,14:31:43,18.9,19.25,4800,20.95,1200,0,4800
IBULHSGFIN27Feb20340CE.NFO,07/01/2020,14:32:00,18.9,19.25,4800,20.9,1200,0,4800
IBULHSGFIN27Feb20340CE.NFO,07/01/2020,14:32:07,18.9,19.25,4800,20.8,1200,0,4800
IBULHSGFIN27Feb20340CE.NFO,07/01/2020,14:32:17,18.9,19.25,4800,20.85,1200,0,4800
IBULHSGFIN27Feb20340CE.NFO,07/01/2020,14:32:23,18.9,19.25,4800,23.45,2400,0,4800
IBULHSGFIN27Feb20340CE.NFO,07/01/2020,14:32:30,18.9,19.25,2400,20.75,1200,0,4800
IBULHSGFIN27Feb20340CE.NFO,07/01/2020,14:32:36,18.9,19.25,4800,20.85,1200,0,4800
IBULHSGFIN27Feb20340CE.NFO,07/01/2020,14:32:41,18.9,19.25,4800,20.75,1200,0,4800
IBULHSGFIN27Feb20340CE.NFO,07/01/2020,14:32:50,18.9,19.25,4800,20.85,1200,0,4800
IBULHSGFIN27Feb20340CE.NFO,07/01/2020,14:32:56,18.9,19.25,4800,20.9,1200,0,4800
IBULHSGFIN27Feb20340CE.NFO,07/01/2020,14:33:00,18.9,19.25,4800,20.85,1200,0,4800
IBULHSGFIN27Feb20340CE.NFO,07/01/2020,14:33:05,18.9,19.25,4800,20.9,1200,0,4800
IBULHSGFIN27Feb20340CE.NFO,07/01/2020,14:33:11,18.9,19.45,3600,21,1200,0,4800
IBULHSGFIN27Feb20340CE.NFO,07/01/2020,14:33:18,18.9,19.45,3600,21.1,1200,0,4800
IBULHSGFIN27Feb20340CE.NFO,07/01/2020,14:33:36,18.9,19.45,3600,20.95,1200,0,4800
IBULHSGFIN27Feb20340CE.NFO,07/01/2020,14:33:41,18.9,19.45,3600,21.15,1200,0,4800
IBULHSGFIN27Feb20340CE.NFO,07/01/2020,14:33:53,18.9,19.45,3600,21.05,1200,0,4800
IBULHSGFIN27Feb20340CE.NFO,07/01/2020,14:33:59,18.9,19.45,3600,21.2,1200,0,4800
IBULHSGFIN27Feb20340CE.NFO,07/01/2020,14:34:04,18.9,19.45,3600,21.15,1200,0,4800
IBULHSGFIN27Feb20340CE.NFO,07/01/2020,14:34:09,18.9,19.45,3600,21.2,1200,0,4800
IBULHSGFIN27Feb20340CE.NFO,07/01/2020,14:34:19,18.9,19.45,3600,21.25,1200,0,4800
IBULHSGFIN27Feb20340CE.NFO,07/01/2020,14:34:34,18.9,19.65,3600,21.25,1200,0,4800
IBULHSGFIN27Feb20340CE.NFO,07/01/2020,14:34:39,18.9,19.65,1200,21.2,1200,0,4800
IBULHSGFIN27Feb20340CE.NFO,07/01/2020,14:34:44,18.9,19.65,3600,21.15,1200,0,4800
IBULHSGFIN27Feb20340CE.NFO,07/01/2020,14:34:50,18.9,19.65,1200,23.45,2400,0,4800
IBULHSGFIN27Feb20340CE.NFO,07/01/2020,14:34:56,18.9,19.65,1200,21.15,1200,0,4800
IBULHSGFIN27Feb20340CE.NFO,07/01/2020,14:35:01,18.9,19.65,1200,21.2,1200,0,4800
IBULHSGFIN27Feb20340CE.NFO,07/01/2020,14:35:06,18.9,19.65,1200,23.45,2400,0,4800
IBULHSGFIN27Feb20340CE.NFO,07/01/2020,14:35:13,18.9,19.65,1200,21.15,1200,0,4800
IBULHSGFIN27Feb20340CE.NFO,07/01/2020,14:35:18,18.9,19.65,1200,21.2,1200,0,4800
IBULHSGFIN27Feb20340CE.NFO,07/01/2020,14:35:24,18.9,19.65,1200,23.45,2400,0,4800
IBULHSGFIN27Feb20340CE.NFO,07/01/2020,14:35:31,18.9,19.65,1200,21.2,1200,0,4800
IBULHSGFIN27Feb20340CE.NFO,07/01/2020,14:35:37,18.9,19.65,1200,21.05,1200,0,4800
IBULHSGFIN27Feb20340CE.NFO,07/01/2020,14:35:43,18.9,19.65,1200,21,1200,0,4800
IBULHSGFIN27Feb20340CE.NFO,07/01/2020,14:35:59,18.9,19.65,1200,20.95,1200,0,4800
IBULHSGFIN27Feb20340CE.NFO,07/01/2020,14:36:15,18.9,19.25,4800,21,1200,0,4800
IBULHSGFIN27Feb20340CE.NFO,07/01/2020,14:36:21,18.9,19.25,4800,20.9,1200,0,4800
IBULHSGFIN27Feb20340CE.NFO,07/01/2020,14:36:41,18.9,19.25,4800,20.95,1200,0,4800
IBULHSGFIN27Feb20340CE.NFO,07/01/2020,14:36:45,18.9,19.25,4800,20.8,1200,0,4800
IBULHSGFIN27Feb20340CE.NFO,07/01/2020,14:36:59,18.9,19.25,3600,20.95,1200,0,4800
IBULHSGFIN27Feb20340CE.NFO,07/01/2020,14:37:09,18.9,19.25,3600,21.1,1200,0,4800
IBULHSGFIN27Feb20340CE.NFO,07/01/2020,14:37:14,18.9,19.25,3600,21.05,1200,0,4800
IBULHSGFIN27Feb20340CE.NFO,07/01/2020,14:37:19,18.9,19.25,3600,23.4,1200,0,4800
IBULHSGFIN27Feb20340CE.NFO,07/01/2020,14:37:24,18.9,19.25,3600,21.1,1200,0,4800
IBULHSGFIN27Feb20340CE.NFO,07/01/2020,14:37:39,18.9,19.25,3600,21.15,1200,0,4800
IBULHSGFIN27Feb20340CE.NFO,07/01/2020,14:37:45,18.9,19.25,3600,23.4,1200,0,4800
IBULHSGFIN27Feb20340CE.NFO,07/01/2020,14:37:51,18.9,19.25,3600,21.1,1200,0,4800
IBULHSGFIN27Feb20340CE.NFO,07/01/2020,14:37:59,18.9,19.25,6000,21.4,1200,0,4800
IBULHSGFIN27Feb20340CE.NFO,07/01/2020,14:38:05,18.9,19.25,6000,21.3,1200,0,4800
IBULHSGFIN27Feb20340CE.NFO,07/01/2020,14:38:10,18.9,19.25,3600,21.25,1200,0,4800
IBULHSGFIN27Feb20340CE.NFO,07/01/2020,14:38:18,18.9,19.25,3600,21.1,1200,0,4800
IBULHSGFIN27Feb20340CE.NFO,07/01/2020,14:38:22,18.9,19.25,3600,21.2,1200,0,4800
IBULHSGFIN27Feb20340CE.NFO,07/01/2020,14:38:28,18.9,19.25,3600,21.1,1200,0,4800
IBULHSGFIN27Feb20340CE.NFO,07/01/2020,14:38:33,18.9,19.25,3600,21.15,1200,0,4800
IBULHSGFIN27Feb20340CE.NFO,07/01/2020,14:38:37,18.9,19.25,3600,21.1,1200,0,4800
IBULHSGFIN27Feb20340CE.NFO,07/01/2020,14:38:43,18.9,19.25,6000,21.2,1200,0,4800
IBULHSGFIN27Feb20340CE.NFO,07/01/2020,14:38:50,18.9,19.25,3600,21.2,1200,0,4800
IBULHSGFIN27Feb20340CE.NFO,07/01/2020,14:38:55,18.9,19.25,3600,21.1,1200,0,4800
IBULHSGFIN27Feb20340CE.NFO,07/01/2020,14:39:00,18.9,19.25,3600,21.15,1200,0,4800
IBULHSGFIN27Feb20340CE.NFO,07/01/2020,14:39:10,18.9,19.25,3600,21.05,1200,0,4800
IBULHSGFIN27Feb20340CE.NFO,07/01/2020,14:39:16,18.9,19.25,3600,23.45,2400,0,4800
IBULHSGFIN27Feb20340CE.NFO,07/01/2020,14:39:22,18.9,19.25,3600,21.1,1200,0,4800
IBULHSGFIN27Feb20340CE.NFO,07/01/2020,14:39:30,18.9,19.25,6000,21.3,1200,0,4800
IBULHSGFIN27Feb20340CE.NFO,07/01/2020,14:39:36,18.9,19.25,6000,21.1,1200,0,4800
IBULHSGFIN27Feb20340CE.NFO,07/01/2020,14:39:43,18.9,19.25,6000,21.15,1200,0,4800
IBULHSGFIN27Feb20340CE.NFO,07/01/2020,14:39:48,18.9,19.25,6000,21.1,1200,0,4800
IBULHSGFIN27Feb20340CE.NFO,07/01/2020,14:39:53,18.9,19.25,6000,21.15,1200,0,4800
IBULHSGFIN27Feb20340CE.NFO,07/01/2020,14:39:58,18.9,19.25,6000,21.1,1200,0,4800
IBULHSGFIN27Feb20340CE.NFO,07/01/2020,14:40:03,18.9,19.25,6000,21.05,1200,0,4800
IBULHSGFIN27Feb20340CE.NFO,07/01/2020,14:40:09,18.9,19.25,3600,21.05,1200,0,4800
IBULHSGFIN27Feb20340CE.NFO,07/01/2020,14:40:13,18.9,19.25,6000,21.1,1200,0,4800
IBULHSGFIN27Feb20340CE.NFO,07/01/2020,14:40:21,18.9,19.25,6000,21,1200,0,4800
IBULHSGFIN27Feb20340CE.NFO,07/01/2020,14:40:25,18.9,19.25,6000,21.1,1200,0,4800
IBULHSGFIN27Feb20340CE.NFO,07/01/2020,14:40:37,18.9,19.25,6000,21.2,1200,0,4800
IBULHSGFIN27Feb20340CE.NFO,07/01/2020,14:40:41,18.9,19.25,6000,21.15,1200,0,4800
IBULHSGFIN27Feb20340CE.NFO,07/01/2020,14:40:44,18.9,19.65,6000,21.35,1200,0,4800
IBULHSGFIN27Feb20340CE.NFO,07/01/2020,14:40:49,18.9,19.65,3600,21.35,1200,0,4800
IBULHSGFIN27Feb20340CE.NFO,07/01/2020,14:40:57,18.9,19.65,3600,21.3,1200,0,4800
IBULHSGFIN27Feb20340CE.NFO,07/01/2020,14:41:01,18.9,19.65,3600,21.25,1200,0,4800
IBULHSGFIN27Feb20340CE.NFO,07/01/2020,14:41:06,18.9,19.65,3600,21.35,1200,0,4800
IBULHSGFIN27Feb20340CE.NFO,07/01/2020,14:41:11,18.9,19.65,3600,21.25,1200,0,4800
IBULHSGFIN27Feb20340CE.NFO,07/01/2020,14:41:15,18.9,19.65,3600,21.35,1200,0,4800
IBULHSGFIN27Feb20340CE.NFO,07/01/2020,14:41:20,18.9,19.65,3600,21.25,1200,0,4800
IBULHSGFIN27Feb20340CE.NFO,07/01/2020,14:41:24,18.9,19.65,3600,21.15,1200,0,4800
IBULHSGFIN27Feb20340CE.NFO,07/01/2020,14:41:34,18.9,19.65,3600,23.4,1200,0,4800
IBULHSGFIN27Feb20340CE.NFO,07/01/2020,14:41:39,18.9,19.65,3600,21.1,1200,0,4800
IBULHSGFIN27Feb20340CE.NFO,07/01/2020,14:41:45,18.9,19.45,3600,21.2,1200,0,4800
IBULHSGFIN27Feb20340CE.NFO,07/01/2020,14:41:50,18.9,19.45,3600,21.1,1200,0,4800
IBULHSGFIN27Feb20340CE.NFO,07/01/2020,14:41:54,18.9,19.45,3600,21.15,1200,0,4800
IBULHSGFIN27Feb20340CE.NFO,07/01/2020,14:41:59,18.9,19.45,3600,21.2,1200,0,4800
IBULHSGFIN27Feb20340CE.NFO,07/01/2020,14:42:04,18.9,19.45,3600,21.15,1200,0,4800
IBULHSGFIN27Feb20340CE.NFO,07/01/2020,14:42:12,18.9,19.45,3600,21.1,1200,0,4800
IBULHSGFIN27Feb20340CE.NFO,07/01/2020,14:42:29,18.9,19.45,3600,21.05,1200,0,4800
IBULHSGFIN27Feb20340CE.NFO,07/01/2020,14:42:33,18.9,19.45,3600,21.1,1200,0,4800
IBULHSGFIN27Feb20340CE.NFO,07/01/2020,14:42:37,18.9,19.25,3600,21.05,1200,0,4800
IBULHSGFIN27Feb20340CE.NFO,07/01/2020,14:42:43,18.9,19.25,3600,21.1,1200,0,4800
IBULHSGFIN27Feb20340CE.NFO,07/01/2020,14:42:47,18.9,19.25,3600,21,1200,0,4800
IBULHSGFIN27Feb20340CE.NFO,07/01/2020,14:42:52,18.9,19.25,3600,20.95,1200,0,4800
IBULHSGFIN27Feb20340CE.NFO,07/01/2020,14:42:58,18.9,19.05,3600,20.9,1200,0,4800
IBULHSGFIN27Feb20340CE.NFO,07/01/2020,14:43:04,18.9,19.05,3600,20.75,1200,0,4800
IBULHSGFIN27Feb20340CE.NFO,07/01/2020,14:43:14,18.9,19.05,3600,20.85,1200,0,4800
IBULHSGFIN27Feb20340CE.NFO,07/01/2020,14:43:19,18.9,19.05,3600,20.75,1200,0,4800
IBULHSGFIN27Feb20340CE.NFO,07/01/2020,14:43:29,18.9,19.05,3600,20.7,1200,0,4800
IBULHSGFIN27Feb20340CE.NFO,07/01/2020,14:43:33,18.9,19.05,3600,23.4,1200,0,4800
IBULHSGFIN27Feb20340CE.NFO,07/01/2020,14:43:44,18.9,19.05,3600,20.65,1200,0,4800
IBULHSGFIN27Feb20340CE.NFO,07/01/2020,14:44:00,18.9,19.05,3600,23.4,1200,0,4800
IBULHSGFIN27Feb20340CE.NFO,07/01/2020,14:44:06,18.9,19.05,3600,20.65,1200,0,4800
IBULHSGFIN27Feb20340CE.NFO,07/01/2020,14:44:12,18.9,19.05,3600,20.6,1200,0,4800
IBULHSGFIN27Feb20340CE.NFO,07/01/2020,14:44:16,18.9,19.05,2400,20.65,1200,0,4800
IBULHSGFIN27Feb20340CE.NFO,07/01/2020,14:44:21,18.9,19.05,2400,20.55,1200,0,4800
IBULHSGFIN27Feb20340CE.NFO,07/01/2020,14:44:25,18.9,18.9,3600,20.6,1200,0,4800
IBULHSGFIN27Feb20340CE.NFO,07/01/2020,14:44:33,18.9,18.7,6000,20.5,1200,0,4800
IBULHSGFIN27Feb20340CE.NFO,07/01/2020,14:44:49,18.9,18.7,6000,20.4,1200,0,4800
IBULHSGFIN27Feb20340CE.NFO,07/01/2020,14:44:52,18.9,18.7,3600,20.45,1200,0,4800
IBULHSGFIN27Feb20340CE.NFO,07/01/2020,14:44:56,18.9,18.7,6000,20.55,1200,0,4800
IBULHSGFIN27Feb20340CE.NFO,07/01/2020,14:45:01,18.9,18.7,6000,20.6,1200,0,4800
IBULHSGFIN27Feb20340CE.NFO,07/01/2020,14:45:08,18.9,18.7,3600,23.45,2400,0,4800
IBULHSGFIN27Feb20340CE.NFO,07/01/2020,14:45:17,18.9,18.7,2400,20.35,1200,0,4800
IBULHSGFIN27Feb20340CE.NFO,07/01/2020,14:45:25,18.9,18.55,3600,20.25,1200,0,4800
IBULHSGFIN27Feb20340CE.NFO,07/01/2020,14:45:32,18.9,18.35,3600,20.1,1200,0,4800
IBULHSGFIN27Feb20340CE.NFO,07/01/2020,14:45:38,18.9,18.35,3600,20.15,1200,0,4800
IBULHSGFIN27Feb20340CE.NFO,07/01/2020,14:45:44,18.9,18.55,3600,20.2,1200,0,4800
IBULHSGFIN27Feb20340CE.NFO,07/01/2020,14:45:50,18.9,18.4,1200,20.05,1200,0,4800
IBULHSGFIN27Feb20340CE.NFO,07/01/2020,14:45:56,18.9,18.3,3600,21.15,1200,0,4800
IBULHSGFIN27Feb20340CE.NFO,07/01/2020,14:46:04,18.9,18.2,3600,20.15,1200,0,4800
IBULHSGFIN27Feb20340CE.NFO,07/01/2020,14:46:10,18.9,18.4,3600,35.6,3600,0,4800
IBULHSGFIN27Feb20340CE.NFO,07/01/2020,14:46:17,18.9,18.4,3600,20.15,1200,0,4800
IBULHSGFIN27Feb20340CE.NFO,07/01/2020,14:46:29,18.9,18.4,3600,20.25,1200,0,4800
IBULHSGFIN27Feb20340CE.NFO,07/01/2020,14:46:34,18.9,18.4,3600,20.15,1200,0,4800
IBULHSGFIN27Feb20340CE.NFO,07/01/2020,14:46:39,18.9,18.4,3600,20.2,1200,0,4800
IBULHSGFIN27Feb20340CE.NFO,07/01/2020,14:46:51,18.9,18.4,3600,20.25,1200,0,4800
IBULHSGFIN27Feb20340CE.NFO,07/01/2020,14:46:58,18.9,18.4,3600,20.05,1200,0,4800
IBULHSGFIN27Feb20340CE.NFO,07/01/2020,14:47:04,18.9,18.2,3600,20,1200,0,4800
IBULHSGFIN27Feb20340CE.NFO,07/01/2020,14:47:10,18.9,18.2,3600,20.05,1200,0,4800
IBULHSGFIN27Feb20340CE.NFO,07/01/2020,14:47:16,18.9,18.2,3600,20,1200,0,4800
IBULHSGFIN27Feb20340CE.NFO,07/01/2020,14:47:22,18.9,18.2,3600,19.9,1200,0,4800
IBULHSGFIN27Feb20340CE.NFO,07/01/2020,14:47:28,18.9,18.2,3600,20.05,1200,0,4800
IBULHSGFIN27Feb20340CE.NFO,07/01/2020,14:47:34,18.9,18.2,3600,20.15,1200,0,4800
IBULHSGFIN27Feb20340CE.NFO,07/01/2020,14:47:39,18.9,18.2,3600,20,1200,0,4800
IBULHSGFIN27Feb20340CE.NFO,07/01/2020,14:47:44,18.9,18.2,3600,19.85,1200,0,4800
IBULHSGFIN27Feb20340CE.NFO,07/01/2020,14:47:48,18.9,18.2,3600,19.95,1200,0,4800
IBULHSGFIN27Feb20340CE.NFO,07/01/2020,14:47:53,18.9,18.2,3600,19.9,1200,0,4800
IBULHSGFIN27Feb20340CE.NFO,07/01/2020,14:48:02,18.9,18.2,3600,19.85,1200,0,4800
IBULHSGFIN27Feb20340CE.NFO,07/01/2020,14:48:06,18.9,18.2,3600,19.9,1200,0,4800
IBULHSGFIN27Feb20340CE.NFO,07/01/2020,14:48:12,18.9,18.2,3600,20.05,1200,0,4800
IBULHSGFIN27Feb20340CE.NFO,07/01/2020,14:48:17,18.9,18.2,3600,20,1200,0,4800
IBULHSGFIN27Feb20340CE.NFO,07/01/2020,14:48:22,18.9,18.2,3600,20.15,1200,0,4800
IBULHSGFIN27Feb20340CE.NFO,07/01/2020,14:48:28,18.9,18.2,3600,20.05,1200,0,4800
IBULHSGFIN27Feb20340CE.NFO,07/01/2020,14:48:34,18.9,18.2,3600,20,1200,0,4800
IBULHSGFIN27Feb20340CE.NFO,07/01/2020,14:48:39,18.9,18.2,3600,19.95,1200,0,4800
IBULHSGFIN27Feb20340CE.NFO,07/01/2020,14:48:44,18.9,18.2,3600,20.1,1200,0,4800
IBULHSGFIN27Feb20340CE.NFO,07/01/2020,14:48:58,18.9,18.2,3600,20,1200,0,4800
IBULHSGFIN27Feb20340CE.NFO,07/01/2020,14:49:02,18.9,18.2,3600,21.05,3600,0,4800
IBULHSGFIN27Feb20340CE.NFO,07/01/2020,14:49:07,18.9,18,3600,19.95,1200,0,4800
IBULHSGFIN27Feb20340CE.NFO,07/01/2020,14:49:12,18.9,18,3600,20.05,1200,0,4800
IBULHSGFIN27Feb20340CE.NFO,07/01/2020,14:49:17,18.9,18,3600,20,1200,0,4800
IBULHSGFIN27Feb20340CE.NFO,07/01/2020,14:49:22,18.9,18,3600,20.05,1200,0,4800
IBULHSGFIN27Feb20340CE.NFO,07/01/2020,14:49:26,18.9,18,4800,19.95,1200,0,4800
IBULHSGFIN27Feb20340CE.NFO,07/01/2020,14:49:38,18.9,18,4800,20.05,1200,0,4800
IBULHSGFIN27Feb20340CE.NFO,07/01/2020,14:49:50,18.9,18,4800,20,1200,0,4800
IBULHSGFIN27Feb20340CE.NFO,07/01/2020,14:49:55,18.9,18.2,3600,20.1,1200,0,4800
IBULHSGFIN27Feb20340CE.NFO,07/01/2020,14:49:59,18.9,18.2,3600,20.15,1200,0,4800
IBULHSGFIN27Feb20340CE.NFO,07/01/2020,14:50:04,18.9,18.35,3600,20.35,1200,0,4800
IBULHSGFIN27Feb20340CE.NFO,07/01/2020,14:50:09,18.9,18.35,3600,20.3,1200,0,4800
IBULHSGFIN27Feb20340CE.NFO,07/01/2020,14:50:14,18.9,18.35,3600,20.25,1200,0,4800
IBULHSGFIN27Feb20340CE.NFO,07/01/2020,14:50:20,18.9,18.35,3600,20.3,1200,0,4800
IBULHSGFIN27Feb20340CE.NFO,07/01/2020,14:50:26,18.9,18.35,3600,20.25,1200,0,4800
IBULHSGFIN27Feb20340CE.NFO,07/01/2020,14:50:31,18.9,18.35,3600,20.2,1200,0,4800
IBULHSGFIN27Feb20340CE.NFO,07/01/2020,14:50:36,18.9,18.35,3600,21.25,6000,0,4800
IBULHSGFIN27Feb20340CE.NFO,07/01/2020,14:50:42,18.9,18.35,3600,20.2,1200,0,4800
IBULHSGFIN27Feb20340CE.NFO,07/01/2020,14:50:53,18.9,18.35,3600,20.25,1200,0,4800
IBULHSGFIN27Feb20340CE.NFO,07/01/2020,14:50:58,18.9,18.35,3600,20.2,1200,0,4800
IBULHSGFIN27Feb20340CE.NFO,07/01/2020,14:51:04,18.9,18.2,3600,20.2,1200,0,4800
IBULHSGFIN27Feb20340CE.NFO,07/01/2020,14:51:10,18.9,18.2,3600,20.25,1200,0,4800
IBULHSGFIN27Feb20340CE.NFO,07/01/2020,14:51:15,18.9,18.2,3600,20.2,1200,0,4800
IBULHSGFIN27Feb20340CE.NFO,07/01/2020,14:51:28,18.9,18.2,3600,20.25,1200,0,4800
IBULHSGFIN27Feb20340CE.NFO,07/01/2020,14:51:33,18.9,18.2,3600,20.3,1200,0,4800
IBULHSGFIN27Feb20340CE.NFO,07/01/2020,14:51:48,18.9,18.35,3600,20.3,1200,0,4800
IBULHSGFIN27Feb20340CE.NFO,07/01/2020,14:51:53,18.9,18.35,3600,20.35,1200,0,4800
IBULHSGFIN27Feb20340CE.NFO,07/01/2020,14:52:09,18.9,18.35,3600,20.4,1200,0,4800
IBULHSGFIN27Feb20340CE.NFO,07/01/2020,14:52:13,18.9,18.35,3600,20.5,1200,0,4800
IBULHSGFIN27Feb20340CE.NFO,07/01/2020,14:52:17,18.9,18.35,3600,20.45,1200,0,4800
IBULHSGFIN27Feb20340CE.NFO,07/01/2020,14:52:32,18.9,18.35,3600,20.55,1200,0,4800
IBULHSGFIN27Feb20340CE.NFO,07/01/2020,14:52:42,18.9,18.35,3600,20.5,1200,0,4800
IBULHSGFIN27Feb20340CE.NFO,07/01/2020,14:52:52,18.9,18.35,3600,20.6,1200,0,4800
IBULHSGFIN27Feb20340CE.NFO,07/01/2020,14:52:56,18.9,18.35,3600,20.65,1200,0,4800
IBULHSGFIN27Feb20340CE.NFO,07/01/2020,14:53:02,18.9,18.35,6000,20.6,1200,0,4800
IBULHSGFIN27Feb20340CE.NFO,07/01/2020,14:53:09,18.9,18.35,3600,20.6,1200,0,4800
IBULHSGFIN27Feb20340CE.NFO,07/01/2020,14:53:16,18.9,18.35,6000,20.65,1200,0,4800
IBULHSGFIN27Feb20340CE.NFO,07/01/2020,14:53:23,18.9,18.55,3600,20.55,1200,0,4800
IBULHSGFIN27Feb20340CE.NFO,07/01/2020,14:53:46,18.9,18.55,6000,20.8,1200,0,4800
IBULHSGFIN27Feb20340CE.NFO,07/01/2020,14:53:53,18.9,18.7,3600,20.75,1200,0,4800
IBULHSGFIN27Feb20340CE.NFO,07/01/2020,14:54:00,18.9,18.9,2400,20.75,1200,0,4800
IBULHSGFIN27Feb20340CE.NFO,07/01/2020,14:54:07,18.9,18.9,2400,20.7,1200,0,4800
IBULHSGFIN27Feb20340CE.NFO,07/01/2020,14:54:12,18.9,18.9,2400,20.8,1200,0,4800
IBULHSGFIN27Feb20340CE.NFO,07/01/2020,14:54:24,18.9,18.7,3600,20.7,1200,0,4800
IBULHSGFIN27Feb20340CE.NFO,07/01/2020,14:54:37,18.9,18.7,3600,20.65,1200,0,4800
IBULHSGFIN27Feb20340CE.NFO,07/01/2020,14:54:44,18.9,18.7,3600,20.6,1200,0,4800
IBULHSGFIN27Feb20340CE.NFO,07/01/2020,14:54:50,18.9,18.7,3600,20.7,1200,0,4800
IBULHSGFIN27Feb20340CE.NFO,07/01/2020,14:54:55,18.9,18.7,3600,20.6,1200,0,4800
IBULHSGFIN27Feb20340CE.NFO,07/01/2020,14:55:41,18.9,18.7,3600,20.55,1200,0,4800
IBULHSGFIN27Feb20340CE.NFO,07/01/2020,14:56:07,18.9,18.7,3600,20.45,1200,0,4800
IBULHSGFIN27Feb20340CE.NFO,07/01/2020,14:56:13,18.9,18.55,3600,20.35,1200,0,4800
IBULHSGFIN27Feb20340CE.NFO,07/01/2020,14:56:25,18.9,18.55,3600,20.65,1200,0,4800
IBULHSGFIN27Feb20340CE.NFO,07/01/2020,14:56:30,18.9,18.55,3600,20.45,1200,0,4800
IBULHSGFIN27Feb20340CE.NFO,07/01/2020,14:56:35,18.9,18.55,3600,20.55,1200,0,4800
IBULHSGFIN27Feb20340CE.NFO,07/01/2020,14:56:39,18.9,18.55,3600,20.5,1200,0,4800
IBULHSGFIN27Feb20340CE.NFO,07/01/2020,14:56:44,18.9,18.55,3600,20.55,1200,0,4800
IBULHSGFIN27Feb20340CE.NFO,07/01/2020,14:56:48,18.9,18.8,3600,20.85,1200,0,4800
IBULHSGFIN27Feb20340CE.NFO,07/01/2020,14:56:52,18.9,18.8,3600,20.8,1200,0,4800
IBULHSGFIN27Feb20340CE.NFO,07/01/2020,14:57:02,18.9,18.8,3600,20.75,1200,0,4800
IBULHSGFIN27Feb20340CE.NFO,07/01/2020,14:57:12,18.9,18.8,3600,20.8,1200,0,4800
IBULHSGFIN27Feb20340CE.NFO,07/01/2020,14:57:18,18.9,18.8,3600,20.75,1200,0,4800
IBULHSGFIN27Feb20340CE.NFO,07/01/2020,14:57:29,18.9,18.8,3600,20.8,1200,0,4800
IBULHSGFIN27Feb20340CE.NFO,07/01/2020,14:57:34,18.9,18.8,3600,20.75,1200,0,4800
IBULHSGFIN27Feb20340CE.NFO,07/01/2020,14:57:45,18.9,18.8,3600,20.7,1200,0,4800
IBULHSGFIN27Feb20340CE.NFO,07/01/2020,14:58:02,18.9,18.8,3600,20.65,1200,0,4800
IBULHSGFIN27Feb20340CE.NFO,07/01/2020,14:58:08,18.9,18.55,3600,20.6,1200,0,4800
IBULHSGFIN27Feb20340CE.NFO,07/01/2020,14:58:13,18.9,18.8,3600,20.7,1200,0,4800
IBULHSGFIN27Feb20340CE.NFO,07/01/2020,14:58:18,18.9,18.8,6000,20.85,1200,0,4800
IBULHSGFIN27Feb20340CE.NFO,07/01/2020,14:58:23,18.9,18.8,3600,20.85,1200,0,4800
IBULHSGFIN27Feb20340CE.NFO,07/01/2020,14:58:27,18.9,18.8,3600,20.8,1200,0,4800
IBULHSGFIN27Feb20340CE.NFO,07/01/2020,14:58:41,18.9,18.8,3600,20.75,1200,0,4800
IBULHSGFIN27Feb20340CE.NFO,07/01/2020,14:58:45,18.9,18.8,3600,20.8,1200,0,4800
IBULHSGFIN27Feb20340CE.NFO,07/01/2020,14:58:54,18.9,18.8,3600,20.75,1200,0,4800
IBULHSGFIN27Feb20340CE.NFO,07/01/2020,14:58:58,18.9,18.8,3600,20.8,1200,0,4800
IBULHSGFIN27Feb20340CE.NFO,07/01/2020,14:59:04,18.9,18.8,3600,20.65,1200,0,4800
IBULHSGFIN27Feb20340CE.NFO,07/01/2020,14:59:23,18.9,18.8,3600,20.7,1200,0,4800
IBULHSGFIN27Feb20340CE.NFO,07/01/2020,14:59:27,18.9,18.8,3600,20.65,1200,0,4800
IBULHSGFIN27Feb20340CE.NFO,07/01/2020,14:59:31,18.9,18.8,3600,20.7,1200,0,4800
IBULHSGFIN27Feb20340CE.NFO,07/01/2020,14:59:36,18.9,18.8,3600,20.6,1200,0,4800
IBULHSGFIN27Feb20340CE.NFO,07/01/2020,14:59:59,18.9,18.8,3600,20.65,1200,0,4800
IBULHSGFIN27Feb20340CE.NFO,07/01/2020,15:00:08,18.9,18.8,6000,20.9,1200,0,4800
IBULHSGFIN27Feb20340CE.NFO,07/01/2020,15:00:24,18.9,18.8,6000,36.2,3600,0,4800
IBULHSGFIN27Feb20340CE.NFO,07/01/2020,15:00:31,18.9,18.8,6000,20.8,1200,0,4800
IBULHSGFIN27Feb20340CE.NFO,07/01/2020,15:00:44,18.9,18.8,3600,20.75,1200,0,4800
IBULHSGFIN27Feb20340CE.NFO,07/01/2020,15:00:50,18.9,18.8,3600,36.05,3600,0,4800
IBULHSGFIN27Feb20340CE.NFO,07/01/2020,15:00:55,18.9,18.8,3600,20.6,1200,0,4800
IBULHSGFIN27Feb20340CE.NFO,07/01/2020,15:01:01,18.9,18.8,3600,20.5,1200,0,4800
IBULHSGFIN27Feb20340CE.NFO,07/01/2020,15:01:17,18.9,18.8,3600,20.4,1200,0,4800
IBULHSGFIN27Feb20340CE.NFO,07/01/2020,15:01:37,18.9,18.8,3600,20.5,1200,0,4800
IBULHSGFIN27Feb20340CE.NFO,07/01/2020,15:01:48,18.9,18.8,3600,20.4,1200,0,4800
IBULHSGFIN27Feb20340CE.NFO,07/01/2020,15:01:54,18.9,18.8,3600,20.5,1200,0,4800
IBULHSGFIN27Feb20340CE.NFO,07/01/2020,15:01:58,18.9,18.8,3600,20.4,1200,0,4800
IBULHSGFIN27Feb20340CE.NFO,07/01/2020,15:02:02,18.9,18.6,3600,20.4,1200,0,4800
IBULHSGFIN27Feb20340CE.NFO,07/01/2020,15:02:07,18.9,18.6,3600,20.45,1200,0,4800
IBULHSGFIN27Feb20340CE.NFO,07/01/2020,15:02:13,18.9,18.6,3600,20.35,1200,0,4800
IBULHSGFIN27Feb20340CE.NFO,07/01/2020,15:02:19,18.9,18.6,3600,20.3,1200,0,4800
IBULHSGFIN27Feb20340CE.NFO,07/01/2020,15:02:25,18.9,18.6,3600,20.4,1200,0,4800
IBULHSGFIN27Feb20340CE.NFO,07/01/2020,15:02:30,18.9,18.6,3600,20.5,1200,0,4800
IBULHSGFIN27Feb20340CE.NFO,07/01/2020,15:02:36,18.9,18.6,3600,20.45,1200,0,4800
IBULHSGFIN27Feb20340CE.NFO,07/01/2020,15:02:45,18.9,18.6,3600,20.35,1200,0,4800
IBULHSGFIN27Feb20340CE.NFO,07/01/2020,15:03:01,18.9,18.6,6000,20.5,1200,0,4800
IBULHSGFIN27Feb20340CE.NFO,07/01/2020,15:03:06,18.9,18.6,3600,20.45,1200,0,4800
IBULHSGFIN27Feb20340CE.NFO,07/01/2020,15:03:17,18.9,18.6,6000,20.45,1200,0,4800
IBULHSGFIN27Feb20340CE.NFO,07/01/2020,15:03:23,18.9,18.6,6000,20.4,1200,0,4800
IBULHSGFIN27Feb20340CE.NFO,07/01/2020,15:03:28,18.9,18.6,6000,20.45,1200,0,4800
IBULHSGFIN27Feb20340CE.NFO,07/01/2020,15:03:53,18.9,18.6,3600,35.9,3600,0,4800
IBULHSGFIN27Feb20340CE.NFO,07/01/2020,15:04:01,18.9,18.6,3600,20.2,1200,0,4800
IBULHSGFIN27Feb20340CE.NFO,07/01/2020,15:04:08,18.9,18.6,3600,20.25,1200,0,4800
IBULHSGFIN27Feb20340CE.NFO,07/01/2020,15:04:14,18.9,18.6,3600,20.2,1200,0,4800
IBULHSGFIN27Feb20340CE.NFO,07/01/2020,15:04:20,18.9,18.6,3600,20.25,1200,0,4800
IBULHSGFIN27Feb20340CE.NFO,07/01/2020,15:04:25,18.9,18.6,3600,20.15,1200,0,4800
IBULHSGFIN27Feb20340CE.NFO,07/01/2020,15:04:42,18.9,18.6,3600,20.4,1200,0,4800
IBULHSGFIN27Feb20340CE.NFO,07/01/2020,15:04:52,18.9,18.6,3600,20.3,1200,0,4800
IBULHSGFIN27Feb20340CE.NFO,07/01/2020,15:04:56,18.9,18.6,3600,20.35,1200,0,4800
IBULHSGFIN27Feb20340CE.NFO,07/01/2020,15:05:00,18.9,18.6,3600,20.3,1200,0,4800
IBULHSGFIN27Feb20340CE.NFO,07/01/2020,15:05:04,18.9,18.6,3600,20.4,1200,0,4800
IBULHSGFIN27Feb20340CE.NFO,07/01/2020,15:05:12,18.9,18.6,3600,20.35,1200,0,4800
IBULHSGFIN27Feb20340CE.NFO,07/01/2020,15:05:17,18.9,18.6,3600,20.3,1200,0,4800
IBULHSGFIN27Feb20340CE.NFO,07/01/2020,15:05:21,18.9,18.6,3600,20.25,1200,0,4800
IBULHSGFIN27Feb20340CE.NFO,07/01/2020,15:05:26,18.9,18.6,3600,20.3,1200,0,4800
IBULHSGFIN27Feb20340CE.NFO,07/01/2020,15:05:31,18.9,18.6,3600,20.25,1200,0,4800
IBULHSGFIN27Feb20340CE.NFO,07/01/2020,15:05:46,18.9,18.6,3600,20.2,1200,0,4800
IBULHSGFIN27Feb20340CE.NFO,07/01/2020,15:05:51,18.9,18.6,3600,20.25,1200,0,4800
IBULHSGFIN27Feb20340CE.NFO,07/01/2020,15:05:56,18.9,18.6,3600,20.1,1200,0,4800
IBULHSGFIN27Feb20340CE.NFO,07/01/2020,15:06:00,18.9,18.6,3600,20.15,1200,0,4800
IBULHSGFIN27Feb20340CE.NFO,07/01/2020,15:06:06,18.9,18.6,3600,20.2,1200,0,4800
IBULHSGFIN27Feb20340CE.NFO,07/01/2020,15:06:11,18.9,18.6,3600,20.15,1200,0,4800
IBULHSGFIN27Feb20340CE.NFO,07/01/2020,15:06:21,18.9,18.6,3600,20.2,1200,0,4800
IBULHSGFIN27Feb20340CE.NFO,07/01/2020,15:06:26,18.9,18.6,3600,20.15,1200,0,4800
IBULHSGFIN27Feb20340CE.NFO,07/01/2020,15:06:54,18.9,18.6,3600,20.2,1200,0,4800
IBULHSGFIN27Feb20340CE.NFO,07/01/2020,15:06:59,18.9,18.6,3600,20.1,1200,0,4800
IBULHSGFIN27Feb20340CE.NFO,07/01/2020,15:07:04,18.9,18.6,6000,20.35,1200,0,4800
IBULHSGFIN27Feb20340CE.NFO,07/01/2020,15:07:11,18.9,18.6,6000,20.45,1200,0,4800
IBULHSGFIN27Feb20340CE.NFO,07/01/2020,15:07:17,18.9,18.6,6000,20.4,1200,0,4800
IBULHSGFIN27Feb20340CE.NFO,07/01/2020,15:07:29,18.9,18.6,6000,20.35,1200,0,4800
IBULHSGFIN27Feb20340CE.NFO,07/01/2020,15:07:34,18.9,18.6,6000,20.4,1200,0,4800
IBULHSGFIN27Feb20340CE.NFO,07/01/2020,15:07:39,18.9,18.6,6000,20.55,1200,0,4800
IBULHSGFIN27Feb20340CE.NFO,07/01/2020,15:07:44,18.9,18.6,6000,20.25,1200,0,4800
IBULHSGFIN27Feb20340CE.NFO,07/01/2020,15:07:55,18.9,18.6,6000,20.45,1200,0,4800
IBULHSGFIN27Feb20340CE.NFO,07/01/2020,15:08:00,18.9,18.6,6000,20.35,1200,0,4800
IBULHSGFIN27Feb20340CE.NFO,07/01/2020,15:08:11,18.9,18.6,6000,20.4,1200,0,4800
IBULHSGFIN27Feb20340CE.NFO,07/01/2020,15:08:16,18.9,18.6,6000,20.35,1200,0,4800
IBULHSGFIN27Feb20340CE.NFO,07/01/2020,15:08:22,18.9,18.6,6000,20.4,1200,0,4800
IBULHSGFIN27Feb20340CE.NFO,07/01/2020,15:08:27,18.9,18.6,6000,20.35,1200,0,4800
IBULHSGFIN27Feb20340CE.NFO,07/01/2020,15:08:47,18.9,18.6,3600,20.3,1200,0,4800
IBULHSGFIN27Feb20340CE.NFO,07/01/2020,15:08:52,18.9,18.6,3600,20.2,1200,0,4800
IBULHSGFIN27Feb20340CE.NFO,07/01/2020,15:08:56,18.9,18.6,3600,20.25,1200,0,4800
IBULHSGFIN27Feb20340CE.NFO,07/01/2020,15:09:01,18.9,18.6,6000,20.2,1200,0,4800
IBULHSGFIN27Feb20340CE.NFO,07/01/2020,15:09:06,18.9,18.6,6000,20.25,1200,0,4800
IBULHSGFIN27Feb20340CE.NFO,07/01/2020,15:09:11,18.9,18.6,3600,20.2,1200,0,4800
IBULHSGFIN27Feb20340CE.NFO,07/01/2020,15:09:27,18.9,18.6,3600,20.25,1200,0,4800
IBULHSGFIN27Feb20340CE.NFO,07/01/2020,15:09:34,18.9,18.6,3600,20.2,1200,0,4800
IBULHSGFIN27Feb20340CE.NFO,07/01/2020,15:09:45,18.9,18.6,3600,20.3,1200,0,4800
IBULHSGFIN27Feb20340CE.NFO,07/01/2020,15:10:03,18.9,18.6,3600,20.4,1200,0,4800
IBULHSGFIN27Feb20340CE.NFO,07/01/2020,15:10:09,18.9,18.6,6000,20.3,1200,0,4800
IBULHSGFIN27Feb20340CE.NFO,07/01/2020,15:10:36,18.9,18.6,3600,20.3,1200,0,4800
IBULHSGFIN27Feb20340CE.NFO,07/01/2020,15:10:57,18.9,18.6,6000,20.3,1200,0,4800
IBULHSGFIN27Feb20340CE.NFO,07/01/2020,15:11:03,18.9,18.6,6000,20.4,1200,0,4800
IBULHSGFIN27Feb20340CE.NFO,07/01/2020,15:11:08,18.9,18.6,6000,20.35,1200,0,4800
IBULHSGFIN27Feb20340CE.NFO,07/01/2020,15:11:14,18.9,18.6,6000,20.4,1200,0,4800
IBULHSGFIN27Feb20340CE.NFO,07/01/2020,15:11:27,18.9,18.6,6000,20.2,1200,0,4800
IBULHSGFIN27Feb20340CE.NFO,07/01/2020,15:11:35,18.9,18.6,3600,20.15,1200,0,4800
IBULHSGFIN27Feb20340CE.NFO,07/01/2020,15:11:42,18.9,18.6,1200,20.15,1200,0,4800
IBULHSGFIN27Feb20340CE.NFO,07/01/2020,15:11:48,18.9,18.6,1200,20.25,1200,0,4800
IBULHSGFIN27Feb20340CE.NFO,07/01/2020,15:11:54,18.9,18.6,1200,20.3,1200,0,4800
IBULHSGFIN27Feb20340CE.NFO,07/01/2020,15:11:59,18.9,18.6,1200,20.15,1200,0,4800
IBULHSGFIN27Feb20340CE.NFO,07/01/2020,15:12:05,18.9,18.6,1200,20.2,1200,0,4800
IBULHSGFIN27Feb20340CE.NFO,07/01/2020,15:12:10,18.9,18.6,1200,20.25,1200,0,4800
IBULHSGFIN27Feb20340CE.NFO,07/01/2020,15:12:20,18.9,18.6,1200,20.3,1200,0,4800
IBULHSGFIN27Feb20340CE.NFO,07/01/2020,15:12:24,18.9,18.6,1200,20.25,1200,0,4800
IBULHSGFIN27Feb20340CE.NFO,07/01/2020,15:12:37,18.9,18.6,3600,20.25,1200,0,4800
IBULHSGFIN27Feb20340CE.NFO,07/01/2020,15:12:55,18.9,18.6,1200,20.25,1200,0,4800
IBULHSGFIN27Feb20340CE.NFO,07/01/2020,15:12:59,18.9,18.45,3600,20.2,1200,0,4800
IBULHSGFIN27Feb20340CE.NFO,07/01/2020,15:13:04,18.9,18.45,3600,20.3,1200,0,4800
IBULHSGFIN27Feb20340CE.NFO,07/01/2020,15:13:09,18.9,18.45,6000,20.25,1200,0,4800
IBULHSGFIN27Feb20340CE.NFO,07/01/2020,15:13:13,18.9,18.45,3600,20.2,1200,0,4800
IBULHSGFIN27Feb20340CE.NFO,07/01/2020,15:13:18,18.9,18.45,3600,20.25,1200,0,4800
IBULHSGFIN27Feb20340CE.NFO,07/01/2020,15:13:27,18.9,18.45,3600,20.3,1200,0,4800
IBULHSGFIN27Feb20340CE.NFO,07/01/2020,15:13:33,18.9,18.45,6000,20.3,1200,0,4800
IBULHSGFIN27Feb20340CE.NFO,07/01/2020,15:13:39,18.9,18.45,6000,20.25,1200,0,4800
IBULHSGFIN27Feb20340CE.NFO,07/01/2020,15:13:43,18.9,18.45,6000,20.35,1200,0,4800
IBULHSGFIN27Feb20340CE.NFO,07/01/2020,15:13:54,18.9,18.45,3600,20.3,1200,0,4800
IBULHSGFIN27Feb20340CE.NFO,07/01/2020,15:14:07,18.9,18.45,3600,20.25,1200,0,4800
IBULHSGFIN27Feb20340CE.NFO,07/01/2020,15:14:21,18.9,18.45,3600,20.3,1200,0,4800
IBULHSGFIN27Feb20340CE.NFO,07/01/2020,15:14:26,18.9,18.45,3600,20.25,1200,0,4800
IBULHSGFIN27Feb20340CE.NFO,07/01/2020,15:14:30,18.9,18.45,3600,20.15,1200,0,4800
IBULHSGFIN27Feb20340CE.NFO,07/01/2020,15:14:35,18.9,18.45,3600,20.3,1200,0,4800
IBULHSGFIN27Feb20340CE.NFO,07/01/2020,15:14:40,18.9,18.45,1200,20.3,1200,0,4800
IBULHSGFIN27Feb20340CE.NFO,07/01/2020,15:14:45,18.9,18.45,3600,20.25,1200,0,4800
IBULHSGFIN27Feb20340CE.NFO,07/01/2020,15:15:00,18.9,18.45,3600,20.3,1200,0,4800
IBULHSGFIN27Feb20340CE.NFO,07/01/2020,15:15:06,18.9,18.6,1200,20.35,1200,0,4800
IBULHSGFIN27Feb20340CE.NFO,07/01/2020,15:15:13,18.9,18.65,3600,20.4,1200,0,4800
IBULHSGFIN27Feb20340CE.NFO,07/01/2020,15:15:20,18.9,18.65,1200,20.45,1200,0,4800
IBULHSGFIN27Feb20340CE.NFO,07/01/2020,15:15:27,18.9,18.65,6000,20.45,1200,0,4800
IBULHSGFIN27Feb20340CE.NFO,07/01/2020,15:15:35,18.9,18.65,3600,20.6,1200,0,4800
IBULHSGFIN27Feb20340CE.NFO,07/01/2020,15:15:42,18.9,18.65,3600,20.5,1200,0,4800
IBULHSGFIN27Feb20340CE.NFO,07/01/2020,15:15:50,18.9,18.65,3600,20.45,1200,0,4800
IBULHSGFIN27Feb20340CE.NFO,07/01/2020,15:15:57,18.9,18.65,6000,20.65,1200,0,4800
IBULHSGFIN27Feb20340CE.NFO,07/01/2020,15:16:03,18.9,18.65,3600,20.65,1200,0,4800
IBULHSGFIN27Feb20340CE.NFO,07/01/2020,15:16:11,18.9,18.65,3600,20.55,1200,0,4800
IBULHSGFIN27Feb20340CE.NFO,07/01/2020,15:16:18,18.9,18.65,1200,20.55,1200,0,4800
IBULHSGFIN27Feb20340CE.NFO,07/01/2020,15:16:25,18.9,18.65,1200,20.5,1200,0,4800
IBULHSGFIN27Feb20340CE.NFO,07/01/2020,15:16:39,18.9,18.3,4800,20.25,1200,0,4800
IBULHSGFIN27Feb20340CE.NFO,07/01/2020,15:16:45,18.9,18.3,4800,20.2,1200,0,4800
IBULHSGFIN27Feb20340CE.NFO,07/01/2020,15:16:52,18.9,18.3,4800,20.4,1200,0,4800
IBULHSGFIN27Feb20340CE.NFO,07/01/2020,15:16:58,18.9,18.3,4800,20.3,1200,0,4800
IBULHSGFIN27Feb20340CE.NFO,07/01/2020,15:17:05,18.9,18.3,6000,20.5,1200,0,4800
IBULHSGFIN27Feb20340CE.NFO,07/01/2020,15:17:12,18.9,18.5,3600,20.5,1200,0,4800
IBULHSGFIN27Feb20340CE.NFO,07/01/2020,15:17:26,18.9,18.5,1200,20.4,1200,0,4800
IBULHSGFIN27Feb20340CE.NFO,07/01/2020,15:17:40,18.9,18.5,3600,20.5,1200,0,4800
IBULHSGFIN27Feb20340CE.NFO,07/01/2020,15:17:46,18.9,18.5,6000,20.5,1200,0,4800
IBULHSGFIN27Feb20340CE.NFO,07/01/2020,15:18:05,18.9,18.5,6000,20.45,1200,0,4800
IBULHSGFIN27Feb20340CE.NFO,07/01/2020,15:18:11,18.9,18.5,6000,20.4,1200,0,4800
IBULHSGFIN27Feb20340CE.NFO,07/01/2020,15:18:17,18.9,18.5,3600,20.45,1200,0,4800
IBULHSGFIN27Feb20340CE.NFO,07/01/2020,15:18:29,18.9,18.5,6000,20.5,1200,0,4800
IBULHSGFIN27Feb20340CE.NFO,07/01/2020,15:18:35,18.9,18.5,6000,20.4,1200,0,4800
IBULHSGFIN27Feb20340CE.NFO,07/01/2020,15:18:47,18.9,18.7,3600,20.55,1200,0,4800
IBULHSGFIN27Feb20340CE.NFO,07/01/2020,15:18:54,18.9,18.7,3600,20.5,1200,0,4800
IBULHSGFIN27Feb20340CE.NFO,07/01/2020,15:19:00,18.9,18.85,3600,20.75,1200,0,4800
IBULHSGFIN27Feb20340CE.NFO,07/01/2020,15:19:07,18.9,18.85,3600,20.65,1200,0,4800
IBULHSGFIN27Feb20340CE.NFO,07/01/2020,15:19:25,18.9,18.85,3600,20.6,1200,0,4800
IBULHSGFIN27Feb20340CE.NFO,07/01/2020,15:19:32,18.9,18.85,3600,20.65,1200,0,4800
IBULHSGFIN27Feb20340CE.NFO,07/01/2020,15:19:38,18.9,18.85,3600,20.5,1200,0,4800
IBULHSGFIN27Feb20340CE.NFO,07/01/2020,15:19:44,18.9,18.85,3600,20.6,1200,0,4800
IBULHSGFIN27Feb20340CE.NFO,07/01/2020,15:19:50,18.9,18.85,3600,20.45,1200,0,4800
IBULHSGFIN27Feb20340CE.NFO,07/01/2020,15:20:12,18.9,18.85,6000,20.55,1200,0,4800
IBULHSGFIN27Feb20340CE.NFO,07/01/2020,15:20:22,18.9,18.85,6000,20.5,1200,0,4800
IBULHSGFIN27Feb20340CE.NFO,07/01/2020,15:20:37,18.9,18.85,6000,20.6,1200,0,4800
IBULHSGFIN27Feb20340CE.NFO,07/01/2020,15:20:44,18.9,19.05,6000,20.7,1200,0,4800
IBULHSGFIN27Feb20340CE.NFO,07/01/2020,15:20:52,18.9,19.05,6000,20.6,1200,0,4800
IBULHSGFIN27Feb20340CE.NFO,07/01/2020,15:20:59,18.9,19.05,6000,20.7,1200,0,4800
IBULHSGFIN27Feb20340CE.NFO,07/01/2020,15:21:07,18.9,19.25,3600,20.7,1200,0,4800
IBULHSGFIN27Feb20340CE.NFO,07/01/2020,15:21:14,18.9,19.05,3600,20.4,1200,0,4800
IBULHSGFIN27Feb20340CE.NFO,07/01/2020,15:21:30,18.9,19.05,6000,20.45,1200,0,4800
IBULHSGFIN27Feb20340CE.NFO,07/01/2020,15:21:37,18.9,19.05,3600,20.45,1200,0,4800
IBULHSGFIN27Feb20340CE.NFO,07/01/2020,15:21:44,18.9,19.05,3600,20.5,1200,0,4800
IBULHSGFIN27Feb20340CE.NFO,07/01/2020,15:21:54,18.9,19.05,3600,20.45,1200,0,4800
IBULHSGFIN27Feb20340CE.NFO,07/01/2020,15:21:59,18.9,19.05,1200,20.35,1200,0,4800
IBULHSGFIN27Feb20340CE.NFO,07/01/2020,15:22:05,18.9,19.05,3600,20.35,1200,0,4800
IBULHSGFIN27Feb20340CE.NFO,07/01/2020,15:22:17,18.9,18.9,3600,20.4,1200,0,4800
IBULHSGFIN27Feb20340CE.NFO,07/01/2020,15:22:23,18.9,18.9,3600,20.35,1200,0,4800
IBULHSGFIN27Feb20340CE.NFO,07/01/2020,15:22:30,18.9,18.9,6000,20.35,1200,0,4800
IBULHSGFIN27Feb20340CE.NFO,07/01/2020,15:22:42,18.9,18.9,6000,20.3,1200,0,4800
IBULHSGFIN27Feb20340CE.NFO,07/01/2020,15:22:48,18.9,18.9,3600,20.35,1200,0,4800
IBULHSGFIN27Feb20340CE.NFO,07/01/2020,15:22:55,18.9,18.9,3600,20.4,1200,0,4800
IBULHSGFIN27Feb20340CE.NFO,07/01/2020,15:23:01,18.9,18.9,6000,20.4,1200,0,4800
IBULHSGFIN27Feb20340CE.NFO,07/01/2020,15:23:08,18.9,18.9,6000,20.35,1200,0,4800
IBULHSGFIN27Feb20340CE.NFO,07/01/2020,15:23:22,18.9,18.9,6000,20.4,1200,0,4800
IBULHSGFIN27Feb20340CE.NFO,07/01/2020,15:23:28,18.9,18.9,3600,20.4,1200,0,4800
IBULHSGFIN27Feb20340CE.NFO,07/01/2020,15:23:35,18.9,18.9,6000,20.4,1200,0,4800
IBULHSGFIN27Feb20340CE.NFO,07/01/2020,15:23:41,18.9,19.05,3600,20.4,1200,0,4800
IBULHSGFIN27Feb20340CE.NFO,07/01/2020,15:24:00,18.9,19.05,3600,20.35,1200,0,4800
IBULHSGFIN27Feb20340CE.NFO,07/01/2020,15:24:06,18.9,19.05,3600,20.4,1200,0,4800
IBULHSGFIN27Feb20340CE.NFO,07/01/2020,15:24:25,18.9,19.05,3600,20.45,1200,0,4800
IBULHSGFIN27Feb20340CE.NFO,07/01/2020,15:24:30,18.9,19.05,3600,20.4,1200,0,4800
IBULHSGFIN27Feb20340CE.NFO,07/01/2020,15:24:35,18.9,19.05,3600,20.35,1200,0,4800
IBULHSGFIN27Feb20340CE.NFO,07/01/2020,15:25:04,18.9,18.9,3600,20.3,1200,0,4800
IBULHSGFIN27Feb20340CE.NFO,07/01/2020,15:25:08,18.9,18.9,3600,20.25,1200,0,4800
IBULHSGFIN27Feb20340CE.NFO,07/01/2020,15:25:14,18.9,18.9,3600,20.35,1200,0,4800
IBULHSGFIN27Feb20340CE.NFO,07/01/2020,15:25:19,18.9,18.9,3600,20.3,1200,0,4800
IBULHSGFIN27Feb20340CE.NFO,07/01/2020,15:25:30,18.9,18.9,1200,20.3,1200,0,4800
IBULHSGFIN27Feb20340CE.NFO,07/01/2020,15:25:35,18.9,18.9,1200,20.35,1200,0,4800
IBULHSGFIN27Feb20340CE.NFO,07/01/2020,15:25:40,18.9,18.9,1200,20.3,1200,0,4800
IBULHSGFIN27Feb20340CE.NFO,07/01/2020,15:25:46,18.9,18.7,6000,20.2,1200,0,4800
IBULHSGFIN27Feb20340CE.NFO,07/01/2020,15:26:00,18.9,18.7,3600,20.2,1200,0,4800
IBULHSGFIN27Feb20340CE.NFO,07/01/2020,15:26:16,18.9,18.7,3600,20.25,1200,0,4800
IBULHSGFIN27Feb20340CE.NFO,07/01/2020,15:26:22,18.9,18.7,6000,20.2,1200,0,4800
IBULHSGFIN27Feb20340CE.NFO,07/01/2020,15:26:28,18.9,18.7,3600,20.2,1200,0,4800
IBULHSGFIN27Feb20340CE.NFO,07/01/2020,15:26:33,18.9,18.7,3600,20.3,1200,0,4800
IBULHSGFIN27Feb20340CE.NFO,07/01/2020,15:26:49,18.9,18.7,6000,20.35,1200,0,4800
IBULHSGFIN27Feb20340CE.NFO,07/01/2020,15:27:00,18.9,18.7,6000,20.3,1200,0,4800
IBULHSGFIN27Feb20340CE.NFO,07/01/2020,15:27:06,18.9,18.7,3600,20.35,1200,0,4800
IBULHSGFIN27Feb20340CE.NFO,07/01/2020,15:27:11,18.9,18.7,6000,20.35,1200,0,4800
IBULHSGFIN27Feb20340CE.NFO,07/01/2020,15:27:16,18.9,18.7,6000,20.4,1200,0,4800
IBULHSGFIN27Feb20340CE.NFO,07/01/2020,15:27:21,18.9,18.7,3600,20.4,1200,0,4800
IBULHSGFIN27Feb20340CE.NFO,07/01/2020,15:27:26,18.9,18.7,6000,20.4,1200,0,4800
IBULHSGFIN27Feb20340CE.NFO,07/01/2020,15:27:31,18.9,18.7,4800,20.4,1200,0,4800
IBULHSGFIN27Feb20340CE.NFO,07/01/2020,15:27:50,18.9,18.7,4800,20.45,1200,0,4800
IBULHSGFIN27Feb20340CE.NFO,07/01/2020,15:27:55,18.9,18.7,4800,20.5,1200,0,4800
IBULHSGFIN27Feb20340CE.NFO,07/01/2020,15:28:00,18.9,17.4,19200,20.35,1200,0,4800
IBULHSGFIN27Feb20340CE.NFO,07/01/2020,15:28:23,18.9,17.4,19200,20.3,1200,0,4800
IBULHSGFIN27Feb20340CE.NFO,07/01/2020,15:28:28,18.9,17.4,19200,21.2,1200,0,4800
IBULHSGFIN27Feb20340CE.NFO,07/01/2020,15:28:34,18.9,17.4,19200,21.1,1200,0,4800
IBULHSGFIN27Feb20340CE.NFO,07/01/2020,15:29:31,18.9,17.55,20400,21.1,1200,0,4800
IBULHSGFIN27Feb20340CE.NFO,07/01/2020,15:30:00,18.9,17.55,18000,21.1,1200,0,4800
