Ticker,Date,Time,LTP,BuyPrice,BuyQty,SellPrice,SellQty,LTQ,OpenInterest
ICICIPRULI30Jan20430PE.NFO,07/01/2020,13:06:34,1.75,1.6,12000,2,1500,1500,3000
ICICIPRULI30Jan20430PE.NFO,07/01/2020,13:06:34,1.75,1.6,12000,2,1500,0,3000
ICICIPRULI30Jan20430PE.NFO,07/01/2020,13:06:34,1.75,1.6,12000,2,1500,0,3000
ICICIPRULI30Jan20430PE.NFO,07/01/2020,13:06:34,1.75,1.6,12000,2,1500,0,3000
ICICIPRULI30Jan20430PE.NFO,07/01/2020,13:06:43,1.75,1.6,12000,2,1500,0,3000
ICICIPRULI30Jan20430PE.NFO,07/01/2020,13:07:28,1.75,1.6,6000,2,1500,0,3000
ICICIPRULI30Jan20430PE.NFO,07/01/2020,13:07:39,1.75,1.6,12000,2,1500,0,3000
ICICIPRULI30Jan20430PE.NFO,07/01/2020,13:08:19,1.75,1.65,6000,2,1500,0,3000
ICICIPRULI30Jan20430PE.NFO,07/01/2020,13:08:51,1.75,1.6,12000,2,1500,0,3000
ICICIPRULI30Jan20430PE.NFO,07/01/2020,13:09:13,1.75,1.65,6000,2,1500,0,3000
ICICIPRULI30Jan20430PE.NFO,07/01/2020,13:09:59,1.75,1.6,12000,2,1500,0,3000
ICICIPRULI30Jan20430PE.NFO,07/01/2020,13:10:05,1.75,1.65,6000,2,1500,0,3000
ICICIPRULI30Jan20430PE.NFO,07/01/2020,13:11:42,1.75,1.6,12000,2,1500,0,3000
ICICIPRULI30Jan20430PE.NFO,07/01/2020,13:13:23,1.75,1.6,6000,2,1500,0,3000
ICICIPRULI30Jan20430PE.NFO,07/01/2020,13:13:33,1.75,1.6,12000,2,1500,0,3000
ICICIPRULI30Jan20430PE.NFO,07/01/2020,13:13:37,1.75,1.6,6000,2,1500,0,3000
ICICIPRULI30Jan20430PE.NFO,07/01/2020,13:13:55,1.75,1.65,6000,2,1500,0,3000
ICICIPRULI30Jan20430PE.NFO,07/01/2020,13:14:20,1.75,1.6,12000,2,1500,0,3000
ICICIPRULI30Jan20430PE.NFO,07/01/2020,13:14:34,1.75,1.65,6000,2,1500,0,3000
ICICIPRULI30Jan20430PE.NFO,07/01/2020,13:14:38,1.75,1.6,12000,2,1500,0,3000
ICICIPRULI30Jan20430PE.NFO,07/01/2020,13:14:50,1.75,1.65,6000,2,1500,0,3000
ICICIPRULI30Jan20430PE.NFO,07/01/2020,13:15:32,1.75,1.7,6000,2,1500,0,3000
ICICIPRULI30Jan20430PE.NFO,07/01/2020,13:15:39,1.75,1.65,12000,2,1500,0,3000
ICICIPRULI30Jan20430PE.NFO,07/01/2020,13:16:16,1.75,1.65,6000,2,1500,0,3000
ICICIPRULI30Jan20430PE.NFO,07/01/2020,13:16:53,1.75,1.65,12000,2,1500,0,3000
ICICIPRULI30Jan20430PE.NFO,07/01/2020,13:17:17,1.75,1.65,6000,2,1500,0,3000
ICICIPRULI30Jan20430PE.NFO,07/01/2020,13:17:22,1.75,1.65,12000,2,1500,0,3000
ICICIPRULI30Jan20430PE.NFO,07/01/2020,13:17:30,1.75,1.7,6000,2,1500,0,3000
ICICIPRULI30Jan20430PE.NFO,07/01/2020,13:18:47,1.75,1.65,12000,2,1500,0,3000
ICICIPRULI30Jan20430PE.NFO,07/01/2020,13:19:09,1.75,1.7,6000,2,1500,0,3000
ICICIPRULI30Jan20430PE.NFO,07/01/2020,13:19:15,1.75,1.7,12000,2,1500,0,3000
ICICIPRULI30Jan20430PE.NFO,07/01/2020,13:19:39,1.75,1.7,6000,2,1500,0,3000
ICICIPRULI30Jan20430PE.NFO,07/01/2020,13:19:48,1.75,1.7,12000,2,1500,0,3000
ICICIPRULI30Jan20430PE.NFO,07/01/2020,13:19:52,1.75,1.7,6000,2,1500,0,3000
ICICIPRULI30Jan20430PE.NFO,07/01/2020,13:20:45,1.75,1.7,12000,2,1500,0,3000
ICICIPRULI30Jan20430PE.NFO,07/01/2020,13:21:02,1.75,1.75,6000,2,1500,0,3000
ICICIPRULI30Jan20430PE.NFO,07/01/2020,13:21:15,1.75,1.7,12000,2,1500,0,3000
ICICIPRULI30Jan20430PE.NFO,07/01/2020,13:21:24,1.75,1.75,6000,2,1500,0,3000
ICICIPRULI30Jan20430PE.NFO,07/01/2020,13:21:30,1.75,1.7,12000,2,1500,0,3000
ICICIPRULI30Jan20430PE.NFO,07/01/2020,13:22:43,1.75,1.75,6000,2,1500,0,3000
ICICIPRULI30Jan20430PE.NFO,07/01/2020,13:23:04,1.75,1.75,12000,2,1500,0,3000
ICICIPRULI30Jan20430PE.NFO,07/01/2020,13:23:10,1.75,1.75,6000,2,1500,0,3000
ICICIPRULI30Jan20430PE.NFO,07/01/2020,13:24:35,1.75,1.7,12000,2,1500,0,3000
ICICIPRULI30Jan20430PE.NFO,07/01/2020,13:24:50,1.75,1.7,6000,2,1500,0,3000
ICICIPRULI30Jan20430PE.NFO,07/01/2020,13:25:02,1.75,1.65,12000,2,1500,0,3000
ICICIPRULI30Jan20430PE.NFO,07/01/2020,13:26:15,1.75,1.65,6000,2,1500,0,3000
ICICIPRULI30Jan20430PE.NFO,07/01/2020,13:26:55,1.75,1.6,12000,2,1500,0,3000
ICICIPRULI30Jan20430PE.NFO,07/01/2020,13:27:20,1.75,1.65,6000,2,1500,0,3000
ICICIPRULI30Jan20430PE.NFO,07/01/2020,13:27:24,1.75,1.6,12000,2,1500,0,3000
ICICIPRULI30Jan20430PE.NFO,07/01/2020,13:27:33,1.75,1.65,6000,2,1500,0,3000
ICICIPRULI30Jan20430PE.NFO,07/01/2020,13:27:40,1.75,1.6,12000,2,1500,0,3000
ICICIPRULI30Jan20430PE.NFO,07/01/2020,13:27:46,1.75,1.65,6000,2,1500,0,3000
ICICIPRULI30Jan20430PE.NFO,07/01/2020,13:28:55,1.75,1.65,12000,2,1500,0,3000
ICICIPRULI30Jan20430PE.NFO,07/01/2020,13:29:09,1.75,1.65,6000,2,1500,0,3000
ICICIPRULI30Jan20430PE.NFO,07/01/2020,13:29:15,1.75,1.65,12000,2,1500,0,3000
ICICIPRULI30Jan20430PE.NFO,07/01/2020,13:29:40,1.75,1.7,6000,2,1500,0,3000
ICICIPRULI30Jan20430PE.NFO,07/01/2020,13:29:58,1.75,1.65,12000,2,1500,0,3000
ICICIPRULI30Jan20430PE.NFO,07/01/2020,13:30:05,1.75,1.7,6000,2,1500,0,3000
ICICIPRULI30Jan20430PE.NFO,07/01/2020,13:31:23,1.75,1.65,12000,2,1500,0,3000
ICICIPRULI30Jan20430PE.NFO,07/01/2020,13:31:46,1.75,1.65,6000,2,1500,0,3000
ICICIPRULI30Jan20430PE.NFO,07/01/2020,13:34:07,1.75,1.6,12000,2,1500,0,3000
ICICIPRULI30Jan20430PE.NFO,07/01/2020,13:34:35,1.75,1.65,6000,2,1500,0,3000
ICICIPRULI30Jan20430PE.NFO,07/01/2020,13:36:15,1.75,1.6,12000,2,1500,0,3000
ICICIPRULI30Jan20430PE.NFO,07/01/2020,13:36:46,1.75,1.65,6000,2,1500,0,3000
ICICIPRULI30Jan20430PE.NFO,07/01/2020,13:37:01,1.75,1.6,12000,2,1500,0,3000
ICICIPRULI30Jan20430PE.NFO,07/01/2020,13:39:03,1.75,1.6,6000,2,1500,0,3000
ICICIPRULI30Jan20430PE.NFO,07/01/2020,13:39:28,1.75,1.6,12000,2,1500,0,3000
ICICIPRULI30Jan20430PE.NFO,07/01/2020,13:39:48,1.75,1.65,6000,2,1500,0,3000
ICICIPRULI30Jan20430PE.NFO,07/01/2020,13:42:23,1.75,1.6,12000,2,1500,0,3000
ICICIPRULI30Jan20430PE.NFO,07/01/2020,13:44:52,1.75,1.65,6000,2,1500,0,3000
ICICIPRULI30Jan20430PE.NFO,07/01/2020,13:45:04,1.75,1.6,12000,2,1500,0,3000
ICICIPRULI30Jan20430PE.NFO,07/01/2020,13:45:16,1.75,1.6,6000,2,1500,0,3000
ICICIPRULI30Jan20430PE.NFO,07/01/2020,13:45:28,1.75,1.6,12000,2,1500,0,3000
ICICIPRULI30Jan20430PE.NFO,07/01/2020,13:45:32,1.75,1.6,6000,2,1500,0,3000
ICICIPRULI30Jan20430PE.NFO,07/01/2020,13:46:34,1.75,1.55,12000,2,1500,0,3000
ICICIPRULI30Jan20430PE.NFO,07/01/2020,13:49:02,1.75,1.55,6000,2,1500,0,3000
ICICIPRULI30Jan20430PE.NFO,07/01/2020,13:53:50,1.75,1.55,12000,2,1500,0,3000
ICICIPRULI30Jan20430PE.NFO,07/01/2020,13:54:03,1.75,1.55,6000,2,1500,0,3000
ICICIPRULI30Jan20430PE.NFO,07/01/2020,13:54:21,1.75,1.55,12000,2,1500,0,3000
ICICIPRULI30Jan20430PE.NFO,07/01/2020,13:55:08,1.75,1.55,6000,2,1500,0,3000
ICICIPRULI30Jan20430PE.NFO,07/01/2020,13:56:01,1.75,1.55,12000,2,1500,0,3000
ICICIPRULI30Jan20430PE.NFO,07/01/2020,13:57:14,1.75,1.55,6000,2,1500,0,3000
ICICIPRULI30Jan20430PE.NFO,07/01/2020,13:57:26,1.75,1.55,12000,2,1500,0,3000
ICICIPRULI30Jan20430PE.NFO,07/01/2020,13:58:30,1.75,1.6,6000,2,1500,0,3000
ICICIPRULI30Jan20430PE.NFO,07/01/2020,13:59:01,1.75,1.55,12000,2,1500,0,3000
ICICIPRULI30Jan20430PE.NFO,07/01/2020,14:01:05,1.75,1.55,6000,2,1500,0,3000
ICICIPRULI30Jan20430PE.NFO,07/01/2020,14:03:23,1.75,1.55,12000,2,1500,0,3000
ICICIPRULI30Jan20430PE.NFO,07/01/2020,14:04:48,1.75,1.6,6000,2,1500,0,3000
ICICIPRULI30Jan20430PE.NFO,07/01/2020,14:07:39,1.75,1.6,12000,2,1500,0,3000
ICICIPRULI30Jan20430PE.NFO,07/01/2020,14:08:00,1.75,1.65,6000,2,1500,0,3000
ICICIPRULI30Jan20430PE.NFO,07/01/2020,14:09:52,1.75,1.6,12000,2,1500,0,3000
ICICIPRULI30Jan20430PE.NFO,07/01/2020,14:10:15,1.75,1.65,6000,2,1500,0,3000
ICICIPRULI30Jan20430PE.NFO,07/01/2020,14:11:22,1.75,1.6,12000,2,1500,0,3000
ICICIPRULI30Jan20430PE.NFO,07/01/2020,14:13:13,1.75,1.55,6000,2,1500,0,3000
ICICIPRULI30Jan20430PE.NFO,07/01/2020,14:13:21,1.75,1.5,12000,2,1500,0,3000
ICICIPRULI30Jan20430PE.NFO,07/01/2020,14:15:28,1.75,1.55,6000,2,1500,0,3000
ICICIPRULI30Jan20430PE.NFO,07/01/2020,14:18:25,1.75,1.5,6000,2,1500,0,3000
ICICIPRULI30Jan20430PE.NFO,07/01/2020,14:18:31,1.75,1.5,12000,2,1500,0,3000
ICICIPRULI30Jan20430PE.NFO,07/01/2020,14:18:41,1.75,1.5,6000,2,1500,0,3000
ICICIPRULI30Jan20430PE.NFO,07/01/2020,14:18:45,1.75,1.5,12000,2,1500,0,3000
ICICIPRULI30Jan20430PE.NFO,07/01/2020,14:19:15,1.75,1.55,6000,2,1500,0,3000
ICICIPRULI30Jan20430PE.NFO,07/01/2020,14:19:27,1.75,1.5,12000,2,1500,0,3000
ICICIPRULI30Jan20430PE.NFO,07/01/2020,14:19:31,1.75,1.5,12000,1.75,1500,0,3000
ICICIPRULI30Jan20430PE.NFO,07/01/2020,14:21:07,1.75,1.5,6000,1.75,1500,0,3000
ICICIPRULI30Jan20430PE.NFO,07/01/2020,14:21:31,1.75,1.5,12000,1.75,1500,0,3000
ICICIPRULI30Jan20430PE.NFO,07/01/2020,14:21:35,1.75,1.5,6000,1.75,1500,0,3000
ICICIPRULI30Jan20430PE.NFO,07/01/2020,14:22:12,1.75,1.5,12000,1.75,1500,0,3000
ICICIPRULI30Jan20430PE.NFO,07/01/2020,14:22:43,1.75,1.5,6000,1.75,1500,0,3000
ICICIPRULI30Jan20430PE.NFO,07/01/2020,14:30:33,1.75,1.5,6000,1.75,1500,0,4500
ICICIPRULI30Jan20430PE.NFO,07/01/2020,14:30:42,1.75,1.45,12000,1.75,1500,0,4500
ICICIPRULI30Jan20430PE.NFO,07/01/2020,14:30:50,1.75,1.45,6000,1.75,1500,0,4500
ICICIPRULI30Jan20430PE.NFO,07/01/2020,14:31:05,1.75,1.4,12000,1.75,1500,0,4500
ICICIPRULI30Jan20430PE.NFO,07/01/2020,14:32:03,1.75,1.45,6000,1.75,1500,0,4500
ICICIPRULI30Jan20430PE.NFO,07/01/2020,14:32:39,1.75,1.4,12000,1.75,1500,0,4500
ICICIPRULI30Jan20430PE.NFO,07/01/2020,14:33:27,1.75,1.45,6000,1.75,1500,0,4500
ICICIPRULI30Jan20430PE.NFO,07/01/2020,14:35:04,1.75,1.4,12000,1.75,1500,0,4500
ICICIPRULI30Jan20430PE.NFO,07/01/2020,14:35:16,1.75,1.45,6000,1.75,1500,0,4500
ICICIPRULI30Jan20430PE.NFO,07/01/2020,14:39:08,1.75,1.45,12000,1.75,1500,0,4500
ICICIPRULI30Jan20430PE.NFO,07/01/2020,14:39:26,1.75,1.45,6000,1.75,1500,0,4500
ICICIPRULI30Jan20430PE.NFO,07/01/2020,14:40:31,1.75,1.45,12000,1.75,1500,0,4500
ICICIPRULI30Jan20430PE.NFO,07/01/2020,14:40:36,1.75,1.45,6000,1.75,1500,0,4500
ICICIPRULI30Jan20430PE.NFO,07/01/2020,14:42:22,1.75,1.45,12000,1.75,1500,0,4500
ICICIPRULI30Jan20430PE.NFO,07/01/2020,14:43:07,1.75,1.5,6000,1.75,1500,0,4500
ICICIPRULI30Jan20430PE.NFO,07/01/2020,14:43:57,1.75,1.45,12000,1.75,1500,0,4500
ICICIPRULI30Jan20430PE.NFO,07/01/2020,14:45:13,1.75,1.5,6000,1.75,1500,0,4500
ICICIPRULI30Jan20430PE.NFO,07/01/2020,14:45:21,1.75,1.5,12000,1.75,1500,0,4500
ICICIPRULI30Jan20430PE.NFO,07/01/2020,14:45:42,1.75,1.55,6000,1.75,1500,0,4500
ICICIPRULI30Jan20430PE.NFO,07/01/2020,14:45:47,1.75,1.6,6000,1.75,1500,0,4500
ICICIPRULI30Jan20430PE.NFO,07/01/2020,14:45:53,1.75,1.6,12000,1.75,1500,0,4500
ICICIPRULI30Jan20430PE.NFO,07/01/2020,14:46:00,1.75,1.6,12000,2.3,1500,1500,4500
ICICIPRULI30Jan20430PE.NFO,07/01/2020,14:46:07,1.75,1.65,6000,2.3,1500,0,4500
ICICIPRULI30Jan20430PE.NFO,07/01/2020,14:46:21,1.75,1.6,12000,2.3,1500,0,4500
ICICIPRULI30Jan20430PE.NFO,07/01/2020,14:46:32,1.75,1.6,6000,2.3,1500,0,4500
ICICIPRULI30Jan20430PE.NFO,07/01/2020,14:48:47,1.75,1.6,6000,2.15,1500,0,4500
ICICIPRULI30Jan20430PE.NFO,07/01/2020,14:51:07,1.75,1.6,12000,2.15,1500,0,4500
ICICIPRULI30Jan20430PE.NFO,07/01/2020,14:52:51,1.75,1.65,6000,2.45,1500,0,4500
ICICIPRULI30Jan20430PE.NFO,07/01/2020,14:52:59,1.75,1.65,6000,2.2,1500,0,4500
ICICIPRULI30Jan20430PE.NFO,07/01/2020,14:53:13,1.75,1.65,12000,2.2,1500,0,4500
ICICIPRULI30Jan20430PE.NFO,07/01/2020,14:53:20,1.75,1.65,6000,2.2,1500,0,4500
ICICIPRULI30Jan20430PE.NFO,07/01/2020,14:57:10,1.75,1.6,12000,2.2,1500,0,4500
ICICIPRULI30Jan20430PE.NFO,07/01/2020,14:57:20,1.75,1.65,6000,2.2,1500,0,4500
ICICIPRULI30Jan20430PE.NFO,07/01/2020,14:57:37,1.75,1.65,6000,2.4,1500,0,4500
ICICIPRULI30Jan20430PE.NFO,07/01/2020,14:57:43,1.75,1.65,12000,2.2,1500,0,4500
ICICIPRULI30Jan20430PE.NFO,07/01/2020,14:59:08,1.75,1.7,12000,2.35,1500,0,4500
ICICIPRULI30Jan20430PE.NFO,07/01/2020,14:59:15,1.75,1.6,12000,2.3,1500,0,4500
ICICIPRULI30Jan20430PE.NFO,07/01/2020,14:59:25,1.75,1.6,12000,2.1,1500,0,4500
ICICIPRULI30Jan20430PE.NFO,07/01/2020,14:59:29,1.75,1.55,12000,2.1,1500,0,4500
ICICIPRULI30Jan20430PE.NFO,07/01/2020,14:59:39,1.75,1.6,6000,2.1,1500,0,4500
ICICIPRULI30Jan20430PE.NFO,07/01/2020,15:00:03,1.75,1.55,12000,2.1,1500,0,4500
ICICIPRULI30Jan20430PE.NFO,07/01/2020,15:00:21,1.75,1.6,6000,2.1,1500,0,4500
ICICIPRULI30Jan20430PE.NFO,07/01/2020,15:00:35,1.75,1.6,12000,2.1,1500,0,4500
ICICIPRULI30Jan20430PE.NFO,07/01/2020,15:00:41,1.75,1.6,6000,2.1,1500,0,4500
ICICIPRULI30Jan20430PE.NFO,07/01/2020,15:01:15,1.75,1.55,6000,2.1,1500,0,4500
ICICIPRULI30Jan20430PE.NFO,07/01/2020,15:01:20,1.75,1.6,6000,2.1,1500,0,4500
ICICIPRULI30Jan20430PE.NFO,07/01/2020,15:02:10,1.75,1.65,6000,2.1,1500,0,4500
ICICIPRULI30Jan20430PE.NFO,07/01/2020,15:02:16,1.75,1.7,6000,2.1,1500,0,4500
ICICIPRULI30Jan20430PE.NFO,07/01/2020,15:02:33,1.75,1.75,6000,2.45,1500,0,4500
ICICIPRULI30Jan20430PE.NFO,07/01/2020,15:02:38,1.75,1.75,6000,2.15,1500,0,4500
ICICIPRULI30Jan20430PE.NFO,07/01/2020,15:02:53,1.75,1.7,6000,2.15,1500,0,4500
ICICIPRULI30Jan20430PE.NFO,07/01/2020,15:03:04,1.75,1.75,6000,2.15,1500,0,4500
ICICIPRULI30Jan20430PE.NFO,07/01/2020,15:03:21,1.75,1.7,6000,2.15,1500,0,4500
ICICIPRULI30Jan20430PE.NFO,07/01/2020,15:03:36,1.75,1.75,6000,2.15,1500,0,4500
ICICIPRULI30Jan20430PE.NFO,07/01/2020,15:03:50,1.75,1.8,1500,2.15,1500,0,4500
ICICIPRULI30Jan20430PE.NFO,07/01/2020,15:04:11,1.75,1.75,6000,2.4,1500,0,4500
ICICIPRULI30Jan20430PE.NFO,07/01/2020,15:04:23,1.75,1.75,6000,2.25,1500,0,4500
ICICIPRULI30Jan20430PE.NFO,07/01/2020,15:04:34,1.75,1.65,6000,2.25,1500,0,4500
ICICIPRULI30Jan20430PE.NFO,07/01/2020,15:04:54,1.75,1.7,6000,2.25,1500,0,4500
ICICIPRULI30Jan20430PE.NFO,07/01/2020,15:07:42,1.75,1.75,1500,2.25,1500,0,4500
ICICIPRULI30Jan20430PE.NFO,07/01/2020,15:08:03,1.75,1.65,6000,2.25,1500,0,4500
ICICIPRULI30Jan20430PE.NFO,07/01/2020,15:09:04,1.75,1.6,6000,2.25,1500,0,4500
ICICIPRULI30Jan20430PE.NFO,07/01/2020,15:09:14,1.75,1.65,6000,2.25,1500,0,4500
ICICIPRULI30Jan20430PE.NFO,07/01/2020,15:09:24,1.75,1.6,6000,2.25,1500,0,4500
ICICIPRULI30Jan20430PE.NFO,07/01/2020,15:10:34,1.75,1.7,1500,2.25,1500,0,4500
ICICIPRULI30Jan20430PE.NFO,07/01/2020,15:10:39,1.75,1.6,6000,2.25,1500,0,4500
ICICIPRULI30Jan20430PE.NFO,07/01/2020,15:15:54,1.75,1.55,6000,2.25,1500,0,4500
ICICIPRULI30Jan20430PE.NFO,07/01/2020,15:16:21,1.75,1.6,6000,2.25,1500,0,4500
ICICIPRULI30Jan20430PE.NFO,07/01/2020,15:16:29,1.75,1.55,6000,2.25,1500,0,4500
ICICIPRULI30Jan20430PE.NFO,07/01/2020,15:18:51,1.75,1.6,6000,2.25,1500,0,4500
ICICIPRULI30Jan20430PE.NFO,07/01/2020,15:18:57,1.75,1.55,6000,2.25,1500,0,4500
ICICIPRULI30Jan20430PE.NFO,07/01/2020,15:20:00,1.75,1.55,6000,1.95,1500,0,4500
ICICIPRULI30Jan20430PE.NFO,07/01/2020,15:20:09,1.75,1.55,6000,2.2,1500,0,4500
ICICIPRULI30Jan20430PE.NFO,07/01/2020,15:20:27,1.75,1.55,6000,2.15,1500,0,4500
ICICIPRULI30Jan20430PE.NFO,07/01/2020,15:20:41,1.75,1.6,6000,2.15,1500,0,4500
ICICIPRULI30Jan20430PE.NFO,07/01/2020,15:29:07,1.75,1.6,6000,3.1,27000,0,4500
ICICIPRULI30Jan20430PE.NFO,07/01/2020,15:29:35,1.75,1.65,6000,3.1,24000,0,4500
ICICIPRULI30Jan20430PE.NFO,07/01/2020,15:29:41,1.75,1.6,6000,3.1,24000,0,4500
