Ticker,Date,Time,LTP,BuyPrice,BuyQty,SellPrice,SellQty,LTQ,OpenInterest
ICICIBANK30Jan20590CE.NFO,07/01/2020,09:16:37,1,1,9625,1.05,4125,4125,409750
ICICIBANK30Jan20590CE.NFO,07/01/2020,09:16:37,1,1,9625,1.05,4125,0,409750
ICICIBANK30Jan20590CE.NFO,07/01/2020,09:16:37,1,1,9625,1.05,4125,0,409750
ICICIBANK30Jan20590CE.NFO,07/01/2020,09:16:37,1,1,9625,1.05,4125,0,409750
ICICIBANK30Jan20590CE.NFO,07/01/2020,09:16:48,1,1,9625,1.05,5500,0,409750
ICICIBANK30Jan20590CE.NFO,07/01/2020,09:16:59,1,1,11000,1.05,5500,0,409750
ICICIBANK30Jan20590CE.NFO,07/01/2020,09:17:18,1.1,1,9625,1.1,2750,5500,409750
ICICIBANK30Jan20590CE.NFO,07/01/2020,09:17:18,1.1,1,9625,1.1,2750,0,409750
ICICIBANK30Jan20590CE.NFO,07/01/2020,09:17:28,1.1,1,8250,1.1,2750,0,409750
ICICIBANK30Jan20590CE.NFO,07/01/2020,09:17:37,1.1,1,9625,1.1,2750,0,409750
ICICIBANK30Jan20590CE.NFO,07/01/2020,09:17:47,1,1,2750,1.1,2750,6875,409750
ICICIBANK30Jan20590CE.NFO,07/01/2020,09:17:57,1,1,2750,1.05,2750,0,409750
ICICIBANK30Jan20590CE.NFO,07/01/2020,09:18:05,1,1,5500,1.05,5500,0,409750
ICICIBANK30Jan20590CE.NFO,07/01/2020,09:18:14,1,1,5500,1.05,4125,0,409750
ICICIBANK30Jan20590CE.NFO,07/01/2020,09:18:22,1,1,5500,1.05,5500,0,409750
ICICIBANK30Jan20590CE.NFO,07/01/2020,09:18:28,1,0.95,2750,1,1375,5500,409750
ICICIBANK30Jan20590CE.NFO,07/01/2020,09:18:36,1,0.9,5500,1,5500,0,409750
ICICIBANK30Jan20590CE.NFO,07/01/2020,09:19:19,1,0.9,5500,1.05,5500,4125,409750
ICICIBANK30Jan20590CE.NFO,07/01/2020,09:19:26,1,1,46750,1.05,5500,0,409750
ICICIBANK30Jan20590CE.NFO,07/01/2020,09:19:33,1.05,1.05,30250,1.1,5500,16500,409750
ICICIBANK30Jan20590CE.NFO,07/01/2020,09:19:40,1.05,1.05,30250,1.1,5500,0,409750
ICICIBANK30Jan20590CE.NFO,07/01/2020,09:19:47,1.1,1.1,8250,1.15,9625,22000,409750
ICICIBANK30Jan20590CE.NFO,07/01/2020,09:19:54,1.1,1.1,2750,1.15,9625,6875,409750
ICICIBANK30Jan20590CE.NFO,07/01/2020,09:20:00,1.1,1.05,1375,1.15,8250,1375,409750
ICICIBANK30Jan20590CE.NFO,07/01/2020,09:20:06,1.1,1.05,1375,1.15,8250,0,409750
ICICIBANK30Jan20590CE.NFO,07/01/2020,09:20:13,1.1,1,5500,1.15,8250,0,409750
ICICIBANK30Jan20590CE.NFO,07/01/2020,09:21:46,1.1,1.05,15125,1.15,19250,0,409750
ICICIBANK30Jan20590CE.NFO,07/01/2020,09:22:13,1.1,1.05,15125,1.15,8250,0,409750
ICICIBANK30Jan20590CE.NFO,07/01/2020,09:22:20,1.1,1.05,15125,1.15,2750,0,409750
ICICIBANK30Jan20590CE.NFO,07/01/2020,09:22:46,1.1,1.05,15125,1.15,8250,0,409750
ICICIBANK30Jan20590CE.NFO,07/01/2020,09:22:53,1.1,1.05,15125,1.15,4125,0,409750
ICICIBANK30Jan20590CE.NFO,07/01/2020,09:22:59,1.15,1.05,15125,1.2,5500,2750,407000
ICICIBANK30Jan20590CE.NFO,07/01/2020,09:22:59,1.15,1.05,15125,1.2,5500,0,407000
ICICIBANK30Jan20590CE.NFO,07/01/2020,09:23:05,1.15,1.05,15125,1.2,1375,0,407000
ICICIBANK30Jan20590CE.NFO,07/01/2020,09:23:11,1.15,1.2,2750,1.25,13750,0,407000
ICICIBANK30Jan20590CE.NFO,07/01/2020,09:23:16,1.25,1.2,4125,1.25,12375,1375,405625
ICICIBANK30Jan20590CE.NFO,07/01/2020,09:23:16,1.25,1.2,4125,1.25,12375,0,405625
ICICIBANK30Jan20590CE.NFO,07/01/2020,09:23:22,1.25,1.2,4125,1.25,12375,0,405625
ICICIBANK30Jan20590CE.NFO,07/01/2020,09:23:35,1.25,1.2,6875,1.25,12375,0,405625
ICICIBANK30Jan20590CE.NFO,07/01/2020,09:23:47,1.2,1.2,4125,1.25,16500,2750,405625
ICICIBANK30Jan20590CE.NFO,07/01/2020,09:23:59,1.2,1.25,1375,1.3,15125,0,405625
ICICIBANK30Jan20590CE.NFO,07/01/2020,09:24:11,1.2,1.2,2750,1.25,1375,0,405625
ICICIBANK30Jan20590CE.NFO,07/01/2020,09:24:16,1.25,1.2,2750,1.3,17875,2750,405625
ICICIBANK30Jan20590CE.NFO,07/01/2020,09:24:28,1.25,1.2,2750,1.25,2750,0,405625
ICICIBANK30Jan20590CE.NFO,07/01/2020,09:24:34,1.25,1.2,2750,1.25,5500,0,405625
ICICIBANK30Jan20590CE.NFO,07/01/2020,09:24:50,1.25,1.2,2750,1.25,9625,0,405625
ICICIBANK30Jan20590CE.NFO,07/01/2020,09:24:55,1.25,1.2,2750,1.25,2750,0,405625
ICICIBANK30Jan20590CE.NFO,07/01/2020,09:25:01,1.25,1.2,2750,1.25,1375,1375,405625
ICICIBANK30Jan20590CE.NFO,07/01/2020,09:25:08,1.25,1.25,6875,1.3,15125,1375,405625
ICICIBANK30Jan20590CE.NFO,07/01/2020,09:25:14,1.25,1.25,1375,1.3,15125,1375,405625
ICICIBANK30Jan20590CE.NFO,07/01/2020,09:25:45,1.25,1.25,4125,1.3,15125,0,405625
ICICIBANK30Jan20590CE.NFO,07/01/2020,09:26:07,1.25,1.25,2750,1.3,15125,0,405625
ICICIBANK30Jan20590CE.NFO,07/01/2020,09:26:20,1.25,1.2,6875,1.3,15125,2750,382250
ICICIBANK30Jan20590CE.NFO,07/01/2020,09:27:00,1.25,1.2,6875,1.3,15125,0,382250
ICICIBANK30Jan20590CE.NFO,07/01/2020,09:29:07,1.25,1.2,6875,1.3,16500,0,382250
ICICIBANK30Jan20590CE.NFO,07/01/2020,09:29:29,1.25,1.2,5500,1.3,16500,0,382250
ICICIBANK30Jan20590CE.NFO,07/01/2020,09:29:35,1.25,1.2,5500,1.25,12375,0,382250
ICICIBANK30Jan20590CE.NFO,07/01/2020,09:29:41,1.25,1.2,5500,1.25,6875,0,382250
ICICIBANK30Jan20590CE.NFO,07/01/2020,09:30:03,1.25,1.2,5500,1.25,5500,0,382250
ICICIBANK30Jan20590CE.NFO,07/01/2020,09:30:08,1.25,1.2,6875,1.25,5500,0,382250
ICICIBANK30Jan20590CE.NFO,07/01/2020,09:30:14,1.25,1.2,6875,1.25,2750,0,382250
ICICIBANK30Jan20590CE.NFO,07/01/2020,09:30:24,1.25,1.2,6875,1.3,16500,2750,382250
ICICIBANK30Jan20590CE.NFO,07/01/2020,09:31:22,1.25,1.2,6875,1.3,17875,0,382250
ICICIBANK30Jan20590CE.NFO,07/01/2020,09:32:35,1.25,1.2,5500,1.3,17875,0,382250
ICICIBANK30Jan20590CE.NFO,07/01/2020,09:32:41,1.25,1.2,2750,1.3,17875,0,382250
ICICIBANK30Jan20590CE.NFO,07/01/2020,09:32:47,1.25,1.2,4125,1.3,17875,0,382250
ICICIBANK30Jan20590CE.NFO,07/01/2020,09:32:58,1.25,1.2,2750,1.3,17875,0,382250
ICICIBANK30Jan20590CE.NFO,07/01/2020,09:33:41,1.3,1.2,13750,1.3,13750,13750,383625
ICICIBANK30Jan20590CE.NFO,07/01/2020,09:33:41,1.3,1.2,13750,1.3,13750,0,383625
ICICIBANK30Jan20590CE.NFO,07/01/2020,09:33:46,1.3,1.2,12375,1.3,13750,0,383625
ICICIBANK30Jan20590CE.NFO,07/01/2020,09:34:05,1.3,1.2,13750,1.3,13750,0,383625
ICICIBANK30Jan20590CE.NFO,07/01/2020,09:34:20,1.3,1.2,12375,1.3,13750,0,383625
ICICIBANK30Jan20590CE.NFO,07/01/2020,09:35:00,1.3,1.2,13750,1.3,13750,0,383625
ICICIBANK30Jan20590CE.NFO,07/01/2020,09:35:54,1.3,1.2,12375,1.3,13750,0,383625
ICICIBANK30Jan20590CE.NFO,07/01/2020,09:36:10,1.3,1.2,13750,1.3,13750,0,383625
ICICIBANK30Jan20590CE.NFO,07/01/2020,09:36:16,1.3,1.2,13750,1.3,4125,0,383625
ICICIBANK30Jan20590CE.NFO,07/01/2020,09:36:27,1.3,1.2,13750,1.3,2750,0,383625
ICICIBANK30Jan20590CE.NFO,07/01/2020,09:36:31,1.3,1.3,2750,1.35,15125,6875,391875
ICICIBANK30Jan20590CE.NFO,07/01/2020,09:36:36,1.3,1.25,11000,1.35,15125,2750,391875
ICICIBANK30Jan20590CE.NFO,07/01/2020,09:36:41,1.3,1.25,11000,1.35,15125,0,391875
ICICIBANK30Jan20590CE.NFO,07/01/2020,09:37:44,1.3,1.25,12375,1.35,15125,0,391875
ICICIBANK30Jan20590CE.NFO,07/01/2020,09:37:48,1.3,1.25,11000,1.35,15125,0,391875
ICICIBANK30Jan20590CE.NFO,07/01/2020,09:38:36,1.3,1.25,11000,1.35,19250,0,391875
ICICIBANK30Jan20590CE.NFO,07/01/2020,09:38:40,1.25,1.2,9625,1.35,20625,2750,400125
ICICIBANK30Jan20590CE.NFO,07/01/2020,09:38:44,1.25,1.2,13750,1.25,4125,0,400125
ICICIBANK30Jan20590CE.NFO,07/01/2020,09:38:49,1.25,1.2,16500,1.25,1375,2750,400125
ICICIBANK30Jan20590CE.NFO,07/01/2020,09:38:53,1.25,1.2,16500,1.3,23375,1375,400125
ICICIBANK30Jan20590CE.NFO,07/01/2020,09:38:57,1.25,1.2,16500,1.3,23375,0,400125
ICICIBANK30Jan20590CE.NFO,07/01/2020,09:39:19,1.25,1.2,16500,1.3,19250,0,400125
ICICIBANK30Jan20590CE.NFO,07/01/2020,09:39:37,1.25,1.2,16500,1.3,9625,0,400125
ICICIBANK30Jan20590CE.NFO,07/01/2020,09:39:42,1.25,1.2,16500,1.3,11000,0,400125
ICICIBANK30Jan20590CE.NFO,07/01/2020,09:40:01,1.25,1.2,16500,1.3,9625,0,400125
ICICIBANK30Jan20590CE.NFO,07/01/2020,09:40:07,1.25,1.2,16500,1.3,4125,0,400125
ICICIBANK30Jan20590CE.NFO,07/01/2020,09:40:12,1.25,1.2,16500,1.3,5500,0,400125
ICICIBANK30Jan20590CE.NFO,07/01/2020,09:40:17,1.25,1.2,16500,1.3,6875,0,400125
ICICIBANK30Jan20590CE.NFO,07/01/2020,09:40:28,1.25,1.2,16500,1.3,5500,0,400125
ICICIBANK30Jan20590CE.NFO,07/01/2020,09:40:37,1.25,1.2,13750,1.3,6875,0,400125
ICICIBANK30Jan20590CE.NFO,07/01/2020,09:41:40,1.25,1.25,13750,1.3,5500,0,400125
ICICIBANK30Jan20590CE.NFO,07/01/2020,09:41:45,1.25,1.25,11000,1.3,5500,0,400125
ICICIBANK30Jan20590CE.NFO,07/01/2020,09:41:50,1.25,1.25,9625,1.3,5500,0,400125
ICICIBANK30Jan20590CE.NFO,07/01/2020,09:42:29,1.25,1.25,13750,1.3,5500,0,400125
ICICIBANK30Jan20590CE.NFO,07/01/2020,09:43:18,1.3,1.25,15125,1.3,4125,1375,397375
ICICIBANK30Jan20590CE.NFO,07/01/2020,09:43:23,1.3,1.25,15125,1.3,2750,0,397375
ICICIBANK30Jan20590CE.NFO,07/01/2020,09:43:56,1.3,1.25,13750,1.35,17875,2750,397375
ICICIBANK30Jan20590CE.NFO,07/01/2020,09:44:01,1.3,1.25,15125,1.35,17875,0,397375
ICICIBANK30Jan20590CE.NFO,07/01/2020,09:44:06,1.3,1.25,15125,1.35,19250,0,397375
ICICIBANK30Jan20590CE.NFO,07/01/2020,09:44:28,1.3,1.25,16500,1.35,19250,0,397375
ICICIBANK30Jan20590CE.NFO,07/01/2020,09:44:49,1.3,1.25,15125,1.35,19250,0,397375
ICICIBANK30Jan20590CE.NFO,07/01/2020,09:45:35,1.3,1.3,1375,1.35,19250,0,397375
ICICIBANK30Jan20590CE.NFO,07/01/2020,09:45:47,1.3,1.25,15125,1.35,19250,1375,387750
ICICIBANK30Jan20590CE.NFO,07/01/2020,09:46:34,1.3,1.25,13750,1.35,19250,0,387750
ICICIBANK30Jan20590CE.NFO,07/01/2020,09:46:57,1.3,1.25,15125,1.35,19250,0,387750
ICICIBANK30Jan20590CE.NFO,07/01/2020,09:48:18,1.3,1.25,13750,1.35,19250,0,387750
ICICIBANK30Jan20590CE.NFO,07/01/2020,09:48:29,1.3,1.25,15125,1.35,19250,0,387750
ICICIBANK30Jan20590CE.NFO,07/01/2020,09:48:33,1.3,1.25,13750,1.35,19250,0,387750
ICICIBANK30Jan20590CE.NFO,07/01/2020,09:50:10,1.3,1.25,5500,1.35,19250,0,387750
ICICIBANK30Jan20590CE.NFO,07/01/2020,09:50:15,1.3,1.25,5500,1.3,13750,0,387750
ICICIBANK30Jan20590CE.NFO,07/01/2020,09:50:40,1.3,1.2,13750,1.3,17875,0,387750
ICICIBANK30Jan20590CE.NFO,07/01/2020,09:50:46,1.3,1.2,15125,1.3,17875,0,387750
ICICIBANK30Jan20590CE.NFO,07/01/2020,09:52:10,1.3,1.2,13750,1.3,17875,0,387750
ICICIBANK30Jan20590CE.NFO,07/01/2020,09:52:14,1.3,1.2,15125,1.3,17875,0,387750
ICICIBANK30Jan20590CE.NFO,07/01/2020,09:52:19,1.3,1.2,13750,1.3,15125,0,387750
ICICIBANK30Jan20590CE.NFO,07/01/2020,09:54:01,1.3,1.2,15125,1.3,15125,0,387750
ICICIBANK30Jan20590CE.NFO,07/01/2020,09:54:15,1.3,1.2,13750,1.3,15125,0,387750
ICICIBANK30Jan20590CE.NFO,07/01/2020,09:54:29,1.3,1.2,13750,1.25,5500,0,387750
ICICIBANK30Jan20590CE.NFO,07/01/2020,09:54:33,1.25,1.2,13750,1.25,5500,1375,379500
ICICIBANK30Jan20590CE.NFO,07/01/2020,09:54:43,1.25,1.2,13750,1.25,8250,0,379500
ICICIBANK30Jan20590CE.NFO,07/01/2020,09:54:47,1.2,1.15,16500,1.25,9625,2750,379500
ICICIBANK30Jan20590CE.NFO,07/01/2020,09:54:52,1.2,1.15,12375,1.25,11000,0,379500
ICICIBANK30Jan20590CE.NFO,07/01/2020,09:54:56,1.2,1.15,15125,1.25,11000,0,379500
ICICIBANK30Jan20590CE.NFO,07/01/2020,09:55:01,1.2,1.15,16500,1.25,11000,0,379500
ICICIBANK30Jan20590CE.NFO,07/01/2020,09:55:31,1.2,1.15,15125,1.25,11000,0,379500
ICICIBANK30Jan20590CE.NFO,07/01/2020,09:55:54,1.2,1.15,13750,1.25,11000,0,379500
ICICIBANK30Jan20590CE.NFO,07/01/2020,09:55:59,1.2,1.15,16500,1.25,11000,0,379500
ICICIBANK30Jan20590CE.NFO,07/01/2020,09:56:08,1.2,1.15,15125,1.25,11000,0,379500
ICICIBANK30Jan20590CE.NFO,07/01/2020,09:56:19,1.2,1.15,15125,1.2,5500,2750,376750
ICICIBANK30Jan20590CE.NFO,07/01/2020,09:57:32,1.2,1.15,15125,1.2,4125,1375,376750
ICICIBANK30Jan20590CE.NFO,07/01/2020,09:57:44,1.2,1.15,13750,1.2,4125,0,376750
ICICIBANK30Jan20590CE.NFO,07/01/2020,09:57:48,1.2,1.15,15125,1.2,4125,0,376750
ICICIBANK30Jan20590CE.NFO,07/01/2020,09:57:58,1.2,1.15,13750,1.2,4125,0,376750
ICICIBANK30Jan20590CE.NFO,07/01/2020,09:58:03,1.2,1.15,15125,1.2,4125,0,376750
ICICIBANK30Jan20590CE.NFO,07/01/2020,09:58:42,1.2,1.15,13750,1.2,6875,0,376750
ICICIBANK30Jan20590CE.NFO,07/01/2020,09:59:16,1.2,1.15,13750,1.2,5500,1375,376750
ICICIBANK30Jan20590CE.NFO,07/01/2020,10:00:21,1.2,1.15,2750,1.2,5500,0,376750
ICICIBANK30Jan20590CE.NFO,07/01/2020,10:00:44,1.2,1.1,13750,1.2,6875,0,376750
ICICIBANK30Jan20590CE.NFO,07/01/2020,10:00:51,1.2,1.1,13750,1.2,8250,0,376750
ICICIBANK30Jan20590CE.NFO,07/01/2020,10:01:04,1.2,1.1,15125,1.2,8250,0,376750
ICICIBANK30Jan20590CE.NFO,07/01/2020,10:01:28,1.2,1.1,13750,1.2,8250,0,376750
ICICIBANK30Jan20590CE.NFO,07/01/2020,10:01:41,1.1,1.1,12375,1.2,8250,1375,375375
ICICIBANK30Jan20590CE.NFO,07/01/2020,10:01:46,1.15,1.1,13750,1.15,4125,1375,375375
ICICIBANK30Jan20590CE.NFO,07/01/2020,10:01:52,1.15,1.1,12375,1.15,4125,0,375375
ICICIBANK30Jan20590CE.NFO,07/01/2020,10:02:02,1.15,1.1,13750,1.15,4125,0,375375
ICICIBANK30Jan20590CE.NFO,07/01/2020,10:02:18,1.15,1.1,13750,1.15,2750,1375,374000
ICICIBANK30Jan20590CE.NFO,07/01/2020,10:02:24,1.15,1.1,13750,1.15,2750,0,374000
ICICIBANK30Jan20590CE.NFO,07/01/2020,10:02:57,1.15,1.1,13750,1.15,5500,0,374000
ICICIBANK30Jan20590CE.NFO,07/01/2020,10:03:02,1.15,1.1,12375,1.15,2750,0,374000
ICICIBANK30Jan20590CE.NFO,07/01/2020,10:03:39,1.15,1.1,12375,1.2,5500,2750,374000
ICICIBANK30Jan20590CE.NFO,07/01/2020,10:04:38,1.15,1.1,13750,1.2,9625,0,374000
ICICIBANK30Jan20590CE.NFO,07/01/2020,10:04:43,1.15,1.1,13750,1.2,11000,0,374000
ICICIBANK30Jan20590CE.NFO,07/01/2020,10:05:14,1.15,1.1,13750,1.2,9625,0,374000
ICICIBANK30Jan20590CE.NFO,07/01/2020,10:05:19,1.15,1.1,13750,1.2,11000,0,374000
ICICIBANK30Jan20590CE.NFO,07/01/2020,10:05:27,1.15,1.1,13750,1.2,12375,0,374000
ICICIBANK30Jan20590CE.NFO,07/01/2020,10:05:44,1.15,1.1,13750,1.2,11000,0,374000
ICICIBANK30Jan20590CE.NFO,07/01/2020,10:05:50,1.15,1.1,13750,1.2,9625,0,374000
ICICIBANK30Jan20590CE.NFO,07/01/2020,10:05:56,1.15,1.1,13750,1.2,11000,0,374000
ICICIBANK30Jan20590CE.NFO,07/01/2020,10:06:45,1.15,1.1,13750,1.15,5500,0,374000
ICICIBANK30Jan20590CE.NFO,07/01/2020,10:06:51,1.15,1.1,13750,1.15,4125,0,374000
ICICIBANK30Jan20590CE.NFO,07/01/2020,10:06:57,1.15,1.1,13750,1.2,11000,0,374000
ICICIBANK30Jan20590CE.NFO,07/01/2020,10:07:13,1.15,1.1,13750,1.15,2750,0,374000
ICICIBANK30Jan20590CE.NFO,07/01/2020,10:07:40,1.15,1.1,13750,1.15,1375,0,374000
ICICIBANK30Jan20590CE.NFO,07/01/2020,10:07:45,1.15,1.1,13750,1.15,4125,0,374000
ICICIBANK30Jan20590CE.NFO,07/01/2020,10:07:50,1.15,1.1,13750,1.15,1375,0,374000
ICICIBANK30Jan20590CE.NFO,07/01/2020,10:08:48,1.15,1.1,13750,1.2,11000,1375,375375
ICICIBANK30Jan20590CE.NFO,07/01/2020,10:08:56,1.15,1.1,13750,1.2,11000,0,375375
ICICIBANK30Jan20590CE.NFO,07/01/2020,10:09:43,1.15,1.1,13750,1.15,1375,0,375375
ICICIBANK30Jan20590CE.NFO,07/01/2020,10:10:02,1.15,1.1,13750,1.2,11000,0,375375
ICICIBANK30Jan20590CE.NFO,07/01/2020,10:10:17,1.15,1.1,13750,1.2,9625,0,375375
ICICIBANK30Jan20590CE.NFO,07/01/2020,10:10:21,1.15,1.1,13750,1.2,11000,0,375375
ICICIBANK30Jan20590CE.NFO,07/01/2020,10:11:12,1.15,1.1,13750,1.2,5500,0,375375
ICICIBANK30Jan20590CE.NFO,07/01/2020,10:11:17,1.15,1.1,13750,1.2,6875,0,375375
ICICIBANK30Jan20590CE.NFO,07/01/2020,10:11:23,1.15,1.1,13750,1.2,11000,0,375375
ICICIBANK30Jan20590CE.NFO,07/01/2020,10:11:28,1.15,1.1,13750,1.2,9625,0,375375
ICICIBANK30Jan20590CE.NFO,07/01/2020,10:11:39,1.15,1.15,12375,1.2,9625,0,375375
ICICIBANK30Jan20590CE.NFO,07/01/2020,10:11:44,1.15,1.15,12375,1.2,11000,0,375375
ICICIBANK30Jan20590CE.NFO,07/01/2020,10:11:49,1.15,1.15,5500,1.2,11000,0,375375
ICICIBANK30Jan20590CE.NFO,07/01/2020,10:12:05,1.15,1.15,9625,1.2,9625,0,375375
ICICIBANK30Jan20590CE.NFO,07/01/2020,10:12:16,1.15,1.15,5500,1.2,11000,0,375375
ICICIBANK30Jan20590CE.NFO,07/01/2020,10:12:31,1.15,1.15,8250,1.2,9625,0,375375
ICICIBANK30Jan20590CE.NFO,07/01/2020,10:12:40,1.15,1.15,8250,1.2,11000,0,375375
ICICIBANK30Jan20590CE.NFO,07/01/2020,10:12:55,1.15,1.15,8250,1.2,8250,0,375375
ICICIBANK30Jan20590CE.NFO,07/01/2020,10:13:10,1.15,1.15,1375,1.2,8250,0,375375
ICICIBANK30Jan20590CE.NFO,07/01/2020,10:13:39,1.15,1.15,6875,1.2,8250,0,375375
ICICIBANK30Jan20590CE.NFO,07/01/2020,10:13:44,1.2,1.15,5500,1.2,6875,1375,375375
ICICIBANK30Jan20590CE.NFO,07/01/2020,10:13:50,1.2,1.15,8250,1.2,6875,0,375375
ICICIBANK30Jan20590CE.NFO,07/01/2020,10:13:56,1.2,1.15,9625,1.2,4125,0,375375
ICICIBANK30Jan20590CE.NFO,07/01/2020,10:14:14,1.2,1.15,9625,1.2,2750,0,375375
ICICIBANK30Jan20590CE.NFO,07/01/2020,10:14:25,1.2,1.15,9625,1.2,4125,0,375375
ICICIBANK30Jan20590CE.NFO,07/01/2020,10:14:31,1.2,1.15,5500,1.2,4125,0,375375
ICICIBANK30Jan20590CE.NFO,07/01/2020,10:14:46,1.2,1.15,11000,1.2,4125,0,375375
ICICIBANK30Jan20590CE.NFO,07/01/2020,10:15:21,1.2,1.15,4125,1.2,4125,0,375375
ICICIBANK30Jan20590CE.NFO,07/01/2020,10:15:40,1.2,1.15,2750,1.2,4125,0,375375
ICICIBANK30Jan20590CE.NFO,07/01/2020,10:15:45,1.2,1.15,1375,1.2,6875,0,375375
ICICIBANK30Jan20590CE.NFO,07/01/2020,10:15:52,1.15,1.1,15125,1.2,6875,1375,371250
ICICIBANK30Jan20590CE.NFO,07/01/2020,10:16:16,1.15,1.1,15125,1.2,9625,0,371250
ICICIBANK30Jan20590CE.NFO,07/01/2020,10:16:39,1.15,1.1,12375,1.2,9625,0,371250
ICICIBANK30Jan20590CE.NFO,07/01/2020,10:16:44,1.15,1.1,19250,1.15,1375,0,371250
ICICIBANK30Jan20590CE.NFO,07/01/2020,10:17:11,1.15,1.1,17875,1.15,8250,0,371250
ICICIBANK30Jan20590CE.NFO,07/01/2020,10:17:15,1.15,1.1,15125,1.15,8250,0,371250
ICICIBANK30Jan20590CE.NFO,07/01/2020,10:17:23,1.15,1.1,16500,1.15,8250,0,371250
ICICIBANK30Jan20590CE.NFO,07/01/2020,10:17:31,1.15,1.1,16500,1.15,9625,0,371250
ICICIBANK30Jan20590CE.NFO,07/01/2020,10:17:37,1.15,1.1,15125,1.15,9625,0,371250
ICICIBANK30Jan20590CE.NFO,07/01/2020,10:18:26,1.15,1.1,13750,1.15,9625,0,371250
ICICIBANK30Jan20590CE.NFO,07/01/2020,10:18:40,1.15,1.1,1375,1.15,9625,0,371250
ICICIBANK30Jan20590CE.NFO,07/01/2020,10:18:46,1.1,1.05,20625,1.15,12375,1375,371250
ICICIBANK30Jan20590CE.NFO,07/01/2020,10:18:51,1.1,1.05,20625,1.15,12375,0,371250
ICICIBANK30Jan20590CE.NFO,07/01/2020,10:20:23,1.1,1.05,20625,1.15,6875,0,371250
ICICIBANK30Jan20590CE.NFO,07/01/2020,10:20:40,1.1,1.05,20625,1.15,9625,0,371250
ICICIBANK30Jan20590CE.NFO,07/01/2020,10:21:08,1.1,1.05,20625,1.15,6875,0,371250
ICICIBANK30Jan20590CE.NFO,07/01/2020,10:21:16,1.1,1.05,20625,1.15,9625,0,371250
ICICIBANK30Jan20590CE.NFO,07/01/2020,10:25:03,1.1,1.05,20625,1.15,8250,0,371250
ICICIBANK30Jan20590CE.NFO,07/01/2020,10:29:19,1.1,1.05,20625,1.15,5500,0,369875
ICICIBANK30Jan20590CE.NFO,07/01/2020,10:29:41,1.1,1.05,20625,1.15,8250,0,369875
ICICIBANK30Jan20590CE.NFO,07/01/2020,10:30:03,1.1,1.05,20625,1.15,5500,0,369875
ICICIBANK30Jan20590CE.NFO,07/01/2020,10:30:44,1.1,1.05,20625,1.15,8250,0,369875
ICICIBANK30Jan20590CE.NFO,07/01/2020,10:31:06,1.1,1.05,20625,1.15,11000,0,369875
ICICIBANK30Jan20590CE.NFO,07/01/2020,10:32:19,1.1,1.05,20625,1.15,11000,1375,369875
ICICIBANK30Jan20590CE.NFO,07/01/2020,10:35:21,1.1,1.05,20625,1.15,8250,0,369875
ICICIBANK30Jan20590CE.NFO,07/01/2020,10:35:28,1.1,1.05,20625,1.15,11000,0,369875
ICICIBANK30Jan20590CE.NFO,07/01/2020,10:37:01,1.1,1.05,20625,1.15,8250,0,369875
ICICIBANK30Jan20590CE.NFO,07/01/2020,10:37:08,1.1,1.1,12375,1.15,8250,0,369875
ICICIBANK30Jan20590CE.NFO,07/01/2020,10:37:15,1.1,1.1,12375,1.15,11000,0,369875
ICICIBANK30Jan20590CE.NFO,07/01/2020,10:37:31,1.1,1.1,12375,1.15,8250,0,369875
ICICIBANK30Jan20590CE.NFO,07/01/2020,10:37:39,1.1,1.1,12375,1.15,11000,0,369875
ICICIBANK30Jan20590CE.NFO,07/01/2020,10:37:43,1.1,1.1,12375,1.15,8250,0,369875
ICICIBANK30Jan20590CE.NFO,07/01/2020,10:38:46,1.1,1.1,12375,1.15,11000,0,369875
ICICIBANK30Jan20590CE.NFO,07/01/2020,10:39:07,1.1,1.1,15125,1.15,11000,0,369875
ICICIBANK30Jan20590CE.NFO,07/01/2020,10:40:06,1.1,1.1,15125,1.15,8250,0,369875
ICICIBANK30Jan20590CE.NFO,07/01/2020,10:40:56,1.1,1.1,12375,1.15,8250,0,369875
ICICIBANK30Jan20590CE.NFO,07/01/2020,10:41:22,1.1,1.1,13750,1.15,8250,0,369875
ICICIBANK30Jan20590CE.NFO,07/01/2020,10:41:27,1.1,1.1,12375,1.15,6875,0,369875
ICICIBANK30Jan20590CE.NFO,07/01/2020,10:41:46,1.1,1.1,12375,1.15,4125,0,369875
ICICIBANK30Jan20590CE.NFO,07/01/2020,10:42:32,1.1,1.1,12375,1.15,6875,0,369875
ICICIBANK30Jan20590CE.NFO,07/01/2020,10:43:26,1.1,1.1,12375,1.15,4125,0,369875
ICICIBANK30Jan20590CE.NFO,07/01/2020,10:43:49,1.15,1.1,12375,1.15,1375,2750,369875
ICICIBANK30Jan20590CE.NFO,07/01/2020,10:43:56,1.15,1.1,13750,1.15,1375,0,369875
ICICIBANK30Jan20590CE.NFO,07/01/2020,10:44:30,1.15,1.1,12375,1.15,1375,0,369875
ICICIBANK30Jan20590CE.NFO,07/01/2020,10:44:36,1.15,1.1,13750,1.15,1375,0,369875
ICICIBANK30Jan20590CE.NFO,07/01/2020,10:44:43,1.15,1.1,12375,1.15,1375,0,369875
ICICIBANK30Jan20590CE.NFO,07/01/2020,10:44:45,1.15,1.1,13750,1.15,1375,0,369875
ICICIBANK30Jan20590CE.NFO,07/01/2020,10:45:00,1.15,1.1,12375,1.15,1375,0,369875
ICICIBANK30Jan20590CE.NFO,07/01/2020,10:45:05,1.15,1.1,12375,1.15,2750,0,369875
ICICIBANK30Jan20590CE.NFO,07/01/2020,10:45:13,1.15,1.1,13750,1.15,2750,0,369875
ICICIBANK30Jan20590CE.NFO,07/01/2020,10:45:17,1.15,1.1,12375,1.15,2750,0,369875
ICICIBANK30Jan20590CE.NFO,07/01/2020,10:45:34,1.15,1.1,12375,1.15,1375,0,369875
ICICIBANK30Jan20590CE.NFO,07/01/2020,10:45:51,1.15,1.1,13750,1.15,1375,0,369875
ICICIBANK30Jan20590CE.NFO,07/01/2020,10:46:00,1.15,1.1,15125,1.15,4125,1375,369875
ICICIBANK30Jan20590CE.NFO,07/01/2020,10:46:46,1.15,1.1,13750,1.15,4125,0,369875
ICICIBANK30Jan20590CE.NFO,07/01/2020,10:46:53,1.15,1.1,12375,1.15,4125,0,369875
ICICIBANK30Jan20590CE.NFO,07/01/2020,10:47:01,1.15,1.1,13750,1.15,4125,0,369875
ICICIBANK30Jan20590CE.NFO,07/01/2020,10:47:10,1.15,1.1,12375,1.15,4125,0,369875
ICICIBANK30Jan20590CE.NFO,07/01/2020,10:47:17,1.15,1.1,13750,1.15,4125,0,369875
ICICIBANK30Jan20590CE.NFO,07/01/2020,10:47:34,1.15,1.1,12375,1.15,4125,0,369875
ICICIBANK30Jan20590CE.NFO,07/01/2020,10:47:37,1.15,1.1,13750,1.15,4125,0,369875
ICICIBANK30Jan20590CE.NFO,07/01/2020,10:47:43,1.15,1.1,12375,1.15,4125,0,369875
ICICIBANK30Jan20590CE.NFO,07/01/2020,10:47:47,1.15,1.1,15125,1.15,4125,0,369875
ICICIBANK30Jan20590CE.NFO,07/01/2020,10:47:51,1.15,1.1,13750,1.15,4125,0,369875
ICICIBANK30Jan20590CE.NFO,07/01/2020,10:47:54,1.15,1.1,12375,1.15,4125,0,369875
ICICIBANK30Jan20590CE.NFO,07/01/2020,10:48:13,1.15,1.1,15125,1.15,2750,1375,371250
ICICIBANK30Jan20590CE.NFO,07/01/2020,10:48:33,1.15,1.1,13750,1.15,2750,0,371250
ICICIBANK30Jan20590CE.NFO,07/01/2020,10:48:38,1.15,1.1,13750,1.15,5500,0,371250
ICICIBANK30Jan20590CE.NFO,07/01/2020,10:48:50,1.15,1.1,12375,1.15,5500,0,371250
ICICIBANK30Jan20590CE.NFO,07/01/2020,10:48:53,1.15,1.1,12375,1.15,2750,0,371250
ICICIBANK30Jan20590CE.NFO,07/01/2020,10:49:22,1.15,1.1,12375,1.15,5500,0,371250
ICICIBANK30Jan20590CE.NFO,07/01/2020,10:50:13,1.15,1.1,12375,1.15,2750,0,371250
ICICIBANK30Jan20590CE.NFO,07/01/2020,10:50:27,1.15,1.1,12375,1.15,5500,0,371250
ICICIBANK30Jan20590CE.NFO,07/01/2020,10:50:44,1.15,1.1,13750,1.15,2750,0,371250
ICICIBANK30Jan20590CE.NFO,07/01/2020,10:50:47,1.15,1.1,12375,1.15,2750,0,371250
ICICIBANK30Jan20590CE.NFO,07/01/2020,10:51:06,1.15,1.1,12375,1.15,5500,0,371250
ICICIBANK30Jan20590CE.NFO,07/01/2020,10:51:10,1.15,1.1,9625,1.15,5500,0,371250
ICICIBANK30Jan20590CE.NFO,07/01/2020,10:51:13,1.15,1.1,9625,1.15,8250,0,371250
ICICIBANK30Jan20590CE.NFO,07/01/2020,10:51:17,1.15,1.1,9625,1.15,9625,0,371250
ICICIBANK30Jan20590CE.NFO,07/01/2020,10:51:41,1.15,1.1,9625,1.15,6875,0,371250
ICICIBANK30Jan20590CE.NFO,07/01/2020,10:51:45,1.15,1.1,9625,1.15,9625,0,371250
ICICIBANK30Jan20590CE.NFO,07/01/2020,10:51:55,1.15,1.1,12375,1.15,9625,0,371250
ICICIBANK30Jan20590CE.NFO,07/01/2020,10:52:11,1.15,1.1,9625,1.15,9625,0,371250
ICICIBANK30Jan20590CE.NFO,07/01/2020,10:53:00,1.15,1.05,16500,1.15,9625,0,371250
ICICIBANK30Jan20590CE.NFO,07/01/2020,10:53:06,1.15,1.05,17875,1.15,9625,0,371250
ICICIBANK30Jan20590CE.NFO,07/01/2020,10:54:14,1.15,1.05,17875,1.15,6875,0,371250
ICICIBANK30Jan20590CE.NFO,07/01/2020,10:54:39,1.15,1.05,17875,1.15,9625,0,371250
ICICIBANK30Jan20590CE.NFO,07/01/2020,10:54:51,1.15,1.05,17875,1.15,6875,0,371250
ICICIBANK30Jan20590CE.NFO,07/01/2020,10:55:06,1.15,1.05,17875,1.15,9625,0,371250
ICICIBANK30Jan20590CE.NFO,07/01/2020,10:55:26,1.1,1.05,17875,1.1,5500,1375,371250
ICICIBANK30Jan20590CE.NFO,07/01/2020,10:55:33,1.1,1.05,17875,1.1,5500,0,371250
ICICIBANK30Jan20590CE.NFO,07/01/2020,10:55:39,1.1,1.05,17875,1.1,4125,1375,371250
ICICIBANK30Jan20590CE.NFO,07/01/2020,10:55:49,1.1,1.05,17875,1.1,4125,0,371250
ICICIBANK30Jan20590CE.NFO,07/01/2020,10:56:07,1.1,1.05,17875,1.15,9625,1375,371250
ICICIBANK30Jan20590CE.NFO,07/01/2020,10:56:12,1.1,1.05,17875,1.15,9625,0,371250
ICICIBANK30Jan20590CE.NFO,07/01/2020,10:57:08,1.1,1.05,5500,1.15,9625,0,371250
ICICIBANK30Jan20590CE.NFO,07/01/2020,10:57:14,1.1,1,20625,1.1,19250,0,371250
ICICIBANK30Jan20590CE.NFO,07/01/2020,10:57:21,1.1,1,19250,1.1,19250,0,371250
ICICIBANK30Jan20590CE.NFO,07/01/2020,10:57:27,1.1,1,17875,1.1,19250,0,371250
ICICIBANK30Jan20590CE.NFO,07/01/2020,10:57:59,1.1,1,16500,1.1,19250,0,371250
ICICIBANK30Jan20590CE.NFO,07/01/2020,10:58:18,1.1,1,4125,1.1,19250,0,371250
ICICIBANK30Jan20590CE.NFO,07/01/2020,10:58:25,1,1,9625,1.1,22000,1375,372625
ICICIBANK30Jan20590CE.NFO,07/01/2020,10:58:44,1,1,9625,1.1,22000,0,372625
ICICIBANK30Jan20590CE.NFO,07/01/2020,10:59:03,1,1,11000,1.1,22000,0,372625
ICICIBANK30Jan20590CE.NFO,07/01/2020,10:59:34,1,1,11000,1.1,20625,0,372625
ICICIBANK30Jan20590CE.NFO,07/01/2020,10:59:40,1,1.05,15125,1.1,13750,0,372625
ICICIBANK30Jan20590CE.NFO,07/01/2020,10:59:46,1,1.05,8250,1.1,13750,0,372625
ICICIBANK30Jan20590CE.NFO,07/01/2020,10:59:51,1,1.05,11000,1.1,13750,0,372625
ICICIBANK30Jan20590CE.NFO,07/01/2020,11:00:10,1,1.05,5500,1.1,12375,0,372625
ICICIBANK30Jan20590CE.NFO,07/01/2020,11:00:18,1,1,11000,1.1,12375,0,372625
ICICIBANK30Jan20590CE.NFO,07/01/2020,11:00:51,1,1,8250,1.1,12375,0,372625
ICICIBANK30Jan20590CE.NFO,07/01/2020,11:01:06,1,1,5500,1.05,12375,0,372625
ICICIBANK30Jan20590CE.NFO,07/01/2020,11:01:13,1,1,6875,1.05,8250,0,372625
ICICIBANK30Jan20590CE.NFO,07/01/2020,11:01:20,1,0.95,17875,1.05,11000,0,372625
ICICIBANK30Jan20590CE.NFO,07/01/2020,11:01:36,1,1,16500,1.05,8250,0,372625
ICICIBANK30Jan20590CE.NFO,07/01/2020,11:01:43,1,1,17875,1.05,5500,0,372625
ICICIBANK30Jan20590CE.NFO,07/01/2020,11:01:51,1.05,1.05,5500,1.1,12375,2750,374000
ICICIBANK30Jan20590CE.NFO,07/01/2020,11:01:59,1.05,1,17875,1.1,12375,1375,374000
ICICIBANK30Jan20590CE.NFO,07/01/2020,11:02:06,1.05,1.05,1375,1.1,12375,0,374000
ICICIBANK30Jan20590CE.NFO,07/01/2020,11:02:20,1.05,1,15125,1.1,12375,1375,374000
ICICIBANK30Jan20590CE.NFO,07/01/2020,11:02:25,1.05,1,13750,1.1,12375,0,374000
ICICIBANK30Jan20590CE.NFO,07/01/2020,11:02:38,1.05,1,17875,1.1,12375,0,374000
ICICIBANK30Jan20590CE.NFO,07/01/2020,11:02:51,1.05,1,5500,1.1,12375,0,374000
ICICIBANK30Jan20590CE.NFO,07/01/2020,11:02:58,1.05,1,8250,1.1,12375,0,374000
ICICIBANK30Jan20590CE.NFO,07/01/2020,11:03:04,1.05,1,8250,1.1,13750,0,374000
ICICIBANK30Jan20590CE.NFO,07/01/2020,11:03:11,1.05,1,6875,1.1,13750,0,374000
ICICIBANK30Jan20590CE.NFO,07/01/2020,11:03:18,1.05,1,6875,1.05,16500,0,374000
ICICIBANK30Jan20590CE.NFO,07/01/2020,11:03:25,1.05,1,8250,1.05,16500,0,374000
ICICIBANK30Jan20590CE.NFO,07/01/2020,11:03:37,1.05,1,6875,1.05,16500,0,374000
ICICIBANK30Jan20590CE.NFO,07/01/2020,11:03:45,1.05,1,8250,1.05,16500,0,374000
ICICIBANK30Jan20590CE.NFO,07/01/2020,11:03:52,1.05,1,8250,1.05,8250,0,374000
ICICIBANK30Jan20590CE.NFO,07/01/2020,11:03:59,1.05,1,9625,1.1,13750,0,374000
ICICIBANK30Jan20590CE.NFO,07/01/2020,11:04:06,1.05,1,6875,1.1,13750,0,374000
ICICIBANK30Jan20590CE.NFO,07/01/2020,11:04:12,1.05,1,8250,1.1,13750,0,374000
ICICIBANK30Jan20590CE.NFO,07/01/2020,11:05:27,1.05,1,8250,1.1,15125,0,374000
ICICIBANK30Jan20590CE.NFO,07/01/2020,11:05:34,1.05,1.05,16500,1.1,12375,0,374000
ICICIBANK30Jan20590CE.NFO,07/01/2020,11:06:02,1.05,1.05,13750,1.1,12375,0,374000
ICICIBANK30Jan20590CE.NFO,07/01/2020,11:06:08,1.05,1.05,15125,1.1,12375,0,374000
ICICIBANK30Jan20590CE.NFO,07/01/2020,11:06:22,1.05,1.05,13750,1.1,15125,0,374000
ICICIBANK30Jan20590CE.NFO,07/01/2020,11:06:38,1.05,1.05,15125,1.1,15125,0,374000
ICICIBANK30Jan20590CE.NFO,07/01/2020,11:06:48,1.05,1.05,13750,1.1,15125,0,374000
ICICIBANK30Jan20590CE.NFO,07/01/2020,11:06:54,1.05,1.05,15125,1.1,15125,0,374000
ICICIBANK30Jan20590CE.NFO,07/01/2020,11:07:04,1.05,1.05,13750,1.1,15125,0,374000
ICICIBANK30Jan20590CE.NFO,07/01/2020,11:07:09,1.05,1.05,4125,1.1,15125,0,374000
ICICIBANK30Jan20590CE.NFO,07/01/2020,11:07:19,1.05,1.05,6875,1.1,15125,0,374000
ICICIBANK30Jan20590CE.NFO,07/01/2020,11:07:52,1.05,1.05,4125,1.1,15125,0,374000
ICICIBANK30Jan20590CE.NFO,07/01/2020,11:09:11,1.05,1.05,6875,1.1,15125,0,374000
ICICIBANK30Jan20590CE.NFO,07/01/2020,11:09:21,1.05,1.05,4125,1.1,15125,0,374000
ICICIBANK30Jan20590CE.NFO,07/01/2020,11:09:31,1.05,1.05,6875,1.1,15125,0,374000
ICICIBANK30Jan20590CE.NFO,07/01/2020,11:09:35,1.05,1.05,4125,1.1,15125,0,374000
ICICIBANK30Jan20590CE.NFO,07/01/2020,11:09:48,1.1,1.05,4125,1.1,13750,1375,371250
ICICIBANK30Jan20590CE.NFO,07/01/2020,11:10:05,1.1,1.05,6875,1.1,13750,0,371250
ICICIBANK30Jan20590CE.NFO,07/01/2020,11:10:13,1.1,1.05,4125,1.1,13750,0,371250
ICICIBANK30Jan20590CE.NFO,07/01/2020,11:10:33,1.1,1.05,5500,1.1,13750,0,371250
ICICIBANK30Jan20590CE.NFO,07/01/2020,11:10:37,1.1,1.05,4125,1.1,13750,0,371250
ICICIBANK30Jan20590CE.NFO,07/01/2020,11:11:04,1.05,1,9625,1.1,13750,2750,371250
ICICIBANK30Jan20590CE.NFO,07/01/2020,11:11:10,1.05,1,8250,1.05,6875,0,371250
ICICIBANK30Jan20590CE.NFO,07/01/2020,11:11:29,1.05,1,6875,1.05,11000,0,371250
ICICIBANK30Jan20590CE.NFO,07/01/2020,11:11:37,1.05,1,6875,1.05,9625,0,371250
ICICIBANK30Jan20590CE.NFO,07/01/2020,11:11:44,1.05,1,6875,1.05,6875,0,371250
ICICIBANK30Jan20590CE.NFO,07/01/2020,11:12:04,1.05,1,4125,1.05,6875,0,371250
ICICIBANK30Jan20590CE.NFO,07/01/2020,11:12:26,1.05,1,5500,1.05,6875,0,371250
ICICIBANK30Jan20590CE.NFO,07/01/2020,11:12:33,1.05,1,8250,1.1,13750,2750,371250
ICICIBANK30Jan20590CE.NFO,07/01/2020,11:12:39,1.05,1.05,2750,1.1,13750,0,371250
ICICIBANK30Jan20590CE.NFO,07/01/2020,11:14:08,1.05,1.05,4125,1.1,13750,0,371250
ICICIBANK30Jan20590CE.NFO,07/01/2020,11:14:31,1.05,1.05,6875,1.1,13750,0,371250
ICICIBANK30Jan20590CE.NFO,07/01/2020,11:14:40,1.05,1.05,4125,1.1,13750,0,371250
ICICIBANK30Jan20590CE.NFO,07/01/2020,11:15:47,1.05,1,6875,1.05,4125,4125,371250
ICICIBANK30Jan20590CE.NFO,07/01/2020,11:15:57,1.05,1,9625,1.05,4125,0,371250
ICICIBANK30Jan20590CE.NFO,07/01/2020,11:16:03,1.05,1,9625,1.05,9625,0,371250
ICICIBANK30Jan20590CE.NFO,07/01/2020,11:16:10,1.05,1,8250,1.05,9625,0,371250
ICICIBANK30Jan20590CE.NFO,07/01/2020,11:16:16,1.05,1,9625,1.05,9625,0,371250
ICICIBANK30Jan20590CE.NFO,07/01/2020,11:16:23,1.05,1,9625,1.05,6875,0,371250
ICICIBANK30Jan20590CE.NFO,07/01/2020,11:16:45,1.05,1,9625,1.05,9625,0,371250
ICICIBANK30Jan20590CE.NFO,07/01/2020,11:16:52,1.05,1,5500,1.05,9625,0,371250
ICICIBANK30Jan20590CE.NFO,07/01/2020,11:16:58,1.05,1,6875,1.05,9625,0,371250
ICICIBANK30Jan20590CE.NFO,07/01/2020,11:17:04,1.05,1,5500,1.05,9625,0,371250
ICICIBANK30Jan20590CE.NFO,07/01/2020,11:17:08,1.05,1,6875,1.05,9625,0,371250
ICICIBANK30Jan20590CE.NFO,07/01/2020,11:17:13,1.05,1,5500,1.05,9625,0,371250
ICICIBANK30Jan20590CE.NFO,07/01/2020,11:17:27,1.05,1,6875,1.05,9625,0,371250
ICICIBANK30Jan20590CE.NFO,07/01/2020,11:17:59,1.05,1,6875,1.05,11000,0,371250
ICICIBANK30Jan20590CE.NFO,07/01/2020,11:18:20,1.05,1,6875,1.05,8250,0,371250
ICICIBANK30Jan20590CE.NFO,07/01/2020,11:18:25,1.05,1,6875,1.05,6875,0,371250
ICICIBANK30Jan20590CE.NFO,07/01/2020,11:18:35,1.05,1,6875,1.05,4125,0,371250
ICICIBANK30Jan20590CE.NFO,07/01/2020,11:18:53,1.05,1,6875,1.05,1375,0,371250
ICICIBANK30Jan20590CE.NFO,07/01/2020,11:19:11,1.05,1,6875,1.1,15125,1375,371250
ICICIBANK30Jan20590CE.NFO,07/01/2020,11:20:12,1.05,1,5500,1.1,15125,0,371250
ICICIBANK30Jan20590CE.NFO,07/01/2020,11:20:18,1.05,1,6875,1.1,15125,0,371250
ICICIBANK30Jan20590CE.NFO,07/01/2020,11:23:46,1.05,1,9625,1.1,15125,0,371250
ICICIBANK30Jan20590CE.NFO,07/01/2020,11:31:54,1.05,1,9625,1.1,12375,0,372625
ICICIBANK30Jan20590CE.NFO,07/01/2020,11:32:11,1.05,1.05,4125,1.1,12375,0,372625
ICICIBANK30Jan20590CE.NFO,07/01/2020,11:32:36,1.05,1.05,5500,1.1,12375,0,372625
ICICIBANK30Jan20590CE.NFO,07/01/2020,11:32:41,1.05,1.05,4125,1.1,12375,0,372625
ICICIBANK30Jan20590CE.NFO,07/01/2020,11:32:46,1.05,1.05,2750,1.1,12375,0,372625
ICICIBANK30Jan20590CE.NFO,07/01/2020,11:32:50,1.05,1.05,1375,1.1,12375,1375,372625
ICICIBANK30Jan20590CE.NFO,07/01/2020,11:33:45,1.05,1.05,8250,1.1,11000,0,372625
ICICIBANK30Jan20590CE.NFO,07/01/2020,11:33:54,1.05,1.05,8250,1.1,12375,0,372625
ICICIBANK30Jan20590CE.NFO,07/01/2020,11:34:05,1.05,1.05,8250,1.1,11000,0,372625
ICICIBANK30Jan20590CE.NFO,07/01/2020,11:34:12,1.05,1.05,5500,1.1,12375,0,372625
ICICIBANK30Jan20590CE.NFO,07/01/2020,11:34:19,1.05,1.05,4125,1.1,12375,0,372625
ICICIBANK30Jan20590CE.NFO,07/01/2020,11:34:25,1.05,1.05,5500,1.1,12375,0,372625
ICICIBANK30Jan20590CE.NFO,07/01/2020,11:36:04,1.05,1.05,5500,1.1,11000,0,372625
ICICIBANK30Jan20590CE.NFO,07/01/2020,11:36:09,1.05,1.05,5500,1.1,12375,0,372625
ICICIBANK30Jan20590CE.NFO,07/01/2020,11:36:44,1.05,1.05,2750,1.1,12375,0,372625
ICICIBANK30Jan20590CE.NFO,07/01/2020,11:39:56,1.1,1.05,2750,1.1,9625,2750,372625
ICICIBANK30Jan20590CE.NFO,07/01/2020,11:41:58,1.05,1,9625,1.1,11000,2750,374000
ICICIBANK30Jan20590CE.NFO,07/01/2020,11:47:41,1.05,1,12375,1.1,6875,0,374000
ICICIBANK30Jan20590CE.NFO,07/01/2020,11:47:57,1.05,1,12375,1.1,5500,0,374000
ICICIBANK30Jan20590CE.NFO,07/01/2020,11:48:20,1.05,1,12375,1.1,6875,0,374000
ICICIBANK30Jan20590CE.NFO,07/01/2020,11:48:27,1.1,1,12375,1.1,4125,2750,369875
ICICIBANK30Jan20590CE.NFO,07/01/2020,11:48:31,1.1,1.05,15125,1.1,1375,2750,369875
ICICIBANK30Jan20590CE.NFO,07/01/2020,11:48:34,1.1,1.05,15125,1.15,9625,0,369875
ICICIBANK30Jan20590CE.NFO,07/01/2020,11:48:42,1.1,1.05,15125,1.15,15125,0,369875
ICICIBANK30Jan20590CE.NFO,07/01/2020,11:48:48,1.1,1.05,17875,1.15,15125,0,369875
ICICIBANK30Jan20590CE.NFO,07/01/2020,11:49:04,1.1,1.05,17875,1.15,13750,0,369875
ICICIBANK30Jan20590CE.NFO,07/01/2020,11:49:37,1.1,1.05,19250,1.15,13750,0,369875
ICICIBANK30Jan20590CE.NFO,07/01/2020,11:49:45,1.1,1.05,19250,1.15,16500,0,369875
ICICIBANK30Jan20590CE.NFO,07/01/2020,11:50:29,1.05,1.05,16500,1.15,16500,1375,369875
ICICIBANK30Jan20590CE.NFO,07/01/2020,11:50:51,1.05,1.05,16500,1.15,16500,0,369875
ICICIBANK30Jan20590CE.NFO,07/01/2020,11:50:57,1.05,1.05,6875,1.15,16500,0,369875
ICICIBANK30Jan20590CE.NFO,07/01/2020,11:51:06,1.05,1.05,4125,1.1,19250,0,369875
ICICIBANK30Jan20590CE.NFO,07/01/2020,11:51:23,1.05,1.05,11000,1.1,19250,0,369875
ICICIBANK30Jan20590CE.NFO,07/01/2020,11:51:27,1.05,1.05,9625,1.1,19250,0,369875
ICICIBANK30Jan20590CE.NFO,07/01/2020,11:51:37,1.05,1.05,11000,1.1,19250,0,369875
ICICIBANK30Jan20590CE.NFO,07/01/2020,11:51:45,1.05,1.05,6875,1.1,13750,0,369875
ICICIBANK30Jan20590CE.NFO,07/01/2020,11:51:58,1.05,1.05,9625,1.1,13750,0,369875
ICICIBANK30Jan20590CE.NFO,07/01/2020,11:52:07,1.05,1.05,8250,1.1,13750,0,369875
ICICIBANK30Jan20590CE.NFO,07/01/2020,11:52:56,1.05,1.05,6875,1.1,13750,0,369875
ICICIBANK30Jan20590CE.NFO,07/01/2020,11:53:06,1.05,1.05,8250,1.1,9625,0,369875
ICICIBANK30Jan20590CE.NFO,07/01/2020,11:53:11,1.05,1.05,11000,1.1,9625,0,369875
ICICIBANK30Jan20590CE.NFO,07/01/2020,11:53:34,1.05,1.05,8250,1.1,11000,0,369875
ICICIBANK30Jan20590CE.NFO,07/01/2020,11:54:26,1.05,1.05,6875,1.1,11000,0,369875
ICICIBANK30Jan20590CE.NFO,07/01/2020,11:54:41,1.05,1.05,8250,1.1,11000,0,369875
ICICIBANK30Jan20590CE.NFO,07/01/2020,11:54:42,1.05,1.05,6875,1.1,11000,0,369875
ICICIBANK30Jan20590CE.NFO,07/01/2020,11:54:49,1.05,1.05,2750,1.1,11000,1375,371250
ICICIBANK30Jan20590CE.NFO,07/01/2020,11:54:52,1.05,1,15125,1.1,13750,2750,371250
ICICIBANK30Jan20590CE.NFO,07/01/2020,11:54:57,1.05,1,15125,1.1,15125,0,371250
ICICIBANK30Jan20590CE.NFO,07/01/2020,11:55:16,1.05,1,15125,1.1,17875,0,371250
ICICIBANK30Jan20590CE.NFO,07/01/2020,11:55:23,1.05,1,15125,1.1,16500,0,371250
ICICIBANK30Jan20590CE.NFO,07/01/2020,11:55:28,1.05,1,15125,1.05,5500,0,371250
ICICIBANK30Jan20590CE.NFO,07/01/2020,11:55:32,1.05,1,15125,1.05,8250,0,371250
ICICIBANK30Jan20590CE.NFO,07/01/2020,11:55:49,1.05,1,15125,1.05,11000,0,371250
ICICIBANK30Jan20590CE.NFO,07/01/2020,11:56:21,1.05,1,13750,1.05,11000,0,371250
ICICIBANK30Jan20590CE.NFO,07/01/2020,11:56:22,1.05,1,15125,1.05,11000,0,371250
ICICIBANK30Jan20590CE.NFO,07/01/2020,11:56:25,1.05,1,13750,1.05,11000,0,371250
ICICIBANK30Jan20590CE.NFO,07/01/2020,11:57:15,1.05,1,16500,1.05,11000,0,371250
ICICIBANK30Jan20590CE.NFO,07/01/2020,11:57:38,1.05,1,2750,1.05,11000,0,371250
ICICIBANK30Jan20590CE.NFO,07/01/2020,11:57:44,1.05,0.95,20625,1.05,13750,0,371250
ICICIBANK30Jan20590CE.NFO,07/01/2020,11:58:02,1.05,0.95,20625,1.05,6875,2750,371250
ICICIBANK30Jan20590CE.NFO,07/01/2020,11:58:05,1.05,0.95,20625,1.05,5500,0,371250
ICICIBANK30Jan20590CE.NFO,07/01/2020,11:58:08,1.05,0.95,20625,1.05,6875,0,371250
ICICIBANK30Jan20590CE.NFO,07/01/2020,11:58:11,1.05,0.95,20625,1.05,5500,0,371250
ICICIBANK30Jan20590CE.NFO,07/01/2020,11:58:20,1.05,0.95,20625,1.05,16500,0,371250
ICICIBANK30Jan20590CE.NFO,07/01/2020,11:58:40,1.05,0.95,19250,1.05,16500,0,371250
ICICIBANK30Jan20590CE.NFO,07/01/2020,11:58:53,1.05,0.95,17875,1.05,16500,0,371250
ICICIBANK30Jan20590CE.NFO,07/01/2020,11:59:06,1.05,0.95,16500,1.05,16500,0,371250
ICICIBANK30Jan20590CE.NFO,07/01/2020,11:59:14,1.05,0.95,20625,1.05,16500,0,371250
ICICIBANK30Jan20590CE.NFO,07/01/2020,11:59:53,1.05,0.95,19250,1.05,16500,0,371250
ICICIBANK30Jan20590CE.NFO,07/01/2020,12:00:45,1.05,0.95,20625,1.05,16500,0,371250
ICICIBANK30Jan20590CE.NFO,07/01/2020,12:03:49,1.05,0.95,20625,1.05,19250,0,371250
ICICIBANK30Jan20590CE.NFO,07/01/2020,12:04:19,1.05,0.95,20625,1.05,16500,0,371250
ICICIBANK30Jan20590CE.NFO,07/01/2020,12:05:07,1.05,0.95,20625,1.05,8250,0,371250
ICICIBANK30Jan20590CE.NFO,07/01/2020,12:05:12,1.05,1,16500,1.05,11000,0,371250
ICICIBANK30Jan20590CE.NFO,07/01/2020,12:05:15,1.05,1,15125,1.05,11000,0,371250
ICICIBANK30Jan20590CE.NFO,07/01/2020,12:05:37,1.05,1,12375,1.05,11000,0,371250
ICICIBANK30Jan20590CE.NFO,07/01/2020,12:05:42,1.05,1,9625,1.05,11000,0,371250
ICICIBANK30Jan20590CE.NFO,07/01/2020,12:05:54,1.05,0.95,20625,1.05,11000,0,371250
ICICIBANK30Jan20590CE.NFO,07/01/2020,12:06:27,1.05,0.95,20625,1.05,8250,0,371250
ICICIBANK30Jan20590CE.NFO,07/01/2020,12:06:36,1.05,0.95,20625,1.05,11000,0,371250
ICICIBANK30Jan20590CE.NFO,07/01/2020,12:07:11,1.05,0.95,20625,1.05,8250,0,371250
ICICIBANK30Jan20590CE.NFO,07/01/2020,12:07:15,1.05,0.95,20625,1.05,11000,0,371250
ICICIBANK30Jan20590CE.NFO,07/01/2020,12:08:19,1.05,0.95,20625,1.05,8250,0,371250
ICICIBANK30Jan20590CE.NFO,07/01/2020,12:08:26,1.05,0.95,20625,1.05,11000,0,371250
ICICIBANK30Jan20590CE.NFO,07/01/2020,12:09:50,1.05,0.95,17875,1.05,11000,0,371250
ICICIBANK30Jan20590CE.NFO,07/01/2020,12:09:53,1.05,0.95,19250,1.05,11000,0,371250
ICICIBANK30Jan20590CE.NFO,07/01/2020,12:10:21,1.05,0.95,17875,1.05,11000,0,371250
ICICIBANK30Jan20590CE.NFO,07/01/2020,12:10:24,1.05,0.95,20625,1.05,11000,0,371250
ICICIBANK30Jan20590CE.NFO,07/01/2020,12:13:13,1.05,0.95,20625,1.05,9625,0,371250
ICICIBANK30Jan20590CE.NFO,07/01/2020,12:13:27,1.05,0.95,20625,1.05,6875,0,371250
ICICIBANK30Jan20590CE.NFO,07/01/2020,12:13:33,1.05,0.95,20625,1.05,4125,0,371250
ICICIBANK30Jan20590CE.NFO,07/01/2020,12:13:42,1.05,0.95,20625,1.05,6875,0,371250
ICICIBANK30Jan20590CE.NFO,07/01/2020,12:15:21,1.05,0.95,20625,1.05,4125,0,371250
ICICIBANK30Jan20590CE.NFO,07/01/2020,12:15:42,1.05,0.95,20625,1.05,8250,0,371250
ICICIBANK30Jan20590CE.NFO,07/01/2020,12:15:55,1.05,0.95,19250,1.05,8250,0,371250
ICICIBANK30Jan20590CE.NFO,07/01/2020,12:17:36,1.05,0.95,22000,1.05,8250,0,371250
ICICIBANK30Jan20590CE.NFO,07/01/2020,12:27:29,1.05,0.95,22000,1.05,6875,0,371250
ICICIBANK30Jan20590CE.NFO,07/01/2020,12:27:36,1.05,0.95,22000,1.05,8250,0,371250
ICICIBANK30Jan20590CE.NFO,07/01/2020,12:29:41,1.05,0.95,20625,1.05,8250,0,371250
ICICIBANK30Jan20590CE.NFO,07/01/2020,12:30:08,0.95,0.95,11000,1,8250,4125,371250
ICICIBANK30Jan20590CE.NFO,07/01/2020,12:30:08,0.95,0.95,11000,1,8250,0,371250
ICICIBANK30Jan20590CE.NFO,07/01/2020,12:30:14,0.95,0.95,11000,1,8250,0,371250
ICICIBANK30Jan20590CE.NFO,07/01/2020,12:30:20,0.95,0.95,11000,1,4125,0,371250
ICICIBANK30Jan20590CE.NFO,07/01/2020,12:30:39,1,0.95,11000,1,1375,2750,371250
ICICIBANK30Jan20590CE.NFO,07/01/2020,12:31:57,1,0.95,11000,1,5500,0,371250
ICICIBANK30Jan20590CE.NFO,07/01/2020,12:32:14,1,0.95,11000,1,4125,0,371250
ICICIBANK30Jan20590CE.NFO,07/01/2020,12:32:17,1,0.95,11000,1,6875,0,371250
ICICIBANK30Jan20590CE.NFO,07/01/2020,12:32:24,1,0.95,11000,1,5500,0,371250
ICICIBANK30Jan20590CE.NFO,07/01/2020,12:32:31,1,0.95,5500,1,5500,0,371250
ICICIBANK30Jan20590CE.NFO,07/01/2020,12:32:43,1,0.95,5500,1,6875,0,371250
ICICIBANK30Jan20590CE.NFO,07/01/2020,12:32:47,1,0.95,5500,1,5500,0,371250
ICICIBANK30Jan20590CE.NFO,07/01/2020,12:33:04,1,0.95,8250,1,4125,0,371250
ICICIBANK30Jan20590CE.NFO,07/01/2020,12:33:08,1,0.95,8250,1,5500,0,371250
ICICIBANK30Jan20590CE.NFO,07/01/2020,12:34:04,1,0.95,5500,1,5500,0,371250
ICICIBANK30Jan20590CE.NFO,07/01/2020,12:34:08,1,0.95,4125,1,5500,0,371250
ICICIBANK30Jan20590CE.NFO,07/01/2020,12:34:24,1,0.95,5500,1,5500,0,371250
ICICIBANK30Jan20590CE.NFO,07/01/2020,12:35:03,1,0.95,8250,1,5500,0,371250
ICICIBANK30Jan20590CE.NFO,07/01/2020,12:35:10,1,0.95,4125,1,5500,0,371250
ICICIBANK30Jan20590CE.NFO,07/01/2020,12:36:01,1,0.95,8250,1,4125,0,371250
ICICIBANK30Jan20590CE.NFO,07/01/2020,12:36:37,1,0.95,5500,1,4125,0,371250
ICICIBANK30Jan20590CE.NFO,07/01/2020,12:36:46,1,0.95,5500,1,5500,0,371250
ICICIBANK30Jan20590CE.NFO,07/01/2020,12:37:15,1,0.95,8250,1,5500,0,371250
ICICIBANK30Jan20590CE.NFO,07/01/2020,12:37:25,1,0.95,5500,1,5500,0,371250
ICICIBANK30Jan20590CE.NFO,07/01/2020,12:37:31,1,0.95,8250,1,5500,0,371250
ICICIBANK30Jan20590CE.NFO,07/01/2020,12:37:37,1,0.95,11000,1,4125,0,371250
ICICIBANK30Jan20590CE.NFO,07/01/2020,12:37:41,1,0.95,11000,1,5500,0,371250
ICICIBANK30Jan20590CE.NFO,07/01/2020,12:37:58,1,0.95,9625,1,5500,0,371250
ICICIBANK30Jan20590CE.NFO,07/01/2020,12:38:21,1,0.95,9625,1,4125,0,371250
ICICIBANK30Jan20590CE.NFO,07/01/2020,12:41:16,1,0.95,6875,1,4125,0,371250
ICICIBANK30Jan20590CE.NFO,07/01/2020,12:41:25,1,0.95,9625,1,4125,0,371250
ICICIBANK30Jan20590CE.NFO,07/01/2020,12:41:46,1,0.95,6875,1,4125,0,371250
ICICIBANK30Jan20590CE.NFO,07/01/2020,12:42:26,1,0.95,9625,1,4125,0,371250
ICICIBANK30Jan20590CE.NFO,07/01/2020,12:42:39,1,0.95,6875,1,4125,0,371250
ICICIBANK30Jan20590CE.NFO,07/01/2020,12:42:49,1,0.95,6875,1,5500,0,371250
ICICIBANK30Jan20590CE.NFO,07/01/2020,12:42:59,1,0.95,6875,1,4125,0,371250
ICICIBANK30Jan20590CE.NFO,07/01/2020,12:43:02,1,0.95,9625,1,4125,0,371250
ICICIBANK30Jan20590CE.NFO,07/01/2020,12:43:14,1,0.95,6875,1,4125,0,371250
ICICIBANK30Jan20590CE.NFO,07/01/2020,12:43:25,1,0.95,9625,1,4125,0,371250
ICICIBANK30Jan20590CE.NFO,07/01/2020,12:45:05,1,0.95,6875,1,4125,0,371250
ICICIBANK30Jan20590CE.NFO,07/01/2020,12:45:11,1,0.95,9625,1,4125,0,371250
ICICIBANK30Jan20590CE.NFO,07/01/2020,12:45:13,1,0.95,6875,1,4125,0,371250
ICICIBANK30Jan20590CE.NFO,07/01/2020,12:45:53,1,0.95,9625,1,4125,0,371250
ICICIBANK30Jan20590CE.NFO,07/01/2020,12:46:11,1,0.95,6875,1,4125,0,371250
ICICIBANK30Jan20590CE.NFO,07/01/2020,12:46:24,1,0.95,12375,1,4125,0,371250
ICICIBANK30Jan20590CE.NFO,07/01/2020,12:47:10,1,0.95,9625,1,1375,2750,371250
ICICIBANK30Jan20590CE.NFO,07/01/2020,12:47:13,1,0.95,6875,1,1375,0,371250
ICICIBANK30Jan20590CE.NFO,07/01/2020,12:47:37,1,0.95,4125,1,1375,0,371250
ICICIBANK30Jan20590CE.NFO,07/01/2020,12:47:58,1,0.95,6875,1,1375,0,371250
ICICIBANK30Jan20590CE.NFO,07/01/2020,12:48:31,0.95,0.95,6875,1,1375,1375,372625
ICICIBANK30Jan20590CE.NFO,07/01/2020,12:48:36,0.95,0.95,4125,1,1375,0,372625
ICICIBANK30Jan20590CE.NFO,07/01/2020,12:48:46,0.95,0.95,4125,1,2750,0,372625
ICICIBANK30Jan20590CE.NFO,07/01/2020,12:48:50,0.95,0.95,4125,1,1375,0,372625
ICICIBANK30Jan20590CE.NFO,07/01/2020,12:48:58,0.95,0.95,4125,1,2750,0,372625
ICICIBANK30Jan20590CE.NFO,07/01/2020,12:49:03,0.95,0.95,2750,1,2750,0,372625
ICICIBANK30Jan20590CE.NFO,07/01/2020,12:49:17,0.95,0.9,19250,1,5500,0,372625
ICICIBANK30Jan20590CE.NFO,07/01/2020,12:49:29,0.95,0.9,19250,1,8250,0,372625
ICICIBANK30Jan20590CE.NFO,07/01/2020,12:51:49,0.95,0.9,19250,1,6875,0,372625
ICICIBANK30Jan20590CE.NFO,07/01/2020,12:52:09,0.95,0.9,19250,1,11000,0,372625
ICICIBANK30Jan20590CE.NFO,07/01/2020,12:56:16,0.95,0.9,19250,1,6875,0,372625
ICICIBANK30Jan20590CE.NFO,07/01/2020,12:57:43,0.95,0.9,9625,1,11000,0,372625
ICICIBANK30Jan20590CE.NFO,07/01/2020,12:58:06,0.95,0.9,9625,0.95,12375,0,372625
ICICIBANK30Jan20590CE.NFO,07/01/2020,12:58:12,0.95,0.9,6875,0.95,13750,0,372625
ICICIBANK30Jan20590CE.NFO,07/01/2020,12:58:23,0.95,0.9,8250,0.95,13750,0,372625
ICICIBANK30Jan20590CE.NFO,07/01/2020,12:58:32,0.95,0.9,6875,0.95,17875,0,372625
ICICIBANK30Jan20590CE.NFO,07/01/2020,12:58:41,0.95,0.9,5500,0.95,17875,0,372625
ICICIBANK30Jan20590CE.NFO,07/01/2020,12:58:44,0.95,0.9,6875,0.95,17875,0,372625
ICICIBANK30Jan20590CE.NFO,07/01/2020,12:58:48,0.95,0.9,5500,0.95,17875,0,372625
ICICIBANK30Jan20590CE.NFO,07/01/2020,12:59:03,0.95,0.9,2750,0.95,17875,0,372625
ICICIBANK30Jan20590CE.NFO,07/01/2020,12:59:07,0.9,0.9,4125,0.95,20625,1375,372625
ICICIBANK30Jan20590CE.NFO,07/01/2020,12:59:07,0.9,0.9,4125,0.95,20625,0,372625
ICICIBANK30Jan20590CE.NFO,07/01/2020,12:59:19,0.9,0.9,6875,0.95,17875,0,372625
ICICIBANK30Jan20590CE.NFO,07/01/2020,12:59:30,0.9,0.9,5500,0.95,17875,0,372625
ICICIBANK30Jan20590CE.NFO,07/01/2020,12:59:39,0.9,0.85,22000,0.95,15125,4125,372625
ICICIBANK30Jan20590CE.NFO,07/01/2020,13:00:21,0.9,0.85,22000,0.95,13750,0,372625
ICICIBANK30Jan20590CE.NFO,07/01/2020,13:00:27,0.9,0.85,22000,0.95,13750,1375,374000
ICICIBANK30Jan20590CE.NFO,07/01/2020,13:01:13,0.9,0.85,22000,0.95,13750,0,374000
ICICIBANK30Jan20590CE.NFO,07/01/2020,13:02:02,0.9,0.85,22000,0.95,15125,0,374000
ICICIBANK30Jan20590CE.NFO,07/01/2020,13:02:24,0.9,0.85,22000,0.95,16500,0,374000
ICICIBANK30Jan20590CE.NFO,07/01/2020,13:02:41,0.9,0.85,22000,0.95,13750,0,374000
ICICIBANK30Jan20590CE.NFO,07/01/2020,13:02:45,0.9,0.85,22000,0.95,15125,0,374000
ICICIBANK30Jan20590CE.NFO,07/01/2020,13:02:50,0.9,0.85,22000,0.95,13750,0,374000
ICICIBANK30Jan20590CE.NFO,07/01/2020,13:03:03,0.9,0.9,11000,0.95,13750,1375,372625
ICICIBANK30Jan20590CE.NFO,07/01/2020,13:03:07,0.9,0.9,11000,0.95,13750,0,372625
ICICIBANK30Jan20590CE.NFO,07/01/2020,13:03:20,0.9,0.9,11000,0.95,12375,0,372625
ICICIBANK30Jan20590CE.NFO,07/01/2020,13:03:26,0.9,0.9,11000,0.95,15125,0,372625
ICICIBANK30Jan20590CE.NFO,07/01/2020,13:03:55,0.9,0.9,6875,0.95,15125,0,372625
ICICIBANK30Jan20590CE.NFO,07/01/2020,13:04:01,0.9,0.9,4125,0.95,15125,0,372625
ICICIBANK30Jan20590CE.NFO,07/01/2020,13:04:06,0.9,0.9,4125,0.95,16500,0,372625
ICICIBANK30Jan20590CE.NFO,07/01/2020,13:04:15,0.9,0.9,1375,0.95,16500,0,372625
ICICIBANK30Jan20590CE.NFO,07/01/2020,13:04:23,0.9,0.85,22000,0.95,16500,1375,372625
ICICIBANK30Jan20590CE.NFO,07/01/2020,13:04:31,0.9,0.85,19250,0.95,16500,0,372625
ICICIBANK30Jan20590CE.NFO,07/01/2020,13:04:35,0.9,0.85,9625,0.95,16500,0,372625
ICICIBANK30Jan20590CE.NFO,07/01/2020,13:04:39,0.9,0.85,9625,0.9,20625,0,372625
ICICIBANK30Jan20590CE.NFO,07/01/2020,13:04:51,0.85,0.8,24750,0.9,22000,2750,372625
ICICIBANK30Jan20590CE.NFO,07/01/2020,13:04:51,0.85,0.8,24750,0.9,22000,0,372625
ICICIBANK30Jan20590CE.NFO,07/01/2020,13:04:57,0.85,0.8,24750,0.85,9625,0,372625
ICICIBANK30Jan20590CE.NFO,07/01/2020,13:05:04,0.85,0.8,19250,0.85,9625,0,372625
ICICIBANK30Jan20590CE.NFO,07/01/2020,13:05:12,0.85,0.8,19250,0.85,2750,0,372625
ICICIBANK30Jan20590CE.NFO,07/01/2020,13:05:19,0.85,0.8,19250,0.85,1375,0,372625
ICICIBANK30Jan20590CE.NFO,07/01/2020,13:05:24,0.85,0.8,19250,0.85,2750,0,372625
ICICIBANK30Jan20590CE.NFO,07/01/2020,13:05:59,0.85,0.8,19250,0.85,5500,0,372625
ICICIBANK30Jan20590CE.NFO,07/01/2020,13:06:16,0.85,0.8,19250,0.85,6875,0,372625
ICICIBANK30Jan20590CE.NFO,07/01/2020,13:06:22,0.85,0.8,19250,0.85,2750,0,372625
ICICIBANK30Jan20590CE.NFO,07/01/2020,13:06:27,0.85,0.8,19250,0.85,8250,0,372625
ICICIBANK30Jan20590CE.NFO,07/01/2020,13:06:32,0.85,0.8,16500,0.85,12375,0,372625
ICICIBANK30Jan20590CE.NFO,07/01/2020,13:06:37,0.85,0.8,12375,0.85,12375,0,372625
ICICIBANK30Jan20590CE.NFO,07/01/2020,13:06:41,0.85,0.8,26125,0.85,9625,0,372625
ICICIBANK30Jan20590CE.NFO,07/01/2020,13:06:51,0.85,0.8,26125,0.85,2750,0,372625
ICICIBANK30Jan20590CE.NFO,07/01/2020,13:06:56,0.85,0.8,28875,0.85,5500,0,372625
ICICIBANK30Jan20590CE.NFO,07/01/2020,13:07:02,0.85,0.8,27500,0.85,9625,0,372625
ICICIBANK30Jan20590CE.NFO,07/01/2020,13:07:12,0.85,0.8,27500,0.85,8250,1375,375375
ICICIBANK30Jan20590CE.NFO,07/01/2020,13:07:32,0.85,0.8,22000,0.85,8250,0,375375
ICICIBANK30Jan20590CE.NFO,07/01/2020,13:07:47,0.85,0.8,17875,0.85,8250,0,375375
ICICIBANK30Jan20590CE.NFO,07/01/2020,13:07:53,0.85,0.8,13750,0.85,8250,0,375375
ICICIBANK30Jan20590CE.NFO,07/01/2020,13:08:05,0.85,0.8,13750,0.85,11000,0,375375
ICICIBANK30Jan20590CE.NFO,07/01/2020,13:08:11,0.85,0.8,15125,0.85,11000,0,375375
ICICIBANK30Jan20590CE.NFO,07/01/2020,13:08:25,0.8,0.8,15125,0.85,9625,2750,375375
ICICIBANK30Jan20590CE.NFO,07/01/2020,13:08:25,0.8,0.8,15125,0.85,9625,0,375375
ICICIBANK30Jan20590CE.NFO,07/01/2020,13:08:34,0.8,0.8,16500,0.85,9625,0,375375
ICICIBANK30Jan20590CE.NFO,07/01/2020,13:08:42,0.8,0.8,9625,0.85,9625,2750,375375
ICICIBANK30Jan20590CE.NFO,07/01/2020,13:08:49,0.8,0.8,8250,0.85,11000,1375,375375
ICICIBANK30Jan20590CE.NFO,07/01/2020,13:08:56,0.8,0.8,11000,0.85,11000,0,375375
ICICIBANK30Jan20590CE.NFO,07/01/2020,13:09:03,0.8,0.8,13750,0.85,11000,0,375375
ICICIBANK30Jan20590CE.NFO,07/01/2020,13:09:10,0.8,0.8,11000,0.85,11000,0,375375
ICICIBANK30Jan20590CE.NFO,07/01/2020,13:09:19,0.8,0.8,13750,0.85,11000,0,375375
ICICIBANK30Jan20590CE.NFO,07/01/2020,13:09:51,0.8,0.8,15125,0.85,11000,0,375375
ICICIBANK30Jan20590CE.NFO,07/01/2020,13:10:15,0.8,0.8,13750,0.85,11000,1375,374000
ICICIBANK30Jan20590CE.NFO,07/01/2020,13:10:35,0.8,0.8,17875,0.85,9625,0,374000
ICICIBANK30Jan20590CE.NFO,07/01/2020,13:10:46,0.8,0.8,16500,0.85,9625,0,374000
ICICIBANK30Jan20590CE.NFO,07/01/2020,13:10:51,0.8,0.8,15125,0.85,9625,0,374000
ICICIBANK30Jan20590CE.NFO,07/01/2020,13:11:06,0.8,0.8,9625,0.85,9625,0,374000
ICICIBANK30Jan20590CE.NFO,07/01/2020,13:11:26,0.8,0.8,12375,0.85,9625,0,374000
ICICIBANK30Jan20590CE.NFO,07/01/2020,13:11:36,0.8,0.8,9625,0.85,9625,0,374000
ICICIBANK30Jan20590CE.NFO,07/01/2020,13:11:46,0.8,0.8,8250,0.85,9625,4125,374000
ICICIBANK30Jan20590CE.NFO,07/01/2020,13:12:12,0.8,0.8,9625,0.85,9625,0,374000
ICICIBANK30Jan20590CE.NFO,07/01/2020,13:12:50,0.8,0.8,8250,0.85,9625,0,374000
ICICIBANK30Jan20590CE.NFO,07/01/2020,13:12:54,0.85,0.8,9625,0.85,8250,1375,378125
ICICIBANK30Jan20590CE.NFO,07/01/2020,13:13:31,0.85,0.8,9625,0.85,6875,0,378125
ICICIBANK30Jan20590CE.NFO,07/01/2020,13:13:36,0.85,0.8,11000,0.85,6875,0,378125
ICICIBANK30Jan20590CE.NFO,07/01/2020,13:13:40,0.85,0.8,11000,0.85,5500,0,378125
ICICIBANK30Jan20590CE.NFO,07/01/2020,13:13:45,0.85,0.8,11000,0.85,4125,0,378125
ICICIBANK30Jan20590CE.NFO,07/01/2020,13:13:53,0.85,0.8,9625,0.85,15125,0,378125
ICICIBANK30Jan20590CE.NFO,07/01/2020,13:14:49,0.85,0.8,11000,0.85,15125,0,378125
ICICIBANK30Jan20590CE.NFO,07/01/2020,13:15:00,0.85,0.8,9625,0.85,15125,0,378125
ICICIBANK30Jan20590CE.NFO,07/01/2020,13:15:15,0.85,0.8,8250,0.85,15125,0,378125
ICICIBANK30Jan20590CE.NFO,07/01/2020,13:15:23,0.85,0.8,6875,0.85,15125,0,378125
ICICIBANK30Jan20590CE.NFO,07/01/2020,13:15:50,0.8,0.75,22000,0.8,6875,1375,376750
ICICIBANK30Jan20590CE.NFO,07/01/2020,13:16:02,0.8,0.75,22000,0.85,19250,4125,376750
ICICIBANK30Jan20590CE.NFO,07/01/2020,13:16:27,0.8,0.75,22000,0.85,19250,0,376750
ICICIBANK30Jan20590CE.NFO,07/01/2020,13:17:02,0.8,0.8,1375,0.85,19250,1375,376750
ICICIBANK30Jan20590CE.NFO,07/01/2020,13:17:21,0.8,0.75,22000,0.85,19250,0,376750
ICICIBANK30Jan20590CE.NFO,07/01/2020,13:18:35,0.8,0.75,23375,0.85,19250,0,376750
ICICIBANK30Jan20590CE.NFO,07/01/2020,13:18:45,0.8,0.75,23375,0.85,17875,0,376750
ICICIBANK30Jan20590CE.NFO,07/01/2020,13:20:13,0.8,0.8,13750,0.85,17875,0,376750
ICICIBANK30Jan20590CE.NFO,07/01/2020,13:21:00,0.8,0.8,13750,0.85,8250,0,376750
ICICIBANK30Jan20590CE.NFO,07/01/2020,13:21:07,0.8,0.8,13750,0.85,11000,0,376750
ICICIBANK30Jan20590CE.NFO,07/01/2020,13:21:29,0.8,0.8,12375,0.85,8250,1375,371250
ICICIBANK30Jan20590CE.NFO,07/01/2020,13:21:38,0.8,0.8,12375,0.85,11000,0,371250
ICICIBANK30Jan20590CE.NFO,07/01/2020,13:21:43,0.8,0.8,5500,0.85,12375,0,371250
ICICIBANK30Jan20590CE.NFO,07/01/2020,13:22:03,0.8,0.8,2750,0.85,12375,1375,371250
ICICIBANK30Jan20590CE.NFO,07/01/2020,13:22:08,0.8,0.75,23375,0.85,12375,0,371250
ICICIBANK30Jan20590CE.NFO,07/01/2020,13:22:20,0.8,0.75,23375,0.85,13750,0,371250
ICICIBANK30Jan20590CE.NFO,07/01/2020,13:22:26,0.8,0.75,23375,0.85,12375,0,371250
ICICIBANK30Jan20590CE.NFO,07/01/2020,13:22:47,0.8,0.75,22000,0.85,12375,0,371250
ICICIBANK30Jan20590CE.NFO,07/01/2020,13:23:09,0.8,0.8,2750,0.85,12375,0,371250
ICICIBANK30Jan20590CE.NFO,07/01/2020,13:24:41,0.8,0.8,6875,0.85,15125,0,371250
ICICIBANK30Jan20590CE.NFO,07/01/2020,13:24:48,0.8,0.8,12375,0.85,6875,0,371250
ICICIBANK30Jan20590CE.NFO,07/01/2020,13:25:01,0.8,0.8,13750,0.85,6875,0,371250
ICICIBANK30Jan20590CE.NFO,07/01/2020,13:25:32,0.85,0.8,12375,0.85,1375,1375,371250
ICICIBANK30Jan20590CE.NFO,07/01/2020,13:25:38,0.85,0.8,12375,0.85,4125,0,371250
ICICIBANK30Jan20590CE.NFO,07/01/2020,13:25:56,0.85,0.8,13750,0.85,4125,0,371250
ICICIBANK30Jan20590CE.NFO,07/01/2020,13:26:05,0.85,0.8,13750,0.9,20625,1375,371250
ICICIBANK30Jan20590CE.NFO,07/01/2020,13:26:09,0.85,0.8,13750,0.9,20625,0,371250
ICICIBANK30Jan20590CE.NFO,07/01/2020,13:26:13,0.85,0.8,13750,0.9,23375,0,371250
ICICIBANK30Jan20590CE.NFO,07/01/2020,13:26:19,0.85,0.8,13750,0.9,26125,0,371250
ICICIBANK30Jan20590CE.NFO,07/01/2020,13:26:31,0.85,0.8,16500,0.85,13750,0,371250
ICICIBANK30Jan20590CE.NFO,07/01/2020,13:26:42,0.85,0.8,17875,0.85,13750,0,371250
ICICIBANK30Jan20590CE.NFO,07/01/2020,13:26:53,0.85,0.8,15125,0.85,15125,0,371250
ICICIBANK30Jan20590CE.NFO,07/01/2020,13:26:59,0.85,0.8,12375,0.85,15125,0,371250
ICICIBANK30Jan20590CE.NFO,07/01/2020,13:27:04,0.85,0.8,15125,0.85,15125,0,371250
ICICIBANK30Jan20590CE.NFO,07/01/2020,13:27:32,0.85,0.8,12375,0.85,15125,0,371250
ICICIBANK30Jan20590CE.NFO,07/01/2020,13:27:38,0.85,0.8,11000,0.85,12375,2750,371250
ICICIBANK30Jan20590CE.NFO,07/01/2020,13:27:44,0.8,0.75,24750,0.85,12375,1375,371250
ICICIBANK30Jan20590CE.NFO,07/01/2020,13:27:51,0.8,0.75,24750,0.85,19250,0,371250
ICICIBANK30Jan20590CE.NFO,07/01/2020,13:27:58,0.8,0.75,24750,0.8,2750,1375,371250
ICICIBANK30Jan20590CE.NFO,07/01/2020,13:28:03,0.8,0.75,24750,0.8,1375,0,371250
ICICIBANK30Jan20590CE.NFO,07/01/2020,13:28:20,0.8,0.8,1375,0.85,22000,0,371250
ICICIBANK30Jan20590CE.NFO,07/01/2020,13:28:30,0.8,0.75,27500,0.85,22000,1375,371250
ICICIBANK30Jan20590CE.NFO,07/01/2020,13:28:35,0.8,0.75,27500,0.8,2750,0,371250
ICICIBANK30Jan20590CE.NFO,07/01/2020,13:29:07,0.8,0.75,27500,0.85,24750,0,371250
ICICIBANK30Jan20590CE.NFO,07/01/2020,13:29:38,0.8,0.75,27500,0.8,8250,0,371250
ICICIBANK30Jan20590CE.NFO,07/01/2020,13:30:15,0.8,0.75,27500,0.8,6875,0,371250
ICICIBANK30Jan20590CE.NFO,07/01/2020,13:30:33,0.8,0.75,27500,0.8,2750,0,371250
ICICIBANK30Jan20590CE.NFO,07/01/2020,13:30:51,0.8,0.75,24750,0.8,2750,0,371250
ICICIBANK30Jan20590CE.NFO,07/01/2020,13:31:27,0.8,0.75,27500,0.85,24750,0,371250
ICICIBANK30Jan20590CE.NFO,07/01/2020,13:31:51,0.8,0.75,27500,0.85,23375,0,371250
ICICIBANK30Jan20590CE.NFO,07/01/2020,13:31:59,0.8,0.8,12375,0.85,20625,0,371250
ICICIBANK30Jan20590CE.NFO,07/01/2020,13:32:13,0.8,0.8,6875,0.85,22000,0,371250
ICICIBANK30Jan20590CE.NFO,07/01/2020,13:33:02,0.8,0.8,5500,0.85,22000,0,371250
ICICIBANK30Jan20590CE.NFO,07/01/2020,13:33:20,0.8,0.8,8250,0.85,22000,0,371250
ICICIBANK30Jan20590CE.NFO,07/01/2020,13:33:25,0.8,0.8,4125,0.85,22000,0,371250
ICICIBANK30Jan20590CE.NFO,07/01/2020,13:33:31,0.8,0.8,1375,0.85,22000,0,371250
ICICIBANK30Jan20590CE.NFO,07/01/2020,13:33:46,0.8,0.8,1375,0.85,20625,0,371250
ICICIBANK30Jan20590CE.NFO,07/01/2020,13:33:51,0.8,0.8,4125,0.85,20625,0,371250
ICICIBANK30Jan20590CE.NFO,07/01/2020,13:33:57,0.8,0.8,4125,0.85,24750,0,371250
ICICIBANK30Jan20590CE.NFO,07/01/2020,13:34:06,0.8,0.8,1375,0.85,24750,0,371250
ICICIBANK30Jan20590CE.NFO,07/01/2020,13:34:10,0.8,0.8,1375,0.85,13750,0,371250
ICICIBANK30Jan20590CE.NFO,07/01/2020,13:34:30,0.8,0.75,16500,0.85,13750,0,371250
ICICIBANK30Jan20590CE.NFO,07/01/2020,13:34:56,0.8,0.8,8250,0.85,12375,0,371250
ICICIBANK30Jan20590CE.NFO,07/01/2020,13:35:02,0.8,0.8,11000,0.85,12375,0,371250
ICICIBANK30Jan20590CE.NFO,07/01/2020,13:35:08,0.8,0.8,11000,0.85,2750,0,371250
ICICIBANK30Jan20590CE.NFO,07/01/2020,13:35:14,0.8,0.8,11000,0.9,13750,0,371250
ICICIBANK30Jan20590CE.NFO,07/01/2020,13:35:54,0.8,0.8,8250,0.9,13750,0,371250
ICICIBANK30Jan20590CE.NFO,07/01/2020,13:36:03,0.8,0.8,19250,0.85,8250,0,371250
ICICIBANK30Jan20590CE.NFO,07/01/2020,13:36:22,0.8,0.8,19250,0.9,24750,0,371250
ICICIBANK30Jan20590CE.NFO,07/01/2020,13:38:00,0.8,0.8,19250,0.9,16500,0,371250
ICICIBANK30Jan20590CE.NFO,07/01/2020,13:38:18,0.8,0.85,5500,0.9,16500,0,371250
ICICIBANK30Jan20590CE.NFO,07/01/2020,13:38:24,0.8,0.85,4125,0.9,16500,0,371250
ICICIBANK30Jan20590CE.NFO,07/01/2020,13:38:44,0.8,0.85,15125,0.9,16500,0,371250
ICICIBANK30Jan20590CE.NFO,07/01/2020,13:38:57,0.8,0.85,15125,0.9,8250,0,371250
ICICIBANK30Jan20590CE.NFO,07/01/2020,13:39:52,0.8,0.85,15125,0.9,9625,0,371250
ICICIBANK30Jan20590CE.NFO,07/01/2020,13:40:05,0.8,0.85,15125,0.9,8250,0,371250
ICICIBANK30Jan20590CE.NFO,07/01/2020,13:40:10,0.8,0.85,15125,0.9,9625,0,371250
ICICIBANK30Jan20590CE.NFO,07/01/2020,13:40:14,0.8,0.85,15125,0.9,8250,0,371250
ICICIBANK30Jan20590CE.NFO,07/01/2020,13:41:08,0.8,0.85,15125,0.9,9625,0,371250
ICICIBANK30Jan20590CE.NFO,07/01/2020,13:41:40,0.8,0.85,4125,0.9,9625,0,371250
ICICIBANK30Jan20590CE.NFO,07/01/2020,13:41:55,0.8,0.8,20625,0.9,13750,0,371250
ICICIBANK30Jan20590CE.NFO,07/01/2020,13:42:21,0.8,0.85,16500,0.9,8250,0,371250
ICICIBANK30Jan20590CE.NFO,07/01/2020,13:42:33,0.8,0.85,16500,0.9,9625,0,371250
ICICIBANK30Jan20590CE.NFO,07/01/2020,13:42:50,0.8,0.85,16500,0.9,8250,0,371250
ICICIBANK30Jan20590CE.NFO,07/01/2020,13:43:07,0.8,0.85,16500,0.9,5500,0,371250
ICICIBANK30Jan20590CE.NFO,07/01/2020,13:43:14,0.8,0.85,16500,0.9,2750,0,371250
ICICIBANK30Jan20590CE.NFO,07/01/2020,13:43:38,0.8,0.85,16500,0.9,5500,0,371250
ICICIBANK30Jan20590CE.NFO,07/01/2020,13:43:48,0.8,0.85,15125,0.9,9625,0,371250
ICICIBANK30Jan20590CE.NFO,07/01/2020,13:44:51,0.8,0.85,17875,0.9,9625,0,371250
ICICIBANK30Jan20590CE.NFO,07/01/2020,13:45:07,0.8,0.85,17875,0.9,2750,0,371250
ICICIBANK30Jan20590CE.NFO,07/01/2020,13:45:21,0.8,0.85,17875,0.9,5500,0,371250
ICICIBANK30Jan20590CE.NFO,07/01/2020,13:45:31,0.8,0.85,17875,0.9,2750,0,371250
ICICIBANK30Jan20590CE.NFO,07/01/2020,13:45:42,0.8,0.85,17875,0.95,24750,0,371250
ICICIBANK30Jan20590CE.NFO,07/01/2020,13:45:50,0.8,0.85,17875,0.9,2750,0,371250
ICICIBANK30Jan20590CE.NFO,07/01/2020,13:46:09,0.8,0.85,17875,0.9,5500,0,371250
ICICIBANK30Jan20590CE.NFO,07/01/2020,13:46:13,0.8,0.85,17875,0.9,2750,0,371250
ICICIBANK30Jan20590CE.NFO,07/01/2020,13:46:47,0.8,0.85,17875,0.95,26125,0,371250
ICICIBANK30Jan20590CE.NFO,07/01/2020,13:47:14,0.8,0.85,17875,0.9,8250,0,371250
ICICIBANK30Jan20590CE.NFO,07/01/2020,13:47:41,0.8,0.85,17875,0.9,6875,0,371250
ICICIBANK30Jan20590CE.NFO,07/01/2020,13:47:50,0.8,0.85,17875,0.9,8250,0,371250
ICICIBANK30Jan20590CE.NFO,07/01/2020,13:47:58,0.8,0.85,17875,0.9,2750,0,371250
ICICIBANK30Jan20590CE.NFO,07/01/2020,13:48:10,0.8,0.85,17875,0.95,26125,0,371250
ICICIBANK30Jan20590CE.NFO,07/01/2020,13:48:15,0.8,0.85,17875,0.95,23375,0,371250
ICICIBANK30Jan20590CE.NFO,07/01/2020,13:48:44,0.8,0.85,17875,0.95,24750,0,371250
ICICIBANK30Jan20590CE.NFO,07/01/2020,13:48:49,0.8,0.85,17875,0.95,23375,0,371250
ICICIBANK30Jan20590CE.NFO,07/01/2020,13:49:00,0.8,0.85,17875,0.95,24750,0,371250
ICICIBANK30Jan20590CE.NFO,07/01/2020,13:49:38,0.8,0.85,17875,0.95,23375,0,371250
ICICIBANK30Jan20590CE.NFO,07/01/2020,13:49:58,0.8,0.85,17875,0.95,12375,0,371250
ICICIBANK30Jan20590CE.NFO,07/01/2020,13:50:08,0.95,0.85,17875,0.95,11000,1375,368500
ICICIBANK30Jan20590CE.NFO,07/01/2020,13:50:15,0.95,0.9,19250,1,16500,6875,368500
ICICIBANK30Jan20590CE.NFO,07/01/2020,13:50:23,0.95,0.95,5500,1,16500,1375,368500
ICICIBANK30Jan20590CE.NFO,07/01/2020,13:50:30,0.95,0.95,4125,1,16500,1375,368500
ICICIBANK30Jan20590CE.NFO,07/01/2020,13:50:36,0.95,0.95,4125,1,16500,0,368500
ICICIBANK30Jan20590CE.NFO,07/01/2020,13:50:58,0.95,0.9,19250,1,19250,2750,368500
ICICIBANK30Jan20590CE.NFO,07/01/2020,13:51:04,0.95,0.9,19250,1,19250,0,368500
ICICIBANK30Jan20590CE.NFO,07/01/2020,13:51:21,0.95,0.9,20625,1,19250,0,368500
ICICIBANK30Jan20590CE.NFO,07/01/2020,13:51:26,0.95,0.9,9625,1,19250,0,368500
ICICIBANK30Jan20590CE.NFO,07/01/2020,13:51:36,0.95,0.9,6875,0.95,19250,0,368500
ICICIBANK30Jan20590CE.NFO,07/01/2020,13:51:42,0.95,0.9,5500,0.95,19250,0,368500
ICICIBANK30Jan20590CE.NFO,07/01/2020,13:51:46,0.95,0.9,9625,0.95,17875,0,368500
ICICIBANK30Jan20590CE.NFO,07/01/2020,13:52:00,0.95,0.9,4125,0.95,17875,0,368500
ICICIBANK30Jan20590CE.NFO,07/01/2020,13:52:08,0.95,0.9,6875,0.95,19250,0,368500
ICICIBANK30Jan20590CE.NFO,07/01/2020,13:52:17,0.95,0.9,4125,0.95,19250,0,368500
ICICIBANK30Jan20590CE.NFO,07/01/2020,13:52:30,0.95,0.9,6875,0.95,17875,0,368500
ICICIBANK30Jan20590CE.NFO,07/01/2020,13:52:35,0.95,0.9,6875,0.95,16500,0,368500
ICICIBANK30Jan20590CE.NFO,07/01/2020,13:52:53,0.95,0.9,6875,0.95,15125,0,368500
ICICIBANK30Jan20590CE.NFO,07/01/2020,13:53:00,0.95,0.9,4125,0.95,15125,0,368500
ICICIBANK30Jan20590CE.NFO,07/01/2020,13:53:47,0.9,0.85,23375,0.95,17875,5500,372625
ICICIBANK30Jan20590CE.NFO,07/01/2020,13:54:25,0.9,0.85,22000,0.95,17875,0,372625
ICICIBANK30Jan20590CE.NFO,07/01/2020,13:56:00,0.9,0.85,22000,0.95,19250,0,372625
ICICIBANK30Jan20590CE.NFO,07/01/2020,14:00:51,0.9,0.85,22000,0.95,17875,0,372625
ICICIBANK30Jan20590CE.NFO,07/01/2020,14:00:58,0.9,0.85,22000,0.95,16500,0,372625
ICICIBANK30Jan20590CE.NFO,07/01/2020,14:01:03,0.9,0.85,22000,0.95,19250,0,372625
ICICIBANK30Jan20590CE.NFO,07/01/2020,14:01:37,0.9,0.85,22000,0.95,17875,0,372625
ICICIBANK30Jan20590CE.NFO,07/01/2020,14:01:44,0.9,0.85,22000,0.95,19250,0,372625
ICICIBANK30Jan20590CE.NFO,07/01/2020,14:03:13,0.9,0.85,22000,0.95,6875,0,372625
ICICIBANK30Jan20590CE.NFO,07/01/2020,14:03:58,0.9,0.85,23375,0.95,6875,0,372625
ICICIBANK30Jan20590CE.NFO,07/01/2020,14:05:22,0.9,0.85,23375,0.95,9625,0,372625
ICICIBANK30Jan20590CE.NFO,07/01/2020,14:05:29,0.9,0.85,22000,0.95,9625,0,372625
ICICIBANK30Jan20590CE.NFO,07/01/2020,14:05:39,0.9,0.85,22000,0.95,11000,0,372625
ICICIBANK30Jan20590CE.NFO,07/01/2020,14:05:44,0.9,0.85,22000,0.95,9625,0,372625
ICICIBANK30Jan20590CE.NFO,07/01/2020,14:05:49,0.9,0.85,22000,0.95,11000,0,372625
ICICIBANK30Jan20590CE.NFO,07/01/2020,14:06:21,0.9,0.85,22000,0.95,9625,0,372625
ICICIBANK30Jan20590CE.NFO,07/01/2020,14:06:26,0.9,0.85,22000,0.95,11000,0,372625
ICICIBANK30Jan20590CE.NFO,07/01/2020,14:06:40,0.9,0.85,22000,0.95,9625,0,372625
ICICIBANK30Jan20590CE.NFO,07/01/2020,14:07:23,0.9,0.85,22000,0.95,12375,0,372625
ICICIBANK30Jan20590CE.NFO,07/01/2020,14:07:37,0.9,0.85,22000,0.95,9625,0,372625
ICICIBANK30Jan20590CE.NFO,07/01/2020,14:09:16,0.9,0.85,22000,0.95,11000,0,372625
ICICIBANK30Jan20590CE.NFO,07/01/2020,14:09:20,0.9,0.85,22000,0.95,9625,0,372625
ICICIBANK30Jan20590CE.NFO,07/01/2020,14:09:26,0.9,0.85,22000,0.95,11000,0,372625
ICICIBANK30Jan20590CE.NFO,07/01/2020,14:09:43,0.9,0.85,22000,0.95,9625,0,372625
ICICIBANK30Jan20590CE.NFO,07/01/2020,14:09:58,0.95,0.9,16500,0.95,4125,1375,371250
ICICIBANK30Jan20590CE.NFO,07/01/2020,14:10:06,0.95,0.9,20625,0.95,6875,0,371250
ICICIBANK30Jan20590CE.NFO,07/01/2020,14:10:13,0.95,0.9,19250,0.95,6875,0,371250
ICICIBANK30Jan20590CE.NFO,07/01/2020,14:10:19,0.95,0.9,4125,0.95,6875,0,371250
ICICIBANK30Jan20590CE.NFO,07/01/2020,14:10:23,0.95,0.9,9625,0.95,6875,0,371250
ICICIBANK30Jan20590CE.NFO,07/01/2020,14:10:43,0.95,0.9,4125,0.95,11000,0,371250
ICICIBANK30Jan20590CE.NFO,07/01/2020,14:10:47,0.95,0.9,1375,0.95,11000,0,371250
ICICIBANK30Jan20590CE.NFO,07/01/2020,14:11:54,0.95,0.85,22000,0.95,12375,0,371250
ICICIBANK30Jan20590CE.NFO,07/01/2020,14:11:58,0.95,0.9,1375,0.95,12375,0,371250
ICICIBANK30Jan20590CE.NFO,07/01/2020,14:12:07,0.95,0.9,5500,0.95,12375,0,371250
ICICIBANK30Jan20590CE.NFO,07/01/2020,14:12:13,0.95,0.9,5500,0.95,9625,0,371250
ICICIBANK30Jan20590CE.NFO,07/01/2020,14:13:16,0.95,0.9,8250,0.95,8250,0,371250
ICICIBANK30Jan20590CE.NFO,07/01/2020,14:13:31,0.95,0.9,8250,0.95,4125,0,371250
ICICIBANK30Jan20590CE.NFO,07/01/2020,14:13:38,0.95,0.9,8250,0.95,1375,0,371250
ICICIBANK30Jan20590CE.NFO,07/01/2020,14:13:45,0.95,0.9,12375,1,17875,1375,371250
ICICIBANK30Jan20590CE.NFO,07/01/2020,14:14:03,0.95,0.9,12375,1,17875,0,371250
ICICIBANK30Jan20590CE.NFO,07/01/2020,14:15:26,0.95,0.9,11000,1,17875,0,371250
ICICIBANK30Jan20590CE.NFO,07/01/2020,14:16:01,0.95,0.9,9625,1,17875,0,371250
ICICIBANK30Jan20590CE.NFO,07/01/2020,14:16:30,0.95,0.9,8250,1,17875,0,371250
ICICIBANK30Jan20590CE.NFO,07/01/2020,14:16:35,0.95,0.9,9625,1,17875,0,371250
ICICIBANK30Jan20590CE.NFO,07/01/2020,14:16:51,0.95,0.9,5500,1,17875,0,371250
ICICIBANK30Jan20590CE.NFO,07/01/2020,14:17:03,0.95,0.9,5500,1,16500,0,371250
ICICIBANK30Jan20590CE.NFO,07/01/2020,14:17:12,0.95,0.9,2750,1,16500,0,371250
ICICIBANK30Jan20590CE.NFO,07/01/2020,14:17:28,0.95,0.9,5500,1,16500,0,371250
ICICIBANK30Jan20590CE.NFO,07/01/2020,14:17:49,0.95,0.9,8250,1,16500,0,371250
ICICIBANK30Jan20590CE.NFO,07/01/2020,14:17:56,0.95,0.9,5500,1,16500,0,371250
ICICIBANK30Jan20590CE.NFO,07/01/2020,14:18:00,0.95,0.9,8250,1,16500,0,371250
ICICIBANK30Jan20590CE.NFO,07/01/2020,14:22:07,0.95,0.9,8250,0.95,6875,0,371250
ICICIBANK30Jan20590CE.NFO,07/01/2020,14:22:27,0.95,0.9,11000,0.95,6875,0,371250
ICICIBANK30Jan20590CE.NFO,07/01/2020,14:22:49,0.95,0.9,8250,0.95,8250,0,371250
ICICIBANK30Jan20590CE.NFO,07/01/2020,14:22:58,0.95,0.9,6875,0.95,8250,0,371250
ICICIBANK30Jan20590CE.NFO,07/01/2020,14:23:16,0.95,0.9,5500,0.95,8250,0,371250
ICICIBANK30Jan20590CE.NFO,07/01/2020,14:23:59,0.95,0.9,5500,0.95,6875,1375,369875
ICICIBANK30Jan20590CE.NFO,07/01/2020,14:24:07,0.95,0.9,2750,0.95,6875,0,369875
ICICIBANK30Jan20590CE.NFO,07/01/2020,14:24:15,0.95,0.85,22000,0.95,6875,0,369875
ICICIBANK30Jan20590CE.NFO,07/01/2020,14:24:33,0.95,0.85,22000,0.95,8250,0,369875
ICICIBANK30Jan20590CE.NFO,07/01/2020,14:24:59,0.95,0.85,22000,0.95,11000,0,369875
ICICIBANK30Jan20590CE.NFO,07/01/2020,14:27:30,0.95,0.85,22000,0.95,6875,0,369875
ICICIBANK30Jan20590CE.NFO,07/01/2020,14:27:35,0.95,0.85,22000,0.95,9625,0,369875
ICICIBANK30Jan20590CE.NFO,07/01/2020,14:29:20,0.95,0.85,22000,0.95,5500,0,369875
ICICIBANK30Jan20590CE.NFO,07/01/2020,14:29:31,0.95,0.85,22000,0.95,8250,0,369875
ICICIBANK30Jan20590CE.NFO,07/01/2020,14:29:38,0.95,0.85,23375,0.95,8250,0,369875
ICICIBANK30Jan20590CE.NFO,07/01/2020,14:29:45,0.95,0.85,23375,0.95,5500,0,369875
ICICIBANK30Jan20590CE.NFO,07/01/2020,14:29:51,0.95,0.85,23375,0.95,8250,0,369875
ICICIBANK30Jan20590CE.NFO,07/01/2020,14:30:31,0.95,0.9,22000,0.95,4125,0,369875
ICICIBANK30Jan20590CE.NFO,07/01/2020,14:30:39,0.95,0.9,22000,0.95,2750,1375,368500
ICICIBANK30Jan20590CE.NFO,07/01/2020,14:30:48,0.95,0.9,22000,0.95,2750,0,368500
ICICIBANK30Jan20590CE.NFO,07/01/2020,14:30:56,0.95,0.9,22000,1,15125,2750,368500
ICICIBANK30Jan20590CE.NFO,07/01/2020,14:31:03,0.95,0.95,5500,1,15125,0,368500
ICICIBANK30Jan20590CE.NFO,07/01/2020,14:31:38,0.95,0.95,4125,1,15125,1375,368500
ICICIBANK30Jan20590CE.NFO,07/01/2020,14:31:45,0.95,0.95,2750,1,17875,1375,368500
ICICIBANK30Jan20590CE.NFO,07/01/2020,14:31:56,0.95,0.9,20625,1,17875,0,368500
ICICIBANK30Jan20590CE.NFO,07/01/2020,14:32:14,0.95,0.95,1375,1,17875,1375,368500
ICICIBANK30Jan20590CE.NFO,07/01/2020,14:32:25,0.95,0.9,19250,1,17875,1375,368500
ICICIBANK30Jan20590CE.NFO,07/01/2020,14:32:37,0.95,0.9,16500,1,17875,0,368500
ICICIBANK30Jan20590CE.NFO,07/01/2020,14:32:42,0.95,0.9,8250,1,17875,0,368500
ICICIBANK30Jan20590CE.NFO,07/01/2020,14:32:47,0.95,0.9,11000,1,17875,0,368500
ICICIBANK30Jan20590CE.NFO,07/01/2020,14:33:01,0.95,0.9,12375,1,17875,0,368500
ICICIBANK30Jan20590CE.NFO,07/01/2020,14:33:42,0.95,0.9,9625,1,17875,0,368500
ICICIBANK30Jan20590CE.NFO,07/01/2020,14:33:55,0.95,0.9,12375,1,17875,0,368500
ICICIBANK30Jan20590CE.NFO,07/01/2020,14:34:20,0.95,0.9,11000,1,17875,0,368500
ICICIBANK30Jan20590CE.NFO,07/01/2020,14:34:25,0.95,0.9,8250,1,17875,0,368500
ICICIBANK30Jan20590CE.NFO,07/01/2020,14:34:41,0.9,0.9,6875,1,17875,1375,369875
ICICIBANK30Jan20590CE.NFO,07/01/2020,14:34:46,0.9,0.9,5500,0.95,17875,0,369875
ICICIBANK30Jan20590CE.NFO,07/01/2020,14:34:52,0.9,0.9,4125,0.95,17875,1375,369875
ICICIBANK30Jan20590CE.NFO,07/01/2020,14:35:08,0.9,0.9,2750,0.95,17875,1375,369875
ICICIBANK30Jan20590CE.NFO,07/01/2020,14:35:20,0.9,0.9,1375,0.95,17875,1375,369875
ICICIBANK30Jan20590CE.NFO,07/01/2020,14:35:26,0.9,0.85,16500,0.95,17875,1375,369875
ICICIBANK30Jan20590CE.NFO,07/01/2020,14:35:55,0.9,0.85,16500,0.95,17875,0,369875
ICICIBANK30Jan20590CE.NFO,07/01/2020,14:36:06,0.9,0.85,17875,0.95,17875,0,369875
ICICIBANK30Jan20590CE.NFO,07/01/2020,14:36:11,0.9,0.85,16500,0.95,17875,0,369875
ICICIBANK30Jan20590CE.NFO,07/01/2020,14:36:17,0.9,0.85,16500,0.9,9625,2750,375375
ICICIBANK30Jan20590CE.NFO,07/01/2020,14:36:28,0.9,0.85,16500,0.9,9625,0,375375
ICICIBANK30Jan20590CE.NFO,07/01/2020,14:36:37,0.9,0.85,16500,0.9,4125,0,375375
ICICIBANK30Jan20590CE.NFO,07/01/2020,14:36:52,0.9,0.85,16500,0.9,9625,0,375375
ICICIBANK30Jan20590CE.NFO,07/01/2020,14:37:34,0.9,0.85,16500,0.9,4125,0,375375
ICICIBANK30Jan20590CE.NFO,07/01/2020,14:37:41,0.9,0.85,16500,0.9,6875,0,375375
ICICIBANK30Jan20590CE.NFO,07/01/2020,14:37:52,0.9,0.85,15125,0.9,6875,0,375375
ICICIBANK30Jan20590CE.NFO,07/01/2020,14:38:07,0.9,0.85,16500,0.9,6875,0,375375
ICICIBANK30Jan20590CE.NFO,07/01/2020,14:39:02,0.9,0.85,17875,0.9,4125,0,375375
ICICIBANK30Jan20590CE.NFO,07/01/2020,14:39:07,0.9,0.85,17875,0.9,6875,0,375375
ICICIBANK30Jan20590CE.NFO,07/01/2020,14:39:24,0.9,0.85,19250,0.9,4125,0,375375
ICICIBANK30Jan20590CE.NFO,07/01/2020,14:39:32,0.9,0.85,17875,0.9,6875,0,375375
ICICIBANK30Jan20590CE.NFO,07/01/2020,14:39:49,0.9,0.85,17875,0.9,4125,0,375375
ICICIBANK30Jan20590CE.NFO,07/01/2020,14:39:55,0.9,0.85,17875,0.9,9625,0,375375
ICICIBANK30Jan20590CE.NFO,07/01/2020,14:41:02,0.9,0.85,17875,0.9,4125,0,375375
ICICIBANK30Jan20590CE.NFO,07/01/2020,14:41:07,0.9,0.85,16500,0.9,6875,0,375375
ICICIBANK30Jan20590CE.NFO,07/01/2020,14:41:12,0.9,0.85,19250,0.9,6875,0,375375
ICICIBANK30Jan20590CE.NFO,07/01/2020,14:41:30,0.9,0.85,16500,0.9,6875,0,375375
ICICIBANK30Jan20590CE.NFO,07/01/2020,14:42:44,0.85,0.85,15125,0.9,6875,1375,376750
ICICIBANK30Jan20590CE.NFO,07/01/2020,14:42:49,0.85,0.85,15125,0.9,6875,0,376750
ICICIBANK30Jan20590CE.NFO,07/01/2020,14:42:59,0.85,0.85,12375,0.9,6875,1375,376750
ICICIBANK30Jan20590CE.NFO,07/01/2020,14:43:05,0.85,0.85,15125,0.9,9625,0,376750
ICICIBANK30Jan20590CE.NFO,07/01/2020,14:43:25,0.85,0.85,8250,0.9,9625,2750,376750
ICICIBANK30Jan20590CE.NFO,07/01/2020,14:43:30,0.85,0.85,5500,0.9,9625,0,376750
ICICIBANK30Jan20590CE.NFO,07/01/2020,14:43:46,0.85,0.85,2750,0.9,9625,2750,376750
ICICIBANK30Jan20590CE.NFO,07/01/2020,14:43:51,0.85,0.85,2750,0.9,9625,0,376750
ICICIBANK30Jan20590CE.NFO,07/01/2020,14:43:56,0.85,0.85,5500,0.9,9625,0,376750
ICICIBANK30Jan20590CE.NFO,07/01/2020,14:44:02,0.85,0.85,6875,0.9,9625,0,376750
ICICIBANK30Jan20590CE.NFO,07/01/2020,14:44:08,0.85,0.85,4125,0.9,9625,0,376750
ICICIBANK30Jan20590CE.NFO,07/01/2020,14:44:17,0.85,0.85,6875,0.9,9625,0,376750
ICICIBANK30Jan20590CE.NFO,07/01/2020,14:44:35,0.85,0.85,8250,0.9,9625,0,376750
ICICIBANK30Jan20590CE.NFO,07/01/2020,14:44:41,0.85,0.8,20625,0.9,9625,2750,376750
ICICIBANK30Jan20590CE.NFO,07/01/2020,14:44:46,0.85,0.8,19250,0.9,9625,0,376750
ICICIBANK30Jan20590CE.NFO,07/01/2020,14:44:58,0.85,0.8,20625,0.9,9625,0,376750
ICICIBANK30Jan20590CE.NFO,07/01/2020,14:45:03,0.85,0.8,19250,0.9,12375,0,376750
ICICIBANK30Jan20590CE.NFO,07/01/2020,14:45:27,0.85,0.8,19250,0.85,12375,0,376750
ICICIBANK30Jan20590CE.NFO,07/01/2020,14:45:40,0.85,0.8,20625,0.85,12375,0,376750
ICICIBANK30Jan20590CE.NFO,07/01/2020,14:45:46,0.85,0.8,20625,0.85,13750,0,376750
ICICIBANK30Jan20590CE.NFO,07/01/2020,14:45:52,0.85,0.8,19250,0.85,13750,0,376750
ICICIBANK30Jan20590CE.NFO,07/01/2020,14:45:58,0.85,0.8,11000,0.85,13750,0,376750
ICICIBANK30Jan20590CE.NFO,07/01/2020,14:46:06,0.85,0.8,8250,0.85,12375,0,376750
ICICIBANK30Jan20590CE.NFO,07/01/2020,14:46:12,0.85,0.8,12375,0.85,5500,0,376750
ICICIBANK30Jan20590CE.NFO,07/01/2020,14:46:19,0.85,0.8,12375,0.85,2750,0,376750
ICICIBANK30Jan20590CE.NFO,07/01/2020,14:46:25,0.85,0.8,4125,0.85,4125,0,376750
ICICIBANK30Jan20590CE.NFO,07/01/2020,14:46:35,0.85,0.8,5500,0.85,5500,0,376750
ICICIBANK30Jan20590CE.NFO,07/01/2020,14:46:47,0.85,0.8,2750,0.85,5500,0,376750
ICICIBANK30Jan20590CE.NFO,07/01/2020,14:46:53,0.85,0.8,5500,0.85,4125,0,376750
ICICIBANK30Jan20590CE.NFO,07/01/2020,14:47:12,0.85,0.8,5500,0.85,5500,0,376750
ICICIBANK30Jan20590CE.NFO,07/01/2020,14:47:18,0.85,0.8,2750,0.85,5500,0,376750
ICICIBANK30Jan20590CE.NFO,07/01/2020,14:47:30,0.85,0.8,9625,0.85,5500,0,376750
ICICIBANK30Jan20590CE.NFO,07/01/2020,14:47:35,0.85,0.8,8250,0.85,5500,0,376750
ICICIBANK30Jan20590CE.NFO,07/01/2020,14:47:45,0.85,0.8,5500,0.85,5500,0,376750
ICICIBANK30Jan20590CE.NFO,07/01/2020,14:48:13,0.85,0.8,5500,0.85,4125,1375,380875
ICICIBANK30Jan20590CE.NFO,07/01/2020,14:48:30,0.85,0.8,5500,0.85,8250,0,380875
ICICIBANK30Jan20590CE.NFO,07/01/2020,14:48:36,0.85,0.8,6875,0.85,8250,0,380875
ICICIBANK30Jan20590CE.NFO,07/01/2020,14:48:46,0.85,0.8,9625,0.85,6875,0,380875
ICICIBANK30Jan20590CE.NFO,07/01/2020,14:48:59,0.85,0.8,9625,0.85,11000,0,380875
ICICIBANK30Jan20590CE.NFO,07/01/2020,14:49:13,0.85,0.8,2750,0.85,11000,0,380875
ICICIBANK30Jan20590CE.NFO,07/01/2020,14:49:19,0.85,0.8,1375,0.85,11000,0,380875
ICICIBANK30Jan20590CE.NFO,07/01/2020,14:49:23,0.85,0.8,4125,0.85,11000,0,380875
ICICIBANK30Jan20590CE.NFO,07/01/2020,14:49:27,0.85,0.8,4125,0.85,12375,0,380875
ICICIBANK30Jan20590CE.NFO,07/01/2020,14:49:47,0.85,0.8,5500,0.85,12375,0,380875
ICICIBANK30Jan20590CE.NFO,07/01/2020,14:49:51,0.85,0.8,4125,0.85,12375,0,380875
ICICIBANK30Jan20590CE.NFO,07/01/2020,14:49:56,0.85,0.8,5500,0.85,12375,0,380875
ICICIBANK30Jan20590CE.NFO,07/01/2020,14:50:11,0.85,0.8,4125,0.85,9625,0,380875
ICICIBANK30Jan20590CE.NFO,07/01/2020,14:50:27,0.85,0.8,4125,0.85,12375,0,380875
ICICIBANK30Jan20590CE.NFO,07/01/2020,14:51:20,0.85,0.8,1375,0.85,12375,0,380875
ICICIBANK30Jan20590CE.NFO,07/01/2020,14:51:49,0.8,0.75,20625,0.85,12375,1375,380875
ICICIBANK30Jan20590CE.NFO,07/01/2020,14:52:02,0.8,0.75,22000,0.85,15125,0,380875
ICICIBANK30Jan20590CE.NFO,07/01/2020,14:54:08,0.8,0.8,1375,0.85,15125,0,380875
ICICIBANK30Jan20590CE.NFO,07/01/2020,14:54:20,0.8,0.75,22000,0.85,15125,0,380875
ICICIBANK30Jan20590CE.NFO,07/01/2020,14:55:07,0.8,0.75,22000,0.85,17875,0,380875
ICICIBANK30Jan20590CE.NFO,07/01/2020,15:01:39,0.8,0.75,20625,0.85,17875,0,380875
ICICIBANK30Jan20590CE.NFO,07/01/2020,15:02:57,0.8,0.75,23375,0.85,17875,1375,369875
ICICIBANK30Jan20590CE.NFO,07/01/2020,15:03:08,0.8,0.75,22000,0.85,17875,1375,369875
ICICIBANK30Jan20590CE.NFO,07/01/2020,15:03:13,0.8,0.75,22000,0.85,17875,0,369875
ICICIBANK30Jan20590CE.NFO,07/01/2020,15:03:19,0.8,0.75,20625,0.85,17875,0,369875
ICICIBANK30Jan20590CE.NFO,07/01/2020,15:04:32,0.8,0.8,1375,0.85,17875,0,369875
ICICIBANK30Jan20590CE.NFO,07/01/2020,15:06:17,0.8,0.75,20625,0.85,17875,1375,371250
ICICIBANK30Jan20590CE.NFO,07/01/2020,15:07:30,0.8,0.75,20625,0.85,17875,0,371250
ICICIBANK30Jan20590CE.NFO,07/01/2020,15:08:13,0.8,0.75,20625,0.85,17875,1375,372625
ICICIBANK30Jan20590CE.NFO,07/01/2020,15:08:28,0.8,0.75,20625,0.85,17875,0,372625
ICICIBANK30Jan20590CE.NFO,07/01/2020,15:08:34,0.75,0.75,17875,0.85,17875,2750,372625
ICICIBANK30Jan20590CE.NFO,07/01/2020,15:08:34,0.75,0.75,17875,0.85,17875,0,372625
ICICIBANK30Jan20590CE.NFO,07/01/2020,15:08:40,0.75,0.75,17875,0.8,6875,0,372625
ICICIBANK30Jan20590CE.NFO,07/01/2020,15:08:44,0.75,0.75,20625,0.8,9625,0,372625
ICICIBANK30Jan20590CE.NFO,07/01/2020,15:09:35,0.75,0.75,22000,0.8,9625,0,372625
ICICIBANK30Jan20590CE.NFO,07/01/2020,15:10:05,0.8,0.75,22000,0.8,8250,1375,372625
ICICIBANK30Jan20590CE.NFO,07/01/2020,15:10:10,0.8,0.75,24750,0.8,8250,0,372625
ICICIBANK30Jan20590CE.NFO,07/01/2020,15:10:21,0.8,0.75,23375,0.8,8250,0,372625
ICICIBANK30Jan20590CE.NFO,07/01/2020,15:10:42,0.8,0.75,23375,0.8,1375,0,372625
ICICIBANK30Jan20590CE.NFO,07/01/2020,15:10:53,0.8,0.8,2750,0.85,20625,1375,372625
ICICIBANK30Jan20590CE.NFO,07/01/2020,15:11:44,0.8,0.8,9625,0.85,20625,0,372625
ICICIBANK30Jan20590CE.NFO,07/01/2020,15:12:16,0.8,0.8,4125,0.85,20625,0,372625
ICICIBANK30Jan20590CE.NFO,07/01/2020,15:12:30,0.8,0.8,2750,0.85,20625,0,372625
ICICIBANK30Jan20590CE.NFO,07/01/2020,15:12:42,0.8,0.75,20625,0.8,9625,0,372625
ICICIBANK30Jan20590CE.NFO,07/01/2020,15:12:53,0.8,0.75,23375,0.8,9625,0,372625
ICICIBANK30Jan20590CE.NFO,07/01/2020,15:13:35,0.8,0.75,23375,0.8,6875,1375,372625
ICICIBANK30Jan20590CE.NFO,07/01/2020,15:13:44,0.8,0.75,23375,0.8,9625,0,372625
ICICIBANK30Jan20590CE.NFO,07/01/2020,15:13:50,0.8,0.75,22000,0.8,9625,0,372625
ICICIBANK30Jan20590CE.NFO,07/01/2020,15:14:00,0.8,0.75,22000,0.8,6875,0,372625
ICICIBANK30Jan20590CE.NFO,07/01/2020,15:14:13,0.8,0.75,22000,0.8,5500,1375,372625
ICICIBANK30Jan20590CE.NFO,07/01/2020,15:14:23,0.8,0.75,22000,0.8,4125,1375,372625
ICICIBANK30Jan20590CE.NFO,07/01/2020,15:14:41,0.8,0.75,22000,0.8,4125,0,372625
ICICIBANK30Jan20590CE.NFO,07/01/2020,15:14:51,0.8,0.8,6875,0.85,11000,0,372625
ICICIBANK30Jan20590CE.NFO,07/01/2020,15:14:57,0.8,0.8,2750,0.85,12375,1375,372625
ICICIBANK30Jan20590CE.NFO,07/01/2020,15:15:02,0.8,0.8,2750,0.85,12375,0,372625
ICICIBANK30Jan20590CE.NFO,07/01/2020,15:15:08,0.8,0.8,5500,0.85,16500,0,372625
ICICIBANK30Jan20590CE.NFO,07/01/2020,15:15:15,0.8,0.8,2750,0.85,13750,2750,372625
ICICIBANK30Jan20590CE.NFO,07/01/2020,15:15:29,0.8,0.8,2750,0.85,13750,0,372625
ICICIBANK30Jan20590CE.NFO,07/01/2020,15:17:00,0.8,0.8,5500,0.85,13750,0,372625
ICICIBANK30Jan20590CE.NFO,07/01/2020,15:17:07,0.8,0.8,4125,0.85,13750,0,372625
ICICIBANK30Jan20590CE.NFO,07/01/2020,15:17:14,0.8,0.8,8250,0.85,13750,0,372625
ICICIBANK30Jan20590CE.NFO,07/01/2020,15:17:28,0.8,0.8,5500,0.85,13750,0,372625
ICICIBANK30Jan20590CE.NFO,07/01/2020,15:17:35,0.8,0.8,11000,0.85,13750,0,372625
ICICIBANK30Jan20590CE.NFO,07/01/2020,15:17:54,0.8,0.8,11000,0.85,12375,0,372625
ICICIBANK30Jan20590CE.NFO,07/01/2020,15:18:07,0.8,0.8,11000,0.85,8250,0,372625
ICICIBANK30Jan20590CE.NFO,07/01/2020,15:18:24,0.8,0.8,11000,0.85,5500,0,372625
ICICIBANK30Jan20590CE.NFO,07/01/2020,15:18:43,0.8,0.8,8250,0.85,5500,0,372625
ICICIBANK30Jan20590CE.NFO,07/01/2020,15:19:08,0.8,0.8,11000,0.85,5500,0,372625
ICICIBANK30Jan20590CE.NFO,07/01/2020,15:19:21,0.85,0.8,11000,0.85,11000,2750,368500
ICICIBANK30Jan20590CE.NFO,07/01/2020,15:19:27,0.85,0.8,6875,0.85,11000,0,368500
ICICIBANK30Jan20590CE.NFO,07/01/2020,15:19:33,0.85,0.8,9625,0.85,12375,0,368500
ICICIBANK30Jan20590CE.NFO,07/01/2020,15:19:51,0.85,0.8,8250,0.85,12375,0,368500
ICICIBANK30Jan20590CE.NFO,07/01/2020,15:19:58,0.85,0.8,6875,0.85,15125,0,368500
ICICIBANK30Jan20590CE.NFO,07/01/2020,15:20:07,0.85,0.8,5500,0.85,15125,0,368500
ICICIBANK30Jan20590CE.NFO,07/01/2020,15:20:25,0.85,0.8,6875,0.85,12375,0,368500
ICICIBANK30Jan20590CE.NFO,07/01/2020,15:20:33,0.85,0.8,6875,0.85,11000,0,368500
ICICIBANK30Jan20590CE.NFO,07/01/2020,15:20:39,0.85,0.8,6875,0.85,9625,0,368500
ICICIBANK30Jan20590CE.NFO,07/01/2020,15:20:54,0.85,0.8,11000,0.85,9625,0,368500
ICICIBANK30Jan20590CE.NFO,07/01/2020,15:21:02,0.85,0.8,11000,0.85,16500,0,368500
ICICIBANK30Jan20590CE.NFO,07/01/2020,15:21:32,0.85,0.8,11000,0.85,17875,0,368500
ICICIBANK30Jan20590CE.NFO,07/01/2020,15:21:39,0.85,0.8,11000,0.85,13750,0,368500
ICICIBANK30Jan20590CE.NFO,07/01/2020,15:21:56,0.85,0.8,11000,0.85,5500,0,368500
ICICIBANK30Jan20590CE.NFO,07/01/2020,15:22:01,0.85,0.8,11000,0.85,4125,0,368500
ICICIBANK30Jan20590CE.NFO,07/01/2020,15:22:12,0.85,0.8,11000,0.85,1375,0,368500
ICICIBANK30Jan20590CE.NFO,07/01/2020,15:22:19,0.85,0.8,11000,0.9,12375,0,368500
ICICIBANK30Jan20590CE.NFO,07/01/2020,15:23:24,0.85,0.8,11000,0.85,8250,0,368500
ICICIBANK30Jan20590CE.NFO,07/01/2020,15:23:55,0.85,0.8,12375,0.85,8250,0,368500
ICICIBANK30Jan20590CE.NFO,07/01/2020,15:24:02,0.85,0.8,12375,0.85,1375,0,368500
ICICIBANK30Jan20590CE.NFO,07/01/2020,15:24:08,0.85,0.8,12375,0.85,4125,0,368500
ICICIBANK30Jan20590CE.NFO,07/01/2020,15:24:48,0.85,0.8,12375,0.85,5500,0,368500
ICICIBANK30Jan20590CE.NFO,07/01/2020,15:25:00,0.85,0.8,12375,0.85,4125,0,368500
ICICIBANK30Jan20590CE.NFO,07/01/2020,15:25:42,0.85,0.8,8250,0.85,4125,0,368500
ICICIBANK30Jan20590CE.NFO,07/01/2020,15:25:47,0.85,0.8,11000,0.85,4125,0,368500
ICICIBANK30Jan20590CE.NFO,07/01/2020,15:26:29,0.85,0.8,8250,0.85,4125,0,368500
ICICIBANK30Jan20590CE.NFO,07/01/2020,15:26:40,0.85,0.8,8250,0.85,2750,1375,368500
ICICIBANK30Jan20590CE.NFO,07/01/2020,15:26:45,0.85,0.8,8250,0.85,2750,0,368500
ICICIBANK30Jan20590CE.NFO,07/01/2020,15:27:22,0.85,0.8,5500,0.85,6875,0,368500
ICICIBANK30Jan20590CE.NFO,07/01/2020,15:27:28,0.85,0.8,6875,0.85,6875,0,368500
ICICIBANK30Jan20590CE.NFO,07/01/2020,15:28:02,0.8,0.8,2750,0.85,5500,4125,367125
ICICIBANK30Jan20590CE.NFO,07/01/2020,15:28:13,0.8,0.8,5500,0.85,5500,0,367125
ICICIBANK30Jan20590CE.NFO,07/01/2020,15:28:19,0.8,0.8,1375,0.85,5500,0,367125
ICICIBANK30Jan20590CE.NFO,07/01/2020,15:28:30,0.8,0.8,5500,0.85,5500,0,367125
ICICIBANK30Jan20590CE.NFO,07/01/2020,15:28:42,0.8,0.8,5500,0.9,2750,0,367125
ICICIBANK30Jan20590CE.NFO,07/01/2020,15:29:19,0.8,0.8,4125,0.9,2750,0,367125
ICICIBANK30Jan20590CE.NFO,07/01/2020,15:29:40,0.8,0.8,4125,0.9,1375,0,367125
ICICIBANK30Jan20590CE.NFO,07/01/2020,15:29:54,0.8,0.8,1375,0.95,2750,0,367125
