Ticker,Date,Time,LTP,BuyPrice,BuyQty,SellPrice,SellQty,LTQ,OpenInterest
ICICIBANK30Jan20540PE.NFO,07/01/2020,09:15:42,15.75,15.4,4125,16.55,8250,1375,1496000
ICICIBANK30Jan20540PE.NFO,07/01/2020,09:15:42,15.75,15.4,4125,16.55,8250,0,1496000
ICICIBANK30Jan20540PE.NFO,07/01/2020,09:15:42,15.75,15.4,4125,16.55,8250,0,1496000
ICICIBANK30Jan20540PE.NFO,07/01/2020,09:15:42,15.75,15.4,4125,16.55,8250,0,1496000
ICICIBANK30Jan20540PE.NFO,07/01/2020,09:15:43,15.75,15.5,1375,16.45,4125,0,1496000
ICICIBANK30Jan20540PE.NFO,07/01/2020,09:15:44,15.75,15.65,6875,16.35,4125,0,1496000
ICICIBANK30Jan20540PE.NFO,07/01/2020,09:15:46,15.75,15.7,1375,16.55,1375,0,1496000
ICICIBANK30Jan20540PE.NFO,07/01/2020,09:15:47,15.75,15.7,1375,16.45,1375,0,1496000
ICICIBANK30Jan20540PE.NFO,07/01/2020,09:15:48,15.75,15.65,1375,16.35,1375,0,1496000
ICICIBANK30Jan20540PE.NFO,07/01/2020,09:15:49,15.75,15.65,1375,16.6,1375,0,1496000
ICICIBANK30Jan20540PE.NFO,07/01/2020,09:15:50,15.75,15.65,1375,16.45,4125,0,1496000
ICICIBANK30Jan20540PE.NFO,07/01/2020,09:15:51,15.75,15.7,1375,16.45,4125,0,1496000
ICICIBANK30Jan20540PE.NFO,07/01/2020,09:15:53,15.7,15.75,6875,16.45,4125,1375,1496000
ICICIBANK30Jan20540PE.NFO,07/01/2020,09:15:53,15.7,15.75,6875,16.45,4125,0,1496000
ICICIBANK30Jan20540PE.NFO,07/01/2020,09:15:54,15.7,15.65,2750,16.5,1375,0,1496000
ICICIBANK30Jan20540PE.NFO,07/01/2020,09:15:55,15.7,15.6,1375,16.3,1375,0,1496000
ICICIBANK30Jan20540PE.NFO,07/01/2020,09:15:57,15.7,15.6,1375,16.2,1375,0,1496000
ICICIBANK30Jan20540PE.NFO,07/01/2020,09:15:58,15.7,15.6,1375,16.1,1375,0,1496000
ICICIBANK30Jan20540PE.NFO,07/01/2020,09:15:58,15.7,15.6,1375,16,1375,0,1496000
ICICIBANK30Jan20540PE.NFO,07/01/2020,09:15:59,15.7,15.6,4125,16.05,1375,0,1496000
ICICIBANK30Jan20540PE.NFO,07/01/2020,09:16:00,15.7,15.6,1375,15.95,2750,0,1496000
ICICIBANK30Jan20540PE.NFO,07/01/2020,09:16:22,15.7,15.6,1375,16.25,1375,0,1496000
ICICIBANK30Jan20540PE.NFO,07/01/2020,09:16:23,15.7,15.65,1375,16.25,1375,0,1496000
ICICIBANK30Jan20540PE.NFO,07/01/2020,09:16:24,15.7,15.65,12375,16.25,1375,0,1496000
ICICIBANK30Jan20540PE.NFO,07/01/2020,09:16:25,15.7,15.6,1375,16.25,1375,0,1496000
ICICIBANK30Jan20540PE.NFO,07/01/2020,09:16:26,15.7,15.7,1375,16.25,2750,0,1496000
ICICIBANK30Jan20540PE.NFO,07/01/2020,09:16:29,15.7,15.7,1375,16.05,2750,0,1496000
ICICIBANK30Jan20540PE.NFO,07/01/2020,09:16:31,15.7,15.7,1375,15.95,1375,0,1496000
ICICIBANK30Jan20540PE.NFO,07/01/2020,09:16:32,15.7,15.6,1375,15.95,1375,1375,1496000
ICICIBANK30Jan20540PE.NFO,07/01/2020,09:16:33,15.7,15.6,1375,15.95,1375,0,1496000
ICICIBANK30Jan20540PE.NFO,07/01/2020,09:16:45,15.6,15.35,1375,15.95,1375,1375,1496000
ICICIBANK30Jan20540PE.NFO,07/01/2020,09:16:45,15.6,15.35,1375,15.95,1375,0,1496000
ICICIBANK30Jan20540PE.NFO,07/01/2020,09:16:46,15.6,15.3,2750,15.95,1375,0,1496000
ICICIBANK30Jan20540PE.NFO,07/01/2020,09:16:47,15.6,15.3,1375,15.9,8250,0,1496000
ICICIBANK30Jan20540PE.NFO,07/01/2020,09:16:48,15.6,15.3,1375,15.85,5500,0,1496000
ICICIBANK30Jan20540PE.NFO,07/01/2020,09:16:49,15.6,15.35,1375,15.9,1375,0,1496000
ICICIBANK30Jan20540PE.NFO,07/01/2020,09:16:50,15.6,15.25,1375,15.8,8250,1375,1496000
ICICIBANK30Jan20540PE.NFO,07/01/2020,09:16:51,15.6,15.25,1375,15.75,1375,0,1496000
ICICIBANK30Jan20540PE.NFO,07/01/2020,09:16:52,15.6,15.25,4125,15.7,5500,0,1496000
ICICIBANK30Jan20540PE.NFO,07/01/2020,09:16:54,15.6,15.3,1375,15.85,6875,0,1496000
ICICIBANK30Jan20540PE.NFO,07/01/2020,09:16:55,15.6,15.3,1375,15.9,8250,0,1496000
ICICIBANK30Jan20540PE.NFO,07/01/2020,09:16:56,15.6,15.3,1375,15.85,2750,0,1496000
ICICIBANK30Jan20540PE.NFO,07/01/2020,09:16:57,15.6,15.3,4125,15.85,2750,0,1496000
ICICIBANK30Jan20540PE.NFO,07/01/2020,09:16:58,15.6,15.3,4125,15.9,2750,0,1496000
ICICIBANK30Jan20540PE.NFO,07/01/2020,09:17:00,15.6,15.35,1375,15.8,1375,0,1496000
ICICIBANK30Jan20540PE.NFO,07/01/2020,09:17:00,15.6,15.35,1375,15.85,1375,1375,1496000
ICICIBANK30Jan20540PE.NFO,07/01/2020,09:17:01,15.6,15.35,1375,15.85,1375,0,1496000
ICICIBANK30Jan20540PE.NFO,07/01/2020,09:17:02,15.6,15.35,1375,15.8,1375,0,1496000
ICICIBANK30Jan20540PE.NFO,07/01/2020,09:17:03,15.6,15.35,1375,15.85,1375,0,1496000
ICICIBANK30Jan20540PE.NFO,07/01/2020,09:17:04,15.8,15.35,1375,16.1,1375,2750,1496000
ICICIBANK30Jan20540PE.NFO,07/01/2020,09:17:04,15.8,15.35,1375,16.1,1375,0,1496000
ICICIBANK30Jan20540PE.NFO,07/01/2020,09:17:05,15.8,15.25,5500,15.95,1375,0,1496000
ICICIBANK30Jan20540PE.NFO,07/01/2020,09:17:06,15.8,15.3,2750,15.95,1375,0,1496000
ICICIBANK30Jan20540PE.NFO,07/01/2020,09:17:07,15.8,15.25,2750,15.85,1375,0,1496000
ICICIBANK30Jan20540PE.NFO,07/01/2020,09:17:08,15.8,15.3,2750,15.8,6875,0,1496000
ICICIBANK30Jan20540PE.NFO,07/01/2020,09:17:09,15.8,15.3,2750,15.8,1375,0,1496000
ICICIBANK30Jan20540PE.NFO,07/01/2020,09:17:11,15.8,15.3,2750,15.7,1375,0,1496000
ICICIBANK30Jan20540PE.NFO,07/01/2020,09:17:12,15.8,15.15,2750,15.65,4125,0,1496000
ICICIBANK30Jan20540PE.NFO,07/01/2020,09:17:21,15.1,14.8,1375,15.25,2750,2750,1496000
ICICIBANK30Jan20540PE.NFO,07/01/2020,09:17:21,15.1,14.8,1375,15.25,2750,0,1496000
ICICIBANK30Jan20540PE.NFO,07/01/2020,09:17:30,15.1,14.95,1375,15.7,8250,0,1496000
ICICIBANK30Jan20540PE.NFO,07/01/2020,09:17:40,15.1,15,2750,15.55,1375,0,1496000
ICICIBANK30Jan20540PE.NFO,07/01/2020,09:17:49,15.1,14.9,8250,15.5,1375,0,1496000
ICICIBANK30Jan20540PE.NFO,07/01/2020,09:17:59,15.1,15.05,1375,15.65,1375,0,1496000
ICICIBANK30Jan20540PE.NFO,07/01/2020,09:18:08,15.1,15.15,1375,15.7,2750,0,1496000
ICICIBANK30Jan20540PE.NFO,07/01/2020,09:18:16,15.1,14.9,19250,15.45,1375,0,1496000
ICICIBANK30Jan20540PE.NFO,07/01/2020,09:18:23,15.1,14.9,1375,15.45,2750,0,1496000
ICICIBANK30Jan20540PE.NFO,07/01/2020,09:18:30,15.1,15.05,9625,15.55,2750,0,1496000
ICICIBANK30Jan20540PE.NFO,07/01/2020,09:18:38,15.8,15.5,2750,15.95,2750,1375,1496000
ICICIBANK30Jan20540PE.NFO,07/01/2020,09:18:46,15.8,15.5,11000,16.25,2750,0,1496000
ICICIBANK30Jan20540PE.NFO,07/01/2020,09:18:53,15.8,15.65,8250,16.25,1375,0,1496000
ICICIBANK30Jan20540PE.NFO,07/01/2020,09:19:00,15.8,15.65,1375,16.2,1375,0,1496000
ICICIBANK30Jan20540PE.NFO,07/01/2020,09:19:07,15.8,15.75,4125,16.2,2750,0,1496000
ICICIBANK30Jan20540PE.NFO,07/01/2020,09:19:13,15.8,15.75,1375,16.2,2750,0,1496000
ICICIBANK30Jan20540PE.NFO,07/01/2020,09:19:16,15.8,15.7,2750,16.1,2750,0,1496000
ICICIBANK30Jan20540PE.NFO,07/01/2020,09:19:17,15.7,15.5,1375,15.95,1375,1375,1496000
ICICIBANK30Jan20540PE.NFO,07/01/2020,09:19:18,15.7,15.5,1375,15.95,1375,0,1496000
ICICIBANK30Jan20540PE.NFO,07/01/2020,09:19:19,15.7,15.45,2750,15.95,1375,0,1496000
ICICIBANK30Jan20540PE.NFO,07/01/2020,09:19:25,15.7,15.35,1375,15.85,1375,0,1496000
ICICIBANK30Jan20540PE.NFO,07/01/2020,09:19:28,15.7,15.3,1375,15.8,2750,0,1496000
ICICIBANK30Jan20540PE.NFO,07/01/2020,09:19:29,15.7,15.3,5500,15.8,2750,0,1496000
ICICIBANK30Jan20540PE.NFO,07/01/2020,09:19:30,15.7,15.3,5500,15.8,4125,0,1496000
ICICIBANK30Jan20540PE.NFO,07/01/2020,09:19:31,15.7,15.3,2750,15.8,4125,0,1496000
ICICIBANK30Jan20540PE.NFO,07/01/2020,09:19:33,15.7,15.3,2750,15.85,4125,0,1496000
ICICIBANK30Jan20540PE.NFO,07/01/2020,09:19:34,15.7,15.4,1375,15.85,2750,0,1496000
ICICIBANK30Jan20540PE.NFO,07/01/2020,09:19:35,15.7,15.4,1375,15.75,2750,0,1496000
ICICIBANK30Jan20540PE.NFO,07/01/2020,09:19:39,15.7,15.3,1375,15.8,2750,0,1496000
ICICIBANK30Jan20540PE.NFO,07/01/2020,09:19:41,15.7,15.05,2750,15.65,1375,0,1496000
ICICIBANK30Jan20540PE.NFO,07/01/2020,09:19:43,15.7,15.05,2750,15.65,5500,0,1496000
ICICIBANK30Jan20540PE.NFO,07/01/2020,09:19:44,15.7,15.05,2750,15.55,1375,0,1496000
ICICIBANK30Jan20540PE.NFO,07/01/2020,09:19:46,15.7,14.95,12375,15.45,1375,0,1496000
ICICIBANK30Jan20540PE.NFO,07/01/2020,09:19:47,15.7,14.95,13750,15.45,1375,0,1496000
ICICIBANK30Jan20540PE.NFO,07/01/2020,09:19:48,15.7,15,2750,15.55,2750,0,1496000
ICICIBANK30Jan20540PE.NFO,07/01/2020,09:19:50,15.7,15,1375,15.5,2750,0,1496000
ICICIBANK30Jan20540PE.NFO,07/01/2020,09:19:52,15.7,15.1,2750,15.5,2750,0,1496000
ICICIBANK30Jan20540PE.NFO,07/01/2020,09:19:56,15.7,15.15,4125,15.5,2750,0,1496000
ICICIBANK30Jan20540PE.NFO,07/01/2020,09:19:58,15.7,15.15,1375,15.5,2750,0,1496000
ICICIBANK30Jan20540PE.NFO,07/01/2020,09:19:59,15.7,15.2,5500,15.7,1375,0,1496000
ICICIBANK30Jan20540PE.NFO,07/01/2020,09:20:00,15.7,15.2,2750,15.7,1375,0,1496000
ICICIBANK30Jan20540PE.NFO,07/01/2020,09:20:02,15.7,15.25,1375,15.6,1375,0,1496000
ICICIBANK30Jan20540PE.NFO,07/01/2020,09:20:03,15.7,15.2,1375,15.7,1375,0,1496000
ICICIBANK30Jan20540PE.NFO,07/01/2020,09:20:05,15.7,15.2,4125,15.65,4125,0,1496000
ICICIBANK30Jan20540PE.NFO,07/01/2020,09:20:06,15.7,15.3,1375,15.65,2750,0,1496000
ICICIBANK30Jan20540PE.NFO,07/01/2020,09:20:10,15.7,15.35,1375,15.8,1375,0,1496000
ICICIBANK30Jan20540PE.NFO,07/01/2020,09:20:11,15.7,15.35,1375,15.7,1375,0,1496000
ICICIBANK30Jan20540PE.NFO,07/01/2020,09:20:15,15.7,15.3,2750,15.7,4125,0,1496000
ICICIBANK30Jan20540PE.NFO,07/01/2020,09:20:21,15.7,15.2,2750,15.6,4125,0,1496000
ICICIBANK30Jan20540PE.NFO,07/01/2020,09:20:34,15.1,15,4125,15.3,5500,1375,1494625
ICICIBANK30Jan20540PE.NFO,07/01/2020,09:20:40,15.1,15,5500,15.3,4125,0,1494625
ICICIBANK30Jan20540PE.NFO,07/01/2020,09:20:53,15.1,15,2750,15.35,9625,0,1494625
ICICIBANK30Jan20540PE.NFO,07/01/2020,09:20:59,15.1,14.95,1375,15.25,6875,0,1494625
ICICIBANK30Jan20540PE.NFO,07/01/2020,09:21:06,15.1,15,1375,15.2,2750,0,1494625
ICICIBANK30Jan20540PE.NFO,07/01/2020,09:21:14,15.1,14.7,1375,14.9,2750,0,1494625
ICICIBANK30Jan20540PE.NFO,07/01/2020,09:21:22,15.1,14.75,2750,14.95,2750,0,1494625
ICICIBANK30Jan20540PE.NFO,07/01/2020,09:21:29,15.1,14.75,5500,15.1,1375,0,1494625
ICICIBANK30Jan20540PE.NFO,07/01/2020,09:21:35,15.1,14.95,2750,15.2,2750,0,1494625
ICICIBANK30Jan20540PE.NFO,07/01/2020,09:21:41,15.1,15.05,2750,15.3,4125,0,1494625
ICICIBANK30Jan20540PE.NFO,07/01/2020,09:21:48,15.1,14.95,1375,15.2,2750,0,1494625
ICICIBANK30Jan20540PE.NFO,07/01/2020,09:22:01,15.1,14.95,1375,15.2,5500,0,1494625
ICICIBANK30Jan20540PE.NFO,07/01/2020,09:22:07,14.95,14.65,4125,14.9,2750,1375,1494625
ICICIBANK30Jan20540PE.NFO,07/01/2020,09:22:07,14.95,14.65,4125,14.9,2750,0,1494625
ICICIBANK30Jan20540PE.NFO,07/01/2020,09:22:15,14.65,14.65,2750,14.85,2750,1375,1494625
ICICIBANK30Jan20540PE.NFO,07/01/2020,09:22:15,14.65,14.65,2750,14.85,2750,0,1494625
ICICIBANK30Jan20540PE.NFO,07/01/2020,09:22:21,14.65,14.6,2750,14.75,2750,0,1494625
ICICIBANK30Jan20540PE.NFO,07/01/2020,09:22:28,14.65,14.55,2750,14.75,5500,0,1494625
ICICIBANK30Jan20540PE.NFO,07/01/2020,09:22:35,14.55,14.4,4125,14.65,4125,2750,1494625
ICICIBANK30Jan20540PE.NFO,07/01/2020,09:22:35,14.55,14.4,4125,14.65,4125,0,1494625
ICICIBANK30Jan20540PE.NFO,07/01/2020,09:22:42,14.55,14.5,1375,14.65,4125,0,1494625
ICICIBANK30Jan20540PE.NFO,07/01/2020,09:22:48,14.8,14.7,4125,14.9,1375,1375,1494625
ICICIBANK30Jan20540PE.NFO,07/01/2020,09:22:54,14.8,14.7,4125,14.95,2750,0,1494625
ICICIBANK30Jan20540PE.NFO,07/01/2020,09:23:01,14.9,14.8,4125,15,1375,1375,1494625
ICICIBANK30Jan20540PE.NFO,07/01/2020,09:23:06,14.9,14.8,1375,15,4125,0,1494625
ICICIBANK30Jan20540PE.NFO,07/01/2020,09:23:12,14.9,14.8,1375,15,1375,0,1494625
ICICIBANK30Jan20540PE.NFO,07/01/2020,09:23:18,14.9,14.95,4125,15.2,1375,0,1494625
ICICIBANK30Jan20540PE.NFO,07/01/2020,09:23:24,15.05,15.05,1375,15.25,4125,1375,1494625
ICICIBANK30Jan20540PE.NFO,07/01/2020,09:23:36,15.05,15.05,1375,15.25,1375,0,1497375
ICICIBANK30Jan20540PE.NFO,07/01/2020,09:23:42,15.05,15.15,2750,15.4,4125,0,1497375
ICICIBANK30Jan20540PE.NFO,07/01/2020,09:23:49,15.05,15.3,2750,15.5,2750,0,1497375
ICICIBANK30Jan20540PE.NFO,07/01/2020,09:23:54,15.3,15.2,2750,15.45,2750,1375,1497375
ICICIBANK30Jan20540PE.NFO,07/01/2020,09:24:01,15.2,15.1,4125,15.35,2750,1375,1497375
ICICIBANK30Jan20540PE.NFO,07/01/2020,09:24:07,15.2,15.15,6875,15.45,4125,0,1497375
ICICIBANK30Jan20540PE.NFO,07/01/2020,09:24:12,15.2,15.2,4125,15.45,4125,0,1497375
ICICIBANK30Jan20540PE.NFO,07/01/2020,09:24:24,15.2,15.25,5500,15.5,5500,0,1497375
ICICIBANK30Jan20540PE.NFO,07/01/2020,09:24:30,15.2,15.4,4125,15.7,1375,0,1497375
ICICIBANK30Jan20540PE.NFO,07/01/2020,09:24:35,15.2,15.45,5500,15.7,2750,0,1497375
ICICIBANK30Jan20540PE.NFO,07/01/2020,09:24:46,15.75,15.65,2750,15.9,5500,2750,1497375
ICICIBANK30Jan20540PE.NFO,07/01/2020,09:24:51,15.75,15.65,5500,15.9,2750,0,1497375
ICICIBANK30Jan20540PE.NFO,07/01/2020,09:24:57,15.75,15.65,6875,15.95,2750,0,1497375
ICICIBANK30Jan20540PE.NFO,07/01/2020,09:25:03,15.75,15.5,1375,15.7,1375,0,1497375
ICICIBANK30Jan20540PE.NFO,07/01/2020,09:25:09,15.75,15.4,2750,15.6,1375,0,1497375
ICICIBANK30Jan20540PE.NFO,07/01/2020,09:25:16,15.75,15.5,2750,15.7,2750,0,1497375
ICICIBANK30Jan20540PE.NFO,07/01/2020,09:25:22,15.75,15.45,2750,15.65,2750,0,1497375
ICICIBANK30Jan20540PE.NFO,07/01/2020,09:25:29,15.75,15.4,5500,15.65,4125,0,1497375
ICICIBANK30Jan20540PE.NFO,07/01/2020,09:25:35,15.75,15.3,2750,15.55,4125,0,1497375
ICICIBANK30Jan20540PE.NFO,07/01/2020,09:25:41,15.75,15.25,5500,15.5,2750,0,1497375
ICICIBANK30Jan20540PE.NFO,07/01/2020,09:25:47,15.75,15.25,5500,15.5,4125,0,1497375
ICICIBANK30Jan20540PE.NFO,07/01/2020,09:26:01,15.75,15.3,2750,15.5,1375,0,1497375
ICICIBANK30Jan20540PE.NFO,07/01/2020,09:26:08,15.75,15.35,4125,15.55,4125,0,1497375
ICICIBANK30Jan20540PE.NFO,07/01/2020,09:26:15,15.75,15.5,1375,15.6,1375,0,1497375
ICICIBANK30Jan20540PE.NFO,07/01/2020,09:26:21,15.6,15.6,5500,15.75,1375,1375,1497375
ICICIBANK30Jan20540PE.NFO,07/01/2020,09:26:27,15.6,15.6,4125,15.75,1375,0,1497375
ICICIBANK30Jan20540PE.NFO,07/01/2020,09:26:33,15.6,15.55,1375,15.7,1375,0,1497375
ICICIBANK30Jan20540PE.NFO,07/01/2020,09:26:39,15.6,15.6,5500,15.75,1375,0,1497375
ICICIBANK30Jan20540PE.NFO,07/01/2020,09:26:50,15.6,15.6,5500,15.8,2750,0,1497375
ICICIBANK30Jan20540PE.NFO,07/01/2020,09:26:55,15.6,15.6,6875,15.8,2750,0,1497375
ICICIBANK30Jan20540PE.NFO,07/01/2020,09:27:02,15.6,15.65,1375,15.8,1375,0,1497375
ICICIBANK30Jan20540PE.NFO,07/01/2020,09:27:07,15.6,15.7,2750,15.8,1375,0,1497375
ICICIBANK30Jan20540PE.NFO,07/01/2020,09:27:12,15.6,15.75,2750,15.85,1375,0,1497375
ICICIBANK30Jan20540PE.NFO,07/01/2020,09:27:18,15.6,15.7,2750,15.85,4125,0,1497375
ICICIBANK30Jan20540PE.NFO,07/01/2020,09:27:24,15.6,15.7,2750,15.85,2750,0,1497375
ICICIBANK30Jan20540PE.NFO,07/01/2020,09:27:29,15.6,15.65,5500,15.8,1375,0,1497375
ICICIBANK30Jan20540PE.NFO,07/01/2020,09:27:35,15.8,15.75,1375,15.8,1375,1375,1497375
ICICIBANK30Jan20540PE.NFO,07/01/2020,09:27:41,15.8,15.7,4125,15.85,4125,1375,1497375
ICICIBANK30Jan20540PE.NFO,07/01/2020,09:27:47,15.8,15.75,4125,15.9,4125,0,1497375
ICICIBANK30Jan20540PE.NFO,07/01/2020,09:27:54,15.8,15.75,1375,15.85,2750,0,1497375
ICICIBANK30Jan20540PE.NFO,07/01/2020,09:28:08,15.8,15.7,4125,15.8,1375,0,1497375
ICICIBANK30Jan20540PE.NFO,07/01/2020,09:28:15,15.8,15.75,2750,15.85,2750,0,1497375
ICICIBANK30Jan20540PE.NFO,07/01/2020,09:28:19,15.8,15.8,2750,15.9,1375,0,1497375
ICICIBANK30Jan20540PE.NFO,07/01/2020,09:28:25,15.8,15.8,4125,15.9,1375,0,1497375
ICICIBANK30Jan20540PE.NFO,07/01/2020,09:28:37,15.9,15.85,2750,15.9,1375,1375,1497375
ICICIBANK30Jan20540PE.NFO,07/01/2020,09:28:37,15.9,15.85,2750,15.9,1375,0,1497375
ICICIBANK30Jan20540PE.NFO,07/01/2020,09:28:41,15.9,15.8,2750,15.85,1375,0,1497375
ICICIBANK30Jan20540PE.NFO,07/01/2020,09:28:52,15.75,15.7,2750,15.8,1375,1375,1497375
ICICIBANK30Jan20540PE.NFO,07/01/2020,09:28:58,15.8,15.75,4125,15.85,1375,1375,1497375
ICICIBANK30Jan20540PE.NFO,07/01/2020,09:29:03,15.8,15.7,1375,15.8,1375,0,1497375
ICICIBANK30Jan20540PE.NFO,07/01/2020,09:29:09,15.8,15.65,5500,15.75,1375,0,1497375
ICICIBANK30Jan20540PE.NFO,07/01/2020,09:29:14,15.75,15.7,2750,15.75,1375,1375,1497375
ICICIBANK30Jan20540PE.NFO,07/01/2020,09:29:20,15.7,15.75,2750,15.85,1375,1375,1497375
ICICIBANK30Jan20540PE.NFO,07/01/2020,09:29:25,15.85,15.8,5500,15.9,1375,1375,1497375
ICICIBANK30Jan20540PE.NFO,07/01/2020,09:29:31,15.9,15.95,1375,16.1,1375,1375,1497375
ICICIBANK30Jan20540PE.NFO,07/01/2020,09:29:37,16,15.9,2750,16.1,4125,2750,1497375
ICICIBANK30Jan20540PE.NFO,07/01/2020,09:29:37,16,15.9,2750,16.1,4125,0,1497375
ICICIBANK30Jan20540PE.NFO,07/01/2020,09:29:42,16,15.9,2750,16.05,2750,0,1497375
ICICIBANK30Jan20540PE.NFO,07/01/2020,09:29:47,16,15.8,6875,16,2750,0,1497375
ICICIBANK30Jan20540PE.NFO,07/01/2020,09:29:56,16,15.8,6875,16,1375,0,1497375
ICICIBANK30Jan20540PE.NFO,07/01/2020,09:30:04,16,15.75,5500,15.95,1375,0,1497375
ICICIBANK30Jan20540PE.NFO,07/01/2020,09:30:10,16,15.8,4125,15.95,1375,0,1497375
ICICIBANK30Jan20540PE.NFO,07/01/2020,09:30:15,16,15.8,2750,15.95,1375,0,1497375
ICICIBANK30Jan20540PE.NFO,07/01/2020,09:30:20,16,15.75,1375,15.9,1375,0,1497375
ICICIBANK30Jan20540PE.NFO,07/01/2020,09:30:25,16,15.7,2750,15.8,1375,0,1497375
ICICIBANK30Jan20540PE.NFO,07/01/2020,09:30:40,16,15.7,1375,15.8,1375,0,1497375
ICICIBANK30Jan20540PE.NFO,07/01/2020,09:30:45,16,15.6,4125,15.75,1375,0,1497375
ICICIBANK30Jan20540PE.NFO,07/01/2020,09:30:50,16,15.6,5500,15.75,1375,0,1497375
ICICIBANK30Jan20540PE.NFO,07/01/2020,09:31:00,16,15.65,5500,15.8,1375,0,1497375
ICICIBANK30Jan20540PE.NFO,07/01/2020,09:31:05,16,15.6,2750,15.75,1375,0,1497375
ICICIBANK30Jan20540PE.NFO,07/01/2020,09:31:11,16,15.6,5500,15.75,1375,0,1497375
ICICIBANK30Jan20540PE.NFO,07/01/2020,09:31:18,16,15.5,2750,15.65,1375,0,1497375
ICICIBANK30Jan20540PE.NFO,07/01/2020,09:31:24,16,15.4,8250,15.6,1375,0,1497375
ICICIBANK30Jan20540PE.NFO,07/01/2020,09:31:29,16,15.4,5500,15.6,2750,0,1497375
ICICIBANK30Jan20540PE.NFO,07/01/2020,09:31:34,16,15.4,6875,15.6,2750,0,1497375
ICICIBANK30Jan20540PE.NFO,07/01/2020,09:31:40,16,15.45,2750,15.6,1375,0,1497375
ICICIBANK30Jan20540PE.NFO,07/01/2020,09:31:51,16,15.45,2750,15.6,2750,0,1497375
ICICIBANK30Jan20540PE.NFO,07/01/2020,09:32:02,16,15.4,4125,15.6,2750,0,1497375
ICICIBANK30Jan20540PE.NFO,07/01/2020,09:32:07,15.55,15.4,6875,15.6,4125,1375,1497375
ICICIBANK30Jan20540PE.NFO,07/01/2020,09:32:19,15.4,15.2,1375,15.4,1375,1375,1505625
ICICIBANK30Jan20540PE.NFO,07/01/2020,09:32:25,15.4,15.25,6875,15.45,4125,0,1505625
ICICIBANK30Jan20540PE.NFO,07/01/2020,09:32:31,15.4,15.3,4125,15.45,1375,0,1505625
ICICIBANK30Jan20540PE.NFO,07/01/2020,09:32:37,15.45,15.35,5500,15.5,1375,1375,1505625
ICICIBANK30Jan20540PE.NFO,07/01/2020,09:32:42,15.45,15.45,2750,15.6,1375,1375,1505625
ICICIBANK30Jan20540PE.NFO,07/01/2020,09:32:48,15.45,15.4,1375,15.5,1375,0,1505625
ICICIBANK30Jan20540PE.NFO,07/01/2020,09:32:54,15.45,15.4,2750,15.5,1375,0,1505625
ICICIBANK30Jan20540PE.NFO,07/01/2020,09:33:00,15.5,15.45,4125,15.55,1375,1375,1505625
ICICIBANK30Jan20540PE.NFO,07/01/2020,09:33:06,15.45,15.45,2750,15.55,1375,2750,1505625
ICICIBANK30Jan20540PE.NFO,07/01/2020,09:33:11,15.5,15.45,2750,15.55,1375,1375,1505625
ICICIBANK30Jan20540PE.NFO,07/01/2020,09:33:17,15.45,15.45,4125,15.55,1375,1375,1505625
ICICIBANK30Jan20540PE.NFO,07/01/2020,09:33:22,15.45,15.45,4125,15.55,1375,0,1505625
ICICIBANK30Jan20540PE.NFO,07/01/2020,09:33:43,15.45,15.5,1375,15.55,1375,0,1505625
ICICIBANK30Jan20540PE.NFO,07/01/2020,09:33:48,15.45,15.55,1375,15.6,1375,0,1505625
ICICIBANK30Jan20540PE.NFO,07/01/2020,09:33:57,15.45,15.5,4125,15.6,1375,0,1505625
ICICIBANK30Jan20540PE.NFO,07/01/2020,09:34:01,15.5,15.45,2750,15.6,2750,1375,1505625
ICICIBANK30Jan20540PE.NFO,07/01/2020,09:34:06,15.5,15.5,2750,15.65,2750,0,1505625
ICICIBANK30Jan20540PE.NFO,07/01/2020,09:34:12,15.5,15.5,2750,15.7,4125,0,1505625
ICICIBANK30Jan20540PE.NFO,07/01/2020,09:34:17,15.5,15.45,2750,15.6,1375,0,1505625
ICICIBANK30Jan20540PE.NFO,07/01/2020,09:34:22,15.5,15.5,5500,15.65,1375,0,1505625
ICICIBANK30Jan20540PE.NFO,07/01/2020,09:34:27,15.5,15.6,1375,15.75,2750,0,1505625
ICICIBANK30Jan20540PE.NFO,07/01/2020,09:34:33,15.5,15.65,1375,15.75,1375,0,1505625
ICICIBANK30Jan20540PE.NFO,07/01/2020,09:34:40,15.75,15.75,1375,15.9,1375,1375,1505625
ICICIBANK30Jan20540PE.NFO,07/01/2020,09:34:45,15.75,15.75,1375,15.9,1375,0,1505625
ICICIBANK30Jan20540PE.NFO,07/01/2020,09:34:50,15.75,15.75,2750,15.9,1375,0,1505625
ICICIBANK30Jan20540PE.NFO,07/01/2020,09:34:56,15.75,15.7,2750,15.85,2750,0,1505625
ICICIBANK30Jan20540PE.NFO,07/01/2020,09:35:01,15.75,15.6,1375,15.8,4125,0,1505625
ICICIBANK30Jan20540PE.NFO,07/01/2020,09:35:07,15.55,15.4,4125,15.55,1375,1375,1505625
ICICIBANK30Jan20540PE.NFO,07/01/2020,09:35:12,15.55,15.45,1375,15.55,1375,0,1505625
ICICIBANK30Jan20540PE.NFO,07/01/2020,09:35:21,15.55,15.4,2750,15.55,1375,0,1505625
ICICIBANK30Jan20540PE.NFO,07/01/2020,09:35:31,15.55,15.5,1375,15.65,2750,0,1505625
ICICIBANK30Jan20540PE.NFO,07/01/2020,09:35:42,15.55,15.5,4125,15.65,1375,0,1505625
ICICIBANK30Jan20540PE.NFO,07/01/2020,09:35:49,15.7,15.65,1375,15.8,1375,1375,1515250
ICICIBANK30Jan20540PE.NFO,07/01/2020,09:35:55,15.7,15.6,2750,15.75,1375,0,1515250
ICICIBANK30Jan20540PE.NFO,07/01/2020,09:36:11,15.6,15.3,4125,15.5,2750,1375,1515250
ICICIBANK30Jan20540PE.NFO,07/01/2020,09:36:17,15.3,15.2,4125,15.35,2750,1375,1515250
ICICIBANK30Jan20540PE.NFO,07/01/2020,09:36:28,15.3,15.1,4125,15.25,2750,0,1515250
ICICIBANK30Jan20540PE.NFO,07/01/2020,09:36:37,15.25,15.15,1375,15.3,1375,2750,1515250
ICICIBANK30Jan20540PE.NFO,07/01/2020,09:36:47,15.25,15.15,4125,15.3,2750,0,1515250
ICICIBANK30Jan20540PE.NFO,07/01/2020,09:36:56,15.4,15.25,2750,15.4,2750,9625,1515250
ICICIBANK30Jan20540PE.NFO,07/01/2020,09:37:01,15.4,15.25,2750,15.4,2750,0,1515250
ICICIBANK30Jan20540PE.NFO,07/01/2020,09:37:05,15.4,15.2,5500,15.4,4125,0,1515250
ICICIBANK30Jan20540PE.NFO,07/01/2020,09:37:10,15.4,15.25,4125,15.4,2750,0,1515250
ICICIBANK30Jan20540PE.NFO,07/01/2020,09:37:23,15.4,15.3,4125,15.45,2750,0,1515250
ICICIBANK30Jan20540PE.NFO,07/01/2020,09:37:28,15.4,15.35,1375,15.5,1375,0,1515250
ICICIBANK30Jan20540PE.NFO,07/01/2020,09:37:33,15.4,15.3,2750,15.45,5500,0,1515250
ICICIBANK30Jan20540PE.NFO,07/01/2020,09:37:37,15.4,15.3,4125,15.45,2750,0,1515250
ICICIBANK30Jan20540PE.NFO,07/01/2020,09:37:53,15.4,15.3,2750,15.45,2750,0,1515250
ICICIBANK30Jan20540PE.NFO,07/01/2020,09:37:58,15.4,15.3,2750,15.5,5500,0,1515250
ICICIBANK30Jan20540PE.NFO,07/01/2020,09:38:02,15.4,15.25,1375,15.45,5500,0,1515250
ICICIBANK30Jan20540PE.NFO,07/01/2020,09:38:07,15.4,15.3,1375,15.45,5500,0,1515250
ICICIBANK30Jan20540PE.NFO,07/01/2020,09:38:11,15.4,15.3,1375,15.45,4125,0,1515250
ICICIBANK30Jan20540PE.NFO,07/01/2020,09:38:16,15.4,15.3,4125,15.45,2750,0,1515250
ICICIBANK30Jan20540PE.NFO,07/01/2020,09:38:20,15.4,15.35,4125,15.5,2750,0,1515250
ICICIBANK30Jan20540PE.NFO,07/01/2020,09:38:24,15.4,15.35,2750,15.5,1375,0,1515250
ICICIBANK30Jan20540PE.NFO,07/01/2020,09:38:28,15.4,15.4,2750,15.55,1375,0,1515250
ICICIBANK30Jan20540PE.NFO,07/01/2020,09:38:33,15.4,15.4,5500,15.6,4125,0,1515250
ICICIBANK30Jan20540PE.NFO,07/01/2020,09:38:37,15.4,15.45,6875,15.65,5500,0,1515250
ICICIBANK30Jan20540PE.NFO,07/01/2020,09:38:41,15.65,15.65,1375,15.8,4125,1375,1518000
ICICIBANK30Jan20540PE.NFO,07/01/2020,09:38:45,15.65,15.6,1375,15.8,4125,0,1518000
ICICIBANK30Jan20540PE.NFO,07/01/2020,09:38:54,15.65,15.6,2750,15.75,2750,0,1518000
ICICIBANK30Jan20540PE.NFO,07/01/2020,09:38:59,15.65,15.65,4125,15.85,2750,0,1518000
ICICIBANK30Jan20540PE.NFO,07/01/2020,09:39:03,15.65,15.7,2750,15.85,2750,0,1518000
ICICIBANK30Jan20540PE.NFO,07/01/2020,09:39:07,15.65,15.7,2750,15.85,1375,0,1518000
ICICIBANK30Jan20540PE.NFO,07/01/2020,09:39:11,15.65,15.7,1375,15.8,1375,0,1518000
ICICIBANK30Jan20540PE.NFO,07/01/2020,09:39:16,15.7,15.5,1375,15.65,4125,2750,1518000
ICICIBANK30Jan20540PE.NFO,07/01/2020,09:39:21,15.7,15.5,1375,15.65,1375,0,1518000
ICICIBANK30Jan20540PE.NFO,07/01/2020,09:39:25,15.7,15.5,1375,15.6,1375,0,1518000
ICICIBANK30Jan20540PE.NFO,07/01/2020,09:39:30,15.7,15.5,1375,15.6,2750,0,1518000
ICICIBANK30Jan20540PE.NFO,07/01/2020,09:39:35,15.7,15.5,1375,15.55,2750,0,1518000
ICICIBANK30Jan20540PE.NFO,07/01/2020,09:39:38,15.7,15.5,1375,15.6,1375,0,1518000
ICICIBANK30Jan20540PE.NFO,07/01/2020,09:39:43,15.7,15.5,2750,15.6,1375,0,1518000
ICICIBANK30Jan20540PE.NFO,07/01/2020,09:39:59,15.7,15.5,1375,15.55,1375,0,1518000
ICICIBANK30Jan20540PE.NFO,07/01/2020,09:40:03,15.5,15.25,2750,15.4,1375,1375,1518000
ICICIBANK30Jan20540PE.NFO,07/01/2020,09:40:09,15.35,15.2,5500,15.4,5500,1375,1518000
ICICIBANK30Jan20540PE.NFO,07/01/2020,09:40:19,15.4,15.3,1375,15.45,4125,2750,1518000
ICICIBANK30Jan20540PE.NFO,07/01/2020,09:40:24,15.4,15.3,1375,15.45,4125,0,1518000
ICICIBANK30Jan20540PE.NFO,07/01/2020,09:40:29,15.3,15.2,1375,15.3,1375,1375,1518000
ICICIBANK30Jan20540PE.NFO,07/01/2020,09:40:34,15.3,15.25,4125,15.4,1375,0,1518000
ICICIBANK30Jan20540PE.NFO,07/01/2020,09:40:39,15.3,15.3,2750,15.4,1375,0,1518000
ICICIBANK30Jan20540PE.NFO,07/01/2020,09:40:44,15.3,15.25,1375,15.35,1375,0,1518000
ICICIBANK30Jan20540PE.NFO,07/01/2020,09:40:48,15.3,15.15,6875,15.3,1375,0,1518000
ICICIBANK30Jan20540PE.NFO,07/01/2020,09:40:53,15.3,15.1,5500,15.25,1375,1375,1518000
ICICIBANK30Jan20540PE.NFO,07/01/2020,09:40:57,15.3,15.1,5500,15.3,4125,0,1518000
ICICIBANK30Jan20540PE.NFO,07/01/2020,09:41:02,15.3,15.1,5500,15.25,1375,0,1518000
ICICIBANK30Jan20540PE.NFO,07/01/2020,09:41:08,15.1,15.15,1375,15.25,2750,5500,1518000
ICICIBANK30Jan20540PE.NFO,07/01/2020,09:41:14,15.1,15.15,1375,15.25,2750,0,1518000
ICICIBANK30Jan20540PE.NFO,07/01/2020,09:41:18,15.25,15.15,2750,15.3,2750,1375,1513875
ICICIBANK30Jan20540PE.NFO,07/01/2020,09:41:22,15.25,15.15,2750,15.3,2750,0,1513875
ICICIBANK30Jan20540PE.NFO,07/01/2020,09:41:27,15.25,15.15,4125,15.3,2750,0,1513875
ICICIBANK30Jan20540PE.NFO,07/01/2020,09:41:37,15.25,15.2,1375,15.3,2750,0,1513875
ICICIBANK30Jan20540PE.NFO,07/01/2020,09:41:42,15.25,15.1,4125,15.25,2750,0,1513875
ICICIBANK30Jan20540PE.NFO,07/01/2020,09:41:46,15.25,15.2,4125,15.35,2750,0,1513875
ICICIBANK30Jan20540PE.NFO,07/01/2020,09:41:52,15.25,15.2,2750,15.3,1375,0,1513875
ICICIBANK30Jan20540PE.NFO,07/01/2020,09:42:11,15.25,15.2,4125,15.35,2750,0,1513875
ICICIBANK30Jan20540PE.NFO,07/01/2020,09:42:24,15.25,15.1,1375,15.25,5500,0,1513875
ICICIBANK30Jan20540PE.NFO,07/01/2020,09:42:38,15.25,15.1,2750,15.2,1375,0,1513875
ICICIBANK30Jan20540PE.NFO,07/01/2020,09:42:45,15.2,15.1,2750,15.25,4125,1375,1513875
ICICIBANK30Jan20540PE.NFO,07/01/2020,09:42:51,15.2,15.15,2750,15.35,4125,0,1513875
ICICIBANK30Jan20540PE.NFO,07/01/2020,09:42:57,15.2,15.2,5500,15.4,4125,0,1513875
ICICIBANK30Jan20540PE.NFO,07/01/2020,09:43:03,15.2,15.2,2750,15.35,5500,0,1513875
ICICIBANK30Jan20540PE.NFO,07/01/2020,09:43:09,15.2,15.15,2750,15.3,1375,0,1513875
ICICIBANK30Jan20540PE.NFO,07/01/2020,09:43:14,15.2,15.1,1375,15.25,2750,0,1513875
ICICIBANK30Jan20540PE.NFO,07/01/2020,09:43:19,15.2,15.05,5500,15.25,6875,0,1513875
ICICIBANK30Jan20540PE.NFO,07/01/2020,09:43:25,15.2,14.95,6875,15.15,4125,0,1513875
ICICIBANK30Jan20540PE.NFO,07/01/2020,09:43:30,15.2,15,1375,15.15,4125,0,1513875
ICICIBANK30Jan20540PE.NFO,07/01/2020,09:43:44,15.15,15.05,2750,15.2,4125,1375,1513875
ICICIBANK30Jan20540PE.NFO,07/01/2020,09:43:49,15.15,15.05,2750,15.2,2750,0,1513875
ICICIBANK30Jan20540PE.NFO,07/01/2020,09:43:53,15.15,14.9,4125,15.1,2750,0,1513875
ICICIBANK30Jan20540PE.NFO,07/01/2020,09:43:57,15.1,15,4125,15.2,4125,1375,1513875
ICICIBANK30Jan20540PE.NFO,07/01/2020,09:44:02,15.1,14.9,2750,15.1,4125,0,1513875
ICICIBANK30Jan20540PE.NFO,07/01/2020,09:44:08,15.1,14.9,2750,15.1,5500,0,1513875
ICICIBANK30Jan20540PE.NFO,07/01/2020,09:44:13,15.1,14.9,2750,15.05,2750,0,1513875
ICICIBANK30Jan20540PE.NFO,07/01/2020,09:44:19,15.1,14.8,4125,15,2750,0,1513875
ICICIBANK30Jan20540PE.NFO,07/01/2020,09:44:24,14.75,14.7,2750,14.85,2750,2750,1515250
ICICIBANK30Jan20540PE.NFO,07/01/2020,09:44:30,14.75,14.8,1375,14.95,1375,0,1515250
ICICIBANK30Jan20540PE.NFO,07/01/2020,09:44:35,14.75,14.8,1375,14.95,2750,0,1515250
ICICIBANK30Jan20540PE.NFO,07/01/2020,09:44:40,14.75,14.75,2750,14.9,1375,0,1515250
ICICIBANK30Jan20540PE.NFO,07/01/2020,09:44:45,14.75,14.75,4125,14.95,2750,0,1515250
ICICIBANK30Jan20540PE.NFO,07/01/2020,09:44:50,14.75,14.8,2750,15,2750,0,1515250
ICICIBANK30Jan20540PE.NFO,07/01/2020,09:44:55,14.75,14.8,4125,15,2750,0,1515250
ICICIBANK30Jan20540PE.NFO,07/01/2020,09:45:00,14.75,14.8,2750,15,2750,0,1515250
ICICIBANK30Jan20540PE.NFO,07/01/2020,09:45:06,14.75,14.85,1375,14.9,1375,0,1515250
ICICIBANK30Jan20540PE.NFO,07/01/2020,09:45:12,14.75,14.75,1375,14.85,2750,4125,1515250
ICICIBANK30Jan20540PE.NFO,07/01/2020,09:45:19,14.8,14.7,4125,14.85,2750,1375,1515250
ICICIBANK30Jan20540PE.NFO,07/01/2020,09:45:25,14.8,14.8,1375,14.85,1375,2750,1515250
ICICIBANK30Jan20540PE.NFO,07/01/2020,09:45:31,14.85,14.75,1375,14.85,1375,1375,1515250
ICICIBANK30Jan20540PE.NFO,07/01/2020,09:45:37,14.85,14.8,1375,14.95,1375,0,1515250
ICICIBANK30Jan20540PE.NFO,07/01/2020,09:45:43,14.95,14.9,1375,15.05,2750,1375,1515250
ICICIBANK30Jan20540PE.NFO,07/01/2020,09:45:48,14.95,14.95,1375,15.1,1375,0,1515250
ICICIBANK30Jan20540PE.NFO,07/01/2020,09:45:54,15.15,15.1,1375,15.2,1375,1375,1515250
ICICIBANK30Jan20540PE.NFO,07/01/2020,09:46:00,15.15,15.1,1375,15.25,1375,2750,1515250
ICICIBANK30Jan20540PE.NFO,07/01/2020,09:46:05,15.1,15,6875,15.2,4125,1375,1515250
ICICIBANK30Jan20540PE.NFO,07/01/2020,09:46:10,15,15.05,1375,15.2,4125,2750,1515250
ICICIBANK30Jan20540PE.NFO,07/01/2020,09:46:16,15,15,2750,15.15,4125,0,1515250
ICICIBANK30Jan20540PE.NFO,07/01/2020,09:46:20,15,15.05,1375,15.2,4125,0,1515250
ICICIBANK30Jan20540PE.NFO,07/01/2020,09:46:25,15,15.05,1375,15.2,5500,0,1515250
ICICIBANK30Jan20540PE.NFO,07/01/2020,09:46:30,15,15.05,2750,15.25,2750,0,1515250
ICICIBANK30Jan20540PE.NFO,07/01/2020,09:46:36,15,15.15,2750,15.3,1375,0,1515250
ICICIBANK30Jan20540PE.NFO,07/01/2020,09:46:41,15,15.15,4125,15.3,1375,0,1515250
ICICIBANK30Jan20540PE.NFO,07/01/2020,09:46:45,15.15,15.1,1375,15.25,5500,1375,1515250
ICICIBANK30Jan20540PE.NFO,07/01/2020,09:46:49,15,14.9,1375,15.05,4125,2750,1515250
ICICIBANK30Jan20540PE.NFO,07/01/2020,09:46:54,15,14.9,1375,15.05,2750,0,1515250
ICICIBANK30Jan20540PE.NFO,07/01/2020,09:46:58,15,14.8,5500,15,4125,0,1515250
ICICIBANK30Jan20540PE.NFO,07/01/2020,09:47:03,15,14.8,4125,15,2750,0,1515250
ICICIBANK30Jan20540PE.NFO,07/01/2020,09:47:08,15,14.85,5500,15.05,1375,0,1515250
ICICIBANK30Jan20540PE.NFO,07/01/2020,09:47:12,15,14.9,1375,15.05,2750,0,1515250
ICICIBANK30Jan20540PE.NFO,07/01/2020,09:47:30,15,14.85,5500,15.05,6875,0,1515250
ICICIBANK30Jan20540PE.NFO,07/01/2020,09:47:34,15,14.85,4125,15.05,6875,0,1515250
ICICIBANK30Jan20540PE.NFO,07/01/2020,09:47:39,15,14.75,5500,14.95,2750,0,1515250
ICICIBANK30Jan20540PE.NFO,07/01/2020,09:47:43,15,14.75,4125,14.95,5500,0,1515250
ICICIBANK30Jan20540PE.NFO,07/01/2020,09:47:47,15,14.75,1375,14.95,5500,0,1515250
ICICIBANK30Jan20540PE.NFO,07/01/2020,09:47:51,15,14.7,2750,14.85,4125,0,1515250
ICICIBANK30Jan20540PE.NFO,07/01/2020,09:48:11,15,14.7,5500,14.85,4125,0,1515250
ICICIBANK30Jan20540PE.NFO,07/01/2020,09:48:15,15,14.7,5500,14.85,1375,0,1515250
ICICIBANK30Jan20540PE.NFO,07/01/2020,09:48:19,15,14.75,2750,14.9,1375,0,1515250
ICICIBANK30Jan20540PE.NFO,07/01/2020,09:48:35,15,14.75,5500,14.95,5500,0,1515250
ICICIBANK30Jan20540PE.NFO,07/01/2020,09:48:39,15,14.8,1375,14.95,5500,0,1515250
ICICIBANK30Jan20540PE.NFO,07/01/2020,09:48:44,15,14.8,4125,14.95,5500,0,1515250
ICICIBANK30Jan20540PE.NFO,07/01/2020,09:48:48,15,14.8,4125,14.95,2750,0,1515250
ICICIBANK30Jan20540PE.NFO,07/01/2020,09:48:56,15,14.8,2750,14.95,2750,0,1515250
ICICIBANK30Jan20540PE.NFO,07/01/2020,09:49:09,15,14.8,1375,14.95,5500,0,1515250
ICICIBANK30Jan20540PE.NFO,07/01/2020,09:49:24,15,14.85,2750,15,4125,0,1515250
ICICIBANK30Jan20540PE.NFO,07/01/2020,09:49:30,15,14.9,4125,15.05,1375,1375,1507000
ICICIBANK30Jan20540PE.NFO,07/01/2020,09:49:36,15,14.9,2750,15.05,2750,0,1507000
ICICIBANK30Jan20540PE.NFO,07/01/2020,09:49:46,15,14.9,2750,15.05,1375,0,1507000
ICICIBANK30Jan20540PE.NFO,07/01/2020,09:49:56,15,15,1375,15.1,4125,0,1507000
ICICIBANK30Jan20540PE.NFO,07/01/2020,09:50:00,15,14.9,5500,15.1,4125,1375,1507000
ICICIBANK30Jan20540PE.NFO,07/01/2020,09:50:06,15,14.95,2750,15.1,2750,0,1507000
ICICIBANK30Jan20540PE.NFO,07/01/2020,09:50:11,15,15,2750,15.15,1375,0,1507000
ICICIBANK30Jan20540PE.NFO,07/01/2020,09:50:17,15,15.05,1375,15.2,4125,0,1507000
ICICIBANK30Jan20540PE.NFO,07/01/2020,09:50:42,15.2,15.15,4125,15.35,1375,1375,1507000
ICICIBANK30Jan20540PE.NFO,07/01/2020,09:50:47,15.2,15.25,1375,15.4,1375,0,1507000
ICICIBANK30Jan20540PE.NFO,07/01/2020,09:50:53,15.2,15.25,2750,15.4,1375,0,1507000
ICICIBANK30Jan20540PE.NFO,07/01/2020,09:50:57,15.2,15.25,1375,15.45,5500,0,1507000
ICICIBANK30Jan20540PE.NFO,07/01/2020,09:51:02,15.2,15.25,2750,15.4,1375,0,1507000
ICICIBANK30Jan20540PE.NFO,07/01/2020,09:51:07,15.2,15.3,2750,15.4,1375,0,1507000
ICICIBANK30Jan20540PE.NFO,07/01/2020,09:51:12,15.2,15.3,2750,15.45,4125,0,1507000
ICICIBANK30Jan20540PE.NFO,07/01/2020,09:51:28,15.2,15.3,2750,15.45,2750,0,1507000
ICICIBANK30Jan20540PE.NFO,07/01/2020,09:51:33,15.2,15.25,2750,15.4,2750,0,1507000
ICICIBANK30Jan20540PE.NFO,07/01/2020,09:51:38,15.2,15.2,2750,15.35,1375,0,1507000
ICICIBANK30Jan20540PE.NFO,07/01/2020,09:51:43,15.2,15.15,4125,15.35,6875,0,1507000
ICICIBANK30Jan20540PE.NFO,07/01/2020,09:51:47,15.2,15.15,2750,15.3,1375,0,1507000
ICICIBANK30Jan20540PE.NFO,07/01/2020,09:51:51,15.2,15.1,2750,15.3,5500,0,1507000
ICICIBANK30Jan20540PE.NFO,07/01/2020,09:51:55,15.2,15.1,2750,15.25,2750,0,1507000
ICICIBANK30Jan20540PE.NFO,07/01/2020,09:51:59,15.2,15.1,2750,15.25,5500,0,1507000
ICICIBANK30Jan20540PE.NFO,07/01/2020,09:52:03,15.2,15.1,1375,15.25,5500,0,1507000
ICICIBANK30Jan20540PE.NFO,07/01/2020,09:52:07,15.2,15.15,1375,15.3,2750,0,1507000
ICICIBANK30Jan20540PE.NFO,07/01/2020,09:52:11,15.25,15.15,2750,15.3,1375,1375,1507000
ICICIBANK30Jan20540PE.NFO,07/01/2020,09:52:15,15.25,15.15,2750,15.35,5500,0,1507000
ICICIBANK30Jan20540PE.NFO,07/01/2020,09:52:20,15.25,15.2,1375,15.4,4125,0,1507000
ICICIBANK30Jan20540PE.NFO,07/01/2020,09:52:24,15.25,15.2,4125,15.4,2750,0,1507000
ICICIBANK30Jan20540PE.NFO,07/01/2020,09:52:29,15.25,15.25,1375,15.4,4125,0,1507000
ICICIBANK30Jan20540PE.NFO,07/01/2020,09:52:34,15.25,15.25,1375,15.4,5500,0,1507000
ICICIBANK30Jan20540PE.NFO,07/01/2020,09:52:39,15.25,15.25,2750,15.45,4125,0,1507000
ICICIBANK30Jan20540PE.NFO,07/01/2020,09:52:43,15.25,15.3,2750,15.45,1375,0,1507000
ICICIBANK30Jan20540PE.NFO,07/01/2020,09:52:55,15.25,15.3,2750,15.45,2750,0,1507000
ICICIBANK30Jan20540PE.NFO,07/01/2020,09:53:15,15.25,15.35,2750,15.5,1375,0,1507000
ICICIBANK30Jan20540PE.NFO,07/01/2020,09:53:20,15.25,15.35,2750,15.5,4125,0,1507000
ICICIBANK30Jan20540PE.NFO,07/01/2020,09:53:25,15.25,15.35,2750,15.45,1375,0,1507000
ICICIBANK30Jan20540PE.NFO,07/01/2020,09:53:30,15.25,15.3,2750,15.45,2750,0,1507000
ICICIBANK30Jan20540PE.NFO,07/01/2020,09:53:35,15.25,15.35,2750,15.5,2750,0,1507000
ICICIBANK30Jan20540PE.NFO,07/01/2020,09:53:40,15.25,15.35,2750,15.45,2750,0,1507000
ICICIBANK30Jan20540PE.NFO,07/01/2020,09:53:45,15.25,15.3,2750,15.45,4125,0,1507000
ICICIBANK30Jan20540PE.NFO,07/01/2020,09:53:50,15.25,15.3,2750,15.45,2750,0,1507000
ICICIBANK30Jan20540PE.NFO,07/01/2020,09:53:54,15.25,15.35,4125,15.55,5500,0,1507000
ICICIBANK30Jan20540PE.NFO,07/01/2020,09:53:58,15.25,15.35,2750,15.55,5500,0,1507000
ICICIBANK30Jan20540PE.NFO,07/01/2020,09:54:03,15.25,15.35,2750,15.5,1375,0,1507000
ICICIBANK30Jan20540PE.NFO,07/01/2020,09:54:07,15.25,15.4,2750,15.55,4125,0,1507000
ICICIBANK30Jan20540PE.NFO,07/01/2020,09:54:21,15.25,15.4,2750,15.55,2750,0,1507000
ICICIBANK30Jan20540PE.NFO,07/01/2020,09:54:25,15.25,15.45,2750,15.6,4125,0,1507000
ICICIBANK30Jan20540PE.NFO,07/01/2020,09:54:30,15.25,15.35,2750,15.5,1375,0,1507000
ICICIBANK30Jan20540PE.NFO,07/01/2020,09:54:34,15.25,15.4,2750,15.55,2750,0,1507000
ICICIBANK30Jan20540PE.NFO,07/01/2020,09:54:48,15.25,15.55,2750,15.7,1375,0,1507000
ICICIBANK30Jan20540PE.NFO,07/01/2020,09:54:53,15.25,15.7,1375,15.85,1375,0,1507000
ICICIBANK30Jan20540PE.NFO,07/01/2020,09:54:58,15.25,15.65,1375,15.85,4125,0,1507000
ICICIBANK30Jan20540PE.NFO,07/01/2020,09:55:02,15.25,15.55,1375,15.7,4125,0,1507000
ICICIBANK30Jan20540PE.NFO,07/01/2020,09:55:07,15.25,15.4,1375,15.55,4125,0,1507000
ICICIBANK30Jan20540PE.NFO,07/01/2020,09:55:13,15.25,15.4,1375,15.5,1375,0,1507000
ICICIBANK30Jan20540PE.NFO,07/01/2020,09:55:18,15.25,15.4,1375,15.55,2750,0,1507000
ICICIBANK30Jan20540PE.NFO,07/01/2020,09:55:23,15.25,15.4,2750,15.55,5500,0,1507000
ICICIBANK30Jan20540PE.NFO,07/01/2020,09:55:27,15.25,15.45,4125,15.6,1375,0,1507000
ICICIBANK30Jan20540PE.NFO,07/01/2020,09:55:41,15.25,15.5,2750,15.65,5500,0,1507000
ICICIBANK30Jan20540PE.NFO,07/01/2020,09:55:46,15.5,15.4,1375,15.55,4125,1375,1507000
ICICIBANK30Jan20540PE.NFO,07/01/2020,09:55:51,15.5,15.4,1375,15.55,6875,0,1507000
ICICIBANK30Jan20540PE.NFO,07/01/2020,09:55:55,15.55,15.5,2750,15.65,4125,1375,1507000
ICICIBANK30Jan20540PE.NFO,07/01/2020,09:56:00,15.55,15.5,1375,15.65,4125,0,1507000
ICICIBANK30Jan20540PE.NFO,07/01/2020,09:56:05,15.65,15.5,2750,15.65,4125,1375,1507000
ICICIBANK30Jan20540PE.NFO,07/01/2020,09:56:10,15.65,15.5,2750,15.65,2750,1375,1507000
ICICIBANK30Jan20540PE.NFO,07/01/2020,09:56:15,15.65,15.5,1375,15.65,1375,1375,1507000
ICICIBANK30Jan20540PE.NFO,07/01/2020,09:56:26,15.65,15.5,2750,15.7,4125,0,1507000
ICICIBANK30Jan20540PE.NFO,07/01/2020,09:56:32,15.65,15.5,4125,15.7,4125,0,1507000
ICICIBANK30Jan20540PE.NFO,07/01/2020,09:56:37,15.65,15.5,2750,15.7,4125,0,1507000
ICICIBANK30Jan20540PE.NFO,07/01/2020,09:56:55,15.65,15.5,1375,15.7,4125,0,1507000
ICICIBANK30Jan20540PE.NFO,07/01/2020,09:56:59,15.65,15.5,2750,15.65,1375,0,1507000
ICICIBANK30Jan20540PE.NFO,07/01/2020,09:57:04,15.5,15.4,4125,15.55,1375,1375,1508375
ICICIBANK30Jan20540PE.NFO,07/01/2020,09:57:08,15.5,15.4,4125,15.55,1375,0,1508375
ICICIBANK30Jan20540PE.NFO,07/01/2020,09:57:20,15.5,15.4,4125,15.55,2750,0,1508375
ICICIBANK30Jan20540PE.NFO,07/01/2020,09:57:25,15.5,15.4,2750,15.5,1375,0,1508375
ICICIBANK30Jan20540PE.NFO,07/01/2020,09:57:37,15.5,15.35,2750,15.5,2750,0,1508375
ICICIBANK30Jan20540PE.NFO,07/01/2020,09:57:41,15.5,15.35,4125,15.5,2750,0,1508375
ICICIBANK30Jan20540PE.NFO,07/01/2020,09:57:45,15.5,15.4,2750,15.6,2750,0,1508375
ICICIBANK30Jan20540PE.NFO,07/01/2020,09:57:49,15.6,15.4,2750,15.55,2750,2750,1508375
ICICIBANK30Jan20540PE.NFO,07/01/2020,09:57:54,15.6,15.4,2750,15.55,2750,0,1508375
ICICIBANK30Jan20540PE.NFO,07/01/2020,09:58:04,15.6,15.45,1375,15.55,2750,0,1508375
ICICIBANK30Jan20540PE.NFO,07/01/2020,09:58:09,15.6,15.4,1375,15.55,4125,0,1508375
ICICIBANK30Jan20540PE.NFO,07/01/2020,09:58:21,15.6,15.35,1375,15.5,2750,0,1508375
ICICIBANK30Jan20540PE.NFO,07/01/2020,09:58:31,15.6,15.35,2750,15.5,2750,0,1508375
ICICIBANK30Jan20540PE.NFO,07/01/2020,09:58:38,15.6,15.35,2750,15.5,1375,0,1508375
ICICIBANK30Jan20540PE.NFO,07/01/2020,09:58:43,15.6,15.45,4125,15.65,2750,0,1508375
ICICIBANK30Jan20540PE.NFO,07/01/2020,09:58:49,15.6,15.55,1375,15.7,1375,0,1508375
ICICIBANK30Jan20540PE.NFO,07/01/2020,09:59:01,15.6,15.5,2750,15.7,4125,0,1508375
ICICIBANK30Jan20540PE.NFO,07/01/2020,09:59:07,15.6,15.5,1375,15.65,1375,0,1508375
ICICIBANK30Jan20540PE.NFO,07/01/2020,09:59:12,15.6,15.45,4125,15.65,1375,0,1508375
ICICIBANK30Jan20540PE.NFO,07/01/2020,09:59:18,15.6,15.5,2750,15.65,1375,0,1508375
ICICIBANK30Jan20540PE.NFO,07/01/2020,09:59:23,15.6,15.5,1375,15.65,1375,0,1508375
ICICIBANK30Jan20540PE.NFO,07/01/2020,09:59:28,15.6,15.5,1375,15.65,2750,0,1508375
ICICIBANK30Jan20540PE.NFO,07/01/2020,09:59:33,15.6,15.5,2750,15.65,2750,0,1508375
ICICIBANK30Jan20540PE.NFO,07/01/2020,09:59:39,15.6,15.5,1375,15.6,4125,0,1508375
ICICIBANK30Jan20540PE.NFO,07/01/2020,10:00:07,15.6,15.5,1375,15.6,1375,0,1508375
ICICIBANK30Jan20540PE.NFO,07/01/2020,10:00:17,15.6,15.5,1375,15.6,2750,0,1508375
ICICIBANK30Jan20540PE.NFO,07/01/2020,10:00:29,15.6,15.5,1375,15.55,1375,0,1508375
ICICIBANK30Jan20540PE.NFO,07/01/2020,10:00:33,15.5,15.45,2750,15.6,1375,1375,1504250
ICICIBANK30Jan20540PE.NFO,07/01/2020,10:00:39,15.5,15.5,1375,15.65,1375,0,1504250
ICICIBANK30Jan20540PE.NFO,07/01/2020,10:00:46,15.5,15.6,1375,15.75,1375,0,1504250
ICICIBANK30Jan20540PE.NFO,07/01/2020,10:00:53,15.8,15.65,2750,15.85,1375,4125,1504250
ICICIBANK30Jan20540PE.NFO,07/01/2020,10:00:59,15.8,15.65,4125,15.85,2750,0,1504250
ICICIBANK30Jan20540PE.NFO,07/01/2020,10:01:05,15.8,15.55,1375,15.75,2750,0,1504250
ICICIBANK30Jan20540PE.NFO,07/01/2020,10:01:11,15.8,15.55,1375,15.7,2750,0,1504250
ICICIBANK30Jan20540PE.NFO,07/01/2020,10:01:18,15.8,15.6,1375,15.75,1375,0,1504250
ICICIBANK30Jan20540PE.NFO,07/01/2020,10:01:24,15.7,15.55,2750,15.75,4125,1375,1504250
ICICIBANK30Jan20540PE.NFO,07/01/2020,10:01:30,15.7,15.55,1375,15.7,1375,0,1504250
ICICIBANK30Jan20540PE.NFO,07/01/2020,10:01:36,15.7,15.6,2750,15.75,2750,0,1504250
ICICIBANK30Jan20540PE.NFO,07/01/2020,10:01:42,15.7,15.6,2750,15.75,1375,0,1504250
ICICIBANK30Jan20540PE.NFO,07/01/2020,10:01:53,15.7,15.6,2750,15.75,2750,0,1504250
ICICIBANK30Jan20540PE.NFO,07/01/2020,10:02:04,15.7,15.55,1375,15.7,2750,0,1504250
ICICIBANK30Jan20540PE.NFO,07/01/2020,10:02:09,15.55,15.5,2750,15.65,1375,1375,1504250
ICICIBANK30Jan20540PE.NFO,07/01/2020,10:02:15,15.55,15.5,2750,15.65,4125,0,1504250
ICICIBANK30Jan20540PE.NFO,07/01/2020,10:02:20,15.55,15.5,5500,15.7,1375,0,1504250
ICICIBANK30Jan20540PE.NFO,07/01/2020,10:02:25,15.55,15.6,2750,15.8,1375,0,1504250
ICICIBANK30Jan20540PE.NFO,07/01/2020,10:02:31,15.55,15.6,5500,15.8,1375,0,1504250
ICICIBANK30Jan20540PE.NFO,07/01/2020,10:02:36,15.55,15.65,2750,15.85,4125,0,1504250
ICICIBANK30Jan20540PE.NFO,07/01/2020,10:02:43,15.55,15.7,1375,15.85,2750,0,1504250
ICICIBANK30Jan20540PE.NFO,07/01/2020,10:02:48,15.55,15.7,2750,15.85,2750,0,1504250
ICICIBANK30Jan20540PE.NFO,07/01/2020,10:02:53,15.55,15.7,4125,15.9,1375,0,1504250
ICICIBANK30Jan20540PE.NFO,07/01/2020,10:02:58,15.55,15.75,2750,16,1375,0,1504250
ICICIBANK30Jan20540PE.NFO,07/01/2020,10:03:03,15.55,15.8,2750,16,1375,0,1504250
ICICIBANK30Jan20540PE.NFO,07/01/2020,10:03:08,15.55,15.8,4125,16.05,1375,0,1504250
ICICIBANK30Jan20540PE.NFO,07/01/2020,10:03:12,15.55,15.85,4125,16.05,1375,0,1504250
ICICIBANK30Jan20540PE.NFO,07/01/2020,10:03:17,15.55,15.9,2750,16.05,1375,0,1504250
ICICIBANK30Jan20540PE.NFO,07/01/2020,10:03:27,15.55,15.95,4125,16.15,1375,0,1504250
ICICIBANK30Jan20540PE.NFO,07/01/2020,10:03:36,15.55,16,1375,16.15,2750,0,1504250
ICICIBANK30Jan20540PE.NFO,07/01/2020,10:03:40,15.55,15.95,2750,16.1,1375,0,1504250
ICICIBANK30Jan20540PE.NFO,07/01/2020,10:03:44,15.55,16,1375,16.15,2750,0,1504250
ICICIBANK30Jan20540PE.NFO,07/01/2020,10:03:49,15.55,15.95,2750,16.1,2750,0,1504250
ICICIBANK30Jan20540PE.NFO,07/01/2020,10:03:53,15.55,15.95,2750,16.1,1375,0,1504250
ICICIBANK30Jan20540PE.NFO,07/01/2020,10:03:59,15.55,15.9,2750,16.1,1375,0,1504250
ICICIBANK30Jan20540PE.NFO,07/01/2020,10:04:04,15.55,15.85,4125,16.1,1375,0,1504250
ICICIBANK30Jan20540PE.NFO,07/01/2020,10:04:08,15.55,15.95,6875,16.2,2750,0,1504250
ICICIBANK30Jan20540PE.NFO,07/01/2020,10:04:13,15.55,16,4125,16.2,1375,0,1504250
ICICIBANK30Jan20540PE.NFO,07/01/2020,10:04:17,15.55,16,2750,16.2,1375,0,1504250
ICICIBANK30Jan20540PE.NFO,07/01/2020,10:04:21,15.55,16,1375,16.15,1375,0,1504250
ICICIBANK30Jan20540PE.NFO,07/01/2020,10:04:34,15.55,15.9,2750,16.1,2750,0,1504250
ICICIBANK30Jan20540PE.NFO,07/01/2020,10:04:39,15.55,15.9,2750,16.05,1375,0,1504250
ICICIBANK30Jan20540PE.NFO,07/01/2020,10:04:44,15.55,15.8,1375,16,2750,0,1504250
ICICIBANK30Jan20540PE.NFO,07/01/2020,10:04:53,15.55,15.9,2750,16.05,1375,0,1504250
ICICIBANK30Jan20540PE.NFO,07/01/2020,10:04:58,15.55,15.95,2750,16.1,1375,0,1504250
ICICIBANK30Jan20540PE.NFO,07/01/2020,10:05:07,15.55,15.95,2750,16.1,2750,0,1504250
ICICIBANK30Jan20540PE.NFO,07/01/2020,10:05:11,15.55,15.95,2750,16.1,1375,0,1504250
ICICIBANK30Jan20540PE.NFO,07/01/2020,10:05:15,15.55,15.9,2750,16.05,1375,0,1504250
ICICIBANK30Jan20540PE.NFO,07/01/2020,10:05:20,15.55,15.95,2750,16.05,1375,0,1504250
ICICIBANK30Jan20540PE.NFO,07/01/2020,10:05:24,15.55,15.95,2750,16.1,1375,0,1504250
ICICIBANK30Jan20540PE.NFO,07/01/2020,10:05:28,15.55,16,2750,16.15,1375,0,1504250
ICICIBANK30Jan20540PE.NFO,07/01/2020,10:05:34,16.4,16.3,2750,16.55,1375,5500,1501500
ICICIBANK30Jan20540PE.NFO,07/01/2020,10:05:34,16.4,16.3,2750,16.55,1375,0,1501500
ICICIBANK30Jan20540PE.NFO,07/01/2020,10:05:40,16.4,16.3,2750,16.55,2750,0,1501500
ICICIBANK30Jan20540PE.NFO,07/01/2020,10:05:46,16.4,16.2,2750,16.4,2750,0,1501500
ICICIBANK30Jan20540PE.NFO,07/01/2020,10:05:52,16.4,16.25,1375,16.4,4125,0,1501500
ICICIBANK30Jan20540PE.NFO,07/01/2020,10:05:58,16.4,16.25,1375,16.4,2750,0,1501500
ICICIBANK30Jan20540PE.NFO,07/01/2020,10:06:03,16.4,16.25,4125,16.45,2750,0,1501500
ICICIBANK30Jan20540PE.NFO,07/01/2020,10:06:08,16.4,16.35,2750,16.55,1375,0,1501500
ICICIBANK30Jan20540PE.NFO,07/01/2020,10:06:14,16.6,16.35,4125,16.55,1375,5500,1501500
ICICIBANK30Jan20540PE.NFO,07/01/2020,10:06:14,16.6,16.35,4125,16.55,1375,0,1501500
ICICIBANK30Jan20540PE.NFO,07/01/2020,10:06:19,16.6,16.4,1375,16.6,1375,0,1501500
ICICIBANK30Jan20540PE.NFO,07/01/2020,10:06:24,16.6,16.4,2750,16.6,1375,0,1501500
ICICIBANK30Jan20540PE.NFO,07/01/2020,10:06:31,16.6,16.4,2750,16.55,1375,0,1501500
ICICIBANK30Jan20540PE.NFO,07/01/2020,10:06:36,16.6,16.45,4125,16.65,2750,0,1501500
ICICIBANK30Jan20540PE.NFO,07/01/2020,10:06:41,16.55,16.4,1375,16.7,2750,1375,1501500
ICICIBANK30Jan20540PE.NFO,07/01/2020,10:06:47,16.55,16.55,2750,16.8,1375,0,1501500
ICICIBANK30Jan20540PE.NFO,07/01/2020,10:06:53,16.55,16.55,4125,16.75,1375,1375,1501500
ICICIBANK30Jan20540PE.NFO,07/01/2020,10:06:58,16.55,16.55,1375,16.7,1375,0,1501500
ICICIBANK30Jan20540PE.NFO,07/01/2020,10:07:03,16.55,16.55,2750,16.7,1375,0,1501500
ICICIBANK30Jan20540PE.NFO,07/01/2020,10:07:09,16.55,16.5,2750,16.65,1375,0,1501500
ICICIBANK30Jan20540PE.NFO,07/01/2020,10:07:15,16.55,16.55,4125,16.75,1375,0,1501500
ICICIBANK30Jan20540PE.NFO,07/01/2020,10:07:21,16.55,16.55,2750,16.7,1375,0,1501500
ICICIBANK30Jan20540PE.NFO,07/01/2020,10:07:32,16.55,16.6,2750,16.75,2750,1375,1501500
ICICIBANK30Jan20540PE.NFO,07/01/2020,10:07:37,16.6,16.5,2750,16.7,1375,2750,1501500
ICICIBANK30Jan20540PE.NFO,07/01/2020,10:07:42,16.6,16.45,1375,16.65,2750,0,1501500
ICICIBANK30Jan20540PE.NFO,07/01/2020,10:07:47,16.6,16.4,1375,16.6,4125,0,1501500
ICICIBANK30Jan20540PE.NFO,07/01/2020,10:07:52,16.4,16.3,2750,16.5,2750,1375,1501500
ICICIBANK30Jan20540PE.NFO,07/01/2020,10:07:57,16.4,16.3,1375,16.5,2750,0,1501500
ICICIBANK30Jan20540PE.NFO,07/01/2020,10:08:02,16.4,16.3,2750,16.5,2750,0,1501500
ICICIBANK30Jan20540PE.NFO,07/01/2020,10:08:06,16.4,16.35,1375,16.55,1375,0,1501500
ICICIBANK30Jan20540PE.NFO,07/01/2020,10:08:10,16.4,16.4,2750,16.6,2750,0,1501500
ICICIBANK30Jan20540PE.NFO,07/01/2020,10:08:15,16.4,16.3,1375,16.45,2750,0,1501500
ICICIBANK30Jan20540PE.NFO,07/01/2020,10:08:20,16.35,16.3,1375,16.4,2750,1375,1501500
ICICIBANK30Jan20540PE.NFO,07/01/2020,10:08:24,16.35,16.3,2750,16.45,4125,0,1501500
ICICIBANK30Jan20540PE.NFO,07/01/2020,10:08:29,16.35,16.25,2750,16.4,4125,0,1501500
ICICIBANK30Jan20540PE.NFO,07/01/2020,10:08:34,16.25,16.2,2750,16.3,2750,1375,1500125
ICICIBANK30Jan20540PE.NFO,07/01/2020,10:08:40,16.25,16.2,4125,16.35,4125,0,1500125
ICICIBANK30Jan20540PE.NFO,07/01/2020,10:08:45,16.25,16.2,2750,16.3,2750,0,1500125
ICICIBANK30Jan20540PE.NFO,07/01/2020,10:08:49,16.25,16.2,4125,16.3,2750,0,1500125
ICICIBANK30Jan20540PE.NFO,07/01/2020,10:08:53,16.25,16.15,1375,16.25,2750,1375,1500125
ICICIBANK30Jan20540PE.NFO,07/01/2020,10:08:57,16.25,16.1,1375,16.2,2750,0,1500125
ICICIBANK30Jan20540PE.NFO,07/01/2020,10:09:10,16.25,16.05,1375,16.2,4125,0,1500125
ICICIBANK30Jan20540PE.NFO,07/01/2020,10:09:14,16.25,16.05,2750,16.15,1375,0,1500125
ICICIBANK30Jan20540PE.NFO,07/01/2020,10:09:19,16.25,16.15,1375,16.25,2750,0,1500125
ICICIBANK30Jan20540PE.NFO,07/01/2020,10:09:23,16.15,16.05,1375,16.15,1375,1375,1500125
ICICIBANK30Jan20540PE.NFO,07/01/2020,10:09:27,16.15,16.1,1375,16.25,1375,1375,1500125
ICICIBANK30Jan20540PE.NFO,07/01/2020,10:09:32,16.15,16.1,1375,16.25,1375,0,1500125
ICICIBANK30Jan20540PE.NFO,07/01/2020,10:09:36,16.15,16.25,2750,16.45,1375,0,1500125
ICICIBANK30Jan20540PE.NFO,07/01/2020,10:09:44,16.15,16.25,2750,16.45,2750,0,1500125
ICICIBANK30Jan20540PE.NFO,07/01/2020,10:09:58,16.15,16.2,2750,16.4,4125,0,1500125
ICICIBANK30Jan20540PE.NFO,07/01/2020,10:10:03,16.15,16.15,1375,16.3,1375,0,1500125
ICICIBANK30Jan20540PE.NFO,07/01/2020,10:10:08,16.15,16.1,4125,16.3,2750,0,1500125
ICICIBANK30Jan20540PE.NFO,07/01/2020,10:10:13,16.15,16.2,4125,16.4,2750,0,1500125
ICICIBANK30Jan20540PE.NFO,07/01/2020,10:10:18,16.15,16.2,2750,16.4,2750,0,1500125
ICICIBANK30Jan20540PE.NFO,07/01/2020,10:10:30,16.15,16.2,2750,16.35,2750,0,1500125
ICICIBANK30Jan20540PE.NFO,07/01/2020,10:10:34,16.15,16.15,4125,16.35,4125,0,1500125
ICICIBANK30Jan20540PE.NFO,07/01/2020,10:10:39,16.15,16.15,5500,16.35,4125,0,1500125
ICICIBANK30Jan20540PE.NFO,07/01/2020,10:10:43,16.15,16.15,1375,16.35,4125,0,1500125
ICICIBANK30Jan20540PE.NFO,07/01/2020,10:10:48,16.15,16.15,2750,16.35,4125,0,1500125
ICICIBANK30Jan20540PE.NFO,07/01/2020,10:10:52,16.15,16.15,1375,16.25,1375,0,1500125
ICICIBANK30Jan20540PE.NFO,07/01/2020,10:10:56,16.15,16.15,1375,16.25,1375,1375,1500125
ICICIBANK30Jan20540PE.NFO,07/01/2020,10:11:00,16.15,16.05,2750,16.25,4125,0,1500125
ICICIBANK30Jan20540PE.NFO,07/01/2020,10:11:09,16.15,16.05,2750,16.2,2750,0,1500125
ICICIBANK30Jan20540PE.NFO,07/01/2020,10:11:14,16.15,15.8,2750,16,1375,0,1500125
ICICIBANK30Jan20540PE.NFO,07/01/2020,10:11:19,16.15,15.9,4125,16.1,1375,0,1500125
ICICIBANK30Jan20540PE.NFO,07/01/2020,10:11:24,16.15,15.95,1375,16.15,2750,0,1500125
ICICIBANK30Jan20540PE.NFO,07/01/2020,10:11:30,16.15,15.95,2750,16.15,2750,0,1500125
ICICIBANK30Jan20540PE.NFO,07/01/2020,10:11:35,16.15,15.95,1375,16.1,1375,0,1500125
ICICIBANK30Jan20540PE.NFO,07/01/2020,10:11:40,16.15,15.85,1375,16.05,4125,0,1500125
ICICIBANK30Jan20540PE.NFO,07/01/2020,10:11:45,16.15,15.9,4125,16.1,1375,0,1500125
ICICIBANK30Jan20540PE.NFO,07/01/2020,10:11:55,16.15,15.9,2750,16.05,2750,0,1500125
ICICIBANK30Jan20540PE.NFO,07/01/2020,10:12:01,16.15,15.95,2750,16.1,13750,0,1500125
ICICIBANK30Jan20540PE.NFO,07/01/2020,10:12:06,16.15,15.85,1375,16,4125,0,1500125
ICICIBANK30Jan20540PE.NFO,07/01/2020,10:12:12,16.15,15.9,2750,16,1375,0,1500125
ICICIBANK30Jan20540PE.NFO,07/01/2020,10:12:18,16.15,15.9,2750,16.05,4125,0,1500125
ICICIBANK30Jan20540PE.NFO,07/01/2020,10:12:32,16.15,15.85,1375,15.95,1375,0,1500125
ICICIBANK30Jan20540PE.NFO,07/01/2020,10:12:37,16.15,15.8,1375,15.95,1375,0,1500125
ICICIBANK30Jan20540PE.NFO,07/01/2020,10:12:42,16.15,15.85,1375,15.95,1375,0,1500125
ICICIBANK30Jan20540PE.NFO,07/01/2020,10:12:46,16.15,15.8,2750,15.95,1375,0,1500125
ICICIBANK30Jan20540PE.NFO,07/01/2020,10:12:51,16.15,15.8,2750,15.95,4125,0,1500125
ICICIBANK30Jan20540PE.NFO,07/01/2020,10:12:56,16.15,15.7,2750,15.85,1375,0,1500125
ICICIBANK30Jan20540PE.NFO,07/01/2020,10:13:07,16.15,15.75,2750,15.9,1375,0,1500125
ICICIBANK30Jan20540PE.NFO,07/01/2020,10:13:12,16.15,15.8,1375,16,2750,0,1500125
ICICIBANK30Jan20540PE.NFO,07/01/2020,10:13:17,16.15,15.8,1375,15.9,1375,0,1500125
ICICIBANK30Jan20540PE.NFO,07/01/2020,10:13:22,16.15,15.75,2750,15.9,2750,0,1500125
ICICIBANK30Jan20540PE.NFO,07/01/2020,10:13:32,16.15,15.75,2750,15.95,2750,0,1500125
ICICIBANK30Jan20540PE.NFO,07/01/2020,10:13:36,16.15,15.8,1375,15.95,2750,0,1500125
ICICIBANK30Jan20540PE.NFO,07/01/2020,10:13:40,15.8,15.7,2750,15.9,4125,1375,1501500
ICICIBANK30Jan20540PE.NFO,07/01/2020,10:13:45,15.8,15.7,1375,15.85,1375,0,1501500
ICICIBANK30Jan20540PE.NFO,07/01/2020,10:13:52,15.8,15.65,1375,15.85,5500,0,1501500
ICICIBANK30Jan20540PE.NFO,07/01/2020,10:13:57,15.8,15.6,2750,15.8,2750,0,1501500
ICICIBANK30Jan20540PE.NFO,07/01/2020,10:14:01,15.8,15.6,2750,15.8,13750,0,1501500
ICICIBANK30Jan20540PE.NFO,07/01/2020,10:14:11,15.8,15.65,1375,15.8,12375,0,1501500
ICICIBANK30Jan20540PE.NFO,07/01/2020,10:14:16,15.8,15.55,1375,15.75,2750,0,1501500
ICICIBANK30Jan20540PE.NFO,07/01/2020,10:14:21,15.8,15.55,1375,15.75,4125,0,1501500
ICICIBANK30Jan20540PE.NFO,07/01/2020,10:14:32,15.8,15.6,4125,15.8,11000,0,1501500
ICICIBANK30Jan20540PE.NFO,07/01/2020,10:14:37,15.8,15.6,2750,15.8,15125,0,1501500
ICICIBANK30Jan20540PE.NFO,07/01/2020,10:14:42,15.7,15.55,1375,15.7,1375,1375,1500125
ICICIBANK30Jan20540PE.NFO,07/01/2020,10:14:47,15.7,15.55,1375,15.7,1375,0,1500125
ICICIBANK30Jan20540PE.NFO,07/01/2020,10:14:52,15.7,15.55,2750,15.75,5500,0,1500125
ICICIBANK30Jan20540PE.NFO,07/01/2020,10:14:57,15.7,15.45,2750,15.7,4125,0,1500125
ICICIBANK30Jan20540PE.NFO,07/01/2020,10:15:02,15.65,15.5,1375,15.65,1375,1375,1500125
ICICIBANK30Jan20540PE.NFO,07/01/2020,10:15:07,15.65,15.45,1375,15.6,1375,0,1500125
ICICIBANK30Jan20540PE.NFO,07/01/2020,10:15:12,15.6,15.4,2750,15.6,1375,1375,1500125
ICICIBANK30Jan20540PE.NFO,07/01/2020,10:15:32,15.6,15.45,2750,15.65,2750,0,1500125
ICICIBANK30Jan20540PE.NFO,07/01/2020,10:15:41,15.6,15.5,1375,15.65,2750,0,1500125
ICICIBANK30Jan20540PE.NFO,07/01/2020,10:15:47,15.6,15.6,2750,15.75,1375,0,1500125
ICICIBANK30Jan20540PE.NFO,07/01/2020,10:15:53,15.6,15.65,1375,15.8,12375,0,1500125
ICICIBANK30Jan20540PE.NFO,07/01/2020,10:15:58,15.8,15.65,1375,15.8,9625,2750,1500125
ICICIBANK30Jan20540PE.NFO,07/01/2020,10:16:03,15.8,15.65,1375,15.8,9625,0,1500125
ICICIBANK30Jan20540PE.NFO,07/01/2020,10:16:08,15.8,15.6,2750,15.8,8250,2750,1500125
ICICIBANK30Jan20540PE.NFO,07/01/2020,10:16:12,15.8,15.65,4125,15.8,6875,0,1500125
ICICIBANK30Jan20540PE.NFO,07/01/2020,10:16:21,15.8,15.7,1375,15.8,4125,1375,1500125
ICICIBANK30Jan20540PE.NFO,07/01/2020,10:16:25,15.8,15.7,1375,15.8,4125,0,1500125
ICICIBANK30Jan20540PE.NFO,07/01/2020,10:16:30,15.8,15.65,2750,15.8,4125,0,1500125
ICICIBANK30Jan20540PE.NFO,07/01/2020,10:16:35,15.8,15.75,1375,15.85,2750,4125,1500125
ICICIBANK30Jan20540PE.NFO,07/01/2020,10:16:41,15.8,15.85,2750,16.1,2750,0,1500125
ICICIBANK30Jan20540PE.NFO,07/01/2020,10:16:46,15.75,15.7,1375,15.9,5500,2750,1500125
ICICIBANK30Jan20540PE.NFO,07/01/2020,10:16:50,15.75,15.6,1375,15.8,1375,0,1500125
ICICIBANK30Jan20540PE.NFO,07/01/2020,10:16:55,15.8,15.6,4125,15.85,5500,1375,1500125
ICICIBANK30Jan20540PE.NFO,07/01/2020,10:16:59,15.8,15.6,4125,15.85,5500,0,1500125
ICICIBANK30Jan20540PE.NFO,07/01/2020,10:17:03,15.8,15.65,2750,15.8,1375,0,1500125
ICICIBANK30Jan20540PE.NFO,07/01/2020,10:17:07,15.8,15.7,1375,15.9,2750,0,1500125
ICICIBANK30Jan20540PE.NFO,07/01/2020,10:17:16,15.8,15.8,2750,16.05,4125,0,1500125
ICICIBANK30Jan20540PE.NFO,07/01/2020,10:17:24,15.8,15.8,4125,16,2750,0,1500125
ICICIBANK30Jan20540PE.NFO,07/01/2020,10:17:28,15.8,15.8,4125,16,1375,0,1500125
ICICIBANK30Jan20540PE.NFO,07/01/2020,10:17:38,15.8,15.85,4125,16.05,2750,0,1500125
ICICIBANK30Jan20540PE.NFO,07/01/2020,10:17:43,15.8,15.9,2750,16.05,1375,0,1500125
ICICIBANK30Jan20540PE.NFO,07/01/2020,10:17:47,15.8,15.95,1375,16.15,1375,0,1500125
ICICIBANK30Jan20540PE.NFO,07/01/2020,10:17:53,15.8,15.95,2750,16.15,1375,0,1500125
ICICIBANK30Jan20540PE.NFO,07/01/2020,10:17:58,15.8,16,2750,16.15,1375,0,1500125
ICICIBANK30Jan20540PE.NFO,07/01/2020,10:18:02,15.8,16,2750,16.2,5500,0,1500125
ICICIBANK30Jan20540PE.NFO,07/01/2020,10:18:07,15.8,15.95,4125,16.15,1375,0,1500125
ICICIBANK30Jan20540PE.NFO,07/01/2020,10:18:11,15.8,16,1375,16.2,5500,0,1500125
ICICIBANK30Jan20540PE.NFO,07/01/2020,10:18:15,15.8,16,4125,16.2,1375,0,1500125
ICICIBANK30Jan20540PE.NFO,07/01/2020,10:18:19,15.8,16.05,1375,16.25,4125,0,1500125
ICICIBANK30Jan20540PE.NFO,07/01/2020,10:18:23,15.8,16,4125,16.2,2750,0,1500125
ICICIBANK30Jan20540PE.NFO,07/01/2020,10:18:36,15.8,16.1,1375,16.25,1375,0,1500125
ICICIBANK30Jan20540PE.NFO,07/01/2020,10:18:42,16.25,16.2,1375,16.4,1375,1375,1513875
ICICIBANK30Jan20540PE.NFO,07/01/2020,10:18:47,16.25,16.15,2750,16.35,4125,0,1513875
ICICIBANK30Jan20540PE.NFO,07/01/2020,10:18:52,16.25,16.2,2750,16.4,1375,0,1513875
ICICIBANK30Jan20540PE.NFO,07/01/2020,10:18:57,16.2,16.15,2750,16.35,2750,2750,1513875
ICICIBANK30Jan20540PE.NFO,07/01/2020,10:19:01,16.2,16.15,2750,16.35,2750,0,1513875
ICICIBANK30Jan20540PE.NFO,07/01/2020,10:19:06,16.2,16.2,1375,16.45,1375,4125,1513875
ICICIBANK30Jan20540PE.NFO,07/01/2020,10:19:11,16.2,16.25,4125,16.45,2750,0,1513875
ICICIBANK30Jan20540PE.NFO,07/01/2020,10:19:15,16.2,16.3,1375,16.5,2750,0,1513875
ICICIBANK30Jan20540PE.NFO,07/01/2020,10:19:20,16.2,16.2,1375,16.4,1375,0,1513875
ICICIBANK30Jan20540PE.NFO,07/01/2020,10:19:25,16.2,16.2,1375,16.4,2750,0,1513875
ICICIBANK30Jan20540PE.NFO,07/01/2020,10:19:29,16.2,16.15,2750,16.35,1375,0,1513875
ICICIBANK30Jan20540PE.NFO,07/01/2020,10:19:32,16.2,16.15,2750,16.35,2750,0,1513875
ICICIBANK30Jan20540PE.NFO,07/01/2020,10:19:39,16.2,16.15,1375,16.3,1375,0,1513875
ICICIBANK30Jan20540PE.NFO,07/01/2020,10:19:43,16.2,16.15,1375,16.35,4125,0,1513875
ICICIBANK30Jan20540PE.NFO,07/01/2020,10:19:50,16.2,16.1,4125,16.3,1375,0,1513875
ICICIBANK30Jan20540PE.NFO,07/01/2020,10:19:55,16.2,16.1,4125,16.3,4125,0,1513875
ICICIBANK30Jan20540PE.NFO,07/01/2020,10:19:59,16.2,16.15,1375,16.3,1375,0,1513875
ICICIBANK30Jan20540PE.NFO,07/01/2020,10:20:03,16.2,16.1,2750,16.25,2750,0,1513875
ICICIBANK30Jan20540PE.NFO,07/01/2020,10:20:06,16.1,16.05,1375,16.25,2750,2750,1513875
ICICIBANK30Jan20540PE.NFO,07/01/2020,10:20:15,16.1,16.05,1375,16.25,4125,0,1513875
ICICIBANK30Jan20540PE.NFO,07/01/2020,10:20:20,16.1,16,2750,16.2,6875,0,1513875
ICICIBANK30Jan20540PE.NFO,07/01/2020,10:20:24,16.1,15.9,1375,16,2750,0,1513875
ICICIBANK30Jan20540PE.NFO,07/01/2020,10:20:29,15.95,15.85,1375,15.95,1375,1375,1522125
ICICIBANK30Jan20540PE.NFO,07/01/2020,10:20:33,15.95,15.85,1375,15.95,1375,0,1522125
ICICIBANK30Jan20540PE.NFO,07/01/2020,10:20:41,15.95,15.9,1375,16.05,2750,1375,1522125
ICICIBANK30Jan20540PE.NFO,07/01/2020,10:20:46,15.95,15.9,1375,16.05,2750,0,1522125
ICICIBANK30Jan20540PE.NFO,07/01/2020,10:20:50,15.95,15.85,4125,16.05,2750,0,1522125
ICICIBANK30Jan20540PE.NFO,07/01/2020,10:20:54,15.95,15.85,4125,16.05,4125,0,1522125
ICICIBANK30Jan20540PE.NFO,07/01/2020,10:21:04,15.95,15.85,1375,16,2750,0,1522125
ICICIBANK30Jan20540PE.NFO,07/01/2020,10:21:13,15.95,15.75,4125,15.95,2750,0,1522125
ICICIBANK30Jan20540PE.NFO,07/01/2020,10:21:17,15.95,15.85,2750,16.05,4125,0,1522125
ICICIBANK30Jan20540PE.NFO,07/01/2020,10:21:25,15.95,15.85,4125,16.05,4125,0,1522125
ICICIBANK30Jan20540PE.NFO,07/01/2020,10:21:29,15.95,15.9,2750,16.05,2750,0,1522125
ICICIBANK30Jan20540PE.NFO,07/01/2020,10:21:46,15.95,15.95,1375,16.1,5500,0,1522125
ICICIBANK30Jan20540PE.NFO,07/01/2020,10:21:56,15.95,15.95,1375,16.05,1375,0,1522125
ICICIBANK30Jan20540PE.NFO,07/01/2020,10:22:05,15.95,16,1375,16.05,1375,0,1522125
ICICIBANK30Jan20540PE.NFO,07/01/2020,10:22:09,15.95,16,1375,16.1,1375,0,1522125
ICICIBANK30Jan20540PE.NFO,07/01/2020,10:22:13,15.95,16,2750,16.15,2750,0,1522125
ICICIBANK30Jan20540PE.NFO,07/01/2020,10:22:17,16,15.9,2750,16.1,5500,1375,1522125
ICICIBANK30Jan20540PE.NFO,07/01/2020,10:22:22,16,15.9,1375,16.05,1375,0,1522125
ICICIBANK30Jan20540PE.NFO,07/01/2020,10:22:25,16,15.9,2750,16.05,1375,0,1522125
ICICIBANK30Jan20540PE.NFO,07/01/2020,10:22:27,16,15.85,2750,16.05,2750,0,1522125
ICICIBANK30Jan20540PE.NFO,07/01/2020,10:22:37,16,15.9,1375,16.05,4125,0,1522125
ICICIBANK30Jan20540PE.NFO,07/01/2020,10:22:40,16,15.9,1375,16.05,5500,0,1522125
ICICIBANK30Jan20540PE.NFO,07/01/2020,10:22:46,16,15.9,1375,16.05,2750,0,1522125
ICICIBANK30Jan20540PE.NFO,07/01/2020,10:22:52,16,15.9,1375,16.05,1375,0,1522125
ICICIBANK30Jan20540PE.NFO,07/01/2020,10:23:01,16,15.85,1375,16,1375,0,1522125
ICICIBANK30Jan20540PE.NFO,07/01/2020,10:23:06,16,15.85,1375,16,2750,0,1522125
ICICIBANK30Jan20540PE.NFO,07/01/2020,10:23:23,16,15.8,4125,16,4125,0,1522125
ICICIBANK30Jan20540PE.NFO,07/01/2020,10:23:27,16,15.85,1375,16,4125,0,1522125
ICICIBANK30Jan20540PE.NFO,07/01/2020,10:23:38,16,15.85,2750,16,1375,0,1522125
ICICIBANK30Jan20540PE.NFO,07/01/2020,10:23:43,16,15.85,2750,16,2750,0,1522125
ICICIBANK30Jan20540PE.NFO,07/01/2020,10:23:47,16,15.8,4125,16,5500,0,1522125
ICICIBANK30Jan20540PE.NFO,07/01/2020,10:23:51,16,15.75,4125,15.95,2750,0,1522125
ICICIBANK30Jan20540PE.NFO,07/01/2020,10:23:58,16,15.8,1375,15.95,2750,0,1522125
ICICIBANK30Jan20540PE.NFO,07/01/2020,10:24:02,16,15.75,4125,15.95,2750,0,1522125
ICICIBANK30Jan20540PE.NFO,07/01/2020,10:24:06,16,15.75,4125,15.95,4125,0,1522125
ICICIBANK30Jan20540PE.NFO,07/01/2020,10:24:10,16,15.75,2750,15.95,4125,0,1522125
ICICIBANK30Jan20540PE.NFO,07/01/2020,10:24:14,16,15.8,1375,15.95,2750,0,1522125
ICICIBANK30Jan20540PE.NFO,07/01/2020,10:24:18,16,15.75,4125,15.95,4125,0,1522125
ICICIBANK30Jan20540PE.NFO,07/01/2020,10:24:24,16,15.7,5500,15.9,4125,0,1522125
ICICIBANK30Jan20540PE.NFO,07/01/2020,10:24:28,16,15.75,2750,15.9,2750,0,1522125
ICICIBANK30Jan20540PE.NFO,07/01/2020,10:24:45,16,15.7,5500,15.9,2750,0,1522125
ICICIBANK30Jan20540PE.NFO,07/01/2020,10:24:56,16,15.75,1375,15.9,4125,0,1522125
ICICIBANK30Jan20540PE.NFO,07/01/2020,10:25:00,16,15.7,5500,15.9,4125,0,1522125
ICICIBANK30Jan20540PE.NFO,07/01/2020,10:25:04,16,15.7,5500,15.9,2750,0,1522125
ICICIBANK30Jan20540PE.NFO,07/01/2020,10:25:10,16,15.7,4125,15.9,2750,0,1522125
ICICIBANK30Jan20540PE.NFO,07/01/2020,10:25:16,16,15.75,1375,15.9,2750,0,1522125
ICICIBANK30Jan20540PE.NFO,07/01/2020,10:25:28,16,15.7,1375,15.85,2750,0,1522125
ICICIBANK30Jan20540PE.NFO,07/01/2020,10:25:32,16,15.75,1375,15.95,4125,0,1522125
ICICIBANK30Jan20540PE.NFO,07/01/2020,10:25:37,16,15.8,2750,16,6875,0,1522125
ICICIBANK30Jan20540PE.NFO,07/01/2020,10:25:42,16,15.8,4125,16,4125,0,1522125
ICICIBANK30Jan20540PE.NFO,07/01/2020,10:25:47,16,15.75,4125,15.95,4125,0,1522125
ICICIBANK30Jan20540PE.NFO,07/01/2020,10:25:53,16,15.7,5500,15.9,4125,0,1522125
ICICIBANK30Jan20540PE.NFO,07/01/2020,10:25:57,16,15.7,4125,15.9,4125,0,1522125
ICICIBANK30Jan20540PE.NFO,07/01/2020,10:26:01,16,15.75,2750,15.95,4125,0,1522125
ICICIBANK30Jan20540PE.NFO,07/01/2020,10:26:05,16,15.75,4125,15.95,4125,0,1522125
ICICIBANK30Jan20540PE.NFO,07/01/2020,10:26:09,16,15.7,2750,15.9,4125,0,1522125
ICICIBANK30Jan20540PE.NFO,07/01/2020,10:26:15,16,15.7,1375,15.85,4125,0,1522125
ICICIBANK30Jan20540PE.NFO,07/01/2020,10:26:22,16,15.7,4125,15.9,4125,0,1522125
ICICIBANK30Jan20540PE.NFO,07/01/2020,10:26:26,16,15.7,4125,15.85,2750,0,1522125
ICICIBANK30Jan20540PE.NFO,07/01/2020,10:26:32,16,15.7,4125,15.9,4125,0,1522125
ICICIBANK30Jan20540PE.NFO,07/01/2020,10:26:42,16,15.7,2750,15.85,4125,0,1522125
ICICIBANK30Jan20540PE.NFO,07/01/2020,10:26:46,16,15.7,2750,15.85,2750,0,1522125
ICICIBANK30Jan20540PE.NFO,07/01/2020,10:26:53,16,15.7,2750,15.9,4125,0,1522125
ICICIBANK30Jan20540PE.NFO,07/01/2020,10:26:57,16,15.7,2750,15.85,2750,0,1522125
ICICIBANK30Jan20540PE.NFO,07/01/2020,10:27:07,16,15.75,1375,15.9,4125,0,1522125
ICICIBANK30Jan20540PE.NFO,07/01/2020,10:27:10,16,15.7,2750,15.9,4125,0,1522125
ICICIBANK30Jan20540PE.NFO,07/01/2020,10:27:14,16,15.75,1375,15.9,4125,0,1522125
ICICIBANK30Jan20540PE.NFO,07/01/2020,10:27:32,16,15.75,1375,15.9,2750,0,1522125
ICICIBANK30Jan20540PE.NFO,07/01/2020,10:27:42,16,15.7,2750,15.9,4125,0,1522125
ICICIBANK30Jan20540PE.NFO,07/01/2020,10:27:46,16,15.75,1375,15.9,4125,0,1522125
ICICIBANK30Jan20540PE.NFO,07/01/2020,10:27:50,16,15.75,1375,15.95,5500,0,1522125
ICICIBANK30Jan20540PE.NFO,07/01/2020,10:28:02,16,15.75,1375,15.9,1375,0,1522125
ICICIBANK30Jan20540PE.NFO,07/01/2020,10:28:05,16,15.75,1375,15.9,2750,0,1522125
ICICIBANK30Jan20540PE.NFO,07/01/2020,10:28:08,16,15.75,1375,15.9,4125,0,1522125
ICICIBANK30Jan20540PE.NFO,07/01/2020,10:28:18,16,15.75,1375,15.9,5500,0,1522125
ICICIBANK30Jan20540PE.NFO,07/01/2020,10:28:24,16,15.7,2750,15.85,2750,0,1522125
ICICIBANK30Jan20540PE.NFO,07/01/2020,10:28:39,16,15.7,1375,15.8,1375,0,1522125
ICICIBANK30Jan20540PE.NFO,07/01/2020,10:28:45,16,15.7,2750,15.85,2750,0,1522125
ICICIBANK30Jan20540PE.NFO,07/01/2020,10:29:10,16,15.7,4125,15.85,2750,0,1522125
ICICIBANK30Jan20540PE.NFO,07/01/2020,10:29:16,16,15.7,1375,15.85,2750,0,1522125
ICICIBANK30Jan20540PE.NFO,07/01/2020,10:29:19,16,15.65,2750,15.85,4125,0,1522125
ICICIBANK30Jan20540PE.NFO,07/01/2020,10:29:23,16,15.65,2750,15.8,1375,0,1522125
ICICIBANK30Jan20540PE.NFO,07/01/2020,10:29:26,16,15.65,2750,15.8,2750,0,1522125
ICICIBANK30Jan20540PE.NFO,07/01/2020,10:29:30,16,15.65,2750,15.8,1375,0,1522125
ICICIBANK30Jan20540PE.NFO,07/01/2020,10:29:33,16,15.7,4125,15.85,1375,0,1522125
ICICIBANK30Jan20540PE.NFO,07/01/2020,10:29:36,16,15.7,4125,15.85,2750,0,1522125
ICICIBANK30Jan20540PE.NFO,07/01/2020,10:29:42,16,15.8,1375,15.9,2750,0,1522125
ICICIBANK30Jan20540PE.NFO,07/01/2020,10:29:45,16,15.75,2750,15.9,4125,0,1522125
ICICIBANK30Jan20540PE.NFO,07/01/2020,10:30:00,16,15.7,2750,15.9,5500,0,1522125
ICICIBANK30Jan20540PE.NFO,07/01/2020,10:30:04,16,15.7,2750,15.85,2750,0,1522125
ICICIBANK30Jan20540PE.NFO,07/01/2020,10:30:09,16,15.7,2750,15.9,6875,0,1522125
ICICIBANK30Jan20540PE.NFO,07/01/2020,10:30:12,16,15.75,2750,15.9,4125,0,1522125
ICICIBANK30Jan20540PE.NFO,07/01/2020,10:30:42,16,15.75,2750,15.9,2750,0,1522125
ICICIBANK30Jan20540PE.NFO,07/01/2020,10:30:59,16,15.8,1375,15.9,1375,0,1522125
ICICIBANK30Jan20540PE.NFO,07/01/2020,10:31:02,16,15.75,4125,15.9,1375,0,1522125
ICICIBANK30Jan20540PE.NFO,07/01/2020,10:31:12,16,15.8,1375,15.9,1375,0,1522125
ICICIBANK30Jan20540PE.NFO,07/01/2020,10:31:15,16,15.75,2750,15.9,2750,0,1522125
ICICIBANK30Jan20540PE.NFO,07/01/2020,10:31:21,16,15.75,4125,15.9,2750,0,1522125
ICICIBANK30Jan20540PE.NFO,07/01/2020,10:31:27,16,15.8,1375,15.9,1375,0,1522125
ICICIBANK30Jan20540PE.NFO,07/01/2020,10:31:33,16,15.8,2750,15.9,1375,0,1522125
ICICIBANK30Jan20540PE.NFO,07/01/2020,10:31:36,15.9,15.8,4125,16,2750,1375,1523500
ICICIBANK30Jan20540PE.NFO,07/01/2020,10:31:39,15.9,15.85,1375,16,1375,0,1523500
ICICIBANK30Jan20540PE.NFO,07/01/2020,10:31:43,15.9,15.85,4125,16,1375,0,1523500
ICICIBANK30Jan20540PE.NFO,07/01/2020,10:31:47,15.9,15.85,4125,16,2750,0,1523500
ICICIBANK30Jan20540PE.NFO,07/01/2020,10:32:01,15.9,15.9,1375,16,1375,0,1523500
ICICIBANK30Jan20540PE.NFO,07/01/2020,10:32:05,15.9,15.9,2750,16,1375,0,1523500
ICICIBANK30Jan20540PE.NFO,07/01/2020,10:32:13,16,16,1375,16.1,1375,1375,1523500
ICICIBANK30Jan20540PE.NFO,07/01/2020,10:32:17,16,16,1375,16.15,2750,0,1523500
ICICIBANK30Jan20540PE.NFO,07/01/2020,10:32:24,16,16.05,1375,16.2,1375,0,1523500
ICICIBANK30Jan20540PE.NFO,07/01/2020,10:32:28,16,16,5500,16.15,1375,0,1523500
ICICIBANK30Jan20540PE.NFO,07/01/2020,10:32:31,16,16,2750,16.1,1375,0,1523500
ICICIBANK30Jan20540PE.NFO,07/01/2020,10:32:35,16,16,4125,16.15,1375,0,1523500
ICICIBANK30Jan20540PE.NFO,07/01/2020,10:32:39,16,16.05,1375,16.2,2750,0,1523500
ICICIBANK30Jan20540PE.NFO,07/01/2020,10:32:44,16,16,5500,16.15,2750,0,1523500
ICICIBANK30Jan20540PE.NFO,07/01/2020,10:32:48,16,16,2750,16.15,4125,0,1523500
ICICIBANK30Jan20540PE.NFO,07/01/2020,10:32:52,16,16,1375,16.15,4125,0,1523500
ICICIBANK30Jan20540PE.NFO,07/01/2020,10:32:55,16,16,2750,16.15,4125,0,1523500
ICICIBANK30Jan20540PE.NFO,07/01/2020,10:33:04,16,16,1375,16.1,2750,0,1523500
ICICIBANK30Jan20540PE.NFO,07/01/2020,10:33:13,16,16,1375,16.1,1375,0,1523500
ICICIBANK30Jan20540PE.NFO,07/01/2020,10:33:16,16,15.95,2750,16.1,2750,0,1523500
ICICIBANK30Jan20540PE.NFO,07/01/2020,10:33:19,16,15.95,1375,16.05,1375,0,1523500
ICICIBANK30Jan20540PE.NFO,07/01/2020,10:33:23,16,15.9,1375,16.05,1375,0,1523500
ICICIBANK30Jan20540PE.NFO,07/01/2020,10:33:26,16,15.85,4125,16.05,2750,0,1523500
ICICIBANK30Jan20540PE.NFO,07/01/2020,10:33:29,16,15.85,2750,16.05,2750,0,1523500
ICICIBANK30Jan20540PE.NFO,07/01/2020,10:33:35,16,15.85,2750,16,4125,0,1523500
ICICIBANK30Jan20540PE.NFO,07/01/2020,10:33:39,16,15.9,1375,16.05,2750,0,1523500
ICICIBANK30Jan20540PE.NFO,07/01/2020,10:34:13,16,15.95,1375,16.1,2750,0,1523500
ICICIBANK30Jan20540PE.NFO,07/01/2020,10:34:17,16,15.9,1375,16.05,1375,0,1523500
ICICIBANK30Jan20540PE.NFO,07/01/2020,10:34:20,16,15.85,2750,16,1375,0,1523500
ICICIBANK30Jan20540PE.NFO,07/01/2020,10:34:25,16,15.8,4125,15.95,1375,0,1523500
ICICIBANK30Jan20540PE.NFO,07/01/2020,10:34:30,16,15.85,1375,16,4125,0,1523500
ICICIBANK30Jan20540PE.NFO,07/01/2020,10:34:34,16,15.8,5500,16,5500,0,1523500
ICICIBANK30Jan20540PE.NFO,07/01/2020,10:34:42,16,15.8,1375,15.9,1375,0,1523500
ICICIBANK30Jan20540PE.NFO,07/01/2020,10:34:46,15.8,15.7,2750,15.85,1375,1375,1523500
ICICIBANK30Jan20540PE.NFO,07/01/2020,10:34:51,15.8,15.75,1375,15.9,2750,0,1523500
ICICIBANK30Jan20540PE.NFO,07/01/2020,10:35:06,15.8,15.7,2750,15.85,2750,0,1523500
ICICIBANK30Jan20540PE.NFO,07/01/2020,10:35:12,15.7,15.7,1375,15.85,2750,1375,1523500
ICICIBANK30Jan20540PE.NFO,07/01/2020,10:35:19,15.7,15.65,2750,15.8,2750,0,1523500
ICICIBANK30Jan20540PE.NFO,07/01/2020,10:35:22,15.65,15.65,1375,15.8,4125,1375,1523500
ICICIBANK30Jan20540PE.NFO,07/01/2020,10:35:24,15.65,15.7,1375,15.8,1375,0,1523500
ICICIBANK30Jan20540PE.NFO,07/01/2020,10:35:29,15.65,15.7,1375,15.85,4125,0,1523500
ICICIBANK30Jan20540PE.NFO,07/01/2020,10:35:33,15.65,15.7,1375,15.9,4125,0,1523500
ICICIBANK30Jan20540PE.NFO,07/01/2020,10:35:40,15.65,15.7,2750,15.85,1375,0,1523500
ICICIBANK30Jan20540PE.NFO,07/01/2020,10:35:43,15.65,15.75,1375,15.9,4125,0,1523500
ICICIBANK30Jan20540PE.NFO,07/01/2020,10:35:53,15.65,15.75,1375,15.9,2750,0,1523500
ICICIBANK30Jan20540PE.NFO,07/01/2020,10:36:03,15.65,15.75,2750,15.95,2750,0,1523500
ICICIBANK30Jan20540PE.NFO,07/01/2020,10:36:07,15.65,15.8,1375,15.95,2750,0,1523500
ICICIBANK30Jan20540PE.NFO,07/01/2020,10:36:11,15.65,15.8,2750,16,2750,0,1523500
ICICIBANK30Jan20540PE.NFO,07/01/2020,10:36:15,15.65,15.8,2750,16,1375,0,1523500
ICICIBANK30Jan20540PE.NFO,07/01/2020,10:36:19,15.65,15.8,2750,16,4125,0,1523500
ICICIBANK30Jan20540PE.NFO,07/01/2020,10:36:28,15.65,15.85,1375,16,4125,0,1523500
ICICIBANK30Jan20540PE.NFO,07/01/2020,10:36:32,15.65,15.8,1375,15.95,2750,0,1523500
ICICIBANK30Jan20540PE.NFO,07/01/2020,10:36:48,15.65,15.8,1375,15.95,4125,0,1523500
ICICIBANK30Jan20540PE.NFO,07/01/2020,10:36:56,15.65,15.7,2750,15.9,5500,0,1523500
ICICIBANK30Jan20540PE.NFO,07/01/2020,10:36:59,15.65,15.75,1375,15.9,4125,0,1523500
ICICIBANK30Jan20540PE.NFO,07/01/2020,10:37:02,15.65,15.7,4125,15.9,4125,0,1523500
ICICIBANK30Jan20540PE.NFO,07/01/2020,10:37:05,15.65,15.75,1375,15.9,1375,0,1523500
ICICIBANK30Jan20540PE.NFO,07/01/2020,10:37:09,15.65,15.8,1375,15.95,4125,0,1523500
ICICIBANK30Jan20540PE.NFO,07/01/2020,10:37:16,15.65,15.85,1375,16.1,4125,0,1523500
ICICIBANK30Jan20540PE.NFO,07/01/2020,10:37:21,15.65,15.85,2750,16.05,2750,0,1523500
ICICIBANK30Jan20540PE.NFO,07/01/2020,10:37:25,15.65,15.85,4125,16.05,4125,0,1523500
ICICIBANK30Jan20540PE.NFO,07/01/2020,10:37:48,15.65,15.85,2750,16,2750,0,1523500
ICICIBANK30Jan20540PE.NFO,07/01/2020,10:37:54,15.65,15.8,4125,16,4125,0,1523500
ICICIBANK30Jan20540PE.NFO,07/01/2020,10:38:09,15.65,15.8,4125,15.95,1375,0,1523500
ICICIBANK30Jan20540PE.NFO,07/01/2020,10:38:17,15.65,15.75,4125,15.95,2750,0,1523500
ICICIBANK30Jan20540PE.NFO,07/01/2020,10:38:20,15.65,15.8,1375,15.95,1375,0,1523500
ICICIBANK30Jan20540PE.NFO,07/01/2020,10:38:30,15.65,15.75,2750,15.9,1375,0,1523500
ICICIBANK30Jan20540PE.NFO,07/01/2020,10:38:33,15.65,15.75,4125,15.95,2750,0,1523500
ICICIBANK30Jan20540PE.NFO,07/01/2020,10:38:36,15.65,15.75,4125,15.95,4125,0,1523500
ICICIBANK30Jan20540PE.NFO,07/01/2020,10:38:43,15.65,15.8,2750,15.95,2750,0,1523500
ICICIBANK30Jan20540PE.NFO,07/01/2020,10:38:50,15.65,15.8,4125,16,2750,0,1523500
ICICIBANK30Jan20540PE.NFO,07/01/2020,10:38:56,15.65,15.85,1375,16,1375,0,1523500
ICICIBANK30Jan20540PE.NFO,07/01/2020,10:38:59,15.65,15.8,2750,15.95,1375,0,1523500
ICICIBANK30Jan20540PE.NFO,07/01/2020,10:39:04,15.65,15.75,4125,15.95,4125,0,1523500
ICICIBANK30Jan20540PE.NFO,07/01/2020,10:39:09,15.65,15.8,4125,16,2750,0,1523500
ICICIBANK30Jan20540PE.NFO,07/01/2020,10:39:16,15.65,15.85,2750,16.05,4125,0,1523500
ICICIBANK30Jan20540PE.NFO,07/01/2020,10:39:32,15.65,15.9,1375,16.1,5500,0,1523500
ICICIBANK30Jan20540PE.NFO,07/01/2020,10:39:35,15.65,15.9,2750,16.1,5500,0,1523500
ICICIBANK30Jan20540PE.NFO,07/01/2020,10:39:38,16.05,15.95,5500,16.15,1375,1375,1524875
ICICIBANK30Jan20540PE.NFO,07/01/2020,10:39:41,16.05,15.95,5500,16.15,1375,0,1524875
ICICIBANK30Jan20540PE.NFO,07/01/2020,10:39:44,16.05,15.95,1375,16.1,1375,0,1524875
ICICIBANK30Jan20540PE.NFO,07/01/2020,10:39:58,16.05,16,1375,16.15,2750,0,1524875
ICICIBANK30Jan20540PE.NFO,07/01/2020,10:40:00,16.05,15.95,2750,16.15,2750,0,1524875
ICICIBANK30Jan20540PE.NFO,07/01/2020,10:40:03,16.05,15.95,2750,16.1,1375,0,1524875
ICICIBANK30Jan20540PE.NFO,07/01/2020,10:40:08,16.05,15.9,2750,16.1,4125,0,1524875
ICICIBANK30Jan20540PE.NFO,07/01/2020,10:40:16,16.05,15.9,5500,16.1,4125,0,1524875
ICICIBANK30Jan20540PE.NFO,07/01/2020,10:40:29,16.05,15.9,4125,16.1,4125,0,1524875
ICICIBANK30Jan20540PE.NFO,07/01/2020,10:40:32,16.05,16,1375,16.15,2750,0,1524875
ICICIBANK30Jan20540PE.NFO,07/01/2020,10:40:37,16.05,16,1375,16.1,1375,0,1524875
ICICIBANK30Jan20540PE.NFO,07/01/2020,10:40:41,16.05,16,2750,16.15,2750,0,1524875
ICICIBANK30Jan20540PE.NFO,07/01/2020,10:40:47,16,15.9,2750,16.1,4125,2750,1524875
ICICIBANK30Jan20540PE.NFO,07/01/2020,10:40:52,16,15.9,2750,16.1,4125,0,1524875
ICICIBANK30Jan20540PE.NFO,07/01/2020,10:40:56,16,15.85,2750,16.05,4125,0,1524875
ICICIBANK30Jan20540PE.NFO,07/01/2020,10:41:00,16,15.85,4125,16.05,4125,0,1524875
ICICIBANK30Jan20540PE.NFO,07/01/2020,10:41:03,16,15.85,2750,16.05,4125,0,1524875
ICICIBANK30Jan20540PE.NFO,07/01/2020,10:41:10,16,15.85,4125,16.05,4125,0,1524875
ICICIBANK30Jan20540PE.NFO,07/01/2020,10:41:16,16,15.85,2750,16.05,4125,0,1524875
ICICIBANK30Jan20540PE.NFO,07/01/2020,10:41:23,16,15.8,1375,16,5500,0,1524875
ICICIBANK30Jan20540PE.NFO,07/01/2020,10:41:49,16,15.75,4125,15.95,4125,0,1524875
ICICIBANK30Jan20540PE.NFO,07/01/2020,10:41:52,16,15.75,4125,15.95,2750,0,1524875
ICICIBANK30Jan20540PE.NFO,07/01/2020,10:42:04,16,15.8,1375,15.95,2750,0,1524875
ICICIBANK30Jan20540PE.NFO,07/01/2020,10:42:07,16,15.8,1375,15.95,4125,0,1524875
ICICIBANK30Jan20540PE.NFO,07/01/2020,10:42:17,16,15.75,4125,15.95,4125,0,1524875
ICICIBANK30Jan20540PE.NFO,07/01/2020,10:42:19,16,15.75,4125,15.95,2750,0,1524875
ICICIBANK30Jan20540PE.NFO,07/01/2020,10:42:21,16,15.8,1375,15.95,2750,0,1524875
ICICIBANK30Jan20540PE.NFO,07/01/2020,10:42:24,16,15.8,4125,16,4125,0,1524875
ICICIBANK30Jan20540PE.NFO,07/01/2020,10:42:36,16,15.9,2750,16.1,4125,0,1524875
ICICIBANK30Jan20540PE.NFO,07/01/2020,10:43:27,16,15.85,2750,16.05,4125,0,1524875
ICICIBANK30Jan20540PE.NFO,07/01/2020,10:43:46,16,15.85,4125,16.05,4125,0,1524875
ICICIBANK30Jan20540PE.NFO,07/01/2020,10:43:50,16,15.85,2750,16.05,4125,0,1524875
ICICIBANK30Jan20540PE.NFO,07/01/2020,10:43:57,16,15.8,4125,16,2750,0,1524875
ICICIBANK30Jan20540PE.NFO,07/01/2020,10:44:00,16,15.8,2750,16,2750,0,1524875
ICICIBANK30Jan20540PE.NFO,07/01/2020,10:44:14,16,15.8,2750,15.95,2750,0,1524875
ICICIBANK30Jan20540PE.NFO,07/01/2020,10:44:22,16,15.8,2750,16,4125,0,1524875
ICICIBANK30Jan20540PE.NFO,07/01/2020,10:44:33,16,15.75,4125,15.9,1375,0,1524875
ICICIBANK30Jan20540PE.NFO,07/01/2020,10:44:39,16,15.75,2750,15.9,1375,0,1524875
ICICIBANK30Jan20540PE.NFO,07/01/2020,10:44:41,16,15.8,1375,15.9,1375,0,1524875
ICICIBANK30Jan20540PE.NFO,07/01/2020,10:44:48,16,15.75,4125,15.9,1375,0,1524875
ICICIBANK30Jan20540PE.NFO,07/01/2020,10:44:57,16,15.8,1375,15.9,1375,0,1524875
ICICIBANK30Jan20540PE.NFO,07/01/2020,10:45:01,16,15.75,4125,15.9,1375,0,1524875
ICICIBANK30Jan20540PE.NFO,07/01/2020,10:45:10,16,15.8,1375,15.9,1375,0,1524875
ICICIBANK30Jan20540PE.NFO,07/01/2020,10:45:14,15.8,15.7,4125,15.85,1375,1375,1523500
ICICIBANK30Jan20540PE.NFO,07/01/2020,10:45:18,15.8,15.75,1375,15.85,1375,0,1523500
ICICIBANK30Jan20540PE.NFO,07/01/2020,10:45:21,15.8,15.7,4125,15.9,2750,0,1523500
ICICIBANK30Jan20540PE.NFO,07/01/2020,10:45:27,15.8,15.75,1375,15.9,2750,0,1523500
ICICIBANK30Jan20540PE.NFO,07/01/2020,10:45:37,15.8,15.75,2750,15.9,2750,0,1523500
ICICIBANK30Jan20540PE.NFO,07/01/2020,10:45:40,15.8,15.75,1375,15.9,2750,0,1523500
ICICIBANK30Jan20540PE.NFO,07/01/2020,10:45:45,15.8,15.7,2750,15.85,1375,0,1523500
ICICIBANK30Jan20540PE.NFO,07/01/2020,10:45:55,15.8,15.65,4125,15.85,6875,0,1523500
ICICIBANK30Jan20540PE.NFO,07/01/2020,10:45:57,15.8,15.65,4125,15.85,5500,0,1523500
ICICIBANK30Jan20540PE.NFO,07/01/2020,10:46:01,15.8,15.65,2750,15.85,5500,0,1523500
ICICIBANK30Jan20540PE.NFO,07/01/2020,10:46:06,15.8,15.65,4125,15.8,2750,0,1523500
ICICIBANK30Jan20540PE.NFO,07/01/2020,10:46:11,15.8,15.7,2750,15.8,1375,0,1523500
ICICIBANK30Jan20540PE.NFO,07/01/2020,10:46:59,15.8,15.75,1375,15.9,1375,1375,1523500
ICICIBANK30Jan20540PE.NFO,07/01/2020,10:47:02,15.8,15.7,2750,15.9,1375,0,1523500
ICICIBANK30Jan20540PE.NFO,07/01/2020,10:47:11,15.8,15.7,2750,15.9,4125,0,1523500
ICICIBANK30Jan20540PE.NFO,07/01/2020,10:47:14,15.8,15.75,1375,15.9,2750,0,1523500
ICICIBANK30Jan20540PE.NFO,07/01/2020,10:47:19,15.8,15.65,4125,15.85,1375,0,1523500
ICICIBANK30Jan20540PE.NFO,07/01/2020,10:47:28,15.8,15.65,4125,15.85,2750,0,1523500
ICICIBANK30Jan20540PE.NFO,07/01/2020,10:47:38,15.8,15.65,4125,15.85,4125,0,1523500
ICICIBANK30Jan20540PE.NFO,07/01/2020,10:47:41,15.8,15.65,1375,15.8,5500,0,1523500
ICICIBANK30Jan20540PE.NFO,07/01/2020,10:47:48,15.6,15.55,4125,15.75,8250,2750,1526250
ICICIBANK30Jan20540PE.NFO,07/01/2020,10:47:52,15.6,15.55,4125,15.75,8250,0,1526250
ICICIBANK30Jan20540PE.NFO,07/01/2020,10:47:55,15.6,15.6,1375,15.75,1375,0,1526250
ICICIBANK30Jan20540PE.NFO,07/01/2020,10:48:02,15.6,15.6,2750,15.75,2750,0,1526250
ICICIBANK30Jan20540PE.NFO,07/01/2020,10:48:10,15.6,15.6,1375,15.75,2750,0,1526250
ICICIBANK30Jan20540PE.NFO,07/01/2020,10:48:14,15.6,15.55,1375,15.75,2750,0,1526250
ICICIBANK30Jan20540PE.NFO,07/01/2020,10:48:17,15.6,15.55,2750,15.75,2750,0,1526250
ICICIBANK30Jan20540PE.NFO,07/01/2020,10:48:20,15.6,15.55,4125,15.75,2750,0,1526250
ICICIBANK30Jan20540PE.NFO,07/01/2020,10:48:23,15.6,15.6,2750,15.75,2750,0,1526250
ICICIBANK30Jan20540PE.NFO,07/01/2020,10:48:30,15.6,15.6,2750,15.75,4125,0,1526250
ICICIBANK30Jan20540PE.NFO,07/01/2020,10:48:51,15.6,15.7,1375,15.8,4125,0,1526250
ICICIBANK30Jan20540PE.NFO,07/01/2020,10:48:55,15.6,15.7,1375,15.8,2750,0,1526250
ICICIBANK30Jan20540PE.NFO,07/01/2020,10:49:10,15.7,15.6,2750,15.75,1375,1375,1526250
ICICIBANK30Jan20540PE.NFO,07/01/2020,10:49:20,15.75,15.6,2750,15.85,2750,1375,1526250
ICICIBANK30Jan20540PE.NFO,07/01/2020,10:49:23,15.75,15.6,2750,15.8,2750,0,1526250
ICICIBANK30Jan20540PE.NFO,07/01/2020,10:49:26,15.75,15.65,1375,15.8,2750,0,1526250
ICICIBANK30Jan20540PE.NFO,07/01/2020,10:49:33,15.8,15.65,1375,15.85,4125,1375,1526250
ICICIBANK30Jan20540PE.NFO,07/01/2020,10:49:37,15.8,15.65,1375,15.8,5500,0,1526250
ICICIBANK30Jan20540PE.NFO,07/01/2020,10:49:40,15.8,15.65,1375,15.85,4125,0,1526250
ICICIBANK30Jan20540PE.NFO,07/01/2020,10:49:43,15.8,15.65,1375,15.85,2750,0,1526250
ICICIBANK30Jan20540PE.NFO,07/01/2020,10:49:50,15.8,15.7,1375,15.9,2750,0,1526250
ICICIBANK30Jan20540PE.NFO,07/01/2020,10:49:53,15.8,15.7,1375,15.9,1375,0,1526250
ICICIBANK30Jan20540PE.NFO,07/01/2020,10:49:58,15.8,15.85,1375,16,1375,0,1526250
ICICIBANK30Jan20540PE.NFO,07/01/2020,10:50:04,15.8,15.8,1375,16,2750,0,1526250
ICICIBANK30Jan20540PE.NFO,07/01/2020,10:50:10,15.8,15.7,1375,15.9,4125,0,1526250
ICICIBANK30Jan20540PE.NFO,07/01/2020,10:50:14,15.8,15.6,4125,15.85,2750,0,1526250
ICICIBANK30Jan20540PE.NFO,07/01/2020,10:50:20,15.8,15.65,1375,15.85,4125,0,1526250
ICICIBANK30Jan20540PE.NFO,07/01/2020,10:50:28,15.8,15.7,4125,15.9,2750,0,1526250
ICICIBANK30Jan20540PE.NFO,07/01/2020,10:50:33,15.8,15.75,1375,15.95,4125,0,1526250
ICICIBANK30Jan20540PE.NFO,07/01/2020,10:50:37,15.8,15.8,1375,15.95,4125,0,1526250
ICICIBANK30Jan20540PE.NFO,07/01/2020,10:50:41,15.8,15.7,2750,15.9,4125,0,1526250
ICICIBANK30Jan20540PE.NFO,07/01/2020,10:50:51,15.8,15.7,1375,15.9,4125,0,1526250
ICICIBANK30Jan20540PE.NFO,07/01/2020,10:50:54,15.8,15.7,1375,15.85,1375,0,1526250
ICICIBANK30Jan20540PE.NFO,07/01/2020,10:51:01,15.8,15.75,1375,15.9,4125,0,1526250
ICICIBANK30Jan20540PE.NFO,07/01/2020,10:51:07,15.9,15.95,1375,16.15,1375,1375,1522125
ICICIBANK30Jan20540PE.NFO,07/01/2020,10:51:11,15.9,15.95,1375,16.15,1375,0,1522125
ICICIBANK30Jan20540PE.NFO,07/01/2020,10:51:14,15.9,15.85,1375,16.05,2750,0,1522125
ICICIBANK30Jan20540PE.NFO,07/01/2020,10:51:16,15.9,15.85,2750,16.1,1375,0,1522125
ICICIBANK30Jan20540PE.NFO,07/01/2020,10:51:18,15.9,15.85,2750,16.05,1375,0,1522125
ICICIBANK30Jan20540PE.NFO,07/01/2020,10:51:26,15.9,15.85,2750,16.05,2750,0,1522125
ICICIBANK30Jan20540PE.NFO,07/01/2020,10:51:32,15.9,15.85,1375,16.05,1375,0,1522125
ICICIBANK30Jan20540PE.NFO,07/01/2020,10:51:34,15.9,15.85,2750,16.05,2750,0,1522125
ICICIBANK30Jan20540PE.NFO,07/01/2020,10:51:43,15.9,15.85,1375,16.05,2750,0,1522125
ICICIBANK30Jan20540PE.NFO,07/01/2020,10:51:46,15.9,15.8,2750,15.95,1375,0,1522125
ICICIBANK30Jan20540PE.NFO,07/01/2020,10:51:49,15.9,15.8,1375,16,2750,0,1522125
ICICIBANK30Jan20540PE.NFO,07/01/2020,10:51:52,15.9,15.8,2750,16,2750,0,1522125
ICICIBANK30Jan20540PE.NFO,07/01/2020,10:51:56,15.9,15.95,4125,16.15,1375,0,1522125
ICICIBANK30Jan20540PE.NFO,07/01/2020,10:52:01,15.9,15.95,4125,16.2,2750,0,1522125
ICICIBANK30Jan20540PE.NFO,07/01/2020,10:52:08,15.9,15.95,4125,16.2,4125,0,1522125
ICICIBANK30Jan20540PE.NFO,07/01/2020,10:52:12,15.9,16.05,1375,16.2,1375,0,1522125
ICICIBANK30Jan20540PE.NFO,07/01/2020,10:52:16,15.9,16.1,1375,16.2,1375,0,1522125
ICICIBANK30Jan20540PE.NFO,07/01/2020,10:52:20,16.2,16.1,2750,16.3,1375,1375,1522125
ICICIBANK30Jan20540PE.NFO,07/01/2020,10:52:32,16.2,16.1,4125,16.3,2750,0,1522125
ICICIBANK30Jan20540PE.NFO,07/01/2020,10:52:36,16.2,16.1,4125,16.3,1375,0,1522125
ICICIBANK30Jan20540PE.NFO,07/01/2020,10:52:40,16.2,16.1,2750,16.3,1375,0,1522125
ICICIBANK30Jan20540PE.NFO,07/01/2020,10:52:48,16.2,16.1,4125,16.3,2750,0,1522125
ICICIBANK30Jan20540PE.NFO,07/01/2020,10:52:52,16.2,16.2,1375,16.35,1375,0,1522125
ICICIBANK30Jan20540PE.NFO,07/01/2020,10:52:56,16.2,16.2,4125,16.45,4125,0,1522125
ICICIBANK30Jan20540PE.NFO,07/01/2020,10:53:02,16.2,16.35,1375,16.5,1375,0,1522125
ICICIBANK30Jan20540PE.NFO,07/01/2020,10:53:13,16.2,16.35,4125,16.55,1375,0,1522125
ICICIBANK30Jan20540PE.NFO,07/01/2020,10:53:19,16.2,16.35,1375,16.5,2750,0,1522125
ICICIBANK30Jan20540PE.NFO,07/01/2020,10:53:24,16.2,16.35,2750,16.55,2750,0,1522125
ICICIBANK30Jan20540PE.NFO,07/01/2020,10:53:29,16.2,16.4,1375,16.55,1375,0,1522125
ICICIBANK30Jan20540PE.NFO,07/01/2020,10:53:34,16.2,16.35,2750,16.5,2750,0,1522125
ICICIBANK30Jan20540PE.NFO,07/01/2020,10:53:45,16.2,16.4,2750,16.55,1375,0,1522125
ICICIBANK30Jan20540PE.NFO,07/01/2020,10:53:50,16.2,16.45,4125,16.6,1375,0,1522125
ICICIBANK30Jan20540PE.NFO,07/01/2020,10:54:01,16.2,16.45,2750,16.6,1375,0,1522125
ICICIBANK30Jan20540PE.NFO,07/01/2020,10:54:10,16.55,16.45,2750,16.6,1375,1375,1522125
ICICIBANK30Jan20540PE.NFO,07/01/2020,10:54:15,16.35,16.4,2750,16.55,4125,1375,1522125
ICICIBANK30Jan20540PE.NFO,07/01/2020,10:54:20,16.35,16.35,2750,16.55,2750,0,1522125
ICICIBANK30Jan20540PE.NFO,07/01/2020,10:54:25,16.35,16.4,1375,16.55,2750,0,1522125
ICICIBANK30Jan20540PE.NFO,07/01/2020,10:54:29,16.35,16.35,4125,16.55,2750,0,1522125
ICICIBANK30Jan20540PE.NFO,07/01/2020,10:54:33,16.35,16.4,2750,16.55,2750,0,1522125
ICICIBANK30Jan20540PE.NFO,07/01/2020,10:54:37,16.4,16.4,2750,16.6,2750,2750,1522125
ICICIBANK30Jan20540PE.NFO,07/01/2020,10:54:40,16.4,16.45,1375,16.6,2750,0,1522125
ICICIBANK30Jan20540PE.NFO,07/01/2020,10:54:44,16.4,16.4,4125,16.6,2750,0,1522125
ICICIBANK30Jan20540PE.NFO,07/01/2020,10:54:48,16.45,16.4,4125,16.65,5500,1375,1522125
ICICIBANK30Jan20540PE.NFO,07/01/2020,10:54:53,16.4,16.45,1375,16.65,4125,1375,1522125
ICICIBANK30Jan20540PE.NFO,07/01/2020,10:54:58,16.4,16.5,1375,16.7,2750,0,1522125
ICICIBANK30Jan20540PE.NFO,07/01/2020,10:55:03,16.4,16.5,2750,16.7,2750,0,1522125
ICICIBANK30Jan20540PE.NFO,07/01/2020,10:55:12,16.4,16.6,1375,16.75,2750,0,1522125
ICICIBANK30Jan20540PE.NFO,07/01/2020,10:55:22,16.75,16.7,2750,16.85,2750,1375,1522125
ICICIBANK30Jan20540PE.NFO,07/01/2020,10:55:22,16.75,16.7,2750,16.85,2750,0,1522125
ICICIBANK30Jan20540PE.NFO,07/01/2020,10:55:28,16.75,16.75,2750,16.95,4125,0,1522125
ICICIBANK30Jan20540PE.NFO,07/01/2020,10:55:40,16.75,16.75,2750,16.85,1375,0,1522125
ICICIBANK30Jan20540PE.NFO,07/01/2020,10:55:50,16.75,16.75,1375,16.85,1375,0,1522125
ICICIBANK30Jan20540PE.NFO,07/01/2020,10:55:55,16.75,16.75,2750,16.85,1375,0,1522125
ICICIBANK30Jan20540PE.NFO,07/01/2020,10:55:59,16.85,16.75,4125,16.95,2750,1375,1522125
ICICIBANK30Jan20540PE.NFO,07/01/2020,10:55:59,16.85,16.75,4125,16.95,2750,0,1522125
ICICIBANK30Jan20540PE.NFO,07/01/2020,10:56:04,16.8,16.7,4125,16.9,2750,1375,1522125
ICICIBANK30Jan20540PE.NFO,07/01/2020,10:56:08,16.8,16.7,1375,16.85,2750,0,1522125
ICICIBANK30Jan20540PE.NFO,07/01/2020,10:56:18,16.75,16.7,1375,16.85,5500,1375,1522125
ICICIBANK30Jan20540PE.NFO,07/01/2020,10:56:21,16.75,16.65,2750,16.85,6875,0,1522125
ICICIBANK30Jan20540PE.NFO,07/01/2020,10:56:29,16.75,16.7,1375,16.85,5500,0,1522125
ICICIBANK30Jan20540PE.NFO,07/01/2020,10:56:35,16.75,16.8,2750,16.95,1375,0,1522125
ICICIBANK30Jan20540PE.NFO,07/01/2020,10:56:40,16.75,16.7,2750,16.85,1375,0,1522125
ICICIBANK30Jan20540PE.NFO,07/01/2020,10:56:44,16.75,16.65,2750,16.85,2750,0,1522125
ICICIBANK30Jan20540PE.NFO,07/01/2020,10:56:48,16.75,16.75,2750,16.95,2750,0,1522125
ICICIBANK30Jan20540PE.NFO,07/01/2020,10:56:53,16.95,16.85,1375,17.1,1375,1375,1516625
ICICIBANK30Jan20540PE.NFO,07/01/2020,10:56:53,16.95,16.85,1375,17.1,1375,0,1516625
ICICIBANK30Jan20540PE.NFO,07/01/2020,10:56:59,16.95,16.8,1375,17.1,1375,0,1516625
ICICIBANK30Jan20540PE.NFO,07/01/2020,10:57:04,16.95,16.9,2750,17.1,2750,0,1516625
ICICIBANK30Jan20540PE.NFO,07/01/2020,10:57:09,16.95,17.15,1375,17.4,4125,0,1516625
ICICIBANK30Jan20540PE.NFO,07/01/2020,10:57:16,17.45,17.3,1375,17.45,1375,1375,1516625
ICICIBANK30Jan20540PE.NFO,07/01/2020,10:57:16,17.45,17.3,1375,17.45,1375,0,1516625
ICICIBANK30Jan20540PE.NFO,07/01/2020,10:57:22,17.45,17.45,1375,17.6,1375,0,1516625
ICICIBANK30Jan20540PE.NFO,07/01/2020,10:57:30,17.6,17.5,1375,17.7,1375,1375,1516625
ICICIBANK30Jan20540PE.NFO,07/01/2020,10:57:30,17.6,17.5,1375,17.7,1375,0,1516625
ICICIBANK30Jan20540PE.NFO,07/01/2020,10:57:37,17.6,17.55,1375,17.75,4125,0,1516625
ICICIBANK30Jan20540PE.NFO,07/01/2020,10:57:43,17.6,17.35,1375,17.6,6875,0,1516625
ICICIBANK30Jan20540PE.NFO,07/01/2020,10:57:49,17.6,17.45,1375,17.65,4125,0,1516625
ICICIBANK30Jan20540PE.NFO,07/01/2020,10:57:55,17.6,17.2,16500,17.6,1375,0,1516625
ICICIBANK30Jan20540PE.NFO,07/01/2020,10:58:01,17.6,17.6,1375,17.8,1375,0,1516625
ICICIBANK30Jan20540PE.NFO,07/01/2020,10:58:08,17.6,17.65,1375,17.85,2750,0,1516625
ICICIBANK30Jan20540PE.NFO,07/01/2020,10:58:14,17.6,17.6,1375,17.8,5500,0,1516625
ICICIBANK30Jan20540PE.NFO,07/01/2020,10:58:20,17.6,17.6,1375,17.75,1375,0,1516625
ICICIBANK30Jan20540PE.NFO,07/01/2020,10:58:27,17.6,17.45,1375,17.7,4125,1375,1516625
ICICIBANK30Jan20540PE.NFO,07/01/2020,10:58:34,17.6,17.25,1375,17.5,2750,0,1516625
ICICIBANK30Jan20540PE.NFO,07/01/2020,10:58:40,17.6,17.4,1375,17.6,2750,0,1516625
ICICIBANK30Jan20540PE.NFO,07/01/2020,10:58:46,17.6,17.4,1375,17.55,2750,0,1516625
ICICIBANK30Jan20540PE.NFO,07/01/2020,10:58:52,17.6,17.35,1375,17.5,2750,0,1516625
ICICIBANK30Jan20540PE.NFO,07/01/2020,10:58:58,17.6,17.25,1375,17.45,2750,0,1516625
ICICIBANK30Jan20540PE.NFO,07/01/2020,10:59:05,17.6,17.25,1375,17.4,1375,0,1516625
ICICIBANK30Jan20540PE.NFO,07/01/2020,10:59:11,17.6,17.25,1375,17.45,4125,0,1516625
ICICIBANK30Jan20540PE.NFO,07/01/2020,10:59:18,17.6,17.3,1375,17.5,4125,0,1516625
ICICIBANK30Jan20540PE.NFO,07/01/2020,10:59:24,17.6,17.25,1375,17.4,2750,0,1516625
ICICIBANK30Jan20540PE.NFO,07/01/2020,10:59:29,17.6,17.15,1375,17.35,4125,0,1516625
ICICIBANK30Jan20540PE.NFO,07/01/2020,10:59:35,17.6,16.9,1375,17.15,2750,0,1516625
ICICIBANK30Jan20540PE.NFO,07/01/2020,10:59:42,17.6,17,1375,17.15,1375,0,1516625
ICICIBANK30Jan20540PE.NFO,07/01/2020,10:59:47,17.1,17.05,1375,17.2,1375,1375,1515250
ICICIBANK30Jan20540PE.NFO,07/01/2020,10:59:53,17.1,17.05,2750,17.2,2750,0,1515250
ICICIBANK30Jan20540PE.NFO,07/01/2020,10:59:58,17.1,17.05,1375,17.25,2750,0,1515250
ICICIBANK30Jan20540PE.NFO,07/01/2020,11:00:05,17.1,17.25,1375,17.3,1375,0,1515250
ICICIBANK30Jan20540PE.NFO,07/01/2020,11:00:12,17.3,17.35,1375,17.6,1375,1375,1515250
ICICIBANK30Jan20540PE.NFO,07/01/2020,11:00:20,17.3,17.55,1375,17.75,2750,0,1515250
ICICIBANK30Jan20540PE.NFO,07/01/2020,11:00:26,17.3,17.6,1375,17.8,2750,0,1515250
ICICIBANK30Jan20540PE.NFO,07/01/2020,11:00:33,17.8,17.75,1375,17.95,2750,1375,1515250
ICICIBANK30Jan20540PE.NFO,07/01/2020,11:00:33,17.8,17.75,1375,17.95,2750,0,1515250
ICICIBANK30Jan20540PE.NFO,07/01/2020,11:00:40,17.8,17.75,1375,17.95,2750,0,1515250
ICICIBANK30Jan20540PE.NFO,07/01/2020,11:00:47,17.8,17.65,1375,17.85,2750,0,1515250
ICICIBANK30Jan20540PE.NFO,07/01/2020,11:00:53,17.8,17.8,1375,17.95,1375,0,1515250
ICICIBANK30Jan20540PE.NFO,07/01/2020,11:01:00,17.8,17.85,2750,18.1,1375,0,1515250
ICICIBANK30Jan20540PE.NFO,07/01/2020,11:01:08,17.8,18,2750,18.2,2750,0,1515250
ICICIBANK30Jan20540PE.NFO,07/01/2020,11:01:15,17.8,18.15,1375,18.35,1375,0,1515250
ICICIBANK30Jan20540PE.NFO,07/01/2020,11:01:23,17.8,18.4,1375,18.6,1375,0,1515250
ICICIBANK30Jan20540PE.NFO,07/01/2020,11:01:30,18.5,18.25,2750,18.45,1375,1375,1515250
ICICIBANK30Jan20540PE.NFO,07/01/2020,11:01:30,18.5,18.25,2750,18.45,1375,0,1515250
ICICIBANK30Jan20540PE.NFO,07/01/2020,11:01:38,18.5,18.15,2750,18.35,2750,0,1515250
ICICIBANK30Jan20540PE.NFO,07/01/2020,11:01:46,18.5,17.85,1375,18.05,1375,0,1515250
ICICIBANK30Jan20540PE.NFO,07/01/2020,11:01:54,18.5,17.8,1375,17.95,1375,0,1515250
ICICIBANK30Jan20540PE.NFO,07/01/2020,11:02:01,18.5,17.65,1375,17.85,2750,0,1515250
ICICIBANK30Jan20540PE.NFO,07/01/2020,11:02:08,18.5,17.5,4125,17.7,1375,0,1515250
ICICIBANK30Jan20540PE.NFO,07/01/2020,11:02:15,18.5,17.65,2750,17.85,1375,0,1515250
ICICIBANK30Jan20540PE.NFO,07/01/2020,11:02:21,17.65,17.7,2750,17.9,1375,1375,1515250
ICICIBANK30Jan20540PE.NFO,07/01/2020,11:02:27,17.65,17.8,2750,18.05,2750,0,1515250
ICICIBANK30Jan20540PE.NFO,07/01/2020,11:02:34,17.65,17.75,2750,17.95,1375,0,1515250
ICICIBANK30Jan20540PE.NFO,07/01/2020,11:02:40,17.65,17.55,2750,17.8,2750,0,1515250
ICICIBANK30Jan20540PE.NFO,07/01/2020,11:02:46,17.65,17.85,1375,18.05,4125,0,1515250
ICICIBANK30Jan20540PE.NFO,07/01/2020,11:02:53,17.65,17.85,1375,18.1,8250,0,1515250
ICICIBANK30Jan20540PE.NFO,07/01/2020,11:02:59,17.65,17.95,2750,18.2,1375,0,1515250
ICICIBANK30Jan20540PE.NFO,07/01/2020,11:03:06,18.1,18.05,1375,18.3,1375,1375,1515250
ICICIBANK30Jan20540PE.NFO,07/01/2020,11:03:13,18.1,18.1,2750,18.35,4125,0,1515250
ICICIBANK30Jan20540PE.NFO,07/01/2020,11:03:20,18.1,18.2,2750,18.45,2750,0,1515250
ICICIBANK30Jan20540PE.NFO,07/01/2020,11:03:26,18.1,18.15,2750,18.35,1375,0,1515250
ICICIBANK30Jan20540PE.NFO,07/01/2020,11:03:32,18.1,18.2,2750,18.45,4125,0,1515250
ICICIBANK30Jan20540PE.NFO,07/01/2020,11:03:39,18.1,18.3,1375,18.5,2750,0,1515250
ICICIBANK30Jan20540PE.NFO,07/01/2020,11:03:47,18.1,18.1,1375,18.3,1375,0,1515250
ICICIBANK30Jan20540PE.NFO,07/01/2020,11:03:54,18.1,18.05,2750,18.3,4125,0,1515250
ICICIBANK30Jan20540PE.NFO,07/01/2020,11:04:01,18.1,17.9,2750,18.1,2750,0,1515250
ICICIBANK30Jan20540PE.NFO,07/01/2020,11:04:07,18.1,17.9,2750,18.15,4125,0,1515250
ICICIBANK30Jan20540PE.NFO,07/01/2020,11:04:14,18.1,17.9,2750,18.1,1375,0,1515250
ICICIBANK30Jan20540PE.NFO,07/01/2020,11:04:20,18.1,17.85,2750,18.05,5500,0,1515250
ICICIBANK30Jan20540PE.NFO,07/01/2020,11:04:33,18.1,18.05,1375,18.2,1375,0,1515250
ICICIBANK30Jan20540PE.NFO,07/01/2020,11:04:40,18.15,18.05,2750,18.3,2750,2750,1515250
ICICIBANK30Jan20540PE.NFO,07/01/2020,11:04:47,18.15,18.05,2750,18.25,1375,0,1515250
ICICIBANK30Jan20540PE.NFO,07/01/2020,11:04:54,18.15,17.9,2750,18.15,6875,0,1515250
ICICIBANK30Jan20540PE.NFO,07/01/2020,11:05:01,18.15,17.9,2750,18.1,1375,0,1515250
ICICIBANK30Jan20540PE.NFO,07/01/2020,11:05:08,18.15,18,2750,18.15,1375,0,1515250
ICICIBANK30Jan20540PE.NFO,07/01/2020,11:05:15,18.15,17.6,16500,18.2,1375,0,1515250
ICICIBANK30Jan20540PE.NFO,07/01/2020,11:05:22,18.15,18,1375,18.15,1375,0,1515250
ICICIBANK30Jan20540PE.NFO,07/01/2020,11:05:29,18.15,18,1375,18.15,2750,0,1515250
ICICIBANK30Jan20540PE.NFO,07/01/2020,11:05:35,17.85,17.85,1375,18,4125,1375,1515250
ICICIBANK30Jan20540PE.NFO,07/01/2020,11:05:43,18,17.9,1375,18.05,2750,1375,1516625
ICICIBANK30Jan20540PE.NFO,07/01/2020,11:05:49,18,17.9,1375,18.05,2750,0,1516625
ICICIBANK30Jan20540PE.NFO,07/01/2020,11:05:57,18,17.75,1375,17.95,4125,0,1516625
ICICIBANK30Jan20540PE.NFO,07/01/2020,11:06:03,18,17.65,1375,17.85,4125,0,1516625
ICICIBANK30Jan20540PE.NFO,07/01/2020,11:06:10,18,17.55,1375,17.75,4125,0,1516625
ICICIBANK30Jan20540PE.NFO,07/01/2020,11:06:17,18,17.65,1375,17.8,2750,0,1516625
ICICIBANK30Jan20540PE.NFO,07/01/2020,11:06:23,18,17.65,1375,17.75,1375,0,1516625
ICICIBANK30Jan20540PE.NFO,07/01/2020,11:06:29,18,17.65,1375,17.8,2750,0,1516625
ICICIBANK30Jan20540PE.NFO,07/01/2020,11:06:34,18,17.7,1375,17.9,4125,0,1516625
ICICIBANK30Jan20540PE.NFO,07/01/2020,11:06:40,18,17.7,1375,17.9,2750,0,1516625
ICICIBANK30Jan20540PE.NFO,07/01/2020,11:06:45,17.5,17.75,1375,17.9,4125,6875,1516625
ICICIBANK30Jan20540PE.NFO,07/01/2020,11:06:50,17.5,17.75,2750,17.9,1375,0,1516625
ICICIBANK30Jan20540PE.NFO,07/01/2020,11:07:00,17.5,17.75,1375,17.85,2750,0,1516625
ICICIBANK30Jan20540PE.NFO,07/01/2020,11:07:05,17.5,17.75,1375,17.9,1375,0,1516625
ICICIBANK30Jan20540PE.NFO,07/01/2020,11:07:11,17.75,17.7,1375,17.95,4125,11000,1516625
ICICIBANK30Jan20540PE.NFO,07/01/2020,11:07:15,17.75,17.85,1375,17.95,4125,0,1516625
ICICIBANK30Jan20540PE.NFO,07/01/2020,11:07:21,17.85,17.6,1375,17.8,1375,1375,1516625
ICICIBANK30Jan20540PE.NFO,07/01/2020,11:07:26,17.85,17.5,1375,17.75,2750,0,1516625
ICICIBANK30Jan20540PE.NFO,07/01/2020,11:07:31,17.85,17.55,1375,17.7,1375,0,1516625
ICICIBANK30Jan20540PE.NFO,07/01/2020,11:07:36,17.85,17.5,1375,17.65,1375,0,1516625
ICICIBANK30Jan20540PE.NFO,07/01/2020,11:07:42,17.85,17.55,1375,17.75,2750,0,1516625
ICICIBANK30Jan20540PE.NFO,07/01/2020,11:07:48,17.85,17.5,1375,17.7,1375,0,1516625
ICICIBANK30Jan20540PE.NFO,07/01/2020,11:07:53,17.85,17.6,1375,17.75,2750,0,1516625
ICICIBANK30Jan20540PE.NFO,07/01/2020,11:07:58,17.85,17.65,1375,17.8,2750,0,1516625
ICICIBANK30Jan20540PE.NFO,07/01/2020,11:08:03,17.85,17.75,1375,17.95,1375,0,1516625
ICICIBANK30Jan20540PE.NFO,07/01/2020,11:08:08,17.85,17.75,1375,17.9,2750,0,1516625
ICICIBANK30Jan20540PE.NFO,07/01/2020,11:08:17,17.85,17.7,1375,17.85,2750,0,1516625
ICICIBANK30Jan20540PE.NFO,07/01/2020,11:08:23,17.85,17.65,1375,17.8,1375,0,1516625
ICICIBANK30Jan20540PE.NFO,07/01/2020,11:08:28,17.85,17.6,1375,17.75,2750,0,1516625
ICICIBANK30Jan20540PE.NFO,07/01/2020,11:08:39,17.85,17.7,1375,17.85,2750,0,1516625
ICICIBANK30Jan20540PE.NFO,07/01/2020,11:08:43,17.85,17.65,1375,17.8,2750,0,1516625
ICICIBANK30Jan20540PE.NFO,07/01/2020,11:08:48,17.85,17.6,1375,17.75,2750,0,1516625
ICICIBANK30Jan20540PE.NFO,07/01/2020,11:08:58,17.7,17.65,1375,17.75,1375,1375,1513875
ICICIBANK30Jan20540PE.NFO,07/01/2020,11:09:03,17.7,17.6,1375,17.75,2750,0,1513875
ICICIBANK30Jan20540PE.NFO,07/01/2020,11:09:08,17.7,17.6,1375,17.75,1375,0,1513875
ICICIBANK30Jan20540PE.NFO,07/01/2020,11:09:12,17.7,17.55,1375,17.75,2750,0,1513875
ICICIBANK30Jan20540PE.NFO,07/01/2020,11:09:17,17.7,17.65,1375,17.7,1375,0,1513875
ICICIBANK30Jan20540PE.NFO,07/01/2020,11:09:23,17.7,17.65,2750,17.75,1375,0,1513875
ICICIBANK30Jan20540PE.NFO,07/01/2020,11:09:27,17.7,17.65,2750,17.8,1375,0,1513875
ICICIBANK30Jan20540PE.NFO,07/01/2020,11:09:32,17.75,17.65,1375,17.85,5500,1375,1513875
ICICIBANK30Jan20540PE.NFO,07/01/2020,11:09:36,17.75,17.7,1375,17.8,1375,0,1513875
ICICIBANK30Jan20540PE.NFO,07/01/2020,11:10:06,17.75,17.7,2750,17.85,2750,0,1513875
ICICIBANK30Jan20540PE.NFO,07/01/2020,11:10:10,17.75,17.7,2750,17.85,1375,0,1513875
ICICIBANK30Jan20540PE.NFO,07/01/2020,11:10:15,17.75,17.7,2750,17.85,2750,0,1513875
ICICIBANK30Jan20540PE.NFO,07/01/2020,11:10:20,17.75,17.7,2750,17.85,1375,0,1513875
ICICIBANK30Jan20540PE.NFO,07/01/2020,11:10:30,17.75,17.8,1375,17.95,2750,0,1513875
ICICIBANK30Jan20540PE.NFO,07/01/2020,11:10:34,17.75,17.75,1375,17.9,2750,0,1513875
ICICIBANK30Jan20540PE.NFO,07/01/2020,11:10:38,17.75,17.8,1375,17.95,2750,0,1513875
ICICIBANK30Jan20540PE.NFO,07/01/2020,11:10:42,17.75,17.75,2750,17.95,2750,0,1513875
ICICIBANK30Jan20540PE.NFO,07/01/2020,11:10:50,17.75,17.8,1375,17.95,2750,0,1513875
ICICIBANK30Jan20540PE.NFO,07/01/2020,11:11:01,17.75,17.9,1375,18.05,1375,0,1513875
ICICIBANK30Jan20540PE.NFO,07/01/2020,11:11:06,17.75,18,1375,18.15,1375,0,1513875
ICICIBANK30Jan20540PE.NFO,07/01/2020,11:11:12,17.75,17.95,2750,18.15,1375,0,1513875
ICICIBANK30Jan20540PE.NFO,07/01/2020,11:11:24,17.75,18,1375,18.2,4125,0,1513875
ICICIBANK30Jan20540PE.NFO,07/01/2020,11:11:32,17.75,18,2750,18.25,4125,0,1513875
ICICIBANK30Jan20540PE.NFO,07/01/2020,11:11:39,17.75,18.1,1375,18.25,2750,0,1513875
ICICIBANK30Jan20540PE.NFO,07/01/2020,11:11:46,17.75,18.1,1375,18.25,4125,0,1513875
ICICIBANK30Jan20540PE.NFO,07/01/2020,11:11:52,18.1,18,1375,18.2,2750,1375,1513875
ICICIBANK30Jan20540PE.NFO,07/01/2020,11:11:58,18.1,18.1,1375,18.35,2750,0,1513875
ICICIBANK30Jan20540PE.NFO,07/01/2020,11:12:07,18.3,18.05,1375,18.3,5500,1375,1513875
ICICIBANK30Jan20540PE.NFO,07/01/2020,11:12:12,18.3,18.05,2750,18.25,1375,0,1513875
ICICIBANK30Jan20540PE.NFO,07/01/2020,11:12:14,18.3,18.1,1375,18.3,5500,0,1513875
ICICIBANK30Jan20540PE.NFO,07/01/2020,11:12:19,18.3,18.1,2750,18.3,5500,0,1513875
ICICIBANK30Jan20540PE.NFO,07/01/2020,11:12:22,18.3,18.1,1375,18.25,2750,0,1513875
ICICIBANK30Jan20540PE.NFO,07/01/2020,11:12:23,18.3,18.1,1375,18.25,4125,0,1513875
ICICIBANK30Jan20540PE.NFO,07/01/2020,11:12:25,18.3,18.1,1375,18.25,2750,0,1513875
ICICIBANK30Jan20540PE.NFO,07/01/2020,11:12:26,18.3,18.1,1375,18.25,4125,0,1513875
ICICIBANK30Jan20540PE.NFO,07/01/2020,11:12:28,18.1,18,1375,18.2,2750,1375,1513875
ICICIBANK30Jan20540PE.NFO,07/01/2020,11:12:28,18.1,17.85,1375,18.1,4125,0,1513875
ICICIBANK30Jan20540PE.NFO,07/01/2020,11:12:29,18.1,17.9,1375,18.1,5500,0,1513875
ICICIBANK30Jan20540PE.NFO,07/01/2020,11:12:31,18.1,17.9,1375,18.1,4125,0,1513875
ICICIBANK30Jan20540PE.NFO,07/01/2020,11:12:34,18.1,17.9,1375,18.1,1375,0,1513875
ICICIBANK30Jan20540PE.NFO,07/01/2020,11:12:35,18.1,17.95,1375,18.15,2750,0,1513875
ICICIBANK30Jan20540PE.NFO,07/01/2020,11:12:36,18.1,17.95,2750,18.15,2750,0,1513875
ICICIBANK30Jan20540PE.NFO,07/01/2020,11:12:38,18.1,17.9,2750,18.15,2750,0,1513875
ICICIBANK30Jan20540PE.NFO,07/01/2020,11:12:39,18.1,18,1375,18.2,4125,0,1513875
ICICIBANK30Jan20540PE.NFO,07/01/2020,11:12:40,18.1,18,1375,18.2,1375,0,1513875
ICICIBANK30Jan20540PE.NFO,07/01/2020,11:12:43,18.1,17.95,2750,18.15,1375,0,1513875
ICICIBANK30Jan20540PE.NFO,07/01/2020,11:12:45,18.1,17.95,2750,18.2,4125,0,1513875
ICICIBANK30Jan20540PE.NFO,07/01/2020,11:12:46,18.1,17.9,2750,18.15,6875,0,1513875
ICICIBANK30Jan20540PE.NFO,07/01/2020,11:12:49,18.1,17.9,2750,18.15,2750,0,1513875
ICICIBANK30Jan20540PE.NFO,07/01/2020,11:12:50,18.1,17.85,2750,18.1,2750,0,1513875
ICICIBANK30Jan20540PE.NFO,07/01/2020,11:12:51,18.1,17.85,1375,18.05,2750,0,1513875
ICICIBANK30Jan20540PE.NFO,07/01/2020,11:12:53,18.1,17.8,2750,18.05,5500,0,1513875
ICICIBANK30Jan20540PE.NFO,07/01/2020,11:12:54,18.1,17.8,2750,18,2750,0,1513875
ICICIBANK30Jan20540PE.NFO,07/01/2020,11:12:57,18.1,17.8,1375,18,1375,0,1513875
ICICIBANK30Jan20540PE.NFO,07/01/2020,11:13:01,18.1,17.8,1375,18,2750,0,1513875
ICICIBANK30Jan20540PE.NFO,07/01/2020,11:13:02,18.1,17.8,1375,18,1375,0,1513875
ICICIBANK30Jan20540PE.NFO,07/01/2020,11:13:03,18.1,17.8,1375,18,2750,0,1513875
ICICIBANK30Jan20540PE.NFO,07/01/2020,11:13:05,18.1,17.8,2750,18,2750,0,1513875
ICICIBANK30Jan20540PE.NFO,07/01/2020,11:13:07,18.1,17.85,2750,18.05,4125,0,1513875
