Ticker,Date,Time,LTP,BuyPrice,BuyQty,SellPrice,SellQty,LTQ,OpenInterest
ICICIPRULI30Jan20480PE.NFO,07/01/2020,09:42:11,12.3,12.05,1500,12.55,1500,1500,0
ICICIPRULI30Jan20480PE.NFO,07/01/2020,09:42:11,12.3,12.05,1500,12.55,1500,0,0
ICICIPRULI30Jan20480PE.NFO,07/01/2020,09:42:11,12.3,12.05,1500,12.55,1500,0,0
ICICIPRULI30Jan20480PE.NFO,07/01/2020,09:42:11,12.3,12.05,1500,12.55,1500,0,0
ICICIPRULI30Jan20480PE.NFO,07/01/2020,09:42:17,12.3,12.05,1500,12.5,1500,0,190500
ICICIPRULI30Jan20480PE.NFO,07/01/2020,09:42:24,12.3,12,3000,12.4,1500,0,190500
ICICIPRULI30Jan20480PE.NFO,07/01/2020,09:42:38,12.3,12.05,1500,12.4,1500,0,190500
ICICIPRULI30Jan20480PE.NFO,07/01/2020,09:42:45,12.3,12.1,1500,12.4,1500,0,190500
ICICIPRULI30Jan20480PE.NFO,07/01/2020,09:42:51,12.4,12.2,1500,12.55,1500,1500,190500
ICICIPRULI30Jan20480PE.NFO,07/01/2020,09:42:51,12.4,12.2,1500,12.55,1500,0,190500
ICICIPRULI30Jan20480PE.NFO,07/01/2020,09:42:57,12.4,12.1,3000,12.5,1500,0,190500
ICICIPRULI30Jan20480PE.NFO,07/01/2020,09:43:09,12.4,12.1,1500,12.55,3000,0,190500
ICICIPRULI30Jan20480PE.NFO,07/01/2020,09:43:25,12.4,11.95,1500,12.55,3000,0,190500
ICICIPRULI30Jan20480PE.NFO,07/01/2020,09:43:30,12.4,12,1500,12.55,3000,0,190500
ICICIPRULI30Jan20480PE.NFO,07/01/2020,09:43:39,12.4,11.9,1500,12.55,3000,0,190500
ICICIPRULI30Jan20480PE.NFO,07/01/2020,09:43:49,12.4,11.95,1500,12.55,3000,0,190500
ICICIPRULI30Jan20480PE.NFO,07/01/2020,09:43:53,12.4,11.65,3000,12.15,3000,0,190500
ICICIPRULI30Jan20480PE.NFO,07/01/2020,09:43:57,12.4,11.5,3000,12.05,3000,0,190500
ICICIPRULI30Jan20480PE.NFO,07/01/2020,09:44:02,12.4,11.5,1500,12.05,3000,0,190500
ICICIPRULI30Jan20480PE.NFO,07/01/2020,09:44:08,12.4,11.5,3000,12.05,3000,0,190500
ICICIPRULI30Jan20480PE.NFO,07/01/2020,09:44:13,12.4,11.5,1500,12.05,3000,0,190500
ICICIPRULI30Jan20480PE.NFO,07/01/2020,09:44:19,12.4,11.6,3000,12.05,3000,0,190500
ICICIPRULI30Jan20480PE.NFO,07/01/2020,09:44:24,12.4,11.65,6000,12.1,1500,0,190500
ICICIPRULI30Jan20480PE.NFO,07/01/2020,09:44:30,12.4,11.75,1500,12.2,3000,0,190500
ICICIPRULI30Jan20480PE.NFO,07/01/2020,09:44:45,12.4,11.45,4500,11.9,3000,0,190500
ICICIPRULI30Jan20480PE.NFO,07/01/2020,09:44:50,12.4,11.5,1500,11.9,1500,0,190500
ICICIPRULI30Jan20480PE.NFO,07/01/2020,09:44:55,12.4,11.45,1500,12,3000,0,190500
ICICIPRULI30Jan20480PE.NFO,07/01/2020,09:45:00,12.4,11.55,1500,12,3000,0,190500
ICICIPRULI30Jan20480PE.NFO,07/01/2020,09:45:06,12.4,11.4,4500,12,3000,0,190500
ICICIPRULI30Jan20480PE.NFO,07/01/2020,09:45:12,12.4,11.55,1500,12,3000,0,190500
ICICIPRULI30Jan20480PE.NFO,07/01/2020,09:45:19,12.4,11.5,3000,12,3000,0,190500
ICICIPRULI30Jan20480PE.NFO,07/01/2020,09:45:25,12.4,11.65,1500,12.05,1500,0,190500
ICICIPRULI30Jan20480PE.NFO,07/01/2020,09:45:31,12.4,11.65,1500,12.1,1500,0,190500
ICICIPRULI30Jan20480PE.NFO,07/01/2020,09:45:37,12.4,11.65,3000,12.1,3000,0,190500
ICICIPRULI30Jan20480PE.NFO,07/01/2020,09:45:54,12.4,11.7,1500,12.1,1500,0,190500
ICICIPRULI30Jan20480PE.NFO,07/01/2020,09:46:00,12.4,11.5,1500,12.1,3000,0,190500
ICICIPRULI30Jan20480PE.NFO,07/01/2020,09:46:05,12.4,11.45,1500,12.1,3000,0,190500
ICICIPRULI30Jan20480PE.NFO,07/01/2020,09:46:11,12.4,11.55,1500,12.1,3000,0,190500
ICICIPRULI30Jan20480PE.NFO,07/01/2020,09:46:16,12.4,11.6,1500,12.1,3000,0,190500
ICICIPRULI30Jan20480PE.NFO,07/01/2020,09:46:25,12.4,11.65,1500,12.1,3000,0,190500
ICICIPRULI30Jan20480PE.NFO,07/01/2020,09:46:36,12.4,11.6,1500,12.1,3000,0,190500
ICICIPRULI30Jan20480PE.NFO,07/01/2020,09:46:41,12.4,11.65,1500,12.1,3000,0,190500
ICICIPRULI30Jan20480PE.NFO,07/01/2020,09:46:50,12.4,11.7,1500,12.1,3000,0,190500
ICICIPRULI30Jan20480PE.NFO,07/01/2020,09:47:08,12.4,11.7,3000,12.1,3000,0,190500
ICICIPRULI30Jan20480PE.NFO,07/01/2020,09:47:30,12.4,11.65,1500,12.1,3000,0,190500
ICICIPRULI30Jan20480PE.NFO,07/01/2020,09:48:04,12.4,11.7,3000,12.1,3000,0,190500
ICICIPRULI30Jan20480PE.NFO,07/01/2020,09:48:11,12.4,11.85,1500,12.2,1500,0,190500
ICICIPRULI30Jan20480PE.NFO,07/01/2020,09:48:15,12.4,11.8,1500,12.15,3000,0,190500
ICICIPRULI30Jan20480PE.NFO,07/01/2020,09:48:19,12.4,11.8,1500,12.15,1500,0,190500
ICICIPRULI30Jan20480PE.NFO,07/01/2020,09:48:23,12.4,11.8,1500,12.15,3000,0,190500
ICICIPRULI30Jan20480PE.NFO,07/01/2020,09:48:27,12.4,12,1500,12.15,3000,0,190500
ICICIPRULI30Jan20480PE.NFO,07/01/2020,09:48:44,12.4,12,1500,12.2,1500,0,190500
ICICIPRULI30Jan20480PE.NFO,07/01/2020,09:48:53,12.4,12,1500,12.25,1500,0,190500
ICICIPRULI30Jan20480PE.NFO,07/01/2020,09:49:46,12.4,12,1500,12.15,1500,0,190500
ICICIPRULI30Jan20480PE.NFO,07/01/2020,09:50:11,12.4,12,1500,12.2,3000,0,190500
ICICIPRULI30Jan20480PE.NFO,07/01/2020,09:50:31,12.4,11.8,4500,12.2,3000,0,190500
ICICIPRULI30Jan20480PE.NFO,07/01/2020,09:50:36,12.4,11.9,1500,12.2,1500,0,190500
ICICIPRULI30Jan20480PE.NFO,07/01/2020,09:50:42,12.4,11.9,1500,12.25,1500,0,190500
ICICIPRULI30Jan20480PE.NFO,07/01/2020,09:50:53,12.4,12,1500,12.25,1500,0,190500
ICICIPRULI30Jan20480PE.NFO,07/01/2020,09:51:02,12.4,12,1500,12.2,3000,0,190500
ICICIPRULI30Jan20480PE.NFO,07/01/2020,09:51:23,12,11.65,3000,12.2,3000,1500,190500
ICICIPRULI30Jan20480PE.NFO,07/01/2020,09:51:23,12,11.65,3000,12.2,3000,0,190500
ICICIPRULI30Jan20480PE.NFO,07/01/2020,09:51:28,12,11.65,3000,12.2,3000,0,190500
ICICIPRULI30Jan20480PE.NFO,07/01/2020,09:51:33,12,11.65,3000,12.2,4500,0,190500
ICICIPRULI30Jan20480PE.NFO,07/01/2020,09:51:47,12,11.5,3000,12.2,4500,0,190500
ICICIPRULI30Jan20480PE.NFO,07/01/2020,09:51:52,12,11.65,3000,12.2,4500,0,190500
ICICIPRULI30Jan20480PE.NFO,07/01/2020,09:51:59,12,11.65,1500,12.2,4500,0,190500
ICICIPRULI30Jan20480PE.NFO,07/01/2020,09:52:03,12,11.7,1500,12.2,3000,0,190500
ICICIPRULI30Jan20480PE.NFO,07/01/2020,09:52:07,12,11.8,1500,12.2,3000,0,190500
ICICIPRULI30Jan20480PE.NFO,07/01/2020,09:52:11,12,11.8,1500,12.2,1500,0,190500
ICICIPRULI30Jan20480PE.NFO,07/01/2020,09:52:20,12,11.8,1500,12.25,1500,0,190500
ICICIPRULI30Jan20480PE.NFO,07/01/2020,09:52:24,12,11.9,1500,12.25,1500,0,190500
ICICIPRULI30Jan20480PE.NFO,07/01/2020,09:52:29,12,11.9,1500,12.25,3000,0,190500
ICICIPRULI30Jan20480PE.NFO,07/01/2020,09:52:34,12,11.8,1500,12.25,3000,0,190500
ICICIPRULI30Jan20480PE.NFO,07/01/2020,09:52:39,12,11.8,1500,12.15,1500,0,190500
ICICIPRULI30Jan20480PE.NFO,07/01/2020,09:52:43,12,11.8,1500,12.2,3000,0,190500
ICICIPRULI30Jan20480PE.NFO,07/01/2020,09:52:55,12,11.8,1500,12.2,1500,0,190500
ICICIPRULI30Jan20480PE.NFO,07/01/2020,09:53:04,12,11.95,1500,12.3,1500,0,190500
ICICIPRULI30Jan20480PE.NFO,07/01/2020,09:53:30,12,12,1500,12.3,1500,0,190500
ICICIPRULI30Jan20480PE.NFO,07/01/2020,09:53:40,12.3,12.05,1500,12.45,3000,1500,190500
ICICIPRULI30Jan20480PE.NFO,07/01/2020,09:53:45,12.3,12.05,1500,12.45,3000,0,190500
ICICIPRULI30Jan20480PE.NFO,07/01/2020,09:54:03,12.3,12,1500,12.45,3000,0,190500
ICICIPRULI30Jan20480PE.NFO,07/01/2020,09:54:07,12.3,12.05,1500,12.45,3000,0,190500
ICICIPRULI30Jan20480PE.NFO,07/01/2020,09:54:17,12.3,12.05,1500,12.45,1500,0,190500
ICICIPRULI30Jan20480PE.NFO,07/01/2020,09:54:39,12.3,12,1500,12.45,1500,0,190500
ICICIPRULI30Jan20480PE.NFO,07/01/2020,09:54:44,12.3,12,1500,12.4,3000,0,190500
ICICIPRULI30Jan20480PE.NFO,07/01/2020,09:55:28,12.3,12,1500,12.4,1500,0,190500
ICICIPRULI30Jan20480PE.NFO,07/01/2020,09:55:37,12.3,12,3000,12.4,1500,0,190500
ICICIPRULI30Jan20480PE.NFO,07/01/2020,09:55:41,12.3,12.05,1500,12.45,3000,0,190500
ICICIPRULI30Jan20480PE.NFO,07/01/2020,09:56:05,12.3,12.1,1500,12.45,1500,0,190500
ICICIPRULI30Jan20480PE.NFO,07/01/2020,09:56:10,12.3,12.1,3000,12.55,1500,0,190500
ICICIPRULI30Jan20480PE.NFO,07/01/2020,09:56:15,12.3,12.15,1500,12.55,1500,0,190500
ICICIPRULI30Jan20480PE.NFO,07/01/2020,09:56:20,12.3,12.1,1500,12.55,3000,0,190500
ICICIPRULI30Jan20480PE.NFO,07/01/2020,09:56:26,12.3,12.2,1500,12.6,1500,0,190500
ICICIPRULI30Jan20480PE.NFO,07/01/2020,09:56:32,12.3,12.2,3000,12.7,1500,0,190500
ICICIPRULI30Jan20480PE.NFO,07/01/2020,09:56:37,12.3,12.25,1500,12.7,1500,0,190500
ICICIPRULI30Jan20480PE.NFO,07/01/2020,09:56:59,12.3,12.25,1500,12.65,1500,0,190500
ICICIPRULI30Jan20480PE.NFO,07/01/2020,09:57:12,12.3,12.1,3000,12.6,3000,0,190500
ICICIPRULI30Jan20480PE.NFO,07/01/2020,09:57:16,12.3,12.15,1500,12.55,1500,0,190500
ICICIPRULI30Jan20480PE.NFO,07/01/2020,09:57:20,12.3,12.15,1500,12.55,3000,0,190500
ICICIPRULI30Jan20480PE.NFO,07/01/2020,09:57:25,12.3,12.15,1500,12.6,1500,0,190500
ICICIPRULI30Jan20480PE.NFO,07/01/2020,09:57:45,12.3,12.15,1500,12.55,3000,0,190500
ICICIPRULI30Jan20480PE.NFO,07/01/2020,09:57:49,12.3,12.1,3000,12.55,3000,0,190500
ICICIPRULI30Jan20480PE.NFO,07/01/2020,09:57:54,12.3,12.1,1500,12.55,3000,0,190500
ICICIPRULI30Jan20480PE.NFO,07/01/2020,09:57:59,12.3,12.1,1500,12.55,1500,0,190500
ICICIPRULI30Jan20480PE.NFO,07/01/2020,09:58:04,12.3,12.1,3000,12.6,1500,0,190500
ICICIPRULI30Jan20480PE.NFO,07/01/2020,09:58:09,12.3,12.1,1500,12.55,3000,0,190500
ICICIPRULI30Jan20480PE.NFO,07/01/2020,09:58:13,12.3,12.2,1500,12.55,1500,0,190500
ICICIPRULI30Jan20480PE.NFO,07/01/2020,09:58:21,12.3,12.2,3000,12.55,1500,0,190500
ICICIPRULI30Jan20480PE.NFO,07/01/2020,09:58:55,12.3,12.2,3000,12.6,1500,0,190500
ICICIPRULI30Jan20480PE.NFO,07/01/2020,09:59:45,12.3,12.25,1500,12.6,1500,0,190500
ICICIPRULI30Jan20480PE.NFO,07/01/2020,09:59:50,12.3,12.25,1500,12.55,3000,0,190500
ICICIPRULI30Jan20480PE.NFO,07/01/2020,09:59:56,12.3,12.25,1500,12.55,1500,0,190500
ICICIPRULI30Jan20480PE.NFO,07/01/2020,10:00:01,12.3,12.25,1500,12.6,1500,0,190500
ICICIPRULI30Jan20480PE.NFO,07/01/2020,10:00:39,12.3,12.25,1500,12.65,3000,0,190500
ICICIPRULI30Jan20480PE.NFO,07/01/2020,10:00:46,12.3,12.3,1500,12.65,3000,0,190500
ICICIPRULI30Jan20480PE.NFO,07/01/2020,10:00:53,12.3,12.3,1500,12.65,1500,0,190500
ICICIPRULI30Jan20480PE.NFO,07/01/2020,10:00:59,12.3,12.3,1500,12.7,1500,0,190500
ICICIPRULI30Jan20480PE.NFO,07/01/2020,10:01:11,12.3,12.3,1500,12.65,1500,0,190500
ICICIPRULI30Jan20480PE.NFO,07/01/2020,10:01:18,12.3,12.3,1500,12.7,3000,0,190500
ICICIPRULI30Jan20480PE.NFO,07/01/2020,10:01:48,12.3,12.3,1500,12.7,1500,0,190500
ICICIPRULI30Jan20480PE.NFO,07/01/2020,10:01:53,12.3,12.3,1500,12.75,3000,0,190500
ICICIPRULI30Jan20480PE.NFO,07/01/2020,10:01:59,12.3,12.3,3000,12.8,1500,0,190500
ICICIPRULI30Jan20480PE.NFO,07/01/2020,10:02:09,12.3,12.4,1500,12.8,1500,0,190500
ICICIPRULI30Jan20480PE.NFO,07/01/2020,10:02:15,12.3,12.3,1500,12.75,4500,0,190500
ICICIPRULI30Jan20480PE.NFO,07/01/2020,10:02:58,12.3,12.4,1500,12.85,1500,0,190500
ICICIPRULI30Jan20480PE.NFO,07/01/2020,10:03:03,12.3,12.5,3000,12.95,1500,0,190500
ICICIPRULI30Jan20480PE.NFO,07/01/2020,10:03:08,12.3,12.5,4500,13,3000,0,190500
ICICIPRULI30Jan20480PE.NFO,07/01/2020,10:03:12,12.3,12.6,1500,13,1500,0,190500
ICICIPRULI30Jan20480PE.NFO,07/01/2020,10:03:17,12.3,12.55,1500,13,1500,0,190500
ICICIPRULI30Jan20480PE.NFO,07/01/2020,10:03:27,12.3,12.6,1500,13,1500,0,190500
ICICIPRULI30Jan20480PE.NFO,07/01/2020,10:03:36,12.3,12.6,1500,13.05,1500,0,190500
ICICIPRULI30Jan20480PE.NFO,07/01/2020,10:03:40,12.3,12.6,1500,13,1500,0,190500
ICICIPRULI30Jan20480PE.NFO,07/01/2020,10:03:59,12.3,12.55,1500,13,1500,0,190500
ICICIPRULI30Jan20480PE.NFO,07/01/2020,10:04:04,13,12.55,1500,13.05,3000,1500,190500
ICICIPRULI30Jan20480PE.NFO,07/01/2020,10:04:04,13,12.55,1500,13.05,3000,0,190500
ICICIPRULI30Jan20480PE.NFO,07/01/2020,10:04:13,13,12.55,1500,13.05,3000,0,190500
ICICIPRULI30Jan20480PE.NFO,07/01/2020,10:04:21,13,12.5,3000,13.05,3000,0,190500
ICICIPRULI30Jan20480PE.NFO,07/01/2020,10:04:30,13,12.5,1500,13.05,3000,0,190500
ICICIPRULI30Jan20480PE.NFO,07/01/2020,10:04:53,13,12.55,1500,13.05,3000,0,190500
ICICIPRULI30Jan20480PE.NFO,07/01/2020,10:04:58,13,12.65,1500,13.1,1500,0,190500
ICICIPRULI30Jan20480PE.NFO,07/01/2020,10:05:24,13,12.65,1500,13.15,3000,0,190500
ICICIPRULI30Jan20480PE.NFO,07/01/2020,10:05:34,13,12.8,1500,13.2,1500,0,190500
ICICIPRULI30Jan20480PE.NFO,07/01/2020,10:05:52,13,12.7,1500,13.15,1500,0,190500
ICICIPRULI30Jan20480PE.NFO,07/01/2020,10:05:58,13,12.7,1500,13.2,1500,0,190500
ICICIPRULI30Jan20480PE.NFO,07/01/2020,10:06:03,13,12.7,1500,13.1,1500,0,190500
ICICIPRULI30Jan20480PE.NFO,07/01/2020,10:06:08,13,12.75,1500,13.15,1500,0,190500
ICICIPRULI30Jan20480PE.NFO,07/01/2020,10:06:19,13,12.75,1500,13.2,1500,0,190500
ICICIPRULI30Jan20480PE.NFO,07/01/2020,10:06:31,13,12.7,1500,13.2,1500,0,190500
ICICIPRULI30Jan20480PE.NFO,07/01/2020,10:06:36,13,12.7,1500,13.1,1500,0,190500
ICICIPRULI30Jan20480PE.NFO,07/01/2020,10:06:41,13,12.7,1500,13.15,1500,0,190500
ICICIPRULI30Jan20480PE.NFO,07/01/2020,10:06:47,13,12.75,1500,13.2,1500,0,190500
ICICIPRULI30Jan20480PE.NFO,07/01/2020,10:06:58,13,12.85,1500,13.25,1500,0,190500
ICICIPRULI30Jan20480PE.NFO,07/01/2020,10:07:03,13.3,13.15,1500,13.6,4500,3000,190500
ICICIPRULI30Jan20480PE.NFO,07/01/2020,10:07:03,13.3,13.15,1500,13.6,4500,0,190500
ICICIPRULI30Jan20480PE.NFO,07/01/2020,10:07:09,13.3,13.15,3000,13.65,3000,0,190500
ICICIPRULI30Jan20480PE.NFO,07/01/2020,10:07:21,13.3,13.35,3000,13.85,3000,0,190500
ICICIPRULI30Jan20480PE.NFO,07/01/2020,10:07:27,13.3,13.25,1500,13.75,3000,0,190500
ICICIPRULI30Jan20480PE.NFO,07/01/2020,10:07:37,13.3,13.2,1500,13.7,3000,0,190500
ICICIPRULI30Jan20480PE.NFO,07/01/2020,10:07:42,13.3,13.2,1500,13.7,4500,0,190500
ICICIPRULI30Jan20480PE.NFO,07/01/2020,10:07:47,13.3,13.15,1500,13.65,3000,0,190500
ICICIPRULI30Jan20480PE.NFO,07/01/2020,10:07:52,13.3,13.1,1500,13.65,3000,0,190500
ICICIPRULI30Jan20480PE.NFO,07/01/2020,10:07:57,13.3,13.1,3000,13.55,1500,0,190500
ICICIPRULI30Jan20480PE.NFO,07/01/2020,10:08:02,13.3,13.05,1500,13.55,3000,0,190500
ICICIPRULI30Jan20480PE.NFO,07/01/2020,10:08:34,13.3,12.9,1500,13.55,3000,0,190500
ICICIPRULI30Jan20480PE.NFO,07/01/2020,10:08:40,13.3,12.85,1500,13.55,3000,0,190500
ICICIPRULI30Jan20480PE.NFO,07/01/2020,10:08:49,13.3,12.7,1500,13.55,3000,0,190500
ICICIPRULI30Jan20480PE.NFO,07/01/2020,10:09:01,13.3,12.7,3000,13.55,3000,0,190500
ICICIPRULI30Jan20480PE.NFO,07/01/2020,10:09:19,13.3,12.8,1500,13.55,3000,0,190500
ICICIPRULI30Jan20480PE.NFO,07/01/2020,10:09:44,13.3,12.95,1500,13.55,3000,0,190500
ICICIPRULI30Jan20480PE.NFO,07/01/2020,10:11:40,13.3,12.8,1500,13.55,3000,0,190500
ICICIPRULI30Jan20480PE.NFO,07/01/2020,10:11:56,13.3,12.8,3000,13.55,3000,0,190500
ICICIPRULI30Jan20480PE.NFO,07/01/2020,10:12:06,13.3,12.8,1500,13.55,3000,0,190500
ICICIPRULI30Jan20480PE.NFO,07/01/2020,10:12:18,13.3,12.75,1500,13.55,3000,0,190500
ICICIPRULI30Jan20480PE.NFO,07/01/2020,10:12:56,13.3,12.45,1500,13.05,1500,0,190500
ICICIPRULI30Jan20480PE.NFO,07/01/2020,10:13:02,13.3,12.45,1500,12.95,1500,0,190500
ICICIPRULI30Jan20480PE.NFO,07/01/2020,10:13:52,13.3,12.45,1500,12.9,3000,0,190500
ICICIPRULI30Jan20480PE.NFO,07/01/2020,10:14:32,13.3,12.45,1500,12.9,1500,0,190500
ICICIPRULI30Jan20480PE.NFO,07/01/2020,10:14:37,13.3,12.55,1500,12.9,1500,0,190500
ICICIPRULI30Jan20480PE.NFO,07/01/2020,10:15:12,13.3,12.45,1500,12.9,1500,0,190500
ICICIPRULI30Jan20480PE.NFO,07/01/2020,10:15:47,13.3,12.6,4500,12.95,1500,0,190500
ICICIPRULI30Jan20480PE.NFO,07/01/2020,10:15:53,13.3,12.7,1500,13.15,1500,0,190500
ICICIPRULI30Jan20480PE.NFO,07/01/2020,10:15:59,13.3,12.8,1500,13.2,1500,0,190500
ICICIPRULI30Jan20480PE.NFO,07/01/2020,10:16:13,13.3,12.9,1500,13.25,1500,0,190500
ICICIPRULI30Jan20480PE.NFO,07/01/2020,10:16:25,13.3,12.8,1500,13.25,1500,0,190500
ICICIPRULI30Jan20480PE.NFO,07/01/2020,10:16:55,13.3,12.75,1500,13.25,1500,0,190500
ICICIPRULI30Jan20480PE.NFO,07/01/2020,10:17:16,13.3,12.8,1500,13.25,1500,0,190500
ICICIPRULI30Jan20480PE.NFO,07/01/2020,10:17:28,13.3,12.95,1500,13.25,1500,0,190500
ICICIPRULI30Jan20480PE.NFO,07/01/2020,10:17:43,13.3,12.95,1500,13.35,1500,0,190500
ICICIPRULI30Jan20480PE.NFO,07/01/2020,10:17:53,13.3,12.9,1500,13.35,1500,0,190500
ICICIPRULI30Jan20480PE.NFO,07/01/2020,10:18:27,13.3,12.85,1500,13.25,1500,0,190500
ICICIPRULI30Jan20480PE.NFO,07/01/2020,10:18:31,13.3,12.8,1500,13.25,1500,0,190500
ICICIPRULI30Jan20480PE.NFO,07/01/2020,10:18:57,13.3,12.85,1500,13.25,1500,0,190500
ICICIPRULI30Jan20480PE.NFO,07/01/2020,10:19:01,13.3,12.8,1500,13.25,1500,0,190500
ICICIPRULI30Jan20480PE.NFO,07/01/2020,10:19:11,13.3,12.85,1500,13.25,1500,0,190500
ICICIPRULI30Jan20480PE.NFO,07/01/2020,10:19:20,13.3,12.8,1500,13.25,1500,0,190500
ICICIPRULI30Jan20480PE.NFO,07/01/2020,10:19:46,13.3,12.75,1500,13.25,1500,0,190500
ICICIPRULI30Jan20480PE.NFO,07/01/2020,10:19:50,13.3,12.65,1500,13.15,1500,0,190500
ICICIPRULI30Jan20480PE.NFO,07/01/2020,10:20:07,13.3,12.7,1500,13.15,1500,0,190500
ICICIPRULI30Jan20480PE.NFO,07/01/2020,10:20:15,13.3,12.6,1500,13.15,3000,0,190500
ICICIPRULI30Jan20480PE.NFO,07/01/2020,10:20:29,13.3,12.5,1500,13.15,3000,0,190500
ICICIPRULI30Jan20480PE.NFO,07/01/2020,10:20:33,13.3,12.45,1500,13.15,3000,0,190500
ICICIPRULI30Jan20480PE.NFO,07/01/2020,10:20:37,13.3,12.45,3000,13.15,3000,0,190500
ICICIPRULI30Jan20480PE.NFO,07/01/2020,10:20:41,13.3,12.45,1500,13.15,3000,0,190500
ICICIPRULI30Jan20480PE.NFO,07/01/2020,10:20:46,13.3,12.5,1500,13.15,3000,0,190500
ICICIPRULI30Jan20480PE.NFO,07/01/2020,10:20:50,13.3,12.45,1500,13.15,3000,0,190500
ICICIPRULI30Jan20480PE.NFO,07/01/2020,10:22:09,13.3,12.55,1500,13.15,3000,0,190500
ICICIPRULI30Jan20480PE.NFO,07/01/2020,10:22:40,13.3,12.55,1500,13.1,1500,0,190500
ICICIPRULI30Jan20480PE.NFO,07/01/2020,10:22:46,13.3,12.65,1500,13.05,1500,0,190500
ICICIPRULI30Jan20480PE.NFO,07/01/2020,10:23:07,13.3,12.65,3000,13.05,1500,0,190500
ICICIPRULI30Jan20480PE.NFO,07/01/2020,10:23:15,13.3,12.65,1500,13.05,1500,0,190500
ICICIPRULI30Jan20480PE.NFO,07/01/2020,10:24:06,13.3,12.7,1500,13.05,1500,0,190500
ICICIPRULI30Jan20480PE.NFO,07/01/2020,10:24:14,13.3,12.8,1500,13.1,1500,0,190500
ICICIPRULI30Jan20480PE.NFO,07/01/2020,10:25:19,13.3,12.9,3000,13.2,1500,0,190500
ICICIPRULI30Jan20480PE.NFO,07/01/2020,10:25:32,13.3,12.9,3000,13.25,1500,0,190500
ICICIPRULI30Jan20480PE.NFO,07/01/2020,10:25:37,13.3,13,1500,13.3,1500,0,190500
ICICIPRULI30Jan20480PE.NFO,07/01/2020,10:25:42,13.3,12.95,1500,13.3,1500,0,190500
ICICIPRULI30Jan20480PE.NFO,07/01/2020,10:27:10,13.3,12.9,1500,13.3,1500,0,190500
ICICIPRULI30Jan20480PE.NFO,07/01/2020,10:27:18,13.3,13,1500,13.3,1500,0,190500
ICICIPRULI30Jan20480PE.NFO,07/01/2020,10:27:21,13.3,13.2,1500,13.6,1500,0,190500
ICICIPRULI30Jan20480PE.NFO,07/01/2020,10:27:24,13.3,13.15,3000,13.5,1500,0,190500
ICICIPRULI30Jan20480PE.NFO,07/01/2020,10:27:28,13.3,13.15,1500,13.5,1500,0,190500
ICICIPRULI30Jan20480PE.NFO,07/01/2020,10:27:35,13.3,13.2,1500,13.55,1500,0,190500
ICICIPRULI30Jan20480PE.NFO,07/01/2020,10:27:38,13.3,13.1,1500,13.55,1500,0,190500
ICICIPRULI30Jan20480PE.NFO,07/01/2020,10:27:46,13.3,13.15,1500,13.55,1500,0,190500
ICICIPRULI30Jan20480PE.NFO,07/01/2020,10:28:21,13.3,13.1,1500,13.45,1500,0,190500
ICICIPRULI30Jan20480PE.NFO,07/01/2020,10:28:24,13.3,13.15,1500,13.45,1500,0,190500
ICICIPRULI30Jan20480PE.NFO,07/01/2020,10:28:28,13.3,13.15,1500,13.4,3000,0,190500
ICICIPRULI30Jan20480PE.NFO,07/01/2020,10:28:58,13.3,13.1,1500,13.4,3000,0,190500
ICICIPRULI30Jan20480PE.NFO,07/01/2020,10:29:10,13.3,13.05,1500,13.4,3000,0,190500
ICICIPRULI30Jan20480PE.NFO,07/01/2020,10:29:13,13.3,13.1,1500,13.4,3000,0,190500
ICICIPRULI30Jan20480PE.NFO,07/01/2020,10:30:12,13.3,13.05,1500,13.4,3000,0,190500
ICICIPRULI30Jan20480PE.NFO,07/01/2020,10:31:47,13.3,13.1,1500,13.4,3000,0,190500
ICICIPRULI30Jan20480PE.NFO,07/01/2020,10:32:52,13.3,13.15,1500,13.4,3000,0,190500
ICICIPRULI30Jan20480PE.NFO,07/01/2020,10:33:29,13.3,13.05,3000,13.4,3000,0,190500
ICICIPRULI30Jan20480PE.NFO,07/01/2020,10:33:35,13.3,13.1,1500,13.4,3000,0,190500
ICICIPRULI30Jan20480PE.NFO,07/01/2020,10:34:25,13.3,13.05,1500,13.4,3000,0,190500
ICICIPRULI30Jan20480PE.NFO,07/01/2020,10:34:30,13.3,12.95,1500,13.4,3000,0,190500
ICICIPRULI30Jan20480PE.NFO,07/01/2020,10:34:55,13.3,13.1,1500,13.4,3000,0,190500
ICICIPRULI30Jan20480PE.NFO,07/01/2020,10:35:06,13.3,13.05,1500,13.4,3000,0,190500
ICICIPRULI30Jan20480PE.NFO,07/01/2020,10:35:09,13.3,13.1,1500,13.4,3000,0,190500
ICICIPRULI30Jan20480PE.NFO,07/01/2020,10:35:29,13.3,13.15,1500,13.4,3000,0,190500
ICICIPRULI30Jan20480PE.NFO,07/01/2020,10:36:07,13.3,13.2,1500,13.4,1500,0,190500
ICICIPRULI30Jan20480PE.NFO,07/01/2020,10:36:11,13.3,13.25,1500,13.4,1500,0,190500
ICICIPRULI30Jan20480PE.NFO,07/01/2020,10:36:25,13.3,13.15,3000,13.4,1500,0,190500
ICICIPRULI30Jan20480PE.NFO,07/01/2020,10:36:28,13.25,13.2,1500,13.4,1500,1500,193500
ICICIPRULI30Jan20480PE.NFO,07/01/2020,10:36:56,13.25,13.2,1500,13.4,1500,0,193500
ICICIPRULI30Jan20480PE.NFO,07/01/2020,10:37:02,13.25,13.2,1500,13.35,1500,0,193500
ICICIPRULI30Jan20480PE.NFO,07/01/2020,10:37:17,13.35,13.2,1500,13.4,1500,1500,193500
ICICIPRULI30Jan20480PE.NFO,07/01/2020,10:37:17,13.35,13.2,1500,13.4,1500,0,193500
ICICIPRULI30Jan20480PE.NFO,07/01/2020,10:37:25,13.35,13.2,1500,13.4,1500,0,193500
ICICIPRULI30Jan20480PE.NFO,07/01/2020,10:37:32,13.35,13.15,3000,13.4,1500,0,193500
ICICIPRULI30Jan20480PE.NFO,07/01/2020,10:37:36,13.35,13.2,3000,13.4,1500,0,193500
ICICIPRULI30Jan20480PE.NFO,07/01/2020,10:37:51,13.35,13.2,1500,13.4,1500,0,193500
ICICIPRULI30Jan20480PE.NFO,07/01/2020,10:37:54,13.35,13.15,3000,13.4,1500,0,193500
ICICIPRULI30Jan20480PE.NFO,07/01/2020,10:38:03,13.35,13.15,1500,13.4,1500,0,193500
ICICIPRULI30Jan20480PE.NFO,07/01/2020,10:38:06,13.35,13.2,1500,13.4,1500,0,193500
ICICIPRULI30Jan20480PE.NFO,07/01/2020,10:39:16,13.35,13.25,1500,13.4,1500,0,193500
ICICIPRULI30Jan20480PE.NFO,07/01/2020,10:39:41,13.35,13.2,1500,13.4,1500,0,193500
ICICIPRULI30Jan20480PE.NFO,07/01/2020,10:40:29,13.35,13.25,1500,13.4,1500,0,193500
ICICIPRULI30Jan20480PE.NFO,07/01/2020,10:40:47,13.35,13.2,1500,13.4,1500,0,193500
ICICIPRULI30Jan20480PE.NFO,07/01/2020,10:41:00,13.35,13.25,1500,13.4,1500,0,193500
ICICIPRULI30Jan20480PE.NFO,07/01/2020,10:41:19,13.35,13.25,9000,13.4,1500,0,193500
ICICIPRULI30Jan20480PE.NFO,07/01/2020,10:41:32,13.35,13.25,1500,13.4,1500,0,193500
ICICIPRULI30Jan20480PE.NFO,07/01/2020,10:42:24,13.35,13.25,9000,13.4,1500,0,193500
ICICIPRULI30Jan20480PE.NFO,07/01/2020,10:42:33,13.35,13.2,1500,13.4,1500,0,193500
ICICIPRULI30Jan20480PE.NFO,07/01/2020,10:43:03,13.35,13.2,1500,13.4,3000,0,193500
ICICIPRULI30Jan20480PE.NFO,07/01/2020,10:43:17,13.35,13.2,1500,13.4,1500,0,193500
ICICIPRULI30Jan20480PE.NFO,07/01/2020,10:45:01,13.35,13.25,1500,13.4,1500,0,193500
ICICIPRULI30Jan20480PE.NFO,07/01/2020,10:45:42,13.35,13.15,9000,13.4,1500,0,193500
ICICIPRULI30Jan20480PE.NFO,07/01/2020,10:45:45,13.35,13.2,1500,13.4,1500,0,193500
ICICIPRULI30Jan20480PE.NFO,07/01/2020,10:46:50,13.35,13.25,1500,13.4,1500,0,193500
ICICIPRULI30Jan20480PE.NFO,07/01/2020,10:46:56,13.35,13.2,7500,13.4,1500,0,193500
ICICIPRULI30Jan20480PE.NFO,07/01/2020,10:49:54,13.2,13.2,4500,13.35,1500,3000,196500
ICICIPRULI30Jan20480PE.NFO,07/01/2020,10:49:58,13.2,13.2,4500,13.4,1500,0,196500
ICICIPRULI30Jan20480PE.NFO,07/01/2020,10:50:04,13.2,13.3,1500,13.4,1500,0,196500
ICICIPRULI30Jan20480PE.NFO,07/01/2020,10:50:15,13.2,13.25,1500,13.4,1500,0,196500
ICICIPRULI30Jan20480PE.NFO,07/01/2020,10:51:30,13.2,13.25,4500,13.4,1500,0,196500
ICICIPRULI30Jan20480PE.NFO,07/01/2020,10:51:32,13.4,13.35,6000,13.7,1500,1500,193500
ICICIPRULI30Jan20480PE.NFO,07/01/2020,10:51:32,13.4,13.35,6000,13.7,1500,0,193500
ICICIPRULI30Jan20480PE.NFO,07/01/2020,10:51:34,13.4,13.35,6000,13.7,1500,0,193500
ICICIPRULI30Jan20480PE.NFO,07/01/2020,10:51:46,13.4,13.4,1500,13.75,1500,0,193500
ICICIPRULI30Jan20480PE.NFO,07/01/2020,10:52:01,13.4,13.35,4500,13.75,1500,0,193500
ICICIPRULI30Jan20480PE.NFO,07/01/2020,10:52:04,13.4,13.3,4500,13.7,1500,0,193500
ICICIPRULI30Jan20480PE.NFO,07/01/2020,10:52:40,13.4,13.45,1500,13.6,1500,0,193500
ICICIPRULI30Jan20480PE.NFO,07/01/2020,10:52:56,13.4,13.3,1500,13.7,1500,0,193500
ICICIPRULI30Jan20480PE.NFO,07/01/2020,10:53:02,13.4,13.5,1500,13.9,1500,0,193500
ICICIPRULI30Jan20480PE.NFO,07/01/2020,10:53:13,13.4,13.85,1500,14.25,3000,0,193500
ICICIPRULI30Jan20480PE.NFO,07/01/2020,10:53:19,13.4,13.85,1500,14.3,1500,0,193500
ICICIPRULI30Jan20480PE.NFO,07/01/2020,10:53:39,13.4,13.9,4500,14.35,1500,0,193500
ICICIPRULI30Jan20480PE.NFO,07/01/2020,10:53:45,13.4,13.9,1500,14.4,1500,0,193500
ICICIPRULI30Jan20480PE.NFO,07/01/2020,10:53:50,13.4,13.95,9000,14.45,1500,0,193500
ICICIPRULI30Jan20480PE.NFO,07/01/2020,10:53:56,13.4,13.95,7500,14.5,1500,0,193500
ICICIPRULI30Jan20480PE.NFO,07/01/2020,10:54:01,13.4,13.95,4500,14.45,3000,0,193500
ICICIPRULI30Jan20480PE.NFO,07/01/2020,10:54:29,13.4,13.85,3000,14.35,1500,0,193500
ICICIPRULI30Jan20480PE.NFO,07/01/2020,10:54:37,13.4,13.85,4500,14.35,1500,0,193500
ICICIPRULI30Jan20480PE.NFO,07/01/2020,10:54:48,13.4,13.85,1500,14.35,1500,0,193500
ICICIPRULI30Jan20480PE.NFO,07/01/2020,10:54:53,13.4,13.85,1500,14.35,3000,0,193500
ICICIPRULI30Jan20480PE.NFO,07/01/2020,10:55:03,13.4,13.85,4500,14.35,3000,0,193500
ICICIPRULI30Jan20480PE.NFO,07/01/2020,10:55:12,13.4,13.9,1500,14.35,3000,0,193500
ICICIPRULI30Jan20480PE.NFO,07/01/2020,10:55:22,13.4,13.95,1500,14.4,1500,0,193500
ICICIPRULI30Jan20480PE.NFO,07/01/2020,10:55:34,13.4,13.95,1500,14.45,3000,0,193500
ICICIPRULI30Jan20480PE.NFO,07/01/2020,10:55:46,13.4,13.95,3000,14.45,3000,0,193500
ICICIPRULI30Jan20480PE.NFO,07/01/2020,10:55:55,13.4,13.95,1500,14.45,3000,0,193500
ICICIPRULI30Jan20480PE.NFO,07/01/2020,10:56:22,13.4,13.9,6000,14.45,1500,0,193500
ICICIPRULI30Jan20480PE.NFO,07/01/2020,10:56:35,13.4,13.95,1500,14.45,1500,0,193500
ICICIPRULI30Jan20480PE.NFO,07/01/2020,10:56:40,13.4,13.95,3000,14.45,1500,0,193500
ICICIPRULI30Jan20480PE.NFO,07/01/2020,10:56:53,13.4,13.95,4500,14.5,1500,0,193500
ICICIPRULI30Jan20480PE.NFO,07/01/2020,10:57:22,13.4,14.05,1500,14.55,1500,0,193500
ICICIPRULI30Jan20480PE.NFO,07/01/2020,10:57:50,13.4,14.1,1500,14.55,1500,0,193500
ICICIPRULI30Jan20480PE.NFO,07/01/2020,10:57:55,13.4,14.1,1500,14.6,1500,0,193500
ICICIPRULI30Jan20480PE.NFO,07/01/2020,10:58:27,13.4,14.2,1500,14.65,1500,0,193500
ICICIPRULI30Jan20480PE.NFO,07/01/2020,10:58:52,13.4,14.15,3000,14.65,1500,0,193500
ICICIPRULI30Jan20480PE.NFO,07/01/2020,10:58:58,13.4,14.1,3000,14.6,1500,0,193500
ICICIPRULI30Jan20480PE.NFO,07/01/2020,10:59:11,13.4,14.1,1500,14.6,1500,0,193500
ICICIPRULI30Jan20480PE.NFO,07/01/2020,10:59:18,13.4,14.1,3000,14.6,1500,0,193500
ICICIPRULI30Jan20480PE.NFO,07/01/2020,10:59:24,13.4,14.1,1500,14.6,1500,0,193500
ICICIPRULI30Jan20480PE.NFO,07/01/2020,10:59:29,13.4,14.05,3000,14.6,1500,0,193500
ICICIPRULI30Jan20480PE.NFO,07/01/2020,10:59:53,13.4,14.1,1500,14.55,1500,0,193500
ICICIPRULI30Jan20480PE.NFO,07/01/2020,10:59:58,13.4,14.15,1500,14.7,1500,0,193500
ICICIPRULI30Jan20480PE.NFO,07/01/2020,11:00:05,13.4,14.15,3000,14.7,1500,0,193500
ICICIPRULI30Jan20480PE.NFO,07/01/2020,11:00:12,13.4,14.15,4500,14.75,1500,0,193500
ICICIPRULI30Jan20480PE.NFO,07/01/2020,11:00:27,13.4,14.45,3000,15,1500,0,193500
ICICIPRULI30Jan20480PE.NFO,07/01/2020,11:00:33,13.4,14.55,3000,15,1500,0,193500
ICICIPRULI30Jan20480PE.NFO,07/01/2020,11:00:40,13.4,14.55,1500,15,1500,0,193500
ICICIPRULI30Jan20480PE.NFO,07/01/2020,11:01:08,13.4,14.65,3000,15,1500,0,193500
ICICIPRULI30Jan20480PE.NFO,07/01/2020,11:01:23,13.4,14.6,3000,15,1500,0,193500
ICICIPRULI30Jan20480PE.NFO,07/01/2020,11:01:30,13.4,14.65,3000,15,1500,0,193500
ICICIPRULI30Jan20480PE.NFO,07/01/2020,11:01:38,13.4,14.7,1500,15,1500,0,193500
ICICIPRULI30Jan20480PE.NFO,07/01/2020,11:02:01,13.4,14.65,1500,14.95,3000,0,193500
ICICIPRULI30Jan20480PE.NFO,07/01/2020,11:02:53,13.4,14.75,1500,15,1500,0,193500
ICICIPRULI30Jan20480PE.NFO,07/01/2020,11:03:13,13.4,14.85,1500,15,1500,0,193500
ICICIPRULI30Jan20480PE.NFO,07/01/2020,11:03:20,14.85,14.85,1500,15,1500,1500,195000
ICICIPRULI30Jan20480PE.NFO,07/01/2020,11:03:20,14.85,14.85,1500,15,1500,0,195000
ICICIPRULI30Jan20480PE.NFO,07/01/2020,11:03:27,14.85,14.8,1500,15,1500,0,195000
ICICIPRULI30Jan20480PE.NFO,07/01/2020,11:03:39,15,14.9,1500,15.45,1500,1500,195000
ICICIPRULI30Jan20480PE.NFO,07/01/2020,11:03:39,15,14.9,1500,15.45,1500,0,195000
ICICIPRULI30Jan20480PE.NFO,07/01/2020,11:03:47,15,15.1,1500,15.65,1500,0,195000
ICICIPRULI30Jan20480PE.NFO,07/01/2020,11:03:54,15,15.1,1500,15.6,3000,0,195000
ICICIPRULI30Jan20480PE.NFO,07/01/2020,11:04:01,15,15,1500,15.6,3000,0,195000
ICICIPRULI30Jan20480PE.NFO,07/01/2020,11:04:07,15,15.1,3000,15.75,1500,0,195000
ICICIPRULI30Jan20480PE.NFO,07/01/2020,11:04:20,15,15.05,1500,15.6,3000,0,195000
ICICIPRULI30Jan20480PE.NFO,07/01/2020,11:04:27,15,14.95,1500,15.6,4500,0,195000
ICICIPRULI30Jan20480PE.NFO,07/01/2020,11:04:54,15,14.75,1500,15.35,1500,0,195000
ICICIPRULI30Jan20480PE.NFO,07/01/2020,11:05:01,15,14.8,3000,15.35,1500,0,195000
ICICIPRULI30Jan20480PE.NFO,07/01/2020,11:05:08,15,14.95,1500,15.4,1500,0,195000
ICICIPRULI30Jan20480PE.NFO,07/01/2020,11:05:15,15,15.05,1500,15.6,1500,0,195000
ICICIPRULI30Jan20480PE.NFO,07/01/2020,11:05:22,15,14.95,1500,15.55,1500,0,195000
ICICIPRULI30Jan20480PE.NFO,07/01/2020,11:05:29,15,14.9,1500,15.4,1500,0,195000
ICICIPRULI30Jan20480PE.NFO,07/01/2020,11:05:36,15,14.85,1500,15.4,1500,0,195000
ICICIPRULI30Jan20480PE.NFO,07/01/2020,11:05:43,15,14.8,3000,15.4,1500,0,195000
ICICIPRULI30Jan20480PE.NFO,07/01/2020,11:05:49,15,14.7,3000,15.3,1500,0,195000
ICICIPRULI30Jan20480PE.NFO,07/01/2020,11:05:57,15,14.7,1500,15.3,1500,0,195000
ICICIPRULI30Jan20480PE.NFO,07/01/2020,11:06:10,15,14.6,4500,15.3,1500,0,195000
ICICIPRULI30Jan20480PE.NFO,07/01/2020,11:06:23,15,14.65,1500,15.3,1500,0,195000
ICICIPRULI30Jan20480PE.NFO,07/01/2020,11:06:29,15,14.65,3000,15.3,1500,0,195000
ICICIPRULI30Jan20480PE.NFO,07/01/2020,11:06:35,15,14.65,1500,15.3,1500,0,195000
ICICIPRULI30Jan20480PE.NFO,07/01/2020,11:06:50,15,14.75,1500,15.3,1500,0,195000
ICICIPRULI30Jan20480PE.NFO,07/01/2020,11:07:31,15,14.7,1500,15.3,1500,0,195000
ICICIPRULI30Jan20480PE.NFO,07/01/2020,11:07:36,15,14.6,1500,15.2,1500,0,195000
ICICIPRULI30Jan20480PE.NFO,07/01/2020,11:07:42,15,14.45,3000,15.2,1500,0,195000
ICICIPRULI30Jan20480PE.NFO,07/01/2020,11:07:53,15,14.45,1500,15.2,1500,0,195000
ICICIPRULI30Jan20480PE.NFO,07/01/2020,11:07:58,15,14.35,3000,15.2,1500,0,195000
ICICIPRULI30Jan20480PE.NFO,07/01/2020,11:08:03,15,14.6,1500,15.2,1500,0,195000
ICICIPRULI30Jan20480PE.NFO,07/01/2020,11:08:12,15,14.55,3000,15.2,1500,0,195000
ICICIPRULI30Jan20480PE.NFO,07/01/2020,11:08:23,15,14.5,1500,15.2,1500,0,195000
ICICIPRULI30Jan20480PE.NFO,07/01/2020,11:08:44,15,14.6,1500,15,1500,0,195000
ICICIPRULI30Jan20480PE.NFO,07/01/2020,11:08:48,15,14.6,3000,15,1500,0,195000
ICICIPRULI30Jan20480PE.NFO,07/01/2020,11:09:12,15,14.6,1500,15,1500,0,195000
ICICIPRULI30Jan20480PE.NFO,07/01/2020,11:09:45,15,14.55,1500,15,3000,0,195000
ICICIPRULI30Jan20480PE.NFO,07/01/2020,11:10:02,15,14.5,1500,15,3000,0,195000
ICICIPRULI30Jan20480PE.NFO,07/01/2020,11:10:06,15,14.5,3000,15,3000,0,195000
ICICIPRULI30Jan20480PE.NFO,07/01/2020,11:10:25,15,14.5,3000,15,1500,0,195000
ICICIPRULI30Jan20480PE.NFO,07/01/2020,11:10:38,15,14.5,3000,15,3000,0,195000
ICICIPRULI30Jan20480PE.NFO,07/01/2020,11:10:50,15,14.5,1500,15,3000,0,195000
ICICIPRULI30Jan20480PE.NFO,07/01/2020,11:11:01,15,14.5,3000,15,3000,0,195000
ICICIPRULI30Jan20480PE.NFO,07/01/2020,11:11:06,15,14.5,1500,15,1500,0,195000
ICICIPRULI30Jan20480PE.NFO,07/01/2020,11:11:12,15,14.6,1500,15,1500,0,195000
ICICIPRULI30Jan20480PE.NFO,07/01/2020,11:11:18,15,14.65,1500,15,1500,0,195000
ICICIPRULI30Jan20480PE.NFO,07/01/2020,11:11:24,15,14.65,3000,15,1500,0,195000
ICICIPRULI30Jan20480PE.NFO,07/01/2020,11:11:32,15,14.75,1500,15,1500,0,195000
ICICIPRULI30Jan20480PE.NFO,07/01/2020,11:11:39,15,14.7,1500,15,1500,0,195000
ICICIPRULI30Jan20480PE.NFO,07/01/2020,11:11:52,15,14.6,1500,15,1500,0,195000
ICICIPRULI30Jan20480PE.NFO,07/01/2020,11:11:58,15,14.7,3000,15,1500,0,195000
ICICIPRULI30Jan20480PE.NFO,07/01/2020,11:12:07,15,14.75,3000,15,1500,0,195000
ICICIPRULI30Jan20480PE.NFO,07/01/2020,11:12:14,15,14.8,1500,15,1500,0,195000
ICICIPRULI30Jan20480PE.NFO,07/01/2020,11:12:22,15,14.9,1500,15,1500,0,195000
ICICIPRULI30Jan20480PE.NFO,07/01/2020,11:12:28,15,14.8,1500,15.35,1500,1500,195000
ICICIPRULI30Jan20480PE.NFO,07/01/2020,11:12:35,15,14.8,1500,15.35,1500,0,195000
ICICIPRULI30Jan20480PE.NFO,07/01/2020,11:12:41,15,14.9,1500,15.4,1500,0,195000
ICICIPRULI30Jan20480PE.NFO,07/01/2020,11:13:07,15,14.85,1500,15.4,3000,0,195000
ICICIPRULI30Jan20480PE.NFO,07/01/2020,11:13:24,15,14.8,1500,15.35,1500,0,195000
ICICIPRULI30Jan20480PE.NFO,07/01/2020,11:13:35,15,14.95,3000,15.5,1500,0,195000
ICICIPRULI30Jan20480PE.NFO,07/01/2020,11:13:42,15,14.85,3000,15.4,1500,0,195000
ICICIPRULI30Jan20480PE.NFO,07/01/2020,11:13:48,15,14.85,1500,15.45,1500,0,195000
ICICIPRULI30Jan20480PE.NFO,07/01/2020,11:13:53,15,14.85,3000,15.45,1500,0,195000
ICICIPRULI30Jan20480PE.NFO,07/01/2020,11:14:10,15,14.75,3000,15.35,1500,0,195000
ICICIPRULI30Jan20480PE.NFO,07/01/2020,11:14:16,15,14.8,1500,15.25,1500,0,195000
ICICIPRULI30Jan20480PE.NFO,07/01/2020,11:14:27,15,14.65,3000,15.25,1500,0,195000
ICICIPRULI30Jan20480PE.NFO,07/01/2020,11:14:32,15,14.65,1500,15.25,1500,0,195000
ICICIPRULI30Jan20480PE.NFO,07/01/2020,11:14:41,15,14.7,1500,15.25,1500,0,195000
ICICIPRULI30Jan20480PE.NFO,07/01/2020,11:14:58,15,14.75,1500,15.25,1500,0,195000
ICICIPRULI30Jan20480PE.NFO,07/01/2020,11:15:05,15,14.8,1500,15.35,1500,0,195000
ICICIPRULI30Jan20480PE.NFO,07/01/2020,11:15:16,15,14.7,1500,15.25,1500,0,195000
ICICIPRULI30Jan20480PE.NFO,07/01/2020,11:15:26,15,14.75,1500,15.25,1500,0,195000
ICICIPRULI30Jan20480PE.NFO,07/01/2020,11:15:32,15,14.8,1500,15.3,1500,0,195000
ICICIPRULI30Jan20480PE.NFO,07/01/2020,11:15:43,15,14.7,1500,15.2,1500,0,195000
ICICIPRULI30Jan20480PE.NFO,07/01/2020,11:15:53,15,14.8,1500,15.3,1500,0,195000
ICICIPRULI30Jan20480PE.NFO,07/01/2020,11:15:59,15,14.9,1500,15.4,1500,0,195000
ICICIPRULI30Jan20480PE.NFO,07/01/2020,11:16:05,15,15,1500,15.45,1500,0,195000
ICICIPRULI30Jan20480PE.NFO,07/01/2020,11:16:12,15,14.95,3000,15.45,4500,0,195000
ICICIPRULI30Jan20480PE.NFO,07/01/2020,11:16:18,15,14.9,1500,15.45,1500,0,195000
ICICIPRULI30Jan20480PE.NFO,07/01/2020,11:16:25,15,14.9,1500,15.4,1500,0,195000
ICICIPRULI30Jan20480PE.NFO,07/01/2020,11:16:41,15,14.95,1500,15.4,1500,0,195000
ICICIPRULI30Jan20480PE.NFO,07/01/2020,11:16:47,15,14.95,3000,15.45,1500,0,195000
ICICIPRULI30Jan20480PE.NFO,07/01/2020,11:16:54,15,15.05,1500,15.55,1500,0,195000
ICICIPRULI30Jan20480PE.NFO,07/01/2020,11:17:00,15,14.95,1500,15.45,1500,0,195000
ICICIPRULI30Jan20480PE.NFO,07/01/2020,11:17:10,15,14.9,1500,15.45,1500,0,195000
ICICIPRULI30Jan20480PE.NFO,07/01/2020,11:17:14,15,15,1500,15.45,1500,0,195000
ICICIPRULI30Jan20480PE.NFO,07/01/2020,11:17:19,15,15.2,1500,15.65,1500,0,195000
ICICIPRULI30Jan20480PE.NFO,07/01/2020,11:17:23,15,15.2,1500,15.7,1500,0,195000
ICICIPRULI30Jan20480PE.NFO,07/01/2020,11:17:28,15,15.15,1500,15.65,4500,0,195000
ICICIPRULI30Jan20480PE.NFO,07/01/2020,11:17:33,15,15.15,1500,15.65,1500,0,195000
ICICIPRULI30Jan20480PE.NFO,07/01/2020,11:17:40,15,15.15,3000,15.65,1500,0,195000
ICICIPRULI30Jan20480PE.NFO,07/01/2020,11:17:46,15,15.1,1500,15.65,1500,0,195000
ICICIPRULI30Jan20480PE.NFO,07/01/2020,11:17:51,15,15.15,1500,15.65,1500,0,195000
ICICIPRULI30Jan20480PE.NFO,07/01/2020,11:17:55,15,15.15,3000,15.65,1500,0,195000
ICICIPRULI30Jan20480PE.NFO,07/01/2020,11:18:11,15,15.2,1500,15.65,1500,0,195000
ICICIPRULI30Jan20480PE.NFO,07/01/2020,11:18:37,15,15.1,3000,15.6,1500,0,195000
ICICIPRULI30Jan20480PE.NFO,07/01/2020,11:18:43,15,15.05,3000,15.6,1500,0,195000
ICICIPRULI30Jan20480PE.NFO,07/01/2020,11:18:55,15,15.1,1500,15.6,1500,0,195000
ICICIPRULI30Jan20480PE.NFO,07/01/2020,11:19:19,15,15.35,1500,15.75,1500,0,195000
ICICIPRULI30Jan20480PE.NFO,07/01/2020,11:19:27,15,15.25,1500,15.75,1500,0,195000
ICICIPRULI30Jan20480PE.NFO,07/01/2020,11:19:34,15,15.2,3000,15.75,1500,0,195000
ICICIPRULI30Jan20480PE.NFO,07/01/2020,11:19:47,15,15.15,1500,15.75,1500,0,195000
ICICIPRULI30Jan20480PE.NFO,07/01/2020,11:19:52,15,15.2,1500,15.75,1500,0,195000
ICICIPRULI30Jan20480PE.NFO,07/01/2020,11:19:57,15,15.15,1500,15.75,1500,0,195000
ICICIPRULI30Jan20480PE.NFO,07/01/2020,11:20:02,15,15.2,3000,15.75,1500,0,195000
ICICIPRULI30Jan20480PE.NFO,07/01/2020,11:20:08,15,15.25,3000,15.75,1500,0,195000
ICICIPRULI30Jan20480PE.NFO,07/01/2020,11:20:20,15,15.05,4500,15.65,1500,0,195000
ICICIPRULI30Jan20480PE.NFO,07/01/2020,11:20:30,15,15.05,1500,15.65,1500,0,195000
ICICIPRULI30Jan20480PE.NFO,07/01/2020,11:20:36,15,15.1,1500,15.65,1500,0,195000
ICICIPRULI30Jan20480PE.NFO,07/01/2020,11:20:51,15,15.05,1500,15.55,1500,0,195000
ICICIPRULI30Jan20480PE.NFO,07/01/2020,11:20:57,15,15.1,1500,15.6,1500,0,195000
ICICIPRULI30Jan20480PE.NFO,07/01/2020,11:21:26,15,15.05,1500,15.6,1500,0,195000
ICICIPRULI30Jan20480PE.NFO,07/01/2020,11:21:33,15,15.2,1500,15.7,1500,0,195000
ICICIPRULI30Jan20480PE.NFO,07/01/2020,11:21:39,15,15.05,4500,15.7,1500,0,195000
ICICIPRULI30Jan20480PE.NFO,07/01/2020,11:21:50,15,15,1500,15.45,4500,0,195000
ICICIPRULI30Jan20480PE.NFO,07/01/2020,11:22:22,15,15,1500,15.45,1500,0,195000
ICICIPRULI30Jan20480PE.NFO,07/01/2020,11:22:27,15,15,1500,15.35,1500,0,195000
ICICIPRULI30Jan20480PE.NFO,07/01/2020,11:22:37,15,15,1500,15.4,1500,0,195000
ICICIPRULI30Jan20480PE.NFO,07/01/2020,11:24:03,15,14.6,3000,15.3,1500,1500,195000
ICICIPRULI30Jan20480PE.NFO,07/01/2020,11:24:19,15,14.6,3000,15.3,1500,0,195000
ICICIPRULI30Jan20480PE.NFO,07/01/2020,11:24:34,15,14.6,1500,15.2,1500,0,195000
ICICIPRULI30Jan20480PE.NFO,07/01/2020,11:24:38,15,14.6,3000,15.2,1500,0,195000
ICICIPRULI30Jan20480PE.NFO,07/01/2020,11:24:47,15,14.6,1500,15.2,1500,0,195000
ICICIPRULI30Jan20480PE.NFO,07/01/2020,11:25:00,15,14.7,1500,15.2,1500,0,195000
ICICIPRULI30Jan20480PE.NFO,07/01/2020,11:28:19,15,14.65,1500,15.2,1500,0,195000
ICICIPRULI30Jan20480PE.NFO,07/01/2020,11:28:26,15,14.7,1500,15.2,1500,0,195000
ICICIPRULI30Jan20480PE.NFO,07/01/2020,11:28:53,15,14.8,1500,15.3,1500,0,195000
ICICIPRULI30Jan20480PE.NFO,07/01/2020,11:29:07,15,14.85,3000,15.45,1500,0,195000
ICICIPRULI30Jan20480PE.NFO,07/01/2020,11:29:16,15,14.85,3000,15.45,3000,0,195000
ICICIPRULI30Jan20480PE.NFO,07/01/2020,11:29:26,15,14.85,3000,15.45,1500,0,195000
ICICIPRULI30Jan20480PE.NFO,07/01/2020,11:29:49,15,14.85,1500,15.3,3000,0,195000
ICICIPRULI30Jan20480PE.NFO,07/01/2020,11:29:52,15,14.85,3000,15.35,1500,0,195000
ICICIPRULI30Jan20480PE.NFO,07/01/2020,11:29:59,15,14.95,1500,15.45,1500,0,195000
ICICIPRULI30Jan20480PE.NFO,07/01/2020,11:30:26,15,14.95,3000,15.45,1500,0,195000
ICICIPRULI30Jan20480PE.NFO,07/01/2020,11:30:40,15,14.95,3000,15.5,1500,0,195000
ICICIPRULI30Jan20480PE.NFO,07/01/2020,11:30:53,15,14.95,3000,15.45,1500,0,195000
ICICIPRULI30Jan20480PE.NFO,07/01/2020,11:31:01,15,14.85,3000,15.4,1500,0,195000
ICICIPRULI30Jan20480PE.NFO,07/01/2020,11:31:56,15,14.8,3000,15.3,1500,0,195000
ICICIPRULI30Jan20480PE.NFO,07/01/2020,11:32:08,15,14.8,3000,15.35,1500,0,195000
ICICIPRULI30Jan20480PE.NFO,07/01/2020,11:32:13,15,14.85,1500,15.4,1500,0,195000
ICICIPRULI30Jan20480PE.NFO,07/01/2020,11:32:18,15,14.8,1500,15.4,1500,0,195000
ICICIPRULI30Jan20480PE.NFO,07/01/2020,11:32:23,15,14.75,1500,15.3,1500,0,195000
ICICIPRULI30Jan20480PE.NFO,07/01/2020,11:32:27,15,14.7,1500,15.3,1500,0,195000
ICICIPRULI30Jan20480PE.NFO,07/01/2020,11:32:32,15,14.7,3000,15.3,1500,0,195000
ICICIPRULI30Jan20480PE.NFO,07/01/2020,11:32:38,15,14.7,1500,15.3,1500,0,195000
ICICIPRULI30Jan20480PE.NFO,07/01/2020,11:32:52,15,14.7,3000,15.3,1500,0,195000
ICICIPRULI30Jan20480PE.NFO,07/01/2020,11:32:56,15,14.7,1500,15.3,1500,0,195000
ICICIPRULI30Jan20480PE.NFO,07/01/2020,11:33:25,15,14.55,1500,15.3,1500,0,195000
ICICIPRULI30Jan20480PE.NFO,07/01/2020,11:33:29,15,14.55,3000,15.3,1500,0,195000
ICICIPRULI30Jan20480PE.NFO,07/01/2020,11:33:46,15,14.55,1500,15.3,1500,0,195000
ICICIPRULI30Jan20480PE.NFO,07/01/2020,11:34:02,15,14.45,1500,15.3,1500,0,195000
ICICIPRULI30Jan20480PE.NFO,07/01/2020,11:34:07,15,14.5,1500,15.3,1500,0,195000
ICICIPRULI30Jan20480PE.NFO,07/01/2020,11:34:33,15,14.5,3000,15.3,1500,0,195000
ICICIPRULI30Jan20480PE.NFO,07/01/2020,11:34:45,15,14.5,1500,15.3,1500,0,195000
ICICIPRULI30Jan20480PE.NFO,07/01/2020,11:35:25,14.5,14.3,1500,15.1,1500,1500,195000
ICICIPRULI30Jan20480PE.NFO,07/01/2020,11:35:31,14.5,14.25,1500,15,1500,0,195000
ICICIPRULI30Jan20480PE.NFO,07/01/2020,11:35:43,14.5,14.25,1500,14.8,1500,0,195000
ICICIPRULI30Jan20480PE.NFO,07/01/2020,11:35:49,14.5,14.25,3000,14.8,1500,0,195000
ICICIPRULI30Jan20480PE.NFO,07/01/2020,11:36:59,14.5,14.3,1500,14.85,1500,0,195000
ICICIPRULI30Jan20480PE.NFO,07/01/2020,11:37:04,14.5,14.35,1500,14.85,1500,0,195000
ICICIPRULI30Jan20480PE.NFO,07/01/2020,11:38:43,14.5,14.45,1500,14.95,1500,0,195000
ICICIPRULI30Jan20480PE.NFO,07/01/2020,11:39:24,14.5,14.5,1500,15,1500,0,195000
ICICIPRULI30Jan20480PE.NFO,07/01/2020,11:39:37,14.5,14.55,1500,15,1500,0,195000
ICICIPRULI30Jan20480PE.NFO,07/01/2020,11:39:45,14.5,14.65,1500,15.05,3000,0,195000
ICICIPRULI30Jan20480PE.NFO,07/01/2020,11:39:51,14.5,14.75,1500,15.2,1500,0,195000
ICICIPRULI30Jan20480PE.NFO,07/01/2020,11:39:58,14.5,14.8,3000,15.3,1500,0,195000
ICICIPRULI30Jan20480PE.NFO,07/01/2020,11:40:35,14.5,14.8,1500,15.2,1500,0,195000
ICICIPRULI30Jan20480PE.NFO,07/01/2020,11:41:07,14.5,14.8,1500,15.25,1500,0,195000
ICICIPRULI30Jan20480PE.NFO,07/01/2020,11:41:55,14.5,14.9,1500,15.35,1500,0,195000
ICICIPRULI30Jan20480PE.NFO,07/01/2020,11:42:00,14.5,14.85,4500,15.35,1500,0,195000
ICICIPRULI30Jan20480PE.NFO,07/01/2020,11:42:10,14.5,14.85,3000,15.35,1500,0,195000
ICICIPRULI30Jan20480PE.NFO,07/01/2020,11:42:37,14.5,14.65,1500,15.2,3000,0,195000
ICICIPRULI30Jan20480PE.NFO,07/01/2020,11:42:42,14.5,14.7,1500,15.2,3000,0,195000
ICICIPRULI30Jan20480PE.NFO,07/01/2020,11:42:55,14.5,14.8,3000,15.3,1500,0,195000
ICICIPRULI30Jan20480PE.NFO,07/01/2020,11:43:07,14.5,14.8,1500,15.3,1500,0,195000
ICICIPRULI30Jan20480PE.NFO,07/01/2020,11:43:25,14.5,14.8,1500,15.25,3000,0,195000
ICICIPRULI30Jan20480PE.NFO,07/01/2020,11:43:53,14.5,14.65,1500,15.15,3000,0,195000
ICICIPRULI30Jan20480PE.NFO,07/01/2020,11:43:57,14.5,14.75,1500,15.2,3000,0,195000
ICICIPRULI30Jan20480PE.NFO,07/01/2020,11:44:06,14.5,14.85,1500,15.25,1500,0,195000
ICICIPRULI30Jan20480PE.NFO,07/01/2020,11:44:09,14.5,14.9,1500,15.25,3000,0,195000
ICICIPRULI30Jan20480PE.NFO,07/01/2020,11:44:12,14.5,14.8,3000,15.25,3000,0,195000
ICICIPRULI30Jan20480PE.NFO,07/01/2020,11:44:17,14.5,14.8,1500,15.25,3000,0,195000
ICICIPRULI30Jan20480PE.NFO,07/01/2020,11:44:53,14.5,14.7,3000,15.25,3000,0,195000
ICICIPRULI30Jan20480PE.NFO,07/01/2020,11:45:36,14.5,14.8,3000,15.25,3000,0,195000
ICICIPRULI30Jan20480PE.NFO,07/01/2020,11:45:39,14.5,14.8,1500,15.3,1500,0,195000
ICICIPRULI30Jan20480PE.NFO,07/01/2020,11:45:43,14.5,14.9,3000,15.3,1500,0,195000
ICICIPRULI30Jan20480PE.NFO,07/01/2020,11:46:06,14.5,14.9,1500,15.3,1500,0,195000
ICICIPRULI30Jan20480PE.NFO,07/01/2020,11:46:56,14.5,14.85,1500,15.25,3000,0,195000
ICICIPRULI30Jan20480PE.NFO,07/01/2020,11:47:23,14.5,14.8,1500,15.25,3000,0,195000
ICICIPRULI30Jan20480PE.NFO,07/01/2020,11:47:36,14.5,14.85,3000,15.25,1500,0,195000
ICICIPRULI30Jan20480PE.NFO,07/01/2020,11:48:06,14.5,14.85,1500,15.25,1500,0,195000
ICICIPRULI30Jan20480PE.NFO,07/01/2020,11:48:17,14.5,14.9,3000,15.35,1500,0,195000
ICICIPRULI30Jan20480PE.NFO,07/01/2020,11:48:22,14.5,14.9,3000,15.3,1500,0,195000
ICICIPRULI30Jan20480PE.NFO,07/01/2020,11:48:25,14.5,14.9,3000,15.35,1500,0,195000
ICICIPRULI30Jan20480PE.NFO,07/01/2020,11:48:52,14.5,14.9,3000,15.3,3000,0,195000
ICICIPRULI30Jan20480PE.NFO,07/01/2020,11:48:59,14.5,14.9,1500,15.3,3000,0,195000
ICICIPRULI30Jan20480PE.NFO,07/01/2020,11:49:12,14.5,14.9,1500,15.3,1500,0,195000
ICICIPRULI30Jan20480PE.NFO,07/01/2020,11:49:40,14.5,14.9,1500,15.3,3000,0,195000
ICICIPRULI30Jan20480PE.NFO,07/01/2020,11:49:48,14.5,14.85,3000,15.3,1500,0,195000
ICICIPRULI30Jan20480PE.NFO,07/01/2020,11:49:51,14.5,14.85,3000,15.3,3000,0,195000
ICICIPRULI30Jan20480PE.NFO,07/01/2020,11:49:58,14.5,14.85,3000,15.3,1500,0,195000
ICICIPRULI30Jan20480PE.NFO,07/01/2020,11:50:11,14.5,14.85,3000,15.3,3000,0,195000
ICICIPRULI30Jan20480PE.NFO,07/01/2020,11:50:15,14.5,14.8,1500,15.35,1500,0,195000
ICICIPRULI30Jan20480PE.NFO,07/01/2020,11:50:21,14.5,14.85,3000,15.3,1500,0,195000
ICICIPRULI30Jan20480PE.NFO,07/01/2020,11:50:46,14.5,15,1500,15.3,1500,0,195000
ICICIPRULI30Jan20480PE.NFO,07/01/2020,11:51:38,14.5,15,1500,15.15,1500,0,195000
ICICIPRULI30Jan20480PE.NFO,07/01/2020,11:51:56,14.5,15,1500,15.2,1500,0,195000
ICICIPRULI30Jan20480PE.NFO,07/01/2020,11:52:05,14.5,15,1500,15.15,1500,0,195000
ICICIPRULI30Jan20480PE.NFO,07/01/2020,11:52:10,14.5,15,1500,15.2,1500,0,195000
ICICIPRULI30Jan20480PE.NFO,07/01/2020,11:52:12,14.5,15,1500,15.15,1500,0,195000
ICICIPRULI30Jan20480PE.NFO,07/01/2020,11:52:16,14.5,15,1500,15.2,1500,0,195000
ICICIPRULI30Jan20480PE.NFO,07/01/2020,11:52:31,14.5,15,1500,15.15,1500,0,195000
ICICIPRULI30Jan20480PE.NFO,07/01/2020,11:52:45,14.5,15,1500,15.25,1500,0,195000
ICICIPRULI30Jan20480PE.NFO,07/01/2020,11:52:50,14.5,15,1500,15.3,1500,0,195000
ICICIPRULI30Jan20480PE.NFO,07/01/2020,11:53:59,14.5,14.7,4500,15.3,1500,0,195000
ICICIPRULI30Jan20480PE.NFO,07/01/2020,11:54:02,14.5,14.8,3000,15.3,1500,0,195000
ICICIPRULI30Jan20480PE.NFO,07/01/2020,11:56:40,14.5,14.8,3000,15.2,1500,0,195000
ICICIPRULI30Jan20480PE.NFO,07/01/2020,11:57:39,14.5,14.85,1500,15.2,1500,0,195000
ICICIPRULI30Jan20480PE.NFO,07/01/2020,11:57:46,14.5,15.1,1500,15.45,1500,0,195000
ICICIPRULI30Jan20480PE.NFO,07/01/2020,11:57:51,14.5,15.05,1500,15.45,1500,0,195000
ICICIPRULI30Jan20480PE.NFO,07/01/2020,11:58:31,14.5,15.05,1500,15.35,1500,0,195000
ICICIPRULI30Jan20480PE.NFO,07/01/2020,11:58:44,14.5,15.05,1500,15.4,1500,0,195000
ICICIPRULI30Jan20480PE.NFO,07/01/2020,11:58:54,14.5,15.05,1500,15.45,1500,0,195000
ICICIPRULI30Jan20480PE.NFO,07/01/2020,11:59:32,15.45,15.3,1500,15.7,1500,1500,193500
ICICIPRULI30Jan20480PE.NFO,07/01/2020,11:59:32,15.45,15.3,1500,15.7,1500,0,193500
ICICIPRULI30Jan20480PE.NFO,07/01/2020,11:59:34,15.45,15.25,1500,15.7,1500,0,193500
ICICIPRULI30Jan20480PE.NFO,07/01/2020,11:59:38,15.45,15.35,3000,15.75,1500,0,193500
ICICIPRULI30Jan20480PE.NFO,07/01/2020,11:59:46,15.35,15.25,1500,15.75,1500,1500,195000
ICICIPRULI30Jan20480PE.NFO,07/01/2020,11:59:50,15.35,15.3,1500,15.75,1500,0,195000
ICICIPRULI30Jan20480PE.NFO,07/01/2020,12:00:31,15.35,15.25,1500,15.6,1500,0,195000
ICICIPRULI30Jan20480PE.NFO,07/01/2020,12:00:34,15.35,15.15,1500,15.6,1500,0,195000
ICICIPRULI30Jan20480PE.NFO,07/01/2020,12:00:41,15.35,15.15,1500,15.55,1500,0,195000
ICICIPRULI30Jan20480PE.NFO,07/01/2020,12:01:50,15.35,15.2,1500,15.55,1500,0,195000
ICICIPRULI30Jan20480PE.NFO,07/01/2020,12:01:55,15.35,15.3,1500,15.7,1500,0,195000
ICICIPRULI30Jan20480PE.NFO,07/01/2020,12:01:58,15.35,15.25,1500,15.7,1500,0,195000
ICICIPRULI30Jan20480PE.NFO,07/01/2020,12:02:02,15.35,15.2,1500,15.7,1500,0,195000
ICICIPRULI30Jan20480PE.NFO,07/01/2020,12:02:05,15.35,15.15,1500,15.7,3000,0,195000
ICICIPRULI30Jan20480PE.NFO,07/01/2020,12:02:18,15.35,15.25,1500,15.7,1500,0,195000
ICICIPRULI30Jan20480PE.NFO,07/01/2020,12:02:21,15.35,15.2,1500,15.7,1500,0,195000
ICICIPRULI30Jan20480PE.NFO,07/01/2020,12:02:31,15.35,15.05,3000,15.55,1500,0,195000
ICICIPRULI30Jan20480PE.NFO,07/01/2020,12:02:36,15.35,15,1500,15.55,3000,0,195000
ICICIPRULI30Jan20480PE.NFO,07/01/2020,12:02:43,15.35,14.95,1500,15.55,3000,0,195000
ICICIPRULI30Jan20480PE.NFO,07/01/2020,12:02:49,15.35,14.9,1500,15.55,3000,0,195000
ICICIPRULI30Jan20480PE.NFO,07/01/2020,12:03:21,15.35,14.85,1500,15.55,3000,0,195000
ICICIPRULI30Jan20480PE.NFO,07/01/2020,12:03:24,15.35,14.9,3000,15.55,3000,0,195000
ICICIPRULI30Jan20480PE.NFO,07/01/2020,12:03:29,15.35,15,1500,15.55,3000,0,195000
ICICIPRULI30Jan20480PE.NFO,07/01/2020,12:04:34,15.35,14.95,1500,15.55,3000,0,195000
ICICIPRULI30Jan20480PE.NFO,07/01/2020,12:05:22,15.35,14.9,1500,15.55,3000,0,195000
ICICIPRULI30Jan20480PE.NFO,07/01/2020,12:05:28,15.35,14.95,1500,15.55,3000,0,195000
ICICIPRULI30Jan20480PE.NFO,07/01/2020,12:05:33,15.35,15,1500,15.55,3000,0,195000
ICICIPRULI30Jan20480PE.NFO,07/01/2020,12:05:48,15.35,15,1500,15.55,1500,0,195000
ICICIPRULI30Jan20480PE.NFO,07/01/2020,12:05:55,15.35,15,1500,15.55,3000,0,195000
ICICIPRULI30Jan20480PE.NFO,07/01/2020,12:05:59,15.35,15,1500,15.55,1500,0,195000
ICICIPRULI30Jan20480PE.NFO,07/01/2020,12:06:16,15.35,15,1500,15.5,1500,0,195000
ICICIPRULI30Jan20480PE.NFO,07/01/2020,12:07:35,15.35,15.1,1500,15.55,1500,0,195000
ICICIPRULI30Jan20480PE.NFO,07/01/2020,12:08:00,15.35,15,1500,15.55,1500,0,195000
ICICIPRULI30Jan20480PE.NFO,07/01/2020,12:08:04,15.35,15,1500,15.55,3000,0,195000
ICICIPRULI30Jan20480PE.NFO,07/01/2020,12:08:21,15.35,14.9,1500,15.55,3000,0,195000
ICICIPRULI30Jan20480PE.NFO,07/01/2020,12:09:48,15.35,15,3000,15.55,3000,0,195000
ICICIPRULI30Jan20480PE.NFO,07/01/2020,12:09:54,15.35,15,3000,15.55,1500,0,195000
ICICIPRULI30Jan20480PE.NFO,07/01/2020,12:10:35,15.35,15,1500,15.55,1500,0,195000
ICICIPRULI30Jan20480PE.NFO,07/01/2020,12:10:37,15.35,15.05,1500,15.55,1500,0,195000
ICICIPRULI30Jan20480PE.NFO,07/01/2020,12:10:54,15.35,14.95,1500,15.55,3000,0,195000
ICICIPRULI30Jan20480PE.NFO,07/01/2020,12:11:09,15.35,14.9,1500,15.55,3000,0,195000
ICICIPRULI30Jan20480PE.NFO,07/01/2020,12:12:40,15.35,14.9,1500,15.45,1500,0,195000
ICICIPRULI30Jan20480PE.NFO,07/01/2020,12:13:08,15.35,14.9,1500,15.45,3000,0,195000
ICICIPRULI30Jan20480PE.NFO,07/01/2020,12:13:16,15.35,14.8,1500,15.45,3000,0,195000
ICICIPRULI30Jan20480PE.NFO,07/01/2020,12:13:23,15.35,14.7,1500,15.45,3000,0,195000
ICICIPRULI30Jan20480PE.NFO,07/01/2020,12:13:29,15.35,14.75,1500,15.45,3000,0,195000
ICICIPRULI30Jan20480PE.NFO,07/01/2020,12:14:11,15.35,14.9,1500,15.45,3000,0,195000
ICICIPRULI30Jan20480PE.NFO,07/01/2020,12:14:15,15.35,14.85,1500,15.45,3000,0,195000
ICICIPRULI30Jan20480PE.NFO,07/01/2020,12:15:39,15.35,14.85,1500,15.4,3000,0,195000
ICICIPRULI30Jan20480PE.NFO,07/01/2020,12:15:46,15.35,14.85,1500,15.4,1500,0,195000
ICICIPRULI30Jan20480PE.NFO,07/01/2020,12:15:52,15.35,14.95,1500,15.4,1500,0,195000
ICICIPRULI30Jan20480PE.NFO,07/01/2020,12:16:38,15.35,14.9,1500,15.4,1500,0,195000
ICICIPRULI30Jan20480PE.NFO,07/01/2020,12:17:06,15.35,14.95,3000,15.4,1500,0,195000
ICICIPRULI30Jan20480PE.NFO,07/01/2020,12:17:19,15.35,14.9,1500,15.4,1500,0,195000
ICICIPRULI30Jan20480PE.NFO,07/01/2020,12:17:30,15.35,14.95,3000,15.4,1500,0,195000
ICICIPRULI30Jan20480PE.NFO,07/01/2020,12:18:24,15.35,14.95,1500,15.35,1500,0,195000
ICICIPRULI30Jan20480PE.NFO,07/01/2020,12:18:27,15.35,15,1500,15.4,1500,0,195000
ICICIPRULI30Jan20480PE.NFO,07/01/2020,12:18:36,15.35,15,1500,15.35,1500,0,195000
ICICIPRULI30Jan20480PE.NFO,07/01/2020,12:18:39,15.35,14.95,1500,15.35,1500,0,195000
ICICIPRULI30Jan20480PE.NFO,07/01/2020,12:18:51,15.35,15,1500,15.4,1500,0,195000
ICICIPRULI30Jan20480PE.NFO,07/01/2020,12:18:53,15.35,15,3000,15.4,1500,0,195000
ICICIPRULI30Jan20480PE.NFO,07/01/2020,12:19:01,15.35,15,1500,15.35,1500,0,195000
ICICIPRULI30Jan20480PE.NFO,07/01/2020,12:19:04,15.35,14.95,1500,15.35,1500,0,195000
ICICIPRULI30Jan20480PE.NFO,07/01/2020,12:19:09,15.35,14.9,1500,15.35,1500,0,195000
ICICIPRULI30Jan20480PE.NFO,07/01/2020,12:19:22,15.35,14.95,1500,15.35,1500,0,195000
ICICIPRULI30Jan20480PE.NFO,07/01/2020,12:19:28,15.35,14.9,1500,15.3,1500,0,195000
ICICIPRULI30Jan20480PE.NFO,07/01/2020,12:19:30,15.35,14.95,1500,15.35,1500,0,195000
ICICIPRULI30Jan20480PE.NFO,07/01/2020,12:19:33,15.35,14.95,1500,15.3,1500,0,195000
ICICIPRULI30Jan20480PE.NFO,07/01/2020,12:19:36,15.35,14.95,1500,15.35,1500,0,195000
ICICIPRULI30Jan20480PE.NFO,07/01/2020,12:19:41,15.35,14.95,1500,15.3,1500,0,195000
ICICIPRULI30Jan20480PE.NFO,07/01/2020,12:19:46,15.35,14.9,1500,15.3,1500,0,195000
ICICIPRULI30Jan20480PE.NFO,07/01/2020,12:19:58,15.35,14.95,1500,15.3,1500,0,195000
ICICIPRULI30Jan20480PE.NFO,07/01/2020,12:20:00,15.35,15,1500,15.35,1500,0,195000
ICICIPRULI30Jan20480PE.NFO,07/01/2020,12:20:12,15.35,14.9,1500,15.35,1500,0,195000
ICICIPRULI30Jan20480PE.NFO,07/01/2020,12:20:16,15.35,14.95,1500,15.35,1500,0,195000
ICICIPRULI30Jan20480PE.NFO,07/01/2020,12:20:38,15.35,14.9,3000,15.35,1500,0,195000
ICICIPRULI30Jan20480PE.NFO,07/01/2020,12:22:06,15.35,15,3000,15.35,1500,0,195000
ICICIPRULI30Jan20480PE.NFO,07/01/2020,12:22:17,15.35,15,1500,15.35,1500,0,195000
ICICIPRULI30Jan20480PE.NFO,07/01/2020,12:22:20,15.35,14.95,1500,15.35,1500,0,195000
ICICIPRULI30Jan20480PE.NFO,07/01/2020,12:22:47,15.35,15,3000,15.45,1500,0,195000
ICICIPRULI30Jan20480PE.NFO,07/01/2020,12:23:23,15.35,14.95,1500,15.4,1500,0,195000
ICICIPRULI30Jan20480PE.NFO,07/01/2020,12:23:45,15.35,14.95,1500,15.35,1500,0,195000
ICICIPRULI30Jan20480PE.NFO,07/01/2020,12:24:15,15.35,14.85,1500,15.25,1500,0,195000
ICICIPRULI30Jan20480PE.NFO,07/01/2020,12:24:21,15.35,14.95,1500,15.3,1500,0,195000
ICICIPRULI30Jan20480PE.NFO,07/01/2020,12:25:15,15.35,14.95,1500,15.4,1500,0,195000
ICICIPRULI30Jan20480PE.NFO,07/01/2020,12:25:18,15.35,14.95,1500,15.3,1500,0,195000
ICICIPRULI30Jan20480PE.NFO,07/01/2020,12:25:23,15.35,14.95,1500,15.4,1500,0,195000
ICICIPRULI30Jan20480PE.NFO,07/01/2020,12:25:33,15.35,15,1500,15.4,1500,0,195000
ICICIPRULI30Jan20480PE.NFO,07/01/2020,12:25:42,15.35,14.9,1500,15.3,1500,0,195000
ICICIPRULI30Jan20480PE.NFO,07/01/2020,12:25:49,15.35,14.95,1500,15.3,1500,0,195000
ICICIPRULI30Jan20480PE.NFO,07/01/2020,12:25:55,15.35,14.9,1500,15.3,1500,0,195000
ICICIPRULI30Jan20480PE.NFO,07/01/2020,12:26:30,15.35,15.15,1500,15.55,1500,0,195000
ICICIPRULI30Jan20480PE.NFO,07/01/2020,12:26:38,15.35,15.1,1500,15.45,1500,0,195000
ICICIPRULI30Jan20480PE.NFO,07/01/2020,12:27:21,15.35,15.1,1500,15.55,1500,0,195000
ICICIPRULI30Jan20480PE.NFO,07/01/2020,12:27:37,15.35,15.1,1500,15.6,1500,0,195000
ICICIPRULI30Jan20480PE.NFO,07/01/2020,12:28:10,15.35,15.2,1500,15.6,1500,0,195000
ICICIPRULI30Jan20480PE.NFO,07/01/2020,12:28:13,15.35,15.15,1500,15.6,1500,0,195000
ICICIPRULI30Jan20480PE.NFO,07/01/2020,12:28:23,15.35,15.1,1500,15.5,1500,0,195000
ICICIPRULI30Jan20480PE.NFO,07/01/2020,12:28:26,15.35,15.05,1500,15.5,1500,0,195000
ICICIPRULI30Jan20480PE.NFO,07/01/2020,12:28:32,15.35,15.05,6000,15.5,1500,0,195000
ICICIPRULI30Jan20480PE.NFO,07/01/2020,12:29:04,15.35,15.15,3000,15.7,1500,0,195000
ICICIPRULI30Jan20480PE.NFO,07/01/2020,12:29:09,15.35,15.2,1500,15.7,1500,0,195000
ICICIPRULI30Jan20480PE.NFO,07/01/2020,12:29:14,15.35,15.15,1500,15.6,1500,0,195000
ICICIPRULI30Jan20480PE.NFO,07/01/2020,12:29:22,15.35,15.15,1500,15.6,3000,0,195000
ICICIPRULI30Jan20480PE.NFO,07/01/2020,12:29:27,15.35,15.15,1500,15.55,1500,0,195000
ICICIPRULI30Jan20480PE.NFO,07/01/2020,12:29:51,15.35,15.1,1500,15.5,3000,0,195000
ICICIPRULI30Jan20480PE.NFO,07/01/2020,12:30:04,15.35,15.15,3000,15.55,1500,0,195000
ICICIPRULI30Jan20480PE.NFO,07/01/2020,12:30:10,15.35,15.15,1500,15.55,1500,0,195000
ICICIPRULI30Jan20480PE.NFO,07/01/2020,12:30:16,15.35,15.1,1500,15.5,1500,0,195000
ICICIPRULI30Jan20480PE.NFO,07/01/2020,12:30:22,15.35,15.1,1500,15.55,1500,0,195000
ICICIPRULI30Jan20480PE.NFO,07/01/2020,12:30:36,15.35,15.15,3000,15.6,1500,0,195000
ICICIPRULI30Jan20480PE.NFO,07/01/2020,12:30:53,15.35,15.2,1500,15.6,1500,0,195000
ICICIPRULI30Jan20480PE.NFO,07/01/2020,12:31:02,15.35,15.15,1500,15.55,1500,0,195000
ICICIPRULI30Jan20480PE.NFO,07/01/2020,12:31:10,15.35,15.2,1500,15.6,1500,0,195000
ICICIPRULI30Jan20480PE.NFO,07/01/2020,12:31:14,15.35,15.15,1500,15.55,1500,0,195000
ICICIPRULI30Jan20480PE.NFO,07/01/2020,12:31:29,15.35,15.2,1500,15.6,1500,0,195000
ICICIPRULI30Jan20480PE.NFO,07/01/2020,12:31:37,15.35,15.15,1500,15.5,1500,0,195000
ICICIPRULI30Jan20480PE.NFO,07/01/2020,12:32:03,15.35,15.25,1500,15.6,1500,0,195000
ICICIPRULI30Jan20480PE.NFO,07/01/2020,12:32:07,15.35,15.2,3000,15.6,1500,0,195000
ICICIPRULI30Jan20480PE.NFO,07/01/2020,12:32:33,15.35,15.2,3000,15.7,1500,0,195000
ICICIPRULI30Jan20480PE.NFO,07/01/2020,12:32:39,15.35,15.2,3000,15.65,1500,0,195000
ICICIPRULI30Jan20480PE.NFO,07/01/2020,12:32:44,15.35,15.2,3000,15.7,1500,0,195000
ICICIPRULI30Jan20480PE.NFO,07/01/2020,12:32:48,15.35,15.2,3000,15.65,1500,0,195000
ICICIPRULI30Jan20480PE.NFO,07/01/2020,12:32:56,15.35,15.2,3000,15.7,1500,0,195000
ICICIPRULI30Jan20480PE.NFO,07/01/2020,12:33:00,15.35,15.2,3000,15.65,1500,0,195000
ICICIPRULI30Jan20480PE.NFO,07/01/2020,12:33:05,15.35,15.2,1500,15.6,1500,0,195000
ICICIPRULI30Jan20480PE.NFO,07/01/2020,12:33:09,15.35,15.25,1500,15.65,1500,0,195000
ICICIPRULI30Jan20480PE.NFO,07/01/2020,12:33:14,15.35,15.2,1500,15.6,1500,0,195000
ICICIPRULI30Jan20480PE.NFO,07/01/2020,12:33:24,15.35,15.25,1500,15.65,1500,0,195000
ICICIPRULI30Jan20480PE.NFO,07/01/2020,12:33:28,15.35,15.2,1500,15.6,1500,0,195000
ICICIPRULI30Jan20480PE.NFO,07/01/2020,12:33:31,15.35,15.25,1500,15.65,1500,0,195000
ICICIPRULI30Jan20480PE.NFO,07/01/2020,12:33:34,15.35,15.2,1500,15.6,1500,0,195000
ICICIPRULI30Jan20480PE.NFO,07/01/2020,12:33:37,15.35,15.25,1500,15.65,1500,0,195000
ICICIPRULI30Jan20480PE.NFO,07/01/2020,12:33:54,15.35,15.25,3000,15.75,1500,0,195000
ICICIPRULI30Jan20480PE.NFO,07/01/2020,12:34:00,15.35,15.25,3000,15.8,1500,0,195000
ICICIPRULI30Jan20480PE.NFO,07/01/2020,12:34:10,15.35,15.25,1500,15.65,1500,0,195000
ICICIPRULI30Jan20480PE.NFO,07/01/2020,12:34:19,15.35,15.25,1500,15.7,1500,0,195000
ICICIPRULI30Jan20480PE.NFO,07/01/2020,12:34:22,15.35,15.2,1500,15.7,1500,0,195000
ICICIPRULI30Jan20480PE.NFO,07/01/2020,12:34:35,15.35,15.15,1500,15.6,1500,0,195000
ICICIPRULI30Jan20480PE.NFO,07/01/2020,12:35:09,15.35,15.15,1500,15.55,1500,0,195000
ICICIPRULI30Jan20480PE.NFO,07/01/2020,12:35:23,15.35,15.1,1500,15.45,1500,0,195000
ICICIPRULI30Jan20480PE.NFO,07/01/2020,12:35:26,15.35,15.1,1500,15.55,1500,0,195000
ICICIPRULI30Jan20480PE.NFO,07/01/2020,12:35:29,15.35,15.05,1500,15.5,1500,0,195000
ICICIPRULI30Jan20480PE.NFO,07/01/2020,12:35:32,15.35,15.05,1500,15.45,1500,0,195000
ICICIPRULI30Jan20480PE.NFO,07/01/2020,12:35:35,15.35,15,1500,15.45,1500,0,195000
ICICIPRULI30Jan20480PE.NFO,07/01/2020,12:35:38,15.35,15.05,1500,15.45,1500,0,195000
ICICIPRULI30Jan20480PE.NFO,07/01/2020,12:35:41,15.35,15,1500,15.45,1500,0,195000
ICICIPRULI30Jan20480PE.NFO,07/01/2020,12:35:45,15.35,15.1,1500,15.45,1500,0,195000
ICICIPRULI30Jan20480PE.NFO,07/01/2020,12:35:49,15.35,15.05,1500,15.45,1500,0,195000
ICICIPRULI30Jan20480PE.NFO,07/01/2020,12:35:58,15.35,15.05,1500,15.55,1500,0,195000
ICICIPRULI30Jan20480PE.NFO,07/01/2020,12:36:02,15.35,15.05,1500,15.5,1500,0,195000
ICICIPRULI30Jan20480PE.NFO,07/01/2020,12:36:08,15.35,15.05,1500,15.45,1500,0,195000
ICICIPRULI30Jan20480PE.NFO,07/01/2020,12:36:13,15.35,15.05,1500,15.5,1500,0,195000
ICICIPRULI30Jan20480PE.NFO,07/01/2020,12:36:17,15.35,15.05,1500,15.45,1500,0,195000
ICICIPRULI30Jan20480PE.NFO,07/01/2020,12:36:21,15.35,15.1,1500,15.5,1500,0,195000
ICICIPRULI30Jan20480PE.NFO,07/01/2020,12:36:24,15.35,15.1,1500,15.45,1500,0,195000
ICICIPRULI30Jan20480PE.NFO,07/01/2020,12:36:26,15.35,15.1,1500,15.5,1500,0,195000
ICICIPRULI30Jan20480PE.NFO,07/01/2020,12:36:31,15.35,15.05,1500,15.45,1500,0,195000
ICICIPRULI30Jan20480PE.NFO,07/01/2020,12:36:35,15.35,15,1500,15.45,1500,0,195000
ICICIPRULI30Jan20480PE.NFO,07/01/2020,12:36:38,15.35,15,1500,15.4,1500,0,195000
ICICIPRULI30Jan20480PE.NFO,07/01/2020,12:37:38,15.35,14.9,1500,15.25,1500,0,195000
ICICIPRULI30Jan20480PE.NFO,07/01/2020,12:38:02,15.35,14.85,1500,15.2,1500,0,195000
ICICIPRULI30Jan20480PE.NFO,07/01/2020,12:38:05,15.35,14.8,1500,15.2,3000,0,195000
ICICIPRULI30Jan20480PE.NFO,07/01/2020,12:38:48,15.35,14.75,1500,15.2,3000,0,195000
ICICIPRULI30Jan20480PE.NFO,07/01/2020,12:38:57,15.35,14.6,4500,15.05,1500,0,195000
ICICIPRULI30Jan20480PE.NFO,07/01/2020,12:39:16,15.35,14.6,1500,15.1,1500,0,195000
ICICIPRULI30Jan20480PE.NFO,07/01/2020,12:39:34,15.35,14.6,1500,15,1500,0,195000
ICICIPRULI30Jan20480PE.NFO,07/01/2020,12:39:47,15.35,14.55,1500,15,1500,0,195000
ICICIPRULI30Jan20480PE.NFO,07/01/2020,12:39:58,15.35,14.45,1500,14.9,1500,0,195000
ICICIPRULI30Jan20480PE.NFO,07/01/2020,12:40:10,15.35,14.35,1500,14.8,1500,0,195000
ICICIPRULI30Jan20480PE.NFO,07/01/2020,12:40:13,15.35,14.3,1500,14.8,1500,0,195000
ICICIPRULI30Jan20480PE.NFO,07/01/2020,12:40:15,15.35,14.25,4500,14.7,1500,0,195000
ICICIPRULI30Jan20480PE.NFO,07/01/2020,12:40:18,15.35,14.3,4500,14.75,1500,0,195000
ICICIPRULI30Jan20480PE.NFO,07/01/2020,12:40:27,15.35,14.3,1500,14.75,1500,0,195000
ICICIPRULI30Jan20480PE.NFO,07/01/2020,12:40:34,15.35,14.35,1500,14.85,1500,0,195000
ICICIPRULI30Jan20480PE.NFO,07/01/2020,12:40:38,15.35,14.35,1500,14.8,1500,0,195000
ICICIPRULI30Jan20480PE.NFO,07/01/2020,12:40:43,15.35,14.25,1500,14.8,3000,0,195000
ICICIPRULI30Jan20480PE.NFO,07/01/2020,12:40:55,15.35,14.25,1500,14.7,1500,0,195000
ICICIPRULI30Jan20480PE.NFO,07/01/2020,12:40:59,15.35,14.3,1500,14.75,1500,0,195000
ICICIPRULI30Jan20480PE.NFO,07/01/2020,12:41:03,15.35,14.25,1500,14.7,1500,0,195000
ICICIPRULI30Jan20480PE.NFO,07/01/2020,12:41:17,15.35,14.2,1500,14.7,1500,0,195000
ICICIPRULI30Jan20480PE.NFO,07/01/2020,12:41:30,15.35,14.25,1500,14.7,1500,0,195000
ICICIPRULI30Jan20480PE.NFO,07/01/2020,12:41:40,15.35,14.3,1500,14.7,1500,0,195000
ICICIPRULI30Jan20480PE.NFO,07/01/2020,12:41:44,15.35,14.25,1500,14.7,1500,0,195000
ICICIPRULI30Jan20480PE.NFO,07/01/2020,12:41:58,15.35,14.3,1500,14.7,1500,0,195000
ICICIPRULI30Jan20480PE.NFO,07/01/2020,12:42:26,15.35,14.25,1500,14.7,1500,0,195000
ICICIPRULI30Jan20480PE.NFO,07/01/2020,12:42:30,15.35,14.3,1500,14.7,1500,0,195000
ICICIPRULI30Jan20480PE.NFO,07/01/2020,12:42:33,15.35,14.25,1500,14.7,1500,0,195000
ICICIPRULI30Jan20480PE.NFO,07/01/2020,12:42:45,15.35,14.3,1500,14.7,1500,0,195000
ICICIPRULI30Jan20480PE.NFO,07/01/2020,12:42:50,15.35,14.3,1500,14.75,1500,0,195000
ICICIPRULI30Jan20480PE.NFO,07/01/2020,12:42:57,15.35,14.25,1500,14.7,1500,0,195000
ICICIPRULI30Jan20480PE.NFO,07/01/2020,12:43:53,15.35,14.15,1500,14.7,3000,0,195000
ICICIPRULI30Jan20480PE.NFO,07/01/2020,12:44:14,15.35,14.2,1500,14.7,3000,0,195000
ICICIPRULI30Jan20480PE.NFO,07/01/2020,12:45:29,15.35,14.2,3000,14.7,3000,0,195000
ICICIPRULI30Jan20480PE.NFO,07/01/2020,12:45:32,15.35,14.2,1500,14.7,3000,0,195000
ICICIPRULI30Jan20480PE.NFO,07/01/2020,12:45:55,15.35,14.15,7500,14.7,3000,0,195000
ICICIPRULI30Jan20480PE.NFO,07/01/2020,12:46:15,15.35,14.25,1500,14.7,3000,0,195000
ICICIPRULI30Jan20480PE.NFO,07/01/2020,12:46:20,15.35,14.3,1500,14.7,3000,0,195000
ICICIPRULI30Jan20480PE.NFO,07/01/2020,12:46:25,15.35,14.25,1500,14.7,3000,0,195000
ICICIPRULI30Jan20480PE.NFO,07/01/2020,12:46:30,15.35,14.3,1500,14.7,3000,0,195000
ICICIPRULI30Jan20480PE.NFO,07/01/2020,12:46:44,15.35,14.25,1500,14.7,3000,0,195000
ICICIPRULI30Jan20480PE.NFO,07/01/2020,12:46:47,15.35,14.3,1500,14.7,3000,0,195000
ICICIPRULI30Jan20480PE.NFO,07/01/2020,12:46:50,15.35,14.2,1500,14.7,3000,0,195000
ICICIPRULI30Jan20480PE.NFO,07/01/2020,12:46:57,15.35,14.25,1500,14.7,3000,0,195000
ICICIPRULI30Jan20480PE.NFO,07/01/2020,12:47:00,15.35,14.3,1500,14.7,3000,0,195000
ICICIPRULI30Jan20480PE.NFO,07/01/2020,12:47:05,15.35,14.2,1500,14.7,3000,0,195000
ICICIPRULI30Jan20480PE.NFO,07/01/2020,12:47:11,15.35,14.1,1500,14.6,3000,0,195000
ICICIPRULI30Jan20480PE.NFO,07/01/2020,12:47:24,15.35,14.05,1500,14.6,3000,0,195000
ICICIPRULI30Jan20480PE.NFO,07/01/2020,12:47:40,15.35,14,1500,14.6,3000,0,195000
ICICIPRULI30Jan20480PE.NFO,07/01/2020,12:47:43,15.35,13.95,1500,14.6,3000,0,195000
ICICIPRULI30Jan20480PE.NFO,07/01/2020,12:47:46,15.35,14.05,1500,14.6,3000,0,195000
ICICIPRULI30Jan20480PE.NFO,07/01/2020,12:47:56,15.35,14,1500,14.6,3000,0,195000
ICICIPRULI30Jan20480PE.NFO,07/01/2020,12:47:59,15.35,14.05,1500,14.6,3000,0,195000
ICICIPRULI30Jan20480PE.NFO,07/01/2020,12:48:22,15.35,14.05,1500,14.4,1500,0,195000
ICICIPRULI30Jan20480PE.NFO,07/01/2020,12:48:43,15.35,14,1500,14.4,1500,0,195000
ICICIPRULI30Jan20480PE.NFO,07/01/2020,12:48:47,15.35,14,3000,14.4,1500,0,195000
ICICIPRULI30Jan20480PE.NFO,07/01/2020,12:48:52,15.35,14.05,1500,14.45,1500,0,195000
ICICIPRULI30Jan20480PE.NFO,07/01/2020,12:49:30,15.35,14.05,1500,14.4,3000,0,195000
ICICIPRULI30Jan20480PE.NFO,07/01/2020,12:49:36,15.35,13.95,1500,14.4,3000,0,195000
ICICIPRULI30Jan20480PE.NFO,07/01/2020,12:49:51,15.35,13.9,1500,14.4,3000,0,195000
ICICIPRULI30Jan20480PE.NFO,07/01/2020,12:49:54,15.35,13.95,1500,14.4,3000,0,195000
ICICIPRULI30Jan20480PE.NFO,07/01/2020,12:50:00,15.35,13.85,1500,14.4,3000,0,195000
ICICIPRULI30Jan20480PE.NFO,07/01/2020,12:50:05,15.35,13.9,1500,14.25,1500,0,195000
ICICIPRULI30Jan20480PE.NFO,07/01/2020,12:50:07,15.35,13.85,1500,14.25,1500,0,195000
ICICIPRULI30Jan20480PE.NFO,07/01/2020,12:50:11,15.35,13.8,1500,14.25,1500,0,195000
ICICIPRULI30Jan20480PE.NFO,07/01/2020,12:50:15,15.35,13.85,1500,14.3,1500,0,195000
ICICIPRULI30Jan20480PE.NFO,07/01/2020,12:50:18,15.35,13.8,4500,14.35,1500,0,195000
ICICIPRULI30Jan20480PE.NFO,07/01/2020,12:50:22,15.35,13.75,1500,14.3,3000,0,195000
ICICIPRULI30Jan20480PE.NFO,07/01/2020,12:50:30,15.35,13.8,1500,14.3,3000,0,195000
ICICIPRULI30Jan20480PE.NFO,07/01/2020,12:51:21,15.35,13.85,1500,14.3,3000,0,195000
ICICIPRULI30Jan20480PE.NFO,07/01/2020,12:51:38,15.35,13.9,1500,14.3,1500,0,195000
ICICIPRULI30Jan20480PE.NFO,07/01/2020,12:51:50,15.35,14,1500,14.45,3000,0,195000
ICICIPRULI30Jan20480PE.NFO,07/01/2020,12:51:54,15.35,14.05,1500,14.45,1500,0,195000
ICICIPRULI30Jan20480PE.NFO,07/01/2020,12:52:03,15.35,14,1500,14.45,3000,0,195000
ICICIPRULI30Jan20480PE.NFO,07/01/2020,12:52:06,15.35,13.95,1500,14.45,3000,0,195000
ICICIPRULI30Jan20480PE.NFO,07/01/2020,12:52:14,15.35,14,1500,14.45,3000,0,195000
ICICIPRULI30Jan20480PE.NFO,07/01/2020,12:52:29,15.35,14,1500,14.45,1500,0,195000
ICICIPRULI30Jan20480PE.NFO,07/01/2020,12:52:51,15.35,14.05,1500,14.5,1500,0,195000
ICICIPRULI30Jan20480PE.NFO,07/01/2020,12:53:01,15.35,14.05,1500,14.25,1500,0,195000
ICICIPRULI30Jan20480PE.NFO,07/01/2020,12:53:08,15.35,14,1500,14.25,1500,0,195000
ICICIPRULI30Jan20480PE.NFO,07/01/2020,12:53:18,15.35,14.05,1500,14.25,1500,0,195000
ICICIPRULI30Jan20480PE.NFO,07/01/2020,12:53:32,15.35,14,1500,14.25,1500,0,195000
ICICIPRULI30Jan20480PE.NFO,07/01/2020,12:53:42,15.35,13.95,1500,14.25,1500,0,195000
ICICIPRULI30Jan20480PE.NFO,07/01/2020,12:55:56,15.35,14,1500,14.25,1500,0,195000
ICICIPRULI30Jan20480PE.NFO,07/01/2020,12:59:31,15.35,14.05,1500,14.25,1500,0,195000
ICICIPRULI30Jan20480PE.NFO,07/01/2020,13:00:07,15.35,14.1,1500,14.25,1500,0,195000
ICICIPRULI30Jan20480PE.NFO,07/01/2020,13:00:15,14.25,14.3,1500,14.7,4500,1500,195000
ICICIPRULI30Jan20480PE.NFO,07/01/2020,13:00:22,14.25,14.35,1500,14.65,1500,0,195000
ICICIPRULI30Jan20480PE.NFO,07/01/2020,13:00:28,14.25,14.3,1500,14.65,1500,0,195000
ICICIPRULI30Jan20480PE.NFO,07/01/2020,13:00:33,14.25,14.35,1500,14.65,1500,0,195000
ICICIPRULI30Jan20480PE.NFO,07/01/2020,13:00:38,14.25,14.35,1500,14.7,1500,0,195000
ICICIPRULI30Jan20480PE.NFO,07/01/2020,13:00:44,14.25,14.3,1500,14.7,3000,0,195000
ICICIPRULI30Jan20480PE.NFO,07/01/2020,13:00:49,14.25,14.15,1500,14.55,1500,0,195000
ICICIPRULI30Jan20480PE.NFO,07/01/2020,13:01:00,14.25,14.2,1500,14.6,1500,0,195000
ICICIPRULI30Jan20480PE.NFO,07/01/2020,13:01:07,14.25,14.25,1500,14.6,1500,0,195000
ICICIPRULI30Jan20480PE.NFO,07/01/2020,13:01:28,14.25,14.2,1500,14.6,1500,0,195000
ICICIPRULI30Jan20480PE.NFO,07/01/2020,13:01:35,14.25,14.15,1500,14.6,3000,0,195000
ICICIPRULI30Jan20480PE.NFO,07/01/2020,13:01:41,14.25,14.2,1500,14.6,3000,0,195000
ICICIPRULI30Jan20480PE.NFO,07/01/2020,13:01:46,14.25,14.25,1500,14.6,1500,0,195000
ICICIPRULI30Jan20480PE.NFO,07/01/2020,13:01:51,14.25,14.2,1500,14.6,1500,0,195000
ICICIPRULI30Jan20480PE.NFO,07/01/2020,13:01:57,14.25,14.2,1500,14.6,3000,0,195000
ICICIPRULI30Jan20480PE.NFO,07/01/2020,13:02:04,14.25,14.15,1500,14.55,1500,0,195000
ICICIPRULI30Jan20480PE.NFO,07/01/2020,13:02:09,14.25,14.1,1500,14.5,1500,0,195000
ICICIPRULI30Jan20480PE.NFO,07/01/2020,13:02:20,14.25,14.15,1500,14.6,3000,0,195000
ICICIPRULI30Jan20480PE.NFO,07/01/2020,13:02:26,14.25,14.2,1500,14.6,3000,0,195000
ICICIPRULI30Jan20480PE.NFO,07/01/2020,13:02:37,14.25,14.15,1500,14.6,3000,0,195000
ICICIPRULI30Jan20480PE.NFO,07/01/2020,13:02:47,14.25,14.2,1500,14.6,3000,0,195000
ICICIPRULI30Jan20480PE.NFO,07/01/2020,13:02:51,14.25,14.15,1500,14.6,3000,0,195000
ICICIPRULI30Jan20480PE.NFO,07/01/2020,13:03:00,14.25,14.2,1500,14.6,1500,0,195000
ICICIPRULI30Jan20480PE.NFO,07/01/2020,13:03:12,14.25,14.25,1500,14.6,1500,0,195000
ICICIPRULI30Jan20480PE.NFO,07/01/2020,13:03:16,14.25,14.15,1500,14.6,1500,0,195000
ICICIPRULI30Jan20480PE.NFO,07/01/2020,13:03:22,14.25,14.15,1500,14.6,3000,0,195000
ICICIPRULI30Jan20480PE.NFO,07/01/2020,13:03:27,14.25,14.3,7500,14.8,1500,0,195000
ICICIPRULI30Jan20480PE.NFO,07/01/2020,13:03:32,14.25,14.55,1500,14.9,1500,0,195000
ICICIPRULI30Jan20480PE.NFO,07/01/2020,13:03:36,14.25,14.45,1500,14.9,1500,0,195000
ICICIPRULI30Jan20480PE.NFO,07/01/2020,13:03:39,14.25,14.55,1500,14.9,1500,0,195000
ICICIPRULI30Jan20480PE.NFO,07/01/2020,13:03:52,14.25,14.4,1500,14.8,1500,0,195000
ICICIPRULI30Jan20480PE.NFO,07/01/2020,13:03:57,14.25,14.4,1500,14.9,3000,0,195000
ICICIPRULI30Jan20480PE.NFO,07/01/2020,13:04:02,14.25,14.45,1500,14.9,1500,0,195000
ICICIPRULI30Jan20480PE.NFO,07/01/2020,13:04:07,14.25,14.45,3000,14.95,1500,0,195000
ICICIPRULI30Jan20480PE.NFO,07/01/2020,13:04:12,14.25,14.5,1500,14.9,1500,0,195000
ICICIPRULI30Jan20480PE.NFO,07/01/2020,13:04:16,14.25,14.55,1500,14.9,1500,0,195000
ICICIPRULI30Jan20480PE.NFO,07/01/2020,13:04:20,14.25,14.55,1500,15,1500,0,195000
ICICIPRULI30Jan20480PE.NFO,07/01/2020,13:04:24,14.25,14.6,1500,15,1500,0,195000
ICICIPRULI30Jan20480PE.NFO,07/01/2020,13:04:28,14.25,14.55,1500,15,3000,0,195000
ICICIPRULI30Jan20480PE.NFO,07/01/2020,13:04:45,14.25,14.6,3000,15,1500,0,195000
ICICIPRULI30Jan20480PE.NFO,07/01/2020,13:04:53,14.25,14.65,4500,15.15,1500,0,195000
ICICIPRULI30Jan20480PE.NFO,07/01/2020,13:04:59,14.25,14.7,1500,15.15,1500,0,195000
ICICIPRULI30Jan20480PE.NFO,07/01/2020,13:05:06,14.25,14.7,3000,15.15,1500,0,195000
ICICIPRULI30Jan20480PE.NFO,07/01/2020,13:05:14,14.25,14.8,1500,15.15,1500,0,195000
ICICIPRULI30Jan20480PE.NFO,07/01/2020,13:05:20,14.25,14.75,1500,15.15,1500,0,195000
ICICIPRULI30Jan20480PE.NFO,07/01/2020,13:05:31,14.25,14.8,1500,15.2,1500,0,195000
ICICIPRULI30Jan20480PE.NFO,07/01/2020,13:06:00,14.25,14.95,1500,15.5,3000,0,195000
ICICIPRULI30Jan20480PE.NFO,07/01/2020,13:06:12,14.25,14.95,1500,15.4,3000,0,195000
ICICIPRULI30Jan20480PE.NFO,07/01/2020,13:06:18,14.25,15.05,1500,15.55,1500,0,195000
ICICIPRULI30Jan20480PE.NFO,07/01/2020,13:06:34,14.25,15.1,1500,15.55,1500,0,195000
ICICIPRULI30Jan20480PE.NFO,07/01/2020,13:06:43,14.25,15.2,1500,15.55,1500,0,195000
ICICIPRULI30Jan20480PE.NFO,07/01/2020,13:07:28,14.25,15.1,1500,15.6,3000,0,195000
ICICIPRULI30Jan20480PE.NFO,07/01/2020,13:07:39,14.25,15.15,1500,15.6,1500,0,195000
ICICIPRULI30Jan20480PE.NFO,07/01/2020,13:09:13,14.25,15.2,3000,15.7,1500,0,195000
ICICIPRULI30Jan20480PE.NFO,07/01/2020,13:10:05,14.25,15.25,3000,15.7,1500,0,195000
ICICIPRULI30Jan20480PE.NFO,07/01/2020,13:12:02,14.25,15.2,1500,15.6,1500,0,195000
ICICIPRULI30Jan20480PE.NFO,07/01/2020,13:12:35,14.25,15.25,1500,15.7,1500,0,195000
ICICIPRULI30Jan20480PE.NFO,07/01/2020,13:13:07,14.25,15.15,1500,15.65,1500,0,195000
ICICIPRULI30Jan20480PE.NFO,07/01/2020,13:13:55,14.25,15.2,1500,15.7,1500,0,195000
ICICIPRULI30Jan20480PE.NFO,07/01/2020,13:14:01,14.25,15.3,1500,15.8,3000,0,195000
ICICIPRULI30Jan20480PE.NFO,07/01/2020,13:14:11,14.25,15.3,1500,15.8,1500,0,195000
ICICIPRULI30Jan20480PE.NFO,07/01/2020,13:14:20,14.25,15.25,1500,15.7,1500,0,195000
ICICIPRULI30Jan20480PE.NFO,07/01/2020,13:14:28,14.25,15.3,1500,15.8,1500,0,195000
ICICIPRULI30Jan20480PE.NFO,07/01/2020,13:14:38,14.25,15.3,1500,15.7,1500,0,195000
ICICIPRULI30Jan20480PE.NFO,07/01/2020,13:14:50,14.25,15.3,1500,15.8,1500,0,195000
ICICIPRULI30Jan20480PE.NFO,07/01/2020,13:15:09,14.25,15.35,3000,15.9,1500,0,195000
ICICIPRULI30Jan20480PE.NFO,07/01/2020,13:15:32,14.25,15.45,3000,16,1500,0,195000
ICICIPRULI30Jan20480PE.NFO,07/01/2020,13:15:39,14.25,15.55,1500,16,1500,0,195000
ICICIPRULI30Jan20480PE.NFO,07/01/2020,13:15:46,14.25,15.45,1500,15.95,1500,0,195000
ICICIPRULI30Jan20480PE.NFO,07/01/2020,13:15:52,14.25,15.55,1500,15.95,1500,0,195000
ICICIPRULI30Jan20480PE.NFO,07/01/2020,13:16:16,14.25,15.4,1500,15.85,1500,0,195000
ICICIPRULI30Jan20480PE.NFO,07/01/2020,13:17:22,14.25,15.5,1500,15.95,1500,0,195000
ICICIPRULI30Jan20480PE.NFO,07/01/2020,13:17:30,14.25,15.6,1500,16,3000,0,195000
ICICIPRULI30Jan20480PE.NFO,07/01/2020,13:18:19,14.25,15.7,1500,16,1500,0,195000
ICICIPRULI30Jan20480PE.NFO,07/01/2020,13:18:30,14.25,15.7,1500,16,3000,0,195000
ICICIPRULI30Jan20480PE.NFO,07/01/2020,13:18:47,14.25,15.65,1500,15.95,1500,0,195000
ICICIPRULI30Jan20480PE.NFO,07/01/2020,13:19:09,14.25,15.65,1500,16,1500,0,195000
ICICIPRULI30Jan20480PE.NFO,07/01/2020,13:19:15,16,16,3000,16.35,3000,1500,195000
ICICIPRULI30Jan20480PE.NFO,07/01/2020,13:19:15,16,16,3000,16.35,3000,0,195000
ICICIPRULI30Jan20480PE.NFO,07/01/2020,13:19:20,16,16,3000,16.35,3000,0,195000
ICICIPRULI30Jan20480PE.NFO,07/01/2020,13:19:39,16,15.9,1500,16.2,3000,0,195000
ICICIPRULI30Jan20480PE.NFO,07/01/2020,13:19:48,16,15.95,3000,16.2,1500,0,195000
ICICIPRULI30Jan20480PE.NFO,07/01/2020,13:19:52,16,15.85,1500,16.15,1500,0,195000
ICICIPRULI30Jan20480PE.NFO,07/01/2020,13:19:55,16,15.85,3000,16.2,1500,0,195000
ICICIPRULI30Jan20480PE.NFO,07/01/2020,13:20:00,16,15.85,1500,16.2,1500,0,195000
ICICIPRULI30Jan20480PE.NFO,07/01/2020,13:20:05,16,15.85,1500,16.15,1500,0,195000
ICICIPRULI30Jan20480PE.NFO,07/01/2020,13:20:15,16,15.8,1500,16.15,1500,0,195000
ICICIPRULI30Jan20480PE.NFO,07/01/2020,13:20:29,16,15.9,1500,16.2,1500,0,195000
ICICIPRULI30Jan20480PE.NFO,07/01/2020,13:20:33,16,15.85,1500,16.15,1500,0,195000
ICICIPRULI30Jan20480PE.NFO,07/01/2020,13:20:45,16,15.95,3000,16.3,1500,0,195000
ICICIPRULI30Jan20480PE.NFO,07/01/2020,13:21:24,16,15.95,3000,16.55,1500,0,195000
ICICIPRULI30Jan20480PE.NFO,07/01/2020,13:22:48,16,16.2,1500,16.65,1500,0,195000
ICICIPRULI30Jan20480PE.NFO,07/01/2020,13:22:53,16,16.2,3000,16.65,1500,0,195000
ICICIPRULI30Jan20480PE.NFO,07/01/2020,13:23:04,16,16.2,1500,16.7,1500,0,195000
ICICIPRULI30Jan20480PE.NFO,07/01/2020,13:23:10,16,16.2,1500,16.6,1500,0,195000
ICICIPRULI30Jan20480PE.NFO,07/01/2020,13:23:17,16,16.15,3000,16.4,1500,0,195000
ICICIPRULI30Jan20480PE.NFO,07/01/2020,13:23:22,16,16.15,1500,16.4,1500,0,195000
ICICIPRULI30Jan20480PE.NFO,07/01/2020,13:23:28,16,16.15,3000,16.5,1500,0,195000
ICICIPRULI30Jan20480PE.NFO,07/01/2020,13:23:39,16,16.15,4500,16.5,1500,0,195000
ICICIPRULI30Jan20480PE.NFO,07/01/2020,13:23:50,16,16.15,3000,16.5,1500,0,195000
ICICIPRULI30Jan20480PE.NFO,07/01/2020,13:24:02,16,16.15,4500,16.5,1500,0,195000
ICICIPRULI30Jan20480PE.NFO,07/01/2020,13:24:14,16,16.1,1500,16.45,1500,0,195000
ICICIPRULI30Jan20480PE.NFO,07/01/2020,13:24:50,16.1,15.8,1500,16.15,1500,1500,193500
ICICIPRULI30Jan20480PE.NFO,07/01/2020,13:24:50,16.1,15.8,1500,16.15,1500,0,193500
ICICIPRULI30Jan20480PE.NFO,07/01/2020,13:24:57,16.1,15.8,1500,16.25,1500,0,193500
ICICIPRULI30Jan20480PE.NFO,07/01/2020,13:25:02,16.1,15.8,1500,16.15,1500,0,193500
ICICIPRULI30Jan20480PE.NFO,07/01/2020,13:25:08,16.1,15.8,1500,16.1,1500,0,193500
ICICIPRULI30Jan20480PE.NFO,07/01/2020,13:25:15,16.1,15.85,1500,16.25,1500,0,193500
ICICIPRULI30Jan20480PE.NFO,07/01/2020,13:25:21,16.1,15.8,1500,16.25,1500,0,193500
ICICIPRULI30Jan20480PE.NFO,07/01/2020,13:25:27,16.1,15.75,3000,16.25,1500,0,193500
ICICIPRULI30Jan20480PE.NFO,07/01/2020,13:26:15,16.1,15.6,1500,16,1500,0,193500
ICICIPRULI30Jan20480PE.NFO,07/01/2020,13:26:33,16.1,15.6,1500,15.95,1500,0,193500
ICICIPRULI30Jan20480PE.NFO,07/01/2020,13:26:55,16.1,15.55,3000,15.95,1500,0,193500
ICICIPRULI30Jan20480PE.NFO,07/01/2020,13:27:00,16.1,15.55,1500,15.9,1500,0,193500
ICICIPRULI30Jan20480PE.NFO,07/01/2020,13:27:20,16.1,15.55,3000,16,1500,0,193500
ICICIPRULI30Jan20480PE.NFO,07/01/2020,13:27:40,16.1,15.5,1500,16,1500,0,193500
ICICIPRULI30Jan20480PE.NFO,07/01/2020,13:28:05,16.1,15.55,1500,16,1500,0,193500
ICICIPRULI30Jan20480PE.NFO,07/01/2020,13:28:11,16.1,15.55,1500,16.05,1500,0,193500
ICICIPRULI30Jan20480PE.NFO,07/01/2020,13:28:21,16.1,15.5,1500,16.05,3000,0,193500
ICICIPRULI30Jan20480PE.NFO,07/01/2020,13:28:43,16.1,15.6,1500,16.05,1500,0,193500
ICICIPRULI30Jan20480PE.NFO,07/01/2020,13:28:49,16.1,15.6,1500,16.1,1500,0,193500
ICICIPRULI30Jan20480PE.NFO,07/01/2020,13:28:55,16.1,15.6,1500,16.2,3000,0,193500
ICICIPRULI30Jan20480PE.NFO,07/01/2020,13:29:03,16.1,15.7,1500,16.2,1500,0,193500
ICICIPRULI30Jan20480PE.NFO,07/01/2020,13:29:09,16.1,15.55,1500,16.2,3000,0,193500
ICICIPRULI30Jan20480PE.NFO,07/01/2020,13:29:16,16.1,15.55,1500,16.2,1500,0,193500
ICICIPRULI30Jan20480PE.NFO,07/01/2020,13:29:27,16.1,15.65,1500,16.2,1500,0,193500
ICICIPRULI30Jan20480PE.NFO,07/01/2020,13:29:34,16.1,15.65,1500,16.2,3000,0,193500
ICICIPRULI30Jan20480PE.NFO,07/01/2020,13:29:40,16.1,15.65,1500,16.3,1500,0,193500
ICICIPRULI30Jan20480PE.NFO,07/01/2020,13:30:05,16.1,15.75,1500,16.25,1500,0,193500
ICICIPRULI30Jan20480PE.NFO,07/01/2020,13:30:27,16.1,15.85,1500,16.4,1500,0,193500
ICICIPRULI30Jan20480PE.NFO,07/01/2020,13:30:35,16.1,15.8,1500,16.3,1500,0,193500
ICICIPRULI30Jan20480PE.NFO,07/01/2020,13:31:05,16.1,15.75,1500,16.25,1500,0,193500
ICICIPRULI30Jan20480PE.NFO,07/01/2020,13:31:12,16.1,15.75,1500,16.3,1500,0,193500
ICICIPRULI30Jan20480PE.NFO,07/01/2020,13:31:23,16.1,15.75,1500,16.15,1500,0,193500
ICICIPRULI30Jan20480PE.NFO,07/01/2020,13:31:46,16.1,15.6,1500,16.05,1500,0,193500
ICICIPRULI30Jan20480PE.NFO,07/01/2020,13:32:01,16.1,15.45,1500,15.9,1500,0,193500
ICICIPRULI30Jan20480PE.NFO,07/01/2020,13:32:08,16.1,15.45,1500,16,1500,0,193500
ICICIPRULI30Jan20480PE.NFO,07/01/2020,13:32:14,16.1,15.45,1500,15.95,1500,0,193500
ICICIPRULI30Jan20480PE.NFO,07/01/2020,13:32:19,16.1,15.45,1500,16,1500,0,193500
ICICIPRULI30Jan20480PE.NFO,07/01/2020,13:32:48,16.1,15.65,1500,16.05,1500,0,193500
ICICIPRULI30Jan20480PE.NFO,07/01/2020,13:32:53,16.1,15.6,1500,16.05,1500,0,193500
ICICIPRULI30Jan20480PE.NFO,07/01/2020,13:33:17,16.1,15.55,1500,16.05,1500,0,193500
ICICIPRULI30Jan20480PE.NFO,07/01/2020,13:33:36,16.1,15.55,1500,16,1500,0,193500
ICICIPRULI30Jan20480PE.NFO,07/01/2020,13:33:47,16.1,15.5,1500,15.95,1500,0,193500
ICICIPRULI30Jan20480PE.NFO,07/01/2020,13:33:53,16.1,15.45,1500,15.95,1500,0,193500
ICICIPRULI30Jan20480PE.NFO,07/01/2020,13:36:15,16.1,15.35,1500,15.85,3000,0,193500
ICICIPRULI30Jan20480PE.NFO,07/01/2020,13:36:40,16.1,15.35,1500,15.85,1500,0,193500
ICICIPRULI30Jan20480PE.NFO,07/01/2020,13:36:46,16.1,15.4,1500,15.95,1500,0,193500
ICICIPRULI30Jan20480PE.NFO,07/01/2020,13:37:01,16.1,15.4,1500,15.9,3000,0,193500
ICICIPRULI30Jan20480PE.NFO,07/01/2020,13:37:25,16.1,15.35,1500,15.9,3000,0,193500
ICICIPRULI30Jan20480PE.NFO,07/01/2020,13:37:28,16.1,15.35,1500,15.9,1500,0,193500
ICICIPRULI30Jan20480PE.NFO,07/01/2020,13:37:33,16.1,15.35,1500,15.85,1500,0,193500
ICICIPRULI30Jan20480PE.NFO,07/01/2020,13:38:13,16.1,15.3,1500,15.85,3000,0,193500
ICICIPRULI30Jan20480PE.NFO,07/01/2020,13:39:03,16.1,15.15,1500,15.75,1500,0,193500
ICICIPRULI30Jan20480PE.NFO,07/01/2020,13:39:08,16.1,15.15,1500,15.75,3000,0,193500
ICICIPRULI30Jan20480PE.NFO,07/01/2020,13:39:12,16.1,15.15,1500,15.75,1500,0,193500
ICICIPRULI30Jan20480PE.NFO,07/01/2020,13:39:25,16.1,15.15,1500,15.7,1500,0,193500
ICICIPRULI30Jan20480PE.NFO,07/01/2020,13:39:28,16.1,15.25,1500,15.75,1500,0,193500
ICICIPRULI30Jan20480PE.NFO,07/01/2020,13:39:48,16.1,15.4,1500,15.9,1500,0,193500
ICICIPRULI30Jan20480PE.NFO,07/01/2020,13:39:57,16.1,15.6,1500,15.8,1500,0,193500
ICICIPRULI30Jan20480PE.NFO,07/01/2020,13:40:06,16.1,15.6,1500,15.9,1500,0,193500
ICICIPRULI30Jan20480PE.NFO,07/01/2020,13:40:11,16.1,15.6,1500,15.8,1500,0,193500
ICICIPRULI30Jan20480PE.NFO,07/01/2020,13:40:22,16.1,15.6,1500,15.85,1500,0,193500
ICICIPRULI30Jan20480PE.NFO,07/01/2020,13:40:26,16.1,15.6,1500,15.8,1500,0,193500
ICICIPRULI30Jan20480PE.NFO,07/01/2020,13:40:39,16.1,15.6,1500,15.85,1500,0,193500
ICICIPRULI30Jan20480PE.NFO,07/01/2020,13:40:42,16.1,15.6,1500,15.8,1500,0,193500
ICICIPRULI30Jan20480PE.NFO,07/01/2020,13:40:47,16.1,15.7,1500,15.8,1500,0,193500
ICICIPRULI30Jan20480PE.NFO,07/01/2020,13:40:57,15.8,15.45,1500,15.85,1500,1500,193500
ICICIPRULI30Jan20480PE.NFO,07/01/2020,13:41:01,15.8,15.45,1500,15.85,1500,0,193500
ICICIPRULI30Jan20480PE.NFO,07/01/2020,13:42:06,15.8,15.45,1500,15.9,1500,0,193500
ICICIPRULI30Jan20480PE.NFO,07/01/2020,13:42:23,15.8,15.25,1500,15.9,1500,0,193500
ICICIPRULI30Jan20480PE.NFO,07/01/2020,13:42:30,15.8,15.25,1500,15.9,3000,0,193500
ICICIPRULI30Jan20480PE.NFO,07/01/2020,13:42:39,15.8,15.4,1500,15.9,3000,0,193500
ICICIPRULI30Jan20480PE.NFO,07/01/2020,13:42:55,15.8,15.3,1500,15.9,3000,0,193500
ICICIPRULI30Jan20480PE.NFO,07/01/2020,13:43:04,15.8,15.3,1500,15.9,1500,0,193500
ICICIPRULI30Jan20480PE.NFO,07/01/2020,13:43:08,15.8,15.3,1500,15.9,3000,0,193500
ICICIPRULI30Jan20480PE.NFO,07/01/2020,13:44:04,15.8,15.4,1500,15.9,1500,0,193500
ICICIPRULI30Jan20480PE.NFO,07/01/2020,13:44:52,15.8,15.4,1500,15.95,1500,0,193500
ICICIPRULI30Jan20480PE.NFO,07/01/2020,13:45:04,15.8,15.4,1500,15.9,1500,0,193500
ICICIPRULI30Jan20480PE.NFO,07/01/2020,13:45:09,15.8,15.35,1500,15.9,3000,0,193500
ICICIPRULI30Jan20480PE.NFO,07/01/2020,13:45:16,15.8,15.3,1500,15.9,3000,0,193500
ICICIPRULI30Jan20480PE.NFO,07/01/2020,13:45:32,15.8,15.25,1500,15.9,3000,0,193500
ICICIPRULI30Jan20480PE.NFO,07/01/2020,13:45:56,15.8,15.2,1500,15.9,3000,0,193500
ICICIPRULI30Jan20480PE.NFO,07/01/2020,13:46:34,15.8,15.1,1500,15.9,3000,0,193500
ICICIPRULI30Jan20480PE.NFO,07/01/2020,13:46:41,15.8,15.1,1500,15.6,3000,0,193500
ICICIPRULI30Jan20480PE.NFO,07/01/2020,13:46:49,15.8,15,1500,15.55,1500,0,193500
ICICIPRULI30Jan20480PE.NFO,07/01/2020,13:47:04,15.8,15.1,1500,15.6,1500,0,193500
ICICIPRULI30Jan20480PE.NFO,07/01/2020,13:47:16,15.8,15.05,1500,15.55,1500,0,193500
ICICIPRULI30Jan20480PE.NFO,07/01/2020,13:47:31,15.8,15.05,1500,15.6,3000,0,193500
ICICIPRULI30Jan20480PE.NFO,07/01/2020,13:47:55,15.8,15,1500,15.55,3000,0,193500
ICICIPRULI30Jan20480PE.NFO,07/01/2020,13:48:11,15.8,14.95,1500,15.55,3000,0,193500
ICICIPRULI30Jan20480PE.NFO,07/01/2020,13:48:41,15.8,15.05,1500,15.55,1500,0,193500
ICICIPRULI30Jan20480PE.NFO,07/01/2020,13:48:45,15.8,15,1500,15.55,3000,0,193500
ICICIPRULI30Jan20480PE.NFO,07/01/2020,13:49:02,15.8,14.8,1500,15.55,3000,0,193500
ICICIPRULI30Jan20480PE.NFO,07/01/2020,13:51:00,15.8,14.75,3000,15.55,3000,0,193500
ICICIPRULI30Jan20480PE.NFO,07/01/2020,13:52:44,15.8,14.7,1500,15.55,3000,0,193500
ICICIPRULI30Jan20480PE.NFO,07/01/2020,13:53:50,15.8,14.9,3000,15.45,1500,0,193500
ICICIPRULI30Jan20480PE.NFO,07/01/2020,13:53:57,15.8,14.9,1500,15.45,1500,0,193500
ICICIPRULI30Jan20480PE.NFO,07/01/2020,13:54:03,15.8,14.9,3000,15.45,1500,0,193500
ICICIPRULI30Jan20480PE.NFO,07/01/2020,13:54:22,15.8,14.9,4500,15.45,1500,0,193500
ICICIPRULI30Jan20480PE.NFO,07/01/2020,13:55:08,15.8,14.8,1500,15.3,3000,0,193500
ICICIPRULI30Jan20480PE.NFO,07/01/2020,13:55:14,15.8,14.75,1500,15.3,3000,0,193500
ICICIPRULI30Jan20480PE.NFO,07/01/2020,13:55:20,15.8,14.8,4500,15.35,3000,0,193500
ICICIPRULI30Jan20480PE.NFO,07/01/2020,13:55:35,15.8,14.75,1500,15.3,3000,0,193500
ICICIPRULI30Jan20480PE.NFO,07/01/2020,13:56:01,15.8,14.9,3000,15.4,1500,0,193500
ICICIPRULI30Jan20480PE.NFO,07/01/2020,13:56:08,15.8,14.9,1500,15.45,3000,0,193500
ICICIPRULI30Jan20480PE.NFO,07/01/2020,13:56:30,15.8,15,1500,15.5,1500,0,193500
ICICIPRULI30Jan20480PE.NFO,07/01/2020,13:56:37,15.8,14.95,1500,15.45,3000,0,193500
ICICIPRULI30Jan20480PE.NFO,07/01/2020,13:57:14,15.8,14.8,1500,15.3,1500,0,193500
ICICIPRULI30Jan20480PE.NFO,07/01/2020,13:57:18,15.8,14.8,1500,15.35,1500,0,193500
ICICIPRULI30Jan20480PE.NFO,07/01/2020,13:57:22,15.8,14.85,4500,15.35,3000,0,193500
ICICIPRULI30Jan20480PE.NFO,07/01/2020,13:57:26,15.8,14.85,4500,15.35,1500,0,193500
ICICIPRULI30Jan20480PE.NFO,07/01/2020,13:58:01,15.8,14.9,1500,15.35,1500,0,193500
ICICIPRULI30Jan20480PE.NFO,07/01/2020,13:58:13,15.8,14.85,1500,15.35,3000,0,193500
ICICIPRULI30Jan20480PE.NFO,07/01/2020,13:58:16,15.8,14.85,1500,15.4,3000,0,193500
ICICIPRULI30Jan20480PE.NFO,07/01/2020,13:58:30,15.8,15,1500,15.5,1500,0,193500
ICICIPRULI30Jan20480PE.NFO,07/01/2020,13:58:57,15.8,14.95,1500,15.5,3000,0,193500
ICICIPRULI30Jan20480PE.NFO,07/01/2020,13:59:01,15.8,14.9,1500,15.5,3000,0,193500
ICICIPRULI30Jan20480PE.NFO,07/01/2020,13:59:33,15.8,14.85,1500,15.5,3000,0,193500
ICICIPRULI30Jan20480PE.NFO,07/01/2020,14:00:53,15.8,14.8,1500,15.5,3000,0,193500
ICICIPRULI30Jan20480PE.NFO,07/01/2020,14:00:59,15.8,14.75,1500,15.5,3000,0,193500
ICICIPRULI30Jan20480PE.NFO,07/01/2020,14:01:05,15.8,14.7,1500,15.5,3000,0,193500
ICICIPRULI30Jan20480PE.NFO,07/01/2020,14:02:08,15.8,14.65,1500,15.5,3000,0,193500
ICICIPRULI30Jan20480PE.NFO,07/01/2020,14:02:35,15.8,14.6,1500,15.5,3000,0,193500
ICICIPRULI30Jan20480PE.NFO,07/01/2020,14:02:48,15.8,14.75,4500,15.5,3000,0,193500
ICICIPRULI30Jan20480PE.NFO,07/01/2020,14:02:50,15.8,14.7,1500,15.5,3000,0,193500
ICICIPRULI30Jan20480PE.NFO,07/01/2020,14:02:53,15.8,14.75,1500,15.5,3000,0,193500
ICICIPRULI30Jan20480PE.NFO,07/01/2020,14:02:56,15.8,14.75,3000,15.5,3000,0,193500
ICICIPRULI30Jan20480PE.NFO,07/01/2020,14:03:23,15.8,14.8,4500,15.5,3000,0,193500
ICICIPRULI30Jan20480PE.NFO,07/01/2020,14:03:27,15.8,14.8,4500,15.4,1500,0,193500
ICICIPRULI30Jan20480PE.NFO,07/01/2020,14:04:09,15.8,14.8,4500,15.45,1500,0,193500
ICICIPRULI30Jan20480PE.NFO,07/01/2020,14:04:48,15.8,14.95,1500,15.5,1500,0,193500
ICICIPRULI30Jan20480PE.NFO,07/01/2020,14:05:00,15.8,14.95,1500,15.55,1500,0,193500
ICICIPRULI30Jan20480PE.NFO,07/01/2020,14:05:26,15.8,14.95,1500,15.6,3000,0,193500
ICICIPRULI30Jan20480PE.NFO,07/01/2020,14:06:36,15.8,15.05,1500,15.6,3000,0,193500
ICICIPRULI30Jan20480PE.NFO,07/01/2020,14:06:42,15.8,15.05,1500,15.6,1500,0,193500
ICICIPRULI30Jan20480PE.NFO,07/01/2020,14:07:55,15.8,15.15,1500,15.7,1500,0,193500
ICICIPRULI30Jan20480PE.NFO,07/01/2020,14:08:00,15.8,15.15,1500,15.8,1500,0,193500
ICICIPRULI30Jan20480PE.NFO,07/01/2020,14:08:15,15.8,15.15,1500,15.8,3000,0,193500
ICICIPRULI30Jan20480PE.NFO,07/01/2020,14:08:20,15.8,15.15,1500,15.8,1500,0,193500
ICICIPRULI30Jan20480PE.NFO,07/01/2020,14:08:35,15.8,15.15,1500,15.8,3000,0,193500
ICICIPRULI30Jan20480PE.NFO,07/01/2020,14:08:40,15.8,15.15,1500,15.8,1500,0,193500
ICICIPRULI30Jan20480PE.NFO,07/01/2020,14:08:53,15.8,15.15,1500,15.8,3000,0,193500
ICICIPRULI30Jan20480PE.NFO,07/01/2020,14:09:13,15.8,15.15,1500,15.8,1500,0,193500
ICICIPRULI30Jan20480PE.NFO,07/01/2020,14:09:17,15.8,15.15,1500,15.8,3000,0,193500
ICICIPRULI30Jan20480PE.NFO,07/01/2020,14:09:21,15.8,15.15,1500,15.8,1500,0,193500
ICICIPRULI30Jan20480PE.NFO,07/01/2020,14:09:45,15.8,15.15,1500,15.7,1500,0,193500
ICICIPRULI30Jan20480PE.NFO,07/01/2020,14:10:25,15.8,15.15,1500,15.85,1500,0,193500
ICICIPRULI30Jan20480PE.NFO,07/01/2020,14:10:30,15.8,15.15,1500,15.8,1500,0,193500
ICICIPRULI30Jan20480PE.NFO,07/01/2020,14:10:48,15.8,15.15,1500,15.8,3000,0,193500
ICICIPRULI30Jan20480PE.NFO,07/01/2020,14:11:04,15.8,15.15,1500,15.8,1500,0,193500
ICICIPRULI30Jan20480PE.NFO,07/01/2020,14:11:22,15.8,15.15,1500,15.7,1500,0,193500
ICICIPRULI30Jan20480PE.NFO,07/01/2020,14:12:57,15.8,15.15,1500,15.6,1500,0,193500
ICICIPRULI30Jan20480PE.NFO,07/01/2020,14:13:13,15.15,14.55,1500,15.4,1500,1500,193500
ICICIPRULI30Jan20480PE.NFO,07/01/2020,14:13:17,15.15,14.55,1500,15.15,1500,0,193500
ICICIPRULI30Jan20480PE.NFO,07/01/2020,14:13:21,15.15,14.5,1500,15.05,1500,0,193500
ICICIPRULI30Jan20480PE.NFO,07/01/2020,14:13:26,15.15,14.45,1500,15.05,1500,0,193500
ICICIPRULI30Jan20480PE.NFO,07/01/2020,14:13:33,15.15,14.5,4500,15.05,1500,0,193500
ICICIPRULI30Jan20480PE.NFO,07/01/2020,14:13:58,15.15,14.5,3000,15.05,1500,0,193500
ICICIPRULI30Jan20480PE.NFO,07/01/2020,14:14:04,15.15,14.5,4500,15.05,1500,0,193500
ICICIPRULI30Jan20480PE.NFO,07/01/2020,14:14:51,15.15,14.5,3000,15.05,1500,0,193500
ICICIPRULI30Jan20480PE.NFO,07/01/2020,14:15:04,15.15,14.5,1500,15,1500,0,193500
ICICIPRULI30Jan20480PE.NFO,07/01/2020,14:15:22,15.15,14.45,3000,14.95,3000,0,193500
ICICIPRULI30Jan20480PE.NFO,07/01/2020,14:15:28,15.15,14.45,6000,15.05,1500,0,193500
ICICIPRULI30Jan20480PE.NFO,07/01/2020,14:16:03,15.15,14.7,3000,15.2,1500,0,193500
ICICIPRULI30Jan20480PE.NFO,07/01/2020,14:16:27,15.15,14.6,3000,15.2,3000,0,193500
ICICIPRULI30Jan20480PE.NFO,07/01/2020,14:16:36,15.15,14.65,1500,15.2,3000,0,193500
ICICIPRULI30Jan20480PE.NFO,07/01/2020,14:16:41,15.15,14.6,1500,15.2,3000,0,193500
ICICIPRULI30Jan20480PE.NFO,07/01/2020,14:16:56,15.15,14.55,1500,15.2,3000,0,193500
ICICIPRULI30Jan20480PE.NFO,07/01/2020,14:17:14,15.15,14.55,3000,15.2,3000,0,193500
ICICIPRULI30Jan20480PE.NFO,07/01/2020,14:17:24,15.15,14.65,1500,15.2,3000,0,193500
ICICIPRULI30Jan20480PE.NFO,07/01/2020,14:17:30,15.15,14.6,3000,15.2,3000,0,193500
ICICIPRULI30Jan20480PE.NFO,07/01/2020,14:17:43,15.15,14.6,1500,15.2,3000,0,193500
ICICIPRULI30Jan20480PE.NFO,07/01/2020,14:18:25,15.15,14.45,1500,15.1,3000,0,193500
ICICIPRULI30Jan20480PE.NFO,07/01/2020,14:18:41,15.15,14.35,3000,15.1,3000,0,193500
ICICIPRULI30Jan20480PE.NFO,07/01/2020,14:18:45,15.15,14.45,1500,15.1,3000,0,193500
ICICIPRULI30Jan20480PE.NFO,07/01/2020,14:19:01,15.15,14.5,1500,15.1,3000,0,193500
ICICIPRULI30Jan20480PE.NFO,07/01/2020,14:19:06,15.15,14.45,1500,15.1,3000,0,193500
ICICIPRULI30Jan20480PE.NFO,07/01/2020,14:19:09,15.15,14.45,3000,15.1,3000,0,193500
ICICIPRULI30Jan20480PE.NFO,07/01/2020,14:19:15,15.15,14.5,3000,15.1,3000,0,193500
ICICIPRULI30Jan20480PE.NFO,07/01/2020,14:19:19,15.15,14.55,3000,15.1,3000,0,193500
ICICIPRULI30Jan20480PE.NFO,07/01/2020,14:19:27,15.15,14.45,1500,15.1,3000,0,193500
ICICIPRULI30Jan20480PE.NFO,07/01/2020,14:21:07,15.15,14.4,1500,15.1,3000,0,193500
ICICIPRULI30Jan20480PE.NFO,07/01/2020,14:21:23,15.15,14.35,1500,15.1,3000,0,193500
ICICIPRULI30Jan20480PE.NFO,07/01/2020,14:23:52,15.15,14.25,1500,15.1,3000,0,193500
ICICIPRULI30Jan20480PE.NFO,07/01/2020,14:24:09,15.15,14.25,1500,15,1500,0,193500
ICICIPRULI30Jan20480PE.NFO,07/01/2020,14:24:17,15.15,14.3,1500,14.9,1500,0,193500
ICICIPRULI30Jan20480PE.NFO,07/01/2020,14:25:33,15.15,14.3,3000,14.9,1500,0,193500
ICICIPRULI30Jan20480PE.NFO,07/01/2020,14:25:53,15.15,14.3,1500,14.9,1500,0,193500
ICICIPRULI30Jan20480PE.NFO,07/01/2020,14:26:12,15.15,14.35,1500,14.9,1500,0,193500
ICICIPRULI30Jan20480PE.NFO,07/01/2020,14:26:30,15.15,14.3,1500,14.9,1500,0,193500
ICICIPRULI30Jan20480PE.NFO,07/01/2020,14:27:21,15.15,14.3,3000,14.9,1500,0,193500
ICICIPRULI30Jan20480PE.NFO,07/01/2020,14:27:26,15.15,14.3,1500,14.9,1500,0,193500
ICICIPRULI30Jan20480PE.NFO,07/01/2020,14:29:57,15.15,14.3,1500,14.8,1500,0,193500
ICICIPRULI30Jan20480PE.NFO,07/01/2020,14:30:25,15.15,14.25,6000,14.8,1500,0,193500
ICICIPRULI30Jan20480PE.NFO,07/01/2020,14:30:42,15.15,14.1,1500,14.7,1500,0,193500
ICICIPRULI30Jan20480PE.NFO,07/01/2020,14:30:50,15.15,14,1500,14.5,1500,0,193500
ICICIPRULI30Jan20480PE.NFO,07/01/2020,14:31:05,15.15,14,1500,14.4,1500,0,193500
ICICIPRULI30Jan20480PE.NFO,07/01/2020,14:32:04,15.15,14,1500,14.45,1500,0,193500
ICICIPRULI30Jan20480PE.NFO,07/01/2020,14:32:39,15.15,14,1500,14.4,1500,0,193500
ICICIPRULI30Jan20480PE.NFO,07/01/2020,14:33:15,15.15,14,1500,14.2,1500,0,193500
ICICIPRULI30Jan20480PE.NFO,07/01/2020,14:33:27,14,13.85,3000,14.35,1500,1500,193500
ICICIPRULI30Jan20480PE.NFO,07/01/2020,14:33:33,14,13.95,1500,14.4,1500,0,193500
ICICIPRULI30Jan20480PE.NFO,07/01/2020,14:34:17,14,13.85,3000,14.4,1500,0,193500
ICICIPRULI30Jan20480PE.NFO,07/01/2020,14:34:37,14,13.95,1500,14.4,1500,0,193500
ICICIPRULI30Jan20480PE.NFO,07/01/2020,14:35:04,14,13.85,6000,14.35,1500,0,193500
ICICIPRULI30Jan20480PE.NFO,07/01/2020,14:35:28,14,13.85,7500,14.4,1500,0,193500
ICICIPRULI30Jan20480PE.NFO,07/01/2020,14:35:41,14,13.95,1500,14.4,1500,0,193500
ICICIPRULI30Jan20480PE.NFO,07/01/2020,14:36:19,14,13.95,1500,14.45,1500,0,193500
ICICIPRULI30Jan20480PE.NFO,07/01/2020,14:37:06,14,13.95,1500,14.4,1500,0,193500
ICICIPRULI30Jan20480PE.NFO,07/01/2020,14:37:36,14,13.95,1500,14.35,1500,0,193500
ICICIPRULI30Jan20480PE.NFO,07/01/2020,14:38:31,14,13.95,1500,14.4,1500,0,193500
ICICIPRULI30Jan20480PE.NFO,07/01/2020,14:39:04,14,14.05,1500,14.4,1500,0,193500
ICICIPRULI30Jan20480PE.NFO,07/01/2020,14:39:08,14,14.05,1500,14.45,1500,0,193500
ICICIPRULI30Jan20480PE.NFO,07/01/2020,14:39:26,14,14,1500,14.4,1500,0,193500
ICICIPRULI30Jan20480PE.NFO,07/01/2020,14:40:23,14,14.1,1500,14.45,1500,0,193500
ICICIPRULI30Jan20480PE.NFO,07/01/2020,14:40:47,14,14,1500,14.45,1500,0,193500
ICICIPRULI30Jan20480PE.NFO,07/01/2020,14:40:56,14,14,1500,14.35,1500,0,193500
ICICIPRULI30Jan20480PE.NFO,07/01/2020,14:41:18,14,14,1500,14.4,3000,0,193500
ICICIPRULI30Jan20480PE.NFO,07/01/2020,14:41:31,14,14,1500,14.4,1500,0,193500
ICICIPRULI30Jan20480PE.NFO,07/01/2020,14:42:22,14,14.1,4500,14.4,1500,0,193500
ICICIPRULI30Jan20480PE.NFO,07/01/2020,14:42:32,14,14.1,4500,14.45,1500,0,193500
ICICIPRULI30Jan20480PE.NFO,07/01/2020,14:43:01,14,14.15,1500,14.5,1500,0,193500
ICICIPRULI30Jan20480PE.NFO,07/01/2020,14:43:07,14,14.2,1500,14.55,1500,0,193500
ICICIPRULI30Jan20480PE.NFO,07/01/2020,14:43:31,14,14.2,1500,14.55,3000,0,193500
ICICIPRULI30Jan20480PE.NFO,07/01/2020,14:43:42,14,14.15,1500,14.55,3000,0,193500
ICICIPRULI30Jan20480PE.NFO,07/01/2020,14:43:57,14,14.1,1500,14.45,1500,0,193500
ICICIPRULI30Jan20480PE.NFO,07/01/2020,14:44:31,14,14.1,1500,14.5,1500,0,193500
ICICIPRULI30Jan20480PE.NFO,07/01/2020,14:44:37,14,14.1,1500,14.5,3000,0,193500
ICICIPRULI30Jan20480PE.NFO,07/01/2020,14:44:47,14,14.1,1500,14.5,1500,0,193500
ICICIPRULI30Jan20480PE.NFO,07/01/2020,14:44:54,14,14.1,1500,14.5,3000,0,193500
ICICIPRULI30Jan20480PE.NFO,07/01/2020,14:45:13,14,14.3,1500,14.65,1500,0,193500
ICICIPRULI30Jan20480PE.NFO,07/01/2020,14:45:21,14,14.3,6000,14.7,1500,0,193500
ICICIPRULI30Jan20480PE.NFO,07/01/2020,14:45:29,14,14.35,4500,14.75,1500,0,193500
ICICIPRULI30Jan20480PE.NFO,07/01/2020,14:45:36,14,14.45,1500,14.8,1500,0,193500
ICICIPRULI30Jan20480PE.NFO,07/01/2020,14:45:42,14,14.6,1500,15,3000,0,193500
ICICIPRULI30Jan20480PE.NFO,07/01/2020,14:45:47,14,14.75,3000,15.2,1500,0,193500
ICICIPRULI30Jan20480PE.NFO,07/01/2020,14:45:53,14,14.95,4500,15.2,1500,0,193500
ICICIPRULI30Jan20480PE.NFO,07/01/2020,14:46:00,15.2,15.1,4500,15.5,1500,1500,192000
ICICIPRULI30Jan20480PE.NFO,07/01/2020,14:46:07,15.2,15.1,4500,15.5,1500,0,192000
ICICIPRULI30Jan20480PE.NFO,07/01/2020,14:46:21,15.2,14.9,7500,15.4,1500,0,192000
ICICIPRULI30Jan20480PE.NFO,07/01/2020,14:46:48,15.2,14.85,1500,15.4,3000,0,192000
ICICIPRULI30Jan20480PE.NFO,07/01/2020,14:46:55,15.2,14.9,1500,15.4,3000,0,192000
ICICIPRULI30Jan20480PE.NFO,07/01/2020,14:47:25,15.2,14.85,1500,15.4,3000,0,192000
ICICIPRULI30Jan20480PE.NFO,07/01/2020,14:48:04,15.2,14.85,3000,15.4,3000,0,192000
ICICIPRULI30Jan20480PE.NFO,07/01/2020,14:48:09,15.2,14.85,1500,15.4,3000,0,192000
ICICIPRULI30Jan20480PE.NFO,07/01/2020,14:48:25,15.2,14.9,1500,15.4,3000,0,192000
ICICIPRULI30Jan20480PE.NFO,07/01/2020,14:48:56,15.2,14.85,1500,15.4,3000,0,192000
ICICIPRULI30Jan20480PE.NFO,07/01/2020,14:49:32,15.2,14.85,3000,15.4,3000,0,192000
ICICIPRULI30Jan20480PE.NFO,07/01/2020,14:50:33,15.2,14.85,1500,15.4,3000,0,192000
ICICIPRULI30Jan20480PE.NFO,07/01/2020,14:50:40,15.2,14.8,6000,15.4,3000,0,192000
ICICIPRULI30Jan20480PE.NFO,07/01/2020,14:50:45,15.2,14.85,1500,15.4,3000,0,192000
ICICIPRULI30Jan20480PE.NFO,07/01/2020,14:50:51,15.2,14.8,6000,15.4,3000,0,192000
ICICIPRULI30Jan20480PE.NFO,07/01/2020,14:51:07,15.2,14.9,1500,15.4,3000,0,192000
ICICIPRULI30Jan20480PE.NFO,07/01/2020,14:52:26,15.2,14.9,3000,15.4,3000,0,192000
ICICIPRULI30Jan20480PE.NFO,07/01/2020,14:52:38,15.2,14.95,3000,15.4,1500,0,192000
ICICIPRULI30Jan20480PE.NFO,07/01/2020,14:52:47,15.2,14.95,1500,15.4,1500,0,192000
ICICIPRULI30Jan20480PE.NFO,07/01/2020,14:52:51,15.4,15.2,1500,15.7,1500,1500,192000
ICICIPRULI30Jan20480PE.NFO,07/01/2020,14:52:54,15.4,15.2,1500,15.7,1500,0,192000
ICICIPRULI30Jan20480PE.NFO,07/01/2020,14:53:06,15.4,15.15,3000,15.7,1500,0,192000
ICICIPRULI30Jan20480PE.NFO,07/01/2020,14:53:13,15.4,15.25,4500,15.75,1500,0,192000
ICICIPRULI30Jan20480PE.NFO,07/01/2020,14:53:20,15.4,15.3,1500,15.6,1500,0,192000
ICICIPRULI30Jan20480PE.NFO,07/01/2020,14:53:28,15.45,15.1,1500,15.6,1500,1500,192000
ICICIPRULI30Jan20480PE.NFO,07/01/2020,14:53:36,15.45,15.1,1500,15.6,1500,0,192000
ICICIPRULI30Jan20480PE.NFO,07/01/2020,14:54:34,15.45,15.1,3000,15.55,1500,0,192000
ICICIPRULI30Jan20480PE.NFO,07/01/2020,14:55:19,15.45,15.05,7500,15.55,1500,0,192000
ICICIPRULI30Jan20480PE.NFO,07/01/2020,14:55:33,15.45,15.1,1500,15.55,1500,0,192000
ICICIPRULI30Jan20480PE.NFO,07/01/2020,14:56:47,15.45,15.05,4500,15.55,3000,0,192000
ICICIPRULI30Jan20480PE.NFO,07/01/2020,14:56:55,15.45,15.05,3000,15.55,3000,0,192000
ICICIPRULI30Jan20480PE.NFO,07/01/2020,14:57:00,15.45,15.05,3000,15.55,1500,0,192000
ICICIPRULI30Jan20480PE.NFO,07/01/2020,14:57:05,15.45,15.05,3000,15.55,3000,0,192000
ICICIPRULI30Jan20480PE.NFO,07/01/2020,14:57:10,15.45,15.05,1500,15.55,3000,0,192000
ICICIPRULI30Jan20480PE.NFO,07/01/2020,14:57:32,15.45,15.2,1500,15.55,1500,0,192000
ICICIPRULI30Jan20480PE.NFO,07/01/2020,14:57:37,15.45,15.2,3000,15.65,1500,0,192000
ICICIPRULI30Jan20480PE.NFO,07/01/2020,14:57:43,15.45,15.3,1500,15.75,3000,0,192000
ICICIPRULI30Jan20480PE.NFO,07/01/2020,14:57:47,15.55,15.3,1500,15.7,1500,1500,192000
ICICIPRULI30Jan20480PE.NFO,07/01/2020,14:57:55,15.55,15.3,1500,15.7,1500,0,192000
ICICIPRULI30Jan20480PE.NFO,07/01/2020,14:58:34,15.55,15.2,3000,15.7,3000,0,192000
ICICIPRULI30Jan20480PE.NFO,07/01/2020,14:58:51,15.55,15.2,1500,15.7,3000,0,192000
ICICIPRULI30Jan20480PE.NFO,07/01/2020,14:59:08,15.55,15.55,1500,16.05,1500,0,192000
ICICIPRULI30Jan20480PE.NFO,07/01/2020,14:59:15,15.1,14.95,1500,15.45,1500,6000,192000
ICICIPRULI30Jan20480PE.NFO,07/01/2020,14:59:21,15.1,14.95,1500,15.45,1500,0,192000
ICICIPRULI30Jan20480PE.NFO,07/01/2020,14:59:25,15.1,14.9,4500,15.35,1500,0,192000
ICICIPRULI30Jan20480PE.NFO,07/01/2020,14:59:29,15.1,14.75,1500,15.25,1500,0,192000
ICICIPRULI30Jan20480PE.NFO,07/01/2020,15:00:04,15.1,14.65,4500,15.15,1500,0,192000
ICICIPRULI30Jan20480PE.NFO,07/01/2020,15:00:13,15.1,14.8,1500,15.15,1500,0,192000
ICICIPRULI30Jan20480PE.NFO,07/01/2020,15:00:21,15.1,14.9,1500,15.15,1500,0,192000
ICICIPRULI30Jan20480PE.NFO,07/01/2020,15:00:35,15.1,14.9,1500,15.2,1500,0,192000
ICICIPRULI30Jan20480PE.NFO,07/01/2020,15:01:15,15.1,14.85,1500,15.2,1500,0,192000
ICICIPRULI30Jan20480PE.NFO,07/01/2020,15:01:30,15.1,15.1,1500,15.25,1500,0,192000
ICICIPRULI30Jan20480PE.NFO,07/01/2020,15:01:46,15.1,15.15,1500,15.35,1500,0,192000
ICICIPRULI30Jan20480PE.NFO,07/01/2020,15:02:05,15.4,15.2,1500,15.5,1500,1500,193500
ICICIPRULI30Jan20480PE.NFO,07/01/2020,15:02:10,15.4,15.3,1500,16,1500,0,193500
ICICIPRULI30Jan20480PE.NFO,07/01/2020,15:02:16,15.4,15.5,1500,16,1500,0,193500
ICICIPRULI30Jan20480PE.NFO,07/01/2020,15:02:33,15.4,15.7,1500,16.4,1500,0,193500
ICICIPRULI30Jan20480PE.NFO,07/01/2020,15:02:38,15.4,15.7,3000,16.4,1500,0,193500
ICICIPRULI30Jan20480PE.NFO,07/01/2020,15:02:48,15.4,15.7,1500,16.4,1500,0,193500
ICICIPRULI30Jan20480PE.NFO,07/01/2020,15:02:53,15.4,15.65,3000,16.4,1500,0,193500
ICICIPRULI30Jan20480PE.NFO,07/01/2020,15:03:04,15.4,15.75,1500,16.4,1500,0,193500
ICICIPRULI30Jan20480PE.NFO,07/01/2020,15:03:09,15.4,15.7,1500,16.3,1500,0,193500
ICICIPRULI30Jan20480PE.NFO,07/01/2020,15:03:15,15.4,15.7,3000,16.3,3000,0,193500
ICICIPRULI30Jan20480PE.NFO,07/01/2020,15:03:36,15.4,15.75,1500,16.3,3000,0,193500
ICICIPRULI30Jan20480PE.NFO,07/01/2020,15:04:11,15.4,16,1500,16.3,1500,0,193500
ICICIPRULI30Jan20480PE.NFO,07/01/2020,15:04:34,15.9,15.5,3000,16,1500,3000,192000
ICICIPRULI30Jan20480PE.NFO,07/01/2020,15:04:39,15.9,15.5,3000,15.95,1500,0,192000
ICICIPRULI30Jan20480PE.NFO,07/01/2020,15:04:45,15.9,15.5,1500,15.95,1500,0,192000
ICICIPRULI30Jan20480PE.NFO,07/01/2020,15:05:24,15.9,15.55,1500,16.1,1500,0,192000
