Ticker,Date,Time,LTP,BuyPrice,BuyQty,SellPrice,SellQty,LTQ,OpenInterest
ICICIPRULI30Jan20470PE.NFO,07/01/2020,09:29:20,10.6,10.4,1500,10.65,1500,1500,213000
ICICIPRULI30Jan20470PE.NFO,07/01/2020,09:29:20,10.6,10.4,1500,10.65,1500,0,213000
ICICIPRULI30Jan20470PE.NFO,07/01/2020,09:29:20,10.6,10.4,1500,10.65,1500,0,213000
ICICIPRULI30Jan20470PE.NFO,07/01/2020,09:29:20,10.6,10.4,1500,10.65,1500,0,213000
ICICIPRULI30Jan20470PE.NFO,07/01/2020,09:29:25,10.6,10.4,3000,10.75,1500,0,213000
ICICIPRULI30Jan20470PE.NFO,07/01/2020,09:29:37,10.6,10.4,3000,10.75,3000,0,213000
ICICIPRULI30Jan20470PE.NFO,07/01/2020,09:29:42,10.6,10.45,3000,10.75,1500,0,213000
ICICIPRULI30Jan20470PE.NFO,07/01/2020,09:29:52,10.6,10.35,1500,10.75,1500,0,213000
ICICIPRULI30Jan20470PE.NFO,07/01/2020,09:29:56,10.6,10.4,3000,10.8,1500,0,213000
ICICIPRULI30Jan20470PE.NFO,07/01/2020,09:30:00,10.6,10.45,1500,10.8,1500,0,213000
ICICIPRULI30Jan20470PE.NFO,07/01/2020,09:30:10,10.6,10.3,1500,10.75,1500,0,213000
ICICIPRULI30Jan20470PE.NFO,07/01/2020,09:30:12,10.6,10.35,4500,10.75,3000,0,213000
ICICIPRULI30Jan20470PE.NFO,07/01/2020,09:30:14,10.6,10.2,1500,10.75,3000,0,213000
ICICIPRULI30Jan20470PE.NFO,07/01/2020,09:30:15,10.6,10.3,3000,10.75,3000,0,213000
ICICIPRULI30Jan20470PE.NFO,07/01/2020,09:30:42,10.6,10.5,1500,10.75,3000,0,213000
ICICIPRULI30Jan20470PE.NFO,07/01/2020,09:30:43,10.6,10.35,1500,10.75,3000,0,213000
ICICIPRULI30Jan20470PE.NFO,07/01/2020,09:30:48,10.6,10.5,1500,10.75,1500,0,213000
ICICIPRULI30Jan20470PE.NFO,07/01/2020,09:30:49,10.6,10.35,1500,10.75,3000,0,213000
ICICIPRULI30Jan20470PE.NFO,07/01/2020,09:30:50,10.6,10.3,1500,10.75,3000,0,213000
ICICIPRULI30Jan20470PE.NFO,07/01/2020,09:30:51,10.6,10.25,1500,10.75,3000,0,213000
ICICIPRULI30Jan20470PE.NFO,07/01/2020,09:30:53,10.6,10.35,1500,10.75,3000,0,213000
ICICIPRULI30Jan20470PE.NFO,07/01/2020,09:30:55,10.6,10.3,1500,10.75,3000,0,213000
ICICIPRULI30Jan20470PE.NFO,07/01/2020,09:30:57,10.6,10.35,1500,10.75,3000,0,213000
ICICIPRULI30Jan20470PE.NFO,07/01/2020,09:30:58,10.6,10.3,1500,10.75,3000,0,213000
ICICIPRULI30Jan20470PE.NFO,07/01/2020,09:31:01,10.6,10.25,1500,10.75,3000,0,213000
ICICIPRULI30Jan20470PE.NFO,07/01/2020,09:31:01,10.6,10.15,1500,10.75,3000,0,213000
ICICIPRULI30Jan20470PE.NFO,07/01/2020,09:31:02,10.6,10.05,3000,10.5,3000,0,213000
ICICIPRULI30Jan20470PE.NFO,07/01/2020,09:31:05,10.6,10,1500,10.5,3000,0,213000
ICICIPRULI30Jan20470PE.NFO,07/01/2020,09:31:07,10.6,10.05,1500,10.5,3000,0,213000
ICICIPRULI30Jan20470PE.NFO,07/01/2020,09:31:09,10.6,10,1500,10.5,3000,0,213000
ICICIPRULI30Jan20470PE.NFO,07/01/2020,09:31:10,10.6,9.95,1500,10.5,3000,0,213000
ICICIPRULI30Jan20470PE.NFO,07/01/2020,09:31:11,10.6,10,1500,10.5,3000,0,213000
ICICIPRULI30Jan20470PE.NFO,07/01/2020,09:31:18,10.6,10,1500,10.5,4500,0,213000
ICICIPRULI30Jan20470PE.NFO,07/01/2020,09:31:24,10.6,9.85,1500,10.2,3000,0,213000
ICICIPRULI30Jan20470PE.NFO,07/01/2020,09:31:29,10.6,9.8,1500,10.1,1500,0,213000
ICICIPRULI30Jan20470PE.NFO,07/01/2020,09:31:40,10.6,9.75,1500,10.1,1500,0,213000
ICICIPRULI30Jan20470PE.NFO,07/01/2020,09:32:31,10.6,9.75,3000,10.1,1500,0,213000
ICICIPRULI30Jan20470PE.NFO,07/01/2020,09:32:37,10.6,9.75,1500,10.1,1500,0,213000
ICICIPRULI30Jan20470PE.NFO,07/01/2020,09:32:49,10.6,9.8,1500,10.1,1500,0,213000
ICICIPRULI30Jan20470PE.NFO,07/01/2020,09:33:00,10.6,9.85,1500,10.1,1500,0,213000
ICICIPRULI30Jan20470PE.NFO,07/01/2020,09:33:11,10.6,9.75,3000,10.1,1500,0,213000
ICICIPRULI30Jan20470PE.NFO,07/01/2020,09:33:17,10.6,9.75,1500,10.1,1500,0,213000
ICICIPRULI30Jan20470PE.NFO,07/01/2020,09:33:22,10.6,9.55,6000,10,1500,0,213000
ICICIPRULI30Jan20470PE.NFO,07/01/2020,09:33:28,10.6,9.65,7500,10,1500,0,213000
ICICIPRULI30Jan20470PE.NFO,07/01/2020,09:33:43,9.65,9.5,1500,10,3000,9000,213000
ICICIPRULI30Jan20470PE.NFO,07/01/2020,09:33:43,9.65,9.5,1500,10,3000,0,213000
ICICIPRULI30Jan20470PE.NFO,07/01/2020,09:33:48,9.65,9.45,1500,10,3000,0,213000
ICICIPRULI30Jan20470PE.NFO,07/01/2020,09:33:52,9.65,9.45,1500,9.65,3000,0,213000
ICICIPRULI30Jan20470PE.NFO,07/01/2020,09:33:57,9.65,9.4,1500,9.65,3000,0,213000
ICICIPRULI30Jan20470PE.NFO,07/01/2020,09:34:27,9.65,9.35,1500,9.65,3000,0,213000
ICICIPRULI30Jan20470PE.NFO,07/01/2020,09:34:33,9.65,8.95,1500,9.5,1500,0,213000
ICICIPRULI30Jan20470PE.NFO,07/01/2020,09:34:40,9.65,8.95,1500,9.3,1500,0,213000
ICICIPRULI30Jan20470PE.NFO,07/01/2020,09:34:56,9.65,8.6,1500,9.35,1500,0,213000
ICICIPRULI30Jan20470PE.NFO,07/01/2020,09:35:01,9.65,8.7,1500,9.05,1500,0,213000
ICICIPRULI30Jan20470PE.NFO,07/01/2020,09:35:17,9.65,8.7,1500,9.35,1500,0,213000
ICICIPRULI30Jan20470PE.NFO,07/01/2020,09:36:33,9.65,8.7,1500,9.2,1500,0,213000
ICICIPRULI30Jan20470PE.NFO,07/01/2020,09:36:56,9.65,8.7,1500,9,1500,0,213000
ICICIPRULI30Jan20470PE.NFO,07/01/2020,09:37:10,8.85,8.7,1500,9,1500,1500,222000
ICICIPRULI30Jan20470PE.NFO,07/01/2020,09:37:10,8.85,8.7,1500,9,1500,0,222000
ICICIPRULI30Jan20470PE.NFO,07/01/2020,09:37:23,8.85,8.7,1500,9,1500,0,222000
ICICIPRULI30Jan20470PE.NFO,07/01/2020,09:37:58,8.7,8.6,1500,9,1500,1500,222000
ICICIPRULI30Jan20470PE.NFO,07/01/2020,09:37:58,8.7,8.6,1500,9,1500,0,222000
ICICIPRULI30Jan20470PE.NFO,07/01/2020,09:38:02,8.7,8.6,1500,9,1500,0,222000
ICICIPRULI30Jan20470PE.NFO,07/01/2020,09:38:07,8.7,8.55,1500,8.8,1500,0,222000
ICICIPRULI30Jan20470PE.NFO,07/01/2020,09:38:45,8.7,8.5,1500,8.7,3000,0,222000
ICICIPRULI30Jan20470PE.NFO,07/01/2020,09:38:54,8.65,8.5,1500,8.8,3000,1500,223500
ICICIPRULI30Jan20470PE.NFO,07/01/2020,09:38:54,8.65,8.5,1500,8.8,3000,0,223500
ICICIPRULI30Jan20470PE.NFO,07/01/2020,09:38:59,8.65,8.5,1500,8.8,3000,0,223500
ICICIPRULI30Jan20470PE.NFO,07/01/2020,09:39:07,8.65,8.45,1500,8.8,3000,0,223500
ICICIPRULI30Jan20470PE.NFO,07/01/2020,09:39:11,8.65,8.25,1500,8.65,1500,0,223500
ICICIPRULI30Jan20470PE.NFO,07/01/2020,09:39:16,8.65,8.2,1500,8.5,1500,0,223500
ICICIPRULI30Jan20470PE.NFO,07/01/2020,09:39:26,8.65,8.25,3000,8.65,1500,0,223500
ICICIPRULI30Jan20470PE.NFO,07/01/2020,09:39:35,8.65,8.25,3000,8.75,1500,0,223500
ICICIPRULI30Jan20470PE.NFO,07/01/2020,09:39:43,8.65,8.25,1500,8.75,1500,0,223500
ICICIPRULI30Jan20470PE.NFO,07/01/2020,09:39:51,8.65,8.25,1500,8.7,1500,0,223500
ICICIPRULI30Jan20470PE.NFO,07/01/2020,09:39:55,8.65,8.25,1500,8.6,1500,0,223500
ICICIPRULI30Jan20470PE.NFO,07/01/2020,09:40:03,8.65,8.2,1500,8.6,1500,0,223500
ICICIPRULI30Jan20470PE.NFO,07/01/2020,09:40:14,8.65,8.2,1500,8.5,1500,0,223500
ICICIPRULI30Jan20470PE.NFO,07/01/2020,09:40:19,8.65,8.25,1500,8.6,1500,0,223500
ICICIPRULI30Jan20470PE.NFO,07/01/2020,09:40:24,8.65,8.2,1500,8.6,1500,0,223500
ICICIPRULI30Jan20470PE.NFO,07/01/2020,09:40:39,8.65,8.2,1500,8.55,1500,0,223500
ICICIPRULI30Jan20470PE.NFO,07/01/2020,09:40:44,8.65,8.2,1500,8.6,1500,0,223500
ICICIPRULI30Jan20470PE.NFO,07/01/2020,09:40:48,8.65,8.25,3000,8.65,1500,0,223500
ICICIPRULI30Jan20470PE.NFO,07/01/2020,09:40:57,8.65,8.2,1500,8.6,1500,0,223500
ICICIPRULI30Jan20470PE.NFO,07/01/2020,09:41:08,8.65,8.2,1500,8.65,3000,0,223500
ICICIPRULI30Jan20470PE.NFO,07/01/2020,09:41:14,8.65,8.2,1500,8.6,1500,0,223500
ICICIPRULI30Jan20470PE.NFO,07/01/2020,09:42:11,8.65,8.25,1500,8.6,1500,0,223500
ICICIPRULI30Jan20470PE.NFO,07/01/2020,09:42:17,8.65,8.25,1500,8.65,1500,0,223500
ICICIPRULI30Jan20470PE.NFO,07/01/2020,09:42:24,8.65,8.2,3000,8.6,1500,0,223500
ICICIPRULI30Jan20470PE.NFO,07/01/2020,09:42:38,8.65,8.2,3000,8.65,1500,0,223500
ICICIPRULI30Jan20470PE.NFO,07/01/2020,09:42:45,8.65,8.25,3000,8.65,1500,0,223500
ICICIPRULI30Jan20470PE.NFO,07/01/2020,09:43:14,8.65,8.35,1500,8.65,1500,0,223500
ICICIPRULI30Jan20470PE.NFO,07/01/2020,09:43:25,8.65,8.2,1500,8.55,1500,0,223500
ICICIPRULI30Jan20470PE.NFO,07/01/2020,09:43:30,8.65,8.15,1500,8.5,1500,0,223500
ICICIPRULI30Jan20470PE.NFO,07/01/2020,09:43:44,8.65,8.1,1500,8.45,1500,0,223500
ICICIPRULI30Jan20470PE.NFO,07/01/2020,09:43:53,8.65,7.95,1500,8.3,1500,0,223500
ICICIPRULI30Jan20470PE.NFO,07/01/2020,09:43:57,7.95,7.8,1500,8.15,1500,1500,223500
ICICIPRULI30Jan20470PE.NFO,07/01/2020,09:43:57,7.95,7.8,1500,8.15,1500,0,223500
ICICIPRULI30Jan20470PE.NFO,07/01/2020,09:44:02,7.95,7.8,1500,8.1,3000,0,223500
ICICIPRULI30Jan20470PE.NFO,07/01/2020,09:44:12,7.95,7.8,3000,8.15,1500,0,223500
ICICIPRULI30Jan20470PE.NFO,07/01/2020,09:44:16,7.95,7.8,3000,8.25,1500,0,223500
ICICIPRULI30Jan20470PE.NFO,07/01/2020,09:44:17,7.95,7.8,3000,8.15,1500,0,223500
ICICIPRULI30Jan20470PE.NFO,07/01/2020,09:44:18,7.95,7.8,3000,8.25,1500,0,223500
ICICIPRULI30Jan20470PE.NFO,07/01/2020,09:44:27,7.95,7.8,3000,8.35,1500,0,223500
ICICIPRULI30Jan20470PE.NFO,07/01/2020,09:44:41,7.95,7.8,3000,8.25,9000,0,223500
ICICIPRULI30Jan20470PE.NFO,07/01/2020,09:44:43,7.95,7.55,3000,8.25,1500,0,223500
ICICIPRULI30Jan20470PE.NFO,07/01/2020,09:44:43,7.95,7.8,1500,8.1,1500,0,223500
ICICIPRULI30Jan20470PE.NFO,07/01/2020,09:44:44,7.95,7.8,3000,8.1,1500,0,223500
ICICIPRULI30Jan20470PE.NFO,07/01/2020,09:44:49,7.95,7.8,3000,8.15,1500,0,223500
ICICIPRULI30Jan20470PE.NFO,07/01/2020,09:44:52,7.95,7.8,3000,8.25,1500,0,223500
ICICIPRULI30Jan20470PE.NFO,07/01/2020,09:45:05,7.95,7.8,3000,8.1,3000,0,223500
ICICIPRULI30Jan20470PE.NFO,07/01/2020,09:45:09,7.95,7.8,1500,8.1,3000,0,223500
ICICIPRULI30Jan20470PE.NFO,07/01/2020,09:45:19,7.95,7.8,1500,7.95,1500,0,223500
ICICIPRULI30Jan20470PE.NFO,07/01/2020,09:45:25,7.95,7.85,3000,8.25,1500,1500,222000
ICICIPRULI30Jan20470PE.NFO,07/01/2020,09:45:31,7.95,7.85,3000,8.25,1500,0,222000
ICICIPRULI30Jan20470PE.NFO,07/01/2020,09:46:00,7.95,7.8,1500,8.1,1500,0,222000
ICICIPRULI30Jan20470PE.NFO,07/01/2020,09:46:05,7.95,7.8,1500,8.15,3000,0,222000
ICICIPRULI30Jan20470PE.NFO,07/01/2020,09:46:11,7.95,7.85,3000,8.2,1500,0,222000
ICICIPRULI30Jan20470PE.NFO,07/01/2020,09:47:08,7.95,7.85,3000,8.3,1500,0,222000
ICICIPRULI30Jan20470PE.NFO,07/01/2020,09:47:30,7.95,7.85,3000,8.2,1500,0,222000
ICICIPRULI30Jan20470PE.NFO,07/01/2020,09:48:04,7.95,7.85,3000,8.3,1500,0,222000
ICICIPRULI30Jan20470PE.NFO,07/01/2020,09:48:11,7.95,7.85,3000,8.35,1500,0,222000
ICICIPRULI30Jan20470PE.NFO,07/01/2020,09:48:15,7.95,7.85,3000,8.3,1500,0,222000
ICICIPRULI30Jan20470PE.NFO,07/01/2020,09:48:19,7.95,7.85,3000,8.35,1500,0,222000
ICICIPRULI30Jan20470PE.NFO,07/01/2020,09:48:27,7.95,7.85,3000,8.3,6000,0,222000
ICICIPRULI30Jan20470PE.NFO,07/01/2020,09:48:35,7.95,7.85,3000,8.3,1500,0,222000
ICICIPRULI30Jan20470PE.NFO,07/01/2020,09:48:53,7.95,7.85,3000,8.35,3000,0,222000
ICICIPRULI30Jan20470PE.NFO,07/01/2020,09:49:14,7.95,7.85,3000,8.35,1500,0,222000
ICICIPRULI30Jan20470PE.NFO,07/01/2020,09:49:46,7.95,7.85,3000,8.35,3000,0,222000
ICICIPRULI30Jan20470PE.NFO,07/01/2020,09:49:51,7.95,7.85,3000,8.3,1500,0,222000
ICICIPRULI30Jan20470PE.NFO,07/01/2020,09:50:00,7.95,7.85,3000,8.35,1500,0,222000
ICICIPRULI30Jan20470PE.NFO,07/01/2020,09:50:06,8,7.85,3000,8.35,1500,1500,222000
ICICIPRULI30Jan20470PE.NFO,07/01/2020,09:50:11,8,7.85,3000,8.35,1500,0,222000
ICICIPRULI30Jan20470PE.NFO,07/01/2020,09:50:26,8,7.85,3000,8.4,3000,0,222000
ICICIPRULI30Jan20470PE.NFO,07/01/2020,09:50:36,8,7.85,3000,8.4,1500,0,222000
ICICIPRULI30Jan20470PE.NFO,07/01/2020,09:50:47,8,7.85,3000,8.25,1500,0,222000
ICICIPRULI30Jan20470PE.NFO,07/01/2020,09:50:53,8,7.85,3000,8.35,1500,0,222000
ICICIPRULI30Jan20470PE.NFO,07/01/2020,09:51:18,8.15,7.85,3000,8.15,1500,1500,220500
ICICIPRULI30Jan20470PE.NFO,07/01/2020,09:51:23,8.15,7.85,1500,8.35,1500,0,220500
ICICIPRULI30Jan20470PE.NFO,07/01/2020,09:51:33,8.15,7.85,1500,8.3,1500,0,220500
ICICIPRULI30Jan20470PE.NFO,07/01/2020,09:51:43,8.15,7.85,1500,8.25,1500,0,220500
ICICIPRULI30Jan20470PE.NFO,07/01/2020,09:51:47,8.15,7.8,1500,8.25,1500,0,220500
ICICIPRULI30Jan20470PE.NFO,07/01/2020,09:52:03,8.15,7.9,1500,8.35,1500,0,220500
ICICIPRULI30Jan20470PE.NFO,07/01/2020,09:52:07,8.15,8,1500,8.35,1500,0,220500
ICICIPRULI30Jan20470PE.NFO,07/01/2020,09:52:15,8.15,8,1500,8.3,1500,0,220500
ICICIPRULI30Jan20470PE.NFO,07/01/2020,09:52:20,8.15,8,1500,8.35,1500,0,220500
ICICIPRULI30Jan20470PE.NFO,07/01/2020,09:52:24,8.15,8,1500,8.4,1500,0,220500
ICICIPRULI30Jan20470PE.NFO,07/01/2020,09:52:43,8.15,7.95,1500,8.35,4500,0,220500
ICICIPRULI30Jan20470PE.NFO,07/01/2020,09:52:55,8.15,7.95,3000,8.4,1500,0,220500
ICICIPRULI30Jan20470PE.NFO,07/01/2020,09:53:03,8.15,7.95,3000,8.45,1500,0,220500
ICICIPRULI30Jan20470PE.NFO,07/01/2020,09:53:25,8.15,8.05,1500,8.45,1500,0,220500
ICICIPRULI30Jan20470PE.NFO,07/01/2020,09:53:30,8.15,8,1500,8.45,1500,0,220500
ICICIPRULI30Jan20470PE.NFO,07/01/2020,09:53:35,8.15,8,3000,8.45,1500,0,220500
ICICIPRULI30Jan20470PE.NFO,07/01/2020,09:53:45,8.15,8,3000,8.55,1500,0,220500
ICICIPRULI30Jan20470PE.NFO,07/01/2020,09:53:55,8.15,8.1,1500,8.55,1500,0,220500
ICICIPRULI30Jan20470PE.NFO,07/01/2020,09:54:17,8.15,8.1,1500,8.6,3000,0,220500
ICICIPRULI30Jan20470PE.NFO,07/01/2020,09:54:21,8.35,8.15,1500,8.55,1500,1500,219000
ICICIPRULI30Jan20470PE.NFO,07/01/2020,09:54:25,8.35,8.15,1500,8.55,1500,0,219000
ICICIPRULI30Jan20470PE.NFO,07/01/2020,09:54:53,8.35,8.1,1500,8.55,3000,0,219000
ICICIPRULI30Jan20470PE.NFO,07/01/2020,09:55:07,8.35,8.1,6000,8.5,1500,0,219000
ICICIPRULI30Jan20470PE.NFO,07/01/2020,09:55:18,8.35,8.1,6000,8.45,1500,0,219000
ICICIPRULI30Jan20470PE.NFO,07/01/2020,09:55:41,8.35,8.1,4500,8.45,1500,0,219000
ICICIPRULI30Jan20470PE.NFO,07/01/2020,09:56:00,8.35,8.3,1500,8.45,1500,0,219000
ICICIPRULI30Jan20470PE.NFO,07/01/2020,09:56:20,8.35,8.2,1500,8.45,1500,0,219000
ICICIPRULI30Jan20470PE.NFO,07/01/2020,09:56:26,8.35,8.2,3000,8.45,1500,0,219000
ICICIPRULI30Jan20470PE.NFO,07/01/2020,09:56:50,8.45,8.3,1500,8.65,1500,1500,219000
ICICIPRULI30Jan20470PE.NFO,07/01/2020,09:56:55,8.45,8.3,1500,8.65,1500,0,219000
ICICIPRULI30Jan20470PE.NFO,07/01/2020,09:57:12,8.45,8.25,1500,8.55,1500,0,219000
ICICIPRULI30Jan20470PE.NFO,07/01/2020,09:57:20,8.55,8.25,1500,8.7,1500,1500,219000
ICICIPRULI30Jan20470PE.NFO,07/01/2020,09:57:25,8.55,8.25,1500,8.7,1500,0,219000
ICICIPRULI30Jan20470PE.NFO,07/01/2020,09:57:37,8.55,8.25,1500,8.75,3000,0,219000
ICICIPRULI30Jan20470PE.NFO,07/01/2020,09:57:54,8.55,8.2,1500,8.75,4500,0,219000
ICICIPRULI30Jan20470PE.NFO,07/01/2020,09:58:04,8.55,8.25,3000,8.75,4500,0,219000
ICICIPRULI30Jan20470PE.NFO,07/01/2020,09:58:09,8.55,8.2,1500,8.75,4500,0,219000
ICICIPRULI30Jan20470PE.NFO,07/01/2020,09:58:21,8.55,8.25,1500,8.75,4500,0,219000
ICICIPRULI30Jan20470PE.NFO,07/01/2020,09:58:49,8.55,8.25,1500,8.75,3000,0,219000
ICICIPRULI30Jan20470PE.NFO,07/01/2020,09:58:55,8.55,8.3,1500,8.75,3000,0,219000
ICICIPRULI30Jan20470PE.NFO,07/01/2020,09:59:01,8.55,8.3,1500,8.65,1500,0,219000
ICICIPRULI30Jan20470PE.NFO,07/01/2020,09:59:23,8.55,8.3,3000,8.65,1500,0,219000
ICICIPRULI30Jan20470PE.NFO,07/01/2020,09:59:33,8.55,8.3,1500,8.65,1500,0,219000
ICICIPRULI30Jan20470PE.NFO,07/01/2020,10:00:29,8.55,8.3,6000,8.65,1500,0,219000
ICICIPRULI30Jan20470PE.NFO,07/01/2020,10:00:33,8.55,8.3,7500,8.65,1500,0,219000
ICICIPRULI30Jan20470PE.NFO,07/01/2020,10:00:46,8.55,8.3,3000,8.7,1500,0,219000
ICICIPRULI30Jan20470PE.NFO,07/01/2020,10:01:18,8.55,8.35,1500,8.7,1500,0,219000
ICICIPRULI30Jan20470PE.NFO,07/01/2020,10:01:24,8.55,8.4,1500,8.7,1500,0,219000
ICICIPRULI30Jan20470PE.NFO,07/01/2020,10:01:36,8.55,8.4,1500,8.75,1500,0,219000
ICICIPRULI30Jan20470PE.NFO,07/01/2020,10:01:48,8.55,8.4,3000,8.75,1500,0,219000
ICICIPRULI30Jan20470PE.NFO,07/01/2020,10:01:59,8.55,8.4,3000,8.8,1500,0,219000
ICICIPRULI30Jan20470PE.NFO,07/01/2020,10:02:15,8.55,8.4,1500,8.7,3000,0,219000
ICICIPRULI30Jan20470PE.NFO,07/01/2020,10:02:20,8.55,8.4,1500,8.75,3000,0,219000
ICICIPRULI30Jan20470PE.NFO,07/01/2020,10:02:25,8.55,8.4,1500,8.75,1500,0,219000
ICICIPRULI30Jan20470PE.NFO,07/01/2020,10:02:31,8.55,8.4,1500,8.65,1500,0,219000
ICICIPRULI30Jan20470PE.NFO,07/01/2020,10:02:37,8.55,8.4,1500,8.7,1500,0,219000
ICICIPRULI30Jan20470PE.NFO,07/01/2020,10:02:58,8.55,8.55,1500,8.8,1500,0,219000
ICICIPRULI30Jan20470PE.NFO,07/01/2020,10:03:03,8.55,8.55,1500,8.9,1500,0,219000
ICICIPRULI30Jan20470PE.NFO,07/01/2020,10:03:08,8.55,8.55,3000,8.9,1500,0,219000
ICICIPRULI30Jan20470PE.NFO,07/01/2020,10:03:12,8.55,8.6,3000,8.95,1500,0,219000
ICICIPRULI30Jan20470PE.NFO,07/01/2020,10:04:17,8.55,8.75,1500,8.9,1500,0,219000
ICICIPRULI30Jan20470PE.NFO,07/01/2020,10:04:21,8.75,8.6,1500,8.85,1500,1500,217500
ICICIPRULI30Jan20470PE.NFO,07/01/2020,10:04:26,8.75,8.55,1500,8.85,1500,0,217500
ICICIPRULI30Jan20470PE.NFO,07/01/2020,10:04:30,8.75,8.5,1500,8.85,1500,0,217500
ICICIPRULI30Jan20470PE.NFO,07/01/2020,10:04:39,8.75,8.5,3000,8.85,1500,0,217500
ICICIPRULI30Jan20470PE.NFO,07/01/2020,10:04:53,8.75,8.55,3000,8.9,1500,0,217500
ICICIPRULI30Jan20470PE.NFO,07/01/2020,10:04:58,8.75,8.6,3000,9,3000,0,217500
ICICIPRULI30Jan20470PE.NFO,07/01/2020,10:05:34,8.75,8.6,3000,9,1500,0,217500
ICICIPRULI30Jan20470PE.NFO,07/01/2020,10:06:03,8.75,8.6,3000,8.95,1500,0,217500
ICICIPRULI30Jan20470PE.NFO,07/01/2020,10:06:08,8.75,8.6,3000,9,1500,0,217500
ICICIPRULI30Jan20470PE.NFO,07/01/2020,10:06:31,8.75,8.6,3000,8.95,1500,0,217500
ICICIPRULI30Jan20470PE.NFO,07/01/2020,10:06:41,8.75,8.6,3000,9,1500,0,217500
ICICIPRULI30Jan20470PE.NFO,07/01/2020,10:06:58,8.75,8.6,4500,9,1500,0,217500
ICICIPRULI30Jan20470PE.NFO,07/01/2020,10:07:03,9,9,1500,9.3,1500,1500,217500
ICICIPRULI30Jan20470PE.NFO,07/01/2020,10:07:09,9,9,1500,9.35,6000,0,217500
ICICIPRULI30Jan20470PE.NFO,07/01/2020,10:07:21,9,9.15,1500,9.5,1500,0,217500
ICICIPRULI30Jan20470PE.NFO,07/01/2020,10:07:27,9,9.1,1500,9.45,3000,0,217500
ICICIPRULI30Jan20470PE.NFO,07/01/2020,10:07:37,9,9.05,1500,9.4,1500,0,217500
ICICIPRULI30Jan20470PE.NFO,07/01/2020,10:07:47,9,9,1500,9.35,1500,0,217500
ICICIPRULI30Jan20470PE.NFO,07/01/2020,10:07:52,9,8.95,1500,9.35,3000,0,217500
ICICIPRULI30Jan20470PE.NFO,07/01/2020,10:07:57,9,8.95,1500,9.3,3000,0,217500
ICICIPRULI30Jan20470PE.NFO,07/01/2020,10:08:02,9,8.95,1500,9,1500,1500,217500
ICICIPRULI30Jan20470PE.NFO,07/01/2020,10:08:06,9,8.9,1500,9.3,1500,1500,217500
ICICIPRULI30Jan20470PE.NFO,07/01/2020,10:08:11,9,8.9,1500,9.3,1500,0,217500
ICICIPRULI30Jan20470PE.NFO,07/01/2020,10:08:29,9,8.85,3000,9.3,1500,0,217500
ICICIPRULI30Jan20470PE.NFO,07/01/2020,10:08:34,9,8.85,1500,9.2,1500,0,217500
ICICIPRULI30Jan20470PE.NFO,07/01/2020,10:08:40,9,8.8,1500,9.15,1500,0,217500
ICICIPRULI30Jan20470PE.NFO,07/01/2020,10:08:45,9,8.8,1500,9.1,1500,0,217500
ICICIPRULI30Jan20470PE.NFO,07/01/2020,10:08:53,9,8.8,1500,9.1,3000,0,217500
ICICIPRULI30Jan20470PE.NFO,07/01/2020,10:09:01,9,8.85,1500,9.1,1500,0,217500
ICICIPRULI30Jan20470PE.NFO,07/01/2020,10:09:44,9,8.85,4500,9.2,1500,0,217500
ICICIPRULI30Jan20470PE.NFO,07/01/2020,10:09:53,9,8.85,1500,9.2,1500,0,217500
ICICIPRULI30Jan20470PE.NFO,07/01/2020,10:09:58,9,8.85,1500,9.2,3000,0,217500
ICICIPRULI30Jan20470PE.NFO,07/01/2020,10:10:13,9,8.85,1500,9.2,1500,0,217500
ICICIPRULI30Jan20470PE.NFO,07/01/2020,10:10:30,9,8.9,1500,9.2,1500,0,217500
ICICIPRULI30Jan20470PE.NFO,07/01/2020,10:10:56,9,8.85,1500,9.2,1500,0,217500
ICICIPRULI30Jan20470PE.NFO,07/01/2020,10:11:00,9,8.85,1500,9.2,3000,0,217500
ICICIPRULI30Jan20470PE.NFO,07/01/2020,10:11:40,9,8.8,1500,9.1,1500,0,217500
ICICIPRULI30Jan20470PE.NFO,07/01/2020,10:11:45,9,8.8,1500,9.1,3000,0,217500
ICICIPRULI30Jan20470PE.NFO,07/01/2020,10:11:50,9,8.8,1500,9.1,4500,0,217500
ICICIPRULI30Jan20470PE.NFO,07/01/2020,10:11:56,9,8.8,1500,9.1,1500,0,217500
ICICIPRULI30Jan20470PE.NFO,07/01/2020,10:12:01,9,8.8,1500,9.1,3000,0,217500
ICICIPRULI30Jan20470PE.NFO,07/01/2020,10:12:06,9,8.8,1500,9.1,4500,0,217500
ICICIPRULI30Jan20470PE.NFO,07/01/2020,10:12:12,9,8.8,1500,9.1,3000,0,217500
ICICIPRULI30Jan20470PE.NFO,07/01/2020,10:12:18,9,8.8,1500,9.1,4500,0,217500
ICICIPRULI30Jan20470PE.NFO,07/01/2020,10:12:42,9,8.8,1500,9.1,3000,0,217500
ICICIPRULI30Jan20470PE.NFO,07/01/2020,10:12:46,9,8.8,1500,9.1,4500,0,217500
ICICIPRULI30Jan20470PE.NFO,07/01/2020,10:12:51,9,8.8,1500,9,1500,0,217500
ICICIPRULI30Jan20470PE.NFO,07/01/2020,10:12:56,8.8,8.55,1500,8.9,3000,1500,219000
ICICIPRULI30Jan20470PE.NFO,07/01/2020,10:13:02,8.8,8.6,1500,8.9,3000,0,219000
ICICIPRULI30Jan20470PE.NFO,07/01/2020,10:13:07,8.8,8.6,1500,8.9,1500,0,219000
ICICIPRULI30Jan20470PE.NFO,07/01/2020,10:14:06,8.8,8.6,1500,8.9,3000,0,219000
ICICIPRULI30Jan20470PE.NFO,07/01/2020,10:14:47,8.8,8.6,3000,8.9,3000,0,219000
ICICIPRULI30Jan20470PE.NFO,07/01/2020,10:15:47,8.8,8.7,1500,8.95,1500,0,219000
ICICIPRULI30Jan20470PE.NFO,07/01/2020,10:15:53,8.8,8.7,1500,9.05,1500,0,219000
ICICIPRULI30Jan20470PE.NFO,07/01/2020,10:15:59,8.8,8.7,1500,9.1,1500,0,219000
ICICIPRULI30Jan20470PE.NFO,07/01/2020,10:16:13,8.8,8.7,3000,9.15,1500,0,219000
ICICIPRULI30Jan20470PE.NFO,07/01/2020,10:16:25,8.8,8.7,1500,9.15,1500,0,219000
ICICIPRULI30Jan20470PE.NFO,07/01/2020,10:16:55,8.8,8.7,1500,9.1,3000,0,219000
ICICIPRULI30Jan20470PE.NFO,07/01/2020,10:17:20,8.8,8.7,1500,9.1,1500,0,219000
ICICIPRULI30Jan20470PE.NFO,07/01/2020,10:17:28,8.8,8.7,3000,9.15,1500,0,219000
ICICIPRULI30Jan20470PE.NFO,07/01/2020,10:17:33,8.8,8.7,4500,9.2,1500,0,219000
ICICIPRULI30Jan20470PE.NFO,07/01/2020,10:17:53,8.8,8.7,4500,9.15,1500,0,219000
ICICIPRULI30Jan20470PE.NFO,07/01/2020,10:17:58,8.8,8.7,3000,9.15,1500,0,219000
ICICIPRULI30Jan20470PE.NFO,07/01/2020,10:18:27,8.8,8.65,1500,9.05,1500,0,219000
ICICIPRULI30Jan20470PE.NFO,07/01/2020,10:18:57,8.8,8.65,3000,9.1,1500,0,219000
ICICIPRULI30Jan20470PE.NFO,07/01/2020,10:19:01,8.8,8.65,1500,9.05,3000,0,219000
ICICIPRULI30Jan20470PE.NFO,07/01/2020,10:19:11,8.8,8.65,1500,9.1,1500,0,219000
ICICIPRULI30Jan20470PE.NFO,07/01/2020,10:19:20,8.8,8.65,1500,9.05,1500,0,219000
ICICIPRULI30Jan20470PE.NFO,07/01/2020,10:19:50,8.8,8.55,1500,9,1500,0,219000
ICICIPRULI30Jan20470PE.NFO,07/01/2020,10:20:03,8.8,8.65,1500,9,1500,0,219000
ICICIPRULI30Jan20470PE.NFO,07/01/2020,10:20:15,8.8,8.6,1500,9,3000,0,219000
ICICIPRULI30Jan20470PE.NFO,07/01/2020,10:20:20,8.8,8.6,1500,8.9,1500,0,219000
ICICIPRULI30Jan20470PE.NFO,07/01/2020,10:20:33,8.8,8.4,1500,8.8,1500,0,219000
ICICIPRULI30Jan20470PE.NFO,07/01/2020,10:20:37,8.8,8.45,1500,8.8,1500,0,219000
ICICIPRULI30Jan20470PE.NFO,07/01/2020,10:20:41,8.8,8.4,7500,8.85,1500,0,219000
ICICIPRULI30Jan20470PE.NFO,07/01/2020,10:20:46,8.8,8.45,1500,8.85,1500,0,219000
ICICIPRULI30Jan20470PE.NFO,07/01/2020,10:20:50,8.8,8.4,1500,8.85,3000,0,219000
ICICIPRULI30Jan20470PE.NFO,07/01/2020,10:20:57,8.8,8.4,1500,8.8,1500,0,219000
ICICIPRULI30Jan20470PE.NFO,07/01/2020,10:21:17,8.8,8.45,1500,8.8,1500,0,219000
ICICIPRULI30Jan20470PE.NFO,07/01/2020,10:21:51,8.8,8.5,3000,8.85,1500,0,219000
ICICIPRULI30Jan20470PE.NFO,07/01/2020,10:22:05,8.8,8.5,1500,8.85,1500,0,219000
ICICIPRULI30Jan20470PE.NFO,07/01/2020,10:22:40,8.8,8.55,3000,8.9,1500,0,219000
ICICIPRULI30Jan20470PE.NFO,07/01/2020,10:22:46,8.8,8.6,1500,8.95,1500,0,219000
ICICIPRULI30Jan20470PE.NFO,07/01/2020,10:24:06,8.8,8.65,1500,9,1500,0,219000
ICICIPRULI30Jan20470PE.NFO,07/01/2020,10:24:14,8.8,8.65,1500,9.05,1500,0,219000
ICICIPRULI30Jan20470PE.NFO,07/01/2020,10:25:19,8.8,8.75,1500,9.1,1500,0,219000
ICICIPRULI30Jan20470PE.NFO,07/01/2020,10:25:37,8.8,8.75,1500,9.15,1500,0,219000
ICICIPRULI30Jan20470PE.NFO,07/01/2020,10:27:10,8.8,8.75,1500,9.1,3000,0,219000
ICICIPRULI30Jan20470PE.NFO,07/01/2020,10:27:14,8.8,8.75,1500,9.1,1500,0,219000
ICICIPRULI30Jan20470PE.NFO,07/01/2020,10:27:18,8.8,8.75,1500,9.15,1500,0,219000
ICICIPRULI30Jan20470PE.NFO,07/01/2020,10:27:21,8.8,8.95,1500,9.3,1500,0,219000
ICICIPRULI30Jan20470PE.NFO,07/01/2020,10:27:24,8.8,8.9,3000,9.3,1500,0,219000
ICICIPRULI30Jan20470PE.NFO,07/01/2020,10:27:28,8.8,8.9,1500,9.25,4500,0,219000
ICICIPRULI30Jan20470PE.NFO,07/01/2020,10:27:32,8.8,8.95,1500,9.25,3000,0,219000
ICICIPRULI30Jan20470PE.NFO,07/01/2020,10:27:35,8.8,8.95,1500,9.3,1500,0,219000
ICICIPRULI30Jan20470PE.NFO,07/01/2020,10:27:38,8.8,8.95,1500,9.25,3000,0,219000
ICICIPRULI30Jan20470PE.NFO,07/01/2020,10:27:46,8.8,8.95,1500,9.25,1500,0,219000
ICICIPRULI30Jan20470PE.NFO,07/01/2020,10:28:11,8.8,8.85,1500,9.25,1500,0,219000
ICICIPRULI30Jan20470PE.NFO,07/01/2020,10:29:10,8.8,8.85,1500,9.15,1500,0,219000
ICICIPRULI30Jan20470PE.NFO,07/01/2020,10:29:16,8.8,8.85,1500,9.2,3000,0,219000
ICICIPRULI30Jan20470PE.NFO,07/01/2020,10:31:47,8.8,8.85,1500,9.2,1500,0,219000
ICICIPRULI30Jan20470PE.NFO,07/01/2020,10:32:13,8.8,9,1500,9.15,1500,0,219000
ICICIPRULI30Jan20470PE.NFO,07/01/2020,10:32:35,8.8,9,1500,9.25,1500,0,219000
ICICIPRULI30Jan20470PE.NFO,07/01/2020,10:32:58,8.8,9,1500,9.2,1500,0,219000
ICICIPRULI30Jan20470PE.NFO,07/01/2020,10:33:29,8.8,9,1500,9.15,1500,0,219000
ICICIPRULI30Jan20470PE.NFO,07/01/2020,10:33:35,9.1,9,1500,9.2,1500,1500,217500
ICICIPRULI30Jan20470PE.NFO,07/01/2020,10:33:39,9.1,9,1500,9.2,1500,0,217500
ICICIPRULI30Jan20470PE.NFO,07/01/2020,10:33:43,9.1,9,1500,9.2,6000,0,217500
ICICIPRULI30Jan20470PE.NFO,07/01/2020,10:35:09,9.1,9,1500,9.25,1500,0,217500
ICICIPRULI30Jan20470PE.NFO,07/01/2020,10:36:07,9.1,9,1500,9.2,1500,0,217500
ICICIPRULI30Jan20470PE.NFO,07/01/2020,10:36:11,9.2,9.15,1500,9.35,1500,1500,219000
ICICIPRULI30Jan20470PE.NFO,07/01/2020,10:36:15,9.2,9.2,1500,9.35,1500,0,219000
ICICIPRULI30Jan20470PE.NFO,07/01/2020,10:36:22,9.2,9.05,3000,9.3,3000,0,219000
ICICIPRULI30Jan20470PE.NFO,07/01/2020,10:36:25,9.2,9.05,1500,9.3,3000,0,219000
ICICIPRULI30Jan20470PE.NFO,07/01/2020,10:36:28,9.2,9.1,1500,9.3,1500,0,219000
ICICIPRULI30Jan20470PE.NFO,07/01/2020,10:36:30,9.2,9,3000,9.3,1500,0,219000
ICICIPRULI30Jan20470PE.NFO,07/01/2020,10:36:56,9.2,8.95,1500,9.3,1500,0,219000
ICICIPRULI30Jan20470PE.NFO,07/01/2020,10:37:02,9.2,9,1500,9.3,1500,0,219000
ICICIPRULI30Jan20470PE.NFO,07/01/2020,10:37:05,9.2,8.95,3000,9.3,1500,0,219000
ICICIPRULI30Jan20470PE.NFO,07/01/2020,10:37:13,9.2,9.1,1500,9.3,1500,0,219000
ICICIPRULI30Jan20470PE.NFO,07/01/2020,10:37:17,9.2,8.95,1500,9.3,1500,0,219000
ICICIPRULI30Jan20470PE.NFO,07/01/2020,10:37:21,9.2,9,1500,9.3,1500,0,219000
ICICIPRULI30Jan20470PE.NFO,07/01/2020,10:37:36,9.2,9,1500,9.35,1500,0,219000
ICICIPRULI30Jan20470PE.NFO,07/01/2020,10:37:48,9.2,9,1500,9.3,3000,0,219000
ICICIPRULI30Jan20470PE.NFO,07/01/2020,10:38:26,9.2,9.05,1500,9.3,1500,0,219000
ICICIPRULI30Jan20470PE.NFO,07/01/2020,10:40:41,9.2,9.05,3000,9.3,1500,0,219000
ICICIPRULI30Jan20470PE.NFO,07/01/2020,10:41:23,9.2,9,3000,9.3,1500,0,219000
ICICIPRULI30Jan20470PE.NFO,07/01/2020,10:41:28,9.2,8.95,3000,9.3,3000,0,219000
ICICIPRULI30Jan20470PE.NFO,07/01/2020,10:41:32,9.2,9.1,1500,9.3,1500,0,219000
ICICIPRULI30Jan20470PE.NFO,07/01/2020,10:41:34,9.2,9.05,1500,9.3,3000,0,219000
ICICIPRULI30Jan20470PE.NFO,07/01/2020,10:41:37,9.2,9.1,1500,9.3,3000,0,219000
ICICIPRULI30Jan20470PE.NFO,07/01/2020,10:42:04,9.2,9,7500,9.35,1500,0,219000
ICICIPRULI30Jan20470PE.NFO,07/01/2020,10:42:21,9.2,9.15,3000,9.35,1500,0,219000
ICICIPRULI30Jan20470PE.NFO,07/01/2020,10:42:33,9.2,9.1,4500,9.3,3000,0,219000
ICICIPRULI30Jan20470PE.NFO,07/01/2020,10:44:07,9.2,9.15,4500,9.3,3000,0,219000
ICICIPRULI30Jan20470PE.NFO,07/01/2020,10:48:26,9.2,9.15,4500,9.3,4500,0,219000
ICICIPRULI30Jan20470PE.NFO,07/01/2020,10:48:40,9.2,9.15,4500,9.3,3000,0,219000
ICICIPRULI30Jan20470PE.NFO,07/01/2020,10:49:18,9.2,9.15,4500,9.3,1500,0,219000
ICICIPRULI30Jan20470PE.NFO,07/01/2020,10:49:20,9.2,9.2,4500,9.3,1500,0,219000
ICICIPRULI30Jan20470PE.NFO,07/01/2020,10:49:58,9.3,9.2,4500,9.35,3000,3000,219000
ICICIPRULI30Jan20470PE.NFO,07/01/2020,10:50:04,9.4,9.25,1500,9.45,3000,3000,219000
ICICIPRULI30Jan20470PE.NFO,07/01/2020,10:50:15,9.4,9.25,1500,9.45,3000,0,219000
ICICIPRULI30Jan20470PE.NFO,07/01/2020,10:51:32,9.4,9.25,1500,9.5,1500,0,219000
ICICIPRULI30Jan20470PE.NFO,07/01/2020,10:51:56,9.4,9.25,1500,9.55,3000,0,219000
ICICIPRULI30Jan20470PE.NFO,07/01/2020,10:52:04,9.4,9.25,1500,9.5,3000,0,219000
ICICIPRULI30Jan20470PE.NFO,07/01/2020,10:52:45,9.4,9.25,1500,9.45,1500,0,219000
ICICIPRULI30Jan20470PE.NFO,07/01/2020,10:52:48,9.4,9.25,1500,9.5,3000,0,219000
ICICIPRULI30Jan20470PE.NFO,07/01/2020,10:53:02,9.4,9.25,1500,9.65,1500,0,219000
ICICIPRULI30Jan20470PE.NFO,07/01/2020,10:53:08,9.4,9.35,3000,9.65,1500,0,219000
ICICIPRULI30Jan20470PE.NFO,07/01/2020,10:53:13,9.65,9.5,3000,9.9,3000,1500,219000
ICICIPRULI30Jan20470PE.NFO,07/01/2020,10:53:19,9.65,9.6,1500,9.95,1500,0,219000
ICICIPRULI30Jan20470PE.NFO,07/01/2020,10:53:24,9.65,9.55,1500,9.95,1500,0,219000
ICICIPRULI30Jan20470PE.NFO,07/01/2020,10:53:29,9.65,9.55,1500,9.9,1500,0,219000
ICICIPRULI30Jan20470PE.NFO,07/01/2020,10:53:34,9.65,9.55,1500,9.95,1500,0,219000
ICICIPRULI30Jan20470PE.NFO,07/01/2020,10:53:39,9.65,9.6,1500,10,3000,0,219000
ICICIPRULI30Jan20470PE.NFO,07/01/2020,10:53:50,9.65,9.7,1500,10.05,1500,0,219000
ICICIPRULI30Jan20470PE.NFO,07/01/2020,10:53:56,9.65,9.65,1500,10.05,1500,0,219000
ICICIPRULI30Jan20470PE.NFO,07/01/2020,10:54:01,9.65,9.6,1500,10,4500,0,219000
ICICIPRULI30Jan20470PE.NFO,07/01/2020,10:54:10,9.65,9.55,3000,10,4500,0,219000
ICICIPRULI30Jan20470PE.NFO,07/01/2020,10:54:15,9.65,9.6,1500,10,4500,0,219000
ICICIPRULI30Jan20470PE.NFO,07/01/2020,10:54:29,9.65,9.6,1500,9.95,3000,0,219000
ICICIPRULI30Jan20470PE.NFO,07/01/2020,10:54:33,9.65,9.6,1500,9.95,1500,0,219000
ICICIPRULI30Jan20470PE.NFO,07/01/2020,10:54:48,9.65,9.55,3000,9.95,1500,0,219000
ICICIPRULI30Jan20470PE.NFO,07/01/2020,10:54:53,9.65,9.6,1500,9.95,1500,0,219000
ICICIPRULI30Jan20470PE.NFO,07/01/2020,10:55:03,9.65,9.55,1500,9.9,3000,0,219000
ICICIPRULI30Jan20470PE.NFO,07/01/2020,10:55:08,9.65,9.55,1500,9.9,1500,0,219000
ICICIPRULI30Jan20470PE.NFO,07/01/2020,10:55:12,9.65,9.6,1500,9.95,1500,0,219000
ICICIPRULI30Jan20470PE.NFO,07/01/2020,10:55:22,9.65,9.55,3000,10,3000,0,219000
ICICIPRULI30Jan20470PE.NFO,07/01/2020,10:55:34,9.65,9.55,4500,10,3000,0,219000
ICICIPRULI30Jan20470PE.NFO,07/01/2020,10:55:46,9.65,9.55,4500,10,1500,0,219000
ICICIPRULI30Jan20470PE.NFO,07/01/2020,10:55:55,9.65,9.55,4500,10,3000,0,219000
ICICIPRULI30Jan20470PE.NFO,07/01/2020,10:55:59,9.65,9.55,4500,9.95,1500,0,219000
ICICIPRULI30Jan20470PE.NFO,07/01/2020,10:56:53,9.65,9.55,4500,10,1500,0,219000
ICICIPRULI30Jan20470PE.NFO,07/01/2020,10:57:55,9.65,9.55,6000,10.1,1500,0,219000
ICICIPRULI30Jan20470PE.NFO,07/01/2020,10:59:29,9.65,9.55,4500,10.1,1500,0,219000
ICICIPRULI30Jan20470PE.NFO,07/01/2020,11:00:12,9.65,9.65,4500,10.2,1500,0,219000
ICICIPRULI30Jan20470PE.NFO,07/01/2020,11:00:27,9.65,10.05,1500,10.45,1500,0,219000
ICICIPRULI30Jan20470PE.NFO,07/01/2020,11:00:33,9.65,10.05,3000,10.45,1500,0,219000
ICICIPRULI30Jan20470PE.NFO,07/01/2020,11:00:40,9.65,10.05,1500,10.45,1500,0,219000
ICICIPRULI30Jan20470PE.NFO,07/01/2020,11:01:08,9.65,10.1,1500,10.5,1500,0,219000
ICICIPRULI30Jan20470PE.NFO,07/01/2020,11:01:23,9.65,10.25,1500,10.55,1500,0,219000
ICICIPRULI30Jan20470PE.NFO,07/01/2020,11:01:30,9.65,10.15,1500,10.55,1500,0,219000
ICICIPRULI30Jan20470PE.NFO,07/01/2020,11:02:53,9.65,10.25,1500,10.8,1500,0,219000
ICICIPRULI30Jan20470PE.NFO,07/01/2020,11:02:59,9.65,10.25,1500,10.7,1500,0,219000
ICICIPRULI30Jan20470PE.NFO,07/01/2020,11:03:39,9.65,10.35,3000,10.7,1500,0,219000
ICICIPRULI30Jan20470PE.NFO,07/01/2020,11:03:47,9.65,10.5,1500,10.85,1500,0,219000
ICICIPRULI30Jan20470PE.NFO,07/01/2020,11:04:07,9.65,10.6,1500,10.95,1500,0,219000
ICICIPRULI30Jan20470PE.NFO,07/01/2020,11:04:14,9.65,10.55,1500,10.95,1500,0,219000
ICICIPRULI30Jan20470PE.NFO,07/01/2020,11:04:20,9.65,10.45,1500,10.95,1500,0,219000
ICICIPRULI30Jan20470PE.NFO,07/01/2020,11:04:27,9.65,10.4,1500,10.85,1500,0,219000
ICICIPRULI30Jan20470PE.NFO,07/01/2020,11:04:33,9.65,10.4,1500,10.9,1500,0,219000
ICICIPRULI30Jan20470PE.NFO,07/01/2020,11:04:54,9.65,10.25,3000,10.7,1500,0,219000
ICICIPRULI30Jan20470PE.NFO,07/01/2020,11:05:08,9.65,10.4,1500,10.8,1500,0,219000
ICICIPRULI30Jan20470PE.NFO,07/01/2020,11:05:15,9.65,10.5,1500,10.95,3000,0,219000
ICICIPRULI30Jan20470PE.NFO,07/01/2020,11:05:22,9.65,10.4,1500,10.85,1500,0,219000
ICICIPRULI30Jan20470PE.NFO,07/01/2020,11:05:29,9.65,10.35,1500,10.8,1500,0,219000
ICICIPRULI30Jan20470PE.NFO,07/01/2020,11:05:36,9.65,10.35,1500,10.75,1500,0,219000
ICICIPRULI30Jan20470PE.NFO,07/01/2020,11:05:43,9.65,10.3,3000,10.75,3000,0,219000
ICICIPRULI30Jan20470PE.NFO,07/01/2020,11:05:49,9.65,10.25,1500,10.75,3000,0,219000
ICICIPRULI30Jan20470PE.NFO,07/01/2020,11:05:57,9.65,10.2,3000,10.65,3000,0,219000
ICICIPRULI30Jan20470PE.NFO,07/01/2020,11:06:10,9.65,10.15,1500,10.65,3000,0,219000
ICICIPRULI30Jan20470PE.NFO,07/01/2020,11:06:23,9.65,10.15,4500,10.65,3000,0,219000
ICICIPRULI30Jan20470PE.NFO,07/01/2020,11:06:50,9.65,10.15,4500,10.65,1500,0,219000
ICICIPRULI30Jan20470PE.NFO,07/01/2020,11:07:11,10.15,10.15,3000,10.65,1500,1500,219000
ICICIPRULI30Jan20470PE.NFO,07/01/2020,11:07:31,10.15,10.1,1500,10.55,1500,0,219000
ICICIPRULI30Jan20470PE.NFO,07/01/2020,11:07:36,10.15,10.15,1500,10.55,1500,0,219000
ICICIPRULI30Jan20470PE.NFO,07/01/2020,11:07:42,10.15,10,3000,10.55,3000,0,219000
ICICIPRULI30Jan20470PE.NFO,07/01/2020,11:07:48,10.15,10.05,1500,10.4,1500,0,219000
ICICIPRULI30Jan20470PE.NFO,07/01/2020,11:07:53,10.15,10,1500,10.4,1500,0,219000
ICICIPRULI30Jan20470PE.NFO,07/01/2020,11:07:58,10.15,10,3000,10.4,1500,0,219000
ICICIPRULI30Jan20470PE.NFO,07/01/2020,11:08:03,10.15,10.15,1500,10.55,1500,0,219000
ICICIPRULI30Jan20470PE.NFO,07/01/2020,11:08:12,10.15,10.1,3000,10.55,1500,0,219000
ICICIPRULI30Jan20470PE.NFO,07/01/2020,11:08:23,10.15,10.05,1500,10.5,3000,0,219000
ICICIPRULI30Jan20470PE.NFO,07/01/2020,11:08:34,10.15,10.05,1500,10.45,1500,0,219000
ICICIPRULI30Jan20470PE.NFO,07/01/2020,11:08:44,10.15,10.15,1500,10.55,1500,0,219000
ICICIPRULI30Jan20470PE.NFO,07/01/2020,11:08:48,10.15,10.15,3000,10.6,1500,0,219000
ICICIPRULI30Jan20470PE.NFO,07/01/2020,11:09:03,10.15,10.15,3000,10.6,3000,0,219000
ICICIPRULI30Jan20470PE.NFO,07/01/2020,11:09:12,10.15,10.1,1500,10.6,3000,0,219000
ICICIPRULI30Jan20470PE.NFO,07/01/2020,11:09:17,10.15,10.05,1500,10.6,3000,0,219000
ICICIPRULI30Jan20470PE.NFO,07/01/2020,11:09:41,10.15,10.1,1500,10.55,1500,0,219000
ICICIPRULI30Jan20470PE.NFO,07/01/2020,11:09:45,10.15,10.05,1500,10.45,1500,0,219000
ICICIPRULI30Jan20470PE.NFO,07/01/2020,11:09:49,10.15,10.05,1500,10.5,1500,0,219000
ICICIPRULI30Jan20470PE.NFO,07/01/2020,11:09:57,10.15,10.05,1500,10.35,1500,0,219000
ICICIPRULI30Jan20470PE.NFO,07/01/2020,11:10:02,10.15,10,3000,10.5,3000,0,219000
ICICIPRULI30Jan20470PE.NFO,07/01/2020,11:10:06,10.15,10,3000,10.5,1500,0,219000
ICICIPRULI30Jan20470PE.NFO,07/01/2020,11:10:38,10.15,10.1,1500,10.5,1500,0,219000
ICICIPRULI30Jan20470PE.NFO,07/01/2020,11:10:42,10.15,10.05,1500,10.5,1500,0,219000
ICICIPRULI30Jan20470PE.NFO,07/01/2020,11:10:50,10.15,10.05,1500,10.4,1500,0,219000
ICICIPRULI30Jan20470PE.NFO,07/01/2020,11:10:57,10.15,10.05,1500,10.45,1500,0,219000
ICICIPRULI30Jan20470PE.NFO,07/01/2020,11:11:06,10.15,10.1,1500,10.55,3000,0,219000
ICICIPRULI30Jan20470PE.NFO,07/01/2020,11:11:12,10.15,10.1,1500,10.55,1500,0,219000
ICICIPRULI30Jan20470PE.NFO,07/01/2020,11:11:18,10.15,10.15,1500,10.6,1500,0,219000
ICICIPRULI30Jan20470PE.NFO,07/01/2020,11:11:32,10.15,10.2,1500,10.65,3000,0,219000
ICICIPRULI30Jan20470PE.NFO,07/01/2020,11:11:39,10.15,10.1,1500,10.65,3000,0,219000
ICICIPRULI30Jan20470PE.NFO,07/01/2020,11:11:58,10.15,10.25,3000,10.7,1500,0,219000
ICICIPRULI30Jan20470PE.NFO,07/01/2020,11:12:07,10.15,10.25,1500,10.75,3000,0,219000
ICICIPRULI30Jan20470PE.NFO,07/01/2020,11:12:14,10.15,10.3,3000,10.75,1500,0,219000
ICICIPRULI30Jan20470PE.NFO,07/01/2020,11:12:22,10.15,10.3,4500,10.8,1500,0,219000
ICICIPRULI30Jan20470PE.NFO,07/01/2020,11:12:28,10.15,10.3,1500,10.7,1500,0,219000
ICICIPRULI30Jan20470PE.NFO,07/01/2020,11:12:41,10.15,10.35,1500,10.8,1500,0,219000
ICICIPRULI30Jan20470PE.NFO,07/01/2020,11:13:07,10.15,10.35,1500,10.75,1500,0,219000
ICICIPRULI30Jan20470PE.NFO,07/01/2020,11:13:24,10.15,10.3,1500,10.75,1500,0,219000
ICICIPRULI30Jan20470PE.NFO,07/01/2020,11:13:35,10.15,10.4,1500,10.8,1500,0,219000
ICICIPRULI30Jan20470PE.NFO,07/01/2020,11:13:42,10.15,10.3,1500,10.7,1500,0,219000
ICICIPRULI30Jan20470PE.NFO,07/01/2020,11:13:48,10.15,10.3,1500,10.75,1500,0,219000
ICICIPRULI30Jan20470PE.NFO,07/01/2020,11:14:10,10.15,10.25,3000,10.75,1500,0,219000
ICICIPRULI30Jan20470PE.NFO,07/01/2020,11:14:16,10.15,10.2,3000,10.65,1500,0,219000
ICICIPRULI30Jan20470PE.NFO,07/01/2020,11:14:27,10.15,10.2,3000,10.6,1500,0,219000
ICICIPRULI30Jan20470PE.NFO,07/01/2020,11:14:32,10.15,10.15,3000,10.6,3000,0,219000
ICICIPRULI30Jan20470PE.NFO,07/01/2020,11:14:37,10.15,10.15,3000,10.55,1500,0,219000
ICICIPRULI30Jan20470PE.NFO,07/01/2020,11:14:41,10.15,10.15,1500,10.55,1500,0,219000
ICICIPRULI30Jan20470PE.NFO,07/01/2020,11:14:47,10.15,10.2,3000,10.6,1500,0,219000
ICICIPRULI30Jan20470PE.NFO,07/01/2020,11:15:05,10.15,10.2,4500,10.7,1500,0,219000
ICICIPRULI30Jan20470PE.NFO,07/01/2020,11:15:16,10.15,10.2,1500,10.6,1500,0,219000
ICICIPRULI30Jan20470PE.NFO,07/01/2020,11:15:21,10.15,10.2,3000,10.6,1500,0,219000
ICICIPRULI30Jan20470PE.NFO,07/01/2020,11:15:26,10.15,10.2,3000,10.65,1500,0,219000
ICICIPRULI30Jan20470PE.NFO,07/01/2020,11:15:32,10.15,10.25,3000,10.65,1500,0,219000
ICICIPRULI30Jan20470PE.NFO,07/01/2020,11:15:43,10.15,10.15,3000,10.6,1500,0,219000
ICICIPRULI30Jan20470PE.NFO,07/01/2020,11:15:53,10.15,10.15,4500,10.7,1500,0,219000
ICICIPRULI30Jan20470PE.NFO,07/01/2020,11:16:05,10.15,10.35,3000,10.8,1500,0,219000
ICICIPRULI30Jan20470PE.NFO,07/01/2020,11:16:18,10.15,10.35,1500,10.75,1500,0,219000
ICICIPRULI30Jan20470PE.NFO,07/01/2020,11:16:25,10.15,10.3,1500,10.75,1500,0,219000
ICICIPRULI30Jan20470PE.NFO,07/01/2020,11:16:47,10.15,10.4,1500,10.8,1500,0,219000
ICICIPRULI30Jan20470PE.NFO,07/01/2020,11:16:54,10.15,10.35,4500,10.9,1500,0,219000
ICICIPRULI30Jan20470PE.NFO,07/01/2020,11:17:00,10.15,10.35,1500,10.8,3000,0,219000
ICICIPRULI30Jan20470PE.NFO,07/01/2020,11:17:10,10.15,10.35,1500,10.75,1500,0,219000
ICICIPRULI30Jan20470PE.NFO,07/01/2020,11:17:19,10.15,10.45,1500,11,3000,0,219000
ICICIPRULI30Jan20470PE.NFO,07/01/2020,11:17:23,10.15,10.5,1500,10.9,1500,0,219000
ICICIPRULI30Jan20470PE.NFO,07/01/2020,11:17:46,10.15,10.5,1500,11,3000,0,219000
ICICIPRULI30Jan20470PE.NFO,07/01/2020,11:18:37,10.15,10.45,1500,10.9,1500,0,219000
ICICIPRULI30Jan20470PE.NFO,07/01/2020,11:18:43,10.15,10.45,1500,10.85,1500,0,219000
ICICIPRULI30Jan20470PE.NFO,07/01/2020,11:18:49,10.15,10.45,1500,10.9,1500,0,219000
ICICIPRULI30Jan20470PE.NFO,07/01/2020,11:19:01,10.15,10.6,1500,10.9,1500,0,219000
ICICIPRULI30Jan20470PE.NFO,07/01/2020,11:19:12,10.15,10.6,1500,10.85,1500,0,219000
ICICIPRULI30Jan20470PE.NFO,07/01/2020,11:19:19,10.15,10.75,1500,11,1500,0,219000
ICICIPRULI30Jan20470PE.NFO,07/01/2020,11:19:34,10.15,10.65,1500,11,1500,0,219000
ICICIPRULI30Jan20470PE.NFO,07/01/2020,11:19:47,10.15,10.6,1500,10.95,1500,0,219000
ICICIPRULI30Jan20470PE.NFO,07/01/2020,11:20:02,10.15,10.7,1500,10.95,1500,0,219000
ICICIPRULI30Jan20470PE.NFO,07/01/2020,11:20:14,10.15,10.7,1500,11,1500,0,219000
ICICIPRULI30Jan20470PE.NFO,07/01/2020,11:20:20,10.7,10.6,1500,10.9,1500,1500,220500
ICICIPRULI30Jan20470PE.NFO,07/01/2020,11:20:20,10.7,10.6,1500,10.9,1500,0,220500
ICICIPRULI30Jan20470PE.NFO,07/01/2020,11:20:30,10.7,10.55,1500,10.9,1500,0,220500
ICICIPRULI30Jan20470PE.NFO,07/01/2020,11:20:41,10.7,10.55,1500,10.9,3000,0,220500
ICICIPRULI30Jan20470PE.NFO,07/01/2020,11:20:57,10.7,10.6,1500,10.9,1500,0,220500
ICICIPRULI30Jan20470PE.NFO,07/01/2020,11:21:33,10.7,10.6,1500,11,3000,0,220500
ICICIPRULI30Jan20470PE.NFO,07/01/2020,11:21:39,10.7,10.65,1500,11,1500,0,220500
ICICIPRULI30Jan20470PE.NFO,07/01/2020,11:21:44,10.7,10.8,1500,10.95,3000,0,220500
ICICIPRULI30Jan20470PE.NFO,07/01/2020,11:21:50,10.8,10.7,1500,10.85,1500,1500,222000
ICICIPRULI30Jan20470PE.NFO,07/01/2020,11:21:50,10.8,10.7,1500,10.85,1500,0,222000
ICICIPRULI30Jan20470PE.NFO,07/01/2020,11:21:53,10.7,10.4,1500,10.85,3000,1500,222000
ICICIPRULI30Jan20470PE.NFO,07/01/2020,11:21:58,10.7,10.4,1500,10.85,3000,0,222000
ICICIPRULI30Jan20470PE.NFO,07/01/2020,11:22:05,10.7,10.35,3000,10.85,3000,0,222000
ICICIPRULI30Jan20470PE.NFO,07/01/2020,11:22:14,10.7,10.35,1500,10.85,3000,0,222000
ICICIPRULI30Jan20470PE.NFO,07/01/2020,11:22:18,10.7,10.35,3000,10.85,3000,0,222000
ICICIPRULI30Jan20470PE.NFO,07/01/2020,11:22:22,10.7,10.3,1500,10.85,3000,0,222000
ICICIPRULI30Jan20470PE.NFO,07/01/2020,11:22:55,10.7,10.2,1500,10.85,3000,0,222000
ICICIPRULI30Jan20470PE.NFO,07/01/2020,11:23:38,10.7,10.25,4500,10.85,3000,0,222000
ICICIPRULI30Jan20470PE.NFO,07/01/2020,11:23:48,10.7,10.2,1500,10.85,3000,0,222000
ICICIPRULI30Jan20470PE.NFO,07/01/2020,11:24:03,10.7,10.15,1500,10.85,3000,0,222000
ICICIPRULI30Jan20470PE.NFO,07/01/2020,11:24:34,10.7,10.1,3000,10.85,3000,0,222000
ICICIPRULI30Jan20470PE.NFO,07/01/2020,11:25:05,10.7,10.1,1500,10.85,3000,0,222000
ICICIPRULI30Jan20470PE.NFO,07/01/2020,11:25:14,10.7,10.15,1500,10.85,3000,0,222000
ICICIPRULI30Jan20470PE.NFO,07/01/2020,11:25:19,10.7,10.1,1500,10.85,3000,0,222000
ICICIPRULI30Jan20470PE.NFO,07/01/2020,11:25:24,10.7,10.25,3000,10.85,3000,0,222000
ICICIPRULI30Jan20470PE.NFO,07/01/2020,11:25:34,10.7,10.15,1500,10.85,3000,0,222000
ICICIPRULI30Jan20470PE.NFO,07/01/2020,11:25:38,10.7,10.1,1500,10.85,3000,0,222000
ICICIPRULI30Jan20470PE.NFO,07/01/2020,11:25:59,10.7,10.15,3000,10.85,3000,0,222000
ICICIPRULI30Jan20470PE.NFO,07/01/2020,11:28:53,10.7,10.2,1500,10.85,3000,0,222000
ICICIPRULI30Jan20470PE.NFO,07/01/2020,11:28:57,10.7,10.25,1500,10.85,3000,0,222000
ICICIPRULI30Jan20470PE.NFO,07/01/2020,11:29:07,10.7,10.3,6000,10.85,1500,0,222000
ICICIPRULI30Jan20470PE.NFO,07/01/2020,11:29:12,10.7,10.3,6000,10.9,1500,0,222000
ICICIPRULI30Jan20470PE.NFO,07/01/2020,11:29:26,10.7,10.3,6000,10.85,3000,0,222000
ICICIPRULI30Jan20470PE.NFO,07/01/2020,11:29:59,10.7,10.3,6000,10.9,1500,0,222000
ICICIPRULI30Jan20470PE.NFO,07/01/2020,11:30:02,10.7,10.3,6000,10.85,3000,0,222000
ICICIPRULI30Jan20470PE.NFO,07/01/2020,11:30:17,10.7,10.3,7500,10.85,3000,0,222000
ICICIPRULI30Jan20470PE.NFO,07/01/2020,11:30:21,10.7,10.3,7500,10.85,1500,0,222000
ICICIPRULI30Jan20470PE.NFO,07/01/2020,11:31:01,10.7,10.3,1500,10.85,3000,0,222000
ICICIPRULI30Jan20470PE.NFO,07/01/2020,11:32:23,10.7,10.2,1500,10.85,3000,0,222000
ICICIPRULI30Jan20470PE.NFO,07/01/2020,11:33:09,10.7,10.15,3000,10.85,3000,0,222000
ICICIPRULI30Jan20470PE.NFO,07/01/2020,11:33:25,10.7,10.05,1500,10.85,3000,0,222000
ICICIPRULI30Jan20470PE.NFO,07/01/2020,11:33:46,10.7,10.1,1500,10.85,3000,0,222000
ICICIPRULI30Jan20470PE.NFO,07/01/2020,11:34:02,10.7,10.05,1500,10.85,3000,0,222000
ICICIPRULI30Jan20470PE.NFO,07/01/2020,11:34:33,10.7,10,3000,10.85,3000,0,222000
ICICIPRULI30Jan20470PE.NFO,07/01/2020,11:34:45,10.7,10,3000,10.85,4500,0,222000
ICICIPRULI30Jan20470PE.NFO,07/01/2020,11:34:50,10.7,10,3000,10.85,3000,0,222000
ICICIPRULI30Jan20470PE.NFO,07/01/2020,11:35:02,10.7,10,1500,10.85,3000,0,222000
ICICIPRULI30Jan20470PE.NFO,07/01/2020,11:35:18,10.7,10.05,1500,10.85,3000,0,222000
ICICIPRULI30Jan20470PE.NFO,07/01/2020,11:35:25,10.7,10,1500,10.85,3000,0,222000
ICICIPRULI30Jan20470PE.NFO,07/01/2020,11:37:04,10.7,10,1500,10.85,4500,0,222000
ICICIPRULI30Jan20470PE.NFO,07/01/2020,11:38:33,10.7,10,1500,10.85,3000,0,222000
ICICIPRULI30Jan20470PE.NFO,07/01/2020,11:38:43,10.7,10.2,1500,10.85,3000,0,222000
ICICIPRULI30Jan20470PE.NFO,07/01/2020,11:38:59,10.7,10.3,1500,10.85,3000,0,222000
ICICIPRULI30Jan20470PE.NFO,07/01/2020,11:39:45,10.7,10.35,3000,10.85,1500,0,222000
ICICIPRULI30Jan20470PE.NFO,07/01/2020,11:42:37,10.7,10.35,1500,10.65,1500,0,222000
ICICIPRULI30Jan20470PE.NFO,07/01/2020,11:42:42,10.7,10.2,4500,10.7,1500,0,222000
ICICIPRULI30Jan20470PE.NFO,07/01/2020,11:42:46,10.7,10.2,6000,10.7,1500,0,222000
ICICIPRULI30Jan20470PE.NFO,07/01/2020,11:42:55,10.7,10.2,6000,10.75,1500,0,222000
ICICIPRULI30Jan20470PE.NFO,07/01/2020,11:43:53,10.7,10.15,1500,10.6,3000,0,222000
ICICIPRULI30Jan20470PE.NFO,07/01/2020,11:43:57,10.7,10.2,3000,10.65,1500,0,222000
ICICIPRULI30Jan20470PE.NFO,07/01/2020,11:44:06,10.7,10.2,3000,10.7,1500,0,222000
ICICIPRULI30Jan20470PE.NFO,07/01/2020,11:44:17,10.7,10.2,1500,10.7,1500,0,222000
ICICIPRULI30Jan20470PE.NFO,07/01/2020,11:44:53,10.7,10.15,1500,10.6,1500,0,222000
ICICIPRULI30Jan20470PE.NFO,07/01/2020,11:45:02,10.7,10.15,3000,10.6,1500,0,222000
ICICIPRULI30Jan20470PE.NFO,07/01/2020,11:45:05,10.7,10.15,1500,10.6,1500,0,222000
ICICIPRULI30Jan20470PE.NFO,07/01/2020,11:45:18,10.7,10.15,3000,10.6,1500,0,222000
ICICIPRULI30Jan20470PE.NFO,07/01/2020,11:45:26,10.7,10.15,3000,10.65,3000,0,222000
ICICIPRULI30Jan20470PE.NFO,07/01/2020,11:45:39,10.7,10.45,1500,10.65,1500,0,222000
ICICIPRULI30Jan20470PE.NFO,07/01/2020,11:46:38,10.7,10.3,1500,10.75,1500,0,222000
ICICIPRULI30Jan20470PE.NFO,07/01/2020,11:46:45,10.7,10.3,1500,10.7,3000,0,222000
ICICIPRULI30Jan20470PE.NFO,07/01/2020,11:46:56,10.7,10.25,1500,10.7,3000,0,222000
ICICIPRULI30Jan20470PE.NFO,07/01/2020,11:47:23,10.7,10.2,1500,10.7,3000,0,222000
ICICIPRULI30Jan20470PE.NFO,07/01/2020,11:47:29,10.7,10.2,3000,10.7,3000,0,222000
ICICIPRULI30Jan20470PE.NFO,07/01/2020,11:48:02,10.7,10.3,1500,10.7,1500,0,222000
ICICIPRULI30Jan20470PE.NFO,07/01/2020,11:48:06,10.7,10.3,1500,10.7,3000,0,222000
ICICIPRULI30Jan20470PE.NFO,07/01/2020,11:48:17,10.7,10.3,1500,10.7,1500,0,222000
ICICIPRULI30Jan20470PE.NFO,07/01/2020,11:48:22,10.7,10.3,3000,10.7,1500,0,222000
ICICIPRULI30Jan20470PE.NFO,07/01/2020,11:48:47,10.7,10.3,1500,10.7,1500,0,222000
ICICIPRULI30Jan20470PE.NFO,07/01/2020,11:48:52,10.7,10.3,1500,10.7,3000,0,222000
ICICIPRULI30Jan20470PE.NFO,07/01/2020,11:49:09,10.7,10.3,1500,10.7,1500,0,222000
ICICIPRULI30Jan20470PE.NFO,07/01/2020,11:49:40,10.7,10.3,1500,10.7,3000,0,222000
ICICIPRULI30Jan20470PE.NFO,07/01/2020,11:49:48,10.7,10.3,1500,10.7,1500,0,222000
ICICIPRULI30Jan20470PE.NFO,07/01/2020,11:49:51,10.7,10.3,1500,10.7,3000,0,222000
ICICIPRULI30Jan20470PE.NFO,07/01/2020,11:49:58,10.7,10.3,1500,10.7,1500,0,222000
ICICIPRULI30Jan20470PE.NFO,07/01/2020,11:50:11,10.7,10.3,1500,10.7,3000,0,222000
ICICIPRULI30Jan20470PE.NFO,07/01/2020,11:50:15,10.7,10.3,1500,10.7,1500,0,222000
ICICIPRULI30Jan20470PE.NFO,07/01/2020,11:50:21,10.7,10.25,3000,10.7,3000,0,222000
ICICIPRULI30Jan20470PE.NFO,07/01/2020,11:50:30,10.7,10.2,1500,10.7,3000,0,222000
ICICIPRULI30Jan20470PE.NFO,07/01/2020,11:51:28,10.7,10.15,1500,10.7,3000,0,222000
ICICIPRULI30Jan20470PE.NFO,07/01/2020,11:52:45,10.7,10.2,3000,10.7,3000,0,222000
ICICIPRULI30Jan20470PE.NFO,07/01/2020,11:52:53,10.7,10.15,1500,10.7,3000,0,222000
ICICIPRULI30Jan20470PE.NFO,07/01/2020,11:53:00,10.7,10.1,1500,10.7,3000,0,222000
ICICIPRULI30Jan20470PE.NFO,07/01/2020,11:55:47,10.7,10.05,4500,10.7,3000,0,222000
ICICIPRULI30Jan20470PE.NFO,07/01/2020,11:57:46,10.7,10.3,1500,10.8,3000,0,222000
ICICIPRULI30Jan20470PE.NFO,07/01/2020,11:57:51,10.7,10.3,1500,10.8,1500,0,222000
ICICIPRULI30Jan20470PE.NFO,07/01/2020,11:58:06,10.7,10.3,1500,10.75,3000,0,222000
ICICIPRULI30Jan20470PE.NFO,07/01/2020,11:58:31,10.7,10.25,1500,10.75,3000,0,222000
ICICIPRULI30Jan20470PE.NFO,07/01/2020,11:58:41,10.7,10.2,3000,10.75,3000,0,222000
ICICIPRULI30Jan20470PE.NFO,07/01/2020,11:58:54,10.7,10.3,1500,10.75,1500,0,222000
ICICIPRULI30Jan20470PE.NFO,07/01/2020,11:58:58,10.7,10.3,1500,10.75,3000,0,222000
ICICIPRULI30Jan20470PE.NFO,07/01/2020,11:59:20,10.7,10.3,1500,10.75,1500,0,222000
ICICIPRULI30Jan20470PE.NFO,07/01/2020,11:59:29,10.7,10.3,1500,10.75,3000,0,222000
ICICIPRULI30Jan20470PE.NFO,07/01/2020,11:59:32,10.7,10.5,1500,11,1500,0,222000
ICICIPRULI30Jan20470PE.NFO,07/01/2020,11:59:34,10.7,10.55,1500,11,1500,0,222000
ICICIPRULI30Jan20470PE.NFO,07/01/2020,11:59:43,10.7,10.55,1500,11.05,1500,0,222000
ICICIPRULI30Jan20470PE.NFO,07/01/2020,11:59:46,10.7,10.5,1500,11.1,3000,0,222000
ICICIPRULI30Jan20470PE.NFO,07/01/2020,12:00:02,10.7,10.5,1500,11.1,1500,0,222000
ICICIPRULI30Jan20470PE.NFO,07/01/2020,12:00:21,10.7,10.5,1500,11.05,3000,0,222000
ICICIPRULI30Jan20470PE.NFO,07/01/2020,12:00:25,10.7,10.5,1500,11.1,1500,0,222000
ICICIPRULI30Jan20470PE.NFO,07/01/2020,12:00:27,10.7,10.5,1500,11.05,3000,0,222000
ICICIPRULI30Jan20470PE.NFO,07/01/2020,12:00:31,10.7,10.5,1500,10.95,3000,0,222000
ICICIPRULI30Jan20470PE.NFO,07/01/2020,12:00:34,10.7,10.5,1500,10.85,1500,0,222000
ICICIPRULI30Jan20470PE.NFO,07/01/2020,12:02:31,10.7,10.45,1500,10.85,1500,0,222000
ICICIPRULI30Jan20470PE.NFO,07/01/2020,12:02:36,10.7,10.4,1500,10.85,1500,0,222000
ICICIPRULI30Jan20470PE.NFO,07/01/2020,12:02:43,10.7,10.4,1500,10.85,3000,0,222000
ICICIPRULI30Jan20470PE.NFO,07/01/2020,12:02:49,10.7,10.35,1500,10.85,3000,0,222000
ICICIPRULI30Jan20470PE.NFO,07/01/2020,12:03:29,10.7,10.35,1500,10.9,1500,0,222000
ICICIPRULI30Jan20470PE.NFO,07/01/2020,12:04:25,10.7,10.35,1500,10.9,3000,0,222000
ICICIPRULI30Jan20470PE.NFO,07/01/2020,12:04:30,10.7,10.35,1500,10.9,1500,0,222000
ICICIPRULI30Jan20470PE.NFO,07/01/2020,12:04:34,10.7,10.35,1500,10.9,3000,0,222000
ICICIPRULI30Jan20470PE.NFO,07/01/2020,12:05:48,10.7,10.35,1500,10.9,1500,0,222000
ICICIPRULI30Jan20470PE.NFO,07/01/2020,12:07:29,10.7,10.35,3000,10.9,1500,0,222000
ICICIPRULI30Jan20470PE.NFO,07/01/2020,12:07:43,10.7,10.45,1500,10.9,1500,0,222000
ICICIPRULI30Jan20470PE.NFO,07/01/2020,12:08:21,10.7,10.4,1500,10.9,3000,0,222000
ICICIPRULI30Jan20470PE.NFO,07/01/2020,12:08:58,10.7,10.4,1500,10.9,1500,0,222000
ICICIPRULI30Jan20470PE.NFO,07/01/2020,12:11:09,10.7,10.4,1500,10.8,1500,0,222000
ICICIPRULI30Jan20470PE.NFO,07/01/2020,12:11:14,10.7,10.35,1500,10.8,1500,0,222000
ICICIPRULI30Jan20470PE.NFO,07/01/2020,12:11:18,10.7,10.35,1500,10.9,1500,0,222000
ICICIPRULI30Jan20470PE.NFO,07/01/2020,12:11:22,10.7,10.35,1500,10.9,3000,0,222000
ICICIPRULI30Jan20470PE.NFO,07/01/2020,12:11:45,10.7,10.35,1500,10.9,1500,0,222000
ICICIPRULI30Jan20470PE.NFO,07/01/2020,12:11:50,10.7,10.35,1500,10.9,3000,0,222000
ICICIPRULI30Jan20470PE.NFO,07/01/2020,12:12:11,10.7,10.35,1500,10.9,1500,0,222000
ICICIPRULI30Jan20470PE.NFO,07/01/2020,12:12:14,10.7,10.35,1500,10.9,3000,0,222000
ICICIPRULI30Jan20470PE.NFO,07/01/2020,12:12:27,10.7,10.45,1500,10.9,1500,0,222000
ICICIPRULI30Jan20470PE.NFO,07/01/2020,12:12:29,10.7,10.4,1500,10.9,3000,0,222000
ICICIPRULI30Jan20470PE.NFO,07/01/2020,12:13:16,10.7,10.3,1500,10.9,3000,0,222000
ICICIPRULI30Jan20470PE.NFO,07/01/2020,12:13:23,10.7,10.25,1500,10.9,3000,0,222000
ICICIPRULI30Jan20470PE.NFO,07/01/2020,12:15:39,10.7,10.25,3000,10.85,3000,0,222000
ICICIPRULI30Jan20470PE.NFO,07/01/2020,12:15:43,10.7,10.25,3000,10.75,1500,0,222000
ICICIPRULI30Jan20470PE.NFO,07/01/2020,12:15:52,10.7,10.4,3000,10.85,1500,0,222000
ICICIPRULI30Jan20470PE.NFO,07/01/2020,12:15:56,10.7,10.45,3000,10.85,1500,0,222000
ICICIPRULI30Jan20470PE.NFO,07/01/2020,12:16:20,10.7,10.45,1500,10.85,1500,0,222000
ICICIPRULI30Jan20470PE.NFO,07/01/2020,12:16:23,10.7,10.45,1500,10.8,1500,0,222000
ICICIPRULI30Jan20470PE.NFO,07/01/2020,12:16:25,10.7,10.4,1500,10.8,1500,0,222000
ICICIPRULI30Jan20470PE.NFO,07/01/2020,12:18:03,10.7,10.45,1500,10.8,1500,0,222000
ICICIPRULI30Jan20470PE.NFO,07/01/2020,12:18:06,10.7,10.45,1500,10.75,1500,0,222000
ICICIPRULI30Jan20470PE.NFO,07/01/2020,12:18:08,10.7,10.45,1500,10.8,1500,0,222000
ICICIPRULI30Jan20470PE.NFO,07/01/2020,12:18:11,10.7,10.45,1500,10.75,1500,0,222000
ICICIPRULI30Jan20470PE.NFO,07/01/2020,12:18:14,10.7,10.45,1500,10.8,1500,0,222000
ICICIPRULI30Jan20470PE.NFO,07/01/2020,12:18:24,10.7,10.4,1500,10.8,1500,0,222000
ICICIPRULI30Jan20470PE.NFO,07/01/2020,12:18:30,10.7,10.4,1500,10.75,1500,0,222000
ICICIPRULI30Jan20470PE.NFO,07/01/2020,12:18:33,10.7,10.45,1500,10.8,1500,0,222000
ICICIPRULI30Jan20470PE.NFO,07/01/2020,12:18:36,10.7,10.4,1500,10.75,1500,0,222000
ICICIPRULI30Jan20470PE.NFO,07/01/2020,12:18:39,10.7,10.4,1500,10.8,1500,0,222000
ICICIPRULI30Jan20470PE.NFO,07/01/2020,12:18:42,10.7,10.45,1500,10.8,1500,0,222000
ICICIPRULI30Jan20470PE.NFO,07/01/2020,12:18:45,10.7,10.45,1500,10.75,1500,0,222000
ICICIPRULI30Jan20470PE.NFO,07/01/2020,12:18:48,10.7,10.45,1500,10.8,1500,0,222000
ICICIPRULI30Jan20470PE.NFO,07/01/2020,12:18:51,10.7,10.5,1500,10.8,1500,0,222000
ICICIPRULI30Jan20470PE.NFO,07/01/2020,12:18:53,10.7,10.45,1500,10.8,1500,0,222000
ICICIPRULI30Jan20470PE.NFO,07/01/2020,12:18:56,10.7,10.45,1500,10.75,1500,0,222000
ICICIPRULI30Jan20470PE.NFO,07/01/2020,12:18:58,10.7,10.5,1500,10.85,1500,0,222000
ICICIPRULI30Jan20470PE.NFO,07/01/2020,12:19:01,10.7,10.45,1500,10.75,1500,0,222000
ICICIPRULI30Jan20470PE.NFO,07/01/2020,12:19:14,10.7,10.4,1500,10.75,1500,0,222000
ICICIPRULI30Jan20470PE.NFO,07/01/2020,12:19:22,10.7,10.4,1500,10.7,1500,0,222000
ICICIPRULI30Jan20470PE.NFO,07/01/2020,12:20:00,10.7,10.4,1500,10.75,1500,0,222000
ICICIPRULI30Jan20470PE.NFO,07/01/2020,12:20:02,10.7,10.4,1500,10.8,1500,0,222000
ICICIPRULI30Jan20470PE.NFO,07/01/2020,12:20:05,10.7,10.45,1500,10.8,1500,0,222000
ICICIPRULI30Jan20470PE.NFO,07/01/2020,12:20:07,10.7,10.4,1500,10.75,1500,0,222000
ICICIPRULI30Jan20470PE.NFO,07/01/2020,12:20:10,10.7,10.4,1500,10.8,1500,0,222000
ICICIPRULI30Jan20470PE.NFO,07/01/2020,12:20:12,10.7,10.4,1500,10.7,1500,0,222000
ICICIPRULI30Jan20470PE.NFO,07/01/2020,12:20:16,10.7,10.5,1500,10.8,1500,0,222000
ICICIPRULI30Jan20470PE.NFO,07/01/2020,12:20:21,10.7,10.45,1500,10.8,1500,0,222000
ICICIPRULI30Jan20470PE.NFO,07/01/2020,12:20:29,10.7,10.4,1500,10.75,1500,0,222000
ICICIPRULI30Jan20470PE.NFO,07/01/2020,12:20:38,10.7,10.4,1500,10.7,1500,0,222000
ICICIPRULI30Jan20470PE.NFO,07/01/2020,12:20:40,10.7,10.4,1500,10.75,1500,0,222000
ICICIPRULI30Jan20470PE.NFO,07/01/2020,12:20:46,10.7,10.45,1500,10.8,1500,0,222000
ICICIPRULI30Jan20470PE.NFO,07/01/2020,12:20:53,10.7,10.4,1500,10.75,1500,0,222000
ICICIPRULI30Jan20470PE.NFO,07/01/2020,12:20:58,10.7,10.4,1500,10.7,1500,0,222000
ICICIPRULI30Jan20470PE.NFO,07/01/2020,12:21:02,10.7,10.4,1500,10.75,1500,0,222000
ICICIPRULI30Jan20470PE.NFO,07/01/2020,12:21:09,10.7,10.45,1500,10.8,1500,0,222000
ICICIPRULI30Jan20470PE.NFO,07/01/2020,12:21:12,10.7,10.4,1500,10.75,1500,0,222000
ICICIPRULI30Jan20470PE.NFO,07/01/2020,12:21:15,10.7,10.45,1500,10.8,1500,0,222000
ICICIPRULI30Jan20470PE.NFO,07/01/2020,12:21:19,10.7,10.4,1500,10.75,1500,0,222000
ICICIPRULI30Jan20470PE.NFO,07/01/2020,12:21:29,10.7,10.45,1500,10.8,1500,0,222000
ICICIPRULI30Jan20470PE.NFO,07/01/2020,12:21:42,10.7,10.4,1500,10.75,1500,0,222000
ICICIPRULI30Jan20470PE.NFO,07/01/2020,12:21:45,10.7,10.45,1500,10.8,1500,0,222000
ICICIPRULI30Jan20470PE.NFO,07/01/2020,12:21:49,10.7,10.4,1500,10.75,1500,0,222000
ICICIPRULI30Jan20470PE.NFO,07/01/2020,12:21:56,10.7,10.45,1500,10.75,1500,0,222000
ICICIPRULI30Jan20470PE.NFO,07/01/2020,12:22:01,10.7,10.4,1500,10.75,1500,0,222000
ICICIPRULI30Jan20470PE.NFO,07/01/2020,12:22:06,10.7,10.45,3000,10.8,1500,0,222000
ICICIPRULI30Jan20470PE.NFO,07/01/2020,12:22:10,10.7,10.45,3000,10.75,1500,0,222000
ICICIPRULI30Jan20470PE.NFO,07/01/2020,12:22:17,10.7,10.45,1500,10.8,1500,0,222000
ICICIPRULI30Jan20470PE.NFO,07/01/2020,12:22:20,10.7,10.4,1500,10.75,1500,0,222000
ICICIPRULI30Jan20470PE.NFO,07/01/2020,12:22:23,10.7,10.45,1500,10.8,1500,0,222000
ICICIPRULI30Jan20470PE.NFO,07/01/2020,12:22:29,10.7,10.45,1500,10.75,1500,0,222000
ICICIPRULI30Jan20470PE.NFO,07/01/2020,12:22:33,10.7,10.45,1500,10.8,1500,0,222000
ICICIPRULI30Jan20470PE.NFO,07/01/2020,12:22:41,10.7,10.45,1500,10.75,1500,0,222000
ICICIPRULI30Jan20470PE.NFO,07/01/2020,12:22:44,10.7,10.45,1500,10.85,1500,0,222000
ICICIPRULI30Jan20470PE.NFO,07/01/2020,12:22:47,10.7,10.45,1500,10.8,1500,0,222000
ICICIPRULI30Jan20470PE.NFO,07/01/2020,12:22:56,10.7,10.5,1500,10.85,1500,0,222000
ICICIPRULI30Jan20470PE.NFO,07/01/2020,12:23:00,10.7,10.45,1500,10.85,1500,0,222000
ICICIPRULI30Jan20470PE.NFO,07/01/2020,12:23:04,10.7,10.5,1500,10.85,1500,0,222000
ICICIPRULI30Jan20470PE.NFO,07/01/2020,12:23:08,10.7,10.45,1500,10.8,1500,0,222000
ICICIPRULI30Jan20470PE.NFO,07/01/2020,12:23:11,10.7,10.45,1500,10.85,1500,0,222000
ICICIPRULI30Jan20470PE.NFO,07/01/2020,12:23:14,10.7,10.45,1500,10.8,1500,0,222000
ICICIPRULI30Jan20470PE.NFO,07/01/2020,12:23:18,10.7,10.45,1500,10.85,1500,0,222000
ICICIPRULI30Jan20470PE.NFO,07/01/2020,12:23:23,10.7,10.45,1500,10.75,1500,0,222000
ICICIPRULI30Jan20470PE.NFO,07/01/2020,12:24:15,10.7,10.35,1500,10.7,1500,0,222000
ICICIPRULI30Jan20470PE.NFO,07/01/2020,12:24:21,10.7,10.45,1500,10.85,1500,0,222000
ICICIPRULI30Jan20470PE.NFO,07/01/2020,12:24:25,10.7,10.45,1500,10.75,1500,0,222000
ICICIPRULI30Jan20470PE.NFO,07/01/2020,12:24:35,10.7,10.45,1500,10.85,1500,0,222000
ICICIPRULI30Jan20470PE.NFO,07/01/2020,12:24:38,10.7,10.45,1500,10.7,1500,0,222000
ICICIPRULI30Jan20470PE.NFO,07/01/2020,12:24:41,10.7,10.4,1500,10.8,1500,0,222000
ICICIPRULI30Jan20470PE.NFO,07/01/2020,12:24:44,10.7,10.4,1500,10.75,1500,0,222000
ICICIPRULI30Jan20470PE.NFO,07/01/2020,12:24:46,10.7,10.4,1500,10.8,1500,0,222000
ICICIPRULI30Jan20470PE.NFO,07/01/2020,12:24:49,10.7,10.4,1500,10.75,1500,0,222000
ICICIPRULI30Jan20470PE.NFO,07/01/2020,12:24:55,10.7,10.4,1500,10.8,1500,0,222000
ICICIPRULI30Jan20470PE.NFO,07/01/2020,12:24:58,10.7,10.4,1500,10.75,1500,0,222000
ICICIPRULI30Jan20470PE.NFO,07/01/2020,12:25:01,10.7,10.4,1500,10.8,1500,0,222000
ICICIPRULI30Jan20470PE.NFO,07/01/2020,12:25:07,10.7,10.45,1500,10.8,1500,0,222000
ICICIPRULI30Jan20470PE.NFO,07/01/2020,12:25:15,10.7,10.45,1500,10.75,1500,0,222000
ICICIPRULI30Jan20470PE.NFO,07/01/2020,12:25:18,10.7,10.45,1500,10.8,1500,0,222000
ICICIPRULI30Jan20470PE.NFO,07/01/2020,12:25:23,10.7,10.45,1500,10.85,1500,0,222000
ICICIPRULI30Jan20470PE.NFO,07/01/2020,12:25:26,10.7,10.45,1500,10.75,3000,0,222000
ICICIPRULI30Jan20470PE.NFO,07/01/2020,12:25:42,10.7,10.4,1500,10.75,3000,0,222000
ICICIPRULI30Jan20470PE.NFO,07/01/2020,12:26:30,10.7,10.5,1500,10.9,3000,0,222000
ICICIPRULI30Jan20470PE.NFO,07/01/2020,12:26:34,10.7,10.5,1500,10.9,1500,0,222000
ICICIPRULI30Jan20470PE.NFO,07/01/2020,12:26:38,10.7,10.5,1500,10.85,1500,0,222000
ICICIPRULI30Jan20470PE.NFO,07/01/2020,12:27:37,10.7,10.5,1500,11,1500,0,222000
ICICIPRULI30Jan20470PE.NFO,07/01/2020,12:28:23,10.7,10.5,1500,10.85,3000,0,222000
ICICIPRULI30Jan20470PE.NFO,07/01/2020,12:28:26,10.7,10.5,1500,10.85,1500,0,222000
ICICIPRULI30Jan20470PE.NFO,07/01/2020,12:28:40,10.7,10.5,1500,10.85,3000,0,222000
ICICIPRULI30Jan20470PE.NFO,07/01/2020,12:28:43,10.7,10.5,1500,10.85,1500,0,222000
ICICIPRULI30Jan20470PE.NFO,07/01/2020,12:29:04,10.7,10.65,3000,11.1,1500,0,222000
ICICIPRULI30Jan20470PE.NFO,07/01/2020,12:29:09,10.7,10.7,1500,11.05,1500,0,222000
ICICIPRULI30Jan20470PE.NFO,07/01/2020,12:29:14,10.7,10.6,1500,11,4500,0,222000
ICICIPRULI30Jan20470PE.NFO,07/01/2020,12:29:22,10.7,10.55,1500,10.95,1500,0,222000
ICICIPRULI30Jan20470PE.NFO,07/01/2020,12:29:27,10.7,10.6,1500,10.95,1500,0,222000
ICICIPRULI30Jan20470PE.NFO,07/01/2020,12:29:37,10.7,10.55,1500,10.95,1500,0,222000
ICICIPRULI30Jan20470PE.NFO,07/01/2020,12:29:42,10.7,10.6,3000,10.95,1500,0,222000
ICICIPRULI30Jan20470PE.NFO,07/01/2020,12:29:46,10.7,10.6,1500,10.95,1500,0,222000
ICICIPRULI30Jan20470PE.NFO,07/01/2020,12:29:51,10.7,10.55,1500,10.9,1500,0,222000
ICICIPRULI30Jan20470PE.NFO,07/01/2020,12:29:55,10.7,10.55,1500,10.85,3000,0,222000
ICICIPRULI30Jan20470PE.NFO,07/01/2020,12:30:00,10.7,10.55,1500,10.9,3000,0,222000
ICICIPRULI30Jan20470PE.NFO,07/01/2020,12:30:04,10.7,10.6,3000,10.9,1500,0,222000
ICICIPRULI30Jan20470PE.NFO,07/01/2020,12:30:10,10.7,10.55,1500,10.9,1500,0,222000
ICICIPRULI30Jan20470PE.NFO,07/01/2020,12:30:16,10.7,10.5,1500,10.8,1500,0,222000
ICICIPRULI30Jan20470PE.NFO,07/01/2020,12:30:22,10.7,10.6,1500,10.95,1500,0,222000
ICICIPRULI30Jan20470PE.NFO,07/01/2020,12:30:27,10.7,10.55,1500,10.9,1500,0,222000
ICICIPRULI30Jan20470PE.NFO,07/01/2020,12:30:32,10.7,10.55,1500,10.85,1500,0,222000
ICICIPRULI30Jan20470PE.NFO,07/01/2020,12:30:36,10.7,10.55,1500,10.95,1500,0,222000
ICICIPRULI30Jan20470PE.NFO,07/01/2020,12:30:58,10.7,10.65,1500,10.95,1500,0,222000
ICICIPRULI30Jan20470PE.NFO,07/01/2020,12:31:02,10.7,10.6,1500,10.9,1500,0,222000
ICICIPRULI30Jan20470PE.NFO,07/01/2020,12:31:10,10.7,10.65,1500,10.95,1500,0,222000
ICICIPRULI30Jan20470PE.NFO,07/01/2020,12:31:14,10.7,10.6,1500,10.9,1500,0,222000
ICICIPRULI30Jan20470PE.NFO,07/01/2020,12:31:29,10.7,10.6,1500,10.95,1500,0,222000
ICICIPRULI30Jan20470PE.NFO,07/01/2020,12:31:37,10.7,10.55,1500,10.9,1500,0,222000
ICICIPRULI30Jan20470PE.NFO,07/01/2020,12:31:48,10.7,10.6,1500,10.9,1500,0,222000
ICICIPRULI30Jan20470PE.NFO,07/01/2020,12:31:58,10.7,10.55,1500,10.9,1500,0,222000
ICICIPRULI30Jan20470PE.NFO,07/01/2020,12:32:03,10.7,10.6,3000,10.95,1500,0,222000
ICICIPRULI30Jan20470PE.NFO,07/01/2020,12:32:14,10.7,10.6,3000,11,1500,0,222000
ICICIPRULI30Jan20470PE.NFO,07/01/2020,12:32:39,10.7,10.6,3000,11.05,1500,0,222000
ICICIPRULI30Jan20470PE.NFO,07/01/2020,12:32:44,10.7,10.6,3000,11,1500,0,222000
ICICIPRULI30Jan20470PE.NFO,07/01/2020,12:32:48,10.7,10.6,3000,11.05,1500,0,222000
ICICIPRULI30Jan20470PE.NFO,07/01/2020,12:32:56,10.7,10.7,1500,11,1500,0,222000
ICICIPRULI30Jan20470PE.NFO,07/01/2020,12:33:00,10.7,10.75,1500,11,1500,0,222000
ICICIPRULI30Jan20470PE.NFO,07/01/2020,12:33:05,10.7,10.7,1500,10.95,1500,0,222000
ICICIPRULI30Jan20470PE.NFO,07/01/2020,12:33:09,10.7,10.7,1500,11,1500,0,222000
ICICIPRULI30Jan20470PE.NFO,07/01/2020,12:33:14,10.7,10.7,1500,10.95,1500,0,222000
ICICIPRULI30Jan20470PE.NFO,07/01/2020,12:33:24,10.7,10.7,1500,11,1500,0,222000
ICICIPRULI30Jan20470PE.NFO,07/01/2020,12:33:28,10.7,10.7,1500,10.95,1500,0,222000
ICICIPRULI30Jan20470PE.NFO,07/01/2020,12:33:34,10.7,10.7,1500,11,1500,0,222000
ICICIPRULI30Jan20470PE.NFO,07/01/2020,12:33:37,10.7,10.7,1500,10.95,1500,0,222000
ICICIPRULI30Jan20470PE.NFO,07/01/2020,12:33:54,10.7,10.75,1500,11.05,1500,0,222000
ICICIPRULI30Jan20470PE.NFO,07/01/2020,12:33:57,10.7,10.85,1500,11.05,1500,0,222000
ICICIPRULI30Jan20470PE.NFO,07/01/2020,12:34:06,10.7,10.85,1500,11.1,1500,0,222000
ICICIPRULI30Jan20470PE.NFO,07/01/2020,12:34:10,10.7,10.8,1500,10.95,1500,0,222000
ICICIPRULI30Jan20470PE.NFO,07/01/2020,12:34:19,10.7,10.8,1500,10.95,3000,0,222000
ICICIPRULI30Jan20470PE.NFO,07/01/2020,12:34:22,10.7,10.8,1500,11.05,1500,0,222000
ICICIPRULI30Jan20470PE.NFO,07/01/2020,12:34:25,10.7,10.8,1500,11,3000,0,222000
ICICIPRULI30Jan20470PE.NFO,07/01/2020,12:34:29,10.7,10.8,1500,10.95,1500,0,222000
ICICIPRULI30Jan20470PE.NFO,07/01/2020,12:35:09,10.7,10.8,1500,10.9,1500,0,222000
ICICIPRULI30Jan20470PE.NFO,07/01/2020,12:37:38,10.8,10.45,1500,10.8,1500,1500,222000
ICICIPRULI30Jan20470PE.NFO,07/01/2020,12:37:42,10.8,10.45,1500,10.8,1500,0,222000
ICICIPRULI30Jan20470PE.NFO,07/01/2020,12:37:59,10.8,10.45,6000,10.8,1500,0,222000
ICICIPRULI30Jan20470PE.NFO,07/01/2020,12:38:05,10.8,10.4,1500,10.7,1500,0,222000
ICICIPRULI30Jan20470PE.NFO,07/01/2020,12:38:48,10.8,10.35,1500,10.7,1500,0,222000
ICICIPRULI30Jan20470PE.NFO,07/01/2020,12:38:57,10.8,10.25,1500,10.6,1500,0,222000
ICICIPRULI30Jan20470PE.NFO,07/01/2020,12:39:16,10.8,10.25,3000,10.6,1500,0,222000
ICICIPRULI30Jan20470PE.NFO,07/01/2020,12:39:24,10.8,10.25,3000,10.65,3000,0,222000
ICICIPRULI30Jan20470PE.NFO,07/01/2020,12:39:27,10.8,10.25,3000,10.6,1500,0,222000
ICICIPRULI30Jan20470PE.NFO,07/01/2020,12:39:34,10.8,10.2,1500,10.6,1500,0,222000
ICICIPRULI30Jan20470PE.NFO,07/01/2020,12:39:47,10.8,10.2,1500,10.5,1500,0,222000
ICICIPRULI30Jan20470PE.NFO,07/01/2020,12:39:58,10.8,10.1,1500,10.5,1500,0,222000
ICICIPRULI30Jan20470PE.NFO,07/01/2020,12:40:07,10.8,10.1,1500,10.4,1500,0,222000
ICICIPRULI30Jan20470PE.NFO,07/01/2020,12:40:10,10.8,10.05,1500,10.4,1500,0,222000
ICICIPRULI30Jan20470PE.NFO,07/01/2020,12:40:15,10.8,10,1500,10.3,1500,0,222000
ICICIPRULI30Jan20470PE.NFO,07/01/2020,12:40:34,10.8,10.05,1500,10.4,1500,0,222000
ICICIPRULI30Jan20470PE.NFO,07/01/2020,12:40:43,10.8,10,1500,10.3,1500,0,222000
ICICIPRULI30Jan20470PE.NFO,07/01/2020,12:42:57,10.8,10,1500,10.25,1500,0,222000
ICICIPRULI30Jan20470PE.NFO,07/01/2020,12:43:03,10.8,10,1500,10.3,1500,0,222000
ICICIPRULI30Jan20470PE.NFO,07/01/2020,12:43:42,10.8,10,1500,10.25,1500,0,222000
ICICIPRULI30Jan20470PE.NFO,07/01/2020,12:43:47,10.8,10,1500,10.3,1500,0,222000
ICICIPRULI30Jan20470PE.NFO,07/01/2020,12:43:53,10.8,10,1500,10.3,3000,0,222000
ICICIPRULI30Jan20470PE.NFO,07/01/2020,12:44:14,10.8,10,1500,10.2,1500,0,222000
ICICIPRULI30Jan20470PE.NFO,07/01/2020,12:44:17,10.8,9.9,3000,10.2,1500,0,222000
ICICIPRULI30Jan20470PE.NFO,07/01/2020,12:44:22,10.8,9.85,1500,10.25,1500,0,222000
ICICIPRULI30Jan20470PE.NFO,07/01/2020,12:44:48,10.8,9.85,3000,10.25,1500,0,222000
ICICIPRULI30Jan20470PE.NFO,07/01/2020,12:45:16,10.8,9.85,1500,10.25,1500,0,222000
ICICIPRULI30Jan20470PE.NFO,07/01/2020,12:45:22,10.8,9.85,4500,10.25,1500,0,222000
ICICIPRULI30Jan20470PE.NFO,07/01/2020,12:45:24,10.8,9.85,6000,10.25,1500,0,222000
ICICIPRULI30Jan20470PE.NFO,07/01/2020,12:45:55,10.8,9.85,4500,10.25,1500,0,222000
ICICIPRULI30Jan20470PE.NFO,07/01/2020,12:46:12,10.8,9.85,6000,10.25,1500,0,222000
ICICIPRULI30Jan20470PE.NFO,07/01/2020,12:46:15,10.8,9.85,4500,10.25,1500,0,222000
ICICIPRULI30Jan20470PE.NFO,07/01/2020,12:46:30,10.8,9.85,1500,10.25,3000,0,222000
ICICIPRULI30Jan20470PE.NFO,07/01/2020,12:47:11,10.8,9.8,1500,10.15,3000,0,222000
ICICIPRULI30Jan20470PE.NFO,07/01/2020,12:47:17,10.8,9.75,1500,10.15,3000,0,222000
ICICIPRULI30Jan20470PE.NFO,07/01/2020,12:47:21,10.8,9.8,1500,10.15,3000,0,222000
ICICIPRULI30Jan20470PE.NFO,07/01/2020,12:47:24,10.8,9.7,3000,10.15,3000,0,222000
ICICIPRULI30Jan20470PE.NFO,07/01/2020,12:47:31,10.8,9.75,1500,10.15,3000,0,222000
ICICIPRULI30Jan20470PE.NFO,07/01/2020,12:47:40,10.8,9.7,1500,10.15,3000,0,222000
ICICIPRULI30Jan20470PE.NFO,07/01/2020,12:47:52,10.8,9.7,1500,10.05,3000,0,222000
ICICIPRULI30Jan20470PE.NFO,07/01/2020,12:48:33,10.8,9.75,1500,10.05,3000,0,222000
ICICIPRULI30Jan20470PE.NFO,07/01/2020,12:49:04,10.8,9.7,3000,10.05,1500,0,222000
ICICIPRULI30Jan20470PE.NFO,07/01/2020,12:49:18,10.8,9.7,3000,10.05,3000,0,222000
ICICIPRULI30Jan20470PE.NFO,07/01/2020,12:49:36,10.8,9.7,1500,10.05,3000,0,222000
ICICIPRULI30Jan20470PE.NFO,07/01/2020,12:49:51,10.8,9.7,1500,9.95,1500,0,222000
ICICIPRULI30Jan20470PE.NFO,07/01/2020,12:50:00,10.8,9.7,1500,9.95,3000,0,222000
ICICIPRULI30Jan20470PE.NFO,07/01/2020,12:50:18,10.8,9.7,1500,9.95,1500,0,222000
ICICIPRULI30Jan20470PE.NFO,07/01/2020,12:50:22,10.8,9.7,1500,9.95,3000,0,222000
ICICIPRULI30Jan20470PE.NFO,07/01/2020,12:51:10,10.8,9.7,1500,9.95,1500,0,222000
ICICIPRULI30Jan20470PE.NFO,07/01/2020,12:51:50,10.8,9.75,1500,10.05,1500,0,222000
ICICIPRULI30Jan20470PE.NFO,07/01/2020,12:51:54,10.8,9.75,1500,10.1,1500,0,222000
ICICIPRULI30Jan20470PE.NFO,07/01/2020,12:52:03,10.8,9.75,1500,10.1,3000,0,222000
ICICIPRULI30Jan20470PE.NFO,07/01/2020,12:52:06,10.8,9.75,1500,10.05,3000,0,222000
ICICIPRULI30Jan20470PE.NFO,07/01/2020,12:52:14,10.8,9.75,1500,10.05,1500,0,222000
ICICIPRULI30Jan20470PE.NFO,07/01/2020,12:52:32,10.8,9.7,1500,10.05,1500,0,222000
ICICIPRULI30Jan20470PE.NFO,07/01/2020,12:52:34,10.8,9.75,1500,10.05,1500,0,222000
ICICIPRULI30Jan20470PE.NFO,07/01/2020,12:52:51,10.8,9.75,1500,10.1,1500,0,222000
ICICIPRULI30Jan20470PE.NFO,07/01/2020,12:53:08,10.8,9.7,1500,10.1,4500,0,222000
ICICIPRULI30Jan20470PE.NFO,07/01/2020,12:53:18,10.8,9.7,3000,10.1,1500,0,222000
ICICIPRULI30Jan20470PE.NFO,07/01/2020,12:53:28,10.8,9.75,1500,10.1,1500,0,222000
ICICIPRULI30Jan20470PE.NFO,07/01/2020,12:53:32,10.8,9.7,3000,10.1,3000,0,222000
ICICIPRULI30Jan20470PE.NFO,07/01/2020,12:58:08,10.8,9.7,1500,10.1,3000,0,222000
ICICIPRULI30Jan20470PE.NFO,07/01/2020,12:58:14,10.8,9.75,1500,10.1,4500,0,222000
ICICIPRULI30Jan20470PE.NFO,07/01/2020,12:59:31,10.8,9.7,3000,10.1,3000,0,222000
ICICIPRULI30Jan20470PE.NFO,07/01/2020,12:59:40,10.8,9.75,1500,10.1,3000,0,222000
ICICIPRULI30Jan20470PE.NFO,07/01/2020,12:59:52,10.8,9.7,3000,10.1,3000,0,222000
ICICIPRULI30Jan20470PE.NFO,07/01/2020,12:59:57,10.8,9.7,1500,10.1,3000,0,222000
ICICIPRULI30Jan20470PE.NFO,07/01/2020,13:00:02,10.8,9.7,1500,10.1,4500,0,222000
ICICIPRULI30Jan20470PE.NFO,07/01/2020,13:00:07,10.8,9.75,6000,10.15,1500,0,222000
ICICIPRULI30Jan20470PE.NFO,07/01/2020,13:00:15,10.8,9.85,1500,10.2,1500,0,222000
ICICIPRULI30Jan20470PE.NFO,07/01/2020,13:00:22,10.8,9.85,1500,10.3,1500,0,222000
ICICIPRULI30Jan20470PE.NFO,07/01/2020,13:00:38,10.8,9.9,1500,10.3,1500,0,222000
ICICIPRULI30Jan20470PE.NFO,07/01/2020,13:00:49,10.8,9.75,1500,10.15,1500,0,222000
ICICIPRULI30Jan20470PE.NFO,07/01/2020,13:00:55,10.8,9.8,3000,10.15,1500,0,222000
ICICIPRULI30Jan20470PE.NFO,07/01/2020,13:01:00,10.8,9.8,1500,10.2,1500,0,222000
ICICIPRULI30Jan20470PE.NFO,07/01/2020,13:01:28,10.8,9.8,1500,10.2,3000,0,222000
ICICIPRULI30Jan20470PE.NFO,07/01/2020,13:01:46,10.8,9.8,3000,10.2,3000,0,222000
ICICIPRULI30Jan20470PE.NFO,07/01/2020,13:01:51,10.8,9.8,1500,10.2,3000,0,222000
ICICIPRULI30Jan20470PE.NFO,07/01/2020,13:02:04,10.8,9.75,1500,10.2,4500,0,222000
ICICIPRULI30Jan20470PE.NFO,07/01/2020,13:02:20,10.8,9.8,1500,10.2,3000,0,222000
ICICIPRULI30Jan20470PE.NFO,07/01/2020,13:02:26,10.8,9.8,3000,10.2,3000,0,222000
ICICIPRULI30Jan20470PE.NFO,07/01/2020,13:03:22,10.8,9.8,1500,10.2,3000,0,222000
ICICIPRULI30Jan20470PE.NFO,07/01/2020,13:03:27,10.8,10,1500,10.4,3000,0,222000
ICICIPRULI30Jan20470PE.NFO,07/01/2020,13:03:32,10.8,10.05,3000,10.4,1500,0,222000
ICICIPRULI30Jan20470PE.NFO,07/01/2020,13:03:39,10.8,10.05,1500,10.45,1500,0,222000
ICICIPRULI30Jan20470PE.NFO,07/01/2020,13:03:52,10.8,9.95,1500,10.35,1500,0,222000
ICICIPRULI30Jan20470PE.NFO,07/01/2020,13:04:02,10.8,10.05,1500,10.4,1500,0,222000
ICICIPRULI30Jan20470PE.NFO,07/01/2020,13:04:07,10.8,10.15,4500,10.45,1500,0,222000
ICICIPRULI30Jan20470PE.NFO,07/01/2020,13:04:12,10.8,10.05,1500,10.4,1500,0,222000
ICICIPRULI30Jan20470PE.NFO,07/01/2020,13:04:20,10.8,10.15,1500,10.45,1500,0,222000
ICICIPRULI30Jan20470PE.NFO,07/01/2020,13:04:24,10.8,10.1,1500,10.45,1500,0,222000
ICICIPRULI30Jan20470PE.NFO,07/01/2020,13:04:36,10.8,10.1,3000,10.45,1500,0,222000
ICICIPRULI30Jan20470PE.NFO,07/01/2020,13:04:40,10.8,10.15,1500,10.45,1500,0,222000
ICICIPRULI30Jan20470PE.NFO,07/01/2020,13:04:45,10.8,10.15,1500,10.55,1500,0,222000
ICICIPRULI30Jan20470PE.NFO,07/01/2020,13:04:53,10.8,10.2,3000,10.55,1500,0,222000
ICICIPRULI30Jan20470PE.NFO,07/01/2020,13:04:59,10.8,10.15,3000,10.55,1500,0,222000
ICICIPRULI30Jan20470PE.NFO,07/01/2020,13:05:06,10.8,10.25,1500,10.6,1500,0,222000
ICICIPRULI30Jan20470PE.NFO,07/01/2020,13:05:31,10.8,10.25,3000,10.65,1500,0,222000
ICICIPRULI30Jan20470PE.NFO,07/01/2020,13:06:00,10.8,10.4,4500,10.85,1500,0,222000
ICICIPRULI30Jan20470PE.NFO,07/01/2020,13:06:18,10.8,10.5,1500,10.85,1500,0,222000
ICICIPRULI30Jan20470PE.NFO,07/01/2020,13:06:43,10.8,10.55,1500,10.95,1500,0,222000
ICICIPRULI30Jan20470PE.NFO,07/01/2020,13:07:28,10.8,10.5,1500,10.95,1500,0,222000
ICICIPRULI30Jan20470PE.NFO,07/01/2020,13:08:19,10.8,10.6,1500,10.95,1500,0,222000
ICICIPRULI30Jan20470PE.NFO,07/01/2020,13:09:21,10.8,10.6,1500,11,1500,0,222000
ICICIPRULI30Jan20470PE.NFO,07/01/2020,13:09:59,10.8,10.6,1500,10.95,1500,0,222000
ICICIPRULI30Jan20470PE.NFO,07/01/2020,13:10:43,10.8,10.65,3000,11.1,3000,0,222000
ICICIPRULI30Jan20470PE.NFO,07/01/2020,13:10:48,10.8,10.65,1500,11.05,1500,0,222000
ICICIPRULI30Jan20470PE.NFO,07/01/2020,13:11:43,10.8,10.65,1500,10.95,1500,0,222000
ICICIPRULI30Jan20470PE.NFO,07/01/2020,13:12:02,10.8,10.6,1500,10.95,1500,0,222000
ICICIPRULI30Jan20470PE.NFO,07/01/2020,13:12:34,10.8,10.65,1500,11.05,1500,0,222000
ICICIPRULI30Jan20470PE.NFO,07/01/2020,13:13:07,10.8,10.6,1500,11,3000,0,222000
ICICIPRULI30Jan20470PE.NFO,07/01/2020,13:13:23,10.8,10.55,1500,11,1500,0,222000
ICICIPRULI30Jan20470PE.NFO,07/01/2020,13:15:09,10.8,10.7,1500,11.1,1500,0,222000
ICICIPRULI30Jan20470PE.NFO,07/01/2020,13:15:25,10.8,10.8,1500,11.1,1500,0,222000
ICICIPRULI30Jan20470PE.NFO,07/01/2020,13:15:32,10.8,10.9,1500,11.1,1500,0,222000
ICICIPRULI30Jan20470PE.NFO,07/01/2020,13:15:39,10.8,10.8,1500,11.1,1500,0,222000
ICICIPRULI30Jan20470PE.NFO,07/01/2020,13:18:19,10.8,11,1500,11.1,1500,0,222000
ICICIPRULI30Jan20470PE.NFO,07/01/2020,13:18:52,11.1,11,1500,11.3,4500,1500,222000
ICICIPRULI30Jan20470PE.NFO,07/01/2020,13:18:52,11.1,11,1500,11.3,4500,0,222000
ICICIPRULI30Jan20470PE.NFO,07/01/2020,13:18:58,11.1,11,1500,11.3,4500,0,222000
ICICIPRULI30Jan20470PE.NFO,07/01/2020,13:19:03,11.1,10.95,1500,11.3,4500,0,222000
ICICIPRULI30Jan20470PE.NFO,07/01/2020,13:19:09,11.1,11.05,1500,11.45,1500,0,222000
ICICIPRULI30Jan20470PE.NFO,07/01/2020,13:19:15,11.1,11.2,3000,11.45,1500,0,222000
ICICIPRULI30Jan20470PE.NFO,07/01/2020,13:19:29,11.1,11.2,3000,11.55,1500,0,222000
ICICIPRULI30Jan20470PE.NFO,07/01/2020,13:19:39,11.1,11.2,1500,11.45,1500,0,222000
ICICIPRULI30Jan20470PE.NFO,07/01/2020,13:19:48,11.1,11.25,3000,11.55,1500,0,222000
ICICIPRULI30Jan20470PE.NFO,07/01/2020,13:19:52,11.1,11.15,1500,11.5,1500,0,222000
ICICIPRULI30Jan20470PE.NFO,07/01/2020,13:20:15,11.1,11.15,1500,11.55,1500,0,222000
ICICIPRULI30Jan20470PE.NFO,07/01/2020,13:20:45,11.1,11.15,3000,11.65,1500,0,222000
ICICIPRULI30Jan20470PE.NFO,07/01/2020,13:22:48,11.1,11.3,3000,11.8,1500,0,222000
ICICIPRULI30Jan20470PE.NFO,07/01/2020,13:23:39,11.1,11.6,1500,11.8,1500,0,222000
ICICIPRULI30Jan20470PE.NFO,07/01/2020,13:23:49,11.1,11.55,1500,11.8,1500,0,222000
ICICIPRULI30Jan20470PE.NFO,07/01/2020,13:24:14,11.1,11.55,1500,11.75,1500,0,222000
ICICIPRULI30Jan20470PE.NFO,07/01/2020,13:24:35,11.1,11.5,1500,11.75,3000,0,222000
ICICIPRULI30Jan20470PE.NFO,07/01/2020,13:24:50,11.1,11.3,1500,11.6,1500,0,222000
ICICIPRULI30Jan20470PE.NFO,07/01/2020,13:25:08,11.1,11.2,1500,11.6,1500,0,222000
ICICIPRULI30Jan20470PE.NFO,07/01/2020,13:25:15,11.1,11.3,1500,11.6,1500,0,222000
ICICIPRULI30Jan20470PE.NFO,07/01/2020,13:25:21,11.1,11.2,1500,11.55,1500,0,222000
ICICIPRULI30Jan20470PE.NFO,07/01/2020,13:25:27,11.2,11.1,3000,11.5,1500,1500,223500
ICICIPRULI30Jan20470PE.NFO,07/01/2020,13:25:27,11.2,11.1,3000,11.5,1500,0,223500
ICICIPRULI30Jan20470PE.NFO,07/01/2020,13:25:34,11.2,11.1,3000,11.45,1500,0,223500
ICICIPRULI30Jan20470PE.NFO,07/01/2020,13:26:15,11.2,11.1,1500,11.45,1500,0,223500
ICICIPRULI30Jan20470PE.NFO,07/01/2020,13:26:27,11.2,11.05,3000,11.45,1500,0,223500
ICICIPRULI30Jan20470PE.NFO,07/01/2020,13:26:39,11.2,11,3000,11.45,1500,0,223500
ICICIPRULI30Jan20470PE.NFO,07/01/2020,13:26:55,11.2,11,1500,11.35,1500,0,223500
ICICIPRULI30Jan20470PE.NFO,07/01/2020,13:27:00,11.2,11,3000,11.35,1500,0,223500
ICICIPRULI30Jan20470PE.NFO,07/01/2020,13:27:40,11.2,10.95,1500,11.35,1500,0,223500
ICICIPRULI30Jan20470PE.NFO,07/01/2020,13:27:46,11.2,10.9,1500,11.35,1500,0,223500
ICICIPRULI30Jan20470PE.NFO,07/01/2020,13:28:05,11.2,10.9,1500,11.4,1500,0,223500
ICICIPRULI30Jan20470PE.NFO,07/01/2020,13:28:21,11.2,10.9,1500,11.4,3000,0,223500
ICICIPRULI30Jan20470PE.NFO,07/01/2020,13:28:43,11.2,11,1500,11.4,1500,0,223500
ICICIPRULI30Jan20470PE.NFO,07/01/2020,13:28:49,11.2,11,1500,11.45,3000,0,223500
ICICIPRULI30Jan20470PE.NFO,07/01/2020,13:28:55,11.2,11,1500,11.6,3000,0,223500
ICICIPRULI30Jan20470PE.NFO,07/01/2020,13:29:09,11.2,10.95,1500,11.45,1500,0,223500
ICICIPRULI30Jan20470PE.NFO,07/01/2020,13:29:15,11.2,10.95,1500,11.55,3000,0,223500
ICICIPRULI30Jan20470PE.NFO,07/01/2020,13:29:40,11.2,10.95,1500,11.55,1500,0,223500
ICICIPRULI30Jan20470PE.NFO,07/01/2020,13:30:27,11.2,10.95,1500,11.65,1500,0,223500
ICICIPRULI30Jan20470PE.NFO,07/01/2020,13:30:35,11.2,10.95,1500,11.6,3000,0,223500
ICICIPRULI30Jan20470PE.NFO,07/01/2020,13:32:01,11.2,10.85,1500,11.35,3000,0,223500
ICICIPRULI30Jan20470PE.NFO,07/01/2020,13:32:19,11.2,10.95,1500,11.4,1500,0,223500
ICICIPRULI30Jan20470PE.NFO,07/01/2020,13:33:27,11.2,10.95,1500,11.45,3000,0,223500
ICICIPRULI30Jan20470PE.NFO,07/01/2020,13:33:47,11.2,10.9,1500,11.45,3000,0,223500
ICICIPRULI30Jan20470PE.NFO,07/01/2020,13:33:53,11.2,10.85,1500,11.45,3000,0,223500
ICICIPRULI30Jan20470PE.NFO,07/01/2020,13:36:15,11.2,10.75,1500,11.45,3000,0,223500
ICICIPRULI30Jan20470PE.NFO,07/01/2020,13:38:13,10.75,10.55,1500,11.45,3000,1500,223500
ICICIPRULI30Jan20470PE.NFO,07/01/2020,13:38:19,10.75,10.55,1500,11.45,3000,0,223500
ICICIPRULI30Jan20470PE.NFO,07/01/2020,13:39:16,10.75,10.55,1500,11.2,1500,0,223500
ICICIPRULI30Jan20470PE.NFO,07/01/2020,13:39:48,10.75,10.55,1500,11.3,1500,0,223500
ICICIPRULI30Jan20470PE.NFO,07/01/2020,13:42:11,10.75,10.65,1500,11.3,1500,0,223500
ICICIPRULI30Jan20470PE.NFO,07/01/2020,13:42:23,10.75,10.65,1500,11.3,3000,0,223500
ICICIPRULI30Jan20470PE.NFO,07/01/2020,13:44:04,10.75,10.65,1500,11.35,1500,0,223500
ICICIPRULI30Jan20470PE.NFO,07/01/2020,13:44:08,10.75,10.65,1500,11.35,3000,0,223500
ICICIPRULI30Jan20470PE.NFO,07/01/2020,13:45:04,10.75,10.65,1500,11.25,1500,0,223500
ICICIPRULI30Jan20470PE.NFO,07/01/2020,13:45:16,10.75,10.65,1500,11.15,1500,0,223500
ICICIPRULI30Jan20470PE.NFO,07/01/2020,13:45:28,10.75,10.65,1500,11.2,1500,0,223500
ICICIPRULI30Jan20470PE.NFO,07/01/2020,13:45:32,10.75,10.65,1500,11.2,3000,0,223500
ICICIPRULI30Jan20470PE.NFO,07/01/2020,13:45:44,10.75,10.65,1500,11.15,1500,0,223500
ICICIPRULI30Jan20470PE.NFO,07/01/2020,13:46:06,10.75,10.65,1500,11.15,3000,0,223500
ICICIPRULI30Jan20470PE.NFO,07/01/2020,13:46:31,10.75,10.65,1500,11.15,1500,0,223500
ICICIPRULI30Jan20470PE.NFO,07/01/2020,13:46:34,10.75,10.55,1500,11.05,3000,0,223500
ICICIPRULI30Jan20470PE.NFO,07/01/2020,13:46:37,10.75,10.55,1500,11,1500,0,223500
ICICIPRULI30Jan20470PE.NFO,07/01/2020,13:46:49,10.75,10.55,1500,10.95,1500,0,223500
ICICIPRULI30Jan20470PE.NFO,07/01/2020,13:47:04,10.75,10.55,1500,11.05,1500,0,223500
ICICIPRULI30Jan20470PE.NFO,07/01/2020,13:47:16,10.75,10.55,1500,11.05,3000,0,223500
ICICIPRULI30Jan20470PE.NFO,07/01/2020,13:48:03,10.75,10.5,1500,11.05,3000,0,223500
ICICIPRULI30Jan20470PE.NFO,07/01/2020,13:49:02,10.75,10.4,1500,10.85,1500,0,223500
ICICIPRULI30Jan20470PE.NFO,07/01/2020,13:49:09,10.75,10.4,1500,10.85,3000,0,223500
ICICIPRULI30Jan20470PE.NFO,07/01/2020,13:49:15,10.75,10.35,1500,10.85,3000,0,223500
ICICIPRULI30Jan20470PE.NFO,07/01/2020,13:49:53,10.75,10.35,1500,10.85,1500,0,223500
ICICIPRULI30Jan20470PE.NFO,07/01/2020,13:49:59,10.75,10.35,1500,10.85,3000,0,223500
ICICIPRULI30Jan20470PE.NFO,07/01/2020,13:52:01,10.75,10.4,4500,10.85,1500,0,223500
ICICIPRULI30Jan20470PE.NFO,07/01/2020,13:52:05,10.75,10.35,1500,10.85,1500,0,223500
ICICIPRULI30Jan20470PE.NFO,07/01/2020,13:52:14,10.75,10.35,1500,10.85,3000,0,223500
ICICIPRULI30Jan20470PE.NFO,07/01/2020,13:52:44,10.75,10.3,1500,10.85,3000,0,223500
ICICIPRULI30Jan20470PE.NFO,07/01/2020,13:53:50,10.75,10.4,1500,10.9,3000,0,223500
ICICIPRULI30Jan20470PE.NFO,07/01/2020,13:54:57,10.75,10.4,3000,10.9,3000,0,223500
ICICIPRULI30Jan20470PE.NFO,07/01/2020,13:55:08,10.75,10.3,1500,10.9,3000,0,223500
ICICIPRULI30Jan20470PE.NFO,07/01/2020,13:56:30,10.75,10.5,1500,10.9,1500,0,223500
ICICIPRULI30Jan20470PE.NFO,07/01/2020,13:56:37,10.75,10.45,1500,10.9,3000,0,223500
ICICIPRULI30Jan20470PE.NFO,07/01/2020,13:57:14,10.75,10.35,1500,10.9,3000,0,223500
ICICIPRULI30Jan20470PE.NFO,07/01/2020,13:57:53,10.75,10.3,3000,10.9,3000,0,223500
ICICIPRULI30Jan20470PE.NFO,07/01/2020,13:58:13,10.75,10.3,1500,10.9,3000,0,223500
ICICIPRULI30Jan20470PE.NFO,07/01/2020,13:58:30,10.75,10.55,1500,10.95,1500,0,223500
ICICIPRULI30Jan20470PE.NFO,07/01/2020,13:58:36,10.75,10.5,1500,10.95,1500,0,223500
ICICIPRULI30Jan20470PE.NFO,07/01/2020,13:58:57,10.75,10.45,1500,10.9,1500,0,223500
ICICIPRULI30Jan20470PE.NFO,07/01/2020,13:59:01,10.75,10.45,1500,10.9,3000,0,223500
ICICIPRULI30Jan20470PE.NFO,07/01/2020,13:59:06,10.75,10.4,1500,10.9,3000,0,223500
ICICIPRULI30Jan20470PE.NFO,07/01/2020,13:59:33,10.75,10.35,1500,10.9,3000,0,223500
ICICIPRULI30Jan20470PE.NFO,07/01/2020,13:59:39,10.75,10.35,3000,10.9,3000,0,223500
ICICIPRULI30Jan20470PE.NFO,07/01/2020,14:00:59,10.75,10.35,1500,10.9,3000,0,223500
ICICIPRULI30Jan20470PE.NFO,07/01/2020,14:01:10,10.75,10.25,1500,10.9,3000,0,223500
ICICIPRULI30Jan20470PE.NFO,07/01/2020,14:02:30,10.75,10.2,3000,10.9,3000,0,223500
ICICIPRULI30Jan20470PE.NFO,07/01/2020,14:03:01,10.75,10.35,1500,10.9,3000,0,223500
ICICIPRULI30Jan20470PE.NFO,07/01/2020,14:03:19,10.75,10.3,1500,10.9,3000,0,223500
ICICIPRULI30Jan20470PE.NFO,07/01/2020,14:05:00,10.75,10.45,3000,10.95,1500,0,223500
ICICIPRULI30Jan20470PE.NFO,07/01/2020,14:05:40,10.75,10.45,1500,10.95,1500,0,223500
ICICIPRULI30Jan20470PE.NFO,07/01/2020,14:06:07,10.75,10.5,3000,10.95,1500,0,223500
ICICIPRULI30Jan20470PE.NFO,07/01/2020,14:06:18,10.75,10.5,1500,10.95,1500,0,223500
ICICIPRULI30Jan20470PE.NFO,07/01/2020,14:06:27,10.75,10.5,1500,10.95,3000,0,223500
ICICIPRULI30Jan20470PE.NFO,07/01/2020,14:07:50,10.75,10.5,3000,11.1,1500,0,223500
ICICIPRULI30Jan20470PE.NFO,07/01/2020,14:07:55,10.75,10.5,3000,11.05,1500,0,223500
ICICIPRULI30Jan20470PE.NFO,07/01/2020,14:08:00,10.75,10.5,3000,11.1,1500,0,223500
ICICIPRULI30Jan20470PE.NFO,07/01/2020,14:09:45,10.75,10.5,1500,11.1,1500,0,223500
ICICIPRULI30Jan20470PE.NFO,07/01/2020,14:09:52,10.75,10.5,3000,11.1,3000,0,223500
ICICIPRULI30Jan20470PE.NFO,07/01/2020,14:10:15,10.75,10.5,3000,11.1,1500,0,223500
ICICIPRULI30Jan20470PE.NFO,07/01/2020,14:12:34,10.75,10.5,3000,11.1,3000,0,223500
ICICIPRULI30Jan20470PE.NFO,07/01/2020,14:13:13,10.5,10.35,1500,10.75,1500,3000,222000
ICICIPRULI30Jan20470PE.NFO,07/01/2020,14:13:17,10.5,10.35,1500,10.7,1500,0,222000
ICICIPRULI30Jan20470PE.NFO,07/01/2020,14:13:21,10.5,10.3,1500,10.7,1500,0,222000
ICICIPRULI30Jan20470PE.NFO,07/01/2020,14:13:33,10.5,10.3,1500,10.6,1500,0,222000
ICICIPRULI30Jan20470PE.NFO,07/01/2020,14:13:40,10.5,10.25,1500,10.6,1500,0,222000
ICICIPRULI30Jan20470PE.NFO,07/01/2020,14:14:55,10.5,10.2,1500,10.6,1500,0,222000
ICICIPRULI30Jan20470PE.NFO,07/01/2020,14:15:22,10.5,10.25,1500,10.5,1500,0,222000
ICICIPRULI30Jan20470PE.NFO,07/01/2020,14:15:28,10.5,10.35,1500,10.55,1500,0,222000
ICICIPRULI30Jan20470PE.NFO,07/01/2020,14:16:03,10.5,10.45,1500,10.7,3000,0,222000
ICICIPRULI30Jan20470PE.NFO,07/01/2020,14:16:27,10.5,10.4,1500,10.7,1500,0,222000
ICICIPRULI30Jan20470PE.NFO,07/01/2020,14:16:31,10.5,10.35,1500,10.65,1500,0,222000
ICICIPRULI30Jan20470PE.NFO,07/01/2020,14:16:56,10.5,10.3,1500,10.55,1500,0,222000
ICICIPRULI30Jan20470PE.NFO,07/01/2020,14:17:24,10.5,10.35,1500,10.6,1500,0,222000
ICICIPRULI30Jan20470PE.NFO,07/01/2020,14:17:30,10.5,10.35,1500,10.65,1500,0,222000
ICICIPRULI30Jan20470PE.NFO,07/01/2020,14:17:43,10.5,10.3,1500,10.65,1500,0,222000
ICICIPRULI30Jan20470PE.NFO,07/01/2020,14:18:25,10.5,10.15,1500,10.5,3000,0,222000
ICICIPRULI30Jan20470PE.NFO,07/01/2020,14:18:41,10.5,10.2,1500,10.5,3000,0,222000
ICICIPRULI30Jan20470PE.NFO,07/01/2020,14:18:45,10.5,10.25,1500,10.5,3000,0,222000
ICICIPRULI30Jan20470PE.NFO,07/01/2020,14:18:48,10.5,10.2,1500,10.5,3000,0,222000
ICICIPRULI30Jan20470PE.NFO,07/01/2020,14:19:15,10.5,10.3,1500,10.55,1500,0,222000
ICICIPRULI30Jan20470PE.NFO,07/01/2020,14:19:19,10.5,10.35,1500,10.55,1500,0,222000
ICICIPRULI30Jan20470PE.NFO,07/01/2020,14:19:27,10.5,10.2,1500,10.5,3000,0,222000
ICICIPRULI30Jan20470PE.NFO,07/01/2020,14:19:31,10.5,10.15,1500,10.5,3000,0,222000
ICICIPRULI30Jan20470PE.NFO,07/01/2020,14:21:27,10.5,10.2,1500,10.5,3000,0,222000
ICICIPRULI30Jan20470PE.NFO,07/01/2020,14:21:35,10.5,10.15,1500,10.5,3000,0,222000
ICICIPRULI30Jan20470PE.NFO,07/01/2020,14:22:03,10.5,10.2,1500,10.5,3000,0,222000
ICICIPRULI30Jan20470PE.NFO,07/01/2020,14:22:47,10.5,10.15,1500,10.5,3000,0,222000
ICICIPRULI30Jan20470PE.NFO,07/01/2020,14:22:55,10.5,10.2,1500,10.5,3000,0,222000
ICICIPRULI30Jan20470PE.NFO,07/01/2020,14:23:24,10.5,10.15,1500,10.5,3000,0,222000
ICICIPRULI30Jan20470PE.NFO,07/01/2020,14:23:52,10.5,10.1,1500,10.5,3000,0,222000
ICICIPRULI30Jan20470PE.NFO,07/01/2020,14:24:09,10.5,10.15,1500,10.5,3000,0,222000
ICICIPRULI30Jan20470PE.NFO,07/01/2020,14:24:17,10.5,10.2,1500,10.5,3000,0,222000
ICICIPRULI30Jan20470PE.NFO,07/01/2020,14:24:47,10.5,10.25,1500,10.5,3000,0,222000
ICICIPRULI30Jan20470PE.NFO,07/01/2020,14:25:08,10.5,10.2,1500,10.5,3000,0,222000
ICICIPRULI30Jan20470PE.NFO,07/01/2020,14:25:11,10.5,10.25,1500,10.5,3000,0,222000
ICICIPRULI30Jan20470PE.NFO,07/01/2020,14:25:24,10.5,10.2,1500,10.5,3000,0,222000
ICICIPRULI30Jan20470PE.NFO,07/01/2020,14:26:12,10.5,10.25,1500,10.5,3000,0,222000
ICICIPRULI30Jan20470PE.NFO,07/01/2020,14:26:30,10.5,10.2,1500,10.5,3000,0,222000
ICICIPRULI30Jan20470PE.NFO,07/01/2020,14:27:26,10.5,10.15,1500,10.5,3000,0,222000
ICICIPRULI30Jan20470PE.NFO,07/01/2020,14:28:11,10.5,10.2,1500,10.5,3000,0,222000
ICICIPRULI30Jan20470PE.NFO,07/01/2020,14:28:15,10.5,10.15,1500,10.5,3000,0,222000
ICICIPRULI30Jan20470PE.NFO,07/01/2020,14:30:42,10.5,10.05,1500,10.5,3000,0,222000
ICICIPRULI30Jan20470PE.NFO,07/01/2020,14:30:50,10.5,9.9,1500,10.5,3000,0,222000
ICICIPRULI30Jan20470PE.NFO,07/01/2020,14:30:59,10.5,9.95,1500,10.5,3000,0,222000
ICICIPRULI30Jan20470PE.NFO,07/01/2020,14:31:20,10.5,10,1500,10.4,3000,0,222000
ICICIPRULI30Jan20470PE.NFO,07/01/2020,14:31:27,10,9.95,1500,10.1,1500,1500,223500
ICICIPRULI30Jan20470PE.NFO,07/01/2020,14:31:34,10,9.95,1500,10.1,1500,0,223500
ICICIPRULI30Jan20470PE.NFO,07/01/2020,14:31:40,10,10,1500,10.1,1500,0,223500
ICICIPRULI30Jan20470PE.NFO,07/01/2020,14:31:47,10,9.95,1500,10.1,1500,0,223500
ICICIPRULI30Jan20470PE.NFO,07/01/2020,14:32:15,10,9.9,1500,10.1,1500,0,223500
ICICIPRULI30Jan20470PE.NFO,07/01/2020,14:32:27,10,9.85,1500,10.1,1500,0,223500
ICICIPRULI30Jan20470PE.NFO,07/01/2020,14:32:58,10,9.8,1500,10.1,1500,0,223500
ICICIPRULI30Jan20470PE.NFO,07/01/2020,14:33:15,10,9.85,1500,10.1,1500,0,223500
ICICIPRULI30Jan20470PE.NFO,07/01/2020,14:33:27,10,9.9,1500,10.1,1500,0,223500
ICICIPRULI30Jan20470PE.NFO,07/01/2020,14:34:53,10,9.95,1500,10.1,1500,0,223500
ICICIPRULI30Jan20470PE.NFO,07/01/2020,14:34:58,10,9.9,1500,10.1,1500,0,223500
ICICIPRULI30Jan20470PE.NFO,07/01/2020,14:35:04,10,9.8,1500,10,3000,0,223500
ICICIPRULI30Jan20470PE.NFO,07/01/2020,14:35:16,10,9.85,1500,10,3000,0,223500
ICICIPRULI30Jan20470PE.NFO,07/01/2020,14:35:28,10,9.85,1500,10,1500,0,223500
ICICIPRULI30Jan20470PE.NFO,07/01/2020,14:35:41,10,9.8,1500,10,1500,0,223500
ICICIPRULI30Jan20470PE.NFO,07/01/2020,14:35:47,10,9.8,1500,10,3000,0,223500
ICICIPRULI30Jan20470PE.NFO,07/01/2020,14:36:19,10,9.8,1500,10,1500,0,223500
ICICIPRULI30Jan20470PE.NFO,07/01/2020,14:36:29,10,9.75,1500,10,3000,0,223500
ICICIPRULI30Jan20470PE.NFO,07/01/2020,14:36:53,10,9.8,1500,10,1500,0,223500
ICICIPRULI30Jan20470PE.NFO,07/01/2020,14:36:58,10,9.8,1500,10,3000,0,223500
ICICIPRULI30Jan20470PE.NFO,07/01/2020,14:37:06,10,9.75,1500,10,3000,0,223500
ICICIPRULI30Jan20470PE.NFO,07/01/2020,14:37:16,10,9.75,1500,10,7500,0,223500
ICICIPRULI30Jan20470PE.NFO,07/01/2020,14:38:02,10,9.8,1500,10,7500,0,223500
ICICIPRULI30Jan20470PE.NFO,07/01/2020,14:38:12,10,9.75,1500,10,7500,0,223500
ICICIPRULI30Jan20470PE.NFO,07/01/2020,14:38:25,10,9.8,1500,10,7500,0,223500
ICICIPRULI30Jan20470PE.NFO,07/01/2020,14:38:53,10,9.8,1500,10,6000,0,223500
ICICIPRULI30Jan20470PE.NFO,07/01/2020,14:38:59,10,9.8,1500,10,7500,0,223500
ICICIPRULI30Jan20470PE.NFO,07/01/2020,14:39:04,10,9.85,1500,10,7500,0,223500
ICICIPRULI30Jan20470PE.NFO,07/01/2020,14:39:08,10,9.85,1500,10,6000,0,223500
ICICIPRULI30Jan20470PE.NFO,07/01/2020,14:39:26,10,9.8,1500,10,7500,0,223500
ICICIPRULI30Jan20470PE.NFO,07/01/2020,14:40:23,10,9.8,1500,10,6000,0,223500
ICICIPRULI30Jan20470PE.NFO,07/01/2020,14:40:31,10,9.85,1500,10,6000,0,223500
ICICIPRULI30Jan20470PE.NFO,07/01/2020,14:40:36,10,9.8,1500,10,6000,0,223500
ICICIPRULI30Jan20470PE.NFO,07/01/2020,14:40:47,10,9.8,1500,10,7500,0,223500
ICICIPRULI30Jan20470PE.NFO,07/01/2020,14:42:22,10,9.8,1500,10,6000,0,223500
ICICIPRULI30Jan20470PE.NFO,07/01/2020,14:42:45,10,9.75,1500,10,6000,0,223500
ICICIPRULI30Jan20470PE.NFO,07/01/2020,14:43:01,10,9.85,1500,10,6000,0,223500
ICICIPRULI30Jan20470PE.NFO,07/01/2020,14:43:07,10,9.8,1500,10,6000,0,223500
ICICIPRULI30Jan20470PE.NFO,07/01/2020,14:43:42,10,9.7,1500,10,6000,0,223500
ICICIPRULI30Jan20470PE.NFO,07/01/2020,14:44:19,10,9.7,1500,9.95,1500,0,223500
ICICIPRULI30Jan20470PE.NFO,07/01/2020,14:44:37,10,9.75,1500,10,6000,0,223500
ICICIPRULI30Jan20470PE.NFO,07/01/2020,14:45:29,10,9.8,3000,10,6000,0,223500
ICICIPRULI30Jan20470PE.NFO,07/01/2020,14:45:36,10,9.9,1500,10,1500,4500,223500
ICICIPRULI30Jan20470PE.NFO,07/01/2020,14:45:42,10,10.05,1500,10.45,1500,1500,223500
ICICIPRULI30Jan20470PE.NFO,07/01/2020,14:45:47,10,10.3,1500,10.6,1500,0,223500
ICICIPRULI30Jan20470PE.NFO,07/01/2020,14:45:53,10,10.4,1500,10.65,1500,0,223500
ICICIPRULI30Jan20470PE.NFO,07/01/2020,14:46:00,10,10.5,1500,10.8,1500,0,223500
ICICIPRULI30Jan20470PE.NFO,07/01/2020,14:46:07,10,10.55,1500,10.8,1500,0,223500
ICICIPRULI30Jan20470PE.NFO,07/01/2020,14:46:14,10,10.5,1500,10.8,1500,0,223500
ICICIPRULI30Jan20470PE.NFO,07/01/2020,14:46:21,10,10.4,1500,10.55,6000,0,223500
ICICIPRULI30Jan20470PE.NFO,07/01/2020,14:46:27,10,10.35,1500,10.55,6000,0,223500
ICICIPRULI30Jan20470PE.NFO,07/01/2020,14:46:48,10,10.25,3000,10.55,6000,0,223500
ICICIPRULI30Jan20470PE.NFO,07/01/2020,14:46:55,10,10.35,1500,10.55,6000,0,223500
ICICIPRULI30Jan20470PE.NFO,07/01/2020,14:47:07,10,10.3,1500,10.55,6000,0,223500
ICICIPRULI30Jan20470PE.NFO,07/01/2020,14:47:50,10,10.35,1500,10.55,6000,0,223500
ICICIPRULI30Jan20470PE.NFO,07/01/2020,14:48:09,10,10.3,1500,10.55,6000,0,223500
ICICIPRULI30Jan20470PE.NFO,07/01/2020,14:48:25,10,10.35,1500,10.55,6000,0,223500
ICICIPRULI30Jan20470PE.NFO,07/01/2020,14:48:47,10,10.3,3000,10.55,6000,0,223500
ICICIPRULI30Jan20470PE.NFO,07/01/2020,14:48:52,10,10.3,1500,10.55,6000,0,223500
ICICIPRULI30Jan20470PE.NFO,07/01/2020,14:49:32,10,10.35,1500,10.55,6000,0,223500
ICICIPRULI30Jan20470PE.NFO,07/01/2020,14:50:02,10.55,10.35,1500,10.55,4500,1500,228000
ICICIPRULI30Jan20470PE.NFO,07/01/2020,14:50:33,10.55,10.3,1500,10.55,4500,0,228000
ICICIPRULI30Jan20470PE.NFO,07/01/2020,14:51:07,10.55,10.3,3000,10.55,4500,0,228000
ICICIPRULI30Jan20470PE.NFO,07/01/2020,14:51:13,10.55,10.35,1500,10.55,4500,0,228000
ICICIPRULI30Jan20470PE.NFO,07/01/2020,14:51:21,10.55,10.3,3000,10.55,4500,0,228000
ICICIPRULI30Jan20470PE.NFO,07/01/2020,14:51:35,10.55,10.3,1500,10.55,4500,0,228000
ICICIPRULI30Jan20470PE.NFO,07/01/2020,14:52:16,10.55,10.3,3000,10.55,4500,0,228000
ICICIPRULI30Jan20470PE.NFO,07/01/2020,14:52:38,10.55,10.35,3000,10.55,4500,0,228000
ICICIPRULI30Jan20470PE.NFO,07/01/2020,14:52:51,10.55,10.45,1500,10.55,1500,3000,228000
ICICIPRULI30Jan20470PE.NFO,07/01/2020,14:52:54,10.55,10.45,1500,10.5,1500,0,228000
ICICIPRULI30Jan20470PE.NFO,07/01/2020,14:53:13,10.5,10.5,1500,10.55,1500,1500,228000
ICICIPRULI30Jan20470PE.NFO,07/01/2020,14:53:20,10.5,10.5,1500,10.55,1500,0,228000
ICICIPRULI30Jan20470PE.NFO,07/01/2020,14:53:28,10.5,10.4,1500,10.55,1500,0,228000
ICICIPRULI30Jan20470PE.NFO,07/01/2020,14:54:34,10.5,10.45,1500,10.55,1500,0,228000
ICICIPRULI30Jan20470PE.NFO,07/01/2020,14:56:47,10.5,10.4,3000,10.55,1500,0,228000
ICICIPRULI30Jan20470PE.NFO,07/01/2020,14:56:55,10.55,10.45,3000,10.8,1500,1500,229500
ICICIPRULI30Jan20470PE.NFO,07/01/2020,14:57:00,10.55,10.5,1500,10.8,1500,0,229500
ICICIPRULI30Jan20470PE.NFO,07/01/2020,14:57:10,10.55,10.4,3000,10.8,1500,0,229500
ICICIPRULI30Jan20470PE.NFO,07/01/2020,14:57:20,10.55,10.55,1500,10.85,3000,0,229500
ICICIPRULI30Jan20470PE.NFO,07/01/2020,14:57:24,10.55,10.6,1500,10.85,3000,0,229500
ICICIPRULI30Jan20470PE.NFO,07/01/2020,14:57:32,10.55,10.55,1500,10.6,3000,0,229500
ICICIPRULI30Jan20470PE.NFO,07/01/2020,14:57:37,10.6,10.5,1500,10.6,1500,1500,231000
ICICIPRULI30Jan20470PE.NFO,07/01/2020,14:57:43,10.6,10.5,1500,10.6,1500,0,231000
ICICIPRULI30Jan20470PE.NFO,07/01/2020,14:57:47,10.6,10.5,1500,10.8,1500,1500,231000
ICICIPRULI30Jan20470PE.NFO,07/01/2020,14:57:51,10.6,10.5,1500,10.8,1500,0,231000
ICICIPRULI30Jan20470PE.NFO,07/01/2020,14:58:05,10.6,10.5,1500,10.6,3000,0,231000
ICICIPRULI30Jan20470PE.NFO,07/01/2020,14:59:01,10.5,10.45,1500,10.5,1500,1500,231000
ICICIPRULI30Jan20470PE.NFO,07/01/2020,14:59:08,10.5,10.6,1500,11.1,1500,1500,231000
ICICIPRULI30Jan20470PE.NFO,07/01/2020,14:59:15,10.5,10.15,3000,10.75,3000,0,231000
ICICIPRULI30Jan20470PE.NFO,07/01/2020,14:59:25,10.5,10.2,1500,10.65,3000,0,231000
ICICIPRULI30Jan20470PE.NFO,07/01/2020,14:59:29,10.5,10.1,1500,10.6,3000,0,231000
ICICIPRULI30Jan20470PE.NFO,07/01/2020,14:59:34,10.5,10.05,1500,10.45,1500,0,231000
ICICIPRULI30Jan20470PE.NFO,07/01/2020,14:59:44,10.05,10.05,1500,10.45,3000,1500,231000
ICICIPRULI30Jan20470PE.NFO,07/01/2020,14:59:48,10.05,10.05,1500,10.45,3000,0,231000
ICICIPRULI30Jan20470PE.NFO,07/01/2020,14:59:52,10.05,10,3000,10.45,1500,0,231000
ICICIPRULI30Jan20470PE.NFO,07/01/2020,14:59:56,10.05,10,3000,10.45,3000,1500,231000
ICICIPRULI30Jan20470PE.NFO,07/01/2020,15:00:04,10.05,9.95,1500,10.4,3000,0,231000
ICICIPRULI30Jan20470PE.NFO,07/01/2020,15:00:13,10.05,9.95,3000,10.45,3000,0,231000
ICICIPRULI30Jan20470PE.NFO,07/01/2020,15:00:21,10,10.05,3000,10.45,1500,1500,231000
ICICIPRULI30Jan20470PE.NFO,07/01/2020,15:00:29,10.05,10.05,1500,10.45,1500,1500,237000
ICICIPRULI30Jan20470PE.NFO,07/01/2020,15:00:35,10.05,10.05,1500,10.45,1500,0,237000
ICICIPRULI30Jan20470PE.NFO,07/01/2020,15:00:47,10.05,10.05,1500,10.4,1500,0,237000
ICICIPRULI30Jan20470PE.NFO,07/01/2020,15:01:10,10.05,10,3000,10.4,1500,1500,237000
ICICIPRULI30Jan20470PE.NFO,07/01/2020,15:01:15,10.05,10,3000,10.4,1500,0,237000
ICICIPRULI30Jan20470PE.NFO,07/01/2020,15:01:20,10,10,1500,10.4,1500,1500,237000
ICICIPRULI30Jan20470PE.NFO,07/01/2020,15:01:25,10,10.05,1500,10.4,1500,0,237000
ICICIPRULI30Jan20470PE.NFO,07/01/2020,15:01:30,10,10.05,3000,10.6,1500,0,237000
ICICIPRULI30Jan20470PE.NFO,07/01/2020,15:01:35,10.05,10.05,3000,10.6,3000,1500,237000
ICICIPRULI30Jan20470PE.NFO,07/01/2020,15:01:45,10.05,10.15,1500,10.6,1500,0,237000
ICICIPRULI30Jan20470PE.NFO,07/01/2020,15:01:56,10.05,10.15,1500,10.65,1500,0,237000
ICICIPRULI30Jan20470PE.NFO,07/01/2020,15:02:05,10.05,10.15,3000,10.75,1500,0,237000
ICICIPRULI30Jan20470PE.NFO,07/01/2020,15:02:10,10.05,10.25,1500,10.85,3000,0,237000
ICICIPRULI30Jan20470PE.NFO,07/01/2020,15:02:16,10.05,10.5,1500,11,1500,0,237000
ICICIPRULI30Jan20470PE.NFO,07/01/2020,15:02:33,11,10.7,1500,11.25,1500,1500,237000
ICICIPRULI30Jan20470PE.NFO,07/01/2020,15:02:43,11,10.7,3000,11.3,1500,0,237000
ICICIPRULI30Jan20470PE.NFO,07/01/2020,15:02:48,11,10.7,3000,11.25,3000,0,237000
ICICIPRULI30Jan20470PE.NFO,07/01/2020,15:02:53,11,10.75,3000,11.25,3000,0,237000
ICICIPRULI30Jan20470PE.NFO,07/01/2020,15:03:04,11.25,10.75,1500,11.35,1500,1500,237000
ICICIPRULI30Jan20470PE.NFO,07/01/2020,15:03:04,11.25,10.75,1500,11.35,1500,0,237000
ICICIPRULI30Jan20470PE.NFO,07/01/2020,15:03:09,11.25,10.75,1500,11.35,1500,0,237000
ICICIPRULI30Jan20470PE.NFO,07/01/2020,15:03:15,11.35,10.75,1500,11.4,1500,1500,237000
ICICIPRULI30Jan20470PE.NFO,07/01/2020,15:03:15,11.35,10.75,1500,11.4,1500,0,237000
ICICIPRULI30Jan20470PE.NFO,07/01/2020,15:03:21,11.35,10.75,1500,11.4,1500,0,237000
ICICIPRULI30Jan20470PE.NFO,07/01/2020,15:03:26,11.35,10.75,1500,11.45,1500,0,237000
ICICIPRULI30Jan20470PE.NFO,07/01/2020,15:03:36,11.35,10.85,1500,11.5,1500,0,237000
ICICIPRULI30Jan20470PE.NFO,07/01/2020,15:03:45,11,10.85,1500,11.5,1500,1500,238500
ICICIPRULI30Jan20470PE.NFO,07/01/2020,15:03:50,11,10.85,1500,11.5,1500,0,238500
ICICIPRULI30Jan20470PE.NFO,07/01/2020,15:04:11,11,10.95,1500,11.6,1500,0,238500
ICICIPRULI30Jan20470PE.NFO,07/01/2020,15:04:29,11,10.95,1500,11.6,3000,0,238500
ICICIPRULI30Jan20470PE.NFO,07/01/2020,15:04:34,11,10.6,1500,11.45,1500,0,238500
ICICIPRULI30Jan20470PE.NFO,07/01/2020,15:04:45,11,10.6,1500,11.2,1500,0,238500
ICICIPRULI30Jan20470PE.NFO,07/01/2020,15:04:58,11,10.7,1500,11.2,1500,0,238500
ICICIPRULI30Jan20470PE.NFO,07/01/2020,15:05:15,11,10.7,1500,11.25,3000,0,238500
ICICIPRULI30Jan20470PE.NFO,07/01/2020,15:05:24,11,10.75,3000,11.25,1500,0,238500
ICICIPRULI30Jan20470PE.NFO,07/01/2020,15:05:43,11,10.75,3000,11.3,1500,0,238500
ICICIPRULI30Jan20470PE.NFO,07/01/2020,15:06:03,11,10.75,3000,11.25,1500,0,238500
ICICIPRULI30Jan20470PE.NFO,07/01/2020,15:06:37,11,10.75,3000,11.2,1500,0,238500
ICICIPRULI30Jan20470PE.NFO,07/01/2020,15:06:42,11,10.75,3000,11.25,1500,0,238500
ICICIPRULI30Jan20470PE.NFO,07/01/2020,15:06:57,11,10.75,3000,11.25,3000,0,238500
ICICIPRULI30Jan20470PE.NFO,07/01/2020,15:07:02,11,10.75,3000,11.25,1500,0,238500
ICICIPRULI30Jan20470PE.NFO,07/01/2020,15:07:20,11,10.75,3000,11.2,3000,0,238500
ICICIPRULI30Jan20470PE.NFO,07/01/2020,15:07:26,11,10.75,1500,11.2,3000,0,238500
ICICIPRULI30Jan20470PE.NFO,07/01/2020,15:07:31,11,10.75,3000,11.2,3000,0,238500
ICICIPRULI30Jan20470PE.NFO,07/01/2020,15:07:36,11,10.75,1500,11.2,3000,0,238500
ICICIPRULI30Jan20470PE.NFO,07/01/2020,15:07:42,11,10.65,1500,11.2,3000,0,238500
ICICIPRULI30Jan20470PE.NFO,07/01/2020,15:07:52,11,10.7,1500,11.2,3000,0,238500
ICICIPRULI30Jan20470PE.NFO,07/01/2020,15:08:03,11,10.65,1500,11.2,3000,0,238500
ICICIPRULI30Jan20470PE.NFO,07/01/2020,15:08:19,11,10.5,3000,11.2,3000,0,238500
ICICIPRULI30Jan20470PE.NFO,07/01/2020,15:09:04,11,10.5,1500,11.2,3000,0,238500
ICICIPRULI30Jan20470PE.NFO,07/01/2020,15:09:31,11,10.3,1500,11.2,3000,0,238500
ICICIPRULI30Jan20470PE.NFO,07/01/2020,15:09:37,11,10.3,3000,11.2,3000,0,238500
ICICIPRULI30Jan20470PE.NFO,07/01/2020,15:15:54,11,10.3,1500,10.85,3000,0,238500
ICICIPRULI30Jan20470PE.NFO,07/01/2020,15:16:00,11,10.3,3000,10.85,3000,0,238500
ICICIPRULI30Jan20470PE.NFO,07/01/2020,15:16:29,11,10.3,1500,10.75,1500,0,238500
ICICIPRULI30Jan20470PE.NFO,07/01/2020,15:16:36,11,10.3,1500,10.75,3000,0,238500
ICICIPRULI30Jan20470PE.NFO,07/01/2020,15:17:09,11,10.3,1500,10.7,1500,0,238500
ICICIPRULI30Jan20470PE.NFO,07/01/2020,15:17:16,11,10.3,1500,10.7,3000,0,238500
ICICIPRULI30Jan20470PE.NFO,07/01/2020,15:17:23,11,10.3,1500,10.65,1500,0,238500
ICICIPRULI30Jan20470PE.NFO,07/01/2020,15:17:30,11,10.3,1500,10.6,1500,0,238500
ICICIPRULI30Jan20470PE.NFO,07/01/2020,15:17:43,11,10.3,1500,10.55,1500,0,238500
ICICIPRULI30Jan20470PE.NFO,07/01/2020,15:18:02,11,10.2,1500,10.5,1500,0,238500
ICICIPRULI30Jan20470PE.NFO,07/01/2020,15:18:08,11,10.2,3000,10.45,1500,0,238500
ICICIPRULI30Jan20470PE.NFO,07/01/2020,15:18:14,11,10.2,3000,10.4,1500,0,238500
ICICIPRULI30Jan20470PE.NFO,07/01/2020,15:18:32,10.35,10.2,3000,10.6,1500,1500,235500
ICICIPRULI30Jan20470PE.NFO,07/01/2020,15:18:38,10.35,10.2,3000,10.7,1500,0,235500
ICICIPRULI30Jan20470PE.NFO,07/01/2020,15:18:51,10.35,10.2,3000,10.75,1500,0,235500
ICICIPRULI30Jan20470PE.NFO,07/01/2020,15:18:57,10.35,10.2,3000,10.7,3000,0,235500
ICICIPRULI30Jan20470PE.NFO,07/01/2020,15:19:16,10.35,10.2,3000,10.65,3000,0,235500
ICICIPRULI30Jan20470PE.NFO,07/01/2020,15:19:29,10.35,10.2,1500,10.65,3000,0,235500
ICICIPRULI30Jan20470PE.NFO,07/01/2020,15:19:47,10.35,10.2,1500,10.65,1500,0,235500
ICICIPRULI30Jan20470PE.NFO,07/01/2020,15:20:09,10.35,10.2,1500,10.65,3000,0,235500
ICICIPRULI30Jan20470PE.NFO,07/01/2020,15:21:03,10.35,10.2,3000,10.6,1500,0,235500
ICICIPRULI30Jan20470PE.NFO,07/01/2020,15:21:11,10.35,10.2,3000,10.55,1500,0,235500
ICICIPRULI30Jan20470PE.NFO,07/01/2020,15:21:19,10.35,10.2,3000,10.5,1500,0,235500
ICICIPRULI30Jan20470PE.NFO,07/01/2020,15:21:34,10.35,10.2,3000,10.45,1500,0,235500
ICICIPRULI30Jan20470PE.NFO,07/01/2020,15:21:41,10.3,10.2,3000,10.3,3000,1500,235500
ICICIPRULI30Jan20470PE.NFO,07/01/2020,15:21:47,10.3,10.2,3000,10.3,1500,0,235500
ICICIPRULI30Jan20470PE.NFO,07/01/2020,15:21:57,10.3,10.2,1500,10.3,1500,0,235500
ICICIPRULI30Jan20470PE.NFO,07/01/2020,15:23:05,10.3,10.2,3000,10.3,1500,0,235500
ICICIPRULI30Jan20470PE.NFO,07/01/2020,15:23:19,10.3,10.2,1500,10.3,1500,0,235500
ICICIPRULI30Jan20470PE.NFO,07/01/2020,15:23:25,10.3,10.2,3000,10.25,1500,0,235500
ICICIPRULI30Jan20470PE.NFO,07/01/2020,15:24:04,10.3,10.2,1500,10.25,1500,0,235500
ICICIPRULI30Jan20470PE.NFO,07/01/2020,15:24:10,10.25,10.2,1500,10.5,1500,1500,235500
ICICIPRULI30Jan20470PE.NFO,07/01/2020,15:24:16,10.5,10.2,3000,10.7,1500,1500,235500
ICICIPRULI30Jan20470PE.NFO,07/01/2020,15:24:22,10.5,10.2,1500,10.7,1500,0,235500
ICICIPRULI30Jan20470PE.NFO,07/01/2020,15:24:33,10.5,10.2,1500,10.75,1500,0,235500
ICICIPRULI30Jan20470PE.NFO,07/01/2020,15:24:39,10.5,10.2,1500,10.8,1500,0,235500
ICICIPRULI30Jan20470PE.NFO,07/01/2020,15:25:22,10.5,10.3,1500,10.8,1500,0,235500
