Ticker,Date,Time,LTP,BuyPrice,BuyQty,SellPrice,SellQty,LTQ,OpenInterest
ICICIPRULI30Jan20480CE.NFO,07/01/2020,09:16:07,14.85,14,3000,14.85,1500,1500,58500
ICICIPRULI30Jan20480CE.NFO,07/01/2020,09:16:07,14.85,14,3000,14.85,1500,0,58500
ICICIPRULI30Jan20480CE.NFO,07/01/2020,09:16:07,14.85,14,3000,14.85,1500,0,58500
ICICIPRULI30Jan20480CE.NFO,07/01/2020,09:16:07,14.85,14,3000,14.85,1500,0,58500
ICICIPRULI30Jan20480CE.NFO,07/01/2020,09:16:18,14.85,14.45,1500,14.85,1500,0,58500
ICICIPRULI30Jan20480CE.NFO,07/01/2020,09:16:29,14.85,14.2,1500,14.85,1500,0,58500
ICICIPRULI30Jan20480CE.NFO,07/01/2020,09:16:40,14.5,14.2,1500,14.85,1500,1500,58500
ICICIPRULI30Jan20480CE.NFO,07/01/2020,09:16:40,14.5,14.2,1500,14.85,1500,0,58500
ICICIPRULI30Jan20480CE.NFO,07/01/2020,09:16:51,14.5,14.2,1500,14.85,1500,0,58500
ICICIPRULI30Jan20480CE.NFO,07/01/2020,09:17:02,14.5,14.05,3000,14.8,1500,0,58500
ICICIPRULI30Jan20480CE.NFO,07/01/2020,09:17:11,14.5,14.2,1500,14.8,1500,0,58500
ICICIPRULI30Jan20480CE.NFO,07/01/2020,09:17:21,14.5,14.1,1500,14.75,1500,0,58500
ICICIPRULI30Jan20480CE.NFO,07/01/2020,09:17:40,14.5,14.15,1500,14.75,1500,0,58500
ICICIPRULI30Jan20480CE.NFO,07/01/2020,09:17:49,14.5,14.2,1500,14.75,1500,0,58500
ICICIPRULI30Jan20480CE.NFO,07/01/2020,09:17:59,14.5,14.15,1500,14.75,1500,0,58500
ICICIPRULI30Jan20480CE.NFO,07/01/2020,09:18:08,14.25,14.2,3000,14.85,1500,1500,58500
ICICIPRULI30Jan20480CE.NFO,07/01/2020,09:18:08,14.25,14.2,3000,14.85,1500,0,58500
ICICIPRULI30Jan20480CE.NFO,07/01/2020,09:18:16,14.25,14.1,4500,14.8,1500,0,58500
ICICIPRULI30Jan20480CE.NFO,07/01/2020,09:18:23,14.25,14.1,4500,14.7,3000,0,58500
ICICIPRULI30Jan20480CE.NFO,07/01/2020,09:18:30,14.25,13.8,1500,14.65,1500,0,58500
ICICIPRULI30Jan20480CE.NFO,07/01/2020,09:18:38,14.25,13.6,1500,14.85,1500,4500,58500
ICICIPRULI30Jan20480CE.NFO,07/01/2020,09:18:46,14.25,13.65,4500,14.8,1500,0,58500
ICICIPRULI30Jan20480CE.NFO,07/01/2020,09:19:00,14.25,13.75,1500,14.75,6000,0,58500
ICICIPRULI30Jan20480CE.NFO,07/01/2020,09:19:14,14.25,13.75,4500,14.7,1500,0,58500
ICICIPRULI30Jan20480CE.NFO,07/01/2020,09:19:21,14.25,13.85,1500,14.6,1500,0,58500
ICICIPRULI30Jan20480CE.NFO,07/01/2020,09:19:28,14.25,14.1,4500,14.85,1500,0,58500
ICICIPRULI30Jan20480CE.NFO,07/01/2020,09:19:35,14.25,14.1,1500,14.8,1500,0,58500
ICICIPRULI30Jan20480CE.NFO,07/01/2020,09:19:42,14.25,13.9,4500,14.7,1500,0,58500
ICICIPRULI30Jan20480CE.NFO,07/01/2020,09:19:56,14.25,14,1500,14.8,1500,0,58500
ICICIPRULI30Jan20480CE.NFO,07/01/2020,09:20:02,14.25,14,4500,14.8,3000,0,58500
ICICIPRULI30Jan20480CE.NFO,07/01/2020,09:20:08,14.25,14.1,1500,14.8,1500,0,58500
ICICIPRULI30Jan20480CE.NFO,07/01/2020,09:20:15,14.25,14.1,1500,14.75,1500,0,58500
ICICIPRULI30Jan20480CE.NFO,07/01/2020,09:20:21,14.25,14,3000,14.75,3000,0,58500
ICICIPRULI30Jan20480CE.NFO,07/01/2020,09:20:27,14.25,14.05,1500,14.8,3000,0,58500
ICICIPRULI30Jan20480CE.NFO,07/01/2020,09:20:40,14.25,14.05,4500,14.85,1500,0,58500
ICICIPRULI30Jan20480CE.NFO,07/01/2020,09:20:53,14.25,14.15,4500,14.85,1500,0,58500
ICICIPRULI30Jan20480CE.NFO,07/01/2020,09:20:59,14.25,14.05,1500,14.85,1500,0,58500
ICICIPRULI30Jan20480CE.NFO,07/01/2020,09:21:14,14.85,13.95,1500,15.25,1500,3000,61500
ICICIPRULI30Jan20480CE.NFO,07/01/2020,09:21:22,14.85,14.1,7500,15.4,1500,0,61500
ICICIPRULI30Jan20480CE.NFO,07/01/2020,09:21:29,14.85,14.1,3000,15.4,1500,0,61500
ICICIPRULI30Jan20480CE.NFO,07/01/2020,09:21:35,14.85,14.1,1500,15.35,1500,0,61500
ICICIPRULI30Jan20480CE.NFO,07/01/2020,09:21:41,14.85,14.1,1500,15.5,1500,0,61500
ICICIPRULI30Jan20480CE.NFO,07/01/2020,09:21:48,14.85,14.1,1500,15.45,1500,0,61500
ICICIPRULI30Jan20480CE.NFO,07/01/2020,09:22:01,14.85,14.1,1500,15.5,1500,0,61500
ICICIPRULI30Jan20480CE.NFO,07/01/2020,09:22:07,14.85,14.25,3000,15.4,1500,0,61500
ICICIPRULI30Jan20480CE.NFO,07/01/2020,09:22:15,14.85,14.4,3000,15.5,1500,0,61500
ICICIPRULI30Jan20480CE.NFO,07/01/2020,09:22:22,14.85,14.3,3000,15.5,3000,0,61500
ICICIPRULI30Jan20480CE.NFO,07/01/2020,09:22:28,14.85,14.85,1500,15.3,3000,0,61500
ICICIPRULI30Jan20480CE.NFO,07/01/2020,09:22:35,14.85,14.85,1500,15.2,3000,0,61500
ICICIPRULI30Jan20480CE.NFO,07/01/2020,09:24:24,15.2,14.85,1500,15.7,1500,1500,61500
ICICIPRULI30Jan20480CE.NFO,07/01/2020,09:24:24,15.2,14.85,1500,15.7,1500,0,61500
ICICIPRULI30Jan20480CE.NFO,07/01/2020,09:24:30,15.2,14.85,1500,15.45,1500,0,61500
ICICIPRULI30Jan20480CE.NFO,07/01/2020,09:25:47,15.2,14.9,1500,15.45,1500,0,61500
ICICIPRULI30Jan20480CE.NFO,07/01/2020,09:26:50,15.45,14.9,1500,16,1500,1500,63000
ICICIPRULI30Jan20480CE.NFO,07/01/2020,09:26:50,15.45,14.9,1500,16,1500,0,63000
ICICIPRULI30Jan20480CE.NFO,07/01/2020,09:27:02,15.45,14.9,1500,16.25,1500,0,63000
ICICIPRULI30Jan20480CE.NFO,07/01/2020,09:27:13,15.45,14.9,1500,16.2,1500,0,63000
ICICIPRULI30Jan20480CE.NFO,07/01/2020,09:27:18,15.45,14.9,1500,16.3,1500,0,63000
ICICIPRULI30Jan20480CE.NFO,07/01/2020,09:27:24,15.45,14.9,1500,16.3,3000,0,63000
ICICIPRULI30Jan20480CE.NFO,07/01/2020,09:27:54,15.45,15.1,1500,16.4,1500,0,63000
ICICIPRULI30Jan20480CE.NFO,07/01/2020,09:28:08,15.45,15.1,1500,16.2,1500,0,63000
ICICIPRULI30Jan20480CE.NFO,07/01/2020,09:28:19,15.45,15.1,1500,16.1,1500,0,63000
ICICIPRULI30Jan20480CE.NFO,07/01/2020,09:28:25,15.45,14.9,1500,15.9,1500,0,63000
ICICIPRULI30Jan20480CE.NFO,07/01/2020,09:28:31,15.45,14.7,1500,15.8,1500,0,63000
ICICIPRULI30Jan20480CE.NFO,07/01/2020,09:28:37,15.45,14.65,3000,15.85,1500,0,63000
ICICIPRULI30Jan20480CE.NFO,07/01/2020,09:29:09,15.45,14.65,3000,15.8,3000,0,63000
ICICIPRULI30Jan20480CE.NFO,07/01/2020,09:29:14,15.45,14.9,1500,15.4,1500,0,63000
ICICIPRULI30Jan20480CE.NFO,07/01/2020,09:29:20,15.45,14.85,1500,15.4,1500,0,63000
ICICIPRULI30Jan20480CE.NFO,07/01/2020,09:29:25,15.45,14.7,1500,15.35,1500,0,63000
ICICIPRULI30Jan20480CE.NFO,07/01/2020,09:29:31,15.45,14.7,3000,15.35,1500,0,63000
ICICIPRULI30Jan20480CE.NFO,07/01/2020,09:29:37,15.45,14.7,3000,15.85,7500,0,63000
ICICIPRULI30Jan20480CE.NFO,07/01/2020,09:29:42,15.45,14.7,3000,15.85,1500,0,63000
ICICIPRULI30Jan20480CE.NFO,07/01/2020,09:29:47,15.45,14.7,3000,15.85,6000,0,63000
ICICIPRULI30Jan20480CE.NFO,07/01/2020,09:29:52,15.45,14.7,3000,15.8,3000,0,63000
ICICIPRULI30Jan20480CE.NFO,07/01/2020,09:29:56,15.45,14.7,1500,15.9,1500,0,63000
ICICIPRULI30Jan20480CE.NFO,07/01/2020,09:30:10,15.45,14.8,1500,15.85,9000,0,63000
ICICIPRULI30Jan20480CE.NFO,07/01/2020,09:30:15,15.45,14.8,1500,15.9,1500,0,63000
ICICIPRULI30Jan20480CE.NFO,07/01/2020,09:30:20,15.45,14.8,1500,15.85,6000,0,63000
ICICIPRULI30Jan20480CE.NFO,07/01/2020,09:30:25,15.45,14.8,1500,15.85,4500,0,63000
ICICIPRULI30Jan20480CE.NFO,07/01/2020,09:30:40,15.45,14.8,1500,15.85,1500,0,63000
ICICIPRULI30Jan20480CE.NFO,07/01/2020,09:30:50,15.45,14.8,1500,15.85,7500,0,63000
ICICIPRULI30Jan20480CE.NFO,07/01/2020,09:30:55,15.45,14.8,1500,15.7,1500,0,63000
ICICIPRULI30Jan20480CE.NFO,07/01/2020,09:31:05,15.45,15.25,3000,15.75,1500,0,63000
ICICIPRULI30Jan20480CE.NFO,07/01/2020,09:31:11,15.45,15.35,3000,15.75,1500,0,63000
ICICIPRULI30Jan20480CE.NFO,07/01/2020,09:31:24,15.75,15.65,3000,16,3000,1500,63000
ICICIPRULI30Jan20480CE.NFO,07/01/2020,09:31:24,15.75,15.65,3000,16,3000,0,63000
ICICIPRULI30Jan20480CE.NFO,07/01/2020,09:31:29,15.75,15.6,1500,16,3000,0,63000
ICICIPRULI30Jan20480CE.NFO,07/01/2020,09:31:35,15.75,15.45,3000,16,1500,0,63000
ICICIPRULI30Jan20480CE.NFO,07/01/2020,09:31:40,15.75,15.55,1500,15.95,1500,0,63000
ICICIPRULI30Jan20480CE.NFO,07/01/2020,09:31:46,15.75,15.5,1500,15.85,1500,0,63000
ICICIPRULI30Jan20480CE.NFO,07/01/2020,09:31:56,15.75,15.6,1500,15.85,1500,0,63000
ICICIPRULI30Jan20480CE.NFO,07/01/2020,09:32:13,15.75,15.5,1500,15.9,1500,0,63000
ICICIPRULI30Jan20480CE.NFO,07/01/2020,09:32:19,15.75,15.5,1500,15.75,1500,0,63000
ICICIPRULI30Jan20480CE.NFO,07/01/2020,09:32:42,15.75,15.5,1500,15.8,1500,0,63000
ICICIPRULI30Jan20480CE.NFO,07/01/2020,09:32:49,15.75,15.5,1500,15.75,1500,0,63000
ICICIPRULI30Jan20480CE.NFO,07/01/2020,09:33:06,15.75,15.5,1500,15.8,1500,0,63000
ICICIPRULI30Jan20480CE.NFO,07/01/2020,09:33:22,15.75,15.55,1500,15.95,1500,0,63000
ICICIPRULI30Jan20480CE.NFO,07/01/2020,09:33:28,15.75,15.5,3000,15.95,1500,0,63000
ICICIPRULI30Jan20480CE.NFO,07/01/2020,09:33:43,15.75,15.5,3000,15.95,3000,0,63000
ICICIPRULI30Jan20480CE.NFO,07/01/2020,09:33:48,15.75,15.5,3000,15.9,1500,0,63000
ICICIPRULI30Jan20480CE.NFO,07/01/2020,09:33:52,15.75,15.5,3000,15.95,1500,0,63000
ICICIPRULI30Jan20480CE.NFO,07/01/2020,09:34:17,15.75,15.5,1500,15.85,1500,0,63000
ICICIPRULI30Jan20480CE.NFO,07/01/2020,09:34:22,15.75,15.55,1500,15.95,1500,0,63000
ICICIPRULI30Jan20480CE.NFO,07/01/2020,09:34:33,16,16,3000,16.2,1500,1500,63000
ICICIPRULI30Jan20480CE.NFO,07/01/2020,09:34:33,16,16,3000,16.2,1500,0,63000
ICICIPRULI30Jan20480CE.NFO,07/01/2020,09:34:40,16,16,1500,16.2,1500,1500,63000
ICICIPRULI30Jan20480CE.NFO,07/01/2020,09:34:45,16,15.9,3000,16.25,1500,0,63000
ICICIPRULI30Jan20480CE.NFO,07/01/2020,09:34:50,16,16,3000,16.25,1500,0,63000
ICICIPRULI30Jan20480CE.NFO,07/01/2020,09:34:56,16.4,16.35,1500,16.65,1500,1500,63000
ICICIPRULI30Jan20480CE.NFO,07/01/2020,09:34:56,16.4,16.35,1500,16.65,1500,0,63000
ICICIPRULI30Jan20480CE.NFO,07/01/2020,09:35:01,16.4,16.35,1500,16.7,1500,0,63000
ICICIPRULI30Jan20480CE.NFO,07/01/2020,09:35:07,16.4,16.35,1500,16.55,1500,0,63000
ICICIPRULI30Jan20480CE.NFO,07/01/2020,09:35:12,16.4,16.3,1500,16.55,1500,0,63000
ICICIPRULI30Jan20480CE.NFO,07/01/2020,09:35:21,16.4,16.25,1500,16.5,1500,0,63000
ICICIPRULI30Jan20480CE.NFO,07/01/2020,09:35:36,16.4,16.25,1500,16.45,1500,0,63000
ICICIPRULI30Jan20480CE.NFO,07/01/2020,09:35:42,16.4,16.25,1500,16.5,1500,0,63000
ICICIPRULI30Jan20480CE.NFO,07/01/2020,09:36:29,16.4,16.25,1500,16.5,3000,0,63000
ICICIPRULI30Jan20480CE.NFO,07/01/2020,09:36:33,16.4,16.25,1500,16.5,1500,0,63000
ICICIPRULI30Jan20480CE.NFO,07/01/2020,09:36:47,16.4,16.2,1500,16.5,3000,0,63000
ICICIPRULI30Jan20480CE.NFO,07/01/2020,09:36:51,16.4,16.2,1500,16.45,1500,0,63000
ICICIPRULI30Jan20480CE.NFO,07/01/2020,09:36:56,16.4,16.2,1500,16.5,3000,0,63000
ICICIPRULI30Jan20480CE.NFO,07/01/2020,09:37:01,16.4,16.3,1500,16.5,3000,0,63000
ICICIPRULI30Jan20480CE.NFO,07/01/2020,09:37:10,16.4,16.25,1500,16.5,3000,0,63000
ICICIPRULI30Jan20480CE.NFO,07/01/2020,09:37:23,16.4,16.25,1500,16.45,1500,0,63000
ICICIPRULI30Jan20480CE.NFO,07/01/2020,09:37:33,16.4,16.35,1500,16.5,3000,0,63000
ICICIPRULI30Jan20480CE.NFO,07/01/2020,09:38:02,16.5,16.35,1500,16.5,1500,1500,63000
ICICIPRULI30Jan20480CE.NFO,07/01/2020,09:38:02,16.5,16.35,1500,16.5,1500,0,63000
ICICIPRULI30Jan20480CE.NFO,07/01/2020,09:38:07,16.5,16.55,1500,16.8,1500,1500,63000
ICICIPRULI30Jan20480CE.NFO,07/01/2020,09:38:12,16.5,16.55,1500,16.8,1500,0,63000
ICICIPRULI30Jan20480CE.NFO,07/01/2020,09:38:16,16.65,16.55,1500,16.75,1500,1500,61500
ICICIPRULI30Jan20480CE.NFO,07/01/2020,09:38:16,16.65,16.55,1500,16.75,1500,0,61500
ICICIPRULI30Jan20480CE.NFO,07/01/2020,09:38:24,16.65,16.55,1500,16.75,1500,0,61500
ICICIPRULI30Jan20480CE.NFO,07/01/2020,09:38:33,16.75,16.55,1500,16.8,1500,1500,61500
ICICIPRULI30Jan20480CE.NFO,07/01/2020,09:38:33,16.75,16.55,1500,16.8,1500,0,61500
ICICIPRULI30Jan20480CE.NFO,07/01/2020,09:38:37,16.75,16.55,1500,16.8,1500,0,61500
ICICIPRULI30Jan20480CE.NFO,07/01/2020,09:38:41,16.75,16.7,3000,16.9,1500,0,61500
ICICIPRULI30Jan20480CE.NFO,07/01/2020,09:38:45,16.75,16.75,1500,16.9,1500,0,61500
ICICIPRULI30Jan20480CE.NFO,07/01/2020,09:39:11,17.1,17.05,1500,17.25,1500,3000,61500
ICICIPRULI30Jan20480CE.NFO,07/01/2020,09:39:11,17.1,17.05,1500,17.25,1500,0,61500
ICICIPRULI30Jan20480CE.NFO,07/01/2020,09:39:16,17.4,17.3,1500,18,1500,1500,61500
ICICIPRULI30Jan20480CE.NFO,07/01/2020,09:39:16,17.4,17.3,1500,18,1500,0,61500
ICICIPRULI30Jan20480CE.NFO,07/01/2020,09:39:21,17.4,17.2,3000,17.6,1500,0,61500
ICICIPRULI30Jan20480CE.NFO,07/01/2020,09:39:26,17.4,17.1,1500,17.5,1500,0,61500
ICICIPRULI30Jan20480CE.NFO,07/01/2020,09:39:30,17.4,17.1,1500,17.4,1500,0,61500
ICICIPRULI30Jan20480CE.NFO,07/01/2020,09:39:35,17.4,16.9,1500,17.2,1500,0,61500
ICICIPRULI30Jan20480CE.NFO,07/01/2020,09:39:55,17.4,17,1500,17.6,3000,0,61500
ICICIPRULI30Jan20480CE.NFO,07/01/2020,09:39:59,17.4,17,1500,17.3,1500,0,61500
ICICIPRULI30Jan20480CE.NFO,07/01/2020,09:40:03,17.4,17,1500,17.45,1500,0,61500
ICICIPRULI30Jan20480CE.NFO,07/01/2020,09:40:09,17.4,17.1,1500,17.45,1500,0,61500
ICICIPRULI30Jan20480CE.NFO,07/01/2020,09:40:19,17.4,17.1,1500,17.35,1500,0,61500
ICICIPRULI30Jan20480CE.NFO,07/01/2020,09:40:24,17.4,17,1500,17.35,1500,0,61500
ICICIPRULI30Jan20480CE.NFO,07/01/2020,09:40:57,17.4,16.95,1500,17.25,1500,0,61500
ICICIPRULI30Jan20480CE.NFO,07/01/2020,09:41:14,17.4,16.9,1500,17.25,1500,0,61500
ICICIPRULI30Jan20480CE.NFO,07/01/2020,09:41:22,17.4,17,1500,17.4,3000,0,61500
ICICIPRULI30Jan20480CE.NFO,07/01/2020,09:41:46,17.4,16.9,1500,17.4,3000,0,61500
ICICIPRULI30Jan20480CE.NFO,07/01/2020,09:42:11,16.9,16.75,1500,17.3,1500,1500,61500
ICICIPRULI30Jan20480CE.NFO,07/01/2020,09:42:17,16.9,16.8,1500,17.3,1500,0,63000
ICICIPRULI30Jan20480CE.NFO,07/01/2020,09:42:24,16.9,16.8,3000,17.3,1500,0,63000
ICICIPRULI30Jan20480CE.NFO,07/01/2020,09:42:45,16.9,16.8,1500,17.2,1500,0,63000
ICICIPRULI30Jan20480CE.NFO,07/01/2020,09:42:51,16.9,16.8,1500,17.1,1500,0,63000
ICICIPRULI30Jan20480CE.NFO,07/01/2020,09:42:57,16.9,16.8,1500,17.15,1500,0,63000
ICICIPRULI30Jan20480CE.NFO,07/01/2020,09:43:09,16.9,16.7,1500,17.05,1500,0,63000
ICICIPRULI30Jan20480CE.NFO,07/01/2020,09:43:14,16.9,16.75,1500,17.35,1500,0,63000
ICICIPRULI30Jan20480CE.NFO,07/01/2020,09:43:25,16.9,16.9,3000,17.35,1500,0,63000
ICICIPRULI30Jan20480CE.NFO,07/01/2020,09:43:39,16.9,16.9,3000,17.4,3000,0,63000
ICICIPRULI30Jan20480CE.NFO,07/01/2020,09:43:44,16.9,17,1500,17.4,1500,0,63000
ICICIPRULI30Jan20480CE.NFO,07/01/2020,09:43:53,17.4,17.4,3000,17.85,1500,1500,63000
ICICIPRULI30Jan20480CE.NFO,07/01/2020,09:43:57,17.4,17.6,1500,18.3,1500,0,63000
ICICIPRULI30Jan20480CE.NFO,07/01/2020,09:44:02,17.4,17.55,1500,18.35,3000,0,63000
ICICIPRULI30Jan20480CE.NFO,07/01/2020,09:44:08,17.4,17.65,1500,18.25,1500,0,63000
ICICIPRULI30Jan20480CE.NFO,07/01/2020,09:44:13,18.25,17.55,1500,18.4,1500,1500,63000
ICICIPRULI30Jan20480CE.NFO,07/01/2020,09:44:13,18.25,17.55,1500,18.4,1500,0,63000
ICICIPRULI30Jan20480CE.NFO,07/01/2020,09:44:24,18.25,17.55,1500,18.15,1500,0,63000
ICICIPRULI30Jan20480CE.NFO,07/01/2020,09:44:30,18.25,17.25,1500,18.2,3000,0,63000
ICICIPRULI30Jan20480CE.NFO,07/01/2020,09:44:45,18.25,17.75,1500,18.7,6000,0,63000
ICICIPRULI30Jan20480CE.NFO,07/01/2020,09:44:50,18.25,17.75,1500,18.6,3000,0,63000
ICICIPRULI30Jan20480CE.NFO,07/01/2020,09:44:55,18.25,17.7,1500,18.6,3000,0,63000
ICICIPRULI30Jan20480CE.NFO,07/01/2020,09:45:00,18.25,17.7,1500,18.6,4500,0,63000
ICICIPRULI30Jan20480CE.NFO,07/01/2020,09:45:06,18.25,17.8,1500,18.6,3000,0,63000
ICICIPRULI30Jan20480CE.NFO,07/01/2020,09:45:12,18.25,17.8,1500,18.7,3000,0,63000
ICICIPRULI30Jan20480CE.NFO,07/01/2020,09:45:14,18.25,17.8,1500,18.65,1500,0,63000
ICICIPRULI30Jan20480CE.NFO,07/01/2020,09:45:20,18.25,17.75,1500,18.65,1500,0,63000
ICICIPRULI30Jan20480CE.NFO,07/01/2020,09:45:22,18.25,17.65,1500,18.5,1500,0,63000
ICICIPRULI30Jan20480CE.NFO,07/01/2020,09:45:23,18.25,17.6,1500,18.5,1500,0,63000
ICICIPRULI30Jan20480CE.NFO,07/01/2020,09:45:23,18.25,17.6,1500,18.45,1500,0,63000
ICICIPRULI30Jan20480CE.NFO,07/01/2020,09:45:26,18.25,17.5,1500,18.5,1500,0,63000
ICICIPRULI30Jan20480CE.NFO,07/01/2020,09:45:35,18.25,17.55,1500,18.5,1500,0,63000
ICICIPRULI30Jan20480CE.NFO,07/01/2020,09:45:36,18.25,17.55,1500,18.5,3000,0,63000
ICICIPRULI30Jan20480CE.NFO,07/01/2020,09:45:41,18.25,17.55,1500,18.5,1500,0,63000
ICICIPRULI30Jan20480CE.NFO,07/01/2020,09:45:47,18.25,17.55,1500,18.25,1500,0,63000
ICICIPRULI30Jan20480CE.NFO,07/01/2020,09:45:48,18.25,17.55,1500,18.25,3000,0,63000
ICICIPRULI30Jan20480CE.NFO,07/01/2020,09:45:56,18.25,17.55,1500,18.15,1500,0,63000
ICICIPRULI30Jan20480CE.NFO,07/01/2020,09:45:59,18.25,17.85,1500,18.2,1500,0,63000
ICICIPRULI30Jan20480CE.NFO,07/01/2020,09:46:00,18.25,17.8,1500,18.2,1500,0,63000
ICICIPRULI30Jan20480CE.NFO,07/01/2020,09:46:06,18.25,17.75,1500,18.2,1500,0,63000
ICICIPRULI30Jan20480CE.NFO,07/01/2020,09:46:10,18.25,17.7,1500,18.2,1500,0,63000
ICICIPRULI30Jan20480CE.NFO,07/01/2020,09:46:13,18.25,17.65,1500,18.2,1500,0,63000
ICICIPRULI30Jan20480CE.NFO,07/01/2020,09:46:17,18.25,17.6,1500,18.2,1500,0,63000
ICICIPRULI30Jan20480CE.NFO,07/01/2020,09:46:18,18.25,17.65,1500,18.2,1500,0,63000
ICICIPRULI30Jan20480CE.NFO,07/01/2020,09:46:20,18.25,17.6,1500,18.2,1500,0,63000
ICICIPRULI30Jan20480CE.NFO,07/01/2020,09:46:23,18.25,17.55,1500,18.15,1500,0,63000
ICICIPRULI30Jan20480CE.NFO,07/01/2020,09:46:25,18.25,17.65,1500,18.2,1500,0,63000
ICICIPRULI30Jan20480CE.NFO,07/01/2020,09:46:28,18.25,17.6,3000,18.2,1500,0,63000
ICICIPRULI30Jan20480CE.NFO,07/01/2020,09:47:03,18.25,17.6,1500,18.2,1500,0,63000
ICICIPRULI30Jan20480CE.NFO,07/01/2020,09:47:05,18.25,17.6,1500,18.15,1500,0,63000
ICICIPRULI30Jan20480CE.NFO,07/01/2020,09:47:06,18.25,17.6,1500,18.2,1500,0,63000
ICICIPRULI30Jan20480CE.NFO,07/01/2020,09:47:07,18.25,17.55,1500,18.15,1500,0,63000
ICICIPRULI30Jan20480CE.NFO,07/01/2020,09:47:30,18.25,17.6,4500,18.2,1500,0,63000
ICICIPRULI30Jan20480CE.NFO,07/01/2020,09:47:55,18.25,17.6,3000,18.2,1500,0,63000
ICICIPRULI30Jan20480CE.NFO,07/01/2020,09:48:04,18.25,17.5,1500,18.15,1500,0,63000
ICICIPRULI30Jan20480CE.NFO,07/01/2020,09:48:11,18.25,17.35,1500,18.15,1500,0,63000
ICICIPRULI30Jan20480CE.NFO,07/01/2020,09:48:15,18.25,17.4,1500,18.15,1500,0,63000
ICICIPRULI30Jan20480CE.NFO,07/01/2020,09:48:19,18.25,17.4,3000,18.15,1500,0,63000
ICICIPRULI30Jan20480CE.NFO,07/01/2020,09:48:27,18.25,17.45,3000,18.2,1500,0,63000
ICICIPRULI30Jan20480CE.NFO,07/01/2020,09:48:35,18.25,17.55,1500,18.2,1500,0,63000
ICICIPRULI30Jan20480CE.NFO,07/01/2020,09:48:39,18.25,17.5,3000,18.2,1500,0,63000
ICICIPRULI30Jan20480CE.NFO,07/01/2020,09:48:44,18.25,17.45,1500,18.2,1500,0,63000
ICICIPRULI30Jan20480CE.NFO,07/01/2020,09:48:48,18.25,17.45,3000,18.2,1500,0,63000
ICICIPRULI30Jan20480CE.NFO,07/01/2020,09:48:53,18.25,17.4,1500,18.2,1500,0,63000
ICICIPRULI30Jan20480CE.NFO,07/01/2020,09:49:04,18.25,17.35,1500,18.15,1500,0,63000
ICICIPRULI30Jan20480CE.NFO,07/01/2020,09:49:09,18.25,17.4,3000,18.2,1500,0,63000
ICICIPRULI30Jan20480CE.NFO,07/01/2020,09:49:19,18.25,17.45,1500,18.2,1500,0,63000
ICICIPRULI30Jan20480CE.NFO,07/01/2020,09:49:24,18.25,17.4,1500,18.2,1500,0,63000
ICICIPRULI30Jan20480CE.NFO,07/01/2020,09:49:31,18.25,17.4,3000,18.2,1500,0,63000
ICICIPRULI30Jan20480CE.NFO,07/01/2020,09:49:36,18.25,17.4,1500,18.2,1500,0,63000
ICICIPRULI30Jan20480CE.NFO,07/01/2020,09:49:41,18.25,17.45,1500,18.2,1500,0,63000
ICICIPRULI30Jan20480CE.NFO,07/01/2020,09:49:46,18.25,17.55,1500,18.2,1500,0,63000
ICICIPRULI30Jan20480CE.NFO,07/01/2020,09:49:56,18.25,17.6,3000,18.15,1500,0,63000
ICICIPRULI30Jan20480CE.NFO,07/01/2020,09:50:00,18.25,17.55,1500,18.15,1500,0,63000
ICICIPRULI30Jan20480CE.NFO,07/01/2020,09:50:06,18.25,17.65,1500,18.15,1500,0,63000
ICICIPRULI30Jan20480CE.NFO,07/01/2020,09:50:11,18.25,17.55,3000,18.15,1500,0,63000
ICICIPRULI30Jan20480CE.NFO,07/01/2020,09:50:26,18.25,17.5,4500,18.15,1500,0,63000
ICICIPRULI30Jan20480CE.NFO,07/01/2020,09:50:36,18.25,17.45,1500,18,1500,0,63000
ICICIPRULI30Jan20480CE.NFO,07/01/2020,09:50:42,18.25,17.4,1500,18,1500,0,63000
ICICIPRULI30Jan20480CE.NFO,07/01/2020,09:50:53,18.25,17.45,1500,18.05,1500,0,63000
ICICIPRULI30Jan20480CE.NFO,07/01/2020,09:50:57,18.25,17.5,1500,18.2,1500,0,63000
ICICIPRULI30Jan20480CE.NFO,07/01/2020,09:51:02,18.25,17.45,4500,18.2,1500,0,63000
ICICIPRULI30Jan20480CE.NFO,07/01/2020,09:51:23,18.25,17.9,1500,18.2,1500,0,63000
ICICIPRULI30Jan20480CE.NFO,07/01/2020,09:51:28,17.9,17.8,1500,18.2,1500,1500,61500
ICICIPRULI30Jan20480CE.NFO,07/01/2020,09:51:33,17.9,17.8,1500,18.2,1500,0,61500
ICICIPRULI30Jan20480CE.NFO,07/01/2020,09:51:38,17.9,17.8,3000,18.2,1500,0,61500
ICICIPRULI30Jan20480CE.NFO,07/01/2020,09:51:47,17.9,17.9,1500,18.2,1500,0,61500
ICICIPRULI30Jan20480CE.NFO,07/01/2020,09:51:52,17.9,17.8,1500,18.15,1500,0,61500
ICICIPRULI30Jan20480CE.NFO,07/01/2020,09:51:55,17.9,17.8,3000,18.15,1500,0,61500
ICICIPRULI30Jan20480CE.NFO,07/01/2020,09:51:59,17.9,17.7,1500,18.15,1500,0,61500
ICICIPRULI30Jan20480CE.NFO,07/01/2020,09:52:03,17.9,17.65,1500,18.15,1500,0,61500
ICICIPRULI30Jan20480CE.NFO,07/01/2020,09:52:07,17.9,17.55,3000,17.95,1500,0,61500
ICICIPRULI30Jan20480CE.NFO,07/01/2020,09:52:11,17.9,17.5,1500,18.15,1500,0,61500
ICICIPRULI30Jan20480CE.NFO,07/01/2020,09:52:20,17.9,17.55,1500,18.15,1500,0,61500
ICICIPRULI30Jan20480CE.NFO,07/01/2020,09:52:24,17.9,17.4,1500,18.1,1500,0,61500
ICICIPRULI30Jan20480CE.NFO,07/01/2020,09:52:29,17.9,17.45,1500,18.1,1500,0,61500
ICICIPRULI30Jan20480CE.NFO,07/01/2020,09:52:34,17.9,17.45,1500,18,1500,0,61500
ICICIPRULI30Jan20480CE.NFO,07/01/2020,09:52:39,17.9,17.65,1500,18.15,1500,0,61500
ICICIPRULI30Jan20480CE.NFO,07/01/2020,09:52:48,17.9,17.55,4500,18.15,1500,0,61500
ICICIPRULI30Jan20480CE.NFO,07/01/2020,09:52:55,17.9,17.55,1500,18.15,1500,0,61500
ICICIPRULI30Jan20480CE.NFO,07/01/2020,09:52:59,17.9,17.5,4500,18.15,1500,0,61500
ICICIPRULI30Jan20480CE.NFO,07/01/2020,09:53:03,17.9,17.4,1500,17.8,1500,0,61500
ICICIPRULI30Jan20480CE.NFO,07/01/2020,09:53:09,17.55,17.4,1500,18.15,1500,1500,61500
ICICIPRULI30Jan20480CE.NFO,07/01/2020,09:53:15,17.55,17.35,1500,18.15,1500,0,61500
ICICIPRULI30Jan20480CE.NFO,07/01/2020,09:53:20,17.55,17.4,1500,18.15,1500,0,61500
ICICIPRULI30Jan20480CE.NFO,07/01/2020,09:53:30,17.55,17.3,1500,18.15,1500,0,61500
ICICIPRULI30Jan20480CE.NFO,07/01/2020,09:53:35,17.55,17.4,1500,18.15,1500,0,61500
ICICIPRULI30Jan20480CE.NFO,07/01/2020,09:53:40,17.45,17.3,1500,17.95,1500,1500,61500
ICICIPRULI30Jan20480CE.NFO,07/01/2020,09:53:45,17.45,17.3,1500,17.85,1500,0,61500
ICICIPRULI30Jan20480CE.NFO,07/01/2020,09:53:50,17.45,17.3,1500,17.95,1500,0,61500
ICICIPRULI30Jan20480CE.NFO,07/01/2020,09:54:03,17.45,17.3,3000,18,1500,0,61500
ICICIPRULI30Jan20480CE.NFO,07/01/2020,09:54:07,17.45,17.3,1500,17.95,1500,0,61500
ICICIPRULI30Jan20480CE.NFO,07/01/2020,09:54:12,17.45,17.3,3000,18.1,1500,0,61500
ICICIPRULI30Jan20480CE.NFO,07/01/2020,09:54:17,17.45,17.3,3000,18,1500,0,61500
ICICIPRULI30Jan20480CE.NFO,07/01/2020,09:54:25,17.45,17.3,3000,17.95,1500,0,61500
ICICIPRULI30Jan20480CE.NFO,07/01/2020,09:54:30,17.45,17.3,3000,18.1,1500,0,61500
ICICIPRULI30Jan20480CE.NFO,07/01/2020,09:54:39,17.45,17.3,3000,18.05,1500,0,61500
ICICIPRULI30Jan20480CE.NFO,07/01/2020,09:54:58,17.45,17.3,3000,17.95,1500,0,61500
ICICIPRULI30Jan20480CE.NFO,07/01/2020,09:55:28,17.45,17.35,3000,17.95,1500,0,61500
ICICIPRULI30Jan20480CE.NFO,07/01/2020,09:55:41,17.45,17.35,3000,17.85,1500,0,61500
ICICIPRULI30Jan20480CE.NFO,07/01/2020,09:55:46,17.45,17.35,3000,17.95,1500,0,61500
ICICIPRULI30Jan20480CE.NFO,07/01/2020,09:56:00,17.45,17.3,3000,17.95,1500,0,61500
ICICIPRULI30Jan20480CE.NFO,07/01/2020,09:56:10,17.45,17.2,1500,17.75,1500,0,61500
ICICIPRULI30Jan20480CE.NFO,07/01/2020,09:56:15,17.45,17.15,1500,17.7,1500,0,61500
ICICIPRULI30Jan20480CE.NFO,07/01/2020,09:56:20,17.45,17.2,1500,17.8,1500,0,61500
ICICIPRULI30Jan20480CE.NFO,07/01/2020,09:56:26,17.45,17.05,1500,17.75,1500,0,61500
ICICIPRULI30Jan20480CE.NFO,07/01/2020,09:56:32,17.45,17,1500,17.75,1500,0,61500
ICICIPRULI30Jan20480CE.NFO,07/01/2020,09:56:55,17.45,17,1500,17.65,1500,0,61500
ICICIPRULI30Jan20480CE.NFO,07/01/2020,09:57:12,17.45,17.2,1500,17.65,1500,0,61500
ICICIPRULI30Jan20480CE.NFO,07/01/2020,09:57:25,17.45,17.1,3000,17.65,1500,0,61500
ICICIPRULI30Jan20480CE.NFO,07/01/2020,09:57:54,17.45,17.15,3000,17.85,1500,0,61500
ICICIPRULI30Jan20480CE.NFO,07/01/2020,09:58:04,17.45,17.15,1500,17.85,1500,0,61500
ICICIPRULI30Jan20480CE.NFO,07/01/2020,09:58:09,17.45,17.15,3000,17.85,1500,0,61500
ICICIPRULI30Jan20480CE.NFO,07/01/2020,09:58:21,17.45,17.15,3000,18.1,3000,0,61500
ICICIPRULI30Jan20480CE.NFO,07/01/2020,09:58:55,17.45,17.15,3000,17.9,1500,0,61500
ICICIPRULI30Jan20480CE.NFO,07/01/2020,09:59:23,17.45,17.15,1500,17.9,1500,0,61500
ICICIPRULI30Jan20480CE.NFO,07/01/2020,09:59:33,17.45,17.15,3000,17.9,1500,0,61500
ICICIPRULI30Jan20480CE.NFO,07/01/2020,09:59:45,17.45,17.15,1500,17.9,1500,0,61500
ICICIPRULI30Jan20480CE.NFO,07/01/2020,09:59:50,17.45,17.15,3000,17.9,1500,0,61500
ICICIPRULI30Jan20480CE.NFO,07/01/2020,10:00:01,17.45,17.15,1500,17.9,1500,0,61500
ICICIPRULI30Jan20480CE.NFO,07/01/2020,10:00:46,17.45,17.1,1500,17.9,1500,0,61500
ICICIPRULI30Jan20480CE.NFO,07/01/2020,10:00:53,17.45,17,1500,18.05,6000,0,61500
ICICIPRULI30Jan20480CE.NFO,07/01/2020,10:00:59,17.45,17.05,3000,17.8,1500,0,61500
ICICIPRULI30Jan20480CE.NFO,07/01/2020,10:01:05,17.45,17.05,1500,17.85,3000,0,61500
ICICIPRULI30Jan20480CE.NFO,07/01/2020,10:01:11,17.45,17.05,1500,17.6,1500,0,61500
ICICIPRULI30Jan20480CE.NFO,07/01/2020,10:01:18,17.45,17,3000,17.6,1500,0,61500
ICICIPRULI30Jan20480CE.NFO,07/01/2020,10:01:36,17.45,17,1500,17.6,1500,0,61500
ICICIPRULI30Jan20480CE.NFO,07/01/2020,10:01:48,17.45,16.95,1500,17.6,1500,0,61500
ICICIPRULI30Jan20480CE.NFO,07/01/2020,10:01:59,17.45,16.9,1500,17.6,1500,0,61500
ICICIPRULI30Jan20480CE.NFO,07/01/2020,10:02:04,17.45,16.95,1500,17.6,1500,0,61500
ICICIPRULI30Jan20480CE.NFO,07/01/2020,10:02:09,17.45,16.9,1500,17.6,1500,0,61500
ICICIPRULI30Jan20480CE.NFO,07/01/2020,10:02:15,17.45,16.95,4500,17.6,1500,0,61500
ICICIPRULI30Jan20480CE.NFO,07/01/2020,10:02:20,17.45,16.95,3000,17.95,4500,0,61500
ICICIPRULI30Jan20480CE.NFO,07/01/2020,10:02:25,17.45,17,3000,17.75,1500,0,61500
ICICIPRULI30Jan20480CE.NFO,07/01/2020,10:02:31,17.45,17,1500,17.75,1500,0,61500
ICICIPRULI30Jan20480CE.NFO,07/01/2020,10:02:43,17.45,17,3000,17.95,4500,0,61500
ICICIPRULI30Jan20480CE.NFO,07/01/2020,10:02:48,17.45,17,3000,17.75,1500,0,61500
ICICIPRULI30Jan20480CE.NFO,07/01/2020,10:02:58,17.45,16.85,1500,17.75,1500,0,61500
ICICIPRULI30Jan20480CE.NFO,07/01/2020,10:03:03,17.45,16.75,1500,17.55,1500,0,61500
ICICIPRULI30Jan20480CE.NFO,07/01/2020,10:03:12,17.45,16.65,3000,17.55,1500,0,61500
ICICIPRULI30Jan20480CE.NFO,07/01/2020,10:04:21,17.45,16.75,3000,17.55,1500,0,61500
ICICIPRULI30Jan20480CE.NFO,07/01/2020,10:04:53,17.45,16.75,1500,17.55,1500,0,61500
ICICIPRULI30Jan20480CE.NFO,07/01/2020,10:04:58,17.45,16.6,1500,17.55,1500,0,61500
ICICIPRULI30Jan20480CE.NFO,07/01/2020,10:05:07,17.45,16.55,3000,17.55,1500,0,61500
ICICIPRULI30Jan20480CE.NFO,07/01/2020,10:05:24,17.45,16.55,1500,17.55,1500,0,61500
ICICIPRULI30Jan20480CE.NFO,07/01/2020,10:05:28,17.45,16.55,3000,17.55,1500,0,61500
ICICIPRULI30Jan20480CE.NFO,07/01/2020,10:05:34,17.45,16.55,1500,17.35,1500,0,61500
ICICIPRULI30Jan20480CE.NFO,07/01/2020,10:05:52,17.45,16.55,3000,17.35,1500,0,61500
ICICIPRULI30Jan20480CE.NFO,07/01/2020,10:06:08,17.45,16.5,1500,17.35,1500,0,61500
ICICIPRULI30Jan20480CE.NFO,07/01/2020,10:06:14,17.45,16.55,3000,17.35,1500,0,61500
ICICIPRULI30Jan20480CE.NFO,07/01/2020,10:06:19,17.45,16.55,1500,17.35,1500,0,61500
ICICIPRULI30Jan20480CE.NFO,07/01/2020,10:06:31,17.45,16.55,3000,17.35,1500,0,61500
ICICIPRULI30Jan20480CE.NFO,07/01/2020,10:06:41,17.45,16.55,1500,17.35,1500,0,61500
ICICIPRULI30Jan20480CE.NFO,07/01/2020,10:06:47,17.45,16.5,3000,17.35,1500,0,61500
ICICIPRULI30Jan20480CE.NFO,07/01/2020,10:06:58,17.45,16.45,1500,17.35,1500,0,61500
ICICIPRULI30Jan20480CE.NFO,07/01/2020,10:07:03,16.4,16.05,1500,16.8,1500,1500,57000
ICICIPRULI30Jan20480CE.NFO,07/01/2020,10:07:09,16.4,16.05,1500,16.8,1500,0,57000
ICICIPRULI30Jan20480CE.NFO,07/01/2020,10:07:15,16.4,16,1500,16.8,1500,0,57000
ICICIPRULI30Jan20480CE.NFO,07/01/2020,10:07:21,16.4,16,1500,16.35,1500,0,57000
ICICIPRULI30Jan20480CE.NFO,07/01/2020,10:07:27,16,15.7,1500,16.8,1500,1500,57000
ICICIPRULI30Jan20480CE.NFO,07/01/2020,10:07:32,16,15.7,1500,16.8,1500,0,57000
ICICIPRULI30Jan20480CE.NFO,07/01/2020,10:07:47,16,15.8,3000,17,1500,0,57000
ICICIPRULI30Jan20480CE.NFO,07/01/2020,10:07:52,16,15.8,3000,17.25,9000,0,57000
ICICIPRULI30Jan20480CE.NFO,07/01/2020,10:07:57,16,15.9,1500,17.1,1500,0,57000
ICICIPRULI30Jan20480CE.NFO,07/01/2020,10:08:20,16,15.9,3000,17.1,1500,0,57000
ICICIPRULI30Jan20480CE.NFO,07/01/2020,10:08:29,16,15.9,1500,17.1,1500,0,57000
ICICIPRULI30Jan20480CE.NFO,07/01/2020,10:08:34,16,16,3000,17.5,10500,0,57000
ICICIPRULI30Jan20480CE.NFO,07/01/2020,10:08:40,16,16.2,1500,17.45,4500,0,57000
ICICIPRULI30Jan20480CE.NFO,07/01/2020,10:08:45,16,16.2,1500,17.45,1500,0,57000
ICICIPRULI30Jan20480CE.NFO,07/01/2020,10:08:49,16,16.3,1500,17.65,1500,0,57000
ICICIPRULI30Jan20480CE.NFO,07/01/2020,10:09:01,16,16.3,1500,17.45,1500,0,57000
ICICIPRULI30Jan20480CE.NFO,07/01/2020,10:09:44,16,16.3,1500,17.2,1500,0,57000
ICICIPRULI30Jan20480CE.NFO,07/01/2020,10:09:48,16,16.3,1500,17.3,4500,0,57000
ICICIPRULI30Jan20480CE.NFO,07/01/2020,10:09:53,16,16.3,1500,17.45,4500,0,57000
ICICIPRULI30Jan20480CE.NFO,07/01/2020,10:09:58,16,16.15,1500,17.25,1500,0,57000
ICICIPRULI30Jan20480CE.NFO,07/01/2020,10:10:13,16,16.05,1500,17.2,1500,0,57000
ICICIPRULI30Jan20480CE.NFO,07/01/2020,10:10:25,16,16.05,1500,17.25,1500,0,57000
ICICIPRULI30Jan20480CE.NFO,07/01/2020,10:10:34,16,16.05,1500,17.1,1500,0,57000
ICICIPRULI30Jan20480CE.NFO,07/01/2020,10:10:39,16,16.05,3000,17.4,4500,0,57000
ICICIPRULI30Jan20480CE.NFO,07/01/2020,10:10:56,16,16.15,1500,17.4,4500,0,57000
ICICIPRULI30Jan20480CE.NFO,07/01/2020,10:11:04,16,16.15,1500,17.4,3000,0,57000
ICICIPRULI30Jan20480CE.NFO,07/01/2020,10:11:09,16,16.15,1500,17.45,4500,0,57000
ICICIPRULI30Jan20480CE.NFO,07/01/2020,10:11:14,16,16.15,1500,17.35,1500,0,57000
ICICIPRULI30Jan20480CE.NFO,07/01/2020,10:11:30,16,16.15,1500,17.4,1500,0,57000
ICICIPRULI30Jan20480CE.NFO,07/01/2020,10:11:35,16,16.15,1500,17.5,3000,0,57000
ICICIPRULI30Jan20480CE.NFO,07/01/2020,10:11:40,16,16.25,1500,17.7,4500,0,57000
ICICIPRULI30Jan20480CE.NFO,07/01/2020,10:11:45,16,16.25,3000,17.7,1500,0,57000
ICICIPRULI30Jan20480CE.NFO,07/01/2020,10:11:56,16,16.25,3000,17.65,1500,0,57000
ICICIPRULI30Jan20480CE.NFO,07/01/2020,10:12:06,16,16.35,1500,17.7,1500,0,57000
ICICIPRULI30Jan20480CE.NFO,07/01/2020,10:12:18,16,16.35,3000,17.7,1500,0,57000
ICICIPRULI30Jan20480CE.NFO,07/01/2020,10:12:23,16,16.45,1500,17.7,1500,0,57000
ICICIPRULI30Jan20480CE.NFO,07/01/2020,10:12:56,16,16.65,1500,17.95,3000,0,57000
ICICIPRULI30Jan20480CE.NFO,07/01/2020,10:13:02,16,16.65,1500,17.9,6000,0,57000
ICICIPRULI30Jan20480CE.NFO,07/01/2020,10:13:07,16,16.65,1500,17.95,6000,0,57000
ICICIPRULI30Jan20480CE.NFO,07/01/2020,10:13:12,16,16.65,1500,17.75,3000,0,57000
ICICIPRULI30Jan20480CE.NFO,07/01/2020,10:13:45,16,16.65,1500,17.75,1500,0,57000
ICICIPRULI30Jan20480CE.NFO,07/01/2020,10:13:57,16,16.65,3000,17.95,3000,0,57000
ICICIPRULI30Jan20480CE.NFO,07/01/2020,10:14:01,16,16.65,1500,17.8,1500,0,57000
ICICIPRULI30Jan20480CE.NFO,07/01/2020,10:14:16,16,16.65,1500,17.75,3000,0,57000
ICICIPRULI30Jan20480CE.NFO,07/01/2020,10:14:22,16,16.65,1500,17.95,7500,0,57000
ICICIPRULI30Jan20480CE.NFO,07/01/2020,10:14:27,16,16.65,1500,17.75,3000,0,57000
ICICIPRULI30Jan20480CE.NFO,07/01/2020,10:14:32,16,16.65,1500,17.75,6000,0,57000
ICICIPRULI30Jan20480CE.NFO,07/01/2020,10:14:37,16,16.5,1500,17.65,4500,0,57000
ICICIPRULI30Jan20480CE.NFO,07/01/2020,10:14:42,16,16.5,1500,17.75,6000,0,57000
ICICIPRULI30Jan20480CE.NFO,07/01/2020,10:14:47,16,16.5,1500,17.75,4500,0,57000
ICICIPRULI30Jan20480CE.NFO,07/01/2020,10:14:52,16,16.5,1500,17.6,1500,0,57000
ICICIPRULI30Jan20480CE.NFO,07/01/2020,10:14:57,16,16.5,3000,17.75,7500,0,57000
ICICIPRULI30Jan20480CE.NFO,07/01/2020,10:15:07,16,16.5,3000,17.75,3000,0,57000
ICICIPRULI30Jan20480CE.NFO,07/01/2020,10:15:12,16,16.55,1500,17.95,9000,0,57000
ICICIPRULI30Jan20480CE.NFO,07/01/2020,10:15:17,16,16.55,1500,17.65,4500,0,57000
ICICIPRULI30Jan20480CE.NFO,07/01/2020,10:15:23,16,16.55,1500,17.6,1500,0,57000
ICICIPRULI30Jan20480CE.NFO,07/01/2020,10:15:27,16,16.55,1500,17.95,9000,0,57000
ICICIPRULI30Jan20480CE.NFO,07/01/2020,10:15:32,16,16.55,3000,17.95,9000,0,57000
ICICIPRULI30Jan20480CE.NFO,07/01/2020,10:15:36,16,16.55,3000,17.75,6000,0,57000
ICICIPRULI30Jan20480CE.NFO,07/01/2020,10:15:47,16,16.35,1500,17.9,15000,0,57000
ICICIPRULI30Jan20480CE.NFO,07/01/2020,10:15:53,16,16.25,1500,17.85,21000,0,57000
ICICIPRULI30Jan20480CE.NFO,07/01/2020,10:15:59,16,16.25,1500,17.25,1500,0,57000
ICICIPRULI30Jan20480CE.NFO,07/01/2020,10:16:03,16,16.25,1500,17.6,4500,0,57000
ICICIPRULI30Jan20480CE.NFO,07/01/2020,10:16:08,16,16.25,1500,17.4,4500,0,57000
ICICIPRULI30Jan20480CE.NFO,07/01/2020,10:16:13,16,16.05,1500,17.6,10500,0,57000
ICICIPRULI30Jan20480CE.NFO,07/01/2020,10:16:17,16,16.05,1500,17.4,3000,0,57000
ICICIPRULI30Jan20480CE.NFO,07/01/2020,10:16:21,16,16.05,1500,17.2,3000,0,57000
ICICIPRULI30Jan20480CE.NFO,07/01/2020,10:16:25,16,16.05,3000,17.55,9000,0,57000
ICICIPRULI30Jan20480CE.NFO,07/01/2020,10:16:30,16,16.15,1500,17.45,4500,0,57000
ICICIPRULI30Jan20480CE.NFO,07/01/2020,10:16:46,16,16.15,1500,17.4,1500,0,57000
ICICIPRULI30Jan20480CE.NFO,07/01/2020,10:16:55,16,16.25,1500,17.65,4500,0,57000
ICICIPRULI30Jan20480CE.NFO,07/01/2020,10:16:59,16,16.25,1500,17.45,1500,0,57000
ICICIPRULI30Jan20480CE.NFO,07/01/2020,10:17:07,16,16.25,1500,17.65,6000,0,57000
ICICIPRULI30Jan20480CE.NFO,07/01/2020,10:17:12,16,16.25,1500,17.35,4500,0,57000
ICICIPRULI30Jan20480CE.NFO,07/01/2020,10:17:16,16,16.25,1500,17.35,1500,0,57000
ICICIPRULI30Jan20480CE.NFO,07/01/2020,10:17:33,16,16,1500,17.2,1500,0,57000
ICICIPRULI30Jan20480CE.NFO,07/01/2020,10:17:43,16,16,1500,17.2,4500,0,57000
ICICIPRULI30Jan20480CE.NFO,07/01/2020,10:17:53,16,16,1500,17.25,4500,0,57000
ICICIPRULI30Jan20480CE.NFO,07/01/2020,10:17:58,16,16,1500,17.1,1500,0,57000
ICICIPRULI30Jan20480CE.NFO,07/01/2020,10:18:02,16,16,1500,17.25,3000,0,57000
ICICIPRULI30Jan20480CE.NFO,07/01/2020,10:18:07,16,16,1500,17.25,1500,0,57000
ICICIPRULI30Jan20480CE.NFO,07/01/2020,10:18:11,16,16,3000,17.45,1500,0,57000
ICICIPRULI30Jan20480CE.NFO,07/01/2020,10:18:23,16,16,1500,17.25,1500,0,57000
ICICIPRULI30Jan20480CE.NFO,07/01/2020,10:18:27,16,16.2,1500,17.5,1500,0,57000
ICICIPRULI30Jan20480CE.NFO,07/01/2020,10:18:36,16,16.2,1500,17.3,1500,0,57000
ICICIPRULI30Jan20480CE.NFO,07/01/2020,10:18:42,16,16.2,1500,17.45,3000,0,57000
ICICIPRULI30Jan20480CE.NFO,07/01/2020,10:19:50,16,16.3,1500,17.8,3000,0,57000
ICICIPRULI30Jan20480CE.NFO,07/01/2020,10:19:55,16,16.3,1500,17.8,1500,0,57000
ICICIPRULI30Jan20480CE.NFO,07/01/2020,10:19:59,16,16.3,4500,17.8,1500,0,57000
ICICIPRULI30Jan20480CE.NFO,07/01/2020,10:20:03,16,16.3,3000,17.8,1500,0,57000
ICICIPRULI30Jan20480CE.NFO,07/01/2020,10:20:07,16,16.3,1500,17.6,4500,0,57000
ICICIPRULI30Jan20480CE.NFO,07/01/2020,10:20:10,16,16.3,1500,17.6,1500,0,57000
ICICIPRULI30Jan20480CE.NFO,07/01/2020,10:20:15,16,16.4,1500,17.6,1500,0,57000
ICICIPRULI30Jan20480CE.NFO,07/01/2020,10:20:20,16,16.4,3000,17.9,1500,0,57000
ICICIPRULI30Jan20480CE.NFO,07/01/2020,10:20:25,16,16.5,1500,17.9,1500,0,57000
ICICIPRULI30Jan20480CE.NFO,07/01/2020,10:20:29,16,16.5,3000,17.95,1500,0,57000
ICICIPRULI30Jan20480CE.NFO,07/01/2020,10:20:33,16,16.6,3000,17.95,1500,0,57000
ICICIPRULI30Jan20480CE.NFO,07/01/2020,10:20:37,16,16.6,3000,17.9,1500,0,57000
ICICIPRULI30Jan20480CE.NFO,07/01/2020,10:20:41,16,16.7,1500,17.9,1500,0,57000
ICICIPRULI30Jan20480CE.NFO,07/01/2020,10:21:13,16,16.6,3000,17.9,1500,0,57000
ICICIPRULI30Jan20480CE.NFO,07/01/2020,10:21:17,16,16.6,1500,17.9,1500,0,57000
ICICIPRULI30Jan20480CE.NFO,07/01/2020,10:21:25,16,16.6,3000,17.9,1500,0,57000
ICICIPRULI30Jan20480CE.NFO,07/01/2020,10:21:41,16,16.6,1500,17.9,1500,0,57000
ICICIPRULI30Jan20480CE.NFO,07/01/2020,10:22:40,16,16.45,1500,17.55,1500,0,57000
ICICIPRULI30Jan20480CE.NFO,07/01/2020,10:22:46,16,16.35,1500,17.5,3000,0,57000
ICICIPRULI30Jan20480CE.NFO,07/01/2020,10:22:56,16,16.35,1500,17.55,1500,0,57000
ICICIPRULI30Jan20480CE.NFO,07/01/2020,10:23:01,16,16.45,1500,17.65,1500,0,57000
ICICIPRULI30Jan20480CE.NFO,07/01/2020,10:24:05,16,16.25,1500,17.5,4500,0,57000
ICICIPRULI30Jan20480CE.NFO,07/01/2020,10:24:05,16,16.25,1500,17.4,1500,0,57000
ICICIPRULI30Jan20480CE.NFO,07/01/2020,10:24:06,16,16.25,1500,17.35,1500,0,57000
ICICIPRULI30Jan20480CE.NFO,07/01/2020,10:24:14,16,16.15,1500,17.35,1500,0,57000
ICICIPRULI30Jan20480CE.NFO,07/01/2020,10:24:28,16,16.15,3000,17.35,1500,0,57000
ICICIPRULI30Jan20480CE.NFO,07/01/2020,10:24:31,16,16.15,1500,17.35,1500,0,57000
ICICIPRULI30Jan20480CE.NFO,07/01/2020,10:25:19,16,16.05,1500,17.05,1500,0,57000
ICICIPRULI30Jan20480CE.NFO,07/01/2020,10:25:24,16,16.05,1500,17.1,1500,0,57000
ICICIPRULI30Jan20480CE.NFO,07/01/2020,10:25:32,16,16.05,1500,17,1500,0,57000
ICICIPRULI30Jan20480CE.NFO,07/01/2020,10:25:37,16,15.95,1500,16.9,1500,0,57000
ICICIPRULI30Jan20480CE.NFO,07/01/2020,10:25:42,16,15.95,1500,17.05,1500,0,57000
ICICIPRULI30Jan20480CE.NFO,07/01/2020,10:25:47,16,15.95,3000,17,1500,0,57000
ICICIPRULI30Jan20480CE.NFO,07/01/2020,10:26:05,16,15.95,3000,17.3,4500,0,57000
ICICIPRULI30Jan20480CE.NFO,07/01/2020,10:26:10,16,15.95,1500,17.05,1500,0,57000
ICICIPRULI30Jan20480CE.NFO,07/01/2020,10:26:15,16,15.95,1500,17.1,3000,0,57000
ICICIPRULI30Jan20480CE.NFO,07/01/2020,10:26:19,16,15.95,1500,17.1,1500,0,57000
ICICIPRULI30Jan20480CE.NFO,07/01/2020,10:26:22,16,15.95,1500,17.05,3000,0,57000
ICICIPRULI30Jan20480CE.NFO,07/01/2020,10:26:29,16,15.95,1500,17.05,1500,0,57000
ICICIPRULI30Jan20480CE.NFO,07/01/2020,10:26:32,16,15.95,1500,17.1,1500,0,57000
ICICIPRULI30Jan20480CE.NFO,07/01/2020,10:26:35,16,15.95,1500,17.05,1500,0,57000
ICICIPRULI30Jan20480CE.NFO,07/01/2020,10:26:46,16,15.95,1500,17.15,1500,0,57000
ICICIPRULI30Jan20480CE.NFO,07/01/2020,10:27:10,16,15.95,3000,17.15,1500,0,57000
ICICIPRULI30Jan20480CE.NFO,07/01/2020,10:27:21,16,15.85,1500,16.9,1500,0,57000
ICICIPRULI30Jan20480CE.NFO,07/01/2020,10:27:32,16,15.85,1500,16.95,1500,0,57000
ICICIPRULI30Jan20480CE.NFO,07/01/2020,10:27:35,16,15.85,1500,16.9,1500,0,57000
ICICIPRULI30Jan20480CE.NFO,07/01/2020,10:28:05,16,15.85,1500,16.9,3000,0,57000
ICICIPRULI30Jan20480CE.NFO,07/01/2020,10:28:15,16,15.85,1500,16.85,1500,0,57000
ICICIPRULI30Jan20480CE.NFO,07/01/2020,10:28:27,16,15.85,1500,16.85,3000,0,57000
ICICIPRULI30Jan20480CE.NFO,07/01/2020,10:28:57,16,15.85,1500,16.9,1500,0,57000
ICICIPRULI30Jan20480CE.NFO,07/01/2020,10:28:58,16,15.85,1500,16.9,9000,0,57000
ICICIPRULI30Jan20480CE.NFO,07/01/2020,10:28:59,16,15.85,1500,16.85,1500,0,57000
ICICIPRULI30Jan20480CE.NFO,07/01/2020,10:29:00,16,15.85,1500,16.9,7500,0,57000
ICICIPRULI30Jan20480CE.NFO,07/01/2020,10:29:01,16,15.85,1500,16.85,1500,0,57000
ICICIPRULI30Jan20480CE.NFO,07/01/2020,10:29:02,16,15.85,1500,16.8,1500,0,57000
ICICIPRULI30Jan20480CE.NFO,07/01/2020,10:29:03,16,15.85,1500,16.9,4500,0,57000
ICICIPRULI30Jan20480CE.NFO,07/01/2020,10:29:10,16,15.85,1500,16.9,1500,0,57000
ICICIPRULI30Jan20480CE.NFO,07/01/2020,10:29:10,16,15.85,1500,16.95,1500,0,57000
ICICIPRULI30Jan20480CE.NFO,07/01/2020,10:29:16,16,15.85,1500,16.95,3000,0,57000
ICICIPRULI30Jan20480CE.NFO,07/01/2020,10:29:26,16,15.85,1500,16.95,4500,0,57000
ICICIPRULI30Jan20480CE.NFO,07/01/2020,10:29:36,16,15.85,1500,16.8,1500,0,57000
ICICIPRULI30Jan20480CE.NFO,07/01/2020,10:29:50,16,15.85,1500,17.2,16500,0,57000
ICICIPRULI30Jan20480CE.NFO,07/01/2020,10:29:53,16,15.85,1500,16.95,6000,0,57000
ICICIPRULI30Jan20480CE.NFO,07/01/2020,10:29:55,16,15.85,1500,16.95,3000,0,57000
ICICIPRULI30Jan20480CE.NFO,07/01/2020,10:30:12,16,15.85,1500,17.05,4500,0,57000
ICICIPRULI30Jan20480CE.NFO,07/01/2020,10:30:14,16,15.85,1500,16.9,1500,0,57000
ICICIPRULI30Jan20480CE.NFO,07/01/2020,10:30:17,16,15.85,1500,16.95,3000,0,57000
ICICIPRULI30Jan20480CE.NFO,07/01/2020,10:30:39,16,16,1500,16.95,3000,0,57000
ICICIPRULI30Jan20480CE.NFO,07/01/2020,10:31:07,16,15.85,1500,16.95,3000,0,57000
ICICIPRULI30Jan20480CE.NFO,07/01/2020,10:31:39,16,15.85,1500,17.15,3000,0,57000
ICICIPRULI30Jan20480CE.NFO,07/01/2020,10:31:43,16,15.85,1500,17,1500,0,57000
ICICIPRULI30Jan20480CE.NFO,07/01/2020,10:31:47,16,15.85,1500,16.85,1500,0,57000
ICICIPRULI30Jan20480CE.NFO,07/01/2020,10:31:54,16,15.85,1500,16.9,6000,0,57000
ICICIPRULI30Jan20480CE.NFO,07/01/2020,10:31:57,16,15.85,1500,16.9,7500,0,57000
ICICIPRULI30Jan20480CE.NFO,07/01/2020,10:32:05,16,15.85,1500,16.9,1500,0,57000
ICICIPRULI30Jan20480CE.NFO,07/01/2020,10:32:09,16,15.85,1500,16.75,1500,0,57000
ICICIPRULI30Jan20480CE.NFO,07/01/2020,10:32:13,16,15.85,1500,16.85,1500,0,57000
ICICIPRULI30Jan20480CE.NFO,07/01/2020,10:32:17,16,15.85,1500,16.8,1500,0,57000
ICICIPRULI30Jan20480CE.NFO,07/01/2020,10:32:35,16,15.85,1500,16.75,1500,0,57000
ICICIPRULI30Jan20480CE.NFO,07/01/2020,10:32:44,16,15.85,1500,16.8,3000,0,57000
ICICIPRULI30Jan20480CE.NFO,07/01/2020,10:32:48,16,15.85,1500,16.8,1500,0,57000
ICICIPRULI30Jan20480CE.NFO,07/01/2020,10:32:55,16,15.85,1500,16.75,1500,0,57000
ICICIPRULI30Jan20480CE.NFO,07/01/2020,10:32:58,16,15.85,1500,16.8,3000,0,57000
ICICIPRULI30Jan20480CE.NFO,07/01/2020,10:33:09,16,15.85,1500,16.75,3000,0,57000
ICICIPRULI30Jan20480CE.NFO,07/01/2020,10:33:29,16,15.85,1500,16.8,1500,0,57000
ICICIPRULI30Jan20480CE.NFO,07/01/2020,10:33:46,16,15.85,1500,16.75,1500,0,57000
ICICIPRULI30Jan20480CE.NFO,07/01/2020,10:33:47,16,15.85,1500,16.8,1500,0,57000
ICICIPRULI30Jan20480CE.NFO,07/01/2020,10:33:52,16,15.85,1500,16.85,1500,0,57000
ICICIPRULI30Jan20480CE.NFO,07/01/2020,10:34:05,16,16,1500,16.85,1500,0,57000
ICICIPRULI30Jan20480CE.NFO,07/01/2020,10:34:25,16,16.05,1500,16.95,1500,0,57000
ICICIPRULI30Jan20480CE.NFO,07/01/2020,10:34:34,16,16.05,1500,17.15,1500,0,57000
ICICIPRULI30Jan20480CE.NFO,07/01/2020,10:34:37,16,16.05,1500,17.05,1500,0,57000
ICICIPRULI30Jan20480CE.NFO,07/01/2020,10:35:12,16,16.05,1500,16.85,3000,0,57000
ICICIPRULI30Jan20480CE.NFO,07/01/2020,10:35:15,16,16.05,1500,16.95,3000,0,57000
ICICIPRULI30Jan20480CE.NFO,07/01/2020,10:35:19,16,16.05,1500,16.9,1500,0,57000
ICICIPRULI30Jan20480CE.NFO,07/01/2020,10:35:24,16,16,1500,16.9,1500,0,57000
ICICIPRULI30Jan20480CE.NFO,07/01/2020,10:35:29,16,16,1500,16.8,1500,0,57000
ICICIPRULI30Jan20480CE.NFO,07/01/2020,10:35:33,16,16,1500,16.95,1500,0,57000
ICICIPRULI30Jan20480CE.NFO,07/01/2020,10:35:37,16,16,1500,16.9,1500,0,57000
ICICIPRULI30Jan20480CE.NFO,07/01/2020,10:35:47,16,16,1500,16.95,1500,0,57000
ICICIPRULI30Jan20480CE.NFO,07/01/2020,10:36:07,16,16,1500,16.85,1500,0,57000
ICICIPRULI30Jan20480CE.NFO,07/01/2020,10:36:11,16,16,1500,16.85,9000,0,57000
ICICIPRULI30Jan20480CE.NFO,07/01/2020,10:36:15,16,16,1500,16.65,3000,0,57000
ICICIPRULI30Jan20480CE.NFO,07/01/2020,10:36:28,16,16,1500,16.65,1500,0,57000
ICICIPRULI30Jan20480CE.NFO,07/01/2020,10:37:17,16,15.85,1500,16.65,3000,1500,55500
ICICIPRULI30Jan20480CE.NFO,07/01/2020,10:37:21,16,15.85,1500,16.65,3000,0,55500
ICICIPRULI30Jan20480CE.NFO,07/01/2020,10:37:25,16,15.85,1500,16.6,1500,0,55500
ICICIPRULI30Jan20480CE.NFO,07/01/2020,10:37:40,16,15.85,1500,16.65,1500,0,55500
ICICIPRULI30Jan20480CE.NFO,07/01/2020,10:37:48,16,15.85,1500,16.65,3000,0,55500
ICICIPRULI30Jan20480CE.NFO,07/01/2020,10:37:51,16,15.85,1500,16.65,1500,0,55500
ICICIPRULI30Jan20480CE.NFO,07/01/2020,10:37:54,16,15.85,1500,16.7,1500,0,55500
ICICIPRULI30Jan20480CE.NFO,07/01/2020,10:37:59,16,15.85,1500,16.6,1500,0,55500
ICICIPRULI30Jan20480CE.NFO,07/01/2020,10:38:03,16,15.85,1500,16.7,1500,0,55500
ICICIPRULI30Jan20480CE.NFO,07/01/2020,10:38:09,16,15.85,1500,16.65,1500,0,55500
ICICIPRULI30Jan20480CE.NFO,07/01/2020,10:38:15,16,15.85,1500,16.9,9000,0,55500
ICICIPRULI30Jan20480CE.NFO,07/01/2020,10:38:17,16,15.85,1500,16.65,1500,0,55500
ICICIPRULI30Jan20480CE.NFO,07/01/2020,10:38:20,16,15.85,1500,16.6,1500,0,55500
ICICIPRULI30Jan20480CE.NFO,07/01/2020,10:38:23,16,15.85,1500,16.65,1500,0,55500
ICICIPRULI30Jan20480CE.NFO,07/01/2020,10:38:26,16,15.85,1500,16.55,1500,0,55500
ICICIPRULI30Jan20480CE.NFO,07/01/2020,10:38:30,16,15.85,1500,16.7,1500,0,55500
ICICIPRULI30Jan20480CE.NFO,07/01/2020,10:38:33,16,15.85,1500,16.65,4500,0,55500
ICICIPRULI30Jan20480CE.NFO,07/01/2020,10:38:36,16,15.85,1500,16.55,1500,0,55500
ICICIPRULI30Jan20480CE.NFO,07/01/2020,10:38:39,16,15.85,1500,16.65,4500,0,55500
ICICIPRULI30Jan20480CE.NFO,07/01/2020,10:38:40,16,15.85,1500,16.75,12000,0,55500
ICICIPRULI30Jan20480CE.NFO,07/01/2020,10:38:43,16,15.85,1500,16.7,1500,0,55500
ICICIPRULI30Jan20480CE.NFO,07/01/2020,10:38:50,16,15.85,1500,16.6,1500,0,55500
ICICIPRULI30Jan20480CE.NFO,07/01/2020,10:38:53,16,15.8,1500,16.6,1500,0,55500
ICICIPRULI30Jan20480CE.NFO,07/01/2020,10:38:56,16,15.85,1500,16.7,4500,0,55500
ICICIPRULI30Jan20480CE.NFO,07/01/2020,10:39:09,16,15.85,1500,16.75,1500,0,55500
ICICIPRULI30Jan20480CE.NFO,07/01/2020,10:39:15,16,15.85,1500,16.7,4500,0,55500
ICICIPRULI30Jan20480CE.NFO,07/01/2020,10:39:25,16,15.85,1500,16.7,6000,0,55500
ICICIPRULI30Jan20480CE.NFO,07/01/2020,10:40:11,16,15.85,1500,16.7,7500,0,55500
ICICIPRULI30Jan20480CE.NFO,07/01/2020,10:40:16,16,15.85,1500,16.7,6000,0,55500
ICICIPRULI30Jan20480CE.NFO,07/01/2020,10:40:41,16,15.85,1500,16.55,1500,0,55500
ICICIPRULI30Jan20480CE.NFO,07/01/2020,10:41:23,16,15.8,1500,16.65,1500,0,55500
ICICIPRULI30Jan20480CE.NFO,07/01/2020,10:41:28,16,15.8,1500,16.95,4500,0,55500
ICICIPRULI30Jan20480CE.NFO,07/01/2020,10:41:32,16,15.8,1500,16.65,1500,0,55500
ICICIPRULI30Jan20480CE.NFO,07/01/2020,10:42:25,16,15.85,1500,16.65,1500,0,55500
ICICIPRULI30Jan20480CE.NFO,07/01/2020,10:42:26,16,15.8,1500,16.65,1500,0,55500
ICICIPRULI30Jan20480CE.NFO,07/01/2020,10:42:26,16,15.85,1500,16.65,1500,0,55500
ICICIPRULI30Jan20480CE.NFO,07/01/2020,10:42:27,16,15.8,1500,16.65,1500,0,55500
ICICIPRULI30Jan20480CE.NFO,07/01/2020,10:42:30,16,15.85,1500,16.65,1500,0,55500
ICICIPRULI30Jan20480CE.NFO,07/01/2020,10:42:50,16,15.85,1500,16.8,1500,0,55500
ICICIPRULI30Jan20480CE.NFO,07/01/2020,10:42:50,16,15.85,1500,16.9,3000,0,55500
ICICIPRULI30Jan20480CE.NFO,07/01/2020,10:42:51,16,15.85,1500,16.7,1500,0,55500
ICICIPRULI30Jan20480CE.NFO,07/01/2020,10:42:52,16,15.85,1500,16.7,3000,0,55500
ICICIPRULI30Jan20480CE.NFO,07/01/2020,10:42:53,16,15.85,1500,16.9,1500,0,55500
ICICIPRULI30Jan20480CE.NFO,07/01/2020,10:42:54,16,15.85,1500,16.8,1500,0,55500
ICICIPRULI30Jan20480CE.NFO,07/01/2020,10:43:50,16,15.85,1500,16.75,3000,0,55500
ICICIPRULI30Jan20480CE.NFO,07/01/2020,10:43:57,16,15.85,1500,16.75,1500,0,55500
ICICIPRULI30Jan20480CE.NFO,07/01/2020,10:44:50,16,15.85,1500,16.6,1500,0,55500
ICICIPRULI30Jan20480CE.NFO,07/01/2020,10:44:51,16,15.85,1500,16.85,3000,0,55500
ICICIPRULI30Jan20480CE.NFO,07/01/2020,10:44:53,16,15.85,1500,16.75,1500,0,55500
ICICIPRULI30Jan20480CE.NFO,07/01/2020,10:47:19,16,15.85,1500,16.8,1500,0,55500
ICICIPRULI30Jan20480CE.NFO,07/01/2020,10:47:28,16,15.85,1500,16.75,4500,0,55500
ICICIPRULI30Jan20480CE.NFO,07/01/2020,10:47:31,16,15.7,4500,16,4500,0,55500
ICICIPRULI30Jan20480CE.NFO,07/01/2020,10:49:18,16,15.7,4500,16,3000,1500,57000
ICICIPRULI30Jan20480CE.NFO,07/01/2020,10:49:43,16,15.7,4500,16,3000,0,57000
ICICIPRULI30Jan20480CE.NFO,07/01/2020,10:51:32,15.7,15.45,1500,16,3000,1500,58500
ICICIPRULI30Jan20480CE.NFO,07/01/2020,10:51:34,15.7,15.45,1500,16,3000,0,58500
ICICIPRULI30Jan20480CE.NFO,07/01/2020,10:51:43,15.7,15.45,3000,16,3000,0,58500
ICICIPRULI30Jan20480CE.NFO,07/01/2020,10:51:46,15.45,15.45,1500,16,3000,1500,58500
ICICIPRULI30Jan20480CE.NFO,07/01/2020,10:51:49,15.45,15.45,1500,16,3000,0,58500
ICICIPRULI30Jan20480CE.NFO,07/01/2020,10:51:52,15.45,15.4,3000,16,3000,0,58500
ICICIPRULI30Jan20480CE.NFO,07/01/2020,10:52:01,15.45,15.35,1500,15.95,1500,0,58500
ICICIPRULI30Jan20480CE.NFO,07/01/2020,10:52:04,15.45,15.45,1500,16,3000,0,58500
ICICIPRULI30Jan20480CE.NFO,07/01/2020,10:52:45,15.45,15.45,3000,16,3000,0,58500
ICICIPRULI30Jan20480CE.NFO,07/01/2020,10:52:48,15.45,15.45,1500,15.95,1500,0,58500
ICICIPRULI30Jan20480CE.NFO,07/01/2020,10:52:56,15.45,15.45,1500,16,3000,0,58500
ICICIPRULI30Jan20480CE.NFO,07/01/2020,10:53:02,15.45,15.2,1500,15.75,1500,0,58500
ICICIPRULI30Jan20480CE.NFO,07/01/2020,10:53:13,15.3,15.05,1500,15.45,1500,1500,58500
ICICIPRULI30Jan20480CE.NFO,07/01/2020,10:53:19,15.3,15.05,1500,15.6,4500,0,58500
ICICIPRULI30Jan20480CE.NFO,07/01/2020,10:53:29,15.3,15.05,1500,15.5,1500,0,58500
ICICIPRULI30Jan20480CE.NFO,07/01/2020,10:54:25,15.05,15,3000,15.5,1500,1500,60000
ICICIPRULI30Jan20480CE.NFO,07/01/2020,10:54:29,15.05,15,3000,15.5,1500,0,60000
ICICIPRULI30Jan20480CE.NFO,07/01/2020,10:55:03,15.05,15,3000,15.6,1500,0,60000
ICICIPRULI30Jan20480CE.NFO,07/01/2020,10:56:26,15.05,15,3000,15.5,1500,0,60000
ICICIPRULI30Jan20480CE.NFO,07/01/2020,10:56:30,15.05,15,3000,15.45,1500,0,60000
ICICIPRULI30Jan20480CE.NFO,07/01/2020,10:56:35,15.05,15,3000,15.5,1500,0,60000
ICICIPRULI30Jan20480CE.NFO,07/01/2020,10:56:53,15.05,15,3000,15.45,1500,0,60000
ICICIPRULI30Jan20480CE.NFO,07/01/2020,10:59:29,15.05,15,3000,15.5,1500,0,60000
ICICIPRULI30Jan20480CE.NFO,07/01/2020,10:59:53,15.05,15,3000,15.45,1500,0,60000
ICICIPRULI30Jan20480CE.NFO,07/01/2020,11:00:12,15,15,1500,15.25,1500,1500,61500
ICICIPRULI30Jan20480CE.NFO,07/01/2020,11:00:20,15,15,1500,15.3,1500,0,61500
ICICIPRULI30Jan20480CE.NFO,07/01/2020,11:00:27,15,14.55,1500,15,3000,1500,61500
ICICIPRULI30Jan20480CE.NFO,07/01/2020,11:00:33,15,14.3,1500,14.9,1500,0,61500
ICICIPRULI30Jan20480CE.NFO,07/01/2020,11:01:08,15,14.05,1500,14.75,1500,0,61500
ICICIPRULI30Jan20480CE.NFO,07/01/2020,11:01:23,15,14,1500,14.75,1500,0,61500
ICICIPRULI30Jan20480CE.NFO,07/01/2020,11:01:30,15,14.1,1500,14.75,1500,0,61500
ICICIPRULI30Jan20480CE.NFO,07/01/2020,11:01:46,15,14.1,3000,14.75,1500,0,61500
ICICIPRULI30Jan20480CE.NFO,07/01/2020,11:02:01,15,14.1,4500,15.15,1500,0,61500
ICICIPRULI30Jan20480CE.NFO,07/01/2020,11:02:08,15,14.1,6000,15.05,1500,0,61500
ICICIPRULI30Jan20480CE.NFO,07/01/2020,11:02:27,15,14.2,3000,15.05,1500,0,61500
ICICIPRULI30Jan20480CE.NFO,07/01/2020,11:02:53,15,14.1,1500,14.7,1500,0,61500
ICICIPRULI30Jan20480CE.NFO,07/01/2020,11:02:59,15,14.15,3000,14.75,1500,0,61500
ICICIPRULI30Jan20480CE.NFO,07/01/2020,11:03:13,15,14.2,1500,14.75,1500,0,61500
ICICIPRULI30Jan20480CE.NFO,07/01/2020,11:03:39,15,14.2,1500,14.65,1500,0,61500
ICICIPRULI30Jan20480CE.NFO,07/01/2020,11:03:47,15,14.2,1500,14.55,1500,0,61500
ICICIPRULI30Jan20480CE.NFO,07/01/2020,11:04:07,15,14.2,1500,14.45,1500,0,61500
ICICIPRULI30Jan20480CE.NFO,07/01/2020,11:04:27,15,13.95,3000,14.55,1500,0,61500
ICICIPRULI30Jan20480CE.NFO,07/01/2020,11:04:41,15,13.95,1500,14.55,1500,0,61500
ICICIPRULI30Jan20480CE.NFO,07/01/2020,11:04:54,15,14.15,3000,14.7,1500,0,61500
ICICIPRULI30Jan20480CE.NFO,07/01/2020,11:05:01,15,14.15,1500,14.7,1500,0,61500
ICICIPRULI30Jan20480CE.NFO,07/01/2020,11:05:08,15,14.05,1500,14.6,1500,0,61500
ICICIPRULI30Jan20480CE.NFO,07/01/2020,11:05:15,15,13.95,1500,14.4,1500,0,61500
ICICIPRULI30Jan20480CE.NFO,07/01/2020,11:05:22,15,14,1500,14.5,1500,0,61500
ICICIPRULI30Jan20480CE.NFO,07/01/2020,11:05:29,15,14,3000,14.5,1500,0,61500
ICICIPRULI30Jan20480CE.NFO,07/01/2020,11:05:36,14,13.95,1500,14.55,1500,1500,63000
ICICIPRULI30Jan20480CE.NFO,07/01/2020,11:05:36,14,13.95,1500,14.55,1500,0,63000
ICICIPRULI30Jan20480CE.NFO,07/01/2020,11:05:43,14,13.95,3000,14.65,1500,0,63000
ICICIPRULI30Jan20480CE.NFO,07/01/2020,11:05:49,14,14.1,1500,14.75,1500,0,63000
ICICIPRULI30Jan20480CE.NFO,07/01/2020,11:05:57,14,14.1,1500,15.2,3000,0,63000
ICICIPRULI30Jan20480CE.NFO,07/01/2020,11:06:10,14,14.2,1500,15.2,3000,0,63000
ICICIPRULI30Jan20480CE.NFO,07/01/2020,11:06:50,14,14.15,1500,15.2,3000,0,63000
ICICIPRULI30Jan20480CE.NFO,07/01/2020,11:07:31,14,14.15,1500,15.2,1500,0,63000
ICICIPRULI30Jan20480CE.NFO,07/01/2020,11:07:36,14,14.15,3000,15.2,1500,0,63000
ICICIPRULI30Jan20480CE.NFO,07/01/2020,11:07:42,14,14.3,3000,15.2,1500,0,63000
ICICIPRULI30Jan20480CE.NFO,07/01/2020,11:07:53,14,14.55,1500,15.35,1500,0,63000
ICICIPRULI30Jan20480CE.NFO,07/01/2020,11:08:03,14,14.25,1500,15.15,1500,0,63000
ICICIPRULI30Jan20480CE.NFO,07/01/2020,11:08:23,14,14.3,1500,15.15,1500,0,63000
ICICIPRULI30Jan20480CE.NFO,07/01/2020,11:08:34,14,14.4,1500,15.35,1500,0,63000
ICICIPRULI30Jan20480CE.NFO,07/01/2020,11:08:39,14,14.3,1500,15.35,1500,0,63000
ICICIPRULI30Jan20480CE.NFO,07/01/2020,11:08:44,14,14.25,1500,15.25,3000,0,63000
ICICIPRULI30Jan20480CE.NFO,07/01/2020,11:08:48,14,14.1,1500,15,1500,0,63000
ICICIPRULI30Jan20480CE.NFO,07/01/2020,11:09:12,14,14.2,1500,15,1500,0,63000
ICICIPRULI30Jan20480CE.NFO,07/01/2020,11:09:17,14,14.25,1500,15.2,1500,0,63000
ICICIPRULI30Jan20480CE.NFO,07/01/2020,11:10:02,14,14.35,1500,15.2,1500,0,63000
ICICIPRULI30Jan20480CE.NFO,07/01/2020,11:10:38,14,14.25,1500,15.2,1500,0,63000
ICICIPRULI30Jan20480CE.NFO,07/01/2020,11:10:50,14,14.35,1500,15.2,1500,0,63000
ICICIPRULI30Jan20480CE.NFO,07/01/2020,11:11:06,14,14.3,1500,15.1,1500,0,63000
ICICIPRULI30Jan20480CE.NFO,07/01/2020,11:11:12,14,14.25,1500,15.1,1500,0,63000
ICICIPRULI30Jan20480CE.NFO,07/01/2020,11:11:18,14,14.15,1500,15.1,1500,0,63000
ICICIPRULI30Jan20480CE.NFO,07/01/2020,11:11:32,14,14.05,1500,14.85,1500,0,63000
ICICIPRULI30Jan20480CE.NFO,07/01/2020,11:11:39,14,14.15,1500,14.85,1500,0,63000
ICICIPRULI30Jan20480CE.NFO,07/01/2020,11:11:58,14,14.1,1500,14.85,1500,0,63000
ICICIPRULI30Jan20480CE.NFO,07/01/2020,11:12:07,14,14,3000,14.75,1500,0,63000
ICICIPRULI30Jan20480CE.NFO,07/01/2020,11:12:14,14,14,3000,14.45,1500,0,63000
ICICIPRULI30Jan20480CE.NFO,07/01/2020,11:12:22,14,14,1500,14.4,1500,0,63000
ICICIPRULI30Jan20480CE.NFO,07/01/2020,11:12:28,14,14,3000,14.6,1500,0,63000
ICICIPRULI30Jan20480CE.NFO,07/01/2020,11:13:24,14,14,3000,14.65,1500,0,63000
ICICIPRULI30Jan20480CE.NFO,07/01/2020,11:13:35,14,14,1500,14.6,3000,0,63000
ICICIPRULI30Jan20480CE.NFO,07/01/2020,11:13:42,14,14,3000,14.65,1500,0,63000
ICICIPRULI30Jan20480CE.NFO,07/01/2020,11:13:48,14,14,3000,14.6,3000,0,63000
ICICIPRULI30Jan20480CE.NFO,07/01/2020,11:14:10,14,14,3000,14.65,1500,0,63000
ICICIPRULI30Jan20480CE.NFO,07/01/2020,11:14:16,14,14,4500,14.7,1500,0,63000
ICICIPRULI30Jan20480CE.NFO,07/01/2020,11:14:27,14,14.1,1500,14.85,1500,0,63000
ICICIPRULI30Jan20480CE.NFO,07/01/2020,11:14:32,14,14.2,1500,14.85,1500,0,63000
ICICIPRULI30Jan20480CE.NFO,07/01/2020,11:14:41,14,14.2,1500,14.9,1500,0,63000
ICICIPRULI30Jan20480CE.NFO,07/01/2020,11:15:05,14,14.1,1500,14.75,1500,0,63000
ICICIPRULI30Jan20480CE.NFO,07/01/2020,11:15:16,14,14.1,1500,14.8,1500,0,63000
ICICIPRULI30Jan20480CE.NFO,07/01/2020,11:15:26,14,14.1,1500,14.75,1500,0,63000
ICICIPRULI30Jan20480CE.NFO,07/01/2020,11:15:32,14,14.1,1500,14.7,3000,0,63000
ICICIPRULI30Jan20480CE.NFO,07/01/2020,11:15:38,14,14.1,1500,14.7,1500,0,63000
ICICIPRULI30Jan20480CE.NFO,07/01/2020,11:15:43,14,14.1,3000,14.9,1500,0,63000
ICICIPRULI30Jan20480CE.NFO,07/01/2020,11:15:53,14,14.1,1500,14.9,1500,0,63000
ICICIPRULI30Jan20480CE.NFO,07/01/2020,11:15:59,14,14.05,1500,14.7,1500,0,63000
ICICIPRULI30Jan20480CE.NFO,07/01/2020,11:16:05,14,14,3000,14.55,4500,0,63000
ICICIPRULI30Jan20480CE.NFO,07/01/2020,11:16:12,14,14,1500,14.55,4500,0,63000
ICICIPRULI30Jan20480CE.NFO,07/01/2020,11:16:18,14,14,3000,14.55,1500,0,63000
ICICIPRULI30Jan20480CE.NFO,07/01/2020,11:16:25,14,14,3000,14.6,3000,0,63000
ICICIPRULI30Jan20480CE.NFO,07/01/2020,11:16:47,14,14,1500,14.5,1500,0,63000
ICICIPRULI30Jan20480CE.NFO,07/01/2020,11:16:54,14,14,1500,14.4,1500,0,63000
ICICIPRULI30Jan20480CE.NFO,07/01/2020,11:17:00,14,14,1500,14.5,3000,0,63000
ICICIPRULI30Jan20480CE.NFO,07/01/2020,11:17:19,14,14,1500,14.25,1500,0,63000
ICICIPRULI30Jan20480CE.NFO,07/01/2020,11:17:28,14,14,1500,14.3,1500,0,63000
ICICIPRULI30Jan20480CE.NFO,07/01/2020,11:18:43,14,14,1500,14.4,1500,0,63000
ICICIPRULI30Jan20480CE.NFO,07/01/2020,11:18:49,14,14,1500,14.35,1500,0,63000
ICICIPRULI30Jan20480CE.NFO,07/01/2020,11:19:12,14,14,1500,14.45,3000,0,63000
ICICIPRULI30Jan20480CE.NFO,07/01/2020,11:19:34,14,14,1500,14.35,3000,0,63000
ICICIPRULI30Jan20480CE.NFO,07/01/2020,11:19:47,14,14,1500,14.4,1500,0,63000
ICICIPRULI30Jan20480CE.NFO,07/01/2020,11:20:02,14,14,1500,14.4,3000,0,63000
ICICIPRULI30Jan20480CE.NFO,07/01/2020,11:20:20,14,14,1500,14.5,1500,0,63000
ICICIPRULI30Jan20480CE.NFO,07/01/2020,11:20:30,14,14,3000,14.55,1500,0,63000
ICICIPRULI30Jan20480CE.NFO,07/01/2020,11:20:36,14,14.05,1500,14.5,1500,0,63000
ICICIPRULI30Jan20480CE.NFO,07/01/2020,11:20:51,14,14,3000,14.55,1500,0,63000
ICICIPRULI30Jan20480CE.NFO,07/01/2020,11:20:57,14,14,3000,14.45,1500,0,63000
ICICIPRULI30Jan20480CE.NFO,07/01/2020,11:21:26,14,14,3000,14.55,1500,0,63000
ICICIPRULI30Jan20480CE.NFO,07/01/2020,11:21:33,14,14,1500,14.45,3000,0,63000
ICICIPRULI30Jan20480CE.NFO,07/01/2020,11:21:39,14,14,1500,14.4,1500,0,63000
ICICIPRULI30Jan20480CE.NFO,07/01/2020,11:21:44,14,14,3000,14.5,1500,0,63000
ICICIPRULI30Jan20480CE.NFO,07/01/2020,11:21:50,14,14,3000,14.65,1500,0,63000
ICICIPRULI30Jan20480CE.NFO,07/01/2020,11:21:53,14,14,4500,14.7,3000,0,63000
ICICIPRULI30Jan20480CE.NFO,07/01/2020,11:22:05,14,14,3000,14.7,3000,0,63000
ICICIPRULI30Jan20480CE.NFO,07/01/2020,11:22:55,14,14.1,1500,14.7,3000,0,63000
ICICIPRULI30Jan20480CE.NFO,07/01/2020,11:23:43,14,14.1,1500,14.7,1500,0,63000
ICICIPRULI30Jan20480CE.NFO,07/01/2020,11:24:03,14,14.1,3000,14.9,1500,0,63000
ICICIPRULI30Jan20480CE.NFO,07/01/2020,11:24:34,14,14.25,1500,14.9,1500,0,63000
ICICIPRULI30Jan20480CE.NFO,07/01/2020,11:25:24,14,14.2,1500,14.9,1500,0,63000
ICICIPRULI30Jan20480CE.NFO,07/01/2020,11:29:04,14,14.2,1500,14.8,6000,0,63000
ICICIPRULI30Jan20480CE.NFO,07/01/2020,11:29:07,14.65,14.05,3000,14.65,1500,1500,63000
ICICIPRULI30Jan20480CE.NFO,07/01/2020,11:29:26,14.65,14.05,3000,14.75,1500,0,63000
ICICIPRULI30Jan20480CE.NFO,07/01/2020,11:29:34,14.65,14.05,3000,14.8,1500,0,63000
ICICIPRULI30Jan20480CE.NFO,07/01/2020,11:29:59,14.65,14.05,3000,14.7,1500,0,63000
ICICIPRULI30Jan20480CE.NFO,07/01/2020,11:30:02,14.65,14.05,3000,14.75,1500,0,63000
ICICIPRULI30Jan20480CE.NFO,07/01/2020,11:30:49,14.65,14.15,1500,14.7,1500,0,63000
ICICIPRULI30Jan20480CE.NFO,07/01/2020,11:31:01,14.65,14.25,1500,14.75,1500,0,63000
ICICIPRULI30Jan20480CE.NFO,07/01/2020,11:31:08,14.65,14.2,1500,14.75,3000,0,63000
ICICIPRULI30Jan20480CE.NFO,07/01/2020,11:31:23,14.65,14.15,1500,14.75,3000,0,63000
ICICIPRULI30Jan20480CE.NFO,07/01/2020,11:31:40,14.65,14.15,1500,14.65,1500,0,63000
ICICIPRULI30Jan20480CE.NFO,07/01/2020,11:31:49,14.65,14.15,3000,14.7,3000,0,63000
ICICIPRULI30Jan20480CE.NFO,07/01/2020,11:31:56,14.65,14.15,3000,14.8,1500,0,63000
ICICIPRULI30Jan20480CE.NFO,07/01/2020,11:32:08,14.65,14.15,3000,14.95,3000,0,63000
ICICIPRULI30Jan20480CE.NFO,07/01/2020,11:32:13,14.65,14.15,3000,14.85,4500,0,63000
ICICIPRULI30Jan20480CE.NFO,07/01/2020,11:32:23,14.65,14.15,3000,14.85,1500,0,63000
ICICIPRULI30Jan20480CE.NFO,07/01/2020,11:32:27,14.65,14.15,3000,14.95,1500,0,63000
ICICIPRULI30Jan20480CE.NFO,07/01/2020,11:33:05,14.65,14.15,3000,14.95,3000,0,63000
ICICIPRULI30Jan20480CE.NFO,07/01/2020,11:33:25,14.65,14.5,1500,15,1500,0,63000
ICICIPRULI30Jan20480CE.NFO,07/01/2020,11:33:46,14.65,14.6,1500,15,1500,0,63000
ICICIPRULI30Jan20480CE.NFO,07/01/2020,11:33:56,14.65,14.55,1500,15,1500,0,63000
ICICIPRULI30Jan20480CE.NFO,07/01/2020,11:34:33,14.65,14.5,1500,15,1500,0,63000
ICICIPRULI30Jan20480CE.NFO,07/01/2020,11:34:45,14.65,14.5,3000,15,1500,0,63000
ICICIPRULI30Jan20480CE.NFO,07/01/2020,11:34:50,14.65,14.5,1500,15,1500,0,63000
ICICIPRULI30Jan20480CE.NFO,07/01/2020,11:34:56,14.65,14.5,3000,15,1500,0,63000
ICICIPRULI30Jan20480CE.NFO,07/01/2020,11:35:08,14.65,14.6,1500,15,1500,0,63000
ICICIPRULI30Jan20480CE.NFO,07/01/2020,11:35:25,15,14.6,3000,15.4,7500,1500,61500
ICICIPRULI30Jan20480CE.NFO,07/01/2020,11:35:31,15,14.6,3000,15.4,7500,0,61500
ICICIPRULI30Jan20480CE.NFO,07/01/2020,11:35:43,15,14.7,1500,15.4,7500,0,61500
ICICIPRULI30Jan20480CE.NFO,07/01/2020,11:35:49,15,14.6,1500,15.4,7500,0,61500
ICICIPRULI30Jan20480CE.NFO,07/01/2020,11:38:48,15,14.3,1500,15.4,7500,0,61500
ICICIPRULI30Jan20480CE.NFO,07/01/2020,11:38:53,15,14.4,1500,15.4,7500,0,61500
ICICIPRULI30Jan20480CE.NFO,07/01/2020,11:38:56,15,14.5,1500,15.4,7500,0,61500
ICICIPRULI30Jan20480CE.NFO,07/01/2020,11:39:45,15,14.2,1500,15.4,7500,0,61500
ICICIPRULI30Jan20480CE.NFO,07/01/2020,11:39:58,15,14.2,1500,14.7,6000,0,61500
ICICIPRULI30Jan20480CE.NFO,07/01/2020,11:40:27,15,14.05,3000,14.7,3000,0,61500
ICICIPRULI30Jan20480CE.NFO,07/01/2020,11:41:55,15,14.05,1500,14.55,1500,0,61500
ICICIPRULI30Jan20480CE.NFO,07/01/2020,11:42:19,15,14.05,1500,14.5,1500,0,61500
ICICIPRULI30Jan20480CE.NFO,07/01/2020,11:42:25,15,14.05,1500,14.55,1500,0,61500
ICICIPRULI30Jan20480CE.NFO,07/01/2020,11:42:37,15,14.05,4500,14.9,1500,0,61500
ICICIPRULI30Jan20480CE.NFO,07/01/2020,11:42:42,15,14.05,4500,14.8,1500,0,61500
ICICIPRULI30Jan20480CE.NFO,07/01/2020,11:42:55,15,14.05,4500,14.7,1500,0,61500
ICICIPRULI30Jan20480CE.NFO,07/01/2020,11:43:53,15,14.15,3000,14.8,1500,0,61500
ICICIPRULI30Jan20480CE.NFO,07/01/2020,11:43:57,15,14.15,1500,14.7,1500,0,61500
ICICIPRULI30Jan20480CE.NFO,07/01/2020,11:44:06,15,14.05,1500,14.6,1500,0,61500
ICICIPRULI30Jan20480CE.NFO,07/01/2020,11:44:09,15,14.05,1500,14.55,3000,0,61500
ICICIPRULI30Jan20480CE.NFO,07/01/2020,11:44:17,15,14.05,3000,14.6,1500,0,61500
ICICIPRULI30Jan20480CE.NFO,07/01/2020,11:44:53,15,14.05,3000,14.65,1500,0,61500
ICICIPRULI30Jan20480CE.NFO,07/01/2020,11:45:39,15,14.05,1500,14.55,1500,0,61500
ICICIPRULI30Jan20480CE.NFO,07/01/2020,11:46:31,15,14.1,1500,14.55,1500,0,61500
ICICIPRULI30Jan20480CE.NFO,07/01/2020,11:48:44,15,14.1,1500,14.5,3000,0,61500
ICICIPRULI30Jan20480CE.NFO,07/01/2020,11:49:54,14.5,14.1,1500,14.5,1500,1500,60000
ICICIPRULI30Jan20480CE.NFO,07/01/2020,11:49:58,14.5,14.1,1500,14.5,1500,0,60000
ICICIPRULI30Jan20480CE.NFO,07/01/2020,11:50:05,14.5,14.05,1500,14.5,1500,0,60000
ICICIPRULI30Jan20480CE.NFO,07/01/2020,11:50:15,14.5,14.05,1500,14.4,1500,0,60000
ICICIPRULI30Jan20480CE.NFO,07/01/2020,11:51:28,14.5,14.05,3000,14.5,1500,0,60000
ICICIPRULI30Jan20480CE.NFO,07/01/2020,11:51:38,14.5,14.05,4500,14.6,1500,0,60000
ICICIPRULI30Jan20480CE.NFO,07/01/2020,11:51:53,14.5,14.05,4500,14.55,1500,0,60000
ICICIPRULI30Jan20480CE.NFO,07/01/2020,11:52:26,14.5,14.15,3000,14.55,1500,0,60000
ICICIPRULI30Jan20480CE.NFO,07/01/2020,11:52:45,14.5,14.1,1500,14.45,1500,0,60000
ICICIPRULI30Jan20480CE.NFO,07/01/2020,11:52:50,14.5,14.1,1500,14.5,1500,0,60000
ICICIPRULI30Jan20480CE.NFO,07/01/2020,11:52:53,14.5,14.1,1500,14.5,3000,0,60000
ICICIPRULI30Jan20480CE.NFO,07/01/2020,11:54:13,14.5,14.1,1500,14.4,1500,0,60000
ICICIPRULI30Jan20480CE.NFO,07/01/2020,11:57:32,14.5,14.1,1500,14.35,3000,0,60000
ICICIPRULI30Jan20480CE.NFO,07/01/2020,11:57:51,14,13.65,3000,14.15,3000,3000,60000
ICICIPRULI30Jan20480CE.NFO,07/01/2020,11:57:55,14,13.65,3000,14.15,3000,0,60000
ICICIPRULI30Jan20480CE.NFO,07/01/2020,11:58:06,14,13.85,1500,14.2,1500,0,60000
ICICIPRULI30Jan20480CE.NFO,07/01/2020,11:58:31,14,13.9,1500,14.25,1500,0,60000
ICICIPRULI30Jan20480CE.NFO,07/01/2020,11:58:44,14,13.8,1500,14.25,1500,0,60000
ICICIPRULI30Jan20480CE.NFO,07/01/2020,11:58:47,14,13.85,1500,14.25,1500,0,60000
ICICIPRULI30Jan20480CE.NFO,07/01/2020,11:58:54,14,13.85,1500,14.15,1500,0,60000
ICICIPRULI30Jan20480CE.NFO,07/01/2020,11:58:58,14,13.75,1500,14.15,1500,0,60000
ICICIPRULI30Jan20480CE.NFO,07/01/2020,11:59:01,14,13.75,3000,14.15,1500,0,60000
ICICIPRULI30Jan20480CE.NFO,07/01/2020,11:59:29,14,13.75,3000,14.2,1500,0,60000
ICICIPRULI30Jan20480CE.NFO,07/01/2020,11:59:32,14,13.4,3000,13.9,3000,0,60000
ICICIPRULI30Jan20480CE.NFO,07/01/2020,11:59:34,14,13.5,1500,13.9,3000,0,60000
ICICIPRULI30Jan20480CE.NFO,07/01/2020,11:59:38,14,13.5,1500,13.8,1500,0,60000
ICICIPRULI30Jan20480CE.NFO,07/01/2020,11:59:46,13.8,13.4,7500,14,3000,1500,61500
ICICIPRULI30Jan20480CE.NFO,07/01/2020,11:59:46,13.8,13.4,7500,14,3000,0,61500
ICICIPRULI30Jan20480CE.NFO,07/01/2020,11:59:50,13.8,13.4,7500,14,3000,0,61500
ICICIPRULI30Jan20480CE.NFO,07/01/2020,12:00:21,13.8,13.4,7500,14,1500,0,61500
ICICIPRULI30Jan20480CE.NFO,07/01/2020,12:00:25,13.8,13.4,7500,14,3000,0,61500
ICICIPRULI30Jan20480CE.NFO,07/01/2020,12:00:27,13.8,13.4,7500,14,1500,0,61500
ICICIPRULI30Jan20480CE.NFO,07/01/2020,12:00:31,13.8,13.4,9000,14,1500,0,61500
ICICIPRULI30Jan20480CE.NFO,07/01/2020,12:00:34,13.8,13.65,3000,14.1,1500,0,61500
ICICIPRULI30Jan20480CE.NFO,07/01/2020,12:01:03,13.8,13.7,1500,14.15,1500,0,61500
ICICIPRULI30Jan20480CE.NFO,07/01/2020,12:01:13,13.8,13.85,1500,14.15,1500,0,61500
ICICIPRULI30Jan20480CE.NFO,07/01/2020,12:01:21,13.8,13.85,1500,14.2,1500,0,61500
ICICIPRULI30Jan20480CE.NFO,07/01/2020,12:01:47,13.8,13.8,1500,14.2,1500,0,61500
ICICIPRULI30Jan20480CE.NFO,07/01/2020,12:01:55,13.8,13.6,3000,14.1,1500,0,61500
ICICIPRULI30Jan20480CE.NFO,07/01/2020,12:01:58,13.8,13.6,4500,14.15,3000,0,61500
ICICIPRULI30Jan20480CE.NFO,07/01/2020,12:02:05,13.8,13.6,4500,14.15,1500,0,61500
ICICIPRULI30Jan20480CE.NFO,07/01/2020,12:02:18,13.8,13.6,4500,14.15,3000,0,61500
ICICIPRULI30Jan20480CE.NFO,07/01/2020,12:02:21,13.8,13.7,1500,14.15,3000,0,61500
ICICIPRULI30Jan20480CE.NFO,07/01/2020,12:02:23,13.8,13.65,1500,14.15,3000,0,61500
ICICIPRULI30Jan20480CE.NFO,07/01/2020,12:02:31,13.8,13.8,3000,14.3,1500,0,61500
ICICIPRULI30Jan20480CE.NFO,07/01/2020,12:02:36,13.8,13.8,4500,14.4,1500,0,61500
ICICIPRULI30Jan20480CE.NFO,07/01/2020,12:02:43,13.8,14,1500,14.45,1500,0,61500
ICICIPRULI30Jan20480CE.NFO,07/01/2020,12:02:54,13.8,14,3000,14.5,1500,0,61500
ICICIPRULI30Jan20480CE.NFO,07/01/2020,12:02:58,13.8,14.05,1500,14.5,1500,0,61500
ICICIPRULI30Jan20480CE.NFO,07/01/2020,12:03:21,13.8,14.05,3000,14.5,1500,0,61500
ICICIPRULI30Jan20480CE.NFO,07/01/2020,12:03:24,13.8,13.95,1500,14.5,3000,0,61500
ICICIPRULI30Jan20480CE.NFO,07/01/2020,12:03:29,13.8,13.85,3000,14.4,1500,0,61500
ICICIPRULI30Jan20480CE.NFO,07/01/2020,12:03:36,13.8,13.9,1500,14.35,1500,0,61500
ICICIPRULI30Jan20480CE.NFO,07/01/2020,12:04:20,13.8,13.9,1500,14.4,1500,0,61500
ICICIPRULI30Jan20480CE.NFO,07/01/2020,12:04:25,13.8,13.9,3000,14.4,1500,0,61500
ICICIPRULI30Jan20480CE.NFO,07/01/2020,12:04:30,13.8,13.85,3000,14.35,1500,0,61500
ICICIPRULI30Jan20480CE.NFO,07/01/2020,12:04:32,13.8,13.9,1500,14.35,1500,0,61500
ICICIPRULI30Jan20480CE.NFO,07/01/2020,12:04:34,13.8,13.95,1500,14.4,3000,0,61500
ICICIPRULI30Jan20480CE.NFO,07/01/2020,12:04:36,13.8,13.95,1500,14.45,1500,0,61500
ICICIPRULI30Jan20480CE.NFO,07/01/2020,12:04:40,13.8,13.95,1500,14.4,1500,0,61500
ICICIPRULI30Jan20480CE.NFO,07/01/2020,12:04:43,13.8,13.95,1500,14.45,3000,0,61500
ICICIPRULI30Jan20480CE.NFO,07/01/2020,12:05:22,13.8,13.85,4500,14.4,3000,0,61500
ICICIPRULI30Jan20480CE.NFO,07/01/2020,12:05:33,13.8,13.85,3000,14.4,3000,0,61500
ICICIPRULI30Jan20480CE.NFO,07/01/2020,12:05:38,13.8,13.85,3000,14.4,1500,0,61500
ICICIPRULI30Jan20480CE.NFO,07/01/2020,12:05:48,13.8,13.85,1500,14.35,3000,0,61500
ICICIPRULI30Jan20480CE.NFO,07/01/2020,12:05:55,13.8,13.85,3000,14.35,3000,0,61500
ICICIPRULI30Jan20480CE.NFO,07/01/2020,12:06:06,13.8,13.85,1500,14.35,3000,0,61500
ICICIPRULI30Jan20480CE.NFO,07/01/2020,12:06:10,13.8,13.9,3000,14.35,1500,0,61500
ICICIPRULI30Jan20480CE.NFO,07/01/2020,12:06:16,13.8,13.9,1500,14.4,1500,0,61500
ICICIPRULI30Jan20480CE.NFO,07/01/2020,12:06:23,13.8,13.95,1500,14.45,1500,0,61500
ICICIPRULI30Jan20480CE.NFO,07/01/2020,12:06:25,13.8,13.9,1500,14.4,3000,0,61500
ICICIPRULI30Jan20480CE.NFO,07/01/2020,12:07:09,13.8,13.95,1500,14.4,1500,0,61500
ICICIPRULI30Jan20480CE.NFO,07/01/2020,12:07:35,13.8,13.9,1500,14.35,1500,0,61500
ICICIPRULI30Jan20480CE.NFO,07/01/2020,12:07:45,13.8,13.9,1500,14.35,3000,0,61500
ICICIPRULI30Jan20480CE.NFO,07/01/2020,12:07:55,13.8,13.95,1500,14.35,3000,0,61500
ICICIPRULI30Jan20480CE.NFO,07/01/2020,12:08:00,13.8,13.95,1500,14.4,1500,0,61500
ICICIPRULI30Jan20480CE.NFO,07/01/2020,12:08:04,13.8,14,1500,14.45,1500,0,61500
ICICIPRULI30Jan20480CE.NFO,07/01/2020,12:08:07,13.8,14,3000,14.45,1500,0,61500
ICICIPRULI30Jan20480CE.NFO,07/01/2020,12:08:21,13.8,14.1,1500,14.55,3000,0,61500
ICICIPRULI30Jan20480CE.NFO,07/01/2020,12:08:32,13.8,14.05,1500,14.5,1500,0,61500
ICICIPRULI30Jan20480CE.NFO,07/01/2020,12:08:50,13.8,14.05,1500,14.5,3000,0,61500
ICICIPRULI30Jan20480CE.NFO,07/01/2020,12:09:01,13.8,14.05,3000,14.5,3000,0,61500
ICICIPRULI30Jan20480CE.NFO,07/01/2020,12:09:07,13.8,14.05,1500,14.5,3000,0,61500
ICICIPRULI30Jan20480CE.NFO,07/01/2020,12:09:10,13.8,14.05,1500,14.5,1500,0,61500
ICICIPRULI30Jan20480CE.NFO,07/01/2020,12:09:17,13.8,14.05,1500,14.55,1500,0,61500
ICICIPRULI30Jan20480CE.NFO,07/01/2020,12:09:54,13.8,14.05,1500,14.5,3000,0,61500
ICICIPRULI30Jan20480CE.NFO,07/01/2020,12:09:56,13.8,14,1500,14.5,3000,0,61500
ICICIPRULI30Jan20480CE.NFO,07/01/2020,12:10:15,13.8,14,3000,14.45,1500,0,61500
ICICIPRULI30Jan20480CE.NFO,07/01/2020,12:10:19,13.8,14,3000,14.45,3000,0,61500
ICICIPRULI30Jan20480CE.NFO,07/01/2020,12:10:32,13.8,14,3000,14.4,1500,0,61500
ICICIPRULI30Jan20480CE.NFO,07/01/2020,12:10:35,13.8,14,3000,14.45,1500,0,61500
ICICIPRULI30Jan20480CE.NFO,07/01/2020,12:10:37,13.8,14.05,3000,14.5,1500,0,61500
ICICIPRULI30Jan20480CE.NFO,07/01/2020,12:10:54,13.8,14.15,3000,14.6,1500,0,61500
ICICIPRULI30Jan20480CE.NFO,07/01/2020,12:11:09,13.8,14.2,3000,14.65,1500,0,61500
ICICIPRULI30Jan20480CE.NFO,07/01/2020,12:11:18,13.8,14.15,3000,14.6,3000,0,61500
ICICIPRULI30Jan20480CE.NFO,07/01/2020,12:11:22,13.8,14.1,3000,14.6,3000,0,61500
ICICIPRULI30Jan20480CE.NFO,07/01/2020,12:11:26,13.8,14.2,1500,14.6,3000,0,61500
ICICIPRULI30Jan20480CE.NFO,07/01/2020,12:11:37,13.8,14.15,1500,14.6,3000,0,61500
ICICIPRULI30Jan20480CE.NFO,07/01/2020,12:11:39,13.8,14.1,1500,14.6,3000,0,61500
ICICIPRULI30Jan20480CE.NFO,07/01/2020,12:11:41,13.8,14.15,1500,14.55,1500,0,61500
ICICIPRULI30Jan20480CE.NFO,07/01/2020,12:11:53,13.8,14.1,1500,14.55,1500,0,61500
ICICIPRULI30Jan20480CE.NFO,07/01/2020,12:11:56,13.8,14.15,1500,14.55,3000,0,61500
ICICIPRULI30Jan20480CE.NFO,07/01/2020,12:11:59,13.8,14.1,1500,14.55,3000,0,61500
ICICIPRULI30Jan20480CE.NFO,07/01/2020,12:12:02,13.8,14.1,1500,14.55,1500,0,61500
ICICIPRULI30Jan20480CE.NFO,07/01/2020,12:12:04,13.8,14.2,1500,14.55,1500,0,61500
ICICIPRULI30Jan20480CE.NFO,07/01/2020,12:12:08,13.8,14.15,3000,14.5,1500,0,61500
ICICIPRULI30Jan20480CE.NFO,07/01/2020,12:12:11,13.8,14.1,1500,14.55,1500,0,61500
ICICIPRULI30Jan20480CE.NFO,07/01/2020,12:12:19,13.8,14.1,3000,14.55,1500,0,61500
ICICIPRULI30Jan20480CE.NFO,07/01/2020,12:12:27,13.8,14.1,1500,14.5,1500,0,61500
ICICIPRULI30Jan20480CE.NFO,07/01/2020,12:12:29,13.8,14.15,1500,14.55,1500,0,61500
ICICIPRULI30Jan20480CE.NFO,07/01/2020,12:12:40,13.8,14.1,3000,14.55,1500,0,61500
ICICIPRULI30Jan20480CE.NFO,07/01/2020,12:12:43,13.8,14.2,3000,14.55,1500,0,61500
ICICIPRULI30Jan20480CE.NFO,07/01/2020,12:12:47,13.8,14.15,1500,14.55,4500,0,61500
ICICIPRULI30Jan20480CE.NFO,07/01/2020,12:13:08,13.8,14.15,3000,14.55,1500,0,61500
ICICIPRULI30Jan20480CE.NFO,07/01/2020,12:13:16,13.8,14.25,3000,14.7,3000,0,61500
ICICIPRULI30Jan20480CE.NFO,07/01/2020,12:13:23,13.8,14.4,1500,14.85,1500,0,61500
ICICIPRULI30Jan20480CE.NFO,07/01/2020,12:13:29,13.8,14.3,1500,14.85,1500,0,61500
ICICIPRULI30Jan20480CE.NFO,07/01/2020,12:13:39,13.8,14.25,3000,14.9,1500,0,61500
ICICIPRULI30Jan20480CE.NFO,07/01/2020,12:13:43,13.8,14.25,1500,14.8,1500,0,61500
ICICIPRULI30Jan20480CE.NFO,07/01/2020,12:13:46,13.8,14.25,1500,14.8,3000,0,61500
ICICIPRULI30Jan20480CE.NFO,07/01/2020,12:13:52,13.8,14.25,3000,14.9,1500,0,61500
ICICIPRULI30Jan20480CE.NFO,07/01/2020,12:13:55,13.8,14.35,1500,14.9,1500,0,61500
ICICIPRULI30Jan20480CE.NFO,07/01/2020,12:14:05,13.8,14.2,3000,14.8,1500,0,61500
ICICIPRULI30Jan20480CE.NFO,07/01/2020,12:14:11,13.8,14.2,1500,14.7,1500,0,61500
ICICIPRULI30Jan20480CE.NFO,07/01/2020,12:14:27,13.8,14.25,3000,14.7,1500,0,61500
ICICIPRULI30Jan20480CE.NFO,07/01/2020,12:14:33,13.8,14.25,1500,14.75,1500,0,61500
ICICIPRULI30Jan20480CE.NFO,07/01/2020,12:14:36,13.8,14.25,3000,14.75,1500,0,61500
ICICIPRULI30Jan20480CE.NFO,07/01/2020,12:15:04,13.8,14.15,1500,14.75,1500,0,61500
ICICIPRULI30Jan20480CE.NFO,07/01/2020,12:15:07,13.8,14.2,3000,14.75,1500,0,61500
ICICIPRULI30Jan20480CE.NFO,07/01/2020,12:15:14,13.8,14.2,1500,14.75,1500,0,61500
ICICIPRULI30Jan20480CE.NFO,07/01/2020,12:15:22,13.8,14.2,3000,14.75,1500,0,61500
ICICIPRULI30Jan20480CE.NFO,07/01/2020,12:15:46,13.8,14.2,1500,14.65,1500,0,61500
ICICIPRULI30Jan20480CE.NFO,07/01/2020,12:15:52,13.8,14.15,1500,14.6,1500,0,61500
ICICIPRULI30Jan20480CE.NFO,07/01/2020,12:20:16,13.8,14.1,1500,14.55,1500,0,61500
ICICIPRULI30Jan20480CE.NFO,07/01/2020,12:20:38,13.8,14.1,1500,14.6,3000,0,61500
ICICIPRULI30Jan20480CE.NFO,07/01/2020,12:22:06,13.8,14.1,1500,14.5,1500,0,61500
ICICIPRULI30Jan20480CE.NFO,07/01/2020,12:22:13,13.8,14.1,1500,14.45,1500,0,61500
ICICIPRULI30Jan20480CE.NFO,07/01/2020,12:22:17,13.8,14,3000,14.5,3000,0,61500
ICICIPRULI30Jan20480CE.NFO,07/01/2020,12:22:37,13.8,14,4500,14.5,3000,0,61500
ICICIPRULI30Jan20480CE.NFO,07/01/2020,12:22:41,13.8,14,3000,14.5,3000,0,61500
ICICIPRULI30Jan20480CE.NFO,07/01/2020,12:22:52,13.8,14,1500,14.45,1500,0,61500
ICICIPRULI30Jan20480CE.NFO,07/01/2020,12:23:23,13.8,14.05,1500,14.45,1500,0,61500
ICICIPRULI30Jan20480CE.NFO,07/01/2020,12:23:48,13.8,14.05,1500,14.5,1500,0,61500
ICICIPRULI30Jan20480CE.NFO,07/01/2020,12:24:10,13.8,14.05,1500,14.5,3000,0,61500
ICICIPRULI30Jan20480CE.NFO,07/01/2020,12:24:15,13.8,14.2,1500,14.6,1500,0,61500
ICICIPRULI30Jan20480CE.NFO,07/01/2020,12:24:21,13.8,14.05,3000,14.55,1500,0,61500
ICICIPRULI30Jan20480CE.NFO,07/01/2020,12:24:35,13.8,14.05,4500,14.55,3000,0,61500
ICICIPRULI30Jan20480CE.NFO,07/01/2020,12:24:38,13.8,14.05,4500,14.55,1500,0,61500
ICICIPRULI30Jan20480CE.NFO,07/01/2020,12:25:07,13.8,14.05,3000,14.55,1500,0,61500
ICICIPRULI30Jan20480CE.NFO,07/01/2020,12:25:23,13.8,14.1,1500,14.5,1500,0,61500
ICICIPRULI30Jan20480CE.NFO,07/01/2020,12:25:42,13.8,14.15,1500,14.55,1500,0,61500
ICICIPRULI30Jan20480CE.NFO,07/01/2020,12:25:46,13.8,14.1,1500,14.55,3000,0,61500
ICICIPRULI30Jan20480CE.NFO,07/01/2020,12:25:55,13.8,14.2,1500,14.6,1500,0,61500
ICICIPRULI30Jan20480CE.NFO,07/01/2020,12:25:59,13.8,14.15,1500,14.55,3000,0,61500
ICICIPRULI30Jan20480CE.NFO,07/01/2020,12:26:16,13.8,14.15,1500,14.55,1500,0,61500
ICICIPRULI30Jan20480CE.NFO,07/01/2020,12:26:19,13.8,14.15,1500,14.55,3000,0,61500
ICICIPRULI30Jan20480CE.NFO,07/01/2020,12:26:23,13.8,14.15,1500,14.55,1500,0,61500
ICICIPRULI30Jan20480CE.NFO,07/01/2020,12:26:30,13.8,14.1,1500,14.35,1500,0,61500
ICICIPRULI30Jan20480CE.NFO,07/01/2020,12:26:38,13.8,14.1,1500,14.4,1500,0,61500
ICICIPRULI30Jan20480CE.NFO,07/01/2020,12:27:03,13.8,14.15,1500,14.4,1500,0,61500
ICICIPRULI30Jan20480CE.NFO,07/01/2020,12:27:21,13.8,14.15,1500,14.45,1500,0,61500
ICICIPRULI30Jan20480CE.NFO,07/01/2020,12:27:37,13.8,14.15,1500,14.35,1500,0,61500
ICICIPRULI30Jan20480CE.NFO,07/01/2020,12:27:41,13.8,14.15,1500,14.45,1500,0,61500
ICICIPRULI30Jan20480CE.NFO,07/01/2020,12:27:54,13.8,14.1,1500,14.4,3000,0,61500
ICICIPRULI30Jan20480CE.NFO,07/01/2020,12:28:07,13.8,14.15,1500,14.4,1500,0,61500
ICICIPRULI30Jan20480CE.NFO,07/01/2020,12:28:23,13.8,14.15,1500,14.45,1500,0,61500
ICICIPRULI30Jan20480CE.NFO,07/01/2020,12:28:26,13.8,14.15,1500,14.55,1500,0,61500
ICICIPRULI30Jan20480CE.NFO,07/01/2020,12:28:32,13.8,14.15,1500,14.5,1500,0,61500
ICICIPRULI30Jan20480CE.NFO,07/01/2020,12:28:57,13.8,14.1,1500,14.45,1500,0,61500
ICICIPRULI30Jan20480CE.NFO,07/01/2020,12:29:04,13.8,14.1,1500,14.35,1500,0,61500
ICICIPRULI30Jan20480CE.NFO,07/01/2020,12:29:09,13.8,14.1,1500,14.4,3000,0,61500
ICICIPRULI30Jan20480CE.NFO,07/01/2020,12:29:14,13.8,14.15,1500,14.4,1500,0,61500
ICICIPRULI30Jan20480CE.NFO,07/01/2020,12:29:27,13.8,14.1,1500,14.35,1500,0,61500
ICICIPRULI30Jan20480CE.NFO,07/01/2020,12:29:33,13.8,14.1,1500,14.4,1500,0,61500
ICICIPRULI30Jan20480CE.NFO,07/01/2020,12:29:37,13.8,14.1,1500,14.4,3000,0,61500
ICICIPRULI30Jan20480CE.NFO,07/01/2020,12:29:42,13.8,14.1,1500,14.4,1500,0,61500
ICICIPRULI30Jan20480CE.NFO,07/01/2020,12:29:51,13.8,14.15,1500,14.45,1500,0,61500
ICICIPRULI30Jan20480CE.NFO,07/01/2020,12:30:00,13.8,14.1,1500,14.4,1500,0,61500
ICICIPRULI30Jan20480CE.NFO,07/01/2020,12:30:04,13.8,14.1,1500,14.35,1500,0,61500
ICICIPRULI30Jan20480CE.NFO,07/01/2020,12:30:10,13.8,14.1,1500,14.4,3000,0,61500
ICICIPRULI30Jan20480CE.NFO,07/01/2020,12:30:16,13.8,14.15,1500,14.4,1500,0,61500
ICICIPRULI30Jan20480CE.NFO,07/01/2020,12:30:27,13.8,14.1,1500,14.4,3000,0,61500
ICICIPRULI30Jan20480CE.NFO,07/01/2020,12:31:37,13.8,14.15,1500,14.45,1500,0,61500
ICICIPRULI30Jan20480CE.NFO,07/01/2020,12:32:03,13.8,14.1,1500,14.35,3000,0,61500
ICICIPRULI30Jan20480CE.NFO,07/01/2020,12:32:33,13.8,14.1,1500,14.3,1500,0,61500
ICICIPRULI30Jan20480CE.NFO,07/01/2020,12:33:18,13.8,14.1,1500,14.3,3000,0,61500
ICICIPRULI30Jan20480CE.NFO,07/01/2020,12:33:28,13.8,14.1,1500,14.35,1500,0,61500
ICICIPRULI30Jan20480CE.NFO,07/01/2020,12:33:41,13.8,14.1,1500,14.3,1500,0,61500
ICICIPRULI30Jan20480CE.NFO,07/01/2020,12:33:48,13.8,14.1,1500,14.35,1500,0,61500
ICICIPRULI30Jan20480CE.NFO,07/01/2020,12:33:51,13.8,14.1,1500,14.3,4500,0,61500
ICICIPRULI30Jan20480CE.NFO,07/01/2020,12:34:00,13.8,14.1,1500,14.2,3000,0,61500
ICICIPRULI30Jan20480CE.NFO,07/01/2020,12:34:10,13.8,14.1,1500,14.3,1500,0,61500
ICICIPRULI30Jan20480CE.NFO,07/01/2020,12:34:22,13.8,14.1,1500,14.35,1500,0,61500
ICICIPRULI30Jan20480CE.NFO,07/01/2020,12:34:25,13.8,14.1,1500,14.35,3000,0,61500
ICICIPRULI30Jan20480CE.NFO,07/01/2020,12:34:29,13.8,14.15,1500,14.35,1500,0,61500
ICICIPRULI30Jan20480CE.NFO,07/01/2020,12:34:35,13.8,14.15,1500,14.45,1500,0,61500
ICICIPRULI30Jan20480CE.NFO,07/01/2020,12:35:04,13.8,14.15,1500,14.45,3000,0,61500
ICICIPRULI30Jan20480CE.NFO,07/01/2020,12:35:20,13.8,14.15,1500,14.5,1500,0,61500
ICICIPRULI30Jan20480CE.NFO,07/01/2020,12:35:26,13.8,14.25,1500,14.5,1500,0,61500
ICICIPRULI30Jan20480CE.NFO,07/01/2020,12:35:29,13.8,14.2,3000,14.55,3000,0,61500
ICICIPRULI30Jan20480CE.NFO,07/01/2020,12:35:32,13.8,14.2,3000,14.55,1500,0,61500
ICICIPRULI30Jan20480CE.NFO,07/01/2020,12:35:38,13.8,14.15,1500,14.55,1500,0,61500
ICICIPRULI30Jan20480CE.NFO,07/01/2020,12:35:55,13.8,14.2,1500,14.6,1500,0,61500
ICICIPRULI30Jan20480CE.NFO,07/01/2020,12:35:58,13.8,14,1500,14.55,3000,0,61500
ICICIPRULI30Jan20480CE.NFO,07/01/2020,12:36:02,13.8,14.1,1500,14.55,3000,0,61500
ICICIPRULI30Jan20480CE.NFO,07/01/2020,12:36:06,13.8,14.1,1500,14.55,1500,0,61500
ICICIPRULI30Jan20480CE.NFO,07/01/2020,12:36:08,13.8,14.15,1500,14.6,1500,0,61500
ICICIPRULI30Jan20480CE.NFO,07/01/2020,12:36:11,13.8,14.15,1500,14.55,4500,0,61500
ICICIPRULI30Jan20480CE.NFO,07/01/2020,12:36:21,13.8,14.15,1500,14.55,6000,0,61500
ICICIPRULI30Jan20480CE.NFO,07/01/2020,12:36:35,13.8,14.05,1500,14.55,3000,0,61500
ICICIPRULI30Jan20480CE.NFO,07/01/2020,12:36:38,13.8,14.15,1500,14.55,3000,0,61500
ICICIPRULI30Jan20480CE.NFO,07/01/2020,12:36:41,13.8,14.05,1500,14.55,3000,0,61500
ICICIPRULI30Jan20480CE.NFO,07/01/2020,12:36:44,13.8,14.15,1500,14.5,1500,0,61500
ICICIPRULI30Jan20480CE.NFO,07/01/2020,12:36:47,13.8,14.05,1500,14.55,3000,0,61500
ICICIPRULI30Jan20480CE.NFO,07/01/2020,12:37:04,13.8,14.1,1500,14.55,4500,0,61500
ICICIPRULI30Jan20480CE.NFO,07/01/2020,12:37:23,13.8,14.1,1500,14.55,3000,0,61500
ICICIPRULI30Jan20480CE.NFO,07/01/2020,12:37:45,13.8,14.25,1500,14.75,3000,0,61500
ICICIPRULI30Jan20480CE.NFO,07/01/2020,12:37:48,13.8,14.25,1500,14.7,3000,0,61500
ICICIPRULI30Jan20480CE.NFO,07/01/2020,12:37:59,13.8,14.3,1500,14.7,3000,0,61500
ICICIPRULI30Jan20480CE.NFO,07/01/2020,12:38:02,13.8,14.3,1500,14.7,1500,0,61500
ICICIPRULI30Jan20480CE.NFO,07/01/2020,12:38:05,13.8,14.3,3000,14.85,1500,0,61500
ICICIPRULI30Jan20480CE.NFO,07/01/2020,12:38:10,13.8,14.3,1500,14.8,1500,0,61500
ICICIPRULI30Jan20480CE.NFO,07/01/2020,12:38:14,13.8,14.3,3000,14.8,1500,0,61500
ICICIPRULI30Jan20480CE.NFO,07/01/2020,12:38:26,13.8,14.3,1500,14.75,1500,0,61500
ICICIPRULI30Jan20480CE.NFO,07/01/2020,12:38:37,13.8,14.25,1500,14.75,1500,0,61500
ICICIPRULI30Jan20480CE.NFO,07/01/2020,12:38:44,13.8,14.3,3000,14.7,1500,0,61500
ICICIPRULI30Jan20480CE.NFO,07/01/2020,12:38:48,13.8,14.4,1500,14.85,1500,0,61500
ICICIPRULI30Jan20480CE.NFO,07/01/2020,12:38:53,13.8,14.35,3000,14.85,1500,0,61500
ICICIPRULI30Jan20480CE.NFO,07/01/2020,12:38:57,13.8,14.45,4500,14.95,1500,0,61500
ICICIPRULI30Jan20480CE.NFO,07/01/2020,12:39:01,13.8,14.45,3000,14.9,1500,0,61500
ICICIPRULI30Jan20480CE.NFO,07/01/2020,12:39:04,13.8,14.4,1500,14.95,1500,0,61500
ICICIPRULI30Jan20480CE.NFO,07/01/2020,12:39:16,13.8,14.35,1500,14.85,1500,0,61500
ICICIPRULI30Jan20480CE.NFO,07/01/2020,12:39:24,13.8,14.35,4500,14.9,1500,0,61500
ICICIPRULI30Jan20480CE.NFO,07/01/2020,12:39:47,13.8,14.35,4500,14.95,1500,0,61500
ICICIPRULI30Jan20480CE.NFO,07/01/2020,12:39:58,13.8,14.35,4500,15.05,1500,0,61500
ICICIPRULI30Jan20480CE.NFO,07/01/2020,12:40:07,13.8,14.35,6000,15.05,1500,0,61500
ICICIPRULI30Jan20480CE.NFO,07/01/2020,12:40:10,13.8,14.65,3000,15.2,1500,0,61500
ICICIPRULI30Jan20480CE.NFO,07/01/2020,12:40:13,13.8,14.8,1500,15.1,1500,0,61500
ICICIPRULI30Jan20480CE.NFO,07/01/2020,12:40:15,13.8,14.85,1500,15.35,3000,0,61500
ICICIPRULI30Jan20480CE.NFO,07/01/2020,12:40:18,13.8,14.8,1500,15.35,6000,0,61500
ICICIPRULI30Jan20480CE.NFO,07/01/2020,12:40:27,13.8,14.7,1500,15.35,6000,0,61500
ICICIPRULI30Jan20480CE.NFO,07/01/2020,12:40:34,13.8,14.6,1500,15.35,7500,0,61500
ICICIPRULI30Jan20480CE.NFO,07/01/2020,12:40:38,13.8,14.6,1500,15.25,6000,0,61500
ICICIPRULI30Jan20480CE.NFO,07/01/2020,12:40:43,13.8,14.6,3000,15.25,6000,0,61500
ICICIPRULI30Jan20480CE.NFO,07/01/2020,12:40:52,13.8,14.6,3000,15.25,7500,0,61500
ICICIPRULI30Jan20480CE.NFO,07/01/2020,12:40:59,13.8,14.6,3000,15.25,4500,0,61500
ICICIPRULI30Jan20480CE.NFO,07/01/2020,12:43:57,13.8,14.6,1500,15.2,1500,0,61500
ICICIPRULI30Jan20480CE.NFO,07/01/2020,12:44:00,13.8,14.6,1500,15.2,3000,0,61500
ICICIPRULI30Jan20480CE.NFO,07/01/2020,12:44:02,13.8,14.65,1500,15.25,1500,0,61500
ICICIPRULI30Jan20480CE.NFO,07/01/2020,12:44:04,13.8,14.65,1500,15.2,1500,0,61500
ICICIPRULI30Jan20480CE.NFO,07/01/2020,12:44:06,13.8,14.65,1500,15.25,1500,0,61500
ICICIPRULI30Jan20480CE.NFO,07/01/2020,12:44:08,13.8,14.65,1500,15.2,1500,0,61500
ICICIPRULI30Jan20480CE.NFO,07/01/2020,12:44:11,13.8,14.6,1500,15.2,1500,0,61500
ICICIPRULI30Jan20480CE.NFO,07/01/2020,12:44:14,13.8,14.65,1500,15.2,1500,0,61500
ICICIPRULI30Jan20480CE.NFO,07/01/2020,12:44:22,13.8,14.7,1500,15.2,1500,0,61500
ICICIPRULI30Jan20480CE.NFO,07/01/2020,12:44:59,13.8,14.7,3000,15.2,1500,0,61500
ICICIPRULI30Jan20480CE.NFO,07/01/2020,12:45:16,13.8,14.8,1500,15.2,1500,0,61500
ICICIPRULI30Jan20480CE.NFO,07/01/2020,12:45:18,13.8,14.7,1500,15.2,1500,0,61500
ICICIPRULI30Jan20480CE.NFO,07/01/2020,12:45:29,13.8,14.7,1500,15.15,1500,0,61500
ICICIPRULI30Jan20480CE.NFO,07/01/2020,12:47:11,13.8,14.85,1500,15.25,1500,0,61500
ICICIPRULI30Jan20480CE.NFO,07/01/2020,12:47:21,13.8,14.8,1500,15.2,1500,0,61500
ICICIPRULI30Jan20480CE.NFO,07/01/2020,12:47:24,13.8,14.9,1500,15.25,1500,0,61500
ICICIPRULI30Jan20480CE.NFO,07/01/2020,12:47:46,13.8,14.85,1500,15.25,1500,0,61500
ICICIPRULI30Jan20480CE.NFO,07/01/2020,12:47:52,13.8,14.9,1500,15.25,1500,0,61500
ICICIPRULI30Jan20480CE.NFO,07/01/2020,12:48:22,13.8,14.9,3000,15.25,1500,0,61500
ICICIPRULI30Jan20480CE.NFO,07/01/2020,12:49:04,13.8,14.9,1500,15.25,1500,0,61500
ICICIPRULI30Jan20480CE.NFO,07/01/2020,12:49:14,13.8,14.9,3000,15.25,1500,0,61500
ICICIPRULI30Jan20480CE.NFO,07/01/2020,12:49:36,13.8,15,3000,15.25,1500,0,61500
ICICIPRULI30Jan20480CE.NFO,07/01/2020,12:49:51,13.8,15.1,1500,15.25,1500,0,61500
ICICIPRULI30Jan20480CE.NFO,07/01/2020,12:50:00,13.8,15.1,3000,15.25,1500,0,61500
ICICIPRULI30Jan20480CE.NFO,07/01/2020,12:50:18,13.8,15.1,1500,15.25,1500,0,61500
ICICIPRULI30Jan20480CE.NFO,07/01/2020,12:50:22,13.8,15.1,3000,15.25,1500,0,61500
ICICIPRULI30Jan20480CE.NFO,07/01/2020,12:50:58,13.8,15.1,1500,15.25,1500,0,61500
ICICIPRULI30Jan20480CE.NFO,07/01/2020,12:51:03,13.8,15.1,3000,15.25,1500,0,61500
ICICIPRULI30Jan20480CE.NFO,07/01/2020,12:51:38,13.8,15.1,1500,15.25,1500,0,61500
ICICIPRULI30Jan20480CE.NFO,07/01/2020,12:51:50,15.1,14.9,1500,15.2,1500,1500,60000
ICICIPRULI30Jan20480CE.NFO,07/01/2020,12:51:54,15.1,14.75,1500,15.15,1500,0,60000
ICICIPRULI30Jan20480CE.NFO,07/01/2020,12:51:57,15.1,14.85,1500,15.15,1500,0,60000
ICICIPRULI30Jan20480CE.NFO,07/01/2020,12:52:03,15.1,14.85,1500,15.2,4500,0,60000
ICICIPRULI30Jan20480CE.NFO,07/01/2020,12:52:06,15.1,14.9,3000,15.2,1500,0,60000
ICICIPRULI30Jan20480CE.NFO,07/01/2020,12:52:23,15.1,14.85,1500,15.15,1500,0,60000
ICICIPRULI30Jan20480CE.NFO,07/01/2020,12:52:26,15.1,14.8,3000,15.2,1500,0,60000
ICICIPRULI30Jan20480CE.NFO,07/01/2020,12:52:29,15.1,14.9,1500,15.15,1500,0,60000
ICICIPRULI30Jan20480CE.NFO,07/01/2020,12:52:51,15.1,14.8,1500,15.1,1500,0,60000
ICICIPRULI30Jan20480CE.NFO,07/01/2020,12:52:58,15.1,14.8,3000,15.1,1500,0,60000
ICICIPRULI30Jan20480CE.NFO,07/01/2020,12:53:01,15.1,14.75,3000,15.15,3000,0,60000
ICICIPRULI30Jan20480CE.NFO,07/01/2020,12:53:05,15.1,14.85,1500,15.15,3000,0,60000
ICICIPRULI30Jan20480CE.NFO,07/01/2020,12:53:08,15.1,14.85,1500,15.15,1500,0,60000
ICICIPRULI30Jan20480CE.NFO,07/01/2020,12:53:11,15.1,14.85,1500,15.1,1500,0,60000
ICICIPRULI30Jan20480CE.NFO,07/01/2020,12:53:12,15.1,14.8,1500,15.1,1500,0,60000
ICICIPRULI30Jan20480CE.NFO,07/01/2020,12:53:13,15.1,14.8,1500,15.15,1500,0,60000
ICICIPRULI30Jan20480CE.NFO,07/01/2020,12:53:14,15.1,14.85,1500,15.15,1500,0,60000
ICICIPRULI30Jan20480CE.NFO,07/01/2020,12:53:15,15.1,14.8,1500,15.1,1500,0,60000
ICICIPRULI30Jan20480CE.NFO,07/01/2020,12:53:16,15.1,14.85,1500,15.15,1500,0,60000
ICICIPRULI30Jan20480CE.NFO,07/01/2020,12:53:17,15.1,14.8,1500,15.1,1500,0,60000
ICICIPRULI30Jan20480CE.NFO,07/01/2020,12:53:18,15.1,14.85,1500,15.15,3000,0,60000
ICICIPRULI30Jan20480CE.NFO,07/01/2020,12:53:19,15.1,14.8,1500,15.1,1500,0,60000
ICICIPRULI30Jan20480CE.NFO,07/01/2020,12:53:20,15.1,14.75,3000,15.1,1500,0,60000
ICICIPRULI30Jan20480CE.NFO,07/01/2020,12:53:21,15.1,14.85,1500,15.2,1500,0,60000
ICICIPRULI30Jan20480CE.NFO,07/01/2020,12:53:23,15.1,14.8,1500,15.15,1500,0,60000
ICICIPRULI30Jan20480CE.NFO,07/01/2020,12:53:24,15.1,14.8,1500,15.05,1500,0,60000
ICICIPRULI30Jan20480CE.NFO,07/01/2020,12:53:26,15.1,14.85,1500,15.1,1500,0,60000
ICICIPRULI30Jan20480CE.NFO,07/01/2020,12:53:31,15.1,14.85,1500,15.2,1500,0,60000
ICICIPRULI30Jan20480CE.NFO,07/01/2020,12:53:32,15.1,14.8,1500,15.1,1500,0,60000
ICICIPRULI30Jan20480CE.NFO,07/01/2020,12:53:34,15.1,14.9,1500,15.15,1500,0,60000
ICICIPRULI30Jan20480CE.NFO,07/01/2020,12:53:35,15.1,14.85,1500,15.15,1500,0,60000
ICICIPRULI30Jan20480CE.NFO,07/01/2020,12:53:36,15.1,14.9,1500,15.2,1500,0,60000
ICICIPRULI30Jan20480CE.NFO,07/01/2020,12:53:37,15.1,14.85,1500,15.15,1500,0,60000
ICICIPRULI30Jan20480CE.NFO,07/01/2020,12:53:38,15.1,14.9,1500,15.2,1500,0,60000
ICICIPRULI30Jan20480CE.NFO,07/01/2020,12:53:39,15.1,14.85,3000,15.15,1500,0,60000
ICICIPRULI30Jan20480CE.NFO,07/01/2020,12:53:40,15.1,14.9,1500,15.2,1500,0,60000
ICICIPRULI30Jan20480CE.NFO,07/01/2020,12:53:41,15.1,14.85,1500,15.2,1500,0,60000
ICICIPRULI30Jan20480CE.NFO,07/01/2020,12:53:42,15.1,14.9,1500,15.2,1500,0,60000
ICICIPRULI30Jan20480CE.NFO,07/01/2020,12:53:43,15.1,14.9,1500,15.25,1500,0,60000
ICICIPRULI30Jan20480CE.NFO,07/01/2020,12:53:44,15.1,14.9,1500,15.2,4500,0,60000
ICICIPRULI30Jan20480CE.NFO,07/01/2020,12:53:45,15.1,14.85,1500,15.2,1500,0,60000
ICICIPRULI30Jan20480CE.NFO,07/01/2020,12:53:46,15.1,14.9,1500,15.2,1500,0,60000
ICICIPRULI30Jan20480CE.NFO,07/01/2020,12:53:48,15.1,14.85,3000,15.15,1500,0,60000
ICICIPRULI30Jan20480CE.NFO,07/01/2020,12:53:49,15.1,14.85,3000,15.2,4500,0,60000
ICICIPRULI30Jan20480CE.NFO,07/01/2020,12:53:50,15.1,14.9,1500,15.15,1500,0,60000
ICICIPRULI30Jan20480CE.NFO,07/01/2020,12:53:52,15.1,14.9,1500,15.2,1500,0,60000
ICICIPRULI30Jan20480CE.NFO,07/01/2020,12:53:54,15.1,14.85,3000,15.15,1500,0,60000
ICICIPRULI30Jan20480CE.NFO,07/01/2020,12:53:55,15.1,14.95,1500,15.25,1500,0,60000
ICICIPRULI30Jan20480CE.NFO,07/01/2020,12:53:59,15.1,14.9,1500,15.25,1500,0,60000
ICICIPRULI30Jan20480CE.NFO,07/01/2020,12:54:00,15.1,14.9,1500,15.2,1500,0,60000
ICICIPRULI30Jan20480CE.NFO,07/01/2020,12:54:01,15.1,14.85,3000,15.2,3000,0,60000
ICICIPRULI30Jan20480CE.NFO,07/01/2020,12:54:03,15.1,14.85,3000,15.2,1500,0,60000
ICICIPRULI30Jan20480CE.NFO,07/01/2020,12:54:05,15.1,14.95,1500,15.2,1500,0,60000
ICICIPRULI30Jan20480CE.NFO,07/01/2020,12:54:45,15.1,14.85,3000,15.15,1500,0,60000
ICICIPRULI30Jan20480CE.NFO,07/01/2020,12:54:46,15.1,14.9,1500,15.2,1500,0,60000
ICICIPRULI30Jan20480CE.NFO,07/01/2020,12:54:48,15.1,14.9,1500,15.15,1500,0,60000
ICICIPRULI30Jan20480CE.NFO,07/01/2020,12:54:49,15.1,14.9,1500,15.2,4500,0,60000
ICICIPRULI30Jan20480CE.NFO,07/01/2020,12:54:50,15.1,14.9,1500,15.25,1500,0,60000
ICICIPRULI30Jan20480CE.NFO,07/01/2020,12:54:51,15.1,14.85,3000,15.2,1500,0,60000
ICICIPRULI30Jan20480CE.NFO,07/01/2020,12:54:52,15.1,14.9,1500,15.2,1500,0,60000
ICICIPRULI30Jan20480CE.NFO,07/01/2020,12:54:53,15.1,14.85,3000,15.15,1500,0,60000
ICICIPRULI30Jan20480CE.NFO,07/01/2020,12:54:54,15.1,14.85,1500,15.2,1500,0,60000
ICICIPRULI30Jan20480CE.NFO,07/01/2020,12:54:55,15.1,14.9,1500,15.2,1500,0,60000
ICICIPRULI30Jan20480CE.NFO,07/01/2020,12:54:58,15.1,14.85,3000,15.2,1500,0,60000
ICICIPRULI30Jan20480CE.NFO,07/01/2020,12:54:59,15.1,14.9,1500,15.2,1500,0,60000
ICICIPRULI30Jan20480CE.NFO,07/01/2020,12:55:00,15.1,14.85,3000,15.2,1500,0,60000
ICICIPRULI30Jan20480CE.NFO,07/01/2020,12:55:01,15.1,14.9,1500,15.2,1500,0,60000
ICICIPRULI30Jan20480CE.NFO,07/01/2020,12:55:02,15.1,14.85,3000,15.2,1500,0,60000
ICICIPRULI30Jan20480CE.NFO,07/01/2020,12:55:03,15.1,14.9,1500,15.2,1500,0,60000
ICICIPRULI30Jan20480CE.NFO,07/01/2020,12:55:06,15.1,14.95,1500,15.2,1500,0,60000
ICICIPRULI30Jan20480CE.NFO,07/01/2020,12:55:16,15.1,14.9,1500,15.2,1500,0,60000
ICICIPRULI30Jan20480CE.NFO,07/01/2020,12:55:28,15.1,14.95,1500,15.25,1500,0,60000
ICICIPRULI30Jan20480CE.NFO,07/01/2020,12:55:32,15.1,14.9,1500,15.2,1500,0,60000
ICICIPRULI30Jan20480CE.NFO,07/01/2020,12:55:39,15.1,14.9,1500,15.2,3000,0,60000
ICICIPRULI30Jan20480CE.NFO,07/01/2020,12:55:41,15.1,14.85,3000,15.2,1500,0,60000
ICICIPRULI30Jan20480CE.NFO,07/01/2020,12:55:45,15.1,14.9,1500,15.2,1500,0,60000
ICICIPRULI30Jan20480CE.NFO,07/01/2020,12:55:48,15.1,14.9,1500,15.2,3000,0,60000
ICICIPRULI30Jan20480CE.NFO,07/01/2020,12:55:50,15.1,14.85,3000,15.2,3000,0,60000
ICICIPRULI30Jan20480CE.NFO,07/01/2020,12:55:53,15.1,14.9,1500,15.2,1500,0,60000
ICICIPRULI30Jan20480CE.NFO,07/01/2020,12:55:56,15.1,14.85,3000,15.2,1500,0,60000
ICICIPRULI30Jan20480CE.NFO,07/01/2020,12:55:59,15.1,14.95,1500,15.2,1500,0,60000
ICICIPRULI30Jan20480CE.NFO,07/01/2020,12:56:28,15.1,14.8,1500,15.2,1500,0,60000
ICICIPRULI30Jan20480CE.NFO,07/01/2020,12:56:31,15.1,14.8,3000,15.15,1500,0,60000
ICICIPRULI30Jan20480CE.NFO,07/01/2020,12:56:35,15.1,14.8,1500,15.1,1500,0,60000
ICICIPRULI30Jan20480CE.NFO,07/01/2020,12:56:38,15.1,14.85,1500,15.15,3000,0,60000
ICICIPRULI30Jan20480CE.NFO,07/01/2020,12:57:21,15.1,14.8,1500,15.15,3000,0,60000
ICICIPRULI30Jan20480CE.NFO,07/01/2020,12:57:26,15.1,14.75,3000,15.15,1500,0,60000
ICICIPRULI30Jan20480CE.NFO,07/01/2020,12:57:30,15.1,14.8,1500,15.15,1500,0,60000
ICICIPRULI30Jan20480CE.NFO,07/01/2020,12:57:51,15.1,14.8,1500,15.1,1500,0,60000
ICICIPRULI30Jan20480CE.NFO,07/01/2020,12:57:56,15.1,14.85,1500,15.15,1500,0,60000
ICICIPRULI30Jan20480CE.NFO,07/01/2020,12:58:03,15.1,14.85,1500,15.1,1500,0,60000
ICICIPRULI30Jan20480CE.NFO,07/01/2020,12:58:08,15.1,14.85,1500,15.15,1500,0,60000
ICICIPRULI30Jan20480CE.NFO,07/01/2020,12:58:14,15.1,14.75,3000,15.15,3000,0,60000
ICICIPRULI30Jan20480CE.NFO,07/01/2020,12:58:20,15.1,14.85,1500,15.15,1500,0,60000
ICICIPRULI30Jan20480CE.NFO,07/01/2020,12:59:31,15.1,14.75,1500,15.1,1500,0,60000
ICICIPRULI30Jan20480CE.NFO,07/01/2020,12:59:36,15.1,14.8,1500,15.15,3000,0,60000
ICICIPRULI30Jan20480CE.NFO,07/01/2020,12:59:40,15.1,14.75,1500,15.2,1500,0,60000
ICICIPRULI30Jan20480CE.NFO,07/01/2020,12:59:44,15.1,14.75,1500,15.1,1500,0,60000
ICICIPRULI30Jan20480CE.NFO,07/01/2020,12:59:48,15.1,14.8,1500,15.2,3000,0,60000
ICICIPRULI30Jan20480CE.NFO,07/01/2020,12:59:52,15.1,14.8,3000,15.15,3000,0,60000
ICICIPRULI30Jan20480CE.NFO,07/01/2020,13:00:02,15.1,14.8,1500,15.1,1500,0,60000
ICICIPRULI30Jan20480CE.NFO,07/01/2020,13:00:07,15.1,14.75,1500,15.05,3000,0,60000
ICICIPRULI30Jan20480CE.NFO,07/01/2020,13:00:15,15.1,14.65,3000,14.85,1500,0,60000
ICICIPRULI30Jan20480CE.NFO,07/01/2020,13:00:22,15.1,14.5,1500,14.85,1500,0,60000
ICICIPRULI30Jan20480CE.NFO,07/01/2020,13:00:28,15.1,14.55,1500,14.85,1500,0,60000
ICICIPRULI30Jan20480CE.NFO,07/01/2020,13:00:38,15.1,14.5,1500,14.8,1500,0,60000
ICICIPRULI30Jan20480CE.NFO,07/01/2020,13:00:44,15.1,14.5,1500,14.9,1500,0,60000
ICICIPRULI30Jan20480CE.NFO,07/01/2020,13:00:49,15.1,14.65,1500,15,1500,0,60000
ICICIPRULI30Jan20480CE.NFO,07/01/2020,13:01:36,15.1,14.7,1500,15.05,3000,0,60000
ICICIPRULI30Jan20480CE.NFO,07/01/2020,13:01:37,15.1,14.55,1500,15.05,3000,0,60000
ICICIPRULI30Jan20480CE.NFO,07/01/2020,13:01:38,15.1,14.6,3000,15.05,3000,0,60000
ICICIPRULI30Jan20480CE.NFO,07/01/2020,13:01:40,15.1,14.65,1500,15.05,3000,0,60000
ICICIPRULI30Jan20480CE.NFO,07/01/2020,13:01:41,15.1,14.6,1500,15.05,3000,0,60000
ICICIPRULI30Jan20480CE.NFO,07/01/2020,13:01:41,15.1,14.65,1500,15.05,3000,0,60000
ICICIPRULI30Jan20480CE.NFO,07/01/2020,13:01:45,15.1,14.7,1500,15.05,1500,0,60000
ICICIPRULI30Jan20480CE.NFO,07/01/2020,13:01:45,15.1,14.65,1500,15,1500,0,60000
ICICIPRULI30Jan20480CE.NFO,07/01/2020,13:01:46,15.1,14.55,3000,15,1500,0,60000
ICICIPRULI30Jan20480CE.NFO,07/01/2020,13:01:47,15.1,14.65,1500,14.95,1500,0,60000
ICICIPRULI30Jan20480CE.NFO,07/01/2020,13:01:50,15.1,14.6,1500,15.1,1500,0,60000
ICICIPRULI30Jan20480CE.NFO,07/01/2020,13:01:51,15.1,14.65,1500,15.05,3000,0,60000
ICICIPRULI30Jan20480CE.NFO,07/01/2020,13:01:53,15.1,14.5,1500,15,1500,0,60000
ICICIPRULI30Jan20480CE.NFO,07/01/2020,13:01:53,15.1,14.6,3000,15.05,1500,0,60000
ICICIPRULI30Jan20480CE.NFO,07/01/2020,13:01:54,15.1,14.65,1500,15,1500,0,60000
ICICIPRULI30Jan20480CE.NFO,07/01/2020,13:01:55,15.1,14.6,1500,14.95,1500,0,60000
ICICIPRULI30Jan20480CE.NFO,07/01/2020,13:01:56,15.1,14.7,1500,15.05,1500,0,60000
ICICIPRULI30Jan20480CE.NFO,07/01/2020,13:02:01,15.1,14.7,1500,15.1,1500,0,60000
ICICIPRULI30Jan20480CE.NFO,07/01/2020,13:02:20,15.1,14.65,1500,15.15,3000,0,60000
ICICIPRULI30Jan20480CE.NFO,07/01/2020,13:02:26,15.1,14.65,1500,15,1500,0,60000
ICICIPRULI30Jan20480CE.NFO,07/01/2020,13:02:32,15.1,14.7,1500,15.05,1500,0,60000
ICICIPRULI30Jan20480CE.NFO,07/01/2020,13:02:51,15.1,14.55,1500,15,1500,0,60000
ICICIPRULI30Jan20480CE.NFO,07/01/2020,13:02:55,15.1,14.65,1500,15,1500,0,60000
ICICIPRULI30Jan20480CE.NFO,07/01/2020,13:03:22,15.1,14.6,1500,15,1500,0,60000
ICICIPRULI30Jan20480CE.NFO,07/01/2020,13:03:27,15.1,14.4,1500,14.85,1500,0,60000
ICICIPRULI30Jan20480CE.NFO,07/01/2020,13:03:32,15.1,14.3,1500,14.7,1500,0,60000
ICICIPRULI30Jan20480CE.NFO,07/01/2020,13:03:36,15.1,14.3,1500,14.75,3000,0,60000
ICICIPRULI30Jan20480CE.NFO,07/01/2020,13:03:39,15.1,14.3,1500,14.75,1500,0,60000
ICICIPRULI30Jan20480CE.NFO,07/01/2020,13:03:43,15.1,14.25,1500,14.85,1500,0,60000
ICICIPRULI30Jan20480CE.NFO,07/01/2020,13:03:48,15.1,14.35,1500,14.8,1500,0,60000
ICICIPRULI30Jan20480CE.NFO,07/01/2020,13:03:52,15.1,14.6,1500,15,1500,0,60000
ICICIPRULI30Jan20480CE.NFO,07/01/2020,13:03:57,15.1,14.55,3000,15,1500,0,60000
ICICIPRULI30Jan20480CE.NFO,07/01/2020,13:04:02,15.1,14.3,3000,14.9,3000,0,60000
ICICIPRULI30Jan20480CE.NFO,07/01/2020,13:04:07,15.1,14.3,1500,14.75,1500,0,60000
ICICIPRULI30Jan20480CE.NFO,07/01/2020,13:04:47,15.1,14.2,1500,14.6,1500,0,60000
ICICIPRULI30Jan20480CE.NFO,07/01/2020,13:04:48,15.1,14.2,7500,14.55,1500,0,60000
ICICIPRULI30Jan20480CE.NFO,07/01/2020,13:04:49,15.1,14.3,4500,14.6,1500,0,60000
ICICIPRULI30Jan20480CE.NFO,07/01/2020,13:04:51,15.1,14.25,1500,14.65,3000,0,60000
ICICIPRULI30Jan20480CE.NFO,07/01/2020,13:04:52,15.1,14.25,1500,14.55,1500,0,60000
ICICIPRULI30Jan20480CE.NFO,07/01/2020,13:04:59,15.1,14.2,1500,14.55,3000,0,60000
ICICIPRULI30Jan20480CE.NFO,07/01/2020,13:05:01,15.1,14.2,1500,14.55,1500,0,60000
ICICIPRULI30Jan20480CE.NFO,07/01/2020,13:05:02,15.1,14.2,1500,14.55,3000,0,60000
ICICIPRULI30Jan20480CE.NFO,07/01/2020,13:05:06,15.1,14.15,1500,14.55,3000,0,60000
ICICIPRULI30Jan20480CE.NFO,07/01/2020,13:05:08,15.1,14.1,4500,14.55,3000,0,60000
ICICIPRULI30Jan20480CE.NFO,07/01/2020,13:05:09,15.1,14.15,1500,14.55,3000,0,60000
ICICIPRULI30Jan20480CE.NFO,07/01/2020,13:05:10,15.1,14.2,1500,14.45,1500,0,60000
ICICIPRULI30Jan20480CE.NFO,07/01/2020,13:05:11,15.1,14.15,1500,14.45,3000,0,60000
ICICIPRULI30Jan20480CE.NFO,07/01/2020,13:05:12,15.1,14.1,3000,14.45,3000,0,60000
ICICIPRULI30Jan20480CE.NFO,07/01/2020,13:05:14,15.1,14.2,1500,14.45,3000,0,60000
ICICIPRULI30Jan20480CE.NFO,07/01/2020,13:05:20,15.1,14.05,3000,14.45,3000,0,60000
ICICIPRULI30Jan20480CE.NFO,07/01/2020,13:05:26,15.1,14.05,7500,14.45,3000,0,60000
ICICIPRULI30Jan20480CE.NFO,07/01/2020,13:05:31,15.1,14.15,1500,14.45,1500,0,60000
ICICIPRULI30Jan20480CE.NFO,07/01/2020,13:05:43,15.1,14.15,1500,14.5,1500,0,60000
ICICIPRULI30Jan20480CE.NFO,07/01/2020,13:06:00,15.1,13.9,1500,14.25,3000,0,60000
ICICIPRULI30Jan20480CE.NFO,07/01/2020,13:06:07,15.1,13.95,1500,14.25,3000,0,60000
ICICIPRULI30Jan20480CE.NFO,07/01/2020,13:06:18,15.1,13.85,1500,14.15,1500,0,60000
ICICIPRULI30Jan20480CE.NFO,07/01/2020,13:06:34,15.1,13.85,1500,14.1,1500,0,60000
ICICIPRULI30Jan20480CE.NFO,07/01/2020,13:06:38,15.1,13.95,1500,14.1,1500,0,60000
ICICIPRULI30Jan20480CE.NFO,07/01/2020,13:06:43,13.9,13.9,1500,14.15,3000,4500,60000
ICICIPRULI30Jan20480CE.NFO,07/01/2020,13:06:48,13.9,13.75,3000,14.2,1500,0,60000
ICICIPRULI30Jan20480CE.NFO,07/01/2020,13:06:52,13.9,13.9,1500,14.2,1500,0,60000
ICICIPRULI30Jan20480CE.NFO,07/01/2020,13:06:58,13.9,13.95,1500,14.25,1500,0,60000
ICICIPRULI30Jan20480CE.NFO,07/01/2020,13:07:03,13.9,13.9,1500,14.25,1500,0,60000
ICICIPRULI30Jan20480CE.NFO,07/01/2020,13:07:08,13.9,13.95,1500,14.25,1500,0,60000
ICICIPRULI30Jan20480CE.NFO,07/01/2020,13:07:28,13.9,14.1,1500,14.35,3000,0,60000
ICICIPRULI30Jan20480CE.NFO,07/01/2020,13:07:39,13.9,14,1500,14.25,1500,0,60000
ICICIPRULI30Jan20480CE.NFO,07/01/2020,13:08:51,13.9,14,3000,14.25,1500,0,60000
ICICIPRULI30Jan20480CE.NFO,07/01/2020,13:09:13,13.9,14,1500,14.25,1500,0,60000
ICICIPRULI30Jan20480CE.NFO,07/01/2020,13:12:02,13.9,14.05,4500,14.25,1500,0,60000
ICICIPRULI30Jan20480CE.NFO,07/01/2020,13:12:14,13.9,14.05,4500,14.3,1500,0,60000
ICICIPRULI30Jan20480CE.NFO,07/01/2020,13:12:29,13.9,14.05,1500,14.3,1500,0,60000
ICICIPRULI30Jan20480CE.NFO,07/01/2020,13:12:35,13.9,14,1500,14.25,1500,0,60000
ICICIPRULI30Jan20480CE.NFO,07/01/2020,13:12:48,13.9,14,3000,14.25,1500,0,60000
ICICIPRULI30Jan20480CE.NFO,07/01/2020,13:12:59,13.9,14.05,1500,14.25,1500,0,60000
ICICIPRULI30Jan20480CE.NFO,07/01/2020,13:13:07,13.9,14.05,4500,14.3,1500,0,60000
ICICIPRULI30Jan20480CE.NFO,07/01/2020,13:13:23,13.9,14.15,1500,14.3,1500,0,60000
ICICIPRULI30Jan20480CE.NFO,07/01/2020,13:13:28,13.9,14.15,1500,14.35,1500,0,60000
ICICIPRULI30Jan20480CE.NFO,07/01/2020,13:13:55,13.9,14,3000,14.25,3000,0,60000
ICICIPRULI30Jan20480CE.NFO,07/01/2020,13:14:01,13.9,14,1500,14.15,1500,0,60000
ICICIPRULI30Jan20480CE.NFO,07/01/2020,13:14:06,13.9,14,1500,14.2,1500,0,60000
ICICIPRULI30Jan20480CE.NFO,07/01/2020,13:14:24,14.2,14.05,1500,14.25,3000,1500,63000
ICICIPRULI30Jan20480CE.NFO,07/01/2020,13:14:28,14.2,14,1500,14.25,3000,0,63000
ICICIPRULI30Jan20480CE.NFO,07/01/2020,13:14:34,14.2,14.05,1500,14.25,1500,0,63000
ICICIPRULI30Jan20480CE.NFO,07/01/2020,13:14:46,14.2,14.1,1500,14.35,1500,0,63000
ICICIPRULI30Jan20480CE.NFO,07/01/2020,13:14:50,14.2,14,1500,14.3,4500,0,63000
ICICIPRULI30Jan20480CE.NFO,07/01/2020,13:15:09,14.2,14,1500,14.15,1500,0,63000
ICICIPRULI30Jan20480CE.NFO,07/01/2020,13:15:18,14.2,14,1500,14.15,3000,0,63000
ICICIPRULI30Jan20480CE.NFO,07/01/2020,13:15:32,14,13.75,1500,13.95,4500,1500,64500
ICICIPRULI30Jan20480CE.NFO,07/01/2020,13:15:39,14,13.75,3000,14,1500,0,64500
