Ticker,Date,Time,LTP,BuyPrice,BuyQty,SellPrice,SellQty,LTQ,OpenInterest
ICICIBANK30Jan20545PE.NFO,07/01/2020,09:18:38,19,18.25,1375,19.25,2750,2750,336875
ICICIBANK30Jan20545PE.NFO,07/01/2020,09:18:38,19.05,18.25,1375,19.25,2750,0,336875
ICICIBANK30Jan20545PE.NFO,07/01/2020,09:18:38,19.05,18.25,1375,19.25,2750,0,336875
ICICIBANK30Jan20545PE.NFO,07/01/2020,09:18:38,19,18.25,1375,19.25,2750,0,336875
ICICIBANK30Jan20545PE.NFO,07/01/2020,09:18:46,19.05,18.45,1375,19.7,5500,0,336875
ICICIBANK30Jan20545PE.NFO,07/01/2020,09:18:53,19.05,18.75,1375,19.7,5500,0,336875
ICICIBANK30Jan20545PE.NFO,07/01/2020,09:19:00,19.05,18.65,1375,19.7,5500,0,336875
ICICIBANK30Jan20545PE.NFO,07/01/2020,09:19:07,19.05,18.55,1375,19.7,5500,0,336875
ICICIBANK30Jan20545PE.NFO,07/01/2020,09:19:14,19.05,18.45,1375,19.7,5500,0,336875
ICICIBANK30Jan20545PE.NFO,07/01/2020,09:19:21,19.05,18.15,1375,19.1,1375,0,336875
ICICIBANK30Jan20545PE.NFO,07/01/2020,09:19:28,19.05,18.15,1375,18.95,1375,0,336875
ICICIBANK30Jan20545PE.NFO,07/01/2020,09:19:35,19.05,18,1375,18.85,1375,0,336875
ICICIBANK30Jan20545PE.NFO,07/01/2020,09:19:42,18.2,17.6,9625,18.75,1375,1375,336875
ICICIBANK30Jan20545PE.NFO,07/01/2020,09:19:42,18.2,17.6,9625,18.75,1375,0,336875
ICICIBANK30Jan20545PE.NFO,07/01/2020,09:19:49,18.2,17.6,9625,18.65,2750,0,336875
ICICIBANK30Jan20545PE.NFO,07/01/2020,09:19:56,18.2,17.6,9625,18.55,1375,0,336875
ICICIBANK30Jan20545PE.NFO,07/01/2020,09:20:02,18.2,17.9,1375,18.7,2750,0,336875
ICICIBANK30Jan20545PE.NFO,07/01/2020,09:20:08,18.2,18.05,2750,18.75,1375,0,336875
ICICIBANK30Jan20545PE.NFO,07/01/2020,09:20:15,18.2,18,2750,18.75,2750,0,336875
ICICIBANK30Jan20545PE.NFO,07/01/2020,09:20:21,18.2,17.95,2750,18.65,1375,0,336875
ICICIBANK30Jan20545PE.NFO,07/01/2020,09:20:27,18.2,17.9,1375,18.55,1375,0,336875
ICICIBANK30Jan20545PE.NFO,07/01/2020,09:20:34,18.2,17.6,1375,18.35,1375,2750,335500
ICICIBANK30Jan20545PE.NFO,07/01/2020,09:20:40,18.2,17.75,1375,18.35,1375,0,335500
ICICIBANK30Jan20545PE.NFO,07/01/2020,09:20:46,18.2,17.45,6875,18.35,1375,0,335500
ICICIBANK30Jan20545PE.NFO,07/01/2020,09:20:53,18.2,17.45,5500,18.3,1375,0,335500
ICICIBANK30Jan20545PE.NFO,07/01/2020,09:20:59,18.2,17.55,1375,18.25,1375,0,335500
ICICIBANK30Jan20545PE.NFO,07/01/2020,09:21:06,18.2,17.45,1375,18.25,1375,0,335500
ICICIBANK30Jan20545PE.NFO,07/01/2020,09:21:14,18.2,17.2,4125,17.95,2750,0,335500
ICICIBANK30Jan20545PE.NFO,07/01/2020,09:21:22,18.2,17.3,1375,18.1,1375,0,335500
ICICIBANK30Jan20545PE.NFO,07/01/2020,09:21:29,18.2,17.2,5500,18,2750,0,335500
ICICIBANK30Jan20545PE.NFO,07/01/2020,09:21:35,18.2,17.45,2750,18,1375,0,335500
ICICIBANK30Jan20545PE.NFO,07/01/2020,09:21:41,18,17.65,1375,18.3,2750,1375,335500
ICICIBANK30Jan20545PE.NFO,07/01/2020,09:21:41,18,17.65,1375,18.3,2750,0,335500
ICICIBANK30Jan20545PE.NFO,07/01/2020,09:21:48,18,17.55,1375,18.2,1375,0,335500
ICICIBANK30Jan20545PE.NFO,07/01/2020,09:21:55,18,17.4,5500,18.35,1375,0,335500
ICICIBANK30Jan20545PE.NFO,07/01/2020,09:22:01,18,17.45,1375,18.1,4125,0,335500
ICICIBANK30Jan20545PE.NFO,07/01/2020,09:22:07,18,17.3,6875,17.95,4125,0,335500
ICICIBANK30Jan20545PE.NFO,07/01/2020,09:22:15,18,17.3,6875,17.9,1375,0,335500
ICICIBANK30Jan20545PE.NFO,07/01/2020,09:22:21,18,17.1,2750,17.9,1375,0,335500
ICICIBANK30Jan20545PE.NFO,07/01/2020,09:22:28,18,17,2750,17.65,2750,0,335500
ICICIBANK30Jan20545PE.NFO,07/01/2020,09:22:35,18,17.05,1375,17.6,1375,0,335500
ICICIBANK30Jan20545PE.NFO,07/01/2020,09:22:42,18,16.95,2750,17.6,1375,0,335500
ICICIBANK30Jan20545PE.NFO,07/01/2020,09:22:48,18,17.25,2750,17.9,1375,0,335500
ICICIBANK30Jan20545PE.NFO,07/01/2020,09:22:54,17.5,17.2,2750,17.9,1375,1375,335500
ICICIBANK30Jan20545PE.NFO,07/01/2020,09:22:54,17.5,17.2,2750,17.9,1375,0,335500
ICICIBANK30Jan20545PE.NFO,07/01/2020,09:23:01,17.5,17.3,2750,17.9,1375,0,335500
ICICIBANK30Jan20545PE.NFO,07/01/2020,09:23:06,17.5,17.15,1375,17.9,1375,0,335500
ICICIBANK30Jan20545PE.NFO,07/01/2020,09:23:12,17.5,17.35,1375,17.9,1375,0,335500
ICICIBANK30Jan20545PE.NFO,07/01/2020,09:23:18,17.5,17.45,1375,18,1375,0,335500
ICICIBANK30Jan20545PE.NFO,07/01/2020,09:23:24,17.5,17.5,1375,18,1375,0,335500
ICICIBANK30Jan20545PE.NFO,07/01/2020,09:23:30,17.5,17.6,1375,18,1375,0,335500
ICICIBANK30Jan20545PE.NFO,07/01/2020,09:23:36,17.5,17.7,1375,18,1375,0,335500
ICICIBANK30Jan20545PE.NFO,07/01/2020,09:23:42,17.5,17.65,1375,18.2,1375,0,335500
ICICIBANK30Jan20545PE.NFO,07/01/2020,09:23:49,17.5,17.75,2750,18.4,1375,0,335500
ICICIBANK30Jan20545PE.NFO,07/01/2020,09:23:54,17.5,17.85,1375,18.4,1375,0,335500
ICICIBANK30Jan20545PE.NFO,07/01/2020,09:24:01,17.5,17.7,2750,18.3,4125,0,335500
ICICIBANK30Jan20545PE.NFO,07/01/2020,09:24:07,17.5,17.75,1375,18.3,1375,0,335500
ICICIBANK30Jan20545PE.NFO,07/01/2020,09:24:12,17.5,17.85,1375,18.3,1375,0,335500
ICICIBANK30Jan20545PE.NFO,07/01/2020,09:24:18,17.5,17.95,1375,18.3,1375,0,335500
ICICIBANK30Jan20545PE.NFO,07/01/2020,09:24:24,17.5,18.05,1375,18.3,1375,0,335500
ICICIBANK30Jan20545PE.NFO,07/01/2020,09:24:30,17.5,18.05,2750,18.55,1375,0,335500
ICICIBANK30Jan20545PE.NFO,07/01/2020,09:24:35,17.5,18.2,1375,18.55,1375,0,335500
ICICIBANK30Jan20545PE.NFO,07/01/2020,09:24:46,18.55,18.15,2750,18.9,2750,1375,335500
ICICIBANK30Jan20545PE.NFO,07/01/2020,09:24:51,18.55,18.45,1375,18.9,2750,0,335500
ICICIBANK30Jan20545PE.NFO,07/01/2020,09:24:57,18.55,18.3,4125,18.9,1375,0,335500
ICICIBANK30Jan20545PE.NFO,07/01/2020,09:25:03,18.55,18.2,1375,18.75,2750,0,335500
ICICIBANK30Jan20545PE.NFO,07/01/2020,09:25:09,18.55,18.05,6875,18.55,1375,0,335500
ICICIBANK30Jan20545PE.NFO,07/01/2020,09:25:16,18.55,18.25,1375,18.7,1375,0,335500
ICICIBANK30Jan20545PE.NFO,07/01/2020,09:25:22,18.55,18.2,1375,18.7,1375,0,335500
ICICIBANK30Jan20545PE.NFO,07/01/2020,09:25:29,18.55,18.2,1375,18.6,2750,0,335500
ICICIBANK30Jan20545PE.NFO,07/01/2020,09:25:35,18.55,18.05,6875,18.45,1375,0,335500
ICICIBANK30Jan20545PE.NFO,07/01/2020,09:25:41,18.55,17.95,1375,18.55,2750,0,335500
ICICIBANK30Jan20545PE.NFO,07/01/2020,09:25:47,18.55,17.95,1375,18.45,2750,0,335500
ICICIBANK30Jan20545PE.NFO,07/01/2020,09:26:01,18.55,18,2750,18.6,6875,0,335500
ICICIBANK30Jan20545PE.NFO,07/01/2020,09:26:15,18.55,18.1,1375,18.55,2750,0,335500
ICICIBANK30Jan20545PE.NFO,07/01/2020,09:26:21,18.55,18.25,1375,18.55,2750,0,335500
ICICIBANK30Jan20545PE.NFO,07/01/2020,09:26:27,18.55,18.4,1375,18.9,1375,2750,336875
ICICIBANK30Jan20545PE.NFO,07/01/2020,09:26:33,18.55,18.2,1375,18.75,2750,0,336875
ICICIBANK30Jan20545PE.NFO,07/01/2020,09:26:39,18.55,18.3,2750,18.9,2750,0,336875
ICICIBANK30Jan20545PE.NFO,07/01/2020,09:26:44,18.55,18.35,1375,18.85,1375,0,336875
ICICIBANK30Jan20545PE.NFO,07/01/2020,09:26:50,18.55,18.35,1375,18.9,2750,0,336875
ICICIBANK30Jan20545PE.NFO,07/01/2020,09:26:55,18.55,18.35,1375,18.85,1375,0,336875
ICICIBANK30Jan20545PE.NFO,07/01/2020,09:27:02,18.55,18.3,1375,18.9,2750,0,336875
ICICIBANK30Jan20545PE.NFO,07/01/2020,09:27:07,18.55,18.45,1375,18.9,2750,0,336875
ICICIBANK30Jan20545PE.NFO,07/01/2020,09:27:12,18.55,18.45,1375,19,1375,0,336875
ICICIBANK30Jan20545PE.NFO,07/01/2020,09:27:18,18.55,18.2,6875,18.9,4125,0,336875
ICICIBANK30Jan20545PE.NFO,07/01/2020,09:27:29,18.55,18.4,1375,18.9,2750,0,336875
ICICIBANK30Jan20545PE.NFO,07/01/2020,09:27:35,18.55,18.5,1375,19,1375,0,336875
ICICIBANK30Jan20545PE.NFO,07/01/2020,09:27:41,18.55,18.45,1375,19,1375,0,336875
ICICIBANK30Jan20545PE.NFO,07/01/2020,09:27:47,18.55,18.5,4125,19.05,2750,0,336875
ICICIBANK30Jan20545PE.NFO,07/01/2020,09:28:08,18.55,18.45,1375,19,4125,0,336875
ICICIBANK30Jan20545PE.NFO,07/01/2020,09:28:15,18.55,18.5,1375,18.95,1375,0,336875
ICICIBANK30Jan20545PE.NFO,07/01/2020,09:28:25,18.55,18.55,2750,19.05,4125,0,336875
ICICIBANK30Jan20545PE.NFO,07/01/2020,09:28:42,18.55,18.5,1375,19,2750,0,336875
ICICIBANK30Jan20545PE.NFO,07/01/2020,09:28:52,18.55,18.45,1375,18.9,1375,0,336875
ICICIBANK30Jan20545PE.NFO,07/01/2020,09:28:58,18.55,18.5,1375,18.9,1375,0,336875
ICICIBANK30Jan20545PE.NFO,07/01/2020,09:29:03,18.55,18.45,1375,18.9,1375,0,336875
ICICIBANK30Jan20545PE.NFO,07/01/2020,09:29:09,18.55,18.45,1375,18.85,1375,0,336875
ICICIBANK30Jan20545PE.NFO,07/01/2020,09:29:20,18.55,18.45,1375,18.9,1375,0,336875
ICICIBANK30Jan20545PE.NFO,07/01/2020,09:29:25,18.55,18.55,2750,19,1375,0,336875
ICICIBANK30Jan20545PE.NFO,07/01/2020,09:29:31,18.55,18.7,1375,19.1,1375,0,336875
ICICIBANK30Jan20545PE.NFO,07/01/2020,09:29:37,18.55,18.65,2750,19.15,1375,0,336875
ICICIBANK30Jan20545PE.NFO,07/01/2020,09:29:42,18.55,18.65,1375,19.15,1375,0,336875
ICICIBANK30Jan20545PE.NFO,07/01/2020,09:29:47,18.55,18.65,1375,19.1,2750,0,336875
ICICIBANK30Jan20545PE.NFO,07/01/2020,09:30:04,18.55,18.55,9625,19.05,2750,0,336875
ICICIBANK30Jan20545PE.NFO,07/01/2020,09:30:10,18.55,18.55,9625,19.05,1375,0,336875
ICICIBANK30Jan20545PE.NFO,07/01/2020,09:30:15,18.55,18.55,8250,19,2750,0,336875
ICICIBANK30Jan20545PE.NFO,07/01/2020,09:30:20,18.55,18.5,6875,18.95,2750,0,336875
ICICIBANK30Jan20545PE.NFO,07/01/2020,09:30:25,18.55,18.4,1375,18.8,1375,0,336875
ICICIBANK30Jan20545PE.NFO,07/01/2020,09:30:40,18.55,18.35,2750,18.75,1375,0,336875
ICICIBANK30Jan20545PE.NFO,07/01/2020,09:30:45,18.55,18.3,1375,18.75,1375,0,336875
ICICIBANK30Jan20545PE.NFO,07/01/2020,09:30:55,18.55,18.3,2750,18.75,1375,0,336875
ICICIBANK30Jan20545PE.NFO,07/01/2020,09:31:00,18.55,18.4,1375,18.75,1375,0,336875
ICICIBANK30Jan20545PE.NFO,07/01/2020,09:31:05,18.55,18.3,2750,18.75,1375,0,336875
ICICIBANK30Jan20545PE.NFO,07/01/2020,09:31:18,18.55,18.2,1375,18.6,1375,0,336875
ICICIBANK30Jan20545PE.NFO,07/01/2020,09:31:24,18.55,18.15,8250,18.55,2750,0,336875
ICICIBANK30Jan20545PE.NFO,07/01/2020,09:31:29,18.55,18.15,6875,18.55,2750,0,336875
ICICIBANK30Jan20545PE.NFO,07/01/2020,09:31:34,18.55,18.15,6875,18.55,1375,0,336875
ICICIBANK30Jan20545PE.NFO,07/01/2020,09:31:40,18.55,18.15,1375,18.5,1375,0,336875
ICICIBANK30Jan20545PE.NFO,07/01/2020,09:31:46,18.55,18.1,1375,18.5,1375,0,336875
ICICIBANK30Jan20545PE.NFO,07/01/2020,09:31:51,18.55,18.15,1375,18.5,1375,0,336875
ICICIBANK30Jan20545PE.NFO,07/01/2020,09:32:02,18.55,18.1,1375,18.5,1375,0,336875
ICICIBANK30Jan20545PE.NFO,07/01/2020,09:32:07,18.55,18.1,1375,18.45,1375,0,336875
ICICIBANK30Jan20545PE.NFO,07/01/2020,09:32:13,18.55,18.1,2750,18.45,1375,0,336875
ICICIBANK30Jan20545PE.NFO,07/01/2020,09:32:19,18.55,17.85,2750,18.3,1375,0,336875
ICICIBANK30Jan20545PE.NFO,07/01/2020,09:32:25,18.55,18,1375,18.4,1375,0,336875
ICICIBANK30Jan20545PE.NFO,07/01/2020,09:32:31,18.55,18,2750,18.35,1375,0,336875
ICICIBANK30Jan20545PE.NFO,07/01/2020,09:32:37,18.55,18,4125,18.4,1375,0,336875
ICICIBANK30Jan20545PE.NFO,07/01/2020,09:32:42,18.55,18.1,1375,18.7,4125,0,336875
ICICIBANK30Jan20545PE.NFO,07/01/2020,09:32:48,18.55,18.15,1375,18.5,1375,0,336875
ICICIBANK30Jan20545PE.NFO,07/01/2020,09:33:00,18.55,18.15,1375,18.55,1375,0,336875
ICICIBANK30Jan20545PE.NFO,07/01/2020,09:33:11,18.55,18.2,2750,18.65,2750,0,336875
ICICIBANK30Jan20545PE.NFO,07/01/2020,09:33:17,18.55,18.2,1375,18.6,2750,0,336875
ICICIBANK30Jan20545PE.NFO,07/01/2020,09:33:28,18.55,18.2,1375,18.6,1375,0,336875
ICICIBANK30Jan20545PE.NFO,07/01/2020,09:33:48,18.55,18.3,1375,18.7,1375,0,336875
ICICIBANK30Jan20545PE.NFO,07/01/2020,09:34:01,18.55,18.2,2750,18.65,2750,0,336875
ICICIBANK30Jan20545PE.NFO,07/01/2020,09:34:06,18.55,18.25,1375,18.65,2750,0,336875
ICICIBANK30Jan20545PE.NFO,07/01/2020,09:34:12,18.55,18.3,1375,18.65,1375,0,336875
ICICIBANK30Jan20545PE.NFO,07/01/2020,09:34:17,18.55,18.25,1375,18.65,1375,0,336875
ICICIBANK30Jan20545PE.NFO,07/01/2020,09:34:22,18.55,18.3,1375,18.65,1375,0,336875
ICICIBANK30Jan20545PE.NFO,07/01/2020,09:34:27,18.55,18.4,1375,18.8,2750,0,336875
ICICIBANK30Jan20545PE.NFO,07/01/2020,09:34:33,18.55,18.4,1375,18.8,1375,0,336875
ICICIBANK30Jan20545PE.NFO,07/01/2020,09:34:40,18.55,18.5,2750,18.95,1375,0,336875
ICICIBANK30Jan20545PE.NFO,07/01/2020,09:34:45,18.55,18.55,1375,18.95,1375,0,336875
ICICIBANK30Jan20545PE.NFO,07/01/2020,09:34:56,18.55,18.55,1375,18.9,2750,0,336875
ICICIBANK30Jan20545PE.NFO,07/01/2020,09:35:01,18.55,18.45,1375,18.85,5500,0,336875
ICICIBANK30Jan20545PE.NFO,07/01/2020,09:35:07,18.55,18.15,2750,18.55,1375,0,336875
ICICIBANK30Jan20545PE.NFO,07/01/2020,09:35:21,18.55,18.2,1375,18.55,1375,0,336875
ICICIBANK30Jan20545PE.NFO,07/01/2020,09:35:31,18.55,18.2,2750,18.6,1375,0,336875
ICICIBANK30Jan20545PE.NFO,07/01/2020,09:35:36,18.55,18.25,2750,18.65,2750,0,336875
ICICIBANK30Jan20545PE.NFO,07/01/2020,09:35:42,18.55,18.3,2750,18.65,1375,0,336875
ICICIBANK30Jan20545PE.NFO,07/01/2020,09:35:49,18.55,18.4,2750,18.8,1375,0,336875
ICICIBANK30Jan20545PE.NFO,07/01/2020,09:35:55,18.55,18.4,1375,18.75,2750,0,336875
ICICIBANK30Jan20545PE.NFO,07/01/2020,09:36:11,18.55,18.05,1375,18.45,2750,0,336875
ICICIBANK30Jan20545PE.NFO,07/01/2020,09:36:17,18.55,18,4125,18.3,4125,0,336875
ICICIBANK30Jan20545PE.NFO,07/01/2020,09:36:23,18.55,18,4125,18.25,1375,0,336875
ICICIBANK30Jan20545PE.NFO,07/01/2020,09:36:28,18.55,18,4125,18.2,1375,0,336875
ICICIBANK30Jan20545PE.NFO,07/01/2020,09:36:37,18.55,18,4125,18.25,1375,0,336875
ICICIBANK30Jan20545PE.NFO,07/01/2020,09:36:42,18.55,18,4125,18.2,1375,0,336875
ICICIBANK30Jan20545PE.NFO,07/01/2020,09:36:47,18.55,18,4125,18.25,1375,0,336875
ICICIBANK30Jan20545PE.NFO,07/01/2020,09:36:56,18.55,18.05,1375,18.3,2750,0,336875
ICICIBANK30Jan20545PE.NFO,07/01/2020,09:37:01,18.55,18.05,1375,18.3,1375,0,336875
ICICIBANK30Jan20545PE.NFO,07/01/2020,09:37:05,18.05,18,5500,18.25,1375,1375,336875
ICICIBANK30Jan20545PE.NFO,07/01/2020,09:37:10,18.05,18,5500,18.25,1375,0,336875
ICICIBANK30Jan20545PE.NFO,07/01/2020,09:37:23,18.05,18.05,1375,18.35,1375,0,336875
ICICIBANK30Jan20545PE.NFO,07/01/2020,09:37:28,18.05,18.15,1375,18.4,1375,0,336875
ICICIBANK30Jan20545PE.NFO,07/01/2020,09:37:33,18.05,18.1,1375,18.35,2750,0,336875
ICICIBANK30Jan20545PE.NFO,07/01/2020,09:37:37,18.05,18.1,1375,18.35,1375,0,336875
ICICIBANK30Jan20545PE.NFO,07/01/2020,09:38:02,18.05,18.05,1375,18.3,1375,0,336875
ICICIBANK30Jan20545PE.NFO,07/01/2020,09:38:07,18.05,18.05,2750,18.3,1375,0,336875
ICICIBANK30Jan20545PE.NFO,07/01/2020,09:38:20,18.05,18.1,1375,18.35,1375,0,336875
ICICIBANK30Jan20545PE.NFO,07/01/2020,09:38:28,18.05,18.15,4125,18.4,1375,0,336875
ICICIBANK30Jan20545PE.NFO,07/01/2020,09:38:37,18.05,18.25,4125,18.55,2750,0,336875
ICICIBANK30Jan20545PE.NFO,07/01/2020,09:38:41,18.05,18.4,1375,18.7,1375,0,336875
ICICIBANK30Jan20545PE.NFO,07/01/2020,09:38:59,18.05,18.45,2750,18.75,1375,0,336875
ICICIBANK30Jan20545PE.NFO,07/01/2020,09:39:11,18.05,18.45,1375,18.75,1375,0,336875
ICICIBANK30Jan20545PE.NFO,07/01/2020,09:39:16,18.05,18.2,2750,18.5,1375,0,336875
ICICIBANK30Jan20545PE.NFO,07/01/2020,09:39:21,18.05,18.25,1375,18.5,1375,0,336875
ICICIBANK30Jan20545PE.NFO,07/01/2020,09:39:25,18.05,18.15,2750,18.45,1375,0,336875
ICICIBANK30Jan20545PE.NFO,07/01/2020,09:39:30,18.05,18.1,8250,18.45,1375,0,336875
ICICIBANK30Jan20545PE.NFO,07/01/2020,09:39:35,18.05,18.1,6875,18.45,1375,0,336875
ICICIBANK30Jan20545PE.NFO,07/01/2020,09:39:38,18.05,18.15,2750,18.45,1375,0,336875
ICICIBANK30Jan20545PE.NFO,07/01/2020,09:39:43,18.45,18.25,1375,18.55,1375,1375,338250
ICICIBANK30Jan20545PE.NFO,07/01/2020,09:39:47,18.45,18.25,1375,18.55,1375,0,338250
ICICIBANK30Jan20545PE.NFO,07/01/2020,09:39:55,18.45,18.15,2750,18.5,4125,0,338250
ICICIBANK30Jan20545PE.NFO,07/01/2020,09:40:03,18.45,18,4125,18.3,1375,0,338250
ICICIBANK30Jan20545PE.NFO,07/01/2020,09:40:09,18.45,18,4125,18.3,2750,0,338250
ICICIBANK30Jan20545PE.NFO,07/01/2020,09:40:14,18.45,18,4125,18.25,1375,0,338250
ICICIBANK30Jan20545PE.NFO,07/01/2020,09:40:19,18.45,18.05,2750,18.35,1375,0,338250
ICICIBANK30Jan20545PE.NFO,07/01/2020,09:40:29,18.05,18,4125,18.05,1375,1375,338250
ICICIBANK30Jan20545PE.NFO,07/01/2020,09:40:34,18.05,18.05,1375,18.35,1375,1375,338250
ICICIBANK30Jan20545PE.NFO,07/01/2020,09:40:39,18.05,18.1,1375,18.35,1375,0,338250
ICICIBANK30Jan20545PE.NFO,07/01/2020,09:40:44,18.1,18,5500,18.3,2750,1375,338250
ICICIBANK30Jan20545PE.NFO,07/01/2020,09:40:48,18.1,18,4125,18.25,6875,0,338250
ICICIBANK30Jan20545PE.NFO,07/01/2020,09:40:53,18,17.8,1375,18.1,1375,4125,338250
ICICIBANK30Jan20545PE.NFO,07/01/2020,09:40:57,18,17.85,1375,18.1,1375,0,338250
ICICIBANK30Jan20545PE.NFO,07/01/2020,09:41:02,18,17.8,2750,18.05,1375,0,338250
ICICIBANK30Jan20545PE.NFO,07/01/2020,09:41:08,18.05,18,4125,18.2,2750,2750,338250
ICICIBANK30Jan20545PE.NFO,07/01/2020,09:41:14,18.05,18,4125,18.2,1375,0,338250
ICICIBANK30Jan20545PE.NFO,07/01/2020,09:41:22,18.05,18,5500,18.25,6875,0,338250
ICICIBANK30Jan20545PE.NFO,07/01/2020,09:41:27,18.05,18,4125,18.2,1375,0,338250
ICICIBANK30Jan20545PE.NFO,07/01/2020,09:41:32,18.05,17.95,2750,18.2,1375,0,338250
ICICIBANK30Jan20545PE.NFO,07/01/2020,09:41:42,18.05,17.9,1375,18.15,2750,0,338250
ICICIBANK30Jan20545PE.NFO,07/01/2020,09:42:04,18.05,17.95,1375,18.2,1375,0,338250
ICICIBANK30Jan20545PE.NFO,07/01/2020,09:42:17,18.05,17.95,2750,18.2,1375,0,338250
ICICIBANK30Jan20545PE.NFO,07/01/2020,09:42:24,18.05,17.8,6875,18.1,2750,0,338250
ICICIBANK30Jan20545PE.NFO,07/01/2020,09:42:31,18.05,17.8,6875,18.05,1375,0,338250
ICICIBANK30Jan20545PE.NFO,07/01/2020,09:42:38,18.05,17.85,1375,18.1,2750,0,338250
ICICIBANK30Jan20545PE.NFO,07/01/2020,09:42:45,18.05,17.9,2750,18.2,5500,0,338250
ICICIBANK30Jan20545PE.NFO,07/01/2020,09:42:51,18.05,17.95,2750,18.25,2750,0,338250
ICICIBANK30Jan20545PE.NFO,07/01/2020,09:43:03,18.05,17.95,1375,18.2,1375,0,338250
ICICIBANK30Jan20545PE.NFO,07/01/2020,09:43:09,18.05,17.95,1375,18.2,2750,0,338250
ICICIBANK30Jan20545PE.NFO,07/01/2020,09:43:14,18.05,17.8,5500,18.1,2750,0,338250
ICICIBANK30Jan20545PE.NFO,07/01/2020,09:43:19,18.05,17.8,5500,18.05,2750,0,338250
ICICIBANK30Jan20545PE.NFO,07/01/2020,09:43:25,18.05,17.8,4125,18.05,2750,0,338250
ICICIBANK30Jan20545PE.NFO,07/01/2020,09:43:34,18.05,17.8,5500,18,2750,0,338250
ICICIBANK30Jan20545PE.NFO,07/01/2020,09:43:44,18.05,17.8,6875,18.05,1375,0,338250
ICICIBANK30Jan20545PE.NFO,07/01/2020,09:43:53,18.05,17.8,4125,17.95,1375,0,338250
ICICIBANK30Jan20545PE.NFO,07/01/2020,09:43:57,18.05,17.8,4125,18.1,4125,0,338250
ICICIBANK30Jan20545PE.NFO,07/01/2020,09:44:02,18.05,17.8,4125,17.95,2750,0,338250
ICICIBANK30Jan20545PE.NFO,07/01/2020,09:44:08,18.05,17.8,4125,17.95,1375,0,338250
ICICIBANK30Jan20545PE.NFO,07/01/2020,09:44:13,18.05,17.8,4125,17.9,1375,0,338250
ICICIBANK30Jan20545PE.NFO,07/01/2020,09:44:19,17.8,17.6,2750,17.85,4125,4125,338250
ICICIBANK30Jan20545PE.NFO,07/01/2020,09:44:24,17.6,17.45,1375,17.6,1375,1375,338250
ICICIBANK30Jan20545PE.NFO,07/01/2020,09:44:30,17.6,17.55,2750,17.8,1375,0,338250
ICICIBANK30Jan20545PE.NFO,07/01/2020,09:44:40,17.6,17.5,2750,17.75,1375,0,338250
ICICIBANK30Jan20545PE.NFO,07/01/2020,09:44:45,17.75,17.55,2750,17.85,2750,1375,338250
ICICIBANK30Jan20545PE.NFO,07/01/2020,09:44:50,17.75,17.6,4125,17.85,1375,0,338250
ICICIBANK30Jan20545PE.NFO,07/01/2020,09:45:00,17.75,17.6,1375,17.8,1375,0,338250
ICICIBANK30Jan20545PE.NFO,07/01/2020,09:45:06,17.75,17.45,4125,17.75,1375,0,338250
ICICIBANK30Jan20545PE.NFO,07/01/2020,09:45:12,17.75,17.4,2750,17.65,1375,0,338250
ICICIBANK30Jan20545PE.NFO,07/01/2020,09:45:19,17.75,17.35,1375,17.6,1375,0,338250
ICICIBANK30Jan20545PE.NFO,07/01/2020,09:45:25,17.75,17.4,1375,17.7,1375,0,338250
ICICIBANK30Jan20545PE.NFO,07/01/2020,09:45:31,17.75,17.4,2750,17.7,1375,0,338250
ICICIBANK30Jan20545PE.NFO,07/01/2020,09:45:37,17.75,17.5,2750,17.8,1375,0,338250
ICICIBANK30Jan20545PE.NFO,07/01/2020,09:45:43,17.75,17.55,2750,17.9,2750,0,338250
ICICIBANK30Jan20545PE.NFO,07/01/2020,09:45:48,17.75,17.65,2750,17.95,1375,0,338250
ICICIBANK30Jan20545PE.NFO,07/01/2020,09:45:54,17.75,17.75,1375,18.1,5500,0,338250
ICICIBANK30Jan20545PE.NFO,07/01/2020,09:46:00,17.75,17.8,2750,18.15,2750,0,338250
ICICIBANK30Jan20545PE.NFO,07/01/2020,09:46:05,17.75,17.75,1375,18.1,5500,0,338250
ICICIBANK30Jan20545PE.NFO,07/01/2020,09:46:10,17.75,17.75,1375,18.1,4125,0,338250
ICICIBANK30Jan20545PE.NFO,07/01/2020,09:46:16,17.75,17.75,1375,18.05,6875,0,338250
ICICIBANK30Jan20545PE.NFO,07/01/2020,09:46:20,17.75,17.75,1375,18.05,2750,0,338250
ICICIBANK30Jan20545PE.NFO,07/01/2020,09:46:30,17.75,17.8,1375,18.15,1375,0,338250
ICICIBANK30Jan20545PE.NFO,07/01/2020,09:46:36,17.75,17.8,2750,18.1,1375,0,338250
ICICIBANK30Jan20545PE.NFO,07/01/2020,09:46:41,17.75,17.85,2750,18.2,2750,0,338250
ICICIBANK30Jan20545PE.NFO,07/01/2020,09:46:45,17.75,17.75,2750,18.1,4125,0,338250
ICICIBANK30Jan20545PE.NFO,07/01/2020,09:46:49,17.75,17.55,1375,17.9,2750,0,338250
ICICIBANK30Jan20545PE.NFO,07/01/2020,09:46:58,17.75,17.5,2750,17.85,1375,0,338250
ICICIBANK30Jan20545PE.NFO,07/01/2020,09:47:08,17.75,17.55,1375,17.85,1375,0,338250
ICICIBANK30Jan20545PE.NFO,07/01/2020,09:47:20,17.75,17.6,2750,17.9,2750,0,338250
ICICIBANK30Jan20545PE.NFO,07/01/2020,09:47:30,17.75,17.55,2750,17.9,2750,0,338250
ICICIBANK30Jan20545PE.NFO,07/01/2020,09:47:34,17.75,17.55,2750,17.85,1375,0,338250
ICICIBANK30Jan20545PE.NFO,07/01/2020,09:47:39,17.75,17.45,1375,17.8,4125,0,338250
ICICIBANK30Jan20545PE.NFO,07/01/2020,09:47:43,17.75,17.4,2750,17.8,5500,0,338250
ICICIBANK30Jan20545PE.NFO,07/01/2020,09:47:51,17.75,17.35,1375,17.65,1375,0,338250
ICICIBANK30Jan20545PE.NFO,07/01/2020,09:47:55,17.75,17.35,1375,17.7,1375,0,338250
ICICIBANK30Jan20545PE.NFO,07/01/2020,09:47:59,17.75,17.35,1375,17.65,1375,0,338250
ICICIBANK30Jan20545PE.NFO,07/01/2020,09:48:11,17.75,17.4,1375,17.7,1375,0,338250
ICICIBANK30Jan20545PE.NFO,07/01/2020,09:48:15,17.75,17.45,1375,17.75,1375,0,338250
ICICIBANK30Jan20545PE.NFO,07/01/2020,09:48:19,17.75,17.45,1375,17.8,2750,0,338250
ICICIBANK30Jan20545PE.NFO,07/01/2020,09:48:23,17.75,17.45,1375,17.75,1375,0,338250
ICICIBANK30Jan20545PE.NFO,07/01/2020,09:48:30,17.75,17.5,1375,17.8,1375,0,338250
ICICIBANK30Jan20545PE.NFO,07/01/2020,09:48:35,17.75,17.5,1375,17.8,2750,0,338250
ICICIBANK30Jan20545PE.NFO,07/01/2020,09:49:24,17.75,17.55,1375,17.85,1375,0,338250
ICICIBANK30Jan20545PE.NFO,07/01/2020,09:49:30,17.75,17.6,4125,17.95,4125,0,338250
ICICIBANK30Jan20545PE.NFO,07/01/2020,09:49:36,17.75,17.6,2750,17.9,1375,0,338250
ICICIBANK30Jan20545PE.NFO,07/01/2020,09:49:46,17.75,17.5,4125,17.9,2750,0,338250
ICICIBANK30Jan20545PE.NFO,07/01/2020,09:49:51,17.75,17.55,1375,17.9,2750,0,338250
ICICIBANK30Jan20545PE.NFO,07/01/2020,09:49:56,17.75,17.6,1375,17.9,1375,0,338250
ICICIBANK30Jan20545PE.NFO,07/01/2020,09:50:06,17.75,17.65,4125,18,1375,0,338250
ICICIBANK30Jan20545PE.NFO,07/01/2020,09:50:11,17.75,17.65,2750,18,1375,0,338250
ICICIBANK30Jan20545PE.NFO,07/01/2020,09:50:17,17.75,17.75,1375,18.1,2750,0,338250
ICICIBANK30Jan20545PE.NFO,07/01/2020,09:50:36,17.75,17.75,1375,18.05,1375,0,338250
ICICIBANK30Jan20545PE.NFO,07/01/2020,09:50:42,17.75,17.85,2750,18.2,5500,0,338250
ICICIBANK30Jan20545PE.NFO,07/01/2020,09:50:47,17.75,17.95,2750,18.2,4125,0,338250
ICICIBANK30Jan20545PE.NFO,07/01/2020,09:50:57,17.75,18,1375,18.2,4125,0,338250
ICICIBANK30Jan20545PE.NFO,07/01/2020,09:51:07,17.75,17.95,2750,18.2,4125,0,338250
ICICIBANK30Jan20545PE.NFO,07/01/2020,09:51:33,17.75,17.9,1375,18.2,5500,0,338250
ICICIBANK30Jan20545PE.NFO,07/01/2020,09:51:38,17.75,17.85,1375,18.15,1375,0,338250
ICICIBANK30Jan20545PE.NFO,07/01/2020,09:51:51,17.75,17.75,1375,18.1,1375,0,338250
ICICIBANK30Jan20545PE.NFO,07/01/2020,09:51:59,17.75,17.7,2750,18.05,1375,0,338250
ICICIBANK30Jan20545PE.NFO,07/01/2020,09:52:03,17.75,17.7,1375,18.05,1375,0,338250
ICICIBANK30Jan20545PE.NFO,07/01/2020,09:52:07,17.75,17.8,2750,18.15,1375,0,338250
ICICIBANK30Jan20545PE.NFO,07/01/2020,09:52:15,17.75,17.85,1375,18.15,1375,0,338250
ICICIBANK30Jan20545PE.NFO,07/01/2020,09:52:20,17.75,17.9,2750,18.2,5500,0,338250
ICICIBANK30Jan20545PE.NFO,07/01/2020,09:52:39,17.75,17.95,1375,18.2,4125,0,338250
ICICIBANK30Jan20545PE.NFO,07/01/2020,09:52:43,17.75,17.95,2750,18.2,4125,0,338250
ICICIBANK30Jan20545PE.NFO,07/01/2020,09:53:15,17.75,18,5500,18.2,4125,0,338250
ICICIBANK30Jan20545PE.NFO,07/01/2020,09:53:20,18.2,17.9,5500,18.25,1375,4125,338250
ICICIBANK30Jan20545PE.NFO,07/01/2020,09:53:25,18.2,17.95,2750,18.3,2750,0,338250
ICICIBANK30Jan20545PE.NFO,07/01/2020,09:53:30,18.2,18.05,1375,18.35,1375,0,338250
ICICIBANK30Jan20545PE.NFO,07/01/2020,09:53:35,18.2,18.05,2750,18.35,1375,0,338250
ICICIBANK30Jan20545PE.NFO,07/01/2020,09:53:40,18.2,18.1,1375,18.4,2750,0,338250
ICICIBANK30Jan20545PE.NFO,07/01/2020,09:53:45,18.2,18.05,2750,18.35,1375,0,338250
ICICIBANK30Jan20545PE.NFO,07/01/2020,09:53:54,18.2,18.1,2750,18.4,2750,0,338250
ICICIBANK30Jan20545PE.NFO,07/01/2020,09:54:07,18.2,18.2,2750,18.5,2750,0,338250
ICICIBANK30Jan20545PE.NFO,07/01/2020,09:54:16,18.2,18.25,2750,18.55,4125,0,338250
ICICIBANK30Jan20545PE.NFO,07/01/2020,09:54:30,18.2,18.15,1375,18.4,1375,0,338250
ICICIBANK30Jan20545PE.NFO,07/01/2020,09:54:34,18.2,18.15,1375,18.45,2750,0,338250
ICICIBANK30Jan20545PE.NFO,07/01/2020,09:54:44,18.2,18.25,1375,18.55,5500,0,338250
ICICIBANK30Jan20545PE.NFO,07/01/2020,09:54:48,18.2,18.35,1375,18.65,1375,0,338250
ICICIBANK30Jan20545PE.NFO,07/01/2020,09:54:53,18.2,18.5,1375,18.9,1375,0,338250
ICICIBANK30Jan20545PE.NFO,07/01/2020,09:54:58,18.2,18.4,2750,18.8,1375,0,338250
ICICIBANK30Jan20545PE.NFO,07/01/2020,09:55:02,18.2,18.25,2750,18.65,2750,0,338250
ICICIBANK30Jan20545PE.NFO,07/01/2020,09:55:07,18.2,18.1,2750,18.5,1375,0,338250
ICICIBANK30Jan20545PE.NFO,07/01/2020,09:55:13,18.2,18.1,4125,18.5,2750,0,338250
ICICIBANK30Jan20545PE.NFO,07/01/2020,09:55:18,18.2,18.15,1375,18.45,2750,0,338250
ICICIBANK30Jan20545PE.NFO,07/01/2020,09:55:23,18.2,18.15,1375,18.5,2750,0,338250
ICICIBANK30Jan20545PE.NFO,07/01/2020,09:55:27,18.2,18.25,2750,18.65,1375,0,338250
ICICIBANK30Jan20545PE.NFO,07/01/2020,09:55:32,18.2,18.3,2750,18.65,1375,0,338250
ICICIBANK30Jan20545PE.NFO,07/01/2020,09:55:37,18.2,18.35,1375,18.65,1375,0,338250
ICICIBANK30Jan20545PE.NFO,07/01/2020,09:55:46,18.2,18.15,2750,18.5,2750,0,338250
ICICIBANK30Jan20545PE.NFO,07/01/2020,09:55:51,18.2,18.15,1375,18.45,2750,0,338250
ICICIBANK30Jan20545PE.NFO,07/01/2020,09:55:55,18.2,18.3,1375,18.6,2750,0,338250
ICICIBANK30Jan20545PE.NFO,07/01/2020,09:56:05,18.2,18.25,2750,18.55,2750,0,338250
ICICIBANK30Jan20545PE.NFO,07/01/2020,09:56:10,18.2,18.35,1375,18.65,1375,0,338250
ICICIBANK30Jan20545PE.NFO,07/01/2020,09:56:15,18.2,18.2,2750,18.55,1375,0,338250
ICICIBANK30Jan20545PE.NFO,07/01/2020,09:56:20,18.2,18.25,1375,18.6,4125,0,338250
ICICIBANK30Jan20545PE.NFO,07/01/2020,09:56:26,18.2,18.3,1375,18.65,2750,0,338250
ICICIBANK30Jan20545PE.NFO,07/01/2020,09:56:32,18.2,18.25,2750,18.6,1375,0,338250
ICICIBANK30Jan20545PE.NFO,07/01/2020,09:56:59,18.2,18.3,1375,18.6,2750,0,338250
ICICIBANK30Jan20545PE.NFO,07/01/2020,09:57:04,18.2,18.2,1375,18.45,1375,0,338250
ICICIBANK30Jan20545PE.NFO,07/01/2020,09:57:08,18.2,18.1,1375,18.45,1375,0,338250
ICICIBANK30Jan20545PE.NFO,07/01/2020,09:57:45,18.2,18.15,1375,18.55,1375,0,338250
ICICIBANK30Jan20545PE.NFO,07/01/2020,09:57:49,18.55,18.15,1375,18.5,1375,1375,338250
ICICIBANK30Jan20545PE.NFO,07/01/2020,09:57:54,18.55,18.05,2750,18.5,1375,0,338250
ICICIBANK30Jan20545PE.NFO,07/01/2020,09:57:59,18.55,18.15,2750,18.5,1375,0,338250
ICICIBANK30Jan20545PE.NFO,07/01/2020,09:58:04,18.55,17.85,5500,18.5,1375,0,338250
ICICIBANK30Jan20545PE.NFO,07/01/2020,09:58:09,18.55,17.95,4125,18.5,1375,0,338250
ICICIBANK30Jan20545PE.NFO,07/01/2020,09:58:13,18.55,18.05,2750,18.5,1375,0,338250
ICICIBANK30Jan20545PE.NFO,07/01/2020,09:58:17,18.55,18.15,1375,18.5,1375,0,338250
ICICIBANK30Jan20545PE.NFO,07/01/2020,09:58:21,18.55,18,1375,18.4,1375,0,338250
ICICIBANK30Jan20545PE.NFO,07/01/2020,09:58:26,18.55,18,2750,18.5,1375,0,338250
ICICIBANK30Jan20545PE.NFO,07/01/2020,09:58:31,18.55,18,1375,18.45,1375,0,338250
ICICIBANK30Jan20545PE.NFO,07/01/2020,09:58:35,18.55,18.05,1375,18.5,2750,0,338250
ICICIBANK30Jan20545PE.NFO,07/01/2020,09:58:38,18.55,17.85,6875,18.5,1375,0,338250
ICICIBANK30Jan20545PE.NFO,07/01/2020,09:58:43,18.55,18.2,2750,18.65,1375,0,338250
ICICIBANK30Jan20545PE.NFO,07/01/2020,09:58:49,18.55,18.25,1375,18.65,1375,0,338250
ICICIBANK30Jan20545PE.NFO,07/01/2020,09:58:55,18.55,18.3,1375,18.7,4125,0,338250
ICICIBANK30Jan20545PE.NFO,07/01/2020,09:59:01,18.55,18.15,4125,18.65,1375,0,338250
ICICIBANK30Jan20545PE.NFO,07/01/2020,09:59:07,18.55,18.15,1375,18.55,1375,0,338250
ICICIBANK30Jan20545PE.NFO,07/01/2020,09:59:12,18.55,18.25,1375,18.65,1375,0,338250
ICICIBANK30Jan20545PE.NFO,07/01/2020,09:59:18,18.55,18.2,1375,18.65,1375,0,338250
ICICIBANK30Jan20545PE.NFO,07/01/2020,09:59:39,18.55,18.05,2750,18.5,1375,0,338250
ICICIBANK30Jan20545PE.NFO,07/01/2020,09:59:45,18.55,18.1,1375,18.5,1375,0,338250
ICICIBANK30Jan20545PE.NFO,07/01/2020,09:59:50,18.55,18.1,1375,18.55,4125,0,338250
ICICIBANK30Jan20545PE.NFO,07/01/2020,09:59:56,18.55,18.1,2750,18.5,1375,0,338250
ICICIBANK30Jan20545PE.NFO,07/01/2020,10:00:01,18.55,18.05,1375,18.45,1375,0,338250
ICICIBANK30Jan20545PE.NFO,07/01/2020,10:00:07,18.55,18.15,1375,18.55,1375,0,338250
ICICIBANK30Jan20545PE.NFO,07/01/2020,10:00:12,18.55,17.95,2750,18.55,1375,0,338250
ICICIBANK30Jan20545PE.NFO,07/01/2020,10:00:17,18.55,18.1,1375,18.55,1375,0,338250
ICICIBANK30Jan20545PE.NFO,07/01/2020,10:00:23,18.55,18.1,1375,18.65,4125,0,338250
ICICIBANK30Jan20545PE.NFO,07/01/2020,10:00:29,18.55,18.15,1375,18.55,1375,0,338250
ICICIBANK30Jan20545PE.NFO,07/01/2020,10:00:33,18.55,18.05,6875,18.6,1375,0,338250
ICICIBANK30Jan20545PE.NFO,07/01/2020,10:00:39,18.55,18.2,1375,18.65,1375,0,338250
ICICIBANK30Jan20545PE.NFO,07/01/2020,10:00:46,18.55,18.35,1375,18.8,1375,0,338250
ICICIBANK30Jan20545PE.NFO,07/01/2020,10:00:53,18.55,18.35,1375,18.8,2750,0,338250
ICICIBANK30Jan20545PE.NFO,07/01/2020,10:00:59,18.55,18.35,1375,18.8,1375,0,338250
ICICIBANK30Jan20545PE.NFO,07/01/2020,10:01:05,18.55,18.2,2750,18.7,4125,0,338250
ICICIBANK30Jan20545PE.NFO,07/01/2020,10:01:11,18.55,18.2,1375,18.65,1375,0,338250
ICICIBANK30Jan20545PE.NFO,07/01/2020,10:01:18,18.55,18.25,1375,18.7,2750,0,338250
ICICIBANK30Jan20545PE.NFO,07/01/2020,10:01:24,18.55,18.15,2750,18.65,1375,0,338250
ICICIBANK30Jan20545PE.NFO,07/01/2020,10:01:30,18.55,18.25,1375,18.65,1375,0,338250
ICICIBANK30Jan20545PE.NFO,07/01/2020,10:01:36,18.55,18.25,2750,18.7,2750,0,338250
ICICIBANK30Jan20545PE.NFO,07/01/2020,10:01:42,18.55,18.2,1375,18.7,2750,0,338250
ICICIBANK30Jan20545PE.NFO,07/01/2020,10:01:48,18.55,18.25,1375,18.7,2750,0,338250
ICICIBANK30Jan20545PE.NFO,07/01/2020,10:01:53,18.55,18.3,1375,18.7,2750,0,338250
ICICIBANK30Jan20545PE.NFO,07/01/2020,10:01:59,18.55,18.25,1375,18.65,1375,0,338250
ICICIBANK30Jan20545PE.NFO,07/01/2020,10:02:04,18.55,18.15,1375,18.6,1375,0,338250
ICICIBANK30Jan20545PE.NFO,07/01/2020,10:02:09,18.55,18.15,2750,18.6,1375,0,338250
ICICIBANK30Jan20545PE.NFO,07/01/2020,10:02:15,18.55,18.2,1375,18.6,1375,0,338250
ICICIBANK30Jan20545PE.NFO,07/01/2020,10:02:20,18.55,18.25,1375,18.7,1375,0,338250
ICICIBANK30Jan20545PE.NFO,07/01/2020,10:02:25,18.55,18.3,2750,18.75,1375,0,338250
ICICIBANK30Jan20545PE.NFO,07/01/2020,10:02:31,18.55,18.35,1375,18.8,1375,0,338250
ICICIBANK30Jan20545PE.NFO,07/01/2020,10:02:53,18.55,18.35,4125,18.85,1375,0,338250
ICICIBANK30Jan20545PE.NFO,07/01/2020,10:02:58,18.55,18.45,1375,19,1375,0,338250
ICICIBANK30Jan20545PE.NFO,07/01/2020,10:03:03,18.55,18.6,1375,19,2750,0,338250
ICICIBANK30Jan20545PE.NFO,07/01/2020,10:03:08,18.55,18.5,4125,19.05,1375,0,338250
ICICIBANK30Jan20545PE.NFO,07/01/2020,10:03:12,18.55,18.6,1375,19.05,1375,0,338250
ICICIBANK30Jan20545PE.NFO,07/01/2020,10:03:22,18.55,18.6,1375,19.1,1375,0,338250
ICICIBANK30Jan20545PE.NFO,07/01/2020,10:03:27,18.55,18.75,1375,19.15,1375,0,338250
ICICIBANK30Jan20545PE.NFO,07/01/2020,10:03:32,18.55,18.65,1375,19.1,1375,0,338250
ICICIBANK30Jan20545PE.NFO,07/01/2020,10:03:36,18.55,18.75,1375,19.15,2750,0,338250
ICICIBANK30Jan20545PE.NFO,07/01/2020,10:03:40,18.55,18.7,1375,19.1,1375,0,338250
ICICIBANK30Jan20545PE.NFO,07/01/2020,10:03:49,18.55,18.75,1375,19.15,2750,0,338250
ICICIBANK30Jan20545PE.NFO,07/01/2020,10:03:54,18.55,18.6,2750,19.15,5500,0,338250
ICICIBANK30Jan20545PE.NFO,07/01/2020,10:03:59,18.55,18.55,2750,19.1,1375,0,338250
ICICIBANK30Jan20545PE.NFO,07/01/2020,10:04:04,18.55,18.6,1375,19,2750,0,338250
ICICIBANK30Jan20545PE.NFO,07/01/2020,10:04:08,18.55,18.65,1375,19.15,1375,0,338250
ICICIBANK30Jan20545PE.NFO,07/01/2020,10:04:13,18.55,18.75,2750,19.15,1375,0,338250
ICICIBANK30Jan20545PE.NFO,07/01/2020,10:04:17,18.55,18.65,1375,19.15,1375,0,338250
ICICIBANK30Jan20545PE.NFO,07/01/2020,10:04:21,18.55,18.7,1375,19.15,2750,0,338250
ICICIBANK30Jan20545PE.NFO,07/01/2020,10:04:25,18.55,18.4,6875,19.1,1375,0,338250
ICICIBANK30Jan20545PE.NFO,07/01/2020,10:04:29,18.55,18.55,1375,19.15,2750,0,338250
ICICIBANK30Jan20545PE.NFO,07/01/2020,10:04:34,18.55,18.55,1375,19,2750,0,338250
ICICIBANK30Jan20545PE.NFO,07/01/2020,10:04:39,18.55,18.65,1375,19.05,2750,0,338250
ICICIBANK30Jan20545PE.NFO,07/01/2020,10:04:44,18.55,18.4,5500,18.9,1375,0,338250
ICICIBANK30Jan20545PE.NFO,07/01/2020,10:04:49,18.55,18.45,4125,18.95,1375,0,338250
ICICIBANK30Jan20545PE.NFO,07/01/2020,10:04:53,18.55,18.55,1375,19.05,1375,0,338250
ICICIBANK30Jan20545PE.NFO,07/01/2020,10:04:58,18.55,18.65,1375,19.1,1375,0,338250
ICICIBANK30Jan20545PE.NFO,07/01/2020,10:05:02,18.55,18.7,4125,19.15,2750,0,338250
ICICIBANK30Jan20545PE.NFO,07/01/2020,10:05:07,18.55,18.55,4125,19.1,1375,0,338250
ICICIBANK30Jan20545PE.NFO,07/01/2020,10:05:11,18.55,18.7,1375,19.1,1375,0,338250
ICICIBANK30Jan20545PE.NFO,07/01/2020,10:05:15,18.55,18.65,1375,19.05,2750,0,338250
ICICIBANK30Jan20545PE.NFO,07/01/2020,10:05:20,18.55,18.65,1375,19.1,1375,0,338250
ICICIBANK30Jan20545PE.NFO,07/01/2020,10:05:28,18.55,18.75,1375,19.15,2750,0,338250
ICICIBANK30Jan20545PE.NFO,07/01/2020,10:05:34,18.55,19,1375,19.5,1375,0,338250
ICICIBANK30Jan20545PE.NFO,07/01/2020,10:05:40,18.55,19.05,2750,19.5,2750,0,338250
ICICIBANK30Jan20545PE.NFO,07/01/2020,10:05:46,18.55,18.75,2750,19.35,1375,0,338250
ICICIBANK30Jan20545PE.NFO,07/01/2020,10:05:52,18.55,18.85,1375,19.35,2750,0,338250
ICICIBANK30Jan20545PE.NFO,07/01/2020,10:05:58,18.55,18.95,1375,19.4,2750,0,338250
ICICIBANK30Jan20545PE.NFO,07/01/2020,10:06:03,18.55,18.9,2750,19.45,2750,0,338250
ICICIBANK30Jan20545PE.NFO,07/01/2020,10:06:08,18.55,19.1,1375,19.55,2750,0,338250
ICICIBANK30Jan20545PE.NFO,07/01/2020,10:06:14,18.55,19.05,1375,19.65,1375,0,338250
ICICIBANK30Jan20545PE.NFO,07/01/2020,10:06:19,18.55,19.15,1375,19.65,1375,0,338250
ICICIBANK30Jan20545PE.NFO,07/01/2020,10:06:24,18.55,19.15,1375,19.6,1375,0,338250
ICICIBANK30Jan20545PE.NFO,07/01/2020,10:06:41,18.55,19.2,1375,19.65,1375,0,338250
ICICIBANK30Jan20545PE.NFO,07/01/2020,10:06:47,18.55,19.3,1375,19.8,1375,0,338250
ICICIBANK30Jan20545PE.NFO,07/01/2020,10:06:53,18.55,19.25,1375,19.7,1375,0,338250
ICICIBANK30Jan20545PE.NFO,07/01/2020,10:06:58,18.55,19.2,1375,19.7,1375,0,338250
ICICIBANK30Jan20545PE.NFO,07/01/2020,10:07:03,18.55,19.3,1375,19.75,1375,0,338250
ICICIBANK30Jan20545PE.NFO,07/01/2020,10:07:09,18.55,19.2,1375,19.65,1375,0,338250
ICICIBANK30Jan20545PE.NFO,07/01/2020,10:07:15,18.55,19.3,1375,19.8,1375,0,338250
ICICIBANK30Jan20545PE.NFO,07/01/2020,10:07:21,18.55,19.25,1375,19.8,1375,0,338250
ICICIBANK30Jan20545PE.NFO,07/01/2020,10:07:27,18.55,19.2,1375,19.8,1375,0,338250
ICICIBANK30Jan20545PE.NFO,07/01/2020,10:07:32,18.55,19.25,1375,19.8,1375,0,338250
ICICIBANK30Jan20545PE.NFO,07/01/2020,10:07:37,18.55,19,4125,19.75,1375,0,338250
ICICIBANK30Jan20545PE.NFO,07/01/2020,10:07:42,18.55,19.15,1375,19.65,1375,0,338250
ICICIBANK30Jan20545PE.NFO,07/01/2020,10:07:47,18.55,19.05,1375,19.55,1375,0,338250
ICICIBANK30Jan20545PE.NFO,07/01/2020,10:07:52,18.55,18.6,6875,19.45,1375,0,338250
ICICIBANK30Jan20545PE.NFO,07/01/2020,10:07:57,18.55,18.6,6875,19.5,1375,0,338250
ICICIBANK30Jan20545PE.NFO,07/01/2020,10:08:02,18.55,18.95,1375,19.5,1375,0,338250
ICICIBANK30Jan20545PE.NFO,07/01/2020,10:08:06,18.55,19,1375,19.65,1375,0,338250
ICICIBANK30Jan20545PE.NFO,07/01/2020,10:08:10,18.55,18.95,2750,19.55,1375,0,338250
ICICIBANK30Jan20545PE.NFO,07/01/2020,10:08:15,18.55,18.75,2750,19.5,1375,0,338250
ICICIBANK30Jan20545PE.NFO,07/01/2020,10:08:20,18.55,19.05,1375,19.5,1375,0,338250
ICICIBANK30Jan20545PE.NFO,07/01/2020,10:08:24,18.55,18.75,5500,19.5,1375,0,338250
ICICIBANK30Jan20545PE.NFO,07/01/2020,10:08:29,18.55,19,2750,19.5,2750,0,338250
ICICIBANK30Jan20545PE.NFO,07/01/2020,10:08:34,18.55,18.9,1375,19.45,1375,0,338250
ICICIBANK30Jan20545PE.NFO,07/01/2020,10:08:40,18.55,18.95,1375,19.45,1375,0,338250
ICICIBANK30Jan20545PE.NFO,07/01/2020,10:08:53,18.55,18.7,5500,19.35,1375,0,338250
ICICIBANK30Jan20545PE.NFO,07/01/2020,10:08:57,18.55,18.75,4125,19.25,2750,0,338250
ICICIBANK30Jan20545PE.NFO,07/01/2020,10:09:01,18.55,18.75,2750,19.25,2750,0,338250
ICICIBANK30Jan20545PE.NFO,07/01/2020,10:09:06,18.55,18.75,1375,19.25,2750,0,338250
ICICIBANK30Jan20545PE.NFO,07/01/2020,10:09:10,18.55,18.8,2750,19.25,2750,0,338250
ICICIBANK30Jan20545PE.NFO,07/01/2020,10:09:14,18.55,18.75,1375,19.25,2750,0,338250
ICICIBANK30Jan20545PE.NFO,07/01/2020,10:09:23,18.55,18.75,1375,19.2,1375,0,338250
ICICIBANK30Jan20545PE.NFO,07/01/2020,10:09:36,18.55,18.95,1375,19.4,1375,0,338250
ICICIBANK30Jan20545PE.NFO,07/01/2020,10:09:40,18.55,18.95,1375,19.5,1375,0,338250
ICICIBANK30Jan20545PE.NFO,07/01/2020,10:09:48,18.55,19.05,1375,19.55,4125,0,338250
ICICIBANK30Jan20545PE.NFO,07/01/2020,10:09:53,18.55,18.95,1375,19.5,1375,0,338250
ICICIBANK30Jan20545PE.NFO,07/01/2020,10:09:58,18.55,18.9,4125,19.4,2750,0,338250
ICICIBANK30Jan20545PE.NFO,07/01/2020,10:10:03,18.55,18.7,4125,19.35,1375,0,338250
ICICIBANK30Jan20545PE.NFO,07/01/2020,10:10:08,18.55,18.8,1375,19.35,1375,0,338250
ICICIBANK30Jan20545PE.NFO,07/01/2020,10:10:13,18.55,18.9,1375,19.4,4125,0,338250
ICICIBANK30Jan20545PE.NFO,07/01/2020,10:10:25,18.55,18.95,2750,19.4,4125,0,338250
ICICIBANK30Jan20545PE.NFO,07/01/2020,10:10:30,18.55,18.9,1375,19.4,4125,0,338250
ICICIBANK30Jan20545PE.NFO,07/01/2020,10:10:39,18.55,18.8,1375,19.35,1375,0,338250
ICICIBANK30Jan20545PE.NFO,07/01/2020,10:10:48,18.55,18.75,1375,19.35,1375,0,338250
ICICIBANK30Jan20545PE.NFO,07/01/2020,10:10:52,18.55,18.75,1375,19.25,2750,0,338250
ICICIBANK30Jan20545PE.NFO,07/01/2020,10:10:56,18.55,18.75,1375,19.35,1375,0,338250
ICICIBANK30Jan20545PE.NFO,07/01/2020,10:11:00,18.55,18.7,1375,19.2,1375,0,338250
ICICIBANK30Jan20545PE.NFO,07/01/2020,10:11:04,18.55,18.7,4125,19.2,1375,0,338250
ICICIBANK30Jan20545PE.NFO,07/01/2020,10:11:09,18.55,18.75,1375,19.2,1375,0,338250
ICICIBANK30Jan20545PE.NFO,07/01/2020,10:11:14,18.55,18.3,2750,18.9,1375,0,338250
ICICIBANK30Jan20545PE.NFO,07/01/2020,10:11:19,18.55,18.6,1375,19.2,1375,0,338250
ICICIBANK30Jan20545PE.NFO,07/01/2020,10:11:24,18.55,18.65,1375,19.1,2750,0,338250
ICICIBANK30Jan20545PE.NFO,07/01/2020,10:11:30,18.55,18.65,2750,19.1,4125,0,338250
ICICIBANK30Jan20545PE.NFO,07/01/2020,10:11:35,18.55,18.65,1375,19.1,4125,0,338250
ICICIBANK30Jan20545PE.NFO,07/01/2020,10:11:40,18.55,18.5,2750,19,2750,0,338250
ICICIBANK30Jan20545PE.NFO,07/01/2020,10:11:45,18.55,18.6,2750,19.1,4125,0,338250
ICICIBANK30Jan20545PE.NFO,07/01/2020,10:11:55,18.55,18.6,1375,19.1,4125,0,338250
ICICIBANK30Jan20545PE.NFO,07/01/2020,10:12:01,18.55,18.65,1375,19.1,2750,0,338250
ICICIBANK30Jan20545PE.NFO,07/01/2020,10:12:06,18.55,18.45,1375,18.9,1375,0,338250
ICICIBANK30Jan20545PE.NFO,07/01/2020,10:12:12,18.55,18.6,1375,19.05,1375,0,338250
ICICIBANK30Jan20545PE.NFO,07/01/2020,10:12:18,18.55,18.55,1375,19.05,1375,0,338250
ICICIBANK30Jan20545PE.NFO,07/01/2020,10:12:23,18.55,18.55,2750,19.05,2750,0,338250
ICICIBANK30Jan20545PE.NFO,07/01/2020,10:12:32,18.55,18.45,1375,18.95,2750,0,338250
ICICIBANK30Jan20545PE.NFO,07/01/2020,10:12:37,18.55,18.45,2750,18.95,2750,0,338250
ICICIBANK30Jan20545PE.NFO,07/01/2020,10:12:42,18.55,18.5,1375,19.05,2750,0,338250
ICICIBANK30Jan20545PE.NFO,07/01/2020,10:12:46,18.55,18.5,2750,18.95,2750,0,338250
ICICIBANK30Jan20545PE.NFO,07/01/2020,10:12:56,18.55,18.45,1375,18.9,2750,0,338250
ICICIBANK30Jan20545PE.NFO,07/01/2020,10:13:02,18.55,18.4,1375,18.9,2750,0,338250
ICICIBANK30Jan20545PE.NFO,07/01/2020,10:13:07,18.55,18.4,1375,18.9,1375,0,338250
ICICIBANK30Jan20545PE.NFO,07/01/2020,10:13:12,18.55,18.5,2750,18.95,4125,0,338250
ICICIBANK30Jan20545PE.NFO,07/01/2020,10:13:17,18.55,18.45,2750,18.95,4125,0,338250
ICICIBANK30Jan20545PE.NFO,07/01/2020,10:13:22,18.55,18.45,2750,18.9,1375,0,338250
ICICIBANK30Jan20545PE.NFO,07/01/2020,10:13:40,18.55,18.35,2750,18.8,2750,0,338250
ICICIBANK30Jan20545PE.NFO,07/01/2020,10:13:52,18.55,18.25,4125,18.8,2750,0,338250
ICICIBANK30Jan20545PE.NFO,07/01/2020,10:13:57,18.55,18.3,2750,18.8,2750,0,338250
ICICIBANK30Jan20545PE.NFO,07/01/2020,10:14:06,18.55,18.3,2750,18.75,1375,0,338250
ICICIBANK30Jan20545PE.NFO,07/01/2020,10:14:16,18.55,18.25,2750,18.75,1375,0,338250
ICICIBANK30Jan20545PE.NFO,07/01/2020,10:14:27,18.55,18.3,1375,18.75,1375,0,338250
ICICIBANK30Jan20545PE.NFO,07/01/2020,10:14:32,18.55,18.35,2750,18.8,2750,0,338250
ICICIBANK30Jan20545PE.NFO,07/01/2020,10:14:37,18.55,18.3,2750,18.75,1375,0,338250
ICICIBANK30Jan20545PE.NFO,07/01/2020,10:14:42,18.55,18.2,2750,18.65,2750,0,338250
ICICIBANK30Jan20545PE.NFO,07/01/2020,10:14:52,18.55,18.2,1375,18.65,1375,0,338250
ICICIBANK30Jan20545PE.NFO,07/01/2020,10:14:57,18.55,18.2,1375,18.6,1375,0,338250
ICICIBANK30Jan20545PE.NFO,07/01/2020,10:15:02,18.55,17.95,5500,18.65,4125,0,338250
ICICIBANK30Jan20545PE.NFO,07/01/2020,10:15:07,18.55,18.15,2750,18.6,2750,0,338250
ICICIBANK30Jan20545PE.NFO,07/01/2020,10:15:17,18.55,18.1,2750,18.6,2750,0,338250
ICICIBANK30Jan20545PE.NFO,07/01/2020,10:15:32,18.55,18.15,1375,18.65,4125,0,338250
ICICIBANK30Jan20545PE.NFO,07/01/2020,10:15:36,18.55,18.15,2750,18.6,2750,0,338250
ICICIBANK30Jan20545PE.NFO,07/01/2020,10:15:47,18.55,18.3,2750,18.8,2750,0,338250
ICICIBANK30Jan20545PE.NFO,07/01/2020,10:15:53,18.55,18.4,2750,18.9,5500,0,338250
ICICIBANK30Jan20545PE.NFO,07/01/2020,10:15:58,18.55,18.4,2750,18.9,4125,0,338250
ICICIBANK30Jan20545PE.NFO,07/01/2020,10:16:03,18.55,18.4,1375,18.75,1375,0,338250
ICICIBANK30Jan20545PE.NFO,07/01/2020,10:16:08,18.55,18.35,2750,18.8,2750,0,338250
ICICIBANK30Jan20545PE.NFO,07/01/2020,10:16:12,18.55,18.35,2750,18.85,2750,0,338250
ICICIBANK30Jan20545PE.NFO,07/01/2020,10:16:17,18.55,18.3,2750,18.85,2750,0,338250
ICICIBANK30Jan20545PE.NFO,07/01/2020,10:16:21,18.55,18.3,2750,18.9,1375,0,338250
ICICIBANK30Jan20545PE.NFO,07/01/2020,10:16:25,18.55,18.4,2750,18.9,1375,0,338250
ICICIBANK30Jan20545PE.NFO,07/01/2020,10:16:30,18.55,18.4,2750,18.85,2750,0,338250
ICICIBANK30Jan20545PE.NFO,07/01/2020,10:16:35,18.55,18.4,2750,18.9,1375,0,338250
ICICIBANK30Jan20545PE.NFO,07/01/2020,10:16:41,18.55,18.65,1375,19.1,2750,0,338250
ICICIBANK30Jan20545PE.NFO,07/01/2020,10:16:46,18.55,18.45,1375,18.9,4125,0,338250
ICICIBANK30Jan20545PE.NFO,07/01/2020,10:16:50,18.55,18.3,2750,18.75,2750,0,338250
ICICIBANK30Jan20545PE.NFO,07/01/2020,10:16:59,18.55,18.35,1375,18.85,2750,0,338250
ICICIBANK30Jan20545PE.NFO,07/01/2020,10:17:03,18.55,18.4,1375,18.9,4125,0,338250
ICICIBANK30Jan20545PE.NFO,07/01/2020,10:17:07,18.55,18.4,2750,18.9,4125,0,338250
ICICIBANK30Jan20545PE.NFO,07/01/2020,10:17:12,18.55,18.5,1375,19,1375,0,338250
ICICIBANK30Jan20545PE.NFO,07/01/2020,10:17:16,18.55,18.55,4125,19.05,4125,0,338250
ICICIBANK30Jan20545PE.NFO,07/01/2020,10:17:24,18.55,18.55,4125,18.95,1375,0,338250
ICICIBANK30Jan20545PE.NFO,07/01/2020,10:17:28,18.55,18.6,1375,19,1375,0,338250
ICICIBANK30Jan20545PE.NFO,07/01/2020,10:17:33,18.55,18.55,2750,19,1375,0,338250
ICICIBANK30Jan20545PE.NFO,07/01/2020,10:17:38,18.55,18.6,1375,19.05,4125,0,338250
ICICIBANK30Jan20545PE.NFO,07/01/2020,10:17:43,18.55,18.65,2750,19.1,1375,0,338250
ICICIBANK30Jan20545PE.NFO,07/01/2020,10:17:47,18.55,18.7,2750,19.2,2750,0,338250
ICICIBANK30Jan20545PE.NFO,07/01/2020,10:17:53,18.55,18.7,5500,19.2,2750,0,338250
ICICIBANK30Jan20545PE.NFO,07/01/2020,10:17:58,18.55,18.7,4125,19.2,2750,0,338250
ICICIBANK30Jan20545PE.NFO,07/01/2020,10:18:15,18.55,18.8,1375,19.3,1375,0,338250
ICICIBANK30Jan20545PE.NFO,07/01/2020,10:18:19,18.55,18.8,2750,19.3,1375,0,338250
ICICIBANK30Jan20545PE.NFO,07/01/2020,10:18:23,18.55,18.75,1375,19.25,4125,0,338250
ICICIBANK30Jan20545PE.NFO,07/01/2020,10:18:27,18.55,18.7,5500,19.25,2750,0,338250
ICICIBANK30Jan20545PE.NFO,07/01/2020,10:18:31,18.55,18.75,1375,19.25,2750,0,338250
ICICIBANK30Jan20545PE.NFO,07/01/2020,10:18:36,18.55,18.85,1375,19.3,2750,0,338250
ICICIBANK30Jan20545PE.NFO,07/01/2020,10:18:42,18.55,18.95,1375,19.5,1375,0,338250
ICICIBANK30Jan20545PE.NFO,07/01/2020,10:18:47,18.55,18.85,1375,19.4,5500,0,338250
ICICIBANK30Jan20545PE.NFO,07/01/2020,10:18:52,18.55,18.95,1375,19.5,1375,0,338250
ICICIBANK30Jan20545PE.NFO,07/01/2020,10:18:57,18.55,18.9,1375,19.35,1375,0,338250
ICICIBANK30Jan20545PE.NFO,07/01/2020,10:19:06,18.55,18.95,1375,19.45,1375,0,338250
ICICIBANK30Jan20545PE.NFO,07/01/2020,10:19:11,18.55,19.1,1375,19.6,4125,0,338250
ICICIBANK30Jan20545PE.NFO,07/01/2020,10:19:15,18.55,19.1,1375,19.6,1375,0,338250
ICICIBANK30Jan20545PE.NFO,07/01/2020,10:19:20,18.55,19,1375,19.5,2750,0,338250
ICICIBANK30Jan20545PE.NFO,07/01/2020,10:19:25,18.55,19,1375,19.5,4125,0,338250
ICICIBANK30Jan20545PE.NFO,07/01/2020,10:19:29,18.55,18.9,1375,19.4,1375,0,338250
ICICIBANK30Jan20545PE.NFO,07/01/2020,10:19:32,18.55,18.95,1375,19.45,5500,0,338250
ICICIBANK30Jan20545PE.NFO,07/01/2020,10:19:35,18.55,18.8,4125,19.4,1375,0,338250
ICICIBANK30Jan20545PE.NFO,07/01/2020,10:19:39,18.55,18.85,1375,19.4,2750,0,338250
ICICIBANK30Jan20545PE.NFO,07/01/2020,10:19:43,18.55,18.9,1375,19.45,2750,0,338250
ICICIBANK30Jan20545PE.NFO,07/01/2020,10:19:46,18.55,18.95,1375,19.45,2750,0,338250
ICICIBANK30Jan20545PE.NFO,07/01/2020,10:19:50,18.55,18.85,1375,19.4,4125,0,338250
ICICIBANK30Jan20545PE.NFO,07/01/2020,10:19:55,18.55,18.85,1375,19.35,1375,0,338250
ICICIBANK30Jan20545PE.NFO,07/01/2020,10:19:59,18.55,18.85,1375,19.4,5500,0,338250
ICICIBANK30Jan20545PE.NFO,07/01/2020,10:20:03,18.55,18.85,1375,19.35,1375,0,338250
ICICIBANK30Jan20545PE.NFO,07/01/2020,10:20:07,18.55,18.85,1375,19.3,1375,0,338250
ICICIBANK30Jan20545PE.NFO,07/01/2020,10:20:15,18.55,18.7,5500,19.25,1375,0,338250
ICICIBANK30Jan20545PE.NFO,07/01/2020,10:20:20,18.55,18.7,1375,19.2,1375,0,338250
ICICIBANK30Jan20545PE.NFO,07/01/2020,10:20:24,18.55,18.65,2750,19.1,2750,0,338250
ICICIBANK30Jan20545PE.NFO,07/01/2020,10:20:29,18.55,18.6,2750,19.05,2750,0,338250
ICICIBANK30Jan20545PE.NFO,07/01/2020,10:20:37,18.55,18.6,2750,19.05,1375,0,338250
ICICIBANK30Jan20545PE.NFO,07/01/2020,10:20:41,18.55,18.6,2750,19.1,2750,0,338250
ICICIBANK30Jan20545PE.NFO,07/01/2020,10:20:54,18.55,18.6,2750,19.05,2750,0,338250
ICICIBANK30Jan20545PE.NFO,07/01/2020,10:21:05,18.55,18.5,2750,19.05,2750,0,338250
ICICIBANK30Jan20545PE.NFO,07/01/2020,10:21:09,18.55,18.5,1375,19.05,2750,0,338250
ICICIBANK30Jan20545PE.NFO,07/01/2020,10:21:13,18.55,18.4,2750,18.95,2750,0,338250
ICICIBANK30Jan20545PE.NFO,07/01/2020,10:21:17,18.55,18.55,1375,19.05,1375,0,338250
ICICIBANK30Jan20545PE.NFO,07/01/2020,10:21:25,18.55,18.6,1375,19.1,2750,0,338250
ICICIBANK30Jan20545PE.NFO,07/01/2020,10:21:34,18.55,18.6,2750,19.1,2750,0,338250
ICICIBANK30Jan20545PE.NFO,07/01/2020,10:21:38,18.55,18.6,2750,19.05,1375,0,338250
ICICIBANK30Jan20545PE.NFO,07/01/2020,10:21:41,18.55,18.6,2750,19.05,2750,0,338250
ICICIBANK30Jan20545PE.NFO,07/01/2020,10:22:09,18.55,18.4,5500,19.15,1375,0,338250
ICICIBANK30Jan20545PE.NFO,07/01/2020,10:22:13,18.55,18.7,1375,19.15,1375,0,338250
ICICIBANK30Jan20545PE.NFO,07/01/2020,10:22:17,18.55,18.65,1375,19.05,1375,0,338250
ICICIBANK30Jan20545PE.NFO,07/01/2020,10:22:20,18.55,18.6,2750,19.05,2750,0,338250
ICICIBANK30Jan20545PE.NFO,07/01/2020,10:22:22,18.55,18.6,2750,19.1,2750,0,338250
ICICIBANK30Jan20545PE.NFO,07/01/2020,10:22:25,18.55,18.6,2750,19.05,2750,0,338250
ICICIBANK30Jan20545PE.NFO,07/01/2020,10:22:40,18.55,18.6,1375,19.05,2750,0,338250
ICICIBANK30Jan20545PE.NFO,07/01/2020,10:22:46,18.55,18.55,2750,19.1,4125,0,338250
ICICIBANK30Jan20545PE.NFO,07/01/2020,10:22:52,18.55,18.65,1375,19.1,2750,0,338250
ICICIBANK30Jan20545PE.NFO,07/01/2020,10:22:56,18.55,18.6,1375,19.1,2750,0,338250
ICICIBANK30Jan20545PE.NFO,07/01/2020,10:23:01,18.55,18.65,2750,19.1,2750,0,338250
ICICIBANK30Jan20545PE.NFO,07/01/2020,10:23:06,18.55,18.6,2750,19.1,4125,0,338250
ICICIBANK30Jan20545PE.NFO,07/01/2020,10:23:11,18.55,18.6,2750,19.05,2750,0,338250
ICICIBANK30Jan20545PE.NFO,07/01/2020,10:23:15,18.55,18.6,2750,19.1,4125,0,338250
ICICIBANK30Jan20545PE.NFO,07/01/2020,10:23:23,18.55,18.55,2750,19.05,4125,0,338250
ICICIBANK30Jan20545PE.NFO,07/01/2020,10:23:43,18.55,18.55,2750,19.05,2750,0,338250
ICICIBANK30Jan20545PE.NFO,07/01/2020,10:23:47,18.55,18.5,1375,19,2750,0,338250
ICICIBANK30Jan20545PE.NFO,07/01/2020,10:23:51,18.55,18.4,1375,18.9,1375,0,338250
ICICIBANK30Jan20545PE.NFO,07/01/2020,10:23:55,18.55,18.4,2750,18.9,2750,0,338250
ICICIBANK30Jan20545PE.NFO,07/01/2020,10:23:58,18.55,18.5,1375,18.95,1375,0,338250
ICICIBANK30Jan20545PE.NFO,07/01/2020,10:24:06,18.55,18.45,2750,18.9,2750,0,338250
ICICIBANK30Jan20545PE.NFO,07/01/2020,10:24:10,18.55,18.45,2750,18.9,1375,0,338250
ICICIBANK30Jan20545PE.NFO,07/01/2020,10:24:14,18.55,18.45,1375,18.95,2750,0,338250
ICICIBANK30Jan20545PE.NFO,07/01/2020,10:24:18,18.55,18.4,1375,18.9,1375,0,338250
ICICIBANK30Jan20545PE.NFO,07/01/2020,10:24:21,18.55,18.4,1375,18.85,1375,0,338250
ICICIBANK30Jan20545PE.NFO,07/01/2020,10:24:24,18.55,18.45,1375,18.85,1375,0,338250
ICICIBANK30Jan20545PE.NFO,07/01/2020,10:24:28,18.55,18.4,2750,18.9,2750,0,338250
ICICIBANK30Jan20545PE.NFO,07/01/2020,10:24:35,18.55,18.45,1375,18.9,2750,0,338250
ICICIBANK30Jan20545PE.NFO,07/01/2020,10:24:41,18.55,18.4,1375,18.85,1375,0,338250
ICICIBANK30Jan20545PE.NFO,07/01/2020,10:24:45,18.55,18.4,2750,18.8,1375,0,338250
ICICIBANK30Jan20545PE.NFO,07/01/2020,10:24:48,18.55,18.35,1375,18.8,1375,0,338250
ICICIBANK30Jan20545PE.NFO,07/01/2020,10:24:51,18.55,18.4,2750,18.85,1375,0,338250
ICICIBANK30Jan20545PE.NFO,07/01/2020,10:25:10,18.55,18.35,2750,18.85,1375,0,338250
ICICIBANK30Jan20545PE.NFO,07/01/2020,10:25:16,18.55,18.4,2750,18.85,1375,0,338250
ICICIBANK30Jan20545PE.NFO,07/01/2020,10:25:28,18.55,18.35,2750,18.8,2750,0,338250
ICICIBANK30Jan20545PE.NFO,07/01/2020,10:25:32,18.55,18.45,1375,18.9,2750,0,338250
ICICIBANK30Jan20545PE.NFO,07/01/2020,10:25:37,18.55,18.5,2750,18.95,1375,0,338250
ICICIBANK30Jan20545PE.NFO,07/01/2020,10:25:42,18.55,18.55,1375,19,1375,0,338250
ICICIBANK30Jan20545PE.NFO,07/01/2020,10:25:47,18.55,18.45,1375,18.95,2750,0,338250
ICICIBANK30Jan20545PE.NFO,07/01/2020,10:25:53,18.55,18.35,1375,18.85,2750,0,338250
ICICIBANK30Jan20545PE.NFO,07/01/2020,10:25:57,18.55,18.4,1375,18.85,2750,0,338250
ICICIBANK30Jan20545PE.NFO,07/01/2020,10:26:01,18.55,18.45,1375,18.95,2750,0,338250
ICICIBANK30Jan20545PE.NFO,07/01/2020,10:26:05,18.55,18.45,2750,18.9,2750,0,338250
ICICIBANK30Jan20545PE.NFO,07/01/2020,10:26:09,18.55,18.4,1375,18.9,2750,0,338250
ICICIBANK30Jan20545PE.NFO,07/01/2020,10:26:15,18.55,18.35,1375,18.8,2750,0,338250
ICICIBANK30Jan20545PE.NFO,07/01/2020,10:26:19,18.55,18.35,2750,18.75,1375,0,338250
ICICIBANK30Jan20545PE.NFO,07/01/2020,10:26:22,18.55,18.35,2750,18.85,1375,0,338250
ICICIBANK30Jan20545PE.NFO,07/01/2020,10:26:26,18.55,18.35,2750,18.75,1375,0,338250
ICICIBANK30Jan20545PE.NFO,07/01/2020,10:26:32,18.55,18.35,2750,18.8,1375,0,338250
ICICIBANK30Jan20545PE.NFO,07/01/2020,10:26:38,18.55,18.35,2750,18.8,2750,0,338250
ICICIBANK30Jan20545PE.NFO,07/01/2020,10:26:42,18.55,18.35,2750,18.75,1375,0,338250
ICICIBANK30Jan20545PE.NFO,07/01/2020,10:26:46,18.55,18.25,4125,18.75,2750,0,338250
ICICIBANK30Jan20545PE.NFO,07/01/2020,10:26:49,18.55,18.3,2750,18.8,2750,0,338250
ICICIBANK30Jan20545PE.NFO,07/01/2020,10:26:53,18.55,18.35,1375,18.8,2750,0,338250
ICICIBANK30Jan20545PE.NFO,07/01/2020,10:26:57,18.55,18.35,1375,18.75,1375,0,338250
ICICIBANK30Jan20545PE.NFO,07/01/2020,10:27:01,18.55,18.3,1375,18.75,1375,0,338250
ICICIBANK30Jan20545PE.NFO,07/01/2020,10:27:04,18.55,18.3,4125,18.8,2750,0,338250
ICICIBANK30Jan20545PE.NFO,07/01/2020,10:27:07,18.55,18.4,2750,18.8,1375,0,338250
ICICIBANK30Jan20545PE.NFO,07/01/2020,10:27:10,18.55,18.35,1375,18.8,2750,0,338250
ICICIBANK30Jan20545PE.NFO,07/01/2020,10:27:14,18.55,18.3,2750,18.8,2750,0,338250
ICICIBANK30Jan20545PE.NFO,07/01/2020,10:27:24,18.55,18.4,2750,18.9,1375,0,338250
ICICIBANK30Jan20545PE.NFO,07/01/2020,10:27:32,18.55,18.45,1375,18.9,1375,0,338250
ICICIBANK30Jan20545PE.NFO,07/01/2020,10:27:35,18.55,18.35,2750,18.9,1375,0,338250
ICICIBANK30Jan20545PE.NFO,07/01/2020,10:27:38,18.55,18.35,1375,18.9,1375,0,338250
ICICIBANK30Jan20545PE.NFO,07/01/2020,10:27:42,18.55,18.35,2750,18.85,1375,0,338250
ICICIBANK30Jan20545PE.NFO,07/01/2020,10:27:50,18.55,18.4,1375,18.9,1375,0,338250
ICICIBANK30Jan20545PE.NFO,07/01/2020,10:27:53,18.55,18.45,1375,18.9,1375,0,338250
ICICIBANK30Jan20545PE.NFO,07/01/2020,10:27:56,18.55,18.4,2750,18.9,2750,0,338250
ICICIBANK30Jan20545PE.NFO,07/01/2020,10:28:02,18.55,18.4,1375,18.8,1375,0,338250
ICICIBANK30Jan20545PE.NFO,07/01/2020,10:28:05,18.55,18.3,2750,18.9,4125,0,338250
ICICIBANK30Jan20545PE.NFO,07/01/2020,10:28:11,18.55,18.35,1375,18.9,2750,0,338250
ICICIBANK30Jan20545PE.NFO,07/01/2020,10:28:14,18.55,18.35,1375,18.9,4125,0,338250
ICICIBANK30Jan20545PE.NFO,07/01/2020,10:28:18,18.55,18.4,1375,18.9,2750,0,338250
ICICIBANK30Jan20545PE.NFO,07/01/2020,10:28:21,18.55,18.4,1375,18.9,4125,0,338250
ICICIBANK30Jan20545PE.NFO,07/01/2020,10:28:24,18.55,18.35,2750,18.8,2750,0,338250
ICICIBANK30Jan20545PE.NFO,07/01/2020,10:28:32,18.55,18.35,1375,18.75,1375,0,338250
ICICIBANK30Jan20545PE.NFO,07/01/2020,10:28:39,18.55,18.3,1375,18.7,1375,0,338250
ICICIBANK30Jan20545PE.NFO,07/01/2020,10:28:42,18.55,18.3,2750,18.75,2750,0,338250
ICICIBANK30Jan20545PE.NFO,07/01/2020,10:28:45,18.55,18.3,2750,18.8,2750,0,338250
ICICIBANK30Jan20545PE.NFO,07/01/2020,10:29:01,18.55,18.3,2750,18.75,2750,0,338250
ICICIBANK30Jan20545PE.NFO,07/01/2020,10:29:07,18.55,18.3,2750,18.8,2750,0,338250
ICICIBANK30Jan20545PE.NFO,07/01/2020,10:29:10,18.55,18.35,1375,18.8,2750,0,338250
ICICIBANK30Jan20545PE.NFO,07/01/2020,10:29:13,18.55,18.3,4125,18.75,1375,0,338250
ICICIBANK30Jan20545PE.NFO,07/01/2020,10:29:16,18.55,18.3,1375,18.75,2750,0,338250
ICICIBANK30Jan20545PE.NFO,07/01/2020,10:29:26,18.55,18.25,1375,18.75,2750,0,338250
ICICIBANK30Jan20545PE.NFO,07/01/2020,10:29:33,18.55,18.35,1375,18.8,1375,0,338250
ICICIBANK30Jan20545PE.NFO,07/01/2020,10:29:36,18.55,18.35,1375,18.75,1375,0,338250
ICICIBANK30Jan20545PE.NFO,07/01/2020,10:29:39,18.55,18.35,2750,18.75,1375,0,338250
ICICIBANK30Jan20545PE.NFO,07/01/2020,10:29:42,18.55,18.4,1375,18.9,1375,0,338250
ICICIBANK30Jan20545PE.NFO,07/01/2020,10:29:48,18.55,18.35,1375,18.9,1375,0,338250
ICICIBANK30Jan20545PE.NFO,07/01/2020,10:29:50,18.55,18.35,1375,18.85,1375,0,338250
ICICIBANK30Jan20545PE.NFO,07/01/2020,10:29:57,18.55,18.35,2750,18.85,1375,0,338250
ICICIBANK30Jan20545PE.NFO,07/01/2020,10:30:00,18.55,18.35,2750,18.8,1375,0,338250
ICICIBANK30Jan20545PE.NFO,07/01/2020,10:30:07,18.55,18.35,1375,18.75,1375,0,338250
ICICIBANK30Jan20545PE.NFO,07/01/2020,10:30:09,18.55,18.35,2750,18.8,1375,0,338250
ICICIBANK30Jan20545PE.NFO,07/01/2020,10:30:12,18.55,18.35,2750,18.85,1375,0,338250
ICICIBANK30Jan20545PE.NFO,07/01/2020,10:30:14,18.55,18.4,1375,18.85,1375,0,338250
ICICIBANK30Jan20545PE.NFO,07/01/2020,10:30:36,18.55,18.35,2750,18.9,1375,0,338250
ICICIBANK30Jan20545PE.NFO,07/01/2020,10:30:39,18.55,18.4,1375,18.9,1375,0,338250
ICICIBANK30Jan20545PE.NFO,07/01/2020,10:30:42,18.55,18.1,6875,18.9,1375,0,338250
ICICIBANK30Jan20545PE.NFO,07/01/2020,10:30:45,18.55,18.3,4125,18.8,1375,0,338250
ICICIBANK30Jan20545PE.NFO,07/01/2020,10:30:53,18.55,18.35,2750,18.85,2750,0,338250
ICICIBANK30Jan20545PE.NFO,07/01/2020,10:30:56,18.55,18.5,1375,19,2750,0,338250
ICICIBANK30Jan20545PE.NFO,07/01/2020,10:31:05,18.55,18.4,1375,19,2750,0,338250
ICICIBANK30Jan20545PE.NFO,07/01/2020,10:31:07,18.55,18.5,1375,19,2750,0,338250
ICICIBANK30Jan20545PE.NFO,07/01/2020,10:31:10,18.55,18.45,1375,19,2750,0,338250
ICICIBANK30Jan20545PE.NFO,07/01/2020,10:31:12,18.55,18.45,4125,18.95,2750,0,338250
ICICIBANK30Jan20545PE.NFO,07/01/2020,10:31:15,18.55,18.35,4125,18.85,1375,0,338250
ICICIBANK30Jan20545PE.NFO,07/01/2020,10:31:18,18.55,18.45,1375,18.9,1375,0,338250
ICICIBANK30Jan20545PE.NFO,07/01/2020,10:31:21,18.55,18.45,2750,18.95,2750,0,338250
ICICIBANK30Jan20545PE.NFO,07/01/2020,10:31:27,18.55,18.5,1375,19,1375,0,338250
ICICIBANK30Jan20545PE.NFO,07/01/2020,10:31:30,18.55,18.5,2750,18.95,1375,0,338250
ICICIBANK30Jan20545PE.NFO,07/01/2020,10:31:36,18.55,18.55,1375,19.05,1375,0,338250
ICICIBANK30Jan20545PE.NFO,07/01/2020,10:31:43,18.55,18.6,1375,19.1,5500,0,338250
ICICIBANK30Jan20545PE.NFO,07/01/2020,10:31:47,18.55,18.6,2750,19.1,5500,0,338250
ICICIBANK30Jan20545PE.NFO,07/01/2020,10:31:50,18.55,18.5,1375,18.95,1375,0,338250
ICICIBANK30Jan20545PE.NFO,07/01/2020,10:31:54,18.55,18.55,2750,19.05,2750,0,338250
ICICIBANK30Jan20545PE.NFO,07/01/2020,10:31:57,18.55,18.55,2750,19.05,1375,0,338250
ICICIBANK30Jan20545PE.NFO,07/01/2020,10:32:01,18.55,18.6,1375,19.1,4125,0,338250
ICICIBANK30Jan20545PE.NFO,07/01/2020,10:32:05,18.55,18.6,1375,19.05,1375,0,338250
ICICIBANK30Jan20545PE.NFO,07/01/2020,10:32:09,18.55,18.65,1375,19.1,4125,0,338250
ICICIBANK30Jan20545PE.NFO,07/01/2020,10:32:13,18.55,18.65,2750,19.15,1375,0,338250
ICICIBANK30Jan20545PE.NFO,07/01/2020,10:32:17,18.55,18.7,1375,19.15,2750,0,338250
ICICIBANK30Jan20545PE.NFO,07/01/2020,10:32:24,18.55,18.8,1375,19.25,1375,0,338250
ICICIBANK30Jan20545PE.NFO,07/01/2020,10:32:28,18.55,18.65,4125,19.25,5500,0,338250
ICICIBANK30Jan20545PE.NFO,07/01/2020,10:32:31,18.55,18.65,4125,19.15,2750,0,338250
ICICIBANK30Jan20545PE.NFO,07/01/2020,10:32:35,18.55,18.7,1375,19.25,1375,0,338250
ICICIBANK30Jan20545PE.NFO,07/01/2020,10:32:44,18.55,18.7,1375,19.15,1375,0,338250
ICICIBANK30Jan20545PE.NFO,07/01/2020,10:32:48,18.55,18.7,1375,19.1,1375,0,338250
ICICIBANK30Jan20545PE.NFO,07/01/2020,10:32:52,18.55,18.65,2750,19.15,1375,0,338250
ICICIBANK30Jan20545PE.NFO,07/01/2020,10:32:55,18.55,18.65,2750,19.15,2750,0,338250
ICICIBANK30Jan20545PE.NFO,07/01/2020,10:33:04,18.55,18.6,1375,19.1,2750,0,338250
ICICIBANK30Jan20545PE.NFO,07/01/2020,10:33:13,18.55,18.6,2750,19.1,2750,0,338250
ICICIBANK30Jan20545PE.NFO,07/01/2020,10:33:16,18.55,18.65,1375,19.1,2750,0,338250
ICICIBANK30Jan20545PE.NFO,07/01/2020,10:33:19,18.55,18.6,2750,19.1,2750,0,338250
ICICIBANK30Jan20545PE.NFO,07/01/2020,10:33:23,18.55,18.55,1375,19,1375,0,338250
ICICIBANK30Jan20545PE.NFO,07/01/2020,10:33:26,18.55,18.45,2750,18.95,1375,0,338250
ICICIBANK30Jan20545PE.NFO,07/01/2020,10:33:35,18.55,18.5,4125,18.95,1375,0,338250
ICICIBANK30Jan20545PE.NFO,07/01/2020,10:33:39,18.55,18.5,2750,18.95,1375,0,338250
ICICIBANK30Jan20545PE.NFO,07/01/2020,10:34:01,18.55,18.55,2750,19,2750,0,338250
ICICIBANK30Jan20545PE.NFO,07/01/2020,10:34:09,18.55,18.55,1375,19.05,2750,0,338250
ICICIBANK30Jan20545PE.NFO,07/01/2020,10:34:13,18.55,18.6,1375,19.1,2750,0,338250
ICICIBANK30Jan20545PE.NFO,07/01/2020,10:34:17,18.55,18.5,2750,18.95,1375,0,338250
ICICIBANK30Jan20545PE.NFO,07/01/2020,10:34:20,18.55,18.5,2750,19,2750,0,338250
ICICIBANK30Jan20545PE.NFO,07/01/2020,10:34:25,18.55,18.45,1375,18.95,4125,0,338250
ICICIBANK30Jan20545PE.NFO,07/01/2020,10:34:30,18.55,18.45,1375,18.9,1375,0,338250
ICICIBANK30Jan20545PE.NFO,07/01/2020,10:34:42,18.55,18.4,1375,18.85,2750,0,338250
ICICIBANK30Jan20545PE.NFO,07/01/2020,10:34:46,18.55,18.4,1375,18.8,1375,0,338250
ICICIBANK30Jan20545PE.NFO,07/01/2020,10:34:51,18.55,18.35,2750,18.8,2750,0,338250
ICICIBANK30Jan20545PE.NFO,07/01/2020,10:34:55,18.55,18.4,1375,18.85,2750,0,338250
ICICIBANK30Jan20545PE.NFO,07/01/2020,10:34:59,18.55,18.3,5500,18.85,2750,0,338250
ICICIBANK30Jan20545PE.NFO,07/01/2020,10:35:03,18.55,18.35,1375,18.8,1375,0,338250
ICICIBANK30Jan20545PE.NFO,07/01/2020,10:35:06,18.55,18.35,2750,18.75,1375,0,338250
ICICIBANK30Jan20545PE.NFO,07/01/2020,10:35:19,18.55,18.25,1375,18.75,2750,0,338250
ICICIBANK30Jan20545PE.NFO,07/01/2020,10:35:24,18.55,18.35,1375,18.8,4125,0,338250
ICICIBANK30Jan20545PE.NFO,07/01/2020,10:35:29,18.55,18.3,2750,18.75,2750,0,338250
ICICIBANK30Jan20545PE.NFO,07/01/2020,10:35:33,18.55,18.3,4125,18.8,2750,0,338250
ICICIBANK30Jan20545PE.NFO,07/01/2020,10:35:37,18.55,18.4,1375,18.85,2750,0,338250
ICICIBANK30Jan20545PE.NFO,07/01/2020,10:35:40,18.55,18.35,2750,18.85,2750,0,338250
ICICIBANK30Jan20545PE.NFO,07/01/2020,10:35:43,18.55,18.4,2750,18.85,2750,0,338250
ICICIBANK30Jan20545PE.NFO,07/01/2020,10:35:53,18.55,18.4,1375,18.85,2750,0,338250
ICICIBANK30Jan20545PE.NFO,07/01/2020,10:35:56,18.55,18.4,2750,18.85,2750,0,338250
ICICIBANK30Jan20545PE.NFO,07/01/2020,10:35:59,18.55,18.4,2750,18.9,1375,0,338250
ICICIBANK30Jan20545PE.NFO,07/01/2020,10:36:11,18.55,18.5,2750,18.95,2750,0,338250
ICICIBANK30Jan20545PE.NFO,07/01/2020,10:36:15,18.55,18.55,1375,19,2750,0,338250
ICICIBANK30Jan20545PE.NFO,07/01/2020,10:36:19,18.55,18.5,2750,18.95,2750,0,338250
ICICIBANK30Jan20545PE.NFO,07/01/2020,10:36:38,18.55,18.5,1375,18.9,1375,0,338250
ICICIBANK30Jan20545PE.NFO,07/01/2020,10:36:44,18.55,18.45,2750,18.9,2750,0,338250
ICICIBANK30Jan20545PE.NFO,07/01/2020,10:36:56,18.55,18.35,4125,18.9,1375,0,338250
ICICIBANK30Jan20545PE.NFO,07/01/2020,10:36:59,18.55,18.35,1375,18.9,1375,0,338250
ICICIBANK30Jan20545PE.NFO,07/01/2020,10:37:02,18.55,18.4,2750,18.9,2750,0,338250
ICICIBANK30Jan20545PE.NFO,07/01/2020,10:37:05,18.55,18.45,1375,18.9,1375,0,338250
ICICIBANK30Jan20545PE.NFO,07/01/2020,10:37:13,18.55,18.4,4125,18.95,2750,0,338250
ICICIBANK30Jan20545PE.NFO,07/01/2020,10:37:16,18.55,18.5,4125,19.05,1375,0,338250
ICICIBANK30Jan20545PE.NFO,07/01/2020,10:37:21,18.55,18.6,1375,19.05,1375,0,338250
ICICIBANK30Jan20545PE.NFO,07/01/2020,10:37:25,18.55,18.55,1375,19,2750,0,338250
ICICIBANK30Jan20545PE.NFO,07/01/2020,10:37:29,18.55,18.55,2750,19.05,1375,0,338250
ICICIBANK30Jan20545PE.NFO,07/01/2020,10:37:32,18.55,18.55,2750,19.05,2750,0,338250
ICICIBANK30Jan20545PE.NFO,07/01/2020,10:37:36,18.55,18.55,1375,19.05,2750,0,338250
ICICIBANK30Jan20545PE.NFO,07/01/2020,10:37:40,18.55,18.5,2750,19,1375,0,338250
ICICIBANK30Jan20545PE.NFO,07/01/2020,10:37:45,18.55,18.55,2750,19.05,4125,0,338250
ICICIBANK30Jan20545PE.NFO,07/01/2020,10:37:51,18.55,18.5,1375,19,1375,0,338250
ICICIBANK30Jan20545PE.NFO,07/01/2020,10:37:54,18.55,18.3,8250,18.9,2750,0,338250
ICICIBANK30Jan20545PE.NFO,07/01/2020,10:37:59,18.55,18.5,2750,18.95,2750,0,338250
ICICIBANK30Jan20545PE.NFO,07/01/2020,10:38:03,18.55,18.5,1375,19,1375,0,338250
ICICIBANK30Jan20545PE.NFO,07/01/2020,10:38:06,18.55,18.55,1375,19,4125,0,338250
ICICIBANK30Jan20545PE.NFO,07/01/2020,10:38:09,18.55,18.45,1375,19,4125,0,338250
ICICIBANK30Jan20545PE.NFO,07/01/2020,10:38:12,18.55,18.5,1375,19,5500,0,338250
ICICIBANK30Jan20545PE.NFO,07/01/2020,10:38:15,18.55,18.5,2750,18.95,2750,0,338250
ICICIBANK30Jan20545PE.NFO,07/01/2020,10:38:17,18.55,18.5,1375,18.9,1375,0,338250
ICICIBANK30Jan20545PE.NFO,07/01/2020,10:38:20,18.55,18.5,2750,18.95,2750,0,338250
ICICIBANK30Jan20545PE.NFO,07/01/2020,10:38:23,18.55,18.5,1375,18.9,1375,0,338250
ICICIBANK30Jan20545PE.NFO,07/01/2020,10:38:30,18.55,18.4,2750,18.85,1375,0,338250
ICICIBANK30Jan20545PE.NFO,07/01/2020,10:38:33,18.55,18.5,1375,18.9,1375,0,338250
ICICIBANK30Jan20545PE.NFO,07/01/2020,10:38:36,18.55,18.5,2750,18.95,4125,0,338250
ICICIBANK30Jan20545PE.NFO,07/01/2020,10:38:39,18.55,18.45,1375,18.95,4125,0,338250
ICICIBANK30Jan20545PE.NFO,07/01/2020,10:38:43,18.55,18.5,2750,18.95,2750,0,338250
ICICIBANK30Jan20545PE.NFO,07/01/2020,10:38:56,18.55,18.5,2750,19,1375,0,338250
ICICIBANK30Jan20545PE.NFO,07/01/2020,10:38:59,18.55,18.45,1375,18.95,2750,0,338250
ICICIBANK30Jan20545PE.NFO,07/01/2020,10:39:04,18.55,18.4,1375,18.95,2750,0,338250
ICICIBANK30Jan20545PE.NFO,07/01/2020,10:39:09,18.55,18.5,1375,19,1375,0,338250
ICICIBANK30Jan20545PE.NFO,07/01/2020,10:39:12,18.55,18.55,1375,19,1375,0,338250
ICICIBANK30Jan20545PE.NFO,07/01/2020,10:39:16,18.55,18.55,1375,19.05,2750,0,338250
ICICIBANK30Jan20545PE.NFO,07/01/2020,10:39:20,18.55,18.55,4125,19.05,2750,0,338250
ICICIBANK30Jan20545PE.NFO,07/01/2020,10:39:24,18.55,18.55,2750,19.05,1375,0,338250
ICICIBANK30Jan20545PE.NFO,07/01/2020,10:39:32,18.55,18.6,1375,19.1,2750,0,338250
ICICIBANK30Jan20545PE.NFO,07/01/2020,10:39:35,18.55,18.6,2750,19.1,2750,0,338250
ICICIBANK30Jan20545PE.NFO,07/01/2020,10:39:38,18.55,18.6,1375,19.1,2750,0,338250
ICICIBANK30Jan20545PE.NFO,07/01/2020,10:39:47,18.55,18.65,1375,19.1,1375,0,338250
ICICIBANK30Jan20545PE.NFO,07/01/2020,10:39:50,18.55,18.7,1375,19.1,1375,0,338250
ICICIBANK30Jan20545PE.NFO,07/01/2020,10:39:55,18.55,18.65,2750,19.1,1375,0,338250
ICICIBANK30Jan20545PE.NFO,07/01/2020,10:39:58,18.55,18.65,1375,19.15,1375,0,338250
ICICIBANK30Jan20545PE.NFO,07/01/2020,10:40:00,18.55,18.55,5500,19.15,1375,0,338250
ICICIBANK30Jan20545PE.NFO,07/01/2020,10:40:03,18.55,18.65,2750,19.1,2750,0,338250
ICICIBANK30Jan20545PE.NFO,07/01/2020,10:40:08,18.55,18.6,2750,19.05,2750,0,338250
ICICIBANK30Jan20545PE.NFO,07/01/2020,10:40:12,18.55,18.6,2750,19.05,4125,0,338250
ICICIBANK30Jan20545PE.NFO,07/01/2020,10:40:16,18.55,18.6,2750,19.1,2750,0,338250
ICICIBANK30Jan20545PE.NFO,07/01/2020,10:40:23,18.55,18.6,2750,19.05,4125,0,338250
ICICIBANK30Jan20545PE.NFO,07/01/2020,10:40:32,18.55,18.6,1375,19.15,1375,0,338250
ICICIBANK30Jan20545PE.NFO,07/01/2020,10:40:35,18.55,18.6,2750,19.15,1375,0,338250
ICICIBANK30Jan20545PE.NFO,07/01/2020,10:40:37,18.55,18.65,1375,19.15,1375,0,338250
ICICIBANK30Jan20545PE.NFO,07/01/2020,10:40:41,18.55,18.55,2750,19.1,2750,0,338250
ICICIBANK30Jan20545PE.NFO,07/01/2020,10:40:44,18.55,18.6,1375,19.1,2750,0,338250
ICICIBANK30Jan20545PE.NFO,07/01/2020,10:40:47,18.55,18.6,2750,19.05,1375,0,338250
ICICIBANK30Jan20545PE.NFO,07/01/2020,10:40:49,18.55,18.6,2750,19.05,2750,0,338250
ICICIBANK30Jan20545PE.NFO,07/01/2020,10:40:52,18.55,18.6,1375,19.05,2750,0,338250
ICICIBANK30Jan20545PE.NFO,07/01/2020,10:40:56,18.55,18.6,1375,19,1375,0,338250
ICICIBANK30Jan20545PE.NFO,07/01/2020,10:41:00,18.55,18.55,1375,19.05,2750,0,338250
ICICIBANK30Jan20545PE.NFO,07/01/2020,10:41:03,18.55,18.6,1375,19,1375,0,338250
ICICIBANK30Jan20545PE.NFO,07/01/2020,10:41:13,18.55,18.55,2750,18.95,1375,0,338250
ICICIBANK30Jan20545PE.NFO,07/01/2020,10:41:23,18.55,18.45,1375,18.95,2750,0,338250
ICICIBANK30Jan20545PE.NFO,07/01/2020,10:41:37,18.55,18.45,2750,18.9,2750,0,338250
ICICIBANK30Jan20545PE.NFO,07/01/2020,10:41:47,18.55,18.45,2750,18.95,2750,0,338250
ICICIBANK30Jan20545PE.NFO,07/01/2020,10:41:49,18.55,18.45,2750,18.9,4125,0,338250
ICICIBANK30Jan20545PE.NFO,07/01/2020,10:42:00,18.55,18.45,1375,18.9,1375,0,338250
ICICIBANK30Jan20545PE.NFO,07/01/2020,10:42:21,18.55,18.45,1375,18.95,2750,0,338250
ICICIBANK30Jan20545PE.NFO,07/01/2020,10:42:24,18.55,18.5,4125,18.95,2750,0,338250
ICICIBANK30Jan20545PE.NFO,07/01/2020,10:42:29,18.55,18.5,2750,18.95,2750,0,338250
ICICIBANK30Jan20545PE.NFO,07/01/2020,10:42:33,18.55,18.5,1375,18.9,1375,0,338250
ICICIBANK30Jan20545PE.NFO,07/01/2020,10:42:36,18.55,18.6,2750,19.05,2750,0,338250
ICICIBANK30Jan20545PE.NFO,07/01/2020,10:42:47,18.55,18.55,1375,19,1375,0,338250
ICICIBANK30Jan20545PE.NFO,07/01/2020,10:42:50,18.55,18.55,1375,19.05,2750,0,338250
ICICIBANK30Jan20545PE.NFO,07/01/2020,10:42:56,18.55,18.6,2750,19.05,2750,0,338250
ICICIBANK30Jan20545PE.NFO,07/01/2020,10:43:05,18.55,18.55,1375,19.05,2750,0,338250
ICICIBANK30Jan20545PE.NFO,07/01/2020,10:43:23,18.55,18.55,1375,19,1375,0,338250
ICICIBANK30Jan20545PE.NFO,07/01/2020,10:43:27,18.55,18.45,1375,18.95,1375,0,338250
ICICIBANK30Jan20545PE.NFO,07/01/2020,10:43:30,18.55,18.45,2750,18.95,2750,0,338250
ICICIBANK30Jan20545PE.NFO,07/01/2020,10:43:37,18.55,18.55,1375,19,1375,0,338250
ICICIBANK30Jan20545PE.NFO,07/01/2020,10:43:41,18.55,18.55,1375,18.95,1375,0,338250
ICICIBANK30Jan20545PE.NFO,07/01/2020,10:43:46,18.55,18.55,1375,19.05,1375,0,338250
ICICIBANK30Jan20545PE.NFO,07/01/2020,10:43:50,18.55,18.55,1375,19,1375,0,338250
ICICIBANK30Jan20545PE.NFO,07/01/2020,10:43:53,18.55,18.55,1375,19.05,1375,0,338250
ICICIBANK30Jan20545PE.NFO,07/01/2020,10:43:57,18.55,18.5,2750,18.95,1375,0,338250
ICICIBANK30Jan20545PE.NFO,07/01/2020,10:44:00,18.55,18.5,2750,18.95,2750,0,338250
ICICIBANK30Jan20545PE.NFO,07/01/2020,10:44:11,18.55,18.5,1375,18.9,2750,0,338250
ICICIBANK30Jan20545PE.NFO,07/01/2020,10:44:14,18.55,18.45,1375,18.9,2750,0,338250
ICICIBANK30Jan20545PE.NFO,07/01/2020,10:44:22,18.55,18.5,1375,18.9,1375,0,338250
ICICIBANK30Jan20545PE.NFO,07/01/2020,10:44:25,18.55,18.45,1375,18.9,1375,0,338250
ICICIBANK30Jan20545PE.NFO,07/01/2020,10:44:28,18.55,18.45,1375,18.95,2750,0,338250
ICICIBANK30Jan20545PE.NFO,07/01/2020,10:44:31,18.55,18.5,1375,18.9,1375,0,338250
ICICIBANK30Jan20545PE.NFO,07/01/2020,10:44:33,18.55,18.4,2750,18.9,2750,0,338250
ICICIBANK30Jan20545PE.NFO,07/01/2020,10:44:37,18.55,18.4,1375,18.8,1375,0,338250
ICICIBANK30Jan20545PE.NFO,07/01/2020,10:44:39,18.55,18.4,2750,18.8,1375,0,338250
ICICIBANK30Jan20545PE.NFO,07/01/2020,10:44:41,18.55,18.4,2750,18.85,1375,0,338250
ICICIBANK30Jan20545PE.NFO,07/01/2020,10:44:45,18.55,18.45,1375,18.9,1375,0,338250
ICICIBANK30Jan20545PE.NFO,07/01/2020,10:44:48,18.55,18.45,2750,18.85,1375,0,338250
ICICIBANK30Jan20545PE.NFO,07/01/2020,10:44:50,18.55,18.45,2750,18.9,2750,0,338250
ICICIBANK30Jan20545PE.NFO,07/01/2020,10:44:57,18.55,18.45,1375,18.9,1375,0,338250
ICICIBANK30Jan20545PE.NFO,07/01/2020,10:45:01,18.55,18.5,1375,18.95,4125,0,338250
ICICIBANK30Jan20545PE.NFO,07/01/2020,10:45:06,18.55,18.45,1375,18.95,4125,0,338250
ICICIBANK30Jan20545PE.NFO,07/01/2020,10:45:10,18.55,18.5,1375,18.9,1375,0,338250
ICICIBANK30Jan20545PE.NFO,07/01/2020,10:45:12,18.55,18.4,2750,18.85,1375,0,338250
ICICIBANK30Jan20545PE.NFO,07/01/2020,10:45:15,18.55,18.45,1375,18.9,2750,0,338250
ICICIBANK30Jan20545PE.NFO,07/01/2020,10:45:45,18.55,18.4,1375,18.85,1375,0,338250
ICICIBANK30Jan20545PE.NFO,07/01/2020,10:45:47,18.55,18.4,2750,18.8,2750,0,338250
ICICIBANK30Jan20545PE.NFO,07/01/2020,10:45:49,18.55,18.4,2750,18.85,2750,0,338250
ICICIBANK30Jan20545PE.NFO,07/01/2020,10:45:50,18.55,18.4,2750,18.8,2750,0,338250
ICICIBANK30Jan20545PE.NFO,07/01/2020,10:45:51,18.55,18.35,1375,18.85,2750,0,338250
ICICIBANK30Jan20545PE.NFO,07/01/2020,10:45:53,18.55,18.3,2750,18.75,1375,0,338250
ICICIBANK30Jan20545PE.NFO,07/01/2020,10:45:59,18.55,18.35,1375,18.75,1375,0,338250
ICICIBANK30Jan20545PE.NFO,07/01/2020,10:45:59,18.55,18.3,1375,18.7,1375,0,338250
ICICIBANK30Jan20545PE.NFO,07/01/2020,10:46:11,18.55,18.35,1375,18.85,2750,0,338250
ICICIBANK30Jan20545PE.NFO,07/01/2020,10:46:12,18.55,18.35,1375,18.9,1375,0,338250
ICICIBANK30Jan20545PE.NFO,07/01/2020,10:46:16,18.55,18.35,2750,18.9,1375,0,338250
ICICIBANK30Jan20545PE.NFO,07/01/2020,10:46:19,18.55,18.35,1375,18.85,2750,0,338250
ICICIBANK30Jan20545PE.NFO,07/01/2020,10:46:22,18.55,18.4,2750,18.85,2750,0,338250
ICICIBANK30Jan20545PE.NFO,07/01/2020,10:46:39,18.55,18.4,2750,18.9,1375,0,338250
ICICIBANK30Jan20545PE.NFO,07/01/2020,10:46:41,18.55,18.4,2750,18.85,1375,0,338250
ICICIBANK30Jan20545PE.NFO,07/01/2020,10:46:53,18.55,18.4,2750,18.9,1375,0,338250
ICICIBANK30Jan20545PE.NFO,07/01/2020,10:47:02,18.55,18.4,2750,18.85,1375,0,338250
ICICIBANK30Jan20545PE.NFO,07/01/2020,10:47:19,18.55,18.3,4125,18.75,2750,0,338250
ICICIBANK30Jan20545PE.NFO,07/01/2020,10:47:25,18.55,18.3,4125,18.75,1375,0,338250
ICICIBANK30Jan20545PE.NFO,07/01/2020,10:47:28,18.55,18.35,1375,18.75,1375,0,338250
ICICIBANK30Jan20545PE.NFO,07/01/2020,10:47:38,18.55,18.3,2750,18.75,2750,0,338250
ICICIBANK30Jan20545PE.NFO,07/01/2020,10:47:48,18.55,18.2,2750,18.75,2750,0,338250
ICICIBANK30Jan20545PE.NFO,07/01/2020,10:47:52,18.55,18.25,1375,18.75,2750,0,338250
ICICIBANK30Jan20545PE.NFO,07/01/2020,10:47:55,18.55,18.3,2750,18.75,2750,0,338250
ICICIBANK30Jan20545PE.NFO,07/01/2020,10:48:06,18.55,18.2,4125,18.7,1375,0,338250
ICICIBANK30Jan20545PE.NFO,07/01/2020,10:48:10,18.55,18.25,1375,18.7,1375,0,338250
ICICIBANK30Jan20545PE.NFO,07/01/2020,10:48:14,18.55,18.2,1375,18.75,2750,0,338250
ICICIBANK30Jan20545PE.NFO,07/01/2020,10:48:17,18.55,18.25,1375,18.7,1375,0,338250
ICICIBANK30Jan20545PE.NFO,07/01/2020,10:48:20,18.55,18.2,1375,18.75,2750,0,338250
ICICIBANK30Jan20545PE.NFO,07/01/2020,10:48:23,18.55,18.25,1375,18.65,2750,0,338250
ICICIBANK30Jan20545PE.NFO,07/01/2020,10:48:35,18.55,18.25,1375,18.75,2750,0,338250
ICICIBANK30Jan20545PE.NFO,07/01/2020,10:48:40,18.55,18.3,1375,18.75,2750,0,338250
ICICIBANK30Jan20545PE.NFO,07/01/2020,10:48:55,18.55,18.25,1375,18.75,2750,0,338250
ICICIBANK30Jan20545PE.NFO,07/01/2020,10:49:20,18.55,18.35,1375,18.8,2750,0,338250
ICICIBANK30Jan20545PE.NFO,07/01/2020,10:49:23,18.55,18.35,1375,18.7,1375,0,338250
ICICIBANK30Jan20545PE.NFO,07/01/2020,10:49:26,18.55,18.35,1375,18.75,1375,0,338250
ICICIBANK30Jan20545PE.NFO,07/01/2020,10:49:33,18.55,18.35,1375,18.75,2750,0,338250
ICICIBANK30Jan20545PE.NFO,07/01/2020,10:49:37,18.55,18.3,1375,18.75,2750,0,338250
ICICIBANK30Jan20545PE.NFO,07/01/2020,10:49:40,18.55,18.35,1375,18.8,2750,0,338250
ICICIBANK30Jan20545PE.NFO,07/01/2020,10:49:43,18.55,18.35,1375,18.85,1375,0,338250
ICICIBANK30Jan20545PE.NFO,07/01/2020,10:49:50,18.55,18.4,1375,18.9,1375,0,338250
ICICIBANK30Jan20545PE.NFO,07/01/2020,10:49:58,18.55,18.5,1375,19.05,1375,0,338250
ICICIBANK30Jan20545PE.NFO,07/01/2020,10:50:04,18.55,18.5,1375,18.95,1375,0,338250
ICICIBANK30Jan20545PE.NFO,07/01/2020,10:50:10,18.55,18.45,1375,18.85,2750,0,338250
ICICIBANK30Jan20545PE.NFO,07/01/2020,10:50:15,18.55,18.35,2750,18.8,2750,0,338250
ICICIBANK30Jan20545PE.NFO,07/01/2020,10:50:20,18.55,18.35,2750,18.75,1375,0,338250
ICICIBANK30Jan20545PE.NFO,07/01/2020,10:50:25,18.55,18.35,2750,18.85,2750,0,338250
ICICIBANK30Jan20545PE.NFO,07/01/2020,10:50:28,18.55,18.45,1375,18.9,1375,0,338250
ICICIBANK30Jan20545PE.NFO,07/01/2020,10:50:33,18.55,18.5,1375,18.95,2750,0,338250
ICICIBANK30Jan20545PE.NFO,07/01/2020,10:50:37,18.55,18.5,2750,18.9,1375,0,338250
ICICIBANK30Jan20545PE.NFO,07/01/2020,10:50:41,18.55,18.35,2750,18.95,5500,0,338250
ICICIBANK30Jan20545PE.NFO,07/01/2020,10:50:45,18.55,18.35,2750,18.8,2750,0,338250
ICICIBANK30Jan20545PE.NFO,07/01/2020,10:50:51,18.55,18.35,2750,18.8,1375,0,338250
ICICIBANK30Jan20545PE.NFO,07/01/2020,10:50:54,18.55,18.45,1375,18.85,1375,0,338250
ICICIBANK30Jan20545PE.NFO,07/01/2020,10:50:58,18.55,18.4,1375,18.85,1375,0,338250
ICICIBANK30Jan20545PE.NFO,07/01/2020,10:51:01,18.55,18.45,1375,18.9,1375,0,338250
ICICIBANK30Jan20545PE.NFO,07/01/2020,10:51:04,18.55,18.4,4125,18.85,2750,0,338250
ICICIBANK30Jan20545PE.NFO,07/01/2020,10:51:07,18.55,18.5,2750,19.15,1375,0,338250
ICICIBANK30Jan20545PE.NFO,07/01/2020,10:51:11,18.55,18.6,1375,19.15,1375,0,338250
ICICIBANK30Jan20545PE.NFO,07/01/2020,10:51:14,18.55,18.55,1375,19.05,1375,0,338250
ICICIBANK30Jan20545PE.NFO,07/01/2020,10:51:18,18.55,18.55,1375,19,2750,0,338250
ICICIBANK30Jan20545PE.NFO,07/01/2020,10:51:20,18.55,18.6,1375,19.05,1375,0,338250
ICICIBANK30Jan20545PE.NFO,07/01/2020,10:51:23,18.55,18.6,1375,19.05,4125,0,338250
ICICIBANK30Jan20545PE.NFO,07/01/2020,10:51:26,18.55,18.25,2750,19,1375,0,338250
ICICIBANK30Jan20545PE.NFO,07/01/2020,10:51:29,18.55,18.55,1375,19,1375,0,338250
ICICIBANK30Jan20545PE.NFO,07/01/2020,10:51:36,18.55,18.55,1375,19.05,1375,0,338250
ICICIBANK30Jan20545PE.NFO,07/01/2020,10:51:38,18.55,18.5,1375,18.95,1375,0,338250
ICICIBANK30Jan20545PE.NFO,07/01/2020,10:51:46,18.55,18.5,1375,18.9,1375,0,338250
ICICIBANK30Jan20545PE.NFO,07/01/2020,10:51:49,18.55,18,19250,18.85,1375,0,338250
ICICIBANK30Jan20545PE.NFO,07/01/2020,10:51:52,18.55,18.3,2750,18.95,1375,0,338250
ICICIBANK30Jan20545PE.NFO,07/01/2020,10:51:56,18.55,18.65,1375,19.2,1375,0,338250
ICICIBANK30Jan20545PE.NFO,07/01/2020,10:52:01,18.55,18.7,1375,19.2,1375,0,338250
ICICIBANK30Jan20545PE.NFO,07/01/2020,10:52:12,18.55,18.4,5500,19.25,1375,0,338250
ICICIBANK30Jan20545PE.NFO,07/01/2020,10:52:16,18.55,18.7,1375,19.25,1375,0,338250
ICICIBANK30Jan20545PE.NFO,07/01/2020,10:52:20,18.55,18.8,2750,19.35,1375,0,338250
ICICIBANK30Jan20545PE.NFO,07/01/2020,10:52:24,18.55,18.85,1375,19.35,1375,0,338250
ICICIBANK30Jan20545PE.NFO,07/01/2020,10:52:32,18.55,18.85,1375,19.3,2750,0,338250
ICICIBANK30Jan20545PE.NFO,07/01/2020,10:52:36,18.55,18.85,1375,19.35,1375,0,338250
ICICIBANK30Jan20545PE.NFO,07/01/2020,10:52:40,18.55,18.8,1375,19.3,1375,0,338250
ICICIBANK30Jan20545PE.NFO,07/01/2020,10:52:45,18.55,18.5,5500,19.35,1375,0,338250
ICICIBANK30Jan20545PE.NFO,07/01/2020,10:52:48,18.55,18.85,1375,19.35,1375,0,338250
ICICIBANK30Jan20545PE.NFO,07/01/2020,10:52:52,18.55,18.85,1375,19.4,1375,0,338250
ICICIBANK30Jan20545PE.NFO,07/01/2020,10:52:56,18.55,18.95,1375,19.45,1375,0,338250
ICICIBANK30Jan20545PE.NFO,07/01/2020,10:53:02,18.55,19,2750,19.5,1375,0,338250
ICICIBANK30Jan20545PE.NFO,07/01/2020,10:53:08,18.55,19.05,1375,19.55,1375,0,338250
ICICIBANK30Jan20545PE.NFO,07/01/2020,10:53:13,18.55,19.15,1375,19.65,5500,0,338250
ICICIBANK30Jan20545PE.NFO,07/01/2020,10:53:19,18.55,19.05,1375,19.5,1375,0,338250
ICICIBANK30Jan20545PE.NFO,07/01/2020,10:53:24,18.55,19.1,1375,19.6,5500,0,338250
ICICIBANK30Jan20545PE.NFO,07/01/2020,10:53:29,18.55,19,1375,19.6,4125,0,338250
ICICIBANK30Jan20545PE.NFO,07/01/2020,10:53:34,18.55,19.05,1375,19.55,1375,0,338250
ICICIBANK30Jan20545PE.NFO,07/01/2020,10:53:45,18.55,19.15,1375,19.6,2750,0,338250
ICICIBANK30Jan20545PE.NFO,07/01/2020,10:53:50,18.55,19.1,1375,19.7,2750,0,338250
ICICIBANK30Jan20545PE.NFO,07/01/2020,10:53:56,18.55,19.15,1375,19.65,1375,0,338250
ICICIBANK30Jan20545PE.NFO,07/01/2020,10:54:01,18.55,19.25,1375,19.75,4125,0,338250
ICICIBANK30Jan20545PE.NFO,07/01/2020,10:54:10,18.55,19.2,4125,19.75,4125,0,338250
ICICIBANK30Jan20545PE.NFO,07/01/2020,10:54:15,18.55,18.95,4125,19.6,1375,0,338250
ICICIBANK30Jan20545PE.NFO,07/01/2020,10:54:20,18.55,19.1,2750,19.6,5500,0,338250
ICICIBANK30Jan20545PE.NFO,07/01/2020,10:54:25,18.55,19.15,2750,19.6,2750,0,338250
ICICIBANK30Jan20545PE.NFO,07/01/2020,10:54:29,18.55,19.15,2750,19.65,4125,0,338250
ICICIBANK30Jan20545PE.NFO,07/01/2020,10:54:33,18.55,19.15,1375,19.6,1375,0,338250
ICICIBANK30Jan20545PE.NFO,07/01/2020,10:54:37,18.55,19.15,1375,19.7,4125,0,338250
ICICIBANK30Jan20545PE.NFO,07/01/2020,10:54:40,18.55,19.15,1375,19.7,5500,0,338250
ICICIBANK30Jan20545PE.NFO,07/01/2020,10:54:44,18.55,19.2,1375,19.7,5500,0,338250
ICICIBANK30Jan20545PE.NFO,07/01/2020,10:54:48,18.55,19.25,1375,19.7,2750,0,338250
ICICIBANK30Jan20545PE.NFO,07/01/2020,10:54:53,18.55,18.9,4125,19.7,2750,0,338250
ICICIBANK30Jan20545PE.NFO,07/01/2020,10:54:58,18.55,19.3,1375,19.75,2750,0,338250
ICICIBANK30Jan20545PE.NFO,07/01/2020,10:55:03,18.55,19.3,1375,19.75,1375,0,338250
ICICIBANK30Jan20545PE.NFO,07/01/2020,10:55:08,18.55,19.3,2750,19.75,1375,0,338250
ICICIBANK30Jan20545PE.NFO,07/01/2020,10:55:12,18.55,19.35,1375,19.8,1375,0,338250
ICICIBANK30Jan20545PE.NFO,07/01/2020,10:55:22,18.55,19.4,1375,19.9,2750,0,338250
ICICIBANK30Jan20545PE.NFO,07/01/2020,10:55:28,18.55,19.55,1375,20.05,2750,0,338250
ICICIBANK30Jan20545PE.NFO,07/01/2020,10:55:34,18.55,19.5,1375,20.05,2750,0,338250
ICICIBANK30Jan20545PE.NFO,07/01/2020,10:55:40,18.55,19.5,2750,20,4125,0,338250
ICICIBANK30Jan20545PE.NFO,07/01/2020,10:55:46,18.55,19.5,2750,20,2750,0,338250
ICICIBANK30Jan20545PE.NFO,07/01/2020,10:55:50,18.55,19.5,2750,19.95,2750,0,338250
ICICIBANK30Jan20545PE.NFO,07/01/2020,10:55:55,18.55,19.55,1375,20,2750,0,338250
ICICIBANK30Jan20545PE.NFO,07/01/2020,10:55:59,18.55,19.5,2750,20,2750,0,338250
ICICIBANK30Jan20545PE.NFO,07/01/2020,10:56:04,18.55,19.45,4125,19.95,2750,0,338250
ICICIBANK30Jan20545PE.NFO,07/01/2020,10:56:08,18.55,19.45,1375,19.9,2750,0,338250
ICICIBANK30Jan20545PE.NFO,07/01/2020,10:56:13,18.55,19.3,2750,19.85,1375,0,338250
ICICIBANK30Jan20545PE.NFO,07/01/2020,10:56:18,18.55,19.4,1375,19.9,2750,0,338250
ICICIBANK30Jan20545PE.NFO,07/01/2020,10:56:21,18.55,19.4,1375,19.85,1375,0,338250
ICICIBANK30Jan20545PE.NFO,07/01/2020,10:56:29,18.55,19.5,1375,19.9,1375,0,338250
ICICIBANK30Jan20545PE.NFO,07/01/2020,10:56:35,18.55,19.5,2750,20,2750,0,338250
ICICIBANK30Jan20545PE.NFO,07/01/2020,10:56:40,18.55,19.4,1375,19.9,2750,0,338250
ICICIBANK30Jan20545PE.NFO,07/01/2020,10:56:48,18.55,19.5,1375,20,2750,0,338250
ICICIBANK30Jan20545PE.NFO,07/01/2020,10:56:53,18.55,19.7,1375,20.2,2750,0,338250
ICICIBANK30Jan20545PE.NFO,07/01/2020,10:57:00,18.55,19.25,11000,20.1,1375,0,338250
ICICIBANK30Jan20545PE.NFO,07/01/2020,10:57:04,18.55,19.7,1375,20.2,2750,0,338250
ICICIBANK30Jan20545PE.NFO,07/01/2020,10:57:09,18.55,19.95,1375,20.45,2750,0,338250
ICICIBANK30Jan20545PE.NFO,07/01/2020,10:57:16,18.55,20.1,1375,20.5,1375,0,338250
ICICIBANK30Jan20545PE.NFO,07/01/2020,10:57:22,18.55,20.15,2750,20.75,1375,0,338250
ICICIBANK30Jan20545PE.NFO,07/01/2020,10:57:30,18.55,20.25,2750,20.8,1375,0,338250
ICICIBANK30Jan20545PE.NFO,07/01/2020,10:57:37,18.55,20.4,1375,20.8,2750,0,338250
ICICIBANK30Jan20545PE.NFO,07/01/2020,10:57:43,18.55,19.95,4125,20.6,1375,0,338250
ICICIBANK30Jan20545PE.NFO,07/01/2020,10:57:49,18.55,20.2,1375,20.8,1375,0,338250
ICICIBANK30Jan20545PE.NFO,07/01/2020,10:57:55,18.55,20.3,1375,20.85,1375,0,338250
ICICIBANK30Jan20545PE.NFO,07/01/2020,10:58:01,18.55,20.4,2750,21,1375,0,338250
ICICIBANK30Jan20545PE.NFO,07/01/2020,10:58:08,18.55,20.5,1375,21,1375,0,338250
ICICIBANK30Jan20545PE.NFO,07/01/2020,10:58:14,18.55,20.05,2750,21,1375,0,338250
ICICIBANK30Jan20545PE.NFO,07/01/2020,10:58:20,18.55,20.15,4125,21,1375,0,338250
ICICIBANK30Jan20545PE.NFO,07/01/2020,10:58:27,18.55,20.3,1375,20.95,1375,0,338250
ICICIBANK30Jan20545PE.NFO,07/01/2020,10:58:34,18.55,20.1,1375,20.7,1375,0,338250
ICICIBANK30Jan20545PE.NFO,07/01/2020,10:58:40,18.55,20,2750,20.85,1375,0,338250
ICICIBANK30Jan20545PE.NFO,07/01/2020,10:58:46,18.55,20.1,2750,20.85,2750,0,338250
ICICIBANK30Jan20545PE.NFO,07/01/2020,10:58:52,18.55,19.75,4125,20.7,1375,0,338250
ICICIBANK30Jan20545PE.NFO,07/01/2020,10:59:05,18.55,19.95,2750,20.6,1375,0,338250
ICICIBANK30Jan20545PE.NFO,07/01/2020,10:59:11,18.55,20.05,1375,20.7,1375,0,338250
ICICIBANK30Jan20545PE.NFO,07/01/2020,10:59:18,18.55,20.1,1375,20.7,1375,0,338250
ICICIBANK30Jan20545PE.NFO,07/01/2020,10:59:24,18.55,19.75,4125,20.6,1375,0,338250
ICICIBANK30Jan20545PE.NFO,07/01/2020,10:59:29,18.55,19.9,1375,20.5,1375,0,338250
ICICIBANK30Jan20545PE.NFO,07/01/2020,10:59:35,18.55,19.5,4125,20.25,1375,0,338250
ICICIBANK30Jan20545PE.NFO,07/01/2020,10:59:42,18.55,19.8,1375,20.3,1375,0,338250
ICICIBANK30Jan20545PE.NFO,07/01/2020,10:59:47,18.55,19.75,2750,20.4,1375,0,338250
ICICIBANK30Jan20545PE.NFO,07/01/2020,10:59:53,18.55,19.8,1375,20.4,1375,0,338250
ICICIBANK30Jan20545PE.NFO,07/01/2020,10:59:58,18.55,19.8,1375,20.35,1375,0,338250
ICICIBANK30Jan20545PE.NFO,07/01/2020,11:00:05,18.55,20.05,1375,20.6,2750,0,338250
ICICIBANK30Jan20545PE.NFO,07/01/2020,11:00:12,18.55,20.2,1375,20.75,1375,0,338250
ICICIBANK30Jan20545PE.NFO,07/01/2020,11:00:20,18.55,20.3,1375,20.9,1375,0,338250
ICICIBANK30Jan20545PE.NFO,07/01/2020,11:00:26,18.55,20.45,1375,21.05,1375,0,338250
ICICIBANK30Jan20545PE.NFO,07/01/2020,11:00:33,18.55,20.55,1375,21.15,1375,0,338250
ICICIBANK30Jan20545PE.NFO,07/01/2020,11:00:40,18.55,20.25,2750,21.15,1375,0,338250
ICICIBANK30Jan20545PE.NFO,07/01/2020,11:00:47,18.55,20.35,2750,21,1375,0,338250
ICICIBANK30Jan20545PE.NFO,07/01/2020,11:00:53,18.55,20.45,2750,21.15,1375,0,338250
ICICIBANK30Jan20545PE.NFO,07/01/2020,11:01:00,18.55,20.7,1375,21.25,1375,0,338250
ICICIBANK30Jan20545PE.NFO,07/01/2020,11:01:08,18.55,20.8,1375,21.4,2750,0,338250
ICICIBANK30Jan20545PE.NFO,07/01/2020,11:01:15,18.55,20.95,1375,21.5,1375,0,338250
ICICIBANK30Jan20545PE.NFO,07/01/2020,11:01:23,18.55,21.25,2750,21.8,1375,0,338250
ICICIBANK30Jan20545PE.NFO,07/01/2020,11:01:30,18.55,20.9,2750,21.65,2750,0,338250
ICICIBANK30Jan20545PE.NFO,07/01/2020,11:01:38,18.55,21,1375,21.5,2750,0,338250
ICICIBANK30Jan20545PE.NFO,07/01/2020,11:01:46,21,20.55,2750,21.25,1375,1375,334125
ICICIBANK30Jan20545PE.NFO,07/01/2020,11:01:46,21,20.55,2750,21.25,1375,0,334125
ICICIBANK30Jan20545PE.NFO,07/01/2020,11:01:54,21,20.6,1375,21.1,2750,0,334125
ICICIBANK30Jan20545PE.NFO,07/01/2020,11:02:01,21,20.35,1375,21,1375,0,334125
ICICIBANK30Jan20545PE.NFO,07/01/2020,11:02:08,21,20.15,5500,20.9,4125,0,334125
ICICIBANK30Jan20545PE.NFO,07/01/2020,11:02:15,21,20.45,1375,21.05,1375,0,334125
ICICIBANK30Jan20545PE.NFO,07/01/2020,11:02:21,21,20.35,2750,21.05,1375,0,334125
ICICIBANK30Jan20545PE.NFO,07/01/2020,11:02:27,21,20.7,1375,21.2,2750,0,334125
ICICIBANK30Jan20545PE.NFO,07/01/2020,11:02:34,21,20.5,2750,21.15,1375,0,334125
ICICIBANK30Jan20545PE.NFO,07/01/2020,11:02:40,21,20.05,6875,20.95,1375,0,334125
ICICIBANK30Jan20545PE.NFO,07/01/2020,11:02:46,21,20.75,1375,21.2,2750,0,334125
ICICIBANK30Jan20545PE.NFO,07/01/2020,11:02:53,21,20.5,2750,21.15,1375,0,334125
ICICIBANK30Jan20545PE.NFO,07/01/2020,11:02:59,21,20.85,1375,21.2,1375,0,334125
ICICIBANK30Jan20545PE.NFO,07/01/2020,11:03:06,21.2,20.9,1375,21.55,1375,1375,334125
ICICIBANK30Jan20545PE.NFO,07/01/2020,11:03:06,21.2,20.9,1375,21.55,1375,0,334125
ICICIBANK30Jan20545PE.NFO,07/01/2020,11:03:13,21.2,20.95,2750,21.55,1375,0,334125
ICICIBANK30Jan20545PE.NFO,07/01/2020,11:03:20,21.2,21.05,1375,21.65,1375,0,334125
ICICIBANK30Jan20545PE.NFO,07/01/2020,11:03:26,21.2,21.05,1375,21.6,1375,0,334125
ICICIBANK30Jan20545PE.NFO,07/01/2020,11:03:32,21.2,21.1,2750,21.7,1375,0,334125
ICICIBANK30Jan20545PE.NFO,07/01/2020,11:03:39,21.2,21.15,1375,21.7,1375,0,334125
ICICIBANK30Jan20545PE.NFO,07/01/2020,11:03:47,21.2,21,1375,21.5,1375,0,334125
ICICIBANK30Jan20545PE.NFO,07/01/2020,11:03:54,21.2,20.7,4125,21.5,1375,0,334125
ICICIBANK30Jan20545PE.NFO,07/01/2020,11:04:01,21.2,20.65,1375,21.3,1375,0,334125
ICICIBANK30Jan20545PE.NFO,07/01/2020,11:04:07,21.2,20.75,1375,21.35,1375,0,334125
ICICIBANK30Jan20545PE.NFO,07/01/2020,11:04:14,21.2,20.65,1375,21.3,2750,0,334125
ICICIBANK30Jan20545PE.NFO,07/01/2020,11:04:20,21.2,20.7,1375,21.2,1375,0,334125
ICICIBANK30Jan20545PE.NFO,07/01/2020,11:04:26,21.2,20.55,1375,21.2,1375,0,334125
ICICIBANK30Jan20545PE.NFO,07/01/2020,11:04:33,21.2,20.75,1375,21.4,1375,0,334125
ICICIBANK30Jan20545PE.NFO,07/01/2020,11:04:40,21.2,20.85,1375,21.4,1375,0,334125
ICICIBANK30Jan20545PE.NFO,07/01/2020,11:04:47,21.2,20.4,23375,21.4,1375,0,334125
ICICIBANK30Jan20545PE.NFO,07/01/2020,11:04:54,21.2,20.65,1375,21.2,1375,0,334125
ICICIBANK30Jan20545PE.NFO,07/01/2020,11:05:01,21.2,20.75,1375,21.25,1375,0,334125
ICICIBANK30Jan20545PE.NFO,07/01/2020,11:05:08,21.2,20.85,1375,21.35,1375,0,334125
ICICIBANK30Jan20545PE.NFO,07/01/2020,11:05:15,21.2,20.4,19250,21.3,1375,0,334125
ICICIBANK30Jan20545PE.NFO,07/01/2020,11:05:22,21.2,20.4,13750,21.25,1375,0,334125
ICICIBANK30Jan20545PE.NFO,07/01/2020,11:05:29,21.2,20.65,1375,21.25,1375,0,334125
ICICIBANK30Jan20545PE.NFO,07/01/2020,11:05:35,21.2,20.6,1375,21.15,1375,0,334125
ICICIBANK30Jan20545PE.NFO,07/01/2020,11:05:43,21.2,20.7,1375,21.2,4125,0,334125
ICICIBANK30Jan20545PE.NFO,07/01/2020,11:05:49,21.2,20.3,17875,21.15,1375,0,334125
ICICIBANK30Jan20545PE.NFO,07/01/2020,11:05:57,21.2,20.55,1375,21.05,1375,0,334125
ICICIBANK30Jan20545PE.NFO,07/01/2020,11:06:03,21.2,20,17875,20.9,1375,0,334125
ICICIBANK30Jan20545PE.NFO,07/01/2020,11:06:10,21.2,20.35,1375,20.85,2750,0,334125
ICICIBANK30Jan20545PE.NFO,07/01/2020,11:06:17,21.2,20.2,5500,20.9,1375,0,334125
ICICIBANK30Jan20545PE.NFO,07/01/2020,11:06:23,21.2,20.35,1375,20.95,1375,0,334125
ICICIBANK30Jan20545PE.NFO,07/01/2020,11:06:29,21.2,20.45,1375,20.95,1375,0,334125
ICICIBANK30Jan20545PE.NFO,07/01/2020,11:06:34,21.2,20.55,1375,21,2750,0,334125
ICICIBANK30Jan20545PE.NFO,07/01/2020,11:06:40,21.2,20.55,1375,21.05,4125,0,334125
ICICIBANK30Jan20545PE.NFO,07/01/2020,11:06:45,21.2,20.45,1375,21,1375,0,334125
ICICIBANK30Jan20545PE.NFO,07/01/2020,11:06:50,21.2,20.6,1375,21.1,2750,0,334125
ICICIBANK30Jan20545PE.NFO,07/01/2020,11:06:55,21.2,20.6,1375,21.05,4125,0,334125
ICICIBANK30Jan20545PE.NFO,07/01/2020,11:07:00,21.2,20.25,6875,21,1375,0,334125
ICICIBANK30Jan20545PE.NFO,07/01/2020,11:07:05,21.2,20.5,1375,21.1,1375,0,334125
ICICIBANK30Jan20545PE.NFO,07/01/2020,11:07:11,21.2,20.65,1375,21.15,1375,0,334125
ICICIBANK30Jan20545PE.NFO,07/01/2020,11:07:15,21.2,20.55,1375,21.15,2750,0,334125
ICICIBANK30Jan20545PE.NFO,07/01/2020,11:07:21,21.2,20.55,1375,21.05,4125,0,334125
ICICIBANK30Jan20545PE.NFO,07/01/2020,11:07:26,21.2,20.3,5500,20.85,1375,0,334125
ICICIBANK30Jan20545PE.NFO,07/01/2020,11:07:31,21.2,20.45,1375,20.9,2750,0,334125
ICICIBANK30Jan20545PE.NFO,07/01/2020,11:07:36,21.2,20.35,1375,20.85,1375,0,334125
ICICIBANK30Jan20545PE.NFO,07/01/2020,11:07:42,21.2,20.3,2750,20.85,1375,0,334125
ICICIBANK30Jan20545PE.NFO,07/01/2020,11:07:48,21.2,20.5,1375,20.9,1375,0,334125
ICICIBANK30Jan20545PE.NFO,07/01/2020,11:07:53,21.2,20.45,1375,21,1375,0,334125
ICICIBANK30Jan20545PE.NFO,07/01/2020,11:07:58,21.2,20.6,1375,21.05,2750,0,334125
ICICIBANK30Jan20545PE.NFO,07/01/2020,11:08:03,21.2,20.3,2750,21.15,1375,0,334125
ICICIBANK30Jan20545PE.NFO,07/01/2020,11:08:08,21.2,20.4,4125,21.15,1375,0,334125
ICICIBANK30Jan20545PE.NFO,07/01/2020,11:08:12,21.2,20.5,4125,21.15,1375,0,334125
ICICIBANK30Jan20545PE.NFO,07/01/2020,11:08:17,21.2,20.65,1375,21.15,1375,0,334125
ICICIBANK30Jan20545PE.NFO,07/01/2020,11:08:23,21.2,20.6,2750,21.1,1375,0,334125
ICICIBANK30Jan20545PE.NFO,07/01/2020,11:08:28,21.2,20.05,15125,21,1375,0,334125
ICICIBANK30Jan20545PE.NFO,07/01/2020,11:08:34,21.2,20.5,1375,21,1375,0,334125
ICICIBANK30Jan20545PE.NFO,07/01/2020,11:08:39,21.2,20.55,4125,21.1,1375,0,334125
ICICIBANK30Jan20545PE.NFO,07/01/2020,11:08:43,21.2,20.55,2750,21.05,2750,0,334125
ICICIBANK30Jan20545PE.NFO,07/01/2020,11:08:48,21.2,20.1,8250,21,1375,0,334125
ICICIBANK30Jan20545PE.NFO,07/01/2020,11:08:53,21.2,20.55,1375,21.05,2750,0,334125
ICICIBANK30Jan20545PE.NFO,07/01/2020,11:09:03,21.2,20.3,4125,21,1375,0,334125
ICICIBANK30Jan20545PE.NFO,07/01/2020,11:09:08,21.2,20.45,1375,21,1375,0,334125
ICICIBANK30Jan20545PE.NFO,07/01/2020,11:09:12,21.2,20.1,6875,20.9,1375,0,334125
ICICIBANK30Jan20545PE.NFO,07/01/2020,11:09:17,20.5,20.1,6875,20.9,1375,1375,334125
ICICIBANK30Jan20545PE.NFO,07/01/2020,11:09:23,20.5,20.55,1375,21.05,1375,0,334125
ICICIBANK30Jan20545PE.NFO,07/01/2020,11:09:27,20.5,20.4,5500,21,1375,0,334125
ICICIBANK30Jan20545PE.NFO,07/01/2020,11:09:32,20.5,20.4,4125,21,1375,0,334125
ICICIBANK30Jan20545PE.NFO,07/01/2020,11:09:41,20.5,20.55,1375,21.05,2750,0,334125
ICICIBANK30Jan20545PE.NFO,07/01/2020,11:09:45,20.5,20.6,1375,21.05,1375,0,334125
ICICIBANK30Jan20545PE.NFO,07/01/2020,11:09:49,20.5,20.55,1375,21.05,2750,0,334125
ICICIBANK30Jan20545PE.NFO,07/01/2020,11:09:54,20.5,20.35,2750,21.05,2750,0,334125
ICICIBANK30Jan20545PE.NFO,07/01/2020,11:09:57,20.5,20.55,1375,21.05,2750,0,334125
ICICIBANK30Jan20545PE.NFO,07/01/2020,11:10:01,20.5,20.1,13750,21,1375,0,334125
ICICIBANK30Jan20545PE.NFO,07/01/2020,11:10:06,20.5,20.55,1375,21.05,2750,0,334125
ICICIBANK30Jan20545PE.NFO,07/01/2020,11:10:10,20.5,20.55,1375,21.05,1375,0,334125
ICICIBANK30Jan20545PE.NFO,07/01/2020,11:10:15,20.5,20.6,1375,21.15,4125,0,334125
ICICIBANK30Jan20545PE.NFO,07/01/2020,11:10:20,20.5,20.65,1375,21.15,1375,0,334125
ICICIBANK30Jan20545PE.NFO,07/01/2020,11:10:25,20.5,20.7,1375,21.15,1375,0,334125
ICICIBANK30Jan20545PE.NFO,07/01/2020,11:10:30,20.5,20.65,1375,21.2,4125,0,334125
ICICIBANK30Jan20545PE.NFO,07/01/2020,11:10:38,20.5,20.75,1375,21.2,1375,0,334125
ICICIBANK30Jan20545PE.NFO,07/01/2020,11:10:42,20.5,20.25,9625,21.15,1375,0,334125
ICICIBANK30Jan20545PE.NFO,07/01/2020,11:10:46,20.5,20.7,1375,21.2,2750,0,334125
ICICIBANK30Jan20545PE.NFO,07/01/2020,11:10:50,20.5,20.8,1375,21.2,1375,0,334125
ICICIBANK30Jan20545PE.NFO,07/01/2020,11:10:53,20.5,20.7,1375,21.2,2750,0,334125
ICICIBANK30Jan20545PE.NFO,07/01/2020,11:11:01,20.5,20.8,1375,21.35,4125,0,334125
ICICIBANK30Jan20545PE.NFO,07/01/2020,11:11:06,20.5,20.9,1375,21.45,2750,0,334125
ICICIBANK30Jan20545PE.NFO,07/01/2020,11:11:18,20.5,20.6,4125,21.3,1375,0,334125
ICICIBANK30Jan20545PE.NFO,07/01/2020,11:11:24,20.5,20.7,4125,21.5,4125,0,334125
ICICIBANK30Jan20545PE.NFO,07/01/2020,11:11:32,20.5,20.8,4125,21.45,1375,0,334125
ICICIBANK30Jan20545PE.NFO,07/01/2020,11:11:39,20.5,20.9,2750,21.45,1375,0,334125
ICICIBANK30Jan20545PE.NFO,07/01/2020,11:11:52,20.5,20.95,1375,21.5,4125,0,334125
ICICIBANK30Jan20545PE.NFO,07/01/2020,11:11:58,20.5,21.05,1375,21.55,1375,0,334125
ICICIBANK30Jan20545PE.NFO,07/01/2020,11:12:07,20.5,20.7,4125,21.5,1375,0,334125
ICICIBANK30Jan20545PE.NFO,07/01/2020,11:12:14,20.5,20.8,4125,21.45,1375,0,334125
ICICIBANK30Jan20545PE.NFO,07/01/2020,11:12:21,20.5,21.05,1375,21.55,2750,0,334125
ICICIBANK30Jan20545PE.NFO,07/01/2020,11:12:28,20.5,20.5,4125,21.25,1375,0,334125
ICICIBANK30Jan20545PE.NFO,07/01/2020,11:12:35,20.5,20.85,1375,21.4,2750,0,334125
ICICIBANK30Jan20545PE.NFO,07/01/2020,11:12:41,20.5,20.9,1375,21.45,2750,0,334125
ICICIBANK30Jan20545PE.NFO,07/01/2020,11:12:46,20.5,20.6,5500,21.35,4125,0,334125
ICICIBANK30Jan20545PE.NFO,07/01/2020,11:12:51,20.5,20.7,2750,21.25,1375,0,334125
ICICIBANK30Jan20545PE.NFO,07/01/2020,11:12:56,20.5,20.7,1375,21.2,4125,0,334125
ICICIBANK30Jan20545PE.NFO,07/01/2020,11:13:01,20.5,20.75,2750,21.3,2750,0,334125
ICICIBANK30Jan20545PE.NFO,07/01/2020,11:13:12,20.5,20.8,1375,21.3,2750,0,334125
ICICIBANK30Jan20545PE.NFO,07/01/2020,11:13:18,20.5,20.9,1375,21.4,1375,0,334125
ICICIBANK30Jan20545PE.NFO,07/01/2020,11:13:24,20.5,20.8,1375,21.35,4125,0,334125
ICICIBANK30Jan20545PE.NFO,07/01/2020,11:13:29,20.5,20.8,1375,21.3,2750,0,334125
ICICIBANK30Jan20545PE.NFO,07/01/2020,11:13:35,20.5,20.85,1375,21.35,4125,0,334125
ICICIBANK30Jan20545PE.NFO,07/01/2020,11:13:42,20.5,20.7,1375,21.2,2750,0,334125
ICICIBANK30Jan20545PE.NFO,07/01/2020,11:13:47,20.5,20.55,4125,21.2,4125,0,334125
ICICIBANK30Jan20545PE.NFO,07/01/2020,11:13:53,20.5,20.65,1375,21.2,4125,0,334125
ICICIBANK30Jan20545PE.NFO,07/01/2020,11:13:59,20.5,20.7,1375,21.2,2750,0,334125
ICICIBANK30Jan20545PE.NFO,07/01/2020,11:14:04,20.5,20.5,5500,21.05,1375,0,334125
ICICIBANK30Jan20545PE.NFO,07/01/2020,11:14:10,20.5,20.65,1375,21.2,4125,0,334125
ICICIBANK30Jan20545PE.NFO,07/01/2020,11:14:22,20.5,20.75,1375,21.2,2750,0,334125
ICICIBANK30Jan20545PE.NFO,07/01/2020,11:14:32,20.5,20.65,1375,21.2,4125,0,334125
ICICIBANK30Jan20545PE.NFO,07/01/2020,11:14:37,20.5,20.7,1375,21.2,4125,0,334125
ICICIBANK30Jan20545PE.NFO,07/01/2020,11:14:41,20.5,20.5,2750,21.15,1375,0,334125
ICICIBANK30Jan20545PE.NFO,07/01/2020,11:14:47,20.5,20.6,4125,21.2,1375,0,334125
ICICIBANK30Jan20545PE.NFO,07/01/2020,11:14:52,20.5,20.85,1375,21.35,4125,0,334125
ICICIBANK30Jan20545PE.NFO,07/01/2020,11:14:58,20.5,20.7,5500,21.3,1375,0,334125
ICICIBANK30Jan20545PE.NFO,07/01/2020,11:15:04,20.5,20.8,2750,21.35,4125,0,334125
ICICIBANK30Jan20545PE.NFO,07/01/2020,11:15:11,20.5,20.85,1375,21.35,2750,0,334125
ICICIBANK30Jan20545PE.NFO,07/01/2020,11:15:16,20.5,20.85,1375,21.35,4125,0,334125
ICICIBANK30Jan20545PE.NFO,07/01/2020,11:15:21,20.5,20.9,1375,21.35,1375,0,334125
ICICIBANK30Jan20545PE.NFO,07/01/2020,11:15:26,20.5,20.55,2750,21.3,1375,0,334125
ICICIBANK30Jan20545PE.NFO,07/01/2020,11:15:32,20.5,21,1375,21.5,4125,0,334125
ICICIBANK30Jan20545PE.NFO,07/01/2020,11:15:38,20.5,20.65,4125,21.45,1375,0,334125
ICICIBANK30Jan20545PE.NFO,07/01/2020,11:15:43,20.5,20.9,1375,21.45,2750,0,334125
ICICIBANK30Jan20545PE.NFO,07/01/2020,11:15:48,20.5,21.05,1375,21.5,1375,0,334125
ICICIBANK30Jan20545PE.NFO,07/01/2020,11:15:53,20.5,21.05,2750,21.6,1375,0,334125
ICICIBANK30Jan20545PE.NFO,07/01/2020,11:15:59,20.5,21.1,2750,21.6,2750,0,334125
ICICIBANK30Jan20545PE.NFO,07/01/2020,11:16:05,20.5,21,2750,21.6,1375,0,334125
ICICIBANK30Jan20545PE.NFO,07/01/2020,11:16:12,20.5,21.1,2750,21.65,4125,0,334125
ICICIBANK30Jan20545PE.NFO,07/01/2020,11:16:18,20.5,21.05,1375,21.55,1375,0,334125
ICICIBANK30Jan20545PE.NFO,07/01/2020,11:16:25,20.5,21.1,1375,21.55,1375,0,334125
ICICIBANK30Jan20545PE.NFO,07/01/2020,11:16:31,20.5,20.8,6875,21.5,2750,0,334125
ICICIBANK30Jan20545PE.NFO,07/01/2020,11:16:36,20.5,21.05,2750,21.6,2750,0,334125
ICICIBANK30Jan20545PE.NFO,07/01/2020,11:16:46,20.5,21.15,1375,21.65,4125,0,334125
ICICIBANK30Jan20545PE.NFO,07/01/2020,11:16:53,20.5,21.25,1375,21.75,2750,0,334125
ICICIBANK30Jan20545PE.NFO,07/01/2020,11:17:00,20.5,21.1,2750,21.6,1375,0,334125
ICICIBANK30Jan20545PE.NFO,07/01/2020,11:17:05,20.5,21.15,1375,21.65,2750,0,334125
ICICIBANK30Jan20545PE.NFO,07/01/2020,11:17:10,20.5,21.25,1375,21.75,2750,0,334125
ICICIBANK30Jan20545PE.NFO,07/01/2020,11:17:14,20.5,20.95,5500,21.7,1375,0,334125
ICICIBANK30Jan20545PE.NFO,07/01/2020,11:17:19,20.5,21.05,4125,21.75,1375,0,334125
ICICIBANK30Jan20545PE.NFO,07/01/2020,11:17:23,20.5,21.4,1375,21.8,1375,0,334125
ICICIBANK30Jan20545PE.NFO,07/01/2020,11:17:28,20.5,21.25,1375,21.75,2750,0,334125
ICICIBANK30Jan20545PE.NFO,07/01/2020,11:17:33,20.5,21.1,2750,21.75,1375,0,334125
ICICIBANK30Jan20545PE.NFO,07/01/2020,11:17:40,20.5,21.2,1375,21.7,2750,0,334125
ICICIBANK30Jan20545PE.NFO,07/01/2020,11:17:46,20.5,21.3,1375,21.7,1375,0,334125
ICICIBANK30Jan20545PE.NFO,07/01/2020,11:17:51,20.5,21.3,2750,21.75,1375,0,334125
ICICIBANK30Jan20545PE.NFO,07/01/2020,11:17:55,20.5,21.3,1375,21.75,1375,0,334125
ICICIBANK30Jan20545PE.NFO,07/01/2020,11:18:00,20.5,21.3,2750,21.75,1375,0,334125
ICICIBANK30Jan20545PE.NFO,07/01/2020,11:18:06,20.5,20.95,4125,21.65,2750,0,334125
ICICIBANK30Jan20545PE.NFO,07/01/2020,11:18:11,20.5,21.15,1375,21.6,1375,0,334125
ICICIBANK30Jan20545PE.NFO,07/01/2020,11:18:22,20.5,21.05,2750,21.55,2750,0,334125
ICICIBANK30Jan20545PE.NFO,07/01/2020,11:18:27,20.5,21.2,1375,21.65,2750,0,334125
ICICIBANK30Jan20545PE.NFO,07/01/2020,11:18:31,20.5,21.15,4125,21.6,1375,0,334125
ICICIBANK30Jan20545PE.NFO,07/01/2020,11:18:37,20.5,21.05,4125,21.55,4125,0,334125
ICICIBANK30Jan20545PE.NFO,07/01/2020,11:18:43,20.5,21,2750,21.45,4125,0,334125
ICICIBANK30Jan20545PE.NFO,07/01/2020,11:18:49,20.5,21.15,1375,21.55,2750,0,334125
ICICIBANK30Jan20545PE.NFO,07/01/2020,11:18:55,20.5,21,2750,21.45,4125,0,334125
ICICIBANK30Jan20545PE.NFO,07/01/2020,11:19:01,20.5,20.95,1375,21.45,4125,0,334125
ICICIBANK30Jan20545PE.NFO,07/01/2020,11:19:06,20.5,21,2750,21.5,5500,0,334125
ICICIBANK30Jan20545PE.NFO,07/01/2020,11:19:12,20.5,20.9,2750,21.35,5500,0,334125
ICICIBANK30Jan20545PE.NFO,07/01/2020,11:19:19,20.5,21.15,2750,21.65,4125,0,334125
ICICIBANK30Jan20545PE.NFO,07/01/2020,11:19:27,20.5,21.05,2750,21.5,2750,0,334125
ICICIBANK30Jan20545PE.NFO,07/01/2020,11:19:34,20.5,21.1,2750,21.55,2750,0,334125
ICICIBANK30Jan20545PE.NFO,07/01/2020,11:19:40,20.5,21.1,1375,21.5,1375,0,334125
ICICIBANK30Jan20545PE.NFO,07/01/2020,11:19:47,20.5,20.9,2750,21.35,5500,0,334125
ICICIBANK30Jan20545PE.NFO,07/01/2020,11:19:52,20.5,21,2750,21.45,4125,0,334125
ICICIBANK30Jan20545PE.NFO,07/01/2020,11:19:57,20.5,21.05,2750,21.5,4125,0,334125
ICICIBANK30Jan20545PE.NFO,07/01/2020,11:20:08,20.5,21,2750,21.45,4125,0,334125
ICICIBANK30Jan20545PE.NFO,07/01/2020,11:20:14,20.5,21.05,4125,21.55,2750,0,334125
ICICIBANK30Jan20545PE.NFO,07/01/2020,11:20:20,20.5,21.2,1375,21.65,4125,0,334125
ICICIBANK30Jan20545PE.NFO,07/01/2020,11:20:25,20.5,21.1,2750,21.6,4125,0,334125
ICICIBANK30Jan20545PE.NFO,07/01/2020,11:20:30,20.5,21.1,1375,21.6,4125,0,334125
ICICIBANK30Jan20545PE.NFO,07/01/2020,11:20:36,20.5,21,1375,21.45,2750,0,334125
ICICIBANK30Jan20545PE.NFO,07/01/2020,11:20:41,20.5,21.05,2750,21.5,4125,0,334125
ICICIBANK30Jan20545PE.NFO,07/01/2020,11:20:51,20.5,21,2750,21.45,5500,0,334125
ICICIBANK30Jan20545PE.NFO,07/01/2020,11:20:57,20.5,21.1,2750,21.55,2750,0,334125
ICICIBANK30Jan20545PE.NFO,07/01/2020,11:21:03,20.5,21.05,2750,21.55,4125,0,334125
ICICIBANK30Jan20545PE.NFO,07/01/2020,11:21:12,20.5,21.05,1375,21.5,4125,0,334125
