Ticker,Date,Time,LTP,BuyPrice,BuyQty,SellPrice,SellQty,LTQ,OpenInterest
ICICIBANK27Feb20575CE.NFO,07/01/2020,15:04:08,6,5.7,1375,6.85,1375,2750,5500
ICICIBANK27Feb20575CE.NFO,07/01/2020,15:04:08,6,5.7,1375,6.85,1375,0,5500
ICICIBANK27Feb20575CE.NFO,07/01/2020,15:04:08,6,5.7,1375,6.85,1375,0,5500
ICICIBANK27Feb20575CE.NFO,07/01/2020,15:04:08,6,5.7,1375,6.85,1375,0,5500
ICICIBANK27Feb20575CE.NFO,07/01/2020,15:04:14,6,5.75,1375,9.15,24750,0,5500
ICICIBANK27Feb20575CE.NFO,07/01/2020,15:04:20,6,5.8,1375,9.15,24750,0,5500
ICICIBANK27Feb20575CE.NFO,07/01/2020,15:05:46,6,5.75,1375,9.15,24750,0,5500
ICICIBANK27Feb20575CE.NFO,07/01/2020,15:06:11,6,5.7,1375,9.15,24750,0,5500
ICICIBANK27Feb20575CE.NFO,07/01/2020,15:06:21,6,5.65,1375,9.15,24750,0,5500
ICICIBANK27Feb20575CE.NFO,07/01/2020,15:06:49,6,5.7,1375,9.15,24750,0,5500
ICICIBANK27Feb20575CE.NFO,07/01/2020,15:07:49,6,5.75,1375,9.15,24750,0,5500
ICICIBANK27Feb20575CE.NFO,07/01/2020,15:08:06,6,5.8,1375,9.15,24750,0,5500
ICICIBANK27Feb20575CE.NFO,07/01/2020,15:08:12,6,5.75,1375,9.15,24750,0,5500
ICICIBANK27Feb20575CE.NFO,07/01/2020,15:08:22,6,5.8,1375,9.15,24750,0,5500
ICICIBANK27Feb20575CE.NFO,07/01/2020,15:08:27,6,5.75,1375,9.15,24750,0,5500
ICICIBANK27Feb20575CE.NFO,07/01/2020,15:08:33,6,5.65,1375,9.15,24750,0,5500
ICICIBANK27Feb20575CE.NFO,07/01/2020,15:09:01,6,5.7,1375,9.15,24750,0,5500
ICICIBANK27Feb20575CE.NFO,07/01/2020,15:09:11,6,5.65,1375,9.15,24750,0,5500
ICICIBANK27Feb20575CE.NFO,07/01/2020,15:09:21,6,5.7,1375,9.15,24750,0,5500
ICICIBANK27Feb20575CE.NFO,07/01/2020,15:09:27,6,5.75,1375,9.15,24750,0,5500
ICICIBANK27Feb20575CE.NFO,07/01/2020,15:09:34,6,5.7,1375,9.15,24750,0,5500
ICICIBANK27Feb20575CE.NFO,07/01/2020,15:09:51,6,5.75,1375,9.15,24750,0,5500
ICICIBANK27Feb20575CE.NFO,07/01/2020,15:10:25,6,5.8,1375,9.15,24750,0,5500
ICICIBANK27Feb20575CE.NFO,07/01/2020,15:11:14,6,5.75,1375,9.15,24750,0,5500
ICICIBANK27Feb20575CE.NFO,07/01/2020,15:11:21,6,5.8,1375,9.15,24750,0,5500
ICICIBANK27Feb20575CE.NFO,07/01/2020,15:11:28,6,5.85,1375,9.15,24750,0,5500
ICICIBANK27Feb20575CE.NFO,07/01/2020,15:11:35,6,5.8,1375,9.15,24750,0,5500
ICICIBANK27Feb20575CE.NFO,07/01/2020,15:11:42,6,5.85,1375,9.15,24750,0,5500
ICICIBANK27Feb20575CE.NFO,07/01/2020,15:11:54,6,5.8,1375,9.15,24750,0,5500
ICICIBANK27Feb20575CE.NFO,07/01/2020,15:12:25,6,5.75,1375,9.15,24750,0,5500
ICICIBANK27Feb20575CE.NFO,07/01/2020,15:12:37,6,5.7,1375,9.15,24750,0,5500
ICICIBANK27Feb20575CE.NFO,07/01/2020,15:13:00,6,5.65,1375,9.15,24750,0,5500
ICICIBANK27Feb20575CE.NFO,07/01/2020,15:13:59,6,5.6,1375,9.15,24750,0,5500
ICICIBANK27Feb20575CE.NFO,07/01/2020,15:14:35,6,5.65,1375,9.15,24750,0,5500
ICICIBANK27Feb20575CE.NFO,07/01/2020,15:14:40,6,5.6,1375,9.15,24750,0,5500
ICICIBANK27Feb20575CE.NFO,07/01/2020,15:14:45,6,5.65,1375,9.15,24750,0,5500
ICICIBANK27Feb20575CE.NFO,07/01/2020,15:15:43,6,5.75,1375,9.15,24750,0,5500
ICICIBANK27Feb20575CE.NFO,07/01/2020,15:15:50,6,5.7,1375,9.15,24750,0,5500
ICICIBANK27Feb20575CE.NFO,07/01/2020,15:15:57,6,5.75,1375,9.15,24750,0,5500
ICICIBANK27Feb20575CE.NFO,07/01/2020,15:16:11,6,5.7,1375,9.15,24750,0,5500
ICICIBANK27Feb20575CE.NFO,07/01/2020,15:17:52,6,5.75,1375,9.15,24750,0,5500
ICICIBANK27Feb20575CE.NFO,07/01/2020,15:18:11,6,5.8,1375,9.15,24750,0,5500
ICICIBANK27Feb20575CE.NFO,07/01/2020,15:18:35,6,5.85,1375,9.15,24750,0,5500
ICICIBANK27Feb20575CE.NFO,07/01/2020,15:18:47,6,5.8,1375,9.15,24750,0,5500
ICICIBANK27Feb20575CE.NFO,07/01/2020,15:18:54,6,5.85,1375,9.15,24750,0,5500
ICICIBANK27Feb20575CE.NFO,07/01/2020,15:19:00,6,5.8,1375,9.15,24750,0,5500
ICICIBANK27Feb20575CE.NFO,07/01/2020,15:19:07,6,5.85,1375,9.15,24750,0,5500
ICICIBANK27Feb20575CE.NFO,07/01/2020,15:19:13,6,5.9,1375,9.15,24750,0,5500
ICICIBANK27Feb20575CE.NFO,07/01/2020,15:19:19,6,5.95,1375,9.15,24750,0,5500
ICICIBANK27Feb20575CE.NFO,07/01/2020,15:19:25,6,6,1375,9.15,24750,0,5500
ICICIBANK27Feb20575CE.NFO,07/01/2020,15:19:32,6,6.05,1375,9.15,22000,0,5500
ICICIBANK27Feb20575CE.NFO,07/01/2020,15:19:38,6,6,1375,9.15,24750,0,5500
ICICIBANK27Feb20575CE.NFO,07/01/2020,15:19:44,6,5.9,1375,9.15,24750,0,5500
ICICIBANK27Feb20575CE.NFO,07/01/2020,15:20:04,6,5,16500,9.15,24750,0,5500
ICICIBANK27Feb20575CE.NFO,07/01/2020,15:20:13,6,5.75,1375,9.15,24750,0,5500
ICICIBANK27Feb20575CE.NFO,07/01/2020,15:20:22,6,5.7,1375,9.15,24750,0,5500
ICICIBANK27Feb20575CE.NFO,07/01/2020,15:20:31,6,5.65,1375,9.15,24750,0,5500
ICICIBANK27Feb20575CE.NFO,07/01/2020,15:20:38,6,5,11000,9.15,24750,0,5500
ICICIBANK27Feb20575CE.NFO,07/01/2020,15:22:11,6,5,13750,9.15,24750,0,5500
ICICIBANK27Feb20575CE.NFO,07/01/2020,15:22:55,6,5,11000,9.15,24750,0,5500
ICICIBANK27Feb20575CE.NFO,07/01/2020,15:23:48,6,5,13750,9.15,24750,0,5500
ICICIBANK27Feb20575CE.NFO,07/01/2020,15:24:13,6,5,16500,9.15,24750,0,5500
ICICIBANK27Feb20575CE.NFO,07/01/2020,15:28:06,6,5,19250,9.15,24750,0,5500
ICICIBANK27Feb20575CE.NFO,07/01/2020,15:28:12,6,5,16500,9.15,24750,0,5500
ICICIBANK27Feb20575CE.NFO,07/01/2020,15:28:17,6,5,19250,9.15,24750,0,5500
ICICIBANK27Feb20575CE.NFO,07/01/2020,15:28:28,6,5,19250,9.15,22000,0,5500
ICICIBANK27Feb20575CE.NFO,07/01/2020,15:29:03,6,5,19250,9.15,24750,0,5500
ICICIBANK27Feb20575CE.NFO,07/01/2020,15:29:11,6,5,16500,9.15,24750,0,5500
