Ticker,Date,Time,LTP,BuyPrice,BuyQty,SellPrice,SellQty,LTQ,OpenInterest
IDFCFIRSTB30Jan2042CE.NFO,07/01/2020,09:56:46,3.1,3.05,12000,3.3,12000,192000,756000
IDFCFIRSTB30Jan2042CE.NFO,07/01/2020,09:56:46,3.1,3.05,12000,3.3,12000,0,756000
IDFCFIRSTB30Jan2042CE.NFO,07/01/2020,09:56:46,3.1,3.05,12000,3.3,12000,0,756000
IDFCFIRSTB30Jan2042CE.NFO,07/01/2020,09:56:46,3.1,3.05,12000,3.3,12000,0,756000
IDFCFIRSTB30Jan2042CE.NFO,07/01/2020,09:56:50,3.1,3.05,12000,3.3,12000,0,756000
IDFCFIRSTB30Jan2042CE.NFO,07/01/2020,09:56:55,3.1,3,12000,3.25,12000,0,756000
IDFCFIRSTB30Jan2042CE.NFO,07/01/2020,09:58:55,3.1,2.95,12000,3.2,12000,0,756000
IDFCFIRSTB30Jan2042CE.NFO,07/01/2020,10:00:12,3.1,2.95,12000,3.2,24000,0,756000
IDFCFIRSTB30Jan2042CE.NFO,07/01/2020,10:00:46,3.1,2.9,12000,3.2,24000,0,756000
IDFCFIRSTB30Jan2042CE.NFO,07/01/2020,10:00:59,3.1,2.9,12000,3.25,60000,0,756000
IDFCFIRSTB30Jan2042CE.NFO,07/01/2020,10:01:05,3.1,2.9,12000,3.15,12000,0,756000
IDFCFIRSTB30Jan2042CE.NFO,07/01/2020,10:01:42,3.1,2.95,12000,3.15,12000,0,756000
IDFCFIRSTB30Jan2042CE.NFO,07/01/2020,10:02:53,3.1,2.95,12000,3.2,12000,0,756000
IDFCFIRSTB30Jan2042CE.NFO,07/01/2020,10:05:34,3.1,2.9,12000,3.15,12000,0,756000
IDFCFIRSTB30Jan2042CE.NFO,07/01/2020,10:05:46,3.1,2.9,12000,3.2,12000,0,756000
IDFCFIRSTB30Jan2042CE.NFO,07/01/2020,10:06:08,3.1,2.9,12000,3.15,12000,0,756000
IDFCFIRSTB30Jan2042CE.NFO,07/01/2020,10:11:14,3.1,2.9,12000,3.2,12000,0,756000
IDFCFIRSTB30Jan2042CE.NFO,07/01/2020,10:11:25,3.1,2.9,12000,3.15,12000,0,756000
IDFCFIRSTB30Jan2042CE.NFO,07/01/2020,10:12:56,3.1,2.95,12000,3.2,12000,0,756000
IDFCFIRSTB30Jan2042CE.NFO,07/01/2020,10:13:12,3.1,2.95,12000,3.15,12000,0,756000
IDFCFIRSTB30Jan2042CE.NFO,07/01/2020,10:14:11,3.1,2.95,12000,3.2,12000,0,756000
IDFCFIRSTB30Jan2042CE.NFO,07/01/2020,10:15:53,3.1,2.95,12000,3.15,12000,0,756000
IDFCFIRSTB30Jan2042CE.NFO,07/01/2020,10:16:21,3.1,2.95,12000,3.25,12000,0,756000
IDFCFIRSTB30Jan2042CE.NFO,07/01/2020,10:16:25,3.1,2.95,12000,3.2,12000,0,756000
IDFCFIRSTB30Jan2042CE.NFO,07/01/2020,10:17:20,3.1,2.95,12000,3.15,12000,0,756000
IDFCFIRSTB30Jan2042CE.NFO,07/01/2020,10:17:53,3.1,2.95,12000,3.2,12000,0,756000
IDFCFIRSTB30Jan2042CE.NFO,07/01/2020,10:22:46,3.1,2.95,12000,3.15,12000,0,756000
IDFCFIRSTB30Jan2042CE.NFO,07/01/2020,10:23:23,3.1,2.95,12000,3.2,12000,0,756000
IDFCFIRSTB30Jan2042CE.NFO,07/01/2020,10:25:07,3.1,2.85,12000,3.1,12000,0,756000
IDFCFIRSTB30Jan2042CE.NFO,07/01/2020,10:25:53,3.1,2.8,48000,3.05,12000,0,756000
IDFCFIRSTB30Jan2042CE.NFO,07/01/2020,10:26:22,3.1,2.8,12000,3.05,12000,0,756000
IDFCFIRSTB30Jan2042CE.NFO,07/01/2020,10:27:01,3.1,2.8,12000,3.1,12000,0,756000
IDFCFIRSTB30Jan2042CE.NFO,07/01/2020,10:27:04,3.1,2.8,48000,3.1,12000,0,756000
IDFCFIRSTB30Jan2042CE.NFO,07/01/2020,10:27:14,3.1,2.8,72000,3.1,12000,0,756000
IDFCFIRSTB30Jan2042CE.NFO,07/01/2020,10:27:24,3.1,2.8,48000,3.1,12000,0,756000
IDFCFIRSTB30Jan2042CE.NFO,07/01/2020,10:27:56,3.1,2.8,72000,3.1,12000,0,756000
IDFCFIRSTB30Jan2042CE.NFO,07/01/2020,10:31:27,3.1,2.8,12000,3.05,12000,0,756000
IDFCFIRSTB30Jan2042CE.NFO,07/01/2020,10:32:52,3.1,2.8,48000,3.05,12000,0,756000
IDFCFIRSTB30Jan2042CE.NFO,07/01/2020,10:33:16,3.1,2.8,12000,3.05,12000,0,756000
IDFCFIRSTB30Jan2042CE.NFO,07/01/2020,10:36:53,3.1,2.8,48000,3.1,36000,0,756000
IDFCFIRSTB30Jan2042CE.NFO,07/01/2020,10:36:56,3.1,2.8,48000,3.1,24000,0,756000
IDFCFIRSTB30Jan2042CE.NFO,07/01/2020,10:37:05,3.1,2.8,12000,3.1,24000,0,756000
IDFCFIRSTB30Jan2042CE.NFO,07/01/2020,10:37:13,3.1,2.8,48000,3.1,24000,0,756000
IDFCFIRSTB30Jan2042CE.NFO,07/01/2020,10:37:40,3.1,2.8,12000,3.1,24000,0,756000
IDFCFIRSTB30Jan2042CE.NFO,07/01/2020,10:37:59,3.1,2.8,48000,3.1,24000,0,756000
IDFCFIRSTB30Jan2042CE.NFO,07/01/2020,10:38:20,3.1,2.8,12000,3.1,24000,0,756000
IDFCFIRSTB30Jan2042CE.NFO,07/01/2020,10:38:36,3.1,2.8,48000,3.1,24000,0,756000
IDFCFIRSTB30Jan2042CE.NFO,07/01/2020,10:39:20,3.1,2.8,12000,3.1,24000,0,756000
IDFCFIRSTB30Jan2042CE.NFO,07/01/2020,10:39:24,3.1,2.8,48000,3.1,24000,0,756000
IDFCFIRSTB30Jan2042CE.NFO,07/01/2020,10:39:32,3.1,2.8,12000,3.1,24000,0,756000
IDFCFIRSTB30Jan2042CE.NFO,07/01/2020,10:39:35,3.1,2.8,48000,3.1,24000,0,756000
IDFCFIRSTB30Jan2042CE.NFO,07/01/2020,10:40:00,3.1,2.8,12000,3.1,24000,0,756000
IDFCFIRSTB30Jan2042CE.NFO,07/01/2020,10:40:12,3.1,2.8,48000,3.1,24000,0,756000
IDFCFIRSTB30Jan2042CE.NFO,07/01/2020,10:41:23,3.1,2.8,12000,3.1,24000,0,756000
IDFCFIRSTB30Jan2042CE.NFO,07/01/2020,10:48:02,3.1,2.8,12000,3.05,12000,0,756000
IDFCFIRSTB30Jan2042CE.NFO,07/01/2020,10:48:10,3.1,2.8,12000,3.1,12000,0,756000
IDFCFIRSTB30Jan2042CE.NFO,07/01/2020,10:48:14,3.1,2.8,12000,3.05,12000,0,756000
IDFCFIRSTB30Jan2042CE.NFO,07/01/2020,10:48:17,3.1,2.8,12000,3.1,24000,0,756000
IDFCFIRSTB30Jan2042CE.NFO,07/01/2020,10:48:20,3.1,2.8,12000,3.05,12000,0,756000
IDFCFIRSTB30Jan2042CE.NFO,07/01/2020,10:48:40,3.1,2.8,12000,3.05,24000,0,756000
IDFCFIRSTB30Jan2042CE.NFO,07/01/2020,10:48:44,3.1,2.8,12000,3.05,12000,0,756000
IDFCFIRSTB30Jan2042CE.NFO,07/01/2020,10:48:55,3.1,2.8,12000,3.05,24000,0,756000
IDFCFIRSTB30Jan2042CE.NFO,07/01/2020,10:48:58,3.1,2.8,12000,3.1,24000,0,756000
IDFCFIRSTB30Jan2042CE.NFO,07/01/2020,10:49:02,3.1,2.8,12000,3,12000,0,756000
IDFCFIRSTB30Jan2042CE.NFO,07/01/2020,10:49:10,3.1,2.8,12000,3.05,12000,0,756000
IDFCFIRSTB30Jan2042CE.NFO,07/01/2020,10:49:14,3.1,2.8,12000,3.1,36000,0,756000
IDFCFIRSTB30Jan2042CE.NFO,07/01/2020,10:51:11,3.1,2.8,12000,3,12000,0,756000
IDFCFIRSTB30Jan2042CE.NFO,07/01/2020,10:51:14,3.1,2.8,12000,3.05,12000,0,756000
IDFCFIRSTB30Jan2042CE.NFO,07/01/2020,10:51:18,3.1,2.8,12000,3,12000,0,756000
IDFCFIRSTB30Jan2042CE.NFO,07/01/2020,10:51:23,3.1,2.8,12000,3.05,36000,0,756000
IDFCFIRSTB30Jan2042CE.NFO,07/01/2020,10:51:26,3.1,2.8,12000,3,12000,0,756000
IDFCFIRSTB30Jan2042CE.NFO,07/01/2020,10:51:31,3.1,2.8,12000,3.15,144000,0,756000
IDFCFIRSTB30Jan2042CE.NFO,07/01/2020,10:51:33,3.1,2.8,12000,3.05,12000,0,756000
IDFCFIRSTB30Jan2042CE.NFO,07/01/2020,10:51:34,3.1,2.8,12000,3,12000,0,756000
IDFCFIRSTB30Jan2042CE.NFO,07/01/2020,10:51:36,3.1,2.8,12000,3.15,144000,0,756000
IDFCFIRSTB30Jan2042CE.NFO,07/01/2020,10:51:43,3.1,2.8,12000,3.05,12000,0,756000
IDFCFIRSTB30Jan2042CE.NFO,07/01/2020,10:51:46,3.1,2.8,12000,3,12000,0,756000
IDFCFIRSTB30Jan2042CE.NFO,07/01/2020,10:51:49,3.1,2.8,12000,3.05,24000,0,756000
IDFCFIRSTB30Jan2042CE.NFO,07/01/2020,10:51:52,3.1,2.8,12000,3.05,36000,0,756000
IDFCFIRSTB30Jan2042CE.NFO,07/01/2020,10:52:08,3.1,2.75,12000,2.95,12000,0,756000
IDFCFIRSTB30Jan2042CE.NFO,07/01/2020,10:52:12,3.1,2.75,12000,2.9,12000,0,756000
IDFCFIRSTB30Jan2042CE.NFO,07/01/2020,10:52:16,3.1,2.75,12000,3,24000,0,756000
IDFCFIRSTB30Jan2042CE.NFO,07/01/2020,10:53:19,3.1,2.7,12000,2.95,12000,0,756000
IDFCFIRSTB30Jan2042CE.NFO,07/01/2020,10:53:24,3.1,2.7,12000,2.9,12000,0,756000
IDFCFIRSTB30Jan2042CE.NFO,07/01/2020,10:53:29,3.1,2.7,12000,2.95,36000,0,756000
IDFCFIRSTB30Jan2042CE.NFO,07/01/2020,10:53:34,3.1,2.7,12000,2.95,24000,0,756000
IDFCFIRSTB30Jan2042CE.NFO,07/01/2020,10:53:50,3.1,2.7,12000,2.95,36000,0,756000
IDFCFIRSTB30Jan2042CE.NFO,07/01/2020,10:55:13,3.1,2.7,12000,2.85,12000,0,756000
IDFCFIRSTB30Jan2042CE.NFO,07/01/2020,10:55:17,3.1,2.7,12000,3,84000,0,756000
IDFCFIRSTB30Jan2042CE.NFO,07/01/2020,10:55:22,3.1,2.7,12000,2.85,24000,0,756000
IDFCFIRSTB30Jan2042CE.NFO,07/01/2020,10:55:28,3.1,2.65,12000,2.85,12000,0,756000
IDFCFIRSTB30Jan2042CE.NFO,07/01/2020,10:55:34,3.1,2.65,12000,2.95,132000,0,756000
IDFCFIRSTB30Jan2042CE.NFO,07/01/2020,10:55:40,3.1,2.65,12000,2.95,120000,0,756000
IDFCFIRSTB30Jan2042CE.NFO,07/01/2020,10:55:50,3.1,2.65,12000,2.9,48000,0,756000
IDFCFIRSTB30Jan2042CE.NFO,07/01/2020,10:56:26,3.1,2.7,12000,2.9,24000,0,756000
IDFCFIRSTB30Jan2042CE.NFO,07/01/2020,10:56:53,3.1,2.6,12000,2.85,36000,0,756000
IDFCFIRSTB30Jan2042CE.NFO,07/01/2020,10:57:16,3.1,2.6,12000,2.85,24000,0,756000
IDFCFIRSTB30Jan2042CE.NFO,07/01/2020,10:57:23,3.1,2.6,12000,2.8,36000,0,756000
IDFCFIRSTB30Jan2042CE.NFO,07/01/2020,10:57:30,3.1,2.55,12000,2.75,36000,0,756000
IDFCFIRSTB30Jan2042CE.NFO,07/01/2020,10:57:43,3.1,2.55,24000,2.75,36000,0,756000
IDFCFIRSTB30Jan2042CE.NFO,07/01/2020,10:58:27,2.7,2.55,24000,2.75,24000,12000,720000
IDFCFIRSTB30Jan2042CE.NFO,07/01/2020,10:58:27,2.7,2.55,24000,2.75,24000,0,720000
IDFCFIRSTB30Jan2042CE.NFO,07/01/2020,10:58:46,2.7,2.55,24000,2.75,24000,0,720000
IDFCFIRSTB30Jan2042CE.NFO,07/01/2020,11:00:13,2.7,2.55,12000,2.7,24000,0,720000
IDFCFIRSTB30Jan2042CE.NFO,07/01/2020,11:01:30,2.7,2.55,12000,2.7,12000,0,720000
IDFCFIRSTB30Jan2042CE.NFO,07/01/2020,11:01:54,2.7,2.5,12000,2.7,12000,0,720000
IDFCFIRSTB30Jan2042CE.NFO,07/01/2020,11:02:53,2.7,2.5,12000,2.65,24000,0,720000
IDFCFIRSTB30Jan2042CE.NFO,07/01/2020,11:03:39,2.7,2.5,12000,2.6,24000,0,720000
IDFCFIRSTB30Jan2042CE.NFO,07/01/2020,11:04:27,2.7,2.45,12000,2.6,24000,0,720000
IDFCFIRSTB30Jan2042CE.NFO,07/01/2020,11:05:36,2.7,2.45,12000,2.6,12000,0,720000
IDFCFIRSTB30Jan2042CE.NFO,07/01/2020,11:06:10,2.6,2.45,48000,2.65,12000,12000,720000
IDFCFIRSTB30Jan2042CE.NFO,07/01/2020,11:06:10,2.6,2.45,48000,2.65,12000,0,720000
IDFCFIRSTB30Jan2042CE.NFO,07/01/2020,11:06:17,2.6,2.45,24000,2.65,12000,0,720000
IDFCFIRSTB30Jan2042CE.NFO,07/01/2020,11:08:08,2.6,2.45,12000,2.65,12000,0,720000
IDFCFIRSTB30Jan2042CE.NFO,07/01/2020,11:09:18,2.6,2.45,36000,2.65,12000,0,720000
IDFCFIRSTB30Jan2042CE.NFO,07/01/2020,11:10:38,2.6,2.45,12000,2.65,12000,0,720000
IDFCFIRSTB30Jan2042CE.NFO,07/01/2020,11:11:18,2.6,2.45,12000,2.6,12000,0,720000
IDFCFIRSTB30Jan2042CE.NFO,07/01/2020,11:11:24,2.6,2.45,12000,2.65,12000,0,720000
IDFCFIRSTB30Jan2042CE.NFO,07/01/2020,11:12:07,2.6,2.4,12000,2.6,12000,0,720000
IDFCFIRSTB30Jan2042CE.NFO,07/01/2020,11:13:13,2.6,2.35,36000,2.6,12000,0,720000
IDFCFIRSTB30Jan2042CE.NFO,07/01/2020,11:13:18,2.6,2.35,12000,2.55,12000,0,720000
IDFCFIRSTB30Jan2042CE.NFO,07/01/2020,11:13:53,2.6,2.4,36000,2.6,12000,0,720000
IDFCFIRSTB30Jan2042CE.NFO,07/01/2020,11:13:59,2.6,2.35,60000,2.6,12000,0,720000
IDFCFIRSTB30Jan2042CE.NFO,07/01/2020,11:14:04,2.6,2.4,36000,2.6,12000,0,720000
IDFCFIRSTB30Jan2042CE.NFO,07/01/2020,11:14:16,2.6,2.35,60000,2.6,12000,0,720000
IDFCFIRSTB30Jan2042CE.NFO,07/01/2020,11:14:22,2.6,2.4,36000,2.6,12000,0,720000
IDFCFIRSTB30Jan2042CE.NFO,07/01/2020,11:14:27,2.6,2.4,12000,2.6,12000,0,720000
IDFCFIRSTB30Jan2042CE.NFO,07/01/2020,11:14:37,2.6,2.4,12000,2.65,12000,0,720000
IDFCFIRSTB30Jan2042CE.NFO,07/01/2020,11:15:05,2.6,2.35,12000,2.65,36000,0,720000
IDFCFIRSTB30Jan2042CE.NFO,07/01/2020,11:16:47,2.6,2.35,60000,2.65,36000,0,720000
IDFCFIRSTB30Jan2042CE.NFO,07/01/2020,11:16:54,2.6,2.35,36000,2.65,36000,0,720000
IDFCFIRSTB30Jan2042CE.NFO,07/01/2020,11:17:00,2.6,2.35,60000,2.65,36000,0,720000
IDFCFIRSTB30Jan2042CE.NFO,07/01/2020,11:18:06,2.6,2.4,36000,2.65,36000,0,720000
IDFCFIRSTB30Jan2042CE.NFO,07/01/2020,11:18:11,2.6,2.35,60000,2.65,36000,0,720000
IDFCFIRSTB30Jan2042CE.NFO,07/01/2020,11:18:17,2.6,2.35,36000,2.65,36000,0,720000
IDFCFIRSTB30Jan2042CE.NFO,07/01/2020,11:18:22,2.6,2.35,60000,2.65,36000,0,720000
IDFCFIRSTB30Jan2042CE.NFO,07/01/2020,11:18:50,2.6,2.4,12000,2.65,24000,0,720000
IDFCFIRSTB30Jan2042CE.NFO,07/01/2020,11:18:55,2.6,2.4,36000,2.65,24000,0,720000
IDFCFIRSTB30Jan2042CE.NFO,07/01/2020,11:19:01,2.6,2.5,12000,2.65,24000,0,720000
IDFCFIRSTB30Jan2042CE.NFO,07/01/2020,11:19:27,2.6,2.5,12000,2.75,36000,0,720000
IDFCFIRSTB30Jan2042CE.NFO,07/01/2020,11:19:34,2.6,2.5,12000,2.65,24000,0,720000
IDFCFIRSTB30Jan2042CE.NFO,07/01/2020,11:19:53,2.6,2.5,12000,2.65,12000,0,720000
IDFCFIRSTB30Jan2042CE.NFO,07/01/2020,11:20:02,2.6,2.5,12000,2.65,24000,0,720000
IDFCFIRSTB30Jan2042CE.NFO,07/01/2020,11:20:41,2.6,2.5,12000,2.65,36000,0,720000
IDFCFIRSTB30Jan2042CE.NFO,07/01/2020,11:21:03,2.6,2.5,12000,2.65,24000,0,720000
IDFCFIRSTB30Jan2042CE.NFO,07/01/2020,11:22:32,2.6,2.5,36000,2.65,24000,0,720000
IDFCFIRSTB30Jan2042CE.NFO,07/01/2020,11:31:01,2.6,2.5,36000,2.7,12000,0,720000
IDFCFIRSTB30Jan2042CE.NFO,07/01/2020,11:31:19,2.6,2.5,12000,2.7,12000,0,720000
IDFCFIRSTB30Jan2042CE.NFO,07/01/2020,11:31:28,2.6,2.55,12000,2.7,12000,0,720000
IDFCFIRSTB30Jan2042CE.NFO,07/01/2020,11:31:49,2.6,2.55,12000,2.75,12000,0,720000
IDFCFIRSTB30Jan2042CE.NFO,07/01/2020,11:32:02,2.6,2.55,12000,2.8,12000,0,720000
IDFCFIRSTB30Jan2042CE.NFO,07/01/2020,11:32:23,2.6,2.55,24000,2.85,12000,0,720000
IDFCFIRSTB30Jan2042CE.NFO,07/01/2020,11:32:32,2.6,2.55,12000,2.8,12000,0,720000
IDFCFIRSTB30Jan2042CE.NFO,07/01/2020,11:33:25,2.6,2.6,36000,2.8,12000,0,720000
IDFCFIRSTB30Jan2042CE.NFO,07/01/2020,11:33:30,2.6,2.55,12000,2.8,12000,0,720000
IDFCFIRSTB30Jan2042CE.NFO,07/01/2020,11:33:38,2.6,2.6,36000,2.8,12000,0,720000
IDFCFIRSTB30Jan2042CE.NFO,07/01/2020,11:33:42,2.6,2.55,12000,2.8,12000,0,720000
IDFCFIRSTB30Jan2042CE.NFO,07/01/2020,11:33:46,2.6,2.55,24000,2.85,12000,0,720000
IDFCFIRSTB30Jan2042CE.NFO,07/01/2020,11:33:51,2.6,2.55,24000,2.8,12000,0,720000
IDFCFIRSTB30Jan2042CE.NFO,07/01/2020,11:34:02,2.6,2.6,12000,2.85,12000,0,720000
IDFCFIRSTB30Jan2042CE.NFO,07/01/2020,11:34:07,2.6,2.55,48000,2.85,12000,0,720000
IDFCFIRSTB30Jan2042CE.NFO,07/01/2020,11:34:14,2.6,2.6,36000,2.85,12000,0,720000
IDFCFIRSTB30Jan2042CE.NFO,07/01/2020,11:34:21,2.6,2.55,24000,2.85,12000,0,720000
IDFCFIRSTB30Jan2042CE.NFO,07/01/2020,11:34:33,2.6,2.6,48000,2.85,12000,0,720000
IDFCFIRSTB30Jan2042CE.NFO,07/01/2020,11:34:45,2.6,2.55,24000,2.85,12000,0,720000
IDFCFIRSTB30Jan2042CE.NFO,07/01/2020,11:35:08,2.6,2.6,36000,2.85,12000,0,720000
IDFCFIRSTB30Jan2042CE.NFO,07/01/2020,11:35:13,2.6,2.55,72000,2.85,12000,0,720000
IDFCFIRSTB30Jan2042CE.NFO,07/01/2020,11:35:18,2.6,2.6,36000,2.85,12000,0,720000
IDFCFIRSTB30Jan2042CE.NFO,07/01/2020,11:35:25,2.6,2.65,12000,2.9,12000,0,720000
IDFCFIRSTB30Jan2042CE.NFO,07/01/2020,11:36:00,2.6,2.6,12000,2.9,12000,0,720000
IDFCFIRSTB30Jan2042CE.NFO,07/01/2020,11:36:06,2.6,2.6,12000,2.9,48000,0,720000
IDFCFIRSTB30Jan2042CE.NFO,07/01/2020,11:36:52,2.6,2.55,24000,2.85,12000,0,720000
IDFCFIRSTB30Jan2042CE.NFO,07/01/2020,11:36:59,2.6,2.55,12000,2.8,12000,0,720000
IDFCFIRSTB30Jan2042CE.NFO,07/01/2020,11:40:41,2.6,2.55,12000,2.75,12000,0,720000
IDFCFIRSTB30Jan2042CE.NFO,07/01/2020,11:40:44,2.6,2.55,12000,2.8,108000,0,720000
IDFCFIRSTB30Jan2042CE.NFO,07/01/2020,11:41:04,2.6,2.55,12000,2.8,84000,0,720000
IDFCFIRSTB30Jan2042CE.NFO,07/01/2020,11:41:11,2.6,2.55,12000,2.8,108000,0,720000
IDFCFIRSTB30Jan2042CE.NFO,07/01/2020,11:41:29,2.6,2.55,12000,2.8,84000,0,720000
IDFCFIRSTB30Jan2042CE.NFO,07/01/2020,11:42:13,2.6,2.5,24000,2.8,84000,0,720000
IDFCFIRSTB30Jan2042CE.NFO,07/01/2020,11:42:29,2.6,2.5,24000,2.75,84000,0,720000
IDFCFIRSTB30Jan2042CE.NFO,07/01/2020,11:42:56,2.6,2.5,24000,2.75,72000,0,720000
IDFCFIRSTB30Jan2042CE.NFO,07/01/2020,11:43:18,2.6,2.5,24000,2.75,24000,0,720000
IDFCFIRSTB30Jan2042CE.NFO,07/01/2020,11:45:40,2.6,2.5,24000,2.7,24000,0,720000
IDFCFIRSTB30Jan2042CE.NFO,07/01/2020,11:46:00,2.6,2.5,24000,2.7,12000,0,720000
IDFCFIRSTB30Jan2042CE.NFO,07/01/2020,11:46:03,2.6,2.5,24000,2.8,96000,0,720000
IDFCFIRSTB30Jan2042CE.NFO,07/01/2020,11:46:06,2.6,2.5,24000,2.8,84000,0,720000
IDFCFIRSTB30Jan2042CE.NFO,07/01/2020,11:46:29,2.6,2.5,24000,2.7,24000,0,720000
IDFCFIRSTB30Jan2042CE.NFO,07/01/2020,11:46:31,2.6,2.5,24000,2.7,12000,0,720000
IDFCFIRSTB30Jan2042CE.NFO,07/01/2020,11:46:40,2.6,2.5,24000,2.75,12000,0,720000
IDFCFIRSTB30Jan2042CE.NFO,07/01/2020,11:47:39,2.6,2.5,24000,2.7,12000,0,720000
IDFCFIRSTB30Jan2042CE.NFO,07/01/2020,11:47:54,2.6,2.5,24000,2.75,12000,0,720000
IDFCFIRSTB30Jan2042CE.NFO,07/01/2020,11:48:13,2.6,2.5,24000,2.7,12000,0,720000
IDFCFIRSTB30Jan2042CE.NFO,07/01/2020,11:49:48,2.6,2.5,24000,2.75,12000,0,720000
IDFCFIRSTB30Jan2042CE.NFO,07/01/2020,11:50:15,2.6,2.5,24000,2.7,12000,0,720000
IDFCFIRSTB30Jan2042CE.NFO,07/01/2020,11:51:03,2.6,2.5,24000,2.65,12000,0,720000
IDFCFIRSTB30Jan2042CE.NFO,07/01/2020,11:51:12,2.6,2.5,12000,2.65,12000,0,720000
IDFCFIRSTB30Jan2042CE.NFO,07/01/2020,11:51:34,2.6,2.5,12000,2.8,360000,0,720000
IDFCFIRSTB30Jan2042CE.NFO,07/01/2020,11:52:08,2.5,2.3,132000,2.8,360000,12000,720000
IDFCFIRSTB30Jan2042CE.NFO,07/01/2020,11:52:08,2.5,2.3,132000,2.8,360000,0,720000
IDFCFIRSTB30Jan2042CE.NFO,07/01/2020,11:52:12,2.5,2.3,132000,2.8,360000,0,720000
IDFCFIRSTB30Jan2042CE.NFO,07/01/2020,11:52:53,2.5,2.3,156000,2.8,360000,0,720000
IDFCFIRSTB30Jan2042CE.NFO,07/01/2020,11:53:00,2.5,2.3,180000,2.8,384000,0,720000
IDFCFIRSTB30Jan2042CE.NFO,07/01/2020,11:53:29,2.5,2.3,156000,2.8,384000,0,720000
IDFCFIRSTB30Jan2042CE.NFO,07/01/2020,11:53:35,2.5,2.3,180000,2.8,384000,0,720000
IDFCFIRSTB30Jan2042CE.NFO,07/01/2020,11:53:53,2.5,2.4,108000,2.8,120000,0,720000
IDFCFIRSTB30Jan2042CE.NFO,07/01/2020,11:53:56,2.5,2.4,108000,2.8,96000,0,720000
IDFCFIRSTB30Jan2042CE.NFO,07/01/2020,11:53:59,2.5,2.35,12000,2.7,84000,0,720000
IDFCFIRSTB30Jan2042CE.NFO,07/01/2020,11:54:02,2.5,2.35,12000,2.65,12000,0,720000
IDFCFIRSTB30Jan2042CE.NFO,07/01/2020,11:54:08,2.5,2.35,132000,2.65,12000,0,720000
IDFCFIRSTB30Jan2042CE.NFO,07/01/2020,11:54:10,2.5,2.35,108000,2.7,24000,0,720000
IDFCFIRSTB30Jan2042CE.NFO,07/01/2020,11:54:16,2.5,2.35,12000,2.7,24000,0,720000
IDFCFIRSTB30Jan2042CE.NFO,07/01/2020,11:54:19,2.5,2.35,156000,2.7,24000,0,720000
IDFCFIRSTB30Jan2042CE.NFO,07/01/2020,11:54:22,2.5,2.35,12000,2.7,24000,0,720000
IDFCFIRSTB30Jan2042CE.NFO,07/01/2020,11:54:24,2.5,2.35,108000,2.7,24000,0,720000
IDFCFIRSTB30Jan2042CE.NFO,07/01/2020,11:54:28,2.5,2.4,12000,2.7,24000,0,720000
IDFCFIRSTB30Jan2042CE.NFO,07/01/2020,11:54:31,2.5,2.4,12000,2.7,36000,0,720000
IDFCFIRSTB30Jan2042CE.NFO,07/01/2020,11:54:43,2.5,2.4,12000,2.65,12000,0,720000
IDFCFIRSTB30Jan2042CE.NFO,07/01/2020,11:54:46,2.5,2.4,12000,2.65,24000,0,720000
IDFCFIRSTB30Jan2042CE.NFO,07/01/2020,11:57:46,2.5,2.4,12000,2.55,12000,0,720000
IDFCFIRSTB30Jan2042CE.NFO,07/01/2020,11:57:51,2.5,2.4,12000,2.6,36000,0,720000
IDFCFIRSTB30Jan2042CE.NFO,07/01/2020,12:02:43,2.5,2.4,12000,2.6,24000,0,720000
IDFCFIRSTB30Jan2042CE.NFO,07/01/2020,12:02:54,2.5,2.4,12000,2.65,24000,0,720000
IDFCFIRSTB30Jan2042CE.NFO,07/01/2020,12:08:21,2.5,2.4,24000,2.65,24000,0,720000
IDFCFIRSTB30Jan2042CE.NFO,07/01/2020,12:10:03,2.5,2.4,12000,2.65,24000,0,720000
IDFCFIRSTB30Jan2042CE.NFO,07/01/2020,12:10:52,2.5,2.4,24000,2.65,24000,0,720000
IDFCFIRSTB30Jan2042CE.NFO,07/01/2020,12:11:32,2.5,2.4,120000,2.65,24000,0,720000
IDFCFIRSTB30Jan2042CE.NFO,07/01/2020,12:11:41,2.5,2.4,24000,2.65,24000,0,720000
IDFCFIRSTB30Jan2042CE.NFO,07/01/2020,12:12:24,2.5,2.4,120000,2.65,24000,0,720000
IDFCFIRSTB30Jan2042CE.NFO,07/01/2020,12:12:36,2.5,2.4,24000,2.65,24000,0,720000
IDFCFIRSTB30Jan2042CE.NFO,07/01/2020,12:14:58,2.5,2.4,72000,2.65,24000,0,720000
IDFCFIRSTB30Jan2042CE.NFO,07/01/2020,12:15:01,2.5,2.4,120000,2.65,24000,0,720000
IDFCFIRSTB30Jan2042CE.NFO,07/01/2020,12:15:56,2.5,2.4,24000,2.65,24000,0,720000
IDFCFIRSTB30Jan2042CE.NFO,07/01/2020,12:16:36,2.5,2.4,120000,2.65,24000,0,720000
IDFCFIRSTB30Jan2042CE.NFO,07/01/2020,12:19:42,2.5,2.45,36000,2.65,24000,0,720000
IDFCFIRSTB30Jan2042CE.NFO,07/01/2020,12:20:21,2.5,2.45,12000,2.65,24000,0,720000
IDFCFIRSTB30Jan2042CE.NFO,07/01/2020,12:22:06,2.5,2.4,48000,2.65,24000,0,720000
IDFCFIRSTB30Jan2042CE.NFO,07/01/2020,12:22:10,2.5,2.4,24000,2.65,24000,0,720000
IDFCFIRSTB30Jan2042CE.NFO,07/01/2020,12:22:13,2.5,2.4,120000,2.65,24000,0,720000
IDFCFIRSTB30Jan2042CE.NFO,07/01/2020,12:22:52,2.5,2.4,24000,2.65,24000,0,720000
IDFCFIRSTB30Jan2042CE.NFO,07/01/2020,12:23:18,2.5,2.4,120000,2.65,24000,0,720000
IDFCFIRSTB30Jan2042CE.NFO,07/01/2020,12:28:23,2.5,2.45,12000,2.65,24000,0,720000
IDFCFIRSTB30Jan2042CE.NFO,07/01/2020,12:28:32,2.5,2.4,120000,2.65,24000,0,720000
IDFCFIRSTB30Jan2042CE.NFO,07/01/2020,12:33:00,2.5,2.4,12000,2.65,24000,0,720000
IDFCFIRSTB30Jan2042CE.NFO,07/01/2020,12:34:01,2.5,2.4,12000,2.55,12000,0,720000
IDFCFIRSTB30Jan2042CE.NFO,07/01/2020,12:34:43,2.5,2.4,12000,2.6,12000,0,720000
IDFCFIRSTB30Jan2042CE.NFO,07/01/2020,12:37:18,2.5,2.4,12000,2.65,12000,0,720000
IDFCFIRSTB30Jan2042CE.NFO,07/01/2020,12:37:21,2.5,2.4,12000,2.6,12000,0,720000
IDFCFIRSTB30Jan2042CE.NFO,07/01/2020,12:40:22,2.5,2.4,12000,2.65,12000,0,720000
IDFCFIRSTB30Jan2042CE.NFO,07/01/2020,12:40:24,2.5,2.4,12000,2.6,12000,0,720000
IDFCFIRSTB30Jan2042CE.NFO,07/01/2020,12:42:10,2.5,2.4,24000,2.7,12000,0,720000
IDFCFIRSTB30Jan2042CE.NFO,07/01/2020,12:42:20,2.5,2.4,96000,2.7,12000,0,720000
IDFCFIRSTB30Jan2042CE.NFO,07/01/2020,12:43:07,2.5,2.4,24000,2.7,12000,0,720000
IDFCFIRSTB30Jan2042CE.NFO,07/01/2020,12:45:03,2.5,2.4,96000,2.7,12000,0,720000
IDFCFIRSTB30Jan2042CE.NFO,07/01/2020,12:45:06,2.5,2.4,24000,2.7,12000,0,720000
IDFCFIRSTB30Jan2042CE.NFO,07/01/2020,12:46:25,2.5,2.45,12000,2.7,12000,0,720000
IDFCFIRSTB30Jan2042CE.NFO,07/01/2020,12:48:33,2.5,2.45,60000,2.75,12000,0,720000
IDFCFIRSTB30Jan2042CE.NFO,07/01/2020,12:48:38,2.5,2.45,180000,2.75,12000,0,720000
IDFCFIRSTB30Jan2042CE.NFO,07/01/2020,12:48:47,2.5,2.45,60000,2.75,12000,0,720000
IDFCFIRSTB30Jan2042CE.NFO,07/01/2020,12:48:52,2.5,2.45,180000,2.75,12000,0,720000
IDFCFIRSTB30Jan2042CE.NFO,07/01/2020,12:49:40,2.5,2.5,36000,2.75,12000,0,720000
IDFCFIRSTB30Jan2042CE.NFO,07/01/2020,12:49:45,2.5,2.45,180000,2.75,12000,0,720000
IDFCFIRSTB30Jan2042CE.NFO,07/01/2020,12:50:05,2.5,2.5,36000,2.75,12000,0,720000
IDFCFIRSTB30Jan2042CE.NFO,07/01/2020,12:50:11,2.5,2.45,180000,2.75,12000,0,720000
IDFCFIRSTB30Jan2042CE.NFO,07/01/2020,12:50:41,2.5,2.5,36000,2.75,12000,0,720000
IDFCFIRSTB30Jan2042CE.NFO,07/01/2020,12:50:43,2.5,2.45,180000,2.75,12000,0,720000
IDFCFIRSTB30Jan2042CE.NFO,07/01/2020,12:50:46,2.5,2.5,36000,2.8,36000,0,720000
IDFCFIRSTB30Jan2042CE.NFO,07/01/2020,12:50:49,2.5,2.45,180000,2.75,24000,0,720000
IDFCFIRSTB30Jan2042CE.NFO,07/01/2020,12:50:53,2.5,2.5,36000,2.75,24000,0,720000
IDFCFIRSTB30Jan2042CE.NFO,07/01/2020,12:50:56,2.5,2.45,180000,2.75,24000,0,720000
IDFCFIRSTB30Jan2042CE.NFO,07/01/2020,12:51:03,2.5,2.5,36000,2.75,24000,0,720000
IDFCFIRSTB30Jan2042CE.NFO,07/01/2020,12:51:07,2.5,2.45,180000,2.75,24000,0,720000
IDFCFIRSTB30Jan2042CE.NFO,07/01/2020,12:51:14,2.5,2.5,36000,2.75,24000,0,720000
IDFCFIRSTB30Jan2042CE.NFO,07/01/2020,12:51:18,2.5,2.45,180000,2.75,24000,0,720000
IDFCFIRSTB30Jan2042CE.NFO,07/01/2020,12:52:06,2.5,2.5,36000,2.75,24000,0,720000
IDFCFIRSTB30Jan2042CE.NFO,07/01/2020,12:52:10,2.5,2.45,180000,2.75,24000,0,720000
IDFCFIRSTB30Jan2042CE.NFO,07/01/2020,12:52:14,2.5,2.5,36000,2.75,24000,0,720000
IDFCFIRSTB30Jan2042CE.NFO,07/01/2020,12:52:17,2.5,2.45,180000,2.75,24000,0,720000
IDFCFIRSTB30Jan2042CE.NFO,07/01/2020,12:52:23,2.5,2.5,36000,2.75,24000,0,720000
IDFCFIRSTB30Jan2042CE.NFO,07/01/2020,12:52:26,2.5,2.45,180000,2.75,24000,0,720000
IDFCFIRSTB30Jan2042CE.NFO,07/01/2020,12:53:01,2.5,2.5,36000,2.75,24000,0,720000
IDFCFIRSTB30Jan2042CE.NFO,07/01/2020,12:53:14,2.5,2.45,180000,2.75,24000,0,720000
IDFCFIRSTB30Jan2042CE.NFO,07/01/2020,12:53:25,2.5,2.5,36000,2.75,24000,0,720000
IDFCFIRSTB30Jan2042CE.NFO,07/01/2020,12:53:37,2.5,2.45,180000,2.75,24000,0,720000
IDFCFIRSTB30Jan2042CE.NFO,07/01/2020,12:54:18,2.5,2.5,36000,2.75,24000,0,720000
IDFCFIRSTB30Jan2042CE.NFO,07/01/2020,12:54:22,2.5,2.45,12000,2.75,24000,0,720000
IDFCFIRSTB30Jan2042CE.NFO,07/01/2020,12:55:19,2.5,2.4,24000,2.75,24000,0,720000
IDFCFIRSTB30Jan2042CE.NFO,07/01/2020,12:56:09,2.5,2.4,12000,2.65,24000,0,720000
IDFCFIRSTB30Jan2042CE.NFO,07/01/2020,13:00:15,2.5,2.4,12000,2.6,24000,0,720000
IDFCFIRSTB30Jan2042CE.NFO,07/01/2020,13:03:57,2.5,2.45,12000,2.6,24000,0,720000
IDFCFIRSTB30Jan2042CE.NFO,07/01/2020,13:05:06,2.5,2.4,12000,2.6,24000,0,720000
IDFCFIRSTB30Jan2042CE.NFO,07/01/2020,13:08:58,2.4,2.3,12000,2.5,12000,12000,720000
IDFCFIRSTB30Jan2042CE.NFO,07/01/2020,13:08:58,2.4,2.3,12000,2.5,12000,0,720000
IDFCFIRSTB30Jan2042CE.NFO,07/01/2020,13:09:05,2.4,2.3,12000,2.5,12000,0,720000
IDFCFIRSTB30Jan2042CE.NFO,07/01/2020,13:09:28,2.4,2.3,12000,2.55,24000,0,720000
IDFCFIRSTB30Jan2042CE.NFO,07/01/2020,13:10:31,2.4,2.3,12000,2.5,12000,0,720000
IDFCFIRSTB30Jan2042CE.NFO,07/01/2020,13:12:19,2.4,2.3,12000,2.7,288000,0,720000
IDFCFIRSTB30Jan2042CE.NFO,07/01/2020,13:12:48,2.4,2.3,12000,2.7,240000,0,720000
IDFCFIRSTB30Jan2042CE.NFO,07/01/2020,13:13:28,2.4,2.35,36000,2.7,240000,0,720000
IDFCFIRSTB30Jan2042CE.NFO,07/01/2020,13:13:37,2.4,2.3,12000,2.7,240000,0,720000
IDFCFIRSTB30Jan2042CE.NFO,07/01/2020,13:13:55,2.4,2.3,12000,2.7,276000,0,720000
IDFCFIRSTB30Jan2042CE.NFO,07/01/2020,13:14:16,2.4,2.3,12000,2.6,24000,0,720000
IDFCFIRSTB30Jan2042CE.NFO,07/01/2020,13:15:02,2.4,2.3,12000,2.65,60000,0,720000
IDFCFIRSTB30Jan2042CE.NFO,07/01/2020,13:15:10,2.4,2.3,12000,2.6,24000,0,720000
IDFCFIRSTB30Jan2042CE.NFO,07/01/2020,13:15:32,2.4,2.3,12000,2.55,24000,0,720000
IDFCFIRSTB30Jan2042CE.NFO,07/01/2020,13:16:09,2.4,2.3,12000,2.5,12000,0,720000
IDFCFIRSTB30Jan2042CE.NFO,07/01/2020,13:16:16,2.4,2.3,12000,2.6,24000,0,720000
IDFCFIRSTB30Jan2042CE.NFO,07/01/2020,13:16:23,2.4,2.3,12000,2.55,24000,0,720000
IDFCFIRSTB30Jan2042CE.NFO,07/01/2020,13:17:08,2.4,2.3,12000,2.5,12000,0,720000
IDFCFIRSTB30Jan2042CE.NFO,07/01/2020,13:17:22,2.4,2.3,12000,2.6,60000,0,720000
IDFCFIRSTB30Jan2042CE.NFO,07/01/2020,13:17:30,2.4,2.3,12000,2.5,12000,0,720000
IDFCFIRSTB30Jan2042CE.NFO,07/01/2020,13:21:49,2.4,2.3,12000,2.6,228000,0,720000
IDFCFIRSTB30Jan2042CE.NFO,07/01/2020,13:21:54,2.4,2.3,12000,2.6,108000,0,720000
IDFCFIRSTB30Jan2042CE.NFO,07/01/2020,13:22:04,2.4,2.3,12000,2.6,228000,0,720000
IDFCFIRSTB30Jan2042CE.NFO,07/01/2020,13:22:10,2.4,2.3,12000,2.5,24000,0,720000
IDFCFIRSTB30Jan2042CE.NFO,07/01/2020,13:22:22,2.4,2.3,12000,2.45,60000,0,720000
IDFCFIRSTB30Jan2042CE.NFO,07/01/2020,13:22:27,2.4,2.3,12000,2.4,12000,0,720000
IDFCFIRSTB30Jan2042CE.NFO,07/01/2020,13:22:38,2.4,2.3,12000,2.45,24000,0,720000
IDFCFIRSTB30Jan2042CE.NFO,07/01/2020,13:22:43,2.4,2.3,12000,2.4,12000,0,720000
IDFCFIRSTB30Jan2042CE.NFO,07/01/2020,13:22:48,2.4,2.3,12000,2.45,24000,0,720000
IDFCFIRSTB30Jan2042CE.NFO,07/01/2020,13:22:53,2.4,2.3,12000,2.4,12000,0,720000
IDFCFIRSTB30Jan2042CE.NFO,07/01/2020,13:23:04,2.4,2.3,12000,2.35,12000,0,720000
IDFCFIRSTB30Jan2042CE.NFO,07/01/2020,13:23:22,2.3,2.05,60000,2.35,12000,12000,720000
IDFCFIRSTB30Jan2042CE.NFO,07/01/2020,13:23:22,2.3,2.05,60000,2.35,12000,0,720000
IDFCFIRSTB30Jan2042CE.NFO,07/01/2020,13:23:28,2.3,2.1,12000,2.5,168000,0,720000
IDFCFIRSTB30Jan2042CE.NFO,07/01/2020,13:23:33,2.3,2.1,12000,2.4,24000,0,720000
IDFCFIRSTB30Jan2042CE.NFO,07/01/2020,13:23:39,2.3,2.05,60000,2.4,24000,0,720000
IDFCFIRSTB30Jan2042CE.NFO,07/01/2020,13:24:14,2.3,2.1,12000,2.4,24000,0,720000
IDFCFIRSTB30Jan2042CE.NFO,07/01/2020,13:25:02,2.3,2.15,36000,2.4,24000,0,720000
IDFCFIRSTB30Jan2042CE.NFO,07/01/2020,13:25:08,2.3,2.1,12000,2.4,24000,0,720000
IDFCFIRSTB30Jan2042CE.NFO,07/01/2020,13:25:21,2.3,2.1,12000,2.45,24000,0,720000
IDFCFIRSTB30Jan2042CE.NFO,07/01/2020,13:25:49,2.3,2.15,36000,2.45,24000,0,720000
IDFCFIRSTB30Jan2042CE.NFO,07/01/2020,13:25:53,2.3,2.1,12000,2.45,24000,0,720000
IDFCFIRSTB30Jan2042CE.NFO,07/01/2020,13:26:15,2.3,2.15,36000,2.45,24000,0,720000
IDFCFIRSTB30Jan2042CE.NFO,07/01/2020,13:26:21,2.3,2.1,12000,2.45,24000,0,720000
IDFCFIRSTB30Jan2042CE.NFO,07/01/2020,13:26:27,2.3,2.1,36000,2.45,24000,0,720000
IDFCFIRSTB30Jan2042CE.NFO,07/01/2020,13:26:33,2.3,2.15,60000,2.45,24000,0,720000
IDFCFIRSTB30Jan2042CE.NFO,07/01/2020,13:26:39,2.3,2.1,12000,2.45,24000,0,720000
IDFCFIRSTB30Jan2042CE.NFO,07/01/2020,13:26:49,2.3,2.1,12000,2.35,12000,0,720000
IDFCFIRSTB30Jan2042CE.NFO,07/01/2020,13:26:55,2.3,2.15,36000,2.45,24000,0,720000
IDFCFIRSTB30Jan2042CE.NFO,07/01/2020,13:27:00,2.3,2.1,12000,2.45,24000,0,720000
IDFCFIRSTB30Jan2042CE.NFO,07/01/2020,13:27:06,2.3,2.15,36000,2.35,12000,0,720000
IDFCFIRSTB30Jan2042CE.NFO,07/01/2020,13:27:11,2.3,2.1,12000,2.45,24000,0,720000
IDFCFIRSTB30Jan2042CE.NFO,07/01/2020,13:27:20,2.3,2.15,36000,2.45,24000,0,720000
IDFCFIRSTB30Jan2042CE.NFO,07/01/2020,13:27:24,2.3,2.1,108000,2.45,24000,0,720000
IDFCFIRSTB30Jan2042CE.NFO,07/01/2020,13:27:28,2.3,2.15,36000,2.45,24000,0,720000
IDFCFIRSTB30Jan2042CE.NFO,07/01/2020,13:27:33,2.3,2.1,108000,2.45,24000,0,720000
IDFCFIRSTB30Jan2042CE.NFO,07/01/2020,13:27:46,2.3,2.1,36000,2.45,72000,0,720000
IDFCFIRSTB30Jan2042CE.NFO,07/01/2020,13:27:53,2.3,2.1,12000,2.35,24000,0,720000
IDFCFIRSTB30Jan2042CE.NFO,07/01/2020,13:28:55,2.3,2.15,12000,2.35,24000,0,720000
IDFCFIRSTB30Jan2042CE.NFO,07/01/2020,13:32:01,2.3,2.15,12000,2.4,12000,0,720000
IDFCFIRSTB30Jan2042CE.NFO,07/01/2020,13:32:58,2.3,2.15,12000,2.35,12000,0,720000
IDFCFIRSTB30Jan2042CE.NFO,07/01/2020,13:33:04,2.3,2.15,12000,2.4,24000,0,720000
IDFCFIRSTB30Jan2042CE.NFO,07/01/2020,13:33:27,2.3,2.15,12000,2.4,60000,0,720000
IDFCFIRSTB30Jan2042CE.NFO,07/01/2020,13:33:32,2.3,2.15,12000,2.4,24000,0,720000
IDFCFIRSTB30Jan2042CE.NFO,07/01/2020,13:33:37,2.3,2.15,12000,2.35,12000,0,720000
IDFCFIRSTB30Jan2042CE.NFO,07/01/2020,13:33:47,2.3,2.15,12000,2.4,60000,0,720000
IDFCFIRSTB30Jan2042CE.NFO,07/01/2020,13:33:53,2.3,2.15,12000,2.4,24000,0,720000
IDFCFIRSTB30Jan2042CE.NFO,07/01/2020,13:34:03,2.3,2.15,12000,2.35,12000,0,720000
IDFCFIRSTB30Jan2042CE.NFO,07/01/2020,13:34:11,2.3,2.15,12000,2.4,60000,0,720000
IDFCFIRSTB30Jan2042CE.NFO,07/01/2020,13:34:16,2.3,2.15,12000,2.35,12000,0,720000
IDFCFIRSTB30Jan2042CE.NFO,07/01/2020,13:34:27,2.3,2.15,12000,2.4,24000,0,720000
IDFCFIRSTB30Jan2042CE.NFO,07/01/2020,13:34:31,2.3,2.15,12000,2.35,12000,0,720000
IDFCFIRSTB30Jan2042CE.NFO,07/01/2020,13:34:42,2.3,2.15,12000,2.4,24000,0,720000
IDFCFIRSTB30Jan2042CE.NFO,07/01/2020,13:34:47,2.3,2.15,12000,2.35,12000,0,720000
IDFCFIRSTB30Jan2042CE.NFO,07/01/2020,13:34:52,2.3,2.15,12000,2.4,24000,0,720000
IDFCFIRSTB30Jan2042CE.NFO,07/01/2020,13:34:57,2.3,2.15,12000,2.35,24000,0,720000
IDFCFIRSTB30Jan2042CE.NFO,07/01/2020,13:35:04,2.3,2.15,12000,2.35,12000,0,720000
IDFCFIRSTB30Jan2042CE.NFO,07/01/2020,13:35:10,2.3,2.15,12000,2.4,12000,0,720000
IDFCFIRSTB30Jan2042CE.NFO,07/01/2020,13:36:04,2.3,2.15,48000,2.4,12000,0,720000
IDFCFIRSTB30Jan2042CE.NFO,07/01/2020,13:36:28,2.3,2.15,24000,2.4,12000,0,720000
IDFCFIRSTB30Jan2042CE.NFO,07/01/2020,13:36:32,2.3,2.15,48000,2.4,12000,0,720000
IDFCFIRSTB30Jan2042CE.NFO,07/01/2020,13:36:36,2.3,2.15,24000,2.4,12000,0,720000
IDFCFIRSTB30Jan2042CE.NFO,07/01/2020,13:37:01,2.3,2.15,48000,2.4,12000,0,720000
IDFCFIRSTB30Jan2042CE.NFO,07/01/2020,13:37:37,2.3,2.15,24000,2.4,12000,0,720000
IDFCFIRSTB30Jan2042CE.NFO,07/01/2020,13:37:42,2.3,2.15,48000,2.4,12000,0,720000
IDFCFIRSTB30Jan2042CE.NFO,07/01/2020,13:37:47,2.3,2.2,12000,2.4,12000,0,720000
IDFCFIRSTB30Jan2042CE.NFO,07/01/2020,13:40:47,2.3,2.2,24000,2.45,24000,0,720000
IDFCFIRSTB30Jan2042CE.NFO,07/01/2020,13:42:11,2.3,2.25,12000,2.45,24000,0,720000
IDFCFIRSTB30Jan2042CE.NFO,07/01/2020,13:44:47,2.3,2.2,12000,2.45,24000,0,720000
IDFCFIRSTB30Jan2042CE.NFO,07/01/2020,13:46:49,2.3,2.2,48000,2.45,12000,0,720000
IDFCFIRSTB30Jan2042CE.NFO,07/01/2020,13:47:21,2.3,2.2,96000,2.45,12000,0,720000
IDFCFIRSTB30Jan2042CE.NFO,07/01/2020,13:47:37,2.3,2.2,96000,2.6,108000,24000,720000
IDFCFIRSTB30Jan2042CE.NFO,07/01/2020,13:48:41,2.3,2.2,96000,2.5,24000,0,720000
IDFCFIRSTB30Jan2042CE.NFO,07/01/2020,13:49:02,2.3,2.25,36000,2.5,24000,0,720000
IDFCFIRSTB30Jan2042CE.NFO,07/01/2020,13:50:17,2.3,2.25,156000,2.55,24000,0,720000
IDFCFIRSTB30Jan2042CE.NFO,07/01/2020,13:50:31,2.3,2.25,180000,2.55,24000,0,720000
IDFCFIRSTB30Jan2042CE.NFO,07/01/2020,13:50:38,2.3,2.3,36000,2.55,24000,0,720000
IDFCFIRSTB30Jan2042CE.NFO,07/01/2020,13:50:45,2.3,2.3,12000,2.55,24000,0,720000
IDFCFIRSTB30Jan2042CE.NFO,07/01/2020,13:50:53,2.3,2.3,60000,2.55,24000,0,720000
IDFCFIRSTB30Jan2042CE.NFO,07/01/2020,13:51:00,2.3,2.3,12000,2.55,24000,0,720000
IDFCFIRSTB30Jan2042CE.NFO,07/01/2020,13:51:06,2.3,2.35,36000,2.55,24000,0,720000
IDFCFIRSTB30Jan2042CE.NFO,07/01/2020,13:51:11,2.3,2.3,60000,2.55,24000,0,720000
IDFCFIRSTB30Jan2042CE.NFO,07/01/2020,13:51:17,2.3,2.3,36000,2.55,24000,0,720000
IDFCFIRSTB30Jan2042CE.NFO,07/01/2020,13:51:28,2.3,2.3,60000,2.55,24000,0,720000
IDFCFIRSTB30Jan2042CE.NFO,07/01/2020,13:51:33,2.3,2.3,36000,2.55,24000,0,720000
IDFCFIRSTB30Jan2042CE.NFO,07/01/2020,13:51:43,2.3,2.3,84000,2.55,24000,0,720000
IDFCFIRSTB30Jan2042CE.NFO,07/01/2020,13:51:48,2.3,2.35,36000,2.55,24000,0,720000
IDFCFIRSTB30Jan2042CE.NFO,07/01/2020,13:51:53,2.3,2.25,36000,2.55,24000,0,720000
IDFCFIRSTB30Jan2042CE.NFO,07/01/2020,13:51:57,2.3,2.25,60000,2.55,24000,0,720000
IDFCFIRSTB30Jan2042CE.NFO,07/01/2020,13:52:01,2.3,2.3,36000,2.55,24000,0,720000
IDFCFIRSTB30Jan2042CE.NFO,07/01/2020,13:52:05,2.3,2.25,36000,2.55,24000,0,720000
IDFCFIRSTB30Jan2042CE.NFO,07/01/2020,13:52:19,2.3,2.3,36000,2.55,24000,0,720000
IDFCFIRSTB30Jan2042CE.NFO,07/01/2020,13:52:27,2.3,2.25,36000,2.55,24000,0,720000
IDFCFIRSTB30Jan2042CE.NFO,07/01/2020,13:52:40,2.3,2.3,12000,2.55,24000,0,720000
IDFCFIRSTB30Jan2042CE.NFO,07/01/2020,13:54:03,2.3,2.3,12000,2.45,24000,0,720000
IDFCFIRSTB30Jan2042CE.NFO,07/01/2020,13:54:32,2.3,2.35,12000,2.45,24000,0,720000
IDFCFIRSTB30Jan2042CE.NFO,07/01/2020,13:55:08,2.3,2.35,12000,2.45,12000,0,720000
IDFCFIRSTB30Jan2042CE.NFO,07/01/2020,13:56:02,2.3,2.35,12000,2.5,12000,0,720000
IDFCFIRSTB30Jan2042CE.NFO,07/01/2020,13:58:37,2.35,2.3,12000,2.45,12000,12000,720000
IDFCFIRSTB30Jan2042CE.NFO,07/01/2020,13:59:43,2.35,2.3,12000,2.45,12000,0,720000
IDFCFIRSTB30Jan2042CE.NFO,07/01/2020,14:00:04,2.35,2.3,12000,2.55,48000,0,720000
IDFCFIRSTB30Jan2042CE.NFO,07/01/2020,14:00:31,2.35,2.3,12000,2.5,36000,0,720000
IDFCFIRSTB30Jan2042CE.NFO,07/01/2020,14:00:35,2.35,2.3,12000,2.5,24000,0,720000
IDFCFIRSTB30Jan2042CE.NFO,07/01/2020,14:02:21,2.35,2.3,12000,2.5,12000,0,720000
IDFCFIRSTB30Jan2042CE.NFO,07/01/2020,14:02:39,2.35,2.25,12000,2.5,12000,0,720000
IDFCFIRSTB30Jan2042CE.NFO,07/01/2020,14:04:40,2.35,2.25,12000,2.5,24000,0,720000
IDFCFIRSTB30Jan2042CE.NFO,07/01/2020,14:08:35,2.35,2.2,36000,2.5,24000,0,720000
IDFCFIRSTB30Jan2042CE.NFO,07/01/2020,14:09:52,2.35,2.2,48000,2.5,24000,0,720000
IDFCFIRSTB30Jan2042CE.NFO,07/01/2020,14:10:08,2.35,2.25,12000,2.5,24000,0,720000
IDFCFIRSTB30Jan2042CE.NFO,07/01/2020,14:13:40,2.35,2.25,72000,2.65,108000,0,720000
IDFCFIRSTB30Jan2042CE.NFO,07/01/2020,14:13:47,2.35,2.25,48000,2.55,24000,0,720000
IDFCFIRSTB30Jan2042CE.NFO,07/01/2020,14:14:04,2.35,2.25,24000,2.55,24000,0,720000
IDFCFIRSTB30Jan2042CE.NFO,07/01/2020,14:14:26,2.35,2.25,24000,2.55,12000,0,720000
IDFCFIRSTB30Jan2042CE.NFO,07/01/2020,14:14:46,2.35,2.25,24000,2.55,36000,0,720000
IDFCFIRSTB30Jan2042CE.NFO,07/01/2020,14:14:55,2.35,2.25,48000,2.55,36000,0,720000
IDFCFIRSTB30Jan2042CE.NFO,07/01/2020,14:15:22,2.35,2.25,72000,2.55,36000,0,720000
IDFCFIRSTB30Jan2042CE.NFO,07/01/2020,14:15:29,2.35,2.25,48000,2.55,36000,0,720000
IDFCFIRSTB30Jan2042CE.NFO,07/01/2020,14:15:35,2.35,2.25,72000,2.55,36000,0,720000
IDFCFIRSTB30Jan2042CE.NFO,07/01/2020,14:16:31,2.35,2.25,72000,2.55,24000,0,720000
IDFCFIRSTB30Jan2042CE.NFO,07/01/2020,14:16:41,2.35,2.25,120000,2.55,24000,0,720000
IDFCFIRSTB30Jan2042CE.NFO,07/01/2020,14:16:47,2.35,2.25,72000,2.55,24000,0,720000
IDFCFIRSTB30Jan2042CE.NFO,07/01/2020,14:17:09,2.35,2.25,24000,2.55,24000,0,720000
IDFCFIRSTB30Jan2042CE.NFO,07/01/2020,14:17:19,2.35,2.25,48000,2.55,24000,0,720000
IDFCFIRSTB30Jan2042CE.NFO,07/01/2020,14:17:24,2.35,2.25,24000,2.55,24000,0,720000
IDFCFIRSTB30Jan2042CE.NFO,07/01/2020,14:17:30,2.35,2.25,48000,2.55,24000,0,720000
IDFCFIRSTB30Jan2042CE.NFO,07/01/2020,14:18:01,2.35,2.3,12000,2.55,24000,0,720000
IDFCFIRSTB30Jan2042CE.NFO,07/01/2020,14:20:35,2.35,2.3,12000,2.5,12000,0,720000
IDFCFIRSTB30Jan2042CE.NFO,07/01/2020,14:20:46,2.35,2.3,12000,2.65,120000,0,720000
IDFCFIRSTB30Jan2042CE.NFO,07/01/2020,14:20:52,2.35,2.3,12000,2.55,12000,0,720000
IDFCFIRSTB30Jan2042CE.NFO,07/01/2020,14:24:09,2.35,2.3,12000,2.5,12000,0,720000
IDFCFIRSTB30Jan2042CE.NFO,07/01/2020,14:24:29,2.35,2.3,12000,2.65,156000,0,720000
IDFCFIRSTB30Jan2042CE.NFO,07/01/2020,14:24:34,2.35,2.3,12000,2.65,348000,0,720000
IDFCFIRSTB30Jan2042CE.NFO,07/01/2020,14:25:04,2.35,2.3,12000,2.55,24000,0,720000
IDFCFIRSTB30Jan2042CE.NFO,07/01/2020,14:25:29,2.35,2.3,12000,2.5,12000,0,720000
IDFCFIRSTB30Jan2042CE.NFO,07/01/2020,14:27:07,2.35,2.3,12000,2.5,24000,0,720000
IDFCFIRSTB30Jan2042CE.NFO,07/01/2020,14:30:25,2.35,2.3,12000,2.6,24000,0,720000
IDFCFIRSTB30Jan2042CE.NFO,07/01/2020,14:30:33,2.35,2.3,12000,2.55,24000,0,720000
IDFCFIRSTB30Jan2042CE.NFO,07/01/2020,14:31:13,2.35,2.4,12000,2.6,12000,0,720000
IDFCFIRSTB30Jan2042CE.NFO,07/01/2020,14:31:20,2.35,2.4,12000,2.75,60000,0,720000
IDFCFIRSTB30Jan2042CE.NFO,07/01/2020,14:31:34,2.35,2.35,12000,2.65,48000,0,720000
IDFCFIRSTB30Jan2042CE.NFO,07/01/2020,14:31:40,2.35,2.3,12000,2.6,24000,0,720000
IDFCFIRSTB30Jan2042CE.NFO,07/01/2020,14:32:04,2.35,2.35,12000,2.6,24000,0,720000
IDFCFIRSTB30Jan2042CE.NFO,07/01/2020,14:32:15,2.35,2.3,12000,2.6,24000,0,720000
IDFCFIRSTB30Jan2042CE.NFO,07/01/2020,14:33:09,2.35,2.3,12000,2.6,36000,0,720000
IDFCFIRSTB30Jan2042CE.NFO,07/01/2020,14:33:15,2.35,2.35,12000,2.6,24000,0,720000
IDFCFIRSTB30Jan2042CE.NFO,07/01/2020,14:33:27,2.35,2.3,12000,2.6,24000,0,720000
IDFCFIRSTB30Jan2042CE.NFO,07/01/2020,14:33:33,2.35,2.35,12000,2.65,48000,0,720000
IDFCFIRSTB30Jan2042CE.NFO,07/01/2020,14:33:39,2.35,2.4,12000,2.65,36000,0,720000
IDFCFIRSTB30Jan2042CE.NFO,07/01/2020,14:33:51,2.35,2.35,24000,2.65,36000,0,720000
IDFCFIRSTB30Jan2042CE.NFO,07/01/2020,14:33:57,2.35,2.35,12000,2.6,12000,0,720000
IDFCFIRSTB30Jan2042CE.NFO,07/01/2020,14:34:42,2.35,2.4,12000,2.6,12000,0,720000
IDFCFIRSTB30Jan2042CE.NFO,07/01/2020,14:38:20,2.35,2.45,60000,2.6,12000,0,720000
IDFCFIRSTB30Jan2042CE.NFO,07/01/2020,14:40:06,2.45,2.35,36000,2.55,24000,60000,720000
IDFCFIRSTB30Jan2042CE.NFO,07/01/2020,14:40:11,2.45,2.35,12000,2.6,24000,0,720000
IDFCFIRSTB30Jan2042CE.NFO,07/01/2020,14:40:20,2.45,2.35,24000,2.6,24000,0,720000
IDFCFIRSTB30Jan2042CE.NFO,07/01/2020,14:40:27,2.45,2.35,24000,2.6,12000,0,720000
IDFCFIRSTB30Jan2042CE.NFO,07/01/2020,14:40:31,2.45,2.35,24000,2.6,24000,0,720000
IDFCFIRSTB30Jan2042CE.NFO,07/01/2020,14:42:55,2.45,2.35,12000,2.6,24000,0,720000
IDFCFIRSTB30Jan2042CE.NFO,07/01/2020,14:43:01,2.45,2.35,24000,2.6,24000,0,720000
IDFCFIRSTB30Jan2042CE.NFO,07/01/2020,14:44:09,2.45,2.35,24000,2.5,12000,0,720000
IDFCFIRSTB30Jan2042CE.NFO,07/01/2020,14:45:13,2.45,2.35,12000,2.5,12000,0,720000
IDFCFIRSTB30Jan2042CE.NFO,07/01/2020,14:45:21,2.45,2.35,24000,2.5,12000,0,720000
IDFCFIRSTB30Jan2042CE.NFO,07/01/2020,14:45:42,2.45,2.3,24000,2.5,12000,0,720000
IDFCFIRSTB30Jan2042CE.NFO,07/01/2020,14:46:00,2.45,2.3,12000,2.5,12000,0,720000
IDFCFIRSTB30Jan2042CE.NFO,07/01/2020,14:46:14,2.45,2.3,12000,2.45,12000,0,720000
IDFCFIRSTB30Jan2042CE.NFO,07/01/2020,14:46:55,2.45,2.3,12000,2.5,12000,0,720000
IDFCFIRSTB30Jan2042CE.NFO,07/01/2020,14:47:50,2.45,2.3,12000,2.45,12000,0,720000
IDFCFIRSTB30Jan2042CE.NFO,07/01/2020,14:53:20,2.45,2.3,24000,2.5,12000,0,720000
IDFCFIRSTB30Jan2042CE.NFO,07/01/2020,14:53:28,2.45,2.35,12000,2.5,12000,0,720000
IDFCFIRSTB30Jan2042CE.NFO,07/01/2020,14:53:36,2.45,2.3,12000,2.5,12000,0,720000
IDFCFIRSTB30Jan2042CE.NFO,07/01/2020,14:53:50,2.45,2.35,12000,2.5,12000,0,720000
IDFCFIRSTB30Jan2042CE.NFO,07/01/2020,14:53:57,2.45,2.35,24000,2.5,12000,0,720000
IDFCFIRSTB30Jan2042CE.NFO,07/01/2020,14:54:10,2.45,2.35,12000,2.5,12000,0,720000
IDFCFIRSTB30Jan2042CE.NFO,07/01/2020,14:54:15,2.45,2.35,24000,2.5,12000,0,720000
IDFCFIRSTB30Jan2042CE.NFO,07/01/2020,14:54:27,2.45,2.3,12000,2.45,12000,0,720000
IDFCFIRSTB30Jan2042CE.NFO,07/01/2020,14:54:41,2.45,2.35,24000,2.45,12000,0,720000
IDFCFIRSTB30Jan2042CE.NFO,07/01/2020,14:54:53,2.45,2.35,24000,2.5,12000,0,720000
IDFCFIRSTB30Jan2042CE.NFO,07/01/2020,14:57:15,2.45,2.3,36000,2.45,12000,0,720000
IDFCFIRSTB30Jan2042CE.NFO,07/01/2020,14:57:32,2.45,2.3,24000,2.45,12000,0,720000
IDFCFIRSTB30Jan2042CE.NFO,07/01/2020,14:57:37,2.45,2.3,36000,2.45,12000,0,720000
IDFCFIRSTB30Jan2042CE.NFO,07/01/2020,14:59:08,2.45,2.3,24000,2.45,12000,0,720000
IDFCFIRSTB30Jan2042CE.NFO,07/01/2020,14:59:15,2.45,2.3,36000,2.45,12000,0,720000
IDFCFIRSTB30Jan2042CE.NFO,07/01/2020,15:00:04,2.45,2.3,24000,2.5,12000,0,720000
IDFCFIRSTB30Jan2042CE.NFO,07/01/2020,15:00:13,2.45,2.4,24000,2.5,12000,0,720000
IDFCFIRSTB30Jan2042CE.NFO,07/01/2020,15:00:21,2.45,2.35,12000,2.5,12000,0,720000
IDFCFIRSTB30Jan2042CE.NFO,07/01/2020,15:00:29,2.45,2.35,24000,2.5,12000,0,720000
IDFCFIRSTB30Jan2042CE.NFO,07/01/2020,15:00:41,2.45,2.35,12000,2.5,12000,0,720000
IDFCFIRSTB30Jan2042CE.NFO,07/01/2020,15:01:20,2.45,2.35,24000,2.5,12000,0,720000
IDFCFIRSTB30Jan2042CE.NFO,07/01/2020,15:02:28,2.45,2.3,36000,2.5,12000,0,720000
IDFCFIRSTB30Jan2042CE.NFO,07/01/2020,15:02:38,2.45,2.35,24000,2.5,12000,0,720000
IDFCFIRSTB30Jan2042CE.NFO,07/01/2020,15:03:31,2.45,2.35,12000,2.45,24000,0,720000
IDFCFIRSTB30Jan2042CE.NFO,07/01/2020,15:03:36,2.45,2.3,36000,2.45,24000,0,720000
IDFCFIRSTB30Jan2042CE.NFO,07/01/2020,15:03:50,2.45,2.3,24000,2.45,24000,0,720000
IDFCFIRSTB30Jan2042CE.NFO,07/01/2020,15:03:57,2.45,2.3,36000,2.45,24000,0,720000
IDFCFIRSTB30Jan2042CE.NFO,07/01/2020,15:05:59,2.45,2.35,12000,2.45,24000,0,720000
IDFCFIRSTB30Jan2042CE.NFO,07/01/2020,15:07:08,2.45,2.3,36000,2.45,24000,0,720000
IDFCFIRSTB30Jan2042CE.NFO,07/01/2020,15:07:52,2.45,2.35,12000,2.45,24000,0,720000
IDFCFIRSTB30Jan2042CE.NFO,07/01/2020,15:09:31,2.45,2.35,24000,2.5,12000,0,720000
IDFCFIRSTB30Jan2042CE.NFO,07/01/2020,15:10:00,2.45,2.35,12000,2.5,12000,0,720000
IDFCFIRSTB30Jan2042CE.NFO,07/01/2020,15:10:06,2.45,2.35,24000,2.5,12000,0,720000
IDFCFIRSTB30Jan2042CE.NFO,07/01/2020,15:11:24,2.45,2.35,12000,2.5,12000,0,720000
IDFCFIRSTB30Jan2042CE.NFO,07/01/2020,15:11:31,2.45,2.35,24000,2.5,12000,0,720000
IDFCFIRSTB30Jan2042CE.NFO,07/01/2020,15:11:39,2.45,2.35,12000,2.5,12000,0,720000
IDFCFIRSTB30Jan2042CE.NFO,07/01/2020,15:11:51,2.45,2.35,24000,2.5,12000,0,720000
IDFCFIRSTB30Jan2042CE.NFO,07/01/2020,15:12:44,2.45,2.4,24000,2.5,12000,0,720000
IDFCFIRSTB30Jan2042CE.NFO,07/01/2020,15:13:46,2.45,2.4,12000,2.5,12000,0,720000
IDFCFIRSTB30Jan2042CE.NFO,07/01/2020,15:15:10,2.45,2.35,12000,2.5,12000,0,720000
IDFCFIRSTB30Jan2042CE.NFO,07/01/2020,15:15:17,2.45,2.4,12000,2.5,12000,0,720000
IDFCFIRSTB30Jan2042CE.NFO,07/01/2020,15:15:54,2.5,2.45,24000,2.55,24000,36000,780000
IDFCFIRSTB30Jan2042CE.NFO,07/01/2020,15:16:00,2.5,2.4,12000,2.55,24000,0,780000
IDFCFIRSTB30Jan2042CE.NFO,07/01/2020,15:17:23,2.5,2.45,12000,2.55,24000,0,780000
IDFCFIRSTB30Jan2042CE.NFO,07/01/2020,15:17:56,2.5,2.4,12000,2.55,24000,0,780000
IDFCFIRSTB30Jan2042CE.NFO,07/01/2020,15:18:20,2.5,2.45,12000,2.55,24000,0,780000
IDFCFIRSTB30Jan2042CE.NFO,07/01/2020,15:18:44,2.5,2.4,12000,2.55,24000,0,780000
IDFCFIRSTB30Jan2042CE.NFO,07/01/2020,15:28:21,2.5,2.45,48000,2.6,60000,0,780000
IDFCFIRSTB30Jan2042CE.NFO,07/01/2020,15:28:26,2.5,2.45,12000,2.6,60000,0,780000
IDFCFIRSTB30Jan2042CE.NFO,07/01/2020,15:28:31,2.5,2.45,12000,2.55,60000,0,780000
IDFCFIRSTB30Jan2042CE.NFO,07/01/2020,15:28:43,2.5,2.5,24000,2.55,60000,0,780000
IDFCFIRSTB30Jan2042CE.NFO,07/01/2020,15:29:00,2.5,2.45,48000,2.55,60000,0,780000
IDFCFIRSTB30Jan2042CE.NFO,07/01/2020,15:29:14,2.5,2.45,36000,2.55,60000,0,780000
IDFCFIRSTB30Jan2042CE.NFO,07/01/2020,15:29:21,2.5,2.4,12000,2.55,60000,0,780000
IDFCFIRSTB30Jan2042CE.NFO,07/01/2020,15:29:28,2.5,2.45,12000,2.55,60000,0,780000
IDFCFIRSTB30Jan2042CE.NFO,07/01/2020,15:29:42,2.55,2.45,36000,2.65,12000,60000,744000
IDFCFIRSTB30Jan2042CE.NFO,07/01/2020,15:29:49,2.55,2.45,12000,2.6,24000,0,744000
