Ticker,Date,Time,LTP,BuyPrice,BuyQty,SellPrice,SellQty,LTQ,OpenInterest
IDFCFIRSTB27Feb2040PE.NFO,07/01/2020,09:49:22,0.6,0.55,48000,0.6,84000,12000,1776000
IDFCFIRSTB27Feb2040PE.NFO,07/01/2020,09:49:22,0.6,0.55,48000,0.6,84000,0,1776000
IDFCFIRSTB27Feb2040PE.NFO,07/01/2020,09:49:22,0.6,0.55,48000,0.6,84000,0,1776000
IDFCFIRSTB27Feb2040PE.NFO,07/01/2020,09:49:22,0.6,0.55,48000,0.6,84000,0,1776000
IDFCFIRSTB27Feb2040PE.NFO,07/01/2020,09:49:28,0.6,0.55,48000,0.6,84000,0,1776000
IDFCFIRSTB27Feb2040PE.NFO,07/01/2020,09:49:34,0.6,0.55,48000,0.6,72000,12000,1776000
IDFCFIRSTB27Feb2040PE.NFO,07/01/2020,09:50:09,0.6,0.55,48000,0.6,60000,12000,1776000
IDFCFIRSTB27Feb2040PE.NFO,07/01/2020,09:50:19,0.6,0.55,48000,0.6,48000,12000,1776000
IDFCFIRSTB27Feb2040PE.NFO,07/01/2020,09:50:45,0.6,0.55,48000,0.7,12000,48000,1824000
IDFCFIRSTB27Feb2040PE.NFO,07/01/2020,09:50:55,0.6,0.55,48000,0.7,12000,0,1824000
IDFCFIRSTB27Feb2040PE.NFO,07/01/2020,09:51:05,0.6,0.6,12000,0.7,12000,0,1824000
IDFCFIRSTB27Feb2040PE.NFO,07/01/2020,09:51:10,0.6,0.55,48000,0.7,12000,0,1824000
IDFCFIRSTB27Feb2040PE.NFO,07/01/2020,09:52:13,0.6,0.6,144000,0.7,12000,0,1824000
IDFCFIRSTB27Feb2040PE.NFO,07/01/2020,09:53:43,0.6,0.65,12000,0.7,12000,0,1824000
IDFCFIRSTB27Feb2040PE.NFO,07/01/2020,09:55:53,0.6,0.6,144000,0.7,12000,0,1824000
IDFCFIRSTB27Feb2040PE.NFO,07/01/2020,09:56:07,0.6,0.6,144000,0.7,24000,0,1824000
IDFCFIRSTB27Feb2040PE.NFO,07/01/2020,09:57:02,0.7,0.6,144000,0.7,12000,12000,1872000
IDFCFIRSTB27Feb2040PE.NFO,07/01/2020,09:57:02,0.7,0.6,144000,0.7,12000,0,1872000
IDFCFIRSTB27Feb2040PE.NFO,07/01/2020,09:57:06,0.7,0.6,144000,0.7,12000,0,1872000
IDFCFIRSTB27Feb2040PE.NFO,07/01/2020,09:58:53,0.7,0.6,144000,0.75,120000,0,1872000
IDFCFIRSTB27Feb2040PE.NFO,07/01/2020,09:59:31,0.7,0.6,144000,0.7,96000,0,1872000
IDFCFIRSTB27Feb2040PE.NFO,07/01/2020,09:59:37,0.7,0.6,144000,0.7,144000,0,1872000
IDFCFIRSTB27Feb2040PE.NFO,07/01/2020,09:59:42,0.7,0.6,144000,0.7,132000,12000,1884000
IDFCFIRSTB27Feb2040PE.NFO,07/01/2020,09:59:53,0.7,0.6,144000,0.7,132000,0,1884000
IDFCFIRSTB27Feb2040PE.NFO,07/01/2020,10:00:26,0.7,0.6,156000,0.7,132000,0,1884000
IDFCFIRSTB27Feb2040PE.NFO,07/01/2020,10:00:57,0.7,0.6,180000,0.7,132000,0,1884000
IDFCFIRSTB27Feb2040PE.NFO,07/01/2020,10:01:03,0.7,0.6,156000,0.7,132000,0,1884000
IDFCFIRSTB27Feb2040PE.NFO,07/01/2020,10:01:09,0.7,0.6,168000,0.7,132000,0,1884000
IDFCFIRSTB27Feb2040PE.NFO,07/01/2020,10:03:20,0.7,0.65,12000,0.7,132000,0,1884000
IDFCFIRSTB27Feb2040PE.NFO,07/01/2020,10:04:11,0.7,0.6,168000,0.7,132000,0,1884000
IDFCFIRSTB27Feb2040PE.NFO,07/01/2020,10:06:16,0.7,0.6,192000,0.7,132000,0,1884000
IDFCFIRSTB27Feb2040PE.NFO,07/01/2020,10:11:11,0.7,0.6,168000,0.7,132000,0,1884000
IDFCFIRSTB27Feb2040PE.NFO,07/01/2020,10:25:08,0.7,0.65,12000,0.7,132000,0,1884000
IDFCFIRSTB27Feb2040PE.NFO,07/01/2020,10:25:35,0.7,0.65,12000,0.7,120000,12000,1896000
IDFCFIRSTB27Feb2040PE.NFO,07/01/2020,10:27:03,0.7,0.65,12000,0.7,120000,0,1896000
IDFCFIRSTB27Feb2040PE.NFO,07/01/2020,10:31:25,0.7,0.65,24000,0.7,120000,0,1908000
IDFCFIRSTB27Feb2040PE.NFO,07/01/2020,10:37:15,0.7,0.65,12000,0.7,120000,0,1908000
IDFCFIRSTB27Feb2040PE.NFO,07/01/2020,10:38:05,0.7,0.65,24000,0.7,120000,0,1908000
IDFCFIRSTB27Feb2040PE.NFO,07/01/2020,10:38:52,0.7,0.65,12000,0.7,120000,0,1908000
IDFCFIRSTB27Feb2040PE.NFO,07/01/2020,10:39:34,0.7,0.65,24000,0.7,120000,0,1908000
IDFCFIRSTB27Feb2040PE.NFO,07/01/2020,10:40:10,0.7,0.65,12000,0.7,120000,0,1908000
IDFCFIRSTB27Feb2040PE.NFO,07/01/2020,10:44:21,0.7,0.65,24000,0.7,120000,0,1908000
IDFCFIRSTB27Feb2040PE.NFO,07/01/2020,10:49:08,0.7,0.65,12000,0.7,120000,0,1908000
IDFCFIRSTB27Feb2040PE.NFO,07/01/2020,10:49:56,0.7,0.65,24000,0.7,120000,0,1908000
IDFCFIRSTB27Feb2040PE.NFO,07/01/2020,10:50:44,0.7,0.65,36000,0.7,120000,0,1908000
IDFCFIRSTB27Feb2040PE.NFO,07/01/2020,10:52:18,0.7,0.65,36000,0.7,108000,12000,1908000
IDFCFIRSTB27Feb2040PE.NFO,07/01/2020,10:53:16,0.7,0.65,36000,0.7,108000,0,1908000
IDFCFIRSTB27Feb2040PE.NFO,07/01/2020,10:53:22,0.7,0.65,60000,0.7,108000,0,1908000
IDFCFIRSTB27Feb2040PE.NFO,07/01/2020,10:53:37,0.7,0.65,36000,0.7,108000,0,1908000
IDFCFIRSTB27Feb2040PE.NFO,07/01/2020,10:53:59,0.7,0.65,60000,0.7,108000,0,1908000
IDFCFIRSTB27Feb2040PE.NFO,07/01/2020,10:55:25,0.7,0.65,48000,0.7,96000,12000,1920000
IDFCFIRSTB27Feb2040PE.NFO,07/01/2020,10:55:48,0.7,0.7,84000,0.8,12000,96000,1920000
IDFCFIRSTB27Feb2040PE.NFO,07/01/2020,10:55:53,0.7,0.7,84000,0.8,24000,0,1920000
IDFCFIRSTB27Feb2040PE.NFO,07/01/2020,10:57:26,0.7,0.7,108000,0.8,24000,0,1920000
IDFCFIRSTB27Feb2040PE.NFO,07/01/2020,10:57:33,0.85,0.7,132000,0.9,12000,48000,2028000
IDFCFIRSTB27Feb2040PE.NFO,07/01/2020,10:57:33,0.85,0.7,132000,0.9,12000,0,2028000
IDFCFIRSTB27Feb2040PE.NFO,07/01/2020,10:57:40,0.85,0.7,108000,0.85,12000,0,2028000
IDFCFIRSTB27Feb2040PE.NFO,07/01/2020,10:57:53,0.85,0.75,84000,0.85,12000,0,2028000
IDFCFIRSTB27Feb2040PE.NFO,07/01/2020,10:57:58,0.85,0.7,24000,0.85,12000,0,2028000
IDFCFIRSTB27Feb2040PE.NFO,07/01/2020,10:58:04,0.85,0.7,48000,0.85,12000,0,2028000
IDFCFIRSTB27Feb2040PE.NFO,07/01/2020,10:58:11,0.85,0.7,24000,0.85,24000,0,2028000
IDFCFIRSTB27Feb2040PE.NFO,07/01/2020,10:58:17,0.85,0.7,36000,0.85,24000,0,2028000
IDFCFIRSTB27Feb2040PE.NFO,07/01/2020,10:58:24,0.85,0.7,60000,0.85,24000,0,2028000
IDFCFIRSTB27Feb2040PE.NFO,07/01/2020,11:01:27,0.85,0.75,12000,0.85,24000,0,2028000
IDFCFIRSTB27Feb2040PE.NFO,07/01/2020,11:01:35,0.85,0.75,12000,0.85,12000,0,2028000
IDFCFIRSTB27Feb2040PE.NFO,07/01/2020,11:01:42,0.85,0.75,36000,0.85,12000,0,2028000
IDFCFIRSTB27Feb2040PE.NFO,07/01/2020,11:01:50,0.85,0.75,12000,0.85,12000,0,2028000
IDFCFIRSTB27Feb2040PE.NFO,07/01/2020,11:02:12,0.85,0.75,24000,0.85,12000,0,2028000
IDFCFIRSTB27Feb2040PE.NFO,07/01/2020,11:02:18,0.85,0.75,12000,0.85,12000,0,2028000
IDFCFIRSTB27Feb2040PE.NFO,07/01/2020,11:02:31,0.85,0.75,24000,0.85,12000,0,2028000
IDFCFIRSTB27Feb2040PE.NFO,07/01/2020,11:02:57,0.85,0.75,48000,0.85,12000,0,2028000
IDFCFIRSTB27Feb2040PE.NFO,07/01/2020,11:03:10,0.85,0.8,12000,0.85,12000,0,2028000
IDFCFIRSTB27Feb2040PE.NFO,07/01/2020,11:03:24,0.85,0.75,48000,0.9,24000,12000,2028000
IDFCFIRSTB27Feb2040PE.NFO,07/01/2020,11:03:30,0.85,0.75,48000,0.9,24000,0,2028000
IDFCFIRSTB27Feb2040PE.NFO,07/01/2020,11:03:36,0.85,0.75,72000,0.9,24000,0,2028000
IDFCFIRSTB27Feb2040PE.NFO,07/01/2020,11:03:43,0.85,0.85,12000,0.9,24000,0,2028000
IDFCFIRSTB27Feb2040PE.NFO,07/01/2020,11:03:51,0.85,0.75,72000,0.9,24000,0,2028000
IDFCFIRSTB27Feb2040PE.NFO,07/01/2020,11:03:58,0.85,0.75,72000,0.9,36000,0,2028000
IDFCFIRSTB27Feb2040PE.NFO,07/01/2020,11:06:07,0.85,0.75,24000,0.9,36000,0,2028000
IDFCFIRSTB27Feb2040PE.NFO,07/01/2020,11:06:27,0.85,0.75,24000,0.85,12000,0,2028000
IDFCFIRSTB27Feb2040PE.NFO,07/01/2020,11:11:15,0.85,0.8,12000,0.85,12000,0,2028000
IDFCFIRSTB27Feb2040PE.NFO,07/01/2020,11:12:11,0.85,0.8,12000,0.9,36000,0,2028000
IDFCFIRSTB27Feb2040PE.NFO,07/01/2020,11:15:14,0.85,0.8,12000,0.9,24000,0,2028000
IDFCFIRSTB27Feb2040PE.NFO,07/01/2020,11:16:15,0.85,0.8,12000,0.9,12000,0,2028000
IDFCFIRSTB27Feb2040PE.NFO,07/01/2020,11:16:22,0.85,0.8,12000,0.9,24000,0,2028000
IDFCFIRSTB27Feb2040PE.NFO,07/01/2020,11:16:34,0.85,0.8,12000,0.9,12000,0,2028000
IDFCFIRSTB27Feb2040PE.NFO,07/01/2020,11:16:39,0.85,0.8,12000,0.9,24000,0,2028000
IDFCFIRSTB27Feb2040PE.NFO,07/01/2020,11:31:05,0.85,0.75,12000,0.9,24000,0,2028000
IDFCFIRSTB27Feb2040PE.NFO,07/01/2020,11:32:05,0.85,0.75,12000,0.85,12000,0,2028000
IDFCFIRSTB27Feb2040PE.NFO,07/01/2020,11:32:21,0.85,0.75,12000,0.85,60000,0,2028000
IDFCFIRSTB27Feb2040PE.NFO,07/01/2020,11:35:57,0.85,0.7,12000,0.85,60000,0,2028000
IDFCFIRSTB27Feb2040PE.NFO,07/01/2020,11:36:03,0.85,0.75,12000,0.85,60000,0,2028000
IDFCFIRSTB27Feb2040PE.NFO,07/01/2020,11:36:55,0.85,0.75,24000,0.85,60000,0,2028000
IDFCFIRSTB27Feb2040PE.NFO,07/01/2020,11:37:37,0.85,0.75,24000,0.85,48000,0,2028000
IDFCFIRSTB27Feb2040PE.NFO,07/01/2020,11:38:51,0.85,0.75,24000,0.85,60000,0,2028000
IDFCFIRSTB27Feb2040PE.NFO,07/01/2020,11:39:26,0.85,0.75,24000,0.85,48000,0,2028000
IDFCFIRSTB27Feb2040PE.NFO,07/01/2020,11:40:43,0.85,0.8,12000,0.85,48000,0,2028000
IDFCFIRSTB27Feb2040PE.NFO,07/01/2020,11:41:22,0.85,0.8,12000,0.9,24000,0,2028000
IDFCFIRSTB27Feb2040PE.NFO,07/01/2020,11:48:30,0.85,0.8,12000,0.9,12000,0,2028000
IDFCFIRSTB27Feb2040PE.NFO,07/01/2020,11:51:36,0.85,0.8,12000,0.95,12000,0,2028000
IDFCFIRSTB27Feb2040PE.NFO,07/01/2020,11:53:54,0.85,0.8,12000,0.9,12000,0,2028000
IDFCFIRSTB27Feb2040PE.NFO,07/01/2020,11:53:58,0.85,0.8,12000,0.95,12000,0,2028000
IDFCFIRSTB27Feb2040PE.NFO,07/01/2020,11:54:09,0.85,0.8,12000,0.9,12000,0,2028000
IDFCFIRSTB27Feb2040PE.NFO,07/01/2020,11:54:45,0.85,0.8,12000,0.95,12000,0,2028000
IDFCFIRSTB27Feb2040PE.NFO,07/01/2020,11:56:09,0.85,0.8,12000,0.9,12000,0,2028000
IDFCFIRSTB27Feb2040PE.NFO,07/01/2020,11:56:47,0.8,0.8,12000,0.9,12000,48000,2028000
IDFCFIRSTB27Feb2040PE.NFO,07/01/2020,11:56:56,0.8,0.75,60000,0.9,12000,48000,2028000
IDFCFIRSTB27Feb2040PE.NFO,07/01/2020,11:57:10,0.8,0.75,60000,0.9,24000,0,2028000
IDFCFIRSTB27Feb2040PE.NFO,07/01/2020,11:57:12,0.8,0.75,84000,0.9,24000,0,2028000
IDFCFIRSTB27Feb2040PE.NFO,07/01/2020,11:57:23,0.8,0.8,132000,0.9,24000,0,2028000
IDFCFIRSTB27Feb2040PE.NFO,07/01/2020,11:57:30,0.8,0.75,84000,0.9,24000,0,2028000
IDFCFIRSTB27Feb2040PE.NFO,07/01/2020,11:57:48,0.8,0.75,132000,0.9,12000,0,2028000
IDFCFIRSTB27Feb2040PE.NFO,07/01/2020,11:58:04,0.8,0.75,132000,0.8,48000,0,2028000
IDFCFIRSTB27Feb2040PE.NFO,07/01/2020,11:58:37,0.8,0.75,132000,0.9,12000,48000,2028000
IDFCFIRSTB27Feb2040PE.NFO,07/01/2020,11:58:53,0.8,0.75,144000,0.9,12000,0,2028000
IDFCFIRSTB27Feb2040PE.NFO,07/01/2020,11:58:59,0.8,0.8,132000,0.9,12000,0,2028000
IDFCFIRSTB27Feb2040PE.NFO,07/01/2020,11:59:08,0.8,0.8,132000,0.9,60000,0,2028000
IDFCFIRSTB27Feb2040PE.NFO,07/01/2020,11:59:10,0.8,0.8,72000,0.9,60000,48000,2028000
IDFCFIRSTB27Feb2040PE.NFO,07/01/2020,11:59:18,0.8,0.8,24000,0.9,60000,48000,2028000
IDFCFIRSTB27Feb2040PE.NFO,07/01/2020,12:00:00,0.8,0.75,144000,0.9,60000,48000,2256000
IDFCFIRSTB27Feb2040PE.NFO,07/01/2020,12:00:03,0.8,0.8,348000,0.9,60000,0,2256000
IDFCFIRSTB27Feb2040PE.NFO,07/01/2020,12:00:17,0.8,0.8,348000,0.85,12000,0,2256000
IDFCFIRSTB27Feb2040PE.NFO,07/01/2020,12:00:43,0.8,0.8,348000,0.9,60000,0,2256000
IDFCFIRSTB27Feb2040PE.NFO,07/01/2020,12:00:45,0.8,0.8,420000,0.9,60000,0,2256000
IDFCFIRSTB27Feb2040PE.NFO,07/01/2020,12:00:52,0.8,0.8,420000,0.85,48000,0,2256000
IDFCFIRSTB27Feb2040PE.NFO,07/01/2020,12:01:00,0.8,0.8,420000,0.85,96000,0,2256000
IDFCFIRSTB27Feb2040PE.NFO,07/01/2020,12:01:15,0.8,0.8,420000,0.85,108000,0,2256000
IDFCFIRSTB27Feb2040PE.NFO,07/01/2020,12:02:40,0.8,0.8,348000,0.85,108000,0,2256000
IDFCFIRSTB27Feb2040PE.NFO,07/01/2020,12:02:52,0.8,0.75,144000,0.85,108000,0,2256000
IDFCFIRSTB27Feb2040PE.NFO,07/01/2020,12:03:00,0.8,0.75,132000,0.85,108000,0,2256000
IDFCFIRSTB27Feb2040PE.NFO,07/01/2020,12:03:04,0.8,0.75,120000,0.85,108000,0,2256000
IDFCFIRSTB27Feb2040PE.NFO,07/01/2020,12:03:31,0.8,0.75,120000,0.85,96000,0,2256000
IDFCFIRSTB27Feb2040PE.NFO,07/01/2020,12:04:54,0.8,0.75,132000,0.85,96000,0,2256000
IDFCFIRSTB27Feb2040PE.NFO,07/01/2020,12:04:59,0.8,0.75,108000,0.85,96000,0,2256000
IDFCFIRSTB27Feb2040PE.NFO,07/01/2020,12:05:11,0.8,0.75,84000,0.85,96000,0,2256000
IDFCFIRSTB27Feb2040PE.NFO,07/01/2020,12:05:15,0.8,0.75,108000,0.85,96000,0,2256000
IDFCFIRSTB27Feb2040PE.NFO,07/01/2020,12:08:18,0.8,0.75,84000,0.85,96000,0,2256000
IDFCFIRSTB27Feb2040PE.NFO,07/01/2020,12:10:02,0.8,0.75,108000,0.85,96000,0,2256000
IDFCFIRSTB27Feb2040PE.NFO,07/01/2020,12:10:45,0.8,0.75,84000,0.85,96000,0,2256000
IDFCFIRSTB27Feb2040PE.NFO,07/01/2020,12:15:50,0.8,0.75,84000,0.8,48000,0,2256000
IDFCFIRSTB27Feb2040PE.NFO,07/01/2020,12:15:54,0.8,0.75,84000,0.8,96000,0,2256000
IDFCFIRSTB27Feb2040PE.NFO,07/01/2020,12:19:38,0.8,0.75,72000,0.8,96000,0,2256000
IDFCFIRSTB27Feb2040PE.NFO,07/01/2020,12:22:08,0.8,0.75,84000,0.8,96000,0,2256000
IDFCFIRSTB27Feb2040PE.NFO,07/01/2020,12:27:15,0.8,0.75,84000,0.8,144000,0,2256000
IDFCFIRSTB27Feb2040PE.NFO,07/01/2020,12:27:32,0.75,0.75,36000,0.8,96000,48000,2304000
IDFCFIRSTB27Feb2040PE.NFO,07/01/2020,12:27:42,0.75,0.75,60000,0.8,96000,48000,2304000
IDFCFIRSTB27Feb2040PE.NFO,07/01/2020,12:27:53,0.75,0.75,60000,0.8,96000,0,2304000
IDFCFIRSTB27Feb2040PE.NFO,07/01/2020,12:28:21,0.8,0.75,60000,0.8,84000,12000,2304000
IDFCFIRSTB27Feb2040PE.NFO,07/01/2020,12:28:34,0.8,0.75,60000,0.8,84000,0,2304000
IDFCFIRSTB27Feb2040PE.NFO,07/01/2020,12:28:38,0.8,0.75,72000,0.8,84000,0,2304000
IDFCFIRSTB27Feb2040PE.NFO,07/01/2020,12:29:39,0.8,0.8,72000,0.85,12000,144000,2304000
IDFCFIRSTB27Feb2040PE.NFO,07/01/2020,12:29:44,0.8,0.75,72000,0.85,12000,0,2304000
IDFCFIRSTB27Feb2040PE.NFO,07/01/2020,12:30:13,0.8,0.75,72000,0.85,24000,0,2304000
IDFCFIRSTB27Feb2040PE.NFO,07/01/2020,12:33:58,0.8,0.75,96000,0.85,24000,0,2304000
IDFCFIRSTB27Feb2040PE.NFO,07/01/2020,12:34:41,0.8,0.75,72000,0.85,24000,0,2304000
IDFCFIRSTB27Feb2040PE.NFO,07/01/2020,12:34:45,0.8,0.75,96000,0.85,24000,0,2304000
IDFCFIRSTB27Feb2040PE.NFO,07/01/2020,12:37:19,0.8,0.75,72000,0.85,24000,0,2304000
IDFCFIRSTB27Feb2040PE.NFO,07/01/2020,12:37:22,0.8,0.75,96000,0.85,24000,0,2304000
IDFCFIRSTB27Feb2040PE.NFO,07/01/2020,12:37:40,0.8,0.75,72000,0.85,24000,0,2304000
IDFCFIRSTB27Feb2040PE.NFO,07/01/2020,12:38:16,0.8,0.75,60000,0.85,12000,0,2304000
IDFCFIRSTB27Feb2040PE.NFO,07/01/2020,12:39:29,0.8,0.75,72000,0.85,24000,0,2304000
IDFCFIRSTB27Feb2040PE.NFO,07/01/2020,12:48:12,0.8,0.75,72000,0.85,72000,0,2304000
IDFCFIRSTB27Feb2040PE.NFO,07/01/2020,12:48:30,0.8,0.7,96000,0.8,12000,0,2304000
IDFCFIRSTB27Feb2040PE.NFO,07/01/2020,12:52:56,0.8,0.75,60000,0.8,12000,0,2304000
IDFCFIRSTB27Feb2040PE.NFO,07/01/2020,12:55:10,0.8,0.75,72000,0.8,12000,0,2304000
IDFCFIRSTB27Feb2040PE.NFO,07/01/2020,12:56:11,0.8,0.75,72000,0.85,60000,0,2304000
IDFCFIRSTB27Feb2040PE.NFO,07/01/2020,12:56:51,0.8,0.75,72000,0.85,12000,0,2304000
IDFCFIRSTB27Feb2040PE.NFO,07/01/2020,12:57:42,0.8,0.75,96000,0.85,12000,0,2304000
IDFCFIRSTB27Feb2040PE.NFO,07/01/2020,12:57:48,0.8,0.8,60000,0.85,12000,0,2304000
IDFCFIRSTB27Feb2040PE.NFO,07/01/2020,12:57:53,0.8,0.8,60000,0.9,12000,0,2304000
IDFCFIRSTB27Feb2040PE.NFO,07/01/2020,12:58:31,0.85,0.8,60000,0.9,12000,12000,2304000
IDFCFIRSTB27Feb2040PE.NFO,07/01/2020,12:58:44,0.85,0.8,60000,0.9,24000,0,2496000
IDFCFIRSTB27Feb2040PE.NFO,07/01/2020,12:59:15,0.85,0.8,72000,0.9,48000,0,2496000
IDFCFIRSTB27Feb2040PE.NFO,07/01/2020,12:59:18,0.85,0.85,84000,0.9,48000,0,2496000
IDFCFIRSTB27Feb2040PE.NFO,07/01/2020,12:59:25,0.85,0.85,72000,0.9,48000,12000,2496000
IDFCFIRSTB27Feb2040PE.NFO,07/01/2020,12:59:29,0.85,0.85,72000,0.9,24000,0,2496000
IDFCFIRSTB27Feb2040PE.NFO,07/01/2020,12:59:42,0.85,0.85,72000,0.9,36000,0,2496000
IDFCFIRSTB27Feb2040PE.NFO,07/01/2020,12:59:46,0.85,0.85,96000,0.9,36000,0,2496000
IDFCFIRSTB27Feb2040PE.NFO,07/01/2020,13:00:11,0.85,0.85,96000,0.9,24000,0,2496000
IDFCFIRSTB27Feb2040PE.NFO,07/01/2020,13:00:25,0.9,0.9,72000,0.95,72000,24000,2496000
IDFCFIRSTB27Feb2040PE.NFO,07/01/2020,13:00:25,0.9,0.9,72000,0.95,72000,0,2496000
IDFCFIRSTB27Feb2040PE.NFO,07/01/2020,13:00:31,0.9,0.85,72000,0.95,72000,0,2496000
IDFCFIRSTB27Feb2040PE.NFO,07/01/2020,13:01:11,0.9,0.85,72000,0.9,12000,0,2496000
IDFCFIRSTB27Feb2040PE.NFO,07/01/2020,13:01:49,0.9,0.85,72000,0.95,72000,0,2496000
IDFCFIRSTB27Feb2040PE.NFO,07/01/2020,13:03:10,0.9,0.9,72000,0.95,72000,0,2496000
IDFCFIRSTB27Feb2040PE.NFO,07/01/2020,13:03:24,0.9,0.9,60000,0.95,72000,12000,2496000
IDFCFIRSTB27Feb2040PE.NFO,07/01/2020,13:03:29,0.9,0.9,60000,0.95,60000,0,2496000
IDFCFIRSTB27Feb2040PE.NFO,07/01/2020,13:03:34,0.9,0.9,48000,0.95,60000,12000,2496000
IDFCFIRSTB27Feb2040PE.NFO,07/01/2020,13:04:00,0.9,0.85,72000,0.95,60000,48000,2496000
IDFCFIRSTB27Feb2040PE.NFO,07/01/2020,13:04:10,0.9,0.85,84000,0.95,60000,0,2496000
IDFCFIRSTB27Feb2040PE.NFO,07/01/2020,13:04:22,0.9,0.9,108000,0.95,60000,0,2496000
IDFCFIRSTB27Feb2040PE.NFO,07/01/2020,13:04:30,0.9,0.9,60000,0.95,60000,48000,2496000
IDFCFIRSTB27Feb2040PE.NFO,07/01/2020,13:04:38,0.9,0.9,60000,0.95,60000,0,2496000
IDFCFIRSTB27Feb2040PE.NFO,07/01/2020,13:04:42,0.9,0.85,72000,0.95,60000,0,2496000
IDFCFIRSTB27Feb2040PE.NFO,07/01/2020,13:04:56,0.9,0.9,60000,0.95,60000,0,2496000
IDFCFIRSTB27Feb2040PE.NFO,07/01/2020,13:06:04,0.9,0.85,12000,0.95,60000,0,2496000
IDFCFIRSTB27Feb2040PE.NFO,07/01/2020,13:06:09,0.9,0.85,12000,0.95,48000,0,2496000
IDFCFIRSTB27Feb2040PE.NFO,07/01/2020,13:06:45,0.9,0.9,60000,0.95,48000,0,2496000
IDFCFIRSTB27Feb2040PE.NFO,07/01/2020,13:07:00,0.9,0.9,60000,0.95,60000,0,2496000
IDFCFIRSTB27Feb2040PE.NFO,07/01/2020,13:07:05,0.9,0.85,12000,0.95,60000,0,2496000
IDFCFIRSTB27Feb2040PE.NFO,07/01/2020,13:07:25,0.9,0.85,12000,0.95,72000,0,2496000
IDFCFIRSTB27Feb2040PE.NFO,07/01/2020,13:07:36,0.9,0.9,60000,0.95,72000,0,2496000
IDFCFIRSTB27Feb2040PE.NFO,07/01/2020,13:08:04,0.9,0.9,60000,0.95,60000,0,2496000
IDFCFIRSTB27Feb2040PE.NFO,07/01/2020,13:09:17,0.9,0.9,72000,1,72000,0,2496000
IDFCFIRSTB27Feb2040PE.NFO,07/01/2020,13:09:25,0.9,0.9,60000,0.95,12000,0,2496000
IDFCFIRSTB27Feb2040PE.NFO,07/01/2020,13:09:31,0.95,0.9,60000,1,60000,12000,2496000
IDFCFIRSTB27Feb2040PE.NFO,07/01/2020,13:09:31,0.95,0.9,60000,1,60000,0,2496000
IDFCFIRSTB27Feb2040PE.NFO,07/01/2020,13:09:37,0.95,0.9,60000,1,60000,0,2496000
IDFCFIRSTB27Feb2040PE.NFO,07/01/2020,13:09:43,0.95,0.9,60000,1,72000,0,2496000
IDFCFIRSTB27Feb2040PE.NFO,07/01/2020,13:09:49,0.95,0.95,48000,1,72000,12000,2496000
IDFCFIRSTB27Feb2040PE.NFO,07/01/2020,13:09:56,0.95,0.95,48000,1,72000,0,2496000
IDFCFIRSTB27Feb2040PE.NFO,07/01/2020,13:10:09,0.95,0.9,48000,1,72000,0,2496000
IDFCFIRSTB27Feb2040PE.NFO,07/01/2020,13:10:14,0.95,0.9,48000,0.95,48000,0,2496000
IDFCFIRSTB27Feb2040PE.NFO,07/01/2020,13:10:24,0.95,0.9,48000,1,72000,0,2496000
IDFCFIRSTB27Feb2040PE.NFO,07/01/2020,13:10:28,0.95,0.9,108000,1,72000,0,2496000
IDFCFIRSTB27Feb2040PE.NFO,07/01/2020,13:10:45,0.95,0.9,192000,1,72000,0,2496000
IDFCFIRSTB27Feb2040PE.NFO,07/01/2020,13:12:11,0.95,0.9,192000,1,84000,0,2496000
IDFCFIRSTB27Feb2040PE.NFO,07/01/2020,13:12:42,0.95,0.9,204000,1,84000,0,2496000
IDFCFIRSTB27Feb2040PE.NFO,07/01/2020,13:12:53,0.95,0.9,204000,0.95,12000,0,2496000
IDFCFIRSTB27Feb2040PE.NFO,07/01/2020,13:13:05,0.95,0.9,204000,1,84000,0,2496000
IDFCFIRSTB27Feb2040PE.NFO,07/01/2020,13:13:52,0.95,0.9,204000,1,72000,0,2496000
IDFCFIRSTB27Feb2040PE.NFO,07/01/2020,13:14:58,0.95,0.9,108000,1,72000,0,2496000
IDFCFIRSTB27Feb2040PE.NFO,07/01/2020,13:15:22,0.95,0.95,60000,1,72000,0,2496000
IDFCFIRSTB27Feb2040PE.NFO,07/01/2020,13:15:49,0.95,0.9,108000,1,72000,0,2496000
IDFCFIRSTB27Feb2040PE.NFO,07/01/2020,13:15:56,0.95,0.95,24000,1,72000,0,2496000
IDFCFIRSTB27Feb2040PE.NFO,07/01/2020,13:17:45,0.95,0.9,108000,1,72000,0,2496000
IDFCFIRSTB27Feb2040PE.NFO,07/01/2020,13:17:50,0.95,0.95,48000,1,72000,0,2496000
IDFCFIRSTB27Feb2040PE.NFO,07/01/2020,13:18:04,0.95,0.95,108000,1,72000,0,2496000
IDFCFIRSTB27Feb2040PE.NFO,07/01/2020,13:18:21,0.95,0.95,108000,1,60000,0,2496000
IDFCFIRSTB27Feb2040PE.NFO,07/01/2020,13:18:27,0.95,0.95,48000,1,72000,0,2496000
IDFCFIRSTB27Feb2040PE.NFO,07/01/2020,13:18:39,0.95,0.95,108000,1,72000,0,2496000
IDFCFIRSTB27Feb2040PE.NFO,07/01/2020,13:19:31,0.95,0.95,108000,1,60000,0,2496000
IDFCFIRSTB27Feb2040PE.NFO,07/01/2020,13:19:41,0.95,0.95,108000,1,48000,0,2496000
IDFCFIRSTB27Feb2040PE.NFO,07/01/2020,13:19:45,1,1,12000,1.05,24000,48000,2496000
IDFCFIRSTB27Feb2040PE.NFO,07/01/2020,13:19:45,1,1,12000,1.05,24000,0,2496000
IDFCFIRSTB27Feb2040PE.NFO,07/01/2020,13:19:50,1,1,12000,1.05,24000,0,2496000
IDFCFIRSTB27Feb2040PE.NFO,07/01/2020,13:19:58,1,1,12000,1.05,36000,0,2496000
IDFCFIRSTB27Feb2040PE.NFO,07/01/2020,13:20:12,1,0.95,48000,1,12000,12000,2496000
IDFCFIRSTB27Feb2040PE.NFO,07/01/2020,13:20:18,1,0.95,48000,1,12000,0,2496000
IDFCFIRSTB27Feb2040PE.NFO,07/01/2020,13:20:23,1,0.95,48000,1.05,12000,0,2496000
IDFCFIRSTB27Feb2040PE.NFO,07/01/2020,13:20:59,1,0.95,48000,1,12000,0,2496000
IDFCFIRSTB27Feb2040PE.NFO,07/01/2020,13:21:05,1,0.95,48000,1,24000,0,2496000
IDFCFIRSTB27Feb2040PE.NFO,07/01/2020,13:21:12,1,0.95,84000,1,24000,0,2496000
IDFCFIRSTB27Feb2040PE.NFO,07/01/2020,13:21:19,1,0.95,96000,1,24000,0,2496000
IDFCFIRSTB27Feb2040PE.NFO,07/01/2020,13:21:52,1,0.95,60000,1,12000,0,2496000
IDFCFIRSTB27Feb2040PE.NFO,07/01/2020,13:23:25,1,0.95,60000,1.05,60000,12000,2496000
IDFCFIRSTB27Feb2040PE.NFO,07/01/2020,13:23:36,1,1,12000,1.05,60000,0,2496000
IDFCFIRSTB27Feb2040PE.NFO,07/01/2020,13:23:41,1.05,0.95,60000,1.05,48000,12000,2496000
IDFCFIRSTB27Feb2040PE.NFO,07/01/2020,13:23:41,1.05,0.95,60000,1.05,48000,0,2496000
IDFCFIRSTB27Feb2040PE.NFO,07/01/2020,13:23:47,1.05,0.95,60000,1.1,24000,0,2496000
IDFCFIRSTB27Feb2040PE.NFO,07/01/2020,13:23:59,1.05,1,48000,1.1,24000,0,2496000
IDFCFIRSTB27Feb2040PE.NFO,07/01/2020,13:24:05,1.05,1,48000,1.05,48000,0,2496000
IDFCFIRSTB27Feb2040PE.NFO,07/01/2020,13:26:24,1.05,0.95,12000,1,12000,0,2496000
IDFCFIRSTB27Feb2040PE.NFO,07/01/2020,13:26:30,1.05,0.95,12000,1.05,48000,0,2496000
IDFCFIRSTB27Feb2040PE.NFO,07/01/2020,13:27:18,1.05,0.95,24000,1.05,48000,0,2496000
IDFCFIRSTB27Feb2040PE.NFO,07/01/2020,13:27:56,1.05,0.95,24000,1.05,36000,12000,2496000
IDFCFIRSTB27Feb2040PE.NFO,07/01/2020,13:28:02,1.05,0.95,24000,1.05,36000,0,2496000
IDFCFIRSTB27Feb2040PE.NFO,07/01/2020,13:30:14,1.05,1,48000,1.05,36000,0,2496000
IDFCFIRSTB27Feb2040PE.NFO,07/01/2020,13:30:24,1.05,0.95,24000,1.05,36000,0,2496000
IDFCFIRSTB27Feb2040PE.NFO,07/01/2020,13:31:32,1.05,0.95,36000,1.05,36000,0,2496000
IDFCFIRSTB27Feb2040PE.NFO,07/01/2020,13:32:05,1.05,1,36000,1.05,36000,0,2496000
IDFCFIRSTB27Feb2040PE.NFO,07/01/2020,13:32:11,1.05,0.95,36000,1.05,36000,0,2496000
IDFCFIRSTB27Feb2040PE.NFO,07/01/2020,13:33:45,1.05,1,36000,1.05,36000,0,2496000
IDFCFIRSTB27Feb2040PE.NFO,07/01/2020,13:34:54,1,1,12000,1.05,12000,24000,2496000
IDFCFIRSTB27Feb2040PE.NFO,07/01/2020,13:35:07,1,1,12000,1.05,12000,0,2496000
IDFCFIRSTB27Feb2040PE.NFO,07/01/2020,13:35:23,1,0.95,36000,1.05,12000,0,2496000
IDFCFIRSTB27Feb2040PE.NFO,07/01/2020,13:35:49,1,1,12000,1.05,12000,0,2496000
IDFCFIRSTB27Feb2040PE.NFO,07/01/2020,13:35:53,1,1,48000,1.05,12000,0,2496000
IDFCFIRSTB27Feb2040PE.NFO,07/01/2020,13:36:02,1,1,48000,1.05,24000,0,2496000
IDFCFIRSTB27Feb2040PE.NFO,07/01/2020,13:36:07,1,1,36000,1.1,12000,12000,2496000
IDFCFIRSTB27Feb2040PE.NFO,07/01/2020,13:36:12,1,1,36000,1.1,12000,0,2496000
IDFCFIRSTB27Feb2040PE.NFO,07/01/2020,13:37:13,1,1,48000,1.05,24000,0,2496000
IDFCFIRSTB27Feb2040PE.NFO,07/01/2020,13:37:16,1,1,48000,1.1,12000,0,2496000
IDFCFIRSTB27Feb2040PE.NFO,07/01/2020,13:37:26,1,1,48000,1.05,24000,0,2496000
IDFCFIRSTB27Feb2040PE.NFO,07/01/2020,13:37:55,1,1,36000,1.05,24000,0,2496000
IDFCFIRSTB27Feb2040PE.NFO,07/01/2020,13:38:17,1,1,24000,1.1,12000,12000,2496000
IDFCFIRSTB27Feb2040PE.NFO,07/01/2020,13:38:23,1,1,24000,1.1,12000,0,2496000
IDFCFIRSTB27Feb2040PE.NFO,07/01/2020,13:38:38,1,1,24000,1.05,24000,0,2496000
IDFCFIRSTB27Feb2040PE.NFO,07/01/2020,13:38:43,1,1,24000,1.1,12000,0,2496000
IDFCFIRSTB27Feb2040PE.NFO,07/01/2020,13:38:47,1,1,24000,1.05,24000,0,2496000
IDFCFIRSTB27Feb2040PE.NFO,07/01/2020,13:38:56,1,1,24000,1.1,12000,0,2496000
IDFCFIRSTB27Feb2040PE.NFO,07/01/2020,13:39:01,1,1,36000,1.1,12000,0,2496000
IDFCFIRSTB27Feb2040PE.NFO,07/01/2020,13:39:23,1,1,24000,1.1,12000,0,2496000
IDFCFIRSTB27Feb2040PE.NFO,07/01/2020,13:42:57,1,1,36000,1.05,48000,0,2496000
IDFCFIRSTB27Feb2040PE.NFO,07/01/2020,13:43:02,1,1,36000,1.05,60000,0,2496000
IDFCFIRSTB27Feb2040PE.NFO,07/01/2020,13:43:18,1,1,36000,1.1,12000,0,2496000
IDFCFIRSTB27Feb2040PE.NFO,07/01/2020,13:44:06,1,1,36000,1.05,12000,0,2496000
IDFCFIRSTB27Feb2040PE.NFO,07/01/2020,13:45:25,1,1,24000,1.05,12000,0,2496000
IDFCFIRSTB27Feb2040PE.NFO,07/01/2020,13:45:30,1,0.95,12000,1,12000,24000,2496000
IDFCFIRSTB27Feb2040PE.NFO,07/01/2020,13:45:41,1,0.95,12000,1.05,12000,0,2496000
IDFCFIRSTB27Feb2040PE.NFO,07/01/2020,13:46:39,1,0.95,12000,1.1,12000,0,2496000
IDFCFIRSTB27Feb2040PE.NFO,07/01/2020,13:46:53,1,0.95,12000,1.05,24000,0,2496000
IDFCFIRSTB27Feb2040PE.NFO,07/01/2020,13:47:23,1,0.95,12000,1,12000,0,2496000
IDFCFIRSTB27Feb2040PE.NFO,07/01/2020,13:47:34,1,0.95,12000,1.05,24000,12000,2496000
IDFCFIRSTB27Feb2040PE.NFO,07/01/2020,13:47:40,1,0.95,12000,1.05,24000,0,2496000
IDFCFIRSTB27Feb2040PE.NFO,07/01/2020,13:48:59,1,0.95,12000,1,12000,0,2496000
IDFCFIRSTB27Feb2040PE.NFO,07/01/2020,13:50:13,0.95,0.9,72000,1,12000,12000,2496000
IDFCFIRSTB27Feb2040PE.NFO,07/01/2020,13:50:21,0.95,0.9,72000,1,12000,0,2496000
IDFCFIRSTB27Feb2040PE.NFO,07/01/2020,13:50:49,0.95,0.9,60000,1,12000,0,2496000
IDFCFIRSTB27Feb2040PE.NFO,07/01/2020,13:51:36,0.95,0.9,72000,1,12000,0,2496000
IDFCFIRSTB27Feb2040PE.NFO,07/01/2020,13:51:41,0.95,0.9,72000,0.95,60000,0,2496000
IDFCFIRSTB27Feb2040PE.NFO,07/01/2020,13:51:50,0.95,0.9,84000,0.95,60000,0,2496000
IDFCFIRSTB27Feb2040PE.NFO,07/01/2020,13:53:13,0.95,0.9,108000,0.95,60000,0,2496000
IDFCFIRSTB27Feb2040PE.NFO,07/01/2020,13:58:33,0.95,0.9,96000,0.95,48000,12000,2496000
IDFCFIRSTB27Feb2040PE.NFO,07/01/2020,13:58:45,0.95,0.9,96000,0.95,48000,0,2496000
IDFCFIRSTB27Feb2040PE.NFO,07/01/2020,14:00:03,0.95,0.9,84000,0.95,48000,0,2496000
IDFCFIRSTB27Feb2040PE.NFO,07/01/2020,14:03:00,0.95,0.9,84000,0.95,36000,12000,2496000
IDFCFIRSTB27Feb2040PE.NFO,07/01/2020,14:03:07,0.95,0.9,84000,0.95,36000,0,2496000
IDFCFIRSTB27Feb2040PE.NFO,07/01/2020,14:07:36,0.95,0.9,84000,1,48000,0,2496000
IDFCFIRSTB27Feb2040PE.NFO,07/01/2020,14:12:55,0.95,0.95,48000,1,48000,0,2496000
IDFCFIRSTB27Feb2040PE.NFO,07/01/2020,14:12:59,0.95,0.9,84000,1,48000,0,2496000
IDFCFIRSTB27Feb2040PE.NFO,07/01/2020,14:15:25,0.95,0.9,84000,0.95,12000,0,2496000
IDFCFIRSTB27Feb2040PE.NFO,07/01/2020,14:17:11,0.95,0.9,84000,1,48000,0,2496000
IDFCFIRSTB27Feb2040PE.NFO,07/01/2020,14:18:22,0.95,0.9,84000,0.95,12000,0,2496000
IDFCFIRSTB27Feb2040PE.NFO,07/01/2020,14:19:12,0.95,0.9,84000,1,48000,0,2496000
IDFCFIRSTB27Feb2040PE.NFO,07/01/2020,14:19:29,0.95,0.9,84000,0.95,12000,0,2496000
IDFCFIRSTB27Feb2040PE.NFO,07/01/2020,14:24:13,0.95,0.9,84000,1,48000,0,2496000
IDFCFIRSTB27Feb2040PE.NFO,07/01/2020,14:30:29,0.95,0.9,84000,0.95,12000,0,2496000
IDFCFIRSTB27Feb2040PE.NFO,07/01/2020,14:31:09,0.95,0.9,60000,0.95,12000,0,2496000
IDFCFIRSTB27Feb2040PE.NFO,07/01/2020,14:45:39,0.95,0.9,72000,0.95,12000,0,2496000
IDFCFIRSTB27Feb2040PE.NFO,07/01/2020,14:49:38,0.95,0.9,72000,1,36000,12000,2496000
IDFCFIRSTB27Feb2040PE.NFO,07/01/2020,14:49:46,0.95,0.9,72000,0.95,12000,0,2496000
IDFCFIRSTB27Feb2040PE.NFO,07/01/2020,14:49:50,0.95,0.9,72000,0.95,24000,0,2496000
IDFCFIRSTB27Feb2040PE.NFO,07/01/2020,14:49:59,0.95,0.9,84000,1,36000,0,2496000
IDFCFIRSTB27Feb2040PE.NFO,07/01/2020,14:53:24,0.95,0.9,72000,1,36000,0,2496000
IDFCFIRSTB27Feb2040PE.NFO,07/01/2020,14:53:54,0.95,0.9,60000,1,36000,0,2496000
IDFCFIRSTB27Feb2040PE.NFO,07/01/2020,14:54:30,0.95,0.9,72000,1,36000,0,2496000
IDFCFIRSTB27Feb2040PE.NFO,07/01/2020,14:56:35,0.95,0.9,72000,0.95,12000,0,2496000
IDFCFIRSTB27Feb2040PE.NFO,07/01/2020,14:57:18,0.95,0.9,84000,0.95,12000,0,2496000
IDFCFIRSTB27Feb2040PE.NFO,07/01/2020,14:58:13,0.95,0.9,96000,0.95,12000,0,2496000
IDFCFIRSTB27Feb2040PE.NFO,07/01/2020,14:58:27,0.95,0.9,96000,1,36000,12000,2496000
IDFCFIRSTB27Feb2040PE.NFO,07/01/2020,14:59:04,0.95,0.9,96000,0.95,12000,0,2496000
IDFCFIRSTB27Feb2040PE.NFO,07/01/2020,14:59:46,0.95,0.9,96000,1,48000,0,2496000
IDFCFIRSTB27Feb2040PE.NFO,07/01/2020,15:00:08,0.95,0.9,60000,1,48000,0,2496000
IDFCFIRSTB27Feb2040PE.NFO,07/01/2020,15:00:25,0.95,0.9,96000,1,48000,0,2496000
IDFCFIRSTB27Feb2040PE.NFO,07/01/2020,15:00:38,0.95,0.9,72000,1,48000,0,2496000
IDFCFIRSTB27Feb2040PE.NFO,07/01/2020,15:01:28,0.95,0.9,96000,1,48000,0,2496000
IDFCFIRSTB27Feb2040PE.NFO,07/01/2020,15:01:33,0.95,0.9,72000,1,48000,0,2496000
IDFCFIRSTB27Feb2040PE.NFO,07/01/2020,15:01:54,0.95,0.9,96000,1,48000,0,2496000
IDFCFIRSTB27Feb2040PE.NFO,07/01/2020,15:02:25,0.95,0.9,96000,1,36000,0,2496000
IDFCFIRSTB27Feb2040PE.NFO,07/01/2020,15:06:26,0.95,0.9,96000,1,48000,0,2496000
IDFCFIRSTB27Feb2040PE.NFO,07/01/2020,15:10:15,0.95,0.9,72000,1,48000,0,2496000
IDFCFIRSTB27Feb2040PE.NFO,07/01/2020,15:10:31,0.95,0.9,60000,1,48000,0,2496000
IDFCFIRSTB27Feb2040PE.NFO,07/01/2020,15:11:03,0.95,0.9,72000,1,48000,0,2496000
IDFCFIRSTB27Feb2040PE.NFO,07/01/2020,15:12:47,0.95,0.9,60000,1,48000,0,2496000
IDFCFIRSTB27Feb2040PE.NFO,07/01/2020,15:13:13,0.95,0.9,60000,0.95,12000,0,2496000
IDFCFIRSTB27Feb2040PE.NFO,07/01/2020,15:13:22,0.95,0.9,60000,1,48000,0,2496000
IDFCFIRSTB27Feb2040PE.NFO,07/01/2020,15:18:41,0.95,0.9,60000,0.95,12000,0,2496000
IDFCFIRSTB27Feb2040PE.NFO,07/01/2020,15:25:14,0.95,0.9,72000,0.95,12000,0,2496000
IDFCFIRSTB27Feb2040PE.NFO,07/01/2020,15:27:16,0.95,0.9,60000,0.95,12000,0,2496000
