Ticker,Date,Time,LTP,BuyPrice,BuyQty,SellPrice,SellQty,LTQ,OpenInterest
IDFCFIRSTB30Jan2041CE.NFO,07/01/2020,09:19:49,3.85,3.65,108000,4.1,12000,12000,96000
IDFCFIRSTB30Jan2041CE.NFO,07/01/2020,09:19:49,3.85,3.65,108000,4.1,12000,0,96000
IDFCFIRSTB30Jan2041CE.NFO,07/01/2020,09:19:49,3.85,3.65,108000,4.1,12000,0,96000
IDFCFIRSTB30Jan2041CE.NFO,07/01/2020,09:19:49,3.85,3.65,108000,4.1,12000,0,96000
IDFCFIRSTB30Jan2041CE.NFO,07/01/2020,09:19:56,3.85,3.65,96000,4,12000,0,96000
IDFCFIRSTB30Jan2041CE.NFO,07/01/2020,09:20:02,3.85,3.7,12000,4,12000,0,96000
IDFCFIRSTB30Jan2041CE.NFO,07/01/2020,09:20:08,3.85,3.65,24000,4,12000,0,96000
IDFCFIRSTB30Jan2041CE.NFO,07/01/2020,09:20:15,3.85,3.7,12000,4,12000,0,96000
IDFCFIRSTB30Jan2041CE.NFO,07/01/2020,09:20:21,3.85,3.7,60000,4.15,12000,0,96000
IDFCFIRSTB30Jan2041CE.NFO,07/01/2020,09:20:27,3.85,3.65,72000,4.15,48000,0,96000
IDFCFIRSTB30Jan2041CE.NFO,07/01/2020,09:20:34,3.85,3.7,84000,4.15,48000,0,96000
IDFCFIRSTB30Jan2041CE.NFO,07/01/2020,09:20:46,3.85,3.7,132000,4.15,48000,0,96000
IDFCFIRSTB30Jan2041CE.NFO,07/01/2020,09:20:59,3.85,3.8,12000,4.15,48000,0,96000
IDFCFIRSTB30Jan2041CE.NFO,07/01/2020,09:21:22,3.85,3.85,12000,4.15,48000,0,96000
IDFCFIRSTB30Jan2041CE.NFO,07/01/2020,09:21:29,3.85,3.8,12000,4.15,48000,0,96000
IDFCFIRSTB30Jan2041CE.NFO,07/01/2020,09:22:22,3.85,3.75,96000,4.15,48000,0,96000
IDFCFIRSTB30Jan2041CE.NFO,07/01/2020,09:22:28,3.85,3.75,84000,4.15,48000,0,96000
IDFCFIRSTB30Jan2041CE.NFO,07/01/2020,09:22:54,3.85,3.75,108000,4.15,48000,0,96000
IDFCFIRSTB30Jan2041CE.NFO,07/01/2020,09:23:01,3.85,3.75,132000,4.15,48000,0,96000
IDFCFIRSTB30Jan2041CE.NFO,07/01/2020,09:23:18,3.85,3.85,12000,4.4,24000,0,96000
IDFCFIRSTB30Jan2041CE.NFO,07/01/2020,09:23:24,3.85,3.85,12000,4.15,36000,0,96000
IDFCFIRSTB30Jan2041CE.NFO,07/01/2020,09:23:30,3.85,3.8,12000,4.15,48000,0,96000
IDFCFIRSTB30Jan2041CE.NFO,07/01/2020,09:24:13,3.85,3.7,24000,4.15,48000,0,96000
IDFCFIRSTB30Jan2041CE.NFO,07/01/2020,09:24:18,3.85,3.75,60000,4.15,48000,0,96000
IDFCFIRSTB30Jan2041CE.NFO,07/01/2020,09:24:51,3.85,3.75,84000,4.15,48000,0,96000
IDFCFIRSTB30Jan2041CE.NFO,07/01/2020,09:25:10,3.85,3.75,60000,4.15,48000,0,96000
IDFCFIRSTB30Jan2041CE.NFO,07/01/2020,09:25:41,3.85,3.8,12000,4.15,48000,0,96000
IDFCFIRSTB30Jan2041CE.NFO,07/01/2020,09:26:01,3.85,3.75,12000,4.15,48000,0,96000
IDFCFIRSTB30Jan2041CE.NFO,07/01/2020,09:26:09,3.85,3.75,36000,4.15,48000,0,96000
IDFCFIRSTB30Jan2041CE.NFO,07/01/2020,09:26:15,3.85,3.8,12000,4.15,48000,0,96000
IDFCFIRSTB30Jan2041CE.NFO,07/01/2020,09:26:39,3.85,3.8,24000,4.15,48000,0,96000
IDFCFIRSTB30Jan2041CE.NFO,07/01/2020,09:26:44,3.85,3.8,12000,4.15,48000,0,96000
IDFCFIRSTB30Jan2041CE.NFO,07/01/2020,09:27:02,3.85,3.75,24000,4.15,48000,0,96000
IDFCFIRSTB30Jan2041CE.NFO,07/01/2020,09:27:13,3.85,3.75,12000,4,12000,0,96000
IDFCFIRSTB30Jan2041CE.NFO,07/01/2020,09:27:18,3.85,3.75,12000,4.15,12000,0,96000
IDFCFIRSTB30Jan2041CE.NFO,07/01/2020,09:27:24,3.85,3.7,24000,4.15,60000,0,96000
IDFCFIRSTB30Jan2041CE.NFO,07/01/2020,09:27:35,3.85,3.65,48000,4.15,108000,0,96000
IDFCFIRSTB30Jan2041CE.NFO,07/01/2020,09:27:41,3.85,3.7,12000,4.15,144000,0,96000
IDFCFIRSTB30Jan2041CE.NFO,07/01/2020,09:27:54,3.85,3.7,12000,4.15,120000,0,96000
IDFCFIRSTB30Jan2041CE.NFO,07/01/2020,09:28:08,3.85,3.65,24000,4.15,120000,0,96000
IDFCFIRSTB30Jan2041CE.NFO,07/01/2020,09:28:15,3.85,3.7,12000,4.15,120000,0,96000
IDFCFIRSTB30Jan2041CE.NFO,07/01/2020,09:29:09,3.85,3.7,180000,4.15,72000,0,96000
IDFCFIRSTB30Jan2041CE.NFO,07/01/2020,09:29:14,3.85,3.7,156000,4.15,48000,0,96000
IDFCFIRSTB30Jan2041CE.NFO,07/01/2020,09:29:20,3.85,3.7,132000,4.15,48000,0,96000
IDFCFIRSTB30Jan2041CE.NFO,07/01/2020,09:29:47,3.85,3.7,132000,4.15,12000,0,96000
IDFCFIRSTB30Jan2041CE.NFO,07/01/2020,09:29:52,3.85,3.7,132000,4.15,48000,0,96000
IDFCFIRSTB30Jan2041CE.NFO,07/01/2020,09:31:05,3.85,3.8,36000,4.15,48000,0,96000
IDFCFIRSTB30Jan2041CE.NFO,07/01/2020,09:31:18,3.85,3.9,12000,4.35,24000,0,96000
IDFCFIRSTB30Jan2041CE.NFO,07/01/2020,09:31:46,3.85,3.85,12000,4.15,36000,0,96000
IDFCFIRSTB30Jan2041CE.NFO,07/01/2020,09:31:51,3.85,3.8,24000,4.35,24000,0,96000
IDFCFIRSTB30Jan2041CE.NFO,07/01/2020,09:31:57,3.85,3.85,12000,4.35,24000,0,96000
IDFCFIRSTB30Jan2041CE.NFO,07/01/2020,09:32:02,3.85,3.85,12000,4.15,36000,0,96000
IDFCFIRSTB30Jan2041CE.NFO,07/01/2020,09:32:08,3.85,3.85,12000,4.35,24000,0,96000
IDFCFIRSTB30Jan2041CE.NFO,07/01/2020,09:32:19,3.85,3.85,12000,4.3,12000,0,96000
IDFCFIRSTB30Jan2041CE.NFO,07/01/2020,09:32:26,3.85,3.9,12000,4.3,12000,0,96000
IDFCFIRSTB30Jan2041CE.NFO,07/01/2020,09:33:00,3.85,3.9,12000,4.65,12000,0,96000
IDFCFIRSTB30Jan2041CE.NFO,07/01/2020,09:33:06,3.85,3.9,12000,5.1,276000,0,96000
IDFCFIRSTB30Jan2041CE.NFO,07/01/2020,09:34:01,3.85,3.85,180000,5.1,276000,0,96000
IDFCFIRSTB30Jan2041CE.NFO,07/01/2020,09:34:12,3.85,3.95,12000,5.1,276000,0,96000
IDFCFIRSTB30Jan2041CE.NFO,07/01/2020,09:34:33,3.85,3.95,12000,4.4,12000,0,96000
IDFCFIRSTB30Jan2041CE.NFO,07/01/2020,09:34:40,3.85,3.85,12000,4.4,36000,0,96000
IDFCFIRSTB30Jan2041CE.NFO,07/01/2020,09:34:45,3.85,3.8,24000,4.4,36000,0,96000
IDFCFIRSTB30Jan2041CE.NFO,07/01/2020,09:35:17,3.85,3.8,96000,4.35,12000,0,96000
IDFCFIRSTB30Jan2041CE.NFO,07/01/2020,09:35:21,3.85,3.8,84000,4.35,12000,0,96000
IDFCFIRSTB30Jan2041CE.NFO,07/01/2020,09:35:26,3.85,3.8,72000,4.35,12000,0,96000
IDFCFIRSTB30Jan2041CE.NFO,07/01/2020,09:35:31,3.85,3.8,36000,4.35,12000,0,96000
IDFCFIRSTB30Jan2041CE.NFO,07/01/2020,09:35:36,3.85,3.85,12000,4.35,12000,0,96000
IDFCFIRSTB30Jan2041CE.NFO,07/01/2020,09:35:42,3.85,3.8,12000,4.35,12000,0,96000
IDFCFIRSTB30Jan2041CE.NFO,07/01/2020,09:35:49,3.85,3.75,12000,4.15,48000,0,96000
IDFCFIRSTB30Jan2041CE.NFO,07/01/2020,09:35:55,3.85,3.7,24000,4.15,48000,0,96000
IDFCFIRSTB30Jan2041CE.NFO,07/01/2020,09:36:01,3.85,3.8,12000,4.15,48000,0,96000
IDFCFIRSTB30Jan2041CE.NFO,07/01/2020,09:36:18,3.85,3.85,12000,4.15,48000,0,96000
IDFCFIRSTB30Jan2041CE.NFO,07/01/2020,09:36:33,3.85,3.85,12000,4.4,24000,0,96000
IDFCFIRSTB30Jan2041CE.NFO,07/01/2020,09:36:38,3.85,3.85,24000,4.4,24000,0,96000
IDFCFIRSTB30Jan2041CE.NFO,07/01/2020,09:36:42,3.85,3.8,24000,4.4,24000,0,96000
IDFCFIRSTB30Jan2041CE.NFO,07/01/2020,09:36:47,3.85,3.85,12000,4.4,24000,0,96000
IDFCFIRSTB30Jan2041CE.NFO,07/01/2020,09:36:56,3.85,3.9,12000,4.4,24000,0,96000
IDFCFIRSTB30Jan2041CE.NFO,07/01/2020,09:38:24,3.85,3.9,12000,4.35,12000,0,96000
IDFCFIRSTB30Jan2041CE.NFO,07/01/2020,09:39:07,3.85,3.9,12000,4.4,12000,0,96000
IDFCFIRSTB30Jan2041CE.NFO,07/01/2020,09:39:21,3.85,4,12000,4.4,12000,0,96000
IDFCFIRSTB30Jan2041CE.NFO,07/01/2020,09:39:43,3.85,3.95,12000,4.4,12000,0,96000
IDFCFIRSTB30Jan2041CE.NFO,07/01/2020,09:39:55,3.85,3.95,12000,4.4,36000,0,96000
IDFCFIRSTB30Jan2041CE.NFO,07/01/2020,09:40:29,3.85,3.8,24000,4.35,12000,0,96000
IDFCFIRSTB30Jan2041CE.NFO,07/01/2020,09:40:39,3.85,3.85,12000,4.35,36000,0,96000
IDFCFIRSTB30Jan2041CE.NFO,07/01/2020,09:40:44,3.85,3.85,12000,4.3,12000,0,96000
IDFCFIRSTB30Jan2041CE.NFO,07/01/2020,09:40:48,3.85,3.8,24000,4.3,12000,0,96000
IDFCFIRSTB30Jan2041CE.NFO,07/01/2020,09:40:53,3.85,3.85,12000,4.3,12000,0,96000
IDFCFIRSTB30Jan2041CE.NFO,07/01/2020,09:40:57,3.85,3.85,60000,4.3,12000,0,96000
IDFCFIRSTB30Jan2041CE.NFO,07/01/2020,09:41:18,3.85,3.9,12000,4.3,12000,0,96000
IDFCFIRSTB30Jan2041CE.NFO,07/01/2020,09:42:17,3.85,3.9,12000,4.35,12000,0,96000
IDFCFIRSTB30Jan2041CE.NFO,07/01/2020,09:42:51,3.85,3.85,24000,4.35,12000,0,96000
IDFCFIRSTB30Jan2041CE.NFO,07/01/2020,09:42:58,3.85,3.9,12000,4.35,12000,0,96000
IDFCFIRSTB30Jan2041CE.NFO,07/01/2020,09:43:19,3.85,3.9,12000,4.35,60000,0,96000
IDFCFIRSTB30Jan2041CE.NFO,07/01/2020,09:44:45,3.85,3.85,120000,4.35,60000,0,96000
IDFCFIRSTB30Jan2041CE.NFO,07/01/2020,09:45:13,3.85,3.85,120000,4.35,36000,0,96000
IDFCFIRSTB30Jan2041CE.NFO,07/01/2020,09:45:25,3.85,3.85,120000,4.35,60000,0,96000
IDFCFIRSTB30Jan2041CE.NFO,07/01/2020,09:45:31,3.85,3.95,48000,4.7,12000,0,96000
IDFCFIRSTB30Jan2041CE.NFO,07/01/2020,09:46:05,3.85,3.85,24000,5,276000,0,96000
IDFCFIRSTB30Jan2041CE.NFO,07/01/2020,09:46:11,3.85,3.9,12000,5,276000,0,96000
IDFCFIRSTB30Jan2041CE.NFO,07/01/2020,09:46:16,3.85,3.85,24000,5,276000,0,96000
IDFCFIRSTB30Jan2041CE.NFO,07/01/2020,09:46:21,3.85,3.9,12000,5,276000,0,96000
IDFCFIRSTB30Jan2041CE.NFO,07/01/2020,09:46:25,3.85,3.85,24000,5,276000,0,96000
IDFCFIRSTB30Jan2041CE.NFO,07/01/2020,09:46:36,3.85,3.9,12000,5,276000,0,96000
IDFCFIRSTB30Jan2041CE.NFO,07/01/2020,09:46:58,3.85,3.85,24000,4.3,12000,0,96000
IDFCFIRSTB30Jan2041CE.NFO,07/01/2020,09:47:08,3.85,3.9,12000,4.3,12000,0,96000
IDFCFIRSTB30Jan2041CE.NFO,07/01/2020,09:47:34,3.85,3.85,24000,4.3,12000,0,96000
IDFCFIRSTB30Jan2041CE.NFO,07/01/2020,09:47:39,3.85,3.9,12000,4.3,12000,0,96000
IDFCFIRSTB30Jan2041CE.NFO,07/01/2020,09:47:43,3.85,3.85,24000,4.3,12000,0,96000
IDFCFIRSTB30Jan2041CE.NFO,07/01/2020,09:47:47,3.85,3.9,12000,4.3,12000,0,96000
IDFCFIRSTB30Jan2041CE.NFO,07/01/2020,09:47:55,3.85,3.85,24000,4.3,12000,0,96000
IDFCFIRSTB30Jan2041CE.NFO,07/01/2020,09:47:59,3.85,3.9,12000,4.3,12000,0,96000
IDFCFIRSTB30Jan2041CE.NFO,07/01/2020,09:48:11,3.85,3.9,36000,4.3,12000,0,96000
IDFCFIRSTB30Jan2041CE.NFO,07/01/2020,09:48:15,3.85,3.9,12000,4.3,12000,0,96000
IDFCFIRSTB30Jan2041CE.NFO,07/01/2020,09:48:30,3.85,3.85,24000,4.3,12000,0,96000
IDFCFIRSTB30Jan2041CE.NFO,07/01/2020,09:48:35,3.85,3.9,12000,4.3,12000,0,96000
IDFCFIRSTB30Jan2041CE.NFO,07/01/2020,09:48:44,3.85,3.85,24000,4.3,12000,0,96000
IDFCFIRSTB30Jan2041CE.NFO,07/01/2020,09:48:53,3.85,3.9,12000,4.3,12000,0,96000
IDFCFIRSTB30Jan2041CE.NFO,07/01/2020,09:49:04,3.85,3.9,36000,4.3,12000,0,96000
IDFCFIRSTB30Jan2041CE.NFO,07/01/2020,09:49:14,3.85,3.9,12000,4.3,12000,0,96000
IDFCFIRSTB30Jan2041CE.NFO,07/01/2020,09:49:19,3.85,3.8,24000,4.3,12000,0,96000
IDFCFIRSTB30Jan2041CE.NFO,07/01/2020,09:49:24,3.85,3.85,12000,4.15,36000,0,96000
IDFCFIRSTB30Jan2041CE.NFO,07/01/2020,09:49:31,3.85,3.8,12000,4.15,48000,0,96000
IDFCFIRSTB30Jan2041CE.NFO,07/01/2020,09:49:36,3.85,3.75,24000,4.15,48000,0,96000
IDFCFIRSTB30Jan2041CE.NFO,07/01/2020,09:49:41,3.85,3.8,36000,4.15,48000,0,96000
IDFCFIRSTB30Jan2041CE.NFO,07/01/2020,09:49:46,3.85,3.8,12000,4.15,48000,0,96000
IDFCFIRSTB30Jan2041CE.NFO,07/01/2020,09:50:11,3.85,3.85,12000,4.15,48000,0,96000
IDFCFIRSTB30Jan2041CE.NFO,07/01/2020,09:50:42,3.85,3.8,12000,4.15,48000,0,96000
IDFCFIRSTB30Jan2041CE.NFO,07/01/2020,09:50:48,3.85,3.75,24000,4.15,48000,0,96000
IDFCFIRSTB30Jan2041CE.NFO,07/01/2020,09:50:57,3.85,3.8,12000,4.15,48000,0,96000
IDFCFIRSTB30Jan2041CE.NFO,07/01/2020,09:51:12,3.85,3.8,24000,4.15,48000,0,96000
IDFCFIRSTB30Jan2041CE.NFO,07/01/2020,09:51:23,3.85,3.85,12000,4.15,48000,0,96000
IDFCFIRSTB30Jan2041CE.NFO,07/01/2020,09:51:28,3.85,3.8,24000,4.15,48000,0,96000
IDFCFIRSTB30Jan2041CE.NFO,07/01/2020,09:51:43,3.85,3.85,12000,4.15,48000,0,96000
IDFCFIRSTB30Jan2041CE.NFO,07/01/2020,09:51:47,3.85,3.85,36000,4.15,48000,0,96000
IDFCFIRSTB30Jan2041CE.NFO,07/01/2020,09:51:52,3.85,3.85,12000,4.15,48000,0,96000
IDFCFIRSTB30Jan2041CE.NFO,07/01/2020,09:51:55,3.85,3.8,24000,4.3,12000,0,96000
IDFCFIRSTB30Jan2041CE.NFO,07/01/2020,09:52:07,3.85,3.85,12000,4.3,12000,0,96000
IDFCFIRSTB30Jan2041CE.NFO,07/01/2020,09:52:11,3.85,3.8,60000,4.3,12000,0,96000
IDFCFIRSTB30Jan2041CE.NFO,07/01/2020,09:52:15,3.85,3.8,24000,4.3,12000,0,96000
IDFCFIRSTB30Jan2041CE.NFO,07/01/2020,09:52:24,3.85,3.8,48000,4.15,36000,0,96000
IDFCFIRSTB30Jan2041CE.NFO,07/01/2020,09:52:29,3.85,3.85,12000,4.15,36000,0,96000
IDFCFIRSTB30Jan2041CE.NFO,07/01/2020,09:53:46,3.85,3.8,36000,4.15,36000,0,96000
IDFCFIRSTB30Jan2041CE.NFO,07/01/2020,09:53:55,3.85,3.8,12000,4.15,36000,0,96000
IDFCFIRSTB30Jan2041CE.NFO,07/01/2020,09:53:58,3.85,3.8,12000,4.15,48000,0,96000
IDFCFIRSTB30Jan2041CE.NFO,07/01/2020,09:54:03,3.85,3.75,24000,4.15,48000,0,96000
IDFCFIRSTB30Jan2041CE.NFO,07/01/2020,09:54:34,3.85,3.8,60000,4.15,48000,0,96000
IDFCFIRSTB30Jan2041CE.NFO,07/01/2020,09:54:39,3.85,3.85,12000,4.15,48000,0,96000
IDFCFIRSTB30Jan2041CE.NFO,07/01/2020,09:54:58,3.85,3.85,12000,4.1,12000,0,96000
IDFCFIRSTB30Jan2041CE.NFO,07/01/2020,09:55:46,3.85,3.85,12000,4.25,12000,0,96000
IDFCFIRSTB30Jan2041CE.NFO,07/01/2020,09:55:51,3.85,3.9,12000,4.25,12000,0,96000
IDFCFIRSTB30Jan2041CE.NFO,07/01/2020,09:56:10,3.85,3.85,12000,4.25,12000,0,96000
IDFCFIRSTB30Jan2041CE.NFO,07/01/2020,09:56:46,3.85,3.75,48000,4.25,12000,0,96000
IDFCFIRSTB30Jan2041CE.NFO,07/01/2020,09:56:50,3.85,3.8,12000,4.15,48000,0,96000
IDFCFIRSTB30Jan2041CE.NFO,07/01/2020,09:56:55,3.85,3.75,12000,4.15,48000,0,96000
IDFCFIRSTB30Jan2041CE.NFO,07/01/2020,09:58:26,3.85,3.75,12000,4.15,96000,0,96000
IDFCFIRSTB30Jan2041CE.NFO,07/01/2020,09:58:55,3.85,3.65,72000,4.15,144000,0,96000
IDFCFIRSTB30Jan2041CE.NFO,07/01/2020,09:59:01,3.85,3.7,36000,4.15,96000,0,96000
IDFCFIRSTB30Jan2041CE.NFO,07/01/2020,09:59:07,3.85,3.65,72000,4.15,96000,0,96000
IDFCFIRSTB30Jan2041CE.NFO,07/01/2020,09:59:12,3.85,3.7,36000,4.15,96000,0,96000
IDFCFIRSTB30Jan2041CE.NFO,07/01/2020,09:59:18,3.85,3.7,12000,4.15,96000,0,96000
IDFCFIRSTB30Jan2041CE.NFO,07/01/2020,09:59:23,3.85,3.7,12000,4.05,12000,0,96000
IDFCFIRSTB30Jan2041CE.NFO,07/01/2020,09:59:34,3.85,3.65,72000,4.05,12000,0,96000
IDFCFIRSTB30Jan2041CE.NFO,07/01/2020,09:59:39,3.85,3.7,12000,4.1,12000,0,96000
IDFCFIRSTB30Jan2041CE.NFO,07/01/2020,09:59:45,3.85,3.7,12000,4,12000,0,96000
IDFCFIRSTB30Jan2041CE.NFO,07/01/2020,09:59:50,3.85,3.7,12000,4.1,12000,0,96000
IDFCFIRSTB30Jan2041CE.NFO,07/01/2020,09:59:56,3.85,3.65,72000,4.05,12000,0,96000
IDFCFIRSTB30Jan2041CE.NFO,07/01/2020,10:00:01,3.85,3.65,72000,4.1,12000,0,96000
IDFCFIRSTB30Jan2041CE.NFO,07/01/2020,10:00:07,3.85,3.65,72000,4,12000,0,96000
IDFCFIRSTB30Jan2041CE.NFO,07/01/2020,10:00:12,3.85,3.65,12000,4.05,48000,0,96000
IDFCFIRSTB30Jan2041CE.NFO,07/01/2020,10:00:17,3.85,3.6,24000,4.05,48000,0,96000
IDFCFIRSTB30Jan2041CE.NFO,07/01/2020,10:00:23,3.85,3.65,12000,4.05,48000,0,96000
IDFCFIRSTB30Jan2041CE.NFO,07/01/2020,10:00:53,3.85,3.6,24000,4.05,48000,0,96000
IDFCFIRSTB30Jan2041CE.NFO,07/01/2020,10:00:59,3.85,3.65,12000,4.05,48000,0,96000
IDFCFIRSTB30Jan2041CE.NFO,07/01/2020,10:01:11,3.85,3.6,24000,4.05,48000,0,96000
IDFCFIRSTB30Jan2041CE.NFO,07/01/2020,10:01:18,3.85,3.65,12000,4.05,48000,0,96000
IDFCFIRSTB30Jan2041CE.NFO,07/01/2020,10:01:30,3.85,3.6,24000,4.05,48000,0,96000
IDFCFIRSTB30Jan2041CE.NFO,07/01/2020,10:01:36,3.85,3.65,12000,4.05,48000,0,96000
IDFCFIRSTB30Jan2041CE.NFO,07/01/2020,10:01:42,3.85,3.6,24000,4,12000,0,96000
IDFCFIRSTB30Jan2041CE.NFO,07/01/2020,10:01:53,3.85,3.65,12000,4.05,12000,0,96000
IDFCFIRSTB30Jan2041CE.NFO,07/01/2020,10:01:59,3.85,3.65,12000,4,12000,0,96000
IDFCFIRSTB30Jan2041CE.NFO,07/01/2020,10:02:09,3.85,3.6,24000,4,12000,0,96000
IDFCFIRSTB30Jan2041CE.NFO,07/01/2020,10:02:25,3.85,3.65,12000,4,12000,0,96000
IDFCFIRSTB30Jan2041CE.NFO,07/01/2020,10:02:43,3.85,3.6,24000,4,12000,0,96000
IDFCFIRSTB30Jan2041CE.NFO,07/01/2020,10:02:48,3.85,3.65,12000,4,12000,0,96000
IDFCFIRSTB30Jan2041CE.NFO,07/01/2020,10:02:53,3.85,3.65,24000,4.1,12000,0,96000
IDFCFIRSTB30Jan2041CE.NFO,07/01/2020,10:03:27,3.85,3.65,24000,4.1,36000,0,96000
IDFCFIRSTB30Jan2041CE.NFO,07/01/2020,10:03:44,3.85,3.65,24000,4.15,96000,0,96000
IDFCFIRSTB30Jan2041CE.NFO,07/01/2020,10:03:49,3.85,3.65,24000,4,12000,0,96000
IDFCFIRSTB30Jan2041CE.NFO,07/01/2020,10:03:54,3.85,3.6,72000,4,12000,0,96000
IDFCFIRSTB30Jan2041CE.NFO,07/01/2020,10:03:59,3.85,3.65,24000,4,12000,0,96000
IDFCFIRSTB30Jan2041CE.NFO,07/01/2020,10:04:09,3.85,3.65,12000,4,12000,0,96000
IDFCFIRSTB30Jan2041CE.NFO,07/01/2020,10:04:13,3.85,3.65,36000,4,12000,0,96000
IDFCFIRSTB30Jan2041CE.NFO,07/01/2020,10:04:17,3.85,3.6,24000,4,12000,0,96000
IDFCFIRSTB30Jan2041CE.NFO,07/01/2020,10:04:26,3.85,3.65,12000,4.05,12000,0,96000
IDFCFIRSTB30Jan2041CE.NFO,07/01/2020,10:04:30,3.85,3.6,24000,4.05,12000,0,96000
IDFCFIRSTB30Jan2041CE.NFO,07/01/2020,10:04:39,3.85,3.65,12000,4.05,12000,0,96000
IDFCFIRSTB30Jan2041CE.NFO,07/01/2020,10:04:58,3.85,3.65,12000,4.05,48000,0,96000
IDFCFIRSTB30Jan2041CE.NFO,07/01/2020,10:05:02,3.85,3.6,24000,4.05,48000,0,96000
IDFCFIRSTB30Jan2041CE.NFO,07/01/2020,10:05:11,3.85,3.65,12000,4.05,48000,0,96000
IDFCFIRSTB30Jan2041CE.NFO,07/01/2020,10:05:34,3.85,3.6,24000,4.05,48000,0,96000
IDFCFIRSTB30Jan2041CE.NFO,07/01/2020,10:05:52,3.85,3.65,36000,4.05,48000,0,96000
IDFCFIRSTB30Jan2041CE.NFO,07/01/2020,10:05:58,3.85,3.65,24000,4.05,48000,0,96000
IDFCFIRSTB30Jan2041CE.NFO,07/01/2020,10:06:08,3.85,3.6,24000,4.05,48000,0,96000
IDFCFIRSTB30Jan2041CE.NFO,07/01/2020,10:06:19,3.85,3.65,12000,4.05,72000,0,96000
IDFCFIRSTB30Jan2041CE.NFO,07/01/2020,10:06:31,3.85,3.65,12000,4.05,48000,0,96000
IDFCFIRSTB30Jan2041CE.NFO,07/01/2020,10:06:58,3.85,3.65,12000,3.95,12000,0,96000
IDFCFIRSTB30Jan2041CE.NFO,07/01/2020,10:07:03,3.85,3.65,12000,4.05,12000,0,96000
IDFCFIRSTB30Jan2041CE.NFO,07/01/2020,10:07:09,3.85,3.65,12000,3.95,12000,0,96000
IDFCFIRSTB30Jan2041CE.NFO,07/01/2020,10:09:36,3.85,3.65,12000,4,12000,0,96000
IDFCFIRSTB30Jan2041CE.NFO,07/01/2020,10:09:40,3.85,3.65,12000,3.95,12000,0,96000
IDFCFIRSTB30Jan2041CE.NFO,07/01/2020,10:11:14,3.85,3.65,12000,4.05,48000,0,96000
IDFCFIRSTB30Jan2041CE.NFO,07/01/2020,10:11:19,3.85,3.7,12000,4.05,48000,0,96000
IDFCFIRSTB30Jan2041CE.NFO,07/01/2020,10:11:25,3.85,3.65,60000,4.05,48000,0,96000
IDFCFIRSTB30Jan2041CE.NFO,07/01/2020,10:12:12,3.85,3.65,60000,3.95,12000,0,96000
IDFCFIRSTB30Jan2041CE.NFO,07/01/2020,10:12:23,3.85,3.65,60000,4.05,12000,0,96000
IDFCFIRSTB30Jan2041CE.NFO,07/01/2020,10:12:46,3.85,3.65,84000,4,12000,0,96000
IDFCFIRSTB30Jan2041CE.NFO,07/01/2020,10:12:56,3.85,3.65,84000,4.05,12000,0,96000
IDFCFIRSTB30Jan2041CE.NFO,07/01/2020,10:13:12,3.85,3.65,12000,4.05,48000,0,96000
IDFCFIRSTB30Jan2041CE.NFO,07/01/2020,10:13:23,3.85,3.6,24000,4.05,48000,0,96000
IDFCFIRSTB30Jan2041CE.NFO,07/01/2020,10:13:28,3.85,3.65,12000,4.05,48000,0,96000
IDFCFIRSTB30Jan2041CE.NFO,07/01/2020,10:13:32,3.85,3.65,24000,4.05,48000,0,96000
IDFCFIRSTB30Jan2041CE.NFO,07/01/2020,10:13:36,3.85,3.6,24000,4.05,48000,0,96000
IDFCFIRSTB30Jan2041CE.NFO,07/01/2020,10:13:41,3.85,3.65,12000,4.05,48000,0,96000
IDFCFIRSTB30Jan2041CE.NFO,07/01/2020,10:13:45,3.85,3.65,24000,4.05,48000,0,96000
IDFCFIRSTB30Jan2041CE.NFO,07/01/2020,10:14:11,3.85,3.65,24000,4.1,12000,0,96000
IDFCFIRSTB30Jan2041CE.NFO,07/01/2020,10:14:27,3.85,3.7,12000,4.05,12000,0,96000
IDFCFIRSTB30Jan2041CE.NFO,07/01/2020,10:14:42,3.85,3.7,36000,4.05,12000,0,96000
IDFCFIRSTB30Jan2041CE.NFO,07/01/2020,10:14:47,3.85,3.7,12000,4.05,12000,0,96000
IDFCFIRSTB30Jan2041CE.NFO,07/01/2020,10:14:52,3.85,3.65,24000,4.05,12000,0,96000
IDFCFIRSTB30Jan2041CE.NFO,07/01/2020,10:14:57,3.85,3.7,12000,4.1,12000,0,96000
IDFCFIRSTB30Jan2041CE.NFO,07/01/2020,10:15:02,3.85,3.65,48000,4,12000,0,96000
IDFCFIRSTB30Jan2041CE.NFO,07/01/2020,10:15:07,3.85,3.65,72000,4.05,12000,0,96000
IDFCFIRSTB30Jan2041CE.NFO,07/01/2020,10:15:12,3.85,3.7,12000,4.05,12000,0,96000
IDFCFIRSTB30Jan2041CE.NFO,07/01/2020,10:15:32,3.85,3.65,72000,4.05,12000,0,96000
IDFCFIRSTB30Jan2041CE.NFO,07/01/2020,10:15:36,3.85,3.7,12000,4.05,12000,0,96000
IDFCFIRSTB30Jan2041CE.NFO,07/01/2020,10:15:41,3.85,3.65,72000,4.05,12000,0,96000
IDFCFIRSTB30Jan2041CE.NFO,07/01/2020,10:15:47,3.85,3.7,36000,4.05,12000,0,96000
IDFCFIRSTB30Jan2041CE.NFO,07/01/2020,10:15:53,3.85,3.65,12000,4.05,48000,0,96000
IDFCFIRSTB30Jan2041CE.NFO,07/01/2020,10:15:59,3.85,3.65,24000,4.05,12000,0,96000
IDFCFIRSTB30Jan2041CE.NFO,07/01/2020,10:16:30,3.85,3.7,12000,4.05,12000,0,96000
IDFCFIRSTB30Jan2041CE.NFO,07/01/2020,10:16:35,3.85,3.65,24000,4.05,12000,0,96000
IDFCFIRSTB30Jan2041CE.NFO,07/01/2020,10:16:55,3.85,3.7,12000,4.05,12000,0,96000
IDFCFIRSTB30Jan2041CE.NFO,07/01/2020,10:17:03,3.85,3.65,24000,4.05,12000,0,96000
IDFCFIRSTB30Jan2041CE.NFO,07/01/2020,10:17:20,3.85,3.65,12000,4,12000,0,96000
IDFCFIRSTB30Jan2041CE.NFO,07/01/2020,10:17:24,3.85,3.65,36000,4,12000,0,96000
IDFCFIRSTB30Jan2041CE.NFO,07/01/2020,10:17:28,3.85,3.65,12000,4.15,168000,0,96000
IDFCFIRSTB30Jan2041CE.NFO,07/01/2020,10:17:33,3.85,3.6,24000,4.15,168000,0,96000
IDFCFIRSTB30Jan2041CE.NFO,07/01/2020,10:17:38,3.85,3.65,12000,4,12000,0,96000
IDFCFIRSTB30Jan2041CE.NFO,07/01/2020,10:17:43,3.85,3.6,24000,4,12000,0,96000
IDFCFIRSTB30Jan2041CE.NFO,07/01/2020,10:17:48,3.85,3.65,12000,4,12000,0,96000
IDFCFIRSTB30Jan2041CE.NFO,07/01/2020,10:17:53,3.85,3.65,24000,4.05,12000,0,96000
IDFCFIRSTB30Jan2041CE.NFO,07/01/2020,10:17:58,3.85,3.7,12000,4.05,12000,0,96000
IDFCFIRSTB30Jan2041CE.NFO,07/01/2020,10:19:15,3.85,3.7,12000,4,12000,0,96000
IDFCFIRSTB30Jan2041CE.NFO,07/01/2020,10:19:25,3.85,3.7,12000,4.1,12000,0,96000
IDFCFIRSTB30Jan2041CE.NFO,07/01/2020,10:19:29,3.85,3.65,72000,4.1,12000,0,96000
IDFCFIRSTB30Jan2041CE.NFO,07/01/2020,10:19:32,3.85,3.7,12000,4,12000,0,96000
IDFCFIRSTB30Jan2041CE.NFO,07/01/2020,10:19:39,3.85,3.65,72000,4.1,48000,0,96000
IDFCFIRSTB30Jan2041CE.NFO,07/01/2020,10:19:50,3.85,3.7,12000,4.1,48000,0,96000
IDFCFIRSTB30Jan2041CE.NFO,07/01/2020,10:20:03,3.85,3.65,72000,4.1,48000,0,96000
IDFCFIRSTB30Jan2041CE.NFO,07/01/2020,10:20:07,3.85,3.7,12000,4.05,12000,0,96000
IDFCFIRSTB30Jan2041CE.NFO,07/01/2020,10:20:10,3.85,3.65,72000,4.05,12000,0,96000
IDFCFIRSTB30Jan2041CE.NFO,07/01/2020,10:20:15,3.85,3.7,12000,4.05,12000,0,96000
IDFCFIRSTB30Jan2041CE.NFO,07/01/2020,10:20:25,3.85,3.7,36000,4.05,12000,0,96000
IDFCFIRSTB30Jan2041CE.NFO,07/01/2020,10:20:29,3.85,3.7,12000,4.05,12000,0,96000
IDFCFIRSTB30Jan2041CE.NFO,07/01/2020,10:20:33,3.85,3.65,72000,4.05,12000,0,96000
IDFCFIRSTB30Jan2041CE.NFO,07/01/2020,10:20:41,3.85,3.7,12000,4.05,12000,0,96000
IDFCFIRSTB30Jan2041CE.NFO,07/01/2020,10:20:54,3.85,3.65,72000,4.05,12000,0,96000
IDFCFIRSTB30Jan2041CE.NFO,07/01/2020,10:20:57,3.85,3.7,12000,4.05,12000,0,96000
IDFCFIRSTB30Jan2041CE.NFO,07/01/2020,10:21:01,3.85,3.7,36000,4.05,12000,0,96000
IDFCFIRSTB30Jan2041CE.NFO,07/01/2020,10:21:05,3.85,3.7,12000,4.05,12000,0,96000
IDFCFIRSTB30Jan2041CE.NFO,07/01/2020,10:21:09,3.85,3.65,72000,4.05,12000,0,96000
IDFCFIRSTB30Jan2041CE.NFO,07/01/2020,10:21:17,3.85,3.7,12000,4.05,12000,0,96000
IDFCFIRSTB30Jan2041CE.NFO,07/01/2020,10:21:21,3.85,3.65,72000,4.05,12000,0,96000
IDFCFIRSTB30Jan2041CE.NFO,07/01/2020,10:21:29,3.85,3.7,36000,4.05,12000,0,96000
IDFCFIRSTB30Jan2041CE.NFO,07/01/2020,10:21:32,3.85,3.7,12000,4.05,12000,0,96000
IDFCFIRSTB30Jan2041CE.NFO,07/01/2020,10:21:41,3.85,3.7,36000,4.05,12000,0,96000
IDFCFIRSTB30Jan2041CE.NFO,07/01/2020,10:21:46,3.85,3.7,12000,4.05,12000,0,96000
IDFCFIRSTB30Jan2041CE.NFO,07/01/2020,10:21:52,3.85,3.65,72000,4.05,12000,0,96000
IDFCFIRSTB30Jan2041CE.NFO,07/01/2020,10:21:56,3.85,3.7,12000,4.05,12000,0,96000
IDFCFIRSTB30Jan2041CE.NFO,07/01/2020,10:22:02,3.85,3.65,72000,4.05,12000,0,96000
IDFCFIRSTB30Jan2041CE.NFO,07/01/2020,10:22:17,3.85,3.7,12000,4.05,12000,0,96000
IDFCFIRSTB30Jan2041CE.NFO,07/01/2020,10:22:30,3.85,3.7,36000,4.05,12000,0,96000
IDFCFIRSTB30Jan2041CE.NFO,07/01/2020,10:22:37,3.85,3.65,72000,4.15,96000,0,96000
IDFCFIRSTB30Jan2041CE.NFO,07/01/2020,10:22:40,3.85,3.65,72000,4.05,12000,0,96000
IDFCFIRSTB30Jan2041CE.NFO,07/01/2020,10:22:46,3.85,3.65,24000,4.05,12000,0,96000
IDFCFIRSTB30Jan2041CE.NFO,07/01/2020,10:22:56,3.85,3.65,24000,4,12000,0,96000
IDFCFIRSTB30Jan2041CE.NFO,07/01/2020,10:23:23,3.85,3.65,24000,4.05,12000,0,96000
IDFCFIRSTB30Jan2041CE.NFO,07/01/2020,10:23:27,3.85,3.65,24000,4,12000,0,96000
IDFCFIRSTB30Jan2041CE.NFO,07/01/2020,10:24:06,3.85,3.65,24000,4.05,12000,0,96000
IDFCFIRSTB30Jan2041CE.NFO,07/01/2020,10:24:24,3.85,3.65,24000,4,12000,0,96000
IDFCFIRSTB30Jan2041CE.NFO,07/01/2020,10:25:07,3.85,3.55,24000,4,84000,0,96000
IDFCFIRSTB30Jan2041CE.NFO,07/01/2020,10:25:10,3.85,3.55,72000,3.95,12000,0,96000
IDFCFIRSTB30Jan2041CE.NFO,07/01/2020,10:25:13,3.85,3.55,72000,3.9,12000,0,96000
IDFCFIRSTB30Jan2041CE.NFO,07/01/2020,10:25:16,3.85,3.55,48000,3.9,12000,0,96000
IDFCFIRSTB30Jan2041CE.NFO,07/01/2020,10:25:28,3.85,3.55,72000,3.9,12000,0,96000
IDFCFIRSTB30Jan2041CE.NFO,07/01/2020,10:25:37,3.85,3.55,48000,3.9,12000,0,96000
IDFCFIRSTB30Jan2041CE.NFO,07/01/2020,10:25:42,3.85,3.55,72000,3.9,12000,0,96000
IDFCFIRSTB30Jan2041CE.NFO,07/01/2020,10:25:53,3.85,3.55,48000,3.95,96000,0,96000
IDFCFIRSTB30Jan2041CE.NFO,07/01/2020,10:27:01,3.85,3.55,48000,3.95,48000,0,96000
IDFCFIRSTB30Jan2041CE.NFO,07/01/2020,10:27:46,3.85,3.55,48000,3.95,12000,0,96000
IDFCFIRSTB30Jan2041CE.NFO,07/01/2020,10:27:50,3.85,3.55,48000,3.85,12000,0,96000
IDFCFIRSTB30Jan2041CE.NFO,07/01/2020,10:27:59,3.85,3.55,72000,3.95,48000,0,96000
IDFCFIRSTB30Jan2041CE.NFO,07/01/2020,10:28:02,3.85,3.55,48000,3.95,48000,0,96000
IDFCFIRSTB30Jan2041CE.NFO,07/01/2020,10:28:05,3.85,3.55,72000,3.95,48000,0,96000
IDFCFIRSTB30Jan2041CE.NFO,07/01/2020,10:29:23,3.85,3.55,48000,3.95,48000,0,96000
IDFCFIRSTB30Jan2041CE.NFO,07/01/2020,10:29:30,3.85,3.55,72000,3.95,48000,0,96000
IDFCFIRSTB30Jan2041CE.NFO,07/01/2020,10:29:45,3.85,3.55,48000,3.95,48000,0,96000
IDFCFIRSTB30Jan2041CE.NFO,07/01/2020,10:29:57,3.85,3.55,72000,3.95,48000,0,96000
IDFCFIRSTB30Jan2041CE.NFO,07/01/2020,10:30:42,3.85,3.55,72000,3.95,12000,0,96000
IDFCFIRSTB30Jan2041CE.NFO,07/01/2020,10:30:49,3.85,3.55,72000,3.85,12000,0,96000
IDFCFIRSTB30Jan2041CE.NFO,07/01/2020,10:30:53,3.85,3.55,72000,3.95,48000,0,96000
IDFCFIRSTB30Jan2041CE.NFO,07/01/2020,10:31:27,3.85,3.55,48000,3.95,48000,0,96000
IDFCFIRSTB30Jan2041CE.NFO,07/01/2020,10:33:26,3.85,3.55,48000,3.85,12000,0,96000
IDFCFIRSTB30Jan2041CE.NFO,07/01/2020,10:33:32,3.85,3.55,48000,3.95,12000,0,96000
IDFCFIRSTB30Jan2041CE.NFO,07/01/2020,10:33:35,3.85,3.55,48000,3.85,12000,0,96000
IDFCFIRSTB30Jan2041CE.NFO,07/01/2020,10:36:03,3.85,3.55,48000,3.95,12000,0,96000
IDFCFIRSTB30Jan2041CE.NFO,07/01/2020,10:36:11,3.85,3.55,48000,3.85,12000,0,96000
IDFCFIRSTB30Jan2041CE.NFO,07/01/2020,10:36:53,3.85,3.55,48000,3.95,48000,0,96000
IDFCFIRSTB30Jan2041CE.NFO,07/01/2020,10:37:29,3.85,3.55,36000,3.95,36000,0,96000
IDFCFIRSTB30Jan2041CE.NFO,07/01/2020,10:38:36,3.85,3.55,36000,3.95,12000,0,96000
IDFCFIRSTB30Jan2041CE.NFO,07/01/2020,10:38:53,3.85,3.55,36000,4,12000,0,96000
IDFCFIRSTB30Jan2041CE.NFO,07/01/2020,10:39:04,3.85,3.55,36000,4.05,132000,0,96000
IDFCFIRSTB30Jan2041CE.NFO,07/01/2020,10:39:09,3.85,3.55,36000,4,132000,0,96000
IDFCFIRSTB30Jan2041CE.NFO,07/01/2020,10:39:24,3.85,3.55,36000,4,36000,0,96000
IDFCFIRSTB30Jan2041CE.NFO,07/01/2020,10:39:32,3.85,3.55,36000,4,132000,0,96000
IDFCFIRSTB30Jan2041CE.NFO,07/01/2020,10:40:12,3.85,3.55,36000,4,36000,0,96000
IDFCFIRSTB30Jan2041CE.NFO,07/01/2020,10:40:16,3.85,3.55,36000,4,132000,0,96000
IDFCFIRSTB30Jan2041CE.NFO,07/01/2020,10:40:52,3.85,3.55,36000,4,36000,0,96000
IDFCFIRSTB30Jan2041CE.NFO,07/01/2020,10:41:23,3.85,3.5,48000,4.05,96000,0,96000
IDFCFIRSTB30Jan2041CE.NFO,07/01/2020,10:41:37,3.85,3.5,48000,4,12000,0,96000
IDFCFIRSTB30Jan2041CE.NFO,07/01/2020,10:42:33,3.85,3.5,48000,4,108000,0,96000
IDFCFIRSTB30Jan2041CE.NFO,07/01/2020,10:43:27,3.85,3.55,12000,3.9,12000,0,96000
IDFCFIRSTB30Jan2041CE.NFO,07/01/2020,10:43:30,3.85,3.55,12000,3.85,12000,0,96000
IDFCFIRSTB30Jan2041CE.NFO,07/01/2020,10:43:34,3.85,3.55,12000,3.95,12000,0,96000
IDFCFIRSTB30Jan2041CE.NFO,07/01/2020,10:43:41,3.85,3.55,12000,3.9,12000,0,96000
IDFCFIRSTB30Jan2041CE.NFO,07/01/2020,10:44:03,3.85,3.55,48000,3.9,12000,0,96000
IDFCFIRSTB30Jan2041CE.NFO,07/01/2020,10:44:07,3.85,3.55,48000,3.85,12000,0,96000
IDFCFIRSTB30Jan2041CE.NFO,07/01/2020,10:45:01,3.85,3.45,24000,3.85,12000,0,96000
IDFCFIRSTB30Jan2041CE.NFO,07/01/2020,10:45:18,3.85,3.45,24000,3.8,36000,0,96000
IDFCFIRSTB30Jan2041CE.NFO,07/01/2020,10:45:21,3.85,3.45,24000,3.8,12000,0,96000
IDFCFIRSTB30Jan2041CE.NFO,07/01/2020,10:46:06,3.85,3.45,24000,3.75,12000,0,96000
IDFCFIRSTB30Jan2041CE.NFO,07/01/2020,10:46:14,3.85,3.45,24000,3.85,12000,0,96000
IDFCFIRSTB30Jan2041CE.NFO,07/01/2020,10:46:22,3.85,3.45,24000,3.75,12000,0,96000
IDFCFIRSTB30Jan2041CE.NFO,07/01/2020,10:46:47,3.85,3.45,24000,3.8,12000,0,96000
IDFCFIRSTB30Jan2041CE.NFO,07/01/2020,10:47:20,3.85,3.55,36000,3.85,12000,0,96000
IDFCFIRSTB30Jan2041CE.NFO,07/01/2020,10:49:10,3.85,3.55,36000,3.95,48000,0,96000
IDFCFIRSTB30Jan2041CE.NFO,07/01/2020,10:49:18,3.85,3.55,36000,3.95,12000,0,96000
IDFCFIRSTB30Jan2041CE.NFO,07/01/2020,10:49:23,3.85,3.55,36000,3.85,12000,0,96000
IDFCFIRSTB30Jan2041CE.NFO,07/01/2020,10:49:26,3.85,3.55,36000,3.95,12000,0,96000
IDFCFIRSTB30Jan2041CE.NFO,07/01/2020,10:49:30,3.85,3.55,36000,3.9,48000,0,96000
IDFCFIRSTB30Jan2041CE.NFO,07/01/2020,10:49:33,3.85,3.55,36000,3.85,36000,0,96000
IDFCFIRSTB30Jan2041CE.NFO,07/01/2020,10:49:40,3.85,3.55,36000,3.95,48000,0,96000
IDFCFIRSTB30Jan2041CE.NFO,07/01/2020,10:49:54,3.85,3.55,36000,3.95,96000,0,96000
IDFCFIRSTB30Jan2041CE.NFO,07/01/2020,10:51:07,3.85,3.45,24000,3.95,144000,0,96000
IDFCFIRSTB30Jan2041CE.NFO,07/01/2020,10:51:26,3.85,3.55,36000,3.95,96000,0,96000
IDFCFIRSTB30Jan2041CE.NFO,07/01/2020,10:51:57,3.85,3.45,24000,3.95,96000,0,96000
IDFCFIRSTB30Jan2041CE.NFO,07/01/2020,10:52:01,3.85,3.45,24000,3.85,12000,0,96000
IDFCFIRSTB30Jan2041CE.NFO,07/01/2020,10:52:08,3.85,3.15,120000,3.75,12000,0,96000
IDFCFIRSTB30Jan2041CE.NFO,07/01/2020,10:53:02,3.85,3.3,120000,3.75,12000,0,96000
IDFCFIRSTB30Jan2041CE.NFO,07/01/2020,10:53:24,3.85,3.3,120000,3.8,48000,0,96000
IDFCFIRSTB30Jan2041CE.NFO,07/01/2020,10:54:33,3.85,3.3,120000,3.75,12000,0,96000
IDFCFIRSTB30Jan2041CE.NFO,07/01/2020,10:54:37,3.85,3.3,120000,3.8,12000,0,96000
IDFCFIRSTB30Jan2041CE.NFO,07/01/2020,10:54:40,3.85,3.3,120000,3.7,12000,0,96000
IDFCFIRSTB30Jan2041CE.NFO,07/01/2020,10:54:48,3.85,3.3,120000,3.75,36000,0,96000
IDFCFIRSTB30Jan2041CE.NFO,07/01/2020,10:54:53,3.85,3.3,120000,3.8,12000,0,96000
IDFCFIRSTB30Jan2041CE.NFO,07/01/2020,10:55:03,3.85,3.3,60000,3.8,12000,0,96000
IDFCFIRSTB30Jan2041CE.NFO,07/01/2020,10:55:28,3.85,1.75,120000,3.6,12000,0,96000
IDFCFIRSTB30Jan2041CE.NFO,07/01/2020,10:55:34,3.85,1.8,276000,3.6,12000,0,96000
IDFCFIRSTB30Jan2041CE.NFO,07/01/2020,10:55:50,3.85,1.8,276000,3.65,12000,0,96000
IDFCFIRSTB30Jan2041CE.NFO,07/01/2020,10:56:53,3.85,1.8,276000,3.8,144000,0,96000
IDFCFIRSTB30Jan2041CE.NFO,07/01/2020,10:57:16,3.85,1.8,276000,3.75,12000,0,96000
IDFCFIRSTB30Jan2041CE.NFO,07/01/2020,10:57:23,3.85,1.8,276000,3.7,48000,0,96000
IDFCFIRSTB30Jan2041CE.NFO,07/01/2020,10:57:30,3.85,1.85,120000,3.7,216000,0,96000
IDFCFIRSTB30Jan2041CE.NFO,07/01/2020,10:57:37,3.85,1.9,276000,3.7,216000,0,96000
IDFCFIRSTB30Jan2041CE.NFO,07/01/2020,10:57:43,3.85,1.9,276000,3.7,144000,0,96000
IDFCFIRSTB30Jan2041CE.NFO,07/01/2020,10:58:27,3.85,1.9,276000,3.7,192000,0,96000
IDFCFIRSTB30Jan2041CE.NFO,07/01/2020,10:58:34,3.85,1.9,276000,3.7,144000,0,96000
IDFCFIRSTB30Jan2041CE.NFO,07/01/2020,10:58:46,3.85,1.9,276000,3.7,216000,0,96000
IDFCFIRSTB30Jan2041CE.NFO,07/01/2020,10:58:52,3.85,1.9,276000,3.7,168000,0,96000
IDFCFIRSTB30Jan2041CE.NFO,07/01/2020,10:59:11,3.85,1.9,276000,3.7,192000,0,96000
IDFCFIRSTB30Jan2041CE.NFO,07/01/2020,10:59:18,3.85,1.9,276000,3.7,216000,0,96000
IDFCFIRSTB30Jan2041CE.NFO,07/01/2020,10:59:53,3.85,1.9,276000,3.6,12000,0,96000
IDFCFIRSTB30Jan2041CE.NFO,07/01/2020,11:00:40,3.85,1.9,276000,3.55,12000,0,96000
IDFCFIRSTB30Jan2041CE.NFO,07/01/2020,11:01:30,3.85,1.9,276000,3.55,60000,0,96000
IDFCFIRSTB30Jan2041CE.NFO,07/01/2020,11:01:46,3.85,1.9,276000,3.55,12000,0,96000
IDFCFIRSTB30Jan2041CE.NFO,07/01/2020,11:02:59,3.85,1.9,276000,3.55,60000,0,96000
IDFCFIRSTB30Jan2041CE.NFO,07/01/2020,11:03:20,3.85,1.9,276000,3.55,132000,0,96000
IDFCFIRSTB30Jan2041CE.NFO,07/01/2020,11:03:39,3.85,1.9,276000,3.55,180000,0,96000
IDFCFIRSTB30Jan2041CE.NFO,07/01/2020,11:03:47,3.85,1.9,276000,3.55,156000,0,96000
IDFCFIRSTB30Jan2041CE.NFO,07/01/2020,11:04:08,3.85,1.9,276000,3.55,180000,0,96000
IDFCFIRSTB30Jan2041CE.NFO,07/01/2020,11:04:14,3.85,1.9,276000,3.55,156000,0,96000
IDFCFIRSTB30Jan2041CE.NFO,07/01/2020,11:04:21,3.85,1.9,276000,3.55,132000,0,96000
IDFCFIRSTB30Jan2041CE.NFO,07/01/2020,11:05:01,3.85,1.9,276000,3.5,12000,0,96000
IDFCFIRSTB30Jan2041CE.NFO,07/01/2020,11:29:26,3.85,1.9,276000,3.5,12000,0,108000
IDFCFIRSTB30Jan2041CE.NFO,07/01/2020,11:32:02,3.85,1.9,276000,3.6,12000,0,108000
IDFCFIRSTB30Jan2041CE.NFO,07/01/2020,11:32:08,3.85,1.9,276000,3.75,144000,0,108000
IDFCFIRSTB30Jan2041CE.NFO,07/01/2020,11:32:13,3.85,1.9,276000,3.7,108000,0,108000
IDFCFIRSTB30Jan2041CE.NFO,07/01/2020,11:32:18,3.85,1.9,276000,3.7,60000,0,108000
IDFCFIRSTB30Jan2041CE.NFO,07/01/2020,11:32:23,3.85,1.9,276000,3.7,24000,0,108000
IDFCFIRSTB30Jan2041CE.NFO,07/01/2020,11:32:32,3.85,1.9,276000,3.65,12000,0,108000
IDFCFIRSTB30Jan2041CE.NFO,07/01/2020,11:33:09,3.85,1.9,276000,3.65,48000,0,108000
IDFCFIRSTB30Jan2041CE.NFO,07/01/2020,11:33:46,3.85,1.9,276000,3.65,12000,0,108000
IDFCFIRSTB30Jan2041CE.NFO,07/01/2020,11:33:56,3.85,1.9,276000,3.7,24000,0,108000
IDFCFIRSTB30Jan2041CE.NFO,07/01/2020,11:34:02,3.85,1.9,276000,3.65,12000,0,108000
IDFCFIRSTB30Jan2041CE.NFO,07/01/2020,11:34:07,3.85,1.9,276000,3.7,24000,0,108000
IDFCFIRSTB30Jan2041CE.NFO,07/01/2020,11:34:14,3.85,1.9,276000,3.65,12000,0,108000
IDFCFIRSTB30Jan2041CE.NFO,07/01/2020,11:34:21,3.85,1.9,276000,3.6,12000,0,108000
IDFCFIRSTB30Jan2041CE.NFO,07/01/2020,11:34:27,3.85,1.9,276000,3.65,12000,0,108000
IDFCFIRSTB30Jan2041CE.NFO,07/01/2020,11:34:33,3.85,1.9,276000,3.6,12000,0,108000
IDFCFIRSTB30Jan2041CE.NFO,07/01/2020,11:34:40,3.85,1.9,276000,3.65,12000,0,108000
IDFCFIRSTB30Jan2041CE.NFO,07/01/2020,11:35:25,3.85,1.9,276000,3.8,96000,0,108000
IDFCFIRSTB30Jan2041CE.NFO,07/01/2020,11:35:31,3.85,1.9,276000,3.8,120000,0,108000
IDFCFIRSTB30Jan2041CE.NFO,07/01/2020,11:35:43,3.85,1.9,276000,3.8,192000,0,108000
IDFCFIRSTB30Jan2041CE.NFO,07/01/2020,11:35:49,3.85,1.9,276000,3.8,120000,0,108000
IDFCFIRSTB30Jan2041CE.NFO,07/01/2020,11:35:54,3.85,1.9,276000,3.8,96000,0,108000
IDFCFIRSTB30Jan2041CE.NFO,07/01/2020,11:36:00,3.85,1.9,276000,3.8,216000,0,108000
IDFCFIRSTB30Jan2041CE.NFO,07/01/2020,11:36:06,3.85,1.9,276000,3.8,192000,0,108000
IDFCFIRSTB30Jan2041CE.NFO,07/01/2020,11:36:45,3.85,1.9,276000,3.8,216000,0,108000
IDFCFIRSTB30Jan2041CE.NFO,07/01/2020,11:36:52,3.85,1.9,276000,3.7,96000,0,108000
IDFCFIRSTB30Jan2041CE.NFO,07/01/2020,11:36:59,3.85,1.9,276000,3.7,168000,0,108000
IDFCFIRSTB30Jan2041CE.NFO,07/01/2020,11:37:04,3.85,1.9,276000,3.7,192000,0,108000
IDFCFIRSTB30Jan2041CE.NFO,07/01/2020,11:37:35,3.85,1.9,276000,3.6,96000,0,108000
IDFCFIRSTB30Jan2041CE.NFO,07/01/2020,11:37:39,3.85,1.9,276000,3.55,12000,0,108000
IDFCFIRSTB30Jan2041CE.NFO,07/01/2020,11:38:48,3.85,1.9,276000,3.5,12000,0,108000
IDFCFIRSTB30Jan2041CE.NFO,07/01/2020,11:38:53,3.85,1.9,276000,3.6,12000,0,108000
IDFCFIRSTB30Jan2041CE.NFO,07/01/2020,11:38:59,3.85,2,120000,3.6,48000,0,108000
IDFCFIRSTB30Jan2041CE.NFO,07/01/2020,11:39:03,3.85,2.05,276000,3.6,48000,0,108000
IDFCFIRSTB30Jan2041CE.NFO,07/01/2020,11:39:24,3.85,2.3,120000,3.6,48000,0,108000
IDFCFIRSTB30Jan2041CE.NFO,07/01/2020,11:39:51,3.85,2.1,120000,3.6,48000,0,108000
IDFCFIRSTB30Jan2041CE.NFO,07/01/2020,11:39:58,3.85,2.15,276000,3.6,48000,0,108000
IDFCFIRSTB30Jan2041CE.NFO,07/01/2020,11:40:09,3.85,2.15,276000,3.6,96000,0,108000
IDFCFIRSTB30Jan2041CE.NFO,07/01/2020,11:40:41,3.85,2.15,276000,3.6,192000,0,108000
IDFCFIRSTB30Jan2041CE.NFO,07/01/2020,11:41:04,3.85,2.15,276000,3.6,168000,0,108000
IDFCFIRSTB30Jan2041CE.NFO,07/01/2020,11:41:11,3.85,2.15,276000,3.6,192000,0,108000
IDFCFIRSTB30Jan2041CE.NFO,07/01/2020,11:41:24,3.85,2.15,276000,3.5,12000,0,108000
IDFCFIRSTB30Jan2041CE.NFO,07/01/2020,11:41:48,3.85,2.15,276000,3.55,12000,0,108000
IDFCFIRSTB30Jan2041CE.NFO,07/01/2020,11:41:52,3.85,2.15,276000,3.5,12000,0,108000
IDFCFIRSTB30Jan2041CE.NFO,07/01/2020,11:44:00,3.85,2.15,276000,3.45,12000,0,108000
IDFCFIRSTB30Jan2041CE.NFO,07/01/2020,11:44:03,3.85,2.15,276000,3.55,12000,0,108000
IDFCFIRSTB30Jan2041CE.NFO,07/01/2020,11:44:06,3.85,2.15,276000,3.45,12000,0,108000
IDFCFIRSTB30Jan2041CE.NFO,07/01/2020,11:44:12,3.85,2.15,276000,3.55,12000,0,108000
IDFCFIRSTB30Jan2041CE.NFO,07/01/2020,11:44:23,3.85,2.15,276000,3.55,156000,0,108000
IDFCFIRSTB30Jan2041CE.NFO,07/01/2020,11:44:45,3.85,2.15,276000,3.55,36000,0,108000
IDFCFIRSTB30Jan2041CE.NFO,07/01/2020,11:44:53,3.85,2.15,276000,3.55,12000,0,108000
IDFCFIRSTB30Jan2041CE.NFO,07/01/2020,11:44:58,3.85,2.15,276000,3.55,36000,0,108000
IDFCFIRSTB30Jan2041CE.NFO,07/01/2020,11:45:05,3.85,2.15,276000,3.55,156000,0,108000
IDFCFIRSTB30Jan2041CE.NFO,07/01/2020,11:46:45,3.85,2.15,276000,3.5,12000,0,108000
IDFCFIRSTB30Jan2041CE.NFO,07/01/2020,11:50:26,3.85,1.3,120000,3.5,12000,0,108000
IDFCFIRSTB30Jan2041CE.NFO,07/01/2020,11:50:30,3.85,1.35,276000,3.5,12000,0,108000
IDFCFIRSTB30Jan2041CE.NFO,07/01/2020,11:53:59,3.85,1.35,276000,3.55,180000,0,108000
IDFCFIRSTB30Jan2041CE.NFO,07/01/2020,11:54:08,3.85,1.35,276000,3.55,156000,0,108000
IDFCFIRSTB30Jan2041CE.NFO,07/01/2020,11:54:46,3.85,1.35,276000,3.55,180000,0,108000
IDFCFIRSTB30Jan2041CE.NFO,07/01/2020,11:56:29,3.85,1.35,276000,3.5,12000,0,108000
IDFCFIRSTB30Jan2041CE.NFO,07/01/2020,12:11:01,3.85,1.35,276000,3.55,24000,0,108000
IDFCFIRSTB30Jan2041CE.NFO,07/01/2020,12:11:04,3.85,1.35,276000,3.55,168000,0,108000
IDFCFIRSTB30Jan2041CE.NFO,07/01/2020,12:11:32,3.85,1.35,276000,3.55,72000,0,108000
IDFCFIRSTB30Jan2041CE.NFO,07/01/2020,12:11:37,3.85,1.35,276000,3.55,24000,0,108000
IDFCFIRSTB30Jan2041CE.NFO,07/01/2020,12:12:11,3.85,1.35,276000,3.55,72000,0,108000
IDFCFIRSTB30Jan2041CE.NFO,07/01/2020,12:12:16,3.85,1.35,276000,3.55,168000,0,108000
IDFCFIRSTB30Jan2041CE.NFO,07/01/2020,12:12:24,3.85,1.35,276000,3.55,72000,0,108000
IDFCFIRSTB30Jan2041CE.NFO,07/01/2020,12:12:47,3.85,1.35,276000,3.55,168000,0,108000
IDFCFIRSTB30Jan2041CE.NFO,07/01/2020,12:12:55,3.85,1.35,276000,3.55,72000,0,108000
IDFCFIRSTB30Jan2041CE.NFO,07/01/2020,12:13:00,3.85,1.35,276000,3.55,168000,0,108000
IDFCFIRSTB30Jan2041CE.NFO,07/01/2020,12:13:08,3.85,1.35,276000,3.55,72000,0,108000
IDFCFIRSTB30Jan2041CE.NFO,07/01/2020,12:13:29,3.85,1.35,276000,3.55,168000,0,108000
IDFCFIRSTB30Jan2041CE.NFO,07/01/2020,12:13:52,3.85,1.35,276000,3.55,72000,0,108000
IDFCFIRSTB30Jan2041CE.NFO,07/01/2020,12:13:56,3.85,1.35,276000,3.55,144000,0,108000
IDFCFIRSTB30Jan2041CE.NFO,07/01/2020,12:13:59,3.85,1.35,276000,3.55,168000,0,108000
IDFCFIRSTB30Jan2041CE.NFO,07/01/2020,12:15:01,3.85,1.35,276000,3.55,24000,0,108000
IDFCFIRSTB30Jan2041CE.NFO,07/01/2020,12:15:10,3.85,1.35,276000,3.55,96000,0,108000
IDFCFIRSTB30Jan2041CE.NFO,07/01/2020,12:15:14,3.85,1.35,276000,3.55,168000,0,108000
IDFCFIRSTB30Jan2041CE.NFO,07/01/2020,12:15:56,3.85,1.35,276000,3.55,24000,0,108000
IDFCFIRSTB30Jan2041CE.NFO,07/01/2020,12:17:22,3.85,1.35,276000,3.55,168000,0,108000
IDFCFIRSTB30Jan2041CE.NFO,07/01/2020,12:17:41,3.85,1.35,276000,3.55,24000,0,108000
IDFCFIRSTB30Jan2041CE.NFO,07/01/2020,12:17:43,3.85,1.35,276000,3.55,120000,0,108000
IDFCFIRSTB30Jan2041CE.NFO,07/01/2020,12:17:45,3.85,1.35,276000,3.55,168000,0,108000
IDFCFIRSTB30Jan2041CE.NFO,07/01/2020,12:19:04,3.85,1.35,276000,3.55,24000,0,108000
IDFCFIRSTB30Jan2041CE.NFO,07/01/2020,12:25:12,3.85,1.35,276000,3.55,72000,0,108000
IDFCFIRSTB30Jan2041CE.NFO,07/01/2020,12:25:42,3.85,1.35,276000,3.55,24000,0,108000
IDFCFIRSTB30Jan2041CE.NFO,07/01/2020,12:25:59,3.85,1.35,276000,3.55,72000,0,108000
IDFCFIRSTB30Jan2041CE.NFO,07/01/2020,12:26:09,3.85,1.35,276000,3.55,24000,0,108000
IDFCFIRSTB30Jan2041CE.NFO,07/01/2020,12:26:59,3.85,1.35,276000,3.55,48000,0,108000
IDFCFIRSTB30Jan2041CE.NFO,07/01/2020,12:27:03,3.85,1.35,276000,3.55,24000,0,108000
IDFCFIRSTB30Jan2041CE.NFO,07/01/2020,12:30:04,3.85,1.35,276000,3.55,168000,0,108000
IDFCFIRSTB30Jan2041CE.NFO,07/01/2020,12:30:10,3.85,1.35,276000,3.55,48000,0,108000
IDFCFIRSTB30Jan2041CE.NFO,07/01/2020,12:30:16,3.85,1.35,276000,3.55,24000,0,108000
IDFCFIRSTB30Jan2041CE.NFO,07/01/2020,12:30:40,3.85,1.35,276000,3.55,168000,0,108000
IDFCFIRSTB30Jan2041CE.NFO,07/01/2020,12:30:44,3.85,1.35,276000,3.55,24000,0,108000
IDFCFIRSTB30Jan2041CE.NFO,07/01/2020,12:33:00,3.85,1.35,276000,3.55,168000,0,108000
IDFCFIRSTB30Jan2041CE.NFO,07/01/2020,12:34:00,3.85,1.35,276000,3.55,192000,0,108000
IDFCFIRSTB30Jan2041CE.NFO,07/01/2020,12:34:35,3.85,1.35,276000,3.55,168000,0,108000
IDFCFIRSTB30Jan2041CE.NFO,07/01/2020,12:34:43,3.85,1.35,276000,3.55,192000,0,108000
IDFCFIRSTB30Jan2041CE.NFO,07/01/2020,12:35:23,3.85,1.35,276000,3.55,168000,0,108000
IDFCFIRSTB30Jan2041CE.NFO,07/01/2020,12:35:45,3.85,1.35,276000,3.55,192000,0,108000
IDFCFIRSTB30Jan2041CE.NFO,07/01/2020,12:35:55,3.85,1.35,276000,3.55,168000,0,108000
IDFCFIRSTB30Jan2041CE.NFO,07/01/2020,12:36:17,3.85,1.35,276000,3.55,192000,0,108000
IDFCFIRSTB30Jan2041CE.NFO,07/01/2020,12:36:55,3.85,1.35,276000,3.55,168000,0,108000
IDFCFIRSTB30Jan2041CE.NFO,07/01/2020,12:46:25,3.85,1.35,276000,3.55,24000,0,108000
IDFCFIRSTB30Jan2041CE.NFO,07/01/2020,12:56:09,3.85,1.35,276000,3.55,168000,0,108000
IDFCFIRSTB30Jan2041CE.NFO,07/01/2020,12:57:45,3.85,1.35,276000,3.55,192000,0,108000
IDFCFIRSTB30Jan2041CE.NFO,07/01/2020,12:59:40,3.85,1.35,276000,3.55,180000,0,108000
IDFCFIRSTB30Jan2041CE.NFO,07/01/2020,13:03:32,3.85,1.5,120000,3.55,180000,0,108000
IDFCFIRSTB30Jan2041CE.NFO,07/01/2020,13:03:36,3.85,1.55,276000,3.55,180000,0,108000
IDFCFIRSTB30Jan2041CE.NFO,07/01/2020,13:08:58,3.85,1.55,276000,3.5,12000,0,108000
IDFCFIRSTB30Jan2041CE.NFO,07/01/2020,13:50:10,3.85,2.85,120000,3.5,12000,0,108000
IDFCFIRSTB30Jan2041CE.NFO,07/01/2020,13:51:53,3.85,2.85,84000,3.5,12000,0,108000
IDFCFIRSTB30Jan2041CE.NFO,07/01/2020,13:53:16,3.85,2.85,48000,3.5,12000,0,108000
IDFCFIRSTB30Jan2041CE.NFO,07/01/2020,13:53:42,3.85,2.85,36000,3.5,12000,0,108000
IDFCFIRSTB30Jan2041CE.NFO,07/01/2020,13:53:50,3.85,1.6,120000,3.5,12000,0,108000
IDFCFIRSTB30Jan2041CE.NFO,07/01/2020,13:53:57,3.85,1.65,276000,3.5,12000,0,108000
IDFCFIRSTB30Jan2041CE.NFO,07/01/2020,14:00:40,3.85,2.8,36000,3.5,12000,0,108000
IDFCFIRSTB30Jan2041CE.NFO,07/01/2020,14:00:47,3.85,2.8,24000,3.5,12000,0,108000
IDFCFIRSTB30Jan2041CE.NFO,07/01/2020,14:02:11,3.85,2.8,12000,3.5,12000,0,108000
IDFCFIRSTB30Jan2041CE.NFO,07/01/2020,14:10:00,3.85,2.8,36000,3.5,12000,0,108000
IDFCFIRSTB30Jan2041CE.NFO,07/01/2020,14:12:08,3.85,2.85,36000,3.5,12000,0,108000
IDFCFIRSTB30Jan2041CE.NFO,07/01/2020,14:12:20,3.85,2.85,24000,3.5,12000,0,108000
IDFCFIRSTB30Jan2041CE.NFO,07/01/2020,14:12:24,3.85,2.85,12000,3.5,12000,0,108000
IDFCFIRSTB30Jan2041CE.NFO,07/01/2020,14:19:53,3.85,2.85,36000,3.5,12000,0,108000
IDFCFIRSTB30Jan2041CE.NFO,07/01/2020,14:22:29,3.85,2.9,24000,3.5,12000,0,108000
IDFCFIRSTB30Jan2041CE.NFO,07/01/2020,14:24:29,3.85,2.85,24000,3.5,12000,0,108000
IDFCFIRSTB30Jan2041CE.NFO,07/01/2020,14:24:51,3.85,2.85,36000,3.5,12000,0,108000
IDFCFIRSTB30Jan2041CE.NFO,07/01/2020,14:25:00,3.85,2.8,24000,3.5,12000,0,108000
IDFCFIRSTB30Jan2041CE.NFO,07/01/2020,14:30:25,3.85,2.85,12000,3.5,12000,0,108000
IDFCFIRSTB30Jan2041CE.NFO,07/01/2020,14:33:33,3.85,2.85,72000,3.5,12000,0,108000
IDFCFIRSTB30Jan2041CE.NFO,07/01/2020,14:46:00,3.85,2.85,24000,3.5,12000,0,108000
IDFCFIRSTB30Jan2041CE.NFO,07/01/2020,14:50:24,3.85,2.85,12000,3.5,12000,0,108000
IDFCFIRSTB30Jan2041CE.NFO,07/01/2020,14:57:32,3.85,2.8,24000,3.5,12000,0,108000
IDFCFIRSTB30Jan2041CE.NFO,07/01/2020,14:58:43,3.85,2.85,12000,3.5,12000,0,108000
IDFCFIRSTB30Jan2041CE.NFO,07/01/2020,14:59:08,3.85,2.8,24000,3.5,12000,0,108000
IDFCFIRSTB30Jan2041CE.NFO,07/01/2020,14:59:44,3.85,2.85,48000,3.5,12000,0,108000
IDFCFIRSTB30Jan2041CE.NFO,07/01/2020,15:03:57,3.85,2.85,36000,3.5,12000,0,108000
IDFCFIRSTB30Jan2041CE.NFO,07/01/2020,15:29:42,3.85,2.85,36000,3.55,12000,0,108000
IDFCFIRSTB30Jan2041CE.NFO,07/01/2020,15:29:49,3.85,1.75,276000,3.55,12000,0,108000
IDFCFIRSTB30Jan2041CE.NFO,07/01/2020,15:29:56,3.85,3.05,60000,3.55,12000,0,108000
