Ticker,Date,Time,LTP,BuyPrice,BuyQty,SellPrice,SellQty,LTQ,OpenInterest
IGL30Jan20425PE.NFO,07/01/2020,09:22:08,15.2,14.85,2750,15.9,2750,2750,41250
IGL30Jan20425PE.NFO,07/01/2020,09:22:08,15.2,14.85,2750,15.9,2750,0,41250
IGL30Jan20425PE.NFO,07/01/2020,09:22:08,15.2,14.85,2750,15.9,2750,0,41250
IGL30Jan20425PE.NFO,07/01/2020,09:22:08,15.2,14.85,2750,15.9,2750,0,41250
IGL30Jan20425PE.NFO,07/01/2020,09:22:15,15.2,14.85,2750,16.3,2750,0,41250
IGL30Jan20425PE.NFO,07/01/2020,09:22:29,15.2,14.85,2750,16.35,2750,0,41250
IGL30Jan20425PE.NFO,07/01/2020,09:22:36,15.2,14.85,2750,16.3,8250,0,41250
IGL30Jan20425PE.NFO,07/01/2020,09:22:42,15.2,14.85,2750,16.4,2750,0,41250
IGL30Jan20425PE.NFO,07/01/2020,09:22:48,15.2,14.85,2750,16.35,2750,0,41250
IGL30Jan20425PE.NFO,07/01/2020,09:22:55,15.2,14.85,8250,16.4,2750,0,41250
IGL30Jan20425PE.NFO,07/01/2020,09:23:01,15.2,14.85,8250,16.25,5500,0,41250
IGL30Jan20425PE.NFO,07/01/2020,09:23:07,15.2,14.85,2750,16.25,5500,0,41250
IGL30Jan20425PE.NFO,07/01/2020,09:23:18,15.2,14.85,8250,16.25,5500,0,41250
IGL30Jan20425PE.NFO,07/01/2020,09:23:37,15.2,15.05,2750,16.15,5500,0,41250
IGL30Jan20425PE.NFO,07/01/2020,09:23:43,15.2,14.95,2750,15.8,2750,0,41250
IGL30Jan20425PE.NFO,07/01/2020,09:23:49,15.2,15.05,2750,15.8,2750,0,41250
IGL30Jan20425PE.NFO,07/01/2020,09:23:55,15.2,15.05,2750,15.75,5500,0,41250
IGL30Jan20425PE.NFO,07/01/2020,09:24:13,15.2,15.05,2750,15.75,8250,0,41250
IGL30Jan20425PE.NFO,07/01/2020,09:24:18,15.2,15.05,2750,15.7,2750,0,41250
IGL30Jan20425PE.NFO,07/01/2020,09:24:36,15.2,15.05,2750,15.75,8250,0,41250
IGL30Jan20425PE.NFO,07/01/2020,09:24:41,15.2,15.05,2750,15.75,2750,0,41250
IGL30Jan20425PE.NFO,07/01/2020,09:24:46,15.2,15.05,8250,15.75,2750,0,41250
IGL30Jan20425PE.NFO,07/01/2020,09:24:52,15.2,15.15,11000,16.1,2750,0,41250
IGL30Jan20425PE.NFO,07/01/2020,09:24:57,15.2,15.15,11000,16.15,2750,0,41250
IGL30Jan20425PE.NFO,07/01/2020,09:25:03,15.2,15.2,2750,16,5500,0,41250
IGL30Jan20425PE.NFO,07/01/2020,09:25:48,15.2,15.2,2750,16,8250,0,41250
IGL30Jan20425PE.NFO,07/01/2020,09:26:02,15.2,15.2,2750,16,11000,0,41250
IGL30Jan20425PE.NFO,07/01/2020,09:26:09,15.2,15.2,2750,15.95,2750,0,41250
IGL30Jan20425PE.NFO,07/01/2020,09:26:15,15.2,15.2,2750,15.95,5500,0,41250
IGL30Jan20425PE.NFO,07/01/2020,09:26:27,15.2,15.1,2750,15.85,2750,0,41250
IGL30Jan20425PE.NFO,07/01/2020,09:26:33,15.2,15,5500,15.85,5500,0,41250
IGL30Jan20425PE.NFO,07/01/2020,09:26:39,15.2,15,5500,15.75,2750,0,41250
IGL30Jan20425PE.NFO,07/01/2020,09:26:56,15.2,15,2750,15.75,2750,0,41250
IGL30Jan20425PE.NFO,07/01/2020,09:27:07,15.2,15,11000,15.75,2750,0,41250
IGL30Jan20425PE.NFO,07/01/2020,09:27:36,15.2,15,2750,15.75,2750,0,41250
IGL30Jan20425PE.NFO,07/01/2020,09:27:41,15.2,15.15,2750,16,5500,0,41250
IGL30Jan20425PE.NFO,07/01/2020,09:27:47,15.2,15.1,5500,16,5500,0,41250
IGL30Jan20425PE.NFO,07/01/2020,09:27:54,15.2,15.05,2750,15.9,5500,0,41250
IGL30Jan20425PE.NFO,07/01/2020,09:28:08,15.2,15,2750,15.7,2750,0,41250
IGL30Jan20425PE.NFO,07/01/2020,09:28:31,15.2,14.95,2750,15.7,2750,0,41250
IGL30Jan20425PE.NFO,07/01/2020,09:28:37,15.2,14.95,2750,15.6,5500,0,41250
IGL30Jan20425PE.NFO,07/01/2020,09:28:47,15.2,14.95,2750,15.55,2750,0,41250
IGL30Jan20425PE.NFO,07/01/2020,09:28:58,15.2,14.9,2750,15.55,2750,0,41250
IGL30Jan20425PE.NFO,07/01/2020,09:29:09,15.2,14.85,2750,15.55,2750,0,41250
IGL30Jan20425PE.NFO,07/01/2020,09:29:26,15.2,14.95,2750,15.55,2750,0,41250
IGL30Jan20425PE.NFO,07/01/2020,09:29:31,15.2,15,2750,15.6,2750,0,41250
IGL30Jan20425PE.NFO,07/01/2020,09:29:37,15.2,14.9,11000,15.7,2750,0,41250
IGL30Jan20425PE.NFO,07/01/2020,09:29:42,15.2,15,2750,15.6,2750,0,41250
IGL30Jan20425PE.NFO,07/01/2020,09:29:47,15.2,14.95,8250,15.6,2750,0,41250
IGL30Jan20425PE.NFO,07/01/2020,09:29:56,15.2,15,2750,15.6,2750,0,41250
IGL30Jan20425PE.NFO,07/01/2020,09:30:05,15.2,15,2750,15.55,2750,0,41250
IGL30Jan20425PE.NFO,07/01/2020,09:30:30,15.2,14.95,2750,15.55,2750,0,41250
IGL30Jan20425PE.NFO,07/01/2020,09:30:40,15.2,15.05,2750,15.55,2750,0,41250
IGL30Jan20425PE.NFO,07/01/2020,09:30:50,15.2,15.1,2750,15.55,2750,0,41250
IGL30Jan20425PE.NFO,07/01/2020,09:31:05,15.2,15.1,2750,15.6,2750,0,41250
IGL30Jan20425PE.NFO,07/01/2020,09:31:12,15.2,15.1,2750,15.7,2750,0,41250
IGL30Jan20425PE.NFO,07/01/2020,09:31:18,15.2,15.1,2750,15.7,5500,0,41250
IGL30Jan20425PE.NFO,07/01/2020,09:31:24,15.2,15.1,2750,15.75,2750,0,41250
IGL30Jan20425PE.NFO,07/01/2020,09:31:30,15.2,15.25,2750,15.85,2750,0,41250
IGL30Jan20425PE.NFO,07/01/2020,09:31:40,15.2,15.2,2750,15.95,2750,0,41250
IGL30Jan20425PE.NFO,07/01/2020,09:31:46,15.2,15.45,2750,16.05,2750,0,41250
IGL30Jan20425PE.NFO,07/01/2020,09:31:52,15.2,15.3,2750,15.95,2750,0,41250
IGL30Jan20425PE.NFO,07/01/2020,09:31:57,15.2,15.2,2750,15.85,2750,0,41250
IGL30Jan20425PE.NFO,07/01/2020,09:32:02,15.2,15.25,2750,15.85,2750,0,41250
IGL30Jan20425PE.NFO,07/01/2020,09:32:08,15.2,15.15,2750,15.85,5500,0,41250
IGL30Jan20425PE.NFO,07/01/2020,09:32:13,15.2,15.15,2750,15.75,2750,0,41250
IGL30Jan20425PE.NFO,07/01/2020,09:32:19,15.2,15.05,2750,16.15,11000,0,41250
IGL30Jan20425PE.NFO,07/01/2020,09:32:26,15.2,15.1,2750,15.75,5500,0,41250
IGL30Jan20425PE.NFO,07/01/2020,09:32:54,15.2,15.1,2750,15.65,2750,0,41250
IGL30Jan20425PE.NFO,07/01/2020,09:33:00,15.2,15.05,8250,15.65,8250,0,41250
IGL30Jan20425PE.NFO,07/01/2020,09:33:06,15.2,15.05,2750,15.55,2750,0,41250
IGL30Jan20425PE.NFO,07/01/2020,09:33:17,15.2,15,2750,15.55,2750,0,41250
IGL30Jan20425PE.NFO,07/01/2020,09:33:38,15.2,15.05,2750,15.55,2750,0,41250
IGL30Jan20425PE.NFO,07/01/2020,09:33:57,15.2,15.05,2750,15.6,2750,0,41250
IGL30Jan20425PE.NFO,07/01/2020,09:34:02,15.2,15,2750,15.6,2750,0,41250
IGL30Jan20425PE.NFO,07/01/2020,09:34:17,15.2,15.05,2750,15.6,2750,0,41250
IGL30Jan20425PE.NFO,07/01/2020,09:34:22,15.2,15.1,2750,15.6,2750,0,41250
IGL30Jan20425PE.NFO,07/01/2020,09:34:28,15.2,15.1,2750,15.65,2750,0,41250
IGL30Jan20425PE.NFO,07/01/2020,09:34:33,15.2,15.15,2750,15.65,2750,0,41250
IGL30Jan20425PE.NFO,07/01/2020,09:34:40,15.2,15.2,2750,15.8,2750,0,41250
IGL30Jan20425PE.NFO,07/01/2020,09:34:56,15.2,15.25,2750,15.8,2750,0,41250
IGL30Jan20425PE.NFO,07/01/2020,09:35:02,15.2,15.15,2750,15.75,2750,0,41250
IGL30Jan20425PE.NFO,07/01/2020,09:35:07,15.2,15.2,2750,15.75,2750,0,41250
IGL30Jan20425PE.NFO,07/01/2020,09:35:12,15.2,15.25,2750,15.85,2750,0,41250
IGL30Jan20425PE.NFO,07/01/2020,09:35:17,15.2,15.3,2750,15.85,2750,0,41250
IGL30Jan20425PE.NFO,07/01/2020,09:35:21,15.2,15.25,2750,15.85,2750,0,41250
IGL30Jan20425PE.NFO,07/01/2020,09:35:36,15.2,15.4,8250,16.05,2750,0,41250
IGL30Jan20425PE.NFO,07/01/2020,09:35:42,15.2,15.6,2750,16.35,2750,0,41250
IGL30Jan20425PE.NFO,07/01/2020,09:35:49,15.2,15.65,2750,16.35,2750,0,41250
IGL30Jan20425PE.NFO,07/01/2020,09:35:56,15.2,15.5,2750,16.15,2750,0,41250
IGL30Jan20425PE.NFO,07/01/2020,09:36:01,15.2,15.5,2750,16.1,2750,0,41250
IGL30Jan20425PE.NFO,07/01/2020,09:36:06,15.2,15.55,2750,16.1,2750,0,41250
IGL30Jan20425PE.NFO,07/01/2020,09:36:18,15.2,15.4,2750,15.95,2750,0,41250
IGL30Jan20425PE.NFO,07/01/2020,09:36:47,15.2,15.3,2750,15.9,2750,0,41250
IGL30Jan20425PE.NFO,07/01/2020,09:36:52,15.2,15.4,2750,15.95,5500,0,41250
IGL30Jan20425PE.NFO,07/01/2020,09:36:56,15.2,15.35,2750,15.9,5500,0,41250
IGL30Jan20425PE.NFO,07/01/2020,09:37:01,15.2,15.35,2750,15.8,2750,0,41250
IGL30Jan20425PE.NFO,07/01/2020,09:37:11,15.2,15.4,2750,15.8,2750,0,41250
IGL30Jan20425PE.NFO,07/01/2020,09:37:19,15.2,15.4,2750,15.85,2750,0,41250
IGL30Jan20425PE.NFO,07/01/2020,09:37:33,15.2,15.4,2750,15.8,2750,0,41250
IGL30Jan20425PE.NFO,07/01/2020,09:37:49,15.2,15.35,2750,15.8,2750,0,41250
IGL30Jan20425PE.NFO,07/01/2020,09:37:53,15.2,15.2,2750,15.75,2750,0,41250
IGL30Jan20425PE.NFO,07/01/2020,09:37:58,15.2,15.3,2750,15.75,2750,0,41250
IGL30Jan20425PE.NFO,07/01/2020,09:38:07,15.2,15.3,2750,15.7,2750,0,41250
IGL30Jan20425PE.NFO,07/01/2020,09:38:12,15.2,15.2,2750,15.7,2750,0,41250
IGL30Jan20425PE.NFO,07/01/2020,09:38:16,15.2,15.25,2750,15.7,2750,0,41250
IGL30Jan20425PE.NFO,07/01/2020,09:38:20,15.2,15.2,2750,15.7,2750,0,41250
IGL30Jan20425PE.NFO,07/01/2020,09:38:24,15.2,15.2,2750,15.65,2750,0,41250
IGL30Jan20425PE.NFO,07/01/2020,09:38:28,15.2,15.2,2750,15.7,2750,0,41250
IGL30Jan20425PE.NFO,07/01/2020,09:38:33,15.2,15.15,2750,15.7,2750,0,41250
IGL30Jan20425PE.NFO,07/01/2020,09:38:37,15.2,15.25,2750,15.7,2750,0,41250
IGL30Jan20425PE.NFO,07/01/2020,09:38:46,15.2,15.2,2750,15.7,2750,0,41250
IGL30Jan20425PE.NFO,07/01/2020,09:38:50,15.2,15.3,2750,15.7,2750,0,41250
IGL30Jan20425PE.NFO,07/01/2020,09:38:55,15.2,15.35,2750,15.7,2750,0,41250
IGL30Jan20425PE.NFO,07/01/2020,09:38:59,15.2,15.3,2750,15.7,2750,0,41250
IGL30Jan20425PE.NFO,07/01/2020,09:39:03,15.2,15.3,2750,15.65,2750,0,41250
IGL30Jan20425PE.NFO,07/01/2020,09:39:07,15.2,15.3,2750,15.7,2750,0,41250
IGL30Jan20425PE.NFO,07/01/2020,09:39:11,15.2,15.3,2750,15.65,2750,0,41250
IGL30Jan20425PE.NFO,07/01/2020,09:39:16,15.2,15.25,5500,15.65,2750,0,41250
IGL30Jan20425PE.NFO,07/01/2020,09:39:21,15.2,15.3,2750,15.65,2750,0,41250
IGL30Jan20425PE.NFO,07/01/2020,09:39:26,15.2,15.2,2750,15.7,2750,0,41250
IGL30Jan20425PE.NFO,07/01/2020,09:39:30,15.2,15.3,2750,15.65,2750,0,41250
IGL30Jan20425PE.NFO,07/01/2020,09:40:03,15.2,15.2,2750,15.7,5500,0,41250
IGL30Jan20425PE.NFO,07/01/2020,09:40:09,15.2,15.3,2750,15.65,2750,0,41250
IGL30Jan20425PE.NFO,07/01/2020,09:40:14,15.2,15.35,2750,15.65,2750,0,41250
IGL30Jan20425PE.NFO,07/01/2020,09:40:34,15.2,15.35,2750,15.8,2750,0,41250
IGL30Jan20425PE.NFO,07/01/2020,09:40:57,15.2,15.4,2750,15.85,2750,0,41250
IGL30Jan20425PE.NFO,07/01/2020,09:41:03,15.2,15.35,2750,15.8,2750,0,41250
IGL30Jan20425PE.NFO,07/01/2020,09:41:09,15.2,15.4,2750,15.8,2750,0,41250
IGL30Jan20425PE.NFO,07/01/2020,09:41:23,15.2,15.35,5500,15.8,2750,0,41250
IGL30Jan20425PE.NFO,07/01/2020,09:41:27,15.2,15.4,2750,15.8,2750,0,41250
IGL30Jan20425PE.NFO,07/01/2020,09:41:32,15.2,15.35,5500,15.8,2750,0,41250
IGL30Jan20425PE.NFO,07/01/2020,09:41:37,15.2,15.4,2750,15.75,2750,0,41250
IGL30Jan20425PE.NFO,07/01/2020,09:41:42,15.2,15.35,5500,15.75,2750,0,41250
IGL30Jan20425PE.NFO,07/01/2020,09:41:52,15.2,15.4,2750,15.75,2750,0,41250
IGL30Jan20425PE.NFO,07/01/2020,09:41:58,15.2,15.45,2750,15.85,2750,0,41250
IGL30Jan20425PE.NFO,07/01/2020,09:42:05,15.2,15.55,2750,15.95,2750,0,41250
IGL30Jan20425PE.NFO,07/01/2020,09:42:24,15.2,15.5,2750,15.9,2750,0,41250
IGL30Jan20425PE.NFO,07/01/2020,09:42:32,15.2,15.45,2750,15.85,2750,0,41250
IGL30Jan20425PE.NFO,07/01/2020,09:42:45,15.2,15.5,2750,15.85,2750,0,41250
IGL30Jan20425PE.NFO,07/01/2020,09:42:51,15.2,15.5,5500,15.9,2750,0,41250
IGL30Jan20425PE.NFO,07/01/2020,09:42:58,15.2,15.65,2750,16.1,2750,0,41250
IGL30Jan20425PE.NFO,07/01/2020,09:43:03,15.2,15.65,2750,16.05,2750,0,41250
IGL30Jan20425PE.NFO,07/01/2020,09:43:25,15.2,15.6,2750,15.95,2750,0,41250
IGL30Jan20425PE.NFO,07/01/2020,09:43:30,15.2,15.65,2750,15.95,2750,0,41250
IGL30Jan20425PE.NFO,07/01/2020,09:43:35,15.2,15.6,2750,15.95,5500,0,41250
IGL30Jan20425PE.NFO,07/01/2020,09:43:40,15.2,15.65,2750,15.95,2750,0,41250
IGL30Jan20425PE.NFO,07/01/2020,09:43:44,15.2,15.6,2750,15.95,5500,0,41250
IGL30Jan20425PE.NFO,07/01/2020,09:43:53,15.2,15.6,2750,15.9,2750,0,41250
IGL30Jan20425PE.NFO,07/01/2020,09:44:08,15.2,15.55,2750,15.9,2750,0,41250
IGL30Jan20425PE.NFO,07/01/2020,09:44:19,15.2,15.65,2750,15.95,5500,0,41250
IGL30Jan20425PE.NFO,07/01/2020,09:44:24,15.2,15.65,2750,15.95,2750,0,41250
IGL30Jan20425PE.NFO,07/01/2020,09:44:30,15.2,15.75,2750,16.1,5500,0,41250
IGL30Jan20425PE.NFO,07/01/2020,09:44:40,15.2,15.75,2750,16.05,5500,0,41250
IGL30Jan20425PE.NFO,07/01/2020,09:44:50,15.2,15.7,2750,16.05,5500,0,41250
IGL30Jan20425PE.NFO,07/01/2020,09:45:13,15.2,15.7,2750,16.1,5500,0,41250
IGL30Jan20425PE.NFO,07/01/2020,09:45:19,15.2,15.7,2750,16.05,5500,0,41250
IGL30Jan20425PE.NFO,07/01/2020,09:45:25,15.2,15.7,2750,16.05,2750,0,41250
IGL30Jan20425PE.NFO,07/01/2020,09:45:31,15.2,15.7,2750,16.05,5500,0,41250
IGL30Jan20425PE.NFO,07/01/2020,09:45:37,15.2,15.6,5500,16,5500,0,41250
IGL30Jan20425PE.NFO,07/01/2020,09:45:43,15.2,15.6,5500,16.05,5500,0,41250
IGL30Jan20425PE.NFO,07/01/2020,09:45:48,15.2,15.65,2750,16,5500,0,41250
IGL30Jan20425PE.NFO,07/01/2020,09:45:54,15.2,15.65,2750,16.05,5500,0,41250
IGL30Jan20425PE.NFO,07/01/2020,09:46:00,15.2,15.65,2750,16,2750,0,41250
IGL30Jan20425PE.NFO,07/01/2020,09:46:05,15.2,15.65,2750,16,5500,0,41250
IGL30Jan20425PE.NFO,07/01/2020,09:46:11,15.2,15.6,8250,16.1,2750,0,41250
IGL30Jan20425PE.NFO,07/01/2020,09:46:16,15.2,15.65,2750,16.1,2750,0,41250
IGL30Jan20425PE.NFO,07/01/2020,09:46:25,15.2,15.6,5500,16.1,2750,0,41250
IGL30Jan20425PE.NFO,07/01/2020,09:46:36,15.2,15.9,2750,16.4,2750,0,41250
IGL30Jan20425PE.NFO,07/01/2020,09:46:41,15.2,15.55,8250,16.4,2750,0,41250
IGL30Jan20425PE.NFO,07/01/2020,09:46:45,15.2,15.8,2750,16.4,2750,0,41250
IGL30Jan20425PE.NFO,07/01/2020,09:46:50,15.2,15.85,2750,16.4,2750,0,41250
IGL30Jan20425PE.NFO,07/01/2020,09:46:54,15.2,15.55,8250,16.3,2750,0,41250
IGL30Jan20425PE.NFO,07/01/2020,09:46:59,15.2,15.65,2750,16.3,2750,0,41250
IGL30Jan20425PE.NFO,07/01/2020,09:47:08,15.2,15.75,2750,16.4,2750,0,41250
IGL30Jan20425PE.NFO,07/01/2020,09:47:12,15.2,15.55,8250,16.4,2750,0,41250
IGL30Jan20425PE.NFO,07/01/2020,09:47:16,15.2,15.9,2750,16.4,2750,0,41250
IGL30Jan20425PE.NFO,07/01/2020,09:47:25,15.2,15.8,2750,16.4,2750,0,41250
IGL30Jan20425PE.NFO,07/01/2020,09:47:30,15.2,15.6,8250,16.4,2750,0,41250
IGL30Jan20425PE.NFO,07/01/2020,09:47:35,15.2,15.75,2750,16.4,2750,0,41250
IGL30Jan20425PE.NFO,07/01/2020,09:47:39,15.2,15.9,2750,16.4,2750,0,41250
IGL30Jan20425PE.NFO,07/01/2020,09:47:43,15.2,15.65,8250,16.4,2750,0,41250
IGL30Jan20425PE.NFO,07/01/2020,09:47:47,15.2,15.7,2750,16.4,2750,0,41250
IGL30Jan20425PE.NFO,07/01/2020,09:47:51,15.2,15.8,2750,16.4,2750,0,41250
IGL30Jan20425PE.NFO,07/01/2020,09:47:55,15.2,15.85,2750,16.4,2750,0,41250
IGL30Jan20425PE.NFO,07/01/2020,09:48:00,15.2,15.8,2750,16.4,2750,0,41250
IGL30Jan20425PE.NFO,07/01/2020,09:48:04,15.2,15.85,2750,16.4,2750,0,41250
IGL30Jan20425PE.NFO,07/01/2020,09:48:07,15.2,15.7,2750,16.4,2750,0,41250
IGL30Jan20425PE.NFO,07/01/2020,09:48:11,15.2,15.7,2750,16.3,2750,0,41250
IGL30Jan20425PE.NFO,07/01/2020,09:48:23,15.2,15.8,2750,16.35,5500,0,41250
IGL30Jan20425PE.NFO,07/01/2020,09:48:30,15.2,15.8,2750,16.35,2750,0,41250
IGL30Jan20425PE.NFO,07/01/2020,09:48:35,15.2,15.8,2750,16.3,2750,0,41250
IGL30Jan20425PE.NFO,07/01/2020,09:48:49,15.2,15.8,2750,16.35,2750,0,41250
IGL30Jan20425PE.NFO,07/01/2020,09:48:53,15.2,15.8,2750,16.35,5500,0,41250
IGL30Jan20425PE.NFO,07/01/2020,09:49:00,15.2,15.8,2750,16.4,5500,0,41250
IGL30Jan20425PE.NFO,07/01/2020,09:49:05,15.2,15.8,2750,16.35,5500,0,41250
IGL30Jan20425PE.NFO,07/01/2020,09:49:14,15.2,15.8,8250,16.35,5500,0,41250
IGL30Jan20425PE.NFO,07/01/2020,09:49:24,15.2,15.8,8250,16.4,5500,0,41250
IGL30Jan20425PE.NFO,07/01/2020,09:49:31,15.2,15.8,8250,16.4,2750,0,41250
IGL30Jan20425PE.NFO,07/01/2020,09:49:41,15.2,15.8,11000,16.4,2750,0,41250
IGL30Jan20425PE.NFO,07/01/2020,09:50:01,15.2,15.8,11000,16.35,2750,0,41250
IGL30Jan20425PE.NFO,07/01/2020,09:50:06,15.2,15.85,5500,16.4,2750,0,41250
IGL30Jan20425PE.NFO,07/01/2020,09:50:22,15.2,15.85,5500,16.45,5500,0,41250
IGL30Jan20425PE.NFO,07/01/2020,09:50:27,15.2,15.85,5500,16.4,2750,0,41250
IGL30Jan20425PE.NFO,07/01/2020,09:50:31,15.2,15.85,8250,16.4,2750,0,41250
IGL30Jan20425PE.NFO,07/01/2020,09:50:57,15.2,15.6,19250,16.4,2750,0,41250
IGL30Jan20425PE.NFO,07/01/2020,09:51:13,15.2,15.8,8250,16.4,2750,0,41250
IGL30Jan20425PE.NFO,07/01/2020,09:51:34,15.2,15.85,8250,16.4,5500,0,41250
IGL30Jan20425PE.NFO,07/01/2020,09:51:52,15.2,15.85,5500,16.35,5500,0,41250
IGL30Jan20425PE.NFO,07/01/2020,09:51:55,15.2,15.75,8250,16.3,2750,0,41250
IGL30Jan20425PE.NFO,07/01/2020,09:52:03,15.2,15.8,5500,16.35,2750,0,41250
IGL30Jan20425PE.NFO,07/01/2020,09:52:29,15.2,15.85,11000,16.4,8250,0,41250
IGL30Jan20425PE.NFO,07/01/2020,09:52:48,15.2,15.85,8250,16.35,2750,0,41250
IGL30Jan20425PE.NFO,07/01/2020,09:52:51,15.2,15.85,8250,16.4,8250,0,41250
IGL30Jan20425PE.NFO,07/01/2020,09:53:25,15.2,15.9,5500,16.4,2750,0,41250
IGL30Jan20425PE.NFO,07/01/2020,09:53:35,15.2,15.9,5500,16.55,2750,0,41250
IGL30Jan20425PE.NFO,07/01/2020,09:53:46,15.2,15.9,8250,16.55,2750,0,41250
IGL30Jan20425PE.NFO,07/01/2020,09:53:50,15.2,15.95,8250,16.55,2750,0,41250
IGL30Jan20425PE.NFO,07/01/2020,09:53:58,15.2,16.05,8250,16.7,5500,0,41250
IGL30Jan20425PE.NFO,07/01/2020,09:54:21,15.2,16.05,8250,16.8,2750,0,41250
IGL30Jan20425PE.NFO,07/01/2020,09:54:25,15.2,16.05,8250,16.85,5500,0,41250
IGL30Jan20425PE.NFO,07/01/2020,09:54:30,15.2,16.05,8250,16.8,2750,0,41250
IGL30Jan20425PE.NFO,07/01/2020,09:54:39,15.2,16.05,8250,16.75,5500,0,41250
IGL30Jan20425PE.NFO,07/01/2020,09:54:49,15.2,16.05,8250,16.8,2750,0,41250
IGL30Jan20425PE.NFO,07/01/2020,09:54:53,15.2,16.05,13750,16.95,5500,0,41250
IGL30Jan20425PE.NFO,07/01/2020,09:54:58,15.2,16.05,8250,16.9,2750,0,41250
IGL30Jan20425PE.NFO,07/01/2020,09:55:08,15.2,16.05,8250,16.8,2750,0,41250
IGL30Jan20425PE.NFO,07/01/2020,09:55:13,15.2,16.05,8250,16.85,2750,0,41250
IGL30Jan20425PE.NFO,07/01/2020,09:55:18,15.2,16.05,8250,16.9,2750,0,41250
IGL30Jan20425PE.NFO,07/01/2020,09:55:41,15.2,16.05,8250,16.85,2750,0,41250
IGL30Jan20425PE.NFO,07/01/2020,09:55:56,15.2,16.05,19250,16.95,2750,0,41250
IGL30Jan20425PE.NFO,07/01/2020,09:56:10,15.2,16.05,24750,16.95,2750,0,41250
IGL30Jan20425PE.NFO,07/01/2020,09:56:21,15.2,16.05,27500,16.95,2750,0,41250
IGL30Jan20425PE.NFO,07/01/2020,09:56:32,15.2,16.05,16500,16.95,2750,0,41250
IGL30Jan20425PE.NFO,07/01/2020,09:56:37,15.2,16.05,38500,16.95,2750,0,41250
IGL30Jan20425PE.NFO,07/01/2020,09:56:42,15.2,16.05,27500,16.95,2750,0,41250
IGL30Jan20425PE.NFO,07/01/2020,09:56:50,15.2,16.05,27500,17.55,8250,0,41250
IGL30Jan20425PE.NFO,07/01/2020,09:56:55,15.2,16.05,27500,17.5,8250,0,41250
IGL30Jan20425PE.NFO,07/01/2020,09:57:04,15.2,16.25,22000,17.5,2750,0,41250
IGL30Jan20425PE.NFO,07/01/2020,09:57:09,15.2,16.25,27500,17.5,2750,0,41250
IGL30Jan20425PE.NFO,07/01/2020,09:57:12,15.2,16.25,33000,17.5,2750,0,41250
IGL30Jan20425PE.NFO,07/01/2020,09:57:16,15.2,16.25,38500,17.65,13750,0,41250
IGL30Jan20425PE.NFO,07/01/2020,09:57:21,15.2,16.25,27500,17.55,2750,0,41250
IGL30Jan20425PE.NFO,07/01/2020,09:57:25,15.2,16.25,38500,17.55,2750,0,41250
IGL30Jan20425PE.NFO,07/01/2020,09:57:34,15.2,16.25,11000,17.55,8250,0,41250
IGL30Jan20425PE.NFO,07/01/2020,09:57:59,15.2,16.3,11000,17.55,2750,0,41250
IGL30Jan20425PE.NFO,07/01/2020,09:58:04,15.2,16.3,11000,17.5,2750,0,41250
IGL30Jan20425PE.NFO,07/01/2020,09:58:09,15.2,16.3,11000,17.55,2750,0,41250
IGL30Jan20425PE.NFO,07/01/2020,09:58:17,15.2,16.3,11000,17.65,8250,0,41250
IGL30Jan20425PE.NFO,07/01/2020,09:58:44,15.2,16.3,11000,17.55,2750,0,41250
IGL30Jan20425PE.NFO,07/01/2020,09:59:07,15.2,16.3,16500,17.7,5500,0,41250
IGL30Jan20425PE.NFO,07/01/2020,09:59:13,15.2,16.3,16500,17.7,2750,0,41250
IGL30Jan20425PE.NFO,07/01/2020,09:59:23,15.2,16.3,16500,17.8,5500,0,41250
IGL30Jan20425PE.NFO,07/01/2020,09:59:28,15.2,16.3,16500,17.75,2750,0,41250
IGL30Jan20425PE.NFO,07/01/2020,09:59:39,15.2,16.3,11000,17.65,2750,0,41250
IGL30Jan20425PE.NFO,07/01/2020,09:59:45,15.2,16.3,11000,17.75,8250,0,41250
IGL30Jan20425PE.NFO,07/01/2020,10:00:01,15.2,16.3,16500,17.75,8250,0,41250
IGL30Jan20425PE.NFO,07/01/2020,10:00:07,15.2,16.3,16500,17.7,2750,0,41250
IGL30Jan20425PE.NFO,07/01/2020,10:00:18,15.2,16.3,16500,17.75,2750,0,41250
IGL30Jan20425PE.NFO,07/01/2020,10:00:34,15.2,16.3,16500,17.85,2750,0,41250
IGL30Jan20425PE.NFO,07/01/2020,10:00:39,15.2,16.3,11000,17.7,13750,0,41250
IGL30Jan20425PE.NFO,07/01/2020,10:00:46,15.2,16.3,11000,17.6,2750,0,41250
IGL30Jan20425PE.NFO,07/01/2020,10:00:53,15.2,16.3,11000,17.55,2750,0,41250
IGL30Jan20425PE.NFO,07/01/2020,10:01:00,15.2,16.3,2750,17.55,2750,0,41250
IGL30Jan20425PE.NFO,07/01/2020,10:01:05,15.2,16.05,8250,17.35,2750,0,41250
IGL30Jan20425PE.NFO,07/01/2020,10:01:11,15.2,16.05,11000,17.35,2750,0,41250
IGL30Jan20425PE.NFO,07/01/2020,10:01:48,15.2,16.05,11000,17.25,2750,0,41250
IGL30Jan20425PE.NFO,07/01/2020,10:01:54,15.2,16.05,11000,17.35,2750,0,41250
IGL30Jan20425PE.NFO,07/01/2020,10:02:04,15.2,16.05,5500,17.35,2750,0,41250
IGL30Jan20425PE.NFO,07/01/2020,10:02:10,15.2,16.05,5500,17.3,2750,0,41250
IGL30Jan20425PE.NFO,07/01/2020,10:02:20,15.2,16.05,2750,17.3,2750,0,41250
IGL30Jan20425PE.NFO,07/01/2020,10:02:25,15.2,16.05,8250,17.4,2750,0,41250
IGL30Jan20425PE.NFO,07/01/2020,10:02:31,15.2,16.05,11000,17.6,30250,0,41250
IGL30Jan20425PE.NFO,07/01/2020,10:02:37,15.2,16.05,5500,17.45,8250,0,41250
IGL30Jan20425PE.NFO,07/01/2020,10:02:43,15.2,16.05,2750,17.45,8250,0,41250
IGL30Jan20425PE.NFO,07/01/2020,10:02:53,15.2,16.05,8250,17.35,8250,0,41250
IGL30Jan20425PE.NFO,07/01/2020,10:02:59,15.2,16.05,8250,17.25,8250,0,41250
IGL30Jan20425PE.NFO,07/01/2020,10:03:08,15.2,16.05,5500,17.25,2750,0,41250
IGL30Jan20425PE.NFO,07/01/2020,10:03:12,15.2,16.05,8250,17.35,8250,0,41250
IGL30Jan20425PE.NFO,07/01/2020,10:03:17,15.2,16.05,8250,17.2,2750,0,41250
IGL30Jan20425PE.NFO,07/01/2020,10:03:32,15.2,16.05,8250,17.25,2750,0,41250
IGL30Jan20425PE.NFO,07/01/2020,10:03:59,15.2,16,5500,17.15,2750,0,41250
IGL30Jan20425PE.NFO,07/01/2020,10:04:04,15.2,16,2750,17.05,8250,0,41250
IGL30Jan20425PE.NFO,07/01/2020,10:04:09,15.2,16,5500,17.15,19250,0,41250
IGL30Jan20425PE.NFO,07/01/2020,10:04:13,15.2,15.9,2750,17.1,13750,0,41250
IGL30Jan20425PE.NFO,07/01/2020,10:04:17,15.2,15.7,2750,17.1,13750,0,41250
IGL30Jan20425PE.NFO,07/01/2020,10:04:22,15.2,15.75,2750,16.9,2750,0,41250
IGL30Jan20425PE.NFO,07/01/2020,10:04:26,15.2,15.75,2750,16.9,30250,0,41250
IGL30Jan20425PE.NFO,07/01/2020,10:04:30,15.2,15.85,2750,16.9,8250,0,41250
IGL30Jan20425PE.NFO,07/01/2020,10:04:35,15.2,15.9,2750,16.9,8250,0,41250
IGL30Jan20425PE.NFO,07/01/2020,10:04:39,15.2,16,8250,17.3,8250,0,41250
IGL30Jan20425PE.NFO,07/01/2020,10:04:44,15.2,16,13750,17.45,24750,0,41250
IGL30Jan20425PE.NFO,07/01/2020,10:04:49,15.2,16,13750,17.45,19250,0,41250
IGL30Jan20425PE.NFO,07/01/2020,10:04:53,15.2,16,13750,17.3,11000,0,41250
IGL30Jan20425PE.NFO,07/01/2020,10:04:58,15.2,16,8250,17.25,8250,0,41250
IGL30Jan20425PE.NFO,07/01/2020,10:05:16,15.2,16,8250,17.25,24750,0,41250
IGL30Jan20425PE.NFO,07/01/2020,10:05:20,15.2,16,13750,17.5,13750,0,41250
IGL30Jan20425PE.NFO,07/01/2020,10:05:24,15.2,16,13750,17.5,30250,0,41250
IGL30Jan20425PE.NFO,07/01/2020,10:05:34,15.2,16,13750,17.5,19250,0,41250
IGL30Jan20425PE.NFO,07/01/2020,10:05:41,15.2,16,13750,17.5,8250,0,41250
IGL30Jan20425PE.NFO,07/01/2020,10:05:46,15.2,16,8250,17.5,24750,0,41250
IGL30Jan20425PE.NFO,07/01/2020,10:05:52,15.2,16,13750,17.4,8250,0,41250
IGL30Jan20425PE.NFO,07/01/2020,10:05:58,15.2,16,13750,17.4,2750,0,41250
IGL30Jan20425PE.NFO,07/01/2020,10:06:14,15.2,16,13750,17.4,8250,0,41250
IGL30Jan20425PE.NFO,07/01/2020,10:06:19,15.2,16,13750,17.4,2750,0,41250
IGL30Jan20425PE.NFO,07/01/2020,10:06:25,15.2,16,13750,17.6,19250,0,41250
IGL30Jan20425PE.NFO,07/01/2020,10:06:31,15.2,16,13750,17.5,8250,0,41250
IGL30Jan20425PE.NFO,07/01/2020,10:06:53,15.2,16,13750,17.5,24750,0,41250
IGL30Jan20425PE.NFO,07/01/2020,10:06:58,15.2,16,13750,17.5,8250,0,41250
IGL30Jan20425PE.NFO,07/01/2020,10:07:10,15.2,16,8250,17.55,8250,0,41250
IGL30Jan20425PE.NFO,07/01/2020,10:07:15,15.2,16,13750,17.55,13750,0,41250
IGL30Jan20425PE.NFO,07/01/2020,10:07:21,15.2,16,13750,17.45,2750,0,41250
IGL30Jan20425PE.NFO,07/01/2020,10:07:32,15.2,16,13750,17.5,19250,0,41250
IGL30Jan20425PE.NFO,07/01/2020,10:07:37,15.2,16,13750,17.5,8250,0,41250
IGL30Jan20425PE.NFO,07/01/2020,10:07:42,15.2,16,13750,17.5,24750,0,41250
IGL30Jan20425PE.NFO,07/01/2020,10:07:57,15.2,16,13750,17.5,8250,0,41250
IGL30Jan20425PE.NFO,07/01/2020,10:08:02,15.2,16,13750,17.4,8250,0,41250
IGL30Jan20425PE.NFO,07/01/2020,10:08:15,15.2,16,13750,17.25,2750,0,41250
IGL30Jan20425PE.NFO,07/01/2020,10:08:20,15.2,16,13750,17,5500,0,41250
IGL30Jan20425PE.NFO,07/01/2020,10:08:25,15.2,16,13750,16.9,2750,0,41250
IGL30Jan20425PE.NFO,07/01/2020,10:08:29,15.2,16,8250,16.75,2750,0,41250
IGL30Jan20425PE.NFO,07/01/2020,10:08:34,15.2,16,5500,16.7,5500,0,41250
IGL30Jan20425PE.NFO,07/01/2020,10:09:01,15.2,16,5500,16.6,2750,0,41250
IGL30Jan20425PE.NFO,07/01/2020,10:09:06,15.2,16,5500,16.55,2750,0,41250
IGL30Jan20425PE.NFO,07/01/2020,10:09:27,15.2,16,5500,16.65,5500,0,41250
IGL30Jan20425PE.NFO,07/01/2020,10:10:19,15.2,16,5500,16.6,2750,0,41250
IGL30Jan20425PE.NFO,07/01/2020,10:10:48,15.2,16,5500,16.5,2750,0,41250
IGL30Jan20425PE.NFO,07/01/2020,10:11:09,15.2,16,5500,16.55,5500,0,41250
IGL30Jan20425PE.NFO,07/01/2020,10:11:14,15.2,16,5500,16.55,2750,0,41250
IGL30Jan20425PE.NFO,07/01/2020,10:11:25,15.2,16,5500,16.5,2750,0,41250
IGL30Jan20425PE.NFO,07/01/2020,10:11:30,15.2,16,8250,16.5,2750,0,41250
IGL30Jan20425PE.NFO,07/01/2020,10:11:46,15.2,16,2750,16.5,2750,0,41250
IGL30Jan20425PE.NFO,07/01/2020,10:11:51,15.2,16,5500,16.5,2750,0,41250
IGL30Jan20425PE.NFO,07/01/2020,10:12:01,15.2,16,2750,16.4,2750,0,41250
IGL30Jan20425PE.NFO,07/01/2020,10:12:07,15.2,16,5500,16.5,2750,0,41250
IGL30Jan20425PE.NFO,07/01/2020,10:12:12,15.2,16,5500,16.55,2750,0,41250
IGL30Jan20425PE.NFO,07/01/2020,10:12:23,15.2,16,5500,16.45,2750,0,41250
IGL30Jan20425PE.NFO,07/01/2020,10:12:51,15.2,15.85,2750,16.35,2750,0,41250
IGL30Jan20425PE.NFO,07/01/2020,10:12:57,15.2,15.95,2750,16.4,2750,0,41250
IGL30Jan20425PE.NFO,07/01/2020,10:13:02,15.2,15.9,2750,16.35,2750,0,41250
IGL30Jan20425PE.NFO,07/01/2020,10:13:07,15.2,15.95,2750,16.35,2750,0,41250
IGL30Jan20425PE.NFO,07/01/2020,10:13:12,15.2,16,2750,16.5,2750,0,41250
IGL30Jan20425PE.NFO,07/01/2020,10:13:23,15.2,16,5500,16.5,2750,0,41250
IGL30Jan20425PE.NFO,07/01/2020,10:13:28,15.2,16,5500,16.45,2750,0,41250
IGL30Jan20425PE.NFO,07/01/2020,10:13:46,15.2,16,2750,16.35,2750,0,41250
IGL30Jan20425PE.NFO,07/01/2020,10:13:52,15.2,16,2750,16.4,2750,0,41250
IGL30Jan20425PE.NFO,07/01/2020,10:14:01,15.2,15.95,2750,16.4,2750,0,41250
IGL30Jan20425PE.NFO,07/01/2020,10:14:06,15.2,15.95,2750,16.3,2750,0,41250
IGL30Jan20425PE.NFO,07/01/2020,10:14:11,15.2,15.9,2750,16.3,2750,0,41250
IGL30Jan20425PE.NFO,07/01/2020,10:14:47,15.2,15.85,2750,16.25,2750,0,41250
IGL30Jan20425PE.NFO,07/01/2020,10:14:52,15.2,15.85,2750,16.15,2750,0,41250
IGL30Jan20425PE.NFO,07/01/2020,10:15:17,15.2,15.85,2750,16.2,2750,0,41250
IGL30Jan20425PE.NFO,07/01/2020,10:15:27,15.2,15.8,2750,16.2,2750,0,41250
IGL30Jan20425PE.NFO,07/01/2020,10:15:32,15.2,15.85,2750,16.2,2750,0,41250
IGL30Jan20425PE.NFO,07/01/2020,10:15:41,15.2,15.8,2750,16.2,2750,0,41250
IGL30Jan20425PE.NFO,07/01/2020,10:15:53,15.8,15.6,2750,16.1,2750,2750,38500
IGL30Jan20425PE.NFO,07/01/2020,10:15:53,15.8,15.6,2750,16.1,2750,0,38500
IGL30Jan20425PE.NFO,07/01/2020,10:15:59,15.8,15.7,5500,16.1,2750,0,38500
IGL30Jan20425PE.NFO,07/01/2020,10:16:08,15.8,15.7,2750,16.1,2750,0,38500
IGL30Jan20425PE.NFO,07/01/2020,10:16:13,15.8,15.7,2750,16.05,2750,0,38500
IGL30Jan20425PE.NFO,07/01/2020,10:16:21,15.8,15.5,2750,15.9,2750,0,38500
IGL30Jan20425PE.NFO,07/01/2020,10:16:25,15.8,15.45,2750,15.85,2750,0,38500
IGL30Jan20425PE.NFO,07/01/2020,10:16:30,15.8,15.35,2750,15.9,2750,0,38500
IGL30Jan20425PE.NFO,07/01/2020,10:16:36,15.8,15.35,2750,15.8,2750,0,38500
IGL30Jan20425PE.NFO,07/01/2020,10:16:41,15.8,15.1,2750,15.8,2750,0,38500
IGL30Jan20425PE.NFO,07/01/2020,10:16:46,15.8,15.35,2750,15.8,2750,0,38500
IGL30Jan20425PE.NFO,07/01/2020,10:16:50,15.8,15.5,2750,15.9,2750,0,38500
IGL30Jan20425PE.NFO,07/01/2020,10:16:55,15.8,15.25,2750,15.8,2750,0,38500
IGL30Jan20425PE.NFO,07/01/2020,10:17:03,15.8,15.35,2750,15.8,2750,0,38500
IGL30Jan20425PE.NFO,07/01/2020,10:17:07,15.8,15.25,2750,15.8,2750,0,38500
IGL30Jan20425PE.NFO,07/01/2020,10:17:12,15.8,15.35,2750,15.9,2750,0,38500
IGL30Jan20425PE.NFO,07/01/2020,10:17:17,15.8,15.45,2750,15.9,2750,0,38500
IGL30Jan20425PE.NFO,07/01/2020,10:17:28,15.8,15.45,2750,15.95,2750,0,38500
IGL30Jan20425PE.NFO,07/01/2020,10:17:38,15.8,15.35,2750,15.95,2750,0,38500
IGL30Jan20425PE.NFO,07/01/2020,10:17:43,15.8,15.5,2750,15.9,5500,0,38500
IGL30Jan20425PE.NFO,07/01/2020,10:17:48,15.8,15.45,2750,15.9,5500,0,38500
IGL30Jan20425PE.NFO,07/01/2020,10:17:53,15.8,15.35,2750,15.9,5500,0,38500
IGL30Jan20425PE.NFO,07/01/2020,10:17:58,15.8,15.5,2750,15.9,5500,0,38500
IGL30Jan20425PE.NFO,07/01/2020,10:18:02,15.8,15.45,2750,15.9,5500,0,38500
IGL30Jan20425PE.NFO,07/01/2020,10:18:11,15.8,15.5,2750,15.95,2750,0,38500
IGL30Jan20425PE.NFO,07/01/2020,10:18:15,15.8,15.35,2750,16,2750,0,38500
IGL30Jan20425PE.NFO,07/01/2020,10:18:19,15.8,15.45,2750,16,2750,0,38500
IGL30Jan20425PE.NFO,07/01/2020,10:18:23,15.8,15.35,2750,16,2750,0,38500
IGL30Jan20425PE.NFO,07/01/2020,10:18:27,15.8,15.65,2750,16,2750,0,38500
IGL30Jan20425PE.NFO,07/01/2020,10:18:31,15.8,15.75,2750,16.1,2750,0,38500
IGL30Jan20425PE.NFO,07/01/2020,10:18:36,15.8,15.35,2750,15.95,2750,0,38500
IGL30Jan20425PE.NFO,07/01/2020,10:18:42,15.8,15.6,2750,16.05,2750,0,38500
IGL30Jan20425PE.NFO,07/01/2020,10:18:52,15.8,15.7,5500,16.15,2750,0,38500
IGL30Jan20425PE.NFO,07/01/2020,10:18:57,15.8,15.7,2750,16.15,2750,0,38500
IGL30Jan20425PE.NFO,07/01/2020,10:19:01,15.8,15.65,2750,16.15,2750,0,38500
IGL30Jan20425PE.NFO,07/01/2020,10:19:06,15.8,15.7,2750,16.2,2750,0,38500
IGL30Jan20425PE.NFO,07/01/2020,10:19:11,15.8,15.65,2750,16.1,2750,0,38500
IGL30Jan20425PE.NFO,07/01/2020,10:19:20,15.8,15.7,2750,16.1,2750,0,38500
IGL30Jan20425PE.NFO,07/01/2020,10:19:25,15.8,15.7,2750,16.05,2750,0,38500
IGL30Jan20425PE.NFO,07/01/2020,10:19:29,15.8,15.65,2750,16.05,2750,0,38500
IGL30Jan20425PE.NFO,07/01/2020,10:19:39,15.8,15.6,2750,16.05,2750,0,38500
IGL30Jan20425PE.NFO,07/01/2020,10:19:46,15.8,15.6,2750,16.1,5500,0,38500
IGL30Jan20425PE.NFO,07/01/2020,10:19:50,15.8,15.5,2750,16.05,2750,0,38500
IGL30Jan20425PE.NFO,07/01/2020,10:19:55,15.8,15.55,2750,16.05,2750,0,38500
IGL30Jan20425PE.NFO,07/01/2020,10:19:59,15.8,15.6,2750,16.05,2750,0,38500
IGL30Jan20425PE.NFO,07/01/2020,10:20:07,15.8,15.55,2750,16.05,2750,0,38500
IGL30Jan20425PE.NFO,07/01/2020,10:20:20,15.8,15.7,2750,16.15,2750,0,38500
IGL30Jan20425PE.NFO,07/01/2020,10:20:25,15.8,15.6,2750,16.15,2750,0,38500
IGL30Jan20425PE.NFO,07/01/2020,10:20:29,15.8,15.65,2750,16.15,2750,0,38500
IGL30Jan20425PE.NFO,07/01/2020,10:20:37,15.8,15.7,2750,16.15,2750,0,38500
IGL30Jan20425PE.NFO,07/01/2020,10:20:41,15.8,15.75,2750,16.25,2750,0,38500
IGL30Jan20425PE.NFO,07/01/2020,10:20:46,15.8,15.7,2750,16.25,2750,0,38500
IGL30Jan20425PE.NFO,07/01/2020,10:20:57,15.8,15.7,2750,16.2,5500,0,38500
IGL30Jan20425PE.NFO,07/01/2020,10:21:01,15.8,15.75,2750,16.2,5500,0,38500
IGL30Jan20425PE.NFO,07/01/2020,10:21:05,15.8,15.7,2750,16.15,2750,0,38500
IGL30Jan20425PE.NFO,07/01/2020,10:21:09,15.8,15.7,2750,16.2,5500,0,38500
IGL30Jan20425PE.NFO,07/01/2020,10:21:13,15.8,15.7,2750,16.25,2750,0,38500
IGL30Jan20425PE.NFO,07/01/2020,10:21:17,15.8,15.65,2750,16.25,2750,0,38500
IGL30Jan20425PE.NFO,07/01/2020,10:21:21,15.8,15.75,2750,16.25,2750,0,38500
IGL30Jan20425PE.NFO,07/01/2020,10:21:26,15.8,15.65,2750,16.25,2750,0,38500
IGL30Jan20425PE.NFO,07/01/2020,10:21:32,15.8,15.7,2750,16.15,2750,0,38500
IGL30Jan20425PE.NFO,07/01/2020,10:21:35,15.8,15.65,2750,16.15,2750,0,38500
IGL30Jan20425PE.NFO,07/01/2020,10:21:38,15.8,15.6,2750,16.4,2750,0,38500
IGL30Jan20425PE.NFO,07/01/2020,10:21:52,15.8,15.65,2750,16.4,2750,0,38500
IGL30Jan20425PE.NFO,07/01/2020,10:22:02,15.8,15.75,2750,16.6,5500,0,38500
IGL30Jan20425PE.NFO,07/01/2020,10:22:13,15.8,15.8,2750,16.6,5500,0,38500
IGL30Jan20425PE.NFO,07/01/2020,10:22:17,15.8,15.7,2750,16.6,5500,0,38500
IGL30Jan20425PE.NFO,07/01/2020,10:22:20,15.8,15.8,2750,16.6,5500,0,38500
IGL30Jan20425PE.NFO,07/01/2020,10:22:22,15.8,15.75,2750,16.6,5500,0,38500
IGL30Jan20425PE.NFO,07/01/2020,10:22:27,15.8,15.8,2750,16.6,5500,0,38500
IGL30Jan20425PE.NFO,07/01/2020,10:22:35,15.8,15.75,2750,16.6,5500,0,38500
IGL30Jan20425PE.NFO,07/01/2020,10:22:37,15.8,15.8,2750,16.6,5500,0,38500
IGL30Jan20425PE.NFO,07/01/2020,10:22:40,15.8,15.9,2750,16.75,5500,0,38500
IGL30Jan20425PE.NFO,07/01/2020,10:22:52,15.8,15.8,2750,16.75,5500,0,38500
IGL30Jan20425PE.NFO,07/01/2020,10:23:01,15.8,15.8,2750,17,5500,0,38500
IGL30Jan20425PE.NFO,07/01/2020,10:23:07,15.8,15.75,2750,16.85,2750,0,38500
IGL30Jan20425PE.NFO,07/01/2020,10:23:11,15.8,15.8,2750,16.85,2750,0,38500
IGL30Jan20425PE.NFO,07/01/2020,10:23:15,15.8,15.7,2750,16.85,2750,0,38500
IGL30Jan20425PE.NFO,07/01/2020,10:23:20,15.8,15.75,2750,16.85,2750,0,38500
IGL30Jan20425PE.NFO,07/01/2020,10:23:31,15.8,15.8,2750,16.85,2750,0,38500
IGL30Jan20425PE.NFO,07/01/2020,10:23:35,15.8,15.85,2750,16.7,2750,0,38500
IGL30Jan20425PE.NFO,07/01/2020,10:23:39,15.8,15.85,2750,16.65,2750,0,38500
IGL30Jan20425PE.NFO,07/01/2020,10:23:43,15.8,15.95,2750,16.7,2750,0,38500
IGL30Jan20425PE.NFO,07/01/2020,10:23:48,15.8,15.8,2750,16.9,5500,0,38500
IGL30Jan20425PE.NFO,07/01/2020,10:23:52,15.8,15.9,2750,16.9,5500,0,38500
IGL30Jan20425PE.NFO,07/01/2020,10:23:55,15.8,15.6,8250,17.05,2750,0,38500
IGL30Jan20425PE.NFO,07/01/2020,10:23:58,15.8,16,2750,16.75,2750,0,38500
IGL30Jan20425PE.NFO,07/01/2020,10:24:02,15.8,16,5500,16.8,2750,0,38500
IGL30Jan20425PE.NFO,07/01/2020,10:24:06,15.8,15.85,2750,16.8,2750,0,38500
IGL30Jan20425PE.NFO,07/01/2020,10:24:14,15.8,15.8,2750,16.8,2750,0,38500
IGL30Jan20425PE.NFO,07/01/2020,10:24:18,15.8,15.85,2750,16.8,2750,0,38500
IGL30Jan20425PE.NFO,07/01/2020,10:24:21,15.8,15.8,2750,16.95,5500,0,38500
IGL30Jan20425PE.NFO,07/01/2020,10:24:31,15.8,15.8,2750,16.95,2750,0,38500
IGL30Jan20425PE.NFO,07/01/2020,10:24:35,15.8,15.85,2750,16.95,2750,0,38500
IGL30Jan20425PE.NFO,07/01/2020,10:24:38,15.8,15.8,2750,16.95,2750,0,38500
IGL30Jan20425PE.NFO,07/01/2020,10:24:41,15.8,15.85,2750,16.95,2750,0,38500
IGL30Jan20425PE.NFO,07/01/2020,10:24:48,15.8,15.8,2750,16.95,2750,0,38500
IGL30Jan20425PE.NFO,07/01/2020,10:24:51,15.8,15.85,2750,16.95,2750,0,38500
IGL30Jan20425PE.NFO,07/01/2020,10:24:57,15.8,15.9,2750,17.05,2750,0,38500
IGL30Jan20425PE.NFO,07/01/2020,10:25:00,15.8,16,5500,17.05,2750,0,38500
IGL30Jan20425PE.NFO,07/01/2020,10:27:18,15.8,16,5500,17.15,13750,0,38500
IGL30Jan20425PE.NFO,07/01/2020,10:27:42,15.8,16,5500,17.15,19250,0,38500
IGL30Jan20425PE.NFO,07/01/2020,10:27:50,15.8,16,5500,17.15,13750,0,38500
IGL30Jan20425PE.NFO,07/01/2020,10:27:53,15.8,16,5500,17.05,2750,0,38500
IGL30Jan20425PE.NFO,07/01/2020,10:28:21,15.8,16,5500,17,2750,0,38500
IGL30Jan20425PE.NFO,07/01/2020,10:28:58,15.8,16,5500,17.05,2750,0,38500
IGL30Jan20425PE.NFO,07/01/2020,10:29:01,15.8,16,5500,17.15,19250,0,38500
IGL30Jan20425PE.NFO,07/01/2020,10:29:10,15.8,16,8250,17.05,2750,0,38500
IGL30Jan20425PE.NFO,07/01/2020,10:29:26,15.8,16,8250,17.15,13750,0,38500
IGL30Jan20425PE.NFO,07/01/2020,10:30:01,15.8,16,8250,17.1,8250,0,38500
IGL30Jan20425PE.NFO,07/01/2020,10:30:07,15.8,16,8250,17.1,2750,0,38500
IGL30Jan20425PE.NFO,07/01/2020,10:30:09,15.8,16,8250,17.1,8250,0,38500
IGL30Jan20425PE.NFO,07/01/2020,10:30:17,15.8,16,8250,17.05,2750,0,38500
IGL30Jan20425PE.NFO,07/01/2020,10:30:33,15.8,16,8250,17.1,2750,0,38500
IGL30Jan20425PE.NFO,07/01/2020,10:30:36,15.8,16,8250,17.05,2750,0,38500
IGL30Jan20425PE.NFO,07/01/2020,10:30:42,15.8,16,8250,17.1,2750,0,38500
IGL30Jan20425PE.NFO,07/01/2020,10:31:36,15.8,16,8250,17.5,13750,0,38500
IGL30Jan20425PE.NFO,07/01/2020,10:31:39,15.8,16,8250,17.5,24750,0,38500
IGL30Jan20425PE.NFO,07/01/2020,10:31:43,15.8,16,8250,17.45,8250,0,38500
IGL30Jan20425PE.NFO,07/01/2020,10:32:05,15.8,16,8250,17.45,19250,0,38500
IGL30Jan20425PE.NFO,07/01/2020,10:32:09,15.8,16,8250,17.35,2750,0,38500
IGL30Jan20425PE.NFO,07/01/2020,10:32:17,15.8,16,8250,17.45,8250,0,38500
IGL30Jan20425PE.NFO,07/01/2020,10:32:21,15.8,16,8250,17.35,8250,0,38500
IGL30Jan20425PE.NFO,07/01/2020,10:32:28,15.8,16,8250,17.35,13750,0,38500
IGL30Jan20425PE.NFO,07/01/2020,10:32:35,15.8,16,8250,17.35,19250,0,38500
IGL30Jan20425PE.NFO,07/01/2020,10:32:40,15.8,16,8250,17.35,2750,0,38500
IGL30Jan20425PE.NFO,07/01/2020,10:32:44,15.8,16,8250,17.35,19250,0,38500
IGL30Jan20425PE.NFO,07/01/2020,10:32:59,15.8,16,8250,17.3,24750,0,38500
IGL30Jan20425PE.NFO,07/01/2020,10:33:02,15.8,16,8250,17.3,13750,0,38500
IGL30Jan20425PE.NFO,07/01/2020,10:33:16,15.8,16,8250,17.2,8250,0,38500
IGL30Jan20425PE.NFO,07/01/2020,10:33:32,15.8,16,8250,17.2,19250,0,38500
IGL30Jan20425PE.NFO,07/01/2020,10:33:35,15.8,16,8250,17.15,2750,0,38500
IGL30Jan20425PE.NFO,07/01/2020,10:33:49,15.8,16,8250,17.15,8250,0,38500
IGL30Jan20425PE.NFO,07/01/2020,10:33:50,15.8,16,8250,17.15,2750,0,38500
IGL30Jan20425PE.NFO,07/01/2020,10:34:09,15.8,16.3,2750,17.7,27500,0,38500
IGL30Jan20425PE.NFO,07/01/2020,10:34:13,15.8,16.2,2750,17.65,24750,0,38500
IGL30Jan20425PE.NFO,07/01/2020,10:34:17,15.8,16.4,5500,17.65,35750,0,38500
IGL30Jan20425PE.NFO,07/01/2020,10:34:20,15.8,16.35,2750,17.6,13750,0,38500
IGL30Jan20425PE.NFO,07/01/2020,10:34:25,15.8,16.3,2750,17.45,24750,0,38500
IGL30Jan20425PE.NFO,07/01/2020,10:34:30,15.8,16.25,2750,17.45,8250,0,38500
IGL30Jan20425PE.NFO,07/01/2020,10:34:34,15.8,16.4,2750,17.45,11000,0,38500
IGL30Jan20425PE.NFO,07/01/2020,10:34:38,15.8,16.35,2750,17.55,27500,0,38500
IGL30Jan20425PE.NFO,07/01/2020,10:34:42,15.8,16.3,2750,17.45,19250,0,38500
IGL30Jan20425PE.NFO,07/01/2020,10:34:46,15.8,16.2,2750,17.45,35750,0,38500
IGL30Jan20425PE.NFO,07/01/2020,10:34:51,15.8,16.3,2750,17.45,30250,0,38500
IGL30Jan20425PE.NFO,07/01/2020,10:34:55,15.8,16.2,5500,17.45,30250,0,38500
IGL30Jan20425PE.NFO,07/01/2020,10:34:59,15.8,16.2,2750,17.45,30250,0,38500
IGL30Jan20425PE.NFO,07/01/2020,10:35:12,15.8,16.3,2750,17.45,30250,0,38500
IGL30Jan20425PE.NFO,07/01/2020,10:35:16,15.8,16.25,2750,17.45,41250,0,38500
IGL30Jan20425PE.NFO,07/01/2020,10:35:19,15.8,16.25,2750,17.45,30250,0,38500
IGL30Jan20425PE.NFO,07/01/2020,10:35:22,15.8,16.3,2750,17.45,30250,0,38500
IGL30Jan20425PE.NFO,07/01/2020,10:35:25,15.8,16.4,2750,17.45,24750,0,38500
IGL30Jan20425PE.NFO,07/01/2020,10:35:29,15.8,16.3,2750,17.45,30250,0,38500
IGL30Jan20425PE.NFO,07/01/2020,10:35:33,15.8,16.3,2750,17.45,24750,0,38500
IGL30Jan20425PE.NFO,07/01/2020,10:35:47,15.8,16.4,2750,17.45,30250,0,38500
IGL30Jan20425PE.NFO,07/01/2020,10:35:50,15.8,16.4,2750,17.45,24750,0,38500
IGL30Jan20425PE.NFO,07/01/2020,10:35:53,15.8,16.35,2750,17.45,24750,0,38500
IGL30Jan20425PE.NFO,07/01/2020,10:35:56,15.8,16.35,2750,17.45,30250,0,38500
IGL30Jan20425PE.NFO,07/01/2020,10:36:03,15.8,16.35,2750,17.45,24750,0,38500
IGL30Jan20425PE.NFO,07/01/2020,10:36:08,15.8,16.4,5500,17.45,30250,0,38500
IGL30Jan20425PE.NFO,07/01/2020,10:36:11,15.8,16.4,5500,17.45,24750,0,38500
IGL30Jan20425PE.NFO,07/01/2020,10:36:15,15.8,16.4,5500,17.45,30250,0,38500
IGL30Jan20425PE.NFO,07/01/2020,10:36:36,15.8,16.35,2750,17.45,30250,0,38500
IGL30Jan20425PE.NFO,07/01/2020,10:36:38,15.8,16.45,2750,17.45,35750,0,38500
IGL30Jan20425PE.NFO,07/01/2020,10:36:41,15.8,16.45,2750,17.45,30250,0,38500
IGL30Jan20425PE.NFO,07/01/2020,10:36:48,15.8,16.4,2750,17.4,22000,0,38500
IGL30Jan20425PE.NFO,07/01/2020,10:37:05,15.8,16.45,2750,17.5,27500,0,38500
IGL30Jan20425PE.NFO,07/01/2020,10:37:09,15.8,16.45,2750,17.35,8250,0,38500
IGL30Jan20425PE.NFO,07/01/2020,10:37:13,15.8,16.45,2750,17.35,2750,0,38500
IGL30Jan20425PE.NFO,07/01/2020,10:37:21,15.8,16.45,2750,17.5,27500,0,38500
IGL30Jan20425PE.NFO,07/01/2020,10:37:25,15.8,16.45,2750,17.4,24750,0,38500
IGL30Jan20425PE.NFO,07/01/2020,10:37:29,15.8,16.45,5500,17.4,13750,0,38500
IGL30Jan20425PE.NFO,07/01/2020,10:37:32,15.8,16.45,5500,17.4,2750,0,38500
IGL30Jan20425PE.NFO,07/01/2020,10:37:36,15.8,16.55,2750,17.55,11000,0,38500
IGL30Jan20425PE.NFO,07/01/2020,10:37:41,15.8,16.6,2750,17.5,2750,0,38500
IGL30Jan20425PE.NFO,07/01/2020,10:37:45,15.8,16.5,2750,17.5,8250,0,38500
IGL30Jan20425PE.NFO,07/01/2020,10:37:54,15.8,16.45,2750,17.5,30250,0,38500
IGL30Jan20425PE.NFO,07/01/2020,10:37:59,15.8,16.45,2750,17.5,24750,0,38500
IGL30Jan20425PE.NFO,07/01/2020,10:38:07,15.8,16.45,2750,17.45,19250,0,38500
IGL30Jan20425PE.NFO,07/01/2020,10:38:09,15.8,16.45,2750,17.45,8250,0,38500
IGL30Jan20425PE.NFO,07/01/2020,10:38:12,15.8,16.45,2750,17.45,2750,0,38500
IGL30Jan20425PE.NFO,07/01/2020,10:38:17,15.8,16.45,2750,17.5,13750,0,38500
IGL30Jan20425PE.NFO,07/01/2020,10:38:23,15.8,16.45,2750,17.4,2750,0,38500
IGL30Jan20425PE.NFO,07/01/2020,10:38:27,15.8,16.45,2750,17.6,41250,0,38500
IGL30Jan20425PE.NFO,07/01/2020,10:38:30,15.8,16.45,2750,17.4,8250,0,38500
IGL30Jan20425PE.NFO,07/01/2020,10:38:41,15.8,16.45,2750,17.4,19250,0,38500
IGL30Jan20425PE.NFO,07/01/2020,10:38:56,15.8,16.5,2750,17.4,2750,0,38500
IGL30Jan20425PE.NFO,07/01/2020,10:39:00,15.8,16,8250,17.4,16500,0,38500
IGL30Jan20425PE.NFO,07/01/2020,10:39:05,15.8,16.45,5500,17.45,8250,0,38500
IGL30Jan20425PE.NFO,07/01/2020,10:39:09,15.8,16.45,2750,17.45,24750,0,38500
IGL30Jan20425PE.NFO,07/01/2020,10:39:12,15.8,16.55,2750,17.75,46750,0,38500
IGL30Jan20425PE.NFO,07/01/2020,10:39:24,15.8,16.55,2750,17.7,46750,0,38500
IGL30Jan20425PE.NFO,07/01/2020,10:39:38,15.8,16.55,2750,17.7,41250,0,38500
IGL30Jan20425PE.NFO,07/01/2020,10:39:41,15.8,16.55,2750,17.7,46750,0,38500
IGL30Jan20425PE.NFO,07/01/2020,10:39:50,15.8,16.65,2750,17.7,46750,0,38500
IGL30Jan20425PE.NFO,07/01/2020,10:39:53,15.8,16.65,2750,17.7,41250,0,38500
IGL30Jan20425PE.NFO,07/01/2020,10:40:03,15.8,16.65,2750,17.55,24750,0,38500
IGL30Jan20425PE.NFO,07/01/2020,10:40:08,15.8,16.65,2750,17.55,46750,0,38500
IGL30Jan20425PE.NFO,07/01/2020,10:40:12,15.8,16.65,2750,17.55,24750,0,38500
IGL30Jan20425PE.NFO,07/01/2020,10:40:16,15.8,16.65,2750,17.55,41250,0,38500
IGL30Jan20425PE.NFO,07/01/2020,10:40:19,15.8,16.65,2750,17.55,35750,0,38500
IGL30Jan20425PE.NFO,07/01/2020,10:40:22,15.8,16.65,2750,17.55,24750,0,38500
IGL30Jan20425PE.NFO,07/01/2020,10:40:41,15.8,16.45,2750,17.55,41250,0,38500
IGL30Jan20425PE.NFO,07/01/2020,10:40:44,15.8,16.45,5500,17.55,24750,0,38500
IGL30Jan20425PE.NFO,07/01/2020,10:40:56,15.8,16.45,2750,17.55,24750,0,38500
IGL30Jan20425PE.NFO,07/01/2020,10:41:00,15.8,16.45,5500,17.55,35750,0,38500
IGL30Jan20425PE.NFO,07/01/2020,10:41:24,15.8,16.45,5500,17.55,19250,0,38500
IGL30Jan20425PE.NFO,07/01/2020,10:41:35,15.8,16.55,2750,17.55,19250,0,38500
IGL30Jan20425PE.NFO,07/01/2020,10:41:37,15.8,16.55,2750,17.55,24750,0,38500
IGL30Jan20425PE.NFO,07/01/2020,10:41:41,15.8,16.55,2750,17.55,30250,0,38500
IGL30Jan20425PE.NFO,07/01/2020,10:42:04,15.8,16.55,2750,17.5,16500,0,38500
IGL30Jan20425PE.NFO,07/01/2020,10:42:07,15.8,16.45,2750,17.4,8250,0,38500
IGL30Jan20425PE.NFO,07/01/2020,10:42:11,15.8,16.45,5500,17.4,13750,0,38500
IGL30Jan20425PE.NFO,07/01/2020,10:42:22,15.8,16.45,2750,17.4,13750,0,38500
IGL30Jan20425PE.NFO,07/01/2020,10:42:24,15.8,16.45,2750,17.4,8250,0,38500
IGL30Jan20425PE.NFO,07/01/2020,10:42:30,15.8,16.55,2750,17.4,8250,0,38500
IGL30Jan20425PE.NFO,07/01/2020,10:42:53,15.8,16.55,2750,17.4,2750,0,38500
IGL30Jan20425PE.NFO,07/01/2020,10:43:13,15.8,16.55,5500,17.4,2750,0,38500
IGL30Jan20425PE.NFO,07/01/2020,10:43:27,15.8,16.55,2750,17.4,2750,0,38500
IGL30Jan20425PE.NFO,07/01/2020,10:43:34,15.8,16.55,5500,17.4,2750,0,38500
IGL30Jan20425PE.NFO,07/01/2020,10:43:37,15.8,16.55,2750,17.4,2750,0,38500
IGL30Jan20425PE.NFO,07/01/2020,10:43:41,15.8,16.55,5500,17.4,2750,0,38500
IGL30Jan20425PE.NFO,07/01/2020,10:43:46,15.8,16.55,2750,17.4,2750,0,38500
IGL30Jan20425PE.NFO,07/01/2020,10:43:50,15.8,16.55,2750,17.35,2750,0,38500
IGL30Jan20425PE.NFO,07/01/2020,10:43:57,15.8,16.55,5500,17.35,2750,0,38500
IGL30Jan20425PE.NFO,07/01/2020,10:44:00,15.8,16.55,5500,17.3,5500,0,38500
IGL30Jan20425PE.NFO,07/01/2020,10:44:07,15.8,16.55,2750,17.3,5500,0,38500
IGL30Jan20425PE.NFO,07/01/2020,10:44:16,15.8,16.55,5500,17.3,5500,0,38500
IGL30Jan20425PE.NFO,07/01/2020,10:44:19,15.8,16.55,2750,17.3,5500,0,38500
IGL30Jan20425PE.NFO,07/01/2020,10:44:28,15.8,16.55,2750,17.5,19250,0,38500
IGL30Jan20425PE.NFO,07/01/2020,10:44:57,15.8,16.55,2750,17.5,13750,0,38500
IGL30Jan20425PE.NFO,07/01/2020,10:45:01,15.8,16.55,2750,17.5,19250,0,38500
IGL30Jan20425PE.NFO,07/01/2020,10:45:24,15.8,16.55,2750,17.45,2750,0,38500
IGL30Jan20425PE.NFO,07/01/2020,10:45:27,15.8,16.55,2750,17.35,2750,0,38500
IGL30Jan20425PE.NFO,07/01/2020,10:45:30,15.8,16.55,2750,17.3,2750,0,38500
IGL30Jan20425PE.NFO,07/01/2020,10:47:20,15.8,16.55,2750,17.25,2750,0,38500
IGL30Jan20425PE.NFO,07/01/2020,10:47:38,15.8,16.55,2750,17.2,5500,0,38500
IGL30Jan20425PE.NFO,07/01/2020,10:47:41,15.8,16.45,2750,17.2,5500,0,38500
IGL30Jan20425PE.NFO,07/01/2020,10:47:44,15.8,16.45,5500,17.2,5500,0,38500
IGL30Jan20425PE.NFO,07/01/2020,10:47:56,15.8,16.45,2750,17.2,5500,0,38500
IGL30Jan20425PE.NFO,07/01/2020,10:47:59,15.8,16.45,5500,17.2,5500,0,38500
IGL30Jan20425PE.NFO,07/01/2020,10:48:02,15.8,16.55,2750,17.2,5500,0,38500
IGL30Jan20425PE.NFO,07/01/2020,10:48:06,15.8,16.55,2750,17.15,2750,0,38500
IGL30Jan20425PE.NFO,07/01/2020,10:48:10,15.8,16.55,2750,17.2,5500,0,38500
IGL30Jan20425PE.NFO,07/01/2020,10:48:28,15.8,16.45,2750,17.2,5500,0,38500
IGL30Jan20425PE.NFO,07/01/2020,10:48:30,15.8,16.5,2750,17.2,5500,0,38500
IGL30Jan20425PE.NFO,07/01/2020,10:48:35,15.8,16.6,5500,17.15,5500,0,38500
IGL30Jan20425PE.NFO,07/01/2020,10:48:40,15.8,16.6,2750,17.1,2750,0,38500
IGL30Jan20425PE.NFO,07/01/2020,10:48:44,15.8,16.6,5500,17.1,2750,0,38500
IGL30Jan20425PE.NFO,07/01/2020,10:48:48,15.8,16.6,2750,17.1,2750,0,38500
IGL30Jan20425PE.NFO,07/01/2020,10:48:55,15.8,16.6,5500,17.1,2750,0,38500
IGL30Jan20425PE.NFO,07/01/2020,10:49:27,15.8,16.45,2750,17.1,2750,0,38500
IGL30Jan20425PE.NFO,07/01/2020,10:49:30,15.8,16.55,5500,17.1,2750,0,38500
IGL30Jan20425PE.NFO,07/01/2020,10:49:59,15.8,16.55,5500,17,2750,0,38500
IGL30Jan20425PE.NFO,07/01/2020,10:50:04,15.8,16.55,5500,17.3,2750,0,38500
IGL30Jan20425PE.NFO,07/01/2020,10:50:10,15.8,16.55,5500,17.35,5500,0,38500
IGL30Jan20425PE.NFO,07/01/2020,10:50:20,15.8,16.55,5500,17.35,2750,0,38500
IGL30Jan20425PE.NFO,07/01/2020,10:50:25,15.8,16.55,5500,17.3,2750,0,38500
IGL30Jan20425PE.NFO,07/01/2020,10:50:33,15.8,16.55,5500,17.15,2750,0,38500
IGL30Jan20425PE.NFO,07/01/2020,10:50:41,15.8,16.55,5500,17.1,2750,0,38500
IGL30Jan20425PE.NFO,07/01/2020,10:50:54,15.8,16.6,2750,17.1,2750,0,38500
IGL30Jan20425PE.NFO,07/01/2020,10:50:58,15.8,16.6,5500,17.15,2750,0,38500
IGL30Jan20425PE.NFO,07/01/2020,10:51:57,15.8,16.6,2750,17.15,2750,0,38500
IGL30Jan20425PE.NFO,07/01/2020,10:52:04,15.8,16.4,2750,17.15,2750,0,38500
IGL30Jan20425PE.NFO,07/01/2020,10:52:09,15.8,16.45,2750,17.15,2750,0,38500
IGL30Jan20425PE.NFO,07/01/2020,10:52:12,15.8,16.6,2750,17.15,2750,0,38500
IGL30Jan20425PE.NFO,07/01/2020,10:52:20,15.8,16.55,2750,17.15,2750,0,38500
IGL30Jan20425PE.NFO,07/01/2020,10:52:25,15.8,16.45,2750,17.15,2750,0,38500
IGL30Jan20425PE.NFO,07/01/2020,10:52:28,15.8,16.55,2750,17.15,2750,0,38500
IGL30Jan20425PE.NFO,07/01/2020,10:52:32,15.8,16.4,2750,17.15,2750,0,38500
IGL30Jan20425PE.NFO,07/01/2020,10:52:36,15.8,16.55,2750,17.15,2750,0,38500
IGL30Jan20425PE.NFO,07/01/2020,10:52:45,15.8,16.5,2750,17.15,2750,0,38500
IGL30Jan20425PE.NFO,07/01/2020,10:52:49,15.8,16.6,2750,17.15,2750,0,38500
IGL30Jan20425PE.NFO,07/01/2020,10:52:57,15.8,16.45,2750,17.15,2750,0,38500
IGL30Jan20425PE.NFO,07/01/2020,10:53:02,15.8,16.4,2750,17.15,2750,0,38500
IGL30Jan20425PE.NFO,07/01/2020,10:53:08,15.8,16.55,2750,17.15,2750,0,38500
IGL30Jan20425PE.NFO,07/01/2020,10:53:13,15.8,16.45,2750,17.15,2750,0,38500
IGL30Jan20425PE.NFO,07/01/2020,10:53:19,15.8,16.75,2750,17.35,2750,0,38500
IGL30Jan20425PE.NFO,07/01/2020,10:53:29,15.8,16.65,2750,17.35,2750,0,38500
IGL30Jan20425PE.NFO,07/01/2020,10:53:35,15.8,16.75,2750,17.35,2750,0,38500
IGL30Jan20425PE.NFO,07/01/2020,10:53:39,15.8,16.65,2750,17.35,2750,0,38500
IGL30Jan20425PE.NFO,07/01/2020,10:53:45,15.8,16.75,2750,17.35,2750,0,38500
IGL30Jan20425PE.NFO,07/01/2020,10:53:50,15.8,16.75,2750,17.45,2750,0,38500
IGL30Jan20425PE.NFO,07/01/2020,10:53:56,15.8,16.85,2750,17.45,2750,0,38500
IGL30Jan20425PE.NFO,07/01/2020,10:54:01,15.8,16.9,2750,17.45,2750,0,38500
IGL30Jan20425PE.NFO,07/01/2020,10:54:10,15.8,16.9,2750,17.6,2750,0,38500
IGL30Jan20425PE.NFO,07/01/2020,10:54:16,15.8,16.85,2750,17.6,2750,0,38500
IGL30Jan20425PE.NFO,07/01/2020,10:54:21,15.8,16.75,2750,17.6,2750,0,38500
IGL30Jan20425PE.NFO,07/01/2020,10:54:25,15.8,16.85,2750,17.65,5500,0,38500
IGL30Jan20425PE.NFO,07/01/2020,10:54:30,15.8,16.95,2750,17.6,2750,0,38500
IGL30Jan20425PE.NFO,07/01/2020,10:54:33,15.8,16.9,2750,17.6,2750,0,38500
IGL30Jan20425PE.NFO,07/01/2020,10:54:37,15.8,16.95,2750,17.6,2750,0,38500
IGL30Jan20425PE.NFO,07/01/2020,10:54:48,15.8,17.05,2750,17.6,2750,0,38500
IGL30Jan20425PE.NFO,07/01/2020,10:54:53,15.8,17.1,2750,17.6,2750,0,38500
IGL30Jan20425PE.NFO,07/01/2020,10:54:58,15.8,17.1,2750,17.65,5500,0,38500
IGL30Jan20425PE.NFO,07/01/2020,10:55:03,15.8,16.95,2750,17.75,5500,0,38500
IGL30Jan20425PE.NFO,07/01/2020,10:55:08,15.8,17,2750,17.75,5500,0,38500
IGL30Jan20425PE.NFO,07/01/2020,10:55:17,15.8,17.05,2750,17.75,5500,0,38500
IGL30Jan20425PE.NFO,07/01/2020,10:55:23,15.8,17.15,2750,17.85,5500,0,38500
IGL30Jan20425PE.NFO,07/01/2020,10:55:29,15.8,17.25,2750,17.85,5500,0,38500
IGL30Jan20425PE.NFO,07/01/2020,10:55:35,15.8,17.4,2750,18,2750,0,38500
IGL30Jan20425PE.NFO,07/01/2020,10:55:40,15.8,17.35,2750,18,2750,0,38500
IGL30Jan20425PE.NFO,07/01/2020,10:55:50,15.8,17.3,2750,18,2750,0,38500
IGL30Jan20425PE.NFO,07/01/2020,10:55:55,15.8,17.4,2750,18.4,2750,0,38500
IGL30Jan20425PE.NFO,07/01/2020,10:56:09,15.8,17.05,2750,18.2,13750,0,38500
IGL30Jan20425PE.NFO,07/01/2020,10:56:14,15.8,17.05,2750,18.15,27500,0,38500
IGL30Jan20425PE.NFO,07/01/2020,10:56:18,15.8,17.05,2750,18.15,22000,0,38500
IGL30Jan20425PE.NFO,07/01/2020,10:56:30,15.8,17.05,2750,18.15,19250,0,38500
IGL30Jan20425PE.NFO,07/01/2020,10:56:53,15.8,17.05,2750,18.15,5500,0,38500
IGL30Jan20425PE.NFO,07/01/2020,10:57:00,15.8,17.05,5500,18.1,2750,0,38500
IGL30Jan20425PE.NFO,07/01/2020,10:57:10,15.8,17.05,5500,18.25,19250,0,38500
IGL30Jan20425PE.NFO,07/01/2020,10:57:16,15.8,17.05,5500,18.25,13750,0,38500
IGL30Jan20425PE.NFO,07/01/2020,10:57:23,15.8,17.05,5500,18.25,8250,0,38500
IGL30Jan20425PE.NFO,07/01/2020,10:57:30,15.8,17.05,2750,18.25,33000,0,38500
IGL30Jan20425PE.NFO,07/01/2020,10:57:37,15.8,17.05,5500,18.2,19250,0,38500
IGL30Jan20425PE.NFO,07/01/2020,10:57:43,15.8,17.05,5500,18.2,35750,0,38500
IGL30Jan20425PE.NFO,07/01/2020,10:58:08,15.8,17.05,5500,18.2,24750,0,38500
IGL30Jan20425PE.NFO,07/01/2020,10:58:14,15.8,17.05,5500,18.2,19250,0,38500
IGL30Jan20425PE.NFO,07/01/2020,10:58:21,15.8,17.05,5500,18.4,35750,0,38500
IGL30Jan20425PE.NFO,07/01/2020,10:58:27,15.8,17.05,5500,18.35,2750,0,38500
IGL30Jan20425PE.NFO,07/01/2020,10:58:34,15.8,17.05,5500,18.35,24750,0,38500
IGL30Jan20425PE.NFO,07/01/2020,10:58:52,15.8,17.05,5500,18.35,30250,0,38500
IGL30Jan20425PE.NFO,07/01/2020,10:58:58,15.8,17.05,5500,18.35,19250,0,38500
IGL30Jan20425PE.NFO,07/01/2020,10:59:05,15.8,17.05,5500,18.3,22000,0,38500
IGL30Jan20425PE.NFO,07/01/2020,10:59:11,15.8,17.05,8250,18.65,38500,0,38500
IGL30Jan20425PE.NFO,07/01/2020,10:59:18,15.8,17.05,8250,18.55,24750,0,38500
IGL30Jan20425PE.NFO,07/01/2020,10:59:24,15.8,17.05,13750,18.55,35750,0,38500
IGL30Jan20425PE.NFO,07/01/2020,10:59:29,15.8,17.05,8250,18.55,35750,0,38500
IGL30Jan20425PE.NFO,07/01/2020,10:59:53,15.8,17.05,5500,18.55,35750,0,38500
IGL30Jan20425PE.NFO,07/01/2020,10:59:59,15.8,17.05,5500,18.45,19250,0,38500
IGL30Jan20425PE.NFO,07/01/2020,11:00:05,15.8,17.05,2750,18.35,5500,0,38500
IGL30Jan20425PE.NFO,07/01/2020,11:00:13,15.8,17.05,8250,18.3,5500,0,38500
IGL30Jan20425PE.NFO,07/01/2020,11:00:21,15.8,17.05,8250,18.3,2750,0,38500
IGL30Jan20425PE.NFO,07/01/2020,11:00:34,15.8,17.05,8250,18.35,8250,0,38500
IGL30Jan20425PE.NFO,07/01/2020,11:00:41,15.8,17.05,8250,18.65,46750,0,38500
IGL30Jan20425PE.NFO,07/01/2020,11:00:47,15.8,17.05,8250,18.55,35750,0,38500
IGL30Jan20425PE.NFO,07/01/2020,11:00:53,15.8,17.05,2750,18.55,33000,0,38500
IGL30Jan20425PE.NFO,07/01/2020,11:01:16,15.8,17.05,8250,18.5,24750,0,38500
IGL30Jan20425PE.NFO,07/01/2020,11:01:23,15.8,17.15,5500,18.5,16500,0,38500
IGL30Jan20425PE.NFO,07/01/2020,11:01:38,15.8,17.15,5500,18.45,11000,0,38500
IGL30Jan20425PE.NFO,07/01/2020,11:01:46,15.8,17.15,2750,18.45,11000,0,38500
IGL30Jan20425PE.NFO,07/01/2020,11:01:54,15.8,17.15,5500,18.4,13750,0,38500
IGL30Jan20425PE.NFO,07/01/2020,11:02:01,15.8,17.15,5500,18.4,11000,0,38500
IGL30Jan20425PE.NFO,07/01/2020,11:02:08,15.8,17.15,5500,18.35,13750,0,38500
IGL30Jan20425PE.NFO,07/01/2020,11:02:15,15.8,17.15,2750,18.35,11000,0,38500
IGL30Jan20425PE.NFO,07/01/2020,11:02:22,15.8,17.15,5500,18.3,2750,0,38500
IGL30Jan20425PE.NFO,07/01/2020,11:02:27,15.8,17,5500,18.3,11000,0,38500
IGL30Jan20425PE.NFO,07/01/2020,11:02:34,15.8,17,8250,18.25,2750,0,38500
IGL30Jan20425PE.NFO,07/01/2020,11:02:40,15.8,17,8250,18.25,13750,0,38500
IGL30Jan20425PE.NFO,07/01/2020,11:02:47,15.8,17,8250,18.45,24750,0,38500
IGL30Jan20425PE.NFO,07/01/2020,11:02:53,15.8,17.3,2750,18.4,13750,0,38500
IGL30Jan20425PE.NFO,07/01/2020,11:03:00,15.8,17.3,5500,18.4,13750,0,38500
IGL30Jan20425PE.NFO,07/01/2020,11:03:06,15.8,17.25,8250,18.35,2750,0,38500
IGL30Jan20425PE.NFO,07/01/2020,11:03:27,15.8,17.25,5500,18.35,8250,0,38500
IGL30Jan20425PE.NFO,07/01/2020,11:03:32,15.8,17.25,5500,18.55,30250,0,38500
IGL30Jan20425PE.NFO,07/01/2020,11:03:40,15.8,17.25,2750,18.55,38500,0,38500
IGL30Jan20425PE.NFO,07/01/2020,11:03:47,15.8,17.25,2750,18.5,38500,0,38500
IGL30Jan20425PE.NFO,07/01/2020,11:03:54,15.8,17.25,5500,18.45,8250,0,38500
IGL30Jan20425PE.NFO,07/01/2020,11:04:01,15.8,17.25,5500,18.25,5500,0,38500
IGL30Jan20425PE.NFO,07/01/2020,11:04:08,15.8,17.25,2750,18.5,13750,0,38500
IGL30Jan20425PE.NFO,07/01/2020,11:04:14,15.8,17.25,5500,18.35,5500,0,38500
IGL30Jan20425PE.NFO,07/01/2020,11:04:21,15.8,17.25,5500,18.25,5500,0,38500
IGL30Jan20425PE.NFO,07/01/2020,11:04:27,15.8,17.25,5500,18.2,2750,0,38500
IGL30Jan20425PE.NFO,07/01/2020,11:04:34,15.8,17.25,2750,18.4,5500,0,38500
IGL30Jan20425PE.NFO,07/01/2020,11:04:41,15.8,17.25,5500,18.35,2750,0,38500
IGL30Jan20425PE.NFO,07/01/2020,11:04:54,15.8,17.25,5500,18.45,19250,0,38500
IGL30Jan20425PE.NFO,07/01/2020,11:05:01,15.8,17.25,2750,18.45,5500,0,38500
IGL30Jan20425PE.NFO,07/01/2020,11:05:08,15.8,17.25,8250,18.35,2750,0,38500
IGL30Jan20425PE.NFO,07/01/2020,11:05:15,15.8,17.25,5500,18.4,5500,0,38500
IGL30Jan20425PE.NFO,07/01/2020,11:05:22,15.8,17.25,5500,18.3,2750,0,38500
IGL30Jan20425PE.NFO,07/01/2020,11:05:36,15.8,16.8,8250,18.5,30250,0,38500
IGL30Jan20425PE.NFO,07/01/2020,11:05:43,15.8,16.8,8250,18.3,2750,0,38500
IGL30Jan20425PE.NFO,07/01/2020,11:05:57,15.8,16.8,5500,18.35,5500,0,38500
IGL30Jan20425PE.NFO,07/01/2020,11:06:04,15.8,16.8,8250,18.2,2750,0,38500
IGL30Jan20425PE.NFO,07/01/2020,11:06:10,15.8,16.8,8250,18.25,2750,0,38500
IGL30Jan20425PE.NFO,07/01/2020,11:06:24,15.8,16.9,8250,18.25,2750,0,38500
IGL30Jan20425PE.NFO,07/01/2020,11:06:35,15.8,16.9,8250,18.2,8250,0,38500
IGL30Jan20425PE.NFO,07/01/2020,11:06:40,15.8,16.9,8250,18.1,2750,0,38500
IGL30Jan20425PE.NFO,07/01/2020,11:06:45,15.8,16.9,8250,18.15,5500,0,38500
IGL30Jan20425PE.NFO,07/01/2020,11:07:00,15.8,16.9,5500,18.45,30250,0,38500
IGL30Jan20425PE.NFO,07/01/2020,11:07:06,15.8,16.9,8250,18.3,2750,0,38500
IGL30Jan20425PE.NFO,07/01/2020,11:07:11,15.8,16.9,8250,18.2,2750,0,38500
IGL30Jan20425PE.NFO,07/01/2020,11:07:37,15.8,16.9,5500,18.35,5500,0,38500
IGL30Jan20425PE.NFO,07/01/2020,11:07:43,15.8,16.9,8250,18.25,2750,0,38500
IGL30Jan20425PE.NFO,07/01/2020,11:07:48,15.8,16.9,8250,18.3,2750,0,38500
IGL30Jan20425PE.NFO,07/01/2020,11:07:53,15.8,16.9,8250,18.3,8250,0,38500
IGL30Jan20425PE.NFO,07/01/2020,11:07:59,15.8,16.9,8250,18.25,2750,0,38500
IGL30Jan20425PE.NFO,07/01/2020,11:08:04,15.8,16.9,8250,18.3,5500,0,38500
IGL30Jan20425PE.NFO,07/01/2020,11:08:18,15.8,16.9,8250,18.2,2750,0,38500
IGL30Jan20425PE.NFO,07/01/2020,11:08:23,15.8,16.9,8250,18.2,5500,0,38500
IGL30Jan20425PE.NFO,07/01/2020,11:08:39,15.8,16.9,8250,18.15,2750,0,38500
IGL30Jan20425PE.NFO,07/01/2020,11:08:44,15.8,16.9,8250,18.2,5500,0,38500
IGL30Jan20425PE.NFO,07/01/2020,11:08:48,15.8,16.9,8250,18.25,2750,0,38500
IGL30Jan20425PE.NFO,07/01/2020,11:08:53,15.8,16.9,8250,18.3,2750,0,38500
IGL30Jan20425PE.NFO,07/01/2020,11:08:58,15.8,16.9,13750,18.3,2750,0,38500
IGL30Jan20425PE.NFO,07/01/2020,11:09:03,15.8,16.9,8250,18.35,5500,0,38500
IGL30Jan20425PE.NFO,07/01/2020,11:09:08,15.8,16.9,8250,18.3,2750,0,38500
IGL30Jan20425PE.NFO,07/01/2020,11:09:13,15.8,17,8250,18.25,2750,0,38500
IGL30Jan20425PE.NFO,07/01/2020,11:09:18,15.8,17,8250,18.3,2750,0,38500
IGL30Jan20425PE.NFO,07/01/2020,11:09:46,15.8,17.25,5500,18.3,2750,0,38500
IGL30Jan20425PE.NFO,07/01/2020,11:11:32,15.8,17.15,8250,18.35,2750,0,38500
IGL30Jan20425PE.NFO,07/01/2020,11:11:39,15.8,17.25,8250,18.35,2750,0,38500
IGL30Jan20425PE.NFO,07/01/2020,11:11:58,15.8,17.25,5500,18.4,5500,0,38500
IGL30Jan20425PE.NFO,07/01/2020,11:12:07,15.8,17.25,8250,18.35,2750,0,38500
IGL30Jan20425PE.NFO,07/01/2020,11:12:14,15.8,17.25,8250,18.3,2750,0,38500
IGL30Jan20425PE.NFO,07/01/2020,11:12:22,15.8,17.25,8250,18.35,2750,0,38500
IGL30Jan20425PE.NFO,07/01/2020,11:12:29,15.8,17.25,5500,18.4,5500,0,38500
IGL30Jan20425PE.NFO,07/01/2020,11:12:35,15.8,17.25,8250,18.35,2750,0,38500
IGL30Jan20425PE.NFO,07/01/2020,11:12:41,15.8,17.25,8250,18.3,2750,0,38500
IGL30Jan20425PE.NFO,07/01/2020,11:13:13,15.8,17.5,5500,18.6,2750,0,38500
IGL30Jan20425PE.NFO,07/01/2020,11:13:19,15.8,17.55,2750,18.6,2750,0,38500
IGL30Jan20425PE.NFO,07/01/2020,11:13:24,15.8,17.55,2750,18.5,2750,0,38500
IGL30Jan20425PE.NFO,07/01/2020,11:13:29,15.8,17.5,5500,18.55,5500,0,38500
IGL30Jan20425PE.NFO,07/01/2020,11:13:36,15.8,17.25,8250,18.8,30250,0,38500
IGL30Jan20425PE.NFO,07/01/2020,11:13:42,15.8,17.25,8250,18.6,2750,0,38500
IGL30Jan20425PE.NFO,07/01/2020,11:13:54,15.8,17.5,5500,18.6,2750,0,38500
IGL30Jan20425PE.NFO,07/01/2020,11:13:59,15.8,17.5,5500,18.65,8250,0,38500
IGL30Jan20425PE.NFO,07/01/2020,11:14:04,15.8,17.5,5500,18.6,2750,0,38500
IGL30Jan20425PE.NFO,07/01/2020,11:14:16,15.8,17.55,8250,18.55,2750,0,38500
IGL30Jan20425PE.NFO,07/01/2020,11:14:22,15.8,17.55,8250,18.5,2750,0,38500
IGL30Jan20425PE.NFO,07/01/2020,11:14:27,15.8,17.55,8250,18.55,2750,0,38500
IGL30Jan20425PE.NFO,07/01/2020,11:14:32,15.8,17.55,8250,18.5,2750,0,38500
IGL30Jan20425PE.NFO,07/01/2020,11:14:42,15.8,17.55,5500,18.65,5500,0,38500
IGL30Jan20425PE.NFO,07/01/2020,11:14:47,15.8,17.55,8250,18.6,2750,0,38500
IGL30Jan20425PE.NFO,07/01/2020,11:15:05,15.8,17.55,5500,18.65,5500,0,38500
IGL30Jan20425PE.NFO,07/01/2020,11:15:11,15.8,17.55,8250,18.6,2750,0,38500
IGL30Jan20425PE.NFO,07/01/2020,11:15:17,15.8,17.55,8250,18.55,2750,0,38500
IGL30Jan20425PE.NFO,07/01/2020,11:15:21,15.8,17.55,8250,18.6,2750,0,38500
IGL30Jan20425PE.NFO,07/01/2020,11:15:33,15.8,17.55,8250,18.55,2750,0,38500
IGL30Jan20425PE.NFO,07/01/2020,11:15:43,15.8,17.55,8250,18.6,5500,0,38500
IGL30Jan20425PE.NFO,07/01/2020,11:15:59,15.8,17.55,8250,18.7,8250,0,38500
IGL30Jan20425PE.NFO,07/01/2020,11:16:05,15.8,17.55,8250,18.65,8250,0,38500
IGL30Jan20425PE.NFO,07/01/2020,11:16:12,15.8,17.55,8250,18.6,2750,0,38500
IGL30Jan20425PE.NFO,07/01/2020,11:16:25,15.8,17.55,8250,18.55,2750,0,38500
IGL30Jan20425PE.NFO,07/01/2020,11:16:31,15.8,17.55,8250,18.6,2750,0,38500
IGL30Jan20425PE.NFO,07/01/2020,11:16:41,15.8,17.55,8250,18.55,2750,0,38500
IGL30Jan20425PE.NFO,07/01/2020,11:16:47,15.8,17.75,8250,18.9,2750,0,38500
IGL30Jan20425PE.NFO,07/01/2020,11:16:54,15.8,17.75,8250,19.6,11000,0,38500
IGL30Jan20425PE.NFO,07/01/2020,11:17:00,15.8,18,5500,19.3,2750,0,38500
IGL30Jan20425PE.NFO,07/01/2020,11:17:05,15.8,18,5500,19.2,2750,0,38500
IGL30Jan20425PE.NFO,07/01/2020,11:17:10,15.8,18,5500,19,2750,0,38500
IGL30Jan20425PE.NFO,07/01/2020,11:17:14,15.8,18.05,2750,18.85,2750,0,38500
IGL30Jan20425PE.NFO,07/01/2020,11:17:19,15.8,18.05,2750,19.4,2750,0,38500
IGL30Jan20425PE.NFO,07/01/2020,11:17:24,15.8,18.05,2750,19.15,2750,0,38500
IGL30Jan20425PE.NFO,07/01/2020,11:17:28,15.8,18.05,2750,18.9,2750,0,38500
IGL30Jan20425PE.NFO,07/01/2020,11:17:33,15.8,18.05,2750,18.7,2750,0,38500
IGL30Jan20425PE.NFO,07/01/2020,11:17:40,15.8,17.75,8250,19.3,2750,0,38500
IGL30Jan20425PE.NFO,07/01/2020,11:17:47,15.8,17.75,8250,19,2750,0,38500
IGL30Jan20425PE.NFO,07/01/2020,11:17:51,15.8,17.75,8250,18.7,2750,0,38500
IGL30Jan20425PE.NFO,07/01/2020,11:18:27,15.8,18,5500,18.75,2750,0,38500
IGL30Jan20425PE.NFO,07/01/2020,11:18:37,15.8,18,5500,18.7,2750,0,38500
IGL30Jan20425PE.NFO,07/01/2020,11:18:43,15.8,17.8,5500,19.1,2750,0,38500
IGL30Jan20425PE.NFO,07/01/2020,11:18:55,15.8,17.8,5500,18.8,2750,0,38500
IGL30Jan20425PE.NFO,07/01/2020,11:19:19,15.8,18,8250,19.95,11000,0,38500
IGL30Jan20425PE.NFO,07/01/2020,11:19:27,15.8,18,8250,19.9,11000,0,38500
IGL30Jan20425PE.NFO,07/01/2020,11:19:34,15.8,18,8250,19.75,8250,0,38500
IGL30Jan20425PE.NFO,07/01/2020,11:19:40,15.8,18,8250,20,13750,0,38500
IGL30Jan20425PE.NFO,07/01/2020,11:19:47,15.8,18,8250,20.6,2750,0,38500
IGL30Jan20425PE.NFO,07/01/2020,11:19:53,15.8,18,8250,20,2750,0,38500
IGL30Jan20425PE.NFO,07/01/2020,11:19:58,15.8,18,8250,19.7,2750,0,38500
IGL30Jan20425PE.NFO,07/01/2020,11:20:02,15.8,18.05,2750,20.1,2750,0,38500
IGL30Jan20425PE.NFO,07/01/2020,11:20:09,15.8,18.05,2750,20.2,2750,0,38500
IGL30Jan20425PE.NFO,07/01/2020,11:20:14,15.8,18.05,2750,19.95,2750,0,38500
IGL30Jan20425PE.NFO,07/01/2020,11:20:20,15.8,18.05,2750,19.75,2750,0,38500
IGL30Jan20425PE.NFO,07/01/2020,11:20:25,15.8,18.05,2750,19.45,2750,0,38500
IGL30Jan20425PE.NFO,07/01/2020,11:20:31,15.8,18.05,2750,19.6,2750,0,38500
IGL30Jan20425PE.NFO,07/01/2020,11:20:36,15.8,18.05,2750,19.35,2750,0,38500
IGL30Jan20425PE.NFO,07/01/2020,11:20:41,15.8,18.05,2750,19.05,2750,0,38500
IGL30Jan20425PE.NFO,07/01/2020,11:20:46,15.8,18.05,2750,18.8,2750,0,38500
IGL30Jan20425PE.NFO,07/01/2020,11:20:51,15.8,18.05,2750,18.65,2750,0,38500
IGL30Jan20425PE.NFO,07/01/2020,11:20:57,15.8,18.05,2750,18.75,2750,0,38500
IGL30Jan20425PE.NFO,07/01/2020,11:21:08,15.8,18.05,2750,18.65,2750,0,38500
IGL30Jan20425PE.NFO,07/01/2020,11:21:12,15.8,18.05,2750,18.75,2750,0,38500
IGL30Jan20425PE.NFO,07/01/2020,11:21:17,15.8,18.05,2750,18.7,2750,0,38500
IGL30Jan20425PE.NFO,07/01/2020,11:21:33,15.8,17.8,5500,19.8,2750,0,38500
IGL30Jan20425PE.NFO,07/01/2020,11:21:39,15.8,18,2750,19,2750,0,38500
IGL30Jan20425PE.NFO,07/01/2020,11:21:45,15.8,18,8250,18.9,2750,0,38500
IGL30Jan20425PE.NFO,07/01/2020,11:22:02,15.8,18,8250,18.8,2750,0,38500
IGL30Jan20425PE.NFO,07/01/2020,11:22:06,15.8,18,8250,18.8,5500,0,38500
IGL30Jan20425PE.NFO,07/01/2020,11:22:09,15.8,18,8250,18.9,2750,0,38500
IGL30Jan20425PE.NFO,07/01/2020,11:22:27,15.8,18,8250,18.75,2750,0,38500
IGL30Jan20425PE.NFO,07/01/2020,11:22:32,15.8,18,8250,19.05,2750,0,38500
IGL30Jan20425PE.NFO,07/01/2020,11:22:37,15.8,18,8250,18.8,2750,0,38500
IGL30Jan20425PE.NFO,07/01/2020,11:22:41,15.8,18,8250,18.75,2750,0,38500
IGL30Jan20425PE.NFO,07/01/2020,11:22:46,15.8,18,8250,18.65,2750,0,38500
IGL30Jan20425PE.NFO,07/01/2020,11:22:50,15.8,18,8250,18.6,2750,0,38500
IGL30Jan20425PE.NFO,07/01/2020,11:22:55,15.8,18,8250,19.6,8250,0,38500
IGL30Jan20425PE.NFO,07/01/2020,11:23:01,15.8,18,8250,19.2,2750,0,38500
IGL30Jan20425PE.NFO,07/01/2020,11:23:07,15.8,18,8250,18.9,2750,0,38500
IGL30Jan20425PE.NFO,07/01/2020,11:23:12,15.8,18,8250,19.6,8250,0,38500
IGL30Jan20425PE.NFO,07/01/2020,11:23:17,15.8,18,5500,20.95,13750,0,38500
IGL30Jan20425PE.NFO,07/01/2020,11:23:22,15.8,18,8250,24.2,13750,0,38500
IGL30Jan20425PE.NFO,07/01/2020,11:23:26,15.8,18,8250,23.65,22000,0,38500
IGL30Jan20425PE.NFO,07/01/2020,11:23:31,15.8,18,8250,23.2,22000,0,38500
IGL30Jan20425PE.NFO,07/01/2020,11:23:34,15.8,18,8250,22.7,16500,0,38500
IGL30Jan20425PE.NFO,07/01/2020,11:23:38,15.8,18,8250,22.4,13750,0,38500
IGL30Jan20425PE.NFO,07/01/2020,11:23:43,15.8,18,5500,21.8,13750,0,38500
IGL30Jan20425PE.NFO,07/01/2020,11:23:48,15.8,18,5500,21.2,13750,0,38500
IGL30Jan20425PE.NFO,07/01/2020,11:23:52,15.8,18,5500,20.7,13750,0,38500
IGL30Jan20425PE.NFO,07/01/2020,11:23:57,15.8,18,5500,20.2,13750,0,38500
IGL30Jan20425PE.NFO,07/01/2020,11:24:03,15.8,18,5500,19.6,16500,0,38500
IGL30Jan20425PE.NFO,07/01/2020,11:24:09,15.8,18,5500,19.2,11000,0,38500
IGL30Jan20425PE.NFO,07/01/2020,11:24:14,15.8,18,2750,18.75,2750,0,38500
IGL30Jan20425PE.NFO,07/01/2020,11:24:19,15.8,18,2750,18.55,2750,0,38500
IGL30Jan20425PE.NFO,07/01/2020,11:24:24,15.8,18,2750,18.4,2750,0,38500
IGL30Jan20425PE.NFO,07/01/2020,11:24:43,15.8,18,2750,18.3,2750,0,38500
IGL30Jan20425PE.NFO,07/01/2020,11:25:05,15.8,17.55,2750,18.2,2750,0,38500
IGL30Jan20425PE.NFO,07/01/2020,11:25:10,15.8,17.55,2750,18.3,2750,0,38500
IGL30Jan20425PE.NFO,07/01/2020,11:25:14,15.8,17.55,2750,18.2,2750,0,38500
IGL30Jan20425PE.NFO,07/01/2020,11:25:19,15.8,17.55,2750,18.3,2750,0,38500
IGL30Jan20425PE.NFO,07/01/2020,11:25:44,15.8,17.55,2750,18.2,2750,0,38500
IGL30Jan20425PE.NFO,07/01/2020,11:26:25,15.8,17.5,2750,18.75,2750,0,38500
IGL30Jan20425PE.NFO,07/01/2020,11:26:30,15.8,17.5,2750,18.65,2750,0,38500
IGL30Jan20425PE.NFO,07/01/2020,11:26:35,15.8,17.5,2750,18.6,2750,0,38500
IGL30Jan20425PE.NFO,07/01/2020,11:26:40,15.8,17.5,2750,18.35,2750,0,38500
IGL30Jan20425PE.NFO,07/01/2020,11:26:46,15.8,17.5,2750,18.6,2750,0,38500
IGL30Jan20425PE.NFO,07/01/2020,11:26:50,15.8,17.55,5500,18.45,2750,0,38500
IGL30Jan20425PE.NFO,07/01/2020,11:26:54,15.8,17.55,5500,18.3,2750,0,38500
IGL30Jan20425PE.NFO,07/01/2020,11:26:58,15.8,17.55,5500,18.25,2750,0,38500
IGL30Jan20425PE.NFO,07/01/2020,11:28:19,15.8,17.55,5500,18.15,2750,0,38500
IGL30Jan20425PE.NFO,07/01/2020,11:28:26,15.8,17.55,5500,18.2,5500,0,38500
IGL30Jan20425PE.NFO,07/01/2020,11:28:33,15.8,17.55,5500,18.15,2750,0,38500
IGL30Jan20425PE.NFO,07/01/2020,11:28:42,15.8,17.55,5500,18.2,5500,0,38500
IGL30Jan20425PE.NFO,07/01/2020,11:28:45,15.8,17.55,5500,18.3,5500,0,38500
IGL30Jan20425PE.NFO,07/01/2020,11:29:30,15.8,17.55,5500,18.25,2750,0,38500
IGL30Jan20425PE.NFO,07/01/2020,11:29:41,15.8,17.55,5500,18.15,2750,0,38500
IGL30Jan20425PE.NFO,07/01/2020,11:30:12,15.8,17.55,5500,18.2,5500,0,38500
IGL30Jan20425PE.NFO,07/01/2020,11:30:37,15.8,17.55,5500,18.25,2750,0,38500
IGL30Jan20425PE.NFO,07/01/2020,11:31:02,15.8,17.55,2750,18.6,8250,0,38500
IGL30Jan20425PE.NFO,07/01/2020,11:31:09,15.8,17.55,5500,18.85,2750,0,38500
IGL30Jan20425PE.NFO,07/01/2020,11:31:14,15.8,17.55,5500,18.6,2750,0,38500
IGL30Jan20425PE.NFO,07/01/2020,11:31:19,15.8,17.55,5500,18.35,2750,0,38500
IGL30Jan20425PE.NFO,07/01/2020,11:31:23,15.8,17.55,5500,18.25,2750,0,38500
IGL30Jan20425PE.NFO,07/01/2020,11:31:40,15.8,17.55,5500,18.2,5500,0,38500
IGL30Jan20425PE.NFO,07/01/2020,11:31:44,15.8,17.55,5500,18.15,2750,0,38500
IGL30Jan20425PE.NFO,07/01/2020,11:31:49,15.8,17.55,5500,18.65,8250,0,38500
IGL30Jan20425PE.NFO,07/01/2020,11:31:56,15.8,17.35,5500,18.35,2750,0,38500
IGL30Jan20425PE.NFO,07/01/2020,11:32:02,15.8,17.05,2750,18.65,19250,0,38500
IGL30Jan20425PE.NFO,07/01/2020,11:32:08,15.8,17.05,11000,18.5,5500,0,38500
IGL30Jan20425PE.NFO,07/01/2020,11:32:13,15.8,17.05,38500,18.15,2750,0,38500
IGL30Jan20425PE.NFO,07/01/2020,11:32:23,15.8,17.05,44000,18.15,2750,0,38500
IGL30Jan20425PE.NFO,07/01/2020,11:32:32,15.8,17.15,19250,18.7,8250,0,38500
IGL30Jan20425PE.NFO,07/01/2020,11:32:38,15.8,17.15,22000,18.5,2750,0,38500
IGL30Jan20425PE.NFO,07/01/2020,11:32:43,15.8,17.15,22000,18.3,2750,0,38500
IGL30Jan20425PE.NFO,07/01/2020,11:32:47,15.8,17.15,22000,18.25,2750,0,38500
IGL30Jan20425PE.NFO,07/01/2020,11:32:52,15.8,17.15,24750,18.2,2750,0,38500
IGL30Jan20425PE.NFO,07/01/2020,11:32:56,15.8,17.15,19250,18.2,2750,0,38500
IGL30Jan20425PE.NFO,07/01/2020,11:33:01,15.8,17.15,13750,18.15,2750,0,38500
IGL30Jan20425PE.NFO,07/01/2020,11:33:25,15.8,17.15,8250,18.15,2750,0,38500
IGL30Jan20425PE.NFO,07/01/2020,11:33:34,15.8,17.15,8250,18.05,2750,0,38500
IGL30Jan20425PE.NFO,07/01/2020,11:33:38,15.8,17.15,8250,17.95,2750,0,38500
IGL30Jan20425PE.NFO,07/01/2020,11:33:56,15.8,17.15,5500,18.6,11000,0,38500
IGL30Jan20425PE.NFO,07/01/2020,11:34:02,15.8,17.15,8250,18.35,2750,0,38500
IGL30Jan20425PE.NFO,07/01/2020,11:34:07,15.8,17.15,8250,18.25,5500,0,38500
IGL30Jan20425PE.NFO,07/01/2020,11:34:21,15.8,17.15,8250,18.15,5500,0,38500
IGL30Jan20425PE.NFO,07/01/2020,11:34:33,15.8,17.15,8250,18.45,8250,0,38500
IGL30Jan20425PE.NFO,07/01/2020,11:34:40,15.8,17.15,8250,18.1,2750,0,38500
IGL30Jan20425PE.NFO,07/01/2020,11:34:45,15.8,17.15,8250,18.15,5500,0,38500
IGL30Jan20425PE.NFO,07/01/2020,11:35:32,15.8,17.15,8250,18.1,2750,0,38500
IGL30Jan20425PE.NFO,07/01/2020,11:35:37,15.8,17.15,8250,18.15,5500,0,38500
IGL30Jan20425PE.NFO,07/01/2020,11:36:22,15.8,17.15,5500,18.15,5500,0,38500
IGL30Jan20425PE.NFO,07/01/2020,11:36:35,15.8,17.05,2750,18.15,5500,0,38500
IGL30Jan20425PE.NFO,07/01/2020,11:36:46,15.8,17.1,2750,18.15,5500,0,38500
IGL30Jan20425PE.NFO,07/01/2020,11:36:52,15.8,17.15,2750,18.15,5500,0,38500
IGL30Jan20425PE.NFO,07/01/2020,11:36:59,15.8,17.15,5500,18.15,5500,0,38500
IGL30Jan20425PE.NFO,07/01/2020,11:37:31,15.8,17.2,2750,18.15,5500,0,38500
IGL30Jan20425PE.NFO,07/01/2020,11:37:35,15.8,17.25,5500,18.15,5500,0,38500
IGL30Jan20425PE.NFO,07/01/2020,11:38:37,15.8,17.2,2750,18.15,5500,0,38500
IGL30Jan20425PE.NFO,07/01/2020,11:38:40,15.8,17.25,2750,18.15,5500,0,38500
IGL30Jan20425PE.NFO,07/01/2020,11:38:43,15.8,17.25,5500,18.15,5500,0,38500
IGL30Jan20425PE.NFO,07/01/2020,11:38:48,15.8,17.2,2750,18.15,5500,0,38500
IGL30Jan20425PE.NFO,07/01/2020,11:38:56,15.8,17.3,2750,18.15,5500,0,38500
IGL30Jan20425PE.NFO,07/01/2020,11:39:12,15.8,17.3,2750,18.1,2750,0,38500
IGL30Jan20425PE.NFO,07/01/2020,11:39:33,15.8,17.3,2750,18.15,2750,0,38500
IGL30Jan20425PE.NFO,07/01/2020,11:39:37,15.8,17.3,2750,18.2,2750,0,38500
IGL30Jan20425PE.NFO,07/01/2020,11:40:04,15.8,17.3,35750,18.2,2750,0,38500
IGL30Jan20425PE.NFO,07/01/2020,11:40:10,15.8,17.4,24750,18.2,2750,0,38500
IGL30Jan20425PE.NFO,07/01/2020,11:40:14,15.8,17.4,41250,18.35,2750,0,38500
IGL30Jan20425PE.NFO,07/01/2020,11:40:19,15.8,17.4,24750,18.35,2750,0,38500
IGL30Jan20425PE.NFO,07/01/2020,11:40:27,15.8,17.4,41250,18.35,2750,0,38500
IGL30Jan20425PE.NFO,07/01/2020,11:40:38,15.8,17.4,13750,18.35,2750,0,38500
IGL30Jan20425PE.NFO,07/01/2020,11:40:45,15.8,17.4,24750,18.35,2750,0,38500
IGL30Jan20425PE.NFO,07/01/2020,11:40:54,15.8,17.4,13750,18.35,2750,0,38500
IGL30Jan20425PE.NFO,07/01/2020,11:40:57,15.8,17.4,8250,18.25,2750,0,38500
IGL30Jan20425PE.NFO,07/01/2020,11:41:14,15.8,17.4,13750,18.25,2750,0,38500
IGL30Jan20425PE.NFO,07/01/2020,11:41:32,15.8,17.4,8250,18.25,2750,0,38500
IGL30Jan20425PE.NFO,07/01/2020,11:41:42,15.8,17.4,13750,18.25,2750,0,38500
IGL30Jan20425PE.NFO,07/01/2020,11:42:04,15.8,17.4,8250,18.25,2750,0,38500
IGL30Jan20425PE.NFO,07/01/2020,11:42:22,15.8,17.4,13750,18.25,2750,0,38500
IGL30Jan20425PE.NFO,07/01/2020,11:42:25,15.8,17.4,24750,18.25,2750,0,38500
IGL30Jan20425PE.NFO,07/01/2020,11:42:37,15.8,17.4,13750,18.65,2750,0,38500
IGL30Jan20425PE.NFO,07/01/2020,11:42:42,15.8,17.4,13750,18.4,2750,0,38500
IGL30Jan20425PE.NFO,07/01/2020,11:42:46,15.8,17.4,13750,18.25,2750,0,38500
IGL30Jan20425PE.NFO,07/01/2020,11:42:51,15.8,17.4,30250,18.25,2750,0,38500
IGL30Jan20425PE.NFO,07/01/2020,11:42:56,15.8,17.4,19250,18.25,2750,0,38500
IGL30Jan20425PE.NFO,07/01/2020,11:43:00,15.8,17.4,13750,18.25,2750,0,38500
IGL30Jan20425PE.NFO,07/01/2020,11:43:04,15.8,17.5,11000,18.25,2750,0,38500
IGL30Jan20425PE.NFO,07/01/2020,11:43:53,15.8,17.55,2750,18.25,2750,0,38500
IGL30Jan20425PE.NFO,07/01/2020,11:44:12,15.8,17.55,2750,18.65,2750,0,38500
IGL30Jan20425PE.NFO,07/01/2020,11:44:17,15.8,17.55,2750,18.9,5500,0,38500
IGL30Jan20425PE.NFO,07/01/2020,11:44:20,15.8,17.55,2750,18.75,2750,0,38500
IGL30Jan20425PE.NFO,07/01/2020,11:44:24,15.8,17.5,11000,18.6,2750,0,38500
IGL30Jan20425PE.NFO,07/01/2020,11:44:27,15.8,17.5,11000,18.35,2750,0,38500
IGL30Jan20425PE.NFO,07/01/2020,11:44:29,15.8,17.5,11000,18.25,2750,0,38500
IGL30Jan20425PE.NFO,07/01/2020,11:44:32,15.8,17.5,11000,18.2,2750,0,38500
IGL30Jan20425PE.NFO,07/01/2020,11:44:49,15.8,17.5,11000,18.3,2750,0,38500
IGL30Jan20425PE.NFO,07/01/2020,11:45:43,15.8,17.55,2750,18.3,2750,0,38500
IGL30Jan20425PE.NFO,07/01/2020,11:45:49,15.8,17.65,5500,18.3,2750,0,38500
IGL30Jan20425PE.NFO,07/01/2020,11:46:36,15.8,17.65,11000,18.4,2750,0,38500
IGL30Jan20425PE.NFO,07/01/2020,11:46:52,15.8,17.65,11000,18.3,2750,0,38500
IGL30Jan20425PE.NFO,07/01/2020,11:47:10,15.8,17.65,11000,18.35,2750,0,38500
IGL30Jan20425PE.NFO,07/01/2020,11:47:39,15.8,17.75,2750,18.35,2750,0,38500
IGL30Jan20425PE.NFO,07/01/2020,11:47:42,15.8,17.7,2750,18.35,2750,0,38500
IGL30Jan20425PE.NFO,07/01/2020,11:47:47,15.8,17.65,11000,18.35,2750,0,38500
IGL30Jan20425PE.NFO,07/01/2020,11:47:55,15.8,17.75,5500,18.4,2750,0,38500
IGL30Jan20425PE.NFO,07/01/2020,11:48:09,15.8,17.65,8250,18.4,2750,0,38500
IGL30Jan20425PE.NFO,07/01/2020,11:48:25,15.8,17.65,2750,18.3,2750,0,38500
IGL30Jan20425PE.NFO,07/01/2020,11:48:57,15.8,17.65,2750,18.25,2750,0,38500
IGL30Jan20425PE.NFO,07/01/2020,11:49:00,15.8,17.55,5500,18.2,2750,0,38500
IGL30Jan20425PE.NFO,07/01/2020,11:49:32,15.8,17.55,5500,18.1,2750,0,38500
IGL30Jan20425PE.NFO,07/01/2020,11:50:06,15.8,17.55,5500,18.2,2750,0,38500
IGL30Jan20425PE.NFO,07/01/2020,11:50:15,15.8,17.55,5500,18.6,2750,0,38500
IGL30Jan20425PE.NFO,07/01/2020,11:50:21,15.8,17.55,5500,18.3,2750,0,38500
IGL30Jan20425PE.NFO,07/01/2020,11:50:26,15.8,17.7,2750,18.3,2750,0,38500
IGL30Jan20425PE.NFO,07/01/2020,11:50:30,15.8,17.75,2750,18.3,2750,0,38500
IGL30Jan20425PE.NFO,07/01/2020,11:50:38,15.8,17.65,5500,18.3,2750,0,38500
IGL30Jan20425PE.NFO,07/01/2020,11:51:03,15.8,17.55,2750,18.2,2750,0,38500
IGL30Jan20425PE.NFO,07/01/2020,11:51:39,15.8,17.5,5500,18.1,2750,0,38500
IGL30Jan20425PE.NFO,07/01/2020,11:51:42,15.8,17.55,2750,18.1,2750,0,38500
IGL30Jan20425PE.NFO,07/01/2020,11:51:46,15.8,17.55,2750,18.2,2750,0,38500
IGL30Jan20425PE.NFO,07/01/2020,11:51:50,15.8,17.45,2750,18.1,2750,0,38500
IGL30Jan20425PE.NFO,07/01/2020,11:51:53,15.8,17.5,2750,18.1,2750,0,38500
IGL30Jan20425PE.NFO,07/01/2020,11:51:56,15.8,17.45,2750,18.1,2750,0,38500
IGL30Jan20425PE.NFO,07/01/2020,11:51:59,15.8,17.5,2750,18.1,2750,0,38500
IGL30Jan20425PE.NFO,07/01/2020,11:52:01,15.8,17.45,2750,18.1,2750,0,38500
IGL30Jan20425PE.NFO,07/01/2020,11:52:05,15.8,17.5,2750,18.1,2750,0,38500
IGL30Jan20425PE.NFO,07/01/2020,11:52:08,15.8,17.4,2750,18.05,5500,0,38500
IGL30Jan20425PE.NFO,07/01/2020,11:52:14,15.8,17.4,2750,18,2750,0,38500
IGL30Jan20425PE.NFO,07/01/2020,11:52:31,15.8,17.3,2750,17.9,2750,0,38500
IGL30Jan20425PE.NFO,07/01/2020,11:52:53,15.8,17.25,5500,17.9,2750,0,38500
IGL30Jan20425PE.NFO,07/01/2020,11:53:04,15.8,17.25,2750,17.9,2750,0,38500
IGL30Jan20425PE.NFO,07/01/2020,11:53:07,15.8,17.2,2750,17.9,2750,0,38500
IGL30Jan20425PE.NFO,07/01/2020,11:53:12,15.8,17.25,2750,17.9,2750,0,38500
IGL30Jan20425PE.NFO,07/01/2020,11:53:15,15.8,17.2,2750,17.9,2750,0,38500
IGL30Jan20425PE.NFO,07/01/2020,11:53:22,15.8,17.25,2750,17.9,2750,0,38500
IGL30Jan20425PE.NFO,07/01/2020,11:53:25,15.8,17.3,2750,17.8,2750,0,38500
IGL30Jan20425PE.NFO,07/01/2020,11:53:29,15.8,17.25,2750,17.8,2750,0,38500
IGL30Jan20425PE.NFO,07/01/2020,11:53:32,15.8,17.3,2750,17.9,2750,0,38500
IGL30Jan20425PE.NFO,07/01/2020,11:53:35,15.8,17.3,11000,18.1,2750,0,38500
IGL30Jan20425PE.NFO,07/01/2020,11:53:38,15.8,17.4,8250,18.1,2750,0,38500
IGL30Jan20425PE.NFO,07/01/2020,11:53:56,15.8,17.5,2750,18.1,2750,0,38500
IGL30Jan20425PE.NFO,07/01/2020,11:54:05,15.8,17.5,5500,18.1,2750,0,38500
IGL30Jan20425PE.NFO,07/01/2020,11:54:13,15.8,17.55,2750,18.1,2750,0,38500
IGL30Jan20425PE.NFO,07/01/2020,11:54:17,15.8,17.5,5500,18.1,2750,0,38500
IGL30Jan20425PE.NFO,07/01/2020,11:54:19,15.8,17.55,2750,18.1,2750,0,38500
IGL30Jan20425PE.NFO,07/01/2020,11:54:29,15.8,17.55,2750,18.2,2750,0,38500
IGL30Jan20425PE.NFO,07/01/2020,11:54:34,15.8,17.5,5500,18.15,5500,0,38500
IGL30Jan20425PE.NFO,07/01/2020,11:54:55,15.8,17.5,5500,18.1,2750,0,38500
IGL30Jan20425PE.NFO,07/01/2020,11:55:00,15.8,17.55,2750,18.2,2750,0,38500
IGL30Jan20425PE.NFO,07/01/2020,11:55:17,15.8,17.55,2750,18.1,2750,0,38500
IGL30Jan20425PE.NFO,07/01/2020,11:55:20,15.8,17.55,2750,18.2,2750,0,38500
IGL30Jan20425PE.NFO,07/01/2020,11:56:46,15.8,17.5,2750,18.15,2750,0,38500
IGL30Jan20425PE.NFO,07/01/2020,11:56:48,15.8,17.55,2750,18.2,2750,0,38500
IGL30Jan20425PE.NFO,07/01/2020,11:56:53,15.8,17.55,2750,18.15,2750,0,38500
IGL30Jan20425PE.NFO,07/01/2020,11:56:55,15.8,17.55,2750,18.1,2750,0,38500
IGL30Jan20425PE.NFO,07/01/2020,11:57:39,15.8,17.55,2750,18.2,2750,0,38500
IGL30Jan20425PE.NFO,07/01/2020,11:58:12,15.8,17.55,2750,18.15,5500,0,38500
IGL30Jan20425PE.NFO,07/01/2020,11:58:36,15.8,17.55,2750,18.1,2750,0,38500
IGL30Jan20425PE.NFO,07/01/2020,11:58:47,15.8,17.5,2750,18.05,2750,0,38500
IGL30Jan20425PE.NFO,07/01/2020,11:58:58,15.8,17.45,2750,18.05,2750,0,38500
IGL30Jan20425PE.NFO,07/01/2020,11:59:09,15.8,17.5,2750,18.05,2750,0,38500
IGL30Jan20425PE.NFO,07/01/2020,11:59:17,15.8,17.45,2750,18.05,2750,0,38500
IGL30Jan20425PE.NFO,07/01/2020,11:59:20,15.8,17.5,2750,18.05,2750,0,38500
IGL30Jan20425PE.NFO,07/01/2020,11:59:23,15.8,17.45,2750,18.05,2750,0,38500
IGL30Jan20425PE.NFO,07/01/2020,11:59:26,15.8,17.5,2750,18.05,2750,0,38500
IGL30Jan20425PE.NFO,07/01/2020,11:59:32,15.8,17.45,2750,18.05,2750,0,38500
IGL30Jan20425PE.NFO,07/01/2020,11:59:43,15.8,17.5,2750,18.05,2750,0,38500
IGL30Jan20425PE.NFO,07/01/2020,11:59:46,15.8,17.45,2750,18.05,2750,0,38500
IGL30Jan20425PE.NFO,07/01/2020,11:59:50,15.8,17.5,2750,18.05,2750,0,38500
IGL30Jan20425PE.NFO,07/01/2020,11:59:55,15.8,17.45,2750,18.05,2750,0,38500
IGL30Jan20425PE.NFO,07/01/2020,11:59:58,15.8,17.5,2750,18.05,2750,0,38500
IGL30Jan20425PE.NFO,07/01/2020,12:00:05,15.8,17.45,2750,18.05,2750,0,38500
IGL30Jan20425PE.NFO,07/01/2020,12:00:07,15.8,17.5,2750,18.05,2750,0,38500
IGL30Jan20425PE.NFO,07/01/2020,12:00:11,15.8,17.45,2750,18.05,2750,0,38500
IGL30Jan20425PE.NFO,07/01/2020,12:00:16,15.8,17.5,2750,18.05,2750,0,38500
IGL30Jan20425PE.NFO,07/01/2020,12:00:18,15.8,17.45,2750,18.05,2750,0,38500
IGL30Jan20425PE.NFO,07/01/2020,12:00:21,15.8,17.5,2750,18.05,2750,0,38500
IGL30Jan20425PE.NFO,07/01/2020,12:00:25,15.8,17.55,2750,18.05,2750,0,38500
IGL30Jan20425PE.NFO,07/01/2020,12:00:44,15.8,17.55,5500,18.25,2750,0,38500
IGL30Jan20425PE.NFO,07/01/2020,12:02:43,15.8,17.5,2750,18.9,16500,0,38500
IGL30Jan20425PE.NFO,07/01/2020,12:02:49,15.8,17.5,5500,18.65,2750,0,38500
IGL30Jan20425PE.NFO,07/01/2020,12:02:54,15.8,17.5,5500,18.4,2750,0,38500
IGL30Jan20425PE.NFO,07/01/2020,12:02:58,15.8,17.55,2750,18.2,2750,0,38500
IGL30Jan20425PE.NFO,07/01/2020,12:03:14,15.8,17.55,2750,18.3,2750,0,38500
IGL30Jan20425PE.NFO,07/01/2020,12:03:24,15.8,17.65,11000,18.3,2750,0,38500
IGL30Jan20425PE.NFO,07/01/2020,12:03:29,15.8,17.65,5500,18.3,2750,0,38500
IGL30Jan20425PE.NFO,07/01/2020,12:05:04,15.8,17.55,2750,18.2,2750,0,38500
IGL30Jan20425PE.NFO,07/01/2020,12:05:09,15.8,17.55,2750,18.75,2750,0,38500
IGL30Jan20425PE.NFO,07/01/2020,12:05:13,15.8,17.55,2750,18.55,2750,0,38500
IGL30Jan20425PE.NFO,07/01/2020,12:05:16,15.8,17.55,2750,18.35,2750,0,38500
IGL30Jan20425PE.NFO,07/01/2020,12:05:18,15.8,17.55,2750,18.3,2750,0,38500
IGL30Jan20425PE.NFO,07/01/2020,12:05:25,15.8,17.55,2750,18.95,2750,0,38500
IGL30Jan20425PE.NFO,07/01/2020,12:05:28,15.8,17.55,2750,18.85,2750,0,38500
IGL30Jan20425PE.NFO,07/01/2020,12:05:31,15.8,17.55,2750,18.7,2750,0,38500
IGL30Jan20425PE.NFO,07/01/2020,12:05:33,15.8,17.55,2750,18.6,2750,0,38500
IGL30Jan20425PE.NFO,07/01/2020,12:05:35,15.8,17.55,2750,18.45,2750,0,38500
IGL30Jan20425PE.NFO,07/01/2020,12:05:38,15.8,17.55,2750,18.3,2750,0,38500
IGL30Jan20425PE.NFO,07/01/2020,12:06:02,15.8,17.65,11000,18.3,2750,0,38500
IGL30Jan20425PE.NFO,07/01/2020,12:06:16,15.8,17.65,2750,18.2,2750,0,38500
IGL30Jan20425PE.NFO,07/01/2020,12:06:44,15.8,17.65,2750,18.3,2750,0,38500
IGL30Jan20425PE.NFO,07/01/2020,12:07:40,15.8,17.65,2750,18.25,2750,0,38500
IGL30Jan20425PE.NFO,07/01/2020,12:07:43,15.8,17.65,2750,18.2,2750,0,38500
IGL30Jan20425PE.NFO,07/01/2020,12:08:07,15.8,17.55,8250,18.2,2750,0,38500
IGL30Jan20425PE.NFO,07/01/2020,12:08:10,15.8,17.55,2750,18.2,2750,0,38500
IGL30Jan20425PE.NFO,07/01/2020,12:08:21,15.8,17.4,11000,18.95,2750,0,38500
IGL30Jan20425PE.NFO,07/01/2020,12:08:28,15.8,17.55,5500,18.65,2750,0,38500
IGL30Jan20425PE.NFO,07/01/2020,12:08:32,15.8,17.55,5500,18.45,2750,0,38500
IGL30Jan20425PE.NFO,07/01/2020,12:08:35,15.8,17.55,5500,18.3,2750,0,38500
IGL30Jan20425PE.NFO,07/01/2020,12:08:38,15.8,17.55,5500,18.25,2750,0,38500
IGL30Jan20425PE.NFO,07/01/2020,12:08:50,15.8,17.55,11000,18.25,2750,0,38500
IGL30Jan20425PE.NFO,07/01/2020,12:09:41,15.8,17.55,11000,18.15,2750,0,38500
IGL30Jan20425PE.NFO,07/01/2020,12:09:54,15.8,17.65,5500,18.25,2750,0,38500
IGL30Jan20425PE.NFO,07/01/2020,12:10:10,15.8,17.65,2750,18.25,2750,0,38500
IGL30Jan20425PE.NFO,07/01/2020,12:10:46,15.8,17.65,5500,18.25,2750,0,38500
IGL30Jan20425PE.NFO,07/01/2020,12:10:52,15.8,17.65,2750,18.25,2750,0,38500
IGL30Jan20425PE.NFO,07/01/2020,12:10:57,15.8,17.65,5500,18.25,2750,0,38500
IGL30Jan20425PE.NFO,07/01/2020,12:11:02,15.8,17.65,2750,18.25,2750,0,38500
IGL30Jan20425PE.NFO,07/01/2020,12:11:09,15.8,17.55,5500,18.15,2750,0,38500
IGL30Jan20425PE.NFO,07/01/2020,12:11:18,15.8,17.75,5500,18.35,2750,0,38500
IGL30Jan20425PE.NFO,07/01/2020,12:11:22,15.8,17.65,2750,18.35,2750,0,38500
IGL30Jan20425PE.NFO,07/01/2020,12:11:37,15.8,17.65,2750,18.2,2750,0,38500
IGL30Jan20425PE.NFO,07/01/2020,12:13:08,15.8,17.55,5500,18.85,5500,0,38500
IGL30Jan20425PE.NFO,07/01/2020,12:13:16,15.8,17.45,2750,18.6,2750,0,38500
IGL30Jan20425PE.NFO,07/01/2020,12:13:23,15.8,17.4,5500,18.55,5500,0,38500
IGL30Jan20425PE.NFO,07/01/2020,12:13:29,15.8,17.5,2750,18.85,16500,0,38500
IGL30Jan20425PE.NFO,07/01/2020,12:13:35,15.8,17.5,5500,18.8,2750,0,38500
IGL30Jan20425PE.NFO,07/01/2020,12:13:39,15.8,17.5,5500,18.6,2750,0,38500
IGL30Jan20425PE.NFO,07/01/2020,12:13:43,15.8,17.55,2750,18.35,2750,0,38500
IGL30Jan20425PE.NFO,07/01/2020,12:13:49,15.8,17.55,2750,18.4,5500,0,38500
IGL30Jan20425PE.NFO,07/01/2020,12:13:52,15.8,17.55,2750,18.35,2750,0,38500
IGL30Jan20425PE.NFO,07/01/2020,12:13:56,15.8,17.5,2750,18.75,5500,0,38500
IGL30Jan20425PE.NFO,07/01/2020,12:13:59,15.8,17.5,2750,18.6,2750,0,38500
IGL30Jan20425PE.NFO,07/01/2020,12:14:05,15.8,17.55,2750,19,8250,0,38500
IGL30Jan20425PE.NFO,07/01/2020,12:14:11,15.8,17.55,5500,18.75,5500,0,38500
IGL30Jan20425PE.NFO,07/01/2020,12:14:15,15.8,17.55,5500,18.5,2750,0,38500
IGL30Jan20425PE.NFO,07/01/2020,12:14:19,15.8,17.55,5500,18.3,2750,0,38500
IGL30Jan20425PE.NFO,07/01/2020,12:14:23,15.8,17.55,5500,18.2,2750,0,38500
IGL30Jan20425PE.NFO,07/01/2020,12:14:41,15.8,17.55,5500,18.15,5500,0,38500
IGL30Jan20425PE.NFO,07/01/2020,12:15:10,15.8,17.4,2750,18.15,5500,0,38500
IGL30Jan20425PE.NFO,07/01/2020,12:15:22,15.8,17.4,5500,18.15,5500,0,38500
IGL30Jan20425PE.NFO,07/01/2020,12:15:39,15.8,17.4,5500,18.1,2750,0,38500
IGL30Jan20425PE.NFO,07/01/2020,12:15:43,15.8,17.4,5500,18.15,5500,0,38500
IGL30Jan20425PE.NFO,07/01/2020,12:15:46,15.8,17.3,5500,18.15,5500,0,38500
IGL30Jan20425PE.NFO,07/01/2020,12:15:52,15.8,17.4,2750,18.15,5500,0,38500
IGL30Jan20425PE.NFO,07/01/2020,12:15:57,15.8,17.3,5500,18.15,5500,0,38500
IGL30Jan20425PE.NFO,07/01/2020,12:16:20,15.8,17.35,2750,18.15,5500,0,38500
IGL30Jan20425PE.NFO,07/01/2020,12:16:23,15.8,17.4,2750,18.15,5500,0,38500
IGL30Jan20425PE.NFO,07/01/2020,12:16:25,15.8,17.35,2750,18.15,5500,0,38500
IGL30Jan20425PE.NFO,07/01/2020,12:16:28,15.8,17.4,2750,18.15,5500,0,38500
IGL30Jan20425PE.NFO,07/01/2020,12:16:34,15.8,17.35,2750,18.15,5500,0,38500
IGL30Jan20425PE.NFO,07/01/2020,12:16:36,15.8,17.4,2750,18.15,5500,0,38500
IGL30Jan20425PE.NFO,07/01/2020,12:16:40,15.8,17.35,2750,18.15,5500,0,38500
IGL30Jan20425PE.NFO,07/01/2020,12:16:48,15.8,17.4,2750,18.15,5500,0,38500
IGL30Jan20425PE.NFO,07/01/2020,12:16:51,15.8,17.35,2750,18.15,5500,0,38500
IGL30Jan20425PE.NFO,07/01/2020,12:16:56,15.8,17.4,2750,18.15,5500,0,38500
IGL30Jan20425PE.NFO,07/01/2020,12:16:58,15.8,17.35,2750,18.15,5500,0,38500
IGL30Jan20425PE.NFO,07/01/2020,12:17:08,15.8,17.4,2750,18.15,5500,0,38500
IGL30Jan20425PE.NFO,07/01/2020,12:17:11,15.8,17.35,2750,18.1,2750,0,38500
IGL30Jan20425PE.NFO,07/01/2020,12:17:14,15.8,17.35,2750,18.15,5500,0,38500
IGL30Jan20425PE.NFO,07/01/2020,12:17:25,15.8,17.45,2750,18.15,5500,0,38500
IGL30Jan20425PE.NFO,07/01/2020,12:17:30,15.8,17.45,2750,18.1,2750,0,38500
IGL30Jan20425PE.NFO,07/01/2020,12:17:33,15.8,17.5,2750,18.1,2750,0,38500
IGL30Jan20425PE.NFO,07/01/2020,12:17:35,15.8,17.45,2750,18.1,2750,0,38500
IGL30Jan20425PE.NFO,07/01/2020,12:17:37,15.8,17.5,2750,18.1,2750,0,38500
IGL30Jan20425PE.NFO,07/01/2020,12:17:39,15.8,17.45,2750,18.1,2750,0,38500
IGL30Jan20425PE.NFO,07/01/2020,12:17:41,15.8,17.5,2750,18.1,2750,0,38500
IGL30Jan20425PE.NFO,07/01/2020,12:17:48,15.8,17.45,2750,18.1,2750,0,38500
IGL30Jan20425PE.NFO,07/01/2020,12:17:51,15.8,17.5,5500,18.1,2750,0,38500
IGL30Jan20425PE.NFO,07/01/2020,12:18:14,15.8,17.5,11000,18.1,2750,0,38500
IGL30Jan20425PE.NFO,07/01/2020,12:18:20,15.8,17.4,5500,18.1,2750,0,38500
IGL30Jan20425PE.NFO,07/01/2020,12:19:04,15.8,17.3,11000,18.1,2750,0,38500
IGL30Jan20425PE.NFO,07/01/2020,12:19:09,15.8,17.3,11000,18.55,2750,0,38500
IGL30Jan20425PE.NFO,07/01/2020,12:19:14,15.8,17.3,11000,18.4,2750,0,38500
IGL30Jan20425PE.NFO,07/01/2020,12:19:22,15.8,17.3,11000,18.45,5500,0,38500
IGL30Jan20425PE.NFO,07/01/2020,12:19:42,15.8,17.3,11000,18.6,5500,0,38500
IGL30Jan20425PE.NFO,07/01/2020,12:19:46,15.8,17.3,11000,18.35,5500,0,38500
IGL30Jan20425PE.NFO,07/01/2020,12:19:52,15.8,17.3,11000,18.3,2750,0,38500
IGL30Jan20425PE.NFO,07/01/2020,12:19:55,15.8,17.35,2750,18.15,2750,0,38500
IGL30Jan20425PE.NFO,07/01/2020,12:19:58,15.8,17.35,2750,18,2750,0,38500
IGL30Jan20425PE.NFO,07/01/2020,12:20:00,15.8,17.4,2750,18,2750,0,38500
IGL30Jan20425PE.NFO,07/01/2020,12:20:02,15.8,17.3,11000,18,2750,0,38500
IGL30Jan20425PE.NFO,07/01/2020,12:20:16,15.8,17.4,2750,18,2750,0,38500
IGL30Jan20425PE.NFO,07/01/2020,12:20:21,15.8,17.3,11000,18,2750,0,38500
IGL30Jan20425PE.NFO,07/01/2020,12:21:02,15.8,17.3,11000,17.95,5500,0,38500
IGL30Jan20425PE.NFO,07/01/2020,12:21:23,15.8,17.3,8250,17.95,5500,0,38500
IGL30Jan20425PE.NFO,07/01/2020,12:21:42,15.8,17.2,2750,17.9,2750,0,38500
IGL30Jan20425PE.NFO,07/01/2020,12:21:49,15.8,17.25,2750,17.8,2750,0,38500
IGL30Jan20425PE.NFO,07/01/2020,12:21:53,15.8,17.25,2750,17.9,2750,0,38500
IGL30Jan20425PE.NFO,07/01/2020,12:22:01,15.8,17.3,2750,17.95,2750,0,38500
IGL30Jan20425PE.NFO,07/01/2020,12:22:13,15.8,17.3,5500,18.05,2750,0,38500
IGL30Jan20425PE.NFO,07/01/2020,12:22:17,15.8,17.3,5500,18,2750,0,38500
IGL30Jan20425PE.NFO,07/01/2020,12:22:29,15.8,17.3,2750,17.95,2750,0,38500
IGL30Jan20425PE.NFO,07/01/2020,12:22:33,15.8,17.25,5500,17.95,5500,0,38500
IGL30Jan20425PE.NFO,07/01/2020,12:23:18,15.8,17.15,2750,18.2,2750,0,38500
IGL30Jan20425PE.NFO,07/01/2020,12:23:23,15.8,17.15,2750,18.35,5500,0,38500
IGL30Jan20425PE.NFO,07/01/2020,12:23:27,15.8,17.15,2750,18.25,2750,0,38500
IGL30Jan20425PE.NFO,07/01/2020,12:23:30,15.8,17.15,2750,18.25,5500,0,38500
IGL30Jan20425PE.NFO,07/01/2020,12:23:42,15.8,17.1,2750,18.25,5500,0,38500
IGL30Jan20425PE.NFO,07/01/2020,12:23:45,15.8,17.15,2750,18.25,5500,0,38500
IGL30Jan20425PE.NFO,07/01/2020,12:23:48,15.8,17.1,2750,18.25,5500,0,38500
IGL30Jan20425PE.NFO,07/01/2020,12:23:50,15.8,17.15,2750,18.25,5500,0,38500
IGL30Jan20425PE.NFO,07/01/2020,12:23:52,15.8,17.1,2750,18.25,5500,0,38500
IGL30Jan20425PE.NFO,07/01/2020,12:23:56,15.8,17.15,2750,18.25,5500,0,38500
IGL30Jan20425PE.NFO,07/01/2020,12:23:58,15.8,17.05,5500,18.25,5500,0,38500
IGL30Jan20425PE.NFO,07/01/2020,12:24:06,15.8,17.1,2750,18.25,5500,0,38500
IGL30Jan20425PE.NFO,07/01/2020,12:24:10,15.8,17.15,2750,18.25,5500,0,38500
IGL30Jan20425PE.NFO,07/01/2020,12:24:15,15.8,17.05,2750,18.3,2750,0,38500
IGL30Jan20425PE.NFO,07/01/2020,12:24:21,15.8,17.05,2750,18.05,5500,0,38500
IGL30Jan20425PE.NFO,07/01/2020,12:24:29,15.8,17.05,8250,18.05,5500,0,38500
IGL30Jan20425PE.NFO,07/01/2020,12:24:35,15.8,17.15,5500,18.05,5500,0,38500
IGL30Jan20425PE.NFO,07/01/2020,12:25:29,15.8,17.15,5500,18.4,2750,0,38500
IGL30Jan20425PE.NFO,07/01/2020,12:25:33,15.8,17.15,8250,18.3,2750,0,38500
IGL30Jan20425PE.NFO,07/01/2020,12:25:42,15.8,17.25,5500,18.3,2750,0,38500
IGL30Jan20425PE.NFO,07/01/2020,12:25:49,15.8,17.1,2750,18.3,2750,0,38500
IGL30Jan20425PE.NFO,07/01/2020,12:25:55,15.8,17.15,2750,18.3,2750,0,38500
IGL30Jan20425PE.NFO,07/01/2020,12:25:59,15.8,17.05,5500,18.15,2750,0,38500
IGL30Jan20425PE.NFO,07/01/2020,12:26:03,15.8,17.05,5500,18.05,2750,0,38500
IGL30Jan20425PE.NFO,07/01/2020,12:26:06,15.8,17.05,5500,18.1,5500,0,38500
IGL30Jan20425PE.NFO,07/01/2020,12:26:19,15.8,17.1,2750,18.1,5500,0,38500
IGL30Jan20425PE.NFO,07/01/2020,12:26:23,15.8,17.15,2750,18.1,5500,0,38500
IGL30Jan20425PE.NFO,07/01/2020,12:26:30,15.8,17.2,2750,18.1,5500,0,38500
IGL30Jan20425PE.NFO,07/01/2020,12:26:34,15.8,17.2,2750,18.1,2750,0,38500
IGL30Jan20425PE.NFO,07/01/2020,12:26:39,15.8,17.25,2750,18.1,2750,0,38500
IGL30Jan20425PE.NFO,07/01/2020,12:26:41,15.8,17.25,2750,18.25,2750,0,38500
IGL30Jan20425PE.NFO,07/01/2020,12:26:44,15.8,17.2,2750,18.25,5500,0,38500
IGL30Jan20425PE.NFO,07/01/2020,12:26:47,15.8,17.25,2750,18.25,5500,0,38500
IGL30Jan20425PE.NFO,07/01/2020,12:26:51,15.8,17.2,2750,18.25,5500,0,38500
IGL30Jan20425PE.NFO,07/01/2020,12:26:59,15.8,17.25,2750,18.25,5500,0,38500
IGL30Jan20425PE.NFO,07/01/2020,12:27:10,15.8,17.2,2750,18.25,5500,0,38500
IGL30Jan20425PE.NFO,07/01/2020,12:27:18,15.8,17.25,2750,18.25,5500,0,38500
IGL30Jan20425PE.NFO,07/01/2020,12:27:21,15.8,17.2,2750,18.25,5500,0,38500
IGL30Jan20425PE.NFO,07/01/2020,12:27:23,15.8,17.25,2750,18.25,5500,0,38500
IGL30Jan20425PE.NFO,07/01/2020,12:27:34,15.8,17.2,2750,18.25,5500,0,38500
IGL30Jan20425PE.NFO,07/01/2020,12:27:44,15.8,17.25,2750,18.25,5500,0,38500
IGL30Jan20425PE.NFO,07/01/2020,12:27:46,15.8,17.2,2750,18.25,5500,0,38500
IGL30Jan20425PE.NFO,07/01/2020,12:27:49,15.8,17.25,2750,18.25,5500,0,38500
IGL30Jan20425PE.NFO,07/01/2020,12:27:54,15.8,17.2,2750,18.25,5500,0,38500
IGL30Jan20425PE.NFO,07/01/2020,12:28:00,15.8,17.25,2750,18.25,5500,0,38500
IGL30Jan20425PE.NFO,07/01/2020,12:28:05,15.8,17.2,2750,18.25,5500,0,38500
IGL30Jan20425PE.NFO,07/01/2020,12:28:07,15.8,17.3,2750,18.25,5500,0,38500
IGL30Jan20425PE.NFO,07/01/2020,12:28:57,15.8,17.3,2750,18.45,8250,0,38500
IGL30Jan20425PE.NFO,07/01/2020,12:29:04,15.8,17.3,2750,18.3,5500,0,38500
IGL30Jan20425PE.NFO,07/01/2020,12:29:27,15.8,17.3,2750,18.5,5500,0,38500
IGL30Jan20425PE.NFO,07/01/2020,12:30:04,15.8,17.6,2750,18.45,2750,0,38500
IGL30Jan20425PE.NFO,07/01/2020,12:30:16,15.8,17.65,2750,18.15,2750,0,38500
IGL30Jan20425PE.NFO,07/01/2020,12:30:22,15.8,17.75,2750,18.3,2750,0,38500
IGL30Jan20425PE.NFO,07/01/2020,12:30:27,15.8,17.7,2750,18.2,2750,0,38500
IGL30Jan20425PE.NFO,07/01/2020,12:30:36,15.8,17.7,2750,18.3,2750,0,38500
IGL30Jan20425PE.NFO,07/01/2020,12:30:40,15.8,17.75,2750,18.3,2750,0,38500
IGL30Jan20425PE.NFO,07/01/2020,12:30:44,15.8,17.7,2750,18.2,2750,0,38500
IGL30Jan20425PE.NFO,07/01/2020,12:30:58,15.8,17.65,2750,18.2,2750,0,38500
IGL30Jan20425PE.NFO,07/01/2020,12:31:58,15.8,17.55,2750,18.25,2750,0,38500
IGL30Jan20425PE.NFO,07/01/2020,12:32:07,15.8,17.55,2750,18.2,2750,0,38500
IGL30Jan20425PE.NFO,07/01/2020,12:32:11,15.8,17.55,5500,18.15,2750,0,38500
IGL30Jan20425PE.NFO,07/01/2020,12:32:18,15.8,17.55,5500,18.3,2750,0,38500
IGL30Jan20425PE.NFO,07/01/2020,12:32:33,15.8,17.65,8250,19.05,8250,0,38500
IGL30Jan20425PE.NFO,07/01/2020,12:32:40,15.8,17.8,2750,18.65,2750,0,38500
IGL30Jan20425PE.NFO,07/01/2020,12:32:44,15.8,17.8,8250,18.85,2750,0,38500
IGL30Jan20425PE.NFO,07/01/2020,12:32:48,15.8,17.8,2750,18.45,2750,0,38500
IGL30Jan20425PE.NFO,07/01/2020,12:32:53,15.8,17.8,2750,18.4,2750,0,38500
IGL30Jan20425PE.NFO,07/01/2020,12:33:24,15.8,17.8,2750,18.3,2750,0,38500
IGL30Jan20425PE.NFO,07/01/2020,12:34:39,15.8,17.65,5500,18.3,2750,0,38500
IGL30Jan20425PE.NFO,07/01/2020,12:34:43,15.8,17.65,2750,18.3,2750,0,38500
IGL30Jan20425PE.NFO,07/01/2020,12:34:47,15.8,17.6,2750,18.3,2750,0,38500
IGL30Jan20425PE.NFO,07/01/2020,12:34:53,15.8,17.65,2750,18.2,2750,0,38500
IGL30Jan20425PE.NFO,07/01/2020,12:35:00,15.8,17.55,8250,18.2,2750,0,38500
IGL30Jan20425PE.NFO,07/01/2020,12:35:04,15.8,17.45,2750,18.15,5500,0,38500
IGL30Jan20425PE.NFO,07/01/2020,12:35:07,15.8,17.4,2750,18.15,5500,0,38500
IGL30Jan20425PE.NFO,07/01/2020,12:35:23,15.8,17.3,2750,18.15,5500,0,38500
IGL30Jan20425PE.NFO,07/01/2020,12:36:02,15.8,17.25,2750,18.15,5500,0,38500
IGL30Jan20425PE.NFO,07/01/2020,12:36:11,15.8,17.15,2750,18.15,5500,0,38500
IGL30Jan20425PE.NFO,07/01/2020,12:36:15,15.8,17.25,2750,18.15,5500,0,38500
IGL30Jan20425PE.NFO,07/01/2020,12:36:17,15.8,17.2,2750,18.15,5500,0,38500
IGL30Jan20425PE.NFO,07/01/2020,12:36:21,15.8,17.3,2750,18.15,5500,0,38500
IGL30Jan20425PE.NFO,07/01/2020,12:36:24,15.8,17.25,2750,18.15,5500,0,38500
IGL30Jan20425PE.NFO,07/01/2020,12:36:26,15.8,17.2,2750,18.1,2750,0,38500
IGL30Jan20425PE.NFO,07/01/2020,12:36:29,15.8,17.2,2750,18.05,5500,0,38500
IGL30Jan20425PE.NFO,07/01/2020,12:36:31,15.8,17.25,2750,18,2750,0,38500
IGL30Jan20425PE.NFO,07/01/2020,12:36:33,15.8,17.25,2750,17.95,2750,0,38500
IGL30Jan20425PE.NFO,07/01/2020,12:36:35,15.8,17.2,2750,17.9,2750,0,38500
IGL30Jan20425PE.NFO,07/01/2020,12:36:38,15.8,17.25,2750,17.95,5500,0,38500
IGL30Jan20425PE.NFO,07/01/2020,12:36:41,15.8,17.2,2750,17.95,5500,0,38500
IGL30Jan20425PE.NFO,07/01/2020,12:36:44,15.8,17.25,2750,17.9,2750,0,38500
IGL30Jan20425PE.NFO,07/01/2020,12:36:50,15.8,17.3,2750,17.85,5500,0,38500
IGL30Jan20425PE.NFO,07/01/2020,12:36:53,15.8,17.3,2750,17.9,5500,0,38500
IGL30Jan20425PE.NFO,07/01/2020,12:36:57,15.8,17.3,2750,17.8,2750,0,38500
IGL30Jan20425PE.NFO,07/01/2020,12:37:00,15.8,17.3,2750,17.85,2750,0,38500
IGL30Jan20425PE.NFO,07/01/2020,12:38:02,15.8,17.2,2750,17.8,5500,0,38500
IGL30Jan20425PE.NFO,07/01/2020,12:38:05,15.8,17.25,2750,17.8,5500,0,38500
IGL30Jan20425PE.NFO,07/01/2020,12:38:10,15.8,17.3,5500,17.9,2750,0,38500
IGL30Jan20425PE.NFO,07/01/2020,12:38:33,15.8,17.3,5500,17.95,5500,0,38500
IGL30Jan20425PE.NFO,07/01/2020,12:38:48,15.8,17.3,5500,18.55,11000,0,38500
IGL30Jan20425PE.NFO,07/01/2020,12:38:53,15.8,17.3,5500,18.3,2750,0,38500
IGL30Jan20425PE.NFO,07/01/2020,12:38:57,15.8,17.3,5500,18.3,5500,0,38500
IGL30Jan20425PE.NFO,07/01/2020,12:39:13,15.8,17.3,5500,18.25,2750,0,38500
IGL30Jan20425PE.NFO,07/01/2020,12:39:17,15.8,17.3,5500,18.05,2750,0,38500
IGL30Jan20425PE.NFO,07/01/2020,12:39:20,15.8,17.3,5500,18,5500,0,38500
IGL30Jan20425PE.NFO,07/01/2020,12:39:28,15.8,17.3,5500,17.9,2750,0,38500
IGL30Jan20425PE.NFO,07/01/2020,12:39:31,15.8,17.3,5500,17.85,2750,0,38500
IGL30Jan20425PE.NFO,07/01/2020,12:39:37,15.8,17.3,5500,17.9,2750,0,38500
IGL30Jan20425PE.NFO,07/01/2020,12:39:59,15.8,17.3,5500,17.85,2750,0,38500
IGL30Jan20425PE.NFO,07/01/2020,12:40:28,15.8,17.3,5500,17.9,2750,0,38500
IGL30Jan20425PE.NFO,07/01/2020,12:40:46,15.8,17.3,5500,17.85,2750,0,38500
IGL30Jan20425PE.NFO,07/01/2020,12:40:52,15.8,17.3,5500,17.9,2750,0,38500
IGL30Jan20425PE.NFO,07/01/2020,12:41:40,15.8,17.3,5500,17.95,5500,0,38500
IGL30Jan20425PE.NFO,07/01/2020,12:41:47,15.8,17.3,2750,17.85,2750,0,38500
IGL30Jan20425PE.NFO,07/01/2020,12:41:55,15.8,17.3,2750,17.9,5500,0,38500
IGL30Jan20425PE.NFO,07/01/2020,12:42:06,15.8,17.3,2750,17.9,2750,0,38500
IGL30Jan20425PE.NFO,07/01/2020,12:42:10,15.8,17.3,2750,17.95,5500,0,38500
IGL30Jan20425PE.NFO,07/01/2020,12:42:36,15.8,17.3,2750,17.9,5500,0,38500
IGL30Jan20425PE.NFO,07/01/2020,12:42:45,15.8,17.3,2750,17.85,2750,0,38500
IGL30Jan20425PE.NFO,07/01/2020,12:43:42,15.8,17.3,8250,18.55,2750,0,38500
IGL30Jan20425PE.NFO,07/01/2020,12:43:47,15.8,17.3,8250,18.4,2750,0,38500
IGL30Jan20425PE.NFO,07/01/2020,12:43:50,15.8,17.3,8250,18.35,5500,0,38500
IGL30Jan20425PE.NFO,07/01/2020,12:43:55,15.8,17.3,8250,18.25,2750,0,38500
IGL30Jan20425PE.NFO,07/01/2020,12:43:58,15.8,17.3,8250,18.2,2750,0,38500
IGL30Jan20425PE.NFO,07/01/2020,12:44:00,15.8,17.3,8250,18.2,5500,0,38500
IGL30Jan20425PE.NFO,07/01/2020,12:44:02,15.8,17.3,8250,18.15,5500,0,38500
IGL30Jan20425PE.NFO,07/01/2020,12:44:06,15.8,17.3,8250,18.1,5500,0,38500
IGL30Jan20425PE.NFO,07/01/2020,12:44:08,15.8,17.3,8250,18.05,5500,0,38500
IGL30Jan20425PE.NFO,07/01/2020,12:44:11,15.8,17.3,8250,17.95,2750,0,38500
IGL30Jan20425PE.NFO,07/01/2020,12:44:14,15.8,17.3,8250,17.95,5500,0,38500
IGL30Jan20425PE.NFO,07/01/2020,12:45:37,15.8,17.3,8250,17.9,5500,0,38500
IGL30Jan20425PE.NFO,07/01/2020,12:45:55,15.8,17.3,11000,18.35,2750,0,38500
IGL30Jan20425PE.NFO,07/01/2020,12:46:00,15.8,17.3,5500,18.25,5500,0,38500
IGL30Jan20425PE.NFO,07/01/2020,12:46:26,15.8,17.3,5500,18.05,2750,0,38500
IGL30Jan20425PE.NFO,07/01/2020,12:46:30,15.8,17.3,5500,17.9,2750,0,38500
IGL30Jan20425PE.NFO,07/01/2020,12:46:34,15.8,17.3,5500,17.75,5500,0,38500
IGL30Jan20425PE.NFO,07/01/2020,12:46:54,15.8,17.3,5500,17.8,5500,0,38500
IGL30Jan20425PE.NFO,07/01/2020,12:47:05,15.8,17.3,5500,17.8,2750,0,38500
IGL30Jan20425PE.NFO,07/01/2020,12:47:08,15.8,17.3,11000,17.8,2750,0,38500
IGL30Jan20425PE.NFO,07/01/2020,12:48:04,15.8,17.3,8250,18.55,2750,0,38500
IGL30Jan20425PE.NFO,07/01/2020,12:48:10,15.8,17.3,8250,18.4,2750,0,38500
IGL30Jan20425PE.NFO,07/01/2020,12:48:15,15.8,17.15,2750,18.4,2750,0,38500
IGL30Jan20425PE.NFO,07/01/2020,12:48:22,15.8,17.15,2750,18.3,2750,0,38500
IGL30Jan20425PE.NFO,07/01/2020,12:48:27,15.8,17.15,2750,18.25,5500,0,38500
IGL30Jan20425PE.NFO,07/01/2020,12:49:51,15.8,17.2,5500,18.25,5500,0,38500
IGL30Jan20425PE.NFO,07/01/2020,12:50:22,15.8,17.15,2750,18.25,5500,0,38500
IGL30Jan20425PE.NFO,07/01/2020,12:50:26,15.8,17.15,5500,18.25,5500,0,38500
IGL30Jan20425PE.NFO,07/01/2020,12:50:38,15.8,17.15,2750,18.25,5500,0,38500
IGL30Jan20425PE.NFO,07/01/2020,12:50:41,15.8,17.15,5500,18.25,5500,0,38500
IGL30Jan20425PE.NFO,07/01/2020,12:50:43,15.8,17.15,5500,18.2,5500,0,38500
IGL30Jan20425PE.NFO,07/01/2020,12:53:37,15.8,17.15,2750,18.55,44000,0,38500
IGL30Jan20425PE.NFO,07/01/2020,12:53:42,15.8,17.15,11000,18.6,46750,0,38500
IGL30Jan20425PE.NFO,07/01/2020,12:53:47,15.8,17.15,11000,18.35,2750,0,38500
IGL30Jan20425PE.NFO,07/01/2020,12:53:51,15.8,17.15,11000,18.35,5500,0,38500
IGL30Jan20425PE.NFO,07/01/2020,12:54:00,15.8,17.15,11000,18.25,5500,0,38500
IGL30Jan20425PE.NFO,07/01/2020,12:54:04,15.8,17.15,11000,18.2,2750,0,38500
IGL30Jan20425PE.NFO,07/01/2020,12:54:07,15.8,17.3,8250,18.1,2750,0,38500
IGL30Jan20425PE.NFO,07/01/2020,12:54:11,15.8,17.3,8250,18,2750,0,38500
IGL30Jan20425PE.NFO,07/01/2020,12:54:15,15.8,17.3,8250,17.85,2750,0,38500
IGL30Jan20425PE.NFO,07/01/2020,12:54:48,15.8,17.3,5500,18.6,44000,0,38500
IGL30Jan20425PE.NFO,07/01/2020,12:54:53,15.8,17.25,2750,18.55,44000,0,38500
IGL30Jan20425PE.NFO,07/01/2020,12:54:58,15.8,17.25,5500,18.4,2750,0,38500
IGL30Jan20425PE.NFO,07/01/2020,12:55:01,15.8,17.25,5500,18.5,5500,0,38500
IGL30Jan20425PE.NFO,07/01/2020,12:55:14,15.8,17.25,5500,18.45,13750,0,38500
IGL30Jan20425PE.NFO,07/01/2020,12:55:15,15.8,17.25,5500,18.5,27500,0,38500
IGL30Jan20425PE.NFO,07/01/2020,12:55:21,15.8,17.3,2750,18.5,11000,0,38500
IGL30Jan20425PE.NFO,07/01/2020,12:55:22,15.8,17.3,2750,18.5,5500,0,38500
IGL30Jan20425PE.NFO,07/01/2020,12:55:24,15.8,17.3,2750,18.5,38500,0,38500
IGL30Jan20425PE.NFO,07/01/2020,12:55:25,15.8,17.3,2750,18.5,5500,0,38500
IGL30Jan20425PE.NFO,07/01/2020,12:55:26,15.8,17.3,2750,18.5,16500,0,38500
IGL30Jan20425PE.NFO,07/01/2020,12:55:27,15.8,17.3,2750,18.5,27500,0,38500
IGL30Jan20425PE.NFO,07/01/2020,12:55:28,15.8,17.3,2750,18.5,16500,0,38500
IGL30Jan20425PE.NFO,07/01/2020,12:55:29,15.8,17.3,2750,18.5,5500,0,38500
IGL30Jan20425PE.NFO,07/01/2020,12:55:30,15.8,17.3,2750,18.5,27500,0,38500
IGL30Jan20425PE.NFO,07/01/2020,12:55:31,15.8,17.3,2750,18.5,22000,0,38500
