Ticker,Date,Time,LTP,BuyPrice,BuyQty,SellPrice,SellQty,LTQ,OpenInterest
IGL30Jan20410CE.NFO,07/01/2020,09:27:41,16.05,15.8,5500,16.5,5500,2750,30250
IGL30Jan20410CE.NFO,07/01/2020,09:27:41,16.05,15.8,5500,16.5,5500,0,30250
IGL30Jan20410CE.NFO,07/01/2020,09:27:41,16.05,15.8,5500,16.5,5500,0,30250
IGL30Jan20410CE.NFO,07/01/2020,09:27:41,16.05,15.8,5500,16.5,5500,0,30250
IGL30Jan20410CE.NFO,07/01/2020,09:27:47,16.05,15.9,2750,16.55,2750,0,30250
IGL30Jan20410CE.NFO,07/01/2020,09:27:54,16.05,16,2750,16.6,2750,0,30250
IGL30Jan20410CE.NFO,07/01/2020,09:28:08,16.05,15.95,2750,16.55,2750,0,30250
IGL30Jan20410CE.NFO,07/01/2020,09:28:31,16.05,16.1,2750,16.75,2750,0,30250
IGL30Jan20410CE.NFO,07/01/2020,09:29:15,16.05,16.1,2750,16.95,2750,0,30250
IGL30Jan20410CE.NFO,07/01/2020,09:29:20,16.05,16.1,2750,16.85,2750,0,30250
IGL30Jan20410CE.NFO,07/01/2020,09:29:26,16.05,16.1,2750,16.7,2750,0,30250
IGL30Jan20410CE.NFO,07/01/2020,09:29:31,16.05,15.95,2750,16.6,2750,0,30250
IGL30Jan20410CE.NFO,07/01/2020,09:29:37,16.05,16.05,2750,16.65,5500,0,30250
IGL30Jan20410CE.NFO,07/01/2020,09:29:42,16.05,16,2750,16.6,2750,0,30250
IGL30Jan20410CE.NFO,07/01/2020,09:29:47,16.05,16.05,2750,16.6,2750,0,30250
IGL30Jan20410CE.NFO,07/01/2020,09:30:50,16.05,16,2750,16.5,2750,0,30250
IGL30Jan20410CE.NFO,07/01/2020,09:31:00,16.05,16,2750,16.55,2750,0,30250
IGL30Jan20410CE.NFO,07/01/2020,09:31:05,16.05,15.95,5500,16.55,2750,0,30250
IGL30Jan20410CE.NFO,07/01/2020,09:31:18,16.05,15.95,5500,16.5,2750,0,30250
IGL30Jan20410CE.NFO,07/01/2020,09:31:24,16.05,15.85,2750,16.55,5500,0,30250
IGL30Jan20410CE.NFO,07/01/2020,09:31:30,16.05,15.7,5500,16.3,2750,0,30250
IGL30Jan20410CE.NFO,07/01/2020,09:31:35,16.05,15.7,5500,16.25,2750,0,30250
IGL30Jan20410CE.NFO,07/01/2020,09:31:46,16.05,15.55,2750,16.15,2750,0,30250
IGL30Jan20410CE.NFO,07/01/2020,09:31:52,16.05,15.65,5500,16.25,2750,0,30250
IGL30Jan20410CE.NFO,07/01/2020,09:31:57,16.05,15.8,2750,16.35,2750,0,30250
IGL30Jan20410CE.NFO,07/01/2020,09:32:02,16.05,15.8,2750,16.3,5500,0,30250
IGL30Jan20410CE.NFO,07/01/2020,09:32:08,16.05,15.85,2750,16.4,2750,0,30250
IGL30Jan20410CE.NFO,07/01/2020,09:32:13,16.05,15.85,2750,16.4,5500,0,30250
IGL30Jan20410CE.NFO,07/01/2020,09:32:19,16.05,15.9,2750,16.9,8250,0,30250
IGL30Jan20410CE.NFO,07/01/2020,09:32:26,16.05,15.9,2750,16.55,2750,0,30250
IGL30Jan20410CE.NFO,07/01/2020,09:32:37,16.05,15.9,2750,16.45,2750,0,30250
IGL30Jan20410CE.NFO,07/01/2020,09:32:43,16.05,15.9,5500,16.45,2750,0,30250
IGL30Jan20410CE.NFO,07/01/2020,09:32:49,16.05,15.9,5500,16.55,2750,0,30250
IGL30Jan20410CE.NFO,07/01/2020,09:32:54,16.05,15.9,2750,16.45,2750,0,30250
IGL30Jan20410CE.NFO,07/01/2020,09:33:00,16.05,16,2750,16.6,5500,0,30250
IGL30Jan20410CE.NFO,07/01/2020,09:33:06,16.05,16,2750,16.6,2750,0,30250
IGL30Jan20410CE.NFO,07/01/2020,09:33:12,16.05,16,2750,16.6,5500,0,30250
IGL30Jan20410CE.NFO,07/01/2020,09:33:17,16.05,16,2750,16.55,2750,0,30250
IGL30Jan20410CE.NFO,07/01/2020,09:33:22,16.05,16,2750,16.8,2750,0,30250
IGL30Jan20410CE.NFO,07/01/2020,09:33:28,16.05,16,2750,16.65,2750,0,30250
IGL30Jan20410CE.NFO,07/01/2020,09:33:33,16.05,16,2750,16.6,2750,0,30250
IGL30Jan20410CE.NFO,07/01/2020,09:33:43,16.05,16,5500,16.55,5500,0,30250
IGL30Jan20410CE.NFO,07/01/2020,09:33:57,16.05,16,5500,16.55,2750,0,30250
IGL30Jan20410CE.NFO,07/01/2020,09:34:07,16.05,16,5500,16.6,2750,0,30250
IGL30Jan20410CE.NFO,07/01/2020,09:34:12,16.05,16,5500,16.55,5500,0,30250
IGL30Jan20410CE.NFO,07/01/2020,09:34:17,16.05,16,2750,16.5,2750,0,30250
IGL30Jan20410CE.NFO,07/01/2020,09:34:22,16.05,15.95,2750,16.45,2750,0,30250
IGL30Jan20410CE.NFO,07/01/2020,09:34:28,16.05,15.95,2750,16.45,5500,0,30250
IGL30Jan20410CE.NFO,07/01/2020,09:34:40,16.05,15.8,2750,16.55,2750,0,30250
IGL30Jan20410CE.NFO,07/01/2020,09:34:45,16.05,15.8,2750,16.35,5500,0,30250
IGL30Jan20410CE.NFO,07/01/2020,09:34:56,16.05,15.8,2750,16.5,2750,0,30250
IGL30Jan20410CE.NFO,07/01/2020,09:35:02,16.05,15.85,2750,16.4,5500,0,30250
IGL30Jan20410CE.NFO,07/01/2020,09:35:07,16.05,15.8,2750,16.35,5500,0,30250
IGL30Jan20410CE.NFO,07/01/2020,09:35:12,16.05,15.8,2750,16.3,5500,0,30250
IGL30Jan20410CE.NFO,07/01/2020,09:35:21,16.05,15.8,2750,16.3,2750,0,30250
IGL30Jan20410CE.NFO,07/01/2020,09:35:26,16.05,15.8,2750,16.35,2750,0,30250
IGL30Jan20410CE.NFO,07/01/2020,09:35:31,16.05,15.75,2750,16.25,5500,0,30250
IGL30Jan20410CE.NFO,07/01/2020,09:35:36,16.05,15.6,2750,16.1,5500,0,30250
IGL30Jan20410CE.NFO,07/01/2020,09:35:42,16.05,15.3,2750,15.9,2750,0,30250
IGL30Jan20410CE.NFO,07/01/2020,09:35:55,16.05,15.45,2750,15.95,5500,0,30250
IGL30Jan20410CE.NFO,07/01/2020,09:36:01,16.05,15.45,2750,16,2750,0,30250
IGL30Jan20410CE.NFO,07/01/2020,09:36:06,16.05,15.45,2750,16,5500,0,30250
IGL30Jan20410CE.NFO,07/01/2020,09:36:12,16.05,15.5,2750,16.05,5500,0,30250
IGL30Jan20410CE.NFO,07/01/2020,09:36:18,16.05,15.6,2750,16.15,2750,0,30250
IGL30Jan20410CE.NFO,07/01/2020,09:36:24,16.05,15.65,2750,16.15,2750,0,30250
IGL30Jan20410CE.NFO,07/01/2020,09:36:47,16.05,15.75,2750,16.25,2750,0,30250
IGL30Jan20410CE.NFO,07/01/2020,09:36:51,16.05,15.65,2750,16.2,2750,0,30250
IGL30Jan20410CE.NFO,07/01/2020,09:36:56,16.05,15.7,2750,16.2,2750,0,30250
IGL30Jan20410CE.NFO,07/01/2020,09:37:01,16.05,15.7,2750,16.3,2750,0,30250
IGL30Jan20410CE.NFO,07/01/2020,09:37:06,16.05,15.7,2750,16.15,2750,0,30250
IGL30Jan20410CE.NFO,07/01/2020,09:37:11,16.05,15.7,2750,16.2,2750,0,30250
IGL30Jan20410CE.NFO,07/01/2020,09:37:19,16.05,15.65,2750,16.2,2750,0,30250
IGL30Jan20410CE.NFO,07/01/2020,09:37:33,16.05,15.6,5500,16.2,2750,0,30250
IGL30Jan20410CE.NFO,07/01/2020,09:37:53,16.05,15.75,2750,16.25,2750,0,30250
IGL30Jan20410CE.NFO,07/01/2020,09:38:07,16.05,15.75,2750,16.3,2750,0,30250
IGL30Jan20410CE.NFO,07/01/2020,09:38:12,16.05,15.75,2750,16.35,2750,0,30250
IGL30Jan20410CE.NFO,07/01/2020,09:38:24,16.05,15.75,5500,16.35,2750,0,30250
IGL30Jan20410CE.NFO,07/01/2020,09:38:46,16.05,15.75,5500,16.3,2750,0,30250
IGL30Jan20410CE.NFO,07/01/2020,09:38:50,16.05,15.8,2750,16.2,2750,0,30250
IGL30Jan20410CE.NFO,07/01/2020,09:38:55,16.05,15.8,2750,16.25,5500,0,30250
IGL30Jan20410CE.NFO,07/01/2020,09:38:59,16.05,15.8,2750,16.25,2750,0,30250
IGL30Jan20410CE.NFO,07/01/2020,09:39:11,16.05,15.75,2750,16.25,2750,0,30250
IGL30Jan20410CE.NFO,07/01/2020,09:39:16,16.05,15.8,2750,16.3,5500,0,30250
IGL30Jan20410CE.NFO,07/01/2020,09:39:21,16.05,15.8,2750,16.25,2750,0,30250
IGL30Jan20410CE.NFO,07/01/2020,09:39:39,16.05,15.8,2750,16.25,5500,0,30250
IGL30Jan20410CE.NFO,07/01/2020,09:40:03,16.05,15.75,5500,16.45,2750,0,30250
IGL30Jan20410CE.NFO,07/01/2020,09:40:09,16.05,15.75,5500,16.25,8250,0,30250
IGL30Jan20410CE.NFO,07/01/2020,09:40:14,16.05,15.75,5500,16.2,5500,0,30250
IGL30Jan20410CE.NFO,07/01/2020,09:40:34,16.05,15.7,2750,16.15,2750,0,30250
IGL30Jan20410CE.NFO,07/01/2020,09:40:57,16.05,15.65,2750,16.15,2750,0,30250
IGL30Jan20410CE.NFO,07/01/2020,09:41:03,16.05,15.7,2750,16.15,5500,0,30250
IGL30Jan20410CE.NFO,07/01/2020,09:41:14,16.05,15.7,2750,16.15,2750,0,30250
IGL30Jan20410CE.NFO,07/01/2020,09:41:23,16.05,15.7,2750,16.15,5500,0,30250
IGL30Jan20410CE.NFO,07/01/2020,09:41:27,16.05,15.7,2750,16.15,2750,0,30250
IGL30Jan20410CE.NFO,07/01/2020,09:41:32,16.05,15.7,2750,16.15,5500,0,30250
IGL30Jan20410CE.NFO,07/01/2020,09:41:42,16.05,15.65,5500,16.15,8250,0,30250
IGL30Jan20410CE.NFO,07/01/2020,09:41:58,16.05,15.6,2750,16.05,2750,0,30250
IGL30Jan20410CE.NFO,07/01/2020,09:42:05,16.05,15.5,2750,16,2750,0,30250
IGL30Jan20410CE.NFO,07/01/2020,09:42:11,16.05,15.5,2750,15.95,2750,0,30250
IGL30Jan20410CE.NFO,07/01/2020,09:42:18,16.05,15.55,2750,16,2750,0,30250
IGL30Jan20410CE.NFO,07/01/2020,09:42:24,16.05,15.5,2750,16,2750,0,30250
IGL30Jan20410CE.NFO,07/01/2020,09:42:32,16.05,15.55,11000,16.1,5500,0,30250
IGL30Jan20410CE.NFO,07/01/2020,09:42:39,16.05,15.55,5500,16.05,5500,0,30250
IGL30Jan20410CE.NFO,07/01/2020,09:42:45,16.05,15.55,5500,16.35,2750,0,30250
IGL30Jan20410CE.NFO,07/01/2020,09:42:51,16.05,15.55,5500,16,5500,0,30250
IGL30Jan20410CE.NFO,07/01/2020,09:42:58,16.05,15.35,2750,15.85,8250,0,30250
IGL30Jan20410CE.NFO,07/01/2020,09:43:03,16.05,15.35,2750,15.85,5500,0,30250
IGL30Jan20410CE.NFO,07/01/2020,09:43:19,16.05,15.35,2750,15.85,2750,0,30250
IGL30Jan20410CE.NFO,07/01/2020,09:43:25,16.05,15.45,2750,15.85,2750,0,30250
IGL30Jan20410CE.NFO,07/01/2020,09:43:35,16.05,15.45,2750,15.9,2750,0,30250
IGL30Jan20410CE.NFO,07/01/2020,09:43:40,16.05,15.4,5500,15.85,2750,0,30250
IGL30Jan20410CE.NFO,07/01/2020,09:43:44,16.05,15.45,2750,15.85,2750,0,30250
IGL30Jan20410CE.NFO,07/01/2020,09:44:08,16.05,15.45,5500,15.9,2750,0,30250
IGL30Jan20410CE.NFO,07/01/2020,09:44:14,16.05,15.45,5500,15.9,5500,0,30250
IGL30Jan20410CE.NFO,07/01/2020,09:44:19,16.05,15.45,2750,15.85,2750,0,30250
IGL30Jan20410CE.NFO,07/01/2020,09:44:24,16.05,15.4,5500,15.85,2750,0,30250
IGL30Jan20410CE.NFO,07/01/2020,09:44:30,16.05,15.3,5500,15.7,2750,0,30250
IGL30Jan20410CE.NFO,07/01/2020,09:44:35,16.05,15.3,5500,15.75,2750,0,30250
IGL30Jan20410CE.NFO,07/01/2020,09:44:50,16.05,15.35,2750,15.8,2750,0,30250
IGL30Jan20410CE.NFO,07/01/2020,09:44:55,16.05,15.3,5500,15.75,2750,0,30250
IGL30Jan20410CE.NFO,07/01/2020,09:45:13,16.05,15.3,2750,15.75,2750,0,30250
IGL30Jan20410CE.NFO,07/01/2020,09:45:25,16.05,15.3,2750,16.05,2750,0,30250
IGL30Jan20410CE.NFO,07/01/2020,09:45:31,16.05,15.3,2750,16.15,2750,0,30250
IGL30Jan20410CE.NFO,07/01/2020,09:45:37,16.05,15.4,2750,15.8,5500,0,30250
IGL30Jan20410CE.NFO,07/01/2020,09:45:43,16.05,15.4,2750,15.75,2750,0,30250
IGL30Jan20410CE.NFO,07/01/2020,09:45:48,16.05,15.4,2750,15.8,2750,0,30250
IGL30Jan20410CE.NFO,07/01/2020,09:45:54,16.05,15.4,2750,15.75,2750,0,30250
IGL30Jan20410CE.NFO,07/01/2020,09:46:16,16.05,15.4,2750,15.8,5500,0,30250
IGL30Jan20410CE.NFO,07/01/2020,09:46:36,16.05,15.05,2750,15.5,2750,0,30250
IGL30Jan20410CE.NFO,07/01/2020,09:46:45,16.05,15.1,2750,15.5,2750,0,30250
IGL30Jan20410CE.NFO,07/01/2020,09:46:54,16.05,15.15,2750,15.55,2750,0,30250
IGL30Jan20410CE.NFO,07/01/2020,09:47:08,16.05,15.05,2750,15.45,2750,0,30250
IGL30Jan20410CE.NFO,07/01/2020,09:47:30,16.05,15,2750,15.4,2750,0,30250
IGL30Jan20410CE.NFO,07/01/2020,09:47:47,16.05,15.05,2750,15.5,5500,0,30250
IGL30Jan20410CE.NFO,07/01/2020,09:47:55,16.05,15.05,2750,15.5,2750,0,30250
IGL30Jan20410CE.NFO,07/01/2020,09:48:00,16.05,15.05,2750,15.5,5500,0,30250
IGL30Jan20410CE.NFO,07/01/2020,09:48:15,16.05,15.1,5500,15.5,2750,0,30250
IGL30Jan20410CE.NFO,07/01/2020,09:48:23,16.05,15.05,2750,15.4,5500,0,30250
IGL30Jan20410CE.NFO,07/01/2020,09:48:35,16.05,15.05,2750,15.5,5500,0,30250
IGL30Jan20410CE.NFO,07/01/2020,09:48:49,16.05,15.05,2750,15.4,5500,0,30250
IGL30Jan20410CE.NFO,07/01/2020,09:48:53,16.05,15.05,2750,15.45,5500,0,30250
IGL30Jan20410CE.NFO,07/01/2020,09:49:00,16.05,15,2750,15.4,5500,0,30250
IGL30Jan20410CE.NFO,07/01/2020,09:49:04,16.05,15,2750,15.45,2750,0,30250
IGL30Jan20410CE.NFO,07/01/2020,09:49:14,16.05,15.05,2750,15.45,2750,0,30250
IGL30Jan20410CE.NFO,07/01/2020,09:49:24,16.05,15.05,2750,15.4,5500,0,30250
IGL30Jan20410CE.NFO,07/01/2020,09:49:31,16.05,14.95,2750,15.4,2750,0,30250
IGL30Jan20410CE.NFO,07/01/2020,09:49:46,16.05,14.95,2750,15.55,2750,0,30250
IGL30Jan20410CE.NFO,07/01/2020,09:49:51,16.05,14.95,2750,15.65,5500,0,30250
IGL30Jan20410CE.NFO,07/01/2020,09:49:56,16.05,14.95,2750,15.4,2750,0,30250
IGL30Jan20410CE.NFO,07/01/2020,09:50:00,16.05,15,2750,15.45,2750,0,30250
IGL30Jan20410CE.NFO,07/01/2020,09:50:06,16.05,14.95,2750,15.4,2750,0,30250
IGL30Jan20410CE.NFO,07/01/2020,09:50:11,16.05,14.95,2750,15.35,2750,0,30250
IGL30Jan20410CE.NFO,07/01/2020,09:50:17,16.05,14.95,2750,15.4,2750,0,30250
IGL30Jan20410CE.NFO,07/01/2020,09:50:26,16.05,14.95,2750,15.85,5500,0,30250
IGL30Jan20410CE.NFO,07/01/2020,09:50:31,16.05,14.95,2750,15.55,2750,0,30250
IGL30Jan20410CE.NFO,07/01/2020,09:50:36,16.05,14.95,2750,15.75,5500,0,30250
IGL30Jan20410CE.NFO,07/01/2020,09:50:42,16.05,14.95,2750,15.35,2750,0,30250
IGL30Jan20410CE.NFO,07/01/2020,09:51:02,16.05,15,2750,15.35,2750,0,30250
IGL30Jan20410CE.NFO,07/01/2020,09:51:13,16.05,14.95,2750,15.35,2750,0,30250
IGL30Jan20410CE.NFO,07/01/2020,09:51:23,16.05,15,2750,15.35,2750,0,30250
IGL30Jan20410CE.NFO,07/01/2020,09:51:28,16.05,14.95,2750,15.35,2750,0,30250
IGL30Jan20410CE.NFO,07/01/2020,09:51:34,16.05,14.95,2750,15.4,2750,0,30250
IGL30Jan20410CE.NFO,07/01/2020,09:51:52,16.05,15.1,2750,15.45,2750,0,30250
IGL30Jan20410CE.NFO,07/01/2020,09:51:55,16.05,15.05,2750,15.45,2750,0,30250
IGL30Jan20410CE.NFO,07/01/2020,09:52:29,16.05,14.95,2750,15.4,5500,0,30250
IGL30Jan20410CE.NFO,07/01/2020,09:52:59,16.05,14.95,2750,15.35,2750,0,30250
IGL30Jan20410CE.NFO,07/01/2020,09:53:15,16.05,14.95,2750,15.4,5500,0,30250
IGL30Jan20410CE.NFO,07/01/2020,09:53:20,16.05,14.95,2750,15.35,2750,0,30250
IGL30Jan20410CE.NFO,07/01/2020,09:53:25,16.05,14.95,2750,15.4,5500,0,30250
IGL30Jan20410CE.NFO,07/01/2020,09:53:30,16.05,14.95,2750,15.35,2750,0,30250
IGL30Jan20410CE.NFO,07/01/2020,09:53:41,16.05,14.95,2750,15.3,2750,0,30250
IGL30Jan20410CE.NFO,07/01/2020,09:53:46,16.05,14.9,2750,15.3,2750,0,30250
IGL30Jan20410CE.NFO,07/01/2020,09:53:50,16.05,14.9,2750,15.25,2750,0,30250
IGL30Jan20410CE.NFO,07/01/2020,09:53:58,16.05,14.75,2750,15.15,2750,0,30250
IGL30Jan20410CE.NFO,07/01/2020,09:54:03,16.05,14.75,2750,15.1,2750,0,30250
IGL30Jan20410CE.NFO,07/01/2020,09:54:21,16.05,14.65,2750,15,2750,0,30250
IGL30Jan20410CE.NFO,07/01/2020,09:54:39,16.05,14.7,2750,15.05,2750,0,30250
IGL30Jan20410CE.NFO,07/01/2020,09:54:49,16.05,14.65,2750,15.05,2750,0,30250
IGL30Jan20410CE.NFO,07/01/2020,09:54:53,16.05,14.5,2750,14.9,5500,0,30250
IGL30Jan20410CE.NFO,07/01/2020,09:55:08,16.05,14.6,2750,15,2750,0,30250
IGL30Jan20410CE.NFO,07/01/2020,09:55:13,16.05,14.65,8250,15.05,2750,0,30250
IGL30Jan20410CE.NFO,07/01/2020,09:55:18,16.05,14.55,5500,14.95,2750,0,30250
IGL30Jan20410CE.NFO,07/01/2020,09:55:37,16.05,14.55,5500,15,5500,0,30250
IGL30Jan20410CE.NFO,07/01/2020,09:55:41,16.05,14.6,2750,15.05,2750,0,30250
IGL30Jan20410CE.NFO,07/01/2020,09:55:46,16.05,14.65,5500,15.05,2750,0,30250
IGL30Jan20410CE.NFO,07/01/2020,09:55:56,16.05,14.5,2750,14.9,2750,0,30250
IGL30Jan20410CE.NFO,07/01/2020,09:56:10,16.05,14.45,5500,14.9,2750,0,30250
IGL30Jan20410CE.NFO,07/01/2020,09:56:15,16.05,14.4,2750,14.9,2750,0,30250
IGL30Jan20410CE.NFO,07/01/2020,09:56:21,16.05,14.45,8250,14.9,2750,0,30250
IGL30Jan20410CE.NFO,07/01/2020,09:56:32,16.05,14.45,8250,15,2750,0,30250
IGL30Jan20410CE.NFO,07/01/2020,09:56:37,16.05,14.45,8250,14.9,5500,0,30250
IGL30Jan20410CE.NFO,07/01/2020,09:56:42,16.05,14.45,8250,14.95,2750,0,30250
IGL30Jan20410CE.NFO,07/01/2020,09:56:46,16.05,14.45,8250,15,2750,0,30250
IGL30Jan20410CE.NFO,07/01/2020,09:57:04,16.05,14.45,2750,14.85,2750,0,30250
IGL30Jan20410CE.NFO,07/01/2020,09:57:08,16.05,14.4,2750,14.8,2750,0,30250
IGL30Jan20410CE.NFO,07/01/2020,09:57:12,16.05,14.45,2750,14.8,2750,0,30250
IGL30Jan20410CE.NFO,07/01/2020,09:57:16,16.05,14.45,2750,14.8,5500,0,30250
IGL30Jan20410CE.NFO,07/01/2020,09:57:21,16.05,14.4,8250,14.8,2750,0,30250
IGL30Jan20410CE.NFO,07/01/2020,09:57:25,16.05,14.4,8250,14.8,5500,0,30250
IGL30Jan20410CE.NFO,07/01/2020,09:57:34,16.05,14.4,11000,14.95,2750,0,30250
IGL30Jan20410CE.NFO,07/01/2020,09:57:41,16.05,14.4,11000,15,2750,0,30250
IGL30Jan20410CE.NFO,07/01/2020,09:57:50,16.05,14.4,11000,14.9,2750,0,30250
IGL30Jan20410CE.NFO,07/01/2020,09:57:54,16.05,14.4,11000,14.85,2750,0,30250
IGL30Jan20410CE.NFO,07/01/2020,09:58:13,16.05,14.4,11000,14.9,5500,0,30250
IGL30Jan20410CE.NFO,07/01/2020,09:58:17,16.05,14.4,11000,14.95,2750,0,30250
IGL30Jan20410CE.NFO,07/01/2020,09:58:44,16.05,14.4,11000,14.9,2750,0,30250
IGL30Jan20410CE.NFO,07/01/2020,09:58:49,16.05,14.4,11000,15.25,5500,0,30250
IGL30Jan20410CE.NFO,07/01/2020,09:59:07,16.05,14.4,5500,15.25,5500,0,30250
IGL30Jan20410CE.NFO,07/01/2020,09:59:13,16.05,14.4,5500,15.05,5500,0,30250
IGL30Jan20410CE.NFO,07/01/2020,09:59:18,16.05,14.4,5500,14.95,5500,0,30250
IGL30Jan20410CE.NFO,07/01/2020,09:59:23,16.05,14.35,5500,15,2750,0,30250
IGL30Jan20410CE.NFO,07/01/2020,09:59:28,16.05,14.35,2750,15.1,2750,0,30250
IGL30Jan20410CE.NFO,07/01/2020,09:59:34,16.05,14.35,2750,15,2750,0,30250
IGL30Jan20410CE.NFO,07/01/2020,09:59:39,16.05,14.5,2750,15.05,2750,0,30250
IGL30Jan20410CE.NFO,07/01/2020,09:59:45,16.05,14.35,2750,15.15,2750,0,30250
IGL30Jan20410CE.NFO,07/01/2020,09:59:50,16.05,14.4,5500,15.3,5500,0,30250
IGL30Jan20410CE.NFO,07/01/2020,10:00:01,16.05,14.4,5500,15,5500,0,30250
IGL30Jan20410CE.NFO,07/01/2020,10:00:07,16.05,14.4,5500,15.1,2750,0,30250
IGL30Jan20410CE.NFO,07/01/2020,10:00:12,16.05,14.4,5500,15.1,5500,0,30250
IGL30Jan20410CE.NFO,07/01/2020,10:00:39,16.05,14.55,2750,15.5,2750,0,30250
IGL30Jan20410CE.NFO,07/01/2020,10:00:46,16.05,14.6,2750,15.3,2750,0,30250
IGL30Jan20410CE.NFO,07/01/2020,10:00:53,16.05,14.6,2750,15.15,2750,0,30250
IGL30Jan20410CE.NFO,07/01/2020,10:01:00,16.05,14.65,2750,15.4,2750,0,30250
IGL30Jan20410CE.NFO,07/01/2020,10:01:05,16.05,14.8,2750,15.5,2750,0,30250
IGL30Jan20410CE.NFO,07/01/2020,10:01:11,16.05,14.85,2750,15.6,2750,0,30250
IGL30Jan20410CE.NFO,07/01/2020,10:01:48,16.05,14.85,2750,15.6,5500,0,30250
IGL30Jan20410CE.NFO,07/01/2020,10:01:54,16.05,14.95,2750,15.6,5500,0,30250
IGL30Jan20410CE.NFO,07/01/2020,10:02:10,16.05,15,2750,15.6,2750,0,30250
IGL30Jan20410CE.NFO,07/01/2020,10:02:15,16.05,15,2750,15.65,2750,0,30250
IGL30Jan20410CE.NFO,07/01/2020,10:02:20,16.05,14.85,5500,15.8,2750,0,30250
IGL30Jan20410CE.NFO,07/01/2020,10:02:25,16.05,14.95,2750,15.6,2750,0,30250
IGL30Jan20410CE.NFO,07/01/2020,10:02:31,16.05,14.85,2750,15.6,5500,0,30250
IGL30Jan20410CE.NFO,07/01/2020,10:02:53,16.05,14.95,2750,15.6,5500,0,30250
IGL30Jan20410CE.NFO,07/01/2020,10:02:59,16.05,15,2750,15.9,2750,0,30250
IGL30Jan20410CE.NFO,07/01/2020,10:03:04,16.05,15.05,2750,15.9,2750,0,30250
IGL30Jan20410CE.NFO,07/01/2020,10:03:08,16.05,15.05,2750,15.65,2750,0,30250
IGL30Jan20410CE.NFO,07/01/2020,10:03:12,16.05,15,2750,15.9,2750,0,30250
IGL30Jan20410CE.NFO,07/01/2020,10:03:17,16.05,15.05,2750,15.75,2750,0,30250
IGL30Jan20410CE.NFO,07/01/2020,10:03:22,16.05,15.05,2750,15.65,2750,0,30250
IGL30Jan20410CE.NFO,07/01/2020,10:03:27,16.05,15.05,2750,15.95,8250,0,30250
IGL30Jan20410CE.NFO,07/01/2020,10:03:32,16.05,15.05,2750,15.85,2750,0,30250
IGL30Jan20410CE.NFO,07/01/2020,10:03:40,16.05,15.05,2750,15.75,2750,0,30250
IGL30Jan20410CE.NFO,07/01/2020,10:03:44,16.05,15.05,2750,15.65,2750,0,30250
IGL30Jan20410CE.NFO,07/01/2020,10:03:49,16.05,15.05,2750,15.75,2750,0,30250
IGL30Jan20410CE.NFO,07/01/2020,10:03:54,16.05,15.05,2750,15.95,2750,0,30250
IGL30Jan20410CE.NFO,07/01/2020,10:03:59,16.05,15.2,2750,15.95,2750,0,30250
IGL30Jan20410CE.NFO,07/01/2020,10:04:04,16.05,15.25,2750,15.85,2750,0,30250
IGL30Jan20410CE.NFO,07/01/2020,10:04:09,16.05,15.15,5500,16.1,2750,0,30250
IGL30Jan20410CE.NFO,07/01/2020,10:04:13,16.05,15.25,2750,16.05,2750,0,30250
IGL30Jan20410CE.NFO,07/01/2020,10:04:17,16.05,15.3,5500,16.25,2750,0,30250
IGL30Jan20410CE.NFO,07/01/2020,10:04:22,16.05,15.3,5500,16.2,2750,0,30250
IGL30Jan20410CE.NFO,07/01/2020,10:04:26,16.05,15.45,2750,16.25,2750,0,30250
IGL30Jan20410CE.NFO,07/01/2020,10:04:30,16.05,15.35,2750,16.15,5500,0,30250
IGL30Jan20410CE.NFO,07/01/2020,10:04:39,16.05,15.05,2750,15.85,2750,0,30250
IGL30Jan20410CE.NFO,07/01/2020,10:04:44,16.05,14.85,5500,15.7,2750,0,30250
IGL30Jan20410CE.NFO,07/01/2020,10:04:49,16.05,14.85,5500,15.7,5500,0,30250
IGL30Jan20410CE.NFO,07/01/2020,10:04:53,16.05,14.95,8250,15.7,5500,0,30250
IGL30Jan20410CE.NFO,07/01/2020,10:04:58,16.05,14.95,5500,15.7,5500,0,30250
IGL30Jan20410CE.NFO,07/01/2020,10:05:12,16.05,15.05,5500,15.7,5500,0,30250
IGL30Jan20410CE.NFO,07/01/2020,10:05:18,16.05,14.9,2750,15.7,5500,0,30250
IGL30Jan20410CE.NFO,07/01/2020,10:05:35,16.05,14.85,2750,15.7,5500,0,30250
IGL30Jan20410CE.NFO,07/01/2020,10:05:42,16.05,14.9,2750,15.7,5500,0,30250
IGL30Jan20410CE.NFO,07/01/2020,10:05:46,16.05,14.95,2750,15.7,5500,0,30250
IGL30Jan20410CE.NFO,07/01/2020,10:05:47,16.05,15,2750,15.7,5500,0,30250
IGL30Jan20410CE.NFO,07/01/2020,10:05:54,16.05,14.85,8250,15.7,5500,0,30250
IGL30Jan20410CE.NFO,07/01/2020,10:06:19,16.05,14.85,5500,15.7,5500,0,30250
IGL30Jan20410CE.NFO,07/01/2020,10:06:25,16.05,14.85,2750,15.7,5500,0,30250
IGL30Jan20410CE.NFO,07/01/2020,10:06:36,16.05,14.9,2750,15.7,5500,0,30250
IGL30Jan20410CE.NFO,07/01/2020,10:06:41,16.05,14.75,11000,15.7,5500,0,30250
IGL30Jan20410CE.NFO,07/01/2020,10:07:15,16.05,14.75,5500,15.7,5500,0,30250
IGL30Jan20410CE.NFO,07/01/2020,10:07:21,16.05,14.85,5500,15.7,5500,0,30250
IGL30Jan20410CE.NFO,07/01/2020,10:08:02,16.05,14.95,2750,15.7,5500,0,30250
IGL30Jan20410CE.NFO,07/01/2020,10:08:15,16.05,14.85,8250,15.75,2750,0,30250
IGL30Jan20410CE.NFO,07/01/2020,10:08:20,16.05,14.85,8250,15.8,2750,0,30250
IGL30Jan20410CE.NFO,07/01/2020,10:08:25,16.05,14.85,8250,15.7,2750,0,30250
IGL30Jan20410CE.NFO,07/01/2020,10:08:29,16.05,14.95,8250,15.7,2750,0,30250
IGL30Jan20410CE.NFO,07/01/2020,10:08:34,16.05,15.2,2750,15.9,2750,0,30250
IGL30Jan20410CE.NFO,07/01/2020,10:08:40,16.05,15.2,2750,16.05,2750,0,30250
IGL30Jan20410CE.NFO,07/01/2020,10:08:45,16.05,15.2,5500,16.05,2750,0,30250
IGL30Jan20410CE.NFO,07/01/2020,10:08:49,16.05,15.25,2750,15.9,2750,0,30250
IGL30Jan20410CE.NFO,07/01/2020,10:08:57,16.05,15.25,2750,15.95,2750,0,30250
IGL30Jan20410CE.NFO,07/01/2020,10:09:01,16.05,15.05,5500,15.85,2750,0,30250
IGL30Jan20410CE.NFO,07/01/2020,10:09:06,16.05,15.15,5500,15.8,2750,0,30250
IGL30Jan20410CE.NFO,07/01/2020,10:09:14,16.05,15.15,5500,15.85,2750,0,30250
IGL30Jan20410CE.NFO,07/01/2020,10:09:27,16.05,15.05,5500,15.75,2750,0,30250
IGL30Jan20410CE.NFO,07/01/2020,10:09:32,16.05,15.05,2750,15.8,2750,0,30250
IGL30Jan20410CE.NFO,07/01/2020,10:09:36,16.05,15.1,2750,15.95,2750,0,30250
IGL30Jan20410CE.NFO,07/01/2020,10:09:40,16.05,15.15,2750,16,2750,0,30250
IGL30Jan20410CE.NFO,07/01/2020,10:09:44,16.05,15.15,2750,15.9,2750,0,30250
IGL30Jan20410CE.NFO,07/01/2020,10:10:03,16.05,15.25,2750,16.1,2750,0,30250
IGL30Jan20410CE.NFO,07/01/2020,10:10:13,16.05,15.2,2750,15.9,2750,0,30250
IGL30Jan20410CE.NFO,07/01/2020,10:10:19,16.05,15.2,2750,15.85,2750,0,30250
IGL30Jan20410CE.NFO,07/01/2020,10:10:48,16.05,15.25,2750,16.15,8250,0,30250
IGL30Jan20410CE.NFO,07/01/2020,10:10:52,16.05,15.25,2750,16.05,2750,0,30250
IGL30Jan20410CE.NFO,07/01/2020,10:11:00,16.05,15.25,5500,15.95,2750,0,30250
IGL30Jan20410CE.NFO,07/01/2020,10:11:05,16.05,15.15,2750,15.8,2750,0,30250
IGL30Jan20410CE.NFO,07/01/2020,10:11:09,16.05,15.25,2750,15.9,2750,0,30250
IGL30Jan20410CE.NFO,07/01/2020,10:11:14,16.05,15.15,2750,16.05,2750,0,30250
IGL30Jan20410CE.NFO,07/01/2020,10:11:19,16.05,15.25,2750,15.8,2750,0,30250
IGL30Jan20410CE.NFO,07/01/2020,10:11:25,16.05,15.25,5500,15.9,2750,0,30250
IGL30Jan20410CE.NFO,07/01/2020,10:11:30,16.05,15.35,2750,16.05,2750,0,30250
IGL30Jan20410CE.NFO,07/01/2020,10:11:35,16.05,15.35,2750,15.95,2750,0,30250
IGL30Jan20410CE.NFO,07/01/2020,10:11:40,16.05,15.3,2750,15.95,2750,0,30250
IGL30Jan20410CE.NFO,07/01/2020,10:11:46,16.05,15.35,5500,16.15,2750,0,30250
IGL30Jan20410CE.NFO,07/01/2020,10:11:51,16.05,15.25,2750,16.15,2750,0,30250
IGL30Jan20410CE.NFO,07/01/2020,10:11:56,16.05,15.3,2750,16.15,2750,0,30250
IGL30Jan20410CE.NFO,07/01/2020,10:12:01,16.05,15.35,8250,16.05,5500,0,30250
IGL30Jan20410CE.NFO,07/01/2020,10:12:07,16.05,15.4,2750,16.1,2750,0,30250
IGL30Jan20410CE.NFO,07/01/2020,10:12:13,16.05,15.3,5500,15.95,2750,0,30250
IGL30Jan20410CE.NFO,07/01/2020,10:12:14,16.05,15.2,2750,16.1,2750,0,30250
IGL30Jan20410CE.NFO,07/01/2020,10:12:15,16.05,15.3,2750,15.95,2750,0,30250
IGL30Jan20410CE.NFO,07/01/2020,10:12:16,16.05,15.2,2750,16.1,2750,0,30250
IGL30Jan20410CE.NFO,07/01/2020,10:12:17,16.05,15.25,5500,16,2750,0,30250
IGL30Jan20410CE.NFO,07/01/2020,10:12:18,16.05,15.2,2750,15.95,2750,0,30250
IGL30Jan20410CE.NFO,07/01/2020,10:12:19,16.05,15.2,2750,16.1,2750,0,30250
IGL30Jan20410CE.NFO,07/01/2020,10:12:20,16.05,15.3,2750,15.95,2750,0,30250
IGL30Jan20410CE.NFO,07/01/2020,10:12:22,16.05,15.3,2750,16.1,2750,0,30250
IGL30Jan20410CE.NFO,07/01/2020,10:12:23,16.05,15.2,2750,16.1,2750,0,30250
IGL30Jan20410CE.NFO,07/01/2020,10:12:24,16.05,15.2,2750,15.95,2750,0,30250
IGL30Jan20410CE.NFO,07/01/2020,10:12:25,16.05,15.3,2750,16.1,2750,0,30250
IGL30Jan20410CE.NFO,07/01/2020,10:12:26,16.05,15.25,5500,16,2750,0,30250
IGL30Jan20410CE.NFO,07/01/2020,10:12:27,16.05,15.3,2750,16,2750,0,30250
IGL30Jan20410CE.NFO,07/01/2020,10:12:28,16.05,15.3,2750,15.95,2750,0,30250
IGL30Jan20410CE.NFO,07/01/2020,10:12:29,16.05,15.3,2750,16.1,2750,0,30250
IGL30Jan20410CE.NFO,07/01/2020,10:12:30,16.05,15.2,2750,16,2750,0,30250
IGL30Jan20410CE.NFO,07/01/2020,10:12:31,16.05,15.35,2750,16.1,2750,0,30250
IGL30Jan20410CE.NFO,07/01/2020,10:12:32,16.05,15.3,2750,16,2750,0,30250
IGL30Jan20410CE.NFO,07/01/2020,10:12:34,16.05,15.3,2750,16.1,2750,0,30250
IGL30Jan20410CE.NFO,07/01/2020,10:12:35,16.05,15.2,2750,16,2750,0,30250
IGL30Jan20410CE.NFO,07/01/2020,10:12:36,16.05,15.3,2750,15.95,2750,0,30250
IGL30Jan20410CE.NFO,07/01/2020,10:12:37,16.05,15.2,2750,16.1,2750,0,30250
IGL30Jan20410CE.NFO,07/01/2020,10:12:38,16.05,15.3,2750,15.95,2750,0,30250
IGL30Jan20410CE.NFO,07/01/2020,10:12:39,16.05,15.25,5500,15.95,2750,0,30250
IGL30Jan20410CE.NFO,07/01/2020,10:12:40,16.05,15.25,2750,16.1,2750,0,30250
IGL30Jan20410CE.NFO,07/01/2020,10:12:41,16.05,15.2,2750,16,2750,0,30250
IGL30Jan20410CE.NFO,07/01/2020,10:12:42,16.05,15.35,2750,16.1,2750,0,30250
IGL30Jan20410CE.NFO,07/01/2020,10:12:43,16.05,15.3,2750,16,2750,0,30250
IGL30Jan20410CE.NFO,07/01/2020,10:12:44,16.05,15.4,2750,15.95,2750,0,30250
IGL30Jan20410CE.NFO,07/01/2020,10:12:45,16.05,15.4,2750,15.9,2750,0,30250
IGL30Jan20410CE.NFO,07/01/2020,10:12:47,16.05,15.35,2750,15.9,2750,0,30250
IGL30Jan20410CE.NFO,07/01/2020,10:12:47,16.05,15.3,2750,15.85,2750,0,30250
IGL30Jan20410CE.NFO,07/01/2020,10:12:48,16.05,15.25,5500,15.8,2750,0,30250
IGL30Jan20410CE.NFO,07/01/2020,10:12:49,16.05,15.3,2750,15.8,2750,0,30250
IGL30Jan20410CE.NFO,07/01/2020,10:12:50,16.05,15.5,5500,16,2750,0,30250
IGL30Jan20410CE.NFO,07/01/2020,10:12:51,16.05,15.5,2750,16,2750,0,30250
IGL30Jan20410CE.NFO,07/01/2020,10:12:53,16.05,15.45,8250,16,2750,0,30250
IGL30Jan20410CE.NFO,07/01/2020,10:12:55,16.05,15.4,2750,15.95,2750,0,30250
IGL30Jan20410CE.NFO,07/01/2020,10:12:57,16.05,15.45,5500,15.9,2750,0,30250
IGL30Jan20410CE.NFO,07/01/2020,10:12:58,16.05,15.45,2750,15.9,2750,0,30250
IGL30Jan20410CE.NFO,07/01/2020,10:12:59,16.05,15.45,5500,15.9,2750,0,30250
IGL30Jan20410CE.NFO,07/01/2020,10:13:00,16.05,15.45,2750,15.9,2750,0,30250
IGL30Jan20410CE.NFO,07/01/2020,10:13:02,16.05,15.45,5500,15.9,2750,0,30250
IGL30Jan20410CE.NFO,07/01/2020,10:13:03,16.05,15.45,2750,15.9,2750,0,30250
IGL30Jan20410CE.NFO,07/01/2020,10:13:08,16.05,15.4,2750,15.9,2750,0,30250
IGL30Jan20410CE.NFO,07/01/2020,10:13:09,16.05,15.3,2750,15.85,2750,0,30250
IGL30Jan20410CE.NFO,07/01/2020,10:13:10,16.05,15.3,5500,15.8,2750,0,30250
IGL30Jan20410CE.NFO,07/01/2020,10:13:11,16.05,15.3,2750,15.8,2750,0,30250
IGL30Jan20410CE.NFO,07/01/2020,10:13:23,16.05,15.35,2750,15.8,2750,0,30250
IGL30Jan20410CE.NFO,07/01/2020,10:13:46,16.05,15.35,5500,15.9,2750,0,30250
IGL30Jan20410CE.NFO,07/01/2020,10:13:57,16.05,15.4,2750,15.9,2750,0,30250
IGL30Jan20410CE.NFO,07/01/2020,10:14:06,16.05,15.45,2750,15.9,2750,0,30250
IGL30Jan20410CE.NFO,07/01/2020,10:14:47,16.05,15.55,2750,16.05,2750,0,30250
IGL30Jan20410CE.NFO,07/01/2020,10:14:57,16.05,15.5,2750,16.05,2750,0,30250
IGL30Jan20410CE.NFO,07/01/2020,10:15:53,16.05,15.6,2750,16,2750,0,30250
IGL30Jan20410CE.NFO,07/01/2020,10:15:59,16.05,15.6,2750,15.95,5500,0,30250
IGL30Jan20410CE.NFO,07/01/2020,10:16:03,16.05,15.6,2750,15.9,2750,0,30250
IGL30Jan20410CE.NFO,07/01/2020,10:16:13,16.05,15.6,2750,15.95,5500,0,30250
IGL30Jan20410CE.NFO,07/01/2020,10:16:17,16.05,15.6,2750,16,2750,0,30250
IGL30Jan20410CE.NFO,07/01/2020,10:16:21,16.05,15.7,2750,16.1,5500,0,30250
IGL30Jan20410CE.NFO,07/01/2020,10:16:25,16.05,15.8,2750,16.1,2750,0,30250
IGL30Jan20410CE.NFO,07/01/2020,10:16:30,16.05,15.8,2750,16.2,5500,0,30250
IGL30Jan20410CE.NFO,07/01/2020,10:16:35,16.05,15.85,2750,16.25,2750,0,30250
IGL30Jan20410CE.NFO,07/01/2020,10:16:41,16.05,15.95,2750,16.35,5500,0,30250
IGL30Jan20410CE.NFO,07/01/2020,10:16:46,16.05,15.75,2750,16.2,2750,0,30250
IGL30Jan20410CE.NFO,07/01/2020,10:16:50,16.05,15.75,2750,16.15,2750,0,30250
IGL30Jan20410CE.NFO,07/01/2020,10:16:55,16.05,15.85,2750,16.2,5500,0,30250
IGL30Jan20410CE.NFO,07/01/2020,10:17:12,16.05,15.7,2750,16.1,2750,0,30250
IGL30Jan20410CE.NFO,07/01/2020,10:17:20,16.05,15.75,2750,16.15,5500,0,30250
IGL30Jan20410CE.NFO,07/01/2020,10:17:28,16.05,15.7,2750,16.1,2750,0,30250
IGL30Jan20410CE.NFO,07/01/2020,10:17:33,16.05,15.7,2750,16.05,2750,0,30250
IGL30Jan20410CE.NFO,07/01/2020,10:18:11,16.05,15.65,2750,16.1,5500,0,30250
IGL30Jan20410CE.NFO,07/01/2020,10:18:15,16.05,15.6,2750,16,2750,0,30250
IGL30Jan20410CE.NFO,07/01/2020,10:18:27,16.05,15.55,2750,15.9,2750,0,30250
IGL30Jan20410CE.NFO,07/01/2020,10:18:31,16.05,15.4,2750,15.8,2750,0,30250
IGL30Jan20410CE.NFO,07/01/2020,10:18:36,16.05,15.55,2750,16.1,2750,0,30250
IGL30Jan20410CE.NFO,07/01/2020,10:18:42,16.05,15.5,2750,15.95,5500,0,30250
IGL30Jan20410CE.NFO,07/01/2020,10:18:47,16.05,15.5,2750,15.9,2750,0,30250
IGL30Jan20410CE.NFO,07/01/2020,10:18:52,16.05,15.4,2750,15.8,5500,0,30250
IGL30Jan20410CE.NFO,07/01/2020,10:19:01,16.05,15.4,2750,15.75,2750,0,30250
IGL30Jan20410CE.NFO,07/01/2020,10:19:06,16.05,15.4,5500,15.75,2750,0,30250
IGL30Jan20410CE.NFO,07/01/2020,10:19:11,16.05,15.4,5500,15.8,2750,0,30250
IGL30Jan20410CE.NFO,07/01/2020,10:19:35,16.05,15.4,2750,15.8,2750,0,30250
IGL30Jan20410CE.NFO,07/01/2020,10:19:46,16.05,15.4,5500,15.8,2750,0,30250
IGL30Jan20410CE.NFO,07/01/2020,10:20:10,16.05,15.45,2750,15.8,2750,0,30250
IGL30Jan20410CE.NFO,07/01/2020,10:20:37,16.05,15.35,2750,15.8,2750,0,30250
IGL30Jan20410CE.NFO,07/01/2020,10:20:41,16.05,15.25,2750,15.7,2750,0,30250
IGL30Jan20410CE.NFO,07/01/2020,10:20:46,16.05,15.25,2750,15.65,2750,0,30250
IGL30Jan20410CE.NFO,07/01/2020,10:20:57,16.05,15.35,2750,15.7,2750,0,30250
IGL30Jan20410CE.NFO,07/01/2020,10:21:01,16.05,15.25,2750,15.7,2750,0,30250
IGL30Jan20410CE.NFO,07/01/2020,10:21:05,16.05,15.3,5500,15.7,2750,0,30250
IGL30Jan20410CE.NFO,07/01/2020,10:21:09,16.05,15.35,2750,15.7,2750,0,30250
IGL30Jan20410CE.NFO,07/01/2020,10:21:12,16.05,15.3,2750,15.7,2750,0,30250
IGL30Jan20410CE.NFO,07/01/2020,10:21:14,16.05,15.35,2750,15.7,2750,0,30250
IGL30Jan20410CE.NFO,07/01/2020,10:21:15,16.05,15.3,2750,15.7,2750,0,30250
IGL30Jan20410CE.NFO,07/01/2020,10:21:16,16.05,15.35,2750,15.7,2750,0,30250
IGL30Jan20410CE.NFO,07/01/2020,10:21:18,16.05,15.3,5500,15.7,2750,0,30250
IGL30Jan20410CE.NFO,07/01/2020,10:21:19,16.05,15.3,2750,15.7,2750,0,30250
IGL30Jan20410CE.NFO,07/01/2020,10:21:20,16.05,15.35,2750,15.7,2750,0,30250
IGL30Jan20410CE.NFO,07/01/2020,10:21:21,16.05,15.3,2750,15.7,2750,0,30250
IGL30Jan20410CE.NFO,07/01/2020,10:21:22,16.05,15.25,2750,15.7,2750,0,30250
IGL30Jan20410CE.NFO,07/01/2020,10:21:23,16.05,15.35,2750,15.7,2750,0,30250
IGL30Jan20410CE.NFO,07/01/2020,10:21:26,16.05,15.4,2750,15.7,2750,0,30250
IGL30Jan20410CE.NFO,07/01/2020,10:21:27,16.05,15.35,2750,15.7,2750,0,30250
IGL30Jan20410CE.NFO,07/01/2020,10:21:28,16.05,15.3,2750,15.7,2750,0,30250
IGL30Jan20410CE.NFO,07/01/2020,10:21:29,16.05,15.35,2750,15.7,2750,0,30250
IGL30Jan20410CE.NFO,07/01/2020,10:21:30,16.05,15.2,2750,15.7,2750,0,30250
IGL30Jan20410CE.NFO,07/01/2020,10:21:31,16.05,15.45,2750,15.8,2750,0,30250
IGL30Jan20410CE.NFO,07/01/2020,10:21:33,16.05,15.4,5500,15.8,2750,0,30250
IGL30Jan20410CE.NFO,07/01/2020,10:21:49,16.05,15.45,2750,15.8,2750,0,30250
IGL30Jan20410CE.NFO,07/01/2020,10:21:50,16.05,15.4,2750,15.8,2750,0,30250
IGL30Jan20410CE.NFO,07/01/2020,10:21:51,16.05,15.3,5500,15.75,2750,0,30250
IGL30Jan20410CE.NFO,07/01/2020,10:21:52,16.05,15.35,2750,15.75,2750,0,30250
IGL30Jan20410CE.NFO,07/01/2020,10:21:53,16.05,15.4,2750,15.75,2750,0,30250
IGL30Jan20410CE.NFO,07/01/2020,10:21:54,16.05,15.45,2750,15.8,2750,0,30250
IGL30Jan20410CE.NFO,07/01/2020,10:21:56,16.05,15.4,2750,15.8,2750,0,30250
IGL30Jan20410CE.NFO,07/01/2020,10:21:57,16.05,15.45,2750,15.8,2750,0,30250
IGL30Jan20410CE.NFO,07/01/2020,10:22:01,16.05,15.35,2750,15.75,5500,0,30250
IGL30Jan20410CE.NFO,07/01/2020,10:22:02,16.05,15.3,2750,15.65,2750,0,30250
IGL30Jan20410CE.NFO,07/01/2020,10:22:03,16.05,15.2,2750,15.6,2750,0,30250
IGL30Jan20410CE.NFO,07/01/2020,10:22:04,16.05,15.3,2750,15.65,2750,0,30250
IGL30Jan20410CE.NFO,07/01/2020,10:22:06,16.05,15.15,5500,15.6,2750,0,30250
IGL30Jan20410CE.NFO,07/01/2020,10:22:07,16.05,15.25,2750,15.6,2750,0,30250
IGL30Jan20410CE.NFO,07/01/2020,10:22:09,16.05,15.35,2750,15.65,2750,0,30250
IGL30Jan20410CE.NFO,07/01/2020,10:22:11,16.05,15.2,2750,15.65,2750,0,30250
IGL30Jan20410CE.NFO,07/01/2020,10:22:14,16.05,15.3,2750,15.65,2750,0,30250
IGL30Jan20410CE.NFO,07/01/2020,10:22:14,16.05,15.3,2750,15.6,2750,0,30250
IGL30Jan20410CE.NFO,07/01/2020,10:22:15,16.05,15.2,2750,15.6,2750,0,30250
IGL30Jan20410CE.NFO,07/01/2020,10:22:17,16.05,15.3,2750,15.6,2750,0,30250
IGL30Jan20410CE.NFO,07/01/2020,10:22:18,16.05,15.3,2750,15.65,2750,0,30250
IGL30Jan20410CE.NFO,07/01/2020,10:22:20,16.05,15.25,2750,15.65,2750,0,30250
IGL30Jan20410CE.NFO,07/01/2020,10:22:23,16.05,15.15,2750,15.65,2750,0,30250
IGL30Jan20410CE.NFO,07/01/2020,10:22:25,16.05,15.25,2750,15.65,2750,0,30250
IGL30Jan20410CE.NFO,07/01/2020,10:22:38,16.05,15.25,2750,15.65,5500,0,30250
IGL30Jan20410CE.NFO,07/01/2020,10:22:40,16.05,15,2750,16,5500,0,30250
IGL30Jan20410CE.NFO,07/01/2020,10:22:41,16.05,15.1,2750,16,5500,0,30250
IGL30Jan20410CE.NFO,07/01/2020,10:22:42,16.05,15.1,2750,15.85,2750,0,30250
IGL30Jan20410CE.NFO,07/01/2020,10:22:44,16.05,15.15,2750,15.85,2750,0,30250
IGL30Jan20410CE.NFO,07/01/2020,10:22:45,16.05,15.1,2750,15.85,2750,0,30250
IGL30Jan20410CE.NFO,07/01/2020,10:22:46,16.05,15.05,5500,15.85,5500,0,30250
IGL30Jan20410CE.NFO,07/01/2020,10:22:46,16.05,15,2750,15.75,2750,0,30250
IGL30Jan20410CE.NFO,07/01/2020,10:22:47,16.05,15.1,2750,15.55,2750,0,30250
IGL30Jan20410CE.NFO,07/01/2020,10:22:49,16.05,15.1,2750,15.5,5500,0,30250
IGL30Jan20410CE.NFO,07/01/2020,10:22:51,16.05,15.2,2750,15.65,2750,0,30250
IGL30Jan20410CE.NFO,07/01/2020,10:22:51,16.05,15.3,2750,15.65,2750,0,30250
IGL30Jan20410CE.NFO,07/01/2020,10:22:53,16.05,15.2,2750,15.6,2750,0,30250
IGL30Jan20410CE.NFO,07/01/2020,10:22:55,16.05,15.1,2750,15.6,2750,0,30250
IGL30Jan20410CE.NFO,07/01/2020,10:22:55,16.05,15.2,2750,15.6,2750,0,30250
IGL30Jan20410CE.NFO,07/01/2020,10:22:56,16.05,15.1,2750,15.6,5500,0,30250
IGL30Jan20410CE.NFO,07/01/2020,10:22:59,16.05,15.15,2750,16,2750,0,30250
IGL30Jan20410CE.NFO,07/01/2020,10:23:00,16.05,15.2,2750,16,2750,0,30250
IGL30Jan20410CE.NFO,07/01/2020,10:23:02,16.05,15.2,2750,15.9,2750,0,30250
IGL30Jan20410CE.NFO,07/01/2020,10:23:06,16.05,15.2,2750,15.8,2750,0,30250
IGL30Jan20410CE.NFO,07/01/2020,10:23:07,16.05,15.2,2750,16.1,5500,0,30250
IGL30Jan20410CE.NFO,07/01/2020,10:23:08,16.05,15.2,2750,16,2750,0,30250
IGL30Jan20410CE.NFO,07/01/2020,10:23:10,16.05,15.15,5500,15.8,2750,0,30250
IGL30Jan20410CE.NFO,07/01/2020,10:23:13,16.05,15.2,2750,16.05,2750,0,30250
IGL30Jan20410CE.NFO,07/01/2020,10:23:14,16.05,15.2,2750,15.95,2750,0,30250
IGL30Jan20410CE.NFO,07/01/2020,10:23:15,16.05,15.2,2750,15.85,2750,0,30250
IGL30Jan20410CE.NFO,07/01/2020,10:23:17,16.05,15.2,2750,15.7,5500,0,30250
IGL30Jan20410CE.NFO,07/01/2020,10:23:19,16.05,15.1,2750,15.7,5500,0,30250
IGL30Jan20410CE.NFO,07/01/2020,10:23:20,16.05,15.2,2750,15.7,5500,0,30250
IGL30Jan20410CE.NFO,07/01/2020,10:23:22,16.05,15.2,2750,15.65,2750,0,30250
IGL30Jan20410CE.NFO,07/01/2020,10:23:23,16.05,15.25,2750,15.7,5500,0,30250
IGL30Jan20410CE.NFO,07/01/2020,10:23:24,16.05,15.2,2750,15.7,5500,0,30250
IGL30Jan20410CE.NFO,07/01/2020,10:23:28,16.05,15.15,2750,15.65,2750,0,30250
IGL30Jan20410CE.NFO,07/01/2020,10:23:30,16.05,15.2,2750,15.7,2750,0,30250
IGL30Jan20410CE.NFO,07/01/2020,10:23:31,16.05,15.1,2750,15.95,5500,0,30250
IGL30Jan20410CE.NFO,07/01/2020,10:23:32,16.05,15.1,2750,15.85,2750,0,30250
IGL30Jan20410CE.NFO,07/01/2020,10:23:34,16.05,15.15,2750,15.75,2750,0,30250
IGL30Jan20410CE.NFO,07/01/2020,10:23:35,16.05,15.15,2750,15.7,5500,0,30250
IGL30Jan20410CE.NFO,07/01/2020,10:23:35,16.05,15.15,2750,15.65,2750,0,30250
IGL30Jan20410CE.NFO,07/01/2020,10:23:36,16.05,15.15,2750,15.6,2750,0,30250
IGL30Jan20410CE.NFO,07/01/2020,10:23:37,16.05,15.15,2750,15.55,2750,0,30250
IGL30Jan20410CE.NFO,07/01/2020,10:23:38,16.05,15.15,2750,15.85,2750,0,30250
IGL30Jan20410CE.NFO,07/01/2020,10:23:39,16.05,15.1,2750,15.75,2750,0,30250
IGL30Jan20410CE.NFO,07/01/2020,10:23:40,16.05,15.2,2750,15.6,2750,0,30250
IGL30Jan20410CE.NFO,07/01/2020,10:23:41,16.05,15.2,2750,15.65,2750,0,30250
IGL30Jan20410CE.NFO,07/01/2020,10:23:42,16.05,15.05,2750,15.9,2750,0,30250
IGL30Jan20410CE.NFO,07/01/2020,10:23:43,16.05,15.2,2750,15.8,2750,0,30250
IGL30Jan20410CE.NFO,07/01/2020,10:23:44,16.05,15.2,2750,15.7,2750,0,30250
IGL30Jan20410CE.NFO,07/01/2020,10:23:45,16.05,15.2,2750,15.65,5500,0,30250
IGL30Jan20410CE.NFO,07/01/2020,10:23:46,16.05,15.1,2750,15.65,5500,0,30250
IGL30Jan20410CE.NFO,07/01/2020,10:23:48,16.05,15.2,2750,15.65,5500,0,30250
IGL30Jan20410CE.NFO,07/01/2020,10:23:51,16.05,15.1,2750,15.65,5500,0,30250
IGL30Jan20410CE.NFO,07/01/2020,10:23:52,16.05,15.05,2750,15.6,2750,0,30250
IGL30Jan20410CE.NFO,07/01/2020,10:23:53,16.05,15.1,2750,15.6,2750,0,30250
IGL30Jan20410CE.NFO,07/01/2020,10:23:54,16.05,15.2,2750,15.7,2750,0,30250
IGL30Jan20410CE.NFO,07/01/2020,10:23:55,16.05,15.05,2750,15.9,2750,0,30250
IGL30Jan20410CE.NFO,07/01/2020,10:23:58,16.05,15.05,2750,15.65,5500,0,30250
IGL30Jan20410CE.NFO,07/01/2020,10:23:58,16.05,15.15,2750,15.6,2750,0,30250
IGL30Jan20410CE.NFO,07/01/2020,10:23:59,16.05,15.05,2750,15.55,2750,0,30250
IGL30Jan20410CE.NFO,07/01/2020,10:24:00,16.05,15.1,2750,16,2750,0,30250
IGL30Jan20410CE.NFO,07/01/2020,10:24:01,16.05,15,2750,15.8,2750,0,30250
IGL30Jan20410CE.NFO,07/01/2020,10:24:03,16.05,15.15,2750,15.7,2750,0,30250
IGL30Jan20410CE.NFO,07/01/2020,10:24:03,16.05,15.2,5500,15.7,2750,0,30250
IGL30Jan20410CE.NFO,07/01/2020,10:24:04,16.05,15.4,2750,15.65,5500,0,30250
IGL30Jan20410CE.NFO,07/01/2020,10:24:05,16.05,15.2,8250,15.65,5500,0,30250
IGL30Jan20410CE.NFO,07/01/2020,10:24:06,16.05,15.25,2750,15.65,5500,0,30250
IGL30Jan20410CE.NFO,07/01/2020,10:24:07,16.05,15.05,2750,15.65,5500,0,30250
IGL30Jan20410CE.NFO,07/01/2020,10:24:08,16.05,15.2,2750,15.65,5500,0,30250
IGL30Jan20410CE.NFO,07/01/2020,10:24:10,16.05,15.25,2750,15.65,5500,0,30250
IGL30Jan20410CE.NFO,07/01/2020,10:24:10,16.05,15.15,2750,15.65,5500,0,30250
IGL30Jan20410CE.NFO,07/01/2020,10:24:17,16.05,15.25,2750,15.65,2750,0,30250
IGL30Jan20410CE.NFO,07/01/2020,10:24:29,16.05,15.2,2750,15.65,2750,0,30250
IGL30Jan20410CE.NFO,07/01/2020,10:24:30,16.05,15.15,2750,15.65,2750,0,30250
IGL30Jan20410CE.NFO,07/01/2020,10:24:35,16.05,15.25,2750,15.65,2750,0,30250
IGL30Jan20410CE.NFO,07/01/2020,10:24:35,16.05,15.15,2750,15.65,2750,0,30250
IGL30Jan20410CE.NFO,07/01/2020,10:24:36,16.05,15.25,2750,15.65,2750,0,30250
IGL30Jan20410CE.NFO,07/01/2020,10:24:45,16.05,15.15,2750,15.65,5500,0,30250
IGL30Jan20410CE.NFO,07/01/2020,10:24:46,16.05,15.25,2750,15.65,5500,0,30250
IGL30Jan20410CE.NFO,07/01/2020,10:24:49,16.05,15.15,2750,15.65,5500,0,30250
IGL30Jan20410CE.NFO,07/01/2020,10:24:51,16.05,15.15,2750,15.65,2750,0,30250
IGL30Jan20410CE.NFO,07/01/2020,10:24:52,16.05,15.2,5500,15.65,2750,0,30250
IGL30Jan20410CE.NFO,07/01/2020,10:24:53,16.05,15.15,2750,15.65,2750,0,30250
IGL30Jan20410CE.NFO,07/01/2020,10:24:53,16.05,15.25,2750,15.65,2750,0,30250
IGL30Jan20410CE.NFO,07/01/2020,10:24:54,16.05,15.15,2750,15.65,2750,0,30250
IGL30Jan20410CE.NFO,07/01/2020,10:24:56,16.05,15.05,2750,15.6,5500,0,30250
IGL30Jan20410CE.NFO,07/01/2020,10:24:57,16.05,15.15,2750,15.6,5500,0,30250
IGL30Jan20410CE.NFO,07/01/2020,10:24:58,16.05,15.05,2750,15.5,5500,0,30250
IGL30Jan20410CE.NFO,07/01/2020,10:24:59,16.05,15.05,2750,15.45,2750,0,30250
IGL30Jan20410CE.NFO,07/01/2020,10:25:00,16.05,15.05,2750,15.5,5500,0,30250
IGL30Jan20410CE.NFO,07/01/2020,10:25:05,16.05,15.1,2750,15.5,5500,0,30250
IGL30Jan20410CE.NFO,07/01/2020,10:25:06,16.05,15.05,2750,15.5,5500,0,30250
IGL30Jan20410CE.NFO,07/01/2020,10:25:08,16.05,15,5500,15.5,5500,0,30250
IGL30Jan20410CE.NFO,07/01/2020,10:25:13,16.05,15.05,2750,15.5,5500,0,30250
IGL30Jan20410CE.NFO,07/01/2020,10:25:16,16.05,15.05,2750,15.5,2750,0,30250
IGL30Jan20410CE.NFO,07/01/2020,10:25:28,16.05,15.1,2750,15.55,2750,0,30250
IGL30Jan20410CE.NFO,07/01/2020,10:25:32,16.05,15.05,2750,15.55,2750,0,30250
IGL30Jan20410CE.NFO,07/01/2020,10:25:37,16.05,15.05,2750,15.5,2750,0,30250
IGL30Jan20410CE.NFO,07/01/2020,10:25:47,16.05,15.15,2750,15.55,2750,0,30250
IGL30Jan20410CE.NFO,07/01/2020,10:25:53,16.05,15.15,2750,15.6,5500,0,30250
IGL30Jan20410CE.NFO,07/01/2020,10:25:58,16.05,15,8250,15.6,5500,0,30250
IGL30Jan20410CE.NFO,07/01/2020,10:26:02,16.05,15.15,2750,15.6,5500,0,30250
IGL30Jan20410CE.NFO,07/01/2020,10:26:15,16.05,15.15,2750,15.55,2750,0,30250
IGL30Jan20410CE.NFO,07/01/2020,10:26:19,16.05,15.05,2750,15.5,2750,0,30250
IGL30Jan20410CE.NFO,07/01/2020,10:26:22,16.05,15.15,2750,15.55,2750,0,30250
IGL30Jan20410CE.NFO,07/01/2020,10:26:29,16.05,15.15,2750,15.55,5500,0,30250
IGL30Jan20410CE.NFO,07/01/2020,10:26:33,16.05,15.05,2750,15.5,2750,0,30250
IGL30Jan20410CE.NFO,07/01/2020,10:26:35,16.05,15.1,2750,15.5,2750,0,30250
IGL30Jan20410CE.NFO,07/01/2020,10:26:39,16.05,15.05,2750,15.5,2750,0,30250
IGL30Jan20410CE.NFO,07/01/2020,10:26:53,16.05,15,5500,15.5,2750,0,30250
IGL30Jan20410CE.NFO,07/01/2020,10:26:57,16.05,15.15,2750,15.5,2750,0,30250
IGL30Jan20410CE.NFO,07/01/2020,10:27:01,16.05,15.05,2750,15.5,2750,0,30250
IGL30Jan20410CE.NFO,07/01/2020,10:27:04,16.05,15.15,2750,15.55,2750,0,30250
IGL30Jan20410CE.NFO,07/01/2020,10:27:07,16.05,15.15,2750,15.55,5500,0,30250
IGL30Jan20410CE.NFO,07/01/2020,10:27:16,16.05,15,8250,15.5,2750,0,30250
IGL30Jan20410CE.NFO,07/01/2020,10:27:17,16.05,15.05,2750,15.5,2750,0,30250
IGL30Jan20410CE.NFO,07/01/2020,10:27:18,16.05,15.15,2750,15.5,5500,0,30250
IGL30Jan20410CE.NFO,07/01/2020,10:27:18,16.05,15.1,2750,15.5,5500,0,30250
IGL30Jan20410CE.NFO,07/01/2020,10:27:19,16.05,15.05,2750,15.5,5500,0,30250
IGL30Jan20410CE.NFO,07/01/2020,10:27:27,16.05,15.15,2750,15.5,5500,0,30250
IGL30Jan20410CE.NFO,07/01/2020,10:27:30,16.05,15.1,2750,15.5,5500,0,30250
IGL30Jan20410CE.NFO,07/01/2020,10:27:31,16.05,15.3,2750,15.5,5500,0,30250
IGL30Jan20410CE.NFO,07/01/2020,10:27:34,16.05,15.15,2750,15.5,5500,0,30250
IGL30Jan20410CE.NFO,07/01/2020,10:27:37,16.05,15.05,2750,15.5,5500,0,30250
IGL30Jan20410CE.NFO,07/01/2020,10:27:38,16.05,15.15,2750,15.55,2750,0,30250
IGL30Jan20410CE.NFO,07/01/2020,10:27:40,16.05,15.1,2750,15.55,5500,0,30250
IGL30Jan20410CE.NFO,07/01/2020,10:27:47,16.05,15.1,8250,15.55,5500,0,30250
IGL30Jan20410CE.NFO,07/01/2020,10:27:47,16.05,15.15,2750,15.55,5500,0,30250
IGL30Jan20410CE.NFO,07/01/2020,10:27:51,16.05,14.95,2750,15.55,5500,0,30250
IGL30Jan20410CE.NFO,07/01/2020,10:27:52,16.05,15.15,2750,15.55,2750,0,30250
IGL30Jan20410CE.NFO,07/01/2020,10:27:54,16.05,15.25,2750,15.55,5500,0,30250
IGL30Jan20410CE.NFO,07/01/2020,10:27:56,16.05,15.15,2750,15.55,5500,0,30250
IGL30Jan20410CE.NFO,07/01/2020,10:27:57,16.05,15.1,8250,15.55,5500,0,30250
IGL30Jan20410CE.NFO,07/01/2020,10:27:59,16.05,15,2750,15.55,5500,0,30250
IGL30Jan20410CE.NFO,07/01/2020,10:27:59,16.05,15.2,2750,15.55,5500,0,30250
IGL30Jan20410CE.NFO,07/01/2020,10:28:00,16.05,15.15,2750,15.55,5500,0,30250
IGL30Jan20410CE.NFO,07/01/2020,10:28:01,16.05,15.15,2750,15.55,2750,0,30250
IGL30Jan20410CE.NFO,07/01/2020,10:28:22,16.05,15.2,2750,15.55,2750,0,30250
IGL30Jan20410CE.NFO,07/01/2020,10:28:22,16.05,15.05,5500,15.55,2750,0,30250
IGL30Jan20410CE.NFO,07/01/2020,10:28:23,16.05,15.2,2750,15.55,2750,0,30250
IGL30Jan20410CE.NFO,07/01/2020,10:28:24,16.05,15.15,2750,15.55,2750,0,30250
IGL30Jan20410CE.NFO,07/01/2020,10:28:25,16.05,15.2,2750,15.55,2750,0,30250
IGL30Jan20410CE.NFO,07/01/2020,10:28:26,16.05,15.05,2750,15.55,2750,0,30250
IGL30Jan20410CE.NFO,07/01/2020,10:28:29,16.05,15.15,2750,15.55,2750,0,30250
IGL30Jan20410CE.NFO,07/01/2020,10:28:32,16.05,15.2,2750,15.55,2750,0,30250
IGL30Jan20410CE.NFO,07/01/2020,10:28:33,16.05,15.05,2750,15.55,2750,0,30250
IGL30Jan20410CE.NFO,07/01/2020,10:28:33,16.05,15.15,2750,15.55,2750,0,30250
IGL30Jan20410CE.NFO,07/01/2020,10:28:36,16.05,15.2,2750,15.55,2750,0,30250
IGL30Jan20410CE.NFO,07/01/2020,10:28:38,16.05,15.15,5500,15.55,2750,0,30250
IGL30Jan20410CE.NFO,07/01/2020,10:28:39,16.05,15.05,8250,15.55,2750,0,30250
IGL30Jan20410CE.NFO,07/01/2020,10:28:40,16.05,15.2,2750,15.55,2750,0,30250
IGL30Jan20410CE.NFO,07/01/2020,10:28:44,16.05,15.15,2750,15.55,5500,0,30250
IGL30Jan20410CE.NFO,07/01/2020,10:28:44,16.05,15.05,8250,15.55,5500,0,30250
IGL30Jan20410CE.NFO,07/01/2020,10:28:46,16.05,15.05,5500,15.55,2750,0,30250
IGL30Jan20410CE.NFO,07/01/2020,10:28:47,16.05,15.2,2750,15.75,2750,0,30250
IGL30Jan20410CE.NFO,07/01/2020,10:28:48,16.05,15.1,2750,15.65,2750,0,30250
IGL30Jan20410CE.NFO,07/01/2020,10:28:49,16.05,15.05,8250,15.55,2750,0,30250
IGL30Jan20410CE.NFO,07/01/2020,10:28:52,16.05,15.15,2750,15.55,5500,0,30250
IGL30Jan20410CE.NFO,07/01/2020,10:28:52,16.05,15.2,2750,15.55,5500,0,30250
IGL30Jan20410CE.NFO,07/01/2020,10:28:54,16.05,15.25,2750,15.55,5500,0,30250
IGL30Jan20410CE.NFO,07/01/2020,10:28:55,16.05,15.3,2750,15.55,5500,0,30250
IGL30Jan20410CE.NFO,07/01/2020,10:28:56,16.05,15.35,2750,15.5,2750,0,30250
IGL30Jan20410CE.NFO,07/01/2020,10:28:57,16.05,15.15,2750,15.75,2750,0,30250
IGL30Jan20410CE.NFO,07/01/2020,10:28:58,16.05,15.1,2750,15.75,2750,0,30250
IGL30Jan20410CE.NFO,07/01/2020,10:28:59,16.05,15.1,2750,15.75,5500,0,30250
IGL30Jan20410CE.NFO,07/01/2020,10:29:00,16.05,15,5500,15.65,2750,0,30250
IGL30Jan20410CE.NFO,07/01/2020,10:29:01,16.05,15.15,2750,15.55,2750,0,30250
IGL30Jan20410CE.NFO,07/01/2020,10:29:02,16.05,15.15,2750,15.5,2750,0,30250
IGL30Jan20410CE.NFO,07/01/2020,10:29:03,16.05,15,8250,15.85,5500,0,30250
IGL30Jan20410CE.NFO,07/01/2020,10:29:04,16.05,15.05,2750,15.85,5500,0,30250
IGL30Jan20410CE.NFO,07/01/2020,10:29:05,16.05,15.05,2750,15.55,2750,0,30250
IGL30Jan20410CE.NFO,07/01/2020,10:29:06,16.05,15.15,2750,15.55,2750,0,30250
IGL30Jan20410CE.NFO,07/01/2020,10:29:07,16.05,15.05,2750,15.95,5500,0,30250
IGL30Jan20410CE.NFO,07/01/2020,10:29:08,16.05,15,8250,15.95,5500,0,30250
IGL30Jan20410CE.NFO,07/01/2020,10:29:09,16.05,15.1,2750,15.75,2750,0,30250
IGL30Jan20410CE.NFO,07/01/2020,10:29:10,16.05,15.15,2750,15.65,2750,0,30250
IGL30Jan20410CE.NFO,07/01/2020,10:29:11,16.05,15.25,2750,15.65,5500,0,30250
IGL30Jan20410CE.NFO,07/01/2020,10:29:13,16.05,15.1,2750,15.65,5500,0,30250
IGL30Jan20410CE.NFO,07/01/2020,10:29:13,16.05,15,2750,15.65,5500,0,30250
IGL30Jan20410CE.NFO,07/01/2020,10:29:14,16.05,15.1,2750,15.65,5500,0,30250
IGL30Jan20410CE.NFO,07/01/2020,10:29:16,16.05,15.15,2750,15.65,5500,0,30250
IGL30Jan20410CE.NFO,07/01/2020,10:29:17,16.05,15.1,2750,15.55,2750,0,30250
IGL30Jan20410CE.NFO,07/01/2020,10:29:19,16.05,15,2750,15.75,2750,0,30250
IGL30Jan20410CE.NFO,07/01/2020,10:29:21,16.05,15.1,2750,15.55,2750,0,30250
IGL30Jan20410CE.NFO,07/01/2020,10:29:22,16.05,15.1,2750,15.5,2750,0,30250
IGL30Jan20410CE.NFO,07/01/2020,10:29:24,16.05,15.2,2750,15.9,2750,0,30250
IGL30Jan20410CE.NFO,07/01/2020,10:29:24,16.05,15.1,2750,15.85,2750,0,30250
IGL30Jan20410CE.NFO,07/01/2020,10:29:25,16.05,15.1,2750,15.65,2750,0,30250
IGL30Jan20410CE.NFO,07/01/2020,10:29:26,16.05,15.1,2750,15.55,2750,0,30250
IGL30Jan20410CE.NFO,07/01/2020,10:29:27,16.05,15.15,2750,15.55,2750,0,30250
IGL30Jan20410CE.NFO,07/01/2020,10:29:28,16.05,15.05,2750,15.85,2750,0,30250
IGL30Jan20410CE.NFO,07/01/2020,10:29:29,16.05,15,5500,15.7,2750,0,30250
IGL30Jan20410CE.NFO,07/01/2020,10:29:30,16.05,15.2,2750,15.6,2750,0,30250
IGL30Jan20410CE.NFO,07/01/2020,10:29:31,16.05,15.05,2750,15.95,5500,0,30250
IGL30Jan20410CE.NFO,07/01/2020,10:29:32,16.05,15.1,2750,15.85,5500,0,30250
IGL30Jan20410CE.NFO,07/01/2020,10:29:34,16.05,15.05,2750,15.75,2750,0,30250
IGL30Jan20410CE.NFO,07/01/2020,10:29:34,16.05,15.05,2750,15.65,2750,0,30250
IGL30Jan20410CE.NFO,07/01/2020,10:29:36,16.05,15.05,2750,15.55,2750,0,30250
IGL30Jan20410CE.NFO,07/01/2020,10:29:38,16.05,15.05,2750,15.8,2750,0,30250
IGL30Jan20410CE.NFO,07/01/2020,10:29:38,16.05,15.05,2750,15.7,2750,0,30250
IGL30Jan20410CE.NFO,07/01/2020,10:29:40,16.05,15.05,2750,15.6,2750,0,30250
IGL30Jan20410CE.NFO,07/01/2020,10:29:41,16.05,15.15,2750,15.55,2750,0,30250
IGL30Jan20410CE.NFO,07/01/2020,10:29:41,16.05,15.05,2750,15.95,5500,0,30250
IGL30Jan20410CE.NFO,07/01/2020,10:29:43,16.05,15.05,2750,15.85,5500,0,30250
IGL30Jan20410CE.NFO,07/01/2020,10:29:43,16.05,15.05,2750,15.75,2750,0,30250
IGL30Jan20410CE.NFO,07/01/2020,10:29:44,16.05,15.05,2750,15.6,2750,0,30250
IGL30Jan20410CE.NFO,07/01/2020,10:29:45,16.05,15.1,2750,15.95,5500,0,30250
IGL30Jan20410CE.NFO,07/01/2020,10:29:46,16.05,15.05,2750,15.85,5500,0,30250
IGL30Jan20410CE.NFO,07/01/2020,10:29:48,16.05,15.05,2750,15.65,2750,0,30250
IGL30Jan20410CE.NFO,07/01/2020,10:29:49,16.05,15.05,2750,15.6,2750,0,30250
IGL30Jan20410CE.NFO,07/01/2020,10:29:50,16.05,15.15,2750,15.6,2750,0,30250
IGL30Jan20410CE.NFO,07/01/2020,10:29:51,16.05,15.05,2750,15.8,2750,0,30250
IGL30Jan20410CE.NFO,07/01/2020,10:29:53,16.05,15.05,2750,15.7,2750,0,30250
IGL30Jan20410CE.NFO,07/01/2020,10:29:55,16.05,15.15,2750,15.55,2750,0,30250
IGL30Jan20410CE.NFO,07/01/2020,10:29:57,16.05,15.05,2750,15.85,2750,0,30250
IGL30Jan20410CE.NFO,07/01/2020,10:29:58,16.05,15.05,2750,15.75,2750,0,30250
IGL30Jan20410CE.NFO,07/01/2020,10:30:00,16.05,15.05,2750,15.6,2750,0,30250
IGL30Jan20410CE.NFO,07/01/2020,10:30:01,16.05,15.1,2750,15.95,5500,0,30250
IGL30Jan20410CE.NFO,07/01/2020,10:30:02,16.05,15.05,2750,15.75,2750,0,30250
IGL30Jan20410CE.NFO,07/01/2020,10:30:02,16.05,15,2750,15.75,2750,0,30250
IGL30Jan20410CE.NFO,07/01/2020,10:30:03,16.05,15.05,2750,15.65,2750,0,30250
IGL30Jan20410CE.NFO,07/01/2020,10:30:04,16.05,15.2,2750,15.6,2750,0,30250
IGL30Jan20410CE.NFO,07/01/2020,10:30:05,16.05,15.1,5500,15.95,5500,0,30250
IGL30Jan20410CE.NFO,07/01/2020,10:30:06,16.05,15.15,2750,15.85,2750,0,30250
IGL30Jan20410CE.NFO,07/01/2020,10:30:07,16.05,15.05,2750,15.65,2750,0,30250
IGL30Jan20410CE.NFO,07/01/2020,10:30:08,16.05,15.15,2750,15.65,2750,0,30250
IGL30Jan20410CE.NFO,07/01/2020,10:30:09,16.05,15.2,2750,15.95,5500,0,30250
IGL30Jan20410CE.NFO,07/01/2020,10:30:10,16.05,15.05,2750,15.85,2750,0,30250
IGL30Jan20410CE.NFO,07/01/2020,10:30:12,16.05,15.05,2750,15.75,2750,0,30250
IGL30Jan20410CE.NFO,07/01/2020,10:30:13,16.05,15.15,2750,15.6,2750,0,30250
IGL30Jan20410CE.NFO,07/01/2020,10:30:14,16.05,15.05,2750,15.85,2750,0,30250
IGL30Jan20410CE.NFO,07/01/2020,10:30:15,16.05,15.05,2750,15.75,2750,0,30250
IGL30Jan20410CE.NFO,07/01/2020,10:30:16,16.05,15.15,2750,15.75,2750,0,30250
IGL30Jan20410CE.NFO,07/01/2020,10:30:17,16.05,15.15,2750,15.65,2750,0,30250
IGL30Jan20410CE.NFO,07/01/2020,10:30:18,16.05,15.15,2750,15.6,2750,0,30250
IGL30Jan20410CE.NFO,07/01/2020,10:30:18,16.05,15.2,2750,15.95,2750,0,30250
IGL30Jan20410CE.NFO,07/01/2020,10:30:19,16.05,15.05,2750,15.85,2750,0,30250
IGL30Jan20410CE.NFO,07/01/2020,10:30:20,16.05,15.15,2750,15.65,2750,0,30250
IGL30Jan20410CE.NFO,07/01/2020,10:30:22,16.05,15.1,5500,15.6,2750,0,30250
IGL30Jan20410CE.NFO,07/01/2020,10:30:23,16.05,15.05,2750,15.85,2750,0,30250
IGL30Jan20410CE.NFO,07/01/2020,10:30:24,16.05,15.05,2750,15.75,2750,0,30250
IGL30Jan20410CE.NFO,07/01/2020,10:30:26,16.05,15.05,2750,15.6,2750,0,30250
IGL30Jan20410CE.NFO,07/01/2020,10:30:27,16.05,15.15,2750,15.6,2750,0,30250
IGL30Jan20410CE.NFO,07/01/2020,10:30:28,16.05,15.05,2750,15.9,2750,0,30250
IGL30Jan20410CE.NFO,07/01/2020,10:30:30,16.05,14.95,2750,15.65,2750,0,30250
IGL30Jan20410CE.NFO,07/01/2020,10:30:31,16.05,15.05,2750,15.65,2750,0,30250
IGL30Jan20410CE.NFO,07/01/2020,10:30:32,16.05,15.05,2750,15.95,5500,0,30250
IGL30Jan20410CE.NFO,07/01/2020,10:30:33,16.05,15.05,2750,15.85,2750,0,30250
IGL30Jan20410CE.NFO,07/01/2020,10:30:33,16.05,15,2750,15.75,2750,0,30250
IGL30Jan20410CE.NFO,07/01/2020,10:30:35,16.05,15,2750,15.65,2750,0,30250
IGL30Jan20410CE.NFO,07/01/2020,10:30:35,16.05,15,2750,15.6,2750,0,30250
IGL30Jan20410CE.NFO,07/01/2020,10:30:36,16.05,14.9,2750,15.9,2750,0,30250
IGL30Jan20410CE.NFO,07/01/2020,10:30:37,16.05,15.1,2750,15.8,2750,0,30250
IGL30Jan20410CE.NFO,07/01/2020,10:30:38,16.05,15.1,2750,15.7,2750,0,30250
IGL30Jan20410CE.NFO,07/01/2020,10:30:39,16.05,15.1,2750,15.6,2750,0,30250
IGL30Jan20410CE.NFO,07/01/2020,10:30:40,16.05,15.05,2750,15.55,2750,0,30250
IGL30Jan20410CE.NFO,07/01/2020,10:30:42,16.05,14.95,2750,15.75,2750,0,30250
IGL30Jan20410CE.NFO,07/01/2020,10:30:42,16.05,15,2750,15.75,2750,0,30250
IGL30Jan20410CE.NFO,07/01/2020,10:30:44,16.05,15.05,2750,15.6,2750,0,30250
IGL30Jan20410CE.NFO,07/01/2020,10:30:45,16.05,15.05,5500,15.85,2750,0,30250
IGL30Jan20410CE.NFO,07/01/2020,10:30:45,16.05,15,2750,15.85,2750,0,30250
IGL30Jan20410CE.NFO,07/01/2020,10:30:47,16.05,14.95,2750,15.6,2750,0,30250
IGL30Jan20410CE.NFO,07/01/2020,10:30:47,16.05,14.95,8250,15.6,2750,0,30250
IGL30Jan20410CE.NFO,07/01/2020,10:30:48,16.05,15,2750,15.55,2750,0,30250
IGL30Jan20410CE.NFO,07/01/2020,10:30:50,16.05,15,2750,15.85,5500,0,30250
IGL30Jan20410CE.NFO,07/01/2020,10:30:50,16.05,15,2750,15.75,2750,0,30250
IGL30Jan20410CE.NFO,07/01/2020,10:30:51,16.05,15,2750,15.65,2750,0,30250
IGL30Jan20410CE.NFO,07/01/2020,10:30:52,16.05,15.1,2750,15.6,2750,0,30250
IGL30Jan20410CE.NFO,07/01/2020,10:30:53,16.05,15.2,2750,15.85,5500,0,30250
IGL30Jan20410CE.NFO,07/01/2020,10:30:54,16.05,15.1,2750,15.65,2750,0,30250
IGL30Jan20410CE.NFO,07/01/2020,10:30:55,16.05,15.1,2750,15.6,2750,0,30250
IGL30Jan20410CE.NFO,07/01/2020,10:30:56,16.05,15.1,2750,15.85,5500,0,30250
IGL30Jan20410CE.NFO,07/01/2020,10:30:57,16.05,15.1,2750,15.75,2750,0,30250
IGL30Jan20410CE.NFO,07/01/2020,10:30:59,16.05,15.15,2750,15.6,2750,0,30250
IGL30Jan20410CE.NFO,07/01/2020,10:31:00,16.05,15.1,2750,15.85,5500,0,30250
IGL30Jan20410CE.NFO,07/01/2020,10:31:01,16.05,15.1,2750,15.75,2750,0,30250
IGL30Jan20410CE.NFO,07/01/2020,10:31:02,16.05,15,2750,15.65,2750,0,30250
IGL30Jan20410CE.NFO,07/01/2020,10:31:03,16.05,15.1,2750,15.6,2750,0,30250
IGL30Jan20410CE.NFO,07/01/2020,10:31:04,16.05,15.1,2750,15.9,5500,0,30250
IGL30Jan20410CE.NFO,07/01/2020,10:31:05,16.05,15.1,2750,15.8,2750,0,30250
IGL30Jan20410CE.NFO,07/01/2020,10:31:06,16.05,15.1,2750,15.8,5500,0,30250
IGL30Jan20410CE.NFO,07/01/2020,10:31:07,16.05,15.1,2750,15.7,2750,0,30250
IGL30Jan20410CE.NFO,07/01/2020,10:31:08,16.05,15.05,2750,15.55,2750,0,30250
IGL30Jan20410CE.NFO,07/01/2020,10:31:09,16.05,15.05,2750,15.85,2750,0,30250
IGL30Jan20410CE.NFO,07/01/2020,10:31:10,16.05,15,2750,15.75,2750,0,30250
IGL30Jan20410CE.NFO,07/01/2020,10:31:11,16.05,15,2750,15.7,2750,0,30250
IGL30Jan20410CE.NFO,07/01/2020,10:31:14,16.05,15.15,2750,15.6,2750,0,30250
IGL30Jan20410CE.NFO,07/01/2020,10:31:14,16.05,15,2750,15.85,5500,0,30250
IGL30Jan20410CE.NFO,07/01/2020,10:31:16,16.05,15.05,2750,15.75,5500,0,30250
IGL30Jan20410CE.NFO,07/01/2020,10:31:16,16.05,15,2750,15.75,5500,0,30250
IGL30Jan20410CE.NFO,07/01/2020,10:31:17,16.05,15.05,2750,15.75,5500,0,30250
IGL30Jan20410CE.NFO,07/01/2020,10:31:24,16.05,14.95,2750,15.75,5500,0,30250
IGL30Jan20410CE.NFO,07/01/2020,10:31:25,16.05,15.05,2750,15.75,5500,0,30250
IGL30Jan20410CE.NFO,07/01/2020,10:31:32,16.05,15.1,2750,15.75,5500,0,30250
IGL30Jan20410CE.NFO,07/01/2020,10:31:33,16.05,15,2750,15.75,5500,0,30250
IGL30Jan20410CE.NFO,07/01/2020,10:31:35,16.05,14.95,2750,15.75,5500,0,30250
IGL30Jan20410CE.NFO,07/01/2020,10:31:36,16.05,14.85,2750,15.75,5500,0,30250
IGL30Jan20410CE.NFO,07/01/2020,10:31:38,16.05,14.85,2750,15.55,2750,0,30250
IGL30Jan20410CE.NFO,07/01/2020,10:31:38,16.05,14.75,2750,15,2750,0,30250
IGL30Jan20410CE.NFO,07/01/2020,10:31:39,16.05,14.85,2750,15,2750,0,30250
IGL30Jan20410CE.NFO,07/01/2020,10:31:40,16.05,14.75,2750,15,2750,0,30250
IGL30Jan20410CE.NFO,07/01/2020,10:31:43,16.05,14.85,2750,15,2750,0,30250
IGL30Jan20410CE.NFO,07/01/2020,10:31:46,16.05,14.95,2750,15.35,2750,0,30250
IGL30Jan20410CE.NFO,07/01/2020,10:31:47,16.05,14.95,2750,15.6,2750,0,30250
IGL30Jan20410CE.NFO,07/01/2020,10:31:49,16.05,14.85,2750,15.6,2750,0,30250
IGL30Jan20410CE.NFO,07/01/2020,10:31:50,16.05,14.95,2750,15.6,2750,0,30250
IGL30Jan20410CE.NFO,07/01/2020,10:31:50,16.05,14.75,2750,15.6,2750,0,30250
IGL30Jan20410CE.NFO,07/01/2020,10:31:52,16.05,14.85,2750,15.6,2750,0,30250
IGL30Jan20410CE.NFO,07/01/2020,10:31:53,16.05,14.75,2750,15.6,2750,0,30250
IGL30Jan20410CE.NFO,07/01/2020,10:31:55,16.05,14.95,2750,15.6,2750,0,30250
IGL30Jan20410CE.NFO,07/01/2020,10:31:57,16.05,14.85,2750,15.6,2750,0,30250
IGL30Jan20410CE.NFO,07/01/2020,10:31:58,16.05,14.95,2750,15.6,2750,0,30250
IGL30Jan20410CE.NFO,07/01/2020,10:31:58,16.05,14.85,2750,15.6,2750,0,30250
IGL30Jan20410CE.NFO,07/01/2020,10:31:59,16.05,14.75,2750,15.6,2750,0,30250
IGL30Jan20410CE.NFO,07/01/2020,10:32:00,16.05,14.85,2750,15.6,2750,0,30250
IGL30Jan20410CE.NFO,07/01/2020,10:32:02,16.05,14.75,2750,15.6,2750,0,30250
IGL30Jan20410CE.NFO,07/01/2020,10:32:03,16.05,14.85,2750,15.6,5500,0,30250
IGL30Jan20410CE.NFO,07/01/2020,10:32:04,16.05,14.75,2750,15.6,5500,0,30250
IGL30Jan20410CE.NFO,07/01/2020,10:32:06,16.05,14.95,2750,15.6,5500,0,30250
IGL30Jan20410CE.NFO,07/01/2020,10:32:07,16.05,15,2750,15.6,5500,0,30250
IGL30Jan20410CE.NFO,07/01/2020,10:32:08,16.05,14.8,8250,15.6,5500,0,30250
IGL30Jan20410CE.NFO,07/01/2020,10:32:09,16.05,14.85,2750,15.6,5500,0,30250
IGL30Jan20410CE.NFO,07/01/2020,10:32:10,16.05,14.95,2750,15.6,5500,0,30250
IGL30Jan20410CE.NFO,07/01/2020,10:32:11,16.05,14.9,8250,15.6,5500,0,30250
IGL30Jan20410CE.NFO,07/01/2020,10:32:13,16.05,14.95,2750,15.6,5500,0,30250
IGL30Jan20410CE.NFO,07/01/2020,10:32:14,16.05,15,2750,15.6,5500,0,30250
IGL30Jan20410CE.NFO,07/01/2020,10:32:16,16.05,14.9,5500,15.6,5500,0,30250
IGL30Jan20410CE.NFO,07/01/2020,10:32:18,16.05,14.95,2750,15.55,2750,0,30250
IGL30Jan20410CE.NFO,07/01/2020,10:32:18,16.05,15.05,2750,15.95,2750,0,30250
IGL30Jan20410CE.NFO,07/01/2020,10:32:19,16.05,14.95,2750,15.7,2750,0,30250
IGL30Jan20410CE.NFO,07/01/2020,10:32:20,16.05,15,2750,15.55,2750,0,30250
IGL30Jan20410CE.NFO,07/01/2020,10:32:22,16.05,15.05,2750,15.85,5500,0,30250
IGL30Jan20410CE.NFO,07/01/2020,10:32:23,16.05,14.95,2750,15.75,2750,0,30250
IGL30Jan20410CE.NFO,07/01/2020,10:32:24,16.05,15.05,2750,15.75,2750,0,30250
IGL30Jan20410CE.NFO,07/01/2020,10:32:25,16.05,15.05,2750,15.65,2750,0,30250
IGL30Jan20410CE.NFO,07/01/2020,10:32:26,16.05,14.95,2750,15.65,2750,0,30250
IGL30Jan20410CE.NFO,07/01/2020,10:32:27,16.05,15.05,2750,15.6,2750,0,30250
IGL30Jan20410CE.NFO,07/01/2020,10:32:28,16.05,15.05,2750,15.85,2750,0,30250
IGL30Jan20410CE.NFO,07/01/2020,10:32:29,16.05,15.05,2750,15.75,2750,0,30250
IGL30Jan20410CE.NFO,07/01/2020,10:32:30,16.05,15.05,2750,15.65,2750,0,30250
IGL30Jan20410CE.NFO,07/01/2020,10:32:31,16.05,14.95,2750,15.65,2750,0,30250
IGL30Jan20410CE.NFO,07/01/2020,10:32:32,16.05,15.05,2750,15.85,2750,0,30250
IGL30Jan20410CE.NFO,07/01/2020,10:32:33,16.05,14.95,2750,15.85,2750,0,30250
IGL30Jan20410CE.NFO,07/01/2020,10:32:34,16.05,15.1,2750,15.65,2750,0,30250
IGL30Jan20410CE.NFO,07/01/2020,10:32:35,16.05,14.95,2750,15.65,2750,0,30250
IGL30Jan20410CE.NFO,07/01/2020,10:32:36,16.05,15.3,2750,15.8,2750,0,30250
IGL30Jan20410CE.NFO,07/01/2020,10:32:37,16.05,14.95,2750,15.8,2750,0,30250
IGL30Jan20410CE.NFO,07/01/2020,10:32:38,16.05,14.95,2750,15.65,2750,0,30250
IGL30Jan20410CE.NFO,07/01/2020,10:32:40,16.05,15.15,2750,15.55,2750,0,30250
IGL30Jan20410CE.NFO,07/01/2020,10:32:41,16.05,15.05,2750,15.85,2750,0,30250
IGL30Jan20410CE.NFO,07/01/2020,10:32:45,16.05,15,2750,15.85,2750,0,30250
IGL30Jan20410CE.NFO,07/01/2020,10:32:45,16.05,15.05,2750,15.85,2750,0,30250
IGL30Jan20410CE.NFO,07/01/2020,10:32:47,16.05,15,2750,15.85,2750,0,30250
IGL30Jan20410CE.NFO,07/01/2020,10:32:48,16.05,15.1,2750,15.85,2750,0,30250
IGL30Jan20410CE.NFO,07/01/2020,10:32:49,16.05,15.05,2750,15.85,2750,0,30250
IGL30Jan20410CE.NFO,07/01/2020,10:32:56,16.05,14.9,2750,15.85,5500,0,30250
IGL30Jan20410CE.NFO,07/01/2020,10:32:56,16.05,15.05,2750,15.75,2750,0,30250
IGL30Jan20410CE.NFO,07/01/2020,10:32:57,16.05,15.05,2750,15.7,2750,0,30250
IGL30Jan20410CE.NFO,07/01/2020,10:32:58,16.05,14.95,2750,15.7,2750,0,30250
IGL30Jan20410CE.NFO,07/01/2020,10:32:59,16.05,15.15,2750,15.85,2750,0,30250
IGL30Jan20410CE.NFO,07/01/2020,10:33:00,16.05,15.15,2750,15.75,2750,0,30250
IGL30Jan20410CE.NFO,07/01/2020,10:33:04,16.05,15.1,2750,15.75,2750,0,30250
IGL30Jan20410CE.NFO,07/01/2020,10:33:10,16.05,15.1,2750,16,2750,0,30250
IGL30Jan20410CE.NFO,07/01/2020,10:33:11,16.05,15.1,2750,15.95,5500,0,30250
IGL30Jan20410CE.NFO,07/01/2020,10:33:12,16.05,15,2750,15.95,5500,0,30250
IGL30Jan20410CE.NFO,07/01/2020,10:33:13,16.05,15.1,2750,15.95,5500,0,30250
IGL30Jan20410CE.NFO,07/01/2020,10:33:14,16.05,15.1,5500,15.95,5500,0,30250
IGL30Jan20410CE.NFO,07/01/2020,10:33:16,16.05,15.1,2750,15.95,5500,0,30250
IGL30Jan20410CE.NFO,07/01/2020,10:33:17,16.05,15.2,2750,15.95,5500,0,30250
IGL30Jan20410CE.NFO,07/01/2020,10:33:18,16.05,15.1,2750,15.95,5500,0,30250
IGL30Jan20410CE.NFO,07/01/2020,10:33:19,16.05,15.15,2750,15.95,5500,0,30250
IGL30Jan20410CE.NFO,07/01/2020,10:33:20,16.05,15.1,2750,15.95,5500,0,30250
IGL30Jan20410CE.NFO,07/01/2020,10:33:21,16.05,15.2,2750,15.95,5500,0,30250
IGL30Jan20410CE.NFO,07/01/2020,10:33:23,16.05,15.1,2750,15.95,5500,0,30250
IGL30Jan20410CE.NFO,07/01/2020,10:33:24,16.05,15.2,2750,15.95,5500,0,30250
IGL30Jan20410CE.NFO,07/01/2020,10:33:24,16.05,15.1,2750,15.95,5500,0,30250
IGL30Jan20410CE.NFO,07/01/2020,10:33:25,16.05,15.2,2750,15.85,2750,0,30250
IGL30Jan20410CE.NFO,07/01/2020,10:33:27,16.05,15.05,2750,15.75,2750,0,30250
IGL30Jan20410CE.NFO,07/01/2020,10:33:27,16.05,15.2,2750,16,5500,0,30250
IGL30Jan20410CE.NFO,07/01/2020,10:33:28,16.05,15.2,2750,15.9,2750,0,30250
IGL30Jan20410CE.NFO,07/01/2020,10:33:31,16.05,15.15,2750,15.75,2750,0,30250
IGL30Jan20410CE.NFO,07/01/2020,10:33:31,16.05,15.35,2750,16,2750,0,30250
IGL30Jan20410CE.NFO,07/01/2020,10:33:32,16.05,15.1,2750,15.85,2750,0,30250
IGL30Jan20410CE.NFO,07/01/2020,10:33:34,16.05,15.05,2750,15.75,2750,0,30250
IGL30Jan20410CE.NFO,07/01/2020,10:33:35,16.05,15.25,2750,15.75,5500,0,30250
IGL30Jan20410CE.NFO,07/01/2020,10:33:38,16.05,15.15,2750,15.75,5500,0,30250
IGL30Jan20410CE.NFO,07/01/2020,10:33:39,16.05,15.2,2750,15.75,5500,0,30250
IGL30Jan20410CE.NFO,07/01/2020,10:33:41,16.05,15.15,2750,15.75,5500,0,30250
IGL30Jan20410CE.NFO,07/01/2020,10:33:42,16.05,15.05,2750,15.75,5500,0,30250
IGL30Jan20410CE.NFO,07/01/2020,10:33:43,16.05,14.95,2750,15.75,5500,0,30250
IGL30Jan20410CE.NFO,07/01/2020,10:33:44,16.05,15.15,2750,15.75,5500,0,30250
IGL30Jan20410CE.NFO,07/01/2020,10:33:46,16.05,15,8250,15.75,5500,0,30250
IGL30Jan20410CE.NFO,07/01/2020,10:33:47,16.05,15.2,2750,15.75,5500,0,30250
IGL30Jan20410CE.NFO,07/01/2020,10:33:48,16.05,15.05,2750,15.75,5500,0,30250
IGL30Jan20410CE.NFO,07/01/2020,10:33:50,16.05,15.2,2750,15.75,5500,0,30250
IGL30Jan20410CE.NFO,07/01/2020,10:33:51,16.05,15.15,2750,15.75,2750,0,30250
IGL30Jan20410CE.NFO,07/01/2020,10:33:52,16.05,15.3,2750,16.1,2750,0,30250
IGL30Jan20410CE.NFO,07/01/2020,10:33:52,16.05,15.15,2750,16,2750,0,30250
IGL30Jan20410CE.NFO,07/01/2020,10:33:54,16.05,15.25,2750,16,2750,0,30250
IGL30Jan20410CE.NFO,07/01/2020,10:33:56,16.05,15.1,2750,16,2750,0,30250
IGL30Jan20410CE.NFO,07/01/2020,10:33:58,16.05,15.25,2750,16,2750,0,30250
IGL30Jan20410CE.NFO,07/01/2020,10:33:59,16.05,15.15,2750,16,2750,0,30250
IGL30Jan20410CE.NFO,07/01/2020,10:34:00,16.05,15.05,2750,16,2750,0,30250
IGL30Jan20410CE.NFO,07/01/2020,10:34:01,16.05,15.25,2750,16,2750,0,30250
IGL30Jan20410CE.NFO,07/01/2020,10:34:04,16.05,15.05,2750,16,2750,0,30250
IGL30Jan20410CE.NFO,07/01/2020,10:34:06,16.05,15.15,2750,16,2750,0,30250
IGL30Jan20410CE.NFO,07/01/2020,10:34:07,15.15,14.7,5500,15.5,2750,2750,33000
IGL30Jan20410CE.NFO,07/01/2020,10:34:07,15.15,14.7,5500,15.5,2750,0,33000
IGL30Jan20410CE.NFO,07/01/2020,10:34:07,15.15,14.8,5500,15.5,2750,0,33000
IGL30Jan20410CE.NFO,07/01/2020,10:34:08,15.15,14.9,2750,15.95,16500,0,33000
IGL30Jan20410CE.NFO,07/01/2020,10:34:09,15.15,14.85,2750,15.45,2750,0,33000
IGL30Jan20410CE.NFO,07/01/2020,10:34:11,15.15,14.85,2750,15.45,5500,0,33000
IGL30Jan20410CE.NFO,07/01/2020,10:34:20,15.15,14.95,2750,15.85,2750,0,33000
IGL30Jan20410CE.NFO,07/01/2020,10:34:22,15.15,14.95,2750,15.75,2750,0,33000
IGL30Jan20410CE.NFO,07/01/2020,10:34:23,15.15,15,2750,15.75,2750,0,33000
IGL30Jan20410CE.NFO,07/01/2020,10:34:25,15.15,14.95,2750,15.65,2750,0,33000
IGL30Jan20410CE.NFO,07/01/2020,10:34:27,15.15,15,2750,15.9,5500,0,33000
IGL30Jan20410CE.NFO,07/01/2020,10:34:27,15.15,15,2750,15.8,5500,0,33000
IGL30Jan20410CE.NFO,07/01/2020,10:34:28,15.15,15,2750,15.7,2750,0,33000
IGL30Jan20410CE.NFO,07/01/2020,10:34:34,15.15,15,2750,15.6,5500,0,33000
IGL30Jan20410CE.NFO,07/01/2020,10:34:37,15.15,15,2750,15.6,2750,0,33000
IGL30Jan20410CE.NFO,07/01/2020,10:34:38,15.15,15,2750,15.75,2750,0,33000
IGL30Jan20410CE.NFO,07/01/2020,10:34:39,15.15,15,2750,15.65,2750,0,33000
IGL30Jan20410CE.NFO,07/01/2020,10:34:45,15.15,15.05,5500,15.7,2750,0,33000
IGL30Jan20410CE.NFO,07/01/2020,10:34:46,15.15,15,5500,15.65,2750,0,33000
IGL30Jan20410CE.NFO,07/01/2020,10:35:10,15.15,15.1,2750,15.65,2750,0,33000
IGL30Jan20410CE.NFO,07/01/2020,10:35:11,15.15,15.05,2750,15.65,2750,0,33000
IGL30Jan20410CE.NFO,07/01/2020,10:35:15,15.15,15.1,5500,15.75,2750,0,33000
IGL30Jan20410CE.NFO,07/01/2020,10:35:19,15.15,15.05,5500,15.75,2750,0,33000
IGL30Jan20410CE.NFO,07/01/2020,10:35:22,15.15,15.05,2750,15.75,2750,0,33000
IGL30Jan20410CE.NFO,07/01/2020,10:35:25,15.15,15,2750,15.75,2750,0,33000
IGL30Jan20410CE.NFO,07/01/2020,10:35:50,15.15,15,2750,15.65,2750,0,33000
IGL30Jan20410CE.NFO,07/01/2020,10:35:56,15.15,15.1,2750,15.65,2750,0,33000
IGL30Jan20410CE.NFO,07/01/2020,10:36:03,15.15,15,5500,15.65,2750,0,33000
IGL30Jan20410CE.NFO,07/01/2020,10:36:07,15.15,15,2750,15.65,2750,0,33000
IGL30Jan20410CE.NFO,07/01/2020,10:36:15,15.15,15.05,2750,15.65,2750,0,33000
IGL30Jan20410CE.NFO,07/01/2020,10:36:19,15.15,15.1,2750,15.65,2750,0,33000
IGL30Jan20410CE.NFO,07/01/2020,10:36:30,15.15,15,5500,15.65,2750,0,33000
IGL30Jan20410CE.NFO,07/01/2020,10:36:32,15.15,15.05,2750,15.65,2750,0,33000
IGL30Jan20410CE.NFO,07/01/2020,10:36:34,15.15,15.1,2750,15.65,2750,0,33000
IGL30Jan20410CE.NFO,07/01/2020,10:36:36,15.15,15.05,5500,15.65,2750,0,33000
IGL30Jan20410CE.NFO,07/01/2020,10:36:38,15.15,15.05,2750,15.65,2750,0,33000
IGL30Jan20410CE.NFO,07/01/2020,10:36:48,15.15,15.05,5500,15.65,2750,0,33000
IGL30Jan20410CE.NFO,07/01/2020,10:36:56,15.15,15,5500,15.65,2750,0,33000
IGL30Jan20410CE.NFO,07/01/2020,10:37:05,15.15,14.95,8250,15.65,5500,0,33000
IGL30Jan20410CE.NFO,07/01/2020,10:37:09,15.15,14.95,5500,15.65,2750,0,33000
IGL30Jan20410CE.NFO,07/01/2020,10:37:12,15.15,14.8,5500,15.65,5500,0,33000
IGL30Jan20410CE.NFO,07/01/2020,10:37:13,15.15,14.9,5500,15.65,5500,0,33000
IGL30Jan20410CE.NFO,07/01/2020,10:37:14,15.15,15,5500,15.65,5500,0,33000
IGL30Jan20410CE.NFO,07/01/2020,10:37:18,15.15,15,2750,15.65,5500,0,33000
IGL30Jan20410CE.NFO,07/01/2020,10:37:23,15.15,15,5500,15.65,5500,0,33000
IGL30Jan20410CE.NFO,07/01/2020,10:37:26,15.15,15,2750,15.65,5500,0,33000
IGL30Jan20410CE.NFO,07/01/2020,10:37:31,15.15,14.9,2750,15.6,5500,0,33000
IGL30Jan20410CE.NFO,07/01/2020,10:37:31,15.15,14.9,5500,15.6,5500,0,33000
IGL30Jan20410CE.NFO,07/01/2020,10:37:33,15.15,14.9,2750,15.6,5500,0,33000
IGL30Jan20410CE.NFO,07/01/2020,10:37:33,15.15,14.9,5500,15.6,5500,0,33000
IGL30Jan20410CE.NFO,07/01/2020,10:37:36,15.15,14.8,5500,15.5,5500,0,33000
IGL30Jan20410CE.NFO,07/01/2020,10:37:43,15.15,14.95,2750,15.6,2750,0,33000
IGL30Jan20410CE.NFO,07/01/2020,10:37:44,15.15,14.8,5500,15.6,2750,0,33000
IGL30Jan20410CE.NFO,07/01/2020,10:37:45,15.15,14.9,5500,15.6,2750,0,33000
IGL30Jan20410CE.NFO,07/01/2020,10:37:46,15.15,14.95,2750,15.55,2750,0,33000
IGL30Jan20410CE.NFO,07/01/2020,10:37:47,15.15,15,2750,15.6,2750,0,33000
IGL30Jan20410CE.NFO,07/01/2020,10:37:54,15.15,15.05,5500,15.65,2750,0,33000
IGL30Jan20410CE.NFO,07/01/2020,10:37:55,15.15,15.05,2750,15.65,2750,0,33000
IGL30Jan20410CE.NFO,07/01/2020,10:37:57,15.15,14.9,5500,15.65,2750,0,33000
IGL30Jan20410CE.NFO,07/01/2020,10:37:58,15.15,15,5500,15.65,2750,0,33000
IGL30Jan20410CE.NFO,07/01/2020,10:37:59,15.15,15.05,2750,15.65,2750,0,33000
IGL30Jan20410CE.NFO,07/01/2020,10:38:01,15.15,14.9,5500,15.65,2750,0,33000
IGL30Jan20410CE.NFO,07/01/2020,10:38:02,15.15,15,5500,15.65,2750,0,33000
IGL30Jan20410CE.NFO,07/01/2020,10:38:03,15.15,15.05,2750,15.65,2750,0,33000
IGL30Jan20410CE.NFO,07/01/2020,10:38:04,15.15,14.9,5500,15.65,2750,0,33000
IGL30Jan20410CE.NFO,07/01/2020,10:38:05,15.15,15,5500,15.65,2750,0,33000
IGL30Jan20410CE.NFO,07/01/2020,10:38:06,15.15,15.1,2750,15.65,2750,0,33000
IGL30Jan20410CE.NFO,07/01/2020,10:38:17,15.15,15.05,2750,15.65,2750,0,33000
IGL30Jan20410CE.NFO,07/01/2020,10:38:23,15.15,14.9,5500,15.65,2750,0,33000
IGL30Jan20410CE.NFO,07/01/2020,10:38:30,15.15,15,5500,15.65,2750,0,33000
IGL30Jan20410CE.NFO,07/01/2020,10:38:56,15.15,14.95,5500,15.6,2750,0,33000
IGL30Jan20410CE.NFO,07/01/2020,10:39:00,15.15,14.95,5500,15.7,5500,0,33000
IGL30Jan20410CE.NFO,07/01/2020,10:39:05,15.15,15,2750,15.65,2750,0,33000
IGL30Jan20410CE.NFO,07/01/2020,10:39:09,15.15,14.95,5500,15.65,2750,0,33000
IGL30Jan20410CE.NFO,07/01/2020,10:39:13,15.15,14.75,8250,15.55,2750,0,33000
IGL30Jan20410CE.NFO,07/01/2020,10:39:14,15.15,14.85,5500,15.55,2750,0,33000
IGL30Jan20410CE.NFO,07/01/2020,10:39:15,15.15,14.9,2750,15.55,2750,0,33000
IGL30Jan20410CE.NFO,07/01/2020,10:39:17,15.15,14.85,5500,15.55,2750,0,33000
IGL30Jan20410CE.NFO,07/01/2020,10:39:18,15.15,14.9,2750,15.55,2750,0,33000
IGL30Jan20410CE.NFO,07/01/2020,10:39:19,15.15,14.85,5500,15.55,2750,0,33000
IGL30Jan20410CE.NFO,07/01/2020,10:39:19,15.15,14.9,2750,15.55,2750,0,33000
IGL30Jan20410CE.NFO,07/01/2020,10:39:21,15.15,14.85,5500,15.55,2750,0,33000
IGL30Jan20410CE.NFO,07/01/2020,10:39:21,15.15,14.9,2750,15.5,2750,0,33000
IGL30Jan20410CE.NFO,07/01/2020,10:39:22,15.15,14.75,8250,15.5,2750,0,33000
IGL30Jan20410CE.NFO,07/01/2020,10:39:23,15.15,14.85,8250,15.5,2750,0,33000
IGL30Jan20410CE.NFO,07/01/2020,10:39:24,15.15,14.9,2750,15.5,2750,0,33000
IGL30Jan20410CE.NFO,07/01/2020,10:39:26,15.15,14.85,8250,15.5,2750,0,33000
IGL30Jan20410CE.NFO,07/01/2020,10:39:26,15.15,14.9,2750,15.5,2750,0,33000
IGL30Jan20410CE.NFO,07/01/2020,10:39:28,15.15,14.75,8250,15.5,2750,0,33000
IGL30Jan20410CE.NFO,07/01/2020,10:39:28,15.15,14.85,8250,15.5,2750,0,33000
IGL30Jan20410CE.NFO,07/01/2020,10:39:30,15.15,14.9,2750,15.5,2750,0,33000
IGL30Jan20410CE.NFO,07/01/2020,10:39:31,15.15,14.75,8250,15.5,2750,0,33000
IGL30Jan20410CE.NFO,07/01/2020,10:39:33,15.15,14.85,8250,15.5,2750,0,33000
IGL30Jan20410CE.NFO,07/01/2020,10:39:34,15.15,14.9,2750,15.5,2750,0,33000
IGL30Jan20410CE.NFO,07/01/2020,10:39:35,15.15,14.75,8250,15.5,2750,0,33000
IGL30Jan20410CE.NFO,07/01/2020,10:39:35,15.15,14.85,8250,15.5,2750,0,33000
IGL30Jan20410CE.NFO,07/01/2020,10:39:36,15.15,14.9,2750,15.5,2750,0,33000
IGL30Jan20410CE.NFO,07/01/2020,10:39:38,15.15,14.7,8250,15.5,2750,0,33000
IGL30Jan20410CE.NFO,07/01/2020,10:39:38,15.15,14.8,8250,15.5,2750,0,33000
IGL30Jan20410CE.NFO,07/01/2020,10:39:39,15.15,14.9,5500,15.5,2750,0,33000
IGL30Jan20410CE.NFO,07/01/2020,10:39:40,15.15,14.7,8250,15.5,2750,0,33000
IGL30Jan20410CE.NFO,07/01/2020,10:39:43,15.15,14.8,8250,15.5,2750,0,33000
IGL30Jan20410CE.NFO,07/01/2020,10:39:46,15.15,14.9,5500,15.5,2750,0,33000
IGL30Jan20410CE.NFO,07/01/2020,10:39:48,15.15,14.75,8250,15.5,2750,0,33000
IGL30Jan20410CE.NFO,07/01/2020,10:39:49,15.15,14.9,2750,15.5,2750,0,33000
IGL30Jan20410CE.NFO,07/01/2020,10:39:51,15.15,14.85,8250,15.5,2750,0,33000
IGL30Jan20410CE.NFO,07/01/2020,10:39:52,15.15,14.9,2750,15.5,2750,0,33000
IGL30Jan20410CE.NFO,07/01/2020,10:39:53,15.15,14.75,8250,15.5,2750,0,33000
IGL30Jan20410CE.NFO,07/01/2020,10:39:56,15.15,14.9,2750,15.5,2750,0,33000
IGL30Jan20410CE.NFO,07/01/2020,10:39:57,15.15,14.75,8250,15.5,2750,0,33000
IGL30Jan20410CE.NFO,07/01/2020,10:39:58,15.15,14.85,5500,15.5,2750,0,33000
IGL30Jan20410CE.NFO,07/01/2020,10:39:59,15.15,14.9,2750,15.5,2750,0,33000
IGL30Jan20410CE.NFO,07/01/2020,10:39:59,15.15,14.75,8250,15.5,2750,0,33000
IGL30Jan20410CE.NFO,07/01/2020,10:40:01,15.15,14.85,8250,15.5,2750,0,33000
IGL30Jan20410CE.NFO,07/01/2020,10:40:02,15.15,14.75,8250,15.5,2750,0,33000
IGL30Jan20410CE.NFO,07/01/2020,10:40:04,15.15,14.95,2750,15.5,2750,0,33000
IGL30Jan20410CE.NFO,07/01/2020,10:40:05,15.15,14.75,8250,15.5,2750,0,33000
IGL30Jan20410CE.NFO,07/01/2020,10:40:06,15.15,14.85,8250,15.5,2750,0,33000
IGL30Jan20410CE.NFO,07/01/2020,10:40:06,15.15,14.9,2750,15.5,2750,0,33000
IGL30Jan20410CE.NFO,07/01/2020,10:40:10,15.15,14.95,2750,15.5,2750,0,33000
IGL30Jan20410CE.NFO,07/01/2020,10:40:11,15.15,14.9,2750,15.5,2750,0,33000
IGL30Jan20410CE.NFO,07/01/2020,10:40:12,15.15,14.85,5500,15.5,2750,0,33000
IGL30Jan20410CE.NFO,07/01/2020,10:40:16,15.15,14.9,2750,15.5,2750,0,33000
IGL30Jan20410CE.NFO,07/01/2020,10:40:41,15.15,14.95,5500,15.7,2750,0,33000
IGL30Jan20410CE.NFO,07/01/2020,10:40:44,15.15,14.95,5500,15.6,2750,0,33000
IGL30Jan20410CE.NFO,07/01/2020,10:40:47,15.15,15,2750,15.6,2750,0,33000
IGL30Jan20410CE.NFO,07/01/2020,10:40:49,15.15,14.95,5500,15.6,2750,0,33000
IGL30Jan20410CE.NFO,07/01/2020,10:40:54,15.15,15,2750,15.6,2750,0,33000
IGL30Jan20410CE.NFO,07/01/2020,10:40:56,15.15,14.85,5500,15.6,2750,0,33000
IGL30Jan20410CE.NFO,07/01/2020,10:41:00,15.15,14.95,5500,15.6,2750,0,33000
IGL30Jan20410CE.NFO,07/01/2020,10:41:06,15.15,15,2750,15.6,2750,0,33000
IGL30Jan20410CE.NFO,07/01/2020,10:41:08,15.15,15,5500,15.6,2750,0,33000
IGL30Jan20410CE.NFO,07/01/2020,10:41:10,15.15,14.85,5500,15.6,2750,0,33000
IGL30Jan20410CE.NFO,07/01/2020,10:41:16,15.15,14.95,5500,15.6,2750,0,33000
IGL30Jan20410CE.NFO,07/01/2020,10:41:24,15.15,15,5500,15.6,2750,0,33000
IGL30Jan20410CE.NFO,07/01/2020,10:41:28,15.15,14.9,5500,15.6,2750,0,33000
IGL30Jan20410CE.NFO,07/01/2020,10:41:32,15.15,15.05,2750,15.6,2750,0,33000
IGL30Jan20410CE.NFO,07/01/2020,10:41:35,15.15,14.9,5500,15.6,2750,0,33000
IGL30Jan20410CE.NFO,07/01/2020,10:41:41,15.15,14.9,5500,15.55,2750,0,33000
IGL30Jan20410CE.NFO,07/01/2020,10:41:44,15.15,15,5500,15.55,2750,0,33000
IGL30Jan20410CE.NFO,07/01/2020,10:41:47,15.15,14.95,2750,15.65,2750,0,33000
IGL30Jan20410CE.NFO,07/01/2020,10:41:50,15.15,14.95,2750,15.55,2750,0,33000
IGL30Jan20410CE.NFO,07/01/2020,10:41:53,15.15,15,5500,15.6,2750,0,33000
IGL30Jan20410CE.NFO,07/01/2020,10:41:55,15.15,15.05,2750,15.6,2750,0,33000
IGL30Jan20410CE.NFO,07/01/2020,10:42:04,15.15,15.05,2750,15.7,5500,0,33000
IGL30Jan20410CE.NFO,07/01/2020,10:42:07,15.15,14.95,5500,15.7,5500,0,33000
IGL30Jan20410CE.NFO,07/01/2020,10:42:11,15.15,15,2750,15.7,2750,0,33000
IGL30Jan20410CE.NFO,07/01/2020,10:42:13,15.15,15,2750,15.6,2750,0,33000
IGL30Jan20410CE.NFO,07/01/2020,10:42:15,15.15,14.95,5500,15.6,2750,0,33000
IGL30Jan20410CE.NFO,07/01/2020,10:42:15,15.15,15,2750,15.6,2750,0,33000
IGL30Jan20410CE.NFO,07/01/2020,10:42:17,15.15,14.95,5500,15.6,2750,0,33000
IGL30Jan20410CE.NFO,07/01/2020,10:42:18,15.15,15,2750,15.6,2750,0,33000
IGL30Jan20410CE.NFO,07/01/2020,10:42:19,15.15,14.95,5500,15.6,2750,0,33000
IGL30Jan20410CE.NFO,07/01/2020,10:42:22,15.15,15.1,2750,15.6,2750,0,33000
IGL30Jan20410CE.NFO,07/01/2020,10:42:24,15.15,15.05,5500,15.6,2750,0,33000
IGL30Jan20410CE.NFO,07/01/2020,10:42:25,15.15,15.1,2750,15.6,2750,0,33000
IGL30Jan20410CE.NFO,07/01/2020,10:42:26,15.15,14.95,5500,15.6,2750,0,33000
IGL30Jan20410CE.NFO,07/01/2020,10:42:27,15.15,15.05,5500,15.6,2750,0,33000
IGL30Jan20410CE.NFO,07/01/2020,10:42:28,15.15,15.1,2750,15.6,2750,0,33000
IGL30Jan20410CE.NFO,07/01/2020,10:42:28,15.15,14.95,5500,15.6,2750,0,33000
IGL30Jan20410CE.NFO,07/01/2020,10:42:29,15.15,15.05,5500,15.6,2750,0,33000
IGL30Jan20410CE.NFO,07/01/2020,10:42:30,15.15,15,2750,15.6,2750,0,33000
IGL30Jan20410CE.NFO,07/01/2020,10:42:31,15.15,14.95,5500,15.6,2750,0,33000
IGL30Jan20410CE.NFO,07/01/2020,10:42:33,15.15,15,2750,15.6,2750,0,33000
IGL30Jan20410CE.NFO,07/01/2020,10:42:33,15.15,14.85,5500,15.6,2750,0,33000
IGL30Jan20410CE.NFO,07/01/2020,10:42:34,15.15,14.95,5500,15.6,2750,0,33000
IGL30Jan20410CE.NFO,07/01/2020,10:42:35,15.15,15,2750,15.6,2750,0,33000
IGL30Jan20410CE.NFO,07/01/2020,10:42:36,15.15,14.85,5500,15.6,2750,0,33000
IGL30Jan20410CE.NFO,07/01/2020,10:42:38,15.15,15,2750,15.6,2750,0,33000
IGL30Jan20410CE.NFO,07/01/2020,10:42:39,15.15,14.85,5500,15.6,2750,0,33000
IGL30Jan20410CE.NFO,07/01/2020,10:42:40,15.15,14.95,5500,15.6,2750,0,33000
IGL30Jan20410CE.NFO,07/01/2020,10:42:42,15.15,15,2750,15.6,2750,0,33000
IGL30Jan20410CE.NFO,07/01/2020,10:42:42,15.15,14.95,5500,15.6,2750,0,33000
IGL30Jan20410CE.NFO,07/01/2020,10:42:44,15.15,15,2750,15.6,2750,0,33000
IGL30Jan20410CE.NFO,07/01/2020,10:42:45,15.15,14.85,5500,15.6,2750,0,33000
IGL30Jan20410CE.NFO,07/01/2020,10:42:46,15.15,14.95,5500,15.6,2750,0,33000
IGL30Jan20410CE.NFO,07/01/2020,10:42:47,15.15,15,2750,15.6,2750,0,33000
IGL30Jan20410CE.NFO,07/01/2020,10:42:49,15.15,14.85,5500,15.6,2750,0,33000
IGL30Jan20410CE.NFO,07/01/2020,10:42:52,15.15,14.9,2750,15.5,2750,0,33000
IGL30Jan20410CE.NFO,07/01/2020,10:42:53,15.15,14.9,5500,15.5,2750,0,33000
IGL30Jan20410CE.NFO,07/01/2020,10:42:54,15.15,14.95,2750,15.5,2750,0,33000
IGL30Jan20410CE.NFO,07/01/2020,10:42:56,15.15,14.9,5500,15.5,2750,0,33000
IGL30Jan20410CE.NFO,07/01/2020,10:42:57,15.15,14.95,2750,15.5,2750,0,33000
IGL30Jan20410CE.NFO,07/01/2020,10:42:59,15.15,14.9,5500,15.5,2750,0,33000
IGL30Jan20410CE.NFO,07/01/2020,10:42:59,15.15,14.95,2750,15.5,2750,0,33000
IGL30Jan20410CE.NFO,07/01/2020,10:43:01,15.15,14.9,5500,15.5,2750,0,33000
IGL30Jan20410CE.NFO,07/01/2020,10:43:05,15.15,14.95,2750,15.5,2750,0,33000
IGL30Jan20410CE.NFO,07/01/2020,10:43:06,15.15,14.9,5500,15.5,2750,0,33000
IGL30Jan20410CE.NFO,07/01/2020,10:43:07,15.15,14.95,2750,15.5,2750,0,33000
IGL30Jan20410CE.NFO,07/01/2020,10:43:07,15.15,14.9,5500,15.5,2750,0,33000
IGL30Jan20410CE.NFO,07/01/2020,10:43:10,15.15,14.95,2750,15.5,2750,0,33000
IGL30Jan20410CE.NFO,07/01/2020,10:43:11,15.15,14.9,5500,15.5,2750,0,33000
IGL30Jan20410CE.NFO,07/01/2020,10:43:12,15.15,14.95,2750,15.5,2750,0,33000
IGL30Jan20410CE.NFO,07/01/2020,10:43:16,15.15,14.9,5500,15.5,2750,0,33000
IGL30Jan20410CE.NFO,07/01/2020,10:43:17,15.15,14.95,2750,15.5,2750,0,33000
IGL30Jan20410CE.NFO,07/01/2020,10:43:19,15.15,14.9,5500,15.5,2750,0,33000
IGL30Jan20410CE.NFO,07/01/2020,10:43:19,15.15,14.95,2750,15.5,2750,0,33000
IGL30Jan20410CE.NFO,07/01/2020,10:43:21,15.15,14.9,5500,15.5,2750,0,33000
IGL30Jan20410CE.NFO,07/01/2020,10:43:23,15.15,14.95,2750,15.5,2750,0,33000
IGL30Jan20410CE.NFO,07/01/2020,10:43:27,15.15,14.9,5500,15.5,2750,0,33000
IGL30Jan20410CE.NFO,07/01/2020,10:43:31,15.15,14.95,2750,15.5,2750,0,33000
IGL30Jan20410CE.NFO,07/01/2020,10:43:34,15.15,14.85,2750,15.5,2750,0,33000
IGL30Jan20410CE.NFO,07/01/2020,10:43:37,15.15,14.95,2750,15.5,2750,0,33000
IGL30Jan20410CE.NFO,07/01/2020,10:43:46,15.15,14.9,5500,15.5,2750,0,33000
IGL30Jan20410CE.NFO,07/01/2020,10:43:50,15.15,14.95,2750,15.5,2750,0,33000
IGL30Jan20410CE.NFO,07/01/2020,10:43:54,15.15,14.9,5500,15.5,2750,0,33000
IGL30Jan20410CE.NFO,07/01/2020,10:43:57,15.15,14.95,2750,15.5,2750,0,33000
IGL30Jan20410CE.NFO,07/01/2020,10:44:04,15.15,14.9,5500,15.5,2750,0,33000
IGL30Jan20410CE.NFO,07/01/2020,10:44:11,15.15,14.95,2750,15.5,2750,0,33000
IGL30Jan20410CE.NFO,07/01/2020,10:44:14,15.15,14.9,5500,15.5,2750,0,33000
IGL30Jan20410CE.NFO,07/01/2020,10:44:16,15.15,14.95,2750,15.5,2750,0,33000
IGL30Jan20410CE.NFO,07/01/2020,10:44:28,15.15,14.9,5500,15.5,2750,0,33000
IGL30Jan20410CE.NFO,07/01/2020,10:44:37,15.15,14.95,2750,15.5,2750,0,33000
IGL30Jan20410CE.NFO,07/01/2020,10:44:43,15.15,14.9,5500,15.5,2750,0,33000
IGL30Jan20410CE.NFO,07/01/2020,10:44:46,15.15,14.95,2750,15.5,2750,0,33000
IGL30Jan20410CE.NFO,07/01/2020,10:44:48,15.15,14.9,5500,15.5,2750,0,33000
IGL30Jan20410CE.NFO,07/01/2020,10:45:01,15.15,14.95,2750,15.5,2750,0,33000
IGL30Jan20410CE.NFO,07/01/2020,10:45:06,15.15,14.9,5500,15.5,2750,0,33000
IGL30Jan20410CE.NFO,07/01/2020,10:45:14,15.15,14.95,2750,15.5,2750,0,33000
IGL30Jan20410CE.NFO,07/01/2020,10:45:18,15.15,14.9,5500,15.5,2750,0,33000
IGL30Jan20410CE.NFO,07/01/2020,10:45:21,15.15,14.95,2750,15.5,2750,0,33000
IGL30Jan20410CE.NFO,07/01/2020,10:45:27,15.15,14.9,5500,15.5,2750,0,33000
IGL30Jan20410CE.NFO,07/01/2020,10:45:30,15.15,14.95,2750,15.5,2750,0,33000
IGL30Jan20410CE.NFO,07/01/2020,10:45:33,15.15,14.9,5500,15.5,2750,0,33000
IGL30Jan20410CE.NFO,07/01/2020,10:45:40,15.15,14.95,2750,15.5,2750,0,33000
IGL30Jan20410CE.NFO,07/01/2020,10:45:42,15.15,14.9,5500,15.5,2750,0,33000
IGL30Jan20410CE.NFO,07/01/2020,10:45:52,15.15,14.95,2750,15.5,2750,0,33000
IGL30Jan20410CE.NFO,07/01/2020,10:45:55,15.15,14.9,5500,15.5,2750,0,33000
IGL30Jan20410CE.NFO,07/01/2020,10:45:59,15.15,14.95,2750,15.5,2750,0,33000
IGL30Jan20410CE.NFO,07/01/2020,10:46:01,15.15,14.9,5500,15.5,2750,0,33000
IGL30Jan20410CE.NFO,07/01/2020,10:46:04,15.15,14.95,2750,15.5,2750,0,33000
IGL30Jan20410CE.NFO,07/01/2020,10:46:06,15.15,14.9,5500,15.5,2750,0,33000
IGL30Jan20410CE.NFO,07/01/2020,10:46:09,15.15,14.95,2750,15.5,2750,0,33000
IGL30Jan20410CE.NFO,07/01/2020,10:46:14,15.15,14.9,5500,15.5,2750,0,33000
IGL30Jan20410CE.NFO,07/01/2020,10:46:19,15.15,14.95,2750,15.5,2750,0,33000
IGL30Jan20410CE.NFO,07/01/2020,10:46:25,15.15,14.9,5500,15.5,2750,0,33000
IGL30Jan20410CE.NFO,07/01/2020,10:46:28,15.15,14.95,2750,15.5,2750,0,33000
IGL30Jan20410CE.NFO,07/01/2020,10:46:31,15.15,14.9,5500,15.5,2750,0,33000
IGL30Jan20410CE.NFO,07/01/2020,10:46:33,15.15,14.95,2750,15.5,2750,0,33000
IGL30Jan20410CE.NFO,07/01/2020,10:46:36,15.15,14.9,5500,15.5,2750,0,33000
IGL30Jan20410CE.NFO,07/01/2020,10:46:41,15.15,14.95,2750,15.5,2750,0,33000
IGL30Jan20410CE.NFO,07/01/2020,10:46:47,15.15,14.9,5500,15.5,2750,0,33000
IGL30Jan20410CE.NFO,07/01/2020,10:46:53,15.15,14.95,2750,15.5,2750,0,33000
IGL30Jan20410CE.NFO,07/01/2020,10:47:02,15.15,14.9,5500,15.5,2750,0,33000
IGL30Jan20410CE.NFO,07/01/2020,10:47:05,15.15,14.95,2750,15.55,2750,0,33000
IGL30Jan20410CE.NFO,07/01/2020,10:47:08,15.15,14.95,2750,15.6,5500,0,33000
IGL30Jan20410CE.NFO,07/01/2020,10:47:25,15.15,14.9,5500,15.6,5500,0,33000
IGL30Jan20410CE.NFO,07/01/2020,10:47:28,15.15,14.95,2750,15.6,5500,0,33000
IGL30Jan20410CE.NFO,07/01/2020,10:47:31,15.15,14.9,5500,15.6,5500,0,33000
IGL30Jan20410CE.NFO,07/01/2020,10:47:41,15.15,15,5500,15.6,2750,0,33000
IGL30Jan20410CE.NFO,07/01/2020,10:47:44,15.15,15.05,5500,15.6,2750,0,33000
IGL30Jan20410CE.NFO,07/01/2020,10:47:52,15.15,14.95,5500,15.6,2750,0,33000
IGL30Jan20410CE.NFO,07/01/2020,10:47:55,15.15,15.05,2750,15.7,2750,0,33000
IGL30Jan20410CE.NFO,07/01/2020,10:47:59,15.15,14.95,5500,15.65,2750,0,33000
IGL30Jan20410CE.NFO,07/01/2020,10:48:02,15.15,14.95,2750,15.55,2750,0,33000
IGL30Jan20410CE.NFO,07/01/2020,10:48:06,15.15,15,5500,15.55,2750,0,33000
IGL30Jan20410CE.NFO,07/01/2020,10:48:10,15.15,15,2750,15.55,2750,0,33000
IGL30Jan20410CE.NFO,07/01/2020,10:48:14,15.15,14.95,2750,15.55,2750,0,33000
IGL30Jan20410CE.NFO,07/01/2020,10:48:17,15.15,14.9,5500,15.55,2750,0,33000
IGL30Jan20410CE.NFO,07/01/2020,10:48:23,15.15,14.95,2750,15.55,2750,0,33000
IGL30Jan20410CE.NFO,07/01/2020,10:48:26,15.15,14.9,5500,15.55,2750,0,33000
IGL30Jan20410CE.NFO,07/01/2020,10:48:28,15.15,15,5500,15.55,2750,0,33000
IGL30Jan20410CE.NFO,07/01/2020,10:48:35,15.15,14.95,2750,15.45,2750,0,33000
IGL30Jan20410CE.NFO,07/01/2020,10:48:44,15.15,14.9,8250,15.45,2750,0,33000
IGL30Jan20410CE.NFO,07/01/2020,10:48:48,15.15,14.95,2750,15.55,2750,0,33000
IGL30Jan20410CE.NFO,07/01/2020,10:48:51,15.15,14.9,5500,15.65,2750,0,33000
IGL30Jan20410CE.NFO,07/01/2020,10:48:55,15.15,14.9,5500,15.5,2750,0,33000
IGL30Jan20410CE.NFO,07/01/2020,10:48:58,15.15,14.8,5500,15.6,8250,0,33000
IGL30Jan20410CE.NFO,07/01/2020,10:49:07,15.15,14.85,2750,15.6,8250,0,33000
IGL30Jan20410CE.NFO,07/01/2020,10:49:14,15.15,14.8,5500,15.6,8250,0,33000
IGL30Jan20410CE.NFO,07/01/2020,10:49:20,15.15,14.85,2750,15.6,8250,0,33000
IGL30Jan20410CE.NFO,07/01/2020,10:49:23,15.15,14.8,5500,15.6,8250,0,33000
IGL30Jan20410CE.NFO,07/01/2020,10:49:27,15.15,14.95,2750,15.5,2750,0,33000
IGL30Jan20410CE.NFO,07/01/2020,10:49:30,15.15,14.8,8250,15.5,2750,0,33000
IGL30Jan20410CE.NFO,07/01/2020,10:49:33,15.15,14.75,8250,15.5,2750,0,33000
IGL30Jan20410CE.NFO,07/01/2020,10:49:37,15.15,14.9,2750,15.5,2750,0,33000
IGL30Jan20410CE.NFO,07/01/2020,10:49:59,15.15,14.9,5500,15.5,2750,0,33000
IGL30Jan20410CE.NFO,07/01/2020,10:50:04,15.15,14.9,2750,15.5,2750,0,33000
IGL30Jan20410CE.NFO,07/01/2020,10:50:10,15.15,14.85,2750,15.5,2750,0,33000
IGL30Jan20410CE.NFO,07/01/2020,10:50:20,15.15,14.9,5500,15.5,2750,0,33000
IGL30Jan20410CE.NFO,07/01/2020,10:50:25,15.15,14.8,8250,15.5,2750,0,33000
IGL30Jan20410CE.NFO,07/01/2020,10:50:28,15.15,14.95,2750,15.5,2750,0,33000
IGL30Jan20410CE.NFO,07/01/2020,10:50:37,15.15,14.85,2750,15.55,5500,0,33000
IGL30Jan20410CE.NFO,07/01/2020,10:50:41,15.15,14.8,5500,15.55,5500,0,33000
IGL30Jan20410CE.NFO,07/01/2020,10:50:48,15.15,14.85,2750,15.55,5500,0,33000
IGL30Jan20410CE.NFO,07/01/2020,10:50:51,15.15,14.8,8250,15.55,5500,0,33000
IGL30Jan20410CE.NFO,07/01/2020,10:50:54,15.15,14.8,5500,15.45,2750,0,33000
IGL30Jan20410CE.NFO,07/01/2020,10:50:58,15.15,14.85,2750,15.4,2750,0,33000
IGL30Jan20410CE.NFO,07/01/2020,10:51:01,15.15,14.7,8250,15.45,2750,0,33000
IGL30Jan20410CE.NFO,07/01/2020,10:51:11,15.15,14.85,2750,15.45,2750,0,33000
IGL30Jan20410CE.NFO,07/01/2020,10:51:14,15.15,14.8,8250,15.45,2750,0,33000
IGL30Jan20410CE.NFO,07/01/2020,10:51:20,15.15,14.7,8250,15.45,2750,0,33000
IGL30Jan20410CE.NFO,07/01/2020,10:51:31,15.15,14.85,2750,15.45,2750,0,33000
IGL30Jan20410CE.NFO,07/01/2020,10:51:33,15.15,14.8,8250,15.45,2750,0,33000
IGL30Jan20410CE.NFO,07/01/2020,10:51:34,15.15,14.7,8250,15.45,2750,0,33000
IGL30Jan20410CE.NFO,07/01/2020,10:51:38,15.15,14.8,8250,15.45,2750,0,33000
IGL30Jan20410CE.NFO,07/01/2020,10:51:43,15.15,14.7,8250,15.45,2750,0,33000
IGL30Jan20410CE.NFO,07/01/2020,10:51:46,15.15,14.8,8250,15.45,2750,0,33000
IGL30Jan20410CE.NFO,07/01/2020,10:51:49,15.15,14.7,8250,15.45,2750,0,33000
IGL30Jan20410CE.NFO,07/01/2020,10:51:57,15.15,14.85,2750,15.45,2750,0,33000
IGL30Jan20410CE.NFO,07/01/2020,10:52:01,15.15,14.7,8250,15.45,2750,0,33000
IGL30Jan20410CE.NFO,07/01/2020,10:52:04,15.15,14.8,8250,15.45,2750,0,33000
IGL30Jan20410CE.NFO,07/01/2020,10:52:09,15.15,14.85,2750,15.4,2750,0,33000
IGL30Jan20410CE.NFO,07/01/2020,10:52:12,15.15,14.8,8250,15.45,2750,0,33000
IGL30Jan20410CE.NFO,07/01/2020,10:52:16,15.15,14.85,2750,15.45,2750,0,33000
IGL30Jan20410CE.NFO,07/01/2020,10:52:20,15.15,14.7,8250,15.45,2750,0,33000
IGL30Jan20410CE.NFO,07/01/2020,10:52:25,15.15,14.85,2750,15.45,2750,0,33000
IGL30Jan20410CE.NFO,07/01/2020,10:52:28,15.15,14.7,8250,15.45,2750,0,33000
IGL30Jan20410CE.NFO,07/01/2020,10:52:32,15.15,14.85,2750,15.45,2750,0,33000
IGL30Jan20410CE.NFO,07/01/2020,10:52:36,15.15,14.8,2750,15.45,2750,0,33000
IGL30Jan20410CE.NFO,07/01/2020,10:52:40,15.15,14.85,2750,15.45,2750,0,33000
IGL30Jan20410CE.NFO,07/01/2020,10:52:45,15.15,14.9,2750,15.45,2750,0,33000
IGL30Jan20410CE.NFO,07/01/2020,10:52:49,15.15,14.8,8250,15.45,2750,0,33000
IGL30Jan20410CE.NFO,07/01/2020,10:52:52,15.15,14.85,2750,15.4,2750,0,33000
IGL30Jan20410CE.NFO,07/01/2020,10:52:57,15.15,14.7,8250,15.4,2750,0,33000
IGL30Jan20410CE.NFO,07/01/2020,10:53:02,15.15,14.85,2750,15.4,2750,0,33000
IGL30Jan20410CE.NFO,07/01/2020,10:53:13,15.15,14.8,8250,15.4,2750,0,33000
IGL30Jan20410CE.NFO,07/01/2020,10:53:19,15.15,14.65,2750,15.3,2750,0,33000
IGL30Jan20410CE.NFO,07/01/2020,10:53:25,15.15,14.6,2750,15.3,2750,0,33000
IGL30Jan20410CE.NFO,07/01/2020,10:53:29,15.15,14.65,2750,15.3,2750,0,33000
IGL30Jan20410CE.NFO,07/01/2020,10:53:35,15.15,14.5,8250,15.3,2750,0,33000
IGL30Jan20410CE.NFO,07/01/2020,10:53:39,15.15,14.65,2750,15.3,2750,0,33000
IGL30Jan20410CE.NFO,07/01/2020,10:53:45,15.15,14.45,2750,15.3,2750,0,33000
IGL30Jan20410CE.NFO,07/01/2020,10:53:50,15.15,14.6,5500,15.2,2750,0,33000
IGL30Jan20410CE.NFO,07/01/2020,10:53:56,15.15,14.6,2750,15.2,2750,0,33000
IGL30Jan20410CE.NFO,07/01/2020,10:54:01,15.15,14.55,2750,15.2,2750,0,33000
IGL30Jan20410CE.NFO,07/01/2020,10:54:06,15.15,14.4,8250,15.1,2750,0,33000
IGL30Jan20410CE.NFO,07/01/2020,10:54:10,15.15,14.5,2750,15.1,2750,0,33000
IGL30Jan20410CE.NFO,07/01/2020,10:54:16,15.15,14.3,8250,15.1,2750,0,33000
IGL30Jan20410CE.NFO,07/01/2020,10:54:21,15.15,14.6,2750,15.1,2750,0,33000
IGL30Jan20410CE.NFO,07/01/2020,10:54:25,15.15,14.45,8250,15.1,2750,0,33000
IGL30Jan20410CE.NFO,07/01/2020,10:54:30,15.15,14.55,2750,15.1,2750,0,33000
IGL30Jan20410CE.NFO,07/01/2020,10:54:33,15.15,14.5,2750,15,2750,0,33000
IGL30Jan20410CE.NFO,07/01/2020,10:54:40,15.15,14.35,8250,15,2750,0,33000
IGL30Jan20410CE.NFO,07/01/2020,10:54:44,15.15,14.45,8250,15,2750,0,33000
IGL30Jan20410CE.NFO,07/01/2020,10:54:48,15.15,14.35,5500,15,2750,0,33000
IGL30Jan20410CE.NFO,07/01/2020,10:54:53,15.15,14.25,8250,15,2750,0,33000
IGL30Jan20410CE.NFO,07/01/2020,10:55:03,15.15,14.35,8250,15,2750,0,33000
IGL30Jan20410CE.NFO,07/01/2020,10:55:08,15.15,14.3,8250,14.9,2750,0,33000
IGL30Jan20410CE.NFO,07/01/2020,10:55:17,15.15,14.4,2750,14.9,2750,0,33000
IGL30Jan20410CE.NFO,07/01/2020,10:55:23,15.15,14.2,8250,14.9,2750,0,33000
IGL30Jan20410CE.NFO,07/01/2020,10:55:29,15.15,14.2,5500,14.8,2750,0,33000
IGL30Jan20410CE.NFO,07/01/2020,10:55:35,15.15,14.1,2750,14.7,2750,0,33000
IGL30Jan20410CE.NFO,07/01/2020,10:55:40,15.15,13.85,13750,14.7,2750,0,33000
IGL30Jan20410CE.NFO,07/01/2020,10:55:46,15.15,14.05,5500,14.7,2750,0,33000
IGL30Jan20410CE.NFO,07/01/2020,10:55:50,15.15,14,5500,14.6,5500,0,33000
IGL30Jan20410CE.NFO,07/01/2020,10:55:55,15.15,14,2750,14.5,5500,0,33000
IGL30Jan20410CE.NFO,07/01/2020,10:55:59,15.15,14.1,2750,14.45,2750,0,33000
IGL30Jan20410CE.NFO,07/01/2020,10:56:09,15.15,14.35,2750,14.75,2750,0,33000
IGL30Jan20410CE.NFO,07/01/2020,10:56:13,15.15,14.4,2750,14.85,2750,0,33000
IGL30Jan20410CE.NFO,07/01/2020,10:57:16,15.15,14.3,2750,14.85,2750,0,33000
IGL30Jan20410CE.NFO,07/01/2020,10:57:30,15.15,14.35,2750,14.85,2750,0,33000
IGL30Jan20410CE.NFO,07/01/2020,10:57:37,15.15,14.4,2750,14.85,2750,0,33000
IGL30Jan20410CE.NFO,07/01/2020,10:57:43,15.15,14.45,2750,15.15,2750,0,33000
IGL30Jan20410CE.NFO,07/01/2020,10:57:50,15.15,14.5,2750,15.15,2750,0,33000
IGL30Jan20410CE.NFO,07/01/2020,10:58:21,15.15,14.35,5500,15.15,2750,0,33000
IGL30Jan20410CE.NFO,07/01/2020,10:58:27,15.15,14.3,5500,15.05,2750,0,33000
IGL30Jan20410CE.NFO,07/01/2020,10:58:34,15.15,14.35,2750,15.05,2750,0,33000
IGL30Jan20410CE.NFO,07/01/2020,10:58:52,15.15,14.45,2750,15.05,2750,0,33000
IGL30Jan20410CE.NFO,07/01/2020,10:58:58,15.15,14.4,2750,15.05,2750,0,33000
IGL30Jan20410CE.NFO,07/01/2020,10:59:11,15.15,14.15,2750,15.05,19250,0,33000
IGL30Jan20410CE.NFO,07/01/2020,10:59:29,15.15,14.25,2750,15.05,13750,0,33000
IGL30Jan20410CE.NFO,07/01/2020,10:59:36,15.15,14.15,2750,15.05,19250,0,33000
IGL30Jan20410CE.NFO,07/01/2020,10:59:42,15.15,14.15,5500,15.05,19250,0,33000
IGL30Jan20410CE.NFO,07/01/2020,10:59:53,15.15,14.2,2750,15.05,19250,0,33000
IGL30Jan20410CE.NFO,07/01/2020,10:59:59,15.15,14.25,2750,14.8,2750,0,33000
IGL30Jan20410CE.NFO,07/01/2020,11:00:05,15.15,14.2,5500,14.8,2750,0,33000
IGL30Jan20410CE.NFO,07/01/2020,11:00:13,15.15,14.15,2750,14.75,2750,0,33000
IGL30Jan20410CE.NFO,07/01/2020,11:00:34,15.15,14.2,2750,14.75,5500,0,33000
IGL30Jan20410CE.NFO,07/01/2020,11:00:53,15.15,14.25,2750,14.75,2750,0,33000
IGL30Jan20410CE.NFO,07/01/2020,11:01:00,15.15,14.2,5500,14.75,5500,0,33000
IGL30Jan20410CE.NFO,07/01/2020,11:01:08,15.15,14.25,2750,14.75,5500,0,33000
IGL30Jan20410CE.NFO,07/01/2020,11:01:23,15.15,14.1,5500,14.75,2750,0,33000
IGL30Jan20410CE.NFO,07/01/2020,11:01:31,15.15,14.05,5500,14.75,2750,0,33000
IGL30Jan20410CE.NFO,07/01/2020,11:01:38,15.15,14.1,2750,14.75,5500,0,33000
IGL30Jan20410CE.NFO,07/01/2020,11:01:46,15.15,14.3,2750,14.9,2750,0,33000
IGL30Jan20410CE.NFO,07/01/2020,11:02:08,15.15,14.35,2750,14.9,2750,0,33000
IGL30Jan20410CE.NFO,07/01/2020,11:02:15,15.15,14.35,5500,15.05,5500,0,33000
IGL30Jan20410CE.NFO,07/01/2020,11:02:22,15.15,14.4,2750,15.05,5500,0,33000
IGL30Jan20410CE.NFO,07/01/2020,11:02:27,15.15,14.45,8250,15.05,2750,0,33000
IGL30Jan20410CE.NFO,07/01/2020,11:02:34,15.15,14.45,5500,15.05,2750,0,33000
IGL30Jan20410CE.NFO,07/01/2020,11:02:53,15.15,14.25,2750,14.85,2750,0,33000
IGL30Jan20410CE.NFO,07/01/2020,11:03:00,15.15,14.3,5500,14.85,2750,0,33000
IGL30Jan20410CE.NFO,07/01/2020,11:03:06,15.15,14.25,2750,14.85,5500,0,33000
IGL30Jan20410CE.NFO,07/01/2020,11:03:20,15.15,14.2,5500,14.85,5500,0,33000
IGL30Jan20410CE.NFO,07/01/2020,11:03:27,15.15,14.25,2750,14.85,5500,0,33000
IGL30Jan20410CE.NFO,07/01/2020,11:03:32,15.15,14.2,8250,14.85,5500,0,33000
IGL30Jan20410CE.NFO,07/01/2020,11:03:40,15.15,14.3,5500,14.85,5500,0,33000
IGL30Jan20410CE.NFO,07/01/2020,11:03:47,15.15,14.35,5500,14.95,5500,0,33000
IGL30Jan20410CE.NFO,07/01/2020,11:03:54,15.15,14.25,2750,14.9,2750,0,33000
IGL30Jan20410CE.NFO,07/01/2020,11:04:01,15.15,14.35,2750,14.75,2750,0,33000
IGL30Jan20410CE.NFO,07/01/2020,11:04:08,15.15,14.25,5500,14.8,2750,0,33000
IGL30Jan20410CE.NFO,07/01/2020,11:04:14,15.15,14.3,2750,14.85,2750,0,33000
IGL30Jan20410CE.NFO,07/01/2020,11:04:21,15.15,14.35,2750,14.85,2750,0,33000
IGL30Jan20410CE.NFO,07/01/2020,11:04:54,15.15,14.3,2750,14.85,2750,0,33000
IGL30Jan20410CE.NFO,07/01/2020,11:05:08,15.15,14.25,2750,15,5500,0,33000
IGL30Jan20410CE.NFO,07/01/2020,11:05:15,15.15,14.3,2750,14.7,2750,0,33000
IGL30Jan20410CE.NFO,07/01/2020,11:05:22,15.15,14.25,8250,14.9,2750,0,33000
IGL30Jan20410CE.NFO,07/01/2020,11:05:29,15.15,14.3,2750,14.85,2750,0,33000
IGL30Jan20410CE.NFO,07/01/2020,11:05:36,15.15,14.35,5500,15.2,11000,0,33000
IGL30Jan20410CE.NFO,07/01/2020,11:05:43,15.15,14.4,2750,15.1,2750,0,33000
IGL30Jan20410CE.NFO,07/01/2020,11:05:49,15.15,14.4,2750,14.85,2750,0,33000
IGL30Jan20410CE.NFO,07/01/2020,11:05:57,15.15,14.45,2750,15,2750,0,33000
IGL30Jan20410CE.NFO,07/01/2020,11:06:04,15.15,14.4,5500,15,2750,0,33000
IGL30Jan20410CE.NFO,07/01/2020,11:06:10,15.15,14.4,2750,15,2750,0,33000
IGL30Jan20410CE.NFO,07/01/2020,11:06:17,15.15,14.45,2750,15,2750,0,33000
IGL30Jan20410CE.NFO,07/01/2020,11:06:29,15.15,14.4,5500,15.05,2750,0,33000
IGL30Jan20410CE.NFO,07/01/2020,11:06:35,15.15,14.5,2750,15.05,2750,0,33000
IGL30Jan20410CE.NFO,07/01/2020,11:06:40,15.15,14.5,2750,15.15,2750,0,33000
IGL30Jan20410CE.NFO,07/01/2020,11:06:45,15.15,14.45,2750,15.05,2750,0,33000
IGL30Jan20410CE.NFO,07/01/2020,11:06:50,15.15,14.45,2750,15,2750,0,33000
IGL30Jan20410CE.NFO,07/01/2020,11:06:55,15.15,14.45,2750,14.95,2750,0,33000
IGL30Jan20410CE.NFO,07/01/2020,11:07:00,15.15,14.45,2750,15,2750,0,33000
IGL30Jan20410CE.NFO,07/01/2020,11:07:06,15.15,14.4,2750,14.85,2750,0,33000
IGL30Jan20410CE.NFO,07/01/2020,11:07:11,15.15,14.35,5500,14.9,2750,0,33000
IGL30Jan20410CE.NFO,07/01/2020,11:07:16,15.15,14.4,2750,14.95,2750,0,33000
IGL30Jan20410CE.NFO,07/01/2020,11:07:21,15.15,14.35,5500,14.85,2750,0,33000
IGL30Jan20410CE.NFO,07/01/2020,11:07:31,15.15,14.4,2750,14.9,2750,0,33000
IGL30Jan20410CE.NFO,07/01/2020,11:07:37,15.15,14.45,2750,14.95,2750,0,33000
IGL30Jan20410CE.NFO,07/01/2020,11:07:43,15.15,14.5,2750,15.1,2750,0,33000
IGL30Jan20410CE.NFO,07/01/2020,11:07:48,15.15,14.4,2750,14.85,2750,0,33000
IGL30Jan20410CE.NFO,07/01/2020,11:07:53,15.15,14.4,5500,15,2750,0,33000
IGL30Jan20410CE.NFO,07/01/2020,11:07:59,15.15,14.35,2750,14.95,2750,0,33000
IGL30Jan20410CE.NFO,07/01/2020,11:08:04,15.15,14.45,2750,14.8,2750,0,33000
IGL30Jan20410CE.NFO,07/01/2020,11:08:08,15.15,14.4,2750,14.8,2750,0,33000
IGL30Jan20410CE.NFO,07/01/2020,11:08:12,15.15,14.4,5500,14.85,2750,0,33000
IGL30Jan20410CE.NFO,07/01/2020,11:08:18,15.15,14.45,2750,14.95,2750,0,33000
IGL30Jan20410CE.NFO,07/01/2020,11:08:23,15.15,14.45,2750,14.9,2750,0,33000
IGL30Jan20410CE.NFO,07/01/2020,11:08:28,15.15,14.5,2750,15,2750,0,33000
IGL30Jan20410CE.NFO,07/01/2020,11:08:34,15.15,14.45,5500,15.05,2750,0,33000
IGL30Jan20410CE.NFO,07/01/2020,11:08:39,15.15,14.45,2750,15,2750,0,33000
IGL30Jan20410CE.NFO,07/01/2020,11:08:44,15.15,14.45,5500,14.85,2750,0,33000
IGL30Jan20410CE.NFO,07/01/2020,11:08:48,15.15,14.4,2750,15,2750,0,33000
IGL30Jan20410CE.NFO,07/01/2020,11:08:58,15.15,14.3,2750,14.95,2750,0,33000
IGL30Jan20410CE.NFO,07/01/2020,11:09:03,15.15,14.3,5500,14.75,2750,0,33000
IGL30Jan20410CE.NFO,07/01/2020,11:09:08,15.15,14.3,8250,14.75,2750,0,33000
IGL30Jan20410CE.NFO,07/01/2020,11:09:13,15.15,14.3,8250,14.8,2750,0,33000
IGL30Jan20410CE.NFO,07/01/2020,11:09:18,15.15,14.4,2750,14.8,2750,0,33000
IGL30Jan20410CE.NFO,07/01/2020,11:09:23,15.15,14.35,2750,14.8,5500,0,33000
IGL30Jan20410CE.NFO,07/01/2020,11:09:27,15.15,14.3,2750,14.7,2750,0,33000
IGL30Jan20410CE.NFO,07/01/2020,11:09:32,15.15,14.35,2750,14.7,2750,0,33000
IGL30Jan20410CE.NFO,07/01/2020,11:09:36,15.15,14.35,2750,14.75,2750,0,33000
IGL30Jan20410CE.NFO,07/01/2020,11:09:41,15.15,14.35,2750,14.7,2750,0,33000
IGL30Jan20410CE.NFO,07/01/2020,11:09:46,15.15,14.25,2750,14.75,2750,0,33000
IGL30Jan20410CE.NFO,07/01/2020,11:09:49,15.15,14.25,2750,14.7,2750,0,33000
IGL30Jan20410CE.NFO,07/01/2020,11:09:54,15.15,14.25,2750,14.85,2750,0,33000
IGL30Jan20410CE.NFO,07/01/2020,11:09:57,15.15,14.25,2750,14.75,2750,0,33000
IGL30Jan20410CE.NFO,07/01/2020,11:10:02,15.15,14.25,2750,14.7,2750,0,33000
IGL30Jan20410CE.NFO,07/01/2020,11:10:10,15.15,14.25,2750,14.75,2750,0,33000
IGL30Jan20410CE.NFO,07/01/2020,11:10:15,15.15,14.25,2750,14.7,2750,0,33000
IGL30Jan20410CE.NFO,07/01/2020,11:10:20,15.15,14.3,2750,14.75,2750,0,33000
IGL30Jan20410CE.NFO,07/01/2020,11:10:30,15.15,14.3,2750,14.8,2750,0,33000
IGL30Jan20410CE.NFO,07/01/2020,11:10:38,15.15,14.3,2750,14.85,2750,0,33000
IGL30Jan20410CE.NFO,07/01/2020,11:10:42,15.15,14.3,2750,14.8,2750,0,33000
IGL30Jan20410CE.NFO,07/01/2020,11:10:53,15.15,14.35,2750,14.8,2750,0,33000
IGL30Jan20410CE.NFO,07/01/2020,11:10:57,15.15,14.35,5500,14.8,2750,0,33000
IGL30Jan20410CE.NFO,07/01/2020,11:11:01,15.15,14.4,2750,14.85,2750,0,33000
IGL30Jan20410CE.NFO,07/01/2020,11:11:18,15.15,14.35,2750,14.85,2750,0,33000
IGL30Jan20410CE.NFO,07/01/2020,11:11:32,15.15,14.3,5500,14.75,2750,0,33000
IGL30Jan20410CE.NFO,07/01/2020,11:11:39,15.15,14.3,5500,14.7,2750,0,33000
IGL30Jan20410CE.NFO,07/01/2020,11:11:46,15.15,14.3,2750,14.85,2750,0,33000
IGL30Jan20410CE.NFO,07/01/2020,11:11:58,15.15,14,13750,15.1,5500,0,33000
IGL30Jan20410CE.NFO,07/01/2020,11:12:07,15.15,14.35,2750,14.7,2750,0,33000
IGL30Jan20410CE.NFO,07/01/2020,11:12:14,15.15,14.3,2750,14.85,2750,0,33000
IGL30Jan20410CE.NFO,07/01/2020,11:12:22,15.15,14.3,2750,14.75,2750,0,33000
IGL30Jan20410CE.NFO,07/01/2020,11:12:35,15.15,14.3,2750,14.85,2750,0,33000
IGL30Jan20410CE.NFO,07/01/2020,11:12:46,15.15,14.3,2750,14.8,2750,0,33000
IGL30Jan20410CE.NFO,07/01/2020,11:12:51,15.15,14.3,2750,14.85,2750,0,33000
IGL30Jan20410CE.NFO,07/01/2020,11:12:56,15.15,14.3,2750,14.8,2750,0,33000
IGL30Jan20410CE.NFO,07/01/2020,11:13:07,15.15,14.35,2750,14.85,2750,0,33000
IGL30Jan20410CE.NFO,07/01/2020,11:13:13,15.15,14.05,5500,14.6,2750,0,33000
IGL30Jan20410CE.NFO,07/01/2020,11:13:24,15.15,14.1,2750,14.6,2750,0,33000
