Ticker,Date,Time,LTP,BuyPrice,BuyQty,SellPrice,SellQty,LTQ,OpenInterest
INDIGO30Jan201280PE.NFO,07/01/2020,09:17:10,27.5,26.55,300,30.6,300,300,9000
INDIGO30Jan201280PE.NFO,07/01/2020,09:17:10,27.5,26.55,300,30.6,300,0,9000
INDIGO30Jan201280PE.NFO,07/01/2020,09:17:10,27.5,26.55,300,30.6,300,0,9000
INDIGO30Jan201280PE.NFO,07/01/2020,09:17:10,27.5,26.55,300,30.6,300,0,9000
INDIGO30Jan201280PE.NFO,07/01/2020,09:17:19,27.5,26.65,600,29.35,300,0,9000
INDIGO30Jan201280PE.NFO,07/01/2020,09:17:28,27.5,26.7,300,28.85,600,0,9000
INDIGO30Jan201280PE.NFO,07/01/2020,09:17:38,27.5,26.65,300,28.85,300,0,9000
INDIGO30Jan201280PE.NFO,07/01/2020,09:17:47,27.5,27.25,300,28.85,600,0,9000
INDIGO30Jan201280PE.NFO,07/01/2020,09:17:57,27.5,27.5,300,28.85,300,0,9000
INDIGO30Jan201280PE.NFO,07/01/2020,09:18:06,27.5,25.9,600,28.4,600,0,9000
INDIGO30Jan201280PE.NFO,07/01/2020,09:18:14,27.5,26.4,300,28.4,600,0,9000
INDIGO30Jan201280PE.NFO,07/01/2020,09:18:22,27.5,25.75,300,27.65,300,0,9000
INDIGO30Jan201280PE.NFO,07/01/2020,09:18:29,27.5,25.95,300,27.4,300,0,9000
INDIGO30Jan201280PE.NFO,07/01/2020,09:18:36,27.5,26.3,300,27.4,300,0,9000
INDIGO30Jan201280PE.NFO,07/01/2020,09:18:44,27.5,26.25,600,27.4,300,0,9000
INDIGO30Jan201280PE.NFO,07/01/2020,09:19:06,27.5,26.25,600,27.3,900,0,9000
INDIGO30Jan201280PE.NFO,07/01/2020,09:19:12,27.5,26.25,300,27.3,900,0,9000
INDIGO30Jan201280PE.NFO,07/01/2020,09:19:27,27.5,26.35,300,27.3,600,0,9000
INDIGO30Jan201280PE.NFO,07/01/2020,09:19:41,27.5,26.55,1200,27.65,300,0,9000
INDIGO30Jan201280PE.NFO,07/01/2020,09:19:48,27.5,26.9,600,28.3,300,0,9000
INDIGO30Jan201280PE.NFO,07/01/2020,09:19:55,27.5,26.9,600,28.3,600,0,9000
INDIGO30Jan201280PE.NFO,07/01/2020,09:20:07,27.5,26.9,600,28.3,300,0,9000
INDIGO30Jan201280PE.NFO,07/01/2020,09:20:13,27.5,27.8,600,28.95,600,0,9000
INDIGO30Jan201280PE.NFO,07/01/2020,09:20:20,27.5,27.65,300,28.75,600,0,9000
INDIGO30Jan201280PE.NFO,07/01/2020,09:20:39,27.5,27.65,300,28.7,300,0,9000
INDIGO30Jan201280PE.NFO,07/01/2020,09:20:51,27.5,27.65,300,28.7,600,0,9000
INDIGO30Jan201280PE.NFO,07/01/2020,09:20:58,27.5,27.65,300,28.7,300,0,9000
INDIGO30Jan201280PE.NFO,07/01/2020,09:21:05,27.5,27.6,900,28.65,900,0,9000
INDIGO30Jan201280PE.NFO,07/01/2020,09:21:12,27.5,27.3,300,28.25,900,0,9000
INDIGO30Jan201280PE.NFO,07/01/2020,09:21:20,27.5,26.75,600,27.75,300,0,9000
INDIGO30Jan201280PE.NFO,07/01/2020,09:21:27,27.5,26.55,300,27.55,600,0,9000
INDIGO30Jan201280PE.NFO,07/01/2020,09:21:34,27.55,26.65,900,27.55,300,300,9000
INDIGO30Jan201280PE.NFO,07/01/2020,09:21:34,27.55,26.65,900,27.55,300,0,9000
INDIGO30Jan201280PE.NFO,07/01/2020,09:21:40,27.55,26.65,600,27.55,300,0,9000
INDIGO30Jan201280PE.NFO,07/01/2020,09:21:53,27.55,26.65,600,27.55,600,0,9000
INDIGO30Jan201280PE.NFO,07/01/2020,09:22:00,27.55,26.3,600,27.3,900,0,9000
INDIGO30Jan201280PE.NFO,07/01/2020,09:22:06,27.55,26.3,600,27.2,1200,0,9000
INDIGO30Jan201280PE.NFO,07/01/2020,09:22:20,27.55,26.3,600,27.15,1500,0,9000
INDIGO30Jan201280PE.NFO,07/01/2020,09:22:27,27.55,26.3,600,27.15,900,0,9000
INDIGO30Jan201280PE.NFO,07/01/2020,09:22:34,27.55,26.8,1200,27.9,900,0,9000
INDIGO30Jan201280PE.NFO,07/01/2020,09:22:47,27.55,27,900,27.85,300,0,9000
INDIGO30Jan201280PE.NFO,07/01/2020,09:22:59,27.55,27,900,27.8,300,0,9000
INDIGO30Jan201280PE.NFO,07/01/2020,09:23:05,27.55,27,900,27.85,300,0,9000
INDIGO30Jan201280PE.NFO,07/01/2020,09:23:11,27.55,27,900,27.75,300,0,9000
INDIGO30Jan201280PE.NFO,07/01/2020,09:23:35,27.55,26.8,1200,27.65,1200,0,9000
INDIGO30Jan201280PE.NFO,07/01/2020,09:23:41,27.55,27.1,900,28,300,0,9000
INDIGO30Jan201280PE.NFO,07/01/2020,09:23:48,27.55,27.1,900,27.95,300,0,9000
INDIGO30Jan201280PE.NFO,07/01/2020,09:23:53,27.55,27.1,900,28,300,0,9000
INDIGO30Jan201280PE.NFO,07/01/2020,09:23:59,27.55,27.05,900,27.85,900,0,9000
INDIGO30Jan201280PE.NFO,07/01/2020,09:24:23,27.55,27.1,900,27.85,900,0,9000
INDIGO30Jan201280PE.NFO,07/01/2020,09:24:28,27.55,27.5,900,28.4,300,0,9000
INDIGO30Jan201280PE.NFO,07/01/2020,09:24:34,27.55,27.6,1500,28.5,300,0,9000
INDIGO30Jan201280PE.NFO,07/01/2020,09:24:40,27.55,27.6,1200,28.5,300,0,9000
INDIGO30Jan201280PE.NFO,07/01/2020,09:24:50,27.55,27.65,300,28.5,300,0,9000
INDIGO30Jan201280PE.NFO,07/01/2020,09:24:56,27.55,27.6,900,28.5,600,0,9000
INDIGO30Jan201280PE.NFO,07/01/2020,09:25:02,27.55,27.6,900,28.5,300,0,9000
INDIGO30Jan201280PE.NFO,07/01/2020,09:25:08,27.55,27.6,900,28.4,600,0,9000
INDIGO30Jan201280PE.NFO,07/01/2020,09:25:15,27.55,27.85,1200,28.75,300,0,9000
INDIGO30Jan201280PE.NFO,07/01/2020,09:25:21,27.55,27.85,900,28.75,300,0,9000
INDIGO30Jan201280PE.NFO,07/01/2020,09:25:27,27.55,27.85,900,28.65,300,0,9000
INDIGO30Jan201280PE.NFO,07/01/2020,09:25:33,27.55,27.5,300,28.2,900,0,9000
INDIGO30Jan201280PE.NFO,07/01/2020,09:25:40,27.55,27.55,300,28.2,900,0,9000
INDIGO30Jan201280PE.NFO,07/01/2020,09:25:59,27.55,27.85,1200,28.7,900,0,9000
INDIGO30Jan201280PE.NFO,07/01/2020,09:26:07,27.55,27.85,1500,28.7,900,0,9000
INDIGO30Jan201280PE.NFO,07/01/2020,09:26:14,27.55,27.25,300,28.05,1200,0,9000
INDIGO30Jan201280PE.NFO,07/01/2020,09:26:20,27.55,27.45,300,28.2,1200,0,9000
INDIGO30Jan201280PE.NFO,07/01/2020,09:26:26,27.55,27.25,600,28.15,1200,0,9000
INDIGO30Jan201280PE.NFO,07/01/2020,09:26:31,27.55,26.85,300,27.7,1200,0,9000
INDIGO30Jan201280PE.NFO,07/01/2020,09:26:38,27.55,27.05,300,27.85,1200,0,9000
INDIGO30Jan201280PE.NFO,07/01/2020,09:26:43,27.55,27.15,1500,28.15,1200,0,9000
INDIGO30Jan201280PE.NFO,07/01/2020,09:26:49,27.55,27.05,300,27.9,1500,0,9000
INDIGO30Jan201280PE.NFO,07/01/2020,09:26:54,27.55,26.75,1800,27.65,1500,0,9000
INDIGO30Jan201280PE.NFO,07/01/2020,09:27:00,27.55,26.85,600,28.1,300,0,9000
INDIGO30Jan201280PE.NFO,07/01/2020,09:27:06,27.55,27.1,1200,28.1,1500,0,9000
INDIGO30Jan201280PE.NFO,07/01/2020,09:27:17,27.55,27,1200,28.1,1500,0,9000
INDIGO30Jan201280PE.NFO,07/01/2020,09:27:23,27.55,26.7,900,28.1,1500,0,9000
INDIGO30Jan201280PE.NFO,07/01/2020,09:27:28,27.55,26.75,300,28.1,1500,0,9000
INDIGO30Jan201280PE.NFO,07/01/2020,09:27:34,27.55,26.7,900,28.1,1500,0,9000
INDIGO30Jan201280PE.NFO,07/01/2020,09:27:40,27.55,26.55,300,28.1,1500,0,9000
INDIGO30Jan201280PE.NFO,07/01/2020,09:27:46,27.55,26.65,1500,28.1,1500,0,9000
INDIGO30Jan201280PE.NFO,07/01/2020,09:27:52,27.55,26.65,1200,28.1,1500,0,9000
INDIGO30Jan201280PE.NFO,07/01/2020,09:28:07,27.55,26.7,300,28.1,1500,0,9000
INDIGO30Jan201280PE.NFO,07/01/2020,09:28:24,27.55,26.75,300,28.1,1500,0,9000
INDIGO30Jan201280PE.NFO,07/01/2020,09:28:30,27.55,27,1200,27.85,1500,0,9000
INDIGO30Jan201280PE.NFO,07/01/2020,09:28:45,27.55,27.3,300,28.25,1200,0,9000
INDIGO30Jan201280PE.NFO,07/01/2020,09:28:51,27.55,27.05,300,27.95,1200,0,9000
INDIGO30Jan201280PE.NFO,07/01/2020,09:28:57,27.55,26.85,300,27.75,1200,0,9000
INDIGO30Jan201280PE.NFO,07/01/2020,09:29:19,27.55,26.8,300,27.75,1200,0,9000
INDIGO30Jan201280PE.NFO,07/01/2020,09:29:24,27.55,26.7,300,27.75,1200,0,9000
INDIGO30Jan201280PE.NFO,07/01/2020,09:29:30,27.55,27,1200,27.75,1200,0,9000
INDIGO30Jan201280PE.NFO,07/01/2020,09:29:46,27.55,27.05,1200,27.85,1200,0,9000
INDIGO30Jan201280PE.NFO,07/01/2020,09:29:51,27.55,27.2,300,28.15,1200,0,9000
INDIGO30Jan201280PE.NFO,07/01/2020,09:29:59,27.55,27.3,300,28.15,1200,0,9000
INDIGO30Jan201280PE.NFO,07/01/2020,09:30:03,27.55,27.15,1200,28.05,1200,0,9000
INDIGO30Jan201280PE.NFO,07/01/2020,09:30:09,27.55,26.95,600,28.05,1200,0,9000
INDIGO30Jan201280PE.NFO,07/01/2020,09:30:14,27.55,26.95,600,27.95,1200,0,9000
INDIGO30Jan201280PE.NFO,07/01/2020,09:30:49,27.55,27.05,1200,27.75,1200,0,9000
INDIGO30Jan201280PE.NFO,07/01/2020,09:30:54,27.55,27.1,1200,27.75,1200,0,9000
INDIGO30Jan201280PE.NFO,07/01/2020,09:30:59,27.55,27.05,1500,27.95,1200,0,9000
INDIGO30Jan201280PE.NFO,07/01/2020,09:31:04,27.55,26.85,300,27.65,1200,0,9000
INDIGO30Jan201280PE.NFO,07/01/2020,09:31:10,27.55,26.8,1200,27.55,1200,0,9000
INDIGO30Jan201280PE.NFO,07/01/2020,09:31:17,27.55,26.7,300,27.45,1200,0,9000
INDIGO30Jan201280PE.NFO,07/01/2020,09:31:28,27.55,27,1500,27.75,1200,0,9000
INDIGO30Jan201280PE.NFO,07/01/2020,09:31:39,27.55,27,1200,27.75,1200,0,9000
INDIGO30Jan201280PE.NFO,07/01/2020,09:31:50,27.55,26.95,300,27.65,1200,0,9000
INDIGO30Jan201280PE.NFO,07/01/2020,09:32:01,27.55,26.9,1200,27.65,1200,0,9000
INDIGO30Jan201280PE.NFO,07/01/2020,09:32:12,27.55,26.85,300,27.6,1200,0,9000
INDIGO30Jan201280PE.NFO,07/01/2020,09:32:18,27.55,26.4,1500,27.2,1200,0,9000
INDIGO30Jan201280PE.NFO,07/01/2020,09:32:24,27.55,26.1,300,27.15,600,0,9000
INDIGO30Jan201280PE.NFO,07/01/2020,09:32:30,27.55,26.55,300,27.2,1200,0,9000
INDIGO30Jan201280PE.NFO,07/01/2020,09:32:36,27.55,26.5,1200,27.2,1200,0,9000
INDIGO30Jan201280PE.NFO,07/01/2020,09:32:41,27.55,26.55,300,27.2,1200,0,9000
INDIGO30Jan201280PE.NFO,07/01/2020,09:32:47,27.55,26.75,300,27.5,1200,0,9000
INDIGO30Jan201280PE.NFO,07/01/2020,09:32:53,27.55,26.75,1200,27.45,300,0,9000
INDIGO30Jan201280PE.NFO,07/01/2020,09:33:05,27.55,26.8,1200,27.45,300,0,9000
INDIGO30Jan201280PE.NFO,07/01/2020,09:33:16,27.55,26.85,300,27.5,1200,0,9000
INDIGO30Jan201280PE.NFO,07/01/2020,09:33:27,27.55,26.8,1200,27.45,300,0,9000
INDIGO30Jan201280PE.NFO,07/01/2020,09:33:36,27.55,27.05,1200,27.7,1200,0,9000
INDIGO30Jan201280PE.NFO,07/01/2020,09:33:42,27.55,27.1,300,27.7,1200,0,9000
INDIGO30Jan201280PE.NFO,07/01/2020,09:33:51,27.55,26.95,300,27.65,1200,0,9000
INDIGO30Jan201280PE.NFO,07/01/2020,09:33:56,27.55,27.05,300,27.65,1200,0,9000
INDIGO30Jan201280PE.NFO,07/01/2020,09:34:05,27.55,26.95,300,27.65,1200,0,9000
INDIGO30Jan201280PE.NFO,07/01/2020,09:34:21,27.55,27,900,27.65,1200,0,9000
INDIGO30Jan201280PE.NFO,07/01/2020,09:34:26,27.55,27.05,300,27.65,1200,0,9000
INDIGO30Jan201280PE.NFO,07/01/2020,09:34:44,27.55,26.75,1800,27.65,1200,0,9000
INDIGO30Jan201280PE.NFO,07/01/2020,09:34:55,27.55,26.8,300,27.55,1500,0,9000
INDIGO30Jan201280PE.NFO,07/01/2020,09:35:00,27.55,26.65,300,27.45,1500,0,9000
INDIGO30Jan201280PE.NFO,07/01/2020,09:35:06,27.55,26.7,300,27.45,1500,0,9000
INDIGO30Jan201280PE.NFO,07/01/2020,09:35:11,27.55,26.45,600,27.35,1500,0,9000
INDIGO30Jan201280PE.NFO,07/01/2020,09:35:47,27.55,26.45,900,27.35,1500,0,9000
INDIGO30Jan201280PE.NFO,07/01/2020,09:36:05,27.55,26.45,600,27.35,1500,0,9000
INDIGO30Jan201280PE.NFO,07/01/2020,09:36:10,27.55,26.5,300,27.15,1500,0,9000
INDIGO30Jan201280PE.NFO,07/01/2020,09:36:16,27.55,26.5,300,27.05,1200,0,9000
INDIGO30Jan201280PE.NFO,07/01/2020,09:36:22,27.55,26.55,300,27.15,1500,0,9000
INDIGO30Jan201280PE.NFO,07/01/2020,09:36:28,27.55,26.6,300,27.15,1500,0,9000
INDIGO30Jan201280PE.NFO,07/01/2020,09:36:41,27.55,26.5,300,27.15,1500,0,9000
INDIGO30Jan201280PE.NFO,07/01/2020,09:37:04,27.15,26.55,900,27.35,1500,300,9000
INDIGO30Jan201280PE.NFO,07/01/2020,09:37:04,27.15,26.55,900,27.35,1500,0,9000
INDIGO30Jan201280PE.NFO,07/01/2020,09:37:09,27.15,26.95,1200,27.7,1200,0,9000
INDIGO30Jan201280PE.NFO,07/01/2020,09:37:27,27.15,27.25,900,27.95,1500,0,9000
INDIGO30Jan201280PE.NFO,07/01/2020,09:37:37,27.15,27,600,27.95,1500,0,9000
INDIGO30Jan201280PE.NFO,07/01/2020,09:37:48,27.15,27,300,27.85,1800,0,9000
INDIGO30Jan201280PE.NFO,07/01/2020,09:37:57,27.15,27.1,300,27.85,1500,0,9000
INDIGO30Jan201280PE.NFO,07/01/2020,09:38:06,27.15,27,1200,27.85,1500,0,9000
INDIGO30Jan201280PE.NFO,07/01/2020,09:38:15,27.15,27.05,300,27.85,1500,0,9000
INDIGO30Jan201280PE.NFO,07/01/2020,09:38:23,27.15,27,300,27.75,1500,0,9000
INDIGO30Jan201280PE.NFO,07/01/2020,09:38:36,27.15,27.1,300,27.75,1500,0,9000
INDIGO30Jan201280PE.NFO,07/01/2020,09:38:40,27.15,27.05,900,27.75,1500,0,9000
INDIGO30Jan201280PE.NFO,07/01/2020,09:38:45,27.15,27.1,300,27.75,1500,0,9000
INDIGO30Jan201280PE.NFO,07/01/2020,09:38:49,27.15,27.15,900,27.75,1500,0,9000
INDIGO30Jan201280PE.NFO,07/01/2020,09:39:15,27.15,27.1,300,27.7,900,0,9000
INDIGO30Jan201280PE.NFO,07/01/2020,09:39:58,27.15,27.2,900,27.8,1200,0,9000
INDIGO30Jan201280PE.NFO,07/01/2020,09:40:08,27.15,27.2,900,27.75,300,0,9000
INDIGO30Jan201280PE.NFO,07/01/2020,09:40:13,27.15,27,900,27.7,1200,0,9000
INDIGO30Jan201280PE.NFO,07/01/2020,09:40:18,27.15,27.2,900,27.8,1200,0,9000
INDIGO30Jan201280PE.NFO,07/01/2020,09:40:23,27.15,27.15,900,27.8,1200,0,9000
INDIGO30Jan201280PE.NFO,07/01/2020,09:40:47,27.15,27.3,1200,27.9,900,0,9000
INDIGO30Jan201280PE.NFO,07/01/2020,09:40:52,27.15,27.5,900,28.1,900,0,9000
INDIGO30Jan201280PE.NFO,07/01/2020,09:41:01,27.15,27.7,900,28.3,900,0,9000
INDIGO30Jan201280PE.NFO,07/01/2020,09:41:07,27.15,27.5,600,28.2,300,0,9000
INDIGO30Jan201280PE.NFO,07/01/2020,09:41:13,27.15,27.55,900,28.2,1200,0,9000
INDIGO30Jan201280PE.NFO,07/01/2020,09:41:17,27.15,27.5,600,28.2,1200,0,9000
INDIGO30Jan201280PE.NFO,07/01/2020,09:41:26,27.15,27.3,900,28.2,1200,0,9000
INDIGO30Jan201280PE.NFO,07/01/2020,09:41:41,27.15,27.05,1200,28.2,1200,0,9000
INDIGO30Jan201280PE.NFO,07/01/2020,09:41:51,27.15,27.05,1200,28,1500,0,9000
INDIGO30Jan201280PE.NFO,07/01/2020,09:42:03,27.15,26.8,1200,28,1500,0,9000
INDIGO30Jan201280PE.NFO,07/01/2020,09:42:10,27.15,26.9,1200,28,1500,0,9000
INDIGO30Jan201280PE.NFO,07/01/2020,09:42:16,27.15,27,1200,28,1500,0,9000
INDIGO30Jan201280PE.NFO,07/01/2020,09:42:37,27.15,26.9,1200,28,1500,0,9000
INDIGO30Jan201280PE.NFO,07/01/2020,09:42:50,27.15,26.9,1200,27.9,1500,0,9000
INDIGO30Jan201280PE.NFO,07/01/2020,09:43:02,27.15,27,1200,27.8,1200,0,9000
INDIGO30Jan201280PE.NFO,07/01/2020,09:43:08,27.15,27.1,1200,27.8,1200,0,9000
INDIGO30Jan201280PE.NFO,07/01/2020,09:43:38,27.15,27.1,1200,27.75,300,0,9000
INDIGO30Jan201280PE.NFO,07/01/2020,09:44:01,27.15,27.2,1200,28,300,0,9000
INDIGO30Jan201280PE.NFO,07/01/2020,09:44:54,27.15,26.8,1200,27.65,1200,0,9000
INDIGO30Jan201280PE.NFO,07/01/2020,09:45:04,27.15,26.65,900,27.35,900,0,9000
INDIGO30Jan201280PE.NFO,07/01/2020,09:45:11,27.15,26.55,1200,27.15,900,0,9000
INDIGO30Jan201280PE.NFO,07/01/2020,09:46:29,27.15,26.65,900,27.25,900,0,9000
INDIGO30Jan201280PE.NFO,07/01/2020,09:47:02,27.15,26.85,1200,27.65,900,0,9000
INDIGO30Jan201280PE.NFO,07/01/2020,09:47:29,27.15,26.75,900,27.65,900,0,9000
INDIGO30Jan201280PE.NFO,07/01/2020,09:47:50,27.15,26.2,600,27.65,300,0,9000
INDIGO30Jan201280PE.NFO,07/01/2020,09:48:52,27.15,25.75,300,27.65,300,0,9000
INDIGO30Jan201280PE.NFO,07/01/2020,09:48:55,27.15,25.8,600,27.65,300,0,9000
INDIGO30Jan201280PE.NFO,07/01/2020,09:53:24,27.15,25.8,900,28.55,600,0,9000
INDIGO30Jan201280PE.NFO,07/01/2020,09:53:29,27.15,26.05,300,28.55,300,0,9000
INDIGO30Jan201280PE.NFO,07/01/2020,09:53:34,27.15,25.85,600,28.55,300,0,9000
INDIGO30Jan201280PE.NFO,07/01/2020,09:55:12,27.15,25.75,300,28.55,300,0,9000
INDIGO30Jan201280PE.NFO,07/01/2020,09:55:17,27.15,25.8,300,28.55,300,0,9000
INDIGO30Jan201280PE.NFO,07/01/2020,09:55:31,27.15,25.9,300,28.55,300,0,9000
INDIGO30Jan201280PE.NFO,07/01/2020,09:55:36,27.15,26.05,300,28.55,300,0,9000
INDIGO30Jan201280PE.NFO,07/01/2020,09:55:45,27.15,26,300,28.55,300,0,9000
INDIGO30Jan201280PE.NFO,07/01/2020,09:56:04,27.15,26.05,300,28.55,300,0,9000
INDIGO30Jan201280PE.NFO,07/01/2020,09:56:25,27.15,26.15,300,28.55,300,0,9000
INDIGO30Jan201280PE.NFO,07/01/2020,09:56:36,27.15,25.95,300,28.55,300,0,9000
INDIGO30Jan201280PE.NFO,07/01/2020,09:57:29,27.15,26.05,300,28.55,300,0,9000
INDIGO30Jan201280PE.NFO,07/01/2020,09:57:44,27.15,26.35,300,28.55,300,0,9000
INDIGO30Jan201280PE.NFO,07/01/2020,09:57:48,27.15,26.2,300,28.55,300,0,9000
INDIGO30Jan201280PE.NFO,07/01/2020,09:58:03,27.15,26.35,300,28.55,300,0,9000
INDIGO30Jan201280PE.NFO,07/01/2020,09:58:12,27.15,26.4,300,28.55,300,0,9000
INDIGO30Jan201280PE.NFO,07/01/2020,09:58:16,27.15,26.5,300,28.55,300,0,9000
INDIGO30Jan201280PE.NFO,07/01/2020,09:58:42,27.15,26.5,600,28.55,300,0,9000
INDIGO30Jan201280PE.NFO,07/01/2020,09:59:00,27.15,26.55,300,28.55,300,0,9000
INDIGO30Jan201280PE.NFO,07/01/2020,09:59:06,27.15,26.6,600,28.55,300,0,9000
INDIGO30Jan201280PE.NFO,07/01/2020,09:59:11,27.15,26.6,300,28.55,300,0,9000
INDIGO30Jan201280PE.NFO,07/01/2020,09:59:17,27.15,26.55,300,28.55,300,0,9000
INDIGO30Jan201280PE.NFO,07/01/2020,09:59:22,27.15,26.6,300,28.55,300,0,9000
INDIGO30Jan201280PE.NFO,07/01/2020,09:59:33,27.15,26.65,600,28.55,300,0,9000
INDIGO30Jan201280PE.NFO,07/01/2020,09:59:44,27.15,26.65,300,28.55,300,0,9000
INDIGO30Jan201280PE.NFO,07/01/2020,10:00:00,27.15,26.75,300,28.55,300,0,9000
INDIGO30Jan201280PE.NFO,07/01/2020,10:00:16,27.15,26.85,600,28.55,300,0,9000
INDIGO30Jan201280PE.NFO,07/01/2020,10:00:28,27.15,26.95,300,28.55,300,0,9000
INDIGO30Jan201280PE.NFO,07/01/2020,10:00:38,27.15,26.85,300,28.55,300,0,9000
INDIGO30Jan201280PE.NFO,07/01/2020,10:00:44,27.15,26.9,300,28.55,300,0,9000
INDIGO30Jan201280PE.NFO,07/01/2020,10:00:52,27.15,26.95,300,28.55,300,0,9000
INDIGO30Jan201280PE.NFO,07/01/2020,10:00:58,27.15,26.95,300,28.5,300,0,9000
INDIGO30Jan201280PE.NFO,07/01/2020,10:01:04,27.15,27,300,28.8,300,0,9000
INDIGO30Jan201280PE.NFO,07/01/2020,10:01:10,27.15,26.95,300,28.7,300,0,9000
INDIGO30Jan201280PE.NFO,07/01/2020,10:01:16,27.15,27.25,300,29.05,300,0,9000
INDIGO30Jan201280PE.NFO,07/01/2020,10:01:23,27.15,27.45,300,29.05,300,0,9000
INDIGO30Jan201280PE.NFO,07/01/2020,10:01:58,27.15,27.65,300,30.3,300,0,9000
INDIGO30Jan201280PE.NFO,07/01/2020,10:02:03,27.15,27.8,300,30.3,300,0,9000
INDIGO30Jan201280PE.NFO,07/01/2020,10:02:08,27.15,27.85,300,30.3,300,0,9000
INDIGO30Jan201280PE.NFO,07/01/2020,10:02:14,27.15,27.6,300,30.3,300,0,9000
INDIGO30Jan201280PE.NFO,07/01/2020,10:02:24,27.15,27.6,300,30.1,300,0,9000
INDIGO30Jan201280PE.NFO,07/01/2020,10:02:42,27.15,27.7,300,30.1,300,0,9000
INDIGO30Jan201280PE.NFO,07/01/2020,10:02:47,27.15,27.75,300,30,300,0,9000
INDIGO30Jan201280PE.NFO,07/01/2020,10:03:02,27.15,27.9,300,30,300,0,9000
INDIGO30Jan201280PE.NFO,07/01/2020,10:03:07,27.15,27.95,300,30,300,0,9000
INDIGO30Jan201280PE.NFO,07/01/2020,10:03:11,27.15,28.05,300,30,300,0,9000
INDIGO30Jan201280PE.NFO,07/01/2020,10:03:16,27.15,28.15,300,30,300,0,9000
INDIGO30Jan201280PE.NFO,07/01/2020,10:03:21,27.15,28.1,600,30,300,0,9000
INDIGO30Jan201280PE.NFO,07/01/2020,10:03:26,27.15,28.3,300,30,300,0,9000
INDIGO30Jan201280PE.NFO,07/01/2020,10:03:31,27.15,28.4,300,30,300,0,9000
INDIGO30Jan201280PE.NFO,07/01/2020,10:03:58,27.15,28.5,300,30,300,0,9000
INDIGO30Jan201280PE.NFO,07/01/2020,10:04:29,27.15,28.2,600,30,300,0,9000
INDIGO30Jan201280PE.NFO,07/01/2020,10:04:38,27.15,28.2,300,30,300,0,9000
INDIGO30Jan201280PE.NFO,07/01/2020,10:04:52,27.15,28.3,300,30,300,0,9000
INDIGO30Jan201280PE.NFO,07/01/2020,10:05:01,27.15,28.4,300,30,300,0,9000
INDIGO30Jan201280PE.NFO,07/01/2020,10:05:23,27.15,28.3,300,30,300,0,9000
INDIGO30Jan201280PE.NFO,07/01/2020,10:05:57,27.15,28.4,300,30,300,0,9000
INDIGO30Jan201280PE.NFO,07/01/2020,10:07:02,27.15,28.6,300,30,300,0,9000
INDIGO30Jan201280PE.NFO,07/01/2020,10:07:14,27.15,28.5,300,30,300,0,9000
INDIGO30Jan201280PE.NFO,07/01/2020,10:07:46,27.15,28.4,300,30,300,0,9000
INDIGO30Jan201280PE.NFO,07/01/2020,10:08:24,27.15,28.45,300,30,300,0,9000
INDIGO30Jan201280PE.NFO,07/01/2020,10:08:56,27.15,28.35,300,30,300,0,9000
INDIGO30Jan201280PE.NFO,07/01/2020,10:09:00,27.15,28.4,300,30,300,0,9000
INDIGO30Jan201280PE.NFO,07/01/2020,10:09:26,27.15,28.3,300,30,300,0,9000
INDIGO30Jan201280PE.NFO,07/01/2020,10:09:31,27.15,28.35,300,30,300,0,9000
INDIGO30Jan201280PE.NFO,07/01/2020,10:10:55,27.15,28.2,300,30,300,0,9000
INDIGO30Jan201280PE.NFO,07/01/2020,10:11:04,27.15,28.3,300,30,300,0,9000
INDIGO30Jan201280PE.NFO,07/01/2020,10:11:13,27.15,28.35,600,30,300,0,9000
INDIGO30Jan201280PE.NFO,07/01/2020,10:11:18,27.15,28.35,300,30,300,0,9000
INDIGO30Jan201280PE.NFO,07/01/2020,10:11:29,27.15,28.25,300,30,300,0,9000
INDIGO30Jan201280PE.NFO,07/01/2020,10:11:44,27.15,28.35,300,30,300,0,9000
INDIGO30Jan201280PE.NFO,07/01/2020,10:12:17,27.15,28.3,300,30,300,0,9000
INDIGO30Jan201280PE.NFO,07/01/2020,10:12:22,27.15,28.2,600,30,300,0,9000
INDIGO30Jan201280PE.NFO,07/01/2020,10:12:26,27.15,28.2,900,30,300,0,9000
INDIGO30Jan201280PE.NFO,07/01/2020,10:14:46,27.15,28.35,300,30,300,0,9000
INDIGO30Jan201280PE.NFO,07/01/2020,10:15:01,27.15,28.15,300,29.9,300,0,9000
INDIGO30Jan201280PE.NFO,07/01/2020,10:15:22,27.15,28.15,300,29.9,600,0,9000
INDIGO30Jan201280PE.NFO,07/01/2020,10:15:26,27.15,28.1,300,29.9,600,0,9000
INDIGO30Jan201280PE.NFO,07/01/2020,10:15:31,27.15,28.1,300,29.9,300,0,9000
INDIGO30Jan201280PE.NFO,07/01/2020,10:16:07,27.15,27.95,300,29.55,300,0,9000
INDIGO30Jan201280PE.NFO,07/01/2020,10:16:12,27.15,27.7,600,29.55,300,0,9000
INDIGO30Jan201280PE.NFO,07/01/2020,10:16:16,27.15,27.75,300,29.55,300,0,9000
INDIGO30Jan201280PE.NFO,07/01/2020,10:16:29,27.15,27.65,300,29.55,300,0,9000
INDIGO30Jan201280PE.NFO,07/01/2020,10:16:34,27.15,27.65,300,29.45,300,0,9000
INDIGO30Jan201280PE.NFO,07/01/2020,10:16:40,27.15,27.35,600,29.25,300,0,9000
INDIGO30Jan201280PE.NFO,07/01/2020,10:17:47,27.15,27.35,600,29.15,300,0,9000
INDIGO30Jan201280PE.NFO,07/01/2020,10:19:28,27.15,27.45,300,29.15,300,0,9000
INDIGO30Jan201280PE.NFO,07/01/2020,10:19:32,27.15,27.4,300,29.15,300,0,9000
INDIGO30Jan201280PE.NFO,07/01/2020,10:19:38,27.15,27.5,300,29.15,300,0,9000
INDIGO30Jan201280PE.NFO,07/01/2020,10:20:32,27.15,27.45,300,29.15,300,0,9000
INDIGO30Jan201280PE.NFO,07/01/2020,10:21:28,27.15,27.4,300,29.15,300,0,9000
INDIGO30Jan201280PE.NFO,07/01/2020,10:21:51,27.15,27.35,300,29.15,300,0,9000
INDIGO30Jan201280PE.NFO,07/01/2020,10:21:55,27.15,27.45,300,29.15,300,0,9000
INDIGO30Jan201280PE.NFO,07/01/2020,10:22:34,27.15,27.65,300,29.15,300,0,9000
INDIGO30Jan201280PE.NFO,07/01/2020,10:22:37,27.15,27.55,300,29.15,300,0,9000
INDIGO30Jan201280PE.NFO,07/01/2020,10:22:45,27.15,27.55,300,29.35,300,0,9000
INDIGO30Jan201280PE.NFO,07/01/2020,10:23:00,27.15,27.8,300,29.3,300,0,9000
INDIGO30Jan201280PE.NFO,07/01/2020,10:23:10,27.15,27.7,300,29.25,300,0,9000
INDIGO30Jan201280PE.NFO,07/01/2020,10:23:14,27.15,27.55,300,29.25,300,0,9000
INDIGO30Jan201280PE.NFO,07/01/2020,10:23:19,27.15,27.5,600,29.25,300,0,9000
INDIGO30Jan201280PE.NFO,07/01/2020,10:23:22,27.15,27.6,300,29.25,300,0,9000
INDIGO30Jan201280PE.NFO,07/01/2020,10:23:26,27.15,27.5,600,29.25,300,0,9000
INDIGO30Jan201280PE.NFO,07/01/2020,10:25:41,27.15,27.5,600,29.6,300,0,9000
INDIGO30Jan201280PE.NFO,07/01/2020,10:27:13,27.15,27.5,900,29.6,300,0,9000
INDIGO30Jan201280PE.NFO,07/01/2020,10:27:31,27.15,27.8,900,29.6,300,0,9000
INDIGO30Jan201280PE.NFO,07/01/2020,10:30:38,27.15,27.8,900,30.1,300,0,9000
INDIGO30Jan201280PE.NFO,07/01/2020,10:31:17,27.15,27.8,900,29.9,600,0,9000
INDIGO30Jan201280PE.NFO,07/01/2020,10:32:04,27.15,27.8,900,29.9,300,0,9000
INDIGO30Jan201280PE.NFO,07/01/2020,10:37:53,27.15,27.8,900,29.8,300,0,9000
INDIGO30Jan201280PE.NFO,07/01/2020,10:46:35,27.15,26.85,600,29.7,300,0,9000
INDIGO30Jan201280PE.NFO,07/01/2020,10:46:44,27.15,26.85,600,29.3,300,0,9000
INDIGO30Jan201280PE.NFO,07/01/2020,10:48:54,27.15,26.95,600,29.5,300,0,9000
INDIGO30Jan201280PE.NFO,07/01/2020,10:48:58,27.15,27.25,600,29.5,300,0,9000
INDIGO30Jan201280PE.NFO,07/01/2020,10:52:48,27.15,27.55,600,29.5,300,0,9000
INDIGO30Jan201280PE.NFO,07/01/2020,10:52:55,27.15,27.55,600,29.7,300,0,9000
INDIGO30Jan201280PE.NFO,07/01/2020,10:53:01,27.15,27.85,300,29.7,300,0,9000
INDIGO30Jan201280PE.NFO,07/01/2020,10:53:07,27.15,27.95,300,29.7,300,0,9000
INDIGO30Jan201280PE.NFO,07/01/2020,10:53:12,27.15,27.55,600,29.7,300,0,9000
INDIGO30Jan201280PE.NFO,07/01/2020,10:53:18,27.15,27.85,600,29.7,300,0,9000
INDIGO30Jan201280PE.NFO,07/01/2020,10:53:33,27.15,26.95,600,29.7,300,0,9000
INDIGO30Jan201280PE.NFO,07/01/2020,10:53:38,27.15,27.55,600,29.7,300,0,9000
INDIGO30Jan201280PE.NFO,07/01/2020,10:56:12,27.15,27.55,600,30.5,300,0,9000
INDIGO30Jan201280PE.NFO,07/01/2020,10:56:17,27.15,27.85,600,30.5,300,0,9000
INDIGO30Jan201280PE.NFO,07/01/2020,10:56:34,27.15,28.75,300,30.4,300,0,9000
INDIGO30Jan201280PE.NFO,07/01/2020,10:56:39,27.15,29.1,300,31.25,300,0,9000
INDIGO30Jan201280PE.NFO,07/01/2020,10:56:43,27.15,28.75,600,31.25,300,0,9000
INDIGO30Jan201280PE.NFO,07/01/2020,10:57:04,27.15,28.75,300,31.25,300,0,9000
INDIGO30Jan201280PE.NFO,07/01/2020,10:57:08,27.15,28.85,300,31.25,300,0,9000
INDIGO30Jan201280PE.NFO,07/01/2020,10:57:15,27.15,28.4,600,31.25,300,0,9000
INDIGO30Jan201280PE.NFO,07/01/2020,10:57:21,27.15,28.55,600,30.95,300,0,9000
INDIGO30Jan201280PE.NFO,07/01/2020,10:57:28,27.15,28.95,300,30.95,300,0,9000
INDIGO30Jan201280PE.NFO,07/01/2020,10:57:35,27.15,28.75,300,30.95,300,0,9000
INDIGO30Jan201280PE.NFO,07/01/2020,10:57:42,27.15,28.6,600,30.95,300,0,9000
INDIGO30Jan201280PE.NFO,07/01/2020,10:57:48,27.15,28.7,600,30.95,300,0,9000
INDIGO30Jan201280PE.NFO,07/01/2020,10:58:00,27.15,29.15,600,31.35,600,0,9000
INDIGO30Jan201280PE.NFO,07/01/2020,10:58:07,27.15,29.15,600,31.35,300,0,9000
INDIGO30Jan201280PE.NFO,07/01/2020,10:58:13,27.15,29.45,300,31.25,300,0,9000
INDIGO30Jan201280PE.NFO,07/01/2020,10:58:19,27.15,28.95,300,31.15,300,0,9000
INDIGO30Jan201280PE.NFO,07/01/2020,10:58:26,27.15,29.05,300,31.15,300,0,9000
INDIGO30Jan201280PE.NFO,07/01/2020,10:58:33,27.15,28.85,600,31.15,300,0,9000
INDIGO30Jan201280PE.NFO,07/01/2020,10:58:39,27.15,28.55,600,31.15,300,0,9000
INDIGO30Jan201280PE.NFO,07/01/2020,10:58:44,27.15,28.7,600,31.15,300,0,9000
INDIGO30Jan201280PE.NFO,07/01/2020,10:58:51,27.15,28.55,300,30.95,300,0,9000
INDIGO30Jan201280PE.NFO,07/01/2020,10:58:57,27.15,28.55,600,30.95,300,0,9000
INDIGO30Jan201280PE.NFO,07/01/2020,10:59:04,27.15,28.35,600,30.95,300,0,9000
INDIGO30Jan201280PE.NFO,07/01/2020,10:59:10,27.15,27.9,600,30.85,300,0,9000
INDIGO30Jan201280PE.NFO,07/01/2020,10:59:17,27.15,27.9,300,30.85,300,0,9000
INDIGO30Jan201280PE.NFO,07/01/2020,10:59:22,27.15,27.7,600,30.55,300,0,9000
INDIGO30Jan201280PE.NFO,07/01/2020,10:59:28,27.15,28.7,300,30.55,300,0,9000
INDIGO30Jan201280PE.NFO,07/01/2020,10:59:34,27.15,27.45,600,30.3,300,0,9000
INDIGO30Jan201280PE.NFO,07/01/2020,10:59:41,27.15,27.2,600,30,600,0,9000
INDIGO30Jan201280PE.NFO,07/01/2020,10:59:46,27.15,27,600,30,300,0,9000
INDIGO30Jan201280PE.NFO,07/01/2020,10:59:52,27.15,28.2,300,30.6,300,0,9000
INDIGO30Jan201280PE.NFO,07/01/2020,10:59:57,27.15,27.7,600,30.05,300,0,9000
INDIGO30Jan201280PE.NFO,07/01/2020,11:00:04,27.15,27.05,600,29.9,300,0,9000
INDIGO30Jan201280PE.NFO,07/01/2020,11:00:11,27.15,27.2,600,29.9,300,0,9000
INDIGO30Jan201280PE.NFO,07/01/2020,11:00:19,27.15,27.1,300,29.9,300,0,9000
INDIGO30Jan201280PE.NFO,07/01/2020,11:00:25,27.15,27,600,29.9,300,0,9000
INDIGO30Jan201280PE.NFO,07/01/2020,11:00:32,27.15,27.9,300,29.9,300,0,9000
INDIGO30Jan201280PE.NFO,07/01/2020,11:00:39,27.15,27.85,600,29.9,600,0,9000
INDIGO30Jan201280PE.NFO,07/01/2020,11:00:45,27.15,26.9,600,29.9,300,0,9000
INDIGO30Jan201280PE.NFO,07/01/2020,11:00:52,27.15,27.8,600,29.9,300,0,9000
INDIGO30Jan201280PE.NFO,07/01/2020,11:00:58,27.15,27.85,300,30.1,600,0,9000
INDIGO30Jan201280PE.NFO,07/01/2020,11:01:06,27.15,28.1,300,30.5,300,0,9000
INDIGO30Jan201280PE.NFO,07/01/2020,11:01:14,27.15,28.25,300,30.5,300,0,9000
INDIGO30Jan201280PE.NFO,07/01/2020,11:01:21,27.15,27.75,600,30.5,300,0,9000
INDIGO30Jan201280PE.NFO,07/01/2020,11:01:29,27.15,28.05,300,30.5,300,0,9000
INDIGO30Jan201280PE.NFO,07/01/2020,11:01:44,27.15,27.7,600,30.35,300,0,9000
INDIGO30Jan201280PE.NFO,07/01/2020,11:01:52,27.15,27.7,300,30.35,300,0,9000
INDIGO30Jan201280PE.NFO,07/01/2020,11:02:00,27.15,27.75,300,30.35,300,0,9000
INDIGO30Jan201280PE.NFO,07/01/2020,11:02:06,27.15,27.8,600,30.35,300,0,9000
INDIGO30Jan201280PE.NFO,07/01/2020,11:02:13,27.15,27.75,300,30.35,300,0,9000
INDIGO30Jan201280PE.NFO,07/01/2020,11:02:20,27.15,27.25,600,30.35,300,0,9000
INDIGO30Jan201280PE.NFO,07/01/2020,11:02:26,27.15,27.45,300,30.35,300,0,9000
INDIGO30Jan201280PE.NFO,07/01/2020,11:02:33,27.15,27.25,300,30.35,300,0,9000
INDIGO30Jan201280PE.NFO,07/01/2020,11:02:39,27.15,28.05,300,30.35,300,0,9000
INDIGO30Jan201280PE.NFO,07/01/2020,11:02:45,27.15,27.45,600,30.35,300,0,9000
INDIGO30Jan201280PE.NFO,07/01/2020,11:02:52,27.15,27.9,600,30.35,300,0,9000
INDIGO30Jan201280PE.NFO,07/01/2020,11:02:58,27.15,28,300,30.35,300,0,9000
INDIGO30Jan201280PE.NFO,07/01/2020,11:03:04,27.15,27.9,600,30.35,300,0,9000
INDIGO30Jan201280PE.NFO,07/01/2020,11:03:12,27.15,28,300,30.35,300,0,9000
INDIGO30Jan201280PE.NFO,07/01/2020,11:03:19,27.15,27.95,600,30.35,300,0,9000
INDIGO30Jan201280PE.NFO,07/01/2020,11:03:25,27.15,28.2,300,30.35,300,0,9000
INDIGO30Jan201280PE.NFO,07/01/2020,11:03:38,27.15,28.15,300,30.35,300,0,9000
INDIGO30Jan201280PE.NFO,07/01/2020,11:03:46,27.15,28.15,600,30.35,300,0,9000
INDIGO30Jan201280PE.NFO,07/01/2020,11:03:53,27.15,27.55,600,30.35,300,0,9000
INDIGO30Jan201280PE.NFO,07/01/2020,11:04:00,27.15,28.05,300,30.35,300,0,9000
INDIGO30Jan201280PE.NFO,07/01/2020,11:04:06,27.15,28.1,600,30.35,300,0,9000
INDIGO30Jan201280PE.NFO,07/01/2020,11:04:13,27.15,28.1,300,30.35,300,0,9000
INDIGO30Jan201280PE.NFO,07/01/2020,11:04:19,27.15,27.9,600,30.35,300,0,9000
INDIGO30Jan201280PE.NFO,07/01/2020,11:04:26,27.15,27.35,600,30.35,300,0,9000
INDIGO30Jan201280PE.NFO,07/01/2020,11:04:39,27.15,28.25,300,30.85,300,0,9000
INDIGO30Jan201280PE.NFO,07/01/2020,11:04:46,27.15,28.3,300,30.85,300,0,9000
INDIGO30Jan201280PE.NFO,07/01/2020,11:05:00,27.15,27.35,600,30.85,300,0,9000
INDIGO30Jan201280PE.NFO,07/01/2020,11:05:13,27.15,27.35,600,30.75,300,0,9000
INDIGO30Jan201280PE.NFO,07/01/2020,11:05:27,27.15,28.35,600,31.75,300,0,9000
INDIGO30Jan201280PE.NFO,07/01/2020,11:05:34,27.15,28.7,600,31.75,300,0,9000
INDIGO30Jan201280PE.NFO,07/01/2020,11:05:41,27.15,28.4,300,31.3,300,0,9000
INDIGO30Jan201280PE.NFO,07/01/2020,11:05:48,27.15,28.35,600,31,300,0,9000
INDIGO30Jan201280PE.NFO,07/01/2020,11:05:55,27.15,27.9,600,31.25,300,0,9000
INDIGO30Jan201280PE.NFO,07/01/2020,11:06:02,27.15,28.5,600,31.25,300,0,9000
INDIGO30Jan201280PE.NFO,07/01/2020,11:06:09,27.15,28.45,600,31.25,300,0,9000
INDIGO30Jan201280PE.NFO,07/01/2020,11:06:16,27.15,28.75,600,31.7,300,0,9000
INDIGO30Jan201280PE.NFO,07/01/2020,11:06:22,27.15,28.8,600,31.55,300,0,9000
INDIGO30Jan201280PE.NFO,07/01/2020,11:06:33,27.15,28.4,600,31.55,300,0,9000
INDIGO30Jan201280PE.NFO,07/01/2020,11:06:39,27.15,28.8,300,31.2,300,0,9000
INDIGO30Jan201280PE.NFO,07/01/2020,11:06:44,27.15,28.1,300,31.2,300,0,9000
INDIGO30Jan201280PE.NFO,07/01/2020,11:06:49,27.15,28.9,300,31.25,300,0,9000
INDIGO30Jan201280PE.NFO,07/01/2020,11:06:54,27.15,28.55,600,31.25,300,0,9000
INDIGO30Jan201280PE.NFO,07/01/2020,11:06:59,27.15,28.85,600,31.25,300,0,9000
INDIGO30Jan201280PE.NFO,07/01/2020,11:07:04,27.15,28.8,600,31.25,300,0,9000
INDIGO30Jan201280PE.NFO,07/01/2020,11:07:10,27.15,28.75,600,31.25,300,0,9000
INDIGO30Jan201280PE.NFO,07/01/2020,11:07:15,27.15,28.6,600,31.25,300,0,9000
INDIGO30Jan201280PE.NFO,07/01/2020,11:07:20,27.15,27.75,600,31.05,300,0,9000
INDIGO30Jan201280PE.NFO,07/01/2020,11:07:25,27.15,28.45,300,31.05,300,0,9000
INDIGO30Jan201280PE.NFO,07/01/2020,11:07:30,27.15,28.4,300,31.05,300,0,9000
INDIGO30Jan201280PE.NFO,07/01/2020,11:07:35,27.15,28.45,300,31.05,300,0,9000
INDIGO30Jan201280PE.NFO,07/01/2020,11:07:41,27.15,28.6,300,30.95,300,0,9000
INDIGO30Jan201280PE.NFO,07/01/2020,11:07:47,27.15,27.25,600,30.6,300,0,9000
INDIGO30Jan201280PE.NFO,07/01/2020,11:07:52,27.15,27.85,600,30.6,300,0,9000
INDIGO30Jan201280PE.NFO,07/01/2020,11:07:57,27.15,27.8,600,30.35,900,0,9000
INDIGO30Jan201280PE.NFO,07/01/2020,11:08:02,27.15,27.6,600,30.35,900,0,9000
INDIGO30Jan201280PE.NFO,07/01/2020,11:08:07,27.15,27.45,600,30.25,300,0,9000
INDIGO30Jan201280PE.NFO,07/01/2020,11:08:11,27.15,28.05,600,30.2,300,0,9000
INDIGO30Jan201280PE.NFO,07/01/2020,11:08:16,27.15,27.65,600,29.9,300,0,9000
INDIGO30Jan201280PE.NFO,07/01/2020,11:08:22,27.15,27.85,600,29.9,300,0,9000
INDIGO30Jan201280PE.NFO,07/01/2020,11:08:27,27.15,27.65,300,29.9,300,0,9000
INDIGO30Jan201280PE.NFO,07/01/2020,11:08:33,27.15,28.1,300,29.9,300,0,9000
INDIGO30Jan201280PE.NFO,07/01/2020,11:08:52,27.15,28.1,300,29,300,0,9000
INDIGO30Jan201280PE.NFO,07/01/2020,11:09:35,27.15,27.5,600,29,300,0,9000
INDIGO30Jan201280PE.NFO,07/01/2020,11:09:45,27.15,27.75,300,29,300,0,9000
INDIGO30Jan201280PE.NFO,07/01/2020,11:09:49,27.15,27.5,600,29,300,0,9000
INDIGO30Jan201280PE.NFO,07/01/2020,11:09:53,27.15,27.65,600,29,300,0,9000
INDIGO30Jan201280PE.NFO,07/01/2020,11:09:56,27.15,27.75,300,29,300,0,9000
INDIGO30Jan201280PE.NFO,07/01/2020,11:10:01,27.15,27.8,300,29,300,0,9000
INDIGO30Jan201280PE.NFO,07/01/2020,11:10:05,27.15,27.6,600,29,300,0,9000
INDIGO30Jan201280PE.NFO,07/01/2020,11:10:10,27.15,27.85,300,29,300,0,9000
INDIGO30Jan201280PE.NFO,07/01/2020,11:10:14,27.15,27.6,600,29,300,0,9000
INDIGO30Jan201280PE.NFO,07/01/2020,11:10:19,27.15,26.7,600,29,300,0,9000
INDIGO30Jan201280PE.NFO,07/01/2020,11:10:24,27.15,27.65,300,29,300,0,9000
INDIGO30Jan201280PE.NFO,07/01/2020,11:10:33,27.15,27.75,300,29,300,0,9000
INDIGO30Jan201280PE.NFO,07/01/2020,11:10:37,27.15,27.8,300,29,300,0,9000
INDIGO30Jan201280PE.NFO,07/01/2020,11:10:42,27.15,27.75,300,29,300,0,9000
INDIGO30Jan201280PE.NFO,07/01/2020,11:10:46,27.15,27.95,300,29,300,0,9000
INDIGO30Jan201280PE.NFO,07/01/2020,11:10:49,27.15,27.55,600,29,300,0,9000
INDIGO30Jan201280PE.NFO,07/01/2020,11:10:53,27.15,27.95,300,29,300,0,9000
INDIGO30Jan201280PE.NFO,07/01/2020,11:10:56,27.15,27.25,600,29,300,0,9000
INDIGO30Jan201280PE.NFO,07/01/2020,11:11:00,27.15,27.2,300,29,300,0,9000
INDIGO30Jan201280PE.NFO,07/01/2020,11:11:05,27.15,27.85,600,29,300,0,9000
INDIGO30Jan201280PE.NFO,07/01/2020,11:11:11,27.15,27.1,300,29,300,0,9000
INDIGO30Jan201280PE.NFO,07/01/2020,11:11:16,27.15,27.65,300,29,300,0,9000
INDIGO30Jan201280PE.NFO,07/01/2020,11:11:23,27.15,27.75,600,29,300,0,9000
INDIGO30Jan201280PE.NFO,07/01/2020,11:11:30,27.15,28.05,300,29,300,0,9000
INDIGO30Jan201280PE.NFO,07/01/2020,11:11:37,27.15,27.9,600,29,300,0,9000
INDIGO30Jan201280PE.NFO,07/01/2020,11:11:45,29,28.1,600,29.85,300,300,9000
INDIGO30Jan201280PE.NFO,07/01/2020,11:11:45,29,28.1,600,29.85,300,0,9000
INDIGO30Jan201280PE.NFO,07/01/2020,11:11:51,29,27.1,600,30.15,300,0,9000
INDIGO30Jan201280PE.NFO,07/01/2020,11:11:57,29,28.3,300,30.15,300,0,9000
INDIGO30Jan201280PE.NFO,07/01/2020,11:12:05,29,27.45,600,30.05,300,0,9000
INDIGO30Jan201280PE.NFO,07/01/2020,11:12:13,29,27.35,600,30.05,300,0,9000
INDIGO30Jan201280PE.NFO,07/01/2020,11:12:20,29,27.55,900,30.05,300,0,9000
INDIGO30Jan201280PE.NFO,07/01/2020,11:12:27,29,27.55,600,30.05,300,0,9000
INDIGO30Jan201280PE.NFO,07/01/2020,11:12:34,29,27.55,900,30.15,300,0,9000
INDIGO30Jan201280PE.NFO,07/01/2020,11:13:00,29,27.55,900,30.05,300,0,9000
INDIGO30Jan201280PE.NFO,07/01/2020,11:13:34,29,27.55,600,30.05,300,0,9000
INDIGO30Jan201280PE.NFO,07/01/2020,11:13:41,29,27.55,900,30.05,300,0,9000
INDIGO30Jan201280PE.NFO,07/01/2020,11:13:52,29,27.55,900,30.35,300,0,9000
INDIGO30Jan201280PE.NFO,07/01/2020,11:14:14,29,27.75,300,30.3,300,0,9000
INDIGO30Jan201280PE.NFO,07/01/2020,11:14:21,29,28.1,300,30.25,300,0,9000
INDIGO30Jan201280PE.NFO,07/01/2020,11:14:41,29,28.15,300,30.25,300,0,9000
INDIGO30Jan201280PE.NFO,07/01/2020,11:14:46,29,28.45,300,30.25,300,0,9000
INDIGO30Jan201280PE.NFO,07/01/2020,11:14:51,29,28.1,600,30.25,300,0,9000
INDIGO30Jan201280PE.NFO,07/01/2020,11:14:57,29,28.5,300,30.25,300,0,9000
INDIGO30Jan201280PE.NFO,07/01/2020,11:15:10,29,28.6,300,30.55,300,0,9000
INDIGO30Jan201280PE.NFO,07/01/2020,11:15:25,29,28.05,600,30.55,300,0,9000
INDIGO30Jan201280PE.NFO,07/01/2020,11:15:31,29,27.9,600,30.55,300,0,9000
INDIGO30Jan201280PE.NFO,07/01/2020,11:15:37,29,28.45,300,30.55,300,0,9000
INDIGO30Jan201280PE.NFO,07/01/2020,11:15:42,29,27.95,600,30.55,300,0,9000
INDIGO30Jan201280PE.NFO,07/01/2020,11:15:47,29,28.6,300,30.55,300,0,9000
INDIGO30Jan201280PE.NFO,07/01/2020,11:16:04,29,28.45,600,30.55,300,0,9000
INDIGO30Jan201280PE.NFO,07/01/2020,11:16:23,29,28.55,600,30.75,300,0,9000
INDIGO30Jan201280PE.NFO,07/01/2020,11:16:30,29,28.35,600,30.65,300,0,9000
INDIGO30Jan201280PE.NFO,07/01/2020,11:17:39,29,28.6,600,30.85,300,0,9000
INDIGO30Jan201280PE.NFO,07/01/2020,11:18:05,29,27.95,600,30.85,300,0,9000
INDIGO30Jan201280PE.NFO,07/01/2020,11:18:10,29,28.5,600,30.85,300,0,9000
INDIGO30Jan201280PE.NFO,07/01/2020,11:18:16,29,28.65,600,30.85,300,0,9000
INDIGO30Jan201280PE.NFO,07/01/2020,11:18:26,29,28.65,600,30.65,300,0,9000
INDIGO30Jan201280PE.NFO,07/01/2020,11:18:31,29,28.8,300,30.65,300,0,9000
INDIGO30Jan201280PE.NFO,07/01/2020,11:19:26,29,28.9,600,31.3,300,0,9000
INDIGO30Jan201280PE.NFO,07/01/2020,11:19:33,29,28.8,300,31.3,600,0,9000
INDIGO30Jan201280PE.NFO,07/01/2020,11:19:45,29,28.05,600,30.85,300,0,9000
INDIGO30Jan201280PE.NFO,07/01/2020,11:19:57,29,28.35,600,30.85,300,0,9000
INDIGO30Jan201280PE.NFO,07/01/2020,11:20:19,29,28.15,300,30.55,300,0,9000
INDIGO30Jan201280PE.NFO,07/01/2020,11:20:24,29,28.25,300,30.55,300,0,9000
INDIGO30Jan201280PE.NFO,07/01/2020,11:20:35,29,28.45,300,30.45,300,0,9000
INDIGO30Jan201280PE.NFO,07/01/2020,11:20:40,29,28.25,300,30.1,300,0,9000
INDIGO30Jan201280PE.NFO,07/01/2020,11:20:45,29,28.1,300,30,300,0,9000
INDIGO30Jan201280PE.NFO,07/01/2020,11:20:50,29,28.1,300,29.8,300,0,9000
INDIGO30Jan201280PE.NFO,07/01/2020,11:20:56,29,28.1,300,29.7,300,0,9000
INDIGO30Jan201280PE.NFO,07/01/2020,11:21:02,29,28.2,300,29.7,300,0,9000
INDIGO30Jan201280PE.NFO,07/01/2020,11:21:11,29,27.45,600,29.7,300,0,9000
INDIGO30Jan201280PE.NFO,07/01/2020,11:21:20,29,27.45,600,30,300,0,9000
INDIGO30Jan201280PE.NFO,07/01/2020,11:24:23,29,26.85,600,29.6,300,0,9000
INDIGO30Jan201280PE.NFO,07/01/2020,11:24:28,29,26.85,600,29.35,300,0,9000
INDIGO30Jan201280PE.NFO,07/01/2020,11:24:32,29,26.85,600,29.05,300,0,9000
INDIGO30Jan201280PE.NFO,07/01/2020,11:25:04,29,26.85,600,28.65,300,0,9000
INDIGO30Jan201280PE.NFO,07/01/2020,11:25:18,29,26.85,600,28.45,300,0,9000
INDIGO30Jan201280PE.NFO,07/01/2020,11:25:23,29,26.1,600,28.65,300,0,9000
INDIGO30Jan201280PE.NFO,07/01/2020,11:25:28,29,26.2,600,28.65,300,0,9000
INDIGO30Jan201280PE.NFO,07/01/2020,11:25:58,29,26.2,600,28.35,300,0,9000
INDIGO30Jan201280PE.NFO,07/01/2020,11:28:52,29,26.2,600,28.6,300,0,9000
INDIGO30Jan201280PE.NFO,07/01/2020,11:29:06,29,26.4,600,28.6,300,0,9000
INDIGO30Jan201280PE.NFO,07/01/2020,11:29:11,29,26.5,600,28.6,300,0,9000
INDIGO30Jan201280PE.NFO,07/01/2020,11:30:08,29,26.6,600,28.6,600,0,9000
INDIGO30Jan201280PE.NFO,07/01/2020,11:30:20,29,26.6,600,28.75,600,0,9000
INDIGO30Jan201280PE.NFO,07/01/2020,11:30:54,29,26.8,900,28.75,600,0,9000
INDIGO30Jan201280PE.NFO,07/01/2020,11:31:00,29,26.8,600,28.75,300,0,9000
INDIGO30Jan201280PE.NFO,07/01/2020,11:31:07,29,26.8,900,29.05,300,0,9000
INDIGO30Jan201280PE.NFO,07/01/2020,11:31:39,29,26,600,29.05,300,0,9000
INDIGO30Jan201280PE.NFO,07/01/2020,11:31:43,29,26.3,600,29.05,300,0,9000
INDIGO30Jan201280PE.NFO,07/01/2020,11:31:48,29,26.3,600,29.05,600,0,9000
INDIGO30Jan201280PE.NFO,07/01/2020,11:32:01,29,26.3,600,28.75,300,0,9000
INDIGO30Jan201280PE.NFO,07/01/2020,11:34:19,29,26.3,600,28.45,300,0,9000
INDIGO30Jan201280PE.NFO,07/01/2020,11:36:34,29,26.3,300,28.45,300,0,9000
INDIGO30Jan201280PE.NFO,07/01/2020,11:36:39,29,25.55,600,28.45,300,0,9000
INDIGO30Jan201280PE.NFO,07/01/2020,11:36:44,29,25.85,600,28.45,300,0,9000
INDIGO30Jan201280PE.NFO,07/01/2020,11:37:47,29,25.85,600,28.25,300,0,9000
INDIGO30Jan201280PE.NFO,07/01/2020,11:38:19,29,25.85,600,27.95,300,0,9000
INDIGO30Jan201280PE.NFO,07/01/2020,11:38:22,29,25.85,600,27.75,300,0,9000
INDIGO30Jan201280PE.NFO,07/01/2020,11:39:44,29,25.85,300,27.75,300,0,9000
INDIGO30Jan201280PE.NFO,07/01/2020,11:39:49,29,25.25,300,26.8,300,0,9000
INDIGO30Jan201280PE.NFO,07/01/2020,11:39:57,29,25.15,600,26.75,300,0,9000
INDIGO30Jan201280PE.NFO,07/01/2020,11:40:03,29,25.3,600,26.9,300,0,9000
INDIGO30Jan201280PE.NFO,07/01/2020,11:40:08,29,25.35,300,26.9,300,0,9000
INDIGO30Jan201280PE.NFO,07/01/2020,11:40:13,29,25,600,27.2,300,0,9000
INDIGO30Jan201280PE.NFO,07/01/2020,11:40:17,29,25,300,27.2,300,0,9000
INDIGO30Jan201280PE.NFO,07/01/2020,11:40:22,29,25.05,900,27.2,300,0,9000
INDIGO30Jan201280PE.NFO,07/01/2020,11:40:47,29,25.35,600,27.2,300,0,9000
INDIGO30Jan201280PE.NFO,07/01/2020,11:41:00,29,24.45,600,27.2,300,0,9000
INDIGO30Jan201280PE.NFO,07/01/2020,11:41:03,29,24.75,600,27.2,300,0,9000
INDIGO30Jan201280PE.NFO,07/01/2020,11:41:55,29,25.05,600,27.2,300,0,9000
INDIGO30Jan201280PE.NFO,07/01/2020,11:42:03,29,25.35,600,27.2,300,0,9000
INDIGO30Jan201280PE.NFO,07/01/2020,11:42:41,29,25.45,600,27.3,300,0,9000
INDIGO30Jan201280PE.NFO,07/01/2020,11:43:48,29,25.55,900,27.25,300,0,9000
INDIGO30Jan201280PE.NFO,07/01/2020,11:43:52,29,25.55,900,27.15,300,0,9000
INDIGO30Jan201280PE.NFO,07/01/2020,11:44:23,29,25.55,900,28,300,0,9000
INDIGO30Jan201280PE.NFO,07/01/2020,11:44:37,29,25.55,900,28,600,0,9000
INDIGO30Jan201280PE.NFO,07/01/2020,11:44:48,29,25.55,900,28,300,0,9000
INDIGO30Jan201280PE.NFO,07/01/2020,11:47:10,29,25.75,600,28,300,0,9000
INDIGO30Jan201280PE.NFO,07/01/2020,11:47:12,29,25.85,600,28,300,0,9000
INDIGO30Jan201280PE.NFO,07/01/2020,11:48:01,29,26.05,900,28.55,300,0,9000
INDIGO30Jan201280PE.NFO,07/01/2020,11:48:31,29,26.05,900,28.55,600,0,9000
INDIGO30Jan201280PE.NFO,07/01/2020,11:48:35,29,26.05,900,28.55,300,0,9000
INDIGO30Jan201280PE.NFO,07/01/2020,11:49:54,29,26.05,900,28.45,300,0,9000
INDIGO30Jan201280PE.NFO,07/01/2020,11:51:45,29,26.35,600,28.45,300,0,9000
INDIGO30Jan201280PE.NFO,07/01/2020,11:51:56,29,26.35,600,28.75,300,0,9000
INDIGO30Jan201280PE.NFO,07/01/2020,11:53:40,29,26.55,900,28.75,300,0,9000
INDIGO30Jan201280PE.NFO,07/01/2020,11:53:52,29,26.75,600,28.75,300,0,9000
INDIGO30Jan201280PE.NFO,07/01/2020,11:53:55,29,26.85,600,28.75,300,0,9000
INDIGO30Jan201280PE.NFO,07/01/2020,11:55:16,29,26.85,600,29.65,300,0,9000
INDIGO30Jan201280PE.NFO,07/01/2020,11:55:19,29,26.85,600,29.3,300,0,9000
INDIGO30Jan201280PE.NFO,07/01/2020,11:56:16,29,26.85,600,29.2,300,0,9000
INDIGO30Jan201280PE.NFO,07/01/2020,11:57:58,29,26.85,600,29.45,300,0,9000
INDIGO30Jan201280PE.NFO,07/01/2020,11:58:54,29,26.85,600,29.2,300,0,9000
INDIGO30Jan201280PE.NFO,07/01/2020,11:59:00,29,26.85,600,29.2,600,0,9000
INDIGO30Jan201280PE.NFO,07/01/2020,11:59:04,29,26.85,600,29.2,300,0,9000
INDIGO30Jan201280PE.NFO,07/01/2020,11:59:28,29,26.85,600,29.1,300,0,9000
INDIGO30Jan201280PE.NFO,07/01/2020,12:01:33,29,27.05,900,29.55,300,0,9000
INDIGO30Jan201280PE.NFO,07/01/2020,12:01:52,29,27.35,600,29.55,300,0,9000
INDIGO30Jan201280PE.NFO,07/01/2020,12:02:35,29,26.5,600,29.55,600,0,9000
INDIGO30Jan201280PE.NFO,07/01/2020,12:02:42,29,26.8,600,29.55,600,0,9000
INDIGO30Jan201280PE.NFO,07/01/2020,12:02:48,29,26.8,600,29.55,300,0,9000
INDIGO30Jan201280PE.NFO,07/01/2020,12:02:53,29,27.1,600,29.55,300,0,9000
INDIGO30Jan201280PE.NFO,07/01/2020,12:06:34,29,27.2,600,29.45,600,0,9000
INDIGO30Jan201280PE.NFO,07/01/2020,12:06:40,29,27.2,600,29.45,300,0,9000
INDIGO30Jan201280PE.NFO,07/01/2020,12:09:00,29,26.7,300,28.85,300,0,9000
INDIGO30Jan201280PE.NFO,07/01/2020,12:09:03,29,26.7,300,28.55,300,0,9000
INDIGO30Jan201280PE.NFO,07/01/2020,12:09:06,29,26.75,300,28.65,300,0,9000
INDIGO30Jan201280PE.NFO,07/01/2020,12:09:09,29,26.8,300,28.55,300,0,9000
INDIGO30Jan201280PE.NFO,07/01/2020,12:09:11,29,26.8,300,28.6,300,0,9000
INDIGO30Jan201280PE.NFO,07/01/2020,12:09:14,29,26.55,600,28.6,300,0,9000
INDIGO30Jan201280PE.NFO,07/01/2020,12:09:17,29,26.55,600,28.55,300,0,9000
INDIGO30Jan201280PE.NFO,07/01/2020,12:09:22,29,26.55,600,28.6,300,0,9000
INDIGO30Jan201280PE.NFO,07/01/2020,12:10:12,29,26.55,600,28.85,300,0,9000
INDIGO30Jan201280PE.NFO,07/01/2020,12:10:18,29,26.55,600,28.7,300,0,9000
INDIGO30Jan201280PE.NFO,07/01/2020,12:10:22,29,26.55,600,28.6,300,0,9000
INDIGO30Jan201280PE.NFO,07/01/2020,12:10:27,29,26.55,600,28.7,300,0,9000
INDIGO30Jan201280PE.NFO,07/01/2020,12:10:30,29,26.55,600,28.85,300,0,9000
INDIGO30Jan201280PE.NFO,07/01/2020,12:10:37,29,26.55,600,28.7,300,0,9000
INDIGO30Jan201280PE.NFO,07/01/2020,12:10:39,29,26.55,600,28.6,300,0,9000
INDIGO30Jan201280PE.NFO,07/01/2020,12:10:41,29,26.55,600,28.7,300,0,9000
INDIGO30Jan201280PE.NFO,07/01/2020,12:10:42,29,26.55,600,28.6,300,0,9000
INDIGO30Jan201280PE.NFO,07/01/2020,12:10:43,29,26.55,600,28.7,300,0,9000
INDIGO30Jan201280PE.NFO,07/01/2020,12:10:46,29,26.55,600,28.85,300,0,9000
INDIGO30Jan201280PE.NFO,07/01/2020,12:10:48,29,26.55,600,28.7,300,0,9000
INDIGO30Jan201280PE.NFO,07/01/2020,12:10:51,29,26.55,600,28.75,300,0,9000
INDIGO30Jan201280PE.NFO,07/01/2020,12:10:54,29,26.55,600,28.6,300,0,9000
INDIGO30Jan201280PE.NFO,07/01/2020,12:10:57,29,26.55,600,28.4,300,0,9000
INDIGO30Jan201280PE.NFO,07/01/2020,12:11:36,29,26.55,600,28.25,300,0,9000
INDIGO30Jan201280PE.NFO,07/01/2020,12:11:38,29,26.55,600,28.3,300,0,9000
INDIGO30Jan201280PE.NFO,07/01/2020,12:11:41,29,26.55,600,28.45,300,0,9000
INDIGO30Jan201280PE.NFO,07/01/2020,12:11:43,29,26.55,600,28.35,300,0,9000
INDIGO30Jan201280PE.NFO,07/01/2020,12:11:45,29,26.55,600,28.5,300,0,9000
INDIGO30Jan201280PE.NFO,07/01/2020,12:11:47,29,26.55,600,28.45,300,0,9000
INDIGO30Jan201280PE.NFO,07/01/2020,12:11:49,29,26.55,600,28.2,300,0,9000
INDIGO30Jan201280PE.NFO,07/01/2020,12:12:04,29,26.55,600,28.25,300,0,9000
INDIGO30Jan201280PE.NFO,07/01/2020,12:12:07,29,26.55,600,28.3,300,0,9000
INDIGO30Jan201280PE.NFO,07/01/2020,12:12:10,29,26.55,600,28.35,300,0,9000
INDIGO30Jan201280PE.NFO,07/01/2020,12:12:13,29,26.55,600,28.25,300,0,9000
INDIGO30Jan201280PE.NFO,07/01/2020,12:12:49,29,26.55,600,28.3,300,0,9000
INDIGO30Jan201280PE.NFO,07/01/2020,12:12:58,29,26.55,600,28.35,300,0,9000
INDIGO30Jan201280PE.NFO,07/01/2020,12:13:00,29,26.55,600,28.55,300,0,9000
INDIGO30Jan201280PE.NFO,07/01/2020,12:13:03,29,26.55,600,28.35,300,0,9000
INDIGO30Jan201280PE.NFO,07/01/2020,12:13:14,29,26.55,600,28.45,300,0,9000
INDIGO30Jan201280PE.NFO,07/01/2020,12:13:21,29,26.55,600,28.35,300,0,9000
INDIGO30Jan201280PE.NFO,07/01/2020,12:13:34,29,26.55,600,28.2,300,0,9000
INDIGO30Jan201280PE.NFO,07/01/2020,12:13:38,29,26.55,600,28.85,300,0,9000
INDIGO30Jan201280PE.NFO,07/01/2020,12:13:42,29,26.55,600,28.25,300,0,9000
INDIGO30Jan201280PE.NFO,07/01/2020,12:13:51,29,26.55,600,28.2,300,0,9000
INDIGO30Jan201280PE.NFO,07/01/2020,12:13:58,29,26.55,600,28.25,300,0,9000
INDIGO30Jan201280PE.NFO,07/01/2020,12:14:04,29,26.55,600,28.3,300,0,9000
INDIGO30Jan201280PE.NFO,07/01/2020,12:14:10,29,26.55,600,28.25,300,0,9000
INDIGO30Jan201280PE.NFO,07/01/2020,12:14:19,29,26.55,600,28.3,300,0,9000
INDIGO30Jan201280PE.NFO,07/01/2020,12:15:21,29,26.75,900,28.25,300,0,9000
INDIGO30Jan201280PE.NFO,07/01/2020,12:15:29,29,26.75,600,28.2,300,0,9000
INDIGO30Jan201280PE.NFO,07/01/2020,12:15:35,29,26.75,600,28.45,300,0,9000
INDIGO30Jan201280PE.NFO,07/01/2020,12:15:36,29,26.75,600,28.2,300,0,9000
INDIGO30Jan201280PE.NFO,07/01/2020,12:15:38,29,26.75,600,28.25,300,0,9000
INDIGO30Jan201280PE.NFO,07/01/2020,12:15:42,29,26.75,600,28.15,300,0,9000
INDIGO30Jan201280PE.NFO,07/01/2020,12:15:45,29,26.55,300,28,300,0,9000
INDIGO30Jan201280PE.NFO,07/01/2020,12:15:48,29,26.55,300,28.1,300,0,9000
INDIGO30Jan201280PE.NFO,07/01/2020,12:15:51,29,26.55,300,28,300,0,9000
INDIGO30Jan201280PE.NFO,07/01/2020,12:15:55,29,26.55,300,28.1,300,0,9000
INDIGO30Jan201280PE.NFO,07/01/2020,12:16:00,29,26.55,300,28.05,300,0,9000
INDIGO30Jan201280PE.NFO,07/01/2020,12:16:05,29,26.55,300,28.05,600,0,9000
INDIGO30Jan201280PE.NFO,07/01/2020,12:16:16,29,26.65,300,28.05,300,0,9000
INDIGO30Jan201280PE.NFO,07/01/2020,12:16:19,29,26.6,300,28.05,300,0,9000
INDIGO30Jan201280PE.NFO,07/01/2020,12:16:22,29,26.6,300,27.95,300,0,9000
INDIGO30Jan201280PE.NFO,07/01/2020,12:16:30,29,26.7,300,28.05,300,0,9000
INDIGO30Jan201280PE.NFO,07/01/2020,12:16:31,29,26.7,300,27.95,300,0,9000
INDIGO30Jan201280PE.NFO,07/01/2020,12:16:43,29,26.1,600,27.95,300,0,9000
INDIGO30Jan201280PE.NFO,07/01/2020,12:16:52,29,26.1,600,28.05,300,0,9000
INDIGO30Jan201280PE.NFO,07/01/2020,12:17:07,29,26.1,600,28.1,300,0,9000
INDIGO30Jan201280PE.NFO,07/01/2020,12:17:13,29,26.1,600,28.05,300,0,9000
INDIGO30Jan201280PE.NFO,07/01/2020,12:17:22,29,26.1,600,28,300,0,9000
INDIGO30Jan201280PE.NFO,07/01/2020,12:17:26,29,26.1,600,28.15,300,0,9000
INDIGO30Jan201280PE.NFO,07/01/2020,12:17:29,29,26.1,600,28.1,300,0,9000
INDIGO30Jan201280PE.NFO,07/01/2020,12:17:32,29,26.1,600,28,300,0,9000
INDIGO30Jan201280PE.NFO,07/01/2020,12:17:42,29,26.1,600,27.95,300,0,9000
INDIGO30Jan201280PE.NFO,07/01/2020,12:17:44,29,26.1,600,28.05,300,0,9000
INDIGO30Jan201280PE.NFO,07/01/2020,12:17:53,29,26.1,600,27.95,300,0,9000
INDIGO30Jan201280PE.NFO,07/01/2020,12:18:14,29,26.1,600,28,300,0,9000
INDIGO30Jan201280PE.NFO,07/01/2020,12:18:17,29,26.1,600,27.9,300,0,9000
INDIGO30Jan201280PE.NFO,07/01/2020,12:18:20,29,26.1,600,28.15,300,0,9000
INDIGO30Jan201280PE.NFO,07/01/2020,12:18:23,29,26.1,600,28.05,300,0,9000
INDIGO30Jan201280PE.NFO,07/01/2020,12:18:36,29,26.1,600,28.15,300,0,9000
INDIGO30Jan201280PE.NFO,07/01/2020,12:18:38,29,26.1,600,28.3,300,0,9000
INDIGO30Jan201280PE.NFO,07/01/2020,12:18:41,29,26.1,600,28.05,300,0,9000
INDIGO30Jan201280PE.NFO,07/01/2020,12:18:47,29,26.1,600,28.1,300,0,9000
INDIGO30Jan201280PE.NFO,07/01/2020,12:18:50,29,26.1,600,28.35,300,0,9000
INDIGO30Jan201280PE.NFO,07/01/2020,12:18:53,29,26.1,600,28.1,300,0,9000
INDIGO30Jan201280PE.NFO,07/01/2020,12:19:03,29,26.3,900,28.2,300,0,9000
INDIGO30Jan201280PE.NFO,07/01/2020,12:19:08,29,26.3,900,28.1,300,0,9000
INDIGO30Jan201280PE.NFO,07/01/2020,12:19:13,29,26.3,900,27.85,300,0,9000
INDIGO30Jan201280PE.NFO,07/01/2020,12:19:17,29,26.3,900,27.9,300,0,9000
INDIGO30Jan201280PE.NFO,07/01/2020,12:19:21,29,26.3,900,28,300,0,9000
INDIGO30Jan201280PE.NFO,07/01/2020,12:19:27,29,26.3,900,27.85,300,0,9000
INDIGO30Jan201280PE.NFO,07/01/2020,12:19:30,29,26.3,900,27.9,300,0,9000
INDIGO30Jan201280PE.NFO,07/01/2020,12:19:32,29,26.3,900,27.8,300,0,9000
INDIGO30Jan201280PE.NFO,07/01/2020,12:19:40,29,26.3,600,28.05,300,0,9000
INDIGO30Jan201280PE.NFO,07/01/2020,12:19:45,29,26.3,600,27.9,300,0,9000
INDIGO30Jan201280PE.NFO,07/01/2020,12:19:49,29,26.3,600,27.85,300,0,9000
INDIGO30Jan201280PE.NFO,07/01/2020,12:19:52,29,26.3,600,27.8,300,0,9000
INDIGO30Jan201280PE.NFO,07/01/2020,12:19:54,29,26.3,600,27.7,300,0,9000
INDIGO30Jan201280PE.NFO,07/01/2020,12:20:01,29,26.4,300,27.7,300,0,9000
INDIGO30Jan201280PE.NFO,07/01/2020,12:20:04,29,26.5,300,27.95,300,0,9000
INDIGO30Jan201280PE.NFO,07/01/2020,12:20:06,29,26.5,300,28,300,0,9000
INDIGO30Jan201280PE.NFO,07/01/2020,12:20:09,29,26.5,300,27.75,300,0,9000
INDIGO30Jan201280PE.NFO,07/01/2020,12:20:20,29,26.7,300,28,300,0,9000
INDIGO30Jan201280PE.NFO,07/01/2020,12:20:25,29,26.7,300,27.9,300,0,9000
INDIGO30Jan201280PE.NFO,07/01/2020,12:20:32,29,26.7,300,28,300,0,9000
INDIGO30Jan201280PE.NFO,07/01/2020,12:20:37,29,26.7,300,27.9,300,0,9000
INDIGO30Jan201280PE.NFO,07/01/2020,12:20:40,29,26.7,300,28,300,0,9000
INDIGO30Jan201280PE.NFO,07/01/2020,12:20:45,29,26.7,300,27.9,300,0,9000
INDIGO30Jan201280PE.NFO,07/01/2020,12:20:49,29,26.7,300,27.95,300,0,9000
INDIGO30Jan201280PE.NFO,07/01/2020,12:20:52,29,26.7,300,27.8,300,0,9000
INDIGO30Jan201280PE.NFO,07/01/2020,12:20:57,29,26.7,300,28.1,300,0,9000
INDIGO30Jan201280PE.NFO,07/01/2020,12:21:01,29,26.7,300,27.85,300,0,9000
INDIGO30Jan201280PE.NFO,07/01/2020,12:21:15,29,26.7,300,28.5,300,0,9000
INDIGO30Jan201280PE.NFO,07/01/2020,12:21:18,29,26.7,300,27.8,300,0,9000
INDIGO30Jan201280PE.NFO,07/01/2020,12:21:34,29,26.25,600,27.8,300,0,9000
INDIGO30Jan201280PE.NFO,07/01/2020,12:21:36,29,26.25,600,27.65,300,0,9000
INDIGO30Jan201280PE.NFO,07/01/2020,12:21:39,29,26.25,600,27.75,300,0,9000
INDIGO30Jan201280PE.NFO,07/01/2020,12:21:42,29,26.25,600,27.65,300,0,9000
INDIGO30Jan201280PE.NFO,07/01/2020,12:22:00,29,26.25,600,27.75,300,0,9000
INDIGO30Jan201280PE.NFO,07/01/2020,12:22:05,29,26.25,600,27.9,300,0,9000
INDIGO30Jan201280PE.NFO,07/01/2020,12:22:09,29,26.25,600,27.85,300,0,9000
INDIGO30Jan201280PE.NFO,07/01/2020,12:22:16,29,26.25,600,27.9,300,0,9000
INDIGO30Jan201280PE.NFO,07/01/2020,12:22:19,29,26.25,600,27.8,300,0,9000
INDIGO30Jan201280PE.NFO,07/01/2020,12:22:36,29,26.25,600,27.85,300,0,9000
INDIGO30Jan201280PE.NFO,07/01/2020,12:22:40,29,26.25,600,27.75,300,0,9000
INDIGO30Jan201280PE.NFO,07/01/2020,12:22:46,29,26.25,600,28,300,0,9000
INDIGO30Jan201280PE.NFO,07/01/2020,12:22:51,29,26.25,600,27.85,300,0,9000
INDIGO30Jan201280PE.NFO,07/01/2020,12:23:03,29,26.25,600,27.8,300,0,9000
INDIGO30Jan201280PE.NFO,07/01/2020,12:23:36,29,26.25,600,27.75,300,0,9000
INDIGO30Jan201280PE.NFO,07/01/2020,12:23:58,29,26.25,600,27.8,300,0,9000
INDIGO30Jan201280PE.NFO,07/01/2020,12:24:00,29,26.25,600,27.7,300,0,9000
INDIGO30Jan201280PE.NFO,07/01/2020,12:24:02,29,26.25,600,27.8,300,0,9000
INDIGO30Jan201280PE.NFO,07/01/2020,12:24:14,29,26.25,600,28.25,300,0,9000
INDIGO30Jan201280PE.NFO,07/01/2020,12:24:20,29,26.25,600,27.8,300,0,9000
INDIGO30Jan201280PE.NFO,07/01/2020,12:24:24,29,26.25,600,27.7,300,0,9000
INDIGO30Jan201280PE.NFO,07/01/2020,12:24:48,29,26.25,600,27.95,300,0,9000
INDIGO30Jan201280PE.NFO,07/01/2020,12:24:52,29,26.25,600,27.75,300,0,9000
INDIGO30Jan201280PE.NFO,07/01/2020,12:24:58,29,26.25,600,27.8,300,0,9000
INDIGO30Jan201280PE.NFO,07/01/2020,12:25:07,29,26.25,600,27.7,300,0,9000
INDIGO30Jan201280PE.NFO,07/01/2020,12:26:02,29,26.25,600,27.6,300,0,9000
INDIGO30Jan201280PE.NFO,07/01/2020,12:26:05,29,26.25,600,27.75,300,0,9000
INDIGO30Jan201280PE.NFO,07/01/2020,12:26:09,29,26.25,600,28,300,0,9000
INDIGO30Jan201280PE.NFO,07/01/2020,12:26:15,29,26.25,600,27.75,300,0,9000
INDIGO30Jan201280PE.NFO,07/01/2020,12:26:50,29,26.25,600,28.05,300,0,9000
INDIGO30Jan201280PE.NFO,07/01/2020,12:26:54,29,26.25,600,27.8,300,0,9000
INDIGO30Jan201280PE.NFO,07/01/2020,12:26:58,29,26.25,600,27.9,300,0,9000
INDIGO30Jan201280PE.NFO,07/01/2020,12:27:06,29,26.25,600,27.85,300,0,9000
INDIGO30Jan201280PE.NFO,07/01/2020,12:27:09,29,26.25,600,28,300,0,9000
INDIGO30Jan201280PE.NFO,07/01/2020,12:27:12,29,26.25,600,27.75,300,0,9000
INDIGO30Jan201280PE.NFO,07/01/2020,12:27:33,29,26.25,600,28,300,0,9000
INDIGO30Jan201280PE.NFO,07/01/2020,12:27:36,29,26.25,600,27.9,300,0,9000
INDIGO30Jan201280PE.NFO,07/01/2020,12:27:40,29,26.25,600,27.95,300,0,9000
INDIGO30Jan201280PE.NFO,07/01/2020,12:27:43,29,26.25,600,28,300,0,9000
INDIGO30Jan201280PE.NFO,07/01/2020,12:27:45,29,26.25,600,27.9,300,0,9000
INDIGO30Jan201280PE.NFO,07/01/2020,12:27:48,29,26.25,600,27.95,300,0,9000
INDIGO30Jan201280PE.NFO,07/01/2020,12:27:51,29,26.25,600,28,300,0,9000
INDIGO30Jan201280PE.NFO,07/01/2020,12:27:54,29,26.25,600,27.9,300,0,9000
INDIGO30Jan201280PE.NFO,07/01/2020,12:27:57,29,26.25,600,28,300,0,9000
INDIGO30Jan201280PE.NFO,07/01/2020,12:28:01,29,26.25,600,27.9,300,0,9000
INDIGO30Jan201280PE.NFO,07/01/2020,12:28:04,29,26.25,600,27.95,300,0,9000
INDIGO30Jan201280PE.NFO,07/01/2020,12:28:06,29,26.25,600,27.85,300,0,9000
INDIGO30Jan201280PE.NFO,07/01/2020,12:28:10,29,26.25,600,28.05,300,0,9000
INDIGO30Jan201280PE.NFO,07/01/2020,12:28:12,29,26.25,600,28.1,300,0,9000
INDIGO30Jan201280PE.NFO,07/01/2020,12:28:15,29,26.25,600,27.85,300,0,9000
INDIGO30Jan201280PE.NFO,07/01/2020,12:28:31,29,26.25,600,27.9,300,0,9000
INDIGO30Jan201280PE.NFO,07/01/2020,12:28:36,29,26.25,600,27.85,300,0,9000
INDIGO30Jan201280PE.NFO,07/01/2020,12:28:39,29,26.25,600,27.8,300,0,9000
INDIGO30Jan201280PE.NFO,07/01/2020,12:28:42,29,26.25,600,27.95,300,0,9000
INDIGO30Jan201280PE.NFO,07/01/2020,12:28:45,29,26.25,600,27.85,300,0,9000
INDIGO30Jan201280PE.NFO,07/01/2020,12:28:51,29,26.45,600,27.9,300,0,9000
INDIGO30Jan201280PE.NFO,07/01/2020,12:28:55,29,26.55,600,28.05,300,0,9000
INDIGO30Jan201280PE.NFO,07/01/2020,12:29:02,29,26.55,600,28,300,0,9000
INDIGO30Jan201280PE.NFO,07/01/2020,12:29:08,29,26.55,600,27.95,300,0,9000
INDIGO30Jan201280PE.NFO,07/01/2020,12:29:13,29,26.55,600,28,300,0,9000
INDIGO30Jan201280PE.NFO,07/01/2020,12:29:17,29,26.55,600,28.6,300,0,9000
INDIGO30Jan201280PE.NFO,07/01/2020,12:29:21,29,26.55,600,28,300,0,9000
INDIGO30Jan201280PE.NFO,07/01/2020,12:29:32,29,26.55,600,27.95,300,0,9000
INDIGO30Jan201280PE.NFO,07/01/2020,12:29:36,29,26.55,600,28.1,300,0,9000
INDIGO30Jan201280PE.NFO,07/01/2020,12:29:41,29,26.55,600,27.9,300,0,9000
INDIGO30Jan201280PE.NFO,07/01/2020,12:29:50,29,26.55,600,27.8,300,0,9000
INDIGO30Jan201280PE.NFO,07/01/2020,12:29:54,29,26.55,600,28,300,0,9000
INDIGO30Jan201280PE.NFO,07/01/2020,12:29:59,29,26.55,600,28.05,300,0,9000
INDIGO30Jan201280PE.NFO,07/01/2020,12:30:03,29,26.55,600,27.9,300,0,9000
INDIGO30Jan201280PE.NFO,07/01/2020,12:30:09,29,26.55,600,28.05,300,0,9000
INDIGO30Jan201280PE.NFO,07/01/2020,12:30:15,29,26.55,600,27.85,300,0,9000
INDIGO30Jan201280PE.NFO,07/01/2020,12:30:25,29,26.55,600,27.9,300,0,9000
INDIGO30Jan201280PE.NFO,07/01/2020,12:30:31,29,26.55,600,28,300,0,9000
INDIGO30Jan201280PE.NFO,07/01/2020,12:30:35,29,26.55,600,27.9,300,0,9000
INDIGO30Jan201280PE.NFO,07/01/2020,12:30:39,29,26.55,600,27.85,300,0,9000
INDIGO30Jan201280PE.NFO,07/01/2020,12:30:52,29,26.55,600,27.9,300,0,9000
INDIGO30Jan201280PE.NFO,07/01/2020,12:30:57,29,26.55,600,27.8,300,0,9000
INDIGO30Jan201280PE.NFO,07/01/2020,12:31:01,29,26.55,600,27.95,300,0,9000
INDIGO30Jan201280PE.NFO,07/01/2020,12:31:06,29,26.55,600,27.85,300,0,9000
INDIGO30Jan201280PE.NFO,07/01/2020,12:31:21,29,26.55,600,27.9,300,0,9000
INDIGO30Jan201280PE.NFO,07/01/2020,12:31:32,29,26.55,600,27.95,300,0,9000
INDIGO30Jan201280PE.NFO,07/01/2020,12:31:36,29,26.55,600,28.15,300,0,9000
INDIGO30Jan201280PE.NFO,07/01/2020,12:31:40,29,26.55,600,28,300,0,9000
INDIGO30Jan201280PE.NFO,07/01/2020,12:31:43,29,26.55,600,28.05,300,0,9000
INDIGO30Jan201280PE.NFO,07/01/2020,12:31:47,29,26.55,600,28.2,300,0,9000
INDIGO30Jan201280PE.NFO,07/01/2020,12:31:50,29,26.55,600,27.85,300,0,9000
INDIGO30Jan201280PE.NFO,07/01/2020,12:31:54,29,26.55,600,27.95,300,0,9000
INDIGO30Jan201280PE.NFO,07/01/2020,12:32:02,29,26.55,600,27.9,300,0,9000
INDIGO30Jan201280PE.NFO,07/01/2020,12:32:06,29,26.55,600,28.15,300,0,9000
INDIGO30Jan201280PE.NFO,07/01/2020,12:32:10,29,26.55,600,28.05,300,0,9000
INDIGO30Jan201280PE.NFO,07/01/2020,12:32:14,29,26.55,600,27.8,300,0,9000
INDIGO30Jan201280PE.NFO,07/01/2020,12:32:17,29,26.55,600,28.2,300,0,9000
INDIGO30Jan201280PE.NFO,07/01/2020,12:32:20,29,26.55,600,27.95,300,0,9000
INDIGO30Jan201280PE.NFO,07/01/2020,12:32:32,29,26.55,600,28.2,300,0,9000
INDIGO30Jan201280PE.NFO,07/01/2020,12:32:38,29,26.55,600,27.95,300,0,9000
INDIGO30Jan201280PE.NFO,07/01/2020,12:32:48,29,26.55,600,27.9,300,0,9000
INDIGO30Jan201280PE.NFO,07/01/2020,12:32:52,29,26.55,600,28.15,300,0,9000
INDIGO30Jan201280PE.NFO,07/01/2020,12:32:56,29,26.55,600,28,300,0,9000
INDIGO30Jan201280PE.NFO,07/01/2020,12:32:59,29,26.55,600,28.1,300,0,9000
INDIGO30Jan201280PE.NFO,07/01/2020,12:33:04,29,26.55,600,28.15,300,0,9000
INDIGO30Jan201280PE.NFO,07/01/2020,12:33:09,29,26.55,600,27.95,300,0,9000
INDIGO30Jan201280PE.NFO,07/01/2020,12:33:13,29,26.55,600,28.05,300,0,9000
INDIGO30Jan201280PE.NFO,07/01/2020,12:33:17,29,26.55,600,28.3,300,0,9000
INDIGO30Jan201280PE.NFO,07/01/2020,12:33:21,29,26.55,600,28.05,300,0,9000
INDIGO30Jan201280PE.NFO,07/01/2020,12:33:24,29,26.55,600,28.25,300,0,9000
INDIGO30Jan201280PE.NFO,07/01/2020,12:33:27,29,26.55,600,27.95,300,0,9000
INDIGO30Jan201280PE.NFO,07/01/2020,12:33:31,29,26.55,600,28.25,300,0,9000
INDIGO30Jan201280PE.NFO,07/01/2020,12:33:34,29,26.55,600,28.1,300,0,9000
INDIGO30Jan201280PE.NFO,07/01/2020,12:33:37,29,26.55,600,28.3,300,0,9000
INDIGO30Jan201280PE.NFO,07/01/2020,12:33:40,29,26.55,600,28.05,300,0,9000
INDIGO30Jan201280PE.NFO,07/01/2020,12:33:44,29,26.55,600,28,300,0,9000
INDIGO30Jan201280PE.NFO,07/01/2020,12:33:47,29,26.55,600,28.05,300,0,9000
INDIGO30Jan201280PE.NFO,07/01/2020,12:33:53,29,26.55,600,28,300,0,9000
INDIGO30Jan201280PE.NFO,07/01/2020,12:33:56,29,26.55,600,28.2,300,0,9000
INDIGO30Jan201280PE.NFO,07/01/2020,12:34:05,29,26.55,600,28.1,300,0,9000
INDIGO30Jan201280PE.NFO,07/01/2020,12:34:09,29,26.55,600,28.15,300,0,9000
INDIGO30Jan201280PE.NFO,07/01/2020,12:34:15,29,26.55,600,28.05,300,0,9000
INDIGO30Jan201280PE.NFO,07/01/2020,12:34:22,29,26.55,600,28.1,300,0,9000
INDIGO30Jan201280PE.NFO,07/01/2020,12:34:25,29,26.55,600,28.15,300,0,9000
INDIGO30Jan201280PE.NFO,07/01/2020,12:34:28,29,26.55,600,28.6,300,0,9000
INDIGO30Jan201280PE.NFO,07/01/2020,12:34:34,29,26.55,600,28.2,300,0,9000
INDIGO30Jan201280PE.NFO,07/01/2020,12:34:39,29,26.55,600,28.1,300,0,9000
INDIGO30Jan201280PE.NFO,07/01/2020,12:34:42,29,26.55,600,27.95,300,0,9000
INDIGO30Jan201280PE.NFO,07/01/2020,12:34:46,29,26.55,600,27.9,300,0,9000
INDIGO30Jan201280PE.NFO,07/01/2020,12:34:49,29,26.55,600,28.3,300,0,9000
INDIGO30Jan201280PE.NFO,07/01/2020,12:34:53,29,26.55,600,27.9,300,0,9000
INDIGO30Jan201280PE.NFO,07/01/2020,12:34:59,29,26.55,600,27.95,300,0,9000
INDIGO30Jan201280PE.NFO,07/01/2020,12:35:03,29,26.55,600,28,300,0,9000
INDIGO30Jan201280PE.NFO,07/01/2020,12:35:08,29,26.55,600,28.05,300,0,9000
INDIGO30Jan201280PE.NFO,07/01/2020,12:35:10,29,26.55,600,28,300,0,9000
INDIGO30Jan201280PE.NFO,07/01/2020,12:35:32,29,26.55,600,28.25,300,0,9000
INDIGO30Jan201280PE.NFO,07/01/2020,12:38:09,29,26.55,600,28.3,300,0,9000
INDIGO30Jan201280PE.NFO,07/01/2020,12:39:03,29,26.55,600,28.2,300,0,9000
INDIGO30Jan201280PE.NFO,07/01/2020,12:39:09,29,26.55,300,28.1,300,0,9000
INDIGO30Jan201280PE.NFO,07/01/2020,12:39:12,29,26.1,600,28.1,300,0,9000
INDIGO30Jan201280PE.NFO,07/01/2020,12:39:39,29,26.3,300,28.1,300,0,9000
INDIGO30Jan201280PE.NFO,07/01/2020,12:39:44,29,26.1,300,28.1,300,0,9000
INDIGO30Jan201280PE.NFO,07/01/2020,12:39:46,29,26.1,300,27.9,300,0,9000
INDIGO30Jan201280PE.NFO,07/01/2020,12:39:48,29,26.2,300,27.9,300,0,9000
INDIGO30Jan201280PE.NFO,07/01/2020,12:40:14,29,26.3,300,27.9,300,0,9000
INDIGO30Jan201280PE.NFO,07/01/2020,12:40:18,29,26.3,600,27.9,300,0,9000
INDIGO30Jan201280PE.NFO,07/01/2020,12:40:54,29,26.1,600,27.9,300,0,9000
INDIGO30Jan201280PE.NFO,07/01/2020,12:41:02,29,26,300,27.3,300,0,9000
INDIGO30Jan201280PE.NFO,07/01/2020,12:41:22,29,26,300,27.05,300,0,9000
INDIGO30Jan201280PE.NFO,07/01/2020,12:41:29,29,25.1,600,27.05,300,0,9000
INDIGO30Jan201280PE.NFO,07/01/2020,12:41:39,29,25.2,600,27.05,300,0,9000
INDIGO30Jan201280PE.NFO,07/01/2020,12:41:50,29,25.2,600,27.05,600,0,9000
INDIGO30Jan201280PE.NFO,07/01/2020,12:41:54,29,23.95,600,27.05,600,0,9000
INDIGO30Jan201280PE.NFO,07/01/2020,12:41:57,29,24.05,900,26.7,600,0,9000
INDIGO30Jan201280PE.NFO,07/01/2020,12:42:00,29,24.35,600,26.7,600,0,9000
INDIGO30Jan201280PE.NFO,07/01/2020,12:42:03,29,24.35,600,26.85,300,0,9000
INDIGO30Jan201280PE.NFO,07/01/2020,12:42:06,29,24.35,600,26.65,300,0,9000
INDIGO30Jan201280PE.NFO,07/01/2020,12:42:09,29,24.35,600,26.7,300,0,9000
INDIGO30Jan201280PE.NFO,07/01/2020,12:42:19,29,24.55,600,26.9,300,0,9000
INDIGO30Jan201280PE.NFO,07/01/2020,12:42:21,29,24.55,600,26.45,300,0,9000
INDIGO30Jan201280PE.NFO,07/01/2020,12:42:26,29,24.55,600,26.85,300,0,9000
INDIGO30Jan201280PE.NFO,07/01/2020,12:42:28,29,24.55,600,26.65,300,0,9000
INDIGO30Jan201280PE.NFO,07/01/2020,12:42:30,29,24.65,300,26.85,300,0,9000
INDIGO30Jan201280PE.NFO,07/01/2020,12:42:33,29,23.6,600,26.85,300,0,9000
INDIGO30Jan201280PE.NFO,07/01/2020,12:42:35,29,23.8,900,26.75,300,0,9000
INDIGO30Jan201280PE.NFO,07/01/2020,12:42:39,29,23.8,900,26.7,300,0,9000
INDIGO30Jan201280PE.NFO,07/01/2020,12:42:44,29,23.8,900,26.55,300,0,9000
INDIGO30Jan201280PE.NFO,07/01/2020,12:42:49,29,23.8,900,25.9,300,0,9000
INDIGO30Jan201280PE.NFO,07/01/2020,12:42:53,29,23.8,900,26.55,300,0,9000
INDIGO30Jan201280PE.NFO,07/01/2020,12:42:56,29,23.8,900,26.3,300,0,9000
INDIGO30Jan201280PE.NFO,07/01/2020,12:43:00,29,23.8,900,26.5,300,0,9000
INDIGO30Jan201280PE.NFO,07/01/2020,12:43:03,29,23.8,900,25.95,300,0,9000
INDIGO30Jan201280PE.NFO,07/01/2020,12:43:06,29,23.8,900,26.6,300,0,9000
INDIGO30Jan201280PE.NFO,07/01/2020,12:43:09,29,23.8,900,26.4,300,0,9000
INDIGO30Jan201280PE.NFO,07/01/2020,12:43:11,29,23.8,900,25.9,300,0,9000
INDIGO30Jan201280PE.NFO,07/01/2020,12:43:14,29,23.8,900,26.2,300,0,9000
INDIGO30Jan201280PE.NFO,07/01/2020,12:43:19,29,23.8,900,26.75,300,0,9000
INDIGO30Jan201280PE.NFO,07/01/2020,12:43:22,29,23.8,900,26.85,300,0,9000
INDIGO30Jan201280PE.NFO,07/01/2020,12:43:25,29,24.1,600,26.15,300,0,9000
INDIGO30Jan201280PE.NFO,07/01/2020,12:43:28,29,23.2,600,26.25,300,0,9000
INDIGO30Jan201280PE.NFO,07/01/2020,12:43:30,29,23.2,600,26.75,300,0,9000
INDIGO30Jan201280PE.NFO,07/01/2020,12:43:33,29,23.5,600,26.25,300,0,9000
INDIGO30Jan201280PE.NFO,07/01/2020,12:43:36,29,23.5,600,26.65,300,0,9000
INDIGO30Jan201280PE.NFO,07/01/2020,12:43:38,29,23.5,600,25.8,300,0,9000
INDIGO30Jan201280PE.NFO,07/01/2020,12:43:41,29,23.8,600,26.3,300,0,9000
INDIGO30Jan201280PE.NFO,07/01/2020,12:43:46,29,23.8,600,26.9,300,0,9000
INDIGO30Jan201280PE.NFO,07/01/2020,12:43:49,29,23.8,600,26.8,300,0,9000
INDIGO30Jan201280PE.NFO,07/01/2020,12:43:52,29,23.1,600,26.2,300,0,9000
INDIGO30Jan201280PE.NFO,07/01/2020,12:43:55,29,23.1,600,26.5,300,0,9000
INDIGO30Jan201280PE.NFO,07/01/2020,12:43:57,29,23.3,600,25.9,300,0,9000
INDIGO30Jan201280PE.NFO,07/01/2020,12:43:59,29,23.4,600,26.65,300,0,9000
INDIGO30Jan201280PE.NFO,07/01/2020,12:44:01,29,23.4,600,25.85,300,0,9000
INDIGO30Jan201280PE.NFO,07/01/2020,12:44:03,29,23.5,600,26.35,300,0,9000
INDIGO30Jan201280PE.NFO,07/01/2020,12:44:06,29,23.5,600,25.7,300,0,9000
INDIGO30Jan201280PE.NFO,07/01/2020,12:44:08,29,23.7,600,26.45,300,0,9000
INDIGO30Jan201280PE.NFO,07/01/2020,12:44:10,29,23.7,600,26.35,300,0,9000
INDIGO30Jan201280PE.NFO,07/01/2020,12:44:13,29,23.7,600,26.1,300,0,9000
INDIGO30Jan201280PE.NFO,07/01/2020,12:44:16,29,23.1,600,25.65,300,0,9000
INDIGO30Jan201280PE.NFO,07/01/2020,12:44:21,29,23.1,600,24.8,300,0,9000
INDIGO30Jan201280PE.NFO,07/01/2020,12:44:29,29,23.1,600,26.35,300,0,9000
INDIGO30Jan201280PE.NFO,07/01/2020,12:44:32,29,23.1,600,25.2,300,0,9000
INDIGO30Jan201280PE.NFO,07/01/2020,12:44:39,29,23.1,600,25,300,0,9000
INDIGO30Jan201280PE.NFO,07/01/2020,12:44:42,29,23.1,600,25.05,300,0,9000
INDIGO30Jan201280PE.NFO,07/01/2020,12:44:45,29,23.1,600,24.95,300,0,9000
INDIGO30Jan201280PE.NFO,07/01/2020,12:44:51,29,23.1,600,25.35,300,0,9000
INDIGO30Jan201280PE.NFO,07/01/2020,12:44:54,29,23.1,600,25.5,300,0,9000
INDIGO30Jan201280PE.NFO,07/01/2020,12:44:56,29,23.1,600,25.15,300,0,9000
INDIGO30Jan201280PE.NFO,07/01/2020,12:44:58,29,23.1,600,25.1,300,0,9000
INDIGO30Jan201280PE.NFO,07/01/2020,12:45:02,29,23.1,600,25.25,300,0,9000
INDIGO30Jan201280PE.NFO,07/01/2020,12:45:05,29,23.1,600,25.2,300,0,9000
INDIGO30Jan201280PE.NFO,07/01/2020,12:45:08,29,23.1,600,25.5,300,0,9000
INDIGO30Jan201280PE.NFO,07/01/2020,12:45:10,29,23.1,600,25.15,300,0,9000
INDIGO30Jan201280PE.NFO,07/01/2020,12:45:19,29,23.1,600,24.95,300,0,9000
INDIGO30Jan201280PE.NFO,07/01/2020,12:45:21,29,23.1,600,25.15,300,0,9000
INDIGO30Jan201280PE.NFO,07/01/2020,12:45:34,29,23.1,600,25.7,300,0,9000
INDIGO30Jan201280PE.NFO,07/01/2020,12:45:35,29,23.1,600,25.6,300,0,9000
INDIGO30Jan201280PE.NFO,07/01/2020,12:45:37,29,23.1,600,25.25,300,0,9000
INDIGO30Jan201280PE.NFO,07/01/2020,12:45:40,29,23.1,600,25.5,300,0,9000
INDIGO30Jan201280PE.NFO,07/01/2020,12:45:44,29,23.1,600,25.2,300,0,9000
INDIGO30Jan201280PE.NFO,07/01/2020,12:45:47,29,23.1,600,25.3,300,0,9000
INDIGO30Jan201280PE.NFO,07/01/2020,12:45:53,29,23.1,600,25.7,300,0,9000
INDIGO30Jan201280PE.NFO,07/01/2020,12:45:59,29,23.1,600,25.3,300,0,9000
INDIGO30Jan201280PE.NFO,07/01/2020,12:46:03,29,23.1,600,25,300,0,9000
INDIGO30Jan201280PE.NFO,07/01/2020,12:46:14,29,23.1,600,25.1,300,0,9000
INDIGO30Jan201280PE.NFO,07/01/2020,12:46:19,29,23.1,600,25.3,300,0,9000
INDIGO30Jan201280PE.NFO,07/01/2020,12:46:24,29,23.1,600,25.9,300,0,9000
INDIGO30Jan201280PE.NFO,07/01/2020,12:46:29,29,23.3,900,26.6,300,0,9000
INDIGO30Jan201280PE.NFO,07/01/2020,12:46:33,29,23.3,900,25.55,300,0,9000
INDIGO30Jan201280PE.NFO,07/01/2020,12:46:36,29,23.3,900,26.25,300,0,9000
INDIGO30Jan201280PE.NFO,07/01/2020,12:46:39,29,23.3,900,25.6,300,0,9000
INDIGO30Jan201280PE.NFO,07/01/2020,12:46:46,29,23.3,900,25.4,300,0,9000
INDIGO30Jan201280PE.NFO,07/01/2020,12:46:53,29,23.3,900,25.6,300,0,9000
INDIGO30Jan201280PE.NFO,07/01/2020,12:46:56,29,23.3,600,25.25,300,0,9000
INDIGO30Jan201280PE.NFO,07/01/2020,12:47:00,29,23.3,600,26.35,300,0,9000
INDIGO30Jan201280PE.NFO,07/01/2020,12:47:04,29,23.05,300,25.2,300,0,9000
INDIGO30Jan201280PE.NFO,07/01/2020,12:47:07,29,23.05,300,25.35,300,0,9000
INDIGO30Jan201280PE.NFO,07/01/2020,12:47:11,29,23.2,300,25.6,300,0,9000
INDIGO30Jan201280PE.NFO,07/01/2020,12:47:14,29,22.8,900,25.1,300,0,9000
INDIGO30Jan201280PE.NFO,07/01/2020,12:47:16,29,22.8,900,25.4,300,0,9000
INDIGO30Jan201280PE.NFO,07/01/2020,12:47:20,29,22.8,900,25.5,300,0,9000
INDIGO30Jan201280PE.NFO,07/01/2020,12:47:24,29,22.8,900,26.35,300,0,9000
INDIGO30Jan201280PE.NFO,07/01/2020,12:47:27,29,22.8,900,25.75,300,0,9000
INDIGO30Jan201280PE.NFO,07/01/2020,12:47:30,29,22.8,900,25.5,300,0,9000
INDIGO30Jan201280PE.NFO,07/01/2020,12:47:34,29,22.8,900,25.3,300,0,9000
INDIGO30Jan201280PE.NFO,07/01/2020,12:47:37,29,22.8,900,25.95,300,0,9000
INDIGO30Jan201280PE.NFO,07/01/2020,12:47:40,29,22.8,900,25.8,300,0,9000
INDIGO30Jan201280PE.NFO,07/01/2020,12:47:42,29,22.8,900,26,300,0,9000
INDIGO30Jan201280PE.NFO,07/01/2020,12:47:45,29,22.8,900,25.6,300,0,9000
INDIGO30Jan201280PE.NFO,07/01/2020,12:47:48,29,22.8,900,25.8,300,0,9000
INDIGO30Jan201280PE.NFO,07/01/2020,12:47:51,29,22.8,900,26.05,300,0,9000
INDIGO30Jan201280PE.NFO,07/01/2020,12:47:55,29,22.8,900,25.65,300,0,9000
INDIGO30Jan201280PE.NFO,07/01/2020,12:47:58,29,22.8,900,26.25,300,0,9000
INDIGO30Jan201280PE.NFO,07/01/2020,12:48:02,29,22.8,900,25.65,300,0,9000
INDIGO30Jan201280PE.NFO,07/01/2020,12:48:08,29,22.8,900,26.3,300,0,9000
INDIGO30Jan201280PE.NFO,07/01/2020,12:48:14,29,22.8,900,25.55,300,0,9000
INDIGO30Jan201280PE.NFO,07/01/2020,12:48:20,29,22.8,900,25.75,300,0,9000
INDIGO30Jan201280PE.NFO,07/01/2020,12:48:26,29,22.8,900,26.9,300,0,9000
INDIGO30Jan201280PE.NFO,07/01/2020,12:48:32,29,22.8,900,26.7,300,0,9000
INDIGO30Jan201280PE.NFO,07/01/2020,12:48:37,29,22.8,900,26.4,300,0,9000
INDIGO30Jan201280PE.NFO,07/01/2020,12:48:42,29,22.8,900,26.15,300,0,9000
INDIGO30Jan201280PE.NFO,07/01/2020,12:48:46,29,22.8,900,25.7,300,0,9000
INDIGO30Jan201280PE.NFO,07/01/2020,12:48:51,29,22.8,900,26.5,300,0,9000
INDIGO30Jan201280PE.NFO,07/01/2020,12:48:55,29,22.8,900,26.15,300,0,9000
INDIGO30Jan201280PE.NFO,07/01/2020,12:48:59,29,22.8,900,26.05,300,0,9000
INDIGO30Jan201280PE.NFO,07/01/2020,12:49:03,29,22.8,900,26.7,300,0,9000
INDIGO30Jan201280PE.NFO,07/01/2020,12:49:09,29,22.8,900,25.7,300,0,9000
INDIGO30Jan201280PE.NFO,07/01/2020,12:49:13,29,22.8,900,25.5,300,0,9000
INDIGO30Jan201280PE.NFO,07/01/2020,12:49:17,29,22.8,900,25.55,300,0,9000
INDIGO30Jan201280PE.NFO,07/01/2020,12:49:21,29,22.8,900,25.75,300,0,9000
INDIGO30Jan201280PE.NFO,07/01/2020,12:49:26,29,22.8,900,25.7,300,0,9000
INDIGO30Jan201280PE.NFO,07/01/2020,12:49:29,29,22.8,900,26.45,300,0,9000
INDIGO30Jan201280PE.NFO,07/01/2020,12:49:33,29,22.8,900,26.65,300,0,9000
INDIGO30Jan201280PE.NFO,07/01/2020,12:49:36,29,22.8,900,25.8,300,0,9000
INDIGO30Jan201280PE.NFO,07/01/2020,12:49:39,29,22.8,900,26.05,300,0,9000
INDIGO30Jan201280PE.NFO,07/01/2020,12:49:42,29,22.8,900,26.4,300,0,9000
INDIGO30Jan201280PE.NFO,07/01/2020,12:49:44,29,22.8,900,26.2,300,0,9000
INDIGO30Jan201280PE.NFO,07/01/2020,12:49:47,29,22.8,900,26.4,300,0,9000
INDIGO30Jan201280PE.NFO,07/01/2020,12:49:50,29,22.8,900,25.75,300,0,9000
INDIGO30Jan201280PE.NFO,07/01/2020,12:49:53,29,22.8,900,25.85,300,0,9000
INDIGO30Jan201280PE.NFO,07/01/2020,12:49:59,29,22.8,900,26.1,300,0,9000
INDIGO30Jan201280PE.NFO,07/01/2020,12:50:02,29,22.8,900,26.65,300,0,9000
INDIGO30Jan201280PE.NFO,07/01/2020,12:50:04,29,22.8,900,26.35,300,0,9000
INDIGO30Jan201280PE.NFO,07/01/2020,12:50:06,29,22.8,900,26.8,300,0,9000
INDIGO30Jan201280PE.NFO,07/01/2020,12:50:10,29,22.8,900,26.55,300,0,9000
INDIGO30Jan201280PE.NFO,07/01/2020,12:50:14,29,22.8,900,26.35,300,0,9000
INDIGO30Jan201280PE.NFO,07/01/2020,12:50:17,29,23.7,600,26.4,300,0,9000
INDIGO30Jan201280PE.NFO,07/01/2020,12:50:21,29,23.45,600,26,300,0,9000
INDIGO30Jan201280PE.NFO,07/01/2020,12:50:25,29,23.45,600,25.8,300,0,9000
INDIGO30Jan201280PE.NFO,07/01/2020,12:50:29,29,23.45,600,26.2,300,0,9000
INDIGO30Jan201280PE.NFO,07/01/2020,12:50:33,29,23.45,600,25.95,300,0,9000
INDIGO30Jan201280PE.NFO,07/01/2020,12:50:37,29,23.45,600,26.2,300,0,9000
INDIGO30Jan201280PE.NFO,07/01/2020,12:50:40,29,23.45,600,26.35,300,0,9000
INDIGO30Jan201280PE.NFO,07/01/2020,12:50:43,29,23.5,600,26,300,0,9000
INDIGO30Jan201280PE.NFO,07/01/2020,12:50:45,29,23.5,600,26.2,300,0,9000
INDIGO30Jan201280PE.NFO,07/01/2020,12:50:49,29,23.5,600,26,300,0,9000
INDIGO30Jan201280PE.NFO,07/01/2020,12:50:52,29,23.7,600,26.7,300,0,9000
INDIGO30Jan201280PE.NFO,07/01/2020,12:50:55,29,23.8,600,26,300,0,9000
INDIGO30Jan201280PE.NFO,07/01/2020,12:50:58,29,23.8,300,26.2,300,0,9000
INDIGO30Jan201280PE.NFO,07/01/2020,12:51:00,29,23.8,300,26.4,300,0,9000
INDIGO30Jan201280PE.NFO,07/01/2020,12:51:03,29,23.8,300,26,300,0,9000
INDIGO30Jan201280PE.NFO,07/01/2020,12:51:06,29,23.8,300,26.45,300,0,9000
INDIGO30Jan201280PE.NFO,07/01/2020,12:51:10,29,23.8,300,26.2,300,0,9000
INDIGO30Jan201280PE.NFO,07/01/2020,12:51:13,29,23.8,300,26.1,300,0,9000
INDIGO30Jan201280PE.NFO,07/01/2020,12:51:16,29,23.8,300,26,300,0,9000
INDIGO30Jan201280PE.NFO,07/01/2020,12:51:18,29,23.8,300,26.4,300,0,9000
INDIGO30Jan201280PE.NFO,07/01/2020,12:51:20,29,23.8,300,26,300,0,9000
INDIGO30Jan201280PE.NFO,07/01/2020,12:51:23,29,23.8,300,26.65,300,0,9000
INDIGO30Jan201280PE.NFO,07/01/2020,12:51:25,29,23.8,300,26.2,300,0,9000
INDIGO30Jan201280PE.NFO,07/01/2020,12:51:29,29,23.8,300,26.05,300,0,9000
INDIGO30Jan201280PE.NFO,07/01/2020,12:51:32,29,23.8,300,26.25,300,0,9000
INDIGO30Jan201280PE.NFO,07/01/2020,12:51:35,29,23.8,300,26,300,0,9000
INDIGO30Jan201280PE.NFO,07/01/2020,12:51:38,29,23.8,300,25.75,300,0,9000
INDIGO30Jan201280PE.NFO,07/01/2020,12:51:44,29,23.8,300,26.4,300,0,9000
INDIGO30Jan201280PE.NFO,07/01/2020,12:51:47,29,23.8,300,26.25,300,0,9000
INDIGO30Jan201280PE.NFO,07/01/2020,12:51:53,29,23,600,26.45,300,0,9000
INDIGO30Jan201280PE.NFO,07/01/2020,12:51:56,29,23.6,600,26.45,300,0,9000
INDIGO30Jan201280PE.NFO,07/01/2020,12:51:59,29,23.6,600,26.35,300,0,9000
INDIGO30Jan201280PE.NFO,07/01/2020,12:52:02,29,23.6,600,25.9,300,0,9000
INDIGO30Jan201280PE.NFO,07/01/2020,12:52:05,29,23.6,600,26.25,300,0,9000
INDIGO30Jan201280PE.NFO,07/01/2020,12:52:09,29,23.6,600,25.95,300,0,9000
INDIGO30Jan201280PE.NFO,07/01/2020,12:52:13,29,23.6,600,26.25,300,0,9000
INDIGO30Jan201280PE.NFO,07/01/2020,12:52:16,29,23.6,600,26.45,300,0,9000
INDIGO30Jan201280PE.NFO,07/01/2020,12:52:19,29,23.6,600,26.55,300,0,9000
INDIGO30Jan201280PE.NFO,07/01/2020,12:52:22,29,23.6,600,26.6,300,0,9000
INDIGO30Jan201280PE.NFO,07/01/2020,12:52:26,29,23.6,600,26.5,300,0,9000
INDIGO30Jan201280PE.NFO,07/01/2020,12:52:29,29,23.6,600,26.05,300,0,9000
INDIGO30Jan201280PE.NFO,07/01/2020,12:52:34,29,23.6,600,26.4,300,0,9000
INDIGO30Jan201280PE.NFO,07/01/2020,12:52:36,29,23.6,600,26.3,300,0,9000
INDIGO30Jan201280PE.NFO,07/01/2020,12:52:39,29,23.6,600,25.85,300,0,9000
INDIGO30Jan201280PE.NFO,07/01/2020,12:52:42,29,23.65,300,26.5,300,0,9000
INDIGO30Jan201280PE.NFO,07/01/2020,12:52:46,29,23.8,600,26.1,300,0,9000
INDIGO30Jan201280PE.NFO,07/01/2020,12:52:50,29,23.8,600,26.55,300,0,9000
INDIGO30Jan201280PE.NFO,07/01/2020,12:52:54,29,23.9,300,26.65,300,0,9000
INDIGO30Jan201280PE.NFO,07/01/2020,12:52:57,29,23.9,300,25.8,300,0,9000
INDIGO30Jan201280PE.NFO,07/01/2020,12:53:00,29,23.9,300,26.45,300,0,9000
INDIGO30Jan201280PE.NFO,07/01/2020,12:53:04,29,23.9,300,26.15,300,0,9000
INDIGO30Jan201280PE.NFO,07/01/2020,12:53:07,29,23.9,300,26,300,0,9000
INDIGO30Jan201280PE.NFO,07/01/2020,12:53:10,29,23.9,300,26.15,300,0,9000
INDIGO30Jan201280PE.NFO,07/01/2020,12:53:14,29,23.35,600,26.6,300,0,9000
INDIGO30Jan201280PE.NFO,07/01/2020,12:53:17,29,23.35,600,26.05,300,0,9000
INDIGO30Jan201280PE.NFO,07/01/2020,12:53:22,29,23.35,600,26,300,0,9000
INDIGO30Jan201280PE.NFO,07/01/2020,12:53:25,29,23.35,600,26.45,300,0,9000
INDIGO30Jan201280PE.NFO,07/01/2020,12:53:28,29,23.35,600,26.6,300,0,9000
INDIGO30Jan201280PE.NFO,07/01/2020,12:53:31,29,23.35,600,26.55,300,0,9000
INDIGO30Jan201280PE.NFO,07/01/2020,12:53:36,29,23.35,600,26.2,300,0,9000
INDIGO30Jan201280PE.NFO,07/01/2020,12:53:41,29,23.35,600,26.8,300,0,9000
INDIGO30Jan201280PE.NFO,07/01/2020,12:53:46,29,23.35,600,25.85,300,0,9000
INDIGO30Jan201280PE.NFO,07/01/2020,12:53:50,29,23.35,600,26,300,0,9000
INDIGO30Jan201280PE.NFO,07/01/2020,12:53:53,29,23.35,600,26.1,300,0,9000
INDIGO30Jan201280PE.NFO,07/01/2020,12:53:56,29,23.55,900,26.45,300,0,9000
INDIGO30Jan201280PE.NFO,07/01/2020,12:53:59,29,23.55,900,26.5,300,0,9000
INDIGO30Jan201280PE.NFO,07/01/2020,12:54:03,29,23.55,900,26,300,0,9000
INDIGO30Jan201280PE.NFO,07/01/2020,12:54:06,29,23.85,600,26.5,300,0,9000
INDIGO30Jan201280PE.NFO,07/01/2020,12:54:10,29,23.85,600,26.4,300,0,9000
INDIGO30Jan201280PE.NFO,07/01/2020,12:54:14,29,23.85,600,26.3,300,0,9000
INDIGO30Jan201280PE.NFO,07/01/2020,12:54:17,29,23.85,600,26.4,300,0,9000
INDIGO30Jan201280PE.NFO,07/01/2020,12:54:21,29,23.85,600,26.05,300,0,9000
INDIGO30Jan201280PE.NFO,07/01/2020,12:54:25,29,23.85,600,26,300,0,9000
INDIGO30Jan201280PE.NFO,07/01/2020,12:54:30,29,23.85,600,26.75,300,0,9000
INDIGO30Jan201280PE.NFO,07/01/2020,12:54:34,29,23.85,600,26.25,300,0,9000
INDIGO30Jan201280PE.NFO,07/01/2020,12:54:36,29,23.85,600,26.4,300,0,9000
INDIGO30Jan201280PE.NFO,07/01/2020,12:54:42,29,23.85,600,26.55,300,0,9000
INDIGO30Jan201280PE.NFO,07/01/2020,12:54:45,29,23.85,600,26.65,300,0,9000
INDIGO30Jan201280PE.NFO,07/01/2020,12:54:47,29,23.85,600,26.6,300,0,9000
INDIGO30Jan201280PE.NFO,07/01/2020,12:54:52,29,23.85,600,26.7,300,0,9000
INDIGO30Jan201280PE.NFO,07/01/2020,12:55:00,29,23.85,600,26.2,300,0,9000
INDIGO30Jan201280PE.NFO,07/01/2020,12:55:04,29,23.85,600,26.45,300,0,9000
INDIGO30Jan201280PE.NFO,07/01/2020,12:55:08,29,23.85,600,26.2,300,0,9000
INDIGO30Jan201280PE.NFO,07/01/2020,12:55:12,29,23.85,600,26.65,300,0,9000
INDIGO30Jan201280PE.NFO,07/01/2020,12:55:15,29,23.85,600,26.2,300,0,9000
INDIGO30Jan201280PE.NFO,07/01/2020,12:55:19,29,23.85,600,26.4,300,0,9000
INDIGO30Jan201280PE.NFO,07/01/2020,12:55:23,29,23.85,600,26,300,0,9000
INDIGO30Jan201280PE.NFO,07/01/2020,12:55:31,29,23.85,600,25.8,300,0,9000
INDIGO30Jan201280PE.NFO,07/01/2020,12:55:35,29,23.85,600,26.25,300,0,9000
INDIGO30Jan201280PE.NFO,07/01/2020,12:55:38,29,23.85,600,26.45,300,0,9000
INDIGO30Jan201280PE.NFO,07/01/2020,12:55:41,29,23.85,600,26,300,0,9000
INDIGO30Jan201280PE.NFO,07/01/2020,12:55:44,29,23.85,600,25.8,300,0,9000
INDIGO30Jan201280PE.NFO,07/01/2020,12:55:47,29,23.85,600,26.2,300,0,9000
INDIGO30Jan201280PE.NFO,07/01/2020,12:55:50,29,23.85,600,26,300,0,9000
INDIGO30Jan201280PE.NFO,07/01/2020,12:55:52,29,23.85,600,26.25,300,0,9000
INDIGO30Jan201280PE.NFO,07/01/2020,12:55:55,29,23.85,600,26.05,300,0,9000
INDIGO30Jan201280PE.NFO,07/01/2020,12:55:58,29,23.85,600,26.45,300,0,9000
INDIGO30Jan201280PE.NFO,07/01/2020,12:56:05,29,23.85,600,26.3,300,0,9000
INDIGO30Jan201280PE.NFO,07/01/2020,12:56:08,29,23.85,600,26.1,300,0,9000
INDIGO30Jan201280PE.NFO,07/01/2020,12:56:12,29,23.85,600,26.3,300,0,9000
INDIGO30Jan201280PE.NFO,07/01/2020,12:56:16,29,23.85,600,26.1,300,0,9000
INDIGO30Jan201280PE.NFO,07/01/2020,12:56:19,29,23.85,600,26.65,300,0,9000
INDIGO30Jan201280PE.NFO,07/01/2020,12:56:24,29,23.85,600,26.3,300,0,9000
INDIGO30Jan201280PE.NFO,07/01/2020,12:56:28,29,23.85,600,26.35,300,0,9000
INDIGO30Jan201280PE.NFO,07/01/2020,12:56:31,29,23.85,600,26.55,300,0,9000
INDIGO30Jan201280PE.NFO,07/01/2020,12:56:34,29,23.85,600,26.4,300,0,9000
INDIGO30Jan201280PE.NFO,07/01/2020,12:56:38,29,24.05,900,26.7,300,0,9000
INDIGO30Jan201280PE.NFO,07/01/2020,12:56:41,29,24.05,900,26.3,300,0,9000
INDIGO30Jan201280PE.NFO,07/01/2020,12:56:43,29,24.05,900,26.05,300,0,9000
INDIGO30Jan201280PE.NFO,07/01/2020,12:56:46,29,24.05,900,26.45,300,0,9000
INDIGO30Jan201280PE.NFO,07/01/2020,12:56:49,29,24.05,900,26.05,300,0,9000
INDIGO30Jan201280PE.NFO,07/01/2020,12:56:52,29,24.05,900,26.25,300,0,9000
INDIGO30Jan201280PE.NFO,07/01/2020,12:56:55,29,24.05,900,26.75,300,0,9000
INDIGO30Jan201280PE.NFO,07/01/2020,12:56:58,29,24.05,900,26.65,300,0,9000
INDIGO30Jan201280PE.NFO,07/01/2020,12:57:02,29,24.05,900,26.75,300,0,9000
INDIGO30Jan201280PE.NFO,07/01/2020,12:57:05,29,24.05,900,26.45,300,0,9000
INDIGO30Jan201280PE.NFO,07/01/2020,12:57:09,29,24.05,900,26.15,300,0,9000
INDIGO30Jan201280PE.NFO,07/01/2020,12:57:20,29,24.05,900,26.85,600,0,9000
INDIGO30Jan201280PE.NFO,07/01/2020,12:57:25,29,24.05,900,26.45,300,0,9000
INDIGO30Jan201280PE.NFO,07/01/2020,12:57:29,29,24.05,900,26.25,300,0,9000
INDIGO30Jan201280PE.NFO,07/01/2020,12:57:34,29,24.05,900,26.3,300,0,9000
INDIGO30Jan201280PE.NFO,07/01/2020,12:57:38,29,24.05,900,26.8,300,0,9000
INDIGO30Jan201280PE.NFO,07/01/2020,12:57:43,29,24.25,600,26.65,300,0,9000
INDIGO30Jan201280PE.NFO,07/01/2020,12:57:50,29,24.25,600,26.6,300,0,9000
INDIGO30Jan201280PE.NFO,07/01/2020,12:57:55,29,24.25,600,26.7,300,0,9000
INDIGO30Jan201280PE.NFO,07/01/2020,12:57:59,29,24.25,600,26.75,300,0,9000
INDIGO30Jan201280PE.NFO,07/01/2020,12:58:02,29,24.25,600,26.65,300,0,9000
INDIGO30Jan201280PE.NFO,07/01/2020,12:58:07,29,24.15,300,26.75,300,0,9000
INDIGO30Jan201280PE.NFO,07/01/2020,12:58:13,29,24.05,600,26.75,300,0,9000
INDIGO30Jan201280PE.NFO,07/01/2020,12:58:28,29,24.55,900,26.75,300,0,9000
INDIGO30Jan201280PE.NFO,07/01/2020,12:59:03,29,24.85,600,27,300,0,9000
INDIGO30Jan201280PE.NFO,07/01/2020,12:59:12,29,25.05,600,27,300,0,9000
INDIGO30Jan201280PE.NFO,07/01/2020,12:59:16,29,25.05,900,27,300,0,9000
INDIGO30Jan201280PE.NFO,07/01/2020,12:59:30,29,25.05,900,27.3,300,0,9000
INDIGO30Jan201280PE.NFO,07/01/2020,12:59:39,29,24.6,600,27.3,300,0,9000
INDIGO30Jan201280PE.NFO,07/01/2020,12:59:43,29,25.1,600,27.3,300,0,9000
INDIGO30Jan201280PE.NFO,07/01/2020,12:59:52,29,25.4,600,28.3,300,0,9000
INDIGO30Jan201280PE.NFO,07/01/2020,12:59:57,29,25.05,600,27.9,300,0,9000
INDIGO30Jan201280PE.NFO,07/01/2020,13:00:01,29,25.05,600,27.6,300,0,9000
INDIGO30Jan201280PE.NFO,07/01/2020,13:00:06,29,25.6,300,27.6,300,0,9000
INDIGO30Jan201280PE.NFO,07/01/2020,13:00:21,29,24.9,600,27.6,300,0,9000
INDIGO30Jan201280PE.NFO,07/01/2020,13:00:37,29,25.5,300,27.45,300,0,9000
INDIGO30Jan201280PE.NFO,07/01/2020,13:00:43,29,25.35,600,27.4,300,0,9000
INDIGO30Jan201280PE.NFO,07/01/2020,13:01:05,29,25.55,900,27.4,300,0,9000
INDIGO30Jan201280PE.NFO,07/01/2020,13:01:26,29,25.55,900,27.5,300,0,9000
INDIGO30Jan201280PE.NFO,07/01/2020,13:01:56,29,24.95,600,27.05,300,0,9000
INDIGO30Jan201280PE.NFO,07/01/2020,13:02:08,29,25.25,600,27.35,300,0,9000
INDIGO30Jan201280PE.NFO,07/01/2020,13:02:19,29,25.55,600,27.35,300,0,9000
INDIGO30Jan201280PE.NFO,07/01/2020,13:02:36,29,25.55,600,27.55,300,0,9000
INDIGO30Jan201280PE.NFO,07/01/2020,13:03:15,29,25.55,600,27.65,300,0,9000
INDIGO30Jan201280PE.NFO,07/01/2020,13:03:26,29,25.85,600,27.65,300,0,9000
INDIGO30Jan201280PE.NFO,07/01/2020,13:03:31,29,25.95,300,27.65,300,0,9000
INDIGO30Jan201280PE.NFO,07/01/2020,13:03:42,29,26.05,600,27.65,300,0,9000
INDIGO30Jan201280PE.NFO,07/01/2020,13:03:47,29,26.2,600,28.05,300,0,9000
INDIGO30Jan201280PE.NFO,07/01/2020,13:03:51,29,25.85,600,28.35,300,0,9000
INDIGO30Jan201280PE.NFO,07/01/2020,13:03:56,29,26.05,900,28.35,300,0,9000
INDIGO30Jan201280PE.NFO,07/01/2020,13:04:51,29,26.1,600,28.35,300,0,9000
INDIGO30Jan201280PE.NFO,07/01/2020,13:05:05,29,26.3,900,28.35,300,0,9000
INDIGO30Jan201280PE.NFO,07/01/2020,13:05:36,29,26.3,900,28.05,300,0,9000
INDIGO30Jan201280PE.NFO,07/01/2020,13:06:11,29,26.3,300,28.05,300,0,9000
INDIGO30Jan201280PE.NFO,07/01/2020,13:06:23,29,26.4,300,28.05,300,0,9000
INDIGO30Jan201280PE.NFO,07/01/2020,13:06:28,29,26.4,300,28.1,300,0,9000
INDIGO30Jan201280PE.NFO,07/01/2020,13:06:42,29,26.35,300,27.9,300,0,9000
INDIGO30Jan201280PE.NFO,07/01/2020,13:06:47,29,26.2,300,27.75,300,0,9000
INDIGO30Jan201280PE.NFO,07/01/2020,13:06:51,29,26.3,300,27.75,300,0,9000
INDIGO30Jan201280PE.NFO,07/01/2020,13:07:07,29,26.2,300,27.75,300,0,9000
INDIGO30Jan201280PE.NFO,07/01/2020,13:07:12,29,26.1,300,27.75,300,0,9000
INDIGO30Jan201280PE.NFO,07/01/2020,13:07:17,29,26,300,27.2,300,0,9000
INDIGO30Jan201280PE.NFO,07/01/2020,13:07:38,29,26.05,300,27.6,300,0,9000
INDIGO30Jan201280PE.NFO,07/01/2020,13:07:42,29,26,300,27.35,300,0,9000
INDIGO30Jan201280PE.NFO,07/01/2020,13:07:48,29,26.05,600,27.3,300,0,9000
INDIGO30Jan201280PE.NFO,07/01/2020,13:07:53,29,26,300,27.3,300,0,9000
INDIGO30Jan201280PE.NFO,07/01/2020,13:07:59,29,26,300,27.15,300,0,9000
INDIGO30Jan201280PE.NFO,07/01/2020,13:08:06,29,26.05,300,27.35,300,0,9000
INDIGO30Jan201280PE.NFO,07/01/2020,13:08:12,29,26.1,300,27.35,600,0,9000
INDIGO30Jan201280PE.NFO,07/01/2020,13:08:18,29,26.1,300,27.35,300,0,9000
INDIGO30Jan201280PE.NFO,07/01/2020,13:08:35,29,26.5,300,27.9,300,0,9000
INDIGO30Jan201280PE.NFO,07/01/2020,13:08:43,29,26.5,300,27.95,300,0,9000
INDIGO30Jan201280PE.NFO,07/01/2020,13:08:50,29,26.55,300,27.75,300,0,9000
INDIGO30Jan201280PE.NFO,07/01/2020,13:08:57,29,26.35,300,27.7,300,0,9000
INDIGO30Jan201280PE.NFO,07/01/2020,13:09:04,29,26.4,300,27.75,300,0,9000
INDIGO30Jan201280PE.NFO,07/01/2020,13:09:11,29,26.55,300,28.15,300,0,9000
INDIGO30Jan201280PE.NFO,07/01/2020,13:09:20,29,26.5,300,27.95,300,0,9000
INDIGO30Jan201280PE.NFO,07/01/2020,13:09:27,29,26.1,600,28.55,300,0,9000
INDIGO30Jan201280PE.NFO,07/01/2020,13:09:33,29,26.1,600,28.15,300,0,9000
INDIGO30Jan201280PE.NFO,07/01/2020,13:09:45,29,26.1,600,28.45,300,0,9000
INDIGO30Jan201280PE.NFO,07/01/2020,13:09:51,29,26.1,600,28.25,300,0,9000
INDIGO30Jan201280PE.NFO,07/01/2020,13:09:58,29,26.1,600,28.35,300,0,9000
INDIGO30Jan201280PE.NFO,07/01/2020,13:10:20,29,26.3,600,28.35,300,0,9000
INDIGO30Jan201280PE.NFO,07/01/2020,13:10:25,29,26.5,600,28.55,300,0,9000
INDIGO30Jan201280PE.NFO,07/01/2020,13:10:42,29,26.6,600,28.55,300,0,9000
INDIGO30Jan201280PE.NFO,07/01/2020,13:10:56,29,27,300,28.25,300,0,9000
INDIGO30Jan201280PE.NFO,07/01/2020,13:11:12,29,27.15,300,29.05,300,0,9000
INDIGO30Jan201280PE.NFO,07/01/2020,13:11:17,29,27.1,300,28.6,300,0,9000
INDIGO30Jan201280PE.NFO,07/01/2020,13:11:27,29,27.05,300,28.6,300,0,9000
INDIGO30Jan201280PE.NFO,07/01/2020,13:11:36,29,27,300,28.6,300,0,9000
INDIGO30Jan201280PE.NFO,07/01/2020,13:11:41,29,27.15,300,28.6,300,0,9000
INDIGO30Jan201280PE.NFO,07/01/2020,13:11:46,29,27.05,600,28.6,300,0,9000
INDIGO30Jan201280PE.NFO,07/01/2020,13:11:51,29,27,300,28.6,300,0,9000
INDIGO30Jan201280PE.NFO,07/01/2020,13:11:55,29,27,300,28.25,300,0,9000
INDIGO30Jan201280PE.NFO,07/01/2020,13:12:13,29,27,300,28.25,600,0,9000
INDIGO30Jan201280PE.NFO,07/01/2020,13:12:23,29,27,300,28.25,300,0,9000
INDIGO30Jan201280PE.NFO,07/01/2020,13:12:33,29,27,300,27.8,300,0,9000
INDIGO30Jan201280PE.NFO,07/01/2020,13:12:47,27,26.05,600,28.7,300,300,9000
INDIGO30Jan201280PE.NFO,07/01/2020,13:12:47,27,26.05,600,28.7,300,0,9000
INDIGO30Jan201280PE.NFO,07/01/2020,13:12:51,27,26.05,600,28,300,0,9000
INDIGO30Jan201280PE.NFO,07/01/2020,13:12:54,27,26.05,600,28.1,300,0,9000
INDIGO30Jan201280PE.NFO,07/01/2020,13:13:06,27,26.05,600,28.05,300,0,9000
INDIGO30Jan201280PE.NFO,07/01/2020,13:13:14,27,26.05,600,28,300,0,9000
INDIGO30Jan201280PE.NFO,07/01/2020,13:13:22,27,26.05,600,27.95,300,0,9000
INDIGO30Jan201280PE.NFO,07/01/2020,13:13:32,27,26.05,600,28.1,300,0,9000
INDIGO30Jan201280PE.NFO,07/01/2020,13:13:41,27,26.05,600,28,300,0,9000
INDIGO30Jan201280PE.NFO,07/01/2020,13:13:45,27,26.05,600,27.9,300,0,9000
INDIGO30Jan201280PE.NFO,07/01/2020,13:13:54,27,26.05,600,27.85,300,0,9000
INDIGO30Jan201280PE.NFO,07/01/2020,13:14:00,27,26.05,600,28.05,300,0,9000
INDIGO30Jan201280PE.NFO,07/01/2020,13:14:10,27,26.05,600,27.8,300,0,9000
INDIGO30Jan201280PE.NFO,07/01/2020,13:14:15,27,26.05,600,27.75,300,0,9000
INDIGO30Jan201280PE.NFO,07/01/2020,13:14:19,27,26.05,600,27.6,300,0,9000
INDIGO30Jan201280PE.NFO,07/01/2020,13:14:23,27,26.05,600,27.8,300,0,9000
INDIGO30Jan201280PE.NFO,07/01/2020,13:14:27,27,26.05,600,27.95,300,0,9000
INDIGO30Jan201280PE.NFO,07/01/2020,13:14:33,27,26.05,600,27.8,300,0,9000
INDIGO30Jan201280PE.NFO,07/01/2020,13:14:42,27,26.05,600,27.9,600,0,9000
INDIGO30Jan201280PE.NFO,07/01/2020,13:14:54,27,26.05,600,27.9,900,0,9000
INDIGO30Jan201280PE.NFO,07/01/2020,13:15:00,27,26.05,600,27.9,600,0,9000
INDIGO30Jan201280PE.NFO,07/01/2020,13:15:16,27,26.05,600,27.9,300,0,9000
INDIGO30Jan201280PE.NFO,07/01/2020,13:15:24,27,26.05,600,27.65,300,0,9000
INDIGO30Jan201280PE.NFO,07/01/2020,13:15:44,27,26.05,600,27.8,300,0,9000
INDIGO30Jan201280PE.NFO,07/01/2020,13:15:51,27,26.05,900,27.75,300,0,9000
INDIGO30Jan201280PE.NFO,07/01/2020,13:15:57,27,26.05,900,28,300,0,9000
INDIGO30Jan201280PE.NFO,07/01/2020,13:16:02,27,26.05,900,27.8,300,0,9000
INDIGO30Jan201280PE.NFO,07/01/2020,13:16:08,27,26.05,900,28.05,300,0,9000
INDIGO30Jan201280PE.NFO,07/01/2020,13:16:15,27,26.05,900,27.95,300,0,9000
INDIGO30Jan201280PE.NFO,07/01/2020,13:16:22,27,26.05,900,27.8,300,0,9000
INDIGO30Jan201280PE.NFO,07/01/2020,13:16:28,27,26.05,900,27.85,300,0,9000
INDIGO30Jan201280PE.NFO,07/01/2020,13:16:34,27,26.05,900,28,300,0,9000
INDIGO30Jan201280PE.NFO,07/01/2020,13:16:45,27,26.05,900,28.1,300,0,9000
INDIGO30Jan201280PE.NFO,07/01/2020,13:16:52,27,26.25,600,27.95,300,0,9000
INDIGO30Jan201280PE.NFO,07/01/2020,13:16:57,27,26.25,600,28,300,0,9000
INDIGO30Jan201280PE.NFO,07/01/2020,13:17:16,27,26.25,600,28.05,300,0,9000
INDIGO30Jan201280PE.NFO,07/01/2020,13:17:21,27,26.25,600,28,300,0,9000
INDIGO30Jan201280PE.NFO,07/01/2020,13:17:28,27,26.55,600,28.1,600,0,9000
INDIGO30Jan201280PE.NFO,07/01/2020,13:17:51,27,26.55,600,28.1,300,0,9000
INDIGO30Jan201280PE.NFO,07/01/2020,13:18:17,27,26.55,600,28.1,600,0,9000
INDIGO30Jan201280PE.NFO,07/01/2020,13:18:29,27,26.55,600,28,300,0,9000
INDIGO30Jan201280PE.NFO,07/01/2020,13:18:46,27,26.55,600,27.95,300,0,9000
INDIGO30Jan201280PE.NFO,07/01/2020,13:18:57,27,26.55,600,27.95,600,0,9000
INDIGO30Jan201280PE.NFO,07/01/2020,13:19:02,27,26.55,600,27.95,300,0,9000
INDIGO30Jan201280PE.NFO,07/01/2020,13:19:08,27,27,300,28,300,0,9000
INDIGO30Jan201280PE.NFO,07/01/2020,13:19:14,27,27.05,300,28,300,0,9000
INDIGO30Jan201280PE.NFO,07/01/2020,13:19:24,27,27.2,300,28,300,0,9000
INDIGO30Jan201280PE.NFO,07/01/2020,13:19:38,27,27.1,300,28,300,0,9000
INDIGO30Jan201280PE.NFO,07/01/2020,13:19:51,27,27.4,300,28,300,0,9000
INDIGO30Jan201280PE.NFO,07/01/2020,13:19:59,27,27.2,300,28,300,0,9000
INDIGO30Jan201280PE.NFO,07/01/2020,13:20:20,27,27.05,300,28,300,0,9000
INDIGO30Jan201280PE.NFO,07/01/2020,13:20:32,27,27,300,27.95,300,0,9000
INDIGO30Jan201280PE.NFO,07/01/2020,13:20:36,27,27.05,300,27.95,300,0,9000
INDIGO30Jan201280PE.NFO,07/01/2020,13:20:44,27,27,300,27.95,300,0,9000
INDIGO30Jan201280PE.NFO,07/01/2020,13:21:14,27,27.05,300,27.95,300,0,9000
INDIGO30Jan201280PE.NFO,07/01/2020,13:21:22,27,27.1,300,28,300,0,9000
INDIGO30Jan201280PE.NFO,07/01/2020,13:21:29,27,27.1,300,27.95,300,0,9000
INDIGO30Jan201280PE.NFO,07/01/2020,13:21:53,27,27.1,300,28.25,300,0,9000
INDIGO30Jan201280PE.NFO,07/01/2020,13:21:58,27,27.1,300,28.15,300,0,9000
INDIGO30Jan201280PE.NFO,07/01/2020,13:22:09,27,27.2,300,28.15,300,0,9000
INDIGO30Jan201280PE.NFO,07/01/2020,13:22:21,27,27.4,300,28.55,300,0,9000
INDIGO30Jan201280PE.NFO,07/01/2020,13:22:31,27,27.35,300,28.45,300,0,9000
INDIGO30Jan201280PE.NFO,07/01/2020,13:22:42,27,27.4,300,28.45,300,0,9000
INDIGO30Jan201280PE.NFO,07/01/2020,13:22:47,27,27.45,300,28.45,300,0,9000
INDIGO30Jan201280PE.NFO,07/01/2020,13:23:03,27,27.55,600,28.75,300,0,9000
INDIGO30Jan201280PE.NFO,07/01/2020,13:23:09,27,27.55,600,28.85,600,0,9000
INDIGO30Jan201280PE.NFO,07/01/2020,13:23:15,27,27.1,300,28.25,300,0,9000
INDIGO30Jan201280PE.NFO,07/01/2020,13:23:26,27,27.05,600,28.5,300,0,9000
INDIGO30Jan201280PE.NFO,07/01/2020,13:23:32,27,27.05,600,28.45,300,0,9000
INDIGO30Jan201280PE.NFO,07/01/2020,13:23:38,27,27.25,600,28.55,600,0,9000
INDIGO30Jan201280PE.NFO,07/01/2020,13:23:43,27,27.25,600,28.8,600,0,9000
INDIGO30Jan201280PE.NFO,07/01/2020,13:24:00,27,27.25,600,28.7,300,0,9000
INDIGO30Jan201280PE.NFO,07/01/2020,13:24:12,27,27.25,600,28.75,600,0,9000
INDIGO30Jan201280PE.NFO,07/01/2020,13:24:18,27,27.25,600,28.65,300,0,9000
INDIGO30Jan201280PE.NFO,07/01/2020,13:24:24,27,27.65,300,28.95,300,0,9000
INDIGO30Jan201280PE.NFO,07/01/2020,13:24:29,27,27.45,600,28.7,600,0,9000
INDIGO30Jan201280PE.NFO,07/01/2020,13:24:34,27,27.45,600,28.65,300,0,9000
INDIGO30Jan201280PE.NFO,07/01/2020,13:24:41,27,27.45,600,28.75,600,0,9000
INDIGO30Jan201280PE.NFO,07/01/2020,13:24:49,27,27.45,600,28.6,300,0,9000
INDIGO30Jan201280PE.NFO,07/01/2020,13:24:55,27,27.45,600,29.15,600,0,9000
INDIGO30Jan201280PE.NFO,07/01/2020,13:25:01,27,27.45,600,28.95,600,0,9000
INDIGO30Jan201280PE.NFO,07/01/2020,13:25:20,27,27.45,600,29.05,600,0,9000
INDIGO30Jan201280PE.NFO,07/01/2020,13:26:20,27,27.45,600,28.95,600,0,9000
INDIGO30Jan201280PE.NFO,07/01/2020,13:26:32,27,27.75,600,29,300,0,9000
INDIGO30Jan201280PE.NFO,07/01/2020,13:26:37,27,28.05,600,29.5,300,0,9000
INDIGO30Jan201280PE.NFO,07/01/2020,13:26:43,27,28.05,300,29.3,300,0,9000
INDIGO30Jan201280PE.NFO,07/01/2020,13:26:48,27,27.55,600,29.35,900,0,9000
INDIGO30Jan201280PE.NFO,07/01/2020,13:26:54,27,27.85,600,29.45,300,0,9000
INDIGO30Jan201280PE.NFO,07/01/2020,13:26:59,27,27.85,300,29.2,600,0,9000
INDIGO30Jan201280PE.NFO,07/01/2020,13:27:05,27,27.55,1200,29.45,300,0,9000
INDIGO30Jan201280PE.NFO,07/01/2020,13:27:10,27,27.55,1200,29.55,600,0,9000
INDIGO30Jan201280PE.NFO,07/01/2020,13:28:04,27,27.85,600,29.45,300,0,9000
INDIGO30Jan201280PE.NFO,07/01/2020,13:28:09,27,27.85,600,29.45,600,0,9000
INDIGO30Jan201280PE.NFO,07/01/2020,13:28:15,27,27.85,600,29.45,900,0,9000
INDIGO30Jan201280PE.NFO,07/01/2020,13:28:25,27,27.85,600,29.45,600,0,9000
INDIGO30Jan201280PE.NFO,07/01/2020,13:28:48,27,27.35,600,29.45,900,0,9000
INDIGO30Jan201280PE.NFO,07/01/2020,13:29:01,27,27.35,600,29.35,600,0,9000
INDIGO30Jan201280PE.NFO,07/01/2020,13:31:52,27,27.35,600,29.15,300,0,9000
INDIGO30Jan201280PE.NFO,07/01/2020,13:31:59,27,27.35,600,29.4,300,0,9000
INDIGO30Jan201280PE.NFO,07/01/2020,13:32:07,27,27.85,300,29.35,300,0,9000
INDIGO30Jan201280PE.NFO,07/01/2020,13:32:18,27,27.85,300,29.35,600,0,9000
INDIGO30Jan201280PE.NFO,07/01/2020,13:32:46,27,27.85,300,29.35,300,0,9000
INDIGO30Jan201280PE.NFO,07/01/2020,13:33:16,27,27.85,300,29.35,600,0,9000
INDIGO30Jan201280PE.NFO,07/01/2020,13:33:46,27,28.2,300,29.65,300,0,9000
INDIGO30Jan201280PE.NFO,07/01/2020,13:33:52,27,27.5,600,29.55,300,0,9000
INDIGO30Jan201280PE.NFO,07/01/2020,13:34:02,27,27.8,900,29.6,300,0,9000
INDIGO30Jan201280PE.NFO,07/01/2020,13:34:06,27,27.8,900,29.55,300,0,9000
INDIGO30Jan201280PE.NFO,07/01/2020,13:34:10,27,27.8,900,29.5,300,0,9000
INDIGO30Jan201280PE.NFO,07/01/2020,13:34:15,27,27.8,900,29.6,300,0,9000
INDIGO30Jan201280PE.NFO,07/01/2020,13:34:26,27,27.8,900,29.45,300,0,9000
INDIGO30Jan201280PE.NFO,07/01/2020,13:34:30,27,27.8,900,29.5,300,0,9000
INDIGO30Jan201280PE.NFO,07/01/2020,13:34:34,27,27.8,900,29.35,300,0,9000
INDIGO30Jan201280PE.NFO,07/01/2020,13:34:40,27,27.8,900,29.35,600,0,9000
INDIGO30Jan201280PE.NFO,07/01/2020,13:34:46,27,27.8,900,29.4,300,0,9000
INDIGO30Jan201280PE.NFO,07/01/2020,13:34:51,27,28.1,300,29.65,300,0,9000
INDIGO30Jan201280PE.NFO,07/01/2020,13:34:56,27,28.05,300,29.55,300,0,9000
INDIGO30Jan201280PE.NFO,07/01/2020,13:35:03,27,28.1,300,29.45,300,0,9000
INDIGO30Jan201280PE.NFO,07/01/2020,13:35:30,27,28.05,300,29.45,300,0,9000
INDIGO30Jan201280PE.NFO,07/01/2020,13:35:46,27,28.1,300,29.6,600,0,9000
INDIGO30Jan201280PE.NFO,07/01/2020,13:35:50,27,28.05,300,29.5,300,0,9000
INDIGO30Jan201280PE.NFO,07/01/2020,13:35:54,27,28.05,300,29.5,900,0,9000
INDIGO30Jan201280PE.NFO,07/01/2020,13:35:58,27,28.05,300,29.5,600,0,9000
INDIGO30Jan201280PE.NFO,07/01/2020,13:36:35,27,28.05,300,29.5,300,0,9000
INDIGO30Jan201280PE.NFO,07/01/2020,13:36:39,27,28.05,300,29.5,600,0,9000
INDIGO30Jan201280PE.NFO,07/01/2020,13:36:45,27,28.05,300,29.5,300,0,9000
INDIGO30Jan201280PE.NFO,07/01/2020,13:37:05,27,28.05,300,29.5,600,0,9000
INDIGO30Jan201280PE.NFO,07/01/2020,13:37:14,27,28.05,300,29.5,300,0,9000
INDIGO30Jan201280PE.NFO,07/01/2020,13:37:17,27,28.05,300,29.5,600,0,9000
INDIGO30Jan201280PE.NFO,07/01/2020,13:37:24,27,28.05,300,29.5,300,0,9000
INDIGO30Jan201280PE.NFO,07/01/2020,13:37:28,27,28.05,300,29.5,600,0,9000
INDIGO30Jan201280PE.NFO,07/01/2020,13:37:36,27,28.05,300,29.5,300,0,9000
INDIGO30Jan201280PE.NFO,07/01/2020,13:37:41,27,28.05,300,29.5,600,0,9000
INDIGO30Jan201280PE.NFO,07/01/2020,13:38:12,27,28,300,29.3,300,0,9000
INDIGO30Jan201280PE.NFO,07/01/2020,13:38:24,27,28.05,600,29.3,300,0,9000
INDIGO30Jan201280PE.NFO,07/01/2020,13:38:30,27,28.05,300,29.3,300,0,9000
INDIGO30Jan201280PE.NFO,07/01/2020,13:38:40,27,28.15,300,29.3,300,0,9000
INDIGO30Jan201280PE.NFO,07/01/2020,13:39:41,27,28.25,300,29.55,300,0,9000
INDIGO30Jan201280PE.NFO,07/01/2020,13:39:52,27,28.25,300,29.55,600,0,9000
INDIGO30Jan201280PE.NFO,07/01/2020,13:40:14,27,28.35,300,29.55,300,0,9000
INDIGO30Jan201280PE.NFO,07/01/2020,13:40:18,27,28.1,300,29.55,600,0,9000
INDIGO30Jan201280PE.NFO,07/01/2020,13:40:21,27,28.2,300,29.55,600,0,9000
INDIGO30Jan201280PE.NFO,07/01/2020,13:40:51,27,28.2,300,29.55,900,0,9000
INDIGO30Jan201280PE.NFO,07/01/2020,13:40:56,27,28.2,300,29.55,600,0,9000
INDIGO30Jan201280PE.NFO,07/01/2020,13:41:00,27,28.2,300,29.55,300,0,9000
INDIGO30Jan201280PE.NFO,07/01/2020,13:41:04,27,28.2,300,29.55,600,0,9000
INDIGO30Jan201280PE.NFO,07/01/2020,13:41:37,27,28.2,300,29.55,900,0,9000
INDIGO30Jan201280PE.NFO,07/01/2020,13:41:46,27,28.2,300,29.55,600,0,9000
INDIGO30Jan201280PE.NFO,07/01/2020,13:42:00,27,28.2,300,29.55,300,0,9000
INDIGO30Jan201280PE.NFO,07/01/2020,13:42:10,27,28.2,300,29.55,600,0,9000
INDIGO30Jan201280PE.NFO,07/01/2020,13:42:15,27,28.2,300,29.4,300,0,9000
INDIGO30Jan201280PE.NFO,07/01/2020,13:42:21,27,28.1,300,29.35,300,0,9000
INDIGO30Jan201280PE.NFO,07/01/2020,13:42:39,27,28.2,300,29.35,300,0,9000
INDIGO30Jan201280PE.NFO,07/01/2020,13:43:15,27,28.05,300,29.3,600,0,9000
INDIGO30Jan201280PE.NFO,07/01/2020,13:43:20,27,28.25,300,29.8,300,0,9000
INDIGO30Jan201280PE.NFO,07/01/2020,13:43:25,27,28.25,300,29.55,300,0,9000
INDIGO30Jan201280PE.NFO,07/01/2020,13:43:49,27,28.2,300,29.45,300,0,9000
INDIGO30Jan201280PE.NFO,07/01/2020,13:44:31,27,28.05,600,29.35,300,0,9000
INDIGO30Jan201280PE.NFO,07/01/2020,13:45:15,27,28,300,29.05,300,0,9000
INDIGO30Jan201280PE.NFO,07/01/2020,13:45:21,28,27.15,600,29.1,600,300,9000
INDIGO30Jan201280PE.NFO,07/01/2020,13:45:27,28,27.15,600,29.1,600,0,9000
INDIGO30Jan201280PE.NFO,07/01/2020,13:45:50,28,27.15,600,29.1,300,0,9000
INDIGO30Jan201280PE.NFO,07/01/2020,13:46:48,28,27.15,600,28.8,300,0,9000
INDIGO30Jan201280PE.NFO,07/01/2020,13:46:55,28,26.55,600,28.55,300,0,9000
INDIGO30Jan201280PE.NFO,07/01/2020,13:47:30,28,27.15,300,29.05,300,0,9000
INDIGO30Jan201280PE.NFO,07/01/2020,13:47:36,28,26.75,300,29.05,300,0,9000
INDIGO30Jan201280PE.NFO,07/01/2020,13:47:42,28,26.8,900,29.05,300,0,9000
INDIGO30Jan201280PE.NFO,07/01/2020,13:48:31,28,26.8,900,28.75,300,0,9000
INDIGO30Jan201280PE.NFO,07/01/2020,13:49:43,28,26.95,300,28.75,300,0,9000
INDIGO30Jan201280PE.NFO,07/01/2020,13:49:48,28,26.3,900,28.75,300,0,9000
INDIGO30Jan201280PE.NFO,07/01/2020,13:49:58,28,26.6,600,28.75,300,0,9000
INDIGO30Jan201280PE.NFO,07/01/2020,13:50:03,28,26.6,600,28.75,600,0,9000
INDIGO30Jan201280PE.NFO,07/01/2020,13:50:09,28,25.25,600,28.35,300,0,9000
INDIGO30Jan201280PE.NFO,07/01/2020,13:50:16,28,25.55,600,28,300,0,9000
INDIGO30Jan201280PE.NFO,07/01/2020,13:50:30,28,25.85,600,28,300,0,9000
INDIGO30Jan201280PE.NFO,07/01/2020,13:50:44,28,25.85,600,27.75,300,0,9000
INDIGO30Jan201280PE.NFO,07/01/2020,13:51:26,28,25.85,600,27.75,600,0,9000
INDIGO30Jan201280PE.NFO,07/01/2020,13:51:31,28,25.85,600,27.75,300,0,9000
INDIGO30Jan201280PE.NFO,07/01/2020,13:52:00,28,25.1,600,27.75,300,0,9000
