Ticker,Date,Time,LTP,BuyPrice,BuyQty,SellPrice,SellQty,LTQ,OpenInterest
INDIGO30Jan201360PE.NFO,07/01/2020,09:16:59,60,56.3,300,63,300,300,17100
INDIGO30Jan201360PE.NFO,07/01/2020,09:16:59,60,56.3,300,63,300,0,17100
INDIGO30Jan201360PE.NFO,07/01/2020,09:16:59,60,56.3,300,63,300,0,17100
INDIGO30Jan201360PE.NFO,07/01/2020,09:16:59,60,56.3,300,63,300,0,17100
INDIGO30Jan201360PE.NFO,07/01/2020,09:17:10,60,56.4,300,62.5,300,0,17100
INDIGO30Jan201360PE.NFO,07/01/2020,09:17:19,60,56.5,1500,62.9,1500,0,17100
INDIGO30Jan201360PE.NFO,07/01/2020,09:17:28,60,56.5,1200,61.9,1200,0,17100
INDIGO30Jan201360PE.NFO,07/01/2020,09:17:38,60,57.05,300,61.9,1200,0,17100
INDIGO30Jan201360PE.NFO,07/01/2020,09:17:47,60,57.15,1800,61.8,1200,0,17100
INDIGO30Jan201360PE.NFO,07/01/2020,09:17:57,60,58.95,1200,62.45,600,0,17100
INDIGO30Jan201360PE.NFO,07/01/2020,09:18:06,60,56.8,300,61.75,600,0,17100
INDIGO30Jan201360PE.NFO,07/01/2020,09:18:14,60,57.1,600,61.35,1200,0,17100
INDIGO30Jan201360PE.NFO,07/01/2020,09:18:22,57.55,55.6,1200,58.45,300,900,17100
INDIGO30Jan201360PE.NFO,07/01/2020,09:18:22,57.55,55.6,1200,58.45,300,0,17100
INDIGO30Jan201360PE.NFO,07/01/2020,09:18:29,57.55,56,1500,58.95,600,0,17100
INDIGO30Jan201360PE.NFO,07/01/2020,09:18:36,57.55,56.1,1200,59.7,600,0,17100
INDIGO30Jan201360PE.NFO,07/01/2020,09:18:44,57.55,56.3,900,59.7,600,0,17100
INDIGO30Jan201360PE.NFO,07/01/2020,09:18:52,57.55,56.4,1500,59.7,600,0,17100
INDIGO30Jan201360PE.NFO,07/01/2020,09:19:06,57.55,56.4,900,58.9,1200,0,17100
INDIGO30Jan201360PE.NFO,07/01/2020,09:19:27,57.55,56.5,1500,59.7,600,0,17100
INDIGO30Jan201360PE.NFO,07/01/2020,09:19:34,57.55,56.7,1800,60.6,600,0,17100
INDIGO30Jan201360PE.NFO,07/01/2020,09:19:41,57.55,56.9,1800,60.6,600,0,17100
INDIGO30Jan201360PE.NFO,07/01/2020,09:19:48,57.55,57.6,900,61.5,600,0,17100
INDIGO30Jan201360PE.NFO,07/01/2020,09:19:55,57.55,57.9,900,61.5,600,0,17100
INDIGO30Jan201360PE.NFO,07/01/2020,09:20:07,57.55,58,900,61.5,600,0,17100
INDIGO30Jan201360PE.NFO,07/01/2020,09:20:13,57.55,59,900,62.35,600,0,17100
INDIGO30Jan201360PE.NFO,07/01/2020,09:20:20,57.55,59,900,61.75,900,0,17100
INDIGO30Jan201360PE.NFO,07/01/2020,09:20:26,57.55,59,900,61.45,300,0,17100
INDIGO30Jan201360PE.NFO,07/01/2020,09:20:33,57.55,59,900,61.35,900,0,17100
INDIGO30Jan201360PE.NFO,07/01/2020,09:20:39,57.55,59,900,61.2,900,0,17100
INDIGO30Jan201360PE.NFO,07/01/2020,09:20:45,57.55,59,900,61.15,300,0,17100
INDIGO30Jan201360PE.NFO,07/01/2020,09:20:51,57.55,59,900,61.15,1200,0,17100
INDIGO30Jan201360PE.NFO,07/01/2020,09:21:12,57.55,58.4,900,60.7,1500,0,17100
INDIGO30Jan201360PE.NFO,07/01/2020,09:21:20,57.55,57.7,900,59.4,300,0,17100
INDIGO30Jan201360PE.NFO,07/01/2020,09:21:27,57.55,57.7,900,59.25,300,0,17100
INDIGO30Jan201360PE.NFO,07/01/2020,09:21:40,57.55,57.7,900,59.25,900,0,17100
INDIGO30Jan201360PE.NFO,07/01/2020,09:22:00,57.55,57,1200,58.75,900,0,17100
INDIGO30Jan201360PE.NFO,07/01/2020,09:22:06,57.55,56.2,900,58.35,300,0,17100
INDIGO30Jan201360PE.NFO,07/01/2020,09:22:20,57.55,56.2,900,58.35,900,0,17100
INDIGO30Jan201360PE.NFO,07/01/2020,09:22:27,57.55,56.4,1200,58.65,600,0,17100
INDIGO30Jan201360PE.NFO,07/01/2020,09:22:34,57.55,57.2,1800,59.85,600,0,17100
INDIGO30Jan201360PE.NFO,07/01/2020,09:22:47,57.55,57.7,1200,59.9,300,0,17100
INDIGO30Jan201360PE.NFO,07/01/2020,09:22:59,57.55,57.7,1200,59.55,300,0,17100
INDIGO30Jan201360PE.NFO,07/01/2020,09:23:05,57.55,57.7,1200,59.5,300,0,17100
INDIGO30Jan201360PE.NFO,07/01/2020,09:23:11,57.55,57.7,1200,59.4,900,0,17100
INDIGO30Jan201360PE.NFO,07/01/2020,09:23:17,57.55,57.7,1200,59.45,300,0,17100
INDIGO30Jan201360PE.NFO,07/01/2020,09:23:29,57.55,57.8,1200,59.2,900,0,17100
INDIGO30Jan201360PE.NFO,07/01/2020,09:23:35,57.55,57.45,1500,59.3,900,0,17100
INDIGO30Jan201360PE.NFO,07/01/2020,09:23:41,57.55,57.85,1200,59.8,300,0,17100
INDIGO30Jan201360PE.NFO,07/01/2020,09:23:53,57.55,57.85,1200,59.8,900,0,17100
INDIGO30Jan201360PE.NFO,07/01/2020,09:23:59,57.55,57.85,1200,59.55,600,0,17100
INDIGO30Jan201360PE.NFO,07/01/2020,09:24:28,57.55,59.4,1200,60.65,600,0,17100
INDIGO30Jan201360PE.NFO,07/01/2020,09:24:34,57.55,59.4,1200,60.65,900,0,17100
INDIGO30Jan201360PE.NFO,07/01/2020,09:24:45,57.55,59.4,1200,60.8,300,0,17100
INDIGO30Jan201360PE.NFO,07/01/2020,09:24:56,57.55,59.35,300,60.55,600,0,17100
INDIGO30Jan201360PE.NFO,07/01/2020,09:25:02,57.55,59.35,300,60.5,300,0,17100
INDIGO30Jan201360PE.NFO,07/01/2020,09:25:08,57.55,59.35,300,60.5,900,0,17100
INDIGO30Jan201360PE.NFO,07/01/2020,09:25:15,57.55,59.65,1200,61.4,900,0,17100
INDIGO30Jan201360PE.NFO,07/01/2020,09:25:21,57.55,59.65,1200,61.25,600,0,17100
INDIGO30Jan201360PE.NFO,07/01/2020,09:25:27,57.55,59.65,1200,61.2,900,0,17100
INDIGO30Jan201360PE.NFO,07/01/2020,09:25:33,57.55,59.1,1200,60.65,900,0,17100
INDIGO30Jan201360PE.NFO,07/01/2020,09:25:40,57.55,59.1,1200,60.4,600,0,17100
INDIGO30Jan201360PE.NFO,07/01/2020,09:25:46,57.55,59.3,1200,60.7,600,0,17100
INDIGO30Jan201360PE.NFO,07/01/2020,09:25:59,57.55,59.8,1200,61.5,900,0,17100
INDIGO30Jan201360PE.NFO,07/01/2020,09:26:07,57.55,60.1,1200,61.65,900,0,17100
INDIGO30Jan201360PE.NFO,07/01/2020,09:26:14,57.55,58.8,300,60.1,300,0,17100
INDIGO30Jan201360PE.NFO,07/01/2020,09:26:20,57.55,59.25,300,60.5,900,0,17100
INDIGO30Jan201360PE.NFO,07/01/2020,09:26:26,57.55,59.15,1200,60.4,900,0,17100
INDIGO30Jan201360PE.NFO,07/01/2020,09:26:31,57.55,58.4,1200,59.45,900,0,17100
INDIGO30Jan201360PE.NFO,07/01/2020,09:26:38,57.55,58.6,1500,59.8,300,0,17100
INDIGO30Jan201360PE.NFO,07/01/2020,09:26:43,57.55,59,1200,60.3,300,0,17100
INDIGO30Jan201360PE.NFO,07/01/2020,09:26:49,57.55,58.65,300,60.05,300,0,17100
INDIGO30Jan201360PE.NFO,07/01/2020,09:26:54,57.55,58.1,300,59.45,600,0,17100
INDIGO30Jan201360PE.NFO,07/01/2020,09:27:01,59.35,59.1,300,60.35,300,300,16800
INDIGO30Jan201360PE.NFO,07/01/2020,09:27:06,59.35,59.15,1200,60.55,600,0,16800
INDIGO30Jan201360PE.NFO,07/01/2020,09:27:12,59.35,58.85,300,60.05,600,0,16800
INDIGO30Jan201360PE.NFO,07/01/2020,09:27:17,59.35,58.7,1200,59.9,300,0,16800
INDIGO30Jan201360PE.NFO,07/01/2020,09:27:23,59.35,58.15,300,59.3,300,0,16800
INDIGO30Jan201360PE.NFO,07/01/2020,09:27:28,59.35,58.2,1200,59.5,300,0,16800
INDIGO30Jan201360PE.NFO,07/01/2020,09:27:34,59.35,58.15,300,59.3,900,0,16800
INDIGO30Jan201360PE.NFO,07/01/2020,09:27:40,59.35,57.8,1500,59.2,300,0,16800
INDIGO30Jan201360PE.NFO,07/01/2020,09:27:46,59.35,57.8,2100,59.05,600,0,16800
INDIGO30Jan201360PE.NFO,07/01/2020,09:27:52,59.35,58,2100,59.15,900,0,16800
INDIGO30Jan201360PE.NFO,07/01/2020,09:28:07,59.35,58,900,59.1,900,0,16800
INDIGO30Jan201360PE.NFO,07/01/2020,09:28:14,59.35,58,900,59.15,900,0,16800
INDIGO30Jan201360PE.NFO,07/01/2020,09:28:24,59.35,58.05,900,59.25,600,0,16800
INDIGO30Jan201360PE.NFO,07/01/2020,09:28:30,59.35,58.8,600,59.8,900,0,16800
INDIGO30Jan201360PE.NFO,07/01/2020,09:28:35,59.35,58.8,600,59.9,300,0,16800
INDIGO30Jan201360PE.NFO,07/01/2020,09:28:45,60.85,59.45,1200,61,300,1800,16800
INDIGO30Jan201360PE.NFO,07/01/2020,09:28:45,60.85,59.45,1200,61,300,0,16800
INDIGO30Jan201360PE.NFO,07/01/2020,09:28:51,59.55,58.95,600,60.2,1500,300,16800
INDIGO30Jan201360PE.NFO,07/01/2020,09:28:57,59.55,58.55,600,60.2,1500,0,16800
INDIGO30Jan201360PE.NFO,07/01/2020,09:29:08,59.55,58.55,600,60,1500,0,16800
INDIGO30Jan201360PE.NFO,07/01/2020,09:29:19,59.55,58.55,600,59.8,1200,0,16800
INDIGO30Jan201360PE.NFO,07/01/2020,09:29:30,59.55,58.8,1500,59.9,300,0,16800
INDIGO30Jan201360PE.NFO,07/01/2020,09:29:36,59.55,58.85,1200,60,900,0,16800
INDIGO30Jan201360PE.NFO,07/01/2020,09:29:46,59.55,59.1,1200,60.3,900,0,16800
INDIGO30Jan201360PE.NFO,07/01/2020,09:29:51,59.55,59.15,1500,60.3,900,0,16800
INDIGO30Jan201360PE.NFO,07/01/2020,09:29:59,59.55,59.4,600,60.5,1200,0,16800
INDIGO30Jan201360PE.NFO,07/01/2020,09:30:03,59.55,59.05,300,60.5,1200,0,16800
INDIGO30Jan201360PE.NFO,07/01/2020,09:30:09,59.55,59.05,1500,60.2,1200,0,16800
INDIGO30Jan201360PE.NFO,07/01/2020,09:30:14,58.95,59,1200,60.1,900,300,16800
INDIGO30Jan201360PE.NFO,07/01/2020,09:30:34,58.95,59,1200,60.1,900,0,16800
INDIGO30Jan201360PE.NFO,07/01/2020,09:30:39,58.95,59.05,1200,60.1,900,0,16800
INDIGO30Jan201360PE.NFO,07/01/2020,09:30:49,59.05,59,1200,60.5,1200,600,16800
INDIGO30Jan201360PE.NFO,07/01/2020,09:30:54,59.05,59.05,300,60.5,1200,0,16800
INDIGO30Jan201360PE.NFO,07/01/2020,09:30:59,59.05,59.05,600,60.3,900,0,16800
INDIGO30Jan201360PE.NFO,07/01/2020,09:31:04,59.05,58.75,300,59.85,300,0,16800
INDIGO30Jan201360PE.NFO,07/01/2020,09:31:10,59.05,58.5,1500,59.75,1200,0,16800
INDIGO30Jan201360PE.NFO,07/01/2020,09:31:17,59.05,58.25,1500,59.5,600,0,16800
INDIGO30Jan201360PE.NFO,07/01/2020,09:31:22,59.05,58.25,1500,59.5,300,0,16800
INDIGO30Jan201360PE.NFO,07/01/2020,09:31:28,59.05,59.15,300,60.45,300,0,16800
INDIGO30Jan201360PE.NFO,07/01/2020,09:31:33,59.05,59.15,300,60.4,900,0,16800
INDIGO30Jan201360PE.NFO,07/01/2020,09:31:39,59.05,59.1,300,60.25,300,0,16800
INDIGO30Jan201360PE.NFO,07/01/2020,09:31:45,59.05,59.05,900,60.2,1200,0,16800
INDIGO30Jan201360PE.NFO,07/01/2020,09:31:50,59.05,58.85,300,60,900,0,16800
INDIGO30Jan201360PE.NFO,07/01/2020,09:31:55,59.05,58.85,900,60,900,0,16800
INDIGO30Jan201360PE.NFO,07/01/2020,09:32:01,59.05,58.8,300,60,900,0,16800
INDIGO30Jan201360PE.NFO,07/01/2020,09:32:06,59.05,58.8,300,59.95,300,0,16800
INDIGO30Jan201360PE.NFO,07/01/2020,09:32:12,58.8,58.65,1800,59.95,300,300,16800
INDIGO30Jan201360PE.NFO,07/01/2020,09:32:18,58.65,57.95,300,59,300,600,16200
INDIGO30Jan201360PE.NFO,07/01/2020,09:32:24,57.95,57.45,1200,58.5,300,300,16200
INDIGO30Jan201360PE.NFO,07/01/2020,09:32:30,57.95,58.05,900,59.1,300,0,16200
INDIGO30Jan201360PE.NFO,07/01/2020,09:32:36,57.95,58.1,900,59.2,300,0,16200
INDIGO30Jan201360PE.NFO,07/01/2020,09:32:41,57.95,58.15,1200,59.3,300,0,16200
INDIGO30Jan201360PE.NFO,07/01/2020,09:32:47,57.95,58.25,1500,59.75,1200,0,16200
INDIGO30Jan201360PE.NFO,07/01/2020,09:32:53,57.95,58.25,1500,59.8,300,0,16200
INDIGO30Jan201360PE.NFO,07/01/2020,09:33:16,57.95,58.25,1500,59.9,300,0,16200
INDIGO30Jan201360PE.NFO,07/01/2020,09:33:27,57.95,58.25,1800,59.8,300,0,16200
INDIGO30Jan201360PE.NFO,07/01/2020,09:33:36,57.95,58.25,1800,60.4,300,0,16200
INDIGO30Jan201360PE.NFO,07/01/2020,09:34:00,57.95,58.65,1500,60.4,300,0,16200
INDIGO30Jan201360PE.NFO,07/01/2020,09:34:05,57.95,58.95,1500,60.4,300,0,16200
INDIGO30Jan201360PE.NFO,07/01/2020,09:34:11,57.95,59.15,1200,60.4,300,0,16200
INDIGO30Jan201360PE.NFO,07/01/2020,09:34:21,57.95,59.4,300,60.35,900,0,16200
INDIGO30Jan201360PE.NFO,07/01/2020,09:34:44,57.95,59.15,300,60.3,900,0,16200
INDIGO30Jan201360PE.NFO,07/01/2020,09:34:49,57.95,59.1,300,60.25,300,0,16200
INDIGO30Jan201360PE.NFO,07/01/2020,09:34:55,57.95,58.75,300,59.95,900,0,16200
INDIGO30Jan201360PE.NFO,07/01/2020,09:35:00,57.95,58.7,300,59.7,900,0,16200
INDIGO30Jan201360PE.NFO,07/01/2020,09:35:20,57.95,58.75,900,59.75,900,0,16200
INDIGO30Jan201360PE.NFO,07/01/2020,09:35:25,57.95,59.15,300,60.1,300,0,16200
INDIGO30Jan201360PE.NFO,07/01/2020,09:35:30,57.95,59.2,300,60.15,600,0,16200
INDIGO30Jan201360PE.NFO,07/01/2020,09:35:41,57.95,59.15,600,60.15,600,0,16200
INDIGO30Jan201360PE.NFO,07/01/2020,09:35:47,57.95,59.15,900,60.15,600,0,16200
INDIGO30Jan201360PE.NFO,07/01/2020,09:36:05,57.95,59.2,300,60.1,600,0,16200
INDIGO30Jan201360PE.NFO,07/01/2020,09:36:10,57.95,58.9,300,59.7,900,0,16200
INDIGO30Jan201360PE.NFO,07/01/2020,09:36:16,57.95,58.4,300,59.45,600,0,16200
INDIGO30Jan201360PE.NFO,07/01/2020,09:36:28,57.95,58.85,300,59.75,600,0,16200
INDIGO30Jan201360PE.NFO,07/01/2020,09:36:41,57.95,58.65,600,59.7,900,0,16200
INDIGO30Jan201360PE.NFO,07/01/2020,09:36:55,57.95,58.65,300,59.6,600,0,16200
INDIGO30Jan201360PE.NFO,07/01/2020,09:37:04,59.2,58.6,900,60.1,300,4500,15600
INDIGO30Jan201360PE.NFO,07/01/2020,09:37:09,59.2,59.35,300,60.95,300,0,15600
INDIGO30Jan201360PE.NFO,07/01/2020,09:40:08,59.2,59.35,300,60.9,600,0,15600
INDIGO30Jan201360PE.NFO,07/01/2020,09:40:18,59.2,59.9,1200,61.15,1200,0,15600
INDIGO30Jan201360PE.NFO,07/01/2020,09:40:33,59.2,60,600,61.15,1200,0,15600
INDIGO30Jan201360PE.NFO,07/01/2020,09:40:38,59.2,60,900,61.15,1200,0,15600
INDIGO30Jan201360PE.NFO,07/01/2020,09:40:47,59.2,60.1,600,61.1,300,0,15600
INDIGO30Jan201360PE.NFO,07/01/2020,09:40:52,59.2,60.55,900,61.6,1200,0,15600
INDIGO30Jan201360PE.NFO,07/01/2020,09:41:01,59.2,60.85,1200,62.3,300,0,15600
INDIGO30Jan201360PE.NFO,07/01/2020,09:41:07,59.2,60.45,900,61.45,300,0,15600
INDIGO30Jan201360PE.NFO,07/01/2020,09:41:13,59.2,60.45,900,61.65,300,0,15600
INDIGO30Jan201360PE.NFO,07/01/2020,09:41:22,59.2,60.45,1200,61.65,600,0,15600
INDIGO30Jan201360PE.NFO,07/01/2020,09:41:26,59.2,60.1,900,61.25,600,0,15600
INDIGO30Jan201360PE.NFO,07/01/2020,09:41:41,59.2,59.75,300,61.15,300,0,15600
INDIGO30Jan201360PE.NFO,07/01/2020,09:41:45,59.2,59.7,900,60.55,300,0,15600
INDIGO30Jan201360PE.NFO,07/01/2020,09:41:57,59.2,59.25,1200,60.3,300,0,15600
INDIGO30Jan201360PE.NFO,07/01/2020,09:42:03,59.2,59.3,600,60.25,600,0,15600
INDIGO30Jan201360PE.NFO,07/01/2020,09:42:10,59.2,59.5,1200,60.7,600,0,15600
INDIGO30Jan201360PE.NFO,07/01/2020,09:42:23,59.2,60.05,300,60.7,600,0,15600
INDIGO30Jan201360PE.NFO,07/01/2020,09:42:30,60.05,59.65,600,60.5,300,300,15900
INDIGO30Jan201360PE.NFO,07/01/2020,09:42:37,60.05,59.3,300,60.5,600,0,15900
INDIGO30Jan201360PE.NFO,07/01/2020,09:42:43,60.05,59.7,600,60.5,600,0,15900
INDIGO30Jan201360PE.NFO,07/01/2020,09:43:02,60.05,59.8,300,60.5,600,0,15900
INDIGO30Jan201360PE.NFO,07/01/2020,09:43:08,60.05,59.95,900,60.95,900,0,15900
INDIGO30Jan201360PE.NFO,07/01/2020,09:43:24,60.05,59.8,600,60.95,1200,0,15900
INDIGO30Jan201360PE.NFO,07/01/2020,09:43:38,60.05,59.75,300,60.95,1200,0,15900
INDIGO30Jan201360PE.NFO,07/01/2020,09:43:43,60.05,59.7,900,60.6,900,0,15900
INDIGO30Jan201360PE.NFO,07/01/2020,09:44:01,60.6,60.2,600,60.85,300,300,15900
INDIGO30Jan201360PE.NFO,07/01/2020,09:44:29,60.6,60.2,600,60.85,300,0,15900
INDIGO30Jan201360PE.NFO,07/01/2020,09:44:34,60.6,60.1,900,60.85,300,0,15900
INDIGO30Jan201360PE.NFO,07/01/2020,09:44:39,60.6,59.95,600,60.75,300,0,15900
INDIGO30Jan201360PE.NFO,07/01/2020,09:44:44,60.6,59.95,300,60.75,300,0,15900
INDIGO30Jan201360PE.NFO,07/01/2020,09:44:54,60.6,59.4,300,60.45,300,0,15900
INDIGO30Jan201360PE.NFO,07/01/2020,09:45:05,60.6,58.85,600,59.7,600,0,15900
INDIGO30Jan201360PE.NFO,07/01/2020,09:45:11,60.6,58.5,600,59.4,600,0,15900
INDIGO30Jan201360PE.NFO,07/01/2020,09:45:18,60.6,58.75,300,59.4,600,0,15900
INDIGO30Jan201360PE.NFO,07/01/2020,09:45:24,60.6,58.75,600,59.4,600,0,15900
INDIGO30Jan201360PE.NFO,07/01/2020,09:45:30,60.6,58.8,300,59.7,900,0,15900
INDIGO30Jan201360PE.NFO,07/01/2020,09:45:36,60.6,58.9,600,59.7,900,0,15900
INDIGO30Jan201360PE.NFO,07/01/2020,09:45:53,60.6,58.9,300,59.7,900,0,15900
INDIGO30Jan201360PE.NFO,07/01/2020,09:46:15,60.6,58.75,600,59.6,900,0,15900
INDIGO30Jan201360PE.NFO,07/01/2020,09:46:19,60.6,58.8,300,59.5,600,0,15900
INDIGO30Jan201360PE.NFO,07/01/2020,09:46:29,59.5,58.85,300,59.5,300,300,15300
INDIGO30Jan201360PE.NFO,07/01/2020,09:46:57,59.5,58.85,300,59.5,300,0,15300
INDIGO30Jan201360PE.NFO,07/01/2020,09:47:02,59.5,59.1,300,60.05,1200,0,15300
INDIGO30Jan201360PE.NFO,07/01/2020,09:47:15,59.5,59.1,300,60,1200,0,15300
INDIGO30Jan201360PE.NFO,07/01/2020,09:47:19,59.5,58.95,300,59.85,900,0,15300
INDIGO30Jan201360PE.NFO,07/01/2020,09:47:29,59.5,59.05,600,59.85,600,0,15300
INDIGO30Jan201360PE.NFO,07/01/2020,09:47:34,59.5,59.1,300,59.85,600,0,15300
INDIGO30Jan201360PE.NFO,07/01/2020,09:47:50,59.5,59.1,300,59.95,300,0,15300
INDIGO30Jan201360PE.NFO,07/01/2020,09:48:30,59.5,59.15,300,60.35,300,0,15300
INDIGO30Jan201360PE.NFO,07/01/2020,09:48:34,59.5,59.15,300,60.35,600,0,15300
INDIGO30Jan201360PE.NFO,07/01/2020,09:48:38,59.5,58.8,300,59.7,600,0,15300
INDIGO30Jan201360PE.NFO,07/01/2020,09:48:43,59.5,58.5,300,59.5,300,0,15300
INDIGO30Jan201360PE.NFO,07/01/2020,09:48:52,59.5,58.1,600,59.4,300,0,15300
INDIGO30Jan201360PE.NFO,07/01/2020,09:48:55,59.5,58.2,300,59.4,300,0,15300
INDIGO30Jan201360PE.NFO,07/01/2020,09:49:03,59.5,58.7,300,59.7,300,0,15300
INDIGO30Jan201360PE.NFO,07/01/2020,09:49:13,59.5,58.2,300,59.4,300,0,15300
INDIGO30Jan201360PE.NFO,07/01/2020,09:49:18,59.5,58.35,300,59.5,900,0,15300
INDIGO30Jan201360PE.NFO,07/01/2020,09:49:23,59.5,58.5,300,59.6,300,0,15300
INDIGO30Jan201360PE.NFO,07/01/2020,09:49:29,59.5,58.5,300,59.5,300,0,15300
INDIGO30Jan201360PE.NFO,07/01/2020,09:49:35,59.5,58.5,300,59.5,600,0,15300
INDIGO30Jan201360PE.NFO,07/01/2020,09:49:40,59.5,58.5,300,59.65,300,0,15300
INDIGO30Jan201360PE.NFO,07/01/2020,09:49:45,59.5,58.5,300,59.65,600,0,15300
INDIGO30Jan201360PE.NFO,07/01/2020,09:49:55,59.5,58.3,300,59.5,300,0,15300
INDIGO30Jan201360PE.NFO,07/01/2020,09:49:59,59.5,58.15,300,59.3,300,0,15300
INDIGO30Jan201360PE.NFO,07/01/2020,09:50:05,59.5,58.1,600,59.3,600,0,15300
INDIGO30Jan201360PE.NFO,07/01/2020,09:50:10,59.5,58.35,300,59.4,600,0,15300
INDIGO30Jan201360PE.NFO,07/01/2020,09:50:21,59.5,58.35,300,59.55,600,0,15300
INDIGO30Jan201360PE.NFO,07/01/2020,09:50:26,59.5,58.55,300,59.55,300,0,15300
INDIGO30Jan201360PE.NFO,07/01/2020,09:50:30,59.5,58.5,300,59.45,300,0,15300
INDIGO30Jan201360PE.NFO,07/01/2020,09:50:40,59.5,58.55,300,59.55,300,0,15300
INDIGO30Jan201360PE.NFO,07/01/2020,09:50:46,59.5,58.5,300,59.55,300,0,15300
INDIGO30Jan201360PE.NFO,07/01/2020,09:50:52,59.5,58.7,300,59.7,600,0,15300
INDIGO30Jan201360PE.NFO,07/01/2020,09:51:01,59.5,58.7,300,59.7,300,0,15300
INDIGO30Jan201360PE.NFO,07/01/2020,09:51:06,59.5,58.75,300,59.85,600,0,15300
INDIGO30Jan201360PE.NFO,07/01/2020,09:51:11,59.5,59,300,60.05,900,0,15300
INDIGO30Jan201360PE.NFO,07/01/2020,09:51:17,59.5,58.8,300,59.95,300,0,15300
INDIGO30Jan201360PE.NFO,07/01/2020,09:51:27,59.5,58.8,300,59.95,600,0,15300
INDIGO30Jan201360PE.NFO,07/01/2020,09:51:37,59.5,58.8,300,59.8,300,0,15300
INDIGO30Jan201360PE.NFO,07/01/2020,09:51:42,59.5,58.8,300,59.8,600,0,15300
INDIGO30Jan201360PE.NFO,07/01/2020,09:51:46,59.5,58.45,300,59.6,300,0,15300
INDIGO30Jan201360PE.NFO,07/01/2020,09:51:51,59.5,58.45,300,59.5,600,0,15300
INDIGO30Jan201360PE.NFO,07/01/2020,09:51:55,59.5,58.45,300,59.5,300,0,15300
INDIGO30Jan201360PE.NFO,07/01/2020,09:52:14,59.5,58.45,300,59.55,300,0,15300
INDIGO30Jan201360PE.NFO,07/01/2020,09:52:47,59.5,58.6,300,59.7,300,0,15300
INDIGO30Jan201360PE.NFO,07/01/2020,09:52:50,59.5,58.6,300,59.65,900,0,15300
INDIGO30Jan201360PE.NFO,07/01/2020,09:52:54,59.5,58.6,300,59.55,600,0,15300
INDIGO30Jan201360PE.NFO,07/01/2020,09:53:02,59.5,58.65,300,59.6,600,0,15300
INDIGO30Jan201360PE.NFO,07/01/2020,09:53:08,59.5,58.65,300,59.65,300,0,15300
INDIGO30Jan201360PE.NFO,07/01/2020,09:53:19,59.5,58.65,300,59.6,300,0,15300
INDIGO30Jan201360PE.NFO,07/01/2020,09:53:29,59.5,58.45,300,59.55,300,0,15300
INDIGO30Jan201360PE.NFO,07/01/2020,09:53:39,59.5,58.45,300,59.45,600,0,15300
INDIGO30Jan201360PE.NFO,07/01/2020,09:53:44,59.5,58.45,300,59.4,300,0,15300
INDIGO30Jan201360PE.NFO,07/01/2020,09:53:49,59.5,58.45,300,59.55,300,0,15300
INDIGO30Jan201360PE.NFO,07/01/2020,09:53:54,59.5,58.6,300,59.65,300,0,15300
INDIGO30Jan201360PE.NFO,07/01/2020,09:53:57,59.5,58.6,300,59.6,300,0,15300
INDIGO30Jan201360PE.NFO,07/01/2020,09:54:02,59.5,58.4,300,59.4,300,0,15300
INDIGO30Jan201360PE.NFO,07/01/2020,09:54:06,59.5,58.55,300,59.55,300,0,15300
INDIGO30Jan201360PE.NFO,07/01/2020,09:54:11,59.5,58.6,300,59.65,300,0,15300
INDIGO30Jan201360PE.NFO,07/01/2020,09:54:16,59.5,58.55,300,59.65,300,0,15300
INDIGO30Jan201360PE.NFO,07/01/2020,09:54:24,59.5,58.7,600,59.85,300,0,15300
INDIGO30Jan201360PE.NFO,07/01/2020,09:54:29,59.5,58.55,300,59.65,900,0,15300
INDIGO30Jan201360PE.NFO,07/01/2020,09:54:34,59.5,58.75,300,59.65,300,0,15300
INDIGO30Jan201360PE.NFO,07/01/2020,09:54:38,59.5,58.7,300,59.65,900,0,15300
INDIGO30Jan201360PE.NFO,07/01/2020,09:55:12,59.5,57.7,300,58.75,600,0,15300
INDIGO30Jan201360PE.NFO,07/01/2020,09:55:17,59.5,57.7,300,58.7,300,0,15300
INDIGO30Jan201360PE.NFO,07/01/2020,09:55:22,59.5,57.7,300,58.75,300,0,15300
INDIGO30Jan201360PE.NFO,07/01/2020,09:55:31,59.5,57.8,300,58.8,300,0,15300
INDIGO30Jan201360PE.NFO,07/01/2020,09:55:40,59.5,57.8,300,58.8,600,0,15300
INDIGO30Jan201360PE.NFO,07/01/2020,09:55:50,59.5,57.8,300,58.75,300,0,15300
INDIGO30Jan201360PE.NFO,07/01/2020,09:55:55,59.5,57.8,300,58.85,300,0,15300
INDIGO30Jan201360PE.NFO,07/01/2020,09:56:04,59.5,57.85,300,58.9,300,0,15300
INDIGO30Jan201360PE.NFO,07/01/2020,09:56:09,59.5,58,300,58.85,600,0,15300
INDIGO30Jan201360PE.NFO,07/01/2020,09:56:14,59.5,57.9,300,58.9,300,0,15300
INDIGO30Jan201360PE.NFO,07/01/2020,09:56:19,59.5,58.15,300,58.95,300,0,15300
INDIGO30Jan201360PE.NFO,07/01/2020,09:56:25,59.5,58.25,300,59.15,600,0,15300
INDIGO30Jan201360PE.NFO,07/01/2020,09:56:30,59.5,58.25,300,59.15,300,0,15300
INDIGO30Jan201360PE.NFO,07/01/2020,09:56:36,59.5,57.95,300,58.8,300,0,15300
INDIGO30Jan201360PE.NFO,07/01/2020,09:56:41,59.5,58,300,58.9,300,0,15300
INDIGO30Jan201360PE.NFO,07/01/2020,09:57:44,59.5,58.2,900,59.3,300,0,15300
INDIGO30Jan201360PE.NFO,07/01/2020,09:57:48,59.5,58.25,300,59.2,600,0,15300
INDIGO30Jan201360PE.NFO,07/01/2020,09:57:53,59.5,58.25,300,59.1,600,0,15300
INDIGO30Jan201360PE.NFO,07/01/2020,09:57:58,59.5,58.25,300,59.15,300,0,15300
INDIGO30Jan201360PE.NFO,07/01/2020,09:58:03,59.5,58.45,300,59.35,300,0,15300
INDIGO30Jan201360PE.NFO,07/01/2020,09:58:16,59.5,58.55,300,59.55,300,0,15300
INDIGO30Jan201360PE.NFO,07/01/2020,09:58:34,59.5,58.6,300,59.55,300,0,15300
INDIGO30Jan201360PE.NFO,07/01/2020,09:58:38,59.5,58.75,300,59.6,300,0,15300
INDIGO30Jan201360PE.NFO,07/01/2020,09:58:42,59.5,58.6,300,59.55,600,0,15300
INDIGO30Jan201360PE.NFO,07/01/2020,09:58:48,59.5,58.85,300,59.65,300,0,15300
INDIGO30Jan201360PE.NFO,07/01/2020,09:59:00,59.5,58.95,300,59.75,600,0,15300
INDIGO30Jan201360PE.NFO,07/01/2020,09:59:06,59.5,58.7,300,59.75,600,0,15300
INDIGO30Jan201360PE.NFO,07/01/2020,09:59:17,59.5,58.85,300,59.75,900,0,15300
INDIGO30Jan201360PE.NFO,07/01/2020,09:59:22,59.5,58.7,300,59.8,300,0,15300
INDIGO30Jan201360PE.NFO,07/01/2020,09:59:27,59.5,58.7,600,59.8,300,0,15300
INDIGO30Jan201360PE.NFO,07/01/2020,09:59:33,59.5,59.1,300,60,300,0,15300
INDIGO30Jan201360PE.NFO,07/01/2020,09:59:38,59.5,58.85,300,60,900,0,15300
INDIGO30Jan201360PE.NFO,07/01/2020,09:59:44,59.5,58.65,300,59.9,300,0,15300
INDIGO30Jan201360PE.NFO,07/01/2020,09:59:49,59.5,58.75,300,59.9,600,0,15300
INDIGO30Jan201360PE.NFO,07/01/2020,09:59:55,59.5,59.1,300,60,300,0,15300
INDIGO30Jan201360PE.NFO,07/01/2020,10:00:06,59.5,59.1,300,60.15,300,0,15300
INDIGO30Jan201360PE.NFO,07/01/2020,10:00:16,59.5,59.25,300,60.45,300,0,15300
INDIGO30Jan201360PE.NFO,07/01/2020,10:00:22,59.5,59.3,300,60.4,900,0,15300
INDIGO30Jan201360PE.NFO,07/01/2020,10:00:28,59.5,59.3,300,60.4,600,0,15300
INDIGO30Jan201360PE.NFO,07/01/2020,10:00:38,59.5,59.1,300,60.3,300,0,15300
INDIGO30Jan201360PE.NFO,07/01/2020,10:00:44,59.5,59.15,300,60.2,300,0,15300
INDIGO30Jan201360PE.NFO,07/01/2020,10:00:52,59.5,59.15,300,60.4,300,0,15300
INDIGO30Jan201360PE.NFO,07/01/2020,10:00:58,59.5,59.15,300,60.35,600,0,15300
INDIGO30Jan201360PE.NFO,07/01/2020,10:01:04,59.5,59.1,300,60.4,300,0,15300
INDIGO30Jan201360PE.NFO,07/01/2020,10:01:10,59.5,59.1,300,60.35,300,0,15300
INDIGO30Jan201360PE.NFO,07/01/2020,10:01:16,60.35,59.75,300,61.1,300,300,15000
INDIGO30Jan201360PE.NFO,07/01/2020,10:01:23,60.35,60.05,300,61.55,300,0,15000
INDIGO30Jan201360PE.NFO,07/01/2020,10:01:35,60.35,60.25,300,61.45,300,0,15000
INDIGO30Jan201360PE.NFO,07/01/2020,10:01:41,60.35,60.3,300,61.9,600,0,15000
INDIGO30Jan201360PE.NFO,07/01/2020,10:01:47,60.35,60.4,300,61.6,300,0,15000
INDIGO30Jan201360PE.NFO,07/01/2020,10:01:58,61.5,60.55,300,63.7,600,300,15000
INDIGO30Jan201360PE.NFO,07/01/2020,10:01:58,61.5,60.55,300,63.7,600,0,15000
INDIGO30Jan201360PE.NFO,07/01/2020,10:02:03,61.5,60.7,300,63.5,600,0,15000
INDIGO30Jan201360PE.NFO,07/01/2020,10:02:08,61.5,60.9,300,63.5,300,0,15000
INDIGO30Jan201360PE.NFO,07/01/2020,10:02:14,61.5,60.95,300,63.3,600,0,15000
INDIGO30Jan201360PE.NFO,07/01/2020,10:02:19,61.5,61,300,63.2,600,0,15000
INDIGO30Jan201360PE.NFO,07/01/2020,10:02:24,61.5,61.15,300,64.95,600,0,15000
INDIGO30Jan201360PE.NFO,07/01/2020,10:02:30,61.5,61.25,300,64.75,600,0,15000
INDIGO30Jan201360PE.NFO,07/01/2020,10:02:35,61.5,61.3,300,64.55,600,0,15000
INDIGO30Jan201360PE.NFO,07/01/2020,10:02:42,61.5,61.4,300,64.35,600,0,15000
INDIGO30Jan201360PE.NFO,07/01/2020,10:02:47,61.5,61.5,300,64.15,600,0,15000
INDIGO30Jan201360PE.NFO,07/01/2020,10:02:52,61.5,61.55,300,63.95,600,0,15000
INDIGO30Jan201360PE.NFO,07/01/2020,10:03:07,61.5,61.65,300,64,300,0,15000
INDIGO30Jan201360PE.NFO,07/01/2020,10:03:11,61.5,61.7,300,65.9,1500,0,15000
INDIGO30Jan201360PE.NFO,07/01/2020,10:03:16,61.5,61.8,300,65.8,600,0,15000
INDIGO30Jan201360PE.NFO,07/01/2020,10:03:21,61.5,61.9,300,65.6,600,0,15000
INDIGO30Jan201360PE.NFO,07/01/2020,10:03:26,61.5,62.05,300,65.4,600,0,15000
INDIGO30Jan201360PE.NFO,07/01/2020,10:03:31,61.5,62.15,300,65.2,600,0,15000
INDIGO30Jan201360PE.NFO,07/01/2020,10:03:35,61.5,62.2,300,65,600,0,15000
INDIGO30Jan201360PE.NFO,07/01/2020,10:03:39,61.5,62.35,300,64.25,300,0,15000
INDIGO30Jan201360PE.NFO,07/01/2020,10:03:58,61.5,62.55,300,64,300,0,15000
INDIGO30Jan201360PE.NFO,07/01/2020,10:04:29,61.5,62.6,300,64,300,0,15000
INDIGO30Jan201360PE.NFO,07/01/2020,10:04:34,62.65,62.55,300,63.85,300,300,14400
INDIGO30Jan201360PE.NFO,07/01/2020,10:04:34,62.65,62.55,300,63.85,300,0,14400
INDIGO30Jan201360PE.NFO,07/01/2020,10:04:38,62.55,61.75,600,63.35,300,300,14400
INDIGO30Jan201360PE.NFO,07/01/2020,10:04:43,62.55,61.85,300,63.25,300,0,14400
INDIGO30Jan201360PE.NFO,07/01/2020,10:04:52,62.55,61.9,300,63.25,300,0,14400
INDIGO30Jan201360PE.NFO,07/01/2020,10:05:01,62.55,62.1,300,63.35,300,0,14400
INDIGO30Jan201360PE.NFO,07/01/2020,10:05:06,62.55,62.15,300,63.65,300,0,14400
INDIGO30Jan201360PE.NFO,07/01/2020,10:06:52,62.55,62.2,300,63.65,600,0,14400
INDIGO30Jan201360PE.NFO,07/01/2020,10:06:57,62.55,62.25,300,63.55,300,0,14400
INDIGO30Jan201360PE.NFO,07/01/2020,10:07:02,62.55,62.3,300,63.65,300,0,14400
INDIGO30Jan201360PE.NFO,07/01/2020,10:07:46,62.55,62,300,63.25,300,0,14400
INDIGO30Jan201360PE.NFO,07/01/2020,10:08:06,62.55,62.05,600,63.25,300,0,14400
INDIGO30Jan201360PE.NFO,07/01/2020,10:08:24,62.55,62.1,600,63.25,300,0,14400
INDIGO30Jan201360PE.NFO,07/01/2020,10:08:39,62.55,61.7,300,63.2,300,0,14400
INDIGO30Jan201360PE.NFO,07/01/2020,10:08:44,62.55,62.05,300,63.2,300,0,14400
INDIGO30Jan201360PE.NFO,07/01/2020,10:08:56,62.55,61.95,600,63.05,300,0,14400
INDIGO30Jan201360PE.NFO,07/01/2020,10:09:05,62.55,61.95,600,63.2,300,0,14400
INDIGO30Jan201360PE.NFO,07/01/2020,10:09:09,62.55,61.95,300,63.1,300,0,14400
INDIGO30Jan201360PE.NFO,07/01/2020,10:09:13,62.55,61.75,300,63,300,0,14400
INDIGO30Jan201360PE.NFO,07/01/2020,10:09:18,62.55,61.85,300,63,300,0,14400
INDIGO30Jan201360PE.NFO,07/01/2020,10:09:26,62.55,61.65,300,62.75,300,0,14400
INDIGO30Jan201360PE.NFO,07/01/2020,10:09:31,62.55,61.25,300,62.75,300,0,14400
INDIGO30Jan201360PE.NFO,07/01/2020,10:09:35,62.55,61.7,300,62.75,300,0,14400
INDIGO30Jan201360PE.NFO,07/01/2020,10:09:43,62.55,60.45,600,62.75,300,0,14400
INDIGO30Jan201360PE.NFO,07/01/2020,10:09:48,62.55,61.65,300,62.75,300,0,14400
INDIGO30Jan201360PE.NFO,07/01/2020,10:09:52,62.55,61.7,600,62.75,300,0,14400
INDIGO30Jan201360PE.NFO,07/01/2020,10:10:12,62.55,60.45,900,62.75,300,0,14400
INDIGO30Jan201360PE.NFO,07/01/2020,10:10:17,62.55,61.65,300,62.65,300,0,14400
INDIGO30Jan201360PE.NFO,07/01/2020,10:10:21,62.55,61.7,300,62.65,300,0,14400
INDIGO30Jan201360PE.NFO,07/01/2020,10:10:29,62.55,61.7,600,62.65,300,0,14400
INDIGO30Jan201360PE.NFO,07/01/2020,10:10:33,62.55,61.55,300,62.65,300,0,14400
INDIGO30Jan201360PE.NFO,07/01/2020,10:11:13,62.55,61.85,300,62.8,300,0,14400
INDIGO30Jan201360PE.NFO,07/01/2020,10:11:18,62.55,61.55,300,62.7,600,0,14400
INDIGO30Jan201360PE.NFO,07/01/2020,10:11:24,62.55,61.65,600,62.7,600,0,14400
INDIGO30Jan201360PE.NFO,07/01/2020,10:11:29,62.55,61.55,300,62.6,300,0,14400
INDIGO30Jan201360PE.NFO,07/01/2020,10:11:34,62.55,61.5,300,62.5,300,0,14400
INDIGO30Jan201360PE.NFO,07/01/2020,10:11:39,62.55,61.55,600,62.6,300,0,14400
INDIGO30Jan201360PE.NFO,07/01/2020,10:11:44,62.55,61.6,600,62.6,300,0,14400
INDIGO30Jan201360PE.NFO,07/01/2020,10:12:00,62.55,61.55,300,62.6,300,0,14400
INDIGO30Jan201360PE.NFO,07/01/2020,10:12:05,62.55,61.65,300,62.7,600,0,14400
INDIGO30Jan201360PE.NFO,07/01/2020,10:12:11,62.55,61.65,600,62.7,600,0,14400
INDIGO30Jan201360PE.NFO,07/01/2020,10:12:17,62.55,61.6,600,62.75,300,0,14400
INDIGO30Jan201360PE.NFO,07/01/2020,10:12:22,62.55,61.55,300,62.75,300,0,14400
INDIGO30Jan201360PE.NFO,07/01/2020,10:12:45,62.55,61.8,300,62.85,300,0,14400
INDIGO30Jan201360PE.NFO,07/01/2020,10:12:50,62.55,61.75,300,63.05,300,0,14400
INDIGO30Jan201360PE.NFO,07/01/2020,10:12:55,62.55,61.95,300,63.05,300,0,14400
INDIGO30Jan201360PE.NFO,07/01/2020,10:13:11,62.55,62.05,600,63.1,600,0,14400
INDIGO30Jan201360PE.NFO,07/01/2020,10:13:17,62.55,61.8,600,63,300,0,14400
INDIGO30Jan201360PE.NFO,07/01/2020,10:13:27,62.55,61.8,600,62.95,600,0,14400
INDIGO30Jan201360PE.NFO,07/01/2020,10:13:31,62.55,62,600,63,300,0,14400
INDIGO30Jan201360PE.NFO,07/01/2020,10:13:35,62.55,61.9,300,62.9,300,0,14400
INDIGO30Jan201360PE.NFO,07/01/2020,10:13:40,62.55,61.9,600,62.95,300,0,14400
INDIGO30Jan201360PE.NFO,07/01/2020,10:13:44,62.55,61.9,300,63,600,0,14400
INDIGO30Jan201360PE.NFO,07/01/2020,10:13:50,62.55,62,600,63,600,0,14400
INDIGO30Jan201360PE.NFO,07/01/2020,10:14:10,62.55,62.1,600,63.05,300,0,14400
INDIGO30Jan201360PE.NFO,07/01/2020,10:14:15,62.55,61.85,300,62.9,300,0,14400
INDIGO30Jan201360PE.NFO,07/01/2020,10:14:21,62.55,61.95,600,62.9,300,0,14400
INDIGO30Jan201360PE.NFO,07/01/2020,10:14:26,62.55,61.95,300,62.95,300,0,14400
INDIGO30Jan201360PE.NFO,07/01/2020,10:14:31,62.55,61.95,600,62.9,300,0,14400
INDIGO30Jan201360PE.NFO,07/01/2020,10:14:36,62.55,62,300,62.95,300,0,14400
INDIGO30Jan201360PE.NFO,07/01/2020,10:14:41,62.55,61.9,300,62.9,600,0,14400
INDIGO30Jan201360PE.NFO,07/01/2020,10:14:46,62.55,62,300,62.85,300,0,14400
INDIGO30Jan201360PE.NFO,07/01/2020,10:14:51,62.55,62,300,62.95,300,0,14400
INDIGO30Jan201360PE.NFO,07/01/2020,10:14:56,62.55,60.85,900,62.9,300,0,14400
INDIGO30Jan201360PE.NFO,07/01/2020,10:15:01,62.55,60.85,900,62.65,300,0,14400
INDIGO30Jan201360PE.NFO,07/01/2020,10:15:22,62.55,60.85,900,62.55,300,0,14400
INDIGO30Jan201360PE.NFO,07/01/2020,10:15:26,62.55,60.85,900,62.5,600,0,14400
INDIGO30Jan201360PE.NFO,07/01/2020,10:15:41,62.55,60.85,900,62.4,600,0,14400
INDIGO30Jan201360PE.NFO,07/01/2020,10:15:52,62.55,60.85,900,62.3,300,0,14400
INDIGO30Jan201360PE.NFO,07/01/2020,10:15:58,62.55,60.85,900,62.3,600,0,14400
INDIGO30Jan201360PE.NFO,07/01/2020,10:16:02,62.55,60.85,900,62.25,300,0,14400
INDIGO30Jan201360PE.NFO,07/01/2020,10:16:07,62.55,60.8,600,62.1,600,0,14400
INDIGO30Jan201360PE.NFO,07/01/2020,10:16:12,62.55,60.8,600,62.05,300,0,14400
INDIGO30Jan201360PE.NFO,07/01/2020,10:16:16,62.55,60.3,300,61.75,300,0,14400
INDIGO30Jan201360PE.NFO,07/01/2020,10:16:24,62.55,60.6,300,61.6,300,0,14400
INDIGO30Jan201360PE.NFO,07/01/2020,10:16:29,62.55,60.4,600,61.4,300,0,14400
INDIGO30Jan201360PE.NFO,07/01/2020,10:16:40,62.55,60.5,300,61.65,1200,0,14400
INDIGO30Jan201360PE.NFO,07/01/2020,10:16:45,62.55,60.2,300,61.1,300,0,14400
INDIGO30Jan201360PE.NFO,07/01/2020,10:16:54,62.55,60.2,300,61.3,600,0,14400
INDIGO30Jan201360PE.NFO,07/01/2020,10:16:58,62.55,60.3,300,61.45,300,0,14400
INDIGO30Jan201360PE.NFO,07/01/2020,10:17:06,62.55,60.4,300,61.55,600,0,14400
INDIGO30Jan201360PE.NFO,07/01/2020,10:17:11,62.55,60.2,300,61.35,300,0,14400
INDIGO30Jan201360PE.NFO,07/01/2020,10:17:12,62.55,60.3,300,61.35,300,0,14400
INDIGO30Jan201360PE.NFO,07/01/2020,10:17:14,62.55,60.2,300,61.35,300,0,14400
INDIGO30Jan201360PE.NFO,07/01/2020,10:17:15,62.55,60.25,300,61.25,300,0,14400
INDIGO30Jan201360PE.NFO,07/01/2020,10:17:16,62.55,60.25,300,61.15,300,0,14400
INDIGO30Jan201360PE.NFO,07/01/2020,10:17:27,62.55,60.2,300,61.15,300,0,14400
INDIGO30Jan201360PE.NFO,07/01/2020,10:17:35,62.55,60.2,600,61.15,300,0,14400
INDIGO30Jan201360PE.NFO,07/01/2020,10:17:37,62.55,60.15,600,61.15,300,0,14400
INDIGO30Jan201360PE.NFO,07/01/2020,10:17:43,62.55,60.25,300,61.35,300,0,14400
INDIGO30Jan201360PE.NFO,07/01/2020,10:17:45,62.55,60.35,600,61.35,600,0,14400
INDIGO30Jan201360PE.NFO,07/01/2020,10:17:45,62.55,60.25,300,61.45,300,0,14400
INDIGO30Jan201360PE.NFO,07/01/2020,10:17:47,62.55,60.4,300,61.45,300,0,14400
INDIGO30Jan201360PE.NFO,07/01/2020,10:17:48,62.55,60.35,300,61.45,300,0,14400
INDIGO30Jan201360PE.NFO,07/01/2020,10:17:49,62.55,60.45,300,61.45,300,0,14400
INDIGO30Jan201360PE.NFO,07/01/2020,10:17:50,62.55,60.5,600,61.45,300,0,14400
INDIGO30Jan201360PE.NFO,07/01/2020,10:18:04,62.55,60.4,300,61.45,300,0,14400
INDIGO30Jan201360PE.NFO,07/01/2020,10:18:06,62.55,60.4,300,61.35,300,0,14400
INDIGO30Jan201360PE.NFO,07/01/2020,10:18:08,62.55,60.25,300,61.35,300,0,14400
INDIGO30Jan201360PE.NFO,07/01/2020,10:18:09,62.55,60.2,300,61.35,300,0,14400
INDIGO30Jan201360PE.NFO,07/01/2020,10:18:11,62.55,60.35,300,61.35,300,0,14400
INDIGO30Jan201360PE.NFO,07/01/2020,10:18:12,62.55,60.15,300,61.35,600,0,14400
INDIGO30Jan201360PE.NFO,07/01/2020,10:18:14,62.55,59.9,300,61.35,300,0,14400
INDIGO30Jan201360PE.NFO,07/01/2020,10:18:18,62.55,59.95,300,61.25,300,0,14400
INDIGO30Jan201360PE.NFO,07/01/2020,10:18:26,62.55,60.15,300,61.25,300,0,14400
INDIGO30Jan201360PE.NFO,07/01/2020,10:18:30,62.55,60.05,300,61.25,300,0,14400
INDIGO30Jan201360PE.NFO,07/01/2020,10:18:35,62.55,60.15,300,61.25,300,0,14400
INDIGO30Jan201360PE.NFO,07/01/2020,10:18:41,62.55,60.3,600,61.25,300,0,14400
INDIGO30Jan201360PE.NFO,07/01/2020,10:19:00,62.55,60.15,300,61.25,300,0,14400
INDIGO30Jan201360PE.NFO,07/01/2020,10:19:10,62.55,60.6,300,61.55,300,0,14400
INDIGO30Jan201360PE.NFO,07/01/2020,10:19:14,62.55,60.15,300,61.55,300,0,14400
INDIGO30Jan201360PE.NFO,07/01/2020,10:19:19,62.55,60.35,300,61.55,300,0,14400
INDIGO30Jan201360PE.NFO,07/01/2020,10:19:24,62.55,60.2,300,61.5,600,0,14400
INDIGO30Jan201360PE.NFO,07/01/2020,10:19:28,62.55,60.15,300,61.45,300,0,14400
INDIGO30Jan201360PE.NFO,07/01/2020,10:19:32,62.55,59.9,300,61.15,300,0,14400
INDIGO30Jan201360PE.NFO,07/01/2020,10:19:35,62.55,60.05,300,61.25,300,0,14400
INDIGO30Jan201360PE.NFO,07/01/2020,10:19:38,62.55,60,300,61.25,600,0,14400
INDIGO30Jan201360PE.NFO,07/01/2020,10:19:42,62.55,59.95,300,61.25,600,0,14400
INDIGO30Jan201360PE.NFO,07/01/2020,10:19:45,62.55,60.05,300,61.25,600,0,14400
INDIGO30Jan201360PE.NFO,07/01/2020,10:19:58,62.55,60.25,300,61.2,600,0,14400
INDIGO30Jan201360PE.NFO,07/01/2020,10:20:02,62.55,60.2,300,61.2,600,0,14400
INDIGO30Jan201360PE.NFO,07/01/2020,10:20:24,62.55,60.2,300,61.2,300,0,14400
INDIGO30Jan201360PE.NFO,07/01/2020,10:20:36,62.55,60.2,300,61.15,300,0,14400
INDIGO30Jan201360PE.NFO,07/01/2020,10:20:40,62.55,60.25,300,61.2,300,0,14400
INDIGO30Jan201360PE.NFO,07/01/2020,10:20:49,62.55,60.15,300,61.15,600,0,14400
INDIGO30Jan201360PE.NFO,07/01/2020,10:20:53,62.55,60.15,600,61.05,300,0,14400
INDIGO30Jan201360PE.NFO,07/01/2020,10:20:56,62.55,60.15,600,61.1,300,0,14400
INDIGO30Jan201360PE.NFO,07/01/2020,10:21:00,62.55,60.15,600,61.05,600,0,14400
INDIGO30Jan201360PE.NFO,07/01/2020,10:21:04,62.55,60.05,300,61.05,600,0,14400
INDIGO30Jan201360PE.NFO,07/01/2020,10:21:20,62.55,60.1,300,61.1,300,0,14400
INDIGO30Jan201360PE.NFO,07/01/2020,10:21:25,62.55,60.05,300,61.1,300,0,14400
INDIGO30Jan201360PE.NFO,07/01/2020,10:21:31,62.55,60.05,300,61.05,300,0,14400
INDIGO30Jan201360PE.NFO,07/01/2020,10:21:37,62.55,60.05,300,61.15,600,0,14400
INDIGO30Jan201360PE.NFO,07/01/2020,10:21:40,62.55,60.15,300,61.15,300,0,14400
INDIGO30Jan201360PE.NFO,07/01/2020,10:21:45,62.55,60.05,300,61.15,600,0,14400
INDIGO30Jan201360PE.NFO,07/01/2020,10:21:51,62.55,60.15,300,61.15,300,0,14400
INDIGO30Jan201360PE.NFO,07/01/2020,10:21:55,62.55,60.25,300,61.15,300,0,14400
INDIGO30Jan201360PE.NFO,07/01/2020,10:21:58,62.55,60.15,300,61.15,300,0,14400
INDIGO30Jan201360PE.NFO,07/01/2020,10:22:05,62.55,59.95,300,61.15,300,0,14400
INDIGO30Jan201360PE.NFO,07/01/2020,10:22:08,62.55,60.15,300,61.15,300,0,14400
INDIGO30Jan201360PE.NFO,07/01/2020,10:22:16,62.55,60.25,300,61.15,300,0,14400
INDIGO30Jan201360PE.NFO,07/01/2020,10:22:19,62.55,59.95,300,61.15,300,0,14400
INDIGO30Jan201360PE.NFO,07/01/2020,10:22:22,62.55,60.15,600,61.2,300,0,14400
INDIGO30Jan201360PE.NFO,07/01/2020,10:22:34,62.55,60.35,300,61.35,300,0,14400
INDIGO30Jan201360PE.NFO,07/01/2020,10:22:37,62.55,60.5,300,61.45,300,0,14400
INDIGO30Jan201360PE.NFO,07/01/2020,10:22:45,62.55,60.4,300,61.4,300,0,14400
INDIGO30Jan201360PE.NFO,07/01/2020,10:22:51,62.55,60.25,300,61.4,300,0,14400
INDIGO30Jan201360PE.NFO,07/01/2020,10:22:55,62.55,60.65,300,61.4,300,0,14400
INDIGO30Jan201360PE.NFO,07/01/2020,10:23:00,62.55,60.85,300,62.1,300,0,14400
INDIGO30Jan201360PE.NFO,07/01/2020,10:23:05,62.55,60.6,300,61.75,300,0,14400
INDIGO30Jan201360PE.NFO,07/01/2020,10:23:10,62.55,60.85,300,61.75,300,0,14400
INDIGO30Jan201360PE.NFO,07/01/2020,10:23:14,62.55,59.9,300,61.5,300,0,14400
INDIGO30Jan201360PE.NFO,07/01/2020,10:23:19,62.55,60.45,300,61.5,300,0,14400
INDIGO30Jan201360PE.NFO,07/01/2020,10:23:22,62.55,60.35,300,61.5,300,0,14400
INDIGO30Jan201360PE.NFO,07/01/2020,10:23:30,62.55,60.5,300,61.5,300,0,14400
INDIGO30Jan201360PE.NFO,07/01/2020,10:23:34,62.55,60.5,300,61.55,600,0,14400
INDIGO30Jan201360PE.NFO,07/01/2020,10:23:47,62.55,60.5,600,61.6,600,0,14400
INDIGO30Jan201360PE.NFO,07/01/2020,10:23:51,62.55,60.55,300,61.55,600,0,14400
INDIGO30Jan201360PE.NFO,07/01/2020,10:24:05,62.55,60.6,300,61.6,600,0,14400
INDIGO30Jan201360PE.NFO,07/01/2020,10:24:34,62.55,60.65,300,61.6,900,0,14400
INDIGO30Jan201360PE.NFO,07/01/2020,10:24:40,62.55,60.7,300,61.6,300,0,14400
INDIGO30Jan201360PE.NFO,07/01/2020,10:25:41,62.55,61.15,300,62.35,300,0,14400
INDIGO30Jan201360PE.NFO,07/01/2020,10:25:46,62.55,61.2,900,62.25,300,0,14400
INDIGO30Jan201360PE.NFO,07/01/2020,10:25:52,62.55,61.25,300,62.25,300,0,14400
INDIGO30Jan201360PE.NFO,07/01/2020,10:26:14,62.55,61.1,300,62.25,600,0,14400
INDIGO30Jan201360PE.NFO,07/01/2020,10:26:52,62.55,61.6,300,62.75,600,0,14400
INDIGO30Jan201360PE.NFO,07/01/2020,10:26:56,62.55,61.3,300,62.75,600,0,14400
INDIGO30Jan201360PE.NFO,07/01/2020,10:27:13,62.55,61.4,300,62.75,600,0,14400
INDIGO30Jan201360PE.NFO,07/01/2020,10:27:31,62.55,61.85,300,63.2,600,0,14400
INDIGO30Jan201360PE.NFO,07/01/2020,10:27:41,62.55,61.7,300,63,300,0,14400
INDIGO30Jan201360PE.NFO,07/01/2020,10:27:52,62.55,62,300,63,600,0,14400
INDIGO30Jan201360PE.NFO,07/01/2020,10:28:07,62.55,62.05,300,63.4,300,0,14400
INDIGO30Jan201360PE.NFO,07/01/2020,10:30:23,62.55,62.1,300,63.2,300,0,14400
INDIGO30Jan201360PE.NFO,07/01/2020,10:30:25,62.55,62.15,300,63.2,600,0,14400
INDIGO30Jan201360PE.NFO,07/01/2020,10:30:48,62.55,62,300,63.2,600,0,14400
INDIGO30Jan201360PE.NFO,07/01/2020,10:31:04,62.55,62.05,300,63.1,300,0,14400
INDIGO30Jan201360PE.NFO,07/01/2020,10:31:14,62.55,62,600,63,600,0,14400
INDIGO30Jan201360PE.NFO,07/01/2020,10:31:17,62.55,62.05,300,62.95,300,0,14400
INDIGO30Jan201360PE.NFO,07/01/2020,10:31:20,62.55,62,600,63,300,0,14400
INDIGO30Jan201360PE.NFO,07/01/2020,10:31:35,62.55,62.1,300,63.1,300,0,14400
INDIGO30Jan201360PE.NFO,07/01/2020,10:31:53,62.55,62.05,300,63.35,300,0,14400
INDIGO30Jan201360PE.NFO,07/01/2020,10:32:00,62.55,62.25,300,63.2,300,0,14400
INDIGO30Jan201360PE.NFO,07/01/2020,10:32:04,62.55,62.25,300,63.55,300,0,14400
INDIGO30Jan201360PE.NFO,07/01/2020,10:32:08,62.55,62.25,300,63.5,600,0,14400
INDIGO30Jan201360PE.NFO,07/01/2020,10:32:12,62.55,62.4,300,63.4,300,0,14400
INDIGO30Jan201360PE.NFO,07/01/2020,10:32:16,62.55,62.3,300,63.45,300,0,14400
INDIGO30Jan201360PE.NFO,07/01/2020,10:32:43,62.55,62.45,300,63.5,300,0,14400
INDIGO30Jan201360PE.NFO,07/01/2020,10:33:10,62.55,62.5,300,63.4,900,0,14400
INDIGO30Jan201360PE.NFO,07/01/2020,10:33:15,62.55,62.45,300,63.4,900,0,14400
INDIGO30Jan201360PE.NFO,07/01/2020,10:33:31,62.55,62.3,300,63.4,900,0,14400
INDIGO30Jan201360PE.NFO,07/01/2020,10:33:58,62.55,62.4,300,63.4,300,0,14400
INDIGO30Jan201360PE.NFO,07/01/2020,10:34:08,62.55,62.45,300,63.4,300,0,14400
INDIGO30Jan201360PE.NFO,07/01/2020,10:34:29,62.55,62.4,600,63.25,600,0,14400
INDIGO30Jan201360PE.NFO,07/01/2020,10:34:45,62.55,62.45,300,63.4,300,0,14400
INDIGO30Jan201360PE.NFO,07/01/2020,10:34:50,62.55,62.45,300,63.35,300,0,14400
INDIGO30Jan201360PE.NFO,07/01/2020,10:35:02,62.55,62.5,300,63.4,300,0,14400
INDIGO30Jan201360PE.NFO,07/01/2020,10:35:18,62.55,62.65,300,63.65,300,0,14400
INDIGO30Jan201360PE.NFO,07/01/2020,10:35:21,62.55,62.4,300,63.6,600,0,14400
INDIGO30Jan201360PE.NFO,07/01/2020,10:35:32,62.55,62.45,300,63.55,300,0,14400
INDIGO30Jan201360PE.NFO,07/01/2020,10:35:39,62.55,62.45,300,63.25,300,0,14400
INDIGO30Jan201360PE.NFO,07/01/2020,10:36:18,62.55,62.55,600,63.5,300,0,14400
INDIGO30Jan201360PE.NFO,07/01/2020,10:36:22,62.55,62.5,600,63.3,300,0,14400
INDIGO30Jan201360PE.NFO,07/01/2020,10:36:27,62.55,62.45,300,63.4,300,0,14400
INDIGO30Jan201360PE.NFO,07/01/2020,10:36:32,62.55,62.55,300,63.4,300,0,14400
INDIGO30Jan201360PE.NFO,07/01/2020,10:36:34,62.55,62.55,600,63.4,300,0,14400
INDIGO30Jan201360PE.NFO,07/01/2020,10:36:52,62.55,62.6,300,63.4,300,0,14400
INDIGO30Jan201360PE.NFO,07/01/2020,10:37:04,62.55,62.6,300,63.4,600,0,14400
INDIGO30Jan201360PE.NFO,07/01/2020,10:37:44,62.55,62.45,300,63.25,600,0,14400
INDIGO30Jan201360PE.NFO,07/01/2020,10:37:53,62.55,62,300,63.05,600,0,14400
INDIGO30Jan201360PE.NFO,07/01/2020,10:37:58,62.55,62.45,300,63.25,300,0,14400
INDIGO30Jan201360PE.NFO,07/01/2020,10:38:06,62.55,62.4,600,63.2,300,0,14400
INDIGO30Jan201360PE.NFO,07/01/2020,10:38:12,62.55,62.5,300,63.4,300,0,14400
INDIGO30Jan201360PE.NFO,07/01/2020,10:38:14,62.55,62.55,300,63.4,300,0,14400
INDIGO30Jan201360PE.NFO,07/01/2020,10:38:26,62.55,62.35,300,63.4,300,0,14400
INDIGO30Jan201360PE.NFO,07/01/2020,10:38:29,62.55,62.45,300,63.35,300,0,14400
INDIGO30Jan201360PE.NFO,07/01/2020,10:38:36,62.55,62.5,300,63.35,300,0,14400
INDIGO30Jan201360PE.NFO,07/01/2020,10:38:38,62.55,60.85,1500,63.35,300,0,14400
INDIGO30Jan201360PE.NFO,07/01/2020,10:38:40,62.55,61.75,300,63.45,300,0,14400
INDIGO30Jan201360PE.NFO,07/01/2020,10:38:42,62.55,61.8,300,63.45,300,0,14400
INDIGO30Jan201360PE.NFO,07/01/2020,10:38:46,62.55,62.25,300,63.4,300,0,14400
INDIGO30Jan201360PE.NFO,07/01/2020,10:38:53,62.55,62.2,300,63.35,300,0,14400
INDIGO30Jan201360PE.NFO,07/01/2020,10:38:56,62.55,62.3,300,63.35,300,0,14400
INDIGO30Jan201360PE.NFO,07/01/2020,10:39:04,62.55,62.4,300,63.3,300,0,14400
INDIGO30Jan201360PE.NFO,07/01/2020,10:40:00,62.55,62.45,300,63.35,300,0,14400
INDIGO30Jan201360PE.NFO,07/01/2020,10:40:07,62.55,62.3,300,63.3,300,0,14400
INDIGO30Jan201360PE.NFO,07/01/2020,10:40:11,62.55,62.25,300,63.4,300,0,14400
INDIGO30Jan201360PE.NFO,07/01/2020,10:40:15,62.55,62.35,300,63.35,300,0,14400
INDIGO30Jan201360PE.NFO,07/01/2020,10:40:49,62.55,62.25,300,63.3,300,0,14400
INDIGO30Jan201360PE.NFO,07/01/2020,10:41:10,62.55,62.2,300,63.2,300,0,14400
INDIGO30Jan201360PE.NFO,07/01/2020,10:41:52,62.55,62.3,300,63.25,300,0,14400
INDIGO30Jan201360PE.NFO,07/01/2020,10:42:00,62.55,62.4,300,63.4,300,0,14400
INDIGO30Jan201360PE.NFO,07/01/2020,10:42:07,62.55,62.3,300,63.35,600,0,14400
INDIGO30Jan201360PE.NFO,07/01/2020,10:42:16,62.55,62.3,300,63.25,300,0,14400
INDIGO30Jan201360PE.NFO,07/01/2020,10:42:19,62.55,62.3,300,63.2,300,0,14400
INDIGO30Jan201360PE.NFO,07/01/2020,10:43:02,62.55,62.45,300,63.2,300,0,14400
INDIGO30Jan201360PE.NFO,07/01/2020,10:45:20,62.55,62.4,300,63.2,300,0,14400
INDIGO30Jan201360PE.NFO,07/01/2020,10:45:27,62.55,62.3,300,63.35,300,0,14400
INDIGO30Jan201360PE.NFO,07/01/2020,10:45:30,62.55,62.3,300,63.35,600,0,14400
INDIGO30Jan201360PE.NFO,07/01/2020,10:45:51,62.55,62.4,300,63.2,300,0,14400
INDIGO30Jan201360PE.NFO,07/01/2020,10:45:54,62.55,62.15,600,63.2,300,0,14400
INDIGO30Jan201360PE.NFO,07/01/2020,10:46:03,62.55,62.3,300,63.25,300,0,14400
INDIGO30Jan201360PE.NFO,07/01/2020,10:46:24,62.55,62,300,63.15,300,0,14400
INDIGO30Jan201360PE.NFO,07/01/2020,10:46:27,62.55,62,300,62.9,300,0,14400
INDIGO30Jan201360PE.NFO,07/01/2020,10:46:30,62.55,62,300,63,300,0,14400
INDIGO30Jan201360PE.NFO,07/01/2020,10:46:33,62.55,61.85,300,62.75,300,0,14400
INDIGO30Jan201360PE.NFO,07/01/2020,10:46:35,60.75,59.15,600,61.6,300,300,14400
INDIGO30Jan201360PE.NFO,07/01/2020,10:46:38,60.75,60.6,300,61.45,300,0,14400
INDIGO30Jan201360PE.NFO,07/01/2020,10:46:41,60.75,60.6,300,61.35,300,0,14400
INDIGO30Jan201360PE.NFO,07/01/2020,10:46:44,60.75,59.1,900,61.25,300,0,14400
INDIGO30Jan201360PE.NFO,07/01/2020,10:46:47,60.75,60.25,300,61.3,600,0,14400
INDIGO30Jan201360PE.NFO,07/01/2020,10:46:50,60.75,60.3,300,61.25,300,0,14400
INDIGO30Jan201360PE.NFO,07/01/2020,10:46:53,60.75,60.3,600,61.25,600,0,14400
INDIGO30Jan201360PE.NFO,07/01/2020,10:46:56,60.75,59.8,900,61.25,300,0,14400
INDIGO30Jan201360PE.NFO,07/01/2020,10:46:59,60.75,59.85,600,61.25,300,0,14400
INDIGO30Jan201360PE.NFO,07/01/2020,10:47:02,60.75,59.95,600,61.25,300,0,14400
INDIGO30Jan201360PE.NFO,07/01/2020,10:47:05,60.75,59.1,600,61.25,300,0,14400
INDIGO30Jan201360PE.NFO,07/01/2020,10:47:07,60.75,60.15,600,61.25,300,0,14400
INDIGO30Jan201360PE.NFO,07/01/2020,10:47:10,60.75,59,600,61.15,300,0,14400
INDIGO30Jan201360PE.NFO,07/01/2020,10:47:12,60.75,59.3,900,61.15,300,0,14400
INDIGO30Jan201360PE.NFO,07/01/2020,10:47:14,60.75,59.6,900,61.15,300,0,14400
INDIGO30Jan201360PE.NFO,07/01/2020,10:47:15,60.75,59.9,300,61.25,300,0,14400
INDIGO30Jan201360PE.NFO,07/01/2020,10:47:16,60.75,60.1,300,61.2,600,0,14400
INDIGO30Jan201360PE.NFO,07/01/2020,10:47:17,60.75,59.2,600,61.25,300,0,14400
INDIGO30Jan201360PE.NFO,07/01/2020,10:47:18,60.75,59.8,600,61.25,300,0,14400
INDIGO30Jan201360PE.NFO,07/01/2020,10:47:19,60.75,60.15,300,61.25,300,0,14400
INDIGO30Jan201360PE.NFO,07/01/2020,10:47:28,60.75,59.85,300,61.15,300,0,14400
INDIGO30Jan201360PE.NFO,07/01/2020,10:47:45,60.75,59.95,300,61.15,300,0,14400
INDIGO30Jan201360PE.NFO,07/01/2020,10:47:46,60.75,59.7,300,61.15,300,0,14400
INDIGO30Jan201360PE.NFO,07/01/2020,10:47:50,60.75,59.8,600,61.1,300,0,14400
INDIGO30Jan201360PE.NFO,07/01/2020,10:47:51,60.75,59.85,300,61.15,300,0,14400
INDIGO30Jan201360PE.NFO,07/01/2020,10:47:53,60.75,59.25,300,61.15,300,0,14400
INDIGO30Jan201360PE.NFO,07/01/2020,10:47:54,60.75,59.55,600,61.15,300,0,14400
INDIGO30Jan201360PE.NFO,07/01/2020,10:47:55,60.75,59.95,600,61.15,300,0,14400
INDIGO30Jan201360PE.NFO,07/01/2020,10:47:57,60.75,60.05,600,61.15,300,0,14400
INDIGO30Jan201360PE.NFO,07/01/2020,10:47:59,60.75,60,300,61.05,300,0,14400
INDIGO30Jan201360PE.NFO,07/01/2020,10:48:04,60.75,59,600,61.05,300,0,14400
INDIGO30Jan201360PE.NFO,07/01/2020,10:48:06,60.75,59.7,300,61.05,300,0,14400
INDIGO30Jan201360PE.NFO,07/01/2020,10:48:07,60.75,59.75,300,61.05,600,0,14400
INDIGO30Jan201360PE.NFO,07/01/2020,10:48:08,60.75,59,600,60.95,300,0,14400
INDIGO30Jan201360PE.NFO,07/01/2020,10:48:09,60.75,59.4,300,60.95,600,0,14400
INDIGO30Jan201360PE.NFO,07/01/2020,10:48:10,60.75,59.7,300,61.05,300,0,14400
INDIGO30Jan201360PE.NFO,07/01/2020,10:48:11,60.75,59.4,300,61.05,300,0,14400
INDIGO30Jan201360PE.NFO,07/01/2020,10:48:12,60.75,59.95,300,61.05,300,0,14400
INDIGO30Jan201360PE.NFO,07/01/2020,10:48:20,60.75,60.15,300,61.35,300,0,14400
INDIGO30Jan201360PE.NFO,07/01/2020,10:48:23,60.75,59.05,600,61.25,300,0,14400
INDIGO30Jan201360PE.NFO,07/01/2020,10:48:26,60.75,59.8,300,61.3,300,0,14400
INDIGO30Jan201360PE.NFO,07/01/2020,10:48:28,60.75,60.1,300,61.25,600,0,14400
INDIGO30Jan201360PE.NFO,07/01/2020,10:48:30,60.75,59.55,300,61.3,300,0,14400
INDIGO30Jan201360PE.NFO,07/01/2020,10:48:34,60.75,59.8,300,61.3,300,0,14400
INDIGO30Jan201360PE.NFO,07/01/2020,10:48:39,60.75,59.5,900,61.2,600,0,14400
INDIGO30Jan201360PE.NFO,07/01/2020,10:48:43,60.75,59.85,300,61.2,600,0,14400
INDIGO30Jan201360PE.NFO,07/01/2020,10:48:54,60.75,60.55,300,61.7,600,0,14400
INDIGO30Jan201360PE.NFO,07/01/2020,10:48:58,60.75,60.6,600,61.75,300,0,14400
INDIGO30Jan201360PE.NFO,07/01/2020,10:49:01,60.75,59.8,300,61.75,300,0,14400
INDIGO30Jan201360PE.NFO,07/01/2020,10:49:10,60.75,59.65,300,61.6,600,0,14400
INDIGO30Jan201360PE.NFO,07/01/2020,10:49:12,60.75,60.2,300,61.45,300,0,14400
INDIGO30Jan201360PE.NFO,07/01/2020,10:49:13,60.75,59.55,600,61.45,300,0,14400
INDIGO30Jan201360PE.NFO,07/01/2020,10:49:13,60.75,59.95,300,61.45,300,0,14400
INDIGO30Jan201360PE.NFO,07/01/2020,10:49:15,60.75,60,300,61.55,300,0,14400
INDIGO30Jan201360PE.NFO,07/01/2020,10:49:15,60.75,59.6,300,61.55,600,0,14400
INDIGO30Jan201360PE.NFO,07/01/2020,10:49:17,60.75,59.8,300,61.55,600,0,14400
INDIGO30Jan201360PE.NFO,07/01/2020,10:49:17,60.75,59.5,300,61.35,300,0,14400
INDIGO30Jan201360PE.NFO,07/01/2020,10:49:18,60.75,59.45,300,61.45,300,0,14400
INDIGO30Jan201360PE.NFO,07/01/2020,10:49:19,60.75,59.55,300,61.55,600,0,14400
INDIGO30Jan201360PE.NFO,07/01/2020,10:49:20,60.75,59.6,300,61.55,600,0,14400
INDIGO30Jan201360PE.NFO,07/01/2020,10:49:21,60.75,59.75,300,61.55,600,0,14400
INDIGO30Jan201360PE.NFO,07/01/2020,10:49:23,60.75,59.85,300,61.55,600,0,14400
INDIGO30Jan201360PE.NFO,07/01/2020,10:49:24,60.75,60.25,300,61.55,600,0,14400
INDIGO30Jan201360PE.NFO,07/01/2020,10:49:25,60.75,59.45,300,61.55,600,0,14400
INDIGO30Jan201360PE.NFO,07/01/2020,10:49:27,60.75,59.55,900,61.55,600,0,14400
INDIGO30Jan201360PE.NFO,07/01/2020,10:49:28,60.75,59.65,900,61.55,600,0,14400
INDIGO30Jan201360PE.NFO,07/01/2020,10:49:30,60.75,59.85,600,61.55,600,0,14400
INDIGO30Jan201360PE.NFO,07/01/2020,10:49:33,60.75,59.95,300,61.55,600,0,14400
INDIGO30Jan201360PE.NFO,07/01/2020,10:49:33,60.75,60.05,300,61.55,600,0,14400
INDIGO30Jan201360PE.NFO,07/01/2020,10:49:35,60.75,59.9,300,61.45,600,0,14400
INDIGO30Jan201360PE.NFO,07/01/2020,10:49:36,60.75,59.9,600,61.45,600,0,14400
INDIGO30Jan201360PE.NFO,07/01/2020,10:49:40,60.75,59.75,300,61.45,600,0,14400
INDIGO30Jan201360PE.NFO,07/01/2020,10:49:41,60.75,59.8,600,61.45,600,0,14400
INDIGO30Jan201360PE.NFO,07/01/2020,10:49:48,60.75,59.45,600,61.45,300,0,14400
INDIGO30Jan201360PE.NFO,07/01/2020,10:49:49,60.75,59.55,900,61.45,300,0,14400
INDIGO30Jan201360PE.NFO,07/01/2020,10:49:50,60.75,59.75,900,61.45,300,0,14400
INDIGO30Jan201360PE.NFO,07/01/2020,10:49:57,60.75,60.15,300,61.45,300,0,14400
INDIGO30Jan201360PE.NFO,07/01/2020,10:49:58,60.75,60.25,300,61.45,300,0,14400
INDIGO30Jan201360PE.NFO,07/01/2020,10:49:59,60.75,60.05,300,61.45,300,0,14400
INDIGO30Jan201360PE.NFO,07/01/2020,10:50:01,60.75,60.15,300,61.45,300,0,14400
INDIGO30Jan201360PE.NFO,07/01/2020,10:50:02,60.75,60.25,300,61.45,300,0,14400
INDIGO30Jan201360PE.NFO,07/01/2020,10:50:03,60.75,59.55,300,61.55,300,0,14400
INDIGO30Jan201360PE.NFO,07/01/2020,10:50:04,60.75,60.7,300,62,300,0,14400
INDIGO30Jan201360PE.NFO,07/01/2020,10:50:05,60.75,59.95,300,61.95,600,0,14400
INDIGO30Jan201360PE.NFO,07/01/2020,10:50:07,60.75,60,600,61.95,600,0,14400
INDIGO30Jan201360PE.NFO,07/01/2020,10:50:11,60.75,60,300,61.85,300,0,14400
INDIGO30Jan201360PE.NFO,07/01/2020,10:50:11,60.75,60,600,61.85,300,0,14400
INDIGO30Jan201360PE.NFO,07/01/2020,10:50:14,60.75,60.55,300,61.95,300,0,14400
INDIGO30Jan201360PE.NFO,07/01/2020,10:50:24,60.75,60.3,300,61.75,600,0,14400
INDIGO30Jan201360PE.NFO,07/01/2020,10:50:28,60.75,60.6,300,61.85,300,0,14400
INDIGO30Jan201360PE.NFO,07/01/2020,10:50:32,60.75,60.15,300,61.8,600,0,14400
INDIGO30Jan201360PE.NFO,07/01/2020,10:50:36,60.75,59.95,300,62,300,0,14400
INDIGO30Jan201360PE.NFO,07/01/2020,10:50:40,60.75,60.3,300,62.1,300,0,14400
INDIGO30Jan201360PE.NFO,07/01/2020,10:50:44,60.75,60.3,300,62.05,600,0,14400
INDIGO30Jan201360PE.NFO,07/01/2020,10:50:47,60.75,60.2,300,62.05,600,0,14400
INDIGO30Jan201360PE.NFO,07/01/2020,10:50:50,60.75,60.3,300,62.05,600,0,14400
INDIGO30Jan201360PE.NFO,07/01/2020,10:50:54,60.75,60.4,300,62.05,600,0,14400
INDIGO30Jan201360PE.NFO,07/01/2020,10:50:57,60.75,60.3,300,62.25,300,0,14400
INDIGO30Jan201360PE.NFO,07/01/2020,10:51:00,60.75,60.75,300,62.25,300,0,14400
INDIGO30Jan201360PE.NFO,07/01/2020,10:51:03,60.75,60.95,300,62.25,300,0,14400
INDIGO30Jan201360PE.NFO,07/01/2020,10:51:07,60.75,60.3,300,62.25,300,0,14400
INDIGO30Jan201360PE.NFO,07/01/2020,10:51:10,60.75,60.65,300,62.2,600,0,14400
INDIGO30Jan201360PE.NFO,07/01/2020,10:51:13,60.75,60.75,300,62.2,600,0,14400
INDIGO30Jan201360PE.NFO,07/01/2020,10:51:16,60.75,60.85,300,62.2,600,0,14400
INDIGO30Jan201360PE.NFO,07/01/2020,10:51:20,60.75,60.25,300,62.15,600,0,14400
INDIGO30Jan201360PE.NFO,07/01/2020,10:51:22,60.75,60.45,300,62.15,300,0,14400
INDIGO30Jan201360PE.NFO,07/01/2020,10:51:25,60.75,60.55,300,62.15,300,0,14400
INDIGO30Jan201360PE.NFO,07/01/2020,10:51:34,60.75,60.25,300,62.25,300,0,14400
INDIGO30Jan201360PE.NFO,07/01/2020,10:51:36,60.75,60.3,300,62.25,300,0,14400
INDIGO30Jan201360PE.NFO,07/01/2020,10:51:38,60.75,60.75,300,62.2,600,0,14400
INDIGO30Jan201360PE.NFO,07/01/2020,10:51:42,60.75,60.55,300,62.15,300,0,14400
INDIGO30Jan201360PE.NFO,07/01/2020,10:51:46,60.75,60.3,300,62.15,300,0,14400
INDIGO30Jan201360PE.NFO,07/01/2020,10:51:52,60.75,60.75,300,62.15,300,0,14400
INDIGO30Jan201360PE.NFO,07/01/2020,10:51:55,60.75,60.3,300,62.1,300,0,14400
INDIGO30Jan201360PE.NFO,07/01/2020,10:52:03,60.75,60.1,600,62.05,600,0,14400
INDIGO30Jan201360PE.NFO,07/01/2020,10:52:07,60.75,60.4,300,62.05,300,0,14400
INDIGO30Jan201360PE.NFO,07/01/2020,10:52:19,60.75,60.5,300,62.05,300,0,14400
INDIGO30Jan201360PE.NFO,07/01/2020,10:52:27,60.75,60.15,300,62.15,300,0,14400
INDIGO30Jan201360PE.NFO,07/01/2020,10:52:32,60.75,60.6,300,62.15,300,0,14400
INDIGO30Jan201360PE.NFO,07/01/2020,10:52:35,60.75,60.2,300,62.1,600,0,14400
INDIGO30Jan201360PE.NFO,07/01/2020,10:52:39,60.75,60.5,300,62.1,600,0,14400
INDIGO30Jan201360PE.NFO,07/01/2020,10:52:44,60.75,60.6,300,62.1,600,0,14400
INDIGO30Jan201360PE.NFO,07/01/2020,10:52:48,60.75,60.75,300,62.3,600,0,14400
INDIGO30Jan201360PE.NFO,07/01/2020,10:52:51,60.75,60.3,300,62.3,600,0,14400
INDIGO30Jan201360PE.NFO,07/01/2020,10:52:55,60.75,60.9,300,62.7,300,0,14400
INDIGO30Jan201360PE.NFO,07/01/2020,10:53:01,60.75,61.05,300,62.65,600,0,14400
INDIGO30Jan201360PE.NFO,07/01/2020,10:53:07,60.75,60.75,600,62.55,300,0,14400
INDIGO30Jan201360PE.NFO,07/01/2020,10:53:12,60.75,60.95,300,62.6,600,0,14400
INDIGO30Jan201360PE.NFO,07/01/2020,10:53:18,60.75,61.15,300,62.6,600,0,14400
INDIGO30Jan201360PE.NFO,07/01/2020,10:53:23,60.75,60.75,600,62.6,600,0,14400
INDIGO30Jan201360PE.NFO,07/01/2020,10:53:28,60.75,60.8,300,62.6,900,0,14400
INDIGO30Jan201360PE.NFO,07/01/2020,10:53:33,60.75,60.95,300,62.55,300,0,14400
INDIGO30Jan201360PE.NFO,07/01/2020,10:53:38,60.75,60.3,300,62.3,300,0,14400
INDIGO30Jan201360PE.NFO,07/01/2020,10:53:44,60.75,60.35,600,62.2,300,0,14400
INDIGO30Jan201360PE.NFO,07/01/2020,10:53:49,60.75,60.7,300,62.3,300,0,14400
INDIGO30Jan201360PE.NFO,07/01/2020,10:53:55,60.75,60.6,300,62.2,300,0,14400
INDIGO30Jan201360PE.NFO,07/01/2020,10:54:05,60.75,60.8,300,62.15,300,0,14400
INDIGO30Jan201360PE.NFO,07/01/2020,10:54:09,60.75,60.7,300,62.2,600,0,14400
INDIGO30Jan201360PE.NFO,07/01/2020,10:54:14,60.75,60.3,300,62.15,300,0,14400
INDIGO30Jan201360PE.NFO,07/01/2020,10:54:19,60.75,60.75,300,62.2,300,0,14400
INDIGO30Jan201360PE.NFO,07/01/2020,10:54:24,60.75,60.55,300,62.2,300,0,14400
INDIGO30Jan201360PE.NFO,07/01/2020,10:54:32,60.75,60.45,300,62.15,600,0,14400
INDIGO30Jan201360PE.NFO,07/01/2020,10:54:36,60.75,60.55,300,62.2,300,0,14400
INDIGO30Jan201360PE.NFO,07/01/2020,10:54:39,60.75,60.45,300,62.15,600,0,14400
INDIGO30Jan201360PE.NFO,07/01/2020,10:54:43,60.75,60.75,300,62.2,300,0,14400
INDIGO30Jan201360PE.NFO,07/01/2020,10:54:52,60.75,60.5,300,62.2,300,0,14400
INDIGO30Jan201360PE.NFO,07/01/2020,10:54:57,60.75,60.55,300,62.1,300,0,14400
INDIGO30Jan201360PE.NFO,07/01/2020,10:55:02,60.75,60.35,300,62.2,300,0,14400
INDIGO30Jan201360PE.NFO,07/01/2020,10:55:07,60.75,60.45,300,62.2,300,0,14400
INDIGO30Jan201360PE.NFO,07/01/2020,10:55:11,60.75,60.3,300,62.15,600,0,14400
INDIGO30Jan201360PE.NFO,07/01/2020,10:55:21,60.75,60.25,300,62.1,900,0,14400
INDIGO30Jan201360PE.NFO,07/01/2020,10:55:27,60.75,60.3,300,62.15,300,0,14400
INDIGO30Jan201360PE.NFO,07/01/2020,10:55:58,60.75,60.25,300,62.05,600,0,14400
INDIGO30Jan201360PE.NFO,07/01/2020,10:56:03,60.75,61.1,300,62.8,300,0,14400
INDIGO30Jan201360PE.NFO,07/01/2020,10:56:07,60.75,60.65,300,62.2,300,0,14400
INDIGO30Jan201360PE.NFO,07/01/2020,10:56:12,60.75,61.6,300,63.3,300,0,14400
INDIGO30Jan201360PE.NFO,07/01/2020,10:56:17,60.75,61.25,300,63.05,600,0,14400
INDIGO30Jan201360PE.NFO,07/01/2020,10:56:29,60.75,61.5,300,63.05,600,0,14400
INDIGO30Jan201360PE.NFO,07/01/2020,10:56:34,64.1,62.45,300,64.1,300,300,14400
INDIGO30Jan201360PE.NFO,07/01/2020,10:56:34,64.1,62.45,300,64.1,300,0,14400
INDIGO30Jan201360PE.NFO,07/01/2020,10:56:39,64.1,62.85,300,64.9,300,0,14400
INDIGO30Jan201360PE.NFO,07/01/2020,10:56:44,64.1,62.95,600,64.9,300,0,14400
INDIGO30Jan201360PE.NFO,07/01/2020,10:56:47,64.1,63.2,300,64.7,300,0,14400
INDIGO30Jan201360PE.NFO,07/01/2020,10:56:52,64.1,63.25,600,64.7,300,0,14400
INDIGO30Jan201360PE.NFO,07/01/2020,10:56:58,64.1,63.3,600,64.7,300,0,14400
INDIGO30Jan201360PE.NFO,07/01/2020,10:57:04,64.1,62.25,300,64.6,300,0,14400
INDIGO30Jan201360PE.NFO,07/01/2020,10:57:08,64.1,62.7,300,64.4,300,0,14400
INDIGO30Jan201360PE.NFO,07/01/2020,10:57:15,64.1,62.35,900,64.4,300,0,14400
INDIGO30Jan201360PE.NFO,07/01/2020,10:57:21,64.1,63.05,300,64.4,300,0,14400
INDIGO30Jan201360PE.NFO,07/01/2020,10:57:28,64.1,63.15,300,64.4,300,0,14400
INDIGO30Jan201360PE.NFO,07/01/2020,10:57:35,64.1,63.2,600,64.4,300,0,14400
INDIGO30Jan201360PE.NFO,07/01/2020,10:58:00,64.1,63.65,300,65.45,600,0,14400
INDIGO30Jan201360PE.NFO,07/01/2020,10:58:07,64.1,64.1,300,65.35,300,0,14400
INDIGO30Jan201360PE.NFO,07/01/2020,10:58:13,64.1,64.15,600,65.35,300,0,14400
INDIGO30Jan201360PE.NFO,07/01/2020,10:58:19,64.1,62.7,600,65.05,300,0,14400
INDIGO30Jan201360PE.NFO,07/01/2020,10:58:26,64.1,62.9,600,65.05,300,0,14400
INDIGO30Jan201360PE.NFO,07/01/2020,10:58:33,64.1,62.7,300,64.95,300,0,14400
INDIGO30Jan201360PE.NFO,07/01/2020,10:58:39,64.1,62.6,600,64.55,300,0,14400
INDIGO30Jan201360PE.NFO,07/01/2020,10:58:44,64.1,63.05,300,64.55,300,0,14400
INDIGO30Jan201360PE.NFO,07/01/2020,10:58:51,64.1,62.65,600,64.95,300,0,14400
INDIGO30Jan201360PE.NFO,07/01/2020,10:58:57,64.1,62.55,600,64.65,300,0,14400
INDIGO30Jan201360PE.NFO,07/01/2020,10:59:04,64.1,62.55,300,64.25,300,0,14400
INDIGO30Jan201360PE.NFO,07/01/2020,10:59:10,64.1,62.2,300,64.25,300,0,14400
INDIGO30Jan201360PE.NFO,07/01/2020,10:59:17,64.1,62.55,300,64.15,300,0,14400
INDIGO30Jan201360PE.NFO,07/01/2020,10:59:22,64.1,61.85,600,64.15,300,0,14400
INDIGO30Jan201360PE.NFO,07/01/2020,10:59:28,64.1,62.55,300,64.15,300,0,14400
INDIGO30Jan201360PE.NFO,07/01/2020,10:59:34,64.1,60.4,600,62.75,300,0,14400
INDIGO30Jan201360PE.NFO,07/01/2020,10:59:41,64.1,61.05,300,62.75,300,0,14400
INDIGO30Jan201360PE.NFO,07/01/2020,10:59:46,64.1,61,600,63.7,300,0,14400
INDIGO30Jan201360PE.NFO,07/01/2020,10:59:52,64.1,61.5,300,64,300,0,14400
INDIGO30Jan201360PE.NFO,07/01/2020,10:59:57,64.1,61.05,600,63.95,300,0,14400
INDIGO30Jan201360PE.NFO,07/01/2020,11:00:04,64.1,60.65,900,63.25,300,0,14400
INDIGO30Jan201360PE.NFO,07/01/2020,11:00:11,64.1,60.7,600,63.25,300,0,14400
INDIGO30Jan201360PE.NFO,07/01/2020,11:00:19,64.1,61.15,600,63.25,300,0,14400
INDIGO30Jan201360PE.NFO,07/01/2020,11:00:39,64.1,60.85,600,63.85,300,0,14400
INDIGO30Jan201360PE.NFO,07/01/2020,11:00:45,64.1,60.4,600,63.55,300,0,14400
INDIGO30Jan201360PE.NFO,07/01/2020,11:00:52,64.1,60.8,600,63.55,300,0,14400
INDIGO30Jan201360PE.NFO,07/01/2020,11:00:58,64.1,61.2,300,63.55,300,0,14400
INDIGO30Jan201360PE.NFO,07/01/2020,11:01:06,64.1,61.25,600,63.55,300,0,14400
INDIGO30Jan201360PE.NFO,07/01/2020,11:01:52,64.1,60.85,600,63.25,300,0,14400
INDIGO30Jan201360PE.NFO,07/01/2020,11:02:00,64.1,60.1,300,65.6,300,0,14400
INDIGO30Jan201360PE.NFO,07/01/2020,11:02:06,64.1,60.8,300,63.4,300,0,14400
INDIGO30Jan201360PE.NFO,07/01/2020,11:02:13,64.1,60.65,300,63.4,300,0,14400
INDIGO30Jan201360PE.NFO,07/01/2020,11:02:20,64.1,61.35,300,63.4,300,0,14400
INDIGO30Jan201360PE.NFO,07/01/2020,11:02:26,64.1,60.9,300,63.4,300,0,14400
INDIGO30Jan201360PE.NFO,07/01/2020,11:02:33,64.1,61.7,300,63.4,300,0,14400
INDIGO30Jan201360PE.NFO,07/01/2020,11:02:39,64.1,61.45,300,63.4,300,0,14400
INDIGO30Jan201360PE.NFO,07/01/2020,11:02:45,64.1,60.55,600,63.4,300,0,14400
INDIGO30Jan201360PE.NFO,07/01/2020,11:02:52,64.1,61.15,300,63.4,300,0,14400
INDIGO30Jan201360PE.NFO,07/01/2020,11:02:58,64.1,60.6,1200,63.4,300,0,14400
INDIGO30Jan201360PE.NFO,07/01/2020,11:03:04,64.1,61.15,300,63.4,300,0,14400
INDIGO30Jan201360PE.NFO,07/01/2020,11:03:12,64.1,61.15,600,63.4,300,0,14400
INDIGO30Jan201360PE.NFO,07/01/2020,11:03:19,64.1,61.3,600,63.4,300,0,14400
INDIGO30Jan201360PE.NFO,07/01/2020,11:04:39,64.1,60.9,300,64.35,300,0,14400
INDIGO30Jan201360PE.NFO,07/01/2020,11:04:46,64.1,60.75,600,66.2,600,0,14400
INDIGO30Jan201360PE.NFO,07/01/2020,11:04:53,64.1,60.9,300,66.2,600,0,14400
INDIGO30Jan201360PE.NFO,07/01/2020,11:05:00,64.1,61,300,64.35,300,0,14400
INDIGO30Jan201360PE.NFO,07/01/2020,11:05:07,64.1,61.1,300,64.35,300,0,14400
INDIGO30Jan201360PE.NFO,07/01/2020,11:05:13,64.1,61.35,300,65.95,1200,0,14400
INDIGO30Jan201360PE.NFO,07/01/2020,11:05:21,64.1,61.05,300,65.95,1200,0,14400
INDIGO30Jan201360PE.NFO,07/01/2020,11:05:27,64.1,61.6,300,65.85,300,0,14400
INDIGO30Jan201360PE.NFO,07/01/2020,11:05:34,64.1,62.65,300,65.4,600,0,14400
INDIGO30Jan201360PE.NFO,07/01/2020,11:05:41,64.1,62.65,300,65.2,600,0,14400
INDIGO30Jan201360PE.NFO,07/01/2020,11:05:48,64.1,62.65,300,64.8,600,0,14400
INDIGO30Jan201360PE.NFO,07/01/2020,11:05:55,64.1,62.65,300,64.6,300,0,14400
INDIGO30Jan201360PE.NFO,07/01/2020,11:06:16,64.1,62.65,300,65.4,300,0,14400
INDIGO30Jan201360PE.NFO,07/01/2020,11:06:22,64.1,63,300,65,300,0,14400
INDIGO30Jan201360PE.NFO,07/01/2020,11:06:28,64.1,63,300,64.95,300,0,14400
INDIGO30Jan201360PE.NFO,07/01/2020,11:06:33,64.1,61.1,300,64.7,300,0,14400
INDIGO30Jan201360PE.NFO,07/01/2020,11:06:39,64.1,61.2,300,64.7,300,0,14400
INDIGO30Jan201360PE.NFO,07/01/2020,11:06:44,64.1,61.4,300,64.7,300,0,14400
INDIGO30Jan201360PE.NFO,07/01/2020,11:06:49,64.1,61.9,300,64.9,300,0,14400
INDIGO30Jan201360PE.NFO,07/01/2020,11:06:54,64.1,61.9,300,64.55,300,0,14400
INDIGO30Jan201360PE.NFO,07/01/2020,11:06:59,64.1,61.9,300,64.75,300,0,14400
INDIGO30Jan201360PE.NFO,07/01/2020,11:07:10,64.1,61.9,300,64.5,300,0,14400
INDIGO30Jan201360PE.NFO,07/01/2020,11:07:20,64.1,60.4,600,63.95,300,0,14400
INDIGO30Jan201360PE.NFO,07/01/2020,11:07:25,64.1,60.5,300,63.65,300,0,14400
INDIGO30Jan201360PE.NFO,07/01/2020,11:07:30,64.1,60.75,600,63.45,300,0,14400
INDIGO30Jan201360PE.NFO,07/01/2020,11:07:35,64.1,60.75,600,63.65,300,0,14400
INDIGO30Jan201360PE.NFO,07/01/2020,11:07:41,64.1,60.75,600,63.55,300,0,14400
INDIGO30Jan201360PE.NFO,07/01/2020,11:07:47,64.1,60.75,600,63.3,300,0,14400
INDIGO30Jan201360PE.NFO,07/01/2020,11:07:52,64.1,60.75,600,63.05,300,0,14400
INDIGO30Jan201360PE.NFO,07/01/2020,11:07:57,64.1,60.75,600,62.55,300,0,14400
INDIGO30Jan201360PE.NFO,07/01/2020,11:08:02,62.4,60.75,600,62.45,300,300,14400
INDIGO30Jan201360PE.NFO,07/01/2020,11:08:07,62.4,60.75,300,62.6,300,0,14400
INDIGO30Jan201360PE.NFO,07/01/2020,11:08:16,62.4,60.7,300,62.1,300,0,14400
INDIGO30Jan201360PE.NFO,07/01/2020,11:08:22,62.4,60.75,300,61.9,300,0,14400
INDIGO30Jan201360PE.NFO,07/01/2020,11:08:27,62.4,60.25,300,61.3,300,0,14400
INDIGO30Jan201360PE.NFO,07/01/2020,11:08:33,62.4,60.3,300,61.4,300,0,14400
INDIGO30Jan201360PE.NFO,07/01/2020,11:08:38,62.4,60.25,600,61.7,300,0,14400
INDIGO30Jan201360PE.NFO,07/01/2020,11:09:02,62.4,60.25,300,61.35,300,0,14400
INDIGO30Jan201360PE.NFO,07/01/2020,11:09:11,62.4,60.25,300,61.25,300,0,14400
INDIGO30Jan201360PE.NFO,07/01/2020,11:09:17,62.4,60.25,300,61.5,300,0,14400
INDIGO30Jan201360PE.NFO,07/01/2020,11:09:22,62.4,60.25,600,61.9,300,0,14400
INDIGO30Jan201360PE.NFO,07/01/2020,11:09:26,62.4,60.3,300,61.45,300,0,14400
INDIGO30Jan201360PE.NFO,07/01/2020,11:09:31,62.4,60.25,300,61.35,300,0,14400
INDIGO30Jan201360PE.NFO,07/01/2020,11:09:35,62.4,60.25,600,61.55,300,0,14400
INDIGO30Jan201360PE.NFO,07/01/2020,11:09:40,62.4,60.3,300,61.6,300,0,14400
INDIGO30Jan201360PE.NFO,07/01/2020,11:09:45,62.4,60.3,300,61.55,300,0,14400
INDIGO30Jan201360PE.NFO,07/01/2020,11:09:53,62.4,60.3,300,61.7,300,0,14400
INDIGO30Jan201360PE.NFO,07/01/2020,11:09:57,62.4,60.3,300,61.55,300,0,14400
INDIGO30Jan201360PE.NFO,07/01/2020,11:10:01,62.4,60.3,300,61.65,300,0,14400
INDIGO30Jan201360PE.NFO,07/01/2020,11:10:05,62.4,60.3,300,61.7,300,0,14400
INDIGO30Jan201360PE.NFO,07/01/2020,11:10:10,62.4,60.3,300,61.8,300,0,14400
INDIGO30Jan201360PE.NFO,07/01/2020,11:10:19,62.4,60,300,63.35,1500,0,14400
INDIGO30Jan201360PE.NFO,07/01/2020,11:10:24,62.4,60,300,61.55,300,0,14400
INDIGO30Jan201360PE.NFO,07/01/2020,11:10:29,62.4,60,300,61.45,300,0,14400
INDIGO30Jan201360PE.NFO,07/01/2020,11:10:33,62.4,60,300,61.55,300,0,14400
INDIGO30Jan201360PE.NFO,07/01/2020,11:10:37,62.4,60.1,300,61.55,300,0,14400
INDIGO30Jan201360PE.NFO,07/01/2020,11:10:42,62.4,60.2,300,61.8,600,0,14400
INDIGO30Jan201360PE.NFO,07/01/2020,11:10:46,62.4,60.4,300,61.75,300,0,14400
INDIGO30Jan201360PE.NFO,07/01/2020,11:10:49,62.4,60.4,300,62.15,600,0,14400
INDIGO30Jan201360PE.NFO,07/01/2020,11:10:53,62.4,60.5,300,61.85,300,0,14400
INDIGO30Jan201360PE.NFO,07/01/2020,11:10:56,62.4,60.5,300,62.05,600,0,14400
INDIGO30Jan201360PE.NFO,07/01/2020,11:11:00,62.4,60.45,600,62.05,600,0,14400
INDIGO30Jan201360PE.NFO,07/01/2020,11:11:05,62.4,60.45,600,62.05,300,0,14400
INDIGO30Jan201360PE.NFO,07/01/2020,11:11:11,62.4,60.45,600,62.25,600,0,14400
INDIGO30Jan201360PE.NFO,07/01/2020,11:11:16,62.4,60.45,600,62.15,600,0,14400
INDIGO30Jan201360PE.NFO,07/01/2020,11:11:30,62.4,60.45,600,62.3,300,0,14400
INDIGO30Jan201360PE.NFO,07/01/2020,11:11:37,62.4,61,300,62.4,300,0,14400
INDIGO30Jan201360PE.NFO,07/01/2020,11:11:45,62.4,60.95,300,62.35,300,0,14400
INDIGO30Jan201360PE.NFO,07/01/2020,11:11:51,62.4,60.65,300,62.15,300,0,14400
INDIGO30Jan201360PE.NFO,07/01/2020,11:11:57,62.4,60.75,600,62.15,300,0,14400
INDIGO30Jan201360PE.NFO,07/01/2020,11:12:27,62.4,61.1,600,64.2,1500,0,14400
INDIGO30Jan201360PE.NFO,07/01/2020,11:12:34,62.4,61.1,600,62.5,300,0,14400
INDIGO30Jan201360PE.NFO,07/01/2020,11:12:40,62.4,61.1,300,62.65,300,0,14400
INDIGO30Jan201360PE.NFO,07/01/2020,11:12:45,62.4,61.3,300,62.7,300,0,14400
INDIGO30Jan201360PE.NFO,07/01/2020,11:12:50,62.4,61.15,300,62.45,300,0,14400
INDIGO30Jan201360PE.NFO,07/01/2020,11:12:55,62.4,61.1,300,62.45,300,0,14400
INDIGO30Jan201360PE.NFO,07/01/2020,11:13:00,62.4,61.15,600,62.5,300,0,14400
INDIGO30Jan201360PE.NFO,07/01/2020,11:13:06,62.4,61.15,600,62.7,300,0,14400
INDIGO30Jan201360PE.NFO,07/01/2020,11:13:11,62.4,61.65,300,62.9,300,0,14400
INDIGO30Jan201360PE.NFO,07/01/2020,11:13:17,62.4,61.65,300,63.05,300,0,14400
INDIGO30Jan201360PE.NFO,07/01/2020,11:13:28,62.4,61.55,300,62.85,300,0,14400
INDIGO30Jan201360PE.NFO,07/01/2020,11:13:34,62.4,59.95,600,63.4,300,0,14400
INDIGO30Jan201360PE.NFO,07/01/2020,11:13:41,62.4,60.1,600,63.05,300,0,14400
INDIGO30Jan201360PE.NFO,07/01/2020,11:13:46,62.4,60.2,600,62.85,300,0,14400
INDIGO30Jan201360PE.NFO,07/01/2020,11:13:52,62.4,60.2,600,62.75,600,0,14400
INDIGO30Jan201360PE.NFO,07/01/2020,11:14:09,62.4,60.2,600,62.65,300,0,14400
INDIGO30Jan201360PE.NFO,07/01/2020,11:14:14,62.4,60.2,600,62.5,300,0,14400
INDIGO30Jan201360PE.NFO,07/01/2020,11:14:46,62.4,60.2,600,62.8,300,0,14400
INDIGO30Jan201360PE.NFO,07/01/2020,11:14:51,62.4,60.2,600,62.95,300,0,14400
INDIGO30Jan201360PE.NFO,07/01/2020,11:14:57,62.4,60.2,600,63.05,300,0,14400
INDIGO30Jan201360PE.NFO,07/01/2020,11:15:03,62.4,60.2,900,63.05,300,0,14400
INDIGO30Jan201360PE.NFO,07/01/2020,11:15:10,62.4,60.2,900,62.9,300,0,14400
INDIGO30Jan201360PE.NFO,07/01/2020,11:15:15,62.4,60.2,900,62.8,300,0,14400
INDIGO30Jan201360PE.NFO,07/01/2020,11:15:20,62.4,60.2,900,62.9,300,0,14400
INDIGO30Jan201360PE.NFO,07/01/2020,11:15:25,62.4,60.5,600,63.1,300,0,14400
INDIGO30Jan201360PE.NFO,07/01/2020,11:15:31,62.4,60.5,600,62.7,300,0,14400
INDIGO30Jan201360PE.NFO,07/01/2020,11:15:42,62.4,60.5,600,62.85,300,0,14400
INDIGO30Jan201360PE.NFO,07/01/2020,11:15:47,62.4,60.5,600,63,300,0,14400
INDIGO30Jan201360PE.NFO,07/01/2020,11:15:52,62.4,60.5,300,62.9,300,0,14400
INDIGO30Jan201360PE.NFO,07/01/2020,11:15:58,62.4,60.5,300,63,300,0,14400
INDIGO30Jan201360PE.NFO,07/01/2020,11:16:23,62.4,60.7,300,62.65,300,0,14400
INDIGO30Jan201360PE.NFO,07/01/2020,11:16:30,62.4,60.7,300,62.8,300,0,14400
INDIGO30Jan201360PE.NFO,07/01/2020,11:16:35,62.4,60.2,300,62.75,300,0,14400
INDIGO30Jan201360PE.NFO,07/01/2020,11:16:40,62.4,60.75,300,62.85,300,0,14400
INDIGO30Jan201360PE.NFO,07/01/2020,11:16:46,62.4,60.75,300,62.95,300,0,14400
INDIGO30Jan201360PE.NFO,07/01/2020,11:16:52,62.4,60.6,300,62.7,300,0,14400
INDIGO30Jan201360PE.NFO,07/01/2020,11:16:59,62.4,60.45,300,63,300,0,14400
INDIGO30Jan201360PE.NFO,07/01/2020,11:17:04,62.4,60.4,300,62.95,300,0,14400
INDIGO30Jan201360PE.NFO,07/01/2020,11:17:09,62.4,60.8,300,62.9,300,0,14400
INDIGO30Jan201360PE.NFO,07/01/2020,11:17:13,62.4,60.85,300,62.75,300,0,14400
INDIGO30Jan201360PE.NFO,07/01/2020,11:17:18,62.4,60.4,300,62.95,300,0,14400
INDIGO30Jan201360PE.NFO,07/01/2020,11:17:23,62.4,60.5,300,62.75,300,0,14400
INDIGO30Jan201360PE.NFO,07/01/2020,11:17:27,62.4,60.85,300,62.65,300,0,14400
INDIGO30Jan201360PE.NFO,07/01/2020,11:17:32,62.4,60.2,600,62.65,300,0,14400
INDIGO30Jan201360PE.NFO,07/01/2020,11:17:39,62.4,60.3,600,62.65,300,0,14400
INDIGO30Jan201360PE.NFO,07/01/2020,11:17:45,62.4,60.3,600,62.65,600,0,14400
INDIGO30Jan201360PE.NFO,07/01/2020,11:18:10,62.4,60.3,600,62.65,300,0,14400
INDIGO30Jan201360PE.NFO,07/01/2020,11:18:21,62.4,60.5,600,62.65,300,0,14400
INDIGO30Jan201360PE.NFO,07/01/2020,11:18:42,62.4,60.5,600,62.65,600,0,14400
INDIGO30Jan201360PE.NFO,07/01/2020,11:19:11,62.4,60.5,600,62.65,300,0,14400
INDIGO30Jan201360PE.NFO,07/01/2020,11:19:17,62.65,60.5,600,63,300,300,14400
INDIGO30Jan201360PE.NFO,07/01/2020,11:19:26,62.65,60.5,600,63.5,300,0,14400
INDIGO30Jan201360PE.NFO,07/01/2020,11:19:33,62.65,60.5,300,63.15,300,0,14400
INDIGO30Jan201360PE.NFO,07/01/2020,11:19:39,62.65,60.5,300,62.8,300,0,14400
INDIGO30Jan201360PE.NFO,07/01/2020,11:19:45,62.65,60.55,600,62.5,600,0,14400
INDIGO30Jan201360PE.NFO,07/01/2020,11:19:52,62.65,60.55,600,62.65,300,0,14400
INDIGO30Jan201360PE.NFO,07/01/2020,11:20:07,62.65,61.15,300,62.7,300,0,14400
INDIGO30Jan201360PE.NFO,07/01/2020,11:20:13,62.65,61.1,600,62.6,600,0,14400
INDIGO30Jan201360PE.NFO,07/01/2020,11:20:19,62.65,60.6,300,62.05,300,0,14400
INDIGO30Jan201360PE.NFO,07/01/2020,11:20:24,62.65,60.55,300,61.55,300,0,14400
INDIGO30Jan201360PE.NFO,07/01/2020,11:20:29,62.65,60.35,300,61.25,300,0,14400
INDIGO30Jan201360PE.NFO,07/01/2020,11:20:40,62.65,60.3,300,61.1,300,0,14400
INDIGO30Jan201360PE.NFO,07/01/2020,11:20:45,62.65,59.5,300,60.8,300,0,14400
INDIGO30Jan201360PE.NFO,07/01/2020,11:20:50,62.65,59.5,600,60.9,300,0,14400
INDIGO30Jan201360PE.NFO,07/01/2020,11:20:56,62.65,59.6,600,60.9,300,0,14400
INDIGO30Jan201360PE.NFO,07/01/2020,11:21:02,62.65,59.7,300,61.3,300,0,14400
INDIGO30Jan201360PE.NFO,07/01/2020,11:21:07,62.65,59.7,600,61.1,300,0,14400
INDIGO30Jan201360PE.NFO,07/01/2020,11:21:16,62.65,59.7,600,61.25,300,0,14400
INDIGO30Jan201360PE.NFO,07/01/2020,11:21:20,62.65,59.85,600,61.3,300,0,14400
INDIGO30Jan201360PE.NFO,07/01/2020,11:21:25,62.65,59.95,600,61.45,600,0,14400
INDIGO30Jan201360PE.NFO,07/01/2020,11:21:49,62.65,60.1,600,61.6,300,0,14400
INDIGO30Jan201360PE.NFO,07/01/2020,11:22:45,62.65,59.9,300,61.45,300,0,14400
INDIGO30Jan201360PE.NFO,07/01/2020,11:22:49,62.65,60,600,61,300,0,14400
INDIGO30Jan201360PE.NFO,07/01/2020,11:22:54,62.65,59.85,300,60.9,600,0,14400
INDIGO30Jan201360PE.NFO,07/01/2020,11:23:00,62.65,59.75,300,60.65,300,0,14400
INDIGO30Jan201360PE.NFO,07/01/2020,11:23:16,62.65,59.85,300,61,300,0,14400
INDIGO30Jan201360PE.NFO,07/01/2020,11:23:21,62.65,59.85,600,61,300,0,14400
INDIGO30Jan201360PE.NFO,07/01/2020,11:23:37,62.65,59.85,600,60.85,300,0,14400
INDIGO30Jan201360PE.NFO,07/01/2020,11:23:42,62.65,59.95,300,61,300,0,14400
INDIGO30Jan201360PE.NFO,07/01/2020,11:23:56,62.65,59.75,300,60.65,300,0,14400
INDIGO30Jan201360PE.NFO,07/01/2020,11:24:02,62.65,59.8,300,60.75,600,0,14400
INDIGO30Jan201360PE.NFO,07/01/2020,11:24:08,62.65,59.65,300,60.6,600,0,14400
INDIGO30Jan201360PE.NFO,07/01/2020,11:24:13,62.65,59.75,300,60.7,300,0,14400
INDIGO30Jan201360PE.NFO,07/01/2020,11:24:23,62.65,59.35,300,60.45,300,0,14400
INDIGO30Jan201360PE.NFO,07/01/2020,11:24:28,58.85,58.05,300,59.55,600,600,14700
INDIGO30Jan201360PE.NFO,07/01/2020,11:24:32,58.85,58.3,300,59.25,300,0,14700
INDIGO30Jan201360PE.NFO,07/01/2020,11:24:37,58.85,58.4,300,59.4,600,0,14700
INDIGO30Jan201360PE.NFO,07/01/2020,11:24:42,59.15,58.3,300,59.45,300,600,14700
INDIGO30Jan201360PE.NFO,07/01/2020,11:24:46,59.15,58.35,600,59.75,300,0,14700
INDIGO30Jan201360PE.NFO,07/01/2020,11:24:50,59.15,58.4,300,59.75,300,0,14700
INDIGO30Jan201360PE.NFO,07/01/2020,11:24:55,59.15,58.35,300,59.5,300,0,14700
INDIGO30Jan201360PE.NFO,07/01/2020,11:24:58,59.15,57.9,900,59.3,300,0,14700
INDIGO30Jan201360PE.NFO,07/01/2020,11:25:04,59.15,57.85,300,59.05,300,0,14700
INDIGO30Jan201360PE.NFO,07/01/2020,11:25:09,59.15,57.75,300,58.9,300,0,14700
INDIGO30Jan201360PE.NFO,07/01/2020,11:25:13,59.15,57.75,300,59,300,0,14700
INDIGO30Jan201360PE.NFO,07/01/2020,11:25:18,59.15,57.7,300,58.8,300,0,14700
INDIGO30Jan201360PE.NFO,07/01/2020,11:25:23,59.15,57.65,600,60,300,0,14700
INDIGO30Jan201360PE.NFO,07/01/2020,11:25:28,59.15,58.1,300,59.55,300,0,14700
INDIGO30Jan201360PE.NFO,07/01/2020,11:25:33,59.15,58,300,59.4,300,0,14700
INDIGO30Jan201360PE.NFO,07/01/2020,11:25:37,59.15,58,600,59.35,300,0,14700
INDIGO30Jan201360PE.NFO,07/01/2020,11:25:42,59.15,57.95,300,59.1,300,0,14700
INDIGO30Jan201360PE.NFO,07/01/2020,11:25:48,59.15,57.7,600,58.8,300,0,14700
INDIGO30Jan201360PE.NFO,07/01/2020,11:25:58,59.15,57.3,600,58.65,300,0,14700
INDIGO30Jan201360PE.NFO,07/01/2020,11:26:02,59.15,57.15,300,58.45,300,0,14700
INDIGO30Jan201360PE.NFO,07/01/2020,11:26:06,59.15,57.1,300,58.35,300,0,14700
INDIGO30Jan201360PE.NFO,07/01/2020,11:26:09,59.15,57.1,600,58.35,300,0,14700
INDIGO30Jan201360PE.NFO,07/01/2020,11:26:13,59.15,57.1,300,58.35,300,0,14700
INDIGO30Jan201360PE.NFO,07/01/2020,11:26:16,59.15,56.85,600,58.3,300,0,14700
INDIGO30Jan201360PE.NFO,07/01/2020,11:26:19,59.15,56.9,300,58.15,300,0,14700
INDIGO30Jan201360PE.NFO,07/01/2020,11:26:24,59.15,57,600,58.3,600,0,14700
INDIGO30Jan201360PE.NFO,07/01/2020,11:26:29,59.15,56.95,300,58.1,300,0,14700
INDIGO30Jan201360PE.NFO,07/01/2020,11:26:33,59.15,57.15,900,58.45,300,0,14700
INDIGO30Jan201360PE.NFO,07/01/2020,11:26:39,59.15,57.2,900,58.3,300,0,14700
INDIGO30Jan201360PE.NFO,07/01/2020,11:26:44,59.15,57.5,600,58.75,300,0,14700
INDIGO30Jan201360PE.NFO,07/01/2020,11:26:49,59.15,57.6,300,58.75,300,0,14700
INDIGO30Jan201360PE.NFO,07/01/2020,11:26:53,59.15,57.7,600,58.95,300,0,14700
INDIGO30Jan201360PE.NFO,07/01/2020,11:26:57,59.15,57.6,300,58.8,300,0,14700
INDIGO30Jan201360PE.NFO,07/01/2020,11:27:01,59.15,57.55,600,58.75,300,0,14700
INDIGO30Jan201360PE.NFO,07/01/2020,11:27:05,59.15,57.35,300,58.65,600,0,14700
INDIGO30Jan201360PE.NFO,07/01/2020,11:27:08,59.15,57.35,300,58.45,300,0,14700
INDIGO30Jan201360PE.NFO,07/01/2020,11:27:11,59.15,57.4,300,58.45,300,0,14700
INDIGO30Jan201360PE.NFO,07/01/2020,11:27:15,59.15,57.5,600,58.75,300,0,14700
INDIGO30Jan201360PE.NFO,07/01/2020,11:27:22,59.15,57.55,300,58.75,300,0,14700
INDIGO30Jan201360PE.NFO,07/01/2020,11:27:26,59.15,57.35,300,58.65,300,0,14700
INDIGO30Jan201360PE.NFO,07/01/2020,11:27:30,59.15,57.35,600,58.55,300,0,14700
INDIGO30Jan201360PE.NFO,07/01/2020,11:27:34,59.15,57.65,300,58.85,300,0,14700
INDIGO30Jan201360PE.NFO,07/01/2020,11:27:38,59.15,57.6,300,58.7,300,0,14700
INDIGO30Jan201360PE.NFO,07/01/2020,11:27:43,59.15,57.6,600,58.65,300,0,14700
INDIGO30Jan201360PE.NFO,07/01/2020,11:27:47,59.15,57.65,300,58.9,300,0,14700
INDIGO30Jan201360PE.NFO,07/01/2020,11:27:51,59.15,57.6,600,58.8,600,0,14700
INDIGO30Jan201360PE.NFO,07/01/2020,11:27:55,59.15,57.55,300,58.6,300,0,14700
INDIGO30Jan201360PE.NFO,07/01/2020,11:27:59,59.15,57.65,300,58.8,300,0,14700
INDIGO30Jan201360PE.NFO,07/01/2020,11:28:02,59.15,57.5,300,58.7,600,0,14700
INDIGO30Jan201360PE.NFO,07/01/2020,11:28:06,59.15,57.6,300,58.85,300,0,14700
INDIGO30Jan201360PE.NFO,07/01/2020,11:28:11,59.15,57.75,300,58.85,300,0,14700
INDIGO30Jan201360PE.NFO,07/01/2020,11:28:15,59.15,57.85,300,59.05,300,0,14700
INDIGO30Jan201360PE.NFO,07/01/2020,11:28:18,59.15,57.9,900,59.05,300,0,14700
INDIGO30Jan201360PE.NFO,07/01/2020,11:28:25,59.15,57.9,300,59.05,300,0,14700
INDIGO30Jan201360PE.NFO,07/01/2020,11:28:29,59.15,57.9,600,59.05,300,0,14700
INDIGO30Jan201360PE.NFO,07/01/2020,11:28:39,59.15,58.05,300,59.05,300,0,14700
INDIGO30Jan201360PE.NFO,07/01/2020,11:28:52,59.15,58.4,900,59.5,300,0,14700
INDIGO30Jan201360PE.NFO,07/01/2020,11:28:57,59.15,58.35,600,59.5,300,0,14700
INDIGO30Jan201360PE.NFO,07/01/2020,11:29:03,59.15,58.55,600,59.7,300,0,14700
INDIGO30Jan201360PE.NFO,07/01/2020,11:29:15,59.15,58.7,300,59.7,300,0,14700
INDIGO30Jan201360PE.NFO,07/01/2020,11:29:25,59.15,58.85,300,59.9,300,0,14700
INDIGO30Jan201360PE.NFO,07/01/2020,11:29:29,59.15,58.85,300,59.85,300,0,14700
INDIGO30Jan201360PE.NFO,07/01/2020,11:29:33,59.15,58.6,300,59.75,900,0,14700
INDIGO30Jan201360PE.NFO,07/01/2020,11:29:41,59.15,58.65,300,59.7,600,0,14700
INDIGO30Jan201360PE.NFO,07/01/2020,11:29:48,59.15,58.7,300,59.7,300,0,14700
INDIGO30Jan201360PE.NFO,07/01/2020,11:29:52,59.15,58.7,300,59.65,300,0,14700
INDIGO30Jan201360PE.NFO,07/01/2020,11:29:55,59.15,58.8,600,59.9,300,0,14700
INDIGO30Jan201360PE.NFO,07/01/2020,11:29:58,59.15,58.85,900,59.9,300,0,14700
INDIGO30Jan201360PE.NFO,07/01/2020,11:30:05,59.15,58.85,900,60.15,300,0,14700
INDIGO30Jan201360PE.NFO,07/01/2020,11:30:08,59.15,59,600,60,300,0,14700
INDIGO30Jan201360PE.NFO,07/01/2020,11:30:16,59.15,59,900,60,300,0,14700
INDIGO30Jan201360PE.NFO,07/01/2020,11:30:20,59.15,59,300,60.05,300,0,14700
INDIGO30Jan201360PE.NFO,07/01/2020,11:30:29,59.15,59,900,60.1,300,0,14700
INDIGO30Jan201360PE.NFO,07/01/2020,11:30:33,59.15,59.1,300,60.1,300,0,14700
INDIGO30Jan201360PE.NFO,07/01/2020,11:30:36,59.15,59.2,600,60.3,300,0,14700
INDIGO30Jan201360PE.NFO,07/01/2020,11:30:54,59.15,59.55,300,60.6,300,0,14700
INDIGO30Jan201360PE.NFO,07/01/2020,11:31:00,59.15,59.55,300,61.8,1200,0,14700
INDIGO30Jan201360PE.NFO,07/01/2020,11:31:07,59.15,59.3,900,61.7,1200,0,14700
INDIGO30Jan201360PE.NFO,07/01/2020,11:31:13,59.15,59.1,300,60.65,300,0,14700
INDIGO30Jan201360PE.NFO,07/01/2020,11:31:18,59.15,59.4,300,62.05,900,0,14700
INDIGO30Jan201360PE.NFO,07/01/2020,11:31:22,59.15,59.45,300,61.85,900,0,14700
INDIGO30Jan201360PE.NFO,07/01/2020,11:31:27,59.15,59.4,600,61.65,900,0,14700
INDIGO30Jan201360PE.NFO,07/01/2020,11:31:31,59.15,59.25,300,61.15,900,0,14700
INDIGO30Jan201360PE.NFO,07/01/2020,11:31:36,59.15,59.1,300,60.95,900,0,14700
INDIGO30Jan201360PE.NFO,07/01/2020,11:31:39,59.15,59.15,300,60.75,900,0,14700
INDIGO30Jan201360PE.NFO,07/01/2020,11:31:44,59.15,59,300,60.3,300,0,14700
INDIGO30Jan201360PE.NFO,07/01/2020,11:31:48,59.15,59.1,300,61.25,900,0,14700
INDIGO30Jan201360PE.NFO,07/01/2020,11:31:55,59.15,58.7,300,60.55,900,0,14700
INDIGO30Jan201360PE.NFO,07/01/2020,11:32:01,59.15,58.8,300,60.35,300,0,14700
INDIGO30Jan201360PE.NFO,07/01/2020,11:32:07,59.15,58.85,300,60.15,300,0,14700
INDIGO30Jan201360PE.NFO,07/01/2020,11:32:12,59.15,58.85,300,60,300,0,14700
INDIGO30Jan201360PE.NFO,07/01/2020,11:32:17,59.15,58.8,600,59.95,600,0,14700
INDIGO30Jan201360PE.NFO,07/01/2020,11:32:31,59.15,58.9,600,60,300,0,14700
INDIGO30Jan201360PE.NFO,07/01/2020,11:32:37,59.15,59.1,300,60.95,900,0,14700
INDIGO30Jan201360PE.NFO,07/01/2020,11:32:41,59.15,59.15,300,60.75,900,0,14700
INDIGO30Jan201360PE.NFO,07/01/2020,11:32:46,59.15,59.25,300,60.55,300,0,14700
INDIGO30Jan201360PE.NFO,07/01/2020,11:32:51,59.15,59.3,300,60.5,600,0,14700
INDIGO30Jan201360PE.NFO,07/01/2020,11:32:55,59.15,59.15,300,60.5,600,0,14700
INDIGO30Jan201360PE.NFO,07/01/2020,11:33:04,59.15,59.15,300,60.4,300,0,14700
INDIGO30Jan201360PE.NFO,07/01/2020,11:33:08,59.15,59.15,300,60.3,300,0,14700
INDIGO30Jan201360PE.NFO,07/01/2020,11:33:12,59.15,59.05,600,60.15,300,0,14700
INDIGO30Jan201360PE.NFO,07/01/2020,11:33:15,59.15,59,300,60.1,600,0,14700
INDIGO30Jan201360PE.NFO,07/01/2020,11:33:24,59.15,59.1,300,60.15,300,0,14700
INDIGO30Jan201360PE.NFO,07/01/2020,11:33:29,59.15,58.8,600,59.85,300,0,14700
INDIGO30Jan201360PE.NFO,07/01/2020,11:33:33,59.15,58.8,300,59.7,300,0,14700
INDIGO30Jan201360PE.NFO,07/01/2020,11:33:50,59.15,58.65,900,59.7,300,0,14700
INDIGO30Jan201360PE.NFO,07/01/2020,11:33:54,59.15,58.65,600,59.7,300,0,14700
INDIGO30Jan201360PE.NFO,07/01/2020,11:34:01,59.15,58.55,300,59.55,300,0,14700
INDIGO30Jan201360PE.NFO,07/01/2020,11:34:06,59.15,58.5,600,59.55,300,0,14700
INDIGO30Jan201360PE.NFO,07/01/2020,11:34:38,59.15,58.55,300,59.55,300,0,14700
INDIGO30Jan201360PE.NFO,07/01/2020,11:34:55,59.15,58.6,300,59.55,300,0,14700
INDIGO30Jan201360PE.NFO,07/01/2020,11:35:24,59.15,58.5,900,59.55,300,0,14700
INDIGO30Jan201360PE.NFO,07/01/2020,11:35:30,59.15,58.5,600,59.5,600,0,14700
INDIGO30Jan201360PE.NFO,07/01/2020,11:35:36,59.15,58.3,300,59.55,300,0,14700
INDIGO30Jan201360PE.NFO,07/01/2020,11:35:42,59.15,58.3,300,59.5,600,0,14700
INDIGO30Jan201360PE.NFO,07/01/2020,11:35:47,59.15,58.45,300,59.55,300,0,14700
INDIGO30Jan201360PE.NFO,07/01/2020,11:35:53,59.15,58.4,300,59.5,600,0,14700
INDIGO30Jan201360PE.NFO,07/01/2020,11:35:59,59.15,58.45,900,59.4,300,0,14700
INDIGO30Jan201360PE.NFO,07/01/2020,11:36:05,59.15,58.5,300,59.6,300,0,14700
INDIGO30Jan201360PE.NFO,07/01/2020,11:36:10,59.15,58.55,300,59.6,300,0,14700
INDIGO30Jan201360PE.NFO,07/01/2020,11:36:15,59.15,58.55,300,59.55,600,0,14700
INDIGO30Jan201360PE.NFO,07/01/2020,11:36:29,58.55,57.6,300,59.45,300,300,14400
INDIGO30Jan201360PE.NFO,07/01/2020,11:36:34,58.55,58.05,600,59.05,600,0,14400
INDIGO30Jan201360PE.NFO,07/01/2020,11:36:39,58.55,58.05,300,58.95,900,0,14400
INDIGO30Jan201360PE.NFO,07/01/2020,11:36:44,58.55,57.9,300,58.95,300,0,14400
INDIGO30Jan201360PE.NFO,07/01/2020,11:36:50,58.55,58.05,300,59.15,600,0,14400
INDIGO30Jan201360PE.NFO,07/01/2020,11:36:57,58.55,58.2,300,59.15,300,0,14400
INDIGO30Jan201360PE.NFO,07/01/2020,11:37:03,58.55,58.15,600,59.15,600,0,14400
INDIGO30Jan201360PE.NFO,07/01/2020,11:37:16,58.55,58.2,600,59.15,600,0,14400
INDIGO30Jan201360PE.NFO,07/01/2020,11:37:43,58.55,57.85,300,59.15,900,0,14400
INDIGO30Jan201360PE.NFO,07/01/2020,11:37:47,58.55,58,300,59.15,900,0,14400
INDIGO30Jan201360PE.NFO,07/01/2020,11:37:52,58.55,58.05,600,59.15,900,0,14400
INDIGO30Jan201360PE.NFO,07/01/2020,11:37:56,58.55,57.95,300,59.15,900,0,14400
INDIGO30Jan201360PE.NFO,07/01/2020,11:38:00,58.55,58,600,59.1,900,0,14400
INDIGO30Jan201360PE.NFO,07/01/2020,11:38:07,58.55,58,300,59,600,0,14400
INDIGO30Jan201360PE.NFO,07/01/2020,11:38:12,58.55,57.9,600,58.95,900,0,14400
INDIGO30Jan201360PE.NFO,07/01/2020,11:38:19,58.55,57.1,300,58.9,900,0,14400
INDIGO30Jan201360PE.NFO,07/01/2020,11:38:22,58.55,57.05,300,58.7,300,0,14400
INDIGO30Jan201360PE.NFO,07/01/2020,11:38:26,58.55,57.3,600,58.4,900,0,14400
INDIGO30Jan201360PE.NFO,07/01/2020,11:38:29,58.55,57.4,600,58.4,300,0,14400
INDIGO30Jan201360PE.NFO,07/01/2020,11:38:52,58.55,57.55,300,58.55,300,0,14400
INDIGO30Jan201360PE.NFO,07/01/2020,11:38:55,58.55,57.5,300,58.55,300,0,14400
INDIGO30Jan201360PE.NFO,07/01/2020,11:39:09,58.55,57.45,600,58.55,600,0,14400
INDIGO30Jan201360PE.NFO,07/01/2020,11:39:11,58.55,57.5,600,58.55,600,0,14400
INDIGO30Jan201360PE.NFO,07/01/2020,11:39:14,58.55,56.95,300,58.3,300,0,14400
INDIGO30Jan201360PE.NFO,07/01/2020,11:39:18,58.55,57.25,300,58.35,600,0,14400
INDIGO30Jan201360PE.NFO,07/01/2020,11:39:23,58.55,57.4,300,58.35,600,0,14400
INDIGO30Jan201360PE.NFO,07/01/2020,11:39:32,56.75,56.95,600,58.05,300,900,14400
INDIGO30Jan201360PE.NFO,07/01/2020,11:39:32,56.75,56.95,600,58.05,300,0,14400
INDIGO30Jan201360PE.NFO,07/01/2020,11:39:36,56.75,55.7,300,57.95,300,0,14400
INDIGO30Jan201360PE.NFO,07/01/2020,11:39:40,56.75,55.7,300,57.95,900,0,14400
INDIGO30Jan201360PE.NFO,07/01/2020,11:39:44,56.75,55.9,300,57.65,300,0,14400
INDIGO30Jan201360PE.NFO,07/01/2020,11:39:49,57.05,55,300,57.1,300,300,14400
INDIGO30Jan201360PE.NFO,07/01/2020,11:39:57,57.05,55.65,300,56.9,300,0,14400
INDIGO30Jan201360PE.NFO,07/01/2020,11:40:03,57.05,54.45,1800,57.25,300,0,14400
INDIGO30Jan201360PE.NFO,07/01/2020,11:40:08,57.05,54.55,1200,57.05,600,0,14400
INDIGO30Jan201360PE.NFO,07/01/2020,11:40:13,57.05,54.55,1200,57.05,300,0,14400
INDIGO30Jan201360PE.NFO,07/01/2020,11:40:14,57.05,54.55,1200,57,300,0,14400
INDIGO30Jan201360PE.NFO,07/01/2020,11:40:15,57.05,54.65,1500,57.05,300,0,14400
INDIGO30Jan201360PE.NFO,07/01/2020,11:40:16,57.05,55.3,300,57.05,300,0,14400
INDIGO30Jan201360PE.NFO,07/01/2020,11:40:17,57.05,54.45,1800,57.2,300,0,14400
INDIGO30Jan201360PE.NFO,07/01/2020,11:40:19,57.05,54.45,1200,57.15,600,0,14400
INDIGO30Jan201360PE.NFO,07/01/2020,11:40:20,57.05,54.45,1200,57.1,600,0,14400
INDIGO30Jan201360PE.NFO,07/01/2020,11:40:22,57.05,54.55,1200,57.1,600,0,14400
INDIGO30Jan201360PE.NFO,07/01/2020,11:40:27,57.05,55.45,600,57.1,600,0,14400
INDIGO30Jan201360PE.NFO,07/01/2020,11:40:28,57.05,54.9,900,57.1,600,0,14400
INDIGO30Jan201360PE.NFO,07/01/2020,11:40:29,57.05,55.4,600,57.1,600,0,14400
INDIGO30Jan201360PE.NFO,07/01/2020,11:40:29,57.05,55.6,300,57.1,600,0,14400
INDIGO30Jan201360PE.NFO,07/01/2020,11:40:30,57.05,55.4,600,57.1,600,0,14400
INDIGO30Jan201360PE.NFO,07/01/2020,11:40:31,57.05,55.65,300,57.1,600,0,14400
INDIGO30Jan201360PE.NFO,07/01/2020,11:40:32,57.05,55,900,57.1,600,0,14400
INDIGO30Jan201360PE.NFO,07/01/2020,11:40:33,57.05,55,1200,57.05,900,0,14400
INDIGO30Jan201360PE.NFO,07/01/2020,11:40:34,57.05,54.5,900,57,300,0,14400
INDIGO30Jan201360PE.NFO,07/01/2020,11:40:35,57.05,55.05,300,57,300,0,14400
INDIGO30Jan201360PE.NFO,07/01/2020,11:40:37,57.05,55.3,300,57,300,0,14400
INDIGO30Jan201360PE.NFO,07/01/2020,11:40:38,57.05,55,900,57,300,0,14400
INDIGO30Jan201360PE.NFO,07/01/2020,11:40:38,57.05,55.3,300,57,300,0,14400
INDIGO30Jan201360PE.NFO,07/01/2020,11:40:40,57.05,55.15,300,57,300,0,14400
INDIGO30Jan201360PE.NFO,07/01/2020,11:40:40,57.05,54.9,900,57,300,0,14400
INDIGO30Jan201360PE.NFO,07/01/2020,11:40:41,57.05,55.75,600,57.35,300,0,14400
INDIGO30Jan201360PE.NFO,07/01/2020,11:40:43,57.05,55.4,300,57.35,300,0,14400
INDIGO30Jan201360PE.NFO,07/01/2020,11:40:45,57.05,55.9,300,57.6,600,0,14400
INDIGO30Jan201360PE.NFO,07/01/2020,11:40:46,57.05,55.9,600,57.6,600,0,14400
INDIGO30Jan201360PE.NFO,07/01/2020,11:40:47,57.05,56,600,57.5,300,0,14400
INDIGO30Jan201360PE.NFO,07/01/2020,11:40:49,57.05,55.8,300,57.45,600,0,14400
INDIGO30Jan201360PE.NFO,07/01/2020,11:40:51,57.05,54.35,900,57.45,600,0,14400
INDIGO30Jan201360PE.NFO,07/01/2020,11:40:52,57.05,55.3,300,57.4,900,0,14400
INDIGO30Jan201360PE.NFO,07/01/2020,11:40:54,57.05,55.35,300,57.4,900,0,14400
INDIGO30Jan201360PE.NFO,07/01/2020,11:40:55,57.05,54.95,600,57.4,900,0,14400
INDIGO30Jan201360PE.NFO,07/01/2020,11:40:56,57.05,55.2,300,57.4,900,0,14400
INDIGO30Jan201360PE.NFO,07/01/2020,11:40:56,57.05,54.7,1200,57.4,900,0,14400
INDIGO30Jan201360PE.NFO,07/01/2020,11:40:57,57.05,54.95,600,57.4,900,0,14400
INDIGO30Jan201360PE.NFO,07/01/2020,11:41:00,57.05,55.05,300,57.4,900,0,14400
INDIGO30Jan201360PE.NFO,07/01/2020,11:41:01,57.05,54.55,300,57.4,900,0,14400
INDIGO30Jan201360PE.NFO,07/01/2020,11:41:02,57.05,54.85,600,57.4,900,0,14400
INDIGO30Jan201360PE.NFO,07/01/2020,11:41:03,57.05,54.5,600,57.4,900,0,14400
INDIGO30Jan201360PE.NFO,07/01/2020,11:41:04,57.05,54.65,300,57.4,900,0,14400
INDIGO30Jan201360PE.NFO,07/01/2020,11:41:05,57.05,54.8,300,57.4,900,0,14400
INDIGO30Jan201360PE.NFO,07/01/2020,11:41:06,57.05,54.45,300,57.4,900,0,14400
INDIGO30Jan201360PE.NFO,07/01/2020,11:41:06,57.05,54.7,300,57.4,900,0,14400
INDIGO30Jan201360PE.NFO,07/01/2020,11:41:07,57.05,55,300,57.4,900,0,14400
INDIGO30Jan201360PE.NFO,07/01/2020,11:41:08,57.05,54.6,600,57.4,900,0,14400
INDIGO30Jan201360PE.NFO,07/01/2020,11:41:09,57.05,55,300,57.4,900,0,14400
INDIGO30Jan201360PE.NFO,07/01/2020,11:41:10,57.05,54.5,300,57.4,900,0,14400
INDIGO30Jan201360PE.NFO,07/01/2020,11:41:12,57.05,54.55,300,57.4,900,0,14400
INDIGO30Jan201360PE.NFO,07/01/2020,11:41:13,57.05,54.85,600,57.4,900,0,14400
INDIGO30Jan201360PE.NFO,07/01/2020,11:41:14,57.05,54.55,600,57.4,900,0,14400
INDIGO30Jan201360PE.NFO,07/01/2020,11:41:15,57.05,54.85,300,57.4,900,0,14400
INDIGO30Jan201360PE.NFO,07/01/2020,11:41:16,57.05,54.7,300,57.4,900,0,14400
INDIGO30Jan201360PE.NFO,07/01/2020,11:41:18,57.05,55.25,300,57.35,900,0,14400
INDIGO30Jan201360PE.NFO,07/01/2020,11:41:19,57.05,55.05,300,57.2,600,0,14400
INDIGO30Jan201360PE.NFO,07/01/2020,11:41:20,57.05,55.2,300,57.15,600,0,14400
INDIGO30Jan201360PE.NFO,07/01/2020,11:41:21,57.05,54.05,900,57.1,900,0,14400
INDIGO30Jan201360PE.NFO,07/01/2020,11:41:22,57.05,55,600,57,900,0,14400
INDIGO30Jan201360PE.NFO,07/01/2020,11:41:23,57.05,54.9,600,56.9,900,0,14400
INDIGO30Jan201360PE.NFO,07/01/2020,11:41:23,57.05,54.85,300,56.85,600,0,14400
INDIGO30Jan201360PE.NFO,07/01/2020,11:41:25,57.05,55.35,300,56.75,300,0,14400
INDIGO30Jan201360PE.NFO,07/01/2020,11:41:26,57.05,54.95,300,56.7,900,0,14400
INDIGO30Jan201360PE.NFO,07/01/2020,11:41:27,57.05,54.25,900,56.65,600,0,14400
INDIGO30Jan201360PE.NFO,07/01/2020,11:41:27,57.05,54.55,1200,56.65,600,0,14400
INDIGO30Jan201360PE.NFO,07/01/2020,11:41:28,57.05,54.9,300,56.6,600,0,14400
INDIGO30Jan201360PE.NFO,07/01/2020,11:41:29,57.05,55,300,56.6,600,0,14400
INDIGO30Jan201360PE.NFO,07/01/2020,11:41:32,57.05,55.15,300,56.6,600,0,14400
INDIGO30Jan201360PE.NFO,07/01/2020,11:41:33,57.05,54.8,300,56.6,600,0,14400
INDIGO30Jan201360PE.NFO,07/01/2020,11:41:37,57.05,55.35,300,56.75,300,0,14400
INDIGO30Jan201360PE.NFO,07/01/2020,11:41:38,57.05,55.35,300,56.7,300,0,14400
INDIGO30Jan201360PE.NFO,07/01/2020,11:41:39,57.05,55.4,600,56.7,600,0,14400
INDIGO30Jan201360PE.NFO,07/01/2020,11:41:41,57.05,55.4,600,56.75,600,0,14400
INDIGO30Jan201360PE.NFO,07/01/2020,11:41:45,57.05,55.45,300,56.75,300,0,14400
INDIGO30Jan201360PE.NFO,07/01/2020,11:41:46,57.05,55.5,600,56.75,300,0,14400
INDIGO30Jan201360PE.NFO,07/01/2020,11:41:46,57.05,55.55,300,56.8,300,0,14400
INDIGO30Jan201360PE.NFO,07/01/2020,11:41:47,57.05,55.65,300,56.9,300,0,14400
INDIGO30Jan201360PE.NFO,07/01/2020,11:41:48,57.05,55.7,600,56.9,300,0,14400
INDIGO30Jan201360PE.NFO,07/01/2020,11:41:50,57.05,55.75,300,56.9,300,0,14400
INDIGO30Jan201360PE.NFO,07/01/2020,11:41:51,57.05,55.85,300,57.05,300,0,14400
INDIGO30Jan201360PE.NFO,07/01/2020,11:41:52,57.05,55.9,600,57.05,300,0,14400
INDIGO30Jan201360PE.NFO,07/01/2020,11:41:56,57.05,56.05,300,57.4,300,0,14400
INDIGO30Jan201360PE.NFO,07/01/2020,11:41:58,57.05,56.15,300,57.4,300,0,14400
INDIGO30Jan201360PE.NFO,07/01/2020,11:41:59,57.05,56.2,600,57.4,300,0,14400
INDIGO30Jan201360PE.NFO,07/01/2020,11:41:59,57.05,55.25,1200,57.4,600,0,14400
INDIGO30Jan201360PE.NFO,07/01/2020,11:42:00,57.05,56.05,900,57.4,600,0,14400
INDIGO30Jan201360PE.NFO,07/01/2020,11:42:02,57.05,56.15,300,57.4,600,0,14400
INDIGO30Jan201360PE.NFO,07/01/2020,11:42:03,57.05,56.3,600,57.4,600,0,14400
INDIGO30Jan201360PE.NFO,07/01/2020,11:42:05,57.05,56.05,300,57.4,600,0,14400
INDIGO30Jan201360PE.NFO,07/01/2020,11:42:06,57.05,56.15,300,57.4,900,0,14400
INDIGO30Jan201360PE.NFO,07/01/2020,11:42:06,57.05,56.2,300,57.4,900,0,14400
INDIGO30Jan201360PE.NFO,07/01/2020,11:42:08,57.05,56.2,600,57.4,900,0,14400
INDIGO30Jan201360PE.NFO,07/01/2020,11:42:11,57.05,56.2,600,57.4,600,0,14400
INDIGO30Jan201360PE.NFO,07/01/2020,11:42:12,57.05,56.3,300,57.4,600,0,14400
INDIGO30Jan201360PE.NFO,07/01/2020,11:42:14,57.05,54.8,1500,57.4,600,0,14400
INDIGO30Jan201360PE.NFO,07/01/2020,11:42:15,57.05,54.9,1500,57.4,600,0,14400
INDIGO30Jan201360PE.NFO,07/01/2020,11:42:15,57.05,55,1200,57.4,600,0,14400
INDIGO30Jan201360PE.NFO,07/01/2020,11:42:16,57.05,55.2,1200,57.55,300,0,14400
INDIGO30Jan201360PE.NFO,07/01/2020,11:42:17,57.05,55.6,1200,57.65,300,0,14400
INDIGO30Jan201360PE.NFO,07/01/2020,11:42:19,57.05,55.8,1500,57.65,300,0,14400
INDIGO30Jan201360PE.NFO,07/01/2020,11:42:20,57.05,55.9,300,57.5,300,0,14400
INDIGO30Jan201360PE.NFO,07/01/2020,11:42:21,57.05,55.8,600,57.5,600,0,14400
INDIGO30Jan201360PE.NFO,07/01/2020,11:42:22,57.05,55.9,300,57.5,600,0,14400
INDIGO30Jan201360PE.NFO,07/01/2020,11:42:23,57.05,56,300,57.5,600,0,14400
INDIGO30Jan201360PE.NFO,07/01/2020,11:42:25,57.05,56.1,300,57.5,600,0,14400
INDIGO30Jan201360PE.NFO,07/01/2020,11:42:25,57.05,56.15,600,57.5,600,0,14400
INDIGO30Jan201360PE.NFO,07/01/2020,11:42:26,57.05,56.15,600,57.5,300,0,14400
INDIGO30Jan201360PE.NFO,07/01/2020,11:42:35,57.05,54.7,1500,57.5,600,0,14400
INDIGO30Jan201360PE.NFO,07/01/2020,11:42:36,57.05,55.95,600,57.5,600,0,14400
INDIGO30Jan201360PE.NFO,07/01/2020,11:42:37,57.05,56.1,300,57.5,300,0,14400
INDIGO30Jan201360PE.NFO,07/01/2020,11:42:38,57.05,55.95,300,57.5,300,0,14400
INDIGO30Jan201360PE.NFO,07/01/2020,11:42:38,57.05,56.05,300,57.5,300,0,14400
INDIGO30Jan201360PE.NFO,07/01/2020,11:42:40,57.05,56.25,300,57.5,300,0,14400
INDIGO30Jan201360PE.NFO,07/01/2020,11:42:41,57.05,56.3,300,57.55,300,0,14400
INDIGO30Jan201360PE.NFO,07/01/2020,11:42:42,57.05,54.8,2100,57.55,300,0,14400
INDIGO30Jan201360PE.NFO,07/01/2020,11:42:43,57.05,54.9,1500,57.55,300,0,14400
INDIGO30Jan201360PE.NFO,07/01/2020,11:42:44,57.05,55.2,1500,57.55,300,0,14400
INDIGO30Jan201360PE.NFO,07/01/2020,11:42:45,57.05,55.3,1500,57.55,300,0,14400
INDIGO30Jan201360PE.NFO,07/01/2020,11:42:46,57.05,55.6,1500,57.55,300,0,14400
INDIGO30Jan201360PE.NFO,07/01/2020,11:42:46,57.05,55.9,600,57.65,600,0,14400
INDIGO30Jan201360PE.NFO,07/01/2020,11:42:47,57.05,55.8,300,57.65,600,0,14400
INDIGO30Jan201360PE.NFO,07/01/2020,11:42:48,57.05,56,300,57.65,600,0,14400
INDIGO30Jan201360PE.NFO,07/01/2020,11:42:49,57.05,56.1,300,57.65,300,0,14400
INDIGO30Jan201360PE.NFO,07/01/2020,11:42:51,57.05,56.2,300,57.65,300,0,14400
INDIGO30Jan201360PE.NFO,07/01/2020,11:42:51,57.05,56.3,300,57.65,300,0,14400
INDIGO30Jan201360PE.NFO,07/01/2020,11:42:52,57.05,56.35,600,57.65,600,0,14400
INDIGO30Jan201360PE.NFO,07/01/2020,11:42:57,57.05,56.35,600,57.65,300,0,14400
INDIGO30Jan201360PE.NFO,07/01/2020,11:42:59,57.05,56.5,300,57.9,300,0,14400
INDIGO30Jan201360PE.NFO,07/01/2020,11:43:00,57.05,56.55,600,57.9,300,0,14400
INDIGO30Jan201360PE.NFO,07/01/2020,11:43:01,57.05,56.55,600,57.9,600,0,14400
INDIGO30Jan201360PE.NFO,07/01/2020,11:43:11,57.05,56.55,300,57.55,300,0,14400
INDIGO30Jan201360PE.NFO,07/01/2020,11:43:12,57.05,56.15,300,57.7,900,0,14400
INDIGO30Jan201360PE.NFO,07/01/2020,11:43:13,57.05,56,300,57.65,300,0,14400
INDIGO30Jan201360PE.NFO,07/01/2020,11:43:16,57.05,56.15,300,57.65,300,0,14400
INDIGO30Jan201360PE.NFO,07/01/2020,11:43:17,57.05,55,900,57.65,300,0,14400
INDIGO30Jan201360PE.NFO,07/01/2020,11:43:18,57.05,55.2,1200,57.65,300,0,14400
INDIGO30Jan201360PE.NFO,07/01/2020,11:43:19,57.05,55.2,1200,57.65,600,0,14400
INDIGO30Jan201360PE.NFO,07/01/2020,11:43:22,57.05,55.3,1500,57.65,600,0,14400
INDIGO30Jan201360PE.NFO,07/01/2020,11:43:24,57.05,55.85,300,57.65,600,0,14400
INDIGO30Jan201360PE.NFO,07/01/2020,11:43:25,57.05,55.95,600,57.65,600,0,14400
INDIGO30Jan201360PE.NFO,07/01/2020,11:43:26,57.05,55.8,1200,57.65,600,0,14400
INDIGO30Jan201360PE.NFO,07/01/2020,11:43:26,57.05,55.7,900,57.65,600,0,14400
INDIGO30Jan201360PE.NFO,07/01/2020,11:43:27,57.05,55.9,300,57.65,600,0,14400
INDIGO30Jan201360PE.NFO,07/01/2020,11:43:30,57.05,55.1,1500,57.65,600,0,14400
INDIGO30Jan201360PE.NFO,07/01/2020,11:43:31,57.05,55.2,1200,57.65,600,0,14400
INDIGO30Jan201360PE.NFO,07/01/2020,11:43:32,57.05,55.3,1200,57.65,600,0,14400
INDIGO30Jan201360PE.NFO,07/01/2020,11:43:33,57.05,55.4,1200,57.65,600,0,14400
INDIGO30Jan201360PE.NFO,07/01/2020,11:43:34,57.05,55.8,1200,57.65,600,0,14400
INDIGO30Jan201360PE.NFO,07/01/2020,11:43:36,57.05,55.45,1200,57.65,600,0,14400
INDIGO30Jan201360PE.NFO,07/01/2020,11:43:37,57.05,55.65,1200,57.55,300,0,14400
INDIGO30Jan201360PE.NFO,07/01/2020,11:43:39,57.05,55.75,600,57.5,300,0,14400
INDIGO30Jan201360PE.NFO,07/01/2020,11:43:40,57.05,55,1200,57.55,900,0,14400
INDIGO30Jan201360PE.NFO,07/01/2020,11:43:41,57.05,55.6,600,57.45,300,0,14400
INDIGO30Jan201360PE.NFO,07/01/2020,11:43:41,57.05,55.9,600,57.45,300,0,14400
INDIGO30Jan201360PE.NFO,07/01/2020,11:43:42,57.05,55.95,600,57.45,600,0,14400
INDIGO30Jan201360PE.NFO,07/01/2020,11:43:44,57.05,56.1,600,57.45,600,0,14400
INDIGO30Jan201360PE.NFO,07/01/2020,11:43:46,57.05,56.1,600,57.45,300,0,14400
INDIGO30Jan201360PE.NFO,07/01/2020,11:43:47,57.05,56.1,300,57.45,300,0,14400
INDIGO30Jan201360PE.NFO,07/01/2020,11:43:48,57.05,56.1,600,57.45,600,0,14400
INDIGO30Jan201360PE.NFO,07/01/2020,11:43:49,57.05,56.1,600,57.45,300,0,14400
INDIGO30Jan201360PE.NFO,07/01/2020,11:43:50,57.05,54.7,1800,57.4,300,0,14400
INDIGO30Jan201360PE.NFO,07/01/2020,11:43:51,57.05,54.8,1200,57.4,600,0,14400
INDIGO30Jan201360PE.NFO,07/01/2020,11:43:52,57.05,56.1,600,57.6,600,0,14400
INDIGO30Jan201360PE.NFO,07/01/2020,11:43:53,57.05,56.2,300,57.6,600,0,14400
INDIGO30Jan201360PE.NFO,07/01/2020,11:43:55,57.05,56.25,600,57.6,600,0,14400
INDIGO30Jan201360PE.NFO,07/01/2020,11:44:01,57.05,56.4,300,57.75,300,0,14400
INDIGO30Jan201360PE.NFO,07/01/2020,11:44:02,57.05,56.5,300,57.75,600,0,14400
INDIGO30Jan201360PE.NFO,07/01/2020,11:44:03,57.05,56.55,300,57.75,600,0,14400
INDIGO30Jan201360PE.NFO,07/01/2020,11:44:04,57.05,54.8,2100,57.75,600,0,14400
INDIGO30Jan201360PE.NFO,07/01/2020,11:44:05,57.05,56.2,300,57.75,600,0,14400
INDIGO30Jan201360PE.NFO,07/01/2020,11:44:05,57.05,56.3,300,57.75,600,0,14400
INDIGO30Jan201360PE.NFO,07/01/2020,11:44:07,57.05,56.4,300,57.75,600,0,14400
INDIGO30Jan201360PE.NFO,07/01/2020,11:44:07,57.05,56.45,600,57.75,600,0,14400
INDIGO30Jan201360PE.NFO,07/01/2020,11:44:11,57.05,54.9,1800,57.7,600,0,14400
INDIGO30Jan201360PE.NFO,07/01/2020,11:44:12,57.05,55.5,600,57.65,600,0,14400
INDIGO30Jan201360PE.NFO,07/01/2020,11:44:13,57.05,55.9,600,57.65,600,0,14400
INDIGO30Jan201360PE.NFO,07/01/2020,11:44:13,57.05,56,900,57.65,600,0,14400
INDIGO30Jan201360PE.NFO,07/01/2020,11:44:15,57.05,56.1,300,57.65,600,0,14400
INDIGO30Jan201360PE.NFO,07/01/2020,11:44:16,57.05,56.2,300,57.65,600,0,14400
INDIGO30Jan201360PE.NFO,07/01/2020,11:44:16,57.05,56.25,600,57.65,600,0,14400
INDIGO30Jan201360PE.NFO,07/01/2020,11:44:18,57.05,56.35,300,57.65,600,0,14400
INDIGO30Jan201360PE.NFO,07/01/2020,11:44:19,57.05,55,1800,57.65,600,0,14400
INDIGO30Jan201360PE.NFO,07/01/2020,11:44:20,57.05,55.2,1500,57.65,600,0,14400
INDIGO30Jan201360PE.NFO,07/01/2020,11:44:21,57.05,55.7,1200,57.65,600,0,14400
INDIGO30Jan201360PE.NFO,07/01/2020,11:44:23,57.05,55.9,600,57.7,600,0,14400
INDIGO30Jan201360PE.NFO,07/01/2020,11:44:24,57.05,56,300,57.7,600,0,14400
INDIGO30Jan201360PE.NFO,07/01/2020,11:44:25,57.05,56.1,300,57.65,600,0,14400
INDIGO30Jan201360PE.NFO,07/01/2020,11:44:26,57.05,56.2,300,57.65,600,0,14400
INDIGO30Jan201360PE.NFO,07/01/2020,11:44:27,57.05,56.3,300,57.65,600,0,14400
INDIGO30Jan201360PE.NFO,07/01/2020,11:44:28,57.05,56.35,600,57.65,600,0,14400
INDIGO30Jan201360PE.NFO,07/01/2020,11:44:28,57.05,55.6,900,57.7,600,0,14400
INDIGO30Jan201360PE.NFO,07/01/2020,11:44:30,57.05,55.7,900,57.7,600,0,14400
INDIGO30Jan201360PE.NFO,07/01/2020,11:44:31,57.05,55.8,900,58,300,0,14400
INDIGO30Jan201360PE.NFO,07/01/2020,11:44:32,57.05,56.2,300,58,300,0,14400
