Ticker,Date,Time,LTP,BuyPrice,BuyQty,SellPrice,SellQty,LTQ,OpenInterest
INDIGO30Jan201180PE.NFO,07/01/2020,09:26:07,4.75,4.75,300,14,1800,300,0
INDIGO30Jan201180PE.NFO,07/01/2020,09:26:07,4.75,4.75,300,14,1800,0,0
INDIGO30Jan201180PE.NFO,07/01/2020,09:26:07,4.75,4.75,300,14,1800,0,0
INDIGO30Jan201180PE.NFO,07/01/2020,09:26:07,4.75,4.75,300,14,1800,0,0
INDIGO30Jan201180PE.NFO,07/01/2020,09:26:14,4.75,3.4,3000,14,1200,0,900
INDIGO30Jan201180PE.NFO,07/01/2020,09:26:20,4.75,5.2,1200,14,1200,0,900
INDIGO30Jan201180PE.NFO,07/01/2020,09:35:16,4.75,5.3,1200,14,1200,0,900
INDIGO30Jan201180PE.NFO,07/01/2020,09:35:20,4.75,5.3,1200,13.9,900,0,900
INDIGO30Jan201180PE.NFO,07/01/2020,09:35:30,4.75,5.3,1200,13.8,900,0,900
INDIGO30Jan201180PE.NFO,07/01/2020,09:39:54,4.75,5.3,1200,13.8,1500,0,900
INDIGO30Jan201180PE.NFO,07/01/2020,09:39:58,4.75,5.3,1200,13.7,900,0,900
INDIGO30Jan201180PE.NFO,07/01/2020,09:40:07,4.75,5.3,1200,13.6,900,0,900
INDIGO30Jan201180PE.NFO,07/01/2020,09:41:51,4.75,5.3,1200,13.25,1500,0,900
INDIGO30Jan201180PE.NFO,07/01/2020,09:42:56,4.75,5.3,1200,13.25,2100,0,900
INDIGO30Jan201180PE.NFO,07/01/2020,09:43:18,4.75,5.3,1200,13.25,1500,0,900
INDIGO30Jan201180PE.NFO,07/01/2020,09:45:04,4.75,5.3,1200,13.25,2700,0,900
INDIGO30Jan201180PE.NFO,07/01/2020,09:47:02,4.75,5.3,1200,13.15,1800,0,900
INDIGO30Jan201180PE.NFO,07/01/2020,09:47:50,4.75,3.4,600,13.15,600,0,900
INDIGO30Jan201180PE.NFO,07/01/2020,09:48:34,4.75,3.4,1200,13.15,600,0,900
INDIGO30Jan201180PE.NFO,07/01/2020,09:48:38,4.75,3.4,600,13.15,600,0,900
INDIGO30Jan201180PE.NFO,07/01/2020,09:48:42,4.75,3.4,600,13.15,1800,0,900
INDIGO30Jan201180PE.NFO,07/01/2020,09:49:03,4.75,3.4,600,13.15,600,0,900
INDIGO30Jan201180PE.NFO,07/01/2020,09:49:08,4.75,3.4,600,13.1,900,0,900
INDIGO30Jan201180PE.NFO,07/01/2020,09:49:13,4.75,3.4,600,13.1,1500,0,900
INDIGO30Jan201180PE.NFO,07/01/2020,09:49:18,4.75,3.4,600,13.1,900,0,900
INDIGO30Jan201180PE.NFO,07/01/2020,09:49:59,4.75,3.4,600,13.1,2100,0,900
INDIGO30Jan201180PE.NFO,07/01/2020,09:50:10,4.75,3.4,600,13.1,900,0,900
INDIGO30Jan201180PE.NFO,07/01/2020,09:53:39,4.75,3.4,600,13.1,2100,0,900
INDIGO30Jan201180PE.NFO,07/01/2020,09:53:44,4.75,3.4,600,13.1,900,0,900
INDIGO30Jan201180PE.NFO,07/01/2020,09:54:02,4.75,3.4,600,13.1,2100,0,900
INDIGO30Jan201180PE.NFO,07/01/2020,09:54:06,4.75,3.4,600,13.1,900,0,900
INDIGO30Jan201180PE.NFO,07/01/2020,09:55:12,4.75,3.4,600,13.1,2100,0,900
INDIGO30Jan201180PE.NFO,07/01/2020,09:55:22,4.75,3.4,600,13.1,1500,0,900
INDIGO30Jan201180PE.NFO,07/01/2020,09:57:24,4.75,3.4,600,13.1,2100,0,900
INDIGO30Jan201180PE.NFO,07/01/2020,09:58:34,4.75,3.4,600,13.1,1500,0,900
INDIGO30Jan201180PE.NFO,07/01/2020,10:01:16,4.75,3.4,2400,13.1,900,0,900
INDIGO30Jan201180PE.NFO,07/01/2020,10:01:23,4.75,3.4,2400,13.1,300,0,900
INDIGO30Jan201180PE.NFO,07/01/2020,10:02:57,4.75,3.45,2700,13.1,300,0,900
INDIGO30Jan201180PE.NFO,07/01/2020,10:03:02,4.75,3.5,2400,13.1,300,0,900
INDIGO30Jan201180PE.NFO,07/01/2020,10:03:31,4.75,3.5,3000,13.1,300,0,900
INDIGO30Jan201180PE.NFO,07/01/2020,10:03:35,4.75,3.5,2400,13.1,300,0,900
INDIGO30Jan201180PE.NFO,07/01/2020,10:03:58,4.75,3.5,3000,13.1,300,0,900
INDIGO30Jan201180PE.NFO,07/01/2020,10:04:08,4.75,4.7,600,13.1,300,0,900
INDIGO30Jan201180PE.NFO,07/01/2020,10:04:12,4.75,4.75,600,13.1,300,0,900
INDIGO30Jan201180PE.NFO,07/01/2020,10:04:16,4.75,4.65,600,13.1,300,0,900
INDIGO30Jan201180PE.NFO,07/01/2020,10:04:29,4.75,4.6,600,13.1,300,0,900
INDIGO30Jan201180PE.NFO,07/01/2020,10:04:38,4.75,4.5,600,13.1,300,0,900
INDIGO30Jan201180PE.NFO,07/01/2020,10:04:48,4.75,4.5,600,13.05,300,0,900
INDIGO30Jan201180PE.NFO,07/01/2020,10:04:52,4.75,4.55,600,13.05,300,0,900
INDIGO30Jan201180PE.NFO,07/01/2020,10:04:57,4.75,4.55,600,12.95,300,0,900
INDIGO30Jan201180PE.NFO,07/01/2020,10:05:01,4.75,4.15,600,12.95,300,0,900
INDIGO30Jan201180PE.NFO,07/01/2020,10:05:06,4.75,4.55,600,12.95,300,0,900
INDIGO30Jan201180PE.NFO,07/01/2020,10:05:23,4.75,4.6,600,12.95,300,0,900
INDIGO30Jan201180PE.NFO,07/01/2020,10:05:28,4.75,4.55,600,12.95,300,0,900
INDIGO30Jan201180PE.NFO,07/01/2020,10:06:02,4.75,4.6,600,12.95,300,0,900
INDIGO30Jan201180PE.NFO,07/01/2020,10:06:07,4.75,4.55,600,12.95,300,0,900
INDIGO30Jan201180PE.NFO,07/01/2020,10:06:13,4.75,4.6,600,12.95,300,0,900
INDIGO30Jan201180PE.NFO,07/01/2020,10:06:46,4.75,4.55,600,12.95,300,0,900
INDIGO30Jan201180PE.NFO,07/01/2020,10:07:02,4.75,4.6,600,12.95,300,0,900
INDIGO30Jan201180PE.NFO,07/01/2020,10:07:14,4.75,4.95,600,12.95,300,0,900
INDIGO30Jan201180PE.NFO,07/01/2020,10:07:25,4.75,4.9,600,12.95,300,0,900
INDIGO30Jan201180PE.NFO,07/01/2020,10:07:41,4.75,4.95,600,12.95,300,0,900
INDIGO30Jan201180PE.NFO,07/01/2020,10:07:46,4.75,4.9,600,12.95,300,0,900
INDIGO30Jan201180PE.NFO,07/01/2020,10:08:14,4.75,4.25,600,12.95,300,0,900
INDIGO30Jan201180PE.NFO,07/01/2020,10:08:19,4.75,4.85,600,12.95,300,0,900
INDIGO30Jan201180PE.NFO,07/01/2020,10:08:39,4.75,4.9,600,12.95,300,0,900
INDIGO30Jan201180PE.NFO,07/01/2020,10:08:48,4.75,4.85,600,12.95,300,0,900
INDIGO30Jan201180PE.NFO,07/01/2020,10:09:09,4.75,4.85,600,12.85,300,0,900
INDIGO30Jan201180PE.NFO,07/01/2020,10:09:26,4.75,4.8,600,12.85,300,0,900
INDIGO30Jan201180PE.NFO,07/01/2020,10:09:35,4.75,4.85,600,12.85,300,0,900
INDIGO30Jan201180PE.NFO,07/01/2020,10:09:43,4.75,4.8,600,12.85,300,0,900
INDIGO30Jan201180PE.NFO,07/01/2020,10:10:17,4.75,4.85,600,12.85,300,0,900
INDIGO30Jan201180PE.NFO,07/01/2020,10:10:38,4.75,4.8,600,12.85,300,0,900
INDIGO30Jan201180PE.NFO,07/01/2020,10:11:13,4.75,4.85,600,12.85,300,0,900
INDIGO30Jan201180PE.NFO,07/01/2020,10:11:18,4.75,4.5,600,12.85,300,0,900
INDIGO30Jan201180PE.NFO,07/01/2020,10:11:23,4.75,4.8,600,12.85,300,0,900
INDIGO30Jan201180PE.NFO,07/01/2020,10:12:05,4.75,4.85,600,12.85,300,0,900
INDIGO30Jan201180PE.NFO,07/01/2020,10:12:50,4.75,4.9,600,12.85,300,0,900
INDIGO30Jan201180PE.NFO,07/01/2020,10:13:16,4.75,4.85,600,12.85,300,0,900
INDIGO30Jan201180PE.NFO,07/01/2020,10:13:50,4.75,4.9,600,12.85,300,0,900
INDIGO30Jan201180PE.NFO,07/01/2020,10:15:01,4.75,4.85,600,12.85,300,0,900
INDIGO30Jan201180PE.NFO,07/01/2020,10:15:22,4.75,4.9,600,12.85,300,0,900
INDIGO30Jan201180PE.NFO,07/01/2020,10:15:26,4.75,4.85,600,12.85,300,0,900
INDIGO30Jan201180PE.NFO,07/01/2020,10:15:41,4.75,4.8,600,12.85,300,0,900
INDIGO30Jan201180PE.NFO,07/01/2020,10:16:07,4.75,4.75,600,12.85,300,0,900
INDIGO30Jan201180PE.NFO,07/01/2020,10:16:16,4.75,4.6,600,12.85,300,0,900
INDIGO30Jan201180PE.NFO,07/01/2020,10:16:20,4.75,4.65,600,12.85,300,0,900
INDIGO30Jan201180PE.NFO,07/01/2020,10:16:29,4.75,4.6,600,12.85,300,0,900
INDIGO30Jan201180PE.NFO,07/01/2020,10:16:40,4.75,4.65,600,12.85,300,0,900
INDIGO30Jan201180PE.NFO,07/01/2020,10:16:45,4.75,4.6,600,12.85,300,0,900
INDIGO30Jan201180PE.NFO,07/01/2020,10:16:49,4.75,4.55,600,12.85,300,0,900
INDIGO30Jan201180PE.NFO,07/01/2020,10:16:54,4.75,3.95,600,12.85,300,0,900
INDIGO30Jan201180PE.NFO,07/01/2020,10:16:58,4.75,4.6,600,12.85,300,0,900
INDIGO30Jan201180PE.NFO,07/01/2020,10:17:52,4.75,3.95,600,12.85,300,0,900
INDIGO30Jan201180PE.NFO,07/01/2020,10:17:57,4.75,4.65,600,12.85,300,0,900
INDIGO30Jan201180PE.NFO,07/01/2020,10:18:06,4.75,4.7,600,12.85,300,0,900
INDIGO30Jan201180PE.NFO,07/01/2020,10:18:10,4.75,4.6,600,12.85,300,0,900
INDIGO30Jan201180PE.NFO,07/01/2020,10:19:10,4.75,4.65,600,12.85,300,0,900
INDIGO30Jan201180PE.NFO,07/01/2020,10:19:24,4.75,4.6,600,12.85,300,0,900
INDIGO30Jan201180PE.NFO,07/01/2020,10:20:56,4.75,4.55,600,12.85,300,0,900
INDIGO30Jan201180PE.NFO,07/01/2020,10:21:20,4.75,4.6,600,12.85,300,0,900
INDIGO30Jan201180PE.NFO,07/01/2020,10:22:34,4.75,4.65,600,12.85,300,0,900
INDIGO30Jan201180PE.NFO,07/01/2020,10:22:37,4.75,4.65,600,12.75,300,0,900
INDIGO30Jan201180PE.NFO,07/01/2020,10:22:40,4.75,4.65,600,12.7,300,0,900
INDIGO30Jan201180PE.NFO,07/01/2020,10:23:00,4.75,4.75,600,12.85,300,0,900
INDIGO30Jan201180PE.NFO,07/01/2020,10:23:05,4.75,4.7,600,12.85,300,0,900
INDIGO30Jan201180PE.NFO,07/01/2020,10:23:14,4.75,4.65,600,12.85,300,0,900
INDIGO30Jan201180PE.NFO,07/01/2020,10:23:22,4.75,4.2,600,12.85,300,0,900
INDIGO30Jan201180PE.NFO,07/01/2020,10:23:26,4.75,4.6,600,12.85,300,0,900
INDIGO30Jan201180PE.NFO,07/01/2020,10:23:30,4.75,4.65,600,12.85,300,0,900
INDIGO30Jan201180PE.NFO,07/01/2020,10:23:34,4.75,4.7,600,12.85,300,0,900
INDIGO30Jan201180PE.NFO,07/01/2020,10:24:05,4.75,4.65,600,12.85,300,0,900
INDIGO30Jan201180PE.NFO,07/01/2020,10:24:44,4.75,4.7,600,12.85,300,0,900
INDIGO30Jan201180PE.NFO,07/01/2020,10:25:12,4.75,4.65,600,12.85,300,0,900
INDIGO30Jan201180PE.NFO,07/01/2020,10:25:31,4.75,4.7,600,12.85,300,0,900
INDIGO30Jan201180PE.NFO,07/01/2020,10:25:41,4.75,4.75,600,12.85,300,0,900
INDIGO30Jan201180PE.NFO,07/01/2020,10:26:25,4.75,4.8,600,12.85,300,0,900
INDIGO30Jan201180PE.NFO,07/01/2020,10:26:52,4.75,4.85,600,12.85,300,0,900
INDIGO30Jan201180PE.NFO,07/01/2020,10:26:56,4.75,4.9,600,12.85,300,0,900
INDIGO30Jan201180PE.NFO,07/01/2020,10:27:07,4.75,4.1,1200,12.85,300,0,900
INDIGO30Jan201180PE.NFO,07/01/2020,10:27:13,4.75,4.85,600,12.85,300,0,900
INDIGO30Jan201180PE.NFO,07/01/2020,10:27:31,4.75,4.9,600,12.85,300,0,900
INDIGO30Jan201180PE.NFO,07/01/2020,10:27:41,4.75,4.85,600,12.75,300,0,900
INDIGO30Jan201180PE.NFO,07/01/2020,10:27:45,4.75,4.9,600,12.55,300,0,900
INDIGO30Jan201180PE.NFO,07/01/2020,10:27:49,4.75,4.9,600,12.1,300,0,900
INDIGO30Jan201180PE.NFO,07/01/2020,10:28:04,4.75,4.9,600,12.05,300,0,900
INDIGO30Jan201180PE.NFO,07/01/2020,10:28:07,4.75,4.95,600,12.75,300,0,900
INDIGO30Jan201180PE.NFO,07/01/2020,10:28:14,4.75,4.9,600,12.75,300,0,900
INDIGO30Jan201180PE.NFO,07/01/2020,10:29:42,4.75,4.95,600,12.75,300,0,900
INDIGO30Jan201180PE.NFO,07/01/2020,10:30:09,4.75,4.9,600,12.75,300,0,900
INDIGO30Jan201180PE.NFO,07/01/2020,10:30:11,4.75,4.95,600,12.75,300,0,900
INDIGO30Jan201180PE.NFO,07/01/2020,10:30:22,4.75,4.6,600,12.75,300,0,900
INDIGO30Jan201180PE.NFO,07/01/2020,10:30:25,4.75,4.85,600,12.75,300,0,900
INDIGO30Jan201180PE.NFO,07/01/2020,10:30:33,4.75,4.9,600,12.75,300,0,900
INDIGO30Jan201180PE.NFO,07/01/2020,10:30:36,4.75,4.85,600,12.75,300,0,900
INDIGO30Jan201180PE.NFO,07/01/2020,10:30:38,4.75,4.9,600,12.75,300,0,900
INDIGO30Jan201180PE.NFO,07/01/2020,10:30:48,4.75,4.95,600,12.75,300,0,900
INDIGO30Jan201180PE.NFO,07/01/2020,10:30:55,4.75,4.9,600,12.75,300,0,900
INDIGO30Jan201180PE.NFO,07/01/2020,10:31:14,4.75,4.85,600,12.75,300,0,900
INDIGO30Jan201180PE.NFO,07/01/2020,10:31:20,4.75,4.9,600,12.75,300,0,900
INDIGO30Jan201180PE.NFO,07/01/2020,10:31:53,4.75,4.95,600,12.75,300,0,900
INDIGO30Jan201180PE.NFO,07/01/2020,10:33:31,4.75,4.9,600,12.75,300,0,900
INDIGO30Jan201180PE.NFO,07/01/2020,10:33:38,4.75,4.95,600,12.75,300,0,900
INDIGO30Jan201180PE.NFO,07/01/2020,10:35:43,4.75,4.9,600,12.75,300,0,900
INDIGO30Jan201180PE.NFO,07/01/2020,10:35:55,4.75,4.95,600,12.75,300,0,900
INDIGO30Jan201180PE.NFO,07/01/2020,10:36:14,4.75,4.65,600,12.75,300,0,900
INDIGO30Jan201180PE.NFO,07/01/2020,10:36:18,4.75,4.95,600,12.75,300,0,900
INDIGO30Jan201180PE.NFO,07/01/2020,10:37:32,4.75,4.9,600,12.75,300,0,900
INDIGO30Jan201180PE.NFO,07/01/2020,10:37:53,4.75,4.45,600,12.75,300,0,900
INDIGO30Jan201180PE.NFO,07/01/2020,10:37:58,4.75,4.9,600,12.75,300,0,900
INDIGO30Jan201180PE.NFO,07/01/2020,10:38:06,4.75,4.85,600,12.75,300,0,900
INDIGO30Jan201180PE.NFO,07/01/2020,10:38:09,4.75,5,600,12.75,300,0,900
INDIGO30Jan201180PE.NFO,07/01/2020,10:38:12,4.75,4.9,600,12.75,300,0,900
INDIGO30Jan201180PE.NFO,07/01/2020,10:38:14,4.75,4.95,600,12.75,300,0,900
INDIGO30Jan201180PE.NFO,07/01/2020,10:38:19,4.75,4.9,600,12.75,300,0,900
INDIGO30Jan201180PE.NFO,07/01/2020,10:38:26,4.75,5,600,12.75,300,0,900
INDIGO30Jan201180PE.NFO,07/01/2020,10:38:29,4.75,4.9,600,12.75,300,0,900
INDIGO30Jan201180PE.NFO,07/01/2020,10:38:40,4.75,4.95,600,12.75,300,0,900
INDIGO30Jan201180PE.NFO,07/01/2020,10:38:42,4.75,4.9,600,12.75,300,0,900
INDIGO30Jan201180PE.NFO,07/01/2020,10:39:12,4.75,4.85,600,12.75,300,0,900
INDIGO30Jan201180PE.NFO,07/01/2020,10:39:23,4.75,4.9,600,12.75,300,0,900
INDIGO30Jan201180PE.NFO,07/01/2020,10:40:49,4.75,4.85,600,12.75,300,0,900
INDIGO30Jan201180PE.NFO,07/01/2020,10:41:52,4.75,4.55,600,12.75,300,0,900
INDIGO30Jan201180PE.NFO,07/01/2020,10:41:55,4.75,4.85,600,12.75,300,0,900
INDIGO30Jan201180PE.NFO,07/01/2020,10:42:00,4.75,4.9,600,12.75,300,0,900
INDIGO30Jan201180PE.NFO,07/01/2020,10:42:07,4.75,4.85,600,12.75,300,0,900
INDIGO30Jan201180PE.NFO,07/01/2020,10:42:10,4.75,4.9,600,12.75,300,0,900
INDIGO30Jan201180PE.NFO,07/01/2020,10:42:19,4.75,4.85,600,12.75,300,0,900
INDIGO30Jan201180PE.NFO,07/01/2020,10:42:32,4.75,4.9,600,12.75,300,0,900
INDIGO30Jan201180PE.NFO,07/01/2020,10:46:24,4.75,4.8,600,12.75,300,0,900
INDIGO30Jan201180PE.NFO,07/01/2020,10:46:33,4.75,4.3,600,12.75,300,0,900
INDIGO30Jan201180PE.NFO,07/01/2020,10:46:35,4.75,3.85,600,12.75,300,0,900
INDIGO30Jan201180PE.NFO,07/01/2020,10:46:38,4.75,4.45,600,12.75,300,0,900
INDIGO30Jan201180PE.NFO,07/01/2020,10:46:41,4.75,3.85,600,12.75,300,0,900
INDIGO30Jan201180PE.NFO,07/01/2020,10:46:44,4.75,4.35,600,12.75,300,0,900
INDIGO30Jan201180PE.NFO,07/01/2020,10:46:56,4.75,4.4,600,12.75,300,0,900
INDIGO30Jan201180PE.NFO,07/01/2020,10:47:10,4.75,4.35,600,12.75,300,0,900
INDIGO30Jan201180PE.NFO,07/01/2020,10:47:27,4.75,4.4,600,12.75,300,0,900
INDIGO30Jan201180PE.NFO,07/01/2020,10:47:31,4.75,4.45,600,12.75,300,0,900
INDIGO30Jan201180PE.NFO,07/01/2020,10:47:37,4.75,4.35,600,12.75,300,0,900
INDIGO30Jan201180PE.NFO,07/01/2020,10:48:25,4.75,4.4,600,12.75,300,0,900
INDIGO30Jan201180PE.NFO,07/01/2020,10:48:54,4.75,4.45,600,12.75,300,0,900
INDIGO30Jan201180PE.NFO,07/01/2020,10:48:57,4.75,4.55,600,12.75,300,0,900
INDIGO30Jan201180PE.NFO,07/01/2020,10:49:10,4.75,4.45,600,12.75,300,0,900
INDIGO30Jan201180PE.NFO,07/01/2020,10:49:49,4.75,4.5,600,12.75,300,0,900
INDIGO30Jan201180PE.NFO,07/01/2020,10:50:09,4.75,4.55,600,12.75,300,0,900
INDIGO30Jan201180PE.NFO,07/01/2020,10:50:36,4.75,4.15,600,12.75,300,0,900
INDIGO30Jan201180PE.NFO,07/01/2020,10:50:40,4.75,4.6,600,12.75,300,0,900
INDIGO30Jan201180PE.NFO,07/01/2020,10:50:57,4.75,4.7,600,12.75,300,0,900
INDIGO30Jan201180PE.NFO,07/01/2020,10:51:00,4.75,4.65,600,12.75,300,0,900
INDIGO30Jan201180PE.NFO,07/01/2020,10:51:10,4.75,4.6,600,12.75,300,0,900
INDIGO30Jan201180PE.NFO,07/01/2020,10:51:34,4.75,4.65,600,12.75,300,0,900
INDIGO30Jan201180PE.NFO,07/01/2020,10:51:38,4.75,4.7,600,12.75,300,0,900
INDIGO30Jan201180PE.NFO,07/01/2020,10:51:42,4.75,4.65,600,12.75,300,0,900
INDIGO30Jan201180PE.NFO,07/01/2020,10:52:07,4.75,4.7,600,12.75,300,0,900
INDIGO30Jan201180PE.NFO,07/01/2020,10:52:19,4.75,4.65,600,12.75,300,0,900
INDIGO30Jan201180PE.NFO,07/01/2020,10:52:48,4.75,4.7,600,12.75,300,0,900
INDIGO30Jan201180PE.NFO,07/01/2020,10:52:55,4.75,4.8,600,12.75,300,0,900
INDIGO30Jan201180PE.NFO,07/01/2020,10:53:33,4.75,4.25,600,12.75,300,0,900
INDIGO30Jan201180PE.NFO,07/01/2020,10:53:38,4.75,4.65,600,12.75,300,0,900
INDIGO30Jan201180PE.NFO,07/01/2020,10:53:44,4.75,4.7,600,12.75,300,0,900
INDIGO30Jan201180PE.NFO,07/01/2020,10:53:49,4.75,4.75,600,12.75,300,0,900
INDIGO30Jan201180PE.NFO,07/01/2020,10:53:55,4.75,4.7,600,12.75,300,0,900
INDIGO30Jan201180PE.NFO,07/01/2020,10:54:14,4.75,4.2,600,12.75,300,0,900
INDIGO30Jan201180PE.NFO,07/01/2020,10:54:19,4.75,4.7,600,12.75,300,0,900
INDIGO30Jan201180PE.NFO,07/01/2020,10:56:03,4.75,4.3,600,12.75,300,0,900
INDIGO30Jan201180PE.NFO,07/01/2020,10:56:07,4.75,4.7,600,12.75,300,0,900
INDIGO30Jan201180PE.NFO,07/01/2020,10:56:12,4.75,4.95,600,12.75,300,0,900
INDIGO30Jan201180PE.NFO,07/01/2020,10:56:17,4.75,5,600,12.75,300,0,900
INDIGO30Jan201180PE.NFO,07/01/2020,10:56:34,4.75,5.1,600,12.8,300,0,900
INDIGO30Jan201180PE.NFO,07/01/2020,10:56:39,4.75,5.25,600,12.8,300,0,900
INDIGO30Jan201180PE.NFO,07/01/2020,10:56:47,4.75,5.15,600,12.8,300,0,900
INDIGO30Jan201180PE.NFO,07/01/2020,10:56:58,4.75,5.1,600,12.8,300,0,900
INDIGO30Jan201180PE.NFO,07/01/2020,10:57:03,4.75,5.25,600,12.8,300,0,900
INDIGO30Jan201180PE.NFO,07/01/2020,10:57:08,4.75,5.1,600,12.8,300,0,900
INDIGO30Jan201180PE.NFO,07/01/2020,10:57:28,4.75,5,600,12.8,300,0,900
INDIGO30Jan201180PE.NFO,07/01/2020,10:57:35,4.75,5.05,600,12.8,300,0,900
INDIGO30Jan201180PE.NFO,07/01/2020,10:58:00,4.75,5.2,600,12.8,300,0,900
INDIGO30Jan201180PE.NFO,07/01/2020,10:58:07,4.75,5.1,600,12.8,300,0,900
INDIGO30Jan201180PE.NFO,07/01/2020,10:58:13,4.75,5.2,600,12.8,300,0,900
INDIGO30Jan201180PE.NFO,07/01/2020,10:58:19,4.75,5.1,600,12.8,300,0,900
INDIGO30Jan201180PE.NFO,07/01/2020,10:58:26,4.75,5.15,600,12.8,300,0,900
INDIGO30Jan201180PE.NFO,07/01/2020,10:58:33,4.75,5.1,600,12.8,300,0,900
INDIGO30Jan201180PE.NFO,07/01/2020,10:59:04,4.75,4.6,600,12.8,300,0,900
INDIGO30Jan201180PE.NFO,07/01/2020,10:59:10,4.75,4.95,600,12.8,300,0,900
INDIGO30Jan201180PE.NFO,07/01/2020,10:59:17,4.75,5.05,600,12.8,300,0,900
INDIGO30Jan201180PE.NFO,07/01/2020,10:59:34,4.75,4.55,600,12.8,300,0,900
INDIGO30Jan201180PE.NFO,07/01/2020,10:59:41,4.75,4.7,600,12.8,300,0,900
INDIGO30Jan201180PE.NFO,07/01/2020,10:59:46,4.75,4.75,600,12.8,300,0,900
INDIGO30Jan201180PE.NFO,07/01/2020,10:59:52,4.75,4.8,600,12.8,300,0,900
INDIGO30Jan201180PE.NFO,07/01/2020,10:59:57,4.75,4.5,600,12.8,300,0,900
INDIGO30Jan201180PE.NFO,07/01/2020,11:00:04,4.75,4.75,600,12.8,300,0,900
INDIGO30Jan201180PE.NFO,07/01/2020,11:00:19,4.75,4.7,600,12.8,300,0,900
INDIGO30Jan201180PE.NFO,07/01/2020,11:00:32,4.75,4.75,600,12.8,300,0,900
INDIGO30Jan201180PE.NFO,07/01/2020,11:00:39,4.75,4.85,600,12.8,300,0,900
INDIGO30Jan201180PE.NFO,07/01/2020,11:01:37,4.75,5.1,600,12.8,300,0,900
INDIGO30Jan201180PE.NFO,07/01/2020,11:01:44,4.75,5.05,600,12.8,300,0,900
INDIGO30Jan201180PE.NFO,07/01/2020,11:02:00,4.75,4.95,600,12.8,300,0,900
INDIGO30Jan201180PE.NFO,07/01/2020,11:02:20,4.75,5,600,12.8,300,0,900
INDIGO30Jan201180PE.NFO,07/01/2020,11:02:26,4.75,5.05,600,12.8,300,0,900
INDIGO30Jan201180PE.NFO,07/01/2020,11:02:39,4.75,5,600,12.8,300,0,900
INDIGO30Jan201180PE.NFO,07/01/2020,11:02:58,4.75,5.05,600,12.8,300,0,900
INDIGO30Jan201180PE.NFO,07/01/2020,11:03:12,4.75,5,600,12.8,300,0,900
INDIGO30Jan201180PE.NFO,07/01/2020,11:03:19,4.75,4.95,600,12.8,300,0,900
INDIGO30Jan201180PE.NFO,07/01/2020,11:03:25,4.75,5,600,12.8,300,0,900
INDIGO30Jan201180PE.NFO,07/01/2020,11:03:53,4.75,4.85,600,12.8,300,0,900
INDIGO30Jan201180PE.NFO,07/01/2020,11:04:00,4.75,4.95,600,12.8,300,0,900
INDIGO30Jan201180PE.NFO,07/01/2020,11:04:46,4.75,5.05,600,12.8,300,0,900
INDIGO30Jan201180PE.NFO,07/01/2020,11:04:53,4.75,5,600,12.8,300,0,900
INDIGO30Jan201180PE.NFO,07/01/2020,11:05:07,4.75,5,1200,12.8,300,0,900
INDIGO30Jan201180PE.NFO,07/01/2020,11:05:13,4.75,5.1,600,12.8,300,0,900
INDIGO30Jan201180PE.NFO,07/01/2020,11:05:34,4.75,5.3,600,12.8,300,0,900
INDIGO30Jan201180PE.NFO,07/01/2020,11:05:41,4.75,5.1,600,12.8,300,0,900
INDIGO30Jan201180PE.NFO,07/01/2020,11:05:55,4.75,5.2,600,12.8,300,0,900
INDIGO30Jan201180PE.NFO,07/01/2020,11:06:16,4.75,5.3,600,12.8,300,0,900
INDIGO30Jan201180PE.NFO,07/01/2020,11:06:28,4.75,5.2,600,12.8,300,0,900
INDIGO30Jan201180PE.NFO,07/01/2020,11:06:33,4.75,5.15,600,12.8,300,0,900
INDIGO30Jan201180PE.NFO,07/01/2020,11:06:39,4.75,5.2,600,12.8,300,0,900
INDIGO30Jan201180PE.NFO,07/01/2020,11:06:49,4.75,5.25,600,12.8,300,0,900
INDIGO30Jan201180PE.NFO,07/01/2020,11:06:54,4.75,5.2,600,12.8,300,0,900
INDIGO30Jan201180PE.NFO,07/01/2020,11:07:20,4.75,4.9,600,12.8,300,0,900
INDIGO30Jan201180PE.NFO,07/01/2020,11:07:25,4.75,5,600,12.8,300,0,900
INDIGO30Jan201180PE.NFO,07/01/2020,11:07:47,4.75,4.9,600,12.8,300,0,900
INDIGO30Jan201180PE.NFO,07/01/2020,11:07:57,4.75,4.85,600,12.8,300,0,900
INDIGO30Jan201180PE.NFO,07/01/2020,11:11:37,4.75,4.8,600,12.8,300,0,900
INDIGO30Jan201180PE.NFO,07/01/2020,11:11:51,4.75,4.75,600,12.8,300,0,900
INDIGO30Jan201180PE.NFO,07/01/2020,11:11:57,4.75,4.9,600,12.8,300,0,900
INDIGO30Jan201180PE.NFO,07/01/2020,11:13:06,4.75,4.95,600,12.8,300,0,900
INDIGO30Jan201180PE.NFO,07/01/2020,11:13:17,4.75,5,600,12.8,300,0,900
INDIGO30Jan201180PE.NFO,07/01/2020,11:13:46,4.75,4.95,600,12.8,300,0,900
INDIGO30Jan201180PE.NFO,07/01/2020,11:13:52,4.75,5,600,12.8,300,0,900
INDIGO30Jan201180PE.NFO,07/01/2020,11:13:58,4.75,4.95,600,12.8,300,0,900
INDIGO30Jan201180PE.NFO,07/01/2020,11:14:09,4.75,5,600,12.8,300,0,900
INDIGO30Jan201180PE.NFO,07/01/2020,11:14:14,4.75,4.95,600,12.8,300,0,900
INDIGO30Jan201180PE.NFO,07/01/2020,11:14:46,4.75,5,600,12.8,300,0,900
INDIGO30Jan201180PE.NFO,07/01/2020,11:14:57,4.75,5.05,600,12.8,300,0,900
INDIGO30Jan201180PE.NFO,07/01/2020,11:15:15,4.75,5,600,12.8,300,0,900
INDIGO30Jan201180PE.NFO,07/01/2020,11:15:20,4.75,5.05,600,12.8,300,0,900
INDIGO30Jan201180PE.NFO,07/01/2020,11:15:25,4.75,5.1,600,12.8,300,0,900
INDIGO30Jan201180PE.NFO,07/01/2020,11:15:31,4.75,5,600,12.8,300,0,900
INDIGO30Jan201180PE.NFO,07/01/2020,11:15:42,4.75,5.05,600,12.8,300,0,900
INDIGO30Jan201180PE.NFO,07/01/2020,11:15:52,4.75,5,600,12.8,300,0,900
INDIGO30Jan201180PE.NFO,07/01/2020,11:16:30,4.75,5.05,600,12.8,300,0,900
INDIGO30Jan201180PE.NFO,07/01/2020,11:16:35,4.75,5,600,12.8,300,0,900
INDIGO30Jan201180PE.NFO,07/01/2020,11:16:40,4.75,4.95,600,12.8,300,0,900
INDIGO30Jan201180PE.NFO,07/01/2020,11:16:52,4.75,5.05,600,12.8,300,0,900
INDIGO30Jan201180PE.NFO,07/01/2020,11:17:45,4.75,4.95,600,12.8,300,0,900
INDIGO30Jan201180PE.NFO,07/01/2020,11:17:55,4.75,5,600,12.8,300,0,900
INDIGO30Jan201180PE.NFO,07/01/2020,11:17:59,4.75,5.05,600,12.8,300,0,900
INDIGO30Jan201180PE.NFO,07/01/2020,11:18:42,4.75,5,600,12.8,300,0,900
INDIGO30Jan201180PE.NFO,07/01/2020,11:19:11,4.75,5.05,600,12.8,300,0,900
INDIGO30Jan201180PE.NFO,07/01/2020,11:19:26,4.75,5.1,600,12.8,300,0,900
INDIGO30Jan201180PE.NFO,07/01/2020,11:19:33,4.75,4.95,600,12.8,300,0,900
INDIGO30Jan201180PE.NFO,07/01/2020,11:19:45,4.75,4.9,600,12.8,300,0,900
INDIGO30Jan201180PE.NFO,07/01/2020,11:19:51,4.75,4.95,600,12.8,300,0,900
INDIGO30Jan201180PE.NFO,07/01/2020,11:19:57,4.75,4.9,600,12.8,300,0,900
INDIGO30Jan201180PE.NFO,07/01/2020,11:20:07,4.75,4.95,600,12.8,300,0,900
INDIGO30Jan201180PE.NFO,07/01/2020,11:20:13,4.75,4.9,600,12.8,300,0,900
INDIGO30Jan201180PE.NFO,07/01/2020,11:20:19,4.75,4.75,600,12.8,300,0,900
INDIGO30Jan201180PE.NFO,07/01/2020,11:20:24,4.75,4.7,600,12.8,300,0,900
INDIGO30Jan201180PE.NFO,07/01/2020,11:20:29,4.75,4.85,600,12.8,300,0,900
INDIGO30Jan201180PE.NFO,07/01/2020,11:20:35,4.75,4.95,600,12.8,300,0,900
INDIGO30Jan201180PE.NFO,07/01/2020,11:20:40,4.75,4.85,600,12.8,300,0,900
INDIGO30Jan201180PE.NFO,07/01/2020,11:20:45,4.75,4.8,600,12.8,300,0,900
INDIGO30Jan201180PE.NFO,07/01/2020,11:21:02,4.75,4.85,600,12.8,300,0,900
INDIGO30Jan201180PE.NFO,07/01/2020,11:21:07,4.75,4.8,600,12.8,300,0,900
INDIGO30Jan201180PE.NFO,07/01/2020,11:21:20,4.75,4.7,600,12.8,300,0,900
INDIGO30Jan201180PE.NFO,07/01/2020,11:21:25,4.75,4.85,600,12.8,300,0,900
INDIGO30Jan201180PE.NFO,07/01/2020,11:21:32,4.75,4.8,600,12.8,300,0,900
INDIGO30Jan201180PE.NFO,07/01/2020,11:21:38,4.75,4.85,600,12.8,300,0,900
INDIGO30Jan201180PE.NFO,07/01/2020,11:22:36,4.75,4.8,600,12.8,300,0,900
INDIGO30Jan201180PE.NFO,07/01/2020,11:22:54,4.75,4.75,600,12.8,300,0,900
INDIGO30Jan201180PE.NFO,07/01/2020,11:23:00,4.75,4.8,600,12.8,300,0,900
INDIGO30Jan201180PE.NFO,07/01/2020,11:23:47,4.75,4.85,600,12.8,300,0,900
INDIGO30Jan201180PE.NFO,07/01/2020,11:23:51,4.75,4.95,600,12.8,300,0,900
INDIGO30Jan201180PE.NFO,07/01/2020,11:23:56,4.75,5.15,600,12.8,300,0,900
INDIGO30Jan201180PE.NFO,07/01/2020,11:24:02,4.75,4.8,600,12.8,300,0,900
INDIGO30Jan201180PE.NFO,07/01/2020,11:24:08,4.75,4.75,600,12.8,300,0,900
INDIGO30Jan201180PE.NFO,07/01/2020,11:24:13,4.75,4.8,600,12.8,300,0,900
INDIGO30Jan201180PE.NFO,07/01/2020,11:24:23,4.75,4.7,600,12.8,300,0,900
INDIGO30Jan201180PE.NFO,07/01/2020,11:24:28,4.75,4.4,600,12.8,300,0,900
INDIGO30Jan201180PE.NFO,07/01/2020,11:24:32,4.75,4.45,600,12.8,300,0,900
INDIGO30Jan201180PE.NFO,07/01/2020,11:24:42,4.75,4.4,600,12.8,300,0,900
INDIGO30Jan201180PE.NFO,07/01/2020,11:24:50,4.75,4.45,600,12.8,300,0,900
INDIGO30Jan201180PE.NFO,07/01/2020,11:24:55,4.75,4.4,600,12.8,300,0,900
INDIGO30Jan201180PE.NFO,07/01/2020,11:25:04,4.75,4.35,600,12.8,300,0,900
INDIGO30Jan201180PE.NFO,07/01/2020,11:25:28,4.75,4.45,600,12.8,300,0,900
INDIGO30Jan201180PE.NFO,07/01/2020,11:26:24,4.75,4.45,600,12.75,300,0,900
INDIGO30Jan201180PE.NFO,07/01/2020,11:28:57,4.75,4.45,600,12.65,300,0,900
INDIGO30Jan201180PE.NFO,07/01/2020,11:29:40,4.75,4.45,600,12.55,300,0,900
INDIGO30Jan201180PE.NFO,07/01/2020,11:30:54,4.75,4.55,600,12.55,300,0,900
INDIGO30Jan201180PE.NFO,07/01/2020,11:31:00,4.75,4.5,600,12.55,300,0,900
INDIGO30Jan201180PE.NFO,07/01/2020,11:31:13,4.75,4.45,600,12.55,300,0,900
INDIGO30Jan201180PE.NFO,07/01/2020,11:41:59,4.75,4.8,600,12.55,300,0,900
INDIGO30Jan201180PE.NFO,07/01/2020,11:42:41,4.75,4.85,600,12.55,300,0,900
INDIGO30Jan201180PE.NFO,07/01/2020,11:45:21,4.75,4.85,600,11.55,300,0,900
INDIGO30Jan201180PE.NFO,07/01/2020,11:45:25,4.75,4.85,600,11.6,300,0,900
INDIGO30Jan201180PE.NFO,07/01/2020,11:46:11,4.75,4.85,600,11.55,300,0,900
INDIGO30Jan201180PE.NFO,07/01/2020,11:46:51,4.75,4.85,600,11.6,300,0,900
INDIGO30Jan201180PE.NFO,07/01/2020,11:47:04,4.75,4.85,600,11.65,300,0,900
INDIGO30Jan201180PE.NFO,07/01/2020,11:47:10,4.75,4.85,600,11.7,300,0,900
INDIGO30Jan201180PE.NFO,07/01/2020,11:47:12,4.75,4.85,600,11.65,300,0,900
INDIGO30Jan201180PE.NFO,07/01/2020,11:47:16,4.75,4.85,600,11.7,300,0,900
INDIGO30Jan201180PE.NFO,07/01/2020,11:48:01,4.75,4.85,600,11.75,300,0,900
INDIGO30Jan201180PE.NFO,07/01/2020,11:48:05,4.75,4.85,600,11.7,300,0,900
INDIGO30Jan201180PE.NFO,07/01/2020,11:48:49,4.75,4.85,600,11.75,300,0,900
INDIGO30Jan201180PE.NFO,07/01/2020,11:49:50,4.75,4.85,600,11.7,300,0,900
INDIGO30Jan201180PE.NFO,07/01/2020,11:50:25,4.75,4.85,600,11.75,300,0,900
INDIGO30Jan201180PE.NFO,07/01/2020,11:50:37,4.75,4.85,600,11.85,300,0,900
INDIGO30Jan201180PE.NFO,07/01/2020,11:50:48,4.75,4.85,600,11.9,300,0,900
INDIGO30Jan201180PE.NFO,07/01/2020,11:51:11,4.75,4.85,600,11.85,300,0,900
INDIGO30Jan201180PE.NFO,07/01/2020,11:51:42,4.75,4.85,600,11.9,300,0,900
INDIGO30Jan201180PE.NFO,07/01/2020,11:51:56,4.75,4.85,600,12,300,0,900
INDIGO30Jan201180PE.NFO,07/01/2020,11:52:37,4.75,4.85,600,12.05,300,0,900
INDIGO30Jan201180PE.NFO,07/01/2020,11:53:52,4.75,4.85,600,12.1,300,0,900
INDIGO30Jan201180PE.NFO,07/01/2020,11:54:24,4.75,4.85,600,12.05,300,0,900
INDIGO30Jan201180PE.NFO,07/01/2020,11:55:08,4.75,4.85,600,12.1,300,0,900
INDIGO30Jan201180PE.NFO,07/01/2020,11:55:23,4.75,4.85,600,12.15,300,0,900
INDIGO30Jan201180PE.NFO,07/01/2020,11:55:30,4.75,4.85,600,12.2,300,0,900
INDIGO30Jan201180PE.NFO,07/01/2020,11:55:33,4.75,4.85,600,12.15,300,0,900
INDIGO30Jan201180PE.NFO,07/01/2020,11:55:44,4.75,4.85,600,12.2,300,0,900
INDIGO30Jan201180PE.NFO,07/01/2020,11:55:50,4.75,4.85,600,12.15,300,0,900
INDIGO30Jan201180PE.NFO,07/01/2020,11:56:16,4.75,4.85,600,12.1,300,0,900
INDIGO30Jan201180PE.NFO,07/01/2020,11:56:18,4.75,4.85,600,12.15,300,0,900
INDIGO30Jan201180PE.NFO,07/01/2020,11:56:58,4.75,4.85,600,12.2,300,0,900
INDIGO30Jan201180PE.NFO,07/01/2020,11:57:54,4.75,4.85,600,12.25,300,0,900
INDIGO30Jan201180PE.NFO,07/01/2020,11:58:57,4.75,4.85,600,12.3,300,0,900
INDIGO30Jan201180PE.NFO,07/01/2020,12:00:40,4.75,4.85,600,12.25,300,0,900
INDIGO30Jan201180PE.NFO,07/01/2020,12:01:33,4.75,4.85,600,12.35,300,0,900
INDIGO30Jan201180PE.NFO,07/01/2020,12:02:35,4.75,4.85,600,12.15,300,0,900
INDIGO30Jan201180PE.NFO,07/01/2020,12:03:35,4.75,4.85,600,12.25,300,0,900
INDIGO30Jan201180PE.NFO,07/01/2020,12:04:09,4.75,4.85,600,12.15,300,0,900
INDIGO30Jan201180PE.NFO,07/01/2020,12:05:15,4.75,4.85,600,12.3,300,0,900
INDIGO30Jan201180PE.NFO,07/01/2020,12:05:45,4.75,4.85,600,12.25,300,0,900
INDIGO30Jan201180PE.NFO,07/01/2020,12:06:34,4.75,4.85,600,12.15,300,0,900
INDIGO30Jan201180PE.NFO,07/01/2020,12:06:59,4.75,4.85,600,12.45,300,0,900
INDIGO30Jan201180PE.NFO,07/01/2020,12:07:49,4.75,4.85,600,12.4,300,0,900
INDIGO30Jan201180PE.NFO,07/01/2020,12:07:55,4.75,4.85,600,12.35,300,0,900
INDIGO30Jan201180PE.NFO,07/01/2020,12:08:40,4.75,4.85,600,12.3,300,0,900
INDIGO30Jan201180PE.NFO,07/01/2020,12:08:43,4.75,4.85,600,12.35,300,0,900
INDIGO30Jan201180PE.NFO,07/01/2020,12:08:57,4.75,4.9,600,12.35,300,0,900
INDIGO30Jan201180PE.NFO,07/01/2020,12:09:00,4.75,4.85,600,12.05,300,0,900
INDIGO30Jan201180PE.NFO,07/01/2020,12:09:03,4.75,4.85,600,12.15,300,0,900
INDIGO30Jan201180PE.NFO,07/01/2020,12:09:06,4.75,4.85,600,12.25,300,0,900
INDIGO30Jan201180PE.NFO,07/01/2020,12:09:14,4.75,4.85,600,12.35,300,0,900
INDIGO30Jan201180PE.NFO,07/01/2020,12:09:22,4.75,4.85,600,12.3,300,0,900
INDIGO30Jan201180PE.NFO,07/01/2020,12:12:10,4.75,4.85,600,12.25,300,0,900
INDIGO30Jan201180PE.NFO,07/01/2020,12:12:13,4.75,4.85,600,12.3,300,0,900
INDIGO30Jan201180PE.NFO,07/01/2020,12:14:19,4.75,4.85,600,12.25,300,0,900
INDIGO30Jan201180PE.NFO,07/01/2020,12:15:35,4.75,4.85,600,12.2,300,0,900
INDIGO30Jan201180PE.NFO,07/01/2020,12:15:45,4.75,4.85,600,12.15,300,0,900
INDIGO30Jan201180PE.NFO,07/01/2020,12:16:43,4.75,4.85,600,12.1,300,0,900
INDIGO30Jan201180PE.NFO,07/01/2020,12:16:52,4.75,4.85,600,12.15,300,0,900
INDIGO30Jan201180PE.NFO,07/01/2020,12:17:42,4.75,4.85,600,12.05,300,0,900
INDIGO30Jan201180PE.NFO,07/01/2020,12:17:44,4.75,4.85,600,12.1,300,0,900
INDIGO30Jan201180PE.NFO,07/01/2020,12:18:47,4.75,4.85,600,12.15,300,0,900
INDIGO30Jan201180PE.NFO,07/01/2020,12:19:13,4.75,4.85,600,12.1,300,0,900
INDIGO30Jan201180PE.NFO,07/01/2020,12:19:21,4.75,4.85,600,12.05,300,0,900
INDIGO30Jan201180PE.NFO,07/01/2020,12:19:40,4.75,4.85,600,12,300,0,900
INDIGO30Jan201180PE.NFO,07/01/2020,12:20:01,4.75,4.85,600,12.05,300,0,900
INDIGO30Jan201180PE.NFO,07/01/2020,12:20:20,4.75,4.85,600,12.1,300,0,900
INDIGO30Jan201180PE.NFO,07/01/2020,12:20:45,4.75,4.85,600,12,300,0,900
INDIGO30Jan201180PE.NFO,07/01/2020,12:20:52,4.75,4.85,600,11.95,300,0,900
INDIGO30Jan201180PE.NFO,07/01/2020,12:23:03,4.75,4.85,600,12,300,0,900
INDIGO30Jan201180PE.NFO,07/01/2020,12:23:36,4.75,4.85,600,11.95,300,0,900
INDIGO30Jan201180PE.NFO,07/01/2020,12:24:24,4.75,4.85,600,11.9,300,0,900
INDIGO30Jan201180PE.NFO,07/01/2020,12:24:28,4.75,4.85,600,11.85,300,0,900
INDIGO30Jan201180PE.NFO,07/01/2020,12:24:43,4.75,4.85,600,11.7,300,0,900
INDIGO30Jan201180PE.NFO,07/01/2020,12:26:05,4.75,4.85,600,11.8,300,0,900
INDIGO30Jan201180PE.NFO,07/01/2020,12:27:33,4.75,4.85,600,11.85,300,0,1200
INDIGO30Jan201180PE.NFO,07/01/2020,12:29:13,4.75,4.9,600,11.85,300,0,1200
INDIGO30Jan201180PE.NFO,07/01/2020,12:29:17,4.75,4.85,600,11.85,300,0,1200
INDIGO30Jan201180PE.NFO,07/01/2020,12:29:41,4.75,4.85,600,11.75,300,0,1200
INDIGO30Jan201180PE.NFO,07/01/2020,12:30:20,4.75,4.85,600,11.8,300,0,1200
INDIGO30Jan201180PE.NFO,07/01/2020,12:31:25,4.75,4.85,600,11.85,300,0,1200
INDIGO30Jan201180PE.NFO,07/01/2020,12:31:32,4.75,4.85,600,11.8,300,0,1200
INDIGO30Jan201180PE.NFO,07/01/2020,12:31:36,4.75,4.85,600,11.75,300,0,1200
INDIGO30Jan201180PE.NFO,07/01/2020,12:32:59,4.75,4.85,600,11.85,300,0,1200
INDIGO30Jan201180PE.NFO,07/01/2020,12:34:05,4.75,4.85,600,11.8,300,0,1200
INDIGO30Jan201180PE.NFO,07/01/2020,12:34:25,4.75,4.85,600,11.9,300,0,1200
INDIGO30Jan201180PE.NFO,07/01/2020,12:34:39,4.75,4.85,600,11.85,300,0,1200
INDIGO30Jan201180PE.NFO,07/01/2020,12:34:46,4.75,4.85,600,11.9,300,0,1200
INDIGO30Jan201180PE.NFO,07/01/2020,12:34:49,4.75,4.85,600,11.85,300,0,1200
INDIGO30Jan201180PE.NFO,07/01/2020,12:35:44,4.75,4.85,600,11.9,300,0,1200
INDIGO30Jan201180PE.NFO,07/01/2020,12:35:48,4.75,4.85,600,11.85,300,0,1200
INDIGO30Jan201180PE.NFO,07/01/2020,12:36:59,4.75,4.85,600,11.9,300,0,1200
INDIGO30Jan201180PE.NFO,07/01/2020,12:37:10,4.75,4.85,600,11.95,300,0,1200
INDIGO30Jan201180PE.NFO,07/01/2020,12:39:06,4.75,4.85,600,11.85,300,0,1200
INDIGO30Jan201180PE.NFO,07/01/2020,12:39:12,4.75,4.85,600,11.8,300,0,1200
INDIGO30Jan201180PE.NFO,07/01/2020,12:39:16,4.75,4.85,600,11.75,300,0,1200
INDIGO30Jan201180PE.NFO,07/01/2020,12:39:19,4.75,4.85,600,11.8,300,0,1200
INDIGO30Jan201180PE.NFO,07/01/2020,12:39:30,4.75,4.85,600,13.2,300,0,1200
INDIGO30Jan201180PE.NFO,07/01/2020,12:39:48,4.75,4.85,600,13.15,300,0,1200
INDIGO30Jan201180PE.NFO,07/01/2020,12:40:02,4.75,4.85,600,13.1,300,0,1200
INDIGO30Jan201180PE.NFO,07/01/2020,12:40:06,4.75,4.85,600,13.15,300,0,1200
INDIGO30Jan201180PE.NFO,07/01/2020,12:40:18,4.75,4.85,600,11.65,300,0,1200
INDIGO30Jan201180PE.NFO,07/01/2020,12:40:21,4.75,4.85,600,13.05,300,0,1200
INDIGO30Jan201180PE.NFO,07/01/2020,12:40:24,4.75,4.85,600,13,300,0,1200
INDIGO30Jan201180PE.NFO,07/01/2020,12:40:27,4.75,4.85,600,12.95,300,0,1200
INDIGO30Jan201180PE.NFO,07/01/2020,12:40:48,4.75,4.85,600,13.15,300,0,1200
INDIGO30Jan201180PE.NFO,07/01/2020,12:40:51,4.75,4.85,600,13.1,300,0,1200
INDIGO30Jan201180PE.NFO,07/01/2020,12:41:02,4.75,4.85,600,12.85,300,0,1200
INDIGO30Jan201180PE.NFO,07/01/2020,12:41:06,4.75,4.85,600,12.9,300,0,1200
INDIGO30Jan201180PE.NFO,07/01/2020,12:41:10,4.75,4.85,600,12.85,300,0,1200
INDIGO30Jan201180PE.NFO,07/01/2020,12:41:13,4.75,4.85,600,12.9,300,0,1200
INDIGO30Jan201180PE.NFO,07/01/2020,12:41:19,4.75,4.85,600,12.95,300,0,1200
INDIGO30Jan201180PE.NFO,07/01/2020,12:41:22,4.75,4.85,600,12.9,300,0,1200
INDIGO30Jan201180PE.NFO,07/01/2020,12:41:25,4.75,4.85,600,12.85,300,0,1200
INDIGO30Jan201180PE.NFO,07/01/2020,12:41:46,4.75,4.85,600,12.8,300,0,1200
INDIGO30Jan201180PE.NFO,07/01/2020,12:41:50,4.75,4.85,600,12.75,300,0,1200
INDIGO30Jan201180PE.NFO,07/01/2020,12:41:54,4.75,4.85,600,12.65,300,0,1200
INDIGO30Jan201180PE.NFO,07/01/2020,12:42:00,4.75,4.85,600,12.6,300,0,1200
INDIGO30Jan201180PE.NFO,07/01/2020,12:42:03,4.75,4.85,600,12.7,300,0,1200
INDIGO30Jan201180PE.NFO,07/01/2020,12:42:28,4.75,4.85,600,12.6,300,0,1200
INDIGO30Jan201180PE.NFO,07/01/2020,12:42:30,4.75,4.85,600,12.55,300,0,1200
INDIGO30Jan201180PE.NFO,07/01/2020,12:42:33,4.75,4.85,600,12.5,300,0,1200
INDIGO30Jan201180PE.NFO,07/01/2020,12:42:39,4.75,4.85,600,13.25,300,0,1200
INDIGO30Jan201180PE.NFO,07/01/2020,12:42:44,4.75,4.85,600,12.4,300,0,1200
INDIGO30Jan201180PE.NFO,07/01/2020,12:42:49,4.75,4.85,600,12.9,300,0,1200
INDIGO30Jan201180PE.NFO,07/01/2020,12:42:53,4.75,4.85,600,12.5,300,0,1200
INDIGO30Jan201180PE.NFO,07/01/2020,12:42:56,4.75,4.85,600,12.4,300,0,1200
INDIGO30Jan201180PE.NFO,07/01/2020,12:43:00,4.75,4.85,600,12.45,300,0,1200
INDIGO30Jan201180PE.NFO,07/01/2020,12:43:03,4.75,4.85,600,12.4,300,0,1200
INDIGO30Jan201180PE.NFO,07/01/2020,12:43:06,4.75,4.85,600,12.35,300,0,1200
INDIGO30Jan201180PE.NFO,07/01/2020,12:43:09,4.75,4.85,600,12.4,300,0,1200
INDIGO30Jan201180PE.NFO,07/01/2020,12:43:11,4.75,4.85,600,12.45,300,0,1200
INDIGO30Jan201180PE.NFO,07/01/2020,12:43:13,4.75,4.85,600,12.85,300,0,1200
INDIGO30Jan201180PE.NFO,07/01/2020,12:43:14,4.75,4.85,600,12.35,300,0,1200
INDIGO30Jan201180PE.NFO,07/01/2020,12:43:17,4.75,4.85,600,12.45,300,0,1200
INDIGO30Jan201180PE.NFO,07/01/2020,12:43:21,4.75,4.85,600,12.35,300,0,1200
INDIGO30Jan201180PE.NFO,07/01/2020,12:43:23,4.75,4.85,600,12.45,300,0,1200
INDIGO30Jan201180PE.NFO,07/01/2020,12:43:24,4.75,4.85,600,12.5,300,0,1200
INDIGO30Jan201180PE.NFO,07/01/2020,12:43:25,4.75,4.85,600,12.65,900,0,1200
INDIGO30Jan201180PE.NFO,07/01/2020,12:43:26,4.75,4.85,600,12.3,300,0,1200
INDIGO30Jan201180PE.NFO,07/01/2020,12:43:27,4.75,4.85,600,12.85,300,0,1200
INDIGO30Jan201180PE.NFO,07/01/2020,12:43:28,4.75,4.85,600,12.3,300,0,1200
INDIGO30Jan201180PE.NFO,07/01/2020,12:43:29,4.75,4.85,600,12.25,300,0,1200
INDIGO30Jan201180PE.NFO,07/01/2020,12:43:30,4.75,4.85,600,13.1,300,0,1200
INDIGO30Jan201180PE.NFO,07/01/2020,12:43:30,4.75,4.85,600,12.65,900,0,1200
INDIGO30Jan201180PE.NFO,07/01/2020,12:43:39,4.75,4.85,600,12.4,300,0,1200
INDIGO30Jan201180PE.NFO,07/01/2020,12:43:46,4.75,4.85,600,12.35,300,0,1200
INDIGO30Jan201180PE.NFO,07/01/2020,12:43:51,4.75,4.85,600,12.4,300,0,1200
INDIGO30Jan201180PE.NFO,07/01/2020,12:43:52,4.75,4.85,600,12.3,300,0,1200
INDIGO30Jan201180PE.NFO,07/01/2020,12:43:53,4.75,4.85,600,12.35,300,0,1200
INDIGO30Jan201180PE.NFO,07/01/2020,12:43:54,4.75,4.85,600,12.3,300,0,1200
INDIGO30Jan201180PE.NFO,07/01/2020,12:44:16,4.75,4.85,600,12.15,300,0,1200
INDIGO30Jan201180PE.NFO,07/01/2020,12:44:25,4.75,4.85,600,12.1,300,0,1200
INDIGO30Jan201180PE.NFO,07/01/2020,12:44:29,4.75,4.85,600,12.25,300,0,1200
INDIGO30Jan201180PE.NFO,07/01/2020,12:44:32,4.75,4.85,600,12.3,300,0,1200
INDIGO30Jan201180PE.NFO,07/01/2020,12:44:36,4.75,4.85,600,12.25,300,0,1200
INDIGO30Jan201180PE.NFO,07/01/2020,12:44:39,4.75,4.85,600,12.2,300,0,1200
INDIGO30Jan201180PE.NFO,07/01/2020,12:44:42,4.75,4.85,600,12.25,300,0,1200
INDIGO30Jan201180PE.NFO,07/01/2020,12:44:45,4.75,4.85,600,12.4,900,0,1200
INDIGO30Jan201180PE.NFO,07/01/2020,12:44:48,4.75,4.85,600,12.25,300,0,1200
INDIGO30Jan201180PE.NFO,07/01/2020,12:45:02,4.75,4.85,600,12.2,300,0,1200
INDIGO30Jan201180PE.NFO,07/01/2020,12:45:08,4.75,4.85,600,12.25,300,0,1200
INDIGO30Jan201180PE.NFO,07/01/2020,12:45:10,4.75,4.85,600,12.2,300,0,1200
INDIGO30Jan201180PE.NFO,07/01/2020,12:45:22,4.75,4.85,600,12.25,300,0,1200
INDIGO30Jan201180PE.NFO,07/01/2020,12:45:25,4.75,4.85,600,12.2,300,0,1200
INDIGO30Jan201180PE.NFO,07/01/2020,12:45:34,4.75,4.85,600,13.1,1500,0,1200
INDIGO30Jan201180PE.NFO,07/01/2020,12:45:39,4.75,4.85,600,12.25,300,0,1200
INDIGO30Jan201180PE.NFO,07/01/2020,12:45:40,4.75,4.85,600,12.2,300,0,1200
INDIGO30Jan201180PE.NFO,07/01/2020,12:45:41,4.75,4.85,600,12.25,300,0,1200
INDIGO30Jan201180PE.NFO,07/01/2020,12:46:14,4.75,4.85,600,12.15,300,0,1200
INDIGO30Jan201180PE.NFO,07/01/2020,12:46:19,4.75,4.85,600,12.3,900,0,1200
INDIGO30Jan201180PE.NFO,07/01/2020,12:46:29,4.75,4.85,600,12.25,300,0,1200
INDIGO30Jan201180PE.NFO,07/01/2020,12:46:33,4.75,4.85,600,12.2,300,0,1200
INDIGO30Jan201180PE.NFO,07/01/2020,12:46:43,4.75,4.85,600,12.1,300,0,1200
INDIGO30Jan201180PE.NFO,07/01/2020,12:46:56,4.75,4.85,600,12.75,300,0,1200
INDIGO30Jan201180PE.NFO,07/01/2020,12:47:00,4.75,4.85,600,12.1,300,0,1200
INDIGO30Jan201180PE.NFO,07/01/2020,12:47:04,4.75,4.85,600,12,300,0,1200
INDIGO30Jan201180PE.NFO,07/01/2020,12:47:20,4.75,4.85,600,12.1,300,0,1200
INDIGO30Jan201180PE.NFO,07/01/2020,12:47:27,4.75,4.85,600,11.9,300,0,1200
INDIGO30Jan201180PE.NFO,07/01/2020,12:47:30,4.75,4.85,600,12.25,900,0,1200
INDIGO30Jan201180PE.NFO,07/01/2020,12:47:40,4.75,4.85,600,12.2,600,0,1200
INDIGO30Jan201180PE.NFO,07/01/2020,12:47:42,4.75,4.85,600,12.15,300,0,1200
INDIGO30Jan201180PE.NFO,07/01/2020,12:47:45,4.75,4.85,600,12.2,600,0,1200
INDIGO30Jan201180PE.NFO,07/01/2020,12:47:48,4.75,4.85,600,12.15,300,0,1200
INDIGO30Jan201180PE.NFO,07/01/2020,12:47:58,4.75,4.85,600,12.2,300,0,1200
INDIGO30Jan201180PE.NFO,07/01/2020,12:48:14,4.75,4.85,600,12.15,300,0,1200
INDIGO30Jan201180PE.NFO,07/01/2020,12:48:20,4.75,4.85,600,12.2,300,0,1200
INDIGO30Jan201180PE.NFO,07/01/2020,12:48:26,4.75,4.85,600,12.35,300,0,1200
INDIGO30Jan201180PE.NFO,07/01/2020,12:48:32,4.75,4.85,600,12.25,300,0,1200
INDIGO30Jan201180PE.NFO,07/01/2020,12:49:09,4.75,4.85,600,12.2,300,0,1200
INDIGO30Jan201180PE.NFO,07/01/2020,12:49:29,4.75,4.85,600,12.6,300,0,1200
INDIGO30Jan201180PE.NFO,07/01/2020,12:49:32,4.75,4.85,600,12.2,300,0,1200
INDIGO30Jan201180PE.NFO,07/01/2020,12:49:36,4.75,4.85,600,12.25,300,0,1200
INDIGO30Jan201180PE.NFO,07/01/2020,12:49:41,4.75,4.85,600,12.3,300,0,1200
INDIGO30Jan201180PE.NFO,07/01/2020,12:49:53,4.75,4.85,600,12.2,300,0,1200
INDIGO30Jan201180PE.NFO,07/01/2020,12:49:59,4.75,4.85,600,12.15,300,0,1200
INDIGO30Jan201180PE.NFO,07/01/2020,12:50:02,4.75,4.85,600,12.2,300,0,1200
INDIGO30Jan201180PE.NFO,07/01/2020,12:50:06,4.75,4.85,600,12.25,300,0,1200
INDIGO30Jan201180PE.NFO,07/01/2020,12:50:10,4.75,4.85,600,13,300,0,1200
INDIGO30Jan201180PE.NFO,07/01/2020,12:50:12,4.75,4.85,600,12.4,300,0,1200
INDIGO30Jan201180PE.NFO,07/01/2020,12:50:18,4.75,4.85,600,12.25,300,0,1200
INDIGO30Jan201180PE.NFO,07/01/2020,12:50:42,4.75,4.85,600,12.2,300,0,1200
INDIGO30Jan201180PE.NFO,07/01/2020,12:50:43,4.75,4.85,600,13.05,300,0,1200
INDIGO30Jan201180PE.NFO,07/01/2020,12:50:44,4.75,4.85,600,12.55,300,0,1200
INDIGO30Jan201180PE.NFO,07/01/2020,12:50:45,4.75,4.85,600,12.45,300,0,1200
INDIGO30Jan201180PE.NFO,07/01/2020,12:50:46,4.75,4.85,600,12.25,300,0,1200
INDIGO30Jan201180PE.NFO,07/01/2020,12:50:52,4.75,4.85,600,12.7,300,0,1200
INDIGO30Jan201180PE.NFO,07/01/2020,12:50:53,4.75,4.85,600,12.35,300,0,1200
INDIGO30Jan201180PE.NFO,07/01/2020,12:50:54,4.75,4.85,600,12.3,300,0,1200
INDIGO30Jan201180PE.NFO,07/01/2020,12:50:57,4.75,4.85,600,12.25,300,0,1200
INDIGO30Jan201180PE.NFO,07/01/2020,12:51:35,4.75,4.85,600,12.2,300,0,1200
INDIGO30Jan201180PE.NFO,07/01/2020,12:51:41,4.75,4.85,600,12.25,300,0,1200
INDIGO30Jan201180PE.NFO,07/01/2020,12:51:53,4.75,4.85,600,13.05,300,0,1200
INDIGO30Jan201180PE.NFO,07/01/2020,12:51:56,4.75,4.85,600,12.25,300,0,1200
INDIGO30Jan201180PE.NFO,07/01/2020,12:51:59,4.75,4.85,600,12.05,300,0,1200
INDIGO30Jan201180PE.NFO,07/01/2020,12:52:02,4.75,4.85,600,12.25,300,0,1200
INDIGO30Jan201180PE.NFO,07/01/2020,12:52:09,4.75,4.85,600,12.2,300,0,1200
INDIGO30Jan201180PE.NFO,07/01/2020,12:52:16,4.75,4.85,600,12.25,300,0,1200
INDIGO30Jan201180PE.NFO,07/01/2020,12:52:19,4.75,4.85,600,12.3,300,0,1200
INDIGO30Jan201180PE.NFO,07/01/2020,12:52:26,4.75,4.85,600,13.05,300,0,1200
INDIGO30Jan201180PE.NFO,07/01/2020,12:52:29,4.75,4.85,600,12.2,300,0,1200
INDIGO30Jan201180PE.NFO,07/01/2020,12:52:31,4.75,4.85,600,12.25,300,0,1200
INDIGO30Jan201180PE.NFO,07/01/2020,12:52:34,4.75,4.85,600,12.2,300,0,1200
INDIGO30Jan201180PE.NFO,07/01/2020,12:52:36,4.75,4.85,600,12.15,300,0,1200
INDIGO30Jan201180PE.NFO,07/01/2020,12:52:42,4.75,4.85,600,12.1,300,0,1200
INDIGO30Jan201180PE.NFO,07/01/2020,12:52:46,4.75,4.85,600,12.75,300,0,1200
INDIGO30Jan201180PE.NFO,07/01/2020,12:52:50,4.75,4.85,600,12.2,300,0,1200
INDIGO30Jan201180PE.NFO,07/01/2020,12:52:54,4.75,4.85,600,12.25,300,0,1200
INDIGO30Jan201180PE.NFO,07/01/2020,12:53:00,4.75,4.85,600,12.4,300,0,1200
INDIGO30Jan201180PE.NFO,07/01/2020,12:53:04,4.75,4.85,600,12.2,300,0,1200
INDIGO30Jan201180PE.NFO,07/01/2020,12:53:07,4.75,4.85,600,12.25,300,0,1200
INDIGO30Jan201180PE.NFO,07/01/2020,12:53:10,4.75,4.85,600,12.2,300,0,1200
INDIGO30Jan201180PE.NFO,07/01/2020,12:53:15,4.75,4.85,600,12.85,300,0,1200
INDIGO30Jan201180PE.NFO,07/01/2020,12:53:16,4.75,4.85,600,12.25,300,0,1200
INDIGO30Jan201180PE.NFO,07/01/2020,12:53:39,4.75,4.85,600,12.2,300,0,1200
INDIGO30Jan201180PE.NFO,07/01/2020,12:53:43,4.75,4.85,600,12.15,300,0,1200
INDIGO30Jan201180PE.NFO,07/01/2020,12:53:54,4.75,4.85,600,12.1,300,0,1200
INDIGO30Jan201180PE.NFO,07/01/2020,12:53:55,4.75,4.85,600,12.15,300,0,1200
INDIGO30Jan201180PE.NFO,07/01/2020,12:54:00,4.75,4.85,600,12.05,300,0,1200
INDIGO30Jan201180PE.NFO,07/01/2020,12:54:02,4.75,4.85,600,11.9,300,0,1200
INDIGO30Jan201180PE.NFO,07/01/2020,12:54:17,4.75,4.85,600,12.3,300,0,1200
INDIGO30Jan201180PE.NFO,07/01/2020,12:54:21,4.75,4.85,600,12.2,300,0,1200
INDIGO30Jan201180PE.NFO,07/01/2020,12:54:34,4.75,4.85,600,12.25,300,0,1200
INDIGO30Jan201180PE.NFO,07/01/2020,12:54:45,4.75,4.85,600,12.2,300,0,1200
INDIGO30Jan201180PE.NFO,07/01/2020,12:54:52,4.75,4.85,600,12.15,300,0,1200
INDIGO30Jan201180PE.NFO,07/01/2020,12:54:57,4.75,4.85,600,12.6,300,0,1200
INDIGO30Jan201180PE.NFO,07/01/2020,12:55:00,4.75,4.85,600,12.15,300,0,1200
INDIGO30Jan201180PE.NFO,07/01/2020,12:55:15,4.75,4.85,600,12.55,300,0,1200
INDIGO30Jan201180PE.NFO,07/01/2020,12:55:19,4.75,4.85,600,12.15,300,0,1200
INDIGO30Jan201180PE.NFO,07/01/2020,12:55:31,4.75,4.85,600,12.1,300,0,1200
INDIGO30Jan201180PE.NFO,07/01/2020,12:55:35,4.75,4.85,600,12.15,300,0,1200
INDIGO30Jan201180PE.NFO,07/01/2020,12:55:52,4.75,4.85,600,12.2,300,0,1200
INDIGO30Jan201180PE.NFO,07/01/2020,12:55:58,4.75,4.85,600,12.15,300,0,1200
INDIGO30Jan201180PE.NFO,07/01/2020,12:56:16,4.75,4.85,600,12.2,300,0,1200
INDIGO30Jan201180PE.NFO,07/01/2020,12:56:19,4.75,4.85,600,12.15,300,0,1200
INDIGO30Jan201180PE.NFO,07/01/2020,12:56:24,4.75,4.85,600,12.2,300,0,1200
INDIGO30Jan201180PE.NFO,07/01/2020,12:56:55,4.75,4.85,600,12.3,300,0,1200
INDIGO30Jan201180PE.NFO,07/01/2020,12:56:58,4.75,4.85,600,12.25,300,0,1200
INDIGO30Jan201180PE.NFO,07/01/2020,12:57:09,4.75,4.85,600,12.2,300,0,1200
INDIGO30Jan201180PE.NFO,07/01/2020,12:57:20,4.75,4.85,600,12.25,300,0,1200
INDIGO30Jan201180PE.NFO,07/01/2020,12:57:25,4.75,4.85,600,12.2,300,0,1200
INDIGO30Jan201180PE.NFO,07/01/2020,12:57:29,4.75,4.85,600,12.25,300,0,1200
INDIGO30Jan201180PE.NFO,07/01/2020,12:57:34,4.75,4.85,600,12.3,300,0,1200
INDIGO30Jan201180PE.NFO,07/01/2020,12:57:50,4.75,4.85,600,12.25,300,0,1200
INDIGO30Jan201180PE.NFO,07/01/2020,12:58:02,4.75,4.85,600,12.3,300,0,1200
INDIGO30Jan201180PE.NFO,07/01/2020,12:58:13,4.75,4.85,600,12.35,300,0,1200
INDIGO30Jan201180PE.NFO,07/01/2020,12:58:23,4.75,4.85,600,12.65,300,0,1200
INDIGO30Jan201180PE.NFO,07/01/2020,12:58:28,4.75,4.85,600,12.3,300,0,1200
INDIGO30Jan201180PE.NFO,07/01/2020,12:59:03,4.75,4.85,600,12.45,300,0,1200
INDIGO30Jan201180PE.NFO,07/01/2020,12:59:23,4.75,4.85,600,12.5,300,0,1200
INDIGO30Jan201180PE.NFO,07/01/2020,12:59:26,4.75,4.85,600,12.45,300,0,1200
INDIGO30Jan201180PE.NFO,07/01/2020,12:59:30,4.75,4.85,600,12.5,300,0,1200
INDIGO30Jan201180PE.NFO,07/01/2020,12:59:35,4.75,4.85,600,12.45,300,0,1200
INDIGO30Jan201180PE.NFO,07/01/2020,12:59:39,4.75,4.85,600,12.5,300,0,1200
INDIGO30Jan201180PE.NFO,07/01/2020,12:59:43,4.75,4.85,600,13.3,300,0,1200
INDIGO30Jan201180PE.NFO,07/01/2020,12:59:47,4.75,4.85,600,12.5,300,0,1200
INDIGO30Jan201180PE.NFO,07/01/2020,12:59:52,4.75,4.85,600,13.15,300,0,1200
INDIGO30Jan201180PE.NFO,07/01/2020,12:59:56,4.75,4.85,600,12.55,300,0,1200
INDIGO30Jan201180PE.NFO,07/01/2020,13:00:01,4.75,4.85,600,12.45,300,0,1200
INDIGO30Jan201180PE.NFO,07/01/2020,13:00:06,4.75,4.85,600,12.55,300,0,1200
INDIGO30Jan201180PE.NFO,07/01/2020,13:00:48,4.75,4.85,600,13.3,300,0,1200
INDIGO30Jan201180PE.NFO,07/01/2020,13:00:54,4.75,4.85,600,12.55,300,0,1200
INDIGO30Jan201180PE.NFO,07/01/2020,13:00:59,4.75,4.85,600,12.5,300,0,1200
INDIGO30Jan201180PE.NFO,07/01/2020,13:01:05,4.75,4.85,600,12.55,300,0,1200
INDIGO30Jan201180PE.NFO,07/01/2020,13:01:40,4.75,4.85,600,12.95,300,0,1200
INDIGO30Jan201180PE.NFO,07/01/2020,13:01:45,4.75,4.85,600,12.55,300,0,1200
INDIGO30Jan201180PE.NFO,07/01/2020,13:01:50,4.75,4.85,600,12.5,300,0,1200
INDIGO30Jan201180PE.NFO,07/01/2020,13:01:56,4.75,4.85,600,13.2,300,0,1200
INDIGO30Jan201180PE.NFO,07/01/2020,13:02:02,4.75,4.85,600,12.5,300,0,1200
INDIGO30Jan201180PE.NFO,07/01/2020,13:02:08,4.75,4.85,600,13.3,300,0,1200
INDIGO30Jan201180PE.NFO,07/01/2020,13:02:14,4.75,4.85,600,12.55,300,0,1200
INDIGO30Jan201180PE.NFO,07/01/2020,13:02:19,4.75,4.85,600,12.6,300,0,1200
INDIGO30Jan201180PE.NFO,07/01/2020,13:02:59,4.75,4.85,600,12.65,300,0,1200
INDIGO30Jan201180PE.NFO,07/01/2020,13:03:11,4.75,4.85,600,13.2,300,0,1200
INDIGO30Jan201180PE.NFO,07/01/2020,13:03:15,4.75,4.85,600,12.6,300,0,1200
INDIGO30Jan201180PE.NFO,07/01/2020,13:03:35,4.75,4.85,600,12.7,300,0,1200
INDIGO30Jan201180PE.NFO,07/01/2020,13:03:47,4.75,4.85,600,12.9,300,0,1200
INDIGO30Jan201180PE.NFO,07/01/2020,13:03:51,4.75,4.85,600,12.8,300,0,1200
INDIGO30Jan201180PE.NFO,07/01/2020,13:03:56,4.75,4.85,600,12.6,300,0,1200
INDIGO30Jan201180PE.NFO,07/01/2020,13:04:01,4.75,4.85,600,12.7,300,0,1200
INDIGO30Jan201180PE.NFO,07/01/2020,13:04:58,4.75,4.85,600,12.75,300,0,1200
INDIGO30Jan201180PE.NFO,07/01/2020,13:05:05,4.75,4.85,600,12.8,300,0,1200
INDIGO30Jan201180PE.NFO,07/01/2020,13:05:12,4.75,4.85,600,12.75,300,0,1200
INDIGO30Jan201180PE.NFO,07/01/2020,13:05:19,4.75,4.85,600,12.7,300,0,1200
INDIGO30Jan201180PE.NFO,07/01/2020,13:06:11,4.75,4.85,600,12.65,300,0,1200
INDIGO30Jan201180PE.NFO,07/01/2020,13:06:17,4.75,4.85,600,12.7,300,0,1200
INDIGO30Jan201180PE.NFO,07/01/2020,13:06:23,4.75,4.85,600,12.75,300,0,1200
INDIGO30Jan201180PE.NFO,07/01/2020,13:06:33,4.75,4.85,600,12.7,300,0,1200
INDIGO30Jan201180PE.NFO,07/01/2020,13:06:47,4.75,4.85,600,12.65,300,0,1200
INDIGO30Jan201180PE.NFO,07/01/2020,13:06:51,4.75,4.85,600,13,300,0,1200
INDIGO30Jan201180PE.NFO,07/01/2020,13:06:56,4.75,4.85,600,12.7,300,0,1200
INDIGO30Jan201180PE.NFO,07/01/2020,13:07:07,4.75,4.85,600,12.65,300,0,1200
INDIGO30Jan201180PE.NFO,07/01/2020,13:07:17,4.75,4.85,600,12.55,300,0,1200
INDIGO30Jan201180PE.NFO,07/01/2020,13:07:22,4.75,4.85,600,12.6,300,0,1200
INDIGO30Jan201180PE.NFO,07/01/2020,13:07:27,4.75,4.85,600,12.85,300,0,1200
INDIGO30Jan201180PE.NFO,07/01/2020,13:07:32,4.75,4.85,600,12.8,300,0,1200
INDIGO30Jan201180PE.NFO,07/01/2020,13:07:38,4.75,4.85,600,12.65,300,0,1200
INDIGO30Jan201180PE.NFO,07/01/2020,13:07:42,4.75,4.85,600,12.55,300,0,1200
INDIGO30Jan201180PE.NFO,07/01/2020,13:07:48,4.75,4.85,600,12.6,300,0,1200
INDIGO30Jan201180PE.NFO,07/01/2020,13:07:53,4.75,4.85,600,12.7,300,0,1200
INDIGO30Jan201180PE.NFO,07/01/2020,13:07:59,4.75,4.85,600,12.55,300,0,1200
INDIGO30Jan201180PE.NFO,07/01/2020,13:08:06,4.75,4.85,600,12.6,300,0,1200
INDIGO30Jan201180PE.NFO,07/01/2020,13:08:35,4.75,4.85,600,12.75,300,0,1200
INDIGO30Jan201180PE.NFO,07/01/2020,13:08:43,4.75,4.85,600,12.7,300,0,1200
INDIGO30Jan201180PE.NFO,07/01/2020,13:08:50,4.75,4.85,600,12.8,300,0,1200
INDIGO30Jan201180PE.NFO,07/01/2020,13:08:57,4.75,4.85,600,12.75,300,0,1200
INDIGO30Jan201180PE.NFO,07/01/2020,13:09:04,4.75,4.85,600,12.8,300,0,1200
INDIGO30Jan201180PE.NFO,07/01/2020,13:09:11,4.75,4.85,600,12.9,300,0,1200
INDIGO30Jan201180PE.NFO,07/01/2020,13:09:20,4.75,4.85,600,12.8,300,0,1200
INDIGO30Jan201180PE.NFO,07/01/2020,13:09:27,4.75,4.85,600,12.95,300,0,1200
INDIGO30Jan201180PE.NFO,07/01/2020,13:09:33,4.75,4.85,600,12.9,300,0,1200
INDIGO30Jan201180PE.NFO,07/01/2020,13:09:45,4.75,4.85,600,12.95,300,0,1200
INDIGO30Jan201180PE.NFO,07/01/2020,13:09:58,4.75,4.9,600,13,300,0,1200
INDIGO30Jan201180PE.NFO,07/01/2020,13:10:04,4.75,4.85,600,13,300,0,1200
INDIGO30Jan201180PE.NFO,07/01/2020,13:10:10,4.75,4.95,600,12.95,300,0,1200
INDIGO30Jan201180PE.NFO,07/01/2020,13:10:16,4.75,4.9,600,12.6,300,0,1200
INDIGO30Jan201180PE.NFO,07/01/2020,13:10:20,4.75,4.9,600,12.45,300,0,1200
INDIGO30Jan201180PE.NFO,07/01/2020,13:10:25,4.75,5,600,13.15,300,0,1200
INDIGO30Jan201180PE.NFO,07/01/2020,13:10:30,4.75,5.05,600,13.15,300,0,1200
INDIGO30Jan201180PE.NFO,07/01/2020,13:10:36,4.75,5.1,600,13.05,300,0,1200
INDIGO30Jan201180PE.NFO,07/01/2020,13:10:41,4.75,5,600,13.1,300,0,1200
INDIGO30Jan201180PE.NFO,07/01/2020,13:10:47,4.75,4.95,600,13,300,0,1200
INDIGO30Jan201180PE.NFO,07/01/2020,13:10:51,4.75,4.95,600,13.05,300,0,1200
INDIGO30Jan201180PE.NFO,07/01/2020,13:10:56,4.75,4.85,600,12.95,300,0,1200
INDIGO30Jan201180PE.NFO,07/01/2020,13:11:12,4.75,5.05,600,13.15,300,0,1200
INDIGO30Jan201180PE.NFO,07/01/2020,13:11:17,4.75,4.95,600,13.05,300,0,1200
INDIGO30Jan201180PE.NFO,07/01/2020,13:11:22,4.75,5,600,13.1,300,0,1200
INDIGO30Jan201180PE.NFO,07/01/2020,13:11:31,4.75,4.95,600,13,300,0,1200
INDIGO30Jan201180PE.NFO,07/01/2020,13:11:41,4.75,4.95,600,13.05,300,0,1200
INDIGO30Jan201180PE.NFO,07/01/2020,13:11:51,4.75,4.95,600,13,300,0,1200
INDIGO30Jan201180PE.NFO,07/01/2020,13:11:55,4.75,4.9,600,13.25,300,0,1200
INDIGO30Jan201180PE.NFO,07/01/2020,13:12:01,4.75,4.9,600,13,300,0,1200
INDIGO30Jan201180PE.NFO,07/01/2020,13:12:18,4.75,4.85,600,13,300,0,1200
INDIGO30Jan201180PE.NFO,07/01/2020,13:12:23,4.75,4.95,600,12.95,300,0,1200
INDIGO30Jan201180PE.NFO,07/01/2020,13:12:28,4.75,4.85,600,12.9,300,0,1200
INDIGO30Jan201180PE.NFO,07/01/2020,13:14:10,4.75,4.85,600,12.85,300,0,1200
INDIGO30Jan201180PE.NFO,07/01/2020,13:14:19,4.75,4.85,600,12.8,300,0,1200
INDIGO30Jan201180PE.NFO,07/01/2020,13:14:23,4.75,4.85,600,12.95,300,0,1200
INDIGO30Jan201180PE.NFO,07/01/2020,13:14:46,4.75,4.85,600,12.8,300,0,1200
INDIGO30Jan201180PE.NFO,07/01/2020,13:14:49,4.75,4.85,600,12.7,300,0,1200
INDIGO30Jan201180PE.NFO,07/01/2020,13:14:54,4.75,4.85,600,12.9,300,0,1200
INDIGO30Jan201180PE.NFO,07/01/2020,13:15:08,4.75,4.85,600,12.85,300,0,1200
INDIGO30Jan201180PE.NFO,07/01/2020,13:15:24,4.75,4.85,600,12.9,300,0,1200
INDIGO30Jan201180PE.NFO,07/01/2020,13:15:38,4.75,4.85,600,12.95,300,0,1200
INDIGO30Jan201180PE.NFO,07/01/2020,13:15:51,4.75,4.9,600,12.95,300,0,1200
INDIGO30Jan201180PE.NFO,07/01/2020,13:15:57,4.75,4.9,600,13.05,300,0,1200
INDIGO30Jan201180PE.NFO,07/01/2020,13:16:02,4.75,4.9,600,13,300,0,1200
INDIGO30Jan201180PE.NFO,07/01/2020,13:16:08,4.75,4.95,600,13.05,300,0,1200
INDIGO30Jan201180PE.NFO,07/01/2020,13:16:22,4.75,4.9,600,13.05,300,0,1200
INDIGO30Jan201180PE.NFO,07/01/2020,13:16:28,4.75,4.95,600,13.05,300,0,1200
INDIGO30Jan201180PE.NFO,07/01/2020,13:16:34,4.75,5,600,13.1,300,0,1200
INDIGO30Jan201180PE.NFO,07/01/2020,13:16:39,4.75,5,600,13.05,300,0,1200
INDIGO30Jan201180PE.NFO,07/01/2020,13:16:45,4.75,5,600,13.1,300,0,1200
INDIGO30Jan201180PE.NFO,07/01/2020,13:16:57,4.75,5,600,13,300,0,1200
INDIGO30Jan201180PE.NFO,07/01/2020,13:17:02,4.75,5,600,13.1,300,0,1200
INDIGO30Jan201180PE.NFO,07/01/2020,13:17:16,4.75,5.05,600,13.15,300,0,1200
INDIGO30Jan201180PE.NFO,07/01/2020,13:17:21,4.75,5,600,13.1,300,0,1200
INDIGO30Jan201180PE.NFO,07/01/2020,13:17:35,4.75,5,600,13.05,300,0,1200
INDIGO30Jan201180PE.NFO,07/01/2020,13:17:41,4.75,5.05,600,13.1,300,0,1200
INDIGO30Jan201180PE.NFO,07/01/2020,13:18:17,4.75,5,600,13.1,300,0,1200
INDIGO30Jan201180PE.NFO,07/01/2020,13:18:23,4.75,5.05,600,13.15,300,0,1200
INDIGO30Jan201180PE.NFO,07/01/2020,13:18:29,4.75,4.9,600,13.1,300,0,1200
INDIGO30Jan201180PE.NFO,07/01/2020,13:18:36,4.75,5.05,600,13.1,300,0,1200
INDIGO30Jan201180PE.NFO,07/01/2020,13:18:41,4.75,5.05,600,13.15,300,0,1200
INDIGO30Jan201180PE.NFO,07/01/2020,13:18:46,4.75,5,600,13.1,300,0,1200
INDIGO30Jan201180PE.NFO,07/01/2020,13:19:02,4.75,4.95,600,13.1,300,0,1200
INDIGO30Jan201180PE.NFO,07/01/2020,13:19:08,4.75,5.1,600,13.2,300,0,1200
INDIGO30Jan201180PE.NFO,07/01/2020,13:19:14,4.75,5.15,600,13.2,300,0,1200
INDIGO30Jan201180PE.NFO,07/01/2020,13:19:24,4.75,5.15,600,14.6,300,0,1200
INDIGO30Jan201180PE.NFO,07/01/2020,13:19:28,4.75,5.2,600,14.6,300,0,1200
INDIGO30Jan201180PE.NFO,07/01/2020,13:19:42,4.75,5.15,600,14.6,300,0,1200
INDIGO30Jan201180PE.NFO,07/01/2020,13:19:47,4.75,5.2,600,14.6,300,0,1200
INDIGO30Jan201180PE.NFO,07/01/2020,13:19:51,4.75,5.3,600,14.6,300,0,1200
INDIGO30Jan201180PE.NFO,07/01/2020,13:19:55,4.75,5.15,600,14.6,300,0,1200
INDIGO30Jan201180PE.NFO,07/01/2020,13:19:59,4.75,5.2,600,14.6,300,0,1200
INDIGO30Jan201180PE.NFO,07/01/2020,13:20:04,4.75,5.25,600,14.6,300,0,1200
INDIGO30Jan201180PE.NFO,07/01/2020,13:20:14,4.75,5.15,600,14.6,300,0,1200
INDIGO30Jan201180PE.NFO,07/01/2020,13:20:32,4.75,5.05,600,13.1,300,0,1200
INDIGO30Jan201180PE.NFO,07/01/2020,13:20:36,4.75,5.1,600,13.15,300,0,1200
INDIGO30Jan201180PE.NFO,07/01/2020,13:20:40,4.75,5.1,600,14.6,300,0,1200
INDIGO30Jan201180PE.NFO,07/01/2020,13:20:44,4.75,5.1,600,13.2,300,0,1200
INDIGO30Jan201180PE.NFO,07/01/2020,13:20:49,4.75,5.05,600,13.15,300,0,1200
INDIGO30Jan201180PE.NFO,07/01/2020,13:20:56,4.75,5.05,600,13.05,300,0,1200
INDIGO30Jan201180PE.NFO,07/01/2020,13:21:01,4.75,5.05,600,13.15,300,0,1200
INDIGO30Jan201180PE.NFO,07/01/2020,13:21:07,4.75,5.05,600,13.1,300,0,1200
INDIGO30Jan201180PE.NFO,07/01/2020,13:21:14,4.75,5.1,600,13.25,300,0,1200
INDIGO30Jan201180PE.NFO,07/01/2020,13:21:29,4.75,5.15,600,14.6,300,0,1200
INDIGO30Jan201180PE.NFO,07/01/2020,13:21:58,4.75,5.2,600,14.6,300,0,1200
INDIGO30Jan201180PE.NFO,07/01/2020,13:22:03,4.75,5.1,600,14.6,300,0,1200
INDIGO30Jan201180PE.NFO,07/01/2020,13:22:09,4.75,5.2,600,14.6,300,0,1200
INDIGO30Jan201180PE.NFO,07/01/2020,13:22:15,4.75,5.15,600,14.6,300,0,1200
INDIGO30Jan201180PE.NFO,07/01/2020,13:22:21,4.75,5.2,600,14.6,300,0,1200
INDIGO30Jan201180PE.NFO,07/01/2020,13:22:26,4.75,5.3,600,14.6,300,0,1200
INDIGO30Jan201180PE.NFO,07/01/2020,13:22:31,4.75,5.35,600,14.6,300,0,1200
INDIGO30Jan201180PE.NFO,07/01/2020,13:23:03,4.75,5.4,600,14.6,300,0,1200
INDIGO30Jan201180PE.NFO,07/01/2020,13:23:09,4.75,5.35,600,14.6,300,0,1200
INDIGO30Jan201180PE.NFO,07/01/2020,13:23:15,4.75,5.2,600,14.6,300,0,1200
INDIGO30Jan201180PE.NFO,07/01/2020,13:23:26,4.75,5.25,600,14.6,300,0,1200
INDIGO30Jan201180PE.NFO,07/01/2020,13:23:38,4.75,5.35,600,14.6,300,0,1200
INDIGO30Jan201180PE.NFO,07/01/2020,13:23:54,4.75,5.4,600,14.6,300,0,1200
INDIGO30Jan201180PE.NFO,07/01/2020,13:24:00,4.75,5.45,600,14.6,300,0,1200
INDIGO30Jan201180PE.NFO,07/01/2020,13:24:12,4.75,5.5,600,14.6,300,0,1200
INDIGO30Jan201180PE.NFO,07/01/2020,13:24:18,4.75,5.45,600,14.6,300,0,1200
INDIGO30Jan201180PE.NFO,07/01/2020,13:24:24,4.75,5.55,600,14.6,300,0,1200
INDIGO30Jan201180PE.NFO,07/01/2020,13:24:29,4.75,5.4,600,14.6,300,0,1200
INDIGO30Jan201180PE.NFO,07/01/2020,13:25:13,4.75,5.45,600,14.6,300,0,1200
INDIGO30Jan201180PE.NFO,07/01/2020,13:25:32,4.75,5.4,600,14.6,300,0,1200
INDIGO30Jan201180PE.NFO,07/01/2020,13:25:39,4.75,5.45,600,14.6,300,0,1200
INDIGO30Jan201180PE.NFO,07/01/2020,13:25:43,4.75,5.5,600,14.6,300,0,1200
INDIGO30Jan201180PE.NFO,07/01/2020,13:25:52,4.75,5,600,14.6,300,0,1200
INDIGO30Jan201180PE.NFO,07/01/2020,13:25:56,4.75,5.45,600,14.6,300,0,1200
INDIGO30Jan201180PE.NFO,07/01/2020,13:26:05,4.75,5.5,600,14.6,300,0,1200
INDIGO30Jan201180PE.NFO,07/01/2020,13:26:14,4.75,5.4,600,14.6,300,0,1200
INDIGO30Jan201180PE.NFO,07/01/2020,13:26:20,4.75,5.45,600,14.6,300,0,1200
INDIGO30Jan201180PE.NFO,07/01/2020,13:26:32,4.75,5.55,600,14.6,300,0,1200
INDIGO30Jan201180PE.NFO,07/01/2020,13:26:37,4.75,5.6,600,14.6,300,0,1200
INDIGO30Jan201180PE.NFO,07/01/2020,13:26:43,4.75,5.55,600,14.6,300,0,1200
INDIGO30Jan201180PE.NFO,07/01/2020,13:26:48,4.75,5.65,600,14.6,300,0,1200
INDIGO30Jan201180PE.NFO,07/01/2020,13:26:59,4.75,5.5,600,14.6,300,0,1200
INDIGO30Jan201180PE.NFO,07/01/2020,13:27:10,4.75,5.65,600,14.6,300,0,1200
INDIGO30Jan201180PE.NFO,07/01/2020,13:28:04,4.75,5.6,600,14.6,300,0,1200
INDIGO30Jan201180PE.NFO,07/01/2020,13:28:20,4.75,5.55,600,14.6,300,0,1200
INDIGO30Jan201180PE.NFO,07/01/2020,13:28:25,4.75,5.6,600,14.6,300,0,1200
INDIGO30Jan201180PE.NFO,07/01/2020,13:28:30,4.75,5.55,600,14.6,300,0,1200
INDIGO30Jan201180PE.NFO,07/01/2020,13:28:36,4.75,5.45,600,14.6,300,0,1200
INDIGO30Jan201180PE.NFO,07/01/2020,13:29:01,4.75,5.4,600,14.6,300,0,1200
INDIGO30Jan201180PE.NFO,07/01/2020,13:29:08,4.75,5.35,600,14.6,300,0,1200
INDIGO30Jan201180PE.NFO,07/01/2020,13:29:21,4.75,5.4,600,14.6,300,0,1200
INDIGO30Jan201180PE.NFO,07/01/2020,13:29:32,4.75,5.35,600,14.6,300,0,1200
INDIGO30Jan201180PE.NFO,07/01/2020,13:29:45,4.75,5.3,600,14.6,300,0,1200
INDIGO30Jan201180PE.NFO,07/01/2020,13:29:51,4.75,5.35,600,14.6,300,0,1200
INDIGO30Jan201180PE.NFO,07/01/2020,13:29:57,4.75,5.4,600,14.6,300,0,1200
INDIGO30Jan201180PE.NFO,07/01/2020,13:30:10,4.75,5.35,600,14.6,300,0,1200
INDIGO30Jan201180PE.NFO,07/01/2020,13:30:16,4.75,5.4,600,14.6,300,0,1200
INDIGO30Jan201180PE.NFO,07/01/2020,13:30:21,4.75,5.35,600,14.6,300,0,1200
INDIGO30Jan201180PE.NFO,07/01/2020,13:30:26,4.75,5.4,600,14.6,300,0,1200
INDIGO30Jan201180PE.NFO,07/01/2020,13:30:34,4.75,5.35,600,14.6,300,0,1200
INDIGO30Jan201180PE.NFO,07/01/2020,13:30:39,4.75,5.4,600,14.6,300,0,1200
INDIGO30Jan201180PE.NFO,07/01/2020,13:30:51,4.75,5.45,600,14.6,300,0,1200
INDIGO30Jan201180PE.NFO,07/01/2020,13:31:04,4.75,5.4,600,14.6,300,0,1200
INDIGO30Jan201180PE.NFO,07/01/2020,13:31:11,4.75,5.45,600,14.6,300,0,1200
INDIGO30Jan201180PE.NFO,07/01/2020,13:31:39,4.75,5.4,600,14.6,300,0,1200
INDIGO30Jan201180PE.NFO,07/01/2020,13:31:59,4.75,5.45,600,12.75,300,0,1200
INDIGO30Jan201180PE.NFO,07/01/2020,13:32:07,4.75,5.5,600,12.75,300,0,1200
INDIGO30Jan201180PE.NFO,07/01/2020,13:32:18,4.75,5.6,600,12.75,300,0,1200
INDIGO30Jan201180PE.NFO,07/01/2020,13:32:29,4.75,5.45,600,12.75,300,0,1200
INDIGO30Jan201180PE.NFO,07/01/2020,13:33:03,4.75,5.5,600,12.75,300,0,1200
INDIGO30Jan201180PE.NFO,07/01/2020,13:33:46,4.75,5.55,600,12.85,300,0,1200
INDIGO30Jan201180PE.NFO,07/01/2020,13:33:57,4.75,5.6,600,12.85,300,0,1200
INDIGO30Jan201180PE.NFO,07/01/2020,13:34:02,4.75,5.55,600,12.85,300,0,1200
INDIGO30Jan201180PE.NFO,07/01/2020,13:34:06,4.75,5.55,600,12.9,300,0,1200
INDIGO30Jan201180PE.NFO,07/01/2020,13:34:10,4.75,5.6,600,12.9,300,0,1200
INDIGO30Jan201180PE.NFO,07/01/2020,13:34:15,4.75,5.55,600,12.9,300,0,1200
INDIGO30Jan201180PE.NFO,07/01/2020,13:34:21,4.75,5.55,600,12.85,300,0,1200
INDIGO30Jan201180PE.NFO,07/01/2020,13:34:26,4.75,5.65,600,12.85,300,0,1200
INDIGO30Jan201180PE.NFO,07/01/2020,13:34:30,4.75,5.55,600,12.75,300,0,1200
INDIGO30Jan201180PE.NFO,07/01/2020,13:34:34,4.75,5.5,600,12.75,300,0,1200
INDIGO30Jan201180PE.NFO,07/01/2020,13:34:40,4.75,5.5,600,12.8,300,0,1200
INDIGO30Jan201180PE.NFO,07/01/2020,13:34:46,4.75,5.55,600,12.85,300,0,1200
INDIGO30Jan201180PE.NFO,07/01/2020,13:34:51,4.75,5.55,600,12.95,300,0,1200
INDIGO30Jan201180PE.NFO,07/01/2020,13:34:56,4.75,5.5,600,12.95,300,0,1200
INDIGO30Jan201180PE.NFO,07/01/2020,13:35:03,4.75,5.55,600,12.95,300,0,1200
INDIGO30Jan201180PE.NFO,07/01/2020,13:35:20,4.75,5.5,600,12.95,300,0,1200
INDIGO30Jan201180PE.NFO,07/01/2020,13:35:36,4.75,5.55,600,12.95,300,0,1200
INDIGO30Jan201180PE.NFO,07/01/2020,13:35:42,4.75,5.5,600,12.95,300,0,1200
INDIGO30Jan201180PE.NFO,07/01/2020,13:35:58,4.75,5.4,600,12.95,300,0,1200
INDIGO30Jan201180PE.NFO,07/01/2020,13:36:18,4.75,5.45,600,12.95,300,0,1200
INDIGO30Jan201180PE.NFO,07/01/2020,13:36:23,4.75,5.4,600,12.95,300,0,1200
INDIGO30Jan201180PE.NFO,07/01/2020,13:36:35,4.75,5.45,600,12.95,300,0,1200
INDIGO30Jan201180PE.NFO,07/01/2020,13:36:39,4.75,5.4,600,12.95,300,0,1200
INDIGO30Jan201180PE.NFO,07/01/2020,13:37:10,4.75,5.35,600,12.95,300,0,1200
INDIGO30Jan201180PE.NFO,07/01/2020,13:37:14,4.75,5.4,600,12.95,300,0,1200
INDIGO30Jan201180PE.NFO,07/01/2020,13:37:17,4.75,5.35,600,12.95,300,0,1200
INDIGO30Jan201180PE.NFO,07/01/2020,13:37:27,4.75,5.45,600,12.95,300,0,1200
INDIGO30Jan201180PE.NFO,07/01/2020,13:37:36,4.75,5.4,600,12.95,300,0,1200
INDIGO30Jan201180PE.NFO,07/01/2020,13:37:41,4.75,5.35,600,12.95,300,0,1200
INDIGO30Jan201180PE.NFO,07/01/2020,13:38:00,4.75,5.3,600,12.95,300,0,1200
INDIGO30Jan201180PE.NFO,07/01/2020,13:38:05,4.75,5.35,600,12.95,300,0,1200
INDIGO30Jan201180PE.NFO,07/01/2020,13:38:18,4.75,5.2,600,12.95,300,0,1200
INDIGO30Jan201180PE.NFO,07/01/2020,13:38:24,4.75,5.25,600,12.95,300,0,1200
INDIGO30Jan201180PE.NFO,07/01/2020,13:38:30,4.75,5.35,600,12.95,300,0,1200
INDIGO30Jan201180PE.NFO,07/01/2020,13:38:53,4.75,5.4,600,12.95,300,0,1200
INDIGO30Jan201180PE.NFO,07/01/2020,13:40:14,4.75,5.45,600,12.95,300,0,1200
INDIGO30Jan201180PE.NFO,07/01/2020,13:40:18,4.75,5.4,600,12.95,300,0,1200
INDIGO30Jan201180PE.NFO,07/01/2020,13:42:00,4.75,5.45,600,12.95,300,0,1200
INDIGO30Jan201180PE.NFO,07/01/2020,13:42:05,4.75,5.4,600,12.95,300,0,1200
INDIGO30Jan201180PE.NFO,07/01/2020,13:43:07,4.75,5.35,600,12.95,300,0,1200
INDIGO30Jan201180PE.NFO,07/01/2020,13:43:15,4.75,5.3,600,12.95,300,0,1200
INDIGO30Jan201180PE.NFO,07/01/2020,13:43:20,4.75,5.4,600,12.95,300,0,1200
INDIGO30Jan201180PE.NFO,07/01/2020,13:43:39,4.75,5.45,600,12.95,300,0,1200
INDIGO30Jan201180PE.NFO,07/01/2020,13:43:49,4.75,5.4,600,12.95,300,0,1200
INDIGO30Jan201180PE.NFO,07/01/2020,13:44:07,4.75,4.9,600,12.95,300,0,1200
INDIGO30Jan201180PE.NFO,07/01/2020,13:44:11,4.75,5.4,600,12.95,300,0,1200
INDIGO30Jan201180PE.NFO,07/01/2020,13:44:14,4.75,5.5,600,12.95,300,0,1200
INDIGO30Jan201180PE.NFO,07/01/2020,13:44:18,4.75,5.55,600,12.95,300,0,1200
INDIGO30Jan201180PE.NFO,07/01/2020,13:44:23,4.75,5.35,600,12.95,300,0,1200
INDIGO30Jan201180PE.NFO,07/01/2020,13:44:31,4.75,5.25,600,12.95,300,0,1200
INDIGO30Jan201180PE.NFO,07/01/2020,13:44:35,4.75,5.35,600,12.95,300,0,1200
INDIGO30Jan201180PE.NFO,07/01/2020,13:44:39,4.75,5.4,600,12.95,300,0,1200
INDIGO30Jan201180PE.NFO,07/01/2020,13:45:15,4.75,4.9,600,12.95,300,0,1200
INDIGO30Jan201180PE.NFO,07/01/2020,13:45:21,4.75,5.2,600,12.95,300,0,1200
INDIGO30Jan201180PE.NFO,07/01/2020,13:45:27,4.75,5.25,600,12.95,300,0,1200
INDIGO30Jan201180PE.NFO,07/01/2020,13:46:18,4.75,5.35,600,12.95,300,0,1200
INDIGO30Jan201180PE.NFO,07/01/2020,13:46:22,4.75,5.25,600,12.95,300,0,1200
INDIGO30Jan201180PE.NFO,07/01/2020,13:46:48,4.75,5.15,600,13.2,300,0,1200
INDIGO30Jan201180PE.NFO,07/01/2020,13:46:55,4.75,5.1,600,13.15,300,0,1200
INDIGO30Jan201180PE.NFO,07/01/2020,13:47:02,4.75,5.1,600,13.35,300,0,1200
INDIGO30Jan201180PE.NFO,07/01/2020,13:47:09,4.75,5.15,600,13.2,300,0,1200
INDIGO30Jan201180PE.NFO,07/01/2020,13:47:15,4.75,5.15,600,13.15,300,0,1200
INDIGO30Jan201180PE.NFO,07/01/2020,13:47:30,4.75,5.2,600,12.95,300,0,1200
INDIGO30Jan201180PE.NFO,07/01/2020,13:47:51,4.75,5.05,1200,12.95,300,0,1200
INDIGO30Jan201180PE.NFO,07/01/2020,13:47:58,4.75,5.05,600,13.2,300,0,1200
INDIGO30Jan201180PE.NFO,07/01/2020,13:48:06,4.75,5.15,600,13.2,300,0,1200
INDIGO30Jan201180PE.NFO,07/01/2020,13:48:16,4.75,5.2,600,12.95,300,0,1200
INDIGO30Jan201180PE.NFO,07/01/2020,13:48:21,4.75,5.15,600,13.2,300,0,1200
INDIGO30Jan201180PE.NFO,07/01/2020,13:48:26,4.75,5.2,600,12.95,300,0,1200
INDIGO30Jan201180PE.NFO,07/01/2020,13:48:31,4.75,5.1,600,13.15,300,0,1200
INDIGO30Jan201180PE.NFO,07/01/2020,13:48:35,4.75,5.05,600,13.15,300,0,1200
INDIGO30Jan201180PE.NFO,07/01/2020,13:48:44,4.75,4.9,600,13.1,300,0,1200
INDIGO30Jan201180PE.NFO,07/01/2020,13:48:49,4.75,5.3,600,13.2,300,0,1200
INDIGO30Jan201180PE.NFO,07/01/2020,13:48:55,4.75,5.2,600,12.95,300,0,1200
INDIGO30Jan201180PE.NFO,07/01/2020,13:49:08,4.75,5.2,600,13.2,300,0,1200
INDIGO30Jan201180PE.NFO,07/01/2020,13:49:33,4.75,5.15,600,13.2,300,0,1200
INDIGO30Jan201180PE.NFO,07/01/2020,13:49:38,4.75,5.1,600,13.15,300,0,1200
INDIGO30Jan201180PE.NFO,07/01/2020,13:49:43,4.75,5.1,600,13.1,300,0,1200
INDIGO30Jan201180PE.NFO,07/01/2020,13:49:48,4.75,5.1,600,13.15,300,0,1200
INDIGO30Jan201180PE.NFO,07/01/2020,13:49:58,4.75,5.05,600,13.1,300,0,1200
INDIGO30Jan201180PE.NFO,07/01/2020,13:50:03,4.75,5.05,600,13.05,300,0,1200
INDIGO30Jan201180PE.NFO,07/01/2020,13:50:08,4.75,4.85,600,13,300,0,1200
INDIGO30Jan201180PE.NFO,07/01/2020,13:50:16,4.75,4.85,600,12.95,900,0,1200
INDIGO30Jan201180PE.NFO,07/01/2020,13:50:44,4.75,4.85,600,12.85,300,0,1200
INDIGO30Jan201180PE.NFO,07/01/2020,13:50:52,4.75,4.85,600,12.95,300,0,1200
INDIGO30Jan201180PE.NFO,07/01/2020,13:50:58,4.75,4.85,600,12.9,300,0,1200
INDIGO30Jan201180PE.NFO,07/01/2020,13:51:05,4.75,4.85,600,12.85,300,0,1200
INDIGO30Jan201180PE.NFO,07/01/2020,13:51:10,4.75,4.85,600,12.75,300,0,1200
INDIGO30Jan201180PE.NFO,07/01/2020,13:51:16,4.75,4.85,600,12.8,300,0,1200
INDIGO30Jan201180PE.NFO,07/01/2020,13:51:37,4.75,4.85,600,12.85,300,0,1200
INDIGO30Jan201180PE.NFO,07/01/2020,13:51:51,4.75,4.85,600,12.8,300,0,1200
INDIGO30Jan201180PE.NFO,07/01/2020,13:52:40,4.75,4.85,600,12.75,300,0,1200
INDIGO30Jan201180PE.NFO,07/01/2020,13:52:48,4.75,4.85,600,12.85,300,0,1200
INDIGO30Jan201180PE.NFO,07/01/2020,13:52:53,4.75,4.85,600,12.6,300,0,1200
INDIGO30Jan201180PE.NFO,07/01/2020,13:52:57,4.75,4.85,600,12.65,300,0,1200
INDIGO30Jan201180PE.NFO,07/01/2020,13:53:05,4.75,4.85,600,12.95,900,0,1200
INDIGO30Jan201180PE.NFO,07/01/2020,13:53:10,4.75,4.85,600,13.4,900,0,1200
INDIGO30Jan201180PE.NFO,07/01/2020,13:53:20,4.75,4.85,600,12.6,300,0,1200
INDIGO30Jan201180PE.NFO,07/01/2020,13:53:24,4.75,4.85,600,12.65,300,0,1200
INDIGO30Jan201180PE.NFO,07/01/2020,13:53:28,4.75,4.85,600,12.6,300,0,1200
INDIGO30Jan201180PE.NFO,07/01/2020,13:53:48,4.75,4.85,600,12.65,300,0,1200
INDIGO30Jan201180PE.NFO,07/01/2020,13:53:56,4.75,4.85,600,12.75,300,0,1200
INDIGO30Jan201180PE.NFO,07/01/2020,13:54:02,4.75,4.85,600,13.1,300,0,1200
INDIGO30Jan201180PE.NFO,07/01/2020,13:54:08,4.75,4.85,600,12.7,300,0,1200
INDIGO30Jan201180PE.NFO,07/01/2020,13:54:39,4.75,4.85,600,12.85,300,0,1200
INDIGO30Jan201180PE.NFO,07/01/2020,13:54:44,4.75,4.85,600,12.75,300,0,1200
INDIGO30Jan201180PE.NFO,07/01/2020,13:55:06,4.75,4.85,600,12.7,300,0,1200
INDIGO30Jan201180PE.NFO,07/01/2020,13:55:34,4.75,4.85,600,12.75,300,0,1200
INDIGO30Jan201180PE.NFO,07/01/2020,13:55:55,4.75,4.85,600,12.65,300,0,1200
INDIGO30Jan201180PE.NFO,07/01/2020,13:56:07,4.75,4.85,600,12.75,300,0,1200
INDIGO30Jan201180PE.NFO,07/01/2020,13:56:11,4.75,4.85,600,12.65,300,0,1200
INDIGO30Jan201180PE.NFO,07/01/2020,13:56:35,4.75,4.85,600,12.55,300,0,1200
INDIGO30Jan201180PE.NFO,07/01/2020,13:56:47,4.75,4.85,600,13.1,600,0,1200
INDIGO30Jan201180PE.NFO,07/01/2020,13:59:00,4.75,4.9,600,13.1,600,0,1200
INDIGO30Jan201180PE.NFO,07/01/2020,13:59:05,4.75,4.85,600,13.1,600,0,1200
INDIGO30Jan201180PE.NFO,07/01/2020,13:59:18,4.75,4.85,1200,13.1,600,0,1200
INDIGO30Jan201180PE.NFO,07/01/2020,13:59:22,4.75,4.95,600,13.1,600,0,1200
INDIGO30Jan201180PE.NFO,07/01/2020,13:59:39,4.75,4.85,600,13.1,600,0,1200
INDIGO30Jan201180PE.NFO,07/01/2020,14:00:11,4.75,4.9,600,13.1,600,0,1200
INDIGO30Jan201180PE.NFO,07/01/2020,14:00:18,4.75,4.85,600,13.1,600,0,1200
INDIGO30Jan201180PE.NFO,07/01/2020,14:00:52,4.75,4.9,600,13.1,600,0,1200
INDIGO30Jan201180PE.NFO,07/01/2020,14:01:03,4.75,5,600,13.3,600,0,1200
INDIGO30Jan201180PE.NFO,07/01/2020,14:01:09,4.75,5.05,600,13.3,600,0,1200
INDIGO30Jan201180PE.NFO,07/01/2020,14:01:13,4.75,5,600,13.3,600,0,1200
INDIGO30Jan201180PE.NFO,07/01/2020,14:01:18,4.75,5.05,600,13.3,600,0,1200
INDIGO30Jan201180PE.NFO,07/01/2020,14:01:22,4.75,5,600,13.3,600,0,1200
INDIGO30Jan201180PE.NFO,07/01/2020,14:01:56,4.75,4.95,600,13.3,600,0,1200
INDIGO30Jan201180PE.NFO,07/01/2020,14:02:24,4.75,5,600,13.3,600,0,1200
INDIGO30Jan201180PE.NFO,07/01/2020,14:03:22,4.75,4.95,600,13.3,600,0,1200
INDIGO30Jan201180PE.NFO,07/01/2020,14:03:33,4.75,4.9,600,13.3,600,0,1200
INDIGO30Jan201180PE.NFO,07/01/2020,14:03:37,4.75,4.95,600,13.3,600,0,1200
INDIGO30Jan201180PE.NFO,07/01/2020,14:03:43,4.75,4.9,600,13.3,600,0,1200
INDIGO30Jan201180PE.NFO,07/01/2020,14:03:59,4.75,4.95,600,13.3,600,0,1200
INDIGO30Jan201180PE.NFO,07/01/2020,14:04:15,4.75,5,600,13.3,600,0,1200
INDIGO30Jan201180PE.NFO,07/01/2020,14:04:21,4.75,4.95,600,13.3,600,0,1200
INDIGO30Jan201180PE.NFO,07/01/2020,14:04:25,4.75,5,600,13.3,600,0,1200
INDIGO30Jan201180PE.NFO,07/01/2020,14:04:44,4.75,5.05,600,13.3,600,0,1200
INDIGO30Jan201180PE.NFO,07/01/2020,14:05:26,4.75,4.95,600,13.3,600,0,1200
INDIGO30Jan201180PE.NFO,07/01/2020,14:06:02,4.75,4.85,600,13.3,600,0,1200
INDIGO30Jan201180PE.NFO,07/01/2020,14:06:14,4.75,4.9,600,13.3,600,0,1200
INDIGO30Jan201180PE.NFO,07/01/2020,14:06:17,4.75,4.85,600,13.3,600,0,1200
INDIGO30Jan201180PE.NFO,07/01/2020,14:06:22,4.75,4.9,600,13.3,600,0,1200
INDIGO30Jan201180PE.NFO,07/01/2020,14:06:26,4.75,4.85,600,13.3,600,0,1200
INDIGO30Jan201180PE.NFO,07/01/2020,14:06:40,4.75,4.8,600,13.3,600,0,1200
INDIGO30Jan201180PE.NFO,07/01/2020,14:07:04,4.75,4.65,600,13.3,600,0,1200
INDIGO30Jan201180PE.NFO,07/01/2020,14:07:11,4.75,4.7,600,13.3,600,0,1200
INDIGO30Jan201180PE.NFO,07/01/2020,14:07:24,4.75,4.75,600,13.3,600,0,1200
INDIGO30Jan201180PE.NFO,07/01/2020,14:07:31,4.75,4.8,600,13.3,600,0,1200
INDIGO30Jan201180PE.NFO,07/01/2020,14:07:43,4.75,4.7,600,13.3,600,0,1200
INDIGO30Jan201180PE.NFO,07/01/2020,14:07:48,4.75,4.85,600,13.3,600,0,1200
INDIGO30Jan201180PE.NFO,07/01/2020,14:07:54,4.75,4.8,600,13.3,600,0,1200
INDIGO30Jan201180PE.NFO,07/01/2020,14:08:19,4.75,4.85,600,13.3,600,0,1200
INDIGO30Jan201180PE.NFO,07/01/2020,14:08:23,4.75,4.9,600,13.3,600,0,1200
INDIGO30Jan201180PE.NFO,07/01/2020,14:08:27,4.75,4.75,600,13.3,600,0,1200
INDIGO30Jan201180PE.NFO,07/01/2020,14:08:38,4.75,4.7,600,13.3,600,0,1200
INDIGO30Jan201180PE.NFO,07/01/2020,14:09:08,4.75,4.8,600,13.3,600,0,1200
INDIGO30Jan201180PE.NFO,07/01/2020,14:09:12,4.75,4.85,600,13.3,600,0,1200
INDIGO30Jan201180PE.NFO,07/01/2020,14:10:54,4.75,4.9,600,13.3,600,0,1200
INDIGO30Jan201180PE.NFO,07/01/2020,14:11:03,4.75,4.85,600,13.3,600,0,1200
INDIGO30Jan201180PE.NFO,07/01/2020,14:11:07,4.75,4.9,600,13.3,600,0,1200
INDIGO30Jan201180PE.NFO,07/01/2020,14:12:07,4.75,4.85,600,13.3,600,0,1200
INDIGO30Jan201180PE.NFO,07/01/2020,14:16:22,4.75,4.9,600,13.3,600,0,1200
INDIGO30Jan201180PE.NFO,07/01/2020,14:16:30,4.75,4.85,600,13.3,600,0,1200
INDIGO30Jan201180PE.NFO,07/01/2020,14:17:18,4.75,4.9,600,13.3,600,0,1200
INDIGO30Jan201180PE.NFO,07/01/2020,14:18:24,4.75,4.9,600,12.95,300,0,1200
INDIGO30Jan201180PE.NFO,07/01/2020,14:18:30,4.75,4.85,600,12.95,300,0,1200
INDIGO30Jan201180PE.NFO,07/01/2020,14:18:55,4.75,4.85,600,12.9,300,0,1200
INDIGO30Jan201180PE.NFO,07/01/2020,14:19:43,4.75,4.85,600,12.85,300,0,1200
INDIGO30Jan201180PE.NFO,07/01/2020,14:19:47,4.75,4.85,600,12.8,300,0,1200
INDIGO30Jan201180PE.NFO,07/01/2020,14:19:52,4.75,4.85,600,12.9,300,0,1200
INDIGO30Jan201180PE.NFO,07/01/2020,14:19:55,4.75,4.85,600,12.95,300,0,1200
INDIGO30Jan201180PE.NFO,07/01/2020,14:20:15,4.75,4.85,600,12.9,300,0,1200
INDIGO30Jan201180PE.NFO,07/01/2020,14:20:38,4.75,4.85,600,12.95,300,0,1200
INDIGO30Jan201180PE.NFO,07/01/2020,14:21:19,4.75,4.85,600,12.9,300,0,1200
INDIGO30Jan201180PE.NFO,07/01/2020,14:21:26,4.75,4.85,600,12.95,300,0,1200
INDIGO30Jan201180PE.NFO,07/01/2020,14:21:42,4.75,4.85,600,12.9,300,0,1200
INDIGO30Jan201180PE.NFO,07/01/2020,14:22:23,4.75,4.85,600,12.85,300,0,1200
INDIGO30Jan201180PE.NFO,07/01/2020,14:22:32,4.75,4.85,600,12.95,300,0,1200
INDIGO30Jan201180PE.NFO,07/01/2020,14:22:50,4.75,4.9,600,12.95,300,0,1200
INDIGO30Jan201180PE.NFO,07/01/2020,14:23:02,4.75,4.85,600,12.95,300,0,1200
INDIGO30Jan201180PE.NFO,07/01/2020,14:23:06,4.75,4.9,600,13,300,0,1200
INDIGO30Jan201180PE.NFO,07/01/2020,14:23:52,4.75,5,600,12.95,300,0,1200
INDIGO30Jan201180PE.NFO,07/01/2020,14:24:15,4.75,4.95,600,13,600,0,1200
INDIGO30Jan201180PE.NFO,07/01/2020,14:24:39,4.75,4.95,600,13.25,600,0,1200
INDIGO30Jan201180PE.NFO,07/01/2020,14:25:28,4.75,4.9,600,13.25,600,0,1200
INDIGO30Jan201180PE.NFO,07/01/2020,14:25:42,4.75,4.95,600,13.25,600,0,1200
INDIGO30Jan201180PE.NFO,07/01/2020,14:26:04,4.75,4.9,600,13.25,600,0,1200
INDIGO30Jan201180PE.NFO,07/01/2020,14:26:07,4.75,4.95,600,13.25,600,0,1200
INDIGO30Jan201180PE.NFO,07/01/2020,14:26:52,4.75,5.05,600,13.25,600,0,1200
INDIGO30Jan201180PE.NFO,07/01/2020,14:26:56,4.75,5.1,600,13.25,600,0,1200
INDIGO30Jan201180PE.NFO,07/01/2020,14:27:01,4.75,5,600,13.25,600,0,1200
INDIGO30Jan201180PE.NFO,07/01/2020,14:27:06,4.75,5.05,600,13.25,600,0,1200
INDIGO30Jan201180PE.NFO,07/01/2020,14:27:13,4.75,5,600,13.25,600,0,1200
INDIGO30Jan201180PE.NFO,07/01/2020,14:27:25,4.75,5.05,600,13.25,600,0,1200
INDIGO30Jan201180PE.NFO,07/01/2020,14:27:40,4.75,5,600,13.25,600,0,1200
INDIGO30Jan201180PE.NFO,07/01/2020,14:27:48,4.75,5.05,600,13.25,600,0,1200
INDIGO30Jan201180PE.NFO,07/01/2020,14:28:03,4.75,5.1,600,13.25,600,0,1200
INDIGO30Jan201180PE.NFO,07/01/2020,14:28:07,4.75,5.15,600,13.25,600,0,1200
INDIGO30Jan201180PE.NFO,07/01/2020,14:28:10,4.75,5.2,600,13.25,600,0,1200
INDIGO30Jan201180PE.NFO,07/01/2020,14:28:14,4.75,5.15,600,13.25,600,0,1200
INDIGO30Jan201180PE.NFO,07/01/2020,14:28:26,4.75,5,600,13.25,600,0,1200
INDIGO30Jan201180PE.NFO,07/01/2020,14:28:30,4.75,5.15,600,13.25,600,0,1200
INDIGO30Jan201180PE.NFO,07/01/2020,14:28:54,4.75,5.25,600,13.25,600,0,1200
INDIGO30Jan201180PE.NFO,07/01/2020,14:29:00,4.75,5.1,600,13.25,600,0,1200
INDIGO30Jan201180PE.NFO,07/01/2020,14:29:04,4.75,5.15,600,13.25,600,0,1200
INDIGO30Jan201180PE.NFO,07/01/2020,14:30:32,4.75,5.1,600,13.25,600,0,1200
INDIGO30Jan201180PE.NFO,07/01/2020,14:30:48,4.75,5.05,600,13.25,600,0,1200
INDIGO30Jan201180PE.NFO,07/01/2020,14:30:57,4.75,4.95,600,13.25,600,0,1200
INDIGO30Jan201180PE.NFO,07/01/2020,14:31:04,4.75,5,600,13.25,600,0,1200
INDIGO30Jan201180PE.NFO,07/01/2020,14:31:11,4.75,4.9,600,13.25,600,0,1200
INDIGO30Jan201180PE.NFO,07/01/2020,14:31:19,4.75,4.95,600,13.25,600,0,1200
INDIGO30Jan201180PE.NFO,07/01/2020,14:31:26,4.75,4.8,600,13.25,600,0,1200
INDIGO30Jan201180PE.NFO,07/01/2020,14:31:32,4.75,4.75,600,13.25,600,0,1200
INDIGO30Jan201180PE.NFO,07/01/2020,14:31:39,4.75,4.7,600,13.25,600,0,1200
INDIGO30Jan201180PE.NFO,07/01/2020,14:31:46,4.75,4.85,600,13.25,600,0,1200
INDIGO30Jan201180PE.NFO,07/01/2020,14:31:51,4.75,4.75,600,13.25,600,0,1200
INDIGO30Jan201180PE.NFO,07/01/2020,14:32:08,4.75,4.8,600,13.25,600,0,1200
INDIGO30Jan201180PE.NFO,07/01/2020,14:32:19,4.75,4.75,600,13.25,600,0,1200
INDIGO30Jan201180PE.NFO,07/01/2020,14:32:32,4.75,4.8,600,13.25,600,0,1200
INDIGO30Jan201180PE.NFO,07/01/2020,14:32:43,4.75,4.75,600,13.25,600,0,1200
INDIGO30Jan201180PE.NFO,07/01/2020,14:34:06,4.75,4.7,600,13.25,600,0,1200
INDIGO30Jan201180PE.NFO,07/01/2020,14:34:11,4.75,4.6,600,13.25,600,0,1200
INDIGO30Jan201180PE.NFO,07/01/2020,14:34:21,4.75,4.55,600,13.25,600,0,1200
INDIGO30Jan201180PE.NFO,07/01/2020,14:34:26,4.75,4.6,600,13.25,600,0,1200
INDIGO30Jan201180PE.NFO,07/01/2020,14:35:03,4.75,4.5,600,13.25,600,0,1200
INDIGO30Jan201180PE.NFO,07/01/2020,14:35:09,4.75,4.55,600,0,0,0,1200
INDIGO30Jan201180PE.NFO,07/01/2020,14:35:15,4.75,4.5,600,0,0,0,1200
INDIGO30Jan201180PE.NFO,07/01/2020,14:35:27,4.75,4.05,600,0,0,0,1200
INDIGO30Jan201180PE.NFO,07/01/2020,14:35:40,4.75,4.1,600,0,0,0,1200
INDIGO30Jan201180PE.NFO,07/01/2020,14:35:46,4.75,3.95,600,0,0,0,1200
INDIGO30Jan201180PE.NFO,07/01/2020,14:35:51,4.75,4,600,0,0,0,1200
INDIGO30Jan201180PE.NFO,07/01/2020,14:35:56,4.75,3.75,600,0,0,0,1200
INDIGO30Jan201180PE.NFO,07/01/2020,14:36:01,4.75,3.85,600,0,0,0,1200
INDIGO30Jan201180PE.NFO,07/01/2020,14:36:11,4.75,3.75,600,13.45,600,0,1200
INDIGO30Jan201180PE.NFO,07/01/2020,14:36:17,4.75,3.8,600,13.45,1200,0,1200
INDIGO30Jan201180PE.NFO,07/01/2020,14:36:28,4.75,3.85,600,13.45,600,0,1200
INDIGO30Jan201180PE.NFO,07/01/2020,14:36:33,4.75,3.85,600,0,0,0,1200
INDIGO30Jan201180PE.NFO,07/01/2020,14:36:38,4.75,3.55,600,0,0,0,1200
INDIGO30Jan201180PE.NFO,07/01/2020,14:36:42,4.75,3.5,600,0,0,0,1200
INDIGO30Jan201180PE.NFO,07/01/2020,14:36:47,4.75,3.8,600,13.45,2400,0,1200
INDIGO30Jan201180PE.NFO,07/01/2020,14:36:52,4.75,3.7,600,13.45,2400,0,1200
INDIGO30Jan201180PE.NFO,07/01/2020,14:36:57,4.75,3.65,600,13.45,2400,0,1200
INDIGO30Jan201180PE.NFO,07/01/2020,14:37:05,4.75,3.75,600,13.45,2400,0,1200
INDIGO30Jan201180PE.NFO,07/01/2020,14:37:11,4.75,3.6,600,13.45,2400,0,1200
INDIGO30Jan201180PE.NFO,07/01/2020,14:37:15,4.75,3.75,600,13.45,2400,0,1200
INDIGO30Jan201180PE.NFO,07/01/2020,14:37:21,4.75,3.75,600,13.45,600,0,1200
INDIGO30Jan201180PE.NFO,07/01/2020,14:37:26,4.75,3.8,600,13.45,600,0,1200
INDIGO30Jan201180PE.NFO,07/01/2020,14:37:30,4.75,3.7,600,13.45,2400,0,1200
INDIGO30Jan201180PE.NFO,07/01/2020,14:37:41,4.75,3.8,600,13.45,2400,0,1200
INDIGO30Jan201180PE.NFO,07/01/2020,14:37:47,4.75,3.7,600,13.45,2400,0,1200
INDIGO30Jan201180PE.NFO,07/01/2020,14:37:52,4.75,3.75,600,13.45,2400,0,1200
INDIGO30Jan201180PE.NFO,07/01/2020,14:37:57,4.75,3.7,600,13.45,2400,0,1200
INDIGO30Jan201180PE.NFO,07/01/2020,14:38:35,4.75,3.75,600,13.45,2400,0,1200
INDIGO30Jan201180PE.NFO,07/01/2020,14:38:39,4.75,3.75,600,13.45,600,0,1200
INDIGO30Jan201180PE.NFO,07/01/2020,14:38:52,4.75,3.65,1200,13.45,600,0,1200
INDIGO30Jan201180PE.NFO,07/01/2020,14:38:58,4.75,3.8,600,13.45,600,0,1200
INDIGO30Jan201180PE.NFO,07/01/2020,14:39:03,4.75,3.75,600,13.45,600,0,1200
INDIGO30Jan201180PE.NFO,07/01/2020,14:39:07,4.75,3.8,600,13.45,600,0,1200
INDIGO30Jan201180PE.NFO,07/01/2020,14:39:12,4.75,3.85,600,13.45,2400,0,1200
INDIGO30Jan201180PE.NFO,07/01/2020,14:39:18,4.75,3.75,600,13.45,2400,0,1200
INDIGO30Jan201180PE.NFO,07/01/2020,14:39:32,4.75,3.9,600,13.45,2400,0,1200
INDIGO30Jan201180PE.NFO,07/01/2020,14:39:39,4.75,4,600,13.45,600,0,1200
INDIGO30Jan201180PE.NFO,07/01/2020,14:39:44,4.75,3.95,600,13.45,600,0,1200
INDIGO30Jan201180PE.NFO,07/01/2020,14:39:50,4.75,4,600,13.45,600,0,1200
INDIGO30Jan201180PE.NFO,07/01/2020,14:40:00,4.75,3.9,600,13.45,600,0,1200
INDIGO30Jan201180PE.NFO,07/01/2020,14:40:05,4.75,3.85,600,13.45,600,0,1200
INDIGO30Jan201180PE.NFO,07/01/2020,14:40:10,4.75,3.9,600,13.45,600,0,1200
INDIGO30Jan201180PE.NFO,07/01/2020,14:40:14,4.75,3.95,600,13.45,600,0,1200
INDIGO30Jan201180PE.NFO,07/01/2020,14:40:27,4.75,3.95,600,0,0,0,1200
INDIGO30Jan201180PE.NFO,07/01/2020,14:40:46,4.75,4,600,0,0,0,1200
INDIGO30Jan201180PE.NFO,07/01/2020,14:41:08,4.75,3.95,600,0,0,0,1200
INDIGO30Jan201180PE.NFO,07/01/2020,14:41:13,4.75,4,600,0,0,0,1200
INDIGO30Jan201180PE.NFO,07/01/2020,14:41:41,4.75,4.05,600,12.85,300,0,1200
INDIGO30Jan201180PE.NFO,07/01/2020,14:41:47,4.75,4,600,12.85,300,0,1200
INDIGO30Jan201180PE.NFO,07/01/2020,14:42:01,4.75,4.1,600,12.85,300,0,1200
INDIGO30Jan201180PE.NFO,07/01/2020,14:42:06,4.75,4.05,600,12.75,300,0,1200
INDIGO30Jan201180PE.NFO,07/01/2020,14:42:35,4.75,4,600,12.75,300,0,1200
INDIGO30Jan201180PE.NFO,07/01/2020,14:42:38,4.75,4.05,600,12.75,300,0,1200
INDIGO30Jan201180PE.NFO,07/01/2020,14:43:00,4.75,4.05,600,12.65,300,0,1200
INDIGO30Jan201180PE.NFO,07/01/2020,14:43:20,4.75,4.1,600,12.65,300,0,1200
INDIGO30Jan201180PE.NFO,07/01/2020,14:43:30,4.75,4.2,600,12.65,300,0,1200
INDIGO30Jan201180PE.NFO,07/01/2020,14:43:35,4.75,4.05,600,12.55,300,0,1200
INDIGO30Jan201180PE.NFO,07/01/2020,14:43:41,4.75,4.1,600,12.55,300,0,1200
INDIGO30Jan201180PE.NFO,07/01/2020,14:43:46,4.75,4.15,600,12.55,300,0,1200
INDIGO30Jan201180PE.NFO,07/01/2020,14:44:02,4.75,4.2,600,12.55,300,0,1200
INDIGO30Jan201180PE.NFO,07/01/2020,14:44:08,4.75,4.15,600,12.5,300,0,1200
INDIGO30Jan201180PE.NFO,07/01/2020,14:44:13,4.75,4.15,600,12.45,300,0,1200
INDIGO30Jan201180PE.NFO,07/01/2020,14:44:22,4.75,4.1,600,12.35,300,0,1200
INDIGO30Jan201180PE.NFO,07/01/2020,14:44:26,4.75,4.2,600,12.35,300,0,1200
INDIGO30Jan201180PE.NFO,07/01/2020,14:44:30,4.75,4.15,600,12.35,300,0,1200
INDIGO30Jan201180PE.NFO,07/01/2020,14:44:36,4.75,4.2,600,12.35,300,0,1200
INDIGO30Jan201180PE.NFO,07/01/2020,14:44:42,4.75,4.3,600,12.35,300,0,1200
INDIGO30Jan201180PE.NFO,07/01/2020,14:44:46,4.75,4.2,600,12.35,300,0,1200
INDIGO30Jan201180PE.NFO,07/01/2020,14:44:53,4.75,4.25,600,12.35,300,0,1200
INDIGO30Jan201180PE.NFO,07/01/2020,14:45:04,4.75,4.35,600,12.35,300,0,1200
INDIGO30Jan201180PE.NFO,07/01/2020,14:45:20,4.75,4.3,600,12.35,300,0,1200
INDIGO30Jan201180PE.NFO,07/01/2020,14:45:27,4.75,4.3,600,12.25,300,0,1200
INDIGO30Jan201180PE.NFO,07/01/2020,14:45:34,4.75,4.3,600,12.15,300,0,1200
INDIGO30Jan201180PE.NFO,07/01/2020,14:45:41,4.75,4.3,600,11.95,300,0,1200
INDIGO30Jan201180PE.NFO,07/01/2020,14:45:52,4.75,4.35,600,11.95,300,0,1200
INDIGO30Jan201180PE.NFO,07/01/2020,14:46:20,4.75,4.4,600,11.95,300,0,1200
INDIGO30Jan201180PE.NFO,07/01/2020,14:46:36,4.75,4.35,600,11.95,300,0,1200
INDIGO30Jan201180PE.NFO,07/01/2020,14:46:41,4.75,4.45,600,12,300,0,1200
INDIGO30Jan201180PE.NFO,07/01/2020,14:46:54,4.75,4.4,600,12,300,0,1200
INDIGO30Jan201180PE.NFO,07/01/2020,14:47:06,4.75,4.5,600,12,300,0,1200
INDIGO30Jan201180PE.NFO,07/01/2020,14:47:12,4.75,4.35,600,12,300,0,1200
INDIGO30Jan201180PE.NFO,07/01/2020,14:47:30,4.75,4.35,600,11.9,300,0,1200
INDIGO30Jan201180PE.NFO,07/01/2020,14:47:54,4.75,4.3,600,11.9,300,0,1200
INDIGO30Jan201180PE.NFO,07/01/2020,14:47:59,4.75,4.35,600,11.9,300,0,1200
INDIGO30Jan201180PE.NFO,07/01/2020,14:48:41,4.75,4.3,600,11.85,300,0,1200
INDIGO30Jan201180PE.NFO,07/01/2020,14:48:46,4.75,4.4,600,11.85,300,0,1200
INDIGO30Jan201180PE.NFO,07/01/2020,14:49:56,4.75,4.25,600,11.8,300,0,1200
INDIGO30Jan201180PE.NFO,07/01/2020,14:50:39,4.75,4.3,600,11.8,300,0,1200
INDIGO30Jan201180PE.NFO,07/01/2020,14:51:35,4.75,4.35,600,11.8,300,0,1200
INDIGO30Jan201180PE.NFO,07/01/2020,14:52:06,4.75,4.4,600,11.8,300,0,1200
INDIGO30Jan201180PE.NFO,07/01/2020,14:52:25,4.75,4.35,600,11.8,300,0,1200
INDIGO30Jan201180PE.NFO,07/01/2020,14:52:34,4.75,4.4,600,11.8,300,0,1200
INDIGO30Jan201180PE.NFO,07/01/2020,14:52:37,4.75,4.55,600,11.8,300,0,1200
INDIGO30Jan201180PE.NFO,07/01/2020,14:52:43,4.75,4.45,600,11.8,300,0,1200
INDIGO30Jan201180PE.NFO,07/01/2020,14:52:47,4.75,4.5,600,11.8,300,0,1200
INDIGO30Jan201180PE.NFO,07/01/2020,14:52:53,4.75,4.55,600,11.8,300,0,1200
INDIGO30Jan201180PE.NFO,07/01/2020,14:53:42,4.75,4.5,600,11.8,300,0,1200
INDIGO30Jan201180PE.NFO,07/01/2020,14:53:49,4.75,4.55,600,11.8,300,0,1200
INDIGO30Jan201180PE.NFO,07/01/2020,14:53:56,4.75,4.5,600,11.8,300,0,1200
INDIGO30Jan201180PE.NFO,07/01/2020,14:54:03,4.75,4.45,600,11.75,300,0,1200
INDIGO30Jan201180PE.NFO,07/01/2020,14:54:09,4.75,4.5,600,11.75,300,0,1200
INDIGO30Jan201180PE.NFO,07/01/2020,14:54:14,4.75,4.55,600,11.75,300,0,1200
INDIGO30Jan201180PE.NFO,07/01/2020,14:54:26,4.75,4.5,600,11.75,300,0,1200
INDIGO30Jan201180PE.NFO,07/01/2020,14:54:33,4.75,4.55,600,11.75,300,0,1200
INDIGO30Jan201180PE.NFO,07/01/2020,14:54:52,4.75,4.45,600,11.75,300,0,1200
INDIGO30Jan201180PE.NFO,07/01/2020,14:54:57,4.75,4.5,600,11.75,300,0,1200
INDIGO30Jan201180PE.NFO,07/01/2020,14:55:02,4.75,4.55,600,11.75,300,0,1200
INDIGO30Jan201180PE.NFO,07/01/2020,14:55:08,4.75,4.6,600,11.75,300,0,1200
INDIGO30Jan201180PE.NFO,07/01/2020,14:55:28,4.75,4.75,600,14.6,300,0,1200
INDIGO30Jan201180PE.NFO,07/01/2020,14:55:32,4.75,4.65,600,14.6,300,0,1200
INDIGO30Jan201180PE.NFO,07/01/2020,14:55:37,4.75,4.7,600,14.6,300,0,1200
INDIGO30Jan201180PE.NFO,07/01/2020,14:56:09,4.75,4.75,600,14.6,300,0,1200
INDIGO30Jan201180PE.NFO,07/01/2020,14:56:36,4.75,4.8,600,14.6,300,0,1200
INDIGO30Jan201180PE.NFO,07/01/2020,14:56:46,4.75,4.7,600,14.6,300,0,1200
INDIGO30Jan201180PE.NFO,07/01/2020,14:57:04,4.75,4.65,1200,14.6,300,0,1200
INDIGO30Jan201180PE.NFO,07/01/2020,14:57:09,4.75,4.7,600,14.6,300,0,1200
INDIGO30Jan201180PE.NFO,07/01/2020,14:57:42,4.75,4.8,600,14.6,300,0,1200
INDIGO30Jan201180PE.NFO,07/01/2020,14:57:46,4.75,4.85,600,14.6,300,0,1200
INDIGO30Jan201180PE.NFO,07/01/2020,14:57:50,4.75,4.75,600,14.6,300,0,1200
INDIGO30Jan201180PE.NFO,07/01/2020,14:57:59,4.75,4.8,600,14.6,300,0,1200
INDIGO30Jan201180PE.NFO,07/01/2020,14:58:04,4.75,4.85,600,14.6,300,0,1200
INDIGO30Jan201180PE.NFO,07/01/2020,14:58:10,4.75,4.9,600,14.6,300,0,1200
INDIGO30Jan201180PE.NFO,07/01/2020,14:58:15,4.75,4.85,600,14.6,300,0,1200
INDIGO30Jan201180PE.NFO,07/01/2020,14:58:19,4.75,4.8,600,14.6,300,0,1200
INDIGO30Jan201180PE.NFO,07/01/2020,14:58:38,4.75,4.9,600,14.6,300,0,1200
INDIGO30Jan201180PE.NFO,07/01/2020,14:58:42,4.75,4.95,600,14.6,300,0,1200
INDIGO30Jan201180PE.NFO,07/01/2020,14:58:50,4.75,4.85,600,14.6,300,0,1200
INDIGO30Jan201180PE.NFO,07/01/2020,14:58:55,4.75,4.9,600,14.6,300,0,1200
INDIGO30Jan201180PE.NFO,07/01/2020,14:59:00,4.75,4.95,600,14.6,300,0,1200
INDIGO30Jan201180PE.NFO,07/01/2020,14:59:14,4.75,4.9,600,14.6,300,0,1200
INDIGO30Jan201180PE.NFO,07/01/2020,14:59:28,4.75,4.95,600,14.6,300,0,1200
INDIGO30Jan201180PE.NFO,07/01/2020,14:59:38,4.75,4.9,600,14.6,300,0,1200
INDIGO30Jan201180PE.NFO,07/01/2020,14:59:43,4.75,4.85,600,14.6,300,0,1200
INDIGO30Jan201180PE.NFO,07/01/2020,14:59:47,4.75,4.9,600,14.6,300,0,1200
INDIGO30Jan201180PE.NFO,07/01/2020,14:59:51,4.75,4.85,600,14.6,300,0,1200
INDIGO30Jan201180PE.NFO,07/01/2020,14:59:55,4.75,4.9,600,14.6,300,0,1200
INDIGO30Jan201180PE.NFO,07/01/2020,15:00:11,4.75,4.85,600,14.6,300,0,1200
INDIGO30Jan201180PE.NFO,07/01/2020,15:00:40,4.75,4.8,600,14.6,300,0,1200
INDIGO30Jan201180PE.NFO,07/01/2020,15:00:46,4.75,4.75,600,14.6,300,0,1200
INDIGO30Jan201180PE.NFO,07/01/2020,15:01:09,4.75,4.6,600,14.6,300,0,1200
INDIGO30Jan201180PE.NFO,07/01/2020,15:01:14,4.75,4.55,600,14.6,300,0,1200
INDIGO30Jan201180PE.NFO,07/01/2020,15:01:19,4.75,4.5,600,14.6,300,0,1200
INDIGO30Jan201180PE.NFO,07/01/2020,15:01:24,4.75,4.45,600,14.6,300,0,1200
INDIGO30Jan201180PE.NFO,07/01/2020,15:01:29,4.75,4.5,600,14.6,300,0,1200
INDIGO30Jan201180PE.NFO,07/01/2020,15:01:34,4.75,4.55,600,14.6,300,0,1200
INDIGO30Jan201180PE.NFO,07/01/2020,15:01:44,4.75,4.7,600,14.6,300,0,1200
INDIGO30Jan201180PE.NFO,07/01/2020,15:01:59,4.75,4.65,600,14.6,300,0,1200
INDIGO30Jan201180PE.NFO,07/01/2020,15:02:03,4.75,4.7,600,14.6,300,0,1200
INDIGO30Jan201180PE.NFO,07/01/2020,15:02:32,4.75,4.6,600,14.6,300,0,1200
INDIGO30Jan201180PE.NFO,07/01/2020,15:02:37,4.75,4.7,600,14.6,300,0,1200
INDIGO30Jan201180PE.NFO,07/01/2020,15:02:57,4.75,4.65,600,14.6,300,0,1200
INDIGO30Jan201180PE.NFO,07/01/2020,15:03:08,4.75,4.65,600,14.5,300,0,1200
INDIGO30Jan201180PE.NFO,07/01/2020,15:03:25,4.75,4.7,600,14.5,300,0,1200
INDIGO30Jan201180PE.NFO,07/01/2020,15:03:56,4.75,4.75,600,14.5,300,0,1200
INDIGO30Jan201180PE.NFO,07/01/2020,15:04:04,4.75,4.85,600,14.5,300,0,1200
INDIGO30Jan201180PE.NFO,07/01/2020,15:04:16,4.75,4.8,600,14.5,300,0,1200
INDIGO30Jan201180PE.NFO,07/01/2020,15:04:22,4.75,4.75,600,14.5,300,0,1200
INDIGO30Jan201180PE.NFO,07/01/2020,15:04:57,4.75,4.65,600,14.5,300,0,1200
INDIGO30Jan201180PE.NFO,07/01/2020,15:05:06,4.75,4.8,600,14.5,300,0,1200
INDIGO30Jan201180PE.NFO,07/01/2020,15:05:10,4.75,4.7,600,14.5,300,0,1200
INDIGO30Jan201180PE.NFO,07/01/2020,15:05:33,4.75,4.75,600,14.5,300,0,1200
INDIGO30Jan201180PE.NFO,07/01/2020,15:05:42,4.75,4.7,600,14.5,300,0,1200
INDIGO30Jan201180PE.NFO,07/01/2020,15:05:53,4.75,4.75,600,14.5,300,0,1200
INDIGO30Jan201180PE.NFO,07/01/2020,15:05:58,4.75,4.7,600,14.5,300,0,1200
INDIGO30Jan201180PE.NFO,07/01/2020,15:06:07,4.75,4.65,600,14.5,300,0,1200
INDIGO30Jan201180PE.NFO,07/01/2020,15:06:27,4.75,4.75,600,14.5,300,0,1200
INDIGO30Jan201180PE.NFO,07/01/2020,15:06:37,4.75,4.7,600,14.5,300,0,1200
INDIGO30Jan201180PE.NFO,07/01/2020,15:06:41,4.75,4.75,600,14.4,300,0,1200
INDIGO30Jan201180PE.NFO,07/01/2020,15:06:46,4.75,4,600,14.4,300,0,1200
INDIGO30Jan201180PE.NFO,07/01/2020,15:06:51,4.75,4.65,600,14.4,300,0,1200
INDIGO30Jan201180PE.NFO,07/01/2020,15:06:56,4.75,4.7,600,14.4,300,0,1200
INDIGO30Jan201180PE.NFO,07/01/2020,15:07:01,4.75,4.65,600,14.4,300,0,1200
INDIGO30Jan201180PE.NFO,07/01/2020,15:07:07,4.75,4.75,600,14.4,300,0,1200
INDIGO30Jan201180PE.NFO,07/01/2020,15:07:13,4.75,4.65,600,14.4,300,0,1200
INDIGO30Jan201180PE.NFO,07/01/2020,15:07:19,4.75,4.75,600,14.4,300,0,1200
INDIGO30Jan201180PE.NFO,07/01/2020,15:07:35,4.75,4.7,600,14.4,300,0,1200
INDIGO30Jan201180PE.NFO,07/01/2020,15:07:41,4.75,4.75,600,14.4,300,0,1200
INDIGO30Jan201180PE.NFO,07/01/2020,15:07:46,4.75,4.7,600,14.4,300,0,1200
INDIGO30Jan201180PE.NFO,07/01/2020,15:07:51,4.75,4.65,600,14.4,300,0,1200
INDIGO30Jan201180PE.NFO,07/01/2020,15:07:57,4.75,4.7,600,14.4,300,0,1200
INDIGO30Jan201180PE.NFO,07/01/2020,15:08:02,4.75,4.6,600,14.3,300,0,1200
INDIGO30Jan201180PE.NFO,07/01/2020,15:08:13,4.75,4.45,600,14.3,300,0,1200
INDIGO30Jan201180PE.NFO,07/01/2020,15:08:18,4.75,4.5,600,14.3,300,0,1200
INDIGO30Jan201180PE.NFO,07/01/2020,15:08:29,4.75,4.55,600,14.3,300,0,1200
INDIGO30Jan201180PE.NFO,07/01/2020,15:08:35,4.75,4.6,600,14.3,300,0,1200
INDIGO30Jan201180PE.NFO,07/01/2020,15:09:03,4.75,4.55,600,14.2,300,0,1200
INDIGO30Jan201180PE.NFO,07/01/2020,15:09:08,4.75,4.6,600,14.2,300,0,1200
INDIGO30Jan201180PE.NFO,07/01/2020,15:09:13,4.75,4.5,600,14.2,300,0,1200
INDIGO30Jan201180PE.NFO,07/01/2020,15:09:18,4.75,4.45,600,14.2,300,0,1200
INDIGO30Jan201180PE.NFO,07/01/2020,15:09:23,4.75,4.5,600,14.2,300,0,1200
INDIGO30Jan201180PE.NFO,07/01/2020,15:09:36,4.75,4.55,600,14.2,300,0,1200
INDIGO30Jan201180PE.NFO,07/01/2020,15:09:59,4.75,4.5,600,14.2,300,0,1200
INDIGO30Jan201180PE.NFO,07/01/2020,15:10:05,4.75,4.8,600,14.2,300,0,1200
INDIGO30Jan201180PE.NFO,07/01/2020,15:10:11,4.75,4.55,600,14.2,300,0,1200
INDIGO30Jan201180PE.NFO,07/01/2020,15:10:16,4.75,4.6,600,14.2,300,0,1200
INDIGO30Jan201180PE.NFO,07/01/2020,15:10:27,4.75,4.1,600,14.2,300,0,1200
INDIGO30Jan201180PE.NFO,07/01/2020,15:10:33,4.75,4.55,600,14.2,300,0,1200
INDIGO30Jan201180PE.NFO,07/01/2020,15:10:38,4.75,4.6,600,14.2,300,0,1200
INDIGO30Jan201180PE.NFO,07/01/2020,15:10:43,4.75,4.65,600,14.2,300,0,1200
INDIGO30Jan201180PE.NFO,07/01/2020,15:10:47,4.75,4.6,600,14.2,300,0,1200
INDIGO30Jan201180PE.NFO,07/01/2020,15:11:05,4.75,4.55,600,14.2,300,0,1200
INDIGO30Jan201180PE.NFO,07/01/2020,15:11:23,4.75,4.6,600,14.2,300,0,1200
INDIGO30Jan201180PE.NFO,07/01/2020,15:11:50,4.75,4.65,600,14.2,300,0,1200
INDIGO30Jan201180PE.NFO,07/01/2020,15:12:01,4.75,4.7,600,14.2,300,0,1200
INDIGO30Jan201180PE.NFO,07/01/2020,15:12:07,4.75,4.65,600,14.2,300,0,1200
INDIGO30Jan201180PE.NFO,07/01/2020,15:12:12,4.75,4.75,600,14.2,300,0,1200
INDIGO30Jan201180PE.NFO,07/01/2020,15:12:17,4.75,4.65,600,14.2,300,0,1200
INDIGO30Jan201180PE.NFO,07/01/2020,15:12:22,4.75,4.7,600,14.2,300,0,1200
INDIGO30Jan201180PE.NFO,07/01/2020,15:12:43,4.75,4.65,600,14.2,300,0,1200
INDIGO30Jan201180PE.NFO,07/01/2020,15:12:57,4.75,4.7,600,14.2,300,0,1200
INDIGO30Jan201180PE.NFO,07/01/2020,15:13:01,4.75,4.65,600,14.2,300,0,1200
INDIGO30Jan201180PE.NFO,07/01/2020,15:13:15,4.75,4.7,600,14.2,300,0,1200
INDIGO30Jan201180PE.NFO,07/01/2020,15:13:35,4.75,4.7,600,14.5,6900,0,1200
INDIGO30Jan201180PE.NFO,07/01/2020,15:13:45,4.75,4.65,600,14.5,6900,0,1200
INDIGO30Jan201180PE.NFO,07/01/2020,15:14:00,4.75,4.7,600,14.5,6900,0,1200
INDIGO30Jan201180PE.NFO,07/01/2020,15:14:23,4.75,4.65,600,14.5,6900,0,1200
INDIGO30Jan201180PE.NFO,07/01/2020,15:14:32,4.75,4.7,600,14.5,6900,0,1200
INDIGO30Jan201180PE.NFO,07/01/2020,15:14:57,4.75,4.65,600,14.5,6900,0,1200
INDIGO30Jan201180PE.NFO,07/01/2020,15:15:09,4.75,4.75,600,14.5,6900,0,1200
INDIGO30Jan201180PE.NFO,07/01/2020,15:15:22,4.75,4.45,600,14.5,6900,0,1200
INDIGO30Jan201180PE.NFO,07/01/2020,15:15:30,4.75,4.65,600,14.5,6900,0,1200
INDIGO30Jan201180PE.NFO,07/01/2020,15:15:38,4.75,4.7,600,14.5,6900,0,1200
INDIGO30Jan201180PE.NFO,07/01/2020,15:15:45,4.75,4.75,600,14.5,6900,0,1200
INDIGO30Jan201180PE.NFO,07/01/2020,15:15:59,4.75,4.7,600,14.5,6900,0,1200
INDIGO30Jan201180PE.NFO,07/01/2020,15:16:13,4.75,4.75,600,14.5,6900,0,1200
INDIGO30Jan201180PE.NFO,07/01/2020,15:16:20,4.75,4.7,600,14.5,6900,0,1200
INDIGO30Jan201180PE.NFO,07/01/2020,15:16:27,4.75,4.75,600,14.5,6900,0,1200
INDIGO30Jan201180PE.NFO,07/01/2020,15:16:41,4.75,4.7,600,14.5,6900,0,1200
INDIGO30Jan201180PE.NFO,07/01/2020,15:16:47,4.75,4.65,600,14.5,6900,0,1200
INDIGO30Jan201180PE.NFO,07/01/2020,15:16:54,4.75,4.7,600,14.5,6900,0,1200
INDIGO30Jan201180PE.NFO,07/01/2020,15:17:22,4.75,4.65,600,14.5,6900,0,1200
INDIGO30Jan201180PE.NFO,07/01/2020,15:17:29,4.75,4.75,600,14.5,6900,0,1200
INDIGO30Jan201180PE.NFO,07/01/2020,15:17:42,4.75,4.7,600,14.5,6900,0,1200
INDIGO30Jan201180PE.NFO,07/01/2020,15:18:01,4.75,4.8,600,14.5,6900,0,1200
INDIGO30Jan201180PE.NFO,07/01/2020,15:18:13,4.75,4.85,600,14.5,6900,0,1200
INDIGO30Jan201180PE.NFO,07/01/2020,15:18:19,4.75,4.8,600,14.5,6900,0,1200
INDIGO30Jan201180PE.NFO,07/01/2020,15:18:31,4.75,4.65,1200,14.5,6900,0,1200
INDIGO30Jan201180PE.NFO,07/01/2020,15:18:37,4.75,4.8,600,14.5,6900,0,1200
INDIGO30Jan201180PE.NFO,07/01/2020,15:18:50,4.75,4.75,600,14.5,6900,0,1200
INDIGO30Jan201180PE.NFO,07/01/2020,15:19:02,4.75,4.8,600,14.5,6900,0,1200
INDIGO30Jan201180PE.NFO,07/01/2020,15:19:15,4.75,4.7,600,14.5,6900,0,1200
INDIGO30Jan201180PE.NFO,07/01/2020,15:19:27,4.75,4.6,600,14.5,6900,0,1200
INDIGO30Jan201180PE.NFO,07/01/2020,15:19:46,4.75,4.65,600,14.5,6900,0,1200
INDIGO30Jan201180PE.NFO,07/01/2020,15:19:59,4.75,4.6,600,14.5,6900,0,1200
INDIGO30Jan201180PE.NFO,07/01/2020,15:20:07,4.75,4.7,600,14.5,6900,0,1200
INDIGO30Jan201180PE.NFO,07/01/2020,15:20:16,4.75,4.25,600,14.5,6900,0,1200
INDIGO30Jan201180PE.NFO,07/01/2020,15:20:25,4.75,4.5,600,14.5,6900,0,1200
INDIGO30Jan201180PE.NFO,07/01/2020,15:20:33,4.75,4.6,600,14.5,6900,0,1200
INDIGO30Jan201180PE.NFO,07/01/2020,15:21:02,4.75,4.55,600,14.5,6900,0,1200
INDIGO30Jan201180PE.NFO,07/01/2020,15:21:17,4.75,4.15,600,14.5,6900,0,1200
INDIGO30Jan201180PE.NFO,07/01/2020,15:21:25,4.75,4.45,600,14.5,6900,0,1200
INDIGO30Jan201180PE.NFO,07/01/2020,15:21:33,4.75,4.5,600,14.5,7500,0,1200
INDIGO30Jan201180PE.NFO,07/01/2020,15:21:40,4.75,3.8,1800,14.5,7500,0,1200
INDIGO30Jan201180PE.NFO,07/01/2020,15:21:51,4.75,4.5,600,14.45,300,0,1200
INDIGO30Jan201180PE.NFO,07/01/2020,15:21:56,4.75,4.45,600,14.4,6900,0,1200
INDIGO30Jan201180PE.NFO,07/01/2020,15:22:13,4.75,4.4,600,14.4,6900,0,1200
INDIGO30Jan201180PE.NFO,07/01/2020,15:22:26,4.75,4.45,600,14.4,6900,0,1200
INDIGO30Jan201180PE.NFO,07/01/2020,15:22:32,4.75,4.4,600,14.4,6900,0,1200
INDIGO30Jan201180PE.NFO,07/01/2020,15:22:38,4.75,4.45,600,14.4,6900,0,1200
INDIGO30Jan201180PE.NFO,07/01/2020,15:22:51,4.75,4.5,600,14.4,6900,0,1200
INDIGO30Jan201180PE.NFO,07/01/2020,15:22:57,4.75,4.45,600,14.4,6900,0,1200
INDIGO30Jan201180PE.NFO,07/01/2020,15:23:03,4.75,4.5,600,14.4,6900,0,1200
INDIGO30Jan201180PE.NFO,07/01/2020,15:23:43,4.75,4.4,600,14.4,6900,0,1200
INDIGO30Jan201180PE.NFO,07/01/2020,15:23:56,4.75,4.45,600,14.4,6900,0,1200
INDIGO30Jan201180PE.NFO,07/01/2020,15:24:27,4.75,4.5,600,14.4,6900,0,1200
INDIGO30Jan201180PE.NFO,07/01/2020,15:24:49,4.75,4.55,600,14.4,6900,0,1200
INDIGO30Jan201180PE.NFO,07/01/2020,15:25:00,4.75,4.6,600,14.4,6900,0,1200
INDIGO30Jan201180PE.NFO,07/01/2020,15:25:16,4.75,4.55,600,14.4,6900,0,1200
INDIGO30Jan201180PE.NFO,07/01/2020,15:25:32,4.75,4.6,600,14.4,6900,0,1200
INDIGO30Jan201180PE.NFO,07/01/2020,15:26:07,4.75,4.55,600,14.4,6900,0,1200
INDIGO30Jan201180PE.NFO,07/01/2020,15:26:24,4.75,4.6,600,14.4,6900,0,1200
INDIGO30Jan201180PE.NFO,07/01/2020,15:26:40,4.75,4.25,1200,14.4,6900,0,1200
INDIGO30Jan201180PE.NFO,07/01/2020,15:26:45,4.75,4.65,600,14.4,6900,0,1200
INDIGO30Jan201180PE.NFO,07/01/2020,15:27:33,4.75,4.7,600,14.4,6900,0,1200
INDIGO30Jan201180PE.NFO,07/01/2020,15:27:38,4.75,4.65,600,14.4,6900,0,1200
INDIGO30Jan201180PE.NFO,07/01/2020,15:27:57,4.75,4.7,600,14.4,6900,0,1200
INDIGO30Jan201180PE.NFO,07/01/2020,15:28:02,4.75,4.75,600,14.4,6900,0,1200
INDIGO30Jan201180PE.NFO,07/01/2020,15:28:08,4.75,4.7,600,14.4,6900,0,1200
INDIGO30Jan201180PE.NFO,07/01/2020,15:28:36,4.75,4.8,600,14.4,6900,0,1200
INDIGO30Jan201180PE.NFO,07/01/2020,15:28:42,4.75,4.8,600,14.45,300,0,1200
INDIGO30Jan201180PE.NFO,07/01/2020,15:28:53,4.75,4.9,600,14.45,300,0,1200
INDIGO30Jan201180PE.NFO,07/01/2020,15:28:59,4.75,4.7,1200,14.45,300,0,1200
INDIGO30Jan201180PE.NFO,07/01/2020,15:29:06,4.75,4.75,600,14.45,300,0,1200
INDIGO30Jan201180PE.NFO,07/01/2020,15:29:13,4.75,4.75,600,14.4,300,0,1200
INDIGO30Jan201180PE.NFO,07/01/2020,15:29:26,4.75,4.65,600,14.4,300,0,1200
INDIGO30Jan201180PE.NFO,07/01/2020,15:29:33,4.75,4.7,600,14.4,300,0,1200
INDIGO30Jan201180PE.NFO,07/01/2020,15:29:40,4.75,3.85,600,14.4,300,0,1200
INDIGO30Jan201180PE.NFO,07/01/2020,15:29:47,4.75,3.6,600,14.4,300,0,1200
INDIGO30Jan201180PE.NFO,07/01/2020,15:29:54,4.75,4.45,600,14.3,300,0,1200
