Ticker,Date,Time,LTP,BuyPrice,BuyQty,SellPrice,SellQty,LTQ,OpenInterest
INDUSINDBK27Feb201380PE.NFO,07/01/2020,12:30:19,46,39.55,4000,51,3200,400,0
INDUSINDBK27Feb201380PE.NFO,07/01/2020,12:30:19,46,39.55,4000,51,3200,0,0
INDUSINDBK27Feb201380PE.NFO,07/01/2020,12:30:19,46,39.55,4000,51,3200,0,0
INDUSINDBK27Feb201380PE.NFO,07/01/2020,12:30:19,46,39.55,4000,51,3200,0,0
INDUSINDBK27Feb201380PE.NFO,07/01/2020,12:30:24,46,39.55,4000,51,3200,0,0
INDUSINDBK27Feb201380PE.NFO,07/01/2020,12:30:29,46,39.55,4000,51,4000,0,0
INDUSINDBK27Feb201380PE.NFO,07/01/2020,12:30:34,46,39.55,4000,51,3200,0,0
INDUSINDBK27Feb201380PE.NFO,07/01/2020,12:31:31,46,39.55,2400,51,4000,0,0
INDUSINDBK27Feb201380PE.NFO,07/01/2020,12:31:35,46,39.55,3200,51,4000,0,0
INDUSINDBK27Feb201380PE.NFO,07/01/2020,12:32:13,46,39.55,4000,51,4000,0,0
INDUSINDBK27Feb201380PE.NFO,07/01/2020,12:32:16,46,39.55,3200,51,4000,0,0
INDUSINDBK27Feb201380PE.NFO,07/01/2020,12:32:19,46,39.55,4000,51,4000,0,0
INDUSINDBK27Feb201380PE.NFO,07/01/2020,12:32:23,46,39.55,3200,51,4000,0,0
INDUSINDBK27Feb201380PE.NFO,07/01/2020,12:33:12,46,39.55,3200,51,3200,0,0
INDUSINDBK27Feb201380PE.NFO,07/01/2020,12:33:16,46,39.55,4000,51,4000,0,0
INDUSINDBK27Feb201380PE.NFO,07/01/2020,12:33:20,46,39.55,3200,51,4000,0,0
INDUSINDBK27Feb201380PE.NFO,07/01/2020,12:33:23,46,39.55,4000,51,4000,0,0
INDUSINDBK27Feb201380PE.NFO,07/01/2020,12:33:30,46,39.55,3200,51,4000,0,0
INDUSINDBK27Feb201380PE.NFO,07/01/2020,12:33:33,46,39.55,3200,51,3200,0,0
INDUSINDBK27Feb201380PE.NFO,07/01/2020,12:33:46,46,39.55,3200,51,4000,0,0
INDUSINDBK27Feb201380PE.NFO,07/01/2020,12:33:49,46,39.55,2400,51,4000,0,0
INDUSINDBK27Feb201380PE.NFO,07/01/2020,12:34:03,46,39.55,3200,51,4000,0,0
INDUSINDBK27Feb201380PE.NFO,07/01/2020,12:34:08,46,39.55,3200,51,4800,0,0
INDUSINDBK27Feb201380PE.NFO,07/01/2020,12:34:11,46,39.55,3200,51,4000,0,0
INDUSINDBK27Feb201380PE.NFO,07/01/2020,12:34:14,46,39.55,3200,51,4800,0,0
INDUSINDBK27Feb201380PE.NFO,07/01/2020,12:34:17,46,39.55,3200,51,4000,0,0
INDUSINDBK27Feb201380PE.NFO,07/01/2020,12:34:27,46,39.55,2400,51,4000,0,0
INDUSINDBK27Feb201380PE.NFO,07/01/2020,12:34:32,46,39.55,2400,51,4800,0,0
INDUSINDBK27Feb201380PE.NFO,07/01/2020,12:38:03,46,39.55,2400,51,5600,0,0
INDUSINDBK27Feb201380PE.NFO,07/01/2020,12:38:08,46,39.55,1600,51,5600,0,0
INDUSINDBK27Feb201380PE.NFO,07/01/2020,12:38:12,46,39.55,2400,51,5600,0,0
INDUSINDBK27Feb201380PE.NFO,07/01/2020,12:38:16,46,39.55,2400,51,4800,0,0
INDUSINDBK27Feb201380PE.NFO,07/01/2020,12:38:28,46,39.55,2400,51,5600,0,0
INDUSINDBK27Feb201380PE.NFO,07/01/2020,12:38:39,46,39.55,1600,51,5600,0,0
INDUSINDBK27Feb201380PE.NFO,07/01/2020,12:39:06,46,39.55,1600,51,4800,0,0
INDUSINDBK27Feb201380PE.NFO,07/01/2020,12:39:08,46,39.55,1600,51,5600,0,0
INDUSINDBK27Feb201380PE.NFO,07/01/2020,12:39:15,46,39.55,2400,51,5600,0,0
INDUSINDBK27Feb201380PE.NFO,07/01/2020,12:39:18,46,39.55,1600,51,5600,0,0
INDUSINDBK27Feb201380PE.NFO,07/01/2020,12:39:29,46,39.55,1600,51,4800,0,0
INDUSINDBK27Feb201380PE.NFO,07/01/2020,12:39:33,46,39.55,2400,51,5600,0,0
INDUSINDBK27Feb201380PE.NFO,07/01/2020,12:39:53,46,39.55,2400,51,4800,0,0
INDUSINDBK27Feb201380PE.NFO,07/01/2020,12:40:05,46,39.55,1600,51,4800,0,0
INDUSINDBK27Feb201380PE.NFO,07/01/2020,12:40:12,46,39.55,1600,51,5600,0,0
INDUSINDBK27Feb201380PE.NFO,07/01/2020,12:42:35,46,39.55,2400,51,5600,0,0
INDUSINDBK27Feb201380PE.NFO,07/01/2020,12:42:38,46,39.55,1600,51,5600,0,0
INDUSINDBK27Feb201380PE.NFO,07/01/2020,12:42:43,46,39.55,2400,51,5600,0,0
INDUSINDBK27Feb201380PE.NFO,07/01/2020,12:42:55,46,39.55,1600,51,5600,0,0
INDUSINDBK27Feb201380PE.NFO,07/01/2020,12:48:12,46,39.55,800,51,5600,0,0
INDUSINDBK27Feb201380PE.NFO,07/01/2020,12:48:19,46,39.55,1600,51,5600,0,0
INDUSINDBK27Feb201380PE.NFO,07/01/2020,13:00:36,46,39.55,2400,51,4000,0,0
INDUSINDBK27Feb201380PE.NFO,07/01/2020,13:00:42,46,39.55,2400,51,4800,0,0
INDUSINDBK27Feb201380PE.NFO,07/01/2020,13:00:58,46,39.55,3200,51,4800,0,0
INDUSINDBK27Feb201380PE.NFO,07/01/2020,13:01:03,46,39.55,4800,51,2400,0,0
INDUSINDBK27Feb201380PE.NFO,07/01/2020,13:01:24,46,39.55,4800,51,4000,0,0
INDUSINDBK27Feb201380PE.NFO,07/01/2020,13:01:31,46,39.55,2400,51,2400,0,0
INDUSINDBK27Feb201380PE.NFO,07/01/2020,13:01:38,46,39.55,4800,51,2400,0,0
INDUSINDBK27Feb201380PE.NFO,07/01/2020,13:01:54,46,39.55,2400,51,2400,0,0
INDUSINDBK27Feb201380PE.NFO,07/01/2020,13:02:01,46,39.55,2400,51,4800,0,0
INDUSINDBK27Feb201380PE.NFO,07/01/2020,13:02:12,46,39.55,3200,51,4800,0,0
INDUSINDBK27Feb201380PE.NFO,07/01/2020,13:02:18,46,39.55,2400,51,4800,0,0
INDUSINDBK27Feb201380PE.NFO,07/01/2020,13:02:23,46,39.55,3200,51,4800,0,0
INDUSINDBK27Feb201380PE.NFO,07/01/2020,13:02:29,46,39.55,3200,51,4000,0,0
INDUSINDBK27Feb201380PE.NFO,07/01/2020,13:02:40,46,39.55,2400,51,4000,0,0
INDUSINDBK27Feb201380PE.NFO,07/01/2020,13:02:49,46,39.55,2400,51,4800,0,0
INDUSINDBK27Feb201380PE.NFO,07/01/2020,13:02:58,46,39.55,2400,51,4000,0,0
INDUSINDBK27Feb201380PE.NFO,07/01/2020,13:03:02,46,39.55,2400,51,4800,0,0
INDUSINDBK27Feb201380PE.NFO,07/01/2020,13:03:07,46,39.55,2400,51,4000,0,0
INDUSINDBK27Feb201380PE.NFO,07/01/2020,13:03:11,46,39.55,3200,51,4000,0,0
INDUSINDBK27Feb201380PE.NFO,07/01/2020,13:03:29,46,39.55,3200,51,4800,0,0
INDUSINDBK27Feb201380PE.NFO,07/01/2020,13:03:38,46,39.55,3200,51,4000,0,0
INDUSINDBK27Feb201380PE.NFO,07/01/2020,13:03:41,46,39.55,3200,51,4800,0,0
INDUSINDBK27Feb201380PE.NFO,07/01/2020,13:03:50,46,39.55,2400,51,4800,0,0
INDUSINDBK27Feb201380PE.NFO,07/01/2020,13:04:05,46,39.55,2400,51,5600,0,0
INDUSINDBK27Feb201380PE.NFO,07/01/2020,13:04:10,46,39.55,1600,51,5600,0,0
INDUSINDBK27Feb201380PE.NFO,07/01/2020,13:04:14,46,39.55,2400,51,5600,0,0
INDUSINDBK27Feb201380PE.NFO,07/01/2020,13:04:18,46,39.55,1600,51,5600,0,0
INDUSINDBK27Feb201380PE.NFO,07/01/2020,13:04:26,46,39.55,2400,51,5600,0,0
INDUSINDBK27Feb201380PE.NFO,07/01/2020,13:04:30,46,39.55,1600,51,5600,0,0
INDUSINDBK27Feb201380PE.NFO,07/01/2020,13:04:38,46,39.55,2400,51,5600,0,0
INDUSINDBK27Feb201380PE.NFO,07/01/2020,13:04:42,46,39.55,2400,51,4800,0,0
INDUSINDBK27Feb201380PE.NFO,07/01/2020,13:04:56,46,39.55,4800,51,4000,0,0
INDUSINDBK27Feb201380PE.NFO,07/01/2020,13:05:10,46,39.55,4800,51,2400,0,0
INDUSINDBK27Feb201380PE.NFO,07/01/2020,13:05:17,46,39.55,4000,51,2400,0,0
INDUSINDBK27Feb201380PE.NFO,07/01/2020,13:05:23,46,39.55,4800,51,2400,0,0
INDUSINDBK27Feb201380PE.NFO,07/01/2020,13:05:29,46,39.55,3200,51,4800,0,0
INDUSINDBK27Feb201380PE.NFO,07/01/2020,13:05:34,46,39.55,3200,51,4000,0,0
INDUSINDBK27Feb201380PE.NFO,07/01/2020,13:05:40,46,39.55,2400,51,4000,0,0
INDUSINDBK27Feb201380PE.NFO,07/01/2020,13:05:46,46,39.55,2400,51,4800,0,0
INDUSINDBK27Feb201380PE.NFO,07/01/2020,13:05:51,46,39.55,2400,51,4000,0,0
INDUSINDBK27Feb201380PE.NFO,07/01/2020,13:05:57,46,39.55,3200,51,4800,0,0
INDUSINDBK27Feb201380PE.NFO,07/01/2020,13:06:15,46,39.55,3200,51,4000,0,0
INDUSINDBK27Feb201380PE.NFO,07/01/2020,13:06:21,46,39.55,2400,51,4000,0,0
INDUSINDBK27Feb201380PE.NFO,07/01/2020,13:06:26,46,39.55,3200,51,4000,0,0
INDUSINDBK27Feb201380PE.NFO,07/01/2020,13:06:31,46,39.55,3200,51,3200,0,0
INDUSINDBK27Feb201380PE.NFO,07/01/2020,13:06:36,46,39.55,3200,51,4000,0,0
INDUSINDBK27Feb201380PE.NFO,07/01/2020,13:06:50,46,39.55,2400,51,4000,0,0
INDUSINDBK27Feb201380PE.NFO,07/01/2020,13:06:55,46,39.55,3200,51,4000,0,0
INDUSINDBK27Feb201380PE.NFO,07/01/2020,13:07:05,46,39.55,2400,51,4000,0,0
INDUSINDBK27Feb201380PE.NFO,07/01/2020,13:07:11,46,39.55,2400,51,4800,0,0
INDUSINDBK27Feb201380PE.NFO,07/01/2020,13:07:16,46,39.55,3200,51,4800,0,0
INDUSINDBK27Feb201380PE.NFO,07/01/2020,13:07:21,46,39.55,2400,51,4800,0,0
INDUSINDBK27Feb201380PE.NFO,07/01/2020,13:07:52,46,39.55,3200,51,4800,0,0
INDUSINDBK27Feb201380PE.NFO,07/01/2020,13:07:57,46,39.55,2400,51,4000,0,0
INDUSINDBK27Feb201380PE.NFO,07/01/2020,13:08:04,46,39.55,3200,51,4800,0,0
INDUSINDBK27Feb201380PE.NFO,07/01/2020,13:08:10,46,39.55,3200,51,4000,0,0
INDUSINDBK27Feb201380PE.NFO,07/01/2020,13:08:16,46,39.55,2400,51,2400,0,0
INDUSINDBK27Feb201380PE.NFO,07/01/2020,13:08:22,46,39.55,4800,51,4000,0,0
INDUSINDBK27Feb201380PE.NFO,07/01/2020,13:08:31,46,39.55,4000,51,4000,0,0
INDUSINDBK27Feb201380PE.NFO,07/01/2020,13:08:40,46,39.55,3200,51,2400,0,0
INDUSINDBK27Feb201380PE.NFO,07/01/2020,13:08:48,46,39.55,4800,51,2400,0,0
INDUSINDBK27Feb201380PE.NFO,07/01/2020,13:10:03,46,39.55,4800,51,3200,0,0
INDUSINDBK27Feb201380PE.NFO,07/01/2020,13:10:40,46,39.55,4800,51,2400,0,0
INDUSINDBK27Feb201380PE.NFO,07/01/2020,13:12:05,46,39.55,4000,51,2400,0,0
INDUSINDBK27Feb201380PE.NFO,07/01/2020,13:12:11,46,39.55,4000,51,3200,0,0
INDUSINDBK27Feb201380PE.NFO,07/01/2020,13:12:17,46,39.55,3200,51,2400,0,0
INDUSINDBK27Feb201380PE.NFO,07/01/2020,13:12:22,46,39.55,3200,51,3200,0,0
INDUSINDBK27Feb201380PE.NFO,07/01/2020,13:12:42,46,39.55,3200,51,4000,0,0
INDUSINDBK27Feb201380PE.NFO,07/01/2020,13:12:46,46,39.55,3200,51,4800,0,0
INDUSINDBK27Feb201380PE.NFO,07/01/2020,13:12:50,46,39.55,2400,51,4800,0,0
INDUSINDBK27Feb201380PE.NFO,07/01/2020,13:12:57,46,39.55,2400,51,4000,0,0
INDUSINDBK27Feb201380PE.NFO,07/01/2020,13:13:01,46,39.55,3200,51,4800,0,0
INDUSINDBK27Feb201380PE.NFO,07/01/2020,13:13:05,46,39.55,3200,51,4000,0,0
INDUSINDBK27Feb201380PE.NFO,07/01/2020,13:13:09,46,39.55,3200,51,4800,0,0
INDUSINDBK27Feb201380PE.NFO,07/01/2020,13:13:21,46,39.55,2400,51,4000,0,0
INDUSINDBK27Feb201380PE.NFO,07/01/2020,13:13:26,46,39.55,3200,51,4800,0,0
INDUSINDBK27Feb201380PE.NFO,07/01/2020,13:13:35,46,39.55,3200,51,4000,0,0
INDUSINDBK27Feb201380PE.NFO,07/01/2020,13:13:44,46,39.55,2400,51,4000,0,0
INDUSINDBK27Feb201380PE.NFO,07/01/2020,13:13:52,46,39.55,4000,51,3200,0,0
INDUSINDBK27Feb201380PE.NFO,07/01/2020,13:14:14,46,39.55,4000,51,4000,0,0
INDUSINDBK27Feb201380PE.NFO,07/01/2020,13:14:21,46,39.55,4000,51,3200,0,0
INDUSINDBK27Feb201380PE.NFO,07/01/2020,13:14:31,46,39.55,2400,51,3200,0,0
INDUSINDBK27Feb201380PE.NFO,07/01/2020,13:14:36,46,39.55,4000,51,3200,0,0
INDUSINDBK27Feb201380PE.NFO,07/01/2020,13:14:40,46,39.55,4000,51,4000,0,0
INDUSINDBK27Feb201380PE.NFO,07/01/2020,13:14:48,46,39.55,3200,51,4000,0,0
INDUSINDBK27Feb201380PE.NFO,07/01/2020,13:15:05,46,39.55,4000,51,2400,0,0
INDUSINDBK27Feb201380PE.NFO,07/01/2020,13:15:14,46,39.55,4800,51,2400,0,0
INDUSINDBK27Feb201380PE.NFO,07/01/2020,13:17:26,46,42.25,4000,53.7,3200,0,0
INDUSINDBK27Feb201380PE.NFO,07/01/2020,13:19:36,46,42.25,4800,53.7,3200,0,0
INDUSINDBK27Feb201380PE.NFO,07/01/2020,13:19:41,46,42.25,4000,53.7,2400,0,0
INDUSINDBK27Feb201380PE.NFO,07/01/2020,13:19:46,46,42.25,4800,53.7,3200,0,0
INDUSINDBK27Feb201380PE.NFO,07/01/2020,13:19:50,46,42.25,4000,53.7,2400,0,0
INDUSINDBK27Feb201380PE.NFO,07/01/2020,13:19:54,46,42.25,4000,53.7,3200,0,0
INDUSINDBK27Feb201380PE.NFO,07/01/2020,13:24:47,46,42.25,3200,53.7,2400,0,0
INDUSINDBK27Feb201380PE.NFO,07/01/2020,13:25:00,46,42.25,3200,53.7,4000,0,0
INDUSINDBK27Feb201380PE.NFO,07/01/2020,13:25:24,46,42.25,3200,53.7,3200,0,0
INDUSINDBK27Feb201380PE.NFO,07/01/2020,13:25:30,46,42.25,3200,53.7,4000,0,0
INDUSINDBK27Feb201380PE.NFO,07/01/2020,13:25:42,46,42.25,3200,53.7,2400,0,0
INDUSINDBK27Feb201380PE.NFO,07/01/2020,13:25:46,46,42.25,4000,53.7,2400,0,0
INDUSINDBK27Feb201380PE.NFO,07/01/2020,13:25:51,46,42.25,4800,53.7,2400,0,0
INDUSINDBK27Feb201380PE.NFO,07/01/2020,13:26:12,46,42.25,4000,53.7,2400,0,0
INDUSINDBK27Feb201380PE.NFO,07/01/2020,13:26:18,46,42.25,4000,53.7,3200,0,0
INDUSINDBK27Feb201380PE.NFO,07/01/2020,13:26:24,46,42.25,3200,53.7,3200,0,0
INDUSINDBK27Feb201380PE.NFO,07/01/2020,13:26:30,46,42.25,3200,53.7,4000,0,0
INDUSINDBK27Feb201380PE.NFO,07/01/2020,13:26:36,46,42.25,3200,53.7,3200,0,0
INDUSINDBK27Feb201380PE.NFO,07/01/2020,13:26:47,46,42.25,3200,53.7,4000,0,0
INDUSINDBK27Feb201380PE.NFO,07/01/2020,13:26:58,46,42.25,2400,53.7,4000,0,0
INDUSINDBK27Feb201380PE.NFO,07/01/2020,13:27:04,46,42.25,3200,53.7,4000,0,0
INDUSINDBK27Feb201380PE.NFO,07/01/2020,13:27:31,46,42.25,3200,53.7,3200,0,0
INDUSINDBK27Feb201380PE.NFO,07/01/2020,13:27:37,46,42.25,4800,53.7,3200,0,0
INDUSINDBK27Feb201380PE.NFO,07/01/2020,13:27:43,46,42.25,4800,53.7,2400,0,0
INDUSINDBK27Feb201380PE.NFO,07/01/2020,13:30:38,46,42.25,4800,53.7,1600,0,0
INDUSINDBK27Feb201380PE.NFO,07/01/2020,13:31:02,46,42.25,4800,53.7,800,0,0
INDUSINDBK27Feb201380PE.NFO,07/01/2020,13:31:09,46,42.25,4800,53.7,1600,0,0
INDUSINDBK27Feb201380PE.NFO,07/01/2020,13:31:50,46,42.25,4800,53.7,2400,0,0
INDUSINDBK27Feb201380PE.NFO,07/01/2020,13:32:05,46,42.25,4800,53.7,1600,0,0
INDUSINDBK27Feb201380PE.NFO,07/01/2020,13:32:11,46,42.25,4800,53.7,2400,0,0
INDUSINDBK27Feb201380PE.NFO,07/01/2020,13:32:45,46,42.25,4800,53.7,1600,0,0
INDUSINDBK27Feb201380PE.NFO,07/01/2020,13:32:51,46,42.25,4800,53.7,800,0,0
INDUSINDBK27Feb201380PE.NFO,07/01/2020,13:32:56,46,42.25,4800,53.7,1600,0,0
INDUSINDBK27Feb201380PE.NFO,07/01/2020,13:33:06,46,42.25,4800,53.7,800,0,0
INDUSINDBK27Feb201380PE.NFO,07/01/2020,13:33:11,46,42.25,4800,53.7,1600,0,0
INDUSINDBK27Feb201380PE.NFO,07/01/2020,13:33:15,46,42.25,4800,53.7,800,0,0
INDUSINDBK27Feb201380PE.NFO,07/01/2020,13:33:19,46,42.25,5600,53.7,800,0,0
INDUSINDBK27Feb201380PE.NFO,07/01/2020,13:33:56,46,42.25,4800,53.7,800,0,0
INDUSINDBK27Feb201380PE.NFO,07/01/2020,13:34:05,46,42.25,5600,53.7,800,0,0
INDUSINDBK27Feb201380PE.NFO,07/01/2020,13:34:19,46,42.25,4800,53.7,800,0,0
INDUSINDBK27Feb201380PE.NFO,07/01/2020,13:34:24,46,42.25,5600,53.7,800,0,0
INDUSINDBK27Feb201380PE.NFO,07/01/2020,13:34:49,46,42.25,4800,53.7,800,0,0
INDUSINDBK27Feb201380PE.NFO,07/01/2020,13:35:07,46,42.25,5600,53.7,800,0,0
INDUSINDBK27Feb201380PE.NFO,07/01/2020,13:35:28,46,42.25,4800,52,400,0,0
INDUSINDBK27Feb201380PE.NFO,07/01/2020,13:35:49,46,44.75,3200,52,400,0,0
INDUSINDBK27Feb201380PE.NFO,07/01/2020,13:36:12,46,44.75,2400,52,400,0,0
INDUSINDBK27Feb201380PE.NFO,07/01/2020,13:36:26,46,44.75,3200,52,400,0,0
INDUSINDBK27Feb201380PE.NFO,07/01/2020,13:36:34,46,44.75,2400,52,400,0,0
INDUSINDBK27Feb201380PE.NFO,07/01/2020,13:37:59,46,44.75,1600,52,400,0,0
INDUSINDBK27Feb201380PE.NFO,07/01/2020,13:38:04,46,44.75,2400,52,400,0,0
INDUSINDBK27Feb201380PE.NFO,07/01/2020,13:38:10,46,44.75,1600,52,400,0,0
INDUSINDBK27Feb201380PE.NFO,07/01/2020,13:38:23,46,44.75,2400,52,400,0,0
INDUSINDBK27Feb201380PE.NFO,07/01/2020,13:38:29,46,44.75,3200,52,400,0,0
INDUSINDBK27Feb201380PE.NFO,07/01/2020,13:38:38,46,44.75,4000,52,400,0,0
INDUSINDBK27Feb201380PE.NFO,07/01/2020,13:38:51,46,44.75,4800,52,400,0,0
INDUSINDBK27Feb201380PE.NFO,07/01/2020,13:38:56,46,44.75,3200,52,400,0,0
INDUSINDBK27Feb201380PE.NFO,07/01/2020,13:39:06,46,44.75,2400,52,400,0,0
INDUSINDBK27Feb201380PE.NFO,07/01/2020,13:39:18,46,44.75,2400,56.1,4000,0,0
INDUSINDBK27Feb201380PE.NFO,07/01/2020,13:39:39,46,44.75,3200,56.1,4000,0,0
INDUSINDBK27Feb201380PE.NFO,07/01/2020,13:40:00,46,44.75,3200,56.1,3200,0,0
INDUSINDBK27Feb201380PE.NFO,07/01/2020,13:40:17,46,44.75,3200,56.1,4000,0,0
INDUSINDBK27Feb201380PE.NFO,07/01/2020,13:40:41,46,44.75,2400,56.1,4000,0,0
INDUSINDBK27Feb201380PE.NFO,07/01/2020,13:40:50,46,44.75,2400,56.1,4800,0,0
INDUSINDBK27Feb201380PE.NFO,07/01/2020,13:40:59,46,44.75,2400,56.1,4000,0,0
INDUSINDBK27Feb201380PE.NFO,07/01/2020,13:41:07,46,44.75,2400,56.1,4800,0,0
INDUSINDBK27Feb201380PE.NFO,07/01/2020,13:41:12,46,44.75,1600,56.1,4800,0,0
INDUSINDBK27Feb201380PE.NFO,07/01/2020,13:41:16,46,44.75,2400,56.1,4800,0,0
INDUSINDBK27Feb201380PE.NFO,07/01/2020,13:41:59,46,44.75,1600,56.1,4800,0,0
INDUSINDBK27Feb201380PE.NFO,07/01/2020,13:42:09,46,44.75,1600,56.1,5600,0,0
INDUSINDBK27Feb201380PE.NFO,07/01/2020,13:46:35,46,44.75,800,56.1,5600,0,0
INDUSINDBK27Feb201380PE.NFO,07/01/2020,13:46:45,46,44.75,800,56.1,6400,0,0
INDUSINDBK27Feb201380PE.NFO,07/01/2020,13:47:00,46,42.25,2400,56.1,6400,0,0
INDUSINDBK27Feb201380PE.NFO,07/01/2020,13:48:01,46,42.25,3200,56.1,6400,0,0
INDUSINDBK27Feb201380PE.NFO,07/01/2020,13:48:05,46,42.25,2400,56.1,6400,0,0
INDUSINDBK27Feb201380PE.NFO,07/01/2020,13:48:53,46,42.25,1600,56.1,6400,0,0
INDUSINDBK27Feb201380PE.NFO,07/01/2020,13:48:59,46,42.25,800,56.1,6400,0,0
INDUSINDBK27Feb201380PE.NFO,07/01/2020,13:49:06,46,42.25,1600,56.1,6400,0,0
INDUSINDBK27Feb201380PE.NFO,07/01/2020,13:49:31,46,42.25,800,56.1,6400,0,0
INDUSINDBK27Feb201380PE.NFO,07/01/2020,13:49:37,46,42.25,1600,56.1,6400,0,0
INDUSINDBK27Feb201380PE.NFO,07/01/2020,13:50:14,46,42.25,800,56.1,6400,0,0
INDUSINDBK27Feb201380PE.NFO,07/01/2020,13:53:46,46,42.25,1600,56.1,6400,0,0
INDUSINDBK27Feb201380PE.NFO,07/01/2020,13:54:59,46,42.25,800,56.1,6400,0,0
INDUSINDBK27Feb201380PE.NFO,07/01/2020,13:55:22,46,38.95,4800,56.1,6400,0,0
INDUSINDBK27Feb201380PE.NFO,07/01/2020,14:05:48,46,38.95,5600,56.1,6400,0,0
INDUSINDBK27Feb201380PE.NFO,07/01/2020,14:05:53,46,38.95,4800,56.1,6400,0,0
INDUSINDBK27Feb201380PE.NFO,07/01/2020,14:06:29,46,38.95,5600,56.1,6400,0,0
INDUSINDBK27Feb201380PE.NFO,07/01/2020,14:06:34,46,41.45,4800,56.1,6400,0,0
INDUSINDBK27Feb201380PE.NFO,07/01/2020,14:06:49,46,41.45,4000,56.1,6400,0,0
INDUSINDBK27Feb201380PE.NFO,07/01/2020,14:07:22,46,41.45,3200,56.1,6400,0,0
INDUSINDBK27Feb201380PE.NFO,07/01/2020,14:07:29,46,41.45,4800,56.1,6400,0,0
INDUSINDBK27Feb201380PE.NFO,07/01/2020,14:08:33,46,41.45,4000,56.1,6400,0,0
INDUSINDBK27Feb201380PE.NFO,07/01/2020,14:08:37,46,41.45,4800,56.1,6400,0,0
INDUSINDBK27Feb201380PE.NFO,07/01/2020,14:08:47,46,41.45,4000,56.1,6400,0,0
INDUSINDBK27Feb201380PE.NFO,07/01/2020,14:09:07,46,41.45,4800,56.1,6400,0,0
INDUSINDBK27Feb201380PE.NFO,07/01/2020,14:09:15,46,41.45,4000,56.1,6400,0,0
INDUSINDBK27Feb201380PE.NFO,07/01/2020,14:09:23,46,41.45,4800,56.1,6400,0,0
INDUSINDBK27Feb201380PE.NFO,07/01/2020,14:09:42,46,41.45,4000,56.1,6400,0,0
INDUSINDBK27Feb201380PE.NFO,07/01/2020,14:09:49,46,41.45,3200,56.1,6400,0,0
INDUSINDBK27Feb201380PE.NFO,07/01/2020,14:09:56,46,41.45,1600,56.1,6400,0,0
INDUSINDBK27Feb201380PE.NFO,07/01/2020,14:10:11,46,41.45,2400,56.1,6400,0,0
INDUSINDBK27Feb201380PE.NFO,07/01/2020,14:10:17,46,41.45,1600,56.1,6400,0,0
INDUSINDBK27Feb201380PE.NFO,07/01/2020,14:10:32,46,41.45,2400,56.1,6400,0,0
INDUSINDBK27Feb201380PE.NFO,07/01/2020,14:10:37,46,41.45,1600,56.1,6400,0,0
INDUSINDBK27Feb201380PE.NFO,07/01/2020,14:11:06,46,41.45,2400,56.1,6400,0,0
INDUSINDBK27Feb201380PE.NFO,07/01/2020,14:11:14,46,41.45,1600,56.1,6400,0,0
INDUSINDBK27Feb201380PE.NFO,07/01/2020,14:11:53,46,41.45,2400,56.1,6400,0,0
INDUSINDBK27Feb201380PE.NFO,07/01/2020,14:11:57,46,41.45,1600,56.1,6400,0,0
INDUSINDBK27Feb201380PE.NFO,07/01/2020,14:13:44,46,41.45,800,56.1,6400,0,0
INDUSINDBK27Feb201380PE.NFO,07/01/2020,14:14:07,46,37.3,4800,56.1,6400,0,0
INDUSINDBK27Feb201380PE.NFO,07/01/2020,14:18:54,46,43.75,2000,46.25,2000,0,0
INDUSINDBK27Feb201380PE.NFO,07/01/2020,14:18:59,46,43.65,2000,46.55,2000,0,0
INDUSINDBK27Feb201380PE.NFO,07/01/2020,14:19:04,46,43.65,2000,46.65,2000,0,0
INDUSINDBK27Feb201380PE.NFO,07/01/2020,14:19:12,46,43.65,2000,46.75,2000,0,0
INDUSINDBK27Feb201380PE.NFO,07/01/2020,14:19:42,46,43.6,2000,46.75,2000,0,0
INDUSINDBK27Feb201380PE.NFO,07/01/2020,14:20:48,46,43.3,2000,46.2,2000,0,0
INDUSINDBK27Feb201380PE.NFO,07/01/2020,14:20:55,46,43.3,2000,46.3,2000,0,0
INDUSINDBK27Feb201380PE.NFO,07/01/2020,14:21:00,46,43.25,2000,46.3,2000,0,0
INDUSINDBK27Feb201380PE.NFO,07/01/2020,14:21:25,46,43.25,2000,46.35,2000,0,0
INDUSINDBK27Feb201380PE.NFO,07/01/2020,14:21:28,46,43.85,2000,46.4,2000,0,0
INDUSINDBK27Feb201380PE.NFO,07/01/2020,14:21:33,46,43.85,2000,46.55,2000,0,0
INDUSINDBK27Feb201380PE.NFO,07/01/2020,14:21:45,46,43.65,2000,46.55,2000,0,0
INDUSINDBK27Feb201380PE.NFO,07/01/2020,14:21:53,46,43.6,2000,46.55,2000,0,0
INDUSINDBK27Feb201380PE.NFO,07/01/2020,14:22:14,46,43.55,2000,46.55,2000,0,0
INDUSINDBK27Feb201380PE.NFO,07/01/2020,14:22:18,46,43.5,2000,46.55,2000,0,0
INDUSINDBK27Feb201380PE.NFO,07/01/2020,14:24:13,46,43.5,2000,46.65,2000,0,0
INDUSINDBK27Feb201380PE.NFO,07/01/2020,14:24:37,46,43.5,2000,46.7,2000,0,0
INDUSINDBK27Feb201380PE.NFO,07/01/2020,14:24:42,46,44.05,2000,46.75,2000,0,0
INDUSINDBK27Feb201380PE.NFO,07/01/2020,14:24:54,46,43.55,2000,46.8,2000,0,0
INDUSINDBK27Feb201380PE.NFO,07/01/2020,14:25:06,46,44,2000,46.8,2000,0,0
INDUSINDBK27Feb201380PE.NFO,07/01/2020,14:25:21,46,43.9,2000,46.8,2000,0,0
INDUSINDBK27Feb201380PE.NFO,07/01/2020,14:25:27,46,43.75,2000,46.8,2000,0,0
INDUSINDBK27Feb201380PE.NFO,07/01/2020,14:26:15,46,43.75,2000,46.85,2000,0,0
INDUSINDBK27Feb201380PE.NFO,07/01/2020,14:26:51,46,43.75,2000,46.9,2000,0,0
INDUSINDBK27Feb201380PE.NFO,07/01/2020,14:27:11,46,42.8,2000,46.1,2000,0,0
INDUSINDBK27Feb201380PE.NFO,07/01/2020,14:27:18,46,43.4,2000,46.2,2000,0,0
INDUSINDBK27Feb201380PE.NFO,07/01/2020,14:27:24,46,43.4,2000,46.25,2000,0,0
INDUSINDBK27Feb201380PE.NFO,07/01/2020,14:28:01,46,43.4,2000,46.6,2000,0,0
INDUSINDBK27Feb201380PE.NFO,07/01/2020,14:28:17,46,43.4,2000,46.1,2000,0,0
INDUSINDBK27Feb201380PE.NFO,07/01/2020,14:28:25,46,43.4,2000,46.35,2000,0,0
INDUSINDBK27Feb201380PE.NFO,07/01/2020,14:28:46,46,43.4,2000,46.45,2000,0,0
INDUSINDBK27Feb201380PE.NFO,07/01/2020,14:30:19,46,43.3,2000,46.45,2000,0,0
INDUSINDBK27Feb201380PE.NFO,07/01/2020,14:30:22,46,43.3,2000,45.85,2000,0,0
INDUSINDBK27Feb201380PE.NFO,07/01/2020,14:30:29,46,43,2000,45.85,2000,0,0
INDUSINDBK27Feb201380PE.NFO,07/01/2020,14:30:38,46,42.85,2000,45.85,2000,0,0
INDUSINDBK27Feb201380PE.NFO,07/01/2020,14:30:46,46,40.4,800,45.85,2000,0,0
INDUSINDBK27Feb201380PE.NFO,07/01/2020,14:30:54,46,41.65,2000,45.25,2000,0,0
INDUSINDBK27Feb201380PE.NFO,07/01/2020,14:31:02,46,42.1,2000,44.9,2000,0,0
INDUSINDBK27Feb201380PE.NFO,07/01/2020,14:31:09,46,42.05,2000,44.9,2000,0,0
INDUSINDBK27Feb201380PE.NFO,07/01/2020,14:31:17,46,41.85,2000,44.9,2000,0,0
INDUSINDBK27Feb201380PE.NFO,07/01/2020,14:31:24,46,41.75,2000,44.9,2000,0,0
INDUSINDBK27Feb201380PE.NFO,07/01/2020,14:31:30,46,41.7,2000,44.9,2000,0,0
INDUSINDBK27Feb201380PE.NFO,07/01/2020,14:31:44,46,41.7,2000,44.95,2000,0,0
INDUSINDBK27Feb201380PE.NFO,07/01/2020,14:31:50,46,42.25,2000,44.95,2000,0,0
INDUSINDBK27Feb201380PE.NFO,07/01/2020,14:31:55,46,42.25,2000,45.1,2000,0,0
INDUSINDBK27Feb201380PE.NFO,07/01/2020,14:32:00,46,42.25,2000,45.5,2000,0,0
INDUSINDBK27Feb201380PE.NFO,07/01/2020,14:33:06,46,42.05,2000,45.05,2000,0,0
INDUSINDBK27Feb201380PE.NFO,07/01/2020,14:33:12,46,42,2000,45.05,2000,0,0
INDUSINDBK27Feb201380PE.NFO,07/01/2020,14:34:05,46,41.85,2000,45.05,2000,0,0
INDUSINDBK27Feb201380PE.NFO,07/01/2020,14:34:09,46,41.85,2000,44.5,2000,0,0
INDUSINDBK27Feb201380PE.NFO,07/01/2020,14:34:14,46,41.8,2000,44.65,2000,0,0
INDUSINDBK27Feb201380PE.NFO,07/01/2020,14:34:20,46,41.65,2000,44.65,2000,0,0
INDUSINDBK27Feb201380PE.NFO,07/01/2020,14:34:51,46,41.65,2000,44.7,2000,0,0
INDUSINDBK27Feb201380PE.NFO,07/01/2020,14:35:54,46,41.65,2000,44.8,2000,0,0
INDUSINDBK27Feb201380PE.NFO,07/01/2020,14:36:10,46,42.25,2000,44.8,2000,0,0
INDUSINDBK27Feb201380PE.NFO,07/01/2020,14:36:16,46,42.25,2000,45.3,2000,0,0
INDUSINDBK27Feb201380PE.NFO,07/01/2020,14:36:32,46,42.05,2000,45.3,2000,0,0
INDUSINDBK27Feb201380PE.NFO,07/01/2020,14:37:39,46,41.7,2000,44.7,2000,0,0
INDUSINDBK27Feb201380PE.NFO,07/01/2020,14:37:45,46,41.7,2000,44.85,2000,0,0
INDUSINDBK27Feb201380PE.NFO,07/01/2020,14:37:51,46,42.2,2000,44.85,2000,0,0
INDUSINDBK27Feb201380PE.NFO,07/01/2020,14:38:00,46,41.95,2000,44.85,2000,0,0
INDUSINDBK27Feb201380PE.NFO,07/01/2020,14:38:22,46,41.95,2000,45.15,2000,0,0
INDUSINDBK27Feb201380PE.NFO,07/01/2020,14:39:22,46,42.15,2000,45.15,2000,0,0
INDUSINDBK27Feb201380PE.NFO,07/01/2020,14:39:30,46,41.95,2000,44.6,2000,0,0
INDUSINDBK27Feb201380PE.NFO,07/01/2020,14:39:37,46,41.9,2000,44.6,2000,0,0
INDUSINDBK27Feb201380PE.NFO,07/01/2020,14:39:43,46,41.85,2000,44.6,2000,0,0
INDUSINDBK27Feb201380PE.NFO,07/01/2020,14:39:48,46,41.8,2000,44.6,2000,0,0
INDUSINDBK27Feb201380PE.NFO,07/01/2020,14:39:54,46,41.5,2000,44.6,2000,0,0
INDUSINDBK27Feb201380PE.NFO,07/01/2020,14:40:22,46,41.5,2000,44.65,2000,0,0
INDUSINDBK27Feb201380PE.NFO,07/01/2020,14:40:54,46,41.5,2000,44.7,2000,0,0
INDUSINDBK27Feb201380PE.NFO,07/01/2020,14:40:58,46,42.1,2000,44.85,2000,0,0
INDUSINDBK27Feb201380PE.NFO,07/01/2020,14:41:06,46,42.1,2000,45.1,2000,0,0
INDUSINDBK27Feb201380PE.NFO,07/01/2020,14:41:11,46,41.25,2000,45.1,2000,0,0
INDUSINDBK27Feb201380PE.NFO,07/01/2020,14:41:16,46,42.2,2000,45.1,2000,0,0
INDUSINDBK27Feb201380PE.NFO,07/01/2020,14:41:20,46,42,2000,45.1,2000,0,0
INDUSINDBK27Feb201380PE.NFO,07/01/2020,14:41:34,46,41.85,2000,45.1,2000,0,0
INDUSINDBK27Feb201380PE.NFO,07/01/2020,14:41:40,46,41.85,2000,44.65,2000,0,0
INDUSINDBK27Feb201380PE.NFO,07/01/2020,14:41:45,46,41.85,2000,44.7,2000,0,0
INDUSINDBK27Feb201380PE.NFO,07/01/2020,14:41:50,46,41.85,2000,44.75,2000,0,0
INDUSINDBK27Feb201380PE.NFO,07/01/2020,14:41:59,46,41.85,2000,44.95,2000,0,0
INDUSINDBK27Feb201380PE.NFO,07/01/2020,14:42:09,46,41.85,2000,45.05,2000,0,0
INDUSINDBK27Feb201380PE.NFO,07/01/2020,14:43:14,46,42.2,2000,45.15,2000,0,0
INDUSINDBK27Feb201380PE.NFO,07/01/2020,14:44:07,46,41.95,2000,44.55,2000,0,0
INDUSINDBK27Feb201380PE.NFO,07/01/2020,14:44:21,46,41.9,2000,44.55,2000,0,0
INDUSINDBK27Feb201380PE.NFO,07/01/2020,14:44:29,46,41.9,2000,44.65,2000,0,0
INDUSINDBK27Feb201380PE.NFO,07/01/2020,14:44:34,46,41.9,2000,45.05,2000,0,0
INDUSINDBK27Feb201380PE.NFO,07/01/2020,14:45:09,46,42.5,2000,45.4,2000,0,0
INDUSINDBK27Feb201380PE.NFO,07/01/2020,14:45:17,46,42.5,2000,45.6,2000,0,0
INDUSINDBK27Feb201380PE.NFO,07/01/2020,14:45:25,46,43,2000,45.9,2000,0,0
INDUSINDBK27Feb201380PE.NFO,07/01/2020,14:45:32,46,43.35,2000,46.75,2000,0,0
INDUSINDBK27Feb201380PE.NFO,07/01/2020,14:45:39,46,43.3,2000,46.35,2000,0,0
INDUSINDBK27Feb201380PE.NFO,07/01/2020,14:45:44,46,43.25,2000,45.75,2000,0,0
INDUSINDBK27Feb201380PE.NFO,07/01/2020,14:45:50,46,43.25,2000,45.8,2000,0,0
INDUSINDBK27Feb201380PE.NFO,07/01/2020,14:45:57,46,43.25,2000,46.15,2000,0,0
INDUSINDBK27Feb201380PE.NFO,07/01/2020,14:46:29,46,43.15,2000,46.15,2000,0,0
INDUSINDBK27Feb201380PE.NFO,07/01/2020,14:46:58,46,43.15,2000,46.2,2000,0,0
INDUSINDBK27Feb201380PE.NFO,07/01/2020,14:47:04,46,43.15,2000,46.3,2000,0,0
INDUSINDBK27Feb201380PE.NFO,07/01/2020,14:48:12,46,43.1,2000,46.3,2000,0,0
INDUSINDBK27Feb201380PE.NFO,07/01/2020,14:48:28,46,43.1,2000,46.35,2000,0,0
INDUSINDBK27Feb201380PE.NFO,07/01/2020,14:49:03,46,43.55,2000,46.35,2000,0,0
INDUSINDBK27Feb201380PE.NFO,07/01/2020,14:49:42,46,43.55,2000,46.4,2000,0,0
INDUSINDBK27Feb201380PE.NFO,07/01/2020,14:50:00,46,43.25,2000,46.4,2000,0,0
INDUSINDBK27Feb201380PE.NFO,07/01/2020,14:51:04,46,43.2,2000,46.1,2000,0,0
INDUSINDBK27Feb201380PE.NFO,07/01/2020,14:51:10,46,43.2,2000,46.4,2000,0,0
INDUSINDBK27Feb201380PE.NFO,07/01/2020,14:53:24,46,42.45,2000,45.8,2000,0,0
INDUSINDBK27Feb201380PE.NFO,07/01/2020,14:53:40,46,42.95,2000,45.8,2000,0,0
INDUSINDBK27Feb201380PE.NFO,07/01/2020,14:53:47,46,42.5,2000,45.8,2000,0,0
INDUSINDBK27Feb201380PE.NFO,07/01/2020,14:53:54,46,42.25,2000,45.05,2000,0,0
INDUSINDBK27Feb201380PE.NFO,07/01/2020,14:54:01,46,42.1,2000,45.05,2000,0,0
INDUSINDBK27Feb201380PE.NFO,07/01/2020,14:54:24,46,42.1,2000,45.2,2000,0,0
INDUSINDBK27Feb201380PE.NFO,07/01/2020,14:54:30,46,42.1,2000,45.25,2000,0,0
INDUSINDBK27Feb201380PE.NFO,07/01/2020,14:54:38,46,42.7,2000,45.55,2000,0,0
INDUSINDBK27Feb201380PE.NFO,07/01/2020,14:54:50,46,42.7,2000,45.65,2000,0,0
INDUSINDBK27Feb201380PE.NFO,07/01/2020,14:55:26,46,42.7,2000,45.7,2000,0,0
INDUSINDBK27Feb201380PE.NFO,07/01/2020,14:55:36,46,42.7,2000,45.8,2000,0,0
INDUSINDBK27Feb201380PE.NFO,07/01/2020,14:56:07,46,43.2,2000,46.15,2000,0,0
INDUSINDBK27Feb201380PE.NFO,07/01/2020,14:57:58,46,42.45,2000,46.15,2000,0,0
INDUSINDBK27Feb201380PE.NFO,07/01/2020,14:58:03,46,43.05,2000,46.15,2000,0,0
INDUSINDBK27Feb201380PE.NFO,07/01/2020,14:58:08,46,43,2000,46.15,2000,0,0
INDUSINDBK27Feb201380PE.NFO,07/01/2020,14:58:13,46,43,2000,45.7,2000,0,0
INDUSINDBK27Feb201380PE.NFO,07/01/2020,14:58:18,46,42.95,2000,45.7,2000,0,0
INDUSINDBK27Feb201380PE.NFO,07/01/2020,14:58:31,46,42.95,2000,45.95,2000,0,0
INDUSINDBK27Feb201380PE.NFO,07/01/2020,14:59:04,46,42.95,2000,46.05,2000,0,0
INDUSINDBK27Feb201380PE.NFO,07/01/2020,14:59:12,46,42.9,2000,45.55,2000,0,0
INDUSINDBK27Feb201380PE.NFO,07/01/2020,14:59:18,46,42.9,2000,45.7,2000,0,0
INDUSINDBK27Feb201380PE.NFO,07/01/2020,14:59:23,46,42.9,2000,45.85,2000,0,0
INDUSINDBK27Feb201380PE.NFO,07/01/2020,14:59:32,46,42.9,2000,45.95,2000,0,0
INDUSINDBK27Feb201380PE.NFO,07/01/2020,14:59:37,46,41.85,2000,45.95,2000,0,0
INDUSINDBK27Feb201380PE.NFO,07/01/2020,14:59:42,46,42.65,2000,45.95,2000,0,0
INDUSINDBK27Feb201380PE.NFO,07/01/2020,14:59:46,46,42.65,2000,45.4,2000,0,0
INDUSINDBK27Feb201380PE.NFO,07/01/2020,14:59:51,46,42.6,2000,45.4,2000,0,0
INDUSINDBK27Feb201380PE.NFO,07/01/2020,15:00:00,46,42.25,2000,45.4,2000,0,0
INDUSINDBK27Feb201380PE.NFO,07/01/2020,15:00:08,46,41.9,2000,45.4,2000,0,0
INDUSINDBK27Feb201380PE.NFO,07/01/2020,15:00:17,46,42.8,2000,44.85,2000,0,0
INDUSINDBK27Feb201380PE.NFO,07/01/2020,15:00:25,46,42.8,2000,44.9,2000,0,0
INDUSINDBK27Feb201380PE.NFO,07/01/2020,15:01:07,46,42.65,2000,44.9,2000,0,0
INDUSINDBK27Feb201380PE.NFO,07/01/2020,15:01:23,46,42.5,2000,44.65,2000,0,0
INDUSINDBK27Feb201380PE.NFO,07/01/2020,15:01:38,46,42.95,2000,44.75,2000,0,0
INDUSINDBK27Feb201380PE.NFO,07/01/2020,15:01:43,46,42.75,2000,44.85,2000,0,0
INDUSINDBK27Feb201380PE.NFO,07/01/2020,15:02:50,46,42.6,2000,44.85,2000,0,0
INDUSINDBK27Feb201380PE.NFO,07/01/2020,15:02:56,46,42.4,2000,44.4,2000,0,0
INDUSINDBK27Feb201380PE.NFO,07/01/2020,15:03:02,46,42.35,2000,44.4,2000,0,0
INDUSINDBK27Feb201380PE.NFO,07/01/2020,15:03:12,46,42.35,2000,44.7,2000,0,0
INDUSINDBK27Feb201380PE.NFO,07/01/2020,15:03:28,46,42.35,2000,44.35,2000,0,0
INDUSINDBK27Feb201380PE.NFO,07/01/2020,15:03:33,46,42.35,2000,44.65,2000,0,0
INDUSINDBK27Feb201380PE.NFO,07/01/2020,15:03:54,46,42.85,2000,44.95,2000,0,0
INDUSINDBK27Feb201380PE.NFO,07/01/2020,15:04:01,46,42.85,2000,45.25,2000,0,0
INDUSINDBK27Feb201380PE.NFO,07/01/2020,15:04:14,46,42.85,2000,44.85,2000,0,0
INDUSINDBK27Feb201380PE.NFO,07/01/2020,15:04:20,46,42.85,2000,45,2000,0,0
INDUSINDBK27Feb201380PE.NFO,07/01/2020,15:05:51,46,37.3,5600,48.25,1600,0,0
INDUSINDBK27Feb201380PE.NFO,07/01/2020,15:06:06,46,37.3,4800,48.25,1600,0,0
INDUSINDBK27Feb201380PE.NFO,07/01/2020,15:06:16,46,43.1,2000,44.9,2000,0,0
INDUSINDBK27Feb201380PE.NFO,07/01/2020,15:06:21,46,42.9,2000,44.95,2000,0,0
INDUSINDBK27Feb201380PE.NFO,07/01/2020,15:06:35,46,42.9,2000,45.1,2000,0,0
INDUSINDBK27Feb201380PE.NFO,07/01/2020,15:07:05,46,42.85,2000,45.1,2000,0,0
INDUSINDBK27Feb201380PE.NFO,07/01/2020,15:07:39,46,42.85,2000,44.65,2000,0,0
INDUSINDBK27Feb201380PE.NFO,07/01/2020,15:07:44,46,42.85,2000,44.85,2000,0,0
INDUSINDBK27Feb201380PE.NFO,07/01/2020,15:07:50,46,42.85,2000,44.95,2000,0,0
INDUSINDBK27Feb201380PE.NFO,07/01/2020,15:08:12,46,42.85,2000,44.65,2000,0,0
INDUSINDBK27Feb201380PE.NFO,07/01/2020,15:08:17,46,42.85,2000,44.7,2000,0,0
INDUSINDBK27Feb201380PE.NFO,07/01/2020,15:08:22,46,42.75,2000,44.7,2000,0,0
INDUSINDBK27Feb201380PE.NFO,07/01/2020,15:08:52,46,42.75,2000,44.75,2000,0,0
INDUSINDBK27Feb201380PE.NFO,07/01/2020,15:09:01,46,42.65,2000,44.75,2000,0,0
INDUSINDBK27Feb201380PE.NFO,07/01/2020,15:09:40,46,42.55,2000,44.75,2000,0,0
INDUSINDBK27Feb201380PE.NFO,07/01/2020,15:10:04,46,42.7,2000,44.75,2000,0,0
INDUSINDBK27Feb201380PE.NFO,07/01/2020,15:10:20,46,42.7,2000,44.8,2000,0,0
INDUSINDBK27Feb201380PE.NFO,07/01/2020,15:10:26,46,42.65,2000,44.8,2000,0,0
INDUSINDBK27Feb201380PE.NFO,07/01/2020,15:10:52,46,42.55,2000,44.8,2000,0,0
INDUSINDBK27Feb201380PE.NFO,07/01/2020,15:11:03,46,42.5,2000,44.8,2000,0,0
INDUSINDBK27Feb201380PE.NFO,07/01/2020,15:11:21,46,42.4,2000,44.75,2000,0,0
INDUSINDBK27Feb201380PE.NFO,07/01/2020,15:11:28,46,42.7,2000,44.8,2000,0,0
INDUSINDBK27Feb201380PE.NFO,07/01/2020,15:11:35,46,42.55,2000,44.8,2000,0,0
INDUSINDBK27Feb201380PE.NFO,07/01/2020,15:12:11,46,43,2000,44.9,2000,0,0
INDUSINDBK27Feb201380PE.NFO,07/01/2020,15:12:16,46,42.95,2000,44.9,2000,0,0
INDUSINDBK27Feb201380PE.NFO,07/01/2020,15:12:25,46,42.9,2000,44.9,2000,0,0
INDUSINDBK27Feb201380PE.NFO,07/01/2020,15:12:47,46,42.75,2000,44.9,2000,0,0
INDUSINDBK27Feb201380PE.NFO,07/01/2020,15:13:14,46,42.75,2000,44.95,2000,0,0
INDUSINDBK27Feb201380PE.NFO,07/01/2020,15:13:33,46,42.65,2000,44.45,2000,0,0
INDUSINDBK27Feb201380PE.NFO,07/01/2020,15:13:39,46,42.5,2000,44.45,2000,0,0
INDUSINDBK27Feb201380PE.NFO,07/01/2020,15:13:44,46,42.35,2000,44.45,2000,0,0
INDUSINDBK27Feb201380PE.NFO,07/01/2020,15:13:48,46,42.25,2000,44.45,2000,0,0
INDUSINDBK27Feb201380PE.NFO,07/01/2020,15:13:54,46,42.75,2000,44.75,2000,0,0
INDUSINDBK27Feb201380PE.NFO,07/01/2020,15:13:59,46,42.65,2000,44.75,2000,0,0
INDUSINDBK27Feb201380PE.NFO,07/01/2020,15:14:07,46,42.45,2000,44.75,2000,0,0
INDUSINDBK27Feb201380PE.NFO,07/01/2020,15:14:12,46,42.4,2000,44.5,2000,0,0
INDUSINDBK27Feb201380PE.NFO,07/01/2020,15:14:40,46,42.4,2000,44.65,2000,0,0
INDUSINDBK27Feb201380PE.NFO,07/01/2020,15:14:50,46,42.35,2000,44.65,2000,0,0
INDUSINDBK27Feb201380PE.NFO,07/01/2020,15:14:56,46,42.35,2000,44.2,2000,0,0
INDUSINDBK27Feb201380PE.NFO,07/01/2020,15:15:07,46,42.15,2000,44.25,2000,0,0
INDUSINDBK27Feb201380PE.NFO,07/01/2020,15:15:14,46,42.1,2000,44.25,2000,0,0
INDUSINDBK27Feb201380PE.NFO,07/01/2020,15:15:21,46,42.05,2000,44.25,2000,0,0
INDUSINDBK27Feb201380PE.NFO,07/01/2020,15:15:28,46,42,2000,44.25,2000,0,0
INDUSINDBK27Feb201380PE.NFO,07/01/2020,15:15:35,46,42,2000,44.45,2000,0,0
INDUSINDBK27Feb201380PE.NFO,07/01/2020,15:15:43,46,41.85,2000,44.05,2000,0,0
INDUSINDBK27Feb201380PE.NFO,07/01/2020,15:15:50,46,41.7,2000,43.7,2000,0,0
INDUSINDBK27Feb201380PE.NFO,07/01/2020,15:15:57,46,41.7,2000,43.8,2000,0,0
INDUSINDBK27Feb201380PE.NFO,07/01/2020,15:16:04,46,41.55,2000,43.5,2000,0,0
INDUSINDBK27Feb201380PE.NFO,07/01/2020,15:16:11,46,41.55,2000,43.65,2000,0,0
INDUSINDBK27Feb201380PE.NFO,07/01/2020,15:16:18,46,41.55,2000,43.75,2000,0,0
INDUSINDBK27Feb201380PE.NFO,07/01/2020,15:16:25,46,41.55,2000,43.85,2000,0,0
INDUSINDBK27Feb201380PE.NFO,07/01/2020,15:16:39,46,41.95,2000,43.9,2000,0,0
INDUSINDBK27Feb201380PE.NFO,07/01/2020,15:16:45,46,41.95,2000,44,2000,0,0
INDUSINDBK27Feb201380PE.NFO,07/01/2020,15:16:52,46,41.95,2000,44.1,2000,0,0
INDUSINDBK27Feb201380PE.NFO,07/01/2020,15:17:06,46,41.65,2000,43.6,2000,0,0
INDUSINDBK27Feb201380PE.NFO,07/01/2020,15:17:12,46,41.65,2000,43.7,2000,0,0
INDUSINDBK27Feb201380PE.NFO,07/01/2020,15:17:20,46,41.85,2000,43.85,2000,0,0
INDUSINDBK27Feb201380PE.NFO,07/01/2020,15:17:27,46,41.85,2000,44.1,2000,0,0
INDUSINDBK27Feb201380PE.NFO,07/01/2020,15:17:34,46,42.1,2000,44.15,2000,0,0
INDUSINDBK27Feb201380PE.NFO,07/01/2020,15:17:40,46,41.9,2000,44.15,2000,0,0
INDUSINDBK27Feb201380PE.NFO,07/01/2020,15:17:59,46,41.8,2000,43.65,2000,0,0
INDUSINDBK27Feb201380PE.NFO,07/01/2020,15:18:05,46,41.75,2000,43.95,2000,0,0
INDUSINDBK27Feb201380PE.NFO,07/01/2020,15:18:54,46,41.65,2000,44,2000,0,0
INDUSINDBK27Feb201380PE.NFO,07/01/2020,15:19:01,46,41.85,2000,44,2000,0,0
INDUSINDBK27Feb201380PE.NFO,07/01/2020,15:19:07,46,41.8,2000,44,2000,0,0
INDUSINDBK27Feb201380PE.NFO,07/01/2020,15:19:13,46,41.75,2000,44,2000,0,0
INDUSINDBK27Feb201380PE.NFO,07/01/2020,15:20:13,46,41.7,2000,43.6,2000,0,0
INDUSINDBK27Feb201380PE.NFO,07/01/2020,15:20:31,46,41.6,2000,43.8,2000,0,0
INDUSINDBK27Feb201380PE.NFO,07/01/2020,15:20:45,46,41.55,2000,43.8,2000,0,0
INDUSINDBK27Feb201380PE.NFO,07/01/2020,15:20:52,46,41.55,2000,43.35,2000,0,0
INDUSINDBK27Feb201380PE.NFO,07/01/2020,15:20:59,46,41.55,2000,43.4,2000,0,0
INDUSINDBK27Feb201380PE.NFO,07/01/2020,15:21:07,46,41.2,2000,43.4,2000,0,0
INDUSINDBK27Feb201380PE.NFO,07/01/2020,15:21:15,46,41.2,2000,43.45,2000,0,0
INDUSINDBK27Feb201380PE.NFO,07/01/2020,15:21:23,46,41.4,2000,43.5,2000,0,0
INDUSINDBK27Feb201380PE.NFO,07/01/2020,15:21:31,46,41.25,2000,43.5,2000,0,0
INDUSINDBK27Feb201380PE.NFO,07/01/2020,15:22:00,46,41.7,2000,43.5,2000,0,0
INDUSINDBK27Feb201380PE.NFO,07/01/2020,15:22:11,46,41.4,2000,43.5,2000,0,0
INDUSINDBK27Feb201380PE.NFO,07/01/2020,15:22:18,46,41.25,2000,43.5,2000,0,0
INDUSINDBK27Feb201380PE.NFO,07/01/2020,15:22:24,46,41.6,2000,43.6,2000,0,0
INDUSINDBK27Feb201380PE.NFO,07/01/2020,15:22:30,46,41.55,2000,43.6,2000,0,0
INDUSINDBK27Feb201380PE.NFO,07/01/2020,15:22:43,46,41.4,2000,43.6,2000,0,0
INDUSINDBK27Feb201380PE.NFO,07/01/2020,15:23:02,46,41.4,2000,43.85,2000,0,0
INDUSINDBK27Feb201380PE.NFO,07/01/2020,15:23:08,46,41.6,2000,43.85,2000,0,0
INDUSINDBK27Feb201380PE.NFO,07/01/2020,15:23:15,46,41.5,2000,43.85,2000,0,0
INDUSINDBK27Feb201380PE.NFO,07/01/2020,15:23:22,46,41.5,2000,43.5,2000,0,0
INDUSINDBK27Feb201380PE.NFO,07/01/2020,15:23:29,46,41.5,2000,43.6,2000,0,0
INDUSINDBK27Feb201380PE.NFO,07/01/2020,15:23:41,46,41.4,2000,43.6,2000,0,0
INDUSINDBK27Feb201380PE.NFO,07/01/2020,15:24:53,46,41.4,2000,43.65,2000,0,0
INDUSINDBK27Feb201380PE.NFO,07/01/2020,15:25:04,46,41.7,2000,43.65,2000,0,0
INDUSINDBK27Feb201380PE.NFO,07/01/2020,15:25:25,46,41.7,2000,43.8,2000,0,0
INDUSINDBK27Feb201380PE.NFO,07/01/2020,15:26:05,46,37.3,1600,48.25,3200,0,0
INDUSINDBK27Feb201380PE.NFO,07/01/2020,15:26:11,46,37.3,2400,48.25,3200,0,0
INDUSINDBK27Feb201380PE.NFO,07/01/2020,15:26:17,46,37.3,800,48.25,3200,0,0
INDUSINDBK27Feb201380PE.NFO,07/01/2020,15:26:22,46,37.3,2400,48.25,3200,0,0
INDUSINDBK27Feb201380PE.NFO,07/01/2020,15:26:34,46,37.3,3200,48.25,3200,0,0
INDUSINDBK27Feb201380PE.NFO,07/01/2020,15:26:39,46,41.9,2000,43.75,2000,0,0
INDUSINDBK27Feb201380PE.NFO,07/01/2020,15:26:49,46,41.9,2000,43.9,2000,0,0
INDUSINDBK27Feb201380PE.NFO,07/01/2020,15:27:50,46,41.9,2000,44.05,2000,0,0
INDUSINDBK27Feb201380PE.NFO,07/01/2020,15:27:56,46,41.9,2000,44.1,2000,0,0
INDUSINDBK27Feb201380PE.NFO,07/01/2020,15:28:18,46,42.3,2000,44.1,2000,0,0
INDUSINDBK27Feb201380PE.NFO,07/01/2020,15:28:29,46,42.2,2000,44.15,2000,0,0
INDUSINDBK27Feb201380PE.NFO,07/01/2020,15:28:57,46,42.2,2000,44.3,2000,0,0
INDUSINDBK27Feb201380PE.NFO,07/01/2020,15:29:11,46,37.3,4000,48.25,2400,0,0
INDUSINDBK27Feb201380PE.NFO,07/01/2020,15:29:52,46,37.3,2400,48.25,2400,0,0
INDUSINDBK27Feb201380PE.NFO,07/01/2020,15:30:01,46,37.3,4000,48.25,2400,0,0
