Ticker,Date,Time,LTP,BuyPrice,BuyQty,SellPrice,SellQty,LTQ,OpenInterest
INDUSINDBK30Jan201700CE.NFO,07/01/2020,09:27:24,5.4,4.25,400,5.5,400,400,59600
INDUSINDBK30Jan201700CE.NFO,07/01/2020,09:27:24,5.4,4.25,400,5.5,400,0,59600
INDUSINDBK30Jan201700CE.NFO,07/01/2020,09:27:24,5.4,4.25,400,5.5,400,0,59600
INDUSINDBK30Jan201700CE.NFO,07/01/2020,09:27:24,5.4,4.25,400,5.5,400,0,59600
INDUSINDBK30Jan201700CE.NFO,07/01/2020,09:27:30,5.4,4.25,400,5.45,400,0,59600
INDUSINDBK30Jan201700CE.NFO,07/01/2020,09:27:36,5.4,4.35,400,5.45,400,0,59600
INDUSINDBK30Jan201700CE.NFO,07/01/2020,09:27:42,5.4,4.45,400,5.5,400,0,59600
INDUSINDBK30Jan201700CE.NFO,07/01/2020,09:27:48,5.4,4.55,400,5.5,400,0,59600
INDUSINDBK30Jan201700CE.NFO,07/01/2020,09:28:09,5.4,4.55,400,5.55,400,0,59600
INDUSINDBK30Jan201700CE.NFO,07/01/2020,09:28:15,5.4,4.55,400,5.5,400,0,59600
INDUSINDBK30Jan201700CE.NFO,07/01/2020,09:28:25,5.4,4.55,400,5.5,800,0,59600
INDUSINDBK30Jan201700CE.NFO,07/01/2020,09:28:31,5.4,4.55,400,5.45,800,0,59600
INDUSINDBK30Jan201700CE.NFO,07/01/2020,09:28:37,5.4,4.55,400,5.35,400,0,59600
INDUSINDBK30Jan201700CE.NFO,07/01/2020,09:28:42,5.4,4.55,400,5.4,400,0,59600
INDUSINDBK30Jan201700CE.NFO,07/01/2020,09:29:15,5.4,4.55,400,5.35,400,0,59600
INDUSINDBK30Jan201700CE.NFO,07/01/2020,09:29:20,5.4,4.55,400,5.4,400,0,59600
INDUSINDBK30Jan201700CE.NFO,07/01/2020,09:29:26,5.4,4.55,400,5.35,400,0,59600
INDUSINDBK30Jan201700CE.NFO,07/01/2020,09:29:32,5.4,4.55,400,5.4,400,0,59600
INDUSINDBK30Jan201700CE.NFO,07/01/2020,09:29:38,5.4,4.55,400,5.45,400,0,59600
INDUSINDBK30Jan201700CE.NFO,07/01/2020,09:29:52,5.4,4.55,400,5.4,400,0,59600
INDUSINDBK30Jan201700CE.NFO,07/01/2020,09:30:05,5.4,4.55,400,5.45,400,0,59600
INDUSINDBK30Jan201700CE.NFO,07/01/2020,09:30:16,5.4,4.65,400,5.45,400,0,59600
INDUSINDBK30Jan201700CE.NFO,07/01/2020,09:30:21,5.4,4.65,400,5.5,400,0,59600
INDUSINDBK30Jan201700CE.NFO,07/01/2020,09:30:26,5.4,4.65,400,5.55,400,0,59600
INDUSINDBK30Jan201700CE.NFO,07/01/2020,09:30:36,5.4,4.65,400,5.7,400,0,59600
INDUSINDBK30Jan201700CE.NFO,07/01/2020,09:30:41,5.4,5,400,5.75,400,0,59600
INDUSINDBK30Jan201700CE.NFO,07/01/2020,09:30:45,5.4,5.4,800,5.8,400,0,59600
INDUSINDBK30Jan201700CE.NFO,07/01/2020,09:30:50,5.4,5.4,800,5.75,400,0,59600
INDUSINDBK30Jan201700CE.NFO,07/01/2020,09:31:00,5.75,5.4,800,5.8,400,400,59600
INDUSINDBK30Jan201700CE.NFO,07/01/2020,09:31:00,5.75,5.4,800,5.8,400,0,59600
INDUSINDBK30Jan201700CE.NFO,07/01/2020,09:31:06,5.75,5.55,400,5.85,400,0,59600
INDUSINDBK30Jan201700CE.NFO,07/01/2020,09:31:12,5.8,5.55,400,5.8,400,400,59600
INDUSINDBK30Jan201700CE.NFO,07/01/2020,09:31:12,5.8,5.55,400,5.8,400,0,59600
INDUSINDBK30Jan201700CE.NFO,07/01/2020,09:31:18,5.8,5.55,400,6,400,400,59600
INDUSINDBK30Jan201700CE.NFO,07/01/2020,09:31:35,5.8,5.55,400,6,400,0,59600
INDUSINDBK30Jan201700CE.NFO,07/01/2020,09:31:57,6,5.55,400,6.25,400,400,59600
INDUSINDBK30Jan201700CE.NFO,07/01/2020,09:31:57,6,5.55,400,6.25,400,0,59600
INDUSINDBK30Jan201700CE.NFO,07/01/2020,09:32:02,6,5.55,400,6.25,400,0,59600
INDUSINDBK30Jan201700CE.NFO,07/01/2020,09:32:08,6,6,800,6.25,400,0,59600
INDUSINDBK30Jan201700CE.NFO,07/01/2020,09:32:37,6,6,800,6.25,800,0,59600
INDUSINDBK30Jan201700CE.NFO,07/01/2020,09:33:06,6,6,400,6.25,400,800,59600
INDUSINDBK30Jan201700CE.NFO,07/01/2020,09:33:06,6.25,6,400,6.25,400,0,59600
INDUSINDBK30Jan201700CE.NFO,07/01/2020,09:33:12,6,5.55,400,6.25,400,800,59600
INDUSINDBK30Jan201700CE.NFO,07/01/2020,09:33:17,6,5.55,400,6.2,400,0,59600
INDUSINDBK30Jan201700CE.NFO,07/01/2020,09:33:23,6,6,400,6.2,400,0,59600
INDUSINDBK30Jan201700CE.NFO,07/01/2020,09:33:28,6,5.85,400,6.2,400,400,59600
INDUSINDBK30Jan201700CE.NFO,07/01/2020,09:33:33,6,5.9,1200,6.2,400,0,59600
INDUSINDBK30Jan201700CE.NFO,07/01/2020,09:33:38,6,5.9,1200,6.2,400,400,59600
INDUSINDBK30Jan201700CE.NFO,07/01/2020,09:33:43,6.2,5.9,1200,6.35,400,400,59600
INDUSINDBK30Jan201700CE.NFO,07/01/2020,09:33:48,6.2,5.9,1200,6.35,400,0,59600
INDUSINDBK30Jan201700CE.NFO,07/01/2020,09:34:51,6.2,5.9,1200,6.35,1200,0,59600
INDUSINDBK30Jan201700CE.NFO,07/01/2020,09:34:56,6.2,5.9,1200,6.15,400,0,59600
INDUSINDBK30Jan201700CE.NFO,07/01/2020,09:35:02,6.15,6,800,6.3,800,400,59600
INDUSINDBK30Jan201700CE.NFO,07/01/2020,09:35:08,6.15,6,800,6.3,800,0,59600
INDUSINDBK30Jan201700CE.NFO,07/01/2020,09:35:13,6.25,6.1,800,6.3,800,400,59600
INDUSINDBK30Jan201700CE.NFO,07/01/2020,09:35:17,6.25,6.15,400,6.3,800,0,59600
INDUSINDBK30Jan201700CE.NFO,07/01/2020,09:35:56,6.25,6.05,400,6.35,400,0,59600
INDUSINDBK30Jan201700CE.NFO,07/01/2020,09:36:24,6.25,6.05,400,6.35,800,0,59600
INDUSINDBK30Jan201700CE.NFO,07/01/2020,09:36:29,6.25,6.05,400,6.3,1200,0,59600
INDUSINDBK30Jan201700CE.NFO,07/01/2020,09:36:33,6.25,6.05,400,6.3,800,0,59600
INDUSINDBK30Jan201700CE.NFO,07/01/2020,09:37:11,6.25,6.05,400,6.25,400,0,59600
INDUSINDBK30Jan201700CE.NFO,07/01/2020,09:37:23,6.25,6.05,400,6.3,800,0,59600
INDUSINDBK30Jan201700CE.NFO,07/01/2020,09:40:19,6.25,6,400,6.3,800,0,59600
INDUSINDBK30Jan201700CE.NFO,07/01/2020,09:40:24,6,6.05,800,6.3,800,400,58800
INDUSINDBK30Jan201700CE.NFO,07/01/2020,09:40:29,6.15,6.05,800,6.15,400,400,58800
INDUSINDBK30Jan201700CE.NFO,07/01/2020,09:40:34,6.05,5.9,800,6.15,400,800,58800
INDUSINDBK30Jan201700CE.NFO,07/01/2020,09:40:39,6.05,5.75,800,6.05,800,0,58800
INDUSINDBK30Jan201700CE.NFO,07/01/2020,09:40:44,6.05,5.75,800,6.05,1200,0,58800
INDUSINDBK30Jan201700CE.NFO,07/01/2020,09:40:53,6.05,5.85,800,6.05,800,0,58800
INDUSINDBK30Jan201700CE.NFO,07/01/2020,09:41:14,6.05,5.85,800,6.05,1200,0,58800
INDUSINDBK30Jan201700CE.NFO,07/01/2020,09:41:23,6.05,5.85,800,6.05,800,0,58800
INDUSINDBK30Jan201700CE.NFO,07/01/2020,09:41:32,6.05,5.85,1600,6.05,400,400,59200
INDUSINDBK30Jan201700CE.NFO,07/01/2020,09:41:37,6.05,5.85,1600,6.05,400,0,59200
INDUSINDBK30Jan201700CE.NFO,07/01/2020,09:41:52,6.05,5.85,1600,6.3,800,400,59200
INDUSINDBK30Jan201700CE.NFO,07/01/2020,09:41:58,6.05,5.85,1600,6.3,800,0,59200
INDUSINDBK30Jan201700CE.NFO,07/01/2020,09:42:25,6.3,6.25,800,7.95,800,800,59200
INDUSINDBK30Jan201700CE.NFO,07/01/2020,09:42:25,6.3,6.25,800,7.95,800,0,59200
INDUSINDBK30Jan201700CE.NFO,07/01/2020,09:42:32,6.3,6.3,400,7.95,800,0,59200
INDUSINDBK30Jan201700CE.NFO,07/01/2020,09:42:52,6.3,6.3,400,7.05,800,0,59200
INDUSINDBK30Jan201700CE.NFO,07/01/2020,09:43:04,6.3,6.3,400,7.05,1200,0,59200
INDUSINDBK30Jan201700CE.NFO,07/01/2020,09:43:25,6.3,6.3,400,6.55,800,0,59200
INDUSINDBK30Jan201700CE.NFO,07/01/2020,09:43:35,6.3,6.3,400,6.6,400,0,59200
INDUSINDBK30Jan201700CE.NFO,07/01/2020,09:43:45,6.3,6.3,400,6.7,800,0,59200
INDUSINDBK30Jan201700CE.NFO,07/01/2020,09:44:19,6.7,6.3,400,6.9,800,800,60400
INDUSINDBK30Jan201700CE.NFO,07/01/2020,09:44:19,6.7,6.3,400,6.9,800,0,60400
INDUSINDBK30Jan201700CE.NFO,07/01/2020,09:44:24,6.7,6.3,400,7.05,1200,0,60400
INDUSINDBK30Jan201700CE.NFO,07/01/2020,09:44:30,6.7,6.3,400,6.95,800,0,60400
INDUSINDBK30Jan201700CE.NFO,07/01/2020,09:45:13,6.7,6.4,400,6.95,400,0,60400
INDUSINDBK30Jan201700CE.NFO,07/01/2020,09:45:31,6.7,6.4,400,6.95,800,0,60400
INDUSINDBK30Jan201700CE.NFO,07/01/2020,09:45:43,6.7,6.4,400,6.95,400,0,60400
INDUSINDBK30Jan201700CE.NFO,07/01/2020,09:46:06,6.7,6.4,400,6.95,800,0,60400
INDUSINDBK30Jan201700CE.NFO,07/01/2020,09:46:26,6.7,6.1,800,6.85,800,0,60400
INDUSINDBK30Jan201700CE.NFO,07/01/2020,09:46:36,6.7,6.1,800,6.85,1200,0,60400
INDUSINDBK30Jan201700CE.NFO,07/01/2020,09:46:41,6.7,6.1,800,6.85,800,0,60400
INDUSINDBK30Jan201700CE.NFO,07/01/2020,09:46:45,6.7,6.1,800,6.75,800,0,60400
INDUSINDBK30Jan201700CE.NFO,07/01/2020,09:47:12,6.7,6.1,800,6.75,1200,0,60400
INDUSINDBK30Jan201700CE.NFO,07/01/2020,09:47:16,6.7,6.1,800,6.65,800,0,60400
INDUSINDBK30Jan201700CE.NFO,07/01/2020,09:49:05,6.7,6.2,800,6.75,400,0,60400
INDUSINDBK30Jan201700CE.NFO,07/01/2020,09:49:24,6.7,6.1,400,6.75,800,0,60400
INDUSINDBK30Jan201700CE.NFO,07/01/2020,09:49:31,6.7,6.1,400,6.65,800,0,60400
INDUSINDBK30Jan201700CE.NFO,07/01/2020,09:50:12,6.1,5.9,400,6.65,800,400,59600
INDUSINDBK30Jan201700CE.NFO,07/01/2020,09:50:17,6.1,6.05,800,6.65,800,0,59600
INDUSINDBK30Jan201700CE.NFO,07/01/2020,09:50:48,6.1,6,800,6.55,800,0,59600
INDUSINDBK30Jan201700CE.NFO,07/01/2020,09:51:13,6.1,6,400,6.55,800,0,59600
INDUSINDBK30Jan201700CE.NFO,07/01/2020,09:51:43,6.1,6,800,6.55,800,0,59600
INDUSINDBK30Jan201700CE.NFO,07/01/2020,09:51:47,6.1,6,400,6.55,800,0,59600
INDUSINDBK30Jan201700CE.NFO,07/01/2020,09:52:07,6.1,6,800,6.55,800,0,59600
INDUSINDBK30Jan201700CE.NFO,07/01/2020,09:52:20,6.1,6,400,6.55,800,0,59600
INDUSINDBK30Jan201700CE.NFO,07/01/2020,09:52:55,6.1,6.05,400,6.55,800,0,59600
INDUSINDBK30Jan201700CE.NFO,07/01/2020,09:53:04,6.1,6,400,6.55,800,0,59600
INDUSINDBK30Jan201700CE.NFO,07/01/2020,09:53:15,6.1,6.05,800,6.55,800,0,59600
INDUSINDBK30Jan201700CE.NFO,07/01/2020,09:53:26,6.1,6.05,400,6.55,800,0,59600
INDUSINDBK30Jan201700CE.NFO,07/01/2020,09:53:31,6.1,6,400,6.55,800,0,59600
INDUSINDBK30Jan201700CE.NFO,07/01/2020,09:53:50,6.1,6,800,6.55,800,0,59600
INDUSINDBK30Jan201700CE.NFO,07/01/2020,09:53:55,6.1,6,400,6.55,800,0,59600
INDUSINDBK30Jan201700CE.NFO,07/01/2020,09:53:59,6.1,6,800,6.55,800,0,59600
INDUSINDBK30Jan201700CE.NFO,07/01/2020,09:54:03,6.1,6,400,6.55,800,0,59600
INDUSINDBK30Jan201700CE.NFO,07/01/2020,09:54:12,6.1,6,800,6.55,800,0,59600
INDUSINDBK30Jan201700CE.NFO,07/01/2020,09:54:21,6.1,6,400,6.55,800,0,59600
INDUSINDBK30Jan201700CE.NFO,07/01/2020,09:56:10,6.1,5.85,400,6.55,800,0,59600
INDUSINDBK30Jan201700CE.NFO,07/01/2020,09:58:44,6.1,5.75,400,6.55,1200,0,59600
INDUSINDBK30Jan201700CE.NFO,07/01/2020,09:58:49,6.1,5.9,400,6.55,1200,0,59600
INDUSINDBK30Jan201700CE.NFO,07/01/2020,09:58:56,6.1,5.75,400,6.45,800,0,59600
INDUSINDBK30Jan201700CE.NFO,07/01/2020,09:59:07,6.1,5.9,400,6.45,800,0,59600
INDUSINDBK30Jan201700CE.NFO,07/01/2020,09:59:13,6.1,5.85,400,6.45,800,0,59600
INDUSINDBK30Jan201700CE.NFO,07/01/2020,09:59:18,6.1,5.8,400,6.45,800,0,59600
INDUSINDBK30Jan201700CE.NFO,07/01/2020,09:59:28,6.1,5.8,400,6.45,1200,0,59600
INDUSINDBK30Jan201700CE.NFO,07/01/2020,09:59:39,6.1,5.9,400,6.45,1200,0,59600
INDUSINDBK30Jan201700CE.NFO,07/01/2020,09:59:45,6.1,5.8,400,6.45,1200,0,59600
INDUSINDBK30Jan201700CE.NFO,07/01/2020,09:59:51,6.1,5.95,400,6.45,1200,0,59600
INDUSINDBK30Jan201700CE.NFO,07/01/2020,09:59:56,6.1,5.9,400,6.45,1200,0,59600
INDUSINDBK30Jan201700CE.NFO,07/01/2020,10:00:01,6.1,5.8,400,6.45,1200,0,59600
INDUSINDBK30Jan201700CE.NFO,07/01/2020,10:00:12,6.1,5.85,400,6.45,1200,0,59600
INDUSINDBK30Jan201700CE.NFO,07/01/2020,10:00:18,6.1,5.7,400,6.35,800,0,59600
INDUSINDBK30Jan201700CE.NFO,07/01/2020,10:00:23,6.1,5.75,400,6.25,800,0,59600
INDUSINDBK30Jan201700CE.NFO,07/01/2020,10:00:34,5.7,5.65,400,6.15,800,800,59200
INDUSINDBK30Jan201700CE.NFO,07/01/2020,10:00:39,5.7,5.65,800,6.15,800,0,59200
INDUSINDBK30Jan201700CE.NFO,07/01/2020,10:00:46,5.7,5.6,800,6.15,800,0,59200
INDUSINDBK30Jan201700CE.NFO,07/01/2020,10:00:53,5.7,5.6,400,6.15,800,0,59200
INDUSINDBK30Jan201700CE.NFO,07/01/2020,10:01:06,5.7,5.6,800,6.15,800,0,59200
INDUSINDBK30Jan201700CE.NFO,07/01/2020,10:01:12,5.7,5.6,400,6.15,800,0,59200
INDUSINDBK30Jan201700CE.NFO,07/01/2020,10:01:18,5.7,5.6,800,6.15,800,0,59200
INDUSINDBK30Jan201700CE.NFO,07/01/2020,10:01:24,5.7,5.6,400,6.15,800,0,59200
INDUSINDBK30Jan201700CE.NFO,07/01/2020,10:02:15,5.7,5.55,800,5.95,800,0,59200
INDUSINDBK30Jan201700CE.NFO,07/01/2020,10:02:20,5.95,5.55,800,5.95,800,800,59200
INDUSINDBK30Jan201700CE.NFO,07/01/2020,10:02:26,5.95,5.55,800,5.95,800,0,59200
INDUSINDBK30Jan201700CE.NFO,07/01/2020,10:02:43,5.85,5.55,800,5.9,800,400,58400
INDUSINDBK30Jan201700CE.NFO,07/01/2020,10:02:48,5.85,5.55,800,5.9,400,0,58400
INDUSINDBK30Jan201700CE.NFO,07/01/2020,10:02:53,5.85,5.55,400,5.9,400,0,58400
INDUSINDBK30Jan201700CE.NFO,07/01/2020,10:02:59,5.9,5.65,400,5.95,400,400,58400
INDUSINDBK30Jan201700CE.NFO,07/01/2020,10:03:04,5.9,5.65,400,5.95,400,0,58400
INDUSINDBK30Jan201700CE.NFO,07/01/2020,10:03:27,5.9,5.65,400,6,400,0,58400
INDUSINDBK30Jan201700CE.NFO,07/01/2020,10:04:54,5.9,5.65,400,6.15,800,0,58400
INDUSINDBK30Jan201700CE.NFO,07/01/2020,10:06:25,5.9,5.55,800,6.15,800,0,58400
INDUSINDBK30Jan201700CE.NFO,07/01/2020,10:06:47,5.9,5.55,800,6.15,1200,0,58400
INDUSINDBK30Jan201700CE.NFO,07/01/2020,10:06:53,5.9,5.55,800,6.05,800,0,58400
INDUSINDBK30Jan201700CE.NFO,07/01/2020,10:07:04,5.9,5.5,1600,5.85,400,0,58400
INDUSINDBK30Jan201700CE.NFO,07/01/2020,10:07:10,5.9,5.5,1600,5.9,800,0,58400
INDUSINDBK30Jan201700CE.NFO,07/01/2020,10:07:15,5.9,5.5,1600,5.9,400,0,58400
INDUSINDBK30Jan201700CE.NFO,07/01/2020,10:07:21,5.9,5.5,2000,5.9,400,0,58400
INDUSINDBK30Jan201700CE.NFO,07/01/2020,10:07:27,5.9,5.5,1600,5.9,400,0,58400
INDUSINDBK30Jan201700CE.NFO,07/01/2020,10:07:32,5.9,5.5,2000,5.9,400,0,58400
INDUSINDBK30Jan201700CE.NFO,07/01/2020,10:07:42,5.9,5.5,1600,5.9,400,0,58400
INDUSINDBK30Jan201700CE.NFO,07/01/2020,10:08:07,5.9,5.5,2000,5.9,400,0,58400
INDUSINDBK30Jan201700CE.NFO,07/01/2020,10:08:11,5.9,5.5,1600,5.9,400,0,58400
INDUSINDBK30Jan201700CE.NFO,07/01/2020,10:08:25,5.9,5.5,2000,6.05,800,0,58400
INDUSINDBK30Jan201700CE.NFO,07/01/2020,10:08:30,5.9,5.6,400,6.15,800,0,58400
INDUSINDBK30Jan201700CE.NFO,07/01/2020,10:08:40,5.9,5.7,400,6.15,800,0,58400
INDUSINDBK30Jan201700CE.NFO,07/01/2020,10:08:57,5.9,5.65,800,6.15,800,0,58400
INDUSINDBK30Jan201700CE.NFO,07/01/2020,10:09:06,5.9,5.6,400,6.15,800,0,58400
INDUSINDBK30Jan201700CE.NFO,07/01/2020,10:09:32,5.9,5.55,400,6.15,800,0,58400
INDUSINDBK30Jan201700CE.NFO,07/01/2020,10:09:44,5.9,5.5,1600,6.15,1200,0,58400
INDUSINDBK30Jan201700CE.NFO,07/01/2020,10:09:53,5.9,5.55,400,6.15,800,0,58400
INDUSINDBK30Jan201700CE.NFO,07/01/2020,10:10:30,5.9,5.55,800,6.15,800,0,58400
INDUSINDBK30Jan201700CE.NFO,07/01/2020,10:10:52,5.9,5.55,400,6.15,800,0,58400
INDUSINDBK30Jan201700CE.NFO,07/01/2020,10:10:56,5.9,5.5,2000,6.15,800,0,58400
INDUSINDBK30Jan201700CE.NFO,07/01/2020,10:11:14,5.9,5.55,400,6.15,800,0,58400
INDUSINDBK30Jan201700CE.NFO,07/01/2020,10:11:19,5.9,5.55,800,6.15,800,0,58400
INDUSINDBK30Jan201700CE.NFO,07/01/2020,10:11:35,5.9,5.55,400,6.15,800,0,58400
INDUSINDBK30Jan201700CE.NFO,07/01/2020,10:11:51,5.9,5.5,2000,6.15,800,0,58400
INDUSINDBK30Jan201700CE.NFO,07/01/2020,10:13:12,5.9,5.5,1600,6.15,800,0,58400
INDUSINDBK30Jan201700CE.NFO,07/01/2020,10:13:32,5.9,5.5,1200,6.15,800,0,58400
INDUSINDBK30Jan201700CE.NFO,07/01/2020,10:14:11,5.9,5.5,1600,6.15,800,0,58400
INDUSINDBK30Jan201700CE.NFO,07/01/2020,10:14:33,5.9,5.55,400,6.15,800,0,58400
INDUSINDBK30Jan201700CE.NFO,07/01/2020,10:14:42,5.9,5.5,1200,6.15,800,0,58400
INDUSINDBK30Jan201700CE.NFO,07/01/2020,10:14:52,5.9,5.55,400,6.15,800,0,58400
INDUSINDBK30Jan201700CE.NFO,07/01/2020,10:15:12,5.9,5.5,1200,6.15,800,0,58400
INDUSINDBK30Jan201700CE.NFO,07/01/2020,10:15:18,5.9,5.55,400,6.15,800,0,58400
INDUSINDBK30Jan201700CE.NFO,07/01/2020,10:15:47,5.9,5.5,1200,6.15,800,0,58400
INDUSINDBK30Jan201700CE.NFO,07/01/2020,10:19:15,5.9,5.5,1200,6.15,1200,0,58400
INDUSINDBK30Jan201700CE.NFO,07/01/2020,10:19:20,5.9,5.5,1200,6.15,800,0,58400
INDUSINDBK30Jan201700CE.NFO,07/01/2020,10:19:55,5.65,5.5,1600,6.15,800,400,58400
INDUSINDBK30Jan201700CE.NFO,07/01/2020,10:19:59,5.75,5.5,1600,5.75,400,400,58400
INDUSINDBK30Jan201700CE.NFO,07/01/2020,10:20:03,5.75,5.5,1600,5.75,400,0,58400
INDUSINDBK30Jan201700CE.NFO,07/01/2020,10:20:07,5.6,5.5,1600,5.75,400,400,58400
INDUSINDBK30Jan201700CE.NFO,07/01/2020,10:20:10,5.6,5.5,1600,5.75,400,0,58400
INDUSINDBK30Jan201700CE.NFO,07/01/2020,10:20:42,5.6,5.5,1600,5.8,800,0,58400
INDUSINDBK30Jan201700CE.NFO,07/01/2020,10:20:57,5.6,5.5,1600,5.8,400,0,58400
INDUSINDBK30Jan201700CE.NFO,07/01/2020,10:21:52,5.6,5.5,1200,5.8,400,0,58400
INDUSINDBK30Jan201700CE.NFO,07/01/2020,10:22:02,5.5,5.5,800,5.8,400,400,58800
INDUSINDBK30Jan201700CE.NFO,07/01/2020,10:22:06,5.5,4.8,400,5.8,400,800,58800
INDUSINDBK30Jan201700CE.NFO,07/01/2020,10:22:10,5.5,5,800,5.8,400,0,58800
INDUSINDBK30Jan201700CE.NFO,07/01/2020,10:24:41,5.5,5,800,5.9,400,0,58800
INDUSINDBK30Jan201700CE.NFO,07/01/2020,10:24:45,5.5,5,800,6.05,800,0,58800
INDUSINDBK30Jan201700CE.NFO,07/01/2020,10:24:57,5.5,5,800,5.95,800,0,58800
INDUSINDBK30Jan201700CE.NFO,07/01/2020,10:25:07,5.5,5,800,5.95,1200,0,58800
INDUSINDBK30Jan201700CE.NFO,07/01/2020,10:25:16,5.5,5,800,5.85,800,0,58800
INDUSINDBK30Jan201700CE.NFO,07/01/2020,10:25:32,5.5,5,800,5.75,1200,0,58800
INDUSINDBK30Jan201700CE.NFO,07/01/2020,10:25:37,5.5,5,800,5.75,800,0,58800
INDUSINDBK30Jan201700CE.NFO,07/01/2020,10:28:08,5.5,5,800,5.75,1200,0,58800
INDUSINDBK30Jan201700CE.NFO,07/01/2020,10:28:12,5.5,5,800,5.65,800,0,58800
INDUSINDBK30Jan201700CE.NFO,07/01/2020,10:31:05,5.5,4.85,800,5.65,800,0,58800
INDUSINDBK30Jan201700CE.NFO,07/01/2020,10:31:47,5.5,4.95,800,5.65,800,0,58800
INDUSINDBK30Jan201700CE.NFO,07/01/2020,10:32:09,5.5,4.95,800,5.65,1200,0,58800
INDUSINDBK30Jan201700CE.NFO,07/01/2020,10:32:17,5.5,4.95,800,5.55,800,0,58800
INDUSINDBK30Jan201700CE.NFO,07/01/2020,10:32:24,5.5,4.95,800,5.55,1200,0,58800
INDUSINDBK30Jan201700CE.NFO,07/01/2020,10:32:28,5.5,4.95,800,5.55,800,0,58800
INDUSINDBK30Jan201700CE.NFO,07/01/2020,10:32:36,5.5,4.95,800,5.55,1200,0,58800
INDUSINDBK30Jan201700CE.NFO,07/01/2020,10:32:40,5.5,4.9,800,5.55,800,0,58800
INDUSINDBK30Jan201700CE.NFO,07/01/2020,10:33:16,5.5,4.9,800,5.55,1200,0,58800
INDUSINDBK30Jan201700CE.NFO,07/01/2020,10:33:19,5.5,5,400,5.55,800,0,58800
INDUSINDBK30Jan201700CE.NFO,07/01/2020,10:34:46,5.5,5,400,5.65,800,0,58800
INDUSINDBK30Jan201700CE.NFO,07/01/2020,10:36:11,5.5,5,400,5.65,1200,0,58800
INDUSINDBK30Jan201700CE.NFO,07/01/2020,10:36:19,5.5,5,400,5.55,800,0,58800
INDUSINDBK30Jan201700CE.NFO,07/01/2020,10:37:02,5.5,5,400,5.55,400,0,58800
INDUSINDBK30Jan201700CE.NFO,07/01/2020,10:37:33,5.5,5,400,5.55,800,0,58800
INDUSINDBK30Jan201700CE.NFO,07/01/2020,10:37:36,5.5,5,400,5.5,400,0,58800
INDUSINDBK30Jan201700CE.NFO,07/01/2020,10:37:41,5.5,5,400,5.5,800,0,58800
INDUSINDBK30Jan201700CE.NFO,07/01/2020,10:37:45,5.5,5,400,5.5,1200,0,58800
INDUSINDBK30Jan201700CE.NFO,07/01/2020,10:37:48,5.5,5,400,5.5,1600,0,58800
INDUSINDBK30Jan201700CE.NFO,07/01/2020,10:37:55,5.5,5,400,5.5,2000,0,58800
INDUSINDBK30Jan201700CE.NFO,07/01/2020,10:43:37,5.5,5,400,5.5,2400,0,58800
INDUSINDBK30Jan201700CE.NFO,07/01/2020,10:45:57,5.5,4.95,800,5.5,2400,0,58800
INDUSINDBK30Jan201700CE.NFO,07/01/2020,10:46:17,5.5,4.95,800,5.4,800,0,58800
INDUSINDBK30Jan201700CE.NFO,07/01/2020,10:46:48,5.5,4.95,800,5.4,1200,0,58800
INDUSINDBK30Jan201700CE.NFO,07/01/2020,10:46:51,5.5,4.95,800,5.3,800,0,58800
INDUSINDBK30Jan201700CE.NFO,07/01/2020,10:47:20,5.5,4.95,800,5.4,400,0,58800
INDUSINDBK30Jan201700CE.NFO,07/01/2020,10:48:35,5,4.95,800,5.4,400,400,58800
INDUSINDBK30Jan201700CE.NFO,07/01/2020,10:48:35,5,4.95,800,5.4,400,0,58800
INDUSINDBK30Jan201700CE.NFO,07/01/2020,10:49:03,5,4.95,800,5.35,800,0,58800
INDUSINDBK30Jan201700CE.NFO,07/01/2020,10:49:18,5,4.95,800,5.4,800,0,58800
INDUSINDBK30Jan201700CE.NFO,07/01/2020,10:49:21,5,4.95,800,5.35,800,0,58800
INDUSINDBK30Jan201700CE.NFO,07/01/2020,10:49:23,5,4.95,800,5.35,400,0,58800
INDUSINDBK30Jan201700CE.NFO,07/01/2020,10:49:27,5,4.95,800,5.35,800,0,58800
INDUSINDBK30Jan201700CE.NFO,07/01/2020,10:49:44,5,4.95,800,5.3,400,0,58800
INDUSINDBK30Jan201700CE.NFO,07/01/2020,10:49:50,5,4.95,800,5.3,800,0,58800
INDUSINDBK30Jan201700CE.NFO,07/01/2020,10:49:54,5,4.95,800,5.3,400,0,58800
INDUSINDBK30Jan201700CE.NFO,07/01/2020,10:49:59,5,4.95,800,5.25,400,0,58800
INDUSINDBK30Jan201700CE.NFO,07/01/2020,10:50:15,5,4.95,800,5.35,400,0,58800
INDUSINDBK30Jan201700CE.NFO,07/01/2020,10:50:25,5,4.95,800,5.4,400,0,58800
INDUSINDBK30Jan201700CE.NFO,07/01/2020,10:50:33,5,4.95,800,5.4,800,0,58800
INDUSINDBK30Jan201700CE.NFO,07/01/2020,10:50:48,5,4.9,400,5.35,400,0,58800
INDUSINDBK30Jan201700CE.NFO,07/01/2020,10:50:51,5,4.95,400,5.3,1200,0,58800
INDUSINDBK30Jan201700CE.NFO,07/01/2020,10:51:04,5,4.95,400,5.25,400,0,58800
INDUSINDBK30Jan201700CE.NFO,07/01/2020,10:51:08,5,4.95,400,5.25,800,0,58800
INDUSINDBK30Jan201700CE.NFO,07/01/2020,10:51:53,5,4.95,400,5.25,400,0,58800
INDUSINDBK30Jan201700CE.NFO,07/01/2020,10:51:57,5,4.95,400,5.2,1200,0,58800
INDUSINDBK30Jan201700CE.NFO,07/01/2020,10:52:01,5,4.9,800,5.2,400,0,58800
INDUSINDBK30Jan201700CE.NFO,07/01/2020,10:52:28,5,4.9,800,5.2,800,0,58800
INDUSINDBK30Jan201700CE.NFO,07/01/2020,10:52:40,5,4.9,800,5.15,800,0,58800
INDUSINDBK30Jan201700CE.NFO,07/01/2020,10:52:45,5,4.9,800,5,800,0,58800
INDUSINDBK30Jan201700CE.NFO,07/01/2020,10:53:03,4.9,3.7,400,5,1200,800,58800
INDUSINDBK30Jan201700CE.NFO,07/01/2020,10:53:03,4.9,3.7,400,5,1200,0,58800
INDUSINDBK30Jan201700CE.NFO,07/01/2020,10:53:08,4.9,4.45,800,5,800,0,58800
INDUSINDBK30Jan201700CE.NFO,07/01/2020,10:53:13,4.9,4.45,800,4.9,800,0,58800
INDUSINDBK30Jan201700CE.NFO,07/01/2020,10:53:20,4.6,4.45,800,4.7,400,400,58800
INDUSINDBK30Jan201700CE.NFO,07/01/2020,10:53:20,4.6,4.45,800,4.7,400,0,58800
INDUSINDBK30Jan201700CE.NFO,07/01/2020,10:53:25,4.6,4.45,800,4.7,400,0,58800
INDUSINDBK30Jan201700CE.NFO,07/01/2020,10:53:30,4.7,4.45,800,5,800,400,58800
INDUSINDBK30Jan201700CE.NFO,07/01/2020,10:53:35,4.7,4.55,800,5,800,0,58800
INDUSINDBK30Jan201700CE.NFO,07/01/2020,10:53:40,4.7,4.55,800,5,1200,0,58800
INDUSINDBK30Jan201700CE.NFO,07/01/2020,10:53:45,4.7,4.55,800,4.75,400,0,58800
INDUSINDBK30Jan201700CE.NFO,07/01/2020,10:54:48,4.75,4.65,800,5,400,400,58400
INDUSINDBK30Jan201700CE.NFO,07/01/2020,10:54:53,4.75,4.65,800,4.95,400,0,58400
INDUSINDBK30Jan201700CE.NFO,07/01/2020,10:57:17,4.75,4.65,800,4.95,800,0,58400
INDUSINDBK30Jan201700CE.NFO,07/01/2020,10:57:23,4.75,4.4,400,4.9,800,0,58400
INDUSINDBK30Jan201700CE.NFO,07/01/2020,10:57:30,4.35,4.3,400,4.75,400,400,58400
INDUSINDBK30Jan201700CE.NFO,07/01/2020,10:57:30,4.35,4.3,400,4.75,400,0,58400
INDUSINDBK30Jan201700CE.NFO,07/01/2020,10:57:37,4.35,4.35,400,4.95,800,0,58400
INDUSINDBK30Jan201700CE.NFO,07/01/2020,10:57:44,4.35,4.4,800,4.95,800,0,58400
INDUSINDBK30Jan201700CE.NFO,07/01/2020,10:58:34,4.35,4.4,400,4.95,800,0,58400
INDUSINDBK30Jan201700CE.NFO,07/01/2020,10:59:12,4.35,4.3,400,4.95,800,0,58400
INDUSINDBK30Jan201700CE.NFO,07/01/2020,10:59:30,4.35,4.4,800,4.95,800,0,58400
INDUSINDBK30Jan201700CE.NFO,07/01/2020,10:59:48,4.35,4.4,400,4.95,800,0,58400
INDUSINDBK30Jan201700CE.NFO,07/01/2020,11:00:06,4.35,4.2,800,4.95,800,0,58400
INDUSINDBK30Jan201700CE.NFO,07/01/2020,11:00:13,4.35,4.2,400,4.95,800,0,58400
INDUSINDBK30Jan201700CE.NFO,07/01/2020,11:00:53,4.35,3.85,1200,4.95,800,0,58400
INDUSINDBK30Jan201700CE.NFO,07/01/2020,11:02:54,4.35,3.85,800,4.95,800,0,58400
INDUSINDBK30Jan201700CE.NFO,07/01/2020,11:03:06,4.35,3.85,400,4.95,800,0,58400
INDUSINDBK30Jan201700CE.NFO,07/01/2020,11:03:13,4.35,3.9,400,4.95,800,0,58400
INDUSINDBK30Jan201700CE.NFO,07/01/2020,11:03:40,4.35,3.85,800,4.95,800,0,58400
INDUSINDBK30Jan201700CE.NFO,07/01/2020,11:03:48,4.35,3.65,800,4.95,800,0,58400
INDUSINDBK30Jan201700CE.NFO,07/01/2020,11:04:08,3.65,3.65,400,4.55,1200,400,58400
INDUSINDBK30Jan201700CE.NFO,07/01/2020,11:04:08,3.65,3.65,400,4.55,1200,0,58400
INDUSINDBK30Jan201700CE.NFO,07/01/2020,11:04:14,3.65,3.65,400,4.45,1200,0,58400
INDUSINDBK30Jan201700CE.NFO,07/01/2020,11:04:48,3.65,3.75,1200,4.45,1200,0,58400
INDUSINDBK30Jan201700CE.NFO,07/01/2020,11:05:02,3.65,3.75,400,4.45,1200,0,58400
INDUSINDBK30Jan201700CE.NFO,07/01/2020,11:05:15,3.65,3.7,800,4.35,1200,0,58400
INDUSINDBK30Jan201700CE.NFO,07/01/2020,11:05:43,3.65,3.7,800,4.35,800,0,58400
INDUSINDBK30Jan201700CE.NFO,07/01/2020,11:07:06,3.65,3.7,800,4.25,800,0,58400
INDUSINDBK30Jan201700CE.NFO,07/01/2020,11:07:11,3.65,3.7,1200,4.25,800,0,58400
INDUSINDBK30Jan201700CE.NFO,07/01/2020,11:07:21,3.65,3.75,1200,4.25,800,0,58400
INDUSINDBK30Jan201700CE.NFO,07/01/2020,11:07:31,3.65,3.75,800,4.25,800,0,58400
INDUSINDBK30Jan201700CE.NFO,07/01/2020,11:08:08,3.65,3.75,1200,4.25,800,0,58400
INDUSINDBK30Jan201700CE.NFO,07/01/2020,11:08:23,3.65,3.75,1200,4.75,400,0,58400
INDUSINDBK30Jan201700CE.NFO,07/01/2020,11:08:29,3.65,3.75,1200,4.55,800,0,58400
INDUSINDBK30Jan201700CE.NFO,07/01/2020,11:08:49,3.65,3.9,800,4.55,800,0,58400
INDUSINDBK30Jan201700CE.NFO,07/01/2020,11:09:18,3.65,3.9,400,4.55,800,0,58400
INDUSINDBK30Jan201700CE.NFO,07/01/2020,11:09:28,3.65,3.85,1200,4.55,800,0,58400
INDUSINDBK30Jan201700CE.NFO,07/01/2020,11:09:32,3.65,3.85,800,4.55,800,0,58400
INDUSINDBK30Jan201700CE.NFO,07/01/2020,11:09:41,3.65,4,1200,4.55,800,0,58400
INDUSINDBK30Jan201700CE.NFO,07/01/2020,11:09:46,3.65,4,400,4.55,800,0,58400
INDUSINDBK30Jan201700CE.NFO,07/01/2020,11:11:18,3.65,3.85,800,4.55,800,0,58400
INDUSINDBK30Jan201700CE.NFO,07/01/2020,11:11:39,3.65,3.85,400,4.55,800,0,58400
INDUSINDBK30Jan201700CE.NFO,07/01/2020,11:13:54,3.85,3.75,400,4.55,800,400,58000
INDUSINDBK30Jan201700CE.NFO,07/01/2020,11:13:59,3.85,3.75,400,4.55,800,0,58000
INDUSINDBK30Jan201700CE.NFO,07/01/2020,11:14:33,3.85,3.85,400,4.55,800,0,58000
INDUSINDBK30Jan201700CE.NFO,07/01/2020,11:15:05,3.85,3.75,400,4.55,800,400,58400
INDUSINDBK30Jan201700CE.NFO,07/01/2020,11:15:11,3.85,3.75,400,4.55,800,0,58400
INDUSINDBK30Jan201700CE.NFO,07/01/2020,11:15:27,3.85,3.75,400,3.95,1200,0,58400
INDUSINDBK30Jan201700CE.NFO,07/01/2020,11:16:31,3.95,3.75,1200,4,1200,1600,58400
INDUSINDBK30Jan201700CE.NFO,07/01/2020,11:16:41,3.95,3.9,400,4,1200,0,58400
INDUSINDBK30Jan201700CE.NFO,07/01/2020,11:16:54,3.9,3.8,400,4,1200,400,58400
INDUSINDBK30Jan201700CE.NFO,07/01/2020,11:17:00,3.9,3.8,400,4,1200,0,58400
INDUSINDBK30Jan201700CE.NFO,07/01/2020,11:17:24,4,3.8,400,4,800,400,58400
INDUSINDBK30Jan201700CE.NFO,07/01/2020,11:17:29,4,3.8,400,4,800,0,58400
INDUSINDBK30Jan201700CE.NFO,07/01/2020,11:17:41,4,3.8,1200,4.05,400,400,59200
INDUSINDBK30Jan201700CE.NFO,07/01/2020,11:17:47,4,3.8,1200,4.05,400,0,59200
INDUSINDBK30Jan201700CE.NFO,07/01/2020,11:17:56,4,3.8,1200,4.1,800,0,59200
INDUSINDBK30Jan201700CE.NFO,07/01/2020,11:18:00,4,3.8,800,4,400,0,59200
INDUSINDBK30Jan201700CE.NFO,07/01/2020,11:18:06,4,3.8,800,4.05,800,0,59200
INDUSINDBK30Jan201700CE.NFO,07/01/2020,11:18:27,4,3.8,1200,4.05,800,0,59200
INDUSINDBK30Jan201700CE.NFO,07/01/2020,11:18:37,4,3.8,800,4.1,400,0,59200
INDUSINDBK30Jan201700CE.NFO,07/01/2020,11:18:55,4,3.8,800,4.15,800,0,59200
INDUSINDBK30Jan201700CE.NFO,07/01/2020,11:19:01,4,3.8,800,4.25,800,0,59200
INDUSINDBK30Jan201700CE.NFO,07/01/2020,11:19:20,4,3.8,800,4.15,400,0,59200
INDUSINDBK30Jan201700CE.NFO,07/01/2020,11:20:03,4,3.8,800,4.1,400,0,59200
INDUSINDBK30Jan201700CE.NFO,07/01/2020,11:20:14,4,3.8,800,4.15,400,0,59200
INDUSINDBK30Jan201700CE.NFO,07/01/2020,11:20:25,4,3.8,800,4.8,400,0,59200
INDUSINDBK30Jan201700CE.NFO,07/01/2020,11:20:31,4,3.8,800,4.3,800,0,59200
INDUSINDBK30Jan201700CE.NFO,07/01/2020,11:20:46,4,3.8,800,4.3,400,0,59200
INDUSINDBK30Jan201700CE.NFO,07/01/2020,11:20:52,4,3.8,800,4.4,400,0,59200
INDUSINDBK30Jan201700CE.NFO,07/01/2020,11:20:58,4,3.8,800,4.4,800,0,59200
INDUSINDBK30Jan201700CE.NFO,07/01/2020,11:21:39,4,4,800,4.4,800,0,59200
INDUSINDBK30Jan201700CE.NFO,07/01/2020,11:21:50,4,4.1,400,4.4,800,0,59200
INDUSINDBK30Jan201700CE.NFO,07/01/2020,11:22:02,4,4.15,400,4.4,800,0,59200
INDUSINDBK30Jan201700CE.NFO,07/01/2020,11:22:10,4,4.1,800,4.4,800,0,59200
INDUSINDBK30Jan201700CE.NFO,07/01/2020,11:22:28,4.2,3.85,800,4.4,800,400,59200
INDUSINDBK30Jan201700CE.NFO,07/01/2020,11:22:56,4.2,3.85,800,4.4,800,0,59200
INDUSINDBK30Jan201700CE.NFO,07/01/2020,11:24:04,4.2,3.85,800,4.5,400,0,59200
INDUSINDBK30Jan201700CE.NFO,07/01/2020,11:24:09,4.2,3.85,800,4.4,800,0,59200
INDUSINDBK30Jan201700CE.NFO,07/01/2020,11:25:05,4.2,3.85,800,4.5,800,0,59200
INDUSINDBK30Jan201700CE.NFO,07/01/2020,11:27:48,4.2,3.85,800,4.35,400,0,59200
INDUSINDBK30Jan201700CE.NFO,07/01/2020,11:27:56,4.2,3.85,800,4.35,800,0,59200
INDUSINDBK30Jan201700CE.NFO,07/01/2020,11:28:08,4.2,3.85,800,4.35,400,0,59200
INDUSINDBK30Jan201700CE.NFO,07/01/2020,11:28:19,4.2,3.85,800,4.35,800,0,59200
INDUSINDBK30Jan201700CE.NFO,07/01/2020,11:28:30,4.2,3.85,800,4.35,400,0,59200
INDUSINDBK30Jan201700CE.NFO,07/01/2020,11:28:36,4.2,3.85,800,4.3,400,0,59200
INDUSINDBK30Jan201700CE.NFO,07/01/2020,11:28:53,4.2,3.85,800,4.25,400,0,59200
INDUSINDBK30Jan201700CE.NFO,07/01/2020,11:29:04,4.2,3.85,800,4.2,400,0,59200
INDUSINDBK30Jan201700CE.NFO,07/01/2020,11:31:50,4.2,3.85,800,4.45,800,400,59200
INDUSINDBK30Jan201700CE.NFO,07/01/2020,11:31:57,4.2,3.85,800,4.4,800,0,59200
INDUSINDBK30Jan201700CE.NFO,07/01/2020,11:32:43,4.2,3.95,800,4.4,800,0,59200
INDUSINDBK30Jan201700CE.NFO,07/01/2020,11:32:52,4.2,4.05,800,4.4,800,0,59200
INDUSINDBK30Jan201700CE.NFO,07/01/2020,11:33:56,4.2,4.05,800,4.65,800,0,59200
INDUSINDBK30Jan201700CE.NFO,07/01/2020,11:34:33,4.2,4.05,800,4.65,400,0,59200
INDUSINDBK30Jan201700CE.NFO,07/01/2020,11:34:40,4.2,4.05,800,4.65,800,0,59200
INDUSINDBK30Jan201700CE.NFO,07/01/2020,11:35:26,4.2,4.05,800,4.7,400,0,59200
INDUSINDBK30Jan201700CE.NFO,07/01/2020,11:35:32,4.2,4.05,800,4.8,400,0,59200
INDUSINDBK30Jan201700CE.NFO,07/01/2020,11:35:38,4.2,4.05,800,4.7,800,0,59200
INDUSINDBK30Jan201700CE.NFO,07/01/2020,11:36:00,4.2,4.05,800,4.65,800,0,59200
INDUSINDBK30Jan201700CE.NFO,07/01/2020,11:36:11,4.2,4.05,800,4.6,800,0,59200
INDUSINDBK30Jan201700CE.NFO,07/01/2020,11:39:51,4.2,3.95,800,4.6,800,0,59200
INDUSINDBK30Jan201700CE.NFO,07/01/2020,11:40:27,4.2,3.95,400,4.6,800,0,59200
INDUSINDBK30Jan201700CE.NFO,07/01/2020,11:40:31,4.2,3.9,800,4.6,800,0,59200
INDUSINDBK30Jan201700CE.NFO,07/01/2020,11:40:45,4.2,3.9,400,4.6,800,0,59200
INDUSINDBK30Jan201700CE.NFO,07/01/2020,11:42:29,4.2,4,400,4.25,1200,0,59200
INDUSINDBK30Jan201700CE.NFO,07/01/2020,11:42:33,4.2,4,400,4.15,400,0,59200
INDUSINDBK30Jan201700CE.NFO,07/01/2020,11:42:37,4.2,4.05,800,4.45,1200,0,59200
INDUSINDBK30Jan201700CE.NFO,07/01/2020,11:42:42,4.1,4,400,4.2,400,400,59200
INDUSINDBK30Jan201700CE.NFO,07/01/2020,11:42:51,4.1,4.05,400,4.2,400,0,59200
INDUSINDBK30Jan201700CE.NFO,07/01/2020,11:43:00,4.1,4.05,400,4.1,400,0,59200
INDUSINDBK30Jan201700CE.NFO,07/01/2020,11:43:04,4.1,4.05,400,4.15,400,400,59200
INDUSINDBK30Jan201700CE.NFO,07/01/2020,11:43:07,4.1,4.05,400,4.15,400,0,59200
INDUSINDBK30Jan201700CE.NFO,07/01/2020,11:43:10,4.1,4,800,4.15,400,0,59200
INDUSINDBK30Jan201700CE.NFO,07/01/2020,11:43:22,4.1,4,800,4.2,400,0,59200
INDUSINDBK30Jan201700CE.NFO,07/01/2020,11:43:32,4.1,4,800,4.4,1200,0,59200
INDUSINDBK30Jan201700CE.NFO,07/01/2020,11:43:45,4.1,4,800,4.4,800,0,59200
INDUSINDBK30Jan201700CE.NFO,07/01/2020,11:43:49,4.1,4,800,4.3,800,0,59200
INDUSINDBK30Jan201700CE.NFO,07/01/2020,11:44:06,4.1,4,400,4.3,800,0,59200
INDUSINDBK30Jan201700CE.NFO,07/01/2020,11:45:33,4.1,3.9,400,4.3,800,0,59200
INDUSINDBK30Jan201700CE.NFO,07/01/2020,11:45:37,4.1,3.9,400,4.2,1200,0,59200
INDUSINDBK30Jan201700CE.NFO,07/01/2020,11:47:45,4.1,3.9,400,4.1,1200,0,59200
INDUSINDBK30Jan201700CE.NFO,07/01/2020,11:47:49,4.1,3.9,800,4.1,400,800,59600
INDUSINDBK30Jan201700CE.NFO,07/01/2020,11:47:52,4.1,3.9,400,4.1,400,0,59600
INDUSINDBK30Jan201700CE.NFO,07/01/2020,11:47:58,4.1,3.85,400,4.1,400,0,59600
INDUSINDBK30Jan201700CE.NFO,07/01/2020,11:48:02,4.1,3.8,1200,4.1,400,0,59600
INDUSINDBK30Jan201700CE.NFO,07/01/2020,11:48:07,4.1,3.8,1200,4.05,1200,0,59600
INDUSINDBK30Jan201700CE.NFO,07/01/2020,11:48:32,4.1,3.8,1200,4.05,800,0,59600
INDUSINDBK30Jan201700CE.NFO,07/01/2020,11:50:16,4.1,3.8,800,4.05,800,0,59600
INDUSINDBK30Jan201700CE.NFO,07/01/2020,11:51:12,4.1,3.85,800,4.05,800,0,59600
INDUSINDBK30Jan201700CE.NFO,07/01/2020,11:53:07,4.1,3.85,1200,4.1,400,0,59600
INDUSINDBK30Jan201700CE.NFO,07/01/2020,11:53:49,4.1,3.85,1200,4.05,800,0,59600
INDUSINDBK30Jan201700CE.NFO,07/01/2020,11:53:53,4.1,3.85,1200,4.05,400,0,59600
INDUSINDBK30Jan201700CE.NFO,07/01/2020,11:53:56,4.1,3.85,1600,4.05,400,0,59600
INDUSINDBK30Jan201700CE.NFO,07/01/2020,11:54:29,4.1,3.85,1600,4,800,0,59600
INDUSINDBK30Jan201700CE.NFO,07/01/2020,11:54:41,4.1,3.85,1600,4.05,400,0,59600
INDUSINDBK30Jan201700CE.NFO,07/01/2020,11:54:50,4.1,3.85,1600,4,800,0,59600
INDUSINDBK30Jan201700CE.NFO,07/01/2020,11:55:24,4.1,3.85,1200,4,800,0,59600
INDUSINDBK30Jan201700CE.NFO,07/01/2020,11:55:27,4.1,3.85,1600,4,800,0,59600
INDUSINDBK30Jan201700CE.NFO,07/01/2020,11:55:33,4.1,3.85,1600,4,400,0,59600
INDUSINDBK30Jan201700CE.NFO,07/01/2020,11:55:36,4.1,3.85,1600,4,800,0,59600
INDUSINDBK30Jan201700CE.NFO,07/01/2020,11:55:44,4.1,3.85,1200,4,800,0,59600
INDUSINDBK30Jan201700CE.NFO,07/01/2020,11:55:47,4.1,3.85,1600,4,800,0,59600
INDUSINDBK30Jan201700CE.NFO,07/01/2020,11:55:58,4.1,3.85,1600,4,400,0,59600
INDUSINDBK30Jan201700CE.NFO,07/01/2020,11:56:01,4.1,3.85,1600,4,800,0,59600
INDUSINDBK30Jan201700CE.NFO,07/01/2020,11:56:04,4.1,3.85,1600,4.05,400,0,59600
INDUSINDBK30Jan201700CE.NFO,07/01/2020,11:56:37,4.1,3.85,1600,4,800,0,59600
INDUSINDBK30Jan201700CE.NFO,07/01/2020,11:56:41,4.1,3.85,1600,4.05,400,0,59600
INDUSINDBK30Jan201700CE.NFO,07/01/2020,11:57:24,4.1,3.85,1600,4,400,0,59600
INDUSINDBK30Jan201700CE.NFO,07/01/2020,11:57:35,4.1,3.85,1200,4,400,0,59600
INDUSINDBK30Jan201700CE.NFO,07/01/2020,11:57:39,4.1,3.85,1600,4,400,0,59600
INDUSINDBK30Jan201700CE.NFO,07/01/2020,11:58:51,4.1,3.85,1600,4.05,400,0,59600
INDUSINDBK30Jan201700CE.NFO,07/01/2020,11:59:20,4.1,3.85,1600,4,800,0,59600
INDUSINDBK30Jan201700CE.NFO,07/01/2020,12:00:18,4.1,3.85,1200,4,800,0,59600
INDUSINDBK30Jan201700CE.NFO,07/01/2020,12:00:21,4.1,3.85,1600,4,800,0,59600
INDUSINDBK30Jan201700CE.NFO,07/01/2020,12:00:41,4.1,3.85,1200,4,800,0,59600
INDUSINDBK30Jan201700CE.NFO,07/01/2020,12:00:44,4.1,3.85,1600,4,800,0,59600
INDUSINDBK30Jan201700CE.NFO,07/01/2020,12:01:42,4.1,3.85,1200,4,800,0,59600
INDUSINDBK30Jan201700CE.NFO,07/01/2020,12:01:45,4.1,3.85,1600,4,800,0,59600
INDUSINDBK30Jan201700CE.NFO,07/01/2020,12:02:02,4.1,3.85,1200,4,800,0,59600
INDUSINDBK30Jan201700CE.NFO,07/01/2020,12:02:05,4.1,3.85,1600,4,800,0,59600
INDUSINDBK30Jan201700CE.NFO,07/01/2020,12:02:23,4.1,3.85,1200,4,800,0,59600
INDUSINDBK30Jan201700CE.NFO,07/01/2020,12:02:25,4.1,3.85,1600,4,800,0,59600
INDUSINDBK30Jan201700CE.NFO,07/01/2020,12:02:37,4.1,3.9,400,4.2,400,0,59600
INDUSINDBK30Jan201700CE.NFO,07/01/2020,12:02:43,4.1,3.85,1600,4.2,1200,0,59600
INDUSINDBK30Jan201700CE.NFO,07/01/2020,12:04:28,4.1,3.85,1600,4.1,1200,0,59600
INDUSINDBK30Jan201700CE.NFO,07/01/2020,12:04:40,4.1,3.85,1600,4.1,800,0,59600
INDUSINDBK30Jan201700CE.NFO,07/01/2020,12:07:56,4.1,3.85,1600,4.2,800,0,59600
INDUSINDBK30Jan201700CE.NFO,07/01/2020,12:08:14,4.1,3.85,1600,4.3,1200,0,59600
INDUSINDBK30Jan201700CE.NFO,07/01/2020,12:08:21,4.1,3.85,1600,4.3,400,0,59600
INDUSINDBK30Jan201700CE.NFO,07/01/2020,12:08:28,4.1,3.85,1600,4.2,800,0,59600
INDUSINDBK30Jan201700CE.NFO,07/01/2020,12:08:32,4.1,3.85,1600,4.2,400,0,59600
INDUSINDBK30Jan201700CE.NFO,07/01/2020,12:10:08,4.1,3.85,1600,4.15,1200,0,59600
INDUSINDBK30Jan201700CE.NFO,07/01/2020,12:13:08,4.1,3.85,1600,4.2,400,0,59600
INDUSINDBK30Jan201700CE.NFO,07/01/2020,12:13:16,4.1,3.85,1600,4.3,800,0,59600
INDUSINDBK30Jan201700CE.NFO,07/01/2020,12:13:35,4.1,3.85,1600,4.2,1200,0,59600
INDUSINDBK30Jan201700CE.NFO,07/01/2020,12:14:23,4.1,3.85,1600,4.15,400,0,59600
INDUSINDBK30Jan201700CE.NFO,07/01/2020,12:14:27,4.15,3.85,1600,4.2,1200,400,56400
INDUSINDBK30Jan201700CE.NFO,07/01/2020,12:14:33,4.15,3.85,1600,4.2,1200,0,56400
INDUSINDBK30Jan201700CE.NFO,07/01/2020,12:14:36,4.15,3.85,1600,4.1,400,0,56400
INDUSINDBK30Jan201700CE.NFO,07/01/2020,12:15:23,4.15,3.85,1600,4.15,1200,0,56400
INDUSINDBK30Jan201700CE.NFO,07/01/2020,12:15:39,4.15,3.85,1200,4.15,1200,0,56400
INDUSINDBK30Jan201700CE.NFO,07/01/2020,12:15:43,4.15,3.85,1600,4.15,1200,0,56400
INDUSINDBK30Jan201700CE.NFO,07/01/2020,12:16:01,4.15,3.85,1600,4.15,800,0,56400
INDUSINDBK30Jan201700CE.NFO,07/01/2020,12:16:16,4.15,3.85,1200,4.15,800,0,56400
INDUSINDBK30Jan201700CE.NFO,07/01/2020,12:17:14,4.15,3.85,1600,4.15,800,0,56400
INDUSINDBK30Jan201700CE.NFO,07/01/2020,12:17:33,4.15,3.85,1200,4.15,800,0,56400
INDUSINDBK30Jan201700CE.NFO,07/01/2020,12:19:42,4.15,3.85,1600,4.15,800,0,56400
INDUSINDBK30Jan201700CE.NFO,07/01/2020,12:19:46,4.15,3.85,1200,4.15,800,0,56400
INDUSINDBK30Jan201700CE.NFO,07/01/2020,12:20:17,3.85,3.8,400,4.15,800,1200,56800
INDUSINDBK30Jan201700CE.NFO,07/01/2020,12:20:22,3.8,3.3,400,4.15,800,400,56800
INDUSINDBK30Jan201700CE.NFO,07/01/2020,12:20:29,3.8,3.3,400,3.9,800,0,56800
INDUSINDBK30Jan201700CE.NFO,07/01/2020,12:20:38,3.8,3.3,400,3.9,400,0,56800
INDUSINDBK30Jan201700CE.NFO,07/01/2020,12:21:12,3.8,3.3,400,4.7,1200,0,56800
INDUSINDBK30Jan201700CE.NFO,07/01/2020,12:21:16,3.8,3.3,400,3.8,800,0,56800
INDUSINDBK30Jan201700CE.NFO,07/01/2020,12:21:29,3.8,3.3,400,3.8,400,0,56800
INDUSINDBK30Jan201700CE.NFO,07/01/2020,12:21:43,3.8,3.3,400,3.8,800,0,56800
INDUSINDBK30Jan201700CE.NFO,07/01/2020,12:21:49,3.8,3.3,400,3.8,400,0,56800
INDUSINDBK30Jan201700CE.NFO,07/01/2020,12:21:53,3.8,3.3,400,3.8,800,0,56800
INDUSINDBK30Jan201700CE.NFO,07/01/2020,12:22:10,3.8,3.3,400,3.8,400,0,56800
INDUSINDBK30Jan201700CE.NFO,07/01/2020,12:22:14,3.8,3.3,400,3.8,800,0,56800
INDUSINDBK30Jan201700CE.NFO,07/01/2020,12:22:17,3.5,3.3,400,3.8,400,400,56800
INDUSINDBK30Jan201700CE.NFO,07/01/2020,12:22:17,3.5,3.3,400,3.8,400,0,56800
INDUSINDBK30Jan201700CE.NFO,07/01/2020,12:22:26,3.5,3.3,400,3.75,800,0,56800
INDUSINDBK30Jan201700CE.NFO,07/01/2020,12:22:33,3.5,3.3,400,3.75,400,0,56800
INDUSINDBK30Jan201700CE.NFO,07/01/2020,12:22:37,3.5,3.3,400,3.7,400,0,56800
INDUSINDBK30Jan201700CE.NFO,07/01/2020,12:22:52,3.5,3.5,400,3.7,400,0,56800
INDUSINDBK30Jan201700CE.NFO,07/01/2020,12:23:11,3.5,3.5,800,3.7,400,0,56800
INDUSINDBK30Jan201700CE.NFO,07/01/2020,12:23:18,3.5,3.5,400,3.7,400,0,56800
INDUSINDBK30Jan201700CE.NFO,07/01/2020,12:23:37,3.5,3.5,800,3.8,400,0,56800
INDUSINDBK30Jan201700CE.NFO,07/01/2020,12:23:43,3.5,3.5,800,3.7,400,0,56800
INDUSINDBK30Jan201700CE.NFO,07/01/2020,12:23:50,3.5,3.5,800,3.6,400,0,56800
INDUSINDBK30Jan201700CE.NFO,07/01/2020,12:23:54,3.5,3.5,400,3.6,400,0,56800
INDUSINDBK30Jan201700CE.NFO,07/01/2020,12:23:56,3.5,3.5,400,3.6,800,0,56800
INDUSINDBK30Jan201700CE.NFO,07/01/2020,12:24:15,3.6,3.5,400,3.75,800,400,56400
INDUSINDBK30Jan201700CE.NFO,07/01/2020,12:24:21,3.6,3.5,400,3.75,800,0,56400
INDUSINDBK30Jan201700CE.NFO,07/01/2020,12:24:56,3.6,3.5,400,3.65,1200,0,56400
INDUSINDBK30Jan201700CE.NFO,07/01/2020,12:26:35,3.6,3.5,400,3.65,800,0,56400
INDUSINDBK30Jan201700CE.NFO,07/01/2020,12:27:18,3.5,3.25,1600,3.65,800,400,56400
INDUSINDBK30Jan201700CE.NFO,07/01/2020,12:27:21,3.5,3.25,1600,3.65,800,0,56400
INDUSINDBK30Jan201700CE.NFO,07/01/2020,12:27:27,3.6,3.25,1600,3.65,800,400,56400
INDUSINDBK30Jan201700CE.NFO,07/01/2020,12:27:30,3.6,3.25,1600,3.65,800,0,56400
INDUSINDBK30Jan201700CE.NFO,07/01/2020,12:28:13,3.6,3.25,1200,3.65,800,0,56400
INDUSINDBK30Jan201700CE.NFO,07/01/2020,12:28:26,3.6,3.25,1200,3.6,1200,0,56400
INDUSINDBK30Jan201700CE.NFO,07/01/2020,12:28:29,3.6,3.25,1200,3.6,400,0,56400
INDUSINDBK30Jan201700CE.NFO,07/01/2020,12:28:33,3.6,3.25,1200,3.6,800,0,56400
INDUSINDBK30Jan201700CE.NFO,07/01/2020,12:28:57,3.6,3.25,400,3.45,400,0,56400
INDUSINDBK30Jan201700CE.NFO,07/01/2020,12:29:18,3.6,3.25,800,3.45,400,0,56400
INDUSINDBK30Jan201700CE.NFO,07/01/2020,12:29:22,3.6,3.25,400,3.45,400,0,56400
INDUSINDBK30Jan201700CE.NFO,07/01/2020,12:29:28,3.6,3.25,800,3.45,400,0,56400
INDUSINDBK30Jan201700CE.NFO,07/01/2020,12:29:37,3.6,3.25,400,3.45,400,0,56400
INDUSINDBK30Jan201700CE.NFO,07/01/2020,12:29:42,3.25,3.2,800,3.45,400,400,56400
INDUSINDBK30Jan201700CE.NFO,07/01/2020,12:29:42,3.25,3.2,800,3.45,400,0,56400
INDUSINDBK30Jan201700CE.NFO,07/01/2020,12:29:51,3.25,3.2,800,3.45,400,0,56400
INDUSINDBK30Jan201700CE.NFO,07/01/2020,12:30:04,3.25,3.25,400,3.45,400,0,56400
INDUSINDBK30Jan201700CE.NFO,07/01/2020,12:30:22,3.25,3.3,400,3.45,400,0,56400
INDUSINDBK30Jan201700CE.NFO,07/01/2020,12:30:58,3.25,3.2,800,3.45,400,0,56400
INDUSINDBK30Jan201700CE.NFO,07/01/2020,12:31:11,3.25,3.25,400,3.45,400,0,56400
INDUSINDBK30Jan201700CE.NFO,07/01/2020,12:31:33,3.25,3.3,400,3.6,1200,0,56400
INDUSINDBK30Jan201700CE.NFO,07/01/2020,12:31:37,3.25,3.25,1200,3.6,1200,0,56400
INDUSINDBK30Jan201700CE.NFO,07/01/2020,12:31:55,3.25,3.25,800,3.6,1200,0,56400
INDUSINDBK30Jan201700CE.NFO,07/01/2020,12:32:03,3.25,3.25,400,3.6,1200,0,56400
INDUSINDBK30Jan201700CE.NFO,07/01/2020,12:32:08,3.25,3.25,400,3.5,1200,0,56400
INDUSINDBK30Jan201700CE.NFO,07/01/2020,12:32:34,3.25,3.1,800,3.5,1200,400,56400
INDUSINDBK30Jan201700CE.NFO,07/01/2020,12:32:56,3.25,3.15,400,3.5,1200,0,56400
INDUSINDBK30Jan201700CE.NFO,07/01/2020,12:33:00,3.25,3.15,800,3.5,1200,0,56400
INDUSINDBK30Jan201700CE.NFO,07/01/2020,12:34:35,3.25,3.15,800,3.5,800,0,56400
INDUSINDBK30Jan201700CE.NFO,07/01/2020,12:36:02,3.25,3.25,800,3.5,800,0,56400
INDUSINDBK30Jan201700CE.NFO,07/01/2020,12:37:11,3.25,3.3,400,3.5,800,0,56400
INDUSINDBK30Jan201700CE.NFO,07/01/2020,12:37:38,3.25,3.3,800,3.5,800,0,56400
INDUSINDBK30Jan201700CE.NFO,07/01/2020,12:37:56,3.25,3.3,800,3.5,400,0,56400
INDUSINDBK30Jan201700CE.NFO,07/01/2020,12:40:25,3.25,3.3,800,3.55,800,0,56400
INDUSINDBK30Jan201700CE.NFO,07/01/2020,12:40:31,3.25,3.3,800,3.6,800,0,56400
INDUSINDBK30Jan201700CE.NFO,07/01/2020,12:40:34,3.25,3.3,800,3.55,800,0,56400
INDUSINDBK30Jan201700CE.NFO,07/01/2020,12:42:53,3.25,3.3,800,3.55,400,0,56400
INDUSINDBK30Jan201700CE.NFO,07/01/2020,12:44:14,3.25,3.3,800,3.65,400,0,56400
INDUSINDBK30Jan201700CE.NFO,07/01/2020,12:45:03,3.65,3.3,400,3.7,400,400,56000
INDUSINDBK30Jan201700CE.NFO,07/01/2020,12:45:22,3.65,3.3,400,3.75,800,0,56000
INDUSINDBK30Jan201700CE.NFO,07/01/2020,12:45:49,3.65,3.4,1200,3.75,400,0,56000
INDUSINDBK30Jan201700CE.NFO,07/01/2020,12:45:55,3.65,3.4,1200,4.1,1200,0,56000
INDUSINDBK30Jan201700CE.NFO,07/01/2020,12:46:20,3.65,3.5,1200,4.1,400,0,56000
INDUSINDBK30Jan201700CE.NFO,07/01/2020,12:47:12,3.65,3.6,1200,4.1,400,0,56000
INDUSINDBK30Jan201700CE.NFO,07/01/2020,12:47:56,3.65,3.6,800,4.1,400,0,56000
INDUSINDBK30Jan201700CE.NFO,07/01/2020,12:48:33,3.65,3.5,400,4.1,400,0,56000
INDUSINDBK30Jan201700CE.NFO,07/01/2020,12:48:38,3.65,3.55,800,4.1,400,0,56000
INDUSINDBK30Jan201700CE.NFO,07/01/2020,12:48:43,3.65,3.6,1200,4.1,400,0,56000
INDUSINDBK30Jan201700CE.NFO,07/01/2020,12:48:48,3.65,3.6,400,4.1,400,0,56000
INDUSINDBK30Jan201700CE.NFO,07/01/2020,12:49:40,3.65,3.6,400,3.95,1200,0,56000
INDUSINDBK30Jan201700CE.NFO,07/01/2020,12:50:30,3.65,3.6,400,3.95,400,0,56000
INDUSINDBK30Jan201700CE.NFO,07/01/2020,12:51:14,3.65,3.6,400,3.95,800,0,56000
INDUSINDBK30Jan201700CE.NFO,07/01/2020,12:52:17,3.6,3.55,800,3.95,800,400,56000
INDUSINDBK30Jan201700CE.NFO,07/01/2020,12:52:26,3.6,3.65,800,3.95,800,0,56000
INDUSINDBK30Jan201700CE.NFO,07/01/2020,12:52:29,3.65,3.65,400,3.95,400,400,56000
INDUSINDBK30Jan201700CE.NFO,07/01/2020,12:54:31,3.65,3.65,400,3.95,400,0,56000
INDUSINDBK30Jan201700CE.NFO,07/01/2020,12:54:49,3.65,3.65,400,4.1,400,0,56000
INDUSINDBK30Jan201700CE.NFO,07/01/2020,12:55:20,3.65,3.7,400,4.1,400,0,56000
INDUSINDBK30Jan201700CE.NFO,07/01/2020,12:56:29,3.7,3.2,1200,3.9,1200,400,56400
INDUSINDBK30Jan201700CE.NFO,07/01/2020,12:57:31,3.7,3.2,1200,3.8,1200,0,56400
INDUSINDBK30Jan201700CE.NFO,07/01/2020,12:57:45,3.7,3.2,1200,3.7,1200,0,56400
INDUSINDBK30Jan201700CE.NFO,07/01/2020,12:58:00,3.7,3.3,1200,3.7,1200,0,56400
INDUSINDBK30Jan201700CE.NFO,07/01/2020,12:59:53,3.7,3.25,800,3.6,800,0,56400
INDUSINDBK30Jan201700CE.NFO,07/01/2020,13:00:28,3.7,3.25,800,3.55,800,0,56400
INDUSINDBK30Jan201700CE.NFO,07/01/2020,13:00:45,3.7,3.25,800,3.7,800,0,56400
INDUSINDBK30Jan201700CE.NFO,07/01/2020,13:08:13,3.7,3.15,800,3.7,800,0,56400
INDUSINDBK30Jan201700CE.NFO,07/01/2020,13:08:58,3.7,3.15,400,3.7,800,0,56400
INDUSINDBK30Jan201700CE.NFO,07/01/2020,13:09:13,3.7,3.15,800,3.7,800,0,56400
INDUSINDBK30Jan201700CE.NFO,07/01/2020,13:13:28,3.7,3.25,1200,3.7,800,0,56400
INDUSINDBK30Jan201700CE.NFO,07/01/2020,13:13:33,3.7,3.3,1200,3.7,800,0,56400
INDUSINDBK30Jan201700CE.NFO,07/01/2020,13:14:56,3.7,3.3,800,3.7,800,0,56400
INDUSINDBK30Jan201700CE.NFO,07/01/2020,13:15:33,3.3,3.2,400,3.7,800,400,56000
INDUSINDBK30Jan201700CE.NFO,07/01/2020,13:16:47,3.3,3.2,400,3.7,800,0,56000
INDUSINDBK30Jan201700CE.NFO,07/01/2020,13:16:59,3.3,3.2,800,3.7,800,0,56000
INDUSINDBK30Jan201700CE.NFO,07/01/2020,13:17:09,3.3,3.2,400,3.7,800,0,56000
INDUSINDBK30Jan201700CE.NFO,07/01/2020,13:17:23,3.2,3.15,400,3.7,800,400,56000
INDUSINDBK30Jan201700CE.NFO,07/01/2020,13:17:23,3.2,3.15,400,3.7,800,0,56000
INDUSINDBK30Jan201700CE.NFO,07/01/2020,13:17:37,3.2,3.15,400,3.4,800,0,56000
INDUSINDBK30Jan201700CE.NFO,07/01/2020,13:17:48,3.2,3.15,800,3.4,800,0,56000
INDUSINDBK30Jan201700CE.NFO,07/01/2020,13:18:02,3.2,3.15,400,3.4,800,0,56000
INDUSINDBK30Jan201700CE.NFO,07/01/2020,13:18:13,3.2,3.15,800,3.4,800,0,56000
INDUSINDBK30Jan201700CE.NFO,07/01/2020,13:18:19,3.2,3.15,400,3.4,800,0,56000
INDUSINDBK30Jan201700CE.NFO,07/01/2020,13:18:58,3.2,3.15,400,3.4,400,0,56000
INDUSINDBK30Jan201700CE.NFO,07/01/2020,13:19:39,3.2,3.15,400,3.2,800,0,56000
INDUSINDBK30Jan201700CE.NFO,07/01/2020,13:20:05,3.2,3.15,400,3.4,400,800,56000
INDUSINDBK30Jan201700CE.NFO,07/01/2020,13:20:10,3.2,3.15,400,3.4,400,0,56000
INDUSINDBK30Jan201700CE.NFO,07/01/2020,13:20:15,3.2,3.15,400,3.3,800,0,56000
INDUSINDBK30Jan201700CE.NFO,07/01/2020,13:20:21,3.2,3.15,400,3.3,400,0,56000
INDUSINDBK30Jan201700CE.NFO,07/01/2020,13:21:59,3.2,3.05,2000,3.3,400,0,56000
INDUSINDBK30Jan201700CE.NFO,07/01/2020,13:22:59,3.2,3.05,2000,3.2,1200,0,56000
INDUSINDBK30Jan201700CE.NFO,07/01/2020,13:23:17,3.2,3.05,2000,3.3,400,0,56000
INDUSINDBK30Jan201700CE.NFO,07/01/2020,13:24:08,3.2,3.05,2400,3.3,400,0,56000
INDUSINDBK30Jan201700CE.NFO,07/01/2020,13:24:25,3.2,3.05,2000,3.3,400,0,56000
INDUSINDBK30Jan201700CE.NFO,07/01/2020,13:25:49,3.2,3.05,2000,3.25,400,0,56000
INDUSINDBK30Jan201700CE.NFO,07/01/2020,13:25:53,3.2,3.05,2000,3.2,1200,0,56000
INDUSINDBK30Jan201700CE.NFO,07/01/2020,13:26:15,3.2,3.05,2000,3.3,400,0,56000
INDUSINDBK30Jan201700CE.NFO,07/01/2020,13:26:27,3.2,3.1,400,3.3,400,0,56000
INDUSINDBK30Jan201700CE.NFO,07/01/2020,13:27:34,3.1,3.05,2000,3.2,400,400,56400
INDUSINDBK30Jan201700CE.NFO,07/01/2020,13:27:34,3.1,3.05,2000,3.2,400,0,56400
INDUSINDBK30Jan201700CE.NFO,07/01/2020,13:27:40,3.1,3.05,2000,3.2,400,0,56400
INDUSINDBK30Jan201700CE.NFO,07/01/2020,13:27:53,3.05,3.05,1600,3.2,400,400,56400
INDUSINDBK30Jan201700CE.NFO,07/01/2020,13:27:53,3.05,3.05,1600,3.2,400,0,56400
INDUSINDBK30Jan201700CE.NFO,07/01/2020,13:28:00,3.05,3.05,400,3.1,400,1200,56400
INDUSINDBK30Jan201700CE.NFO,07/01/2020,13:28:05,3.05,3.05,400,3.1,400,0,56400
INDUSINDBK30Jan201700CE.NFO,07/01/2020,13:28:22,3.1,3.05,400,3.2,400,400,56400
INDUSINDBK30Jan201700CE.NFO,07/01/2020,13:28:27,3.1,3.05,400,3.15,1200,0,56400
INDUSINDBK30Jan201700CE.NFO,07/01/2020,13:28:43,3.1,3.05,400,3.15,800,0,56400
INDUSINDBK30Jan201700CE.NFO,07/01/2020,13:28:49,3.05,3,800,3.15,800,400,56400
INDUSINDBK30Jan201700CE.NFO,07/01/2020,13:28:55,3,2.9,400,3.05,800,800,56400
INDUSINDBK30Jan201700CE.NFO,07/01/2020,13:28:55,3,2.9,400,3.05,800,0,56400
INDUSINDBK30Jan201700CE.NFO,07/01/2020,13:29:10,3,2.9,400,3.05,800,0,56400
INDUSINDBK30Jan201700CE.NFO,07/01/2020,13:29:34,3,2.9,400,3.05,400,0,56400
INDUSINDBK30Jan201700CE.NFO,07/01/2020,13:29:40,3,2.9,800,3.05,400,0,56400
INDUSINDBK30Jan201700CE.NFO,07/01/2020,13:29:47,3,2.85,400,3.05,400,0,56400
INDUSINDBK30Jan201700CE.NFO,07/01/2020,13:30:12,3,2.85,400,3,400,0,56400
INDUSINDBK30Jan201700CE.NFO,07/01/2020,13:30:28,3,2.85,400,3,800,0,56400
INDUSINDBK30Jan201700CE.NFO,07/01/2020,13:30:41,3,2.8,1200,3,800,0,56400
INDUSINDBK30Jan201700CE.NFO,07/01/2020,13:30:46,3,2.8,800,3,800,0,56400
INDUSINDBK30Jan201700CE.NFO,07/01/2020,13:31:06,3,2.8,1200,3,800,0,56400
INDUSINDBK30Jan201700CE.NFO,07/01/2020,13:31:18,3,2.8,800,3,800,0,56400
INDUSINDBK30Jan201700CE.NFO,07/01/2020,13:31:23,3,2.8,400,3,800,0,56400
INDUSINDBK30Jan201700CE.NFO,07/01/2020,13:31:35,3,2.8,1200,3.1,800,0,56400
INDUSINDBK30Jan201700CE.NFO,07/01/2020,13:31:54,3.1,2.95,800,4.85,1200,400,58400
INDUSINDBK30Jan201700CE.NFO,07/01/2020,13:32:01,3.1,2.95,800,4.85,1200,0,58400
INDUSINDBK30Jan201700CE.NFO,07/01/2020,13:32:08,3.1,2.95,400,4.85,1200,0,58400
INDUSINDBK30Jan201700CE.NFO,07/01/2020,13:32:25,3.1,2.95,400,3.5,1200,0,58400
INDUSINDBK30Jan201700CE.NFO,07/01/2020,13:32:30,2.95,2.9,400,3.5,1200,800,58400
INDUSINDBK30Jan201700CE.NFO,07/01/2020,13:32:30,2.95,2.9,400,3.5,1200,0,58400
INDUSINDBK30Jan201700CE.NFO,07/01/2020,13:32:35,2.95,2.9,400,3.5,1200,0,58400
INDUSINDBK30Jan201700CE.NFO,07/01/2020,13:32:42,2.95,2.85,400,3.5,1200,0,58400
INDUSINDBK30Jan201700CE.NFO,07/01/2020,13:32:59,2.95,2.85,400,3.4,1200,0,58400
INDUSINDBK30Jan201700CE.NFO,07/01/2020,13:33:04,2.95,2.8,800,3.4,1200,0,58400
INDUSINDBK30Jan201700CE.NFO,07/01/2020,13:33:13,2.95,2.8,1200,3.4,1200,0,58400
INDUSINDBK30Jan201700CE.NFO,07/01/2020,13:33:17,2.95,2.8,800,3.4,1200,0,58400
INDUSINDBK30Jan201700CE.NFO,07/01/2020,13:33:22,2.8,2.8,400,3.4,1200,400,58400
INDUSINDBK30Jan201700CE.NFO,07/01/2020,13:33:22,2.8,2.8,400,3.4,1200,0,58400
INDUSINDBK30Jan201700CE.NFO,07/01/2020,13:33:27,2.8,2.8,400,3.4,1200,0,58400
INDUSINDBK30Jan201700CE.NFO,07/01/2020,13:34:03,2.8,2.8,400,3.3,1200,0,58400
INDUSINDBK30Jan201700CE.NFO,07/01/2020,13:34:07,2.8,2.8,800,3.3,1200,0,58400
INDUSINDBK30Jan201700CE.NFO,07/01/2020,13:36:46,2.8,2.8,400,3.3,1200,0,58400
INDUSINDBK30Jan201700CE.NFO,07/01/2020,13:36:51,2.8,2.8,800,3.3,1200,0,58400
INDUSINDBK30Jan201700CE.NFO,07/01/2020,13:38:26,2.8,2.9,800,3.2,400,0,58400
INDUSINDBK30Jan201700CE.NFO,07/01/2020,13:38:32,2.8,2.85,1200,3.2,800,0,58400
INDUSINDBK30Jan201700CE.NFO,07/01/2020,13:38:49,2.8,2.85,800,3.2,800,0,58400
INDUSINDBK30Jan201700CE.NFO,07/01/2020,13:39:48,2.8,2.8,1200,3.2,800,0,58400
INDUSINDBK30Jan201700CE.NFO,07/01/2020,13:40:52,2.8,2.8,1200,3.25,400,0,58400
INDUSINDBK30Jan201700CE.NFO,07/01/2020,13:41:01,2.8,2.8,1200,3.2,800,0,58400
INDUSINDBK30Jan201700CE.NFO,07/01/2020,13:41:05,2.8,2.8,1200,3.3,400,0,58400
INDUSINDBK30Jan201700CE.NFO,07/01/2020,13:42:23,2.8,2.8,1200,3.4,400,0,58400
INDUSINDBK30Jan201700CE.NFO,07/01/2020,13:42:35,2.8,2.8,1200,3.45,800,0,58400
INDUSINDBK30Jan201700CE.NFO,07/01/2020,13:42:51,2.8,2.8,1200,3.35,1200,0,58400
INDUSINDBK30Jan201700CE.NFO,07/01/2020,13:43:21,2.8,2.9,1200,3.35,1200,0,58400
INDUSINDBK30Jan201700CE.NFO,07/01/2020,13:43:50,2.8,2.9,1200,3.25,400,0,58400
INDUSINDBK30Jan201700CE.NFO,07/01/2020,13:44:15,2.8,2.9,1200,3.3,800,0,58400
INDUSINDBK30Jan201700CE.NFO,07/01/2020,13:45:32,2.8,2.9,1200,3.3,400,0,58400
INDUSINDBK30Jan201700CE.NFO,07/01/2020,13:45:36,2.8,2.9,1200,3.3,800,0,58400
INDUSINDBK30Jan201700CE.NFO,07/01/2020,13:45:45,3.1,2.9,1200,3.35,400,400,58400
INDUSINDBK30Jan201700CE.NFO,07/01/2020,13:45:57,3.1,3,1200,3.35,400,0,58400
INDUSINDBK30Jan201700CE.NFO,07/01/2020,13:46:07,3.1,3,1200,3.3,800,0,58400
INDUSINDBK30Jan201700CE.NFO,07/01/2020,13:46:19,3.1,3,1200,3.4,400,0,58400
INDUSINDBK30Jan201700CE.NFO,07/01/2020,13:46:23,3.1,3,1200,3.35,800,0,58400
INDUSINDBK30Jan201700CE.NFO,07/01/2020,13:46:42,3.1,3,1200,3.5,800,0,58400
INDUSINDBK30Jan201700CE.NFO,07/01/2020,13:46:50,3.1,3,1200,3.45,800,0,58400
INDUSINDBK30Jan201700CE.NFO,07/01/2020,13:46:57,3.1,3,1200,3.6,400,0,58400
INDUSINDBK30Jan201700CE.NFO,07/01/2020,13:47:04,3.1,3,1200,3.4,400,0,58400
INDUSINDBK30Jan201700CE.NFO,07/01/2020,13:47:10,3.1,3,1200,3.45,400,0,58400
INDUSINDBK30Jan201700CE.NFO,07/01/2020,13:47:31,3.1,3,1200,3.4,800,0,58400
INDUSINDBK30Jan201700CE.NFO,07/01/2020,13:47:37,3.1,3,1200,3.4,400,0,58400
INDUSINDBK30Jan201700CE.NFO,07/01/2020,13:47:55,3.1,3,1200,3.4,800,0,58400
INDUSINDBK30Jan201700CE.NFO,07/01/2020,13:48:22,3.1,3,1200,3.4,400,0,58400
INDUSINDBK30Jan201700CE.NFO,07/01/2020,13:48:27,3.1,3.1,1200,3.4,800,0,58400
INDUSINDBK30Jan201700CE.NFO,07/01/2020,13:48:51,3.1,3.1,1200,3.5,400,0,58400
INDUSINDBK30Jan201700CE.NFO,07/01/2020,13:49:03,3.1,3.1,1200,3.6,400,0,58400
INDUSINDBK30Jan201700CE.NFO,07/01/2020,13:49:15,3.1,3.1,1600,3.5,400,0,58400
INDUSINDBK30Jan201700CE.NFO,07/01/2020,13:49:21,3.1,3.1,1600,3.55,400,0,58400
INDUSINDBK30Jan201700CE.NFO,07/01/2020,13:49:28,3.1,3.1,1600,3.65,800,0,58400
INDUSINDBK30Jan201700CE.NFO,07/01/2020,13:49:54,3.1,3.1,1600,3.65,400,0,58400
INDUSINDBK30Jan201700CE.NFO,07/01/2020,13:50:00,3.1,3.1,1600,3.65,800,0,58400
INDUSINDBK30Jan201700CE.NFO,07/01/2020,13:50:10,3.1,3.1,1600,3.65,1200,0,58400
INDUSINDBK30Jan201700CE.NFO,07/01/2020,13:50:18,3.6,3.1,1600,3.95,400,800,58400
INDUSINDBK30Jan201700CE.NFO,07/01/2020,13:50:25,3.6,3.25,1200,3.85,800,0,58400
INDUSINDBK30Jan201700CE.NFO,07/01/2020,13:50:32,3.6,3.25,1200,3.75,400,0,58400
INDUSINDBK30Jan201700CE.NFO,07/01/2020,13:50:38,3.6,3.25,1200,3.8,1200,0,58400
INDUSINDBK30Jan201700CE.NFO,07/01/2020,13:50:46,3.6,3.25,1600,3.8,1200,0,58400
INDUSINDBK30Jan201700CE.NFO,07/01/2020,13:50:54,3.6,3.25,1600,3.75,400,0,58400
INDUSINDBK30Jan201700CE.NFO,07/01/2020,13:51:00,3.6,3.25,1600,3.75,800,0,58400
INDUSINDBK30Jan201700CE.NFO,07/01/2020,13:51:06,3.6,3.25,1600,3.75,400,0,58400
INDUSINDBK30Jan201700CE.NFO,07/01/2020,13:51:12,3.75,3.35,1200,3.8,1200,400,58400
INDUSINDBK30Jan201700CE.NFO,07/01/2020,13:51:18,3.75,3.35,1200,3.8,1200,0,58400
INDUSINDBK30Jan201700CE.NFO,07/01/2020,13:51:23,3.75,3.45,1200,3.8,1200,0,58400
INDUSINDBK30Jan201700CE.NFO,07/01/2020,13:51:48,3.75,3.45,1200,3.8,1600,0,58400
INDUSINDBK30Jan201700CE.NFO,07/01/2020,13:52:27,3.75,3.45,800,3.8,1600,0,58400
INDUSINDBK30Jan201700CE.NFO,07/01/2020,13:52:36,3.75,3.1,400,3.8,1600,0,58400
INDUSINDBK30Jan201700CE.NFO,07/01/2020,13:52:41,3.75,3.25,800,3.8,1600,0,58400
INDUSINDBK30Jan201700CE.NFO,07/01/2020,13:53:11,3.75,3.2,800,3.8,1600,0,58400
INDUSINDBK30Jan201700CE.NFO,07/01/2020,13:54:04,3.75,3.2,1200,3.8,1600,0,58400
INDUSINDBK30Jan201700CE.NFO,07/01/2020,13:54:14,3.75,3.2,800,3.8,1600,0,58400
INDUSINDBK30Jan201700CE.NFO,07/01/2020,13:55:14,3.75,3.2,800,3.75,800,0,58400
INDUSINDBK30Jan201700CE.NFO,07/01/2020,13:55:20,3.75,3.2,800,3.8,1600,0,58400
INDUSINDBK30Jan201700CE.NFO,07/01/2020,13:55:30,3.75,3.2,800,3.8,1200,0,58400
INDUSINDBK30Jan201700CE.NFO,07/01/2020,13:55:40,3.75,3.2,800,3.8,1600,0,58400
INDUSINDBK30Jan201700CE.NFO,07/01/2020,13:56:30,3.75,3.2,400,3.8,1600,0,58400
INDUSINDBK30Jan201700CE.NFO,07/01/2020,13:56:56,3.75,3.3,1200,3.8,1600,0,58400
INDUSINDBK30Jan201700CE.NFO,07/01/2020,13:59:06,3.75,3.3,1200,3.8,1200,0,58400
INDUSINDBK30Jan201700CE.NFO,07/01/2020,13:59:19,3.75,3.3,1200,3.8,1600,0,58400
INDUSINDBK30Jan201700CE.NFO,07/01/2020,14:04:05,3.75,3.3,400,3.8,1600,0,58400
INDUSINDBK30Jan201700CE.NFO,07/01/2020,14:05:05,3.75,3.25,800,3.8,1600,0,58400
INDUSINDBK30Jan201700CE.NFO,07/01/2020,14:05:20,3.75,3.25,400,3.8,1600,0,58400
INDUSINDBK30Jan201700CE.NFO,07/01/2020,14:05:34,3.75,3.15,400,3.8,1600,0,58400
INDUSINDBK30Jan201700CE.NFO,07/01/2020,14:05:51,3.75,3.2,400,3.8,1600,0,58400
INDUSINDBK30Jan201700CE.NFO,07/01/2020,14:05:55,3.75,3.15,400,3.8,1600,0,58400
INDUSINDBK30Jan201700CE.NFO,07/01/2020,14:06:28,3.75,3.1,800,3.8,1600,0,58400
INDUSINDBK30Jan201700CE.NFO,07/01/2020,14:06:32,3.75,3.05,800,3.8,1600,0,58400
INDUSINDBK30Jan201700CE.NFO,07/01/2020,14:07:26,3.75,3.1,800,3.8,1600,0,58400
INDUSINDBK30Jan201700CE.NFO,07/01/2020,14:07:33,3.75,3.05,400,3.8,1600,0,58400
INDUSINDBK30Jan201700CE.NFO,07/01/2020,14:07:39,3.75,3.05,800,3.8,1600,0,58400
INDUSINDBK30Jan201700CE.NFO,07/01/2020,14:08:35,3.75,3.05,400,3.8,1600,0,58400
INDUSINDBK30Jan201700CE.NFO,07/01/2020,14:08:49,3.75,3.1,1200,3.8,1600,0,58400
INDUSINDBK30Jan201700CE.NFO,07/01/2020,14:09:09,3.75,3.1,400,3.8,1600,0,58400
INDUSINDBK30Jan201700CE.NFO,07/01/2020,14:09:53,3.75,3.25,1200,3.8,1600,0,58400
INDUSINDBK30Jan201700CE.NFO,07/01/2020,14:10:01,3.75,3.15,400,3.8,1600,0,58400
INDUSINDBK30Jan201700CE.NFO,07/01/2020,14:10:08,3.75,3.2,400,3.8,1600,0,58400
INDUSINDBK30Jan201700CE.NFO,07/01/2020,14:10:15,3.75,3.2,1200,3.75,800,0,58400
INDUSINDBK30Jan201700CE.NFO,07/01/2020,14:10:20,3.75,3.2,400,3.75,800,0,58400
INDUSINDBK30Jan201700CE.NFO,07/01/2020,14:10:25,3.75,3.1,400,3.75,800,0,58400
INDUSINDBK30Jan201700CE.NFO,07/01/2020,14:10:30,3.75,3.05,400,3.75,800,0,58400
INDUSINDBK30Jan201700CE.NFO,07/01/2020,14:10:35,3.75,3.05,800,3.75,800,0,58400
INDUSINDBK30Jan201700CE.NFO,07/01/2020,14:10:51,3.75,3.05,800,3.6,1200,0,58400
INDUSINDBK30Jan201700CE.NFO,07/01/2020,14:11:11,3.75,3.05,800,3.75,400,0,58400
INDUSINDBK30Jan201700CE.NFO,07/01/2020,14:11:16,3.75,3.05,800,3.7,1200,0,58400
INDUSINDBK30Jan201700CE.NFO,07/01/2020,14:12:20,3.75,3.1,1200,3.7,1200,0,58400
INDUSINDBK30Jan201700CE.NFO,07/01/2020,14:12:39,3.75,3.2,1200,3.7,400,0,58400
INDUSINDBK30Jan201700CE.NFO,07/01/2020,14:13:34,3.75,3.3,400,3.7,400,0,58400
INDUSINDBK30Jan201700CE.NFO,07/01/2020,14:13:41,3.75,3.25,400,3.7,400,0,58400
INDUSINDBK30Jan201700CE.NFO,07/01/2020,14:13:53,3.75,3.25,400,3.75,800,0,58400
INDUSINDBK30Jan201700CE.NFO,07/01/2020,14:13:58,3.75,3.25,400,3.75,1200,0,58400
INDUSINDBK30Jan201700CE.NFO,07/01/2020,14:14:05,3.75,3.25,400,3.75,400,0,58400
INDUSINDBK30Jan201700CE.NFO,07/01/2020,14:14:11,3.75,3.25,400,3.75,800,0,58400
INDUSINDBK30Jan201700CE.NFO,07/01/2020,14:15:40,3.75,3.25,400,3.75,400,400,57200
INDUSINDBK30Jan201700CE.NFO,07/01/2020,14:17:35,3.75,3.25,400,3.75,400,0,57200
INDUSINDBK30Jan201700CE.NFO,07/01/2020,14:22:55,3.75,3.1,1200,3.75,400,0,57200
INDUSINDBK30Jan201700CE.NFO,07/01/2020,14:24:09,3.75,3.1,800,3.75,400,0,57200
INDUSINDBK30Jan201700CE.NFO,07/01/2020,14:24:52,3.75,3.15,800,3.75,400,0,57200
INDUSINDBK30Jan201700CE.NFO,07/01/2020,14:25:00,3.75,3.05,1200,3.75,400,0,57200
INDUSINDBK30Jan201700CE.NFO,07/01/2020,14:29:54,3.75,3.05,1200,3.75,400,0,56800
INDUSINDBK30Jan201700CE.NFO,07/01/2020,14:30:51,3.75,3.05,1200,4.15,1200,0,56800
INDUSINDBK30Jan201700CE.NFO,07/01/2020,14:31:28,3.75,3.15,1200,4.15,1200,0,56800
INDUSINDBK30Jan201700CE.NFO,07/01/2020,14:31:34,3.75,3.35,400,4.05,1200,0,56800
INDUSINDBK30Jan201700CE.NFO,07/01/2020,14:31:48,3.75,3.25,400,4.05,1200,0,56800
INDUSINDBK30Jan201700CE.NFO,07/01/2020,14:32:04,3.6,3.2,800,4.05,1200,400,56800
INDUSINDBK30Jan201700CE.NFO,07/01/2020,14:32:34,3.6,3.2,800,3.8,1200,0,56800
INDUSINDBK30Jan201700CE.NFO,07/01/2020,14:34:37,3.6,3.2,400,3.8,1200,0,56800
INDUSINDBK30Jan201700CE.NFO,07/01/2020,14:35:35,3.6,3.1,1200,3.8,1200,0,56800
INDUSINDBK30Jan201700CE.NFO,07/01/2020,14:35:47,3.6,3.1,1200,3.7,1200,0,56800
INDUSINDBK30Jan201700CE.NFO,07/01/2020,14:36:02,3.6,3.25,400,3.7,1200,0,56800
INDUSINDBK30Jan201700CE.NFO,07/01/2020,14:37:02,3.6,3.3,400,3.7,1200,0,56800
INDUSINDBK30Jan201700CE.NFO,07/01/2020,14:38:47,3.6,3.3,800,3.7,1200,0,56800
INDUSINDBK30Jan201700CE.NFO,07/01/2020,14:38:53,3.6,3.3,400,3.7,1200,0,56800
INDUSINDBK30Jan201700CE.NFO,07/01/2020,14:38:59,3.6,3.3,800,3.7,1200,0,56800
INDUSINDBK30Jan201700CE.NFO,07/01/2020,14:39:04,3.6,3.3,400,3.7,1200,0,56800
INDUSINDBK30Jan201700CE.NFO,07/01/2020,14:39:19,3.6,3.3,800,3.7,1200,0,56800
INDUSINDBK30Jan201700CE.NFO,07/01/2020,14:39:27,3.6,3.3,800,3.7,400,0,56800
INDUSINDBK30Jan201700CE.NFO,07/01/2020,14:39:46,3.6,3.3,800,3.7,800,0,56800
INDUSINDBK30Jan201700CE.NFO,07/01/2020,14:40:52,3.6,3.3,400,3.7,800,0,56800
INDUSINDBK30Jan201700CE.NFO,07/01/2020,14:40:56,3.6,3.25,800,3.7,800,0,56800
INDUSINDBK30Jan201700CE.NFO,07/01/2020,14:41:18,3.6,3.25,800,3.6,1200,0,56800
INDUSINDBK30Jan201700CE.NFO,07/01/2020,14:41:22,3.6,3.25,800,3.6,800,0,56800
INDUSINDBK30Jan201700CE.NFO,07/01/2020,14:41:37,3.6,3.25,800,3.6,1200,0,56800
INDUSINDBK30Jan201700CE.NFO,07/01/2020,14:43:48,3.6,3.25,800,3.6,800,0,56800
INDUSINDBK30Jan201700CE.NFO,07/01/2020,14:44:19,3.6,3.25,800,3.6,400,0,56800
INDUSINDBK30Jan201700CE.NFO,07/01/2020,14:44:23,3.6,3.25,800,3.6,800,0,56800
INDUSINDBK30Jan201700CE.NFO,07/01/2020,14:45:22,3.6,3.25,1200,3.6,800,0,56800
INDUSINDBK30Jan201700CE.NFO,07/01/2020,14:45:29,3.6,3.25,400,3.6,800,0,56800
INDUSINDBK30Jan201700CE.NFO,07/01/2020,14:45:54,3.6,3.25,400,3.5,1200,0,56800
INDUSINDBK30Jan201700CE.NFO,07/01/2020,14:46:55,3.6,3.25,800,3.5,1200,0,56800
INDUSINDBK30Jan201700CE.NFO,07/01/2020,14:48:25,3.6,3.25,400,3.5,1200,0,56800
INDUSINDBK30Jan201700CE.NFO,07/01/2020,14:48:32,3.6,3.25,800,3.5,1200,0,56800
INDUSINDBK30Jan201700CE.NFO,07/01/2020,14:48:37,3.6,3.25,400,3.5,1200,0,56800
INDUSINDBK30Jan201700CE.NFO,07/01/2020,14:48:42,3.6,3.25,800,3.5,1200,0,56800
INDUSINDBK30Jan201700CE.NFO,07/01/2020,14:48:47,3.6,3.25,400,3.5,1200,0,56800
INDUSINDBK30Jan201700CE.NFO,07/01/2020,14:52:44,3.6,3.2,400,3.5,1200,0,56800
INDUSINDBK30Jan201700CE.NFO,07/01/2020,14:53:07,3.6,3.15,400,3.5,1200,0,56800
INDUSINDBK30Jan201700CE.NFO,07/01/2020,14:53:20,3.6,3.15,400,3.55,1200,0,56800
INDUSINDBK30Jan201700CE.NFO,07/01/2020,14:54:21,3.6,3.25,800,3.55,1200,0,56800
INDUSINDBK30Jan201700CE.NFO,07/01/2020,14:54:27,3.6,3.25,400,3.55,800,0,56800
INDUSINDBK30Jan201700CE.NFO,07/01/2020,14:54:34,3.6,3.2,400,3.55,800,0,56800
INDUSINDBK30Jan201700CE.NFO,07/01/2020,14:54:53,3.6,3.2,800,3.55,800,0,56800
INDUSINDBK30Jan201700CE.NFO,07/01/2020,14:55:09,3.6,3.1,400,3.55,800,0,56800
INDUSINDBK30Jan201700CE.NFO,07/01/2020,14:55:15,3.6,3.05,1200,3.55,800,0,56800
INDUSINDBK30Jan201700CE.NFO,07/01/2020,14:55:53,3.6,3.05,400,3.55,800,0,56800
INDUSINDBK30Jan201700CE.NFO,07/01/2020,14:56:04,3.6,3,400,3.55,800,0,56800
INDUSINDBK30Jan201700CE.NFO,07/01/2020,14:56:11,3.6,3,800,3.55,800,0,56800
INDUSINDBK30Jan201700CE.NFO,07/01/2020,14:57:10,3.6,3,400,3.55,800,0,56800
INDUSINDBK30Jan201700CE.NFO,07/01/2020,14:57:20,3.6,3,400,3.45,1200,0,56800
INDUSINDBK30Jan201700CE.NFO,07/01/2020,14:57:56,3.6,3.05,400,3.45,1200,0,56800
INDUSINDBK30Jan201700CE.NFO,07/01/2020,14:58:16,3.6,3,800,3.45,1200,0,56800
INDUSINDBK30Jan201700CE.NFO,07/01/2020,14:58:25,3.6,3,400,3.45,1200,0,56800
INDUSINDBK30Jan201700CE.NFO,07/01/2020,14:59:08,3.6,3,800,3.45,1200,0,56800
INDUSINDBK30Jan201700CE.NFO,07/01/2020,14:59:15,3.6,3,400,3.45,1200,0,56800
INDUSINDBK30Jan201700CE.NFO,07/01/2020,14:59:44,3.6,3.1,1200,3.5,1600,0,56800
INDUSINDBK30Jan201700CE.NFO,07/01/2020,14:59:53,3.6,3.1,400,3.5,1600,0,56800
INDUSINDBK30Jan201700CE.NFO,07/01/2020,14:59:57,3.6,3,400,3.5,1600,0,56800
INDUSINDBK30Jan201700CE.NFO,07/01/2020,15:00:04,3.6,3.05,400,3.5,1600,0,56800
INDUSINDBK30Jan201700CE.NFO,07/01/2020,15:00:13,3.6,3.05,800,3.5,1600,0,56800
INDUSINDBK30Jan201700CE.NFO,07/01/2020,15:00:21,3.6,3,800,3.5,1600,0,56800
INDUSINDBK30Jan201700CE.NFO,07/01/2020,15:00:58,3.6,3,400,3.5,1600,0,56800
INDUSINDBK30Jan201700CE.NFO,07/01/2020,15:01:05,3.6,3,800,3.5,1600,0,56800
INDUSINDBK30Jan201700CE.NFO,07/01/2020,15:05:49,3.6,3,400,3.5,1600,0,56800
INDUSINDBK30Jan201700CE.NFO,07/01/2020,15:06:14,3.6,3.05,400,3.5,1600,0,56800
INDUSINDBK30Jan201700CE.NFO,07/01/2020,15:08:25,3.6,3.15,800,3.5,1600,0,56800
INDUSINDBK30Jan201700CE.NFO,07/01/2020,15:08:36,3.5,3.15,400,3.5,400,1200,56800
INDUSINDBK30Jan201700CE.NFO,07/01/2020,15:08:46,3.5,3.15,400,3.4,1200,0,56800
INDUSINDBK30Jan201700CE.NFO,07/01/2020,15:08:59,3.5,3.15,400,3.3,400,0,56800
INDUSINDBK30Jan201700CE.NFO,07/01/2020,15:09:04,3.5,3.15,400,3.25,400,0,56800
INDUSINDBK30Jan201700CE.NFO,07/01/2020,15:09:19,3.5,3.1,400,3.25,1200,0,56800
INDUSINDBK30Jan201700CE.NFO,07/01/2020,15:09:25,3.5,3.1,400,3.25,800,0,56800
INDUSINDBK30Jan201700CE.NFO,07/01/2020,15:09:48,3.5,3.05,400,3.25,400,0,56800
INDUSINDBK30Jan201700CE.NFO,07/01/2020,15:10:12,3.5,3.05,400,3.3,400,0,56800
INDUSINDBK30Jan201700CE.NFO,07/01/2020,15:10:29,3.5,3.05,400,3.7,1200,0,56800
INDUSINDBK30Jan201700CE.NFO,07/01/2020,15:10:34,3.5,3.15,800,3.7,1200,0,56800
INDUSINDBK30Jan201700CE.NFO,07/01/2020,15:10:49,3.5,3.15,400,3.7,1200,0,56800
INDUSINDBK30Jan201700CE.NFO,07/01/2020,15:11:06,3.5,3.1,800,3.45,1200,0,56800
INDUSINDBK30Jan201700CE.NFO,07/01/2020,15:13:07,3.5,3.2,1200,3.45,1200,0,56800
INDUSINDBK30Jan201700CE.NFO,07/01/2020,15:13:16,3.5,3.2,800,3.45,1200,0,56800
INDUSINDBK30Jan201700CE.NFO,07/01/2020,15:13:25,3.5,3.25,800,3.45,1200,0,56800
INDUSINDBK30Jan201700CE.NFO,07/01/2020,15:13:31,3.5,3.2,800,3.45,1200,0,56800
INDUSINDBK30Jan201700CE.NFO,07/01/2020,15:13:42,3.5,3.2,800,3.45,800,0,56800
INDUSINDBK30Jan201700CE.NFO,07/01/2020,15:13:46,3.5,3.2,800,3.45,400,0,56800
INDUSINDBK30Jan201700CE.NFO,07/01/2020,15:13:51,3.5,3.2,400,3.45,400,0,56800
INDUSINDBK30Jan201700CE.NFO,07/01/2020,15:13:57,3.5,3.2,1200,3.45,400,0,56800
INDUSINDBK30Jan201700CE.NFO,07/01/2020,15:14:01,3.5,3.2,1200,3.25,400,0,56800
INDUSINDBK30Jan201700CE.NFO,07/01/2020,15:14:19,3.2,3.2,800,3.4,400,400,57200
INDUSINDBK30Jan201700CE.NFO,07/01/2020,15:14:29,3.2,3.2,800,3.45,400,0,57200
INDUSINDBK30Jan201700CE.NFO,07/01/2020,15:14:38,3.2,3.2,1200,3.45,400,0,57200
INDUSINDBK30Jan201700CE.NFO,07/01/2020,15:15:17,3.2,3.2,1200,3.75,1200,0,57200
INDUSINDBK30Jan201700CE.NFO,07/01/2020,15:15:32,3.2,3.2,800,3.75,1200,0,57200
INDUSINDBK30Jan201700CE.NFO,07/01/2020,15:16:36,3.2,3.2,1600,3.75,1200,0,57200
INDUSINDBK30Jan201700CE.NFO,07/01/2020,15:17:23,3.2,3.2,1600,3.75,1600,0,57200
INDUSINDBK30Jan201700CE.NFO,07/01/2020,15:18:21,3.2,3.2,800,3.75,1600,0,57200
INDUSINDBK30Jan201700CE.NFO,07/01/2020,15:21:11,3.2,3.2,400,3.75,1600,0,57200
INDUSINDBK30Jan201700CE.NFO,07/01/2020,15:21:19,3.2,3.2,800,3.75,1600,0,57200
INDUSINDBK30Jan201700CE.NFO,07/01/2020,15:21:27,3.2,3.2,400,3.75,1600,0,57200
INDUSINDBK30Jan201700CE.NFO,07/01/2020,15:21:47,3.2,3.2,800,3.75,1600,0,57200
INDUSINDBK30Jan201700CE.NFO,07/01/2020,15:22:21,3.2,3.2,400,3.75,1600,0,57200
INDUSINDBK30Jan201700CE.NFO,07/01/2020,15:22:27,3.2,3.2,800,3.75,1600,0,57200
INDUSINDBK30Jan201700CE.NFO,07/01/2020,15:22:58,3.2,3.2,400,3.75,1600,0,57200
INDUSINDBK30Jan201700CE.NFO,07/01/2020,15:23:19,3.2,3.2,800,3.75,1600,0,57200
INDUSINDBK30Jan201700CE.NFO,07/01/2020,15:23:26,3.2,3.2,400,3.75,1600,0,57200
INDUSINDBK30Jan201700CE.NFO,07/01/2020,15:23:32,3.2,3.2,800,3.75,1600,0,57200
INDUSINDBK30Jan201700CE.NFO,07/01/2020,15:24:45,3.2,3.2,1200,3.75,1600,0,57200
INDUSINDBK30Jan201700CE.NFO,07/01/2020,15:26:08,3.2,3.2,800,3.75,1600,0,57200
INDUSINDBK30Jan201700CE.NFO,07/01/2020,15:26:20,3.2,3.2,800,3.65,1200,0,57200
INDUSINDBK30Jan201700CE.NFO,07/01/2020,15:26:52,3.2,3.2,400,3.65,1200,0,57200
INDUSINDBK30Jan201700CE.NFO,07/01/2020,15:26:57,3.2,3.2,800,3.65,1200,0,57200
INDUSINDBK30Jan201700CE.NFO,07/01/2020,15:27:09,3.2,3.2,400,3.65,1200,0,57200
INDUSINDBK30Jan201700CE.NFO,07/01/2020,15:27:29,3.2,3.2,800,3.65,1200,0,57200
INDUSINDBK30Jan201700CE.NFO,07/01/2020,15:27:53,3.2,3.2,800,3.55,1200,0,57200
INDUSINDBK30Jan201700CE.NFO,07/01/2020,15:27:58,3.55,3.2,800,3.55,800,400,57200
INDUSINDBK30Jan201700CE.NFO,07/01/2020,15:28:21,3.55,3.2,800,3.45,1200,0,57200
INDUSINDBK30Jan201700CE.NFO,07/01/2020,15:28:44,3.55,3.2,800,3.55,400,0,57200
INDUSINDBK30Jan201700CE.NFO,07/01/2020,15:28:55,3.55,3.2,400,3.55,400,0,57200
