Ticker,Date,Time,LTP,BuyPrice,BuyQty,SellPrice,SellQty,LTQ,OpenInterest
INDUSINDBK30Jan201650CE.NFO,07/01/2020,09:37:52,11.95,11.7,800,12,400,400,12000
INDUSINDBK30Jan201650CE.NFO,07/01/2020,09:37:52,11.95,11.7,800,12,400,0,12000
INDUSINDBK30Jan201650CE.NFO,07/01/2020,09:37:52,11.95,11.7,800,12,400,0,12000
INDUSINDBK30Jan201650CE.NFO,07/01/2020,09:37:52,11.95,11.7,800,12,400,0,12000
INDUSINDBK30Jan201650CE.NFO,07/01/2020,09:38:06,11.95,11.7,800,12,400,0,12000
INDUSINDBK30Jan201650CE.NFO,07/01/2020,09:38:54,11.95,11.7,800,11.95,400,0,12000
INDUSINDBK30Jan201650CE.NFO,07/01/2020,09:39:02,11.95,11.7,800,12,400,0,12000
INDUSINDBK30Jan201650CE.NFO,07/01/2020,09:39:15,11.95,11.8,800,12,400,0,12000
INDUSINDBK30Jan201650CE.NFO,07/01/2020,09:40:38,11.95,8.2,400,11.95,800,0,12000
INDUSINDBK30Jan201650CE.NFO,07/01/2020,09:41:07,11.95,8.3,1600,11.95,800,0,12000
INDUSINDBK30Jan201650CE.NFO,07/01/2020,09:41:13,11.95,9.05,1200,11.95,800,0,12000
INDUSINDBK30Jan201650CE.NFO,07/01/2020,09:42:23,12,9.05,1200,12.6,800,400,12400
INDUSINDBK30Jan201650CE.NFO,07/01/2020,09:42:23,12,9.05,1200,12.6,800,0,12400
INDUSINDBK30Jan201650CE.NFO,07/01/2020,09:42:30,12,9.05,1200,12.6,800,0,12400
INDUSINDBK30Jan201650CE.NFO,07/01/2020,09:42:57,12,9.05,400,17.1,5600,0,12400
INDUSINDBK30Jan201650CE.NFO,07/01/2020,09:43:02,12,9.05,400,15.8,1200,0,12400
INDUSINDBK30Jan201650CE.NFO,07/01/2020,09:43:08,12,9.05,400,15.7,400,0,12400
INDUSINDBK30Jan201650CE.NFO,07/01/2020,09:43:18,12,9.05,400,14.75,400,0,12400
INDUSINDBK30Jan201650CE.NFO,07/01/2020,09:44:07,12,9.15,400,14.75,400,0,12400
INDUSINDBK30Jan201650CE.NFO,07/01/2020,09:44:12,12,9.25,400,14.75,400,0,12400
INDUSINDBK30Jan201650CE.NFO,07/01/2020,09:44:18,12,9.55,400,14.75,400,0,12400
INDUSINDBK30Jan201650CE.NFO,07/01/2020,09:44:23,12,10.05,400,14.75,400,0,12400
INDUSINDBK30Jan201650CE.NFO,07/01/2020,09:44:29,12,10.3,400,14.75,400,0,12400
INDUSINDBK30Jan201650CE.NFO,07/01/2020,09:44:34,12,8.35,3600,14.75,400,0,12400
INDUSINDBK30Jan201650CE.NFO,07/01/2020,09:44:39,12,9.55,400,14.75,400,0,12400
INDUSINDBK30Jan201650CE.NFO,07/01/2020,09:44:44,12,10.05,400,14.75,400,0,12400
INDUSINDBK30Jan201650CE.NFO,07/01/2020,09:44:49,12,10.1,400,14.75,400,0,12400
INDUSINDBK30Jan201650CE.NFO,07/01/2020,09:44:54,12,10.15,400,14.75,400,0,12400
INDUSINDBK30Jan201650CE.NFO,07/01/2020,09:44:59,12,10.2,400,14.75,400,0,12400
INDUSINDBK30Jan201650CE.NFO,07/01/2020,09:45:05,12,10.3,400,14.75,400,0,12400
INDUSINDBK30Jan201650CE.NFO,07/01/2020,09:45:11,12,10.35,400,14.75,400,0,12400
INDUSINDBK30Jan201650CE.NFO,07/01/2020,09:45:24,12,10.5,400,14.75,400,0,12400
INDUSINDBK30Jan201650CE.NFO,07/01/2020,09:45:47,12,10.55,400,14.75,400,0,12400
INDUSINDBK30Jan201650CE.NFO,07/01/2020,09:45:53,12,10.55,400,15.65,400,0,12400
INDUSINDBK30Jan201650CE.NFO,07/01/2020,09:46:29,12,10.55,400,15.6,400,0,12400
INDUSINDBK30Jan201650CE.NFO,07/01/2020,09:46:35,12,10.55,400,15.5,400,0,12400
INDUSINDBK30Jan201650CE.NFO,07/01/2020,09:46:40,12,10.55,400,15.4,400,0,12400
INDUSINDBK30Jan201650CE.NFO,07/01/2020,09:46:53,12,10.55,400,15.3,400,0,12400
INDUSINDBK30Jan201650CE.NFO,07/01/2020,09:46:57,12,10.55,400,15.25,400,0,12400
INDUSINDBK30Jan201650CE.NFO,07/01/2020,09:47:02,12,10.55,400,15.3,400,0,12400
INDUSINDBK30Jan201650CE.NFO,07/01/2020,09:47:07,12,10.55,400,15.25,400,0,12400
INDUSINDBK30Jan201650CE.NFO,07/01/2020,09:47:15,12,8.45,2000,15.25,400,0,12400
INDUSINDBK30Jan201650CE.NFO,07/01/2020,09:47:24,12,8.45,2000,15.1,400,0,12400
INDUSINDBK30Jan201650CE.NFO,07/01/2020,09:47:34,12,8.45,2000,14.9,400,0,12400
INDUSINDBK30Jan201650CE.NFO,07/01/2020,09:47:42,12,8.55,2000,14.9,400,0,12400
INDUSINDBK30Jan201650CE.NFO,07/01/2020,09:47:46,12,9.55,400,14.9,400,0,12400
INDUSINDBK30Jan201650CE.NFO,07/01/2020,09:47:50,12,9.75,400,14.9,400,0,12400
INDUSINDBK30Jan201650CE.NFO,07/01/2020,09:48:03,12,10.05,400,14.9,400,0,12400
INDUSINDBK30Jan201650CE.NFO,07/01/2020,09:48:10,12,10.5,400,14.9,400,0,12400
INDUSINDBK30Jan201650CE.NFO,07/01/2020,09:48:18,12,10.5,400,14.75,400,0,12400
INDUSINDBK30Jan201650CE.NFO,07/01/2020,09:48:22,12,10.5,400,13.65,400,0,12400
INDUSINDBK30Jan201650CE.NFO,07/01/2020,09:48:38,12,8.2,2800,13.65,400,0,12400
INDUSINDBK30Jan201650CE.NFO,07/01/2020,09:48:48,12,9.55,400,13.65,400,0,12400
INDUSINDBK30Jan201650CE.NFO,07/01/2020,09:49:04,12,9.75,400,13.65,400,0,12400
INDUSINDBK30Jan201650CE.NFO,07/01/2020,09:49:08,12,10.05,400,13.65,400,0,12400
INDUSINDBK30Jan201650CE.NFO,07/01/2020,09:49:13,12,10.25,400,13.65,400,0,12400
INDUSINDBK30Jan201650CE.NFO,07/01/2020,09:49:18,12,10.5,400,13.65,400,0,12400
INDUSINDBK30Jan201650CE.NFO,07/01/2020,09:50:05,12,10.55,400,13.65,400,0,12400
INDUSINDBK30Jan201650CE.NFO,07/01/2020,09:50:10,12,10.6,400,13.65,400,0,12400
INDUSINDBK30Jan201650CE.NFO,07/01/2020,09:50:56,12,8.25,2000,13.65,400,0,12400
INDUSINDBK30Jan201650CE.NFO,07/01/2020,09:51:06,12,8.65,400,13.65,400,0,12400
INDUSINDBK30Jan201650CE.NFO,07/01/2020,09:51:11,12,9.15,400,13.65,400,0,12400
INDUSINDBK30Jan201650CE.NFO,07/01/2020,09:51:17,12,9.55,400,13.1,400,0,12400
INDUSINDBK30Jan201650CE.NFO,07/01/2020,09:51:27,12,10.05,400,13.1,400,0,12400
INDUSINDBK30Jan201650CE.NFO,07/01/2020,09:52:10,12,10.05,400,14.9,400,0,12400
INDUSINDBK30Jan201650CE.NFO,07/01/2020,09:52:14,12,10.05,400,14.7,400,0,12400
INDUSINDBK30Jan201650CE.NFO,07/01/2020,09:53:02,12,10.05,400,14.65,400,0,12400
INDUSINDBK30Jan201650CE.NFO,07/01/2020,09:53:14,12,10.05,400,13.95,400,0,12400
INDUSINDBK30Jan201650CE.NFO,07/01/2020,09:53:19,12,10.05,400,13.45,400,0,12400
INDUSINDBK30Jan201650CE.NFO,07/01/2020,09:53:24,12,10.05,400,13,400,0,12400
INDUSINDBK30Jan201650CE.NFO,07/01/2020,09:54:16,12,10.05,400,12.95,400,0,12400
INDUSINDBK30Jan201650CE.NFO,07/01/2020,09:54:38,12,10.05,400,12.8,400,0,12400
INDUSINDBK30Jan201650CE.NFO,07/01/2020,09:54:43,12,10.05,400,12.7,400,0,12400
INDUSINDBK30Jan201650CE.NFO,07/01/2020,09:55:22,12,10.05,400,12.95,400,0,12400
INDUSINDBK30Jan201650CE.NFO,07/01/2020,09:55:26,12,10.05,400,12.85,400,0,12400
INDUSINDBK30Jan201650CE.NFO,07/01/2020,09:55:31,12,10.05,400,12.8,400,0,12400
INDUSINDBK30Jan201650CE.NFO,07/01/2020,09:55:36,12,10.05,400,12.75,400,0,12400
INDUSINDBK30Jan201650CE.NFO,07/01/2020,09:55:40,12,10.05,400,12.7,400,0,12400
INDUSINDBK30Jan201650CE.NFO,07/01/2020,09:55:50,12,10.05,400,12.65,400,0,12400
INDUSINDBK30Jan201650CE.NFO,07/01/2020,09:56:19,12,10.05,400,12.45,400,0,12400
INDUSINDBK30Jan201650CE.NFO,07/01/2020,09:58:42,12,8.2,400,12.45,400,0,12400
INDUSINDBK30Jan201650CE.NFO,07/01/2020,09:59:00,12,8.2,400,12,400,0,12400
INDUSINDBK30Jan201650CE.NFO,07/01/2020,09:59:06,12,8.3,400,12,400,0,12400
INDUSINDBK30Jan201650CE.NFO,07/01/2020,09:59:11,12,8.55,400,12,400,0,12400
INDUSINDBK30Jan201650CE.NFO,07/01/2020,09:59:17,12,9.05,400,12,400,0,12400
INDUSINDBK30Jan201650CE.NFO,07/01/2020,10:00:16,12,9.05,400,11.95,400,0,12400
INDUSINDBK30Jan201650CE.NFO,07/01/2020,10:00:22,12,9.05,400,11.8,400,0,12400
INDUSINDBK30Jan201650CE.NFO,07/01/2020,10:00:38,12,9.05,400,13.5,400,0,12400
INDUSINDBK30Jan201650CE.NFO,07/01/2020,10:01:23,12,9.05,400,13.15,400,0,12400
INDUSINDBK30Jan201650CE.NFO,07/01/2020,10:01:29,12,9.05,400,12.95,400,0,12400
INDUSINDBK30Jan201650CE.NFO,07/01/2020,10:01:35,12,9.05,400,12.75,400,0,12400
INDUSINDBK30Jan201650CE.NFO,07/01/2020,10:03:26,12,9.25,400,12.75,400,0,12400
INDUSINDBK30Jan201650CE.NFO,07/01/2020,10:03:35,12,9.55,400,12.75,400,0,12400
INDUSINDBK30Jan201650CE.NFO,07/01/2020,10:03:39,12,9.55,400,12,400,0,12400
INDUSINDBK30Jan201650CE.NFO,07/01/2020,10:05:06,12,9.55,400,11.95,400,0,12400
INDUSINDBK30Jan201650CE.NFO,07/01/2020,10:05:15,12,9.55,400,11.9,400,0,12400
INDUSINDBK30Jan201650CE.NFO,07/01/2020,10:05:33,12,9.55,400,11.85,400,0,12400
INDUSINDBK30Jan201650CE.NFO,07/01/2020,10:05:39,12,9.55,400,11.8,400,0,12400
INDUSINDBK30Jan201650CE.NFO,07/01/2020,10:06:24,12,8.2,400,11.75,400,0,12400
INDUSINDBK30Jan201650CE.NFO,07/01/2020,10:06:30,12,8.2,400,11.65,400,0,12400
INDUSINDBK30Jan201650CE.NFO,07/01/2020,10:06:35,12,8.2,400,11.5,400,0,12400
INDUSINDBK30Jan201650CE.NFO,07/01/2020,10:06:52,12,8.3,400,11.45,400,0,12400
INDUSINDBK30Jan201650CE.NFO,07/01/2020,10:06:57,12,8.55,400,11,400,0,12400
INDUSINDBK30Jan201650CE.NFO,07/01/2020,10:08:14,12,9,400,11,400,0,12400
INDUSINDBK30Jan201650CE.NFO,07/01/2020,10:08:19,12,9.2,400,11,400,0,12400
INDUSINDBK30Jan201650CE.NFO,07/01/2020,10:08:28,12,9.25,400,11,400,0,12400
INDUSINDBK30Jan201650CE.NFO,07/01/2020,10:08:33,12,9.5,400,11,400,0,12400
INDUSINDBK30Jan201650CE.NFO,07/01/2020,10:08:56,12,8.55,400,11,400,0,12400
INDUSINDBK30Jan201650CE.NFO,07/01/2020,10:09:00,12,9.05,400,11,400,0,12400
INDUSINDBK30Jan201650CE.NFO,07/01/2020,10:09:05,12,9.25,400,11,400,0,12400
INDUSINDBK30Jan201650CE.NFO,07/01/2020,10:09:09,12,9.5,400,11,400,0,12400
INDUSINDBK30Jan201650CE.NFO,07/01/2020,10:09:13,12,8.55,400,11,400,0,12400
INDUSINDBK30Jan201650CE.NFO,07/01/2020,10:09:43,12,8.55,400,10.95,400,0,12400
INDUSINDBK30Jan201650CE.NFO,07/01/2020,10:10:02,10.95,8.55,400,11,400,400,12400
INDUSINDBK30Jan201650CE.NFO,07/01/2020,10:10:02,10.95,8.55,400,11,400,0,12400
INDUSINDBK30Jan201650CE.NFO,07/01/2020,10:10:12,10.95,8.65,400,11,400,0,12400
INDUSINDBK30Jan201650CE.NFO,07/01/2020,10:10:17,10.95,9.05,400,11,400,0,12400
INDUSINDBK30Jan201650CE.NFO,07/01/2020,10:10:22,10.95,9.25,400,11,400,0,12400
INDUSINDBK30Jan201650CE.NFO,07/01/2020,10:10:25,10.95,9.3,400,11,400,0,12400
INDUSINDBK30Jan201650CE.NFO,07/01/2020,10:10:29,10.95,9.35,400,11,400,0,12400
INDUSINDBK30Jan201650CE.NFO,07/01/2020,10:10:38,10.95,9.5,400,11,400,0,12400
INDUSINDBK30Jan201650CE.NFO,07/01/2020,10:10:47,10.95,8.55,400,11,400,0,12400
INDUSINDBK30Jan201650CE.NFO,07/01/2020,10:11:04,10.95,8.55,400,10.95,400,0,12400
INDUSINDBK30Jan201650CE.NFO,07/01/2020,10:11:13,10.95,8.55,800,10.95,400,0,12400
INDUSINDBK30Jan201650CE.NFO,07/01/2020,10:11:24,10.95,8.55,800,11,400,0,12400
INDUSINDBK30Jan201650CE.NFO,07/01/2020,10:11:29,10.95,8.65,400,11,400,0,12400
INDUSINDBK30Jan201650CE.NFO,07/01/2020,10:11:39,10.95,8.85,400,11,400,0,12400
INDUSINDBK30Jan201650CE.NFO,07/01/2020,10:12:05,10.95,9.5,400,11,400,0,12400
INDUSINDBK30Jan201650CE.NFO,07/01/2020,10:12:31,10.95,9.65,400,11,400,0,12400
INDUSINDBK30Jan201650CE.NFO,07/01/2020,10:12:41,10.95,9.6,400,11,400,0,12400
INDUSINDBK30Jan201650CE.NFO,07/01/2020,10:13:11,10.95,9.65,400,11,400,0,12400
INDUSINDBK30Jan201650CE.NFO,07/01/2020,10:13:17,10.95,9.45,400,11,400,0,12400
INDUSINDBK30Jan201650CE.NFO,07/01/2020,10:13:22,10.95,9.5,800,11,400,0,12400
INDUSINDBK30Jan201650CE.NFO,07/01/2020,10:13:27,10.95,9.5,400,11,400,0,12400
INDUSINDBK30Jan201650CE.NFO,07/01/2020,10:13:31,10.95,9.5,800,11,400,0,12400
INDUSINDBK30Jan201650CE.NFO,07/01/2020,10:13:35,10.95,9.5,400,11,400,0,12400
INDUSINDBK30Jan201650CE.NFO,07/01/2020,10:13:50,10.95,9.6,400,11,400,0,12400
INDUSINDBK30Jan201650CE.NFO,07/01/2020,10:14:00,10.95,9.7,400,11,400,0,12400
INDUSINDBK30Jan201650CE.NFO,07/01/2020,10:14:21,10.95,9.85,400,11,400,0,12400
INDUSINDBK30Jan201650CE.NFO,07/01/2020,10:16:29,10.95,9.65,400,11,400,0,12400
INDUSINDBK30Jan201650CE.NFO,07/01/2020,10:19:54,10.95,9.75,400,11,400,0,12400
INDUSINDBK30Jan201650CE.NFO,07/01/2020,10:20:02,10.95,9.9,400,11,400,0,12400
INDUSINDBK30Jan201650CE.NFO,07/01/2020,10:21:08,10.95,10,400,11,400,0,12400
INDUSINDBK30Jan201650CE.NFO,07/01/2020,10:21:51,10.95,9.8,800,11,400,0,12400
INDUSINDBK30Jan201650CE.NFO,07/01/2020,10:21:55,10.95,9.8,400,11,400,0,12400
INDUSINDBK30Jan201650CE.NFO,07/01/2020,10:21:58,10.95,9.6,400,11,400,0,12400
INDUSINDBK30Jan201650CE.NFO,07/01/2020,10:22:08,10.95,9.4,400,11,400,0,12400
INDUSINDBK30Jan201650CE.NFO,07/01/2020,10:25:36,10.95,8.9,400,11,400,0,12400
INDUSINDBK30Jan201650CE.NFO,07/01/2020,10:25:52,10.95,9.15,400,11,400,0,12400
INDUSINDBK30Jan201650CE.NFO,07/01/2020,10:30:04,10.95,9.15,800,11,400,0,12400
INDUSINDBK30Jan201650CE.NFO,07/01/2020,10:30:06,10.95,9.15,400,11,400,0,12400
INDUSINDBK30Jan201650CE.NFO,07/01/2020,10:30:17,10.95,9.15,800,11,400,0,12400
INDUSINDBK30Jan201650CE.NFO,07/01/2020,10:30:23,10.95,9.25,400,11,400,0,12400
INDUSINDBK30Jan201650CE.NFO,07/01/2020,10:30:25,10.95,9.25,800,11,400,0,12400
INDUSINDBK30Jan201650CE.NFO,07/01/2020,10:30:31,10.95,9.25,400,11,400,0,12400
INDUSINDBK30Jan201650CE.NFO,07/01/2020,10:30:36,10.95,9.25,800,11,400,0,12400
INDUSINDBK30Jan201650CE.NFO,07/01/2020,10:30:38,10.95,9.25,400,11,400,0,12400
INDUSINDBK30Jan201650CE.NFO,07/01/2020,10:31:01,10.95,9.25,800,11,400,0,12400
INDUSINDBK30Jan201650CE.NFO,07/01/2020,10:31:04,10.95,9.25,400,11,400,0,12400
INDUSINDBK30Jan201650CE.NFO,07/01/2020,10:32:16,10.95,9.05,400,11,400,0,12400
INDUSINDBK30Jan201650CE.NFO,07/01/2020,10:32:39,10.95,8.85,800,11,400,0,12400
INDUSINDBK30Jan201650CE.NFO,07/01/2020,10:32:51,10.95,8.85,400,11,400,0,12400
INDUSINDBK30Jan201650CE.NFO,07/01/2020,10:32:55,10.95,9,400,11,400,0,12400
INDUSINDBK30Jan201650CE.NFO,07/01/2020,10:32:58,10.95,9,800,11,400,0,12400
INDUSINDBK30Jan201650CE.NFO,07/01/2020,10:33:04,10.95,9.1,400,11,400,0,12400
INDUSINDBK30Jan201650CE.NFO,07/01/2020,10:34:50,10.95,9.4,400,11,400,0,12400
INDUSINDBK30Jan201650CE.NFO,07/01/2020,10:45:56,10.95,8.9,400,11,400,0,12400
INDUSINDBK30Jan201650CE.NFO,07/01/2020,10:49:49,10.95,8.9,400,10.95,400,0,12400
INDUSINDBK30Jan201650CE.NFO,07/01/2020,10:50:32,10.95,8.9,400,11,400,0,12400
INDUSINDBK30Jan201650CE.NFO,07/01/2020,10:51:03,10.95,8.9,400,10.95,400,0,12400
INDUSINDBK30Jan201650CE.NFO,07/01/2020,10:53:01,10.95,8.55,400,10.95,400,0,12400
INDUSINDBK30Jan201650CE.NFO,07/01/2020,10:53:49,10.95,8.35,400,10.95,400,0,12400
INDUSINDBK30Jan201650CE.NFO,07/01/2020,10:56:44,10.95,8.35,800,10.95,400,0,12400
INDUSINDBK30Jan201650CE.NFO,07/01/2020,10:57:15,10.95,8.45,400,10.95,400,0,12400
INDUSINDBK30Jan201650CE.NFO,07/01/2020,10:57:21,10.95,8.25,400,10.95,400,0,12400
INDUSINDBK30Jan201650CE.NFO,07/01/2020,10:57:28,10.95,8.2,400,10.95,400,0,12400
INDUSINDBK30Jan201650CE.NFO,07/01/2020,10:57:36,10.95,8.15,400,10.95,400,0,12400
INDUSINDBK30Jan201650CE.NFO,07/01/2020,10:57:42,10.95,8.2,400,10.95,400,0,12400
INDUSINDBK30Jan201650CE.NFO,07/01/2020,10:58:33,10.95,8.15,400,10.95,400,0,12400
INDUSINDBK30Jan201650CE.NFO,07/01/2020,10:59:04,10.95,8.2,400,10.95,400,0,12400
INDUSINDBK30Jan201650CE.NFO,07/01/2020,10:59:10,10.95,8.15,400,10.95,400,0,12400
INDUSINDBK30Jan201650CE.NFO,07/01/2020,10:59:57,10.95,8.2,400,10.95,400,0,12400
INDUSINDBK30Jan201650CE.NFO,07/01/2020,11:00:04,10.95,8.15,400,10.95,400,0,12400
INDUSINDBK30Jan201650CE.NFO,07/01/2020,11:01:06,8.15,8,400,10.95,400,400,12400
INDUSINDBK30Jan201650CE.NFO,07/01/2020,11:01:06,8.15,8,400,10.95,400,0,12400
INDUSINDBK30Jan201650CE.NFO,07/01/2020,11:01:14,8.15,8,400,10.95,400,0,12400
INDUSINDBK30Jan201650CE.NFO,07/01/2020,11:03:38,8,7,400,10.95,400,400,12800
INDUSINDBK30Jan201650CE.NFO,07/01/2020,11:03:38,8,7,400,10.95,400,0,12800
INDUSINDBK30Jan201650CE.NFO,07/01/2020,11:03:53,8,7,400,10.95,400,0,12800
INDUSINDBK30Jan201650CE.NFO,07/01/2020,11:06:16,8,7.2,400,10.95,400,0,12800
INDUSINDBK30Jan201650CE.NFO,07/01/2020,11:06:28,8,7.15,400,10.95,400,0,12800
INDUSINDBK30Jan201650CE.NFO,07/01/2020,11:06:33,8,6.9,400,10.95,400,0,12800
INDUSINDBK30Jan201650CE.NFO,07/01/2020,11:06:59,8,7.05,400,10.95,400,0,12800
INDUSINDBK30Jan201650CE.NFO,07/01/2020,11:07:04,8,7.1,400,10.95,400,0,12800
INDUSINDBK30Jan201650CE.NFO,07/01/2020,11:07:15,8,7,400,10.95,400,0,12800
INDUSINDBK30Jan201650CE.NFO,07/01/2020,11:07:20,8,7.05,400,10.95,400,0,12800
INDUSINDBK30Jan201650CE.NFO,07/01/2020,11:07:25,8,7.1,400,10.95,400,0,12800
INDUSINDBK30Jan201650CE.NFO,07/01/2020,11:07:58,8,7.15,400,10.95,400,0,12800
INDUSINDBK30Jan201650CE.NFO,07/01/2020,11:08:07,8,7.2,400,10.95,400,0,12800
INDUSINDBK30Jan201650CE.NFO,07/01/2020,11:08:27,8,7.4,400,10.95,400,0,12800
INDUSINDBK30Jan201650CE.NFO,07/01/2020,11:08:38,8,7.4,800,10.95,400,0,12800
INDUSINDBK30Jan201650CE.NFO,07/01/2020,11:08:43,8,7.4,400,10.95,400,0,12800
INDUSINDBK30Jan201650CE.NFO,07/01/2020,11:08:52,8,7.25,400,10.95,400,0,12800
INDUSINDBK30Jan201650CE.NFO,07/01/2020,11:09:35,8,7.25,800,10.95,400,0,12800
INDUSINDBK30Jan201650CE.NFO,07/01/2020,11:09:45,8,7.4,400,10.95,400,0,12800
INDUSINDBK30Jan201650CE.NFO,07/01/2020,11:10:01,8,7.25,400,10.95,400,0,12800
INDUSINDBK30Jan201650CE.NFO,07/01/2020,11:11:57,8,7.2,400,10.95,400,0,12800
INDUSINDBK30Jan201650CE.NFO,07/01/2020,11:12:20,8,7.05,400,10.95,400,0,12800
INDUSINDBK30Jan201650CE.NFO,07/01/2020,11:12:27,8,7.1,400,10.95,400,0,12800
INDUSINDBK30Jan201650CE.NFO,07/01/2020,11:13:41,8,7.15,400,10.95,400,0,12800
INDUSINDBK30Jan201650CE.NFO,07/01/2020,11:14:41,8,7.1,400,10.95,400,0,12800
INDUSINDBK30Jan201650CE.NFO,07/01/2020,11:15:31,8,6.65,400,10.95,400,0,12800
INDUSINDBK30Jan201650CE.NFO,07/01/2020,11:16:04,8,6.65,800,10.95,400,0,12800
INDUSINDBK30Jan201650CE.NFO,07/01/2020,11:16:11,8,6.65,400,10.95,400,0,12800
INDUSINDBK30Jan201650CE.NFO,07/01/2020,11:16:35,8,6.9,400,10.95,400,0,12800
INDUSINDBK30Jan201650CE.NFO,07/01/2020,11:17:45,8,7.05,400,10.95,400,0,12800
INDUSINDBK30Jan201650CE.NFO,07/01/2020,11:17:51,8,6.7,400,10.95,400,0,12800
INDUSINDBK30Jan201650CE.NFO,07/01/2020,11:18:05,8,6.7,800,10.95,400,0,12800
INDUSINDBK30Jan201650CE.NFO,07/01/2020,11:18:10,8,6.7,400,10.95,400,0,12800
INDUSINDBK30Jan201650CE.NFO,07/01/2020,11:18:16,8,6.7,800,10.95,400,0,12800
INDUSINDBK30Jan201650CE.NFO,07/01/2020,11:18:21,8,6.8,400,10.95,400,0,12800
INDUSINDBK30Jan201650CE.NFO,07/01/2020,11:18:42,8,7.05,400,10.95,400,0,12800
INDUSINDBK30Jan201650CE.NFO,07/01/2020,11:19:26,8,6.85,400,10.95,400,0,12800
INDUSINDBK30Jan201650CE.NFO,07/01/2020,11:19:33,8,6.85,800,10.95,400,0,12800
INDUSINDBK30Jan201650CE.NFO,07/01/2020,11:19:57,8,7,400,10.95,400,0,12800
INDUSINDBK30Jan201650CE.NFO,07/01/2020,11:20:29,8,7.1,400,10.95,400,0,12800
INDUSINDBK30Jan201650CE.NFO,07/01/2020,11:20:35,8,7.05,400,10.95,400,0,12800
INDUSINDBK30Jan201650CE.NFO,07/01/2020,11:20:40,8,7.1,400,10.95,400,0,12800
INDUSINDBK30Jan201650CE.NFO,07/01/2020,11:20:50,8,7.25,400,10.95,400,0,12800
INDUSINDBK30Jan201650CE.NFO,07/01/2020,11:20:56,8,7.35,400,10.95,400,0,12800
INDUSINDBK30Jan201650CE.NFO,07/01/2020,11:21:32,8,7.05,400,10.95,400,0,12800
INDUSINDBK30Jan201650CE.NFO,07/01/2020,11:21:38,8,7.15,400,10.95,400,0,12800
INDUSINDBK30Jan201650CE.NFO,07/01/2020,11:22:05,8,7.15,800,10.95,400,0,12800
INDUSINDBK30Jan201650CE.NFO,07/01/2020,11:22:09,8,7.25,400,10.95,400,0,12800
INDUSINDBK30Jan201650CE.NFO,07/01/2020,11:22:26,8,7.2,400,10.95,400,0,12800
INDUSINDBK30Jan201650CE.NFO,07/01/2020,11:22:31,8,7.25,400,10.95,400,0,12800
INDUSINDBK30Jan201650CE.NFO,07/01/2020,11:22:41,8,7.2,400,10.95,400,0,12800
INDUSINDBK30Jan201650CE.NFO,07/01/2020,11:22:49,8,7.25,400,10.95,400,0,12800
INDUSINDBK30Jan201650CE.NFO,07/01/2020,11:22:54,8,7.2,400,10.95,400,0,12800
INDUSINDBK30Jan201650CE.NFO,07/01/2020,11:23:30,8,7.25,400,10.95,400,0,12800
INDUSINDBK30Jan201650CE.NFO,07/01/2020,11:23:42,8,7.3,400,10.95,400,0,12800
INDUSINDBK30Jan201650CE.NFO,07/01/2020,11:23:51,8,7.25,400,10.95,400,0,12800
INDUSINDBK30Jan201650CE.NFO,07/01/2020,11:23:56,8,7.3,400,10.95,400,0,12800
INDUSINDBK30Jan201650CE.NFO,07/01/2020,11:24:02,8,7.35,400,10.95,400,0,12800
INDUSINDBK30Jan201650CE.NFO,07/01/2020,11:24:08,8,7.5,400,10.95,400,0,12800
INDUSINDBK30Jan201650CE.NFO,07/01/2020,11:24:13,8,7.4,400,10.95,400,0,12800
INDUSINDBK30Jan201650CE.NFO,07/01/2020,11:24:28,8,7.4,800,10.95,400,0,12800
INDUSINDBK30Jan201650CE.NFO,07/01/2020,11:24:38,8,7.4,400,10.95,400,0,12800
INDUSINDBK30Jan201650CE.NFO,07/01/2020,11:25:04,8,7.45,400,10.95,400,0,12800
INDUSINDBK30Jan201650CE.NFO,07/01/2020,11:25:09,8,7.5,400,10.95,400,0,12800
INDUSINDBK30Jan201650CE.NFO,07/01/2020,11:26:33,8,7.45,400,10.95,400,0,12800
INDUSINDBK30Jan201650CE.NFO,07/01/2020,11:27:34,8,7.5,400,10.95,400,0,12800
INDUSINDBK30Jan201650CE.NFO,07/01/2020,11:27:38,8,7.45,400,10.95,400,0,12800
INDUSINDBK30Jan201650CE.NFO,07/01/2020,11:27:43,8,7.55,400,10.95,400,0,12800
INDUSINDBK30Jan201650CE.NFO,07/01/2020,11:28:35,8,7.45,400,10.95,400,0,12800
INDUSINDBK30Jan201650CE.NFO,07/01/2020,11:29:11,8,7.4,400,10.95,400,0,12800
INDUSINDBK30Jan201650CE.NFO,07/01/2020,11:29:23,8,7.5,400,10.95,400,0,12800
INDUSINDBK30Jan201650CE.NFO,07/01/2020,11:29:33,8,7.4,400,10.95,400,0,12800
INDUSINDBK30Jan201650CE.NFO,07/01/2020,11:29:48,8,7.5,400,10.95,400,0,12800
INDUSINDBK30Jan201650CE.NFO,07/01/2020,11:30:16,8,7.45,400,10.95,400,0,12800
INDUSINDBK30Jan201650CE.NFO,07/01/2020,11:31:07,8,7.5,400,10.95,400,0,12800
INDUSINDBK30Jan201650CE.NFO,07/01/2020,11:31:13,8,7.55,400,10.95,400,0,12800
INDUSINDBK30Jan201650CE.NFO,07/01/2020,11:31:22,8,7.5,400,10.95,400,0,12800
INDUSINDBK30Jan201650CE.NFO,07/01/2020,11:31:27,8,7.55,400,10.95,400,0,12800
INDUSINDBK30Jan201650CE.NFO,07/01/2020,11:31:40,8,7.5,400,10.95,400,0,12800
INDUSINDBK30Jan201650CE.NFO,07/01/2020,11:31:44,8,7.55,400,10.95,400,0,12800
INDUSINDBK30Jan201650CE.NFO,07/01/2020,11:31:55,8,7.55,800,10.95,400,0,12800
INDUSINDBK30Jan201650CE.NFO,07/01/2020,11:32:01,8,7.55,400,10.95,400,0,12800
INDUSINDBK30Jan201650CE.NFO,07/01/2020,11:32:12,8,7.45,400,10.95,400,0,12800
INDUSINDBK30Jan201650CE.NFO,07/01/2020,11:32:31,8,7.55,400,10.95,400,0,12800
INDUSINDBK30Jan201650CE.NFO,07/01/2020,11:34:13,8,7.65,400,10.95,400,0,12800
INDUSINDBK30Jan201650CE.NFO,07/01/2020,11:34:31,8,7.8,400,10.95,400,0,12800
INDUSINDBK30Jan201650CE.NFO,07/01/2020,11:34:44,8,7.75,400,10.95,400,0,12800
INDUSINDBK30Jan201650CE.NFO,07/01/2020,11:35:01,8,7.75,800,10.95,400,0,12800
INDUSINDBK30Jan201650CE.NFO,07/01/2020,11:35:24,8,7.85,400,10.95,400,0,12800
INDUSINDBK30Jan201650CE.NFO,07/01/2020,11:35:30,8,7.85,800,10.95,400,0,12800
INDUSINDBK30Jan201650CE.NFO,07/01/2020,11:35:36,8,8.05,400,10.95,400,0,12800
INDUSINDBK30Jan201650CE.NFO,07/01/2020,11:35:59,8,8,400,10.95,400,0,12800
INDUSINDBK30Jan201650CE.NFO,07/01/2020,11:36:15,8,7.65,400,10.95,400,0,12800
INDUSINDBK30Jan201650CE.NFO,07/01/2020,11:39:50,8,7.35,400,10.95,400,0,12800
INDUSINDBK30Jan201650CE.NFO,07/01/2020,11:40:44,8,7.1,400,10.95,400,0,12800
INDUSINDBK30Jan201650CE.NFO,07/01/2020,11:42:41,8,7.1,800,10.95,400,0,12800
INDUSINDBK30Jan201650CE.NFO,07/01/2020,11:42:46,8,7.2,400,10.95,400,0,12800
INDUSINDBK30Jan201650CE.NFO,07/01/2020,11:43:34,8,7.25,400,10.95,400,0,12800
INDUSINDBK30Jan201650CE.NFO,07/01/2020,11:44:08,8,6.95,400,10.95,400,0,12800
INDUSINDBK30Jan201650CE.NFO,07/01/2020,11:44:16,8,6.95,800,10.95,400,0,12800
INDUSINDBK30Jan201650CE.NFO,07/01/2020,11:45:15,8,8,400,10.95,400,0,12800
INDUSINDBK30Jan201650CE.NFO,07/01/2020,12:17:45,8,6.55,400,10.95,400,400,12800
INDUSINDBK30Jan201650CE.NFO,07/01/2020,12:17:58,8,6.55,400,10.95,400,0,12800
INDUSINDBK30Jan201650CE.NFO,07/01/2020,12:19:52,8,6.55,800,10.95,400,0,12800
INDUSINDBK30Jan201650CE.NFO,07/01/2020,12:19:55,8,6.55,400,10.95,400,0,12800
INDUSINDBK30Jan201650CE.NFO,07/01/2020,12:20:04,8,6.7,400,10.95,400,0,12800
INDUSINDBK30Jan201650CE.NFO,07/01/2020,12:20:15,8,6.7,400,10.95,2800,0,12800
INDUSINDBK30Jan201650CE.NFO,07/01/2020,12:20:20,8,6.7,400,10.95,3600,0,12800
INDUSINDBK30Jan201650CE.NFO,07/01/2020,12:20:28,8,6.7,400,10.95,2800,0,12800
INDUSINDBK30Jan201650CE.NFO,07/01/2020,12:20:45,8,6.7,400,10.8,2800,0,12800
INDUSINDBK30Jan201650CE.NFO,07/01/2020,12:21:01,8,6.35,400,9.25,400,0,12800
INDUSINDBK30Jan201650CE.NFO,07/01/2020,12:21:09,8,6.4,400,9.25,400,0,12800
INDUSINDBK30Jan201650CE.NFO,07/01/2020,12:21:15,8,6.15,400,9.25,400,0,12800
INDUSINDBK30Jan201650CE.NFO,07/01/2020,12:21:18,8,6.2,400,9.25,400,0,12800
INDUSINDBK30Jan201650CE.NFO,07/01/2020,12:21:22,8,6.15,400,9.25,400,0,12800
INDUSINDBK30Jan201650CE.NFO,07/01/2020,12:21:29,8,6.2,400,9.25,400,0,12800
INDUSINDBK30Jan201650CE.NFO,07/01/2020,12:22:51,8,6.2,400,9,400,0,12800
INDUSINDBK30Jan201650CE.NFO,07/01/2020,12:23:03,8,5.95,400,9,400,0,12800
INDUSINDBK30Jan201650CE.NFO,07/01/2020,12:23:11,8,6,400,7.75,400,800,13200
INDUSINDBK30Jan201650CE.NFO,07/01/2020,12:23:13,8,6,400,7.7,400,0,13200
INDUSINDBK30Jan201650CE.NFO,07/01/2020,12:23:17,8,6,400,7.65,400,0,13200
INDUSINDBK30Jan201650CE.NFO,07/01/2020,12:23:33,8,6,800,7.7,400,0,13200
INDUSINDBK30Jan201650CE.NFO,07/01/2020,12:23:36,8,6,800,7.8,400,0,13200
INDUSINDBK30Jan201650CE.NFO,07/01/2020,12:23:40,8,6,800,7.75,400,0,13200
INDUSINDBK30Jan201650CE.NFO,07/01/2020,12:23:49,8,6,800,7.8,400,0,13200
INDUSINDBK30Jan201650CE.NFO,07/01/2020,12:23:52,8,6,800,7.75,400,0,13200
INDUSINDBK30Jan201650CE.NFO,07/01/2020,12:23:53,8,6.05,400,7.75,400,0,13200
INDUSINDBK30Jan201650CE.NFO,07/01/2020,12:24:00,8,6.05,400,7.7,400,0,13200
INDUSINDBK30Jan201650CE.NFO,07/01/2020,12:24:05,8,6.05,400,7.75,400,0,13200
INDUSINDBK30Jan201650CE.NFO,07/01/2020,12:24:14,8,6.05,400,7.9,400,0,13200
INDUSINDBK30Jan201650CE.NFO,07/01/2020,12:24:20,8,6.05,400,7.75,400,0,13200
INDUSINDBK30Jan201650CE.NFO,07/01/2020,12:24:24,8,6.05,400,7.85,400,0,13200
INDUSINDBK30Jan201650CE.NFO,07/01/2020,12:24:28,8,6.05,400,7.75,400,0,13200
INDUSINDBK30Jan201650CE.NFO,07/01/2020,12:24:31,8,6.05,400,7.85,400,0,13200
INDUSINDBK30Jan201650CE.NFO,07/01/2020,12:24:34,8,6.05,400,7.8,400,0,13200
INDUSINDBK30Jan201650CE.NFO,07/01/2020,12:24:37,8,6.05,400,7.75,400,0,13200
INDUSINDBK30Jan201650CE.NFO,07/01/2020,12:24:43,8,6.05,400,7.7,400,0,13200
INDUSINDBK30Jan201650CE.NFO,07/01/2020,12:24:46,8,6.05,400,7.75,400,0,13200
INDUSINDBK30Jan201650CE.NFO,07/01/2020,12:24:58,8,6.05,400,7.7,400,0,13200
INDUSINDBK30Jan201650CE.NFO,07/01/2020,12:25:04,8,6.05,400,7.65,400,0,13200
INDUSINDBK30Jan201650CE.NFO,07/01/2020,12:25:12,8,6.05,400,7.7,400,0,13200
INDUSINDBK30Jan201650CE.NFO,07/01/2020,12:25:23,8,6.05,400,7.75,400,0,13200
INDUSINDBK30Jan201650CE.NFO,07/01/2020,12:25:28,8,6.05,400,7.8,400,0,13200
INDUSINDBK30Jan201650CE.NFO,07/01/2020,12:25:32,8,6.05,400,7.75,400,0,13200
INDUSINDBK30Jan201650CE.NFO,07/01/2020,12:25:35,8,6.05,400,7.7,400,0,13200
INDUSINDBK30Jan201650CE.NFO,07/01/2020,12:25:37,8,6.05,400,7.75,400,0,13200
INDUSINDBK30Jan201650CE.NFO,07/01/2020,12:25:51,8,6.05,400,7.8,400,0,13200
INDUSINDBK30Jan201650CE.NFO,07/01/2020,12:25:55,8,6.05,400,7.75,400,0,13200
INDUSINDBK30Jan201650CE.NFO,07/01/2020,12:26:19,8,6.05,400,7.8,400,0,13200
INDUSINDBK30Jan201650CE.NFO,07/01/2020,12:26:22,8,6.05,400,7.85,400,0,13200
INDUSINDBK30Jan201650CE.NFO,07/01/2020,12:26:33,8,6.05,400,7.75,400,0,13200
INDUSINDBK30Jan201650CE.NFO,07/01/2020,12:26:38,8,6.05,400,9.25,400,0,13200
INDUSINDBK30Jan201650CE.NFO,07/01/2020,12:26:50,8,6.05,400,9.2,400,0,13200
INDUSINDBK30Jan201650CE.NFO,07/01/2020,12:27:48,8,6.25,400,9.2,400,0,13200
INDUSINDBK30Jan201650CE.NFO,07/01/2020,12:27:54,8,6.3,400,9.2,400,0,13200
INDUSINDBK30Jan201650CE.NFO,07/01/2020,12:28:31,8,6.35,400,9.2,400,0,13200
INDUSINDBK30Jan201650CE.NFO,07/01/2020,12:29:26,8,5.65,400,8.95,400,0,13200
INDUSINDBK30Jan201650CE.NFO,07/01/2020,12:31:17,8,5.65,400,8.45,400,0,13200
INDUSINDBK30Jan201650CE.NFO,07/01/2020,12:31:21,8,5.65,400,7.95,400,0,13200
INDUSINDBK30Jan201650CE.NFO,07/01/2020,12:31:29,8,5.65,400,7.3,400,0,13200
INDUSINDBK30Jan201650CE.NFO,07/01/2020,12:31:32,8,5.65,400,7,400,0,13200
INDUSINDBK30Jan201650CE.NFO,07/01/2020,12:32:17,8,5.65,400,7,800,0,13200
INDUSINDBK30Jan201650CE.NFO,07/01/2020,12:32:24,8,5.65,400,6.95,400,0,13200
INDUSINDBK30Jan201650CE.NFO,07/01/2020,12:32:32,8,5.65,400,6.7,400,0,13200
INDUSINDBK30Jan201650CE.NFO,07/01/2020,12:32:48,8,5.65,400,6.65,400,0,13200
INDUSINDBK30Jan201650CE.NFO,07/01/2020,12:32:56,8,5.65,400,6.5,400,0,13200
INDUSINDBK30Jan201650CE.NFO,07/01/2020,12:33:04,8,5.65,400,8.95,400,0,13200
INDUSINDBK30Jan201650CE.NFO,07/01/2020,12:33:41,8,5.65,400,7.65,400,0,13200
INDUSINDBK30Jan201650CE.NFO,07/01/2020,12:33:44,8,5.65,400,7.3,400,0,13200
INDUSINDBK30Jan201650CE.NFO,07/01/2020,12:33:50,8,5.65,400,6.85,400,0,13200
INDUSINDBK30Jan201650CE.NFO,07/01/2020,12:33:56,8,5.65,400,8.95,400,0,13200
INDUSINDBK30Jan201650CE.NFO,07/01/2020,12:34:34,8,5.75,400,8.95,400,0,13200
INDUSINDBK30Jan201650CE.NFO,07/01/2020,12:34:39,8,5.8,400,8.95,400,0,13200
INDUSINDBK30Jan201650CE.NFO,07/01/2020,12:35:35,8,5.75,400,8.95,400,0,13200
INDUSINDBK30Jan201650CE.NFO,07/01/2020,12:35:38,8,6,400,8.95,400,0,13200
INDUSINDBK30Jan201650CE.NFO,07/01/2020,12:35:44,8,6.05,400,8.95,400,0,13200
INDUSINDBK30Jan201650CE.NFO,07/01/2020,12:35:48,8,6.2,400,8.95,400,0,13200
INDUSINDBK30Jan201650CE.NFO,07/01/2020,12:35:54,8,6.25,400,8.95,400,0,13200
INDUSINDBK30Jan201650CE.NFO,07/01/2020,12:35:58,8,6.3,400,8.95,400,0,13200
INDUSINDBK30Jan201650CE.NFO,07/01/2020,12:36:10,8,6.3,400,8.3,400,0,13200
INDUSINDBK30Jan201650CE.NFO,07/01/2020,12:36:14,8,6.3,400,7.35,400,0,13200
INDUSINDBK30Jan201650CE.NFO,07/01/2020,12:36:20,8,6.3,400,8.95,400,0,13200
INDUSINDBK30Jan201650CE.NFO,07/01/2020,12:46:24,8,6.35,400,8.95,400,0,13200
INDUSINDBK30Jan201650CE.NFO,07/01/2020,12:47:31,8,6.45,400,8.95,400,0,13200
INDUSINDBK30Jan201650CE.NFO,07/01/2020,12:54:39,8,6.35,400,8.95,400,0,13200
INDUSINDBK30Jan201650CE.NFO,07/01/2020,12:56:28,8,6.3,400,8.95,400,0,13200
INDUSINDBK30Jan201650CE.NFO,07/01/2020,12:57:20,8,6.05,400,8.95,400,0,13200
INDUSINDBK30Jan201650CE.NFO,07/01/2020,12:57:34,8,6.25,400,8.95,400,0,13200
INDUSINDBK30Jan201650CE.NFO,07/01/2020,12:57:38,8,6.3,400,8.95,400,0,13200
INDUSINDBK30Jan201650CE.NFO,07/01/2020,12:57:43,8,6.05,400,8.95,400,0,13200
INDUSINDBK30Jan201650CE.NFO,07/01/2020,13:00:06,8,6,400,8.95,400,0,13200
INDUSINDBK30Jan201650CE.NFO,07/01/2020,13:00:38,8,5.65,400,8.95,400,0,13200
INDUSINDBK30Jan201650CE.NFO,07/01/2020,13:00:49,8,5.65,800,8.95,400,0,13200
INDUSINDBK30Jan201650CE.NFO,07/01/2020,13:00:54,8,5.65,400,8.95,400,0,13200
INDUSINDBK30Jan201650CE.NFO,07/01/2020,13:01:56,8,5.75,400,8.95,400,0,13200
INDUSINDBK30Jan201650CE.NFO,07/01/2020,13:03:15,8,6.05,400,8.95,400,0,13200
INDUSINDBK30Jan201650CE.NFO,07/01/2020,13:04:58,8,6.1,400,8.95,400,0,13200
INDUSINDBK30Jan201650CE.NFO,07/01/2020,13:05:12,8,6.05,400,8.95,400,0,13200
INDUSINDBK30Jan201650CE.NFO,07/01/2020,13:05:30,8,6.1,400,8.95,400,0,13200
INDUSINDBK30Jan201650CE.NFO,07/01/2020,13:05:36,8,6.05,400,8.95,400,0,13200
INDUSINDBK30Jan201650CE.NFO,07/01/2020,13:05:48,8,6.1,400,8.95,400,0,13200
INDUSINDBK30Jan201650CE.NFO,07/01/2020,13:05:53,8,6.05,400,8.95,400,0,13200
INDUSINDBK30Jan201650CE.NFO,07/01/2020,13:06:33,8,6.1,400,8.95,400,0,13200
INDUSINDBK30Jan201650CE.NFO,07/01/2020,13:06:57,8,6.05,400,8.95,400,0,13200
INDUSINDBK30Jan201650CE.NFO,07/01/2020,13:10:47,8,6.05,400,7.8,400,0,13200
INDUSINDBK30Jan201650CE.NFO,07/01/2020,13:13:22,8,6.1,400,7.8,400,0,13200
INDUSINDBK30Jan201650CE.NFO,07/01/2020,13:15:38,8,6.05,400,7.8,400,0,13200
INDUSINDBK30Jan201650CE.NFO,07/01/2020,13:16:03,8,6.1,400,7.8,400,0,13200
INDUSINDBK30Jan201650CE.NFO,07/01/2020,13:16:08,8,6.05,400,7.8,400,0,13200
INDUSINDBK30Jan201650CE.NFO,07/01/2020,13:16:52,8,6.1,400,7.8,400,0,13200
INDUSINDBK30Jan201650CE.NFO,07/01/2020,13:16:57,8,6.2,400,7.8,400,0,13200
INDUSINDBK30Jan201650CE.NFO,07/01/2020,13:17:42,8,6.05,400,7.8,400,0,13200
INDUSINDBK30Jan201650CE.NFO,07/01/2020,13:22:09,8,6.05,400,7.45,400,0,13200
INDUSINDBK30Jan201650CE.NFO,07/01/2020,13:23:21,8,6.05,400,7.2,400,0,13200
INDUSINDBK30Jan201650CE.NFO,07/01/2020,13:24:56,8,6.05,400,6.95,400,0,13200
INDUSINDBK30Jan201650CE.NFO,07/01/2020,13:25:20,8,6.3,400,6.95,400,0,13200
INDUSINDBK30Jan201650CE.NFO,07/01/2020,13:25:33,8,6.3,400,7.2,400,0,13200
INDUSINDBK30Jan201650CE.NFO,07/01/2020,13:25:39,8,6.1,400,7.2,400,0,13200
INDUSINDBK30Jan201650CE.NFO,07/01/2020,13:25:43,8,6.1,400,6.65,400,0,13200
INDUSINDBK30Jan201650CE.NFO,07/01/2020,13:25:56,8,6.05,400,6.65,400,0,13200
INDUSINDBK30Jan201650CE.NFO,07/01/2020,13:26:05,8,6.05,400,6.5,400,0,13200
INDUSINDBK30Jan201650CE.NFO,07/01/2020,13:26:10,8,6.05,400,7.2,400,0,13200
INDUSINDBK30Jan201650CE.NFO,07/01/2020,13:26:14,8,6.05,400,6.6,400,0,13200
INDUSINDBK30Jan201650CE.NFO,07/01/2020,13:26:20,6.55,6.1,400,7.2,400,400,13200
INDUSINDBK30Jan201650CE.NFO,07/01/2020,13:26:20,6.55,6.1,400,7.2,400,0,13200
INDUSINDBK30Jan201650CE.NFO,07/01/2020,13:26:54,6.55,6.1,400,7.2,400,0,13200
INDUSINDBK30Jan201650CE.NFO,07/01/2020,13:27:23,6.55,6.1,400,6.95,400,0,13200
INDUSINDBK30Jan201650CE.NFO,07/01/2020,13:27:27,6.55,6.1,400,6.85,400,0,13200
INDUSINDBK30Jan201650CE.NFO,07/01/2020,13:27:32,6.55,6.05,400,6.75,400,0,13200
INDUSINDBK30Jan201650CE.NFO,07/01/2020,13:27:38,6.55,6.05,400,6.65,400,0,13200
INDUSINDBK30Jan201650CE.NFO,07/01/2020,13:27:45,6.05,5.65,400,6.5,800,400,13200
INDUSINDBK30Jan201650CE.NFO,07/01/2020,13:27:45,6.05,5.65,400,6.5,800,0,13200
INDUSINDBK30Jan201650CE.NFO,07/01/2020,13:27:52,6.05,5.65,400,6.45,400,0,13200
INDUSINDBK30Jan201650CE.NFO,07/01/2020,13:27:58,6.05,5.65,400,6.4,400,0,13200
INDUSINDBK30Jan201650CE.NFO,07/01/2020,13:28:36,6.05,5.65,400,6.4,800,0,13200
INDUSINDBK30Jan201650CE.NFO,07/01/2020,13:28:42,6.05,5.65,400,6.35,400,0,13200
INDUSINDBK30Jan201650CE.NFO,07/01/2020,13:28:53,6.05,5.6,400,6.35,400,0,13200
INDUSINDBK30Jan201650CE.NFO,07/01/2020,13:29:02,6.05,5.65,400,7.2,400,0,13200
INDUSINDBK30Jan201650CE.NFO,07/01/2020,13:29:33,6.05,5.65,400,6.95,400,0,13200
INDUSINDBK30Jan201650CE.NFO,07/01/2020,13:30:40,6.05,5.6,400,6.95,400,0,13200
INDUSINDBK30Jan201650CE.NFO,07/01/2020,13:31:22,6.05,5.6,400,6.75,400,0,13200
INDUSINDBK30Jan201650CE.NFO,07/01/2020,13:31:52,6.05,5.65,400,6.95,400,0,13200
INDUSINDBK30Jan201650CE.NFO,07/01/2020,13:32:47,6.05,5.6,400,6.95,400,0,13200
INDUSINDBK30Jan201650CE.NFO,07/01/2020,13:32:52,6.05,5.6,400,6.75,400,0,13200
INDUSINDBK30Jan201650CE.NFO,07/01/2020,13:32:57,6.05,5.6,400,6.45,400,0,13200
INDUSINDBK30Jan201650CE.NFO,07/01/2020,13:33:03,6.05,5.6,400,6.95,400,0,13200
INDUSINDBK30Jan201650CE.NFO,07/01/2020,13:33:20,5.6,5.45,400,6.95,400,400,13200
INDUSINDBK30Jan201650CE.NFO,07/01/2020,13:33:20,5.6,5.45,400,6.95,400,0,13200
INDUSINDBK30Jan201650CE.NFO,07/01/2020,13:33:26,5.6,5.45,400,6.65,400,0,13200
INDUSINDBK30Jan201650CE.NFO,07/01/2020,13:33:31,5.6,5.45,400,6.85,400,0,13200
INDUSINDBK30Jan201650CE.NFO,07/01/2020,13:33:46,5.6,5.4,400,6.4,400,0,13200
INDUSINDBK30Jan201650CE.NFO,07/01/2020,13:33:52,5.6,5.45,400,7.8,400,0,13200
INDUSINDBK30Jan201650CE.NFO,07/01/2020,13:35:58,5.6,5.45,400,6.85,400,0,13200
INDUSINDBK30Jan201650CE.NFO,07/01/2020,13:36:03,5.6,5.45,400,7.8,400,0,13200
INDUSINDBK30Jan201650CE.NFO,07/01/2020,13:36:35,5.6,5.45,400,7.55,400,0,13200
INDUSINDBK30Jan201650CE.NFO,07/01/2020,13:37:41,5.6,5.5,400,7.55,400,0,13200
INDUSINDBK30Jan201650CE.NFO,07/01/2020,13:38:12,5.6,5.55,400,7.55,400,0,13200
INDUSINDBK30Jan201650CE.NFO,07/01/2020,13:38:30,5.6,5.5,400,7.55,400,0,13200
INDUSINDBK30Jan201650CE.NFO,07/01/2020,13:40:25,5.6,5.5,400,7.3,400,0,13200
INDUSINDBK30Jan201650CE.NFO,07/01/2020,13:40:29,5.6,5.5,400,7.55,400,0,13200
INDUSINDBK30Jan201650CE.NFO,07/01/2020,13:42:22,5.6,5.55,400,7.55,400,0,13200
INDUSINDBK30Jan201650CE.NFO,07/01/2020,13:49:26,5.6,5.65,400,7.55,400,0,13200
INDUSINDBK30Jan201650CE.NFO,07/01/2020,13:49:33,5.6,5.55,400,7.55,400,0,13200
INDUSINDBK30Jan201650CE.NFO,07/01/2020,13:49:38,5.6,5.55,400,7.2,400,0,13200
INDUSINDBK30Jan201650CE.NFO,07/01/2020,13:49:43,5.6,5.55,400,7.2,800,0,13200
INDUSINDBK30Jan201650CE.NFO,07/01/2020,13:49:48,5.6,5.55,400,7.1,400,0,13200
INDUSINDBK30Jan201650CE.NFO,07/01/2020,13:49:58,5.6,5.55,400,7.1,800,0,13200
INDUSINDBK30Jan201650CE.NFO,07/01/2020,13:50:04,5.6,5.55,400,7.1,400,0,13200
INDUSINDBK30Jan201650CE.NFO,07/01/2020,13:50:09,5.6,5.55,400,7.1,800,0,13200
INDUSINDBK30Jan201650CE.NFO,07/01/2020,13:50:16,5.6,5.55,400,7.1,400,0,13200
INDUSINDBK30Jan201650CE.NFO,07/01/2020,13:51:42,7.1,6.25,400,7.2,400,400,13200
INDUSINDBK30Jan201650CE.NFO,07/01/2020,13:51:47,7.1,6.25,400,7.2,400,0,13200
INDUSINDBK30Jan201650CE.NFO,07/01/2020,13:51:52,7.1,5.55,400,7.2,400,0,13200
INDUSINDBK30Jan201650CE.NFO,07/01/2020,13:51:56,7.1,5.65,400,7.2,400,0,13200
INDUSINDBK30Jan201650CE.NFO,07/01/2020,13:52:01,7.1,6,400,7.2,400,0,13200
INDUSINDBK30Jan201650CE.NFO,07/01/2020,13:52:31,7.1,6.05,400,7.2,400,0,13200
INDUSINDBK30Jan201650CE.NFO,07/01/2020,13:53:01,7.1,5.55,400,7.2,400,0,13200
INDUSINDBK30Jan201650CE.NFO,07/01/2020,13:53:05,7.1,5.55,400,7.2,800,0,13200
INDUSINDBK30Jan201650CE.NFO,07/01/2020,13:53:15,7.1,5.55,400,7.15,400,0,13200
INDUSINDBK30Jan201650CE.NFO,07/01/2020,13:53:28,7.1,5.65,400,7.15,400,0,13200
INDUSINDBK30Jan201650CE.NFO,07/01/2020,13:53:36,7.1,5.75,400,7.15,400,0,13200
INDUSINDBK30Jan201650CE.NFO,07/01/2020,13:54:02,7.1,5.55,400,7.15,400,0,13200
INDUSINDBK30Jan201650CE.NFO,07/01/2020,13:55:06,7.1,5.55,400,7.2,800,0,13200
INDUSINDBK30Jan201650CE.NFO,07/01/2020,13:55:13,7.1,5.55,400,7.2,400,0,13200
INDUSINDBK30Jan201650CE.NFO,07/01/2020,13:56:29,7.1,5.55,400,7.2,800,0,13200
INDUSINDBK30Jan201650CE.NFO,07/01/2020,13:56:51,7.1,5.55,400,7.15,400,0,13200
INDUSINDBK30Jan201650CE.NFO,07/01/2020,13:56:55,7.1,5.55,400,7.2,400,0,13200
INDUSINDBK30Jan201650CE.NFO,07/01/2020,13:57:07,7.1,5.55,400,7.2,800,0,13200
INDUSINDBK30Jan201650CE.NFO,07/01/2020,13:57:21,7.1,5.55,400,7.15,400,0,13200
INDUSINDBK30Jan201650CE.NFO,07/01/2020,13:57:25,7.1,5.55,400,7.15,400,400,13200
INDUSINDBK30Jan201650CE.NFO,07/01/2020,13:57:29,7.1,5.55,400,7.15,400,0,13200
INDUSINDBK30Jan201650CE.NFO,07/01/2020,14:00:52,7.1,5.55,400,7.2,800,0,13200
INDUSINDBK30Jan201650CE.NFO,07/01/2020,14:00:58,7.1,5.55,400,7.1,400,0,13200
INDUSINDBK30Jan201650CE.NFO,07/01/2020,14:01:04,7.1,5.55,400,7.1,800,0,13200
INDUSINDBK30Jan201650CE.NFO,07/01/2020,14:01:09,7.1,5.55,400,7.15,400,0,13200
INDUSINDBK30Jan201650CE.NFO,07/01/2020,14:13:32,7.1,5.55,400,7.2,800,0,13200
INDUSINDBK30Jan201650CE.NFO,07/01/2020,14:13:39,7.1,5.55,400,7.2,400,0,13200
INDUSINDBK30Jan201650CE.NFO,07/01/2020,14:14:03,7.1,5.65,400,7.2,400,0,13200
INDUSINDBK30Jan201650CE.NFO,07/01/2020,14:17:13,7.1,5.65,400,7.2,800,0,13200
INDUSINDBK30Jan201650CE.NFO,07/01/2020,14:17:18,7.1,5.65,400,7.2,400,0,13200
INDUSINDBK30Jan201650CE.NFO,07/01/2020,14:17:23,7.1,5.65,400,7.2,800,0,13200
INDUSINDBK30Jan201650CE.NFO,07/01/2020,14:17:38,7.1,5.65,400,7.15,400,0,13200
INDUSINDBK30Jan201650CE.NFO,07/01/2020,14:17:50,7.1,5.65,400,7.2,800,0,13200
INDUSINDBK30Jan201650CE.NFO,07/01/2020,14:18:24,7.1,5.65,400,7.2,400,0,13200
INDUSINDBK30Jan201650CE.NFO,07/01/2020,14:20:01,7.1,5.65,400,7.2,800,0,13200
INDUSINDBK30Jan201650CE.NFO,07/01/2020,14:20:30,7.1,5.65,400,7.15,400,0,13200
INDUSINDBK30Jan201650CE.NFO,07/01/2020,14:20:34,7.1,5.65,400,7.2,800,0,13200
INDUSINDBK30Jan201650CE.NFO,07/01/2020,14:20:45,7.1,5.65,400,7.2,400,0,13200
INDUSINDBK30Jan201650CE.NFO,07/01/2020,14:21:26,7.1,5.65,400,7.2,800,0,13200
INDUSINDBK30Jan201650CE.NFO,07/01/2020,14:21:46,7.1,5.65,400,7.2,400,0,13200
INDUSINDBK30Jan201650CE.NFO,07/01/2020,14:22:02,7.1,5.65,400,7.2,800,0,13200
INDUSINDBK30Jan201650CE.NFO,07/01/2020,14:22:15,7.1,5.65,400,7.2,400,0,13200
INDUSINDBK30Jan201650CE.NFO,07/01/2020,14:22:58,7.1,5.65,400,7.2,800,0,13200
INDUSINDBK30Jan201650CE.NFO,07/01/2020,14:23:02,7.1,5.65,400,7.2,400,0,13200
INDUSINDBK30Jan201650CE.NFO,07/01/2020,14:24:07,7.1,5.65,400,7.15,400,0,13200
INDUSINDBK30Jan201650CE.NFO,07/01/2020,14:24:15,7.1,5.65,400,7.2,800,0,13200
INDUSINDBK30Jan201650CE.NFO,07/01/2020,14:24:28,7.1,5.65,400,7.15,400,0,13200
INDUSINDBK30Jan201650CE.NFO,07/01/2020,14:24:39,7.1,5.65,400,7.8,400,0,13200
INDUSINDBK30Jan201650CE.NFO,07/01/2020,14:24:59,7.1,5.65,400,7.1,800,0,13200
INDUSINDBK30Jan201650CE.NFO,07/01/2020,14:25:18,7.1,5.65,400,7.05,400,0,13200
INDUSINDBK30Jan201650CE.NFO,07/01/2020,14:25:23,7.1,5.65,400,7.1,400,0,13200
INDUSINDBK30Jan201650CE.NFO,07/01/2020,14:25:33,7.1,5.65,400,7.1,800,0,13200
INDUSINDBK30Jan201650CE.NFO,07/01/2020,14:26:11,7.1,5.65,400,7.05,400,0,13200
INDUSINDBK30Jan201650CE.NFO,07/01/2020,14:26:33,7.1,5.65,400,7.1,400,0,13200
INDUSINDBK30Jan201650CE.NFO,07/01/2020,14:26:47,7.1,5.65,400,7.05,400,0,13200
INDUSINDBK30Jan201650CE.NFO,07/01/2020,14:26:52,7.1,5.65,400,7.1,800,0,13200
INDUSINDBK30Jan201650CE.NFO,07/01/2020,14:27:01,7.1,5.65,400,7.1,400,0,13200
INDUSINDBK30Jan201650CE.NFO,07/01/2020,14:29:00,7.1,5.65,400,7.8,400,0,13200
INDUSINDBK30Jan201650CE.NFO,07/01/2020,14:30:49,7.1,5.65,400,7.85,400,0,13200
INDUSINDBK30Jan201650CE.NFO,07/01/2020,14:30:57,7.1,5.65,400,7.4,400,0,13200
INDUSINDBK30Jan201650CE.NFO,07/01/2020,14:36:06,7.1,5.65,400,7.8,400,0,13200
INDUSINDBK30Jan201650CE.NFO,07/01/2020,14:36:28,7.1,5.65,400,7,400,0,13200
INDUSINDBK30Jan201650CE.NFO,07/01/2020,14:37:52,7.1,5.65,400,7.8,400,0,13200
INDUSINDBK30Jan201650CE.NFO,07/01/2020,14:39:45,7.1,5.65,400,7.85,800,0,13200
INDUSINDBK30Jan201650CE.NFO,07/01/2020,14:39:55,7.1,5.65,400,7.85,400,0,13200
INDUSINDBK30Jan201650CE.NFO,07/01/2020,14:40:05,7.1,5.65,400,7.8,400,0,13200
INDUSINDBK30Jan201650CE.NFO,07/01/2020,14:40:10,7.1,5.65,400,7.85,800,0,13200
INDUSINDBK30Jan201650CE.NFO,07/01/2020,14:40:15,7.1,5.65,400,7.85,400,0,13200
INDUSINDBK30Jan201650CE.NFO,07/01/2020,14:40:19,7.1,5.65,400,7.85,800,0,13200
INDUSINDBK30Jan201650CE.NFO,07/01/2020,14:40:31,7.1,5.65,400,7.85,400,0,13200
INDUSINDBK30Jan201650CE.NFO,07/01/2020,14:40:55,7.1,5.65,400,7.8,400,0,13200
INDUSINDBK30Jan201650CE.NFO,07/01/2020,14:43:00,7.1,5.65,400,6.95,400,0,13200
INDUSINDBK30Jan201650CE.NFO,07/01/2020,14:44:58,7.1,5.65,800,6.95,400,0,13200
INDUSINDBK30Jan201650CE.NFO,07/01/2020,14:45:11,7.1,5.65,400,6.95,400,0,13200
INDUSINDBK30Jan201650CE.NFO,07/01/2020,14:45:20,7.1,5.6,400,6.95,400,0,13200
INDUSINDBK30Jan201650CE.NFO,07/01/2020,14:46:06,7.1,5.65,400,6.95,400,0,13200
INDUSINDBK30Jan201650CE.NFO,07/01/2020,14:49:47,7.1,5.65,400,6.7,400,0,13200
INDUSINDBK30Jan201650CE.NFO,07/01/2020,14:49:57,7.1,5.65,400,6.95,400,0,13200
INDUSINDBK30Jan201650CE.NFO,07/01/2020,14:57:09,7.1,5.65,400,6.8,400,0,13200
INDUSINDBK30Jan201650CE.NFO,07/01/2020,14:59:38,7.1,5.65,400,6.75,400,0,13200
INDUSINDBK30Jan201650CE.NFO,07/01/2020,15:05:37,7.1,5.7,400,6.75,400,0,13200
INDUSINDBK30Jan201650CE.NFO,07/01/2020,15:05:42,7.1,5.8,400,6.75,400,0,13200
INDUSINDBK30Jan201650CE.NFO,07/01/2020,15:10:27,7.1,5.9,400,6.75,400,0,13200
INDUSINDBK30Jan201650CE.NFO,07/01/2020,15:13:45,7.1,6,400,6.75,400,0,13200
INDUSINDBK30Jan201650CE.NFO,07/01/2020,15:15:09,7.1,6.1,400,6.75,400,0,13200
INDUSINDBK30Jan201650CE.NFO,07/01/2020,15:15:16,7.1,6.2,400,6.8,800,0,13200
INDUSINDBK30Jan201650CE.NFO,07/01/2020,15:15:23,7.1,6.2,400,6.75,400,0,13200
INDUSINDBK30Jan201650CE.NFO,07/01/2020,15:15:38,7.1,6.2,400,6.8,800,0,13200
INDUSINDBK30Jan201650CE.NFO,07/01/2020,15:15:52,7.1,6.2,400,6.8,400,0,13200
INDUSINDBK30Jan201650CE.NFO,07/01/2020,15:16:06,6.8,6.4,400,7.65,400,400,13600
INDUSINDBK30Jan201650CE.NFO,07/01/2020,15:16:20,6.8,6.4,400,7.65,400,0,13600
INDUSINDBK30Jan201650CE.NFO,07/01/2020,15:16:28,6.8,6.4,400,7.45,400,0,13600
INDUSINDBK30Jan201650CE.NFO,07/01/2020,15:16:48,6.8,6.4,400,7.55,400,0,13600
INDUSINDBK30Jan201650CE.NFO,07/01/2020,15:17:08,6.8,6.4,400,7.6,400,0,13600
INDUSINDBK30Jan201650CE.NFO,07/01/2020,15:17:22,6.8,6.4,400,7.55,400,0,13600
INDUSINDBK30Jan201650CE.NFO,07/01/2020,15:17:48,6.4,6.3,400,7.55,400,400,13600
INDUSINDBK30Jan201650CE.NFO,07/01/2020,15:17:55,6.4,6.3,400,7.65,400,0,13600
INDUSINDBK30Jan201650CE.NFO,07/01/2020,15:18:25,6.4,6.3,400,7.7,400,0,13600
INDUSINDBK30Jan201650CE.NFO,07/01/2020,15:18:31,6.4,6.3,400,7.65,400,0,13600
INDUSINDBK30Jan201650CE.NFO,07/01/2020,15:19:46,6.4,6.3,400,7.65,800,0,13600
INDUSINDBK30Jan201650CE.NFO,07/01/2020,15:19:59,6.4,6.3,400,7.55,400,0,13600
INDUSINDBK30Jan201650CE.NFO,07/01/2020,15:20:17,6.4,6.45,400,7.55,400,0,13600
INDUSINDBK30Jan201650CE.NFO,07/01/2020,15:21:10,6.4,6.45,400,7.6,400,0,13600
INDUSINDBK30Jan201650CE.NFO,07/01/2020,15:21:18,6.4,6.45,400,7.55,400,0,13600
INDUSINDBK30Jan201650CE.NFO,07/01/2020,15:23:04,6.4,6.5,400,7.55,400,0,13600
INDUSINDBK30Jan201650CE.NFO,07/01/2020,15:24:03,6.4,6.45,400,7.55,400,0,13600
INDUSINDBK30Jan201650CE.NFO,07/01/2020,15:24:09,6.4,6.45,400,7.5,800,0,13600
INDUSINDBK30Jan201650CE.NFO,07/01/2020,15:25:16,6.4,6.2,400,7.4,400,0,13600
INDUSINDBK30Jan201650CE.NFO,07/01/2020,15:26:56,6.4,6.4,400,7.25,400,0,13600
INDUSINDBK30Jan201650CE.NFO,07/01/2020,15:27:18,6.4,6.4,400,7,400,0,13600
INDUSINDBK30Jan201650CE.NFO,07/01/2020,15:27:23,6.4,6.4,400,7,800,0,13600
INDUSINDBK30Jan201650CE.NFO,07/01/2020,15:30:03,6.4,5.65,400,7,800,0,13600
