Ticker,Date,Time,LTP,BuyPrice,BuyQty,SellPrice,SellQty,LTQ,OpenInterest
INFY27Feb20820CE.NFO,07/01/2020,12:31:12,8,7.3,2400,9.2,1200,1200,6000
INFY27Feb20820CE.NFO,07/01/2020,12:31:12,8,7.3,2400,9.2,1200,0,6000
INFY27Feb20820CE.NFO,07/01/2020,12:31:12,8,7.3,2400,9.2,1200,0,6000
INFY27Feb20820CE.NFO,07/01/2020,12:31:12,8,7.3,2400,9.2,1200,0,6000
INFY27Feb20820CE.NFO,07/01/2020,12:31:35,8,7.3,2400,9.2,1200,0,6000
INFY27Feb20820CE.NFO,07/01/2020,12:32:30,8,7.1,4800,9.2,1200,0,6000
INFY27Feb20820CE.NFO,07/01/2020,12:34:03,8,7.1,4800,9.25,1200,0,6000
INFY27Feb20820CE.NFO,07/01/2020,12:37:40,8,7.1,7200,9.25,1200,0,6000
INFY27Feb20820CE.NFO,07/01/2020,12:38:08,8,7.1,9600,9.25,1200,0,6000
INFY27Feb20820CE.NFO,07/01/2020,12:38:16,8,7.1,12000,9.25,1200,0,6000
INFY27Feb20820CE.NFO,07/01/2020,12:38:20,8,7.1,9600,9.25,1200,0,6000
INFY27Feb20820CE.NFO,07/01/2020,12:38:28,8,7.1,7200,9.25,1200,0,6000
INFY27Feb20820CE.NFO,07/01/2020,12:38:35,8,7.1,9600,9.25,1200,0,6000
INFY27Feb20820CE.NFO,07/01/2020,12:38:39,8,7.1,7200,9.25,1200,0,6000
INFY27Feb20820CE.NFO,07/01/2020,12:38:42,8,7.1,9600,9.25,1200,0,6000
INFY27Feb20820CE.NFO,07/01/2020,12:39:50,8,7.1,7200,9.25,1200,0,6000
INFY27Feb20820CE.NFO,07/01/2020,12:39:57,8,7.1,9600,9.25,1200,0,6000
INFY27Feb20820CE.NFO,07/01/2020,12:40:26,8,7.1,7200,9.25,1200,0,6000
INFY27Feb20820CE.NFO,07/01/2020,12:40:29,8,7.1,9600,9.25,1200,0,6000
INFY27Feb20820CE.NFO,07/01/2020,12:40:44,8,7.1,7200,9.25,1200,0,6000
INFY27Feb20820CE.NFO,07/01/2020,12:41:05,8,7.1,9600,9.25,1200,0,6000
INFY27Feb20820CE.NFO,07/01/2020,12:42:15,8,7.1,7200,9.25,1200,0,6000
INFY27Feb20820CE.NFO,07/01/2020,12:42:43,8,7.1,9600,9.25,1200,0,6000
INFY27Feb20820CE.NFO,07/01/2020,12:43:35,8,7.1,7200,9.25,1200,0,6000
INFY27Feb20820CE.NFO,07/01/2020,12:43:38,8,7.1,9600,9.25,1200,0,6000
INFY27Feb20820CE.NFO,07/01/2020,12:44:20,8,7.1,12000,9.25,1200,0,6000
INFY27Feb20820CE.NFO,07/01/2020,12:45:24,8,7.1,14400,9.3,1200,0,6000
INFY27Feb20820CE.NFO,07/01/2020,12:45:31,8,7.1,14400,9.35,1200,0,6000
INFY27Feb20820CE.NFO,07/01/2020,12:45:58,8,7.1,14400,9.3,1200,0,6000
INFY27Feb20820CE.NFO,07/01/2020,12:46:02,8,7.1,14400,9.35,1200,0,6000
INFY27Feb20820CE.NFO,07/01/2020,12:46:23,8,7.1,14400,9.3,1200,0,6000
INFY27Feb20820CE.NFO,07/01/2020,12:46:28,8,7.1,14400,9.35,1200,0,6000
INFY27Feb20820CE.NFO,07/01/2020,12:47:13,8,7.1,14400,9.3,1200,0,6000
INFY27Feb20820CE.NFO,07/01/2020,12:48:01,8,7.1,12000,9.3,1200,0,6000
INFY27Feb20820CE.NFO,07/01/2020,12:48:30,8,7.1,12000,9.35,1200,0,6000
INFY27Feb20820CE.NFO,07/01/2020,12:48:36,8,7.1,12000,9.3,1200,0,6000
INFY27Feb20820CE.NFO,07/01/2020,12:49:32,8,7.1,12000,9.35,1200,0,6000
INFY27Feb20820CE.NFO,07/01/2020,12:50:51,8,7.1,12000,9.3,1200,0,6000
INFY27Feb20820CE.NFO,07/01/2020,12:50:59,8,7.1,7200,9.3,1200,0,6000
INFY27Feb20820CE.NFO,07/01/2020,12:51:22,8,7.1,7200,9.25,1200,0,6000
INFY27Feb20820CE.NFO,07/01/2020,12:51:28,8,7.1,4800,9.25,1200,0,6000
INFY27Feb20820CE.NFO,07/01/2020,12:51:34,8,7.1,7200,9.25,1200,0,6000
INFY27Feb20820CE.NFO,07/01/2020,12:51:40,8,7.1,4800,9.25,1200,0,6000
INFY27Feb20820CE.NFO,07/01/2020,12:51:52,8,7.1,7200,9.25,1200,0,6000
INFY27Feb20820CE.NFO,07/01/2020,12:51:55,8,7.1,4800,9.25,1200,0,6000
INFY27Feb20820CE.NFO,07/01/2020,12:52:04,8,7.1,7200,9.2,1200,0,6000
INFY27Feb20820CE.NFO,07/01/2020,12:52:21,8,7.1,4800,9.2,1200,0,6000
INFY27Feb20820CE.NFO,07/01/2020,12:52:25,8,7.1,7200,9.2,1200,0,6000
INFY27Feb20820CE.NFO,07/01/2020,12:52:31,8,7.1,4800,9.2,1200,0,6000
INFY27Feb20820CE.NFO,07/01/2020,12:52:45,8,7.1,7200,9.2,1200,0,6000
INFY27Feb20820CE.NFO,07/01/2020,12:52:53,8,7.1,4800,9.2,1200,0,6000
INFY27Feb20820CE.NFO,07/01/2020,12:53:13,8,7.1,7200,9.2,1200,0,6000
INFY27Feb20820CE.NFO,07/01/2020,12:53:21,8,7.1,7200,9.3,1200,0,6000
INFY27Feb20820CE.NFO,07/01/2020,12:53:45,8,7.1,9600,9.3,1200,0,6000
INFY27Feb20820CE.NFO,07/01/2020,12:53:49,8,7.1,12000,9.35,1200,0,6000
INFY27Feb20820CE.NFO,07/01/2020,12:53:52,8,7.1,9600,9.35,1200,0,6000
INFY27Feb20820CE.NFO,07/01/2020,12:53:55,8,7.1,12000,9.35,1200,0,6000
INFY27Feb20820CE.NFO,07/01/2020,12:55:26,8,7.1,4800,9.35,1200,0,6000
INFY27Feb20820CE.NFO,07/01/2020,12:55:30,8,7.1,7200,9.35,1200,0,6000
INFY27Feb20820CE.NFO,07/01/2020,12:56:00,8,7.1,4800,9.35,1200,0,6000
INFY27Feb20820CE.NFO,07/01/2020,12:56:04,8,7.1,4800,9.25,1200,0,6000
INFY27Feb20820CE.NFO,07/01/2020,12:56:11,8,7.1,4800,9.2,1200,0,6000
INFY27Feb20820CE.NFO,07/01/2020,12:56:15,8,7.1,2400,9.2,1200,0,6000
INFY27Feb20820CE.NFO,07/01/2020,12:56:19,8,7.1,4800,9.2,1200,0,6000
INFY27Feb20820CE.NFO,07/01/2020,12:56:27,8,7.1,2400,9.2,1200,0,6000
INFY27Feb20820CE.NFO,07/01/2020,12:56:30,8,7.1,4800,9.2,1200,0,6000
INFY27Feb20820CE.NFO,07/01/2020,12:56:33,8,7.1,2400,9.15,1200,0,6000
INFY27Feb20820CE.NFO,07/01/2020,12:56:43,8,7.1,2400,9.1,1200,0,6000
INFY27Feb20820CE.NFO,07/01/2020,12:56:48,8,7.1,2400,9.15,1200,0,6000
INFY27Feb20820CE.NFO,07/01/2020,12:56:58,8,7.1,2400,9.1,1200,0,6000
INFY27Feb20820CE.NFO,07/01/2020,12:57:01,8,7.1,2400,9.15,1200,0,6000
INFY27Feb20820CE.NFO,07/01/2020,12:57:08,8,7.1,2400,9.1,1200,0,6000
INFY27Feb20820CE.NFO,07/01/2020,12:57:24,8,7.1,2400,9.15,1200,0,6000
INFY27Feb20820CE.NFO,07/01/2020,12:57:28,8,7.1,2400,9.1,1200,0,6000
INFY27Feb20820CE.NFO,07/01/2020,12:57:48,8,7.1,2400,9.15,1200,0,6000
INFY27Feb20820CE.NFO,07/01/2020,12:57:58,8,7.1,2400,9.1,1200,0,6000
INFY27Feb20820CE.NFO,07/01/2020,12:58:11,8,7.1,2400,9.05,1200,0,6000
INFY27Feb20820CE.NFO,07/01/2020,12:58:51,8,7.1,2400,9,1200,0,6000
INFY27Feb20820CE.NFO,07/01/2020,12:58:58,8,7.1,2400,9.05,1200,0,6000
INFY27Feb20820CE.NFO,07/01/2020,12:59:11,8,7.1,2400,9.1,1200,0,6000
INFY27Feb20820CE.NFO,07/01/2020,12:59:22,8,7.1,2400,9.05,1200,0,6000
INFY27Feb20820CE.NFO,07/01/2020,12:59:38,8,7.1,2400,9,1200,0,6000
INFY27Feb20820CE.NFO,07/01/2020,12:59:47,8,7.1,2400,8.95,1200,0,6000
INFY27Feb20820CE.NFO,07/01/2020,12:59:51,8,7.1,2400,9,1200,0,6000
INFY27Feb20820CE.NFO,07/01/2020,13:00:20,8,6.7,7200,8.85,1200,0,6000
INFY27Feb20820CE.NFO,07/01/2020,13:00:36,8,6.7,12000,8.9,1200,0,6000
INFY27Feb20820CE.NFO,07/01/2020,13:00:42,8,6.7,7200,8.9,1200,0,6000
INFY27Feb20820CE.NFO,07/01/2020,13:00:47,8,6.7,12000,8.9,1200,0,6000
INFY27Feb20820CE.NFO,07/01/2020,13:01:03,8,6.7,7200,8.85,1200,0,6000
INFY27Feb20820CE.NFO,07/01/2020,13:01:11,8,6.7,12000,8.85,1200,0,6000
INFY27Feb20820CE.NFO,07/01/2020,13:01:19,8,6.7,7200,8.85,1200,0,6000
INFY27Feb20820CE.NFO,07/01/2020,13:01:38,8,6.7,12000,8.85,1200,0,6000
INFY27Feb20820CE.NFO,07/01/2020,13:01:44,8,6.7,7200,8.85,1200,0,6000
INFY27Feb20820CE.NFO,07/01/2020,13:02:01,8,6.7,12000,8.85,1200,0,6000
INFY27Feb20820CE.NFO,07/01/2020,13:02:07,8,6.7,7200,8.85,1200,0,6000
INFY27Feb20820CE.NFO,07/01/2020,13:02:13,8,6.7,12000,8.85,1200,0,6000
INFY27Feb20820CE.NFO,07/01/2020,13:02:29,8,6.7,7200,8.85,1200,0,6000
INFY27Feb20820CE.NFO,07/01/2020,13:02:35,8,6.7,12000,8.85,1200,0,6000
INFY27Feb20820CE.NFO,07/01/2020,13:02:58,8,6.7,7200,8.85,1200,0,6000
INFY27Feb20820CE.NFO,07/01/2020,13:03:02,8,6.7,12000,8.85,1200,0,6000
INFY27Feb20820CE.NFO,07/01/2020,13:03:11,8,6.7,7200,8.85,1200,0,6000
INFY27Feb20820CE.NFO,07/01/2020,13:03:14,8,6.7,12000,8.85,1200,0,6000
INFY27Feb20820CE.NFO,07/01/2020,13:03:25,8,6.7,12000,9,1200,0,6000
INFY27Feb20820CE.NFO,07/01/2020,13:03:55,8,6.7,12000,8.95,1200,0,6000
INFY27Feb20820CE.NFO,07/01/2020,13:05:03,8,6.7,4800,8.95,1200,0,6000
INFY27Feb20820CE.NFO,07/01/2020,13:05:11,8,6.7,4800,8.85,1200,0,6000
INFY27Feb20820CE.NFO,07/01/2020,13:05:18,8,6.7,4800,8.8,1200,0,6000
INFY27Feb20820CE.NFO,07/01/2020,13:05:35,8,6.7,4800,8.85,1200,0,6000
INFY27Feb20820CE.NFO,07/01/2020,13:05:41,8,6.7,4800,8.9,1200,0,6000
INFY27Feb20820CE.NFO,07/01/2020,13:05:51,8,6.7,4800,8.85,1200,0,6000
INFY27Feb20820CE.NFO,07/01/2020,13:05:58,8,6.7,4800,8.9,1200,0,6000
INFY27Feb20820CE.NFO,07/01/2020,13:06:10,8,6.7,2400,8.8,1200,0,6000
INFY27Feb20820CE.NFO,07/01/2020,13:06:21,8,6.7,4800,8.8,1200,0,6000
INFY27Feb20820CE.NFO,07/01/2020,13:06:26,8,6.7,2400,8.8,1200,0,6000
INFY27Feb20820CE.NFO,07/01/2020,13:06:32,8,6.7,4800,8.8,1200,0,6000
INFY27Feb20820CE.NFO,07/01/2020,13:06:37,8,6.7,2400,8.75,1200,0,6000
INFY27Feb20820CE.NFO,07/01/2020,13:06:46,8,6.7,4800,8.75,1200,0,6000
INFY27Feb20820CE.NFO,07/01/2020,13:06:50,8,6.7,4800,8.85,1200,0,6000
INFY27Feb20820CE.NFO,07/01/2020,13:06:55,8,6.7,4800,8.8,1200,0,6000
INFY27Feb20820CE.NFO,07/01/2020,13:07:01,8,6.7,2400,8.8,1200,0,6000
INFY27Feb20820CE.NFO,07/01/2020,13:07:16,8,6.7,4800,8.8,1200,0,6000
INFY27Feb20820CE.NFO,07/01/2020,13:07:21,8,6.7,2400,8.8,1200,0,6000
INFY27Feb20820CE.NFO,07/01/2020,13:07:25,8,6.7,4800,8.8,1200,0,6000
INFY27Feb20820CE.NFO,07/01/2020,13:07:41,8,6.7,2400,8.8,1200,0,6000
INFY27Feb20820CE.NFO,07/01/2020,13:07:46,8,6.7,4800,8.8,1200,0,6000
INFY27Feb20820CE.NFO,07/01/2020,13:08:04,8,6.7,2400,8.8,1200,0,6000
INFY27Feb20820CE.NFO,07/01/2020,13:08:23,8,6.7,2400,8.75,1200,0,6000
INFY27Feb20820CE.NFO,07/01/2020,13:09:25,8,6.7,2400,8.7,1200,0,6000
INFY27Feb20820CE.NFO,07/01/2020,13:09:56,8,6.7,2400,8.75,1200,0,6000
INFY27Feb20820CE.NFO,07/01/2020,13:10:19,8,6.7,2400,8.7,1200,0,6000
INFY27Feb20820CE.NFO,07/01/2020,13:10:29,8,6.7,2400,8.75,1200,0,6000
INFY27Feb20820CE.NFO,07/01/2020,13:10:46,8,6.7,2400,8.8,1200,0,6000
INFY27Feb20820CE.NFO,07/01/2020,13:10:50,8,6.7,2400,8.75,1200,0,6000
INFY27Feb20820CE.NFO,07/01/2020,13:11:26,8,6.7,2400,8.8,1200,0,6000
INFY27Feb20820CE.NFO,07/01/2020,13:11:54,8,6.7,2400,8.75,1200,0,6000
INFY27Feb20820CE.NFO,07/01/2020,13:13:44,8,6.7,2400,8.8,1200,0,6000
INFY27Feb20820CE.NFO,07/01/2020,13:13:52,8,6.7,2400,8.75,1200,0,6000
INFY27Feb20820CE.NFO,07/01/2020,13:13:59,8,6.7,2400,8.8,1200,0,6000
INFY27Feb20820CE.NFO,07/01/2020,13:14:03,8,6.7,2400,8.75,1200,0,6000
INFY27Feb20820CE.NFO,07/01/2020,13:15:06,8,6.7,2400,8.7,1200,0,6000
INFY27Feb20820CE.NFO,07/01/2020,13:15:49,8,6.7,2400,8.65,1200,0,6000
INFY27Feb20820CE.NFO,07/01/2020,13:16:07,8,6.7,2400,8.7,1200,0,6000
INFY27Feb20820CE.NFO,07/01/2020,13:16:13,8,6.7,2400,8.65,1200,0,6000
INFY27Feb20820CE.NFO,07/01/2020,13:16:20,8,6.7,2400,8.6,1200,0,6000
INFY27Feb20820CE.NFO,07/01/2020,13:16:32,8,6.7,2400,8.65,1200,0,6000
INFY27Feb20820CE.NFO,07/01/2020,13:16:44,8,6.7,2400,8.7,1200,0,6000
INFY27Feb20820CE.NFO,07/01/2020,13:17:01,8,6.7,2400,8.65,1200,0,6000
INFY27Feb20820CE.NFO,07/01/2020,13:18:27,8,6.7,2400,8.75,1200,0,6000
INFY27Feb20820CE.NFO,07/01/2020,13:19:54,8,6.7,2400,8.65,1200,0,6000
INFY27Feb20820CE.NFO,07/01/2020,13:19:58,8,6.7,2400,8.6,1200,0,6000
INFY27Feb20820CE.NFO,07/01/2020,13:20:23,8,6.7,2400,8.65,1200,0,6000
INFY27Feb20820CE.NFO,07/01/2020,13:20:27,8,6.7,2400,8.6,1200,0,6000
INFY27Feb20820CE.NFO,07/01/2020,13:20:35,8,6.7,2400,8.65,1200,0,6000
INFY27Feb20820CE.NFO,07/01/2020,13:20:47,8,6.7,2400,8.6,1200,0,6000
INFY27Feb20820CE.NFO,07/01/2020,13:20:52,8,5.8,21600,8.6,1200,0,6000
INFY27Feb20820CE.NFO,07/01/2020,13:21:12,8,5.8,21600,8.55,1200,0,6000
INFY27Feb20820CE.NFO,07/01/2020,13:22:19,8,5.8,21600,8.6,1200,0,6000
INFY27Feb20820CE.NFO,07/01/2020,13:22:25,8,5.8,21600,8.55,1200,0,6000
INFY27Feb20820CE.NFO,07/01/2020,13:25:46,8,5.8,21600,8.5,1200,0,6000
INFY27Feb20820CE.NFO,07/01/2020,13:26:19,8,5.8,19200,8.5,1200,0,6000
INFY27Feb20820CE.NFO,07/01/2020,13:26:24,8,5.8,19200,8.45,1200,0,6000
INFY27Feb20820CE.NFO,07/01/2020,13:27:31,8,5.8,19200,8.4,1200,0,6000
INFY27Feb20820CE.NFO,07/01/2020,13:27:37,8,5.8,16800,8.35,1200,0,6000
INFY27Feb20820CE.NFO,07/01/2020,13:27:50,8,5.8,16800,8.4,1200,0,6000
INFY27Feb20820CE.NFO,07/01/2020,13:28:14,8,5.8,19200,8.45,1200,0,6000
INFY27Feb20820CE.NFO,07/01/2020,13:28:19,8,5.8,16800,8.4,1200,0,6000
INFY27Feb20820CE.NFO,07/01/2020,13:28:24,8,5.8,19200,8.4,1200,0,6000
INFY27Feb20820CE.NFO,07/01/2020,13:28:40,8,5.8,16800,8.4,1200,0,6000
INFY27Feb20820CE.NFO,07/01/2020,13:28:52,8,5.8,16800,8.35,1200,0,6000
INFY27Feb20820CE.NFO,07/01/2020,13:29:37,8,5.8,16800,8.25,1200,0,6000
INFY27Feb20820CE.NFO,07/01/2020,13:29:56,8,5.8,14400,8.25,1200,0,6000
INFY27Feb20820CE.NFO,07/01/2020,13:30:14,8,5.8,14400,8.2,1200,0,6000
INFY27Feb20820CE.NFO,07/01/2020,13:31:50,8,5.8,12000,8.15,1200,0,6000
INFY27Feb20820CE.NFO,07/01/2020,13:31:58,8,5.8,14400,8.2,1200,0,6000
INFY27Feb20820CE.NFO,07/01/2020,13:32:05,8,5.8,12000,8.2,1200,0,6000
INFY27Feb20820CE.NFO,07/01/2020,13:32:17,8,5.8,14400,8.2,1200,0,6000
INFY27Feb20820CE.NFO,07/01/2020,13:32:22,8,5.8,12000,8.15,1200,0,6000
INFY27Feb20820CE.NFO,07/01/2020,13:32:33,8,5.8,12000,8.2,1200,0,6000
INFY27Feb20820CE.NFO,07/01/2020,13:32:36,8,5.8,12000,8.15,1200,0,6000
INFY27Feb20820CE.NFO,07/01/2020,13:32:40,8,5.8,14400,8.2,1200,0,6000
INFY27Feb20820CE.NFO,07/01/2020,13:33:19,8,5.8,12000,8.2,1200,0,6000
INFY27Feb20820CE.NFO,07/01/2020,13:33:40,8,5.8,9600,8.15,1200,0,6000
INFY27Feb20820CE.NFO,07/01/2020,13:33:45,8,5.8,9600,8.25,1200,0,6000
INFY27Feb20820CE.NFO,07/01/2020,13:33:50,8,5.8,12000,8.15,1200,0,6000
INFY27Feb20820CE.NFO,07/01/2020,13:34:01,8,5.8,12000,8.2,1200,0,6000
INFY27Feb20820CE.NFO,07/01/2020,13:34:25,8,5.8,12000,8.15,1200,0,6000
INFY27Feb20820CE.NFO,07/01/2020,13:34:33,8,5.8,7200,8.1,1200,0,6000
INFY27Feb20820CE.NFO,07/01/2020,13:34:55,8,5.8,7200,8.15,1200,0,6000
INFY27Feb20820CE.NFO,07/01/2020,13:35:07,8,5.8,9600,8.15,1200,0,6000
INFY27Feb20820CE.NFO,07/01/2020,13:35:41,8,5.8,12000,8.15,1200,0,6000
INFY27Feb20820CE.NFO,07/01/2020,13:35:53,8,5.8,7200,8.15,1200,0,6000
INFY27Feb20820CE.NFO,07/01/2020,13:36:07,8,5.8,7200,8.2,1200,0,6000
INFY27Feb20820CE.NFO,07/01/2020,13:36:12,8,5.8,14400,8.2,1200,0,6000
INFY27Feb20820CE.NFO,07/01/2020,13:36:26,8,5.8,9600,8.2,1200,0,6000
INFY27Feb20820CE.NFO,07/01/2020,13:36:49,8,5.8,12000,8.2,1200,0,6000
INFY27Feb20820CE.NFO,07/01/2020,13:36:54,8,5.8,9600,8.2,1200,0,6000
INFY27Feb20820CE.NFO,07/01/2020,13:36:58,8,5.8,12000,8.2,1200,0,6000
INFY27Feb20820CE.NFO,07/01/2020,13:38:52,8,5.8,9600,8.2,1200,0,6000
INFY27Feb20820CE.NFO,07/01/2020,13:38:57,8,5.8,12000,8.2,1200,0,6000
INFY27Feb20820CE.NFO,07/01/2020,13:39:01,8,5.8,9600,8.2,1200,0,6000
INFY27Feb20820CE.NFO,07/01/2020,13:39:14,8,5.8,12000,8.2,1200,0,6000
INFY27Feb20820CE.NFO,07/01/2020,13:39:27,8,5.8,9600,8.2,1200,0,6000
INFY27Feb20820CE.NFO,07/01/2020,13:39:39,8,5.8,12000,8.2,1200,0,6000
INFY27Feb20820CE.NFO,07/01/2020,13:40:13,8,5.8,9600,8.2,1200,0,6000
INFY27Feb20820CE.NFO,07/01/2020,13:40:24,8,5.8,12000,8.2,1200,0,6000
INFY27Feb20820CE.NFO,07/01/2020,13:40:32,8,5.8,9600,8.2,1200,0,6000
INFY27Feb20820CE.NFO,07/01/2020,13:41:03,8,5.8,9600,8.15,1200,0,6000
INFY27Feb20820CE.NFO,07/01/2020,13:41:45,8,5.8,12000,8.15,1200,0,6000
INFY27Feb20820CE.NFO,07/01/2020,13:41:49,8,5.8,9600,8.15,1200,0,6000
INFY27Feb20820CE.NFO,07/01/2020,13:41:54,8,5.8,7200,8.15,1200,0,6000
INFY27Feb20820CE.NFO,07/01/2020,13:42:09,8,5.8,9600,8.25,1200,0,6000
INFY27Feb20820CE.NFO,07/01/2020,13:42:14,8,5.8,9600,8.15,1200,0,6000
INFY27Feb20820CE.NFO,07/01/2020,13:42:33,8,5.8,9600,8.2,1200,0,6000
INFY27Feb20820CE.NFO,07/01/2020,13:43:10,8,5.8,12000,8.2,1200,0,6000
INFY27Feb20820CE.NFO,07/01/2020,13:43:13,8,5.8,12000,8.25,1200,0,6000
INFY27Feb20820CE.NFO,07/01/2020,13:43:37,8,5.8,9600,8.25,1200,0,6000
INFY27Feb20820CE.NFO,07/01/2020,13:43:43,8,5.8,12000,8.25,1200,0,6000
INFY27Feb20820CE.NFO,07/01/2020,13:44:21,8,5.8,9600,8.25,1200,0,6000
INFY27Feb20820CE.NFO,07/01/2020,13:44:30,8,5.8,12000,8.25,1200,0,6000
INFY27Feb20820CE.NFO,07/01/2020,13:44:34,8,5.8,9600,8.25,1200,0,6000
INFY27Feb20820CE.NFO,07/01/2020,13:44:55,8,5.8,12000,8.25,1200,0,6000
INFY27Feb20820CE.NFO,07/01/2020,13:45:20,8,5.8,9600,8.25,1200,0,6000
INFY27Feb20820CE.NFO,07/01/2020,13:46:13,8,5.8,12000,8.25,1200,0,6000
INFY27Feb20820CE.NFO,07/01/2020,13:46:36,8,5.8,9600,8.25,1200,0,6000
INFY27Feb20820CE.NFO,07/01/2020,13:46:46,8,5.8,12000,8.25,1200,0,6000
INFY27Feb20820CE.NFO,07/01/2020,13:46:54,8,5.8,9600,8.25,1200,0,6000
INFY27Feb20820CE.NFO,07/01/2020,13:47:00,8,5.8,12000,8.25,1200,0,6000
INFY27Feb20820CE.NFO,07/01/2020,13:47:07,8,5.8,9600,8.25,1200,0,6000
INFY27Feb20820CE.NFO,07/01/2020,13:47:13,8,5.8,12000,8.25,1200,0,6000
INFY27Feb20820CE.NFO,07/01/2020,13:47:46,8,5.8,9600,8.25,1200,0,6000
INFY27Feb20820CE.NFO,07/01/2020,13:47:50,8,5.8,12000,8.25,1200,0,6000
INFY27Feb20820CE.NFO,07/01/2020,13:49:12,8,5.8,9600,8.25,1200,0,6000
INFY27Feb20820CE.NFO,07/01/2020,13:49:18,8,5.8,12000,8.25,1200,0,6000
INFY27Feb20820CE.NFO,07/01/2020,13:49:31,8,5.8,9600,8.25,1200,0,6000
INFY27Feb20820CE.NFO,07/01/2020,13:49:37,8,5.8,12000,8.25,1200,0,6000
INFY27Feb20820CE.NFO,07/01/2020,13:50:02,8,5.8,9600,8.25,1200,0,6000
INFY27Feb20820CE.NFO,07/01/2020,13:50:07,8,5.8,12000,8.25,1200,0,6000
INFY27Feb20820CE.NFO,07/01/2020,13:50:14,8,5.8,14400,8.3,1200,0,6000
INFY27Feb20820CE.NFO,07/01/2020,13:50:22,8,5.8,16800,8.3,1200,0,6000
INFY27Feb20820CE.NFO,07/01/2020,13:50:29,8,5.8,14400,8.3,1200,0,6000
INFY27Feb20820CE.NFO,07/01/2020,13:50:35,8,5.8,16800,8.3,1200,0,6000
INFY27Feb20820CE.NFO,07/01/2020,13:50:42,8,5.8,12000,8.35,1200,0,6000
INFY27Feb20820CE.NFO,07/01/2020,13:50:57,8,5.8,12000,8.25,1200,0,6000
INFY27Feb20820CE.NFO,07/01/2020,13:51:03,8,5.8,12000,8.2,1200,0,6000
INFY27Feb20820CE.NFO,07/01/2020,13:51:14,8,5.8,9600,8.3,1200,0,6000
INFY27Feb20820CE.NFO,07/01/2020,13:51:20,8,5.8,9600,8.2,1200,0,6000
INFY27Feb20820CE.NFO,07/01/2020,13:51:30,8,5.8,12000,8.25,1200,0,6000
INFY27Feb20820CE.NFO,07/01/2020,13:52:12,8,5.8,12000,8.2,1200,0,6000
INFY27Feb20820CE.NFO,07/01/2020,13:52:17,8,5.8,9600,8.2,1200,0,6000
INFY27Feb20820CE.NFO,07/01/2020,13:52:25,8,5.8,9600,8.25,1200,0,6000
INFY27Feb20820CE.NFO,07/01/2020,13:52:30,8,5.8,9600,8.2,1200,0,6000
INFY27Feb20820CE.NFO,07/01/2020,13:52:34,8,5.8,12000,8.25,1200,0,6000
INFY27Feb20820CE.NFO,07/01/2020,13:52:43,8,5.8,12000,8.2,1200,0,6000
INFY27Feb20820CE.NFO,07/01/2020,13:53:00,8,5.8,9600,8.2,1200,0,6000
INFY27Feb20820CE.NFO,07/01/2020,13:53:04,8,5.8,12000,8.2,1200,0,6000
INFY27Feb20820CE.NFO,07/01/2020,13:53:09,8,5.8,9600,8.2,1200,0,6000
INFY27Feb20820CE.NFO,07/01/2020,13:53:46,8,5.8,7200,8.15,1200,0,6000
INFY27Feb20820CE.NFO,07/01/2020,13:54:16,8,5.8,4800,8.15,1200,0,6000
INFY27Feb20820CE.NFO,07/01/2020,13:54:47,8,5.8,7200,8.15,1200,0,6000
INFY27Feb20820CE.NFO,07/01/2020,13:55:05,8,5.8,4800,8.15,1200,0,6000
INFY27Feb20820CE.NFO,07/01/2020,13:55:12,8,5.8,7200,8.15,1200,0,6000
INFY27Feb20820CE.NFO,07/01/2020,13:55:17,8,5.8,4800,8.15,1200,0,6000
INFY27Feb20820CE.NFO,07/01/2020,13:55:28,8,5.8,7200,8.15,1200,0,6000
INFY27Feb20820CE.NFO,07/01/2020,13:56:05,8,5.8,4800,8.15,1200,0,6000
INFY27Feb20820CE.NFO,07/01/2020,13:56:19,8,5.8,7200,8.15,1200,0,6000
INFY27Feb20820CE.NFO,07/01/2020,13:56:27,8,5.8,4800,8.15,1200,0,6000
INFY27Feb20820CE.NFO,07/01/2020,13:58:15,8,5.8,2400,8,1200,0,6000
INFY27Feb20820CE.NFO,07/01/2020,13:58:19,8,5.8,2400,8.05,1200,0,6000
INFY27Feb20820CE.NFO,07/01/2020,13:58:23,8,5.8,2400,8,1200,0,6000
INFY27Feb20820CE.NFO,07/01/2020,13:58:40,8,5.8,4800,8.1,1200,0,6000
INFY27Feb20820CE.NFO,07/01/2020,13:58:45,8,5.8,2400,8,1200,0,6000
INFY27Feb20820CE.NFO,07/01/2020,14:00:37,8,5.8,2400,7.95,1200,0,6000
INFY27Feb20820CE.NFO,07/01/2020,14:00:44,8,5.8,2400,8,1200,0,6000
INFY27Feb20820CE.NFO,07/01/2020,14:00:50,8,5.8,4800,8.05,1200,0,6000
INFY27Feb20820CE.NFO,07/01/2020,14:01:02,8,5.8,2400,8,1200,0,6000
INFY27Feb20820CE.NFO,07/01/2020,14:01:08,8,5.8,4800,8,1200,0,6000
INFY27Feb20820CE.NFO,07/01/2020,14:01:12,8,5.8,2400,8,1200,0,6000
INFY27Feb20820CE.NFO,07/01/2020,14:01:17,8,5.8,4800,8.05,1200,0,6000
INFY27Feb20820CE.NFO,07/01/2020,14:01:29,8,5.8,2400,8.05,1200,0,6000
INFY27Feb20820CE.NFO,07/01/2020,14:01:36,8,5.8,2400,8,1200,0,6000
INFY27Feb20820CE.NFO,07/01/2020,14:01:46,8,5.8,2400,8.05,1200,0,6000
INFY27Feb20820CE.NFO,07/01/2020,14:02:02,8,5.8,2400,8,1200,0,6000
INFY27Feb20820CE.NFO,07/01/2020,14:02:49,8,5.8,2400,7.95,1200,0,6000
INFY27Feb20820CE.NFO,07/01/2020,14:02:52,8,5.8,2400,8,1200,0,6000
INFY27Feb20820CE.NFO,07/01/2020,14:03:00,8,5.8,2400,7.95,1200,0,6000
INFY27Feb20820CE.NFO,07/01/2020,14:03:57,8,5.8,2400,7.9,1200,0,6000
INFY27Feb20820CE.NFO,07/01/2020,14:04:07,8,5.8,2400,7.95,1200,0,6000
INFY27Feb20820CE.NFO,07/01/2020,14:04:14,8,5.8,2400,7.9,1200,0,6000
INFY27Feb20820CE.NFO,07/01/2020,14:04:24,8,5.8,2400,7.95,1200,0,6000
INFY27Feb20820CE.NFO,07/01/2020,14:04:29,8,5.8,2400,8,1200,0,6000
INFY27Feb20820CE.NFO,07/01/2020,14:04:36,8,5.8,2400,7.9,1200,0,6000
INFY27Feb20820CE.NFO,07/01/2020,14:04:39,8,5.8,2400,7.95,1200,0,6000
INFY27Feb20820CE.NFO,07/01/2020,14:04:43,8,5.8,2400,7.9,1200,0,6000
INFY27Feb20820CE.NFO,07/01/2020,14:05:31,8,5.8,2400,7.85,1200,0,6000
INFY27Feb20820CE.NFO,07/01/2020,14:05:38,8,5,19200,7.85,1200,0,6000
INFY27Feb20820CE.NFO,07/01/2020,14:05:43,8,5,19200,7.75,1200,0,6000
INFY27Feb20820CE.NFO,07/01/2020,14:05:53,8,5,19200,7.85,1200,0,6000
INFY27Feb20820CE.NFO,07/01/2020,14:06:21,8,5,19200,7.9,1200,0,6000
INFY27Feb20820CE.NFO,07/01/2020,14:06:39,8,5,19200,7.8,1200,0,6000
INFY27Feb20820CE.NFO,07/01/2020,14:06:49,8,5,21600,7.8,1200,0,6000
INFY27Feb20820CE.NFO,07/01/2020,14:06:52,8,5,19200,7.8,1200,0,6000
INFY27Feb20820CE.NFO,07/01/2020,14:06:56,8,5,21600,7.8,1200,0,6000
INFY27Feb20820CE.NFO,07/01/2020,14:07:00,8,5,19200,7.8,1200,0,6000
INFY27Feb20820CE.NFO,07/01/2020,14:07:07,8,5,19200,7.85,1200,0,6000
INFY27Feb20820CE.NFO,07/01/2020,14:07:11,8,5,19200,7.8,1200,0,6000
INFY27Feb20820CE.NFO,07/01/2020,14:07:22,8,5,19200,7.75,1200,0,6000
INFY27Feb20820CE.NFO,07/01/2020,14:07:30,8,5,19200,7.65,1200,0,6000
INFY27Feb20820CE.NFO,07/01/2020,14:07:36,8,5,19200,7.6,1200,0,6000
INFY27Feb20820CE.NFO,07/01/2020,14:07:42,8,5,19200,7.65,1200,0,6000
INFY27Feb20820CE.NFO,07/01/2020,14:07:47,8,5,19200,7.7,1200,0,6000
INFY27Feb20820CE.NFO,07/01/2020,14:08:13,8,5,19200,7.75,1200,0,6000
INFY27Feb20820CE.NFO,07/01/2020,14:09:32,8,5,19200,7.7,1200,0,6000
INFY27Feb20820CE.NFO,07/01/2020,14:09:56,8,5,14400,7.7,1200,0,6000
INFY27Feb20820CE.NFO,07/01/2020,14:10:12,8,5,16800,7.7,1200,0,6000
INFY27Feb20820CE.NFO,07/01/2020,14:10:18,8,5,19200,7.7,1200,0,6000
INFY27Feb20820CE.NFO,07/01/2020,14:10:23,8,5,16800,7.7,1200,0,6000
INFY27Feb20820CE.NFO,07/01/2020,14:10:37,8,5,19200,7.7,1200,0,6000
INFY27Feb20820CE.NFO,07/01/2020,14:10:50,8,5,16800,7.7,1200,0,6000
INFY27Feb20820CE.NFO,07/01/2020,14:10:53,8,5,19200,7.7,1200,0,6000
INFY27Feb20820CE.NFO,07/01/2020,14:11:28,8,5,16800,7.75,1200,0,6000
INFY27Feb20820CE.NFO,07/01/2020,14:11:32,8,5,16800,7.55,1200,0,6000
INFY27Feb20820CE.NFO,07/01/2020,14:11:35,8,5,16800,7.6,1200,0,6000
INFY27Feb20820CE.NFO,07/01/2020,14:11:41,8,5,16800,7.5,1200,0,6000
INFY27Feb20820CE.NFO,07/01/2020,14:11:45,8,5,16800,7.6,1200,0,6000
INFY27Feb20820CE.NFO,07/01/2020,14:11:57,8,5,12000,7.5,1200,0,6000
INFY27Feb20820CE.NFO,07/01/2020,14:12:02,8,5,16800,7.5,1200,0,6000
INFY27Feb20820CE.NFO,07/01/2020,14:12:17,8,5,16800,7.55,1200,0,6000
INFY27Feb20820CE.NFO,07/01/2020,14:12:32,8,5,19200,7.6,1200,0,6000
INFY27Feb20820CE.NFO,07/01/2020,14:12:41,8,5,16800,7.55,1200,0,6000
INFY27Feb20820CE.NFO,07/01/2020,14:12:52,8,5,14400,7.5,1200,0,6000
INFY27Feb20820CE.NFO,07/01/2020,14:12:55,8,5,14400,7.45,1200,0,6000
INFY27Feb20820CE.NFO,07/01/2020,14:12:59,8,5,14400,7.5,1200,0,6000
INFY27Feb20820CE.NFO,07/01/2020,14:13:11,8,5,16800,7.5,1200,0,6000
INFY27Feb20820CE.NFO,07/01/2020,14:13:20,8,5,14400,7.5,1200,0,6000
INFY27Feb20820CE.NFO,07/01/2020,14:13:24,8,5,16800,7.5,1200,0,6000
INFY27Feb20820CE.NFO,07/01/2020,14:13:44,8,5,19200,7.6,1200,0,6000
INFY27Feb20820CE.NFO,07/01/2020,14:13:50,8,5,19200,7.65,1200,0,6000
INFY27Feb20820CE.NFO,07/01/2020,14:13:56,8,5,19200,7.7,1200,0,6000
INFY27Feb20820CE.NFO,07/01/2020,14:14:13,8,5,19200,7.75,1200,0,6000
INFY27Feb20820CE.NFO,07/01/2020,14:14:23,8,5,19200,7.7,1200,0,6000
INFY27Feb20820CE.NFO,07/01/2020,14:14:28,8,5,16800,7.7,1200,0,6000
INFY27Feb20820CE.NFO,07/01/2020,14:14:33,8,5,19200,7.65,1200,0,6000
INFY27Feb20820CE.NFO,07/01/2020,14:15:08,8,5,19200,7.7,1200,0,6000
INFY27Feb20820CE.NFO,07/01/2020,14:15:13,8,5,19200,7.75,1200,0,6000
INFY27Feb20820CE.NFO,07/01/2020,14:15:25,8,5,19200,7.6,1200,0,6000
INFY27Feb20820CE.NFO,07/01/2020,14:15:32,8,5,19200,7.65,1200,0,6000
INFY27Feb20820CE.NFO,07/01/2020,14:16:06,8,5,19200,7.75,1200,0,6000
INFY27Feb20820CE.NFO,07/01/2020,14:16:12,8,5,19200,7.7,1200,0,6000
INFY27Feb20820CE.NFO,07/01/2020,14:16:21,8,5,19200,7.8,1200,0,6000
INFY27Feb20820CE.NFO,07/01/2020,14:16:39,8,5,19200,7.65,1200,0,6000
INFY27Feb20820CE.NFO,07/01/2020,14:16:45,8,5,19200,7.6,1200,0,6000
INFY27Feb20820CE.NFO,07/01/2020,14:17:03,8,5,19200,7.65,1200,0,6000
INFY27Feb20820CE.NFO,07/01/2020,14:17:07,8,5,19200,7.7,1200,0,6000
INFY27Feb20820CE.NFO,07/01/2020,14:17:11,8,5,19200,7.6,1200,0,6000
INFY27Feb20820CE.NFO,07/01/2020,14:17:21,8,5,19200,7.65,1200,0,6000
INFY27Feb20820CE.NFO,07/01/2020,14:17:33,8,5,19200,7.6,1200,0,6000
INFY27Feb20820CE.NFO,07/01/2020,14:17:37,8,5,19200,7.65,1200,0,6000
INFY27Feb20820CE.NFO,07/01/2020,14:17:45,8,5,19200,7.6,1200,0,6000
INFY27Feb20820CE.NFO,07/01/2020,14:17:49,8,5,19200,7.65,1200,0,6000
INFY27Feb20820CE.NFO,07/01/2020,14:18:10,8,5,19200,7.7,1200,0,6000
INFY27Feb20820CE.NFO,07/01/2020,14:18:39,8,5,19200,7.65,1200,0,6000
INFY27Feb20820CE.NFO,07/01/2020,14:18:47,8,5,19200,7.6,1200,0,6000
INFY27Feb20820CE.NFO,07/01/2020,14:18:59,8,5,16800,7.55,1200,0,6000
INFY27Feb20820CE.NFO,07/01/2020,14:19:04,8,5,16800,7.6,1200,0,6000
INFY27Feb20820CE.NFO,07/01/2020,14:19:08,8,5,19200,7.6,1200,0,6000
INFY27Feb20820CE.NFO,07/01/2020,14:19:30,8,5,16800,7.6,1200,0,6000
INFY27Feb20820CE.NFO,07/01/2020,14:19:42,8,5,19200,7.6,1200,0,6000
INFY27Feb20820CE.NFO,07/01/2020,14:19:46,8,5,16800,7.5,1200,0,6000
INFY27Feb20820CE.NFO,07/01/2020,14:19:51,8,5,16800,7.45,1200,0,6000
INFY27Feb20820CE.NFO,07/01/2020,14:19:54,8,5,14400,7.45,1200,0,6000
INFY27Feb20820CE.NFO,07/01/2020,14:19:59,8,5,12000,7.4,1200,0,6000
INFY27Feb20820CE.NFO,07/01/2020,14:20:04,8,5,9600,7.3,1200,0,6000
INFY27Feb20820CE.NFO,07/01/2020,14:20:09,8,5,4800,7.3,1200,0,6000
INFY27Feb20820CE.NFO,07/01/2020,14:20:14,8,5,4800,7.25,1200,0,6000
INFY27Feb20820CE.NFO,07/01/2020,14:20:26,8,5,9600,7.25,1200,0,6000
INFY27Feb20820CE.NFO,07/01/2020,14:20:33,8,5,9600,9.7,21600,0,6000
INFY27Feb20820CE.NFO,07/01/2020,14:20:37,8,5,12000,9.7,21600,0,6000
INFY27Feb20820CE.NFO,07/01/2020,14:20:55,8,5,4800,9.7,21600,0,6000
INFY27Feb20820CE.NFO,07/01/2020,14:21:57,8,5,2400,9.7,21600,0,6000
INFY27Feb20820CE.NFO,07/01/2020,14:22:06,8,5,4800,9.7,21600,0,6000
INFY27Feb20820CE.NFO,07/01/2020,14:22:10,8,5,2400,9.7,21600,0,6000
INFY27Feb20820CE.NFO,07/01/2020,14:22:14,8,5,4800,9.7,21600,0,6000
INFY27Feb20820CE.NFO,07/01/2020,14:22:22,8,5,2400,9.7,21600,0,6000
INFY27Feb20820CE.NFO,07/01/2020,14:22:37,8,5,4800,9.7,21600,0,6000
INFY27Feb20820CE.NFO,07/01/2020,14:22:45,8,5,2400,9.7,21600,0,6000
INFY27Feb20820CE.NFO,07/01/2020,14:23:01,8,5,4800,9.7,21600,0,6000
INFY27Feb20820CE.NFO,07/01/2020,14:23:05,8,5,2400,9.7,21600,0,6000
INFY27Feb20820CE.NFO,07/01/2020,14:23:08,8,5,12000,9.7,21600,0,6000
INFY27Feb20820CE.NFO,07/01/2020,14:23:12,8,5,14400,9.7,21600,0,6000
INFY27Feb20820CE.NFO,07/01/2020,14:23:15,8,5,4800,9.7,21600,0,6000
INFY27Feb20820CE.NFO,07/01/2020,14:23:22,8,5,9600,9.7,21600,0,6000
INFY27Feb20820CE.NFO,07/01/2020,14:23:40,8,5,4800,9.7,21600,0,6000
INFY27Feb20820CE.NFO,07/01/2020,14:23:59,8,5,7200,9.7,21600,0,6000
INFY27Feb20820CE.NFO,07/01/2020,14:24:03,8,5,4800,9.7,21600,0,6000
INFY27Feb20820CE.NFO,07/01/2020,14:24:32,8,5,9600,9.7,21600,0,6000
INFY27Feb20820CE.NFO,07/01/2020,14:24:46,8,5,12000,9.7,21600,0,6000
INFY27Feb20820CE.NFO,07/01/2020,14:24:50,8,5,9600,9.7,21600,0,6000
INFY27Feb20820CE.NFO,07/01/2020,14:24:54,8,5,12000,9.7,21600,0,6000
INFY27Feb20820CE.NFO,07/01/2020,14:25:06,8,5,14400,9.7,21600,0,6000
INFY27Feb20820CE.NFO,07/01/2020,14:25:10,8,5,12000,9.7,21600,0,6000
INFY27Feb20820CE.NFO,07/01/2020,14:25:17,8,5,14400,9.7,21600,0,6000
INFY27Feb20820CE.NFO,07/01/2020,14:25:31,8,5,16800,9.7,21600,0,6000
INFY27Feb20820CE.NFO,07/01/2020,14:26:15,8,5,12000,9.7,21600,0,6000
INFY27Feb20820CE.NFO,07/01/2020,14:26:20,8,5,14400,9.7,21600,0,6000
INFY27Feb20820CE.NFO,07/01/2020,14:26:46,8,5,12000,9.7,21600,0,6000
INFY27Feb20820CE.NFO,07/01/2020,14:26:56,8,5,4800,9.7,21600,0,6000
INFY27Feb20820CE.NFO,07/01/2020,14:27:00,8,5,9600,9.7,21600,0,6000
INFY27Feb20820CE.NFO,07/01/2020,14:27:05,8,5,2400,9.7,21600,0,6000
INFY27Feb20820CE.NFO,07/01/2020,14:27:34,8,5,4800,9.7,21600,0,6000
INFY27Feb20820CE.NFO,07/01/2020,14:27:43,8,5,7200,9.7,21600,0,6000
INFY27Feb20820CE.NFO,07/01/2020,14:27:47,8,5,4800,9.7,21600,0,6000
INFY27Feb20820CE.NFO,07/01/2020,14:27:52,8,5,7200,9.7,21600,0,6000
INFY27Feb20820CE.NFO,07/01/2020,14:28:01,8,5,4800,9.7,21600,0,6000
INFY27Feb20820CE.NFO,07/01/2020,14:30:22,8,5,7200,9.7,21600,0,7200
INFY27Feb20820CE.NFO,07/01/2020,14:30:30,8,5.1,2400,9.7,21600,0,7200
INFY27Feb20820CE.NFO,07/01/2020,14:30:38,8,5.1,7200,9.7,21600,0,7200
INFY27Feb20820CE.NFO,07/01/2020,14:30:46,8,5.1,2400,9.7,21600,0,7200
INFY27Feb20820CE.NFO,07/01/2020,14:31:09,8,5.1,4800,9.7,21600,0,7200
INFY27Feb20820CE.NFO,07/01/2020,14:31:17,8,5.1,7200,9.7,21600,0,7200
INFY27Feb20820CE.NFO,07/01/2020,14:31:24,8,5.1,4800,9.7,21600,0,7200
INFY27Feb20820CE.NFO,07/01/2020,14:31:55,8,5.1,7200,9.7,21600,0,7200
INFY27Feb20820CE.NFO,07/01/2020,14:32:07,8,5.1,4800,9.7,21600,0,7200
INFY27Feb20820CE.NFO,07/01/2020,14:32:13,8,5.1,7200,9.7,21600,0,7200
INFY27Feb20820CE.NFO,07/01/2020,14:32:36,8,5.1,12000,9.7,21600,0,7200
INFY27Feb20820CE.NFO,07/01/2020,14:32:46,8,5.1,16800,9.7,21600,0,7200
INFY27Feb20820CE.NFO,07/01/2020,14:33:06,8,5.1,14400,9.7,21600,0,7200
INFY27Feb20820CE.NFO,07/01/2020,14:33:12,8,5.1,16800,9.7,21600,0,7200
INFY27Feb20820CE.NFO,07/01/2020,14:33:18,8,5.1,14400,9.7,21600,0,7200
INFY27Feb20820CE.NFO,07/01/2020,14:33:24,8,5.1,16800,9.7,21600,0,7200
INFY27Feb20820CE.NFO,07/01/2020,14:33:30,8,5.1,14400,9.7,21600,0,7200
INFY27Feb20820CE.NFO,07/01/2020,14:33:36,8,5.1,16800,9.7,21600,0,7200
INFY27Feb20820CE.NFO,07/01/2020,14:33:48,8,5.1,14400,9.7,21600,0,7200
INFY27Feb20820CE.NFO,07/01/2020,14:33:54,8,5.1,16800,9.7,21600,0,7200
INFY27Feb20820CE.NFO,07/01/2020,14:34:24,8,5.1,14400,9.7,21600,0,7200
INFY27Feb20820CE.NFO,07/01/2020,14:34:40,8,5.1,7200,9.7,21600,0,7200
INFY27Feb20820CE.NFO,07/01/2020,14:34:56,8,5.1,4800,9.7,21600,0,7200
INFY27Feb20820CE.NFO,07/01/2020,14:35:07,8,5.1,2400,9.7,21600,0,7200
INFY27Feb20820CE.NFO,07/01/2020,14:37:09,8,5.1,4800,9.7,21600,0,7200
INFY27Feb20820CE.NFO,07/01/2020,14:37:20,8,5.1,7200,9.7,21600,0,7200
INFY27Feb20820CE.NFO,07/01/2020,14:37:29,8,5.1,4800,9.7,21600,0,7200
INFY27Feb20820CE.NFO,07/01/2020,14:37:45,8,5.1,2400,9.7,21600,0,7200
INFY27Feb20820CE.NFO,07/01/2020,14:37:51,8,5.1,4800,9.7,21600,0,7200
INFY27Feb20820CE.NFO,07/01/2020,14:37:55,8,5.1,2400,9.7,21600,0,7200
INFY27Feb20820CE.NFO,07/01/2020,14:38:06,8,5.1,4800,9.7,21600,0,7200
INFY27Feb20820CE.NFO,07/01/2020,14:38:23,8,5.1,2400,9.7,21600,0,7200
INFY27Feb20820CE.NFO,07/01/2020,14:38:28,8,5.1,4800,9.7,21600,0,7200
INFY27Feb20820CE.NFO,07/01/2020,14:38:38,8,5.1,7200,9.7,21600,0,7200
INFY27Feb20820CE.NFO,07/01/2020,14:38:50,8,5.1,4800,9.7,21600,0,7200
INFY27Feb20820CE.NFO,07/01/2020,14:38:56,8,5.1,2400,9.7,21600,0,7200
INFY27Feb20820CE.NFO,07/01/2020,14:39:31,8,5.1,4800,9.7,21600,0,7200
INFY27Feb20820CE.NFO,07/01/2020,14:39:48,8,5.1,7200,9.7,21600,0,7200
INFY27Feb20820CE.NFO,07/01/2020,14:40:04,8,5.1,4800,9.7,21600,0,7200
INFY27Feb20820CE.NFO,07/01/2020,14:40:14,8,5.1,7200,9.7,21600,0,7200
INFY27Feb20820CE.NFO,07/01/2020,14:40:18,8,5.1,4800,9.7,21600,0,7200
INFY27Feb20820CE.NFO,07/01/2020,14:40:22,8,5.1,2400,9.7,21600,0,7200
INFY27Feb20820CE.NFO,07/01/2020,14:40:30,8,5.1,2400,8.9,21600,0,7200
INFY27Feb20820CE.NFO,07/01/2020,14:40:41,8,4.95,4800,8.9,21600,0,7200
INFY27Feb20820CE.NFO,07/01/2020,14:40:45,8,4.95,7200,8.9,21600,0,7200
INFY27Feb20820CE.NFO,07/01/2020,14:40:50,8,4.95,2400,8.9,21600,0,7200
INFY27Feb20820CE.NFO,07/01/2020,14:42:05,8,4.95,4800,8.9,21600,0,7200
INFY27Feb20820CE.NFO,07/01/2020,14:42:09,8,4.95,2400,8.9,21600,0,7200
INFY27Feb20820CE.NFO,07/01/2020,14:43:15,8,4.95,4800,8.9,21600,0,7200
INFY27Feb20820CE.NFO,07/01/2020,14:43:19,8,4.95,2400,8.9,21600,0,7200
INFY27Feb20820CE.NFO,07/01/2020,14:43:34,8,4,21600,8.9,21600,0,7200
INFY27Feb20820CE.NFO,07/01/2020,14:45:45,8,4,19200,8.9,21600,0,7200
INFY27Feb20820CE.NFO,07/01/2020,14:45:57,8,4,16800,8.9,21600,0,7200
INFY27Feb20820CE.NFO,07/01/2020,14:47:11,8,4,16800,8,9600,0,7200
INFY27Feb20820CE.NFO,07/01/2020,14:47:23,8,4,16800,8,12000,0,7200
INFY27Feb20820CE.NFO,07/01/2020,14:47:29,8,4,19200,8,7200,0,7200
INFY27Feb20820CE.NFO,07/01/2020,14:47:34,8,4,16800,8,7200,0,7200
INFY27Feb20820CE.NFO,07/01/2020,14:47:39,8,4,19200,8,7200,0,7200
INFY27Feb20820CE.NFO,07/01/2020,14:47:48,8,4,19200,8,9600,0,7200
INFY27Feb20820CE.NFO,07/01/2020,14:47:53,8,4,19200,8,7200,0,7200
INFY27Feb20820CE.NFO,07/01/2020,14:47:58,8,4,19200,8,4800,0,7200
INFY27Feb20820CE.NFO,07/01/2020,14:48:29,8,4,19200,8,7200,0,7200
INFY27Feb20820CE.NFO,07/01/2020,14:48:35,8,4,16800,8,4800,0,7200
INFY27Feb20820CE.NFO,07/01/2020,14:48:40,8,4,19200,8,4800,0,7200
INFY27Feb20820CE.NFO,07/01/2020,14:48:50,8,4,21600,8,4800,0,7200
INFY27Feb20820CE.NFO,07/01/2020,14:48:54,8,4,19200,8,4800,0,7200
INFY27Feb20820CE.NFO,07/01/2020,14:50:21,8,4,16800,8,14400,0,7200
INFY27Feb20820CE.NFO,07/01/2020,14:51:29,8,4,16800,8,7200,0,7200
INFY27Feb20820CE.NFO,07/01/2020,14:51:33,8,4,16800,8,12000,0,7200
INFY27Feb20820CE.NFO,07/01/2020,14:51:49,8,4,16800,8,7200,0,7200
INFY27Feb20820CE.NFO,07/01/2020,14:51:53,8,4,16800,8,12000,0,7200
INFY27Feb20820CE.NFO,07/01/2020,14:51:57,8,4,16800,8,14400,0,7200
INFY27Feb20820CE.NFO,07/01/2020,14:52:21,8,4,19200,8,4800,0,7200
INFY27Feb20820CE.NFO,07/01/2020,14:52:33,8,4,19200,8,7200,0,7200
INFY27Feb20820CE.NFO,07/01/2020,14:52:36,8,4,16800,8,7200,0,7200
INFY27Feb20820CE.NFO,07/01/2020,14:52:39,8,4,16800,8,12000,0,7200
INFY27Feb20820CE.NFO,07/01/2020,14:52:43,8,4,16800,8,7200,0,7200
INFY27Feb20820CE.NFO,07/01/2020,14:52:46,8,4,19200,8,7200,0,7200
INFY27Feb20820CE.NFO,07/01/2020,14:52:53,8,4,16800,8,7200,0,7200
INFY27Feb20820CE.NFO,07/01/2020,14:52:57,8,4,16800,8,12000,0,7200
INFY27Feb20820CE.NFO,07/01/2020,14:53:03,8,4,19200,8,7200,0,7200
INFY27Feb20820CE.NFO,07/01/2020,14:53:47,8,4,19200,8,4800,0,7200
INFY27Feb20820CE.NFO,07/01/2020,14:55:51,8,4,21600,8,4800,0,7200
INFY27Feb20820CE.NFO,07/01/2020,14:56:08,8,4,19200,8,4800,0,7200
INFY27Feb20820CE.NFO,07/01/2020,14:56:14,8,4,21600,8,4800,0,7200
INFY27Feb20820CE.NFO,07/01/2020,14:56:20,8,4,19200,8,4800,0,7200
INFY27Feb20820CE.NFO,07/01/2020,14:56:35,8,4,21600,8,4800,0,7200
INFY27Feb20820CE.NFO,07/01/2020,14:56:58,8,4,19200,8,4800,0,7200
INFY27Feb20820CE.NFO,07/01/2020,14:57:45,8,4,19200,8,7200,0,7200
INFY27Feb20820CE.NFO,07/01/2020,14:58:03,8,4,16800,8,16800,0,7200
INFY27Feb20820CE.NFO,07/01/2020,14:58:27,8,4,16800,8,12000,0,7200
INFY27Feb20820CE.NFO,07/01/2020,14:58:32,8,4,16800,8,16800,0,7200
INFY27Feb20820CE.NFO,07/01/2020,14:58:37,8,4,16800,8,12000,0,7200
INFY27Feb20820CE.NFO,07/01/2020,14:58:45,8,4,16800,8,14400,0,7200
INFY27Feb20820CE.NFO,07/01/2020,14:58:59,8,4,16800,8,12000,0,7200
INFY27Feb20820CE.NFO,07/01/2020,14:59:12,8,4,19200,8,7200,0,7200
INFY27Feb20820CE.NFO,07/01/2020,14:59:19,8,4,19200,8,4800,0,7200
INFY27Feb20820CE.NFO,07/01/2020,14:59:32,8,4,19200,8,7200,0,7200
INFY27Feb20820CE.NFO,07/01/2020,14:59:37,8,4,16800,8,7200,0,7200
INFY27Feb20820CE.NFO,07/01/2020,14:59:46,8,4,16800,8,12000,0,7200
INFY27Feb20820CE.NFO,07/01/2020,14:59:55,8,4,16800,8,14400,0,7200
INFY27Feb20820CE.NFO,07/01/2020,15:00:00,8,4,16800,8,12000,0,7200
INFY27Feb20820CE.NFO,07/01/2020,15:00:09,8,4,19200,8,4800,0,7200
INFY27Feb20820CE.NFO,07/01/2020,15:01:33,8,4,19200,8,7200,0,7200
INFY27Feb20820CE.NFO,07/01/2020,15:01:38,8,4,16800,8,12000,0,7200
INFY27Feb20820CE.NFO,07/01/2020,15:02:13,8,4,16800,8,16800,0,7200
INFY27Feb20820CE.NFO,07/01/2020,15:03:33,8,4,16800,8,14400,0,7200
INFY27Feb20820CE.NFO,07/01/2020,15:03:38,8,4,16800,8,16800,0,7200
INFY27Feb20820CE.NFO,07/01/2020,15:03:54,8,4,16800,8,19200,0,7200
INFY27Feb20820CE.NFO,07/01/2020,15:04:02,8,4,14400,8,19200,0,7200
INFY27Feb20820CE.NFO,07/01/2020,15:04:26,8,4,16800,8,19200,0,7200
INFY27Feb20820CE.NFO,07/01/2020,15:04:48,8,4,14400,8,19200,0,7200
INFY27Feb20820CE.NFO,07/01/2020,15:04:56,8,4,16800,8,19200,0,7200
INFY27Feb20820CE.NFO,07/01/2020,15:05:01,8,4,14400,8,19200,0,7200
INFY27Feb20820CE.NFO,07/01/2020,15:05:17,8,4,14400,8,21600,0,7200
INFY27Feb20820CE.NFO,07/01/2020,15:05:22,8,4,14400,8,19200,0,7200
INFY27Feb20820CE.NFO,07/01/2020,15:05:31,8,4,16800,8,19200,0,7200
INFY27Feb20820CE.NFO,07/01/2020,15:05:36,8,4,14400,8,19200,0,7200
INFY27Feb20820CE.NFO,07/01/2020,15:06:01,8,4,16800,8,19200,0,7200
INFY27Feb20820CE.NFO,07/01/2020,15:06:22,8,4,14400,8,19200,0,7200
INFY27Feb20820CE.NFO,07/01/2020,15:06:26,8,4,14400,8,21600,0,7200
INFY27Feb20820CE.NFO,07/01/2020,15:06:31,8,4,12000,8,21600,0,7200
INFY27Feb20820CE.NFO,07/01/2020,15:06:36,8,4,14400,8,21600,0,7200
INFY27Feb20820CE.NFO,07/01/2020,15:06:55,8,4,12000,8,21600,0,7200
INFY27Feb20820CE.NFO,07/01/2020,15:06:59,8,4,9600,8,21600,0,7200
INFY27Feb20820CE.NFO,07/01/2020,15:07:11,8,4,7200,8,21600,0,7200
INFY27Feb20820CE.NFO,07/01/2020,15:07:18,8,4,9600,8,21600,0,7200
INFY27Feb20820CE.NFO,07/01/2020,15:07:29,8,4,12000,8,21600,0,7200
INFY27Feb20820CE.NFO,07/01/2020,15:07:35,8,4,4800,8,21600,0,7200
INFY27Feb20820CE.NFO,07/01/2020,15:07:45,8,4,7200,8,21600,0,7200
INFY27Feb20820CE.NFO,07/01/2020,15:07:50,8,4,12000,8,21600,0,7200
INFY27Feb20820CE.NFO,07/01/2020,15:07:55,8,4,4800,8,21600,0,7200
INFY27Feb20820CE.NFO,07/01/2020,15:08:01,8,4,7200,8,21600,0,7200
INFY27Feb20820CE.NFO,07/01/2020,15:08:12,8,4,4800,8,21600,0,7200
INFY27Feb20820CE.NFO,07/01/2020,15:08:22,8,4,7200,8,21600,0,7200
INFY27Feb20820CE.NFO,07/01/2020,15:08:39,8,4,9600,8,21600,0,7200
INFY27Feb20820CE.NFO,07/01/2020,15:08:52,8,4,7200,8,21600,0,7200
INFY27Feb20820CE.NFO,07/01/2020,15:08:57,8,4,7200,8,19200,0,7200
INFY27Feb20820CE.NFO,07/01/2020,15:09:02,8,4,9600,8,19200,0,7200
INFY27Feb20820CE.NFO,07/01/2020,15:09:34,8,4,12000,8,19200,0,7200
INFY27Feb20820CE.NFO,07/01/2020,15:10:09,8,4,14400,8,19200,0,7200
INFY27Feb20820CE.NFO,07/01/2020,15:11:03,8,4,16800,8,19200,0,7200
INFY27Feb20820CE.NFO,07/01/2020,15:11:15,8,4,16800,8,16800,0,7200
INFY27Feb20820CE.NFO,07/01/2020,15:11:28,8,4,16800,8,19200,0,7200
INFY27Feb20820CE.NFO,07/01/2020,15:11:36,8,4,14400,8,19200,0,7200
INFY27Feb20820CE.NFO,07/01/2020,15:11:49,8,4,16800,8,19200,0,7200
INFY27Feb20820CE.NFO,07/01/2020,15:12:00,8,4,14400,8,19200,0,7200
INFY27Feb20820CE.NFO,07/01/2020,15:12:11,8,4,16800,8,19200,0,7200
INFY27Feb20820CE.NFO,07/01/2020,15:12:21,8,4,14400,8,19200,0,7200
INFY27Feb20820CE.NFO,07/01/2020,15:12:37,8,4,16800,8,19200,0,7200
INFY27Feb20820CE.NFO,07/01/2020,15:12:42,8,4,12000,8,19200,0,7200
INFY27Feb20820CE.NFO,07/01/2020,15:13:14,8,4,14400,8,19200,0,7200
INFY27Feb20820CE.NFO,07/01/2020,15:13:23,8,4,16800,8,19200,0,7200
INFY27Feb20820CE.NFO,07/01/2020,15:13:28,8,4,14400,8,19200,0,7200
INFY27Feb20820CE.NFO,07/01/2020,15:14:17,8,4,16800,8,19200,0,7200
INFY27Feb20820CE.NFO,07/01/2020,15:14:35,8,4,14400,8,19200,0,7200
INFY27Feb20820CE.NFO,07/01/2020,15:14:56,8,4,16800,8,19200,0,7200
INFY27Feb20820CE.NFO,07/01/2020,15:15:14,8,4,9600,8,19200,0,7200
INFY27Feb20820CE.NFO,07/01/2020,15:15:43,8,4,12000,8,19200,0,7200
INFY27Feb20820CE.NFO,07/01/2020,15:15:51,8,4,14400,8,19200,0,7200
INFY27Feb20820CE.NFO,07/01/2020,15:16:04,8,4,16800,8,19200,0,7200
INFY27Feb20820CE.NFO,07/01/2020,15:16:11,8,4,14400,8,16800,0,7200
INFY27Feb20820CE.NFO,07/01/2020,15:16:39,8,4,14400,8,12000,0,7200
INFY27Feb20820CE.NFO,07/01/2020,15:16:46,8,4,16800,8,14400,0,7200
INFY27Feb20820CE.NFO,07/01/2020,15:17:40,8,4,19200,8,14400,0,7200
INFY27Feb20820CE.NFO,07/01/2020,15:18:18,8,4,16800,8,14400,0,7200
INFY27Feb20820CE.NFO,07/01/2020,15:18:23,8,4,16800,8,16800,0,7200
INFY27Feb20820CE.NFO,07/01/2020,15:18:29,8,4,16800,8,14400,0,7200
INFY27Feb20820CE.NFO,07/01/2020,15:18:36,8,4,19200,8,16800,0,7200
INFY27Feb20820CE.NFO,07/01/2020,15:18:42,8,4,19200,8,14400,0,7200
INFY27Feb20820CE.NFO,07/01/2020,15:19:14,8,4,19200,8,12000,0,7200
INFY27Feb20820CE.NFO,07/01/2020,15:19:20,8,4,19200,8,14400,0,7200
INFY27Feb20820CE.NFO,07/01/2020,15:19:26,8,4,19200,8,12000,0,7200
INFY27Feb20820CE.NFO,07/01/2020,15:19:32,8,4,19200,8,9600,0,7200
INFY27Feb20820CE.NFO,07/01/2020,15:20:13,8,4,19200,8,2400,0,7200
INFY27Feb20820CE.NFO,07/01/2020,15:21:50,8,4,19200,8,4800,0,7200
INFY27Feb20820CE.NFO,07/01/2020,15:22:06,8,4,19200,8,2400,0,7200
INFY27Feb20820CE.NFO,07/01/2020,15:22:43,8,4,16800,8,2400,0,7200
INFY27Feb20820CE.NFO,07/01/2020,15:23:15,8,4,19200,8,2400,0,7200
INFY27Feb20820CE.NFO,07/01/2020,15:23:54,8,4,21600,9,21600,0,7200
INFY27Feb20820CE.NFO,07/01/2020,15:28:12,8,4,21600,9,19200,0,7200
INFY27Feb20820CE.NFO,07/01/2020,15:29:46,8,4,21600,9,21600,0,7200
