Ticker,Date,Time,LTP,BuyPrice,BuyQty,SellPrice,SellQty,LTQ,OpenInterest
INFY30Jan20800CE.NFO,07/01/2020,09:15:01,5.55,4.1,2400,10.85,1200,1200,943200
INFY30Jan20800CE.NFO,07/01/2020,09:15:01,5.55,4.1,2400,10.85,1200,0,943200
INFY30Jan20800CE.NFO,07/01/2020,09:15:01,5.55,4.1,2400,10.85,1200,0,943200
INFY30Jan20800CE.NFO,07/01/2020,09:15:01,5.55,4.1,2400,10.85,1200,0,943200
INFY30Jan20800CE.NFO,07/01/2020,09:15:07,5.55,5.5,1200,6.5,1200,0,943200
INFY30Jan20800CE.NFO,07/01/2020,09:15:16,5.5,5.1,3600,6.2,3600,1200,943200
INFY30Jan20800CE.NFO,07/01/2020,09:15:16,5.5,5.1,3600,6.2,3600,0,943200
INFY30Jan20800CE.NFO,07/01/2020,09:15:27,5.5,5.1,4800,6.15,1200,0,943200
INFY30Jan20800CE.NFO,07/01/2020,09:15:36,5.1,5.1,2400,6.15,13200,1200,943200
INFY30Jan20800CE.NFO,07/01/2020,09:15:36,5.1,5.1,2400,6.15,13200,0,943200
INFY30Jan20800CE.NFO,07/01/2020,09:15:47,5.1,4.5,6000,5.4,1200,4800,943200
INFY30Jan20800CE.NFO,07/01/2020,09:15:57,4.5,4.15,2400,4.85,2400,6000,943200
INFY30Jan20800CE.NFO,07/01/2020,09:15:57,4.5,4.15,2400,4.85,2400,0,943200
INFY30Jan20800CE.NFO,07/01/2020,09:16:08,4.65,4.1,1200,4.55,2400,2400,943200
INFY30Jan20800CE.NFO,07/01/2020,09:16:08,4.1,4.1,1200,4.55,2400,0,943200
INFY30Jan20800CE.NFO,07/01/2020,09:16:20,4.15,4.1,1200,4.75,2400,1200,943200
INFY30Jan20800CE.NFO,07/01/2020,09:16:30,4.15,4.15,7200,4.75,1200,0,943200
INFY30Jan20800CE.NFO,07/01/2020,09:16:41,4.5,4.15,7200,4.7,1200,2400,943200
INFY30Jan20800CE.NFO,07/01/2020,09:16:52,4.8,4.6,7200,4.9,1200,3600,943200
INFY30Jan20800CE.NFO,07/01/2020,09:17:03,4.9,4.8,3600,5.05,2400,2400,943200
INFY30Jan20800CE.NFO,07/01/2020,09:17:12,4.9,4.8,1200,5,1200,0,943200
INFY30Jan20800CE.NFO,07/01/2020,09:17:22,4.8,4.75,1200,4.9,2400,3600,961200
INFY30Jan20800CE.NFO,07/01/2020,09:17:31,4.9,4.9,1200,4.95,1200,1200,961200
INFY30Jan20800CE.NFO,07/01/2020,09:17:41,4.9,4.9,2400,4.95,1200,1200,961200
INFY30Jan20800CE.NFO,07/01/2020,09:17:50,4.95,4.9,4800,5,1200,1200,961200
INFY30Jan20800CE.NFO,07/01/2020,09:18:00,5,4.9,4800,5.1,1200,1200,961200
INFY30Jan20800CE.NFO,07/01/2020,09:18:08,5,5,4800,5.1,1200,0,961200
INFY30Jan20800CE.NFO,07/01/2020,09:18:17,5,5,6000,5.2,2400,0,961200
INFY30Jan20800CE.NFO,07/01/2020,09:18:24,5,5.1,7200,5.2,1200,0,961200
INFY30Jan20800CE.NFO,07/01/2020,09:18:31,5.2,5.1,7200,5.3,1200,1200,961200
INFY30Jan20800CE.NFO,07/01/2020,09:18:39,5.25,5.1,1200,5.25,1200,4800,961200
INFY30Jan20800CE.NFO,07/01/2020,09:18:46,5.25,5.1,2400,5.2,2400,0,961200
INFY30Jan20800CE.NFO,07/01/2020,09:18:54,5.3,5.15,2400,5.5,7200,3600,961200
INFY30Jan20800CE.NFO,07/01/2020,09:19:01,5.3,5.15,2400,5.5,7200,0,961200
INFY30Jan20800CE.NFO,07/01/2020,09:19:08,5.15,5,7200,5.15,1200,1200,961200
INFY30Jan20800CE.NFO,07/01/2020,09:19:15,5.15,5,2400,5.25,6000,1200,961200
INFY30Jan20800CE.NFO,07/01/2020,09:19:22,5.15,5,2400,5.35,6000,0,961200
INFY30Jan20800CE.NFO,07/01/2020,09:19:29,5.15,5,4800,5.25,3600,0,961200
INFY30Jan20800CE.NFO,07/01/2020,09:19:50,5.25,5.05,3600,5.3,3600,6000,961200
INFY30Jan20800CE.NFO,07/01/2020,09:19:57,5.25,5.05,2400,5.3,6000,0,961200
INFY30Jan20800CE.NFO,07/01/2020,09:20:02,5.25,5,6000,5.3,6000,0,961200
INFY30Jan20800CE.NFO,07/01/2020,09:20:15,5.3,5,4800,5.25,7200,2400,969600
INFY30Jan20800CE.NFO,07/01/2020,09:20:22,5.3,5,4800,5.2,6000,0,969600
INFY30Jan20800CE.NFO,07/01/2020,09:20:28,5.3,5,4800,5.2,3600,0,969600
INFY30Jan20800CE.NFO,07/01/2020,09:20:34,5.3,5,6000,5.2,3600,0,969600
INFY30Jan20800CE.NFO,07/01/2020,09:20:41,5.3,5,4800,5.2,3600,0,969600
INFY30Jan20800CE.NFO,07/01/2020,09:20:47,5.2,5.05,1200,5.2,4800,1200,969600
INFY30Jan20800CE.NFO,07/01/2020,09:20:53,5.05,5,4800,5.2,4800,1200,969600
INFY30Jan20800CE.NFO,07/01/2020,09:21:00,5.2,5,4800,5.2,4800,1200,969600
INFY30Jan20800CE.NFO,07/01/2020,09:21:07,5.2,4.9,4800,5.2,4800,0,969600
INFY30Jan20800CE.NFO,07/01/2020,09:21:22,4.9,4.75,4800,5,4800,4800,969600
INFY30Jan20800CE.NFO,07/01/2020,09:21:29,4.9,4.75,3600,5,4800,0,969600
INFY30Jan20800CE.NFO,07/01/2020,09:21:36,4.9,4.75,3600,4.85,1200,0,969600
INFY30Jan20800CE.NFO,07/01/2020,09:21:49,4.9,4.7,3600,4.85,1200,0,969600
INFY30Jan20800CE.NFO,07/01/2020,09:21:55,4.85,4.65,4800,4.9,36000,2400,969600
INFY30Jan20800CE.NFO,07/01/2020,09:22:02,4.85,4.7,7200,4.9,32400,0,969600
INFY30Jan20800CE.NFO,07/01/2020,09:22:08,4.85,4.75,4800,4.9,32400,0,969600
INFY30Jan20800CE.NFO,07/01/2020,09:22:16,4.85,4.6,6000,4.8,1200,3600,969600
INFY30Jan20800CE.NFO,07/01/2020,09:22:29,4.85,4.6,3600,4.75,32400,0,969600
INFY30Jan20800CE.NFO,07/01/2020,09:22:36,4.85,4.65,2400,4.8,3600,0,969600
INFY30Jan20800CE.NFO,07/01/2020,09:22:42,4.85,4.65,1200,4.85,8400,0,969600
INFY30Jan20800CE.NFO,07/01/2020,09:22:48,4.85,4.65,1200,4.85,7200,1200,969600
INFY30Jan20800CE.NFO,07/01/2020,09:22:55,4.85,4.65,1200,4.85,4800,1200,969600
INFY30Jan20800CE.NFO,07/01/2020,09:23:07,4.65,4.6,1200,4.85,6000,1200,969600
INFY30Jan20800CE.NFO,07/01/2020,09:23:13,4.65,4.6,1200,4.85,6000,0,969600
INFY30Jan20800CE.NFO,07/01/2020,09:23:25,4.65,4.6,2400,4.85,6000,0,969600
INFY30Jan20800CE.NFO,07/01/2020,09:23:31,4.85,4.65,1200,4.85,4800,1200,984000
INFY30Jan20800CE.NFO,07/01/2020,09:23:37,4.85,4.65,1200,4.85,4800,0,984000
INFY30Jan20800CE.NFO,07/01/2020,09:23:49,4.85,4.65,4800,4.85,3600,0,984000
INFY30Jan20800CE.NFO,07/01/2020,09:23:55,4.85,4.7,4800,4.9,9600,1200,984000
INFY30Jan20800CE.NFO,07/01/2020,09:24:01,4.9,4.85,1200,4.95,7200,6000,984000
INFY30Jan20800CE.NFO,07/01/2020,09:24:07,4.85,4.75,2400,4.95,7200,1200,984000
INFY30Jan20800CE.NFO,07/01/2020,09:24:19,4.85,4.7,3600,4.95,8400,0,984000
INFY30Jan20800CE.NFO,07/01/2020,09:24:24,4.7,4.6,1200,4.95,8400,3600,984000
INFY30Jan20800CE.NFO,07/01/2020,09:24:30,4.7,4.6,1200,4.95,8400,0,984000
INFY30Jan20800CE.NFO,07/01/2020,09:24:41,4.7,4.6,1200,4.85,12000,0,984000
INFY30Jan20800CE.NFO,07/01/2020,09:24:47,4.7,4.6,1200,4.75,2400,0,984000
INFY30Jan20800CE.NFO,07/01/2020,09:24:52,4.7,4.6,7200,4.8,4800,0,984000
INFY30Jan20800CE.NFO,07/01/2020,09:24:58,4.8,4.7,1200,4.85,12000,2400,984000
INFY30Jan20800CE.NFO,07/01/2020,09:25:04,4.85,4.7,7200,4.9,4800,2400,984000
INFY30Jan20800CE.NFO,07/01/2020,09:25:10,4.85,4.7,4800,4.9,4800,0,984000
INFY30Jan20800CE.NFO,07/01/2020,09:25:16,4.85,4.7,6000,4.9,1200,0,984000
INFY30Jan20800CE.NFO,07/01/2020,09:25:23,4.85,4.7,4800,4.9,1200,0,984000
INFY30Jan20800CE.NFO,07/01/2020,09:25:29,4.85,4.7,4800,4.9,3600,0,984000
INFY30Jan20800CE.NFO,07/01/2020,09:25:35,4.85,4.7,6000,4.9,6000,0,984000
INFY30Jan20800CE.NFO,07/01/2020,09:25:48,4.85,4.75,6000,4.9,3600,1200,984000
INFY30Jan20800CE.NFO,07/01/2020,09:26:02,4.85,4.7,4800,4.9,8400,0,984000
INFY30Jan20800CE.NFO,07/01/2020,09:26:09,4.85,4.7,1200,4.9,7200,0,984000
INFY30Jan20800CE.NFO,07/01/2020,09:26:16,4.85,4.7,4800,4.9,7200,0,984000
INFY30Jan20800CE.NFO,07/01/2020,09:26:22,4.85,4.7,4800,4.9,6000,0,984000
INFY30Jan20800CE.NFO,07/01/2020,09:26:51,4.85,4.75,6000,4.9,1200,0,984000
INFY30Jan20800CE.NFO,07/01/2020,09:27:08,4.9,4.85,3600,5,6000,1200,992400
INFY30Jan20800CE.NFO,07/01/2020,09:27:13,4.9,4.8,4800,5,6000,0,992400
INFY30Jan20800CE.NFO,07/01/2020,09:27:30,4.9,4.8,4800,5,8400,0,992400
INFY30Jan20800CE.NFO,07/01/2020,09:27:36,4.9,4.85,1200,5,8400,0,992400
INFY30Jan20800CE.NFO,07/01/2020,09:27:48,4.85,4.8,1200,5,6000,3600,992400
INFY30Jan20800CE.NFO,07/01/2020,09:27:55,4.85,4.85,1200,5,6000,0,992400
INFY30Jan20800CE.NFO,07/01/2020,09:28:15,4.85,4.9,2400,4.95,3600,0,992400
INFY30Jan20800CE.NFO,07/01/2020,09:28:20,4.85,4.9,2400,4.95,1200,0,992400
INFY30Jan20800CE.NFO,07/01/2020,09:28:31,4.95,4.9,1200,5.05,8400,2400,992400
INFY30Jan20800CE.NFO,07/01/2020,09:28:37,4.95,4.9,1200,5.05,8400,0,992400
INFY30Jan20800CE.NFO,07/01/2020,09:28:58,4.95,4.9,1200,5.05,2400,0,992400
INFY30Jan20800CE.NFO,07/01/2020,09:29:03,4.85,4.85,3600,4.95,4800,2400,992400
INFY30Jan20800CE.NFO,07/01/2020,09:29:09,4.85,4.85,3600,4.95,4800,0,992400
INFY30Jan20800CE.NFO,07/01/2020,09:29:20,4.85,4.85,3600,4.95,3600,0,992400
INFY30Jan20800CE.NFO,07/01/2020,09:29:26,4.85,4.85,4800,4.95,4800,0,992400
INFY30Jan20800CE.NFO,07/01/2020,09:29:38,4.95,4.85,4800,4.95,3600,1200,996000
INFY30Jan20800CE.NFO,07/01/2020,09:29:43,4.95,4.85,4800,4.95,1200,0,996000
INFY30Jan20800CE.NFO,07/01/2020,09:29:48,4.85,4.85,3600,4.95,1200,1200,996000
INFY30Jan20800CE.NFO,07/01/2020,09:29:56,4.85,4.85,4800,4.95,3600,0,996000
INFY30Jan20800CE.NFO,07/01/2020,09:30:21,4.85,4.85,2400,4.95,6000,2400,996000
INFY30Jan20800CE.NFO,07/01/2020,09:30:26,4.85,4.85,2400,4.95,6000,0,996000
INFY30Jan20800CE.NFO,07/01/2020,09:30:36,4.95,4.85,1200,5,6000,7200,996000
INFY30Jan20800CE.NFO,07/01/2020,09:30:41,4.95,4.85,1200,5,6000,0,996000
INFY30Jan20800CE.NFO,07/01/2020,09:30:55,5,4.85,3600,5,1200,4800,996000
INFY30Jan20800CE.NFO,07/01/2020,09:31:06,5,4.85,2400,5,1200,0,996000
INFY30Jan20800CE.NFO,07/01/2020,09:31:12,5,4.9,6000,5.1,2400,1200,996000
INFY30Jan20800CE.NFO,07/01/2020,09:31:18,5,4.9,10800,5.15,2400,0,996000
INFY30Jan20800CE.NFO,07/01/2020,09:31:24,5,5,4800,5.15,2400,0,996000
INFY30Jan20800CE.NFO,07/01/2020,09:31:30,5,5,7200,5.2,6000,0,996000
INFY30Jan20800CE.NFO,07/01/2020,09:31:35,5,5.05,3600,5.2,3600,0,996000
INFY30Jan20800CE.NFO,07/01/2020,09:31:41,5,5.05,4800,5.2,1200,0,996000
INFY30Jan20800CE.NFO,07/01/2020,09:31:47,5.05,5.05,7200,5.2,1200,1200,996000
INFY30Jan20800CE.NFO,07/01/2020,09:32:03,5.05,5.1,3600,5.2,2400,0,996000
INFY30Jan20800CE.NFO,07/01/2020,09:32:08,5.05,5.1,8400,5.2,2400,0,996000
INFY30Jan20800CE.NFO,07/01/2020,09:32:14,5.05,5.1,7200,5.2,1200,0,996000
INFY30Jan20800CE.NFO,07/01/2020,09:32:20,5.2,5.15,3600,5.25,1200,1200,1008000
INFY30Jan20800CE.NFO,07/01/2020,09:32:26,5.2,5.1,10800,5.2,27600,4800,1008000
INFY30Jan20800CE.NFO,07/01/2020,09:32:32,5.15,5.1,8400,5.2,27600,1200,1008000
INFY30Jan20800CE.NFO,07/01/2020,09:32:43,5.2,5.1,9600,5.2,25200,2400,1008000
INFY30Jan20800CE.NFO,07/01/2020,09:32:49,5.2,5.1,6000,5.3,4800,0,1008000
INFY30Jan20800CE.NFO,07/01/2020,09:32:55,5.2,5.1,4800,5.25,6000,1200,1008000
INFY30Jan20800CE.NFO,07/01/2020,09:33:00,5.2,5.1,4800,5.25,3600,0,1008000
INFY30Jan20800CE.NFO,07/01/2020,09:33:06,5.2,5.1,8400,5.3,6000,1200,1008000
INFY30Jan20800CE.NFO,07/01/2020,09:33:12,5.2,5.1,7200,5.3,6000,0,1008000
INFY30Jan20800CE.NFO,07/01/2020,09:33:17,5.2,5.1,7200,5.3,31200,0,1008000
INFY30Jan20800CE.NFO,07/01/2020,09:33:23,5.2,5.1,7200,5.25,1200,0,1008000
INFY30Jan20800CE.NFO,07/01/2020,09:33:28,5.2,5.2,12000,5.3,28800,0,1008000
INFY30Jan20800CE.NFO,07/01/2020,09:33:38,5.2,5.2,10800,5.3,25200,1200,1008000
INFY30Jan20800CE.NFO,07/01/2020,09:33:48,5.2,5.2,10800,5.3,25200,0,1008000
INFY30Jan20800CE.NFO,07/01/2020,09:33:53,5.2,5.2,10800,5.25,26400,0,1008000
INFY30Jan20800CE.NFO,07/01/2020,09:33:57,5.2,5.2,12000,5.25,26400,0,1008000
INFY30Jan20800CE.NFO,07/01/2020,09:34:02,5.2,5.2,13200,5.25,26400,0,1008000
INFY30Jan20800CE.NFO,07/01/2020,09:34:07,5.2,5.15,6000,5.2,10800,15600,1008000
INFY30Jan20800CE.NFO,07/01/2020,09:34:12,5.2,5.15,6000,5.2,9600,1200,1008000
INFY30Jan20800CE.NFO,07/01/2020,09:34:17,5.2,5.15,3600,5.2,9600,0,1008000
INFY30Jan20800CE.NFO,07/01/2020,09:34:23,5.2,5.15,4800,5.2,3600,6000,1008000
INFY30Jan20800CE.NFO,07/01/2020,09:34:28,5.2,5.15,7200,5.2,3600,3600,1008000
INFY30Jan20800CE.NFO,07/01/2020,09:34:34,5.2,5.15,6000,5.2,2400,1200,1008000
INFY30Jan20800CE.NFO,07/01/2020,09:34:40,5.2,5.15,7200,5.2,1200,1200,1008000
INFY30Jan20800CE.NFO,07/01/2020,09:34:46,5.2,5.2,2400,5.35,4800,1200,1008000
INFY30Jan20800CE.NFO,07/01/2020,09:34:51,5.15,5.15,6000,5.3,1200,4800,1008000
INFY30Jan20800CE.NFO,07/01/2020,09:34:56,5.15,5.15,6000,5.3,1200,0,1008000
INFY30Jan20800CE.NFO,07/01/2020,09:35:08,5.3,5.15,7200,5.4,9600,1200,1008000
INFY30Jan20800CE.NFO,07/01/2020,09:35:13,5.3,5.15,7200,5.4,9600,0,1008000
INFY30Jan20800CE.NFO,07/01/2020,09:35:17,5.3,5.2,3600,5.4,9600,0,1008000
INFY30Jan20800CE.NFO,07/01/2020,09:35:22,5.2,5.15,2400,5.3,6000,1200,990000
INFY30Jan20800CE.NFO,07/01/2020,09:35:27,5.2,5.15,2400,5.25,3600,0,990000
INFY30Jan20800CE.NFO,07/01/2020,09:35:31,5.2,5.1,4800,5.2,2400,0,990000
INFY30Jan20800CE.NFO,07/01/2020,09:35:37,5.2,5.1,2400,5.2,2400,0,990000
INFY30Jan20800CE.NFO,07/01/2020,09:35:43,5.2,5.05,2400,5.15,1200,0,990000
INFY30Jan20800CE.NFO,07/01/2020,09:35:50,5.2,5.05,6000,5.15,1200,0,990000
INFY30Jan20800CE.NFO,07/01/2020,09:35:56,5.2,5.05,8400,5.2,1200,0,990000
INFY30Jan20800CE.NFO,07/01/2020,09:36:12,5.2,5.1,7200,5.2,1200,0,990000
INFY30Jan20800CE.NFO,07/01/2020,09:36:24,5.2,5.1,9600,5.25,2400,0,990000
INFY30Jan20800CE.NFO,07/01/2020,09:36:33,5.2,5.1,7200,5.25,2400,0,990000
INFY30Jan20800CE.NFO,07/01/2020,09:36:38,5.2,5.1,8400,5.25,2400,0,990000
INFY30Jan20800CE.NFO,07/01/2020,09:36:47,5.2,5.1,4800,5.25,4800,0,990000
INFY30Jan20800CE.NFO,07/01/2020,09:36:52,5.2,5.1,6000,5.25,4800,0,990000
INFY30Jan20800CE.NFO,07/01/2020,09:36:57,5.2,5.1,4800,5.25,4800,0,990000
INFY30Jan20800CE.NFO,07/01/2020,09:37:01,5.2,5.05,8400,5.2,2400,0,990000
INFY30Jan20800CE.NFO,07/01/2020,09:37:11,5.2,5.05,8400,5.25,3600,2400,990000
INFY30Jan20800CE.NFO,07/01/2020,09:37:15,5.2,5.05,8400,5.2,4800,0,990000
INFY30Jan20800CE.NFO,07/01/2020,09:37:24,5.2,5.05,8400,5.25,3600,0,990000
INFY30Jan20800CE.NFO,07/01/2020,09:37:38,5.35,5.15,3600,5.3,1200,12000,990000
INFY30Jan20800CE.NFO,07/01/2020,09:37:42,5.35,5.15,6000,5.3,1200,0,990000
INFY30Jan20800CE.NFO,07/01/2020,09:37:46,5.35,5.15,8400,5.3,1200,0,990000
INFY30Jan20800CE.NFO,07/01/2020,09:38:03,5.35,5.15,9600,5.3,1200,0,990000
INFY30Jan20800CE.NFO,07/01/2020,09:38:07,5.35,5.2,3600,5.3,1200,0,990000
INFY30Jan20800CE.NFO,07/01/2020,09:38:33,5.35,5.2,2400,5.3,1200,0,990000
INFY30Jan20800CE.NFO,07/01/2020,09:39:03,5.35,5.2,4800,5.3,1200,0,990000
INFY30Jan20800CE.NFO,07/01/2020,09:39:08,5.35,5.2,2400,5.3,1200,0,990000
INFY30Jan20800CE.NFO,07/01/2020,09:39:21,5.35,5.2,4800,5.35,1200,0,990000
INFY30Jan20800CE.NFO,07/01/2020,09:39:26,5.35,5.2,7200,5.35,1200,0,990000
INFY30Jan20800CE.NFO,07/01/2020,09:39:35,5.35,5.2,8400,5.4,3600,0,990000
INFY30Jan20800CE.NFO,07/01/2020,09:39:55,5.35,5.2,8400,5.4,1200,0,990000
INFY30Jan20800CE.NFO,07/01/2020,09:40:19,5.35,5.2,8400,5.45,1200,0,990000
INFY30Jan20800CE.NFO,07/01/2020,09:40:44,5.35,5.2,9600,5.45,1200,0,990000
INFY30Jan20800CE.NFO,07/01/2020,09:40:53,5.35,5.2,9600,5.5,2400,0,990000
INFY30Jan20800CE.NFO,07/01/2020,09:40:58,5.35,5.2,9600,5.5,1200,0,990000
INFY30Jan20800CE.NFO,07/01/2020,09:41:03,5.35,5.3,10800,5.55,1200,0,990000
INFY30Jan20800CE.NFO,07/01/2020,09:41:09,5.35,5.4,9600,5.55,1200,0,990000
INFY30Jan20800CE.NFO,07/01/2020,09:41:28,5.35,5.4,8400,5.55,1200,0,990000
INFY30Jan20800CE.NFO,07/01/2020,09:41:33,5.35,5.4,8400,5.6,4800,0,990000
INFY30Jan20800CE.NFO,07/01/2020,09:42:05,5.35,5.4,8400,5.6,2400,0,990000
INFY30Jan20800CE.NFO,07/01/2020,09:42:18,5.35,5.45,4800,5.6,2400,0,990000
INFY30Jan20800CE.NFO,07/01/2020,09:42:25,5.35,5.45,3600,5.6,2400,0,990000
INFY30Jan20800CE.NFO,07/01/2020,09:42:39,5.35,5.45,7200,5.6,2400,0,990000
INFY30Jan20800CE.NFO,07/01/2020,09:42:52,5.6,5.45,7200,5.6,1200,1200,1000800
INFY30Jan20800CE.NFO,07/01/2020,09:42:52,5.6,5.45,7200,5.6,1200,0,1000800
INFY30Jan20800CE.NFO,07/01/2020,09:42:58,5.6,5.45,7200,5.65,3600,0,1000800
INFY30Jan20800CE.NFO,07/01/2020,09:43:04,5.6,5.5,1200,5.6,1200,0,1000800
INFY30Jan20800CE.NFO,07/01/2020,09:43:09,5.6,5.5,1200,5.65,1200,0,1000800
INFY30Jan20800CE.NFO,07/01/2020,09:43:15,5.6,5.5,7200,5.7,4800,0,1000800
INFY30Jan20800CE.NFO,07/01/2020,09:43:20,5.6,5.6,1200,5.7,2400,0,1000800
INFY30Jan20800CE.NFO,07/01/2020,09:43:25,5.7,5.6,1200,5.75,3600,1200,1000800
INFY30Jan20800CE.NFO,07/01/2020,09:43:25,5.7,5.6,1200,5.75,3600,0,1000800
INFY30Jan20800CE.NFO,07/01/2020,09:43:30,5.7,5.55,2400,5.75,2400,1200,1000800
INFY30Jan20800CE.NFO,07/01/2020,09:43:35,5.7,5.55,6000,5.8,3600,0,1000800
INFY30Jan20800CE.NFO,07/01/2020,09:43:40,5.7,5.6,4800,5.8,3600,0,1000800
INFY30Jan20800CE.NFO,07/01/2020,09:43:45,5.7,5.6,7200,5.85,3600,0,1000800
INFY30Jan20800CE.NFO,07/01/2020,09:44:03,5.75,5.7,4800,5.9,14400,1200,1000800
INFY30Jan20800CE.NFO,07/01/2020,09:44:03,5.75,5.7,4800,5.9,14400,0,1000800
INFY30Jan20800CE.NFO,07/01/2020,09:44:09,5.75,5.7,4800,5.9,14400,0,1000800
INFY30Jan20800CE.NFO,07/01/2020,09:44:14,5.85,5.75,4800,5.9,10800,1200,1000800
INFY30Jan20800CE.NFO,07/01/2020,09:44:14,5.85,5.75,4800,5.9,10800,0,1000800
INFY30Jan20800CE.NFO,07/01/2020,09:44:30,5.75,5.7,2400,5.85,3600,1200,1003200
INFY30Jan20800CE.NFO,07/01/2020,09:44:35,5.75,5.7,4800,5.9,12000,0,1003200
INFY30Jan20800CE.NFO,07/01/2020,09:44:41,5.75,5.8,4800,5.9,10800,0,1003200
INFY30Jan20800CE.NFO,07/01/2020,09:44:46,5.75,5.8,1200,5.9,10800,0,1003200
INFY30Jan20800CE.NFO,07/01/2020,09:44:51,5.75,5.8,1200,5.9,13200,0,1003200
INFY30Jan20800CE.NFO,07/01/2020,09:44:55,5.75,5.75,8400,5.9,10800,0,1003200
INFY30Jan20800CE.NFO,07/01/2020,09:45:00,5.75,5.8,6000,5.9,10800,0,1003200
INFY30Jan20800CE.NFO,07/01/2020,09:45:06,5.75,5.85,1200,5.9,10800,0,1003200
INFY30Jan20800CE.NFO,07/01/2020,09:45:19,5.85,5.75,10800,5.9,10800,1200,1003200
INFY30Jan20800CE.NFO,07/01/2020,09:45:25,5.85,5.75,4800,5.8,9600,0,1003200
INFY30Jan20800CE.NFO,07/01/2020,09:45:32,5.75,5.75,2400,5.8,9600,2400,1003200
INFY30Jan20800CE.NFO,07/01/2020,09:45:38,5.8,5.75,4800,5.8,6000,3600,1003200
INFY30Jan20800CE.NFO,07/01/2020,09:45:44,5.8,5.75,6000,5.8,2400,4800,1003200
INFY30Jan20800CE.NFO,07/01/2020,09:45:49,5.8,5.75,6000,5.8,1200,0,1003200
INFY30Jan20800CE.NFO,07/01/2020,09:45:55,5.8,5.8,4800,5.9,1200,1200,1003200
INFY30Jan20800CE.NFO,07/01/2020,09:46:06,5.8,5.8,4800,5.9,1200,0,1003200
INFY30Jan20800CE.NFO,07/01/2020,09:46:11,5.8,5.8,6000,5.9,1200,0,1003200
INFY30Jan20800CE.NFO,07/01/2020,09:46:21,5.8,5.8,4800,5.9,1200,1200,1003200
INFY30Jan20800CE.NFO,07/01/2020,09:46:26,5.8,5.8,4800,5.9,1200,0,1003200
INFY30Jan20800CE.NFO,07/01/2020,09:46:36,5.8,5.75,2400,5.85,1200,4800,1003200
INFY30Jan20800CE.NFO,07/01/2020,09:46:41,5.75,5.75,1200,5.9,4800,2400,1003200
INFY30Jan20800CE.NFO,07/01/2020,09:46:46,5.75,5.75,1200,5.9,4800,0,1003200
INFY30Jan20800CE.NFO,07/01/2020,09:46:59,5.75,5.7,2400,5.9,3600,1200,1003200
INFY30Jan20800CE.NFO,07/01/2020,09:47:03,5.75,5.7,2400,5.85,3600,0,1003200
INFY30Jan20800CE.NFO,07/01/2020,09:47:08,5.7,5.55,2400,5.85,4800,2400,1003200
INFY30Jan20800CE.NFO,07/01/2020,09:47:13,5.7,5.55,6000,5.7,1200,0,1003200
INFY30Jan20800CE.NFO,07/01/2020,09:47:30,5.7,5.55,4800,5.7,1200,0,1003200
INFY30Jan20800CE.NFO,07/01/2020,09:47:39,5.7,5.6,6000,5.75,1200,1200,1004400
INFY30Jan20800CE.NFO,07/01/2020,09:47:47,5.7,5.65,1200,5.75,1200,0,1004400
INFY30Jan20800CE.NFO,07/01/2020,09:47:51,5.7,5.6,6000,5.75,1200,0,1004400
INFY30Jan20800CE.NFO,07/01/2020,09:47:56,5.7,5.55,6000,5.75,2400,0,1004400
INFY30Jan20800CE.NFO,07/01/2020,09:48:04,5.7,5.55,6000,5.75,3600,1200,1004400
INFY30Jan20800CE.NFO,07/01/2020,09:48:15,5.7,5.55,7200,5.75,2400,0,1004400
INFY30Jan20800CE.NFO,07/01/2020,09:48:19,5.7,5.55,7200,5.7,1200,0,1004400
INFY30Jan20800CE.NFO,07/01/2020,09:48:23,5.55,5.5,10800,5.7,1200,12000,1004400
INFY30Jan20800CE.NFO,07/01/2020,09:48:27,5.55,5.5,10800,5.7,1200,0,1004400
INFY30Jan20800CE.NFO,07/01/2020,09:48:31,5.55,5.55,4800,5.7,2400,0,1004400
INFY30Jan20800CE.NFO,07/01/2020,09:48:35,5.55,5.55,4800,5.7,1200,0,1004400
INFY30Jan20800CE.NFO,07/01/2020,09:48:44,5.7,5.6,4800,5.75,1200,1200,1004400
INFY30Jan20800CE.NFO,07/01/2020,09:48:49,5.75,5.65,3600,5.85,2400,1200,1004400
INFY30Jan20800CE.NFO,07/01/2020,09:48:53,5.75,5.65,1200,5.7,1200,0,1004400
INFY30Jan20800CE.NFO,07/01/2020,09:49:00,5.75,5.65,1200,5.7,2400,0,1004400
INFY30Jan20800CE.NFO,07/01/2020,09:49:05,5.65,5.55,4800,5.7,3600,1200,1004400
INFY30Jan20800CE.NFO,07/01/2020,09:49:09,5.65,5.55,4800,5.7,3600,0,1004400
INFY30Jan20800CE.NFO,07/01/2020,09:49:14,5.65,5.6,4800,5.7,2400,1200,1004400
INFY30Jan20800CE.NFO,07/01/2020,09:49:19,5.65,5.6,3600,5.7,2400,0,1004400
INFY30Jan20800CE.NFO,07/01/2020,09:49:25,5.65,5.65,1200,5.7,1200,0,1004400
INFY30Jan20800CE.NFO,07/01/2020,09:49:31,5.7,5.65,1200,5.75,2400,1200,1004400
INFY30Jan20800CE.NFO,07/01/2020,09:49:41,5.7,5.65,1200,5.75,2400,0,1004400
INFY30Jan20800CE.NFO,07/01/2020,09:49:47,5.6,5.6,2400,5.75,2400,2400,1004400
INFY30Jan20800CE.NFO,07/01/2020,09:49:52,5.6,5.6,2400,5.75,2400,0,1004400
INFY30Jan20800CE.NFO,07/01/2020,09:49:56,5.6,5.6,2400,5.8,2400,0,1004400
INFY30Jan20800CE.NFO,07/01/2020,09:50:01,5.6,5.65,4800,5.8,1200,0,1004400
INFY30Jan20800CE.NFO,07/01/2020,09:50:12,5.6,5.65,6000,5.85,3600,0,1004400
INFY30Jan20800CE.NFO,07/01/2020,09:50:22,5.6,5.7,2400,5.85,3600,0,1004400
INFY30Jan20800CE.NFO,07/01/2020,09:50:27,5.6,5.7,1200,5.85,3600,0,1004400
INFY30Jan20800CE.NFO,07/01/2020,09:50:32,5.6,5.7,2400,5.85,3600,0,1004400
INFY30Jan20800CE.NFO,07/01/2020,09:50:36,5.6,5.7,1200,5.85,6000,0,1004400
INFY30Jan20800CE.NFO,07/01/2020,09:50:42,5.6,5.65,1200,5.8,3600,0,1004400
INFY30Jan20800CE.NFO,07/01/2020,09:50:48,5.6,5.6,3600,5.8,4800,0,1004400
INFY30Jan20800CE.NFO,07/01/2020,09:51:02,5.6,5.6,4800,5.8,4800,0,1004400
INFY30Jan20800CE.NFO,07/01/2020,09:51:07,5.6,5.6,4800,5.8,6000,0,1004400
INFY30Jan20800CE.NFO,07/01/2020,09:51:13,5.6,5.6,2400,5.7,1200,0,1004400
INFY30Jan20800CE.NFO,07/01/2020,09:52:04,5.6,5.6,2400,5.7,2400,0,1004400
INFY30Jan20800CE.NFO,07/01/2020,09:52:25,5.6,5.55,3600,5.65,1200,2400,1004400
INFY30Jan20800CE.NFO,07/01/2020,09:52:30,5.6,5.55,3600,5.65,1200,0,1004400
INFY30Jan20800CE.NFO,07/01/2020,09:52:35,5.65,5.55,3600,5.7,1200,1200,1004400
INFY30Jan20800CE.NFO,07/01/2020,09:52:55,5.65,5.55,3600,5.7,1200,0,1004400
INFY30Jan20800CE.NFO,07/01/2020,09:53:10,5.65,5.65,2400,5.7,1200,0,1004400
INFY30Jan20800CE.NFO,07/01/2020,09:53:15,5.65,5.6,4800,5.7,1200,0,1004400
INFY30Jan20800CE.NFO,07/01/2020,09:53:26,5.7,5.6,6000,5.75,2400,1200,1003200
INFY30Jan20800CE.NFO,07/01/2020,09:53:31,5.6,5.55,4800,5.7,3600,12000,1003200
INFY30Jan20800CE.NFO,07/01/2020,09:53:36,5.6,5.55,4800,5.7,3600,0,1003200
INFY30Jan20800CE.NFO,07/01/2020,09:53:41,5.6,5.55,4800,5.7,4800,0,1003200
INFY30Jan20800CE.NFO,07/01/2020,09:54:12,5.6,5.55,3600,5.7,3600,0,1003200
INFY30Jan20800CE.NFO,07/01/2020,09:54:40,5.6,5.65,1200,5.7,1200,0,1003200
INFY30Jan20800CE.NFO,07/01/2020,09:54:53,5.7,5.65,2400,5.8,7200,1200,1003200
INFY30Jan20800CE.NFO,07/01/2020,09:54:58,5.7,5.7,6000,5.8,1200,0,1003200
INFY30Jan20800CE.NFO,07/01/2020,09:55:03,5.7,5.7,4800,5.8,1200,0,1003200
INFY30Jan20800CE.NFO,07/01/2020,09:55:08,5.7,5.7,1200,5.8,1200,0,1003200
INFY30Jan20800CE.NFO,07/01/2020,09:55:13,5.7,5.7,2400,5.8,2400,0,1003200
INFY30Jan20800CE.NFO,07/01/2020,09:55:18,5.7,5.65,2400,5.8,3600,0,1003200
INFY30Jan20800CE.NFO,07/01/2020,09:55:23,5.7,5.65,2400,5.8,2400,0,1003200
INFY30Jan20800CE.NFO,07/01/2020,09:55:33,5.7,5.65,1200,5.75,1200,0,1003200
INFY30Jan20800CE.NFO,07/01/2020,09:55:37,5.75,5.65,2400,5.8,3600,4800,1003200
INFY30Jan20800CE.NFO,07/01/2020,09:55:46,5.75,5.65,2400,5.8,3600,0,1003200
INFY30Jan20800CE.NFO,07/01/2020,09:55:51,5.7,5.7,2400,5.8,1200,1200,1003200
INFY30Jan20800CE.NFO,07/01/2020,09:55:56,5.7,5.7,1200,5.8,2400,0,1003200
INFY30Jan20800CE.NFO,07/01/2020,09:56:11,5.65,5.6,7200,5.8,2400,3600,1003200
INFY30Jan20800CE.NFO,07/01/2020,09:56:16,5.65,5.7,2400,5.8,1200,0,1003200
INFY30Jan20800CE.NFO,07/01/2020,09:56:21,5.9,5.8,2400,6,3600,6000,997200
INFY30Jan20800CE.NFO,07/01/2020,09:56:21,5.9,5.8,2400,6,3600,0,997200
INFY30Jan20800CE.NFO,07/01/2020,09:56:27,5.9,5.8,2400,5.95,1200,0,997200
INFY30Jan20800CE.NFO,07/01/2020,09:56:32,5.9,5.7,4800,5.9,4800,0,997200
INFY30Jan20800CE.NFO,07/01/2020,09:56:43,5.9,5.7,3600,5.9,4800,0,997200
INFY30Jan20800CE.NFO,07/01/2020,09:56:47,5.9,5.8,1200,5.9,4800,0,997200
INFY30Jan20800CE.NFO,07/01/2020,09:56:55,5.75,5.7,4800,5.85,4800,2400,997200
INFY30Jan20800CE.NFO,07/01/2020,09:57:00,5.75,5.75,3600,5.9,2400,0,997200
INFY30Jan20800CE.NFO,07/01/2020,09:57:30,5.75,5.85,1200,5.9,1200,0,997200
INFY30Jan20800CE.NFO,07/01/2020,09:57:41,5.75,5.8,6000,5.9,1200,0,997200
INFY30Jan20800CE.NFO,07/01/2020,09:57:50,5.9,5.8,6000,6,2400,1200,997200
INFY30Jan20800CE.NFO,07/01/2020,09:57:55,5.9,5.8,6000,6,2400,0,997200
INFY30Jan20800CE.NFO,07/01/2020,09:58:09,5.95,5.8,6000,5.95,1200,1200,997200
INFY30Jan20800CE.NFO,07/01/2020,09:58:09,5.95,5.8,6000,5.95,1200,0,997200
INFY30Jan20800CE.NFO,07/01/2020,09:58:13,5.95,5.8,6000,5.95,1200,0,997200
INFY30Jan20800CE.NFO,07/01/2020,09:58:18,5.95,5.8,6000,6,3600,0,997200
INFY30Jan20800CE.NFO,07/01/2020,09:58:22,5.95,5.8,2400,6,6000,0,997200
INFY30Jan20800CE.NFO,07/01/2020,09:58:44,5.95,5.8,1200,5.9,2400,0,997200
INFY30Jan20800CE.NFO,07/01/2020,09:58:49,5.95,5.75,3600,5.9,4800,0,997200
INFY30Jan20800CE.NFO,07/01/2020,09:59:01,5.95,5.75,3600,5.9,2400,0,997200
INFY30Jan20800CE.NFO,07/01/2020,09:59:07,5.95,5.75,3600,5.9,1200,0,997200
INFY30Jan20800CE.NFO,07/01/2020,09:59:13,5.9,5.75,3600,5.95,2400,1200,997200
INFY30Jan20800CE.NFO,07/01/2020,09:59:18,5.9,5.75,3600,5.95,2400,0,997200
INFY30Jan20800CE.NFO,07/01/2020,09:59:29,5.95,5.75,3600,5.95,2400,1200,987600
INFY30Jan20800CE.NFO,07/01/2020,09:59:34,5.95,5.75,3600,5.95,1200,1200,987600
INFY30Jan20800CE.NFO,07/01/2020,09:59:40,5.95,5.75,3600,5.95,3600,0,987600
INFY30Jan20800CE.NFO,07/01/2020,09:59:45,5.95,5.75,3600,5.95,4800,0,987600
INFY30Jan20800CE.NFO,07/01/2020,09:59:56,5.95,5.75,3600,5.9,2400,0,987600
INFY30Jan20800CE.NFO,07/01/2020,10:00:13,5.95,5.75,2400,5.9,1200,0,987600
INFY30Jan20800CE.NFO,07/01/2020,10:00:18,5.95,5.75,3600,5.9,2400,0,987600
INFY30Jan20800CE.NFO,07/01/2020,10:01:06,5.95,5.85,1200,5.9,2400,0,987600
INFY30Jan20800CE.NFO,07/01/2020,10:01:25,5.9,5.85,2400,5.95,2400,1200,987600
INFY30Jan20800CE.NFO,07/01/2020,10:01:31,5.9,5.85,3600,6,1200,0,987600
INFY30Jan20800CE.NFO,07/01/2020,10:01:37,5.9,5.85,3600,6,3600,0,987600
INFY30Jan20800CE.NFO,07/01/2020,10:01:43,5.9,5.85,3600,5.95,1200,0,987600
INFY30Jan20800CE.NFO,07/01/2020,10:01:54,5.9,5.85,2400,5.95,3600,0,987600
INFY30Jan20800CE.NFO,07/01/2020,10:02:16,5.9,5.85,1200,5.95,3600,0,987600
INFY30Jan20800CE.NFO,07/01/2020,10:02:21,5.9,5.85,2400,5.95,4800,0,987600
INFY30Jan20800CE.NFO,07/01/2020,10:03:08,5.9,5.85,1200,5.9,2400,0,987600
INFY30Jan20800CE.NFO,07/01/2020,10:03:13,5.85,5.8,4800,5.9,2400,1200,987600
INFY30Jan20800CE.NFO,07/01/2020,10:03:18,5.85,5.8,4800,5.9,2400,0,987600
INFY30Jan20800CE.NFO,07/01/2020,10:03:22,5.8,5.8,1200,5.9,2400,4800,987600
INFY30Jan20800CE.NFO,07/01/2020,10:03:32,5.8,5.75,3600,5.9,3600,0,987600
INFY30Jan20800CE.NFO,07/01/2020,10:03:59,5.8,5.75,2400,5.9,3600,0,987600
INFY30Jan20800CE.NFO,07/01/2020,10:04:35,5.8,5.75,2400,5.9,6000,0,987600
INFY30Jan20800CE.NFO,07/01/2020,10:04:40,5.8,5.75,1200,5.9,6000,0,987600
INFY30Jan20800CE.NFO,07/01/2020,10:04:49,5.8,5.7,7200,5.85,4800,0,987600
INFY30Jan20800CE.NFO,07/01/2020,10:05:07,5.8,5.7,4800,5.8,1200,0,987600
INFY30Jan20800CE.NFO,07/01/2020,10:05:11,5.8,5.7,6000,5.8,1200,0,987600
INFY30Jan20800CE.NFO,07/01/2020,10:05:16,5.8,5.7,2400,5.8,2400,0,987600
INFY30Jan20800CE.NFO,07/01/2020,10:05:53,5.8,5.7,7200,5.85,3600,0,987600
INFY30Jan20800CE.NFO,07/01/2020,10:05:58,5.8,5.7,4800,5.85,3600,0,987600
INFY30Jan20800CE.NFO,07/01/2020,10:06:09,5.8,5.7,2400,5.85,3600,0,987600
INFY30Jan20800CE.NFO,07/01/2020,10:06:19,5.8,5.7,8400,5.85,3600,0,987600
INFY30Jan20800CE.NFO,07/01/2020,10:06:25,5.8,5.7,8400,5.85,2400,0,987600
INFY30Jan20800CE.NFO,07/01/2020,10:06:36,5.8,5.7,8400,5.85,2400,1200,991200
INFY30Jan20800CE.NFO,07/01/2020,10:06:42,5.8,5.7,8400,5.85,4800,0,991200
INFY30Jan20800CE.NFO,07/01/2020,10:06:54,5.8,5.7,8400,5.8,1200,0,991200
INFY30Jan20800CE.NFO,07/01/2020,10:07:04,5.75,5.7,7200,5.85,4800,1200,991200
INFY30Jan20800CE.NFO,07/01/2020,10:07:22,5.75,5.7,8400,5.85,3600,0,991200
INFY30Jan20800CE.NFO,07/01/2020,10:07:27,5.75,5.7,8400,5.8,1200,0,991200
INFY30Jan20800CE.NFO,07/01/2020,10:07:42,5.8,5.75,1200,5.85,2400,1200,991200
INFY30Jan20800CE.NFO,07/01/2020,10:07:53,5.8,5.8,1200,5.85,2400,0,991200
INFY30Jan20800CE.NFO,07/01/2020,10:07:58,5.8,5.75,2400,5.85,2400,1200,991200
INFY30Jan20800CE.NFO,07/01/2020,10:08:16,5.8,5.75,1200,5.85,3600,0,991200
INFY30Jan20800CE.NFO,07/01/2020,10:08:25,5.8,5.75,3600,5.85,2400,0,991200
INFY30Jan20800CE.NFO,07/01/2020,10:09:11,5.8,5.75,2400,5.85,2400,0,991200
INFY30Jan20800CE.NFO,07/01/2020,10:09:15,5.8,5.75,1200,5.85,4800,1200,988800
INFY30Jan20800CE.NFO,07/01/2020,10:09:19,5.8,5.75,1200,5.85,3600,0,988800
INFY30Jan20800CE.NFO,07/01/2020,10:09:49,5.8,5.8,2400,5.85,2400,0,988800
INFY30Jan20800CE.NFO,07/01/2020,10:09:53,5.8,5.8,2400,5.85,3600,0,988800
INFY30Jan20800CE.NFO,07/01/2020,10:09:58,5.8,5.8,3600,5.85,3600,0,988800
INFY30Jan20800CE.NFO,07/01/2020,10:10:04,5.8,5.8,3600,5.85,2400,0,988800
INFY30Jan20800CE.NFO,07/01/2020,10:10:08,5.8,5.8,3600,5.85,3600,0,988800
INFY30Jan20800CE.NFO,07/01/2020,10:10:35,5.8,5.8,3600,5.85,2400,0,988800
INFY30Jan20800CE.NFO,07/01/2020,10:10:48,5.85,5.8,3600,5.85,1200,1200,988800
INFY30Jan20800CE.NFO,07/01/2020,10:11:14,5.8,5.8,2400,5.85,1200,1200,988800
INFY30Jan20800CE.NFO,07/01/2020,10:11:19,5.8,5.8,2400,5.85,1200,0,988800
INFY30Jan20800CE.NFO,07/01/2020,10:11:41,5.8,5.8,2400,5.85,2400,0,988800
INFY30Jan20800CE.NFO,07/01/2020,10:11:46,5.8,5.8,2400,5.85,1200,0,988800
INFY30Jan20800CE.NFO,07/01/2020,10:11:51,5.8,5.8,3600,5.85,2400,0,988800
INFY30Jan20800CE.NFO,07/01/2020,10:11:56,5.8,5.7,8400,5.85,6000,3600,985200
INFY30Jan20800CE.NFO,07/01/2020,10:12:01,5.8,5.7,8400,5.85,4800,0,985200
INFY30Jan20800CE.NFO,07/01/2020,10:12:13,5.8,5.7,8400,5.85,6000,0,985200
INFY30Jan20800CE.NFO,07/01/2020,10:12:19,5.8,5.7,7200,5.8,1200,0,985200
INFY30Jan20800CE.NFO,07/01/2020,10:12:32,5.85,5.75,2400,5.9,4800,2400,985200
INFY30Jan20800CE.NFO,07/01/2020,10:12:42,5.9,5.75,2400,5.9,3600,1200,985200
INFY30Jan20800CE.NFO,07/01/2020,10:12:57,5.9,5.75,2400,5.9,3600,0,985200
INFY30Jan20800CE.NFO,07/01/2020,10:13:41,5.9,5.75,3600,5.9,3600,0,985200
INFY30Jan20800CE.NFO,07/01/2020,10:13:57,5.9,5.75,3600,5.9,2400,0,985200
INFY30Jan20800CE.NFO,07/01/2020,10:14:16,5.9,5.75,2400,5.9,2400,0,985200
INFY30Jan20800CE.NFO,07/01/2020,10:14:22,5.9,5.75,1200,5.9,4800,0,985200
INFY30Jan20800CE.NFO,07/01/2020,10:14:27,5.75,5.7,8400,5.9,16800,1200,985200
INFY30Jan20800CE.NFO,07/01/2020,10:14:38,5.75,5.7,4800,5.9,16800,0,979200
INFY30Jan20800CE.NFO,07/01/2020,10:14:47,5.75,5.7,7200,5.9,16800,0,979200
INFY30Jan20800CE.NFO,07/01/2020,10:15:02,5.75,5.7,3600,5.9,16800,0,979200
INFY30Jan20800CE.NFO,07/01/2020,10:15:08,5.75,5.7,2400,5.8,3600,0,979200
INFY30Jan20800CE.NFO,07/01/2020,10:15:23,5.8,5.7,2400,5.8,2400,1200,979200
INFY30Jan20800CE.NFO,07/01/2020,10:15:27,5.8,5.7,2400,5.8,1200,0,979200
INFY30Jan20800CE.NFO,07/01/2020,10:17:20,5.8,5.7,2400,5.8,3600,0,979200
INFY30Jan20800CE.NFO,07/01/2020,10:17:24,5.8,5.7,3600,5.8,3600,0,979200
INFY30Jan20800CE.NFO,07/01/2020,10:17:28,5.7,5.5,2400,5.7,2400,2400,980400
INFY30Jan20800CE.NFO,07/01/2020,10:17:33,5.7,5.55,6000,5.75,1200,0,980400
INFY30Jan20800CE.NFO,07/01/2020,10:17:38,5.7,5.65,1200,5.75,2400,0,980400
INFY30Jan20800CE.NFO,07/01/2020,10:17:43,5.7,5.65,3600,5.75,2400,0,980400
INFY30Jan20800CE.NFO,07/01/2020,10:17:48,5.7,5.55,2400,5.75,2400,0,980400
INFY30Jan20800CE.NFO,07/01/2020,10:17:53,5.7,5.55,2400,5.65,1200,0,980400
INFY30Jan20800CE.NFO,07/01/2020,10:18:03,5.7,5.55,4800,5.7,6000,0,980400
INFY30Jan20800CE.NFO,07/01/2020,10:18:07,5.7,5.55,1200,5.7,6000,0,980400
INFY30Jan20800CE.NFO,07/01/2020,10:18:11,5.7,5.55,1200,5.7,8400,0,980400
INFY30Jan20800CE.NFO,07/01/2020,10:18:23,5.7,5.5,1200,5.7,8400,0,980400
INFY30Jan20800CE.NFO,07/01/2020,10:18:42,5.7,5.5,1200,5.7,9600,0,980400
INFY30Jan20800CE.NFO,07/01/2020,10:18:53,5.7,5.5,1200,5.7,8400,1200,980400
INFY30Jan20800CE.NFO,07/01/2020,10:18:57,5.5,5.4,2400,5.6,9600,1200,980400
INFY30Jan20800CE.NFO,07/01/2020,10:19:02,5.5,5.5,1200,5.6,9600,0,980400
INFY30Jan20800CE.NFO,07/01/2020,10:19:07,5.5,5.4,4800,5.6,6000,1200,980400
INFY30Jan20800CE.NFO,07/01/2020,10:19:16,5.5,5.4,4800,5.6,6000,0,980400
INFY30Jan20800CE.NFO,07/01/2020,10:19:21,5.5,5.4,4800,5.6,3600,0,980400
INFY30Jan20800CE.NFO,07/01/2020,10:19:25,5.5,5.45,3600,5.6,3600,0,980400
INFY30Jan20800CE.NFO,07/01/2020,10:19:33,5.5,5.45,4800,5.6,3600,1200,980400
INFY30Jan20800CE.NFO,07/01/2020,10:19:36,5.5,5.45,2400,5.6,3600,0,980400
INFY30Jan20800CE.NFO,07/01/2020,10:19:50,5.5,5.5,1200,5.6,3600,0,980400
INFY30Jan20800CE.NFO,07/01/2020,10:19:55,5.5,5.5,1200,5.6,1200,0,980400
INFY30Jan20800CE.NFO,07/01/2020,10:20:03,5.5,5.5,1200,5.6,2400,0,980400
INFY30Jan20800CE.NFO,07/01/2020,10:20:50,5.5,5.5,1200,5.6,4800,0,980400
INFY30Jan20800CE.NFO,07/01/2020,10:20:54,5.5,5.5,1200,5.6,2400,0,980400
INFY30Jan20800CE.NFO,07/01/2020,10:20:57,5.5,5.45,3600,5.6,2400,1200,982800
INFY30Jan20800CE.NFO,07/01/2020,10:21:26,5.5,5.45,2400,5.6,2400,0,982800
INFY30Jan20800CE.NFO,07/01/2020,10:21:35,5.5,5.45,4800,5.6,1200,0,982800
INFY30Jan20800CE.NFO,07/01/2020,10:21:38,5.5,5.45,7200,5.65,6000,0,982800
INFY30Jan20800CE.NFO,07/01/2020,10:21:52,5.65,5.45,7200,5.65,4800,1200,982800
INFY30Jan20800CE.NFO,07/01/2020,10:22:10,5.65,5.45,7200,5.65,4800,0,982800
INFY30Jan20800CE.NFO,07/01/2020,10:22:25,5.65,5.45,7200,5.6,2400,0,982800
INFY30Jan20800CE.NFO,07/01/2020,10:22:30,5.55,5.45,6000,5.6,2400,1200,982800
INFY30Jan20800CE.NFO,07/01/2020,10:22:41,5.55,5.5,2400,5.6,2400,0,982800
INFY30Jan20800CE.NFO,07/01/2020,10:22:47,5.55,5.5,2400,5.6,1200,0,982800
INFY30Jan20800CE.NFO,07/01/2020,10:22:57,5.55,5.45,2400,5.6,3600,1200,982800
INFY30Jan20800CE.NFO,07/01/2020,10:23:07,5.55,5.4,4800,5.6,3600,1200,982800
INFY30Jan20800CE.NFO,07/01/2020,10:23:11,5.55,5.35,7200,5.6,6000,0,982800
INFY30Jan20800CE.NFO,07/01/2020,10:23:16,5.55,5.35,6000,5.45,1200,0,982800
INFY30Jan20800CE.NFO,07/01/2020,10:23:20,5.55,5.35,6000,5.5,4800,0,982800
INFY30Jan20800CE.NFO,07/01/2020,10:23:24,5.55,5.35,4800,5.5,4800,0,982800
INFY30Jan20800CE.NFO,07/01/2020,10:23:28,5.55,5.35,6000,5.5,4800,0,982800
INFY30Jan20800CE.NFO,07/01/2020,10:23:32,5.55,5.35,4800,5.5,4800,0,982800
INFY30Jan20800CE.NFO,07/01/2020,10:23:39,5.35,5.25,3600,5.4,9600,3600,984000
INFY30Jan20800CE.NFO,07/01/2020,10:23:44,5.35,5.25,4800,5.35,2400,0,984000
INFY30Jan20800CE.NFO,07/01/2020,10:23:48,5.35,5.25,3600,5.35,1200,0,984000
INFY30Jan20800CE.NFO,07/01/2020,10:23:55,5.35,5.25,3600,5.4,10800,1200,984000
INFY30Jan20800CE.NFO,07/01/2020,10:23:59,5.35,5.25,2400,5.4,12000,0,984000
INFY30Jan20800CE.NFO,07/01/2020,10:24:02,5.35,5.25,3600,5.4,12000,0,984000
INFY30Jan20800CE.NFO,07/01/2020,10:24:11,5.35,5.25,3600,5.4,10800,0,984000
INFY30Jan20800CE.NFO,07/01/2020,10:24:15,5.35,5.25,3600,5.4,9600,0,984000
INFY30Jan20800CE.NFO,07/01/2020,10:24:35,5.35,5.25,3600,5.4,10800,0,984000
INFY30Jan20800CE.NFO,07/01/2020,10:24:38,5.35,5.25,4800,5.4,12000,0,984000
INFY30Jan20800CE.NFO,07/01/2020,10:24:54,5.35,5.25,3600,5.35,10800,0,984000
INFY30Jan20800CE.NFO,07/01/2020,10:24:57,5.35,5.25,3600,5.35,9600,1200,984000
INFY30Jan20800CE.NFO,07/01/2020,10:25:01,5.35,5.25,3600,5.35,6000,3600,984000
INFY30Jan20800CE.NFO,07/01/2020,10:25:04,5.3,5.25,4800,5.35,7200,10800,984000
INFY30Jan20800CE.NFO,07/01/2020,10:25:07,5.3,5.25,4800,5.35,7200,0,984000
INFY30Jan20800CE.NFO,07/01/2020,10:25:10,5.3,5.25,2400,5.35,7200,0,984000
INFY30Jan20800CE.NFO,07/01/2020,10:25:16,5.3,5.25,2400,5.35,8400,0,984000
INFY30Jan20800CE.NFO,07/01/2020,10:25:20,5.3,5.25,3600,5.35,8400,0,984000
INFY30Jan20800CE.NFO,07/01/2020,10:25:48,5.3,5.25,7200,5.35,6000,0,984000
INFY30Jan20800CE.NFO,07/01/2020,10:25:53,5.35,5.25,7200,5.35,2400,3600,984000
INFY30Jan20800CE.NFO,07/01/2020,10:25:58,5.35,5.35,4800,5.4,2400,3600,984000
INFY30Jan20800CE.NFO,07/01/2020,10:26:02,5.35,5.35,4800,5.4,2400,0,984000
INFY30Jan20800CE.NFO,07/01/2020,10:26:10,5.35,5.35,4800,5.45,2400,0,984000
INFY30Jan20800CE.NFO,07/01/2020,10:26:53,5.35,5.35,3600,5.45,4800,1200,976800
INFY30Jan20800CE.NFO,07/01/2020,10:26:57,5.35,5.35,3600,5.45,4800,0,976800
INFY30Jan20800CE.NFO,07/01/2020,10:27:11,5.35,5.35,2400,5.4,4800,1200,976800
INFY30Jan20800CE.NFO,07/01/2020,10:27:15,5.35,5.35,2400,5.4,4800,0,976800
INFY30Jan20800CE.NFO,07/01/2020,10:27:21,5.35,5.35,1200,5.4,4800,1200,976800
INFY30Jan20800CE.NFO,07/01/2020,10:27:28,5.35,5.25,1200,5.4,6000,1200,976800
INFY30Jan20800CE.NFO,07/01/2020,10:27:32,5.35,5.25,1200,5.35,3600,0,976800
INFY30Jan20800CE.NFO,07/01/2020,10:27:50,5.35,5.25,1200,5.35,2400,0,976800
INFY30Jan20800CE.NFO,07/01/2020,10:27:56,5.35,5.25,2400,5.35,2400,0,976800
INFY30Jan20800CE.NFO,07/01/2020,10:28:05,5.25,5.2,1200,5.35,2400,2400,976800
INFY30Jan20800CE.NFO,07/01/2020,10:28:08,5.25,5.2,1200,5.35,2400,0,976800
INFY30Jan20800CE.NFO,07/01/2020,10:28:12,5.25,5.15,4800,5.35,2400,0,976800
INFY30Jan20800CE.NFO,07/01/2020,10:28:15,5.25,5.15,4800,5.35,4800,0,976800
INFY30Jan20800CE.NFO,07/01/2020,10:28:28,5.25,5.25,3600,5.35,1200,0,976800
INFY30Jan20800CE.NFO,07/01/2020,10:28:32,5.25,5.25,2400,5.4,7200,0,976800
INFY30Jan20800CE.NFO,07/01/2020,10:28:58,5.25,5.25,2400,5.4,3600,0,976800
INFY30Jan20800CE.NFO,07/01/2020,10:29:13,5.25,5.25,1200,5.4,3600,0,976800
INFY30Jan20800CE.NFO,07/01/2020,10:29:16,5.25,5.25,3600,5.4,2400,0,976800
INFY30Jan20800CE.NFO,07/01/2020,10:29:23,5.25,5.2,6000,5.4,4800,0,976800
INFY30Jan20800CE.NFO,07/01/2020,10:29:30,5.25,5.2,6000,5.35,2400,0,976800
INFY30Jan20800CE.NFO,07/01/2020,10:29:36,5.25,5.25,2400,5.35,2400,0,976800
INFY30Jan20800CE.NFO,07/01/2020,10:29:43,5.25,5.25,2400,5.35,1200,0,976800
INFY30Jan20800CE.NFO,07/01/2020,10:29:48,5.25,5.25,2400,5.35,2400,0,976800
INFY30Jan20800CE.NFO,07/01/2020,10:29:50,5.25,5.25,1200,5.35,2400,0,976800
INFY30Jan20800CE.NFO,07/01/2020,10:29:58,5.25,5.25,2400,5.35,2400,0,976800
INFY30Jan20800CE.NFO,07/01/2020,10:30:07,5.25,5.25,2400,5.35,1200,0,976800
INFY30Jan20800CE.NFO,07/01/2020,10:30:12,5.25,5.3,1200,5.35,1200,0,976800
INFY30Jan20800CE.NFO,07/01/2020,10:30:23,5.35,5.3,1200,5.4,2400,1200,981600
INFY30Jan20800CE.NFO,07/01/2020,10:30:31,5.35,5.35,1200,5.4,2400,0,981600
INFY30Jan20800CE.NFO,07/01/2020,10:30:33,5.35,5.35,2400,5.4,2400,0,981600
INFY30Jan20800CE.NFO,07/01/2020,10:30:39,5.4,5.35,1200,5.4,2400,1200,981600
INFY30Jan20800CE.NFO,07/01/2020,10:30:42,5.4,5.35,1200,5.4,1200,0,981600
INFY30Jan20800CE.NFO,07/01/2020,10:31:05,5.4,5.3,1200,5.4,1200,0,981600
INFY30Jan20800CE.NFO,07/01/2020,10:31:15,5.4,5.25,6000,5.4,2400,0,981600
INFY30Jan20800CE.NFO,07/01/2020,10:31:18,5.4,5.25,4800,5.35,1200,0,981600
INFY30Jan20800CE.NFO,07/01/2020,10:31:24,5.4,5.25,2400,5.35,2400,0,981600
INFY30Jan20800CE.NFO,07/01/2020,10:31:27,5.4,5.25,3600,5.35,2400,0,981600
INFY30Jan20800CE.NFO,07/01/2020,10:31:33,5.4,5.25,3600,5.35,1200,0,981600
INFY30Jan20800CE.NFO,07/01/2020,10:32:05,5.4,5.25,4800,5.35,1200,0,981600
INFY30Jan20800CE.NFO,07/01/2020,10:32:32,5.4,5.25,7200,5.35,1200,0,981600
INFY30Jan20800CE.NFO,07/01/2020,10:32:48,5.4,5.25,8400,5.4,1200,0,981600
INFY30Jan20800CE.NFO,07/01/2020,10:33:19,5.4,5.35,1200,5.45,2400,0,981600
INFY30Jan20800CE.NFO,07/01/2020,10:33:23,5.4,5.3,3600,5.45,1200,0,981600
INFY30Jan20800CE.NFO,07/01/2020,10:33:29,5.4,5.35,2400,5.45,1200,0,981600
INFY30Jan20800CE.NFO,07/01/2020,10:33:57,5.4,5.35,2400,5.4,1200,0,981600
INFY30Jan20800CE.NFO,07/01/2020,10:33:59,5.4,5.35,2400,5.45,1200,0,981600
INFY30Jan20800CE.NFO,07/01/2020,10:34:17,5.4,5.35,2400,5.45,2400,0,981600
INFY30Jan20800CE.NFO,07/01/2020,10:34:38,5.45,5.35,3600,5.5,3600,1200,978000
INFY30Jan20800CE.NFO,07/01/2020,10:34:42,5.45,5.35,2400,5.5,3600,0,978000
INFY30Jan20800CE.NFO,07/01/2020,10:34:56,5.45,5.35,3600,5.5,3600,0,978000
INFY30Jan20800CE.NFO,07/01/2020,10:35:30,5.45,5.35,2400,5.5,3600,0,978000
INFY30Jan20800CE.NFO,07/01/2020,10:35:37,5.45,5.35,1200,5.5,3600,0,978000
INFY30Jan20800CE.NFO,07/01/2020,10:35:53,5.45,5.35,4800,5.5,3600,0,978000
INFY30Jan20800CE.NFO,07/01/2020,10:36:20,5.45,5.35,4800,5.5,1200,0,978000
INFY30Jan20800CE.NFO,07/01/2020,10:36:39,5.5,5.35,4800,5.55,3600,1200,978000
INFY30Jan20800CE.NFO,07/01/2020,10:36:53,5.5,5.4,8400,5.55,2400,0,978000
INFY30Jan20800CE.NFO,07/01/2020,10:36:59,5.5,5.4,6000,5.5,1200,0,978000
INFY30Jan20800CE.NFO,07/01/2020,10:37:13,5.5,5.4,6000,5.55,2400,1200,978000
INFY30Jan20800CE.NFO,07/01/2020,10:37:21,5.5,5.5,1200,5.55,1200,0,978000
INFY30Jan20800CE.NFO,07/01/2020,10:37:25,5.7,5.5,1200,5.6,1200,9600,978000
INFY30Jan20800CE.NFO,07/01/2020,10:37:29,5.7,5.5,1200,5.6,2400,0,978000
INFY30Jan20800CE.NFO,07/01/2020,10:37:41,5.7,5.5,3600,5.65,3600,0,978000
INFY30Jan20800CE.NFO,07/01/2020,10:37:48,5.6,5.5,4800,5.7,3600,1200,978000
INFY30Jan20800CE.NFO,07/01/2020,10:37:55,5.6,5.5,4800,5.7,3600,0,978000
INFY30Jan20800CE.NFO,07/01/2020,10:37:59,5.6,5.5,4800,5.7,2400,0,978000
INFY30Jan20800CE.NFO,07/01/2020,10:39:24,5.6,5.5,6000,5.7,2400,0,978000
INFY30Jan20800CE.NFO,07/01/2020,10:39:55,5.6,5.5,4800,5.7,2400,0,978000
INFY30Jan20800CE.NFO,07/01/2020,10:40:08,5.6,5.5,10800,5.75,2400,0,978000
INFY30Jan20800CE.NFO,07/01/2020,10:41:38,5.6,5.5,12000,5.75,2400,0,978000
INFY30Jan20800CE.NFO,07/01/2020,10:41:53,5.6,5.5,18000,5.75,1200,0,978000
INFY30Jan20800CE.NFO,07/01/2020,10:41:56,5.6,5.5,18000,5.75,2400,0,978000
INFY30Jan20800CE.NFO,07/01/2020,10:42:04,5.6,5.5,18000,5.8,3600,0,978000
INFY30Jan20800CE.NFO,07/01/2020,10:42:08,5.6,5.5,16800,5.8,3600,0,978000
INFY30Jan20800CE.NFO,07/01/2020,10:42:14,5.6,5.65,1200,5.8,3600,0,978000
INFY30Jan20800CE.NFO,07/01/2020,10:42:22,5.6,5.65,2400,5.8,3600,0,978000
INFY30Jan20800CE.NFO,07/01/2020,10:42:30,5.6,5.65,1200,5.8,3600,0,978000
INFY30Jan20800CE.NFO,07/01/2020,10:42:50,5.6,5.65,2400,5.8,3600,0,978000
INFY30Jan20800CE.NFO,07/01/2020,10:42:55,5.6,5.65,1200,5.8,3600,0,978000
INFY30Jan20800CE.NFO,07/01/2020,10:43:27,5.6,5.65,2400,5.8,3600,0,978000
INFY30Jan20800CE.NFO,07/01/2020,10:43:31,5.6,5.65,1200,5.8,3600,0,978000
INFY30Jan20800CE.NFO,07/01/2020,10:43:34,5.6,5.6,2400,5.75,3600,0,978000
INFY30Jan20800CE.NFO,07/01/2020,10:43:37,5.6,5.55,2400,5.75,3600,0,978000
INFY30Jan20800CE.NFO,07/01/2020,10:44:04,5.6,5.6,1200,5.75,3600,0,978000
INFY30Jan20800CE.NFO,07/01/2020,10:44:11,5.6,5.6,1200,5.75,3600,1200,976800
INFY30Jan20800CE.NFO,07/01/2020,10:44:14,5.6,5.55,2400,5.75,3600,0,976800
INFY30Jan20800CE.NFO,07/01/2020,10:45:28,5.6,5.6,4800,5.75,2400,0,976800
INFY30Jan20800CE.NFO,07/01/2020,10:45:49,5.6,5.6,2400,5.75,3600,0,976800
INFY30Jan20800CE.NFO,07/01/2020,10:46:25,5.6,5.6,1200,5.75,3600,0,976800
INFY30Jan20800CE.NFO,07/01/2020,10:46:42,5.6,5.6,12000,5.75,3600,0,976800
INFY30Jan20800CE.NFO,07/01/2020,10:46:54,5.6,5.6,13200,5.75,3600,0,976800
INFY30Jan20800CE.NFO,07/01/2020,10:47:00,5.6,5.65,10800,5.75,2400,0,976800
INFY30Jan20800CE.NFO,07/01/2020,10:47:20,5.6,5.65,2400,5.75,1200,0,976800
INFY30Jan20800CE.NFO,07/01/2020,10:48:06,5.6,5.65,2400,5.8,2400,0,976800
INFY30Jan20800CE.NFO,07/01/2020,10:48:24,5.65,5.6,6000,5.8,2400,1200,976800
INFY30Jan20800CE.NFO,07/01/2020,10:48:31,5.65,5.6,2400,5.8,4800,0,976800
INFY30Jan20800CE.NFO,07/01/2020,10:48:40,5.65,5.65,1200,5.8,4800,0,976800
INFY30Jan20800CE.NFO,07/01/2020,10:49:44,5.65,5.65,1200,5.8,2400,0,976800
INFY30Jan20800CE.NFO,07/01/2020,10:49:54,5.65,5.65,2400,5.8,2400,0,976800
INFY30Jan20800CE.NFO,07/01/2020,10:50:29,5.8,5.65,7200,5.8,2400,1200,976800
INFY30Jan20800CE.NFO,07/01/2020,10:50:33,5.8,5.65,7200,5.8,2400,0,976800
INFY30Jan20800CE.NFO,07/01/2020,10:50:38,5.8,5.65,6000,5.8,2400,0,976800
INFY30Jan20800CE.NFO,07/01/2020,10:51:04,5.8,5.65,4800,5.8,1200,1200,976800
INFY30Jan20800CE.NFO,07/01/2020,10:52:16,5.8,5.65,4800,5.8,3600,0,976800
INFY30Jan20800CE.NFO,07/01/2020,10:52:25,5.8,5.65,1200,5.8,3600,0,976800
INFY30Jan20800CE.NFO,07/01/2020,10:52:29,5.8,5.6,4800,5.8,8400,0,976800
INFY30Jan20800CE.NFO,07/01/2020,10:52:41,5.8,5.6,4800,5.8,4800,0,976800
INFY30Jan20800CE.NFO,07/01/2020,10:52:45,5.8,5.6,9600,5.85,1200,4800,976800
INFY30Jan20800CE.NFO,07/01/2020,10:52:57,5.8,5.6,9600,5.75,1200,0,976800
INFY30Jan20800CE.NFO,07/01/2020,10:53:20,5.8,5.6,9600,5.8,4800,0,976800
INFY30Jan20800CE.NFO,07/01/2020,10:53:25,5.8,5.6,9600,5.8,2400,0,976800
INFY30Jan20800CE.NFO,07/01/2020,10:53:30,5.8,5.6,9600,5.8,3600,0,976800
INFY30Jan20800CE.NFO,07/01/2020,10:53:35,5.8,5.65,7200,5.8,2400,0,976800
INFY30Jan20800CE.NFO,07/01/2020,10:53:40,5.8,5.7,7200,5.95,2400,1200,981600
INFY30Jan20800CE.NFO,07/01/2020,10:53:45,5.8,5.8,1200,5.9,4800,0,981600
INFY30Jan20800CE.NFO,07/01/2020,10:53:57,5.8,5.7,1200,5.9,8400,1200,981600
INFY30Jan20800CE.NFO,07/01/2020,10:54:02,5.8,5.7,1200,5.9,8400,0,981600
INFY30Jan20800CE.NFO,07/01/2020,10:54:11,5.8,5.7,2400,5.9,8400,0,981600
INFY30Jan20800CE.NFO,07/01/2020,10:54:16,5.8,5.7,4800,5.9,8400,0,981600
INFY30Jan20800CE.NFO,07/01/2020,10:54:34,5.8,5.7,2400,5.9,8400,0,981600
INFY30Jan20800CE.NFO,07/01/2020,10:54:44,5.8,5.7,1200,5.9,8400,0,981600
INFY30Jan20800CE.NFO,07/01/2020,10:54:58,5.8,5.7,1200,5.8,2400,0,981600
INFY30Jan20800CE.NFO,07/01/2020,10:55:03,5.75,5.7,1200,5.8,3600,1200,981600
INFY30Jan20800CE.NFO,07/01/2020,10:55:08,5.75,5.7,2400,5.8,6000,0,981600
INFY30Jan20800CE.NFO,07/01/2020,10:55:29,5.75,5.7,1200,5.8,6000,0,981600
INFY30Jan20800CE.NFO,07/01/2020,10:55:35,5.75,5.65,2400,5.8,8400,1200,981600
INFY30Jan20800CE.NFO,07/01/2020,10:55:46,5.75,5.65,2400,5.75,2400,0,981600
INFY30Jan20800CE.NFO,07/01/2020,10:56:22,5.75,5.65,2400,5.75,1200,0,981600
INFY30Jan20800CE.NFO,07/01/2020,10:56:30,5.75,5.7,1200,5.75,1200,0,981600
INFY30Jan20800CE.NFO,07/01/2020,10:56:36,5.75,5.7,1200,5.8,7200,0,981600
INFY30Jan20800CE.NFO,07/01/2020,10:56:45,5.75,5.7,2400,5.8,7200,0,981600
INFY30Jan20800CE.NFO,07/01/2020,10:56:49,5.75,5.7,1200,5.8,7200,0,981600
INFY30Jan20800CE.NFO,07/01/2020,10:57:10,5.75,5.7,1200,5.8,6000,1200,984000
INFY30Jan20800CE.NFO,07/01/2020,10:57:17,5.75,5.75,1200,5.8,6000,0,984000
INFY30Jan20800CE.NFO,07/01/2020,10:57:30,5.8,5.75,1200,5.85,2400,2400,984000
INFY30Jan20800CE.NFO,07/01/2020,10:57:38,5.8,5.8,1200,5.9,6000,0,984000
INFY30Jan20800CE.NFO,07/01/2020,10:57:56,5.9,5.8,3600,5.95,6000,1200,984000
INFY30Jan20800CE.NFO,07/01/2020,10:58:02,5.9,5.8,3600,5.95,6000,0,984000
INFY30Jan20800CE.NFO,07/01/2020,10:58:08,5.9,5.8,2400,5.85,2400,0,984000
INFY30Jan20800CE.NFO,07/01/2020,10:58:15,5.9,5.8,1200,5.85,2400,0,984000
INFY30Jan20800CE.NFO,07/01/2020,10:58:35,5.8,5.75,3600,5.85,2400,1200,984000
INFY30Jan20800CE.NFO,07/01/2020,10:58:41,5.8,5.75,3600,5.85,2400,0,984000
INFY30Jan20800CE.NFO,07/01/2020,10:58:53,5.8,5.75,3600,5.9,1200,0,984000
INFY30Jan20800CE.NFO,07/01/2020,10:59:12,5.8,5.85,1200,5.95,3600,0,984000
INFY30Jan20800CE.NFO,07/01/2020,10:59:18,5.8,5.85,2400,5.95,3600,0,984000
INFY30Jan20800CE.NFO,07/01/2020,10:59:36,5.8,5.85,2400,5.95,2400,0,984000
INFY30Jan20800CE.NFO,07/01/2020,11:00:27,5.8,5.85,2400,5.9,1200,0,984000
INFY30Jan20800CE.NFO,07/01/2020,11:00:54,5.9,5.85,2400,5.95,2400,1200,988800
INFY30Jan20800CE.NFO,07/01/2020,11:01:01,5.9,5.85,2400,5.95,2400,0,988800
INFY30Jan20800CE.NFO,07/01/2020,11:01:31,5.95,5.9,7200,6,3600,2400,988800
INFY30Jan20800CE.NFO,07/01/2020,11:01:39,5.95,5.95,1200,6,3600,0,988800
INFY30Jan20800CE.NFO,07/01/2020,11:01:46,5.95,5.9,7200,6,3600,1200,988800
INFY30Jan20800CE.NFO,07/01/2020,11:02:15,5.95,5.9,6000,5.95,1200,0,988800
INFY30Jan20800CE.NFO,07/01/2020,11:02:22,5.95,5.9,3600,5.95,1200,0,988800
INFY30Jan20800CE.NFO,07/01/2020,11:02:47,5.9,5.85,2400,5.95,2400,2400,986400
INFY30Jan20800CE.NFO,07/01/2020,11:02:54,5.9,5.85,1200,5.95,2400,0,986400
INFY30Jan20800CE.NFO,07/01/2020,11:03:00,5.9,5.85,1200,5.95,3600,0,986400
INFY30Jan20800CE.NFO,07/01/2020,11:03:14,5.95,5.8,6000,5.95,6000,1200,986400
INFY30Jan20800CE.NFO,07/01/2020,11:03:21,5.95,5.8,6000,5.95,6000,0,986400
INFY30Jan20800CE.NFO,07/01/2020,11:03:27,5.95,5.8,6000,5.9,3600,0,986400
INFY30Jan20800CE.NFO,07/01/2020,11:03:33,5.95,5.8,3600,5.9,4800,0,986400
INFY30Jan20800CE.NFO,07/01/2020,11:03:40,5.95,5.8,1200,5.9,6000,0,986400
INFY30Jan20800CE.NFO,07/01/2020,11:03:55,5.95,5.8,1200,5.9,4800,0,986400
INFY30Jan20800CE.NFO,07/01/2020,11:04:02,5.95,5.8,1200,5.9,6000,0,986400
INFY30Jan20800CE.NFO,07/01/2020,11:04:41,5.95,5.8,2400,5.9,3600,0,986400
INFY30Jan20800CE.NFO,07/01/2020,11:04:48,5.8,5.7,4800,5.9,8400,1200,986400
INFY30Jan20800CE.NFO,07/01/2020,11:04:55,5.8,5.7,2400,5.9,8400,0,986400
INFY30Jan20800CE.NFO,07/01/2020,11:05:02,5.8,5.7,2400,5.8,2400,0,986400
INFY30Jan20800CE.NFO,07/01/2020,11:05:09,5.8,5.7,1200,5.8,2400,0,986400
INFY30Jan20800CE.NFO,07/01/2020,11:05:15,5.8,5.6,10800,5.8,4800,0,986400
INFY30Jan20800CE.NFO,07/01/2020,11:05:29,5.8,5.6,10800,5.8,3600,0,986400
INFY30Jan20800CE.NFO,07/01/2020,11:05:36,5.8,5.7,1200,5.8,2400,0,986400
INFY30Jan20800CE.NFO,07/01/2020,11:05:43,5.8,5.65,4800,5.8,4800,0,986400
INFY30Jan20800CE.NFO,07/01/2020,11:05:57,5.7,5.65,4800,5.8,1200,1200,987600
INFY30Jan20800CE.NFO,07/01/2020,11:06:04,5.7,5.65,4800,5.85,2400,0,987600
INFY30Jan20800CE.NFO,07/01/2020,11:06:35,5.85,5.65,4800,5.85,1200,1200,987600
INFY30Jan20800CE.NFO,07/01/2020,11:06:40,5.85,5.7,7200,5.85,1200,0,987600
INFY30Jan20800CE.NFO,07/01/2020,11:06:55,5.85,5.8,1200,5.9,2400,0,987600
INFY30Jan20800CE.NFO,07/01/2020,11:07:01,5.85,5.8,1200,5.85,7200,0,987600
INFY30Jan20800CE.NFO,07/01/2020,11:07:06,5.85,5.8,6000,5.9,1200,7200,987600
INFY30Jan20800CE.NFO,07/01/2020,11:07:11,5.85,5.8,6000,5.9,1200,0,987600
INFY30Jan20800CE.NFO,07/01/2020,11:07:32,5.85,5.8,3600,5.9,1200,0,987600
INFY30Jan20800CE.NFO,07/01/2020,11:07:43,5.8,5.75,1200,5.85,3600,1200,987600
INFY30Jan20800CE.NFO,07/01/2020,11:07:49,5.8,5.7,4800,5.85,3600,0,987600
INFY30Jan20800CE.NFO,07/01/2020,11:07:59,5.8,5.7,4800,5.85,4800,0,987600
INFY30Jan20800CE.NFO,07/01/2020,11:08:04,5.8,5.7,4800,5.85,6000,0,987600
INFY30Jan20800CE.NFO,07/01/2020,11:08:13,5.8,5.65,2400,5.85,7200,0,987600
INFY30Jan20800CE.NFO,07/01/2020,11:08:18,5.8,5.6,7200,5.85,7200,0,987600
INFY30Jan20800CE.NFO,07/01/2020,11:08:34,5.8,5.6,7200,5.75,2400,0,987600
INFY30Jan20800CE.NFO,07/01/2020,11:09:04,5.8,5.6,7200,5.75,4800,0,987600
INFY30Jan20800CE.NFO,07/01/2020,11:09:08,5.8,5.6,7200,5.75,3600,0,987600
INFY30Jan20800CE.NFO,07/01/2020,11:09:13,5.8,5.6,7200,5.75,4800,0,987600
INFY30Jan20800CE.NFO,07/01/2020,11:10:02,5.8,5.6,6000,5.75,4800,0,987600
INFY30Jan20800CE.NFO,07/01/2020,11:10:07,5.8,5.6,2400,5.75,4800,0,987600
INFY30Jan20800CE.NFO,07/01/2020,11:11:01,5.6,5.6,1200,5.75,4800,1200,982800
INFY30Jan20800CE.NFO,07/01/2020,11:11:19,5.6,5.6,1200,5.75,4800,0,982800
INFY30Jan20800CE.NFO,07/01/2020,11:11:32,5.6,5.5,4800,5.65,4800,1200,982800
INFY30Jan20800CE.NFO,07/01/2020,11:11:40,5.6,5.5,4800,5.6,1200,0,982800
INFY30Jan20800CE.NFO,07/01/2020,11:11:46,5.6,5.55,4800,5.7,2400,0,982800
INFY30Jan20800CE.NFO,07/01/2020,11:11:53,5.6,5.55,6000,5.7,2400,0,982800
INFY30Jan20800CE.NFO,07/01/2020,11:11:59,5.6,5.55,2400,5.7,2400,0,982800
INFY30Jan20800CE.NFO,07/01/2020,11:12:07,5.6,5.55,6000,5.7,1200,0,982800
INFY30Jan20800CE.NFO,07/01/2020,11:12:15,5.6,5.55,6000,5.7,1200,1200,984000
INFY30Jan20800CE.NFO,07/01/2020,11:12:22,5.7,5.55,6000,5.75,4800,1200,984000
INFY30Jan20800CE.NFO,07/01/2020,11:12:29,5.7,5.55,6000,5.75,4800,0,984000
INFY30Jan20800CE.NFO,07/01/2020,11:13:48,5.7,5.6,4800,5.8,2400,0,984000
INFY30Jan20800CE.NFO,07/01/2020,11:13:54,5.7,5.6,3600,5.8,4800,0,984000
INFY30Jan20800CE.NFO,07/01/2020,11:14:10,5.7,5.6,4800,5.8,2400,0,984000
INFY30Jan20800CE.NFO,07/01/2020,11:14:16,5.7,5.65,7200,5.8,2400,0,984000
INFY30Jan20800CE.NFO,07/01/2020,11:14:33,5.7,5.65,7200,5.8,1200,0,984000
INFY30Jan20800CE.NFO,07/01/2020,11:15:05,5.65,5.65,1200,5.8,2400,1200,982800
INFY30Jan20800CE.NFO,07/01/2020,11:15:12,5.65,5.65,2400,5.8,3600,0,982800
INFY30Jan20800CE.NFO,07/01/2020,11:15:22,5.65,5.6,2400,5.8,6000,0,982800
INFY30Jan20800CE.NFO,07/01/2020,11:16:54,5.65,5.6,1200,5.8,6000,0,982800
INFY30Jan20800CE.NFO,07/01/2020,11:18:00,5.65,5.6,2400,5.8,6000,0,982800
INFY30Jan20800CE.NFO,07/01/2020,11:19:35,5.65,5.65,18000,5.8,6000,0,982800
INFY30Jan20800CE.NFO,07/01/2020,11:20:31,5.7,5.7,13200,5.8,6000,4800,982800
INFY30Jan20800CE.NFO,07/01/2020,11:20:46,5.7,5.7,13200,5.8,6000,0,982800
INFY30Jan20800CE.NFO,07/01/2020,11:20:52,5.7,5.7,9600,5.8,6000,3600,987600
INFY30Jan20800CE.NFO,07/01/2020,11:20:58,5.7,5.7,9600,5.8,6000,0,987600
INFY30Jan20800CE.NFO,07/01/2020,11:21:34,5.7,5.7,3600,5.8,6000,6000,987600
INFY30Jan20800CE.NFO,07/01/2020,11:21:39,5.7,5.7,2400,5.8,6000,1200,987600
INFY30Jan20800CE.NFO,07/01/2020,11:22:10,5.7,5.6,1200,5.8,7200,2400,987600
INFY30Jan20800CE.NFO,07/01/2020,11:22:14,5.7,5.6,1200,5.7,1200,0,987600
INFY30Jan20800CE.NFO,07/01/2020,11:22:28,5.7,5.6,3600,5.7,1200,0,987600
INFY30Jan20800CE.NFO,07/01/2020,11:22:46,5.7,5.7,1200,5.75,3600,1200,987600
INFY30Jan20800CE.NFO,07/01/2020,11:22:56,5.7,5.7,1200,5.75,2400,0,987600
INFY30Jan20800CE.NFO,07/01/2020,11:23:18,5.7,5.7,1200,5.75,1200,0,987600
INFY30Jan20800CE.NFO,07/01/2020,11:23:22,5.7,5.7,1200,5.8,6000,0,987600
INFY30Jan20800CE.NFO,07/01/2020,11:23:58,5.7,5.7,1200,5.75,1200,0,987600
INFY30Jan20800CE.NFO,07/01/2020,11:24:29,5.7,5.65,1200,5.75,3600,1200,1000800
INFY30Jan20800CE.NFO,07/01/2020,11:24:34,5.7,5.65,1200,5.75,3600,0,1000800
INFY30Jan20800CE.NFO,07/01/2020,11:24:39,5.7,5.65,1200,5.75,2400,0,1000800
INFY30Jan20800CE.NFO,07/01/2020,11:28:00,5.7,5.6,6000,5.75,3600,0,1000800
INFY30Jan20800CE.NFO,07/01/2020,11:28:12,5.7,5.6,6000,5.75,2400,0,1000800
INFY30Jan20800CE.NFO,07/01/2020,11:28:16,5.7,5.6,6000,5.75,1200,0,1000800
INFY30Jan20800CE.NFO,07/01/2020,11:28:19,5.7,5.6,6000,5.75,2400,0,1000800
INFY30Jan20800CE.NFO,07/01/2020,11:28:36,5.7,5.6,6000,5.75,3600,0,1000800
INFY30Jan20800CE.NFO,07/01/2020,11:31:09,5.7,5.6,6000,5.7,6000,0,1000800
INFY30Jan20800CE.NFO,07/01/2020,11:31:14,5.7,5.6,6000,5.75,3600,0,1000800
INFY30Jan20800CE.NFO,07/01/2020,11:31:19,5.6,5.55,6000,5.75,4800,6000,1000800
INFY30Jan20800CE.NFO,07/01/2020,11:31:37,5.6,5.55,6000,5.75,4800,0,1000800
INFY30Jan20800CE.NFO,07/01/2020,11:31:45,5.6,5.55,6000,5.65,1200,0,1000800
INFY30Jan20800CE.NFO,07/01/2020,11:31:50,5.6,5.55,6000,5.7,6000,0,1000800
INFY30Jan20800CE.NFO,07/01/2020,11:32:14,5.6,5.55,2400,5.7,2400,0,1000800
INFY30Jan20800CE.NFO,07/01/2020,11:32:32,5.6,5.55,1200,5.65,8400,0,1000800
INFY30Jan20800CE.NFO,07/01/2020,11:32:52,5.6,5.55,1200,5.65,2400,0,1000800
INFY30Jan20800CE.NFO,07/01/2020,11:33:05,5.6,5.55,1200,5.65,1200,0,1000800
INFY30Jan20800CE.NFO,07/01/2020,11:33:21,5.6,5.55,1200,5.6,2400,0,1000800
INFY30Jan20800CE.NFO,07/01/2020,11:34:08,5.6,5.55,4800,5.7,1200,2400,1002000
INFY30Jan20800CE.NFO,07/01/2020,11:34:15,5.6,5.55,6000,5.7,4800,0,1002000
INFY30Jan20800CE.NFO,07/01/2020,11:34:21,5.6,5.55,4800,5.65,2400,0,1002000
INFY30Jan20800CE.NFO,07/01/2020,11:35:08,5.6,5.55,4800,5.6,2400,0,1002000
INFY30Jan20800CE.NFO,07/01/2020,11:35:13,5.55,5.5,3600,5.6,2400,1200,1002000
INFY30Jan20800CE.NFO,07/01/2020,11:35:19,5.55,5.5,3600,5.6,2400,0,1002000
INFY30Jan20800CE.NFO,07/01/2020,11:35:26,5.6,5.55,3600,5.6,1200,1200,1002000
INFY30Jan20800CE.NFO,07/01/2020,11:35:32,5.6,5.55,1200,5.6,1200,0,1002000
INFY30Jan20800CE.NFO,07/01/2020,11:35:49,5.6,5.5,4800,5.6,2400,0,1002000
INFY30Jan20800CE.NFO,07/01/2020,11:35:55,5.6,5.5,3600,5.6,2400,0,1002000
INFY30Jan20800CE.NFO,07/01/2020,11:36:06,5.6,5.55,1200,5.6,2400,0,1002000
INFY30Jan20800CE.NFO,07/01/2020,11:36:17,5.55,5.5,2400,5.6,3600,1200,1003200
INFY30Jan20800CE.NFO,07/01/2020,11:36:36,5.55,5.5,3600,5.6,1200,0,1003200
INFY30Jan20800CE.NFO,07/01/2020,11:37:27,5.6,5.6,1200,5.7,3600,1200,1003200
INFY30Jan20800CE.NFO,07/01/2020,11:37:31,5.6,5.55,2400,5.7,4800,0,1003200
INFY30Jan20800CE.NFO,07/01/2020,11:37:58,5.6,5.55,2400,5.65,2400,0,1003200
INFY30Jan20800CE.NFO,07/01/2020,11:38:09,5.6,5.55,2400,5.65,1200,0,1003200
INFY30Jan20800CE.NFO,07/01/2020,11:38:20,5.6,5.55,2400,5.7,4800,0,1003200
INFY30Jan20800CE.NFO,07/01/2020,11:38:23,5.6,5.55,2400,5.7,4800,1200,1003200
INFY30Jan20800CE.NFO,07/01/2020,11:38:27,5.6,5.65,1200,5.7,3600,0,1003200
INFY30Jan20800CE.NFO,07/01/2020,11:38:30,5.6,5.65,1200,5.75,3600,0,1003200
INFY30Jan20800CE.NFO,07/01/2020,11:38:57,5.7,5.65,1200,5.75,2400,1200,1005600
INFY30Jan20800CE.NFO,07/01/2020,11:39:07,5.7,5.65,1200,5.75,2400,0,1005600
INFY30Jan20800CE.NFO,07/01/2020,11:41:27,5.7,5.6,2400,5.75,3600,0,1005600
INFY30Jan20800CE.NFO,07/01/2020,11:41:32,5.7,5.6,2400,5.75,2400,0,1005600
INFY30Jan20800CE.NFO,07/01/2020,11:41:42,5.7,5.6,2400,5.75,3600,0,1005600
INFY30Jan20800CE.NFO,07/01/2020,11:41:56,5.7,5.6,2400,5.75,2400,0,1005600
INFY30Jan20800CE.NFO,07/01/2020,11:42:00,5.7,5.6,2400,5.75,3600,0,1005600
INFY30Jan20800CE.NFO,07/01/2020,11:42:43,5.7,5.6,2400,5.75,2400,0,1005600
INFY30Jan20800CE.NFO,07/01/2020,11:42:51,5.7,5.6,2400,5.75,4800,0,1005600
INFY30Jan20800CE.NFO,07/01/2020,11:43:29,5.7,5.7,1200,5.75,3600,0,1005600
INFY30Jan20800CE.NFO,07/01/2020,11:43:38,5.7,5.6,2400,5.75,3600,1200,1006800
INFY30Jan20800CE.NFO,07/01/2020,11:43:54,5.7,5.6,2400,5.75,3600,0,1006800
INFY30Jan20800CE.NFO,07/01/2020,11:43:58,5.7,5.6,2400,5.75,4800,0,1006800
INFY30Jan20800CE.NFO,07/01/2020,11:45:02,5.7,5.6,2400,5.75,3600,0,1006800
INFY30Jan20800CE.NFO,07/01/2020,11:47:02,5.7,5.55,6000,5.7,1200,0,1006800
INFY30Jan20800CE.NFO,07/01/2020,11:47:26,5.7,5.55,6000,5.7,2400,0,1006800
INFY30Jan20800CE.NFO,07/01/2020,11:47:29,5.7,5.55,6000,5.7,3600,0,1006800
INFY30Jan20800CE.NFO,07/01/2020,11:47:55,5.7,5.55,6000,5.7,2400,0,1006800
INFY30Jan20800CE.NFO,07/01/2020,11:47:58,5.7,5.55,6000,5.7,3600,0,1006800
INFY30Jan20800CE.NFO,07/01/2020,11:48:02,5.7,5.55,6000,5.7,2400,0,1006800
INFY30Jan20800CE.NFO,07/01/2020,11:48:07,5.7,5.55,6000,5.7,3600,0,1006800
INFY30Jan20800CE.NFO,07/01/2020,11:48:10,5.7,5.55,6000,5.7,2400,0,1006800
INFY30Jan20800CE.NFO,07/01/2020,11:48:40,5.7,5.55,6000,5.7,3600,0,1006800
INFY30Jan20800CE.NFO,07/01/2020,11:48:44,5.7,5.55,6000,5.7,2400,0,1006800
INFY30Jan20800CE.NFO,07/01/2020,11:48:47,5.7,5.55,6000,5.7,3600,0,1006800
INFY30Jan20800CE.NFO,07/01/2020,11:49:03,5.7,5.55,6000,5.7,2400,0,1006800
INFY30Jan20800CE.NFO,07/01/2020,11:49:25,5.7,5.55,6000,5.7,1200,0,1006800
INFY30Jan20800CE.NFO,07/01/2020,11:49:28,5.7,5.55,6000,5.75,2400,1200,1005600
INFY30Jan20800CE.NFO,07/01/2020,11:50:46,5.7,5.55,6000,5.75,2400,0,1005600
INFY30Jan20800CE.NFO,07/01/2020,11:51:29,5.7,5.6,4800,5.75,3600,0,1005600
INFY30Jan20800CE.NFO,07/01/2020,11:51:59,5.7,5.6,2400,5.75,3600,0,1005600
INFY30Jan20800CE.NFO,07/01/2020,11:52:17,5.7,5.6,3600,5.75,3600,0,1005600
INFY30Jan20800CE.NFO,07/01/2020,11:52:22,5.7,5.6,2400,5.75,3600,0,1005600
INFY30Jan20800CE.NFO,07/01/2020,11:52:57,5.7,5.6,4800,5.75,2400,0,1005600
INFY30Jan20800CE.NFO,07/01/2020,11:53:10,5.6,5.55,6000,5.75,4800,4800,1005600
INFY30Jan20800CE.NFO,07/01/2020,11:53:12,5.6,5.55,6000,5.75,4800,0,1005600
INFY30Jan20800CE.NFO,07/01/2020,11:55:04,5.6,5.55,6000,5.7,1200,0,1005600
INFY30Jan20800CE.NFO,07/01/2020,11:55:21,5.6,5.55,6000,5.7,2400,0,1005600
INFY30Jan20800CE.NFO,07/01/2020,11:55:27,5.6,5.55,6000,5.7,1200,0,1005600
INFY30Jan20800CE.NFO,07/01/2020,11:55:36,5.6,5.55,6000,5.7,2400,0,1005600
INFY30Jan20800CE.NFO,07/01/2020,11:55:42,5.6,5.55,6000,5.7,1200,0,1005600
INFY30Jan20800CE.NFO,07/01/2020,11:55:44,5.6,5.55,6000,5.7,2400,0,1005600
INFY30Jan20800CE.NFO,07/01/2020,11:55:47,5.6,5.55,6000,5.7,1200,0,1005600
INFY30Jan20800CE.NFO,07/01/2020,11:56:08,5.6,5.55,6000,5.7,2400,0,1005600
INFY30Jan20800CE.NFO,07/01/2020,11:56:52,5.55,5.55,3600,5.65,2400,2400,1002000
INFY30Jan20800CE.NFO,07/01/2020,11:57:05,5.55,5.55,3600,5.65,2400,0,1002000
INFY30Jan20800CE.NFO,07/01/2020,11:57:43,5.55,5.55,4800,5.65,2400,0,1002000
INFY30Jan20800CE.NFO,07/01/2020,11:57:55,5.55,5.55,3600,5.65,2400,0,1002000
INFY30Jan20800CE.NFO,07/01/2020,11:58:12,5.65,5.55,3600,5.7,2400,2400,1002000
INFY30Jan20800CE.NFO,07/01/2020,11:58:16,5.65,5.55,3600,5.7,2400,0,1002000
INFY30Jan20800CE.NFO,07/01/2020,11:58:21,5.65,5.55,3600,5.7,3600,0,1002000
INFY30Jan20800CE.NFO,07/01/2020,11:59:12,5.65,5.55,2400,5.7,3600,0,1002000
INFY30Jan20800CE.NFO,07/01/2020,11:59:43,5.65,5.65,1200,5.7,2400,1200,1002000
INFY30Jan20800CE.NFO,07/01/2020,11:59:51,5.65,5.65,1200,5.7,2400,0,1002000
INFY30Jan20800CE.NFO,07/01/2020,12:01:21,5.65,5.55,1200,5.65,1200,1200,1003200
INFY30Jan20800CE.NFO,07/01/2020,12:02:21,5.65,5.5,6000,5.65,4800,0,1003200
INFY30Jan20800CE.NFO,07/01/2020,12:02:44,5.65,5.5,6000,5.65,3600,0,1003200
INFY30Jan20800CE.NFO,07/01/2020,12:03:02,5.65,5.5,6000,5.65,1200,0,1003200
INFY30Jan20800CE.NFO,07/01/2020,12:03:07,5.65,5.55,2400,5.7,3600,0,1003200
INFY30Jan20800CE.NFO,07/01/2020,12:03:17,5.65,5.55,1200,5.7,3600,0,1003200
INFY30Jan20800CE.NFO,07/01/2020,12:03:21,5.65,5.55,3600,5.7,3600,0,1003200
INFY30Jan20800CE.NFO,07/01/2020,12:03:24,5.65,5.55,2400,5.7,3600,0,1003200
INFY30Jan20800CE.NFO,07/01/2020,12:03:37,5.65,5.55,3600,5.7,3600,0,1003200
INFY30Jan20800CE.NFO,07/01/2020,12:03:41,5.65,5.55,2400,5.7,3600,0,1003200
INFY30Jan20800CE.NFO,07/01/2020,12:03:57,5.65,5.55,3600,5.7,3600,0,1003200
INFY30Jan20800CE.NFO,07/01/2020,12:04:02,5.65,5.55,3600,5.7,1200,0,1003200
INFY30Jan20800CE.NFO,07/01/2020,12:04:04,5.65,5.55,3600,5.7,2400,0,1003200
INFY30Jan20800CE.NFO,07/01/2020,12:04:06,5.65,5.55,3600,5.7,1200,0,1003200
INFY30Jan20800CE.NFO,07/01/2020,12:05:33,5.65,5.55,3600,5.7,2400,0,1003200
INFY30Jan20800CE.NFO,07/01/2020,12:05:51,5.65,5.55,1200,5.7,3600,0,1003200
INFY30Jan20800CE.NFO,07/01/2020,12:06:06,5.65,5.55,2400,5.7,3600,0,1003200
INFY30Jan20800CE.NFO,07/01/2020,12:07:16,5.65,5.55,1200,5.7,3600,0,1003200
INFY30Jan20800CE.NFO,07/01/2020,12:07:40,5.65,5.55,2400,5.7,3600,0,1003200
INFY30Jan20800CE.NFO,07/01/2020,12:07:43,5.65,5.55,1200,5.7,3600,0,1003200
INFY30Jan20800CE.NFO,07/01/2020,12:07:48,5.65,5.55,2400,5.7,3600,0,1003200
INFY30Jan20800CE.NFO,07/01/2020,12:07:49,5.65,5.55,1200,5.7,3600,0,1003200
INFY30Jan20800CE.NFO,07/01/2020,12:08:00,5.65,5.55,3600,5.7,3600,0,1003200
INFY30Jan20800CE.NFO,07/01/2020,12:10:12,5.65,5.6,2400,5.7,1200,0,1003200
INFY30Jan20800CE.NFO,07/01/2020,12:10:44,5.65,5.55,1200,5.7,2400,0,1003200
INFY30Jan20800CE.NFO,07/01/2020,12:10:46,5.65,5.55,2400,5.7,2400,0,1003200
INFY30Jan20800CE.NFO,07/01/2020,12:10:57,5.65,5.55,1200,5.7,2400,0,1003200
INFY30Jan20800CE.NFO,07/01/2020,12:12:35,5.65,5.6,1200,5.7,2400,0,1003200
INFY30Jan20800CE.NFO,07/01/2020,12:14:33,5.65,5.6,1200,5.7,4800,0,1003200
INFY30Jan20800CE.NFO,07/01/2020,12:15:49,5.65,5.6,1200,5.7,3600,1200,1000800
INFY30Jan20800CE.NFO,07/01/2020,12:16:10,5.65,5.6,2400,5.7,2400,0,1000800
INFY30Jan20800CE.NFO,07/01/2020,12:16:28,5.65,5.6,3600,5.7,2400,0,1000800
INFY30Jan20800CE.NFO,07/01/2020,12:17:46,5.65,5.65,1200,5.7,2400,0,1000800
INFY30Jan20800CE.NFO,07/01/2020,12:18:11,5.65,5.6,3600,5.7,3600,0,1000800
INFY30Jan20800CE.NFO,07/01/2020,12:19:18,5.6,5.6,1200,5.7,3600,3600,1002000
INFY30Jan20800CE.NFO,07/01/2020,12:19:25,5.6,5.6,1200,5.7,3600,0,1002000
INFY30Jan20800CE.NFO,07/01/2020,12:20:53,5.6,5.6,1200,5.7,2400,0,1002000
INFY30Jan20800CE.NFO,07/01/2020,12:22:20,5.6,5.6,3600,5.7,2400,0,1002000
INFY30Jan20800CE.NFO,07/01/2020,12:24:53,5.7,5.65,2400,5.75,3600,2400,1000800
INFY30Jan20800CE.NFO,07/01/2020,12:25:46,5.7,5.65,2400,5.75,1200,0,1000800
INFY30Jan20800CE.NFO,07/01/2020,12:26:13,5.7,5.65,3600,5.75,1200,0,1000800
INFY30Jan20800CE.NFO,07/01/2020,12:26:20,5.7,5.7,6000,5.75,1200,0,1000800
INFY30Jan20800CE.NFO,07/01/2020,12:26:23,5.75,5.7,7200,5.8,4800,1200,1000800
INFY30Jan20800CE.NFO,07/01/2020,12:26:27,5.75,5.7,7200,5.8,4800,0,1000800
INFY30Jan20800CE.NFO,07/01/2020,12:26:30,5.7,5.7,6000,5.8,4800,1200,1000800
INFY30Jan20800CE.NFO,07/01/2020,12:26:44,5.7,5.75,3600,5.8,3600,0,1000800
INFY30Jan20800CE.NFO,07/01/2020,12:26:48,5.7,5.75,4800,5.8,3600,0,1000800
INFY30Jan20800CE.NFO,07/01/2020,12:27:14,5.8,5.75,6000,5.8,2400,1200,998400
INFY30Jan20800CE.NFO,07/01/2020,12:27:21,5.8,5.75,6000,5.8,2400,0,998400
INFY30Jan20800CE.NFO,07/01/2020,12:27:37,5.8,5.75,6000,5.85,1200,2400,998400
INFY30Jan20800CE.NFO,07/01/2020,12:28:00,5.8,5.75,6000,5.85,1200,0,998400
INFY30Jan20800CE.NFO,07/01/2020,12:28:40,5.8,5.8,3600,5.85,1200,0,998400
INFY30Jan20800CE.NFO,07/01/2020,12:28:46,5.8,5.8,2400,5.85,1200,0,998400
INFY30Jan20800CE.NFO,07/01/2020,12:28:49,5.8,5.8,1200,5.85,1200,0,998400
INFY30Jan20800CE.NFO,07/01/2020,12:29:28,5.8,5.75,1200,5.85,6000,1200,998400
INFY30Jan20800CE.NFO,07/01/2020,12:29:33,5.8,5.75,2400,5.85,4800,0,998400
INFY30Jan20800CE.NFO,07/01/2020,12:29:37,5.8,5.75,3600,5.85,2400,0,998400
INFY30Jan20800CE.NFO,07/01/2020,12:29:42,5.8,5.75,2400,5.85,2400,0,998400
INFY30Jan20800CE.NFO,07/01/2020,12:29:55,5.8,5.75,1200,5.85,2400,0,998400
INFY30Jan20800CE.NFO,07/01/2020,12:30:00,5.8,5.75,1200,5.85,3600,0,998400
INFY30Jan20800CE.NFO,07/01/2020,12:31:22,5.8,5.8,1200,5.85,2400,0,998400
INFY30Jan20800CE.NFO,07/01/2020,12:32:03,5.8,5.75,1200,5.8,2400,1200,994800
INFY30Jan20800CE.NFO,07/01/2020,12:32:08,5.8,5.75,1200,5.8,1200,0,994800
INFY30Jan20800CE.NFO,07/01/2020,12:32:11,5.8,5.75,1200,5.85,3600,0,994800
INFY30Jan20800CE.NFO,07/01/2020,12:34:19,5.8,5.8,1200,5.85,2400,0,994800
INFY30Jan20800CE.NFO,07/01/2020,12:34:54,5.85,5.75,1200,5.85,1200,1200,994800
INFY30Jan20800CE.NFO,07/01/2020,12:38:06,5.85,5.75,6000,5.85,1200,0,994800
INFY30Jan20800CE.NFO,07/01/2020,12:38:10,5.85,5.75,6000,5.9,6000,0,994800
INFY30Jan20800CE.NFO,07/01/2020,12:38:18,5.85,5.75,4800,5.9,6000,0,994800
INFY30Jan20800CE.NFO,07/01/2020,12:38:30,5.85,5.75,4800,5.9,7200,0,994800
INFY30Jan20800CE.NFO,07/01/2020,12:39:32,5.85,5.75,6000,5.9,7200,0,994800
INFY30Jan20800CE.NFO,07/01/2020,12:39:49,5.85,5.75,4800,5.9,7200,0,994800
INFY30Jan20800CE.NFO,07/01/2020,12:39:52,5.85,5.75,4800,5.9,9600,0,994800
INFY30Jan20800CE.NFO,07/01/2020,12:40:55,5.75,5.7,1200,5.8,1200,1200,992400
INFY30Jan20800CE.NFO,07/01/2020,12:41:03,5.75,5.7,3600,5.8,1200,0,992400
INFY30Jan20800CE.NFO,07/01/2020,12:41:07,5.75,5.7,4800,5.85,3600,0,992400
INFY30Jan20800CE.NFO,07/01/2020,12:41:40,5.75,5.7,4800,5.85,4800,0,992400
INFY30Jan20800CE.NFO,07/01/2020,12:42:17,5.75,5.7,3600,5.85,4800,0,992400
INFY30Jan20800CE.NFO,07/01/2020,12:42:53,5.85,5.7,3600,5.85,3600,1200,993600
INFY30Jan20800CE.NFO,07/01/2020,12:43:15,5.85,5.7,3600,5.85,3600,0,993600
INFY30Jan20800CE.NFO,07/01/2020,12:43:53,5.85,5.7,3600,5.85,2400,0,993600
INFY30Jan20800CE.NFO,07/01/2020,12:44:22,5.85,5.7,4800,5.85,2400,0,993600
INFY30Jan20800CE.NFO,07/01/2020,12:44:26,5.85,5.7,3600,5.85,2400,0,993600
INFY30Jan20800CE.NFO,07/01/2020,12:45:12,5.85,5.7,4800,5.85,2400,0,993600
INFY30Jan20800CE.NFO,07/01/2020,12:45:27,5.85,5.7,3600,5.85,2400,0,993600
INFY30Jan20800CE.NFO,07/01/2020,12:45:49,5.85,5.7,3600,5.85,1200,0,993600
INFY30Jan20800CE.NFO,07/01/2020,12:46:15,5.85,5.7,4800,5.85,1200,0,993600
INFY30Jan20800CE.NFO,07/01/2020,12:46:31,5.85,5.7,6000,5.85,1200,0,993600
INFY30Jan20800CE.NFO,07/01/2020,12:46:51,5.85,5.7,6000,5.85,2400,0,993600
INFY30Jan20800CE.NFO,07/01/2020,12:47:18,5.85,5.7,4800,5.85,2400,0,993600
INFY30Jan20800CE.NFO,07/01/2020,12:48:04,5.85,5.7,4800,5.85,3600,0,993600
INFY30Jan20800CE.NFO,07/01/2020,12:49:14,5.85,5.7,7200,5.85,3600,0,993600
INFY30Jan20800CE.NFO,07/01/2020,12:49:23,5.85,5.7,8400,5.85,3600,0,993600
INFY30Jan20800CE.NFO,07/01/2020,12:49:33,5.85,5.7,8400,5.85,2400,0,993600
INFY30Jan20800CE.NFO,07/01/2020,12:49:37,5.85,5.7,8400,5.85,3600,0,993600
INFY30Jan20800CE.NFO,07/01/2020,12:50:15,5.85,5.8,1200,5.85,2400,0,993600
INFY30Jan20800CE.NFO,07/01/2020,12:50:50,5.8,5.7,7200,5.85,4800,1200,994800
INFY30Jan20800CE.NFO,07/01/2020,12:50:53,5.8,5.7,4800,5.85,4800,0,994800
INFY30Jan20800CE.NFO,07/01/2020,12:51:14,5.8,5.7,7200,5.85,4800,0,994800
INFY30Jan20800CE.NFO,07/01/2020,12:51:16,5.8,5.7,7200,5.85,8400,0,994800
INFY30Jan20800CE.NFO,07/01/2020,12:51:26,5.8,5.7,3600,5.85,8400,0,994800
INFY30Jan20800CE.NFO,07/01/2020,12:51:33,5.8,5.7,3600,5.75,1200,0,994800
INFY30Jan20800CE.NFO,07/01/2020,12:51:48,5.7,5.7,2400,5.75,1200,1200,994800
INFY30Jan20800CE.NFO,07/01/2020,12:51:51,5.7,5.7,2400,5.75,1200,0,994800
INFY30Jan20800CE.NFO,07/01/2020,12:52:00,5.7,5.7,1200,5.75,1200,0,994800
INFY30Jan20800CE.NFO,07/01/2020,12:52:03,5.75,5.7,3600,5.8,2400,1200,994800
INFY30Jan20800CE.NFO,07/01/2020,12:52:14,5.75,5.7,3600,5.8,2400,0,994800
INFY30Jan20800CE.NFO,07/01/2020,12:52:37,5.75,5.7,3600,5.8,1200,0,994800
INFY30Jan20800CE.NFO,07/01/2020,12:53:05,5.75,5.7,6000,5.85,4800,0,994800
INFY30Jan20800CE.NFO,07/01/2020,12:53:23,5.75,5.7,6000,5.85,2400,0,994800
INFY30Jan20800CE.NFO,07/01/2020,12:53:26,5.75,5.7,6000,5.85,1200,0,994800
INFY30Jan20800CE.NFO,07/01/2020,12:53:33,5.75,5.7,7200,5.85,1200,0,994800
INFY30Jan20800CE.NFO,07/01/2020,12:53:42,5.75,5.7,7200,5.85,2400,0,994800
INFY30Jan20800CE.NFO,07/01/2020,12:53:47,5.75,5.8,1200,5.85,1200,0,994800
INFY30Jan20800CE.NFO,07/01/2020,12:53:51,5.75,5.8,1200,5.85,3600,0,994800
INFY30Jan20800CE.NFO,07/01/2020,12:54:58,5.75,5.8,1200,5.85,4800,0,994800
INFY30Jan20800CE.NFO,07/01/2020,12:55:09,5.8,5.75,1200,5.8,2400,1200,994800
INFY30Jan20800CE.NFO,07/01/2020,12:55:13,5.8,5.7,6000,5.8,2400,0,994800
INFY30Jan20800CE.NFO,07/01/2020,12:55:20,5.8,5.7,2400,5.8,2400,0,994800
INFY30Jan20800CE.NFO,07/01/2020,12:55:24,5.8,5.7,1200,5.8,4800,0,994800
INFY30Jan20800CE.NFO,07/01/2020,12:56:02,5.8,5.65,1200,5.75,3600,0,994800
INFY30Jan20800CE.NFO,07/01/2020,12:56:35,5.65,5.6,1200,5.75,3600,1200,994800
INFY30Jan20800CE.NFO,07/01/2020,12:56:39,5.65,5.6,1200,5.75,3600,0,994800
INFY30Jan20800CE.NFO,07/01/2020,12:57:22,5.65,5.65,1200,5.75,3600,0,994800
INFY30Jan20800CE.NFO,07/01/2020,12:57:31,5.65,5.6,1200,5.75,3600,1200,993600
INFY30Jan20800CE.NFO,07/01/2020,12:57:45,5.65,5.6,1200,5.75,3600,0,993600
INFY30Jan20800CE.NFO,07/01/2020,12:58:15,5.6,5.5,3600,5.6,2400,1200,993600
INFY30Jan20800CE.NFO,07/01/2020,12:58:24,5.6,5.5,3600,5.6,2400,0,993600
INFY30Jan20800CE.NFO,07/01/2020,12:58:29,5.6,5.5,3600,5.6,1200,0,993600
INFY30Jan20800CE.NFO,07/01/2020,12:58:53,5.6,5.5,3600,5.6,2400,0,993600
INFY30Jan20800CE.NFO,07/01/2020,12:59:09,5.6,5.5,4800,5.65,4800,0,993600
INFY30Jan20800CE.NFO,07/01/2020,12:59:13,5.6,5.5,7200,5.65,4800,0,993600
INFY30Jan20800CE.NFO,07/01/2020,12:59:36,5.5,5.5,2400,5.65,7200,1200,993600
INFY30Jan20800CE.NFO,07/01/2020,12:59:58,5.5,5.5,2400,5.65,7200,0,993600
INFY30Jan20800CE.NFO,07/01/2020,13:00:16,5.5,5.4,3600,5.65,7200,2400,997200
INFY30Jan20800CE.NFO,07/01/2020,13:00:23,5.5,5.4,1200,5.55,8400,0,997200
INFY30Jan20800CE.NFO,07/01/2020,13:00:39,5.5,5.4,2400,5.55,9600,0,997200
INFY30Jan20800CE.NFO,07/01/2020,13:01:08,5.5,5.4,1200,5.55,9600,0,997200
INFY30Jan20800CE.NFO,07/01/2020,13:01:28,5.5,5.4,2400,5.55,9600,0,997200
INFY30Jan20800CE.NFO,07/01/2020,13:02:10,5.5,5.4,3600,5.55,9600,0,997200
INFY30Jan20800CE.NFO,07/01/2020,13:02:20,5.5,5.4,2400,5.55,9600,0,997200
INFY30Jan20800CE.NFO,07/01/2020,13:03:22,5.5,5.4,2400,5.55,4800,0,997200
INFY30Jan20800CE.NFO,07/01/2020,13:03:32,5.5,5.4,7200,5.55,3600,0,997200
INFY30Jan20800CE.NFO,07/01/2020,13:03:40,5.5,5.4,6000,5.55,3600,0,997200
INFY30Jan20800CE.NFO,07/01/2020,13:03:44,5.5,5.4,2400,5.55,4800,0,997200
INFY30Jan20800CE.NFO,07/01/2020,13:04:03,5.5,5.4,3600,5.55,4800,0,997200
INFY30Jan20800CE.NFO,07/01/2020,13:04:36,5.4,5.4,1200,5.55,4800,2400,999600
INFY30Jan20800CE.NFO,07/01/2020,13:04:41,5.4,5.4,1200,5.55,4800,0,999600
INFY30Jan20800CE.NFO,07/01/2020,13:04:46,5.4,5.35,4800,5.55,4800,1200,999600
INFY30Jan20800CE.NFO,07/01/2020,13:04:53,5.4,5.4,1200,5.55,7200,0,999600
INFY30Jan20800CE.NFO,07/01/2020,13:05:00,5.4,5.35,2400,5.55,7200,1200,999600
INFY30Jan20800CE.NFO,07/01/2020,13:05:07,5.4,5.35,2400,5.45,2400,0,999600
INFY30Jan20800CE.NFO,07/01/2020,13:05:14,5.4,5.3,7200,5.45,3600,0,999600
INFY30Jan20800CE.NFO,07/01/2020,13:05:21,5.4,5.3,6000,5.45,3600,0,999600
INFY30Jan20800CE.NFO,07/01/2020,13:05:32,5.4,5.3,10800,5.45,3600,0,999600
INFY30Jan20800CE.NFO,07/01/2020,13:06:07,5.4,5.3,9600,5.45,3600,0,999600
INFY30Jan20800CE.NFO,07/01/2020,13:06:13,5.4,5.3,3600,5.45,3600,0,999600
INFY30Jan20800CE.NFO,07/01/2020,13:06:43,5.4,5.3,4800,5.45,3600,0,999600
INFY30Jan20800CE.NFO,07/01/2020,13:06:53,5.4,5.3,9600,5.45,3600,0,999600
INFY30Jan20800CE.NFO,07/01/2020,13:07:55,5.4,5.3,7200,5.4,2400,0,999600
INFY30Jan20800CE.NFO,07/01/2020,13:08:01,5.4,5.3,7200,5.4,3600,0,999600
INFY30Jan20800CE.NFO,07/01/2020,13:08:07,5.4,5.3,7200,5.4,1200,0,999600
INFY30Jan20800CE.NFO,07/01/2020,13:08:27,5.4,5.3,1200,5.4,2400,0,999600
INFY30Jan20800CE.NFO,07/01/2020,13:08:37,5.4,5.3,2400,5.4,2400,0,999600
INFY30Jan20800CE.NFO,07/01/2020,13:08:45,5.4,5.3,1200,5.4,2400,0,999600
INFY30Jan20800CE.NFO,07/01/2020,13:09:13,5.3,5.25,9600,5.4,3600,1200,1000800
INFY30Jan20800CE.NFO,07/01/2020,13:09:22,5.3,5.25,9600,5.4,3600,0,1000800
INFY30Jan20800CE.NFO,07/01/2020,13:09:41,5.3,5.25,7200,5.4,3600,0,1000800
INFY30Jan20800CE.NFO,07/01/2020,13:09:53,5.3,5.3,4800,5.4,2400,1200,1000800
INFY30Jan20800CE.NFO,07/01/2020,13:10:00,5.3,5.3,3600,5.4,3600,0,1000800
INFY30Jan20800CE.NFO,07/01/2020,13:10:12,5.3,5.3,1200,5.4,3600,0,1000800
INFY30Jan20800CE.NFO,07/01/2020,13:10:48,5.4,5.3,4800,5.4,2400,1200,1000800
INFY30Jan20800CE.NFO,07/01/2020,13:10:53,5.4,5.3,3600,5.4,2400,0,1000800
INFY30Jan20800CE.NFO,07/01/2020,13:11:02,5.4,5.3,7200,5.4,1200,0,1000800
INFY30Jan20800CE.NFO,07/01/2020,13:11:18,5.4,5.3,4800,5.4,1200,0,1000800
INFY30Jan20800CE.NFO,07/01/2020,13:12:02,5.4,5.3,4800,5.4,2400,0,1000800
INFY30Jan20800CE.NFO,07/01/2020,13:12:24,5.4,5.3,4800,5.4,1200,0,1000800
INFY30Jan20800CE.NFO,07/01/2020,13:12:35,5.4,5.3,1200,5.4,2400,0,1000800
INFY30Jan20800CE.NFO,07/01/2020,13:13:11,5.4,5.3,2400,5.4,2400,0,1000800
INFY30Jan20800CE.NFO,07/01/2020,13:13:38,5.4,5.3,7200,5.4,1200,0,1000800
INFY30Jan20800CE.NFO,07/01/2020,13:13:42,5.4,5.3,7200,5.4,2400,0,1000800
INFY30Jan20800CE.NFO,07/01/2020,13:13:46,5.4,5.3,7200,5.4,1200,0,1000800
INFY30Jan20800CE.NFO,07/01/2020,13:13:56,5.4,5.3,6000,5.4,1200,0,1000800
INFY30Jan20800CE.NFO,07/01/2020,13:14:29,5.4,5.3,6000,5.4,2400,0,1000800
INFY30Jan20800CE.NFO,07/01/2020,13:14:34,5.4,5.3,6000,5.4,1200,0,1000800
INFY30Jan20800CE.NFO,07/01/2020,13:15:18,5.4,5.3,6000,5.45,4800,3600,1002000
INFY30Jan20800CE.NFO,07/01/2020,13:15:26,5.4,5.3,6000,5.45,4800,0,1002000
INFY30Jan20800CE.NFO,07/01/2020,13:15:33,5.4,5.3,2400,5.45,4800,0,1002000
INFY30Jan20800CE.NFO,07/01/2020,13:15:46,5.4,5.3,1200,5.45,4800,0,1002000
INFY30Jan20800CE.NFO,07/01/2020,13:16:04,5.4,5.3,1200,5.45,7200,0,1002000
INFY30Jan20800CE.NFO,07/01/2020,13:16:35,5.4,5.3,1200,5.45,4800,0,1002000
INFY30Jan20800CE.NFO,07/01/2020,13:16:41,5.3,5.25,12000,5.45,4800,1200,1002000
INFY30Jan20800CE.NFO,07/01/2020,13:16:47,5.3,5.25,12000,5.45,4800,0,1002000
INFY30Jan20800CE.NFO,07/01/2020,13:16:59,5.3,5.25,9600,5.45,4800,0,1002000
INFY30Jan20800CE.NFO,07/01/2020,13:17:09,5.3,5.25,9600,5.45,7200,0,1002000
INFY30Jan20800CE.NFO,07/01/2020,13:17:23,5.3,5.25,8400,5.45,4800,0,1002000
INFY30Jan20800CE.NFO,07/01/2020,13:17:37,5.3,5.25,2400,5.45,7200,0,1002000
INFY30Jan20800CE.NFO,07/01/2020,13:17:52,5.3,5.25,6000,5.45,7200,0,1002000
INFY30Jan20800CE.NFO,07/01/2020,13:18:07,5.3,5.25,3600,5.4,3600,3600,1004400
INFY30Jan20800CE.NFO,07/01/2020,13:18:24,5.3,5.25,6000,5.4,3600,0,1004400
INFY30Jan20800CE.NFO,07/01/2020,13:18:31,5.3,5.35,2400,5.45,2400,0,1004400
INFY30Jan20800CE.NFO,07/01/2020,13:19:21,5.3,5.3,2400,5.4,4800,0,1004400
INFY30Jan20800CE.NFO,07/01/2020,13:19:44,5.3,5.25,6000,5.4,4800,0,1004400
INFY30Jan20800CE.NFO,07/01/2020,13:19:56,5.3,5.25,6000,5.35,3600,0,1004400
INFY30Jan20800CE.NFO,07/01/2020,13:20:10,5.3,5.2,4800,5.35,6000,0,1004400
INFY30Jan20800CE.NFO,07/01/2020,13:20:21,5.3,5.2,7200,5.35,6000,0,1004400
INFY30Jan20800CE.NFO,07/01/2020,13:20:33,5.3,5.2,6000,5.35,3600,0,1004400
INFY30Jan20800CE.NFO,07/01/2020,13:20:45,5.3,5.2,1200,5.3,2400,0,1004400
INFY30Jan20800CE.NFO,07/01/2020,13:20:50,5.3,5.2,1200,5.25,2400,0,1004400
INFY30Jan20800CE.NFO,07/01/2020,13:20:54,5.2,5.15,10800,5.25,1200,1200,1004400
INFY30Jan20800CE.NFO,07/01/2020,13:20:58,5.2,5.2,6000,5.3,1200,0,1004400
INFY30Jan20800CE.NFO,07/01/2020,13:21:02,5.2,5.2,3600,5.3,2400,0,1004400
INFY30Jan20800CE.NFO,07/01/2020,13:21:09,5.2,5.2,2400,5.3,2400,0,1004400
INFY30Jan20800CE.NFO,07/01/2020,13:21:16,5.2,5.15,7200,5.25,2400,0,1004400
INFY30Jan20800CE.NFO,07/01/2020,13:21:24,5.2,5.15,7200,5.25,1200,0,1004400
INFY30Jan20800CE.NFO,07/01/2020,13:21:55,5.2,5.15,4800,5.25,1200,0,1004400
INFY30Jan20800CE.NFO,07/01/2020,13:21:59,5.2,5.15,7200,5.25,1200,0,1004400
INFY30Jan20800CE.NFO,07/01/2020,13:22:05,5.2,5.15,2400,5.25,2400,0,1004400
INFY30Jan20800CE.NFO,07/01/2020,13:22:11,5.2,5.15,4800,5.25,2400,0,1004400
INFY30Jan20800CE.NFO,07/01/2020,13:22:54,5.2,5.15,4800,5.2,4800,1200,1005600
INFY30Jan20800CE.NFO,07/01/2020,13:23:05,5.2,5.15,4800,5.2,4800,0,1005600
INFY30Jan20800CE.NFO,07/01/2020,13:24:02,5.2,5.15,4800,5.2,1200,3600,1005600
INFY30Jan20800CE.NFO,07/01/2020,13:24:08,5.2,5.15,4800,5.2,1200,0,1005600
INFY30Jan20800CE.NFO,07/01/2020,13:24:20,5.2,5.15,2400,5.2,1200,0,1005600
INFY30Jan20800CE.NFO,07/01/2020,13:24:25,5.15,5.1,8400,5.2,2400,2400,1000800
INFY30Jan20800CE.NFO,07/01/2020,13:24:30,5.15,5.1,8400,5.2,3600,0,1000800
INFY30Jan20800CE.NFO,07/01/2020,13:24:36,5.15,5.1,7200,5.2,3600,0,1000800
INFY30Jan20800CE.NFO,07/01/2020,13:24:43,5.15,5.1,6000,5.25,4800,0,1000800
INFY30Jan20800CE.NFO,07/01/2020,13:24:51,5.1,5.1,7200,5.25,4800,1200,1000800
INFY30Jan20800CE.NFO,07/01/2020,13:24:57,5.1,5.1,4800,5.25,4800,0,1000800
INFY30Jan20800CE.NFO,07/01/2020,13:25:03,5.1,5.1,3600,5.25,4800,0,1000800
INFY30Jan20800CE.NFO,07/01/2020,13:25:28,5.1,5.1,4800,5.25,4800,1200,1000800
INFY30Jan20800CE.NFO,07/01/2020,13:25:34,5.1,5.1,2400,5.25,4800,0,1000800
INFY30Jan20800CE.NFO,07/01/2020,13:25:49,5.1,5.1,2400,5.25,7200,0,1000800
INFY30Jan20800CE.NFO,07/01/2020,13:26:27,5.1,5.1,2400,5.25,8400,0,1000800
INFY30Jan20800CE.NFO,07/01/2020,13:26:50,5.1,5.05,1200,5.25,8400,2400,1000800
INFY30Jan20800CE.NFO,07/01/2020,13:26:55,5.1,5.05,1200,5.25,8400,0,1000800
INFY30Jan20800CE.NFO,07/01/2020,13:27:20,5.1,5,15600,5.15,3600,0,1000800
INFY30Jan20800CE.NFO,07/01/2020,13:27:28,5.1,5.05,1200,5.15,4800,0,1000800
INFY30Jan20800CE.NFO,07/01/2020,13:27:34,5.05,5,10800,5.15,4800,1200,1002000
INFY30Jan20800CE.NFO,07/01/2020,13:27:40,4.9,4.9,2400,5.15,7200,10800,1002000
INFY30Jan20800CE.NFO,07/01/2020,13:27:47,4.9,4.9,6000,5.15,7200,0,1002000
INFY30Jan20800CE.NFO,07/01/2020,13:28:00,4.9,4.9,7200,5.15,7200,0,1002000
INFY30Jan20800CE.NFO,07/01/2020,13:28:05,4.9,4.9,7200,5.05,2400,0,1002000
INFY30Jan20800CE.NFO,07/01/2020,13:28:17,4.9,5,1200,5.1,1200,0,1002000
INFY30Jan20800CE.NFO,07/01/2020,13:28:22,4.9,5,1200,5.1,2400,0,1002000
INFY30Jan20800CE.NFO,07/01/2020,13:28:27,4.9,4.95,4800,5.1,4800,0,1002000
INFY30Jan20800CE.NFO,07/01/2020,13:28:32,4.9,4.95,7200,5.1,4800,0,1002000
INFY30Jan20800CE.NFO,07/01/2020,13:28:38,4.9,4.95,4800,5.1,4800,0,1002000
INFY30Jan20800CE.NFO,07/01/2020,13:28:44,4.9,5,2400,5.1,4800,0,1002000
INFY30Jan20800CE.NFO,07/01/2020,13:28:49,5,4.95,1200,5.1,7200,2400,1002000
INFY30Jan20800CE.NFO,07/01/2020,13:28:55,5,4.95,2400,5.1,7200,0,1002000
INFY30Jan20800CE.NFO,07/01/2020,13:29:03,5,4.9,7200,5.1,7200,0,1002000
INFY30Jan20800CE.NFO,07/01/2020,13:29:22,5,4.9,3600,5.1,7200,0,1002000
INFY30Jan20800CE.NFO,07/01/2020,13:29:41,5,4.9,2400,5.1,7200,0,1002000
INFY30Jan20800CE.NFO,07/01/2020,13:29:53,5,4.9,3600,5.1,7200,0,1002000
INFY30Jan20800CE.NFO,07/01/2020,13:29:59,5,4.9,2400,5.1,7200,0,1002000
INFY30Jan20800CE.NFO,07/01/2020,13:30:06,4.9,4.85,4800,5.1,7200,2400,1002000
INFY30Jan20800CE.NFO,07/01/2020,13:30:12,4.9,4.85,4800,5.1,7200,0,1002000
INFY30Jan20800CE.NFO,07/01/2020,13:30:28,4.9,4.85,4800,5,7200,0,1002000
INFY30Jan20800CE.NFO,07/01/2020,13:30:36,4.9,4.85,3600,5,7200,1200,1011600
INFY30Jan20800CE.NFO,07/01/2020,13:30:41,4.8,4.8,3600,5,9600,3600,1011600
INFY30Jan20800CE.NFO,07/01/2020,13:30:46,4.8,4.8,2400,4.95,9600,0,1011600
INFY30Jan20800CE.NFO,07/01/2020,13:30:53,4.8,4.75,2400,4.85,2400,3600,1011600
INFY30Jan20800CE.NFO,07/01/2020,13:31:00,4.8,4.75,2400,4.85,1200,0,1011600
INFY30Jan20800CE.NFO,07/01/2020,13:31:47,4.8,4.75,2400,4.85,4800,0,1011600
INFY30Jan20800CE.NFO,07/01/2020,13:31:54,4.75,4.75,1200,4.85,4800,1200,1011600
INFY30Jan20800CE.NFO,07/01/2020,13:32:20,4.75,4.75,3600,4.85,4800,0,1011600
INFY30Jan20800CE.NFO,07/01/2020,13:32:54,4.8,4.75,3600,4.85,6000,1200,1011600
INFY30Jan20800CE.NFO,07/01/2020,13:32:59,4.8,4.75,3600,4.85,6000,0,1011600
INFY30Jan20800CE.NFO,07/01/2020,13:33:04,4.8,4.75,6000,4.9,8400,0,1011600
INFY30Jan20800CE.NFO,07/01/2020,13:33:37,4.8,4.75,3600,4.9,8400,0,1011600
INFY30Jan20800CE.NFO,07/01/2020,13:34:07,4.8,4.75,3600,4.9,6000,0,1011600
INFY30Jan20800CE.NFO,07/01/2020,13:34:17,4.8,4.8,1200,4.9,6000,0,1011600
INFY30Jan20800CE.NFO,07/01/2020,13:34:36,4.8,4.75,2400,4.9,6000,1200,1014000
INFY30Jan20800CE.NFO,07/01/2020,13:34:47,4.75,4.7,2400,4.8,2400,2400,1014000
INFY30Jan20800CE.NFO,07/01/2020,13:34:58,4.7,4.7,3600,4.85,7200,1200,1014000
INFY30Jan20800CE.NFO,07/01/2020,13:35:16,4.7,4.7,3600,4.85,6000,0,1014000
INFY30Jan20800CE.NFO,07/01/2020,13:35:21,4.7,4.7,2400,4.85,6000,1200,1014000
INFY30Jan20800CE.NFO,07/01/2020,13:35:38,4.85,4.7,3600,4.85,4800,1200,1014000
INFY30Jan20800CE.NFO,07/01/2020,13:35:48,4.85,4.75,1200,4.85,4800,0,1014000
INFY30Jan20800CE.NFO,07/01/2020,13:37:47,4.85,4.8,2400,4.85,4800,0,1014000
INFY30Jan20800CE.NFO,07/01/2020,13:38:07,4.85,4.8,2400,4.85,2400,0,1014000
INFY30Jan20800CE.NFO,07/01/2020,13:38:14,4.85,4.8,2400,4.9,8400,0,1014000
INFY30Jan20800CE.NFO,07/01/2020,13:38:54,4.85,4.8,2400,4.9,6000,0,1014000
INFY30Jan20800CE.NFO,07/01/2020,13:39:42,4.85,4.8,2400,4.9,7200,0,1014000
INFY30Jan20800CE.NFO,07/01/2020,13:41:31,4.85,4.8,2400,4.85,2400,0,1014000
INFY30Jan20800CE.NFO,07/01/2020,13:41:41,4.85,4.8,2400,4.85,3600,0,1014000
INFY30Jan20800CE.NFO,07/01/2020,13:41:57,4.85,4.8,2400,4.85,2400,0,1014000
INFY30Jan20800CE.NFO,07/01/2020,13:42:24,4.85,4.8,2400,4.85,1200,1200,1015200
INFY30Jan20800CE.NFO,07/01/2020,13:42:30,4.85,4.8,2400,4.9,2400,0,1015200
INFY30Jan20800CE.NFO,07/01/2020,13:43:16,4.85,4.85,1200,4.95,2400,0,1015200
INFY30Jan20800CE.NFO,07/01/2020,13:43:51,4.85,4.85,3600,4.95,2400,0,1015200
INFY30Jan20800CE.NFO,07/01/2020,13:44:00,4.85,4.9,1200,4.95,2400,0,1015200
INFY30Jan20800CE.NFO,07/01/2020,13:44:15,4.85,4.9,1200,4.95,3600,0,1015200
INFY30Jan20800CE.NFO,07/01/2020,13:45:10,4.9,4.85,6000,4.95,3600,1200,1015200
INFY30Jan20800CE.NFO,07/01/2020,13:45:17,4.9,4.85,6000,4.95,3600,0,1015200
INFY30Jan20800CE.NFO,07/01/2020,13:45:23,4.9,4.85,3600,4.95,3600,0,1015200
INFY30Jan20800CE.NFO,07/01/2020,13:45:28,4.9,4.85,3600,4.95,2400,0,1015200
INFY30Jan20800CE.NFO,07/01/2020,13:45:45,4.95,4.85,3600,4.95,1200,1200,1015200
INFY30Jan20800CE.NFO,07/01/2020,13:45:52,4.95,4.85,1200,4.95,2400,0,1015200
INFY30Jan20800CE.NFO,07/01/2020,13:46:34,4.95,4.85,1200,4.95,4800,0,1015200
INFY30Jan20800CE.NFO,07/01/2020,13:47:26,4.95,4.85,1200,4.95,1200,0,1015200
INFY30Jan20800CE.NFO,07/01/2020,13:47:37,4.95,4.85,1200,4.95,2400,0,1015200
INFY30Jan20800CE.NFO,07/01/2020,13:50:10,4.95,4.85,6000,5,2400,0,1015200
INFY30Jan20800CE.NFO,07/01/2020,13:50:18,4.95,4.9,2400,5,2400,0,1015200
INFY30Jan20800CE.NFO,07/01/2020,13:50:25,4.95,4.95,1200,5,2400,0,1015200
INFY30Jan20800CE.NFO,07/01/2020,13:50:32,4.95,4.9,1200,5,3600,0,1015200
INFY30Jan20800CE.NFO,07/01/2020,13:50:38,4.95,4.9,4800,5.05,2400,0,1015200
INFY30Jan20800CE.NFO,07/01/2020,13:50:46,4.95,4.9,2400,5.05,3600,0,1015200
INFY30Jan20800CE.NFO,07/01/2020,13:50:54,4.95,4.9,1200,5.05,3600,0,1015200
INFY30Jan20800CE.NFO,07/01/2020,13:51:00,4.95,4.9,1200,5.05,4800,0,1015200
INFY30Jan20800CE.NFO,07/01/2020,13:51:12,4.95,4.9,2400,5.05,4800,0,1015200
INFY30Jan20800CE.NFO,07/01/2020,13:51:39,4.95,4.9,1200,5.05,4800,0,1015200
INFY30Jan20800CE.NFO,07/01/2020,13:52:19,4.95,4.85,2400,4.95,1200,0,1015200
INFY30Jan20800CE.NFO,07/01/2020,13:52:32,4.95,4.85,3600,5,7200,0,1015200
INFY30Jan20800CE.NFO,07/01/2020,13:52:37,4.95,4.85,2400,5,7200,0,1015200
INFY30Jan20800CE.NFO,07/01/2020,13:52:41,4.95,4.85,2400,5,9600,0,1015200
INFY30Jan20800CE.NFO,07/01/2020,13:52:45,4.95,4.85,2400,5,7200,0,1015200
INFY30Jan20800CE.NFO,07/01/2020,13:52:50,4.95,4.85,2400,4.95,4800,0,1015200
INFY30Jan20800CE.NFO,07/01/2020,13:52:55,4.95,4.85,3600,4.95,4800,0,1015200
INFY30Jan20800CE.NFO,07/01/2020,13:52:58,4.95,4.85,1200,4.95,4800,0,1015200
INFY30Jan20800CE.NFO,07/01/2020,13:53:16,4.95,4.85,1200,4.95,6000,0,1015200
INFY30Jan20800CE.NFO,07/01/2020,13:53:43,4.95,4.85,1200,4.95,8400,0,1015200
INFY30Jan20800CE.NFO,07/01/2020,13:53:51,4.9,4.8,2400,4.85,1200,1200,1016400
INFY30Jan20800CE.NFO,07/01/2020,13:54:27,4.8,4.8,1200,4.85,1200,1200,1015200
INFY30Jan20800CE.NFO,07/01/2020,13:54:36,4.8,4.8,1200,4.85,1200,0,1015200
INFY30Jan20800CE.NFO,07/01/2020,13:56:25,4.8,4.75,2400,4.85,1200,1200,1015200
INFY30Jan20800CE.NFO,07/01/2020,13:56:30,4.8,4.75,2400,4.85,1200,0,1015200
INFY30Jan20800CE.NFO,07/01/2020,13:56:48,4.75,4.7,3600,4.85,2400,2400,1015200
INFY30Jan20800CE.NFO,07/01/2020,13:58:17,4.7,4.55,3600,4.7,1200,2400,1014000
INFY30Jan20800CE.NFO,07/01/2020,13:58:21,4.7,4.6,6000,4.75,2400,1200,1014000
INFY30Jan20800CE.NFO,07/01/2020,13:58:25,4.7,4.7,1200,4.75,2400,0,1014000
INFY30Jan20800CE.NFO,07/01/2020,13:58:30,4.7,4.7,13200,4.75,2400,0,1014000
INFY30Jan20800CE.NFO,07/01/2020,13:58:37,4.75,4.7,1200,4.8,6000,12000,1014000
INFY30Jan20800CE.NFO,07/01/2020,13:58:43,4.75,4.7,2400,4.9,2400,0,1014000
INFY30Jan20800CE.NFO,07/01/2020,13:59:02,4.9,4.7,2400,4.9,1200,1200,1014000
INFY30Jan20800CE.NFO,07/01/2020,13:59:06,4.9,4.7,1200,4.9,1200,0,1014000
INFY30Jan20800CE.NFO,07/01/2020,13:59:11,4.9,4.7,1200,4.9,2400,0,1014000
INFY30Jan20800CE.NFO,07/01/2020,13:59:23,4.9,4.7,1200,4.8,2400,0,1014000
INFY30Jan20800CE.NFO,07/01/2020,13:59:40,4.8,4.7,1200,4.9,1200,3600,1014000
INFY30Jan20800CE.NFO,07/01/2020,13:59:43,4.8,4.7,1200,4.85,3600,0,1014000
INFY30Jan20800CE.NFO,07/01/2020,13:59:50,4.8,4.7,1200,4.85,6000,0,1014000
INFY30Jan20800CE.NFO,07/01/2020,14:00:12,4.8,4.7,2400,4.85,6000,0,1014000
INFY30Jan20800CE.NFO,07/01/2020,14:00:15,4.8,4.7,3600,4.85,6000,0,1014000
INFY30Jan20800CE.NFO,07/01/2020,14:00:23,4.8,4.7,2400,4.85,6000,0,1014000
INFY30Jan20800CE.NFO,07/01/2020,14:00:47,4.8,4.7,4800,4.85,6000,2400,1022400
INFY30Jan20800CE.NFO,07/01/2020,14:00:54,4.8,4.75,1200,4.85,6000,0,1022400
INFY30Jan20800CE.NFO,07/01/2020,14:01:00,4.75,4.7,1200,4.85,6000,1200,1022400
INFY30Jan20800CE.NFO,07/01/2020,14:01:05,4.75,4.7,1200,4.8,2400,1200,1022400
INFY30Jan20800CE.NFO,07/01/2020,14:01:10,4.75,4.7,1200,4.8,2400,0,1022400
INFY30Jan20800CE.NFO,07/01/2020,14:01:19,4.75,4.7,1200,4.8,1200,0,1022400
INFY30Jan20800CE.NFO,07/01/2020,14:01:23,4.75,4.7,2400,4.85,6000,0,1022400
INFY30Jan20800CE.NFO,07/01/2020,14:01:48,4.75,4.7,1200,4.8,12000,0,1022400
INFY30Jan20800CE.NFO,07/01/2020,14:02:26,4.7,4.6,1200,4.8,13200,1200,1022400
INFY30Jan20800CE.NFO,07/01/2020,14:02:30,4.7,4.6,1200,4.8,13200,0,1022400
INFY30Jan20800CE.NFO,07/01/2020,14:02:59,4.7,4.55,3600,4.75,8400,0,1022400
INFY30Jan20800CE.NFO,07/01/2020,14:03:15,4.7,4.55,4800,4.75,8400,0,1022400
INFY30Jan20800CE.NFO,07/01/2020,14:03:34,4.7,4.55,3600,4.75,8400,0,1022400
INFY30Jan20800CE.NFO,07/01/2020,14:03:55,4.7,4.55,1200,4.75,8400,0,1022400
INFY30Jan20800CE.NFO,07/01/2020,14:05:00,4.7,4.5,8400,4.75,8400,0,1022400
INFY30Jan20800CE.NFO,07/01/2020,14:05:05,4.7,4.5,13200,4.75,8400,0,1022400
INFY30Jan20800CE.NFO,07/01/2020,14:05:09,4.7,4.55,2400,4.75,8400,0,1022400
INFY30Jan20800CE.NFO,07/01/2020,14:05:13,4.7,4.55,3600,4.75,8400,0,1022400
INFY30Jan20800CE.NFO,07/01/2020,14:05:17,4.7,4.55,4800,4.75,8400,0,1022400
INFY30Jan20800CE.NFO,07/01/2020,14:05:24,4.7,4.55,4800,4.65,1200,0,1022400
INFY30Jan20800CE.NFO,07/01/2020,14:05:34,4.5,4.5,3600,4.55,2400,4800,1026000
INFY30Jan20800CE.NFO,07/01/2020,14:05:41,4.5,4.5,3600,4.65,4800,0,1026000
INFY30Jan20800CE.NFO,07/01/2020,14:05:55,4.5,4.5,3600,4.65,3600,0,1026000
INFY30Jan20800CE.NFO,07/01/2020,14:06:11,4.5,4.55,1200,4.65,4800,0,1026000
INFY30Jan20800CE.NFO,07/01/2020,14:06:19,4.5,4.55,1200,4.65,1200,0,1026000
INFY30Jan20800CE.NFO,07/01/2020,14:06:28,4.5,4.55,1200,4.65,3600,0,1026000
INFY30Jan20800CE.NFO,07/01/2020,14:06:32,4.55,4.5,1200,4.65,4800,2400,1028400
INFY30Jan20800CE.NFO,07/01/2020,14:06:37,4.55,4.5,1200,4.6,4800,0,1028400
INFY30Jan20800CE.NFO,07/01/2020,14:06:47,4.55,4.5,1200,4.6,3600,0,1028400
INFY30Jan20800CE.NFO,07/01/2020,14:06:51,4.55,4.55,1200,4.6,1200,0,1028400
INFY30Jan20800CE.NFO,07/01/2020,14:06:54,4.55,4.55,1200,4.65,2400,0,1028400
INFY30Jan20800CE.NFO,07/01/2020,14:07:02,4.55,4.55,1200,4.65,6000,0,1028400
INFY30Jan20800CE.NFO,07/01/2020,14:07:06,4.5,4.45,2400,4.65,6000,2400,1028400
INFY30Jan20800CE.NFO,07/01/2020,14:07:13,4.5,4.45,2400,4.6,8400,0,1028400
INFY30Jan20800CE.NFO,07/01/2020,14:07:19,4.5,4.4,3600,4.6,8400,0,1028400
INFY30Jan20800CE.NFO,07/01/2020,14:07:26,4.5,4.4,1200,4.6,8400,0,1028400
INFY30Jan20800CE.NFO,07/01/2020,14:07:33,4.4,4.3,7200,4.6,8400,1200,1028400
INFY30Jan20800CE.NFO,07/01/2020,14:07:39,4.4,4.3,7200,4.6,8400,0,1028400
INFY30Jan20800CE.NFO,07/01/2020,14:07:45,4.4,4.3,8400,4.6,8400,0,1028400
INFY30Jan20800CE.NFO,07/01/2020,14:07:55,4.4,4.3,7200,4.6,8400,0,1028400
INFY30Jan20800CE.NFO,07/01/2020,14:08:00,4.4,4.3,8400,4.6,8400,0,1028400
INFY30Jan20800CE.NFO,07/01/2020,14:08:20,4.4,4.4,1200,4.6,8400,0,1028400
INFY30Jan20800CE.NFO,07/01/2020,14:08:24,4.4,4.4,3600,4.6,8400,0,1028400
INFY30Jan20800CE.NFO,07/01/2020,14:08:49,4.5,4.4,4800,4.6,8400,1200,1028400
INFY30Jan20800CE.NFO,07/01/2020,14:08:54,4.5,4.4,4800,4.6,8400,0,1028400
INFY30Jan20800CE.NFO,07/01/2020,14:09:13,4.5,4.4,7200,4.6,8400,0,1028400
INFY30Jan20800CE.NFO,07/01/2020,14:09:24,4.5,4.45,6000,4.6,8400,0,1028400
INFY30Jan20800CE.NFO,07/01/2020,14:09:30,4.5,4.5,3600,4.6,8400,0,1028400
INFY30Jan20800CE.NFO,07/01/2020,14:09:37,4.55,4.45,1200,4.6,7200,3600,1034400
INFY30Jan20800CE.NFO,07/01/2020,14:09:41,4.55,4.4,4800,4.6,8400,0,1034400
INFY30Jan20800CE.NFO,07/01/2020,14:09:45,4.55,4.4,6000,4.55,3600,0,1034400
INFY30Jan20800CE.NFO,07/01/2020,14:09:53,4.4,4.3,9600,4.5,4800,1200,1034400
INFY30Jan20800CE.NFO,07/01/2020,14:10:01,4.4,4.3,9600,4.5,4800,0,1034400
INFY30Jan20800CE.NFO,07/01/2020,14:10:15,4.4,4.4,1200,4.5,4800,0,1034400
INFY30Jan20800CE.NFO,07/01/2020,14:10:35,4.4,4.4,2400,4.5,4800,0,1034400
INFY30Jan20800CE.NFO,07/01/2020,14:10:40,4.4,4.4,2400,4.5,1200,0,1034400
INFY30Jan20800CE.NFO,07/01/2020,14:10:58,4.5,4.5,1200,4.55,2400,1200,1034400
INFY30Jan20800CE.NFO,07/01/2020,14:11:01,4.5,4.5,1200,4.55,2400,0,1034400
INFY30Jan20800CE.NFO,07/01/2020,14:11:04,4.5,4.5,1200,4.55,1200,0,1034400
INFY30Jan20800CE.NFO,07/01/2020,14:11:23,4.55,4.5,1200,4.6,7200,1200,1034400
INFY30Jan20800CE.NFO,07/01/2020,14:11:27,4.55,4.5,1200,4.6,1200,0,1034400
INFY30Jan20800CE.NFO,07/01/2020,14:11:30,4.5,4.4,1200,4.6,3600,1200,1034400
INFY30Jan20800CE.NFO,07/01/2020,14:11:33,4.5,4.4,1200,4.5,1200,0,1034400
INFY30Jan20800CE.NFO,07/01/2020,14:11:39,4.5,4.4,1200,4.5,4800,0,1034400
INFY30Jan20800CE.NFO,07/01/2020,14:11:52,4.5,4.4,1200,4.5,2400,0,1034400
INFY30Jan20800CE.NFO,07/01/2020,14:11:56,4.5,4.4,1200,4.5,3600,0,1034400
INFY30Jan20800CE.NFO,07/01/2020,14:12:15,4.5,4.3,10800,4.5,1200,0,1034400
INFY30Jan20800CE.NFO,07/01/2020,14:12:29,4.5,4.4,3600,4.55,1200,0,1034400
INFY30Jan20800CE.NFO,07/01/2020,14:12:34,4.4,4.4,8400,4.55,2400,1200,1039200
INFY30Jan20800CE.NFO,07/01/2020,14:12:43,4.4,4.4,2400,4.55,2400,0,1039200
INFY30Jan20800CE.NFO,07/01/2020,14:12:51,4.4,4.4,2400,4.55,6000,0,1039200
INFY30Jan20800CE.NFO,07/01/2020,14:13:18,4.4,4.4,3600,4.55,6000,0,1039200
INFY30Jan20800CE.NFO,07/01/2020,14:13:22,4.4,4.4,1200,4.55,6000,2400,1039200
INFY30Jan20800CE.NFO,07/01/2020,14:13:26,4.4,4.4,1200,4.55,6000,0,1039200
INFY30Jan20800CE.NFO,07/01/2020,14:13:34,4.4,4.35,2400,4.55,6000,0,1039200
INFY30Jan20800CE.NFO,07/01/2020,14:13:41,4.4,4.35,6000,4.55,6000,0,1039200
INFY30Jan20800CE.NFO,07/01/2020,14:13:48,4.4,4.4,7200,4.55,2400,0,1039200
INFY30Jan20800CE.NFO,07/01/2020,14:13:53,4.4,4.4,7200,4.55,1200,0,1039200
INFY30Jan20800CE.NFO,07/01/2020,14:13:59,4.55,4.5,2400,4.65,4800,1200,1039200
INFY30Jan20800CE.NFO,07/01/2020,14:14:11,4.55,4.5,3600,4.65,6000,0,1039200
INFY30Jan20800CE.NFO,07/01/2020,14:14:16,4.55,4.5,2400,4.65,2400,0,1039200
INFY30Jan20800CE.NFO,07/01/2020,14:14:26,4.55,4.5,2400,4.65,6000,0,1039200
INFY30Jan20800CE.NFO,07/01/2020,14:15:05,4.55,4.55,2400,4.65,1200,0,1039200
INFY30Jan20800CE.NFO,07/01/2020,14:15:11,4.55,4.55,1200,4.65,1200,0,1039200
INFY30Jan20800CE.NFO,07/01/2020,14:15:29,4.55,4.55,1200,4.65,2400,0,1039200
INFY30Jan20800CE.NFO,07/01/2020,14:15:35,4.65,4.55,1200,4.65,1200,1200,1035600
INFY30Jan20800CE.NFO,07/01/2020,14:15:53,4.65,4.55,1200,4.65,1200,0,1035600
INFY30Jan20800CE.NFO,07/01/2020,14:16:09,4.65,4.55,2400,4.7,1200,0,1035600
INFY30Jan20800CE.NFO,07/01/2020,14:16:14,4.65,4.55,1200,4.7,3600,0,1035600
INFY30Jan20800CE.NFO,07/01/2020,14:16:23,4.65,4.55,2400,4.7,1200,0,1035600
INFY30Jan20800CE.NFO,07/01/2020,14:16:28,4.65,4.55,1200,4.7,3600,0,1035600
INFY30Jan20800CE.NFO,07/01/2020,14:19:02,4.55,4.4,7200,4.55,2400,1200,1036800
INFY30Jan20800CE.NFO,07/01/2020,14:19:06,4.55,4.4,7200,4.55,2400,0,1036800
INFY30Jan20800CE.NFO,07/01/2020,14:19:27,4.55,4.4,7200,4.6,3600,0,1036800
INFY30Jan20800CE.NFO,07/01/2020,14:19:44,4.55,4.4,1200,4.6,3600,0,1036800
INFY30Jan20800CE.NFO,07/01/2020,14:19:49,4.55,4.3,8400,4.45,3600,0,1036800
INFY30Jan20800CE.NFO,07/01/2020,14:19:57,4.55,4.3,6000,4.45,3600,0,1036800
INFY30Jan20800CE.NFO,07/01/2020,14:20:02,4.55,4.3,6000,4.45,6000,0,1036800
INFY30Jan20800CE.NFO,07/01/2020,14:21:08,4.3,4.2,3600,4.45,6000,3600,1036800
INFY30Jan20800CE.NFO,07/01/2020,14:21:12,4.3,4.2,1200,4.35,4800,0,1036800
INFY30Jan20800CE.NFO,07/01/2020,14:21:20,4.3,4.2,4800,4.4,4800,0,1036800
INFY30Jan20800CE.NFO,07/01/2020,14:21:23,4.3,4.2,6000,4.4,4800,0,1036800
INFY30Jan20800CE.NFO,07/01/2020,14:21:27,4.3,4.2,7200,4.4,4800,0,1036800
INFY30Jan20800CE.NFO,07/01/2020,14:21:31,4.3,4.3,1200,4.4,4800,0,1036800
INFY30Jan20800CE.NFO,07/01/2020,14:21:35,4.4,4.3,1200,4.4,1200,1200,1040400
INFY30Jan20800CE.NFO,07/01/2020,14:21:43,4.4,4.3,2400,4.4,2400,1200,1040400
INFY30Jan20800CE.NFO,07/01/2020,14:21:48,4.4,4.3,2400,4.4,2400,0,1040400
INFY30Jan20800CE.NFO,07/01/2020,14:21:56,4.4,4.3,4800,4.45,4800,0,1040400
INFY30Jan20800CE.NFO,07/01/2020,14:22:08,4.3,4.25,2400,4.45,7200,1200,1040400
INFY30Jan20800CE.NFO,07/01/2020,14:22:12,4.3,4.25,2400,4.4,8400,0,1040400
INFY30Jan20800CE.NFO,07/01/2020,14:22:20,4.3,4.3,1200,4.4,8400,0,1040400
INFY30Jan20800CE.NFO,07/01/2020,14:22:51,4.3,4.3,1200,4.4,7200,0,1040400
INFY30Jan20800CE.NFO,07/01/2020,14:23:07,4.3,4.3,1200,4.45,7200,0,1040400
INFY30Jan20800CE.NFO,07/01/2020,14:23:10,4.3,4.35,2400,4.5,7200,0,1040400
INFY30Jan20800CE.NFO,07/01/2020,14:23:24,4.45,4.45,2400,4.5,8400,2400,1040400
INFY30Jan20800CE.NFO,07/01/2020,14:23:28,4.45,4.45,2400,4.5,8400,0,1040400
INFY30Jan20800CE.NFO,07/01/2020,14:23:42,4.45,4.35,2400,4.5,10800,2400,1040400
INFY30Jan20800CE.NFO,07/01/2020,14:23:46,4.45,4.35,2400,4.5,10800,0,1040400
INFY30Jan20800CE.NFO,07/01/2020,14:23:53,4.45,4.4,4800,4.5,10800,0,1040400
INFY30Jan20800CE.NFO,07/01/2020,14:24:18,4.45,4.4,4800,4.5,8400,1200,1040400
INFY30Jan20800CE.NFO,07/01/2020,14:24:29,4.5,4.4,4800,4.5,1200,1200,1046400
INFY30Jan20800CE.NFO,07/01/2020,14:24:35,4.5,4.4,4800,4.5,1200,0,1046400
INFY30Jan20800CE.NFO,07/01/2020,14:24:56,4.5,4.4,4800,4.55,8400,1200,1046400
INFY30Jan20800CE.NFO,07/01/2020,14:25:00,4.5,4.4,4800,4.5,4800,0,1046400
INFY30Jan20800CE.NFO,07/01/2020,14:25:04,4.5,4.45,3600,4.5,7200,0,1046400
INFY30Jan20800CE.NFO,07/01/2020,14:25:08,4.5,4.45,3600,4.5,2400,0,1046400
INFY30Jan20800CE.NFO,07/01/2020,14:25:25,4.45,4.45,3600,4.55,2400,1200,1046400
INFY30Jan20800CE.NFO,07/01/2020,14:25:30,4.45,4.45,3600,4.55,2400,0,1046400
INFY30Jan20800CE.NFO,07/01/2020,14:25:53,4.45,4.45,2400,4.55,2400,1200,1046400
INFY30Jan20800CE.NFO,07/01/2020,14:25:58,4.55,4.45,4800,4.6,4800,1200,1046400
INFY30Jan20800CE.NFO,07/01/2020,14:26:01,4.55,4.45,4800,4.6,4800,0,1046400
INFY30Jan20800CE.NFO,07/01/2020,14:26:13,4.55,4.45,2400,4.6,4800,0,1046400
INFY30Jan20800CE.NFO,07/01/2020,14:26:37,4.6,4.45,2400,4.6,4800,2400,1046400
INFY30Jan20800CE.NFO,07/01/2020,14:26:44,4.6,4.45,2400,4.6,4800,0,1046400
INFY30Jan20800CE.NFO,07/01/2020,14:26:49,4.6,4.45,1200,4.55,10800,0,1046400
INFY30Jan20800CE.NFO,07/01/2020,14:26:54,4.6,4.45,1200,4.5,3600,0,1046400
INFY30Jan20800CE.NFO,07/01/2020,14:26:58,4.6,4.45,1200,4.5,1200,0,1046400
INFY30Jan20800CE.NFO,07/01/2020,14:27:08,4.45,4.3,3600,4.45,7200,1200,1046400
INFY30Jan20800CE.NFO,07/01/2020,14:27:15,4.45,4.3,1200,4.45,7200,0,1046400
INFY30Jan20800CE.NFO,07/01/2020,14:27:21,4.3,4.25,2400,4.4,10800,1200,1050000
INFY30Jan20800CE.NFO,07/01/2020,14:27:27,4.3,4.2,9600,4.4,10800,0,1050000
INFY30Jan20800CE.NFO,07/01/2020,14:27:37,4.3,4.2,9600,4.4,4800,0,1050000
INFY30Jan20800CE.NFO,07/01/2020,14:27:41,4.3,4.2,9600,4.4,2400,0,1050000
INFY30Jan20800CE.NFO,07/01/2020,14:27:45,4.3,4.2,10800,4.4,2400,0,1050000
INFY30Jan20800CE.NFO,07/01/2020,14:27:50,4.3,4.3,1200,4.4,2400,0,1050000
INFY30Jan20800CE.NFO,07/01/2020,14:28:11,4.3,4.3,4800,4.4,2400,0,1050000
INFY30Jan20800CE.NFO,07/01/2020,14:28:15,4.3,4.3,4800,4.45,2400,0,1050000
INFY30Jan20800CE.NFO,07/01/2020,14:28:27,4.3,4.3,2400,4.45,2400,0,1050000
INFY30Jan20800CE.NFO,07/01/2020,14:28:31,4.3,4.3,1200,4.45,2400,0,1050000
INFY30Jan20800CE.NFO,07/01/2020,14:28:36,4.3,4.3,1200,4.45,6000,0,1050000
INFY30Jan20800CE.NFO,07/01/2020,14:28:39,4.3,4.25,3600,4.45,6000,2400,1050000
INFY30Jan20800CE.NFO,07/01/2020,14:28:42,4.3,4.25,3600,4.45,6000,0,1050000
INFY30Jan20800CE.NFO,07/01/2020,14:28:58,4.3,4.25,6000,4.45,6000,0,1050000
INFY30Jan20800CE.NFO,07/01/2020,14:29:05,4.25,4.25,4800,4.45,8400,1200,1050000
INFY30Jan20800CE.NFO,07/01/2020,14:29:08,4.25,4.25,4800,4.45,8400,0,1050000
INFY30Jan20800CE.NFO,07/01/2020,14:29:11,4.25,4.25,4800,4.4,4800,0,1050000
INFY30Jan20800CE.NFO,07/01/2020,14:29:14,4.25,4.25,2400,4.35,1200,0,1050000
INFY30Jan20800CE.NFO,07/01/2020,14:29:42,4.25,4.2,12000,4.35,4800,1200,1050000
INFY30Jan20800CE.NFO,07/01/2020,14:30:01,4.25,4.2,9600,4.35,4800,1200,1050000
INFY30Jan20800CE.NFO,07/01/2020,14:30:26,4.25,4.2,10800,4.35,1200,0,1050000
INFY30Jan20800CE.NFO,07/01/2020,14:30:34,4.35,4.3,4800,4.45,8400,1200,1050000
INFY30Jan20800CE.NFO,07/01/2020,14:30:43,4.35,4.3,6000,4.45,2400,0,1050000
INFY30Jan20800CE.NFO,07/01/2020,14:30:51,4.35,4.25,7200,4.45,2400,0,1050000
INFY30Jan20800CE.NFO,07/01/2020,14:30:59,4.35,4.25,7200,4.45,6000,0,1050000
INFY30Jan20800CE.NFO,07/01/2020,14:31:06,4.35,4.25,8400,4.45,2400,0,1050000
INFY30Jan20800CE.NFO,07/01/2020,14:31:13,4.35,4.35,1200,4.5,6000,0,1050000
INFY30Jan20800CE.NFO,07/01/2020,14:31:21,4.35,4.3,2400,4.45,9600,0,1050000
INFY30Jan20800CE.NFO,07/01/2020,14:31:34,4.35,4.25,4800,4.45,9600,0,1050000
INFY30Jan20800CE.NFO,07/01/2020,14:31:48,4.35,4.25,7200,4.45,6000,0,1050000
INFY30Jan20800CE.NFO,07/01/2020,14:32:21,4.35,4.3,6000,4.5,6000,0,1050000
INFY30Jan20800CE.NFO,07/01/2020,14:32:28,4.35,4.35,4800,4.5,6000,0,1050000
INFY30Jan20800CE.NFO,07/01/2020,14:32:34,4.35,4.35,6000,4.5,6000,0,1050000
INFY30Jan20800CE.NFO,07/01/2020,14:32:39,4.35,4.35,6000,4.5,3600,0,1050000
INFY30Jan20800CE.NFO,07/01/2020,14:32:44,4.35,4.35,8400,4.55,7200,0,1050000
INFY30Jan20800CE.NFO,07/01/2020,14:32:54,4.35,4.35,8400,4.55,4800,0,1050000
INFY30Jan20800CE.NFO,07/01/2020,14:33:09,4.35,4.35,7200,4.55,4800,0,1050000
INFY30Jan20800CE.NFO,07/01/2020,14:33:15,4.55,4.35,7200,4.55,3600,1200,1050000
INFY30Jan20800CE.NFO,07/01/2020,14:33:21,4.55,4.35,6000,4.55,3600,0,1050000
INFY30Jan20800CE.NFO,07/01/2020,14:33:27,4.55,4.35,7200,4.6,2400,1200,1047600
INFY30Jan20800CE.NFO,07/01/2020,14:33:45,4.55,4.35,4800,4.6,2400,0,1047600
INFY30Jan20800CE.NFO,07/01/2020,14:33:51,4.55,4.45,1200,4.55,3600,0,1047600
INFY30Jan20800CE.NFO,07/01/2020,14:34:03,4.55,4.45,1200,4.55,6000,0,1047600
