Ticker,Date,Time,LTP,BuyPrice,BuyQty,SellPrice,SellQty,LTQ,OpenInterest
INFY30Jan20780PE.NFO,07/01/2020,09:15:44,52.5,50,1200,52.8,2400,2400,18000
INFY30Jan20780PE.NFO,07/01/2020,09:15:44,52.5,50,1200,52.8,2400,0,18000
INFY30Jan20780PE.NFO,07/01/2020,09:15:44,52.5,50,1200,52.8,2400,0,18000
INFY30Jan20780PE.NFO,07/01/2020,09:15:44,52.5,50,1200,52.8,2400,0,18000
INFY30Jan20780PE.NFO,07/01/2020,09:15:45,52.5,51.05,1200,54.05,1200,0,18000
INFY30Jan20780PE.NFO,07/01/2020,09:15:46,52.5,51.95,1200,55.65,1200,0,18000
INFY30Jan20780PE.NFO,07/01/2020,09:15:48,52.5,52.3,2400,55.6,1200,0,18000
INFY30Jan20780PE.NFO,07/01/2020,09:15:48,52.5,52.3,2400,55.55,1200,0,18000
INFY30Jan20780PE.NFO,07/01/2020,09:15:49,52.5,52.75,1200,55.9,1200,0,18000
INFY30Jan20780PE.NFO,07/01/2020,09:15:50,52.5,51.85,1200,57.3,7200,0,18000
INFY30Jan20780PE.NFO,07/01/2020,09:15:51,52.5,51.4,3600,56.5,1200,0,18000
INFY30Jan20780PE.NFO,07/01/2020,09:15:52,52.5,51.9,2400,56.3,2400,0,18000
INFY30Jan20780PE.NFO,07/01/2020,09:15:53,52.5,52.4,2400,57.3,1200,0,18000
INFY30Jan20780PE.NFO,07/01/2020,09:15:54,52.5,52.8,2400,57.3,1200,0,18000
INFY30Jan20780PE.NFO,07/01/2020,09:15:55,52.5,53.4,2400,57.3,2400,0,18000
INFY30Jan20780PE.NFO,07/01/2020,09:15:56,52.5,53.7,2400,57.2,1200,0,18000
INFY30Jan20780PE.NFO,07/01/2020,09:15:57,52.5,54.55,1200,57.3,1200,0,18000
INFY30Jan20780PE.NFO,07/01/2020,09:15:59,52.5,53,4800,57.3,1200,0,18000
INFY30Jan20780PE.NFO,07/01/2020,09:15:59,52.5,53.95,1200,57.75,1200,0,18000
INFY30Jan20780PE.NFO,07/01/2020,09:16:00,52.5,54.7,2400,57.9,1200,0,18000
INFY30Jan20780PE.NFO,07/01/2020,09:16:01,52.5,54.95,3600,57.95,2400,0,18000
INFY30Jan20780PE.NFO,07/01/2020,09:16:02,52.5,54.7,1200,58.65,3600,0,18000
INFY30Jan20780PE.NFO,07/01/2020,09:16:03,52.5,55.1,1200,59.25,2400,0,18000
INFY30Jan20780PE.NFO,07/01/2020,09:16:04,52.5,55,2400,59.25,2400,0,18000
INFY30Jan20780PE.NFO,07/01/2020,09:16:05,52.5,55.65,1200,59.25,2400,0,18000
INFY30Jan20780PE.NFO,07/01/2020,09:16:06,52.5,55.6,1200,59.25,2400,0,18000
INFY30Jan20780PE.NFO,07/01/2020,09:16:07,52.5,55.45,3600,59.25,2400,0,18000
INFY30Jan20780PE.NFO,07/01/2020,09:16:08,52.5,56.1,1200,59.25,2400,0,18000
INFY30Jan20780PE.NFO,07/01/2020,09:16:10,52.5,56.6,1200,60.75,1200,0,18000
INFY30Jan20780PE.NFO,07/01/2020,09:16:10,52.5,56.85,1200,60.8,2400,0,18000
INFY30Jan20780PE.NFO,07/01/2020,09:16:11,52.5,57,1200,60.75,1200,0,18000
INFY30Jan20780PE.NFO,07/01/2020,09:16:12,52.5,57.65,1200,60.8,2400,0,18000
INFY30Jan20780PE.NFO,07/01/2020,09:16:13,52.5,56.4,1200,60.8,2400,0,18000
INFY30Jan20780PE.NFO,07/01/2020,09:16:14,52.5,56.55,1200,60.75,1200,0,18000
INFY30Jan20780PE.NFO,07/01/2020,09:16:15,52.5,56.35,1200,60.75,1200,0,18000
INFY30Jan20780PE.NFO,07/01/2020,09:16:16,52.5,55.9,1200,60.75,1200,0,18000
INFY30Jan20780PE.NFO,07/01/2020,09:16:17,52.5,55.7,1200,60.75,1200,0,18000
INFY30Jan20780PE.NFO,07/01/2020,09:16:18,52.5,55.1,1200,60.75,1200,0,18000
INFY30Jan20780PE.NFO,07/01/2020,09:16:20,52.5,55.15,1200,58.35,1200,0,18000
INFY30Jan20780PE.NFO,07/01/2020,09:16:20,52.5,54.65,1200,58.35,1200,0,18000
INFY30Jan20780PE.NFO,07/01/2020,09:16:21,52.5,54.85,2400,58.35,1200,0,18000
INFY30Jan20780PE.NFO,07/01/2020,09:16:22,52.5,55.25,2400,60.75,1200,0,18000
INFY30Jan20780PE.NFO,07/01/2020,09:16:23,52.5,55.45,4800,60.75,1200,0,18000
INFY30Jan20780PE.NFO,07/01/2020,09:16:24,52.5,55.65,1200,60.75,1200,0,18000
INFY30Jan20780PE.NFO,07/01/2020,09:16:25,52.5,54.3,2400,57.95,1200,0,18000
INFY30Jan20780PE.NFO,07/01/2020,09:16:26,52.5,54.4,2400,57.95,1200,0,18000
INFY30Jan20780PE.NFO,07/01/2020,09:16:28,52.5,53.5,1200,57.6,1200,0,18000
INFY30Jan20780PE.NFO,07/01/2020,09:16:29,52.5,53.95,1200,57.5,1200,0,18000
INFY30Jan20780PE.NFO,07/01/2020,09:16:30,52.5,53.85,1200,57.2,1200,0,18000
INFY30Jan20780PE.NFO,07/01/2020,09:16:32,52.5,53.8,2400,57,1200,0,18000
INFY30Jan20780PE.NFO,07/01/2020,09:16:33,52.5,53.55,1200,56.9,1200,0,18000
INFY30Jan20780PE.NFO,07/01/2020,09:16:34,52.5,53.7,1200,56.9,1200,0,18000
INFY30Jan20780PE.NFO,07/01/2020,09:16:35,52.5,53.4,1200,56.7,1200,0,18000
INFY30Jan20780PE.NFO,07/01/2020,09:16:36,52.5,53.2,1200,56.6,1200,0,18000
INFY30Jan20780PE.NFO,07/01/2020,09:16:37,52.5,53.4,1200,56.6,1200,0,18000
INFY30Jan20780PE.NFO,07/01/2020,09:16:38,52.5,52.5,2400,56.6,1200,0,18000
INFY30Jan20780PE.NFO,07/01/2020,09:16:39,52.5,52.65,1200,56.2,1200,0,18000
INFY30Jan20780PE.NFO,07/01/2020,09:16:40,52.5,52.35,3600,56.95,3600,0,18000
INFY30Jan20780PE.NFO,07/01/2020,09:16:41,52.5,52.6,2400,56.65,2400,0,18000
INFY30Jan20780PE.NFO,07/01/2020,09:16:42,52.5,51.65,2400,55.65,1200,0,18000
INFY30Jan20780PE.NFO,07/01/2020,09:16:43,52.5,51.7,2400,55.05,1200,0,18000
INFY30Jan20780PE.NFO,07/01/2020,09:16:44,52.5,51.75,2400,56.9,3600,0,18000
INFY30Jan20780PE.NFO,07/01/2020,09:16:45,52.5,51.55,4800,56.7,2400,0,18000
INFY30Jan20780PE.NFO,07/01/2020,09:16:46,52.5,51.65,2400,56.85,1200,0,18000
INFY30Jan20780PE.NFO,07/01/2020,09:16:48,52.5,51.65,2400,55.5,1200,0,18000
INFY30Jan20780PE.NFO,07/01/2020,09:16:48,52.5,51.65,2400,55.25,3600,0,18000
INFY30Jan20780PE.NFO,07/01/2020,09:16:49,52.5,51.65,2400,54.8,1200,0,18000
INFY30Jan20780PE.NFO,07/01/2020,09:16:50,52.5,51.65,2400,54.6,1200,0,18000
INFY30Jan20780PE.NFO,07/01/2020,09:16:51,52.5,50.5,7200,54.4,1200,0,18000
INFY30Jan20780PE.NFO,07/01/2020,09:16:52,52.5,50.7,2400,54.65,1200,0,18000
INFY30Jan20780PE.NFO,07/01/2020,09:16:53,52.5,50.65,1200,54.4,2400,0,18000
INFY30Jan20780PE.NFO,07/01/2020,09:16:54,52.5,50.8,2400,55.15,7200,0,18000
INFY30Jan20780PE.NFO,07/01/2020,09:16:55,52.5,50.65,1200,55.15,7200,0,18000
INFY30Jan20780PE.NFO,07/01/2020,09:16:56,52.5,50.6,2400,54.15,1200,0,18000
INFY30Jan20780PE.NFO,07/01/2020,09:16:57,52.5,50.6,1200,54.05,1200,0,18000
INFY30Jan20780PE.NFO,07/01/2020,09:16:58,52.5,50.6,2400,54.05,1200,0,18000
INFY30Jan20780PE.NFO,07/01/2020,09:16:59,52.5,50.7,3600,54.05,1200,0,18000
INFY30Jan20780PE.NFO,07/01/2020,09:17:01,52.5,50.75,2400,53.95,1200,0,18000
INFY30Jan20780PE.NFO,07/01/2020,09:17:01,52.5,50.55,4800,53.85,1200,0,18000
INFY30Jan20780PE.NFO,07/01/2020,09:17:02,52.5,50.55,4800,53.65,1200,0,18000
INFY30Jan20780PE.NFO,07/01/2020,09:17:03,52.5,50.55,7200,53.25,1200,0,18000
INFY30Jan20780PE.NFO,07/01/2020,09:17:04,52.5,49.65,1200,53.4,1200,0,18000
INFY30Jan20780PE.NFO,07/01/2020,09:17:05,52.5,50.05,2400,53.4,3600,0,18000
INFY30Jan20780PE.NFO,07/01/2020,09:17:06,52.5,50.15,2400,53.3,1200,0,18000
INFY30Jan20780PE.NFO,07/01/2020,09:17:07,52.5,50.3,2400,53.3,1200,0,18000
INFY30Jan20780PE.NFO,07/01/2020,09:17:08,52.5,50.3,4800,53.3,3600,0,18000
INFY30Jan20780PE.NFO,07/01/2020,09:17:09,52.5,50.35,2400,53.3,2400,0,18000
INFY30Jan20780PE.NFO,07/01/2020,09:17:10,52.5,50.45,4800,53.8,2400,0,18000
INFY30Jan20780PE.NFO,07/01/2020,09:17:12,52.5,50.6,3600,53.8,1200,0,18000
INFY30Jan20780PE.NFO,07/01/2020,09:17:12,52.5,50.7,1200,53.85,2400,0,18000
INFY30Jan20780PE.NFO,07/01/2020,09:17:22,52.5,50.9,4800,53.9,1200,0,18000
INFY30Jan20780PE.NFO,07/01/2020,09:17:31,52.5,50.4,1200,52.95,1200,0,18000
INFY30Jan20780PE.NFO,07/01/2020,09:17:41,52.5,49.85,2400,52.55,1200,0,18000
INFY30Jan20780PE.NFO,07/01/2020,09:17:50,52.5,49.85,2400,52.25,1200,0,18000
INFY30Jan20780PE.NFO,07/01/2020,09:18:00,52.5,49.35,2400,52.2,1200,0,18000
INFY30Jan20780PE.NFO,07/01/2020,09:18:08,52.5,49.6,3600,52.35,1200,0,18000
INFY30Jan20780PE.NFO,07/01/2020,09:18:17,52.5,48.9,7200,52.4,3600,0,18000
INFY30Jan20780PE.NFO,07/01/2020,09:18:24,52.5,49.3,3600,52.2,1200,0,18000
INFY30Jan20780PE.NFO,07/01/2020,09:18:31,52.5,49.45,1200,52.35,1200,0,18000
INFY30Jan20780PE.NFO,07/01/2020,09:18:39,52.5,50.05,6000,53.2,6000,0,18000
INFY30Jan20780PE.NFO,07/01/2020,09:18:46,52.5,50.15,1200,53,6000,0,18000
INFY30Jan20780PE.NFO,07/01/2020,09:18:54,52.5,50.35,1200,52.8,1200,0,18000
INFY30Jan20780PE.NFO,07/01/2020,09:19:01,52.5,50.4,1200,53.1,3600,0,18000
INFY30Jan20780PE.NFO,07/01/2020,09:19:08,52.5,50.9,1200,53.4,1200,0,18000
INFY30Jan20780PE.NFO,07/01/2020,09:19:15,52.5,50.9,1200,53.75,3600,0,18000
INFY30Jan20780PE.NFO,07/01/2020,09:19:22,52.5,50.95,1200,53.65,3600,0,18000
INFY30Jan20780PE.NFO,07/01/2020,09:19:29,52.5,50.3,28800,53.8,4800,0,18000
INFY30Jan20780PE.NFO,07/01/2020,09:19:36,52.5,50.3,28800,53.7,1200,0,18000
INFY30Jan20780PE.NFO,07/01/2020,09:19:43,52.5,50.3,24000,53.45,3600,0,18000
INFY30Jan20780PE.NFO,07/01/2020,09:19:50,52.5,50.8,1200,53.35,1200,0,18000
INFY30Jan20780PE.NFO,07/01/2020,09:19:57,52.5,51,1200,53.4,1200,0,18000
INFY30Jan20780PE.NFO,07/01/2020,09:20:02,52.5,49.95,28800,53.3,1200,0,18000
INFY30Jan20780PE.NFO,07/01/2020,09:20:09,52.5,49.95,28800,53.35,1200,0,18000
INFY30Jan20780PE.NFO,07/01/2020,09:20:15,52.5,49.95,28800,53.25,1200,0,18000
INFY30Jan20780PE.NFO,07/01/2020,09:20:22,52.5,49.95,28800,53.4,1200,0,18000
INFY30Jan20780PE.NFO,07/01/2020,09:20:28,52.5,49.95,28800,53.55,1200,0,18000
INFY30Jan20780PE.NFO,07/01/2020,09:20:34,52.5,49.95,28800,53.45,3600,0,18000
INFY30Jan20780PE.NFO,07/01/2020,09:20:41,52.5,49.95,28800,53.3,1200,0,18000
INFY30Jan20780PE.NFO,07/01/2020,09:20:47,52.5,49.95,28800,53.5,1200,0,18000
INFY30Jan20780PE.NFO,07/01/2020,09:21:07,52.5,52,1200,54.45,1200,0,18000
INFY30Jan20780PE.NFO,07/01/2020,09:21:15,52.5,51.8,1200,54.4,1200,0,18000
INFY30Jan20780PE.NFO,07/01/2020,09:21:22,52.5,50.95,6000,54.5,1200,0,18000
INFY30Jan20780PE.NFO,07/01/2020,09:21:29,52.5,50.95,26400,54.4,1200,0,18000
INFY30Jan20780PE.NFO,07/01/2020,09:21:36,52.5,50.95,26400,54.7,1200,0,18000
INFY30Jan20780PE.NFO,07/01/2020,09:21:49,52.5,51.95,1200,54.6,1200,0,18000
INFY30Jan20780PE.NFO,07/01/2020,09:21:55,52.5,52.2,1200,55,1200,0,18000
INFY30Jan20780PE.NFO,07/01/2020,09:22:02,52.5,51.45,6000,54.5,1200,0,18000
INFY30Jan20780PE.NFO,07/01/2020,09:22:08,52.5,51.85,1200,54.5,1200,0,18000
INFY30Jan20780PE.NFO,07/01/2020,09:22:16,52.5,52.5,1200,55.3,1200,0,18000
INFY30Jan20780PE.NFO,07/01/2020,09:22:22,52.5,52.5,2400,55.35,1200,0,18000
INFY30Jan20780PE.NFO,07/01/2020,09:22:29,52.5,52.15,3600,55.15,1200,0,18000
INFY30Jan20780PE.NFO,07/01/2020,09:22:36,52.5,52.1,1200,54.85,1200,0,18000
INFY30Jan20780PE.NFO,07/01/2020,09:22:42,52.5,51.65,2400,54.5,1200,0,18000
INFY30Jan20780PE.NFO,07/01/2020,09:22:48,52.5,51.45,3600,54.3,1200,0,18000
INFY30Jan20780PE.NFO,07/01/2020,09:22:55,52.5,51.5,1200,54.25,1200,0,18000
INFY30Jan20780PE.NFO,07/01/2020,09:23:01,52.5,52,1200,55,1200,0,18000
INFY30Jan20780PE.NFO,07/01/2020,09:23:07,52.5,52.2,6000,54.75,1200,0,18000
INFY30Jan20780PE.NFO,07/01/2020,09:23:13,52.5,52.4,1200,54.75,1200,0,18000
INFY30Jan20780PE.NFO,07/01/2020,09:23:19,52.5,52.5,1200,54.95,1200,0,18000
INFY30Jan20780PE.NFO,07/01/2020,09:23:25,52.5,52.4,1200,54.95,1200,0,18000
INFY30Jan20780PE.NFO,07/01/2020,09:23:31,52.5,52.25,2400,54.85,1200,0,18000
INFY30Jan20780PE.NFO,07/01/2020,09:23:37,52.5,52,1200,54.45,1200,0,18000
INFY30Jan20780PE.NFO,07/01/2020,09:23:43,52.5,52,1200,54.35,1200,0,18000
INFY30Jan20780PE.NFO,07/01/2020,09:23:49,52.5,51.75,1200,54.25,1200,0,18000
INFY30Jan20780PE.NFO,07/01/2020,09:23:55,52.5,51.75,1200,53.95,1200,0,18000
INFY30Jan20780PE.NFO,07/01/2020,09:24:01,52.5,50.95,2400,53.55,1200,0,18000
INFY30Jan20780PE.NFO,07/01/2020,09:24:07,52.5,51.3,1200,53.55,1200,0,18000
INFY30Jan20780PE.NFO,07/01/2020,09:24:13,52.5,51.35,1200,54.05,1200,0,18000
INFY30Jan20780PE.NFO,07/01/2020,09:24:19,52.5,51.2,3600,53.9,1200,0,18000
INFY30Jan20780PE.NFO,07/01/2020,09:24:24,52.5,52.15,3600,54.65,1200,0,18000
INFY30Jan20780PE.NFO,07/01/2020,09:24:30,52.5,52.2,1200,54.65,1200,0,18000
INFY30Jan20780PE.NFO,07/01/2020,09:24:36,52.5,51.9,3600,54.65,1200,0,18000
INFY30Jan20780PE.NFO,07/01/2020,09:24:41,52.5,51.8,1200,54.45,3600,0,18000
INFY30Jan20780PE.NFO,07/01/2020,09:24:47,52.5,51.7,1200,54.25,1200,0,18000
INFY30Jan20780PE.NFO,07/01/2020,09:24:52,52.5,51.35,1200,53.95,1200,0,18000
INFY30Jan20780PE.NFO,07/01/2020,09:25:04,52.5,51,1200,53.75,1200,0,18000
INFY30Jan20780PE.NFO,07/01/2020,09:25:10,52.5,51.15,1200,53.55,1200,0,18000
INFY30Jan20780PE.NFO,07/01/2020,09:25:16,52.5,50.7,1200,53.3,1200,0,18000
INFY30Jan20780PE.NFO,07/01/2020,09:25:23,52.5,50.75,1200,53.2,1200,0,18000
INFY30Jan20780PE.NFO,07/01/2020,09:25:29,52.5,50.8,1200,53.2,1200,0,18000
INFY30Jan20780PE.NFO,07/01/2020,09:25:35,52.5,50.65,1200,53.3,1200,0,18000
INFY30Jan20780PE.NFO,07/01/2020,09:25:41,52.5,50.8,1200,53.3,1200,0,18000
INFY30Jan20780PE.NFO,07/01/2020,09:25:48,52.5,50.2,3600,53.15,3600,0,18000
INFY30Jan20780PE.NFO,07/01/2020,09:26:02,52.5,50.7,1200,53.4,1200,0,18000
INFY30Jan20780PE.NFO,07/01/2020,09:26:09,52.5,51,1200,53.65,1200,0,18000
INFY30Jan20780PE.NFO,07/01/2020,09:26:16,52.5,51,1200,53.55,1200,0,18000
INFY30Jan20780PE.NFO,07/01/2020,09:26:28,52.5,50.75,1200,53.35,1200,0,18000
INFY30Jan20780PE.NFO,07/01/2020,09:26:45,52.5,50.95,1200,53.25,1200,0,18000
INFY30Jan20780PE.NFO,07/01/2020,09:26:51,52.5,50.5,1200,52.95,1200,0,18000
INFY30Jan20780PE.NFO,07/01/2020,09:27:02,52.5,50.3,1200,52.75,1200,0,18000
INFY30Jan20780PE.NFO,07/01/2020,09:27:08,52.5,50.1,1200,52.55,1200,0,18000
INFY30Jan20780PE.NFO,07/01/2020,09:27:13,52.5,49.8,14400,52.55,1200,0,18000
INFY30Jan20780PE.NFO,07/01/2020,09:27:18,52.5,50.15,1200,52.55,1200,0,18000
INFY30Jan20780PE.NFO,07/01/2020,09:27:24,52.5,50.1,1200,52.55,1200,0,18000
INFY30Jan20780PE.NFO,07/01/2020,09:27:30,52.5,50.1,3600,52.55,1200,0,18000
INFY30Jan20780PE.NFO,07/01/2020,09:27:36,52.5,50.15,1200,52.55,1200,0,18000
INFY30Jan20780PE.NFO,07/01/2020,09:27:42,52.5,50.1,1200,52.55,1200,0,18000
INFY30Jan20780PE.NFO,07/01/2020,09:27:48,52.5,50.3,3600,52.95,1200,0,18000
INFY30Jan20780PE.NFO,07/01/2020,09:27:55,52.5,50.3,1200,52.75,1200,0,18000
INFY30Jan20780PE.NFO,07/01/2020,09:28:09,52.5,50.1,3600,52.55,1200,0,18000
INFY30Jan20780PE.NFO,07/01/2020,09:28:15,52.5,50.1,1200,52.45,1200,0,18000
INFY30Jan20780PE.NFO,07/01/2020,09:28:20,52.5,49.9,1200,52.45,1200,0,18000
INFY30Jan20780PE.NFO,07/01/2020,09:28:25,52.5,49.9,1200,52.25,1200,0,18000
INFY30Jan20780PE.NFO,07/01/2020,09:28:31,52.5,49.5,3600,52.05,1200,0,18000
INFY30Jan20780PE.NFO,07/01/2020,09:28:37,52.5,49.6,3600,52.05,1200,0,18000
INFY30Jan20780PE.NFO,07/01/2020,09:28:42,52.5,49.6,1200,52.05,1200,0,18000
INFY30Jan20780PE.NFO,07/01/2020,09:28:47,52.5,49.4,3600,51.85,1200,0,18000
INFY30Jan20780PE.NFO,07/01/2020,09:28:58,52.5,49.4,4800,51.65,1200,0,18000
INFY30Jan20780PE.NFO,07/01/2020,09:29:03,52.5,49.75,1200,52.5,1200,0,18000
INFY30Jan20780PE.NFO,07/01/2020,09:29:09,52.5,50,3600,52.5,1200,0,18000
INFY30Jan20780PE.NFO,07/01/2020,09:29:15,52.5,50.05,3600,52.5,1200,0,18000
INFY30Jan20780PE.NFO,07/01/2020,09:29:20,52.5,49.95,3600,52.5,1200,0,18000
INFY30Jan20780PE.NFO,07/01/2020,09:29:26,52.5,50.05,3600,52.5,1200,0,18000
INFY30Jan20780PE.NFO,07/01/2020,09:29:32,52.5,49,19200,52.5,1200,0,18000
INFY30Jan20780PE.NFO,07/01/2020,09:29:38,52.5,49.95,1200,52.4,1200,0,18000
INFY30Jan20780PE.NFO,07/01/2020,09:29:43,52.5,49.75,3600,52.2,1200,0,18000
INFY30Jan20780PE.NFO,07/01/2020,09:30:21,52.5,50.25,1200,52.7,1200,0,18000
INFY30Jan20780PE.NFO,07/01/2020,09:30:26,52.5,50.1,3600,52.6,1200,0,18000
INFY30Jan20780PE.NFO,07/01/2020,09:30:31,52.5,50.2,3600,52.6,1200,0,18000
INFY30Jan20780PE.NFO,07/01/2020,09:30:45,52.5,50.3,1200,52.6,1200,0,18000
INFY30Jan20780PE.NFO,07/01/2020,09:30:55,52.5,49.9,6000,52.6,1200,0,18000
INFY30Jan20780PE.NFO,07/01/2020,09:31:00,52.5,50,3600,52.6,1200,0,18000
INFY30Jan20780PE.NFO,07/01/2020,09:31:06,52.5,50,3600,52.5,1200,0,18000
INFY30Jan20780PE.NFO,07/01/2020,09:31:12,52.5,50,1200,52.3,1200,0,18000
INFY30Jan20780PE.NFO,07/01/2020,09:31:18,52.5,49.6,1200,52.1,1200,0,18000
INFY30Jan20780PE.NFO,07/01/2020,09:31:24,52.5,49.4,1200,51.9,1200,0,18000
INFY30Jan20780PE.NFO,07/01/2020,09:31:30,52.5,49.2,1200,51.9,1200,0,18000
INFY30Jan20780PE.NFO,07/01/2020,09:31:35,52.5,49.45,1200,51.95,3600,0,18000
INFY30Jan20780PE.NFO,07/01/2020,09:31:41,52.5,49.3,2400,51.75,1200,0,18000
INFY30Jan20780PE.NFO,07/01/2020,09:31:47,52.5,49.3,1200,51.65,1200,0,18000
INFY30Jan20780PE.NFO,07/01/2020,09:31:52,52.5,49.25,1200,51.65,1200,0,18000
INFY30Jan20780PE.NFO,07/01/2020,09:32:03,52.5,49.25,1200,51.45,1200,0,18000
INFY30Jan20780PE.NFO,07/01/2020,09:32:08,52.5,49,1200,51.25,1200,0,18000
INFY30Jan20780PE.NFO,07/01/2020,09:32:20,52.5,48.35,2400,51.15,1200,0,18000
INFY30Jan20780PE.NFO,07/01/2020,09:32:26,52.5,48.55,3600,51.15,1200,0,18000
INFY30Jan20780PE.NFO,07/01/2020,09:32:32,52.5,48.65,1200,51.05,1200,0,18000
INFY30Jan20780PE.NFO,07/01/2020,09:32:37,52.5,48.45,1200,50.95,1200,0,18000
INFY30Jan20780PE.NFO,07/01/2020,09:32:43,52.5,48.25,2400,50.7,1200,0,18000
INFY30Jan20780PE.NFO,07/01/2020,09:32:49,52.5,48.6,3600,51.1,1200,0,18000
INFY30Jan20780PE.NFO,07/01/2020,09:32:55,52.5,48.6,1200,51,1200,0,18000
INFY30Jan20780PE.NFO,07/01/2020,09:33:00,52.5,48.4,3600,50.85,1200,0,18000
INFY30Jan20780PE.NFO,07/01/2020,09:33:06,52.5,48.2,3600,50.7,1200,0,18000
INFY30Jan20780PE.NFO,07/01/2020,09:33:12,52.5,48.4,3600,50.7,1200,0,18000
INFY30Jan20780PE.NFO,07/01/2020,09:33:17,52.5,48.4,3600,50.95,1200,0,18000
INFY30Jan20780PE.NFO,07/01/2020,09:33:23,52.5,48.5,1200,50.95,1200,0,18000
INFY30Jan20780PE.NFO,07/01/2020,09:33:28,52.5,48.5,1200,50.75,1200,0,18000
INFY30Jan20780PE.NFO,07/01/2020,09:33:33,52.5,48.5,3600,50.9,1200,0,18000
INFY30Jan20780PE.NFO,07/01/2020,09:33:38,52.5,48.5,1200,50.8,1200,0,18000
INFY30Jan20780PE.NFO,07/01/2020,09:34:28,52.5,48.2,1200,50.7,1200,0,18000
INFY30Jan20780PE.NFO,07/01/2020,09:34:34,52.5,48.3,3600,50.6,1200,0,18000
INFY30Jan20780PE.NFO,07/01/2020,09:34:40,52.5,48.3,1200,50.6,1200,0,18000
INFY30Jan20780PE.NFO,07/01/2020,09:34:46,52.5,48.1,1200,50.5,1200,0,18000
INFY30Jan20780PE.NFO,07/01/2020,09:34:51,52.5,47.55,15600,50.3,1200,0,18000
INFY30Jan20780PE.NFO,07/01/2020,09:34:56,52.5,47.9,3600,50.2,1200,0,18000
INFY30Jan20780PE.NFO,07/01/2020,09:35:02,52.5,47.65,3600,50.1,1200,0,18000
INFY30Jan20780PE.NFO,07/01/2020,09:35:13,52.5,47.65,3600,50.45,1200,0,18000
INFY30Jan20780PE.NFO,07/01/2020,09:35:17,52.5,47.65,3600,50.1,1200,0,18000
INFY30Jan20780PE.NFO,07/01/2020,09:35:22,52.5,48.05,3600,50.6,1200,0,18000
INFY30Jan20780PE.NFO,07/01/2020,09:35:27,52.5,48.05,3600,50.5,1200,0,18000
INFY30Jan20780PE.NFO,07/01/2020,09:35:31,52.5,48.25,1200,50.8,1200,0,18000
INFY30Jan20780PE.NFO,07/01/2020,09:35:37,52.5,48.4,2400,50.7,1200,0,18000
INFY30Jan20780PE.NFO,07/01/2020,09:35:43,52.5,48.6,1200,51.05,1200,0,18000
INFY30Jan20780PE.NFO,07/01/2020,09:35:50,52.5,48.5,1200,50.85,1200,0,18000
INFY30Jan20780PE.NFO,07/01/2020,09:35:56,52.5,48.25,3600,50.75,1200,0,18000
INFY30Jan20780PE.NFO,07/01/2020,09:36:01,52.5,48.25,1200,50.75,1200,0,18000
INFY30Jan20780PE.NFO,07/01/2020,09:36:07,52.5,48.05,1200,50.65,1200,0,18000
INFY30Jan20780PE.NFO,07/01/2020,09:36:12,52.5,47.75,1200,50.35,1200,0,18000
INFY30Jan20780PE.NFO,07/01/2020,09:36:24,52.5,47.95,1200,50.25,1200,0,18000
INFY30Jan20780PE.NFO,07/01/2020,09:36:29,52.5,47.95,1200,50.45,1200,0,18000
INFY30Jan20780PE.NFO,07/01/2020,09:36:38,52.5,47.95,1200,50.35,1200,0,18000
INFY30Jan20780PE.NFO,07/01/2020,09:36:47,52.5,48.15,1200,50.75,1200,0,18000
INFY30Jan20780PE.NFO,07/01/2020,09:36:52,52.5,48.15,1200,50.5,1200,0,18000
INFY30Jan20780PE.NFO,07/01/2020,09:37:15,52.5,48.35,1200,50.5,1200,0,18000
INFY30Jan20780PE.NFO,07/01/2020,09:37:19,52.5,48.35,1200,50.8,1200,0,18000
INFY30Jan20780PE.NFO,07/01/2020,09:37:24,52.5,48.05,1200,50.6,1200,0,18000
INFY30Jan20780PE.NFO,07/01/2020,09:37:34,52.5,48.25,1200,50.5,1200,0,18000
INFY30Jan20780PE.NFO,07/01/2020,09:37:38,52.5,47.9,15600,50.5,1200,0,18000
INFY30Jan20780PE.NFO,07/01/2020,09:37:42,52.5,47.9,18000,50.5,1200,0,18000
INFY30Jan20780PE.NFO,07/01/2020,09:37:46,52.5,48.1,1200,50.5,1200,0,18000
INFY30Jan20780PE.NFO,07/01/2020,09:37:58,52.5,48.2,1200,50.65,1200,0,18000
INFY30Jan20780PE.NFO,07/01/2020,09:38:12,52.5,48.3,1200,50.65,1200,0,18000
INFY30Jan20780PE.NFO,07/01/2020,09:38:24,52.5,48.4,1200,50.65,1200,0,18000
INFY30Jan20780PE.NFO,07/01/2020,09:38:51,52.5,48.5,1200,50.9,1200,0,18000
INFY30Jan20780PE.NFO,07/01/2020,09:39:03,52.5,48.5,1200,50.8,1200,0,18000
INFY30Jan20780PE.NFO,07/01/2020,09:39:12,52.5,48.5,1200,51.1,1200,0,18000
INFY30Jan20780PE.NFO,07/01/2020,09:39:16,52.5,48.5,1200,51,1200,0,18000
INFY30Jan20780PE.NFO,07/01/2020,09:39:21,52.5,48,1200,50.8,3600,0,18000
INFY30Jan20780PE.NFO,07/01/2020,09:39:26,52.5,48.1,1200,50.6,1200,0,18000
INFY30Jan20780PE.NFO,07/01/2020,09:39:31,52.5,48.15,2400,50.45,1200,0,18000
INFY30Jan20780PE.NFO,07/01/2020,09:39:35,52.5,48,1200,50.65,1200,0,18000
INFY30Jan20780PE.NFO,07/01/2020,09:39:39,52.5,48.05,1200,50.55,1200,0,18000
INFY30Jan20780PE.NFO,07/01/2020,09:39:43,52.5,48.15,1200,50.55,1200,0,18000
INFY30Jan20780PE.NFO,07/01/2020,09:39:55,52.5,48.15,1200,50.35,1200,0,18000
INFY30Jan20780PE.NFO,07/01/2020,09:39:59,52.5,48.15,1200,50.5,1200,0,18000
INFY30Jan20780PE.NFO,07/01/2020,09:40:04,52.5,47.8,1200,50.4,1200,0,18000
INFY30Jan20780PE.NFO,07/01/2020,09:40:09,52.5,47.85,1200,50.4,1200,0,18000
INFY30Jan20780PE.NFO,07/01/2020,09:40:14,52.5,47.95,1200,50.4,1200,0,18000
INFY30Jan20780PE.NFO,07/01/2020,09:40:19,52.5,47.7,1200,50.35,1200,0,18000
INFY30Jan20780PE.NFO,07/01/2020,09:40:25,52.5,47.75,1200,50.2,1200,0,18000
INFY30Jan20780PE.NFO,07/01/2020,09:40:30,52.5,47.75,1200,50.1,1200,0,18000
INFY30Jan20780PE.NFO,07/01/2020,09:40:34,52.5,47.5,1200,50.1,1200,0,18000
INFY30Jan20780PE.NFO,07/01/2020,09:40:53,52.5,47.4,1200,50,1200,0,18000
INFY30Jan20780PE.NFO,07/01/2020,09:40:58,52.5,47.6,1200,50,1200,0,18000
INFY30Jan20780PE.NFO,07/01/2020,09:41:03,52.5,47.25,1200,49.7,1200,0,18000
INFY30Jan20780PE.NFO,07/01/2020,09:41:09,52.5,47.5,1200,49.7,1200,0,18000
INFY30Jan20780PE.NFO,07/01/2020,09:41:14,52.5,47.45,1200,49.7,1200,0,18000
INFY30Jan20780PE.NFO,07/01/2020,09:41:18,52.5,47.55,1200,49.7,1200,0,18000
INFY30Jan20780PE.NFO,07/01/2020,09:41:23,52.5,47.6,1200,49.7,1200,0,18000
INFY30Jan20780PE.NFO,07/01/2020,09:41:28,52.5,47.55,2400,49.7,1200,0,18000
INFY30Jan20780PE.NFO,07/01/2020,09:41:32,52.5,47.35,1200,49.6,1200,0,18000
INFY30Jan20780PE.NFO,07/01/2020,09:41:47,52.5,47.4,2400,49.5,1200,0,18000
INFY30Jan20780PE.NFO,07/01/2020,09:41:52,52.5,47.15,1200,49.4,1200,0,18000
INFY30Jan20780PE.NFO,07/01/2020,09:41:59,52.5,47.4,2400,49.4,1200,0,18000
INFY30Jan20780PE.NFO,07/01/2020,09:42:05,52.5,47,1200,49.4,1200,0,18000
INFY30Jan20780PE.NFO,07/01/2020,09:42:12,52.5,46.8,6000,49.3,1200,0,18000
INFY30Jan20780PE.NFO,07/01/2020,09:42:18,52.5,46.9,1200,49.3,1200,0,18000
INFY30Jan20780PE.NFO,07/01/2020,09:42:25,52.5,47.2,1200,49.3,1200,0,18000
INFY30Jan20780PE.NFO,07/01/2020,09:42:39,52.5,47,1200,49.3,1200,0,18000
INFY30Jan20780PE.NFO,07/01/2020,09:42:45,52.5,46.7,2400,49.3,1200,0,18000
INFY30Jan20780PE.NFO,07/01/2020,09:42:52,52.5,47.1,1200,49.3,1200,0,18000
INFY30Jan20780PE.NFO,07/01/2020,09:42:58,52.5,46.7,1200,49.2,1200,0,18000
INFY30Jan20780PE.NFO,07/01/2020,09:43:04,52.5,46.75,2400,49.2,1200,0,18000
INFY30Jan20780PE.NFO,07/01/2020,09:43:09,52.5,46.8,1200,49.05,1200,0,18000
INFY30Jan20780PE.NFO,07/01/2020,09:43:15,52.5,46.5,1200,48.85,1200,0,18000
INFY30Jan20780PE.NFO,07/01/2020,09:43:20,52.5,46.4,1200,48.65,1200,0,18000
INFY30Jan20780PE.NFO,07/01/2020,09:43:25,52.5,46.4,1200,48.9,1200,0,18000
INFY30Jan20780PE.NFO,07/01/2020,09:43:30,52.5,46,1200,48.8,1200,0,18000
INFY30Jan20780PE.NFO,07/01/2020,09:43:35,52.5,46.05,1200,48.6,1200,0,18000
INFY30Jan20780PE.NFO,07/01/2020,09:43:40,52.5,46.1,1200,48.5,1200,0,18000
INFY30Jan20780PE.NFO,07/01/2020,09:43:45,52.5,45.7,1200,48.25,1200,0,18000
INFY30Jan20780PE.NFO,07/01/2020,09:43:49,52.5,46.1,1200,48.25,1200,0,18000
INFY30Jan20780PE.NFO,07/01/2020,09:43:54,52.5,46,1200,48.15,1200,0,18000
INFY30Jan20780PE.NFO,07/01/2020,09:43:58,52.5,46,1200,48.25,1200,0,18000
INFY30Jan20780PE.NFO,07/01/2020,09:44:03,52.5,45.15,1200,47.95,1200,0,18000
INFY30Jan20780PE.NFO,07/01/2020,09:44:09,52.5,45.2,1200,47.7,1200,0,18000
INFY30Jan20780PE.NFO,07/01/2020,09:44:14,52.5,44.55,1200,47.5,1200,0,18000
INFY30Jan20780PE.NFO,07/01/2020,09:44:19,52.5,44.7,1200,47.45,1200,0,18000
INFY30Jan20780PE.NFO,07/01/2020,09:44:24,52.5,45.4,1200,47.95,1200,0,18000
INFY30Jan20780PE.NFO,07/01/2020,09:44:30,52.5,45.25,1200,47.95,1200,0,18000
INFY30Jan20780PE.NFO,07/01/2020,09:44:35,52.5,44.65,1200,47.85,1200,0,18000
INFY30Jan20780PE.NFO,07/01/2020,09:44:41,52.5,44.75,1200,47.55,1200,0,18000
INFY30Jan20780PE.NFO,07/01/2020,09:44:46,52.5,45.35,1200,47.8,1200,0,18000
INFY30Jan20780PE.NFO,07/01/2020,09:44:51,52.5,44.7,1200,48,1200,0,18000
INFY30Jan20780PE.NFO,07/01/2020,09:44:55,52.5,45.4,1200,47.9,1200,0,18000
INFY30Jan20780PE.NFO,07/01/2020,09:45:00,52.5,45.6,1200,47.9,1200,0,18000
INFY30Jan20780PE.NFO,07/01/2020,09:45:06,52.5,45.5,1200,47.8,1200,0,18000
INFY30Jan20780PE.NFO,07/01/2020,09:45:13,52.5,45.4,1200,47.95,1200,0,18000
INFY30Jan20780PE.NFO,07/01/2020,09:45:19,52.5,44.95,1200,48.4,2400,0,18000
INFY30Jan20780PE.NFO,07/01/2020,09:45:25,52.5,45.9,6000,48.4,1200,0,18000
INFY30Jan20780PE.NFO,07/01/2020,09:45:32,52.5,45.5,6000,48.5,1200,0,18000
INFY30Jan20780PE.NFO,07/01/2020,09:45:38,52.5,45.3,1200,48,1200,0,18000
INFY30Jan20780PE.NFO,07/01/2020,09:45:44,52.5,45.15,1200,48,1200,0,18000
INFY30Jan20780PE.NFO,07/01/2020,09:45:49,52.5,45.65,1200,47.9,1200,0,18000
INFY30Jan20780PE.NFO,07/01/2020,09:45:55,52.5,44.7,1200,47.8,1200,0,18000
INFY30Jan20780PE.NFO,07/01/2020,09:46:00,52.5,45.5,1200,47.7,1200,0,18000
INFY30Jan20780PE.NFO,07/01/2020,09:46:06,52.5,44.65,1200,47.9,1200,0,18000
INFY30Jan20780PE.NFO,07/01/2020,09:46:11,52.5,45.4,1200,47.9,1200,0,18000
INFY30Jan20780PE.NFO,07/01/2020,09:46:16,52.5,45.35,1200,48.4,3600,0,18000
INFY30Jan20780PE.NFO,07/01/2020,09:46:21,52.5,45.75,1200,48.3,1200,0,18000
INFY30Jan20780PE.NFO,07/01/2020,09:46:26,52.5,45.6,1200,48.2,1200,0,18000
INFY30Jan20780PE.NFO,07/01/2020,09:46:31,52.5,45.05,1200,48.2,1200,0,18000
INFY30Jan20780PE.NFO,07/01/2020,09:46:36,52.5,46.15,1200,48.5,1200,0,18000
INFY30Jan20780PE.NFO,07/01/2020,09:46:41,52.5,46.45,1200,48.9,1200,0,18000
INFY30Jan20780PE.NFO,07/01/2020,09:46:46,52.5,46.55,1200,48.9,1200,0,18000
INFY30Jan20780PE.NFO,07/01/2020,09:46:50,52.5,46.7,2400,48.9,1200,0,18000
INFY30Jan20780PE.NFO,07/01/2020,09:46:54,52.5,46.25,1200,48.9,1200,0,18000
INFY30Jan20780PE.NFO,07/01/2020,09:46:59,52.5,45.85,1200,49.15,1200,0,18000
INFY30Jan20780PE.NFO,07/01/2020,09:47:03,52.5,46.75,1200,49.15,1200,0,18000
INFY30Jan20780PE.NFO,07/01/2020,09:47:08,52.5,47.1,1200,49.5,1200,0,18000
INFY30Jan20780PE.NFO,07/01/2020,09:47:13,52.5,47.2,1200,49.5,1200,0,18000
INFY30Jan20780PE.NFO,07/01/2020,09:47:16,52.5,47.1,1200,49.3,1200,0,18000
INFY30Jan20780PE.NFO,07/01/2020,09:47:30,52.5,47.15,1200,49.5,1200,0,18000
INFY30Jan20780PE.NFO,07/01/2020,09:47:39,52.5,46.25,1200,49.15,1200,0,18000
INFY30Jan20780PE.NFO,07/01/2020,09:47:43,52.5,46.6,1200,49.15,1200,0,18000
INFY30Jan20780PE.NFO,07/01/2020,09:47:47,52.5,46.45,1200,48.95,3600,0,18000
INFY30Jan20780PE.NFO,07/01/2020,09:47:51,52.5,45.6,1200,48.95,1200,0,18000
INFY30Jan20780PE.NFO,07/01/2020,09:47:56,52.5,46.6,1200,49.3,1200,0,18000
INFY30Jan20780PE.NFO,07/01/2020,09:48:04,52.5,46.9,1200,49.4,1200,0,18000
INFY30Jan20780PE.NFO,07/01/2020,09:48:07,52.5,46.75,1200,49.3,3600,0,18000
INFY30Jan20780PE.NFO,07/01/2020,09:48:11,52.5,46.85,1200,49.1,1200,0,18000
INFY30Jan20780PE.NFO,07/01/2020,09:48:15,52.5,46.55,3600,49,1200,0,18000
INFY30Jan20780PE.NFO,07/01/2020,09:48:19,52.5,46.7,1200,48.9,1200,0,18000
INFY30Jan20780PE.NFO,07/01/2020,09:48:23,52.5,46.5,4800,48.9,1200,0,18000
INFY30Jan20780PE.NFO,07/01/2020,09:48:27,52.5,45.75,8400,48.9,1200,0,18000
INFY30Jan20780PE.NFO,07/01/2020,09:48:31,52.5,46.6,1200,48.9,1200,0,18000
INFY30Jan20780PE.NFO,07/01/2020,09:48:40,52.5,46.05,1200,48.8,1200,0,18000
INFY30Jan20780PE.NFO,07/01/2020,09:48:44,52.5,45.6,1200,48.6,1200,0,18000
INFY30Jan20780PE.NFO,07/01/2020,09:48:49,52.5,45.1,1200,48.5,1200,0,18000
INFY30Jan20780PE.NFO,07/01/2020,09:48:53,52.5,45.7,1200,48.5,1200,0,18000
INFY30Jan20780PE.NFO,07/01/2020,09:48:56,52.5,45.95,1200,48.5,1200,0,18000
INFY30Jan20780PE.NFO,07/01/2020,09:49:00,52.5,46.45,1200,48.9,1200,0,18000
INFY30Jan20780PE.NFO,07/01/2020,09:49:05,52.5,46.25,1200,48.9,1200,0,18000
INFY30Jan20780PE.NFO,07/01/2020,09:49:09,52.5,46.75,1200,49.15,1200,0,18000
INFY30Jan20780PE.NFO,07/01/2020,09:49:14,52.5,46.15,1200,48.85,1200,0,18000
INFY30Jan20780PE.NFO,07/01/2020,09:49:19,52.5,46.55,1200,48.85,1200,0,18000
INFY30Jan20780PE.NFO,07/01/2020,09:49:25,52.5,46.1,1200,48.55,1200,0,18000
INFY30Jan20780PE.NFO,07/01/2020,09:49:31,52.5,46.2,1200,48.55,1200,0,18000
INFY30Jan20780PE.NFO,07/01/2020,09:49:47,52.5,45.4,1200,49.1,13200,0,18000
INFY30Jan20780PE.NFO,07/01/2020,09:49:52,52.5,46.25,1200,48.8,1200,0,18000
INFY30Jan20780PE.NFO,07/01/2020,09:49:56,52.5,46.05,1200,48.5,1200,0,18000
INFY30Jan20780PE.NFO,07/01/2020,09:50:01,52.5,46.05,1200,48.3,1200,0,18000
INFY30Jan20780PE.NFO,07/01/2020,09:50:06,52.5,45.9,1200,48.3,1200,0,18000
INFY30Jan20780PE.NFO,07/01/2020,09:50:12,52.5,45.05,1200,48.3,1200,0,18000
INFY30Jan20780PE.NFO,07/01/2020,09:50:17,52.5,45.4,1200,48.3,1200,0,18000
INFY30Jan20780PE.NFO,07/01/2020,09:50:22,52.5,45.4,1200,48.2,1200,0,18000
INFY30Jan20780PE.NFO,07/01/2020,09:50:27,52.5,45.75,1200,48.4,1200,0,18000
INFY30Jan20780PE.NFO,07/01/2020,09:50:32,52.5,45.15,1200,48.3,1200,0,18000
INFY30Jan20780PE.NFO,07/01/2020,09:50:36,52.5,45.6,1200,48.3,1200,0,18000
INFY30Jan20780PE.NFO,07/01/2020,09:50:42,52.5,45.45,1200,48.3,1200,0,18000
INFY30Jan20780PE.NFO,07/01/2020,09:50:48,52.5,46,2400,48.3,1200,0,18000
INFY30Jan20780PE.NFO,07/01/2020,09:50:58,52.5,46.1,1200,48.3,1200,0,18000
INFY30Jan20780PE.NFO,07/01/2020,09:51:07,52.5,45.45,1200,48.5,1200,0,18000
INFY30Jan20780PE.NFO,07/01/2020,09:51:13,52.5,46.3,1200,48.8,1200,0,18000
INFY30Jan20780PE.NFO,07/01/2020,09:51:18,52.5,46.45,2400,48.7,1200,0,18000
INFY30Jan20780PE.NFO,07/01/2020,09:51:29,52.5,46.45,1200,48.7,1200,0,18000
INFY30Jan20780PE.NFO,07/01/2020,09:51:38,52.5,46.25,3600,48.6,1200,0,18000
INFY30Jan20780PE.NFO,07/01/2020,09:51:43,52.5,46.2,3600,48.6,1200,0,18000
INFY30Jan20780PE.NFO,07/01/2020,09:51:48,52.5,46.35,1200,48.6,1200,0,18000
INFY30Jan20780PE.NFO,07/01/2020,09:52:04,52.5,46.05,4800,48.6,1200,0,18000
INFY30Jan20780PE.NFO,07/01/2020,09:52:08,52.5,46.2,2400,48.6,1200,0,18000
INFY30Jan20780PE.NFO,07/01/2020,09:52:11,52.5,46.25,1200,48.6,1200,0,18000
INFY30Jan20780PE.NFO,07/01/2020,09:52:16,52.5,45.8,12000,48.5,1200,0,18000
INFY30Jan20780PE.NFO,07/01/2020,09:52:20,52.5,46.1,1200,48.5,1200,0,18000
INFY30Jan20780PE.NFO,07/01/2020,09:52:35,52.5,45.75,1200,48.5,1200,0,18000
INFY30Jan20780PE.NFO,07/01/2020,09:52:39,52.5,46.15,1200,48.75,1200,0,18000
INFY30Jan20780PE.NFO,07/01/2020,09:52:44,52.5,46.1,1200,48.65,1200,0,18000
INFY30Jan20780PE.NFO,07/01/2020,09:52:52,52.5,46.25,2400,48.55,1200,0,18000
INFY30Jan20780PE.NFO,07/01/2020,09:52:55,52.5,46,2400,48.25,1200,0,18000
INFY30Jan20780PE.NFO,07/01/2020,09:53:04,52.5,45.95,1200,48.25,1200,0,18000
INFY30Jan20780PE.NFO,07/01/2020,09:53:10,52.5,45.9,1200,48,1200,0,18000
INFY30Jan20780PE.NFO,07/01/2020,09:53:15,52.5,46.05,1200,48.45,1200,0,18000
INFY30Jan20780PE.NFO,07/01/2020,09:53:20,52.5,45.8,1200,48.25,1200,0,18000
INFY30Jan20780PE.NFO,07/01/2020,09:53:26,52.5,45.95,2400,48.25,1200,0,18000
INFY30Jan20780PE.NFO,07/01/2020,09:53:31,52.5,45.95,1200,48.15,1200,0,18000
INFY30Jan20780PE.NFO,07/01/2020,09:53:41,52.5,45.6,1200,48.15,1200,0,18000
INFY30Jan20780PE.NFO,07/01/2020,09:53:46,52.5,45.75,2400,48.05,1200,0,18000
INFY30Jan20780PE.NFO,07/01/2020,09:53:59,52.5,45.65,1200,48.05,1200,0,18000
INFY30Jan20780PE.NFO,07/01/2020,09:54:03,52.5,45.7,2400,47.95,1200,0,18000
INFY30Jan20780PE.NFO,07/01/2020,09:54:08,52.5,45.8,1200,47.95,1200,0,18000
INFY30Jan20780PE.NFO,07/01/2020,09:54:12,52.5,45.8,2400,47.95,1200,0,18000
INFY30Jan20780PE.NFO,07/01/2020,09:54:21,52.5,45.8,1200,47.95,1200,0,18000
INFY30Jan20780PE.NFO,07/01/2020,09:54:26,52.5,45.85,1200,48.25,1200,0,18000
INFY30Jan20780PE.NFO,07/01/2020,09:54:31,52.5,45,1200,48.05,1200,0,18000
INFY30Jan20780PE.NFO,07/01/2020,09:54:40,52.5,45.1,1200,47.85,1200,0,18000
INFY30Jan20780PE.NFO,07/01/2020,09:54:49,52.5,45.25,6000,47.85,1200,0,18000
INFY30Jan20780PE.NFO,07/01/2020,09:54:53,52.5,45.1,12000,47.65,1200,0,18000
INFY30Jan20780PE.NFO,07/01/2020,09:54:58,52.5,44.95,2400,47.25,1200,0,18000
INFY30Jan20780PE.NFO,07/01/2020,09:55:03,52.5,44.8,4800,47.5,1200,0,18000
INFY30Jan20780PE.NFO,07/01/2020,09:55:08,52.5,45.1,2400,47.4,1200,0,18000
INFY30Jan20780PE.NFO,07/01/2020,09:55:13,52.5,45,1200,47.45,1200,0,18000
INFY30Jan20780PE.NFO,07/01/2020,09:55:18,52.5,45.15,1200,47.35,1200,0,18000
INFY30Jan20780PE.NFO,07/01/2020,09:55:23,52.5,44.9,1200,47.35,1200,0,18000
INFY30Jan20780PE.NFO,07/01/2020,09:55:28,52.5,44.7,1200,47.35,1200,0,18000
INFY30Jan20780PE.NFO,07/01/2020,09:55:33,52.5,45.05,2400,47.35,1200,0,18000
INFY30Jan20780PE.NFO,07/01/2020,09:55:37,52.5,45.05,1200,47.25,1200,0,18000
INFY30Jan20780PE.NFO,07/01/2020,09:55:42,52.5,44.55,1200,47.25,1200,0,18000
INFY30Jan20780PE.NFO,07/01/2020,09:55:46,52.5,45,2400,47.25,1200,0,18000
INFY30Jan20780PE.NFO,07/01/2020,09:55:51,52.5,44.85,1200,47.15,1200,0,18000
INFY30Jan20780PE.NFO,07/01/2020,09:55:56,52.5,44.75,1200,47.15,1200,0,18000
INFY30Jan20780PE.NFO,07/01/2020,09:56:01,52.5,44.95,1200,47.45,1200,0,18000
INFY30Jan20780PE.NFO,07/01/2020,09:56:05,52.5,44.9,2400,47.15,1200,0,18000
INFY30Jan20780PE.NFO,07/01/2020,09:56:11,52.5,44.9,1200,47.15,1200,0,18000
INFY30Jan20780PE.NFO,07/01/2020,09:56:16,52.5,44.7,1200,47.05,1200,0,18000
INFY30Jan20780PE.NFO,07/01/2020,09:56:21,52.5,43.65,1200,46.7,1200,0,18000
INFY30Jan20780PE.NFO,07/01/2020,09:56:27,52.5,42.85,1200,47.2,4800,0,18000
INFY30Jan20780PE.NFO,07/01/2020,09:56:32,52.5,44.05,1200,47.05,1200,0,18000
INFY30Jan20780PE.NFO,07/01/2020,09:56:38,52.5,43.85,1200,47.1,1200,0,18000
INFY30Jan20780PE.NFO,07/01/2020,09:56:43,52.5,44.7,2400,47,1200,0,18000
INFY30Jan20780PE.NFO,07/01/2020,09:56:47,52.5,44.8,1200,47,1200,0,18000
INFY30Jan20780PE.NFO,07/01/2020,09:56:50,52.5,44.85,1200,47,1200,0,18000
INFY30Jan20780PE.NFO,07/01/2020,09:56:55,52.5,44.9,1200,47,1200,0,18000
INFY30Jan20780PE.NFO,07/01/2020,09:57:00,52.5,44.65,2400,46.9,1200,0,18000
INFY30Jan20780PE.NFO,07/01/2020,09:57:13,52.5,44.3,1200,46.9,1200,0,18000
INFY30Jan20780PE.NFO,07/01/2020,09:57:17,52.5,44.7,1200,47.3,1200,0,18000
INFY30Jan20780PE.NFO,07/01/2020,09:57:21,52.5,44.7,1200,47,1200,0,18000
INFY30Jan20780PE.NFO,07/01/2020,09:57:30,52.5,44.2,1200,46.8,1200,0,18000
INFY30Jan20780PE.NFO,07/01/2020,09:57:34,52.5,44.5,1200,46.8,1200,0,18000
INFY30Jan20780PE.NFO,07/01/2020,09:57:38,52.5,44.2,1200,46.8,1200,0,18000
INFY30Jan20780PE.NFO,07/01/2020,09:57:41,52.5,44.15,12000,46.8,1200,0,18000
INFY30Jan20780PE.NFO,07/01/2020,09:57:45,52.5,44.55,2400,46.8,1200,0,18000
INFY30Jan20780PE.NFO,07/01/2020,09:57:50,52.5,43.75,10800,46.7,1200,0,18000
INFY30Jan20780PE.NFO,07/01/2020,09:57:55,52.5,44.45,1200,46.65,1200,0,18000
INFY30Jan20780PE.NFO,07/01/2020,09:58:00,52.5,44.1,4800,46.95,10800,0,18000
INFY30Jan20780PE.NFO,07/01/2020,09:58:04,52.5,43.75,13200,46.85,7200,0,18000
INFY30Jan20780PE.NFO,07/01/2020,09:58:09,52.5,44.55,1200,46.75,1200,0,18000
INFY30Jan20780PE.NFO,07/01/2020,09:58:13,52.5,44.25,8400,46.75,1200,0,18000
INFY30Jan20780PE.NFO,07/01/2020,09:58:17,52.5,44.65,1200,46.75,1200,0,18000
INFY30Jan20780PE.NFO,07/01/2020,09:58:22,52.5,44.4,1200,47.25,1200,0,18000
INFY30Jan20780PE.NFO,07/01/2020,09:58:26,52.5,44.8,1200,47.15,1200,0,18000
INFY30Jan20780PE.NFO,07/01/2020,09:58:39,52.5,44.2,1200,47.05,1200,0,18000
INFY30Jan20780PE.NFO,07/01/2020,09:58:44,52.5,44.65,1200,47.05,1200,0,18000
INFY30Jan20780PE.NFO,07/01/2020,09:58:49,52.5,44.8,2400,47.05,1200,0,18000
INFY30Jan20780PE.NFO,07/01/2020,09:58:56,52.5,44.9,1200,47.05,1200,0,18000
INFY30Jan20780PE.NFO,07/01/2020,09:59:01,52.5,44.6,1200,47.05,1200,0,18000
INFY30Jan20780PE.NFO,07/01/2020,09:59:07,52.5,44.4,1200,47.05,1200,0,18000
INFY30Jan20780PE.NFO,07/01/2020,09:59:13,52.5,44.75,2400,47.05,1200,0,18000
INFY30Jan20780PE.NFO,07/01/2020,09:59:23,52.5,44.85,2400,47.05,1200,0,18000
INFY30Jan20780PE.NFO,07/01/2020,09:59:45,52.5,44.1,1200,47.05,1200,0,18000
INFY30Jan20780PE.NFO,07/01/2020,09:59:51,52.5,44.9,1200,47.05,1200,0,18000
INFY30Jan20780PE.NFO,07/01/2020,09:59:56,52.5,45.05,2400,47.25,1200,0,18000
INFY30Jan20780PE.NFO,07/01/2020,10:00:07,52.5,45.05,1200,47.15,1200,0,18000
INFY30Jan20780PE.NFO,07/01/2020,10:00:13,52.5,44.7,1200,47.4,1200,0,18000
INFY30Jan20780PE.NFO,07/01/2020,10:00:18,52.5,45.1,1200,47.4,1200,0,18000
INFY30Jan20780PE.NFO,07/01/2020,10:00:24,52.5,45.05,2400,47.3,1200,0,18000
INFY30Jan20780PE.NFO,07/01/2020,10:00:34,52.5,45.15,1200,47.3,1200,0,18000
INFY30Jan20780PE.NFO,07/01/2020,10:00:40,52.5,45.15,2400,47.3,1200,0,18000
INFY30Jan20780PE.NFO,07/01/2020,10:00:46,52.5,44.5,10800,47.3,1200,0,18000
INFY30Jan20780PE.NFO,07/01/2020,10:00:54,52.5,44.7,1200,47.3,1200,0,18000
INFY30Jan20780PE.NFO,07/01/2020,10:01:00,52.5,45.05,2400,47.3,1200,0,18000
INFY30Jan20780PE.NFO,07/01/2020,10:01:06,52.5,44.5,1200,47.15,1200,0,18000
INFY30Jan20780PE.NFO,07/01/2020,10:01:12,52.5,44.75,2400,46.95,1200,0,18000
INFY30Jan20780PE.NFO,07/01/2020,10:01:25,52.5,44.15,1200,46.8,1200,0,18000
INFY30Jan20780PE.NFO,07/01/2020,10:01:31,52.5,44.25,1200,46.8,1200,0,18000
INFY30Jan20780PE.NFO,07/01/2020,10:01:43,52.5,44.4,1200,46.8,1200,0,18000
INFY30Jan20780PE.NFO,07/01/2020,10:01:48,52.5,44.9,1200,47.15,1200,0,18000
INFY30Jan20780PE.NFO,07/01/2020,10:01:54,52.5,44.2,2400,47.15,1200,0,18000
INFY30Jan20780PE.NFO,07/01/2020,10:01:59,52.5,44.8,1200,47.05,1200,0,18000
INFY30Jan20780PE.NFO,07/01/2020,10:02:05,52.5,43.95,1200,47.05,1200,0,18000
INFY30Jan20780PE.NFO,07/01/2020,10:02:10,52.5,44.75,1200,47.05,1200,0,18000
INFY30Jan20780PE.NFO,07/01/2020,10:02:16,52.5,44.4,1200,47.05,1200,0,18000
INFY30Jan20780PE.NFO,07/01/2020,10:02:21,52.5,44.7,1200,47.05,1200,0,18000
INFY30Jan20780PE.NFO,07/01/2020,10:02:26,52.5,44.25,1200,47.05,1200,0,18000
INFY30Jan20780PE.NFO,07/01/2020,10:02:31,52.5,44.65,1200,46.95,1200,0,18000
INFY30Jan20780PE.NFO,07/01/2020,10:02:37,52.5,44.25,1200,46.85,1200,0,18000
INFY30Jan20780PE.NFO,07/01/2020,10:02:43,52.5,44.6,2400,46.85,1200,0,18000
INFY30Jan20780PE.NFO,07/01/2020,10:02:48,52.5,44.45,1200,46.85,1200,0,18000
INFY30Jan20780PE.NFO,07/01/2020,10:02:53,52.5,43.75,1200,46.85,1200,0,18000
INFY30Jan20780PE.NFO,07/01/2020,10:02:59,52.5,44.55,1200,46.85,1200,0,18000
INFY30Jan20780PE.NFO,07/01/2020,10:03:04,52.5,44.6,2400,46.85,1200,0,18000
INFY30Jan20780PE.NFO,07/01/2020,10:03:13,52.5,44.85,1200,47.15,1200,0,18000
INFY30Jan20780PE.NFO,07/01/2020,10:03:22,52.5,44.25,1200,47.05,1200,0,18000
INFY30Jan20780PE.NFO,07/01/2020,10:03:27,52.5,44.75,1200,47.05,1200,0,18000
INFY30Jan20780PE.NFO,07/01/2020,10:03:32,52.5,44.45,1200,47.05,1200,0,18000
INFY30Jan20780PE.NFO,07/01/2020,10:03:36,52.5,44.8,2400,47.05,1200,0,18000
INFY30Jan20780PE.NFO,07/01/2020,10:03:54,52.5,44.8,1200,46.95,1200,0,18000
INFY30Jan20780PE.NFO,07/01/2020,10:04:09,52.5,44.85,1200,47.15,1200,0,18000
INFY30Jan20780PE.NFO,07/01/2020,10:04:14,52.5,44.95,1200,47.15,1200,0,18000
INFY30Jan20780PE.NFO,07/01/2020,10:04:18,52.5,44.3,10800,47.15,1200,0,18000
INFY30Jan20780PE.NFO,07/01/2020,10:04:22,52.5,44.9,1200,47.15,1200,0,18000
INFY30Jan20780PE.NFO,07/01/2020,10:04:26,52.5,44.95,2400,47.15,1200,0,18000
INFY30Jan20780PE.NFO,07/01/2020,10:04:45,52.5,45,1200,47.65,15600,0,18000
INFY30Jan20780PE.NFO,07/01/2020,10:04:49,52.5,45.1,1200,47.65,15600,0,18000
INFY30Jan20780PE.NFO,07/01/2020,10:04:58,52.5,45.1,1200,47.65,12000,0,18000
INFY30Jan20780PE.NFO,07/01/2020,10:05:03,52.5,44.55,12000,47.4,1200,0,18000
INFY30Jan20780PE.NFO,07/01/2020,10:05:07,52.5,45.05,1200,47.4,1200,0,18000
INFY30Jan20780PE.NFO,07/01/2020,10:05:11,52.5,44.9,4800,47.4,1200,0,18000
INFY30Jan20780PE.NFO,07/01/2020,10:05:16,52.5,45.15,1200,47.75,1200,0,18000
INFY30Jan20780PE.NFO,07/01/2020,10:05:20,52.5,45.25,1200,47.55,1200,0,18000
INFY30Jan20780PE.NFO,07/01/2020,10:05:25,52.5,45.3,2400,47.55,1200,0,18000
INFY30Jan20780PE.NFO,07/01/2020,10:05:29,52.5,45.35,1200,47.7,1200,0,18000
INFY30Jan20780PE.NFO,07/01/2020,10:05:35,52.5,45.1,1200,47.7,1200,0,18000
INFY30Jan20780PE.NFO,07/01/2020,10:05:41,52.5,44.65,1200,47.7,1200,0,18000
INFY30Jan20780PE.NFO,07/01/2020,10:05:47,52.5,44.15,1200,47.5,1200,0,18000
INFY30Jan20780PE.NFO,07/01/2020,10:05:53,52.5,45.05,1200,47.4,1200,0,18000
INFY30Jan20780PE.NFO,07/01/2020,10:05:58,52.5,44.2,1200,47.4,1200,0,18000
INFY30Jan20780PE.NFO,07/01/2020,10:06:03,52.5,45.1,1200,47.4,1200,0,18000
INFY30Jan20780PE.NFO,07/01/2020,10:06:09,52.5,45.2,1200,47.4,1200,0,18000
INFY30Jan20780PE.NFO,07/01/2020,10:06:14,52.5,45.2,1200,47.7,1200,0,18000
INFY30Jan20780PE.NFO,07/01/2020,10:06:19,52.5,44.45,1200,47.5,1200,0,18000
INFY30Jan20780PE.NFO,07/01/2020,10:06:25,52.5,44.45,1200,47.4,1200,0,18000
INFY30Jan20780PE.NFO,07/01/2020,10:06:42,52.5,44.65,1200,47.55,1200,0,18000
INFY30Jan20780PE.NFO,07/01/2020,10:06:47,52.5,44.75,1200,47.55,1200,0,18000
INFY30Jan20780PE.NFO,07/01/2020,10:06:54,52.5,45.05,1200,47.55,1200,0,18000
INFY30Jan20780PE.NFO,07/01/2020,10:06:59,52.5,45.3,2400,47.55,1200,0,18000
INFY30Jan20780PE.NFO,07/01/2020,10:07:04,52.5,45.1,1200,47.55,1200,0,18000
INFY30Jan20780PE.NFO,07/01/2020,10:07:10,52.5,45.15,2400,47.45,1200,0,18000
INFY30Jan20780PE.NFO,07/01/2020,10:07:33,52.5,45.25,1200,47.45,1200,0,18000
INFY30Jan20780PE.NFO,07/01/2020,10:07:38,52.5,45.25,2400,47.45,1200,0,18000
INFY30Jan20780PE.NFO,07/01/2020,10:07:42,52.5,45.25,1200,47.45,1200,0,18000
INFY30Jan20780PE.NFO,07/01/2020,10:07:47,52.5,45.25,2400,47.45,1200,0,18000
INFY30Jan20780PE.NFO,07/01/2020,10:07:53,52.5,44.5,1200,47.45,1200,0,18000
INFY30Jan20780PE.NFO,07/01/2020,10:08:02,52.5,45,9600,47.45,1200,0,18000
INFY30Jan20780PE.NFO,07/01/2020,10:08:07,52.5,45.35,1200,47.65,1200,0,18000
INFY30Jan20780PE.NFO,07/01/2020,10:08:16,52.5,45.5,1200,47.65,1200,0,18000
INFY30Jan20780PE.NFO,07/01/2020,10:08:21,52.5,45,10800,47.65,1200,0,18000
INFY30Jan20780PE.NFO,07/01/2020,10:08:25,52.5,44.2,13200,47.65,1200,0,18000
INFY30Jan20780PE.NFO,07/01/2020,10:08:30,52.5,45.3,2400,47.65,1200,0,18000
INFY30Jan20780PE.NFO,07/01/2020,10:08:35,52.5,45.55,2400,47.65,1200,0,18000
INFY30Jan20780PE.NFO,07/01/2020,10:08:40,52.5,45.2,10800,48.1,2400,0,18000
INFY30Jan20780PE.NFO,07/01/2020,10:08:45,52.5,45.75,2400,47.9,1200,0,18000
INFY30Jan20780PE.NFO,07/01/2020,10:08:49,52.5,45.35,1200,47.8,1200,0,18000
INFY30Jan20780PE.NFO,07/01/2020,10:08:53,52.5,45.5,2400,47.8,1200,0,18000
INFY30Jan20780PE.NFO,07/01/2020,10:09:06,52.5,45.6,2400,47.8,1200,0,18000
INFY30Jan20780PE.NFO,07/01/2020,10:10:35,52.5,45.05,1200,47.8,1200,0,18000
INFY30Jan20780PE.NFO,07/01/2020,10:10:39,52.5,45.55,1200,47.8,1200,0,18000
INFY30Jan20780PE.NFO,07/01/2020,10:11:14,52.5,45.5,1200,47.8,1200,0,18000
INFY30Jan20780PE.NFO,07/01/2020,10:11:30,52.5,45.6,1200,48.05,1200,0,18000
INFY30Jan20780PE.NFO,07/01/2020,10:11:35,52.5,45.6,1200,47.95,1200,0,18000
INFY30Jan20780PE.NFO,07/01/2020,10:11:56,52.5,45.75,1200,47.95,1200,0,18000
INFY30Jan20780PE.NFO,07/01/2020,10:12:01,52.5,45.35,7200,47.95,1200,0,18000
INFY30Jan20780PE.NFO,07/01/2020,10:12:07,52.5,45.6,1200,47.95,1200,0,18000
INFY30Jan20780PE.NFO,07/01/2020,10:12:13,52.5,45.6,1200,47.85,1200,0,18000
INFY30Jan20780PE.NFO,07/01/2020,10:12:32,52.5,45.1,8400,47.65,1200,0,18000
INFY30Jan20780PE.NFO,07/01/2020,10:12:37,52.5,45.35,1200,47.65,1200,0,18000
INFY30Jan20780PE.NFO,07/01/2020,10:12:57,52.5,44.6,13200,47.65,1200,0,18000
INFY30Jan20780PE.NFO,07/01/2020,10:13:02,52.5,45.35,1200,47.65,1200,0,18000
INFY30Jan20780PE.NFO,07/01/2020,10:13:13,52.5,45.45,1200,47.8,1200,0,18000
INFY30Jan20780PE.NFO,07/01/2020,10:13:18,52.5,45.55,1200,47.8,1200,0,18000
INFY30Jan20780PE.NFO,07/01/2020,10:13:23,52.5,44.95,12000,47.8,1200,0,18000
INFY30Jan20780PE.NFO,07/01/2020,10:13:28,52.5,45.3,1200,47.7,1200,0,18000
INFY30Jan20780PE.NFO,07/01/2020,10:13:37,52.5,45.3,1200,47.6,1200,0,18000
INFY30Jan20780PE.NFO,07/01/2020,10:13:41,52.5,45.35,1200,47.6,1200,0,18000
INFY30Jan20780PE.NFO,07/01/2020,10:13:46,52.5,45.4,1200,47.6,1200,0,18000
INFY30Jan20780PE.NFO,07/01/2020,10:13:52,52.5,44.9,8400,47.6,1200,0,18000
INFY30Jan20780PE.NFO,07/01/2020,10:13:57,52.5,45.15,1200,47.6,1200,0,18000
INFY30Jan20780PE.NFO,07/01/2020,10:14:06,52.5,45.25,1200,47.6,1200,0,18000
INFY30Jan20780PE.NFO,07/01/2020,10:14:11,52.5,45.35,1200,47.8,1200,0,18000
INFY30Jan20780PE.NFO,07/01/2020,10:14:22,52.5,45.45,1200,47.8,1200,0,18000
INFY30Jan20780PE.NFO,07/01/2020,10:14:43,52.5,44.95,1200,47.7,1200,0,18000
INFY30Jan20780PE.NFO,07/01/2020,10:14:57,52.5,44.95,1200,47.6,1200,0,18000
INFY30Jan20780PE.NFO,07/01/2020,10:15:02,52.5,45.05,1200,47.6,1200,0,18000
INFY30Jan20780PE.NFO,07/01/2020,10:15:08,52.5,45.15,1200,47.6,1200,0,18000
INFY30Jan20780PE.NFO,07/01/2020,10:15:23,52.5,45.15,1200,47.85,1200,0,18000
INFY30Jan20780PE.NFO,07/01/2020,10:15:27,52.5,45.15,1200,47.75,1200,0,18000
INFY30Jan20780PE.NFO,07/01/2020,10:16:13,52.5,45.15,1200,47.65,1200,0,18000
INFY30Jan20780PE.NFO,07/01/2020,10:16:36,52.5,45.15,1200,47.55,1200,0,18000
INFY30Jan20780PE.NFO,07/01/2020,10:16:59,52.5,45.15,1200,47.45,1200,0,18000
INFY30Jan20780PE.NFO,07/01/2020,10:17:12,52.5,45.4,1200,47.7,1200,0,18000
INFY30Jan20780PE.NFO,07/01/2020,10:17:28,52.5,44.95,6000,48.45,1200,0,18000
INFY30Jan20780PE.NFO,07/01/2020,10:17:33,52.5,45.6,4800,48.15,1200,0,18000
INFY30Jan20780PE.NFO,07/01/2020,10:17:38,52.5,44.9,7200,48.15,1200,0,18000
INFY30Jan20780PE.NFO,07/01/2020,10:17:43,52.5,45.65,1200,48.05,1200,0,18000
INFY30Jan20780PE.NFO,07/01/2020,10:17:48,52.5,45.1,1200,48.2,1200,0,18000
INFY30Jan20780PE.NFO,07/01/2020,10:17:53,52.5,45.4,1200,48.05,1200,0,18000
INFY30Jan20780PE.NFO,07/01/2020,10:17:58,52.5,45.6,1200,48.35,1200,0,18000
INFY30Jan20780PE.NFO,07/01/2020,10:18:03,52.5,45.6,1200,48.1,2400,0,18000
INFY30Jan20780PE.NFO,07/01/2020,10:18:07,52.5,45.6,1200,48.2,1200,0,18000
INFY30Jan20780PE.NFO,07/01/2020,10:18:11,52.5,45.7,1200,48.5,1200,0,18000
INFY30Jan20780PE.NFO,07/01/2020,10:18:15,52.5,45.7,1200,48.35,1200,0,18000
INFY30Jan20780PE.NFO,07/01/2020,10:18:19,52.5,45.7,1200,48.25,1200,0,18000
INFY30Jan20780PE.NFO,07/01/2020,10:18:23,52.5,45.7,1200,48.6,1200,0,18000
INFY30Jan20780PE.NFO,07/01/2020,10:18:27,52.5,45.75,1200,48.5,1200,0,18000
INFY30Jan20780PE.NFO,07/01/2020,10:18:31,52.5,45.8,1200,48.85,4800,0,18000
INFY30Jan20780PE.NFO,07/01/2020,10:18:36,52.5,45.9,1200,48.7,1200,0,18000
INFY30Jan20780PE.NFO,07/01/2020,10:18:42,52.5,46,1200,48.85,1200,0,18000
INFY30Jan20780PE.NFO,07/01/2020,10:18:48,52.5,46.1,1200,48.95,1200,0,18000
INFY30Jan20780PE.NFO,07/01/2020,10:18:53,52.5,46.1,1200,48.8,1200,0,18000
INFY30Jan20780PE.NFO,07/01/2020,10:18:57,52.5,46.25,1200,48.8,1200,0,18000
INFY30Jan20780PE.NFO,07/01/2020,10:19:02,52.5,46.3,1200,48.95,1200,0,18000
INFY30Jan20780PE.NFO,07/01/2020,10:19:07,52.5,46.3,1200,48.6,2400,0,18000
INFY30Jan20780PE.NFO,07/01/2020,10:19:16,52.5,45.5,1200,48.75,1200,0,18000
INFY30Jan20780PE.NFO,07/01/2020,10:19:21,52.5,45.75,1200,48.35,1200,0,18000
INFY30Jan20780PE.NFO,07/01/2020,10:19:25,52.5,45.8,1200,48.4,1200,0,18000
INFY30Jan20780PE.NFO,07/01/2020,10:19:29,52.5,45.8,1200,48.5,1200,0,18000
INFY30Jan20780PE.NFO,07/01/2020,10:19:33,52.5,45.8,1200,48.75,6000,0,18000
INFY30Jan20780PE.NFO,07/01/2020,10:19:36,52.5,45.8,1200,48.5,1200,0,18000
INFY30Jan20780PE.NFO,07/01/2020,10:19:43,52.5,45.9,1200,48.5,1200,0,18000
INFY30Jan20780PE.NFO,07/01/2020,10:19:50,52.5,45.9,1200,48.3,2400,0,18000
INFY30Jan20780PE.NFO,07/01/2020,10:19:55,52.5,45.9,1200,48.2,1200,0,18000
INFY30Jan20780PE.NFO,07/01/2020,10:20:03,52.5,45.9,1200,48.3,2400,0,18000
INFY30Jan20780PE.NFO,07/01/2020,10:20:07,52.5,45.9,1200,48.2,2400,0,18000
INFY30Jan20780PE.NFO,07/01/2020,10:20:20,52.5,46,1200,48.3,2400,0,18000
INFY30Jan20780PE.NFO,07/01/2020,10:20:25,52.5,46.1,1200,48.3,1200,0,18000
INFY30Jan20780PE.NFO,07/01/2020,10:20:37,52.5,46.2,1200,48.3,1200,0,18000
INFY30Jan20780PE.NFO,07/01/2020,10:20:50,52.5,46.2,1200,48.35,1200,0,18000
INFY30Jan20780PE.NFO,07/01/2020,10:20:54,52.5,45.4,8400,48.55,1200,0,18000
INFY30Jan20780PE.NFO,07/01/2020,10:20:57,52.5,45.8,3600,48.4,1200,0,18000
INFY30Jan20780PE.NFO,07/01/2020,10:21:01,52.5,46.1,1200,48.4,1200,0,18000
INFY30Jan20780PE.NFO,07/01/2020,10:21:05,52.5,46.25,1200,48.55,2400,0,18000
INFY30Jan20780PE.NFO,07/01/2020,10:21:09,52.5,45.35,6000,48.7,1200,0,18000
INFY30Jan20780PE.NFO,07/01/2020,10:21:14,52.5,46.05,1200,48.5,1200,0,18000
INFY30Jan20780PE.NFO,07/01/2020,10:21:18,52.5,46.1,1200,48.4,1200,0,18000
INFY30Jan20780PE.NFO,07/01/2020,10:21:22,52.5,46.1,1200,48.3,2400,0,18000
INFY30Jan20780PE.NFO,07/01/2020,10:21:26,52.5,45.25,8400,48.5,2400,0,18000
INFY30Jan20780PE.NFO,07/01/2020,10:21:29,52.5,45.75,4800,48.4,1200,0,18000
INFY30Jan20780PE.NFO,07/01/2020,10:21:32,52.5,44.8,6000,48.2,1200,0,18000
INFY30Jan20780PE.NFO,07/01/2020,10:21:35,52.5,45.5,7200,48.25,1200,0,18000
INFY30Jan20780PE.NFO,07/01/2020,10:21:38,52.5,45.7,1200,48.15,1200,0,18000
INFY30Jan20780PE.NFO,07/01/2020,10:22:17,52.5,45.7,1200,48.15,2400,0,18000
INFY30Jan20780PE.NFO,07/01/2020,10:22:41,52.5,45.85,1200,48.05,1200,0,18000
INFY30Jan20780PE.NFO,07/01/2020,10:22:47,52.5,45.9,1200,48.05,1200,0,18000
INFY30Jan20780PE.NFO,07/01/2020,10:22:57,52.5,45.15,1200,48.5,2400,0,18000
INFY30Jan20780PE.NFO,07/01/2020,10:23:02,52.5,45.9,1200,48.25,1200,0,18000
INFY30Jan20780PE.NFO,07/01/2020,10:23:07,52.5,45.9,1200,48.5,2400,0,18000
INFY30Jan20780PE.NFO,07/01/2020,10:23:11,52.5,46,1200,49,9600,0,18000
INFY30Jan20780PE.NFO,07/01/2020,10:23:28,52.5,46,1200,49,8400,0,18000
INFY30Jan20780PE.NFO,07/01/2020,10:23:32,52.5,46.1,1200,48.85,1200,0,18000
INFY30Jan20780PE.NFO,07/01/2020,10:23:36,52.5,46.3,1200,48.85,1200,0,18000
INFY30Jan20780PE.NFO,07/01/2020,10:23:39,52.5,46.4,1200,49.55,9600,0,18000
INFY30Jan20780PE.NFO,07/01/2020,10:23:44,52.5,47,1200,49.3,2400,0,18000
INFY30Jan20780PE.NFO,07/01/2020,10:23:48,52.5,47,1200,49.3,1200,0,18000
INFY30Jan20780PE.NFO,07/01/2020,10:23:55,52.5,46.6,1200,49.15,1200,0,18000
INFY30Jan20780PE.NFO,07/01/2020,10:23:59,52.5,47.05,1200,49.4,1200,0,18000
INFY30Jan20780PE.NFO,07/01/2020,10:24:02,52.5,46.5,1200,49.6,10800,0,18000
INFY30Jan20780PE.NFO,07/01/2020,10:24:07,52.5,46.6,3600,48.95,1200,0,18000
INFY30Jan20780PE.NFO,07/01/2020,10:24:11,52.5,46.2,10800,49.25,2400,0,18000
INFY30Jan20780PE.NFO,07/01/2020,10:24:15,52.5,45.45,10800,49.2,7200,0,18000
INFY30Jan20780PE.NFO,07/01/2020,10:24:18,52.5,46.8,1200,48.95,1200,0,18000
INFY30Jan20780PE.NFO,07/01/2020,10:24:21,52.5,45.75,1200,49.2,3600,0,18000
INFY30Jan20780PE.NFO,07/01/2020,10:24:25,52.5,46.55,1200,48.75,1200,0,18000
INFY30Jan20780PE.NFO,07/01/2020,10:24:28,52.5,46.85,1200,49,1200,0,18000
INFY30Jan20780PE.NFO,07/01/2020,10:24:31,52.5,46.8,1200,49,1200,0,18000
INFY30Jan20780PE.NFO,07/01/2020,10:24:35,52.5,45.8,1200,49.5,6000,0,18000
INFY30Jan20780PE.NFO,07/01/2020,10:24:38,52.5,46.85,1200,49.2,1200,0,18000
INFY30Jan20780PE.NFO,07/01/2020,10:24:41,52.5,46.9,2400,49.2,1200,0,18000
INFY30Jan20780PE.NFO,07/01/2020,10:24:51,52.5,46.6,1200,49.2,1200,0,18000
INFY30Jan20780PE.NFO,07/01/2020,10:24:54,52.5,46.65,1200,49.2,1200,0,18000
INFY30Jan20780PE.NFO,07/01/2020,10:24:57,52.5,46.65,1200,49.1,1200,0,18000
INFY30Jan20780PE.NFO,07/01/2020,10:25:13,52.5,46.65,1200,48.9,2400,0,18000
INFY30Jan20780PE.NFO,07/01/2020,10:25:16,52.5,46.75,1200,49,1200,0,18000
INFY30Jan20780PE.NFO,07/01/2020,10:25:24,52.5,46.75,1200,49,2400,0,18000
INFY30Jan20780PE.NFO,07/01/2020,10:25:32,52.5,46.85,1200,49.1,1200,0,18000
INFY30Jan20780PE.NFO,07/01/2020,10:25:38,52.5,46.85,1200,49.1,2400,0,18000
INFY30Jan20780PE.NFO,07/01/2020,10:25:43,52.5,46.65,1200,49,2400,0,18000
INFY30Jan20780PE.NFO,07/01/2020,10:25:48,52.5,45.95,1200,48.95,2400,0,18000
INFY30Jan20780PE.NFO,07/01/2020,10:25:53,52.5,46.25,1200,48.55,2400,0,18000
INFY30Jan20780PE.NFO,07/01/2020,10:25:58,52.5,46.1,1200,48.7,1200,0,18000
INFY30Jan20780PE.NFO,07/01/2020,10:26:15,52.5,46.2,1200,48.7,1200,0,18000
INFY30Jan20780PE.NFO,07/01/2020,10:26:42,52.5,46.45,1200,48.7,1200,0,18000
INFY30Jan20780PE.NFO,07/01/2020,10:26:46,52.5,46.6,1200,48.85,1200,0,18000
INFY30Jan20780PE.NFO,07/01/2020,10:26:53,52.5,46.8,1200,48.85,1200,0,18000
INFY30Jan20780PE.NFO,07/01/2020,10:26:57,52.5,46.9,1200,48.85,1200,0,18000
INFY30Jan20780PE.NFO,07/01/2020,10:27:15,52.5,46.8,1200,48.85,1200,0,18000
INFY30Jan20780PE.NFO,07/01/2020,10:27:28,52.5,46.9,1200,49.35,2400,0,18000
INFY30Jan20780PE.NFO,07/01/2020,10:27:38,52.5,46.9,1200,49.15,1200,0,18000
INFY30Jan20780PE.NFO,07/01/2020,10:27:42,52.5,46.55,7200,49.15,1200,0,18000
INFY30Jan20780PE.NFO,07/01/2020,10:27:46,52.5,46.8,1200,49.15,1200,0,18000
INFY30Jan20780PE.NFO,07/01/2020,10:27:50,52.5,46.95,1200,49.15,1200,0,18000
INFY30Jan20780PE.NFO,07/01/2020,10:27:53,52.5,47,1200,49.15,1200,0,18000
INFY30Jan20780PE.NFO,07/01/2020,10:28:05,52.5,47.05,1200,49.35,1200,0,18000
INFY30Jan20780PE.NFO,07/01/2020,10:28:08,52.5,47.1,1200,49.35,2400,0,18000
INFY30Jan20780PE.NFO,07/01/2020,10:28:12,52.5,46.9,3600,49.25,1200,0,18000
INFY30Jan20780PE.NFO,07/01/2020,10:28:15,52.5,47,1200,49.2,2400,0,18000
INFY30Jan20780PE.NFO,07/01/2020,10:28:21,52.5,47,1200,49.15,2400,0,18000
INFY30Jan20780PE.NFO,07/01/2020,10:28:28,52.5,46.4,1200,49,1200,0,18000
INFY30Jan20780PE.NFO,07/01/2020,10:28:32,52.5,46.5,1200,49.2,2400,0,18000
INFY30Jan20780PE.NFO,07/01/2020,10:28:36,52.5,46.5,1200,49.25,2400,0,18000
INFY30Jan20780PE.NFO,07/01/2020,10:28:39,52.5,46.5,1200,49.15,1200,0,18000
INFY30Jan20780PE.NFO,07/01/2020,10:28:46,52.5,46.5,1200,48.8,1200,0,18000
INFY30Jan20780PE.NFO,07/01/2020,10:28:49,52.5,46.5,1200,49.15,2400,0,18000
INFY30Jan20780PE.NFO,07/01/2020,10:28:52,52.5,46.5,1200,49.05,1200,0,18000
INFY30Jan20780PE.NFO,07/01/2020,10:28:55,52.5,46.5,1200,49.05,2400,0,18000
INFY30Jan20780PE.NFO,07/01/2020,10:28:58,52.5,45.85,1200,49,6000,0,18000
INFY30Jan20780PE.NFO,07/01/2020,10:29:01,52.5,46.15,1200,48.75,1200,0,18000
INFY30Jan20780PE.NFO,07/01/2020,10:29:14,52.5,46.15,1200,48.9,1200,0,18000
INFY30Jan20780PE.NFO,07/01/2020,10:29:14,52.5,46.15,1200,48.95,1200,0,18000
INFY30Jan20780PE.NFO,07/01/2020,10:29:15,52.5,46.15,1200,48.9,2400,0,18000
INFY30Jan20780PE.NFO,07/01/2020,10:29:16,52.5,46.15,1200,48.75,1200,0,18000
INFY30Jan20780PE.NFO,07/01/2020,10:29:17,52.5,46.15,1200,48.55,1200,0,18000
INFY30Jan20780PE.NFO,07/01/2020,10:29:18,52.5,46.15,1200,48.75,1200,0,18000
INFY30Jan20780PE.NFO,07/01/2020,10:29:19,52.5,46.15,1200,48.95,1200,0,18000
INFY30Jan20780PE.NFO,07/01/2020,10:29:22,52.5,46.25,1200,49.15,1200,0,18000
INFY30Jan20780PE.NFO,07/01/2020,10:29:23,52.5,46.25,1200,48.8,1200,0,18000
INFY30Jan20780PE.NFO,07/01/2020,10:29:23,52.5,46.25,1200,49.05,1200,0,18000
INFY30Jan20780PE.NFO,07/01/2020,10:29:24,52.5,46.25,1200,49.05,2400,0,18000
INFY30Jan20780PE.NFO,07/01/2020,10:29:25,52.5,46.25,1200,48.8,1200,0,18000
INFY30Jan20780PE.NFO,07/01/2020,10:29:36,52.5,46.25,1200,49,1200,0,18000
INFY30Jan20780PE.NFO,07/01/2020,10:29:54,52.5,46.35,1200,49,1200,0,18000
INFY30Jan20780PE.NFO,07/01/2020,10:29:55,52.5,46.35,1200,48.9,1200,0,18000
INFY30Jan20780PE.NFO,07/01/2020,10:30:17,52.5,46.5,1200,48.8,1200,0,18000
INFY30Jan20780PE.NFO,07/01/2020,10:30:49,52.5,46.55,1200,48.7,1200,0,18000
INFY30Jan20780PE.NFO,07/01/2020,10:31:15,52.5,46.65,1200,48.7,1200,0,18000
INFY30Jan20780PE.NFO,07/01/2020,10:31:18,52.5,46.05,2400,49,1200,0,18000
INFY30Jan20780PE.NFO,07/01/2020,10:31:21,52.5,46.5,1200,48.85,1200,0,18000
INFY30Jan20780PE.NFO,07/01/2020,10:31:24,52.5,46.7,1200,48.85,1200,0,18000
INFY30Jan20780PE.NFO,07/01/2020,10:31:27,52.5,46.45,1200,48.8,1200,0,18000
INFY30Jan20780PE.NFO,07/01/2020,10:31:31,52.5,46.6,2400,48.8,1200,0,18000
INFY30Jan20780PE.NFO,07/01/2020,10:31:51,52.5,46.45,3600,48.8,1200,0,18000
INFY30Jan20780PE.NFO,07/01/2020,10:31:54,52.5,46.6,2400,48.8,1200,0,18000
INFY30Jan20780PE.NFO,07/01/2020,10:32:01,52.5,46.75,1200,48.8,1200,0,18000
INFY30Jan20780PE.NFO,07/01/2020,10:32:05,52.5,46.4,2400,48.65,1200,0,18000
INFY30Jan20780PE.NFO,07/01/2020,10:32:09,52.5,46.55,2400,48.75,1200,0,18000
INFY30Jan20780PE.NFO,07/01/2020,10:32:13,52.5,46.65,2400,48.8,2400,0,18000
INFY30Jan20780PE.NFO,07/01/2020,10:32:32,52.5,45.85,1200,48.8,1200,0,18000
INFY30Jan20780PE.NFO,07/01/2020,10:32:36,52.5,46.4,1200,48.85,1200,0,18000
INFY30Jan20780PE.NFO,07/01/2020,10:32:40,52.5,45.55,1200,48.8,1200,0,18000
INFY30Jan20780PE.NFO,07/01/2020,10:32:44,52.5,46.3,1200,48.7,1200,0,18000
INFY30Jan20780PE.NFO,07/01/2020,10:32:48,52.5,46.5,1200,48.6,1200,0,18000
INFY30Jan20780PE.NFO,07/01/2020,10:32:52,52.5,45.65,1200,48.85,1200,0,18000
INFY30Jan20780PE.NFO,07/01/2020,10:32:56,52.5,45.95,1200,48.65,1200,0,18000
INFY30Jan20780PE.NFO,07/01/2020,10:33:19,52.5,45.95,1200,48.55,1200,0,18000
INFY30Jan20780PE.NFO,07/01/2020,10:33:43,52.5,46.05,1200,48.55,1200,0,18000
INFY30Jan20780PE.NFO,07/01/2020,10:34:02,52.5,46.15,1200,48.55,1200,0,18000
INFY30Jan20780PE.NFO,07/01/2020,10:34:26,52.5,46.35,2400,48.55,1200,0,18000
INFY30Jan20780PE.NFO,07/01/2020,10:35:00,52.5,46.35,1200,48.45,1200,0,18000
INFY30Jan20780PE.NFO,07/01/2020,10:35:37,52.5,46.45,2400,48.45,1200,0,18000
INFY30Jan20780PE.NFO,07/01/2020,10:35:44,52.5,46.45,1200,48.45,1200,0,18000
INFY30Jan20780PE.NFO,07/01/2020,10:35:53,52.5,46.2,2400,48.3,2400,0,18000
INFY30Jan20780PE.NFO,07/01/2020,10:35:56,52.5,45.8,12000,48.35,1200,0,18000
INFY30Jan20780PE.NFO,07/01/2020,10:36:00,52.5,46.15,2400,48.3,2400,0,18000
INFY30Jan20780PE.NFO,07/01/2020,10:36:19,52.5,45.15,13200,48.25,1200,0,18000
INFY30Jan20780PE.NFO,07/01/2020,10:36:23,52.5,45.85,1200,48.1,2400,0,18000
INFY30Jan20780PE.NFO,07/01/2020,10:36:25,52.5,46,2400,48.1,2400,0,18000
INFY30Jan20780PE.NFO,07/01/2020,10:36:39,52.5,46,2400,48.1,1200,0,18000
INFY30Jan20780PE.NFO,07/01/2020,10:36:53,52.5,45.5,1200,48.35,7200,0,18000
INFY30Jan20780PE.NFO,07/01/2020,10:36:56,52.5,45.7,1200,48,1200,0,18000
INFY30Jan20780PE.NFO,07/01/2020,10:36:59,52.5,45.9,1200,48.1,1200,0,18000
INFY30Jan20780PE.NFO,07/01/2020,10:37:21,52.5,45.55,1200,47.95,1200,0,18000
INFY30Jan20780PE.NFO,07/01/2020,10:37:25,52.5,45.95,1200,48.15,2400,0,18000
INFY30Jan20780PE.NFO,07/01/2020,10:37:29,52.5,45.25,1200,48.2,1200,0,18000
INFY30Jan20780PE.NFO,07/01/2020,10:37:33,52.5,45.65,1200,48.2,1200,0,18000
INFY30Jan20780PE.NFO,07/01/2020,10:37:36,52.5,45.9,2400,48,1200,0,18000
INFY30Jan20780PE.NFO,07/01/2020,10:37:41,52.5,45.55,1200,47.8,2400,0,18000
INFY30Jan20780PE.NFO,07/01/2020,10:37:45,52.5,45.7,1200,47.8,1200,0,18000
INFY30Jan20780PE.NFO,07/01/2020,10:37:48,52.5,44.9,1200,47.7,1200,0,18000
INFY30Jan20780PE.NFO,07/01/2020,10:37:52,52.5,45.4,1200,47.65,1200,0,18000
INFY30Jan20780PE.NFO,07/01/2020,10:37:55,52.5,44.85,1200,47.75,1200,0,18000
INFY30Jan20780PE.NFO,07/01/2020,10:37:59,52.5,45.45,1200,47.7,1200,0,18000
INFY30Jan20780PE.NFO,07/01/2020,10:38:04,52.5,45.5,1200,47.6,1200,0,18000
INFY30Jan20780PE.NFO,07/01/2020,10:38:07,52.5,45.5,1200,47.6,2400,0,18000
INFY30Jan20780PE.NFO,07/01/2020,10:38:10,52.5,45.55,1200,48.25,22800,0,18000
INFY30Jan20780PE.NFO,07/01/2020,10:38:20,52.5,45.65,1200,48.25,22800,0,18000
INFY30Jan20780PE.NFO,07/01/2020,10:38:30,52.5,44.75,1200,47.75,2400,0,18000
INFY30Jan20780PE.NFO,07/01/2020,10:38:41,52.5,45,1200,47.55,1200,0,18000
INFY30Jan20780PE.NFO,07/01/2020,10:38:42,52.5,45.2,1200,47.45,1200,0,18000
INFY30Jan20780PE.NFO,07/01/2020,10:38:42,52.5,45.3,1200,47.75,1200,0,18000
INFY30Jan20780PE.NFO,07/01/2020,10:38:43,52.5,45.4,1200,47.6,1200,0,18000
INFY30Jan20780PE.NFO,07/01/2020,10:38:45,52.5,45.45,2400,47.6,2400,0,18000
INFY30Jan20780PE.NFO,07/01/2020,10:38:56,52.5,44.75,13200,47.6,2400,0,18000
INFY30Jan20780PE.NFO,07/01/2020,10:38:56,52.5,45,13200,47.6,1200,0,18000
INFY30Jan20780PE.NFO,07/01/2020,10:38:57,52.5,45.15,12000,47.7,1200,0,18000
INFY30Jan20780PE.NFO,07/01/2020,10:38:59,52.5,45.25,2400,47.5,2400,0,18000
INFY30Jan20780PE.NFO,07/01/2020,10:38:59,52.5,45.35,2400,47.5,1200,0,18000
INFY30Jan20780PE.NFO,07/01/2020,10:39:01,52.5,45.4,1200,47.5,1200,0,18000
INFY30Jan20780PE.NFO,07/01/2020,10:39:08,52.5,45.45,1200,47.3,1200,0,18000
INFY30Jan20780PE.NFO,07/01/2020,10:39:09,52.5,45.45,1200,47.35,1200,0,18000
INFY30Jan20780PE.NFO,07/01/2020,10:39:12,52.5,45.45,1200,47.25,1200,0,18000
INFY30Jan20780PE.NFO,07/01/2020,10:40:08,52.5,45.15,1200,47.05,1200,0,18000
INFY30Jan20780PE.NFO,07/01/2020,10:40:12,52.5,45.25,1200,47.05,1200,0,18000
INFY30Jan20780PE.NFO,07/01/2020,10:40:44,52.5,45.35,1200,47.05,1200,0,18000
INFY30Jan20780PE.NFO,07/01/2020,10:41:29,52.5,44.65,15600,46.85,2400,0,18000
INFY30Jan20780PE.NFO,07/01/2020,10:41:32,52.5,44.95,3600,46.85,1200,0,18000
INFY30Jan20780PE.NFO,07/01/2020,10:41:35,52.5,44.95,2400,46.85,1200,0,18000
INFY30Jan20780PE.NFO,07/01/2020,10:41:50,52.5,44.95,1200,46.85,1200,0,18000
INFY30Jan20780PE.NFO,07/01/2020,10:41:53,52.5,45.05,1200,46.85,1200,0,18000
INFY30Jan20780PE.NFO,07/01/2020,10:42:08,52.5,45.05,1200,46.75,1200,0,18000
INFY30Jan20780PE.NFO,07/01/2020,10:43:31,52.5,45.15,1200,46.75,1200,0,18000
INFY30Jan20780PE.NFO,07/01/2020,10:43:34,52.5,45.3,1200,46.75,1200,0,18000
INFY30Jan20780PE.NFO,07/01/2020,10:43:42,52.5,45.35,1200,46.75,1200,0,18000
INFY30Jan20780PE.NFO,07/01/2020,10:43:46,52.5,45.4,1200,46.75,1200,0,18000
INFY30Jan20780PE.NFO,07/01/2020,10:45:24,52.5,44.75,1200,46.55,2400,0,18000
INFY30Jan20780PE.NFO,07/01/2020,10:45:28,52.5,44.8,2400,46.55,2400,0,18000
INFY30Jan20780PE.NFO,07/01/2020,10:45:40,52.5,44.8,2400,46.55,1200,0,18000
INFY30Jan20780PE.NFO,07/01/2020,10:45:45,52.5,44.8,2400,46.55,2400,0,18000
INFY30Jan20780PE.NFO,07/01/2020,10:45:49,52.5,44.8,2400,46.55,1200,0,18000
INFY30Jan20780PE.NFO,07/01/2020,10:45:52,52.5,44.8,2400,46.55,2400,0,18000
INFY30Jan20780PE.NFO,07/01/2020,10:46:04,52.5,44.8,2400,46.55,1200,0,18000
INFY30Jan20780PE.NFO,07/01/2020,10:46:07,52.5,44.8,1200,46.55,1200,0,18000
INFY30Jan20780PE.NFO,07/01/2020,10:46:14,52.5,44.9,1200,46.55,1200,0,18000
INFY30Jan20780PE.NFO,07/01/2020,10:47:20,52.5,44.7,1200,46.25,1200,0,18000
INFY30Jan20780PE.NFO,07/01/2020,10:47:41,52.5,44.7,1200,46.25,2400,0,18000
INFY30Jan20780PE.NFO,07/01/2020,10:47:48,52.5,44.7,1200,46.25,1200,0,18000
INFY30Jan20780PE.NFO,07/01/2020,10:47:56,52.5,44.7,1200,46.25,2400,0,18000
INFY30Jan20780PE.NFO,07/01/2020,10:48:14,52.5,44.7,1200,46.25,1200,0,18000
INFY30Jan20780PE.NFO,07/01/2020,10:48:44,52.5,44.7,1200,46.25,2400,0,18000
INFY30Jan20780PE.NFO,07/01/2020,10:48:52,52.5,44.7,1200,46.15,2400,0,18000
INFY30Jan20780PE.NFO,07/01/2020,10:48:59,52.5,44.15,2400,45.75,1200,0,18000
INFY30Jan20780PE.NFO,07/01/2020,10:49:03,52.5,44.15,3600,45.75,2400,0,18000
INFY30Jan20780PE.NFO,07/01/2020,10:49:14,52.5,44.15,3600,45.75,1200,0,18000
INFY30Jan20780PE.NFO,07/01/2020,10:49:37,52.5,44.25,2400,45.75,1200,0,18000
INFY30Jan20780PE.NFO,07/01/2020,10:49:59,52.5,44.25,3600,45.75,1200,0,18000
INFY30Jan20780PE.NFO,07/01/2020,10:50:05,52.5,44.45,1200,45.75,1200,0,18000
INFY30Jan20780PE.NFO,07/01/2020,10:51:33,52.5,44.45,2400,45.75,1200,0,18000
INFY30Jan20780PE.NFO,07/01/2020,10:51:35,52.5,44.45,1200,45.75,1200,0,18000
INFY30Jan20780PE.NFO,07/01/2020,10:52:12,52.5,44.45,2400,45.75,1200,0,18000
INFY30Jan20780PE.NFO,07/01/2020,10:52:21,52.5,44.6,1200,46.55,1200,0,18000
INFY30Jan20780PE.NFO,07/01/2020,10:52:36,52.5,44.65,1200,46.1,2400,0,18000
INFY30Jan20780PE.NFO,07/01/2020,10:52:41,52.5,44.65,2400,46.1,2400,0,18000
INFY30Jan20780PE.NFO,07/01/2020,10:52:53,52.5,44.75,1200,46.1,1200,0,18000
INFY30Jan20780PE.NFO,07/01/2020,10:53:35,52.5,44.15,4800,45.95,1200,0,18000
INFY30Jan20780PE.NFO,07/01/2020,10:53:40,52.5,43.6,6000,45.65,1200,0,18000
INFY30Jan20780PE.NFO,07/01/2020,10:53:45,52.5,44,1200,45.4,1200,0,18000
INFY30Jan20780PE.NFO,07/01/2020,10:53:57,52.5,44.15,1200,45.4,1200,0,18000
INFY30Jan20780PE.NFO,07/01/2020,10:54:06,52.5,44.15,2400,45.4,1200,0,18000
INFY30Jan20780PE.NFO,07/01/2020,10:54:11,52.5,44.15,1200,45.4,1200,0,18000
INFY30Jan20780PE.NFO,07/01/2020,10:54:40,52.5,44.15,2400,45.4,1200,0,18000
INFY30Jan20780PE.NFO,07/01/2020,10:54:44,52.5,44.25,1200,45.4,1200,0,18000
INFY30Jan20780PE.NFO,07/01/2020,10:55:03,52.5,44.6,1200,46.05,2400,0,18000
INFY30Jan20780PE.NFO,07/01/2020,10:55:08,52.5,43.9,1200,45.65,1200,0,18000
INFY30Jan20780PE.NFO,07/01/2020,10:55:13,52.5,44.15,2400,45.65,1200,0,18000
INFY30Jan20780PE.NFO,07/01/2020,10:55:18,52.5,44.4,1200,45.65,1200,0,18000
INFY30Jan20780PE.NFO,07/01/2020,10:55:23,52.5,44.45,1200,45.65,1200,0,18000
INFY30Jan20780PE.NFO,07/01/2020,10:55:35,52.5,44.8,1200,46.55,1200,0,18000
INFY30Jan20780PE.NFO,07/01/2020,10:55:51,52.5,44.55,1200,46.55,1200,0,18000
INFY30Jan20780PE.NFO,07/01/2020,10:55:56,52.5,44.8,1200,46.45,1200,0,18000
INFY30Jan20780PE.NFO,07/01/2020,10:56:00,52.5,44.65,1200,46.45,1200,0,18000
INFY30Jan20780PE.NFO,07/01/2020,10:56:04,52.5,44.7,1200,46.45,1200,0,18000
INFY30Jan20780PE.NFO,07/01/2020,10:56:36,52.5,44,2400,46.45,1200,0,18000
INFY30Jan20780PE.NFO,07/01/2020,10:56:41,52.5,44,2400,46.35,1200,0,18000
INFY30Jan20780PE.NFO,07/01/2020,10:57:17,52.5,44,2400,46.1,1200,0,18000
INFY30Jan20780PE.NFO,07/01/2020,10:57:23,52.5,44,2400,45.85,2400,0,18000
INFY30Jan20780PE.NFO,07/01/2020,10:57:30,52.5,44,2400,45.75,2400,0,18000
INFY30Jan20780PE.NFO,07/01/2020,10:57:44,52.5,44,1200,45.7,1200,0,18000
INFY30Jan20780PE.NFO,07/01/2020,10:57:50,52.5,44,1200,45.45,2400,0,18000
INFY30Jan20780PE.NFO,07/01/2020,10:57:56,52.5,43.65,2400,45.15,2400,0,18000
INFY30Jan20780PE.NFO,07/01/2020,10:58:02,52.5,43.85,1200,45.9,1200,0,18000
INFY30Jan20780PE.NFO,07/01/2020,10:58:08,52.5,44.3,1200,45.65,1200,0,18000
INFY30Jan20780PE.NFO,07/01/2020,10:58:21,52.5,44.3,2400,45.65,1200,0,18000
INFY30Jan20780PE.NFO,07/01/2020,10:58:28,52.5,44.3,1200,45.65,1200,0,18000
INFY30Jan20780PE.NFO,07/01/2020,10:58:53,52.5,43.9,1200,45.35,1200,0,18000
INFY30Jan20780PE.NFO,07/01/2020,10:59:12,52.5,43.75,1200,45.35,1200,0,18000
INFY30Jan20780PE.NFO,07/01/2020,10:59:18,52.5,43.5,1200,44.85,1200,0,18000
INFY30Jan20780PE.NFO,07/01/2020,10:59:36,52.5,43.5,2400,44.85,1200,0,18000
INFY30Jan20780PE.NFO,07/01/2020,10:59:42,52.5,43.8,2400,45.25,1200,0,18000
INFY30Jan20780PE.NFO,07/01/2020,10:59:48,52.5,43.8,2400,45.25,2400,0,18000
INFY30Jan20780PE.NFO,07/01/2020,11:00:13,52.5,42.8,14400,44.7,1200,0,18000
INFY30Jan20780PE.NFO,07/01/2020,11:00:21,52.5,43.35,2400,44.65,1200,0,18000
INFY30Jan20780PE.NFO,07/01/2020,11:00:41,52.5,43.35,2400,45.65,2400,0,18000
INFY30Jan20780PE.NFO,07/01/2020,11:01:01,52.5,43.45,2400,45.65,2400,0,18000
INFY30Jan20780PE.NFO,07/01/2020,11:01:09,52.5,43.45,1200,45.65,2400,0,18000
INFY30Jan20780PE.NFO,07/01/2020,11:01:16,52.5,43.55,1200,45.65,2400,0,18000
INFY30Jan20780PE.NFO,07/01/2020,11:01:31,52.5,43.35,1200,45.25,1200,0,18000
INFY30Jan20780PE.NFO,07/01/2020,11:01:39,52.5,43.55,1200,45.25,1200,0,18000
INFY30Jan20780PE.NFO,07/01/2020,11:01:46,52.5,43.2,1200,45.2,1200,0,18000
INFY30Jan20780PE.NFO,07/01/2020,11:01:54,52.5,43.45,1200,45.25,1200,0,18000
INFY30Jan20780PE.NFO,07/01/2020,11:02:02,52.5,43.45,1200,45.15,1200,0,18000
INFY30Jan20780PE.NFO,07/01/2020,11:02:09,52.5,42.55,14400,45.05,1200,0,18000
INFY30Jan20780PE.NFO,07/01/2020,11:02:15,52.5,42.75,6000,45.05,1200,0,18000
INFY30Jan20780PE.NFO,07/01/2020,11:02:22,52.5,43,2400,45.05,1200,0,18000
INFY30Jan20780PE.NFO,07/01/2020,11:02:28,52.5,43,1200,45.05,1200,0,18000
INFY30Jan20780PE.NFO,07/01/2020,11:02:35,52.5,43.1,1200,45.05,1200,0,18000
INFY30Jan20780PE.NFO,07/01/2020,11:02:41,52.5,43.2,1200,45.05,1200,0,18000
INFY30Jan20780PE.NFO,07/01/2020,11:02:47,52.5,43.3,1200,45.05,1200,0,18000
INFY30Jan20780PE.NFO,07/01/2020,11:03:06,52.5,43.5,1200,45.05,1200,0,18000
INFY30Jan20780PE.NFO,07/01/2020,11:03:14,52.5,42.6,2400,44.4,1200,0,18000
INFY30Jan20780PE.NFO,07/01/2020,11:03:21,52.5,42.85,1200,45,1200,0,18000
INFY30Jan20780PE.NFO,07/01/2020,11:03:27,52.5,43.4,1200,44.9,1200,0,18000
INFY30Jan20780PE.NFO,07/01/2020,11:03:33,52.5,43.6,1200,44.9,1200,0,18000
INFY30Jan20780PE.NFO,07/01/2020,11:03:40,52.5,43.7,1200,44.9,1200,0,18000
INFY30Jan20780PE.NFO,07/01/2020,11:04:27,52.5,43.7,1200,45.85,1200,0,18000
INFY30Jan20780PE.NFO,07/01/2020,11:04:34,52.5,43.7,1200,45.75,1200,0,18000
INFY30Jan20780PE.NFO,07/01/2020,11:04:41,52.5,43.7,1200,45.65,1200,0,18000
INFY30Jan20780PE.NFO,07/01/2020,11:04:48,52.5,43.8,1200,45.65,1200,0,18000
INFY30Jan20780PE.NFO,07/01/2020,11:05:09,52.5,43.95,1200,46.25,1200,0,18000
INFY30Jan20780PE.NFO,07/01/2020,11:05:15,52.5,44.2,1200,45.8,1200,0,18000
INFY30Jan20780PE.NFO,07/01/2020,11:05:23,52.5,44.3,1200,45.8,1200,0,18000
INFY30Jan20780PE.NFO,07/01/2020,11:05:36,52.5,44.3,2400,45.8,2400,0,18000
INFY30Jan20780PE.NFO,07/01/2020,11:05:43,52.5,44.4,1200,45.8,1200,0,18000
INFY30Jan20780PE.NFO,07/01/2020,11:05:50,52.5,44.7,1200,46.5,1200,0,18000
INFY30Jan20780PE.NFO,07/01/2020,11:05:57,52.5,44.55,1200,45.95,1200,0,18000
INFY30Jan20780PE.NFO,07/01/2020,11:06:35,52.5,44.55,2400,45.95,1200,0,18000
INFY30Jan20780PE.NFO,07/01/2020,11:06:40,52.5,44.05,1200,45.9,1200,0,18000
INFY30Jan20780PE.NFO,07/01/2020,11:06:45,52.5,44.2,2400,45.65,1200,0,18000
INFY30Jan20780PE.NFO,07/01/2020,11:06:50,52.5,44.2,1200,45.65,1200,0,18000
INFY30Jan20780PE.NFO,07/01/2020,11:06:55,52.5,44.2,2400,45.65,1200,0,18000
INFY30Jan20780PE.NFO,07/01/2020,11:07:06,52.5,43.65,1200,45.3,1200,0,18000
INFY30Jan20780PE.NFO,07/01/2020,11:07:11,52.5,43.7,1200,45.15,1200,0,18000
INFY30Jan20780PE.NFO,07/01/2020,11:07:16,52.5,43.7,1200,45.15,2400,0,18000
INFY30Jan20780PE.NFO,07/01/2020,11:07:26,52.5,43.7,1200,45.15,1200,0,18000
INFY30Jan20780PE.NFO,07/01/2020,11:07:32,52.5,43.8,2400,45.15,1200,0,18000
INFY30Jan20780PE.NFO,07/01/2020,11:07:37,52.5,43.8,1200,46,1200,0,18000
INFY30Jan20780PE.NFO,07/01/2020,11:07:43,52.5,44.35,1200,46,1200,0,18000
INFY30Jan20780PE.NFO,07/01/2020,11:07:59,52.5,44.45,1200,46,1200,0,18000
INFY30Jan20780PE.NFO,07/01/2020,11:08:13,52.5,44.15,2400,46,1200,0,18000
INFY30Jan20780PE.NFO,07/01/2020,11:08:18,52.5,44.55,2400,46,1200,0,18000
INFY30Jan20780PE.NFO,07/01/2020,11:08:23,52.5,44.65,1200,46,1200,0,18000
INFY30Jan20780PE.NFO,07/01/2020,11:09:13,52.5,44.65,2400,46,1200,0,18000
INFY30Jan20780PE.NFO,07/01/2020,11:09:18,52.5,44.65,1200,46,1200,0,18000
INFY30Jan20780PE.NFO,07/01/2020,11:09:37,52.5,44.65,2400,46,1200,0,18000
INFY30Jan20780PE.NFO,07/01/2020,11:09:42,52.5,44.75,1200,46,1200,0,18000
INFY30Jan20780PE.NFO,07/01/2020,11:10:07,52.5,44.85,1200,46,1200,0,18000
INFY30Jan20780PE.NFO,07/01/2020,11:11:24,52.5,44.9,1200,46.8,1200,0,18000
INFY30Jan20780PE.NFO,07/01/2020,11:11:32,52.5,45.15,1200,46.45,1200,0,18000
INFY30Jan20780PE.NFO,07/01/2020,11:11:53,52.5,44.7,2400,46.25,2400,0,18000
INFY30Jan20780PE.NFO,07/01/2020,11:11:59,52.5,45.2,1200,47.1,1200,0,18000
INFY30Jan20780PE.NFO,07/01/2020,11:12:07,52.5,44.8,1200,46.2,2400,0,18000
INFY30Jan20780PE.NFO,07/01/2020,11:12:41,52.5,44.8,1200,46.2,1200,0,18000
INFY30Jan20780PE.NFO,07/01/2020,11:12:46,52.5,44.9,2400,46.2,1200,0,18000
INFY30Jan20780PE.NFO,07/01/2020,11:12:51,52.5,44.9,2400,46.2,2400,0,18000
INFY30Jan20780PE.NFO,07/01/2020,11:13:02,52.5,44.9,2400,46.2,1200,0,18000
INFY30Jan20780PE.NFO,07/01/2020,11:13:13,52.5,44.9,2400,46.2,2400,0,18000
INFY30Jan20780PE.NFO,07/01/2020,11:13:25,52.5,44.9,2400,46.2,1200,0,18000
INFY30Jan20780PE.NFO,07/01/2020,11:13:30,52.5,45,1200,46.2,1200,0,18000
INFY30Jan20780PE.NFO,07/01/2020,11:13:36,52.5,45,1200,47.1,2400,0,18000
INFY30Jan20780PE.NFO,07/01/2020,11:13:42,52.5,45.25,1200,47,1200,0,18000
INFY30Jan20780PE.NFO,07/01/2020,11:13:48,52.5,45.05,1200,46.35,1200,0,18000
INFY30Jan20780PE.NFO,07/01/2020,11:13:54,52.5,44.9,1200,46.35,1200,0,18000
INFY30Jan20780PE.NFO,07/01/2020,11:13:59,52.5,44.9,2400,46.25,2400,0,18000
INFY30Jan20780PE.NFO,07/01/2020,11:14:16,52.5,44.7,1200,45.95,1200,0,18000
INFY30Jan20780PE.NFO,07/01/2020,11:14:48,52.5,44.7,2400,45.95,1200,0,18000
INFY30Jan20780PE.NFO,07/01/2020,11:15:05,52.5,44.7,1200,46.6,1200,0,18000
INFY30Jan20780PE.NFO,07/01/2020,11:15:12,52.5,44.9,1200,46.25,2400,0,18000
INFY30Jan20780PE.NFO,07/01/2020,11:15:17,52.5,44.9,1200,46.25,1200,0,18000
INFY30Jan20780PE.NFO,07/01/2020,11:15:22,52.5,44.75,1200,46.05,1200,0,18000
INFY30Jan20780PE.NFO,07/01/2020,11:15:27,52.5,44.95,2400,46.05,1200,0,18000
INFY30Jan20780PE.NFO,07/01/2020,11:15:38,52.5,44.95,1200,46.05,1200,0,18000
INFY30Jan20780PE.NFO,07/01/2020,11:15:44,52.5,44.55,1200,46.05,2400,0,18000
INFY30Jan20780PE.NFO,07/01/2020,11:15:49,52.5,44.6,2400,46.05,1200,0,18000
INFY30Jan20780PE.NFO,07/01/2020,11:15:59,52.5,45,1200,46.05,1200,0,18000
INFY30Jan20780PE.NFO,07/01/2020,11:16:25,52.5,44.7,1200,46.05,2400,0,18000
INFY30Jan20780PE.NFO,07/01/2020,11:16:31,52.5,45,1200,46.05,1200,0,18000
INFY30Jan20780PE.NFO,07/01/2020,11:16:54,52.5,45.25,1200,47,2400,0,18000
INFY30Jan20780PE.NFO,07/01/2020,11:17:01,52.5,45.3,1200,47,2400,0,18000
INFY30Jan20780PE.NFO,07/01/2020,11:17:24,52.5,45.4,1200,47,2400,0,18000
INFY30Jan20780PE.NFO,07/01/2020,11:17:33,52.5,45.2,1200,47,2400,0,18000
INFY30Jan20780PE.NFO,07/01/2020,11:17:41,52.5,44.5,8400,47,2400,0,18000
INFY30Jan20780PE.NFO,07/01/2020,11:17:47,52.5,45.15,1200,47,2400,0,18000
INFY30Jan20780PE.NFO,07/01/2020,11:17:52,52.5,45.25,1200,47,2400,0,18000
INFY30Jan20780PE.NFO,07/01/2020,11:18:00,52.5,44.9,1200,47,2400,0,18000
INFY30Jan20780PE.NFO,07/01/2020,11:18:06,52.5,45.25,1200,47,2400,0,18000
INFY30Jan20780PE.NFO,07/01/2020,11:18:27,52.5,44.8,2400,47,2400,0,18000
INFY30Jan20780PE.NFO,07/01/2020,11:18:32,52.5,44.8,1200,47,2400,0,18000
INFY30Jan20780PE.NFO,07/01/2020,11:18:37,52.5,45.2,1200,46.65,1200,0,18000
INFY30Jan20780PE.NFO,07/01/2020,11:18:44,52.5,45.2,1200,46.5,1200,0,18000
INFY30Jan20780PE.NFO,07/01/2020,11:18:56,52.5,44.9,1200,46.4,2400,0,18000
INFY30Jan20780PE.NFO,07/01/2020,11:19:07,52.5,44.9,1200,46.4,1200,0,18000
INFY30Jan20780PE.NFO,07/01/2020,11:21:27,52.5,45,1200,46.4,1200,0,18000
INFY30Jan20780PE.NFO,07/01/2020,11:21:34,52.5,45,1200,47.15,1200,0,18000
INFY30Jan20780PE.NFO,07/01/2020,11:21:39,52.5,45,1200,46.5,1200,0,18000
INFY30Jan20780PE.NFO,07/01/2020,11:21:45,52.5,45,1200,46.45,2400,0,18000
INFY30Jan20780PE.NFO,07/01/2020,11:21:58,52.5,45.1,1200,46.45,1200,0,18000
INFY30Jan20780PE.NFO,07/01/2020,11:22:23,52.5,45.1,1200,47.15,1200,0,18000
INFY30Jan20780PE.NFO,07/01/2020,11:22:28,52.5,45.1,1200,46.55,1200,0,18000
INFY30Jan20780PE.NFO,07/01/2020,11:22:33,52.5,45.1,1200,46.5,2400,0,18000
INFY30Jan20780PE.NFO,07/01/2020,11:23:07,52.5,45.1,1200,46.45,1200,0,18000
INFY30Jan20780PE.NFO,07/01/2020,11:23:12,52.5,45.1,1200,46.4,2400,0,18000
INFY30Jan20780PE.NFO,07/01/2020,11:24:04,52.5,44.5,4800,46.4,2400,0,18000
INFY30Jan20780PE.NFO,07/01/2020,11:24:10,52.5,44.65,2400,46.4,2400,0,18000
INFY30Jan20780PE.NFO,07/01/2020,11:24:29,52.5,44.85,2400,47.1,1200,0,18000
INFY30Jan20780PE.NFO,07/01/2020,11:24:34,52.5,44.85,2400,47,1200,0,18000
INFY30Jan20780PE.NFO,07/01/2020,11:25:50,52.5,44.95,2400,47,1200,0,18000
INFY30Jan20780PE.NFO,07/01/2020,11:27:09,52.5,45.05,2400,47,1200,0,18000
INFY30Jan20780PE.NFO,07/01/2020,11:28:00,52.5,45.15,2400,47,1200,0,18000
INFY30Jan20780PE.NFO,07/01/2020,11:28:08,52.5,45.15,1200,47,1200,0,18000
INFY30Jan20780PE.NFO,07/01/2020,11:28:33,52.5,45.15,1200,46.9,1200,0,18000
INFY30Jan20780PE.NFO,07/01/2020,11:29:20,52.5,45.25,1200,46.9,1200,0,18000
INFY30Jan20780PE.NFO,07/01/2020,11:31:09,52.5,45.35,1200,46.9,2400,0,18000
INFY30Jan20780PE.NFO,07/01/2020,11:31:32,52.5,45.45,1200,46.9,1200,0,18000
INFY30Jan20780PE.NFO,07/01/2020,11:33:05,52.5,45.45,1200,46.9,2400,0,18000
INFY30Jan20780PE.NFO,07/01/2020,11:33:21,52.5,45.45,1200,46.9,1200,0,18000
INFY30Jan20780PE.NFO,07/01/2020,11:33:30,52.5,45.45,1200,46.9,2400,0,18000
INFY30Jan20780PE.NFO,07/01/2020,11:33:42,52.5,45.45,1200,46.9,1200,0,18000
INFY30Jan20780PE.NFO,07/01/2020,11:33:51,52.5,45.55,1200,46.9,1200,0,18000
INFY30Jan20780PE.NFO,07/01/2020,11:34:08,52.5,45,1200,46.75,1200,0,18000
INFY30Jan20780PE.NFO,07/01/2020,11:34:15,52.5,45.15,2400,46.6,2400,0,18000
INFY30Jan20780PE.NFO,07/01/2020,11:34:34,52.5,44.4,2400,46.15,1200,0,18000
INFY30Jan20780PE.NFO,07/01/2020,11:34:40,52.5,44.4,2400,46.1,1200,0,18000
INFY30Jan20780PE.NFO,07/01/2020,11:34:51,52.5,44.45,1200,46.65,1200,0,18000
INFY30Jan20780PE.NFO,07/01/2020,11:34:57,52.5,44.5,2400,46.5,2400,0,18000
INFY30Jan20780PE.NFO,07/01/2020,11:35:13,52.5,44.65,2400,46.4,2400,0,18000
INFY30Jan20780PE.NFO,07/01/2020,11:35:19,52.5,45.15,1200,46.4,1200,0,18000
INFY30Jan20780PE.NFO,07/01/2020,11:35:26,52.5,44.85,1200,46.3,1200,0,18000
INFY30Jan20780PE.NFO,07/01/2020,11:35:32,52.5,45.35,1200,47.25,2400,0,18000
INFY30Jan20780PE.NFO,07/01/2020,11:35:38,52.5,45.2,1200,47.25,2400,0,18000
INFY30Jan20780PE.NFO,07/01/2020,11:35:43,52.5,45.3,1200,46.8,1200,0,18000
INFY30Jan20780PE.NFO,07/01/2020,11:35:49,52.5,44.6,2400,46.45,2400,0,18000
INFY30Jan20780PE.NFO,07/01/2020,11:35:55,52.5,44.7,2400,46.75,1200,0,18000
INFY30Jan20780PE.NFO,07/01/2020,11:36:17,52.5,44.9,2400,46.75,1200,0,18000
INFY30Jan20780PE.NFO,07/01/2020,11:36:22,52.5,44.9,2400,46.7,2400,0,18000
INFY30Jan20780PE.NFO,07/01/2020,11:36:31,52.5,44.9,2400,47.7,2400,0,18000
INFY30Jan20780PE.NFO,07/01/2020,11:36:36,52.5,44.9,2400,46.9,1200,0,18000
INFY30Jan20780PE.NFO,07/01/2020,11:36:40,52.5,44.9,2400,47.65,3600,0,18000
INFY30Jan20780PE.NFO,07/01/2020,11:36:46,52.5,44.9,2400,47.2,1200,0,18000
INFY30Jan20780PE.NFO,07/01/2020,11:36:52,52.5,44.9,2400,46.65,2400,0,18000
INFY30Jan20780PE.NFO,07/01/2020,11:36:59,52.5,45,2400,46.55,1200,0,18000
INFY30Jan20780PE.NFO,07/01/2020,11:37:05,52.5,45.1,2400,46.55,1200,0,18000
INFY30Jan20780PE.NFO,07/01/2020,11:37:27,52.5,44.55,6000,46.55,1200,0,18000
INFY30Jan20780PE.NFO,07/01/2020,11:37:31,52.5,44.8,2400,46.4,1200,0,18000
INFY30Jan20780PE.NFO,07/01/2020,11:37:48,52.5,44.8,2400,46.35,2400,0,18000
INFY30Jan20780PE.NFO,07/01/2020,11:38:01,52.5,44.9,3600,46.35,1200,0,18000
INFY30Jan20780PE.NFO,07/01/2020,11:38:04,52.5,44.9,2400,46.35,1200,0,18000
INFY30Jan20780PE.NFO,07/01/2020,11:38:30,52.5,45.15,1200,47.1,1200,0,18000
INFY30Jan20780PE.NFO,07/01/2020,11:38:33,52.5,45,1200,46.95,1200,0,18000
INFY30Jan20780PE.NFO,07/01/2020,11:38:37,52.5,45,1200,46.55,2400,0,18000
INFY30Jan20780PE.NFO,07/01/2020,11:38:44,52.5,45,1200,46.55,1200,0,18000
INFY30Jan20780PE.NFO,07/01/2020,11:39:29,52.5,45,1200,46.55,2400,0,18000
INFY30Jan20780PE.NFO,07/01/2020,11:39:41,52.5,45,1200,46.45,2400,0,18000
INFY30Jan20780PE.NFO,07/01/2020,11:40:10,52.5,45,1200,46.45,1200,0,18000
INFY30Jan20780PE.NFO,07/01/2020,11:40:41,52.5,45.05,2400,46.45,1200,0,18000
INFY30Jan20780PE.NFO,07/01/2020,11:40:45,52.5,45.25,1200,47.3,1200,0,18000
INFY30Jan20780PE.NFO,07/01/2020,11:40:48,52.5,45.45,1200,46.9,2400,0,18000
INFY30Jan20780PE.NFO,07/01/2020,11:40:51,52.5,44.7,3600,46.8,1200,0,18000
INFY30Jan20780PE.NFO,07/01/2020,11:40:54,52.5,45,1200,46.45,1200,0,18000
INFY30Jan20780PE.NFO,07/01/2020,11:42:29,52.5,45.05,2400,46.4,1200,0,18000
INFY30Jan20780PE.NFO,07/01/2020,11:42:38,52.5,45.05,1200,46.4,1200,0,18000
INFY30Jan20780PE.NFO,07/01/2020,11:42:51,52.5,45.05,2400,46.4,1200,0,18000
INFY30Jan20780PE.NFO,07/01/2020,11:43:38,52.5,45.3,1200,46.8,1200,0,18000
INFY30Jan20780PE.NFO,07/01/2020,11:43:41,52.5,45.25,2400,46.65,1200,0,18000
INFY30Jan20780PE.NFO,07/01/2020,11:45:02,52.5,45.1,1200,46.5,1200,0,18000
INFY30Jan20780PE.NFO,07/01/2020,11:45:06,52.5,45.1,1200,46.45,2400,0,18000
INFY30Jan20780PE.NFO,07/01/2020,11:46:22,52.5,45.1,1200,46.45,1200,0,18000
INFY30Jan20780PE.NFO,07/01/2020,11:46:59,52.5,45.1,1200,47.1,1200,0,18000
INFY30Jan20780PE.NFO,07/01/2020,11:47:02,52.5,45.1,1200,46.9,1200,0,18000
INFY30Jan20780PE.NFO,07/01/2020,11:47:05,52.5,45.1,1200,46.5,1200,0,18000
INFY30Jan20780PE.NFO,07/01/2020,11:47:08,52.5,45.1,1200,46.45,2400,0,18000
INFY30Jan20780PE.NFO,07/01/2020,11:47:10,52.5,45.1,1200,46.45,1200,0,18000
INFY30Jan20780PE.NFO,07/01/2020,11:47:17,52.5,45.1,1200,46.45,2400,0,18000
INFY30Jan20780PE.NFO,07/01/2020,11:47:26,52.5,45.1,1200,46.45,1200,0,18000
INFY30Jan20780PE.NFO,07/01/2020,11:47:50,52.5,45.2,1200,47.35,2400,0,18000
INFY30Jan20780PE.NFO,07/01/2020,11:48:10,52.5,45.2,1200,46.95,1200,0,18000
INFY30Jan20780PE.NFO,07/01/2020,11:48:13,52.5,45.2,1200,46.55,1200,0,18000
INFY30Jan20780PE.NFO,07/01/2020,11:48:18,52.5,45.2,1200,46.5,2400,0,18000
INFY30Jan20780PE.NFO,07/01/2020,11:48:22,52.5,45.2,1200,46.5,1200,0,18000
INFY30Jan20780PE.NFO,07/01/2020,11:48:44,52.5,45.2,1200,46.5,2400,0,18000
INFY30Jan20780PE.NFO,07/01/2020,11:48:47,52.5,45.2,1200,46.5,1200,0,18000
INFY30Jan20780PE.NFO,07/01/2020,11:49:05,52.5,45.2,2400,46.5,2400,0,18000
INFY30Jan20780PE.NFO,07/01/2020,11:50:11,52.5,45.4,2400,46.5,1200,0,18000
INFY30Jan20780PE.NFO,07/01/2020,11:50:16,52.5,45.45,1200,46.5,1200,0,18000
INFY30Jan20780PE.NFO,07/01/2020,11:50:30,52.5,45.4,2400,46.5,1200,0,18000
INFY30Jan20780PE.NFO,07/01/2020,11:50:35,52.5,45.5,1200,46.5,1200,0,18000
INFY30Jan20780PE.NFO,07/01/2020,11:51:16,52.5,44.6,14400,46.45,1200,0,18000
INFY30Jan20780PE.NFO,07/01/2020,11:51:20,52.5,44.95,1200,46.45,1200,0,18000
INFY30Jan20780PE.NFO,07/01/2020,11:51:24,52.5,45,2400,46.5,2400,0,18000
INFY30Jan20780PE.NFO,07/01/2020,11:51:29,52.5,45.2,1200,46.4,1200,0,18000
INFY30Jan20780PE.NFO,07/01/2020,11:51:34,52.5,45.45,1200,47.2,1200,0,18000
INFY30Jan20780PE.NFO,07/01/2020,11:51:39,52.5,45.55,1200,46.8,2400,0,18000
INFY30Jan20780PE.NFO,07/01/2020,11:51:46,52.5,45.6,2400,46.8,1200,0,18000
INFY30Jan20780PE.NFO,07/01/2020,11:51:50,52.5,45.1,2400,46.8,1200,0,18000
INFY30Jan20780PE.NFO,07/01/2020,11:51:53,52.5,45.25,1200,46.65,1200,0,18000
INFY30Jan20780PE.NFO,07/01/2020,11:51:57,52.5,45.3,1200,46.5,1200,0,18000
INFY30Jan20780PE.NFO,07/01/2020,11:51:59,52.5,45.55,1200,47.35,1200,0,18000
INFY30Jan20780PE.NFO,07/01/2020,11:52:02,52.5,45.75,1200,47.05,1200,0,18000
INFY30Jan20780PE.NFO,07/01/2020,11:52:05,52.5,45.7,2400,47,1200,0,18000
INFY30Jan20780PE.NFO,07/01/2020,11:52:08,52.5,44.8,10800,46.85,1200,0,18000
INFY30Jan20780PE.NFO,07/01/2020,11:52:10,52.5,45.15,2400,46.8,1200,0,18000
INFY30Jan20780PE.NFO,07/01/2020,11:52:22,52.5,45.4,1200,46.75,1200,0,18000
INFY30Jan20780PE.NFO,07/01/2020,11:52:24,52.5,45.45,1200,46.8,1200,0,18000
INFY30Jan20780PE.NFO,07/01/2020,11:52:40,52.5,45.65,2400,46.8,1200,0,18000
INFY30Jan20780PE.NFO,07/01/2020,11:52:57,52.5,45.45,2400,47.05,1200,0,18000
INFY30Jan20780PE.NFO,07/01/2020,11:53:01,52.5,45.55,2400,46.8,1200,0,18000
INFY30Jan20780PE.NFO,07/01/2020,11:53:04,52.5,44.8,10800,46.55,1200,0,18000
INFY30Jan20780PE.NFO,07/01/2020,11:53:26,52.5,45.2,1200,46.6,2400,0,18000
INFY30Jan20780PE.NFO,07/01/2020,11:53:29,52.5,45.3,2400,46.6,2400,0,18000
INFY30Jan20780PE.NFO,07/01/2020,11:53:35,52.5,45.4,1200,46.6,1200,0,18000
INFY30Jan20780PE.NFO,07/01/2020,11:54:53,52.5,45.4,2400,46.6,2400,0,18000
INFY30Jan20780PE.NFO,07/01/2020,11:55:21,52.5,45.55,1200,47.25,1200,0,18000
INFY30Jan20780PE.NFO,07/01/2020,11:55:24,52.5,45.55,1200,46.9,2400,0,18000
INFY30Jan20780PE.NFO,07/01/2020,11:55:36,52.5,45.6,2400,46.8,1200,0,18000
INFY30Jan20780PE.NFO,07/01/2020,11:55:47,52.5,45.6,2400,46.8,2400,0,18000
INFY30Jan20780PE.NFO,07/01/2020,11:56:04,52.5,44.9,10800,46.65,1200,0,18000
INFY30Jan20780PE.NFO,07/01/2020,11:56:08,52.5,45.3,1200,46.7,1200,0,18000
INFY30Jan20780PE.NFO,07/01/2020,11:56:10,52.5,45.45,1200,46.75,2400,0,18000
INFY30Jan20780PE.NFO,07/01/2020,11:56:34,52.5,45.7,1200,47.8,4800,0,18000
INFY30Jan20780PE.NFO,07/01/2020,11:56:35,52.5,45.8,1200,47.6,2400,0,18000
INFY30Jan20780PE.NFO,07/01/2020,11:56:38,52.5,45.55,1200,47.45,1200,0,18000
INFY30Jan20780PE.NFO,07/01/2020,11:56:43,52.5,45.7,1200,47,1200,0,18000
INFY30Jan20780PE.NFO,07/01/2020,11:56:46,52.5,45.65,2400,46.85,2400,0,18000
INFY30Jan20780PE.NFO,07/01/2020,11:57:02,52.5,44.75,12000,46.85,2400,0,18000
INFY30Jan20780PE.NFO,07/01/2020,11:57:04,52.5,45.25,1200,46.6,1200,0,18000
INFY30Jan20780PE.NFO,07/01/2020,11:57:07,52.5,45.4,1200,46.65,2400,0,18000
INFY30Jan20780PE.NFO,07/01/2020,11:57:55,52.5,45.5,1200,46.65,1200,0,18000
INFY30Jan20780PE.NFO,07/01/2020,11:58:03,52.5,45.5,2400,46.65,1200,0,18000
INFY30Jan20780PE.NFO,07/01/2020,11:58:12,52.5,45.5,1200,46.65,1200,0,18000
INFY30Jan20780PE.NFO,07/01/2020,11:58:21,52.5,45.5,2400,46.65,1200,0,18000
INFY30Jan20780PE.NFO,07/01/2020,11:58:26,52.5,45.55,1200,46.65,1200,0,18000
INFY30Jan20780PE.NFO,07/01/2020,11:58:28,52.5,45.6,1200,46.65,1200,0,18000
INFY30Jan20780PE.NFO,07/01/2020,11:59:05,52.5,44.95,4800,46.5,1200,0,18000
INFY30Jan20780PE.NFO,07/01/2020,11:59:07,52.5,45.1,2400,46.5,1200,0,18000
INFY30Jan20780PE.NFO,07/01/2020,12:00:31,52.5,45.1,1200,46.5,1200,0,18000
INFY30Jan20780PE.NFO,07/01/2020,12:00:34,52.5,45.3,2400,46.55,1200,0,18000
INFY30Jan20780PE.NFO,07/01/2020,12:00:44,52.5,45.3,2400,46.55,2400,0,18000
INFY30Jan20780PE.NFO,07/01/2020,12:00:46,52.5,45.4,1200,46.55,1200,0,18000
INFY30Jan20780PE.NFO,07/01/2020,12:01:21,52.5,45.55,1200,47.25,1200,0,18000
INFY30Jan20780PE.NFO,07/01/2020,12:01:24,52.5,45.7,2400,46.9,1200,0,18000
INFY30Jan20780PE.NFO,07/01/2020,12:01:28,52.5,45.35,1200,46.75,1200,0,18000
INFY30Jan20780PE.NFO,07/01/2020,12:01:31,52.5,45.6,1200,46.8,2400,0,18000
INFY30Jan20780PE.NFO,07/01/2020,12:01:58,52.5,45.7,2400,46.8,1200,0,18000
INFY30Jan20780PE.NFO,07/01/2020,12:02:12,52.5,45.8,1200,46.8,1200,0,18000
INFY30Jan20780PE.NFO,07/01/2020,12:02:15,52.5,45.3,3600,46.7,1200,0,18000
INFY30Jan20780PE.NFO,07/01/2020,12:02:18,52.5,45.5,1200,47.75,2400,0,18000
INFY30Jan20780PE.NFO,07/01/2020,12:02:21,52.5,45.8,1200,47.75,2400,0,18000
INFY30Jan20780PE.NFO,07/01/2020,12:02:23,52.5,45.9,1200,47.75,2400,0,18000
INFY30Jan20780PE.NFO,07/01/2020,12:02:27,52.5,46,1200,47.75,2400,0,18000
INFY30Jan20780PE.NFO,07/01/2020,12:02:37,52.5,46.1,1200,47.75,2400,0,18000
INFY30Jan20780PE.NFO,07/01/2020,12:02:44,52.5,45.8,1200,47.5,2400,0,18000
INFY30Jan20780PE.NFO,07/01/2020,12:02:50,52.5,45.9,1200,47.1,2400,0,18000
INFY30Jan20780PE.NFO,07/01/2020,12:02:54,52.5,45.1,2400,46.75,1200,0,18000
INFY30Jan20780PE.NFO,07/01/2020,12:03:02,52.5,45.1,2400,47,1200,0,18000
INFY30Jan20780PE.NFO,07/01/2020,12:03:37,52.5,45.1,2400,46.9,1200,0,18000
INFY30Jan20780PE.NFO,07/01/2020,12:03:41,52.5,45.2,2400,46.75,1200,0,18000
INFY30Jan20780PE.NFO,07/01/2020,12:03:44,52.5,45.2,2400,46.65,1200,0,18000
INFY30Jan20780PE.NFO,07/01/2020,12:03:57,52.5,45.2,2400,46.9,1200,0,18000
INFY30Jan20780PE.NFO,07/01/2020,12:04:02,52.5,45.2,1200,46.9,1200,0,18000
INFY30Jan20780PE.NFO,07/01/2020,12:05:05,52.5,45.6,1200,46.9,1200,0,18000
INFY30Jan20780PE.NFO,07/01/2020,12:05:20,52.5,45.55,1200,46.9,1200,0,18000
INFY30Jan20780PE.NFO,07/01/2020,12:05:22,52.5,45.1,2400,46.9,1200,0,18000
INFY30Jan20780PE.NFO,07/01/2020,12:05:35,52.5,45.25,1200,46.8,1200,0,18000
INFY30Jan20780PE.NFO,07/01/2020,12:05:39,52.5,45.4,1200,46.6,1200,0,18000
INFY30Jan20780PE.NFO,07/01/2020,12:05:46,52.5,45.4,2400,46.6,1200,0,18000
INFY30Jan20780PE.NFO,07/01/2020,12:05:48,52.5,45.4,1200,47.45,1200,0,18000
INFY30Jan20780PE.NFO,07/01/2020,12:05:51,52.5,45.55,1200,47.2,1200,0,18000
INFY30Jan20780PE.NFO,07/01/2020,12:05:56,52.5,45.7,1200,47.05,2400,0,18000
INFY30Jan20780PE.NFO,07/01/2020,12:06:06,52.5,45.5,1200,47.05,2400,0,18000
INFY30Jan20780PE.NFO,07/01/2020,12:06:10,52.5,45.5,1200,46.85,1200,0,18000
INFY30Jan20780PE.NFO,07/01/2020,12:06:33,52.5,45.65,1200,46.85,1200,0,18000
INFY30Jan20780PE.NFO,07/01/2020,12:06:38,52.5,45.7,1200,46.85,1200,0,18000
INFY30Jan20780PE.NFO,07/01/2020,12:06:41,52.5,45,9600,46.7,1200,0,18000
INFY30Jan20780PE.NFO,07/01/2020,12:06:44,52.5,45.25,1200,46.75,2400,0,18000
INFY30Jan20780PE.NFO,07/01/2020,12:06:47,52.5,45.4,1200,46.75,2400,0,18000
INFY30Jan20780PE.NFO,07/01/2020,12:06:49,52.5,45.4,2400,46.75,2400,0,18000
INFY30Jan20780PE.NFO,07/01/2020,12:07:09,52.5,45.7,1200,46.75,1200,0,18000
INFY30Jan20780PE.NFO,07/01/2020,12:07:16,52.5,45.9,1200,47.2,1200,0,18000
INFY30Jan20780PE.NFO,07/01/2020,12:07:25,52.5,45.4,2400,47.2,1200,0,18000
INFY30Jan20780PE.NFO,07/01/2020,12:07:31,52.5,45.55,1200,47.05,1200,0,18000
INFY30Jan20780PE.NFO,07/01/2020,12:07:33,52.5,45.6,2400,46.9,2400,0,18000
INFY30Jan20780PE.NFO,07/01/2020,12:08:36,52.5,45.6,1200,46.9,2400,0,18000
INFY30Jan20780PE.NFO,07/01/2020,12:10:12,52.5,44.75,9600,46.75,1200,0,18000
INFY30Jan20780PE.NFO,07/01/2020,12:10:16,52.5,44.95,2400,46.35,1200,0,18000
INFY30Jan20780PE.NFO,07/01/2020,12:10:25,52.5,45.05,1200,46.4,2400,0,18000
INFY30Jan20780PE.NFO,07/01/2020,12:10:46,52.5,45.05,1200,46.35,1200,0,18000
INFY30Jan20780PE.NFO,07/01/2020,12:10:49,52.5,45.15,1200,46.4,2400,0,18000
INFY30Jan20780PE.NFO,07/01/2020,12:11:04,52.5,45.15,1200,46.4,1200,0,18000
INFY30Jan20780PE.NFO,07/01/2020,12:11:07,52.5,45.15,1200,47.2,2400,0,18000
INFY30Jan20780PE.NFO,07/01/2020,12:11:54,52.5,45.15,1200,47.1,1200,0,18000
INFY30Jan20780PE.NFO,07/01/2020,12:12:08,52.5,45.15,1200,47,1200,0,18000
INFY30Jan20780PE.NFO,07/01/2020,12:13:04,52.5,45.25,1200,47,1200,0,18000
INFY30Jan20780PE.NFO,07/01/2020,12:13:17,52.5,45.5,1200,47,1200,0,18000
INFY30Jan20780PE.NFO,07/01/2020,12:13:29,52.5,45.6,1200,47,1200,0,18000
INFY30Jan20780PE.NFO,07/01/2020,12:13:35,52.5,45.65,2400,47,1200,0,18000
INFY30Jan20780PE.NFO,07/01/2020,12:13:50,52.5,44.75,14400,47,1200,0,18000
INFY30Jan20780PE.NFO,07/01/2020,12:13:56,52.5,45.35,1200,47,1200,0,18000
INFY30Jan20780PE.NFO,07/01/2020,12:13:59,52.5,45.55,1200,47,1200,0,18000
INFY30Jan20780PE.NFO,07/01/2020,12:14:11,52.5,45.6,2400,47,1200,0,18000
INFY30Jan20780PE.NFO,07/01/2020,12:14:41,52.5,45.6,1200,47,1200,0,18000
INFY30Jan20780PE.NFO,07/01/2020,12:16:10,52.5,44.9,1200,47,1200,0,18000
INFY30Jan20780PE.NFO,07/01/2020,12:16:13,52.5,45.05,2400,47,1200,0,18000
INFY30Jan20780PE.NFO,07/01/2020,12:16:17,52.5,45.05,1200,47,1200,0,18000
INFY30Jan20780PE.NFO,07/01/2020,12:16:26,52.5,45.15,1200,47,1200,0,18000
INFY30Jan20780PE.NFO,07/01/2020,12:17:35,52.5,45.25,2400,47,1200,0,18000
INFY30Jan20780PE.NFO,07/01/2020,12:17:46,52.5,45.5,1200,47,1200,0,18000
INFY30Jan20780PE.NFO,07/01/2020,12:18:56,52.5,45.6,1200,47,1200,0,18000
INFY30Jan20780PE.NFO,07/01/2020,12:19:04,52.5,45.55,2400,47,1200,0,18000
INFY30Jan20780PE.NFO,07/01/2020,12:19:10,52.5,45.6,1200,47,1200,0,18000
INFY30Jan20780PE.NFO,07/01/2020,12:19:18,52.5,45.3,1200,47,1200,0,18000
INFY30Jan20780PE.NFO,07/01/2020,12:19:25,52.5,44.9,9600,47,1200,0,18000
INFY30Jan20780PE.NFO,07/01/2020,12:19:28,52.5,45.15,1200,46.95,1200,0,18000
INFY30Jan20780PE.NFO,07/01/2020,12:19:30,52.5,45.2,1200,47,1200,0,18000
INFY30Jan20780PE.NFO,07/01/2020,12:20:53,52.5,45.35,1200,47,1200,0,18000
INFY30Jan20780PE.NFO,07/01/2020,12:21:09,52.5,45.35,1200,46.9,1200,0,18000
INFY30Jan20780PE.NFO,07/01/2020,12:22:20,52.5,44.7,1200,46.85,1200,0,18000
INFY30Jan20780PE.NFO,07/01/2020,12:22:23,52.5,45.1,1200,46.7,1200,0,18000
INFY30Jan20780PE.NFO,07/01/2020,12:22:27,52.5,44.95,1200,46.7,1200,0,18000
INFY30Jan20780PE.NFO,07/01/2020,12:22:30,52.5,45.2,1200,46.7,1200,0,18000
INFY30Jan20780PE.NFO,07/01/2020,12:22:45,52.5,45.3,1200,46.7,1200,0,18000
INFY30Jan20780PE.NFO,07/01/2020,12:22:48,52.5,45.25,1200,46.7,1200,0,18000
INFY30Jan20780PE.NFO,07/01/2020,12:22:52,52.5,45.05,1200,46.7,1200,0,18000
INFY30Jan20780PE.NFO,07/01/2020,12:22:57,52.5,45.4,2400,46.7,1200,0,18000
INFY30Jan20780PE.NFO,07/01/2020,12:23:00,52.5,45.3,1200,46.7,1200,0,18000
INFY30Jan20780PE.NFO,07/01/2020,12:24:16,52.5,45.2,1200,46.7,1200,0,18000
INFY30Jan20780PE.NFO,07/01/2020,12:24:21,52.5,45.2,1200,46.7,2400,0,18000
INFY30Jan20780PE.NFO,07/01/2020,12:24:29,52.5,45.2,1200,46.6,2400,0,18000
INFY30Jan20780PE.NFO,07/01/2020,12:24:49,52.5,45.15,2400,46.6,2400,0,18000
INFY30Jan20780PE.NFO,07/01/2020,12:25:42,52.5,45.15,2400,46.5,1200,0,18000
INFY30Jan20780PE.NFO,07/01/2020,12:25:46,52.5,44.85,1200,46.5,1200,0,18000
INFY30Jan20780PE.NFO,07/01/2020,12:26:16,52.5,44.85,1200,46.4,1200,0,18000
INFY30Jan20780PE.NFO,07/01/2020,12:26:44,52.5,44.15,3600,46.4,2400,0,18000
INFY30Jan20780PE.NFO,07/01/2020,12:26:48,52.5,44.45,1200,46.1,1200,0,18000
INFY30Jan20780PE.NFO,07/01/2020,12:26:51,52.5,44.5,1200,46,1200,0,18000
INFY30Jan20780PE.NFO,07/01/2020,12:26:55,52.5,44.6,2400,46,2400,0,18000
INFY30Jan20780PE.NFO,07/01/2020,12:28:40,52.5,44.25,1200,45.75,1200,0,18000
INFY30Jan20780PE.NFO,07/01/2020,12:28:43,52.5,44.25,1200,45.6,1200,0,18000
INFY30Jan20780PE.NFO,07/01/2020,12:29:28,52.5,44.25,1200,45.85,1200,0,18000
INFY30Jan20780PE.NFO,07/01/2020,12:29:33,52.5,44.3,1200,45.85,1200,0,18000
INFY30Jan20780PE.NFO,07/01/2020,12:29:37,52.5,44.35,1200,45.85,1200,0,18000
INFY30Jan20780PE.NFO,07/01/2020,12:30:04,52.5,44.45,1200,46.5,1200,0,18000
INFY30Jan20780PE.NFO,07/01/2020,12:30:11,52.5,44.65,1200,46.15,1200,0,18000
INFY30Jan20780PE.NFO,07/01/2020,12:30:17,52.5,44.65,1200,46.15,2400,0,18000
INFY30Jan20780PE.NFO,07/01/2020,12:30:27,52.5,44.65,1200,46.05,1200,0,18000
INFY30Jan20780PE.NFO,07/01/2020,12:31:03,52.5,44.2,1200,45.95,2400,0,18000
INFY30Jan20780PE.NFO,07/01/2020,12:31:07,52.5,44.5,1200,45.9,1200,0,18000
INFY30Jan20780PE.NFO,07/01/2020,12:31:11,52.5,44.65,2400,45.85,1200,0,18000
INFY30Jan20780PE.NFO,07/01/2020,12:31:18,52.5,44.65,1200,45.85,1200,0,18000
INFY30Jan20780PE.NFO,07/01/2020,12:31:22,52.5,44.65,2400,45.85,1200,0,18000
INFY30Jan20780PE.NFO,07/01/2020,12:31:30,52.5,44.65,1200,45.85,1200,0,18000
INFY30Jan20780PE.NFO,07/01/2020,12:31:41,52.5,44.75,1200,45.85,1200,0,18000
INFY30Jan20780PE.NFO,07/01/2020,12:32:25,52.5,44.9,1200,46.7,2400,0,18000
INFY30Jan20780PE.NFO,07/01/2020,12:32:29,52.5,45,1200,46.7,2400,0,18000
INFY30Jan20780PE.NFO,07/01/2020,12:32:49,52.5,44.35,4800,46.7,2400,0,18000
INFY30Jan20780PE.NFO,07/01/2020,12:32:57,52.5,44.6,1200,46.7,2400,0,18000
INFY30Jan20780PE.NFO,07/01/2020,12:33:01,52.5,45,1200,46.7,2400,0,18000
INFY30Jan20780PE.NFO,07/01/2020,12:33:06,52.5,44.75,1200,46.7,2400,0,18000
INFY30Jan20780PE.NFO,07/01/2020,12:33:10,52.5,44.45,2400,46.7,2400,0,18000
INFY30Jan20780PE.NFO,07/01/2020,12:33:15,52.5,44.45,2400,46.6,1200,0,18000
INFY30Jan20780PE.NFO,07/01/2020,12:33:22,52.5,44.45,1200,46.6,1200,0,18000
INFY30Jan20780PE.NFO,07/01/2020,12:33:48,52.5,44.55,1200,46.6,1200,0,18000
INFY30Jan20780PE.NFO,07/01/2020,12:34:01,52.5,44.65,1200,46.6,1200,0,18000
INFY30Jan20780PE.NFO,07/01/2020,12:38:06,52.5,44.55,2400,46.1,1200,0,18000
INFY30Jan20780PE.NFO,07/01/2020,12:38:10,52.5,43.5,12000,45.95,1200,0,18000
INFY30Jan20780PE.NFO,07/01/2020,12:38:14,52.5,44,1200,45.7,1200,0,18000
INFY30Jan20780PE.NFO,07/01/2020,12:38:18,52.5,44.35,1200,45.7,1200,0,18000
INFY30Jan20780PE.NFO,07/01/2020,12:40:31,52.5,44.45,1200,45.7,1200,0,18000
INFY30Jan20780PE.NFO,07/01/2020,12:43:47,52.5,43.95,1200,45.3,2400,0,18000
INFY30Jan20780PE.NFO,07/01/2020,12:43:50,52.5,44,2400,45.3,2400,0,18000
INFY30Jan20780PE.NFO,07/01/2020,12:44:06,52.5,44.1,2400,46.55,2400,0,18000
INFY30Jan20780PE.NFO,07/01/2020,12:44:08,52.5,44.1,2400,46.4,2400,0,18000
INFY30Jan20780PE.NFO,07/01/2020,12:44:11,52.5,44.1,2400,46.25,1200,0,18000
INFY30Jan20780PE.NFO,07/01/2020,12:44:14,52.5,44.1,2400,45.85,1200,0,18000
INFY30Jan20780PE.NFO,07/01/2020,12:44:18,52.5,44.1,2400,45.55,1200,0,18000
INFY30Jan20780PE.NFO,07/01/2020,12:44:22,52.5,44.1,1200,45.4,2400,0,18000
INFY30Jan20780PE.NFO,07/01/2020,12:44:26,52.5,44.1,1200,45.4,1200,0,18000
INFY30Jan20780PE.NFO,07/01/2020,12:44:33,52.5,44.1,1200,45.4,2400,0,18000
INFY30Jan20780PE.NFO,07/01/2020,12:45:55,52.5,43.4,14400,44.95,1200,0,18000
INFY30Jan20780PE.NFO,07/01/2020,12:46:01,52.5,43.4,14400,46.3,2400,0,18000
INFY30Jan20780PE.NFO,07/01/2020,12:46:37,52.5,43.4,14400,45.95,1200,0,18000
INFY30Jan20780PE.NFO,07/01/2020,12:46:40,52.5,43.4,14400,45.55,1200,0,18000
INFY30Jan20780PE.NFO,07/01/2020,12:46:44,52.5,43.4,14400,45.2,2400,0,18000
INFY30Jan20780PE.NFO,07/01/2020,12:47:14,52.5,43.4,14400,45.2,1200,0,18000
INFY30Jan20780PE.NFO,07/01/2020,12:47:21,52.5,43.4,14400,45.2,2400,0,18000
INFY30Jan20780PE.NFO,07/01/2020,12:47:35,52.5,43.65,6000,45.15,1200,0,18000
INFY30Jan20780PE.NFO,07/01/2020,12:47:38,52.5,43.8,2400,45.1,1200,0,18000
INFY30Jan20780PE.NFO,07/01/2020,12:48:04,52.5,43.8,1200,45.1,1200,0,18000
INFY30Jan20780PE.NFO,07/01/2020,12:49:05,52.5,43.95,1200,46.15,1200,0,18000
INFY30Jan20780PE.NFO,07/01/2020,12:49:10,52.5,44.15,1200,45.55,1200,0,18000
INFY30Jan20780PE.NFO,07/01/2020,12:49:14,52.5,43.3,14400,45.35,1200,0,18000
INFY30Jan20780PE.NFO,07/01/2020,12:49:18,52.5,43.3,14400,44.95,1200,0,18000
INFY30Jan20780PE.NFO,07/01/2020,12:49:23,52.5,43.3,14400,44.9,1200,0,18000
INFY30Jan20780PE.NFO,07/01/2020,12:49:30,52.5,43.55,2400,45.8,1200,0,18000
INFY30Jan20780PE.NFO,07/01/2020,12:49:33,52.5,43.65,2400,45.65,1200,0,18000
INFY30Jan20780PE.NFO,07/01/2020,12:49:37,52.5,44,1200,45.4,1200,0,18000
INFY30Jan20780PE.NFO,07/01/2020,12:50:50,52.5,43.65,1200,45.1,1200,0,18000
INFY30Jan20780PE.NFO,07/01/2020,12:50:53,52.5,44.05,1200,46.25,1200,0,18000
INFY30Jan20780PE.NFO,07/01/2020,12:50:58,52.5,44.45,1200,45.9,2400,0,18000
INFY30Jan20780PE.NFO,07/01/2020,12:51:04,52.5,44.4,2400,45.8,1200,0,18000
INFY30Jan20780PE.NFO,07/01/2020,12:51:14,52.5,44.4,2400,45.8,2400,0,18000
INFY30Jan20780PE.NFO,07/01/2020,12:51:21,52.5,44.4,2400,45.8,1200,0,18000
INFY30Jan20780PE.NFO,07/01/2020,12:51:26,52.5,44.5,2400,45.8,1200,0,18000
INFY30Jan20780PE.NFO,07/01/2020,12:51:33,52.5,44.5,1200,45.8,1200,0,18000
INFY30Jan20780PE.NFO,07/01/2020,12:51:36,52.5,44.5,2400,45.8,1200,0,18000
INFY30Jan20780PE.NFO,07/01/2020,12:51:39,52.5,44.5,1200,45.8,1200,0,18000
INFY30Jan20780PE.NFO,07/01/2020,12:51:45,52.5,44.5,2400,45.8,1200,0,18000
INFY30Jan20780PE.NFO,07/01/2020,12:51:54,52.5,44.5,1200,45.8,1200,0,18000
INFY30Jan20780PE.NFO,07/01/2020,12:52:14,52.5,44.6,1200,45.8,1200,0,18000
INFY30Jan20780PE.NFO,07/01/2020,12:52:23,52.5,44.1,3600,45.8,1200,0,18000
INFY30Jan20780PE.NFO,07/01/2020,12:53:05,52.5,44.1,1200,45.8,2400,0,18000
INFY30Jan20780PE.NFO,07/01/2020,12:53:33,52.5,44.2,1200,45.6,1200,0,18000
INFY30Jan20780PE.NFO,07/01/2020,12:53:47,52.5,44.2,1200,45.6,2400,0,18000
INFY30Jan20780PE.NFO,07/01/2020,12:53:51,52.5,44.2,1200,45.6,1200,0,18000
INFY30Jan20780PE.NFO,07/01/2020,12:53:54,52.5,44.2,1200,45.6,2400,0,18000
INFY30Jan20780PE.NFO,07/01/2020,12:55:20,52.5,44.2,1200,45.6,1200,0,18000
INFY30Jan20780PE.NFO,07/01/2020,12:56:02,52.5,44.3,1200,45.6,1200,0,18000
INFY30Jan20780PE.NFO,07/01/2020,12:56:09,52.5,44.3,1200,46.65,2400,0,18000
INFY30Jan20780PE.NFO,07/01/2020,12:56:17,52.5,44.3,1200,46,1200,0,18000
INFY30Jan20780PE.NFO,07/01/2020,12:56:20,52.5,44.3,1200,45.75,1200,0,18000
INFY30Jan20780PE.NFO,07/01/2020,12:56:35,52.5,44.45,1200,46.3,1200,0,18000
INFY30Jan20780PE.NFO,07/01/2020,12:56:39,52.5,44.5,1200,45.9,1200,0,18000
INFY30Jan20780PE.NFO,07/01/2020,12:56:41,52.5,44.6,1200,45.9,1200,0,18000
INFY30Jan20780PE.NFO,07/01/2020,12:56:47,52.5,44.6,1200,45.85,2400,0,18000
INFY30Jan20780PE.NFO,07/01/2020,12:57:06,52.5,44.6,1200,46.85,3600,0,18000
INFY30Jan20780PE.NFO,07/01/2020,12:57:22,52.5,44.6,1200,46.85,2400,0,18000
INFY30Jan20780PE.NFO,07/01/2020,12:57:31,52.5,44.7,1200,46.85,2400,0,18000
INFY30Jan20780PE.NFO,07/01/2020,12:58:15,52.5,44.9,1200,46.85,1200,0,18000
INFY30Jan20780PE.NFO,07/01/2020,12:58:20,52.5,44.9,1200,46.75,1200,0,18000
INFY30Jan20780PE.NFO,07/01/2020,12:58:38,52.5,44.9,1200,46.65,1200,0,18000
INFY30Jan20780PE.NFO,07/01/2020,12:59:36,52.5,45,1200,46.65,1200,0,18000
INFY30Jan20780PE.NFO,07/01/2020,12:59:45,52.5,45.1,1200,46.65,1200,0,18000
INFY30Jan20780PE.NFO,07/01/2020,13:00:16,52.5,45.35,1200,47.4,1200,0,18000
INFY30Jan20780PE.NFO,07/01/2020,13:00:23,52.5,45.5,1200,46.95,1200,0,18000
INFY30Jan20780PE.NFO,07/01/2020,13:00:34,52.5,45.5,1200,46.85,2400,0,18000
INFY30Jan20780PE.NFO,07/01/2020,13:00:39,52.5,45.5,1200,46.85,1200,0,18000
INFY30Jan20780PE.NFO,07/01/2020,13:00:45,52.5,45.5,1200,46.85,2400,0,18000
