Ticker,Date,Time,LTP,BuyPrice,BuyQty,SellPrice,SellQty,LTQ,OpenInterest
IOC30Jan20125PE.NFO,07/01/2020,09:16:08,4.55,4.1,16000,4.55,4000,8000,964000
IOC30Jan20125PE.NFO,07/01/2020,09:16:08,4.55,4.1,16000,4.55,4000,0,964000
IOC30Jan20125PE.NFO,07/01/2020,09:16:08,4.55,4.1,16000,4.55,4000,0,964000
IOC30Jan20125PE.NFO,07/01/2020,09:16:08,4.55,4.1,16000,4.55,4000,0,964000
IOC30Jan20125PE.NFO,07/01/2020,09:16:20,4.55,4.1,16000,4.55,4000,0,964000
IOC30Jan20125PE.NFO,07/01/2020,09:16:41,4.55,4.1,16000,4.65,8000,4000,964000
IOC30Jan20125PE.NFO,07/01/2020,09:16:52,4.55,4.15,20000,4.65,4000,0,964000
IOC30Jan20125PE.NFO,07/01/2020,09:17:03,4.55,4.2,8000,4.7,16000,0,964000
IOC30Jan20125PE.NFO,07/01/2020,09:17:12,4.55,4.2,16000,4.7,12000,0,964000
IOC30Jan20125PE.NFO,07/01/2020,09:17:22,4.55,4.2,4000,4.55,4000,0,964000
IOC30Jan20125PE.NFO,07/01/2020,09:17:31,4.55,4.2,16000,4.7,12000,0,964000
IOC30Jan20125PE.NFO,07/01/2020,09:17:41,4.55,4.25,8000,4.7,8000,0,964000
IOC30Jan20125PE.NFO,07/01/2020,09:17:50,4.55,4.15,12000,4.6,4000,0,964000
IOC30Jan20125PE.NFO,07/01/2020,09:18:00,4.55,4.2,16000,4.55,4000,0,964000
IOC30Jan20125PE.NFO,07/01/2020,09:18:09,4.55,4.2,12000,4.55,12000,0,964000
IOC30Jan20125PE.NFO,07/01/2020,09:18:17,4.55,4.2,12000,4.5,8000,0,964000
IOC30Jan20125PE.NFO,07/01/2020,09:18:24,4.55,4.2,12000,4.5,12000,0,964000
IOC30Jan20125PE.NFO,07/01/2020,09:18:31,4.55,4.2,12000,4.5,8000,0,964000
IOC30Jan20125PE.NFO,07/01/2020,09:18:39,4.55,4.2,16000,4.5,8000,0,964000
IOC30Jan20125PE.NFO,07/01/2020,09:18:54,4.55,4.25,16000,4.5,8000,0,964000
IOC30Jan20125PE.NFO,07/01/2020,09:19:01,4.55,4.25,12000,4.5,8000,0,964000
IOC30Jan20125PE.NFO,07/01/2020,09:19:29,4.55,4.3,4000,4.5,8000,0,964000
IOC30Jan20125PE.NFO,07/01/2020,09:19:36,4.55,4.3,8000,4.5,12000,0,964000
IOC30Jan20125PE.NFO,07/01/2020,09:19:43,4.55,4.3,16000,4.5,12000,0,964000
IOC30Jan20125PE.NFO,07/01/2020,09:19:50,4.5,4.3,12000,4.5,4000,8000,968000
IOC30Jan20125PE.NFO,07/01/2020,09:19:50,4.5,4.3,12000,4.5,4000,0,968000
IOC30Jan20125PE.NFO,07/01/2020,09:19:57,4.5,4.3,12000,4.5,4000,0,968000
IOC30Jan20125PE.NFO,07/01/2020,09:20:09,4.5,4.3,20000,4.5,4000,0,968000
IOC30Jan20125PE.NFO,07/01/2020,09:20:22,4.35,4.3,12000,4.6,4000,4000,968000
IOC30Jan20125PE.NFO,07/01/2020,09:20:22,4.35,4.3,12000,4.6,4000,0,968000
IOC30Jan20125PE.NFO,07/01/2020,09:20:28,4.35,4.3,12000,4.55,8000,0,968000
IOC30Jan20125PE.NFO,07/01/2020,09:20:53,4.35,4.25,12000,4.5,8000,0,968000
IOC30Jan20125PE.NFO,07/01/2020,09:21:00,4.35,4.3,12000,4.5,8000,0,968000
IOC30Jan20125PE.NFO,07/01/2020,09:21:07,4.35,4.25,8000,4.45,4000,0,968000
IOC30Jan20125PE.NFO,07/01/2020,09:21:15,4.35,4.25,4000,4.45,4000,0,968000
IOC30Jan20125PE.NFO,07/01/2020,09:21:56,4.35,4.3,16000,4.5,8000,0,968000
IOC30Jan20125PE.NFO,07/01/2020,09:22:02,4.35,4.3,12000,4.5,8000,0,968000
IOC30Jan20125PE.NFO,07/01/2020,09:22:42,4.35,4.3,12000,4.45,4000,0,968000
IOC30Jan20125PE.NFO,07/01/2020,09:22:55,4.35,4.3,4000,4.45,4000,0,968000
IOC30Jan20125PE.NFO,07/01/2020,09:23:01,4.3,4.15,16000,4.35,4000,4000,968000
IOC30Jan20125PE.NFO,07/01/2020,09:23:01,4.3,4.15,16000,4.35,4000,0,968000
IOC30Jan20125PE.NFO,07/01/2020,09:23:07,4.3,4.15,16000,4.35,4000,0,968000
IOC30Jan20125PE.NFO,07/01/2020,09:23:13,4.3,4.15,24000,4.35,4000,0,968000
IOC30Jan20125PE.NFO,07/01/2020,09:23:31,4.3,4.2,8000,4.35,4000,0,968000
IOC30Jan20125PE.NFO,07/01/2020,09:23:37,4.3,4.2,12000,4.35,8000,0,968000
IOC30Jan20125PE.NFO,07/01/2020,09:23:43,4.3,4.2,4000,4.3,4000,0,968000
IOC30Jan20125PE.NFO,07/01/2020,09:23:50,4.3,4.15,8000,4.3,4000,0,968000
IOC30Jan20125PE.NFO,07/01/2020,09:23:55,4.3,4.15,16000,4.3,4000,0,968000
IOC30Jan20125PE.NFO,07/01/2020,09:24:01,4.3,4.15,12000,4.3,4000,0,968000
IOC30Jan20125PE.NFO,07/01/2020,09:24:13,4.3,4.15,4000,4.3,4000,0,968000
IOC30Jan20125PE.NFO,07/01/2020,09:24:19,4.3,4.15,8000,4.3,4000,0,968000
IOC30Jan20125PE.NFO,07/01/2020,09:24:36,4.3,4.15,12000,4.3,4000,0,968000
IOC30Jan20125PE.NFO,07/01/2020,09:24:41,4.3,4.15,8000,4.3,4000,0,968000
IOC30Jan20125PE.NFO,07/01/2020,09:25:04,4.3,4.2,4000,4.3,4000,0,968000
IOC30Jan20125PE.NFO,07/01/2020,09:26:39,4.3,4.2,8000,4.3,4000,0,968000
IOC30Jan20125PE.NFO,07/01/2020,09:26:51,4.3,4.2,12000,4.3,4000,0,968000
IOC30Jan20125PE.NFO,07/01/2020,09:26:56,4.3,4.2,8000,4.3,4000,0,968000
IOC30Jan20125PE.NFO,07/01/2020,09:27:02,4.3,4.2,8000,4.3,8000,0,968000
IOC30Jan20125PE.NFO,07/01/2020,09:27:18,4.3,4.2,8000,4.3,12000,0,968000
IOC30Jan20125PE.NFO,07/01/2020,09:27:48,4.3,4.15,12000,4.3,16000,0,968000
IOC30Jan20125PE.NFO,07/01/2020,09:27:55,4.3,4.15,20000,4.3,16000,0,968000
IOC30Jan20125PE.NFO,07/01/2020,09:28:09,4.3,4.1,12000,4.25,8000,0,968000
IOC30Jan20125PE.NFO,07/01/2020,09:28:20,4.3,4.15,12000,4.3,8000,8000,964000
IOC30Jan20125PE.NFO,07/01/2020,09:28:26,4.3,4.15,20000,4.3,8000,8000,964000
IOC30Jan20125PE.NFO,07/01/2020,09:28:32,4.3,4.2,16000,4.35,8000,0,964000
IOC30Jan20125PE.NFO,07/01/2020,09:28:42,4.3,4.25,8000,4.35,4000,0,964000
IOC30Jan20125PE.NFO,07/01/2020,09:28:47,4.3,4.2,16000,4.35,4000,0,964000
IOC30Jan20125PE.NFO,07/01/2020,09:28:53,4.3,4.25,4000,4.35,4000,0,964000
IOC30Jan20125PE.NFO,07/01/2020,09:28:58,4.3,4.25,16000,4.4,12000,0,964000
IOC30Jan20125PE.NFO,07/01/2020,09:29:04,4.3,4.25,16000,4.35,4000,0,964000
IOC30Jan20125PE.NFO,07/01/2020,09:29:09,4.3,4.25,20000,4.35,4000,0,964000
IOC30Jan20125PE.NFO,07/01/2020,09:29:20,4.3,4.3,8000,4.4,4000,0,964000
IOC30Jan20125PE.NFO,07/01/2020,09:29:26,4.3,4.25,20000,4.35,4000,0,964000
IOC30Jan20125PE.NFO,07/01/2020,09:29:32,4.3,4.3,8000,4.4,8000,0,964000
IOC30Jan20125PE.NFO,07/01/2020,09:29:38,4.3,4.3,16000,4.4,8000,0,964000
IOC30Jan20125PE.NFO,07/01/2020,09:29:43,4.3,4.3,20000,4.45,4000,0,964000
IOC30Jan20125PE.NFO,07/01/2020,09:29:52,4.3,4.3,20000,4.45,12000,0,964000
IOC30Jan20125PE.NFO,07/01/2020,09:29:56,4.3,4.3,16000,4.45,12000,0,964000
IOC30Jan20125PE.NFO,07/01/2020,09:30:00,4.3,4.3,16000,4.4,4000,0,964000
IOC30Jan20125PE.NFO,07/01/2020,09:30:05,4.3,4.3,20000,4.45,8000,0,964000
IOC30Jan20125PE.NFO,07/01/2020,09:30:11,4.3,4.35,12000,4.5,4000,0,964000
IOC30Jan20125PE.NFO,07/01/2020,09:30:16,4.3,4.35,20000,4.5,8000,0,964000
IOC30Jan20125PE.NFO,07/01/2020,09:30:26,4.3,4.4,12000,4.5,8000,0,964000
IOC30Jan20125PE.NFO,07/01/2020,09:30:31,4.3,4.4,12000,4.5,4000,0,964000
IOC30Jan20125PE.NFO,07/01/2020,09:30:36,4.3,4.4,20000,4.55,4000,0,964000
IOC30Jan20125PE.NFO,07/01/2020,09:30:45,4.3,4.45,4000,4.55,4000,0,964000
IOC30Jan20125PE.NFO,07/01/2020,09:31:19,4.3,4.45,8000,4.55,4000,0,964000
IOC30Jan20125PE.NFO,07/01/2020,09:31:41,4.3,4.45,16000,4.6,4000,0,964000
IOC30Jan20125PE.NFO,07/01/2020,09:31:47,4.3,4.45,20000,4.6,4000,0,964000
IOC30Jan20125PE.NFO,07/01/2020,09:32:03,4.3,4.45,8000,4.55,4000,0,964000
IOC30Jan20125PE.NFO,07/01/2020,09:32:08,4.3,4.45,20000,4.6,4000,0,964000
IOC30Jan20125PE.NFO,07/01/2020,09:33:00,4.3,4.4,20000,4.5,4000,0,964000
IOC30Jan20125PE.NFO,07/01/2020,09:33:07,4.3,4.45,20000,4.6,8000,0,964000
IOC30Jan20125PE.NFO,07/01/2020,09:33:33,4.3,4.45,20000,4.6,12000,0,964000
IOC30Jan20125PE.NFO,07/01/2020,09:33:38,4.3,4.45,20000,4.6,8000,0,964000
IOC30Jan20125PE.NFO,07/01/2020,09:34:23,4.3,4.45,20000,4.6,4000,0,964000
IOC30Jan20125PE.NFO,07/01/2020,09:34:51,4.3,4.45,16000,4.6,4000,0,964000
IOC30Jan20125PE.NFO,07/01/2020,09:35:02,4.3,4.45,12000,4.55,4000,0,964000
IOC30Jan20125PE.NFO,07/01/2020,09:35:13,4.3,4.45,16000,4.6,4000,0,964000
IOC30Jan20125PE.NFO,07/01/2020,09:35:22,4.3,4.45,16000,4.55,4000,0,964000
IOC30Jan20125PE.NFO,07/01/2020,09:35:27,4.3,4.45,20000,4.6,4000,0,964000
IOC30Jan20125PE.NFO,07/01/2020,09:35:56,4.3,4.5,20000,4.65,4000,0,964000
IOC30Jan20125PE.NFO,07/01/2020,09:36:01,4.3,4.5,24000,4.65,4000,0,964000
IOC30Jan20125PE.NFO,07/01/2020,09:36:33,4.3,4.55,20000,4.7,4000,0,964000
IOC30Jan20125PE.NFO,07/01/2020,09:36:38,4.3,4.55,24000,4.7,4000,0,964000
IOC30Jan20125PE.NFO,07/01/2020,09:37:24,4.3,4.6,4000,4.7,4000,0,964000
IOC30Jan20125PE.NFO,07/01/2020,09:37:34,4.3,4.6,8000,4.7,4000,0,964000
IOC30Jan20125PE.NFO,07/01/2020,09:37:38,4.3,4.6,4000,4.7,4000,0,964000
IOC30Jan20125PE.NFO,07/01/2020,09:37:54,4.6,4.55,20000,4.7,4000,4000,964000
IOC30Jan20125PE.NFO,07/01/2020,09:37:54,4.6,4.55,20000,4.7,4000,0,964000
IOC30Jan20125PE.NFO,07/01/2020,09:37:59,4.6,4.55,20000,4.7,4000,0,964000
IOC30Jan20125PE.NFO,07/01/2020,09:38:07,4.6,4.6,8000,4.7,4000,0,964000
IOC30Jan20125PE.NFO,07/01/2020,09:39:03,4.6,4.55,16000,4.65,4000,0,964000
IOC30Jan20125PE.NFO,07/01/2020,09:39:26,4.6,4.6,4000,4.7,4000,0,964000
IOC30Jan20125PE.NFO,07/01/2020,09:39:31,4.6,4.55,20000,4.65,4000,0,964000
IOC30Jan20125PE.NFO,07/01/2020,09:40:14,4.6,4.5,20000,4.6,4000,0,964000
IOC30Jan20125PE.NFO,07/01/2020,09:40:20,4.6,4.55,20000,4.7,4000,0,964000
IOC30Jan20125PE.NFO,07/01/2020,09:40:30,4.6,4.6,8000,4.7,4000,0,964000
IOC30Jan20125PE.NFO,07/01/2020,09:40:34,4.6,4.55,20000,4.7,4000,0,964000
IOC30Jan20125PE.NFO,07/01/2020,09:40:39,4.6,4.5,20000,4.7,12000,0,964000
IOC30Jan20125PE.NFO,07/01/2020,09:40:44,4.6,4.5,20000,4.65,4000,0,964000
IOC30Jan20125PE.NFO,07/01/2020,09:40:58,4.6,4.5,20000,4.65,12000,0,964000
IOC30Jan20125PE.NFO,07/01/2020,09:41:03,4.6,4.5,8000,4.6,4000,0,964000
IOC30Jan20125PE.NFO,07/01/2020,09:41:14,4.6,4.45,8000,4.6,12000,0,964000
IOC30Jan20125PE.NFO,07/01/2020,09:41:28,4.6,4.45,20000,4.6,12000,0,964000
IOC30Jan20125PE.NFO,07/01/2020,09:41:33,4.6,4.45,8000,4.6,12000,0,964000
IOC30Jan20125PE.NFO,07/01/2020,09:41:37,4.4,4.4,12000,4.55,4000,4000,960000
IOC30Jan20125PE.NFO,07/01/2020,09:41:42,4.4,4.4,12000,4.55,4000,0,960000
IOC30Jan20125PE.NFO,07/01/2020,09:41:47,4.4,4.45,12000,4.6,8000,0,960000
IOC30Jan20125PE.NFO,07/01/2020,09:41:59,4.4,4.4,12000,4.55,8000,0,960000
IOC30Jan20125PE.NFO,07/01/2020,09:42:05,4.4,4.45,12000,4.6,12000,0,960000
IOC30Jan20125PE.NFO,07/01/2020,09:42:12,4.4,4.5,12000,4.65,8000,0,960000
IOC30Jan20125PE.NFO,07/01/2020,09:42:39,4.4,4.45,12000,4.6,4000,0,960000
IOC30Jan20125PE.NFO,07/01/2020,09:42:45,4.4,4.45,12000,4.6,8000,0,960000
IOC30Jan20125PE.NFO,07/01/2020,09:42:58,4.4,4.5,12000,4.65,12000,0,960000
IOC30Jan20125PE.NFO,07/01/2020,09:43:20,4.4,4.5,4000,4.65,8000,0,960000
IOC30Jan20125PE.NFO,07/01/2020,09:43:54,4.4,4.45,12000,4.6,4000,0,960000
IOC30Jan20125PE.NFO,07/01/2020,09:44:03,4.4,4.5,12000,4.65,8000,0,960000
IOC30Jan20125PE.NFO,07/01/2020,09:45:19,4.4,4.5,8000,4.6,4000,0,960000
IOC30Jan20125PE.NFO,07/01/2020,09:45:32,4.4,4.5,12000,4.6,4000,0,960000
IOC30Jan20125PE.NFO,07/01/2020,09:45:44,4.4,4.5,12000,4.65,8000,0,960000
IOC30Jan20125PE.NFO,07/01/2020,09:45:49,4.4,4.5,12000,4.6,4000,0,960000
IOC30Jan20125PE.NFO,07/01/2020,09:46:31,4.4,4.55,4000,4.65,4000,0,960000
IOC30Jan20125PE.NFO,07/01/2020,09:46:50,4.4,4.5,12000,4.6,4000,0,960000
IOC30Jan20125PE.NFO,07/01/2020,09:46:59,4.4,4.5,12000,4.65,4000,0,960000
IOC30Jan20125PE.NFO,07/01/2020,09:48:11,4.4,4.5,12000,4.6,4000,0,960000
IOC30Jan20125PE.NFO,07/01/2020,09:48:23,4.4,4.5,12000,4.65,16000,0,960000
IOC30Jan20125PE.NFO,07/01/2020,09:48:27,4.4,4.5,12000,4.65,4000,0,960000
IOC30Jan20125PE.NFO,07/01/2020,09:49:31,4.4,4.6,4000,4.7,4000,0,960000
IOC30Jan20125PE.NFO,07/01/2020,09:49:52,4.4,4.6,8000,4.7,4000,0,960000
IOC30Jan20125PE.NFO,07/01/2020,09:49:56,4.4,4.6,8000,4.75,8000,0,960000
IOC30Jan20125PE.NFO,07/01/2020,09:50:01,4.4,4.6,4000,4.7,4000,0,960000
IOC30Jan20125PE.NFO,07/01/2020,09:50:27,4.4,4.6,8000,4.75,8000,0,960000
IOC30Jan20125PE.NFO,07/01/2020,09:50:48,4.4,4.65,4000,4.75,4000,0,960000
IOC30Jan20125PE.NFO,07/01/2020,09:51:07,4.4,4.65,4000,4.75,8000,0,960000
IOC30Jan20125PE.NFO,07/01/2020,09:51:13,4.4,4.65,4000,4.75,4000,0,960000
IOC30Jan20125PE.NFO,07/01/2020,09:52:04,4.4,4.65,8000,4.75,4000,0,960000
IOC30Jan20125PE.NFO,07/01/2020,09:52:25,4.4,4.65,4000,4.8,4000,0,960000
IOC30Jan20125PE.NFO,07/01/2020,09:52:30,4.4,4.65,4000,4.75,4000,0,960000
IOC30Jan20125PE.NFO,07/01/2020,09:52:39,4.4,4.65,8000,4.75,4000,0,960000
IOC30Jan20125PE.NFO,07/01/2020,09:52:55,4.4,4.65,12000,4.75,4000,0,960000
IOC30Jan20125PE.NFO,07/01/2020,09:53:04,4.4,4.65,16000,4.8,4000,0,960000
IOC30Jan20125PE.NFO,07/01/2020,09:53:15,4.4,4.65,4000,4.75,4000,0,960000
IOC30Jan20125PE.NFO,07/01/2020,09:53:21,4.4,4.65,8000,4.8,12000,0,960000
IOC30Jan20125PE.NFO,07/01/2020,09:53:26,4.4,4.65,8000,4.8,8000,0,960000
IOC30Jan20125PE.NFO,07/01/2020,09:54:17,4.4,4.65,8000,4.75,4000,0,960000
IOC30Jan20125PE.NFO,07/01/2020,09:54:35,4.4,4.65,12000,4.8,8000,0,960000
IOC30Jan20125PE.NFO,07/01/2020,09:54:53,4.4,4.65,12000,4.75,4000,0,960000
IOC30Jan20125PE.NFO,07/01/2020,09:55:03,4.4,4.7,4000,4.8,8000,0,960000
IOC30Jan20125PE.NFO,07/01/2020,09:55:37,4.7,4.65,4000,4.75,4000,4000,960000
IOC30Jan20125PE.NFO,07/01/2020,09:55:37,4.7,4.65,4000,4.75,4000,0,960000
IOC30Jan20125PE.NFO,07/01/2020,09:55:42,4.7,4.65,4000,4.8,8000,0,960000
IOC30Jan20125PE.NFO,07/01/2020,09:56:11,4.7,4.65,8000,4.8,8000,0,960000
IOC30Jan20125PE.NFO,07/01/2020,09:56:47,4.7,4.7,4000,4.8,8000,0,960000
IOC30Jan20125PE.NFO,07/01/2020,09:57:04,4.7,4.7,4000,4.9,4000,0,960000
IOC30Jan20125PE.NFO,07/01/2020,09:57:09,4.7,4.65,4000,4.8,4000,0,960000
IOC30Jan20125PE.NFO,07/01/2020,09:57:13,4.7,4.65,8000,4.75,4000,0,960000
IOC30Jan20125PE.NFO,07/01/2020,09:57:17,4.7,4.65,8000,4.85,16000,0,960000
IOC30Jan20125PE.NFO,07/01/2020,09:57:21,4.7,4.7,4000,4.8,8000,0,960000
IOC30Jan20125PE.NFO,07/01/2020,09:57:26,4.7,4.7,4000,4.8,4000,0,960000
IOC30Jan20125PE.NFO,07/01/2020,09:57:34,4.7,4.65,8000,4.8,4000,4000,956000
IOC30Jan20125PE.NFO,07/01/2020,09:57:38,4.7,4.65,8000,4.8,4000,0,956000
IOC30Jan20125PE.NFO,07/01/2020,09:57:41,4.7,4.7,8000,4.8,4000,0,956000
IOC30Jan20125PE.NFO,07/01/2020,09:57:50,4.7,4.7,4000,4.8,4000,0,956000
IOC30Jan20125PE.NFO,07/01/2020,09:58:00,4.7,4.7,8000,4.8,4000,0,956000
IOC30Jan20125PE.NFO,07/01/2020,09:58:04,4.7,4.7,12000,4.8,4000,0,956000
IOC30Jan20125PE.NFO,07/01/2020,09:58:09,4.7,4.7,8000,4.8,4000,0,956000
IOC30Jan20125PE.NFO,07/01/2020,09:58:26,4.7,4.7,12000,4.8,4000,0,956000
IOC30Jan20125PE.NFO,07/01/2020,09:59:01,4.7,4.7,12000,4.85,4000,0,956000
IOC30Jan20125PE.NFO,07/01/2020,09:59:07,4.7,4.75,4000,4.85,4000,0,956000
IOC30Jan20125PE.NFO,07/01/2020,09:59:13,4.7,4.75,4000,4.9,4000,0,956000
IOC30Jan20125PE.NFO,07/01/2020,09:59:18,4.7,4.75,12000,4.9,4000,0,956000
IOC30Jan20125PE.NFO,07/01/2020,09:59:23,4.7,4.75,16000,4.9,4000,0,956000
IOC30Jan20125PE.NFO,07/01/2020,09:59:29,4.7,4.8,8000,4.95,4000,0,956000
IOC30Jan20125PE.NFO,07/01/2020,09:59:34,4.7,4.85,4000,4.95,4000,0,956000
IOC30Jan20125PE.NFO,07/01/2020,09:59:40,4.7,4.85,8000,4.95,4000,0,956000
IOC30Jan20125PE.NFO,07/01/2020,10:00:02,4.7,4.85,8000,5.05,4000,0,956000
IOC30Jan20125PE.NFO,07/01/2020,10:00:34,4.7,4.9,8000,5.05,4000,0,956000
IOC30Jan20125PE.NFO,07/01/2020,10:00:47,5.25,5.2,4000,5.3,4000,8000,956000
IOC30Jan20125PE.NFO,07/01/2020,10:00:47,5.25,5.2,4000,5.3,4000,0,956000
IOC30Jan20125PE.NFO,07/01/2020,10:00:54,5.25,5.15,8000,5.35,4000,4000,956000
IOC30Jan20125PE.NFO,07/01/2020,10:01:00,5.25,5.15,8000,5.45,20000,0,956000
IOC30Jan20125PE.NFO,07/01/2020,10:01:06,5.25,5.15,4000,5.45,20000,0,956000
IOC30Jan20125PE.NFO,07/01/2020,10:01:12,5.25,5.15,8000,5.45,20000,0,956000
IOC30Jan20125PE.NFO,07/01/2020,10:01:18,5.25,5.2,8000,5.45,20000,0,956000
IOC30Jan20125PE.NFO,07/01/2020,10:01:25,5.25,5.2,8000,5.45,8000,4000,956000
IOC30Jan20125PE.NFO,07/01/2020,10:01:31,5.25,5.2,8000,5.45,8000,0,956000
IOC30Jan20125PE.NFO,07/01/2020,10:01:43,5.25,5.2,8000,5.4,4000,0,956000
IOC30Jan20125PE.NFO,07/01/2020,10:01:49,5.3,5.2,4000,5.35,4000,8000,956000
IOC30Jan20125PE.NFO,07/01/2020,10:01:49,5.3,5.2,4000,5.35,4000,0,956000
IOC30Jan20125PE.NFO,07/01/2020,10:02:05,5.2,5.15,4000,5.35,4000,4000,956000
IOC30Jan20125PE.NFO,07/01/2020,10:02:10,5.2,5.15,4000,5.3,4000,0,956000
IOC30Jan20125PE.NFO,07/01/2020,10:02:21,5.2,5.15,8000,5.35,12000,0,956000
IOC30Jan20125PE.NFO,07/01/2020,10:02:26,5.2,5.45,4000,5.6,8000,0,956000
IOC30Jan20125PE.NFO,07/01/2020,10:02:31,5.2,5.25,8000,5.45,8000,0,956000
IOC30Jan20125PE.NFO,07/01/2020,10:02:37,5.2,5.25,4000,5.45,4000,0,956000
IOC30Jan20125PE.NFO,07/01/2020,10:02:43,5.2,5.25,8000,5.6,12000,0,956000
IOC30Jan20125PE.NFO,07/01/2020,10:02:49,5.2,5.35,4000,5.55,4000,0,956000
IOC30Jan20125PE.NFO,07/01/2020,10:02:53,5.2,5.2,4000,5.4,4000,0,956000
IOC30Jan20125PE.NFO,07/01/2020,10:02:59,5.2,5.25,4000,5.4,4000,0,956000
IOC30Jan20125PE.NFO,07/01/2020,10:03:13,5.2,5.3,4000,5.45,4000,0,956000
IOC30Jan20125PE.NFO,07/01/2020,10:03:22,5.2,5.25,4000,5.45,8000,0,956000
IOC30Jan20125PE.NFO,07/01/2020,10:03:27,5.2,5.2,8000,5.45,8000,0,956000
IOC30Jan20125PE.NFO,07/01/2020,10:03:36,5.2,5.2,4000,5.4,8000,0,956000
IOC30Jan20125PE.NFO,07/01/2020,10:03:40,5.2,5.2,8000,5.45,8000,0,956000
IOC30Jan20125PE.NFO,07/01/2020,10:03:59,5.2,5.25,4000,5.45,8000,0,956000
IOC30Jan20125PE.NFO,07/01/2020,10:04:22,5.2,5.25,8000,5.45,12000,0,956000
IOC30Jan20125PE.NFO,07/01/2020,10:04:30,5.2,5.25,4000,5.4,12000,0,956000
IOC30Jan20125PE.NFO,07/01/2020,10:04:35,5.2,5.2,4000,5.4,16000,0,956000
IOC30Jan20125PE.NFO,07/01/2020,10:04:40,5.2,5.2,4000,5.35,8000,0,956000
IOC30Jan20125PE.NFO,07/01/2020,10:04:54,5.2,5.2,4000,5.35,4000,0,956000
IOC30Jan20125PE.NFO,07/01/2020,10:04:58,5.2,5.2,8000,5.4,16000,0,956000
IOC30Jan20125PE.NFO,07/01/2020,10:05:07,5.2,5.2,4000,5.35,8000,0,956000
IOC30Jan20125PE.NFO,07/01/2020,10:05:12,5.2,5.15,8000,5.35,12000,0,956000
IOC30Jan20125PE.NFO,07/01/2020,10:05:16,5.2,5.15,4000,5.35,12000,0,956000
IOC30Jan20125PE.NFO,07/01/2020,10:05:29,5.2,5.15,8000,5.4,16000,0,956000
IOC30Jan20125PE.NFO,07/01/2020,10:05:47,5.2,5.15,8000,5.35,12000,0,956000
IOC30Jan20125PE.NFO,07/01/2020,10:06:09,5.2,5.15,8000,5.4,16000,0,956000
IOC30Jan20125PE.NFO,07/01/2020,10:06:36,5.2,5.15,8000,5.35,8000,0,956000
IOC30Jan20125PE.NFO,07/01/2020,10:06:42,5.2,5.15,8000,5.35,4000,0,956000
IOC30Jan20125PE.NFO,07/01/2020,10:07:04,5.2,5.2,8000,5.4,12000,0,956000
IOC30Jan20125PE.NFO,07/01/2020,10:07:10,5.2,5.2,8000,5.4,16000,0,956000
IOC30Jan20125PE.NFO,07/01/2020,10:07:16,5.2,5.2,8000,5.4,12000,0,956000
IOC30Jan20125PE.NFO,07/01/2020,10:07:27,5.2,5.15,4000,5.4,16000,0,956000
IOC30Jan20125PE.NFO,07/01/2020,10:07:33,5.2,5.15,8000,5.4,16000,0,956000
IOC30Jan20125PE.NFO,07/01/2020,10:07:42,5.2,5.15,8000,5.35,4000,0,956000
IOC30Jan20125PE.NFO,07/01/2020,10:07:58,5.2,5.15,8000,5.35,16000,0,956000
IOC30Jan20125PE.NFO,07/01/2020,10:08:11,5.3,5.15,8000,5.3,4000,4000,960000
IOC30Jan20125PE.NFO,07/01/2020,10:08:16,5.3,5.1,16000,5.3,4000,0,960000
IOC30Jan20125PE.NFO,07/01/2020,10:08:25,5.3,5.1,16000,5.3,12000,0,960000
IOC30Jan20125PE.NFO,07/01/2020,10:08:30,5.3,5.05,16000,5.3,16000,0,960000
IOC30Jan20125PE.NFO,07/01/2020,10:08:41,5.3,5.05,20000,5.25,4000,0,960000
IOC30Jan20125PE.NFO,07/01/2020,10:09:02,5.3,5.05,20000,5.25,8000,0,960000
IOC30Jan20125PE.NFO,07/01/2020,10:09:19,5.3,5.05,20000,5.25,4000,0,960000
IOC30Jan20125PE.NFO,07/01/2020,10:09:23,5.3,5.05,20000,5.25,16000,0,960000
IOC30Jan20125PE.NFO,07/01/2020,10:09:28,5.3,5.05,20000,5.25,8000,0,960000
IOC30Jan20125PE.NFO,07/01/2020,10:09:36,5.3,5.05,20000,5.25,12000,0,960000
IOC30Jan20125PE.NFO,07/01/2020,10:09:45,5.3,5.1,4000,5.25,12000,0,960000
IOC30Jan20125PE.NFO,07/01/2020,10:09:58,5.3,5.05,8000,5.25,16000,0,960000
IOC30Jan20125PE.NFO,07/01/2020,10:10:04,5.3,5.1,8000,5.25,16000,0,960000
IOC30Jan20125PE.NFO,07/01/2020,10:10:09,5.3,5.05,8000,5.2,16000,0,960000
IOC30Jan20125PE.NFO,07/01/2020,10:10:14,5.3,4.95,16000,5.15,8000,0,960000
IOC30Jan20125PE.NFO,07/01/2020,10:10:19,5.15,5,4000,5.15,4000,4000,960000
IOC30Jan20125PE.NFO,07/01/2020,10:10:23,5.15,5.05,4000,5.2,12000,0,960000
IOC30Jan20125PE.NFO,07/01/2020,10:10:35,5.15,5.05,4000,5.2,16000,0,960000
IOC30Jan20125PE.NFO,07/01/2020,10:10:39,5.15,5,4000,5.15,16000,0,960000
IOC30Jan20125PE.NFO,07/01/2020,10:10:43,5.15,4.95,4000,5.15,16000,0,960000
IOC30Jan20125PE.NFO,07/01/2020,10:10:48,5.15,4.8,20000,5.1,24000,0,960000
IOC30Jan20125PE.NFO,07/01/2020,10:11:09,5.15,4.9,12000,5.15,16000,0,960000
IOC30Jan20125PE.NFO,07/01/2020,10:11:14,5.15,4.9,12000,5.1,16000,0,960000
IOC30Jan20125PE.NFO,07/01/2020,10:11:20,5.15,4.9,12000,5.1,12000,0,960000
IOC30Jan20125PE.NFO,07/01/2020,10:11:25,5.15,4.95,4000,5.1,12000,0,960000
IOC30Jan20125PE.NFO,07/01/2020,10:11:31,5.15,5.05,4000,5.15,16000,0,960000
IOC30Jan20125PE.NFO,07/01/2020,10:11:35,5.15,5,4000,5.15,16000,0,960000
IOC30Jan20125PE.NFO,07/01/2020,10:11:51,5.15,5,4000,5.1,12000,0,960000
IOC30Jan20125PE.NFO,07/01/2020,10:11:56,5.15,5,4000,5.1,8000,0,960000
IOC30Jan20125PE.NFO,07/01/2020,10:12:01,5.15,5,4000,5.1,4000,0,960000
IOC30Jan20125PE.NFO,07/01/2020,10:12:07,5.15,5,4000,5.1,8000,0,960000
IOC30Jan20125PE.NFO,07/01/2020,10:12:19,5.15,4.95,8000,5.1,8000,0,960000
IOC30Jan20125PE.NFO,07/01/2020,10:12:24,4.85,4.5,20000,4.75,4000,8000,960000
IOC30Jan20125PE.NFO,07/01/2020,10:12:28,4.85,4.4,24000,4.75,4000,0,960000
IOC30Jan20125PE.NFO,07/01/2020,10:12:33,4.85,4.5,12000,4.75,4000,0,960000
IOC30Jan20125PE.NFO,07/01/2020,10:12:37,4.85,4.55,4000,4.75,4000,0,960000
IOC30Jan20125PE.NFO,07/01/2020,10:12:47,4.85,4.5,12000,4.8,20000,0,960000
IOC30Jan20125PE.NFO,07/01/2020,10:12:52,4.85,4.5,20000,4.75,12000,0,960000
IOC30Jan20125PE.NFO,07/01/2020,10:12:57,4.85,4.55,4000,4.75,16000,0,960000
IOC30Jan20125PE.NFO,07/01/2020,10:13:03,4.85,4.5,8000,4.7,8000,0,960000
IOC30Jan20125PE.NFO,07/01/2020,10:13:13,4.85,4.5,8000,4.7,4000,0,960000
IOC30Jan20125PE.NFO,07/01/2020,10:13:18,4.85,4.5,8000,4.7,16000,0,960000
IOC30Jan20125PE.NFO,07/01/2020,10:13:23,4.85,4.55,4000,4.75,20000,0,960000
IOC30Jan20125PE.NFO,07/01/2020,10:13:28,4.85,4.6,4000,4.8,20000,0,960000
IOC30Jan20125PE.NFO,07/01/2020,10:13:33,4.85,4.65,4000,4.85,16000,0,960000
IOC30Jan20125PE.NFO,07/01/2020,10:13:37,4.85,4.65,4000,4.8,12000,0,960000
IOC30Jan20125PE.NFO,07/01/2020,10:13:41,4.85,4.6,4000,4.75,12000,0,960000
IOC30Jan20125PE.NFO,07/01/2020,10:13:52,4.85,4.6,4000,4.75,8000,0,960000
IOC30Jan20125PE.NFO,07/01/2020,10:13:58,4.7,4.55,8000,4.75,8000,4000,960000
IOC30Jan20125PE.NFO,07/01/2020,10:14:02,4.7,4.6,4000,4.75,16000,0,960000
IOC30Jan20125PE.NFO,07/01/2020,10:14:06,4.7,4.55,4000,4.7,8000,0,960000
IOC30Jan20125PE.NFO,07/01/2020,10:14:11,4.55,4.45,4000,4.65,16000,4000,960000
IOC30Jan20125PE.NFO,07/01/2020,10:14:16,4.15,4.05,4000,4.2,4000,8000,960000
IOC30Jan20125PE.NFO,07/01/2020,10:14:16,4.15,4.05,4000,4.2,4000,0,960000
IOC30Jan20125PE.NFO,07/01/2020,10:14:22,4.15,4.05,4000,4.25,12000,0,960000
IOC30Jan20125PE.NFO,07/01/2020,10:14:27,4.15,3.95,4000,4.2,16000,0,960000
IOC30Jan20125PE.NFO,07/01/2020,10:14:33,4,3.95,4000,4.15,8000,28000,964000
IOC30Jan20125PE.NFO,07/01/2020,10:14:33,3.85,3.95,4000,4.15,8000,0,964000
IOC30Jan20125PE.NFO,07/01/2020,10:14:38,3.95,3.8,4000,4.05,12000,8000,964000
IOC30Jan20125PE.NFO,07/01/2020,10:14:43,3.95,3.65,4000,3.9,8000,0,964000
IOC30Jan20125PE.NFO,07/01/2020,10:14:47,3.9,3.8,8000,3.95,8000,4000,964000
IOC30Jan20125PE.NFO,07/01/2020,10:14:52,3.9,3.8,4000,3.95,8000,0,964000
IOC30Jan20125PE.NFO,07/01/2020,10:14:57,3.9,3.8,20000,4.05,4000,0,964000
IOC30Jan20125PE.NFO,07/01/2020,10:15:03,3.9,4,4000,4.2,12000,0,964000
IOC30Jan20125PE.NFO,07/01/2020,10:15:08,3.9,4.05,4000,4.2,16000,0,964000
IOC30Jan20125PE.NFO,07/01/2020,10:15:12,3.9,4,8000,4.1,4000,0,964000
IOC30Jan20125PE.NFO,07/01/2020,10:15:14,3.9,4,8000,4.15,4000,0,964000
IOC30Jan20125PE.NFO,07/01/2020,10:15:17,3.9,4.05,4000,4.2,8000,0,964000
IOC30Jan20125PE.NFO,07/01/2020,10:15:19,3.9,4.1,8000,4.25,4000,0,964000
IOC30Jan20125PE.NFO,07/01/2020,10:15:23,3.9,4.1,4000,4.25,4000,0,964000
IOC30Jan20125PE.NFO,07/01/2020,10:15:29,3.9,4.15,8000,4.25,4000,0,964000
IOC30Jan20125PE.NFO,07/01/2020,10:15:30,3.9,4.15,4000,4.25,4000,0,964000
IOC30Jan20125PE.NFO,07/01/2020,10:15:31,4.25,4.15,12000,4.3,8000,4000,964000
IOC30Jan20125PE.NFO,07/01/2020,10:15:32,4.25,4.15,8000,4.3,8000,0,964000
IOC30Jan20125PE.NFO,07/01/2020,10:15:33,4.25,4.15,12000,4.3,8000,0,964000
IOC30Jan20125PE.NFO,07/01/2020,10:15:34,4.25,4.15,8000,4.3,8000,0,964000
IOC30Jan20125PE.NFO,07/01/2020,10:15:35,4.25,4.25,4000,4.4,8000,0,964000
IOC30Jan20125PE.NFO,07/01/2020,10:15:36,4.25,4.2,12000,4.35,12000,0,964000
IOC30Jan20125PE.NFO,07/01/2020,10:15:38,4.25,4.25,12000,4.4,8000,0,964000
IOC30Jan20125PE.NFO,07/01/2020,10:15:39,4.3,4.25,4000,4.4,12000,8000,964000
IOC30Jan20125PE.NFO,07/01/2020,10:15:40,4.3,4.25,8000,4.4,12000,0,964000
IOC30Jan20125PE.NFO,07/01/2020,10:15:43,4.3,4.2,16000,4.35,8000,0,964000
IOC30Jan20125PE.NFO,07/01/2020,10:15:45,4.3,4.2,8000,4.35,8000,0,964000
IOC30Jan20125PE.NFO,07/01/2020,10:15:46,4.3,4.2,8000,4.35,4000,0,964000
IOC30Jan20125PE.NFO,07/01/2020,10:15:48,4.3,4.2,12000,4.35,4000,0,964000
IOC30Jan20125PE.NFO,07/01/2020,10:15:49,4.3,4.25,8000,4.4,8000,0,964000
IOC30Jan20125PE.NFO,07/01/2020,10:15:50,4.25,4.25,4000,4.4,12000,4000,964000
IOC30Jan20125PE.NFO,07/01/2020,10:15:52,4.25,4.25,4000,4.4,12000,0,964000
IOC30Jan20125PE.NFO,07/01/2020,10:15:54,4.25,4.2,12000,4.35,8000,0,964000
IOC30Jan20125PE.NFO,07/01/2020,10:15:58,4.25,4.2,12000,4.4,16000,0,964000
IOC30Jan20125PE.NFO,07/01/2020,10:16:00,4.25,4.2,12000,4.4,12000,0,964000
IOC30Jan20125PE.NFO,07/01/2020,10:16:01,4.25,4.3,4000,4.45,12000,0,964000
IOC30Jan20125PE.NFO,07/01/2020,10:16:03,4.25,4.3,4000,4.45,8000,0,964000
IOC30Jan20125PE.NFO,07/01/2020,10:16:10,4.25,4.25,12000,4.45,16000,0,964000
IOC30Jan20125PE.NFO,07/01/2020,10:16:13,4.25,4.25,12000,4.4,4000,0,964000
IOC30Jan20125PE.NFO,07/01/2020,10:16:18,4.25,4.3,12000,4.45,12000,0,964000
IOC30Jan20125PE.NFO,07/01/2020,10:16:26,4.25,4.3,4000,4.4,4000,0,964000
IOC30Jan20125PE.NFO,07/01/2020,10:16:31,4.25,4.25,12000,4.4,4000,0,964000
IOC30Jan20125PE.NFO,07/01/2020,10:16:41,4.25,4.25,12000,4.4,12000,0,964000
IOC30Jan20125PE.NFO,07/01/2020,10:16:46,4.25,4.25,8000,4.4,24000,0,964000
IOC30Jan20125PE.NFO,07/01/2020,10:16:51,4.25,4.2,8000,4.35,8000,0,964000
IOC30Jan20125PE.NFO,07/01/2020,10:16:59,4.25,4.25,4000,4.35,8000,0,964000
IOC30Jan20125PE.NFO,07/01/2020,10:17:03,4.25,4.25,4000,4.4,16000,0,964000
IOC30Jan20125PE.NFO,07/01/2020,10:17:08,4.25,4.25,16000,4.4,8000,0,964000
IOC30Jan20125PE.NFO,07/01/2020,10:17:17,4.25,4.25,12000,4.4,16000,0,964000
IOC30Jan20125PE.NFO,07/01/2020,10:17:21,4.25,4.3,4000,4.4,4000,0,964000
IOC30Jan20125PE.NFO,07/01/2020,10:17:24,4.25,4.25,12000,4.4,4000,0,964000
IOC30Jan20125PE.NFO,07/01/2020,10:17:34,4.25,4.3,20000,4.5,4000,0,964000
IOC30Jan20125PE.NFO,07/01/2020,10:17:39,4.25,4.3,20000,4.55,8000,0,964000
IOC30Jan20125PE.NFO,07/01/2020,10:17:48,4.25,4.3,8000,4.5,20000,0,964000
IOC30Jan20125PE.NFO,07/01/2020,10:17:54,4.25,4.3,8000,4.5,16000,0,964000
IOC30Jan20125PE.NFO,07/01/2020,10:18:03,4.25,4.35,20000,4.5,8000,0,964000
IOC30Jan20125PE.NFO,07/01/2020,10:18:07,4.25,4.35,20000,4.5,4000,0,964000
IOC30Jan20125PE.NFO,07/01/2020,10:18:15,4.25,4.35,4000,4.5,8000,0,964000
IOC30Jan20125PE.NFO,07/01/2020,10:18:20,4.25,4.35,4000,4.5,20000,0,964000
IOC30Jan20125PE.NFO,07/01/2020,10:18:27,4.25,4.3,8000,4.5,20000,0,964000
IOC30Jan20125PE.NFO,07/01/2020,10:18:48,4.25,4.3,8000,4.45,4000,0,964000
IOC30Jan20125PE.NFO,07/01/2020,10:19:07,4.25,4.3,4000,4.45,20000,0,964000
IOC30Jan20125PE.NFO,07/01/2020,10:19:29,4.25,4.3,4000,4.45,16000,0,964000
IOC30Jan20125PE.NFO,07/01/2020,10:19:33,4.25,4.25,8000,4.45,20000,0,964000
IOC30Jan20125PE.NFO,07/01/2020,10:19:43,4.25,4.3,20000,4.45,4000,0,964000
IOC30Jan20125PE.NFO,07/01/2020,10:19:55,4.25,4.3,20000,4.45,8000,0,964000
IOC30Jan20125PE.NFO,07/01/2020,10:20:07,4.25,4.3,8000,4.45,12000,0,964000
IOC30Jan20125PE.NFO,07/01/2020,10:20:11,4.25,4.35,4000,4.45,4000,0,964000
IOC30Jan20125PE.NFO,07/01/2020,10:20:15,4.25,4.35,20000,4.55,12000,0,964000
IOC30Jan20125PE.NFO,07/01/2020,10:20:20,4.25,4.45,4000,4.6,16000,0,964000
IOC30Jan20125PE.NFO,07/01/2020,10:20:30,4.25,4.5,8000,4.65,16000,0,964000
IOC30Jan20125PE.NFO,07/01/2020,10:20:37,4.25,4.45,8000,4.6,8000,0,964000
IOC30Jan20125PE.NFO,07/01/2020,10:20:42,4.25,4.45,4000,4.6,8000,0,964000
IOC30Jan20125PE.NFO,07/01/2020,10:20:46,4.25,4.45,4000,4.6,12000,0,964000
IOC30Jan20125PE.NFO,07/01/2020,10:20:50,4.25,4.45,4000,4.6,16000,0,964000
IOC30Jan20125PE.NFO,07/01/2020,10:21:18,4.25,4.45,4000,4.6,12000,0,964000
IOC30Jan20125PE.NFO,07/01/2020,10:21:38,4.25,4.45,4000,4.55,4000,0,964000
IOC30Jan20125PE.NFO,07/01/2020,10:21:52,4.25,4.45,8000,4.6,16000,0,964000
IOC30Jan20125PE.NFO,07/01/2020,10:21:56,4.25,4.45,4000,4.6,16000,0,964000
IOC30Jan20125PE.NFO,07/01/2020,10:22:47,4.25,4.45,8000,4.6,4000,0,964000
IOC30Jan20125PE.NFO,07/01/2020,10:22:52,4.25,4.45,12000,4.6,12000,0,964000
IOC30Jan20125PE.NFO,07/01/2020,10:22:57,4.25,4.5,4000,4.6,4000,0,964000
IOC30Jan20125PE.NFO,07/01/2020,10:23:02,4.25,4.5,4000,4.65,8000,0,964000
IOC30Jan20125PE.NFO,07/01/2020,10:23:07,4.25,4.45,4000,4.55,4000,0,964000
IOC30Jan20125PE.NFO,07/01/2020,10:23:16,4.25,4.4,8000,4.55,12000,0,964000
IOC30Jan20125PE.NFO,07/01/2020,10:23:20,4.25,4.4,4000,4.5,4000,0,964000
IOC30Jan20125PE.NFO,07/01/2020,10:23:28,4.25,4.4,4000,4.5,12000,0,964000
IOC30Jan20125PE.NFO,07/01/2020,10:23:32,4.25,4.4,4000,4.5,4000,0,964000
IOC30Jan20125PE.NFO,07/01/2020,10:23:44,4.5,4.45,4000,4.55,12000,4000,984000
IOC30Jan20125PE.NFO,07/01/2020,10:23:52,4.5,4.45,4000,4.55,12000,0,984000
IOC30Jan20125PE.NFO,07/01/2020,10:24:11,4.5,4.45,4000,4.55,4000,0,984000
IOC30Jan20125PE.NFO,07/01/2020,10:24:21,4.5,4.45,4000,4.5,4000,0,984000
IOC30Jan20125PE.NFO,07/01/2020,10:24:25,4.5,4.4,8000,4.5,4000,0,984000
IOC30Jan20125PE.NFO,07/01/2020,10:24:28,4.5,4.4,8000,4.5,4000,4000,984000
IOC30Jan20125PE.NFO,07/01/2020,10:24:38,4.5,4.45,4000,4.55,16000,0,984000
IOC30Jan20125PE.NFO,07/01/2020,10:24:48,4.5,4.45,4000,4.55,12000,4000,984000
IOC30Jan20125PE.NFO,07/01/2020,10:24:51,4.5,4.4,8000,4.5,4000,0,984000
IOC30Jan20125PE.NFO,07/01/2020,10:25:04,4.5,4.4,4000,4.5,12000,0,984000
IOC30Jan20125PE.NFO,07/01/2020,10:25:48,4.5,4.45,4000,4.55,16000,0,984000
IOC30Jan20125PE.NFO,07/01/2020,10:25:58,4.5,4.45,4000,4.55,12000,0,984000
IOC30Jan20125PE.NFO,07/01/2020,10:26:19,4.5,4.45,8000,4.55,4000,0,984000
IOC30Jan20125PE.NFO,07/01/2020,10:26:26,4.5,4.45,8000,4.55,8000,0,984000
IOC30Jan20125PE.NFO,07/01/2020,10:26:33,4.5,4.45,8000,4.55,12000,0,984000
IOC30Jan20125PE.NFO,07/01/2020,10:26:35,4.5,4.4,16000,4.55,12000,0,984000
IOC30Jan20125PE.NFO,07/01/2020,10:27:15,4.5,4.4,16000,4.5,12000,0,984000
IOC30Jan20125PE.NFO,07/01/2020,10:27:21,4.5,4.4,16000,4.5,8000,0,984000
IOC30Jan20125PE.NFO,07/01/2020,10:27:28,4.5,4.45,4000,4.55,8000,0,984000
IOC30Jan20125PE.NFO,07/01/2020,10:27:32,4.45,4.4,16000,4.55,8000,4000,984000
IOC30Jan20125PE.NFO,07/01/2020,10:27:46,4.45,4.45,4000,4.55,8000,0,984000
IOC30Jan20125PE.NFO,07/01/2020,10:27:56,4.45,4.45,4000,4.55,4000,0,984000
IOC30Jan20125PE.NFO,07/01/2020,10:28:05,4.45,4.45,4000,4.6,20000,0,984000
IOC30Jan20125PE.NFO,07/01/2020,10:28:36,4.45,4.4,16000,4.6,24000,0,984000
IOC30Jan20125PE.NFO,07/01/2020,10:28:49,4.45,4.4,8000,4.6,24000,0,984000
IOC30Jan20125PE.NFO,07/01/2020,10:29:05,4.45,4.4,8000,4.5,4000,0,984000
IOC30Jan20125PE.NFO,07/01/2020,10:29:23,4.45,4.4,8000,4.5,8000,0,984000
IOC30Jan20125PE.NFO,07/01/2020,10:29:27,4.45,4.45,4000,4.55,12000,0,984000
IOC30Jan20125PE.NFO,07/01/2020,10:29:43,4.45,4.45,4000,4.55,8000,0,984000
IOC30Jan20125PE.NFO,07/01/2020,10:31:43,4.45,4.45,4000,4.55,4000,0,984000
IOC30Jan20125PE.NFO,07/01/2020,10:32:05,4.45,4.45,8000,4.55,4000,0,984000
IOC30Jan20125PE.NFO,07/01/2020,10:33:09,4.45,4.45,8000,4.55,8000,0,984000
IOC30Jan20125PE.NFO,07/01/2020,10:33:23,4.45,4.45,4000,4.55,16000,0,984000
IOC30Jan20125PE.NFO,07/01/2020,10:33:32,4.45,4.4,12000,4.55,16000,0,984000
IOC30Jan20125PE.NFO,07/01/2020,10:33:35,4.45,4.45,4000,4.55,16000,0,984000
IOC30Jan20125PE.NFO,07/01/2020,10:34:09,4.45,4.4,8000,4.5,4000,0,984000
IOC30Jan20125PE.NFO,07/01/2020,10:34:13,4.45,4.45,4000,4.55,16000,0,984000
IOC30Jan20125PE.NFO,07/01/2020,10:34:47,4.45,4.4,8000,4.5,12000,0,984000
IOC30Jan20125PE.NFO,07/01/2020,10:35:06,4.45,4.4,8000,4.5,16000,0,984000
IOC30Jan20125PE.NFO,07/01/2020,10:35:22,4.45,4.45,4000,4.5,4000,0,984000
IOC30Jan20125PE.NFO,07/01/2020,10:35:44,4.45,4.4,12000,4.5,8000,0,984000
IOC30Jan20125PE.NFO,07/01/2020,10:35:47,4.45,4.45,4000,4.5,4000,0,984000
IOC30Jan20125PE.NFO,07/01/2020,10:35:53,4.45,4.4,8000,4.5,8000,0,984000
IOC30Jan20125PE.NFO,07/01/2020,10:35:56,4.45,4.4,8000,4.5,16000,0,984000
IOC30Jan20125PE.NFO,07/01/2020,10:36:03,4.45,4.4,8000,4.5,8000,0,984000
IOC30Jan20125PE.NFO,07/01/2020,10:36:08,4.45,4.45,4000,4.55,16000,0,984000
IOC30Jan20125PE.NFO,07/01/2020,10:36:39,4.45,4.45,8000,4.55,4000,0,984000
IOC30Jan20125PE.NFO,07/01/2020,10:36:44,4.45,4.45,4000,4.55,16000,0,984000
IOC30Jan20125PE.NFO,07/01/2020,10:37:17,4.45,4.45,4000,4.55,12000,0,984000
IOC30Jan20125PE.NFO,07/01/2020,10:37:36,4.45,4.45,4000,4.55,8000,0,984000
IOC30Jan20125PE.NFO,07/01/2020,10:37:41,4.45,4.45,4000,4.55,12000,0,984000
IOC30Jan20125PE.NFO,07/01/2020,10:37:45,4.45,4.5,4000,4.6,16000,0,984000
IOC30Jan20125PE.NFO,07/01/2020,10:38:07,4.45,4.45,8000,4.55,4000,0,984000
IOC30Jan20125PE.NFO,07/01/2020,10:38:18,4.45,4.45,12000,4.55,4000,0,984000
IOC30Jan20125PE.NFO,07/01/2020,10:38:39,4.45,4.45,8000,4.6,16000,0,984000
IOC30Jan20125PE.NFO,07/01/2020,10:39:00,4.45,4.45,4000,4.6,12000,0,984000
IOC30Jan20125PE.NFO,07/01/2020,10:39:05,4.45,4.45,8000,4.55,4000,0,984000
IOC30Jan20125PE.NFO,07/01/2020,10:39:17,4.45,4.5,4000,4.6,16000,0,984000
IOC30Jan20125PE.NFO,07/01/2020,10:39:27,4.45,4.5,4000,4.6,12000,0,984000
IOC30Jan20125PE.NFO,07/01/2020,10:39:44,4.45,4.5,4000,4.6,8000,0,984000
IOC30Jan20125PE.NFO,07/01/2020,10:40:04,4.45,4.5,4000,4.6,12000,0,984000
IOC30Jan20125PE.NFO,07/01/2020,10:40:32,4.45,4.5,4000,4.6,16000,0,984000
IOC30Jan20125PE.NFO,07/01/2020,10:41:20,4.45,4.45,8000,4.55,12000,0,984000
IOC30Jan20125PE.NFO,07/01/2020,10:41:24,4.45,4.45,4000,4.55,20000,0,984000
IOC30Jan20125PE.NFO,07/01/2020,10:41:29,4.45,4.4,8000,4.5,16000,0,984000
IOC30Jan20125PE.NFO,07/01/2020,10:42:08,4.45,4.4,4000,4.5,16000,0,984000
IOC30Jan20125PE.NFO,07/01/2020,10:42:24,4.45,4.4,4000,4.5,4000,0,984000
IOC30Jan20125PE.NFO,07/01/2020,10:42:30,4.45,4.4,4000,4.5,16000,0,984000
IOC30Jan20125PE.NFO,07/01/2020,10:42:34,4.45,4.4,4000,4.55,20000,0,984000
IOC30Jan20125PE.NFO,07/01/2020,10:42:50,4.45,4.4,4000,4.5,8000,0,984000
IOC30Jan20125PE.NFO,07/01/2020,10:43:06,4.45,4.4,4000,4.55,20000,0,984000
IOC30Jan20125PE.NFO,07/01/2020,10:43:28,4.45,4.4,4000,4.5,8000,0,984000
IOC30Jan20125PE.NFO,07/01/2020,10:43:42,4.45,4.45,4000,4.55,16000,0,984000
IOC30Jan20125PE.NFO,07/01/2020,10:43:47,4.45,4.45,4000,4.55,12000,0,984000
IOC30Jan20125PE.NFO,07/01/2020,10:44:11,4.45,4.45,4000,4.55,4000,0,984000
IOC30Jan20125PE.NFO,07/01/2020,10:44:23,4.45,4.45,4000,4.55,8000,0,984000
IOC30Jan20125PE.NFO,07/01/2020,10:44:44,4.45,4.45,4000,4.6,20000,0,984000
IOC30Jan20125PE.NFO,07/01/2020,10:45:02,4.45,4.45,4000,4.55,8000,0,984000
IOC30Jan20125PE.NFO,07/01/2020,10:45:07,4.45,4.4,4000,4.5,4000,0,984000
IOC30Jan20125PE.NFO,07/01/2020,10:45:14,4.45,4.4,4000,4.5,8000,0,984000
IOC30Jan20125PE.NFO,07/01/2020,10:45:31,4.45,4.4,4000,4.5,12000,0,984000
IOC30Jan20125PE.NFO,07/01/2020,10:45:40,4.45,4.4,4000,4.5,16000,0,984000
IOC30Jan20125PE.NFO,07/01/2020,10:45:45,4.45,4.35,4000,4.45,8000,0,984000
IOC30Jan20125PE.NFO,07/01/2020,10:45:59,4.45,4.35,4000,4.5,20000,0,984000
IOC30Jan20125PE.NFO,07/01/2020,10:46:17,4.45,4.35,4000,4.45,8000,0,984000
IOC30Jan20125PE.NFO,07/01/2020,10:47:00,4.45,4.35,4000,4.45,4000,0,984000
IOC30Jan20125PE.NFO,07/01/2020,10:47:08,4.45,4.4,4000,4.5,20000,0,984000
IOC30Jan20125PE.NFO,07/01/2020,10:47:20,4.45,4.35,4000,4.5,20000,0,984000
IOC30Jan20125PE.NFO,07/01/2020,10:47:25,4.45,4.35,4000,4.45,8000,0,984000
IOC30Jan20125PE.NFO,07/01/2020,10:47:32,4.45,4.35,4000,4.45,4000,0,984000
IOC30Jan20125PE.NFO,07/01/2020,10:47:41,4.45,4.35,4000,4.5,20000,0,984000
IOC30Jan20125PE.NFO,07/01/2020,10:47:44,4.45,4.4,4000,4.5,20000,0,984000
IOC30Jan20125PE.NFO,07/01/2020,10:47:59,4.45,4.4,4000,4.5,16000,0,984000
IOC30Jan20125PE.NFO,07/01/2020,10:48:40,4.45,4.4,4000,4.5,8000,0,984000
IOC30Jan20125PE.NFO,07/01/2020,10:48:59,4.45,4.4,4000,4.5,4000,0,984000
IOC30Jan20125PE.NFO,07/01/2020,10:49:03,4.45,4.4,4000,4.5,8000,0,984000
IOC30Jan20125PE.NFO,07/01/2020,10:49:15,4.45,4.4,4000,4.5,4000,0,984000
IOC30Jan20125PE.NFO,07/01/2020,10:49:24,4.45,4.4,4000,4.5,8000,0,984000
IOC30Jan20125PE.NFO,07/01/2020,10:49:27,4.45,4.4,4000,4.5,4000,0,984000
IOC30Jan20125PE.NFO,07/01/2020,10:49:37,4.45,4.4,4000,4.5,8000,0,984000
IOC30Jan20125PE.NFO,07/01/2020,10:49:40,4.45,4.4,4000,4.5,12000,0,984000
IOC30Jan20125PE.NFO,07/01/2020,10:49:44,4.45,4.4,4000,4.5,4000,0,984000
IOC30Jan20125PE.NFO,07/01/2020,10:49:54,4.45,4.4,4000,4.5,8000,0,984000
IOC30Jan20125PE.NFO,07/01/2020,10:49:59,4.45,4.4,4000,4.5,12000,0,984000
IOC30Jan20125PE.NFO,07/01/2020,10:50:05,4.45,4.4,4000,4.5,8000,0,984000
IOC30Jan20125PE.NFO,07/01/2020,10:50:15,4.45,4.4,4000,4.5,12000,0,984000
IOC30Jan20125PE.NFO,07/01/2020,10:50:33,4.45,4.4,4000,4.5,4000,0,984000
IOC30Jan20125PE.NFO,07/01/2020,10:50:38,4.45,4.4,4000,4.5,12000,0,984000
IOC30Jan20125PE.NFO,07/01/2020,10:50:51,4.45,4.4,4000,4.5,4000,0,984000
IOC30Jan20125PE.NFO,07/01/2020,10:50:55,4.5,4.4,4000,4.5,4000,4000,980000
IOC30Jan20125PE.NFO,07/01/2020,10:50:58,4.5,4.4,4000,4.5,12000,0,980000
IOC30Jan20125PE.NFO,07/01/2020,10:51:04,4.5,4.4,4000,4.5,16000,0,980000
IOC30Jan20125PE.NFO,07/01/2020,10:52:09,4.5,4.4,4000,4.5,12000,0,980000
IOC30Jan20125PE.NFO,07/01/2020,10:52:41,4.5,4.4,4000,4.5,8000,0,980000
IOC30Jan20125PE.NFO,07/01/2020,10:52:53,4.5,4.4,4000,4.5,4000,0,980000
IOC30Jan20125PE.NFO,07/01/2020,10:52:57,4.5,4.4,4000,4.5,8000,0,980000
IOC30Jan20125PE.NFO,07/01/2020,10:53:03,4.5,4.45,4000,4.55,16000,0,980000
IOC30Jan20125PE.NFO,07/01/2020,10:54:11,4.5,4.4,8000,4.5,8000,0,980000
IOC30Jan20125PE.NFO,07/01/2020,10:54:37,4.5,4.45,4000,4.55,16000,0,980000
IOC30Jan20125PE.NFO,07/01/2020,10:55:03,4.5,4.4,4000,4.5,8000,0,980000
IOC30Jan20125PE.NFO,07/01/2020,10:55:08,4.5,4.4,4000,4.5,12000,0,980000
IOC30Jan20125PE.NFO,07/01/2020,10:55:13,4.5,4.4,4000,4.5,8000,0,980000
IOC30Jan20125PE.NFO,07/01/2020,10:55:29,4.5,4.45,4000,4.55,16000,0,980000
IOC30Jan20125PE.NFO,07/01/2020,10:56:14,4.5,4.4,12000,4.55,16000,0,980000
IOC30Jan20125PE.NFO,07/01/2020,10:56:18,4.5,4.45,4000,4.55,16000,0,980000
IOC30Jan20125PE.NFO,07/01/2020,10:56:30,4.45,4.4,8000,4.5,8000,4000,980000
IOC30Jan20125PE.NFO,07/01/2020,10:56:36,4.45,4.4,8000,4.5,8000,0,980000
IOC30Jan20125PE.NFO,07/01/2020,10:57:10,4.45,4.4,12000,4.5,8000,0,980000
IOC30Jan20125PE.NFO,07/01/2020,10:57:23,4.45,4.4,8000,4.5,4000,0,980000
IOC30Jan20125PE.NFO,07/01/2020,10:57:31,4.45,4.4,4000,4.5,16000,0,980000
IOC30Jan20125PE.NFO,07/01/2020,10:58:21,4.45,4.4,8000,4.5,8000,0,980000
IOC30Jan20125PE.NFO,07/01/2020,10:58:28,4.45,4.45,4000,4.5,4000,0,980000
IOC30Jan20125PE.NFO,07/01/2020,10:58:59,4.45,4.4,8000,4.45,4000,0,980000
IOC30Jan20125PE.NFO,07/01/2020,10:59:12,4.45,4.35,4000,4.45,16000,0,980000
IOC30Jan20125PE.NFO,07/01/2020,10:59:19,4.45,4.35,4000,4.45,8000,0,980000
IOC30Jan20125PE.NFO,07/01/2020,10:59:24,4.45,4.35,4000,4.45,16000,0,980000
IOC30Jan20125PE.NFO,07/01/2020,10:59:30,4.45,4.35,4000,4.45,12000,0,980000
IOC30Jan20125PE.NFO,07/01/2020,10:59:36,4.45,4.35,16000,4.45,12000,0,980000
IOC30Jan20125PE.NFO,07/01/2020,10:59:53,4.45,4.35,4000,4.45,16000,0,980000
IOC30Jan20125PE.NFO,07/01/2020,11:00:13,4.45,4.35,4000,4.45,4000,0,980000
IOC30Jan20125PE.NFO,07/01/2020,11:01:01,4.45,4.4,4000,4.5,12000,0,980000
IOC30Jan20125PE.NFO,07/01/2020,11:01:16,4.45,4.45,8000,4.5,4000,0,980000
IOC30Jan20125PE.NFO,07/01/2020,11:01:31,4.5,4.45,4000,4.55,12000,8000,980000
IOC30Jan20125PE.NFO,07/01/2020,11:01:39,4.5,4.5,8000,4.6,12000,0,980000
IOC30Jan20125PE.NFO,07/01/2020,11:01:47,4.5,4.5,4000,4.55,8000,0,980000
IOC30Jan20125PE.NFO,07/01/2020,11:01:55,4.5,4.45,8000,4.55,12000,0,980000
IOC30Jan20125PE.NFO,07/01/2020,11:02:02,4.5,4.5,4000,4.55,8000,0,980000
IOC30Jan20125PE.NFO,07/01/2020,11:02:09,4.5,4.5,8000,4.55,8000,0,980000
IOC30Jan20125PE.NFO,07/01/2020,11:02:16,4.5,4.45,4000,4.55,12000,0,980000
IOC30Jan20125PE.NFO,07/01/2020,11:02:22,4.5,4.45,4000,4.55,8000,0,980000
IOC30Jan20125PE.NFO,07/01/2020,11:02:35,4.5,4.45,4000,4.55,4000,0,980000
IOC30Jan20125PE.NFO,07/01/2020,11:02:47,4.5,4.45,4000,4.55,12000,0,980000
IOC30Jan20125PE.NFO,07/01/2020,11:02:54,4.5,4.45,4000,4.55,4000,0,980000
IOC30Jan20125PE.NFO,07/01/2020,11:03:14,4.5,4.5,4000,4.6,12000,0,980000
IOC30Jan20125PE.NFO,07/01/2020,11:03:27,4.5,4.45,4000,4.6,16000,0,980000
IOC30Jan20125PE.NFO,07/01/2020,11:03:40,4.5,4.5,12000,4.6,12000,0,980000
IOC30Jan20125PE.NFO,07/01/2020,11:03:48,4.5,4.5,12000,4.65,12000,0,980000
IOC30Jan20125PE.NFO,07/01/2020,11:04:02,4.5,4.55,4000,4.65,12000,0,980000
IOC30Jan20125PE.NFO,07/01/2020,11:04:15,4.5,4.55,4000,4.65,8000,0,980000
IOC30Jan20125PE.NFO,07/01/2020,11:04:27,4.5,4.5,4000,4.65,12000,0,980000
IOC30Jan20125PE.NFO,07/01/2020,11:04:34,4.5,4.5,8000,4.6,4000,0,980000
IOC30Jan20125PE.NFO,07/01/2020,11:04:41,4.6,4.55,4000,4.65,12000,8000,980000
IOC30Jan20125PE.NFO,07/01/2020,11:04:48,4.6,4.6,4000,4.65,8000,4000,980000
IOC30Jan20125PE.NFO,07/01/2020,11:04:55,4.6,4.55,4000,4.65,8000,4000,980000
IOC30Jan20125PE.NFO,07/01/2020,11:05:29,4.6,4.55,4000,4.65,8000,0,980000
IOC30Jan20125PE.NFO,07/01/2020,11:05:36,4.6,4.6,4000,4.7,8000,0,980000
IOC30Jan20125PE.NFO,07/01/2020,11:05:43,4.6,4.6,4000,4.7,12000,0,980000
IOC30Jan20125PE.NFO,07/01/2020,11:05:50,4.6,4.55,8000,4.7,12000,0,980000
IOC30Jan20125PE.NFO,07/01/2020,11:05:57,4.6,4.55,8000,4.65,4000,0,980000
IOC30Jan20125PE.NFO,07/01/2020,11:06:11,4.6,4.55,8000,4.7,12000,0,980000
IOC30Jan20125PE.NFO,07/01/2020,11:06:18,4.6,4.55,8000,4.65,12000,0,980000
IOC30Jan20125PE.NFO,07/01/2020,11:06:24,4.6,4.55,8000,4.65,8000,0,980000
IOC30Jan20125PE.NFO,07/01/2020,11:06:50,4.6,4.6,4000,4.7,8000,0,980000
IOC30Jan20125PE.NFO,07/01/2020,11:07:01,4.6,4.55,8000,4.7,8000,0,980000
IOC30Jan20125PE.NFO,07/01/2020,11:07:06,4.6,4.6,8000,4.7,4000,0,980000
IOC30Jan20125PE.NFO,07/01/2020,11:07:21,4.6,4.6,4000,4.7,4000,0,980000
IOC30Jan20125PE.NFO,07/01/2020,11:07:37,4.6,4.55,8000,4.7,8000,0,980000
IOC30Jan20125PE.NFO,07/01/2020,11:07:43,4.6,4.55,8000,4.65,4000,0,980000
IOC30Jan20125PE.NFO,07/01/2020,11:07:49,4.6,4.55,8000,4.7,4000,0,980000
IOC30Jan20125PE.NFO,07/01/2020,11:08:44,4.6,4.55,8000,4.65,4000,0,980000
IOC30Jan20125PE.NFO,07/01/2020,11:09:18,4.6,4.55,8000,4.65,8000,0,980000
IOC30Jan20125PE.NFO,07/01/2020,11:09:23,4.6,4.55,8000,4.65,12000,0,980000
IOC30Jan20125PE.NFO,07/01/2020,11:09:42,4.6,4.55,4000,4.6,4000,0,980000
IOC30Jan20125PE.NFO,07/01/2020,11:09:46,4.6,4.55,8000,4.65,16000,0,980000
IOC30Jan20125PE.NFO,07/01/2020,11:09:58,4.6,4.55,8000,4.65,8000,0,980000
IOC30Jan20125PE.NFO,07/01/2020,11:10:35,4.6,4.55,8000,4.65,12000,0,980000
IOC30Jan20125PE.NFO,07/01/2020,11:10:39,4.6,4.55,8000,4.65,8000,0,980000
IOC30Jan20125PE.NFO,07/01/2020,11:10:57,4.6,4.55,8000,4.65,12000,0,980000
IOC30Jan20125PE.NFO,07/01/2020,11:11:07,4.65,4.55,8000,4.65,8000,4000,980000
IOC30Jan20125PE.NFO,07/01/2020,11:11:19,4.65,4.55,8000,4.65,8000,0,980000
IOC30Jan20125PE.NFO,07/01/2020,11:11:24,4.65,4.55,16000,4.65,8000,0,980000
IOC30Jan20125PE.NFO,07/01/2020,11:11:32,4.65,4.6,4000,4.7,12000,0,980000
IOC30Jan20125PE.NFO,07/01/2020,11:11:47,4.65,4.55,4000,4.65,8000,0,980000
IOC30Jan20125PE.NFO,07/01/2020,11:11:59,4.65,4.6,8000,4.7,8000,0,980000
IOC30Jan20125PE.NFO,07/01/2020,11:12:15,4.65,4.55,8000,4.7,12000,0,980000
IOC30Jan20125PE.NFO,07/01/2020,11:12:22,4.65,4.55,4000,4.65,8000,0,980000
IOC30Jan20125PE.NFO,07/01/2020,11:12:29,4.65,4.5,20000,4.65,12000,0,980000
IOC30Jan20125PE.NFO,07/01/2020,11:12:36,4.65,4.5,24000,4.65,12000,0,980000
IOC30Jan20125PE.NFO,07/01/2020,11:12:47,4.65,4.55,4000,4.65,8000,0,980000
IOC30Jan20125PE.NFO,07/01/2020,11:12:51,4.65,4.5,8000,4.65,8000,0,980000
IOC30Jan20125PE.NFO,07/01/2020,11:13:07,4.65,4.5,8000,4.65,12000,0,980000
IOC30Jan20125PE.NFO,07/01/2020,11:13:13,4.65,4.5,8000,4.65,16000,0,980000
IOC30Jan20125PE.NFO,07/01/2020,11:13:19,4.65,4.5,8000,4.65,8000,0,980000
IOC30Jan20125PE.NFO,07/01/2020,11:13:25,4.65,4.5,8000,4.6,4000,0,980000
IOC30Jan20125PE.NFO,07/01/2020,11:13:59,4.65,4.5,16000,4.6,12000,0,980000
IOC30Jan20125PE.NFO,07/01/2020,11:14:05,4.65,4.5,4000,4.6,12000,0,980000
IOC30Jan20125PE.NFO,07/01/2020,11:14:10,4.65,4.5,4000,4.6,8000,0,980000
IOC30Jan20125PE.NFO,07/01/2020,11:14:16,4.65,4.45,12000,4.55,8000,0,980000
IOC30Jan20125PE.NFO,07/01/2020,11:14:22,4.65,4.45,8000,4.55,8000,0,980000
IOC30Jan20125PE.NFO,07/01/2020,11:14:28,4.65,4.5,4000,4.55,4000,0,980000
IOC30Jan20125PE.NFO,07/01/2020,11:14:38,4.65,4.5,4000,4.6,12000,0,980000
IOC30Jan20125PE.NFO,07/01/2020,11:14:53,4.65,4.5,4000,4.6,4000,0,980000
IOC30Jan20125PE.NFO,07/01/2020,11:15:17,4.65,4.5,8000,4.6,4000,0,980000
IOC30Jan20125PE.NFO,07/01/2020,11:15:39,4.65,4.55,4000,4.65,12000,0,980000
IOC30Jan20125PE.NFO,07/01/2020,11:15:54,4.65,4.55,4000,4.65,8000,0,980000
IOC30Jan20125PE.NFO,07/01/2020,11:16:19,4.65,4.55,4000,4.65,12000,0,980000
IOC30Jan20125PE.NFO,07/01/2020,11:16:25,4.65,4.55,4000,4.65,8000,0,980000
IOC30Jan20125PE.NFO,07/01/2020,11:16:37,4.65,4.55,8000,4.65,8000,0,980000
IOC30Jan20125PE.NFO,07/01/2020,11:16:54,4.65,4.6,4000,4.7,16000,0,980000
IOC30Jan20125PE.NFO,07/01/2020,11:17:41,4.65,4.6,8000,4.75,16000,0,980000
IOC30Jan20125PE.NFO,07/01/2020,11:17:56,4.65,4.65,4000,4.75,12000,0,980000
IOC30Jan20125PE.NFO,07/01/2020,11:18:00,4.65,4.7,8000,4.75,8000,0,980000
IOC30Jan20125PE.NFO,07/01/2020,11:18:12,4.65,4.7,8000,4.75,4000,0,980000
IOC30Jan20125PE.NFO,07/01/2020,11:18:18,4.65,4.7,8000,4.8,8000,0,980000
IOC30Jan20125PE.NFO,07/01/2020,11:18:44,4.7,4.5,8000,4.65,4000,8000,980000
IOC30Jan20125PE.NFO,07/01/2020,11:18:50,4.7,4.5,8000,4.65,4000,0,980000
IOC30Jan20125PE.NFO,07/01/2020,11:19:01,4.7,4.5,12000,4.65,4000,0,980000
IOC30Jan20125PE.NFO,07/01/2020,11:19:07,4.7,4.5,20000,4.65,4000,0,980000
IOC30Jan20125PE.NFO,07/01/2020,11:19:20,4.7,4.5,16000,4.65,4000,0,980000
IOC30Jan20125PE.NFO,07/01/2020,11:19:28,4.7,4.5,20000,4.65,4000,0,980000
IOC30Jan20125PE.NFO,07/01/2020,11:19:41,4.7,4.5,16000,4.65,4000,0,980000
IOC30Jan20125PE.NFO,07/01/2020,11:19:47,4.7,4.5,20000,4.65,4000,0,980000
IOC30Jan20125PE.NFO,07/01/2020,11:20:20,4.7,4.55,4000,4.65,4000,0,980000
IOC30Jan20125PE.NFO,07/01/2020,11:20:42,4.7,4.6,4000,4.65,4000,0,980000
IOC30Jan20125PE.NFO,07/01/2020,11:20:58,4.6,4.55,4000,4.65,4000,4000,980000
IOC30Jan20125PE.NFO,07/01/2020,11:21:13,4.6,4.55,8000,4.7,12000,0,980000
IOC30Jan20125PE.NFO,07/01/2020,11:21:27,4.6,4.55,8000,4.7,4000,0,980000
IOC30Jan20125PE.NFO,07/01/2020,11:21:45,4.6,4.6,4000,4.7,4000,0,980000
IOC30Jan20125PE.NFO,07/01/2020,11:22:33,4.6,4.55,4000,4.65,4000,0,980000
IOC30Jan20125PE.NFO,07/01/2020,11:22:38,4.6,4.55,4000,4.65,8000,0,980000
IOC30Jan20125PE.NFO,07/01/2020,11:22:42,4.6,4.55,4000,4.65,4000,0,980000
IOC30Jan20125PE.NFO,07/01/2020,11:22:50,4.6,4.55,4000,4.65,8000,0,980000
IOC30Jan20125PE.NFO,07/01/2020,11:22:56,4.6,4.45,16000,4.6,8000,0,980000
IOC30Jan20125PE.NFO,07/01/2020,11:23:02,4.6,4.45,20000,4.6,12000,0,980000
IOC30Jan20125PE.NFO,07/01/2020,11:23:12,4.6,4.55,4000,4.65,8000,4000,980000
IOC30Jan20125PE.NFO,07/01/2020,11:23:44,4.6,4.5,12000,4.65,20000,0,980000
IOC30Jan20125PE.NFO,07/01/2020,11:23:48,4.6,4.5,8000,4.65,20000,0,980000
IOC30Jan20125PE.NFO,07/01/2020,11:23:58,4.6,4.5,8000,4.6,4000,0,980000
IOC30Jan20125PE.NFO,07/01/2020,11:24:04,4.6,4.45,8000,4.6,8000,0,980000
IOC30Jan20125PE.NFO,07/01/2020,11:24:15,4.6,4.5,4000,4.6,8000,0,980000
IOC30Jan20125PE.NFO,07/01/2020,11:24:24,4.5,4.45,8000,4.6,8000,4000,984000
IOC30Jan20125PE.NFO,07/01/2020,11:24:29,4.5,4.45,8000,4.6,8000,0,984000
IOC30Jan20125PE.NFO,07/01/2020,11:24:34,4.5,4.4,20000,4.55,12000,0,984000
IOC30Jan20125PE.NFO,07/01/2020,11:24:43,4.5,4.4,20000,4.55,16000,0,984000
IOC30Jan20125PE.NFO,07/01/2020,11:24:47,4.5,4.45,4000,4.55,12000,0,984000
IOC30Jan20125PE.NFO,07/01/2020,11:24:56,4.5,4.45,4000,4.55,16000,0,984000
IOC30Jan20125PE.NFO,07/01/2020,11:25:06,4.45,4.4,8000,4.5,4000,4000,984000
IOC30Jan20125PE.NFO,07/01/2020,11:25:19,4.45,4.4,8000,4.55,12000,0,984000
IOC30Jan20125PE.NFO,07/01/2020,11:25:24,4.45,4.4,8000,4.5,4000,0,984000
IOC30Jan20125PE.NFO,07/01/2020,11:25:39,4.45,4.4,8000,4.5,8000,0,984000
IOC30Jan20125PE.NFO,07/01/2020,11:25:44,4.45,4.35,8000,4.45,4000,0,984000
IOC30Jan20125PE.NFO,07/01/2020,11:25:50,4.45,4.4,4000,4.5,12000,0,984000
IOC30Jan20125PE.NFO,07/01/2020,11:26:10,4.45,4.4,4000,4.5,8000,0,984000
IOC30Jan20125PE.NFO,07/01/2020,11:26:20,4.45,4.4,4000,4.45,4000,0,984000
IOC30Jan20125PE.NFO,07/01/2020,11:26:30,4.4,4.35,8000,4.45,4000,4000,984000
IOC30Jan20125PE.NFO,07/01/2020,11:26:35,4.4,4.3,16000,4.45,16000,0,984000
IOC30Jan20125PE.NFO,07/01/2020,11:26:40,4.4,4.35,4000,4.45,8000,0,984000
IOC30Jan20125PE.NFO,07/01/2020,11:27:02,4.4,4.35,12000,4.45,4000,0,984000
IOC30Jan20125PE.NFO,07/01/2020,11:27:06,4.4,4.4,4000,4.45,4000,0,984000
IOC30Jan20125PE.NFO,07/01/2020,11:27:09,4.4,4.4,4000,4.5,16000,0,984000
IOC30Jan20125PE.NFO,07/01/2020,11:27:12,4.4,4.4,4000,4.5,12000,0,984000
IOC30Jan20125PE.NFO,07/01/2020,11:27:31,4.4,4.4,4000,4.5,16000,0,984000
IOC30Jan20125PE.NFO,07/01/2020,11:27:56,4.4,4.4,8000,4.5,16000,0,984000
IOC30Jan20125PE.NFO,07/01/2020,11:28:04,4.4,4.4,4000,4.5,16000,0,984000
IOC30Jan20125PE.NFO,07/01/2020,11:28:12,4.4,4.4,4000,4.45,4000,0,984000
IOC30Jan20125PE.NFO,07/01/2020,11:28:16,4.4,4.4,8000,4.5,16000,0,984000
IOC30Jan20125PE.NFO,07/01/2020,11:28:26,4.4,4.4,4000,4.45,4000,0,984000
IOC30Jan20125PE.NFO,07/01/2020,11:28:46,4.4,4.35,8000,4.45,16000,0,984000
IOC30Jan20125PE.NFO,07/01/2020,11:28:58,4.4,4.35,12000,4.45,4000,0,984000
IOC30Jan20125PE.NFO,07/01/2020,11:29:38,4.4,4.35,16000,4.45,4000,0,984000
IOC30Jan20125PE.NFO,07/01/2020,11:29:42,4.4,4.4,16000,4.55,12000,0,984000
IOC30Jan20125PE.NFO,07/01/2020,11:29:49,4.4,4.45,4000,4.55,8000,0,984000
IOC30Jan20125PE.NFO,07/01/2020,11:29:53,4.4,4.45,4000,4.55,4000,0,984000
IOC30Jan20125PE.NFO,07/01/2020,11:30:02,4.4,4.45,4000,4.55,8000,0,984000
IOC30Jan20125PE.NFO,07/01/2020,11:30:13,4.4,4.45,4000,4.55,4000,0,984000
IOC30Jan20125PE.NFO,07/01/2020,11:30:17,4.4,4.45,8000,4.55,4000,0,984000
IOC30Jan20125PE.NFO,07/01/2020,11:30:31,4.4,4.45,4000,4.5,4000,0,984000
IOC30Jan20125PE.NFO,07/01/2020,11:30:41,4.4,4.45,4000,4.55,4000,0,984000
IOC30Jan20125PE.NFO,07/01/2020,11:30:53,4.4,4.4,20000,4.5,4000,0,984000
IOC30Jan20125PE.NFO,07/01/2020,11:31:02,4.4,4.3,8000,4.4,8000,0,984000
IOC30Jan20125PE.NFO,07/01/2020,11:31:09,4.25,4.2,12000,4.3,4000,4000,984000
IOC30Jan20125PE.NFO,07/01/2020,11:31:14,4.25,4.2,4000,4.3,8000,0,980000
IOC30Jan20125PE.NFO,07/01/2020,11:31:28,4.25,4.25,4000,4.35,12000,0,980000
IOC30Jan20125PE.NFO,07/01/2020,11:31:33,4.25,4.2,4000,4.25,4000,0,980000
IOC30Jan20125PE.NFO,07/01/2020,11:31:41,4.25,4.2,16000,4.3,4000,0,980000
IOC30Jan20125PE.NFO,07/01/2020,11:31:45,4.25,4.2,12000,4.3,4000,0,980000
IOC30Jan20125PE.NFO,07/01/2020,11:31:50,4.25,4.2,4000,4.3,4000,4000,980000
IOC30Jan20125PE.NFO,07/01/2020,11:32:03,4.25,4.2,4000,4.3,4000,0,980000
IOC30Jan20125PE.NFO,07/01/2020,11:32:08,4.25,4.2,8000,4.3,4000,0,980000
IOC30Jan20125PE.NFO,07/01/2020,11:32:23,4.25,4.2,12000,4.35,12000,0,980000
IOC30Jan20125PE.NFO,07/01/2020,11:32:38,4.25,4.25,4000,4.35,8000,0,980000
IOC30Jan20125PE.NFO,07/01/2020,11:32:43,4.25,4.2,12000,4.35,8000,0,980000
IOC30Jan20125PE.NFO,07/01/2020,11:32:47,4.25,4.2,8000,4.3,8000,0,980000
IOC30Jan20125PE.NFO,07/01/2020,11:32:57,4.25,4.2,4000,4.3,8000,0,980000
IOC30Jan20125PE.NFO,07/01/2020,11:33:34,4.25,4.2,8000,4.3,8000,0,980000
IOC30Jan20125PE.NFO,07/01/2020,11:33:51,4.25,4.2,8000,4.3,4000,0,980000
IOC30Jan20125PE.NFO,07/01/2020,11:34:34,4.25,4.15,8000,4.3,8000,0,980000
IOC30Jan20125PE.NFO,07/01/2020,11:34:40,4.25,4.15,8000,4.25,4000,0,980000
IOC30Jan20125PE.NFO,07/01/2020,11:34:51,4.25,4.15,8000,4.3,8000,0,980000
IOC30Jan20125PE.NFO,07/01/2020,11:35:19,4.25,4.15,8000,4.25,4000,0,980000
IOC30Jan20125PE.NFO,07/01/2020,11:35:26,4.25,4.15,8000,4.25,8000,0,980000
IOC30Jan20125PE.NFO,07/01/2020,11:36:01,4.25,4.15,8000,4.25,4000,0,980000
IOC30Jan20125PE.NFO,07/01/2020,11:36:11,4.25,4.2,8000,4.3,8000,0,980000
IOC30Jan20125PE.NFO,07/01/2020,11:36:36,4.25,4.2,8000,4.3,4000,0,980000
IOC30Jan20125PE.NFO,07/01/2020,11:36:41,4.25,4.25,4000,4.3,4000,0,980000
IOC30Jan20125PE.NFO,07/01/2020,11:36:52,4.25,4.25,4000,4.35,8000,0,980000
IOC30Jan20125PE.NFO,07/01/2020,11:37:10,4.25,4.25,8000,4.35,8000,0,980000
IOC30Jan20125PE.NFO,07/01/2020,11:37:21,4.25,4.25,16000,4.4,8000,0,980000
IOC30Jan20125PE.NFO,07/01/2020,11:37:27,4.25,4.3,16000,4.45,8000,0,980000
IOC30Jan20125PE.NFO,07/01/2020,11:37:44,4.25,4.35,4000,4.45,8000,0,980000
IOC30Jan20125PE.NFO,07/01/2020,11:37:48,4.25,4.35,4000,4.4,8000,0,980000
IOC30Jan20125PE.NFO,07/01/2020,11:37:53,4.25,4.3,12000,4.4,8000,0,980000
IOC30Jan20125PE.NFO,07/01/2020,11:38:01,4.25,4.3,4000,4.35,4000,0,980000
IOC30Jan20125PE.NFO,07/01/2020,11:38:04,4.25,4.25,16000,4.4,8000,0,980000
IOC30Jan20125PE.NFO,07/01/2020,11:38:09,4.25,4.3,4000,4.4,8000,0,980000
IOC30Jan20125PE.NFO,07/01/2020,11:38:17,4.25,4.3,4000,4.35,4000,0,980000
IOC30Jan20125PE.NFO,07/01/2020,11:39:07,4.25,4.3,8000,4.35,4000,0,980000
IOC30Jan20125PE.NFO,07/01/2020,11:39:12,4.25,4.3,4000,4.4,4000,0,980000
IOC30Jan20125PE.NFO,07/01/2020,11:39:16,4.25,4.3,8000,4.4,4000,0,980000
IOC30Jan20125PE.NFO,07/01/2020,11:39:29,4.25,4.3,8000,4.4,8000,0,980000
IOC30Jan20125PE.NFO,07/01/2020,11:39:52,4.25,4.3,12000,4.4,8000,0,980000
IOC30Jan20125PE.NFO,07/01/2020,11:39:59,4.25,4.35,12000,4.45,4000,0,980000
IOC30Jan20125PE.NFO,07/01/2020,11:40:05,4.25,4.35,12000,4.5,8000,0,980000
IOC30Jan20125PE.NFO,07/01/2020,11:40:19,4.25,4.35,12000,4.5,4000,0,980000
IOC30Jan20125PE.NFO,07/01/2020,11:40:27,4.25,4.35,12000,4.45,4000,0,980000
IOC30Jan20125PE.NFO,07/01/2020,11:44:13,4.45,4.35,12000,4.5,4000,4000,976000
IOC30Jan20125PE.NFO,07/01/2020,11:44:17,4.45,4.35,12000,4.5,4000,0,976000
IOC30Jan20125PE.NFO,07/01/2020,11:44:20,4.45,4.4,4000,4.5,4000,0,976000
IOC30Jan20125PE.NFO,07/01/2020,11:46:06,4.45,4.35,12000,4.5,4000,0,976000
IOC30Jan20125PE.NFO,07/01/2020,11:46:24,4.45,4.4,4000,4.5,4000,0,976000
IOC30Jan20125PE.NFO,07/01/2020,11:48:02,4.45,4.4,8000,4.55,4000,0,976000
IOC30Jan20125PE.NFO,07/01/2020,11:48:07,4.45,4.4,12000,4.55,8000,0,976000
IOC30Jan20125PE.NFO,07/01/2020,11:48:10,4.45,4.45,8000,4.55,8000,0,976000
IOC30Jan20125PE.NFO,07/01/2020,11:48:40,4.45,4.45,4000,4.55,8000,0,976000
IOC30Jan20125PE.NFO,07/01/2020,11:48:52,4.45,4.45,8000,4.55,8000,0,976000
IOC30Jan20125PE.NFO,07/01/2020,11:48:54,4.5,4.45,12000,4.55,4000,4000,976000
IOC30Jan20125PE.NFO,07/01/2020,11:48:57,4.5,4.45,12000,4.55,4000,0,976000
IOC30Jan20125PE.NFO,07/01/2020,11:49:22,4.5,4.45,4000,4.55,4000,0,976000
IOC30Jan20125PE.NFO,07/01/2020,11:49:46,4.5,4.45,8000,4.55,4000,0,976000
IOC30Jan20125PE.NFO,07/01/2020,11:49:48,4.5,4.45,4000,4.55,4000,0,976000
IOC30Jan20125PE.NFO,07/01/2020,11:49:51,4.5,4.45,16000,4.6,8000,0,976000
IOC30Jan20125PE.NFO,07/01/2020,11:49:59,4.5,4.5,8000,4.6,4000,0,976000
IOC30Jan20125PE.NFO,07/01/2020,11:51:08,4.5,4.45,16000,4.6,12000,0,976000
IOC30Jan20125PE.NFO,07/01/2020,11:51:29,4.5,4.55,4000,4.6,8000,0,976000
IOC30Jan20125PE.NFO,07/01/2020,11:51:34,4.55,4.5,4000,4.6,8000,4000,972000
IOC30Jan20125PE.NFO,07/01/2020,11:51:39,4.55,4.5,4000,4.6,8000,0,972000
IOC30Jan20125PE.NFO,07/01/2020,11:52:05,4.55,4.45,16000,4.6,8000,0,972000
IOC30Jan20125PE.NFO,07/01/2020,11:52:42,4.55,4.45,16000,4.6,16000,0,972000
IOC30Jan20125PE.NFO,07/01/2020,11:52:45,4.55,4.5,4000,4.6,16000,0,972000
IOC30Jan20125PE.NFO,07/01/2020,11:53:47,4.55,4.45,20000,4.6,20000,0,972000
IOC30Jan20125PE.NFO,07/01/2020,11:53:53,4.55,4.45,16000,4.6,20000,0,972000
IOC30Jan20125PE.NFO,07/01/2020,11:54:00,4.55,4.45,12000,4.6,20000,0,972000
IOC30Jan20125PE.NFO,07/01/2020,11:54:08,4.55,4.45,16000,4.6,20000,0,972000
IOC30Jan20125PE.NFO,07/01/2020,11:54:10,4.55,4.45,16000,4.6,16000,0,972000
IOC30Jan20125PE.NFO,07/01/2020,11:54:17,4.55,4.45,12000,4.6,16000,0,972000
IOC30Jan20125PE.NFO,07/01/2020,11:54:48,4.55,4.45,12000,4.55,4000,0,972000
IOC30Jan20125PE.NFO,07/01/2020,11:55:31,4.55,4.45,4000,4.55,8000,0,972000
IOC30Jan20125PE.NFO,07/01/2020,11:55:36,4.55,4.45,4000,4.55,4000,0,972000
IOC30Jan20125PE.NFO,07/01/2020,11:55:39,4.55,4.45,4000,4.55,8000,0,972000
IOC30Jan20125PE.NFO,07/01/2020,11:55:53,4.55,4.5,4000,4.6,12000,0,972000
IOC30Jan20125PE.NFO,07/01/2020,11:56:04,4.55,4.45,20000,4.6,12000,0,972000
IOC30Jan20125PE.NFO,07/01/2020,11:57:32,4.55,4.5,4000,4.6,8000,0,972000
IOC30Jan20125PE.NFO,07/01/2020,11:58:29,4.55,4.55,4000,4.65,8000,0,972000
IOC30Jan20125PE.NFO,07/01/2020,11:58:55,4.55,4.55,4000,4.65,4000,0,972000
IOC30Jan20125PE.NFO,07/01/2020,11:58:58,4.55,4.55,4000,4.65,8000,0,972000
IOC30Jan20125PE.NFO,07/01/2020,11:59:01,4.55,4.5,4000,4.6,8000,0,972000
IOC30Jan20125PE.NFO,07/01/2020,11:59:12,4.55,4.45,20000,4.6,8000,0,972000
IOC30Jan20125PE.NFO,07/01/2020,11:59:51,4.55,4.5,4000,4.6,8000,0,972000
IOC30Jan20125PE.NFO,07/01/2020,12:00:35,4.55,4.45,20000,4.6,12000,0,972000
IOC30Jan20125PE.NFO,07/01/2020,12:01:01,4.55,4.45,16000,4.6,12000,0,972000
IOC30Jan20125PE.NFO,07/01/2020,12:01:17,4.55,4.45,16000,4.6,8000,0,972000
IOC30Jan20125PE.NFO,07/01/2020,12:01:24,4.55,4.45,8000,4.55,4000,0,972000
IOC30Jan20125PE.NFO,07/01/2020,12:01:28,4.55,4.5,4000,4.6,8000,0,972000
IOC30Jan20125PE.NFO,07/01/2020,12:01:59,4.55,4.45,8000,4.6,8000,0,972000
IOC30Jan20125PE.NFO,07/01/2020,12:02:02,4.55,4.45,12000,4.6,8000,0,972000
IOC30Jan20125PE.NFO,07/01/2020,12:02:15,4.55,4.45,8000,4.6,8000,0,972000
IOC30Jan20125PE.NFO,07/01/2020,12:02:37,4.55,4.45,8000,4.55,4000,0,972000
IOC30Jan20125PE.NFO,07/01/2020,12:02:54,4.55,4.5,4000,4.6,8000,0,972000
IOC30Jan20125PE.NFO,07/01/2020,12:02:59,4.55,4.45,12000,4.6,12000,0,972000
IOC30Jan20125PE.NFO,07/01/2020,12:03:11,4.55,4.5,4000,4.6,8000,0,972000
IOC30Jan20125PE.NFO,07/01/2020,12:03:25,4.55,4.45,20000,4.55,4000,0,972000
IOC30Jan20125PE.NFO,07/01/2020,12:03:37,4.55,4.45,12000,4.55,4000,0,972000
IOC30Jan20125PE.NFO,07/01/2020,12:03:41,4.55,4.5,4000,4.6,8000,0,972000
IOC30Jan20125PE.NFO,07/01/2020,12:03:54,4.55,4.45,12000,4.55,4000,0,972000
IOC30Jan20125PE.NFO,07/01/2020,12:04:00,4.55,4.45,8000,4.55,4000,0,972000
IOC30Jan20125PE.NFO,07/01/2020,12:04:02,4.55,4.45,8000,4.55,8000,0,972000
IOC30Jan20125PE.NFO,07/01/2020,12:04:10,4.55,4.45,8000,4.55,4000,0,972000
IOC30Jan20125PE.NFO,07/01/2020,12:04:28,4.55,4.45,8000,4.55,8000,0,972000
IOC30Jan20125PE.NFO,07/01/2020,12:04:45,4.55,4.45,8000,4.55,4000,0,972000
IOC30Jan20125PE.NFO,07/01/2020,12:05:09,4.55,4.45,16000,4.55,4000,0,972000
IOC30Jan20125PE.NFO,07/01/2020,12:05:16,4.55,4.45,12000,4.55,4000,0,972000
IOC30Jan20125PE.NFO,07/01/2020,12:05:41,4.55,4.5,4000,4.6,12000,0,972000
IOC30Jan20125PE.NFO,07/01/2020,12:05:51,4.55,4.5,4000,4.55,4000,0,972000
IOC30Jan20125PE.NFO,07/01/2020,12:05:56,4.55,4.45,16000,4.55,4000,0,972000
IOC30Jan20125PE.NFO,07/01/2020,12:08:11,4.55,4.45,12000,4.55,4000,0,972000
IOC30Jan20125PE.NFO,07/01/2020,12:08:15,4.55,4.45,4000,4.55,8000,0,972000
IOC30Jan20125PE.NFO,07/01/2020,12:08:22,4.55,4.45,4000,4.5,8000,0,972000
IOC30Jan20125PE.NFO,07/01/2020,12:08:28,4.55,4.45,4000,4.55,12000,0,972000
IOC30Jan20125PE.NFO,07/01/2020,12:08:47,4.55,4.45,4000,4.5,4000,0,972000
IOC30Jan20125PE.NFO,07/01/2020,12:09:18,4.55,4.5,4000,4.6,8000,0,972000
IOC30Jan20125PE.NFO,07/01/2020,12:10:42,4.55,4.45,16000,4.6,8000,0,972000
IOC30Jan20125PE.NFO,07/01/2020,12:10:55,4.55,4.45,16000,4.55,4000,0,972000
IOC30Jan20125PE.NFO,07/01/2020,12:11:57,4.55,4.45,12000,4.55,4000,0,972000
IOC30Jan20125PE.NFO,07/01/2020,12:13:09,4.55,4.45,12000,4.55,8000,0,972000
IOC30Jan20125PE.NFO,07/01/2020,12:13:35,4.55,4.45,12000,4.55,4000,0,972000
IOC30Jan20125PE.NFO,07/01/2020,12:15:52,4.55,4.45,12000,4.55,12000,0,972000
IOC30Jan20125PE.NFO,07/01/2020,12:17:03,4.55,4.45,4000,4.5,4000,0,972000
IOC30Jan20125PE.NFO,07/01/2020,12:17:27,4.55,4.45,8000,4.55,8000,0,972000
IOC30Jan20125PE.NFO,07/01/2020,12:17:30,4.55,4.45,12000,4.55,8000,0,972000
IOC30Jan20125PE.NFO,07/01/2020,12:17:39,4.55,4.45,16000,4.55,8000,4000,972000
IOC30Jan20125PE.NFO,07/01/2020,12:17:41,4.55,4.45,16000,4.55,8000,0,972000
IOC30Jan20125PE.NFO,07/01/2020,12:17:46,4.45,4.35,12000,4.5,8000,4000,972000
IOC30Jan20125PE.NFO,07/01/2020,12:17:49,4.45,4.4,4000,4.5,8000,0,972000
IOC30Jan20125PE.NFO,07/01/2020,12:18:06,4.45,4.35,20000,4.5,8000,0,972000
IOC30Jan20125PE.NFO,07/01/2020,12:18:09,4.45,4.4,4000,4.5,4000,0,972000
IOC30Jan20125PE.NFO,07/01/2020,12:18:11,4.45,4.4,4000,4.5,8000,0,972000
IOC30Jan20125PE.NFO,07/01/2020,12:18:18,4.45,4.35,4000,4.45,4000,0,972000
IOC30Jan20125PE.NFO,07/01/2020,12:18:21,4.45,4.3,16000,4.45,4000,0,972000
IOC30Jan20125PE.NFO,07/01/2020,12:18:31,4.45,4.3,12000,4.4,4000,0,972000
IOC30Jan20125PE.NFO,07/01/2020,12:18:34,4.45,4.3,16000,4.45,8000,0,972000
IOC30Jan20125PE.NFO,07/01/2020,12:18:36,4.45,4.35,8000,4.45,4000,0,972000
IOC30Jan20125PE.NFO,07/01/2020,12:18:42,4.45,4.4,4000,4.5,8000,0,972000
IOC30Jan20125PE.NFO,07/01/2020,12:18:45,4.45,4.4,4000,4.5,4000,0,972000
IOC30Jan20125PE.NFO,07/01/2020,12:18:59,4.4,4.35,16000,4.5,4000,4000,972000
IOC30Jan20125PE.NFO,07/01/2020,12:19:01,4.4,4.35,16000,4.5,4000,0,972000
IOC30Jan20125PE.NFO,07/01/2020,12:19:04,4.4,4.35,12000,4.45,4000,0,972000
IOC30Jan20125PE.NFO,07/01/2020,12:19:10,4.4,4.35,12000,4.5,12000,0,972000
IOC30Jan20125PE.NFO,07/01/2020,12:19:18,4.4,4.35,16000,4.5,4000,0,972000
IOC30Jan20125PE.NFO,07/01/2020,12:19:28,4.4,4.35,16000,4.5,12000,0,972000
IOC30Jan20125PE.NFO,07/01/2020,12:19:31,4.4,4.4,8000,4.5,8000,0,972000
IOC30Jan20125PE.NFO,07/01/2020,12:19:46,4.4,4.4,16000,4.55,4000,0,972000
IOC30Jan20125PE.NFO,07/01/2020,12:19:50,4.4,4.4,8000,4.5,4000,0,972000
IOC30Jan20125PE.NFO,07/01/2020,12:20:02,4.4,4.4,8000,4.5,12000,0,972000
IOC30Jan20125PE.NFO,07/01/2020,12:20:17,4.4,4.35,16000,4.5,16000,0,972000
IOC30Jan20125PE.NFO,07/01/2020,12:20:26,4.4,4.35,16000,4.5,8000,0,972000
IOC30Jan20125PE.NFO,07/01/2020,12:20:29,4.4,4.35,12000,4.45,4000,0,972000
IOC30Jan20125PE.NFO,07/01/2020,12:21:27,4.4,4.35,12000,4.45,8000,0,972000
IOC30Jan20125PE.NFO,07/01/2020,12:21:53,4.4,4.3,16000,4.45,12000,0,972000
IOC30Jan20125PE.NFO,07/01/2020,12:21:57,4.4,4.3,16000,4.45,16000,0,972000
IOC30Jan20125PE.NFO,07/01/2020,12:22:01,4.4,4.35,8000,4.45,8000,0,972000
IOC30Jan20125PE.NFO,07/01/2020,12:22:06,4.4,4.35,4000,4.45,8000,0,972000
IOC30Jan20125PE.NFO,07/01/2020,12:22:20,4.4,4.3,12000,4.4,4000,0,972000
IOC30Jan20125PE.NFO,07/01/2020,12:22:37,4.4,4.3,8000,4.4,4000,0,972000
IOC30Jan20125PE.NFO,07/01/2020,12:22:41,4.4,4.3,12000,4.45,20000,0,972000
IOC30Jan20125PE.NFO,07/01/2020,12:22:52,4.4,4.35,8000,4.45,16000,0,972000
IOC30Jan20125PE.NFO,07/01/2020,12:23:01,4.4,4.35,8000,4.4,4000,0,972000
IOC30Jan20125PE.NFO,07/01/2020,12:23:05,4.4,4.35,8000,4.45,8000,0,972000
IOC30Jan20125PE.NFO,07/01/2020,12:23:11,4.4,4.35,8000,4.45,12000,0,972000
IOC30Jan20125PE.NFO,07/01/2020,12:23:54,4.4,4.35,8000,4.45,16000,0,972000
IOC30Jan20125PE.NFO,07/01/2020,12:24:49,4.4,4.35,8000,4.4,4000,0,972000
IOC30Jan20125PE.NFO,07/01/2020,12:25:59,4.4,4.35,8000,4.4,8000,0,972000
IOC30Jan20125PE.NFO,07/01/2020,12:26:44,4.4,4.35,8000,4.4,4000,0,972000
IOC30Jan20125PE.NFO,07/01/2020,12:27:21,4.4,4.35,8000,4.45,16000,0,972000
IOC30Jan20125PE.NFO,07/01/2020,12:27:41,4.4,4.35,8000,4.4,4000,0,972000
IOC30Jan20125PE.NFO,07/01/2020,12:27:49,4.4,4.35,12000,4.45,8000,0,972000
IOC30Jan20125PE.NFO,07/01/2020,12:28:11,4.4,4.35,8000,4.45,12000,4000,972000
IOC30Jan20125PE.NFO,07/01/2020,12:28:13,4.4,4.35,8000,4.45,12000,0,972000
IOC30Jan20125PE.NFO,07/01/2020,12:30:17,4.4,4.35,12000,4.45,12000,0,972000
IOC30Jan20125PE.NFO,07/01/2020,12:31:03,4.4,4.35,8000,4.4,4000,0,972000
IOC30Jan20125PE.NFO,07/01/2020,12:31:14,4.4,4.35,8000,4.45,16000,0,972000
IOC30Jan20125PE.NFO,07/01/2020,12:32:15,4.4,4.35,12000,4.45,16000,0,972000
IOC30Jan20125PE.NFO,07/01/2020,12:33:06,4.4,4.35,8000,4.45,16000,0,972000
IOC30Jan20125PE.NFO,07/01/2020,12:33:51,4.4,4.35,12000,4.45,16000,0,972000
IOC30Jan20125PE.NFO,07/01/2020,12:34:35,4.4,4.35,8000,4.45,16000,4000,972000
IOC30Jan20125PE.NFO,07/01/2020,12:34:57,4.4,4.35,8000,4.45,16000,0,972000
IOC30Jan20125PE.NFO,07/01/2020,12:35:36,4.4,4.35,12000,4.45,16000,0,972000
IOC30Jan20125PE.NFO,07/01/2020,12:36:02,4.4,4.35,8000,4.45,16000,0,972000
IOC30Jan20125PE.NFO,07/01/2020,12:36:11,4.4,4.35,8000,4.4,4000,0,972000
IOC30Jan20125PE.NFO,07/01/2020,12:36:35,4.4,4.35,8000,4.4,8000,0,972000
IOC30Jan20125PE.NFO,07/01/2020,12:36:38,4.4,4.35,8000,4.4,4000,0,972000
IOC30Jan20125PE.NFO,07/01/2020,12:36:55,4.4,4.35,8000,4.45,16000,0,972000
IOC30Jan20125PE.NFO,07/01/2020,12:37:08,4.4,4.35,12000,4.45,16000,0,972000
IOC30Jan20125PE.NFO,07/01/2020,12:37:11,4.4,4.35,12000,4.45,12000,0,972000
IOC30Jan20125PE.NFO,07/01/2020,12:37:13,4.4,4.35,12000,4.45,16000,0,972000
IOC30Jan20125PE.NFO,07/01/2020,12:38:06,4.4,4.35,8000,4.4,4000,0,972000
IOC30Jan20125PE.NFO,07/01/2020,12:39:01,4.4,4.35,8000,4.4,8000,0,972000
IOC30Jan20125PE.NFO,07/01/2020,12:41:55,4.4,4.35,8000,4.4,16000,0,972000
IOC30Jan20125PE.NFO,07/01/2020,12:42:27,4.35,4.35,4000,4.4,16000,4000,972000
IOC30Jan20125PE.NFO,07/01/2020,12:42:33,4.4,4.35,4000,4.4,16000,4000,972000
IOC30Jan20125PE.NFO,07/01/2020,12:42:50,4.4,4.35,4000,4.4,12000,4000,972000
IOC30Jan20125PE.NFO,07/01/2020,12:42:54,4.4,4.35,4000,4.4,8000,0,972000
IOC30Jan20125PE.NFO,07/01/2020,12:43:04,4.4,4.35,4000,4.4,12000,0,972000
IOC30Jan20125PE.NFO,07/01/2020,12:43:07,4.4,4.35,4000,4.4,16000,0,972000
IOC30Jan20125PE.NFO,07/01/2020,12:43:42,4.4,4.35,4000,4.4,4000,0,972000
IOC30Jan20125PE.NFO,07/01/2020,12:43:50,4.4,4.35,4000,4.4,12000,0,972000
IOC30Jan20125PE.NFO,07/01/2020,12:43:53,4.4,4.35,4000,4.4,4000,0,972000
IOC30Jan20125PE.NFO,07/01/2020,12:43:55,4.4,4.35,8000,4.45,16000,0,972000
IOC30Jan20125PE.NFO,07/01/2020,12:44:02,4.4,4.35,4000,4.4,4000,0,972000
IOC30Jan20125PE.NFO,07/01/2020,12:44:08,4.4,4.35,4000,4.4,8000,0,972000
IOC30Jan20125PE.NFO,07/01/2020,12:44:26,4.35,4.3,4000,4.4,16000,4000,972000
IOC30Jan20125PE.NFO,07/01/2020,12:44:33,4.35,4.3,4000,4.4,8000,0,972000
IOC30Jan20125PE.NFO,07/01/2020,12:44:46,4.35,4.3,4000,4.4,12000,0,972000
IOC30Jan20125PE.NFO,07/01/2020,12:44:52,4.35,4.3,4000,4.4,8000,0,972000
IOC30Jan20125PE.NFO,07/01/2020,12:45:03,4.35,4.3,4000,4.4,16000,0,972000
IOC30Jan20125PE.NFO,07/01/2020,12:45:14,4.35,4.25,4000,4.35,4000,0,972000
IOC30Jan20125PE.NFO,07/01/2020,12:45:24,4.35,4.25,4000,4.35,8000,0,972000
IOC30Jan20125PE.NFO,07/01/2020,12:46:05,4.35,4.3,4000,4.4,16000,0,972000
IOC30Jan20125PE.NFO,07/01/2020,12:46:47,4.35,4.25,4000,4.35,8000,0,972000
IOC30Jan20125PE.NFO,07/01/2020,12:47:01,4.35,4.25,4000,4.35,4000,4000,972000
IOC30Jan20125PE.NFO,07/01/2020,12:47:32,4.35,4.25,4000,4.35,16000,0,968000
IOC30Jan20125PE.NFO,07/01/2020,12:47:35,4.35,4.25,4000,4.35,12000,0,968000
IOC30Jan20125PE.NFO,07/01/2020,12:47:56,4.35,4.25,4000,4.35,16000,0,968000
IOC30Jan20125PE.NFO,07/01/2020,12:48:04,4.35,4.2,8000,4.3,4000,0,968000
IOC30Jan20125PE.NFO,07/01/2020,12:48:33,4.35,4.25,4000,4.3,4000,0,968000
IOC30Jan20125PE.NFO,07/01/2020,12:48:43,4.35,4.2,16000,4.3,4000,0,968000
IOC30Jan20125PE.NFO,07/01/2020,12:48:48,4.35,4.25,4000,4.3,4000,0,968000
IOC30Jan20125PE.NFO,07/01/2020,12:49:00,4.35,4.25,4000,4.35,20000,0,968000
IOC30Jan20125PE.NFO,07/01/2020,12:49:18,4.35,4.25,4000,4.35,16000,0,968000
IOC30Jan20125PE.NFO,07/01/2020,12:50:03,4.35,4.2,8000,4.3,12000,0,968000
IOC30Jan20125PE.NFO,07/01/2020,12:50:05,4.35,4.2,8000,4.3,8000,0,968000
IOC30Jan20125PE.NFO,07/01/2020,12:50:27,4.35,4.2,8000,4.3,4000,0,968000
IOC30Jan20125PE.NFO,07/01/2020,12:50:31,4.35,4.2,8000,4.3,8000,0,968000
IOC30Jan20125PE.NFO,07/01/2020,12:51:04,4.35,4.2,8000,4.3,12000,0,968000
IOC30Jan20125PE.NFO,07/01/2020,12:51:33,4.35,4.2,4000,4.3,12000,0,968000
IOC30Jan20125PE.NFO,07/01/2020,12:51:48,4.35,4.2,4000,4.3,16000,0,968000
IOC30Jan20125PE.NFO,07/01/2020,12:51:51,4.35,4.2,4000,4.3,12000,0,968000
IOC30Jan20125PE.NFO,07/01/2020,12:52:11,4.35,4.2,4000,4.3,16000,0,968000
IOC30Jan20125PE.NFO,07/01/2020,12:52:23,4.35,4.2,4000,4.3,12000,0,968000
IOC30Jan20125PE.NFO,07/01/2020,12:52:51,4.35,4.2,8000,4.3,4000,0,968000
IOC30Jan20125PE.NFO,07/01/2020,12:52:55,4.35,4.2,4000,4.3,12000,0,968000
IOC30Jan20125PE.NFO,07/01/2020,12:53:42,4.35,4.2,4000,4.3,16000,0,968000
IOC30Jan20125PE.NFO,07/01/2020,12:54:22,4.2,4.15,12000,4.3,16000,4000,968000
IOC30Jan20125PE.NFO,07/01/2020,12:54:27,4.2,4.2,4000,4.25,4000,0,968000
IOC30Jan20125PE.NFO,07/01/2020,12:54:49,4.2,4.15,12000,4.25,4000,0,968000
IOC30Jan20125PE.NFO,07/01/2020,12:54:54,4.2,4.15,12000,4.3,16000,0,968000
IOC30Jan20125PE.NFO,07/01/2020,12:54:58,4.2,4.15,12000,4.25,4000,0,968000
IOC30Jan20125PE.NFO,07/01/2020,12:55:06,4.2,4.2,4000,4.3,12000,0,968000
IOC30Jan20125PE.NFO,07/01/2020,12:55:13,4.2,4.15,12000,4.25,8000,0,968000
IOC30Jan20125PE.NFO,07/01/2020,12:55:16,4.2,4.15,12000,4.25,4000,0,968000
IOC30Jan20125PE.NFO,07/01/2020,12:55:20,4.2,4.15,8000,4.25,4000,0,968000
IOC30Jan20125PE.NFO,07/01/2020,12:55:24,4.2,4.2,4000,4.3,16000,0,968000
IOC30Jan20125PE.NFO,07/01/2020,12:55:36,4.2,4.2,4000,4.3,12000,0,968000
IOC30Jan20125PE.NFO,07/01/2020,12:59:00,4.2,4.2,8000,4.3,12000,0,968000
IOC30Jan20125PE.NFO,07/01/2020,12:59:05,4.2,4.2,8000,4.3,8000,0,968000
IOC30Jan20125PE.NFO,07/01/2020,12:59:09,4.2,4.2,8000,4.3,12000,0,968000
IOC30Jan20125PE.NFO,07/01/2020,12:59:13,4.2,4.2,8000,4.3,8000,0,968000
IOC30Jan20125PE.NFO,07/01/2020,12:59:53,4.2,4.2,4000,4.3,8000,0,968000
IOC30Jan20125PE.NFO,07/01/2020,13:00:08,4.2,4.2,4000,4.3,4000,0,968000
IOC30Jan20125PE.NFO,07/01/2020,13:00:16,4.2,4.25,4000,4.35,12000,0,968000
IOC30Jan20125PE.NFO,07/01/2020,13:00:23,4.2,4.25,4000,4.35,16000,0,968000
IOC30Jan20125PE.NFO,07/01/2020,13:00:29,4.2,4.25,4000,4.35,12000,0,968000
IOC30Jan20125PE.NFO,07/01/2020,13:01:22,4.2,4.25,4000,4.35,8000,0,968000
IOC30Jan20125PE.NFO,07/01/2020,13:01:28,4.2,4.25,4000,4.35,12000,0,968000
IOC30Jan20125PE.NFO,07/01/2020,13:01:35,4.2,4.3,4000,4.4,12000,0,968000
IOC30Jan20125PE.NFO,07/01/2020,13:01:41,4.2,4.3,4000,4.4,8000,0,968000
IOC30Jan20125PE.NFO,07/01/2020,13:02:04,4.2,4.3,4000,4.4,16000,0,968000
IOC30Jan20125PE.NFO,07/01/2020,13:02:21,4.2,4.2,4000,4.35,8000,0,968000
IOC30Jan20125PE.NFO,07/01/2020,13:02:26,4.2,4.2,4000,4.4,12000,0,968000
IOC30Jan20125PE.NFO,07/01/2020,13:02:32,4.2,4.25,8000,4.4,12000,0,968000
IOC30Jan20125PE.NFO,07/01/2020,13:02:47,4.2,4.3,4000,4.4,16000,0,968000
IOC30Jan20125PE.NFO,07/01/2020,13:03:00,4.2,4.25,4000,4.35,4000,0,968000
IOC30Jan20125PE.NFO,07/01/2020,13:03:05,4.2,4.25,4000,4.4,16000,0,968000
IOC30Jan20125PE.NFO,07/01/2020,13:03:09,4.2,4.3,8000,4.4,4000,0,968000
IOC30Jan20125PE.NFO,07/01/2020,13:03:17,4.4,4.35,12000,4.5,8000,4000,968000
IOC30Jan20125PE.NFO,07/01/2020,13:03:28,4.4,4.35,12000,4.5,8000,0,968000
IOC30Jan20125PE.NFO,07/01/2020,13:04:20,4.4,4.4,4000,4.5,8000,0,968000
IOC30Jan20125PE.NFO,07/01/2020,13:05:07,4.4,4.35,4000,4.5,8000,0,968000
IOC30Jan20125PE.NFO,07/01/2020,13:05:21,4.4,4.45,4000,4.5,4000,0,968000
IOC30Jan20125PE.NFO,07/01/2020,13:05:38,4.4,4.4,8000,4.5,4000,0,968000
IOC30Jan20125PE.NFO,07/01/2020,13:05:55,4.4,4.4,8000,4.5,12000,0,968000
IOC30Jan20125PE.NFO,07/01/2020,13:06:07,4.4,4.35,8000,4.45,8000,0,968000
IOC30Jan20125PE.NFO,07/01/2020,13:06:13,4.4,4.35,4000,4.45,8000,0,968000
IOC30Jan20125PE.NFO,07/01/2020,13:06:34,4.4,4.4,4000,4.5,12000,0,968000
IOC30Jan20125PE.NFO,07/01/2020,13:06:43,4.4,4.4,4000,4.5,16000,0,968000
IOC30Jan20125PE.NFO,07/01/2020,13:06:58,4.4,4.4,4000,4.5,4000,0,968000
IOC30Jan20125PE.NFO,07/01/2020,13:07:39,4.4,4.4,12000,4.55,16000,0,968000
IOC30Jan20125PE.NFO,07/01/2020,13:07:44,4.4,4.45,4000,4.55,16000,0,968000
IOC30Jan20125PE.NFO,07/01/2020,13:07:50,4.4,4.45,4000,4.55,8000,0,968000
IOC30Jan20125PE.NFO,07/01/2020,13:08:01,4.4,4.5,4000,4.6,12000,0,968000
IOC30Jan20125PE.NFO,07/01/2020,13:08:07,4.4,4.5,4000,4.6,8000,0,968000
IOC30Jan20125PE.NFO,07/01/2020,13:08:13,4.4,4.5,4000,4.6,12000,0,968000
IOC30Jan20125PE.NFO,07/01/2020,13:08:19,4.4,4.5,4000,4.6,4000,0,968000
IOC30Jan20125PE.NFO,07/01/2020,13:08:27,4.4,4.55,4000,4.65,12000,0,968000
IOC30Jan20125PE.NFO,07/01/2020,13:08:45,4.4,4.45,8000,4.6,16000,0,968000
IOC30Jan20125PE.NFO,07/01/2020,13:08:52,4.4,4.55,4000,4.65,12000,0,968000
IOC30Jan20125PE.NFO,07/01/2020,13:08:59,4.4,4.5,8000,4.6,4000,0,968000
IOC30Jan20125PE.NFO,07/01/2020,13:09:14,4.55,4.5,4000,4.6,4000,4000,972000
IOC30Jan20125PE.NFO,07/01/2020,13:09:41,4.55,4.5,4000,4.55,4000,0,972000
IOC30Jan20125PE.NFO,07/01/2020,13:10:00,4.55,4.5,8000,4.55,4000,0,972000
IOC30Jan20125PE.NFO,07/01/2020,13:10:32,4.55,4.5,4000,4.55,4000,0,972000
IOC30Jan20125PE.NFO,07/01/2020,13:10:38,4.55,4.5,8000,4.55,4000,0,972000
IOC30Jan20125PE.NFO,07/01/2020,13:11:14,4.55,4.5,4000,4.55,4000,0,972000
IOC30Jan20125PE.NFO,07/01/2020,13:11:23,4.55,4.5,8000,4.6,4000,4000,972000
IOC30Jan20125PE.NFO,07/01/2020,13:11:28,4.55,4.5,8000,4.6,4000,0,972000
IOC30Jan20125PE.NFO,07/01/2020,13:11:47,4.55,4.55,4000,4.6,4000,0,972000
IOC30Jan20125PE.NFO,07/01/2020,13:12:03,4.55,4.55,8000,4.6,4000,0,972000
IOC30Jan20125PE.NFO,07/01/2020,13:12:08,4.55,4.55,4000,4.6,4000,0,972000
IOC30Jan20125PE.NFO,07/01/2020,13:12:14,4.55,4.55,4000,4.65,4000,0,972000
IOC30Jan20125PE.NFO,07/01/2020,13:12:24,4.55,4.55,8000,4.65,4000,0,972000
IOC30Jan20125PE.NFO,07/01/2020,13:12:35,4.55,4.55,8000,4.7,16000,0,972000
IOC30Jan20125PE.NFO,07/01/2020,13:12:44,4.55,4.55,4000,4.65,8000,0,972000
IOC30Jan20125PE.NFO,07/01/2020,13:13:28,4.55,4.55,4000,4.65,4000,0,972000
IOC30Jan20125PE.NFO,07/01/2020,13:13:33,4.55,4.55,4000,4.65,8000,0,972000
IOC30Jan20125PE.NFO,07/01/2020,13:13:56,4.55,4.55,8000,4.65,8000,0,972000
IOC30Jan20125PE.NFO,07/01/2020,13:14:01,4.55,4.55,8000,4.65,4000,0,972000
IOC30Jan20125PE.NFO,07/01/2020,13:14:12,4.55,4.6,4000,4.65,4000,0,972000
IOC30Jan20125PE.NFO,07/01/2020,13:14:56,4.65,4.65,4000,4.75,12000,4000,972000
IOC30Jan20125PE.NFO,07/01/2020,13:15:02,4.65,4.65,4000,4.75,12000,4000,972000
IOC30Jan20125PE.NFO,07/01/2020,13:15:10,4.65,4.65,4000,4.75,8000,0,972000
IOC30Jan20125PE.NFO,07/01/2020,13:15:19,4.65,4.65,4000,4.75,4000,0,972000
IOC30Jan20125PE.NFO,07/01/2020,13:15:33,4.65,4.7,4000,4.8,8000,0,972000
IOC30Jan20125PE.NFO,07/01/2020,13:15:40,4.65,4.7,8000,4.8,8000,0,972000
IOC30Jan20125PE.NFO,07/01/2020,13:15:53,4.65,4.7,12000,4.8,8000,0,972000
IOC30Jan20125PE.NFO,07/01/2020,13:16:23,4.65,4.7,4000,4.8,8000,0,972000
IOC30Jan20125PE.NFO,07/01/2020,13:16:41,4.65,4.7,8000,4.8,8000,0,972000
IOC30Jan20125PE.NFO,07/01/2020,13:16:47,4.65,4.7,8000,4.8,4000,0,972000
IOC30Jan20125PE.NFO,07/01/2020,13:17:17,4.65,4.75,4000,4.8,4000,0,972000
IOC30Jan20125PE.NFO,07/01/2020,13:17:23,4.65,4.7,8000,4.8,4000,0,972000
IOC30Jan20125PE.NFO,07/01/2020,13:17:30,4.65,4.75,4000,4.8,4000,0,972000
IOC30Jan20125PE.NFO,07/01/2020,13:17:37,4.65,4.7,8000,4.8,4000,0,972000
IOC30Jan20125PE.NFO,07/01/2020,13:18:02,4.65,4.75,4000,4.8,4000,0,972000
IOC30Jan20125PE.NFO,07/01/2020,13:18:08,4.65,4.7,8000,4.8,4000,0,972000
IOC30Jan20125PE.NFO,07/01/2020,13:18:31,4.65,4.7,8000,4.8,8000,0,972000
IOC30Jan20125PE.NFO,07/01/2020,13:18:53,4.65,4.7,4000,4.8,8000,0,972000
IOC30Jan20125PE.NFO,07/01/2020,13:18:58,4.65,4.7,8000,4.8,8000,0,972000
IOC30Jan20125PE.NFO,07/01/2020,13:19:10,4.65,4.7,8000,4.8,4000,0,972000
IOC30Jan20125PE.NFO,07/01/2020,13:19:16,4.65,4.7,8000,4.8,8000,0,972000
IOC30Jan20125PE.NFO,07/01/2020,13:21:24,4.8,4.8,4000,4.9,8000,4000,972000
IOC30Jan20125PE.NFO,07/01/2020,13:21:31,4.8,4.75,8000,4.9,8000,0,972000
IOC30Jan20125PE.NFO,07/01/2020,13:21:40,4.8,4.8,4000,4.9,8000,0,972000
IOC30Jan20125PE.NFO,07/01/2020,13:21:49,4.8,4.8,8000,4.95,8000,0,972000
IOC30Jan20125PE.NFO,07/01/2020,13:21:55,4.8,4.8,4000,4.9,8000,0,972000
IOC30Jan20125PE.NFO,07/01/2020,13:22:05,4.8,4.8,8000,4.95,4000,0,972000
IOC30Jan20125PE.NFO,07/01/2020,13:22:11,4.8,4.8,4000,4.9,4000,0,972000
IOC30Jan20125PE.NFO,07/01/2020,13:22:17,4.8,4.8,4000,4.9,8000,0,972000
IOC30Jan20125PE.NFO,07/01/2020,13:22:22,4.8,4.8,4000,4.9,4000,0,972000
IOC30Jan20125PE.NFO,07/01/2020,13:22:28,4.8,4.85,4000,4.95,4000,0,972000
IOC30Jan20125PE.NFO,07/01/2020,13:22:44,4.8,4.85,4000,5,8000,0,972000
IOC30Jan20125PE.NFO,07/01/2020,13:23:05,4.8,4.9,8000,5.05,8000,0,972000
IOC30Jan20125PE.NFO,07/01/2020,13:23:11,4.8,4.85,4000,5,12000,0,972000
IOC30Jan20125PE.NFO,07/01/2020,13:23:17,4.8,4.85,8000,5,12000,0,972000
IOC30Jan20125PE.NFO,07/01/2020,13:23:34,4.8,4.85,4000,4.95,4000,0,972000
IOC30Jan20125PE.NFO,07/01/2020,13:23:39,4.8,4.85,4000,4.95,8000,0,972000
IOC30Jan20125PE.NFO,07/01/2020,13:23:45,4.8,4.85,4000,4.95,4000,0,972000
IOC30Jan20125PE.NFO,07/01/2020,13:23:50,4.8,4.85,8000,5,8000,0,972000
IOC30Jan20125PE.NFO,07/01/2020,13:23:56,4.8,4.9,4000,5,8000,0,972000
IOC30Jan20125PE.NFO,07/01/2020,13:24:02,4.8,4.9,4000,5,12000,0,972000
IOC30Jan20125PE.NFO,07/01/2020,13:24:08,4.8,4.9,8000,5.05,8000,0,972000
IOC30Jan20125PE.NFO,07/01/2020,13:24:14,4.8,4.9,4000,5,4000,0,972000
IOC30Jan20125PE.NFO,07/01/2020,13:24:20,4.8,4.85,8000,4.95,4000,0,972000
IOC30Jan20125PE.NFO,07/01/2020,13:24:25,4.8,4.85,4000,4.95,4000,0,972000
IOC30Jan20125PE.NFO,07/01/2020,13:24:30,4.8,4.85,8000,5,8000,0,972000
IOC30Jan20125PE.NFO,07/01/2020,13:24:36,4.8,4.9,4000,5,4000,0,972000
IOC30Jan20125PE.NFO,07/01/2020,13:24:43,4.8,4.9,4000,5,8000,0,972000
IOC30Jan20125PE.NFO,07/01/2020,13:24:51,4.8,4.85,4000,4.95,4000,0,972000
IOC30Jan20125PE.NFO,07/01/2020,13:24:57,4.8,4.85,8000,4.95,4000,0,972000
IOC30Jan20125PE.NFO,07/01/2020,13:25:03,4.8,4.9,4000,4.95,4000,0,972000
IOC30Jan20125PE.NFO,07/01/2020,13:25:09,4.8,4.85,4000,4.95,12000,0,972000
IOC30Jan20125PE.NFO,07/01/2020,13:25:28,4.8,4.85,4000,4.95,16000,0,972000
IOC30Jan20125PE.NFO,07/01/2020,13:25:34,4.8,4.9,4000,4.95,8000,0,972000
IOC30Jan20125PE.NFO,07/01/2020,13:25:40,4.8,4.9,8000,4.95,8000,0,972000
IOC30Jan20125PE.NFO,07/01/2020,13:25:53,4.95,4.9,4000,4.95,4000,4000,972000
IOC30Jan20125PE.NFO,07/01/2020,13:25:58,4.95,4.9,4000,4.95,4000,0,972000
IOC30Jan20125PE.NFO,07/01/2020,13:26:02,4.95,4.85,8000,4.95,4000,0,972000
IOC30Jan20125PE.NFO,07/01/2020,13:26:11,4.95,4.85,4000,4.9,4000,0,972000
IOC30Jan20125PE.NFO,07/01/2020,13:26:16,4.9,4.8,8000,4.95,12000,8000,972000
IOC30Jan20125PE.NFO,07/01/2020,13:26:22,4.9,4.8,8000,4.95,12000,0,972000
IOC30Jan20125PE.NFO,07/01/2020,13:26:39,4.9,4.85,4000,4.95,12000,0,972000
IOC30Jan20125PE.NFO,07/01/2020,13:26:44,4.9,4.8,12000,4.95,12000,0,972000
IOC30Jan20125PE.NFO,07/01/2020,13:27:12,4.9,4.8,12000,4.95,8000,0,972000
IOC30Jan20125PE.NFO,07/01/2020,13:27:47,4.9,4.85,8000,4.95,12000,0,972000
IOC30Jan20125PE.NFO,07/01/2020,13:27:54,4.9,4.85,8000,4.95,8000,0,972000
IOC30Jan20125PE.NFO,07/01/2020,13:28:00,4.9,4.85,8000,4.95,12000,0,972000
IOC30Jan20125PE.NFO,07/01/2020,13:28:32,4.9,4.85,8000,4.95,8000,0,972000
IOC30Jan20125PE.NFO,07/01/2020,13:28:49,4.9,4.85,8000,4.95,12000,0,972000
IOC30Jan20125PE.NFO,07/01/2020,13:28:56,4.9,4.85,8000,4.95,4000,0,972000
IOC30Jan20125PE.NFO,07/01/2020,13:29:16,4.9,4.9,4000,4.95,4000,0,972000
IOC30Jan20125PE.NFO,07/01/2020,13:29:22,4.95,4.95,8000,5.05,12000,4000,976000
IOC30Jan20125PE.NFO,07/01/2020,13:29:28,4.95,5,8000,5.1,8000,0,976000
IOC30Jan20125PE.NFO,07/01/2020,13:30:06,4.95,5,4000,5.1,8000,0,976000
IOC30Jan20125PE.NFO,07/01/2020,13:30:12,4.95,5,4000,5.1,12000,0,976000
IOC30Jan20125PE.NFO,07/01/2020,13:30:22,4.95,5,8000,5.1,4000,0,976000
IOC30Jan20125PE.NFO,07/01/2020,13:30:28,4.95,5.05,4000,5.15,12000,0,976000
IOC30Jan20125PE.NFO,07/01/2020,13:30:46,4.95,5,8000,5.15,12000,0,976000
IOC30Jan20125PE.NFO,07/01/2020,13:30:53,4.95,5.05,4000,5.15,8000,0,976000
IOC30Jan20125PE.NFO,07/01/2020,13:31:00,4.95,5.1,4000,5.2,12000,0,976000
IOC30Jan20125PE.NFO,07/01/2020,13:31:18,4.95,5.05,4000,5.15,8000,0,976000
IOC30Jan20125PE.NFO,07/01/2020,13:31:23,4.95,5,8000,5.15,12000,0,976000
IOC30Jan20125PE.NFO,07/01/2020,13:31:41,4.95,5,8000,5.1,8000,0,976000
IOC30Jan20125PE.NFO,07/01/2020,13:31:54,4.95,4.95,8000,5.1,12000,0,976000
IOC30Jan20125PE.NFO,07/01/2020,13:32:02,4.95,5,4000,5.1,12000,0,976000
IOC30Jan20125PE.NFO,07/01/2020,13:32:25,4.95,5.05,4000,5.15,8000,0,976000
IOC30Jan20125PE.NFO,07/01/2020,13:32:31,4.95,5.05,4000,5.15,12000,0,976000
IOC30Jan20125PE.NFO,07/01/2020,13:33:13,4.95,5.05,4000,5.15,8000,0,976000
IOC30Jan20125PE.NFO,07/01/2020,13:33:22,4.95,5.05,4000,5.15,12000,0,976000
IOC30Jan20125PE.NFO,07/01/2020,13:33:27,4.95,5.05,4000,5.15,8000,0,976000
IOC30Jan20125PE.NFO,07/01/2020,13:33:43,4.95,5,8000,5.15,12000,0,976000
IOC30Jan20125PE.NFO,07/01/2020,13:33:48,4.95,5.05,8000,5.15,4000,0,976000
IOC30Jan20125PE.NFO,07/01/2020,13:33:59,4.95,5.05,8000,5.15,8000,0,976000
IOC30Jan20125PE.NFO,07/01/2020,13:35:10,4.95,5,8000,5.1,4000,0,976000
IOC30Jan20125PE.NFO,07/01/2020,13:35:21,4.95,5,8000,5.1,8000,0,976000
IOC30Jan20125PE.NFO,07/01/2020,13:35:31,5.05,4.95,8000,5.05,8000,4000,980000
IOC30Jan20125PE.NFO,07/01/2020,13:35:51,5.05,4.95,8000,5.05,4000,0,980000
IOC30Jan20125PE.NFO,07/01/2020,13:35:59,5.05,4.95,8000,5.05,8000,0,980000
IOC30Jan20125PE.NFO,07/01/2020,13:36:10,5.05,4.9,8000,5.05,8000,0,980000
IOC30Jan20125PE.NFO,07/01/2020,13:36:20,5.05,4.9,8000,5,8000,0,980000
IOC30Jan20125PE.NFO,07/01/2020,13:36:33,5.05,4.9,12000,5,8000,0,980000
IOC30Jan20125PE.NFO,07/01/2020,13:37:02,5.05,4.85,8000,5,8000,0,980000
IOC30Jan20125PE.NFO,07/01/2020,13:37:11,5.05,4.9,8000,5,8000,0,980000
IOC30Jan20125PE.NFO,07/01/2020,13:37:33,5.05,4.95,16000,5,12000,0,980000
IOC30Jan20125PE.NFO,07/01/2020,13:38:02,4.95,4.95,8000,5,12000,8000,980000
IOC30Jan20125PE.NFO,07/01/2020,13:38:07,4.95,4.85,8000,5,12000,8000,980000
IOC30Jan20125PE.NFO,07/01/2020,13:38:14,4.95,4.8,8000,4.9,4000,0,980000
IOC30Jan20125PE.NFO,07/01/2020,13:38:20,4.95,4.85,8000,4.95,8000,0,980000
IOC30Jan20125PE.NFO,07/01/2020,13:38:32,4.95,4.8,4000,4.9,4000,0,980000
IOC30Jan20125PE.NFO,07/01/2020,13:38:45,4.95,4.8,8000,4.9,4000,0,980000
IOC30Jan20125PE.NFO,07/01/2020,13:38:50,4.95,4.8,4000,4.95,12000,0,980000
IOC30Jan20125PE.NFO,07/01/2020,13:39:04,4.95,4.8,4000,4.9,8000,0,980000
IOC30Jan20125PE.NFO,07/01/2020,13:39:21,4.95,4.8,4000,4.9,12000,0,980000
IOC30Jan20125PE.NFO,07/01/2020,13:39:48,4.95,4.8,4000,4.9,4000,0,980000
IOC30Jan20125PE.NFO,07/01/2020,13:40:22,4.95,4.8,4000,4.95,12000,0,980000
IOC30Jan20125PE.NFO,07/01/2020,13:40:26,4.95,4.85,4000,4.95,4000,0,980000
IOC30Jan20125PE.NFO,07/01/2020,13:40:33,4.95,4.8,4000,5,12000,0,980000
IOC30Jan20125PE.NFO,07/01/2020,13:40:36,4.95,4.85,4000,5,12000,0,980000
IOC30Jan20125PE.NFO,07/01/2020,13:40:52,4.95,4.85,4000,5,8000,0,980000
IOC30Jan20125PE.NFO,07/01/2020,13:41:05,4.95,4.8,4000,5,12000,0,980000
IOC30Jan20125PE.NFO,07/01/2020,13:41:10,4.95,4.85,4000,4.95,8000,0,980000
IOC30Jan20125PE.NFO,07/01/2020,13:41:14,4.95,4.85,4000,5,12000,0,980000
IOC30Jan20125PE.NFO,07/01/2020,13:41:57,4.95,4.9,8000,5,12000,0,980000
IOC30Jan20125PE.NFO,07/01/2020,13:42:24,4.95,4.85,8000,4.95,8000,0,980000
IOC30Jan20125PE.NFO,07/01/2020,13:42:30,4.95,4.85,8000,4.95,4000,0,980000
IOC30Jan20125PE.NFO,07/01/2020,13:42:35,4.95,4.85,8000,5,12000,0,980000
IOC30Jan20125PE.NFO,07/01/2020,13:42:47,4.95,4.9,8000,5,12000,0,980000
IOC30Jan20125PE.NFO,07/01/2020,13:42:51,4.95,4.85,8000,5,12000,0,980000
IOC30Jan20125PE.NFO,07/01/2020,13:43:05,4.95,4.9,4000,5,12000,0,980000
IOC30Jan20125PE.NFO,07/01/2020,13:44:37,4.95,4.85,8000,5,12000,0,980000
IOC30Jan20125PE.NFO,07/01/2020,13:44:40,4.95,4.8,8000,4.95,16000,0,980000
IOC30Jan20125PE.NFO,07/01/2020,13:44:44,4.95,4.85,4000,4.95,16000,0,980000
IOC30Jan20125PE.NFO,07/01/2020,13:44:47,4.95,4.85,8000,4.95,4000,0,980000
IOC30Jan20125PE.NFO,07/01/2020,13:44:57,4.85,4.85,8000,4.95,8000,4000,980000
IOC30Jan20125PE.NFO,07/01/2020,13:45:10,4.85,4.8,8000,4.9,8000,0,980000
IOC30Jan20125PE.NFO,07/01/2020,13:45:17,4.85,4.8,8000,4.9,12000,0,980000
IOC30Jan20125PE.NFO,07/01/2020,13:45:52,4.85,4.75,12000,4.85,8000,0,980000
IOC30Jan20125PE.NFO,07/01/2020,13:46:27,4.85,4.75,12000,4.9,12000,0,980000
IOC30Jan20125PE.NFO,07/01/2020,13:46:42,4.85,4.75,12000,4.85,4000,0,980000
IOC30Jan20125PE.NFO,07/01/2020,13:46:57,4.85,4.75,12000,4.85,8000,0,980000
IOC30Jan20125PE.NFO,07/01/2020,13:47:21,4.85,4.8,4000,4.85,8000,0,980000
IOC30Jan20125PE.NFO,07/01/2020,13:48:46,4.85,4.8,12000,4.95,12000,4000,980000
IOC30Jan20125PE.NFO,07/01/2020,13:48:51,4.85,4.85,4000,4.9,8000,0,980000
IOC30Jan20125PE.NFO,07/01/2020,13:49:03,4.85,4.75,4000,4.9,12000,4000,980000
IOC30Jan20125PE.NFO,07/01/2020,13:49:09,4.85,4.75,4000,4.9,12000,0,980000
IOC30Jan20125PE.NFO,07/01/2020,13:50:10,4.85,4.7,12000,4.9,16000,0,980000
IOC30Jan20125PE.NFO,07/01/2020,13:50:18,4.85,4.7,4000,4.9,16000,0,980000
IOC30Jan20125PE.NFO,07/01/2020,13:50:38,4.85,4.75,8000,4.9,16000,0,980000
IOC30Jan20125PE.NFO,07/01/2020,13:50:46,4.85,4.75,4000,4.8,4000,0,980000
IOC30Jan20125PE.NFO,07/01/2020,13:50:54,4.85,4.7,8000,4.8,4000,0,980000
IOC30Jan20125PE.NFO,07/01/2020,13:51:06,4.85,4.75,4000,4.8,4000,0,980000
IOC30Jan20125PE.NFO,07/01/2020,13:52:19,4.85,4.75,8000,4.85,4000,0,980000
IOC30Jan20125PE.NFO,07/01/2020,13:52:45,4.85,4.75,4000,4.85,12000,0,980000
IOC30Jan20125PE.NFO,07/01/2020,13:53:07,4.85,4.7,4000,4.85,4000,0,980000
IOC30Jan20125PE.NFO,07/01/2020,13:53:21,4.85,4.7,4000,4.85,12000,0,980000
IOC30Jan20125PE.NFO,07/01/2020,13:53:26,4.85,4.65,16000,4.85,12000,0,980000
IOC30Jan20125PE.NFO,07/01/2020,13:53:29,4.85,4.7,4000,4.85,12000,0,980000
IOC30Jan20125PE.NFO,07/01/2020,13:53:51,4.85,4.65,12000,4.85,12000,0,980000
IOC30Jan20125PE.NFO,07/01/2020,13:53:58,4.7,4.7,4000,4.85,12000,8000,980000
IOC30Jan20125PE.NFO,07/01/2020,13:54:04,4.75,4.7,4000,4.85,12000,8000,980000
IOC30Jan20125PE.NFO,07/01/2020,13:54:09,4.75,4.7,4000,4.85,12000,0,980000
IOC30Jan20125PE.NFO,07/01/2020,13:55:02,4.75,4.7,4000,4.85,8000,0,980000
IOC30Jan20125PE.NFO,07/01/2020,13:55:08,4.75,4.75,8000,4.85,8000,0,980000
IOC30Jan20125PE.NFO,07/01/2020,13:55:15,4.75,4.75,8000,4.85,12000,0,980000
IOC30Jan20125PE.NFO,07/01/2020,13:55:48,4.75,4.75,8000,4.85,4000,0,980000
IOC30Jan20125PE.NFO,07/01/2020,13:55:52,4.75,4.75,8000,4.85,12000,0,980000
IOC30Jan20125PE.NFO,07/01/2020,13:56:08,4.75,4.8,4000,4.85,4000,0,980000
IOC30Jan20125PE.NFO,07/01/2020,13:56:25,4.75,4.8,4000,4.9,16000,0,980000
IOC30Jan20125PE.NFO,07/01/2020,13:56:30,4.75,4.8,8000,4.9,16000,0,980000
IOC30Jan20125PE.NFO,07/01/2020,13:56:43,4.75,4.85,8000,4.9,4000,0,980000
IOC30Jan20125PE.NFO,07/01/2020,13:56:48,4.75,4.85,4000,4.9,4000,0,980000
IOC30Jan20125PE.NFO,07/01/2020,13:56:57,4.75,4.8,8000,4.9,8000,0,980000
IOC30Jan20125PE.NFO,07/01/2020,13:57:01,4.75,4.8,8000,4.9,16000,0,980000
IOC30Jan20125PE.NFO,07/01/2020,13:57:08,4.75,4.8,8000,4.9,12000,0,980000
IOC30Jan20125PE.NFO,07/01/2020,13:58:30,4.75,4.85,8000,4.9,4000,0,980000
IOC30Jan20125PE.NFO,07/01/2020,13:58:37,4.75,4.85,4000,4.9,4000,0,980000
IOC30Jan20125PE.NFO,07/01/2020,13:59:02,4.75,4.8,8000,4.9,4000,0,980000
IOC30Jan20125PE.NFO,07/01/2020,13:59:11,4.75,4.8,8000,4.9,8000,0,980000
IOC30Jan20125PE.NFO,07/01/2020,13:59:44,4.75,4.8,12000,4.9,8000,0,980000
IOC30Jan20125PE.NFO,07/01/2020,14:00:08,4.75,4.8,8000,4.9,8000,0,980000
IOC30Jan20125PE.NFO,07/01/2020,14:00:54,4.85,4.8,8000,4.9,8000,8000,980000
IOC30Jan20125PE.NFO,07/01/2020,14:01:00,4.85,4.8,8000,4.9,8000,0,980000
IOC30Jan20125PE.NFO,07/01/2020,14:01:05,4.85,4.8,4000,4.85,4000,0,980000
IOC30Jan20125PE.NFO,07/01/2020,14:01:10,4.85,4.8,4000,4.9,20000,0,980000
IOC30Jan20125PE.NFO,07/01/2020,14:01:39,4.85,4.8,4000,4.9,24000,0,980000
IOC30Jan20125PE.NFO,07/01/2020,14:01:42,4.85,4.75,8000,4.9,24000,0,980000
IOC30Jan20125PE.NFO,07/01/2020,14:01:45,4.85,4.8,4000,4.9,24000,0,980000
IOC30Jan20125PE.NFO,07/01/2020,14:02:01,4.85,4.75,8000,4.9,24000,0,980000
IOC30Jan20125PE.NFO,07/01/2020,14:02:36,4.85,4.75,8000,4.9,24000,8000,980000
IOC30Jan20125PE.NFO,07/01/2020,14:02:43,4.85,4.75,8000,4.9,24000,0,980000
IOC30Jan20125PE.NFO,07/01/2020,14:03:09,4.85,4.75,4000,4.85,16000,0,980000
IOC30Jan20125PE.NFO,07/01/2020,14:03:45,4.85,4.7,8000,4.8,8000,0,980000
IOC30Jan20125PE.NFO,07/01/2020,14:03:55,4.85,4.7,8000,4.8,4000,0,980000
IOC30Jan20125PE.NFO,07/01/2020,14:04:00,4.85,4.7,8000,4.8,8000,0,980000
IOC30Jan20125PE.NFO,07/01/2020,14:04:55,4.85,4.7,8000,4.8,4000,0,980000
IOC30Jan20125PE.NFO,07/01/2020,14:05:17,4.85,4.75,4000,4.85,12000,0,980000
IOC30Jan20125PE.NFO,07/01/2020,14:05:35,4.85,4.75,8000,4.85,4000,0,980000
IOC30Jan20125PE.NFO,07/01/2020,14:06:28,4.85,4.8,12000,4.85,4000,0,980000
IOC30Jan20125PE.NFO,07/01/2020,14:07:09,4.85,4.75,8000,4.85,4000,0,980000
IOC30Jan20125PE.NFO,07/01/2020,14:07:26,4.85,4.8,8000,4.9,16000,0,980000
IOC30Jan20125PE.NFO,07/01/2020,14:08:06,4.85,4.8,12000,4.9,16000,0,980000
IOC30Jan20125PE.NFO,07/01/2020,14:08:16,4.85,4.85,12000,4.9,8000,0,980000
IOC30Jan20125PE.NFO,07/01/2020,14:08:20,4.85,4.85,12000,4.9,4000,0,980000
IOC30Jan20125PE.NFO,07/01/2020,14:08:50,4.85,4.85,16000,4.9,4000,0,980000
IOC30Jan20125PE.NFO,07/01/2020,14:09:02,4.9,4.85,16000,4.95,8000,4000,976000
IOC30Jan20125PE.NFO,07/01/2020,14:09:05,4.9,4.85,16000,4.95,4000,0,976000
IOC30Jan20125PE.NFO,07/01/2020,14:09:45,4.9,4.85,12000,4.95,12000,0,976000
IOC30Jan20125PE.NFO,07/01/2020,14:10:09,4.9,4.8,12000,4.9,12000,0,976000
IOC30Jan20125PE.NFO,07/01/2020,14:10:26,4.9,4.8,8000,4.9,12000,0,976000
IOC30Jan20125PE.NFO,07/01/2020,14:10:31,4.9,4.85,4000,4.95,12000,0,976000
IOC30Jan20125PE.NFO,07/01/2020,14:10:40,4.9,4.8,8000,4.9,8000,0,976000
IOC30Jan20125PE.NFO,07/01/2020,14:11:16,4.9,4.8,8000,4.9,4000,0,976000
IOC30Jan20125PE.NFO,07/01/2020,14:11:20,4.9,4.8,8000,4.9,12000,0,976000
IOC30Jan20125PE.NFO,07/01/2020,14:11:27,4.9,4.8,8000,4.9,8000,0,976000
IOC30Jan20125PE.NFO,07/01/2020,14:11:52,4.9,4.85,4000,4.95,4000,0,976000
IOC30Jan20125PE.NFO,07/01/2020,14:12:09,4.9,4.85,4000,4.9,16000,0,976000
IOC30Jan20125PE.NFO,07/01/2020,14:12:15,4.9,4.8,16000,4.9,4000,0,976000
IOC30Jan20125PE.NFO,07/01/2020,14:12:34,4.9,4.85,12000,4.95,4000,0,976000
IOC30Jan20125PE.NFO,07/01/2020,14:13:26,4.9,4.85,8000,4.95,4000,0,976000
IOC30Jan20125PE.NFO,07/01/2020,14:13:34,4.9,4.85,4000,4.95,4000,0,976000
IOC30Jan20125PE.NFO,07/01/2020,14:13:41,4.9,4.8,16000,4.9,4000,0,976000
IOC30Jan20125PE.NFO,07/01/2020,14:13:48,4.9,4.8,16000,4.9,8000,0,976000
IOC30Jan20125PE.NFO,07/01/2020,14:14:16,4.9,4.85,4000,4.9,4000,0,976000
IOC30Jan20125PE.NFO,07/01/2020,14:14:26,4.9,4.85,8000,4.95,4000,0,976000
IOC30Jan20125PE.NFO,07/01/2020,14:14:47,4.9,4.85,12000,4.95,4000,0,976000
IOC30Jan20125PE.NFO,07/01/2020,14:15:16,4.9,4.85,8000,4.95,4000,0,976000
IOC30Jan20125PE.NFO,07/01/2020,14:15:41,4.9,4.85,4000,4.95,4000,0,976000
IOC30Jan20125PE.NFO,07/01/2020,14:15:45,4.9,4.8,16000,4.9,8000,0,976000
IOC30Jan20125PE.NFO,07/01/2020,14:15:49,4.9,4.8,16000,4.9,4000,0,976000
IOC30Jan20125PE.NFO,07/01/2020,14:16:19,4.9,4.8,16000,4.9,8000,0,976000
IOC30Jan20125PE.NFO,07/01/2020,14:16:23,4.9,4.8,8000,4.9,4000,0,976000
IOC30Jan20125PE.NFO,07/01/2020,14:20:12,4.9,4.8,8000,4.9,8000,0,976000
IOC30Jan20125PE.NFO,07/01/2020,14:21:31,4.9,4.8,12000,4.9,8000,4000,976000
IOC30Jan20125PE.NFO,07/01/2020,14:21:48,4.9,4.8,12000,4.9,8000,0,976000
IOC30Jan20125PE.NFO,07/01/2020,14:22:29,4.9,4.85,8000,4.95,12000,0,976000
IOC30Jan20125PE.NFO,07/01/2020,14:22:39,4.9,4.8,12000,4.9,12000,0,976000
IOC30Jan20125PE.NFO,07/01/2020,14:22:55,4.9,4.8,12000,4.9,8000,0,976000
IOC30Jan20125PE.NFO,07/01/2020,14:23:10,4.9,4.8,12000,4.9,12000,0,976000
IOC30Jan20125PE.NFO,07/01/2020,14:24:09,4.9,4.85,4000,4.95,12000,0,976000
IOC30Jan20125PE.NFO,07/01/2020,14:24:18,4.9,4.85,4000,4.9,4000,0,976000
IOC30Jan20125PE.NFO,07/01/2020,14:24:24,4.9,4.8,12000,4.9,4000,0,976000
IOC30Jan20125PE.NFO,07/01/2020,14:24:29,4.9,4.85,4000,4.95,12000,0,976000
IOC30Jan20125PE.NFO,07/01/2020,14:24:35,4.9,4.8,12000,4.95,12000,0,976000
IOC30Jan20125PE.NFO,07/01/2020,14:24:40,4.9,4.85,4000,4.95,12000,0,976000
IOC30Jan20125PE.NFO,07/01/2020,14:24:48,4.9,4.85,12000,4.95,8000,0,976000
IOC30Jan20125PE.NFO,07/01/2020,14:25:38,4.9,4.85,4000,4.95,12000,0,976000
IOC30Jan20125PE.NFO,07/01/2020,14:25:43,4.9,4.85,12000,4.95,8000,0,976000
IOC30Jan20125PE.NFO,07/01/2020,14:25:48,4.9,4.85,4000,4.95,20000,0,976000
IOC30Jan20125PE.NFO,07/01/2020,14:26:13,4.9,4.85,4000,4.95,12000,0,976000
IOC30Jan20125PE.NFO,07/01/2020,14:26:18,4.9,4.85,4000,4.95,16000,0,976000
IOC30Jan20125PE.NFO,07/01/2020,14:26:22,4.9,4.8,12000,4.95,24000,0,976000
IOC30Jan20125PE.NFO,07/01/2020,14:27:15,4.9,4.8,12000,4.9,4000,0,976000
IOC30Jan20125PE.NFO,07/01/2020,14:27:37,4.9,4.85,12000,4.95,24000,0,976000
IOC30Jan20125PE.NFO,07/01/2020,14:27:45,4.9,4.85,16000,4.95,12000,0,976000
IOC30Jan20125PE.NFO,07/01/2020,14:27:50,4.9,4.85,16000,4.95,8000,0,976000
IOC30Jan20125PE.NFO,07/01/2020,14:27:55,4.9,4.85,16000,4.95,4000,0,976000
IOC30Jan20125PE.NFO,07/01/2020,14:27:59,4.95,4.9,12000,5,28000,4000,980000
IOC30Jan20125PE.NFO,07/01/2020,14:28:04,4.95,4.9,16000,5,24000,0,980000
IOC30Jan20125PE.NFO,07/01/2020,14:28:32,4.95,4.9,16000,5,20000,0,980000
IOC30Jan20125PE.NFO,07/01/2020,14:28:36,4.95,4.9,8000,5,24000,0,980000
IOC30Jan20125PE.NFO,07/01/2020,14:29:33,4.95,4.9,8000,5,20000,0,980000
IOC30Jan20125PE.NFO,07/01/2020,14:29:36,4.95,4.9,8000,5,24000,0,980000
IOC30Jan20125PE.NFO,07/01/2020,14:30:05,4.95,4.85,16000,4.95,12000,0,980000
IOC30Jan20125PE.NFO,07/01/2020,14:30:26,4.95,4.85,8000,4.95,12000,0,980000
IOC30Jan20125PE.NFO,07/01/2020,14:30:59,4.95,4.85,8000,4.95,4000,0,980000
IOC30Jan20125PE.NFO,07/01/2020,14:31:06,4.95,4.85,8000,4.95,8000,0,980000
IOC30Jan20125PE.NFO,07/01/2020,14:31:41,4.95,4.85,8000,4.95,16000,0,980000
IOC30Jan20125PE.NFO,07/01/2020,14:32:28,4.95,4.85,8000,4.95,4000,0,980000
IOC30Jan20125PE.NFO,07/01/2020,14:32:49,4.95,4.85,8000,4.95,8000,0,980000
IOC30Jan20125PE.NFO,07/01/2020,14:32:59,4.95,4.85,8000,4.95,12000,0,980000
IOC30Jan20125PE.NFO,07/01/2020,14:33:03,4.95,4.85,4000,4.9,8000,0,980000
IOC30Jan20125PE.NFO,07/01/2020,14:33:15,4.95,4.8,12000,4.9,8000,0,980000
IOC30Jan20125PE.NFO,07/01/2020,14:33:45,4.95,4.85,8000,4.95,8000,0,980000
IOC30Jan20125PE.NFO,07/01/2020,14:33:51,4.95,4.85,8000,4.95,12000,0,980000
IOC30Jan20125PE.NFO,07/01/2020,14:33:57,4.95,4.85,8000,4.95,20000,0,980000
IOC30Jan20125PE.NFO,07/01/2020,14:34:12,4.95,4.85,4000,4.95,20000,0,980000
IOC30Jan20125PE.NFO,07/01/2020,14:34:17,4.95,4.85,4000,4.95,16000,0,980000
IOC30Jan20125PE.NFO,07/01/2020,14:34:59,4.95,4.8,12000,4.95,20000,0,980000
IOC30Jan20125PE.NFO,07/01/2020,14:35:29,4.95,4.85,16000,4.95,16000,0,980000
IOC30Jan20125PE.NFO,07/01/2020,14:35:47,4.95,4.85,12000,4.95,16000,0,980000
IOC30Jan20125PE.NFO,07/01/2020,14:36:13,4.95,4.85,12000,4.95,8000,0,980000
IOC30Jan20125PE.NFO,07/01/2020,14:36:49,4.95,4.9,8000,4.95,4000,0,980000
IOC30Jan20125PE.NFO,07/01/2020,14:36:54,4.95,4.85,16000,4.95,16000,0,980000
IOC30Jan20125PE.NFO,07/01/2020,14:36:58,4.95,4.85,16000,4.95,12000,0,980000
IOC30Jan20125PE.NFO,07/01/2020,14:37:07,4.95,4.8,12000,4.9,12000,0,980000
IOC30Jan20125PE.NFO,07/01/2020,14:37:17,4.95,4.8,12000,4.9,4000,0,980000
IOC30Jan20125PE.NFO,07/01/2020,14:37:37,4.95,4.8,8000,4.85,4000,0,980000
IOC30Jan20125PE.NFO,07/01/2020,14:37:43,4.95,4.8,4000,4.85,4000,0,980000
IOC30Jan20125PE.NFO,07/01/2020,14:37:49,4.95,4.8,8000,4.85,4000,0,980000
IOC30Jan20125PE.NFO,07/01/2020,14:37:54,4.95,4.75,16000,4.85,12000,0,980000
IOC30Jan20125PE.NFO,07/01/2020,14:37:58,4.95,4.8,12000,4.85,4000,0,980000
IOC30Jan20125PE.NFO,07/01/2020,14:38:03,4.95,4.8,16000,4.85,4000,0,980000
IOC30Jan20125PE.NFO,07/01/2020,14:38:16,4.95,4.8,12000,4.85,4000,0,980000
IOC30Jan20125PE.NFO,07/01/2020,14:38:31,4.95,4.8,4000,4.85,4000,0,980000
IOC30Jan20125PE.NFO,07/01/2020,14:38:41,4.95,4.8,12000,4.85,12000,0,980000
IOC30Jan20125PE.NFO,07/01/2020,14:38:48,4.95,4.8,4000,4.85,4000,0,980000
IOC30Jan20125PE.NFO,07/01/2020,14:38:54,4.95,4.75,16000,4.85,4000,0,980000
IOC30Jan20125PE.NFO,07/01/2020,14:39:34,4.95,4.8,12000,4.85,4000,0,980000
IOC30Jan20125PE.NFO,07/01/2020,14:39:46,4.95,4.8,8000,4.85,4000,0,980000
IOC30Jan20125PE.NFO,07/01/2020,14:40:07,4.95,4.8,4000,4.85,4000,0,980000
IOC30Jan20125PE.NFO,07/01/2020,14:40:12,4.95,4.8,8000,4.85,4000,0,980000
IOC30Jan20125PE.NFO,07/01/2020,14:40:36,4.85,4.8,8000,4.9,8000,4000,976000
IOC30Jan20125PE.NFO,07/01/2020,14:40:43,4.85,4.8,8000,4.9,8000,0,976000
IOC30Jan20125PE.NFO,07/01/2020,14:41:23,4.85,4.8,12000,4.9,8000,0,976000
IOC30Jan20125PE.NFO,07/01/2020,14:41:38,4.85,4.8,12000,4.9,12000,0,976000
IOC30Jan20125PE.NFO,07/01/2020,14:41:53,4.85,4.8,4000,4.9,12000,0,976000
IOC30Jan20125PE.NFO,07/01/2020,14:41:57,4.85,4.8,8000,4.9,12000,0,976000
IOC30Jan20125PE.NFO,07/01/2020,14:42:22,4.85,4.8,4000,4.9,8000,0,976000
IOC30Jan20125PE.NFO,07/01/2020,14:42:27,4.85,4.8,8000,4.9,12000,0,976000
IOC30Jan20125PE.NFO,07/01/2020,14:42:36,4.85,4.8,8000,4.9,8000,0,976000
IOC30Jan20125PE.NFO,07/01/2020,14:42:56,4.85,4.85,12000,4.95,24000,0,976000
IOC30Jan20125PE.NFO,07/01/2020,14:43:02,4.85,4.85,12000,4.95,28000,0,976000
IOC30Jan20125PE.NFO,07/01/2020,14:43:17,4.85,4.8,8000,4.9,4000,0,976000
IOC30Jan20125PE.NFO,07/01/2020,14:44:10,4.85,4.85,8000,4.9,4000,0,976000
IOC30Jan20125PE.NFO,07/01/2020,14:44:14,4.85,4.8,8000,4.9,8000,0,976000
IOC30Jan20125PE.NFO,07/01/2020,14:44:19,4.85,4.85,4000,4.9,4000,0,976000
IOC30Jan20125PE.NFO,07/01/2020,14:44:31,4.85,4.85,8000,4.95,24000,0,976000
IOC30Jan20125PE.NFO,07/01/2020,14:44:38,4.85,4.85,12000,4.95,16000,0,976000
IOC30Jan20125PE.NFO,07/01/2020,14:44:47,4.85,4.85,12000,4.95,20000,0,976000
IOC30Jan20125PE.NFO,07/01/2020,14:45:05,4.85,4.85,12000,4.95,16000,0,976000
IOC30Jan20125PE.NFO,07/01/2020,14:45:14,4.85,4.9,12000,4.95,8000,0,976000
IOC30Jan20125PE.NFO,07/01/2020,14:45:22,4.85,4.9,16000,4.95,8000,0,976000
IOC30Jan20125PE.NFO,07/01/2020,14:45:37,4.85,4.9,4000,4.95,8000,0,976000
IOC30Jan20125PE.NFO,07/01/2020,14:46:01,4.85,4.9,16000,4.95,8000,0,976000
IOC30Jan20125PE.NFO,07/01/2020,14:46:08,4.95,4.9,4000,4.95,4000,4000,980000
IOC30Jan20125PE.NFO,07/01/2020,14:46:15,4.95,4.9,4000,4.95,4000,0,980000
IOC30Jan20125PE.NFO,07/01/2020,14:46:43,4.95,4.9,4000,5,12000,4000,980000
IOC30Jan20125PE.NFO,07/01/2020,14:46:49,4.95,4.9,4000,5,8000,0,980000
IOC30Jan20125PE.NFO,07/01/2020,14:47:20,5.05,5.05,4000,5.1,4000,12000,980000
IOC30Jan20125PE.NFO,07/01/2020,14:47:26,5,4.95,4000,5.05,8000,4000,980000
IOC30Jan20125PE.NFO,07/01/2020,14:47:32,5.05,5,4000,5.1,8000,4000,980000
IOC30Jan20125PE.NFO,07/01/2020,14:47:37,5.05,5,4000,5.05,4000,0,980000
IOC30Jan20125PE.NFO,07/01/2020,14:47:42,5.05,4.95,4000,5.05,4000,0,980000
IOC30Jan20125PE.NFO,07/01/2020,14:47:56,5.05,5,8000,5.1,8000,4000,980000
IOC30Jan20125PE.NFO,07/01/2020,14:48:00,5.05,4.95,4000,5.1,8000,0,980000
IOC30Jan20125PE.NFO,07/01/2020,14:48:05,5.05,4.95,4000,5.05,8000,0,980000
IOC30Jan20125PE.NFO,07/01/2020,14:48:10,5.05,5,4000,5.1,8000,0,980000
IOC30Jan20125PE.NFO,07/01/2020,14:48:21,5.15,5.05,12000,5.15,4000,4000,980000
IOC30Jan20125PE.NFO,07/01/2020,14:48:26,5.1,5,4000,5.1,8000,8000,992000
IOC30Jan20125PE.NFO,07/01/2020,14:48:32,5.1,5.05,8000,5.15,8000,0,992000
IOC30Jan20125PE.NFO,07/01/2020,14:48:38,5.1,5.05,8000,5.2,16000,0,992000
IOC30Jan20125PE.NFO,07/01/2020,14:48:48,5.1,5.1,12000,5.25,16000,0,992000
IOC30Jan20125PE.NFO,07/01/2020,14:49:00,5.1,5.05,4000,5.15,4000,0,992000
IOC30Jan20125PE.NFO,07/01/2020,14:49:05,5.15,5.1,12000,5.2,4000,8000,992000
IOC30Jan20125PE.NFO,07/01/2020,14:49:10,5.15,5.1,8000,5.2,8000,0,992000
IOC30Jan20125PE.NFO,07/01/2020,14:49:15,5.15,5.05,4000,5.15,4000,0,992000
IOC30Jan20125PE.NFO,07/01/2020,14:49:28,5.15,5.05,8000,5.2,4000,0,992000
IOC30Jan20125PE.NFO,07/01/2020,14:49:37,5.15,5.05,8000,5.2,8000,0,992000
