Ticker,Date,Time,LTP,BuyPrice,BuyQty,SellPrice,SellQty,LTQ,OpenInterest
IOC30Jan20135CE.NFO,07/01/2020,09:17:03,0.85,0.8,4000,0.9,16000,4000,680000
IOC30Jan20135CE.NFO,07/01/2020,09:17:03,0.85,0.8,4000,0.9,16000,0,680000
IOC30Jan20135CE.NFO,07/01/2020,09:17:03,0.85,0.8,4000,0.9,16000,0,680000
IOC30Jan20135CE.NFO,07/01/2020,09:17:03,0.85,0.8,4000,0.9,16000,0,680000
IOC30Jan20135CE.NFO,07/01/2020,09:17:12,0.85,0.8,4000,0.9,16000,0,680000
IOC30Jan20135CE.NFO,07/01/2020,09:17:31,0.85,0.75,12000,0.9,16000,0,680000
IOC30Jan20135CE.NFO,07/01/2020,09:17:41,0.85,0.75,12000,0.85,12000,0,680000
IOC30Jan20135CE.NFO,07/01/2020,09:17:51,0.85,0.75,12000,0.85,8000,0,680000
IOC30Jan20135CE.NFO,07/01/2020,09:18:00,0.85,0.75,8000,0.85,8000,0,680000
IOC30Jan20135CE.NFO,07/01/2020,09:18:09,0.85,0.75,8000,0.85,4000,0,680000
IOC30Jan20135CE.NFO,07/01/2020,09:18:17,0.85,0.8,4000,0.85,4000,0,680000
IOC30Jan20135CE.NFO,07/01/2020,09:19:08,0.85,0.8,4000,0.9,16000,4000,680000
IOC30Jan20135CE.NFO,07/01/2020,09:19:15,0.85,0.8,4000,0.9,16000,0,680000
IOC30Jan20135CE.NFO,07/01/2020,09:19:29,0.85,0.8,4000,0.85,12000,0,680000
IOC30Jan20135CE.NFO,07/01/2020,09:20:34,0.85,0.8,8000,0.85,12000,0,680000
IOC30Jan20135CE.NFO,07/01/2020,09:21:07,0.85,0.8,8000,0.85,4000,0,680000
IOC30Jan20135CE.NFO,07/01/2020,09:21:29,0.85,0.8,4000,0.85,4000,0,680000
IOC30Jan20135CE.NFO,07/01/2020,09:21:49,0.85,0.8,8000,0.85,4000,0,680000
IOC30Jan20135CE.NFO,07/01/2020,09:22:16,0.85,0.8,8000,0.85,12000,4000,684000
IOC30Jan20135CE.NFO,07/01/2020,09:22:22,0.85,0.8,8000,0.85,8000,0,684000
IOC30Jan20135CE.NFO,07/01/2020,09:22:55,0.85,0.8,8000,0.9,16000,0,684000
IOC30Jan20135CE.NFO,07/01/2020,09:23:37,0.85,0.8,8000,0.85,4000,0,684000
IOC30Jan20135CE.NFO,07/01/2020,09:25:04,0.85,0.8,8000,0.85,8000,0,684000
IOC30Jan20135CE.NFO,07/01/2020,09:25:36,0.85,0.8,8000,0.85,12000,0,684000
IOC30Jan20135CE.NFO,07/01/2020,09:25:42,0.85,0.8,8000,0.85,8000,0,684000
IOC30Jan20135CE.NFO,07/01/2020,09:25:49,0.85,0.8,8000,0.85,12000,0,684000
IOC30Jan20135CE.NFO,07/01/2020,09:26:02,0.85,0.8,8000,0.85,8000,0,684000
IOC30Jan20135CE.NFO,07/01/2020,09:26:09,0.85,0.8,8000,0.85,12000,0,684000
IOC30Jan20135CE.NFO,07/01/2020,09:26:22,0.85,0.8,8000,0.85,8000,0,684000
IOC30Jan20135CE.NFO,07/01/2020,09:26:34,0.85,0.8,8000,0.85,4000,4000,688000
IOC30Jan20135CE.NFO,07/01/2020,09:26:39,0.85,0.8,8000,0.85,4000,0,688000
IOC30Jan20135CE.NFO,07/01/2020,09:26:56,0.85,0.8,8000,0.85,8000,0,688000
IOC30Jan20135CE.NFO,07/01/2020,09:27:02,0.85,0.8,8000,0.85,4000,0,688000
IOC30Jan20135CE.NFO,07/01/2020,09:27:36,0.85,0.8,4000,0.85,4000,0,688000
IOC30Jan20135CE.NFO,07/01/2020,09:28:32,0.85,0.8,4000,0.85,8000,0,688000
IOC30Jan20135CE.NFO,07/01/2020,09:29:09,0.85,0.8,8000,0.85,8000,0,688000
IOC30Jan20135CE.NFO,07/01/2020,09:29:15,0.85,0.8,8000,0.85,4000,0,688000
IOC30Jan20135CE.NFO,07/01/2020,09:29:21,0.85,0.8,8000,0.85,8000,0,688000
IOC30Jan20135CE.NFO,07/01/2020,09:29:26,0.85,0.8,8000,0.85,4000,0,688000
IOC30Jan20135CE.NFO,07/01/2020,09:29:43,0.85,0.8,8000,0.85,8000,0,688000
IOC30Jan20135CE.NFO,07/01/2020,09:29:52,0.85,0.8,8000,0.85,4000,0,688000
IOC30Jan20135CE.NFO,07/01/2020,09:31:00,0.85,0.8,12000,0.85,8000,0,688000
IOC30Jan20135CE.NFO,07/01/2020,09:31:06,0.85,0.8,16000,0.85,8000,0,688000
IOC30Jan20135CE.NFO,07/01/2020,09:31:12,0.85,0.8,16000,0.85,12000,0,688000
IOC30Jan20135CE.NFO,07/01/2020,09:32:03,0.85,0.8,16000,0.85,8000,0,688000
IOC30Jan20135CE.NFO,07/01/2020,09:33:07,0.85,0.8,16000,0.85,12000,0,688000
IOC30Jan20135CE.NFO,07/01/2020,09:33:23,0.85,0.8,12000,0.85,12000,0,688000
IOC30Jan20135CE.NFO,07/01/2020,09:33:28,0.85,0.8,16000,0.85,12000,0,688000
IOC30Jan20135CE.NFO,07/01/2020,09:33:38,0.85,0.8,16000,0.85,8000,0,688000
IOC30Jan20135CE.NFO,07/01/2020,09:33:43,0.85,0.8,16000,0.85,12000,0,688000
IOC30Jan20135CE.NFO,07/01/2020,09:33:48,0.85,0.8,16000,0.85,8000,0,688000
IOC30Jan20135CE.NFO,07/01/2020,09:34:02,0.85,0.8,20000,0.85,8000,0,688000
IOC30Jan20135CE.NFO,07/01/2020,09:34:07,0.85,0.8,20000,0.85,4000,4000,688000
IOC30Jan20135CE.NFO,07/01/2020,09:34:46,0.8,0.8,16000,0.85,4000,4000,688000
IOC30Jan20135CE.NFO,07/01/2020,09:34:46,0.8,0.8,16000,0.85,4000,0,688000
IOC30Jan20135CE.NFO,07/01/2020,09:34:51,0.8,0.8,20000,0.85,4000,12000,688000
IOC30Jan20135CE.NFO,07/01/2020,09:34:57,0.8,0.8,20000,0.85,12000,0,688000
IOC30Jan20135CE.NFO,07/01/2020,09:35:08,0.8,0.8,20000,0.85,8000,0,688000
IOC30Jan20135CE.NFO,07/01/2020,09:35:13,0.8,0.8,16000,0.85,20000,12000,688000
IOC30Jan20135CE.NFO,07/01/2020,09:35:17,0.8,0.8,20000,0.85,20000,0,688000
IOC30Jan20135CE.NFO,07/01/2020,09:35:22,0.8,0.8,16000,0.85,20000,0,688000
IOC30Jan20135CE.NFO,07/01/2020,09:35:31,0.8,0.8,16000,0.85,16000,0,688000
IOC30Jan20135CE.NFO,07/01/2020,09:35:56,0.8,0.8,16000,0.85,20000,0,688000
IOC30Jan20135CE.NFO,07/01/2020,09:36:33,0.8,0.8,8000,0.85,20000,0,688000
IOC30Jan20135CE.NFO,07/01/2020,09:36:38,0.8,0.8,12000,0.85,20000,0,688000
IOC30Jan20135CE.NFO,07/01/2020,09:38:07,0.8,0.8,12000,0.85,24000,0,688000
IOC30Jan20135CE.NFO,07/01/2020,09:38:12,0.8,0.8,12000,0.85,20000,0,688000
IOC30Jan20135CE.NFO,07/01/2020,09:39:03,0.8,0.8,16000,0.85,20000,0,688000
IOC30Jan20135CE.NFO,07/01/2020,09:39:26,0.8,0.8,12000,0.85,20000,0,688000
IOC30Jan20135CE.NFO,07/01/2020,09:39:35,0.8,0.8,16000,0.85,20000,0,688000
IOC30Jan20135CE.NFO,07/01/2020,09:39:55,0.8,0.8,16000,0.85,16000,0,688000
IOC30Jan20135CE.NFO,07/01/2020,09:40:14,0.85,0.8,12000,0.85,12000,4000,700000
IOC30Jan20135CE.NFO,07/01/2020,09:40:20,0.85,0.8,8000,0.85,12000,0,700000
IOC30Jan20135CE.NFO,07/01/2020,09:40:53,0.85,0.8,16000,0.85,8000,0,700000
IOC30Jan20135CE.NFO,07/01/2020,09:41:14,0.85,0.8,16000,0.85,4000,4000,700000
IOC30Jan20135CE.NFO,07/01/2020,09:41:37,0.85,0.85,4000,0.9,32000,4000,700000
IOC30Jan20135CE.NFO,07/01/2020,09:41:47,0.85,0.8,20000,0.9,32000,0,700000
IOC30Jan20135CE.NFO,07/01/2020,09:42:25,0.85,0.85,4000,0.9,32000,0,700000
IOC30Jan20135CE.NFO,07/01/2020,09:42:45,0.85,0.85,8000,0.9,32000,0,700000
IOC30Jan20135CE.NFO,07/01/2020,09:42:58,0.9,0.8,20000,0.85,4000,4000,700000
IOC30Jan20135CE.NFO,07/01/2020,09:42:58,0.9,0.8,20000,0.85,4000,0,700000
IOC30Jan20135CE.NFO,07/01/2020,09:43:35,0.9,0.8,20000,0.9,28000,0,700000
IOC30Jan20135CE.NFO,07/01/2020,09:45:55,0.9,0.8,24000,0.9,28000,0,700000
IOC30Jan20135CE.NFO,07/01/2020,09:46:31,0.9,0.8,24000,0.85,4000,0,700000
IOC30Jan20135CE.NFO,07/01/2020,09:46:50,0.9,0.8,24000,0.9,28000,0,700000
IOC30Jan20135CE.NFO,07/01/2020,09:47:13,0.9,0.8,24000,0.85,4000,0,700000
IOC30Jan20135CE.NFO,07/01/2020,09:48:11,0.9,0.8,24000,0.9,28000,0,700000
IOC30Jan20135CE.NFO,07/01/2020,09:48:23,0.9,0.8,24000,0.9,24000,0,700000
IOC30Jan20135CE.NFO,07/01/2020,09:48:27,0.9,0.8,24000,0.85,4000,0,700000
IOC30Jan20135CE.NFO,07/01/2020,09:49:41,0.9,0.8,24000,0.85,8000,0,700000
IOC30Jan20135CE.NFO,07/01/2020,09:49:47,0.9,0.8,20000,0.85,8000,0,700000
IOC30Jan20135CE.NFO,07/01/2020,09:49:56,0.9,0.8,16000,0.85,8000,0,700000
IOC30Jan20135CE.NFO,07/01/2020,09:50:06,0.9,0.8,20000,0.85,8000,0,700000
IOC30Jan20135CE.NFO,07/01/2020,09:50:22,0.9,0.8,20000,0.85,4000,0,700000
IOC30Jan20135CE.NFO,07/01/2020,09:52:20,0.85,0.8,20000,0.9,16000,4000,700000
IOC30Jan20135CE.NFO,07/01/2020,09:52:55,0.85,0.8,20000,0.9,16000,0,700000
IOC30Jan20135CE.NFO,07/01/2020,09:53:04,0.85,0.8,16000,0.9,16000,0,700000
IOC30Jan20135CE.NFO,07/01/2020,09:53:15,0.85,0.8,20000,0.9,16000,0,700000
IOC30Jan20135CE.NFO,07/01/2020,09:53:51,0.8,0.8,16000,0.9,16000,4000,700000
IOC30Jan20135CE.NFO,07/01/2020,09:53:59,0.8,0.8,16000,0.85,4000,0,700000
IOC30Jan20135CE.NFO,07/01/2020,09:54:08,0.8,0.8,20000,0.85,4000,0,700000
IOC30Jan20135CE.NFO,07/01/2020,09:56:16,0.85,0.85,16000,0.9,20000,4000,700000
IOC30Jan20135CE.NFO,07/01/2020,09:56:21,0.85,0.85,16000,0.9,20000,0,700000
IOC30Jan20135CE.NFO,07/01/2020,09:56:43,0.85,0.85,20000,0.9,20000,0,700000
IOC30Jan20135CE.NFO,07/01/2020,09:56:47,0.85,0.85,16000,0.9,20000,0,700000
IOC30Jan20135CE.NFO,07/01/2020,09:56:51,0.85,0.85,20000,0.9,24000,0,700000
IOC30Jan20135CE.NFO,07/01/2020,09:57:04,0.85,0.85,20000,0.9,20000,0,700000
IOC30Jan20135CE.NFO,07/01/2020,09:57:26,0.85,0.85,16000,0.9,20000,4000,696000
IOC30Jan20135CE.NFO,07/01/2020,09:57:34,0.85,0.85,16000,0.9,16000,0,696000
IOC30Jan20135CE.NFO,07/01/2020,09:57:38,0.9,0.85,16000,0.95,12000,16000,696000
IOC30Jan20135CE.NFO,07/01/2020,09:58:05,0.9,0.85,16000,0.95,12000,0,696000
IOC30Jan20135CE.NFO,07/01/2020,09:58:09,0.9,0.85,20000,0.95,12000,0,696000
IOC30Jan20135CE.NFO,07/01/2020,09:59:13,0.9,0.85,16000,0.95,12000,0,696000
IOC30Jan20135CE.NFO,07/01/2020,10:00:02,0.9,0.85,20000,0.95,12000,0,696000
IOC30Jan20135CE.NFO,07/01/2020,10:00:29,0.9,0.85,20000,0.95,16000,0,696000
IOC30Jan20135CE.NFO,07/01/2020,10:00:40,0.9,0.85,24000,0.95,16000,0,696000
IOC30Jan20135CE.NFO,07/01/2020,10:00:47,0.9,0.85,16000,0.95,12000,0,696000
IOC30Jan20135CE.NFO,07/01/2020,10:00:54,0.9,0.85,20000,0.9,32000,0,696000
IOC30Jan20135CE.NFO,07/01/2020,10:01:00,0.85,0.85,16000,0.9,32000,4000,700000
IOC30Jan20135CE.NFO,07/01/2020,10:01:06,0.85,0.8,24000,0.85,8000,24000,700000
IOC30Jan20135CE.NFO,07/01/2020,10:01:12,0.85,0.8,24000,0.9,12000,8000,700000
IOC30Jan20135CE.NFO,07/01/2020,10:01:18,0.85,0.8,24000,0.9,40000,0,700000
IOC30Jan20135CE.NFO,07/01/2020,10:01:25,0.85,0.8,20000,0.9,40000,0,700000
IOC30Jan20135CE.NFO,07/01/2020,10:01:49,0.85,0.8,24000,0.9,44000,0,700000
IOC30Jan20135CE.NFO,07/01/2020,10:02:10,0.85,0.85,12000,0.9,12000,0,700000
IOC30Jan20135CE.NFO,07/01/2020,10:02:21,0.9,0.85,4000,0.9,36000,12000,700000
IOC30Jan20135CE.NFO,07/01/2020,10:02:26,0.8,0.75,12000,0.85,40000,16000,704000
IOC30Jan20135CE.NFO,07/01/2020,10:02:31,0.8,0.8,8000,0.85,4000,0,704000
IOC30Jan20135CE.NFO,07/01/2020,10:02:37,0.8,0.8,8000,0.9,40000,0,704000
IOC30Jan20135CE.NFO,07/01/2020,10:02:43,0.8,0.8,12000,0.9,40000,0,704000
IOC30Jan20135CE.NFO,07/01/2020,10:02:53,0.8,0.85,8000,0.9,32000,0,704000
IOC30Jan20135CE.NFO,07/01/2020,10:02:59,0.8,0.85,8000,0.9,40000,0,704000
IOC30Jan20135CE.NFO,07/01/2020,10:03:22,0.85,0.85,8000,0.9,44000,4000,704000
IOC30Jan20135CE.NFO,07/01/2020,10:03:27,0.85,0.85,8000,0.9,44000,0,704000
IOC30Jan20135CE.NFO,07/01/2020,10:04:00,0.9,0.85,8000,0.9,40000,4000,704000
IOC30Jan20135CE.NFO,07/01/2020,10:04:09,0.9,0.85,8000,0.9,40000,0,704000
IOC30Jan20135CE.NFO,07/01/2020,10:04:18,0.9,0.85,8000,0.9,44000,0,704000
IOC30Jan20135CE.NFO,07/01/2020,10:04:30,0.9,0.85,8000,0.9,40000,0,704000
IOC30Jan20135CE.NFO,07/01/2020,10:04:40,0.9,0.85,8000,0.9,36000,0,704000
IOC30Jan20135CE.NFO,07/01/2020,10:04:45,0.9,0.85,8000,0.9,40000,0,704000
IOC30Jan20135CE.NFO,07/01/2020,10:04:49,0.9,0.85,32000,0.9,40000,0,704000
IOC30Jan20135CE.NFO,07/01/2020,10:05:03,0.9,0.85,32000,0.9,44000,0,704000
IOC30Jan20135CE.NFO,07/01/2020,10:05:07,0.9,0.85,32000,0.9,40000,0,704000
IOC30Jan20135CE.NFO,07/01/2020,10:05:12,0.85,0.85,36000,0.9,12000,8000,704000
IOC30Jan20135CE.NFO,07/01/2020,10:05:16,0.85,0.85,36000,0.9,12000,0,704000
IOC30Jan20135CE.NFO,07/01/2020,10:05:20,0.85,0.85,36000,0.9,40000,0,704000
IOC30Jan20135CE.NFO,07/01/2020,10:05:29,0.85,0.85,32000,0.9,24000,0,704000
IOC30Jan20135CE.NFO,07/01/2020,10:05:41,0.85,0.85,32000,0.9,48000,0,704000
IOC30Jan20135CE.NFO,07/01/2020,10:05:47,0.85,0.85,32000,0.9,44000,0,704000
IOC30Jan20135CE.NFO,07/01/2020,10:05:53,0.85,0.85,32000,0.9,48000,0,704000
IOC30Jan20135CE.NFO,07/01/2020,10:06:09,0.85,0.85,28000,0.9,48000,0,704000
IOC30Jan20135CE.NFO,07/01/2020,10:06:20,0.85,0.85,24000,0.9,48000,0,704000
IOC30Jan20135CE.NFO,07/01/2020,10:06:31,0.85,0.85,24000,0.9,24000,0,704000
IOC30Jan20135CE.NFO,07/01/2020,10:06:42,0.85,0.85,28000,0.9,24000,0,704000
IOC30Jan20135CE.NFO,07/01/2020,10:06:48,0.85,0.85,28000,0.9,48000,0,704000
IOC30Jan20135CE.NFO,07/01/2020,10:06:54,0.85,0.85,24000,0.9,44000,0,704000
IOC30Jan20135CE.NFO,07/01/2020,10:06:59,0.85,0.85,28000,0.9,48000,0,704000
IOC30Jan20135CE.NFO,07/01/2020,10:07:04,0.85,0.85,24000,0.9,56000,0,704000
IOC30Jan20135CE.NFO,07/01/2020,10:07:16,0.85,0.85,24000,0.9,60000,0,704000
IOC30Jan20135CE.NFO,07/01/2020,10:07:27,0.85,0.85,24000,0.9,56000,0,704000
IOC30Jan20135CE.NFO,07/01/2020,10:07:47,0.85,0.85,24000,0.9,32000,0,704000
IOC30Jan20135CE.NFO,07/01/2020,10:07:53,0.85,0.85,24000,0.9,56000,0,704000
IOC30Jan20135CE.NFO,07/01/2020,10:08:30,0.85,0.85,28000,0.9,32000,0,704000
IOC30Jan20135CE.NFO,07/01/2020,10:08:41,0.85,0.85,32000,0.9,32000,0,704000
IOC30Jan20135CE.NFO,07/01/2020,10:08:45,0.85,0.85,28000,0.9,32000,0,704000
IOC30Jan20135CE.NFO,07/01/2020,10:09:23,0.85,0.85,32000,0.9,32000,0,704000
IOC30Jan20135CE.NFO,07/01/2020,10:09:28,0.85,0.85,28000,0.9,32000,0,704000
IOC30Jan20135CE.NFO,07/01/2020,10:09:53,0.85,0.85,32000,0.9,32000,0,704000
IOC30Jan20135CE.NFO,07/01/2020,10:10:04,0.85,0.85,32000,0.9,24000,0,704000
IOC30Jan20135CE.NFO,07/01/2020,10:10:09,0.85,0.85,32000,0.9,32000,0,704000
IOC30Jan20135CE.NFO,07/01/2020,10:10:14,0.9,0.85,8000,0.9,20000,24000,700000
IOC30Jan20135CE.NFO,07/01/2020,10:10:19,0.9,0.85,12000,0.9,20000,0,700000
IOC30Jan20135CE.NFO,07/01/2020,10:10:23,0.9,0.85,8000,0.9,20000,0,700000
IOC30Jan20135CE.NFO,07/01/2020,10:10:48,0.9,0.85,8000,0.9,4000,12000,700000
IOC30Jan20135CE.NFO,07/01/2020,10:10:56,0.9,0.85,8000,0.9,4000,0,700000
IOC30Jan20135CE.NFO,07/01/2020,10:11:05,0.9,0.85,12000,0.9,4000,0,700000
IOC30Jan20135CE.NFO,07/01/2020,10:11:14,0.9,0.9,16000,0.95,24000,20000,700000
IOC30Jan20135CE.NFO,07/01/2020,10:11:20,0.95,0.85,20000,0.95,16000,20000,700000
IOC30Jan20135CE.NFO,07/01/2020,10:11:20,0.95,0.85,20000,0.95,16000,0,700000
IOC30Jan20135CE.NFO,07/01/2020,10:11:25,0.95,0.85,20000,0.9,4000,0,700000
IOC30Jan20135CE.NFO,07/01/2020,10:11:31,0.9,0.85,20000,0.95,36000,32000,720000
IOC30Jan20135CE.NFO,07/01/2020,10:11:41,0.9,0.85,20000,0.95,40000,0,720000
IOC30Jan20135CE.NFO,07/01/2020,10:11:56,0.9,0.85,20000,0.95,36000,0,720000
IOC30Jan20135CE.NFO,07/01/2020,10:12:24,0.9,0.95,4000,1,20000,0,720000
IOC30Jan20135CE.NFO,07/01/2020,10:12:28,1,0.95,8000,1,20000,4000,720000
IOC30Jan20135CE.NFO,07/01/2020,10:12:28,1,0.95,8000,1,20000,0,720000
IOC30Jan20135CE.NFO,07/01/2020,10:12:33,1,0.95,12000,1,12000,20000,720000
IOC30Jan20135CE.NFO,07/01/2020,10:12:37,1,0.95,4000,1,12000,0,720000
IOC30Jan20135CE.NFO,07/01/2020,10:12:52,1,1,16000,1.05,16000,20000,720000
IOC30Jan20135CE.NFO,07/01/2020,10:12:57,1,0.95,8000,1,12000,16000,720000
IOC30Jan20135CE.NFO,07/01/2020,10:13:03,1,0.95,12000,1.05,48000,0,720000
IOC30Jan20135CE.NFO,07/01/2020,10:13:18,1,0.95,12000,1,4000,0,720000
IOC30Jan20135CE.NFO,07/01/2020,10:13:28,1,0.95,12000,1,8000,0,720000
IOC30Jan20135CE.NFO,07/01/2020,10:13:33,0.95,0.9,16000,1,16000,4000,720000
IOC30Jan20135CE.NFO,07/01/2020,10:13:37,0.95,0.9,16000,1,12000,0,720000
IOC30Jan20135CE.NFO,07/01/2020,10:13:41,0.95,0.95,12000,1,4000,4000,720000
IOC30Jan20135CE.NFO,07/01/2020,10:13:46,0.95,0.95,12000,1,4000,0,720000
IOC30Jan20135CE.NFO,07/01/2020,10:13:58,0.95,0.95,12000,1,32000,0,720000
IOC30Jan20135CE.NFO,07/01/2020,10:14:02,0.95,0.95,8000,1,32000,0,720000
IOC30Jan20135CE.NFO,07/01/2020,10:14:11,0.95,0.95,8000,1,28000,0,720000
IOC30Jan20135CE.NFO,07/01/2020,10:14:16,1.05,1,12000,1.2,16000,32000,720000
IOC30Jan20135CE.NFO,07/01/2020,10:14:16,1.05,1,12000,1.2,16000,0,720000
IOC30Jan20135CE.NFO,07/01/2020,10:14:22,1.05,1,20000,1.15,20000,0,720000
IOC30Jan20135CE.NFO,07/01/2020,10:14:27,1.05,1.05,12000,1.15,8000,0,720000
IOC30Jan20135CE.NFO,07/01/2020,10:14:33,1.15,1.05,20000,1.15,8000,4000,740000
IOC30Jan20135CE.NFO,07/01/2020,10:14:33,1.15,1.05,20000,1.15,8000,0,740000
IOC30Jan20135CE.NFO,07/01/2020,10:14:38,1.2,1.15,8000,1.25,20000,12000,740000
IOC30Jan20135CE.NFO,07/01/2020,10:14:38,1.2,1.15,8000,1.25,20000,0,740000
IOC30Jan20135CE.NFO,07/01/2020,10:14:43,1.2,1.2,8000,1.3,8000,24000,740000
IOC30Jan20135CE.NFO,07/01/2020,10:14:43,1.3,1.2,8000,1.3,8000,0,740000
IOC30Jan20135CE.NFO,07/01/2020,10:14:47,1.3,1.2,12000,1.25,8000,28000,740000
IOC30Jan20135CE.NFO,07/01/2020,10:14:47,1.35,1.2,12000,1.25,8000,0,740000
IOC30Jan20135CE.NFO,07/01/2020,10:14:52,1.25,1.25,16000,1.3,4000,20000,740000
IOC30Jan20135CE.NFO,07/01/2020,10:14:57,1.3,1.2,8000,1.4,16000,36000,740000
IOC30Jan20135CE.NFO,07/01/2020,10:15:03,1.3,1.15,8000,1.3,4000,0,740000
IOC30Jan20135CE.NFO,07/01/2020,10:15:08,1.3,1.15,8000,1.25,8000,0,740000
IOC30Jan20135CE.NFO,07/01/2020,10:15:13,1.2,1.2,4000,1.35,8000,8000,740000
IOC30Jan20135CE.NFO,07/01/2020,10:15:18,1.2,1.2,4000,1.35,8000,0,740000
IOC30Jan20135CE.NFO,07/01/2020,10:15:23,1.2,1.15,4000,1.2,4000,4000,740000
IOC30Jan20135CE.NFO,07/01/2020,10:15:32,1.2,1.2,4000,1.25,28000,12000,740000
IOC30Jan20135CE.NFO,07/01/2020,10:15:37,1.2,1.1,8000,1.2,24000,4000,740000
IOC30Jan20135CE.NFO,07/01/2020,10:15:42,1.2,1.1,4000,1.15,20000,0,740000
IOC30Jan20135CE.NFO,07/01/2020,10:15:48,1.2,1.1,12000,1.2,36000,0,740000
IOC30Jan20135CE.NFO,07/01/2020,10:15:54,1.2,1.1,8000,1.15,4000,0,740000
IOC30Jan20135CE.NFO,07/01/2020,10:15:59,1.2,1.1,8000,1.2,8000,8000,740000
IOC30Jan20135CE.NFO,07/01/2020,10:16:04,1.2,1.1,8000,1.2,28000,0,740000
IOC30Jan20135CE.NFO,07/01/2020,10:16:13,1.2,1.1,4000,1.2,28000,0,740000
IOC30Jan20135CE.NFO,07/01/2020,10:16:18,1.2,1.1,4000,1.15,12000,0,740000
IOC30Jan20135CE.NFO,07/01/2020,10:16:26,1.2,1.1,8000,1.15,12000,0,740000
IOC30Jan20135CE.NFO,07/01/2020,10:16:31,1.2,1.1,4000,1.15,12000,0,740000
IOC30Jan20135CE.NFO,07/01/2020,10:16:36,1.2,1.1,4000,1.15,8000,0,740000
IOC30Jan20135CE.NFO,07/01/2020,10:16:46,1.2,1.1,8000,1.15,8000,0,740000
IOC30Jan20135CE.NFO,07/01/2020,10:17:08,1.2,1.1,4000,1.15,8000,0,740000
IOC30Jan20135CE.NFO,07/01/2020,10:17:21,1.1,1.05,16000,1.15,4000,4000,740000
IOC30Jan20135CE.NFO,07/01/2020,10:17:24,1.1,1.05,24000,1.15,8000,0,740000
IOC30Jan20135CE.NFO,07/01/2020,10:17:34,1.1,1.05,8000,1.1,8000,0,740000
IOC30Jan20135CE.NFO,07/01/2020,10:17:43,1.1,1,28000,1.1,12000,0,740000
IOC30Jan20135CE.NFO,07/01/2020,10:17:48,1.1,1,28000,1.1,4000,0,740000
IOC30Jan20135CE.NFO,07/01/2020,10:17:54,1.1,1,28000,1.1,8000,0,740000
IOC30Jan20135CE.NFO,07/01/2020,10:18:03,1.1,1,32000,1.1,8000,0,740000
IOC30Jan20135CE.NFO,07/01/2020,10:18:20,1.1,1,32000,1.1,4000,0,740000
IOC30Jan20135CE.NFO,07/01/2020,10:18:31,1.1,1,32000,1.1,8000,0,740000
IOC30Jan20135CE.NFO,07/01/2020,10:19:02,1.05,1,28000,1.1,8000,8000,812000
IOC30Jan20135CE.NFO,07/01/2020,10:19:07,1.05,1,28000,1.1,8000,0,812000
IOC30Jan20135CE.NFO,07/01/2020,10:19:16,1.05,1,28000,1.1,12000,0,812000
IOC30Jan20135CE.NFO,07/01/2020,10:19:21,1.05,1,28000,1.1,8000,0,812000
IOC30Jan20135CE.NFO,07/01/2020,10:19:29,1.1,1,28000,1.1,12000,4000,812000
IOC30Jan20135CE.NFO,07/01/2020,10:19:43,1.1,1,28000,1.1,20000,0,812000
IOC30Jan20135CE.NFO,07/01/2020,10:19:50,1.1,1,28000,1.1,24000,0,812000
IOC30Jan20135CE.NFO,07/01/2020,10:19:55,1.1,1,24000,1.1,24000,0,812000
IOC30Jan20135CE.NFO,07/01/2020,10:19:59,1.1,1,16000,1.1,24000,0,812000
IOC30Jan20135CE.NFO,07/01/2020,10:20:15,1.1,0.95,16000,1.1,24000,0,812000
IOC30Jan20135CE.NFO,07/01/2020,10:20:20,1.05,0.95,16000,1.05,12000,4000,812000
IOC30Jan20135CE.NFO,07/01/2020,10:20:30,1.05,0.95,16000,1.05,12000,0,812000
IOC30Jan20135CE.NFO,07/01/2020,10:20:33,1.05,0.95,16000,1.05,8000,0,812000
IOC30Jan20135CE.NFO,07/01/2020,10:20:37,1.05,0.95,16000,1,4000,0,812000
IOC30Jan20135CE.NFO,07/01/2020,10:21:43,1.05,0.95,16000,1,12000,0,812000
IOC30Jan20135CE.NFO,07/01/2020,10:22:41,1.05,0.95,16000,1,16000,0,812000
IOC30Jan20135CE.NFO,07/01/2020,10:22:47,1.05,0.95,16000,1,12000,0,812000
IOC30Jan20135CE.NFO,07/01/2020,10:22:57,1.05,0.95,16000,1,20000,0,812000
IOC30Jan20135CE.NFO,07/01/2020,10:23:02,1.05,0.95,16000,1,16000,0,812000
IOC30Jan20135CE.NFO,07/01/2020,10:23:07,1.05,0.95,16000,1,12000,0,812000
IOC30Jan20135CE.NFO,07/01/2020,10:23:24,1.05,0.95,16000,1,4000,0,812000
IOC30Jan20135CE.NFO,07/01/2020,10:23:28,1,0.95,16000,1.05,12000,4000,784000
IOC30Jan20135CE.NFO,07/01/2020,10:25:04,1,1,8000,1.05,12000,0,784000
IOC30Jan20135CE.NFO,07/01/2020,10:25:16,1,1,4000,1.05,12000,0,784000
IOC30Jan20135CE.NFO,07/01/2020,10:25:20,1,0.95,20000,1.05,12000,0,784000
IOC30Jan20135CE.NFO,07/01/2020,10:25:43,1,0.95,20000,1.05,32000,0,784000
IOC30Jan20135CE.NFO,07/01/2020,10:26:30,1,0.95,20000,1.05,36000,0,784000
IOC30Jan20135CE.NFO,07/01/2020,10:26:36,1,0.95,20000,1.05,32000,0,784000
IOC30Jan20135CE.NFO,07/01/2020,10:27:15,1,0.95,20000,1.05,4000,0,784000
IOC30Jan20135CE.NFO,07/01/2020,10:27:18,1,1,20000,1.1,32000,0,784000
IOC30Jan20135CE.NFO,07/01/2020,10:27:21,1,1,16000,1.1,32000,0,784000
IOC30Jan20135CE.NFO,07/01/2020,10:27:28,1,1,16000,1.05,24000,0,784000
IOC30Jan20135CE.NFO,07/01/2020,10:27:38,1,1,16000,1.05,20000,0,784000
IOC30Jan20135CE.NFO,07/01/2020,10:27:47,1,1,16000,1.05,32000,0,784000
IOC30Jan20135CE.NFO,07/01/2020,10:27:50,1,1,16000,1.05,28000,0,784000
IOC30Jan20135CE.NFO,07/01/2020,10:28:05,1,1,20000,1.05,28000,0,784000
IOC30Jan20135CE.NFO,07/01/2020,10:28:09,1,1,20000,1.05,8000,0,784000
IOC30Jan20135CE.NFO,07/01/2020,10:28:18,1,1,24000,1.05,8000,0,784000
IOC30Jan20135CE.NFO,07/01/2020,10:28:36,1,1,20000,1.05,8000,4000,768000
IOC30Jan20135CE.NFO,07/01/2020,10:28:46,1,1,20000,1.05,8000,0,768000
IOC30Jan20135CE.NFO,07/01/2020,10:29:27,1,1,20000,1.05,28000,0,768000
IOC30Jan20135CE.NFO,07/01/2020,10:29:58,1,1,16000,1.05,28000,0,768000
IOC30Jan20135CE.NFO,07/01/2020,10:31:24,1,1,20000,1.05,28000,0,768000
IOC30Jan20135CE.NFO,07/01/2020,10:32:01,1,1,20000,1.05,32000,0,768000
IOC30Jan20135CE.NFO,07/01/2020,10:32:52,1,1,24000,1.05,36000,12000,768000
IOC30Jan20135CE.NFO,07/01/2020,10:33:20,1,1,24000,1.05,36000,0,768000
IOC30Jan20135CE.NFO,07/01/2020,10:33:32,1,1,24000,1.05,16000,0,768000
IOC30Jan20135CE.NFO,07/01/2020,10:33:35,1,1,24000,1.05,36000,0,768000
IOC30Jan20135CE.NFO,07/01/2020,10:34:09,1,1,20000,1.05,36000,0,768000
IOC30Jan20135CE.NFO,07/01/2020,10:34:47,1,1,20000,1.05,16000,0,768000
IOC30Jan20135CE.NFO,07/01/2020,10:34:56,1,1,16000,1.05,16000,4000,768000
IOC30Jan20135CE.NFO,07/01/2020,10:35:22,1,1,12000,1.05,36000,0,768000
IOC30Jan20135CE.NFO,07/01/2020,10:35:40,1,1,16000,1.05,36000,0,768000
IOC30Jan20135CE.NFO,07/01/2020,10:35:44,1,1,20000,1.05,36000,0,768000
IOC30Jan20135CE.NFO,07/01/2020,10:35:56,1,1,20000,1.05,16000,0,768000
IOC30Jan20135CE.NFO,07/01/2020,10:36:08,1,1,20000,1.05,36000,0,768000
IOC30Jan20135CE.NFO,07/01/2020,10:36:39,1,1,4000,1.05,36000,0,768000
IOC30Jan20135CE.NFO,07/01/2020,10:36:41,1,1,8000,1.05,36000,0,768000
IOC30Jan20135CE.NFO,07/01/2020,10:36:44,1,1,12000,1.05,36000,0,768000
IOC30Jan20135CE.NFO,07/01/2020,10:37:00,1,1,8000,1.05,36000,0,768000
IOC30Jan20135CE.NFO,07/01/2020,10:37:17,1,1,4000,1.05,36000,0,768000
IOC30Jan20135CE.NFO,07/01/2020,10:37:25,1,1,8000,1.05,36000,0,768000
IOC30Jan20135CE.NFO,07/01/2020,10:37:29,1,1,12000,1.05,36000,0,768000
IOC30Jan20135CE.NFO,07/01/2020,10:37:36,1,1,8000,1.05,36000,0,768000
IOC30Jan20135CE.NFO,07/01/2020,10:37:41,1,1,12000,1.05,36000,0,768000
IOC30Jan20135CE.NFO,07/01/2020,10:37:45,1,1,8000,1.05,36000,0,768000
IOC30Jan20135CE.NFO,07/01/2020,10:37:55,1,1,12000,1.05,36000,0,768000
IOC30Jan20135CE.NFO,07/01/2020,10:38:10,1,1,8000,1.05,36000,0,768000
IOC30Jan20135CE.NFO,07/01/2020,10:38:51,1,1,4000,1.05,36000,4000,768000
IOC30Jan20135CE.NFO,07/01/2020,10:39:00,1,0.95,16000,1.05,40000,0,768000
IOC30Jan20135CE.NFO,07/01/2020,10:39:05,1,1,4000,1.05,40000,0,768000
IOC30Jan20135CE.NFO,07/01/2020,10:39:17,1,0.95,20000,1.05,40000,0,768000
IOC30Jan20135CE.NFO,07/01/2020,10:41:20,1,1,4000,1.05,40000,0,768000
IOC30Jan20135CE.NFO,07/01/2020,10:41:29,1,1,4000,1.05,44000,4000,768000
IOC30Jan20135CE.NFO,07/01/2020,10:42:34,1,1,4000,1.05,44000,0,768000
IOC30Jan20135CE.NFO,07/01/2020,10:42:50,1,1,8000,1.05,44000,0,768000
IOC30Jan20135CE.NFO,07/01/2020,10:42:53,1,1,8000,1.05,44000,4000,768000
IOC30Jan20135CE.NFO,07/01/2020,10:42:59,1,1,4000,1.05,36000,8000,768000
IOC30Jan20135CE.NFO,07/01/2020,10:43:28,1,1,4000,1.05,16000,0,768000
IOC30Jan20135CE.NFO,07/01/2020,10:43:47,1,0.95,20000,1.05,16000,0,768000
IOC30Jan20135CE.NFO,07/01/2020,10:45:07,1,0.95,12000,1.05,16000,0,768000
IOC30Jan20135CE.NFO,07/01/2020,10:45:14,1,1,4000,1.05,16000,0,768000
IOC30Jan20135CE.NFO,07/01/2020,10:47:59,1,1,8000,1.05,16000,0,768000
IOC30Jan20135CE.NFO,07/01/2020,10:48:40,1,1,4000,1.05,16000,0,768000
IOC30Jan20135CE.NFO,07/01/2020,10:49:40,1,1,8000,1.05,16000,0,768000
IOC30Jan20135CE.NFO,07/01/2020,10:49:44,1,1,4000,1.05,16000,0,768000
IOC30Jan20135CE.NFO,07/01/2020,10:49:59,1,1,8000,1.05,16000,0,768000
IOC30Jan20135CE.NFO,07/01/2020,10:50:05,1,1,4000,1.05,16000,0,768000
IOC30Jan20135CE.NFO,07/01/2020,10:50:58,1,1,8000,1.05,16000,0,768000
IOC30Jan20135CE.NFO,07/01/2020,10:51:04,1,1,4000,1.05,16000,0,768000
IOC30Jan20135CE.NFO,07/01/2020,10:51:39,1,1,8000,1.05,16000,0,768000
IOC30Jan20135CE.NFO,07/01/2020,10:52:09,1,1,4000,1.05,16000,0,768000
IOC30Jan20135CE.NFO,07/01/2020,10:52:29,1,1,8000,1.05,16000,0,768000
IOC30Jan20135CE.NFO,07/01/2020,10:52:33,1,1,4000,1.05,16000,0,768000
IOC30Jan20135CE.NFO,07/01/2020,10:55:08,1,1,8000,1.05,16000,0,768000
IOC30Jan20135CE.NFO,07/01/2020,10:55:13,1,1,4000,1.05,16000,0,768000
IOC30Jan20135CE.NFO,07/01/2020,10:56:30,1,1,8000,1.05,16000,0,768000
IOC30Jan20135CE.NFO,07/01/2020,10:57:17,1,1,4000,1.05,16000,0,768000
IOC30Jan20135CE.NFO,07/01/2020,10:57:31,1,1,8000,1.05,16000,0,768000
IOC30Jan20135CE.NFO,07/01/2020,10:57:38,1,1,4000,1.05,16000,0,768000
IOC30Jan20135CE.NFO,07/01/2020,10:58:59,1,1,8000,1.05,16000,0,768000
IOC30Jan20135CE.NFO,07/01/2020,10:59:12,1,1,8000,1.05,12000,0,768000
IOC30Jan20135CE.NFO,07/01/2020,10:59:53,1,1,4000,1.05,8000,0,768000
IOC30Jan20135CE.NFO,07/01/2020,10:59:59,1,1,8000,1.05,12000,0,768000
IOC30Jan20135CE.NFO,07/01/2020,11:00:27,1,1,4000,1.05,12000,0,768000
IOC30Jan20135CE.NFO,07/01/2020,11:01:16,1,0.95,12000,1,4000,4000,760000
IOC30Jan20135CE.NFO,07/01/2020,11:01:39,1,0.95,8000,1,8000,0,760000
IOC30Jan20135CE.NFO,07/01/2020,11:01:47,1,0.95,8000,1,4000,0,760000
IOC30Jan20135CE.NFO,07/01/2020,11:01:55,1,0.95,8000,1,8000,0,760000
IOC30Jan20135CE.NFO,07/01/2020,11:03:48,1,0.95,4000,1,8000,0,760000
IOC30Jan20135CE.NFO,07/01/2020,11:04:27,1,0.95,8000,1,8000,0,760000
IOC30Jan20135CE.NFO,07/01/2020,11:04:41,1,0.95,8000,1,4000,0,760000
IOC30Jan20135CE.NFO,07/01/2020,11:06:18,1,0.95,8000,1.05,12000,0,760000
IOC30Jan20135CE.NFO,07/01/2020,11:09:18,1,0.95,8000,1,8000,0,760000
IOC30Jan20135CE.NFO,07/01/2020,11:11:32,1,0.9,20000,1,12000,0,760000
IOC30Jan20135CE.NFO,07/01/2020,11:11:47,1,0.95,12000,1,12000,0,760000
IOC30Jan20135CE.NFO,07/01/2020,11:11:53,1,0.95,8000,1,12000,0,760000
IOC30Jan20135CE.NFO,07/01/2020,11:11:59,1,0.9,16000,1,12000,0,760000
IOC30Jan20135CE.NFO,07/01/2020,11:12:56,1,0.9,16000,1,12000,4000,764000
IOC30Jan20135CE.NFO,07/01/2020,11:14:05,1,0.95,8000,1,12000,0,764000
IOC30Jan20135CE.NFO,07/01/2020,11:14:10,1,0.95,4000,1,12000,0,764000
IOC30Jan20135CE.NFO,07/01/2020,11:14:16,1,0.95,8000,1,12000,0,764000
IOC30Jan20135CE.NFO,07/01/2020,11:14:53,1,0.95,4000,1,12000,0,764000
IOC30Jan20135CE.NFO,07/01/2020,11:15:39,0.95,0.9,20000,1,8000,4000,768000
IOC30Jan20135CE.NFO,07/01/2020,11:16:37,0.95,0.9,20000,1,8000,0,768000
IOC30Jan20135CE.NFO,07/01/2020,11:17:19,0.95,0.9,20000,1,12000,0,768000
IOC30Jan20135CE.NFO,07/01/2020,11:18:06,0.95,0.9,20000,1,8000,0,768000
IOC30Jan20135CE.NFO,07/01/2020,11:18:44,0.95,0.95,12000,1.05,12000,0,768000
IOC30Jan20135CE.NFO,07/01/2020,11:18:50,0.95,0.95,16000,1.05,12000,0,768000
IOC30Jan20135CE.NFO,07/01/2020,11:20:37,0.95,0.95,16000,1.05,16000,0,768000
IOC30Jan20135CE.NFO,07/01/2020,11:22:56,0.95,1,4000,1.05,16000,0,768000
IOC30Jan20135CE.NFO,07/01/2020,11:23:02,0.95,1,8000,1.05,16000,0,768000
IOC30Jan20135CE.NFO,07/01/2020,11:23:12,0.95,0.95,24000,1.05,16000,0,768000
IOC30Jan20135CE.NFO,07/01/2020,11:23:44,0.95,1,8000,1.05,16000,0,768000
IOC30Jan20135CE.NFO,07/01/2020,11:24:34,0.95,1,8000,1.05,12000,0,768000
IOC30Jan20135CE.NFO,07/01/2020,11:24:43,0.95,1,8000,1.05,16000,0,768000
IOC30Jan20135CE.NFO,07/01/2020,11:24:56,0.95,1,8000,1.05,12000,0,768000
IOC30Jan20135CE.NFO,07/01/2020,11:25:06,0.95,1,12000,1.05,12000,0,768000
IOC30Jan20135CE.NFO,07/01/2020,11:25:10,0.95,1,12000,1.05,8000,0,768000
IOC30Jan20135CE.NFO,07/01/2020,11:27:02,0.95,1,12000,1.05,12000,0,768000
IOC30Jan20135CE.NFO,07/01/2020,11:27:27,0.95,1,8000,1.05,12000,0,768000
IOC30Jan20135CE.NFO,07/01/2020,11:28:58,0.95,1,8000,1.05,12000,0,772000
IOC30Jan20135CE.NFO,07/01/2020,11:29:42,0.95,0.95,28000,1.05,16000,0,772000
IOC30Jan20135CE.NFO,07/01/2020,11:29:49,0.95,0.95,24000,1.05,16000,0,772000
IOC30Jan20135CE.NFO,07/01/2020,11:30:03,0.95,1,8000,1.05,16000,0,772000
IOC30Jan20135CE.NFO,07/01/2020,11:30:13,0.95,1,4000,1.05,16000,0,772000
IOC30Jan20135CE.NFO,07/01/2020,11:30:17,0.95,0.95,24000,1.05,16000,0,772000
IOC30Jan20135CE.NFO,07/01/2020,11:30:34,0.95,1,12000,1.05,16000,0,772000
IOC30Jan20135CE.NFO,07/01/2020,11:30:41,0.95,1,8000,1.05,16000,0,772000
IOC30Jan20135CE.NFO,07/01/2020,11:31:02,1.05,1,28000,1.1,16000,8000,772000
IOC30Jan20135CE.NFO,07/01/2020,11:31:09,1.05,1,28000,1.1,8000,0,772000
IOC30Jan20135CE.NFO,07/01/2020,11:31:50,1.05,1,24000,1.1,8000,0,772000
IOC30Jan20135CE.NFO,07/01/2020,11:31:57,1.05,1,28000,1.1,8000,0,772000
IOC30Jan20135CE.NFO,07/01/2020,11:32:23,1.05,1,28000,1.1,16000,0,772000
IOC30Jan20135CE.NFO,07/01/2020,11:32:43,1.05,1,20000,1.05,4000,0,772000
IOC30Jan20135CE.NFO,07/01/2020,11:33:01,1.05,1,28000,1.1,12000,0,772000
IOC30Jan20135CE.NFO,07/01/2020,11:33:17,1.05,1,32000,1.1,16000,0,772000
IOC30Jan20135CE.NFO,07/01/2020,11:33:34,1.05,1,32000,1.1,12000,0,772000
IOC30Jan20135CE.NFO,07/01/2020,11:33:39,1.05,1,32000,1.05,4000,0,772000
IOC30Jan20135CE.NFO,07/01/2020,11:33:51,1.05,1,32000,1.05,8000,0,772000
IOC30Jan20135CE.NFO,07/01/2020,11:33:56,1.05,1,32000,1.05,4000,0,772000
IOC30Jan20135CE.NFO,07/01/2020,11:34:08,1.05,1,32000,1.1,16000,0,772000
IOC30Jan20135CE.NFO,07/01/2020,11:36:52,1.05,1,28000,1.1,16000,0,772000
IOC30Jan20135CE.NFO,07/01/2020,11:37:05,1.05,1,24000,1.1,16000,0,772000
IOC30Jan20135CE.NFO,07/01/2020,11:37:10,1.05,1,16000,1.1,16000,0,772000
IOC30Jan20135CE.NFO,07/01/2020,11:37:13,1.05,1,12000,1.1,16000,0,772000
IOC30Jan20135CE.NFO,07/01/2020,11:37:17,1.05,1,12000,1.05,8000,0,772000
IOC30Jan20135CE.NFO,07/01/2020,11:37:21,1.05,1,8000,1.05,8000,0,772000
IOC30Jan20135CE.NFO,07/01/2020,11:37:27,1.05,1,4000,1.05,8000,0,772000
IOC30Jan20135CE.NFO,07/01/2020,11:37:48,1.05,1,8000,1.05,8000,0,772000
IOC30Jan20135CE.NFO,07/01/2020,11:38:27,1.05,1,12000,1.05,8000,0,772000
IOC30Jan20135CE.NFO,07/01/2020,11:39:19,1.05,1,8000,1.05,8000,0,772000
IOC30Jan20135CE.NFO,07/01/2020,11:39:59,1.05,1,4000,1.05,8000,0,772000
IOC30Jan20135CE.NFO,07/01/2020,11:40:05,1.05,1,8000,1.05,8000,0,772000
IOC30Jan20135CE.NFO,07/01/2020,11:41:52,1.05,1,4000,1.05,8000,0,772000
IOC30Jan20135CE.NFO,07/01/2020,11:43:25,1.05,1,8000,1.05,8000,0,772000
IOC30Jan20135CE.NFO,07/01/2020,11:48:07,1.05,1,4000,1.05,8000,0,772000
IOC30Jan20135CE.NFO,07/01/2020,11:48:10,1.05,1,8000,1.05,8000,0,772000
IOC30Jan20135CE.NFO,07/01/2020,11:49:22,1.05,1,8000,1.05,12000,0,772000
IOC30Jan20135CE.NFO,07/01/2020,11:49:35,1,1,4000,1.05,12000,4000,772000
IOC30Jan20135CE.NFO,07/01/2020,11:49:51,1,0.95,24000,1.05,16000,0,772000
IOC30Jan20135CE.NFO,07/01/2020,11:53:47,1,0.95,16000,1.05,16000,0,772000
IOC30Jan20135CE.NFO,07/01/2020,11:56:16,1,0.95,16000,1.05,28000,0,772000
IOC30Jan20135CE.NFO,07/01/2020,11:56:55,1,1,4000,1.05,28000,0,772000
IOC30Jan20135CE.NFO,07/01/2020,11:57:46,1,0.95,16000,1.05,28000,4000,772000
IOC30Jan20135CE.NFO,07/01/2020,11:57:55,1,0.95,16000,1,12000,0,772000
IOC30Jan20135CE.NFO,07/01/2020,11:57:59,1,0.95,12000,1,12000,0,772000
IOC30Jan20135CE.NFO,07/01/2020,11:58:18,1,0.95,12000,1,8000,0,772000
IOC30Jan20135CE.NFO,07/01/2020,11:58:29,1,0.9,20000,1,12000,0,772000
IOC30Jan20135CE.NFO,07/01/2020,11:59:01,1,0.95,12000,1,8000,0,772000
IOC30Jan20135CE.NFO,07/01/2020,11:59:55,1,0.95,8000,1,8000,0,772000
IOC30Jan20135CE.NFO,07/01/2020,12:01:37,1,0.95,4000,1,8000,0,772000
IOC30Jan20135CE.NFO,07/01/2020,12:01:59,1,0.95,8000,1,8000,0,772000
IOC30Jan20135CE.NFO,07/01/2020,12:02:15,1,0.95,4000,1,8000,0,772000
IOC30Jan20135CE.NFO,07/01/2020,12:02:37,1,0.95,8000,1,8000,0,772000
IOC30Jan20135CE.NFO,07/01/2020,12:02:54,1,0.95,4000,1,8000,0,772000
IOC30Jan20135CE.NFO,07/01/2020,12:03:11,1,0.9,12000,1,8000,0,772000
IOC30Jan20135CE.NFO,07/01/2020,12:03:37,1,0.95,12000,1,8000,0,772000
IOC30Jan20135CE.NFO,07/01/2020,12:03:41,1,0.95,4000,1,8000,0,772000
IOC30Jan20135CE.NFO,07/01/2020,12:03:54,1,0.95,8000,1,8000,0,772000
IOC30Jan20135CE.NFO,07/01/2020,12:05:09,1,0.9,20000,1,8000,0,772000
IOC30Jan20135CE.NFO,07/01/2020,12:07:14,1,0.9,24000,1,8000,0,772000
IOC30Jan20135CE.NFO,07/01/2020,12:07:18,1,0.9,20000,1,8000,0,772000
IOC30Jan20135CE.NFO,07/01/2020,12:08:11,1,0.9,24000,1,8000,0,772000
IOC30Jan20135CE.NFO,07/01/2020,12:08:15,1,0.95,12000,1,8000,0,772000
IOC30Jan20135CE.NFO,07/01/2020,12:08:22,1,0.95,12000,1,4000,0,772000
IOC30Jan20135CE.NFO,07/01/2020,12:08:28,1,0.95,12000,1,8000,0,772000
IOC30Jan20135CE.NFO,07/01/2020,12:09:18,1,0.9,20000,1,8000,0,772000
IOC30Jan20135CE.NFO,07/01/2020,12:10:55,1,0.95,12000,1,8000,0,772000
IOC30Jan20135CE.NFO,07/01/2020,12:11:02,1,0.95,8000,1,8000,0,772000
IOC30Jan20135CE.NFO,07/01/2020,12:11:07,1,0.95,12000,1,8000,0,772000
IOC30Jan20135CE.NFO,07/01/2020,12:11:35,1,0.95,8000,1,8000,0,772000
IOC30Jan20135CE.NFO,07/01/2020,12:11:54,1,0.95,12000,1,8000,0,772000
IOC30Jan20135CE.NFO,07/01/2020,12:12:22,1,0.95,8000,1,8000,0,772000
IOC30Jan20135CE.NFO,07/01/2020,12:13:17,1,0.95,12000,1,8000,0,772000
IOC30Jan20135CE.NFO,07/01/2020,12:13:35,1,0.95,8000,1,8000,0,772000
IOC30Jan20135CE.NFO,07/01/2020,12:14:05,1,0.95,4000,1,8000,0,772000
IOC30Jan20135CE.NFO,07/01/2020,12:15:52,1,0.95,8000,1,8000,0,772000
IOC30Jan20135CE.NFO,07/01/2020,12:17:03,1,0.95,16000,1.05,28000,0,772000
IOC30Jan20135CE.NFO,07/01/2020,12:17:39,1,0.95,8000,1.05,28000,0,772000
IOC30Jan20135CE.NFO,07/01/2020,12:18:18,1,1,12000,1.05,28000,0,772000
IOC30Jan20135CE.NFO,07/01/2020,12:18:21,1,1,8000,1.05,24000,0,772000
IOC30Jan20135CE.NFO,07/01/2020,12:18:31,1,1,4000,1.05,24000,0,772000
IOC30Jan20135CE.NFO,07/01/2020,12:18:34,1,0.95,12000,1.05,24000,0,772000
IOC30Jan20135CE.NFO,07/01/2020,12:18:36,1,0.95,8000,1.05,24000,0,772000
IOC30Jan20135CE.NFO,07/01/2020,12:19:36,1,0.95,8000,1.05,28000,0,772000
IOC30Jan20135CE.NFO,07/01/2020,12:20:29,1,0.95,8000,1.05,24000,0,772000
IOC30Jan20135CE.NFO,07/01/2020,12:22:06,1,0.95,8000,1,12000,0,772000
IOC30Jan20135CE.NFO,07/01/2020,12:22:20,1,0.95,8000,1,8000,0,772000
IOC30Jan20135CE.NFO,07/01/2020,12:23:50,1,0.95,4000,1,8000,0,772000
IOC30Jan20135CE.NFO,07/01/2020,12:26:30,1,0.95,8000,1,8000,0,772000
IOC30Jan20135CE.NFO,07/01/2020,12:27:49,1,0.95,4000,1,8000,0,772000
IOC30Jan20135CE.NFO,07/01/2020,12:27:55,1,0.95,4000,1,12000,0,772000
IOC30Jan20135CE.NFO,07/01/2020,12:28:02,1,0.95,8000,1,12000,0,772000
IOC30Jan20135CE.NFO,07/01/2020,12:28:29,1,0.95,4000,1,12000,0,772000
IOC30Jan20135CE.NFO,07/01/2020,12:28:40,1,0.95,4000,1,8000,0,772000
IOC30Jan20135CE.NFO,07/01/2020,12:28:49,1,0.95,8000,1,8000,0,772000
IOC30Jan20135CE.NFO,07/01/2020,12:28:57,1,0.95,8000,1,12000,0,772000
IOC30Jan20135CE.NFO,07/01/2020,12:29:33,1,0.95,4000,1,12000,0,772000
IOC30Jan20135CE.NFO,07/01/2020,12:30:11,1,0.95,8000,1,12000,0,772000
IOC30Jan20135CE.NFO,07/01/2020,12:33:51,1,0.95,4000,1,12000,0,772000
IOC30Jan20135CE.NFO,07/01/2020,12:34:06,1,0.95,8000,1,12000,0,772000
IOC30Jan20135CE.NFO,07/01/2020,12:34:19,1,0.95,4000,1,12000,0,772000
IOC30Jan20135CE.NFO,07/01/2020,12:34:23,1,0.95,8000,1,12000,0,772000
IOC30Jan20135CE.NFO,07/01/2020,12:36:35,1,0.95,12000,1,12000,0,772000
IOC30Jan20135CE.NFO,07/01/2020,12:36:38,1,0.95,8000,1,12000,0,772000
IOC30Jan20135CE.NFO,07/01/2020,12:39:35,1,0.95,12000,1,12000,0,772000
IOC30Jan20135CE.NFO,07/01/2020,12:40:16,1,0.95,8000,1,12000,0,772000
IOC30Jan20135CE.NFO,07/01/2020,12:40:59,1,0.95,8000,1,28000,0,772000
IOC30Jan20135CE.NFO,07/01/2020,12:41:55,1,0.95,12000,1,28000,0,772000
IOC30Jan20135CE.NFO,07/01/2020,12:43:42,1,0.95,4000,1,28000,0,772000
IOC30Jan20135CE.NFO,07/01/2020,12:43:47,1,0.95,8000,1,28000,0,772000
IOC30Jan20135CE.NFO,07/01/2020,12:43:50,1,0.95,12000,1,28000,0,772000
IOC30Jan20135CE.NFO,07/01/2020,12:43:53,1,0.95,8000,1,28000,0,772000
IOC30Jan20135CE.NFO,07/01/2020,12:43:55,1,0.9,16000,1,28000,0,772000
IOC30Jan20135CE.NFO,07/01/2020,12:44:02,1,0.95,4000,1,28000,0,772000
IOC30Jan20135CE.NFO,07/01/2020,12:44:26,1,0.95,12000,1,28000,0,772000
IOC30Jan20135CE.NFO,07/01/2020,12:44:33,1,0.95,4000,1,28000,0,772000
IOC30Jan20135CE.NFO,07/01/2020,12:44:52,1,0.9,16000,1,28000,0,772000
IOC30Jan20135CE.NFO,07/01/2020,12:45:03,1,0.95,8000,1,28000,0,772000
IOC30Jan20135CE.NFO,07/01/2020,12:45:14,1,0.95,12000,1,28000,0,772000
IOC30Jan20135CE.NFO,07/01/2020,12:46:05,1,0.95,8000,1,28000,0,772000
IOC30Jan20135CE.NFO,07/01/2020,12:46:47,1,0.95,12000,1,28000,0,772000
IOC30Jan20135CE.NFO,07/01/2020,12:47:15,1,0.95,16000,1,28000,0,772000
IOC30Jan20135CE.NFO,07/01/2020,12:48:10,1,0.95,12000,1,28000,4000,768000
IOC30Jan20135CE.NFO,07/01/2020,12:48:22,1,0.95,12000,1,28000,0,768000
IOC30Jan20135CE.NFO,07/01/2020,12:49:57,1,0.95,12000,1,24000,0,768000
IOC30Jan20135CE.NFO,07/01/2020,12:54:11,1,0.95,12000,1,20000,4000,764000
IOC30Jan20135CE.NFO,07/01/2020,12:55:36,1,0.95,12000,1,20000,0,764000
IOC30Jan20135CE.NFO,07/01/2020,12:56:21,1,0.95,12000,1,24000,0,764000
IOC30Jan20135CE.NFO,07/01/2020,12:56:50,1,0.95,12000,1,20000,0,764000
IOC30Jan20135CE.NFO,07/01/2020,12:56:56,1,0.95,12000,1,24000,0,764000
IOC30Jan20135CE.NFO,07/01/2020,12:56:59,1,0.95,8000,1,24000,0,764000
IOC30Jan20135CE.NFO,07/01/2020,12:59:00,1,0.95,8000,1,20000,0,764000
IOC30Jan20135CE.NFO,07/01/2020,12:59:05,1,0.95,8000,1,24000,0,764000
IOC30Jan20135CE.NFO,07/01/2020,13:01:28,1,0.95,8000,1,28000,0,764000
IOC30Jan20135CE.NFO,07/01/2020,13:01:35,1,0.9,12000,1,28000,0,764000
IOC30Jan20135CE.NFO,07/01/2020,13:02:21,1,0.95,4000,1,28000,0,764000
IOC30Jan20135CE.NFO,07/01/2020,13:02:27,1,0.9,8000,1,28000,0,764000
IOC30Jan20135CE.NFO,07/01/2020,13:03:09,1,0.85,8000,1,32000,0,764000
IOC30Jan20135CE.NFO,07/01/2020,13:03:17,1,0.85,8000,1,64000,0,764000
IOC30Jan20135CE.NFO,07/01/2020,13:03:28,1,0.85,8000,1,68000,0,764000
IOC30Jan20135CE.NFO,07/01/2020,13:03:44,1,0.9,8000,1,68000,0,764000
IOC30Jan20135CE.NFO,07/01/2020,13:03:58,1,0.9,8000,1,64000,0,764000
IOC30Jan20135CE.NFO,07/01/2020,13:04:07,1,0.9,4000,1,64000,0,764000
IOC30Jan20135CE.NFO,07/01/2020,13:04:16,1,0.9,8000,1,68000,0,764000
IOC30Jan20135CE.NFO,07/01/2020,13:05:00,1,0.9,4000,1,64000,0,764000
IOC30Jan20135CE.NFO,07/01/2020,13:05:32,1,0.9,4000,1,68000,0,764000
IOC30Jan20135CE.NFO,07/01/2020,13:05:38,1,0.9,4000,1,64000,0,764000
IOC30Jan20135CE.NFO,07/01/2020,13:06:07,1,0.9,8000,1,68000,0,764000
IOC30Jan20135CE.NFO,07/01/2020,13:06:13,1,0.9,16000,1,68000,0,764000
IOC30Jan20135CE.NFO,07/01/2020,13:06:34,1,0.9,4000,1,68000,0,764000
IOC30Jan20135CE.NFO,07/01/2020,13:08:01,1,0.9,4000,0.95,12000,0,764000
IOC30Jan20135CE.NFO,07/01/2020,13:08:13,1,0.9,4000,0.95,48000,0,764000
IOC30Jan20135CE.NFO,07/01/2020,13:08:28,1,0.85,8000,0.95,48000,0,764000
IOC30Jan20135CE.NFO,07/01/2020,13:08:45,1,0.9,4000,0.95,12000,0,764000
IOC30Jan20135CE.NFO,07/01/2020,13:08:52,1,0.9,4000,0.95,48000,0,764000
IOC30Jan20135CE.NFO,07/01/2020,13:09:06,1,0.9,4000,0.95,16000,0,764000
IOC30Jan20135CE.NFO,07/01/2020,13:10:06,1,0.85,8000,0.95,16000,0,764000
IOC30Jan20135CE.NFO,07/01/2020,13:10:12,1,0.9,4000,0.95,16000,0,764000
IOC30Jan20135CE.NFO,07/01/2020,13:10:17,1,0.85,8000,0.95,16000,0,764000
IOC30Jan20135CE.NFO,07/01/2020,13:10:22,1,0.9,4000,0.95,16000,0,764000
IOC30Jan20135CE.NFO,07/01/2020,13:10:32,1,0.85,4000,0.95,16000,0,764000
IOC30Jan20135CE.NFO,07/01/2020,13:10:38,1,0.9,4000,0.95,16000,0,764000
IOC30Jan20135CE.NFO,07/01/2020,13:14:01,1,0.85,8000,0.95,16000,0,764000
IOC30Jan20135CE.NFO,07/01/2020,13:15:10,1,0.85,8000,0.9,8000,0,764000
IOC30Jan20135CE.NFO,07/01/2020,13:16:35,1,0.85,8000,0.9,4000,0,764000
IOC30Jan20135CE.NFO,07/01/2020,13:16:41,1,0.85,8000,0.9,8000,0,764000
IOC30Jan20135CE.NFO,07/01/2020,13:16:47,1,0.85,8000,0.9,12000,0,764000
IOC30Jan20135CE.NFO,07/01/2020,13:18:08,1,0.85,8000,0.9,8000,0,764000
IOC30Jan20135CE.NFO,07/01/2020,13:18:13,1,0.85,8000,0.9,12000,0,764000
IOC30Jan20135CE.NFO,07/01/2020,13:18:31,1,0.85,8000,0.9,8000,0,764000
IOC30Jan20135CE.NFO,07/01/2020,13:19:10,1,0.85,8000,0.9,12000,0,764000
IOC30Jan20135CE.NFO,07/01/2020,13:19:16,1,0.85,8000,0.9,8000,0,764000
IOC30Jan20135CE.NFO,07/01/2020,13:21:16,1,0.85,8000,0.9,12000,0,764000
IOC30Jan20135CE.NFO,07/01/2020,13:21:25,1,0.8,28000,0.9,12000,0,764000
IOC30Jan20135CE.NFO,07/01/2020,13:21:31,1,0.85,4000,0.9,12000,0,764000
IOC30Jan20135CE.NFO,07/01/2020,13:21:40,1,0.8,20000,0.9,12000,0,764000
IOC30Jan20135CE.NFO,07/01/2020,13:22:11,1,0.85,8000,0.9,12000,0,764000
IOC30Jan20135CE.NFO,07/01/2020,13:22:28,1,0.8,20000,0.9,12000,0,764000
IOC30Jan20135CE.NFO,07/01/2020,13:22:44,1,0.8,28000,0.9,12000,0,764000
IOC30Jan20135CE.NFO,07/01/2020,13:22:49,1,0.85,4000,0.9,12000,0,764000
IOC30Jan20135CE.NFO,07/01/2020,13:23:05,1,0.8,28000,0.9,12000,0,764000
IOC30Jan20135CE.NFO,07/01/2020,13:23:11,1,0.85,8000,0.9,12000,0,764000
IOC30Jan20135CE.NFO,07/01/2020,13:23:17,1,0.85,4000,0.9,12000,0,764000
IOC30Jan20135CE.NFO,07/01/2020,13:23:34,1,0.85,8000,0.9,12000,0,764000
IOC30Jan20135CE.NFO,07/01/2020,13:23:39,1,0.85,12000,0.9,12000,0,764000
IOC30Jan20135CE.NFO,07/01/2020,13:23:45,1,0.85,8000,0.9,12000,0,764000
IOC30Jan20135CE.NFO,07/01/2020,13:23:50,1,0.85,4000,0.9,12000,0,764000
IOC30Jan20135CE.NFO,07/01/2020,13:24:02,1,0.8,20000,0.9,12000,0,764000
IOC30Jan20135CE.NFO,07/01/2020,13:24:08,1,0.85,4000,0.9,12000,0,764000
IOC30Jan20135CE.NFO,07/01/2020,13:24:25,1,0.85,8000,0.9,12000,0,764000
IOC30Jan20135CE.NFO,07/01/2020,13:24:30,1,0.85,4000,0.9,12000,0,764000
IOC30Jan20135CE.NFO,07/01/2020,13:24:51,1,0.85,8000,0.9,12000,0,764000
IOC30Jan20135CE.NFO,07/01/2020,13:24:57,1,0.85,4000,0.9,12000,0,764000
IOC30Jan20135CE.NFO,07/01/2020,13:25:09,1,0.85,8000,0.9,12000,0,764000
IOC30Jan20135CE.NFO,07/01/2020,13:25:34,1,0.85,4000,0.9,12000,0,764000
IOC30Jan20135CE.NFO,07/01/2020,13:26:02,1,0.85,8000,0.9,12000,0,764000
IOC30Jan20135CE.NFO,07/01/2020,13:26:27,1,0.85,4000,0.9,12000,0,764000
IOC30Jan20135CE.NFO,07/01/2020,13:26:39,1,0.85,8000,0.9,12000,0,764000
IOC30Jan20135CE.NFO,07/01/2020,13:27:47,1,0.85,4000,0.9,12000,0,764000
IOC30Jan20135CE.NFO,07/01/2020,13:29:16,0.85,0.85,4000,0.9,12000,4000,768000
IOC30Jan20135CE.NFO,07/01/2020,13:29:23,0.85,0.8,20000,0.9,12000,0,768000
IOC30Jan20135CE.NFO,07/01/2020,13:29:28,0.85,0.8,16000,0.85,12000,0,768000
IOC30Jan20135CE.NFO,07/01/2020,13:30:53,0.85,0.8,12000,0.85,12000,0,768000
IOC30Jan20135CE.NFO,07/01/2020,13:31:23,0.85,0.8,20000,0.85,12000,0,768000
IOC30Jan20135CE.NFO,07/01/2020,13:31:35,0.85,0.8,16000,0.85,12000,0,768000
IOC30Jan20135CE.NFO,07/01/2020,13:32:09,0.85,0.8,24000,0.85,8000,0,768000
IOC30Jan20135CE.NFO,07/01/2020,13:32:25,0.85,0.8,16000,0.85,12000,0,768000
IOC30Jan20135CE.NFO,07/01/2020,13:32:43,0.85,0.8,20000,0.85,8000,4000,764000
IOC30Jan20135CE.NFO,07/01/2020,13:32:59,0.85,0.8,20000,0.85,8000,0,764000
IOC30Jan20135CE.NFO,07/01/2020,13:33:22,0.85,0.8,24000,0.85,8000,0,764000
IOC30Jan20135CE.NFO,07/01/2020,13:33:27,0.85,0.8,20000,0.85,8000,0,764000
IOC30Jan20135CE.NFO,07/01/2020,13:34:42,0.85,0.8,20000,0.85,4000,0,764000
IOC30Jan20135CE.NFO,07/01/2020,13:34:58,0.85,0.8,24000,0.85,4000,0,764000
IOC30Jan20135CE.NFO,07/01/2020,13:35:31,0.85,0.85,4000,0.9,12000,4000,768000
IOC30Jan20135CE.NFO,07/01/2020,13:35:38,0.85,0.85,4000,0.9,12000,0,768000
IOC30Jan20135CE.NFO,07/01/2020,13:36:20,0.85,0.85,8000,0.9,12000,0,768000
IOC30Jan20135CE.NFO,07/01/2020,13:36:28,0.85,0.85,8000,0.9,20000,0,768000
IOC30Jan20135CE.NFO,07/01/2020,13:36:33,0.85,0.85,4000,0.9,12000,16000,768000
IOC30Jan20135CE.NFO,07/01/2020,13:36:41,0.85,0.85,4000,0.9,12000,4000,768000
IOC30Jan20135CE.NFO,07/01/2020,13:36:56,0.85,0.85,4000,0.9,12000,4000,768000
IOC30Jan20135CE.NFO,07/01/2020,13:37:02,0.85,0.85,8000,0.9,12000,4000,768000
IOC30Jan20135CE.NFO,07/01/2020,13:37:07,0.85,0.85,8000,0.9,12000,0,768000
IOC30Jan20135CE.NFO,07/01/2020,13:37:11,0.85,0.8,20000,0.85,32000,8000,768000
IOC30Jan20135CE.NFO,07/01/2020,13:37:22,0.85,0.8,20000,0.85,28000,4000,768000
IOC30Jan20135CE.NFO,07/01/2020,13:37:38,0.85,0.8,20000,0.85,28000,0,768000
IOC30Jan20135CE.NFO,07/01/2020,13:37:57,0.85,0.8,20000,0.9,52000,0,768000
IOC30Jan20135CE.NFO,07/01/2020,13:38:07,0.85,0.8,20000,0.9,56000,0,768000
IOC30Jan20135CE.NFO,07/01/2020,13:38:14,0.85,0.85,4000,0.9,56000,4000,768000
IOC30Jan20135CE.NFO,07/01/2020,13:38:20,0.85,0.8,20000,0.85,40000,0,768000
IOC30Jan20135CE.NFO,07/01/2020,13:38:32,0.85,0.8,24000,0.9,52000,4000,768000
IOC30Jan20135CE.NFO,07/01/2020,13:39:37,0.85,0.8,24000,0.9,52000,0,768000
IOC30Jan20135CE.NFO,07/01/2020,13:40:07,0.85,0.8,24000,0.9,56000,0,768000
IOC30Jan20135CE.NFO,07/01/2020,13:40:26,0.85,0.8,16000,0.85,48000,0,768000
IOC30Jan20135CE.NFO,07/01/2020,13:41:05,0.85,0.8,16000,0.85,44000,0,768000
IOC30Jan20135CE.NFO,07/01/2020,13:42:06,0.85,0.8,16000,0.85,48000,0,768000
IOC30Jan20135CE.NFO,07/01/2020,13:42:12,0.8,0.8,12000,0.85,44000,4000,752000
IOC30Jan20135CE.NFO,07/01/2020,13:42:30,0.8,0.8,12000,0.85,52000,0,752000
IOC30Jan20135CE.NFO,07/01/2020,13:42:47,0.8,0.8,12000,0.85,56000,0,752000
IOC30Jan20135CE.NFO,07/01/2020,13:42:51,0.8,0.8,12000,0.85,52000,0,752000
IOC30Jan20135CE.NFO,07/01/2020,13:44:40,0.8,0.8,12000,0.85,8000,0,752000
IOC30Jan20135CE.NFO,07/01/2020,13:44:44,0.8,0.8,12000,0.85,48000,0,752000
IOC30Jan20135CE.NFO,07/01/2020,13:45:10,0.8,0.8,12000,0.85,4000,0,752000
IOC30Jan20135CE.NFO,07/01/2020,13:45:52,0.85,0.8,20000,0.9,52000,4000,752000
IOC30Jan20135CE.NFO,07/01/2020,13:45:57,0.85,0.8,20000,0.9,52000,0,752000
IOC30Jan20135CE.NFO,07/01/2020,13:47:04,0.85,0.8,12000,0.9,52000,0,752000
IOC30Jan20135CE.NFO,07/01/2020,13:48:17,0.85,0.8,12000,0.9,56000,0,752000
IOC30Jan20135CE.NFO,07/01/2020,13:48:33,0.85,0.8,12000,0.9,52000,0,752000
IOC30Jan20135CE.NFO,07/01/2020,13:48:46,0.85,0.8,12000,0.9,56000,0,752000
IOC30Jan20135CE.NFO,07/01/2020,13:50:05,0.85,0.8,12000,0.9,60000,0,752000
IOC30Jan20135CE.NFO,07/01/2020,13:50:10,0.85,0.8,12000,0.9,56000,0,752000
IOC30Jan20135CE.NFO,07/01/2020,13:52:19,0.85,0.8,20000,0.9,60000,0,752000
IOC30Jan20135CE.NFO,07/01/2020,13:53:21,0.85,0.8,20000,0.9,20000,0,752000
IOC30Jan20135CE.NFO,07/01/2020,13:53:43,0.85,0.8,20000,0.9,16000,0,752000
IOC30Jan20135CE.NFO,07/01/2020,13:53:58,0.85,0.8,20000,0.9,20000,0,752000
IOC30Jan20135CE.NFO,07/01/2020,13:56:08,0.85,0.8,20000,0.85,4000,0,752000
IOC30Jan20135CE.NFO,07/01/2020,13:56:30,0.85,0.8,20000,0.85,8000,0,752000
IOC30Jan20135CE.NFO,07/01/2020,13:56:43,0.85,0.8,12000,0.85,12000,0,752000
IOC30Jan20135CE.NFO,07/01/2020,13:56:57,0.85,0.8,12000,0.85,8000,0,752000
IOC30Jan20135CE.NFO,07/01/2020,13:58:05,0.85,0.8,12000,0.85,4000,0,752000
IOC30Jan20135CE.NFO,07/01/2020,13:58:30,0.85,0.8,12000,0.85,8000,0,752000
IOC30Jan20135CE.NFO,07/01/2020,13:58:43,0.85,0.8,12000,0.85,4000,0,752000
IOC30Jan20135CE.NFO,07/01/2020,14:00:41,0.85,0.8,12000,0.85,8000,0,752000
IOC30Jan20135CE.NFO,07/01/2020,14:01:05,0.85,0.8,12000,0.85,4000,0,752000
IOC30Jan20135CE.NFO,07/01/2020,14:03:45,0.85,0.8,12000,0.9,24000,0,752000
IOC30Jan20135CE.NFO,07/01/2020,14:04:19,0.85,0.8,20000,0.9,20000,0,752000
IOC30Jan20135CE.NFO,07/01/2020,14:04:48,0.85,0.8,20000,0.9,24000,0,752000
IOC30Jan20135CE.NFO,07/01/2020,14:05:17,0.85,0.8,12000,0.85,4000,0,752000
IOC30Jan20135CE.NFO,07/01/2020,14:06:42,0.85,0.8,28000,0.85,4000,12000,740000
IOC30Jan20135CE.NFO,07/01/2020,14:07:26,0.85,0.8,28000,0.9,16000,0,740000
IOC30Jan20135CE.NFO,07/01/2020,14:08:16,0.85,0.8,24000,0.85,4000,0,740000
IOC30Jan20135CE.NFO,07/01/2020,14:08:24,0.85,0.8,24000,0.9,16000,0,740000
IOC30Jan20135CE.NFO,07/01/2020,14:08:40,0.85,0.8,24000,0.85,4000,0,740000
IOC30Jan20135CE.NFO,07/01/2020,14:08:50,0.85,0.8,24000,0.9,16000,0,740000
IOC30Jan20135CE.NFO,07/01/2020,14:09:30,0.85,0.8,28000,0.9,16000,0,740000
IOC30Jan20135CE.NFO,07/01/2020,14:10:09,0.85,0.8,28000,0.9,12000,0,740000
IOC30Jan20135CE.NFO,07/01/2020,14:10:52,0.85,0.8,28000,0.9,8000,0,740000
IOC30Jan20135CE.NFO,07/01/2020,14:11:36,0.85,0.8,28000,0.9,4000,0,740000
IOC30Jan20135CE.NFO,07/01/2020,14:11:52,0.85,0.8,20000,0.9,8000,0,740000
IOC30Jan20135CE.NFO,07/01/2020,14:12:09,0.85,0.8,20000,0.9,4000,0,740000
IOC30Jan20135CE.NFO,07/01/2020,14:12:34,0.85,0.8,20000,0.9,8000,0,740000
IOC30Jan20135CE.NFO,07/01/2020,14:13:26,0.85,0.8,28000,0.9,4000,0,740000
IOC30Jan20135CE.NFO,07/01/2020,14:14:16,0.85,0.8,28000,0.9,8000,0,740000
IOC30Jan20135CE.NFO,07/01/2020,14:15:05,0.85,0.8,28000,0.9,4000,0,740000
IOC30Jan20135CE.NFO,07/01/2020,14:16:48,0.85,0.8,28000,0.9,16000,0,740000
IOC30Jan20135CE.NFO,07/01/2020,14:17:09,0.85,0.8,28000,0.9,12000,0,740000
IOC30Jan20135CE.NFO,07/01/2020,14:17:19,0.85,0.8,28000,0.9,16000,0,740000
IOC30Jan20135CE.NFO,07/01/2020,14:17:39,0.85,0.8,28000,0.9,8000,0,740000
IOC30Jan20135CE.NFO,07/01/2020,14:17:51,0.85,0.8,28000,0.9,4000,0,740000
IOC30Jan20135CE.NFO,07/01/2020,14:18:05,0.85,0.8,28000,0.9,8000,0,740000
IOC30Jan20135CE.NFO,07/01/2020,14:18:12,0.85,0.8,28000,0.9,4000,0,740000
IOC30Jan20135CE.NFO,07/01/2020,14:18:15,0.85,0.8,28000,0.9,16000,0,740000
IOC30Jan20135CE.NFO,07/01/2020,14:19:10,0.85,0.8,20000,0.9,20000,0,740000
IOC30Jan20135CE.NFO,07/01/2020,14:19:32,0.85,0.8,20000,0.9,24000,0,740000
IOC30Jan20135CE.NFO,07/01/2020,14:27:59,0.85,0.8,20000,0.9,24000,4000,740000
IOC30Jan20135CE.NFO,07/01/2020,14:28:32,0.85,0.8,16000,0.9,24000,0,740000
IOC30Jan20135CE.NFO,07/01/2020,14:28:36,0.85,0.8,20000,0.9,24000,0,740000
IOC30Jan20135CE.NFO,07/01/2020,14:29:33,0.85,0.8,16000,0.9,24000,0,740000
IOC30Jan20135CE.NFO,07/01/2020,14:29:36,0.85,0.8,20000,0.9,24000,0,740000
IOC30Jan20135CE.NFO,07/01/2020,14:29:46,0.85,0.8,16000,0.9,24000,0,740000
IOC30Jan20135CE.NFO,07/01/2020,14:30:01,0.85,0.8,20000,0.9,24000,0,740000
IOC30Jan20135CE.NFO,07/01/2020,14:35:17,0.85,0.8,20000,0.9,56000,0,740000
IOC30Jan20135CE.NFO,07/01/2020,14:37:07,0.85,0.8,28000,0.9,44000,0,740000
IOC30Jan20135CE.NFO,07/01/2020,14:39:27,0.85,0.8,28000,0.9,40000,0,740000
IOC30Jan20135CE.NFO,07/01/2020,14:39:34,0.85,0.8,28000,0.9,44000,0,740000
IOC30Jan20135CE.NFO,07/01/2020,14:39:41,0.8,0.8,24000,0.9,64000,4000,744000
IOC30Jan20135CE.NFO,07/01/2020,14:39:46,0.85,0.8,16000,0.9,64000,4000,744000
IOC30Jan20135CE.NFO,07/01/2020,14:39:51,0.85,0.8,28000,0.9,64000,0,744000
IOC30Jan20135CE.NFO,07/01/2020,14:40:36,0.85,0.8,32000,0.9,64000,0,744000
IOC30Jan20135CE.NFO,07/01/2020,14:41:53,0.85,0.8,32000,0.9,44000,0,744000
IOC30Jan20135CE.NFO,07/01/2020,14:42:32,0.85,0.8,28000,0.9,44000,0,744000
IOC30Jan20135CE.NFO,07/01/2020,14:45:22,0.85,0.8,24000,0.9,44000,0,744000
IOC30Jan20135CE.NFO,07/01/2020,14:45:37,0.85,0.8,28000,0.9,44000,0,744000
IOC30Jan20135CE.NFO,07/01/2020,14:46:01,0.85,0.8,24000,0.9,44000,0,744000
IOC30Jan20135CE.NFO,07/01/2020,14:46:43,0.85,0.8,16000,0.85,56000,0,744000
IOC30Jan20135CE.NFO,07/01/2020,14:47:02,0.85,0.8,16000,0.85,60000,0,744000
IOC30Jan20135CE.NFO,07/01/2020,14:47:20,0.85,0.8,8000,0.85,60000,0,744000
IOC30Jan20135CE.NFO,07/01/2020,14:47:26,0.85,0.8,12000,0.85,60000,0,744000
IOC30Jan20135CE.NFO,07/01/2020,14:47:32,0.85,0.8,12000,0.85,28000,0,744000
IOC30Jan20135CE.NFO,07/01/2020,14:48:10,0.8,0.8,4000,0.85,28000,8000,744000
IOC30Jan20135CE.NFO,07/01/2020,14:48:15,0.8,0.75,32000,0.8,12000,4000,744000
IOC30Jan20135CE.NFO,07/01/2020,14:48:21,0.8,0.75,28000,0.8,12000,0,744000
IOC30Jan20135CE.NFO,07/01/2020,14:48:26,0.8,0.75,32000,0.8,20000,0,744000
IOC30Jan20135CE.NFO,07/01/2020,14:48:32,0.8,0.75,32000,0.8,28000,0,744000
IOC30Jan20135CE.NFO,07/01/2020,14:48:38,0.8,0.75,28000,0.8,28000,0,744000
IOC30Jan20135CE.NFO,07/01/2020,14:48:48,0.8,0.75,28000,0.8,24000,0,744000
IOC30Jan20135CE.NFO,07/01/2020,14:49:00,0.8,0.75,32000,0.8,24000,0,744000
IOC30Jan20135CE.NFO,07/01/2020,14:49:06,0.8,0.75,28000,0.8,24000,0,744000
IOC30Jan20135CE.NFO,07/01/2020,14:49:10,0.8,0.75,32000,0.8,24000,0,744000
IOC30Jan20135CE.NFO,07/01/2020,14:49:15,0.8,0.75,32000,0.8,12000,12000,748000
IOC30Jan20135CE.NFO,07/01/2020,14:49:37,0.8,0.75,32000,0.8,12000,0,748000
IOC30Jan20135CE.NFO,07/01/2020,14:49:44,0.8,0.75,32000,0.8,16000,0,748000
IOC30Jan20135CE.NFO,07/01/2020,14:51:18,0.8,0.75,28000,0.8,16000,0,748000
IOC30Jan20135CE.NFO,07/01/2020,14:51:36,0.8,0.75,24000,0.8,16000,0,748000
IOC30Jan20135CE.NFO,07/01/2020,14:51:41,0.8,0.75,28000,0.8,16000,0,748000
IOC30Jan20135CE.NFO,07/01/2020,14:52:27,0.75,0.7,44000,0.8,24000,64000,756000
IOC30Jan20135CE.NFO,07/01/2020,14:52:27,0.75,0.7,44000,0.8,24000,0,756000
IOC30Jan20135CE.NFO,07/01/2020,14:52:31,0.75,0.7,44000,0.8,28000,0,756000
IOC30Jan20135CE.NFO,07/01/2020,14:52:41,0.75,0.75,32000,0.8,28000,0,756000
IOC30Jan20135CE.NFO,07/01/2020,14:52:48,0.75,0.75,36000,0.8,28000,0,756000
IOC30Jan20135CE.NFO,07/01/2020,14:52:55,0.75,0.75,36000,0.8,24000,0,756000
IOC30Jan20135CE.NFO,07/01/2020,14:53:29,0.8,0.75,36000,0.8,16000,4000,756000
IOC30Jan20135CE.NFO,07/01/2020,14:54:10,0.8,0.75,36000,0.8,12000,4000,756000
IOC30Jan20135CE.NFO,07/01/2020,14:54:16,0.8,0.75,32000,0.8,8000,4000,756000
IOC30Jan20135CE.NFO,07/01/2020,14:54:35,0.8,0.75,32000,0.8,8000,0,756000
IOC30Jan20135CE.NFO,07/01/2020,14:56:47,0.8,0.75,32000,0.8,12000,0,756000
IOC30Jan20135CE.NFO,07/01/2020,14:57:48,0.8,0.75,32000,0.8,8000,0,756000
IOC30Jan20135CE.NFO,07/01/2020,14:59:09,0.8,0.75,12000,0.8,8000,0,756000
IOC30Jan20135CE.NFO,07/01/2020,14:59:21,0.8,0.75,20000,0.8,4000,8000,764000
IOC30Jan20135CE.NFO,07/01/2020,14:59:40,0.8,0.75,12000,0.8,4000,0,764000
IOC30Jan20135CE.NFO,07/01/2020,14:59:44,0.8,0.75,20000,0.8,24000,12000,764000
IOC30Jan20135CE.NFO,07/01/2020,15:00:05,0.8,0.75,16000,0.85,44000,0,764000
IOC30Jan20135CE.NFO,07/01/2020,15:00:14,0.8,0.75,16000,0.8,16000,0,764000
IOC30Jan20135CE.NFO,07/01/2020,15:00:22,0.8,0.75,16000,0.8,12000,0,764000
IOC30Jan20135CE.NFO,07/01/2020,15:00:59,0.8,0.75,16000,0.8,16000,0,764000
IOC30Jan20135CE.NFO,07/01/2020,15:03:21,0.8,0.75,16000,0.8,12000,4000,768000
IOC30Jan20135CE.NFO,07/01/2020,15:04:35,0.8,0.75,16000,0.8,4000,0,768000
IOC30Jan20135CE.NFO,07/01/2020,15:05:07,0.8,0.75,8000,0.8,8000,0,768000
IOC30Jan20135CE.NFO,07/01/2020,15:05:11,0.8,0.75,8000,0.8,4000,0,768000
IOC30Jan20135CE.NFO,07/01/2020,15:05:49,0.8,0.75,8000,0.8,8000,0,768000
IOC30Jan20135CE.NFO,07/01/2020,15:06:20,0.8,0.75,16000,0.8,4000,0,768000
IOC30Jan20135CE.NFO,07/01/2020,15:08:15,0.8,0.75,20000,0.8,20000,4000,764000
IOC30Jan20135CE.NFO,07/01/2020,15:09:09,0.8,0.75,28000,0.85,44000,0,764000
IOC30Jan20135CE.NFO,07/01/2020,15:09:55,0.8,0.75,24000,0.85,44000,0,764000
IOC30Jan20135CE.NFO,07/01/2020,15:10:49,0.8,0.75,28000,0.85,44000,0,764000
IOC30Jan20135CE.NFO,07/01/2020,15:11:40,0.8,0.75,28000,0.8,20000,0,764000
IOC30Jan20135CE.NFO,07/01/2020,15:11:46,0.8,0.75,28000,0.8,4000,0,764000
IOC30Jan20135CE.NFO,07/01/2020,15:12:50,0.8,0.75,20000,0.8,4000,0,764000
IOC30Jan20135CE.NFO,07/01/2020,15:13:16,0.8,0.75,24000,0.8,4000,0,764000
IOC30Jan20135CE.NFO,07/01/2020,15:15:11,0.8,0.75,32000,0.85,44000,0,764000
IOC30Jan20135CE.NFO,07/01/2020,15:15:47,0.8,0.8,8000,0.85,44000,0,764000
IOC30Jan20135CE.NFO,07/01/2020,15:15:54,0.8,0.75,32000,0.85,40000,4000,760000
IOC30Jan20135CE.NFO,07/01/2020,15:16:08,0.8,0.75,28000,0.85,40000,0,760000
IOC30Jan20135CE.NFO,07/01/2020,15:16:22,0.8,0.75,28000,0.85,36000,0,760000
IOC30Jan20135CE.NFO,07/01/2020,15:16:30,0.8,0.75,28000,0.85,40000,0,760000
IOC30Jan20135CE.NFO,07/01/2020,15:19:23,0.8,0.75,32000,0.85,40000,0,760000
IOC30Jan20135CE.NFO,07/01/2020,15:20:19,0.8,0.75,24000,0.85,40000,0,760000
IOC30Jan20135CE.NFO,07/01/2020,15:21:12,0.8,0.75,24000,0.8,12000,0,760000
IOC30Jan20135CE.NFO,07/01/2020,15:21:20,0.8,0.75,24000,0.8,16000,0,760000
IOC30Jan20135CE.NFO,07/01/2020,15:21:28,0.8,0.75,24000,0.8,20000,0,760000
IOC30Jan20135CE.NFO,07/01/2020,15:21:35,0.8,0.75,24000,0.8,24000,0,760000
IOC30Jan20135CE.NFO,07/01/2020,15:21:42,0.8,0.75,24000,0.8,16000,0,760000
IOC30Jan20135CE.NFO,07/01/2020,15:22:03,0.8,0.75,24000,0.8,20000,0,760000
IOC30Jan20135CE.NFO,07/01/2020,15:22:09,0.8,0.75,24000,0.8,16000,0,760000
IOC30Jan20135CE.NFO,07/01/2020,15:22:15,0.8,0.75,28000,0.85,44000,0,760000
IOC30Jan20135CE.NFO,07/01/2020,15:23:12,0.8,0.75,28000,0.8,24000,0,760000
IOC30Jan20135CE.NFO,07/01/2020,15:23:32,0.8,0.8,4000,0.85,44000,0,760000
IOC30Jan20135CE.NFO,07/01/2020,15:24:04,0.8,0.75,28000,0.85,44000,0,760000
IOC30Jan20135CE.NFO,07/01/2020,15:25:07,0.8,0.75,32000,0.85,44000,0,760000
IOC30Jan20135CE.NFO,07/01/2020,15:25:28,0.8,0.75,32000,0.85,48000,0,760000
IOC30Jan20135CE.NFO,07/01/2020,15:25:33,0.8,0.75,28000,0.85,48000,0,760000
IOC30Jan20135CE.NFO,07/01/2020,15:25:49,0.8,0.75,20000,0.85,48000,0,760000
IOC30Jan20135CE.NFO,07/01/2020,15:26:32,0.8,0.75,20000,0.8,36000,0,760000
IOC30Jan20135CE.NFO,07/01/2020,15:26:41,0.8,0.75,20000,0.8,28000,0,760000
IOC30Jan20135CE.NFO,07/01/2020,15:27:04,0.8,0.75,20000,0.8,24000,0,760000
IOC30Jan20135CE.NFO,07/01/2020,15:27:09,0.8,0.75,20000,0.8,32000,0,760000
IOC30Jan20135CE.NFO,07/01/2020,15:27:24,0.8,0.75,20000,0.8,28000,0,760000
IOC30Jan20135CE.NFO,07/01/2020,15:27:44,0.8,0.75,20000,0.8,24000,0,760000
IOC30Jan20135CE.NFO,07/01/2020,15:27:54,0.8,0.75,20000,0.8,28000,0,760000
IOC30Jan20135CE.NFO,07/01/2020,15:28:32,0.75,0.75,12000,0.8,24000,4000,760000
IOC30Jan20135CE.NFO,07/01/2020,15:28:38,0.75,0.75,12000,0.8,24000,0,760000
IOC30Jan20135CE.NFO,07/01/2020,15:28:44,0.75,0.75,8000,0.8,24000,0,760000
IOC30Jan20135CE.NFO,07/01/2020,15:28:50,0.75,0.75,4000,0.8,24000,0,760000
IOC30Jan20135CE.NFO,07/01/2020,15:29:01,0.75,0.75,4000,0.8,20000,0,760000
IOC30Jan20135CE.NFO,07/01/2020,15:29:08,0.75,0.75,4000,0.8,24000,0,760000
IOC30Jan20135CE.NFO,07/01/2020,15:29:29,0.75,0.75,4000,0.8,28000,0,760000
IOC30Jan20135CE.NFO,07/01/2020,15:29:36,0.75,0.75,4000,0.8,24000,0,760000
IOC30Jan20135CE.NFO,07/01/2020,15:29:57,0.8,0.75,4000,0.8,4000,4000,760000
IOC30Jan20135CE.NFO,07/01/2020,15:30:04,0.8,0.75,4000,0.8,4000,0,760000
