Ticker,Date,Time,LTP,BuyPrice,BuyQty,SellPrice,SellQty,LTQ,OpenInterest
ITC27Feb20240CE.NFO,07/01/2020,10:11:33,8,7.65,26400,8.1,12000,12000,40800
ITC27Feb20240CE.NFO,07/01/2020,10:11:33,8,7.65,26400,8.1,12000,0,40800
ITC27Feb20240CE.NFO,07/01/2020,10:11:33,8,7.65,26400,8.1,12000,0,40800
ITC27Feb20240CE.NFO,07/01/2020,10:11:33,8,7.65,26400,8.1,12000,0,40800
ITC27Feb20240CE.NFO,07/01/2020,10:11:38,8,7.65,14400,8.8,2400,0,40800
ITC27Feb20240CE.NFO,07/01/2020,10:11:48,8,7.65,4800,8.8,2400,0,40800
ITC27Feb20240CE.NFO,07/01/2020,10:11:59,8,7.65,9600,8.8,2400,0,40800
ITC27Feb20240CE.NFO,07/01/2020,10:12:10,8,7.7,16800,8,12000,0,40800
ITC27Feb20240CE.NFO,07/01/2020,10:12:16,8,7.7,12000,8,12000,0,40800
ITC27Feb20240CE.NFO,07/01/2020,10:13:16,8,7.75,2400,8,12000,0,40800
ITC27Feb20240CE.NFO,07/01/2020,10:13:43,8,7.65,2400,8.8,2400,0,40800
ITC27Feb20240CE.NFO,07/01/2020,10:13:49,8,7.95,2400,8.1,12000,0,40800
ITC27Feb20240CE.NFO,07/01/2020,10:13:55,8,7.65,2400,8.8,2400,0,40800
ITC27Feb20240CE.NFO,07/01/2020,10:14:25,8,7.75,2400,7.95,12000,0,40800
ITC27Feb20240CE.NFO,07/01/2020,10:14:30,7.95,7.75,2400,8.05,12000,2400,52800
ITC27Feb20240CE.NFO,07/01/2020,10:14:30,7.95,7.75,2400,8.05,12000,0,52800
ITC27Feb20240CE.NFO,07/01/2020,10:14:35,7.95,7.75,2400,8.05,12000,0,52800
ITC27Feb20240CE.NFO,07/01/2020,10:14:50,7.95,7.75,2400,8.2,12000,0,52800
ITC27Feb20240CE.NFO,07/01/2020,10:14:55,7.95,7.7,2400,8.2,12000,0,52800
ITC27Feb20240CE.NFO,07/01/2020,10:16:16,7.95,7.75,2400,8.45,12000,0,52800
ITC27Feb20240CE.NFO,07/01/2020,10:16:19,7.95,7.75,2400,8.15,12000,0,52800
ITC27Feb20240CE.NFO,07/01/2020,10:16:23,7.95,7.7,2400,8.15,12000,0,52800
ITC27Feb20240CE.NFO,07/01/2020,10:17:22,7.95,7.7,2400,8.8,2400,0,52800
ITC27Feb20240CE.NFO,07/01/2020,10:17:26,7.95,7.65,2400,8.8,2400,0,52800
ITC27Feb20240CE.NFO,07/01/2020,10:17:31,7.95,7.75,2400,8.8,2400,0,52800
ITC27Feb20240CE.NFO,07/01/2020,10:17:41,7.95,7.8,2400,8.8,2400,0,52800
ITC27Feb20240CE.NFO,07/01/2020,10:17:51,7.95,7.7,2400,8.8,2400,0,52800
ITC27Feb20240CE.NFO,07/01/2020,10:18:01,7.95,7.8,2400,8.8,2400,0,52800
ITC27Feb20240CE.NFO,07/01/2020,10:18:05,7.95,7.85,2400,8.9,2400,0,52800
ITC27Feb20240CE.NFO,07/01/2020,10:18:09,7.95,7.9,2400,8.9,2400,0,52800
ITC27Feb20240CE.NFO,07/01/2020,10:18:13,7.95,7.8,2400,8.9,2400,0,52800
ITC27Feb20240CE.NFO,07/01/2020,10:18:22,7.95,7.9,2400,8.9,2400,0,52800
ITC27Feb20240CE.NFO,07/01/2020,10:18:34,7.95,7.8,2400,8.9,2400,0,52800
ITC27Feb20240CE.NFO,07/01/2020,10:19:04,7.95,7.85,2400,8.9,2400,0,52800
ITC27Feb20240CE.NFO,07/01/2020,10:19:31,7.95,7.75,2400,8.9,2400,0,52800
ITC27Feb20240CE.NFO,07/01/2020,10:20:09,7.95,7.7,2400,8.9,2400,0,52800
ITC27Feb20240CE.NFO,07/01/2020,10:20:18,7.95,7.65,2400,8.9,2400,0,52800
ITC27Feb20240CE.NFO,07/01/2020,10:20:23,7.95,7.7,2400,8.7,2400,0,52800
ITC27Feb20240CE.NFO,07/01/2020,10:20:27,7.95,7.7,2400,8.9,2400,0,52800
ITC27Feb20240CE.NFO,07/01/2020,10:20:31,7.95,7.65,2400,8.7,2400,0,52800
ITC27Feb20240CE.NFO,07/01/2020,10:20:40,7.95,7.65,2400,8.9,2400,0,52800
ITC27Feb20240CE.NFO,07/01/2020,10:20:44,7.95,7.7,2400,8.9,2400,0,52800
ITC27Feb20240CE.NFO,07/01/2020,10:20:48,7.95,7.8,2400,8.9,2400,0,52800
ITC27Feb20240CE.NFO,07/01/2020,10:20:52,7.95,7.7,2400,8.7,2400,0,52800
ITC27Feb20240CE.NFO,07/01/2020,10:20:59,7.95,7.7,2400,8.9,2400,0,52800
ITC27Feb20240CE.NFO,07/01/2020,10:21:03,7.95,7.75,2400,8.7,2400,0,52800
ITC27Feb20240CE.NFO,07/01/2020,10:21:12,7.95,7.75,2400,8.9,2400,0,52800
ITC27Feb20240CE.NFO,07/01/2020,10:21:20,7.95,7.7,2400,8.7,2400,0,52800
ITC27Feb20240CE.NFO,07/01/2020,10:21:24,7.95,7.75,2400,8.7,2400,0,52800
ITC27Feb20240CE.NFO,07/01/2020,10:21:27,7.95,7.75,2400,8.9,2400,0,52800
ITC27Feb20240CE.NFO,07/01/2020,10:21:30,7.95,7.7,2400,8.9,2400,0,52800
ITC27Feb20240CE.NFO,07/01/2020,10:21:33,7.95,7.7,2400,8.7,2400,0,52800
ITC27Feb20240CE.NFO,07/01/2020,10:21:36,7.95,7.7,2400,8.9,2400,0,52800
ITC27Feb20240CE.NFO,07/01/2020,10:21:40,7.95,7.7,2400,8.7,2400,0,52800
ITC27Feb20240CE.NFO,07/01/2020,10:21:47,7.95,7.7,2400,8.9,2400,0,52800
ITC27Feb20240CE.NFO,07/01/2020,10:21:50,7.95,7.7,2400,8.7,2400,0,52800
ITC27Feb20240CE.NFO,07/01/2020,10:21:54,7.95,7.7,2400,8.8,2400,0,52800
ITC27Feb20240CE.NFO,07/01/2020,10:21:58,7.95,7.7,2400,8.9,2400,0,52800
ITC27Feb20240CE.NFO,07/01/2020,10:22:01,7.95,7.7,2400,8.7,2400,0,52800
ITC27Feb20240CE.NFO,07/01/2020,10:22:07,7.95,7.7,2400,8.8,2400,0,52800
ITC27Feb20240CE.NFO,07/01/2020,10:22:12,7.95,7.7,2400,8.9,2400,0,52800
ITC27Feb20240CE.NFO,07/01/2020,10:22:17,7.95,7.7,2400,8.7,2400,0,52800
ITC27Feb20240CE.NFO,07/01/2020,10:22:20,7.95,7.7,2400,8.9,2400,0,52800
ITC27Feb20240CE.NFO,07/01/2020,10:22:23,7.95,7.7,2400,8.7,2400,0,52800
ITC27Feb20240CE.NFO,07/01/2020,10:22:24,7.95,7.7,2400,8.9,2400,0,52800
ITC27Feb20240CE.NFO,07/01/2020,10:22:26,7.95,7.7,2400,8.7,2400,0,52800
ITC27Feb20240CE.NFO,07/01/2020,10:22:27,7.95,7.7,2400,8.9,2400,0,52800
ITC27Feb20240CE.NFO,07/01/2020,10:22:31,7.95,7.7,2400,8.7,2400,0,52800
ITC27Feb20240CE.NFO,07/01/2020,10:22:32,7.95,7.7,2400,8.9,2400,0,52800
ITC27Feb20240CE.NFO,07/01/2020,10:22:35,7.95,7.7,2400,8.8,2400,0,52800
ITC27Feb20240CE.NFO,07/01/2020,10:22:36,7.95,7.7,2400,8.9,2400,0,52800
ITC27Feb20240CE.NFO,07/01/2020,10:22:37,7.95,7.7,2400,8.7,2400,0,52800
ITC27Feb20240CE.NFO,07/01/2020,10:22:38,7.95,7.7,2400,8.9,2400,0,52800
ITC27Feb20240CE.NFO,07/01/2020,10:22:39,7.95,7.7,2400,9,2400,0,52800
ITC27Feb20240CE.NFO,07/01/2020,10:22:40,7.95,7.7,2400,8.9,2400,0,52800
ITC27Feb20240CE.NFO,07/01/2020,10:22:41,7.95,7.7,2400,8.8,2400,0,52800
ITC27Feb20240CE.NFO,07/01/2020,10:22:43,7.95,7.7,2400,8.9,2400,0,52800
ITC27Feb20240CE.NFO,07/01/2020,10:22:44,7.95,7.75,2400,8.9,2400,0,52800
ITC27Feb20240CE.NFO,07/01/2020,10:22:44,7.95,7.75,2400,8.8,2400,0,52800
ITC27Feb20240CE.NFO,07/01/2020,10:22:45,7.95,7.7,2400,8.9,2400,0,52800
ITC27Feb20240CE.NFO,07/01/2020,10:22:47,7.95,7.7,2400,8.7,2400,0,52800
ITC27Feb20240CE.NFO,07/01/2020,10:22:48,7.95,7.7,2400,8.9,2400,0,52800
ITC27Feb20240CE.NFO,07/01/2020,10:22:52,7.95,7.7,2400,8.8,2400,0,52800
ITC27Feb20240CE.NFO,07/01/2020,10:22:53,7.95,7.7,2400,8.9,2400,0,52800
ITC27Feb20240CE.NFO,07/01/2020,10:22:54,7.95,7.7,2400,9,2400,0,52800
ITC27Feb20240CE.NFO,07/01/2020,10:22:55,7.95,7.7,2400,8.9,2400,0,52800
ITC27Feb20240CE.NFO,07/01/2020,10:22:56,7.95,7.7,2400,8.7,2400,0,52800
ITC27Feb20240CE.NFO,07/01/2020,10:22:57,7.95,7.7,2400,8.9,2400,0,52800
ITC27Feb20240CE.NFO,07/01/2020,10:22:58,7.95,7.7,2400,8.7,2400,0,52800
ITC27Feb20240CE.NFO,07/01/2020,10:22:59,7.95,7.7,2400,8.9,2400,0,52800
ITC27Feb20240CE.NFO,07/01/2020,10:23:00,7.95,7.7,2400,8.7,2400,0,52800
ITC27Feb20240CE.NFO,07/01/2020,10:23:01,7.95,7.7,2400,8.9,2400,0,52800
ITC27Feb20240CE.NFO,07/01/2020,10:23:02,7.95,7.7,2400,8.7,2400,0,52800
ITC27Feb20240CE.NFO,07/01/2020,10:23:03,7.95,7.7,2400,8.9,2400,0,52800
ITC27Feb20240CE.NFO,07/01/2020,10:23:04,7.95,7.65,2400,8.9,2400,0,52800
ITC27Feb20240CE.NFO,07/01/2020,10:23:07,7.95,7.65,2400,8.7,2400,0,52800
ITC27Feb20240CE.NFO,07/01/2020,10:23:08,7.95,7.65,2400,8.9,2400,0,52800
ITC27Feb20240CE.NFO,07/01/2020,10:23:09,7.95,7.65,2400,8.7,2400,0,52800
ITC27Feb20240CE.NFO,07/01/2020,10:23:18,7.95,7.65,2400,8.9,2400,0,52800
ITC27Feb20240CE.NFO,07/01/2020,10:23:22,7.95,7.65,2400,8.7,2400,0,52800
ITC27Feb20240CE.NFO,07/01/2020,10:23:26,7.95,7.65,2400,8.9,2400,0,52800
ITC27Feb20240CE.NFO,07/01/2020,10:23:29,7.95,7.65,2400,8.8,2400,0,52800
ITC27Feb20240CE.NFO,07/01/2020,10:23:34,7.95,7.7,2400,8.7,2400,0,52800
ITC27Feb20240CE.NFO,07/01/2020,10:23:46,7.95,7.65,2400,8.7,2400,0,52800
ITC27Feb20240CE.NFO,07/01/2020,10:23:50,7.95,7.65,2400,8.8,2400,0,52800
ITC27Feb20240CE.NFO,07/01/2020,10:23:53,7.95,7.65,2400,8.9,2400,0,52800
ITC27Feb20240CE.NFO,07/01/2020,10:23:57,7.95,7.65,2400,8.7,2400,0,52800
ITC27Feb20240CE.NFO,07/01/2020,10:24:04,7.95,7.7,2400,8.7,2400,0,52800
ITC27Feb20240CE.NFO,07/01/2020,10:24:09,7.95,7.7,2400,8.9,2400,0,52800
ITC27Feb20240CE.NFO,07/01/2020,10:24:13,7.95,7.65,2400,8.8,2400,0,52800
ITC27Feb20240CE.NFO,07/01/2020,10:24:16,7.95,7.65,2400,8.9,2400,0,52800
ITC27Feb20240CE.NFO,07/01/2020,10:24:20,7.95,7.65,2400,8.7,2400,0,52800
ITC27Feb20240CE.NFO,07/01/2020,10:24:23,7.95,7.7,2400,8.9,2400,0,52800
ITC27Feb20240CE.NFO,07/01/2020,10:24:26,7.95,7.7,2400,8.8,2400,0,52800
ITC27Feb20240CE.NFO,07/01/2020,10:24:33,7.95,7.7,2400,8.7,2400,0,52800
ITC27Feb20240CE.NFO,07/01/2020,10:24:36,7.95,7.65,2400,8.7,2400,0,52800
ITC27Feb20240CE.NFO,07/01/2020,10:24:40,7.95,7.65,2400,8.9,2400,0,52800
ITC27Feb20240CE.NFO,07/01/2020,10:24:47,7.95,7.65,2400,8.7,2400,0,52800
ITC27Feb20240CE.NFO,07/01/2020,10:24:53,7.95,7.65,2400,8.9,2400,0,52800
ITC27Feb20240CE.NFO,07/01/2020,10:25:06,7.95,7.6,2400,8.9,2400,0,52800
ITC27Feb20240CE.NFO,07/01/2020,10:25:09,7.95,7.6,2400,8.7,2400,0,52800
ITC27Feb20240CE.NFO,07/01/2020,10:25:12,7.95,7.6,2400,8.9,2400,0,52800
ITC27Feb20240CE.NFO,07/01/2020,10:25:18,7.95,7.6,2400,8.7,2400,0,52800
ITC27Feb20240CE.NFO,07/01/2020,10:25:27,7.95,7.6,2400,8.95,2400,0,52800
ITC27Feb20240CE.NFO,07/01/2020,10:25:30,7.95,7.6,2400,8.9,2400,0,52800
ITC27Feb20240CE.NFO,07/01/2020,10:25:35,7.95,7.65,2400,8.9,2400,0,52800
ITC27Feb20240CE.NFO,07/01/2020,10:25:40,7.95,7.65,2400,8.7,2400,0,52800
ITC27Feb20240CE.NFO,07/01/2020,10:25:51,7.95,7.65,2400,8.8,2400,0,52800
ITC27Feb20240CE.NFO,07/01/2020,10:25:56,7.95,7.65,2400,8.9,2400,0,52800
ITC27Feb20240CE.NFO,07/01/2020,10:26:04,7.95,7.65,2400,8.7,2400,0,52800
ITC27Feb20240CE.NFO,07/01/2020,10:26:08,7.95,7.65,2400,8.9,2400,0,52800
ITC27Feb20240CE.NFO,07/01/2020,10:26:13,7.95,7.65,2400,8.7,2400,0,52800
ITC27Feb20240CE.NFO,07/01/2020,10:26:21,7.95,7.65,2400,8.9,2400,0,52800
ITC27Feb20240CE.NFO,07/01/2020,10:26:25,7.95,7.65,2400,8.7,2400,0,52800
ITC27Feb20240CE.NFO,07/01/2020,10:26:31,7.95,7.65,2400,8.55,2400,0,52800
ITC27Feb20240CE.NFO,07/01/2020,10:26:34,7.95,7.65,2400,8.7,2400,0,52800
ITC27Feb20240CE.NFO,07/01/2020,10:26:41,7.95,7.65,2400,8.9,2400,0,52800
ITC27Feb20240CE.NFO,07/01/2020,10:26:59,7.95,7.65,2400,8.8,2400,0,52800
ITC27Feb20240CE.NFO,07/01/2020,10:27:03,7.95,7.6,2400,8.7,2400,0,52800
ITC27Feb20240CE.NFO,07/01/2020,10:27:06,7.95,7.6,2400,8.9,2400,0,52800
ITC27Feb20240CE.NFO,07/01/2020,10:27:09,7.95,7.6,2400,8.7,2400,0,52800
ITC27Feb20240CE.NFO,07/01/2020,10:27:20,7.95,7.65,2400,8.9,2400,0,52800
ITC27Feb20240CE.NFO,07/01/2020,10:27:26,7.95,7.6,2400,8.7,2400,0,52800
ITC27Feb20240CE.NFO,07/01/2020,10:27:36,7.95,7.6,2400,8.9,2400,0,52800
ITC27Feb20240CE.NFO,07/01/2020,10:27:54,7.95,7.6,2400,8.8,2400,0,52800
ITC27Feb20240CE.NFO,07/01/2020,10:28:00,7.95,7.65,2400,8.9,2400,0,52800
ITC27Feb20240CE.NFO,07/01/2020,10:28:10,7.95,7.65,2400,8.8,2400,0,52800
ITC27Feb20240CE.NFO,07/01/2020,10:28:13,7.95,7.65,2400,8.9,2400,0,52800
ITC27Feb20240CE.NFO,07/01/2020,10:28:23,7.95,7.65,2400,8.7,2400,0,52800
ITC27Feb20240CE.NFO,07/01/2020,10:28:26,7.95,7.65,2400,8.9,2400,0,52800
ITC27Feb20240CE.NFO,07/01/2020,10:28:30,7.95,7.7,2400,8.7,2400,0,52800
ITC27Feb20240CE.NFO,07/01/2020,10:28:34,7.95,7.7,2400,8.9,2400,0,52800
ITC27Feb20240CE.NFO,07/01/2020,10:28:38,7.95,7.7,2400,8.8,2400,0,52800
ITC27Feb20240CE.NFO,07/01/2020,10:28:44,7.95,7.7,2400,8.7,2400,0,52800
ITC27Feb20240CE.NFO,07/01/2020,10:28:51,7.95,7.7,2400,8.9,2400,0,52800
ITC27Feb20240CE.NFO,07/01/2020,10:28:54,7.95,7.7,2400,8.7,2400,0,52800
ITC27Feb20240CE.NFO,07/01/2020,10:28:57,7.95,7.7,2400,8.8,2400,0,52800
ITC27Feb20240CE.NFO,07/01/2020,10:29:00,7.95,7.7,2400,8.7,2400,0,52800
ITC27Feb20240CE.NFO,07/01/2020,10:29:06,7.95,7.7,2400,8.9,2400,0,52800
ITC27Feb20240CE.NFO,07/01/2020,10:29:09,7.95,7.7,2400,8.8,2400,0,52800
ITC27Feb20240CE.NFO,07/01/2020,10:29:15,7.95,7.7,2400,8.7,2400,0,52800
ITC27Feb20240CE.NFO,07/01/2020,10:29:18,7.95,7.7,2400,8.9,2400,0,52800
ITC27Feb20240CE.NFO,07/01/2020,10:29:22,7.95,7.7,2400,8.7,2400,0,52800
ITC27Feb20240CE.NFO,07/01/2020,10:29:25,7.95,7.7,2400,8.8,2400,0,52800
ITC27Feb20240CE.NFO,07/01/2020,10:29:32,7.95,7.7,2400,8.9,2400,0,52800
ITC27Feb20240CE.NFO,07/01/2020,10:29:35,7.95,7.75,2400,8.9,2400,0,52800
ITC27Feb20240CE.NFO,07/01/2020,10:29:38,7.95,7.75,2400,8.7,2400,0,52800
ITC27Feb20240CE.NFO,07/01/2020,10:29:44,7.95,7.75,2400,8.9,2400,0,52800
ITC27Feb20240CE.NFO,07/01/2020,10:29:49,7.95,7.7,2400,8.7,2400,0,52800
ITC27Feb20240CE.NFO,07/01/2020,10:29:52,7.95,7.7,2400,8.9,2400,0,52800
ITC27Feb20240CE.NFO,07/01/2020,10:29:54,7.95,7.7,2400,8.7,2400,0,52800
ITC27Feb20240CE.NFO,07/01/2020,10:29:56,7.95,7.7,2400,8.8,2400,0,52800
ITC27Feb20240CE.NFO,07/01/2020,10:29:59,7.95,7.65,2400,8.7,2400,0,52800
ITC27Feb20240CE.NFO,07/01/2020,10:30:06,7.95,7.65,2400,8.8,2400,0,52800
ITC27Feb20240CE.NFO,07/01/2020,10:30:08,7.95,7.65,2400,8.9,2400,0,52800
ITC27Feb20240CE.NFO,07/01/2020,10:30:11,7.95,7.65,2400,8.7,2400,0,52800
ITC27Feb20240CE.NFO,07/01/2020,10:30:13,7.95,7.65,2400,9,2400,0,52800
ITC27Feb20240CE.NFO,07/01/2020,10:30:16,7.95,7.65,2400,8.7,2400,0,52800
ITC27Feb20240CE.NFO,07/01/2020,10:30:18,7.95,7.65,2400,8.9,2400,0,52800
ITC27Feb20240CE.NFO,07/01/2020,10:30:22,7.95,7.65,2400,8.8,2400,0,52800
ITC27Feb20240CE.NFO,07/01/2020,10:30:25,7.95,7.65,2400,8.9,2400,0,52800
ITC27Feb20240CE.NFO,07/01/2020,10:30:27,7.95,7.65,2400,8.7,2400,0,52800
ITC27Feb20240CE.NFO,07/01/2020,10:30:30,7.95,7.7,2400,8.7,2400,0,52800
ITC27Feb20240CE.NFO,07/01/2020,10:30:32,7.95,7.65,2400,8.9,2400,0,52800
ITC27Feb20240CE.NFO,07/01/2020,10:30:35,7.95,7.65,2400,8.7,2400,0,52800
ITC27Feb20240CE.NFO,07/01/2020,10:30:38,7.95,7.65,2400,8.9,2400,0,52800
ITC27Feb20240CE.NFO,07/01/2020,10:30:44,7.95,7.7,2400,8.9,2400,0,52800
ITC27Feb20240CE.NFO,07/01/2020,10:30:48,7.95,7.65,2400,8.7,2400,0,52800
ITC27Feb20240CE.NFO,07/01/2020,10:30:51,7.95,7.65,2400,8.9,2400,0,52800
ITC27Feb20240CE.NFO,07/01/2020,10:30:55,7.95,7.7,2400,8.9,2400,0,52800
ITC27Feb20240CE.NFO,07/01/2020,10:30:58,7.95,7.7,2400,8.8,2400,0,52800
ITC27Feb20240CE.NFO,07/01/2020,10:31:01,7.95,7.7,2400,8.7,2400,0,52800
ITC27Feb20240CE.NFO,07/01/2020,10:31:03,7.95,7.7,2400,8.9,2400,0,52800
ITC27Feb20240CE.NFO,07/01/2020,10:31:06,7.95,7.7,2400,8.7,2400,0,52800
ITC27Feb20240CE.NFO,07/01/2020,10:31:09,7.95,7.7,2400,8.75,2400,0,52800
ITC27Feb20240CE.NFO,07/01/2020,10:31:14,7.95,7.7,2400,8.9,2400,0,52800
ITC27Feb20240CE.NFO,07/01/2020,10:31:17,7.95,7.7,2400,8.7,2400,0,52800
ITC27Feb20240CE.NFO,07/01/2020,10:31:20,7.95,7.7,2400,8.9,2400,0,52800
ITC27Feb20240CE.NFO,07/01/2020,10:31:23,7.95,7.65,2400,8.9,2400,0,52800
ITC27Feb20240CE.NFO,07/01/2020,10:31:26,7.95,7.7,2400,8.7,2400,0,52800
ITC27Feb20240CE.NFO,07/01/2020,10:31:35,7.95,7.7,2400,8.9,2400,0,52800
ITC27Feb20240CE.NFO,07/01/2020,10:31:41,7.95,7.7,2400,8.7,2400,0,52800
ITC27Feb20240CE.NFO,07/01/2020,10:31:45,7.95,7.7,2400,8.9,2400,0,52800
ITC27Feb20240CE.NFO,07/01/2020,10:31:52,7.95,7.7,2400,9,2400,0,52800
ITC27Feb20240CE.NFO,07/01/2020,10:31:59,7.95,7.65,2400,8.7,2400,0,52800
ITC27Feb20240CE.NFO,07/01/2020,10:32:03,7.95,7.65,2400,8.9,2400,0,52800
ITC27Feb20240CE.NFO,07/01/2020,10:32:07,7.95,7.7,2400,8.9,2400,0,52800
ITC27Feb20240CE.NFO,07/01/2020,10:32:15,7.95,7.7,2400,8.95,2400,0,52800
ITC27Feb20240CE.NFO,07/01/2020,10:32:19,7.95,7.7,2400,8.9,2400,0,52800
ITC27Feb20240CE.NFO,07/01/2020,10:32:23,7.95,7.7,2400,8.7,2400,0,52800
ITC27Feb20240CE.NFO,07/01/2020,10:32:26,7.95,7.7,2400,8.6,2400,0,52800
ITC27Feb20240CE.NFO,07/01/2020,10:32:30,7.95,7.7,2400,8.9,2400,0,52800
ITC27Feb20240CE.NFO,07/01/2020,10:32:34,7.95,7.7,2400,8.7,2400,0,52800
ITC27Feb20240CE.NFO,07/01/2020,10:32:51,7.95,7.7,2400,8.8,2400,0,52800
ITC27Feb20240CE.NFO,07/01/2020,10:32:54,7.95,7.7,2400,8.7,2400,0,52800
ITC27Feb20240CE.NFO,07/01/2020,10:33:06,7.95,7.65,2400,8.8,2400,0,52800
ITC27Feb20240CE.NFO,07/01/2020,10:33:08,7.95,7.65,2400,8.7,2400,0,52800
ITC27Feb20240CE.NFO,07/01/2020,10:33:14,7.95,7.7,2400,8.9,2400,0,52800
ITC27Feb20240CE.NFO,07/01/2020,10:33:18,7.95,7.7,2400,8.8,2400,0,52800
ITC27Feb20240CE.NFO,07/01/2020,10:33:21,7.95,7.7,2400,8.7,2400,0,52800
ITC27Feb20240CE.NFO,07/01/2020,10:33:25,7.95,7.7,2400,8.8,2400,0,52800
ITC27Feb20240CE.NFO,07/01/2020,10:33:28,7.95,7.7,2400,8.7,2400,0,52800
ITC27Feb20240CE.NFO,07/01/2020,10:33:31,7.95,7.7,2400,8.8,2400,0,52800
ITC27Feb20240CE.NFO,07/01/2020,10:33:37,7.95,7.7,2400,8.7,2400,0,52800
ITC27Feb20240CE.NFO,07/01/2020,10:33:45,7.95,7.7,2400,8.8,2400,0,52800
ITC27Feb20240CE.NFO,07/01/2020,10:33:47,7.95,7.7,2400,8.7,2400,0,52800
ITC27Feb20240CE.NFO,07/01/2020,10:33:54,7.95,7.75,2400,8.8,2400,0,52800
ITC27Feb20240CE.NFO,07/01/2020,10:33:56,7.95,7.75,2400,9,2400,0,52800
ITC27Feb20240CE.NFO,07/01/2020,10:33:58,7.95,7.75,2400,8.9,2400,0,52800
ITC27Feb20240CE.NFO,07/01/2020,10:34:03,7.95,7.7,2400,8.7,2400,0,52800
ITC27Feb20240CE.NFO,07/01/2020,10:34:11,7.95,7.7,2400,8.8,2400,0,52800
ITC27Feb20240CE.NFO,07/01/2020,10:34:15,7.95,7.7,2400,8.9,2400,0,52800
ITC27Feb20240CE.NFO,07/01/2020,10:34:19,7.95,7.7,2400,8.7,2400,0,52800
ITC27Feb20240CE.NFO,07/01/2020,10:34:23,7.95,7.85,2400,8.9,2400,0,52800
ITC27Feb20240CE.NFO,07/01/2020,10:34:28,7.95,7.85,2400,8.7,2400,0,52800
ITC27Feb20240CE.NFO,07/01/2020,10:34:32,7.95,7.85,2400,8.9,2400,0,52800
ITC27Feb20240CE.NFO,07/01/2020,10:34:44,7.95,7.8,2400,8.9,2400,0,52800
ITC27Feb20240CE.NFO,07/01/2020,10:34:54,7.95,7.8,2400,8.7,2400,0,52800
ITC27Feb20240CE.NFO,07/01/2020,10:34:58,7.95,7.8,2400,8.9,2400,0,52800
ITC27Feb20240CE.NFO,07/01/2020,10:35:01,7.95,7.8,2400,8.8,2400,0,52800
ITC27Feb20240CE.NFO,07/01/2020,10:35:11,7.95,7.8,2400,8.7,2400,0,52800
ITC27Feb20240CE.NFO,07/01/2020,10:35:14,7.95,7.8,2400,8.9,2400,0,52800
ITC27Feb20240CE.NFO,07/01/2020,10:35:20,7.95,7.85,2400,8.9,2400,0,52800
ITC27Feb20240CE.NFO,07/01/2020,10:35:23,7.95,7.8,2400,8.9,2400,0,52800
ITC27Feb20240CE.NFO,07/01/2020,10:35:27,7.95,7.85,2400,8.9,2400,0,52800
ITC27Feb20240CE.NFO,07/01/2020,10:35:39,7.95,7.8,2400,8.9,2400,0,52800
ITC27Feb20240CE.NFO,07/01/2020,10:35:42,7.95,7.75,2400,8.9,2400,0,52800
ITC27Feb20240CE.NFO,07/01/2020,10:35:55,7.95,7.85,2400,8.9,2400,0,52800
ITC27Feb20240CE.NFO,07/01/2020,10:36:10,7.95,7.75,2400,8.9,2400,0,52800
ITC27Feb20240CE.NFO,07/01/2020,10:36:18,7.95,7.85,2400,8.9,2400,0,52800
ITC27Feb20240CE.NFO,07/01/2020,10:36:21,7.95,7.8,2400,8.9,2400,0,52800
ITC27Feb20240CE.NFO,07/01/2020,10:36:24,7.95,7.85,2400,8.9,2400,0,52800
ITC27Feb20240CE.NFO,07/01/2020,10:37:12,7.95,7.8,2400,8.9,2400,0,52800
ITC27Feb20240CE.NFO,07/01/2020,10:37:15,7.95,7.85,2400,8.9,2400,0,52800
ITC27Feb20240CE.NFO,07/01/2020,10:37:19,7.95,7.75,2400,8.9,2400,0,52800
ITC27Feb20240CE.NFO,07/01/2020,10:37:23,7.95,7.8,7200,8.9,2400,0,52800
ITC27Feb20240CE.NFO,07/01/2020,10:37:27,7.95,7.85,2400,8.9,2400,0,52800
ITC27Feb20240CE.NFO,07/01/2020,10:39:02,7.95,7.9,2400,8.9,2400,0,52800
ITC27Feb20240CE.NFO,07/01/2020,10:39:34,7.95,7.95,2400,8.9,2400,0,52800
ITC27Feb20240CE.NFO,07/01/2020,10:39:43,7.95,8,2400,8.9,2400,0,52800
ITC27Feb20240CE.NFO,07/01/2020,10:39:46,7.95,7.85,2400,8.9,2400,0,52800
ITC27Feb20240CE.NFO,07/01/2020,10:39:49,7.95,7.9,2400,8.9,2400,0,52800
ITC27Feb20240CE.NFO,07/01/2020,10:39:56,7.95,7.95,2400,8.9,2400,0,52800
ITC27Feb20240CE.NFO,07/01/2020,10:39:59,7.95,8.05,2400,8.9,2400,0,52800
ITC27Feb20240CE.NFO,07/01/2020,10:40:10,7.95,8,2400,8.9,2400,0,52800
ITC27Feb20240CE.NFO,07/01/2020,10:40:36,7.95,7.95,2400,8.9,2400,0,52800
ITC27Feb20240CE.NFO,07/01/2020,10:40:42,7.95,7.9,2400,8.9,2400,0,52800
ITC27Feb20240CE.NFO,07/01/2020,10:40:45,7.95,7.9,2400,8.8,2400,0,52800
ITC27Feb20240CE.NFO,07/01/2020,10:40:55,7.95,7.95,2400,8.8,2400,0,52800
ITC27Feb20240CE.NFO,07/01/2020,10:41:02,7.95,7.95,2400,8.9,2400,0,52800
ITC27Feb20240CE.NFO,07/01/2020,10:41:05,7.95,7.95,2400,8.8,2400,0,52800
ITC27Feb20240CE.NFO,07/01/2020,10:41:09,7.95,7.9,2400,8.8,2400,0,52800
ITC27Feb20240CE.NFO,07/01/2020,10:41:12,7.95,7.95,2400,8.8,2400,0,52800
ITC27Feb20240CE.NFO,07/01/2020,10:41:19,7.95,8,2400,8.8,2400,0,52800
ITC27Feb20240CE.NFO,07/01/2020,10:41:31,7.95,8,2400,8.9,2400,0,52800
ITC27Feb20240CE.NFO,07/01/2020,10:41:39,7.95,8,2400,8.8,2400,0,52800
ITC27Feb20240CE.NFO,07/01/2020,10:41:54,7.95,7.95,2400,8.8,2400,0,52800
ITC27Feb20240CE.NFO,07/01/2020,10:41:57,7.95,8,2400,8.8,2400,0,52800
ITC27Feb20240CE.NFO,07/01/2020,10:42:06,7.95,8,2400,8.9,2400,0,52800
ITC27Feb20240CE.NFO,07/01/2020,10:42:16,7.95,7.95,2400,8.9,2400,0,52800
ITC27Feb20240CE.NFO,07/01/2020,10:42:18,7.95,7.9,2400,8.9,2400,0,52800
ITC27Feb20240CE.NFO,07/01/2020,10:43:07,7.95,7.9,2400,8.8,2400,0,52800
ITC27Feb20240CE.NFO,07/01/2020,10:43:12,7.95,7.9,2400,8.9,2400,0,52800
ITC27Feb20240CE.NFO,07/01/2020,10:43:32,7.95,7.85,2400,8.9,2400,0,52800
ITC27Feb20240CE.NFO,07/01/2020,10:43:55,7.95,7.8,2400,8.8,2400,0,52800
ITC27Feb20240CE.NFO,07/01/2020,10:44:02,7.95,7.85,2400,8.8,2400,0,52800
ITC27Feb20240CE.NFO,07/01/2020,10:44:06,7.95,7.8,2400,8.8,2400,0,52800
ITC27Feb20240CE.NFO,07/01/2020,10:44:09,7.95,7.85,2400,8.8,2400,0,52800
ITC27Feb20240CE.NFO,07/01/2020,10:44:18,7.95,7.9,2400,8.8,2400,0,52800
ITC27Feb20240CE.NFO,07/01/2020,10:44:35,7.95,7.85,2400,8.8,2400,0,52800
ITC27Feb20240CE.NFO,07/01/2020,10:44:47,7.95,7.9,2400,8.8,2400,0,52800
ITC27Feb20240CE.NFO,07/01/2020,10:44:54,7.95,7.85,2400,8.8,2400,0,52800
ITC27Feb20240CE.NFO,07/01/2020,10:44:59,7.95,7.85,2400,8.9,2400,0,52800
ITC27Feb20240CE.NFO,07/01/2020,10:45:04,7.95,7.9,2400,8.9,2400,0,52800
ITC27Feb20240CE.NFO,07/01/2020,10:45:29,7.95,7.95,2400,8.9,2400,0,52800
ITC27Feb20240CE.NFO,07/01/2020,10:45:44,7.95,7.95,2400,8.8,2400,0,52800
ITC27Feb20240CE.NFO,07/01/2020,10:46:24,7.95,7.95,2400,8.9,2400,0,52800
ITC27Feb20240CE.NFO,07/01/2020,10:46:40,7.95,7.95,2400,8.8,2400,0,52800
ITC27Feb20240CE.NFO,07/01/2020,10:46:55,7.95,7.95,2400,8.9,2400,0,52800
ITC27Feb20240CE.NFO,07/01/2020,10:47:01,7.95,7.95,2400,8.8,2400,0,52800
ITC27Feb20240CE.NFO,07/01/2020,10:47:10,7.95,7.9,2400,8.8,2400,0,52800
ITC27Feb20240CE.NFO,07/01/2020,10:47:13,7.95,8.1,2400,8.8,2400,0,52800
ITC27Feb20240CE.NFO,07/01/2020,10:47:17,7.95,7.95,2400,8.8,2400,0,52800
ITC27Feb20240CE.NFO,07/01/2020,10:47:27,7.95,7.85,2400,8.8,2400,0,52800
ITC27Feb20240CE.NFO,07/01/2020,10:48:16,7.95,7.9,2400,8.8,2400,0,52800
ITC27Feb20240CE.NFO,07/01/2020,10:48:22,7.95,7.85,2400,8.8,2400,0,52800
ITC27Feb20240CE.NFO,07/01/2020,10:49:28,7.95,7.8,2400,8.8,2400,0,52800
ITC27Feb20240CE.NFO,07/01/2020,10:49:32,7.95,7.85,2400,8.8,2400,0,52800
ITC27Feb20240CE.NFO,07/01/2020,10:49:56,7.95,7.8,2400,8.8,2400,0,52800
ITC27Feb20240CE.NFO,07/01/2020,10:50:02,7.95,7.85,2400,8.8,2400,0,52800
ITC27Feb20240CE.NFO,07/01/2020,10:50:08,7.95,7.9,2400,8.8,2400,0,52800
ITC27Feb20240CE.NFO,07/01/2020,10:50:39,7.95,8,2400,8.8,2400,0,52800
ITC27Feb20240CE.NFO,07/01/2020,10:50:44,7.95,7.9,2400,8.8,2400,0,52800
ITC27Feb20240CE.NFO,07/01/2020,10:50:53,7.95,7.85,2400,8.8,2400,0,52800
ITC27Feb20240CE.NFO,07/01/2020,10:51:15,7.95,7.9,2400,8.8,2400,0,52800
ITC27Feb20240CE.NFO,07/01/2020,10:51:17,7.95,7.85,2400,8.8,2400,0,52800
ITC27Feb20240CE.NFO,07/01/2020,10:51:22,7.95,7.9,2400,8.8,2400,0,52800
ITC27Feb20240CE.NFO,07/01/2020,10:51:45,7.95,7.85,2400,8.8,2400,0,52800
ITC27Feb20240CE.NFO,07/01/2020,10:51:48,7.95,7.9,2400,8.8,2400,0,52800
ITC27Feb20240CE.NFO,07/01/2020,10:51:51,7.95,7.85,2400,8.8,2400,0,52800
ITC27Feb20240CE.NFO,07/01/2020,10:53:43,7.95,7.9,2400,8.8,2400,0,52800
ITC27Feb20240CE.NFO,07/01/2020,10:53:48,7.95,7.8,7200,8.8,2400,0,52800
ITC27Feb20240CE.NFO,07/01/2020,10:53:54,7.95,7.85,2400,8.8,2400,0,52800
ITC27Feb20240CE.NFO,07/01/2020,10:54:09,7.95,7.9,2400,8.8,2400,0,52800
ITC27Feb20240CE.NFO,07/01/2020,10:54:13,7.95,7.85,2400,8.8,2400,0,52800
ITC27Feb20240CE.NFO,07/01/2020,10:54:23,7.95,7.9,2400,8.8,2400,0,52800
ITC27Feb20240CE.NFO,07/01/2020,10:55:01,7.95,7.85,2400,8.8,2400,0,52800
ITC27Feb20240CE.NFO,07/01/2020,10:55:32,7.95,7.95,2400,8.8,2400,0,52800
ITC27Feb20240CE.NFO,07/01/2020,10:55:38,7.95,8.1,2400,8.8,2400,0,52800
ITC27Feb20240CE.NFO,07/01/2020,10:55:43,7.95,7.95,2400,8.8,2400,0,52800
ITC27Feb20240CE.NFO,07/01/2020,10:55:58,7.95,8.05,2400,8.8,2400,0,52800
ITC27Feb20240CE.NFO,07/01/2020,10:56:02,7.95,7.9,4800,8.8,2400,0,52800
ITC27Feb20240CE.NFO,07/01/2020,10:56:06,7.95,7.95,2400,8.8,2400,0,52800
ITC27Feb20240CE.NFO,07/01/2020,10:56:11,7.95,7.9,4800,8.8,2400,0,52800
ITC27Feb20240CE.NFO,07/01/2020,10:56:13,7.95,7.95,2400,8.8,2400,0,52800
ITC27Feb20240CE.NFO,07/01/2020,10:56:14,7.95,7.9,4800,8.8,2400,0,52800
ITC27Feb20240CE.NFO,07/01/2020,10:56:15,7.95,7.95,2400,8.8,2400,0,52800
ITC27Feb20240CE.NFO,07/01/2020,10:56:16,7.95,7.9,4800,8.8,2400,0,52800
ITC27Feb20240CE.NFO,07/01/2020,10:56:17,7.95,7.95,2400,8.8,2400,0,52800
ITC27Feb20240CE.NFO,07/01/2020,10:56:17,7.95,7.9,4800,8.8,2400,0,52800
ITC27Feb20240CE.NFO,07/01/2020,10:56:19,7.95,7.95,2400,8.8,2400,0,52800
ITC27Feb20240CE.NFO,07/01/2020,10:56:19,7.95,7.9,4800,8.8,2400,0,52800
ITC27Feb20240CE.NFO,07/01/2020,10:56:20,7.95,7.95,2400,8.8,2400,0,52800
ITC27Feb20240CE.NFO,07/01/2020,10:56:21,7.95,8.05,2400,8.8,2400,0,52800
ITC27Feb20240CE.NFO,07/01/2020,10:56:23,7.95,7.95,2400,8.8,2400,0,52800
ITC27Feb20240CE.NFO,07/01/2020,10:56:26,7.95,7.9,4800,8.8,2400,0,52800
ITC27Feb20240CE.NFO,07/01/2020,10:56:28,7.95,8,2400,8.8,2400,0,52800
ITC27Feb20240CE.NFO,07/01/2020,10:56:29,7.95,7.9,4800,8.8,2400,0,52800
ITC27Feb20240CE.NFO,07/01/2020,10:56:30,7.95,7.9,2400,8.8,2400,0,52800
ITC27Feb20240CE.NFO,07/01/2020,10:56:30,7.95,7.95,2400,8.8,2400,0,52800
ITC27Feb20240CE.NFO,07/01/2020,10:56:32,7.95,8,2400,8.8,2400,0,52800
ITC27Feb20240CE.NFO,07/01/2020,10:56:33,7.95,7.85,2400,8.8,2400,0,52800
ITC27Feb20240CE.NFO,07/01/2020,10:56:34,7.95,7.95,2400,8.8,2400,0,52800
ITC27Feb20240CE.NFO,07/01/2020,10:56:35,7.95,7.9,2400,8.8,2400,0,52800
ITC27Feb20240CE.NFO,07/01/2020,10:56:36,7.95,8,2400,8.8,2400,0,52800
ITC27Feb20240CE.NFO,07/01/2020,10:56:37,7.95,7.9,2400,8.8,2400,0,52800
ITC27Feb20240CE.NFO,07/01/2020,10:56:38,7.95,7.9,4800,8.8,2400,0,52800
ITC27Feb20240CE.NFO,07/01/2020,10:56:39,7.95,7.9,2400,8.8,2400,0,52800
ITC27Feb20240CE.NFO,07/01/2020,10:56:40,7.95,8.05,2400,8.8,2400,0,52800
ITC27Feb20240CE.NFO,07/01/2020,10:56:41,7.95,7.9,2400,8.8,2400,0,52800
ITC27Feb20240CE.NFO,07/01/2020,10:56:42,7.95,7.95,2400,8.8,2400,0,52800
ITC27Feb20240CE.NFO,07/01/2020,10:56:43,7.95,8,2400,8.8,2400,0,52800
ITC27Feb20240CE.NFO,07/01/2020,10:56:45,7.95,8.05,2400,8.8,2400,0,52800
ITC27Feb20240CE.NFO,07/01/2020,10:56:46,7.95,7.95,2400,8.8,2400,0,52800
ITC27Feb20240CE.NFO,07/01/2020,10:56:47,7.95,8,2400,8.8,2400,0,52800
ITC27Feb20240CE.NFO,07/01/2020,10:56:48,7.95,7.9,4800,8.8,2400,0,52800
ITC27Feb20240CE.NFO,07/01/2020,10:56:51,7.95,7.95,2400,8.8,2400,0,52800
ITC27Feb20240CE.NFO,07/01/2020,10:56:52,7.95,7.9,2400,8.8,2400,0,52800
ITC27Feb20240CE.NFO,07/01/2020,10:56:53,7.95,7.95,2400,8.8,2400,0,52800
ITC27Feb20240CE.NFO,07/01/2020,10:56:54,7.95,7.9,2400,8.8,2400,0,52800
ITC27Feb20240CE.NFO,07/01/2020,10:56:55,7.95,8,2400,8.8,2400,0,52800
ITC27Feb20240CE.NFO,07/01/2020,10:56:56,7.95,7.9,2400,8.8,2400,0,52800
ITC27Feb20240CE.NFO,07/01/2020,10:56:57,7.95,7.95,2400,8.8,2400,0,52800
ITC27Feb20240CE.NFO,07/01/2020,10:56:58,7.95,7.9,2400,8.8,2400,0,52800
ITC27Feb20240CE.NFO,07/01/2020,10:57:00,7.95,7.95,2400,8.8,2400,0,52800
ITC27Feb20240CE.NFO,07/01/2020,10:57:03,7.95,8.05,2400,8.8,2400,0,52800
ITC27Feb20240CE.NFO,07/01/2020,10:57:04,7.95,7.9,2400,8.8,2400,0,52800
ITC27Feb20240CE.NFO,07/01/2020,10:57:08,7.95,8.05,2400,8.8,2400,0,52800
ITC27Feb20240CE.NFO,07/01/2020,10:57:09,7.95,8,2400,8.8,2400,0,52800
ITC27Feb20240CE.NFO,07/01/2020,10:57:11,7.95,7.9,4800,8.8,2400,0,52800
ITC27Feb20240CE.NFO,07/01/2020,10:57:12,7.95,7.95,2400,8.8,2400,0,52800
ITC27Feb20240CE.NFO,07/01/2020,10:57:13,7.95,7.9,4800,8.8,2400,0,52800
ITC27Feb20240CE.NFO,07/01/2020,10:57:14,7.95,7.9,2400,8.8,2400,0,52800
ITC27Feb20240CE.NFO,07/01/2020,10:57:15,7.95,7.95,2400,8.8,2400,0,52800
ITC27Feb20240CE.NFO,07/01/2020,10:57:17,7.95,8,2400,8.8,2400,0,52800
ITC27Feb20240CE.NFO,07/01/2020,10:57:18,7.95,7.95,2400,8.8,2400,0,52800
ITC27Feb20240CE.NFO,07/01/2020,10:57:20,7.95,7.9,4800,8.8,2400,0,52800
ITC27Feb20240CE.NFO,07/01/2020,10:57:21,7.95,7.95,2400,8.8,2400,0,52800
ITC27Feb20240CE.NFO,07/01/2020,10:57:22,7.95,8.05,2400,8.8,2400,0,52800
ITC27Feb20240CE.NFO,07/01/2020,10:57:23,7.95,7.95,2400,8.8,2400,0,52800
ITC27Feb20240CE.NFO,07/01/2020,10:57:24,7.95,8.05,2400,8.8,2400,0,52800
ITC27Feb20240CE.NFO,07/01/2020,10:57:25,7.95,7.9,4800,8.8,2400,0,52800
ITC27Feb20240CE.NFO,07/01/2020,10:57:26,7.95,7.95,2400,8.8,2400,0,52800
ITC27Feb20240CE.NFO,07/01/2020,10:57:27,7.95,8,2400,8.8,2400,0,52800
ITC27Feb20240CE.NFO,07/01/2020,10:57:29,7.95,7.9,4800,8.8,2400,0,52800
ITC27Feb20240CE.NFO,07/01/2020,10:57:30,7.95,7.95,2400,8.8,2400,0,52800
ITC27Feb20240CE.NFO,07/01/2020,10:57:34,7.95,8,2400,8.8,2400,0,52800
ITC27Feb20240CE.NFO,07/01/2020,10:57:35,7.95,7.95,2400,8.8,2400,0,52800
ITC27Feb20240CE.NFO,07/01/2020,10:57:36,7.95,8,2400,8.8,2400,0,52800
ITC27Feb20240CE.NFO,07/01/2020,10:57:37,7.95,8.05,2400,8.8,2400,0,52800
ITC27Feb20240CE.NFO,07/01/2020,10:57:38,7.95,7.9,2400,8.8,2400,0,52800
ITC27Feb20240CE.NFO,07/01/2020,10:57:39,7.95,7.8,2400,8.8,2400,0,52800
ITC27Feb20240CE.NFO,07/01/2020,10:57:40,7.95,8,2400,8.8,2400,0,52800
ITC27Feb20240CE.NFO,07/01/2020,10:57:41,7.95,7.95,2400,8.8,2400,0,52800
ITC27Feb20240CE.NFO,07/01/2020,10:57:42,7.95,7.9,2400,8.8,2400,0,52800
ITC27Feb20240CE.NFO,07/01/2020,10:57:43,7.95,7.95,2400,8.8,2400,0,52800
ITC27Feb20240CE.NFO,07/01/2020,10:57:45,7.95,7.9,2400,8.8,2400,0,52800
ITC27Feb20240CE.NFO,07/01/2020,10:57:46,7.95,7.75,2400,8.8,2400,0,52800
ITC27Feb20240CE.NFO,07/01/2020,10:57:47,7.95,7.8,2400,8.8,2400,0,52800
ITC27Feb20240CE.NFO,07/01/2020,10:57:50,7.95,7.85,2400,8.8,2400,0,52800
ITC27Feb20240CE.NFO,07/01/2020,10:57:51,7.95,7.8,2400,8.8,2400,0,52800
ITC27Feb20240CE.NFO,07/01/2020,10:57:57,7.95,7.75,4800,8.8,2400,0,52800
ITC27Feb20240CE.NFO,07/01/2020,10:57:58,7.95,7.85,2400,8.8,2400,0,52800
ITC27Feb20240CE.NFO,07/01/2020,10:57:59,7.95,7.75,4800,8.8,2400,0,52800
ITC27Feb20240CE.NFO,07/01/2020,10:58:00,7.95,7.8,2400,8.8,2400,0,52800
ITC27Feb20240CE.NFO,07/01/2020,10:58:01,7.95,7.9,2400,8.8,2400,0,52800
ITC27Feb20240CE.NFO,07/01/2020,10:58:02,7.95,7.8,2400,8.8,2400,0,52800
ITC27Feb20240CE.NFO,07/01/2020,10:58:07,7.95,7.85,2400,8.8,2400,0,52800
ITC27Feb20240CE.NFO,07/01/2020,10:58:08,7.95,7.8,4800,8.8,2400,0,52800
ITC27Feb20240CE.NFO,07/01/2020,10:58:10,7.95,7.8,2400,8.8,2400,0,52800
ITC27Feb20240CE.NFO,07/01/2020,10:58:12,7.95,7.9,2400,8.8,2400,0,52800
ITC27Feb20240CE.NFO,07/01/2020,10:58:13,7.95,7.85,2400,8.8,2400,0,52800
ITC27Feb20240CE.NFO,07/01/2020,10:58:15,7.95,7.9,2400,8.8,2400,0,52800
ITC27Feb20240CE.NFO,07/01/2020,10:58:16,7.95,7.85,2400,8.8,2400,0,52800
ITC27Feb20240CE.NFO,07/01/2020,10:58:18,7.95,7.85,2400,8.7,2400,0,52800
ITC27Feb20240CE.NFO,07/01/2020,10:58:20,7.95,7.8,4800,8.6,2400,0,52800
ITC27Feb20240CE.NFO,07/01/2020,10:58:21,7.95,7.8,4800,8.8,2400,0,52800
ITC27Feb20240CE.NFO,07/01/2020,10:58:22,7.95,7.85,2400,8.7,2400,0,52800
ITC27Feb20240CE.NFO,07/01/2020,10:58:24,7.95,7.85,2400,8.8,2400,0,52800
ITC27Feb20240CE.NFO,07/01/2020,10:58:25,7.95,7.75,2400,8.8,2400,0,52800
ITC27Feb20240CE.NFO,07/01/2020,10:58:26,7.95,7.85,2400,8.8,2400,0,52800
ITC27Feb20240CE.NFO,07/01/2020,10:58:29,7.95,7.95,2400,8.8,2400,0,52800
ITC27Feb20240CE.NFO,07/01/2020,10:58:30,7.95,7.8,4800,8.8,2400,0,52800
ITC27Feb20240CE.NFO,07/01/2020,10:58:31,7.95,7.85,2400,8.8,2400,0,52800
ITC27Feb20240CE.NFO,07/01/2020,10:58:33,7.95,7.95,2400,8.8,2400,0,52800
ITC27Feb20240CE.NFO,07/01/2020,10:58:34,7.95,7.8,4800,8.8,2400,0,52800
ITC27Feb20240CE.NFO,07/01/2020,10:58:35,7.95,7.85,2400,8.8,2400,0,52800
ITC27Feb20240CE.NFO,07/01/2020,10:58:38,7.95,7.8,4800,8.8,2400,0,52800
ITC27Feb20240CE.NFO,07/01/2020,10:58:40,7.95,7.85,2400,8.8,2400,0,52800
ITC27Feb20240CE.NFO,07/01/2020,10:58:41,7.95,7.8,4800,8.8,2400,0,52800
ITC27Feb20240CE.NFO,07/01/2020,10:58:44,7.95,7.85,2400,8.8,2400,0,52800
ITC27Feb20240CE.NFO,07/01/2020,10:58:45,7.95,7.8,4800,8.8,2400,0,52800
ITC27Feb20240CE.NFO,07/01/2020,10:58:46,7.95,7.85,2400,8.8,2400,0,52800
ITC27Feb20240CE.NFO,07/01/2020,10:58:47,7.95,7.8,4800,8.8,2400,0,52800
ITC27Feb20240CE.NFO,07/01/2020,10:58:48,7.95,7.9,2400,8.8,2400,0,52800
ITC27Feb20240CE.NFO,07/01/2020,10:58:50,7.95,7.85,2400,8.8,2400,0,52800
ITC27Feb20240CE.NFO,07/01/2020,10:58:52,7.95,7.9,2400,8.8,2400,0,52800
ITC27Feb20240CE.NFO,07/01/2020,10:58:53,7.95,7.85,2400,8.8,2400,0,52800
ITC27Feb20240CE.NFO,07/01/2020,10:58:56,7.95,7.8,2400,8.8,2400,0,52800
ITC27Feb20240CE.NFO,07/01/2020,10:58:57,7.95,7.85,2400,8.8,2400,0,52800
ITC27Feb20240CE.NFO,07/01/2020,10:58:59,7.95,7.85,4800,8.8,2400,0,52800
ITC27Feb20240CE.NFO,07/01/2020,10:59:00,7.95,7.9,2400,8.8,2400,0,52800
ITC27Feb20240CE.NFO,07/01/2020,10:59:08,7.95,7.95,2400,8.8,2400,0,52800
ITC27Feb20240CE.NFO,07/01/2020,10:59:09,7.95,7.85,4800,8.8,2400,0,52800
ITC27Feb20240CE.NFO,07/01/2020,10:59:10,7.95,7.85,2400,8.8,2400,0,52800
ITC27Feb20240CE.NFO,07/01/2020,10:59:13,7.95,7.9,2400,8.8,2400,0,52800
ITC27Feb20240CE.NFO,07/01/2020,10:59:14,7.95,7.85,2400,8.8,2400,0,52800
ITC27Feb20240CE.NFO,07/01/2020,10:59:17,7.95,7.9,2400,8.8,2400,0,52800
ITC27Feb20240CE.NFO,07/01/2020,10:59:20,7.95,7.85,2400,8.8,2400,0,52800
ITC27Feb20240CE.NFO,07/01/2020,10:59:24,7.95,7.95,2400,8.8,2400,0,52800
ITC27Feb20240CE.NFO,07/01/2020,10:59:25,7.95,7.85,2400,8.8,2400,0,52800
ITC27Feb20240CE.NFO,07/01/2020,10:59:28,7.95,7.8,4800,8.8,2400,0,52800
ITC27Feb20240CE.NFO,07/01/2020,10:59:29,7.95,7.85,2400,8.8,2400,0,52800
ITC27Feb20240CE.NFO,07/01/2020,10:59:34,7.95,7.8,2400,8.8,2400,0,52800
ITC27Feb20240CE.NFO,07/01/2020,10:59:35,7.95,7.8,4800,8.8,2400,0,52800
ITC27Feb20240CE.NFO,07/01/2020,10:59:38,7.95,7.95,2400,8.8,2400,0,52800
ITC27Feb20240CE.NFO,07/01/2020,10:59:39,7.95,7.8,4800,8.8,2400,0,52800
ITC27Feb20240CE.NFO,07/01/2020,10:59:40,7.95,7.85,2400,8.8,2400,0,52800
ITC27Feb20240CE.NFO,07/01/2020,10:59:49,7.95,7.9,2400,8.8,2400,0,52800
ITC27Feb20240CE.NFO,07/01/2020,10:59:51,7.95,7.85,2400,8.8,2400,0,52800
ITC27Feb20240CE.NFO,07/01/2020,10:59:52,7.95,7.85,2400,8.9,2400,0,52800
ITC27Feb20240CE.NFO,07/01/2020,10:59:53,7.95,7.85,2400,8.8,2400,0,52800
ITC27Feb20240CE.NFO,07/01/2020,11:00:03,7.95,7.85,2400,8.7,2400,0,52800
ITC27Feb20240CE.NFO,07/01/2020,11:00:04,7.95,7.85,2400,8.8,2400,0,52800
ITC27Feb20240CE.NFO,07/01/2020,11:00:08,7.95,7.85,2400,8.9,2400,0,52800
ITC27Feb20240CE.NFO,07/01/2020,11:00:09,7.95,7.85,2400,8.8,2400,0,52800
ITC27Feb20240CE.NFO,07/01/2020,11:00:57,7.95,7.7,7200,8.8,2400,0,52800
ITC27Feb20240CE.NFO,07/01/2020,11:01:04,7.95,7.75,2400,8.6,2400,0,52800
ITC27Feb20240CE.NFO,07/01/2020,11:01:12,7.95,7.75,2400,8.7,2400,0,52800
ITC27Feb20240CE.NFO,07/01/2020,11:01:19,7.95,7.75,2400,8.6,2400,0,52800
ITC27Feb20240CE.NFO,07/01/2020,11:01:35,7.95,7.75,2400,8.7,2400,0,52800
ITC27Feb20240CE.NFO,07/01/2020,11:01:42,7.95,7.75,2400,8.8,2400,0,52800
ITC27Feb20240CE.NFO,07/01/2020,11:01:50,7.95,7.75,2400,8.7,2400,0,52800
ITC27Feb20240CE.NFO,07/01/2020,11:01:58,7.95,7.7,2400,8.8,2400,0,52800
ITC27Feb20240CE.NFO,07/01/2020,11:02:05,7.95,7.75,2400,8.7,2400,0,52800
ITC27Feb20240CE.NFO,07/01/2020,11:02:12,7.95,7.75,2400,8.6,2400,0,52800
ITC27Feb20240CE.NFO,07/01/2020,11:02:19,7.95,7.75,2400,8.8,2400,0,52800
ITC27Feb20240CE.NFO,07/01/2020,11:02:25,7.95,7.8,2400,8.8,2400,0,52800
ITC27Feb20240CE.NFO,07/01/2020,11:02:31,7.95,7.7,2400,8.7,2400,0,52800
ITC27Feb20240CE.NFO,07/01/2020,11:02:38,7.95,7.7,2400,8.9,2400,0,52800
ITC27Feb20240CE.NFO,07/01/2020,11:02:44,7.95,7.7,2400,8.8,2400,0,52800
ITC27Feb20240CE.NFO,07/01/2020,11:02:50,7.95,7.75,2400,8.6,2400,0,52800
ITC27Feb20240CE.NFO,07/01/2020,11:02:57,7.95,7.7,2400,8.7,2400,0,52800
ITC27Feb20240CE.NFO,07/01/2020,11:03:03,7.95,7.7,2400,8.6,2400,0,52800
ITC27Feb20240CE.NFO,07/01/2020,11:03:10,7.95,7.7,2400,8.7,2400,0,52800
ITC27Feb20240CE.NFO,07/01/2020,11:03:17,7.95,7.7,2400,8.8,2400,0,52800
ITC27Feb20240CE.NFO,07/01/2020,11:03:30,7.95,7.7,2400,8.6,2400,0,52800
ITC27Feb20240CE.NFO,07/01/2020,11:03:44,7.95,7.7,2400,8.8,2400,0,52800
ITC27Feb20240CE.NFO,07/01/2020,11:03:52,7.95,7.7,2400,8.6,2400,0,52800
ITC27Feb20240CE.NFO,07/01/2020,11:04:05,7.95,7.65,2400,8.8,2400,0,52800
ITC27Feb20240CE.NFO,07/01/2020,11:04:11,7.95,7.7,2400,8.6,2400,0,52800
ITC27Feb20240CE.NFO,07/01/2020,11:04:18,7.95,7.7,2400,8.8,2400,0,52800
ITC27Feb20240CE.NFO,07/01/2020,11:04:24,7.95,7.7,2400,8.6,2400,0,52800
ITC27Feb20240CE.NFO,07/01/2020,11:04:31,7.95,7.7,2400,8.7,2400,0,52800
ITC27Feb20240CE.NFO,07/01/2020,11:04:38,7.95,7.7,2400,8.9,2400,0,52800
ITC27Feb20240CE.NFO,07/01/2020,11:04:45,7.95,7.7,2400,8.7,2400,0,52800
ITC27Feb20240CE.NFO,07/01/2020,11:04:52,7.95,7.7,2400,8.6,2400,0,52800
ITC27Feb20240CE.NFO,07/01/2020,11:05:12,7.95,7.7,2400,8.7,2400,0,52800
ITC27Feb20240CE.NFO,07/01/2020,11:05:19,7.95,7.8,2400,8.7,2400,0,52800
ITC27Feb20240CE.NFO,07/01/2020,11:05:26,7.95,7.65,4800,8.6,2400,0,52800
ITC27Feb20240CE.NFO,07/01/2020,11:05:33,7.95,7.65,4800,8.8,2400,0,52800
ITC27Feb20240CE.NFO,07/01/2020,11:05:40,7.95,7.7,2400,8.6,2400,0,52800
ITC27Feb20240CE.NFO,07/01/2020,11:05:53,7.95,7.7,2400,8.9,2400,0,52800
ITC27Feb20240CE.NFO,07/01/2020,11:06:01,7.95,7.7,2400,8.6,2400,0,52800
ITC27Feb20240CE.NFO,07/01/2020,11:06:07,7.95,7.7,2400,8.8,2400,0,52800
ITC27Feb20240CE.NFO,07/01/2020,11:06:21,7.95,7.7,2400,8.8,4800,0,52800
ITC27Feb20240CE.NFO,07/01/2020,11:06:27,7.95,7.7,2400,8.6,2400,0,52800
ITC27Feb20240CE.NFO,07/01/2020,11:06:32,7.95,7.7,2400,8.8,2400,0,52800
ITC27Feb20240CE.NFO,07/01/2020,11:06:38,7.95,7.7,2400,8.6,2400,0,52800
ITC27Feb20240CE.NFO,07/01/2020,11:06:58,7.95,7.7,2400,8.7,2400,0,52800
ITC27Feb20240CE.NFO,07/01/2020,11:07:03,7.95,7.7,2400,8.8,2400,0,52800
ITC27Feb20240CE.NFO,07/01/2020,11:07:09,7.95,7.75,2400,8.8,2400,0,52800
ITC27Feb20240CE.NFO,07/01/2020,11:07:14,7.95,7.65,4800,8.8,2400,0,52800
ITC27Feb20240CE.NFO,07/01/2020,11:07:19,7.95,7.7,2400,8.6,2400,0,52800
ITC27Feb20240CE.NFO,07/01/2020,11:07:24,7.95,7.7,2400,8.8,2400,0,52800
ITC27Feb20240CE.NFO,07/01/2020,11:07:29,7.95,7.65,7200,8.8,2400,0,52800
ITC27Feb20240CE.NFO,07/01/2020,11:07:34,7.95,7.65,7200,8.6,2400,0,52800
ITC27Feb20240CE.NFO,07/01/2020,11:07:40,7.95,7.7,2400,8.8,2400,0,52800
ITC27Feb20240CE.NFO,07/01/2020,11:07:46,7.95,7.7,2400,8.6,2400,0,52800
ITC27Feb20240CE.NFO,07/01/2020,11:08:01,7.95,7.7,2400,8.7,2400,0,52800
ITC27Feb20240CE.NFO,07/01/2020,11:08:06,7.95,7.7,2400,8.8,2400,0,52800
ITC27Feb20240CE.NFO,07/01/2020,11:08:15,7.95,7.7,2400,8.7,2400,0,52800
ITC27Feb20240CE.NFO,07/01/2020,11:08:21,7.95,7.7,2400,8.8,2400,0,52800
ITC27Feb20240CE.NFO,07/01/2020,11:08:32,7.95,7.75,2400,8.8,2400,0,52800
ITC27Feb20240CE.NFO,07/01/2020,11:08:37,7.95,7.75,2400,8.6,2400,0,52800
ITC27Feb20240CE.NFO,07/01/2020,11:08:46,7.95,7.75,2400,8.7,2400,0,52800
ITC27Feb20240CE.NFO,07/01/2020,11:08:51,7.95,7.75,2400,8.6,2400,0,52800
ITC27Feb20240CE.NFO,07/01/2020,11:08:56,7.95,7.75,2400,8.8,2400,0,52800
ITC27Feb20240CE.NFO,07/01/2020,11:09:06,7.95,7.8,2400,8.8,2400,0,52800
ITC27Feb20240CE.NFO,07/01/2020,11:09:10,7.95,7.75,2400,8.8,2400,0,52800
ITC27Feb20240CE.NFO,07/01/2020,11:09:25,7.95,7.8,2400,8.05,12000,0,52800
ITC27Feb20240CE.NFO,07/01/2020,11:10:04,7.95,7.75,2400,8.05,12000,0,52800
ITC27Feb20240CE.NFO,07/01/2020,11:10:33,7.95,7.7,2400,8.05,12000,0,52800
ITC27Feb20240CE.NFO,07/01/2020,11:10:59,7.95,7.6,2400,8.05,12000,0,52800
ITC27Feb20240CE.NFO,07/01/2020,11:11:15,7.95,7.2,2400,8.05,12000,0,52800
ITC27Feb20240CE.NFO,07/01/2020,11:11:21,7.95,7.45,2400,8.05,12000,0,52800
ITC27Feb20240CE.NFO,07/01/2020,11:11:28,7.95,7.5,2400,7.75,12000,0,52800
ITC27Feb20240CE.NFO,07/01/2020,11:11:36,7.95,7.3,2400,7.75,12000,0,52800
ITC27Feb20240CE.NFO,07/01/2020,11:11:50,7.95,7.4,2400,7.75,12000,0,52800
ITC27Feb20240CE.NFO,07/01/2020,11:12:03,7.95,7.25,2400,7.75,12000,0,52800
ITC27Feb20240CE.NFO,07/01/2020,11:12:11,7.95,7.4,2400,7.75,12000,0,52800
ITC27Feb20240CE.NFO,07/01/2020,11:12:12,7.95,7.35,2400,7.75,12000,0,52800
ITC27Feb20240CE.NFO,07/01/2020,11:12:25,7.95,7.35,4800,7.8,12000,0,52800
ITC27Feb20240CE.NFO,07/01/2020,11:12:26,7.95,7.45,2400,7.9,12000,0,52800
ITC27Feb20240CE.NFO,07/01/2020,11:12:32,7.95,7.5,2400,7.9,12000,0,52800
ITC27Feb20240CE.NFO,07/01/2020,11:12:33,7.95,7.35,2400,7.9,12000,0,52800
ITC27Feb20240CE.NFO,07/01/2020,11:12:39,7.95,7.3,2400,7.9,12000,0,52800
ITC27Feb20240CE.NFO,07/01/2020,11:12:43,7.95,7.3,2400,7.6,12000,0,52800
ITC27Feb20240CE.NFO,07/01/2020,11:12:44,7.95,7.3,2400,7.75,12000,0,52800
ITC27Feb20240CE.NFO,07/01/2020,11:12:48,7.95,7.35,2400,7.75,12000,0,52800
ITC27Feb20240CE.NFO,07/01/2020,11:12:53,7.95,7.3,2400,7.75,12000,0,52800
ITC27Feb20240CE.NFO,07/01/2020,11:12:58,7.95,7.25,2400,8.85,31200,0,52800
ITC27Feb20240CE.NFO,07/01/2020,11:12:59,7.95,6.95,2400,8.4,4800,0,52800
ITC27Feb20240CE.NFO,07/01/2020,11:13:00,7.95,7.15,2400,8.4,2400,0,52800
ITC27Feb20240CE.NFO,07/01/2020,11:13:01,7.95,7.35,2400,8.3,2400,0,52800
ITC27Feb20240CE.NFO,07/01/2020,11:13:02,7.95,7.3,2400,8.3,2400,0,52800
ITC27Feb20240CE.NFO,07/01/2020,11:13:03,7.95,7.15,2400,8.5,2400,0,52800
ITC27Feb20240CE.NFO,07/01/2020,11:13:05,7.95,7.3,2400,8.3,2400,0,52800
ITC27Feb20240CE.NFO,07/01/2020,11:13:06,7.95,7.35,2400,8.4,2400,0,52800
ITC27Feb20240CE.NFO,07/01/2020,11:13:08,7.95,7.15,2400,8.3,2400,0,52800
ITC27Feb20240CE.NFO,07/01/2020,11:13:08,7.95,7.2,2400,8.5,2400,0,52800
ITC27Feb20240CE.NFO,07/01/2020,11:13:09,7.95,7.35,2400,8.6,4800,0,52800
ITC27Feb20240CE.NFO,07/01/2020,11:13:10,7.95,7.05,2400,8.5,2400,0,52800
ITC27Feb20240CE.NFO,07/01/2020,11:13:11,7.95,7.25,2400,8.5,2400,0,52800
ITC27Feb20240CE.NFO,07/01/2020,11:13:12,7.95,7.3,2400,8.5,2400,0,52800
ITC27Feb20240CE.NFO,07/01/2020,11:13:16,7.95,7.1,2400,8.3,2400,0,52800
ITC27Feb20240CE.NFO,07/01/2020,11:13:22,7.95,7.15,2400,8.3,2400,0,52800
ITC27Feb20240CE.NFO,07/01/2020,11:13:27,7.95,7.35,2400,8.4,2400,0,52800
ITC27Feb20240CE.NFO,07/01/2020,11:13:33,7.95,7.1,2400,8.3,2400,0,52800
ITC27Feb20240CE.NFO,07/01/2020,11:13:39,7.95,6.95,2400,8.4,2400,0,52800
ITC27Feb20240CE.NFO,07/01/2020,11:13:45,7.95,7,2400,8.2,2400,0,52800
ITC27Feb20240CE.NFO,07/01/2020,11:13:51,7.95,7,2400,8.6,2400,0,52800
ITC27Feb20240CE.NFO,07/01/2020,11:13:57,7.95,7.45,2400,8.6,2400,0,52800
ITC27Feb20240CE.NFO,07/01/2020,11:14:02,7.95,7.1,2400,8.4,2400,0,52800
ITC27Feb20240CE.NFO,07/01/2020,11:14:07,7.95,7.1,2400,8.35,2400,0,52800
ITC27Feb20240CE.NFO,07/01/2020,11:14:13,7.95,7.35,2400,8.65,4800,0,52800
ITC27Feb20240CE.NFO,07/01/2020,11:14:13,7.95,7.05,2400,8.25,2400,0,52800
ITC27Feb20240CE.NFO,07/01/2020,11:14:14,7.95,7.15,2400,8.25,2400,0,52800
ITC27Feb20240CE.NFO,07/01/2020,11:14:16,7.95,7.45,2400,8.65,2400,0,52800
ITC27Feb20240CE.NFO,07/01/2020,11:14:17,7.95,7.4,2400,8.65,2400,0,52800
ITC27Feb20240CE.NFO,07/01/2020,11:14:17,7.95,7.25,2400,8.65,4800,0,52800
ITC27Feb20240CE.NFO,07/01/2020,11:14:18,7.95,7.4,2400,8.2,2400,0,52800
ITC27Feb20240CE.NFO,07/01/2020,11:14:19,7.95,7.15,2400,8.4,2400,0,52800
ITC27Feb20240CE.NFO,07/01/2020,11:14:20,7.95,7.05,2400,8.4,2400,0,52800
ITC27Feb20240CE.NFO,07/01/2020,11:14:21,7.95,7.05,2400,8.6,2400,0,52800
ITC27Feb20240CE.NFO,07/01/2020,11:14:22,7.95,7.5,2400,8.6,2400,0,52800
ITC27Feb20240CE.NFO,07/01/2020,11:14:23,7.95,7.25,2400,8.5,2400,0,52800
ITC27Feb20240CE.NFO,07/01/2020,11:14:24,7.95,7.15,2400,8.4,2400,0,52800
ITC27Feb20240CE.NFO,07/01/2020,11:14:26,7.95,7.4,2400,8.6,2400,0,52800
ITC27Feb20240CE.NFO,07/01/2020,11:14:26,7.95,7.3,4800,8.6,2400,0,52800
ITC27Feb20240CE.NFO,07/01/2020,11:14:27,7.95,7.45,2400,8.7,4800,0,52800
ITC27Feb20240CE.NFO,07/01/2020,11:14:28,7.95,7.4,2400,8.6,2400,0,52800
ITC27Feb20240CE.NFO,07/01/2020,11:14:30,7.95,7.35,2400,8.6,2400,0,52800
ITC27Feb20240CE.NFO,07/01/2020,11:14:31,7.95,7.5,2400,8.6,2400,0,52800
ITC27Feb20240CE.NFO,07/01/2020,11:14:32,7.95,7.4,2400,8.65,2400,0,52800
ITC27Feb20240CE.NFO,07/01/2020,11:14:34,7.95,7.05,2400,8.75,19200,0,52800
ITC27Feb20240CE.NFO,07/01/2020,11:14:35,7.95,7.45,2400,8.65,2400,0,52800
ITC27Feb20240CE.NFO,07/01/2020,11:14:36,7.95,7.15,2400,8.35,2400,0,52800
ITC27Feb20240CE.NFO,07/01/2020,11:14:37,7.95,7.25,2400,8.45,2400,0,52800
ITC27Feb20240CE.NFO,07/01/2020,11:14:38,7.95,7.35,2400,8.45,2400,0,52800
ITC27Feb20240CE.NFO,07/01/2020,11:14:39,7.95,7.45,2400,8.45,2400,0,52800
ITC27Feb20240CE.NFO,07/01/2020,11:14:40,7.95,7.05,2400,8.45,2400,0,52800
ITC27Feb20240CE.NFO,07/01/2020,11:14:41,7.95,7.55,2400,8.45,2400,0,52800
ITC27Feb20240CE.NFO,07/01/2020,11:14:42,7.95,7.55,2400,8.65,2400,0,52800
ITC27Feb20240CE.NFO,07/01/2020,11:14:43,7.95,7.2,2400,8.45,2400,0,52800
ITC27Feb20240CE.NFO,07/01/2020,11:14:45,7.95,7.4,2400,8.55,2400,0,52800
ITC27Feb20240CE.NFO,07/01/2020,11:14:45,7.95,7.15,2400,8.45,2400,0,52800
ITC27Feb20240CE.NFO,07/01/2020,11:14:46,7.95,7.25,2400,8.75,14400,0,52800
ITC27Feb20240CE.NFO,07/01/2020,11:14:47,7.95,7.35,2400,8.4,2400,0,52800
ITC27Feb20240CE.NFO,07/01/2020,11:14:48,7.95,7.4,2400,8.4,2400,0,52800
ITC27Feb20240CE.NFO,07/01/2020,11:14:49,7.95,7.45,2400,8.5,2400,0,52800
ITC27Feb20240CE.NFO,07/01/2020,11:14:50,7.95,7.15,2400,8.6,2400,0,52800
ITC27Feb20240CE.NFO,07/01/2020,11:14:51,7.95,7.45,2400,8.5,2400,0,52800
ITC27Feb20240CE.NFO,07/01/2020,11:14:53,7.95,7.5,2400,8.4,2400,0,52800
ITC27Feb20240CE.NFO,07/01/2020,11:14:53,7.95,7.1,2400,8.4,2400,0,52800
ITC27Feb20240CE.NFO,07/01/2020,11:14:54,7.95,7.2,2400,8.6,2400,0,52800
ITC27Feb20240CE.NFO,07/01/2020,11:14:55,7.95,7.35,4800,8.4,2400,0,52800
ITC27Feb20240CE.NFO,07/01/2020,11:14:56,7.95,7.35,2400,8.4,2400,0,52800
ITC27Feb20240CE.NFO,07/01/2020,11:14:57,7.95,7,2400,8.7,14400,0,52800
ITC27Feb20240CE.NFO,07/01/2020,11:14:58,7.95,7,2400,8.3,2400,0,52800
ITC27Feb20240CE.NFO,07/01/2020,11:14:59,7.95,7.2,2400,8.6,2400,0,52800
ITC27Feb20240CE.NFO,07/01/2020,11:15:00,7.95,7.45,2400,8.6,2400,0,52800
ITC27Feb20240CE.NFO,07/01/2020,11:15:01,7.95,7.4,2400,8.6,2400,0,52800
ITC27Feb20240CE.NFO,07/01/2020,11:15:03,7.95,7.3,2400,8.5,2400,0,52800
ITC27Feb20240CE.NFO,07/01/2020,11:15:03,7.95,7.45,2400,8.4,2400,0,52800
ITC27Feb20240CE.NFO,07/01/2020,11:15:04,7.95,7.4,2400,8.4,2400,0,52800
ITC27Feb20240CE.NFO,07/01/2020,11:15:05,7.95,7,2400,8.4,2400,0,52800
ITC27Feb20240CE.NFO,07/01/2020,11:15:06,7.95,7.1,2400,8.4,2400,0,52800
ITC27Feb20240CE.NFO,07/01/2020,11:15:07,7.95,7.3,2400,8.4,2400,0,52800
ITC27Feb20240CE.NFO,07/01/2020,11:15:08,7.95,7.4,2400,8.6,2400,0,52800
ITC27Feb20240CE.NFO,07/01/2020,11:15:09,7.95,7.25,2400,8.65,2400,0,52800
ITC27Feb20240CE.NFO,07/01/2020,11:15:10,7.95,7.05,2400,8.65,2400,0,52800
ITC27Feb20240CE.NFO,07/01/2020,11:15:11,7.95,7,2400,8.65,2400,0,52800
ITC27Feb20240CE.NFO,07/01/2020,11:15:12,7.95,7,2400,8.45,2400,0,52800
ITC27Feb20240CE.NFO,07/01/2020,11:15:13,7.95,7.15,2400,8.55,2400,0,52800
ITC27Feb20240CE.NFO,07/01/2020,11:15:14,7.95,7.1,2400,8.45,2400,0,52800
ITC27Feb20240CE.NFO,07/01/2020,11:15:16,7.95,7.2,2400,8.45,2400,0,52800
ITC27Feb20240CE.NFO,07/01/2020,11:15:16,7.95,7.35,2400,8.65,2400,0,52800
ITC27Feb20240CE.NFO,07/01/2020,11:15:17,7.95,7,2400,8.65,2400,0,52800
ITC27Feb20240CE.NFO,07/01/2020,11:15:18,7.95,7.15,2400,8.55,2400,0,52800
ITC27Feb20240CE.NFO,07/01/2020,11:15:19,7.95,7.15,2400,8.45,2400,0,52800
ITC27Feb20240CE.NFO,07/01/2020,11:15:20,7.95,7.05,2400,8.35,2400,0,52800
ITC27Feb20240CE.NFO,07/01/2020,11:15:21,7.95,7.3,2400,8.45,2400,0,52800
ITC27Feb20240CE.NFO,07/01/2020,11:15:22,7.95,7.25,2400,8.25,2400,0,52800
ITC27Feb20240CE.NFO,07/01/2020,11:15:25,7.95,7.15,2400,8.45,2400,0,52800
ITC27Feb20240CE.NFO,07/01/2020,11:15:27,7.95,7.25,2400,8.25,2400,0,52800
ITC27Feb20240CE.NFO,07/01/2020,11:15:28,7.95,7.1,2400,8.35,2400,0,52800
ITC27Feb20240CE.NFO,07/01/2020,11:15:29,7.95,7.1,2400,8.45,2400,0,52800
ITC27Feb20240CE.NFO,07/01/2020,11:15:30,7.95,7,2400,8.65,2400,0,52800
ITC27Feb20240CE.NFO,07/01/2020,11:15:31,7.95,7.35,2400,8.65,2400,0,52800
ITC27Feb20240CE.NFO,07/01/2020,11:15:34,7.95,7.15,2400,8.55,4800,0,52800
ITC27Feb20240CE.NFO,07/01/2020,11:15:34,7.95,7.15,2400,8.45,2400,0,52800
ITC27Feb20240CE.NFO,07/01/2020,11:15:35,7.95,7.15,2400,8.35,2400,0,52800
ITC27Feb20240CE.NFO,07/01/2020,11:15:36,7.95,7.05,2400,8.35,2400,0,52800
ITC27Feb20240CE.NFO,07/01/2020,11:15:37,7.95,7.05,2400,8.65,2400,0,52800
ITC27Feb20240CE.NFO,07/01/2020,11:15:38,7.95,7.4,2400,8.65,7200,0,52800
ITC27Feb20240CE.NFO,07/01/2020,11:15:39,7.95,7.15,2400,8.45,2400,0,52800
ITC27Feb20240CE.NFO,07/01/2020,11:15:40,7.95,7.2,2400,8.35,2400,0,52800
ITC27Feb20240CE.NFO,07/01/2020,11:15:41,7.95,7.1,2400,8.35,2400,0,52800
ITC27Feb20240CE.NFO,07/01/2020,11:15:42,7.95,7.1,2400,8.55,2400,0,52800
ITC27Feb20240CE.NFO,07/01/2020,11:15:43,7.95,7,2400,8.55,2400,0,52800
ITC27Feb20240CE.NFO,07/01/2020,11:15:44,7.95,7.2,2400,8.45,2400,0,52800
ITC27Feb20240CE.NFO,07/01/2020,11:15:45,7.95,7.2,2400,8.55,2400,0,52800
ITC27Feb20240CE.NFO,07/01/2020,11:15:46,7.95,7.1,2400,8.55,2400,0,52800
ITC27Feb20240CE.NFO,07/01/2020,11:15:48,7.95,7.05,2400,8.55,2400,0,52800
ITC27Feb20240CE.NFO,07/01/2020,11:15:48,7.95,7.3,4800,8.55,2400,0,52800
ITC27Feb20240CE.NFO,07/01/2020,11:15:49,7.95,7.4,2400,8.65,2400,0,52800
ITC27Feb20240CE.NFO,07/01/2020,11:15:50,7.95,7.4,2400,8.45,2400,0,52800
ITC27Feb20240CE.NFO,07/01/2020,11:15:51,7.95,7.1,2400,8.45,2400,0,52800
ITC27Feb20240CE.NFO,07/01/2020,11:15:52,7.95,7.1,2400,8.65,2400,0,52800
ITC27Feb20240CE.NFO,07/01/2020,11:15:53,7.95,7.25,2400,8.55,2400,0,52800
ITC27Feb20240CE.NFO,07/01/2020,11:15:55,7.95,7.35,2400,8.35,2400,0,52800
ITC27Feb20240CE.NFO,07/01/2020,11:15:55,7.95,6.95,2400,8.35,2400,0,52800
ITC27Feb20240CE.NFO,07/01/2020,11:15:56,7.95,7.45,2400,8.35,2400,0,52800
ITC27Feb20240CE.NFO,07/01/2020,11:15:57,7.95,7.35,2400,8.35,2400,0,52800
ITC27Feb20240CE.NFO,07/01/2020,11:15:58,7.95,7.2,2400,8.35,2400,0,52800
ITC27Feb20240CE.NFO,07/01/2020,11:15:59,7.95,7.35,2400,8.35,2400,0,52800
ITC27Feb20240CE.NFO,07/01/2020,11:16:00,7.95,7.35,2400,8.45,2400,0,52800
ITC27Feb20240CE.NFO,07/01/2020,11:16:01,7.95,7.25,2400,8.35,2400,0,52800
ITC27Feb20240CE.NFO,07/01/2020,11:16:03,7.95,6.95,2400,8.45,2400,0,52800
ITC27Feb20240CE.NFO,07/01/2020,11:16:03,7.95,7.3,2400,8.45,2400,0,52800
ITC27Feb20240CE.NFO,07/01/2020,11:16:04,7.95,7.35,2400,8.35,2400,0,52800
ITC27Feb20240CE.NFO,07/01/2020,11:16:06,7.95,7.25,2400,8.65,2400,0,52800
ITC27Feb20240CE.NFO,07/01/2020,11:16:06,7.95,7.05,2400,8.55,2400,0,52800
ITC27Feb20240CE.NFO,07/01/2020,11:16:08,7.95,7.35,2400,8.55,2400,0,52800
ITC27Feb20240CE.NFO,07/01/2020,11:16:09,7.95,7.35,2400,8.45,2400,0,52800
ITC27Feb20240CE.NFO,07/01/2020,11:16:10,7.95,7.1,2400,8.45,2400,0,52800
ITC27Feb20240CE.NFO,07/01/2020,11:16:11,7.95,7.4,2400,8.45,2400,0,52800
ITC27Feb20240CE.NFO,07/01/2020,11:16:13,7.95,7.25,4800,8.45,2400,0,52800
ITC27Feb20240CE.NFO,07/01/2020,11:16:14,7.95,7.4,2400,8.45,2400,0,52800
ITC27Feb20240CE.NFO,07/01/2020,11:16:15,7.95,7.1,2400,8.65,2400,0,52800
ITC27Feb20240CE.NFO,07/01/2020,11:16:16,7.95,7.3,2400,8.65,2400,0,52800
ITC27Feb20240CE.NFO,07/01/2020,11:16:18,7.95,7.35,2400,8.55,2400,0,52800
ITC27Feb20240CE.NFO,07/01/2020,11:16:18,7.95,6.95,2400,8.45,2400,0,52800
ITC27Feb20240CE.NFO,07/01/2020,11:16:19,7.95,7.3,2400,8.5,2400,0,52800
ITC27Feb20240CE.NFO,07/01/2020,11:16:20,7.95,7.2,2400,8.65,2400,0,52800
ITC27Feb20240CE.NFO,07/01/2020,11:16:21,7.95,7.25,4800,8.65,2400,0,52800
ITC27Feb20240CE.NFO,07/01/2020,11:16:22,7.95,7,2400,8.65,2400,0,52800
ITC27Feb20240CE.NFO,07/01/2020,11:16:23,7.95,7.25,4800,8.55,2400,0,52800
ITC27Feb20240CE.NFO,07/01/2020,11:16:24,7.95,7.2,2400,8.45,2400,0,52800
ITC27Feb20240CE.NFO,07/01/2020,11:16:25,7.95,7.35,2400,8.45,2400,0,52800
ITC27Feb20240CE.NFO,07/01/2020,11:16:26,7.95,7.3,2400,8.65,2400,0,52800
ITC27Feb20240CE.NFO,07/01/2020,11:16:27,7.95,7.3,2400,8.55,2400,0,52800
ITC27Feb20240CE.NFO,07/01/2020,11:16:28,7.95,7.35,2400,8.45,2400,0,52800
ITC27Feb20240CE.NFO,07/01/2020,11:16:31,7.95,7.2,2400,8.45,2400,0,52800
ITC27Feb20240CE.NFO,07/01/2020,11:16:32,7.95,7.3,4800,8.65,2400,0,52800
ITC27Feb20240CE.NFO,07/01/2020,11:16:33,7.95,7.45,2400,8.35,2400,0,52800
ITC27Feb20240CE.NFO,07/01/2020,11:16:34,7.95,7.15,2400,8.45,2400,0,52800
ITC27Feb20240CE.NFO,07/01/2020,11:16:35,7.95,7.3,4800,8.65,2400,0,52800
ITC27Feb20240CE.NFO,07/01/2020,11:16:36,7.95,7.35,2400,8.65,2400,0,52800
ITC27Feb20240CE.NFO,07/01/2020,11:16:37,7.95,7.35,2400,8.55,2400,0,52800
ITC27Feb20240CE.NFO,07/01/2020,11:16:38,7.95,7.05,2400,8.45,2400,0,52800
ITC27Feb20240CE.NFO,07/01/2020,11:16:39,7.95,7.3,4800,8.65,2400,0,52800
ITC27Feb20240CE.NFO,07/01/2020,11:16:40,7.95,7.15,2400,8.55,2400,0,52800
ITC27Feb20240CE.NFO,07/01/2020,11:16:41,7.95,7.05,2400,8.55,2400,0,52800
ITC27Feb20240CE.NFO,07/01/2020,11:16:43,7.95,7.45,2400,8.75,24000,0,52800
ITC27Feb20240CE.NFO,07/01/2020,11:16:44,7.95,7,2400,8.35,2400,0,52800
ITC27Feb20240CE.NFO,07/01/2020,11:16:46,7.95,7,2400,8.65,2400,0,52800
ITC27Feb20240CE.NFO,07/01/2020,11:16:46,7.95,7.35,4800,8.65,2400,0,52800
ITC27Feb20240CE.NFO,07/01/2020,11:16:47,7.95,7.45,2400,8.65,2400,0,52800
ITC27Feb20240CE.NFO,07/01/2020,11:16:48,7.95,7.35,2400,8.45,2400,0,52800
ITC27Feb20240CE.NFO,07/01/2020,11:16:49,7.95,7.05,2400,8.45,2400,0,52800
ITC27Feb20240CE.NFO,07/01/2020,11:16:50,7.95,7.25,2400,8.45,2400,0,52800
ITC27Feb20240CE.NFO,07/01/2020,11:16:51,7.95,7.2,2400,8.65,2400,0,52800
ITC27Feb20240CE.NFO,07/01/2020,11:16:52,7.95,7.1,2400,8.65,2400,0,52800
ITC27Feb20240CE.NFO,07/01/2020,11:16:54,7.95,7.35,2400,8.65,2400,0,52800
ITC27Feb20240CE.NFO,07/01/2020,11:16:54,7.95,7.3,2400,8.65,2400,0,52800
ITC27Feb20240CE.NFO,07/01/2020,11:16:55,7.95,7.35,2400,8.65,2400,0,52800
ITC27Feb20240CE.NFO,07/01/2020,11:16:56,7.95,7.4,2400,8.35,2400,0,52800
ITC27Feb20240CE.NFO,07/01/2020,11:16:57,7.95,7,2400,8.45,2400,0,52800
ITC27Feb20240CE.NFO,07/01/2020,11:16:58,7.95,7.3,2400,8.65,2400,0,52800
ITC27Feb20240CE.NFO,07/01/2020,11:16:59,7.95,7.2,2400,8.65,2400,0,52800
ITC27Feb20240CE.NFO,07/01/2020,11:17:01,7.95,7,2400,8.55,2400,0,52800
ITC27Feb20240CE.NFO,07/01/2020,11:17:01,7.95,7.3,2400,8.45,2400,0,52800
ITC27Feb20240CE.NFO,07/01/2020,11:17:02,7.95,7.25,2400,8.55,2400,0,52800
ITC27Feb20240CE.NFO,07/01/2020,11:17:03,7.95,7.35,4800,8.55,2400,0,52800
ITC27Feb20240CE.NFO,07/01/2020,11:17:04,7.95,7.2,2400,8.45,2400,0,52800
ITC27Feb20240CE.NFO,07/01/2020,11:17:05,7.95,7.1,2400,8.45,2400,0,52800
ITC27Feb20240CE.NFO,07/01/2020,11:17:06,7.95,7.05,2400,8.45,2400,0,52800
ITC27Feb20240CE.NFO,07/01/2020,11:17:07,7.95,7.4,2400,8.45,2400,0,52800
ITC27Feb20240CE.NFO,07/01/2020,11:17:08,7.95,7.4,2400,8.65,2400,0,52800
ITC27Feb20240CE.NFO,07/01/2020,11:17:09,7.95,7.15,2400,8.65,2400,0,52800
ITC27Feb20240CE.NFO,07/01/2020,11:17:11,7.95,7.4,2400,8.55,2400,0,52800
ITC27Feb20240CE.NFO,07/01/2020,11:17:11,7.95,7.45,2400,8.45,2400,0,52800
ITC27Feb20240CE.NFO,07/01/2020,11:17:12,7.95,7.4,2400,8.3,2400,0,52800
ITC27Feb20240CE.NFO,07/01/2020,11:17:13,7.95,7.05,2400,8.45,2400,0,52800
ITC27Feb20240CE.NFO,07/01/2020,11:17:15,7.95,7.4,2400,8.65,2400,0,52800
ITC27Feb20240CE.NFO,07/01/2020,11:17:15,7.95,7.35,2400,8.65,2400,0,52800
ITC27Feb20240CE.NFO,07/01/2020,11:17:16,7.95,7.25,2400,8.65,2400,0,52800
ITC27Feb20240CE.NFO,07/01/2020,11:17:17,7.95,7.05,2400,8.55,2400,0,52800
ITC27Feb20240CE.NFO,07/01/2020,11:17:18,7.95,7.4,2400,8.65,2400,0,52800
ITC27Feb20240CE.NFO,07/01/2020,11:17:20,7.95,7.3,2400,8.65,2400,0,52800
ITC27Feb20240CE.NFO,07/01/2020,11:17:21,7.95,7.05,2400,8.55,2400,0,52800
ITC27Feb20240CE.NFO,07/01/2020,11:17:22,7.95,7.45,2400,8.55,2400,0,52800
ITC27Feb20240CE.NFO,07/01/2020,11:17:23,7.95,7.4,2400,8.45,2400,0,52800
ITC27Feb20240CE.NFO,07/01/2020,11:17:24,7.95,7.15,2400,8.45,2400,0,52800
ITC27Feb20240CE.NFO,07/01/2020,11:17:26,7.95,7.35,2400,8.55,2400,0,52800
ITC27Feb20240CE.NFO,07/01/2020,11:17:26,7.95,7,2400,8.45,2400,0,52800
ITC27Feb20240CE.NFO,07/01/2020,11:17:27,7.95,7.25,2400,8.45,2400,0,52800
ITC27Feb20240CE.NFO,07/01/2020,11:17:28,7.95,7.15,2400,8.45,2400,0,52800
ITC27Feb20240CE.NFO,07/01/2020,11:17:31,7.95,7.35,2400,8.55,2400,0,52800
ITC27Feb20240CE.NFO,07/01/2020,11:17:32,7.95,7.25,2400,8.55,2400,0,52800
ITC27Feb20240CE.NFO,07/01/2020,11:17:33,7.95,7.25,2400,8.45,2400,0,52800
ITC27Feb20240CE.NFO,07/01/2020,11:17:34,7.95,7.05,2400,8.45,2400,0,52800
ITC27Feb20240CE.NFO,07/01/2020,11:17:36,7.95,7.3,2400,8.55,2400,0,52800
ITC27Feb20240CE.NFO,07/01/2020,11:17:36,7.95,7.25,2400,8.55,2400,0,52800
ITC27Feb20240CE.NFO,07/01/2020,11:17:37,7.95,7.2,2400,8.45,2400,0,52800
ITC27Feb20240CE.NFO,07/01/2020,11:17:38,7.95,7.1,2400,8.7,2400,0,52800
ITC27Feb20240CE.NFO,07/01/2020,11:17:39,7.95,7.1,2400,8.4,2400,0,52800
ITC27Feb20240CE.NFO,07/01/2020,11:17:40,7.95,7.2,2400,8.5,2400,0,52800
ITC27Feb20240CE.NFO,07/01/2020,11:17:41,7.95,7.55,2400,8.6,2400,0,52800
ITC27Feb20240CE.NFO,07/01/2020,11:17:42,7.95,7.6,2400,8.4,2400,0,52800
ITC27Feb20240CE.NFO,07/01/2020,11:17:47,7.95,7.65,2400,8.4,2400,0,52800
ITC27Feb20240CE.NFO,07/01/2020,11:18:13,7.95,7.65,2400,8.7,4800,0,52800
ITC27Feb20240CE.NFO,07/01/2020,11:18:15,7.95,7.65,2400,8.6,2400,0,52800
ITC27Feb20240CE.NFO,07/01/2020,11:18:29,7.95,7.6,2400,8.6,2400,0,52800
ITC27Feb20240CE.NFO,07/01/2020,11:18:30,7.95,7.65,2400,8.4,2400,0,52800
ITC27Feb20240CE.NFO,07/01/2020,11:18:32,7.95,7.6,2400,8.6,2400,0,52800
ITC27Feb20240CE.NFO,07/01/2020,11:18:33,7.95,7.6,2400,8.5,2400,0,52800
ITC27Feb20240CE.NFO,07/01/2020,11:18:41,7.95,7.65,2400,8.5,2400,0,52800
ITC27Feb20240CE.NFO,07/01/2020,11:18:42,7.95,7.6,2400,8.5,2400,0,52800
ITC27Feb20240CE.NFO,07/01/2020,11:18:47,7.95,7.65,2400,8.5,2400,0,52800
ITC27Feb20240CE.NFO,07/01/2020,11:19:24,7.95,7.6,2400,8.6,2400,0,52800
ITC27Feb20240CE.NFO,07/01/2020,11:19:31,7.95,7.6,2400,8.5,2400,0,52800
ITC27Feb20240CE.NFO,07/01/2020,11:19:38,7.95,7.65,2400,8.6,2400,0,52800
ITC27Feb20240CE.NFO,07/01/2020,11:19:56,7.95,7.6,2400,8.4,2400,0,52800
ITC27Feb20240CE.NFO,07/01/2020,11:20:12,7.95,7.6,2400,8.5,2400,0,52800
ITC27Feb20240CE.NFO,07/01/2020,11:20:18,7.95,7.6,2400,8.6,2400,0,52800
ITC27Feb20240CE.NFO,07/01/2020,11:20:28,7.95,7.65,2400,8.6,2400,0,52800
ITC27Feb20240CE.NFO,07/01/2020,11:21:06,7.95,7.65,2400,8.4,2400,0,52800
ITC27Feb20240CE.NFO,07/01/2020,11:21:19,7.95,7.65,2400,8.8,2400,0,52800
ITC27Feb20240CE.NFO,07/01/2020,11:21:24,7.95,7.6,2400,8.7,2400,0,52800
ITC27Feb20240CE.NFO,07/01/2020,11:21:37,7.95,7.6,2400,8.5,2400,0,52800
ITC27Feb20240CE.NFO,07/01/2020,11:22:25,7.95,7.65,2400,8.5,2400,0,52800
ITC27Feb20240CE.NFO,07/01/2020,11:22:40,7.95,7.65,2400,8.6,2400,0,52800
ITC27Feb20240CE.NFO,07/01/2020,11:22:48,7.95,7.65,2400,8.5,2400,0,52800
ITC27Feb20240CE.NFO,07/01/2020,11:22:53,7.95,7.75,2400,8.6,2400,0,52800
ITC27Feb20240CE.NFO,07/01/2020,11:22:59,7.95,7.6,2400,8.7,2400,0,52800
ITC27Feb20240CE.NFO,07/01/2020,11:23:05,7.95,7.65,2400,8.8,2400,0,52800
ITC27Feb20240CE.NFO,07/01/2020,11:23:09,7.95,7.65,2400,8.7,2400,0,52800
ITC27Feb20240CE.NFO,07/01/2020,11:23:55,7.95,7.65,2400,8.8,2400,0,52800
ITC27Feb20240CE.NFO,07/01/2020,11:24:01,7.95,7.7,2400,8.8,2400,0,52800
ITC27Feb20240CE.NFO,07/01/2020,11:24:41,7.95,7.85,2400,8.6,2400,0,52800
ITC27Feb20240CE.NFO,07/01/2020,11:24:45,7.95,7.95,2400,8.8,2400,0,52800
ITC27Feb20240CE.NFO,07/01/2020,11:24:50,7.95,7.8,2400,8.6,2400,0,52800
ITC27Feb20240CE.NFO,07/01/2020,11:24:54,7.95,7.8,2400,8.8,2400,0,52800
ITC27Feb20240CE.NFO,07/01/2020,11:25:03,7.95,7.95,2400,8.8,2400,0,52800
ITC27Feb20240CE.NFO,07/01/2020,11:25:12,7.95,7.8,2400,8.8,2400,0,52800
ITC27Feb20240CE.NFO,07/01/2020,11:25:17,7.95,7.65,2400,8.6,2400,0,52800
ITC27Feb20240CE.NFO,07/01/2020,11:25:22,7.95,7.65,2400,8.7,2400,0,52800
ITC27Feb20240CE.NFO,07/01/2020,11:25:27,7.95,7.8,2400,8.8,2400,0,52800
ITC27Feb20240CE.NFO,07/01/2020,11:25:41,7.95,7.85,2400,8.7,2400,0,52800
ITC27Feb20240CE.NFO,07/01/2020,11:25:47,7.95,7.85,2400,8.6,2400,0,52800
ITC27Feb20240CE.NFO,07/01/2020,11:25:52,7.95,7.7,2400,8.6,2400,0,52800
ITC27Feb20240CE.NFO,07/01/2020,11:25:57,7.95,8,2400,8.6,2400,0,52800
ITC27Feb20240CE.NFO,07/01/2020,11:26:01,7.95,7.85,2400,8.8,2400,0,52800
ITC27Feb20240CE.NFO,07/01/2020,11:26:19,7.95,7.85,2400,8.6,2400,0,52800
ITC27Feb20240CE.NFO,07/01/2020,11:26:23,7.95,7.7,2400,8.8,2400,0,52800
ITC27Feb20240CE.NFO,07/01/2020,11:26:28,7.95,7.7,2400,8.6,2400,0,52800
ITC27Feb20240CE.NFO,07/01/2020,11:26:32,7.95,7.7,2400,8.8,2400,0,52800
ITC27Feb20240CE.NFO,07/01/2020,11:26:38,7.95,7.65,2400,8.8,2400,0,52800
ITC27Feb20240CE.NFO,07/01/2020,11:26:43,7.95,7.65,2400,8.6,2400,0,52800
ITC27Feb20240CE.NFO,07/01/2020,11:26:48,7.95,7.95,2400,8.7,2400,0,52800
ITC27Feb20240CE.NFO,07/01/2020,11:26:52,7.95,7.65,2400,8.6,2400,0,52800
ITC27Feb20240CE.NFO,07/01/2020,11:26:56,7.95,7.8,2400,8.8,2400,0,52800
ITC27Feb20240CE.NFO,07/01/2020,11:27:00,7.95,7.7,2400,8.7,2400,0,52800
ITC27Feb20240CE.NFO,07/01/2020,11:27:04,7.95,7.85,2400,8.6,2400,0,52800
ITC27Feb20240CE.NFO,07/01/2020,11:27:11,7.95,7.85,2400,8.8,2400,0,52800
ITC27Feb20240CE.NFO,07/01/2020,11:27:14,7.95,7.85,2400,8.6,2400,0,52800
ITC27Feb20240CE.NFO,07/01/2020,11:27:18,7.95,7.7,2400,8.7,2400,0,52800
ITC27Feb20240CE.NFO,07/01/2020,11:27:21,7.95,7.85,2400,8.7,2400,0,52800
ITC27Feb20240CE.NFO,07/01/2020,11:27:25,7.95,7.7,2400,8.7,2400,0,52800
ITC27Feb20240CE.NFO,07/01/2020,11:27:29,7.95,8,2400,8.8,2400,0,52800
ITC27Feb20240CE.NFO,07/01/2020,11:27:33,7.95,7.85,2400,8.6,2400,0,52800
ITC27Feb20240CE.NFO,07/01/2020,11:27:37,7.95,7.85,2400,8.7,2400,0,52800
ITC27Feb20240CE.NFO,07/01/2020,11:27:42,7.95,8,2400,8.8,2400,0,52800
ITC27Feb20240CE.NFO,07/01/2020,11:27:46,7.95,8,2400,8.6,2400,0,52800
ITC27Feb20240CE.NFO,07/01/2020,11:27:50,7.95,7.85,2400,8.8,2400,0,52800
ITC27Feb20240CE.NFO,07/01/2020,11:27:54,7.95,7.7,2400,8.7,2400,0,52800
ITC27Feb20240CE.NFO,07/01/2020,11:27:58,7.95,7.85,2400,8.6,2400,0,52800
ITC27Feb20240CE.NFO,07/01/2020,11:28:01,7.95,7.9,2400,8.8,2400,0,52800
ITC27Feb20240CE.NFO,07/01/2020,11:28:06,7.95,7.9,2400,8.6,2400,0,52800
ITC27Feb20240CE.NFO,07/01/2020,11:28:10,7.95,7.7,2400,8.6,2400,0,52800
ITC27Feb20240CE.NFO,07/01/2020,11:28:14,7.95,8,2400,8.7,2400,0,52800
ITC27Feb20240CE.NFO,07/01/2020,11:28:18,7.95,7.85,2400,8.8,2400,0,52800
ITC27Feb20240CE.NFO,07/01/2020,11:28:21,7.95,8,2400,8.7,2400,0,52800
ITC27Feb20240CE.NFO,07/01/2020,11:28:24,7.95,7.85,2400,8.7,2400,0,52800
ITC27Feb20240CE.NFO,07/01/2020,11:28:28,7.95,7.7,2400,8.6,2400,0,52800
ITC27Feb20240CE.NFO,07/01/2020,11:28:31,7.95,7.85,2400,8.7,2400,0,52800
ITC27Feb20240CE.NFO,07/01/2020,11:28:35,7.95,7.85,2400,8.8,2400,0,52800
ITC27Feb20240CE.NFO,07/01/2020,11:28:38,7.95,8,2400,8.7,2400,0,52800
ITC27Feb20240CE.NFO,07/01/2020,11:28:41,7.95,8,2400,8.8,2400,0,52800
ITC27Feb20240CE.NFO,07/01/2020,11:28:44,7.95,7.85,2400,8.7,2400,0,52800
ITC27Feb20240CE.NFO,07/01/2020,11:28:47,7.95,7.85,2400,8.8,2400,0,52800
ITC27Feb20240CE.NFO,07/01/2020,11:28:51,7.95,7.7,2400,8.7,2400,0,52800
ITC27Feb20240CE.NFO,07/01/2020,11:28:56,7.95,8,2400,8.6,2400,0,52800
ITC27Feb20240CE.NFO,07/01/2020,11:29:00,7.95,7.85,2400,8.6,2400,0,52800
ITC27Feb20240CE.NFO,07/01/2020,11:29:06,7.95,7.85,2400,8.7,2400,0,52800
ITC27Feb20240CE.NFO,07/01/2020,11:29:15,7.95,8,2400,8.8,2400,0,52800
ITC27Feb20240CE.NFO,07/01/2020,11:29:18,7.95,7.7,2400,8.7,2400,0,52800
ITC27Feb20240CE.NFO,07/01/2020,11:29:22,7.95,7.85,2400,8.7,2400,0,52800
ITC27Feb20240CE.NFO,07/01/2020,11:29:25,7.95,8,2400,8.6,2400,0,52800
ITC27Feb20240CE.NFO,07/01/2020,11:29:29,7.95,7.85,2400,8.8,2400,0,52800
ITC27Feb20240CE.NFO,07/01/2020,11:29:36,7.95,8,2400,8.7,2400,0,52800
ITC27Feb20240CE.NFO,07/01/2020,11:29:40,7.95,7.85,2400,8.6,2400,0,52800
ITC27Feb20240CE.NFO,07/01/2020,11:29:43,7.95,8,2400,8.6,2400,0,52800
ITC27Feb20240CE.NFO,07/01/2020,11:29:47,7.95,7.85,2400,8.5,2400,0,52800
ITC27Feb20240CE.NFO,07/01/2020,11:29:51,7.95,7.7,2400,8.8,2400,0,52800
ITC27Feb20240CE.NFO,07/01/2020,11:29:54,7.95,7.7,2400,8.6,2400,0,52800
ITC27Feb20240CE.NFO,07/01/2020,11:29:58,7.95,7.85,2400,8.7,2400,0,52800
ITC27Feb20240CE.NFO,07/01/2020,11:30:01,7.95,7.85,2400,8.6,2400,0,52800
ITC27Feb20240CE.NFO,07/01/2020,11:30:04,7.95,7.85,2400,8.65,2400,0,52800
ITC27Feb20240CE.NFO,07/01/2020,11:30:07,7.95,8,2400,8.6,2400,0,52800
ITC27Feb20240CE.NFO,07/01/2020,11:30:11,7.95,7.7,2400,8.6,2400,0,52800
ITC27Feb20240CE.NFO,07/01/2020,11:30:13,7.95,7.7,2400,8.9,21600,0,52800
ITC27Feb20240CE.NFO,07/01/2020,11:30:14,7.95,7.85,2400,8.6,2400,0,52800
ITC27Feb20240CE.NFO,07/01/2020,11:30:15,7.95,7.85,2400,8.7,2400,0,52800
ITC27Feb20240CE.NFO,07/01/2020,11:30:16,7.95,8,2400,8.6,2400,0,52800
ITC27Feb20240CE.NFO,07/01/2020,11:30:17,7.95,7.7,2400,8.8,2400,0,52800
ITC27Feb20240CE.NFO,07/01/2020,11:30:18,7.95,8,2400,8.8,2400,0,52800
ITC27Feb20240CE.NFO,07/01/2020,11:30:19,7.95,7.7,2400,8.7,2400,0,52800
ITC27Feb20240CE.NFO,07/01/2020,11:30:20,7.95,7.7,2400,8.8,2400,0,52800
ITC27Feb20240CE.NFO,07/01/2020,11:30:21,7.95,7.65,2400,8.8,2400,0,52800
ITC27Feb20240CE.NFO,07/01/2020,11:30:22,7.95,7.65,2400,8.9,21600,0,52800
ITC27Feb20240CE.NFO,07/01/2020,11:30:31,7.95,7.7,2400,8.9,2400,0,52800
ITC27Feb20240CE.NFO,07/01/2020,11:30:32,7.95,7.85,2400,8.6,2400,0,52800
ITC27Feb20240CE.NFO,07/01/2020,11:30:33,7.95,7.7,2400,8.8,2400,0,52800
ITC27Feb20240CE.NFO,07/01/2020,11:30:34,7.95,7.85,2400,8.6,2400,0,52800
ITC27Feb20240CE.NFO,07/01/2020,11:30:36,7.95,7.95,4800,8.6,2400,0,52800
ITC27Feb20240CE.NFO,07/01/2020,11:30:37,7.95,7.65,2400,8.7,2400,0,52800
ITC27Feb20240CE.NFO,07/01/2020,11:30:37,7.95,7.95,2400,8.6,2400,0,52800
ITC27Feb20240CE.NFO,07/01/2020,11:30:38,7.95,7.75,2400,8.6,2400,0,52800
ITC27Feb20240CE.NFO,07/01/2020,11:30:40,7.95,7.65,2400,8.5,2400,0,52800
ITC27Feb20240CE.NFO,07/01/2020,11:30:41,7.95,7.85,2400,8.6,2400,0,52800
ITC27Feb20240CE.NFO,07/01/2020,11:30:42,7.95,7.7,2400,8.7,2400,0,52800
ITC27Feb20240CE.NFO,07/01/2020,11:30:43,7.95,7.8,2400,8.8,2400,0,52800
ITC27Feb20240CE.NFO,07/01/2020,11:30:45,7.95,7.8,2400,8.7,2400,0,52800
ITC27Feb20240CE.NFO,07/01/2020,11:30:45,7.95,7.8,2400,8.8,2400,0,52800
ITC27Feb20240CE.NFO,07/01/2020,11:30:48,7.95,7.65,2400,8.6,2400,0,52800
ITC27Feb20240CE.NFO,07/01/2020,11:30:48,7.95,7.65,2400,8.8,2400,0,52800
ITC27Feb20240CE.NFO,07/01/2020,11:30:50,7.95,7.95,2400,8.8,2400,0,52800
ITC27Feb20240CE.NFO,07/01/2020,11:30:51,7.95,7.8,2400,8.8,2400,0,52800
ITC27Feb20240CE.NFO,07/01/2020,11:30:51,7.95,7.95,2400,8.6,2400,0,52800
ITC27Feb20240CE.NFO,07/01/2020,11:30:52,7.95,7.8,2400,8.8,2400,0,52800
ITC27Feb20240CE.NFO,07/01/2020,11:30:53,7.95,7.8,2400,8.6,2400,0,52800
ITC27Feb20240CE.NFO,07/01/2020,11:30:54,7.95,7.65,2400,8.8,2400,0,52800
ITC27Feb20240CE.NFO,07/01/2020,11:30:56,7.95,7.8,2400,8.6,2400,0,52800
ITC27Feb20240CE.NFO,07/01/2020,11:30:56,7.95,7.95,2400,8.85,2400,0,52800
ITC27Feb20240CE.NFO,07/01/2020,11:30:57,7.95,7.95,2400,8.45,2400,0,52800
ITC27Feb20240CE.NFO,07/01/2020,11:30:58,7.95,7.95,2400,8.6,2400,0,52800
ITC27Feb20240CE.NFO,07/01/2020,11:30:59,7.95,7.95,2400,8.7,2400,0,52800
ITC27Feb20240CE.NFO,07/01/2020,11:31:01,7.95,7.65,2400,8.8,2400,0,52800
ITC27Feb20240CE.NFO,07/01/2020,11:31:02,7.95,7.8,2400,8.7,2400,0,52800
ITC27Feb20240CE.NFO,07/01/2020,11:31:03,7.95,7.95,2400,8.7,2400,0,52800
ITC27Feb20240CE.NFO,07/01/2020,11:31:04,7.95,7.8,2400,8.9,2400,0,52800
ITC27Feb20240CE.NFO,07/01/2020,11:31:05,7.95,7.8,2400,8.8,2400,0,52800
ITC27Feb20240CE.NFO,07/01/2020,11:31:30,7.95,7.7,2400,8.8,2400,0,52800
ITC27Feb20240CE.NFO,07/01/2020,11:31:39,7.95,7.95,2400,8.7,2400,0,52800
ITC27Feb20240CE.NFO,07/01/2020,11:31:43,7.95,7.8,2400,8.6,2400,0,52800
ITC27Feb20240CE.NFO,07/01/2020,11:31:47,7.95,7.65,2400,8.6,2400,0,52800
ITC27Feb20240CE.NFO,07/01/2020,11:31:53,7.95,7.7,2400,8.8,2400,0,52800
ITC27Feb20240CE.NFO,07/01/2020,11:32:00,7.95,8,2400,8.8,2400,0,52800
ITC27Feb20240CE.NFO,07/01/2020,11:32:05,7.95,8,2400,8.6,2400,0,52800
ITC27Feb20240CE.NFO,07/01/2020,11:32:11,7.95,7.8,2400,8.6,2400,0,52800
ITC27Feb20240CE.NFO,07/01/2020,11:32:16,7.95,7.8,2400,8.8,2400,0,52800
ITC27Feb20240CE.NFO,07/01/2020,11:32:29,7.95,7.8,2400,8.7,2400,0,52800
ITC27Feb20240CE.NFO,07/01/2020,11:32:35,7.95,7.95,2400,8.6,2400,0,52800
ITC27Feb20240CE.NFO,07/01/2020,11:32:40,7.95,7.65,2400,8.8,2400,0,52800
ITC27Feb20240CE.NFO,07/01/2020,11:32:45,7.95,7.65,2400,8.6,2400,0,52800
ITC27Feb20240CE.NFO,07/01/2020,11:32:50,7.95,7.8,2400,8.8,2400,0,52800
ITC27Feb20240CE.NFO,07/01/2020,11:32:54,7.95,7.8,2400,8.6,2400,0,52800
ITC27Feb20240CE.NFO,07/01/2020,11:32:59,7.95,7.9,2400,8.9,12000,0,52800
ITC27Feb20240CE.NFO,07/01/2020,11:33:03,7.95,7.95,2400,8.7,2400,0,52800
ITC27Feb20240CE.NFO,07/01/2020,11:33:07,7.95,7.8,2400,8.8,2400,0,52800
ITC27Feb20240CE.NFO,07/01/2020,11:33:19,7.95,7.8,2400,8.6,2400,0,52800
ITC27Feb20240CE.NFO,07/01/2020,11:33:28,7.95,7.95,2400,8.6,2400,0,52800
ITC27Feb20240CE.NFO,07/01/2020,11:33:32,7.95,7.8,2400,8.8,2400,0,52800
ITC27Feb20240CE.NFO,07/01/2020,11:33:37,7.95,7.65,2400,8.8,2400,0,52800
ITC27Feb20240CE.NFO,07/01/2020,11:33:41,7.95,7.95,2400,8.6,2400,0,52800
ITC27Feb20240CE.NFO,07/01/2020,11:33:44,7.95,7.8,2400,8.8,2400,0,52800
ITC27Feb20240CE.NFO,07/01/2020,11:33:53,7.95,7.65,2400,8.6,2400,0,52800
ITC27Feb20240CE.NFO,07/01/2020,11:33:59,7.95,7.95,2400,8.8,2400,0,52800
ITC27Feb20240CE.NFO,07/01/2020,11:34:05,7.95,7.8,2400,8.8,2400,0,52800
ITC27Feb20240CE.NFO,07/01/2020,11:34:11,7.95,7.65,2400,8.7,2400,0,52800
ITC27Feb20240CE.NFO,07/01/2020,11:34:18,7.95,7.85,2400,8.6,2400,0,52800
ITC27Feb20240CE.NFO,07/01/2020,11:34:24,7.95,7.85,2400,8.7,2400,0,52800
ITC27Feb20240CE.NFO,07/01/2020,11:34:30,7.95,8,2400,8.8,2400,0,52800
ITC27Feb20240CE.NFO,07/01/2020,11:34:37,7.95,7.7,2400,8.7,2400,0,52800
ITC27Feb20240CE.NFO,07/01/2020,11:34:43,7.95,7.7,2400,8.9,2400,0,52800
ITC27Feb20240CE.NFO,07/01/2020,11:34:48,7.95,7.9,2400,8.6,2400,0,52800
ITC27Feb20240CE.NFO,07/01/2020,11:34:54,7.95,7.85,2400,8.8,2400,0,52800
ITC27Feb20240CE.NFO,07/01/2020,11:35:00,7.95,7.7,2400,8.6,2400,0,52800
ITC27Feb20240CE.NFO,07/01/2020,11:35:05,7.95,7.85,2400,8.8,2400,0,52800
ITC27Feb20240CE.NFO,07/01/2020,11:35:11,7.95,7.7,2400,8.9,2400,0,52800
ITC27Feb20240CE.NFO,07/01/2020,11:35:16,7.95,7.7,2400,8.6,2400,0,52800
ITC27Feb20240CE.NFO,07/01/2020,11:35:22,7.95,7.7,2400,8.9,2400,0,52800
ITC27Feb20240CE.NFO,07/01/2020,11:35:29,7.95,8,2400,8.55,2400,0,52800
ITC27Feb20240CE.NFO,07/01/2020,11:35:35,7.95,7.85,2400,8.6,2400,0,52800
ITC27Feb20240CE.NFO,07/01/2020,11:35:40,7.95,7.7,2400,8.7,2400,0,52800
ITC27Feb20240CE.NFO,07/01/2020,11:35:46,7.95,7.9,2400,8.75,2400,0,52800
ITC27Feb20240CE.NFO,07/01/2020,11:35:52,7.95,8,2400,8.75,2400,0,52800
ITC27Feb20240CE.NFO,07/01/2020,11:35:58,7.95,8,4800,8.85,2400,0,52800
ITC27Feb20240CE.NFO,07/01/2020,11:36:09,7.95,7.9,2400,8.75,2400,0,52800
ITC27Feb20240CE.NFO,07/01/2020,11:36:14,7.95,8,4800,8.85,2400,0,52800
ITC27Feb20240CE.NFO,07/01/2020,11:36:24,7.95,8,2400,8.65,2400,0,52800
ITC27Feb20240CE.NFO,07/01/2020,11:36:28,7.95,8,4800,8.85,2400,0,52800
ITC27Feb20240CE.NFO,07/01/2020,11:36:33,7.95,7.9,2400,8.6,2400,0,52800
ITC27Feb20240CE.NFO,07/01/2020,11:36:43,7.95,8,2400,8.6,2400,0,52800
ITC27Feb20240CE.NFO,07/01/2020,11:36:49,7.95,8,4800,8.5,2400,0,52800
ITC27Feb20240CE.NFO,07/01/2020,11:36:56,7.95,8,2400,8.6,2400,0,52800
ITC27Feb20240CE.NFO,07/01/2020,11:37:02,7.95,7.95,2400,8.6,2400,0,52800
ITC27Feb20240CE.NFO,07/01/2020,11:37:07,7.95,7.95,2400,8.5,2400,0,52800
ITC27Feb20240CE.NFO,07/01/2020,11:37:12,7.95,7.95,2400,8.9,2400,0,52800
ITC27Feb20240CE.NFO,07/01/2020,11:37:15,7.95,7.95,2400,8.6,2400,0,52800
ITC27Feb20240CE.NFO,07/01/2020,11:37:19,7.95,7.95,2400,8.8,2400,0,52800
ITC27Feb20240CE.NFO,07/01/2020,11:37:23,7.95,7.95,2400,8.5,2400,0,52800
ITC27Feb20240CE.NFO,07/01/2020,11:37:25,7.95,7.95,2400,8.7,2400,0,52800
ITC27Feb20240CE.NFO,07/01/2020,11:37:29,7.95,7.95,2400,8.8,4800,0,52800
ITC27Feb20240CE.NFO,07/01/2020,11:37:33,7.95,7.95,2400,8.6,2400,0,52800
ITC27Feb20240CE.NFO,07/01/2020,11:37:38,7.95,7.95,2400,8.9,2400,0,52800
ITC27Feb20240CE.NFO,07/01/2020,11:37:42,7.95,7.9,2400,8.6,2400,0,52800
ITC27Feb20240CE.NFO,07/01/2020,11:37:46,7.95,7.9,2400,8.8,2400,0,52800
ITC27Feb20240CE.NFO,07/01/2020,11:37:51,7.95,7.9,2400,8.6,2400,0,52800
ITC27Feb20240CE.NFO,07/01/2020,11:37:56,7.95,7.9,2400,8.8,2400,0,52800
ITC27Feb20240CE.NFO,07/01/2020,11:37:59,7.95,7.9,2400,8.6,2400,0,52800
ITC27Feb20240CE.NFO,07/01/2020,11:38:03,7.95,7.9,2400,8.8,2400,0,52800
ITC27Feb20240CE.NFO,07/01/2020,11:38:07,7.95,7.9,2400,8.6,2400,0,52800
ITC27Feb20240CE.NFO,07/01/2020,11:38:11,7.95,7.9,2400,8.7,2400,0,52800
ITC27Feb20240CE.NFO,07/01/2020,11:38:15,7.95,7.9,2400,8.8,4800,0,52800
ITC27Feb20240CE.NFO,07/01/2020,11:38:18,7.95,7.9,2400,8.8,2400,0,52800
ITC27Feb20240CE.NFO,07/01/2020,11:38:22,7.95,7.9,2400,8.7,2400,0,52800
ITC27Feb20240CE.NFO,07/01/2020,11:38:25,7.95,7.9,2400,8.8,2400,0,52800
ITC27Feb20240CE.NFO,07/01/2020,11:38:28,7.95,7.9,2400,8.7,2400,0,52800
ITC27Feb20240CE.NFO,07/01/2020,11:38:32,7.95,7.9,2400,8.6,2400,0,52800
ITC27Feb20240CE.NFO,07/01/2020,11:38:35,7.95,7.9,2400,8.9,2400,0,52800
ITC27Feb20240CE.NFO,07/01/2020,11:38:46,7.95,7.9,2400,8.7,2400,0,52800
ITC27Feb20240CE.NFO,07/01/2020,11:38:51,7.95,7.9,2400,8.8,2400,0,52800
ITC27Feb20240CE.NFO,07/01/2020,11:38:55,7.95,7.9,2400,8.65,2400,0,52800
ITC27Feb20240CE.NFO,07/01/2020,11:38:58,7.95,7.9,2400,8.85,2400,0,52800
ITC27Feb20240CE.NFO,07/01/2020,11:39:01,7.95,7.95,4800,8.75,2400,0,52800
ITC27Feb20240CE.NFO,07/01/2020,11:39:05,7.95,7.85,2400,8.75,2400,0,52800
ITC27Feb20240CE.NFO,07/01/2020,11:39:17,7.95,7.95,4800,8.45,2400,0,52800
ITC27Feb20240CE.NFO,07/01/2020,11:39:22,7.95,7.95,2400,8.45,2400,0,52800
ITC27Feb20240CE.NFO,07/01/2020,11:39:26,7.95,7.95,4800,8.6,2400,0,52800
ITC27Feb20240CE.NFO,07/01/2020,11:39:39,7.95,7.95,2400,8.6,2400,0,52800
ITC27Feb20240CE.NFO,07/01/2020,11:39:43,7.95,7.95,2400,8.7,2400,0,52800
ITC27Feb20240CE.NFO,07/01/2020,11:39:48,7.95,7.8,2400,8.6,2400,0,52800
ITC27Feb20240CE.NFO,07/01/2020,11:39:55,7.95,7.85,2400,8.7,2400,0,52800
ITC27Feb20240CE.NFO,07/01/2020,11:40:02,7.95,7.85,4800,8.5,2400,0,52800
ITC27Feb20240CE.NFO,07/01/2020,11:40:07,7.95,7.75,2400,8.5,2400,0,52800
ITC27Feb20240CE.NFO,07/01/2020,11:40:12,7.95,7.85,4800,8.5,2400,0,52800
ITC27Feb20240CE.NFO,07/01/2020,11:40:21,7.95,7.75,2400,8.7,2400,0,52800
ITC27Feb20240CE.NFO,07/01/2020,11:40:25,7.95,7.75,2400,8.5,2400,0,52800
ITC27Feb20240CE.NFO,07/01/2020,11:40:29,7.95,7.9,2400,8.5,2400,0,52800
ITC27Feb20240CE.NFO,07/01/2020,11:40:33,7.95,7.9,4800,8.7,2400,0,52800
ITC27Feb20240CE.NFO,07/01/2020,11:40:37,7.95,7.9,2400,8.4,2400,0,52800
ITC27Feb20240CE.NFO,07/01/2020,11:40:40,7.95,7.9,2400,8.5,2400,0,52800
ITC27Feb20240CE.NFO,07/01/2020,11:40:43,7.95,7.8,2400,8.35,2400,0,52800
ITC27Feb20240CE.NFO,07/01/2020,11:40:46,7.95,7.8,2400,8.75,2400,0,52800
ITC27Feb20240CE.NFO,07/01/2020,11:40:50,7.95,7.8,2400,8.5,2400,0,52800
ITC27Feb20240CE.NFO,07/01/2020,11:40:53,7.95,7.8,2400,8.6,2400,0,52800
ITC27Feb20240CE.NFO,07/01/2020,11:40:59,7.95,7.8,2400,8.55,2400,0,52800
ITC27Feb20240CE.NFO,07/01/2020,11:41:09,7.95,7.8,2400,8.65,2400,0,52800
ITC27Feb20240CE.NFO,07/01/2020,11:41:13,7.95,7.8,2400,8.55,2400,0,52800
ITC27Feb20240CE.NFO,07/01/2020,11:41:20,7.95,7.8,2400,8.75,2400,0,52800
ITC27Feb20240CE.NFO,07/01/2020,11:41:28,7.95,7.8,2400,8.65,2400,0,52800
ITC27Feb20240CE.NFO,07/01/2020,11:41:31,7.95,7.8,2400,8.45,2400,0,52800
ITC27Feb20240CE.NFO,07/01/2020,11:41:34,7.95,7.8,2400,8.75,2400,0,52800
ITC27Feb20240CE.NFO,07/01/2020,11:41:38,7.95,7.85,4800,8.55,2400,0,52800
ITC27Feb20240CE.NFO,07/01/2020,11:41:41,7.95,7.85,4800,8.75,2400,0,52800
ITC27Feb20240CE.NFO,07/01/2020,11:41:44,7.95,7.85,4800,8.35,2400,0,52800
ITC27Feb20240CE.NFO,07/01/2020,11:41:47,7.95,7.85,2400,8.35,2400,0,52800
ITC27Feb20240CE.NFO,07/01/2020,11:41:50,7.95,7.85,4800,8.35,2400,0,52800
ITC27Feb20240CE.NFO,07/01/2020,11:41:54,7.95,7.85,2400,8.65,2400,0,52800
ITC27Feb20240CE.NFO,07/01/2020,11:41:58,7.95,7.8,2400,8.6,2400,0,52800
ITC27Feb20240CE.NFO,07/01/2020,11:42:02,7.95,7.85,4800,8.75,2400,0,52800
ITC27Feb20240CE.NFO,07/01/2020,11:42:06,7.95,7.8,2400,8.15,2400,0,52800
ITC27Feb20240CE.NFO,07/01/2020,11:42:09,7.95,7.85,4800,8.15,2400,0,52800
ITC27Feb20240CE.NFO,07/01/2020,11:42:11,7.95,7.75,2400,8.15,2400,0,52800
ITC27Feb20240CE.NFO,07/01/2020,11:42:17,7.95,7.8,2400,8.15,2400,0,52800
ITC27Feb20240CE.NFO,07/01/2020,11:42:20,7.95,7.75,2400,8.15,2400,0,52800
ITC27Feb20240CE.NFO,07/01/2020,11:42:23,7.95,7.85,4800,8.15,2400,0,52800
ITC27Feb20240CE.NFO,07/01/2020,11:42:27,7.95,7.8,2400,8.15,2400,0,52800
ITC27Feb20240CE.NFO,07/01/2020,11:42:31,7.95,7.75,2400,8.15,2400,0,52800
ITC27Feb20240CE.NFO,07/01/2020,11:42:35,7.95,7.85,4800,8.15,2400,0,52800
ITC27Feb20240CE.NFO,07/01/2020,11:42:49,7.95,7.75,2400,8.15,2400,0,52800
ITC27Feb20240CE.NFO,07/01/2020,11:42:58,7.95,7.85,4800,8.15,2400,0,52800
ITC27Feb20240CE.NFO,07/01/2020,11:43:27,7.95,7.75,2400,8.15,2400,0,52800
ITC27Feb20240CE.NFO,07/01/2020,11:43:47,7.95,7.85,2400,8.15,2400,0,52800
ITC27Feb20240CE.NFO,07/01/2020,11:43:59,7.95,7.85,4800,8.15,2400,0,52800
ITC27Feb20240CE.NFO,07/01/2020,11:44:11,7.95,7.75,2400,8.15,2400,0,52800
ITC27Feb20240CE.NFO,07/01/2020,11:44:15,7.95,7.85,2400,8.15,2400,0,52800
ITC27Feb20240CE.NFO,07/01/2020,11:44:19,7.95,7.85,4800,8.15,2400,0,52800
ITC27Feb20240CE.NFO,07/01/2020,11:44:22,7.95,7.8,2400,8.15,2400,0,52800
ITC27Feb20240CE.NFO,07/01/2020,11:44:25,7.95,7.8,4800,8.15,2400,0,52800
ITC27Feb20240CE.NFO,07/01/2020,11:44:28,7.95,7.75,2400,8.15,2400,0,52800
ITC27Feb20240CE.NFO,07/01/2020,11:44:37,7.95,7.7,2400,8.15,2400,0,52800
ITC27Feb20240CE.NFO,07/01/2020,11:44:43,7.95,7.8,4800,8.15,2400,0,52800
ITC27Feb20240CE.NFO,07/01/2020,11:44:51,7.95,7.7,2400,8.15,2400,0,52800
ITC27Feb20240CE.NFO,07/01/2020,11:44:57,7.95,7.85,2400,8.15,2400,0,52800
ITC27Feb20240CE.NFO,07/01/2020,11:45:08,7.95,7.8,2400,8.15,2400,0,52800
ITC27Feb20240CE.NFO,07/01/2020,11:45:28,7.95,7.7,4800,8.15,2400,0,52800
ITC27Feb20240CE.NFO,07/01/2020,11:45:31,7.95,7.75,2400,8.15,2400,0,52800
ITC27Feb20240CE.NFO,07/01/2020,11:45:38,7.95,7.8,2400,8.15,2400,0,52800
ITC27Feb20240CE.NFO,07/01/2020,11:45:41,7.95,7.65,2400,8.15,2400,0,52800
ITC27Feb20240CE.NFO,07/01/2020,11:45:48,7.95,7.75,4800,8.15,2400,0,52800
ITC27Feb20240CE.NFO,07/01/2020,11:45:57,7.95,7.75,2400,8.15,2400,0,52800
ITC27Feb20240CE.NFO,07/01/2020,11:45:59,7.95,7.85,2400,8.15,2400,0,52800
ITC27Feb20240CE.NFO,07/01/2020,11:46:08,7.95,7.75,4800,8.15,2400,0,52800
ITC27Feb20240CE.NFO,07/01/2020,11:46:15,7.95,7.7,4800,8.15,2400,0,52800
ITC27Feb20240CE.NFO,07/01/2020,11:46:16,7.95,7.8,2400,8.15,2400,0,52800
ITC27Feb20240CE.NFO,07/01/2020,11:46:20,7.95,7.65,2400,8.15,2400,0,52800
ITC27Feb20240CE.NFO,07/01/2020,11:46:23,7.95,7.75,4800,8.15,2400,0,52800
ITC27Feb20240CE.NFO,07/01/2020,11:46:28,7.95,7.65,2400,8.15,2400,0,52800
ITC27Feb20240CE.NFO,07/01/2020,11:46:35,7.95,7.75,4800,8.15,2400,0,52800
ITC27Feb20240CE.NFO,07/01/2020,11:47:09,7.95,7.65,2400,8.15,2400,0,52800
ITC27Feb20240CE.NFO,07/01/2020,11:47:11,7.95,7.75,4800,8.15,2400,0,52800
ITC27Feb20240CE.NFO,07/01/2020,11:47:15,7.95,7.65,2400,8.15,2400,0,52800
ITC27Feb20240CE.NFO,07/01/2020,11:47:19,7.95,7.75,4800,8.15,2400,0,52800
ITC27Feb20240CE.NFO,07/01/2020,11:47:25,7.95,7.8,2400,8.15,2400,0,52800
ITC27Feb20240CE.NFO,07/01/2020,11:48:08,7.95,7.75,2400,8.15,2400,0,52800
ITC27Feb20240CE.NFO,07/01/2020,11:48:16,7.95,7.65,4800,8.15,2400,0,52800
ITC27Feb20240CE.NFO,07/01/2020,11:48:20,7.95,7.7,2400,8.15,2400,0,52800
ITC27Feb20240CE.NFO,07/01/2020,11:48:24,7.95,7.6,2400,8.15,2400,0,52800
ITC27Feb20240CE.NFO,07/01/2020,11:48:27,7.95,7.7,2400,8.15,2400,0,52800
ITC27Feb20240CE.NFO,07/01/2020,11:48:30,7.95,7.75,2400,8.15,2400,0,52800
ITC27Feb20240CE.NFO,07/01/2020,11:49:34,7.95,7.7,4800,8.15,2400,0,52800
ITC27Feb20240CE.NFO,07/01/2020,11:49:37,7.95,7.6,2400,8.15,2400,0,52800
ITC27Feb20240CE.NFO,07/01/2020,11:49:44,7.95,7.75,2400,8.15,2400,0,52800
ITC27Feb20240CE.NFO,07/01/2020,11:49:53,7.95,7.7,2400,8.15,2400,0,52800
ITC27Feb20240CE.NFO,07/01/2020,11:49:57,7.95,7.65,2400,8.15,2400,0,52800
ITC27Feb20240CE.NFO,07/01/2020,11:50:00,7.95,7.6,2400,8.15,2400,0,52800
ITC27Feb20240CE.NFO,07/01/2020,11:50:07,7.95,7.65,2400,8.15,2400,0,52800
ITC27Feb20240CE.NFO,07/01/2020,11:50:10,7.95,7.6,2400,8.15,2400,0,52800
ITC27Feb20240CE.NFO,07/01/2020,11:50:37,7.95,7.65,2400,8.15,2400,0,52800
ITC27Feb20240CE.NFO,07/01/2020,11:50:45,7.95,7.6,2400,8.15,2400,0,52800
ITC27Feb20240CE.NFO,07/01/2020,11:51:22,7.95,7.65,2400,8.15,2400,0,52800
ITC27Feb20240CE.NFO,07/01/2020,11:51:26,7.95,7.6,2400,8.15,2400,0,52800
ITC27Feb20240CE.NFO,07/01/2020,11:51:44,7.95,7.6,2400,8.05,2400,0,52800
ITC27Feb20240CE.NFO,07/01/2020,11:51:48,7.95,7.65,2400,8.15,2400,0,52800
ITC27Feb20240CE.NFO,07/01/2020,11:52:13,7.95,7.45,2400,8.15,2400,0,52800
ITC27Feb20240CE.NFO,07/01/2020,11:52:21,7.95,7.7,2400,8.15,2400,0,52800
ITC27Feb20240CE.NFO,07/01/2020,11:52:28,7.95,7.65,2400,8.15,2400,0,52800
ITC27Feb20240CE.NFO,07/01/2020,11:52:33,7.95,7.7,2400,8.15,2400,0,52800
ITC27Feb20240CE.NFO,07/01/2020,11:52:39,7.95,7.65,2400,8.15,2400,0,52800
ITC27Feb20240CE.NFO,07/01/2020,11:52:59,7.95,7.65,2400,8.05,2400,0,52800
ITC27Feb20240CE.NFO,07/01/2020,11:53:02,7.95,7.7,2400,8.05,2400,0,52800
ITC27Feb20240CE.NFO,07/01/2020,11:53:06,7.95,7.65,2400,8.05,2400,0,52800
ITC27Feb20240CE.NFO,07/01/2020,11:53:14,7.95,7.7,2400,8.15,2400,0,52800
ITC27Feb20240CE.NFO,07/01/2020,11:53:20,7.95,7.75,2400,8.15,2400,0,52800
ITC27Feb20240CE.NFO,07/01/2020,11:53:24,7.95,7.7,2400,8.15,2400,0,52800
ITC27Feb20240CE.NFO,07/01/2020,11:54:18,7.95,7.75,2400,8.15,2400,0,52800
ITC27Feb20240CE.NFO,07/01/2020,11:55:10,7.95,7.75,2400,8.05,2400,0,52800
ITC27Feb20240CE.NFO,07/01/2020,11:55:22,7.95,7.75,2400,8.15,2400,0,52800
ITC27Feb20240CE.NFO,07/01/2020,11:55:38,7.95,7.75,2400,8,2400,0,52800
ITC27Feb20240CE.NFO,07/01/2020,11:55:40,7.95,7.75,2400,7.9,2400,0,52800
ITC27Feb20240CE.NFO,07/01/2020,11:55:43,7.95,7.75,2400,7.8,2400,0,52800
ITC27Feb20240CE.NFO,07/01/2020,11:55:46,7.95,7.75,2400,8,2400,0,52800
ITC27Feb20240CE.NFO,07/01/2020,11:55:49,7.75,7.6,2400,8.05,2400,2400,55200
ITC27Feb20240CE.NFO,07/01/2020,11:55:49,7.75,7.6,2400,8.05,2400,0,55200
ITC27Feb20240CE.NFO,07/01/2020,11:55:52,7.75,7.6,2400,8.15,2400,0,55200
ITC27Feb20240CE.NFO,07/01/2020,11:56:03,7.75,7.6,2400,8.05,2400,0,55200
ITC27Feb20240CE.NFO,07/01/2020,11:56:09,7.75,7.6,2400,8.15,2400,0,55200
ITC27Feb20240CE.NFO,07/01/2020,11:56:17,7.75,7.6,2400,8.05,2400,0,55200
ITC27Feb20240CE.NFO,07/01/2020,11:56:22,7.75,7.6,2400,8,2400,0,55200
ITC27Feb20240CE.NFO,07/01/2020,11:56:35,7.75,7.6,2400,7.75,2400,0,55200
ITC27Feb20240CE.NFO,07/01/2020,11:56:36,7.75,7.6,2400,8,2400,0,55200
ITC27Feb20240CE.NFO,07/01/2020,11:56:39,7.75,7.75,2400,8,2400,0,55200
ITC27Feb20240CE.NFO,07/01/2020,11:57:03,7.75,7.65,2400,8,2400,0,55200
ITC27Feb20240CE.NFO,07/01/2020,11:57:15,7.75,7.55,2400,8,2400,0,55200
ITC27Feb20240CE.NFO,07/01/2020,11:57:17,7.75,7.65,2400,8,2400,0,55200
ITC27Feb20240CE.NFO,07/01/2020,11:57:57,7.75,7.7,2400,8,2400,0,55200
ITC27Feb20240CE.NFO,07/01/2020,11:58:08,7.75,7.65,2400,8,2400,0,55200
ITC27Feb20240CE.NFO,07/01/2020,11:58:14,7.75,7.7,2400,8,2400,0,55200
ITC27Feb20240CE.NFO,07/01/2020,11:58:22,7.75,7.65,2400,8,2400,0,55200
ITC27Feb20240CE.NFO,07/01/2020,11:58:30,7.75,7.7,2400,8,2400,0,55200
ITC27Feb20240CE.NFO,07/01/2020,11:58:40,7.75,7.75,2400,8,2400,0,55200
ITC27Feb20240CE.NFO,07/01/2020,11:59:28,7.75,7.7,2400,8,2400,0,55200
ITC27Feb20240CE.NFO,07/01/2020,11:59:44,7.75,7.65,2400,8,2400,0,55200
ITC27Feb20240CE.NFO,07/01/2020,12:01:16,7.75,7.7,2400,8,2400,0,55200
ITC27Feb20240CE.NFO,07/01/2020,12:01:17,7.75,7.65,2400,8,2400,0,55200
ITC27Feb20240CE.NFO,07/01/2020,12:02:34,7.75,7.7,2400,8,2400,0,55200
ITC27Feb20240CE.NFO,07/01/2020,12:02:52,7.75,7.6,2400,8,2400,0,55200
ITC27Feb20240CE.NFO,07/01/2020,12:02:57,7.75,7.65,2400,8,2400,0,55200
ITC27Feb20240CE.NFO,07/01/2020,12:03:04,7.75,7.7,2400,8,2400,0,55200
ITC27Feb20240CE.NFO,07/01/2020,12:04:52,7.75,7.65,2400,8,2400,0,55200
ITC27Feb20240CE.NFO,07/01/2020,12:04:57,7.75,7.7,2400,8,2400,0,55200
ITC27Feb20240CE.NFO,07/01/2020,12:04:59,7.75,7.65,2400,8,2400,0,55200
ITC27Feb20240CE.NFO,07/01/2020,12:06:29,7.75,7.7,2400,8,2400,0,55200
ITC27Feb20240CE.NFO,07/01/2020,12:06:54,7.75,7.65,2400,8,2400,0,55200
ITC27Feb20240CE.NFO,07/01/2020,12:07:08,7.75,7.7,2400,8,2400,0,55200
ITC27Feb20240CE.NFO,07/01/2020,12:07:10,7.75,7.65,2400,8,2400,0,55200
ITC27Feb20240CE.NFO,07/01/2020,12:07:17,7.75,7.7,2400,8,2400,0,55200
ITC27Feb20240CE.NFO,07/01/2020,12:07:19,7.75,7.65,2400,8,2400,0,55200
ITC27Feb20240CE.NFO,07/01/2020,12:08:06,7.75,7.7,2400,8,2400,0,55200
ITC27Feb20240CE.NFO,07/01/2020,12:08:13,7.75,7.65,2400,8,2400,0,55200
ITC27Feb20240CE.NFO,07/01/2020,12:08:18,7.75,7.5,2400,8,2400,0,55200
ITC27Feb20240CE.NFO,07/01/2020,12:08:30,7.75,7.7,2400,8,2400,0,55200
ITC27Feb20240CE.NFO,07/01/2020,12:09:16,7.75,7.65,2400,8,2400,0,55200
ITC27Feb20240CE.NFO,07/01/2020,12:09:21,7.75,7.7,2400,8,2400,0,55200
ITC27Feb20240CE.NFO,07/01/2020,12:10:24,7.75,7.65,2400,8,2400,0,55200
ITC27Feb20240CE.NFO,07/01/2020,12:10:29,7.75,7.7,2400,8,2400,0,55200
ITC27Feb20240CE.NFO,07/01/2020,12:10:31,7.75,7.65,2400,8,2400,0,55200
ITC27Feb20240CE.NFO,07/01/2020,12:10:34,7.75,7.7,2400,8,2400,0,55200
ITC27Feb20240CE.NFO,07/01/2020,12:10:39,7.75,7.65,2400,8,2400,0,55200
ITC27Feb20240CE.NFO,07/01/2020,12:10:53,7.75,7.7,2400,8,2400,0,55200
ITC27Feb20240CE.NFO,07/01/2020,12:10:56,7.75,7.65,2400,8,2400,0,55200
ITC27Feb20240CE.NFO,07/01/2020,12:11:00,7.75,7.7,2400,8,2400,0,55200
ITC27Feb20240CE.NFO,07/01/2020,12:11:21,7.75,7.65,2400,8,2400,0,55200
ITC27Feb20240CE.NFO,07/01/2020,12:11:28,7.75,7.45,2400,8,2400,0,55200
ITC27Feb20240CE.NFO,07/01/2020,12:11:31,7.75,7.65,2400,8,2400,0,55200
ITC27Feb20240CE.NFO,07/01/2020,12:11:46,7.75,7.7,2400,8,2400,0,55200
ITC27Feb20240CE.NFO,07/01/2020,12:11:49,7.75,7.65,2400,8,2400,0,55200
ITC27Feb20240CE.NFO,07/01/2020,12:12:12,7.75,7.7,2400,8,2400,0,55200
ITC27Feb20240CE.NFO,07/01/2020,12:12:15,7.75,7.65,2400,8,2400,0,55200
ITC27Feb20240CE.NFO,07/01/2020,12:12:18,7.75,7.7,2400,8,2400,0,55200
ITC27Feb20240CE.NFO,07/01/2020,12:12:45,7.75,7.65,2400,8,2400,0,55200
ITC27Feb20240CE.NFO,07/01/2020,12:13:12,7.75,7.7,2400,8,2400,0,55200
ITC27Feb20240CE.NFO,07/01/2020,12:13:32,7.75,7.7,2400,7.85,12000,0,55200
ITC27Feb20240CE.NFO,07/01/2020,12:13:54,7.75,7.75,2400,8,2400,0,55200
ITC27Feb20240CE.NFO,07/01/2020,12:14:13,7.75,7.7,2400,8,2400,0,55200
ITC27Feb20240CE.NFO,07/01/2020,12:14:21,7.75,7.75,2400,8,2400,0,55200
ITC27Feb20240CE.NFO,07/01/2020,12:14:37,7.8,7.55,2400,7.8,12000,2400,55200
ITC27Feb20240CE.NFO,07/01/2020,12:14:40,7.8,7.6,2400,7.95,12000,0,55200
ITC27Feb20240CE.NFO,07/01/2020,12:14:42,7.8,7.55,2400,7.95,12000,0,55200
ITC27Feb20240CE.NFO,07/01/2020,12:14:51,7.8,7.5,2400,7.65,12000,0,55200
ITC27Feb20240CE.NFO,07/01/2020,12:14:56,7.8,7.55,2400,7.7,12000,0,55200
ITC27Feb20240CE.NFO,07/01/2020,12:14:59,7.8,7.5,2400,7.8,12000,0,55200
ITC27Feb20240CE.NFO,07/01/2020,12:15:03,7.8,7.5,2400,7.9,12000,0,55200
ITC27Feb20240CE.NFO,07/01/2020,12:15:16,7.8,7.55,2400,7.9,12000,0,55200
ITC27Feb20240CE.NFO,07/01/2020,12:15:29,7.8,7.55,2400,7.7,12000,0,55200
ITC27Feb20240CE.NFO,07/01/2020,12:15:54,7.8,7.5,2400,7.7,12000,0,55200
ITC27Feb20240CE.NFO,07/01/2020,12:15:59,7.8,7.6,4800,7.75,12000,0,55200
ITC27Feb20240CE.NFO,07/01/2020,12:16:04,7.8,7.6,4800,7.9,12000,0,55200
ITC27Feb20240CE.NFO,07/01/2020,12:16:08,7.8,7.65,2400,7.9,12000,0,55200
ITC27Feb20240CE.NFO,07/01/2020,12:16:12,7.8,7.5,2400,7.9,12000,0,55200
ITC27Feb20240CE.NFO,07/01/2020,12:16:24,7.8,7.55,2400,7.9,12000,0,55200
ITC27Feb20240CE.NFO,07/01/2020,12:16:52,7.8,7.5,2400,7.9,12000,0,55200
ITC27Feb20240CE.NFO,07/01/2020,12:17:13,7.8,7.5,2400,8,2400,0,55200
ITC27Feb20240CE.NFO,07/01/2020,12:17:21,7.8,7.3,2400,8,2400,0,55200
ITC27Feb20240CE.NFO,07/01/2020,12:19:23,7.8,7.55,2400,8,2400,0,55200
ITC27Feb20240CE.NFO,07/01/2020,12:19:27,7.8,7.6,4800,8,2400,0,55200
ITC27Feb20240CE.NFO,07/01/2020,12:19:29,7.8,7.7,2400,8,2400,0,55200
ITC27Feb20240CE.NFO,07/01/2020,12:19:39,7.8,7.65,2400,8,2400,0,55200
ITC27Feb20240CE.NFO,07/01/2020,12:19:48,7.8,7.7,2400,8,2400,0,55200
ITC27Feb20240CE.NFO,07/01/2020,12:26:28,7.8,7.8,2400,8,2400,0,55200
ITC27Feb20240CE.NFO,07/01/2020,12:26:33,7.8,7.95,2400,8,2400,0,55200
ITC27Feb20240CE.NFO,07/01/2020,12:26:37,8,7.8,2400,8.15,2400,2400,55200
ITC27Feb20240CE.NFO,07/01/2020,12:26:40,8,7.7,2400,8.15,2400,0,55200
ITC27Feb20240CE.NFO,07/01/2020,12:35:47,8,7.7,2400,8.05,2400,0,55200
ITC27Feb20240CE.NFO,07/01/2020,12:36:49,8,7.7,2400,8.15,2400,0,55200
ITC27Feb20240CE.NFO,07/01/2020,12:37:03,8,7.7,2400,8.05,2400,0,55200
ITC27Feb20240CE.NFO,07/01/2020,12:38:51,8,7.7,2400,8.15,2400,0,55200
ITC27Feb20240CE.NFO,07/01/2020,13:00:31,8,7.7,2400,8.05,2400,0,55200
ITC27Feb20240CE.NFO,07/01/2020,13:02:35,8,7.7,2400,8.15,2400,0,55200
ITC27Feb20240CE.NFO,07/01/2020,13:05:11,8,7.7,2400,8.05,2400,0,55200
ITC27Feb20240CE.NFO,07/01/2020,13:05:18,8,7.7,2400,8.15,2400,0,55200
ITC27Feb20240CE.NFO,07/01/2020,13:05:29,8,7.7,2400,8.05,2400,0,55200
ITC27Feb20240CE.NFO,07/01/2020,13:05:35,8,7.7,2400,8.15,2400,0,55200
ITC27Feb20240CE.NFO,07/01/2020,13:07:11,8,7.7,2400,8.05,2400,0,55200
ITC27Feb20240CE.NFO,07/01/2020,13:09:17,7.7,7.25,2400,8.05,2400,2400,55200
ITC27Feb20240CE.NFO,07/01/2020,13:09:17,7.7,7.25,2400,8.05,2400,0,55200
ITC27Feb20240CE.NFO,07/01/2020,13:09:32,7.7,7.25,2400,8.05,2400,0,55200
ITC27Feb20240CE.NFO,07/01/2020,13:12:32,7.7,7.25,2400,8.15,2400,0,55200
ITC27Feb20240CE.NFO,07/01/2020,13:13:52,7.7,7.25,2400,8.05,2400,0,55200
ITC27Feb20240CE.NFO,07/01/2020,13:14:14,7.7,7.25,2400,7.95,2400,0,55200
ITC27Feb20240CE.NFO,07/01/2020,13:14:18,7.7,7.25,2400,8.05,2400,0,55200
ITC27Feb20240CE.NFO,07/01/2020,13:16:20,7.7,7.25,2400,8.15,2400,0,55200
ITC27Feb20240CE.NFO,07/01/2020,13:16:26,7.7,7.25,2400,8.05,2400,0,55200
ITC27Feb20240CE.NFO,07/01/2020,13:17:06,7.7,7.25,2400,8.15,2400,0,55200
ITC27Feb20240CE.NFO,07/01/2020,13:17:27,7.7,7.25,2400,8.05,2400,0,55200
ITC27Feb20240CE.NFO,07/01/2020,13:18:40,7.7,7.25,2400,8.15,2400,0,55200
ITC27Feb20240CE.NFO,07/01/2020,13:18:45,7.7,7.25,2400,7.95,2400,0,55200
ITC27Feb20240CE.NFO,07/01/2020,13:18:50,7.7,7.25,2400,8.05,2400,0,55200
ITC27Feb20240CE.NFO,07/01/2020,13:27:50,7.7,7.25,2400,8.15,2400,0,55200
ITC27Feb20240CE.NFO,07/01/2020,13:28:03,7.7,7.25,2400,8.05,2400,0,55200
ITC27Feb20240CE.NFO,07/01/2020,13:28:19,7.7,7,2400,8.05,2400,0,55200
ITC27Feb20240CE.NFO,07/01/2020,13:28:52,7.7,7,2400,8.15,2400,0,55200
ITC27Feb20240CE.NFO,07/01/2020,13:28:59,7.7,7,2400,8.05,2400,0,55200
ITC27Feb20240CE.NFO,07/01/2020,13:30:02,7.7,7,2400,8.05,2400,0,57600
ITC27Feb20240CE.NFO,07/01/2020,13:34:14,7.7,7,2400,7.95,2400,0,57600
ITC27Feb20240CE.NFO,07/01/2020,13:34:45,7.7,7.1,2400,7.95,2400,0,57600
ITC27Feb20240CE.NFO,07/01/2020,13:35:07,7.7,7.2,2400,7.95,2400,0,57600
ITC27Feb20240CE.NFO,07/01/2020,13:35:19,7.7,7.2,2400,8.05,2400,0,57600
ITC27Feb20240CE.NFO,07/01/2020,13:35:53,7.7,7.1,2400,8.05,2400,0,57600
ITC27Feb20240CE.NFO,07/01/2020,13:37:16,7.7,7.1,2400,8.15,2400,0,57600
ITC27Feb20240CE.NFO,07/01/2020,13:37:35,7.7,7.1,2400,7.8,2400,0,57600
ITC27Feb20240CE.NFO,07/01/2020,13:38:23,7.7,7.1,2400,8.05,2400,0,57600
ITC27Feb20240CE.NFO,07/01/2020,13:38:43,7.7,7.1,2400,8.15,2400,0,57600
ITC27Feb20240CE.NFO,07/01/2020,13:38:47,7.7,7.1,2400,8.05,2400,0,57600
ITC27Feb20240CE.NFO,07/01/2020,13:39:14,7.7,7.1,2400,8.15,2400,0,57600
ITC27Feb20240CE.NFO,07/01/2020,13:40:32,7.7,7.1,2400,8.05,2400,0,57600
ITC27Feb20240CE.NFO,07/01/2020,13:43:02,7.7,7.1,2400,8.15,2400,0,57600
ITC27Feb20240CE.NFO,07/01/2020,13:43:14,7.7,7.1,2400,8.05,2400,0,57600
ITC27Feb20240CE.NFO,07/01/2020,13:48:24,7.7,7.1,2400,8.15,2400,0,57600
ITC27Feb20240CE.NFO,07/01/2020,13:48:35,7.7,7.1,2400,8.05,2400,0,57600
ITC27Feb20240CE.NFO,07/01/2020,13:48:48,7.7,7.1,2400,8,2400,0,57600
ITC27Feb20240CE.NFO,07/01/2020,13:49:18,7.7,7.1,2400,8.05,2400,0,57600
ITC27Feb20240CE.NFO,07/01/2020,13:49:51,7.7,7.35,2400,8.05,2400,0,57600
ITC27Feb20240CE.NFO,07/01/2020,13:52:56,7.7,7.25,2400,8.05,2400,0,57600
ITC27Feb20240CE.NFO,07/01/2020,13:53:00,7.7,7.35,2400,8.05,2400,0,57600
ITC27Feb20240CE.NFO,07/01/2020,13:53:14,7.7,7.35,2400,8.15,2400,0,57600
ITC27Feb20240CE.NFO,07/01/2020,13:53:24,7.7,7.35,2400,7.95,2400,0,57600
ITC27Feb20240CE.NFO,07/01/2020,13:53:27,7.7,7.35,2400,8.05,2400,0,57600
ITC27Feb20240CE.NFO,07/01/2020,13:54:01,7.7,7.25,2400,8.05,2400,0,57600
ITC27Feb20240CE.NFO,07/01/2020,13:54:20,7.7,7.35,2400,8.15,2400,0,57600
ITC27Feb20240CE.NFO,07/01/2020,13:54:34,7.7,7.25,2400,8.15,2400,0,57600
ITC27Feb20240CE.NFO,07/01/2020,13:54:38,7.7,7.25,2400,7.95,2400,0,57600
ITC27Feb20240CE.NFO,07/01/2020,13:54:43,7.7,7.1,2400,8.05,2400,0,57600
ITC27Feb20240CE.NFO,07/01/2020,13:56:46,7.7,7.1,2400,7.95,2400,0,57600
ITC27Feb20240CE.NFO,07/01/2020,13:56:59,7.7,7.1,2400,8.05,2400,0,57600
ITC27Feb20240CE.NFO,07/01/2020,13:57:03,7.7,7.1,2400,7.95,2400,0,57600
ITC27Feb20240CE.NFO,07/01/2020,13:57:09,7.7,7.1,2400,8.05,2400,0,57600
ITC27Feb20240CE.NFO,07/01/2020,13:57:12,7.7,7.1,2400,7.95,2400,0,57600
ITC27Feb20240CE.NFO,07/01/2020,13:57:24,7.7,7.1,2400,7.85,2400,0,57600
ITC27Feb20240CE.NFO,07/01/2020,13:59:28,7.7,7.15,2400,7.95,2400,0,57600
ITC27Feb20240CE.NFO,07/01/2020,14:00:50,7.7,7.15,2400,8.05,2400,0,57600
ITC27Feb20240CE.NFO,07/01/2020,14:00:57,7.7,7.15,2400,7.95,2400,0,57600
ITC27Feb20240CE.NFO,07/01/2020,14:02:23,7.7,7.25,2400,7.95,2400,0,57600
ITC27Feb20240CE.NFO,07/01/2020,14:02:28,7.7,7.15,2400,7.95,2400,0,57600
ITC27Feb20240CE.NFO,07/01/2020,14:03:03,7.7,7.25,2400,7.95,2400,0,57600
ITC27Feb20240CE.NFO,07/01/2020,14:03:07,7.7,7.25,2400,8.05,2400,0,57600
ITC27Feb20240CE.NFO,07/01/2020,14:03:21,7.7,7.15,2400,8.05,4800,0,57600
ITC27Feb20240CE.NFO,07/01/2020,14:03:28,7.7,7.15,2400,7.95,2400,0,57600
ITC27Feb20240CE.NFO,07/01/2020,14:04:24,7.25,7.15,2400,7.95,2400,2400,57600
ITC27Feb20240CE.NFO,07/01/2020,14:04:24,7.25,7.15,2400,7.95,2400,0,57600
ITC27Feb20240CE.NFO,07/01/2020,14:04:29,7.25,7.15,2400,8.05,2400,0,57600
ITC27Feb20240CE.NFO,07/01/2020,14:04:32,7.25,7.15,2400,7.95,2400,0,57600
ITC27Feb20240CE.NFO,07/01/2020,14:04:39,7.25,7.15,2400,8.05,4800,0,57600
ITC27Feb20240CE.NFO,07/01/2020,14:04:46,7.25,7.15,2400,7.95,2400,0,57600
ITC27Feb20240CE.NFO,07/01/2020,14:05:07,7.25,7.15,2400,7.6,2400,0,57600
ITC27Feb20240CE.NFO,07/01/2020,14:05:11,7.25,7.15,2400,7.3,2400,0,57600
ITC27Feb20240CE.NFO,07/01/2020,14:05:15,7.25,7.15,2400,7.95,2400,0,57600
ITC27Feb20240CE.NFO,07/01/2020,14:05:28,7.25,7.15,2400,7.85,2400,0,57600
ITC27Feb20240CE.NFO,07/01/2020,14:05:32,7.25,7.2,2400,7.95,2400,0,57600
ITC27Feb20240CE.NFO,07/01/2020,14:05:38,7.25,7.2,2400,7.85,2400,0,57600
ITC27Feb20240CE.NFO,07/01/2020,14:05:43,7.25,7.2,2400,7.95,2400,0,57600
ITC27Feb20240CE.NFO,07/01/2020,14:06:01,7.25,7.2,2400,7.85,2400,0,57600
ITC27Feb20240CE.NFO,07/01/2020,14:06:12,7.25,7.2,2400,7.95,2400,0,57600
ITC27Feb20240CE.NFO,07/01/2020,14:06:21,7.25,7.2,2400,7.85,2400,0,57600
ITC27Feb20240CE.NFO,07/01/2020,14:06:34,7.25,7.2,2400,7.95,2400,0,57600
ITC27Feb20240CE.NFO,07/01/2020,14:06:39,7.25,7.2,2400,7.85,2400,0,57600
ITC27Feb20240CE.NFO,07/01/2020,14:06:49,7.25,7.2,2400,7.95,2400,0,57600
ITC27Feb20240CE.NFO,07/01/2020,14:06:52,7.25,7.2,2400,7.85,2400,0,57600
ITC27Feb20240CE.NFO,07/01/2020,14:06:56,7.25,7.2,2400,7.95,2400,0,57600
ITC27Feb20240CE.NFO,07/01/2020,14:07:17,7.25,7.2,2400,7.85,2400,0,57600
ITC27Feb20240CE.NFO,07/01/2020,14:07:22,7.25,7.2,2400,7.95,2400,0,57600
ITC27Feb20240CE.NFO,07/01/2020,14:07:36,7.25,7.2,2400,7.85,2400,0,57600
ITC27Feb20240CE.NFO,07/01/2020,14:07:53,7.25,7.2,2400,7.95,2400,0,57600
ITC27Feb20240CE.NFO,07/01/2020,14:07:58,7.25,7.2,2400,7.85,2400,0,57600
ITC27Feb20240CE.NFO,07/01/2020,14:08:08,7.25,7.2,2400,7.95,2400,0,57600
ITC27Feb20240CE.NFO,07/01/2020,14:08:13,7.25,7.2,2400,7.85,2400,0,57600
ITC27Feb20240CE.NFO,07/01/2020,14:08:18,7.25,7.2,2400,7.95,2400,0,57600
ITC27Feb20240CE.NFO,07/01/2020,14:08:22,7.25,7.2,2400,7.85,2400,0,57600
ITC27Feb20240CE.NFO,07/01/2020,14:09:07,7.25,7.2,2400,7.95,2400,0,57600
ITC27Feb20240CE.NFO,07/01/2020,14:09:11,7.25,7.2,2400,7.85,2400,0,57600
ITC27Feb20240CE.NFO,07/01/2020,14:09:42,7.25,7.2,2400,7.95,2400,0,57600
ITC27Feb20240CE.NFO,07/01/2020,14:09:56,7.25,7.2,2400,7.85,2400,0,57600
ITC27Feb20240CE.NFO,07/01/2020,14:10:05,7.25,7.2,2400,8.05,2400,0,57600
ITC27Feb20240CE.NFO,07/01/2020,14:10:12,7.25,7.2,2400,7.85,2400,0,57600
ITC27Feb20240CE.NFO,07/01/2020,14:10:18,7.25,7.2,2400,7.95,2400,0,57600
ITC27Feb20240CE.NFO,07/01/2020,14:10:23,7.25,7.2,2400,7.85,2400,0,57600
ITC27Feb20240CE.NFO,07/01/2020,14:10:28,7.25,7.2,2400,7.95,2400,0,57600
ITC27Feb20240CE.NFO,07/01/2020,14:10:32,7.25,7.2,2400,8.05,2400,0,57600
ITC27Feb20240CE.NFO,07/01/2020,14:10:42,7.25,7.2,2400,7.85,2400,0,57600
ITC27Feb20240CE.NFO,07/01/2020,14:10:46,7.25,7.2,2400,8.05,2400,0,57600
ITC27Feb20240CE.NFO,07/01/2020,14:10:50,7.25,7.2,2400,7.85,2400,0,57600
ITC27Feb20240CE.NFO,07/01/2020,14:10:53,7.25,7.2,2400,7.95,2400,0,57600
ITC27Feb20240CE.NFO,07/01/2020,14:11:06,7.25,7.2,2400,7.85,2400,0,57600
ITC27Feb20240CE.NFO,07/01/2020,14:11:21,7.25,7.2,2400,7.95,2400,0,57600
ITC27Feb20240CE.NFO,07/01/2020,14:11:28,7.25,7.2,2400,8.05,2400,0,57600
ITC27Feb20240CE.NFO,07/01/2020,14:11:32,7.25,7.2,2400,7.95,2400,0,57600
ITC27Feb20240CE.NFO,07/01/2020,14:11:54,7.25,7.2,2400,8.05,2400,0,57600
ITC27Feb20240CE.NFO,07/01/2020,14:11:58,7.25,7.25,2400,8.05,2400,0,57600
ITC27Feb20240CE.NFO,07/01/2020,14:12:02,7.25,7.25,2400,7.95,2400,0,57600
ITC27Feb20240CE.NFO,07/01/2020,14:12:06,7.25,7.25,2400,8.05,2400,0,57600
ITC27Feb20240CE.NFO,07/01/2020,14:12:12,7.25,7.25,2400,7.95,2400,0,57600
ITC27Feb20240CE.NFO,07/01/2020,14:12:41,7.25,7.25,2400,8.05,2400,0,57600
ITC27Feb20240CE.NFO,07/01/2020,14:12:45,7.25,7.25,2400,7.95,2400,0,57600
ITC27Feb20240CE.NFO,07/01/2020,14:12:59,7.25,7.25,2400,8.05,2400,0,57600
ITC27Feb20240CE.NFO,07/01/2020,14:13:03,7.25,7.25,2400,7.95,2400,0,57600
ITC27Feb20240CE.NFO,07/01/2020,14:13:20,7.25,7.25,2400,8.05,2400,0,57600
ITC27Feb20240CE.NFO,07/01/2020,14:13:24,7.25,7.25,2400,7.95,2400,0,57600
ITC27Feb20240CE.NFO,07/01/2020,14:13:30,7.25,7.25,2400,8.05,2400,0,57600
ITC27Feb20240CE.NFO,07/01/2020,14:13:37,7.25,7.25,2400,7.95,2400,0,57600
ITC27Feb20240CE.NFO,07/01/2020,14:13:44,7.25,7.25,2400,8.15,2400,0,57600
ITC27Feb20240CE.NFO,07/01/2020,14:13:50,7.25,7.25,2400,8.05,2400,0,57600
ITC27Feb20240CE.NFO,07/01/2020,14:14:18,7.25,7.3,9600,8.05,2400,0,57600
ITC27Feb20240CE.NFO,07/01/2020,14:14:28,7.25,7.25,2400,8.05,2400,0,57600
ITC27Feb20240CE.NFO,07/01/2020,14:15:01,7.25,6.55,2400,8.05,2400,0,57600
ITC27Feb20240CE.NFO,07/01/2020,14:15:08,7.25,6.65,2400,8.05,2400,0,57600
ITC27Feb20240CE.NFO,07/01/2020,14:15:32,7.25,6.75,2400,8.05,2400,0,57600
ITC27Feb20240CE.NFO,07/01/2020,14:16:21,7.25,6.65,2400,8.05,2400,0,57600
ITC27Feb20240CE.NFO,07/01/2020,14:16:54,7.25,6.8,2400,8.05,2400,0,57600
ITC27Feb20240CE.NFO,07/01/2020,14:17:17,7.25,7.25,2400,8.05,2400,0,57600
ITC27Feb20240CE.NFO,07/01/2020,14:19:25,7.25,7.25,2400,7.4,12000,0,57600
ITC27Feb20240CE.NFO,07/01/2020,14:19:30,7.25,7.25,2400,7.55,12000,0,57600
ITC27Feb20240CE.NFO,07/01/2020,14:30:13,7.25,7.25,2400,7.65,12000,0,57600
ITC27Feb20240CE.NFO,07/01/2020,14:30:55,7.25,7.25,2400,8.05,2400,0,57600
ITC27Feb20240CE.NFO,07/01/2020,14:31:24,7.5,7.25,2400,7.6,12000,2400,60000
ITC27Feb20240CE.NFO,07/01/2020,14:31:37,7.5,7.25,2400,7.6,12000,0,60000
ITC27Feb20240CE.NFO,07/01/2020,14:33:24,7.5,7.25,2400,8.05,2400,0,60000
ITC27Feb20240CE.NFO,07/01/2020,14:33:54,7.5,7.25,2400,7.4,12000,0,60000
ITC27Feb20240CE.NFO,07/01/2020,14:34:09,7.5,7.25,2400,7.6,12000,0,60000
ITC27Feb20240CE.NFO,07/01/2020,14:35:32,7.5,7.25,2400,7.9,12000,0,60000
ITC27Feb20240CE.NFO,07/01/2020,14:35:38,7.5,7.25,2400,7.6,12000,0,60000
ITC27Feb20240CE.NFO,07/01/2020,14:35:44,7.5,7.25,2400,8,12000,0,60000
