Ticker,Date,Time,LTP,BuyPrice,BuyQty,SellPrice,SellQty,LTQ,OpenInterest
ITC27Feb20255CE.NFO,07/01/2020,10:12:10,3.25,2.95,12000,3.35,12000,4800,0
ITC27Feb20255CE.NFO,07/01/2020,10:12:10,3.25,2.95,12000,3.35,12000,0,0
ITC27Feb20255CE.NFO,07/01/2020,10:12:10,3.25,2.95,12000,3.35,12000,0,0
ITC27Feb20255CE.NFO,07/01/2020,10:12:10,3.25,2.95,12000,3.35,12000,0,0
ITC27Feb20255CE.NFO,07/01/2020,10:12:16,3.25,2.95,12000,3.35,12000,0,0
ITC27Feb20255CE.NFO,07/01/2020,10:13:43,3.25,1.95,43200,4.6,38400,0,0
ITC27Feb20255CE.NFO,07/01/2020,10:13:49,3.25,3,12000,3.25,12000,0,0
ITC27Feb20255CE.NFO,07/01/2020,10:13:55,3.25,1.95,43200,4.6,38400,0,0
ITC27Feb20255CE.NFO,07/01/2020,10:14:25,3.25,3,12000,3.25,12000,0,0
ITC27Feb20255CE.NFO,07/01/2020,10:16:16,3.25,3,12000,3.45,12000,0,0
ITC27Feb20255CE.NFO,07/01/2020,10:17:22,3.25,1.95,43200,4.6,38400,0,0
ITC27Feb20255CE.NFO,07/01/2020,10:17:36,3.25,1.95,43200,4.6,33600,0,0
ITC27Feb20255CE.NFO,07/01/2020,10:18:09,3.25,1.95,43200,4.6,24000,0,0
ITC27Feb20255CE.NFO,07/01/2020,10:18:17,3.25,1.95,43200,4.6,28800,0,0
ITC27Feb20255CE.NFO,07/01/2020,10:18:25,3.25,1.95,43200,4.6,24000,0,0
ITC27Feb20255CE.NFO,07/01/2020,10:18:45,3.25,1.95,43200,4.6,28800,0,0
ITC27Feb20255CE.NFO,07/01/2020,10:19:04,3.25,1.95,43200,4.6,33600,0,0
ITC27Feb20255CE.NFO,07/01/2020,10:20:27,3.25,1.95,43200,4.6,38400,0,0
ITC27Feb20255CE.NFO,07/01/2020,10:20:35,3.25,1.95,43200,4.6,33600,0,0
ITC27Feb20255CE.NFO,07/01/2020,10:21:03,3.25,1.95,43200,4.6,38400,0,0
ITC27Feb20255CE.NFO,07/01/2020,10:21:07,3.25,1.95,43200,4.6,33600,0,0
ITC27Feb20255CE.NFO,07/01/2020,10:22:04,3.25,1.95,43200,4.6,38400,0,0
ITC27Feb20255CE.NFO,07/01/2020,10:22:12,3.25,1.95,43200,4.6,33600,0,0
ITC27Feb20255CE.NFO,07/01/2020,10:22:39,3.25,1.95,43200,4.6,38400,0,0
ITC27Feb20255CE.NFO,07/01/2020,10:22:44,3.25,1.95,43200,4.6,33600,0,0
ITC27Feb20255CE.NFO,07/01/2020,10:22:50,3.25,1.95,43200,4.6,38400,0,0
ITC27Feb20255CE.NFO,07/01/2020,10:30:30,3.25,1.95,43200,4.6,38400,0,4800
ITC27Feb20255CE.NFO,07/01/2020,10:34:23,3.25,1.95,43200,4.6,33600,0,4800
ITC27Feb20255CE.NFO,07/01/2020,10:39:02,3.25,1.95,43200,4.6,28800,0,4800
ITC27Feb20255CE.NFO,07/01/2020,10:43:55,3.25,1.95,43200,4.6,33600,0,4800
ITC27Feb20255CE.NFO,07/01/2020,10:44:18,3.25,1.95,43200,4.6,28800,0,4800
ITC27Feb20255CE.NFO,07/01/2020,10:44:21,3.25,1.95,43200,4.6,33600,0,4800
ITC27Feb20255CE.NFO,07/01/2020,10:44:32,3.25,1.95,43200,4.6,28800,0,4800
ITC27Feb20255CE.NFO,07/01/2020,10:47:54,3.25,1.95,43200,4.6,33600,0,4800
ITC27Feb20255CE.NFO,07/01/2020,10:50:18,3.25,1.95,43200,4.6,28800,0,4800
ITC27Feb20255CE.NFO,07/01/2020,10:51:00,3.25,1.95,43200,4.6,33600,0,4800
ITC27Feb20255CE.NFO,07/01/2020,10:51:06,3.25,1.95,43200,4.6,28800,0,4800
ITC27Feb20255CE.NFO,07/01/2020,10:51:10,3.25,1.95,43200,4.6,33600,0,4800
ITC27Feb20255CE.NFO,07/01/2020,10:51:22,3.25,1.95,43200,4.6,28800,0,4800
ITC27Feb20255CE.NFO,07/01/2020,10:51:41,3.25,1.95,43200,4.6,33600,0,4800
ITC27Feb20255CE.NFO,07/01/2020,10:54:46,3.25,1.95,43200,4.6,28800,0,4800
ITC27Feb20255CE.NFO,07/01/2020,10:54:56,3.25,1.95,43200,4.6,33600,0,4800
ITC27Feb20255CE.NFO,07/01/2020,10:57:47,3.25,1.95,38400,4.6,33600,0,4800
ITC27Feb20255CE.NFO,07/01/2020,10:57:53,3.25,1.95,43200,4.6,33600,0,4800
ITC27Feb20255CE.NFO,07/01/2020,10:58:11,3.25,1.95,43200,4.6,38400,0,4800
ITC27Feb20255CE.NFO,07/01/2020,10:58:18,3.25,1.95,43200,4.6,33600,0,4800
ITC27Feb20255CE.NFO,07/01/2020,11:01:04,3.25,1.95,43200,4.6,38400,0,4800
ITC27Feb20255CE.NFO,07/01/2020,11:01:19,3.25,1.95,43200,4.6,33600,0,4800
ITC27Feb20255CE.NFO,07/01/2020,11:01:27,3.25,1.95,43200,4.6,38400,0,4800
ITC27Feb20255CE.NFO,07/01/2020,11:01:50,3.25,1.95,43200,4.6,33600,0,4800
ITC27Feb20255CE.NFO,07/01/2020,11:01:58,3.25,1.95,43200,4.6,38400,0,4800
ITC27Feb20255CE.NFO,07/01/2020,11:02:25,3.25,1.95,43200,4.6,33600,0,4800
ITC27Feb20255CE.NFO,07/01/2020,11:02:31,3.25,1.95,43200,4.6,38400,0,4800
ITC27Feb20255CE.NFO,07/01/2020,11:02:57,3.25,1.95,43200,4.6,33600,0,4800
ITC27Feb20255CE.NFO,07/01/2020,11:03:03,3.25,1.95,43200,4.6,38400,0,4800
ITC27Feb20255CE.NFO,07/01/2020,11:06:01,3.25,1.95,43200,4.6,33600,0,4800
ITC27Feb20255CE.NFO,07/01/2020,11:06:14,3.25,1.95,43200,4.6,38400,0,4800
ITC27Feb20255CE.NFO,07/01/2020,11:08:37,3.25,1.95,43200,4.6,33600,0,4800
ITC27Feb20255CE.NFO,07/01/2020,11:09:25,3.25,3,12000,3.25,12000,0,4800
ITC27Feb20255CE.NFO,07/01/2020,11:10:33,3.25,2.95,12000,3.25,12000,0,4800
ITC27Feb20255CE.NFO,07/01/2020,11:10:59,3.25,2.9,12000,3.25,12000,0,4800
ITC27Feb20255CE.NFO,07/01/2020,11:11:15,3.25,2.45,12000,3.25,12000,0,4800
ITC27Feb20255CE.NFO,07/01/2020,11:11:21,3.25,2.8,12000,3.25,12000,0,4800
ITC27Feb20255CE.NFO,07/01/2020,11:11:36,3.25,2.75,12000,3.25,12000,0,4800
ITC27Feb20255CE.NFO,07/01/2020,11:12:59,3.25,1.95,43200,4.6,43200,0,4800
ITC27Feb20255CE.NFO,07/01/2020,12:13:32,3.25,2.8,12000,3.05,12000,0,4800
ITC27Feb20255CE.NFO,07/01/2020,12:13:54,3.25,2.8,12000,3.2,12000,0,4800
ITC27Feb20255CE.NFO,07/01/2020,12:14:52,3.25,2.75,12000,3.2,12000,0,4800
ITC27Feb20255CE.NFO,07/01/2020,12:17:13,3.25,1.95,43200,4.6,43200,0,4800
ITC27Feb20255CE.NFO,07/01/2020,13:07:06,3.25,1.95,38400,4.6,43200,0,4800
ITC27Feb20255CE.NFO,07/01/2020,13:07:11,3.25,1.95,43200,4.6,43200,0,4800
ITC27Feb20255CE.NFO,07/01/2020,13:07:47,3.25,1.95,38400,4.6,43200,0,4800
ITC27Feb20255CE.NFO,07/01/2020,13:08:55,3.25,1.95,33600,4.6,43200,0,4800
ITC27Feb20255CE.NFO,07/01/2020,13:09:09,3.25,1.95,28800,4.6,43200,0,4800
ITC27Feb20255CE.NFO,07/01/2020,13:09:38,3.25,2,19200,4.6,43200,0,4800
ITC27Feb20255CE.NFO,07/01/2020,13:09:50,3.25,2,14400,4.6,43200,0,4800
ITC27Feb20255CE.NFO,07/01/2020,13:09:57,3.25,2,19200,4.6,43200,0,4800
ITC27Feb20255CE.NFO,07/01/2020,13:11:40,3.25,2,24000,4.6,43200,0,4800
ITC27Feb20255CE.NFO,07/01/2020,13:12:11,3.25,2,33600,4.6,43200,0,4800
ITC27Feb20255CE.NFO,07/01/2020,13:12:17,3.25,2,24000,4.6,43200,0,4800
ITC27Feb20255CE.NFO,07/01/2020,13:12:38,3.25,2,19200,4.6,43200,0,4800
ITC27Feb20255CE.NFO,07/01/2020,13:12:46,3.25,2,24000,4.6,43200,0,4800
ITC27Feb20255CE.NFO,07/01/2020,13:12:50,3.25,2,19200,4.6,43200,0,4800
ITC27Feb20255CE.NFO,07/01/2020,13:14:03,3.25,2,14400,4.6,43200,0,4800
ITC27Feb20255CE.NFO,07/01/2020,13:14:09,3.25,2,19200,4.6,43200,0,4800
ITC27Feb20255CE.NFO,07/01/2020,13:14:22,3.25,2,14400,4.6,43200,0,4800
ITC27Feb20255CE.NFO,07/01/2020,13:14:26,3.25,2,19200,4.6,43200,0,4800
ITC27Feb20255CE.NFO,07/01/2020,13:16:07,3.25,2,33600,4.6,43200,0,4800
ITC27Feb20255CE.NFO,07/01/2020,13:16:20,3.25,2,19200,4.6,43200,0,4800
ITC27Feb20255CE.NFO,07/01/2020,13:16:26,3.25,2,24000,4.6,43200,0,4800
ITC27Feb20255CE.NFO,07/01/2020,13:16:50,3.25,2,19200,4.6,43200,0,4800
ITC27Feb20255CE.NFO,07/01/2020,13:17:06,3.25,2,24000,4.6,43200,0,4800
ITC27Feb20255CE.NFO,07/01/2020,13:18:27,3.25,2,28800,4.6,43200,0,4800
ITC27Feb20255CE.NFO,07/01/2020,13:18:50,3.25,2,33600,4.6,43200,0,4800
ITC27Feb20255CE.NFO,07/01/2020,13:19:27,3.25,2,28800,4.6,43200,0,4800
ITC27Feb20255CE.NFO,07/01/2020,13:19:36,3.25,2,24000,4.6,43200,0,4800
ITC27Feb20255CE.NFO,07/01/2020,13:19:46,3.25,2,28800,4.6,43200,0,4800
ITC27Feb20255CE.NFO,07/01/2020,13:20:23,3.25,2,33600,4.6,43200,0,4800
ITC27Feb20255CE.NFO,07/01/2020,13:21:06,3.25,2,24000,4.6,43200,0,4800
ITC27Feb20255CE.NFO,07/01/2020,13:22:02,3.25,2,28800,4.6,43200,0,4800
ITC27Feb20255CE.NFO,07/01/2020,13:22:08,3.25,2,33600,4.6,43200,0,4800
ITC27Feb20255CE.NFO,07/01/2020,13:22:13,3.25,2,28800,4.6,43200,0,4800
ITC27Feb20255CE.NFO,07/01/2020,13:22:20,3.25,2,33600,4.6,43200,0,4800
ITC27Feb20255CE.NFO,07/01/2020,13:22:25,3.25,2,28800,4.6,43200,0,4800
ITC27Feb20255CE.NFO,07/01/2020,13:25:18,3.25,2,33600,4.6,43200,0,4800
ITC27Feb20255CE.NFO,07/01/2020,13:25:25,3.25,2,28800,4.6,43200,0,4800
ITC27Feb20255CE.NFO,07/01/2020,13:26:00,3.25,2,33600,4.6,43200,0,4800
ITC27Feb20255CE.NFO,07/01/2020,13:28:24,3.25,2,28800,4.6,43200,0,4800
ITC27Feb20255CE.NFO,07/01/2020,13:30:32,3.25,2,19200,4.6,43200,0,4800
ITC27Feb20255CE.NFO,07/01/2020,13:32:05,3.25,2,9600,4.6,43200,0,4800
ITC27Feb20255CE.NFO,07/01/2020,13:32:12,3.25,2,19200,4.6,43200,0,4800
ITC27Feb20255CE.NFO,07/01/2020,13:32:40,3.25,2,9600,4.6,43200,0,4800
ITC27Feb20255CE.NFO,07/01/2020,13:32:56,3.25,2,19200,4.6,43200,0,4800
ITC27Feb20255CE.NFO,07/01/2020,13:33:30,3.25,2,9600,4.6,43200,0,4800
ITC27Feb20255CE.NFO,07/01/2020,13:34:09,3.25,2,4800,4.6,43200,0,4800
ITC27Feb20255CE.NFO,07/01/2020,13:34:14,3.25,1.85,38400,4.6,43200,0,4800
ITC27Feb20255CE.NFO,07/01/2020,13:36:02,3.25,1.85,43200,4.6,43200,0,4800
ITC27Feb20255CE.NFO,07/01/2020,13:36:59,3.25,1.85,38400,4.6,43200,0,4800
ITC27Feb20255CE.NFO,07/01/2020,13:37:04,3.25,1.85,43200,4.6,43200,0,4800
ITC27Feb20255CE.NFO,07/01/2020,13:37:49,3.25,1.85,38400,4.6,43200,0,4800
ITC27Feb20255CE.NFO,07/01/2020,13:38:04,3.25,1.85,43200,4.6,43200,0,4800
ITC27Feb20255CE.NFO,07/01/2020,13:39:40,3.25,1.85,38400,4.6,43200,0,4800
ITC27Feb20255CE.NFO,07/01/2020,13:39:51,3.25,1.85,43200,4.6,43200,0,4800
ITC27Feb20255CE.NFO,07/01/2020,13:40:38,3.25,1.85,38400,4.6,43200,0,4800
ITC27Feb20255CE.NFO,07/01/2020,13:40:45,3.25,1.85,43200,4.6,43200,0,4800
ITC27Feb20255CE.NFO,07/01/2020,13:41:07,3.25,1.85,38400,4.6,43200,0,4800
ITC27Feb20255CE.NFO,07/01/2020,13:41:12,3.25,1.85,43200,4.6,43200,0,4800
ITC27Feb20255CE.NFO,07/01/2020,13:41:29,3.25,1.85,38400,4.6,43200,0,4800
ITC27Feb20255CE.NFO,07/01/2020,13:41:36,3.25,1.85,43200,4.6,43200,0,4800
ITC27Feb20255CE.NFO,07/01/2020,13:41:39,3.25,1.85,38400,4.6,43200,0,4800
ITC27Feb20255CE.NFO,07/01/2020,13:41:45,3.25,1.85,43200,4.6,43200,0,4800
ITC27Feb20255CE.NFO,07/01/2020,13:41:49,3.25,1.85,38400,4.6,43200,0,4800
ITC27Feb20255CE.NFO,07/01/2020,13:42:09,3.25,1.85,43200,4.6,43200,0,4800
ITC27Feb20255CE.NFO,07/01/2020,13:43:32,3.25,1.85,38400,4.6,43200,0,4800
ITC27Feb20255CE.NFO,07/01/2020,13:43:58,3.25,1.85,43200,4.6,43200,0,4800
ITC27Feb20255CE.NFO,07/01/2020,13:44:02,3.25,1.85,38400,4.6,43200,0,4800
ITC27Feb20255CE.NFO,07/01/2020,13:44:10,3.25,1.85,43200,4.6,43200,0,4800
ITC27Feb20255CE.NFO,07/01/2020,13:44:13,3.25,1.85,38400,4.6,43200,0,4800
ITC27Feb20255CE.NFO,07/01/2020,13:44:17,3.25,1.85,43200,4.6,43200,0,4800
ITC27Feb20255CE.NFO,07/01/2020,13:56:27,3.25,1.85,38400,4.6,43200,0,4800
ITC27Feb20255CE.NFO,07/01/2020,14:10:46,3.25,1.85,43200,4.6,43200,0,4800
ITC27Feb20255CE.NFO,07/01/2020,14:10:50,3.25,1.85,38400,4.6,43200,0,4800
ITC27Feb20255CE.NFO,07/01/2020,14:10:59,3.25,1.85,43200,4.6,43200,0,4800
ITC27Feb20255CE.NFO,07/01/2020,14:11:10,3.25,1.85,38400,4.6,43200,0,4800
ITC27Feb20255CE.NFO,07/01/2020,14:11:45,3.25,1.85,43200,4.6,43200,0,4800
ITC27Feb20255CE.NFO,07/01/2020,14:19:46,3.25,1.85,38400,4.6,43200,0,4800
ITC27Feb20255CE.NFO,07/01/2020,14:19:59,3.25,1.85,43200,4.6,43200,0,4800
ITC27Feb20255CE.NFO,07/01/2020,14:20:04,3.25,1.85,38400,4.6,43200,0,4800
ITC27Feb20255CE.NFO,07/01/2020,14:20:19,3.25,1.85,43200,4.6,43200,0,4800
ITC27Feb20255CE.NFO,07/01/2020,15:29:25,3.25,2,36000,4.6,43200,0,4800
ITC27Feb20255CE.NFO,07/01/2020,15:29:53,3.25,2,40800,4.6,43200,0,4800
ITC27Feb20255CE.NFO,07/01/2020,15:30:01,3.25,2,36000,4.6,43200,0,4800
