Ticker,Date,Time,LTP,BuyPrice,BuyQty,SellPrice,SellQty,LTQ,OpenInterest
ITC30Jan20242.5CE.NFO,07/01/2020,09:15:08,3.25,3.1,2400,4,12000,2400,698400
ITC30Jan20242.5CE.NFO,07/01/2020,09:15:08,3.25,3.1,2400,4,12000,0,698400
ITC30Jan20242.5CE.NFO,07/01/2020,09:15:08,3.25,3.1,2400,4,12000,0,698400
ITC30Jan20242.5CE.NFO,07/01/2020,09:15:08,3.25,3.1,2400,4,12000,0,698400
ITC30Jan20242.5CE.NFO,07/01/2020,09:15:17,3.25,3.2,2400,3.75,2400,0,698400
ITC30Jan20242.5CE.NFO,07/01/2020,09:15:27,3.25,3.15,2400,3.65,2400,0,698400
ITC30Jan20242.5CE.NFO,07/01/2020,09:15:37,3.25,3.15,9600,3.55,4800,0,698400
ITC30Jan20242.5CE.NFO,07/01/2020,09:16:08,3.25,3.3,12000,3.35,2400,0,698400
ITC30Jan20242.5CE.NFO,07/01/2020,09:16:20,3.35,3.35,2400,3.55,4800,2400,698400
ITC30Jan20242.5CE.NFO,07/01/2020,09:16:20,3.35,3.35,2400,3.55,4800,0,698400
ITC30Jan20242.5CE.NFO,07/01/2020,09:16:31,3.35,3.35,7200,3.55,2400,2400,698400
ITC30Jan20242.5CE.NFO,07/01/2020,09:16:41,3.35,3.35,7200,3.55,2400,0,698400
ITC30Jan20242.5CE.NFO,07/01/2020,09:16:52,3.35,3.35,2400,3.4,2400,0,698400
ITC30Jan20242.5CE.NFO,07/01/2020,09:17:03,3.35,3.25,7200,3.4,7200,0,698400
ITC30Jan20242.5CE.NFO,07/01/2020,09:17:13,3.35,3.25,2400,3.4,7200,0,698400
ITC30Jan20242.5CE.NFO,07/01/2020,09:17:32,3.35,3.25,2400,3.45,4800,0,698400
ITC30Jan20242.5CE.NFO,07/01/2020,09:17:41,3.35,3.3,2400,3.45,4800,0,698400
ITC30Jan20242.5CE.NFO,07/01/2020,09:17:51,3.35,3.25,2400,3.45,4800,2400,698400
ITC30Jan20242.5CE.NFO,07/01/2020,09:18:00,3.35,3.3,4800,3.45,4800,0,698400
ITC30Jan20242.5CE.NFO,07/01/2020,09:18:09,3.3,3.3,4800,3.45,4800,4800,698400
ITC30Jan20242.5CE.NFO,07/01/2020,09:18:17,3.3,3.3,7200,3.45,4800,0,698400
ITC30Jan20242.5CE.NFO,07/01/2020,09:18:24,3.3,3.3,12000,3.45,4800,0,698400
ITC30Jan20242.5CE.NFO,07/01/2020,09:18:31,3.3,3.35,2400,3.45,4800,0,698400
ITC30Jan20242.5CE.NFO,07/01/2020,09:18:39,3.3,3.3,12000,3.45,4800,0,698400
ITC30Jan20242.5CE.NFO,07/01/2020,09:18:54,3.3,3.25,12000,3.35,4800,0,698400
ITC30Jan20242.5CE.NFO,07/01/2020,09:19:01,3.3,3.25,12000,3.45,4800,0,698400
ITC30Jan20242.5CE.NFO,07/01/2020,09:19:08,3.3,3.3,2400,3.45,4800,0,698400
ITC30Jan20242.5CE.NFO,07/01/2020,09:19:22,3.3,3.3,2400,3.45,12000,2400,698400
ITC30Jan20242.5CE.NFO,07/01/2020,09:19:29,3.3,3.25,14400,3.45,12000,0,698400
ITC30Jan20242.5CE.NFO,07/01/2020,09:19:36,3.3,3.25,2400,3.35,14400,0,698400
ITC30Jan20242.5CE.NFO,07/01/2020,09:19:43,3.3,3.25,7200,3.35,16800,0,698400
ITC30Jan20242.5CE.NFO,07/01/2020,09:19:57,3.3,3.25,2400,3.35,16800,0,698400
ITC30Jan20242.5CE.NFO,07/01/2020,09:20:03,3.3,3.25,14400,3.35,14400,0,698400
ITC30Jan20242.5CE.NFO,07/01/2020,09:20:09,3.3,3.25,19200,3.35,7200,0,698400
ITC30Jan20242.5CE.NFO,07/01/2020,09:20:16,3.3,3.25,16800,3.35,7200,0,698400
ITC30Jan20242.5CE.NFO,07/01/2020,09:20:22,3.25,3.2,19200,3.3,7200,4800,700800
ITC30Jan20242.5CE.NFO,07/01/2020,09:20:28,3.25,3.2,19200,3.3,7200,0,700800
ITC30Jan20242.5CE.NFO,07/01/2020,09:20:35,3.25,3.2,21600,3.3,7200,0,700800
ITC30Jan20242.5CE.NFO,07/01/2020,09:20:47,3.25,3.2,21600,3.3,14400,0,700800
ITC30Jan20242.5CE.NFO,07/01/2020,09:20:54,3.25,3.25,7200,3.35,9600,0,700800
ITC30Jan20242.5CE.NFO,07/01/2020,09:21:00,3.25,3.25,4800,3.3,2400,0,700800
ITC30Jan20242.5CE.NFO,07/01/2020,09:21:07,3.25,3.2,16800,3.3,16800,0,700800
ITC30Jan20242.5CE.NFO,07/01/2020,09:21:15,3.25,3.25,2400,3.3,16800,0,700800
ITC30Jan20242.5CE.NFO,07/01/2020,09:21:23,3.25,3.2,9600,3.3,19200,0,700800
ITC30Jan20242.5CE.NFO,07/01/2020,09:21:29,3.25,3.2,7200,3.3,19200,2400,700800
ITC30Jan20242.5CE.NFO,07/01/2020,09:21:42,3.25,3.2,7200,3.3,19200,0,700800
ITC30Jan20242.5CE.NFO,07/01/2020,09:21:49,3.25,3.2,12000,3.3,19200,0,700800
ITC30Jan20242.5CE.NFO,07/01/2020,09:21:56,3.25,3.2,9600,3.3,19200,0,700800
ITC30Jan20242.5CE.NFO,07/01/2020,09:22:02,3.3,3.25,2400,3.35,7200,2400,700800
ITC30Jan20242.5CE.NFO,07/01/2020,09:22:09,3.35,3.25,19200,3.4,24000,2400,700800
ITC30Jan20242.5CE.NFO,07/01/2020,09:22:16,3.35,3.25,24000,3.35,16800,0,700800
ITC30Jan20242.5CE.NFO,07/01/2020,09:22:29,3.35,3.3,14400,3.4,12000,0,700800
ITC30Jan20242.5CE.NFO,07/01/2020,09:22:36,3.35,3.35,7200,3.4,2400,0,700800
ITC30Jan20242.5CE.NFO,07/01/2020,09:22:43,3.35,3.3,14400,3.4,16800,0,700800
ITC30Jan20242.5CE.NFO,07/01/2020,09:22:49,3.35,3.3,2400,3.4,21600,0,700800
ITC30Jan20242.5CE.NFO,07/01/2020,09:22:55,3.4,3.35,2400,3.45,16800,4800,700800
ITC30Jan20242.5CE.NFO,07/01/2020,09:22:55,3.4,3.35,2400,3.45,16800,0,700800
ITC30Jan20242.5CE.NFO,07/01/2020,09:23:02,3.4,3.3,2400,3.35,12000,0,700800
ITC30Jan20242.5CE.NFO,07/01/2020,09:23:07,3.4,3.25,7200,3.35,16800,0,700800
ITC30Jan20242.5CE.NFO,07/01/2020,09:23:13,3.4,3.25,2400,3.35,16800,0,700800
ITC30Jan20242.5CE.NFO,07/01/2020,09:23:25,3.4,3.2,12000,3.35,16800,0,700800
ITC30Jan20242.5CE.NFO,07/01/2020,09:23:31,3.4,3.2,12000,3.35,19200,0,700800
ITC30Jan20242.5CE.NFO,07/01/2020,09:23:37,3.4,3.2,14400,3.35,14400,0,700800
ITC30Jan20242.5CE.NFO,07/01/2020,09:23:50,3.4,3.25,24000,3.35,12000,0,700800
ITC30Jan20242.5CE.NFO,07/01/2020,09:23:55,3.4,3.3,12000,3.4,7200,0,700800
ITC30Jan20242.5CE.NFO,07/01/2020,09:24:01,3.4,3.3,14400,3.4,14400,0,700800
ITC30Jan20242.5CE.NFO,07/01/2020,09:24:13,3.4,3.3,9600,3.4,16800,0,700800
ITC30Jan20242.5CE.NFO,07/01/2020,09:24:19,3.4,3.3,4800,3.4,14400,0,700800
ITC30Jan20242.5CE.NFO,07/01/2020,09:24:25,3.4,3.35,2400,3.4,4800,0,700800
ITC30Jan20242.5CE.NFO,07/01/2020,09:24:31,3.4,3.35,4800,3.4,4800,0,700800
ITC30Jan20242.5CE.NFO,07/01/2020,09:24:36,3.4,3.3,9600,3.4,24000,0,700800
ITC30Jan20242.5CE.NFO,07/01/2020,09:24:42,3.4,3.3,7200,3.4,21600,0,700800
ITC30Jan20242.5CE.NFO,07/01/2020,09:24:52,3.4,3.3,12000,3.4,19200,0,700800
ITC30Jan20242.5CE.NFO,07/01/2020,09:24:58,3.4,3.3,7200,3.4,21600,0,700800
ITC30Jan20242.5CE.NFO,07/01/2020,09:25:04,3.4,3.3,7200,3.4,24000,0,700800
ITC30Jan20242.5CE.NFO,07/01/2020,09:25:10,3.4,3.25,24000,3.4,26400,0,700800
ITC30Jan20242.5CE.NFO,07/01/2020,09:25:17,3.4,3.25,16800,3.4,24000,0,700800
ITC30Jan20242.5CE.NFO,07/01/2020,09:25:23,3.4,3.3,4800,3.4,24000,0,700800
ITC30Jan20242.5CE.NFO,07/01/2020,09:25:29,3.4,3.25,14400,3.35,7200,0,700800
ITC30Jan20242.5CE.NFO,07/01/2020,09:25:36,3.4,3.25,12000,3.35,7200,0,700800
ITC30Jan20242.5CE.NFO,07/01/2020,09:25:42,3.4,3.25,19200,3.35,9600,0,700800
ITC30Jan20242.5CE.NFO,07/01/2020,09:26:09,3.4,3.3,12000,3.4,24000,0,700800
ITC30Jan20242.5CE.NFO,07/01/2020,09:26:16,3.4,3.3,2400,3.4,26400,0,700800
ITC30Jan20242.5CE.NFO,07/01/2020,09:26:28,3.4,3.25,21600,3.35,12000,0,700800
ITC30Jan20242.5CE.NFO,07/01/2020,09:26:40,3.4,3.25,21600,3.35,14400,0,700800
ITC30Jan20242.5CE.NFO,07/01/2020,09:26:45,3.4,3.25,14400,3.35,16800,0,700800
ITC30Jan20242.5CE.NFO,07/01/2020,09:26:51,3.25,3.25,9600,3.35,12000,4800,698400
ITC30Jan20242.5CE.NFO,07/01/2020,09:26:56,3.25,3.25,9600,3.35,12000,0,698400
ITC30Jan20242.5CE.NFO,07/01/2020,09:27:02,3.25,3.25,9600,3.35,16800,7200,698400
ITC30Jan20242.5CE.NFO,07/01/2020,09:27:08,3.25,3.25,9600,3.35,19200,0,698400
ITC30Jan20242.5CE.NFO,07/01/2020,09:27:24,3.25,3.25,9600,3.35,16800,0,698400
ITC30Jan20242.5CE.NFO,07/01/2020,09:27:30,3.25,3.25,4800,3.35,19200,0,698400
ITC30Jan20242.5CE.NFO,07/01/2020,09:28:26,3.25,3.2,9600,3.3,16800,0,698400
ITC30Jan20242.5CE.NFO,07/01/2020,09:28:32,3.25,3.2,9600,3.3,9600,0,698400
ITC30Jan20242.5CE.NFO,07/01/2020,09:28:37,3.25,3.25,7200,3.35,19200,0,698400
ITC30Jan20242.5CE.NFO,07/01/2020,09:28:47,3.25,3.25,19200,3.4,24000,0,698400
ITC30Jan20242.5CE.NFO,07/01/2020,09:28:53,3.25,3.3,14400,3.4,24000,0,698400
ITC30Jan20242.5CE.NFO,07/01/2020,09:28:59,3.25,3.35,2400,3.4,4800,0,698400
ITC30Jan20242.5CE.NFO,07/01/2020,09:29:04,3.25,3.3,14400,3.4,12000,0,698400
ITC30Jan20242.5CE.NFO,07/01/2020,09:29:10,3.25,3.3,12000,3.4,19200,0,698400
ITC30Jan20242.5CE.NFO,07/01/2020,09:29:26,3.25,3.3,9600,3.4,19200,0,698400
ITC30Jan20242.5CE.NFO,07/01/2020,09:29:32,3.25,3.3,7200,3.4,24000,0,698400
ITC30Jan20242.5CE.NFO,07/01/2020,09:29:38,3.25,3.3,7200,3.4,21600,0,698400
ITC30Jan20242.5CE.NFO,07/01/2020,09:29:52,3.25,3.3,4800,3.4,21600,0,698400
ITC30Jan20242.5CE.NFO,07/01/2020,09:30:11,3.25,3.3,7200,3.4,21600,0,698400
ITC30Jan20242.5CE.NFO,07/01/2020,09:30:16,3.25,3.3,4800,3.4,21600,0,698400
ITC30Jan20242.5CE.NFO,07/01/2020,09:30:36,3.25,3.25,19200,3.35,2400,0,698400
ITC30Jan20242.5CE.NFO,07/01/2020,09:30:41,3.25,3.25,19200,3.35,7200,0,698400
ITC30Jan20242.5CE.NFO,07/01/2020,09:30:51,3.25,3.25,19200,3.35,2400,0,698400
ITC30Jan20242.5CE.NFO,07/01/2020,09:31:06,3.25,3.25,19200,3.35,7200,0,698400
ITC30Jan20242.5CE.NFO,07/01/2020,09:31:12,3.25,3.25,16800,3.35,7200,0,698400
ITC30Jan20242.5CE.NFO,07/01/2020,09:31:25,3.25,3.25,14400,3.35,7200,0,698400
ITC30Jan20242.5CE.NFO,07/01/2020,09:31:57,3.25,3.2,14400,3.3,12000,0,698400
ITC30Jan20242.5CE.NFO,07/01/2020,09:32:03,3.25,3.2,16800,3.3,16800,0,698400
ITC30Jan20242.5CE.NFO,07/01/2020,09:32:08,3.25,3.2,14400,3.3,4800,0,698400
ITC30Jan20242.5CE.NFO,07/01/2020,09:32:14,3.25,3.25,9600,3.35,7200,0,698400
ITC30Jan20242.5CE.NFO,07/01/2020,09:32:20,3.25,3.25,14400,3.35,9600,0,698400
ITC30Jan20242.5CE.NFO,07/01/2020,09:32:27,3.25,3.25,2400,3.35,9600,0,698400
ITC30Jan20242.5CE.NFO,07/01/2020,09:32:32,3.3,3.25,12000,3.35,9600,12000,698400
ITC30Jan20242.5CE.NFO,07/01/2020,09:32:38,3.4,3.2,19200,3.35,28800,21600,698400
ITC30Jan20242.5CE.NFO,07/01/2020,09:32:43,3.4,3.2,19200,3.3,19200,0,698400
ITC30Jan20242.5CE.NFO,07/01/2020,09:32:49,3.2,3.15,12000,3.25,14400,2400,698400
ITC30Jan20242.5CE.NFO,07/01/2020,09:32:49,3.2,3.15,12000,3.25,14400,0,698400
ITC30Jan20242.5CE.NFO,07/01/2020,09:32:55,3.2,3.15,16800,3.25,7200,0,698400
ITC30Jan20242.5CE.NFO,07/01/2020,09:33:00,3.2,3.25,4800,3.35,24000,0,698400
ITC30Jan20242.5CE.NFO,07/01/2020,09:33:07,3.2,3.25,7200,3.35,24000,0,698400
ITC30Jan20242.5CE.NFO,07/01/2020,09:33:18,3.2,3.25,12000,3.35,9600,0,698400
ITC30Jan20242.5CE.NFO,07/01/2020,09:33:23,3.2,3.2,16800,3.3,4800,0,698400
ITC30Jan20242.5CE.NFO,07/01/2020,09:33:33,3.2,3.2,16800,3.3,7200,0,698400
ITC30Jan20242.5CE.NFO,07/01/2020,09:33:43,3.2,3.2,19200,3.3,7200,0,698400
ITC30Jan20242.5CE.NFO,07/01/2020,09:34:02,3.2,3.25,7200,3.3,4800,0,698400
ITC30Jan20242.5CE.NFO,07/01/2020,09:34:07,3.2,3.2,16800,3.3,7200,0,698400
ITC30Jan20242.5CE.NFO,07/01/2020,09:34:23,3.2,3.2,19200,3.3,7200,0,698400
ITC30Jan20242.5CE.NFO,07/01/2020,09:34:51,3.2,3.2,28800,3.35,12000,0,698400
ITC30Jan20242.5CE.NFO,07/01/2020,09:34:57,3.2,3.25,16800,3.35,12000,0,698400
ITC30Jan20242.5CE.NFO,07/01/2020,09:35:02,3.2,3.25,14400,3.35,12000,0,698400
ITC30Jan20242.5CE.NFO,07/01/2020,09:35:08,3.2,3.3,2400,3.35,9600,0,698400
ITC30Jan20242.5CE.NFO,07/01/2020,09:35:13,3.2,3.25,14400,3.35,12000,0,698400
ITC30Jan20242.5CE.NFO,07/01/2020,09:35:32,3.2,3.3,21600,3.4,14400,0,698400
ITC30Jan20242.5CE.NFO,07/01/2020,09:35:43,3.2,3.3,26400,3.4,12000,0,698400
ITC30Jan20242.5CE.NFO,07/01/2020,09:35:50,3.2,3.3,28800,3.4,12000,0,698400
ITC30Jan20242.5CE.NFO,07/01/2020,09:35:56,3.2,3.3,24000,3.4,12000,0,698400
ITC30Jan20242.5CE.NFO,07/01/2020,09:36:01,3.4,3.35,12000,3.45,14400,4800,705600
ITC30Jan20242.5CE.NFO,07/01/2020,09:36:07,3.3,3.25,16800,3.35,16800,7200,705600
ITC30Jan20242.5CE.NFO,07/01/2020,09:36:12,3.3,3.25,26400,3.35,7200,0,705600
ITC30Jan20242.5CE.NFO,07/01/2020,09:36:18,3.3,3.3,19200,3.4,4800,0,705600
ITC30Jan20242.5CE.NFO,07/01/2020,09:36:24,3.3,3.3,26400,3.4,2400,0,705600
ITC30Jan20242.5CE.NFO,07/01/2020,09:36:29,3.3,3.3,14400,3.4,7200,0,705600
ITC30Jan20242.5CE.NFO,07/01/2020,09:36:38,3.3,3.3,16800,3.4,7200,0,705600
ITC30Jan20242.5CE.NFO,07/01/2020,09:36:43,3.3,3.3,19200,3.4,7200,0,705600
ITC30Jan20242.5CE.NFO,07/01/2020,09:36:48,3.3,3.3,19200,3.4,4800,0,705600
ITC30Jan20242.5CE.NFO,07/01/2020,09:37:01,3.3,3.3,24000,3.4,12000,0,705600
ITC30Jan20242.5CE.NFO,07/01/2020,09:37:19,3.3,3.3,9600,3.4,14400,0,705600
ITC30Jan20242.5CE.NFO,07/01/2020,09:37:42,3.3,3.3,12000,3.35,2400,0,705600
ITC30Jan20242.5CE.NFO,07/01/2020,09:37:46,3.3,3.3,14400,3.35,2400,0,705600
ITC30Jan20242.5CE.NFO,07/01/2020,09:38:24,3.35,3.3,26400,3.4,14400,2400,703200
ITC30Jan20242.5CE.NFO,07/01/2020,09:38:33,3.35,3.35,2400,3.45,21600,0,703200
ITC30Jan20242.5CE.NFO,07/01/2020,09:38:46,3.35,3.35,2400,3.45,19200,0,703200
ITC30Jan20242.5CE.NFO,07/01/2020,09:38:59,3.35,3.35,4800,3.4,9600,0,703200
ITC30Jan20242.5CE.NFO,07/01/2020,09:39:21,3.35,3.3,31200,3.4,9600,0,703200
ITC30Jan20242.5CE.NFO,07/01/2020,09:39:26,3.35,3.35,4800,3.4,12000,0,703200
ITC30Jan20242.5CE.NFO,07/01/2020,09:39:31,3.35,3.3,19200,3.4,12000,0,703200
ITC30Jan20242.5CE.NFO,07/01/2020,09:39:39,3.35,3.3,19200,3.4,9600,0,703200
ITC30Jan20242.5CE.NFO,07/01/2020,09:40:04,3.35,3.3,16800,3.4,9600,0,703200
ITC30Jan20242.5CE.NFO,07/01/2020,09:40:09,3.35,3.35,9600,3.4,4800,0,703200
ITC30Jan20242.5CE.NFO,07/01/2020,09:40:25,3.35,3.35,4800,3.4,4800,0,703200
ITC30Jan20242.5CE.NFO,07/01/2020,09:40:30,3.35,3.35,4800,3.4,7200,0,703200
ITC30Jan20242.5CE.NFO,07/01/2020,09:40:34,3.35,3.3,21600,3.4,9600,0,703200
ITC30Jan20242.5CE.NFO,07/01/2020,09:40:40,3.35,3.3,19200,3.4,7200,0,703200
ITC30Jan20242.5CE.NFO,07/01/2020,09:40:45,3.35,3.35,2400,3.4,4800,0,703200
ITC30Jan20242.5CE.NFO,07/01/2020,09:40:49,3.35,3.35,4800,3.4,7200,0,703200
ITC30Jan20242.5CE.NFO,07/01/2020,09:40:58,3.35,3.3,19200,3.4,12000,0,703200
ITC30Jan20242.5CE.NFO,07/01/2020,09:41:03,3.35,3.3,12000,3.4,4800,0,703200
ITC30Jan20242.5CE.NFO,07/01/2020,09:41:09,3.35,3.3,14400,3.4,9600,0,703200
ITC30Jan20242.5CE.NFO,07/01/2020,09:41:19,3.35,3.3,21600,3.4,7200,0,703200
ITC30Jan20242.5CE.NFO,07/01/2020,09:41:23,3.35,3.35,9600,3.45,21600,0,703200
ITC30Jan20242.5CE.NFO,07/01/2020,09:41:53,3.35,3.35,14400,3.45,21600,0,703200
ITC30Jan20242.5CE.NFO,07/01/2020,09:42:18,3.35,3.35,2400,3.4,19200,2400,700800
ITC30Jan20242.5CE.NFO,07/01/2020,09:42:25,3.35,3.3,14400,3.4,12000,0,700800
ITC30Jan20242.5CE.NFO,07/01/2020,09:42:39,3.35,3.3,12000,3.4,9600,0,700800
ITC30Jan20242.5CE.NFO,07/01/2020,09:42:52,3.35,3.3,14400,3.35,2400,0,700800
ITC30Jan20242.5CE.NFO,07/01/2020,09:42:58,3.35,3.3,12000,3.4,14400,0,700800
ITC30Jan20242.5CE.NFO,07/01/2020,09:43:04,3.3,3.25,31200,3.35,7200,4800,700800
ITC30Jan20242.5CE.NFO,07/01/2020,09:43:09,3.35,3.3,14400,3.4,14400,4800,700800
ITC30Jan20242.5CE.NFO,07/01/2020,09:43:15,3.35,3.3,12000,3.4,14400,0,700800
ITC30Jan20242.5CE.NFO,07/01/2020,09:43:20,3.35,3.3,7200,3.4,9600,0,700800
ITC30Jan20242.5CE.NFO,07/01/2020,09:43:26,3.35,3.3,14400,3.4,7200,0,700800
ITC30Jan20242.5CE.NFO,07/01/2020,09:43:35,3.35,3.3,14400,3.4,9600,0,700800
ITC30Jan20242.5CE.NFO,07/01/2020,09:43:54,3.35,3.3,19200,3.4,9600,0,700800
ITC30Jan20242.5CE.NFO,07/01/2020,09:43:58,3.35,3.3,21600,3.4,14400,0,700800
ITC30Jan20242.5CE.NFO,07/01/2020,09:44:03,3.35,3.3,14400,3.35,2400,0,700800
ITC30Jan20242.5CE.NFO,07/01/2020,09:44:25,3.35,3.3,14400,3.35,4800,0,700800
ITC30Jan20242.5CE.NFO,07/01/2020,09:44:41,3.35,3.3,19200,3.4,14400,0,700800
ITC30Jan20242.5CE.NFO,07/01/2020,09:45:00,3.35,3.3,12000,3.4,14400,0,700800
ITC30Jan20242.5CE.NFO,07/01/2020,09:45:06,3.35,3.3,4800,3.4,14400,0,700800
ITC30Jan20242.5CE.NFO,07/01/2020,09:45:13,3.35,3.25,24000,3.35,7200,0,700800
ITC30Jan20242.5CE.NFO,07/01/2020,09:45:19,3.35,3.3,24000,3.4,12000,0,700800
ITC30Jan20242.5CE.NFO,07/01/2020,09:45:25,3.35,3.3,24000,3.4,14400,0,700800
ITC30Jan20242.5CE.NFO,07/01/2020,09:45:32,3.35,3.3,24000,3.4,7200,0,700800
ITC30Jan20242.5CE.NFO,07/01/2020,09:45:38,3.35,3.3,31200,3.4,7200,0,700800
ITC30Jan20242.5CE.NFO,07/01/2020,09:45:55,3.35,3.3,24000,3.4,7200,0,700800
ITC30Jan20242.5CE.NFO,07/01/2020,09:46:06,3.35,3.3,14400,3.4,14400,0,700800
ITC30Jan20242.5CE.NFO,07/01/2020,09:46:21,3.35,3.3,16800,3.4,14400,0,700800
ITC30Jan20242.5CE.NFO,07/01/2020,09:46:31,3.35,3.3,14400,3.35,7200,0,700800
ITC30Jan20242.5CE.NFO,07/01/2020,09:46:41,3.35,3.3,4800,3.4,19200,0,700800
ITC30Jan20242.5CE.NFO,07/01/2020,09:46:46,3.35,3.3,7200,3.35,4800,0,700800
ITC30Jan20242.5CE.NFO,07/01/2020,09:46:59,3.35,3.25,24000,3.35,9600,0,700800
ITC30Jan20242.5CE.NFO,07/01/2020,09:47:21,3.35,3.25,21600,3.35,9600,0,700800
ITC30Jan20242.5CE.NFO,07/01/2020,09:47:30,3.35,3.25,19200,3.35,9600,0,700800
ITC30Jan20242.5CE.NFO,07/01/2020,09:47:39,3.35,3.25,21600,3.35,7200,2400,700800
ITC30Jan20242.5CE.NFO,07/01/2020,09:47:44,3.35,3.3,7200,3.35,7200,0,700800
ITC30Jan20242.5CE.NFO,07/01/2020,09:47:51,3.35,3.3,4800,3.4,16800,0,700800
ITC30Jan20242.5CE.NFO,07/01/2020,09:48:07,3.35,3.3,7200,3.4,16800,0,700800
ITC30Jan20242.5CE.NFO,07/01/2020,09:48:11,3.35,3.3,4800,3.4,16800,0,700800
ITC30Jan20242.5CE.NFO,07/01/2020,09:48:23,3.35,3.3,9600,3.4,16800,0,700800
ITC30Jan20242.5CE.NFO,07/01/2020,09:48:31,3.35,3.3,12000,3.4,16800,0,700800
ITC30Jan20242.5CE.NFO,07/01/2020,09:48:35,3.35,3.3,12000,3.4,14400,0,700800
ITC30Jan20242.5CE.NFO,07/01/2020,09:48:40,3.35,3.3,21600,3.4,14400,0,700800
ITC30Jan20242.5CE.NFO,07/01/2020,09:48:44,3.35,3.3,7200,3.4,14400,0,700800
ITC30Jan20242.5CE.NFO,07/01/2020,09:48:49,3.35,3.3,14400,3.4,12000,0,700800
ITC30Jan20242.5CE.NFO,07/01/2020,09:48:56,3.35,3.3,19200,3.4,2400,0,700800
ITC30Jan20242.5CE.NFO,07/01/2020,09:49:00,3.35,3.3,19200,3.4,4800,0,700800
ITC30Jan20242.5CE.NFO,07/01/2020,09:49:05,3.35,3.3,16800,3.4,4800,0,700800
ITC30Jan20242.5CE.NFO,07/01/2020,09:49:10,3.35,3.3,26400,3.4,4800,0,700800
ITC30Jan20242.5CE.NFO,07/01/2020,09:49:14,3.35,3.35,9600,3.4,4800,0,700800
ITC30Jan20242.5CE.NFO,07/01/2020,09:49:36,3.35,3.35,12000,3.4,4800,0,700800
ITC30Jan20242.5CE.NFO,07/01/2020,09:49:41,3.35,3.35,14400,3.4,4800,0,700800
ITC30Jan20242.5CE.NFO,07/01/2020,09:49:52,3.35,3.35,12000,3.45,16800,0,700800
ITC30Jan20242.5CE.NFO,07/01/2020,09:49:56,3.35,3.35,19200,3.45,16800,0,700800
ITC30Jan20242.5CE.NFO,07/01/2020,09:50:01,3.35,3.35,16800,3.45,16800,0,700800
ITC30Jan20242.5CE.NFO,07/01/2020,09:50:07,3.35,3.35,21600,3.45,14400,0,700800
ITC30Jan20242.5CE.NFO,07/01/2020,09:50:12,3.35,3.35,16800,3.45,16800,0,700800
ITC30Jan20242.5CE.NFO,07/01/2020,09:50:22,3.35,3.35,19200,3.45,16800,0,700800
ITC30Jan20242.5CE.NFO,07/01/2020,09:50:36,3.35,3.35,19200,3.45,14400,0,700800
ITC30Jan20242.5CE.NFO,07/01/2020,09:50:42,3.35,3.4,2400,3.45,14400,0,700800
ITC30Jan20242.5CE.NFO,07/01/2020,09:50:53,3.35,3.4,26400,3.5,7200,0,700800
ITC30Jan20242.5CE.NFO,07/01/2020,09:50:58,3.35,3.45,12000,3.5,2400,0,700800
ITC30Jan20242.5CE.NFO,07/01/2020,09:51:02,3.35,3.45,7200,3.5,2400,0,700800
ITC30Jan20242.5CE.NFO,07/01/2020,09:51:07,3.35,3.45,9600,3.5,2400,0,700800
ITC30Jan20242.5CE.NFO,07/01/2020,09:51:13,3.35,3.45,12000,3.5,2400,0,700800
ITC30Jan20242.5CE.NFO,07/01/2020,09:51:18,3.35,3.45,21600,3.55,26400,0,700800
ITC30Jan20242.5CE.NFO,07/01/2020,09:51:24,3.35,3.5,14400,3.55,4800,0,700800
ITC30Jan20242.5CE.NFO,07/01/2020,09:51:29,3.55,3.55,21600,3.65,2400,4800,703200
ITC30Jan20242.5CE.NFO,07/01/2020,09:51:29,3.55,3.55,21600,3.65,2400,0,703200
ITC30Jan20242.5CE.NFO,07/01/2020,09:51:34,3.65,3.6,7200,3.7,26400,2400,703200
ITC30Jan20242.5CE.NFO,07/01/2020,09:51:34,3.65,3.6,7200,3.7,26400,0,703200
ITC30Jan20242.5CE.NFO,07/01/2020,09:51:39,3.65,3.6,12000,3.7,26400,0,703200
ITC30Jan20242.5CE.NFO,07/01/2020,09:51:43,3.65,3.6,19200,3.7,12000,0,703200
ITC30Jan20242.5CE.NFO,07/01/2020,09:51:52,3.65,3.55,16800,3.65,16800,0,703200
ITC30Jan20242.5CE.NFO,07/01/2020,09:51:56,3.65,3.55,16800,3.65,19200,0,703200
ITC30Jan20242.5CE.NFO,07/01/2020,09:51:59,3.65,3.55,19200,3.65,4800,0,703200
ITC30Jan20242.5CE.NFO,07/01/2020,09:52:04,3.65,3.55,21600,3.65,7200,0,703200
ITC30Jan20242.5CE.NFO,07/01/2020,09:52:12,3.65,3.6,4800,3.65,4800,0,703200
ITC30Jan20242.5CE.NFO,07/01/2020,09:52:16,3.65,3.55,19200,3.65,12000,0,703200
ITC30Jan20242.5CE.NFO,07/01/2020,09:52:21,3.65,3.55,16800,3.65,12000,0,703200
ITC30Jan20242.5CE.NFO,07/01/2020,09:52:35,3.65,3.6,2400,3.65,12000,0,703200
ITC30Jan20242.5CE.NFO,07/01/2020,09:52:39,3.65,3.6,4800,3.65,4800,0,703200
ITC30Jan20242.5CE.NFO,07/01/2020,09:52:44,3.65,3.6,4800,3.65,7200,0,703200
ITC30Jan20242.5CE.NFO,07/01/2020,09:52:55,3.7,3.65,7200,3.75,24000,2400,703200
ITC30Jan20242.5CE.NFO,07/01/2020,09:52:55,3.7,3.65,7200,3.75,24000,0,703200
ITC30Jan20242.5CE.NFO,07/01/2020,09:52:59,3.7,3.6,12000,3.7,16800,0,703200
ITC30Jan20242.5CE.NFO,07/01/2020,09:53:04,3.7,3.6,12000,3.7,14400,0,703200
ITC30Jan20242.5CE.NFO,07/01/2020,09:53:10,3.7,3.6,4800,3.7,19200,0,703200
ITC30Jan20242.5CE.NFO,07/01/2020,09:53:16,3.7,3.6,4800,3.65,12000,0,703200
ITC30Jan20242.5CE.NFO,07/01/2020,09:53:21,3.7,3.55,12000,3.65,19200,0,703200
ITC30Jan20242.5CE.NFO,07/01/2020,09:53:26,3.7,3.55,4800,3.65,19200,0,703200
ITC30Jan20242.5CE.NFO,07/01/2020,09:53:31,3.7,3.55,4800,3.65,21600,0,703200
ITC30Jan20242.5CE.NFO,07/01/2020,09:53:51,3.7,3.55,12000,3.65,16800,0,703200
ITC30Jan20242.5CE.NFO,07/01/2020,09:53:59,3.7,3.55,9600,3.65,16800,0,703200
ITC30Jan20242.5CE.NFO,07/01/2020,09:54:03,3.7,3.55,9600,3.65,19200,0,703200
ITC30Jan20242.5CE.NFO,07/01/2020,09:54:08,3.7,3.55,9600,3.65,24000,0,703200
ITC30Jan20242.5CE.NFO,07/01/2020,09:54:12,3.7,3.5,16800,3.6,19200,0,703200
ITC30Jan20242.5CE.NFO,07/01/2020,09:54:17,3.7,3.5,16800,3.6,2400,0,703200
ITC30Jan20242.5CE.NFO,07/01/2020,09:54:26,3.7,3.5,19200,3.6,2400,0,703200
ITC30Jan20242.5CE.NFO,07/01/2020,09:54:31,3.7,3.5,19200,3.6,9600,0,703200
ITC30Jan20242.5CE.NFO,07/01/2020,09:54:44,3.7,3.5,19200,3.6,7200,0,703200
ITC30Jan20242.5CE.NFO,07/01/2020,09:54:59,3.7,3.5,19200,3.6,9600,0,703200
ITC30Jan20242.5CE.NFO,07/01/2020,09:55:03,3.7,3.5,19200,3.6,7200,0,703200
ITC30Jan20242.5CE.NFO,07/01/2020,09:55:08,3.7,3.55,2400,3.65,21600,0,703200
ITC30Jan20242.5CE.NFO,07/01/2020,09:55:18,3.7,3.5,19200,3.6,2400,0,703200
ITC30Jan20242.5CE.NFO,07/01/2020,09:55:28,3.7,3.55,4800,3.6,7200,0,703200
ITC30Jan20242.5CE.NFO,07/01/2020,09:55:33,3.7,3.5,19200,3.6,7200,0,703200
ITC30Jan20242.5CE.NFO,07/01/2020,09:55:42,3.7,3.55,7200,3.6,4800,0,703200
ITC30Jan20242.5CE.NFO,07/01/2020,09:55:47,3.7,3.55,4800,3.6,4800,0,703200
ITC30Jan20242.5CE.NFO,07/01/2020,09:55:51,3.7,3.55,12000,3.65,19200,0,703200
ITC30Jan20242.5CE.NFO,07/01/2020,09:55:56,3.7,3.55,7200,3.65,19200,0,703200
ITC30Jan20242.5CE.NFO,07/01/2020,09:56:01,3.7,3.55,7200,3.65,16800,0,703200
ITC30Jan20242.5CE.NFO,07/01/2020,09:56:05,3.7,3.55,12000,3.65,16800,0,703200
ITC30Jan20242.5CE.NFO,07/01/2020,09:56:16,3.7,3.5,24000,3.6,14400,0,703200
ITC30Jan20242.5CE.NFO,07/01/2020,09:56:21,3.7,3.5,21600,3.6,14400,0,703200
ITC30Jan20242.5CE.NFO,07/01/2020,09:56:27,3.7,3.5,19200,3.6,14400,0,703200
ITC30Jan20242.5CE.NFO,07/01/2020,09:56:32,3.7,3.55,4800,3.6,2400,0,703200
ITC30Jan20242.5CE.NFO,07/01/2020,09:56:38,3.7,3.55,4800,3.6,4800,0,703200
ITC30Jan20242.5CE.NFO,07/01/2020,09:56:43,3.7,3.55,4800,3.6,7200,0,703200
ITC30Jan20242.5CE.NFO,07/01/2020,09:56:47,3.7,3.55,4800,3.6,4800,0,703200
ITC30Jan20242.5CE.NFO,07/01/2020,09:56:51,3.7,3.55,4800,3.6,7200,0,703200
ITC30Jan20242.5CE.NFO,07/01/2020,09:56:55,3.7,3.55,9600,3.6,7200,0,703200
ITC30Jan20242.5CE.NFO,07/01/2020,09:57:04,3.6,3.55,9600,3.6,4800,2400,703200
ITC30Jan20242.5CE.NFO,07/01/2020,09:57:13,3.6,3.5,24000,3.6,16800,0,703200
ITC30Jan20242.5CE.NFO,07/01/2020,09:57:21,3.6,3.5,24000,3.6,14400,0,703200
ITC30Jan20242.5CE.NFO,07/01/2020,09:57:41,3.6,3.55,2400,3.6,14400,0,703200
ITC30Jan20242.5CE.NFO,07/01/2020,09:57:50,3.6,3.55,2400,3.6,19200,0,703200
ITC30Jan20242.5CE.NFO,07/01/2020,09:57:55,3.6,3.55,2400,3.6,21600,0,703200
ITC30Jan20242.5CE.NFO,07/01/2020,09:58:00,3.6,3.55,2400,3.6,14400,0,703200
ITC30Jan20242.5CE.NFO,07/01/2020,09:58:14,3.6,3.55,2400,3.6,16800,0,703200
ITC30Jan20242.5CE.NFO,07/01/2020,09:58:18,3.6,3.55,2400,3.6,19200,0,703200
ITC30Jan20242.5CE.NFO,07/01/2020,09:58:31,3.6,3.55,2400,3.6,9600,0,703200
ITC30Jan20242.5CE.NFO,07/01/2020,09:58:56,3.6,3.55,2400,3.6,12000,0,703200
ITC30Jan20242.5CE.NFO,07/01/2020,09:59:13,3.55,3.5,16800,3.6,14400,2400,703200
ITC30Jan20242.5CE.NFO,07/01/2020,09:59:18,3.55,3.5,16800,3.6,14400,2400,703200
ITC30Jan20242.5CE.NFO,07/01/2020,09:59:24,3.55,3.5,16800,3.6,14400,0,703200
ITC30Jan20242.5CE.NFO,07/01/2020,09:59:29,3.55,3.5,9600,3.6,16800,0,703200
ITC30Jan20242.5CE.NFO,07/01/2020,09:59:34,3.55,3.5,4800,3.6,16800,0,703200
ITC30Jan20242.5CE.NFO,07/01/2020,09:59:46,3.55,3.5,4800,3.6,19200,0,703200
ITC30Jan20242.5CE.NFO,07/01/2020,09:59:56,3.55,3.45,9600,3.55,7200,0,703200
ITC30Jan20242.5CE.NFO,07/01/2020,10:00:02,3.55,3.45,9600,3.55,9600,0,703200
ITC30Jan20242.5CE.NFO,07/01/2020,10:00:24,3.55,3.45,4800,3.55,9600,0,703200
ITC30Jan20242.5CE.NFO,07/01/2020,10:00:40,3.55,3.45,4800,3.55,14400,0,703200
ITC30Jan20242.5CE.NFO,07/01/2020,10:00:47,3.55,3.45,4800,3.55,16800,0,703200
ITC30Jan20242.5CE.NFO,07/01/2020,10:00:54,3.55,3.45,7200,3.55,9600,0,703200
ITC30Jan20242.5CE.NFO,07/01/2020,10:01:00,3.55,3.45,16800,3.55,9600,0,703200
ITC30Jan20242.5CE.NFO,07/01/2020,10:01:06,3.55,3.45,19200,3.55,9600,0,703200
ITC30Jan20242.5CE.NFO,07/01/2020,10:01:12,3.55,3.45,12000,3.55,9600,0,703200
ITC30Jan20242.5CE.NFO,07/01/2020,10:01:18,3.55,3.45,16800,3.55,9600,0,703200
ITC30Jan20242.5CE.NFO,07/01/2020,10:01:25,3.55,3.5,2400,3.55,12000,0,703200
ITC30Jan20242.5CE.NFO,07/01/2020,10:01:31,3.55,3.45,14400,3.55,12000,0,703200
ITC30Jan20242.5CE.NFO,07/01/2020,10:01:37,3.55,3.45,14400,3.55,9600,0,703200
ITC30Jan20242.5CE.NFO,07/01/2020,10:01:54,3.55,3.45,9600,3.55,9600,0,703200
ITC30Jan20242.5CE.NFO,07/01/2020,10:02:37,3.55,3.45,9600,3.55,12000,0,703200
ITC30Jan20242.5CE.NFO,07/01/2020,10:02:43,3.55,3.45,16800,3.55,9600,0,703200
ITC30Jan20242.5CE.NFO,07/01/2020,10:03:04,3.55,3.45,16800,3.55,12000,0,703200
ITC30Jan20242.5CE.NFO,07/01/2020,10:03:18,3.55,3.45,9600,3.55,14400,0,703200
ITC30Jan20242.5CE.NFO,07/01/2020,10:03:23,3.55,3.45,7200,3.55,14400,0,703200
ITC30Jan20242.5CE.NFO,07/01/2020,10:03:27,3.55,3.45,9600,3.55,9600,0,703200
ITC30Jan20242.5CE.NFO,07/01/2020,10:03:45,3.55,3.45,7200,3.55,9600,0,703200
ITC30Jan20242.5CE.NFO,07/01/2020,10:04:04,3.55,3.45,7200,3.55,12000,0,703200
ITC30Jan20242.5CE.NFO,07/01/2020,10:04:09,3.55,3.45,4800,3.5,4800,0,703200
ITC30Jan20242.5CE.NFO,07/01/2020,10:04:18,3.55,3.45,4800,3.5,2400,0,703200
ITC30Jan20242.5CE.NFO,07/01/2020,10:04:26,3.55,3.45,7200,3.55,12000,0,703200
ITC30Jan20242.5CE.NFO,07/01/2020,10:04:30,3.55,3.45,14400,3.55,12000,0,703200
ITC30Jan20242.5CE.NFO,07/01/2020,10:04:40,3.55,3.45,9600,3.55,12000,0,703200
ITC30Jan20242.5CE.NFO,07/01/2020,10:04:54,3.55,3.45,9600,3.55,9600,0,703200
ITC30Jan20242.5CE.NFO,07/01/2020,10:04:58,3.55,3.45,9600,3.55,12000,0,703200
ITC30Jan20242.5CE.NFO,07/01/2020,10:05:07,3.55,3.45,9600,3.55,14400,0,703200
ITC30Jan20242.5CE.NFO,07/01/2020,10:05:47,3.55,3.5,9600,3.55,4800,0,703200
ITC30Jan20242.5CE.NFO,07/01/2020,10:05:53,3.55,3.5,7200,3.55,4800,0,703200
ITC30Jan20242.5CE.NFO,07/01/2020,10:06:03,3.55,3.5,7200,3.55,7200,0,703200
ITC30Jan20242.5CE.NFO,07/01/2020,10:06:09,3.55,3.5,4800,3.55,4800,0,703200
ITC30Jan20242.5CE.NFO,07/01/2020,10:06:14,3.55,3.45,14400,3.55,14400,0,703200
ITC30Jan20242.5CE.NFO,07/01/2020,10:06:25,3.5,3.45,4800,3.5,7200,2400,700800
ITC30Jan20242.5CE.NFO,07/01/2020,10:06:31,3.5,3.45,4800,3.5,7200,0,700800
ITC30Jan20242.5CE.NFO,07/01/2020,10:06:48,3.5,3.45,4800,3.5,4800,0,700800
ITC30Jan20242.5CE.NFO,07/01/2020,10:06:54,3.5,3.45,7200,3.55,24000,0,700800
ITC30Jan20242.5CE.NFO,07/01/2020,10:06:59,3.5,3.45,7200,3.5,7200,0,700800
ITC30Jan20242.5CE.NFO,07/01/2020,10:07:04,3.5,3.45,7200,3.55,24000,0,700800
ITC30Jan20242.5CE.NFO,07/01/2020,10:07:38,3.55,3.5,4800,3.6,21600,2400,700800
ITC30Jan20242.5CE.NFO,07/01/2020,10:07:43,3.55,3.5,9600,3.6,16800,0,700800
ITC30Jan20242.5CE.NFO,07/01/2020,10:07:47,3.55,3.5,9600,3.6,19200,0,700800
ITC30Jan20242.5CE.NFO,07/01/2020,10:07:58,3.55,3.5,9600,3.6,21600,0,700800
ITC30Jan20242.5CE.NFO,07/01/2020,10:08:07,3.55,3.45,14400,3.6,21600,0,700800
ITC30Jan20242.5CE.NFO,07/01/2020,10:08:16,3.55,3.45,12000,3.55,4800,0,700800
ITC30Jan20242.5CE.NFO,07/01/2020,10:08:21,3.55,3.5,4800,3.55,2400,0,700800
ITC30Jan20242.5CE.NFO,07/01/2020,10:08:25,3.55,3.45,14400,3.55,2400,0,700800
ITC30Jan20242.5CE.NFO,07/01/2020,10:08:30,3.55,3.5,4800,3.55,2400,0,700800
ITC30Jan20242.5CE.NFO,07/01/2020,10:08:35,3.55,3.45,14400,3.55,9600,0,700800
ITC30Jan20242.5CE.NFO,07/01/2020,10:08:46,3.55,3.45,19200,3.55,9600,0,700800
ITC30Jan20242.5CE.NFO,07/01/2020,10:08:50,3.55,3.45,24000,3.55,9600,0,700800
ITC30Jan20242.5CE.NFO,07/01/2020,10:08:57,3.55,3.5,16800,3.6,12000,0,700800
ITC30Jan20242.5CE.NFO,07/01/2020,10:09:02,3.55,3.5,21600,3.6,14400,0,700800
ITC30Jan20242.5CE.NFO,07/01/2020,10:09:06,3.55,3.5,21600,3.6,12000,0,700800
ITC30Jan20242.5CE.NFO,07/01/2020,10:09:11,3.55,3.5,31200,3.6,12000,0,700800
ITC30Jan20242.5CE.NFO,07/01/2020,10:09:15,3.55,3.5,33600,3.6,4800,0,700800
ITC30Jan20242.5CE.NFO,07/01/2020,10:09:19,3.55,3.5,33600,3.6,7200,0,700800
ITC30Jan20242.5CE.NFO,07/01/2020,10:09:24,3.55,3.5,31200,3.6,4800,0,700800
ITC30Jan20242.5CE.NFO,07/01/2020,10:09:28,3.55,3.5,31200,3.6,7200,0,700800
ITC30Jan20242.5CE.NFO,07/01/2020,10:09:32,3.55,3.5,26400,3.6,7200,0,700800
ITC30Jan20242.5CE.NFO,07/01/2020,10:09:53,3.55,3.55,4800,3.6,7200,0,700800
ITC30Jan20242.5CE.NFO,07/01/2020,10:10:09,3.6,3.5,24000,3.6,7200,2400,703200
ITC30Jan20242.5CE.NFO,07/01/2020,10:10:14,3.55,3.55,7200,3.6,7200,4800,703200
ITC30Jan20242.5CE.NFO,07/01/2020,10:10:19,3.55,3.55,7200,3.6,4800,0,703200
ITC30Jan20242.5CE.NFO,07/01/2020,10:10:23,3.55,3.55,4800,3.6,4800,0,703200
ITC30Jan20242.5CE.NFO,07/01/2020,10:10:26,3.55,3.55,7200,3.6,4800,0,703200
ITC30Jan20242.5CE.NFO,07/01/2020,10:10:30,3.55,3.5,21600,3.6,2400,0,703200
ITC30Jan20242.5CE.NFO,07/01/2020,10:10:35,3.55,3.5,24000,3.6,2400,0,703200
ITC30Jan20242.5CE.NFO,07/01/2020,10:10:43,3.55,3.5,24000,3.6,12000,0,703200
ITC30Jan20242.5CE.NFO,07/01/2020,10:10:49,3.55,3.5,24000,3.6,2400,0,703200
ITC30Jan20242.5CE.NFO,07/01/2020,10:10:52,3.55,3.5,24000,3.6,9600,0,703200
ITC30Jan20242.5CE.NFO,07/01/2020,10:11:01,3.6,3.5,24000,3.6,9600,2400,703200
ITC30Jan20242.5CE.NFO,07/01/2020,10:11:09,3.6,3.5,24000,3.6,9600,0,703200
ITC30Jan20242.5CE.NFO,07/01/2020,10:11:35,3.5,3.5,16800,3.6,16800,4800,703200
ITC30Jan20242.5CE.NFO,07/01/2020,10:11:41,3.5,3.5,14400,3.6,16800,0,703200
ITC30Jan20242.5CE.NFO,07/01/2020,10:11:51,3.5,3.5,4800,3.6,16800,0,703200
ITC30Jan20242.5CE.NFO,07/01/2020,10:11:56,3.5,3.5,4800,3.6,19200,0,703200
ITC30Jan20242.5CE.NFO,07/01/2020,10:12:01,3.5,3.5,4800,3.55,9600,0,703200
ITC30Jan20242.5CE.NFO,07/01/2020,10:12:07,3.5,3.5,4800,3.55,7200,0,703200
ITC30Jan20242.5CE.NFO,07/01/2020,10:12:13,3.5,3.5,4800,3.55,9600,0,703200
ITC30Jan20242.5CE.NFO,07/01/2020,10:12:19,3.5,3.5,4800,3.55,4800,0,703200
ITC30Jan20242.5CE.NFO,07/01/2020,10:12:28,3.5,3.5,4800,3.55,7200,0,703200
ITC30Jan20242.5CE.NFO,07/01/2020,10:12:33,3.5,3.5,4800,3.55,9600,0,703200
ITC30Jan20242.5CE.NFO,07/01/2020,10:13:58,3.5,3.5,4800,3.55,7200,0,703200
ITC30Jan20242.5CE.NFO,07/01/2020,10:14:57,3.5,3.5,7200,3.55,9600,0,703200
ITC30Jan20242.5CE.NFO,07/01/2020,10:15:03,3.5,3.5,7200,3.55,7200,0,703200
ITC30Jan20242.5CE.NFO,07/01/2020,10:15:28,3.5,3.5,7200,3.6,31200,0,703200
ITC30Jan20242.5CE.NFO,07/01/2020,10:15:32,3.5,3.5,7200,3.6,33600,0,703200
ITC30Jan20242.5CE.NFO,07/01/2020,10:15:59,3.5,3.5,12000,3.6,31200,0,703200
ITC30Jan20242.5CE.NFO,07/01/2020,10:16:18,3.5,3.55,2400,3.6,7200,0,703200
ITC30Jan20242.5CE.NFO,07/01/2020,10:16:21,3.5,3.5,14400,3.6,14400,0,703200
ITC30Jan20242.5CE.NFO,07/01/2020,10:16:31,3.5,3.5,21600,3.6,14400,0,703200
ITC30Jan20242.5CE.NFO,07/01/2020,10:17:13,3.5,3.5,19200,3.6,14400,0,703200
ITC30Jan20242.5CE.NFO,07/01/2020,10:17:24,3.5,3.55,7200,3.65,26400,0,703200
ITC30Jan20242.5CE.NFO,07/01/2020,10:17:29,3.5,3.55,7200,3.65,24000,0,703200
ITC30Jan20242.5CE.NFO,07/01/2020,10:17:39,3.5,3.55,7200,3.65,21600,0,703200
ITC30Jan20242.5CE.NFO,07/01/2020,10:17:43,3.5,3.6,9600,3.7,14400,0,703200
ITC30Jan20242.5CE.NFO,07/01/2020,10:17:48,3.5,3.6,12000,3.7,14400,0,703200
ITC30Jan20242.5CE.NFO,07/01/2020,10:17:58,3.5,3.65,2400,3.7,7200,0,703200
ITC30Jan20242.5CE.NFO,07/01/2020,10:18:03,3.5,3.6,14400,3.7,14400,0,703200
ITC30Jan20242.5CE.NFO,07/01/2020,10:18:07,3.5,3.65,2400,3.7,4800,0,703200
ITC30Jan20242.5CE.NFO,07/01/2020,10:18:11,3.7,3.65,21600,3.75,4800,2400,700800
ITC30Jan20242.5CE.NFO,07/01/2020,10:18:15,3.7,3.65,19200,3.75,7200,0,700800
ITC30Jan20242.5CE.NFO,07/01/2020,10:18:20,3.7,3.65,19200,3.7,2400,0,700800
ITC30Jan20242.5CE.NFO,07/01/2020,10:18:27,3.7,3.7,7200,3.75,4800,2400,700800
ITC30Jan20242.5CE.NFO,07/01/2020,10:18:32,3.7,3.65,33600,3.75,2400,0,700800
ITC30Jan20242.5CE.NFO,07/01/2020,10:18:37,3.7,3.65,14400,3.75,4800,0,700800
ITC30Jan20242.5CE.NFO,07/01/2020,10:18:43,3.7,3.65,14400,3.75,9600,0,700800
ITC30Jan20242.5CE.NFO,07/01/2020,10:18:48,3.7,3.7,24000,3.75,9600,0,700800
ITC30Jan20242.5CE.NFO,07/01/2020,10:19:02,3.7,3.7,21600,3.75,4800,2400,700800
ITC30Jan20242.5CE.NFO,07/01/2020,10:19:16,3.7,3.7,16800,3.75,4800,4800,700800
ITC30Jan20242.5CE.NFO,07/01/2020,10:19:25,3.75,3.65,12000,3.8,21600,16800,700800
ITC30Jan20242.5CE.NFO,07/01/2020,10:19:25,3.75,3.65,12000,3.8,21600,0,700800
ITC30Jan20242.5CE.NFO,07/01/2020,10:19:29,3.75,3.65,4800,3.75,19200,0,700800
ITC30Jan20242.5CE.NFO,07/01/2020,10:19:39,3.75,3.6,14400,3.7,2400,0,700800
ITC30Jan20242.5CE.NFO,07/01/2020,10:19:43,3.75,3.6,14400,3.7,9600,0,700800
ITC30Jan20242.5CE.NFO,07/01/2020,10:20:11,3.75,3.55,21600,3.65,16800,0,700800
ITC30Jan20242.5CE.NFO,07/01/2020,10:20:16,3.75,3.55,12000,3.65,19200,0,700800
ITC30Jan20242.5CE.NFO,07/01/2020,10:20:25,3.75,3.55,12000,3.65,21600,0,700800
ITC30Jan20242.5CE.NFO,07/01/2020,10:20:51,3.75,3.55,12000,3.65,19200,0,700800
ITC30Jan20242.5CE.NFO,07/01/2020,10:21:05,3.75,3.55,12000,3.65,14400,0,700800
ITC30Jan20242.5CE.NFO,07/01/2020,10:21:09,3.75,3.6,7200,3.65,14400,0,700800
ITC30Jan20242.5CE.NFO,07/01/2020,10:21:18,3.75,3.55,14400,3.65,21600,0,700800
ITC30Jan20242.5CE.NFO,07/01/2020,10:21:26,3.75,3.55,14400,3.65,9600,0,700800
ITC30Jan20242.5CE.NFO,07/01/2020,10:21:29,3.75,3.55,14400,3.65,14400,0,700800
ITC30Jan20242.5CE.NFO,07/01/2020,10:21:32,3.75,3.55,14400,3.65,12000,0,700800
ITC30Jan20242.5CE.NFO,07/01/2020,10:21:35,3.75,3.55,14400,3.65,9600,0,700800
ITC30Jan20242.5CE.NFO,07/01/2020,10:21:38,3.75,3.55,14400,3.65,12000,0,700800
ITC30Jan20242.5CE.NFO,07/01/2020,10:21:43,3.75,3.55,14400,3.65,9600,0,700800
ITC30Jan20242.5CE.NFO,07/01/2020,10:21:46,3.75,3.55,14400,3.6,2400,0,700800
ITC30Jan20242.5CE.NFO,07/01/2020,10:22:06,3.75,3.55,14400,3.6,4800,0,700800
ITC30Jan20242.5CE.NFO,07/01/2020,10:22:17,3.6,3.55,14400,3.65,14400,2400,700800
ITC30Jan20242.5CE.NFO,07/01/2020,10:22:37,3.6,3.55,12000,3.65,16800,0,700800
ITC30Jan20242.5CE.NFO,07/01/2020,10:22:53,3.6,3.55,4800,3.65,19200,0,700800
ITC30Jan20242.5CE.NFO,07/01/2020,10:23:02,3.6,3.55,9600,3.65,16800,0,700800
ITC30Jan20242.5CE.NFO,07/01/2020,10:23:12,3.6,3.55,4800,3.65,19200,0,700800
ITC30Jan20242.5CE.NFO,07/01/2020,10:23:28,3.6,3.55,7200,3.65,19200,2400,703200
ITC30Jan20242.5CE.NFO,07/01/2020,10:24:11,3.6,3.55,7200,3.65,19200,0,703200
ITC30Jan20242.5CE.NFO,07/01/2020,10:24:57,3.6,3.5,16800,3.6,16800,0,703200
ITC30Jan20242.5CE.NFO,07/01/2020,10:25:16,3.6,3.5,16800,3.6,19200,0,703200
ITC30Jan20242.5CE.NFO,07/01/2020,10:25:32,3.6,3.5,19200,3.6,9600,0,703200
ITC30Jan20242.5CE.NFO,07/01/2020,10:25:48,3.6,3.5,19200,3.6,7200,0,703200
ITC30Jan20242.5CE.NFO,07/01/2020,10:26:36,3.6,3.5,16800,3.6,7200,0,703200
ITC30Jan20242.5CE.NFO,07/01/2020,10:26:39,3.6,3.5,16800,3.6,12000,0,703200
ITC30Jan20242.5CE.NFO,07/01/2020,10:26:43,3.6,3.5,16800,3.6,9600,0,703200
ITC30Jan20242.5CE.NFO,07/01/2020,10:26:50,3.6,3.5,16800,3.6,12000,0,703200
ITC30Jan20242.5CE.NFO,07/01/2020,10:26:53,3.6,3.5,12000,3.6,12000,0,703200
ITC30Jan20242.5CE.NFO,07/01/2020,10:26:57,3.6,3.5,7200,3.6,12000,0,703200
ITC30Jan20242.5CE.NFO,07/01/2020,10:27:08,3.6,3.5,7200,3.6,9600,0,703200
ITC30Jan20242.5CE.NFO,07/01/2020,10:28:15,3.6,3.5,7200,3.6,12000,0,703200
ITC30Jan20242.5CE.NFO,07/01/2020,10:28:32,3.55,3.55,2400,3.6,12000,2400,700800
ITC30Jan20242.5CE.NFO,07/01/2020,10:28:39,3.55,3.55,7200,3.6,14400,0,700800
ITC30Jan20242.5CE.NFO,07/01/2020,10:28:52,3.55,3.55,7200,3.6,16800,0,700800
ITC30Jan20242.5CE.NFO,07/01/2020,10:29:01,3.55,3.55,4800,3.6,16800,2400,700800
ITC30Jan20242.5CE.NFO,07/01/2020,10:29:10,3.55,3.55,4800,3.6,16800,0,700800
ITC30Jan20242.5CE.NFO,07/01/2020,10:29:17,3.55,3.55,4800,3.6,12000,0,700800
ITC30Jan20242.5CE.NFO,07/01/2020,10:29:20,3.55,3.55,4800,3.6,14400,2400,700800
ITC30Jan20242.5CE.NFO,07/01/2020,10:29:30,3.55,3.55,4800,3.6,14400,0,700800
ITC30Jan20242.5CE.NFO,07/01/2020,10:29:33,3.55,3.55,4800,3.65,14400,0,700800
ITC30Jan20242.5CE.NFO,07/01/2020,10:29:39,3.55,3.55,4800,3.65,21600,0,700800
ITC30Jan20242.5CE.NFO,07/01/2020,10:29:43,3.55,3.55,4800,3.65,24000,0,700800
ITC30Jan20242.5CE.NFO,07/01/2020,10:29:55,3.55,3.55,4800,3.6,4800,0,700800
ITC30Jan20242.5CE.NFO,07/01/2020,10:29:58,3.55,3.55,2400,3.6,12000,0,700800
ITC30Jan20242.5CE.NFO,07/01/2020,10:30:26,3.55,3.55,4800,3.6,12000,0,700800
ITC30Jan20242.5CE.NFO,07/01/2020,10:30:29,3.55,3.55,4800,3.6,7200,0,700800
ITC30Jan20242.5CE.NFO,07/01/2020,10:30:34,3.55,3.55,4800,3.6,9600,0,700800
ITC30Jan20242.5CE.NFO,07/01/2020,10:30:59,3.55,3.55,4800,3.6,12000,0,700800
ITC30Jan20242.5CE.NFO,07/01/2020,10:31:02,3.55,3.55,4800,3.6,9600,0,700800
ITC30Jan20242.5CE.NFO,07/01/2020,10:31:07,3.55,3.55,7200,3.6,9600,0,700800
ITC30Jan20242.5CE.NFO,07/01/2020,10:31:12,3.55,3.55,4800,3.6,9600,0,700800
ITC30Jan20242.5CE.NFO,07/01/2020,10:31:47,3.6,3.55,4800,3.6,7200,2400,700800
ITC30Jan20242.5CE.NFO,07/01/2020,10:31:57,3.6,3.55,4800,3.6,7200,0,700800
ITC30Jan20242.5CE.NFO,07/01/2020,10:32:25,3.55,3.55,2400,3.6,7200,2400,700800
ITC30Jan20242.5CE.NFO,07/01/2020,10:32:56,3.55,3.55,4800,3.65,9600,0,700800
ITC30Jan20242.5CE.NFO,07/01/2020,10:32:59,3.55,3.55,4800,3.65,12000,0,700800
ITC30Jan20242.5CE.NFO,07/01/2020,10:33:02,3.55,3.55,2400,3.65,9600,0,700800
ITC30Jan20242.5CE.NFO,07/01/2020,10:33:05,3.55,3.55,2400,3.65,12000,0,700800
ITC30Jan20242.5CE.NFO,07/01/2020,10:33:07,3.55,3.55,2400,3.65,14400,0,700800
ITC30Jan20242.5CE.NFO,07/01/2020,10:33:09,3.55,3.55,2400,3.6,4800,0,700800
ITC30Jan20242.5CE.NFO,07/01/2020,10:33:16,3.55,3.55,2400,3.65,16800,0,700800
ITC30Jan20242.5CE.NFO,07/01/2020,10:33:20,3.55,3.55,2400,3.65,19200,0,700800
ITC30Jan20242.5CE.NFO,07/01/2020,10:33:29,3.55,3.55,2400,3.65,16800,0,700800
ITC30Jan20242.5CE.NFO,07/01/2020,10:33:35,3.55,3.55,9600,3.65,16800,0,700800
ITC30Jan20242.5CE.NFO,07/01/2020,10:33:55,3.55,3.55,16800,3.65,14400,0,700800
ITC30Jan20242.5CE.NFO,07/01/2020,10:34:02,3.55,3.55,14400,3.65,12000,0,700800
ITC30Jan20242.5CE.NFO,07/01/2020,10:34:26,3.55,3.6,24000,3.7,4800,0,700800
ITC30Jan20242.5CE.NFO,07/01/2020,10:34:31,3.55,3.6,26400,3.7,4800,0,700800
ITC30Jan20242.5CE.NFO,07/01/2020,10:34:38,3.55,3.6,26400,3.7,7200,0,700800
ITC30Jan20242.5CE.NFO,07/01/2020,10:35:37,3.55,3.6,24000,3.7,7200,0,700800
ITC30Jan20242.5CE.NFO,07/01/2020,10:35:41,3.55,3.65,2400,3.7,2400,0,700800
ITC30Jan20242.5CE.NFO,07/01/2020,10:36:25,3.55,3.65,7200,3.7,2400,0,700800
ITC30Jan20242.5CE.NFO,07/01/2020,10:36:28,3.55,3.65,7200,3.75,24000,0,700800
ITC30Jan20242.5CE.NFO,07/01/2020,10:36:36,3.55,3.65,7200,3.75,26400,0,700800
ITC30Jan20242.5CE.NFO,07/01/2020,10:36:39,3.55,3.65,12000,3.75,26400,0,700800
ITC30Jan20242.5CE.NFO,07/01/2020,10:37:10,3.55,3.65,12000,3.75,21600,0,700800
ITC30Jan20242.5CE.NFO,07/01/2020,10:37:25,3.55,3.65,12000,3.75,19200,0,700800
ITC30Jan20242.5CE.NFO,07/01/2020,10:37:29,3.55,3.65,12000,3.75,21600,0,700800
ITC30Jan20242.5CE.NFO,07/01/2020,10:37:37,3.55,3.65,4800,3.7,4800,0,700800
ITC30Jan20242.5CE.NFO,07/01/2020,10:37:41,3.55,3.65,7200,3.75,12000,0,700800
ITC30Jan20242.5CE.NFO,07/01/2020,10:37:45,3.55,3.65,7200,3.75,14400,0,700800
ITC30Jan20242.5CE.NFO,07/01/2020,10:37:52,3.55,3.65,7200,3.75,12000,0,700800
ITC30Jan20242.5CE.NFO,07/01/2020,10:38:00,3.55,3.65,12000,3.75,9600,0,700800
ITC30Jan20242.5CE.NFO,07/01/2020,10:38:07,3.55,3.65,12000,3.75,16800,0,700800
ITC30Jan20242.5CE.NFO,07/01/2020,10:38:13,3.55,3.65,16800,3.75,16800,0,700800
ITC30Jan20242.5CE.NFO,07/01/2020,10:38:20,3.55,3.65,12000,3.75,19200,0,700800
ITC30Jan20242.5CE.NFO,07/01/2020,10:38:27,3.55,3.65,12000,3.75,16800,0,700800
ITC30Jan20242.5CE.NFO,07/01/2020,10:38:34,3.55,3.65,12000,3.75,21600,0,700800
ITC30Jan20242.5CE.NFO,07/01/2020,10:38:47,3.55,3.65,12000,3.75,14400,0,700800
ITC30Jan20242.5CE.NFO,07/01/2020,10:38:54,3.55,3.65,12000,3.75,12000,0,700800
ITC30Jan20242.5CE.NFO,07/01/2020,10:39:00,3.55,3.65,14400,3.8,21600,0,700800
ITC30Jan20242.5CE.NFO,07/01/2020,10:39:09,3.55,3.7,7200,3.8,24000,0,700800
ITC30Jan20242.5CE.NFO,07/01/2020,10:39:17,3.55,3.7,12000,3.8,24000,0,700800
ITC30Jan20242.5CE.NFO,07/01/2020,10:39:35,3.55,3.7,12000,3.8,19200,0,700800
ITC30Jan20242.5CE.NFO,07/01/2020,10:39:50,3.55,3.7,12000,3.8,16800,0,700800
ITC30Jan20242.5CE.NFO,07/01/2020,10:39:55,3.55,3.7,14400,3.8,9600,0,700800
ITC30Jan20242.5CE.NFO,07/01/2020,10:40:08,3.55,3.7,16800,3.8,4800,0,700800
ITC30Jan20242.5CE.NFO,07/01/2020,10:40:13,3.55,3.7,16800,3.8,7200,0,700800
ITC30Jan20242.5CE.NFO,07/01/2020,10:40:24,3.55,3.7,14400,3.8,7200,0,700800
ITC30Jan20242.5CE.NFO,07/01/2020,10:40:29,3.55,3.7,16800,3.8,7200,0,700800
ITC30Jan20242.5CE.NFO,07/01/2020,10:40:35,3.55,3.7,16800,3.8,9600,0,700800
ITC30Jan20242.5CE.NFO,07/01/2020,10:40:38,3.75,3.75,7200,3.8,9600,2400,705600
ITC30Jan20242.5CE.NFO,07/01/2020,10:40:41,3.75,3.7,12000,3.8,12000,7200,705600
ITC30Jan20242.5CE.NFO,07/01/2020,10:40:54,3.75,3.7,14400,3.8,14400,0,705600
ITC30Jan20242.5CE.NFO,07/01/2020,10:41:00,3.75,3.7,14400,3.8,12000,0,705600
ITC30Jan20242.5CE.NFO,07/01/2020,10:41:10,3.75,3.75,7200,3.8,7200,0,705600
ITC30Jan20242.5CE.NFO,07/01/2020,10:41:41,3.75,3.75,12000,3.8,4800,0,705600
ITC30Jan20242.5CE.NFO,07/01/2020,10:41:47,3.75,3.75,9600,3.8,4800,0,705600
ITC30Jan20242.5CE.NFO,07/01/2020,10:41:56,3.75,3.75,9600,3.8,7200,0,705600
ITC30Jan20242.5CE.NFO,07/01/2020,10:42:04,3.75,3.75,7200,3.8,7200,2400,700800
ITC30Jan20242.5CE.NFO,07/01/2020,10:42:11,3.75,3.75,7200,3.8,7200,0,700800
ITC30Jan20242.5CE.NFO,07/01/2020,10:42:17,3.75,3.7,14400,3.8,16800,0,700800
ITC30Jan20242.5CE.NFO,07/01/2020,10:42:30,3.75,3.7,12000,3.8,16800,0,700800
ITC30Jan20242.5CE.NFO,07/01/2020,10:42:42,3.75,3.7,12000,3.8,14400,0,700800
ITC30Jan20242.5CE.NFO,07/01/2020,10:42:47,3.75,3.7,14400,3.8,14400,0,700800
ITC30Jan20242.5CE.NFO,07/01/2020,10:43:08,3.75,3.7,14400,3.8,12000,0,700800
ITC30Jan20242.5CE.NFO,07/01/2020,10:43:18,3.75,3.7,12000,3.8,12000,0,700800
ITC30Jan20242.5CE.NFO,07/01/2020,10:43:28,3.75,3.7,12000,3.8,21600,0,700800
ITC30Jan20242.5CE.NFO,07/01/2020,10:43:31,3.75,3.7,4800,3.8,21600,0,700800
ITC30Jan20242.5CE.NFO,07/01/2020,10:43:37,3.75,3.7,9600,3.8,21600,0,700800
ITC30Jan20242.5CE.NFO,07/01/2020,10:43:47,3.75,3.7,7200,3.75,4800,0,700800
ITC30Jan20242.5CE.NFO,07/01/2020,10:43:57,3.7,3.65,9600,3.75,28800,2400,700800
ITC30Jan20242.5CE.NFO,07/01/2020,10:44:01,3.7,3.65,9600,3.75,28800,0,700800
ITC30Jan20242.5CE.NFO,07/01/2020,10:44:04,3.7,3.65,9600,3.75,26400,0,700800
ITC30Jan20242.5CE.NFO,07/01/2020,10:44:08,3.7,3.65,12000,3.75,26400,0,700800
ITC30Jan20242.5CE.NFO,07/01/2020,10:44:11,3.7,3.65,12000,3.75,19200,0,700800
ITC30Jan20242.5CE.NFO,07/01/2020,10:44:19,3.7,3.65,28800,3.8,16800,0,700800
ITC30Jan20242.5CE.NFO,07/01/2020,10:44:23,3.7,3.7,7200,3.8,16800,0,700800
ITC30Jan20242.5CE.NFO,07/01/2020,10:44:25,3.7,3.7,7200,3.8,19200,0,700800
ITC30Jan20242.5CE.NFO,07/01/2020,10:44:28,3.7,3.7,7200,3.8,21600,0,700800
ITC30Jan20242.5CE.NFO,07/01/2020,10:44:34,3.7,3.7,14400,3.8,21600,0,700800
ITC30Jan20242.5CE.NFO,07/01/2020,10:44:37,3.7,3.7,12000,3.8,21600,0,700800
ITC30Jan20242.5CE.NFO,07/01/2020,10:44:39,3.7,3.7,14400,3.8,21600,0,700800
ITC30Jan20242.5CE.NFO,07/01/2020,10:44:55,3.7,3.7,14400,3.8,16800,0,700800
ITC30Jan20242.5CE.NFO,07/01/2020,10:45:02,3.7,3.7,14400,3.8,14400,0,700800
ITC30Jan20242.5CE.NFO,07/01/2020,10:45:18,3.7,3.7,19200,3.8,7200,0,700800
ITC30Jan20242.5CE.NFO,07/01/2020,10:45:21,3.7,3.7,16800,3.8,7200,0,700800
ITC30Jan20242.5CE.NFO,07/01/2020,10:45:28,3.7,3.7,19200,3.8,7200,0,700800
ITC30Jan20242.5CE.NFO,07/01/2020,10:45:31,3.7,3.7,19200,3.8,12000,0,700800
ITC30Jan20242.5CE.NFO,07/01/2020,10:45:33,3.7,3.7,16800,3.8,12000,0,700800
ITC30Jan20242.5CE.NFO,07/01/2020,10:46:45,3.7,3.7,24000,3.8,19200,0,700800
ITC30Jan20242.5CE.NFO,07/01/2020,10:46:54,3.7,3.7,16800,3.8,12000,0,700800
ITC30Jan20242.5CE.NFO,07/01/2020,10:47:25,3.7,3.7,14400,3.8,26400,0,700800
ITC30Jan20242.5CE.NFO,07/01/2020,10:47:41,3.7,3.7,7200,3.8,26400,0,700800
ITC30Jan20242.5CE.NFO,07/01/2020,10:47:44,3.7,3.7,2400,3.8,28800,12000,703200
ITC30Jan20242.5CE.NFO,07/01/2020,10:47:48,3.7,3.7,4800,3.75,2400,0,703200
ITC30Jan20242.5CE.NFO,07/01/2020,10:47:56,3.7,3.65,9600,3.75,12000,0,703200
ITC30Jan20242.5CE.NFO,07/01/2020,10:47:59,3.7,3.65,9600,3.75,14400,0,703200
ITC30Jan20242.5CE.NFO,07/01/2020,10:48:18,3.7,3.65,7200,3.75,14400,0,703200
ITC30Jan20242.5CE.NFO,07/01/2020,10:48:24,3.7,3.65,7200,3.75,16800,0,703200
ITC30Jan20242.5CE.NFO,07/01/2020,10:48:40,3.7,3.65,7200,3.75,12000,0,703200
ITC30Jan20242.5CE.NFO,07/01/2020,10:48:44,3.7,3.65,7200,3.75,16800,0,703200
ITC30Jan20242.5CE.NFO,07/01/2020,10:48:48,3.7,3.65,7200,3.75,14400,0,703200
ITC30Jan20242.5CE.NFO,07/01/2020,10:48:55,3.7,3.65,7200,3.7,2400,0,703200
ITC30Jan20242.5CE.NFO,07/01/2020,10:49:11,3.7,3.65,7200,3.7,4800,0,703200
ITC30Jan20242.5CE.NFO,07/01/2020,10:49:15,3.7,3.65,7200,3.7,7200,0,703200
ITC30Jan20242.5CE.NFO,07/01/2020,10:49:30,3.65,3.6,21600,3.7,14400,2400,703200
ITC30Jan20242.5CE.NFO,07/01/2020,10:49:34,3.65,3.6,24000,3.7,12000,0,703200
ITC30Jan20242.5CE.NFO,07/01/2020,10:49:40,3.65,3.6,24000,3.7,14400,0,703200
ITC30Jan20242.5CE.NFO,07/01/2020,10:49:44,3.65,3.6,21600,3.7,14400,0,703200
ITC30Jan20242.5CE.NFO,07/01/2020,10:50:05,3.7,3.65,12000,3.7,2400,7200,703200
ITC30Jan20242.5CE.NFO,07/01/2020,10:50:10,3.7,3.65,12000,3.7,2400,0,703200
ITC30Jan20242.5CE.NFO,07/01/2020,10:50:15,3.7,3.65,12000,3.7,4800,0,703200
ITC30Jan20242.5CE.NFO,07/01/2020,10:50:21,3.7,3.65,14400,3.7,4800,0,703200
ITC30Jan20242.5CE.NFO,07/01/2020,10:50:33,3.7,3.65,14400,3.75,9600,4800,691200
ITC30Jan20242.5CE.NFO,07/01/2020,10:50:38,3.7,3.65,14400,3.75,9600,0,691200
ITC30Jan20242.5CE.NFO,07/01/2020,10:50:42,3.7,3.65,12000,3.75,9600,0,691200
ITC30Jan20242.5CE.NFO,07/01/2020,10:51:04,3.7,3.65,12000,3.75,16800,0,691200
ITC30Jan20242.5CE.NFO,07/01/2020,10:51:18,3.7,3.7,4800,3.75,7200,0,691200
ITC30Jan20242.5CE.NFO,07/01/2020,10:51:33,3.7,3.7,4800,3.75,9600,0,691200
ITC30Jan20242.5CE.NFO,07/01/2020,10:51:39,3.7,3.7,2400,3.75,9600,0,691200
ITC30Jan20242.5CE.NFO,07/01/2020,10:51:43,3.7,3.65,14400,3.75,4800,0,691200
ITC30Jan20242.5CE.NFO,07/01/2020,10:51:47,3.7,3.65,21600,3.75,4800,0,691200
ITC30Jan20242.5CE.NFO,07/01/2020,10:51:50,3.7,3.65,19200,3.75,9600,0,691200
ITC30Jan20242.5CE.NFO,07/01/2020,10:51:57,3.7,3.65,12000,3.75,12000,0,691200
ITC30Jan20242.5CE.NFO,07/01/2020,10:52:05,3.7,3.65,9600,3.75,12000,0,691200
ITC30Jan20242.5CE.NFO,07/01/2020,10:52:25,3.7,3.65,12000,3.75,12000,0,691200
ITC30Jan20242.5CE.NFO,07/01/2020,10:52:33,3.7,3.7,4800,3.75,12000,0,691200
ITC30Jan20242.5CE.NFO,07/01/2020,10:52:36,3.7,3.65,9600,3.75,21600,0,691200
ITC30Jan20242.5CE.NFO,07/01/2020,10:52:41,3.7,3.7,4800,3.75,21600,0,691200
ITC30Jan20242.5CE.NFO,07/01/2020,10:52:49,3.7,3.7,4800,3.75,12000,0,691200
ITC30Jan20242.5CE.NFO,07/01/2020,10:52:57,3.7,3.65,12000,3.75,19200,0,691200
ITC30Jan20242.5CE.NFO,07/01/2020,10:53:13,3.7,3.65,12000,3.75,16800,0,691200
ITC30Jan20242.5CE.NFO,07/01/2020,10:53:20,3.7,3.65,9600,3.75,28800,0,691200
ITC30Jan20242.5CE.NFO,07/01/2020,10:53:40,3.7,3.65,12000,3.75,7200,0,691200
ITC30Jan20242.5CE.NFO,07/01/2020,10:53:46,3.7,3.65,12000,3.75,9600,0,691200
ITC30Jan20242.5CE.NFO,07/01/2020,10:53:51,3.7,3.65,9600,3.75,9600,0,691200
ITC30Jan20242.5CE.NFO,07/01/2020,10:54:11,3.7,3.65,12000,3.75,16800,0,691200
ITC30Jan20242.5CE.NFO,07/01/2020,10:54:16,3.7,3.65,12000,3.75,12000,0,691200
ITC30Jan20242.5CE.NFO,07/01/2020,10:54:30,3.7,3.7,4800,3.75,9600,0,691200
ITC30Jan20242.5CE.NFO,07/01/2020,10:54:37,3.7,3.65,26400,3.75,7200,9600,684000
ITC30Jan20242.5CE.NFO,07/01/2020,10:54:40,3.7,3.65,26400,3.75,9600,0,684000
ITC30Jan20242.5CE.NFO,07/01/2020,10:54:44,3.7,3.65,26400,3.75,7200,0,684000
ITC30Jan20242.5CE.NFO,07/01/2020,10:54:49,3.7,3.65,26400,3.75,2400,0,684000
ITC30Jan20242.5CE.NFO,07/01/2020,10:54:58,3.7,3.65,12000,3.75,9600,0,684000
ITC30Jan20242.5CE.NFO,07/01/2020,10:55:18,3.7,3.65,9600,3.75,19200,0,684000
ITC30Jan20242.5CE.NFO,07/01/2020,10:55:23,3.7,3.65,2400,3.7,2400,0,684000
ITC30Jan20242.5CE.NFO,07/01/2020,10:55:29,3.7,3.6,9600,3.7,16800,0,684000
ITC30Jan20242.5CE.NFO,07/01/2020,10:55:35,3.7,3.6,14400,3.7,7200,0,684000
ITC30Jan20242.5CE.NFO,07/01/2020,10:55:41,3.7,3.65,4800,3.75,12000,0,684000
ITC30Jan20242.5CE.NFO,07/01/2020,10:55:46,3.7,3.65,4800,3.7,4800,0,684000
ITC30Jan20242.5CE.NFO,07/01/2020,10:55:51,3.65,3.6,16800,3.7,2400,2400,684000
ITC30Jan20242.5CE.NFO,07/01/2020,10:55:56,3.65,3.6,16800,3.7,2400,0,684000
ITC30Jan20242.5CE.NFO,07/01/2020,10:56:22,3.65,3.6,16800,3.7,7200,0,684000
ITC30Jan20242.5CE.NFO,07/01/2020,10:56:30,3.65,3.6,14400,3.7,7200,0,684000
ITC30Jan20242.5CE.NFO,07/01/2020,10:56:41,3.65,3.6,12000,3.7,12000,0,684000
ITC30Jan20242.5CE.NFO,07/01/2020,10:57:00,3.65,3.6,12000,3.65,4800,0,684000
ITC30Jan20242.5CE.NFO,07/01/2020,10:57:10,3.65,3.6,12000,3.65,2400,0,684000
ITC30Jan20242.5CE.NFO,07/01/2020,10:57:23,3.65,3.6,12000,3.65,4800,0,684000
ITC30Jan20242.5CE.NFO,07/01/2020,10:57:31,3.6,3.6,12000,3.65,2400,2400,674400
ITC30Jan20242.5CE.NFO,07/01/2020,10:57:38,3.6,3.6,9600,3.65,2400,0,674400
ITC30Jan20242.5CE.NFO,07/01/2020,10:57:44,3.55,3.5,21600,3.6,14400,9600,674400
ITC30Jan20242.5CE.NFO,07/01/2020,10:57:50,3.55,3.5,24000,3.6,4800,7200,674400
ITC30Jan20242.5CE.NFO,07/01/2020,10:57:56,3.55,3.55,4800,3.6,7200,2400,674400
ITC30Jan20242.5CE.NFO,07/01/2020,10:58:02,3.55,3.55,2400,3.6,9600,2400,674400
ITC30Jan20242.5CE.NFO,07/01/2020,10:58:08,3.55,3.55,2400,3.6,9600,0,674400
ITC30Jan20242.5CE.NFO,07/01/2020,10:58:15,3.55,3.55,2400,3.6,4800,0,674400
ITC30Jan20242.5CE.NFO,07/01/2020,10:58:21,3.55,3.5,24000,3.6,14400,0,674400
ITC30Jan20242.5CE.NFO,07/01/2020,10:58:28,3.55,3.5,12000,3.6,7200,0,674400
ITC30Jan20242.5CE.NFO,07/01/2020,10:58:41,3.55,3.5,14400,3.6,7200,0,674400
ITC30Jan20242.5CE.NFO,07/01/2020,10:58:46,3.55,3.5,21600,3.6,2400,0,674400
ITC30Jan20242.5CE.NFO,07/01/2020,10:58:53,3.55,3.55,16800,3.65,19200,0,674400
ITC30Jan20242.5CE.NFO,07/01/2020,10:58:59,3.55,3.55,19200,3.65,26400,0,674400
ITC30Jan20242.5CE.NFO,07/01/2020,10:59:06,3.55,3.55,19200,3.65,12000,0,674400
ITC30Jan20242.5CE.NFO,07/01/2020,10:59:12,3.55,3.55,19200,3.65,9600,0,674400
ITC30Jan20242.5CE.NFO,07/01/2020,10:59:19,3.55,3.55,21600,3.65,9600,0,674400
ITC30Jan20242.5CE.NFO,07/01/2020,10:59:24,3.55,3.55,19200,3.65,9600,0,674400
ITC30Jan20242.5CE.NFO,07/01/2020,10:59:30,3.55,3.55,16800,3.65,9600,2400,674400
ITC30Jan20242.5CE.NFO,07/01/2020,10:59:43,3.55,3.55,16800,3.65,14400,0,674400
ITC30Jan20242.5CE.NFO,07/01/2020,10:59:54,3.55,3.55,7200,3.65,14400,0,674400
ITC30Jan20242.5CE.NFO,07/01/2020,10:59:59,3.55,3.55,9600,3.65,14400,0,674400
ITC30Jan20242.5CE.NFO,07/01/2020,11:00:06,3.55,3.55,7200,3.65,14400,0,674400
ITC30Jan20242.5CE.NFO,07/01/2020,11:00:14,3.55,3.55,7200,3.65,16800,0,674400
ITC30Jan20242.5CE.NFO,07/01/2020,11:01:01,3.55,3.5,14400,3.6,14400,0,674400
ITC30Jan20242.5CE.NFO,07/01/2020,11:01:16,3.55,3.5,12000,3.6,19200,0,674400
ITC30Jan20242.5CE.NFO,07/01/2020,11:01:39,3.55,3.5,9600,3.6,12000,0,674400
ITC30Jan20242.5CE.NFO,07/01/2020,11:01:47,3.55,3.5,7200,3.6,12000,0,674400
ITC30Jan20242.5CE.NFO,07/01/2020,11:01:55,3.55,3.5,9600,3.6,12000,0,674400
ITC30Jan20242.5CE.NFO,07/01/2020,11:02:02,3.55,3.5,4800,3.6,21600,0,674400
ITC30Jan20242.5CE.NFO,07/01/2020,11:02:09,3.55,3.45,28800,3.55,2400,0,674400
ITC30Jan20242.5CE.NFO,07/01/2020,11:02:16,3.55,3.5,9600,3.6,21600,0,674400
ITC30Jan20242.5CE.NFO,07/01/2020,11:02:22,3.55,3.5,9600,3.6,12000,0,674400
ITC30Jan20242.5CE.NFO,07/01/2020,11:02:28,3.55,3.45,26400,3.55,7200,0,674400
ITC30Jan20242.5CE.NFO,07/01/2020,11:02:35,3.55,3.45,28800,3.55,7200,0,674400
ITC30Jan20242.5CE.NFO,07/01/2020,11:02:41,3.55,3.45,28800,3.55,2400,0,674400
ITC30Jan20242.5CE.NFO,07/01/2020,11:02:54,3.55,3.45,28800,3.55,9600,0,674400
ITC30Jan20242.5CE.NFO,07/01/2020,11:03:00,3.55,3.45,24000,3.55,9600,0,674400
ITC30Jan20242.5CE.NFO,07/01/2020,11:03:07,3.55,3.45,24000,3.55,4800,0,674400
ITC30Jan20242.5CE.NFO,07/01/2020,11:03:14,3.45,3.45,24000,3.55,9600,2400,676800
ITC30Jan20242.5CE.NFO,07/01/2020,11:03:21,3.45,3.45,19200,3.55,2400,0,676800
ITC30Jan20242.5CE.NFO,07/01/2020,11:03:40,3.45,3.45,14400,3.55,2400,0,676800
ITC30Jan20242.5CE.NFO,07/01/2020,11:03:55,3.45,3.45,16800,3.55,4800,0,676800
ITC30Jan20242.5CE.NFO,07/01/2020,11:04:08,3.45,3.45,16800,3.55,14400,0,676800
ITC30Jan20242.5CE.NFO,07/01/2020,11:04:15,3.45,3.45,7200,3.5,14400,0,676800
ITC30Jan20242.5CE.NFO,07/01/2020,11:04:27,3.45,3.45,14400,3.5,12000,0,676800
ITC30Jan20242.5CE.NFO,07/01/2020,11:04:34,3.5,3.45,16800,3.55,14400,12000,676800
ITC30Jan20242.5CE.NFO,07/01/2020,11:04:41,3.5,3.45,19200,3.55,14400,0,676800
ITC30Jan20242.5CE.NFO,07/01/2020,11:04:48,3.5,3.45,14400,3.55,14400,0,676800
ITC30Jan20242.5CE.NFO,07/01/2020,11:04:55,3.5,3.45,19200,3.55,12000,0,676800
ITC30Jan20242.5CE.NFO,07/01/2020,11:05:09,3.5,3.45,12000,3.55,12000,0,676800
ITC30Jan20242.5CE.NFO,07/01/2020,11:05:16,3.5,3.45,9600,3.55,12000,0,676800
ITC30Jan20242.5CE.NFO,07/01/2020,11:05:23,3.5,3.4,19200,3.5,7200,0,676800
ITC30Jan20242.5CE.NFO,07/01/2020,11:05:30,3.5,3.4,19200,3.5,12000,0,676800
ITC30Jan20242.5CE.NFO,07/01/2020,11:05:43,3.5,3.4,21600,3.5,12000,0,676800
ITC30Jan20242.5CE.NFO,07/01/2020,11:05:50,3.5,3.4,21600,3.5,7200,0,676800
ITC30Jan20242.5CE.NFO,07/01/2020,11:05:57,3.5,3.45,16800,3.55,26400,0,676800
ITC30Jan20242.5CE.NFO,07/01/2020,11:06:04,3.5,3.45,16800,3.55,14400,0,676800
ITC30Jan20242.5CE.NFO,07/01/2020,11:06:18,3.55,3.45,12000,3.55,9600,2400,672000
ITC30Jan20242.5CE.NFO,07/01/2020,11:06:24,3.55,3.45,19200,3.55,7200,0,672000
ITC30Jan20242.5CE.NFO,07/01/2020,11:06:55,3.55,3.45,14400,3.55,7200,0,672000
ITC30Jan20242.5CE.NFO,07/01/2020,11:07:01,3.55,3.45,7200,3.55,7200,0,672000
ITC30Jan20242.5CE.NFO,07/01/2020,11:07:37,3.55,3.45,9600,3.55,7200,0,672000
ITC30Jan20242.5CE.NFO,07/01/2020,11:07:43,3.55,3.45,9600,3.55,9600,0,672000
ITC30Jan20242.5CE.NFO,07/01/2020,11:07:59,3.55,3.45,7200,3.55,9600,0,672000
ITC30Jan20242.5CE.NFO,07/01/2020,11:08:04,3.55,3.45,9600,3.55,9600,0,672000
ITC30Jan20242.5CE.NFO,07/01/2020,11:08:13,3.55,3.45,7200,3.55,9600,0,672000
ITC30Jan20242.5CE.NFO,07/01/2020,11:08:29,3.55,3.45,12000,3.55,7200,0,672000
ITC30Jan20242.5CE.NFO,07/01/2020,11:08:34,3.55,3.5,4800,3.6,31200,0,672000
ITC30Jan20242.5CE.NFO,07/01/2020,11:08:39,3.55,3.5,4800,3.55,4800,0,672000
ITC30Jan20242.5CE.NFO,07/01/2020,11:08:44,3.55,3.5,4800,3.55,7200,0,672000
ITC30Jan20242.5CE.NFO,07/01/2020,11:08:53,3.55,3.5,4800,3.55,9600,0,672000
ITC30Jan20242.5CE.NFO,07/01/2020,11:09:13,3.55,3.5,4800,3.55,7200,0,672000
ITC30Jan20242.5CE.NFO,07/01/2020,11:09:23,3.55,3.5,4800,3.55,9600,0,672000
ITC30Jan20242.5CE.NFO,07/01/2020,11:09:28,3.55,3.5,4800,3.55,7200,0,672000
ITC30Jan20242.5CE.NFO,07/01/2020,11:09:50,3.55,3.5,4800,3.55,9600,0,672000
ITC30Jan20242.5CE.NFO,07/01/2020,11:10:02,3.55,3.45,14400,3.55,9600,0,672000
ITC30Jan20242.5CE.NFO,07/01/2020,11:10:07,3.55,3.45,12000,3.55,9600,0,672000
ITC30Jan20242.5CE.NFO,07/01/2020,11:10:11,3.55,3.45,9600,3.55,14400,0,672000
ITC30Jan20242.5CE.NFO,07/01/2020,11:10:26,3.55,3.45,14400,3.55,12000,0,672000
ITC30Jan20242.5CE.NFO,07/01/2020,11:10:31,3.55,3.45,12000,3.55,16800,0,672000
ITC30Jan20242.5CE.NFO,07/01/2020,11:10:35,3.55,3.45,9600,3.5,2400,0,672000
ITC30Jan20242.5CE.NFO,07/01/2020,11:10:54,3.55,3.45,7200,3.5,7200,0,672000
ITC30Jan20242.5CE.NFO,07/01/2020,11:10:57,3.45,3.45,2400,3.5,21600,4800,672000
ITC30Jan20242.5CE.NFO,07/01/2020,11:11:02,3.45,3.4,4800,3.5,24000,2400,672000
ITC30Jan20242.5CE.NFO,07/01/2020,11:11:07,3.45,3.4,4800,3.5,24000,0,672000
ITC30Jan20242.5CE.NFO,07/01/2020,11:11:12,3.4,3.3,12000,3.45,21600,4800,672000
ITC30Jan20242.5CE.NFO,07/01/2020,11:11:19,3.4,3.3,7200,3.4,7200,0,672000
ITC30Jan20242.5CE.NFO,07/01/2020,11:11:33,3.4,3.3,7200,3.4,9600,0,672000
ITC30Jan20242.5CE.NFO,07/01/2020,11:11:40,3.4,3.25,9600,3.35,24000,0,672000
ITC30Jan20242.5CE.NFO,07/01/2020,11:11:47,3.4,3.25,9600,3.35,21600,0,672000
ITC30Jan20242.5CE.NFO,07/01/2020,11:11:59,3.4,3.25,2400,3.3,16800,0,672000
ITC30Jan20242.5CE.NFO,07/01/2020,11:12:08,3.25,3.2,7200,3.3,12000,2400,679200
ITC30Jan20242.5CE.NFO,07/01/2020,11:12:15,3.25,3.2,7200,3.3,16800,0,679200
ITC30Jan20242.5CE.NFO,07/01/2020,11:12:23,3.25,3.2,12000,3.3,14400,0,679200
ITC30Jan20242.5CE.NFO,07/01/2020,11:12:29,3.25,3.2,14400,3.3,9600,0,679200
ITC30Jan20242.5CE.NFO,07/01/2020,11:12:36,3.25,3.2,12000,3.3,14400,0,679200
ITC30Jan20242.5CE.NFO,07/01/2020,11:12:41,3.25,3.2,9600,3.3,14400,0,679200
ITC30Jan20242.5CE.NFO,07/01/2020,11:13:02,3.25,3.2,2400,3.3,16800,0,679200
ITC30Jan20242.5CE.NFO,07/01/2020,11:13:07,3.25,3.2,2400,3.3,16800,2400,679200
ITC30Jan20242.5CE.NFO,07/01/2020,11:13:13,3.25,3.2,2400,3.3,16800,0,679200
ITC30Jan20242.5CE.NFO,07/01/2020,11:13:19,3.25,3.2,2400,3.3,14400,0,679200
ITC30Jan20242.5CE.NFO,07/01/2020,11:13:30,3.25,3.2,2400,3.3,16800,0,679200
ITC30Jan20242.5CE.NFO,07/01/2020,11:13:48,3.25,3.2,2400,3.3,12000,0,679200
ITC30Jan20242.5CE.NFO,07/01/2020,11:13:54,3.25,3.2,14400,3.3,9600,0,679200
ITC30Jan20242.5CE.NFO,07/01/2020,11:14:00,3.25,3.25,2400,3.3,9600,0,679200
ITC30Jan20242.5CE.NFO,07/01/2020,11:14:05,3.25,3.25,4800,3.35,19200,0,679200
ITC30Jan20242.5CE.NFO,07/01/2020,11:14:10,3.25,3.25,4800,3.3,9600,0,679200
ITC30Jan20242.5CE.NFO,07/01/2020,11:14:17,3.3,3.25,12000,3.35,14400,2400,679200
ITC30Jan20242.5CE.NFO,07/01/2020,11:14:23,3.3,3.25,12000,3.35,12000,0,679200
ITC30Jan20242.5CE.NFO,07/01/2020,11:14:28,3.3,3.25,4800,3.3,2400,0,679200
ITC30Jan20242.5CE.NFO,07/01/2020,11:14:33,3.3,3.25,12000,3.35,16800,2400,679200
ITC30Jan20242.5CE.NFO,07/01/2020,11:14:38,3.3,3.25,12000,3.35,16800,0,679200
ITC30Jan20242.5CE.NFO,07/01/2020,11:14:42,3.3,3.25,14400,3.35,16800,0,679200
ITC30Jan20242.5CE.NFO,07/01/2020,11:14:53,3.3,3.25,4800,3.35,16800,0,679200
ITC30Jan20242.5CE.NFO,07/01/2020,11:14:59,3.3,3.2,7200,3.35,19200,0,679200
ITC30Jan20242.5CE.NFO,07/01/2020,11:15:06,3.3,3.2,12000,3.3,4800,0,679200
ITC30Jan20242.5CE.NFO,07/01/2020,11:15:12,3.3,3.2,28800,3.3,4800,0,679200
ITC30Jan20242.5CE.NFO,07/01/2020,11:15:17,3.3,3.2,24000,3.3,4800,0,679200
ITC30Jan20242.5CE.NFO,07/01/2020,11:15:27,3.3,3.2,21600,3.35,21600,0,679200
ITC30Jan20242.5CE.NFO,07/01/2020,11:15:33,3.3,3.2,21600,3.3,4800,0,679200
ITC30Jan20242.5CE.NFO,07/01/2020,11:15:39,3.3,3.2,24000,3.3,4800,0,679200
ITC30Jan20242.5CE.NFO,07/01/2020,11:15:44,3.3,3.25,7200,3.3,2400,0,679200
ITC30Jan20242.5CE.NFO,07/01/2020,11:15:49,3.3,3.25,9600,3.35,21600,0,679200
ITC30Jan20242.5CE.NFO,07/01/2020,11:16:06,3.3,3.25,4800,3.3,4800,0,679200
ITC30Jan20242.5CE.NFO,07/01/2020,11:16:12,3.3,3.25,9600,3.35,21600,0,679200
ITC30Jan20242.5CE.NFO,07/01/2020,11:16:42,3.3,3.25,12000,3.35,21600,0,679200
ITC30Jan20242.5CE.NFO,07/01/2020,11:16:54,3.3,3.25,4800,3.35,21600,0,679200
ITC30Jan20242.5CE.NFO,07/01/2020,11:17:19,3.3,3.25,7200,3.35,4800,0,679200
ITC30Jan20242.5CE.NFO,07/01/2020,11:17:24,3.3,3.25,19200,3.35,2400,0,679200
ITC30Jan20242.5CE.NFO,07/01/2020,11:17:41,3.3,3.3,12000,3.4,9600,2400,679200
ITC30Jan20242.5CE.NFO,07/01/2020,11:17:47,3.3,3.3,12000,3.4,4800,0,679200
ITC30Jan20242.5CE.NFO,07/01/2020,11:18:01,3.3,3.3,2400,3.4,12000,0,679200
ITC30Jan20242.5CE.NFO,07/01/2020,11:18:06,3.3,3.25,24000,3.35,9600,0,679200
ITC30Jan20242.5CE.NFO,07/01/2020,11:18:18,3.3,3.3,2400,3.35,9600,0,679200
ITC30Jan20242.5CE.NFO,07/01/2020,11:18:22,3.3,3.25,24000,3.35,9600,0,679200
ITC30Jan20242.5CE.NFO,07/01/2020,11:18:28,3.3,3.25,21600,3.35,9600,0,679200
ITC30Jan20242.5CE.NFO,07/01/2020,11:18:37,3.3,3.25,31200,3.4,19200,0,679200
ITC30Jan20242.5CE.NFO,07/01/2020,11:18:44,3.3,3.25,24000,3.35,4800,0,679200
ITC30Jan20242.5CE.NFO,07/01/2020,11:18:50,3.3,3.3,4800,3.4,14400,0,679200
ITC30Jan20242.5CE.NFO,07/01/2020,11:19:07,3.3,3.3,4800,3.4,16800,0,679200
ITC30Jan20242.5CE.NFO,07/01/2020,11:19:20,3.3,3.25,19200,3.35,14400,0,679200
ITC30Jan20242.5CE.NFO,07/01/2020,11:19:28,3.3,3.25,19200,3.4,16800,0,679200
ITC30Jan20242.5CE.NFO,07/01/2020,11:19:35,3.3,3.25,26400,3.4,16800,0,679200
ITC30Jan20242.5CE.NFO,07/01/2020,11:19:41,3.3,3.25,26400,3.4,9600,0,679200
ITC30Jan20242.5CE.NFO,07/01/2020,11:19:47,3.3,3.35,4800,3.4,4800,0,679200
ITC30Jan20242.5CE.NFO,07/01/2020,11:19:53,3.3,3.3,7200,3.4,7200,0,679200
ITC30Jan20242.5CE.NFO,07/01/2020,11:20:20,3.3,3.3,7200,3.4,2400,0,679200
ITC30Jan20242.5CE.NFO,07/01/2020,11:20:31,3.3,3.35,9600,3.45,12000,0,679200
ITC30Jan20242.5CE.NFO,07/01/2020,11:20:42,3.3,3.35,9600,3.45,14400,0,679200
ITC30Jan20242.5CE.NFO,07/01/2020,11:20:52,3.3,3.35,9600,3.45,16800,0,679200
ITC30Jan20242.5CE.NFO,07/01/2020,11:20:58,3.3,3.35,9600,3.45,14400,0,679200
ITC30Jan20242.5CE.NFO,07/01/2020,11:21:17,3.3,3.35,9600,3.45,12000,0,679200
ITC30Jan20242.5CE.NFO,07/01/2020,11:21:27,3.3,3.35,4800,3.4,4800,0,679200
ITC30Jan20242.5CE.NFO,07/01/2020,11:21:34,3.3,3.3,7200,3.4,2400,0,679200
ITC30Jan20242.5CE.NFO,07/01/2020,11:21:40,3.3,3.3,7200,3.4,4800,0,679200
ITC30Jan20242.5CE.NFO,07/01/2020,11:21:45,3.3,3.3,19200,3.45,19200,0,679200
ITC30Jan20242.5CE.NFO,07/01/2020,11:21:50,3.3,3.3,19200,3.4,4800,0,679200
ITC30Jan20242.5CE.NFO,07/01/2020,11:21:54,3.3,3.3,19200,3.45,21600,0,679200
ITC30Jan20242.5CE.NFO,07/01/2020,11:22:02,3.3,3.3,21600,3.4,7200,0,679200
ITC30Jan20242.5CE.NFO,07/01/2020,11:22:23,3.3,3.3,21600,3.4,9600,0,679200
ITC30Jan20242.5CE.NFO,07/01/2020,11:22:28,3.3,3.35,2400,3.4,2400,0,679200
ITC30Jan20242.5CE.NFO,07/01/2020,11:22:33,3.3,3.35,2400,3.45,14400,0,679200
ITC30Jan20242.5CE.NFO,07/01/2020,11:22:38,3.3,3.3,21600,3.4,2400,0,679200
ITC30Jan20242.5CE.NFO,07/01/2020,11:22:42,3.3,3.35,2400,3.4,2400,0,679200
ITC30Jan20242.5CE.NFO,07/01/2020,11:22:50,3.3,3.35,4800,3.45,12000,0,679200
ITC30Jan20242.5CE.NFO,07/01/2020,11:22:56,3.3,3.35,7200,3.45,12000,0,679200
ITC30Jan20242.5CE.NFO,07/01/2020,11:23:02,3.3,3.35,7200,3.45,4800,0,679200
ITC30Jan20242.5CE.NFO,07/01/2020,11:23:12,3.3,3.35,4800,3.45,4800,0,679200
ITC30Jan20242.5CE.NFO,07/01/2020,11:23:18,3.3,3.35,4800,3.45,7200,0,679200
ITC30Jan20242.5CE.NFO,07/01/2020,11:23:44,3.3,3.35,4800,3.45,4800,0,679200
ITC30Jan20242.5CE.NFO,07/01/2020,11:23:53,3.3,3.4,2400,3.5,21600,0,679200
ITC30Jan20242.5CE.NFO,07/01/2020,11:23:58,3.3,3.35,12000,3.45,4800,0,679200
ITC30Jan20242.5CE.NFO,07/01/2020,11:24:04,3.3,3.4,4800,3.5,21600,0,679200
ITC30Jan20242.5CE.NFO,07/01/2020,11:24:10,3.3,3.4,9600,3.5,21600,0,679200
ITC30Jan20242.5CE.NFO,07/01/2020,11:24:20,3.3,3.4,9600,3.5,24000,0,679200
ITC30Jan20242.5CE.NFO,07/01/2020,11:25:00,3.3,3.4,2400,3.45,19200,0,679200
ITC30Jan20242.5CE.NFO,07/01/2020,11:25:06,3.3,3.4,2400,3.45,12000,0,679200
ITC30Jan20242.5CE.NFO,07/01/2020,11:25:15,3.3,3.4,4800,3.5,26400,0,679200
ITC30Jan20242.5CE.NFO,07/01/2020,11:25:19,3.3,3.4,4800,3.5,28800,0,679200
ITC30Jan20242.5CE.NFO,07/01/2020,11:25:24,3.3,3.4,2400,3.45,14400,0,679200
ITC30Jan20242.5CE.NFO,07/01/2020,11:25:34,3.3,3.4,2400,3.45,9600,0,679200
ITC30Jan20242.5CE.NFO,07/01/2020,11:25:44,3.3,3.4,14400,3.5,26400,0,679200
ITC30Jan20242.5CE.NFO,07/01/2020,11:25:50,3.3,3.4,9600,3.5,26400,0,679200
ITC30Jan20242.5CE.NFO,07/01/2020,11:25:55,3.3,3.4,7200,3.5,26400,0,679200
ITC30Jan20242.5CE.NFO,07/01/2020,11:26:14,3.3,3.4,7200,3.5,28800,0,679200
ITC30Jan20242.5CE.NFO,07/01/2020,11:26:40,3.3,3.4,7200,3.5,24000,0,679200
ITC30Jan20242.5CE.NFO,07/01/2020,11:26:46,3.3,3.4,2400,3.45,7200,0,679200
ITC30Jan20242.5CE.NFO,07/01/2020,11:27:02,3.3,3.4,2400,3.45,2400,0,679200
ITC30Jan20242.5CE.NFO,07/01/2020,11:27:06,3.3,3.4,2400,3.5,24000,0,679200
ITC30Jan20242.5CE.NFO,07/01/2020,11:27:13,3.3,3.4,2400,3.45,9600,0,679200
ITC30Jan20242.5CE.NFO,07/01/2020,11:27:23,3.3,3.4,12000,3.5,21600,0,679200
ITC30Jan20242.5CE.NFO,07/01/2020,11:27:39,3.3,3.4,12000,3.5,19200,0,679200
ITC30Jan20242.5CE.NFO,07/01/2020,11:29:08,3.3,3.4,12000,3.5,24000,0,679200
ITC30Jan20242.5CE.NFO,07/01/2020,11:29:17,3.3,3.4,12000,3.5,21600,0,679200
ITC30Jan20242.5CE.NFO,07/01/2020,11:29:20,3.3,3.4,12000,3.5,24000,0,679200
ITC30Jan20242.5CE.NFO,07/01/2020,11:29:34,3.3,3.4,7200,3.5,24000,0,679200
ITC30Jan20242.5CE.NFO,07/01/2020,11:30:03,3.3,3.4,7200,3.5,21600,0,679200
ITC30Jan20242.5CE.NFO,07/01/2020,11:30:06,3.3,3.4,7200,3.5,24000,0,679200
ITC30Jan20242.5CE.NFO,07/01/2020,11:30:22,3.3,3.4,7200,3.45,2400,0,679200
ITC30Jan20242.5CE.NFO,07/01/2020,11:30:27,3.3,3.4,2400,3.45,2400,0,679200
ITC30Jan20242.5CE.NFO,07/01/2020,11:30:31,3.3,3.4,7200,3.5,21600,0,679200
ITC30Jan20242.5CE.NFO,07/01/2020,11:30:37,3.3,3.4,2400,3.45,4800,0,679200
ITC30Jan20242.5CE.NFO,07/01/2020,11:31:02,3.3,3.4,7200,3.5,21600,0,679200
ITC30Jan20242.5CE.NFO,07/01/2020,11:31:09,3.3,3.4,2400,3.5,21600,0,679200
ITC30Jan20242.5CE.NFO,07/01/2020,11:31:15,3.3,3.4,2400,3.45,4800,0,679200
ITC30Jan20242.5CE.NFO,07/01/2020,11:31:19,3.3,3.4,2400,3.5,24000,0,679200
ITC30Jan20242.5CE.NFO,07/01/2020,11:31:41,3.3,3.4,2400,3.45,4800,0,679200
ITC30Jan20242.5CE.NFO,07/01/2020,11:31:50,3.45,3.4,12000,3.5,21600,2400,674400
ITC30Jan20242.5CE.NFO,07/01/2020,11:32:03,3.45,3.4,12000,3.5,21600,0,674400
ITC30Jan20242.5CE.NFO,07/01/2020,11:32:14,3.45,3.4,7200,3.5,21600,0,674400
ITC30Jan20242.5CE.NFO,07/01/2020,11:33:05,3.45,3.4,7200,3.5,26400,0,674400
ITC30Jan20242.5CE.NFO,07/01/2020,11:33:09,3.45,3.4,7200,3.5,28800,0,674400
ITC30Jan20242.5CE.NFO,07/01/2020,11:33:17,3.45,3.4,7200,3.5,26400,0,674400
ITC30Jan20242.5CE.NFO,07/01/2020,11:33:21,3.45,3.4,7200,3.5,33600,0,674400
ITC30Jan20242.5CE.NFO,07/01/2020,11:34:02,3.45,3.4,7200,3.5,31200,0,674400
ITC30Jan20242.5CE.NFO,07/01/2020,11:34:08,3.45,3.4,7200,3.5,28800,0,674400
ITC30Jan20242.5CE.NFO,07/01/2020,11:34:21,3.45,3.4,9600,3.5,24000,0,674400
ITC30Jan20242.5CE.NFO,07/01/2020,11:34:27,3.45,3.45,9600,3.5,7200,0,674400
ITC30Jan20242.5CE.NFO,07/01/2020,11:34:57,3.45,3.45,7200,3.5,7200,0,674400
ITC30Jan20242.5CE.NFO,07/01/2020,11:35:32,3.45,3.45,7200,3.5,9600,0,674400
ITC30Jan20242.5CE.NFO,07/01/2020,11:35:38,3.45,3.45,7200,3.5,7200,0,674400
ITC30Jan20242.5CE.NFO,07/01/2020,11:35:55,3.45,3.4,9600,3.5,12000,0,674400
ITC30Jan20242.5CE.NFO,07/01/2020,11:36:01,3.45,3.4,9600,3.5,16800,0,674400
ITC30Jan20242.5CE.NFO,07/01/2020,11:36:06,3.45,3.4,9600,3.5,19200,0,674400
ITC30Jan20242.5CE.NFO,07/01/2020,11:36:36,3.45,3.4,12000,3.5,14400,0,674400
ITC30Jan20242.5CE.NFO,07/01/2020,11:37:27,3.45,3.4,12000,3.5,16800,0,674400
ITC30Jan20242.5CE.NFO,07/01/2020,11:37:44,3.45,3.4,7200,3.5,19200,0,674400
ITC30Jan20242.5CE.NFO,07/01/2020,11:37:48,3.45,3.4,2400,3.45,14400,0,674400
ITC30Jan20242.5CE.NFO,07/01/2020,11:38:09,3.45,3.4,2400,3.45,7200,0,674400
ITC30Jan20242.5CE.NFO,07/01/2020,11:38:13,3.45,3.4,2400,3.45,4800,0,674400
ITC30Jan20242.5CE.NFO,07/01/2020,11:38:17,3.45,3.4,2400,3.5,16800,0,674400
ITC30Jan20242.5CE.NFO,07/01/2020,11:38:27,3.45,3.4,7200,3.5,16800,0,674400
ITC30Jan20242.5CE.NFO,07/01/2020,11:38:33,3.45,3.4,9600,3.5,16800,0,674400
ITC30Jan20242.5CE.NFO,07/01/2020,11:38:37,3.45,3.4,9600,3.5,14400,0,674400
ITC30Jan20242.5CE.NFO,07/01/2020,11:38:44,3.45,3.4,2400,3.5,14400,2400,672000
ITC30Jan20242.5CE.NFO,07/01/2020,11:38:49,3.45,3.4,4800,3.45,9600,0,672000
ITC30Jan20242.5CE.NFO,07/01/2020,11:39:19,3.45,3.4,4800,3.45,4800,0,672000
ITC30Jan20242.5CE.NFO,07/01/2020,11:39:46,3.45,3.4,4800,3.45,7200,0,672000
ITC30Jan20242.5CE.NFO,07/01/2020,11:39:52,3.4,3.3,2400,3.4,14400,4800,672000
ITC30Jan20242.5CE.NFO,07/01/2020,11:40:28,3.4,3.35,4800,3.4,4800,0,672000
ITC30Jan20242.5CE.NFO,07/01/2020,11:40:45,3.4,3.3,9600,3.4,12000,0,672000
ITC30Jan20242.5CE.NFO,07/01/2020,11:41:04,3.4,3.3,9600,3.4,9600,0,672000
ITC30Jan20242.5CE.NFO,07/01/2020,11:41:08,3.4,3.3,14400,3.4,9600,0,672000
ITC30Jan20242.5CE.NFO,07/01/2020,11:41:11,3.4,3.3,12000,3.4,9600,0,672000
ITC30Jan20242.5CE.NFO,07/01/2020,11:41:21,3.4,3.3,14400,3.4,9600,0,672000
ITC30Jan20242.5CE.NFO,07/01/2020,11:41:46,3.4,3.3,14400,3.4,12000,0,672000
ITC30Jan20242.5CE.NFO,07/01/2020,11:41:56,3.4,3.3,14400,3.4,9600,0,672000
ITC30Jan20242.5CE.NFO,07/01/2020,11:43:41,3.4,3.3,14400,3.4,16800,0,672000
ITC30Jan20242.5CE.NFO,07/01/2020,11:43:49,3.4,3.3,16800,3.4,9600,0,672000
ITC30Jan20242.5CE.NFO,07/01/2020,11:44:13,3.4,3.3,14400,3.4,9600,0,672000
ITC30Jan20242.5CE.NFO,07/01/2020,11:44:20,3.4,3.3,14400,3.4,12000,0,672000
ITC30Jan20242.5CE.NFO,07/01/2020,11:44:24,3.4,3.3,12000,3.4,12000,0,672000
ITC30Jan20242.5CE.NFO,07/01/2020,11:44:29,3.4,3.3,12000,3.4,9600,0,672000
ITC30Jan20242.5CE.NFO,07/01/2020,11:44:35,3.4,3.3,14400,3.4,9600,0,672000
ITC30Jan20242.5CE.NFO,07/01/2020,11:44:45,3.4,3.3,7200,3.4,9600,0,672000
ITC30Jan20242.5CE.NFO,07/01/2020,11:45:10,3.4,3.3,4800,3.35,19200,0,672000
ITC30Jan20242.5CE.NFO,07/01/2020,11:45:26,3.4,3.3,7200,3.35,19200,0,672000
ITC30Jan20242.5CE.NFO,07/01/2020,11:45:40,3.4,3.3,7200,3.35,16800,0,672000
ITC30Jan20242.5CE.NFO,07/01/2020,11:45:43,3.4,3.3,9600,3.35,7200,0,672000
ITC30Jan20242.5CE.NFO,07/01/2020,11:45:52,3.35,3.3,19200,3.4,12000,2400,674400
ITC30Jan20242.5CE.NFO,07/01/2020,11:45:56,3.35,3.3,19200,3.4,9600,0,674400
ITC30Jan20242.5CE.NFO,07/01/2020,11:46:01,3.35,3.3,14400,3.4,12000,0,674400
ITC30Jan20242.5CE.NFO,07/01/2020,11:46:06,3.35,3.3,14400,3.4,9600,0,674400
ITC30Jan20242.5CE.NFO,07/01/2020,11:46:16,3.3,3.3,9600,3.35,7200,2400,674400
ITC30Jan20242.5CE.NFO,07/01/2020,11:46:27,3.3,3.3,7200,3.35,7200,0,674400
ITC30Jan20242.5CE.NFO,07/01/2020,11:47:17,3.3,3.3,7200,3.35,12000,0,674400
ITC30Jan20242.5CE.NFO,07/01/2020,11:47:23,3.3,3.3,4800,3.35,12000,0,674400
ITC30Jan20242.5CE.NFO,07/01/2020,11:47:33,3.3,3.3,2400,3.35,12000,0,674400
ITC30Jan20242.5CE.NFO,07/01/2020,11:47:45,3.3,3.3,2400,3.35,14400,0,674400
ITC30Jan20242.5CE.NFO,07/01/2020,11:47:47,3.3,3.25,12000,3.35,16800,0,674400
ITC30Jan20242.5CE.NFO,07/01/2020,11:47:50,3.3,3.25,12000,3.35,14400,0,674400
ITC30Jan20242.5CE.NFO,07/01/2020,11:47:55,3.3,3.25,12000,3.35,19200,0,674400
ITC30Jan20242.5CE.NFO,07/01/2020,11:48:03,3.3,3.25,14400,3.35,19200,0,674400
ITC30Jan20242.5CE.NFO,07/01/2020,11:48:10,3.3,3.25,4800,3.35,19200,0,674400
ITC30Jan20242.5CE.NFO,07/01/2020,11:48:13,3.3,3.25,2400,3.3,14400,0,674400
ITC30Jan20242.5CE.NFO,07/01/2020,11:48:18,3.3,3.25,2400,3.3,12000,0,674400
ITC30Jan20242.5CE.NFO,07/01/2020,11:48:25,3.3,3.25,4800,3.3,4800,0,674400
ITC30Jan20242.5CE.NFO,07/01/2020,11:48:40,3.3,3.25,7200,3.35,24000,0,674400
ITC30Jan20242.5CE.NFO,07/01/2020,11:48:47,3.3,3.25,7200,3.35,21600,0,674400
ITC30Jan20242.5CE.NFO,07/01/2020,11:48:55,3.3,3.25,2400,3.35,24000,0,674400
ITC30Jan20242.5CE.NFO,07/01/2020,11:49:03,3.3,3.25,7200,3.35,21600,2400,674400
ITC30Jan20242.5CE.NFO,07/01/2020,11:49:12,3.3,3.25,7200,3.35,21600,0,674400
ITC30Jan20242.5CE.NFO,07/01/2020,11:49:14,3.3,3.25,12000,3.35,21600,0,674400
ITC30Jan20242.5CE.NFO,07/01/2020,11:49:19,3.3,3.25,12000,3.35,19200,0,674400
ITC30Jan20242.5CE.NFO,07/01/2020,11:49:29,3.3,3.25,9600,3.35,19200,0,674400
ITC30Jan20242.5CE.NFO,07/01/2020,11:49:38,3.3,3.25,14400,3.35,16800,0,674400
ITC30Jan20242.5CE.NFO,07/01/2020,11:49:43,3.3,3.25,12000,3.35,21600,0,674400
ITC30Jan20242.5CE.NFO,07/01/2020,11:49:46,3.3,3.25,12000,3.35,19200,0,674400
ITC30Jan20242.5CE.NFO,07/01/2020,11:49:51,3.3,3.25,9600,3.35,24000,0,674400
ITC30Jan20242.5CE.NFO,07/01/2020,11:49:55,3.25,3.2,7200,3.3,19200,2400,674400
ITC30Jan20242.5CE.NFO,07/01/2020,11:49:59,3.25,3.2,2400,3.3,19200,0,674400
ITC30Jan20242.5CE.NFO,07/01/2020,11:50:11,3.25,3.2,2400,3.3,16800,0,674400
ITC30Jan20242.5CE.NFO,07/01/2020,11:50:59,3.2,3.2,2400,3.25,24000,2400,674400
ITC30Jan20242.5CE.NFO,07/01/2020,11:51:04,3.2,3.15,16800,3.25,26400,0,674400
ITC30Jan20242.5CE.NFO,07/01/2020,11:51:08,3.2,3.2,2400,3.25,28800,0,674400
ITC30Jan20242.5CE.NFO,07/01/2020,11:51:12,3.2,3.15,14400,3.25,26400,0,674400
ITC30Jan20242.5CE.NFO,07/01/2020,11:51:43,3.2,3.15,12000,3.25,19200,0,674400
ITC30Jan20242.5CE.NFO,07/01/2020,11:51:46,3.2,3.15,12000,3.25,14400,0,674400
ITC30Jan20242.5CE.NFO,07/01/2020,11:51:53,3.2,3.2,2400,3.25,14400,0,674400
ITC30Jan20242.5CE.NFO,07/01/2020,11:51:57,3.2,3.15,14400,3.25,14400,0,674400
ITC30Jan20242.5CE.NFO,07/01/2020,11:52:12,3.2,3.2,2400,3.25,14400,0,674400
ITC30Jan20242.5CE.NFO,07/01/2020,11:52:17,3.2,3.2,4800,3.25,14400,0,674400
ITC30Jan20242.5CE.NFO,07/01/2020,11:52:29,3.25,3.2,2400,3.25,14400,2400,674400
ITC30Jan20242.5CE.NFO,07/01/2020,11:52:45,3.25,3.2,4800,3.25,12000,0,674400
ITC30Jan20242.5CE.NFO,07/01/2020,11:52:48,3.25,3.2,4800,3.25,7200,0,674400
ITC30Jan20242.5CE.NFO,07/01/2020,11:52:50,3.25,3.2,4800,3.3,21600,0,674400
ITC30Jan20242.5CE.NFO,07/01/2020,11:53:01,3.25,3.2,2400,3.3,21600,0,674400
ITC30Jan20242.5CE.NFO,07/01/2020,11:53:22,3.25,3.2,2400,3.3,19200,0,674400
ITC30Jan20242.5CE.NFO,07/01/2020,11:53:26,3.25,3.2,7200,3.3,19200,0,674400
ITC30Jan20242.5CE.NFO,07/01/2020,11:53:41,3.25,3.2,7200,3.3,16800,0,674400
ITC30Jan20242.5CE.NFO,07/01/2020,11:53:57,3.25,3.2,7200,3.3,19200,0,674400
ITC30Jan20242.5CE.NFO,07/01/2020,11:54:27,3.25,3.2,7200,3.3,16800,0,674400
ITC30Jan20242.5CE.NFO,07/01/2020,11:54:32,3.25,3.2,7200,3.3,19200,0,674400
ITC30Jan20242.5CE.NFO,07/01/2020,11:54:42,3.25,3.2,4800,3.3,19200,2400,679200
ITC30Jan20242.5CE.NFO,07/01/2020,11:54:50,3.25,3.2,4800,3.3,19200,0,679200
ITC30Jan20242.5CE.NFO,07/01/2020,11:55:09,3.2,3.15,9600,3.25,26400,4800,679200
ITC30Jan20242.5CE.NFO,07/01/2020,11:55:11,3.2,3.15,12000,3.25,26400,0,679200
ITC30Jan20242.5CE.NFO,07/01/2020,11:55:29,3.2,3.15,14400,3.25,14400,0,679200
ITC30Jan20242.5CE.NFO,07/01/2020,11:55:31,3.2,3.15,12000,3.25,14400,0,679200
ITC30Jan20242.5CE.NFO,07/01/2020,11:55:56,3.2,3.15,14400,3.25,14400,0,679200
ITC30Jan20242.5CE.NFO,07/01/2020,11:56:10,3.2,3.15,12000,3.25,14400,0,679200
ITC30Jan20242.5CE.NFO,07/01/2020,11:56:12,3.2,3.15,14400,3.25,14400,0,679200
ITC30Jan20242.5CE.NFO,07/01/2020,11:56:26,3.2,3.15,9600,3.25,21600,0,679200
ITC30Jan20242.5CE.NFO,07/01/2020,11:56:57,3.2,3.15,12000,3.25,21600,0,679200
ITC30Jan20242.5CE.NFO,07/01/2020,11:57:32,3.2,3.15,12000,3.25,19200,0,679200
ITC30Jan20242.5CE.NFO,07/01/2020,11:57:51,3.2,3.2,2400,3.25,19200,0,679200
ITC30Jan20242.5CE.NFO,07/01/2020,11:57:55,3.2,3.2,2400,3.25,12000,0,679200
ITC30Jan20242.5CE.NFO,07/01/2020,11:58:06,3.2,3.2,2400,3.25,9600,0,679200
ITC30Jan20242.5CE.NFO,07/01/2020,11:58:09,3.2,3.2,4800,3.25,9600,0,679200
ITC30Jan20242.5CE.NFO,07/01/2020,11:58:16,3.25,3.2,12000,3.3,19200,4800,679200
ITC30Jan20242.5CE.NFO,07/01/2020,11:58:23,3.25,3.2,9600,3.3,19200,0,679200
ITC30Jan20242.5CE.NFO,07/01/2020,11:58:58,3.25,3.2,9600,3.3,16800,0,679200
ITC30Jan20242.5CE.NFO,07/01/2020,11:59:32,3.25,3.2,14400,3.3,16800,0,679200
ITC30Jan20242.5CE.NFO,07/01/2020,11:59:41,3.25,3.2,12000,3.3,16800,0,679200
ITC30Jan20242.5CE.NFO,07/01/2020,11:59:46,3.25,3.2,12000,3.3,19200,0,679200
ITC30Jan20242.5CE.NFO,07/01/2020,11:59:55,3.25,3.15,9600,3.25,12000,0,679200
ITC30Jan20242.5CE.NFO,07/01/2020,12:00:02,3.25,3.15,12000,3.25,12000,0,679200
ITC30Jan20242.5CE.NFO,07/01/2020,12:00:08,3.25,3.15,12000,3.25,14400,0,679200
ITC30Jan20242.5CE.NFO,07/01/2020,12:00:11,3.25,3.15,16800,3.25,12000,0,679200
ITC30Jan20242.5CE.NFO,07/01/2020,12:00:14,3.25,3.15,14400,3.25,12000,0,679200
ITC30Jan20242.5CE.NFO,07/01/2020,12:00:16,3.25,3.2,2400,3.25,12000,0,679200
ITC30Jan20242.5CE.NFO,07/01/2020,12:00:18,3.25,3.15,14400,3.25,12000,0,679200
ITC30Jan20242.5CE.NFO,07/01/2020,12:00:22,3.25,3.2,4800,3.25,7200,0,679200
ITC30Jan20242.5CE.NFO,07/01/2020,12:00:35,3.25,3.2,2400,3.25,7200,0,679200
ITC30Jan20242.5CE.NFO,07/01/2020,12:00:38,3.25,3.15,14400,3.25,9600,0,679200
ITC30Jan20242.5CE.NFO,07/01/2020,12:00:44,3.25,3.2,2400,3.25,9600,0,679200
ITC30Jan20242.5CE.NFO,07/01/2020,12:00:56,3.25,3.2,9600,3.3,19200,0,679200
ITC30Jan20242.5CE.NFO,07/01/2020,12:00:59,3.25,3.15,19200,3.25,7200,0,679200
ITC30Jan20242.5CE.NFO,07/01/2020,12:01:01,3.25,3.2,2400,3.25,7200,0,679200
ITC30Jan20242.5CE.NFO,07/01/2020,12:01:04,3.25,3.2,4800,3.25,7200,0,679200
ITC30Jan20242.5CE.NFO,07/01/2020,12:01:06,3.25,3.2,2400,3.25,7200,0,679200
ITC30Jan20242.5CE.NFO,07/01/2020,12:01:11,3.25,3.2,2400,3.25,12000,0,679200
ITC30Jan20242.5CE.NFO,07/01/2020,12:01:17,3.25,3.15,9600,3.25,14400,0,679200
ITC30Jan20242.5CE.NFO,07/01/2020,12:01:19,3.25,3.15,12000,3.25,14400,0,679200
ITC30Jan20242.5CE.NFO,07/01/2020,12:01:24,3.25,3.15,14400,3.25,14400,0,679200
ITC30Jan20242.5CE.NFO,07/01/2020,12:01:34,3.25,3.15,12000,3.25,19200,0,679200
ITC30Jan20242.5CE.NFO,07/01/2020,12:01:45,3.25,3.15,14400,3.25,19200,0,679200
ITC30Jan20242.5CE.NFO,07/01/2020,12:01:49,3.25,3.15,12000,3.25,19200,0,679200
ITC30Jan20242.5CE.NFO,07/01/2020,12:01:59,3.25,3.15,12000,3.25,16800,0,679200
ITC30Jan20242.5CE.NFO,07/01/2020,12:02:09,3.25,3.2,2400,3.25,12000,0,679200
ITC30Jan20242.5CE.NFO,07/01/2020,12:02:15,3.25,3.15,12000,3.25,14400,0,679200
ITC30Jan20242.5CE.NFO,07/01/2020,12:02:21,3.25,3.15,14400,3.25,14400,0,679200
ITC30Jan20242.5CE.NFO,07/01/2020,12:02:31,3.25,3.2,9600,3.3,19200,0,679200
ITC30Jan20242.5CE.NFO,07/01/2020,12:02:44,3.25,3.2,7200,3.3,16800,0,679200
ITC30Jan20242.5CE.NFO,07/01/2020,12:02:50,3.25,3.2,9600,3.3,16800,0,679200
ITC30Jan20242.5CE.NFO,07/01/2020,12:03:07,3.25,3.2,4800,3.3,19200,0,679200
ITC30Jan20242.5CE.NFO,07/01/2020,12:03:29,3.25,3.2,7200,3.3,19200,0,679200
ITC30Jan20242.5CE.NFO,07/01/2020,12:03:47,3.25,3.2,4800,3.3,19200,0,679200
ITC30Jan20242.5CE.NFO,07/01/2020,12:04:00,3.25,3.2,2400,3.25,16800,0,679200
ITC30Jan20242.5CE.NFO,07/01/2020,12:04:02,3.25,3.15,16800,3.25,16800,0,679200
ITC30Jan20242.5CE.NFO,07/01/2020,12:04:04,3.25,3.2,2400,3.25,16800,0,679200
ITC30Jan20242.5CE.NFO,07/01/2020,12:04:06,3.25,3.15,14400,3.25,16800,0,679200
ITC30Jan20242.5CE.NFO,07/01/2020,12:04:08,3.25,3.15,16800,3.25,16800,0,679200
ITC30Jan20242.5CE.NFO,07/01/2020,12:04:10,3.25,3.15,14400,3.25,16800,0,679200
ITC30Jan20242.5CE.NFO,07/01/2020,12:04:11,3.25,3.15,16800,3.25,16800,0,679200
ITC30Jan20242.5CE.NFO,07/01/2020,12:04:13,3.25,3.2,2400,3.25,16800,0,679200
ITC30Jan20242.5CE.NFO,07/01/2020,12:04:15,3.25,3.15,16800,3.25,16800,0,679200
ITC30Jan20242.5CE.NFO,07/01/2020,12:04:18,3.25,3.15,14400,3.25,9600,0,679200
ITC30Jan20242.5CE.NFO,07/01/2020,12:04:26,3.25,3.15,16800,3.25,14400,0,679200
ITC30Jan20242.5CE.NFO,07/01/2020,12:04:28,3.25,3.15,14400,3.25,14400,0,679200
ITC30Jan20242.5CE.NFO,07/01/2020,12:04:32,3.25,3.15,16800,3.25,14400,0,679200
ITC30Jan20242.5CE.NFO,07/01/2020,12:05:05,3.25,3.15,16800,3.25,7200,0,679200
ITC30Jan20242.5CE.NFO,07/01/2020,12:05:16,3.25,3.2,2400,3.25,7200,0,679200
ITC30Jan20242.5CE.NFO,07/01/2020,12:05:18,3.25,3.15,16800,3.25,12000,0,679200
ITC30Jan20242.5CE.NFO,07/01/2020,12:05:28,3.25,3.15,14400,3.25,12000,0,679200
ITC30Jan20242.5CE.NFO,07/01/2020,12:05:31,3.25,3.15,16800,3.25,12000,0,679200
ITC30Jan20242.5CE.NFO,07/01/2020,12:05:35,3.25,3.2,2400,3.25,12000,0,679200
ITC30Jan20242.5CE.NFO,07/01/2020,12:05:43,3.25,3.2,2400,3.25,7200,0,679200
ITC30Jan20242.5CE.NFO,07/01/2020,12:05:51,3.25,3.15,19200,3.25,9600,0,679200
ITC30Jan20242.5CE.NFO,07/01/2020,12:05:56,3.25,3.2,2400,3.25,9600,0,679200
ITC30Jan20242.5CE.NFO,07/01/2020,12:06:00,3.25,3.15,19200,3.25,9600,0,679200
ITC30Jan20242.5CE.NFO,07/01/2020,12:06:03,3.25,3.15,19200,3.25,12000,0,679200
ITC30Jan20242.5CE.NFO,07/01/2020,12:06:06,3.25,3.15,16800,3.25,16800,0,679200
ITC30Jan20242.5CE.NFO,07/01/2020,12:06:20,3.25,3.2,14400,3.25,7200,0,679200
ITC30Jan20242.5CE.NFO,07/01/2020,12:06:23,3.25,3.2,12000,3.25,7200,0,679200
ITC30Jan20242.5CE.NFO,07/01/2020,12:06:28,3.25,3.2,12000,3.3,19200,0,679200
ITC30Jan20242.5CE.NFO,07/01/2020,12:06:49,3.25,3.2,7200,3.3,19200,0,679200
ITC30Jan20242.5CE.NFO,07/01/2020,12:08:04,3.25,3.2,9600,3.3,19200,0,679200
ITC30Jan20242.5CE.NFO,07/01/2020,12:08:15,3.25,3.25,4800,3.35,21600,0,679200
ITC30Jan20242.5CE.NFO,07/01/2020,12:08:22,3.25,3.25,9600,3.35,21600,0,679200
ITC30Jan20242.5CE.NFO,07/01/2020,12:08:28,3.25,3.25,2400,3.3,7200,0,679200
ITC30Jan20242.5CE.NFO,07/01/2020,12:08:33,3.25,3.25,2400,3.35,21600,0,679200
ITC30Jan20242.5CE.NFO,07/01/2020,12:08:58,3.25,3.25,2400,3.3,7200,0,679200
ITC30Jan20242.5CE.NFO,07/01/2020,12:09:01,3.25,3.25,2400,3.35,19200,0,679200
ITC30Jan20242.5CE.NFO,07/01/2020,12:09:04,3.25,3.25,2400,3.35,21600,0,679200
ITC30Jan20242.5CE.NFO,07/01/2020,12:09:29,3.25,3.25,7200,3.35,21600,0,679200
ITC30Jan20242.5CE.NFO,07/01/2020,12:09:46,3.25,3.25,7200,3.35,19200,0,679200
ITC30Jan20242.5CE.NFO,07/01/2020,12:10:09,3.25,3.25,4800,3.35,19200,0,679200
ITC30Jan20242.5CE.NFO,07/01/2020,12:10:16,3.25,3.2,9600,3.3,14400,0,679200
ITC30Jan20242.5CE.NFO,07/01/2020,12:10:19,3.25,3.2,12000,3.3,14400,0,679200
ITC30Jan20242.5CE.NFO,07/01/2020,12:10:28,3.25,3.2,9600,3.3,14400,0,679200
ITC30Jan20242.5CE.NFO,07/01/2020,12:10:30,3.25,3.25,2400,3.3,14400,0,679200
ITC30Jan20242.5CE.NFO,07/01/2020,12:10:33,3.25,3.25,2400,3.3,16800,0,679200
ITC30Jan20242.5CE.NFO,07/01/2020,12:10:35,3.25,3.2,12000,3.3,16800,0,679200
ITC30Jan20242.5CE.NFO,07/01/2020,12:11:19,3.25,3.2,9600,3.3,16800,0,679200
ITC30Jan20242.5CE.NFO,07/01/2020,12:11:23,3.25,3.2,12000,3.3,16800,0,679200
ITC30Jan20242.5CE.NFO,07/01/2020,12:11:26,3.25,3.2,9600,3.3,16800,0,679200
ITC30Jan20242.5CE.NFO,07/01/2020,12:11:33,3.25,3.2,12000,3.3,16800,0,679200
ITC30Jan20242.5CE.NFO,07/01/2020,12:11:59,3.25,3.2,9600,3.3,16800,0,679200
ITC30Jan20242.5CE.NFO,07/01/2020,12:12:08,3.25,3.2,12000,3.3,16800,0,679200
ITC30Jan20242.5CE.NFO,07/01/2020,12:12:19,3.25,3.2,12000,3.3,14400,0,679200
ITC30Jan20242.5CE.NFO,07/01/2020,12:12:27,3.25,3.2,7200,3.3,16800,0,679200
ITC30Jan20242.5CE.NFO,07/01/2020,12:12:30,3.25,3.25,2400,3.3,7200,0,679200
ITC30Jan20242.5CE.NFO,07/01/2020,12:12:31,3.25,3.25,2400,3.3,9600,0,679200
ITC30Jan20242.5CE.NFO,07/01/2020,12:12:35,3.25,3.25,2400,3.3,7200,0,679200
ITC30Jan20242.5CE.NFO,07/01/2020,12:12:36,3.25,3.2,14400,3.3,14400,0,679200
ITC30Jan20242.5CE.NFO,07/01/2020,12:12:38,3.25,3.2,9600,3.3,14400,0,679200
ITC30Jan20242.5CE.NFO,07/01/2020,12:12:41,3.25,3.2,12000,3.3,14400,0,679200
ITC30Jan20242.5CE.NFO,07/01/2020,12:12:43,3.25,3.2,14400,3.3,14400,0,679200
ITC30Jan20242.5CE.NFO,07/01/2020,12:13:04,3.25,3.2,9600,3.3,16800,0,679200
ITC30Jan20242.5CE.NFO,07/01/2020,12:13:17,3.25,3.25,2400,3.3,7200,0,679200
ITC30Jan20242.5CE.NFO,07/01/2020,12:13:35,3.25,3.25,2400,3.3,9600,0,679200
ITC30Jan20242.5CE.NFO,07/01/2020,12:13:39,3.25,3.2,9600,3.3,16800,0,679200
ITC30Jan20242.5CE.NFO,07/01/2020,12:13:43,3.25,3.2,12000,3.3,16800,0,679200
ITC30Jan20242.5CE.NFO,07/01/2020,12:13:52,3.25,3.25,2400,3.3,9600,0,679200
ITC30Jan20242.5CE.NFO,07/01/2020,12:13:56,3.25,3.25,2400,3.3,2400,0,679200
ITC30Jan20242.5CE.NFO,07/01/2020,12:14:05,3.25,3.25,12000,3.35,21600,0,679200
ITC30Jan20242.5CE.NFO,07/01/2020,12:14:27,3.25,3.25,14400,3.35,21600,0,679200
ITC30Jan20242.5CE.NFO,07/01/2020,12:14:36,3.25,3.25,14400,3.35,19200,0,679200
ITC30Jan20242.5CE.NFO,07/01/2020,12:14:53,3.25,3.2,9600,3.3,4800,0,679200
ITC30Jan20242.5CE.NFO,07/01/2020,12:14:55,3.25,3.25,2400,3.35,21600,0,679200
ITC30Jan20242.5CE.NFO,07/01/2020,12:15:34,3.25,3.25,4800,3.35,21600,0,679200
ITC30Jan20242.5CE.NFO,07/01/2020,12:16:02,3.25,3.25,2400,3.35,21600,0,679200
ITC30Jan20242.5CE.NFO,07/01/2020,12:16:13,3.25,3.25,4800,3.35,21600,0,679200
ITC30Jan20242.5CE.NFO,07/01/2020,12:16:20,3.25,3.25,2400,3.35,21600,0,679200
ITC30Jan20242.5CE.NFO,07/01/2020,12:16:23,3.25,3.2,14400,3.3,12000,0,679200
ITC30Jan20242.5CE.NFO,07/01/2020,12:16:26,3.25,3.25,2400,3.3,4800,0,679200
ITC30Jan20242.5CE.NFO,07/01/2020,12:16:58,3.25,3.2,12000,3.3,9600,0,679200
ITC30Jan20242.5CE.NFO,07/01/2020,12:17:00,3.25,3.25,2400,3.3,9600,0,679200
ITC30Jan20242.5CE.NFO,07/01/2020,12:17:08,3.25,3.2,12000,3.3,9600,0,679200
ITC30Jan20242.5CE.NFO,07/01/2020,12:17:14,3.25,3.25,2400,3.3,9600,0,679200
ITC30Jan20242.5CE.NFO,07/01/2020,12:17:16,3.25,3.2,9600,3.3,9600,0,679200
ITC30Jan20242.5CE.NFO,07/01/2020,12:17:19,3.25,3.2,14400,3.3,9600,0,679200
ITC30Jan20242.5CE.NFO,07/01/2020,12:17:35,3.25,3.25,2400,3.3,9600,0,679200
ITC30Jan20242.5CE.NFO,07/01/2020,12:17:39,3.25,3.2,14400,3.3,9600,0,679200
ITC30Jan20242.5CE.NFO,07/01/2020,12:17:46,3.25,3.25,2400,3.3,9600,0,679200
ITC30Jan20242.5CE.NFO,07/01/2020,12:17:49,3.25,3.2,12000,3.3,12000,0,679200
ITC30Jan20242.5CE.NFO,07/01/2020,12:17:52,3.25,3.2,14400,3.3,12000,0,679200
ITC30Jan20242.5CE.NFO,07/01/2020,12:17:54,3.25,3.25,2400,3.3,12000,0,679200
ITC30Jan20242.5CE.NFO,07/01/2020,12:18:00,3.25,3.2,14400,3.3,12000,0,679200
ITC30Jan20242.5CE.NFO,07/01/2020,12:18:06,3.25,3.25,2400,3.3,12000,0,679200
ITC30Jan20242.5CE.NFO,07/01/2020,12:18:11,3.25,3.2,12000,3.3,12000,0,679200
ITC30Jan20242.5CE.NFO,07/01/2020,12:18:18,3.25,3.25,2400,3.3,12000,0,679200
ITC30Jan20242.5CE.NFO,07/01/2020,12:18:21,3.25,3.2,12000,3.3,12000,0,679200
ITC30Jan20242.5CE.NFO,07/01/2020,12:18:24,3.25,3.2,14400,3.3,12000,0,679200
ITC30Jan20242.5CE.NFO,07/01/2020,12:18:42,3.25,3.25,2400,3.3,12000,0,679200
ITC30Jan20242.5CE.NFO,07/01/2020,12:18:45,3.25,3.2,14400,3.3,12000,0,679200
ITC30Jan20242.5CE.NFO,07/01/2020,12:19:10,3.25,3.2,14400,3.3,16800,0,679200
ITC30Jan20242.5CE.NFO,07/01/2020,12:19:15,3.25,3.2,12000,3.3,16800,0,679200
ITC30Jan20242.5CE.NFO,07/01/2020,12:19:36,3.25,3.25,2400,3.3,14400,0,679200
ITC30Jan20242.5CE.NFO,07/01/2020,12:19:47,3.25,3.25,2400,3.3,12000,0,679200
ITC30Jan20242.5CE.NFO,07/01/2020,12:19:52,3.25,3.2,16800,3.3,12000,0,679200
ITC30Jan20242.5CE.NFO,07/01/2020,12:19:58,3.25,3.2,14400,3.3,12000,0,679200
ITC30Jan20242.5CE.NFO,07/01/2020,12:20:00,3.25,3.25,2400,3.3,12000,0,679200
ITC30Jan20242.5CE.NFO,07/01/2020,12:20:02,3.25,3.2,16800,3.3,14400,0,679200
ITC30Jan20242.5CE.NFO,07/01/2020,12:20:05,3.25,3.25,2400,3.3,7200,0,679200
ITC30Jan20242.5CE.NFO,07/01/2020,12:20:07,3.25,3.2,14400,3.3,16800,0,679200
ITC30Jan20242.5CE.NFO,07/01/2020,12:20:17,3.25,3.2,9600,3.3,19200,0,679200
ITC30Jan20242.5CE.NFO,07/01/2020,12:20:32,3.25,3.2,9600,3.3,12000,0,679200
ITC30Jan20242.5CE.NFO,07/01/2020,12:20:50,3.25,3.2,9600,3.3,9600,0,679200
ITC30Jan20242.5CE.NFO,07/01/2020,12:20:54,3.25,3.2,9600,3.3,12000,0,679200
ITC30Jan20242.5CE.NFO,07/01/2020,12:20:58,3.25,3.25,2400,3.3,9600,0,679200
ITC30Jan20242.5CE.NFO,07/01/2020,12:21:03,3.25,3.2,12000,3.3,12000,0,679200
ITC30Jan20242.5CE.NFO,07/01/2020,12:21:09,3.3,3.25,2400,3.3,9600,2400,679200
ITC30Jan20242.5CE.NFO,07/01/2020,12:21:16,3.3,3.25,2400,3.3,7200,0,679200
ITC30Jan20242.5CE.NFO,07/01/2020,12:21:23,3.3,3.2,19200,3.3,12000,0,679200
ITC30Jan20242.5CE.NFO,07/01/2020,12:21:27,3.3,3.25,2400,3.3,12000,0,679200
ITC30Jan20242.5CE.NFO,07/01/2020,12:21:37,3.3,3.2,21600,3.3,12000,0,679200
ITC30Jan20242.5CE.NFO,07/01/2020,12:22:01,3.3,3.2,12000,3.3,12000,0,679200
ITC30Jan20242.5CE.NFO,07/01/2020,12:22:06,3.3,3.2,9600,3.3,12000,0,679200
ITC30Jan20242.5CE.NFO,07/01/2020,12:22:10,3.3,3.2,12000,3.3,12000,0,679200
ITC30Jan20242.5CE.NFO,07/01/2020,12:22:30,3.3,3.2,2400,3.3,12000,0,679200
ITC30Jan20242.5CE.NFO,07/01/2020,12:23:18,3.3,3.2,2400,3.3,9600,0,679200
ITC30Jan20242.5CE.NFO,07/01/2020,12:23:43,3.3,3.2,2400,3.3,14400,0,679200
ITC30Jan20242.5CE.NFO,07/01/2020,12:23:52,3.3,3.2,4800,3.3,14400,0,679200
ITC30Jan20242.5CE.NFO,07/01/2020,12:24:08,3.3,3.2,4800,3.3,16800,0,679200
ITC30Jan20242.5CE.NFO,07/01/2020,12:24:16,3.3,3.2,9600,3.3,14400,0,679200
ITC30Jan20242.5CE.NFO,07/01/2020,12:24:22,3.3,3.2,12000,3.3,14400,0,679200
ITC30Jan20242.5CE.NFO,07/01/2020,12:24:29,3.3,3.2,24000,3.3,14400,0,679200
ITC30Jan20242.5CE.NFO,07/01/2020,12:24:35,3.25,3.2,24000,3.3,9600,2400,679200
ITC30Jan20242.5CE.NFO,07/01/2020,12:24:49,3.25,3.2,24000,3.3,9600,0,679200
ITC30Jan20242.5CE.NFO,07/01/2020,12:24:58,3.25,3.2,26400,3.3,9600,0,679200
ITC30Jan20242.5CE.NFO,07/01/2020,12:25:01,3.25,3.2,28800,3.3,9600,0,679200
ITC30Jan20242.5CE.NFO,07/01/2020,12:25:08,3.25,3.25,2400,3.3,9600,0,679200
ITC30Jan20242.5CE.NFO,07/01/2020,12:25:10,3.25,3.2,28800,3.3,9600,0,679200
ITC30Jan20242.5CE.NFO,07/01/2020,12:25:15,3.25,3.25,2400,3.3,7200,0,679200
ITC30Jan20242.5CE.NFO,07/01/2020,12:25:18,3.25,3.2,26400,3.3,9600,0,679200
ITC30Jan20242.5CE.NFO,07/01/2020,12:25:21,3.25,3.2,26400,3.3,12000,0,679200
ITC30Jan20242.5CE.NFO,07/01/2020,12:25:26,3.25,3.2,28800,3.3,12000,0,679200
ITC30Jan20242.5CE.NFO,07/01/2020,12:25:36,3.25,3.2,26400,3.3,12000,0,679200
ITC30Jan20242.5CE.NFO,07/01/2020,12:25:38,3.25,3.2,28800,3.3,12000,0,679200
ITC30Jan20242.5CE.NFO,07/01/2020,12:25:43,3.25,3.25,2400,3.3,9600,0,679200
ITC30Jan20242.5CE.NFO,07/01/2020,12:25:52,3.25,3.2,31200,3.3,9600,0,679200
ITC30Jan20242.5CE.NFO,07/01/2020,12:25:56,3.25,3.25,4800,3.3,9600,0,679200
ITC30Jan20242.5CE.NFO,07/01/2020,12:25:59,3.25,3.2,28800,3.3,9600,0,679200
ITC30Jan20242.5CE.NFO,07/01/2020,12:26:03,3.25,3.2,31200,3.3,9600,0,679200
ITC30Jan20242.5CE.NFO,07/01/2020,12:26:10,3.25,3.25,4800,3.3,9600,0,679200
ITC30Jan20242.5CE.NFO,07/01/2020,12:26:23,3.25,3.2,31200,3.3,9600,2400,679200
ITC30Jan20242.5CE.NFO,07/01/2020,12:26:27,3.25,3.2,31200,3.3,9600,0,679200
ITC30Jan20242.5CE.NFO,07/01/2020,12:26:55,3.25,3.2,31200,3.3,12000,0,679200
ITC30Jan20242.5CE.NFO,07/01/2020,12:26:59,3.25,3.2,33600,3.3,12000,0,679200
ITC30Jan20242.5CE.NFO,07/01/2020,12:27:14,3.25,3.2,33600,3.3,9600,0,679200
ITC30Jan20242.5CE.NFO,07/01/2020,12:27:24,3.25,3.2,33600,3.3,12000,0,679200
ITC30Jan20242.5CE.NFO,07/01/2020,12:27:27,3.25,3.2,33600,3.3,9600,0,679200
ITC30Jan20242.5CE.NFO,07/01/2020,12:27:30,3.25,3.2,28800,3.3,12000,0,679200
ITC30Jan20242.5CE.NFO,07/01/2020,12:28:07,3.25,3.2,31200,3.3,12000,0,679200
ITC30Jan20242.5CE.NFO,07/01/2020,12:28:13,3.25,3.2,31200,3.3,9600,0,679200
ITC30Jan20242.5CE.NFO,07/01/2020,12:28:20,3.25,3.2,31200,3.3,9600,2400,681600
ITC30Jan20242.5CE.NFO,07/01/2020,12:28:26,3.25,3.25,2400,3.3,9600,0,681600
ITC30Jan20242.5CE.NFO,07/01/2020,12:28:29,3.25,3.2,31200,3.3,9600,0,681600
ITC30Jan20242.5CE.NFO,07/01/2020,12:29:10,3.25,3.2,28800,3.3,9600,0,681600
ITC30Jan20242.5CE.NFO,07/01/2020,12:29:28,3.25,3.2,31200,3.25,4800,0,681600
ITC30Jan20242.5CE.NFO,07/01/2020,12:30:00,3.25,3.2,31200,3.25,7200,0,681600
ITC30Jan20242.5CE.NFO,07/01/2020,12:30:27,3.25,3.2,21600,3.25,14400,0,681600
ITC30Jan20242.5CE.NFO,07/01/2020,12:30:32,3.25,3.2,21600,3.25,12000,0,681600
ITC30Jan20242.5CE.NFO,07/01/2020,12:31:18,3.25,3.2,21600,3.25,14400,0,681600
ITC30Jan20242.5CE.NFO,07/01/2020,12:31:30,3.25,3.2,24000,3.25,14400,0,681600
ITC30Jan20242.5CE.NFO,07/01/2020,12:31:48,3.25,3.2,21600,3.25,14400,0,681600
ITC30Jan20242.5CE.NFO,07/01/2020,12:32:08,3.25,3.2,21600,3.25,12000,0,681600
ITC30Jan20242.5CE.NFO,07/01/2020,12:32:29,3.25,3.2,21600,3.25,14400,0,681600
ITC30Jan20242.5CE.NFO,07/01/2020,12:33:01,3.25,3.2,21600,3.25,12000,0,681600
ITC30Jan20242.5CE.NFO,07/01/2020,12:33:10,3.25,3.2,28800,3.25,2400,0,681600
ITC30Jan20242.5CE.NFO,07/01/2020,12:33:18,3.25,3.2,28800,3.25,4800,0,681600
ITC30Jan20242.5CE.NFO,07/01/2020,12:33:22,3.25,3.2,28800,3.25,7200,0,681600
ITC30Jan20242.5CE.NFO,07/01/2020,12:33:31,3.25,3.2,28800,3.25,4800,0,681600
ITC30Jan20242.5CE.NFO,07/01/2020,12:33:35,3.25,3.2,28800,3.25,7200,0,681600
ITC30Jan20242.5CE.NFO,07/01/2020,12:33:38,3.25,3.2,28800,3.25,4800,0,681600
ITC30Jan20242.5CE.NFO,07/01/2020,12:34:06,3.25,3.2,21600,3.25,9600,0,681600
ITC30Jan20242.5CE.NFO,07/01/2020,12:34:16,3.25,3.2,21600,3.25,12000,0,681600
ITC30Jan20242.5CE.NFO,07/01/2020,12:34:30,3.25,3.2,21600,3.25,9600,0,681600
ITC30Jan20242.5CE.NFO,07/01/2020,12:34:40,3.25,3.2,21600,3.25,12000,0,681600
ITC30Jan20242.5CE.NFO,07/01/2020,12:34:44,3.25,3.2,21600,3.25,14400,0,681600
ITC30Jan20242.5CE.NFO,07/01/2020,12:34:54,3.25,3.2,21600,3.25,12000,0,681600
ITC30Jan20242.5CE.NFO,07/01/2020,12:35:04,3.25,3.2,21600,3.25,9600,0,681600
ITC30Jan20242.5CE.NFO,07/01/2020,12:35:11,3.2,3.15,7200,3.2,2400,21600,684000
ITC30Jan20242.5CE.NFO,07/01/2020,12:35:15,3.2,3.15,7200,3.2,7200,0,684000
ITC30Jan20242.5CE.NFO,07/01/2020,12:35:24,3.2,3.15,2400,3.2,7200,0,684000
ITC30Jan20242.5CE.NFO,07/01/2020,12:35:36,3.2,3.15,2400,3.2,9600,0,684000
ITC30Jan20242.5CE.NFO,07/01/2020,12:36:09,3.2,3.15,2400,3.2,12000,0,684000
ITC30Jan20242.5CE.NFO,07/01/2020,12:36:11,3.2,3.15,2400,3.2,9600,0,684000
ITC30Jan20242.5CE.NFO,07/01/2020,12:36:13,3.2,3.15,2400,3.2,12000,0,684000
ITC30Jan20242.5CE.NFO,07/01/2020,12:36:24,3.2,3.15,2400,3.2,9600,0,684000
ITC30Jan20242.5CE.NFO,07/01/2020,12:36:27,3.2,3.15,2400,3.2,12000,0,684000
ITC30Jan20242.5CE.NFO,07/01/2020,12:36:33,3.2,3.15,2400,3.2,9600,0,684000
ITC30Jan20242.5CE.NFO,07/01/2020,12:37:05,3.2,3.15,2400,3.2,7200,0,684000
ITC30Jan20242.5CE.NFO,07/01/2020,12:37:13,3.2,3.15,2400,3.2,4800,0,684000
ITC30Jan20242.5CE.NFO,07/01/2020,12:37:34,3.2,3.15,2400,3.2,7200,0,684000
ITC30Jan20242.5CE.NFO,07/01/2020,12:37:38,3.2,3.15,7200,3.25,21600,0,684000
ITC30Jan20242.5CE.NFO,07/01/2020,12:37:43,3.2,3.15,12000,3.25,21600,0,684000
ITC30Jan20242.5CE.NFO,07/01/2020,12:37:49,3.2,3.15,14400,3.25,16800,0,684000
ITC30Jan20242.5CE.NFO,07/01/2020,12:38:02,3.2,3.15,14400,3.25,14400,0,684000
ITC30Jan20242.5CE.NFO,07/01/2020,12:38:15,3.2,3.15,16800,3.25,14400,0,684000
ITC30Jan20242.5CE.NFO,07/01/2020,12:38:30,3.2,3.15,21600,3.25,16800,0,684000
ITC30Jan20242.5CE.NFO,07/01/2020,12:38:34,3.2,3.15,19200,3.25,16800,0,684000
ITC30Jan20242.5CE.NFO,07/01/2020,12:38:58,3.2,3.15,19200,3.25,12000,0,684000
ITC30Jan20242.5CE.NFO,07/01/2020,12:39:13,3.2,3.15,19200,3.25,9600,0,684000
ITC30Jan20242.5CE.NFO,07/01/2020,12:39:17,3.2,3.15,19200,3.25,12000,0,684000
ITC30Jan20242.5CE.NFO,07/01/2020,12:39:28,3.2,3.15,19200,3.25,9600,0,684000
ITC30Jan20242.5CE.NFO,07/01/2020,12:39:37,3.2,3.15,16800,3.25,9600,0,684000
ITC30Jan20242.5CE.NFO,07/01/2020,12:39:45,3.2,3.15,16800,3.25,12000,0,684000
ITC30Jan20242.5CE.NFO,07/01/2020,12:39:59,3.2,3.15,16800,3.25,9600,0,684000
ITC30Jan20242.5CE.NFO,07/01/2020,12:40:07,3.2,3.15,19200,3.25,9600,0,684000
ITC30Jan20242.5CE.NFO,07/01/2020,12:40:28,3.2,3.2,12000,3.25,2400,0,684000
ITC30Jan20242.5CE.NFO,07/01/2020,12:40:31,3.25,3.2,14400,3.3,7200,2400,684000
ITC30Jan20242.5CE.NFO,07/01/2020,12:40:35,3.25,3.2,16800,3.3,9600,0,696000
ITC30Jan20242.5CE.NFO,07/01/2020,12:41:20,3.25,3.2,16800,3.3,12000,0,696000
ITC30Jan20242.5CE.NFO,07/01/2020,12:41:40,3.25,3.2,16800,3.3,9600,0,696000
ITC30Jan20242.5CE.NFO,07/01/2020,12:41:48,3.25,3.2,12000,3.3,12000,0,696000
ITC30Jan20242.5CE.NFO,07/01/2020,12:41:51,3.25,3.2,12000,3.3,9600,0,696000
ITC30Jan20242.5CE.NFO,07/01/2020,12:41:58,3.25,3.2,4800,3.3,12000,0,696000
ITC30Jan20242.5CE.NFO,07/01/2020,12:43:16,3.25,3.2,4800,3.3,9600,0,696000
ITC30Jan20242.5CE.NFO,07/01/2020,12:43:42,3.25,3.2,9600,3.3,9600,0,696000
ITC30Jan20242.5CE.NFO,07/01/2020,12:44:26,3.25,3.2,12000,3.3,9600,0,696000
ITC30Jan20242.5CE.NFO,07/01/2020,12:45:24,3.25,3.2,9600,3.3,9600,0,696000
ITC30Jan20242.5CE.NFO,07/01/2020,12:45:30,3.25,3.2,12000,3.3,9600,0,696000
ITC30Jan20242.5CE.NFO,07/01/2020,12:45:49,3.25,3.2,12000,3.3,7200,0,696000
ITC30Jan20242.5CE.NFO,07/01/2020,12:46:08,3.25,3.2,12000,3.3,9600,0,696000
ITC30Jan20242.5CE.NFO,07/01/2020,12:46:15,3.25,3.2,12000,3.3,7200,0,696000
ITC30Jan20242.5CE.NFO,07/01/2020,12:46:26,3.25,3.2,12000,3.3,9600,0,696000
ITC30Jan20242.5CE.NFO,07/01/2020,12:46:34,3.25,3.2,12000,3.3,7200,0,696000
ITC30Jan20242.5CE.NFO,07/01/2020,12:46:41,3.25,3.2,14400,3.3,7200,0,696000
ITC30Jan20242.5CE.NFO,07/01/2020,12:46:44,3.25,3.25,9600,3.3,2400,0,696000
ITC30Jan20242.5CE.NFO,07/01/2020,12:46:54,3.25,3.2,9600,3.3,7200,0,696000
ITC30Jan20242.5CE.NFO,07/01/2020,12:46:58,3.3,3.25,7200,3.3,4800,2400,696000
ITC30Jan20242.5CE.NFO,07/01/2020,12:47:01,3.3,3.25,7200,3.35,16800,0,696000
ITC30Jan20242.5CE.NFO,07/01/2020,12:47:12,3.3,3.25,12000,3.35,16800,0,696000
ITC30Jan20242.5CE.NFO,07/01/2020,12:48:04,3.3,3.25,12000,3.35,9600,0,696000
ITC30Jan20242.5CE.NFO,07/01/2020,12:48:16,3.3,3.25,9600,3.35,9600,0,696000
ITC30Jan20242.5CE.NFO,07/01/2020,12:48:22,3.25,3.25,9600,3.35,21600,2400,696000
ITC30Jan20242.5CE.NFO,07/01/2020,12:48:28,3.25,3.25,9600,3.35,21600,0,696000
ITC30Jan20242.5CE.NFO,07/01/2020,12:48:52,3.25,3.25,9600,3.35,19200,0,696000
ITC30Jan20242.5CE.NFO,07/01/2020,12:49:48,3.25,3.25,9600,3.35,7200,0,696000
ITC30Jan20242.5CE.NFO,07/01/2020,12:49:51,3.25,3.25,12000,3.35,7200,0,696000
ITC30Jan20242.5CE.NFO,07/01/2020,12:51:39,3.25,3.25,12000,3.35,4800,0,696000
ITC30Jan20242.5CE.NFO,07/01/2020,12:52:06,3.25,3.3,2400,3.35,4800,0,696000
ITC30Jan20242.5CE.NFO,07/01/2020,12:52:14,3.25,3.25,12000,3.35,12000,0,696000
ITC30Jan20242.5CE.NFO,07/01/2020,12:53:01,3.25,3.25,14400,3.35,12000,0,696000
ITC30Jan20242.5CE.NFO,07/01/2020,12:53:29,3.25,3.25,12000,3.35,12000,0,696000
ITC30Jan20242.5CE.NFO,07/01/2020,12:53:51,3.25,3.25,9600,3.35,12000,0,696000
ITC30Jan20242.5CE.NFO,07/01/2020,12:54:00,3.25,3.25,9600,3.35,14400,0,696000
ITC30Jan20242.5CE.NFO,07/01/2020,12:56:09,3.25,3.25,9600,3.35,21600,0,696000
ITC30Jan20242.5CE.NFO,07/01/2020,12:56:36,3.25,3.25,4800,3.35,21600,0,696000
ITC30Jan20242.5CE.NFO,07/01/2020,12:56:39,3.25,3.25,4800,3.35,19200,0,696000
ITC30Jan20242.5CE.NFO,07/01/2020,12:56:41,3.25,3.25,4800,3.35,21600,0,696000
ITC30Jan20242.5CE.NFO,07/01/2020,12:56:56,3.25,3.25,4800,3.35,19200,0,696000
ITC30Jan20242.5CE.NFO,07/01/2020,12:57:03,3.25,3.25,4800,3.35,21600,0,696000
ITC30Jan20242.5CE.NFO,07/01/2020,12:57:15,3.25,3.25,4800,3.35,19200,0,696000
ITC30Jan20242.5CE.NFO,07/01/2020,12:57:22,3.25,3.25,4800,3.35,21600,0,696000
ITC30Jan20242.5CE.NFO,07/01/2020,12:58:00,3.25,3.25,7200,3.35,21600,0,696000
ITC30Jan20242.5CE.NFO,07/01/2020,12:58:04,3.25,3.25,2400,3.3,12000,0,696000
ITC30Jan20242.5CE.NFO,07/01/2020,12:58:09,3.25,3.2,9600,3.3,12000,2400,693600
ITC30Jan20242.5CE.NFO,07/01/2020,12:58:15,3.25,3.2,9600,3.3,12000,0,693600
ITC30Jan20242.5CE.NFO,07/01/2020,12:58:24,3.25,3.2,9600,3.3,9600,0,693600
ITC30Jan20242.5CE.NFO,07/01/2020,12:58:39,3.25,3.2,9600,3.3,12000,0,693600
ITC30Jan20242.5CE.NFO,07/01/2020,12:59:27,3.25,3.2,4800,3.25,9600,0,693600
ITC30Jan20242.5CE.NFO,07/01/2020,12:59:36,3.25,3.15,19200,3.25,12000,0,693600
ITC30Jan20242.5CE.NFO,07/01/2020,12:59:53,3.25,3.15,19200,3.25,14400,0,693600
ITC30Jan20242.5CE.NFO,07/01/2020,12:59:58,3.25,3.15,19200,3.25,7200,0,693600
ITC30Jan20242.5CE.NFO,07/01/2020,13:00:16,3.25,3.15,7200,3.25,12000,0,693600
ITC30Jan20242.5CE.NFO,07/01/2020,13:00:29,3.25,3.15,12000,3.25,12000,0,693600
ITC30Jan20242.5CE.NFO,07/01/2020,13:00:39,3.25,3.15,7200,3.25,12000,0,693600
ITC30Jan20242.5CE.NFO,07/01/2020,13:00:50,3.25,3.15,7200,3.25,4800,0,693600
ITC30Jan20242.5CE.NFO,07/01/2020,13:00:56,3.25,3.15,9600,3.25,4800,0,693600
ITC30Jan20242.5CE.NFO,07/01/2020,13:01:01,3.25,3.15,9600,3.25,7200,0,693600
ITC30Jan20242.5CE.NFO,07/01/2020,13:01:41,3.25,3.15,9600,3.25,4800,0,693600
ITC30Jan20242.5CE.NFO,07/01/2020,13:02:27,3.25,3.15,9600,3.25,7200,0,693600
ITC30Jan20242.5CE.NFO,07/01/2020,13:02:43,3.25,3.15,9600,3.25,4800,0,693600
ITC30Jan20242.5CE.NFO,07/01/2020,13:03:58,3.25,3.2,2400,3.25,4800,0,693600
ITC30Jan20242.5CE.NFO,07/01/2020,13:04:03,3.2,3.15,24000,3.25,14400,2400,696000
ITC30Jan20242.5CE.NFO,07/01/2020,13:04:08,3.2,3.15,24000,3.25,14400,0,696000
ITC30Jan20242.5CE.NFO,07/01/2020,13:04:46,3.2,3.15,24000,3.25,16800,0,696000
ITC30Jan20242.5CE.NFO,07/01/2020,13:05:00,3.2,3.15,7200,3.25,16800,0,696000
ITC30Jan20242.5CE.NFO,07/01/2020,13:05:07,3.2,3.15,2400,3.25,19200,0,696000
ITC30Jan20242.5CE.NFO,07/01/2020,13:05:15,3.2,3.15,7200,3.25,16800,0,696000
ITC30Jan20242.5CE.NFO,07/01/2020,13:05:21,3.2,3.15,7200,3.25,14400,0,696000
