Ticker,Date,Time,LTP,BuyPrice,BuyQty,SellPrice,SellQty,LTQ,OpenInterest
JINDALSTEL30Jan20175CE.NFO,07/01/2020,09:15:13,6.6,6.75,10000,7.35,15000,5000,885000
JINDALSTEL30Jan20175CE.NFO,07/01/2020,09:15:13,6.6,6.75,10000,7.35,15000,0,885000
JINDALSTEL30Jan20175CE.NFO,07/01/2020,09:15:13,6.6,6.75,10000,7.35,15000,0,885000
JINDALSTEL30Jan20175CE.NFO,07/01/2020,09:15:13,6.6,6.75,10000,7.35,15000,0,885000
JINDALSTEL30Jan20175CE.NFO,07/01/2020,09:15:22,6.8,6.6,5000,7.05,10000,25000,885000
JINDALSTEL30Jan20175CE.NFO,07/01/2020,09:15:22,6.8,6.6,5000,7.05,10000,0,885000
JINDALSTEL30Jan20175CE.NFO,07/01/2020,09:15:33,6.8,6.7,5000,6.9,5000,5000,885000
JINDALSTEL30Jan20175CE.NFO,07/01/2020,09:15:43,6.9,6.8,5000,6.95,5000,10000,885000
JINDALSTEL30Jan20175CE.NFO,07/01/2020,09:15:43,6.9,6.8,5000,6.95,5000,0,885000
JINDALSTEL30Jan20175CE.NFO,07/01/2020,09:15:54,6.9,6.8,5000,6.95,10000,20000,885000
JINDALSTEL30Jan20175CE.NFO,07/01/2020,09:16:04,6.8,6.8,5000,6.9,5000,5000,885000
JINDALSTEL30Jan20175CE.NFO,07/01/2020,09:16:15,6.9,6.75,5000,7,10000,5000,885000
JINDALSTEL30Jan20175CE.NFO,07/01/2020,09:16:26,6.9,6.7,25000,7,5000,0,885000
JINDALSTEL30Jan20175CE.NFO,07/01/2020,09:16:37,7,6.9,10000,7.15,5000,5000,885000
JINDALSTEL30Jan20175CE.NFO,07/01/2020,09:16:37,7,6.9,10000,7.15,5000,0,885000
JINDALSTEL30Jan20175CE.NFO,07/01/2020,09:16:48,7,6.85,10000,7.15,5000,0,885000
JINDALSTEL30Jan20175CE.NFO,07/01/2020,09:16:59,7,6.95,5000,7.1,5000,0,885000
JINDALSTEL30Jan20175CE.NFO,07/01/2020,09:17:09,7,6.85,30000,7.1,5000,0,885000
JINDALSTEL30Jan20175CE.NFO,07/01/2020,09:17:18,7.2,7.05,10000,7.4,5000,10000,910000
JINDALSTEL30Jan20175CE.NFO,07/01/2020,09:17:18,7.2,7.05,10000,7.4,5000,0,910000
JINDALSTEL30Jan20175CE.NFO,07/01/2020,09:17:28,7.2,7.05,5000,7.35,5000,0,910000
JINDALSTEL30Jan20175CE.NFO,07/01/2020,09:17:37,7.25,7.15,10000,7.35,5000,5000,910000
JINDALSTEL30Jan20175CE.NFO,07/01/2020,09:17:37,7.25,7.15,10000,7.35,5000,0,910000
JINDALSTEL30Jan20175CE.NFO,07/01/2020,09:17:47,7.25,7,5000,7.2,5000,0,910000
JINDALSTEL30Jan20175CE.NFO,07/01/2020,09:18:05,7.2,7,5000,7.25,5000,5000,910000
JINDALSTEL30Jan20175CE.NFO,07/01/2020,09:18:14,7.2,6.8,5000,7,15000,0,910000
JINDALSTEL30Jan20175CE.NFO,07/01/2020,09:18:21,7.2,6.85,5000,7,5000,0,910000
JINDALSTEL30Jan20175CE.NFO,07/01/2020,09:18:28,7.2,6.8,10000,7,5000,0,910000
JINDALSTEL30Jan20175CE.NFO,07/01/2020,09:18:43,7.2,6.8,5000,6.95,10000,0,910000
JINDALSTEL30Jan20175CE.NFO,07/01/2020,09:18:51,6.8,6.65,10000,6.9,5000,5000,910000
JINDALSTEL30Jan20175CE.NFO,07/01/2020,09:18:58,6.8,6.8,5000,6.95,5000,0,910000
JINDALSTEL30Jan20175CE.NFO,07/01/2020,09:19:19,6.8,6.85,10000,7,15000,0,910000
JINDALSTEL30Jan20175CE.NFO,07/01/2020,09:19:26,7,6.9,10000,7.15,10000,15000,910000
JINDALSTEL30Jan20175CE.NFO,07/01/2020,09:19:33,7,6.8,5000,7.05,10000,0,910000
JINDALSTEL30Jan20175CE.NFO,07/01/2020,09:19:40,7,6.85,15000,7.1,5000,0,910000
JINDALSTEL30Jan20175CE.NFO,07/01/2020,09:19:47,6.85,6.8,10000,7.1,10000,5000,910000
JINDALSTEL30Jan20175CE.NFO,07/01/2020,09:19:54,6.85,6.8,10000,7.1,10000,0,910000
JINDALSTEL30Jan20175CE.NFO,07/01/2020,09:20:00,6.85,6.8,10000,7.15,5000,0,910000
JINDALSTEL30Jan20175CE.NFO,07/01/2020,09:20:06,6.85,6.85,10000,7.15,20000,0,910000
JINDALSTEL30Jan20175CE.NFO,07/01/2020,09:20:13,6.85,6.9,5000,7.1,10000,0,910000
JINDALSTEL30Jan20175CE.NFO,07/01/2020,09:20:19,6.85,6.95,5000,7.1,5000,0,910000
JINDALSTEL30Jan20175CE.NFO,07/01/2020,09:20:26,6.85,6.95,5000,7.1,10000,0,910000
JINDALSTEL30Jan20175CE.NFO,07/01/2020,09:20:32,6.85,6.9,5000,7,5000,0,910000
JINDALSTEL30Jan20175CE.NFO,07/01/2020,09:20:38,6.85,6.85,15000,7,5000,0,910000
JINDALSTEL30Jan20175CE.NFO,07/01/2020,09:20:51,6.9,6.9,5000,7.1,10000,5000,910000
JINDALSTEL30Jan20175CE.NFO,07/01/2020,09:20:57,6.9,6.9,10000,7.15,10000,0,910000
JINDALSTEL30Jan20175CE.NFO,07/01/2020,09:21:04,6.9,6.95,5000,7.1,5000,0,910000
JINDALSTEL30Jan20175CE.NFO,07/01/2020,09:21:26,6.9,6.9,10000,7.1,10000,0,910000
JINDALSTEL30Jan20175CE.NFO,07/01/2020,09:21:33,6.9,6.85,10000,7.05,10000,5000,910000
JINDALSTEL30Jan20175CE.NFO,07/01/2020,09:21:39,6.9,6.8,10000,7,10000,0,910000
JINDALSTEL30Jan20175CE.NFO,07/01/2020,09:21:46,7,6.9,5000,7.05,10000,5000,910000
JINDALSTEL30Jan20175CE.NFO,07/01/2020,09:21:53,7,6.9,5000,7.1,15000,0,910000
JINDALSTEL30Jan20175CE.NFO,07/01/2020,09:21:59,7,6.9,10000,7.1,15000,0,910000
JINDALSTEL30Jan20175CE.NFO,07/01/2020,09:22:06,7,6.95,5000,7.1,10000,0,910000
JINDALSTEL30Jan20175CE.NFO,07/01/2020,09:22:13,7,6.9,5000,7.05,15000,0,910000
JINDALSTEL30Jan20175CE.NFO,07/01/2020,09:23:11,7,6.9,10000,7.1,15000,0,910000
JINDALSTEL30Jan20175CE.NFO,07/01/2020,09:23:22,7,7,5000,7.1,10000,0,910000
JINDALSTEL30Jan20175CE.NFO,07/01/2020,09:23:28,7,7,5000,7.1,5000,0,910000
JINDALSTEL30Jan20175CE.NFO,07/01/2020,09:23:35,7,7,10000,7.1,5000,0,910000
JINDALSTEL30Jan20175CE.NFO,07/01/2020,09:23:40,7.05,6.8,5000,7,10000,10000,910000
JINDALSTEL30Jan20175CE.NFO,07/01/2020,09:23:47,6.95,6.85,15000,7,5000,5000,910000
JINDALSTEL30Jan20175CE.NFO,07/01/2020,09:23:59,6.95,6.9,10000,7,5000,0,910000
JINDALSTEL30Jan20175CE.NFO,07/01/2020,09:24:05,7,6.9,10000,7,5000,5000,910000
JINDALSTEL30Jan20175CE.NFO,07/01/2020,09:24:11,7,6.9,5000,7,5000,0,910000
JINDALSTEL30Jan20175CE.NFO,07/01/2020,09:24:22,7,6.9,10000,7,5000,0,910000
JINDALSTEL30Jan20175CE.NFO,07/01/2020,09:24:28,7,6.9,5000,7,5000,0,910000
JINDALSTEL30Jan20175CE.NFO,07/01/2020,09:24:34,7,6.9,10000,7,5000,0,910000
JINDALSTEL30Jan20175CE.NFO,07/01/2020,09:24:44,7,6.95,5000,7.15,10000,5000,910000
JINDALSTEL30Jan20175CE.NFO,07/01/2020,09:24:50,7,6.9,5000,7.05,15000,0,910000
JINDALSTEL30Jan20175CE.NFO,07/01/2020,09:25:08,7,6.9,10000,7.05,15000,0,910000
JINDALSTEL30Jan20175CE.NFO,07/01/2020,09:25:14,7,6.9,15000,7.05,15000,0,910000
JINDALSTEL30Jan20175CE.NFO,07/01/2020,09:25:21,7,6.9,10000,7,5000,0,910000
JINDALSTEL30Jan20175CE.NFO,07/01/2020,09:25:27,7,6.9,15000,7.05,20000,0,910000
JINDALSTEL30Jan20175CE.NFO,07/01/2020,09:25:33,7,6.9,10000,7.05,20000,0,910000
JINDALSTEL30Jan20175CE.NFO,07/01/2020,09:25:39,6.9,6.8,5000,6.95,15000,5000,910000
JINDALSTEL30Jan20175CE.NFO,07/01/2020,09:25:45,6.9,6.8,10000,6.95,20000,0,910000
JINDALSTEL30Jan20175CE.NFO,07/01/2020,09:25:58,6.9,6.75,20000,6.9,20000,0,910000
JINDALSTEL30Jan20175CE.NFO,07/01/2020,09:26:06,6.9,6.65,5000,6.8,10000,0,910000
JINDALSTEL30Jan20175CE.NFO,07/01/2020,09:26:13,6.8,6.75,10000,6.9,20000,5000,915000
JINDALSTEL30Jan20175CE.NFO,07/01/2020,09:26:20,6.8,6.7,20000,6.85,10000,0,915000
JINDALSTEL30Jan20175CE.NFO,07/01/2020,09:26:25,6.8,6.8,10000,6.95,5000,0,915000
JINDALSTEL30Jan20175CE.NFO,07/01/2020,09:26:31,6.8,6.9,10000,7.05,15000,0,915000
JINDALSTEL30Jan20175CE.NFO,07/01/2020,09:26:37,6.8,6.9,10000,7.05,20000,0,915000
JINDALSTEL30Jan20175CE.NFO,07/01/2020,09:26:43,6.8,6.85,10000,6.95,10000,0,915000
JINDALSTEL30Jan20175CE.NFO,07/01/2020,09:26:48,6.8,6.85,15000,6.95,10000,0,915000
JINDALSTEL30Jan20175CE.NFO,07/01/2020,09:26:54,6.8,6.9,5000,6.95,5000,0,915000
JINDALSTEL30Jan20175CE.NFO,07/01/2020,09:27:00,6.8,6.85,15000,6.95,10000,0,915000
JINDALSTEL30Jan20175CE.NFO,07/01/2020,09:27:06,6.8,6.85,5000,6.9,5000,0,915000
JINDALSTEL30Jan20175CE.NFO,07/01/2020,09:27:11,6.8,6.85,15000,6.95,5000,0,915000
JINDALSTEL30Jan20175CE.NFO,07/01/2020,09:27:16,6.8,6.85,15000,6.95,10000,0,915000
JINDALSTEL30Jan20175CE.NFO,07/01/2020,09:27:22,6.8,6.85,15000,6.95,15000,0,915000
JINDALSTEL30Jan20175CE.NFO,07/01/2020,09:27:28,6.8,6.85,5000,6.95,10000,0,915000
JINDALSTEL30Jan20175CE.NFO,07/01/2020,09:27:40,6.8,6.9,10000,7,5000,0,915000
JINDALSTEL30Jan20175CE.NFO,07/01/2020,09:27:46,6.8,6.9,15000,7,5000,0,915000
JINDALSTEL30Jan20175CE.NFO,07/01/2020,09:27:51,6.8,6.9,10000,7,5000,0,915000
JINDALSTEL30Jan20175CE.NFO,07/01/2020,09:28:05,6.8,6.85,15000,6.95,10000,0,915000
JINDALSTEL30Jan20175CE.NFO,07/01/2020,09:28:13,6.8,6.8,15000,6.9,10000,0,915000
JINDALSTEL30Jan20175CE.NFO,07/01/2020,09:28:23,6.8,6.85,5000,6.9,5000,0,915000
JINDALSTEL30Jan20175CE.NFO,07/01/2020,09:28:29,6.8,6.8,5000,6.85,10000,0,915000
JINDALSTEL30Jan20175CE.NFO,07/01/2020,09:28:45,6.8,6.8,5000,6.9,10000,0,915000
JINDALSTEL30Jan20175CE.NFO,07/01/2020,09:28:50,6.8,6.8,25000,6.9,10000,0,915000
JINDALSTEL30Jan20175CE.NFO,07/01/2020,09:28:56,6.8,6.8,15000,6.9,15000,0,915000
JINDALSTEL30Jan20175CE.NFO,07/01/2020,09:29:07,6.8,6.85,10000,6.95,15000,0,915000
JINDALSTEL30Jan20175CE.NFO,07/01/2020,09:29:13,6.8,6.9,5000,6.95,5000,0,915000
JINDALSTEL30Jan20175CE.NFO,07/01/2020,09:29:18,6.8,6.85,20000,6.95,5000,0,915000
JINDALSTEL30Jan20175CE.NFO,07/01/2020,09:29:35,6.8,6.8,25000,6.9,10000,0,915000
JINDALSTEL30Jan20175CE.NFO,07/01/2020,09:29:41,6.8,6.85,5000,6.9,5000,0,915000
JINDALSTEL30Jan20175CE.NFO,07/01/2020,09:29:46,6.8,6.8,10000,6.9,15000,0,915000
JINDALSTEL30Jan20175CE.NFO,07/01/2020,09:29:50,6.8,6.8,15000,6.9,15000,0,915000
JINDALSTEL30Jan20175CE.NFO,07/01/2020,09:29:55,6.8,6.8,20000,6.9,15000,0,915000
JINDALSTEL30Jan20175CE.NFO,07/01/2020,09:29:58,6.8,6.8,10000,6.9,15000,0,915000
JINDALSTEL30Jan20175CE.NFO,07/01/2020,09:30:03,6.8,6.85,10000,6.95,20000,0,915000
JINDALSTEL30Jan20175CE.NFO,07/01/2020,09:30:08,6.8,6.85,20000,7,25000,0,915000
JINDALSTEL30Jan20175CE.NFO,07/01/2020,09:30:14,6.8,6.85,5000,6.9,5000,0,915000
JINDALSTEL30Jan20175CE.NFO,07/01/2020,09:30:19,6.8,6.85,5000,6.95,10000,0,915000
JINDALSTEL30Jan20175CE.NFO,07/01/2020,09:30:24,6.8,6.85,10000,6.95,10000,0,915000
JINDALSTEL30Jan20175CE.NFO,07/01/2020,09:30:29,6.8,6.9,5000,7,30000,0,915000
JINDALSTEL30Jan20175CE.NFO,07/01/2020,09:30:34,6.8,6.95,5000,7.05,15000,0,915000
JINDALSTEL30Jan20175CE.NFO,07/01/2020,09:30:39,6.8,6.9,5000,7,5000,0,915000
JINDALSTEL30Jan20175CE.NFO,07/01/2020,09:30:43,6.8,6.9,5000,7,10000,0,915000
JINDALSTEL30Jan20175CE.NFO,07/01/2020,09:30:48,6.8,6.95,5000,7,5000,0,915000
JINDALSTEL30Jan20175CE.NFO,07/01/2020,09:30:54,6.8,6.95,15000,7.05,10000,0,915000
JINDALSTEL30Jan20175CE.NFO,07/01/2020,09:30:58,6.8,6.95,30000,7.1,10000,0,915000
JINDALSTEL30Jan20175CE.NFO,07/01/2020,09:31:03,6.8,7,20000,7.15,15000,0,915000
JINDALSTEL30Jan20175CE.NFO,07/01/2020,09:31:10,6.8,7.05,20000,7.15,5000,0,915000
JINDALSTEL30Jan20175CE.NFO,07/01/2020,09:31:16,6.8,7.05,15000,7.15,5000,0,915000
JINDALSTEL30Jan20175CE.NFO,07/01/2020,09:31:22,6.8,7.05,20000,7.2,5000,0,915000
JINDALSTEL30Jan20175CE.NFO,07/01/2020,09:31:28,6.8,7.05,15000,7.15,10000,0,915000
JINDALSTEL30Jan20175CE.NFO,07/01/2020,09:31:33,6.8,7.1,15000,7.2,20000,0,915000
JINDALSTEL30Jan20175CE.NFO,07/01/2020,09:31:38,6.8,7.1,15000,7.2,5000,0,915000
JINDALSTEL30Jan20175CE.NFO,07/01/2020,09:31:44,6.8,7.1,15000,7.2,10000,0,915000
JINDALSTEL30Jan20175CE.NFO,07/01/2020,09:31:50,6.8,7.1,15000,7.2,15000,0,915000
JINDALSTEL30Jan20175CE.NFO,07/01/2020,09:31:55,6.8,7.1,20000,7.2,5000,0,915000
JINDALSTEL30Jan20175CE.NFO,07/01/2020,09:32:00,6.8,7.1,30000,7.25,10000,0,915000
JINDALSTEL30Jan20175CE.NFO,07/01/2020,09:32:06,6.8,7.15,5000,7.25,10000,0,915000
JINDALSTEL30Jan20175CE.NFO,07/01/2020,09:32:11,6.8,7.1,25000,7.2,5000,0,915000
JINDALSTEL30Jan20175CE.NFO,07/01/2020,09:32:17,7.2,7.2,5000,7.3,20000,5000,920000
JINDALSTEL30Jan20175CE.NFO,07/01/2020,09:32:24,7.2,7.3,10000,7.4,15000,0,920000
JINDALSTEL30Jan20175CE.NFO,07/01/2020,09:32:30,7.2,7.25,5000,7.35,10000,0,920000
JINDALSTEL30Jan20175CE.NFO,07/01/2020,09:32:41,7.3,7.25,5000,7.35,5000,5000,920000
JINDALSTEL30Jan20175CE.NFO,07/01/2020,09:32:41,7.3,7.25,5000,7.35,5000,0,920000
JINDALSTEL30Jan20175CE.NFO,07/01/2020,09:32:47,7.3,7.2,25000,7.35,25000,0,920000
JINDALSTEL30Jan20175CE.NFO,07/01/2020,09:32:52,7.35,7.25,5000,7.35,20000,5000,920000
JINDALSTEL30Jan20175CE.NFO,07/01/2020,09:32:52,7.35,7.25,5000,7.35,20000,0,920000
JINDALSTEL30Jan20175CE.NFO,07/01/2020,09:32:58,7.35,7.25,15000,7.35,30000,0,920000
JINDALSTEL30Jan20175CE.NFO,07/01/2020,09:33:04,7.2,7.1,25000,7.25,15000,10000,920000
JINDALSTEL30Jan20175CE.NFO,07/01/2020,09:33:10,7.2,7.1,20000,7.2,10000,0,920000
JINDALSTEL30Jan20175CE.NFO,07/01/2020,09:33:15,7.2,7,20000,7.15,10000,0,920000
JINDALSTEL30Jan20175CE.NFO,07/01/2020,09:33:26,7.2,7.05,10000,7.15,15000,0,920000
JINDALSTEL30Jan20175CE.NFO,07/01/2020,09:33:36,7.1,7.05,25000,7.15,5000,5000,920000
JINDALSTEL30Jan20175CE.NFO,07/01/2020,09:33:41,7.1,7.1,20000,7.25,25000,0,920000
JINDALSTEL30Jan20175CE.NFO,07/01/2020,09:33:46,7.25,7.1,20000,7.25,10000,5000,920000
JINDALSTEL30Jan20175CE.NFO,07/01/2020,09:33:51,7.25,7.15,25000,7.3,20000,0,920000
JINDALSTEL30Jan20175CE.NFO,07/01/2020,09:33:55,7.25,7.1,20000,7.2,5000,0,920000
JINDALSTEL30Jan20175CE.NFO,07/01/2020,09:34:00,7.25,7.15,5000,7.25,15000,0,920000
JINDALSTEL30Jan20175CE.NFO,07/01/2020,09:34:05,7.25,7.1,25000,7.25,20000,0,920000
JINDALSTEL30Jan20175CE.NFO,07/01/2020,09:34:10,7.25,7.05,20000,7.2,15000,0,920000
JINDALSTEL30Jan20175CE.NFO,07/01/2020,09:34:15,7.25,7.1,10000,7.2,15000,0,920000
JINDALSTEL30Jan20175CE.NFO,07/01/2020,09:34:20,7.25,7,20000,7.15,10000,0,920000
JINDALSTEL30Jan20175CE.NFO,07/01/2020,09:34:26,7.25,6.95,20000,7.1,15000,0,920000
JINDALSTEL30Jan20175CE.NFO,07/01/2020,09:34:32,7.25,6.85,5000,6.95,20000,0,920000
JINDALSTEL30Jan20175CE.NFO,07/01/2020,09:34:38,6.85,6.8,20000,6.9,15000,10000,920000
JINDALSTEL30Jan20175CE.NFO,07/01/2020,09:34:44,6.85,6.8,10000,6.85,10000,5000,920000
JINDALSTEL30Jan20175CE.NFO,07/01/2020,09:34:49,6.85,6.8,20000,6.9,5000,0,920000
JINDALSTEL30Jan20175CE.NFO,07/01/2020,09:34:54,6.85,6.85,5000,6.95,10000,0,920000
JINDALSTEL30Jan20175CE.NFO,07/01/2020,09:35:00,6.85,6.85,20000,6.95,5000,0,920000
JINDALSTEL30Jan20175CE.NFO,07/01/2020,09:35:06,6.9,6.85,5000,6.95,20000,10000,920000
JINDALSTEL30Jan20175CE.NFO,07/01/2020,09:35:11,6.9,6.85,20000,6.95,5000,0,920000
JINDALSTEL30Jan20175CE.NFO,07/01/2020,09:35:15,6.9,6.8,30000,6.9,20000,0,920000
JINDALSTEL30Jan20175CE.NFO,07/01/2020,09:35:20,6.9,6.8,25000,6.9,20000,0,920000
JINDALSTEL30Jan20175CE.NFO,07/01/2020,09:35:25,6.95,6.85,10000,6.95,10000,5000,925000
JINDALSTEL30Jan20175CE.NFO,07/01/2020,09:35:29,6.95,6.9,5000,7,30000,0,925000
JINDALSTEL30Jan20175CE.NFO,07/01/2020,09:35:34,6.95,6.8,40000,6.9,5000,0,925000
JINDALSTEL30Jan20175CE.NFO,07/01/2020,09:35:40,6.95,6.8,35000,6.9,5000,0,925000
JINDALSTEL30Jan20175CE.NFO,07/01/2020,09:35:47,6.8,6.55,5000,6.65,15000,15000,925000
JINDALSTEL30Jan20175CE.NFO,07/01/2020,09:35:54,6.6,6.55,25000,6.65,5000,5000,925000
JINDALSTEL30Jan20175CE.NFO,07/01/2020,09:35:59,6.6,6.6,10000,6.7,10000,0,925000
JINDALSTEL30Jan20175CE.NFO,07/01/2020,09:36:04,6.6,6.65,5000,6.75,15000,0,925000
JINDALSTEL30Jan20175CE.NFO,07/01/2020,09:36:10,6.6,6.65,30000,6.8,20000,0,925000
JINDALSTEL30Jan20175CE.NFO,07/01/2020,09:36:16,6.6,6.7,10000,6.85,30000,0,925000
JINDALSTEL30Jan20175CE.NFO,07/01/2020,09:36:36,6.6,6.75,30000,6.9,5000,0,925000
JINDALSTEL30Jan20175CE.NFO,07/01/2020,09:36:41,6.6,6.75,30000,6.9,10000,0,925000
JINDALSTEL30Jan20175CE.NFO,07/01/2020,09:36:46,6.6,6.8,10000,6.9,20000,0,925000
JINDALSTEL30Jan20175CE.NFO,07/01/2020,09:36:50,6.6,6.75,10000,6.85,20000,0,925000
JINDALSTEL30Jan20175CE.NFO,07/01/2020,09:37:04,6.6,6.8,10000,6.9,20000,0,925000
JINDALSTEL30Jan20175CE.NFO,07/01/2020,09:37:09,6.6,6.75,25000,6.9,20000,0,925000
JINDALSTEL30Jan20175CE.NFO,07/01/2020,09:37:14,6.6,6.75,15000,6.8,5000,0,925000
JINDALSTEL30Jan20175CE.NFO,07/01/2020,09:37:17,6.6,6.7,20000,6.8,5000,0,925000
JINDALSTEL30Jan20175CE.NFO,07/01/2020,09:37:22,6.6,6.7,25000,6.8,5000,0,925000
JINDALSTEL30Jan20175CE.NFO,07/01/2020,09:37:27,6.6,6.75,10000,6.8,5000,0,925000
JINDALSTEL30Jan20175CE.NFO,07/01/2020,09:37:36,6.6,6.75,5000,6.8,5000,0,925000
JINDALSTEL30Jan20175CE.NFO,07/01/2020,09:37:44,6.6,6.75,10000,6.8,5000,0,925000
JINDALSTEL30Jan20175CE.NFO,07/01/2020,09:37:52,6.75,6.8,5000,6.9,20000,5000,925000
JINDALSTEL30Jan20175CE.NFO,07/01/2020,09:37:56,6.75,6.8,15000,6.95,15000,0,925000
JINDALSTEL30Jan20175CE.NFO,07/01/2020,09:38:01,6.75,6.85,10000,7,25000,0,925000
JINDALSTEL30Jan20175CE.NFO,07/01/2020,09:38:05,6.75,6.85,15000,7,25000,0,925000
JINDALSTEL30Jan20175CE.NFO,07/01/2020,09:38:10,6.75,6.8,15000,6.95,20000,0,925000
JINDALSTEL30Jan20175CE.NFO,07/01/2020,09:38:15,6.75,6.85,10000,6.95,15000,0,925000
JINDALSTEL30Jan20175CE.NFO,07/01/2020,09:38:18,6.75,6.9,5000,7,10000,0,925000
JINDALSTEL30Jan20175CE.NFO,07/01/2020,09:38:22,6.75,6.85,20000,6.95,10000,0,925000
JINDALSTEL30Jan20175CE.NFO,07/01/2020,09:38:27,6.75,6.85,20000,6.95,5000,0,925000
JINDALSTEL30Jan20175CE.NFO,07/01/2020,09:38:31,6.75,6.85,20000,6.95,15000,0,925000
JINDALSTEL30Jan20175CE.NFO,07/01/2020,09:38:36,6.75,6.85,20000,6.95,10000,0,925000
JINDALSTEL30Jan20175CE.NFO,07/01/2020,09:38:40,6.75,6.9,15000,7,10000,0,925000
JINDALSTEL30Jan20175CE.NFO,07/01/2020,09:38:44,6.75,6.9,20000,7,10000,0,925000
JINDALSTEL30Jan20175CE.NFO,07/01/2020,09:38:49,6.75,6.9,10000,7,10000,0,925000
JINDALSTEL30Jan20175CE.NFO,07/01/2020,09:38:53,6.75,6.9,15000,7,10000,0,925000
JINDALSTEL30Jan20175CE.NFO,07/01/2020,09:39:01,7,6.95,5000,7.05,20000,5000,925000
JINDALSTEL30Jan20175CE.NFO,07/01/2020,09:39:14,7,6.95,10000,7.05,5000,0,925000
JINDALSTEL30Jan20175CE.NFO,07/01/2020,09:39:19,7,6.95,10000,7.05,20000,0,925000
JINDALSTEL30Jan20175CE.NFO,07/01/2020,09:39:24,7,6.95,20000,7.1,15000,0,925000
JINDALSTEL30Jan20175CE.NFO,07/01/2020,09:39:29,7,7,5000,7.1,15000,0,925000
JINDALSTEL30Jan20175CE.NFO,07/01/2020,09:39:33,7,6.95,5000,7.05,20000,0,925000
JINDALSTEL30Jan20175CE.NFO,07/01/2020,09:39:37,7,6.95,10000,7.1,30000,0,925000
JINDALSTEL30Jan20175CE.NFO,07/01/2020,09:39:41,7,6.95,10000,7.05,20000,0,925000
JINDALSTEL30Jan20175CE.NFO,07/01/2020,09:39:50,7,6.95,20000,7.1,20000,0,925000
JINDALSTEL30Jan20175CE.NFO,07/01/2020,09:39:53,7,6.95,15000,7.05,5000,0,925000
JINDALSTEL30Jan20175CE.NFO,07/01/2020,09:39:57,7,6.95,10000,7.05,15000,0,925000
JINDALSTEL30Jan20175CE.NFO,07/01/2020,09:40:01,7,6.95,15000,7.05,5000,0,925000
JINDALSTEL30Jan20175CE.NFO,07/01/2020,09:40:07,7,7,5000,7.1,5000,0,925000
JINDALSTEL30Jan20175CE.NFO,07/01/2020,09:40:12,7,7,10000,7.1,10000,0,925000
JINDALSTEL30Jan20175CE.NFO,07/01/2020,09:40:17,7,6.95,25000,7.05,5000,0,925000
JINDALSTEL30Jan20175CE.NFO,07/01/2020,09:40:23,7,6.9,5000,7,5000,0,925000
JINDALSTEL30Jan20175CE.NFO,07/01/2020,09:40:28,7,6.9,25000,7,5000,0,925000
JINDALSTEL30Jan20175CE.NFO,07/01/2020,09:40:32,7,6.9,25000,7.05,15000,0,925000
JINDALSTEL30Jan20175CE.NFO,07/01/2020,09:40:37,7,6.95,5000,7.05,10000,0,925000
JINDALSTEL30Jan20175CE.NFO,07/01/2020,09:40:42,7,6.95,30000,7.05,5000,0,925000
JINDALSTEL30Jan20175CE.NFO,07/01/2020,09:40:51,7,6.95,25000,7.1,20000,0,925000
JINDALSTEL30Jan20175CE.NFO,07/01/2020,09:40:56,7,7,10000,7.1,20000,0,925000
JINDALSTEL30Jan20175CE.NFO,07/01/2020,09:41:01,7,6.95,20000,7.05,10000,0,925000
JINDALSTEL30Jan20175CE.NFO,07/01/2020,09:41:07,7,7,15000,7.1,15000,0,925000
JINDALSTEL30Jan20175CE.NFO,07/01/2020,09:41:12,7,7,20000,7.1,15000,0,925000
JINDALSTEL30Jan20175CE.NFO,07/01/2020,09:41:17,7,7.05,10000,7.1,5000,0,925000
JINDALSTEL30Jan20175CE.NFO,07/01/2020,09:41:21,7,7.05,15000,7.1,5000,0,925000
JINDALSTEL30Jan20175CE.NFO,07/01/2020,09:41:31,7,7.05,5000,7.1,5000,0,925000
JINDALSTEL30Jan20175CE.NFO,07/01/2020,09:41:40,7,7,25000,7.1,10000,0,925000
JINDALSTEL30Jan20175CE.NFO,07/01/2020,09:41:45,7,7,10000,7.1,15000,0,925000
JINDALSTEL30Jan20175CE.NFO,07/01/2020,09:41:50,7,7,45000,7.1,5000,0,925000
JINDALSTEL30Jan20175CE.NFO,07/01/2020,09:41:56,7,7,30000,7.05,10000,0,925000
JINDALSTEL30Jan20175CE.NFO,07/01/2020,09:42:03,7,7,25000,7.05,10000,5000,930000
JINDALSTEL30Jan20175CE.NFO,07/01/2020,09:42:10,7,6.9,15000,7.05,10000,25000,930000
JINDALSTEL30Jan20175CE.NFO,07/01/2020,09:42:16,7,6.95,5000,7.05,10000,0,930000
JINDALSTEL30Jan20175CE.NFO,07/01/2020,09:42:22,7,6.95,25000,7.05,5000,0,930000
JINDALSTEL30Jan20175CE.NFO,07/01/2020,09:42:29,7,7,5000,7.05,5000,0,930000
JINDALSTEL30Jan20175CE.NFO,07/01/2020,09:42:36,7,7.05,10000,7.1,5000,0,930000
JINDALSTEL30Jan20175CE.NFO,07/01/2020,09:42:43,7,7.05,5000,7.1,5000,0,930000
JINDALSTEL30Jan20175CE.NFO,07/01/2020,09:42:49,7,7,15000,7.1,10000,0,930000
JINDALSTEL30Jan20175CE.NFO,07/01/2020,09:42:56,7,7.05,15000,7.1,5000,0,930000
JINDALSTEL30Jan20175CE.NFO,07/01/2020,09:43:07,7.1,7.05,20000,7.15,5000,5000,930000
JINDALSTEL30Jan20175CE.NFO,07/01/2020,09:43:12,7.1,7.05,15000,7.15,5000,0,930000
JINDALSTEL30Jan20175CE.NFO,07/01/2020,09:43:18,7.1,7.05,10000,7.15,5000,0,930000
JINDALSTEL30Jan20175CE.NFO,07/01/2020,09:43:23,7.1,7.05,30000,7.2,15000,0,930000
JINDALSTEL30Jan20175CE.NFO,07/01/2020,09:43:33,7.1,7.05,30000,7.15,5000,0,930000
JINDALSTEL30Jan20175CE.NFO,07/01/2020,09:43:38,7.1,7.1,10000,7.2,10000,0,930000
JINDALSTEL30Jan20175CE.NFO,07/01/2020,09:43:43,7.1,7.15,5000,7.2,5000,0,930000
JINDALSTEL30Jan20175CE.NFO,07/01/2020,09:43:47,7.1,7.1,25000,7.2,5000,0,930000
JINDALSTEL30Jan20175CE.NFO,07/01/2020,09:43:52,7.1,7.1,10000,7.2,10000,0,930000
JINDALSTEL30Jan20175CE.NFO,07/01/2020,09:44:06,7.1,7.15,10000,7.2,5000,0,930000
JINDALSTEL30Jan20175CE.NFO,07/01/2020,09:44:12,7.2,7.2,10000,7.25,5000,5000,930000
JINDALSTEL30Jan20175CE.NFO,07/01/2020,09:44:17,7.2,7.15,25000,7.25,5000,0,930000
JINDALSTEL30Jan20175CE.NFO,07/01/2020,09:44:22,7.2,7.15,5000,7.25,15000,0,930000
JINDALSTEL30Jan20175CE.NFO,07/01/2020,09:44:28,7.15,7.1,15000,7.2,10000,5000,945000
JINDALSTEL30Jan20175CE.NFO,07/01/2020,09:44:39,7.15,7.1,10000,7.2,5000,0,945000
JINDALSTEL30Jan20175CE.NFO,07/01/2020,09:44:44,7.15,7.05,15000,7.2,15000,0,945000
JINDALSTEL30Jan20175CE.NFO,07/01/2020,09:44:48,7.15,6.95,20000,7.1,15000,0,945000
JINDALSTEL30Jan20175CE.NFO,07/01/2020,09:44:53,7.15,7,5000,7.1,10000,0,945000
JINDALSTEL30Jan20175CE.NFO,07/01/2020,09:44:58,7.15,7,10000,7.1,10000,0,945000
JINDALSTEL30Jan20175CE.NFO,07/01/2020,09:45:04,7.15,7,15000,7.1,10000,0,945000
JINDALSTEL30Jan20175CE.NFO,07/01/2020,09:45:10,7.15,7.05,10000,7.15,10000,0,945000
JINDALSTEL30Jan20175CE.NFO,07/01/2020,09:45:17,7.15,7.1,5000,7.2,10000,0,945000
JINDALSTEL30Jan20175CE.NFO,07/01/2020,09:45:23,7.15,7.05,10000,7.15,10000,0,945000
JINDALSTEL30Jan20175CE.NFO,07/01/2020,09:45:29,7.15,7.05,15000,7.15,10000,0,945000
JINDALSTEL30Jan20175CE.NFO,07/01/2020,09:45:35,7.15,7.1,10000,7.2,15000,0,945000
JINDALSTEL30Jan20175CE.NFO,07/01/2020,09:45:47,7.15,7.1,5000,7.2,10000,0,945000
JINDALSTEL30Jan20175CE.NFO,07/01/2020,09:45:52,7.15,7.1,10000,7.2,10000,0,945000
JINDALSTEL30Jan20175CE.NFO,07/01/2020,09:46:03,7.15,7.1,10000,7.2,5000,0,945000
JINDALSTEL30Jan20175CE.NFO,07/01/2020,09:46:09,7.15,7.1,5000,7.2,15000,0,945000
JINDALSTEL30Jan20175CE.NFO,07/01/2020,09:46:14,7.15,7.1,10000,7.2,15000,0,945000
JINDALSTEL30Jan20175CE.NFO,07/01/2020,09:46:19,7.15,7.1,10000,7.2,10000,0,945000
JINDALSTEL30Jan20175CE.NFO,07/01/2020,09:46:28,7.15,7.1,10000,7.2,15000,0,945000
JINDALSTEL30Jan20175CE.NFO,07/01/2020,09:46:34,7.15,7.1,10000,7.2,10000,0,945000
JINDALSTEL30Jan20175CE.NFO,07/01/2020,09:46:39,7.15,7.05,20000,7.15,5000,0,945000
JINDALSTEL30Jan20175CE.NFO,07/01/2020,09:46:48,7.15,7.05,15000,7.15,15000,0,945000
JINDALSTEL30Jan20175CE.NFO,07/01/2020,09:46:53,7.15,7.05,15000,7.15,20000,0,945000
JINDALSTEL30Jan20175CE.NFO,07/01/2020,09:47:02,7.15,7.05,15000,7.15,10000,0,945000
JINDALSTEL30Jan20175CE.NFO,07/01/2020,09:47:06,7.15,7.05,20000,7.2,30000,0,945000
JINDALSTEL30Jan20175CE.NFO,07/01/2020,09:47:19,7.15,7.1,5000,7.2,25000,0,945000
JINDALSTEL30Jan20175CE.NFO,07/01/2020,09:47:33,7.15,7.1,15000,7.15,5000,0,945000
JINDALSTEL30Jan20175CE.NFO,07/01/2020,09:47:46,7.1,7.1,10000,7.2,5000,5000,940000
JINDALSTEL30Jan20175CE.NFO,07/01/2020,09:47:50,7.1,7.1,20000,7.2,10000,0,940000
JINDALSTEL30Jan20175CE.NFO,07/01/2020,09:48:06,7.1,7.1,5000,7.2,10000,0,940000
JINDALSTEL30Jan20175CE.NFO,07/01/2020,09:48:10,7.1,7.1,10000,7.2,10000,0,940000
JINDALSTEL30Jan20175CE.NFO,07/01/2020,09:48:18,7.1,7.05,25000,7.15,5000,0,940000
JINDALSTEL30Jan20175CE.NFO,07/01/2020,09:48:25,7.1,7.05,25000,7.15,10000,0,940000
JINDALSTEL30Jan20175CE.NFO,07/01/2020,09:48:29,7.1,7.05,20000,7.15,10000,0,940000
JINDALSTEL30Jan20175CE.NFO,07/01/2020,09:48:55,7.1,7.05,10000,7.15,10000,0,940000
JINDALSTEL30Jan20175CE.NFO,07/01/2020,09:48:58,7.1,7,20000,7.1,5000,0,940000
JINDALSTEL30Jan20175CE.NFO,07/01/2020,09:49:03,7.1,7.05,10000,7.15,10000,0,940000
JINDALSTEL30Jan20175CE.NFO,07/01/2020,09:49:08,7.1,7.1,5000,7.15,5000,0,940000
JINDALSTEL30Jan20175CE.NFO,07/01/2020,09:49:13,7.1,7.05,20000,7.15,10000,0,940000
JINDALSTEL30Jan20175CE.NFO,07/01/2020,09:49:22,7.1,7,10000,7.05,5000,0,940000
JINDALSTEL30Jan20175CE.NFO,07/01/2020,09:49:29,7.1,6.95,20000,7.05,10000,0,940000
JINDALSTEL30Jan20175CE.NFO,07/01/2020,09:49:34,7.1,6.95,10000,7.05,10000,0,940000
JINDALSTEL30Jan20175CE.NFO,07/01/2020,09:49:39,7.1,6.95,20000,7.05,10000,0,940000
JINDALSTEL30Jan20175CE.NFO,07/01/2020,09:49:45,7.1,6.95,25000,7.1,20000,0,940000
JINDALSTEL30Jan20175CE.NFO,07/01/2020,09:49:50,7.1,7,15000,7.1,20000,0,940000
JINDALSTEL30Jan20175CE.NFO,07/01/2020,09:49:55,7.1,7,15000,7.1,10000,0,940000
JINDALSTEL30Jan20175CE.NFO,07/01/2020,09:49:59,7.1,7,15000,7.1,15000,0,940000
JINDALSTEL30Jan20175CE.NFO,07/01/2020,09:50:15,7.05,7,5000,7.1,20000,5000,935000
JINDALSTEL30Jan20175CE.NFO,07/01/2020,09:50:20,7.05,7,5000,7.1,20000,0,935000
JINDALSTEL30Jan20175CE.NFO,07/01/2020,09:50:25,7.05,7,5000,7.1,15000,0,935000
JINDALSTEL30Jan20175CE.NFO,07/01/2020,09:50:30,7.05,6.95,20000,7.05,5000,0,935000
JINDALSTEL30Jan20175CE.NFO,07/01/2020,09:50:34,7.05,6.95,15000,7.05,5000,0,935000
JINDALSTEL30Jan20175CE.NFO,07/01/2020,09:50:40,7.05,6.9,15000,7.05,10000,5000,935000
JINDALSTEL30Jan20175CE.NFO,07/01/2020,09:50:46,7.05,6.9,15000,7,5000,0,935000
JINDALSTEL30Jan20175CE.NFO,07/01/2020,09:50:51,7.05,6.9,20000,7.05,15000,0,935000
JINDALSTEL30Jan20175CE.NFO,07/01/2020,09:50:56,7.05,6.9,10000,7,5000,0,935000
JINDALSTEL30Jan20175CE.NFO,07/01/2020,09:51:00,7.05,6.9,15000,7.05,15000,0,935000
JINDALSTEL30Jan20175CE.NFO,07/01/2020,09:51:05,7.05,6.95,10000,7.05,10000,0,935000
JINDALSTEL30Jan20175CE.NFO,07/01/2020,09:51:11,7.05,6.9,20000,7.05,10000,0,935000
JINDALSTEL30Jan20175CE.NFO,07/01/2020,09:51:16,7.05,6.95,10000,7.05,10000,0,935000
JINDALSTEL30Jan20175CE.NFO,07/01/2020,09:51:21,7.05,6.9,10000,7,15000,0,935000
JINDALSTEL30Jan20175CE.NFO,07/01/2020,09:51:27,7.05,6.95,10000,7.05,10000,0,935000
JINDALSTEL30Jan20175CE.NFO,07/01/2020,09:51:46,7.05,6.95,5000,7.05,10000,0,935000
JINDALSTEL30Jan20175CE.NFO,07/01/2020,09:51:54,7.05,6.9,10000,7,5000,0,935000
JINDALSTEL30Jan20175CE.NFO,07/01/2020,09:52:19,7.05,6.8,10000,6.95,15000,0,935000
JINDALSTEL30Jan20175CE.NFO,07/01/2020,09:52:27,7.05,6.75,20000,6.9,10000,0,935000
JINDALSTEL30Jan20175CE.NFO,07/01/2020,09:52:37,7.05,6.75,15000,6.85,5000,0,935000
JINDALSTEL30Jan20175CE.NFO,07/01/2020,09:52:42,7.05,6.8,5000,6.9,10000,0,935000
JINDALSTEL30Jan20175CE.NFO,07/01/2020,09:53:08,7.05,6.75,20000,6.9,15000,0,935000
JINDALSTEL30Jan20175CE.NFO,07/01/2020,09:53:13,7.05,6.8,5000,6.9,15000,0,935000
JINDALSTEL30Jan20175CE.NFO,07/01/2020,09:53:24,7.05,6.75,20000,6.9,10000,0,935000
JINDALSTEL30Jan20175CE.NFO,07/01/2020,09:53:34,7.05,6.75,15000,6.85,10000,0,935000
JINDALSTEL30Jan20175CE.NFO,07/01/2020,09:53:39,7.05,6.75,15000,6.85,5000,0,935000
JINDALSTEL30Jan20175CE.NFO,07/01/2020,09:53:53,7.05,6.7,15000,6.85,15000,0,935000
JINDALSTEL30Jan20175CE.NFO,07/01/2020,09:53:57,7.05,6.7,20000,6.85,15000,0,935000
JINDALSTEL30Jan20175CE.NFO,07/01/2020,09:54:01,7.05,6.75,5000,6.85,5000,0,935000
JINDALSTEL30Jan20175CE.NFO,07/01/2020,09:54:06,7.05,6.75,10000,6.85,5000,0,935000
JINDALSTEL30Jan20175CE.NFO,07/01/2020,09:54:10,7.05,6.75,10000,6.85,10000,0,935000
JINDALSTEL30Jan20175CE.NFO,07/01/2020,09:54:19,7.05,6.7,30000,6.85,5000,0,935000
JINDALSTEL30Jan20175CE.NFO,07/01/2020,09:54:24,7.05,6.75,10000,6.85,5000,0,935000
JINDALSTEL30Jan20175CE.NFO,07/01/2020,09:54:29,7.05,6.75,15000,6.85,5000,0,935000
JINDALSTEL30Jan20175CE.NFO,07/01/2020,09:54:33,7.05,6.75,20000,6.85,5000,0,935000
JINDALSTEL30Jan20175CE.NFO,07/01/2020,09:54:52,7.05,6.75,10000,6.85,5000,0,935000
JINDALSTEL30Jan20175CE.NFO,07/01/2020,09:54:56,7.05,6.8,10000,6.85,5000,0,935000
JINDALSTEL30Jan20175CE.NFO,07/01/2020,09:55:01,6.8,6.8,10000,6.9,5000,20000,945000
JINDALSTEL30Jan20175CE.NFO,07/01/2020,09:55:06,6.8,6.8,15000,6.95,5000,0,945000
JINDALSTEL30Jan20175CE.NFO,07/01/2020,09:55:11,6.8,6.8,15000,6.9,5000,0,945000
JINDALSTEL30Jan20175CE.NFO,07/01/2020,09:55:16,6.8,6.85,5000,6.95,10000,0,945000
JINDALSTEL30Jan20175CE.NFO,07/01/2020,09:55:21,6.8,6.8,20000,6.9,5000,0,945000
JINDALSTEL30Jan20175CE.NFO,07/01/2020,09:55:26,6.8,6.75,10000,6.85,5000,0,945000
JINDALSTEL30Jan20175CE.NFO,07/01/2020,09:55:35,6.8,6.75,15000,6.85,5000,0,945000
JINDALSTEL30Jan20175CE.NFO,07/01/2020,09:55:40,6.85,6.8,10000,6.9,5000,5000,945000
JINDALSTEL30Jan20175CE.NFO,07/01/2020,09:55:44,6.85,6.8,5000,6.9,5000,0,945000
JINDALSTEL30Jan20175CE.NFO,07/01/2020,09:55:49,6.85,6.8,10000,6.9,5000,0,945000
JINDALSTEL30Jan20175CE.NFO,07/01/2020,09:55:54,6.85,6.75,10000,6.9,25000,0,945000
JINDALSTEL30Jan20175CE.NFO,07/01/2020,09:55:59,6.85,6.8,5000,6.9,20000,0,945000
JINDALSTEL30Jan20175CE.NFO,07/01/2020,09:56:08,6.75,6.7,5000,6.8,15000,5000,945000
JINDALSTEL30Jan20175CE.NFO,07/01/2020,09:56:14,6.75,6.75,5000,6.85,25000,0,945000
JINDALSTEL30Jan20175CE.NFO,07/01/2020,09:56:19,6.75,6.75,5000,6.85,15000,0,945000
JINDALSTEL30Jan20175CE.NFO,07/01/2020,09:56:24,6.75,6.75,10000,6.85,15000,0,945000
JINDALSTEL30Jan20175CE.NFO,07/01/2020,09:56:30,6.75,6.75,10000,6.85,5000,0,945000
JINDALSTEL30Jan20175CE.NFO,07/01/2020,09:56:45,6.75,6.75,5000,6.85,20000,0,945000
JINDALSTEL30Jan20175CE.NFO,07/01/2020,09:57:03,6.75,6.75,5000,6.85,15000,0,945000
JINDALSTEL30Jan20175CE.NFO,07/01/2020,09:57:07,6.75,6.7,20000,6.8,10000,0,945000
JINDALSTEL30Jan20175CE.NFO,07/01/2020,09:57:11,6.75,6.75,10000,6.8,5000,0,945000
JINDALSTEL30Jan20175CE.NFO,07/01/2020,09:57:15,6.75,6.75,10000,6.85,25000,0,945000
JINDALSTEL30Jan20175CE.NFO,07/01/2020,09:57:19,6.75,6.75,10000,6.85,10000,0,945000
JINDALSTEL30Jan20175CE.NFO,07/01/2020,09:57:24,6.8,6.75,5000,6.8,10000,5000,930000
JINDALSTEL30Jan20175CE.NFO,07/01/2020,09:57:28,6.8,6.75,5000,6.8,10000,0,930000
JINDALSTEL30Jan20175CE.NFO,07/01/2020,09:57:36,6.8,6.75,10000,6.85,15000,0,930000
JINDALSTEL30Jan20175CE.NFO,07/01/2020,09:57:44,6.8,6.75,10000,6.85,20000,0,930000
JINDALSTEL30Jan20175CE.NFO,07/01/2020,09:57:58,6.8,6.75,5000,6.85,10000,5000,930000
JINDALSTEL30Jan20175CE.NFO,07/01/2020,09:58:02,6.8,6.75,5000,6.85,5000,0,930000
JINDALSTEL30Jan20175CE.NFO,07/01/2020,09:58:07,6.8,6.7,20000,6.85,10000,0,930000
JINDALSTEL30Jan20175CE.NFO,07/01/2020,09:58:11,6.8,6.75,5000,6.85,10000,0,930000
JINDALSTEL30Jan20175CE.NFO,07/01/2020,09:58:16,6.75,6.5,10000,6.65,15000,5000,930000
JINDALSTEL30Jan20175CE.NFO,07/01/2020,09:58:20,6.75,6.55,5000,6.65,20000,0,930000
JINDALSTEL30Jan20175CE.NFO,07/01/2020,09:58:24,6.75,6.5,15000,6.65,20000,0,930000
JINDALSTEL30Jan20175CE.NFO,07/01/2020,09:58:30,6.75,6.6,5000,6.7,10000,0,930000
JINDALSTEL30Jan20175CE.NFO,07/01/2020,09:58:34,6.75,6.6,10000,6.7,15000,0,930000
JINDALSTEL30Jan20175CE.NFO,07/01/2020,09:58:37,6.75,6.6,10000,6.7,5000,0,930000
JINDALSTEL30Jan20175CE.NFO,07/01/2020,09:58:42,6.75,6.65,10000,6.75,25000,0,930000
JINDALSTEL30Jan20175CE.NFO,07/01/2020,09:58:47,6.75,6.6,10000,6.7,15000,0,930000
JINDALSTEL30Jan20175CE.NFO,07/01/2020,09:58:59,6.75,6.6,20000,6.7,15000,0,930000
JINDALSTEL30Jan20175CE.NFO,07/01/2020,09:59:05,6.75,6.6,10000,6.7,20000,0,930000
JINDALSTEL30Jan20175CE.NFO,07/01/2020,09:59:16,6.75,6.6,10000,6.7,5000,0,930000
JINDALSTEL30Jan20175CE.NFO,07/01/2020,09:59:22,6.75,6.6,10000,6.7,15000,0,930000
JINDALSTEL30Jan20175CE.NFO,07/01/2020,09:59:37,6.75,6.6,10000,6.7,10000,0,930000
JINDALSTEL30Jan20175CE.NFO,07/01/2020,09:59:43,6.7,6.6,15000,6.7,5000,5000,930000
JINDALSTEL30Jan20175CE.NFO,07/01/2020,09:59:49,6.7,6.65,5000,6.75,20000,0,930000
JINDALSTEL30Jan20175CE.NFO,07/01/2020,10:00:05,6.65,6.6,15000,6.7,5000,5000,930000
JINDALSTEL30Jan20175CE.NFO,07/01/2020,10:00:10,6.65,6.65,5000,6.75,20000,0,930000
JINDALSTEL30Jan20175CE.NFO,07/01/2020,10:00:16,6.65,6.65,10000,6.75,20000,0,930000
JINDALSTEL30Jan20175CE.NFO,07/01/2020,10:00:21,6.65,6.65,10000,6.75,15000,0,930000
JINDALSTEL30Jan20175CE.NFO,07/01/2020,10:00:27,6.65,6.6,10000,6.7,5000,0,930000
JINDALSTEL30Jan20175CE.NFO,07/01/2020,10:00:37,6.65,6.6,15000,6.7,5000,0,930000
JINDALSTEL30Jan20175CE.NFO,07/01/2020,10:00:44,6.65,6.65,15000,6.75,5000,0,930000
JINDALSTEL30Jan20175CE.NFO,07/01/2020,10:00:51,6.65,6.6,10000,6.7,5000,0,930000
JINDALSTEL30Jan20175CE.NFO,07/01/2020,10:01:16,6.45,6.45,20000,6.6,20000,15000,930000
JINDALSTEL30Jan20175CE.NFO,07/01/2020,10:01:16,6.45,6.45,20000,6.6,20000,0,930000
JINDALSTEL30Jan20175CE.NFO,07/01/2020,10:01:22,6.45,6.5,20000,6.65,10000,0,930000
JINDALSTEL30Jan20175CE.NFO,07/01/2020,10:01:28,6.65,6.6,5000,6.7,10000,5000,930000
JINDALSTEL30Jan20175CE.NFO,07/01/2020,10:01:35,6.6,6.55,10000,6.65,10000,5000,930000
JINDALSTEL30Jan20175CE.NFO,07/01/2020,10:01:41,6.6,6.55,20000,6.65,10000,0,930000
JINDALSTEL30Jan20175CE.NFO,07/01/2020,10:01:46,6.6,6.55,35000,6.7,10000,0,930000
JINDALSTEL30Jan20175CE.NFO,07/01/2020,10:01:52,6.6,6.55,15000,6.65,10000,0,930000
JINDALSTEL30Jan20175CE.NFO,07/01/2020,10:01:57,6.6,6.55,30000,6.7,10000,0,930000
JINDALSTEL30Jan20175CE.NFO,07/01/2020,10:02:02,6.6,6.55,25000,6.65,5000,0,930000
JINDALSTEL30Jan20175CE.NFO,07/01/2020,10:02:08,6.6,6.55,25000,6.65,10000,0,930000
JINDALSTEL30Jan20175CE.NFO,07/01/2020,10:02:18,6.6,6.55,25000,6.7,10000,0,930000
JINDALSTEL30Jan20175CE.NFO,07/01/2020,10:02:35,6.6,6.55,20000,6.65,10000,0,930000
JINDALSTEL30Jan20175CE.NFO,07/01/2020,10:02:41,6.6,6.55,25000,6.65,10000,0,930000
JINDALSTEL30Jan20175CE.NFO,07/01/2020,10:02:51,6.6,6.6,10000,6.7,15000,0,930000
JINDALSTEL30Jan20175CE.NFO,07/01/2020,10:03:02,6.6,6.6,20000,6.7,10000,0,930000
JINDALSTEL30Jan20175CE.NFO,07/01/2020,10:03:06,6.6,6.6,20000,6.7,5000,0,930000
JINDALSTEL30Jan20175CE.NFO,07/01/2020,10:03:11,6.6,6.6,20000,6.7,10000,0,930000
JINDALSTEL30Jan20175CE.NFO,07/01/2020,10:03:25,6.6,6.65,10000,6.75,10000,0,930000
JINDALSTEL30Jan20175CE.NFO,07/01/2020,10:03:30,6.6,6.65,15000,6.75,10000,0,930000
JINDALSTEL30Jan20175CE.NFO,07/01/2020,10:03:39,6.6,6.65,10000,6.75,10000,0,930000
JINDALSTEL30Jan20175CE.NFO,07/01/2020,10:03:43,6.6,6.6,20000,6.7,5000,0,930000
JINDALSTEL30Jan20175CE.NFO,07/01/2020,10:03:52,6.6,6.6,20000,6.7,10000,0,930000
JINDALSTEL30Jan20175CE.NFO,07/01/2020,10:03:57,6.6,6.6,15000,6.7,5000,0,930000
JINDALSTEL30Jan20175CE.NFO,07/01/2020,10:04:02,6.6,6.6,15000,6.7,10000,0,930000
JINDALSTEL30Jan20175CE.NFO,07/01/2020,10:04:07,6.6,6.6,5000,6.65,5000,0,930000
JINDALSTEL30Jan20175CE.NFO,07/01/2020,10:04:12,6.6,6.6,10000,6.7,15000,0,930000
JINDALSTEL30Jan20175CE.NFO,07/01/2020,10:04:20,6.6,6.6,15000,6.7,15000,0,930000
JINDALSTEL30Jan20175CE.NFO,07/01/2020,10:04:43,6.6,6.55,20000,6.65,5000,5000,930000
JINDALSTEL30Jan20175CE.NFO,07/01/2020,10:04:47,6.6,6.45,20000,6.6,10000,0,930000
JINDALSTEL30Jan20175CE.NFO,07/01/2020,10:04:52,6.6,6.5,15000,6.6,10000,0,930000
JINDALSTEL30Jan20175CE.NFO,07/01/2020,10:05:00,6.6,6.5,15000,6.6,15000,0,930000
JINDALSTEL30Jan20175CE.NFO,07/01/2020,10:05:06,6.6,6.45,25000,6.6,15000,0,930000
JINDALSTEL30Jan20175CE.NFO,07/01/2020,10:05:10,6.6,6.5,5000,6.6,15000,0,930000
JINDALSTEL30Jan20175CE.NFO,07/01/2020,10:05:39,6.6,6.5,5000,6.6,30000,0,930000
JINDALSTEL30Jan20175CE.NFO,07/01/2020,10:06:07,6.6,6.45,15000,6.55,10000,0,930000
JINDALSTEL30Jan20175CE.NFO,07/01/2020,10:06:17,6.6,6.45,5000,6.55,35000,0,930000
JINDALSTEL30Jan20175CE.NFO,07/01/2020,10:06:23,6.6,6.45,15000,6.55,30000,0,930000
JINDALSTEL30Jan20175CE.NFO,07/01/2020,10:06:29,6.6,6.45,10000,6.55,30000,0,930000
JINDALSTEL30Jan20175CE.NFO,07/01/2020,10:06:35,6.5,6.45,15000,6.55,20000,5000,925000
JINDALSTEL30Jan20175CE.NFO,07/01/2020,10:06:51,6.5,6.45,10000,6.55,25000,5000,925000
JINDALSTEL30Jan20175CE.NFO,07/01/2020,10:06:57,6.5,6.45,10000,6.55,35000,0,925000
JINDALSTEL30Jan20175CE.NFO,07/01/2020,10:07:02,6.5,6.45,10000,6.55,30000,0,925000
JINDALSTEL30Jan20175CE.NFO,07/01/2020,10:07:08,6.5,6.45,15000,6.55,20000,0,925000
JINDALSTEL30Jan20175CE.NFO,07/01/2020,10:07:13,6.55,6.5,15000,6.6,30000,5000,925000
JINDALSTEL30Jan20175CE.NFO,07/01/2020,10:07:19,6.55,6.5,15000,6.6,25000,0,925000
JINDALSTEL30Jan20175CE.NFO,07/01/2020,10:07:25,6.55,6.5,15000,6.6,10000,0,925000
JINDALSTEL30Jan20175CE.NFO,07/01/2020,10:07:36,6.55,6.55,5000,6.65,30000,0,925000
JINDALSTEL30Jan20175CE.NFO,07/01/2020,10:07:40,6.55,6.55,10000,6.65,30000,0,925000
JINDALSTEL30Jan20175CE.NFO,07/01/2020,10:07:50,6.55,6.65,5000,6.75,30000,0,925000
JINDALSTEL30Jan20175CE.NFO,07/01/2020,10:08:01,6.55,6.6,20000,6.75,40000,0,925000
JINDALSTEL30Jan20175CE.NFO,07/01/2020,10:08:05,6.55,6.65,10000,6.75,30000,0,925000
JINDALSTEL30Jan20175CE.NFO,07/01/2020,10:08:09,6.55,6.65,10000,6.75,20000,0,925000
JINDALSTEL30Jan20175CE.NFO,07/01/2020,10:08:28,6.55,6.7,10000,6.8,5000,0,925000
JINDALSTEL30Jan20175CE.NFO,07/01/2020,10:08:33,6.55,6.7,15000,6.85,50000,0,925000
JINDALSTEL30Jan20175CE.NFO,07/01/2020,10:08:38,6.55,6.7,15000,6.85,45000,0,925000
JINDALSTEL30Jan20175CE.NFO,07/01/2020,10:08:43,6.55,6.7,5000,6.8,30000,0,925000
JINDALSTEL30Jan20175CE.NFO,07/01/2020,10:08:48,6.55,6.7,20000,6.85,35000,0,925000
JINDALSTEL30Jan20175CE.NFO,07/01/2020,10:08:51,6.55,6.75,5000,6.85,30000,0,925000
JINDALSTEL30Jan20175CE.NFO,07/01/2020,10:08:56,6.55,6.75,5000,6.85,5000,0,925000
JINDALSTEL30Jan20175CE.NFO,07/01/2020,10:09:00,6.55,6.7,15000,6.85,25000,0,925000
JINDALSTEL30Jan20175CE.NFO,07/01/2020,10:09:04,6.55,6.75,10000,6.9,30000,0,925000
JINDALSTEL30Jan20175CE.NFO,07/01/2020,10:09:17,6.55,6.7,10000,6.85,15000,0,925000
JINDALSTEL30Jan20175CE.NFO,07/01/2020,10:09:22,6.55,6.75,5000,6.85,35000,0,925000
JINDALSTEL30Jan20175CE.NFO,07/01/2020,10:09:30,6.55,6.75,10000,6.85,10000,0,925000
JINDALSTEL30Jan20175CE.NFO,07/01/2020,10:09:35,6.55,6.8,5000,6.9,30000,0,925000
JINDALSTEL30Jan20175CE.NFO,07/01/2020,10:09:38,6.55,6.7,10000,6.85,25000,0,925000
JINDALSTEL30Jan20175CE.NFO,07/01/2020,10:09:51,6.55,6.75,5000,6.85,25000,0,925000
JINDALSTEL30Jan20175CE.NFO,07/01/2020,10:09:56,6.8,6.75,15000,6.9,15000,5000,925000
JINDALSTEL30Jan20175CE.NFO,07/01/2020,10:10:02,6.8,6.85,5000,6.95,20000,0,925000
JINDALSTEL30Jan20175CE.NFO,07/01/2020,10:10:07,6.8,6.8,10000,6.95,5000,0,925000
JINDALSTEL30Jan20175CE.NFO,07/01/2020,10:10:12,6.8,6.85,5000,6.95,10000,0,925000
JINDALSTEL30Jan20175CE.NFO,07/01/2020,10:10:17,6.8,6.8,10000,6.95,35000,0,925000
JINDALSTEL30Jan20175CE.NFO,07/01/2020,10:10:21,6.8,6.8,5000,6.95,35000,0,925000
JINDALSTEL30Jan20175CE.NFO,07/01/2020,10:10:28,6.8,6.75,15000,6.9,30000,0,925000
JINDALSTEL30Jan20175CE.NFO,07/01/2020,10:10:33,6.9,6.75,20000,6.9,25000,10000,925000
JINDALSTEL30Jan20175CE.NFO,07/01/2020,10:10:38,6.9,6.8,15000,6.9,25000,0,925000
JINDALSTEL30Jan20175CE.NFO,07/01/2020,10:10:42,6.9,6.75,20000,6.9,30000,0,925000
JINDALSTEL30Jan20175CE.NFO,07/01/2020,10:10:46,6.8,6.8,10000,6.9,35000,5000,925000
JINDALSTEL30Jan20175CE.NFO,07/01/2020,10:10:51,6.8,6.75,20000,6.9,35000,0,925000
JINDALSTEL30Jan20175CE.NFO,07/01/2020,10:10:55,6.8,6.75,20000,6.85,10000,0,925000
JINDALSTEL30Jan20175CE.NFO,07/01/2020,10:10:59,6.8,6.8,5000,6.9,30000,0,925000
JINDALSTEL30Jan20175CE.NFO,07/01/2020,10:11:03,6.8,6.8,10000,6.9,35000,0,925000
JINDALSTEL30Jan20175CE.NFO,07/01/2020,10:11:17,6.8,6.8,5000,6.9,30000,0,925000
JINDALSTEL30Jan20175CE.NFO,07/01/2020,10:11:28,6.8,6.75,10000,6.85,25000,0,925000
JINDALSTEL30Jan20175CE.NFO,07/01/2020,10:11:33,6.8,6.75,5000,6.85,25000,0,925000
JINDALSTEL30Jan20175CE.NFO,07/01/2020,10:11:39,6.8,6.75,5000,6.85,10000,0,925000
JINDALSTEL30Jan20175CE.NFO,07/01/2020,10:11:44,6.8,6.75,20000,6.9,30000,0,925000
JINDALSTEL30Jan20175CE.NFO,07/01/2020,10:11:49,6.8,6.7,15000,6.85,35000,0,925000
JINDALSTEL30Jan20175CE.NFO,07/01/2020,10:11:54,6.8,6.75,10000,6.85,35000,0,925000
JINDALSTEL30Jan20175CE.NFO,07/01/2020,10:12:05,6.8,6.75,10000,6.85,30000,0,925000
JINDALSTEL30Jan20175CE.NFO,07/01/2020,10:12:10,6.8,6.75,10000,6.85,5000,0,925000
JINDALSTEL30Jan20175CE.NFO,07/01/2020,10:12:16,6.8,6.75,10000,6.85,15000,0,925000
JINDALSTEL30Jan20175CE.NFO,07/01/2020,10:12:22,6.8,6.75,15000,6.85,15000,0,925000
JINDALSTEL30Jan20175CE.NFO,07/01/2020,10:12:26,6.8,6.8,5000,6.85,5000,0,925000
JINDALSTEL30Jan20175CE.NFO,07/01/2020,10:12:35,6.8,6.8,10000,6.85,5000,0,925000
JINDALSTEL30Jan20175CE.NFO,07/01/2020,10:12:40,6.8,6.75,5000,6.85,15000,0,925000
JINDALSTEL30Jan20175CE.NFO,07/01/2020,10:12:45,6.8,6.75,5000,6.8,5000,0,925000
JINDALSTEL30Jan20175CE.NFO,07/01/2020,10:13:01,6.8,6.7,15000,6.85,45000,5000,930000
JINDALSTEL30Jan20175CE.NFO,07/01/2020,10:13:06,6.8,6.7,15000,6.8,25000,0,930000
JINDALSTEL30Jan20175CE.NFO,07/01/2020,10:13:10,6.8,6.7,15000,6.8,30000,0,930000
JINDALSTEL30Jan20175CE.NFO,07/01/2020,10:13:16,6.8,6.7,15000,6.8,10000,0,930000
JINDALSTEL30Jan20175CE.NFO,07/01/2020,10:13:21,6.8,6.7,10000,6.75,5000,0,930000
JINDALSTEL30Jan20175CE.NFO,07/01/2020,10:13:26,6.65,6.7,5000,6.75,5000,5000,930000
JINDALSTEL30Jan20175CE.NFO,07/01/2020,10:13:31,6.65,6.7,10000,6.8,35000,0,930000
JINDALSTEL30Jan20175CE.NFO,07/01/2020,10:13:35,6.65,6.7,20000,6.8,35000,0,930000
JINDALSTEL30Jan20175CE.NFO,07/01/2020,10:13:44,6.65,6.7,25000,6.8,35000,0,930000
JINDALSTEL30Jan20175CE.NFO,07/01/2020,10:13:50,6.65,6.75,20000,6.85,5000,0,930000
JINDALSTEL30Jan20175CE.NFO,07/01/2020,10:13:56,6.65,6.75,25000,6.85,5000,0,930000
JINDALSTEL30Jan20175CE.NFO,07/01/2020,10:14:00,6.75,6.8,5000,6.9,40000,5000,930000
JINDALSTEL30Jan20175CE.NFO,07/01/2020,10:14:09,6.75,6.8,25000,6.95,35000,0,930000
JINDALSTEL30Jan20175CE.NFO,07/01/2020,10:14:14,6.75,6.8,15000,6.9,30000,0,930000
JINDALSTEL30Jan20175CE.NFO,07/01/2020,10:14:20,6.75,6.8,20000,6.9,5000,0,930000
JINDALSTEL30Jan20175CE.NFO,07/01/2020,10:14:45,6.75,6.8,15000,6.9,30000,0,930000
JINDALSTEL30Jan20175CE.NFO,07/01/2020,10:14:55,6.75,6.75,15000,6.85,5000,0,930000
JINDALSTEL30Jan20175CE.NFO,07/01/2020,10:15:00,6.75,6.8,10000,6.9,35000,0,930000
JINDALSTEL30Jan20175CE.NFO,07/01/2020,10:15:11,6.75,6.8,15000,6.9,35000,0,930000
JINDALSTEL30Jan20175CE.NFO,07/01/2020,10:15:21,6.75,6.8,15000,6.9,15000,0,930000
JINDALSTEL30Jan20175CE.NFO,07/01/2020,10:15:30,6.75,6.8,15000,6.9,35000,0,930000
JINDALSTEL30Jan20175CE.NFO,07/01/2020,10:15:52,6.75,6.7,5000,6.8,25000,0,930000
JINDALSTEL30Jan20175CE.NFO,07/01/2020,10:15:57,6.75,6.7,10000,6.8,25000,0,930000
JINDALSTEL30Jan20175CE.NFO,07/01/2020,10:16:02,6.75,6.7,5000,6.8,35000,0,930000
JINDALSTEL30Jan20175CE.NFO,07/01/2020,10:16:06,6.75,6.7,20000,6.8,5000,0,930000
JINDALSTEL30Jan20175CE.NFO,07/01/2020,10:16:11,6.75,6.7,25000,6.8,10000,0,930000
JINDALSTEL30Jan20175CE.NFO,07/01/2020,10:16:20,6.75,6.65,15000,6.75,30000,0,930000
JINDALSTEL30Jan20175CE.NFO,07/01/2020,10:16:24,6.6,6.55,5000,6.6,5000,15000,925000
JINDALSTEL30Jan20175CE.NFO,07/01/2020,10:16:29,6.6,6.55,10000,6.65,10000,0,925000
JINDALSTEL30Jan20175CE.NFO,07/01/2020,10:16:34,6.6,6.6,10000,6.7,5000,0,925000
JINDALSTEL30Jan20175CE.NFO,07/01/2020,10:16:39,6.6,6.6,10000,6.7,15000,0,925000
JINDALSTEL30Jan20175CE.NFO,07/01/2020,10:16:44,6.6,6.6,5000,6.7,10000,0,925000
JINDALSTEL30Jan20175CE.NFO,07/01/2020,10:16:53,6.6,6.6,15000,6.7,10000,0,925000
JINDALSTEL30Jan20175CE.NFO,07/01/2020,10:16:58,6.6,6.65,10000,6.75,10000,0,925000
JINDALSTEL30Jan20175CE.NFO,07/01/2020,10:17:06,6.6,6.65,10000,6.8,20000,0,925000
JINDALSTEL30Jan20175CE.NFO,07/01/2020,10:17:19,6.6,6.65,25000,6.8,15000,0,925000
JINDALSTEL30Jan20175CE.NFO,07/01/2020,10:17:37,6.6,6.65,25000,6.8,10000,0,925000
JINDALSTEL30Jan20175CE.NFO,07/01/2020,10:17:41,6.6,6.7,10000,6.8,10000,0,925000
JINDALSTEL30Jan20175CE.NFO,07/01/2020,10:17:51,6.6,6.7,15000,6.8,10000,0,925000
JINDALSTEL30Jan20175CE.NFO,07/01/2020,10:18:01,6.6,6.7,10000,6.8,10000,0,925000
JINDALSTEL30Jan20175CE.NFO,07/01/2020,10:18:18,6.6,6.7,10000,6.8,15000,0,925000
JINDALSTEL30Jan20175CE.NFO,07/01/2020,10:18:22,6.6,6.7,5000,6.8,15000,0,925000
JINDALSTEL30Jan20175CE.NFO,07/01/2020,10:18:30,6.7,6.65,25000,6.8,15000,5000,935000
JINDALSTEL30Jan20175CE.NFO,07/01/2020,10:18:34,6.7,6.7,5000,6.8,15000,0,935000
JINDALSTEL30Jan20175CE.NFO,07/01/2020,10:18:40,6.7,6.65,25000,6.75,5000,5000,935000
JINDALSTEL30Jan20175CE.NFO,07/01/2020,10:18:46,6.7,6.65,25000,6.75,5000,0,935000
JINDALSTEL30Jan20175CE.NFO,07/01/2020,10:18:51,6.7,6.7,15000,6.8,15000,0,935000
JINDALSTEL30Jan20175CE.NFO,07/01/2020,10:18:56,6.7,6.7,5000,6.8,15000,0,935000
JINDALSTEL30Jan20175CE.NFO,07/01/2020,10:19:19,6.7,6.65,5000,6.75,15000,0,935000
JINDALSTEL30Jan20175CE.NFO,07/01/2020,10:19:23,6.7,6.65,5000,6.75,10000,0,935000
JINDALSTEL30Jan20175CE.NFO,07/01/2020,10:19:28,6.7,6.65,10000,6.75,10000,0,935000
JINDALSTEL30Jan20175CE.NFO,07/01/2020,10:19:34,6.7,6.6,30000,6.75,15000,0,935000
JINDALSTEL30Jan20175CE.NFO,07/01/2020,10:19:38,6.7,6.65,15000,6.75,15000,0,935000
JINDALSTEL30Jan20175CE.NFO,07/01/2020,10:19:41,6.7,6.6,20000,6.75,15000,0,935000
JINDALSTEL30Jan20175CE.NFO,07/01/2020,10:19:53,6.7,6.65,10000,6.75,10000,0,935000
JINDALSTEL30Jan20175CE.NFO,07/01/2020,10:20:02,6.7,6.65,10000,6.75,5000,0,935000
JINDALSTEL30Jan20175CE.NFO,07/01/2020,10:20:05,6.7,6.65,10000,6.75,10000,0,935000
JINDALSTEL30Jan20175CE.NFO,07/01/2020,10:20:14,6.7,6.75,10000,6.85,10000,0,935000
JINDALSTEL30Jan20175CE.NFO,07/01/2020,10:20:23,6.7,6.8,20000,6.95,10000,0,935000
JINDALSTEL30Jan20175CE.NFO,07/01/2020,10:20:28,6.7,6.85,20000,6.95,5000,0,935000
JINDALSTEL30Jan20175CE.NFO,07/01/2020,10:20:32,6.7,6.85,20000,7,30000,0,935000
JINDALSTEL30Jan20175CE.NFO,07/01/2020,10:20:36,6.7,6.85,5000,6.95,10000,0,935000
JINDALSTEL30Jan20175CE.NFO,07/01/2020,10:20:40,6.7,6.8,20000,6.9,5000,0,935000
JINDALSTEL30Jan20175CE.NFO,07/01/2020,10:20:45,6.7,6.8,20000,6.95,15000,0,935000
JINDALSTEL30Jan20175CE.NFO,07/01/2020,10:20:49,6.7,6.8,15000,6.9,10000,0,935000
JINDALSTEL30Jan20175CE.NFO,07/01/2020,10:20:53,6.7,6.8,10000,6.9,10000,0,935000
JINDALSTEL30Jan20175CE.NFO,07/01/2020,10:20:59,6.7,6.85,5000,6.95,15000,0,935000
JINDALSTEL30Jan20175CE.NFO,07/01/2020,10:21:03,6.7,6.8,25000,6.9,5000,0,935000
JINDALSTEL30Jan20175CE.NFO,07/01/2020,10:21:12,6.7,6.8,30000,6.9,5000,0,935000
JINDALSTEL30Jan20175CE.NFO,07/01/2020,10:21:24,6.7,6.8,15000,6.9,5000,0,935000
JINDALSTEL30Jan20175CE.NFO,07/01/2020,10:21:34,6.7,6.8,30000,6.95,15000,0,935000
JINDALSTEL30Jan20175CE.NFO,07/01/2020,10:21:37,6.7,6.8,30000,6.9,5000,0,935000
JINDALSTEL30Jan20175CE.NFO,07/01/2020,10:21:40,6.7,6.8,25000,6.95,15000,0,935000
JINDALSTEL30Jan20175CE.NFO,07/01/2020,10:21:50,6.7,6.8,5000,6.95,20000,0,935000
JINDALSTEL30Jan20175CE.NFO,07/01/2020,10:21:55,6.7,6.8,10000,6.9,5000,0,935000
JINDALSTEL30Jan20175CE.NFO,07/01/2020,10:21:58,6.7,6.8,10000,6.95,30000,0,935000
JINDALSTEL30Jan20175CE.NFO,07/01/2020,10:22:01,6.7,6.8,10000,6.9,5000,0,935000
JINDALSTEL30Jan20175CE.NFO,07/01/2020,10:22:08,6.7,6.75,15000,6.9,30000,0,935000
JINDALSTEL30Jan20175CE.NFO,07/01/2020,10:22:12,6.7,6.75,15000,6.85,5000,0,935000
JINDALSTEL30Jan20175CE.NFO,07/01/2020,10:22:16,6.7,6.75,15000,6.9,30000,0,935000
JINDALSTEL30Jan20175CE.NFO,07/01/2020,10:22:21,6.7,6.8,5000,6.9,20000,0,935000
JINDALSTEL30Jan20175CE.NFO,07/01/2020,10:22:31,6.7,6.8,5000,6.9,30000,0,935000
JINDALSTEL30Jan20175CE.NFO,07/01/2020,10:22:34,6.7,6.75,20000,6.9,25000,0,935000
JINDALSTEL30Jan20175CE.NFO,07/01/2020,10:22:36,6.7,6.75,10000,6.9,25000,0,935000
JINDALSTEL30Jan20175CE.NFO,07/01/2020,10:22:44,6.7,6.65,15000,6.8,30000,0,935000
JINDALSTEL30Jan20175CE.NFO,07/01/2020,10:22:55,6.7,6.65,15000,6.75,5000,0,935000
JINDALSTEL30Jan20175CE.NFO,07/01/2020,10:22:59,6.7,6.7,5000,6.8,20000,0,935000
JINDALSTEL30Jan20175CE.NFO,07/01/2020,10:23:05,6.7,6.7,20000,6.85,10000,0,935000
JINDALSTEL30Jan20175CE.NFO,07/01/2020,10:23:10,6.7,6.7,20000,6.85,20000,0,935000
JINDALSTEL30Jan20175CE.NFO,07/01/2020,10:23:14,6.7,6.7,20000,6.8,5000,0,935000
JINDALSTEL30Jan20175CE.NFO,07/01/2020,10:23:18,6.7,6.7,10000,6.8,5000,0,935000
JINDALSTEL30Jan20175CE.NFO,07/01/2020,10:23:22,6.7,6.75,5000,6.8,5000,0,935000
JINDALSTEL30Jan20175CE.NFO,07/01/2020,10:23:26,6.7,6.75,5000,6.85,20000,0,935000
JINDALSTEL30Jan20175CE.NFO,07/01/2020,10:23:30,6.7,6.7,25000,6.8,5000,0,935000
JINDALSTEL30Jan20175CE.NFO,07/01/2020,10:23:34,6.7,6.7,25000,6.8,10000,0,935000
JINDALSTEL30Jan20175CE.NFO,07/01/2020,10:23:37,6.7,6.7,10000,6.8,10000,0,935000
JINDALSTEL30Jan20175CE.NFO,07/01/2020,10:23:42,6.7,6.65,20000,6.75,5000,0,935000
JINDALSTEL30Jan20175CE.NFO,07/01/2020,10:23:46,6.7,6.65,25000,6.75,5000,0,935000
JINDALSTEL30Jan20175CE.NFO,07/01/2020,10:23:54,6.7,6.65,30000,6.8,15000,0,935000
JINDALSTEL30Jan20175CE.NFO,07/01/2020,10:24:01,6.7,6.65,5000,6.75,10000,0,935000
JINDALSTEL30Jan20175CE.NFO,07/01/2020,10:24:05,6.7,6.65,25000,6.8,30000,0,935000
JINDALSTEL30Jan20175CE.NFO,07/01/2020,10:24:09,6.7,6.65,5000,6.75,15000,0,935000
JINDALSTEL30Jan20175CE.NFO,07/01/2020,10:24:17,6.7,6.65,5000,6.75,5000,0,935000
JINDALSTEL30Jan20175CE.NFO,07/01/2020,10:24:20,6.7,6.65,5000,6.75,10000,0,935000
JINDALSTEL30Jan20175CE.NFO,07/01/2020,10:24:23,6.7,6.65,15000,6.75,5000,0,935000
JINDALSTEL30Jan20175CE.NFO,07/01/2020,10:25:06,6.7,6.65,5000,6.75,5000,0,935000
JINDALSTEL30Jan20175CE.NFO,07/01/2020,10:25:22,6.7,6.6,20000,6.75,20000,0,935000
JINDALSTEL30Jan20175CE.NFO,07/01/2020,10:25:27,6.7,6.65,5000,6.75,10000,0,935000
JINDALSTEL30Jan20175CE.NFO,07/01/2020,10:25:41,6.7,6.65,5000,6.75,15000,0,935000
JINDALSTEL30Jan20175CE.NFO,07/01/2020,10:25:56,6.7,6.65,10000,6.75,5000,0,935000
JINDALSTEL30Jan20175CE.NFO,07/01/2020,10:26:00,6.7,6.7,5000,6.8,25000,0,935000
JINDALSTEL30Jan20175CE.NFO,07/01/2020,10:26:08,6.7,6.7,5000,6.8,30000,0,935000
JINDALSTEL30Jan20175CE.NFO,07/01/2020,10:26:13,6.7,6.65,15000,6.75,15000,0,935000
JINDALSTEL30Jan20175CE.NFO,07/01/2020,10:26:21,6.7,6.65,15000,6.75,10000,0,935000
JINDALSTEL30Jan20175CE.NFO,07/01/2020,10:26:38,6.7,6.65,10000,6.75,10000,0,935000
JINDALSTEL30Jan20175CE.NFO,07/01/2020,10:27:00,6.7,6.65,15000,6.75,10000,0,935000
JINDALSTEL30Jan20175CE.NFO,07/01/2020,10:27:17,6.7,6.65,10000,6.75,10000,0,935000
JINDALSTEL30Jan20175CE.NFO,07/01/2020,10:27:23,6.7,6.65,15000,6.75,10000,0,935000
JINDALSTEL30Jan20175CE.NFO,07/01/2020,10:27:41,6.7,6.7,20000,6.8,5000,0,935000
JINDALSTEL30Jan20175CE.NFO,07/01/2020,10:27:49,6.7,6.7,5000,6.8,10000,0,935000
JINDALSTEL30Jan20175CE.NFO,07/01/2020,10:27:52,6.7,6.7,15000,6.8,5000,0,935000
JINDALSTEL30Jan20175CE.NFO,07/01/2020,10:27:55,6.7,6.7,15000,6.8,10000,0,935000
JINDALSTEL30Jan20175CE.NFO,07/01/2020,10:28:04,6.7,6.7,15000,6.85,25000,0,935000
JINDALSTEL30Jan20175CE.NFO,07/01/2020,10:28:07,6.7,6.7,20000,6.85,25000,0,935000
JINDALSTEL30Jan20175CE.NFO,07/01/2020,10:28:10,6.7,6.7,15000,6.8,5000,0,935000
JINDALSTEL30Jan20175CE.NFO,07/01/2020,10:28:14,6.7,6.75,5000,6.8,5000,0,935000
JINDALSTEL30Jan20175CE.NFO,07/01/2020,10:28:17,6.7,6.7,15000,6.8,5000,0,935000
JINDALSTEL30Jan20175CE.NFO,07/01/2020,10:28:20,6.7,6.75,10000,6.85,20000,0,935000
JINDALSTEL30Jan20175CE.NFO,07/01/2020,10:28:23,6.7,6.7,30000,6.85,15000,0,935000
JINDALSTEL30Jan20175CE.NFO,07/01/2020,10:28:26,6.7,6.75,5000,6.85,20000,0,935000
JINDALSTEL30Jan20175CE.NFO,07/01/2020,10:28:31,6.7,6.75,15000,6.85,20000,0,935000
JINDALSTEL30Jan20175CE.NFO,07/01/2020,10:28:41,6.7,6.75,15000,6.85,10000,0,935000
JINDALSTEL30Jan20175CE.NFO,07/01/2020,10:28:48,6.7,6.7,15000,6.8,5000,0,935000
JINDALSTEL30Jan20175CE.NFO,07/01/2020,10:29:03,6.7,6.7,15000,6.8,10000,0,935000
JINDALSTEL30Jan20175CE.NFO,07/01/2020,10:29:09,6.7,6.7,5000,6.8,10000,0,935000
JINDALSTEL30Jan20175CE.NFO,07/01/2020,10:29:12,6.7,6.7,15000,6.8,5000,0,935000
JINDALSTEL30Jan20175CE.NFO,07/01/2020,10:29:15,6.7,6.7,5000,6.8,25000,0,935000
JINDALSTEL30Jan20175CE.NFO,07/01/2020,10:29:19,6.7,6.7,5000,6.8,15000,0,935000
JINDALSTEL30Jan20175CE.NFO,07/01/2020,10:29:25,6.7,6.7,5000,6.8,25000,0,935000
JINDALSTEL30Jan20175CE.NFO,07/01/2020,10:29:35,6.7,6.7,10000,6.8,15000,0,935000
JINDALSTEL30Jan20175CE.NFO,07/01/2020,10:29:38,6.7,6.7,10000,6.8,25000,0,935000
JINDALSTEL30Jan20175CE.NFO,07/01/2020,10:29:41,6.7,6.7,10000,6.75,5000,0,935000
JINDALSTEL30Jan20175CE.NFO,07/01/2020,10:29:45,6.7,6.7,10000,6.8,25000,0,935000
JINDALSTEL30Jan20175CE.NFO,07/01/2020,10:29:57,6.7,6.7,5000,6.8,25000,0,935000
JINDALSTEL30Jan20175CE.NFO,07/01/2020,10:30:03,6.7,6.7,5000,6.8,30000,0,935000
JINDALSTEL30Jan20175CE.NFO,07/01/2020,10:30:06,6.7,6.7,5000,6.8,25000,0,935000
JINDALSTEL30Jan20175CE.NFO,07/01/2020,10:30:23,6.7,6.65,5000,6.75,10000,0,935000
JINDALSTEL30Jan20175CE.NFO,07/01/2020,10:30:24,6.7,6.65,10000,6.75,10000,0,935000
JINDALSTEL30Jan20175CE.NFO,07/01/2020,10:30:26,6.7,6.65,10000,6.75,15000,0,935000
JINDALSTEL30Jan20175CE.NFO,07/01/2020,10:30:27,6.7,6.7,5000,6.8,30000,0,935000
JINDALSTEL30Jan20175CE.NFO,07/01/2020,10:30:29,6.7,6.65,15000,6.75,5000,0,935000
JINDALSTEL30Jan20175CE.NFO,07/01/2020,10:30:30,6.7,6.65,15000,6.75,10000,0,935000
JINDALSTEL30Jan20175CE.NFO,07/01/2020,10:30:33,6.7,6.65,15000,6.75,15000,0,935000
JINDALSTEL30Jan20175CE.NFO,07/01/2020,10:30:35,6.7,6.65,15000,6.75,25000,0,935000
JINDALSTEL30Jan20175CE.NFO,07/01/2020,10:30:41,6.7,6.65,10000,6.75,25000,0,935000
JINDALSTEL30Jan20175CE.NFO,07/01/2020,10:30:43,6.7,6.65,10000,6.75,15000,0,935000
JINDALSTEL30Jan20175CE.NFO,07/01/2020,10:30:44,6.7,6.65,10000,6.75,20000,0,935000
JINDALSTEL30Jan20175CE.NFO,07/01/2020,10:30:48,6.7,6.6,10000,6.75,35000,0,935000
JINDALSTEL30Jan20175CE.NFO,07/01/2020,10:30:48,6.7,6.65,5000,6.75,25000,0,935000
JINDALSTEL30Jan20175CE.NFO,07/01/2020,10:30:49,6.7,6.65,5000,6.75,30000,0,935000
JINDALSTEL30Jan20175CE.NFO,07/01/2020,10:31:07,6.7,6.65,5000,6.7,10000,0,935000
JINDALSTEL30Jan20175CE.NFO,07/01/2020,10:31:07,6.7,6.6,5000,6.7,15000,0,935000
JINDALSTEL30Jan20175CE.NFO,07/01/2020,10:31:12,6.7,6.65,10000,6.75,10000,0,935000
JINDALSTEL30Jan20175CE.NFO,07/01/2020,10:31:12,6.7,6.65,5000,6.75,20000,0,935000
JINDALSTEL30Jan20175CE.NFO,07/01/2020,10:31:14,6.7,6.6,10000,6.7,10000,0,935000
JINDALSTEL30Jan20175CE.NFO,07/01/2020,10:31:17,6.7,6.65,5000,6.75,30000,0,935000
JINDALSTEL30Jan20175CE.NFO,07/01/2020,10:31:20,6.7,6.6,10000,6.7,10000,0,935000
JINDALSTEL30Jan20175CE.NFO,07/01/2020,10:31:23,6.7,6.65,5000,6.75,35000,0,935000
JINDALSTEL30Jan20175CE.NFO,07/01/2020,10:31:32,6.7,6.65,5000,6.75,40000,0,935000
JINDALSTEL30Jan20175CE.NFO,07/01/2020,10:31:35,6.7,6.6,10000,6.7,10000,0,935000
JINDALSTEL30Jan20175CE.NFO,07/01/2020,10:31:38,6.7,6.6,5000,6.7,30000,0,935000
JINDALSTEL30Jan20175CE.NFO,07/01/2020,10:31:41,6.7,6.6,5000,6.7,35000,0,935000
JINDALSTEL30Jan20175CE.NFO,07/01/2020,10:31:53,6.7,6.6,10000,6.7,25000,0,935000
JINDALSTEL30Jan20175CE.NFO,07/01/2020,10:32:00,6.7,6.55,15000,6.7,35000,0,935000
JINDALSTEL30Jan20175CE.NFO,07/01/2020,10:32:04,6.7,6.6,10000,6.7,35000,0,935000
JINDALSTEL30Jan20175CE.NFO,07/01/2020,10:32:08,6.7,6.55,15000,6.65,15000,0,935000
JINDALSTEL30Jan20175CE.NFO,07/01/2020,10:32:12,6.7,6.55,5000,6.65,20000,0,935000
JINDALSTEL30Jan20175CE.NFO,07/01/2020,10:32:19,6.7,6.55,10000,6.65,20000,0,935000
JINDALSTEL30Jan20175CE.NFO,07/01/2020,10:32:27,6.7,6.55,10000,6.65,10000,0,935000
JINDALSTEL30Jan20175CE.NFO,07/01/2020,10:32:30,6.7,6.55,10000,6.65,20000,0,935000
JINDALSTEL30Jan20175CE.NFO,07/01/2020,10:32:34,6.7,6.55,10000,6.65,15000,0,935000
JINDALSTEL30Jan20175CE.NFO,07/01/2020,10:32:39,6.7,6.55,5000,6.65,25000,0,935000
JINDALSTEL30Jan20175CE.NFO,07/01/2020,10:32:43,6.7,6.55,10000,6.65,10000,0,935000
JINDALSTEL30Jan20175CE.NFO,07/01/2020,10:32:47,6.7,6.55,10000,6.65,15000,0,935000
JINDALSTEL30Jan20175CE.NFO,07/01/2020,10:33:01,6.7,6.55,10000,6.65,20000,0,935000
JINDALSTEL30Jan20175CE.NFO,07/01/2020,10:33:12,6.7,6.55,15000,6.65,20000,0,935000
JINDALSTEL30Jan20175CE.NFO,07/01/2020,10:33:15,6.7,6.55,15000,6.65,15000,0,935000
JINDALSTEL30Jan20175CE.NFO,07/01/2020,10:33:18,6.65,6.55,25000,6.65,5000,5000,935000
JINDALSTEL30Jan20175CE.NFO,07/01/2020,10:33:22,6.65,6.55,30000,6.65,5000,0,925000
JINDALSTEL30Jan20175CE.NFO,07/01/2020,10:33:25,6.65,6.6,10000,6.7,10000,0,925000
JINDALSTEL30Jan20175CE.NFO,07/01/2020,10:33:31,6.65,6.6,15000,6.75,20000,0,925000
JINDALSTEL30Jan20175CE.NFO,07/01/2020,10:33:38,6.65,6.6,10000,6.7,10000,0,925000
JINDALSTEL30Jan20175CE.NFO,07/01/2020,10:33:42,6.65,6.6,10000,6.7,5000,0,925000
JINDALSTEL30Jan20175CE.NFO,07/01/2020,10:33:45,6.65,6.6,20000,6.75,25000,0,925000
JINDALSTEL30Jan20175CE.NFO,07/01/2020,10:34:00,6.65,6.6,20000,6.7,5000,0,925000
JINDALSTEL30Jan20175CE.NFO,07/01/2020,10:34:12,6.65,6.6,20000,6.7,10000,0,925000
JINDALSTEL30Jan20175CE.NFO,07/01/2020,10:34:16,6.65,6.6,5000,6.7,10000,0,925000
JINDALSTEL30Jan20175CE.NFO,07/01/2020,10:34:23,6.65,6.6,20000,6.75,20000,0,925000
JINDALSTEL30Jan20175CE.NFO,07/01/2020,10:34:36,6.65,6.65,25000,6.75,10000,0,925000
JINDALSTEL30Jan20175CE.NFO,07/01/2020,10:34:40,6.65,6.65,25000,6.75,5000,0,925000
JINDALSTEL30Jan20175CE.NFO,07/01/2020,10:34:45,6.65,6.65,25000,6.8,15000,0,925000
JINDALSTEL30Jan20175CE.NFO,07/01/2020,10:34:54,6.65,6.65,25000,6.75,5000,0,925000
JINDALSTEL30Jan20175CE.NFO,07/01/2020,10:35:05,6.65,6.65,15000,6.75,5000,0,925000
JINDALSTEL30Jan20175CE.NFO,07/01/2020,10:35:21,6.65,6.7,20000,6.8,5000,0,925000
JINDALSTEL30Jan20175CE.NFO,07/01/2020,10:35:28,6.65,6.7,20000,6.85,20000,0,925000
JINDALSTEL30Jan20175CE.NFO,07/01/2020,10:35:32,6.65,6.7,15000,6.8,5000,0,925000
JINDALSTEL30Jan20175CE.NFO,07/01/2020,10:36:14,6.65,6.7,5000,6.8,10000,0,925000
JINDALSTEL30Jan20175CE.NFO,07/01/2020,10:36:18,6.65,6.7,15000,6.8,10000,0,925000
JINDALSTEL30Jan20175CE.NFO,07/01/2020,10:36:22,6.65,6.7,20000,6.85,20000,0,925000
JINDALSTEL30Jan20175CE.NFO,07/01/2020,10:36:27,6.65,6.7,15000,6.85,35000,0,925000
JINDALSTEL30Jan20175CE.NFO,07/01/2020,10:36:30,6.65,6.7,10000,6.8,5000,0,925000
JINDALSTEL30Jan20175CE.NFO,07/01/2020,10:36:32,6.65,6.7,5000,6.8,25000,0,925000
JINDALSTEL30Jan20175CE.NFO,07/01/2020,10:36:40,6.65,6.65,15000,6.75,5000,0,925000
JINDALSTEL30Jan20175CE.NFO,07/01/2020,10:36:43,6.65,6.65,15000,6.8,40000,0,925000
JINDALSTEL30Jan20175CE.NFO,07/01/2020,10:36:46,6.65,6.7,10000,6.8,25000,0,925000
JINDALSTEL30Jan20175CE.NFO,07/01/2020,10:36:55,6.65,6.7,10000,6.8,10000,0,925000
JINDALSTEL30Jan20175CE.NFO,07/01/2020,10:37:04,6.65,6.7,10000,6.8,15000,0,925000
JINDALSTEL30Jan20175CE.NFO,07/01/2020,10:37:15,6.65,6.65,15000,6.75,10000,0,925000
JINDALSTEL30Jan20175CE.NFO,07/01/2020,10:37:23,6.65,6.65,10000,6.7,5000,0,925000
JINDALSTEL30Jan20175CE.NFO,07/01/2020,10:37:53,6.65,6.65,10000,6.75,15000,0,925000
JINDALSTEL30Jan20175CE.NFO,07/01/2020,10:38:22,6.65,6.65,15000,6.75,15000,0,925000
JINDALSTEL30Jan20175CE.NFO,07/01/2020,10:38:25,6.65,6.65,10000,6.75,15000,0,925000
JINDALSTEL30Jan20175CE.NFO,07/01/2020,10:38:32,6.65,6.65,5000,6.7,5000,0,925000
JINDALSTEL30Jan20175CE.NFO,07/01/2020,10:38:42,6.65,6.65,15000,6.7,5000,0,925000
JINDALSTEL30Jan20175CE.NFO,07/01/2020,10:38:49,6.65,6.65,15000,6.75,10000,0,925000
JINDALSTEL30Jan20175CE.NFO,07/01/2020,10:39:11,6.65,6.65,10000,6.75,10000,0,925000
JINDALSTEL30Jan20175CE.NFO,07/01/2020,10:39:15,6.65,6.65,10000,6.75,15000,0,925000
JINDALSTEL30Jan20175CE.NFO,07/01/2020,10:39:19,6.65,6.65,10000,6.7,5000,0,925000
JINDALSTEL30Jan20175CE.NFO,07/01/2020,10:39:26,6.65,6.6,15000,6.7,5000,0,925000
JINDALSTEL30Jan20175CE.NFO,07/01/2020,10:39:29,6.65,6.65,10000,6.75,15000,0,925000
JINDALSTEL30Jan20175CE.NFO,07/01/2020,10:39:32,6.65,6.65,10000,6.75,10000,0,925000
JINDALSTEL30Jan20175CE.NFO,07/01/2020,10:39:34,6.65,6.6,25000,6.7,5000,0,925000
JINDALSTEL30Jan20175CE.NFO,07/01/2020,10:39:49,6.65,6.65,10000,6.75,10000,0,925000
JINDALSTEL30Jan20175CE.NFO,07/01/2020,10:39:59,6.65,6.6,20000,6.7,5000,0,925000
JINDALSTEL30Jan20175CE.NFO,07/01/2020,10:40:06,6.65,6.6,25000,6.7,5000,0,925000
JINDALSTEL30Jan20175CE.NFO,07/01/2020,10:40:11,6.65,6.65,10000,6.75,5000,0,925000
JINDALSTEL30Jan20175CE.NFO,07/01/2020,10:40:18,6.65,6.65,15000,6.75,10000,0,925000
JINDALSTEL30Jan20175CE.NFO,07/01/2020,10:40:21,6.65,6.65,15000,6.75,15000,0,925000
JINDALSTEL30Jan20175CE.NFO,07/01/2020,10:40:25,6.65,6.65,15000,6.75,10000,0,925000
JINDALSTEL30Jan20175CE.NFO,07/01/2020,10:40:28,6.65,6.65,15000,6.75,15000,0,925000
JINDALSTEL30Jan20175CE.NFO,07/01/2020,10:40:37,6.65,6.65,10000,6.75,15000,0,925000
JINDALSTEL30Jan20175CE.NFO,07/01/2020,10:40:46,6.65,6.65,20000,6.75,10000,0,925000
JINDALSTEL30Jan20175CE.NFO,07/01/2020,10:40:56,6.65,6.65,20000,6.75,5000,0,925000
JINDALSTEL30Jan20175CE.NFO,07/01/2020,10:40:59,6.65,6.7,10000,6.75,5000,0,925000
JINDALSTEL30Jan20175CE.NFO,07/01/2020,10:41:05,6.75,6.7,15000,6.8,5000,5000,925000
JINDALSTEL30Jan20175CE.NFO,07/01/2020,10:41:07,6.75,6.7,15000,6.8,5000,0,925000
JINDALSTEL30Jan20175CE.NFO,07/01/2020,10:41:15,6.75,6.75,10000,6.85,10000,0,925000
JINDALSTEL30Jan20175CE.NFO,07/01/2020,10:41:22,6.75,6.75,20000,6.9,10000,0,925000
JINDALSTEL30Jan20175CE.NFO,07/01/2020,10:41:31,6.75,6.75,15000,6.85,5000,0,925000
JINDALSTEL30Jan20175CE.NFO,07/01/2020,10:41:43,6.85,6.8,10000,6.9,10000,5000,930000
JINDALSTEL30Jan20175CE.NFO,07/01/2020,10:41:57,6.85,6.8,5000,6.9,10000,0,930000
JINDALSTEL30Jan20175CE.NFO,07/01/2020,10:42:00,6.85,6.8,10000,6.9,10000,0,930000
JINDALSTEL30Jan20175CE.NFO,07/01/2020,10:42:26,6.85,6.8,10000,6.9,5000,5000,930000
JINDALSTEL30Jan20175CE.NFO,07/01/2020,10:42:49,6.85,6.75,20000,6.9,10000,0,930000
JINDALSTEL30Jan20175CE.NFO,07/01/2020,10:42:52,6.85,6.8,5000,6.9,5000,0,930000
JINDALSTEL30Jan20175CE.NFO,07/01/2020,10:43:02,6.85,6.8,10000,6.9,5000,0,930000
JINDALSTEL30Jan20175CE.NFO,07/01/2020,10:43:26,6.85,6.8,15000,6.9,5000,0,930000
JINDALSTEL30Jan20175CE.NFO,07/01/2020,10:43:29,6.85,6.8,10000,6.9,5000,0,930000
JINDALSTEL30Jan20175CE.NFO,07/01/2020,10:43:36,6.85,6.8,15000,6.95,10000,0,930000
JINDALSTEL30Jan20175CE.NFO,07/01/2020,10:43:40,6.85,6.8,15000,6.9,5000,0,930000
JINDALSTEL30Jan20175CE.NFO,07/01/2020,10:43:49,6.85,6.75,5000,6.85,20000,0,930000
JINDALSTEL30Jan20175CE.NFO,07/01/2020,10:43:52,6.85,6.75,5000,6.85,15000,0,930000
JINDALSTEL30Jan20175CE.NFO,07/01/2020,10:43:56,6.85,6.75,10000,6.85,15000,0,930000
JINDALSTEL30Jan20175CE.NFO,07/01/2020,10:43:59,6.85,6.7,25000,6.8,5000,0,930000
JINDALSTEL30Jan20175CE.NFO,07/01/2020,10:44:16,6.85,6.7,25000,6.8,10000,0,930000
JINDALSTEL30Jan20175CE.NFO,07/01/2020,10:44:36,6.85,6.7,25000,6.8,5000,0,930000
JINDALSTEL30Jan20175CE.NFO,07/01/2020,10:44:38,6.85,6.7,25000,6.8,10000,0,930000
JINDALSTEL30Jan20175CE.NFO,07/01/2020,10:44:43,6.85,6.7,20000,6.8,10000,0,930000
JINDALSTEL30Jan20175CE.NFO,07/01/2020,10:44:54,6.85,6.7,15000,6.8,10000,0,930000
JINDALSTEL30Jan20175CE.NFO,07/01/2020,10:44:56,6.85,6.7,20000,6.8,10000,0,930000
JINDALSTEL30Jan20175CE.NFO,07/01/2020,10:45:00,6.6,6.55,25000,6.65,5000,5000,930000
JINDALSTEL30Jan20175CE.NFO,07/01/2020,10:45:05,6.6,6.6,10000,6.7,5000,0,930000
JINDALSTEL30Jan20175CE.NFO,07/01/2020,10:45:09,6.6,6.6,25000,6.75,15000,0,930000
JINDALSTEL30Jan20175CE.NFO,07/01/2020,10:45:13,6.6,6.6,20000,6.75,10000,0,930000
JINDALSTEL30Jan20175CE.NFO,07/01/2020,10:45:17,6.6,6.65,5000,6.75,10000,0,930000
JINDALSTEL30Jan20175CE.NFO,07/01/2020,10:45:20,6.6,6.65,15000,6.75,10000,0,930000
JINDALSTEL30Jan20175CE.NFO,07/01/2020,10:45:23,6.6,6.65,10000,6.8,20000,0,930000
JINDALSTEL30Jan20175CE.NFO,07/01/2020,10:45:26,6.6,6.7,5000,6.8,10000,0,930000
JINDALSTEL30Jan20175CE.NFO,07/01/2020,10:45:34,6.6,6.7,10000,6.8,10000,0,930000
JINDALSTEL30Jan20175CE.NFO,07/01/2020,10:46:10,6.6,6.7,15000,6.8,10000,0,930000
JINDALSTEL30Jan20175CE.NFO,07/01/2020,10:46:13,6.6,6.7,10000,6.8,10000,0,930000
JINDALSTEL30Jan20175CE.NFO,07/01/2020,10:46:29,6.6,6.75,5000,6.8,5000,0,930000
JINDALSTEL30Jan20175CE.NFO,07/01/2020,10:46:35,6.6,6.7,15000,6.8,5000,0,930000
JINDALSTEL30Jan20175CE.NFO,07/01/2020,10:46:52,6.6,6.65,10000,6.75,10000,0,930000
JINDALSTEL30Jan20175CE.NFO,07/01/2020,10:47:01,6.6,6.65,10000,6.75,5000,0,930000
JINDALSTEL30Jan20175CE.NFO,07/01/2020,10:47:17,6.6,6.7,15000,6.85,15000,0,930000
JINDALSTEL30Jan20175CE.NFO,07/01/2020,10:47:23,6.6,6.7,20000,6.85,15000,0,930000
JINDALSTEL30Jan20175CE.NFO,07/01/2020,10:47:34,6.6,6.7,15000,6.85,15000,0,930000
JINDALSTEL30Jan20175CE.NFO,07/01/2020,10:47:40,6.6,6.75,15000,6.85,5000,0,930000
JINDALSTEL30Jan20175CE.NFO,07/01/2020,10:47:50,6.9,6.85,5000,7,30000,5000,930000
JINDALSTEL30Jan20175CE.NFO,07/01/2020,10:47:54,6.9,6.85,5000,6.95,5000,0,930000
JINDALSTEL30Jan20175CE.NFO,07/01/2020,10:47:58,6.9,6.85,5000,6.95,15000,0,930000
JINDALSTEL30Jan20175CE.NFO,07/01/2020,10:48:01,6.9,6.85,15000,7,25000,0,930000
JINDALSTEL30Jan20175CE.NFO,07/01/2020,10:48:04,6.9,6.9,5000,7,15000,0,930000
JINDALSTEL30Jan20175CE.NFO,07/01/2020,10:48:08,6.9,6.95,5000,7,10000,0,930000
JINDALSTEL30Jan20175CE.NFO,07/01/2020,10:48:13,6.9,6.85,10000,7,25000,0,930000
JINDALSTEL30Jan20175CE.NFO,07/01/2020,10:48:19,6.9,6.85,10000,7,30000,0,930000
JINDALSTEL30Jan20175CE.NFO,07/01/2020,10:48:25,6.9,6.85,5000,6.95,15000,0,930000
JINDALSTEL30Jan20175CE.NFO,07/01/2020,10:48:38,6.9,6.8,5000,6.9,5000,0,930000
JINDALSTEL30Jan20175CE.NFO,07/01/2020,10:48:43,6.9,6.8,10000,6.9,5000,0,930000
JINDALSTEL30Jan20175CE.NFO,07/01/2020,10:48:53,6.9,6.8,10000,6.95,20000,0,930000
JINDALSTEL30Jan20175CE.NFO,07/01/2020,10:48:57,6.9,6.8,10000,6.95,25000,0,930000
JINDALSTEL30Jan20175CE.NFO,07/01/2020,10:49:01,6.9,6.85,10000,6.95,20000,0,930000
JINDALSTEL30Jan20175CE.NFO,07/01/2020,10:49:09,6.9,6.8,10000,6.95,25000,0,930000
JINDALSTEL30Jan20175CE.NFO,07/01/2020,10:49:17,6.9,6.85,5000,6.95,25000,0,930000
JINDALSTEL30Jan20175CE.NFO,07/01/2020,10:49:19,6.9,6.85,5000,6.95,20000,0,930000
JINDALSTEL30Jan20175CE.NFO,07/01/2020,10:49:25,6.9,6.85,5000,6.95,25000,0,930000
JINDALSTEL30Jan20175CE.NFO,07/01/2020,10:49:29,6.9,6.8,10000,6.95,25000,0,930000
JINDALSTEL30Jan20175CE.NFO,07/01/2020,10:49:39,6.9,6.85,5000,6.95,25000,0,930000
JINDALSTEL30Jan20175CE.NFO,07/01/2020,10:49:42,6.9,6.8,10000,6.95,25000,0,930000
JINDALSTEL30Jan20175CE.NFO,07/01/2020,10:49:52,6.9,6.8,10000,6.9,5000,0,930000
JINDALSTEL30Jan20175CE.NFO,07/01/2020,10:49:57,6.9,6.75,10000,6.85,15000,0,930000
JINDALSTEL30Jan20175CE.NFO,07/01/2020,10:50:02,6.9,6.75,10000,6.85,10000,0,930000
JINDALSTEL30Jan20175CE.NFO,07/01/2020,10:50:08,6.9,6.7,10000,6.85,15000,0,930000
JINDALSTEL30Jan20175CE.NFO,07/01/2020,10:50:13,6.9,6.75,5000,6.85,20000,0,930000
JINDALSTEL30Jan20175CE.NFO,07/01/2020,10:50:18,6.9,6.75,10000,6.85,20000,0,930000
JINDALSTEL30Jan20175CE.NFO,07/01/2020,10:50:23,6.9,6.75,10000,6.85,25000,0,930000
JINDALSTEL30Jan20175CE.NFO,07/01/2020,10:50:27,6.9,6.7,10000,6.85,25000,0,930000
JINDALSTEL30Jan20175CE.NFO,07/01/2020,10:50:31,6.9,6.7,5000,6.75,5000,0,930000
JINDALSTEL30Jan20175CE.NFO,07/01/2020,10:50:40,6.9,6.65,30000,6.75,5000,0,930000
JINDALSTEL30Jan20175CE.NFO,07/01/2020,10:50:44,6.9,6.7,10000,6.8,5000,0,930000
JINDALSTEL30Jan20175CE.NFO,07/01/2020,10:50:57,6.9,6.65,15000,6.8,35000,0,930000
JINDALSTEL30Jan20175CE.NFO,07/01/2020,10:51:00,6.9,6.7,5000,6.75,5000,0,930000
JINDALSTEL30Jan20175CE.NFO,07/01/2020,10:51:03,6.9,6.65,25000,6.8,25000,0,930000
JINDALSTEL30Jan20175CE.NFO,07/01/2020,10:51:06,6.9,6.7,5000,6.8,25000,0,930000
JINDALSTEL30Jan20175CE.NFO,07/01/2020,10:51:13,6.9,6.65,15000,6.8,30000,0,930000
JINDALSTEL30Jan20175CE.NFO,07/01/2020,10:51:17,6.9,6.65,20000,6.8,35000,0,930000
JINDALSTEL30Jan20175CE.NFO,07/01/2020,10:51:20,6.9,6.65,15000,6.75,5000,0,930000
JINDALSTEL30Jan20175CE.NFO,07/01/2020,10:51:28,6.9,6.7,5000,6.75,5000,0,930000
JINDALSTEL30Jan20175CE.NFO,07/01/2020,10:51:30,6.9,6.65,15000,6.8,35000,0,930000
JINDALSTEL30Jan20175CE.NFO,07/01/2020,10:51:32,6.9,6.65,20000,6.8,35000,0,930000
JINDALSTEL30Jan20175CE.NFO,07/01/2020,10:51:34,6.9,6.65,15000,6.8,35000,0,930000
JINDALSTEL30Jan20175CE.NFO,07/01/2020,10:51:45,6.9,6.7,10000,6.8,5000,0,930000
JINDALSTEL30Jan20175CE.NFO,07/01/2020,10:51:55,6.9,6.7,5000,6.8,25000,0,930000
JINDALSTEL30Jan20175CE.NFO,07/01/2020,10:52:03,6.9,6.7,10000,6.8,25000,0,930000
JINDALSTEL30Jan20175CE.NFO,07/01/2020,10:52:07,6.9,6.65,15000,6.8,30000,0,930000
JINDALSTEL30Jan20175CE.NFO,07/01/2020,10:52:15,6.9,6.6,5000,6.7,5000,0,930000
JINDALSTEL30Jan20175CE.NFO,07/01/2020,10:52:23,6.9,6.65,5000,6.7,10000,0,930000
JINDALSTEL30Jan20175CE.NFO,07/01/2020,10:52:27,6.9,6.65,5000,6.7,5000,0,930000
JINDALSTEL30Jan20175CE.NFO,07/01/2020,10:52:31,6.9,6.65,5000,6.75,25000,0,930000
JINDALSTEL30Jan20175CE.NFO,07/01/2020,10:52:39,6.9,6.65,5000,6.7,5000,0,930000
JINDALSTEL30Jan20175CE.NFO,07/01/2020,10:52:43,6.9,6.65,5000,6.75,25000,0,930000
JINDALSTEL30Jan20175CE.NFO,07/01/2020,10:52:51,6.9,6.65,5000,6.7,15000,0,930000
JINDALSTEL30Jan20175CE.NFO,07/01/2020,10:52:55,6.9,6.6,10000,6.7,15000,0,930000
JINDALSTEL30Jan20175CE.NFO,07/01/2020,10:53:00,6.55,6.45,10000,6.55,5000,10000,930000
JINDALSTEL30Jan20175CE.NFO,07/01/2020,10:53:06,6.55,6.45,10000,6.55,20000,0,930000
JINDALSTEL30Jan20175CE.NFO,07/01/2020,10:53:11,6.55,6.5,5000,6.6,25000,0,930000
JINDALSTEL30Jan20175CE.NFO,07/01/2020,10:53:17,6.55,6.5,10000,6.6,25000,0,930000
JINDALSTEL30Jan20175CE.NFO,07/01/2020,10:53:33,6.55,6.5,10000,6.6,20000,0,930000
JINDALSTEL30Jan20175CE.NFO,07/01/2020,10:53:38,6.55,6.5,10000,6.6,15000,0,930000
JINDALSTEL30Jan20175CE.NFO,07/01/2020,10:53:43,6.55,6.5,10000,6.6,20000,0,930000
JINDALSTEL30Jan20175CE.NFO,07/01/2020,10:53:48,6.55,6.45,10000,6.55,10000,0,930000
JINDALSTEL30Jan20175CE.NFO,07/01/2020,10:54:04,6.55,6.5,10000,6.6,25000,0,930000
JINDALSTEL30Jan20175CE.NFO,07/01/2020,10:54:09,6.55,6.5,15000,6.6,15000,0,930000
JINDALSTEL30Jan20175CE.NFO,07/01/2020,10:54:14,6.55,6.5,15000,6.6,10000,0,930000
JINDALSTEL30Jan20175CE.NFO,07/01/2020,10:54:32,6.55,6.55,10000,6.65,20000,0,930000
JINDALSTEL30Jan20175CE.NFO,07/01/2020,10:54:36,6.55,6.55,15000,6.65,20000,0,930000
JINDALSTEL30Jan20175CE.NFO,07/01/2020,10:54:43,6.55,6.5,20000,6.6,5000,0,930000
JINDALSTEL30Jan20175CE.NFO,07/01/2020,10:54:51,6.55,6.5,15000,6.6,5000,0,930000
JINDALSTEL30Jan20175CE.NFO,07/01/2020,10:55:26,6.55,6.5,15000,6.6,10000,0,930000
JINDALSTEL30Jan20175CE.NFO,07/01/2020,10:55:32,6.55,6.5,10000,6.6,10000,0,930000
JINDALSTEL30Jan20175CE.NFO,07/01/2020,10:55:38,6.55,6.5,10000,6.6,15000,0,930000
JINDALSTEL30Jan20175CE.NFO,07/01/2020,10:55:44,6.55,6.4,10000,6.55,25000,0,930000
JINDALSTEL30Jan20175CE.NFO,07/01/2020,10:55:49,6.55,6.45,5000,6.55,25000,0,930000
JINDALSTEL30Jan20175CE.NFO,07/01/2020,10:55:54,6.55,6.45,10000,6.55,25000,0,930000
JINDALSTEL30Jan20175CE.NFO,07/01/2020,10:55:58,6.55,6.45,5000,6.55,25000,0,930000
JINDALSTEL30Jan20175CE.NFO,07/01/2020,10:56:02,6.55,6.45,10000,6.55,25000,0,930000
JINDALSTEL30Jan20175CE.NFO,07/01/2020,10:56:07,6.55,6.5,25000,6.6,15000,0,930000
JINDALSTEL30Jan20175CE.NFO,07/01/2020,10:56:12,6.55,6.5,40000,6.65,20000,0,930000
JINDALSTEL30Jan20175CE.NFO,07/01/2020,10:56:16,6.55,6.5,35000,6.6,10000,0,930000
JINDALSTEL30Jan20175CE.NFO,07/01/2020,10:56:20,6.55,6.5,25000,6.6,10000,0,930000
JINDALSTEL30Jan20175CE.NFO,07/01/2020,10:56:24,6.55,6.5,35000,6.6,10000,0,930000
JINDALSTEL30Jan20175CE.NFO,07/01/2020,10:56:28,6.55,6.5,35000,6.6,15000,0,930000
JINDALSTEL30Jan20175CE.NFO,07/01/2020,10:56:33,6.55,6.45,30000,6.55,20000,0,930000
JINDALSTEL30Jan20175CE.NFO,07/01/2020,10:56:43,6.55,6.45,30000,6.55,15000,0,930000
JINDALSTEL30Jan20175CE.NFO,07/01/2020,10:56:47,6.55,6.45,30000,6.55,20000,0,930000
JINDALSTEL30Jan20175CE.NFO,07/01/2020,10:56:58,6.55,6.4,25000,6.5,5000,0,930000
JINDALSTEL30Jan20175CE.NFO,07/01/2020,10:57:03,6.55,6.4,30000,6.5,10000,0,930000
JINDALSTEL30Jan20175CE.NFO,07/01/2020,10:57:14,6.55,6.35,40000,6.45,10000,0,930000
JINDALSTEL30Jan20175CE.NFO,07/01/2020,10:57:20,6.55,6.35,30000,6.45,10000,0,930000
JINDALSTEL30Jan20175CE.NFO,07/01/2020,10:57:27,6.55,6.35,10000,6.45,10000,0,930000
JINDALSTEL30Jan20175CE.NFO,07/01/2020,10:57:35,6.55,6.35,35000,6.45,5000,0,930000
JINDALSTEL30Jan20175CE.NFO,07/01/2020,10:57:48,6.45,6.4,10000,6.5,30000,5000,930000
JINDALSTEL30Jan20175CE.NFO,07/01/2020,10:57:54,6.45,6.4,30000,6.5,30000,0,930000
JINDALSTEL30Jan20175CE.NFO,07/01/2020,10:57:59,6.45,6.4,10000,6.5,30000,0,930000
JINDALSTEL30Jan20175CE.NFO,07/01/2020,10:58:06,6.45,6.4,40000,6.55,30000,0,930000
JINDALSTEL30Jan20175CE.NFO,07/01/2020,10:58:12,6.45,6.45,5000,6.55,20000,0,930000
JINDALSTEL30Jan20175CE.NFO,07/01/2020,10:58:18,6.45,6.45,30000,6.55,25000,0,930000
JINDALSTEL30Jan20175CE.NFO,07/01/2020,10:58:25,6.45,6.45,5000,6.55,30000,0,930000
JINDALSTEL30Jan20175CE.NFO,07/01/2020,10:58:32,6.45,6.45,10000,6.55,30000,0,930000
JINDALSTEL30Jan20175CE.NFO,07/01/2020,10:58:38,6.45,6.4,10000,6.5,15000,0,930000
JINDALSTEL30Jan20175CE.NFO,07/01/2020,10:58:44,6.45,6.4,10000,6.5,20000,0,930000
JINDALSTEL30Jan20175CE.NFO,07/01/2020,10:58:50,6.45,6.4,10000,6.5,15000,0,930000
JINDALSTEL30Jan20175CE.NFO,07/01/2020,10:59:09,6.45,6.4,10000,6.5,25000,0,930000
JINDALSTEL30Jan20175CE.NFO,07/01/2020,10:59:16,6.45,6.4,5000,6.5,20000,0,930000
JINDALSTEL30Jan20175CE.NFO,07/01/2020,10:59:22,6.45,6.4,5000,6.5,25000,0,930000
JINDALSTEL30Jan20175CE.NFO,07/01/2020,10:59:28,6.45,6.4,5000,6.5,30000,0,930000
JINDALSTEL30Jan20175CE.NFO,07/01/2020,10:59:34,6.45,6.45,10000,6.55,25000,0,930000
JINDALSTEL30Jan20175CE.NFO,07/01/2020,10:59:40,6.45,6.4,40000,6.55,35000,0,930000
JINDALSTEL30Jan20175CE.NFO,07/01/2020,10:59:46,6.45,6.4,30000,6.5,5000,0,930000
JINDALSTEL30Jan20175CE.NFO,07/01/2020,10:59:51,6.45,6.45,10000,6.55,35000,0,930000
JINDALSTEL30Jan20175CE.NFO,07/01/2020,10:59:57,6.45,6.5,5000,6.55,10000,0,930000
JINDALSTEL30Jan20175CE.NFO,07/01/2020,11:00:03,6.5,6.4,20000,6.5,10000,5000,930000
JINDALSTEL30Jan20175CE.NFO,07/01/2020,11:00:18,6.5,6.4,10000,6.5,30000,0,930000
JINDALSTEL30Jan20175CE.NFO,07/01/2020,11:00:25,6.5,6.4,5000,6.5,25000,0,930000
JINDALSTEL30Jan20175CE.NFO,07/01/2020,11:00:31,6.5,6.25,10000,6.35,20000,0,930000
JINDALSTEL30Jan20175CE.NFO,07/01/2020,11:00:38,6.5,6.25,10000,6.35,15000,0,930000
JINDALSTEL30Jan20175CE.NFO,07/01/2020,11:00:45,6.5,6.3,5000,6.4,20000,0,930000
JINDALSTEL30Jan20175CE.NFO,07/01/2020,11:00:51,6.5,6.3,10000,6.4,20000,0,930000
JINDALSTEL30Jan20175CE.NFO,07/01/2020,11:00:57,6.5,6.3,5000,6.4,20000,0,930000
JINDALSTEL30Jan20175CE.NFO,07/01/2020,11:01:05,6.5,6.25,10000,6.35,20000,0,930000
JINDALSTEL30Jan20175CE.NFO,07/01/2020,11:01:13,6.5,6.05,10000,6.15,15000,0,930000
JINDALSTEL30Jan20175CE.NFO,07/01/2020,11:01:20,6.5,6.05,25000,6.15,10000,0,930000
JINDALSTEL30Jan20175CE.NFO,07/01/2020,11:01:28,6.5,6.1,10000,6.2,15000,0,930000
JINDALSTEL30Jan20175CE.NFO,07/01/2020,11:01:36,6.5,6.1,15000,6.2,15000,0,930000
JINDALSTEL30Jan20175CE.NFO,07/01/2020,11:01:43,6.1,6.05,5000,6.15,20000,10000,930000
JINDALSTEL30Jan20175CE.NFO,07/01/2020,11:01:43,6.1,6.05,5000,6.15,20000,0,930000
JINDALSTEL30Jan20175CE.NFO,07/01/2020,11:01:51,6.1,6.1,30000,6.2,10000,0,930000
JINDALSTEL30Jan20175CE.NFO,07/01/2020,11:01:59,6.1,6.1,30000,6.2,5000,0,930000
JINDALSTEL30Jan20175CE.NFO,07/01/2020,11:02:06,6.1,6.1,25000,6.2,5000,0,930000
JINDALSTEL30Jan20175CE.NFO,07/01/2020,11:02:13,6.1,6.1,35000,6.25,15000,0,930000
JINDALSTEL30Jan20175CE.NFO,07/01/2020,11:02:19,6.1,6.1,35000,6.25,20000,0,930000
JINDALSTEL30Jan20175CE.NFO,07/01/2020,11:02:25,6.1,6.1,30000,6.25,20000,0,930000
JINDALSTEL30Jan20175CE.NFO,07/01/2020,11:02:32,6.1,6.05,45000,6.2,20000,0,930000
JINDALSTEL30Jan20175CE.NFO,07/01/2020,11:02:38,6.1,6.05,35000,6.2,20000,0,930000
JINDALSTEL30Jan20175CE.NFO,07/01/2020,11:02:44,6.1,6.05,35000,6.2,15000,0,930000
JINDALSTEL30Jan20175CE.NFO,07/01/2020,11:02:51,6.1,6.05,5000,6.15,20000,0,930000
JINDALSTEL30Jan20175CE.NFO,07/01/2020,11:02:58,6.1,6.05,5000,6.15,15000,0,930000
JINDALSTEL30Jan20175CE.NFO,07/01/2020,11:03:04,6.1,6.05,30000,6.2,15000,0,930000
JINDALSTEL30Jan20175CE.NFO,07/01/2020,11:03:11,6.1,6.05,10000,6.15,10000,0,930000
JINDALSTEL30Jan20175CE.NFO,07/01/2020,11:03:18,6.1,6.05,5000,6.15,20000,0,930000
JINDALSTEL30Jan20175CE.NFO,07/01/2020,11:03:25,6.1,6.05,10000,6.15,10000,0,930000
JINDALSTEL30Jan20175CE.NFO,07/01/2020,11:03:31,6.1,6.05,5000,6.15,10000,0,930000
JINDALSTEL30Jan20175CE.NFO,07/01/2020,11:03:37,6.1,6,20000,6.1,10000,0,930000
JINDALSTEL30Jan20175CE.NFO,07/01/2020,11:03:45,6.1,6.05,5000,6.15,10000,0,930000
JINDALSTEL30Jan20175CE.NFO,07/01/2020,11:03:52,6.1,6.05,5000,6.15,15000,0,930000
JINDALSTEL30Jan20175CE.NFO,07/01/2020,11:03:59,6.1,6.05,5000,6.15,10000,0,930000
JINDALSTEL30Jan20175CE.NFO,07/01/2020,11:04:12,6,5.95,5000,6.05,10000,5000,930000
JINDALSTEL30Jan20175CE.NFO,07/01/2020,11:04:12,6,5.95,5000,6.05,10000,0,930000
JINDALSTEL30Jan20175CE.NFO,07/01/2020,11:04:19,6,5.95,10000,6.05,15000,0,930000
JINDALSTEL30Jan20175CE.NFO,07/01/2020,11:04:25,6,5.9,5000,6,10000,0,930000
JINDALSTEL30Jan20175CE.NFO,07/01/2020,11:04:31,6,5.95,10000,6.05,15000,0,930000
JINDALSTEL30Jan20175CE.NFO,07/01/2020,11:04:39,6,6,5000,6.05,15000,0,930000
JINDALSTEL30Jan20175CE.NFO,07/01/2020,11:04:45,6,5.9,40000,6.05,20000,5000,930000
JINDALSTEL30Jan20175CE.NFO,07/01/2020,11:04:52,6,5.95,5000,6.05,20000,0,930000
JINDALSTEL30Jan20175CE.NFO,07/01/2020,11:05:06,5.9,5.9,5000,6,25000,5000,930000
JINDALSTEL30Jan20175CE.NFO,07/01/2020,11:05:06,5.9,5.9,5000,6,25000,0,930000
JINDALSTEL30Jan20175CE.NFO,07/01/2020,11:05:13,5.9,5.85,30000,5.95,5000,0,930000
JINDALSTEL30Jan20175CE.NFO,07/01/2020,11:05:20,5.9,5.95,10000,6.05,25000,0,930000
JINDALSTEL30Jan20175CE.NFO,07/01/2020,11:05:27,5.9,5.95,5000,6.05,25000,0,930000
JINDALSTEL30Jan20175CE.NFO,07/01/2020,11:05:34,6.05,6,5000,6.1,15000,5000,930000
JINDALSTEL30Jan20175CE.NFO,07/01/2020,11:05:41,6.05,6,20000,6.1,10000,0,930000
JINDALSTEL30Jan20175CE.NFO,07/01/2020,11:05:54,6.05,6.05,25000,6.2,20000,0,930000
JINDALSTEL30Jan20175CE.NFO,07/01/2020,11:06:02,6.05,6.05,25000,6.2,15000,0,930000
JINDALSTEL30Jan20175CE.NFO,07/01/2020,11:06:08,6.05,6.1,20000,6.2,5000,0,930000
JINDALSTEL30Jan20175CE.NFO,07/01/2020,11:06:15,6.05,6.1,15000,6.2,5000,0,930000
JINDALSTEL30Jan20175CE.NFO,07/01/2020,11:06:22,6.05,6.1,20000,6.2,10000,0,930000
JINDALSTEL30Jan20175CE.NFO,07/01/2020,11:06:33,6.15,6.05,20000,6.2,15000,5000,930000
JINDALSTEL30Jan20175CE.NFO,07/01/2020,11:06:38,6.15,6.05,20000,6.2,15000,0,930000
JINDALSTEL30Jan20175CE.NFO,07/01/2020,11:06:48,6.15,6.1,5000,6.2,15000,0,930000
JINDALSTEL30Jan20175CE.NFO,07/01/2020,11:06:53,6.15,6.05,15000,6.2,20000,0,930000
JINDALSTEL30Jan20175CE.NFO,07/01/2020,11:06:59,6.15,6.1,5000,6.2,20000,0,930000
JINDALSTEL30Jan20175CE.NFO,07/01/2020,11:07:04,6.15,6.1,10000,6.2,10000,0,930000
JINDALSTEL30Jan20175CE.NFO,07/01/2020,11:07:19,6.15,6.1,10000,6.2,5000,0,930000
JINDALSTEL30Jan20175CE.NFO,07/01/2020,11:07:30,6.15,6.15,5000,6.25,15000,0,930000
JINDALSTEL30Jan20175CE.NFO,07/01/2020,11:07:47,6.15,6.05,5000,6.15,15000,0,930000
JINDALSTEL30Jan20175CE.NFO,07/01/2020,11:07:52,6.15,6.1,5000,6.2,20000,0,930000
JINDALSTEL30Jan20175CE.NFO,07/01/2020,11:07:57,6.15,6.05,10000,6.15,5000,0,930000
JINDALSTEL30Jan20175CE.NFO,07/01/2020,11:08:02,6.15,6.05,10000,6.15,10000,0,930000
JINDALSTEL30Jan20175CE.NFO,07/01/2020,11:08:07,6.15,6.05,10000,6.15,15000,0,930000
JINDALSTEL30Jan20175CE.NFO,07/01/2020,11:08:11,6.15,6,10000,6.15,15000,0,930000
JINDALSTEL30Jan20175CE.NFO,07/01/2020,11:08:16,6.15,6.05,15000,6.15,10000,0,930000
JINDALSTEL30Jan20175CE.NFO,07/01/2020,11:08:21,6.15,6.05,5000,6.15,15000,0,930000
JINDALSTEL30Jan20175CE.NFO,07/01/2020,11:08:26,6.15,6.1,5000,6.2,20000,0,930000
JINDALSTEL30Jan20175CE.NFO,07/01/2020,11:08:32,6.15,6.1,5000,6.2,30000,0,930000
JINDALSTEL30Jan20175CE.NFO,07/01/2020,11:08:37,6.15,6.05,15000,6.2,30000,0,930000
JINDALSTEL30Jan20175CE.NFO,07/01/2020,11:08:42,6.15,6.05,5000,6.2,30000,0,930000
JINDALSTEL30Jan20175CE.NFO,07/01/2020,11:08:47,6.15,6.05,5000,6.15,10000,0,930000
JINDALSTEL30Jan20175CE.NFO,07/01/2020,11:08:52,6.15,6,10000,6.15,15000,0,930000
JINDALSTEL30Jan20175CE.NFO,07/01/2020,11:09:02,6.15,6,15000,6.15,15000,0,930000
JINDALSTEL30Jan20175CE.NFO,07/01/2020,11:09:21,6.15,6,10000,6.15,15000,0,930000
JINDALSTEL30Jan20175CE.NFO,07/01/2020,11:09:26,6,5.95,10000,6.05,5000,5000,935000
JINDALSTEL30Jan20175CE.NFO,07/01/2020,11:09:31,6,5.95,25000,6.1,15000,0,935000
JINDALSTEL30Jan20175CE.NFO,07/01/2020,11:09:35,6,5.95,25000,6.05,5000,0,935000
JINDALSTEL30Jan20175CE.NFO,07/01/2020,11:09:48,6,5.95,10000,6.05,5000,0,935000
JINDALSTEL30Jan20175CE.NFO,07/01/2020,11:09:52,6,5.95,10000,6.05,10000,0,935000
JINDALSTEL30Jan20175CE.NFO,07/01/2020,11:10:13,6,5.95,10000,6.05,15000,0,935000
JINDALSTEL30Jan20175CE.NFO,07/01/2020,11:10:18,6,5.95,10000,6.05,5000,0,935000
JINDALSTEL30Jan20175CE.NFO,07/01/2020,11:10:24,6,6,5000,6.05,5000,0,935000
JINDALSTEL30Jan20175CE.NFO,07/01/2020,11:10:29,6,6,10000,6.05,5000,0,935000
JINDALSTEL30Jan20175CE.NFO,07/01/2020,11:10:37,6.05,5.95,15000,6.1,5000,10000,935000
JINDALSTEL30Jan20175CE.NFO,07/01/2020,11:10:45,6.05,6,10000,6.1,15000,0,935000
JINDALSTEL30Jan20175CE.NFO,07/01/2020,11:10:52,6.05,6,10000,6.1,10000,0,935000
JINDALSTEL30Jan20175CE.NFO,07/01/2020,11:11:00,6.05,5.95,10000,6.1,15000,0,935000
JINDALSTEL30Jan20175CE.NFO,07/01/2020,11:11:04,6.05,5.95,5000,6.1,15000,0,935000
JINDALSTEL30Jan20175CE.NFO,07/01/2020,11:11:10,6.05,5.9,15000,6.05,20000,0,935000
JINDALSTEL30Jan20175CE.NFO,07/01/2020,11:11:16,6.05,5.9,10000,6.05,20000,0,935000
JINDALSTEL30Jan20175CE.NFO,07/01/2020,11:11:22,5.85,5.8,5000,5.9,15000,10000,935000
JINDALSTEL30Jan20175CE.NFO,07/01/2020,11:11:22,5.85,5.8,5000,5.9,15000,0,935000
JINDALSTEL30Jan20175CE.NFO,07/01/2020,11:11:29,5.8,5.75,5000,5.85,15000,5000,935000
JINDALSTEL30Jan20175CE.NFO,07/01/2020,11:11:29,5.8,5.75,5000,5.85,15000,0,935000
JINDALSTEL30Jan20175CE.NFO,07/01/2020,11:11:37,5.8,5.75,5000,5.85,15000,0,935000
JINDALSTEL30Jan20175CE.NFO,07/01/2020,11:11:44,5.85,5.8,5000,5.85,5000,5000,940000
JINDALSTEL30Jan20175CE.NFO,07/01/2020,11:11:50,5.85,5.8,5000,5.9,20000,0,940000
JINDALSTEL30Jan20175CE.NFO,07/01/2020,11:11:56,5.85,5.8,10000,5.9,10000,0,940000
JINDALSTEL30Jan20175CE.NFO,07/01/2020,11:12:04,5.8,5.65,15000,5.75,5000,10000,940000
JINDALSTEL30Jan20175CE.NFO,07/01/2020,11:12:12,5.8,5.65,15000,5.75,5000,0,940000
JINDALSTEL30Jan20175CE.NFO,07/01/2020,11:12:20,5.8,5.65,5000,5.8,20000,0,940000
JINDALSTEL30Jan20175CE.NFO,07/01/2020,11:12:26,5.8,5.65,5000,5.8,15000,0,940000
JINDALSTEL30Jan20175CE.NFO,07/01/2020,11:12:33,5.8,5.7,10000,5.85,10000,0,940000
JINDALSTEL30Jan20175CE.NFO,07/01/2020,11:12:39,5.8,5.75,10000,5.85,5000,0,940000
JINDALSTEL30Jan20175CE.NFO,07/01/2020,11:12:45,5.8,5.75,10000,5.85,10000,0,940000
JINDALSTEL30Jan20175CE.NFO,07/01/2020,11:12:50,5.8,5.8,5000,5.9,10000,0,940000
JINDALSTEL30Jan20175CE.NFO,07/01/2020,11:12:54,5.8,5.8,10000,5.9,10000,0,940000
JINDALSTEL30Jan20175CE.NFO,07/01/2020,11:13:00,5.8,5.75,20000,5.9,20000,0,940000
JINDALSTEL30Jan20175CE.NFO,07/01/2020,11:13:17,5.8,5.75,15000,5.9,20000,0,940000
JINDALSTEL30Jan20175CE.NFO,07/01/2020,11:13:33,5.8,5.75,5000,5.85,20000,0,940000
JINDALSTEL30Jan20175CE.NFO,07/01/2020,11:13:40,5.8,5.75,5000,5.85,15000,0,940000
JINDALSTEL30Jan20175CE.NFO,07/01/2020,11:13:46,5.8,5.75,10000,5.9,20000,0,940000
JINDALSTEL30Jan20175CE.NFO,07/01/2020,11:13:57,5.8,5.8,5000,5.9,15000,0,940000
JINDALSTEL30Jan20175CE.NFO,07/01/2020,11:14:08,5.8,5.8,5000,5.9,5000,0,940000
JINDALSTEL30Jan20175CE.NFO,07/01/2020,11:14:14,5.8,5.8,5000,5.9,15000,0,940000
JINDALSTEL30Jan20175CE.NFO,07/01/2020,11:14:31,5.9,5.8,10000,5.95,20000,5000,940000
JINDALSTEL30Jan20175CE.NFO,07/01/2020,11:14:40,5.9,5.85,5000,5.95,10000,0,940000
JINDALSTEL30Jan20175CE.NFO,07/01/2020,11:14:45,5.9,5.85,5000,5.95,15000,0,940000
JINDALSTEL30Jan20175CE.NFO,07/01/2020,11:15:03,5.9,5.75,5000,5.9,15000,0,940000
JINDALSTEL30Jan20175CE.NFO,07/01/2020,11:15:09,5.9,5.8,5000,5.9,10000,0,940000
JINDALSTEL30Jan20175CE.NFO,07/01/2020,11:15:15,5.9,5.75,5000,5.85,10000,0,940000
JINDALSTEL30Jan20175CE.NFO,07/01/2020,11:15:20,5.9,5.75,5000,5.9,20000,0,940000
JINDALSTEL30Jan20175CE.NFO,07/01/2020,11:15:25,5.9,5.75,5000,5.9,15000,0,940000
JINDALSTEL30Jan20175CE.NFO,07/01/2020,11:15:31,5.9,5.75,5000,5.9,30000,0,940000
JINDALSTEL30Jan20175CE.NFO,07/01/2020,11:15:47,5.9,5.7,5000,5.85,15000,0,940000
JINDALSTEL30Jan20175CE.NFO,07/01/2020,11:15:52,5.9,5.7,5000,5.85,30000,0,940000
JINDALSTEL30Jan20175CE.NFO,07/01/2020,11:16:10,5.9,5.7,5000,5.8,20000,0,940000
JINDALSTEL30Jan20175CE.NFO,07/01/2020,11:16:16,5.9,5.75,5000,5.85,5000,0,940000
JINDALSTEL30Jan20175CE.NFO,07/01/2020,11:16:23,5.75,5.8,5000,5.9,25000,5000,950000
JINDALSTEL30Jan20175CE.NFO,07/01/2020,11:16:23,5.75,5.8,5000,5.9,25000,0,950000
JINDALSTEL30Jan20175CE.NFO,07/01/2020,11:16:29,5.75,5.7,20000,5.85,10000,5000,950000
JINDALSTEL30Jan20175CE.NFO,07/01/2020,11:16:35,5.75,5.75,20000,5.85,5000,0,950000
JINDALSTEL30Jan20175CE.NFO,07/01/2020,11:16:40,5.75,5.75,35000,5.85,5000,0,950000
JINDALSTEL30Jan20175CE.NFO,07/01/2020,11:16:45,5.75,5.75,15000,5.85,5000,0,950000
JINDALSTEL30Jan20175CE.NFO,07/01/2020,11:16:52,5.75,5.65,25000,5.8,10000,0,950000
JINDALSTEL30Jan20175CE.NFO,07/01/2020,11:17:04,5.75,5.7,20000,5.8,10000,0,950000
JINDALSTEL30Jan20175CE.NFO,07/01/2020,11:17:08,5.75,5.7,20000,5.8,5000,0,950000
JINDALSTEL30Jan20175CE.NFO,07/01/2020,11:17:13,5.75,5.7,25000,5.8,5000,0,950000
JINDALSTEL30Jan20175CE.NFO,07/01/2020,11:17:17,5.75,5.75,15000,5.85,5000,0,950000
JINDALSTEL30Jan20175CE.NFO,07/01/2020,11:17:22,5.75,5.75,20000,5.9,15000,0,950000
JINDALSTEL30Jan20175CE.NFO,07/01/2020,11:17:27,5.75,5.75,20000,5.85,5000,0,950000
JINDALSTEL30Jan20175CE.NFO,07/01/2020,11:17:31,5.75,5.75,25000,5.9,10000,0,950000
JINDALSTEL30Jan20175CE.NFO,07/01/2020,11:17:38,5.75,5.8,20000,5.9,5000,0,950000
JINDALSTEL30Jan20175CE.NFO,07/01/2020,11:17:59,5.75,5.8,25000,5.9,5000,0,950000
JINDALSTEL30Jan20175CE.NFO,07/01/2020,11:18:20,5.75,5.8,20000,5.9,5000,0,950000
JINDALSTEL30Jan20175CE.NFO,07/01/2020,11:18:25,5.75,5.8,25000,5.9,5000,0,950000
JINDALSTEL30Jan20175CE.NFO,07/01/2020,11:18:35,5.75,5.9,30000,6,5000,0,950000
JINDALSTEL30Jan20175CE.NFO,07/01/2020,11:18:41,5.75,5.9,30000,6.05,10000,0,950000
JINDALSTEL30Jan20175CE.NFO,07/01/2020,11:18:59,5.75,5.9,10000,6,5000,0,950000
JINDALSTEL30Jan20175CE.NFO,07/01/2020,11:19:17,5.75,5.8,5000,5.9,5000,0,950000
JINDALSTEL30Jan20175CE.NFO,07/01/2020,11:19:25,5.75,5.75,20000,5.9,20000,0,950000
JINDALSTEL30Jan20175CE.NFO,07/01/2020,11:19:32,5.75,5.85,5000,5.95,25000,0,950000
JINDALSTEL30Jan20175CE.NFO,07/01/2020,11:19:38,5.75,5.85,5000,5.95,35000,0,950000
JINDALSTEL30Jan20175CE.NFO,07/01/2020,11:19:45,5.75,5.85,5000,5.95,20000,0,950000
JINDALSTEL30Jan20175CE.NFO,07/01/2020,11:19:51,5.75,5.85,5000,5.95,5000,0,950000
JINDALSTEL30Jan20175CE.NFO,07/01/2020,11:19:56,5.75,5.85,5000,5.95,10000,0,950000
JINDALSTEL30Jan20175CE.NFO,07/01/2020,11:20:07,5.75,5.85,5000,5.95,5000,0,950000
JINDALSTEL30Jan20175CE.NFO,07/01/2020,11:20:12,5.75,5.9,25000,6.05,10000,0,950000
JINDALSTEL30Jan20175CE.NFO,07/01/2020,11:20:18,5.75,5.9,20000,6,5000,0,950000
JINDALSTEL30Jan20175CE.NFO,07/01/2020,11:20:23,5.75,5.9,10000,6,5000,0,950000
JINDALSTEL30Jan20175CE.NFO,07/01/2020,11:20:29,5.75,5.9,20000,6.05,15000,0,950000
JINDALSTEL30Jan20175CE.NFO,07/01/2020,11:20:35,5.75,5.9,10000,6,5000,0,950000
JINDALSTEL30Jan20175CE.NFO,07/01/2020,11:20:40,5.75,5.9,20000,6,5000,0,950000
JINDALSTEL30Jan20175CE.NFO,07/01/2020,11:20:49,5.75,5.95,20000,6.05,10000,0,950000
JINDALSTEL30Jan20175CE.NFO,07/01/2020,11:20:55,5.75,5.95,30000,6.1,5000,0,950000
JINDALSTEL30Jan20175CE.NFO,07/01/2020,11:21:01,5.75,5.95,30000,6.1,10000,0,950000
JINDALSTEL30Jan20175CE.NFO,07/01/2020,11:21:06,5.75,6,20000,6.1,10000,0,950000
JINDALSTEL30Jan20175CE.NFO,07/01/2020,11:21:11,5.75,6,20000,6.15,15000,0,950000
JINDALSTEL30Jan20175CE.NFO,07/01/2020,11:21:15,5.75,5.95,25000,6.1,15000,0,950000
JINDALSTEL30Jan20175CE.NFO,07/01/2020,11:21:20,5.75,5.95,20000,6.05,5000,0,950000
JINDALSTEL30Jan20175CE.NFO,07/01/2020,11:21:25,5.75,5.95,30000,6.1,10000,0,950000
JINDALSTEL30Jan20175CE.NFO,07/01/2020,11:21:31,5.75,5.9,10000,6,5000,0,950000
JINDALSTEL30Jan20175CE.NFO,07/01/2020,11:21:37,5.75,5.9,20000,6,5000,0,950000
JINDALSTEL30Jan20175CE.NFO,07/01/2020,11:21:43,5.75,5.9,25000,6.05,15000,0,950000
JINDALSTEL30Jan20175CE.NFO,07/01/2020,11:21:52,5.75,5.9,20000,6.05,15000,0,950000
JINDALSTEL30Jan20175CE.NFO,07/01/2020,11:21:56,5.75,5.9,20000,6,5000,0,950000
JINDALSTEL30Jan20175CE.NFO,07/01/2020,11:22:00,5.75,5.9,20000,6.05,15000,0,950000
JINDALSTEL30Jan20175CE.NFO,07/01/2020,11:22:04,5.75,5.9,20000,6,5000,0,950000
JINDALSTEL30Jan20175CE.NFO,07/01/2020,11:22:21,5.75,5.9,25000,6.05,10000,0,950000
JINDALSTEL30Jan20175CE.NFO,07/01/2020,11:22:31,6.05,5.95,5000,6.05,5000,5000,940000
JINDALSTEL30Jan20175CE.NFO,07/01/2020,11:22:36,6.05,5.95,10000,6.1,35000,0,940000
JINDALSTEL30Jan20175CE.NFO,07/01/2020,11:22:54,6.05,6,10000,6.1,5000,0,940000
JINDALSTEL30Jan20175CE.NFO,07/01/2020,11:23:10,6.05,6,10000,6.1,10000,0,940000
JINDALSTEL30Jan20175CE.NFO,07/01/2020,11:23:25,6.05,6,10000,6.1,20000,0,940000
JINDALSTEL30Jan20175CE.NFO,07/01/2020,11:23:29,6.05,6,15000,6.15,35000,0,940000
JINDALSTEL30Jan20175CE.NFO,07/01/2020,11:23:33,6.05,6,15000,6.1,5000,0,940000
JINDALSTEL30Jan20175CE.NFO,07/01/2020,11:23:42,6.05,6.05,15000,6.15,10000,0,940000
JINDALSTEL30Jan20175CE.NFO,07/01/2020,11:23:46,6.05,6.05,15000,6.15,5000,0,940000
JINDALSTEL30Jan20175CE.NFO,07/01/2020,11:23:51,6.05,6.05,15000,6.15,10000,0,940000
JINDALSTEL30Jan20175CE.NFO,07/01/2020,11:24:01,6.05,6.05,15000,6.15,15000,0,940000
JINDALSTEL30Jan20175CE.NFO,07/01/2020,11:24:08,6.05,6.05,15000,6.15,5000,0,940000
JINDALSTEL30Jan20175CE.NFO,07/01/2020,11:24:13,6.05,6.05,15000,6.15,20000,0,940000
JINDALSTEL30Jan20175CE.NFO,07/01/2020,11:24:18,6.05,6.05,15000,6.15,10000,0,940000
JINDALSTEL30Jan20175CE.NFO,07/01/2020,11:24:22,6.05,6.1,10000,6.15,10000,0,940000
JINDALSTEL30Jan20175CE.NFO,07/01/2020,11:24:32,6.05,6.1,5000,6.15,10000,0,940000
JINDALSTEL30Jan20175CE.NFO,07/01/2020,11:24:37,6.05,6.05,15000,6.15,15000,0,940000
JINDALSTEL30Jan20175CE.NFO,07/01/2020,11:24:41,6.05,6.05,15000,6.15,20000,0,940000
JINDALSTEL30Jan20175CE.NFO,07/01/2020,11:24:50,6.05,6.05,10000,6.15,20000,0,940000
JINDALSTEL30Jan20175CE.NFO,07/01/2020,11:25:03,6.05,6,25000,6.1,5000,0,940000
JINDALSTEL30Jan20175CE.NFO,07/01/2020,11:25:08,6.05,6,5000,6.15,30000,0,940000
JINDALSTEL30Jan20175CE.NFO,07/01/2020,11:25:13,6.05,6,30000,6.15,25000,0,940000
JINDALSTEL30Jan20175CE.NFO,07/01/2020,11:25:17,6.05,6,5000,6.1,15000,0,940000
JINDALSTEL30Jan20175CE.NFO,07/01/2020,11:25:22,6.05,6,5000,6.1,25000,0,940000
JINDALSTEL30Jan20175CE.NFO,07/01/2020,11:25:27,6.05,5.9,15000,6,15000,0,940000
JINDALSTEL30Jan20175CE.NFO,07/01/2020,11:25:32,6.05,5.9,30000,6,5000,0,940000
JINDALSTEL30Jan20175CE.NFO,07/01/2020,11:25:37,6.05,5.95,10000,6.05,30000,0,940000
JINDALSTEL30Jan20175CE.NFO,07/01/2020,11:25:42,6.05,6,5000,6.1,30000,0,940000
JINDALSTEL30Jan20175CE.NFO,07/01/2020,11:25:47,6.05,6,10000,6.1,15000,0,940000
JINDALSTEL30Jan20175CE.NFO,07/01/2020,11:25:53,6.05,6,5000,6.1,25000,0,940000
JINDALSTEL30Jan20175CE.NFO,07/01/2020,11:25:57,6.05,6,5000,6.05,15000,0,940000
JINDALSTEL30Jan20175CE.NFO,07/01/2020,11:26:01,6.05,6,5000,6.05,5000,0,940000
JINDALSTEL30Jan20175CE.NFO,07/01/2020,11:26:05,6.05,6,10000,6.1,25000,0,940000
JINDALSTEL30Jan20175CE.NFO,07/01/2020,11:26:09,6.05,6,5000,6.1,20000,0,940000
JINDALSTEL30Jan20175CE.NFO,07/01/2020,11:26:12,6.05,6,10000,6.1,20000,0,940000
JINDALSTEL30Jan20175CE.NFO,07/01/2020,11:26:23,6.05,6,10000,6.1,10000,0,940000
JINDALSTEL30Jan20175CE.NFO,07/01/2020,11:26:28,6.05,6.05,10000,6.15,20000,0,940000
JINDALSTEL30Jan20175CE.NFO,07/01/2020,11:26:33,6.15,6.15,20000,6.3,15000,10000,940000
JINDALSTEL30Jan20175CE.NFO,07/01/2020,11:26:38,6.15,6.15,5000,6.25,10000,0,940000
JINDALSTEL30Jan20175CE.NFO,07/01/2020,11:26:44,6.15,6.1,25000,6.25,20000,0,940000
JINDALSTEL30Jan20175CE.NFO,07/01/2020,11:26:49,6.15,6.1,10000,6.15,5000,0,940000
JINDALSTEL30Jan20175CE.NFO,07/01/2020,11:26:56,6.15,6.1,10000,6.15,15000,0,940000
JINDALSTEL30Jan20175CE.NFO,07/01/2020,11:27:01,6.1,6.05,30000,6.2,15000,10000,940000
JINDALSTEL30Jan20175CE.NFO,07/01/2020,11:27:05,6.1,6.1,15000,6.2,20000,0,940000
JINDALSTEL30Jan20175CE.NFO,07/01/2020,11:27:11,6.1,6.1,15000,6.2,5000,0,940000
JINDALSTEL30Jan20175CE.NFO,07/01/2020,11:27:14,6.1,6.05,25000,6.15,10000,0,940000
JINDALSTEL30Jan20175CE.NFO,07/01/2020,11:27:29,6.1,6.05,15000,6.15,15000,0,940000
JINDALSTEL30Jan20175CE.NFO,07/01/2020,11:27:33,6.1,6.05,15000,6.15,10000,0,940000
JINDALSTEL30Jan20175CE.NFO,07/01/2020,11:27:37,6.1,6.05,5000,6.15,15000,5000,940000
JINDALSTEL30Jan20175CE.NFO,07/01/2020,11:27:42,6.1,6,15000,6.1,5000,0,940000
JINDALSTEL30Jan20175CE.NFO,07/01/2020,11:27:46,6.1,6,20000,6.1,10000,0,940000
JINDALSTEL30Jan20175CE.NFO,07/01/2020,11:27:50,6.1,6,25000,6.15,15000,0,940000
JINDALSTEL30Jan20175CE.NFO,07/01/2020,11:27:54,6.1,6.05,5000,6.15,15000,0,940000
JINDALSTEL30Jan20175CE.NFO,07/01/2020,11:28:06,6.1,6,25000,6.15,15000,0,940000
JINDALSTEL30Jan20175CE.NFO,07/01/2020,11:28:10,6.1,6.05,5000,6.15,10000,0,940000
JINDALSTEL30Jan20175CE.NFO,07/01/2020,11:28:14,6.1,6.05,5000,6.15,15000,0,940000
JINDALSTEL30Jan20175CE.NFO,07/01/2020,11:28:18,6.1,6,30000,6.15,15000,0,940000
JINDALSTEL30Jan20175CE.NFO,07/01/2020,11:28:29,6.1,6.05,5000,6.15,15000,0,940000
JINDALSTEL30Jan20175CE.NFO,07/01/2020,11:28:35,6.1,6,25000,6.15,15000,0,940000
JINDALSTEL30Jan20175CE.NFO,07/01/2020,11:28:38,6.1,6.05,5000,6.15,15000,0,940000
JINDALSTEL30Jan20175CE.NFO,07/01/2020,11:28:41,6.1,6,25000,6.15,15000,0,940000
JINDALSTEL30Jan20175CE.NFO,07/01/2020,11:28:44,6.05,6,15000,6.1,10000,5000,940000
JINDALSTEL30Jan20175CE.NFO,07/01/2020,11:28:56,6.05,6,20000,6.1,5000,0,940000
JINDALSTEL30Jan20175CE.NFO,07/01/2020,11:29:00,6.05,6,20000,6.1,10000,0,940000
JINDALSTEL30Jan20175CE.NFO,07/01/2020,11:29:06,6.05,5.95,25000,6.05,10000,0,940000
JINDALSTEL30Jan20175CE.NFO,07/01/2020,11:29:11,6.05,5.95,25000,6.1,20000,0,940000
JINDALSTEL30Jan20175CE.NFO,07/01/2020,11:29:22,6.05,5.95,25000,6.05,5000,0,940000
JINDALSTEL30Jan20175CE.NFO,07/01/2020,11:29:25,6.05,5.95,25000,6.05,10000,0,940000
JINDALSTEL30Jan20175CE.NFO,07/01/2020,11:29:29,6.05,5.95,20000,6.05,5000,0,940000
JINDALSTEL30Jan20175CE.NFO,07/01/2020,11:29:40,6.05,5.95,20000,6.05,10000,0,940000
JINDALSTEL30Jan20175CE.NFO,07/01/2020,11:29:44,6.05,5.95,25000,6.1,20000,0,940000
JINDALSTEL30Jan20175CE.NFO,07/01/2020,11:29:47,6.05,6,5000,6.05,5000,0,940000
JINDALSTEL30Jan20175CE.NFO,07/01/2020,11:30:04,6.05,6,5000,6.1,15000,0,940000
JINDALSTEL30Jan20175CE.NFO,07/01/2020,11:30:11,6.05,5.95,10000,6.1,15000,0,940000
JINDALSTEL30Jan20175CE.NFO,07/01/2020,11:30:15,6.05,5.95,10000,6.05,5000,0,940000
JINDALSTEL30Jan20175CE.NFO,07/01/2020,11:30:20,6.05,5.95,10000,6.05,10000,0,940000
JINDALSTEL30Jan20175CE.NFO,07/01/2020,11:30:25,6.05,5.95,15000,6.1,15000,0,940000
JINDALSTEL30Jan20175CE.NFO,07/01/2020,11:30:32,6.05,6,5000,6.1,15000,0,940000
JINDALSTEL30Jan20175CE.NFO,07/01/2020,11:30:36,6.05,6,5000,6.05,5000,0,940000
JINDALSTEL30Jan20175CE.NFO,07/01/2020,11:30:39,6.05,6,5000,6.1,10000,0,940000
JINDALSTEL30Jan20175CE.NFO,07/01/2020,11:30:42,6.05,6,5000,6.1,5000,0,940000
JINDALSTEL30Jan20175CE.NFO,07/01/2020,11:30:52,6.05,6,15000,6.15,15000,0,940000
JINDALSTEL30Jan20175CE.NFO,07/01/2020,11:30:54,6.05,6,10000,6.1,5000,0,940000
JINDALSTEL30Jan20175CE.NFO,07/01/2020,11:30:57,6.05,6.05,5000,6.1,5000,0,940000
JINDALSTEL30Jan20175CE.NFO,07/01/2020,11:30:59,6.1,6.05,5000,6.15,10000,5000,930000
JINDALSTEL30Jan20175CE.NFO,07/01/2020,11:31:06,6.1,6,5000,6.15,20000,0,930000
JINDALSTEL30Jan20175CE.NFO,07/01/2020,11:31:39,6.1,6,5000,6.15,15000,0,930000
JINDALSTEL30Jan20175CE.NFO,07/01/2020,11:31:43,6.1,6,5000,6.1,15000,0,930000
JINDALSTEL30Jan20175CE.NFO,07/01/2020,11:31:48,6.1,6,5000,6.1,5000,0,930000
JINDALSTEL30Jan20175CE.NFO,07/01/2020,11:31:54,6.1,6.05,5000,6.15,20000,0,930000
JINDALSTEL30Jan20175CE.NFO,07/01/2020,11:32:00,6.1,6,5000,6.1,10000,0,930000
JINDALSTEL30Jan20175CE.NFO,07/01/2020,11:32:11,6.1,5.95,10000,6.1,15000,0,930000
JINDALSTEL30Jan20175CE.NFO,07/01/2020,11:32:17,6.1,6,5000,6.1,15000,0,930000
JINDALSTEL30Jan20175CE.NFO,07/01/2020,11:32:21,6.1,6,10000,6.1,15000,0,930000
JINDALSTEL30Jan20175CE.NFO,07/01/2020,11:32:30,6.1,6,5000,6.05,5000,0,930000
JINDALSTEL30Jan20175CE.NFO,07/01/2020,11:32:36,6.1,6,5000,6.1,20000,0,930000
JINDALSTEL30Jan20175CE.NFO,07/01/2020,11:32:41,6.1,6,5000,6.1,15000,0,930000
JINDALSTEL30Jan20175CE.NFO,07/01/2020,11:32:59,6.1,6,5000,6.1,20000,0,930000
JINDALSTEL30Jan20175CE.NFO,07/01/2020,11:33:23,6.1,6,5000,6.1,15000,0,930000
JINDALSTEL30Jan20175CE.NFO,07/01/2020,11:33:28,6.1,6.05,5000,6.1,10000,0,930000
JINDALSTEL30Jan20175CE.NFO,07/01/2020,11:33:32,6.1,6.05,5000,6.1,5000,0,930000
JINDALSTEL30Jan20175CE.NFO,07/01/2020,11:34:00,6.1,6.05,5000,6.15,10000,5000,930000
JINDALSTEL30Jan20175CE.NFO,07/01/2020,11:34:05,6.1,6.05,5000,6.15,10000,0,930000
JINDALSTEL30Jan20175CE.NFO,07/01/2020,11:34:12,6.15,6.1,10000,6.2,25000,5000,930000
JINDALSTEL30Jan20175CE.NFO,07/01/2020,11:34:31,6.15,6.1,5000,6.2,25000,0,930000
JINDALSTEL30Jan20175CE.NFO,07/01/2020,11:34:43,6.15,6.05,5000,6.15,10000,0,930000
JINDALSTEL30Jan20175CE.NFO,07/01/2020,11:35:00,6.15,6.15,10000,6.2,5000,0,930000
JINDALSTEL30Jan20175CE.NFO,07/01/2020,11:35:06,6.2,6.2,5000,6.3,15000,5000,930000
JINDALSTEL30Jan20175CE.NFO,07/01/2020,11:35:11,6.2,6.25,5000,6.3,10000,0,930000
JINDALSTEL30Jan20175CE.NFO,07/01/2020,11:35:23,6.2,6.25,5000,6.3,15000,0,930000
JINDALSTEL30Jan20175CE.NFO,07/01/2020,11:35:30,6.2,6.25,5000,6.3,10000,0,930000
JINDALSTEL30Jan20175CE.NFO,07/01/2020,11:35:41,6.2,6.25,10000,6.3,10000,0,930000
JINDALSTEL30Jan20175CE.NFO,07/01/2020,11:35:47,6.25,6.25,5000,6.3,10000,5000,925000
JINDALSTEL30Jan20175CE.NFO,07/01/2020,11:35:53,6.25,6.25,15000,6.3,10000,0,925000
JINDALSTEL30Jan20175CE.NFO,07/01/2020,11:35:58,6.25,6.25,5000,6.3,10000,0,925000
JINDALSTEL30Jan20175CE.NFO,07/01/2020,11:36:04,6.25,6.25,10000,6.3,10000,0,925000
JINDALSTEL30Jan20175CE.NFO,07/01/2020,11:36:09,6.25,6.2,25000,6.3,10000,0,925000
JINDALSTEL30Jan20175CE.NFO,07/01/2020,11:36:15,6.25,6.2,15000,6.3,15000,5000,925000
JINDALSTEL30Jan20175CE.NFO,07/01/2020,11:36:20,6.2,6.15,5000,6.25,10000,10000,925000
JINDALSTEL30Jan20175CE.NFO,07/01/2020,11:36:25,6.2,6.2,10000,6.3,35000,0,925000
JINDALSTEL30Jan20175CE.NFO,07/01/2020,11:36:34,6.2,6.2,5000,6.3,25000,0,925000
JINDALSTEL30Jan20175CE.NFO,07/01/2020,11:36:39,6.2,6.2,5000,6.25,10000,0,925000
JINDALSTEL30Jan20175CE.NFO,07/01/2020,11:36:49,6.2,6.1,15000,6.2,20000,5000,925000
JINDALSTEL30Jan20175CE.NFO,07/01/2020,11:36:57,6.2,6.05,10000,6.15,25000,0,925000
JINDALSTEL30Jan20175CE.NFO,07/01/2020,11:37:03,6.2,6.1,10000,6.2,20000,0,925000
JINDALSTEL30Jan20175CE.NFO,07/01/2020,11:37:08,6.2,6.05,10000,6.15,10000,0,925000
JINDALSTEL30Jan20175CE.NFO,07/01/2020,11:37:12,6.2,6.05,10000,6.15,15000,0,925000
JINDALSTEL30Jan20175CE.NFO,07/01/2020,11:37:20,6.2,6.05,10000,6.15,10000,0,925000
JINDALSTEL30Jan20175CE.NFO,07/01/2020,11:38:11,6.2,6.1,5000,6.2,25000,0,925000
JINDALSTEL30Jan20175CE.NFO,07/01/2020,11:38:35,6.2,6.1,10000,6.2,5000,0,925000
JINDALSTEL30Jan20175CE.NFO,07/01/2020,11:38:39,6.2,6.1,10000,6.2,10000,0,925000
JINDALSTEL30Jan20175CE.NFO,07/01/2020,11:38:42,6.2,6.1,5000,6.2,10000,0,925000
JINDALSTEL30Jan20175CE.NFO,07/01/2020,11:38:47,6.2,6.1,5000,6.2,20000,0,925000
JINDALSTEL30Jan20175CE.NFO,07/01/2020,11:38:51,6.2,6.1,5000,6.2,5000,0,925000
JINDALSTEL30Jan20175CE.NFO,07/01/2020,11:38:55,6.2,6.1,5000,6.2,10000,0,925000
JINDALSTEL30Jan20175CE.NFO,07/01/2020,11:39:02,6.2,6.1,5000,6.2,20000,0,925000
JINDALSTEL30Jan20175CE.NFO,07/01/2020,11:39:05,6.2,6.1,5000,6.2,15000,0,925000
JINDALSTEL30Jan20175CE.NFO,07/01/2020,11:39:11,6.2,6.15,5000,6.25,30000,0,925000
JINDALSTEL30Jan20175CE.NFO,07/01/2020,11:39:14,6.2,6.1,5000,6.2,10000,0,925000
