Ticker,Date,Time,LTP,BuyPrice,BuyQty,SellPrice,SellQty,LTQ,OpenInterest
JSWSTEEL30Jan20260PE.NFO,07/01/2020,09:15:08,6.55,6.4,4600,7.3,2300,4600,349600
JSWSTEEL30Jan20260PE.NFO,07/01/2020,09:15:08,6.55,6.4,4600,7.3,2300,0,349600
JSWSTEEL30Jan20260PE.NFO,07/01/2020,09:15:08,6.55,6.4,4600,7.3,2300,0,349600
JSWSTEEL30Jan20260PE.NFO,07/01/2020,09:15:08,6.55,6.4,4600,7.3,2300,0,349600
JSWSTEEL30Jan20260PE.NFO,07/01/2020,09:15:17,6.55,6.4,4600,6.6,4600,0,349600
JSWSTEEL30Jan20260PE.NFO,07/01/2020,09:15:27,6.55,6.25,4600,6.4,4600,0,349600
JSWSTEEL30Jan20260PE.NFO,07/01/2020,09:15:37,6.55,6.15,2300,6.3,4600,0,349600
JSWSTEEL30Jan20260PE.NFO,07/01/2020,09:15:48,6.55,6.05,4600,6.2,2300,0,349600
JSWSTEEL30Jan20260PE.NFO,07/01/2020,09:15:58,6.55,6.1,2300,6.3,4600,0,349600
JSWSTEEL30Jan20260PE.NFO,07/01/2020,09:16:09,6.55,6,11500,6.2,4600,0,349600
JSWSTEEL30Jan20260PE.NFO,07/01/2020,09:16:20,6.15,6.1,4600,6.25,2300,2300,349600
JSWSTEEL30Jan20260PE.NFO,07/01/2020,09:16:20,6.15,6.1,4600,6.25,2300,0,349600
JSWSTEEL30Jan20260PE.NFO,07/01/2020,09:16:31,6.15,6.05,2300,6.2,2300,0,349600
JSWSTEEL30Jan20260PE.NFO,07/01/2020,09:16:42,6.2,6.1,2300,6.25,6900,2300,349600
JSWSTEEL30Jan20260PE.NFO,07/01/2020,09:16:53,6.15,6,2300,6.15,4600,4600,349600
JSWSTEEL30Jan20260PE.NFO,07/01/2020,09:16:53,6.1,6,2300,6.15,4600,0,349600
JSWSTEEL30Jan20260PE.NFO,07/01/2020,09:17:03,6.15,6.05,11500,6.2,4600,2300,349600
JSWSTEEL30Jan20260PE.NFO,07/01/2020,09:17:13,5.9,5.75,11500,6.05,4600,4600,358800
JSWSTEEL30Jan20260PE.NFO,07/01/2020,09:17:13,5.9,5.75,11500,6.05,4600,0,358800
JSWSTEEL30Jan20260PE.NFO,07/01/2020,09:17:22,5.9,5.85,2300,5.95,2300,0,358800
JSWSTEEL30Jan20260PE.NFO,07/01/2020,09:17:32,5.9,5.85,2300,6,2300,0,358800
JSWSTEEL30Jan20260PE.NFO,07/01/2020,09:17:41,5.9,5.85,4600,6,2300,0,358800
JSWSTEEL30Jan20260PE.NFO,07/01/2020,09:17:51,6.05,5.95,6900,6.15,4600,4600,358800
JSWSTEEL30Jan20260PE.NFO,07/01/2020,09:18:00,6.05,5.85,4600,6.05,4600,0,358800
JSWSTEEL30Jan20260PE.NFO,07/01/2020,09:18:09,6.05,5.85,2300,6.05,4600,0,358800
JSWSTEEL30Jan20260PE.NFO,07/01/2020,09:18:17,6.15,5.95,2300,6.15,6900,9200,358800
JSWSTEEL30Jan20260PE.NFO,07/01/2020,09:18:25,6.15,5.95,2300,6.15,11500,0,358800
JSWSTEEL30Jan20260PE.NFO,07/01/2020,09:18:32,6.15,5.95,4600,6.15,4600,0,358800
JSWSTEEL30Jan20260PE.NFO,07/01/2020,09:18:39,6.15,6.1,2300,6.25,11500,0,358800
JSWSTEEL30Jan20260PE.NFO,07/01/2020,09:18:47,6.2,6.05,2300,6.25,11500,2300,358800
JSWSTEEL30Jan20260PE.NFO,07/01/2020,09:18:55,6.2,6.15,2300,6.25,2300,0,358800
JSWSTEEL30Jan20260PE.NFO,07/01/2020,09:19:02,6.2,6.05,4600,6.25,9200,0,358800
JSWSTEEL30Jan20260PE.NFO,07/01/2020,09:19:08,6.2,6.15,4600,6.3,6900,0,358800
JSWSTEEL30Jan20260PE.NFO,07/01/2020,09:19:15,6.2,6.1,2300,6.3,11500,0,358800
JSWSTEEL30Jan20260PE.NFO,07/01/2020,09:19:22,6.2,5.95,2300,6.15,11500,0,358800
JSWSTEEL30Jan20260PE.NFO,07/01/2020,09:19:29,6.2,5.95,4600,6.15,11500,0,358800
JSWSTEEL30Jan20260PE.NFO,07/01/2020,09:19:36,6.2,6,2300,6.15,6900,0,358800
JSWSTEEL30Jan20260PE.NFO,07/01/2020,09:19:43,6.2,5.95,4600,6.1,4600,0,358800
JSWSTEEL30Jan20260PE.NFO,07/01/2020,09:19:50,6.2,6,2300,6.15,11500,0,358800
JSWSTEEL30Jan20260PE.NFO,07/01/2020,09:19:57,6.2,5.95,2300,6.1,4600,0,358800
JSWSTEEL30Jan20260PE.NFO,07/01/2020,09:20:03,6.2,5.95,2300,6.1,11500,0,358800
JSWSTEEL30Jan20260PE.NFO,07/01/2020,09:20:09,6.2,6,4600,6.1,2300,0,358800
JSWSTEEL30Jan20260PE.NFO,07/01/2020,09:20:16,6.2,5.9,4600,6.05,4600,0,358800
JSWSTEEL30Jan20260PE.NFO,07/01/2020,09:20:22,6.2,5.95,4600,6.1,13800,0,358800
JSWSTEEL30Jan20260PE.NFO,07/01/2020,09:20:28,6.2,5.95,4600,6.05,2300,0,358800
JSWSTEEL30Jan20260PE.NFO,07/01/2020,09:20:35,6.2,5.95,4600,6.1,9200,0,358800
JSWSTEEL30Jan20260PE.NFO,07/01/2020,09:20:47,6.05,5.9,2300,6.05,6900,2300,354200
JSWSTEEL30Jan20260PE.NFO,07/01/2020,09:21:00,6.05,5.85,4600,6,4600,0,354200
JSWSTEEL30Jan20260PE.NFO,07/01/2020,09:21:08,6.05,6,2300,6.1,2300,0,354200
JSWSTEEL30Jan20260PE.NFO,07/01/2020,09:21:15,6.1,6,2300,6.1,6900,2300,354200
JSWSTEEL30Jan20260PE.NFO,07/01/2020,09:21:23,6.1,5.85,4600,6,9200,0,354200
JSWSTEEL30Jan20260PE.NFO,07/01/2020,09:21:30,6.1,5.95,2300,6.05,6900,0,354200
JSWSTEEL30Jan20260PE.NFO,07/01/2020,09:21:36,6.1,5.95,2300,6.05,4600,0,354200
JSWSTEEL30Jan20260PE.NFO,07/01/2020,09:21:42,6.1,5.85,4600,6,9200,0,354200
JSWSTEEL30Jan20260PE.NFO,07/01/2020,09:21:49,6.1,5.8,6900,6,9200,0,354200
JSWSTEEL30Jan20260PE.NFO,07/01/2020,09:21:56,6.1,5.85,4600,6,9200,0,354200
JSWSTEEL30Jan20260PE.NFO,07/01/2020,09:22:02,6.1,5.85,6900,6,9200,0,354200
JSWSTEEL30Jan20260PE.NFO,07/01/2020,09:22:09,6.1,5.9,4600,6.05,11500,0,354200
JSWSTEEL30Jan20260PE.NFO,07/01/2020,09:22:16,6.1,5.95,4600,6.1,11500,0,354200
JSWSTEEL30Jan20260PE.NFO,07/01/2020,09:22:23,6.1,5.95,4600,6.1,9200,0,354200
JSWSTEEL30Jan20260PE.NFO,07/01/2020,09:22:30,6.1,6,2300,6.15,11500,0,354200
JSWSTEEL30Jan20260PE.NFO,07/01/2020,09:22:43,6.1,6.05,4600,6.15,4600,0,354200
JSWSTEEL30Jan20260PE.NFO,07/01/2020,09:22:49,6.1,6,2300,6.15,13800,0,354200
JSWSTEEL30Jan20260PE.NFO,07/01/2020,09:22:56,6.1,5.95,2300,6.1,13800,0,354200
JSWSTEEL30Jan20260PE.NFO,07/01/2020,09:23:02,6.1,5.9,4600,6.05,9200,0,354200
JSWSTEEL30Jan20260PE.NFO,07/01/2020,09:23:08,6.1,5.9,6900,6.05,11500,0,354200
JSWSTEEL30Jan20260PE.NFO,07/01/2020,09:23:13,6.1,5.95,2300,6.05,6900,0,354200
JSWSTEEL30Jan20260PE.NFO,07/01/2020,09:23:19,6.1,5.9,6900,6.05,4600,0,354200
JSWSTEEL30Jan20260PE.NFO,07/01/2020,09:23:25,5.9,5.8,6900,5.95,2300,2300,354200
JSWSTEEL30Jan20260PE.NFO,07/01/2020,09:23:31,5.9,5.8,4600,6,13800,0,354200
JSWSTEEL30Jan20260PE.NFO,07/01/2020,09:23:37,5.9,5.8,4600,5.95,2300,0,354200
JSWSTEEL30Jan20260PE.NFO,07/01/2020,09:23:44,5.9,5.9,4600,6.05,9200,0,354200
JSWSTEEL30Jan20260PE.NFO,07/01/2020,09:23:50,5.9,5.9,6900,6.05,2300,0,354200
JSWSTEEL30Jan20260PE.NFO,07/01/2020,09:24:02,5.9,5.9,4600,6.05,11500,0,354200
JSWSTEEL30Jan20260PE.NFO,07/01/2020,09:24:08,5.9,5.95,4600,6.1,13800,0,354200
JSWSTEEL30Jan20260PE.NFO,07/01/2020,09:24:13,5.9,6,2300,6.1,2300,0,354200
JSWSTEEL30Jan20260PE.NFO,07/01/2020,09:24:19,5.9,6,2300,6.15,11500,0,354200
JSWSTEEL30Jan20260PE.NFO,07/01/2020,09:24:25,5.9,5.95,6900,6.1,2300,0,354200
JSWSTEEL30Jan20260PE.NFO,07/01/2020,09:24:31,5.9,6,4600,6.15,9200,0,354200
JSWSTEEL30Jan20260PE.NFO,07/01/2020,09:24:36,5.9,6,2300,6.15,13800,0,354200
JSWSTEEL30Jan20260PE.NFO,07/01/2020,09:24:42,5.9,6,4600,6.15,9200,0,354200
JSWSTEEL30Jan20260PE.NFO,07/01/2020,09:24:47,5.9,6,4600,6.15,13800,0,354200
JSWSTEEL30Jan20260PE.NFO,07/01/2020,09:24:52,5.9,6.05,4600,6.2,9200,0,354200
JSWSTEEL30Jan20260PE.NFO,07/01/2020,09:24:58,5.9,6.1,2300,6.2,2300,0,354200
JSWSTEEL30Jan20260PE.NFO,07/01/2020,09:25:10,5.9,6.05,4600,6.2,4600,0,354200
JSWSTEEL30Jan20260PE.NFO,07/01/2020,09:25:17,5.9,6.05,4600,6.15,2300,0,354200
JSWSTEEL30Jan20260PE.NFO,07/01/2020,09:25:23,5.9,6.05,4600,6.2,6900,0,354200
JSWSTEEL30Jan20260PE.NFO,07/01/2020,09:25:30,5.9,6.2,2300,6.25,2300,0,354200
JSWSTEEL30Jan20260PE.NFO,07/01/2020,09:25:36,6.25,6.15,2300,6.25,2300,2300,354200
JSWSTEEL30Jan20260PE.NFO,07/01/2020,09:25:42,6.25,6.15,2300,6.25,2300,0,354200
JSWSTEEL30Jan20260PE.NFO,07/01/2020,09:25:49,6.25,6.15,4600,6.25,4600,0,354200
JSWSTEEL30Jan20260PE.NFO,07/01/2020,09:26:02,6.25,6.2,2300,6.35,9200,0,354200
JSWSTEEL30Jan20260PE.NFO,07/01/2020,09:26:10,6.25,6.2,2300,6.3,6900,0,354200
JSWSTEEL30Jan20260PE.NFO,07/01/2020,09:26:16,6.25,6.15,6900,6.3,11500,0,354200
JSWSTEEL30Jan20260PE.NFO,07/01/2020,09:26:22,6.25,6.15,6900,6.3,13800,0,354200
JSWSTEEL30Jan20260PE.NFO,07/01/2020,09:26:28,6.25,6.1,2300,6.2,2300,0,354200
JSWSTEEL30Jan20260PE.NFO,07/01/2020,09:26:34,6.25,6.05,2300,6.15,9200,0,354200
JSWSTEEL30Jan20260PE.NFO,07/01/2020,09:26:40,6.25,6.1,2300,6.2,6900,0,354200
JSWSTEEL30Jan20260PE.NFO,07/01/2020,09:26:45,6.25,6.05,9200,6.2,4600,0,354200
JSWSTEEL30Jan20260PE.NFO,07/01/2020,09:26:51,6.25,6.1,4600,6.25,9200,0,354200
JSWSTEEL30Jan20260PE.NFO,07/01/2020,09:26:56,6.25,6.05,4600,6.15,4600,0,354200
JSWSTEEL30Jan20260PE.NFO,07/01/2020,09:27:03,6.25,6.1,2300,6.25,11500,0,354200
JSWSTEEL30Jan20260PE.NFO,07/01/2020,09:27:08,6.25,6.1,2300,6.2,6900,0,354200
JSWSTEEL30Jan20260PE.NFO,07/01/2020,09:27:13,6.25,6.05,6900,6.2,11500,0,354200
JSWSTEEL30Jan20260PE.NFO,07/01/2020,09:27:19,6.25,6.1,2300,6.2,4600,0,354200
JSWSTEEL30Jan20260PE.NFO,07/01/2020,09:27:25,6.25,6.1,6900,6.25,6900,0,354200
JSWSTEEL30Jan20260PE.NFO,07/01/2020,09:27:30,6.25,6.15,4600,6.25,2300,0,354200
JSWSTEEL30Jan20260PE.NFO,07/01/2020,09:27:36,6.25,6.15,2300,6.3,11500,0,354200
JSWSTEEL30Jan20260PE.NFO,07/01/2020,09:27:42,6.25,6.15,6900,6.3,11500,0,354200
JSWSTEEL30Jan20260PE.NFO,07/01/2020,09:27:56,6.25,6.15,2300,6.25,2300,0,354200
JSWSTEEL30Jan20260PE.NFO,07/01/2020,09:28:09,6.25,6.2,4600,6.3,2300,2300,356500
JSWSTEEL30Jan20260PE.NFO,07/01/2020,09:28:15,6.25,6.2,4600,6.3,2300,0,356500
JSWSTEEL30Jan20260PE.NFO,07/01/2020,09:28:26,6.25,6.2,4600,6.3,4600,0,356500
JSWSTEEL30Jan20260PE.NFO,07/01/2020,09:28:32,6.25,6.15,6900,6.3,9200,0,356500
JSWSTEEL30Jan20260PE.NFO,07/01/2020,09:28:37,6.25,6.1,4600,6.25,6900,0,356500
JSWSTEEL30Jan20260PE.NFO,07/01/2020,09:28:47,6.25,6.15,4600,6.25,2300,0,356500
JSWSTEEL30Jan20260PE.NFO,07/01/2020,09:28:53,6.25,6.2,2300,6.3,11500,0,356500
JSWSTEEL30Jan20260PE.NFO,07/01/2020,09:29:04,6.25,6.1,2300,6.2,2300,0,356500
JSWSTEEL30Jan20260PE.NFO,07/01/2020,09:29:10,6.25,6.1,6900,6.2,2300,0,356500
JSWSTEEL30Jan20260PE.NFO,07/01/2020,09:29:21,6.25,6.1,6900,6.25,4600,0,356500
JSWSTEEL30Jan20260PE.NFO,07/01/2020,09:29:26,6.25,6.15,4600,6.25,6900,0,356500
JSWSTEEL30Jan20260PE.NFO,07/01/2020,09:29:32,6.25,6.15,2300,6.25,6900,0,356500
JSWSTEEL30Jan20260PE.NFO,07/01/2020,09:29:38,6.25,6.15,4600,6.25,6900,0,356500
JSWSTEEL30Jan20260PE.NFO,07/01/2020,09:29:43,6.25,6.15,2300,6.25,6900,0,356500
JSWSTEEL30Jan20260PE.NFO,07/01/2020,09:29:48,6.25,6.1,2300,6.2,2300,0,356500
JSWSTEEL30Jan20260PE.NFO,07/01/2020,09:29:52,6.25,6.05,6900,6.2,11500,0,356500
JSWSTEEL30Jan20260PE.NFO,07/01/2020,09:30:05,6.05,5.95,9200,6.1,2300,2300,354200
JSWSTEEL30Jan20260PE.NFO,07/01/2020,09:30:11,6.05,6,9200,6.15,4600,0,354200
JSWSTEEL30Jan20260PE.NFO,07/01/2020,09:30:26,6.05,5.95,4600,6.1,6900,0,354200
JSWSTEEL30Jan20260PE.NFO,07/01/2020,09:30:31,6.05,5.95,4600,6.1,11500,0,354200
JSWSTEEL30Jan20260PE.NFO,07/01/2020,09:30:36,6.05,5.9,6900,6.05,4600,0,354200
JSWSTEEL30Jan20260PE.NFO,07/01/2020,09:30:46,6.05,5.9,6900,6.05,13800,0,354200
JSWSTEEL30Jan20260PE.NFO,07/01/2020,09:30:51,6.05,5.9,6900,6,2300,0,354200
JSWSTEEL30Jan20260PE.NFO,07/01/2020,09:31:00,6.05,5.85,4600,6,11500,0,354200
JSWSTEEL30Jan20260PE.NFO,07/01/2020,09:31:06,6.05,5.8,6900,5.95,6900,0,354200
JSWSTEEL30Jan20260PE.NFO,07/01/2020,09:31:12,6.05,5.8,2300,5.9,2300,0,354200
JSWSTEEL30Jan20260PE.NFO,07/01/2020,09:31:19,6.05,5.8,4600,5.95,9200,0,354200
JSWSTEEL30Jan20260PE.NFO,07/01/2020,09:31:25,6.05,5.9,2300,6,9200,0,354200
JSWSTEEL30Jan20260PE.NFO,07/01/2020,09:31:30,5.9,5.85,4600,5.95,11500,2300,354200
JSWSTEEL30Jan20260PE.NFO,07/01/2020,09:31:35,5.9,5.85,4600,5.9,2300,0,354200
JSWSTEEL30Jan20260PE.NFO,07/01/2020,09:31:41,5.85,5.85,6900,5.95,4600,2300,354200
JSWSTEEL30Jan20260PE.NFO,07/01/2020,09:31:41,5.85,5.85,6900,5.95,4600,0,354200
JSWSTEEL30Jan20260PE.NFO,07/01/2020,09:31:47,5.85,5.85,6900,5.95,2300,0,354200
JSWSTEEL30Jan20260PE.NFO,07/01/2020,09:31:57,5.85,5.85,2300,5.9,4600,0,354200
JSWSTEEL30Jan20260PE.NFO,07/01/2020,09:32:03,5.85,5.75,13800,5.85,2300,2300,354200
JSWSTEEL30Jan20260PE.NFO,07/01/2020,09:32:09,5.85,5.8,4600,5.9,2300,0,354200
JSWSTEEL30Jan20260PE.NFO,07/01/2020,09:32:14,5.85,5.75,2300,5.8,2300,0,354200
JSWSTEEL30Jan20260PE.NFO,07/01/2020,09:32:32,5.75,5.75,4600,5.85,4600,2300,351900
JSWSTEEL30Jan20260PE.NFO,07/01/2020,09:32:32,5.75,5.75,4600,5.85,4600,0,351900
JSWSTEEL30Jan20260PE.NFO,07/01/2020,09:32:38,5.75,5.75,6900,5.85,2300,0,351900
JSWSTEEL30Jan20260PE.NFO,07/01/2020,09:32:50,5.75,5.75,9200,5.85,2300,0,351900
JSWSTEEL30Jan20260PE.NFO,07/01/2020,09:32:55,5.75,5.8,4600,5.9,2300,0,351900
JSWSTEEL30Jan20260PE.NFO,07/01/2020,09:33:01,5.9,5.85,2300,6,11500,2300,351900
JSWSTEEL30Jan20260PE.NFO,07/01/2020,09:33:07,5.9,5.95,2300,6,4600,0,351900
JSWSTEEL30Jan20260PE.NFO,07/01/2020,09:33:12,5.9,5.9,9200,6,4600,0,351900
JSWSTEEL30Jan20260PE.NFO,07/01/2020,09:33:18,6,6,2300,6.1,2300,2300,351900
JSWSTEEL30Jan20260PE.NFO,07/01/2020,09:33:23,6,6.05,2300,6.1,2300,0,351900
JSWSTEEL30Jan20260PE.NFO,07/01/2020,09:33:28,6,6,6900,6.1,2300,0,351900
JSWSTEEL30Jan20260PE.NFO,07/01/2020,09:33:33,6,6,4600,6.1,2300,0,351900
JSWSTEEL30Jan20260PE.NFO,07/01/2020,09:33:38,6,5.95,9200,6.05,2300,0,351900
JSWSTEEL30Jan20260PE.NFO,07/01/2020,09:33:44,6,5.95,6900,6.05,2300,0,351900
JSWSTEEL30Jan20260PE.NFO,07/01/2020,09:33:49,6,6,2300,6.05,2300,0,351900
JSWSTEEL30Jan20260PE.NFO,07/01/2020,09:33:53,6,5.95,4600,6.05,2300,0,351900
JSWSTEEL30Jan20260PE.NFO,07/01/2020,09:34:07,6,6,2300,6.05,2300,0,351900
JSWSTEEL30Jan20260PE.NFO,07/01/2020,09:34:13,6,6,2300,6.1,4600,0,351900
JSWSTEEL30Jan20260PE.NFO,07/01/2020,09:34:23,6,6.05,2300,6.15,2300,0,351900
JSWSTEEL30Jan20260PE.NFO,07/01/2020,09:34:28,6,6.05,4600,6.15,2300,0,351900
JSWSTEEL30Jan20260PE.NFO,07/01/2020,09:34:34,6,6.1,4600,6.2,2300,0,351900
JSWSTEEL30Jan20260PE.NFO,07/01/2020,09:34:41,6,6.15,2300,6.25,6900,0,351900
JSWSTEEL30Jan20260PE.NFO,07/01/2020,09:34:46,6,6.15,4600,6.25,2300,0,351900
JSWSTEEL30Jan20260PE.NFO,07/01/2020,09:34:51,6,6.15,2300,6.25,6900,0,351900
JSWSTEEL30Jan20260PE.NFO,07/01/2020,09:34:57,6,6.15,2300,6.25,9200,0,351900
JSWSTEEL30Jan20260PE.NFO,07/01/2020,09:35:08,6,6.2,2300,6.25,2300,0,351900
JSWSTEEL30Jan20260PE.NFO,07/01/2020,09:35:13,6.25,6.25,2300,6.3,2300,2300,351900
JSWSTEEL30Jan20260PE.NFO,07/01/2020,09:35:18,6.25,6.2,9200,6.3,4600,0,351900
JSWSTEEL30Jan20260PE.NFO,07/01/2020,09:35:22,6.25,6.2,4600,6.3,4600,0,351900
JSWSTEEL30Jan20260PE.NFO,07/01/2020,09:35:32,6.25,6.2,6900,6.3,4600,0,351900
JSWSTEEL30Jan20260PE.NFO,07/01/2020,09:35:37,6.25,6.2,6900,6.3,2300,0,351900
JSWSTEEL30Jan20260PE.NFO,07/01/2020,09:35:43,6.3,6.3,2300,6.4,2300,2300,351900
JSWSTEEL30Jan20260PE.NFO,07/01/2020,09:35:50,6.3,6.3,9200,6.45,4600,0,351900
JSWSTEEL30Jan20260PE.NFO,07/01/2020,09:35:56,6.3,6.35,2300,6.4,2300,0,351900
JSWSTEEL30Jan20260PE.NFO,07/01/2020,09:36:01,6.3,6.3,6900,6.4,4600,0,351900
JSWSTEEL30Jan20260PE.NFO,07/01/2020,09:36:07,6.3,6.3,2300,6.4,6900,0,351900
JSWSTEEL30Jan20260PE.NFO,07/01/2020,09:36:12,6.3,6.2,6900,6.35,11500,0,351900
JSWSTEEL30Jan20260PE.NFO,07/01/2020,09:36:19,6.3,6.25,4600,6.35,4600,0,351900
JSWSTEEL30Jan20260PE.NFO,07/01/2020,09:36:24,6.3,6.2,11500,6.35,4600,0,351900
JSWSTEEL30Jan20260PE.NFO,07/01/2020,09:36:33,6.3,6.2,2300,6.3,4600,0,351900
JSWSTEEL30Jan20260PE.NFO,07/01/2020,09:36:38,6.3,6.15,9200,6.3,6900,0,351900
JSWSTEEL30Jan20260PE.NFO,07/01/2020,09:36:43,6.3,6.2,2300,6.3,4600,0,351900
JSWSTEEL30Jan20260PE.NFO,07/01/2020,09:36:52,6.3,6.2,4600,6.3,4600,0,351900
JSWSTEEL30Jan20260PE.NFO,07/01/2020,09:37:02,6.3,6.2,4600,6.3,6900,0,351900
JSWSTEEL30Jan20260PE.NFO,07/01/2020,09:37:06,6.3,6.2,6900,6.3,6900,0,351900
JSWSTEEL30Jan20260PE.NFO,07/01/2020,09:37:11,6.3,6.25,2300,6.35,11500,0,351900
JSWSTEEL30Jan20260PE.NFO,07/01/2020,09:37:16,6.3,6.25,4600,6.35,4600,0,351900
JSWSTEEL30Jan20260PE.NFO,07/01/2020,09:37:19,6.3,6.25,4600,6.35,2300,0,351900
JSWSTEEL30Jan20260PE.NFO,07/01/2020,09:37:24,6.3,6.25,2300,6.35,6900,0,351900
JSWSTEEL30Jan20260PE.NFO,07/01/2020,09:37:34,6.3,6.25,2300,6.35,4600,0,351900
JSWSTEEL30Jan20260PE.NFO,07/01/2020,09:37:42,6.3,6.2,11500,6.35,9200,0,351900
JSWSTEEL30Jan20260PE.NFO,07/01/2020,09:37:46,6.3,6.2,6900,6.3,2300,0,351900
JSWSTEEL30Jan20260PE.NFO,07/01/2020,09:37:54,6.3,6.15,11500,6.3,4600,0,351900
JSWSTEEL30Jan20260PE.NFO,07/01/2020,09:38:03,6.3,6.15,4600,6.25,2300,0,351900
JSWSTEEL30Jan20260PE.NFO,07/01/2020,09:38:12,6.3,6.2,2300,6.3,16100,0,351900
JSWSTEEL30Jan20260PE.NFO,07/01/2020,09:38:17,6.3,6.15,4600,6.25,2300,0,351900
JSWSTEEL30Jan20260PE.NFO,07/01/2020,09:38:20,6.3,6.15,6900,6.25,4600,0,351900
JSWSTEEL30Jan20260PE.NFO,07/01/2020,09:38:25,6.3,6.15,4600,6.3,13800,0,351900
JSWSTEEL30Jan20260PE.NFO,07/01/2020,09:38:29,6.3,6.15,4600,6.3,16100,0,351900
JSWSTEEL30Jan20260PE.NFO,07/01/2020,09:38:33,6.3,6.15,2300,6.3,13800,0,351900
JSWSTEEL30Jan20260PE.NFO,07/01/2020,09:38:42,6.3,6.15,2300,6.25,9200,0,351900
JSWSTEEL30Jan20260PE.NFO,07/01/2020,09:38:46,6.3,6.15,2300,6.3,16100,0,351900
JSWSTEEL30Jan20260PE.NFO,07/01/2020,09:38:51,6.2,6.1,4600,6.25,13800,2300,349600
JSWSTEEL30Jan20260PE.NFO,07/01/2020,09:38:55,6.2,6.1,4600,6.25,13800,0,349600
JSWSTEEL30Jan20260PE.NFO,07/01/2020,09:39:03,6.2,6.05,16100,6.2,4600,0,349600
JSWSTEEL30Jan20260PE.NFO,07/01/2020,09:39:08,6.2,6.1,6900,6.25,18400,2300,349600
JSWSTEEL30Jan20260PE.NFO,07/01/2020,09:39:12,6.2,6.1,6900,6.25,18400,0,349600
JSWSTEEL30Jan20260PE.NFO,07/01/2020,09:39:17,6.2,6.15,4600,6.25,11500,0,349600
JSWSTEEL30Jan20260PE.NFO,07/01/2020,09:39:22,6.2,6.1,6900,6.2,6900,0,349600
JSWSTEEL30Jan20260PE.NFO,07/01/2020,09:39:26,6.2,6.1,4600,6.2,4600,0,349600
JSWSTEEL30Jan20260PE.NFO,07/01/2020,09:39:31,6.2,6.1,4600,6.25,18400,0,349600
JSWSTEEL30Jan20260PE.NFO,07/01/2020,09:39:35,6.2,6.15,2300,6.25,9200,0,349600
JSWSTEEL30Jan20260PE.NFO,07/01/2020,09:39:55,6.2,6.15,6900,6.3,11500,0,349600
JSWSTEEL30Jan20260PE.NFO,07/01/2020,09:40:04,6.2,6.15,2300,6.25,4600,0,349600
JSWSTEEL30Jan20260PE.NFO,07/01/2020,09:40:10,6.2,6.1,6900,6.25,13800,0,349600
JSWSTEEL30Jan20260PE.NFO,07/01/2020,09:40:20,6.2,6.2,2300,6.35,11500,0,349600
JSWSTEEL30Jan20260PE.NFO,07/01/2020,09:40:25,6.2,6.2,2300,6.3,2300,0,349600
JSWSTEEL30Jan20260PE.NFO,07/01/2020,09:40:35,6.2,6.2,4600,6.3,2300,0,349600
JSWSTEEL30Jan20260PE.NFO,07/01/2020,09:40:45,6.2,6.2,2300,6.3,2300,0,349600
JSWSTEEL30Jan20260PE.NFO,07/01/2020,09:40:58,6.2,6.2,6900,6.35,9200,0,349600
JSWSTEEL30Jan20260PE.NFO,07/01/2020,09:41:04,6.2,6.2,6900,6.3,2300,0,349600
JSWSTEEL30Jan20260PE.NFO,07/01/2020,09:41:28,6.2,6.3,2300,6.4,2300,0,349600
JSWSTEEL30Jan20260PE.NFO,07/01/2020,09:41:33,6.2,6.25,6900,6.4,16100,0,349600
JSWSTEEL30Jan20260PE.NFO,07/01/2020,09:41:38,6.2,6.25,2300,6.35,16100,0,349600
JSWSTEEL30Jan20260PE.NFO,07/01/2020,09:41:43,6.25,6.2,4600,6.3,2300,2300,349600
JSWSTEEL30Jan20260PE.NFO,07/01/2020,09:41:47,6.25,6.15,16100,6.3,2300,0,349600
JSWSTEEL30Jan20260PE.NFO,07/01/2020,09:41:53,6.25,6.15,18400,6.3,2300,0,349600
JSWSTEEL30Jan20260PE.NFO,07/01/2020,09:41:59,6.25,6.25,2300,6.4,13800,0,349600
JSWSTEEL30Jan20260PE.NFO,07/01/2020,09:42:06,6.25,6.3,2300,6.4,11500,0,349600
JSWSTEEL30Jan20260PE.NFO,07/01/2020,09:42:12,6.25,6.3,2300,6.4,13800,0,349600
JSWSTEEL30Jan20260PE.NFO,07/01/2020,09:42:25,6.25,6.25,9200,6.4,16100,0,349600
JSWSTEEL30Jan20260PE.NFO,07/01/2020,09:42:32,6.25,6.2,18400,6.35,2300,0,349600
JSWSTEEL30Jan20260PE.NFO,07/01/2020,09:42:39,6.25,6.2,2300,6.35,16100,0,349600
JSWSTEEL30Jan20260PE.NFO,07/01/2020,09:42:46,6.25,6.3,2300,6.4,2300,0,349600
JSWSTEEL30Jan20260PE.NFO,07/01/2020,09:42:52,6.25,6.25,6900,6.4,16100,0,349600
JSWSTEEL30Jan20260PE.NFO,07/01/2020,09:42:59,6.25,6.3,2300,6.4,16100,0,349600
JSWSTEEL30Jan20260PE.NFO,07/01/2020,09:43:04,6.25,6.2,6900,6.35,13800,0,349600
JSWSTEEL30Jan20260PE.NFO,07/01/2020,09:43:10,6.25,6.25,4600,6.4,16100,0,349600
JSWSTEEL30Jan20260PE.NFO,07/01/2020,09:43:15,6.25,6.25,4600,6.4,11500,0,349600
JSWSTEEL30Jan20260PE.NFO,07/01/2020,09:43:20,6.25,6.25,2300,6.35,4600,0,349600
JSWSTEEL30Jan20260PE.NFO,07/01/2020,09:43:26,6.25,6.2,9200,6.35,9200,0,349600
JSWSTEEL30Jan20260PE.NFO,07/01/2020,09:43:45,6.25,6.2,2300,6.3,11500,0,349600
JSWSTEEL30Jan20260PE.NFO,07/01/2020,09:43:49,6.25,6.2,6900,6.35,11500,0,349600
JSWSTEEL30Jan20260PE.NFO,07/01/2020,09:43:54,6.25,6.2,4600,6.3,6900,0,349600
JSWSTEEL30Jan20260PE.NFO,07/01/2020,09:43:58,6.2,6.2,4600,6.35,13800,2300,349600
JSWSTEEL30Jan20260PE.NFO,07/01/2020,09:44:03,6.2,6.1,9200,6.25,9200,0,349600
JSWSTEEL30Jan20260PE.NFO,07/01/2020,09:44:09,6.2,6.1,2300,6.2,2300,0,349600
JSWSTEEL30Jan20260PE.NFO,07/01/2020,09:44:14,6.2,6,9200,6.15,9200,0,349600
JSWSTEEL30Jan20260PE.NFO,07/01/2020,09:44:20,6.2,6.05,2300,6.2,18400,0,349600
JSWSTEEL30Jan20260PE.NFO,07/01/2020,09:44:25,6.2,6.05,6900,6.2,11500,0,349600
JSWSTEEL30Jan20260PE.NFO,07/01/2020,09:44:31,6.2,6.1,2300,6.25,16100,0,349600
JSWSTEEL30Jan20260PE.NFO,07/01/2020,09:44:36,6.2,6.1,4600,6.25,16100,0,349600
JSWSTEEL30Jan20260PE.NFO,07/01/2020,09:44:41,6.2,6.15,2300,6.3,9200,0,349600
JSWSTEEL30Jan20260PE.NFO,07/01/2020,09:44:46,6.2,6.15,2300,6.25,2300,0,349600
JSWSTEEL30Jan20260PE.NFO,07/01/2020,09:44:51,6.2,6.15,2300,6.3,11500,0,349600
JSWSTEEL30Jan20260PE.NFO,07/01/2020,09:44:55,6.2,6.1,9200,6.25,2300,0,349600
JSWSTEEL30Jan20260PE.NFO,07/01/2020,09:45:00,6.2,6.1,9200,6.25,4600,0,349600
JSWSTEEL30Jan20260PE.NFO,07/01/2020,09:45:07,6.2,6.1,6900,6.25,13800,0,349600
JSWSTEEL30Jan20260PE.NFO,07/01/2020,09:45:14,6.2,6.1,2300,6.25,16100,0,349600
JSWSTEEL30Jan20260PE.NFO,07/01/2020,09:45:20,6.2,6.1,2300,6.2,2300,0,349600
JSWSTEEL30Jan20260PE.NFO,07/01/2020,09:45:26,6.2,6.1,4600,6.25,16100,0,349600
JSWSTEEL30Jan20260PE.NFO,07/01/2020,09:45:32,6.2,6.05,9200,6.2,9200,0,349600
JSWSTEEL30Jan20260PE.NFO,07/01/2020,09:45:38,6.2,6.05,4600,6.2,9200,0,349600
JSWSTEEL30Jan20260PE.NFO,07/01/2020,09:46:00,6.2,6.05,6900,6.2,16100,0,349600
JSWSTEEL30Jan20260PE.NFO,07/01/2020,09:46:11,6.2,6.05,6900,6.2,13800,0,349600
JSWSTEEL30Jan20260PE.NFO,07/01/2020,09:46:17,6.2,6.05,9200,6.2,9200,0,349600
JSWSTEEL30Jan20260PE.NFO,07/01/2020,09:46:21,6.2,6.05,6900,6.2,9200,0,349600
JSWSTEEL30Jan20260PE.NFO,07/01/2020,09:46:26,6.2,6.05,9200,6.2,4600,0,349600
JSWSTEEL30Jan20260PE.NFO,07/01/2020,09:46:31,6.2,6.05,13800,6.2,4600,0,349600
JSWSTEEL30Jan20260PE.NFO,07/01/2020,09:46:37,6.2,6.1,2300,6.2,9200,0,349600
JSWSTEEL30Jan20260PE.NFO,07/01/2020,09:46:41,6.2,6.1,2300,6.2,11500,0,349600
JSWSTEEL30Jan20260PE.NFO,07/01/2020,09:46:46,6.2,6.1,2300,6.2,9200,0,349600
JSWSTEEL30Jan20260PE.NFO,07/01/2020,09:46:59,6.2,6.1,2300,6.25,16100,0,349600
JSWSTEEL30Jan20260PE.NFO,07/01/2020,09:47:13,6.2,6.1,4600,6.25,16100,0,349600
JSWSTEEL30Jan20260PE.NFO,07/01/2020,09:47:25,6.2,6.1,2300,6.2,9200,0,349600
JSWSTEEL30Jan20260PE.NFO,07/01/2020,09:47:30,6.2,6.1,2300,6.2,6900,0,349600
JSWSTEEL30Jan20260PE.NFO,07/01/2020,09:47:39,6.2,6.1,2300,6.2,13800,0,349600
JSWSTEEL30Jan20260PE.NFO,07/01/2020,09:47:52,6.2,6.1,2300,6.2,6900,0,349600
JSWSTEEL30Jan20260PE.NFO,07/01/2020,09:47:56,6.2,6.1,2300,6.15,4600,0,349600
JSWSTEEL30Jan20260PE.NFO,07/01/2020,09:48:07,6.2,6.1,2300,6.15,6900,0,349600
JSWSTEEL30Jan20260PE.NFO,07/01/2020,09:48:16,6.2,6.1,2300,6.15,4600,0,349600
JSWSTEEL30Jan20260PE.NFO,07/01/2020,09:48:19,6.1,6,6900,6.15,9200,2300,347300
JSWSTEEL30Jan20260PE.NFO,07/01/2020,09:48:27,6.1,6.05,2300,6.15,6900,0,347300
JSWSTEEL30Jan20260PE.NFO,07/01/2020,09:48:31,6.1,6.05,9200,6.2,16100,0,347300
JSWSTEEL30Jan20260PE.NFO,07/01/2020,09:48:35,6.1,6.05,6900,6.2,16100,0,347300
JSWSTEEL30Jan20260PE.NFO,07/01/2020,09:48:40,6.1,6.05,2300,6.15,6900,0,347300
JSWSTEEL30Jan20260PE.NFO,07/01/2020,09:48:44,6.1,6,9200,6.15,13800,0,347300
JSWSTEEL30Jan20260PE.NFO,07/01/2020,09:48:49,6.1,6,2300,6.15,16100,0,347300
JSWSTEEL30Jan20260PE.NFO,07/01/2020,09:48:56,6.1,6,6900,6.15,16100,0,347300
JSWSTEEL30Jan20260PE.NFO,07/01/2020,09:49:00,6.1,6,9200,6.15,16100,0,347300
JSWSTEEL30Jan20260PE.NFO,07/01/2020,09:49:15,6.1,5.95,6900,6,2300,0,347300
JSWSTEEL30Jan20260PE.NFO,07/01/2020,09:49:19,6,6,9200,6.1,2300,2300,347300
JSWSTEEL30Jan20260PE.NFO,07/01/2020,09:49:25,6,6,9200,6.15,6900,0,347300
JSWSTEEL30Jan20260PE.NFO,07/01/2020,09:49:32,6,6,9200,6.1,2300,0,347300
JSWSTEEL30Jan20260PE.NFO,07/01/2020,09:49:47,6,5.95,11500,6.1,4600,0,347300
JSWSTEEL30Jan20260PE.NFO,07/01/2020,09:49:52,6,6,2300,6.1,2300,0,347300
JSWSTEEL30Jan20260PE.NFO,07/01/2020,09:49:57,6,6,9200,6.1,2300,0,347300
JSWSTEEL30Jan20260PE.NFO,07/01/2020,09:50:01,6,6,6900,6.1,2300,0,347300
JSWSTEEL30Jan20260PE.NFO,07/01/2020,09:50:07,6,6,9200,6.1,2300,0,347300
JSWSTEEL30Jan20260PE.NFO,07/01/2020,09:50:12,6,6,11500,6.1,2300,0,347300
JSWSTEEL30Jan20260PE.NFO,07/01/2020,09:50:17,6,6.05,2300,6.15,2300,0,347300
JSWSTEEL30Jan20260PE.NFO,07/01/2020,09:50:22,6,6,11500,6.15,4600,0,347300
JSWSTEEL30Jan20260PE.NFO,07/01/2020,09:50:27,6,6,6900,6.15,4600,0,347300
JSWSTEEL30Jan20260PE.NFO,07/01/2020,09:50:32,6,6.05,4600,6.2,11500,0,347300
JSWSTEEL30Jan20260PE.NFO,07/01/2020,09:50:37,6,6,11500,6.15,6900,0,347300
JSWSTEEL30Jan20260PE.NFO,07/01/2020,09:50:48,6,6.05,2300,6.15,2300,0,347300
JSWSTEEL30Jan20260PE.NFO,07/01/2020,09:50:54,6,6,16100,6.15,6900,0,347300
JSWSTEEL30Jan20260PE.NFO,07/01/2020,09:50:58,6,6,16100,6.15,4600,0,347300
JSWSTEEL30Jan20260PE.NFO,07/01/2020,09:51:03,6,6,16100,6.15,2300,0,347300
JSWSTEEL30Jan20260PE.NFO,07/01/2020,09:51:08,6,6.05,2300,6.15,2300,0,347300
JSWSTEEL30Jan20260PE.NFO,07/01/2020,09:51:13,6,6.05,6900,6.2,16100,0,347300
JSWSTEEL30Jan20260PE.NFO,07/01/2020,09:51:19,6,6.1,2300,6.2,11500,0,347300
JSWSTEEL30Jan20260PE.NFO,07/01/2020,09:51:24,6,6.05,2300,6.15,6900,0,347300
JSWSTEEL30Jan20260PE.NFO,07/01/2020,09:51:29,6,6.05,2300,6.15,11500,0,347300
JSWSTEEL30Jan20260PE.NFO,07/01/2020,09:51:34,6,6.05,2300,6.15,6900,0,347300
JSWSTEEL30Jan20260PE.NFO,07/01/2020,09:51:43,6.05,6,2300,6.1,9200,2300,347300
JSWSTEEL30Jan20260PE.NFO,07/01/2020,09:51:48,6.05,6,2300,6.1,6900,0,347300
JSWSTEEL30Jan20260PE.NFO,07/01/2020,09:52:00,6.05,6,2300,6.1,9200,0,347300
JSWSTEEL30Jan20260PE.NFO,07/01/2020,09:52:04,6.05,6,2300,6.1,6900,0,347300
JSWSTEEL30Jan20260PE.NFO,07/01/2020,09:52:08,6.05,5.95,18400,6.1,6900,0,347300
JSWSTEEL30Jan20260PE.NFO,07/01/2020,09:52:12,6.05,6,2300,6.1,6900,0,347300
JSWSTEEL30Jan20260PE.NFO,07/01/2020,09:52:21,6.05,6,9200,6.15,4600,0,347300
JSWSTEEL30Jan20260PE.NFO,07/01/2020,09:52:25,6.05,6.05,6900,6.15,4600,0,347300
JSWSTEEL30Jan20260PE.NFO,07/01/2020,09:52:30,6.05,6.15,2300,6.25,4600,0,347300
JSWSTEEL30Jan20260PE.NFO,07/01/2020,09:52:35,6.05,6.2,2300,6.25,6900,0,347300
JSWSTEEL30Jan20260PE.NFO,07/01/2020,09:52:40,6.05,6.2,2300,6.25,4600,0,347300
JSWSTEEL30Jan20260PE.NFO,07/01/2020,09:52:44,6.05,6.15,6900,6.25,4600,0,347300
JSWSTEEL30Jan20260PE.NFO,07/01/2020,09:53:05,6.05,6.2,11500,6.35,6900,0,347300
JSWSTEEL30Jan20260PE.NFO,07/01/2020,09:53:10,6.05,6.2,11500,6.35,4600,0,347300
JSWSTEEL30Jan20260PE.NFO,07/01/2020,09:53:16,6.05,6.2,9200,6.3,2300,0,347300
JSWSTEEL30Jan20260PE.NFO,07/01/2020,09:53:31,6.05,6.15,16100,6.3,4600,0,347300
JSWSTEEL30Jan20260PE.NFO,07/01/2020,09:53:36,6.05,6.15,11500,6.3,4600,0,347300
JSWSTEEL30Jan20260PE.NFO,07/01/2020,09:53:41,6.05,6.2,2300,6.3,6900,0,347300
JSWSTEEL30Jan20260PE.NFO,07/01/2020,09:53:46,6.05,6.2,4600,6.3,6900,0,347300
JSWSTEEL30Jan20260PE.NFO,07/01/2020,09:53:51,6.05,6.2,6900,6.3,2300,0,347300
JSWSTEEL30Jan20260PE.NFO,07/01/2020,09:53:55,6.05,6.25,2300,6.35,11500,0,347300
JSWSTEEL30Jan20260PE.NFO,07/01/2020,09:54:04,6.05,6.2,4600,6.3,4600,0,347300
JSWSTEEL30Jan20260PE.NFO,07/01/2020,09:54:08,6.05,6.25,2300,6.35,11500,0,347300
JSWSTEEL30Jan20260PE.NFO,07/01/2020,09:54:12,6.05,6.25,2300,6.35,13800,0,347300
JSWSTEEL30Jan20260PE.NFO,07/01/2020,09:54:22,6.05,6.25,9200,6.4,11500,0,347300
JSWSTEEL30Jan20260PE.NFO,07/01/2020,09:54:26,6.05,6.25,9200,6.35,4600,0,347300
JSWSTEEL30Jan20260PE.NFO,07/01/2020,09:54:31,6.05,6.25,9200,6.35,2300,0,347300
JSWSTEEL30Jan20260PE.NFO,07/01/2020,09:54:35,6.05,6.25,9200,6.35,6900,0,347300
JSWSTEEL30Jan20260PE.NFO,07/01/2020,09:54:40,6.05,6.25,9200,6.35,2300,0,347300
JSWSTEEL30Jan20260PE.NFO,07/01/2020,09:54:49,6.05,6.25,9200,6.35,4600,0,347300
JSWSTEEL30Jan20260PE.NFO,07/01/2020,09:54:54,6.05,6.25,2300,6.35,4600,0,347300
JSWSTEEL30Jan20260PE.NFO,07/01/2020,09:54:59,6.05,6.25,2300,6.35,6900,0,347300
JSWSTEEL30Jan20260PE.NFO,07/01/2020,09:55:14,6.05,6.3,6900,6.4,2300,0,347300
JSWSTEEL30Jan20260PE.NFO,07/01/2020,09:55:19,6.05,6.3,4600,6.4,2300,0,347300
JSWSTEEL30Jan20260PE.NFO,07/01/2020,09:55:23,6.05,6.35,2300,6.45,9200,0,347300
JSWSTEEL30Jan20260PE.NFO,07/01/2020,09:55:28,6.05,6.4,2300,6.5,9200,0,347300
JSWSTEEL30Jan20260PE.NFO,07/01/2020,09:55:33,6.05,6.35,6900,6.45,2300,0,347300
JSWSTEEL30Jan20260PE.NFO,07/01/2020,09:55:37,6.05,6.35,2300,6.45,4600,0,347300
JSWSTEEL30Jan20260PE.NFO,07/01/2020,09:55:42,6.05,6.35,2300,6.4,2300,0,347300
JSWSTEEL30Jan20260PE.NFO,07/01/2020,09:55:52,6.05,6.3,6900,6.45,16100,0,347300
JSWSTEEL30Jan20260PE.NFO,07/01/2020,09:55:56,6.05,6.35,2300,6.45,11500,0,347300
JSWSTEEL30Jan20260PE.NFO,07/01/2020,09:56:01,6.05,6.35,2300,6.45,6900,0,347300
JSWSTEEL30Jan20260PE.NFO,07/01/2020,09:56:06,6.05,6.3,6900,6.4,2300,0,347300
JSWSTEEL30Jan20260PE.NFO,07/01/2020,09:56:11,6.05,6.35,2300,6.45,9200,0,347300
JSWSTEEL30Jan20260PE.NFO,07/01/2020,09:56:16,6.05,6.3,11500,6.45,11500,0,347300
JSWSTEEL30Jan20260PE.NFO,07/01/2020,09:56:22,6.05,6.3,16100,6.4,2300,0,347300
JSWSTEEL30Jan20260PE.NFO,07/01/2020,09:56:27,6.05,6.35,2300,6.4,2300,0,347300
JSWSTEEL30Jan20260PE.NFO,07/01/2020,09:56:33,6.05,6.3,6900,6.45,13800,0,347300
JSWSTEEL30Jan20260PE.NFO,07/01/2020,09:56:38,6.05,6.3,9200,6.45,13800,0,347300
JSWSTEEL30Jan20260PE.NFO,07/01/2020,09:56:43,6.05,6.35,2300,6.45,11500,0,347300
JSWSTEEL30Jan20260PE.NFO,07/01/2020,09:56:47,6.05,6.3,16100,6.45,13800,0,347300
JSWSTEEL30Jan20260PE.NFO,07/01/2020,09:56:55,6.05,6.35,4600,6.45,11500,0,347300
JSWSTEEL30Jan20260PE.NFO,07/01/2020,09:57:00,6.05,6.35,2300,6.45,11500,0,347300
JSWSTEEL30Jan20260PE.NFO,07/01/2020,09:57:05,6.05,6.3,11500,6.4,6900,0,347300
JSWSTEEL30Jan20260PE.NFO,07/01/2020,09:57:13,6.05,6.3,11500,6.4,4600,0,347300
JSWSTEEL30Jan20260PE.NFO,07/01/2020,09:57:21,6.05,6.35,11500,6.45,4600,0,347300
JSWSTEEL30Jan20260PE.NFO,07/01/2020,09:57:26,6.05,6.35,11500,6.45,6900,0,347300
JSWSTEEL30Jan20260PE.NFO,07/01/2020,09:57:50,6.05,6.4,4600,6.5,9200,0,347300
JSWSTEEL30Jan20260PE.NFO,07/01/2020,09:58:00,6.05,6.4,4600,6.5,11500,0,347300
JSWSTEEL30Jan20260PE.NFO,07/01/2020,09:58:05,6.05,6.35,18400,6.45,2300,0,347300
JSWSTEEL30Jan20260PE.NFO,07/01/2020,09:58:18,6.05,6.3,13800,6.45,13800,0,347300
JSWSTEEL30Jan20260PE.NFO,07/01/2020,09:58:22,6.05,6.3,11500,6.4,2300,0,347300
JSWSTEEL30Jan20260PE.NFO,07/01/2020,09:58:27,6.05,6.35,2300,6.45,18400,0,347300
JSWSTEEL30Jan20260PE.NFO,07/01/2020,09:58:31,6.05,6.35,2300,6.45,16100,0,347300
JSWSTEEL30Jan20260PE.NFO,07/01/2020,09:58:39,6.05,6.35,2300,6.45,13800,0,347300
JSWSTEEL30Jan20260PE.NFO,07/01/2020,09:58:44,6.05,6.3,16100,6.4,2300,0,347300
JSWSTEEL30Jan20260PE.NFO,07/01/2020,09:58:50,6.05,6.35,9200,6.45,4600,0,347300
JSWSTEEL30Jan20260PE.NFO,07/01/2020,09:58:56,6.05,6.25,18400,6.4,9200,0,347300
JSWSTEEL30Jan20260PE.NFO,07/01/2020,09:59:07,6.05,6.25,23000,6.4,9200,0,347300
JSWSTEEL30Jan20260PE.NFO,07/01/2020,09:59:13,6.05,6.3,13800,6.45,13800,0,347300
JSWSTEEL30Jan20260PE.NFO,07/01/2020,09:59:19,6.05,6.3,11500,6.4,2300,0,347300
JSWSTEEL30Jan20260PE.NFO,07/01/2020,09:59:24,6.05,6.3,11500,6.45,16100,0,347300
JSWSTEEL30Jan20260PE.NFO,07/01/2020,09:59:29,6.05,6.3,2300,6.4,9200,0,347300
JSWSTEEL30Jan20260PE.NFO,07/01/2020,09:59:34,6.05,6.3,4600,6.4,9200,0,347300
JSWSTEEL30Jan20260PE.NFO,07/01/2020,09:59:40,6.05,6.25,20700,6.4,9200,0,347300
JSWSTEEL30Jan20260PE.NFO,07/01/2020,09:59:46,6.05,6.3,4600,6.4,9200,0,347300
JSWSTEEL30Jan20260PE.NFO,07/01/2020,09:59:51,6.05,6.25,13800,6.35,6900,0,347300
JSWSTEEL30Jan20260PE.NFO,07/01/2020,09:59:56,6.05,6.25,20700,6.4,9200,0,347300
JSWSTEEL30Jan20260PE.NFO,07/01/2020,10:00:02,6.05,6.35,4600,6.45,9200,0,347300
JSWSTEEL30Jan20260PE.NFO,07/01/2020,10:00:13,6.05,6.3,16100,6.4,2300,0,347300
JSWSTEEL30Jan20260PE.NFO,07/01/2020,10:00:18,6.05,6.3,11500,6.4,4600,0,347300
JSWSTEEL30Jan20260PE.NFO,07/01/2020,10:00:24,6.05,6.35,2300,6.45,6900,0,347300
JSWSTEEL30Jan20260PE.NFO,07/01/2020,10:00:34,6.05,6.35,4600,6.45,6900,0,347300
JSWSTEEL30Jan20260PE.NFO,07/01/2020,10:00:40,6.05,6.35,11500,6.45,6900,0,347300
JSWSTEEL30Jan20260PE.NFO,07/01/2020,10:01:00,6.05,6.35,6900,6.45,6900,0,347300
JSWSTEEL30Jan20260PE.NFO,07/01/2020,10:01:06,6.05,6.35,11500,6.45,6900,0,347300
JSWSTEEL30Jan20260PE.NFO,07/01/2020,10:01:12,6.05,6.4,11500,6.5,6900,0,347300
JSWSTEEL30Jan20260PE.NFO,07/01/2020,10:01:19,6.5,6.5,4600,6.6,4600,4600,347300
JSWSTEEL30Jan20260PE.NFO,07/01/2020,10:01:25,6.5,6.5,2300,6.55,4600,0,347300
JSWSTEEL30Jan20260PE.NFO,07/01/2020,10:01:37,6.5,6.45,2300,6.55,6900,0,347300
JSWSTEEL30Jan20260PE.NFO,07/01/2020,10:01:43,6.5,6.45,4600,6.55,6900,0,347300
JSWSTEEL30Jan20260PE.NFO,07/01/2020,10:02:00,6.5,6.45,9200,6.55,4600,0,347300
JSWSTEEL30Jan20260PE.NFO,07/01/2020,10:02:05,6.5,6.45,6900,6.55,4600,0,347300
JSWSTEEL30Jan20260PE.NFO,07/01/2020,10:02:10,6.5,6.45,4600,6.5,4600,0,347300
JSWSTEEL30Jan20260PE.NFO,07/01/2020,10:02:21,6.45,6.4,4600,6.5,6900,2300,347300
JSWSTEEL30Jan20260PE.NFO,07/01/2020,10:02:26,6.45,6.4,4600,6.5,6900,0,347300
JSWSTEEL30Jan20260PE.NFO,07/01/2020,10:02:32,6.45,6.4,9200,6.5,6900,0,347300
JSWSTEEL30Jan20260PE.NFO,07/01/2020,10:02:38,6.45,6.4,6900,6.5,6900,0,347300
JSWSTEEL30Jan20260PE.NFO,07/01/2020,10:02:44,6.45,6.4,4600,6.5,6900,0,347300
JSWSTEEL30Jan20260PE.NFO,07/01/2020,10:02:59,6.45,6.35,6900,6.45,4600,0,347300
JSWSTEEL30Jan20260PE.NFO,07/01/2020,10:03:04,6.45,6.35,11500,6.45,4600,0,347300
JSWSTEEL30Jan20260PE.NFO,07/01/2020,10:03:13,6.45,6.4,2300,6.45,4600,0,347300
JSWSTEEL30Jan20260PE.NFO,07/01/2020,10:03:18,6.45,6.4,6900,6.5,4600,0,347300
JSWSTEEL30Jan20260PE.NFO,07/01/2020,10:03:23,6.45,6.4,4600,6.45,4600,0,347300
JSWSTEEL30Jan20260PE.NFO,07/01/2020,10:03:28,6.45,6.45,2300,6.5,4600,0,347300
JSWSTEEL30Jan20260PE.NFO,07/01/2020,10:03:37,6.45,6.4,18400,6.5,4600,0,347300
JSWSTEEL30Jan20260PE.NFO,07/01/2020,10:03:41,6.45,6.4,18400,6.5,6900,0,347300
JSWSTEEL30Jan20260PE.NFO,07/01/2020,10:03:45,6.45,6.45,4600,6.55,6900,0,347300
JSWSTEEL30Jan20260PE.NFO,07/01/2020,10:03:50,6.45,6.45,4600,6.55,4600,0,347300
JSWSTEEL30Jan20260PE.NFO,07/01/2020,10:04:00,6.45,6.45,4600,6.55,6900,0,347300
JSWSTEEL30Jan20260PE.NFO,07/01/2020,10:04:05,6.45,6.45,6900,6.55,6900,0,347300
JSWSTEEL30Jan20260PE.NFO,07/01/2020,10:04:09,6.55,6.45,16100,6.55,2300,2300,345000
JSWSTEEL30Jan20260PE.NFO,07/01/2020,10:04:14,6.55,6.5,2300,6.55,4600,0,345000
JSWSTEEL30Jan20260PE.NFO,07/01/2020,10:04:30,6.55,6.45,2300,6.55,4600,0,345000
JSWSTEEL30Jan20260PE.NFO,07/01/2020,10:04:35,6.55,6.4,16100,6.5,2300,0,345000
JSWSTEEL30Jan20260PE.NFO,07/01/2020,10:04:40,6.55,6.45,4600,6.55,6900,0,345000
JSWSTEEL30Jan20260PE.NFO,07/01/2020,10:04:49,6.55,6.45,6900,6.55,6900,0,345000
JSWSTEEL30Jan20260PE.NFO,07/01/2020,10:05:07,6.55,6.45,13800,6.55,6900,0,345000
JSWSTEEL30Jan20260PE.NFO,07/01/2020,10:05:12,6.55,6.45,16100,6.55,6900,0,345000
JSWSTEEL30Jan20260PE.NFO,07/01/2020,10:05:16,6.55,6.45,13800,6.55,6900,0,345000
JSWSTEEL30Jan20260PE.NFO,07/01/2020,10:05:25,6.55,6.5,4600,6.55,4600,0,345000
JSWSTEEL30Jan20260PE.NFO,07/01/2020,10:05:29,6.55,6.5,2300,6.55,4600,0,345000
JSWSTEEL30Jan20260PE.NFO,07/01/2020,10:05:35,6.55,6.5,4600,6.55,4600,0,345000
JSWSTEEL30Jan20260PE.NFO,07/01/2020,10:05:41,6.55,6.45,18400,6.55,6900,0,345000
JSWSTEEL30Jan20260PE.NFO,07/01/2020,10:05:47,6.55,6.5,2300,6.6,6900,0,345000
JSWSTEEL30Jan20260PE.NFO,07/01/2020,10:05:59,6.55,6.5,2300,6.55,6900,0,345000
JSWSTEEL30Jan20260PE.NFO,07/01/2020,10:06:04,6.55,6.45,18400,6.55,6900,0,345000
JSWSTEEL30Jan20260PE.NFO,07/01/2020,10:06:09,6.55,6.5,9200,6.6,6900,0,345000
JSWSTEEL30Jan20260PE.NFO,07/01/2020,10:06:20,6.55,6.5,13800,6.6,6900,0,345000
JSWSTEEL30Jan20260PE.NFO,07/01/2020,10:06:32,6.55,6.55,4600,6.65,6900,0,345000
JSWSTEEL30Jan20260PE.NFO,07/01/2020,10:06:42,6.55,6.55,6900,6.65,6900,0,345000
JSWSTEEL30Jan20260PE.NFO,07/01/2020,10:06:48,6.55,6.55,11500,6.65,6900,0,345000
JSWSTEEL30Jan20260PE.NFO,07/01/2020,10:06:54,6.55,6.55,11500,6.65,4600,0,345000
JSWSTEEL30Jan20260PE.NFO,07/01/2020,10:06:59,6.55,6.55,2300,6.65,6900,0,345000
JSWSTEEL30Jan20260PE.NFO,07/01/2020,10:07:04,6.55,6.55,4600,6.65,6900,0,345000
JSWSTEEL30Jan20260PE.NFO,07/01/2020,10:07:10,6.55,6.55,6900,6.65,6900,0,345000
JSWSTEEL30Jan20260PE.NFO,07/01/2020,10:07:16,6.55,6.55,9200,6.65,6900,0,345000
JSWSTEEL30Jan20260PE.NFO,07/01/2020,10:07:22,6.55,6.55,6900,6.65,6900,0,345000
JSWSTEEL30Jan20260PE.NFO,07/01/2020,10:07:27,6.55,6.5,11500,6.6,6900,0,345000
JSWSTEEL30Jan20260PE.NFO,07/01/2020,10:07:33,6.55,6.5,13800,6.6,6900,0,345000
JSWSTEEL30Jan20260PE.NFO,07/01/2020,10:07:43,6.55,6.5,11500,6.6,6900,0,345000
JSWSTEEL30Jan20260PE.NFO,07/01/2020,10:07:47,6.55,6.5,9200,6.6,6900,0,345000
JSWSTEEL30Jan20260PE.NFO,07/01/2020,10:07:53,6.55,6.45,11500,6.55,6900,0,345000
JSWSTEEL30Jan20260PE.NFO,07/01/2020,10:07:58,6.55,6.45,9200,6.55,6900,0,345000
JSWSTEEL30Jan20260PE.NFO,07/01/2020,10:08:03,6.55,6.45,18400,6.55,6900,0,345000
JSWSTEEL30Jan20260PE.NFO,07/01/2020,10:08:07,6.55,6.45,16100,6.55,6900,0,345000
JSWSTEEL30Jan20260PE.NFO,07/01/2020,10:08:11,6.55,6.45,18400,6.55,6900,0,345000
JSWSTEEL30Jan20260PE.NFO,07/01/2020,10:08:16,6.55,6.45,13800,6.55,6900,0,345000
JSWSTEEL30Jan20260PE.NFO,07/01/2020,10:08:30,6.55,6.45,2300,6.55,6900,0,345000
JSWSTEEL30Jan20260PE.NFO,07/01/2020,10:08:46,6.55,6.45,4600,6.5,4600,0,345000
JSWSTEEL30Jan20260PE.NFO,07/01/2020,10:08:53,6.55,6.45,2300,6.5,4600,0,345000
JSWSTEEL30Jan20260PE.NFO,07/01/2020,10:09:02,6.5,6.45,6900,6.55,6900,2300,345000
JSWSTEEL30Jan20260PE.NFO,07/01/2020,10:09:07,6.5,6.45,4600,6.55,6900,0,345000
JSWSTEEL30Jan20260PE.NFO,07/01/2020,10:09:11,6.5,6.45,4600,6.5,4600,0,345000
JSWSTEEL30Jan20260PE.NFO,07/01/2020,10:09:15,6.5,6.4,20700,6.5,4600,0,345000
JSWSTEEL30Jan20260PE.NFO,07/01/2020,10:09:19,6.5,6.45,4600,6.55,6900,0,345000
JSWSTEEL30Jan20260PE.NFO,07/01/2020,10:09:24,6.5,6.45,11500,6.55,6900,0,345000
JSWSTEEL30Jan20260PE.NFO,07/01/2020,10:09:32,6.45,6.45,9200,6.55,6900,2300,345000
JSWSTEEL30Jan20260PE.NFO,07/01/2020,10:09:37,6.45,6.45,9200,6.55,6900,0,345000
JSWSTEEL30Jan20260PE.NFO,07/01/2020,10:09:45,6.45,6.4,16100,6.5,2300,0,345000
JSWSTEEL30Jan20260PE.NFO,07/01/2020,10:09:54,6.45,6.4,2300,6.45,4600,0,345000
JSWSTEEL30Jan20260PE.NFO,07/01/2020,10:09:59,6.4,6.3,6900,6.4,6900,4600,345000
JSWSTEEL30Jan20260PE.NFO,07/01/2020,10:10:04,6.4,6.3,9200,6.4,4600,0,345000
JSWSTEEL30Jan20260PE.NFO,07/01/2020,10:10:09,6.4,6.3,6900,6.4,4600,0,345000
JSWSTEEL30Jan20260PE.NFO,07/01/2020,10:10:14,6.4,6.3,13800,6.4,6900,0,345000
JSWSTEEL30Jan20260PE.NFO,07/01/2020,10:10:19,6.4,6.3,11500,6.4,6900,0,345000
JSWSTEEL30Jan20260PE.NFO,07/01/2020,10:10:26,6.4,6.35,11500,6.45,4600,0,345000
JSWSTEEL30Jan20260PE.NFO,07/01/2020,10:10:30,6.4,6.35,11500,6.45,2300,0,345000
JSWSTEEL30Jan20260PE.NFO,07/01/2020,10:10:35,6.4,6.35,11500,6.45,6900,0,345000
JSWSTEEL30Jan20260PE.NFO,07/01/2020,10:10:44,6.4,6.35,6900,6.45,6900,0,345000
JSWSTEEL30Jan20260PE.NFO,07/01/2020,10:10:49,6.4,6.3,11500,6.45,9200,0,345000
JSWSTEEL30Jan20260PE.NFO,07/01/2020,10:10:53,6.4,6.35,2300,6.45,6900,0,345000
JSWSTEEL30Jan20260PE.NFO,07/01/2020,10:10:57,6.4,6.3,11500,6.4,2300,0,345000
JSWSTEEL30Jan20260PE.NFO,07/01/2020,10:11:05,6.4,6.3,6900,6.4,9200,0,345000
JSWSTEEL30Jan20260PE.NFO,07/01/2020,10:11:25,6.4,6.3,6900,6.4,6900,0,345000
JSWSTEEL30Jan20260PE.NFO,07/01/2020,10:12:02,6.4,6.3,11500,6.4,6900,0,345000
JSWSTEEL30Jan20260PE.NFO,07/01/2020,10:12:24,6.4,6.3,6900,6.35,2300,0,345000
JSWSTEEL30Jan20260PE.NFO,07/01/2020,10:12:33,6.4,6.3,6900,6.4,6900,0,345000
JSWSTEEL30Jan20260PE.NFO,07/01/2020,10:12:42,6.4,6.3,6900,6.35,2300,0,345000
JSWSTEEL30Jan20260PE.NFO,07/01/2020,10:12:47,6.4,6.3,6900,6.35,4600,0,345000
JSWSTEEL30Jan20260PE.NFO,07/01/2020,10:12:52,6.35,6.3,13800,6.4,6900,2300,340400
JSWSTEEL30Jan20260PE.NFO,07/01/2020,10:12:57,6.35,6.3,11500,6.4,6900,0,340400
JSWSTEEL30Jan20260PE.NFO,07/01/2020,10:13:03,6.35,6.35,11500,6.45,2300,0,340400
JSWSTEEL30Jan20260PE.NFO,07/01/2020,10:13:08,6.35,6.35,11500,6.45,4600,0,340400
JSWSTEEL30Jan20260PE.NFO,07/01/2020,10:13:13,6.35,6.35,11500,6.5,11500,0,340400
JSWSTEEL30Jan20260PE.NFO,07/01/2020,10:13:18,6.35,6.4,6900,6.5,6900,0,340400
JSWSTEEL30Jan20260PE.NFO,07/01/2020,10:13:24,6.35,6.4,4600,6.5,6900,0,340400
JSWSTEEL30Jan20260PE.NFO,07/01/2020,10:13:29,6.35,6.4,4600,6.5,13800,0,340400
JSWSTEEL30Jan20260PE.NFO,07/01/2020,10:13:37,6.35,6.35,6900,6.45,6900,0,340400
JSWSTEEL30Jan20260PE.NFO,07/01/2020,10:13:46,6.35,6.35,4600,6.45,11500,0,340400
JSWSTEEL30Jan20260PE.NFO,07/01/2020,10:13:53,6.35,6.3,4600,6.4,11500,0,340400
JSWSTEEL30Jan20260PE.NFO,07/01/2020,10:13:58,6.35,6.3,4600,6.4,2300,0,340400
JSWSTEEL30Jan20260PE.NFO,07/01/2020,10:14:02,6.35,6.3,4600,6.45,20700,0,340400
JSWSTEEL30Jan20260PE.NFO,07/01/2020,10:14:07,6.35,6.3,4600,6.4,6900,0,340400
JSWSTEEL30Jan20260PE.NFO,07/01/2020,10:14:11,6.35,6.3,4600,6.4,9200,0,340400
JSWSTEEL30Jan20260PE.NFO,07/01/2020,10:14:17,6.35,6.3,4600,6.4,2300,0,340400
JSWSTEEL30Jan20260PE.NFO,07/01/2020,10:14:28,6.35,6.3,4600,6.4,13800,0,340400
JSWSTEEL30Jan20260PE.NFO,07/01/2020,10:14:43,6.35,6.3,4600,6.4,4600,0,340400
JSWSTEEL30Jan20260PE.NFO,07/01/2020,10:14:48,6.35,6.3,4600,6.4,6900,0,340400
JSWSTEEL30Jan20260PE.NFO,07/01/2020,10:14:58,6.35,6.3,4600,6.4,16100,0,340400
JSWSTEEL30Jan20260PE.NFO,07/01/2020,10:15:03,6.35,6.3,4600,6.4,18400,0,340400
JSWSTEEL30Jan20260PE.NFO,07/01/2020,10:15:48,6.35,6.3,4600,6.4,13800,0,340400
JSWSTEEL30Jan20260PE.NFO,07/01/2020,10:15:54,6.35,6.35,4600,6.45,13800,0,340400
JSWSTEEL30Jan20260PE.NFO,07/01/2020,10:16:04,6.35,6.35,4600,6.45,11500,0,340400
JSWSTEEL30Jan20260PE.NFO,07/01/2020,10:16:08,6.35,6.35,4600,6.45,18400,0,340400
JSWSTEEL30Jan20260PE.NFO,07/01/2020,10:16:26,6.35,6.4,4600,6.5,13800,0,340400
JSWSTEEL30Jan20260PE.NFO,07/01/2020,10:16:31,6.35,6.35,4600,6.45,6900,0,340400
JSWSTEEL30Jan20260PE.NFO,07/01/2020,10:16:36,6.35,6.35,4600,6.45,9200,0,340400
JSWSTEEL30Jan20260PE.NFO,07/01/2020,10:16:47,6.35,6.35,13800,6.45,2300,0,340400
JSWSTEEL30Jan20260PE.NFO,07/01/2020,10:16:51,6.35,6.35,6900,6.45,6900,0,340400
JSWSTEEL30Jan20260PE.NFO,07/01/2020,10:17:00,6.35,6.3,11500,6.45,18400,0,340400
JSWSTEEL30Jan20260PE.NFO,07/01/2020,10:17:08,6.35,6.3,11500,6.4,2300,0,340400
JSWSTEEL30Jan20260PE.NFO,07/01/2020,10:17:29,6.35,6.3,11500,6.4,4600,0,340400
JSWSTEEL30Jan20260PE.NFO,07/01/2020,10:17:34,6.35,6.3,11500,6.4,2300,0,340400
JSWSTEEL30Jan20260PE.NFO,07/01/2020,10:17:44,6.35,6.3,11500,6.4,4600,0,340400
JSWSTEEL30Jan20260PE.NFO,07/01/2020,10:18:03,6.35,6.3,11500,6.4,2300,0,340400
JSWSTEEL30Jan20260PE.NFO,07/01/2020,10:18:12,6.35,6.3,11500,6.4,4600,0,340400
JSWSTEEL30Jan20260PE.NFO,07/01/2020,10:18:15,6.35,6.3,11500,6.4,6900,0,340400
JSWSTEEL30Jan20260PE.NFO,07/01/2020,10:18:20,6.35,6.3,11500,6.4,4600,0,340400
JSWSTEEL30Jan20260PE.NFO,07/01/2020,10:18:24,6.35,6.3,11500,6.4,6900,0,340400
JSWSTEEL30Jan20260PE.NFO,07/01/2020,10:18:28,6.35,6.3,11500,6.4,4600,0,340400
JSWSTEEL30Jan20260PE.NFO,07/01/2020,10:18:32,6.35,6.3,4600,6.4,9200,0,340400
JSWSTEEL30Jan20260PE.NFO,07/01/2020,10:18:43,6.35,6.35,4600,6.4,2300,0,340400
JSWSTEEL30Jan20260PE.NFO,07/01/2020,10:18:48,6.35,6.3,11500,6.4,2300,0,340400
JSWSTEEL30Jan20260PE.NFO,07/01/2020,10:18:53,6.35,6.4,4600,6.5,9200,0,340400
JSWSTEEL30Jan20260PE.NFO,07/01/2020,10:19:02,6.35,6.35,6900,6.45,6900,0,340400
JSWSTEEL30Jan20260PE.NFO,07/01/2020,10:19:07,6.35,6.35,11500,6.45,6900,0,340400
JSWSTEEL30Jan20260PE.NFO,07/01/2020,10:19:21,6.35,6.35,11500,6.45,9200,0,340400
JSWSTEEL30Jan20260PE.NFO,07/01/2020,10:19:29,6.35,6.35,4600,6.45,9200,0,340400
JSWSTEEL30Jan20260PE.NFO,07/01/2020,10:19:33,6.35,6.35,4600,6.45,11500,0,340400
JSWSTEEL30Jan20260PE.NFO,07/01/2020,10:19:36,6.35,6.35,11500,6.45,6900,0,340400
JSWSTEEL30Jan20260PE.NFO,07/01/2020,10:19:47,6.35,6.35,4600,6.45,11500,0,340400
JSWSTEEL30Jan20260PE.NFO,07/01/2020,10:19:51,6.35,6.3,13800,6.4,6900,0,340400
JSWSTEEL30Jan20260PE.NFO,07/01/2020,10:19:55,6.35,6.35,4600,6.45,9200,0,340400
JSWSTEEL30Jan20260PE.NFO,07/01/2020,10:20:00,6.35,6.35,11500,6.45,6900,0,340400
JSWSTEEL30Jan20260PE.NFO,07/01/2020,10:20:03,6.35,6.35,11500,6.45,9200,0,340400
JSWSTEEL30Jan20260PE.NFO,07/01/2020,10:20:11,6.35,6.25,13800,6.35,4600,0,340400
JSWSTEEL30Jan20260PE.NFO,07/01/2020,10:20:25,6.35,6.25,4600,6.35,11500,0,340400
JSWSTEEL30Jan20260PE.NFO,07/01/2020,10:20:34,6.35,6.2,6900,6.3,9200,0,340400
JSWSTEEL30Jan20260PE.NFO,07/01/2020,10:20:38,6.35,6.15,13800,6.3,13800,0,340400
JSWSTEEL30Jan20260PE.NFO,07/01/2020,10:20:42,6.35,6.2,4600,6.3,11500,0,340400
JSWSTEEL30Jan20260PE.NFO,07/01/2020,10:20:47,6.35,6.15,16100,6.25,2300,0,340400
JSWSTEEL30Jan20260PE.NFO,07/01/2020,10:21:01,6.35,6.1,13800,6.2,2300,0,340400
JSWSTEEL30Jan20260PE.NFO,07/01/2020,10:21:05,6.35,6.15,4600,6.25,9200,0,340400
JSWSTEEL30Jan20260PE.NFO,07/01/2020,10:21:14,6.35,6.15,4600,6.25,11500,0,340400
JSWSTEEL30Jan20260PE.NFO,07/01/2020,10:21:22,6.35,6.15,11500,6.25,11500,0,340400
JSWSTEEL30Jan20260PE.NFO,07/01/2020,10:21:26,6.35,6.15,4600,6.25,9200,0,340400
JSWSTEEL30Jan20260PE.NFO,07/01/2020,10:21:29,6.35,6.15,4600,6.25,11500,0,340400
JSWSTEEL30Jan20260PE.NFO,07/01/2020,10:21:35,6.35,6.1,11500,6.2,4600,0,340400
JSWSTEEL30Jan20260PE.NFO,07/01/2020,10:21:38,6.35,6.1,11500,6.2,13800,0,340400
JSWSTEEL30Jan20260PE.NFO,07/01/2020,10:21:44,6.35,6.1,13800,6.2,4600,0,340400
JSWSTEEL30Jan20260PE.NFO,07/01/2020,10:21:49,6.2,6.1,13800,6.2,2300,2300,340400
JSWSTEEL30Jan20260PE.NFO,07/01/2020,10:21:52,6.2,6.15,2300,6.2,2300,0,340400
JSWSTEEL30Jan20260PE.NFO,07/01/2020,10:22:00,6.2,6.1,16100,6.25,23000,0,340400
JSWSTEEL30Jan20260PE.NFO,07/01/2020,10:22:10,6.2,6.15,13800,6.25,4600,0,340400
JSWSTEEL30Jan20260PE.NFO,07/01/2020,10:22:14,6.2,6.15,13800,6.25,16100,0,340400
JSWSTEEL30Jan20260PE.NFO,07/01/2020,10:22:20,6.2,6.15,13800,6.25,20700,0,340400
JSWSTEEL30Jan20260PE.NFO,07/01/2020,10:22:25,6.2,6.15,13800,6.25,16100,0,340400
JSWSTEEL30Jan20260PE.NFO,07/01/2020,10:22:30,6.2,6.15,13800,6.25,6900,0,340400
JSWSTEEL30Jan20260PE.NFO,07/01/2020,10:22:38,6.2,6.15,13800,6.25,4600,0,340400
JSWSTEEL30Jan20260PE.NFO,07/01/2020,10:22:41,6.2,6.15,9200,6.25,4600,0,340400
JSWSTEEL30Jan20260PE.NFO,07/01/2020,10:22:47,6.2,6.25,11500,6.35,9200,0,340400
JSWSTEEL30Jan20260PE.NFO,07/01/2020,10:22:53,6.2,6.25,11500,6.35,18400,0,340400
JSWSTEEL30Jan20260PE.NFO,07/01/2020,10:23:02,6.2,6.2,6900,6.3,6900,0,340400
JSWSTEEL30Jan20260PE.NFO,07/01/2020,10:23:07,6.2,6.2,13800,6.3,6900,0,340400
JSWSTEEL30Jan20260PE.NFO,07/01/2020,10:23:12,6.2,6.2,9200,6.3,2300,0,340400
JSWSTEEL30Jan20260PE.NFO,07/01/2020,10:23:16,6.2,6.25,2300,6.3,2300,0,340400
JSWSTEEL30Jan20260PE.NFO,07/01/2020,10:23:20,6.2,6.2,16100,6.35,16100,0,340400
JSWSTEEL30Jan20260PE.NFO,07/01/2020,10:23:24,6.2,6.2,13800,6.3,13800,0,340400
JSWSTEEL30Jan20260PE.NFO,07/01/2020,10:23:32,6.2,6.25,2300,6.35,18400,0,340400
JSWSTEEL30Jan20260PE.NFO,07/01/2020,10:23:36,6.2,6.25,2300,6.35,13800,0,340400
JSWSTEEL30Jan20260PE.NFO,07/01/2020,10:23:39,6.2,6.25,16100,6.35,4600,0,340400
JSWSTEEL30Jan20260PE.NFO,07/01/2020,10:23:48,6.2,6.25,13800,6.35,16100,0,340400
JSWSTEEL30Jan20260PE.NFO,07/01/2020,10:23:52,6.2,6.2,18400,6.35,18400,0,340400
JSWSTEEL30Jan20260PE.NFO,07/01/2020,10:23:55,6.2,6.25,2300,6.3,2300,0,340400
JSWSTEEL30Jan20260PE.NFO,07/01/2020,10:23:59,6.2,6.2,9200,6.3,2300,0,340400
JSWSTEEL30Jan20260PE.NFO,07/01/2020,10:24:03,6.2,6.2,16100,6.3,2300,0,340400
JSWSTEEL30Jan20260PE.NFO,07/01/2020,10:24:07,6.2,6.2,11500,6.3,18400,0,340400
JSWSTEEL30Jan20260PE.NFO,07/01/2020,10:24:11,6.2,6.25,4600,6.35,13800,0,340400
JSWSTEEL30Jan20260PE.NFO,07/01/2020,10:24:18,6.2,6.25,6900,6.35,16100,0,340400
JSWSTEEL30Jan20260PE.NFO,07/01/2020,10:24:25,6.2,6.2,18400,6.3,4600,0,340400
JSWSTEEL30Jan20260PE.NFO,07/01/2020,10:24:28,6.2,6.2,18400,6.3,6900,0,340400
JSWSTEEL30Jan20260PE.NFO,07/01/2020,10:24:35,6.2,6.2,18400,6.3,2300,0,340400
JSWSTEEL30Jan20260PE.NFO,07/01/2020,10:24:38,6.2,6.25,11500,6.35,16100,0,340400
JSWSTEEL30Jan20260PE.NFO,07/01/2020,10:24:41,6.2,6.25,16100,6.35,4600,0,340400
JSWSTEEL30Jan20260PE.NFO,07/01/2020,10:24:45,6.2,6.25,16100,6.35,2300,0,340400
JSWSTEEL30Jan20260PE.NFO,07/01/2020,10:24:48,6.2,6.25,16100,6.35,4600,0,340400
JSWSTEEL30Jan20260PE.NFO,07/01/2020,10:24:51,6.2,6.25,13800,6.35,4600,0,340400
JSWSTEEL30Jan20260PE.NFO,07/01/2020,10:24:54,6.2,6.25,13800,6.35,6900,0,340400
JSWSTEEL30Jan20260PE.NFO,07/01/2020,10:25:24,6.2,6.25,6900,6.35,16100,0,340400
JSWSTEEL30Jan20260PE.NFO,07/01/2020,10:25:33,6.2,6.25,13800,6.35,16100,0,340400
JSWSTEEL30Jan20260PE.NFO,07/01/2020,10:25:58,6.2,6.25,6900,6.35,16100,0,340400
JSWSTEEL30Jan20260PE.NFO,07/01/2020,10:26:10,6.2,6.3,13800,6.4,13800,0,340400
JSWSTEEL30Jan20260PE.NFO,07/01/2020,10:26:19,6.2,6.3,16100,6.4,13800,0,340400
JSWSTEEL30Jan20260PE.NFO,07/01/2020,10:26:23,6.2,6.3,2300,6.4,16100,0,340400
JSWSTEEL30Jan20260PE.NFO,07/01/2020,10:26:27,6.2,6.25,16100,6.35,4600,0,340400
JSWSTEEL30Jan20260PE.NFO,07/01/2020,10:26:46,6.2,6.25,13800,6.35,4600,0,340400
JSWSTEEL30Jan20260PE.NFO,07/01/2020,10:26:50,6.2,6.25,13800,6.35,6900,0,340400
JSWSTEEL30Jan20260PE.NFO,07/01/2020,10:27:05,6.2,6.25,13800,6.35,4600,0,340400
JSWSTEEL30Jan20260PE.NFO,07/01/2020,10:27:32,6.2,6.25,13800,6.35,6900,0,340400
JSWSTEEL30Jan20260PE.NFO,07/01/2020,10:27:53,6.2,6.25,13800,6.35,4600,0,340400
JSWSTEEL30Jan20260PE.NFO,07/01/2020,10:27:56,6.2,6.25,13800,6.35,6900,0,340400
JSWSTEEL30Jan20260PE.NFO,07/01/2020,10:28:36,6.2,6.25,13800,6.35,16100,0,340400
JSWSTEEL30Jan20260PE.NFO,07/01/2020,10:29:05,6.2,6.25,13800,6.35,16100,0,338100
JSWSTEEL30Jan20260PE.NFO,07/01/2020,10:29:23,6.2,6.2,18400,6.35,20700,0,338100
JSWSTEEL30Jan20260PE.NFO,07/01/2020,10:29:27,6.2,6.25,6900,6.35,18400,0,338100
JSWSTEEL30Jan20260PE.NFO,07/01/2020,10:29:36,6.2,6.2,18400,6.35,20700,0,338100
JSWSTEEL30Jan20260PE.NFO,07/01/2020,10:29:46,6.2,6.2,20700,6.3,2300,0,338100
JSWSTEEL30Jan20260PE.NFO,07/01/2020,10:30:01,6.2,6.25,2300,6.35,16100,0,338100
JSWSTEEL30Jan20260PE.NFO,07/01/2020,10:30:18,6.2,6.25,16100,6.35,13800,0,338100
JSWSTEEL30Jan20260PE.NFO,07/01/2020,10:30:20,6.2,6.25,2300,6.35,16100,0,338100
JSWSTEEL30Jan20260PE.NFO,07/01/2020,10:30:42,6.2,6.35,2300,6.45,13800,0,338100
JSWSTEEL30Jan20260PE.NFO,07/01/2020,10:30:46,6.2,6.3,23000,6.45,13800,0,338100
JSWSTEEL30Jan20260PE.NFO,07/01/2020,10:30:50,6.2,6.35,2300,6.45,16100,0,338100
JSWSTEEL30Jan20260PE.NFO,07/01/2020,10:30:53,6.2,6.3,20700,6.45,13800,0,338100
JSWSTEEL30Jan20260PE.NFO,07/01/2020,10:31:02,6.2,6.3,2300,6.4,13800,0,338100
JSWSTEEL30Jan20260PE.NFO,07/01/2020,10:31:05,6.2,6.3,2300,6.4,16100,0,338100
JSWSTEEL30Jan20260PE.NFO,07/01/2020,10:31:08,6.2,6.25,18400,6.4,18400,0,338100
JSWSTEEL30Jan20260PE.NFO,07/01/2020,10:31:18,6.2,6.25,13800,6.35,2300,0,338100
JSWSTEEL30Jan20260PE.NFO,07/01/2020,10:31:28,6.2,6.3,4600,6.4,16100,0,338100
JSWSTEEL30Jan20260PE.NFO,07/01/2020,10:31:31,6.2,6.3,4600,6.4,13800,0,338100
JSWSTEEL30Jan20260PE.NFO,07/01/2020,10:31:33,6.2,6.3,16100,6.45,18400,0,338100
JSWSTEEL30Jan20260PE.NFO,07/01/2020,10:31:36,6.2,6.3,16100,6.4,9200,0,338100
JSWSTEEL30Jan20260PE.NFO,07/01/2020,10:31:40,6.2,6.3,9200,6.4,11500,0,338100
JSWSTEEL30Jan20260PE.NFO,07/01/2020,10:31:43,6.2,6.3,9200,6.4,9200,0,338100
JSWSTEEL30Jan20260PE.NFO,07/01/2020,10:31:47,6.2,6.3,16100,6.45,16100,0,338100
JSWSTEEL30Jan20260PE.NFO,07/01/2020,10:31:57,6.2,6.35,6900,6.45,13800,0,338100
JSWSTEEL30Jan20260PE.NFO,07/01/2020,10:32:05,6.2,6.35,13800,6.45,4600,0,338100
JSWSTEEL30Jan20260PE.NFO,07/01/2020,10:32:14,6.2,6.35,13800,6.45,13800,0,338100
JSWSTEEL30Jan20260PE.NFO,07/01/2020,10:32:17,6.2,6.35,13800,6.45,6900,0,338100
JSWSTEEL30Jan20260PE.NFO,07/01/2020,10:32:25,6.2,6.35,13800,6.45,13800,0,338100
JSWSTEEL30Jan20260PE.NFO,07/01/2020,10:32:28,6.2,6.35,6900,6.45,16100,0,338100
JSWSTEEL30Jan20260PE.NFO,07/01/2020,10:32:32,6.2,6.35,18400,6.45,11500,0,338100
JSWSTEEL30Jan20260PE.NFO,07/01/2020,10:32:40,6.2,6.35,13800,6.45,13800,0,338100
JSWSTEEL30Jan20260PE.NFO,07/01/2020,10:32:44,6.2,6.35,2300,6.45,16100,0,338100
JSWSTEEL30Jan20260PE.NFO,07/01/2020,10:32:49,6.2,6.35,2300,6.45,18400,0,338100
JSWSTEEL30Jan20260PE.NFO,07/01/2020,10:33:02,6.2,6.35,2300,6.45,16100,0,338100
JSWSTEEL30Jan20260PE.NFO,07/01/2020,10:33:13,6.2,6.35,9200,6.45,11500,0,338100
JSWSTEEL30Jan20260PE.NFO,07/01/2020,10:33:20,6.2,6.35,16100,6.45,11500,0,338100
JSWSTEEL30Jan20260PE.NFO,07/01/2020,10:33:23,6.2,6.35,2300,6.45,16100,0,338100
JSWSTEEL30Jan20260PE.NFO,07/01/2020,10:33:36,6.2,6.35,6900,6.45,16100,0,338100
JSWSTEEL30Jan20260PE.NFO,07/01/2020,10:33:40,6.2,6.35,2300,6.45,18400,0,338100
JSWSTEEL30Jan20260PE.NFO,07/01/2020,10:33:55,6.2,6.35,6900,6.45,16100,0,338100
JSWSTEEL30Jan20260PE.NFO,07/01/2020,10:33:57,6.2,6.35,2300,6.45,16100,0,338100
JSWSTEEL30Jan20260PE.NFO,07/01/2020,10:34:02,6.2,6.3,18400,6.4,2300,0,338100
JSWSTEEL30Jan20260PE.NFO,07/01/2020,10:34:09,6.2,6.3,6900,6.4,2300,0,338100
JSWSTEEL30Jan20260PE.NFO,07/01/2020,10:34:14,6.2,6.35,4600,6.45,13800,0,338100
JSWSTEEL30Jan20260PE.NFO,07/01/2020,10:34:21,6.2,6.3,4600,6.4,2300,0,338100
JSWSTEEL30Jan20260PE.NFO,07/01/2020,10:34:26,6.2,6.3,16100,6.4,2300,0,338100
JSWSTEEL30Jan20260PE.NFO,07/01/2020,10:34:42,6.2,6.3,2300,6.4,18400,0,338100
JSWSTEEL30Jan20260PE.NFO,07/01/2020,10:34:51,6.2,6.3,2300,6.4,16100,0,338100
JSWSTEEL30Jan20260PE.NFO,07/01/2020,10:34:56,6.2,6.3,2300,6.4,18400,0,338100
JSWSTEEL30Jan20260PE.NFO,07/01/2020,10:35:00,6.2,6.3,6900,6.4,16100,0,338100
JSWSTEEL30Jan20260PE.NFO,07/01/2020,10:35:03,6.2,6.3,2300,6.4,18400,0,338100
JSWSTEEL30Jan20260PE.NFO,07/01/2020,10:35:25,6.2,6.3,13800,6.4,13800,0,338100
JSWSTEEL30Jan20260PE.NFO,07/01/2020,10:35:30,6.2,6.3,6900,6.4,18400,0,338100
JSWSTEEL30Jan20260PE.NFO,07/01/2020,10:35:34,6.2,6.3,2300,6.4,18400,0,338100
JSWSTEEL30Jan20260PE.NFO,07/01/2020,10:35:41,6.2,6.3,2300,6.35,4600,0,338100
JSWSTEEL30Jan20260PE.NFO,07/01/2020,10:35:47,6.2,6.25,16100,6.35,13800,0,338100
JSWSTEEL30Jan20260PE.NFO,07/01/2020,10:35:50,6.2,6.25,16100,6.35,16100,0,338100
JSWSTEEL30Jan20260PE.NFO,07/01/2020,10:35:53,6.2,6.25,13800,6.35,16100,0,338100
JSWSTEEL30Jan20260PE.NFO,07/01/2020,10:35:57,6.2,6.25,2300,6.35,16100,0,338100
JSWSTEEL30Jan20260PE.NFO,07/01/2020,10:36:03,6.2,6.3,2300,6.4,13800,0,338100
JSWSTEEL30Jan20260PE.NFO,07/01/2020,10:36:08,6.2,6.3,2300,6.4,16100,0,338100
JSWSTEEL30Jan20260PE.NFO,07/01/2020,10:36:12,6.2,6.3,2300,6.35,4600,0,338100
JSWSTEEL30Jan20260PE.NFO,07/01/2020,10:36:16,6.2,6.3,2300,6.35,13800,0,338100
JSWSTEEL30Jan20260PE.NFO,07/01/2020,10:36:28,6.2,6.3,2300,6.35,4600,0,338100
JSWSTEEL30Jan20260PE.NFO,07/01/2020,10:36:44,6.2,6.3,2300,6.35,13800,0,338100
JSWSTEEL30Jan20260PE.NFO,07/01/2020,10:36:56,6.2,6.3,2300,6.35,11500,0,338100
JSWSTEEL30Jan20260PE.NFO,07/01/2020,10:37:02,6.2,6.3,2300,6.4,18400,0,338100
JSWSTEEL30Jan20260PE.NFO,07/01/2020,10:37:06,6.2,6.3,9200,6.4,13800,0,338100
JSWSTEEL30Jan20260PE.NFO,07/01/2020,10:37:10,6.2,6.3,11500,6.4,13800,0,338100
JSWSTEEL30Jan20260PE.NFO,07/01/2020,10:37:17,6.2,6.3,11500,6.4,16100,0,338100
JSWSTEEL30Jan20260PE.NFO,07/01/2020,10:37:26,6.2,6.3,18400,6.4,11500,0,338100
JSWSTEEL30Jan20260PE.NFO,07/01/2020,10:37:33,6.2,6.35,2300,6.4,4600,0,338100
JSWSTEEL30Jan20260PE.NFO,07/01/2020,10:37:37,6.2,6.3,23000,6.45,16100,0,338100
JSWSTEEL30Jan20260PE.NFO,07/01/2020,10:37:41,6.4,6.3,23000,6.4,11500,2300,338100
JSWSTEEL30Jan20260PE.NFO,07/01/2020,10:37:48,6.4,6.35,2300,6.45,16100,0,338100
JSWSTEEL30Jan20260PE.NFO,07/01/2020,10:37:55,6.4,6.3,13800,6.4,16100,0,338100
JSWSTEEL30Jan20260PE.NFO,07/01/2020,10:38:00,6.4,6.3,13800,6.4,13800,0,338100
JSWSTEEL30Jan20260PE.NFO,07/01/2020,10:38:04,6.4,6.3,11500,6.4,13800,0,338100
JSWSTEEL30Jan20260PE.NFO,07/01/2020,10:38:07,6.4,6.3,4600,6.4,13800,0,338100
JSWSTEEL30Jan20260PE.NFO,07/01/2020,10:38:10,6.4,6.3,9200,6.4,13800,0,338100
JSWSTEEL30Jan20260PE.NFO,07/01/2020,10:38:47,6.4,6.25,20700,6.35,11500,0,338100
JSWSTEEL30Jan20260PE.NFO,07/01/2020,10:38:51,6.4,6.25,11500,6.35,13800,0,338100
JSWSTEEL30Jan20260PE.NFO,07/01/2020,10:39:00,6.4,6.25,6900,6.35,9200,0,338100
JSWSTEEL30Jan20260PE.NFO,07/01/2020,10:39:05,6.4,6.25,9200,6.35,16100,0,338100
JSWSTEEL30Jan20260PE.NFO,07/01/2020,10:39:09,6.4,6.25,13800,6.35,9200,0,338100
JSWSTEEL30Jan20260PE.NFO,07/01/2020,10:39:13,6.4,6.3,9200,6.4,11500,0,338100
JSWSTEEL30Jan20260PE.NFO,07/01/2020,10:39:21,6.4,6.35,2300,6.45,13800,0,338100
JSWSTEEL30Jan20260PE.NFO,07/01/2020,10:39:42,6.4,6.3,20700,6.4,9200,0,338100
JSWSTEEL30Jan20260PE.NFO,07/01/2020,10:39:50,6.4,6.35,2300,6.45,18400,0,338100
JSWSTEEL30Jan20260PE.NFO,07/01/2020,10:39:55,6.4,6.3,20700,6.45,13800,0,338100
JSWSTEEL30Jan20260PE.NFO,07/01/2020,10:39:58,6.4,6.4,9200,6.5,13800,0,338100
JSWSTEEL30Jan20260PE.NFO,07/01/2020,10:40:01,6.5,6.4,9200,6.5,11500,2300,338100
JSWSTEEL30Jan20260PE.NFO,07/01/2020,10:40:08,6.5,6.35,6900,6.45,9200,0,338100
JSWSTEEL30Jan20260PE.NFO,07/01/2020,10:40:13,6.5,6.35,6900,6.45,13800,0,338100
JSWSTEEL30Jan20260PE.NFO,07/01/2020,10:40:16,6.5,6.35,6900,6.45,11500,0,338100
JSWSTEEL30Jan20260PE.NFO,07/01/2020,10:40:24,6.5,6.35,6900,6.45,13800,0,338100
JSWSTEEL30Jan20260PE.NFO,07/01/2020,10:40:26,6.5,6.35,6900,6.45,16100,0,338100
JSWSTEEL30Jan20260PE.NFO,07/01/2020,10:40:35,6.5,6.35,2300,6.45,16100,0,338100
JSWSTEEL30Jan20260PE.NFO,07/01/2020,10:40:38,6.5,6.35,2300,6.4,4600,0,338100
JSWSTEEL30Jan20260PE.NFO,07/01/2020,10:40:41,6.5,6.3,13800,6.4,9200,0,338100
JSWSTEEL30Jan20260PE.NFO,07/01/2020,10:40:44,6.5,6.3,6900,6.4,11500,0,338100
JSWSTEEL30Jan20260PE.NFO,07/01/2020,10:41:06,6.5,6.3,13800,6.4,9200,0,338100
JSWSTEEL30Jan20260PE.NFO,07/01/2020,10:41:11,6.5,6.25,16100,6.35,2300,0,338100
JSWSTEEL30Jan20260PE.NFO,07/01/2020,10:41:24,6.5,6.25,6900,6.35,13800,0,338100
JSWSTEEL30Jan20260PE.NFO,07/01/2020,10:41:29,6.5,6.25,6900,6.35,16100,0,338100
JSWSTEEL30Jan20260PE.NFO,07/01/2020,10:41:32,6.5,6.25,6900,6.35,13800,0,338100
JSWSTEEL30Jan20260PE.NFO,07/01/2020,10:42:11,6.5,6.25,6900,6.35,11500,0,338100
JSWSTEEL30Jan20260PE.NFO,07/01/2020,10:42:14,6.5,6.25,18400,6.4,18400,0,338100
JSWSTEEL30Jan20260PE.NFO,07/01/2020,10:42:17,6.5,6.3,2300,6.4,20700,0,338100
JSWSTEEL30Jan20260PE.NFO,07/01/2020,10:42:39,6.5,6.25,9200,6.35,11500,0,338100
JSWSTEEL30Jan20260PE.NFO,07/01/2020,10:42:59,6.5,6.25,9200,6.35,13800,0,338100
JSWSTEEL30Jan20260PE.NFO,07/01/2020,10:43:08,6.5,6.25,9200,6.35,16100,0,338100
JSWSTEEL30Jan20260PE.NFO,07/01/2020,10:43:14,6.5,6.25,6900,6.35,16100,0,338100
JSWSTEEL30Jan20260PE.NFO,07/01/2020,10:43:34,6.5,6.2,18400,6.3,9200,0,338100
JSWSTEEL30Jan20260PE.NFO,07/01/2020,10:43:38,6.5,6.2,18400,6.3,2300,0,338100
JSWSTEEL30Jan20260PE.NFO,07/01/2020,10:43:42,6.5,6.2,18400,6.3,11500,0,338100
JSWSTEEL30Jan20260PE.NFO,07/01/2020,10:43:51,6.5,6.25,9200,6.35,13800,0,338100
JSWSTEEL30Jan20260PE.NFO,07/01/2020,10:43:54,6.5,6.25,9200,6.35,16100,0,338100
JSWSTEEL30Jan20260PE.NFO,07/01/2020,10:43:57,6.5,6.2,18400,6.3,9200,0,338100
JSWSTEEL30Jan20260PE.NFO,07/01/2020,10:44:04,6.5,6.2,16100,6.3,9200,0,338100
JSWSTEEL30Jan20260PE.NFO,07/01/2020,10:44:19,6.5,6.25,4600,6.35,18400,0,338100
JSWSTEEL30Jan20260PE.NFO,07/01/2020,10:44:34,6.5,6.25,11500,6.35,16100,0,338100
JSWSTEEL30Jan20260PE.NFO,07/01/2020,10:44:37,6.5,6.25,4600,6.35,16100,0,338100
JSWSTEEL30Jan20260PE.NFO,07/01/2020,10:44:46,6.5,6.25,4600,6.35,13800,0,338100
JSWSTEEL30Jan20260PE.NFO,07/01/2020,10:44:48,6.5,6.25,13800,6.35,13800,0,338100
JSWSTEEL30Jan20260PE.NFO,07/01/2020,10:44:50,6.5,6.25,6900,6.35,13800,0,338100
JSWSTEEL30Jan20260PE.NFO,07/01/2020,10:44:51,6.5,6.3,6900,6.4,11500,0,338100
JSWSTEEL30Jan20260PE.NFO,07/01/2020,10:45:02,6.5,6.35,2300,6.45,18400,0,338100
JSWSTEEL30Jan20260PE.NFO,07/01/2020,10:45:07,6.5,6.3,20700,6.4,2300,0,338100
JSWSTEEL30Jan20260PE.NFO,07/01/2020,10:45:15,6.5,6.3,4600,6.4,13800,0,338100
JSWSTEEL30Jan20260PE.NFO,07/01/2020,10:45:25,6.4,6.3,4600,6.4,20700,2300,340400
JSWSTEEL30Jan20260PE.NFO,07/01/2020,10:45:31,6.4,6.3,4600,6.4,18400,0,340400
JSWSTEEL30Jan20260PE.NFO,07/01/2020,10:45:33,6.4,6.3,11500,6.4,13800,0,340400
JSWSTEEL30Jan20260PE.NFO,07/01/2020,10:45:40,6.4,6.3,23000,6.4,6900,0,340400
JSWSTEEL30Jan20260PE.NFO,07/01/2020,10:45:42,6.4,6.3,9200,6.4,11500,0,340400
JSWSTEEL30Jan20260PE.NFO,07/01/2020,10:45:52,6.4,6.3,4600,6.4,18400,0,340400
JSWSTEEL30Jan20260PE.NFO,07/01/2020,10:45:55,6.4,6.3,2300,6.35,2300,0,340400
JSWSTEEL30Jan20260PE.NFO,07/01/2020,10:46:09,6.4,6.25,23000,6.4,16100,0,340400
JSWSTEEL30Jan20260PE.NFO,07/01/2020,10:46:11,6.4,6.3,13800,6.4,13800,0,340400
JSWSTEEL30Jan20260PE.NFO,07/01/2020,10:46:20,6.4,6.25,23000,6.4,18400,0,340400
JSWSTEEL30Jan20260PE.NFO,07/01/2020,10:46:22,6.4,6.25,18400,6.35,2300,0,340400
JSWSTEEL30Jan20260PE.NFO,07/01/2020,10:46:54,6.4,6.3,2300,6.4,18400,0,340400
JSWSTEEL30Jan20260PE.NFO,07/01/2020,10:47:08,6.4,6.25,18400,6.35,2300,0,340400
JSWSTEEL30Jan20260PE.NFO,07/01/2020,10:47:15,6.4,6.25,18400,6.35,4600,0,340400
JSWSTEEL30Jan20260PE.NFO,07/01/2020,10:47:20,6.4,6.2,13800,6.3,4600,0,340400
JSWSTEEL30Jan20260PE.NFO,07/01/2020,10:47:32,6.4,6.2,16100,6.3,4600,0,340400
JSWSTEEL30Jan20260PE.NFO,07/01/2020,10:47:38,6.4,6.15,13800,6.25,2300,0,340400
JSWSTEEL30Jan20260PE.NFO,07/01/2020,10:47:41,6.4,6.1,18400,6.25,16100,0,340400
JSWSTEEL30Jan20260PE.NFO,07/01/2020,10:47:45,6.1,6.1,13800,6.2,2300,2300,338100
JSWSTEEL30Jan20260PE.NFO,07/01/2020,10:47:48,6.1,6.1,13800,6.2,2300,0,338100
JSWSTEEL30Jan20260PE.NFO,07/01/2020,10:48:02,6.1,6.1,11500,6.2,16100,0,338100
JSWSTEEL30Jan20260PE.NFO,07/01/2020,10:48:07,6.1,6.05,4600,6.1,4600,11500,338100
JSWSTEEL30Jan20260PE.NFO,07/01/2020,10:48:10,6.1,6.05,4600,6.1,4600,0,338100
JSWSTEEL30Jan20260PE.NFO,07/01/2020,10:48:18,6.1,6.05,20700,6.15,16100,0,338100
JSWSTEEL30Jan20260PE.NFO,07/01/2020,10:48:21,6.1,6.05,20700,6.15,6900,0,338100
JSWSTEEL30Jan20260PE.NFO,07/01/2020,10:48:24,6.1,6.05,20700,6.15,16100,0,338100
JSWSTEEL30Jan20260PE.NFO,07/01/2020,10:48:31,6.1,6.05,20700,6.15,13800,0,338100
JSWSTEEL30Jan20260PE.NFO,07/01/2020,10:48:35,6.1,6.1,4600,6.2,18400,0,338100
JSWSTEEL30Jan20260PE.NFO,07/01/2020,10:48:40,6.1,6.1,2300,6.2,18400,0,338100
JSWSTEEL30Jan20260PE.NFO,07/01/2020,10:48:55,6.1,6.1,2300,6.2,16100,0,338100
JSWSTEEL30Jan20260PE.NFO,07/01/2020,10:48:59,6.1,6.1,16100,6.2,13800,0,338100
JSWSTEEL30Jan20260PE.NFO,07/01/2020,10:49:07,6.1,6.1,18400,6.2,13800,0,338100
JSWSTEEL30Jan20260PE.NFO,07/01/2020,10:49:15,6.1,6.1,20700,6.2,13800,0,338100
JSWSTEEL30Jan20260PE.NFO,07/01/2020,10:49:24,6.1,6.1,13800,6.2,13800,0,338100
JSWSTEEL30Jan20260PE.NFO,07/01/2020,10:49:27,6.1,6.15,4600,6.25,16100,0,338100
JSWSTEEL30Jan20260PE.NFO,07/01/2020,10:49:34,6.1,6.1,20700,6.2,11500,0,338100
JSWSTEEL30Jan20260PE.NFO,07/01/2020,10:49:40,6.1,6.1,18400,6.2,11500,0,338100
JSWSTEEL30Jan20260PE.NFO,07/01/2020,10:49:44,6.1,6.1,16100,6.2,11500,0,338100
JSWSTEEL30Jan20260PE.NFO,07/01/2020,10:49:48,6.1,6.1,18400,6.2,11500,0,338100
JSWSTEEL30Jan20260PE.NFO,07/01/2020,10:49:59,6.1,6.1,18400,6.2,13800,0,338100
JSWSTEEL30Jan20260PE.NFO,07/01/2020,10:50:05,6.1,6.15,6900,6.25,11500,0,338100
JSWSTEEL30Jan20260PE.NFO,07/01/2020,10:50:10,6.1,6.1,18400,6.2,4600,0,338100
JSWSTEEL30Jan20260PE.NFO,07/01/2020,10:50:21,6.1,6.15,2300,6.25,18400,0,338100
JSWSTEEL30Jan20260PE.NFO,07/01/2020,10:50:25,6.1,6.2,11500,6.3,16100,0,338100
JSWSTEEL30Jan20260PE.NFO,07/01/2020,10:50:33,6.1,6.2,2300,6.3,13800,0,338100
JSWSTEEL30Jan20260PE.NFO,07/01/2020,10:50:42,6.1,6.15,23000,6.25,2300,0,338100
JSWSTEEL30Jan20260PE.NFO,07/01/2020,10:50:48,6.1,6.15,23000,6.25,4600,0,338100
JSWSTEEL30Jan20260PE.NFO,07/01/2020,10:50:51,6.1,6.2,2300,6.3,18400,0,338100
JSWSTEEL30Jan20260PE.NFO,07/01/2020,10:51:14,6.1,6.2,2300,6.3,16100,0,338100
JSWSTEEL30Jan20260PE.NFO,07/01/2020,10:51:16,6.1,6.2,13800,6.3,16100,0,338100
JSWSTEEL30Jan20260PE.NFO,07/01/2020,10:51:26,6.1,6.2,20700,6.3,4600,0,338100
JSWSTEEL30Jan20260PE.NFO,07/01/2020,10:51:37,6.1,6.2,18400,6.3,4600,0,338100
JSWSTEEL30Jan20260PE.NFO,07/01/2020,10:51:47,6.1,6.2,18400,6.3,13800,0,338100
JSWSTEEL30Jan20260PE.NFO,07/01/2020,10:51:50,6.1,6.2,11500,6.3,18400,0,338100
JSWSTEEL30Jan20260PE.NFO,07/01/2020,10:51:53,6.1,6.2,18400,6.3,13800,0,338100
JSWSTEEL30Jan20260PE.NFO,07/01/2020,10:51:57,6.1,6.2,20700,6.3,4600,0,338100
JSWSTEEL30Jan20260PE.NFO,07/01/2020,10:52:01,6.1,6.2,20700,6.3,11500,0,338100
JSWSTEEL30Jan20260PE.NFO,07/01/2020,10:52:09,6.1,6.25,11500,6.35,11500,0,338100
JSWSTEEL30Jan20260PE.NFO,07/01/2020,10:52:13,6.1,6.25,13800,6.35,11500,0,338100
JSWSTEEL30Jan20260PE.NFO,07/01/2020,10:52:21,6.1,6.25,20700,6.35,11500,0,338100
JSWSTEEL30Jan20260PE.NFO,07/01/2020,10:52:36,6.1,6.25,13800,6.35,13800,0,338100
JSWSTEEL30Jan20260PE.NFO,07/01/2020,10:52:45,6.1,6.25,13800,6.35,11500,0,338100
JSWSTEEL30Jan20260PE.NFO,07/01/2020,10:52:53,6.1,6.3,2300,6.35,4600,0,338100
JSWSTEEL30Jan20260PE.NFO,07/01/2020,10:52:57,6.35,6.4,2300,6.5,9200,4600,335800
JSWSTEEL30Jan20260PE.NFO,07/01/2020,10:53:03,6.35,6.4,2300,6.5,6900,0,335800
JSWSTEEL30Jan20260PE.NFO,07/01/2020,10:53:08,6.35,6.4,9200,6.5,6900,0,335800
JSWSTEEL30Jan20260PE.NFO,07/01/2020,10:53:30,6.35,6.4,2300,6.5,9200,0,335800
JSWSTEEL30Jan20260PE.NFO,07/01/2020,10:53:35,6.35,6.4,4600,6.5,9200,0,335800
JSWSTEEL30Jan20260PE.NFO,07/01/2020,10:53:40,6.35,6.4,2300,6.5,9200,0,335800
JSWSTEEL30Jan20260PE.NFO,07/01/2020,10:53:46,6.35,6.4,11500,6.5,6900,0,335800
JSWSTEEL30Jan20260PE.NFO,07/01/2020,10:53:51,6.35,6.45,18400,6.55,6900,0,335800
JSWSTEEL30Jan20260PE.NFO,07/01/2020,10:53:57,6.35,6.45,6900,6.55,6900,0,335800
JSWSTEEL30Jan20260PE.NFO,07/01/2020,10:54:06,6.35,6.45,9200,6.55,6900,0,335800
JSWSTEEL30Jan20260PE.NFO,07/01/2020,10:54:16,6.35,6.45,20700,6.6,9200,0,335800
JSWSTEEL30Jan20260PE.NFO,07/01/2020,10:54:21,6.35,6.5,2300,6.6,6900,0,335800
JSWSTEEL30Jan20260PE.NFO,07/01/2020,10:54:34,6.35,6.45,16100,6.55,6900,0,335800
JSWSTEEL30Jan20260PE.NFO,07/01/2020,10:54:37,6.35,6.5,2300,6.6,6900,0,335800
JSWSTEEL30Jan20260PE.NFO,07/01/2020,10:54:44,6.35,6.5,9200,6.6,6900,0,335800
JSWSTEEL30Jan20260PE.NFO,07/01/2020,10:54:54,6.35,6.45,13800,6.55,6900,0,335800
JSWSTEEL30Jan20260PE.NFO,07/01/2020,10:54:59,6.35,6.5,2300,6.6,6900,0,335800
JSWSTEEL30Jan20260PE.NFO,07/01/2020,10:55:04,6.35,6.5,6900,6.6,6900,0,335800
JSWSTEEL30Jan20260PE.NFO,07/01/2020,10:55:09,6.35,6.45,23000,6.6,9200,0,335800
JSWSTEEL30Jan20260PE.NFO,07/01/2020,10:55:13,6.35,6.5,11500,6.6,6900,0,335800
JSWSTEEL30Jan20260PE.NFO,07/01/2020,10:55:29,6.35,6.5,13800,6.6,6900,0,335800
JSWSTEEL30Jan20260PE.NFO,07/01/2020,10:55:41,6.35,6.55,2300,6.6,6900,0,335800
JSWSTEEL30Jan20260PE.NFO,07/01/2020,10:55:46,6.35,6.5,13800,6.6,6900,0,335800
JSWSTEEL30Jan20260PE.NFO,07/01/2020,10:55:51,6.55,6.5,13800,6.6,6900,2300,335800
JSWSTEEL30Jan20260PE.NFO,07/01/2020,10:55:56,6.55,6.5,18400,6.6,6900,0,335800
JSWSTEEL30Jan20260PE.NFO,07/01/2020,10:56:00,6.55,6.5,11500,6.6,6900,0,335800
JSWSTEEL30Jan20260PE.NFO,07/01/2020,10:56:04,6.55,6.5,2300,6.6,9200,0,335800
JSWSTEEL30Jan20260PE.NFO,07/01/2020,10:56:09,6.55,6.5,2300,6.55,6900,0,335800
JSWSTEEL30Jan20260PE.NFO,07/01/2020,10:56:14,6.55,6.5,4600,6.6,9200,0,335800
JSWSTEEL30Jan20260PE.NFO,07/01/2020,10:56:22,6.55,6.5,2300,6.6,9200,0,335800
JSWSTEEL30Jan20260PE.NFO,07/01/2020,10:56:30,6.55,6.5,11500,6.6,9200,0,335800
JSWSTEEL30Jan20260PE.NFO,07/01/2020,10:56:36,6.55,6.55,2300,6.65,11500,0,335800
JSWSTEEL30Jan20260PE.NFO,07/01/2020,10:56:41,6.55,6.55,2300,6.65,9200,0,335800
JSWSTEEL30Jan20260PE.NFO,07/01/2020,10:56:45,6.65,6.55,13800,6.65,6900,2300,333500
JSWSTEEL30Jan20260PE.NFO,07/01/2020,10:56:45,6.65,6.55,13800,6.65,6900,0,333500
JSWSTEEL30Jan20260PE.NFO,07/01/2020,10:56:54,6.65,6.6,2300,6.7,4600,6900,333500
JSWSTEEL30Jan20260PE.NFO,07/01/2020,10:57:01,6.65,6.6,2300,6.7,6900,0,333500
JSWSTEEL30Jan20260PE.NFO,07/01/2020,10:57:11,6.65,6.65,4600,6.8,11500,0,333500
JSWSTEEL30Jan20260PE.NFO,07/01/2020,10:57:17,6.65,6.6,4600,6.75,11500,2300,333500
JSWSTEEL30Jan20260PE.NFO,07/01/2020,10:57:23,6.65,6.6,4600,6.75,11500,0,333500
JSWSTEEL30Jan20260PE.NFO,07/01/2020,10:57:31,6.65,6.6,4600,6.7,4600,0,333500
JSWSTEEL30Jan20260PE.NFO,07/01/2020,10:57:38,6.65,6.55,13800,6.7,9200,0,333500
JSWSTEEL30Jan20260PE.NFO,07/01/2020,10:57:44,6.65,6.55,2300,6.65,6900,0,333500
JSWSTEEL30Jan20260PE.NFO,07/01/2020,10:57:50,6.65,6.55,4600,6.65,6900,0,333500
JSWSTEEL30Jan20260PE.NFO,07/01/2020,10:57:56,6.65,6.55,2300,6.65,6900,0,333500
JSWSTEEL30Jan20260PE.NFO,07/01/2020,10:58:02,6.55,6.5,2300,6.6,6900,2300,333500
JSWSTEEL30Jan20260PE.NFO,07/01/2020,10:58:15,6.55,6.45,11500,6.55,2300,0,333500
JSWSTEEL30Jan20260PE.NFO,07/01/2020,10:58:22,6.55,6.5,2300,6.6,9200,0,333500
JSWSTEEL30Jan20260PE.NFO,07/01/2020,10:58:28,6.55,6.5,4600,6.6,4600,0,333500
JSWSTEEL30Jan20260PE.NFO,07/01/2020,10:58:35,6.55,6.5,2300,6.6,4600,0,333500
JSWSTEEL30Jan20260PE.NFO,07/01/2020,10:58:41,6.55,6.5,11500,6.6,2300,0,333500
JSWSTEEL30Jan20260PE.NFO,07/01/2020,10:58:47,6.55,6.55,4600,6.65,9200,0,333500
JSWSTEEL30Jan20260PE.NFO,07/01/2020,10:58:53,6.55,6.55,4600,6.65,4600,0,333500
JSWSTEEL30Jan20260PE.NFO,07/01/2020,10:58:59,6.55,6.45,18400,6.6,11500,0,333500
JSWSTEEL30Jan20260PE.NFO,07/01/2020,10:59:06,6.55,6.5,2300,6.6,11500,0,333500
JSWSTEEL30Jan20260PE.NFO,07/01/2020,10:59:13,6.55,6.55,2300,6.65,11500,0,333500
JSWSTEEL30Jan20260PE.NFO,07/01/2020,10:59:30,6.55,6.5,16100,6.65,11500,0,333500
JSWSTEEL30Jan20260PE.NFO,07/01/2020,10:59:36,6.55,6.55,2300,6.6,9200,0,333500
JSWSTEEL30Jan20260PE.NFO,07/01/2020,10:59:48,6.55,6.5,11500,6.6,9200,0,333500
JSWSTEEL30Jan20260PE.NFO,07/01/2020,10:59:54,6.55,6.5,9200,6.6,9200,0,333500
JSWSTEEL30Jan20260PE.NFO,07/01/2020,10:59:59,6.55,6.4,16100,6.5,2300,0,333500
JSWSTEEL30Jan20260PE.NFO,07/01/2020,11:00:06,6.55,6.55,6900,6.6,2300,0,333500
JSWSTEEL30Jan20260PE.NFO,07/01/2020,11:00:14,6.55,6.5,23000,6.65,11500,0,333500
JSWSTEEL30Jan20260PE.NFO,07/01/2020,11:00:21,6.55,6.55,18400,6.65,2300,0,333500
JSWSTEEL30Jan20260PE.NFO,07/01/2020,11:00:28,6.55,6.6,18400,6.75,11500,0,333500
JSWSTEEL30Jan20260PE.NFO,07/01/2020,11:00:35,6.55,6.7,2300,6.8,16100,0,333500
JSWSTEEL30Jan20260PE.NFO,07/01/2020,11:00:41,6.55,6.65,2300,6.75,16100,0,333500
JSWSTEEL30Jan20260PE.NFO,07/01/2020,11:00:48,6.55,6.65,11500,6.75,9200,0,333500
JSWSTEEL30Jan20260PE.NFO,07/01/2020,11:00:54,6.55,6.7,6900,6.8,6900,0,333500
JSWSTEEL30Jan20260PE.NFO,07/01/2020,11:01:01,6.55,6.7,23000,6.85,13800,0,333500
JSWSTEEL30Jan20260PE.NFO,07/01/2020,11:01:16,6.55,6.75,2300,6.85,11500,0,333500
JSWSTEEL30Jan20260PE.NFO,07/01/2020,11:01:24,6.55,6.85,4600,6.95,9200,0,333500
JSWSTEEL30Jan20260PE.NFO,07/01/2020,11:01:39,6.55,6.8,9200,6.9,9200,0,333500
JSWSTEEL30Jan20260PE.NFO,07/01/2020,11:01:47,6.55,6.7,6900,6.85,13800,0,333500
JSWSTEEL30Jan20260PE.NFO,07/01/2020,11:01:55,6.55,6.7,13800,6.85,4600,0,333500
JSWSTEEL30Jan20260PE.NFO,07/01/2020,11:02:02,6.55,6.7,9200,6.85,11500,0,333500
JSWSTEEL30Jan20260PE.NFO,07/01/2020,11:02:09,6.55,6.65,18400,6.8,9200,0,333500
JSWSTEEL30Jan20260PE.NFO,07/01/2020,11:02:16,6.55,6.7,2300,6.8,4600,0,333500
JSWSTEEL30Jan20260PE.NFO,07/01/2020,11:02:28,6.55,6.75,2300,6.85,2300,0,333500
JSWSTEEL30Jan20260PE.NFO,07/01/2020,11:02:35,6.55,6.75,2300,6.9,11500,0,333500
JSWSTEEL30Jan20260PE.NFO,07/01/2020,11:02:41,6.55,6.75,4600,6.9,13800,0,333500
JSWSTEEL30Jan20260PE.NFO,07/01/2020,11:02:54,6.9,6.85,2300,7,16100,2300,335800
JSWSTEEL30Jan20260PE.NFO,07/01/2020,11:02:54,6.9,6.85,2300,7,16100,0,335800
JSWSTEEL30Jan20260PE.NFO,07/01/2020,11:03:07,6.9,6.9,4600,7.05,11500,0,335800
JSWSTEEL30Jan20260PE.NFO,07/01/2020,11:03:14,6.9,6.9,9200,7.05,11500,0,335800
JSWSTEEL30Jan20260PE.NFO,07/01/2020,11:03:21,6.9,6.95,2300,7.05,9200,0,335800
JSWSTEEL30Jan20260PE.NFO,07/01/2020,11:03:28,6.9,6.95,2300,7.05,6900,0,335800
JSWSTEEL30Jan20260PE.NFO,07/01/2020,11:03:41,7.05,7,20700,7.2,13800,4600,335800
JSWSTEEL30Jan20260PE.NFO,07/01/2020,11:03:41,7.05,7,20700,7.2,13800,0,335800
JSWSTEEL30Jan20260PE.NFO,07/01/2020,11:03:48,7.05,7,4600,7.15,13800,0,335800
JSWSTEEL30Jan20260PE.NFO,07/01/2020,11:03:55,7.05,7,2300,7.1,11500,0,335800
JSWSTEEL30Jan20260PE.NFO,07/01/2020,11:04:02,7.05,7,9200,7.15,9200,0,335800
JSWSTEEL30Jan20260PE.NFO,07/01/2020,11:04:08,7.05,7.05,9200,7.1,2300,0,335800
JSWSTEEL30Jan20260PE.NFO,07/01/2020,11:04:15,7.05,7.05,9200,7.1,9200,0,335800
JSWSTEEL30Jan20260PE.NFO,07/01/2020,11:04:21,7.1,7.05,2300,7.1,4600,9200,335800
JSWSTEEL30Jan20260PE.NFO,07/01/2020,11:04:21,7.1,7.05,2300,7.1,4600,0,335800
JSWSTEEL30Jan20260PE.NFO,07/01/2020,11:04:27,7.1,7,2300,7.1,6900,0,335800
JSWSTEEL30Jan20260PE.NFO,07/01/2020,11:04:34,7.05,7,13800,7.15,6900,4600,335800
JSWSTEEL30Jan20260PE.NFO,07/01/2020,11:04:42,7.05,7,25300,7.15,6900,0,335800
JSWSTEEL30Jan20260PE.NFO,07/01/2020,11:04:48,7.05,7,6900,7.1,4600,0,335800
JSWSTEEL30Jan20260PE.NFO,07/01/2020,11:05:02,7.1,7.05,13800,7.15,6900,4600,335800
JSWSTEEL30Jan20260PE.NFO,07/01/2020,11:05:09,7.1,7.05,18400,7.15,6900,2300,335800
JSWSTEEL30Jan20260PE.NFO,07/01/2020,11:05:16,7.1,7.05,4600,7.1,4600,0,335800
JSWSTEEL30Jan20260PE.NFO,07/01/2020,11:05:23,7.1,7,4600,7.1,9200,0,335800
JSWSTEEL30Jan20260PE.NFO,07/01/2020,11:05:30,7.1,7.05,9200,7.15,6900,0,335800
JSWSTEEL30Jan20260PE.NFO,07/01/2020,11:05:37,7.1,7,6900,7.1,11500,0,335800
JSWSTEEL30Jan20260PE.NFO,07/01/2020,11:05:44,7.1,6.95,4600,7,4600,0,335800
JSWSTEEL30Jan20260PE.NFO,07/01/2020,11:05:50,7.1,6.9,13800,7,6900,0,335800
JSWSTEEL30Jan20260PE.NFO,07/01/2020,11:05:58,7.1,6.95,4600,7,6900,0,335800
JSWSTEEL30Jan20260PE.NFO,07/01/2020,11:06:04,7.1,6.85,16100,6.95,6900,0,335800
JSWSTEEL30Jan20260PE.NFO,07/01/2020,11:06:11,7.1,6.85,4600,6.95,11500,0,335800
JSWSTEEL30Jan20260PE.NFO,07/01/2020,11:06:18,7.1,6.85,11500,6.9,4600,0,335800
JSWSTEEL30Jan20260PE.NFO,07/01/2020,11:06:24,7.1,6.85,20700,6.95,4600,0,335800
JSWSTEEL30Jan20260PE.NFO,07/01/2020,11:06:30,7.1,6.85,4600,6.95,6900,0,335800
JSWSTEEL30Jan20260PE.NFO,07/01/2020,11:06:35,7.1,6.85,2300,6.95,6900,0,335800
JSWSTEEL30Jan20260PE.NFO,07/01/2020,11:06:40,7.1,6.8,20700,6.9,6900,0,335800
JSWSTEEL30Jan20260PE.NFO,07/01/2020,11:06:45,7.1,6.8,20700,6.95,6900,0,335800
JSWSTEEL30Jan20260PE.NFO,07/01/2020,11:06:50,7.1,6.85,6900,6.95,6900,0,335800
JSWSTEEL30Jan20260PE.NFO,07/01/2020,11:06:56,7.1,6.8,20700,6.9,4600,0,335800
JSWSTEEL30Jan20260PE.NFO,07/01/2020,11:07:01,7.1,6.85,2300,6.95,9200,0,335800
JSWSTEEL30Jan20260PE.NFO,07/01/2020,11:07:06,7.1,6.85,6900,6.95,6900,0,335800
JSWSTEEL30Jan20260PE.NFO,07/01/2020,11:07:22,7.1,6.85,6900,6.9,4600,0,335800
JSWSTEEL30Jan20260PE.NFO,07/01/2020,11:07:26,7.1,6.8,16100,6.9,6900,0,335800
JSWSTEEL30Jan20260PE.NFO,07/01/2020,11:07:32,7.1,6.8,6900,6.9,11500,0,335800
JSWSTEEL30Jan20260PE.NFO,07/01/2020,11:07:37,7.1,6.75,16100,6.85,4600,0,335800
JSWSTEEL30Jan20260PE.NFO,07/01/2020,11:07:43,7.1,6.8,11500,6.85,4600,0,335800
JSWSTEEL30Jan20260PE.NFO,07/01/2020,11:07:49,7.1,6.85,6900,6.95,4600,0,335800
JSWSTEEL30Jan20260PE.NFO,07/01/2020,11:07:54,7.1,6.85,6900,6.95,6900,0,335800
JSWSTEEL30Jan20260PE.NFO,07/01/2020,11:07:59,7.1,6.85,18400,6.95,4600,0,335800
JSWSTEEL30Jan20260PE.NFO,07/01/2020,11:08:04,7.1,6.9,4600,7,9200,0,335800
JSWSTEEL30Jan20260PE.NFO,07/01/2020,11:08:08,7.1,6.9,13800,7,6900,0,335800
JSWSTEEL30Jan20260PE.NFO,07/01/2020,11:08:13,7.1,6.9,2300,7,6900,0,335800
JSWSTEEL30Jan20260PE.NFO,07/01/2020,11:08:18,7.1,6.9,13800,7,9200,0,335800
JSWSTEEL30Jan20260PE.NFO,07/01/2020,11:08:23,7.1,6.9,6900,6.95,4600,0,335800
JSWSTEEL30Jan20260PE.NFO,07/01/2020,11:08:29,7.1,6.85,4600,6.95,11500,0,335800
JSWSTEEL30Jan20260PE.NFO,07/01/2020,11:08:35,7.1,6.8,13800,6.9,4600,0,335800
JSWSTEEL30Jan20260PE.NFO,07/01/2020,11:08:39,7.1,6.85,4600,6.95,9200,0,335800
JSWSTEEL30Jan20260PE.NFO,07/01/2020,11:08:44,7.1,6.85,18400,6.95,4600,0,335800
JSWSTEEL30Jan20260PE.NFO,07/01/2020,11:08:58,7.1,6.9,2300,7,6900,0,335800
JSWSTEEL30Jan20260PE.NFO,07/01/2020,11:09:08,7.1,6.9,4600,6.95,4600,0,335800
JSWSTEEL30Jan20260PE.NFO,07/01/2020,11:09:13,7.1,6.9,16100,7,4600,0,335800
JSWSTEEL30Jan20260PE.NFO,07/01/2020,11:09:18,7.1,6.95,13800,7.05,4600,0,335800
JSWSTEEL30Jan20260PE.NFO,07/01/2020,11:09:28,7.1,6.95,9200,7.05,4600,0,335800
JSWSTEEL30Jan20260PE.NFO,07/01/2020,11:09:37,7.1,6.95,16100,7.05,4600,0,335800
JSWSTEEL30Jan20260PE.NFO,07/01/2020,11:09:42,7.1,6.95,11500,7.05,4600,0,335800
JSWSTEEL30Jan20260PE.NFO,07/01/2020,11:09:46,7.1,6.95,9200,7.05,4600,0,335800
JSWSTEEL30Jan20260PE.NFO,07/01/2020,11:09:50,7.1,6.95,9200,7.05,11500,0,335800
JSWSTEEL30Jan20260PE.NFO,07/01/2020,11:09:54,7.1,6.95,2300,7.05,11500,0,335800
JSWSTEEL30Jan20260PE.NFO,07/01/2020,11:10:07,7.1,6.9,23000,7.05,13800,0,335800
JSWSTEEL30Jan20260PE.NFO,07/01/2020,11:10:11,7.1,6.95,2300,7.05,11500,0,335800
JSWSTEEL30Jan20260PE.NFO,07/01/2020,11:10:20,7.1,6.9,11500,7,11500,0,335800
JSWSTEEL30Jan20260PE.NFO,07/01/2020,11:10:26,7.1,6.9,23000,7,11500,0,335800
JSWSTEEL30Jan20260PE.NFO,07/01/2020,11:10:31,7.1,6.9,13800,7,11500,0,335800
JSWSTEEL30Jan20260PE.NFO,07/01/2020,11:10:47,7.1,6.9,9200,6.95,2300,0,335800
JSWSTEEL30Jan20260PE.NFO,07/01/2020,11:10:50,7.1,6.9,4600,6.95,2300,0,335800
JSWSTEEL30Jan20260PE.NFO,07/01/2020,11:11:07,6.95,6.95,2300,7.05,13800,2300,333500
JSWSTEEL30Jan20260PE.NFO,07/01/2020,11:11:13,6.95,6.95,9200,7.05,13800,0,333500
JSWSTEEL30Jan20260PE.NFO,07/01/2020,11:11:19,6.95,7,2300,7.05,2300,0,333500
JSWSTEEL30Jan20260PE.NFO,07/01/2020,11:11:25,6.95,7,6900,7.1,2300,0,333500
JSWSTEEL30Jan20260PE.NFO,07/01/2020,11:11:33,6.95,7.05,4600,7.15,11500,0,333500
JSWSTEEL30Jan20260PE.NFO,07/01/2020,11:11:40,6.95,7.05,18400,7.2,11500,0,333500
JSWSTEEL30Jan20260PE.NFO,07/01/2020,11:11:47,6.95,7.05,9200,7.2,11500,0,333500
JSWSTEEL30Jan20260PE.NFO,07/01/2020,11:11:53,6.95,7.1,2300,7.2,11500,0,333500
JSWSTEEL30Jan20260PE.NFO,07/01/2020,11:11:59,6.95,7.15,2300,7.25,11500,0,333500
JSWSTEEL30Jan20260PE.NFO,07/01/2020,11:12:08,6.95,7.1,9200,7.2,2300,0,333500
JSWSTEEL30Jan20260PE.NFO,07/01/2020,11:12:16,6.95,7.1,2300,7.2,11500,0,333500
JSWSTEEL30Jan20260PE.NFO,07/01/2020,11:12:23,6.95,7.1,4600,7.2,11500,0,333500
JSWSTEEL30Jan20260PE.NFO,07/01/2020,11:12:30,6.95,7.05,2300,7.15,11500,0,333500
JSWSTEEL30Jan20260PE.NFO,07/01/2020,11:12:36,6.95,7.05,4600,7.15,11500,0,333500
JSWSTEEL30Jan20260PE.NFO,07/01/2020,11:12:42,6.95,7.05,4600,7.15,9200,0,333500
JSWSTEEL30Jan20260PE.NFO,07/01/2020,11:12:47,6.95,7.05,4600,7.15,6900,0,333500
JSWSTEEL30Jan20260PE.NFO,07/01/2020,11:12:52,6.95,7.05,4600,7.15,9200,0,333500
JSWSTEEL30Jan20260PE.NFO,07/01/2020,11:12:57,6.95,7.05,4600,7.15,16100,0,333500
JSWSTEEL30Jan20260PE.NFO,07/01/2020,11:13:08,6.95,7.1,2300,7.2,11500,0,333500
JSWSTEEL30Jan20260PE.NFO,07/01/2020,11:13:14,6.95,7.05,6900,7.15,2300,0,333500
JSWSTEEL30Jan20260PE.NFO,07/01/2020,11:13:19,6.95,7.1,2300,7.2,11500,0,333500
JSWSTEEL30Jan20260PE.NFO,07/01/2020,11:13:25,6.95,7.1,2300,7.2,13800,0,333500
JSWSTEEL30Jan20260PE.NFO,07/01/2020,11:13:30,6.95,7.1,4600,7.2,6900,0,333500
JSWSTEEL30Jan20260PE.NFO,07/01/2020,11:13:37,6.95,7.15,2300,7.25,9200,0,333500
JSWSTEEL30Jan20260PE.NFO,07/01/2020,11:13:43,6.95,7.1,4600,7.2,9200,0,333500
JSWSTEEL30Jan20260PE.NFO,07/01/2020,11:14:00,6.95,7.1,4600,7.2,6900,0,333500
JSWSTEEL30Jan20260PE.NFO,07/01/2020,11:14:05,6.95,7.1,2300,7.15,9200,0,333500
JSWSTEEL30Jan20260PE.NFO,07/01/2020,11:14:11,6.95,7.1,2300,7.2,13800,0,333500
JSWSTEEL30Jan20260PE.NFO,07/01/2020,11:14:17,6.95,7.1,2300,7.2,11500,0,333500
JSWSTEEL30Jan20260PE.NFO,07/01/2020,11:14:23,6.95,7.05,6900,7.2,13800,0,333500
JSWSTEEL30Jan20260PE.NFO,07/01/2020,11:14:28,6.95,7.1,2300,7.2,13800,0,333500
JSWSTEEL30Jan20260PE.NFO,07/01/2020,11:14:33,6.95,7.1,2300,7.2,11500,0,333500
JSWSTEEL30Jan20260PE.NFO,07/01/2020,11:14:42,6.95,7.1,6900,7.2,2300,0,333500
JSWSTEEL30Jan20260PE.NFO,07/01/2020,11:14:48,6.95,7.1,6900,7.2,9200,0,333500
JSWSTEEL30Jan20260PE.NFO,07/01/2020,11:14:53,6.95,7.15,2300,7.25,11500,0,333500
JSWSTEEL30Jan20260PE.NFO,07/01/2020,11:14:59,7.25,7.2,2300,7.25,4600,2300,333500
JSWSTEEL30Jan20260PE.NFO,07/01/2020,11:14:59,7.25,7.2,2300,7.25,4600,0,333500
JSWSTEEL30Jan20260PE.NFO,07/01/2020,11:15:06,7.25,7.2,6900,7.3,2300,0,333500
JSWSTEEL30Jan20260PE.NFO,07/01/2020,11:15:12,7.25,7.3,2300,7.4,13800,0,333500
JSWSTEEL30Jan20260PE.NFO,07/01/2020,11:15:17,7.25,7.25,6900,7.35,11500,0,333500
JSWSTEEL30Jan20260PE.NFO,07/01/2020,11:15:22,7.25,7.2,6900,7.3,9200,0,333500
JSWSTEEL30Jan20260PE.NFO,07/01/2020,11:15:27,7.25,7.25,6900,7.35,9200,0,333500
JSWSTEEL30Jan20260PE.NFO,07/01/2020,11:15:33,7.25,7.3,11500,7.45,9200,0,333500
JSWSTEEL30Jan20260PE.NFO,07/01/2020,11:15:39,7.25,7.25,13800,7.35,2300,0,333500
JSWSTEEL30Jan20260PE.NFO,07/01/2020,11:15:44,7.25,7.3,2300,7.4,6900,0,333500
JSWSTEEL30Jan20260PE.NFO,07/01/2020,11:15:49,7.25,7.3,2300,7.4,4600,0,333500
JSWSTEEL30Jan20260PE.NFO,07/01/2020,11:15:54,7.25,7.3,4600,7.4,4600,0,333500
JSWSTEEL30Jan20260PE.NFO,07/01/2020,11:16:00,7.25,7.3,9200,7.4,2300,0,333500
JSWSTEEL30Jan20260PE.NFO,07/01/2020,11:16:06,7.25,7.25,11500,7.35,2300,0,333500
JSWSTEEL30Jan20260PE.NFO,07/01/2020,11:16:13,7.25,7.25,2300,7.35,2300,0,333500
JSWSTEEL30Jan20260PE.NFO,07/01/2020,11:16:19,7.2,7.2,2300,7.3,6900,2300,333500
JSWSTEEL30Jan20260PE.NFO,07/01/2020,11:16:26,7.2,7.15,16100,7.3,6900,0,333500
JSWSTEEL30Jan20260PE.NFO,07/01/2020,11:16:32,7.2,7.15,11500,7.3,9200,0,333500
JSWSTEEL30Jan20260PE.NFO,07/01/2020,11:16:37,7.2,7.15,11500,7.25,4600,0,333500
JSWSTEEL30Jan20260PE.NFO,07/01/2020,11:16:42,7.2,7.15,6900,7.25,2300,0,333500
JSWSTEEL30Jan20260PE.NFO,07/01/2020,11:16:48,7.2,7.15,4600,7.25,2300,0,333500
JSWSTEEL30Jan20260PE.NFO,07/01/2020,11:16:55,7.2,7.2,4600,7.3,2300,0,333500
JSWSTEEL30Jan20260PE.NFO,07/01/2020,11:17:01,7.2,7.2,2300,7.3,6900,0,333500
JSWSTEEL30Jan20260PE.NFO,07/01/2020,11:17:06,7.2,7.2,2300,7.3,4600,0,333500
JSWSTEEL30Jan20260PE.NFO,07/01/2020,11:17:10,7.2,7.2,2300,7.3,2300,0,333500
JSWSTEEL30Jan20260PE.NFO,07/01/2020,11:17:15,7.2,7.15,13800,7.3,6900,0,333500
JSWSTEEL30Jan20260PE.NFO,07/01/2020,11:17:19,7.2,7.15,4600,7.25,2300,0,333500
JSWSTEEL30Jan20260PE.NFO,07/01/2020,11:17:34,7.2,7.1,9200,7.25,9200,0,333500
JSWSTEEL30Jan20260PE.NFO,07/01/2020,11:17:41,7.2,7.15,2300,7.25,2300,0,333500
JSWSTEEL30Jan20260PE.NFO,07/01/2020,11:17:47,7.2,7.1,11500,7.25,6900,0,333500
JSWSTEEL30Jan20260PE.NFO,07/01/2020,11:17:52,7.2,7.1,11500,7.2,2300,0,333500
JSWSTEEL30Jan20260PE.NFO,07/01/2020,11:17:56,7.2,7.15,4600,7.25,2300,0,333500
JSWSTEEL30Jan20260PE.NFO,07/01/2020,11:18:07,7.2,7.15,18400,7.25,2300,0,333500
JSWSTEEL30Jan20260PE.NFO,07/01/2020,11:18:12,7.2,7.1,13800,7.25,4600,0,333500
JSWSTEEL30Jan20260PE.NFO,07/01/2020,11:18:18,7.2,7.15,2300,7.25,2300,0,333500
JSWSTEEL30Jan20260PE.NFO,07/01/2020,11:18:23,7.2,7.15,4600,7.25,2300,0,333500
JSWSTEEL30Jan20260PE.NFO,07/01/2020,11:18:32,7.2,7.1,18400,7.25,6900,0,333500
JSWSTEEL30Jan20260PE.NFO,07/01/2020,11:18:38,7.2,7.05,4600,7.15,2300,0,333500
JSWSTEEL30Jan20260PE.NFO,07/01/2020,11:18:50,7.2,7.05,18400,7.2,9200,0,333500
JSWSTEEL30Jan20260PE.NFO,07/01/2020,11:18:56,7.2,7.05,18400,7.2,6900,0,333500
JSWSTEEL30Jan20260PE.NFO,07/01/2020,11:19:02,7.2,7.1,2300,7.15,2300,0,333500
JSWSTEEL30Jan20260PE.NFO,07/01/2020,11:19:07,7.2,7.1,2300,7.2,6900,0,333500
JSWSTEEL30Jan20260PE.NFO,07/01/2020,11:19:13,7.2,7.1,9200,7.2,2300,0,333500
JSWSTEEL30Jan20260PE.NFO,07/01/2020,11:19:20,7.2,7.2,11500,7.35,4600,0,333500
JSWSTEEL30Jan20260PE.NFO,07/01/2020,11:19:28,7.2,7.1,18400,7.25,9200,0,333500
JSWSTEEL30Jan20260PE.NFO,07/01/2020,11:19:35,7.2,7.1,4600,7.2,2300,0,333500
JSWSTEEL30Jan20260PE.NFO,07/01/2020,11:19:41,7.2,7.05,16100,7.2,2300,0,333500
JSWSTEEL30Jan20260PE.NFO,07/01/2020,11:19:48,7.2,7.1,13800,7.25,11500,0,333500
JSWSTEEL30Jan20260PE.NFO,07/01/2020,11:19:58,7.2,7.1,6900,7.2,2300,0,333500
JSWSTEEL30Jan20260PE.NFO,07/01/2020,11:20:03,7.2,7.1,18400,7.25,6900,0,333500
JSWSTEEL30Jan20260PE.NFO,07/01/2020,11:20:15,7.2,7.05,18400,7.2,4600,0,333500
JSWSTEEL30Jan20260PE.NFO,07/01/2020,11:20:25,7.2,7.05,6900,7.15,2300,0,333500
JSWSTEEL30Jan20260PE.NFO,07/01/2020,11:20:31,7.2,7.05,4600,7.15,2300,0,333500
JSWSTEEL30Jan20260PE.NFO,07/01/2020,11:20:37,7.2,7.05,2300,7.15,2300,0,333500
JSWSTEEL30Jan20260PE.NFO,07/01/2020,11:20:47,7.2,7,4600,7.1,4600,0,333500
JSWSTEEL30Jan20260PE.NFO,07/01/2020,11:20:52,7.2,6.95,6900,7.05,2300,0,333500
JSWSTEEL30Jan20260PE.NFO,07/01/2020,11:20:58,7.2,6.95,4600,7.05,2300,0,333500
JSWSTEEL30Jan20260PE.NFO,07/01/2020,11:21:04,7.2,6.95,11500,7.05,2300,0,333500
JSWSTEEL30Jan20260PE.NFO,07/01/2020,11:21:09,7.2,6.95,9200,7.1,16100,0,333500
JSWSTEEL30Jan20260PE.NFO,07/01/2020,11:21:13,7,6.9,20700,7.05,4600,2300,333500
JSWSTEEL30Jan20260PE.NFO,07/01/2020,11:21:17,7,6.95,6900,7.1,16100,0,335800
JSWSTEEL30Jan20260PE.NFO,07/01/2020,11:21:22,7,7,2300,7.1,13800,0,335800
JSWSTEEL30Jan20260PE.NFO,07/01/2020,11:21:34,7,7,20700,7.15,2300,0,335800
JSWSTEEL30Jan20260PE.NFO,07/01/2020,11:21:40,7,7.05,4600,7.15,2300,0,335800
JSWSTEEL30Jan20260PE.NFO,07/01/2020,11:21:45,7,7,6900,7.1,2300,0,335800
JSWSTEEL30Jan20260PE.NFO,07/01/2020,11:22:28,7,7,2300,7.1,4600,0,335800
JSWSTEEL30Jan20260PE.NFO,07/01/2020,11:22:33,7,7,6900,7.1,4600,0,335800
JSWSTEEL30Jan20260PE.NFO,07/01/2020,11:22:42,7,7,16100,7.15,9200,0,335800
JSWSTEEL30Jan20260PE.NFO,07/01/2020,11:22:50,7,7,16100,7.15,2300,0,335800
JSWSTEEL30Jan20260PE.NFO,07/01/2020,11:22:56,7,7,9200,7.1,2300,0,335800
JSWSTEEL30Jan20260PE.NFO,07/01/2020,11:23:02,7,6.95,20700,7.1,2300,0,335800
JSWSTEEL30Jan20260PE.NFO,07/01/2020,11:23:07,7,7,6900,7.1,2300,0,335800
JSWSTEEL30Jan20260PE.NFO,07/01/2020,11:23:12,7,7.05,2300,7.15,2300,0,335800
JSWSTEEL30Jan20260PE.NFO,07/01/2020,11:23:18,7,7.05,6900,7.15,2300,0,335800
JSWSTEEL30Jan20260PE.NFO,07/01/2020,11:23:22,7,6.95,18400,7.1,2300,0,335800
JSWSTEEL30Jan20260PE.NFO,07/01/2020,11:23:35,7,6.95,16100,7.1,6900,0,335800
JSWSTEEL30Jan20260PE.NFO,07/01/2020,11:23:39,7,6.95,13800,7.05,2300,0,335800
JSWSTEEL30Jan20260PE.NFO,07/01/2020,11:23:44,7,7,2300,7.1,18400,0,335800
JSWSTEEL30Jan20260PE.NFO,07/01/2020,11:23:53,7,7,2300,7.1,16100,0,335800
JSWSTEEL30Jan20260PE.NFO,07/01/2020,11:23:58,7,6.9,18400,7.05,11500,0,335800
JSWSTEEL30Jan20260PE.NFO,07/01/2020,11:24:04,7,6.95,2300,7.05,11500,0,335800
JSWSTEEL30Jan20260PE.NFO,07/01/2020,11:24:10,7,6.95,2300,7.05,6900,0,335800
JSWSTEEL30Jan20260PE.NFO,07/01/2020,11:24:25,7,6.9,18400,7,9200,0,335800
JSWSTEEL30Jan20260PE.NFO,07/01/2020,11:24:29,7,6.9,16100,7,9200,0,335800
JSWSTEEL30Jan20260PE.NFO,07/01/2020,11:24:34,7,6.9,4600,7,13800,0,335800
JSWSTEEL30Jan20260PE.NFO,07/01/2020,11:24:39,7,6.85,18400,7,16100,0,335800
JSWSTEEL30Jan20260PE.NFO,07/01/2020,11:24:43,7,6.85,18400,7,18400,0,335800
JSWSTEEL30Jan20260PE.NFO,07/01/2020,11:24:48,7,6.85,18400,7,23000,0,335800
JSWSTEEL30Jan20260PE.NFO,07/01/2020,11:24:56,7,6.85,18400,7,20700,0,335800
JSWSTEEL30Jan20260PE.NFO,07/01/2020,11:25:00,7,6.9,4600,7,16100,0,335800
JSWSTEEL30Jan20260PE.NFO,07/01/2020,11:25:06,7,6.85,18400,7,16100,0,335800
JSWSTEEL30Jan20260PE.NFO,07/01/2020,11:25:19,7,6.9,16100,7,9200,0,335800
JSWSTEEL30Jan20260PE.NFO,07/01/2020,11:25:30,6.95,6.9,16100,6.95,4600,4600,335800
JSWSTEEL30Jan20260PE.NFO,07/01/2020,11:25:34,6.95,6.9,16100,6.95,4600,0,335800
JSWSTEEL30Jan20260PE.NFO,07/01/2020,11:25:39,6.95,6.9,13800,6.95,4600,0,335800
JSWSTEEL30Jan20260PE.NFO,07/01/2020,11:25:44,6.95,6.85,13800,6.95,4600,0,335800
JSWSTEEL30Jan20260PE.NFO,07/01/2020,11:25:50,6.95,6.9,4600,6.95,4600,0,335800
JSWSTEEL30Jan20260PE.NFO,07/01/2020,11:25:55,6.95,6.9,13800,6.95,4600,0,335800
JSWSTEEL30Jan20260PE.NFO,07/01/2020,11:25:59,6.95,6.9,4600,6.95,4600,0,335800
JSWSTEEL30Jan20260PE.NFO,07/01/2020,11:26:17,6.9,6.85,9200,7,13800,4600,335800
JSWSTEEL30Jan20260PE.NFO,07/01/2020,11:26:21,6.9,6.85,9200,7,13800,0,335800
JSWSTEEL30Jan20260PE.NFO,07/01/2020,11:26:26,6.9,6.85,11500,6.95,4600,0,335800
JSWSTEEL30Jan20260PE.NFO,07/01/2020,11:26:35,6.9,6.8,9200,6.9,4600,0,335800
JSWSTEEL30Jan20260PE.NFO,07/01/2020,11:26:41,6.9,6.85,11500,7,11500,0,335800
JSWSTEEL30Jan20260PE.NFO,07/01/2020,11:26:46,6.9,6.85,13800,6.95,4600,0,335800
JSWSTEEL30Jan20260PE.NFO,07/01/2020,11:26:58,6.9,6.85,11500,6.95,4600,0,335800
JSWSTEEL30Jan20260PE.NFO,07/01/2020,11:27:16,6.9,6.9,9200,7,13800,0,335800
JSWSTEEL30Jan20260PE.NFO,07/01/2020,11:27:27,6.9,6.9,2300,7,13800,0,335800
JSWSTEEL30Jan20260PE.NFO,07/01/2020,11:27:39,6.9,6.85,11500,6.95,4600,0,335800
JSWSTEEL30Jan20260PE.NFO,07/01/2020,11:28:08,6.9,6.85,9200,6.95,11500,0,335800
JSWSTEEL30Jan20260PE.NFO,07/01/2020,11:28:12,6.9,6.85,9200,6.95,13800,0,335800
JSWSTEEL30Jan20260PE.NFO,07/01/2020,11:28:20,6.9,6.85,9200,6.95,6900,0,335800
JSWSTEEL30Jan20260PE.NFO,07/01/2020,11:28:27,6.9,6.85,6900,6.95,6900,0,335800
JSWSTEEL30Jan20260PE.NFO,07/01/2020,11:28:30,6.9,6.9,4600,6.95,6900,0,335800
JSWSTEEL30Jan20260PE.NFO,07/01/2020,11:28:46,6.9,6.9,4600,6.95,9200,0,335800
JSWSTEEL30Jan20260PE.NFO,07/01/2020,11:29:08,6.9,6.9,4600,6.95,4600,0,335800
JSWSTEEL30Jan20260PE.NFO,07/01/2020,11:29:27,6.9,6.9,2300,6.95,13800,0,335800
JSWSTEEL30Jan20260PE.NFO,07/01/2020,11:29:38,6.9,6.85,2300,6.95,11500,4600,326600
JSWSTEEL30Jan20260PE.NFO,07/01/2020,11:29:42,6.9,6.85,2300,6.95,11500,0,326600
JSWSTEEL30Jan20260PE.NFO,07/01/2020,11:29:53,6.9,6.85,6900,6.95,11500,0,326600
JSWSTEEL30Jan20260PE.NFO,07/01/2020,11:30:00,6.9,6.85,6900,6.95,9200,0,326600
JSWSTEEL30Jan20260PE.NFO,07/01/2020,11:30:03,6.9,6.85,2300,6.95,11500,0,326600
JSWSTEEL30Jan20260PE.NFO,07/01/2020,11:30:09,6.9,6.85,2300,6.95,13800,0,326600
JSWSTEEL30Jan20260PE.NFO,07/01/2020,11:30:18,6.9,6.85,2300,6.95,16100,0,326600
JSWSTEEL30Jan20260PE.NFO,07/01/2020,11:30:22,6.9,6.8,9200,6.9,2300,0,326600
JSWSTEEL30Jan20260PE.NFO,07/01/2020,11:30:27,6.9,6.8,11500,6.95,16100,0,326600
JSWSTEEL30Jan20260PE.NFO,07/01/2020,11:30:34,6.9,6.75,13800,6.9,13800,0,326600
JSWSTEEL30Jan20260PE.NFO,07/01/2020,11:30:43,6.9,6.75,11500,6.85,2300,0,326600
JSWSTEEL30Jan20260PE.NFO,07/01/2020,11:30:46,6.9,6.75,4600,6.85,16100,0,326600
JSWSTEEL30Jan20260PE.NFO,07/01/2020,11:30:50,6.9,6.7,13800,6.85,16100,0,326600
JSWSTEEL30Jan20260PE.NFO,07/01/2020,11:31:03,6.9,6.65,2300,6.8,11500,0,326600
JSWSTEEL30Jan20260PE.NFO,07/01/2020,11:31:09,6.9,6.65,9200,6.8,18400,0,326600
JSWSTEEL30Jan20260PE.NFO,07/01/2020,11:31:15,6.9,6.65,2300,6.8,20700,0,326600
JSWSTEEL30Jan20260PE.NFO,07/01/2020,11:31:19,6.9,6.65,2300,6.75,4600,0,326600
JSWSTEEL30Jan20260PE.NFO,07/01/2020,11:31:23,6.9,6.65,4600,6.8,18400,0,326600
JSWSTEEL30Jan20260PE.NFO,07/01/2020,11:31:28,6.9,6.65,4600,6.75,2300,0,326600
JSWSTEEL30Jan20260PE.NFO,07/01/2020,11:31:33,6.9,6.65,4600,6.75,4600,0,326600
JSWSTEEL30Jan20260PE.NFO,07/01/2020,11:31:50,6.9,6.6,9200,6.7,2300,0,326600
JSWSTEEL30Jan20260PE.NFO,07/01/2020,11:31:57,6.9,6.6,11500,6.75,16100,0,326600
JSWSTEEL30Jan20260PE.NFO,07/01/2020,11:32:03,6.9,6.6,2300,6.7,2300,0,326600
JSWSTEEL30Jan20260PE.NFO,07/01/2020,11:32:08,6.9,6.65,9200,6.8,16100,0,326600
JSWSTEEL30Jan20260PE.NFO,07/01/2020,11:32:14,6.9,6.65,11500,6.8,16100,0,326600
JSWSTEEL30Jan20260PE.NFO,07/01/2020,11:32:19,6.9,6.65,13800,6.8,16100,0,326600
JSWSTEEL30Jan20260PE.NFO,07/01/2020,11:32:23,6.9,6.65,6900,6.75,2300,0,326600
JSWSTEEL30Jan20260PE.NFO,07/01/2020,11:32:33,6.9,6.65,13800,6.8,16100,0,326600
JSWSTEEL30Jan20260PE.NFO,07/01/2020,11:32:38,6.9,6.65,6900,6.75,2300,0,326600
JSWSTEEL30Jan20260PE.NFO,07/01/2020,11:32:48,6.9,6.65,16100,6.8,16100,0,326600
JSWSTEEL30Jan20260PE.NFO,07/01/2020,11:33:05,6.9,6.65,4600,6.75,9200,0,326600
JSWSTEEL30Jan20260PE.NFO,07/01/2020,11:33:09,6.9,6.65,4600,6.75,13800,0,326600
JSWSTEEL30Jan20260PE.NFO,07/01/2020,11:33:17,6.9,6.65,4600,6.75,6900,0,326600
JSWSTEEL30Jan20260PE.NFO,07/01/2020,11:33:35,6.9,6.6,6900,6.7,4600,0,326600
JSWSTEEL30Jan20260PE.NFO,07/01/2020,11:33:39,6.9,6.6,13800,6.7,4600,0,326600
JSWSTEEL30Jan20260PE.NFO,07/01/2020,11:33:57,6.9,6.6,16100,6.7,4600,0,326600
JSWSTEEL30Jan20260PE.NFO,07/01/2020,11:34:02,6.9,6.6,9200,6.7,4600,0,326600
JSWSTEEL30Jan20260PE.NFO,07/01/2020,11:34:08,6.9,6.5,18400,6.65,20700,0,326600
JSWSTEEL30Jan20260PE.NFO,07/01/2020,11:34:15,6.9,6.55,4600,6.65,20700,0,326600
JSWSTEEL30Jan20260PE.NFO,07/01/2020,11:34:22,6.9,6.55,4600,6.65,13800,0,326600
JSWSTEEL30Jan20260PE.NFO,07/01/2020,11:34:27,6.9,6.55,4600,6.65,18400,0,326600
JSWSTEEL30Jan20260PE.NFO,07/01/2020,11:34:34,6.9,6.5,18400,6.65,23000,0,326600
JSWSTEEL30Jan20260PE.NFO,07/01/2020,11:34:40,6.9,6.5,16100,6.6,6900,0,326600
JSWSTEEL30Jan20260PE.NFO,07/01/2020,11:34:46,6.9,6.55,4600,6.65,16100,0,326600
JSWSTEEL30Jan20260PE.NFO,07/01/2020,11:34:51,6.9,6.55,4600,6.65,13800,0,326600
JSWSTEEL30Jan20260PE.NFO,07/01/2020,11:35:03,6.5,6.45,6900,6.55,6900,4600,328900
JSWSTEEL30Jan20260PE.NFO,07/01/2020,11:35:09,6.5,6.45,18400,6.55,4600,0,328900
JSWSTEEL30Jan20260PE.NFO,07/01/2020,11:35:26,6.5,6.45,2300,6.55,9200,0,328900
JSWSTEEL30Jan20260PE.NFO,07/01/2020,11:35:38,6.5,6.4,16100,6.5,9200,0,328900
JSWSTEEL30Jan20260PE.NFO,07/01/2020,11:35:44,6.5,6.45,2300,6.55,11500,0,328900
JSWSTEEL30Jan20260PE.NFO,07/01/2020,11:35:49,6.5,6.45,11500,6.55,6900,0,328900
JSWSTEEL30Jan20260PE.NFO,07/01/2020,11:35:55,6.5,6.45,13800,6.6,16100,0,328900
JSWSTEEL30Jan20260PE.NFO,07/01/2020,11:36:01,6.5,6.4,20700,6.55,13800,0,328900
JSWSTEEL30Jan20260PE.NFO,07/01/2020,11:36:17,6.5,6.45,13800,6.5,4600,0,328900
JSWSTEEL30Jan20260PE.NFO,07/01/2020,11:36:27,6.5,6.4,18400,6.5,4600,0,328900
JSWSTEEL30Jan20260PE.NFO,07/01/2020,11:36:31,6.5,6.45,18400,6.5,2300,2300,328900
JSWSTEEL30Jan20260PE.NFO,07/01/2020,11:36:36,6.5,6.45,13800,6.5,2300,0,328900
JSWSTEEL30Jan20260PE.NFO,07/01/2020,11:36:41,6.5,6.4,16100,6.5,4600,0,328900
JSWSTEEL30Jan20260PE.NFO,07/01/2020,11:36:46,6.5,6.55,13800,6.65,6900,2300,328900
JSWSTEEL30Jan20260PE.NFO,07/01/2020,11:36:53,6.55,6.6,2300,6.7,9200,2300,328900
JSWSTEEL30Jan20260PE.NFO,07/01/2020,11:37:00,6.55,6.55,18400,6.7,9200,0,328900
JSWSTEEL30Jan20260PE.NFO,07/01/2020,11:37:05,6.55,6.55,6900,6.65,6900,0,328900
JSWSTEEL30Jan20260PE.NFO,07/01/2020,11:37:14,6.55,6.55,9200,6.65,6900,0,328900
JSWSTEEL30Jan20260PE.NFO,07/01/2020,11:37:17,6.55,6.55,20700,6.7,9200,0,328900
JSWSTEEL30Jan20260PE.NFO,07/01/2020,11:37:21,6.55,6.55,9200,6.65,6900,0,328900
JSWSTEEL30Jan20260PE.NFO,07/01/2020,11:37:24,6.55,6.55,18400,6.7,9200,0,328900
JSWSTEEL30Jan20260PE.NFO,07/01/2020,11:37:27,6.55,6.6,2300,6.65,2300,0,328900
JSWSTEEL30Jan20260PE.NFO,07/01/2020,11:37:40,6.55,6.6,2300,6.7,13800,0,328900
JSWSTEEL30Jan20260PE.NFO,07/01/2020,11:37:48,6.55,6.6,2300,6.7,11500,0,328900
JSWSTEEL30Jan20260PE.NFO,07/01/2020,11:38:13,6.55,6.6,2300,6.7,6900,0,328900
JSWSTEEL30Jan20260PE.NFO,07/01/2020,11:38:30,6.55,6.55,18400,6.7,9200,0,328900
JSWSTEEL30Jan20260PE.NFO,07/01/2020,11:38:34,6.55,6.55,18400,6.65,2300,0,328900
JSWSTEEL30Jan20260PE.NFO,07/01/2020,11:38:49,6.55,6.55,18400,6.7,6900,0,328900
JSWSTEEL30Jan20260PE.NFO,07/01/2020,11:38:57,6.55,6.55,9200,6.65,6900,0,328900
JSWSTEEL30Jan20260PE.NFO,07/01/2020,11:39:04,6.55,6.55,9200,6.7,13800,0,328900
JSWSTEEL30Jan20260PE.NFO,07/01/2020,11:39:07,6.55,6.6,2300,6.7,6900,0,328900
JSWSTEEL30Jan20260PE.NFO,07/01/2020,11:39:12,6.55,6.55,20700,6.7,9200,0,328900
JSWSTEEL30Jan20260PE.NFO,07/01/2020,11:39:24,6.55,6.6,2300,6.7,6900,0,328900
JSWSTEEL30Jan20260PE.NFO,07/01/2020,11:39:38,6.55,6.6,4600,6.7,6900,0,328900
JSWSTEEL30Jan20260PE.NFO,07/01/2020,11:39:52,6.55,6.65,2300,6.75,6900,0,328900
JSWSTEEL30Jan20260PE.NFO,07/01/2020,11:39:59,6.55,6.6,6900,6.7,6900,0,328900
JSWSTEEL30Jan20260PE.NFO,07/01/2020,11:40:05,6.55,6.6,6900,6.7,9200,0,328900
JSWSTEEL30Jan20260PE.NFO,07/01/2020,11:40:10,6.55,6.6,6900,6.75,16100,0,328900
JSWSTEEL30Jan20260PE.NFO,07/01/2020,11:40:14,6.55,6.65,2300,6.75,13800,0,328900
JSWSTEEL30Jan20260PE.NFO,07/01/2020,11:40:19,6.55,6.65,2300,6.75,6900,0,328900
JSWSTEEL30Jan20260PE.NFO,07/01/2020,11:40:28,6.55,6.65,9200,6.75,6900,0,328900
JSWSTEEL30Jan20260PE.NFO,07/01/2020,11:41:04,6.55,6.65,9200,6.75,4600,0,328900
JSWSTEEL30Jan20260PE.NFO,07/01/2020,11:41:08,6.55,6.65,16100,6.8,16100,0,328900
JSWSTEEL30Jan20260PE.NFO,07/01/2020,11:41:11,6.55,6.7,2300,6.8,11500,0,328900
JSWSTEEL30Jan20260PE.NFO,07/01/2020,11:41:24,6.55,6.65,9200,6.75,4600,0,328900
JSWSTEEL30Jan20260PE.NFO,07/01/2020,11:41:30,6.55,6.7,2300,6.8,9200,0,328900
JSWSTEEL30Jan20260PE.NFO,07/01/2020,11:41:32,6.55,6.65,9200,6.75,6900,0,328900
JSWSTEEL30Jan20260PE.NFO,07/01/2020,11:41:43,6.55,6.65,6900,6.75,6900,0,328900
JSWSTEEL30Jan20260PE.NFO,07/01/2020,11:41:56,6.55,6.7,2300,6.8,16100,0,328900
JSWSTEEL30Jan20260PE.NFO,07/01/2020,11:42:00,6.75,6.7,13800,6.85,9200,2300,324300
JSWSTEEL30Jan20260PE.NFO,07/01/2020,11:42:04,6.75,6.7,13800,6.85,9200,0,324300
JSWSTEEL30Jan20260PE.NFO,07/01/2020,11:42:22,6.75,6.7,13800,6.85,6900,0,324300
JSWSTEEL30Jan20260PE.NFO,07/01/2020,11:42:33,6.75,6.75,4600,6.85,9200,0,324300
JSWSTEEL30Jan20260PE.NFO,07/01/2020,11:42:38,6.75,6.65,6900,6.75,4600,2300,324300
JSWSTEEL30Jan20260PE.NFO,07/01/2020,11:42:43,6.75,6.65,6900,6.75,4600,0,324300
JSWSTEEL30Jan20260PE.NFO,07/01/2020,11:42:51,6.75,6.65,9200,6.75,4600,0,324300
JSWSTEEL30Jan20260PE.NFO,07/01/2020,11:43:08,6.75,6.65,4600,6.75,4600,0,324300
JSWSTEEL30Jan20260PE.NFO,07/01/2020,11:43:10,6.75,6.65,6900,6.75,4600,0,324300
JSWSTEEL30Jan20260PE.NFO,07/01/2020,11:43:19,6.75,6.7,2300,6.75,4600,0,324300
JSWSTEEL30Jan20260PE.NFO,07/01/2020,11:43:26,6.75,6.65,4600,6.75,4600,0,324300
JSWSTEEL30Jan20260PE.NFO,07/01/2020,11:43:29,6.75,6.65,9200,6.75,4600,0,324300
JSWSTEEL30Jan20260PE.NFO,07/01/2020,11:44:13,6.75,6.7,2300,6.8,4600,0,324300
JSWSTEEL30Jan20260PE.NFO,07/01/2020,11:44:17,6.75,6.65,9200,6.75,4600,0,324300
JSWSTEEL30Jan20260PE.NFO,07/01/2020,11:44:39,6.75,6.65,6900,6.75,4600,0,324300
JSWSTEEL30Jan20260PE.NFO,07/01/2020,11:45:02,6.75,6.65,4600,6.75,4600,0,324300
JSWSTEEL30Jan20260PE.NFO,07/01/2020,11:45:06,6.75,6.65,4600,6.75,9200,0,324300
JSWSTEEL30Jan20260PE.NFO,07/01/2020,11:45:13,6.75,6.6,9200,6.75,16100,0,324300
JSWSTEEL30Jan20260PE.NFO,07/01/2020,11:45:19,6.75,6.65,2300,6.75,11500,0,324300
JSWSTEEL30Jan20260PE.NFO,07/01/2020,11:45:23,6.75,6.65,2300,6.75,9200,0,324300
JSWSTEEL30Jan20260PE.NFO,07/01/2020,11:45:29,6.75,6.7,2300,6.75,4600,0,324300
JSWSTEEL30Jan20260PE.NFO,07/01/2020,11:45:34,6.75,6.65,2300,6.75,9200,0,324300
JSWSTEEL30Jan20260PE.NFO,07/01/2020,11:45:53,6.75,6.6,20700,6.75,9200,0,324300
JSWSTEEL30Jan20260PE.NFO,07/01/2020,11:45:58,6.75,6.65,2300,6.75,9200,0,324300
JSWSTEEL30Jan20260PE.NFO,07/01/2020,11:46:06,6.75,6.65,2300,6.75,16100,0,324300
JSWSTEEL30Jan20260PE.NFO,07/01/2020,11:46:16,6.75,6.65,2300,6.75,13800,0,324300
JSWSTEEL30Jan20260PE.NFO,07/01/2020,11:46:22,6.75,6.65,2300,6.75,9200,0,324300
JSWSTEEL30Jan20260PE.NFO,07/01/2020,11:46:40,6.75,6.65,16100,6.75,4600,0,324300
JSWSTEEL30Jan20260PE.NFO,07/01/2020,11:46:48,6.75,6.65,9200,6.75,4600,0,324300
JSWSTEEL30Jan20260PE.NFO,07/01/2020,11:46:56,6.75,6.65,6900,6.75,4600,0,324300
JSWSTEEL30Jan20260PE.NFO,07/01/2020,11:47:13,6.75,6.65,18400,6.75,4600,0,324300
JSWSTEEL30Jan20260PE.NFO,07/01/2020,11:47:26,6.65,6.7,4600,6.8,6900,2300,326600
JSWSTEEL30Jan20260PE.NFO,07/01/2020,11:47:29,6.65,6.7,4600,6.8,6900,0,326600
JSWSTEEL30Jan20260PE.NFO,07/01/2020,11:47:36,6.65,6.75,4600,6.85,2300,0,326600
JSWSTEEL30Jan20260PE.NFO,07/01/2020,11:47:40,6.65,6.75,4600,6.85,6900,0,326600
JSWSTEEL30Jan20260PE.NFO,07/01/2020,11:47:42,6.65,6.75,4600,6.85,4600,0,326600
JSWSTEEL30Jan20260PE.NFO,07/01/2020,11:48:07,6.65,6.75,6900,6.85,6900,0,326600
JSWSTEEL30Jan20260PE.NFO,07/01/2020,11:48:13,6.65,6.75,4600,6.85,6900,0,326600
JSWSTEEL30Jan20260PE.NFO,07/01/2020,11:48:44,6.65,6.75,4600,6.9,18400,0,326600
JSWSTEEL30Jan20260PE.NFO,07/01/2020,11:48:49,6.65,6.8,2300,6.9,13800,0,326600
JSWSTEEL30Jan20260PE.NFO,07/01/2020,11:48:55,6.65,6.8,2300,6.9,11500,0,326600
JSWSTEEL30Jan20260PE.NFO,07/01/2020,11:48:57,6.65,6.75,2300,6.85,6900,0,326600
JSWSTEEL30Jan20260PE.NFO,07/01/2020,11:49:00,6.65,6.75,4600,6.85,2300,0,326600
JSWSTEEL30Jan20260PE.NFO,07/01/2020,11:49:28,6.65,6.8,2300,6.9,16100,0,326600
JSWSTEEL30Jan20260PE.NFO,07/01/2020,11:49:29,6.65,6.8,2300,6.9,18400,0,326600
JSWSTEEL30Jan20260PE.NFO,07/01/2020,11:49:32,6.65,6.75,4600,6.85,4600,0,326600
