Ticker,Date,Time,LTP,BuyPrice,BuyQty,SellPrice,SellQty,LTQ,OpenInterest
JUBLFOOD30Jan201500PE.NFO,07/01/2020,09:27:08,5.6,5.3,500,5.55,1000,1000,75500
JUBLFOOD30Jan201500PE.NFO,07/01/2020,09:27:08,5.6,5.3,500,5.55,1000,0,75500
JUBLFOOD30Jan201500PE.NFO,07/01/2020,09:27:08,5.6,5.3,500,5.55,1000,0,75500
JUBLFOOD30Jan201500PE.NFO,07/01/2020,09:27:08,5.6,5.3,500,5.55,1000,0,75500
JUBLFOOD30Jan201500PE.NFO,07/01/2020,09:27:13,5.55,5.3,500,5.55,500,500,75500
JUBLFOOD30Jan201500PE.NFO,07/01/2020,09:27:13,5.55,5.3,500,5.55,500,0,75500
JUBLFOOD30Jan201500PE.NFO,07/01/2020,09:27:19,5.55,5.3,500,5.55,500,0,75500
JUBLFOOD30Jan201500PE.NFO,07/01/2020,09:27:36,5.55,5.3,1000,5.55,500,0,75500
JUBLFOOD30Jan201500PE.NFO,07/01/2020,09:27:42,5.55,5.3,500,5.55,500,0,75500
JUBLFOOD30Jan201500PE.NFO,07/01/2020,09:27:48,5.55,5.25,1000,5.55,500,0,75500
JUBLFOOD30Jan201500PE.NFO,07/01/2020,09:28:32,5.55,5.25,1000,5.6,500,0,75500
JUBLFOOD30Jan201500PE.NFO,07/01/2020,09:28:38,5.55,5.4,500,5.85,1000,0,75500
JUBLFOOD30Jan201500PE.NFO,07/01/2020,09:28:53,5.55,5.4,500,5.75,1000,0,75500
JUBLFOOD30Jan201500PE.NFO,07/01/2020,09:29:43,5.55,5.4,1000,5.75,1000,0,75500
JUBLFOOD30Jan201500PE.NFO,07/01/2020,09:30:05,5.55,5.4,1000,5.7,500,0,75500
JUBLFOOD30Jan201500PE.NFO,07/01/2020,09:30:21,5.55,5.4,1000,5.75,500,0,75500
JUBLFOOD30Jan201500PE.NFO,07/01/2020,09:30:26,5.55,5.4,1000,5.7,1000,0,75500
JUBLFOOD30Jan201500PE.NFO,07/01/2020,09:30:41,5.55,5.4,1000,5.6,500,0,75500
JUBLFOOD30Jan201500PE.NFO,07/01/2020,09:30:46,5.55,5.35,500,5.6,500,0,75500
JUBLFOOD30Jan201500PE.NFO,07/01/2020,09:30:51,5.55,5.25,1500,5.55,500,0,75500
JUBLFOOD30Jan201500PE.NFO,07/01/2020,09:31:00,5.55,5.25,1000,5.5,1000,0,75500
JUBLFOOD30Jan201500PE.NFO,07/01/2020,09:31:13,5.25,5.25,500,5.5,1000,500,76000
JUBLFOOD30Jan201500PE.NFO,07/01/2020,09:31:13,5.25,5.25,500,5.5,1000,0,76000
JUBLFOOD30Jan201500PE.NFO,07/01/2020,09:31:19,5.25,5.25,500,5.5,1000,0,76000
JUBLFOOD30Jan201500PE.NFO,07/01/2020,09:31:57,5.25,5.25,500,5.5,500,0,76000
JUBLFOOD30Jan201500PE.NFO,07/01/2020,09:32:03,5.25,5,500,5.3,1000,500,76000
JUBLFOOD30Jan201500PE.NFO,07/01/2020,09:32:09,5.25,5,500,5.2,1000,0,76000
JUBLFOOD30Jan201500PE.NFO,07/01/2020,09:32:27,5,4.65,500,4.95,1000,500,76500
JUBLFOOD30Jan201500PE.NFO,07/01/2020,09:32:27,5,4.65,500,4.95,1000,0,76500
JUBLFOOD30Jan201500PE.NFO,07/01/2020,09:32:38,5,4.65,500,4.95,1000,0,76500
JUBLFOOD30Jan201500PE.NFO,07/01/2020,09:32:50,5,4.65,1000,5,1000,0,76500
JUBLFOOD30Jan201500PE.NFO,07/01/2020,09:33:01,5,4.65,1000,4.9,500,0,76500
JUBLFOOD30Jan201500PE.NFO,07/01/2020,09:33:07,5,4.65,1000,4.95,500,0,76500
JUBLFOOD30Jan201500PE.NFO,07/01/2020,09:33:23,5,4.65,500,4.9,1000,0,76500
JUBLFOOD30Jan201500PE.NFO,07/01/2020,09:33:28,5,4.65,500,4.9,500,0,76500
JUBLFOOD30Jan201500PE.NFO,07/01/2020,09:33:33,5,4.65,1000,4.9,500,0,76500
JUBLFOOD30Jan201500PE.NFO,07/01/2020,09:33:44,5,4.65,1000,4.9,1500,0,76500
JUBLFOOD30Jan201500PE.NFO,07/01/2020,09:33:49,5,4.65,1000,4.9,1000,0,76500
JUBLFOOD30Jan201500PE.NFO,07/01/2020,09:34:13,5,4.65,500,4.7,1000,0,76500
JUBLFOOD30Jan201500PE.NFO,07/01/2020,09:34:18,4.65,4.6,500,4.65,500,500,76500
JUBLFOOD30Jan201500PE.NFO,07/01/2020,09:34:18,4.65,4.6,500,4.65,500,0,76500
JUBLFOOD30Jan201500PE.NFO,07/01/2020,09:34:23,4.65,4.6,500,4.65,500,0,76500
JUBLFOOD30Jan201500PE.NFO,07/01/2020,09:34:29,4.65,4.65,1000,4.95,500,0,76500
JUBLFOOD30Jan201500PE.NFO,07/01/2020,09:34:34,4.65,4.65,500,4.95,500,0,76500
JUBLFOOD30Jan201500PE.NFO,07/01/2020,09:35:03,4.65,4.6,500,4.95,500,0,76500
JUBLFOOD30Jan201500PE.NFO,07/01/2020,09:35:08,4.65,4.55,500,4.65,1000,0,76500
JUBLFOOD30Jan201500PE.NFO,07/01/2020,09:36:52,4.65,4.65,1000,4.9,500,0,76500
JUBLFOOD30Jan201500PE.NFO,07/01/2020,09:37:16,4.9,4.65,1000,5,1000,500,75500
JUBLFOOD30Jan201500PE.NFO,07/01/2020,09:37:19,4.9,4.75,500,5,1000,0,75500
JUBLFOOD30Jan201500PE.NFO,07/01/2020,09:37:29,4.9,4.75,500,5,500,0,75500
JUBLFOOD30Jan201500PE.NFO,07/01/2020,09:37:38,4.9,4.75,500,5,1000,0,75500
JUBLFOOD30Jan201500PE.NFO,07/01/2020,09:37:46,4.9,4.75,500,5,500,0,75500
JUBLFOOD30Jan201500PE.NFO,07/01/2020,09:37:50,4.9,4.85,500,5,500,0,75500
JUBLFOOD30Jan201500PE.NFO,07/01/2020,09:38:03,4.9,4.8,1000,5,500,0,75500
JUBLFOOD30Jan201500PE.NFO,07/01/2020,09:38:08,4.9,4.8,500,5,500,0,75500
JUBLFOOD30Jan201500PE.NFO,07/01/2020,09:38:42,4.9,4.75,500,5,500,0,75500
JUBLFOOD30Jan201500PE.NFO,07/01/2020,09:39:08,4.75,4.75,500,5,1000,500,75500
JUBLFOOD30Jan201500PE.NFO,07/01/2020,09:39:12,4.75,4.75,500,5,1000,0,75500
JUBLFOOD30Jan201500PE.NFO,07/01/2020,09:39:22,4.75,4.65,500,5,1000,0,75500
JUBLFOOD30Jan201500PE.NFO,07/01/2020,09:39:31,4.75,4.7,500,5,1000,0,75500
JUBLFOOD30Jan201500PE.NFO,07/01/2020,09:39:39,4.75,4.7,1000,5,1000,0,75500
JUBLFOOD30Jan201500PE.NFO,07/01/2020,09:39:48,4.75,4.65,1000,5,1000,0,75500
JUBLFOOD30Jan201500PE.NFO,07/01/2020,09:39:52,4.75,4.6,500,5,1000,0,75500
JUBLFOOD30Jan201500PE.NFO,07/01/2020,09:40:04,4.75,4.55,1000,5,1000,0,75500
JUBLFOOD30Jan201500PE.NFO,07/01/2020,09:40:35,4.75,4.55,1500,5,1000,0,75500
JUBLFOOD30Jan201500PE.NFO,07/01/2020,09:40:40,4.75,4.55,1500,5,500,0,75500
JUBLFOOD30Jan201500PE.NFO,07/01/2020,09:41:53,4.75,4.55,1500,5,1000,0,75500
JUBLFOOD30Jan201500PE.NFO,07/01/2020,09:42:06,4.75,4.55,1500,5,500,0,75500
JUBLFOOD30Jan201500PE.NFO,07/01/2020,09:42:40,4.75,4.55,1500,5,1000,0,75500
JUBLFOOD30Jan201500PE.NFO,07/01/2020,09:42:59,4.75,4.55,1500,5,500,0,75500
JUBLFOOD30Jan201500PE.NFO,07/01/2020,09:43:15,4.75,4.55,1500,5,1000,0,75500
JUBLFOOD30Jan201500PE.NFO,07/01/2020,09:43:35,4.75,4.55,1500,5,500,0,75500
JUBLFOOD30Jan201500PE.NFO,07/01/2020,09:43:40,4.75,4.55,1500,5,1000,0,75500
JUBLFOOD30Jan201500PE.NFO,07/01/2020,09:43:49,4.75,4.55,1500,5,500,0,75500
JUBLFOOD30Jan201500PE.NFO,07/01/2020,09:44:46,4.75,4.65,1000,5,1000,0,75500
JUBLFOOD30Jan201500PE.NFO,07/01/2020,09:45:14,4.75,4.65,500,5,1000,0,75500
JUBLFOOD30Jan201500PE.NFO,07/01/2020,09:46:21,4.75,4.75,500,5,1000,0,75500
JUBLFOOD30Jan201500PE.NFO,07/01/2020,09:46:26,4.75,4.75,500,5,500,0,75500
JUBLFOOD30Jan201500PE.NFO,07/01/2020,09:46:31,4.75,4.75,500,5,1000,0,75500
JUBLFOOD30Jan201500PE.NFO,07/01/2020,09:47:04,4.75,4.75,500,5,500,0,75500
JUBLFOOD30Jan201500PE.NFO,07/01/2020,09:47:13,4.75,4.75,500,5,1000,0,75500
JUBLFOOD30Jan201500PE.NFO,07/01/2020,09:47:44,4.75,4.75,500,5,500,0,75500
JUBLFOOD30Jan201500PE.NFO,07/01/2020,09:47:52,4.75,4.75,500,5,1000,0,75500
JUBLFOOD30Jan201500PE.NFO,07/01/2020,09:48:16,4.75,4.75,500,5,500,0,75500
JUBLFOOD30Jan201500PE.NFO,07/01/2020,09:48:20,4.75,4.75,500,5,1000,0,75500
JUBLFOOD30Jan201500PE.NFO,07/01/2020,09:48:23,4.75,4.75,500,5,500,0,75500
JUBLFOOD30Jan201500PE.NFO,07/01/2020,09:48:27,4.75,4.75,500,5,1000,0,75500
JUBLFOOD30Jan201500PE.NFO,07/01/2020,09:48:35,4.75,4.75,500,5,500,0,75500
JUBLFOOD30Jan201500PE.NFO,07/01/2020,09:48:49,4.75,4.75,500,5,1000,0,75500
JUBLFOOD30Jan201500PE.NFO,07/01/2020,09:48:56,4.75,4.8,1000,5,500,0,75500
JUBLFOOD30Jan201500PE.NFO,07/01/2020,09:49:05,5,4.8,1000,5.05,500,500,75500
JUBLFOOD30Jan201500PE.NFO,07/01/2020,09:49:10,5,4.8,500,5.1,500,0,75500
JUBLFOOD30Jan201500PE.NFO,07/01/2020,09:49:25,5,4.85,1000,5.95,1000,0,75500
JUBLFOOD30Jan201500PE.NFO,07/01/2020,09:50:54,5,4.85,500,5.95,1000,0,75500
JUBLFOOD30Jan201500PE.NFO,07/01/2020,09:51:08,5,4.95,500,5.95,1000,0,75500
JUBLFOOD30Jan201500PE.NFO,07/01/2020,09:51:19,5,5.05,500,5.95,1000,0,75500
JUBLFOOD30Jan201500PE.NFO,07/01/2020,09:53:46,5,5,500,5.95,1000,0,75500
JUBLFOOD30Jan201500PE.NFO,07/01/2020,09:53:51,5,5.05,500,5.95,1000,0,75500
JUBLFOOD30Jan201500PE.NFO,07/01/2020,09:59:29,5,5.05,1000,5.95,1000,0,75500
JUBLFOOD30Jan201500PE.NFO,07/01/2020,09:59:35,5,5.05,500,5.95,1000,0,75500
JUBLFOOD30Jan201500PE.NFO,07/01/2020,09:59:40,5,5.05,1000,5.95,1000,0,75500
JUBLFOOD30Jan201500PE.NFO,07/01/2020,10:01:43,5,5.05,500,5.95,1000,0,75500
JUBLFOOD30Jan201500PE.NFO,07/01/2020,10:02:00,5,5.05,1000,5.95,1000,0,75500
JUBLFOOD30Jan201500PE.NFO,07/01/2020,10:02:05,5,5.05,500,5.95,1000,0,75500
JUBLFOOD30Jan201500PE.NFO,07/01/2020,10:02:21,5,5.05,1000,5.95,1000,0,75500
JUBLFOOD30Jan201500PE.NFO,07/01/2020,10:03:55,5,5.05,500,5.95,1000,0,75500
JUBLFOOD30Jan201500PE.NFO,07/01/2020,10:05:03,5,5.05,1000,5.95,1000,0,75500
JUBLFOOD30Jan201500PE.NFO,07/01/2020,10:05:07,5,5.05,500,5.95,1000,0,75500
JUBLFOOD30Jan201500PE.NFO,07/01/2020,10:05:53,5,5.05,1000,5.95,1000,0,75500
JUBLFOOD30Jan201500PE.NFO,07/01/2020,10:08:58,5.1,5.05,500,5.45,500,1500,75500
JUBLFOOD30Jan201500PE.NFO,07/01/2020,10:09:07,5.1,5.05,500,5.45,500,0,75500
JUBLFOOD30Jan201500PE.NFO,07/01/2020,10:11:20,5.1,5,500,5.45,500,0,75500
JUBLFOOD30Jan201500PE.NFO,07/01/2020,10:13:41,5.1,4.95,500,5.45,500,0,75500
JUBLFOOD30Jan201500PE.NFO,07/01/2020,10:14:02,5.1,4.9,500,5.45,500,0,75500
JUBLFOOD30Jan201500PE.NFO,07/01/2020,10:15:54,5.1,5,500,5.45,500,0,75500
JUBLFOOD30Jan201500PE.NFO,07/01/2020,10:17:21,5.1,5.05,1000,5.45,500,0,75500
JUBLFOOD30Jan201500PE.NFO,07/01/2020,10:17:44,5.1,5.05,500,5.45,500,0,75500
JUBLFOOD30Jan201500PE.NFO,07/01/2020,10:17:49,5.1,5.05,1000,5.45,500,0,75500
JUBLFOOD30Jan201500PE.NFO,07/01/2020,10:20:00,5.45,5.05,1000,5.7,1000,500,75500
JUBLFOOD30Jan201500PE.NFO,07/01/2020,10:22:41,5.45,5.15,1500,5.7,1000,0,75500
JUBLFOOD30Jan201500PE.NFO,07/01/2020,10:22:57,5.45,5.5,500,5.7,1000,0,75500
JUBLFOOD30Jan201500PE.NFO,07/01/2020,10:23:02,5.5,5.25,500,5.7,1000,500,76000
JUBLFOOD30Jan201500PE.NFO,07/01/2020,10:23:08,5.5,5.2,1000,5.7,1000,0,76000
JUBLFOOD30Jan201500PE.NFO,07/01/2020,10:28:28,5.5,5.2,500,5.7,1000,0,76000
JUBLFOOD30Jan201500PE.NFO,07/01/2020,10:31:40,5.5,5.2,1000,5.7,1000,0,76000
JUBLFOOD30Jan201500PE.NFO,07/01/2020,10:31:58,5.5,5.2,500,5.7,1000,0,76000
JUBLFOOD30Jan201500PE.NFO,07/01/2020,10:32:45,5.5,5.15,500,5.7,1000,0,76000
JUBLFOOD30Jan201500PE.NFO,07/01/2020,10:34:17,5.7,5.2,500,5.7,500,500,76000
JUBLFOOD30Jan201500PE.NFO,07/01/2020,10:34:17,5.7,5.2,500,5.7,500,0,76000
JUBLFOOD30Jan201500PE.NFO,07/01/2020,10:34:38,5.7,5.25,1000,5.7,500,0,76000
JUBLFOOD30Jan201500PE.NFO,07/01/2020,10:34:42,5.7,5.25,500,5.7,500,0,76000
JUBLFOOD30Jan201500PE.NFO,07/01/2020,10:34:56,5.7,5.15,500,5.7,500,0,76000
JUBLFOOD30Jan201500PE.NFO,07/01/2020,10:35:03,5.7,5.2,1000,5.7,500,0,76000
JUBLFOOD30Jan201500PE.NFO,07/01/2020,10:35:06,5.7,5.2,500,5.7,500,0,76000
JUBLFOOD30Jan201500PE.NFO,07/01/2020,10:36:08,5.7,5.2,1000,5.7,500,0,76000
JUBLFOOD30Jan201500PE.NFO,07/01/2020,10:40:20,5.7,5.2,500,5.7,500,0,76000
JUBLFOOD30Jan201500PE.NFO,07/01/2020,10:40:33,5.7,5.2,1000,5.7,500,0,76000
JUBLFOOD30Jan201500PE.NFO,07/01/2020,10:40:35,5.7,5.2,500,5.7,500,0,76000
JUBLFOOD30Jan201500PE.NFO,07/01/2020,10:50:21,5.7,5.2,1000,5.7,500,0,76000
JUBLFOOD30Jan201500PE.NFO,07/01/2020,10:52:09,5.7,5.25,500,5.7,500,0,76000
JUBLFOOD30Jan201500PE.NFO,07/01/2020,10:52:25,5.7,5.25,1500,5.7,500,0,76000
JUBLFOOD30Jan201500PE.NFO,07/01/2020,10:52:45,5.7,5.25,1000,5.7,500,0,76000
JUBLFOOD30Jan201500PE.NFO,07/01/2020,10:52:53,5.7,5.25,1500,5.7,500,0,76000
JUBLFOOD30Jan201500PE.NFO,07/01/2020,10:54:02,5.7,5.25,1500,5.75,1000,0,76000
JUBLFOOD30Jan201500PE.NFO,07/01/2020,10:55:13,5.7,5.25,1500,5.65,500,0,76000
JUBLFOOD30Jan201500PE.NFO,07/01/2020,10:55:41,5.7,5.35,500,5.65,500,0,76000
JUBLFOOD30Jan201500PE.NFO,07/01/2020,10:56:00,5.7,5.35,500,5.7,1000,0,76000
JUBLFOOD30Jan201500PE.NFO,07/01/2020,10:57:05,5.7,5.45,500,5.7,1000,0,76000
JUBLFOOD30Jan201500PE.NFO,07/01/2020,10:57:11,5.7,5.45,500,5.7,500,0,76000
JUBLFOOD30Jan201500PE.NFO,07/01/2020,10:58:15,5.7,5.55,500,5.7,500,0,76000
JUBLFOOD30Jan201500PE.NFO,07/01/2020,10:58:47,5.7,5.5,500,5.7,500,0,76000
JUBLFOOD30Jan201500PE.NFO,07/01/2020,10:58:53,5.7,5.45,500,5.7,500,0,76000
JUBLFOOD30Jan201500PE.NFO,07/01/2020,11:00:54,5.7,5.5,1000,5.7,500,0,76000
JUBLFOOD30Jan201500PE.NFO,07/01/2020,11:01:16,5.7,5.5,500,5.7,500,0,76000
JUBLFOOD30Jan201500PE.NFO,07/01/2020,11:01:55,5.7,5.35,1000,5.7,1000,0,76000
JUBLFOOD30Jan201500PE.NFO,07/01/2020,11:02:16,5.7,5.35,500,5.7,1000,0,76000
JUBLFOOD30Jan201500PE.NFO,07/01/2020,11:02:28,5.7,5.45,500,5.7,500,0,76000
JUBLFOOD30Jan201500PE.NFO,07/01/2020,11:02:41,5.7,5.45,500,5.7,1000,0,76000
JUBLFOOD30Jan201500PE.NFO,07/01/2020,11:02:47,5.7,5.45,500,5.7,500,0,76000
JUBLFOOD30Jan201500PE.NFO,07/01/2020,11:03:14,5.7,5.5,500,5.7,500,0,76000
JUBLFOOD30Jan201500PE.NFO,07/01/2020,11:03:28,5.7,5.45,500,5.7,500,0,76000
JUBLFOOD30Jan201500PE.NFO,07/01/2020,11:03:33,5.7,5.45,500,5.7,1000,0,76000
JUBLFOOD30Jan201500PE.NFO,07/01/2020,11:03:41,5.7,5.5,1000,5.7,500,0,76000
JUBLFOOD30Jan201500PE.NFO,07/01/2020,11:03:48,5.7,5.4,500,5.7,1000,0,76000
JUBLFOOD30Jan201500PE.NFO,07/01/2020,11:04:09,5.7,5.45,500,5.7,1000,0,76000
JUBLFOOD30Jan201500PE.NFO,07/01/2020,11:04:15,5.7,5.4,500,5.7,1000,0,76000
JUBLFOOD30Jan201500PE.NFO,07/01/2020,11:04:35,5.7,5.45,1000,5.7,1000,0,76000
JUBLFOOD30Jan201500PE.NFO,07/01/2020,11:04:48,5.7,5.45,1000,5.7,500,0,76000
JUBLFOOD30Jan201500PE.NFO,07/01/2020,11:04:55,5.7,5.45,1000,5.7,1000,0,76000
JUBLFOOD30Jan201500PE.NFO,07/01/2020,11:05:16,5.7,5.45,1000,5.7,500,0,76000
JUBLFOOD30Jan201500PE.NFO,07/01/2020,11:05:37,5.7,5.4,500,5.7,1000,0,76000
JUBLFOOD30Jan201500PE.NFO,07/01/2020,11:05:44,5.7,5.35,500,5.7,1000,0,76000
JUBLFOOD30Jan201500PE.NFO,07/01/2020,11:06:04,5.7,5.35,1000,5.7,1000,0,76000
JUBLFOOD30Jan201500PE.NFO,07/01/2020,11:06:11,5.7,5.3,500,5.7,1000,0,76000
JUBLFOOD30Jan201500PE.NFO,07/01/2020,11:06:35,5.7,5.35,500,5.7,1000,0,76000
JUBLFOOD30Jan201500PE.NFO,07/01/2020,11:07:06,5.7,5.3,1000,5.7,1000,0,76000
JUBLFOOD30Jan201500PE.NFO,07/01/2020,11:07:16,5.7,5.3,500,5.7,1000,0,76000
JUBLFOOD30Jan201500PE.NFO,07/01/2020,11:07:32,5.7,5.25,500,5.7,1000,0,76000
JUBLFOOD30Jan201500PE.NFO,07/01/2020,11:07:54,5.25,5.15,500,5.7,1000,500,75500
JUBLFOOD30Jan201500PE.NFO,07/01/2020,11:07:59,5.25,5.15,500,5.7,1000,0,75500
JUBLFOOD30Jan201500PE.NFO,07/01/2020,11:08:08,5.25,5.15,500,5.45,1000,0,75500
JUBLFOOD30Jan201500PE.NFO,07/01/2020,11:08:23,5.25,5.15,500,5.35,500,0,75500
JUBLFOOD30Jan201500PE.NFO,07/01/2020,11:08:59,5.25,5.05,1000,5.35,500,0,75500
JUBLFOOD30Jan201500PE.NFO,07/01/2020,11:09:08,5.25,5.05,1000,5.4,1500,0,75500
JUBLFOOD30Jan201500PE.NFO,07/01/2020,11:11:40,5.25,5.05,500,5.4,1500,0,75500
JUBLFOOD30Jan201500PE.NFO,07/01/2020,11:12:00,5.25,5.05,1000,5.4,1500,0,75500
JUBLFOOD30Jan201500PE.NFO,07/01/2020,11:12:36,5.25,5.05,500,5.4,1500,0,75500
JUBLFOOD30Jan201500PE.NFO,07/01/2020,11:12:42,5.25,5.05,1000,5.4,1500,0,75500
JUBLFOOD30Jan201500PE.NFO,07/01/2020,11:12:47,5.25,5.05,500,5.4,1500,0,75500
JUBLFOOD30Jan201500PE.NFO,07/01/2020,11:13:08,5.25,5.05,1000,5.4,1500,0,75500
JUBLFOOD30Jan201500PE.NFO,07/01/2020,11:13:19,5.25,5.05,500,5.4,1500,0,75500
JUBLFOOD30Jan201500PE.NFO,07/01/2020,11:13:25,5.25,5.1,500,5.4,1500,0,75500
JUBLFOOD30Jan201500PE.NFO,07/01/2020,11:14:48,5.25,5.15,500,5.4,1500,0,75500
JUBLFOOD30Jan201500PE.NFO,07/01/2020,11:14:53,5.25,5.1,500,5.4,1500,0,75500
JUBLFOOD30Jan201500PE.NFO,07/01/2020,11:15:27,5.25,5.1,1000,5.4,1500,0,75500
JUBLFOOD30Jan201500PE.NFO,07/01/2020,11:15:49,5.25,5.15,500,5.4,1500,0,75500
JUBLFOOD30Jan201500PE.NFO,07/01/2020,11:16:00,5.25,5.1,1000,5.4,1000,0,75500
JUBLFOOD30Jan201500PE.NFO,07/01/2020,11:16:06,5.25,5.15,1000,5.4,1000,0,75500
JUBLFOOD30Jan201500PE.NFO,07/01/2020,11:16:26,5.25,5.1,1000,5.4,1000,0,75500
JUBLFOOD30Jan201500PE.NFO,07/01/2020,11:16:55,5.25,5.15,500,5.4,1000,0,75500
JUBLFOOD30Jan201500PE.NFO,07/01/2020,11:17:01,5.25,5.15,500,5.4,500,0,75500
JUBLFOOD30Jan201500PE.NFO,07/01/2020,11:18:01,5.4,5.15,500,5.45,500,500,75500
JUBLFOOD30Jan201500PE.NFO,07/01/2020,11:18:23,5.4,5.2,500,5.45,500,0,75500
JUBLFOOD30Jan201500PE.NFO,07/01/2020,11:18:28,5.4,5.2,1000,5.45,500,0,75500
JUBLFOOD30Jan201500PE.NFO,07/01/2020,11:19:21,5.4,5.2,1000,5.5,500,0,75500
JUBLFOOD30Jan201500PE.NFO,07/01/2020,11:19:29,5.4,5.2,1000,5.55,500,0,75500
JUBLFOOD30Jan201500PE.NFO,07/01/2020,11:19:35,5.4,5.2,500,5.55,500,0,75500
JUBLFOOD30Jan201500PE.NFO,07/01/2020,11:19:41,5.4,5.2,1000,5.55,500,0,75500
JUBLFOOD30Jan201500PE.NFO,07/01/2020,11:19:48,5.2,4.85,1000,5.55,500,500,75500
JUBLFOOD30Jan201500PE.NFO,07/01/2020,11:20:04,5.2,4.95,1000,5.55,500,0,75500
JUBLFOOD30Jan201500PE.NFO,07/01/2020,11:20:52,5.2,5.05,500,5.55,500,0,75500
JUBLFOOD30Jan201500PE.NFO,07/01/2020,11:20:58,5.2,5.1,1000,5.55,500,0,75500
JUBLFOOD30Jan201500PE.NFO,07/01/2020,11:21:09,5.2,5.05,500,5.55,500,0,75500
JUBLFOOD30Jan201500PE.NFO,07/01/2020,11:21:22,5.2,5.1,500,5.55,500,0,75500
JUBLFOOD30Jan201500PE.NFO,07/01/2020,11:21:34,5.2,5,500,5.55,500,0,75500
JUBLFOOD30Jan201500PE.NFO,07/01/2020,11:21:40,5.2,5.05,1000,5.55,500,0,75500
JUBLFOOD30Jan201500PE.NFO,07/01/2020,11:26:41,5.2,5.05,500,5.55,500,0,75500
JUBLFOOD30Jan201500PE.NFO,07/01/2020,11:28:12,5.2,5,500,5.55,500,0,75500
JUBLFOOD30Jan201500PE.NFO,07/01/2020,11:28:33,5.2,5.05,500,5.55,500,0,75500
JUBLFOOD30Jan201500PE.NFO,07/01/2020,11:28:40,5.2,5.05,1000,5.55,500,0,75500
JUBLFOOD30Jan201500PE.NFO,07/01/2020,11:28:54,5.05,5,500,5.35,1000,500,75500
JUBLFOOD30Jan201500PE.NFO,07/01/2020,11:29:13,5.05,5,500,5.35,1000,0,75500
JUBLFOOD30Jan201500PE.NFO,07/01/2020,11:29:45,5.05,5,500,5.35,500,0,75500
JUBLFOOD30Jan201500PE.NFO,07/01/2020,11:31:19,5.05,5,1000,5.35,500,0,75500
JUBLFOOD30Jan201500PE.NFO,07/01/2020,11:31:51,5.05,5,1000,5.3,1000,0,75500
JUBLFOOD30Jan201500PE.NFO,07/01/2020,11:31:57,5.05,5,1000,5.3,500,0,75500
JUBLFOOD30Jan201500PE.NFO,07/01/2020,11:32:38,5.05,5,1000,5.35,1000,0,75500
JUBLFOOD30Jan201500PE.NFO,07/01/2020,11:39:20,5.05,5,1000,5.4,500,0,75500
JUBLFOOD30Jan201500PE.NFO,07/01/2020,11:39:38,5.05,5,1000,5.35,1000,0,75500
JUBLFOOD30Jan201500PE.NFO,07/01/2020,11:39:46,5.05,5,1000,5.35,500,0,75500
JUBLFOOD30Jan201500PE.NFO,07/01/2020,11:40:10,5.05,5,1000,5.45,500,0,75500
JUBLFOOD30Jan201500PE.NFO,07/01/2020,11:40:15,5.05,5,1000,5.35,500,0,75500
JUBLFOOD30Jan201500PE.NFO,07/01/2020,11:42:22,5.05,5,1000,5.3,1500,0,75500
JUBLFOOD30Jan201500PE.NFO,07/01/2020,11:42:26,5.05,5,1000,5.3,1000,0,75500
JUBLFOOD30Jan201500PE.NFO,07/01/2020,11:45:02,5.05,5,1000,5.3,500,0,75500
JUBLFOOD30Jan201500PE.NFO,07/01/2020,11:47:47,5.05,5,1000,5.35,500,0,75500
JUBLFOOD30Jan201500PE.NFO,07/01/2020,11:48:18,5.05,5,1000,5.35,1000,0,75500
JUBLFOOD30Jan201500PE.NFO,07/01/2020,11:48:50,5.05,5,1000,5.35,500,0,75500
JUBLFOOD30Jan201500PE.NFO,07/01/2020,11:50:02,5.05,5,1000,5.45,1000,0,75500
JUBLFOOD30Jan201500PE.NFO,07/01/2020,11:57:56,5.05,5,1000,5.45,500,0,75500
JUBLFOOD30Jan201500PE.NFO,07/01/2020,11:57:59,5.05,5,1000,5.35,1000,0,75500
JUBLFOOD30Jan201500PE.NFO,07/01/2020,11:58:36,5.05,5,1000,5.3,1000,0,75500
JUBLFOOD30Jan201500PE.NFO,07/01/2020,11:58:44,5.05,5,500,5.3,1000,0,75500
JUBLFOOD30Jan201500PE.NFO,07/01/2020,11:59:09,5.05,5,1000,5.3,1000,0,75500
JUBLFOOD30Jan201500PE.NFO,07/01/2020,11:59:41,5.05,5,500,5.3,1000,0,75500
JUBLFOOD30Jan201500PE.NFO,07/01/2020,12:00:35,5.05,5,1000,5.3,1000,0,75500
JUBLFOOD30Jan201500PE.NFO,07/01/2020,12:01:01,5.05,5,1000,5.3,500,0,75500
JUBLFOOD30Jan201500PE.NFO,07/01/2020,12:01:28,5.05,5,500,5.3,500,0,75500
JUBLFOOD30Jan201500PE.NFO,07/01/2020,12:01:43,5.05,5,1000,5.3,500,0,75500
JUBLFOOD30Jan201500PE.NFO,07/01/2020,12:01:45,5.05,5,500,5.3,500,0,75500
JUBLFOOD30Jan201500PE.NFO,07/01/2020,12:01:53,5.05,5,1000,5.3,500,0,75500
JUBLFOOD30Jan201500PE.NFO,07/01/2020,12:02:06,5.05,5,1000,5.25,1000,0,75500
JUBLFOOD30Jan201500PE.NFO,07/01/2020,12:02:23,5.05,5,500,5.25,1000,0,75500
JUBLFOOD30Jan201500PE.NFO,07/01/2020,12:02:55,5.05,5,1000,5.25,1000,0,75500
JUBLFOOD30Jan201500PE.NFO,07/01/2020,12:03:07,5.05,5,1000,5.25,500,0,75500
JUBLFOOD30Jan201500PE.NFO,07/01/2020,12:03:21,5.05,5,1000,5.3,500,0,75500
JUBLFOOD30Jan201500PE.NFO,07/01/2020,12:03:25,5.05,5,1000,5.3,1000,0,75500
JUBLFOOD30Jan201500PE.NFO,07/01/2020,12:04:15,5.05,5,1000,5.35,500,0,75500
JUBLFOOD30Jan201500PE.NFO,07/01/2020,12:04:34,5.05,5,1000,5.3,1000,0,75500
JUBLFOOD30Jan201500PE.NFO,07/01/2020,12:04:45,5.05,5,1000,5.35,500,0,75500
JUBLFOOD30Jan201500PE.NFO,07/01/2020,12:04:56,5.05,5,1000,5.3,1000,0,75500
JUBLFOOD30Jan201500PE.NFO,07/01/2020,12:05:41,5.05,5,1000,5.35,500,0,75500
JUBLFOOD30Jan201500PE.NFO,07/01/2020,12:06:03,5.05,5,1000,5.4,500,0,75500
JUBLFOOD30Jan201500PE.NFO,07/01/2020,12:07:31,5.05,5,1000,5.35,500,0,75500
JUBLFOOD30Jan201500PE.NFO,07/01/2020,12:16:06,5.05,5,1000,5.45,500,0,75500
JUBLFOOD30Jan201500PE.NFO,07/01/2020,12:19:05,5.05,5,1000,5.45,1000,0,75500
JUBLFOOD30Jan201500PE.NFO,07/01/2020,12:21:57,5.05,5,1000,5.45,500,0,75500
JUBLFOOD30Jan201500PE.NFO,07/01/2020,12:22:02,5.05,5,1000,5.45,1000,0,75500
JUBLFOOD30Jan201500PE.NFO,07/01/2020,12:28:07,5.05,5,1000,5.45,500,0,75500
JUBLFOOD30Jan201500PE.NFO,07/01/2020,12:28:20,5.05,5,1000,5.4,1000,0,75500
JUBLFOOD30Jan201500PE.NFO,07/01/2020,12:28:23,5.05,5,1000,5.45,500,0,75500
JUBLFOOD30Jan201500PE.NFO,07/01/2020,12:28:26,5.05,5,1000,5.4,500,0,75500
JUBLFOOD30Jan201500PE.NFO,07/01/2020,12:28:37,5.05,5,1000,5.45,1000,0,75500
JUBLFOOD30Jan201500PE.NFO,07/01/2020,12:28:53,5.05,5,1000,5.45,500,0,75500
JUBLFOOD30Jan201500PE.NFO,07/01/2020,12:30:54,5.05,5,1000,5.45,1000,0,75500
JUBLFOOD30Jan201500PE.NFO,07/01/2020,12:30:58,5.05,5,1000,5.45,500,0,75500
JUBLFOOD30Jan201500PE.NFO,07/01/2020,12:31:07,5.05,5,1000,5.45,1000,0,75500
JUBLFOOD30Jan201500PE.NFO,07/01/2020,12:31:11,5.05,5,1000,5.45,500,0,75500
JUBLFOOD30Jan201500PE.NFO,07/01/2020,12:32:11,5.05,5,1000,5.45,1000,0,75500
JUBLFOOD30Jan201500PE.NFO,07/01/2020,12:32:15,5.05,5,1000,5.45,500,0,75500
JUBLFOOD30Jan201500PE.NFO,07/01/2020,12:38:11,5.05,5,1000,5.45,1000,0,75500
JUBLFOOD30Jan201500PE.NFO,07/01/2020,12:38:18,5.05,5,1000,5.45,500,0,75500
JUBLFOOD30Jan201500PE.NFO,07/01/2020,12:39:05,5.05,5,1000,5.45,1000,0,75500
JUBLFOOD30Jan201500PE.NFO,07/01/2020,12:39:40,5.05,5,1000,5.45,500,0,75500
JUBLFOOD30Jan201500PE.NFO,07/01/2020,12:39:52,5.05,5,1000,5.45,1000,0,75500
JUBLFOOD30Jan201500PE.NFO,07/01/2020,12:42:14,5.05,5,1000,5.45,500,0,75500
JUBLFOOD30Jan201500PE.NFO,07/01/2020,12:42:17,5.05,5,1000,5.45,1000,0,75500
JUBLFOOD30Jan201500PE.NFO,07/01/2020,12:44:43,5.05,5,1000,5.45,500,0,75500
JUBLFOOD30Jan201500PE.NFO,07/01/2020,12:46:21,5.05,5,1000,5.45,1000,0,75500
JUBLFOOD30Jan201500PE.NFO,07/01/2020,12:46:41,5.05,5,1000,5.45,500,0,75500
JUBLFOOD30Jan201500PE.NFO,07/01/2020,12:46:51,5.05,5,1000,5.45,1000,0,75500
JUBLFOOD30Jan201500PE.NFO,07/01/2020,12:46:55,5.05,5,1000,5.45,500,0,75500
JUBLFOOD30Jan201500PE.NFO,07/01/2020,12:47:01,5.05,5,1000,5.45,1000,0,75500
JUBLFOOD30Jan201500PE.NFO,07/01/2020,12:47:21,5.05,5,1000,5.45,500,0,75500
JUBLFOOD30Jan201500PE.NFO,07/01/2020,12:47:25,5.05,5,1000,5.45,1000,0,75500
JUBLFOOD30Jan201500PE.NFO,07/01/2020,12:49:33,5.05,5,1000,5.45,500,0,75500
JUBLFOOD30Jan201500PE.NFO,07/01/2020,12:50:15,5.05,5,1000,5.45,1000,0,75500
JUBLFOOD30Jan201500PE.NFO,07/01/2020,12:50:18,5.05,5,1000,5.45,500,0,75500
JUBLFOOD30Jan201500PE.NFO,07/01/2020,12:50:27,5.05,5,1000,5.45,1000,0,75500
JUBLFOOD30Jan201500PE.NFO,07/01/2020,12:51:51,5.05,5,1000,5.45,500,0,75500
JUBLFOOD30Jan201500PE.NFO,07/01/2020,12:56:56,5.05,5,1000,5.55,500,0,75500
JUBLFOOD30Jan201500PE.NFO,07/01/2020,12:57:27,5.05,5,1000,5.65,500,0,75500
JUBLFOOD30Jan201500PE.NFO,07/01/2020,13:01:08,5.05,5,1000,5.7,500,0,75500
JUBLFOOD30Jan201500PE.NFO,07/01/2020,13:01:29,5.05,5,1000,5.65,500,0,75500
JUBLFOOD30Jan201500PE.NFO,07/01/2020,13:25:28,5.05,5,1000,5.65,1000,0,75500
JUBLFOOD30Jan201500PE.NFO,07/01/2020,13:25:35,5.05,5,1000,5.65,500,0,75500
JUBLFOOD30Jan201500PE.NFO,07/01/2020,13:25:40,5.05,5,1000,5.65,1000,0,75500
JUBLFOOD30Jan201500PE.NFO,07/01/2020,13:27:47,5.05,5,1000,5.65,500,0,75500
JUBLFOOD30Jan201500PE.NFO,07/01/2020,13:27:54,5.05,5,1000,5.65,1000,0,75500
JUBLFOOD30Jan201500PE.NFO,07/01/2020,13:28:11,5.05,5,1000,5.65,500,0,75500
JUBLFOOD30Jan201500PE.NFO,07/01/2020,13:28:27,5.05,5,1000,5.65,1000,0,75500
JUBLFOOD30Jan201500PE.NFO,07/01/2020,13:28:33,5.05,5,1000,5.65,500,0,75500
JUBLFOOD30Jan201500PE.NFO,07/01/2020,13:43:56,5.05,5,1500,5.65,500,0,75500
JUBLFOOD30Jan201500PE.NFO,07/01/2020,13:44:53,5.05,5,1000,5.65,500,0,75500
JUBLFOOD30Jan201500PE.NFO,07/01/2020,14:20:12,5.05,5,1000,5.65,1000,0,75500
JUBLFOOD30Jan201500PE.NFO,07/01/2020,14:26:13,5.05,5,500,5.65,1000,0,75500
JUBLFOOD30Jan201500PE.NFO,07/01/2020,14:34:27,5.05,5,500,5.55,1500,0,75500
JUBLFOOD30Jan201500PE.NFO,07/01/2020,14:34:32,5.05,5,500,5.45,1500,0,75500
JUBLFOOD30Jan201500PE.NFO,07/01/2020,14:34:37,5.05,5,500,5.4,1000,0,75500
JUBLFOOD30Jan201500PE.NFO,07/01/2020,14:34:49,5.05,5,500,5.35,500,0,75500
JUBLFOOD30Jan201500PE.NFO,07/01/2020,14:35:29,5.05,5,500,5.4,500,0,75500
JUBLFOOD30Jan201500PE.NFO,07/01/2020,14:36:58,5.05,5,500,5.35,1000,0,75500
JUBLFOOD30Jan201500PE.NFO,07/01/2020,14:37:17,5.05,5,500,5.35,500,0,75500
JUBLFOOD30Jan201500PE.NFO,07/01/2020,14:37:43,5.05,5,500,5.3,500,0,75500
JUBLFOOD30Jan201500PE.NFO,07/01/2020,14:40:48,5.05,5,500,5.25,500,0,75500
JUBLFOOD30Jan201500PE.NFO,07/01/2020,14:40:53,5.05,5,500,5.3,500,0,75500
JUBLFOOD30Jan201500PE.NFO,07/01/2020,14:40:56,5.05,5,500,5.25,500,0,75500
JUBLFOOD30Jan201500PE.NFO,07/01/2020,14:41:04,5.05,5,500,5.3,500,0,75500
JUBLFOOD30Jan201500PE.NFO,07/01/2020,14:41:43,5.05,5,500,5.35,500,0,75500
JUBLFOOD30Jan201500PE.NFO,07/01/2020,14:41:48,5.05,5,500,5.35,1000,0,75500
JUBLFOOD30Jan201500PE.NFO,07/01/2020,14:43:43,5,5.05,500,5.3,1000,1000,75500
JUBLFOOD30Jan201500PE.NFO,07/01/2020,14:43:48,5,5.05,500,5.3,1000,0,75500
JUBLFOOD30Jan201500PE.NFO,07/01/2020,14:43:52,5.05,4.95,500,5.3,500,1000,75500
JUBLFOOD30Jan201500PE.NFO,07/01/2020,14:44:19,4.95,4.85,1000,5.2,500,500,75500
JUBLFOOD30Jan201500PE.NFO,07/01/2020,14:44:23,4.95,4.85,1000,5.25,500,0,75500
JUBLFOOD30Jan201500PE.NFO,07/01/2020,14:44:27,4.95,4.85,1000,5.3,500,0,75500
JUBLFOOD30Jan201500PE.NFO,07/01/2020,14:44:32,4.95,4.85,1000,5.1,500,0,75500
JUBLFOOD30Jan201500PE.NFO,07/01/2020,14:44:38,4.95,4.85,1000,5.1,1000,0,75500
JUBLFOOD30Jan201500PE.NFO,07/01/2020,14:44:44,4.95,4.85,1000,5.3,500,0,75500
JUBLFOOD30Jan201500PE.NFO,07/01/2020,14:45:06,4.95,4.85,1000,5.25,500,0,75500
JUBLFOOD30Jan201500PE.NFO,07/01/2020,14:45:14,4.95,4.85,1000,5.4,500,0,75500
JUBLFOOD30Jan201500PE.NFO,07/01/2020,14:45:23,4.95,4.85,1000,5.35,500,0,75500
JUBLFOOD30Jan201500PE.NFO,07/01/2020,14:46:15,4.95,4.85,1000,5.3,500,0,75500
JUBLFOOD30Jan201500PE.NFO,07/01/2020,14:50:41,4.95,4.85,1000,5.35,500,0,75500
JUBLFOOD30Jan201500PE.NFO,07/01/2020,14:50:51,4.95,4.85,1000,5.3,500,0,75500
JUBLFOOD30Jan201500PE.NFO,07/01/2020,14:51:13,4.95,5.05,1000,5.3,500,0,75500
JUBLFOOD30Jan201500PE.NFO,07/01/2020,14:51:36,4.95,5.05,1000,5.35,500,0,75500
JUBLFOOD30Jan201500PE.NFO,07/01/2020,14:52:55,4.95,5.05,1000,5.3,500,0,75500
JUBLFOOD30Jan201500PE.NFO,07/01/2020,14:54:35,4.95,5.05,1000,5.35,500,0,75500
JUBLFOOD30Jan201500PE.NFO,07/01/2020,14:55:04,4.95,5.05,1000,5.3,500,0,75500
JUBLFOOD30Jan201500PE.NFO,07/01/2020,14:55:10,4.95,5.05,1000,5.35,500,0,75500
JUBLFOOD30Jan201500PE.NFO,07/01/2020,14:55:15,4.95,5.05,1000,5.3,500,0,75500
JUBLFOOD30Jan201500PE.NFO,07/01/2020,14:55:24,4.95,5.05,1000,5.35,500,0,75500
JUBLFOOD30Jan201500PE.NFO,07/01/2020,14:55:34,4.95,5.05,1000,5.3,500,0,75500
JUBLFOOD30Jan201500PE.NFO,07/01/2020,14:55:58,4.95,5.05,1000,5.35,500,0,75500
JUBLFOOD30Jan201500PE.NFO,07/01/2020,14:57:05,4.95,5.05,1000,5.3,500,0,75500
JUBLFOOD30Jan201500PE.NFO,07/01/2020,14:57:38,4.95,5.05,1000,5.35,500,0,75500
JUBLFOOD30Jan201500PE.NFO,07/01/2020,14:57:43,4.95,5.05,1000,5.3,500,0,75500
JUBLFOOD30Jan201500PE.NFO,07/01/2020,15:03:00,4.95,5.05,1000,5.35,500,0,75500
JUBLFOOD30Jan201500PE.NFO,07/01/2020,15:03:05,4.95,5.05,1000,5.3,500,0,75500
JUBLFOOD30Jan201500PE.NFO,07/01/2020,15:03:10,4.95,5.05,1000,5.35,500,0,75500
JUBLFOOD30Jan201500PE.NFO,07/01/2020,15:03:16,4.95,5.05,1000,5.3,500,0,75500
JUBLFOOD30Jan201500PE.NFO,07/01/2020,15:03:21,4.95,5.05,1000,5.35,500,0,75500
JUBLFOOD30Jan201500PE.NFO,07/01/2020,15:03:27,4.95,5.05,1000,5.3,500,0,75500
JUBLFOOD30Jan201500PE.NFO,07/01/2020,15:03:31,4.95,5.05,1000,5.35,500,0,75500
JUBLFOOD30Jan201500PE.NFO,07/01/2020,15:05:39,4.95,5.05,1000,5.3,500,0,75500
JUBLFOOD30Jan201500PE.NFO,07/01/2020,15:05:54,4.95,5.05,1000,5.35,500,0,75500
JUBLFOOD30Jan201500PE.NFO,07/01/2020,15:06:15,4.95,5.05,1000,5.3,500,0,75500
JUBLFOOD30Jan201500PE.NFO,07/01/2020,15:07:15,4.95,5,500,5.3,1500,0,75500
JUBLFOOD30Jan201500PE.NFO,07/01/2020,15:08:20,4.95,5,500,5.3,1000,0,75500
JUBLFOOD30Jan201500PE.NFO,07/01/2020,15:08:25,4.95,5,500,5.3,1500,0,75500
JUBLFOOD30Jan201500PE.NFO,07/01/2020,15:08:55,4.95,5,500,5.3,1000,0,75500
JUBLFOOD30Jan201500PE.NFO,07/01/2020,15:08:59,4.95,5,500,5.3,1500,0,75500
JUBLFOOD30Jan201500PE.NFO,07/01/2020,15:10:24,5,4.85,1000,5.3,1500,500,75500
JUBLFOOD30Jan201500PE.NFO,07/01/2020,15:11:18,5,4.85,1000,5.3,1500,0,75500
JUBLFOOD30Jan201500PE.NFO,07/01/2020,15:12:50,5,4.85,1000,5.25,1000,0,75500
JUBLFOOD30Jan201500PE.NFO,07/01/2020,15:13:31,5,4.85,1000,5.2,500,0,75500
JUBLFOOD30Jan201500PE.NFO,07/01/2020,15:13:37,5,4.85,1000,5.25,1000,0,75500
JUBLFOOD30Jan201500PE.NFO,07/01/2020,15:13:42,5,4.85,1000,5.2,500,0,75500
JUBLFOOD30Jan201500PE.NFO,07/01/2020,15:14:06,5,4.85,1000,5.15,500,0,75500
JUBLFOOD30Jan201500PE.NFO,07/01/2020,15:14:15,5,4.85,1000,5.2,500,0,75500
JUBLFOOD30Jan201500PE.NFO,07/01/2020,15:14:59,5,4.85,1000,5.15,500,0,75500
JUBLFOOD30Jan201500PE.NFO,07/01/2020,15:16:16,5,4.85,1000,5.2,1000,0,75500
JUBLFOOD30Jan201500PE.NFO,07/01/2020,15:17:03,5,4.85,1000,5.15,1000,0,75500
JUBLFOOD30Jan201500PE.NFO,07/01/2020,15:17:10,5,4.85,1000,5.15,500,0,75500
JUBLFOOD30Jan201500PE.NFO,07/01/2020,15:17:44,5,4.85,1000,5.1,1000,0,75500
JUBLFOOD30Jan201500PE.NFO,07/01/2020,15:18:21,5,4.85,1000,5.05,500,0,75500
JUBLFOOD30Jan201500PE.NFO,07/01/2020,15:18:45,5,4.85,1000,5,500,0,75500
JUBLFOOD30Jan201500PE.NFO,07/01/2020,15:19:23,5,4.85,1000,4.95,500,0,75500
JUBLFOOD30Jan201500PE.NFO,07/01/2020,15:19:30,4.95,4.85,1000,5.15,500,500,75500
JUBLFOOD30Jan201500PE.NFO,07/01/2020,15:19:36,4.95,4.85,1000,5.15,500,0,75500
JUBLFOOD30Jan201500PE.NFO,07/01/2020,15:19:48,4.95,4.85,1000,5.2,500,0,75500
JUBLFOOD30Jan201500PE.NFO,07/01/2020,15:19:54,4.95,4.85,1000,5.15,500,0,75500
JUBLFOOD30Jan201500PE.NFO,07/01/2020,15:20:19,4.95,4.85,1000,5.1,1000,0,75500
JUBLFOOD30Jan201500PE.NFO,07/01/2020,15:20:35,4.95,4.85,1000,5.1,500,0,75500
JUBLFOOD30Jan201500PE.NFO,07/01/2020,15:21:48,4.95,4.85,1000,5.05,500,0,75500
JUBLFOOD30Jan201500PE.NFO,07/01/2020,15:22:04,4.95,4.85,1000,5,500,0,75500
JUBLFOOD30Jan201500PE.NFO,07/01/2020,15:22:34,4.95,4.85,1000,4.95,500,0,75500
JUBLFOOD30Jan201500PE.NFO,07/01/2020,15:23:26,4.9,4.85,500,5.15,500,500,75500
JUBLFOOD30Jan201500PE.NFO,07/01/2020,15:24:17,4.9,4.85,500,5.15,500,0,75500
JUBLFOOD30Jan201500PE.NFO,07/01/2020,15:24:29,4.9,4.85,500,5,2500,0,75500
JUBLFOOD30Jan201500PE.NFO,07/01/2020,15:24:40,4.9,4.85,500,5.15,500,0,75500
JUBLFOOD30Jan201500PE.NFO,07/01/2020,15:26:47,4.9,4.85,500,5.05,500,0,75500
JUBLFOOD30Jan201500PE.NFO,07/01/2020,15:26:53,4.9,4.85,500,5.1,500,0,75500
JUBLFOOD30Jan201500PE.NFO,07/01/2020,15:27:09,4.9,5.05,500,5.1,500,0,75500
JUBLFOOD30Jan201500PE.NFO,07/01/2020,15:27:14,5.1,5.05,500,5.25,500,500,75500
JUBLFOOD30Jan201500PE.NFO,07/01/2020,15:27:19,5.1,5.05,500,5.2,500,0,75500
JUBLFOOD30Jan201500PE.NFO,07/01/2020,15:28:21,5.1,5.05,500,5.25,500,0,75500
JUBLFOOD30Jan201500PE.NFO,07/01/2020,15:28:32,5.1,5.05,500,5.2,500,0,75500
JUBLFOOD30Jan201500PE.NFO,07/01/2020,15:29:01,5.05,4.25,500,5.2,500,500,75500
JUBLFOOD30Jan201500PE.NFO,07/01/2020,15:29:08,5.05,4.3,2000,5.2,500,0,75500
JUBLFOOD30Jan201500PE.NFO,07/01/2020,15:29:22,5.05,4.3,2000,5.25,500,0,75500
