Ticker,Date,Time,LTP,BuyPrice,BuyQty,SellPrice,SellQty,LTQ,OpenInterest
JUBLFOOD30Jan201620PE.NFO,07/01/2020,10:03:55,23.85,23.35,3000,24.7,1000,2000,23000
JUBLFOOD30Jan201620PE.NFO,07/01/2020,10:03:55,23.85,23.35,3000,24.7,1000,0,23000
JUBLFOOD30Jan201620PE.NFO,07/01/2020,10:03:55,23.85,23.35,3000,24.7,1000,0,23000
JUBLFOOD30Jan201620PE.NFO,07/01/2020,10:03:55,23.85,23.35,3000,24.7,1000,0,23000
JUBLFOOD30Jan201620PE.NFO,07/01/2020,10:04:00,23.85,23.1,3000,24.55,1000,0,23000
JUBLFOOD30Jan201620PE.NFO,07/01/2020,10:04:05,23.85,23.1,3000,24.65,1000,0,23000
JUBLFOOD30Jan201620PE.NFO,07/01/2020,10:04:10,23.85,23.2,3000,24,500,0,23000
JUBLFOOD30Jan201620PE.NFO,07/01/2020,10:04:31,23.85,23.25,3000,24,500,0,23000
JUBLFOOD30Jan201620PE.NFO,07/01/2020,10:04:40,23.85,23.1,3000,23.85,500,0,23000
JUBLFOOD30Jan201620PE.NFO,07/01/2020,10:04:54,23.85,23.15,3500,23.85,500,0,23000
JUBLFOOD30Jan201620PE.NFO,07/01/2020,10:05:03,23.85,23.35,3000,24,500,0,23000
JUBLFOOD30Jan201620PE.NFO,07/01/2020,10:05:08,23.85,23.15,3000,23.85,500,0,23000
JUBLFOOD30Jan201620PE.NFO,07/01/2020,10:05:12,23.85,23.1,1000,23.85,500,0,23000
JUBLFOOD30Jan201620PE.NFO,07/01/2020,10:05:16,23.85,23.2,500,23.95,1000,0,23000
JUBLFOOD30Jan201620PE.NFO,07/01/2020,10:05:25,23.85,23.3,500,24,500,0,23000
JUBLFOOD30Jan201620PE.NFO,07/01/2020,10:05:29,23.85,23.2,1000,23.95,500,0,23000
JUBLFOOD30Jan201620PE.NFO,07/01/2020,10:05:41,23.85,23.2,1000,23.95,1000,0,23000
JUBLFOOD30Jan201620PE.NFO,07/01/2020,10:05:47,23.85,23.2,1000,23.95,500,0,23000
JUBLFOOD30Jan201620PE.NFO,07/01/2020,10:05:53,23.85,23.3,2500,24.1,1000,0,23000
JUBLFOOD30Jan201620PE.NFO,07/01/2020,10:05:59,23.85,23.4,2000,24.4,1000,0,23000
JUBLFOOD30Jan201620PE.NFO,07/01/2020,10:06:04,23.85,23.45,2500,24.3,1000,0,23000
JUBLFOOD30Jan201620PE.NFO,07/01/2020,10:06:09,23.85,23.55,3000,24.4,1000,0,23000
JUBLFOOD30Jan201620PE.NFO,07/01/2020,10:06:15,23.85,23.45,2500,24.2,500,0,23000
JUBLFOOD30Jan201620PE.NFO,07/01/2020,10:06:20,23.85,23.4,500,24.1,500,0,23000
JUBLFOOD30Jan201620PE.NFO,07/01/2020,10:06:26,23.85,23.05,2000,24.3,1000,0,23000
JUBLFOOD30Jan201620PE.NFO,07/01/2020,10:06:32,23.85,23.1,3000,24.15,1000,0,23000
JUBLFOOD30Jan201620PE.NFO,07/01/2020,10:06:37,23.85,23,2000,23.9,500,0,23000
JUBLFOOD30Jan201620PE.NFO,07/01/2020,10:06:42,23.85,23,2000,23.85,500,0,23000
JUBLFOOD30Jan201620PE.NFO,07/01/2020,10:06:48,23.85,23.05,3000,24,500,0,23000
JUBLFOOD30Jan201620PE.NFO,07/01/2020,10:06:54,23.85,23.05,2500,23.9,500,0,23000
JUBLFOOD30Jan201620PE.NFO,07/01/2020,10:06:59,23.85,23.05,2500,24,500,0,23000
JUBLFOOD30Jan201620PE.NFO,07/01/2020,10:07:05,23.85,23.05,3000,24.75,1500,0,23000
JUBLFOOD30Jan201620PE.NFO,07/01/2020,10:07:10,23.85,23.15,2500,25.05,1000,0,23000
JUBLFOOD30Jan201620PE.NFO,07/01/2020,10:07:16,23.85,23.35,2500,24.6,1000,0,23000
JUBLFOOD30Jan201620PE.NFO,07/01/2020,10:07:22,23.85,23.3,2000,24.45,1000,0,23000
JUBLFOOD30Jan201620PE.NFO,07/01/2020,10:07:33,23.85,23.3,2000,24.2,1000,0,23000
JUBLFOOD30Jan201620PE.NFO,07/01/2020,10:07:38,23.85,23.25,2000,24.55,1000,0,23000
JUBLFOOD30Jan201620PE.NFO,07/01/2020,10:07:43,23.85,23.25,2000,24.2,500,0,23000
JUBLFOOD30Jan201620PE.NFO,07/01/2020,10:07:48,23.85,23.3,2500,24.45,1000,0,23000
JUBLFOOD30Jan201620PE.NFO,07/01/2020,10:07:58,23.85,23.3,2500,24.55,1000,0,23000
JUBLFOOD30Jan201620PE.NFO,07/01/2020,10:08:03,23.85,23.3,2500,24.4,1000,0,23000
JUBLFOOD30Jan201620PE.NFO,07/01/2020,10:08:11,23.85,23.3,2500,24.25,1000,0,23000
JUBLFOOD30Jan201620PE.NFO,07/01/2020,10:08:16,23.85,23.35,500,24.6,1000,0,23000
JUBLFOOD30Jan201620PE.NFO,07/01/2020,10:08:21,23.85,23.35,500,24.65,1000,0,23000
JUBLFOOD30Jan201620PE.NFO,07/01/2020,10:08:25,23.85,23.35,500,24.2,1000,0,23000
JUBLFOOD30Jan201620PE.NFO,07/01/2020,10:08:35,23.85,23.2,500,24.2,1000,0,23000
JUBLFOOD30Jan201620PE.NFO,07/01/2020,10:08:46,23.85,23.3,500,24.5,1000,0,23000
JUBLFOOD30Jan201620PE.NFO,07/01/2020,10:08:58,23.85,23.3,500,24.35,1000,0,23000
JUBLFOOD30Jan201620PE.NFO,07/01/2020,10:09:02,23.85,23.4,500,24.35,1000,0,23000
JUBLFOOD30Jan201620PE.NFO,07/01/2020,10:09:07,23.85,23.4,2500,24.35,1000,0,23000
JUBLFOOD30Jan201620PE.NFO,07/01/2020,10:09:11,23.85,23.4,500,24.35,1000,0,23000
JUBLFOOD30Jan201620PE.NFO,07/01/2020,10:09:24,23.85,23.5,500,24.35,1000,0,23000
JUBLFOOD30Jan201620PE.NFO,07/01/2020,10:09:28,23.85,23.6,500,24.55,500,0,23000
JUBLFOOD30Jan201620PE.NFO,07/01/2020,10:09:32,23.85,23.6,500,24.75,1000,0,23000
JUBLFOOD30Jan201620PE.NFO,07/01/2020,10:10:23,23.85,24,500,24.75,1000,0,23000
JUBLFOOD30Jan201620PE.NFO,07/01/2020,10:10:44,23.85,23.25,500,24.75,1000,0,23000
JUBLFOOD30Jan201620PE.NFO,07/01/2020,10:13:46,23.85,22.55,500,24.75,1000,0,23000
JUBLFOOD30Jan201620PE.NFO,07/01/2020,10:13:53,23.85,22.55,1000,24.75,1000,0,23000
JUBLFOOD30Jan201620PE.NFO,07/01/2020,10:14:23,23.85,22.8,2500,24.75,1000,0,23000
JUBLFOOD30Jan201620PE.NFO,07/01/2020,10:14:28,23.85,23.05,2500,24.75,1000,0,23000
JUBLFOOD30Jan201620PE.NFO,07/01/2020,10:14:53,23.85,23.2,2000,24.75,1000,0,23000
JUBLFOOD30Jan201620PE.NFO,07/01/2020,10:14:58,23.85,23.05,2500,24.75,1000,0,23000
JUBLFOOD30Jan201620PE.NFO,07/01/2020,10:15:03,23.85,23.2,2000,24.75,1000,0,23000
JUBLFOOD30Jan201620PE.NFO,07/01/2020,10:15:24,23.85,23.1,500,24.75,1000,0,23000
JUBLFOOD30Jan201620PE.NFO,07/01/2020,10:15:37,23.85,23.15,500,24.75,1000,0,23000
JUBLFOOD30Jan201620PE.NFO,07/01/2020,10:15:42,23.85,23.3,2000,24.75,1000,0,23000
JUBLFOOD30Jan201620PE.NFO,07/01/2020,10:15:59,23.85,23.2,2000,24.75,1000,0,23000
JUBLFOOD30Jan201620PE.NFO,07/01/2020,10:16:31,23.85,23.2,500,24.75,1000,0,23000
JUBLFOOD30Jan201620PE.NFO,07/01/2020,10:16:42,23.85,23.3,2000,24.75,1000,0,23000
JUBLFOOD30Jan201620PE.NFO,07/01/2020,10:16:51,23.85,23.35,2500,24.75,1000,0,23000
JUBLFOOD30Jan201620PE.NFO,07/01/2020,10:17:04,23.85,23.35,500,24.75,1000,0,23000
JUBLFOOD30Jan201620PE.NFO,07/01/2020,10:17:08,23.85,23.4,2000,24.75,1000,0,23000
JUBLFOOD30Jan201620PE.NFO,07/01/2020,10:17:13,23.85,23.35,500,24.75,1000,0,23000
JUBLFOOD30Jan201620PE.NFO,07/01/2020,10:17:17,23.85,23.4,2000,24.75,1000,0,23000
JUBLFOOD30Jan201620PE.NFO,07/01/2020,10:17:21,23.85,23.45,500,24.75,1000,0,23000
JUBLFOOD30Jan201620PE.NFO,07/01/2020,10:17:25,23.85,23.55,2500,24.75,1000,0,23000
JUBLFOOD30Jan201620PE.NFO,07/01/2020,10:17:39,23.85,23.4,2500,24.75,1000,0,23000
JUBLFOOD30Jan201620PE.NFO,07/01/2020,10:17:44,23.85,23.35,3000,24.75,1000,0,23000
JUBLFOOD30Jan201620PE.NFO,07/01/2020,10:17:49,23.85,23.5,2000,24.75,1000,0,23000
JUBLFOOD30Jan201620PE.NFO,07/01/2020,10:17:54,23.85,23.55,3000,24.75,1000,0,23000
JUBLFOOD30Jan201620PE.NFO,07/01/2020,10:18:03,23.85,23.55,500,24.75,1000,0,23000
JUBLFOOD30Jan201620PE.NFO,07/01/2020,10:18:07,23.85,23.55,2000,24.75,1000,0,23000
JUBLFOOD30Jan201620PE.NFO,07/01/2020,10:18:16,23.85,23.6,500,24.75,1000,0,23000
JUBLFOOD30Jan201620PE.NFO,07/01/2020,10:18:20,23.85,23.6,2500,24.75,1000,0,23000
JUBLFOOD30Jan201620PE.NFO,07/01/2020,10:18:24,23.85,23.55,2000,24.75,1000,0,23000
JUBLFOOD30Jan201620PE.NFO,07/01/2020,10:18:37,23.85,23.55,2500,24.75,1000,0,23000
JUBLFOOD30Jan201620PE.NFO,07/01/2020,10:18:43,23.85,23.6,2500,24.75,1000,0,23000
JUBLFOOD30Jan201620PE.NFO,07/01/2020,10:18:53,23.85,23.7,2000,24.75,1000,0,23000
JUBLFOOD30Jan201620PE.NFO,07/01/2020,10:19:21,23.85,23.75,2500,25,1000,0,23000
JUBLFOOD30Jan201620PE.NFO,07/01/2020,10:19:36,23.85,23.85,2500,25,1000,0,23000
JUBLFOOD30Jan201620PE.NFO,07/01/2020,10:19:40,23.85,24,2500,25,1000,0,23000
JUBLFOOD30Jan201620PE.NFO,07/01/2020,10:19:43,23.85,24,500,25,1000,0,23000
JUBLFOOD30Jan201620PE.NFO,07/01/2020,10:20:00,23.85,23.75,2000,25,1000,0,23000
JUBLFOOD30Jan201620PE.NFO,07/01/2020,10:20:04,23.85,23.8,2500,25,1000,0,23000
JUBLFOOD30Jan201620PE.NFO,07/01/2020,10:20:16,23.85,23.8,500,25,1000,0,23000
JUBLFOOD30Jan201620PE.NFO,07/01/2020,10:20:30,23.85,23.8,2500,25,1000,0,23000
JUBLFOOD30Jan201620PE.NFO,07/01/2020,10:20:42,23.85,23.8,500,25,1000,0,23000
JUBLFOOD30Jan201620PE.NFO,07/01/2020,10:20:47,23.85,23.6,500,25,1000,0,23000
JUBLFOOD30Jan201620PE.NFO,07/01/2020,10:20:58,23.85,23.5,500,25,1000,0,23000
JUBLFOOD30Jan201620PE.NFO,07/01/2020,10:21:05,23.85,23.5,2500,25,1000,0,23000
JUBLFOOD30Jan201620PE.NFO,07/01/2020,10:21:14,23.85,23.6,500,25,1000,0,23000
JUBLFOOD30Jan201620PE.NFO,07/01/2020,10:21:22,23.85,23.6,2500,25,1000,0,23000
JUBLFOOD30Jan201620PE.NFO,07/01/2020,10:21:26,23.85,23.7,500,25,1000,0,23000
JUBLFOOD30Jan201620PE.NFO,07/01/2020,10:21:38,23.85,23.7,2500,25,1000,0,23000
JUBLFOOD30Jan201620PE.NFO,07/01/2020,10:21:46,23.85,23.7,500,25,1000,0,23000
JUBLFOOD30Jan201620PE.NFO,07/01/2020,10:21:52,23.85,23.75,1000,25,1000,0,23000
JUBLFOOD30Jan201620PE.NFO,07/01/2020,10:22:00,23.85,24.05,500,26.05,1000,0,23000
JUBLFOOD30Jan201620PE.NFO,07/01/2020,10:22:20,23.85,24.05,500,25.8,1000,0,23000
JUBLFOOD30Jan201620PE.NFO,07/01/2020,10:22:48,23.85,24.05,500,25.45,1000,0,23000
JUBLFOOD30Jan201620PE.NFO,07/01/2020,10:23:02,23.85,24.05,500,25.35,1000,0,23000
JUBLFOOD30Jan201620PE.NFO,07/01/2020,10:23:20,23.85,23.9,500,25.35,1000,0,23000
JUBLFOOD30Jan201620PE.NFO,07/01/2020,10:23:32,23.85,23.9,3000,25.35,1000,0,23000
JUBLFOOD30Jan201620PE.NFO,07/01/2020,10:23:40,23.85,24,500,25.35,1000,0,23000
JUBLFOOD30Jan201620PE.NFO,07/01/2020,10:23:44,23.85,24,1000,25.35,1000,0,23000
JUBLFOOD30Jan201620PE.NFO,07/01/2020,10:23:59,23.85,24,500,25.35,1000,0,23000
JUBLFOOD30Jan201620PE.NFO,07/01/2020,10:24:35,23.85,24,2500,25.35,1000,0,23000
JUBLFOOD30Jan201620PE.NFO,07/01/2020,10:24:38,23.85,24,500,25.35,1000,0,23000
JUBLFOOD30Jan201620PE.NFO,07/01/2020,10:24:57,23.85,24,2500,25.35,1000,0,23000
JUBLFOOD30Jan201620PE.NFO,07/01/2020,10:25:01,23.85,24,500,25.35,1000,0,23000
JUBLFOOD30Jan201620PE.NFO,07/01/2020,10:25:04,23.85,24,2500,25.35,1000,0,23000
JUBLFOOD30Jan201620PE.NFO,07/01/2020,10:25:33,23.85,24.2,500,25.3,500,0,23000
JUBLFOOD30Jan201620PE.NFO,07/01/2020,10:25:38,23.85,24.05,2500,25.45,1000,0,23000
JUBLFOOD30Jan201620PE.NFO,07/01/2020,10:25:48,23.85,24.05,2500,25.4,500,0,23000
JUBLFOOD30Jan201620PE.NFO,07/01/2020,10:25:54,23.85,24.05,2500,25.6,1000,0,23000
JUBLFOOD30Jan201620PE.NFO,07/01/2020,10:25:58,23.85,24.05,2500,25.45,1000,0,23000
JUBLFOOD30Jan201620PE.NFO,07/01/2020,10:26:02,23.85,24.05,2500,25.4,500,0,23000
JUBLFOOD30Jan201620PE.NFO,07/01/2020,10:26:16,23.85,24.05,2500,25.35,500,0,23000
JUBLFOOD30Jan201620PE.NFO,07/01/2020,10:26:23,23.85,24.05,2500,25.6,1000,0,23000
JUBLFOOD30Jan201620PE.NFO,07/01/2020,10:26:27,23.85,24.05,2500,25.35,500,0,23000
JUBLFOOD30Jan201620PE.NFO,07/01/2020,10:26:30,23.85,24.05,500,25.3,1000,0,23000
JUBLFOOD30Jan201620PE.NFO,07/01/2020,10:26:33,23.85,24.05,500,25.15,500,0,23000
JUBLFOOD30Jan201620PE.NFO,07/01/2020,10:26:39,23.85,24.05,500,25.4,1000,0,23000
JUBLFOOD30Jan201620PE.NFO,07/01/2020,10:26:43,23.85,24.05,500,25.25,1000,0,23000
JUBLFOOD30Jan201620PE.NFO,07/01/2020,10:26:46,23.85,24.05,500,25.4,1000,0,23000
JUBLFOOD30Jan201620PE.NFO,07/01/2020,10:26:50,23.85,24.05,2500,25.15,500,0,23000
JUBLFOOD30Jan201620PE.NFO,07/01/2020,10:26:53,23.85,24.05,2500,25.25,1000,0,23000
JUBLFOOD30Jan201620PE.NFO,07/01/2020,10:26:58,23.85,24.05,2500,25.35,1000,0,23000
JUBLFOOD30Jan201620PE.NFO,07/01/2020,10:27:01,23.85,24.05,2500,25.25,1000,0,23000
JUBLFOOD30Jan201620PE.NFO,07/01/2020,10:27:05,23.85,24.05,2500,25.25,500,0,23000
JUBLFOOD30Jan201620PE.NFO,07/01/2020,10:27:08,23.85,24.05,2500,25.5,1000,0,23000
JUBLFOOD30Jan201620PE.NFO,07/01/2020,10:27:15,23.85,24.05,2500,25.4,1000,0,23000
JUBLFOOD30Jan201620PE.NFO,07/01/2020,10:27:18,23.85,24.05,2500,25.5,1000,0,23000
JUBLFOOD30Jan201620PE.NFO,07/01/2020,10:27:21,23.85,24.05,2500,25.6,1000,0,23000
JUBLFOOD30Jan201620PE.NFO,07/01/2020,10:27:25,23.85,24.05,2500,25.7,1000,0,23000
JUBLFOOD30Jan201620PE.NFO,07/01/2020,10:27:28,23.85,24.05,2500,25.35,500,0,23000
JUBLFOOD30Jan201620PE.NFO,07/01/2020,10:27:32,23.85,24.05,2500,25.6,1000,0,23000
JUBLFOOD30Jan201620PE.NFO,07/01/2020,10:27:35,23.85,24.05,2500,25.4,1000,0,23000
JUBLFOOD30Jan201620PE.NFO,07/01/2020,10:27:38,23.85,24.05,2500,25.3,500,0,23000
JUBLFOOD30Jan201620PE.NFO,07/01/2020,10:27:43,23.85,24.05,2500,25.45,1000,0,23000
JUBLFOOD30Jan201620PE.NFO,07/01/2020,10:27:47,23.85,24.05,2500,25.4,1000,0,23000
JUBLFOOD30Jan201620PE.NFO,07/01/2020,10:27:53,23.85,24.05,2500,25.35,1000,0,23000
JUBLFOOD30Jan201620PE.NFO,07/01/2020,10:27:56,23.85,24.05,500,25.35,1000,0,23000
JUBLFOOD30Jan201620PE.NFO,07/01/2020,10:27:59,23.85,24.05,500,25.1,500,0,23000
JUBLFOOD30Jan201620PE.NFO,07/01/2020,10:28:02,23.85,24.05,500,25.2,1000,0,23000
JUBLFOOD30Jan201620PE.NFO,07/01/2020,10:28:06,23.85,23.95,500,25.1,1000,0,23000
JUBLFOOD30Jan201620PE.NFO,07/01/2020,10:28:09,23.85,23.75,500,25.25,1000,0,23000
JUBLFOOD30Jan201620PE.NFO,07/01/2020,10:28:12,23.85,23.85,500,25.3,1000,0,23000
JUBLFOOD30Jan201620PE.NFO,07/01/2020,10:28:15,23.85,23.85,500,25,1000,0,23000
JUBLFOOD30Jan201620PE.NFO,07/01/2020,10:28:18,23.85,23.95,500,25,1000,0,23000
JUBLFOOD30Jan201620PE.NFO,07/01/2020,10:28:21,23.85,23.9,500,25.25,1000,0,23000
JUBLFOOD30Jan201620PE.NFO,07/01/2020,10:28:25,23.85,23.9,500,24.95,1000,0,23000
JUBLFOOD30Jan201620PE.NFO,07/01/2020,10:28:28,23.85,23.8,500,24.9,1000,0,23000
JUBLFOOD30Jan201620PE.NFO,07/01/2020,10:28:32,23.85,23.75,500,24.8,500,0,23000
JUBLFOOD30Jan201620PE.NFO,07/01/2020,10:28:36,23.85,23.75,500,24.95,1000,0,23000
JUBLFOOD30Jan201620PE.NFO,07/01/2020,10:28:39,23.85,23.75,500,24.75,1000,0,23000
JUBLFOOD30Jan201620PE.NFO,07/01/2020,10:28:42,23.85,23.7,2000,25.15,1000,0,23000
JUBLFOOD30Jan201620PE.NFO,07/01/2020,10:28:46,23.85,23.75,500,24.95,1000,0,23000
JUBLFOOD30Jan201620PE.NFO,07/01/2020,10:28:49,23.85,23.75,2500,24.7,500,0,23000
JUBLFOOD30Jan201620PE.NFO,07/01/2020,10:28:52,23.85,23.75,2500,24.75,500,0,23000
JUBLFOOD30Jan201620PE.NFO,07/01/2020,10:28:55,23.85,23.75,2500,24.9,1000,0,23000
JUBLFOOD30Jan201620PE.NFO,07/01/2020,10:28:58,23.85,23.75,500,24.9,1000,0,23000
JUBLFOOD30Jan201620PE.NFO,07/01/2020,10:29:02,23.85,23.8,500,24.95,1000,0,23000
JUBLFOOD30Jan201620PE.NFO,07/01/2020,10:29:05,23.85,23.75,2000,24.8,500,0,23000
JUBLFOOD30Jan201620PE.NFO,07/01/2020,10:29:08,23.85,23.8,500,24.75,500,0,23000
JUBLFOOD30Jan201620PE.NFO,07/01/2020,10:29:10,23.85,23.8,500,24.95,1000,0,23000
JUBLFOOD30Jan201620PE.NFO,07/01/2020,10:29:13,23.85,23.75,2500,24.7,500,0,23000
JUBLFOOD30Jan201620PE.NFO,07/01/2020,10:29:17,23.85,23.75,500,24.7,500,0,23000
JUBLFOOD30Jan201620PE.NFO,07/01/2020,10:29:24,23.85,23.75,500,24.75,1000,0,23000
JUBLFOOD30Jan201620PE.NFO,07/01/2020,10:29:27,23.85,23.75,500,24.65,500,0,23000
JUBLFOOD30Jan201620PE.NFO,07/01/2020,10:29:30,23.85,23.75,3000,24.8,500,0,23000
JUBLFOOD30Jan201620PE.NFO,07/01/2020,10:29:36,23.85,23.75,2500,24.95,1000,0,23000
JUBLFOOD30Jan201620PE.NFO,07/01/2020,10:29:39,23.85,23.75,2500,24.8,500,0,23000
JUBLFOOD30Jan201620PE.NFO,07/01/2020,10:29:43,23.85,23.75,2500,25,1000,0,23000
JUBLFOOD30Jan201620PE.NFO,07/01/2020,10:29:46,23.85,23.75,2500,24.9,1000,0,23000
JUBLFOOD30Jan201620PE.NFO,07/01/2020,10:29:48,23.85,23.75,2500,24.8,1000,0,23000
JUBLFOOD30Jan201620PE.NFO,07/01/2020,10:29:51,23.85,23.75,2500,24.85,1000,0,23000
JUBLFOOD30Jan201620PE.NFO,07/01/2020,10:29:53,23.85,23.75,2500,25.15,1000,0,23000
JUBLFOOD30Jan201620PE.NFO,07/01/2020,10:29:55,23.85,23.75,2500,24.95,1000,0,23000
JUBLFOOD30Jan201620PE.NFO,07/01/2020,10:29:58,23.85,23.75,2500,25,1000,0,23000
JUBLFOOD30Jan201620PE.NFO,07/01/2020,10:30:01,23.85,23.75,500,24.85,1000,0,23000
JUBLFOOD30Jan201620PE.NFO,07/01/2020,10:30:05,23.85,23.75,2500,24.85,1000,0,23000
JUBLFOOD30Jan201620PE.NFO,07/01/2020,10:30:10,23.85,23.75,500,24.8,1000,0,23000
JUBLFOOD30Jan201620PE.NFO,07/01/2020,10:30:12,23.85,23.75,2500,24.85,1000,0,23000
JUBLFOOD30Jan201620PE.NFO,07/01/2020,10:30:15,23.85,23.75,2500,24.95,1000,0,23000
JUBLFOOD30Jan201620PE.NFO,07/01/2020,10:30:18,23.85,23.75,2500,24.8,500,0,23000
JUBLFOOD30Jan201620PE.NFO,07/01/2020,10:30:20,23.85,23.75,2500,24.85,1000,0,23000
JUBLFOOD30Jan201620PE.NFO,07/01/2020,10:30:23,23.85,23.75,2500,25,1000,0,23000
JUBLFOOD30Jan201620PE.NFO,07/01/2020,10:30:26,23.85,23.75,500,24.75,500,0,23000
JUBLFOOD30Jan201620PE.NFO,07/01/2020,10:30:29,23.85,23.75,500,25,1000,0,23000
JUBLFOOD30Jan201620PE.NFO,07/01/2020,10:30:31,23.85,23.75,500,24.8,1000,0,23000
JUBLFOOD30Jan201620PE.NFO,07/01/2020,10:30:34,23.85,23.75,500,24.8,500,0,23000
JUBLFOOD30Jan201620PE.NFO,07/01/2020,10:30:37,23.85,23.6,2000,24.7,1000,0,23000
JUBLFOOD30Jan201620PE.NFO,07/01/2020,10:30:39,23.85,23.55,500,24.75,1000,0,23000
JUBLFOOD30Jan201620PE.NFO,07/01/2020,10:30:42,23.85,23.55,500,24.45,500,0,23000
JUBLFOOD30Jan201620PE.NFO,07/01/2020,10:30:46,23.85,23.55,500,24.5,500,0,23000
JUBLFOOD30Jan201620PE.NFO,07/01/2020,10:30:50,23.85,23.55,2500,24.6,1000,0,23000
JUBLFOOD30Jan201620PE.NFO,07/01/2020,10:31:02,23.85,23.55,500,24.8,1000,0,23000
JUBLFOOD30Jan201620PE.NFO,07/01/2020,10:31:05,23.85,23.55,500,24.5,1000,0,23000
JUBLFOOD30Jan201620PE.NFO,07/01/2020,10:31:08,23.85,23.55,3000,24.6,500,0,23000
JUBLFOOD30Jan201620PE.NFO,07/01/2020,10:31:10,23.85,23.55,3000,24.65,500,0,23000
JUBLFOOD30Jan201620PE.NFO,07/01/2020,10:31:12,23.85,23.55,3000,24.85,1000,0,23000
JUBLFOOD30Jan201620PE.NFO,07/01/2020,10:31:16,23.85,23.65,500,24.7,1000,0,23000
JUBLFOOD30Jan201620PE.NFO,07/01/2020,10:31:19,23.85,23.65,2500,24.7,1000,0,23000
JUBLFOOD30Jan201620PE.NFO,07/01/2020,10:31:22,23.85,23.65,2500,24.8,1000,0,23000
JUBLFOOD30Jan201620PE.NFO,07/01/2020,10:31:24,23.85,23.65,2500,24.75,1000,0,23000
JUBLFOOD30Jan201620PE.NFO,07/01/2020,10:31:34,23.85,23.75,500,24.65,500,0,23000
JUBLFOOD30Jan201620PE.NFO,07/01/2020,10:31:36,23.85,23.75,3000,24.85,1000,0,23000
JUBLFOOD30Jan201620PE.NFO,07/01/2020,10:31:40,23.85,23.75,3000,24.7,500,0,23000
JUBLFOOD30Jan201620PE.NFO,07/01/2020,10:31:43,23.85,23.85,500,24.9,500,0,23000
JUBLFOOD30Jan201620PE.NFO,07/01/2020,10:31:48,23.85,23.9,500,25.3,1000,0,23000
JUBLFOOD30Jan201620PE.NFO,07/01/2020,10:31:51,23.85,23.9,500,25,1000,0,23000
JUBLFOOD30Jan201620PE.NFO,07/01/2020,10:31:54,23.85,23.85,500,24.85,1000,0,23000
JUBLFOOD30Jan201620PE.NFO,07/01/2020,10:31:58,23.85,23.75,500,24.9,1000,0,23000
JUBLFOOD30Jan201620PE.NFO,07/01/2020,10:32:02,23.85,23.75,500,24.55,500,0,23000
JUBLFOOD30Jan201620PE.NFO,07/01/2020,10:32:06,23.85,23.6,500,24.8,1000,0,23000
JUBLFOOD30Jan201620PE.NFO,07/01/2020,10:32:14,23.85,23.6,500,24.7,1000,0,23000
JUBLFOOD30Jan201620PE.NFO,07/01/2020,10:32:17,23.85,23.6,500,24.75,1000,0,23000
JUBLFOOD30Jan201620PE.NFO,07/01/2020,10:32:21,23.85,23.6,500,24.85,1000,0,23000
JUBLFOOD30Jan201620PE.NFO,07/01/2020,10:32:25,23.85,23.6,500,24.75,1000,0,23000
JUBLFOOD30Jan201620PE.NFO,07/01/2020,10:32:28,23.85,23.6,500,24.8,1000,0,23000
JUBLFOOD30Jan201620PE.NFO,07/01/2020,10:32:32,23.85,23.6,500,24.7,1000,0,23000
JUBLFOOD30Jan201620PE.NFO,07/01/2020,10:32:36,23.85,23.6,500,24.75,1000,0,23000
JUBLFOOD30Jan201620PE.NFO,07/01/2020,10:32:40,23.85,23.6,500,24.5,500,0,23000
JUBLFOOD30Jan201620PE.NFO,07/01/2020,10:32:45,23.85,23.35,500,24.5,1000,0,23000
JUBLFOOD30Jan201620PE.NFO,07/01/2020,10:32:49,23.85,23.35,500,24.65,1000,0,23000
JUBLFOOD30Jan201620PE.NFO,07/01/2020,10:32:52,23.85,23.35,500,24.3,500,0,23000
JUBLFOOD30Jan201620PE.NFO,07/01/2020,10:32:59,23.85,23.35,500,24.5,1000,0,23000
JUBLFOOD30Jan201620PE.NFO,07/01/2020,10:33:02,23.85,23.35,500,24.7,1000,0,23000
JUBLFOOD30Jan201620PE.NFO,07/01/2020,10:33:05,23.85,23.35,2500,24.4,1000,0,23000
JUBLFOOD30Jan201620PE.NFO,07/01/2020,10:33:07,23.85,23.35,1000,24.5,1000,0,23000
JUBLFOOD30Jan201620PE.NFO,07/01/2020,10:33:09,23.85,23.35,500,24.3,500,0,23000
JUBLFOOD30Jan201620PE.NFO,07/01/2020,10:33:11,23.85,23.35,500,24.55,1000,0,23000
JUBLFOOD30Jan201620PE.NFO,07/01/2020,10:33:13,23.85,23.35,500,24.25,500,0,23000
JUBLFOOD30Jan201620PE.NFO,07/01/2020,10:33:16,23.85,23.35,500,24.25,1000,0,23000
JUBLFOOD30Jan201620PE.NFO,07/01/2020,10:33:20,23.85,23.35,500,24.3,1000,0,23000
JUBLFOOD30Jan201620PE.NFO,07/01/2020,10:33:23,23.85,23.35,500,24.4,1000,0,23000
JUBLFOOD30Jan201620PE.NFO,07/01/2020,10:33:27,23.85,23.35,500,24.35,1000,0,23000
JUBLFOOD30Jan201620PE.NFO,07/01/2020,10:33:30,23.85,23.35,500,24.45,1000,0,23000
JUBLFOOD30Jan201620PE.NFO,07/01/2020,10:33:32,23.85,23.35,500,24.2,500,0,23000
JUBLFOOD30Jan201620PE.NFO,07/01/2020,10:33:36,23.85,23.35,500,24.25,500,0,23000
JUBLFOOD30Jan201620PE.NFO,07/01/2020,10:33:43,23.85,23.35,500,24.3,500,0,23000
JUBLFOOD30Jan201620PE.NFO,07/01/2020,10:33:46,23.85,23.35,500,24.4,1000,0,23000
JUBLFOOD30Jan201620PE.NFO,07/01/2020,10:33:48,23.85,23.35,500,24.25,500,0,23000
JUBLFOOD30Jan201620PE.NFO,07/01/2020,10:33:49,23.85,23.35,500,24.3,1000,0,23000
JUBLFOOD30Jan201620PE.NFO,07/01/2020,10:33:51,23.85,23.35,500,24.25,500,0,23000
JUBLFOOD30Jan201620PE.NFO,07/01/2020,10:33:53,23.85,23.35,500,24.5,1000,0,23000
JUBLFOOD30Jan201620PE.NFO,07/01/2020,10:33:55,23.85,23.35,500,24.25,500,0,23000
JUBLFOOD30Jan201620PE.NFO,07/01/2020,10:33:57,23.85,23.35,500,24.3,500,0,23000
JUBLFOOD30Jan201620PE.NFO,07/01/2020,10:33:59,23.85,23.35,500,24.4,1000,0,23000
JUBLFOOD30Jan201620PE.NFO,07/01/2020,10:34:06,23.85,23.45,500,24.7,1000,0,23000
JUBLFOOD30Jan201620PE.NFO,07/01/2020,10:34:10,23.85,23.45,500,24.5,1000,0,23000
JUBLFOOD30Jan201620PE.NFO,07/01/2020,10:34:14,23.85,23.45,500,24.4,500,0,23000
JUBLFOOD30Jan201620PE.NFO,07/01/2020,10:34:17,23.85,23.45,500,24.35,500,0,23000
JUBLFOOD30Jan201620PE.NFO,07/01/2020,10:34:21,23.85,23.45,500,24.5,1000,0,23000
JUBLFOOD30Jan201620PE.NFO,07/01/2020,10:34:26,23.85,23.45,500,24.7,1000,0,23000
JUBLFOOD30Jan201620PE.NFO,07/01/2020,10:34:31,23.85,23.45,500,24.35,500,0,23000
JUBLFOOD30Jan201620PE.NFO,07/01/2020,10:34:34,23.85,23.45,500,24.45,1000,0,23000
JUBLFOOD30Jan201620PE.NFO,07/01/2020,10:34:38,23.85,23.55,2000,24.5,500,0,23000
JUBLFOOD30Jan201620PE.NFO,07/01/2020,10:34:42,23.85,23.55,500,24.75,1000,0,23000
JUBLFOOD30Jan201620PE.NFO,07/01/2020,10:34:47,23.85,23.55,500,24.6,500,0,23000
JUBLFOOD30Jan201620PE.NFO,07/01/2020,10:34:51,23.85,23.55,500,24.45,500,0,23000
JUBLFOOD30Jan201620PE.NFO,07/01/2020,10:34:56,23.85,23.45,500,24.55,1000,0,23000
JUBLFOOD30Jan201620PE.NFO,07/01/2020,10:35:00,23.85,23.45,500,24.65,1000,0,23000
JUBLFOOD30Jan201620PE.NFO,07/01/2020,10:35:03,23.85,23.45,500,24.8,1000,0,23000
JUBLFOOD30Jan201620PE.NFO,07/01/2020,10:35:06,23.85,23.45,500,24.5,1000,0,23000
JUBLFOOD30Jan201620PE.NFO,07/01/2020,10:35:09,23.85,23.45,500,24.4,500,0,23000
JUBLFOOD30Jan201620PE.NFO,07/01/2020,10:35:13,23.85,23.45,500,24.5,1000,0,23000
JUBLFOOD30Jan201620PE.NFO,07/01/2020,10:35:16,23.85,23.45,500,24.6,1000,0,23000
JUBLFOOD30Jan201620PE.NFO,07/01/2020,10:35:19,23.85,23.45,500,24.3,1000,0,23000
JUBLFOOD30Jan201620PE.NFO,07/01/2020,10:35:22,23.85,23.45,500,24.6,1000,0,23000
JUBLFOOD30Jan201620PE.NFO,07/01/2020,10:35:25,23.85,23.45,500,24.65,1000,0,23000
JUBLFOOD30Jan201620PE.NFO,07/01/2020,10:35:30,23.85,23.45,500,24.45,1000,0,23000
JUBLFOOD30Jan201620PE.NFO,07/01/2020,10:35:34,23.85,23.45,500,24.5,1000,0,23000
JUBLFOOD30Jan201620PE.NFO,07/01/2020,10:35:37,23.85,23.45,500,24.4,1000,0,23000
JUBLFOOD30Jan201620PE.NFO,07/01/2020,10:35:41,23.85,23.3,500,24.45,1000,0,23000
JUBLFOOD30Jan201620PE.NFO,07/01/2020,10:35:47,23.85,23.3,500,24.5,1000,0,23000
JUBLFOOD30Jan201620PE.NFO,07/01/2020,10:35:50,23.85,23.4,500,24.25,500,0,23000
JUBLFOOD30Jan201620PE.NFO,07/01/2020,10:35:53,23.85,23.4,500,24.5,1000,0,23000
JUBLFOOD30Jan201620PE.NFO,07/01/2020,10:36:00,23.85,23.4,500,24.45,1000,0,23000
JUBLFOOD30Jan201620PE.NFO,07/01/2020,10:36:08,23.85,23.5,500,24.35,500,0,23000
JUBLFOOD30Jan201620PE.NFO,07/01/2020,10:36:12,23.85,23.5,500,24.4,1000,0,23000
JUBLFOOD30Jan201620PE.NFO,07/01/2020,10:36:16,23.85,23.5,500,24.5,1000,0,23000
JUBLFOOD30Jan201620PE.NFO,07/01/2020,10:36:20,23.85,23.45,500,24.4,1000,0,23000
JUBLFOOD30Jan201620PE.NFO,07/01/2020,10:36:23,23.85,23.45,500,24.45,1000,0,23000
JUBLFOOD30Jan201620PE.NFO,07/01/2020,10:36:25,23.85,23.45,500,24.5,1000,0,23000
JUBLFOOD30Jan201620PE.NFO,07/01/2020,10:36:28,23.85,23.55,500,24.6,1000,0,23000
JUBLFOOD30Jan201620PE.NFO,07/01/2020,10:36:31,23.85,23.55,500,24.8,1000,0,23000
JUBLFOOD30Jan201620PE.NFO,07/01/2020,10:36:33,23.85,23.55,500,24.6,1000,0,23000
JUBLFOOD30Jan201620PE.NFO,07/01/2020,10:36:34,23.85,23.55,500,24.55,500,0,23000
JUBLFOOD30Jan201620PE.NFO,07/01/2020,10:36:36,23.85,23.55,500,24.8,1000,0,23000
JUBLFOOD30Jan201620PE.NFO,07/01/2020,10:36:39,23.85,23.55,500,24.9,1000,0,23000
JUBLFOOD30Jan201620PE.NFO,07/01/2020,10:36:41,23.85,23.55,500,24.7,1000,0,23000
JUBLFOOD30Jan201620PE.NFO,07/01/2020,10:36:44,23.85,23.55,500,24.6,500,0,23000
JUBLFOOD30Jan201620PE.NFO,07/01/2020,10:36:48,23.85,23.55,1000,24.55,1000,0,23000
JUBLFOOD30Jan201620PE.NFO,07/01/2020,10:36:53,23.85,23.55,500,24.55,1000,0,23000
JUBLFOOD30Jan201620PE.NFO,07/01/2020,10:37:17,23.85,23.55,1000,24.75,1000,0,23000
JUBLFOOD30Jan201620PE.NFO,07/01/2020,10:37:22,23.85,23.55,1000,24.6,500,0,23000
JUBLFOOD30Jan201620PE.NFO,07/01/2020,10:37:26,23.85,23.6,500,24.55,500,0,23000
JUBLFOOD30Jan201620PE.NFO,07/01/2020,10:37:29,23.85,23.6,500,24.65,1000,0,23000
JUBLFOOD30Jan201620PE.NFO,07/01/2020,10:37:33,23.85,23.6,500,24.55,500,0,23000
JUBLFOOD30Jan201620PE.NFO,07/01/2020,10:37:37,23.85,23.6,1000,24.75,1000,0,23000
JUBLFOOD30Jan201620PE.NFO,07/01/2020,10:37:41,23.85,23.8,500,24.75,500,0,23000
JUBLFOOD30Jan201620PE.NFO,07/01/2020,10:37:45,23.85,23.7,500,24.8,1000,0,23000
JUBLFOOD30Jan201620PE.NFO,07/01/2020,10:37:49,23.85,23.75,500,24.8,1000,0,23000
JUBLFOOD30Jan201620PE.NFO,07/01/2020,10:37:55,23.85,23.65,500,24.55,500,0,23000
JUBLFOOD30Jan201620PE.NFO,07/01/2020,10:38:00,23.85,23.6,500,24.75,1000,0,23000
JUBLFOOD30Jan201620PE.NFO,07/01/2020,10:38:07,23.85,23.6,500,24.85,1000,0,23000
JUBLFOOD30Jan201620PE.NFO,07/01/2020,10:38:13,23.85,23.6,500,24.65,1000,0,23000
JUBLFOOD30Jan201620PE.NFO,07/01/2020,10:38:15,23.85,23.6,500,24.6,1000,0,23000
JUBLFOOD30Jan201620PE.NFO,07/01/2020,10:38:18,23.85,23.4,500,24.75,1000,0,23000
JUBLFOOD30Jan201620PE.NFO,07/01/2020,10:38:20,23.85,23.5,500,25,1000,0,23000
JUBLFOOD30Jan201620PE.NFO,07/01/2020,10:38:24,23.85,23.5,500,24.7,1000,0,23000
JUBLFOOD30Jan201620PE.NFO,07/01/2020,10:38:27,23.85,23.5,500,24.8,1000,0,23000
JUBLFOOD30Jan201620PE.NFO,07/01/2020,10:38:30,23.85,23.5,1000,24.75,500,0,23000
JUBLFOOD30Jan201620PE.NFO,07/01/2020,10:38:34,23.85,23.5,1000,24.7,500,0,23000
JUBLFOOD30Jan201620PE.NFO,07/01/2020,10:38:37,23.85,23.5,1000,24.75,1000,0,23000
JUBLFOOD30Jan201620PE.NFO,07/01/2020,10:38:39,23.85,23.5,1000,24.8,1000,0,23000
JUBLFOOD30Jan201620PE.NFO,07/01/2020,10:38:41,23.85,23.5,1000,24.7,1000,0,23000
JUBLFOOD30Jan201620PE.NFO,07/01/2020,10:38:44,23.85,23.5,500,24.75,1000,0,23000
JUBLFOOD30Jan201620PE.NFO,07/01/2020,10:38:47,23.85,23.5,500,24.85,1000,0,23000
JUBLFOOD30Jan201620PE.NFO,07/01/2020,10:38:51,23.85,23.5,500,24.75,1000,0,23000
JUBLFOOD30Jan201620PE.NFO,07/01/2020,10:38:54,23.85,23.5,500,24.95,1000,0,23000
JUBLFOOD30Jan201620PE.NFO,07/01/2020,10:38:57,23.85,23.5,500,24.7,500,0,23000
JUBLFOOD30Jan201620PE.NFO,07/01/2020,10:39:00,23.85,23.5,500,24.75,1000,0,23000
JUBLFOOD30Jan201620PE.NFO,07/01/2020,10:39:05,23.85,23.5,500,24.7,500,0,23000
JUBLFOOD30Jan201620PE.NFO,07/01/2020,10:39:09,23.85,23.5,500,24.75,1000,0,23000
JUBLFOOD30Jan201620PE.NFO,07/01/2020,10:39:13,23.85,23.5,500,24.9,1000,0,23000
JUBLFOOD30Jan201620PE.NFO,07/01/2020,10:39:21,23.85,23.5,500,24.8,1000,0,23000
JUBLFOOD30Jan201620PE.NFO,07/01/2020,10:39:24,23.85,23.5,500,24.9,1000,0,23000
JUBLFOOD30Jan201620PE.NFO,07/01/2020,10:39:27,23.85,23.5,500,24.95,1000,0,23000
JUBLFOOD30Jan201620PE.NFO,07/01/2020,10:39:30,23.85,23.5,500,24.75,500,0,23000
JUBLFOOD30Jan201620PE.NFO,07/01/2020,10:39:33,23.85,23.5,500,24.85,1000,0,23000
JUBLFOOD30Jan201620PE.NFO,07/01/2020,10:39:36,23.85,23.5,500,25.05,1000,0,23000
JUBLFOOD30Jan201620PE.NFO,07/01/2020,10:39:39,23.85,23.5,500,24.8,500,0,23000
JUBLFOOD30Jan201620PE.NFO,07/01/2020,10:39:42,23.85,23.5,500,24.75,500,0,23000
JUBLFOOD30Jan201620PE.NFO,07/01/2020,10:39:45,23.85,23.5,500,24.8,1000,0,23000
JUBLFOOD30Jan201620PE.NFO,07/01/2020,10:39:47,23.85,23.5,500,25,1000,0,23000
JUBLFOOD30Jan201620PE.NFO,07/01/2020,10:39:50,23.85,23.5,500,24.9,1000,0,23000
JUBLFOOD30Jan201620PE.NFO,07/01/2020,10:39:53,23.85,23.5,500,24.75,500,0,23000
JUBLFOOD30Jan201620PE.NFO,07/01/2020,10:39:55,23.85,23.5,500,24.85,1000,0,23000
JUBLFOOD30Jan201620PE.NFO,07/01/2020,10:39:58,23.85,23.5,500,24.9,1000,0,23000
JUBLFOOD30Jan201620PE.NFO,07/01/2020,10:40:01,23.85,23.5,500,25.05,1000,0,23000
JUBLFOOD30Jan201620PE.NFO,07/01/2020,10:40:04,23.85,23.5,500,24.75,500,0,23000
JUBLFOOD30Jan201620PE.NFO,07/01/2020,10:40:09,23.85,23.5,500,24.75,1000,0,23000
JUBLFOOD30Jan201620PE.NFO,07/01/2020,10:40:13,23.85,23.5,500,24.65,500,0,23000
JUBLFOOD30Jan201620PE.NFO,07/01/2020,10:40:17,23.85,23.5,500,24.6,500,0,23000
JUBLFOOD30Jan201620PE.NFO,07/01/2020,10:40:20,23.85,23.5,500,24.7,1000,0,23000
JUBLFOOD30Jan201620PE.NFO,07/01/2020,10:40:22,23.85,23.5,500,24.65,500,0,23000
JUBLFOOD30Jan201620PE.NFO,07/01/2020,10:40:24,23.85,23.5,500,24.9,1000,0,23000
JUBLFOOD30Jan201620PE.NFO,07/01/2020,10:40:26,23.85,23.5,500,24.7,1000,0,23000
JUBLFOOD30Jan201620PE.NFO,07/01/2020,10:40:29,23.85,23.5,500,24.75,1000,0,23000
JUBLFOOD30Jan201620PE.NFO,07/01/2020,10:40:38,23.85,23.5,500,24.9,1000,0,23000
JUBLFOOD30Jan201620PE.NFO,07/01/2020,10:40:41,23.85,23.5,500,24.65,500,0,23000
JUBLFOOD30Jan201620PE.NFO,07/01/2020,10:40:47,23.85,23.5,500,24.7,500,0,23000
JUBLFOOD30Jan201620PE.NFO,07/01/2020,10:40:50,23.85,23.5,500,24.65,500,0,23000
JUBLFOOD30Jan201620PE.NFO,07/01/2020,10:40:52,23.85,23.5,500,24.85,1000,0,23000
JUBLFOOD30Jan201620PE.NFO,07/01/2020,10:40:54,23.85,23.5,500,24.6,500,0,23000
JUBLFOOD30Jan201620PE.NFO,07/01/2020,10:40:57,23.85,23.5,500,24.8,1000,0,23000
JUBLFOOD30Jan201620PE.NFO,07/01/2020,10:41:01,23.85,23.25,500,24.95,1000,0,23000
JUBLFOOD30Jan201620PE.NFO,07/01/2020,10:41:04,23.85,23.25,500,25.05,1000,0,23000
JUBLFOOD30Jan201620PE.NFO,07/01/2020,10:41:06,23.85,23.25,500,24.75,1000,0,23000
JUBLFOOD30Jan201620PE.NFO,07/01/2020,10:41:08,23.85,23.25,500,24.85,1000,0,23000
JUBLFOOD30Jan201620PE.NFO,07/01/2020,10:41:11,23.85,23.25,500,25,1000,0,23000
JUBLFOOD30Jan201620PE.NFO,07/01/2020,10:41:13,23.85,23.25,500,24.7,1000,0,23000
JUBLFOOD30Jan201620PE.NFO,07/01/2020,10:41:16,23.85,23.25,500,24.65,500,0,23000
JUBLFOOD30Jan201620PE.NFO,07/01/2020,10:41:20,23.85,23.25,500,24.95,1000,0,23000
JUBLFOOD30Jan201620PE.NFO,07/01/2020,10:41:24,23.85,23.25,500,24.5,500,0,23000
JUBLFOOD30Jan201620PE.NFO,07/01/2020,10:41:29,23.85,23.25,500,24.4,500,0,23000
JUBLFOOD30Jan201620PE.NFO,07/01/2020,10:41:32,23.85,22.25,500,24.7,500,0,23000
JUBLFOOD30Jan201620PE.NFO,07/01/2020,10:41:35,23.85,22.25,500,24.45,500,0,23000
JUBLFOOD30Jan201620PE.NFO,07/01/2020,10:41:41,23.85,22.25,500,24.5,1000,0,23000
JUBLFOOD30Jan201620PE.NFO,07/01/2020,10:41:44,23.85,22.25,500,24.55,1000,0,23000
JUBLFOOD30Jan201620PE.NFO,07/01/2020,10:41:47,23.85,22.25,500,24.4,500,0,23000
JUBLFOOD30Jan201620PE.NFO,07/01/2020,10:41:50,23.85,22.25,500,24.4,1000,0,23000
JUBLFOOD30Jan201620PE.NFO,07/01/2020,10:41:53,23.85,22.25,500,24.3,500,0,23000
JUBLFOOD30Jan201620PE.NFO,07/01/2020,10:41:56,23.85,22.25,500,24.4,1000,0,23000
JUBLFOOD30Jan201620PE.NFO,07/01/2020,10:41:58,23.85,22.25,500,24.75,1000,0,23000
JUBLFOOD30Jan201620PE.NFO,07/01/2020,10:42:01,23.85,22.25,500,24.4,500,0,23000
JUBLFOOD30Jan201620PE.NFO,07/01/2020,10:42:04,23.85,22.25,500,24.4,1000,0,23000
JUBLFOOD30Jan201620PE.NFO,07/01/2020,10:42:08,23.85,22.25,500,24.55,1000,0,23000
JUBLFOOD30Jan201620PE.NFO,07/01/2020,10:42:11,23.85,22.25,500,24.45,500,0,23000
JUBLFOOD30Jan201620PE.NFO,07/01/2020,10:42:14,23.85,22.25,500,24.6,1000,0,23000
JUBLFOOD30Jan201620PE.NFO,07/01/2020,10:42:20,23.85,22.25,500,24.35,500,0,23000
JUBLFOOD30Jan201620PE.NFO,07/01/2020,10:42:22,23.85,22.25,500,24.4,500,0,23000
JUBLFOOD30Jan201620PE.NFO,07/01/2020,10:42:25,23.85,22.25,500,24.5,1000,0,23000
JUBLFOOD30Jan201620PE.NFO,07/01/2020,10:42:27,23.85,22.25,500,24.4,500,0,23000
JUBLFOOD30Jan201620PE.NFO,07/01/2020,10:42:30,23.85,22.25,500,24.5,500,0,23000
JUBLFOOD30Jan201620PE.NFO,07/01/2020,10:42:34,23.85,22.25,500,24.65,1000,0,23000
JUBLFOOD30Jan201620PE.NFO,07/01/2020,10:42:37,23.85,22.25,500,24.6,1000,0,23000
JUBLFOOD30Jan201620PE.NFO,07/01/2020,10:42:40,23.85,22.25,500,24.55,500,0,23000
JUBLFOOD30Jan201620PE.NFO,07/01/2020,10:42:42,23.85,22.25,500,24.65,1000,0,23000
JUBLFOOD30Jan201620PE.NFO,07/01/2020,10:42:45,23.85,22.25,500,24.75,1000,0,23000
JUBLFOOD30Jan201620PE.NFO,07/01/2020,10:42:48,23.85,22.25,500,24.5,500,0,23000
JUBLFOOD30Jan201620PE.NFO,07/01/2020,10:42:53,23.85,22.25,500,24.75,1000,0,23000
JUBLFOOD30Jan201620PE.NFO,07/01/2020,10:42:55,23.85,22.25,500,24.55,1000,0,23000
JUBLFOOD30Jan201620PE.NFO,07/01/2020,10:42:57,23.85,22.25,500,24.65,1000,0,23000
JUBLFOOD30Jan201620PE.NFO,07/01/2020,10:42:58,23.85,22.25,500,24.5,500,0,23000
JUBLFOOD30Jan201620PE.NFO,07/01/2020,10:42:59,23.85,22.25,500,24.7,1000,0,23000
JUBLFOOD30Jan201620PE.NFO,07/01/2020,10:43:01,23.85,22.25,500,24.6,1000,0,23000
JUBLFOOD30Jan201620PE.NFO,07/01/2020,10:43:03,23.85,22.25,500,24.8,1000,0,23000
JUBLFOOD30Jan201620PE.NFO,07/01/2020,10:43:06,23.85,22.25,500,24.5,1000,0,23000
JUBLFOOD30Jan201620PE.NFO,07/01/2020,10:43:08,23.85,22.25,500,24.65,1000,0,23000
JUBLFOOD30Jan201620PE.NFO,07/01/2020,10:43:11,23.85,22.25,500,24.5,500,0,23000
JUBLFOOD30Jan201620PE.NFO,07/01/2020,10:43:14,23.85,22.25,500,24.65,1000,0,23000
JUBLFOOD30Jan201620PE.NFO,07/01/2020,10:43:16,23.85,22.25,500,24.4,500,0,23000
JUBLFOOD30Jan201620PE.NFO,07/01/2020,10:43:18,23.85,22.25,500,24.5,1000,0,23000
JUBLFOOD30Jan201620PE.NFO,07/01/2020,10:43:19,23.85,22.25,500,24.45,500,0,23000
JUBLFOOD30Jan201620PE.NFO,07/01/2020,10:43:19,23.85,22.25,500,24.65,1000,0,23000
JUBLFOOD30Jan201620PE.NFO,07/01/2020,10:43:21,23.85,22.25,500,24.55,1000,0,23000
JUBLFOOD30Jan201620PE.NFO,07/01/2020,10:43:23,23.85,22.35,500,24.65,1000,0,23000
JUBLFOOD30Jan201620PE.NFO,07/01/2020,10:43:28,23.85,22.75,500,24.4,1000,0,23000
JUBLFOOD30Jan201620PE.NFO,07/01/2020,10:43:31,23.85,22.75,500,24.55,1000,0,23000
JUBLFOOD30Jan201620PE.NFO,07/01/2020,10:43:34,23.85,22.75,500,24.3,500,0,23000
JUBLFOOD30Jan201620PE.NFO,07/01/2020,10:43:38,23.85,22.75,500,24.4,1000,0,23000
JUBLFOOD30Jan201620PE.NFO,07/01/2020,10:43:42,23.85,22.75,500,24.35,500,0,23000
JUBLFOOD30Jan201620PE.NFO,07/01/2020,10:43:51,23.85,22.75,500,24.45,500,0,23000
JUBLFOOD30Jan201620PE.NFO,07/01/2020,10:43:54,23.85,22.75,500,24.4,500,0,23000
JUBLFOOD30Jan201620PE.NFO,07/01/2020,10:43:57,23.85,22.75,500,24.75,1000,0,23000
JUBLFOOD30Jan201620PE.NFO,07/01/2020,10:44:01,23.85,22.75,500,24.4,500,0,23000
JUBLFOOD30Jan201620PE.NFO,07/01/2020,10:44:04,23.85,22.75,500,24.75,1000,0,23000
JUBLFOOD30Jan201620PE.NFO,07/01/2020,10:44:08,23.85,22.75,500,24.4,500,0,23000
JUBLFOOD30Jan201620PE.NFO,07/01/2020,10:44:14,23.85,22.75,500,24.4,1000,0,23000
JUBLFOOD30Jan201620PE.NFO,07/01/2020,10:44:17,23.85,22.75,500,24.45,1000,0,23000
JUBLFOOD30Jan201620PE.NFO,07/01/2020,10:44:19,23.85,22.75,500,24.3,500,0,23000
JUBLFOOD30Jan201620PE.NFO,07/01/2020,10:44:25,23.85,22.75,500,24.45,1000,0,23000
JUBLFOOD30Jan201620PE.NFO,07/01/2020,10:44:31,23.85,22.75,500,24.4,1000,0,23000
JUBLFOOD30Jan201620PE.NFO,07/01/2020,10:44:34,23.85,22.85,500,24.55,500,0,23000
JUBLFOOD30Jan201620PE.NFO,07/01/2020,10:44:37,23.85,22.95,500,24.5,500,0,23000
JUBLFOOD30Jan201620PE.NFO,07/01/2020,10:44:39,23.85,22.8,500,24.35,500,0,23000
JUBLFOOD30Jan201620PE.NFO,07/01/2020,10:44:41,23.85,22.9,500,24.65,500,0,23000
JUBLFOOD30Jan201620PE.NFO,07/01/2020,10:44:44,23.85,22.9,500,24.3,500,0,23000
JUBLFOOD30Jan201620PE.NFO,07/01/2020,10:44:46,23.85,22.8,500,24.35,500,0,23000
JUBLFOOD30Jan201620PE.NFO,07/01/2020,10:44:48,23.85,22.75,500,24.5,1000,0,23000
JUBLFOOD30Jan201620PE.NFO,07/01/2020,10:44:50,23.85,22.9,500,24.35,500,0,23000
JUBLFOOD30Jan201620PE.NFO,07/01/2020,10:44:52,23.85,22.95,500,24.55,1000,0,23000
JUBLFOOD30Jan201620PE.NFO,07/01/2020,10:44:53,23.85,22.8,500,24.45,500,0,23000
JUBLFOOD30Jan201620PE.NFO,07/01/2020,10:44:55,23.85,22.95,500,24.3,1000,0,23000
JUBLFOOD30Jan201620PE.NFO,07/01/2020,10:44:57,23.85,23,500,24.3,1000,0,23000
JUBLFOOD30Jan201620PE.NFO,07/01/2020,10:45:02,23.85,23,500,24.3,500,0,23000
JUBLFOOD30Jan201620PE.NFO,07/01/2020,10:45:07,23.85,23,500,24.3,1000,0,23000
JUBLFOOD30Jan201620PE.NFO,07/01/2020,10:45:18,23.85,23,500,24.25,1000,0,23000
JUBLFOOD30Jan201620PE.NFO,07/01/2020,10:45:21,23.85,23,500,24.3,1000,0,23000
JUBLFOOD30Jan201620PE.NFO,07/01/2020,10:45:25,23.85,23,500,24.25,1000,0,23000
JUBLFOOD30Jan201620PE.NFO,07/01/2020,10:45:28,23.85,23.05,500,24.2,500,0,23000
JUBLFOOD30Jan201620PE.NFO,07/01/2020,10:45:31,23.85,23.05,1000,24.25,500,0,23000
JUBLFOOD30Jan201620PE.NFO,07/01/2020,10:45:33,23.85,23.05,1500,24.25,500,0,23000
JUBLFOOD30Jan201620PE.NFO,07/01/2020,10:45:35,23.85,23.05,1000,24.5,1000,0,23000
JUBLFOOD30Jan201620PE.NFO,07/01/2020,10:45:37,23.85,23.05,500,24.3,1000,0,23000
JUBLFOOD30Jan201620PE.NFO,07/01/2020,10:45:40,23.85,23.05,1000,24.5,1000,0,23000
JUBLFOOD30Jan201620PE.NFO,07/01/2020,10:45:43,23.85,23.05,1500,24.25,500,0,23000
JUBLFOOD30Jan201620PE.NFO,07/01/2020,10:45:46,23.85,23.05,1000,24.2,500,0,23000
JUBLFOOD30Jan201620PE.NFO,07/01/2020,10:45:49,23.85,23.05,1500,24.25,1000,0,23000
JUBLFOOD30Jan201620PE.NFO,07/01/2020,10:45:52,23.85,23.05,1500,24.45,1000,0,23000
JUBLFOOD30Jan201620PE.NFO,07/01/2020,10:45:55,23.85,23.05,1500,24.65,1000,0,23000
JUBLFOOD30Jan201620PE.NFO,07/01/2020,10:45:57,23.85,23.05,1500,24.35,1000,0,23000
JUBLFOOD30Jan201620PE.NFO,07/01/2020,10:46:01,23.85,23.05,1500,24.3,500,0,23000
JUBLFOOD30Jan201620PE.NFO,07/01/2020,10:46:04,23.85,23.05,1500,24.45,1000,0,23000
JUBLFOOD30Jan201620PE.NFO,07/01/2020,10:46:07,23.85,23.2,500,24.6,1000,0,23000
JUBLFOOD30Jan201620PE.NFO,07/01/2020,10:46:09,23.85,23.2,1000,24.35,500,0,23000
JUBLFOOD30Jan201620PE.NFO,07/01/2020,10:46:11,23.85,23.2,1000,24.5,1000,0,23000
JUBLFOOD30Jan201620PE.NFO,07/01/2020,10:46:14,23.85,23.2,1000,24.45,1000,0,23000
JUBLFOOD30Jan201620PE.NFO,07/01/2020,10:46:17,23.85,23.2,1000,24.5,1000,0,23000
JUBLFOOD30Jan201620PE.NFO,07/01/2020,10:46:20,23.85,23.2,1000,24.65,1000,0,23000
JUBLFOOD30Jan201620PE.NFO,07/01/2020,10:46:22,23.85,23.2,1000,24.35,1000,0,23000
JUBLFOOD30Jan201620PE.NFO,07/01/2020,10:46:25,23.85,23.2,1000,24.4,1000,0,23000
JUBLFOOD30Jan201620PE.NFO,07/01/2020,10:46:28,23.85,23.2,1000,24.5,1000,0,23000
JUBLFOOD30Jan201620PE.NFO,07/01/2020,10:46:31,23.85,23.2,1000,24.45,1000,0,23000
JUBLFOOD30Jan201620PE.NFO,07/01/2020,10:46:34,23.85,23.2,500,24.35,1000,0,23000
JUBLFOOD30Jan201620PE.NFO,07/01/2020,10:46:36,23.85,23.2,500,24.5,1000,0,23000
JUBLFOOD30Jan201620PE.NFO,07/01/2020,10:46:39,23.85,23.2,1000,24.7,1000,0,23000
JUBLFOOD30Jan201620PE.NFO,07/01/2020,10:46:42,23.85,23.2,1000,24.4,1000,0,23000
JUBLFOOD30Jan201620PE.NFO,07/01/2020,10:46:45,23.85,23.2,500,24.25,500,0,23000
JUBLFOOD30Jan201620PE.NFO,07/01/2020,10:46:51,23.85,23.2,500,24.55,1000,0,23000
JUBLFOOD30Jan201620PE.NFO,07/01/2020,10:46:54,23.85,23.2,500,24.3,500,0,23000
JUBLFOOD30Jan201620PE.NFO,07/01/2020,10:46:57,23.85,23.3,500,24.4,1000,0,23000
JUBLFOOD30Jan201620PE.NFO,07/01/2020,10:47:00,23.85,23.3,500,24.45,1000,0,23000
JUBLFOOD30Jan201620PE.NFO,07/01/2020,10:47:03,23.85,23.3,500,24.65,1000,0,23000
JUBLFOOD30Jan201620PE.NFO,07/01/2020,10:47:05,23.85,23.3,1000,24.85,1000,0,23000
JUBLFOOD30Jan201620PE.NFO,07/01/2020,10:47:08,23.85,23.3,1000,24.55,1000,0,23000
JUBLFOOD30Jan201620PE.NFO,07/01/2020,10:47:12,23.85,23.3,1000,24.6,1000,0,23000
JUBLFOOD30Jan201620PE.NFO,07/01/2020,10:47:15,23.85,23.3,500,24.55,1000,0,23000
JUBLFOOD30Jan201620PE.NFO,07/01/2020,10:47:21,23.85,23.3,500,24.4,500,0,23000
JUBLFOOD30Jan201620PE.NFO,07/01/2020,10:47:25,23.85,23.3,500,24.8,1000,0,23000
JUBLFOOD30Jan201620PE.NFO,07/01/2020,10:47:29,23.85,23.3,500,24.5,1000,0,23000
JUBLFOOD30Jan201620PE.NFO,07/01/2020,10:47:32,23.85,23.3,500,24.7,1000,0,23000
JUBLFOOD30Jan201620PE.NFO,07/01/2020,10:47:35,23.85,23.3,500,24.35,500,0,23000
JUBLFOOD30Jan201620PE.NFO,07/01/2020,10:47:41,23.85,23.3,500,24.45,1000,0,23000
JUBLFOOD30Jan201620PE.NFO,07/01/2020,10:47:45,23.85,23.3,500,24.4,1000,0,23000
JUBLFOOD30Jan201620PE.NFO,07/01/2020,10:47:52,23.85,23.3,500,24.6,1000,0,23000
JUBLFOOD30Jan201620PE.NFO,07/01/2020,10:47:56,23.85,23.3,500,24.7,1000,0,23000
JUBLFOOD30Jan201620PE.NFO,07/01/2020,10:47:59,23.85,23.3,500,24.4,1000,0,23000
JUBLFOOD30Jan201620PE.NFO,07/01/2020,10:48:03,23.85,23.3,500,24.4,500,0,23000
JUBLFOOD30Jan201620PE.NFO,07/01/2020,10:48:07,23.85,23.3,500,24.4,1000,0,23000
JUBLFOOD30Jan201620PE.NFO,07/01/2020,10:48:11,23.85,23.3,500,24.45,1000,0,23000
JUBLFOOD30Jan201620PE.NFO,07/01/2020,10:48:15,23.85,23.3,500,24.65,1000,0,23000
JUBLFOOD30Jan201620PE.NFO,07/01/2020,10:48:18,23.85,23.3,500,24.4,500,0,23000
JUBLFOOD30Jan201620PE.NFO,07/01/2020,10:48:21,23.85,23.3,500,24.65,1000,0,23000
JUBLFOOD30Jan201620PE.NFO,07/01/2020,10:48:24,23.85,23.3,500,24.4,500,0,23000
JUBLFOOD30Jan201620PE.NFO,07/01/2020,10:48:26,23.85,23.3,500,24.55,1000,0,23000
JUBLFOOD30Jan201620PE.NFO,07/01/2020,10:48:28,23.85,23.3,500,24.4,500,0,23000
JUBLFOOD30Jan201620PE.NFO,07/01/2020,10:48:31,23.85,23.3,500,24.5,1000,0,23000
JUBLFOOD30Jan201620PE.NFO,07/01/2020,10:48:36,23.85,23.3,2000,24.9,1000,0,23000
JUBLFOOD30Jan201620PE.NFO,07/01/2020,10:48:40,23.85,23.3,2000,24.45,500,0,23000
JUBLFOOD30Jan201620PE.NFO,07/01/2020,10:48:45,23.85,23.3,1500,24.5,500,0,23000
JUBLFOOD30Jan201620PE.NFO,07/01/2020,10:48:48,23.85,23.3,2000,24.6,1000,0,23000
JUBLFOOD30Jan201620PE.NFO,07/01/2020,10:48:52,23.85,23.3,2000,24.55,500,0,23000
JUBLFOOD30Jan201620PE.NFO,07/01/2020,10:48:59,23.85,23.3,2000,24.8,1000,0,23000
JUBLFOOD30Jan201620PE.NFO,07/01/2020,10:49:03,23.85,23.3,2000,24.65,1000,0,23000
JUBLFOOD30Jan201620PE.NFO,07/01/2020,10:49:07,23.85,23.3,2000,24.6,500,0,23000
JUBLFOOD30Jan201620PE.NFO,07/01/2020,10:49:11,23.85,23.3,500,24.85,1000,0,23000
JUBLFOOD30Jan201620PE.NFO,07/01/2020,10:49:15,23.85,23.3,500,24.5,500,0,23000
JUBLFOOD30Jan201620PE.NFO,07/01/2020,10:49:18,23.85,23.3,500,24.45,500,0,23000
JUBLFOOD30Jan201620PE.NFO,07/01/2020,10:49:21,23.85,23.3,500,24.7,1000,0,23000
JUBLFOOD30Jan201620PE.NFO,07/01/2020,10:49:24,23.85,23.3,1500,24.85,1000,0,23000
JUBLFOOD30Jan201620PE.NFO,07/01/2020,10:49:27,23.85,23.3,1500,24.5,500,0,23000
JUBLFOOD30Jan201620PE.NFO,07/01/2020,10:49:30,23.85,23.3,1500,24.65,1000,0,23000
JUBLFOOD30Jan201620PE.NFO,07/01/2020,10:49:34,23.85,23.3,1500,24.6,1000,0,23000
JUBLFOOD30Jan201620PE.NFO,07/01/2020,10:49:37,23.85,23.3,1500,24.65,1000,0,23000
JUBLFOOD30Jan201620PE.NFO,07/01/2020,10:49:40,23.85,23.3,1500,24.7,1000,0,23000
JUBLFOOD30Jan201620PE.NFO,07/01/2020,10:49:44,23.85,23.3,1500,24.8,1000,0,23000
JUBLFOOD30Jan201620PE.NFO,07/01/2020,10:49:48,23.85,23.3,1500,24.5,500,0,23000
JUBLFOOD30Jan201620PE.NFO,07/01/2020,10:49:51,23.85,23.4,500,24.5,500,0,23000
JUBLFOOD30Jan201620PE.NFO,07/01/2020,10:49:54,23.85,23.4,500,24.6,1000,0,23000
JUBLFOOD30Jan201620PE.NFO,07/01/2020,10:50:00,23.85,23.4,1000,24.65,1000,0,23000
JUBLFOOD30Jan201620PE.NFO,07/01/2020,10:50:05,23.85,23.4,1000,24.6,500,0,23000
JUBLFOOD30Jan201620PE.NFO,07/01/2020,10:50:11,23.85,23.4,1000,24.85,1000,0,23000
JUBLFOOD30Jan201620PE.NFO,07/01/2020,10:50:15,23.85,23.5,500,24.8,1000,0,23000
JUBLFOOD30Jan201620PE.NFO,07/01/2020,10:50:21,23.85,23.5,2500,24.65,500,0,23000
JUBLFOOD30Jan201620PE.NFO,07/01/2020,10:50:25,23.85,23.5,2500,24.7,1000,0,23000
JUBLFOOD30Jan201620PE.NFO,07/01/2020,10:50:29,23.85,23.6,500,24.75,500,0,23000
JUBLFOOD30Jan201620PE.NFO,07/01/2020,10:50:42,23.85,23.7,2500,25.4,1000,0,23000
JUBLFOOD30Jan201620PE.NFO,07/01/2020,10:50:46,23.85,23.7,500,25,1000,0,23000
JUBLFOOD30Jan201620PE.NFO,07/01/2020,10:50:48,23.85,23.7,500,24.85,500,0,23000
JUBLFOOD30Jan201620PE.NFO,07/01/2020,10:50:52,23.85,23.7,500,25,1000,0,23000
JUBLFOOD30Jan201620PE.NFO,07/01/2020,10:50:55,23.85,23.7,2500,25.05,1000,0,23000
JUBLFOOD30Jan201620PE.NFO,07/01/2020,10:50:58,23.85,23.7,2500,24.9,500,0,23000
JUBLFOOD30Jan201620PE.NFO,07/01/2020,10:51:01,23.85,23.7,2500,25.05,1000,0,23000
JUBLFOOD30Jan201620PE.NFO,07/01/2020,10:51:04,23.85,23.8,500,25.05,1000,0,23000
JUBLFOOD30Jan201620PE.NFO,07/01/2020,10:51:16,23.85,23.8,500,24.9,500,0,23000
JUBLFOOD30Jan201620PE.NFO,07/01/2020,10:51:18,23.85,23.8,500,25.1,1000,0,23000
JUBLFOOD30Jan201620PE.NFO,07/01/2020,10:51:21,23.85,23.8,500,25.05,1000,0,23000
JUBLFOOD30Jan201620PE.NFO,07/01/2020,10:51:24,23.85,23.8,500,25.2,1000,0,23000
JUBLFOOD30Jan201620PE.NFO,07/01/2020,10:51:26,23.85,23.8,500,24.95,500,0,23000
JUBLFOOD30Jan201620PE.NFO,07/01/2020,10:51:29,23.85,23.8,500,25,500,0,23000
JUBLFOOD30Jan201620PE.NFO,07/01/2020,10:51:31,23.85,23.8,500,25.2,1000,0,23000
JUBLFOOD30Jan201620PE.NFO,07/01/2020,10:51:33,23.85,23.8,500,25,1000,0,23000
JUBLFOOD30Jan201620PE.NFO,07/01/2020,10:51:35,23.85,23.8,500,25.2,1000,0,23000
JUBLFOOD30Jan201620PE.NFO,07/01/2020,10:51:37,23.85,23.8,500,25.05,500,0,23000
JUBLFOOD30Jan201620PE.NFO,07/01/2020,10:51:39,23.85,23.8,500,25.1,1000,0,23000
JUBLFOOD30Jan201620PE.NFO,07/01/2020,10:51:43,23.85,23.65,500,25.1,1000,0,23000
JUBLFOOD30Jan201620PE.NFO,07/01/2020,10:51:50,23.85,23.65,500,24.95,1000,0,23000
JUBLFOOD30Jan201620PE.NFO,07/01/2020,10:51:53,23.85,23.65,2500,25.05,1000,0,23000
JUBLFOOD30Jan201620PE.NFO,07/01/2020,10:51:57,23.85,23.65,2500,24.9,500,0,23000
JUBLFOOD30Jan201620PE.NFO,07/01/2020,10:52:01,23.85,23.65,2500,25.05,1000,0,23000
JUBLFOOD30Jan201620PE.NFO,07/01/2020,10:52:05,23.85,23.65,2500,24.9,500,0,23000
JUBLFOOD30Jan201620PE.NFO,07/01/2020,10:52:09,23.85,23.45,500,24.9,1000,0,23000
JUBLFOOD30Jan201620PE.NFO,07/01/2020,10:52:13,23.85,23.45,3000,25,1000,0,23000
JUBLFOOD30Jan201620PE.NFO,07/01/2020,10:52:17,23.85,23.45,3000,24.85,1000,0,23000
JUBLFOOD30Jan201620PE.NFO,07/01/2020,10:52:21,23.85,23.45,500,24.75,1000,0,23000
JUBLFOOD30Jan201620PE.NFO,07/01/2020,10:52:25,23.85,23.45,3000,24.9,1000,0,23000
JUBLFOOD30Jan201620PE.NFO,07/01/2020,10:52:29,23.85,23.45,3000,25.15,1000,0,23000
JUBLFOOD30Jan201620PE.NFO,07/01/2020,10:52:33,23.85,23.45,3000,24.8,500,0,23000
JUBLFOOD30Jan201620PE.NFO,07/01/2020,10:52:36,23.85,23.55,3000,24.9,500,0,23000
JUBLFOOD30Jan201620PE.NFO,07/01/2020,10:52:41,23.85,23.55,3000,24.7,500,0,23000
JUBLFOOD30Jan201620PE.NFO,07/01/2020,10:52:45,23.85,23.55,500,24.65,500,0,23000
JUBLFOOD30Jan201620PE.NFO,07/01/2020,10:52:49,23.85,23.55,500,24.8,1000,0,23000
JUBLFOOD30Jan201620PE.NFO,07/01/2020,10:52:53,23.85,23.55,500,24.7,500,0,23000
JUBLFOOD30Jan201620PE.NFO,07/01/2020,10:52:57,23.85,23.55,3000,25,1000,0,23000
JUBLFOOD30Jan201620PE.NFO,07/01/2020,10:53:03,23.85,23.55,3000,24.85,1000,0,23000
JUBLFOOD30Jan201620PE.NFO,07/01/2020,10:53:08,23.85,23.55,3000,24.8,1000,0,23000
JUBLFOOD30Jan201620PE.NFO,07/01/2020,10:53:14,23.85,23.55,3000,24.8,500,0,23000
JUBLFOOD30Jan201620PE.NFO,07/01/2020,10:53:20,23.85,23.55,3000,24.85,1000,0,23000
JUBLFOOD30Jan201620PE.NFO,07/01/2020,10:53:25,23.85,23.55,3000,24.75,500,0,23000
JUBLFOOD30Jan201620PE.NFO,07/01/2020,10:53:30,23.85,23.55,3000,24.8,1000,0,23000
JUBLFOOD30Jan201620PE.NFO,07/01/2020,10:53:35,23.85,23.55,3000,24.85,1000,0,23000
JUBLFOOD30Jan201620PE.NFO,07/01/2020,10:53:40,23.85,23.55,3000,24.8,500,0,23000
JUBLFOOD30Jan201620PE.NFO,07/01/2020,10:53:46,23.85,23.55,3500,25.3,1000,0,23000
JUBLFOOD30Jan201620PE.NFO,07/01/2020,10:53:51,23.85,23.75,500,25.45,500,0,23000
JUBLFOOD30Jan201620PE.NFO,07/01/2020,10:53:57,23.85,24.25,2500,25.4,500,0,23000
JUBLFOOD30Jan201620PE.NFO,07/01/2020,10:54:02,23.85,24.75,500,25.9,500,0,23000
JUBLFOOD30Jan201620PE.NFO,07/01/2020,10:54:07,23.85,24.75,500,27.05,1000,0,23000
JUBLFOOD30Jan201620PE.NFO,07/01/2020,10:54:26,23.85,24.45,500,27.05,1000,0,23000
JUBLFOOD30Jan201620PE.NFO,07/01/2020,10:54:30,23.85,24.45,2500,26.75,1000,0,23000
JUBLFOOD30Jan201620PE.NFO,07/01/2020,10:54:34,23.85,24.45,500,26.65,1000,0,23000
JUBLFOOD30Jan201620PE.NFO,07/01/2020,10:54:44,23.85,24.45,500,26.4,1000,0,23000
JUBLFOOD30Jan201620PE.NFO,07/01/2020,10:55:09,23.85,25,500,26.4,1000,0,23000
JUBLFOOD30Jan201620PE.NFO,07/01/2020,10:55:30,23.85,24.55,500,26.4,1000,0,23000
JUBLFOOD30Jan201620PE.NFO,07/01/2020,10:55:41,23.85,24.3,2500,25.95,1000,0,23000
JUBLFOOD30Jan201620PE.NFO,07/01/2020,10:56:05,23.85,24.4,500,25.95,1000,0,23000
JUBLFOOD30Jan201620PE.NFO,07/01/2020,10:56:09,23.85,24.25,2500,25.95,1000,0,23000
JUBLFOOD30Jan201620PE.NFO,07/01/2020,10:56:14,23.85,24.25,500,25.95,1000,0,23000
JUBLFOOD30Jan201620PE.NFO,07/01/2020,10:56:22,23.85,24.25,2500,25.95,1000,0,23000
JUBLFOOD30Jan201620PE.NFO,07/01/2020,10:56:31,23.85,24.45,500,25.95,1000,0,23000
JUBLFOOD30Jan201620PE.NFO,07/01/2020,10:56:41,23.85,24.5,2500,25.95,1000,0,23000
JUBLFOOD30Jan201620PE.NFO,07/01/2020,10:56:45,23.85,24.45,2000,25.95,1000,0,23000
JUBLFOOD30Jan201620PE.NFO,07/01/2020,10:56:49,23.85,24.5,1000,25.95,1000,0,23000
JUBLFOOD30Jan201620PE.NFO,07/01/2020,10:56:54,23.85,24.5,3000,25.95,1000,0,23000
JUBLFOOD30Jan201620PE.NFO,07/01/2020,10:57:05,23.85,24.6,500,25.95,1000,0,23000
JUBLFOOD30Jan201620PE.NFO,07/01/2020,10:57:11,23.85,24.65,2000,25.95,1000,0,23000
JUBLFOOD30Jan201620PE.NFO,07/01/2020,10:57:17,23.85,24.75,2000,25.95,1000,0,23000
JUBLFOOD30Jan201620PE.NFO,07/01/2020,10:57:24,23.85,24.85,500,25.85,500,0,23000
JUBLFOOD30Jan201620PE.NFO,07/01/2020,10:57:31,23.85,24.8,2500,26.2,1000,0,23000
JUBLFOOD30Jan201620PE.NFO,07/01/2020,10:57:44,23.85,24.75,2000,26.2,1500,0,23000
JUBLFOOD30Jan201620PE.NFO,07/01/2020,10:57:51,23.85,24.75,2000,26.2,1000,0,23000
JUBLFOOD30Jan201620PE.NFO,07/01/2020,10:58:02,23.85,24.8,3500,26.2,1000,0,23000
JUBLFOOD30Jan201620PE.NFO,07/01/2020,10:58:47,23.85,24.8,2500,26.2,1000,0,23000
JUBLFOOD30Jan201620PE.NFO,07/01/2020,10:58:53,23.85,24.6,500,26.05,1000,0,23000
JUBLFOOD30Jan201620PE.NFO,07/01/2020,10:58:59,23.85,24.6,2500,25.85,1000,0,23000
JUBLFOOD30Jan201620PE.NFO,07/01/2020,10:59:06,23.85,24.6,500,25.85,1000,0,23000
JUBLFOOD30Jan201620PE.NFO,07/01/2020,10:59:13,23.85,24.7,500,25.85,1000,0,23000
JUBLFOOD30Jan201620PE.NFO,07/01/2020,10:59:19,23.85,24.7,2500,25.85,1000,0,23000
JUBLFOOD30Jan201620PE.NFO,07/01/2020,10:59:25,23.85,24.75,2000,25.85,1000,0,23000
JUBLFOOD30Jan201620PE.NFO,07/01/2020,10:59:30,23.85,24.7,2500,25.85,1000,0,23000
JUBLFOOD30Jan201620PE.NFO,07/01/2020,10:59:37,23.85,24.75,2500,25.85,1000,0,23000
JUBLFOOD30Jan201620PE.NFO,07/01/2020,10:59:43,23.85,24.8,2500,25.85,1000,0,23000
JUBLFOOD30Jan201620PE.NFO,07/01/2020,10:59:48,23.85,24.8,500,25.85,1000,0,23000
JUBLFOOD30Jan201620PE.NFO,07/01/2020,10:59:54,23.85,24.8,500,25.75,1000,0,23000
JUBLFOOD30Jan201620PE.NFO,07/01/2020,11:00:14,23.85,24.8,2500,25.75,1000,0,23000
JUBLFOOD30Jan201620PE.NFO,07/01/2020,11:00:22,23.85,24.8,500,25.75,1000,0,23000
JUBLFOOD30Jan201620PE.NFO,07/01/2020,11:00:28,23.85,24.8,2500,25.75,1000,0,23000
JUBLFOOD30Jan201620PE.NFO,07/01/2020,11:00:54,23.85,24.8,1500,26.05,1000,0,23000
JUBLFOOD30Jan201620PE.NFO,07/01/2020,11:01:01,23.85,25,500,26.05,1000,0,23000
JUBLFOOD30Jan201620PE.NFO,07/01/2020,11:01:09,23.85,24.95,2500,26.05,1000,0,23000
JUBLFOOD30Jan201620PE.NFO,07/01/2020,11:01:16,23.85,24.95,500,26.05,1000,0,23000
JUBLFOOD30Jan201620PE.NFO,07/01/2020,11:01:32,24.95,24.8,3000,26.05,1000,500,25000
JUBLFOOD30Jan201620PE.NFO,07/01/2020,11:01:32,24.95,24.8,3000,26.05,1000,0,25000
JUBLFOOD30Jan201620PE.NFO,07/01/2020,11:01:39,24.95,24.8,3000,26.05,1000,0,25000
JUBLFOOD30Jan201620PE.NFO,07/01/2020,11:01:47,24.95,22.8,2000,26.05,1000,0,25000
JUBLFOOD30Jan201620PE.NFO,07/01/2020,11:01:55,24.95,23.25,2500,25.65,1000,0,25000
JUBLFOOD30Jan201620PE.NFO,07/01/2020,11:02:02,24.95,23.65,2000,25.65,1000,0,25000
JUBLFOOD30Jan201620PE.NFO,07/01/2020,11:02:09,24.95,24,2000,25.65,1000,0,25000
JUBLFOOD30Jan201620PE.NFO,07/01/2020,11:02:16,24.95,24.1,500,25.45,500,0,25000
JUBLFOOD30Jan201620PE.NFO,07/01/2020,11:02:22,24.95,24.15,2000,25.45,500,0,25000
JUBLFOOD30Jan201620PE.NFO,07/01/2020,11:02:28,24.95,24.25,500,26.2,1000,0,25000
JUBLFOOD30Jan201620PE.NFO,07/01/2020,11:02:35,24.95,24.45,2500,25.9,1000,0,25000
JUBLFOOD30Jan201620PE.NFO,07/01/2020,11:02:41,24.95,24.3,500,25.65,500,0,25000
JUBLFOOD30Jan201620PE.NFO,07/01/2020,11:02:48,24.95,24.5,2500,25.85,500,0,25000
JUBLFOOD30Jan201620PE.NFO,07/01/2020,11:02:54,24.95,24.4,500,25.55,500,0,25000
JUBLFOOD30Jan201620PE.NFO,07/01/2020,11:03:07,24.95,24.55,500,25.7,500,0,25000
JUBLFOOD30Jan201620PE.NFO,07/01/2020,11:03:14,24.95,24.7,2000,25.65,500,0,25000
JUBLFOOD30Jan201620PE.NFO,07/01/2020,11:03:21,24.95,24.75,500,25.65,500,0,25000
JUBLFOOD30Jan201620PE.NFO,07/01/2020,11:03:41,24.95,24.8,500,25.95,1000,0,25000
JUBLFOOD30Jan201620PE.NFO,07/01/2020,11:03:48,24.95,24.4,500,25.85,1000,0,25000
JUBLFOOD30Jan201620PE.NFO,07/01/2020,11:03:55,24.95,24.5,2000,25.85,1000,0,25000
JUBLFOOD30Jan201620PE.NFO,07/01/2020,11:04:02,24.95,24.5,500,25.85,1000,0,25000
JUBLFOOD30Jan201620PE.NFO,07/01/2020,11:04:15,24.5,24.5,500,25.5,500,500,25000
JUBLFOOD30Jan201620PE.NFO,07/01/2020,11:04:21,24.5,24.55,500,25.5,500,0,25000
JUBLFOOD30Jan201620PE.NFO,07/01/2020,11:04:35,24.5,24.65,500,25.5,500,0,25000
JUBLFOOD30Jan201620PE.NFO,07/01/2020,11:04:42,24.5,24.75,500,25.5,500,0,25000
JUBLFOOD30Jan201620PE.NFO,07/01/2020,11:04:56,24.5,24.65,500,25.5,500,0,25000
JUBLFOOD30Jan201620PE.NFO,07/01/2020,11:05:02,24.5,24.7,500,25.5,500,0,25000
JUBLFOOD30Jan201620PE.NFO,07/01/2020,11:05:09,24.5,24.8,500,25.5,1000,0,25000
JUBLFOOD30Jan201620PE.NFO,07/01/2020,11:05:16,24.5,24.75,500,25.5,1000,0,25000
JUBLFOOD30Jan201620PE.NFO,07/01/2020,11:05:37,24.5,23.95,500,25,500,0,25000
JUBLFOOD30Jan201620PE.NFO,07/01/2020,11:05:44,24.5,24.2,1000,24.95,1500,0,25000
JUBLFOOD30Jan201620PE.NFO,07/01/2020,11:05:50,24.5,24.25,500,24.95,1500,0,25000
JUBLFOOD30Jan201620PE.NFO,07/01/2020,11:05:58,24.5,24.25,500,24.85,1000,0,25000
JUBLFOOD30Jan201620PE.NFO,07/01/2020,11:06:04,24.5,24.35,500,24.85,500,0,25000
JUBLFOOD30Jan201620PE.NFO,07/01/2020,11:06:11,24.5,24.05,500,24.6,500,0,25000
JUBLFOOD30Jan201620PE.NFO,07/01/2020,11:06:51,24.5,24.15,500,24.6,500,0,25000
JUBLFOOD30Jan201620PE.NFO,07/01/2020,11:07:01,24.5,24,500,24.6,500,0,25000
JUBLFOOD30Jan201620PE.NFO,07/01/2020,11:07:06,24.5,24.1,500,24.6,500,0,25000
JUBLFOOD30Jan201620PE.NFO,07/01/2020,11:07:16,24.5,23.2,500,24.5,500,0,25000
JUBLFOOD30Jan201620PE.NFO,07/01/2020,11:07:22,24.5,23.05,500,24.4,500,0,25000
JUBLFOOD30Jan201620PE.NFO,07/01/2020,11:07:32,24.5,22.25,1000,23.75,500,0,25000
JUBLFOOD30Jan201620PE.NFO,07/01/2020,11:07:38,24.5,22.25,1000,23.65,500,0,25000
JUBLFOOD30Jan201620PE.NFO,07/01/2020,11:07:43,24.5,22.55,500,23.75,500,0,25000
JUBLFOOD30Jan201620PE.NFO,07/01/2020,11:07:49,24.5,22.45,1000,23.8,500,0,25000
JUBLFOOD30Jan201620PE.NFO,07/01/2020,11:07:54,24.5,22.45,500,23.8,500,0,25000
JUBLFOOD30Jan201620PE.NFO,07/01/2020,11:07:59,24.5,22.5,500,23.8,500,0,25000
JUBLFOOD30Jan201620PE.NFO,07/01/2020,11:08:09,24.5,22.5,1000,23.8,500,0,25000
JUBLFOOD30Jan201620PE.NFO,07/01/2020,11:08:39,24.5,22.65,500,23.85,500,0,25000
JUBLFOOD30Jan201620PE.NFO,07/01/2020,11:08:44,24.5,22.65,500,23.85,1000,0,25000
JUBLFOOD30Jan201620PE.NFO,07/01/2020,11:08:59,24.5,22.6,500,23.85,1000,0,25000
JUBLFOOD30Jan201620PE.NFO,07/01/2020,11:09:04,24.5,22.5,1000,23.85,1000,0,25000
JUBLFOOD30Jan201620PE.NFO,07/01/2020,11:09:08,24.5,22.55,500,23.85,1000,0,25000
JUBLFOOD30Jan201620PE.NFO,07/01/2020,11:09:13,24.5,22.5,1000,23.85,1500,0,25000
JUBLFOOD30Jan201620PE.NFO,07/01/2020,11:09:33,24.5,22.5,1000,23.7,500,0,25000
JUBLFOOD30Jan201620PE.NFO,07/01/2020,11:09:42,24.5,22.55,1000,23.7,500,0,25000
JUBLFOOD30Jan201620PE.NFO,07/01/2020,11:09:50,24.5,22.55,500,23.7,500,0,25000
JUBLFOOD30Jan201620PE.NFO,07/01/2020,11:09:58,24.5,22.55,500,23.7,1000,0,25000
JUBLFOOD30Jan201620PE.NFO,07/01/2020,11:10:02,24.5,22.55,500,23.7,500,0,25000
JUBLFOOD30Jan201620PE.NFO,07/01/2020,11:10:07,24.5,22.75,500,23.7,500,0,25000
JUBLFOOD30Jan201620PE.NFO,07/01/2020,11:10:11,24.5,22.75,500,23.7,1000,0,25000
JUBLFOOD30Jan201620PE.NFO,07/01/2020,11:10:15,24.5,22.75,500,23.75,1000,0,25000
JUBLFOOD30Jan201620PE.NFO,07/01/2020,11:10:21,24.5,22.65,500,23.65,1000,0,25000
JUBLFOOD30Jan201620PE.NFO,07/01/2020,11:10:31,24.5,22.65,500,23.65,500,0,25000
JUBLFOOD30Jan201620PE.NFO,07/01/2020,11:10:35,24.5,22.65,500,23.8,1000,0,25000
JUBLFOOD30Jan201620PE.NFO,07/01/2020,11:10:54,24.5,22.65,500,23.7,500,0,25000
JUBLFOOD30Jan201620PE.NFO,07/01/2020,11:11:07,24.5,22.65,1000,23.7,500,0,25000
JUBLFOOD30Jan201620PE.NFO,07/01/2020,11:11:13,24.5,22.65,1000,23.75,500,0,25000
JUBLFOOD30Jan201620PE.NFO,07/01/2020,11:11:19,24.5,22.7,1000,23.9,1000,0,25000
JUBLFOOD30Jan201620PE.NFO,07/01/2020,11:11:40,24.5,22.7,500,23.7,1500,0,25000
JUBLFOOD30Jan201620PE.NFO,07/01/2020,11:11:53,24.5,22.7,500,23.55,1000,0,25000
JUBLFOOD30Jan201620PE.NFO,07/01/2020,11:12:00,24.5,22.6,1000,23.85,500,0,25000
JUBLFOOD30Jan201620PE.NFO,07/01/2020,11:12:08,24.5,22.65,500,23.75,500,0,25000
JUBLFOOD30Jan201620PE.NFO,07/01/2020,11:12:16,24.5,22.65,1000,23.75,500,0,25000
JUBLFOOD30Jan201620PE.NFO,07/01/2020,11:12:30,24.5,22.85,500,23.8,500,0,25000
JUBLFOOD30Jan201620PE.NFO,07/01/2020,11:12:36,24.5,22.8,1000,23.65,500,0,25000
JUBLFOOD30Jan201620PE.NFO,07/01/2020,11:12:47,24.5,22.8,500,23.45,500,0,25000
JUBLFOOD30Jan201620PE.NFO,07/01/2020,11:12:57,24.5,22.75,1000,23.6,500,0,25000
JUBLFOOD30Jan201620PE.NFO,07/01/2020,11:13:02,24.5,22.75,1500,23.5,500,0,25000
JUBLFOOD30Jan201620PE.NFO,07/01/2020,11:13:08,24.5,22.75,1500,23.6,500,0,25000
JUBLFOOD30Jan201620PE.NFO,07/01/2020,11:13:25,24.5,22.75,1000,23.5,500,0,25000
JUBLFOOD30Jan201620PE.NFO,07/01/2020,11:13:37,24.5,22.85,500,23.55,500,0,25000
JUBLFOOD30Jan201620PE.NFO,07/01/2020,11:13:43,24.5,22.75,1000,23.45,500,0,25000
JUBLFOOD30Jan201620PE.NFO,07/01/2020,11:13:54,24.5,22.8,500,23.45,500,0,25000
JUBLFOOD30Jan201620PE.NFO,07/01/2020,11:14:05,24.5,22.8,500,23.35,500,0,25000
JUBLFOOD30Jan201620PE.NFO,07/01/2020,11:14:17,24.5,22.8,500,23.5,500,0,25000
JUBLFOOD30Jan201620PE.NFO,07/01/2020,11:14:42,24.5,22.8,500,23.6,500,0,25000
JUBLFOOD30Jan201620PE.NFO,07/01/2020,11:14:48,24.5,22.8,500,23.65,500,0,25000
JUBLFOOD30Jan201620PE.NFO,07/01/2020,11:14:53,24.5,22.9,500,23.65,500,0,25000
JUBLFOOD30Jan201620PE.NFO,07/01/2020,11:14:59,24.5,22.95,500,23.65,500,0,25000
JUBLFOOD30Jan201620PE.NFO,07/01/2020,11:15:06,24.5,22.8,500,23.65,500,0,25000
JUBLFOOD30Jan201620PE.NFO,07/01/2020,11:15:17,24.5,22.9,1000,23.65,500,0,25000
JUBLFOOD30Jan201620PE.NFO,07/01/2020,11:15:22,24.5,22.95,500,23.65,500,0,25000
JUBLFOOD30Jan201620PE.NFO,07/01/2020,11:15:39,24.5,23.05,500,23.65,500,0,25000
JUBLFOOD30Jan201620PE.NFO,07/01/2020,11:15:44,24.5,22.95,500,23.65,500,0,25000
JUBLFOOD30Jan201620PE.NFO,07/01/2020,11:15:49,24.5,23.05,500,23.65,500,0,25000
JUBLFOOD30Jan201620PE.NFO,07/01/2020,11:15:54,23.6,23.05,500,23.65,500,500,25000
JUBLFOOD30Jan201620PE.NFO,07/01/2020,11:15:54,23.6,23.05,500,23.65,500,0,25000
JUBLFOOD30Jan201620PE.NFO,07/01/2020,11:16:00,23.6,23,2000,23.65,500,0,25000
JUBLFOOD30Jan201620PE.NFO,07/01/2020,11:16:06,23.7,23.05,500,23.9,1000,1000,25000
JUBLFOOD30Jan201620PE.NFO,07/01/2020,11:16:13,23.7,23.05,500,23.9,1000,0,25000
JUBLFOOD30Jan201620PE.NFO,07/01/2020,11:16:26,23.7,22.95,500,23.85,1000,0,25000
JUBLFOOD30Jan201620PE.NFO,07/01/2020,11:16:48,23.7,23.05,500,23.85,1000,0,25000
JUBLFOOD30Jan201620PE.NFO,07/01/2020,11:16:55,23.7,23.05,500,23.8,500,0,25000
JUBLFOOD30Jan201620PE.NFO,07/01/2020,11:17:10,23.7,23.1,500,23.85,500,0,25000
JUBLFOOD30Jan201620PE.NFO,07/01/2020,11:17:15,23.7,23.15,500,23.85,500,0,25000
JUBLFOOD30Jan201620PE.NFO,07/01/2020,11:17:41,23.7,23.05,500,23.8,1000,0,25000
JUBLFOOD30Jan201620PE.NFO,07/01/2020,11:17:47,23.7,23.1,500,23.8,1000,0,25000
JUBLFOOD30Jan201620PE.NFO,07/01/2020,11:17:56,23.7,23.15,500,23.95,1000,0,25000
JUBLFOOD30Jan201620PE.NFO,07/01/2020,11:18:12,23.7,22.9,500,23.95,1500,0,25000
JUBLFOOD30Jan201620PE.NFO,07/01/2020,11:18:23,23.7,23,500,23.9,500,0,25000
JUBLFOOD30Jan201620PE.NFO,07/01/2020,11:18:28,23.7,23.05,500,24,1000,0,25000
JUBLFOOD30Jan201620PE.NFO,07/01/2020,11:18:44,23.7,23.05,500,23.9,1000,0,25000
JUBLFOOD30Jan201620PE.NFO,07/01/2020,11:19:02,23.7,23.15,500,23.9,500,0,25000
JUBLFOOD30Jan201620PE.NFO,07/01/2020,11:19:13,23.7,23.15,1000,23.9,500,0,25000
JUBLFOOD30Jan201620PE.NFO,07/01/2020,11:19:21,23.7,23.3,500,24.25,500,0,25000
JUBLFOOD30Jan201620PE.NFO,07/01/2020,11:19:29,23.7,22.95,500,24.05,1000,0,25000
JUBLFOOD30Jan201620PE.NFO,07/01/2020,11:19:35,23.7,22.75,500,23.8,500,0,25000
JUBLFOOD30Jan201620PE.NFO,07/01/2020,11:19:41,23.7,22.75,500,23.7,500,0,25000
JUBLFOOD30Jan201620PE.NFO,07/01/2020,11:19:48,22.75,22.05,2500,23.2,500,500,25500
JUBLFOOD30Jan201620PE.NFO,07/01/2020,11:19:48,22.75,22.05,2500,23.2,500,0,25500
JUBLFOOD30Jan201620PE.NFO,07/01/2020,11:19:53,22.75,22.05,2500,23.2,500,0,25500
JUBLFOOD30Jan201620PE.NFO,07/01/2020,11:20:04,22.75,22.05,3000,23.2,500,0,25500
JUBLFOOD30Jan201620PE.NFO,07/01/2020,11:20:09,22.75,22.05,3000,23.25,1000,0,25500
JUBLFOOD30Jan201620PE.NFO,07/01/2020,11:20:15,22.75,22.05,3000,23.25,500,0,25500
JUBLFOOD30Jan201620PE.NFO,07/01/2020,11:20:21,22.75,22.05,2500,23.2,500,0,25500
JUBLFOOD30Jan201620PE.NFO,07/01/2020,11:20:25,22.75,22.05,3000,23.2,500,0,25500
JUBLFOOD30Jan201620PE.NFO,07/01/2020,11:20:37,22.75,22.05,2500,23.2,500,0,25500
JUBLFOOD30Jan201620PE.NFO,07/01/2020,11:20:47,22.75,22.15,3000,23.25,1000,0,25500
JUBLFOOD30Jan201620PE.NFO,07/01/2020,11:20:52,22.75,22.3,500,23.3,1000,0,25500
JUBLFOOD30Jan201620PE.NFO,07/01/2020,11:20:58,22.75,22.3,1000,23.8,1000,0,25500
JUBLFOOD30Jan201620PE.NFO,07/01/2020,11:21:04,22.75,22.3,500,23.4,1000,0,25500
JUBLFOOD30Jan201620PE.NFO,07/01/2020,11:21:09,22.75,22.3,500,23.25,500,0,25500
JUBLFOOD30Jan201620PE.NFO,07/01/2020,11:21:13,22.75,22.3,500,23.25,1000,0,25500
JUBLFOOD30Jan201620PE.NFO,07/01/2020,11:21:18,22.75,22.3,500,23.35,1000,0,25500
JUBLFOOD30Jan201620PE.NFO,07/01/2020,11:21:27,22.75,22.25,500,23.35,1000,0,25500
JUBLFOOD30Jan201620PE.NFO,07/01/2020,11:21:34,22.75,22.3,2500,23.25,500,0,25500
JUBLFOOD30Jan201620PE.NFO,07/01/2020,11:21:40,22.75,22.3,2500,23.25,1500,0,25500
JUBLFOOD30Jan201620PE.NFO,07/01/2020,11:21:45,22.75,22.3,2500,23.25,500,0,25500
JUBLFOOD30Jan201620PE.NFO,07/01/2020,11:21:54,22.75,22.3,2500,23.3,500,0,25500
JUBLFOOD30Jan201620PE.NFO,07/01/2020,11:21:58,22.75,22.45,2500,23.25,500,0,25500
JUBLFOOD30Jan201620PE.NFO,07/01/2020,11:22:02,22.75,22.5,2500,23.3,500,0,25500
JUBLFOOD30Jan201620PE.NFO,07/01/2020,11:22:06,22.75,22.65,2000,23.4,500,0,25500
JUBLFOOD30Jan201620PE.NFO,07/01/2020,11:22:10,22.75,22.65,2500,23.4,500,0,25500
JUBLFOOD30Jan201620PE.NFO,07/01/2020,11:22:28,22.75,22.65,500,23.5,500,0,25500
JUBLFOOD30Jan201620PE.NFO,07/01/2020,11:22:33,22.75,22.7,2500,23.5,500,0,25500
JUBLFOOD30Jan201620PE.NFO,07/01/2020,11:22:46,22.75,22.75,2000,23.55,500,0,25500
JUBLFOOD30Jan201620PE.NFO,07/01/2020,11:22:56,22.75,22.7,2500,23.55,1000,0,25500
JUBLFOOD30Jan201620PE.NFO,07/01/2020,11:23:02,22.75,22.75,2500,23.55,1000,0,25500
JUBLFOOD30Jan201620PE.NFO,07/01/2020,11:23:07,22.75,22.7,2500,23.55,1000,0,25500
JUBLFOOD30Jan201620PE.NFO,07/01/2020,11:23:18,22.75,22.8,2000,23.55,500,0,25500
JUBLFOOD30Jan201620PE.NFO,07/01/2020,11:23:23,22.75,22.75,2500,23.55,1000,0,25500
JUBLFOOD30Jan201620PE.NFO,07/01/2020,11:23:27,22.75,22.85,2500,23.6,500,0,25500
JUBLFOOD30Jan201620PE.NFO,07/01/2020,11:23:31,22.75,22.9,2500,23.6,500,0,25500
JUBLFOOD30Jan201620PE.NFO,07/01/2020,11:23:35,22.75,23,2000,23.8,500,0,25500
JUBLFOOD30Jan201620PE.NFO,07/01/2020,11:23:39,22.75,22.95,2500,23.75,500,0,25500
JUBLFOOD30Jan201620PE.NFO,07/01/2020,11:23:44,22.75,23,2500,23.75,500,0,25500
JUBLFOOD30Jan201620PE.NFO,07/01/2020,11:23:53,22.75,23,2500,23.7,500,0,25500
JUBLFOOD30Jan201620PE.NFO,07/01/2020,11:23:58,22.75,23.05,2500,23.85,1500,0,25500
JUBLFOOD30Jan201620PE.NFO,07/01/2020,11:24:04,22.75,22.9,2500,23.85,1500,0,25500
JUBLFOOD30Jan201620PE.NFO,07/01/2020,11:24:15,22.75,22.95,2500,23.85,1500,0,25500
JUBLFOOD30Jan201620PE.NFO,07/01/2020,11:24:39,22.75,23,2500,23.85,1500,0,25500
JUBLFOOD30Jan201620PE.NFO,07/01/2020,11:24:43,22.75,23.05,2500,23.85,1500,0,25500
JUBLFOOD30Jan201620PE.NFO,07/01/2020,11:24:48,22.75,23.1,2500,23.85,1500,0,25500
JUBLFOOD30Jan201620PE.NFO,07/01/2020,11:24:52,22.75,23.1,2500,23.85,1000,0,25500
JUBLFOOD30Jan201620PE.NFO,07/01/2020,11:24:56,22.75,23.15,2500,23.85,1000,0,25500
JUBLFOOD30Jan201620PE.NFO,07/01/2020,11:25:00,22.75,23.15,2000,23.85,1000,0,25500
JUBLFOOD30Jan201620PE.NFO,07/01/2020,11:25:06,22.75,23.15,2500,23.85,1000,0,25500
JUBLFOOD30Jan201620PE.NFO,07/01/2020,11:25:11,22.75,23.1,500,23.85,1500,0,25500
JUBLFOOD30Jan201620PE.NFO,07/01/2020,11:25:15,22.75,23.2,500,23.85,1000,0,25500
JUBLFOOD30Jan201620PE.NFO,07/01/2020,11:25:25,22.75,23.3,500,24,1000,0,25500
JUBLFOOD30Jan201620PE.NFO,07/01/2020,11:25:30,22.75,23.3,500,24,1500,0,25500
JUBLFOOD30Jan201620PE.NFO,07/01/2020,11:25:34,22.75,23.45,2500,24.25,1000,0,25500
JUBLFOOD30Jan201620PE.NFO,07/01/2020,11:25:39,22.75,23.4,500,24.3,1500,0,25500
JUBLFOOD30Jan201620PE.NFO,07/01/2020,11:26:21,22.75,23.1,500,24.3,1500,0,25500
JUBLFOOD30Jan201620PE.NFO,07/01/2020,11:26:26,22.75,23.2,500,24.3,1500,0,25500
JUBLFOOD30Jan201620PE.NFO,07/01/2020,11:26:30,22.75,23.05,1000,24.3,1500,0,25500
JUBLFOOD30Jan201620PE.NFO,07/01/2020,11:26:41,22.75,23,2500,24.3,1500,0,25500
JUBLFOOD30Jan201620PE.NFO,07/01/2020,11:26:46,22.75,22.95,2000,24.3,1500,0,25500
JUBLFOOD30Jan201620PE.NFO,07/01/2020,11:26:51,22.75,23,500,24.3,1500,0,25500
JUBLFOOD30Jan201620PE.NFO,07/01/2020,11:26:54,22.75,22.85,500,24.3,1500,0,25500
JUBLFOOD30Jan201620PE.NFO,07/01/2020,11:27:06,22.75,22.55,2500,24.3,1500,0,25500
JUBLFOOD30Jan201620PE.NFO,07/01/2020,11:27:13,22.75,22.55,3000,24.3,1500,0,25500
JUBLFOOD30Jan201620PE.NFO,07/01/2020,11:27:27,22.75,22.55,2500,24.3,1500,0,25500
JUBLFOOD30Jan201620PE.NFO,07/01/2020,11:27:31,22.75,22.4,1500,24.3,1500,0,25500
JUBLFOOD30Jan201620PE.NFO,07/01/2020,11:27:40,22.75,22.3,1000,24.3,1500,0,25500
JUBLFOOD30Jan201620PE.NFO,07/01/2020,11:28:00,22.75,22.05,500,24.3,1500,0,25500
JUBLFOOD30Jan201620PE.NFO,07/01/2020,11:28:23,22.75,21.8,1000,24.3,1500,0,25500
JUBLFOOD30Jan201620PE.NFO,07/01/2020,11:29:53,22.75,22.05,500,24.3,1500,0,25500
JUBLFOOD30Jan201620PE.NFO,07/01/2020,11:30:09,22.75,22.05,1000,24.3,1500,0,25500
JUBLFOOD30Jan201620PE.NFO,07/01/2020,11:31:03,22.75,22.05,1500,24.3,1500,0,25500
JUBLFOOD30Jan201620PE.NFO,07/01/2020,11:31:24,22.75,22.05,2000,24.3,1500,0,25500
JUBLFOOD30Jan201620PE.NFO,07/01/2020,11:31:51,22.75,22.05,3000,24.3,1500,0,25500
JUBLFOOD30Jan201620PE.NFO,07/01/2020,11:32:03,22.75,22.05,1500,24.3,1500,0,25500
JUBLFOOD30Jan201620PE.NFO,07/01/2020,11:32:09,22.75,22.05,3000,24.3,1500,0,25500
JUBLFOOD30Jan201620PE.NFO,07/01/2020,11:32:48,22.75,22.45,1500,24.3,1500,0,25500
JUBLFOOD30Jan201620PE.NFO,07/01/2020,11:32:52,22.75,22.55,1500,24.3,1500,0,25500
JUBLFOOD30Jan201620PE.NFO,07/01/2020,11:33:57,22.75,22.55,2000,24.3,1500,0,25500
JUBLFOOD30Jan201620PE.NFO,07/01/2020,11:34:27,22.75,22.45,2000,24.3,1500,0,25500
JUBLFOOD30Jan201620PE.NFO,07/01/2020,11:34:34,22.75,22.3,3000,24.3,1500,0,25500
JUBLFOOD30Jan201620PE.NFO,07/01/2020,11:36:06,22.75,22.3,2500,24.3,1500,0,25500
JUBLFOOD30Jan201620PE.NFO,07/01/2020,11:36:17,22.75,22.15,500,24.3,1500,0,25500
JUBLFOOD30Jan201620PE.NFO,07/01/2020,11:36:27,22.75,22,500,24.3,1500,0,25500
JUBLFOOD30Jan201620PE.NFO,07/01/2020,11:36:36,22.75,22.05,500,24.3,1500,0,25500
JUBLFOOD30Jan201620PE.NFO,07/01/2020,11:36:41,22.75,22,1000,24.3,1500,0,25500
JUBLFOOD30Jan201620PE.NFO,07/01/2020,11:37:14,22.75,22.15,500,24.3,1500,0,25500
JUBLFOOD30Jan201620PE.NFO,07/01/2020,11:37:40,22.75,21.95,1000,24.3,1500,0,25500
JUBLFOOD30Jan201620PE.NFO,07/01/2020,11:37:44,22.75,22.05,500,24.3,1500,0,25500
JUBLFOOD30Jan201620PE.NFO,07/01/2020,11:37:54,22.75,22.05,2000,24.3,1500,0,25500
JUBLFOOD30Jan201620PE.NFO,07/01/2020,11:38:20,22.75,22.05,1500,24.3,1500,0,25500
JUBLFOOD30Jan201620PE.NFO,07/01/2020,11:38:34,22.75,22.05,1000,24.3,1500,0,25500
JUBLFOOD30Jan201620PE.NFO,07/01/2020,11:39:04,22.75,22.05,1500,24.3,1500,0,25500
JUBLFOOD30Jan201620PE.NFO,07/01/2020,11:39:20,22.75,22.3,1500,24.3,1500,0,25500
JUBLFOOD30Jan201620PE.NFO,07/01/2020,11:39:38,22.75,22.3,1000,24.3,1500,0,25500
JUBLFOOD30Jan201620PE.NFO,07/01/2020,11:39:52,22.75,22.5,500,24.3,1500,0,25500
JUBLFOOD30Jan201620PE.NFO,07/01/2020,11:39:59,22.75,22.55,1000,24.3,1500,0,25500
JUBLFOOD30Jan201620PE.NFO,07/01/2020,11:40:10,22.75,22.5,1000,24.3,1000,0,25500
JUBLFOOD30Jan201620PE.NFO,07/01/2020,11:40:15,22.75,22.3,500,23.95,500,0,25500
JUBLFOOD30Jan201620PE.NFO,07/01/2020,11:40:35,22.75,22.3,500,23.85,500,0,25500
JUBLFOOD30Jan201620PE.NFO,07/01/2020,11:40:42,22.75,22.25,500,23.85,500,0,25500
JUBLFOOD30Jan201620PE.NFO,07/01/2020,11:40:45,22.75,22.3,500,23.85,500,0,25500
JUBLFOOD30Jan201620PE.NFO,07/01/2020,11:41:24,22.75,22.3,500,23.75,500,0,25500
JUBLFOOD30Jan201620PE.NFO,07/01/2020,11:42:16,22.75,22.3,500,23.65,500,0,25500
JUBLFOOD30Jan201620PE.NFO,07/01/2020,11:42:26,22.75,22.2,500,23.65,500,0,25500
JUBLFOOD30Jan201620PE.NFO,07/01/2020,11:42:38,22.75,22.15,500,23.55,500,0,25500
JUBLFOOD30Jan201620PE.NFO,07/01/2020,11:42:51,22.75,22.15,1000,23.55,500,0,25500
JUBLFOOD30Jan201620PE.NFO,07/01/2020,11:43:01,22.75,22.15,500,23.55,500,0,25500
JUBLFOOD30Jan201620PE.NFO,07/01/2020,11:43:08,22.75,22.15,1000,23.55,500,0,25500
JUBLFOOD30Jan201620PE.NFO,07/01/2020,11:43:10,22.75,22.15,500,23.55,500,0,25500
JUBLFOOD30Jan201620PE.NFO,07/01/2020,11:43:19,22.75,22.15,1000,23.55,500,0,25500
JUBLFOOD30Jan201620PE.NFO,07/01/2020,11:43:29,22.75,22.15,500,23.45,500,0,25500
JUBLFOOD30Jan201620PE.NFO,07/01/2020,11:43:35,22.75,22.15,1000,23.45,500,0,25500
JUBLFOOD30Jan201620PE.NFO,07/01/2020,11:43:41,22.75,22.3,1000,23.45,500,0,25500
JUBLFOOD30Jan201620PE.NFO,07/01/2020,11:43:45,22.75,22.3,1500,23.35,500,0,25500
JUBLFOOD30Jan201620PE.NFO,07/01/2020,11:44:04,22.75,22.3,1000,23.35,500,0,25500
JUBLFOOD30Jan201620PE.NFO,07/01/2020,11:44:13,22.75,22.4,500,23.35,500,0,25500
JUBLFOOD30Jan201620PE.NFO,07/01/2020,11:44:17,22.75,22.45,1000,23.35,500,0,25500
JUBLFOOD30Jan201620PE.NFO,07/01/2020,11:44:30,22.75,22.55,1500,23.35,500,0,25500
JUBLFOOD30Jan201620PE.NFO,07/01/2020,11:44:53,22.75,22.5,1500,23.35,500,0,25500
JUBLFOOD30Jan201620PE.NFO,07/01/2020,11:45:02,22.75,22.55,500,23.35,500,0,25500
JUBLFOOD30Jan201620PE.NFO,07/01/2020,11:45:06,22.75,22.55,2000,23.4,1000,0,25500
JUBLFOOD30Jan201620PE.NFO,07/01/2020,11:45:34,22.75,22.55,2000,23.4,500,0,25500
JUBLFOOD30Jan201620PE.NFO,07/01/2020,11:45:47,22.75,22.55,2500,23.4,500,0,25500
JUBLFOOD30Jan201620PE.NFO,07/01/2020,11:45:53,22.75,22.55,2000,23.45,500,0,25500
JUBLFOOD30Jan201620PE.NFO,07/01/2020,11:46:01,22.75,22.55,2000,23.35,500,0,25500
JUBLFOOD30Jan201620PE.NFO,07/01/2020,11:46:06,22.75,22.55,2000,23.3,500,0,25500
JUBLFOOD30Jan201620PE.NFO,07/01/2020,11:46:32,22.75,22.55,2000,23.4,500,0,25500
JUBLFOOD30Jan201620PE.NFO,07/01/2020,11:47:02,22.75,22.55,2000,23.35,500,0,25500
JUBLFOOD30Jan201620PE.NFO,07/01/2020,11:47:17,22.75,22.55,2000,23.45,500,0,25500
JUBLFOOD30Jan201620PE.NFO,07/01/2020,11:47:40,22.75,22.55,2000,23.35,500,0,25500
JUBLFOOD30Jan201620PE.NFO,07/01/2020,11:47:47,22.75,22.55,2000,23.55,500,0,25500
JUBLFOOD30Jan201620PE.NFO,07/01/2020,11:48:03,22.75,22.55,2000,23.45,500,0,25500
JUBLFOOD30Jan201620PE.NFO,07/01/2020,11:48:40,22.75,22.55,2000,23.4,500,0,25500
JUBLFOOD30Jan201620PE.NFO,07/01/2020,11:48:44,22.75,22.55,2000,23.45,500,0,25500
JUBLFOOD30Jan201620PE.NFO,07/01/2020,11:48:47,22.75,22.55,2000,23.4,500,0,25500
JUBLFOOD30Jan201620PE.NFO,07/01/2020,11:48:50,22.75,22.55,2500,24.15,1000,0,25500
JUBLFOOD30Jan201620PE.NFO,07/01/2020,11:48:52,22.75,22.55,2500,23.65,500,0,25500
JUBLFOOD30Jan201620PE.NFO,07/01/2020,11:49:12,22.75,22.55,2500,23.75,500,0,25500
JUBLFOOD30Jan201620PE.NFO,07/01/2020,11:49:14,22.75,22.55,2500,23.7,500,0,25500
JUBLFOOD30Jan201620PE.NFO,07/01/2020,11:49:17,22.75,22.7,3500,23.75,500,0,25500
JUBLFOOD30Jan201620PE.NFO,07/01/2020,11:49:22,22.75,22.7,3000,23.75,500,0,25500
JUBLFOOD30Jan201620PE.NFO,07/01/2020,11:49:25,22.75,22.7,3000,23.65,500,0,25500
JUBLFOOD30Jan201620PE.NFO,07/01/2020,11:49:29,22.75,22.7,3500,23.75,500,0,25500
JUBLFOOD30Jan201620PE.NFO,07/01/2020,11:49:32,22.75,22.7,3000,23.75,500,0,25500
JUBLFOOD30Jan201620PE.NFO,07/01/2020,11:49:51,22.75,22.7,2500,23.75,500,0,25500
JUBLFOOD30Jan201620PE.NFO,07/01/2020,11:49:55,22.75,22.9,2000,23.75,500,0,25500
JUBLFOOD30Jan201620PE.NFO,07/01/2020,11:49:59,22.75,23,2000,23.75,500,0,25500
JUBLFOOD30Jan201620PE.NFO,07/01/2020,11:50:03,22.75,23.05,1000,23.95,500,0,25500
JUBLFOOD30Jan201620PE.NFO,07/01/2020,11:50:06,22.75,23.05,500,23.85,500,0,25500
JUBLFOOD30Jan201620PE.NFO,07/01/2020,11:50:09,22.75,23.05,500,23.95,500,0,25500
JUBLFOOD30Jan201620PE.NFO,07/01/2020,11:50:26,22.75,23.05,1000,24.1,1000,0,25500
JUBLFOOD30Jan201620PE.NFO,07/01/2020,11:50:39,22.75,23.05,500,24,1500,0,25500
JUBLFOOD30Jan201620PE.NFO,07/01/2020,11:51:20,22.75,22.75,500,24,1500,0,25500
JUBLFOOD30Jan201620PE.NFO,07/01/2020,11:51:29,22.75,22.5,500,24,1500,0,25500
JUBLFOOD30Jan201620PE.NFO,07/01/2020,11:51:53,22.75,22.55,500,24,1500,0,25500
JUBLFOOD30Jan201620PE.NFO,07/01/2020,11:51:57,22.75,22.6,500,24,1500,0,25500
JUBLFOOD30Jan201620PE.NFO,07/01/2020,11:52:08,22.75,22.55,500,24,1500,0,25500
JUBLFOOD30Jan201620PE.NFO,07/01/2020,11:52:17,22.75,22.6,500,24,1500,0,25500
JUBLFOOD30Jan201620PE.NFO,07/01/2020,11:52:20,22.75,22.45,500,24,1500,0,25500
JUBLFOOD30Jan201620PE.NFO,07/01/2020,11:52:22,22.75,22.5,500,24,1500,0,25500
JUBLFOOD30Jan201620PE.NFO,07/01/2020,11:52:27,22.75,22.55,500,24,1500,0,25500
JUBLFOOD30Jan201620PE.NFO,07/01/2020,11:52:29,22.75,22.5,500,24,1500,0,25500
JUBLFOOD30Jan201620PE.NFO,07/01/2020,11:52:32,22.75,22.55,500,24,1500,0,25500
JUBLFOOD30Jan201620PE.NFO,07/01/2020,11:53:36,22.75,22.6,500,24,1500,0,25500
JUBLFOOD30Jan201620PE.NFO,07/01/2020,11:53:44,22.75,22.5,500,24,1500,0,25500
JUBLFOOD30Jan201620PE.NFO,07/01/2020,11:54:17,22.75,22.65,500,24,1500,0,25500
JUBLFOOD30Jan201620PE.NFO,07/01/2020,11:54:20,22.75,22.55,500,24,1500,0,25500
JUBLFOOD30Jan201620PE.NFO,07/01/2020,11:54:46,22.75,22.35,500,24,1500,0,25500
JUBLFOOD30Jan201620PE.NFO,07/01/2020,11:54:48,22.75,22.4,500,24,1500,0,25500
JUBLFOOD30Jan201620PE.NFO,07/01/2020,11:54:53,22.75,22.3,500,24,1500,0,25500
JUBLFOOD30Jan201620PE.NFO,07/01/2020,11:54:55,22.75,22.25,500,24,1500,0,25500
JUBLFOOD30Jan201620PE.NFO,07/01/2020,11:55:01,22.75,22.4,500,24,1500,0,25500
JUBLFOOD30Jan201620PE.NFO,07/01/2020,11:55:12,22.75,21.7,500,24,1500,0,25500
JUBLFOOD30Jan201620PE.NFO,07/01/2020,11:55:14,22.75,22.2,500,24,1500,0,25500
JUBLFOOD30Jan201620PE.NFO,07/01/2020,11:55:17,22.75,22.25,500,24,1500,0,25500
JUBLFOOD30Jan201620PE.NFO,07/01/2020,11:55:27,22.75,22.1,500,24,1500,0,25500
JUBLFOOD30Jan201620PE.NFO,07/01/2020,11:55:36,22.75,22.1,1000,24,1500,0,25500
JUBLFOOD30Jan201620PE.NFO,07/01/2020,11:55:48,22.75,22.1,500,24,1500,0,25500
JUBLFOOD30Jan201620PE.NFO,07/01/2020,11:56:24,22.75,22,500,24,1500,0,25500
JUBLFOOD30Jan201620PE.NFO,07/01/2020,11:56:31,22.75,22,1000,24,1500,0,25500
JUBLFOOD30Jan201620PE.NFO,07/01/2020,11:57:02,22.75,22,500,24,1500,0,25500
JUBLFOOD30Jan201620PE.NFO,07/01/2020,11:57:26,22.75,21.85,500,24,1500,0,25500
JUBLFOOD30Jan201620PE.NFO,07/01/2020,11:57:28,22.75,21.85,1000,24,1500,0,25500
JUBLFOOD30Jan201620PE.NFO,07/01/2020,11:58:39,22.75,21.85,500,24,1500,0,25500
JUBLFOOD30Jan201620PE.NFO,07/01/2020,11:58:44,22.75,21.65,500,24,1500,0,25500
JUBLFOOD30Jan201620PE.NFO,07/01/2020,11:58:55,22.75,21.65,1000,24,1500,0,25500
JUBLFOOD30Jan201620PE.NFO,07/01/2020,12:01:37,22.75,21.8,1500,24,1500,0,25500
JUBLFOOD30Jan201620PE.NFO,07/01/2020,12:02:15,22.75,21.8,1000,24,1500,0,25500
JUBLFOOD30Jan201620PE.NFO,07/01/2020,12:02:44,22.75,21.8,1500,24,1500,0,25500
JUBLFOOD30Jan201620PE.NFO,07/01/2020,12:02:55,22.75,21.85,500,24,1500,0,25500
JUBLFOOD30Jan201620PE.NFO,07/01/2020,12:02:59,22.75,22.05,2000,24,1500,0,25500
JUBLFOOD30Jan201620PE.NFO,07/01/2020,12:03:25,22.75,22.05,2500,24,1500,0,25500
JUBLFOOD30Jan201620PE.NFO,07/01/2020,12:03:30,22.75,22.05,2000,24,1500,0,25500
JUBLFOOD30Jan201620PE.NFO,07/01/2020,12:04:15,22.75,22.05,2500,24,1500,0,25500
JUBLFOOD30Jan201620PE.NFO,07/01/2020,12:04:56,22.75,22.05,2000,24,1500,0,25500
JUBLFOOD30Jan201620PE.NFO,07/01/2020,12:05:05,22.75,22.05,1000,24,1500,0,25500
JUBLFOOD30Jan201620PE.NFO,07/01/2020,12:05:10,22.75,22.05,3500,24,1500,0,25500
JUBLFOOD30Jan201620PE.NFO,07/01/2020,12:05:14,22.75,22.05,3000,24,1500,0,25500
JUBLFOOD30Jan201620PE.NFO,07/01/2020,12:05:25,22.75,22.05,3500,24,1500,0,25500
JUBLFOOD30Jan201620PE.NFO,07/01/2020,12:05:29,22.75,22.05,3000,24,1500,0,25500
JUBLFOOD30Jan201620PE.NFO,07/01/2020,12:05:31,22.75,22.05,3500,24,1500,0,25500
JUBLFOOD30Jan201620PE.NFO,07/01/2020,12:08:15,22.75,22.55,1000,24,1500,0,25500
JUBLFOOD30Jan201620PE.NFO,07/01/2020,12:08:22,22.75,22.55,3000,24,1500,0,25500
JUBLFOOD30Jan201620PE.NFO,07/01/2020,12:08:36,22.75,22.55,2500,24,1500,0,25500
JUBLFOOD30Jan201620PE.NFO,07/01/2020,12:08:54,22.75,22.55,3000,24,1500,0,25500
JUBLFOOD30Jan201620PE.NFO,07/01/2020,12:09:10,22.75,22.55,2500,24,1500,0,25500
JUBLFOOD30Jan201620PE.NFO,07/01/2020,12:09:15,22.75,22.55,3000,24,1500,0,25500
JUBLFOOD30Jan201620PE.NFO,07/01/2020,12:12:41,22.75,22.55,3500,24,1500,0,25500
JUBLFOOD30Jan201620PE.NFO,07/01/2020,12:12:43,22.75,22.55,3000,24,1500,0,25500
JUBLFOOD30Jan201620PE.NFO,07/01/2020,12:12:50,22.75,23,2500,24,1500,0,25500
JUBLFOOD30Jan201620PE.NFO,07/01/2020,12:12:55,22.75,22.8,2000,24,1500,0,25500
JUBLFOOD30Jan201620PE.NFO,07/01/2020,12:13:09,22.75,22.3,500,24,1500,0,25500
JUBLFOOD30Jan201620PE.NFO,07/01/2020,12:13:17,22.75,22.3,3500,24,1500,0,25500
JUBLFOOD30Jan201620PE.NFO,07/01/2020,12:13:30,22.75,22.45,6000,24,1500,0,25500
JUBLFOOD30Jan201620PE.NFO,07/01/2020,12:13:36,22.75,22.45,3000,24,1500,0,25500
JUBLFOOD30Jan201620PE.NFO,07/01/2020,12:13:40,22.75,22.45,6000,24,1500,0,25500
JUBLFOOD30Jan201620PE.NFO,07/01/2020,12:13:43,22.75,22.45,3500,24,1500,0,25500
JUBLFOOD30Jan201620PE.NFO,07/01/2020,12:14:00,22.75,22.45,6000,24,1500,0,25500
JUBLFOOD30Jan201620PE.NFO,07/01/2020,12:14:06,22.75,22.55,5500,24,1500,0,25500
JUBLFOOD30Jan201620PE.NFO,07/01/2020,12:14:12,22.75,22.55,6000,24,1500,0,25500
JUBLFOOD30Jan201620PE.NFO,07/01/2020,12:14:20,22.75,22.55,3000,24,1500,0,25500
JUBLFOOD30Jan201620PE.NFO,07/01/2020,12:14:30,22.75,22.55,3500,24,1500,0,25500
JUBLFOOD30Jan201620PE.NFO,07/01/2020,12:14:34,22.75,22.55,3000,24,1500,0,25500
JUBLFOOD30Jan201620PE.NFO,07/01/2020,12:14:41,22.75,22.55,3500,24,1500,0,25500
JUBLFOOD30Jan201620PE.NFO,07/01/2020,12:14:58,22.75,22.55,6000,24,1500,0,25500
JUBLFOOD30Jan201620PE.NFO,07/01/2020,12:15:57,22.75,22.55,3500,24,1500,0,25500
JUBLFOOD30Jan201620PE.NFO,07/01/2020,12:16:02,22.75,22.55,6000,24,1500,0,25500
JUBLFOOD30Jan201620PE.NFO,07/01/2020,12:16:06,22.75,22.8,3000,23.95,500,0,25500
JUBLFOOD30Jan201620PE.NFO,07/01/2020,12:16:13,22.75,22.8,3500,23.95,500,0,25500
JUBLFOOD30Jan201620PE.NFO,07/01/2020,12:16:17,22.75,22.8,6000,24.05,500,0,25500
JUBLFOOD30Jan201620PE.NFO,07/01/2020,12:17:14,22.75,22.95,3000,24.05,500,0,25500
JUBLFOOD30Jan201620PE.NFO,07/01/2020,12:18:21,22.75,22.95,3000,24,500,0,25500
JUBLFOOD30Jan201620PE.NFO,07/01/2020,12:18:37,22.75,22.95,3000,23.95,500,0,25500
JUBLFOOD30Jan201620PE.NFO,07/01/2020,12:18:48,22.75,22.95,3000,23.9,500,0,25500
JUBLFOOD30Jan201620PE.NFO,07/01/2020,12:18:51,22.75,22.95,2500,23.85,500,0,25500
JUBLFOOD30Jan201620PE.NFO,07/01/2020,12:19:10,22.75,22.95,500,23.8,500,0,25500
JUBLFOOD30Jan201620PE.NFO,07/01/2020,12:19:19,22.75,22.95,500,23.75,500,0,25500
JUBLFOOD30Jan201620PE.NFO,07/01/2020,12:19:28,22.75,22.8,2000,23.65,500,0,25500
JUBLFOOD30Jan201620PE.NFO,07/01/2020,12:19:36,22.75,22.75,500,23.6,500,0,25500
JUBLFOOD30Jan201620PE.NFO,07/01/2020,12:19:43,22.75,22.8,2000,23.6,1000,0,25500
JUBLFOOD30Jan201620PE.NFO,07/01/2020,12:20:17,22.75,22.8,2000,23.6,500,0,25500
JUBLFOOD30Jan201620PE.NFO,07/01/2020,12:20:50,22.75,22.8,2500,23.8,500,0,25500
JUBLFOOD30Jan201620PE.NFO,07/01/2020,12:20:54,22.75,22.8,2500,23.75,500,0,25500
JUBLFOOD30Jan201620PE.NFO,07/01/2020,12:20:58,22.75,22.8,2000,23.7,1500,0,25500
JUBLFOOD30Jan201620PE.NFO,07/01/2020,12:21:57,22.75,22.8,2500,23.85,500,0,25500
JUBLFOOD30Jan201620PE.NFO,07/01/2020,12:22:02,22.75,22.8,2000,23.6,500,0,25500
JUBLFOOD30Jan201620PE.NFO,07/01/2020,12:22:06,22.75,22.8,2000,23.6,1000,0,25500
JUBLFOOD30Jan201620PE.NFO,07/01/2020,12:22:14,22.75,22.8,2000,23.6,500,0,25500
JUBLFOOD30Jan201620PE.NFO,07/01/2020,12:23:14,22.75,22.7,2000,23.5,500,0,25500
JUBLFOOD30Jan201620PE.NFO,07/01/2020,12:23:24,22.75,22.65,500,23.45,1000,0,25500
JUBLFOOD30Jan201620PE.NFO,07/01/2020,12:23:34,22.75,22.7,2000,23.45,1000,0,25500
JUBLFOOD30Jan201620PE.NFO,07/01/2020,12:23:48,22.75,22.75,500,23.45,500,0,25500
JUBLFOOD30Jan201620PE.NFO,07/01/2020,12:23:52,22.75,22.75,500,23.5,500,0,25500
JUBLFOOD30Jan201620PE.NFO,07/01/2020,12:23:58,22.75,22.7,2000,23.5,1000,0,25500
JUBLFOOD30Jan201620PE.NFO,07/01/2020,12:24:16,22.75,22.7,1500,23.45,500,0,25500
JUBLFOOD30Jan201620PE.NFO,07/01/2020,12:24:22,22.75,22.65,1500,23.45,500,0,25500
JUBLFOOD30Jan201620PE.NFO,07/01/2020,12:24:32,22.75,22.65,500,23.45,500,0,25500
JUBLFOOD30Jan201620PE.NFO,07/01/2020,12:24:38,22.75,22.7,1500,23.45,500,0,25500
JUBLFOOD30Jan201620PE.NFO,07/01/2020,12:24:44,22.75,22.65,500,23.45,500,0,25500
JUBLFOOD30Jan201620PE.NFO,07/01/2020,12:24:49,22.75,22.7,2000,23.5,500,0,25500
JUBLFOOD30Jan201620PE.NFO,07/01/2020,12:24:56,22.75,22.7,2000,23.5,1500,0,25500
JUBLFOOD30Jan201620PE.NFO,07/01/2020,12:24:59,22.75,22.7,2000,23.5,1000,0,25500
JUBLFOOD30Jan201620PE.NFO,07/01/2020,12:25:05,22.75,22.7,2000,23.45,500,0,25500
JUBLFOOD30Jan201620PE.NFO,07/01/2020,12:25:08,22.75,22.7,2000,23.45,1000,0,25500
JUBLFOOD30Jan201620PE.NFO,07/01/2020,12:25:19,22.75,22.7,1500,23.4,500,0,25500
JUBLFOOD30Jan201620PE.NFO,07/01/2020,12:25:30,22.75,22.65,1000,23.4,500,0,25500
JUBLFOOD30Jan201620PE.NFO,07/01/2020,12:25:38,22.75,22.65,1000,23.4,1000,0,25500
JUBLFOOD30Jan201620PE.NFO,07/01/2020,12:26:03,22.75,22.65,1000,23.4,500,0,25500
JUBLFOOD30Jan201620PE.NFO,07/01/2020,12:26:06,22.75,22.65,1000,23.4,1000,0,25500
JUBLFOOD30Jan201620PE.NFO,07/01/2020,12:26:10,22.75,22.65,1000,23.4,500,0,25500
JUBLFOOD30Jan201620PE.NFO,07/01/2020,12:26:27,22.75,22.7,1000,23.4,500,0,25500
JUBLFOOD30Jan201620PE.NFO,07/01/2020,12:26:31,22.75,22.75,1500,23.5,500,0,25500
JUBLFOOD30Jan201620PE.NFO,07/01/2020,12:26:35,22.75,22.7,3000,23.5,500,0,25500
JUBLFOOD30Jan201620PE.NFO,07/01/2020,12:26:44,22.75,22.7,3000,23.45,500,0,25500
JUBLFOOD30Jan201620PE.NFO,07/01/2020,12:26:51,22.75,22.7,3000,23.5,500,0,25500
JUBLFOOD30Jan201620PE.NFO,07/01/2020,12:26:55,22.75,22.7,3000,23.55,500,0,25500
JUBLFOOD30Jan201620PE.NFO,07/01/2020,12:27:03,22.75,22.7,3000,23.5,500,0,25500
JUBLFOOD30Jan201620PE.NFO,07/01/2020,12:27:07,22.75,22.8,2000,23.55,500,0,25500
JUBLFOOD30Jan201620PE.NFO,07/01/2020,12:27:10,22.75,22.8,2000,23.55,1500,0,25500
JUBLFOOD30Jan201620PE.NFO,07/01/2020,12:27:14,22.75,22.8,1500,23.55,1500,0,25500
JUBLFOOD30Jan201620PE.NFO,07/01/2020,12:27:24,22.75,22.8,2000,23.65,1000,0,25500
JUBLFOOD30Jan201620PE.NFO,07/01/2020,12:27:31,22.75,22.8,2000,23.75,500,0,25500
JUBLFOOD30Jan201620PE.NFO,07/01/2020,12:27:34,22.75,22.8,2000,23.7,1000,0,25500
JUBLFOOD30Jan201620PE.NFO,07/01/2020,12:27:37,22.75,22.8,2000,23.7,500,0,25500
JUBLFOOD30Jan201620PE.NFO,07/01/2020,12:27:49,22.75,22.8,2000,23.75,500,0,25500
JUBLFOOD30Jan201620PE.NFO,07/01/2020,12:28:07,22.75,22.8,4500,23.95,500,0,25500
JUBLFOOD30Jan201620PE.NFO,07/01/2020,12:28:13,22.75,22.8,2000,23.85,1000,0,25500
JUBLFOOD30Jan201620PE.NFO,07/01/2020,12:28:20,22.75,22.8,2000,23.75,500,0,25500
JUBLFOOD30Jan201620PE.NFO,07/01/2020,12:28:23,22.75,22.8,2000,23.85,500,0,25500
JUBLFOOD30Jan201620PE.NFO,07/01/2020,12:28:26,22.75,22.8,2000,23.8,1000,0,25500
JUBLFOOD30Jan201620PE.NFO,07/01/2020,12:28:29,22.75,22.8,2000,23.8,500,0,25500
JUBLFOOD30Jan201620PE.NFO,07/01/2020,12:28:37,22.75,22.8,2000,23.9,500,0,25500
JUBLFOOD30Jan201620PE.NFO,07/01/2020,12:28:53,22.75,22.8,2500,23.9,500,0,25500
JUBLFOOD30Jan201620PE.NFO,07/01/2020,12:28:58,22.75,22.8,6000,23.9,500,0,25500
JUBLFOOD30Jan201620PE.NFO,07/01/2020,12:30:05,22.75,22.8,6000,24,500,0,25500
JUBLFOOD30Jan201620PE.NFO,07/01/2020,12:30:11,22.75,22.95,3500,24,500,0,25500
JUBLFOOD30Jan201620PE.NFO,07/01/2020,12:30:17,22.75,22.95,3000,23.95,500,0,25500
JUBLFOOD30Jan201620PE.NFO,07/01/2020,12:30:37,22.75,22.95,3000,24,500,0,25500
JUBLFOOD30Jan201620PE.NFO,07/01/2020,12:30:54,22.75,22.95,3000,23.8,500,0,25500
JUBLFOOD30Jan201620PE.NFO,07/01/2020,12:30:58,22.75,22.95,3000,23.9,500,0,25500
JUBLFOOD30Jan201620PE.NFO,07/01/2020,12:31:07,22.75,22.95,3000,23.85,500,0,25500
JUBLFOOD30Jan201620PE.NFO,07/01/2020,12:31:11,22.75,22.95,3000,23.95,500,0,25500
JUBLFOOD30Jan201620PE.NFO,07/01/2020,12:31:34,22.75,22.95,3000,24,500,0,25500
JUBLFOOD30Jan201620PE.NFO,07/01/2020,12:31:37,22.75,22.95,3000,23.95,500,0,25500
JUBLFOOD30Jan201620PE.NFO,07/01/2020,12:31:48,22.75,22.95,3000,24,500,0,25500
JUBLFOOD30Jan201620PE.NFO,07/01/2020,12:32:08,22.75,22.95,3000,24.05,500,0,25500
JUBLFOOD30Jan201620PE.NFO,07/01/2020,12:32:11,22.75,22.95,3000,23.9,500,0,25500
JUBLFOOD30Jan201620PE.NFO,07/01/2020,12:32:15,22.75,22.95,3000,24,1000,0,25500
JUBLFOOD30Jan201620PE.NFO,07/01/2020,12:32:18,22.75,22.95,3000,24.1,500,0,25500
JUBLFOOD30Jan201620PE.NFO,07/01/2020,12:32:21,22.75,22.95,3000,24.05,1000,0,25500
JUBLFOOD30Jan201620PE.NFO,07/01/2020,12:32:25,22.75,22.95,3000,24.05,1500,0,25500
JUBLFOOD30Jan201620PE.NFO,07/01/2020,12:32:34,22.75,23.05,1000,24.05,500,0,25500
JUBLFOOD30Jan201620PE.NFO,07/01/2020,12:32:49,22.75,23.05,1000,24.1,500,0,25500
JUBLFOOD30Jan201620PE.NFO,07/01/2020,12:33:01,22.75,23.05,3500,24.15,500,0,25500
JUBLFOOD30Jan201620PE.NFO,07/01/2020,12:33:10,22.75,23.05,1000,24.15,500,0,25500
JUBLFOOD30Jan201620PE.NFO,07/01/2020,12:33:15,22.75,23.05,1000,24.1,500,0,25500
JUBLFOOD30Jan201620PE.NFO,07/01/2020,12:33:19,22.75,23.05,1000,24.15,500,0,25500
JUBLFOOD30Jan201620PE.NFO,07/01/2020,12:33:22,22.75,23.05,1000,24.15,1000,0,25500
JUBLFOOD30Jan201620PE.NFO,07/01/2020,12:33:25,22.75,23.05,3500,24.15,500,0,25500
JUBLFOOD30Jan201620PE.NFO,07/01/2020,12:33:29,22.75,23.05,1000,24.15,500,0,25500
JUBLFOOD30Jan201620PE.NFO,07/01/2020,12:33:38,22.75,23.05,1000,24.2,500,0,25500
JUBLFOOD30Jan201620PE.NFO,07/01/2020,12:33:45,22.75,23.15,2000,24.2,500,0,25500
JUBLFOOD30Jan201620PE.NFO,07/01/2020,12:34:16,22.75,23.15,4500,24.25,500,0,25500
JUBLFOOD30Jan201620PE.NFO,07/01/2020,12:34:26,22.75,23.15,2000,24.25,500,0,25500
JUBLFOOD30Jan201620PE.NFO,07/01/2020,12:34:30,22.75,23.15,2000,24.2,500,0,25500
JUBLFOOD30Jan201620PE.NFO,07/01/2020,12:34:44,22.75,23.15,2000,24.25,500,0,25500
JUBLFOOD30Jan201620PE.NFO,07/01/2020,12:34:57,22.75,23.15,2000,24.2,500,0,25500
JUBLFOOD30Jan201620PE.NFO,07/01/2020,12:35:04,22.75,23.15,2000,24.25,500,0,25500
JUBLFOOD30Jan201620PE.NFO,07/01/2020,12:35:20,22.75,23.3,4500,24.35,500,0,25500
JUBLFOOD30Jan201620PE.NFO,07/01/2020,12:35:24,22.75,23.3,4500,24.5,500,0,25500
JUBLFOOD30Jan201620PE.NFO,07/01/2020,12:35:26,22.75,23.3,2000,24.45,1000,0,25500
JUBLFOOD30Jan201620PE.NFO,07/01/2020,12:35:29,22.75,23.3,2000,24.45,1500,0,25500
JUBLFOOD30Jan201620PE.NFO,07/01/2020,12:35:36,22.75,23.3,4500,24.45,1000,0,25500
JUBLFOOD30Jan201620PE.NFO,07/01/2020,12:35:45,22.75,23.4,2000,24.45,1000,0,25500
JUBLFOOD30Jan201620PE.NFO,07/01/2020,12:36:27,22.75,23.3,1000,24.25,500,0,25500
JUBLFOOD30Jan201620PE.NFO,07/01/2020,12:36:31,22.75,23.3,1500,24.25,500,0,25500
JUBLFOOD30Jan201620PE.NFO,07/01/2020,12:37:00,22.75,23.3,2000,24.25,500,0,25500
JUBLFOOD30Jan201620PE.NFO,07/01/2020,12:37:32,22.75,23.1,500,24.05,500,0,25500
JUBLFOOD30Jan201620PE.NFO,07/01/2020,12:37:39,22.75,22.8,1000,23.85,500,0,25500
JUBLFOOD30Jan201620PE.NFO,07/01/2020,12:37:46,22.75,22.8,1500,23.85,500,0,25500
JUBLFOOD30Jan201620PE.NFO,07/01/2020,12:37:59,22.75,22.8,1000,23.85,500,0,25500
JUBLFOOD30Jan201620PE.NFO,07/01/2020,12:38:02,22.75,22.8,1500,23.9,500,0,25500
JUBLFOOD30Jan201620PE.NFO,07/01/2020,12:38:06,22.75,22.8,500,23.8,500,0,25500
JUBLFOOD30Jan201620PE.NFO,07/01/2020,12:38:15,22.75,23.2,2500,23.9,500,0,25500
JUBLFOOD30Jan201620PE.NFO,07/01/2020,12:38:26,22.75,23.35,2500,24,500,0,25500
JUBLFOOD30Jan201620PE.NFO,07/01/2020,12:38:30,22.75,23.3,2500,24,1000,0,25500
JUBLFOOD30Jan201620PE.NFO,07/01/2020,12:38:49,22.75,23.35,2500,24,500,0,25500
JUBLFOOD30Jan201620PE.NFO,07/01/2020,12:39:05,22.75,23.1,2500,23.8,500,0,25500
JUBLFOOD30Jan201620PE.NFO,07/01/2020,12:39:14,22.75,23.25,2500,23.85,500,0,25500
JUBLFOOD30Jan201620PE.NFO,07/01/2020,12:39:52,22.75,23.2,2500,23.8,500,0,25500
JUBLFOOD30Jan201620PE.NFO,07/01/2020,12:39:59,22.75,23.1,2500,23.75,1000,0,25500
JUBLFOOD30Jan201620PE.NFO,07/01/2020,12:40:28,22.75,23.2,2500,23.8,500,0,25500
JUBLFOOD30Jan201620PE.NFO,07/01/2020,12:41:23,22.75,23.25,2500,23.8,500,0,25500
JUBLFOOD30Jan201620PE.NFO,07/01/2020,12:41:26,22.75,23.2,2500,23.8,500,0,25500
JUBLFOOD30Jan201620PE.NFO,07/01/2020,12:41:37,22.75,23.1,2500,23.75,1000,0,25500
JUBLFOOD30Jan201620PE.NFO,07/01/2020,12:41:41,22.75,23.2,2500,23.75,1000,0,25500
JUBLFOOD30Jan201620PE.NFO,07/01/2020,12:41:44,22.75,23.15,2500,23.7,500,0,25500
JUBLFOOD30Jan201620PE.NFO,07/01/2020,12:41:48,22.75,23.2,2500,23.75,1000,0,25500
JUBLFOOD30Jan201620PE.NFO,07/01/2020,12:42:14,22.75,23.5,2500,24.05,500,0,25500
JUBLFOOD30Jan201620PE.NFO,07/01/2020,12:42:17,22.75,22.9,2500,23.65,500,0,25500
JUBLFOOD30Jan201620PE.NFO,07/01/2020,12:42:20,22.75,22.95,2500,23.65,500,0,25500
JUBLFOOD30Jan201620PE.NFO,07/01/2020,12:42:27,22.75,23,2500,23.65,500,0,25500
JUBLFOOD30Jan201620PE.NFO,07/01/2020,12:42:31,22.75,23.2,2500,23.75,500,0,25500
JUBLFOOD30Jan201620PE.NFO,07/01/2020,12:42:34,22.75,23.25,2500,23.75,500,0,25500
JUBLFOOD30Jan201620PE.NFO,07/01/2020,12:42:46,22.75,23.4,2500,23.8,500,0,25500
JUBLFOOD30Jan201620PE.NFO,07/01/2020,12:42:54,22.75,23.45,2500,23.9,500,0,25500
JUBLFOOD30Jan201620PE.NFO,07/01/2020,12:42:58,22.75,23.4,2500,23.9,500,0,25500
JUBLFOOD30Jan201620PE.NFO,07/01/2020,12:43:04,22.75,23.45,2500,23.9,500,0,25500
JUBLFOOD30Jan201620PE.NFO,07/01/2020,12:43:07,22.75,23.4,2500,23.9,500,0,25500
JUBLFOOD30Jan201620PE.NFO,07/01/2020,12:43:16,22.75,23.2,2500,23.7,500,0,25500
JUBLFOOD30Jan201620PE.NFO,07/01/2020,12:43:20,22.75,23.25,2500,23.7,500,0,25500
JUBLFOOD30Jan201620PE.NFO,07/01/2020,12:43:47,22.75,23.05,2500,23.5,500,0,25500
JUBLFOOD30Jan201620PE.NFO,07/01/2020,12:43:51,22.75,23.1,2500,23.5,500,0,25500
JUBLFOOD30Jan201620PE.NFO,07/01/2020,12:43:56,22.75,23.2,2500,23.6,500,0,25500
JUBLFOOD30Jan201620PE.NFO,07/01/2020,12:43:58,22.75,23.25,2500,23.6,500,0,25500
JUBLFOOD30Jan201620PE.NFO,07/01/2020,12:44:02,22.75,23.25,2500,23.7,500,0,25500
JUBLFOOD30Jan201620PE.NFO,07/01/2020,12:44:04,22.75,23.3,2500,23.7,500,0,25500
JUBLFOOD30Jan201620PE.NFO,07/01/2020,12:44:06,22.75,23.25,2500,23.7,500,0,25500
JUBLFOOD30Jan201620PE.NFO,07/01/2020,12:44:15,22.75,23.2,2500,23.6,500,0,25500
JUBLFOOD30Jan201620PE.NFO,07/01/2020,12:44:18,22.75,23.15,2500,23.6,500,0,25500
JUBLFOOD30Jan201620PE.NFO,07/01/2020,12:44:26,22.75,23.2,2500,23.6,500,0,25500
JUBLFOOD30Jan201620PE.NFO,07/01/2020,12:44:30,22.75,23.1,2500,23.6,500,0,25500
JUBLFOOD30Jan201620PE.NFO,07/01/2020,12:44:37,22.75,22.75,500,23.6,500,0,25500
JUBLFOOD30Jan201620PE.NFO,07/01/2020,12:44:40,22.75,22.75,500,23.65,500,0,25500
JUBLFOOD30Jan201620PE.NFO,07/01/2020,12:45:16,22.75,22.75,500,23.55,500,0,25500
JUBLFOOD30Jan201620PE.NFO,07/01/2020,12:45:56,22.75,22.7,1000,23.4,500,0,25500
JUBLFOOD30Jan201620PE.NFO,07/01/2020,12:46:01,22.75,22.7,1000,23.35,500,0,25500
JUBLFOOD30Jan201620PE.NFO,07/01/2020,12:46:16,22.75,22.7,1000,23.4,500,0,25500
JUBLFOOD30Jan201620PE.NFO,07/01/2020,12:46:21,22.75,22.7,1000,23.3,500,0,25500
JUBLFOOD30Jan201620PE.NFO,07/01/2020,12:46:55,22.75,22.7,1000,23.4,500,0,25500
JUBLFOOD30Jan201620PE.NFO,07/01/2020,12:47:05,22.75,22.7,1000,23.3,500,0,25500
JUBLFOOD30Jan201620PE.NFO,07/01/2020,12:47:12,22.75,22.7,1000,23.35,500,0,25500
JUBLFOOD30Jan201620PE.NFO,07/01/2020,12:47:52,22.75,22.7,1000,23.2,500,0,25500
JUBLFOOD30Jan201620PE.NFO,07/01/2020,12:47:56,22.75,22.7,1000,23.3,500,0,25500
JUBLFOOD30Jan201620PE.NFO,07/01/2020,12:48:00,22.75,22.7,1000,23.35,500,0,25500
JUBLFOOD30Jan201620PE.NFO,07/01/2020,12:48:05,22.75,22.7,1000,23.25,500,0,25500
JUBLFOOD30Jan201620PE.NFO,07/01/2020,12:48:48,22.75,22.7,1000,23.45,1000,0,25500
JUBLFOOD30Jan201620PE.NFO,07/01/2020,12:48:52,22.75,22.7,1000,23.45,1500,0,25500
JUBLFOOD30Jan201620PE.NFO,07/01/2020,12:49:00,22.75,22.7,1000,23.45,1000,0,25500
JUBLFOOD30Jan201620PE.NFO,07/01/2020,12:49:10,22.75,22.7,1000,23.45,1500,0,25500
JUBLFOOD30Jan201620PE.NFO,07/01/2020,12:49:15,22.75,22.7,1000,23.45,1000,0,25500
JUBLFOOD30Jan201620PE.NFO,07/01/2020,12:49:34,22.75,22.7,1500,23.55,500,0,25500
JUBLFOOD30Jan201620PE.NFO,07/01/2020,12:50:15,22.75,22.7,1000,23.35,500,0,25500
JUBLFOOD30Jan201620PE.NFO,07/01/2020,12:50:18,22.75,22.7,1500,23.5,500,0,25500
JUBLFOOD30Jan201620PE.NFO,07/01/2020,12:50:38,22.75,22.75,500,23.5,500,0,25500
JUBLFOOD30Jan201620PE.NFO,07/01/2020,12:51:08,22.75,22.7,1000,23.3,500,0,25500
JUBLFOOD30Jan201620PE.NFO,07/01/2020,12:51:11,22.75,22.7,1000,23.4,500,0,25500
JUBLFOOD30Jan201620PE.NFO,07/01/2020,12:51:19,22.75,22.7,1000,23.45,500,0,25500
JUBLFOOD30Jan201620PE.NFO,07/01/2020,12:51:24,22.75,22.75,500,23.4,500,0,25500
JUBLFOOD30Jan201620PE.NFO,07/01/2020,12:51:26,22.75,22.7,1000,23.4,500,0,25500
JUBLFOOD30Jan201620PE.NFO,07/01/2020,12:51:30,22.75,22.7,1000,23.3,500,0,25500
JUBLFOOD30Jan201620PE.NFO,07/01/2020,12:51:36,22.75,22.7,1000,23.35,500,0,25500
JUBLFOOD30Jan201620PE.NFO,07/01/2020,12:51:39,22.75,22.7,1000,23.25,500,0,25500
JUBLFOOD30Jan201620PE.NFO,07/01/2020,12:51:45,22.75,22.7,1000,23.4,1000,0,25500
JUBLFOOD30Jan201620PE.NFO,07/01/2020,12:52:07,22.75,22.7,2500,23.4,500,0,25500
JUBLFOOD30Jan201620PE.NFO,07/01/2020,12:52:11,22.75,22.7,1000,23.3,500,0,25500
JUBLFOOD30Jan201620PE.NFO,07/01/2020,12:52:30,22.75,22.75,1500,23.4,500,0,25500
JUBLFOOD30Jan201620PE.NFO,07/01/2020,12:52:32,22.75,22.75,1500,23.45,500,0,25500
JUBLFOOD30Jan201620PE.NFO,07/01/2020,12:52:40,22.75,22.75,1500,23.4,500,0,25500
JUBLFOOD30Jan201620PE.NFO,07/01/2020,12:52:44,22.75,22.75,1500,23.65,1000,0,25500
JUBLFOOD30Jan201620PE.NFO,07/01/2020,12:52:48,22.75,22.75,2000,23.65,1000,0,25500
JUBLFOOD30Jan201620PE.NFO,07/01/2020,12:52:55,22.75,22.75,1500,23.65,1000,0,25500
JUBLFOOD30Jan201620PE.NFO,07/01/2020,12:52:58,22.75,22.75,2000,23.65,1000,0,25500
JUBLFOOD30Jan201620PE.NFO,07/01/2020,12:53:02,22.75,22.7,3000,23.65,1500,0,25500
JUBLFOOD30Jan201620PE.NFO,07/01/2020,12:53:19,22.75,22.7,3000,23.65,1000,0,25500
JUBLFOOD30Jan201620PE.NFO,07/01/2020,12:53:23,22.75,22.8,2000,23.65,1000,0,25500
JUBLFOOD30Jan201620PE.NFO,07/01/2020,12:53:29,22.75,22.7,3000,23.65,1500,0,25500
JUBLFOOD30Jan201620PE.NFO,07/01/2020,12:53:38,22.75,22.7,1000,23.65,1500,0,25500
JUBLFOOD30Jan201620PE.NFO,07/01/2020,12:53:43,22.75,22.7,3000,23.65,1500,0,25500
JUBLFOOD30Jan201620PE.NFO,07/01/2020,12:53:57,22.75,22.8,2000,23.65,500,0,25500
JUBLFOOD30Jan201620PE.NFO,07/01/2020,12:54:01,22.75,22.8,2000,23.55,500,0,25500
JUBLFOOD30Jan201620PE.NFO,07/01/2020,12:54:08,22.75,22.7,3000,23.5,500,0,25500
JUBLFOOD30Jan201620PE.NFO,07/01/2020,12:54:11,22.75,22.7,3000,23.55,500,0,25500
JUBLFOOD30Jan201620PE.NFO,07/01/2020,12:54:15,22.75,22.8,2000,23.7,500,0,25500
JUBLFOOD30Jan201620PE.NFO,07/01/2020,12:54:49,22.75,22.75,2500,23.55,500,0,25500
JUBLFOOD30Jan201620PE.NFO,07/01/2020,12:55:06,22.75,22.75,2000,23.55,500,0,25500
JUBLFOOD30Jan201620PE.NFO,07/01/2020,12:55:16,22.75,22.75,2000,23.5,500,0,25500
JUBLFOOD30Jan201620PE.NFO,07/01/2020,12:55:20,22.75,22.75,2000,23.55,500,0,25500
JUBLFOOD30Jan201620PE.NFO,07/01/2020,12:55:28,22.75,22.75,2500,23.55,500,0,25500
JUBLFOOD30Jan201620PE.NFO,07/01/2020,12:56:36,22.75,22.75,2500,23.6,500,0,25500
JUBLFOOD30Jan201620PE.NFO,07/01/2020,12:56:39,22.75,22.75,2500,23.55,500,0,25500
JUBLFOOD30Jan201620PE.NFO,07/01/2020,12:56:50,22.75,22.75,3500,23.65,500,0,25500
JUBLFOOD30Jan201620PE.NFO,07/01/2020,12:56:54,22.75,22.75,3500,23.75,500,0,25500
JUBLFOOD30Jan201620PE.NFO,07/01/2020,12:56:57,22.75,22.75,3500,23.85,500,0,25500
JUBLFOOD30Jan201620PE.NFO,07/01/2020,12:57:03,22.75,22.75,3500,23.95,500,0,25500
JUBLFOOD30Jan201620PE.NFO,07/01/2020,12:57:06,22.75,22.85,500,23.95,500,0,25500
JUBLFOOD30Jan201620PE.NFO,07/01/2020,12:57:10,22.75,23.05,1000,24.05,500,0,25500
JUBLFOOD30Jan201620PE.NFO,07/01/2020,12:57:18,22.75,23.05,3000,24.05,500,0,25500
JUBLFOOD30Jan201620PE.NFO,07/01/2020,12:57:22,22.75,23.05,3000,24.15,500,0,25500
JUBLFOOD30Jan201620PE.NFO,07/01/2020,12:57:27,22.75,23.05,3000,24.7,1500,0,25500
JUBLFOOD30Jan201620PE.NFO,07/01/2020,12:57:35,22.75,23.05,3000,24.7,1000,0,25500
JUBLFOOD30Jan201620PE.NFO,07/01/2020,12:57:40,22.75,23.05,3000,24.7,1500,0,25500
JUBLFOOD30Jan201620PE.NFO,07/01/2020,12:58:09,22.75,23.05,3500,24.7,1500,0,25500
JUBLFOOD30Jan201620PE.NFO,07/01/2020,13:00:17,22.75,23.05,3500,24.7,1000,0,25500
JUBLFOOD30Jan201620PE.NFO,07/01/2020,13:01:08,22.75,23.85,500,25.15,1000,0,25500
JUBLFOOD30Jan201620PE.NFO,07/01/2020,13:01:16,22.75,24.05,3000,25.3,500,0,25500
JUBLFOOD30Jan201620PE.NFO,07/01/2020,13:01:29,22.75,24.05,2000,25.3,1000,0,25500
JUBLFOOD30Jan201620PE.NFO,07/01/2020,13:01:36,22.75,25,500,25.45,1000,0,25500
JUBLFOOD30Jan201620PE.NFO,07/01/2020,13:01:47,22.75,25,500,25.4,500,0,25500
JUBLFOOD30Jan201620PE.NFO,07/01/2020,13:01:58,25,23.8,2000,24.95,500,500,25500
JUBLFOOD30Jan201620PE.NFO,07/01/2020,13:01:58,25,23.8,2000,24.95,500,0,25500
JUBLFOOD30Jan201620PE.NFO,07/01/2020,13:02:05,25,23.8,2000,24.9,500,0,25500
JUBLFOOD30Jan201620PE.NFO,07/01/2020,13:02:38,25,23.8,2500,25,500,0,25500
JUBLFOOD30Jan201620PE.NFO,07/01/2020,13:02:52,25,23.8,2000,24.85,500,0,25500
JUBLFOOD30Jan201620PE.NFO,07/01/2020,13:02:56,25,23.8,2000,24.95,500,0,25500
JUBLFOOD30Jan201620PE.NFO,07/01/2020,13:03:17,25,23.8,2000,24.85,500,0,25500
JUBLFOOD30Jan201620PE.NFO,07/01/2020,13:03:36,25,23.8,2000,25,1000,0,25500
JUBLFOOD30Jan201620PE.NFO,07/01/2020,13:04:32,25,23.8,2500,25,1000,0,25500
JUBLFOOD30Jan201620PE.NFO,07/01/2020,13:04:37,25,23.8,2000,25,1000,0,25500
JUBLFOOD30Jan201620PE.NFO,07/01/2020,13:04:46,25,23.8,2500,25.3,1500,0,25500
JUBLFOOD30Jan201620PE.NFO,07/01/2020,13:05:00,25,23.8,500,25.3,1500,0,25500
JUBLFOOD30Jan201620PE.NFO,07/01/2020,13:05:07,25,23.8,2500,25.3,1500,0,25500
JUBLFOOD30Jan201620PE.NFO,07/01/2020,13:05:38,25,23.8,2000,25.3,1500,0,25500
JUBLFOOD30Jan201620PE.NFO,07/01/2020,13:05:44,25,23.9,3500,25.3,1500,0,25500
JUBLFOOD30Jan201620PE.NFO,07/01/2020,13:05:49,25,24.05,2000,25.3,1500,0,25500
JUBLFOOD30Jan201620PE.NFO,07/01/2020,13:05:55,25,23.95,2000,25.3,1500,0,25500
JUBLFOOD30Jan201620PE.NFO,07/01/2020,13:06:19,25,24.05,2000,25.3,1500,0,25500
JUBLFOOD30Jan201620PE.NFO,07/01/2020,13:06:44,25,24.05,2500,25.3,1500,0,25500
JUBLFOOD30Jan201620PE.NFO,07/01/2020,13:06:59,25,24.05,2500,25.3,1000,0,25500
JUBLFOOD30Jan201620PE.NFO,07/01/2020,13:07:09,25,24.05,2500,25.3,1500,0,25500
JUBLFOOD30Jan201620PE.NFO,07/01/2020,13:07:29,25,24.05,2500,25.2,500,0,25500
JUBLFOOD30Jan201620PE.NFO,07/01/2020,13:07:39,25,24.2,500,25.45,1000,0,25500
JUBLFOOD30Jan201620PE.NFO,07/01/2020,13:07:44,25,24.25,2500,25.45,1000,0,25500
JUBLFOOD30Jan201620PE.NFO,07/01/2020,13:07:50,25,24.25,3000,25.45,1000,0,25500
