Ticker,Date,Time,LTP,BuyPrice,BuyQty,SellPrice,SellQty,LTQ,OpenInterest
JUBLFOOD30Jan201900CE.NFO,07/01/2020,09:57:55,4,4,500,4.5,500,500,22000
JUBLFOOD30Jan201900CE.NFO,07/01/2020,09:57:55,4,4,500,4.5,500,0,22000
JUBLFOOD30Jan201900CE.NFO,07/01/2020,09:57:55,4,4,500,4.5,500,0,22000
JUBLFOOD30Jan201900CE.NFO,07/01/2020,09:57:55,4,4,500,4.5,500,0,22000
JUBLFOOD30Jan201900CE.NFO,07/01/2020,09:58:00,4,2.7,500,4.45,500,0,22000
JUBLFOOD30Jan201900CE.NFO,07/01/2020,10:04:14,4,2.8,1500,4.45,500,0,22000
JUBLFOOD30Jan201900CE.NFO,07/01/2020,10:04:50,4,2.8,1500,4.1,500,0,22000
JUBLFOOD30Jan201900CE.NFO,07/01/2020,10:05:21,4,2.8,1500,4.05,500,0,22000
JUBLFOOD30Jan201900CE.NFO,07/01/2020,10:12:52,4,2.8,1500,4,500,0,22000
JUBLFOOD30Jan201900CE.NFO,07/01/2020,10:12:57,4,3.05,500,3.95,500,0,22000
JUBLFOOD30Jan201900CE.NFO,07/01/2020,10:13:03,4,3.1,1000,3.9,500,0,22000
JUBLFOOD30Jan201900CE.NFO,07/01/2020,10:13:29,4,3.15,500,3.9,500,0,22000
JUBLFOOD30Jan201900CE.NFO,07/01/2020,10:13:33,4,3.2,1000,3.9,500,0,22000
JUBLFOOD30Jan201900CE.NFO,07/01/2020,10:13:53,4,3.2,1000,4.25,500,0,22000
JUBLFOOD30Jan201900CE.NFO,07/01/2020,10:13:58,4,3.2,1000,4,500,0,22000
JUBLFOOD30Jan201900CE.NFO,07/01/2020,10:14:02,4,3.05,1000,3.95,500,0,22000
JUBLFOOD30Jan201900CE.NFO,07/01/2020,10:14:07,4,3.15,1000,3.95,500,0,22000
JUBLFOOD30Jan201900CE.NFO,07/01/2020,10:14:12,4,3.25,500,3.95,500,0,22000
JUBLFOOD30Jan201900CE.NFO,07/01/2020,10:14:17,4,3.3,500,3.95,500,0,22000
JUBLFOOD30Jan201900CE.NFO,07/01/2020,10:14:23,4,3.35,1000,3.95,500,0,22000
JUBLFOOD30Jan201900CE.NFO,07/01/2020,10:15:28,4,3.3,1500,3.95,500,0,22000
JUBLFOOD30Jan201900CE.NFO,07/01/2020,10:16:13,4,3.35,500,3.95,500,0,22000
JUBLFOOD30Jan201900CE.NFO,07/01/2020,10:19:11,3.95,3.35,500,4,500,500,22500
JUBLFOOD30Jan201900CE.NFO,07/01/2020,10:19:11,3.95,3.35,500,4,500,0,22500
JUBLFOOD30Jan201900CE.NFO,07/01/2020,10:19:16,3.5,3.35,500,4,500,500,22500
JUBLFOOD30Jan201900CE.NFO,07/01/2020,10:19:16,3.5,3.35,500,4,500,0,22500
JUBLFOOD30Jan201900CE.NFO,07/01/2020,10:19:30,4,3.35,500,4.5,500,500,22500
JUBLFOOD30Jan201900CE.NFO,07/01/2020,10:19:40,4,3.35,500,4.5,500,0,22500
JUBLFOOD30Jan201900CE.NFO,07/01/2020,10:19:47,4,3.5,500,4.5,500,0,22500
JUBLFOOD30Jan201900CE.NFO,07/01/2020,10:20:47,4,3.55,500,4.5,500,0,22500
JUBLFOOD30Jan201900CE.NFO,07/01/2020,10:23:08,4,3.55,500,4.4,500,0,22500
JUBLFOOD30Jan201900CE.NFO,07/01/2020,10:23:24,4,3.55,500,4.5,500,0,22500
JUBLFOOD30Jan201900CE.NFO,07/01/2020,10:26:58,4,3.65,500,4.5,500,0,22500
JUBLFOOD30Jan201900CE.NFO,07/01/2020,10:32:14,4,3.8,500,4.5,500,0,22500
JUBLFOOD30Jan201900CE.NFO,07/01/2020,10:37:49,4,3.8,500,5.3,500,0,22500
JUBLFOOD30Jan201900CE.NFO,07/01/2020,10:39:36,4,3.8,500,5,500,0,22500
JUBLFOOD30Jan201900CE.NFO,07/01/2020,10:44:55,4,3.8,500,5,1000,0,22500
JUBLFOOD30Jan201900CE.NFO,07/01/2020,10:51:16,4,3.8,500,4.5,500,0,22500
JUBLFOOD30Jan201900CE.NFO,07/01/2020,10:51:24,4,3.65,500,4.5,500,0,22500
JUBLFOOD30Jan201900CE.NFO,07/01/2020,10:54:02,4,3.6,500,4.5,500,0,22500
JUBLFOOD30Jan201900CE.NFO,07/01/2020,10:54:17,4,3.65,500,4.5,500,0,22500
JUBLFOOD30Jan201900CE.NFO,07/01/2020,10:55:42,4,3.6,500,4,500,0,22500
JUBLFOOD30Jan201900CE.NFO,07/01/2020,10:58:41,4,3.65,500,4,500,0,22500
JUBLFOOD30Jan201900CE.NFO,07/01/2020,11:03:07,4,3.75,500,4,500,0,22500
JUBLFOOD30Jan201900CE.NFO,07/01/2020,11:03:21,4,3.75,500,5,500,500,23500
JUBLFOOD30Jan201900CE.NFO,07/01/2020,11:03:41,4,4,500,5,500,0,23500
JUBLFOOD30Jan201900CE.NFO,07/01/2020,11:04:56,4,4,500,4.9,500,0,23500
JUBLFOOD30Jan201900CE.NFO,07/01/2020,11:05:37,4,4.05,500,4.9,500,0,23500
JUBLFOOD30Jan201900CE.NFO,07/01/2020,11:20:58,4,4.05,500,5,500,0,23500
JUBLFOOD30Jan201900CE.NFO,07/01/2020,11:23:18,4,4.05,500,4.75,500,0,23500
JUBLFOOD30Jan201900CE.NFO,07/01/2020,11:25:00,4,4.05,500,4.5,500,0,23500
JUBLFOOD30Jan201900CE.NFO,07/01/2020,11:25:34,4,4.05,500,4.5,1000,0,23500
JUBLFOOD30Jan201900CE.NFO,07/01/2020,11:26:14,4,4.1,500,4.5,1000,0,23500
JUBLFOOD30Jan201900CE.NFO,07/01/2020,11:26:21,4,4.15,500,4.5,1000,0,23500
JUBLFOOD30Jan201900CE.NFO,07/01/2020,11:27:44,4,4.05,500,4.5,1000,0,23500
JUBLFOOD30Jan201900CE.NFO,07/01/2020,11:39:20,4,4,1000,4.5,1000,0,23500
JUBLFOOD30Jan201900CE.NFO,07/01/2020,11:39:33,4,4.05,500,4.5,1000,0,23500
JUBLFOOD30Jan201900CE.NFO,07/01/2020,11:39:52,4,4,1000,4.5,1000,0,23500
JUBLFOOD30Jan201900CE.NFO,07/01/2020,11:39:59,4,4.05,500,4.5,1000,0,23500
JUBLFOOD30Jan201900CE.NFO,07/01/2020,11:40:10,4,4,1000,4.5,1000,0,23500
JUBLFOOD30Jan201900CE.NFO,07/01/2020,11:40:15,4,4.05,500,4.5,1000,0,23500
JUBLFOOD30Jan201900CE.NFO,07/01/2020,11:44:56,4,4.05,500,4.25,500,0,23500
JUBLFOOD30Jan201900CE.NFO,07/01/2020,11:47:17,4,4,1000,4.25,500,0,23500
JUBLFOOD30Jan201900CE.NFO,07/01/2020,11:47:40,4,4.05,500,4.25,500,0,23500
JUBLFOOD30Jan201900CE.NFO,07/01/2020,11:47:47,4,4,1000,4.25,500,0,23500
JUBLFOOD30Jan201900CE.NFO,07/01/2020,11:48:03,4,4.05,500,4.25,500,0,23500
JUBLFOOD30Jan201900CE.NFO,07/01/2020,11:48:50,4,4,1000,4.25,500,0,23500
JUBLFOOD30Jan201900CE.NFO,07/01/2020,11:51:20,4,4.05,500,4.25,500,0,23500
JUBLFOOD30Jan201900CE.NFO,07/01/2020,11:52:02,4,4,1000,4.25,500,0,23500
JUBLFOOD30Jan201900CE.NFO,07/01/2020,11:52:20,4,4.05,500,4.25,500,0,23500
JUBLFOOD30Jan201900CE.NFO,07/01/2020,11:52:45,4,4,1000,4.25,500,0,23500
JUBLFOOD30Jan201900CE.NFO,07/01/2020,11:53:15,4,4.05,500,4.25,500,0,23500
JUBLFOOD30Jan201900CE.NFO,07/01/2020,11:53:29,4,4,1000,4.25,500,0,23500
JUBLFOOD30Jan201900CE.NFO,07/01/2020,11:53:44,4,4.05,500,4.25,500,0,23500
JUBLFOOD30Jan201900CE.NFO,07/01/2020,11:55:21,4.25,4.05,500,4.5,500,500,24000
JUBLFOOD30Jan201900CE.NFO,07/01/2020,11:55:21,4.25,4.05,500,4.5,500,0,24000
JUBLFOOD30Jan201900CE.NFO,07/01/2020,11:55:27,4.25,4.05,500,4.5,500,0,24000
JUBLFOOD30Jan201900CE.NFO,07/01/2020,11:57:56,4.25,4,1000,4.5,500,0,24000
JUBLFOOD30Jan201900CE.NFO,07/01/2020,11:57:59,4.25,4.05,500,4.5,500,0,24000
JUBLFOOD30Jan201900CE.NFO,07/01/2020,12:03:57,4.05,4,1000,4.45,500,500,24500
JUBLFOOD30Jan201900CE.NFO,07/01/2020,12:04:00,4,4,500,4.45,500,500,24500
JUBLFOOD30Jan201900CE.NFO,07/01/2020,12:04:02,4,4,500,4.4,1000,0,24500
JUBLFOOD30Jan201900CE.NFO,07/01/2020,12:04:15,4,4,500,4.3,1000,0,24500
JUBLFOOD30Jan201900CE.NFO,07/01/2020,12:05:41,4,4,500,4.2,1000,0,24500
JUBLFOOD30Jan201900CE.NFO,07/01/2020,12:12:59,4,4,500,4.1,1000,0,24500
JUBLFOOD30Jan201900CE.NFO,07/01/2020,12:16:07,3.95,3.9,500,4,1000,1000,25500
JUBLFOOD30Jan201900CE.NFO,07/01/2020,12:16:23,3.9,3.8,500,4,1000,500,25500
JUBLFOOD30Jan201900CE.NFO,07/01/2020,12:16:38,3.9,3.8,1000,4,500,0,25500
JUBLFOOD30Jan201900CE.NFO,07/01/2020,12:16:44,3.9,3.8,1000,3.9,500,0,25500
JUBLFOOD30Jan201900CE.NFO,07/01/2020,12:16:46,3.9,3.8,1000,4,500,0,25500
JUBLFOOD30Jan201900CE.NFO,07/01/2020,12:17:37,3.9,3.8,500,4,500,0,25500
JUBLFOOD30Jan201900CE.NFO,07/01/2020,12:17:39,3.9,3.8,1000,4,500,0,25500
JUBLFOOD30Jan201900CE.NFO,07/01/2020,12:18:31,3.9,3.8,1000,4.05,1000,0,25500
JUBLFOOD30Jan201900CE.NFO,07/01/2020,12:18:34,3.9,3.8,1000,4,1000,0,25500
JUBLFOOD30Jan201900CE.NFO,07/01/2020,12:18:39,3.9,3.8,1000,4,500,0,25500
JUBLFOOD30Jan201900CE.NFO,07/01/2020,12:18:48,3.9,3.8,1000,4.05,500,0,25500
JUBLFOOD30Jan201900CE.NFO,07/01/2020,12:19:15,3.9,3.8,1000,4.1,1000,0,25500
JUBLFOOD30Jan201900CE.NFO,07/01/2020,12:19:19,3.9,3.8,1000,4.1,500,0,25500
JUBLFOOD30Jan201900CE.NFO,07/01/2020,12:19:28,3.9,3.8,1000,4.15,500,0,25500
JUBLFOOD30Jan201900CE.NFO,07/01/2020,12:20:50,3.9,3.8,1000,4.1,1500,0,25500
JUBLFOOD30Jan201900CE.NFO,07/01/2020,12:20:54,3.9,3.8,1000,4.1,1000,0,25500
JUBLFOOD30Jan201900CE.NFO,07/01/2020,12:22:38,3.9,3.8,1000,4.1,500,500,25500
JUBLFOOD30Jan201900CE.NFO,07/01/2020,12:22:57,3.9,3.8,1000,4.1,500,0,25500
JUBLFOOD30Jan201900CE.NFO,07/01/2020,12:23:15,3.9,3.8,1000,4.1,1000,0,25500
JUBLFOOD30Jan201900CE.NFO,07/01/2020,12:23:34,4.1,3.85,1000,4.1,500,500,25500
JUBLFOOD30Jan201900CE.NFO,07/01/2020,12:23:48,4.1,3.85,500,4.1,500,0,25500
JUBLFOOD30Jan201900CE.NFO,07/01/2020,12:24:46,4.1,3.85,500,4.15,500,500,25000
JUBLFOOD30Jan201900CE.NFO,07/01/2020,12:24:50,4.1,3.85,500,4.15,500,0,25000
JUBLFOOD30Jan201900CE.NFO,07/01/2020,12:29:28,4.1,3.85,500,4.2,1000,0,25500
JUBLFOOD30Jan201900CE.NFO,07/01/2020,12:30:17,4.1,3.85,500,4.2,500,0,25500
JUBLFOOD30Jan201900CE.NFO,07/01/2020,12:30:54,4.1,3.95,1000,4.2,500,0,25500
JUBLFOOD30Jan201900CE.NFO,07/01/2020,12:30:58,4.1,3.95,500,4.2,500,0,25500
JUBLFOOD30Jan201900CE.NFO,07/01/2020,12:31:11,4.1,3.9,500,4.2,500,0,25500
JUBLFOOD30Jan201900CE.NFO,07/01/2020,12:31:26,4.1,3.85,500,4.2,500,0,25500
JUBLFOOD30Jan201900CE.NFO,07/01/2020,12:31:37,4.1,3.85,1000,4.2,500,0,25500
JUBLFOOD30Jan201900CE.NFO,07/01/2020,12:31:48,4.1,3.85,500,4.2,500,0,25500
JUBLFOOD30Jan201900CE.NFO,07/01/2020,12:32:12,4.1,3.85,1000,4.2,500,0,25500
JUBLFOOD30Jan201900CE.NFO,07/01/2020,12:32:15,4.1,3.85,500,4.2,500,0,25500
JUBLFOOD30Jan201900CE.NFO,07/01/2020,12:35:20,4.1,3.8,500,4.2,500,0,25500
JUBLFOOD30Jan201900CE.NFO,07/01/2020,12:37:32,4.1,3.8,1000,4.2,500,0,25500
JUBLFOOD30Jan201900CE.NFO,07/01/2020,12:37:51,4.1,3.8,500,4.2,500,0,25500
JUBLFOOD30Jan201900CE.NFO,07/01/2020,12:37:53,4.1,3.8,1000,4.2,500,0,25500
JUBLFOOD30Jan201900CE.NFO,07/01/2020,12:37:57,4.1,3.8,500,4.2,500,0,25500
JUBLFOOD30Jan201900CE.NFO,07/01/2020,12:38:06,4.1,3.8,1000,4.2,500,0,25500
JUBLFOOD30Jan201900CE.NFO,07/01/2020,12:38:15,4.1,3.8,500,4.2,500,0,25500
JUBLFOOD30Jan201900CE.NFO,07/01/2020,12:42:14,4.1,3.75,500,4.2,500,0,25500
JUBLFOOD30Jan201900CE.NFO,07/01/2020,12:56:57,4.1,3.7,500,4.2,500,0,25500
JUBLFOOD30Jan201900CE.NFO,07/01/2020,12:57:07,4.1,3.65,500,4.2,500,0,25500
JUBLFOOD30Jan201900CE.NFO,07/01/2020,12:57:27,4.1,3.6,1000,4.2,500,0,25500
JUBLFOOD30Jan201900CE.NFO,07/01/2020,13:01:08,4.1,3.55,500,4.2,500,0,25500
JUBLFOOD30Jan201900CE.NFO,07/01/2020,13:01:16,4.1,3.5,1500,4.2,500,0,25500
JUBLFOOD30Jan201900CE.NFO,07/01/2020,13:01:29,4.1,3.6,500,4.2,500,0,25500
JUBLFOOD30Jan201900CE.NFO,07/01/2020,13:01:52,4.1,3.65,1000,4.2,500,0,25500
JUBLFOOD30Jan201900CE.NFO,07/01/2020,13:02:27,4.1,3.65,500,4.2,500,0,25500
JUBLFOOD30Jan201900CE.NFO,07/01/2020,13:02:33,4.1,3.65,1000,4.2,500,0,25500
JUBLFOOD30Jan201900CE.NFO,07/01/2020,13:02:38,4.1,3.65,500,4.2,500,0,25500
JUBLFOOD30Jan201900CE.NFO,07/01/2020,13:02:52,4.1,3.65,1000,4.2,500,0,25500
JUBLFOOD30Jan201900CE.NFO,07/01/2020,13:03:05,4.1,3.65,500,4.2,500,0,25500
JUBLFOOD30Jan201900CE.NFO,07/01/2020,13:03:17,4.1,3.65,1000,4.2,500,0,25500
JUBLFOOD30Jan201900CE.NFO,07/01/2020,13:04:46,4.1,3.65,500,4.2,500,0,25500
JUBLFOOD30Jan201900CE.NFO,07/01/2020,13:05:15,4.1,3.65,1000,4.2,500,0,25500
JUBLFOOD30Jan201900CE.NFO,07/01/2020,13:05:44,4.1,3.65,500,4.2,500,0,25500
JUBLFOOD30Jan201900CE.NFO,07/01/2020,13:05:55,4.1,3.65,1000,4.2,500,0,25500
JUBLFOOD30Jan201900CE.NFO,07/01/2020,13:06:19,4.1,3.65,500,4.2,500,0,25500
JUBLFOOD30Jan201900CE.NFO,07/01/2020,13:06:48,4.1,3.65,1000,4.2,500,0,25500
JUBLFOOD30Jan201900CE.NFO,07/01/2020,13:06:59,4.1,3.65,500,4.2,500,0,25500
JUBLFOOD30Jan201900CE.NFO,07/01/2020,13:08:20,4.1,3.6,500,4.2,500,0,25500
JUBLFOOD30Jan201900CE.NFO,07/01/2020,13:17:49,4.1,3.55,500,4.2,500,0,25500
JUBLFOOD30Jan201900CE.NFO,07/01/2020,13:23:29,4.1,3.55,1000,4.2,500,0,25500
JUBLFOOD30Jan201900CE.NFO,07/01/2020,13:23:34,4.1,3.55,500,4.2,500,0,25500
JUBLFOOD30Jan201900CE.NFO,07/01/2020,13:24:15,4.1,3.55,1000,4.2,500,0,25500
JUBLFOOD30Jan201900CE.NFO,07/01/2020,13:24:37,4.1,3.55,500,4.2,500,0,25500
JUBLFOOD30Jan201900CE.NFO,07/01/2020,13:24:58,4.1,3.55,1000,4.2,500,0,25500
JUBLFOOD30Jan201900CE.NFO,07/01/2020,13:25:03,4.1,3.55,500,4.2,500,0,25500
JUBLFOOD30Jan201900CE.NFO,07/01/2020,13:25:09,4.1,3.55,1000,4.2,500,0,25500
JUBLFOOD30Jan201900CE.NFO,07/01/2020,13:33:48,4.1,3.55,1000,4.2,1000,0,25500
JUBLFOOD30Jan201900CE.NFO,07/01/2020,13:34:03,4.1,3.55,1000,4.05,1000,0,25500
JUBLFOOD30Jan201900CE.NFO,07/01/2020,13:36:47,4.1,3.6,500,4.05,1000,0,25500
JUBLFOOD30Jan201900CE.NFO,07/01/2020,13:36:52,4.1,3.6,1000,4.05,1000,0,25500
JUBLFOOD30Jan201900CE.NFO,07/01/2020,13:37:19,4.1,3.6,500,4.05,1000,0,25500
JUBLFOOD30Jan201900CE.NFO,07/01/2020,13:37:29,4.1,3.6,1000,4.05,1000,0,25500
JUBLFOOD30Jan201900CE.NFO,07/01/2020,13:39:13,4.1,3.6,500,4.05,1000,0,25500
JUBLFOOD30Jan201900CE.NFO,07/01/2020,13:39:17,4.1,3.6,1000,4.05,1000,0,25500
JUBLFOOD30Jan201900CE.NFO,07/01/2020,13:39:25,4.1,3.6,500,4.05,1000,0,25500
JUBLFOOD30Jan201900CE.NFO,07/01/2020,13:39:33,4.1,3.6,1000,4.05,1000,0,25500
JUBLFOOD30Jan201900CE.NFO,07/01/2020,13:39:38,4.1,3.6,500,4.05,1000,0,25500
JUBLFOOD30Jan201900CE.NFO,07/01/2020,13:40:03,4.1,3.6,1000,4.05,1000,0,25500
JUBLFOOD30Jan201900CE.NFO,07/01/2020,13:40:07,4.1,3.6,500,4.05,1000,0,25500
JUBLFOOD30Jan201900CE.NFO,07/01/2020,13:40:22,4.1,3.6,1000,4.05,1000,0,25500
JUBLFOOD30Jan201900CE.NFO,07/01/2020,13:41:02,4.1,3.6,500,4.05,1000,0,25500
JUBLFOOD30Jan201900CE.NFO,07/01/2020,13:41:06,4.1,3.6,1000,4.05,1000,0,25500
JUBLFOOD30Jan201900CE.NFO,07/01/2020,13:41:10,4.1,3.6,500,4.05,1000,0,25500
JUBLFOOD30Jan201900CE.NFO,07/01/2020,13:41:35,4.1,3.6,1000,4.05,1000,0,25500
JUBLFOOD30Jan201900CE.NFO,07/01/2020,13:41:47,4.1,3.6,500,4.05,1000,0,25500
JUBLFOOD30Jan201900CE.NFO,07/01/2020,13:42:07,4.1,3.6,1000,4.05,1000,0,25500
JUBLFOOD30Jan201900CE.NFO,07/01/2020,13:42:24,4.1,3.6,500,4.05,1000,0,25500
JUBLFOOD30Jan201900CE.NFO,07/01/2020,13:42:30,4.1,3.6,1000,4.05,1000,0,25500
JUBLFOOD30Jan201900CE.NFO,07/01/2020,13:42:36,4.1,3.6,500,4.05,1000,0,25500
JUBLFOOD30Jan201900CE.NFO,07/01/2020,13:44:33,4.1,3.6,1000,4.05,1000,0,25500
JUBLFOOD30Jan201900CE.NFO,07/01/2020,13:44:37,4.1,3.6,500,4.05,1000,0,25500
JUBLFOOD30Jan201900CE.NFO,07/01/2020,13:45:46,4.1,3.6,1000,4.05,1000,0,25500
JUBLFOOD30Jan201900CE.NFO,07/01/2020,13:50:32,4.1,3.6,500,4.05,1000,0,25500
JUBLFOOD30Jan201900CE.NFO,07/01/2020,13:53:02,4.1,3.55,500,4.05,1000,0,25500
JUBLFOOD30Jan201900CE.NFO,07/01/2020,13:53:17,4.1,3.55,1000,4.05,1000,0,25500
JUBLFOOD30Jan201900CE.NFO,07/01/2020,13:53:22,4.1,3.55,500,4.05,1000,0,25500
JUBLFOOD30Jan201900CE.NFO,07/01/2020,13:53:26,4.1,3.55,1000,4.05,1000,0,25500
JUBLFOOD30Jan201900CE.NFO,07/01/2020,13:53:43,4.1,3.55,500,4.05,1000,0,25500
JUBLFOOD30Jan201900CE.NFO,07/01/2020,13:54:10,4.1,3.55,1000,4.05,1000,0,25500
JUBLFOOD30Jan201900CE.NFO,07/01/2020,13:54:22,4.1,3.55,500,4.05,1000,0,25500
JUBLFOOD30Jan201900CE.NFO,07/01/2020,13:55:09,4.1,3.55,1000,4.05,1000,0,25500
JUBLFOOD30Jan201900CE.NFO,07/01/2020,13:55:15,4.1,3.55,500,4.05,1000,0,25500
JUBLFOOD30Jan201900CE.NFO,07/01/2020,13:55:26,4.1,3.55,1000,4.05,1000,0,25500
JUBLFOOD30Jan201900CE.NFO,07/01/2020,13:55:44,4.1,3.55,500,4.05,1000,0,25500
JUBLFOOD30Jan201900CE.NFO,07/01/2020,13:55:48,4.1,3.55,1000,4.05,1000,0,25500
JUBLFOOD30Jan201900CE.NFO,07/01/2020,13:55:57,4.1,3.55,500,4.05,1000,0,25500
JUBLFOOD30Jan201900CE.NFO,07/01/2020,13:58:13,4.1,3.55,1000,4.05,1000,0,25500
JUBLFOOD30Jan201900CE.NFO,07/01/2020,13:58:25,4.1,3.55,500,4.05,1000,0,25500
JUBLFOOD30Jan201900CE.NFO,07/01/2020,13:58:43,4.1,3.55,1000,4.05,1000,0,25500
JUBLFOOD30Jan201900CE.NFO,07/01/2020,13:58:49,4.1,3.55,500,4.05,1000,0,25500
JUBLFOOD30Jan201900CE.NFO,07/01/2020,14:19:02,4.1,3.55,500,3.95,1000,0,25500
JUBLFOOD30Jan201900CE.NFO,07/01/2020,14:19:06,4.1,3.5,500,3.75,1000,0,25500
JUBLFOOD30Jan201900CE.NFO,07/01/2020,14:19:16,4.1,3.5,500,3.65,500,0,25500
JUBLFOOD30Jan201900CE.NFO,07/01/2020,14:19:36,4.1,3.5,500,3.7,1000,0,25500
JUBLFOOD30Jan201900CE.NFO,07/01/2020,14:20:12,3.8,3.65,500,4.45,1000,1500,25000
JUBLFOOD30Jan201900CE.NFO,07/01/2020,14:20:39,3.8,3.65,500,4.35,1000,0,25000
JUBLFOOD30Jan201900CE.NFO,07/01/2020,14:20:43,3.8,3.65,500,4.2,1000,0,25000
JUBLFOOD30Jan201900CE.NFO,07/01/2020,14:20:47,3.8,3.65,500,3.9,1500,0,25000
JUBLFOOD30Jan201900CE.NFO,07/01/2020,14:20:53,3.8,3.65,500,3.9,500,0,25000
JUBLFOOD30Jan201900CE.NFO,07/01/2020,14:21:13,3.8,3.65,500,3.95,1000,0,25000
JUBLFOOD30Jan201900CE.NFO,07/01/2020,14:21:56,3.8,3.65,500,3.95,500,0,25000
JUBLFOOD30Jan201900CE.NFO,07/01/2020,14:22:20,3.95,3.65,500,4,500,500,26500
JUBLFOOD30Jan201900CE.NFO,07/01/2020,14:22:24,3.95,3.65,500,4,500,0,26500
JUBLFOOD30Jan201900CE.NFO,07/01/2020,14:24:24,3.95,3.75,1000,4.05,500,0,26500
JUBLFOOD30Jan201900CE.NFO,07/01/2020,14:25:15,3.95,3.75,500,4.05,500,0,26500
JUBLFOOD30Jan201900CE.NFO,07/01/2020,14:28:52,3.95,3.8,1500,4.05,500,0,26500
JUBLFOOD30Jan201900CE.NFO,07/01/2020,14:29:52,3.95,3.8,1000,4.05,500,0,26500
JUBLFOOD30Jan201900CE.NFO,07/01/2020,14:31:06,3.95,3.8,1000,4.45,1000,0,26500
JUBLFOOD30Jan201900CE.NFO,07/01/2020,14:43:32,3.95,3.8,500,4.45,1000,0,26500
JUBLFOOD30Jan201900CE.NFO,07/01/2020,14:45:14,3.95,3.65,1000,4.45,1000,0,26500
JUBLFOOD30Jan201900CE.NFO,07/01/2020,14:45:48,3.95,3.65,500,4.45,1000,0,26500
JUBLFOOD30Jan201900CE.NFO,07/01/2020,14:46:16,3.95,3.65,1000,4.45,1000,0,26500
JUBLFOOD30Jan201900CE.NFO,07/01/2020,14:47:02,3.95,3.65,500,4.45,1000,0,26500
JUBLFOOD30Jan201900CE.NFO,07/01/2020,14:47:14,3.95,3.65,1000,4.45,1000,0,26500
JUBLFOOD30Jan201900CE.NFO,07/01/2020,14:47:20,3.95,3.65,500,4.45,1000,0,26500
JUBLFOOD30Jan201900CE.NFO,07/01/2020,14:47:32,3.95,3.65,1000,4.45,1000,0,26500
JUBLFOOD30Jan201900CE.NFO,07/01/2020,14:47:37,3.95,3.65,500,4.45,1000,0,26500
JUBLFOOD30Jan201900CE.NFO,07/01/2020,14:47:42,3.95,3.65,1000,4.45,1000,0,26500
JUBLFOOD30Jan201900CE.NFO,07/01/2020,14:47:47,3.95,3.65,500,4.45,1000,0,26500
JUBLFOOD30Jan201900CE.NFO,07/01/2020,14:47:51,3.95,3.65,1000,4.45,1000,0,26500
JUBLFOOD30Jan201900CE.NFO,07/01/2020,14:47:56,3.95,3.65,500,4.45,1000,0,26500
JUBLFOOD30Jan201900CE.NFO,07/01/2020,14:51:27,3.95,3.65,1000,4.45,1000,0,26500
JUBLFOOD30Jan201900CE.NFO,07/01/2020,14:51:32,3.95,3.65,500,4.45,1000,0,26500
JUBLFOOD30Jan201900CE.NFO,07/01/2020,14:52:35,3.95,3.65,1000,4.45,1000,0,26500
JUBLFOOD30Jan201900CE.NFO,07/01/2020,15:14:15,3.95,3.85,500,4.45,1000,0,26500
JUBLFOOD30Jan201900CE.NFO,07/01/2020,15:15:11,3.95,3.9,500,4.45,1000,0,26500
JUBLFOOD30Jan201900CE.NFO,07/01/2020,15:16:16,3.95,3.85,500,4.45,1000,0,26500
JUBLFOOD30Jan201900CE.NFO,07/01/2020,15:18:58,3.95,3.85,1000,4.45,1000,0,26500
JUBLFOOD30Jan201900CE.NFO,07/01/2020,15:19:05,3.95,3.85,500,4.45,1000,0,26500
JUBLFOOD30Jan201900CE.NFO,07/01/2020,15:19:23,3.95,3.85,1000,4.45,1000,0,26500
JUBLFOOD30Jan201900CE.NFO,07/01/2020,15:19:30,3.95,3.85,500,4.45,1000,0,26500
JUBLFOOD30Jan201900CE.NFO,07/01/2020,15:19:36,3.95,3.85,1000,4.45,1000,0,26500
JUBLFOOD30Jan201900CE.NFO,07/01/2020,15:19:48,3.95,3.8,500,4.45,1000,0,26500
JUBLFOOD30Jan201900CE.NFO,07/01/2020,15:20:19,3.95,3.8,1000,4.45,1000,0,26500
JUBLFOOD30Jan201900CE.NFO,07/01/2020,15:20:35,3.95,3.8,500,4.45,1000,0,26500
JUBLFOOD30Jan201900CE.NFO,07/01/2020,15:21:35,3.95,3.8,1000,4.45,1000,0,26500
JUBLFOOD30Jan201900CE.NFO,07/01/2020,15:24:40,3.95,3.9,500,4.45,1000,0,26500
JUBLFOOD30Jan201900CE.NFO,07/01/2020,15:25:07,3.95,3.9,1000,4.45,1000,0,26500
JUBLFOOD30Jan201900CE.NFO,07/01/2020,15:25:17,3.95,3.9,500,4.45,1000,0,26500
JUBLFOOD30Jan201900CE.NFO,07/01/2020,15:25:34,3.95,3.9,1000,4.45,1000,0,26500
JUBLFOOD30Jan201900CE.NFO,07/01/2020,15:25:44,3.95,3.9,500,4.45,1000,0,26500
JUBLFOOD30Jan201900CE.NFO,07/01/2020,15:27:40,3.95,3.75,500,4.15,1000,0,26500
JUBLFOOD30Jan201900CE.NFO,07/01/2020,15:27:54,3.95,3.7,1000,4.15,1000,0,26500
JUBLFOOD30Jan201900CE.NFO,07/01/2020,15:28:16,3.95,3.7,500,4.15,1000,0,26500
JUBLFOOD30Jan201900CE.NFO,07/01/2020,15:28:32,3.95,3.75,500,4.15,1000,0,26500
JUBLFOOD30Jan201900CE.NFO,07/01/2020,15:29:16,3.95,3.75,500,4.15,1500,0,26500
JUBLFOOD30Jan201900CE.NFO,07/01/2020,15:29:29,3.95,3.75,500,4.05,1000,0,26500
JUBLFOOD30Jan201900CE.NFO,07/01/2020,15:29:43,3.95,3.7,500,4.15,500,0,26500
JUBLFOOD30Jan201900CE.NFO,07/01/2020,15:29:57,3.95,3.7,500,4.1,500,0,26500
JUBLFOOD30Jan201900CE.NFO,07/01/2020,15:30:04,3.95,3.7,500,4.2,500,0,26500
