Ticker,Date,Time,LTP,BuyPrice,BuyQty,SellPrice,SellQty,LTQ,OpenInterest
JUBLFOOD30Jan201560PE.NFO,07/01/2020,09:31:25,11,10.6,1000,10.95,1500,500,24000
JUBLFOOD30Jan201560PE.NFO,07/01/2020,09:31:25,11,10.6,1000,10.95,1500,0,24000
JUBLFOOD30Jan201560PE.NFO,07/01/2020,09:31:25,11,10.6,1000,10.95,1500,0,24000
JUBLFOOD30Jan201560PE.NFO,07/01/2020,09:31:25,11,10.6,1000,10.95,1500,0,24000
JUBLFOOD30Jan201560PE.NFO,07/01/2020,09:31:30,11,10.7,1000,10.95,1500,0,24000
JUBLFOOD30Jan201560PE.NFO,07/01/2020,09:31:35,11,10.7,500,10.75,1500,0,24000
JUBLFOOD30Jan201560PE.NFO,07/01/2020,09:31:41,10.7,10.6,500,10.75,1500,500,24000
JUBLFOOD30Jan201560PE.NFO,07/01/2020,09:31:41,10.7,10.6,500,10.75,1500,0,24000
JUBLFOOD30Jan201560PE.NFO,07/01/2020,09:31:47,10.7,10.35,1000,10.65,1500,0,24000
JUBLFOOD30Jan201560PE.NFO,07/01/2020,09:31:52,10.7,10.55,1000,10.65,1500,0,24000
JUBLFOOD30Jan201560PE.NFO,07/01/2020,09:31:57,10.4,10.35,500,10.5,1000,2500,24000
JUBLFOOD30Jan201560PE.NFO,07/01/2020,09:31:57,10.4,10.35,500,10.5,1000,0,24000
JUBLFOOD30Jan201560PE.NFO,07/01/2020,09:32:03,10.4,10.35,500,10.7,500,0,24000
JUBLFOOD30Jan201560PE.NFO,07/01/2020,09:32:14,10.4,10.4,1000,10.7,1000,0,24000
JUBLFOOD30Jan201560PE.NFO,07/01/2020,09:32:27,10.2,10.1,500,10.2,500,500,23000
JUBLFOOD30Jan201560PE.NFO,07/01/2020,09:32:27,10.2,10.1,500,10.2,500,0,23000
JUBLFOOD30Jan201560PE.NFO,07/01/2020,09:32:33,10.1,10.1,1000,12.15,1000,500,23000
JUBLFOOD30Jan201560PE.NFO,07/01/2020,09:32:33,10.1,10.1,1000,12.15,1000,0,23000
JUBLFOOD30Jan201560PE.NFO,07/01/2020,09:32:38,10.1,10.05,500,10.7,1000,0,23000
JUBLFOOD30Jan201560PE.NFO,07/01/2020,09:32:50,10.1,10.15,1000,10.75,500,0,23000
JUBLFOOD30Jan201560PE.NFO,07/01/2020,09:32:55,10.1,10.15,1000,10.8,500,0,23000
JUBLFOOD30Jan201560PE.NFO,07/01/2020,09:33:01,10.1,10.15,500,10.7,1000,0,23000
JUBLFOOD30Jan201560PE.NFO,07/01/2020,09:33:12,10.1,10.1,500,10.7,1000,0,23000
JUBLFOOD30Jan201560PE.NFO,07/01/2020,09:33:18,10.1,10.25,500,10.7,1000,0,23000
JUBLFOOD30Jan201560PE.NFO,07/01/2020,09:33:49,10.1,10.25,1000,10.7,1000,0,23000
JUBLFOOD30Jan201560PE.NFO,07/01/2020,09:33:57,10.1,10.25,1000,10.7,500,0,23000
JUBLFOOD30Jan201560PE.NFO,07/01/2020,09:34:23,10.1,10.25,1000,10.75,500,0,23000
JUBLFOOD30Jan201560PE.NFO,07/01/2020,09:34:29,10.1,10.25,1000,10.8,500,0,23000
JUBLFOOD30Jan201560PE.NFO,07/01/2020,09:34:41,10.1,10.25,500,10.8,500,0,23000
JUBLFOOD30Jan201560PE.NFO,07/01/2020,09:34:46,10.1,10.3,500,10.8,500,0,23000
JUBLFOOD30Jan201560PE.NFO,07/01/2020,09:35:03,10.1,10.25,500,10.8,500,0,23000
JUBLFOOD30Jan201560PE.NFO,07/01/2020,09:35:43,10.1,10.3,1000,10.8,500,0,23000
JUBLFOOD30Jan201560PE.NFO,07/01/2020,09:36:02,10.1,10.3,500,10.8,500,0,23000
JUBLFOOD30Jan201560PE.NFO,07/01/2020,09:36:34,10.1,10.25,1000,10.7,1000,0,23000
JUBLFOOD30Jan201560PE.NFO,07/01/2020,09:36:38,10.1,10.25,1000,10.7,500,0,23000
JUBLFOOD30Jan201560PE.NFO,07/01/2020,09:36:48,10.1,10.25,1000,10.75,500,0,23000
JUBLFOOD30Jan201560PE.NFO,07/01/2020,09:36:52,10.1,10.45,500,11.75,1000,0,23000
JUBLFOOD30Jan201560PE.NFO,07/01/2020,09:36:57,10.1,10.45,500,11.15,1000,0,23000
JUBLFOOD30Jan201560PE.NFO,07/01/2020,09:37:50,10.1,10.45,500,11.15,500,0,23000
JUBLFOOD30Jan201560PE.NFO,07/01/2020,09:39:22,10.1,10.4,500,11.05,1000,0,23000
JUBLFOOD30Jan201560PE.NFO,07/01/2020,09:39:48,10.1,10.35,500,10.95,1000,0,23000
JUBLFOOD30Jan201560PE.NFO,07/01/2020,09:39:52,10.1,10.25,1000,10.95,1000,0,23000
JUBLFOOD30Jan201560PE.NFO,07/01/2020,09:40:04,10.1,10.25,500,10.85,1000,0,23000
JUBLFOOD30Jan201560PE.NFO,07/01/2020,09:40:10,10.1,10.25,500,10.75,1000,0,23000
JUBLFOOD30Jan201560PE.NFO,07/01/2020,09:40:15,10.1,10.3,500,10.75,500,0,23000
JUBLFOOD30Jan201560PE.NFO,07/01/2020,09:40:20,10.1,10.3,500,10.8,500,0,23000
JUBLFOOD30Jan201560PE.NFO,07/01/2020,09:40:25,10.1,10.3,500,10.85,500,0,23000
JUBLFOOD30Jan201560PE.NFO,07/01/2020,09:40:35,10.1,10.55,500,13.95,4500,0,23000
JUBLFOOD30Jan201560PE.NFO,07/01/2020,09:40:40,10.1,10.3,1000,11.75,1000,0,23000
JUBLFOOD30Jan201560PE.NFO,07/01/2020,09:40:45,10.1,10.3,1000,11.65,1000,0,23000
JUBLFOOD30Jan201560PE.NFO,07/01/2020,09:40:49,10.1,10.3,1000,11.55,1000,0,23000
JUBLFOOD30Jan201560PE.NFO,07/01/2020,09:41:38,10.1,10.3,1000,11.45,1000,0,23000
JUBLFOOD30Jan201560PE.NFO,07/01/2020,09:41:53,10.1,10.3,1000,11.35,1000,0,23000
JUBLFOOD30Jan201560PE.NFO,07/01/2020,09:42:06,10.1,10.3,1500,11.25,1000,0,23000
JUBLFOOD30Jan201560PE.NFO,07/01/2020,09:42:19,10.1,10.3,1000,11.25,1000,0,23000
JUBLFOOD30Jan201560PE.NFO,07/01/2020,09:44:09,10.1,10.3,1000,11.15,1000,0,23000
JUBLFOOD30Jan201560PE.NFO,07/01/2020,09:44:51,10.1,10.3,1000,11.05,1000,0,23000
JUBLFOOD30Jan201560PE.NFO,07/01/2020,09:45:14,10.1,10.3,1000,10.95,1000,0,23000
JUBLFOOD30Jan201560PE.NFO,07/01/2020,09:46:21,10.1,10.3,1000,10.95,500,0,23000
JUBLFOOD30Jan201560PE.NFO,07/01/2020,09:46:26,10.1,10.3,1000,11,500,0,23000
JUBLFOOD30Jan201560PE.NFO,07/01/2020,09:47:04,10.1,10.4,1000,11.05,500,0,23000
JUBLFOOD30Jan201560PE.NFO,07/01/2020,09:47:44,10.1,10.5,1000,11.05,500,0,23000
JUBLFOOD30Jan201560PE.NFO,07/01/2020,09:48:56,10.1,10.6,1000,11.1,500,0,23000
JUBLFOOD30Jan201560PE.NFO,07/01/2020,09:49:10,10.1,10.6,1000,11.15,500,0,23000
JUBLFOOD30Jan201560PE.NFO,07/01/2020,09:49:25,10.1,10.7,1000,11.9,1000,0,23000
JUBLFOOD30Jan201560PE.NFO,07/01/2020,09:49:42,10.1,10.7,1000,11.8,1000,0,23000
JUBLFOOD30Jan201560PE.NFO,07/01/2020,09:50:01,10.1,10.7,500,11.8,1000,0,23000
JUBLFOOD30Jan201560PE.NFO,07/01/2020,09:50:48,10.1,10.7,500,11.7,1000,0,23000
JUBLFOOD30Jan201560PE.NFO,07/01/2020,09:51:39,10.1,10.7,500,11.6,1000,0,23000
JUBLFOOD30Jan201560PE.NFO,07/01/2020,09:53:36,10.1,10.55,500,11.3,1000,0,23000
JUBLFOOD30Jan201560PE.NFO,07/01/2020,09:53:41,10.1,10.55,500,11.2,1000,0,23000
JUBLFOOD30Jan201560PE.NFO,07/01/2020,09:53:46,10.1,10.4,500,11.05,1000,0,23000
JUBLFOOD30Jan201560PE.NFO,07/01/2020,09:53:51,10.1,10.45,1000,11.05,1000,0,23000
JUBLFOOD30Jan201560PE.NFO,07/01/2020,09:54:17,10.1,10.45,1000,11.05,500,0,23000
JUBLFOOD30Jan201560PE.NFO,07/01/2020,09:54:26,10.1,10.45,1000,11.1,500,0,23000
JUBLFOOD30Jan201560PE.NFO,07/01/2020,09:55:14,10.1,10.55,1000,11.15,500,0,23000
JUBLFOOD30Jan201560PE.NFO,07/01/2020,09:55:19,10.1,10.65,1000,11.15,500,0,23000
JUBLFOOD30Jan201560PE.NFO,07/01/2020,09:55:28,10.1,10.75,1000,11.25,500,0,23000
JUBLFOOD30Jan201560PE.NFO,07/01/2020,09:55:52,10.1,10.75,500,11.25,500,0,23000
JUBLFOOD30Jan201560PE.NFO,07/01/2020,09:57:22,10.1,10.85,1000,11.35,500,0,23000
JUBLFOOD30Jan201560PE.NFO,07/01/2020,09:57:46,10.1,10.85,1000,11.4,500,0,23000
JUBLFOOD30Jan201560PE.NFO,07/01/2020,09:58:05,10.1,10.85,500,11.4,500,0,23000
JUBLFOOD30Jan201560PE.NFO,07/01/2020,09:58:50,10.1,10.85,500,11.5,500,0,23000
JUBLFOOD30Jan201560PE.NFO,07/01/2020,09:59:19,10.1,10.85,500,11.6,500,0,23000
JUBLFOOD30Jan201560PE.NFO,07/01/2020,09:59:29,10.1,10.85,500,11.7,500,0,23000
JUBLFOOD30Jan201560PE.NFO,07/01/2020,09:59:35,10.1,10.85,500,11.75,1000,0,23000
JUBLFOOD30Jan201560PE.NFO,07/01/2020,09:59:40,10.1,10.85,500,11.65,500,0,23000
JUBLFOOD30Jan201560PE.NFO,07/01/2020,09:59:51,10.1,10.85,500,11.75,500,0,23000
JUBLFOOD30Jan201560PE.NFO,07/01/2020,10:00:02,10.1,10.85,500,11.75,1000,0,23000
JUBLFOOD30Jan201560PE.NFO,07/01/2020,10:00:13,10.1,10.85,500,11.7,500,0,23000
JUBLFOOD30Jan201560PE.NFO,07/01/2020,10:00:29,10.1,10.85,500,11.75,1000,0,23000
JUBLFOOD30Jan201560PE.NFO,07/01/2020,10:00:34,10.1,10.85,500,11.75,1500,0,23000
JUBLFOOD30Jan201560PE.NFO,07/01/2020,10:00:40,10.1,10.85,500,11.65,500,0,23000
JUBLFOOD30Jan201560PE.NFO,07/01/2020,10:00:47,10.1,10.85,500,11.65,1000,0,23000
JUBLFOOD30Jan201560PE.NFO,07/01/2020,10:01:00,10.1,10.95,1000,11.65,500,0,23000
JUBLFOOD30Jan201560PE.NFO,07/01/2020,10:01:06,10.1,10.95,1000,11.7,500,0,23000
JUBLFOOD30Jan201560PE.NFO,07/01/2020,10:01:43,10.1,10.95,1000,11.6,500,0,23000
JUBLFOOD30Jan201560PE.NFO,07/01/2020,10:01:54,10.1,10.95,1000,11.65,1000,0,23000
JUBLFOOD30Jan201560PE.NFO,07/01/2020,10:02:16,10.1,10.95,1000,11.6,1000,0,23000
JUBLFOOD30Jan201560PE.NFO,07/01/2020,10:02:21,10.1,10.95,1000,11.55,500,0,23000
JUBLFOOD30Jan201560PE.NFO,07/01/2020,10:02:32,10.1,10.95,1000,11.65,1000,0,23000
JUBLFOOD30Jan201560PE.NFO,07/01/2020,10:02:44,10.1,11.05,1000,11.65,1000,0,23000
JUBLFOOD30Jan201560PE.NFO,07/01/2020,10:02:54,10.1,11.05,1000,11.65,500,0,23000
JUBLFOOD30Jan201560PE.NFO,07/01/2020,10:02:59,10.1,11.05,1000,11.65,1000,0,23000
JUBLFOOD30Jan201560PE.NFO,07/01/2020,10:03:04,10.1,11.05,1000,11.65,500,0,23000
JUBLFOOD30Jan201560PE.NFO,07/01/2020,10:03:13,10.1,11.15,1000,11.8,1000,0,23000
JUBLFOOD30Jan201560PE.NFO,07/01/2020,10:03:28,10.1,11.15,1000,11.8,500,0,23000
JUBLFOOD30Jan201560PE.NFO,07/01/2020,10:03:37,10.1,11.15,1000,11.8,1000,0,23000
JUBLFOOD30Jan201560PE.NFO,07/01/2020,10:03:45,10.1,11.25,1000,11.8,1000,0,23000
JUBLFOOD30Jan201560PE.NFO,07/01/2020,10:03:55,10.1,11.25,500,11.6,500,0,23000
JUBLFOOD30Jan201560PE.NFO,07/01/2020,10:04:00,10.1,11.15,500,11.55,1000,0,23000
JUBLFOOD30Jan201560PE.NFO,07/01/2020,10:04:40,10.1,11.1,500,11.55,1500,0,23000
JUBLFOOD30Jan201560PE.NFO,07/01/2020,10:05:03,10.1,11.1,500,11.55,1000,0,23000
JUBLFOOD30Jan201560PE.NFO,07/01/2020,10:05:08,10.1,11.1,500,11.55,1500,0,23000
JUBLFOOD30Jan201560PE.NFO,07/01/2020,10:05:53,10.1,11.1,500,11.55,1000,0,23000
JUBLFOOD30Jan201560PE.NFO,07/01/2020,10:05:59,10.1,11.2,1000,12.2,1000,0,23000
JUBLFOOD30Jan201560PE.NFO,07/01/2020,10:06:04,10.1,11.2,1000,11.9,1000,0,23000
JUBLFOOD30Jan201560PE.NFO,07/01/2020,10:06:09,10.1,11.2,1000,11.9,500,0,23000
JUBLFOOD30Jan201560PE.NFO,07/01/2020,10:06:26,10.1,11.2,1000,11.7,500,0,23000
JUBLFOOD30Jan201560PE.NFO,07/01/2020,10:06:48,10.1,11.2,1000,11.75,500,0,23000
JUBLFOOD30Jan201560PE.NFO,07/01/2020,10:06:59,10.1,11.2,1000,11.65,500,0,23000
JUBLFOOD30Jan201560PE.NFO,07/01/2020,10:07:04,10.1,11.2,1000,11.7,500,0,23000
JUBLFOOD30Jan201560PE.NFO,07/01/2020,10:07:10,10.1,11.2,1000,11.75,500,0,23000
JUBLFOOD30Jan201560PE.NFO,07/01/2020,10:07:16,10.1,11.2,1000,11.8,500,0,23000
JUBLFOOD30Jan201560PE.NFO,07/01/2020,10:07:43,10.1,11.2,1000,11.7,500,0,23000
JUBLFOOD30Jan201560PE.NFO,07/01/2020,10:07:48,10.1,11.2,1000,11.8,500,0,23000
JUBLFOOD30Jan201560PE.NFO,07/01/2020,10:08:35,10.1,11.2,1000,11.7,500,0,23000
JUBLFOOD30Jan201560PE.NFO,07/01/2020,10:08:46,10.1,11.2,1000,11.75,500,0,23000
JUBLFOOD30Jan201560PE.NFO,07/01/2020,10:09:24,10.1,11.2,500,11.75,500,0,23000
JUBLFOOD30Jan201560PE.NFO,07/01/2020,10:09:28,10.1,11.3,500,11.75,500,0,23000
JUBLFOOD30Jan201560PE.NFO,07/01/2020,10:09:32,10.1,11.35,1000,11.8,500,0,23000
JUBLFOOD30Jan201560PE.NFO,07/01/2020,10:09:54,10.1,11.35,500,11.8,500,0,23000
JUBLFOOD30Jan201560PE.NFO,07/01/2020,10:10:14,10.1,11.35,1000,11.8,500,0,23000
JUBLFOOD30Jan201560PE.NFO,07/01/2020,10:10:26,10.1,11.35,500,11.8,500,0,23000
JUBLFOOD30Jan201560PE.NFO,07/01/2020,10:12:13,10.1,11.3,500,11.8,500,0,23000
JUBLFOOD30Jan201560PE.NFO,07/01/2020,10:12:57,10.1,11.3,500,11.7,500,0,23000
JUBLFOOD30Jan201560PE.NFO,07/01/2020,10:13:24,10.1,11.25,500,11.7,500,0,23000
JUBLFOOD30Jan201560PE.NFO,07/01/2020,10:13:37,10.1,11.05,1000,11.7,500,0,23000
JUBLFOOD30Jan201560PE.NFO,07/01/2020,10:13:46,10.1,11.05,500,11.7,500,0,23000
JUBLFOOD30Jan201560PE.NFO,07/01/2020,10:13:53,10.1,11.1,1000,11.7,500,0,23000
JUBLFOOD30Jan201560PE.NFO,07/01/2020,10:13:58,10.1,11.1,500,11.7,500,0,23000
JUBLFOOD30Jan201560PE.NFO,07/01/2020,10:14:07,10.1,11,1000,11.6,1000,0,23000
JUBLFOOD30Jan201560PE.NFO,07/01/2020,10:14:17,10.1,10.75,1000,11.5,500,0,23000
JUBLFOOD30Jan201560PE.NFO,07/01/2020,10:14:23,10.1,10.95,500,11.5,500,0,23000
JUBLFOOD30Jan201560PE.NFO,07/01/2020,10:14:28,10.1,11,1000,11.5,500,0,23000
JUBLFOOD30Jan201560PE.NFO,07/01/2020,10:15:54,10.1,11,1000,11.55,500,0,23000
JUBLFOOD30Jan201560PE.NFO,07/01/2020,10:16:13,10.1,11,1000,11.5,1000,0,23000
JUBLFOOD30Jan201560PE.NFO,07/01/2020,10:16:31,10.1,11,500,11.5,1000,0,23000
JUBLFOOD30Jan201560PE.NFO,07/01/2020,10:16:51,10.1,11.1,1000,11.5,1000,0,23000
JUBLFOOD30Jan201560PE.NFO,07/01/2020,10:16:56,10.1,11.1,500,11.5,1000,0,23000
JUBLFOOD30Jan201560PE.NFO,07/01/2020,10:17:04,10.1,11.1,500,11.5,500,0,23000
JUBLFOOD30Jan201560PE.NFO,07/01/2020,10:17:13,10.1,11.1,500,11.55,500,0,23000
JUBLFOOD30Jan201560PE.NFO,07/01/2020,10:17:34,10.1,11.1,500,11.6,1000,0,23000
JUBLFOOD30Jan201560PE.NFO,07/01/2020,10:17:49,10.1,11.2,500,11.6,1000,0,23000
JUBLFOOD30Jan201560PE.NFO,07/01/2020,10:17:54,10.1,11.2,500,11.6,500,0,23000
JUBLFOOD30Jan201560PE.NFO,07/01/2020,10:18:03,10.1,11.2,500,11.6,1000,0,23000
JUBLFOOD30Jan201560PE.NFO,07/01/2020,10:18:16,10.1,11.2,500,11.6,500,0,23000
JUBLFOOD30Jan201560PE.NFO,07/01/2020,10:18:20,10.1,11.2,500,11.6,1000,0,23000
JUBLFOOD30Jan201560PE.NFO,07/01/2020,10:18:24,10.1,11.2,500,11.6,500,0,23000
JUBLFOOD30Jan201560PE.NFO,07/01/2020,10:18:32,10.1,11.2,500,11.6,1000,0,23000
JUBLFOOD30Jan201560PE.NFO,07/01/2020,10:18:43,10.1,11.2,500,11.6,500,0,23000
JUBLFOOD30Jan201560PE.NFO,07/01/2020,10:18:53,10.1,11.2,500,11.7,500,0,23000
JUBLFOOD30Jan201560PE.NFO,07/01/2020,10:19:21,10.1,11.2,500,11.75,500,0,23000
JUBLFOOD30Jan201560PE.NFO,07/01/2020,10:19:36,10.1,11.2,500,11.8,500,0,23000
JUBLFOOD30Jan201560PE.NFO,07/01/2020,10:20:00,10.1,11.2,500,11.75,500,0,23000
JUBLFOOD30Jan201560PE.NFO,07/01/2020,10:20:04,10.1,11.2,500,11.8,500,0,23000
JUBLFOOD30Jan201560PE.NFO,07/01/2020,10:20:38,10.1,11.2,500,11.8,1000,0,23000
JUBLFOOD30Jan201560PE.NFO,07/01/2020,10:20:42,10.1,11.2,500,11.75,500,0,23000
JUBLFOOD30Jan201560PE.NFO,07/01/2020,10:20:47,10.1,11.2,500,11.7,1000,0,23000
JUBLFOOD30Jan201560PE.NFO,07/01/2020,10:20:54,10.1,11.2,500,11.7,500,0,23000
JUBLFOOD30Jan201560PE.NFO,07/01/2020,10:20:58,10.1,11.2,500,11.7,1000,0,23000
JUBLFOOD30Jan201560PE.NFO,07/01/2020,10:21:10,10.1,11.2,500,11.7,500,0,23000
JUBLFOOD30Jan201560PE.NFO,07/01/2020,10:22:00,10.1,11.3,1000,12.45,500,0,23000
JUBLFOOD30Jan201560PE.NFO,07/01/2020,10:22:03,10.1,11.3,1000,12.2,1000,0,23000
JUBLFOOD30Jan201560PE.NFO,07/01/2020,10:22:20,10.1,11.3,1000,12.1,1000,0,23000
JUBLFOOD30Jan201560PE.NFO,07/01/2020,10:25:33,10.1,11.3,1000,12.1,500,0,23000
JUBLFOOD30Jan201560PE.NFO,07/01/2020,10:26:30,10.1,11.3,1000,12,1000,0,23000
JUBLFOOD30Jan201560PE.NFO,07/01/2020,10:26:53,10.1,11.4,1000,12,1000,0,23000
JUBLFOOD30Jan201560PE.NFO,07/01/2020,10:27:05,10.1,11.4,1000,12,500,0,23000
JUBLFOOD30Jan201560PE.NFO,07/01/2020,10:28:06,10.1,11.4,1000,11.9,500,0,23000
JUBLFOOD30Jan201560PE.NFO,07/01/2020,10:28:15,10.1,11.4,500,11.85,1000,0,23000
JUBLFOOD30Jan201560PE.NFO,07/01/2020,10:28:28,10.1,11.35,500,11.85,1000,0,23000
JUBLFOOD30Jan201560PE.NFO,07/01/2020,10:28:36,10.1,11.3,500,11.85,1000,0,23000
JUBLFOOD30Jan201560PE.NFO,07/01/2020,10:28:52,10.1,11.25,500,11.85,1000,0,23000
JUBLFOOD30Jan201560PE.NFO,07/01/2020,10:29:02,10.1,11.3,1000,11.85,1000,0,23000
JUBLFOOD30Jan201560PE.NFO,07/01/2020,10:29:05,10.1,11.3,500,11.85,1000,0,23000
JUBLFOOD30Jan201560PE.NFO,07/01/2020,10:29:08,10.1,11.3,500,11.85,1500,0,23000
JUBLFOOD30Jan201560PE.NFO,07/01/2020,10:30:05,10.1,11.25,500,11.85,1500,0,23000
JUBLFOOD30Jan201560PE.NFO,07/01/2020,10:30:37,10.1,11.2,500,11.85,1500,0,23000
JUBLFOOD30Jan201560PE.NFO,07/01/2020,10:30:39,10.1,11.2,500,11.75,1500,0,23000
JUBLFOOD30Jan201560PE.NFO,07/01/2020,10:31:08,10.1,11.25,500,11.75,1500,0,23000
JUBLFOOD30Jan201560PE.NFO,07/01/2020,10:31:31,10.1,11.25,500,11.75,500,0,23000
JUBLFOOD30Jan201560PE.NFO,07/01/2020,10:31:43,10.1,11.35,500,11.8,500,0,23000
JUBLFOOD30Jan201560PE.NFO,07/01/2020,10:31:58,10.1,11.35,500,11.75,500,0,23000
JUBLFOOD30Jan201560PE.NFO,07/01/2020,10:32:02,10.1,11.3,500,11.7,1000,0,23000
JUBLFOOD30Jan201560PE.NFO,07/01/2020,10:32:17,10.1,11.25,500,11.7,1000,0,23000
JUBLFOOD30Jan201560PE.NFO,07/01/2020,10:32:45,10.1,11.2,500,11.6,1000,0,23000
JUBLFOOD30Jan201560PE.NFO,07/01/2020,10:32:56,10.1,11.15,500,11.6,1000,0,23000
JUBLFOOD30Jan201560PE.NFO,07/01/2020,10:33:13,10.1,11.1,500,11.6,1000,0,23000
JUBLFOOD30Jan201560PE.NFO,07/01/2020,10:34:17,10.1,11.1,500,11.6,500,0,23000
JUBLFOOD30Jan201560PE.NFO,07/01/2020,10:34:38,10.1,11.1,500,11.75,1000,0,23000
JUBLFOOD30Jan201560PE.NFO,07/01/2020,10:34:56,10.1,11.1,500,11.65,500,0,23000
JUBLFOOD30Jan201560PE.NFO,07/01/2020,10:35:03,10.1,11.1,500,11.7,1000,0,23000
JUBLFOOD30Jan201560PE.NFO,07/01/2020,10:35:19,10.1,11.1,500,11.7,1500,0,23000
JUBLFOOD30Jan201560PE.NFO,07/01/2020,10:35:41,10.1,11.1,500,11.55,500,0,23000
JUBLFOOD30Jan201560PE.NFO,07/01/2020,10:35:50,10.1,11.1,500,11.6,500,0,23000
JUBLFOOD30Jan201560PE.NFO,07/01/2020,10:36:08,10.1,11.1,500,11.65,1000,0,23000
JUBLFOOD30Jan201560PE.NFO,07/01/2020,10:36:48,10.1,11.1,500,11.65,500,0,23000
JUBLFOOD30Jan201560PE.NFO,07/01/2020,10:36:53,10.1,11.1,500,11.65,1000,0,23000
JUBLFOOD30Jan201560PE.NFO,07/01/2020,10:37:14,10.1,11.1,500,11.65,500,0,23000
JUBLFOOD30Jan201560PE.NFO,07/01/2020,10:37:26,10.1,11.1,500,11.65,1000,0,23000
JUBLFOOD30Jan201560PE.NFO,07/01/2020,10:37:37,10.1,11.1,500,11.65,500,0,23000
JUBLFOOD30Jan201560PE.NFO,07/01/2020,10:37:41,10.1,11.2,1000,11.75,500,0,23000
JUBLFOOD30Jan201560PE.NFO,07/01/2020,10:37:45,10.1,11.2,1000,11.8,500,0,23000
JUBLFOOD30Jan201560PE.NFO,07/01/2020,10:37:55,10.1,11.2,1000,11.7,500,0,23000
JUBLFOOD30Jan201560PE.NFO,07/01/2020,10:38:30,10.1,11.2,1000,11.75,500,0,23000
JUBLFOOD30Jan201560PE.NFO,07/01/2020,10:40:38,10.1,11.2,500,11.75,500,0,23000
JUBLFOOD30Jan201560PE.NFO,07/01/2020,10:40:54,10.1,11.15,500,11.65,1000,0,23000
JUBLFOOD30Jan201560PE.NFO,07/01/2020,10:41:24,10.1,11.1,500,11.55,1000,0,23000
JUBLFOOD30Jan201560PE.NFO,07/01/2020,10:41:29,10.1,11.05,500,11.55,1000,0,23000
JUBLFOOD30Jan201560PE.NFO,07/01/2020,10:41:50,10.1,11,500,11.55,1000,0,23000
JUBLFOOD30Jan201560PE.NFO,07/01/2020,10:42:04,10.1,10.95,500,11.55,1000,0,23000
JUBLFOOD30Jan201560PE.NFO,07/01/2020,10:45:07,10.1,10.95,500,11.45,1000,0,23000
JUBLFOOD30Jan201560PE.NFO,07/01/2020,10:45:25,10.1,10.95,500,11.45,500,0,23000
JUBLFOOD30Jan201560PE.NFO,07/01/2020,10:46:01,10.1,10.95,500,11.5,500,0,23000
JUBLFOOD30Jan201560PE.NFO,07/01/2020,10:46:11,10.1,10.95,500,11.55,500,0,23000
JUBLFOOD30Jan201560PE.NFO,07/01/2020,10:46:34,10.1,10.95,500,11.5,1000,0,23000
JUBLFOOD30Jan201560PE.NFO,07/01/2020,10:46:54,10.1,10.95,500,11.5,500,0,23000
JUBLFOOD30Jan201560PE.NFO,07/01/2020,10:46:57,10.1,10.95,500,11.55,500,0,23000
JUBLFOOD30Jan201560PE.NFO,07/01/2020,10:47:38,10.1,10.95,500,11.5,1000,0,23000
JUBLFOOD30Jan201560PE.NFO,07/01/2020,10:48:35,10.1,11.05,1000,11.5,500,0,23000
JUBLFOOD30Jan201560PE.NFO,07/01/2020,10:48:48,10.1,11.05,1000,11.55,500,0,23000
JUBLFOOD30Jan201560PE.NFO,07/01/2020,10:49:03,10.1,11.05,1000,11.65,500,0,23000
JUBLFOOD30Jan201560PE.NFO,07/01/2020,10:49:07,10.1,11.05,1000,11.7,500,0,23000
JUBLFOOD30Jan201560PE.NFO,07/01/2020,10:50:15,10.1,11.05,1000,11.75,500,0,23000
JUBLFOOD30Jan201560PE.NFO,07/01/2020,10:50:29,10.1,11.05,1000,11.8,500,0,23000
JUBLFOOD30Jan201560PE.NFO,07/01/2020,10:50:42,10.1,11.05,1000,11.85,500,0,23000
JUBLFOOD30Jan201560PE.NFO,07/01/2020,10:51:04,10.1,11.05,1000,11.9,500,0,23000
JUBLFOOD30Jan201560PE.NFO,07/01/2020,10:51:35,10.1,11.05,1000,11.95,500,0,23000
JUBLFOOD30Jan201560PE.NFO,07/01/2020,10:53:46,10.1,11.05,1000,13.3,1000,0,23000
JUBLFOOD30Jan201560PE.NFO,07/01/2020,10:53:51,10.1,11.05,1000,12.4,1000,0,23000
JUBLFOOD30Jan201560PE.NFO,07/01/2020,10:54:02,10.1,11.25,1000,12.8,1000,0,23000
JUBLFOOD30Jan201560PE.NFO,07/01/2020,10:54:11,10.1,11.25,1000,12.7,1000,0,23000
JUBLFOOD30Jan201560PE.NFO,07/01/2020,10:54:16,10.1,11.25,1000,12.6,1000,0,23000
JUBLFOOD30Jan201560PE.NFO,07/01/2020,10:54:26,10.1,11.25,1000,12.5,1000,0,23000
JUBLFOOD30Jan201560PE.NFO,07/01/2020,10:54:34,10.1,11.25,1000,12.4,1000,0,23000
JUBLFOOD30Jan201560PE.NFO,07/01/2020,10:55:41,10.1,11.25,1000,12.3,1000,0,23000
JUBLFOOD30Jan201560PE.NFO,07/01/2020,10:56:09,10.1,11.25,1000,12.2,500,0,23000
JUBLFOOD30Jan201560PE.NFO,07/01/2020,10:56:31,10.1,11.25,1000,12.25,1000,0,23000
JUBLFOOD30Jan201560PE.NFO,07/01/2020,10:57:05,10.1,11.25,1000,12.25,500,0,23000
JUBLFOOD30Jan201560PE.NFO,07/01/2020,10:57:24,10.1,11.35,1000,12.25,500,0,23000
JUBLFOOD30Jan201560PE.NFO,07/01/2020,10:59:48,10.1,11.45,1000,12.25,500,0,23000
JUBLFOOD30Jan201560PE.NFO,07/01/2020,11:01:01,10.1,11.55,1000,12.25,500,0,23000
JUBLFOOD30Jan201560PE.NFO,07/01/2020,11:01:24,10.1,11.65,1000,12.25,500,0,23000
JUBLFOOD30Jan201560PE.NFO,07/01/2020,11:01:55,10.1,11.65,500,12.25,1500,0,23000
JUBLFOOD30Jan201560PE.NFO,07/01/2020,11:02:02,10.1,11.65,500,12.1,500,0,23000
JUBLFOOD30Jan201560PE.NFO,07/01/2020,11:02:09,10.1,11.65,500,12.1,1000,0,23000
JUBLFOOD30Jan201560PE.NFO,07/01/2020,11:02:16,10.1,11.6,500,12.1,1000,0,23000
JUBLFOOD30Jan201560PE.NFO,07/01/2020,11:02:28,10.1,11.6,500,12.1,500,0,23000
JUBLFOOD30Jan201560PE.NFO,07/01/2020,11:03:14,10.1,11.7,1000,12.1,500,0,23000
JUBLFOOD30Jan201560PE.NFO,07/01/2020,11:03:21,10.1,11.7,1000,12.25,500,0,23000
JUBLFOOD30Jan201560PE.NFO,07/01/2020,11:03:28,10.1,11.7,1000,12.25,1000,0,23000
JUBLFOOD30Jan201560PE.NFO,07/01/2020,11:03:41,10.1,11.7,1000,12.25,500,0,23000
JUBLFOOD30Jan201560PE.NFO,07/01/2020,11:03:48,10.1,11.7,1000,12.25,1000,0,23000
JUBLFOOD30Jan201560PE.NFO,07/01/2020,11:04:02,10.1,11.7,500,12.25,1000,0,23000
JUBLFOOD30Jan201560PE.NFO,07/01/2020,11:04:09,10.1,11.7,500,12.25,1500,0,23000
JUBLFOOD30Jan201560PE.NFO,07/01/2020,11:04:42,10.1,11.8,500,12.25,1500,0,23000
JUBLFOOD30Jan201560PE.NFO,07/01/2020,11:05:09,10.1,11.85,500,12.25,1500,0,23000
JUBLFOOD30Jan201560PE.NFO,07/01/2020,11:05:37,10.1,11.7,500,12.15,1000,0,23000
JUBLFOOD30Jan201560PE.NFO,07/01/2020,11:05:44,10.1,11.6,500,12.05,500,0,23000
JUBLFOOD30Jan201560PE.NFO,07/01/2020,11:05:58,10.1,11.55,500,12.05,500,0,23000
JUBLFOOD30Jan201560PE.NFO,07/01/2020,11:06:04,10.1,11.6,1000,12.05,500,0,23000
JUBLFOOD30Jan201560PE.NFO,07/01/2020,11:06:11,10.1,11.5,500,11.95,1000,0,23000
JUBLFOOD30Jan201560PE.NFO,07/01/2020,11:06:24,10.1,11.5,500,11.95,500,0,23000
JUBLFOOD30Jan201560PE.NFO,07/01/2020,11:07:16,10.1,11.4,1000,11.85,1000,0,23000
JUBLFOOD30Jan201560PE.NFO,07/01/2020,11:07:22,10.1,11.4,500,11.85,1000,0,23000
JUBLFOOD30Jan201560PE.NFO,07/01/2020,11:07:32,10.1,11,500,11.5,500,0,23000
JUBLFOOD30Jan201560PE.NFO,07/01/2020,11:07:37,10.1,11,1000,11.5,500,0,23000
JUBLFOOD30Jan201560PE.NFO,07/01/2020,11:07:49,11.5,11,1000,11.6,1000,500,23000
JUBLFOOD30Jan201560PE.NFO,07/01/2020,11:07:49,11.5,11,1000,11.6,1000,0,23000
JUBLFOOD30Jan201560PE.NFO,07/01/2020,11:07:54,11.5,11,1000,11.5,1000,0,23000
JUBLFOOD30Jan201560PE.NFO,07/01/2020,11:07:59,11.5,11,1000,11.5,500,0,23000
JUBLFOOD30Jan201560PE.NFO,07/01/2020,11:09:08,11.5,11,1000,11.6,1000,500,23500
JUBLFOOD30Jan201560PE.NFO,07/01/2020,11:09:13,11.5,11,1000,11.6,1000,0,23500
JUBLFOOD30Jan201560PE.NFO,07/01/2020,11:11:19,11.5,11,1000,11.6,500,0,23500
JUBLFOOD30Jan201560PE.NFO,07/01/2020,11:11:47,11.5,11,1000,11.5,1000,0,23500
JUBLFOOD30Jan201560PE.NFO,07/01/2020,11:12:00,11.5,11,1000,11.5,500,0,23500
JUBLFOOD30Jan201560PE.NFO,07/01/2020,11:12:47,11.5,11,1000,11.4,500,0,23500
JUBLFOOD30Jan201560PE.NFO,07/01/2020,11:12:57,11.5,11,1000,11.45,500,0,23500
JUBLFOOD30Jan201560PE.NFO,07/01/2020,11:13:02,11.5,11,1000,11.45,1000,0,23500
JUBLFOOD30Jan201560PE.NFO,07/01/2020,11:13:08,11.5,11,1000,11.5,500,0,23500
JUBLFOOD30Jan201560PE.NFO,07/01/2020,11:13:25,11.5,11,1000,11.45,500,0,23500
JUBLFOOD30Jan201560PE.NFO,07/01/2020,11:14:05,11.5,11,1000,11.4,1000,0,23500
JUBLFOOD30Jan201560PE.NFO,07/01/2020,11:14:17,11.5,11,1000,11.4,500,0,23500
JUBLFOOD30Jan201560PE.NFO,07/01/2020,11:14:38,11.5,11,1000,11.45,500,0,23500
JUBLFOOD30Jan201560PE.NFO,07/01/2020,11:14:42,11.5,11,1000,11.5,500,0,23500
JUBLFOOD30Jan201560PE.NFO,07/01/2020,11:15:12,11.5,11,1000,11.45,1000,0,23500
JUBLFOOD30Jan201560PE.NFO,07/01/2020,11:15:17,11.5,11,1000,11.45,500,0,23500
JUBLFOOD30Jan201560PE.NFO,07/01/2020,11:15:49,11.5,11,1000,11.6,500,0,23500
JUBLFOOD30Jan201560PE.NFO,07/01/2020,11:16:00,11.5,11,1000,11.55,500,0,23500
JUBLFOOD30Jan201560PE.NFO,07/01/2020,11:17:34,11.5,11,1000,11.7,500,0,23500
JUBLFOOD30Jan201560PE.NFO,07/01/2020,11:17:41,11.5,11,1000,11.65,1000,0,23500
JUBLFOOD30Jan201560PE.NFO,07/01/2020,11:17:56,11.5,11,1000,11.65,500,0,23500
JUBLFOOD30Jan201560PE.NFO,07/01/2020,11:18:12,11.5,11,500,11.55,500,0,23500
JUBLFOOD30Jan201560PE.NFO,07/01/2020,11:19:02,11.5,11.1,1000,11.55,500,0,23500
JUBLFOOD30Jan201560PE.NFO,07/01/2020,11:19:21,11.5,11.2,1000,11.8,500,0,23500
JUBLFOOD30Jan201560PE.NFO,07/01/2020,11:19:29,11.5,11.2,1000,11.7,1000,0,23500
JUBLFOOD30Jan201560PE.NFO,07/01/2020,11:19:35,11.5,11.2,500,11.6,1000,0,23500
JUBLFOOD30Jan201560PE.NFO,07/01/2020,11:19:48,11.2,10.45,1000,11.35,1000,500,24000
JUBLFOOD30Jan201560PE.NFO,07/01/2020,11:19:53,11.2,10.45,1000,11.25,500,0,24000
JUBLFOOD30Jan201560PE.NFO,07/01/2020,11:20:04,11.2,10.55,1000,11.3,500,0,24000
JUBLFOOD30Jan201560PE.NFO,07/01/2020,11:20:09,11.2,10.65,1000,11.3,500,0,24000
JUBLFOOD30Jan201560PE.NFO,07/01/2020,11:20:21,11.2,10.65,1000,11.3,1000,0,24000
JUBLFOOD30Jan201560PE.NFO,07/01/2020,11:20:47,11.2,10.65,1000,11.35,500,0,24000
JUBLFOOD30Jan201560PE.NFO,07/01/2020,11:20:52,11.2,10.75,1000,11.45,500,0,24000
JUBLFOOD30Jan201560PE.NFO,07/01/2020,11:20:58,11.2,10.85,1000,13.55,500,0,24000
JUBLFOOD30Jan201560PE.NFO,07/01/2020,11:21:04,11.2,10.85,1000,11.8,1000,0,24000
JUBLFOOD30Jan201560PE.NFO,07/01/2020,11:21:09,11.2,10.85,1000,11.7,1000,0,24000
JUBLFOOD30Jan201560PE.NFO,07/01/2020,11:22:14,11.2,10.85,1000,11.6,1000,0,24000
JUBLFOOD30Jan201560PE.NFO,07/01/2020,11:23:18,11.2,10.95,1000,11.6,1000,0,24000
JUBLFOOD30Jan201560PE.NFO,07/01/2020,11:23:27,11.2,10.95,1000,11.6,500,0,24000
JUBLFOOD30Jan201560PE.NFO,07/01/2020,11:23:35,11.2,11.05,1000,11.65,500,0,24000
JUBLFOOD30Jan201560PE.NFO,07/01/2020,11:24:52,11.2,11.15,1000,11.65,500,0,24000
JUBLFOOD30Jan201560PE.NFO,07/01/2020,11:25:25,11.2,11.25,1000,11.7,500,0,24000
JUBLFOOD30Jan201560PE.NFO,07/01/2020,11:25:34,11.2,11.35,500,12.15,1000,0,24000
JUBLFOOD30Jan201560PE.NFO,07/01/2020,11:25:39,11.2,11.35,500,12.05,1000,0,24000
JUBLFOOD30Jan201560PE.NFO,07/01/2020,11:25:44,11.2,11.35,500,11.95,1000,0,24000
JUBLFOOD30Jan201560PE.NFO,07/01/2020,11:26:21,11.2,11.25,1000,11.9,500,0,24000
JUBLFOOD30Jan201560PE.NFO,07/01/2020,11:26:26,11.2,11.25,1000,11.85,1000,0,24000
JUBLFOOD30Jan201560PE.NFO,07/01/2020,11:26:30,11.2,11.25,500,11.85,1000,0,24000
JUBLFOOD30Jan201560PE.NFO,07/01/2020,11:26:41,11.2,11.2,500,11.75,1000,0,24000
JUBLFOOD30Jan201560PE.NFO,07/01/2020,11:27:06,11.2,11.15,500,11.75,1000,0,24000
JUBLFOOD30Jan201560PE.NFO,07/01/2020,11:27:27,11.2,11.1,500,11.65,1000,0,24000
JUBLFOOD30Jan201560PE.NFO,07/01/2020,11:27:31,11.2,10.45,1000,11.55,1000,0,24000
JUBLFOOD30Jan201560PE.NFO,07/01/2020,11:27:35,11.2,10.85,1000,11.45,1000,0,24000
JUBLFOOD30Jan201560PE.NFO,07/01/2020,11:27:44,11.2,10.9,500,11.45,1000,0,24000
JUBLFOOD30Jan201560PE.NFO,07/01/2020,11:27:48,11.2,10.95,500,11.45,1000,0,24000
JUBLFOOD30Jan201560PE.NFO,07/01/2020,11:27:52,11.2,10.9,500,11.45,1000,0,24000
JUBLFOOD30Jan201560PE.NFO,07/01/2020,11:28:16,11.2,10.85,500,11.45,1000,0,24000
JUBLFOOD30Jan201560PE.NFO,07/01/2020,11:28:23,11.2,10.8,500,11.45,1000,0,24000
JUBLFOOD30Jan201560PE.NFO,07/01/2020,11:28:33,11.2,10.85,1000,11.45,1000,0,24000
JUBLFOOD30Jan201560PE.NFO,07/01/2020,11:29:04,11.2,10.85,500,11.45,1000,0,24000
JUBLFOOD30Jan201560PE.NFO,07/01/2020,11:29:20,11.2,10.85,1000,11.45,1000,0,24000
JUBLFOOD30Jan201560PE.NFO,07/01/2020,11:31:51,11.2,10.85,1000,11.35,500,0,24000
JUBLFOOD30Jan201560PE.NFO,07/01/2020,11:32:03,11.2,10.85,1000,11.4,1000,0,24000
JUBLFOOD30Jan201560PE.NFO,07/01/2020,11:32:33,11.2,10.85,1000,11.4,500,0,24000
JUBLFOOD30Jan201560PE.NFO,07/01/2020,11:32:43,11.2,10.85,1000,11.45,500,0,24000
JUBLFOOD30Jan201560PE.NFO,07/01/2020,11:33:42,11.2,10.85,1000,11.4,1000,0,24000
JUBLFOOD30Jan201560PE.NFO,07/01/2020,11:34:34,11.2,10.85,500,11.4,1000,0,24000
JUBLFOOD30Jan201560PE.NFO,07/01/2020,11:34:51,11.2,10.95,1000,11.4,1000,0,24000
JUBLFOOD30Jan201560PE.NFO,07/01/2020,11:34:57,11.2,10.95,500,11.4,1000,0,24000
JUBLFOOD30Jan201560PE.NFO,07/01/2020,11:36:01,11.2,10.95,500,11.3,500,0,24000
JUBLFOOD30Jan201560PE.NFO,07/01/2020,11:36:12,11.2,10.95,500,11.35,500,0,24000
JUBLFOOD30Jan201560PE.NFO,07/01/2020,11:36:22,11.2,10.9,1000,11.35,500,0,24000
JUBLFOOD30Jan201560PE.NFO,07/01/2020,11:36:27,11.2,10.9,500,11.35,500,0,24000
JUBLFOOD30Jan201560PE.NFO,07/01/2020,11:36:36,11.2,10.95,500,11.35,500,0,24000
JUBLFOOD30Jan201560PE.NFO,07/01/2020,11:36:41,11.2,10.9,1000,11.35,500,0,24000
JUBLFOOD30Jan201560PE.NFO,07/01/2020,11:37:44,11.2,10.9,1000,11.25,500,0,24000
JUBLFOOD30Jan201560PE.NFO,07/01/2020,11:37:54,11.2,10.9,1000,11.3,500,0,24000
JUBLFOOD30Jan201560PE.NFO,07/01/2020,11:38:05,11.2,10.9,1000,11.35,500,0,24000
JUBLFOOD30Jan201560PE.NFO,07/01/2020,11:39:20,11.2,11,1000,12.65,500,0,24000
JUBLFOOD30Jan201560PE.NFO,07/01/2020,11:39:25,11.2,11,1000,12.1,1000,0,24000
JUBLFOOD30Jan201560PE.NFO,07/01/2020,11:39:33,11.2,11,1000,12,1000,0,24000
JUBLFOOD30Jan201560PE.NFO,07/01/2020,11:39:38,11.2,11,500,12,1000,0,24000
JUBLFOOD30Jan201560PE.NFO,07/01/2020,11:40:35,11.2,10.95,500,11.9,1000,0,24000
JUBLFOOD30Jan201560PE.NFO,07/01/2020,11:41:24,11.2,10.9,500,11.9,1000,0,24000
JUBLFOOD30Jan201560PE.NFO,07/01/2020,11:42:22,11.2,10.9,500,11.8,1000,0,24000
JUBLFOOD30Jan201560PE.NFO,07/01/2020,11:43:45,11.2,10.9,500,11.7,1000,0,24000
JUBLFOOD30Jan201560PE.NFO,07/01/2020,11:44:35,11.2,10.9,500,11.6,1000,0,24000
JUBLFOOD30Jan201560PE.NFO,07/01/2020,11:44:59,11.2,10.9,500,11.5,1000,0,24000
JUBLFOOD30Jan201560PE.NFO,07/01/2020,11:45:47,11.2,11,1000,11.5,1000,0,24000
JUBLFOOD30Jan201560PE.NFO,07/01/2020,11:45:53,11.2,11,1000,11.5,500,0,24000
JUBLFOOD30Jan201560PE.NFO,07/01/2020,11:46:34,11,11,500,11.5,500,500,24000
JUBLFOOD30Jan201560PE.NFO,07/01/2020,11:46:38,11,11,500,11.5,500,0,24000
JUBLFOOD30Jan201560PE.NFO,07/01/2020,11:47:47,11,11.1,500,11.5,500,0,24000
JUBLFOOD30Jan201560PE.NFO,07/01/2020,11:48:25,11,11.05,500,11.5,500,0,24000
JUBLFOOD30Jan201560PE.NFO,07/01/2020,11:48:50,11,11.15,500,11.55,500,0,24000
JUBLFOOD30Jan201560PE.NFO,07/01/2020,11:48:55,11,11.15,500,11.6,500,0,24000
JUBLFOOD30Jan201560PE.NFO,07/01/2020,11:49:17,11,11.25,500,11.65,500,0,24000
JUBLFOOD30Jan201560PE.NFO,07/01/2020,11:49:22,11,11.2,500,11.65,500,0,24000
JUBLFOOD30Jan201560PE.NFO,07/01/2020,11:50:02,11,11.3,500,12.3,1000,0,24000
JUBLFOOD30Jan201560PE.NFO,07/01/2020,11:50:06,11,11.3,500,12.1,1000,0,24000
JUBLFOOD30Jan201560PE.NFO,07/01/2020,11:50:09,11,11.25,500,12.1,1000,0,24000
JUBLFOOD30Jan201560PE.NFO,07/01/2020,11:50:39,11,11.2,500,12.1,1000,0,24000
JUBLFOOD30Jan201560PE.NFO,07/01/2020,11:50:52,11,11.15,500,12.1,1000,0,24000
JUBLFOOD30Jan201560PE.NFO,07/01/2020,11:51:20,11,11,1000,11.9,1000,0,24000
JUBLFOOD30Jan201560PE.NFO,07/01/2020,11:53:15,11,11,1000,11.8,1000,0,24000
JUBLFOOD30Jan201560PE.NFO,07/01/2020,11:54:46,11,11,500,11.6,1000,0,24000
JUBLFOOD30Jan201560PE.NFO,07/01/2020,11:54:55,11,11,1000,11.6,1000,0,24000
JUBLFOOD30Jan201560PE.NFO,07/01/2020,11:55:24,11,11,500,11.5,1000,0,24000
JUBLFOOD30Jan201560PE.NFO,07/01/2020,11:55:27,11,10.9,500,11.5,1000,0,24000
JUBLFOOD30Jan201560PE.NFO,07/01/2020,11:55:29,11,10.9,500,11.4,1000,0,24000
JUBLFOOD30Jan201560PE.NFO,07/01/2020,11:56:12,11,10.85,500,11.4,1000,0,24000
JUBLFOOD30Jan201560PE.NFO,07/01/2020,11:56:14,11,10.9,500,11.4,1000,0,24000
JUBLFOOD30Jan201560PE.NFO,07/01/2020,11:56:19,11,10.9,1000,11.4,1000,0,24000
JUBLFOOD30Jan201560PE.NFO,07/01/2020,11:56:24,11,10.9,500,11.4,1000,0,24000
JUBLFOOD30Jan201560PE.NFO,07/01/2020,11:56:31,11,10.9,1000,11.4,1000,0,24000
JUBLFOOD30Jan201560PE.NFO,07/01/2020,11:57:02,11,10.9,500,11.3,1000,0,24000
JUBLFOOD30Jan201560PE.NFO,07/01/2020,11:57:26,11,10.65,1000,11.3,1000,0,24000
JUBLFOOD30Jan201560PE.NFO,07/01/2020,11:57:28,11,10.85,500,11.3,1000,0,24000
JUBLFOOD30Jan201560PE.NFO,07/01/2020,11:57:35,11,10.9,1000,11.3,500,0,24000
JUBLFOOD30Jan201560PE.NFO,07/01/2020,11:57:46,11,10.85,500,11.3,500,0,24000
JUBLFOOD30Jan201560PE.NFO,07/01/2020,11:57:51,11,10.9,1000,11.3,500,0,24000
JUBLFOOD30Jan201560PE.NFO,07/01/2020,11:57:56,11,10.9,1000,11.4,500,0,24000
JUBLFOOD30Jan201560PE.NFO,07/01/2020,11:58:34,11,10.9,1000,11.3,500,0,24000
JUBLFOOD30Jan201560PE.NFO,07/01/2020,11:58:39,11,10.75,500,11.2,1000,0,24000
JUBLFOOD30Jan201560PE.NFO,07/01/2020,11:58:44,11,10.55,1000,11.1,1000,0,24000
JUBLFOOD30Jan201560PE.NFO,07/01/2020,11:58:48,11,10.65,500,11.1,1000,0,24000
JUBLFOOD30Jan201560PE.NFO,07/01/2020,11:58:55,11,10.7,1000,11.1,500,0,24000
JUBLFOOD30Jan201560PE.NFO,07/01/2020,11:59:12,11,10.7,1000,11.15,1000,0,24000
JUBLFOOD30Jan201560PE.NFO,07/01/2020,11:59:23,11,10.7,1000,11.15,500,0,24000
JUBLFOOD30Jan201560PE.NFO,07/01/2020,11:59:41,11,10.7,1000,11.05,500,0,24000
JUBLFOOD30Jan201560PE.NFO,07/01/2020,11:59:55,11,10.7,500,11.05,500,0,24000
JUBLFOOD30Jan201560PE.NFO,07/01/2020,12:00:08,11,10.75,1000,11.15,500,0,24000
JUBLFOOD30Jan201560PE.NFO,07/01/2020,12:00:11,11,10.75,500,11.15,500,0,24000
JUBLFOOD30Jan201560PE.NFO,07/01/2020,12:00:14,11,10.75,1000,11.15,500,0,24000
JUBLFOOD30Jan201560PE.NFO,07/01/2020,12:00:16,11,10.75,500,11.15,500,0,24000
JUBLFOOD30Jan201560PE.NFO,07/01/2020,12:00:31,11,10.75,1000,11.15,500,0,24000
JUBLFOOD30Jan201560PE.NFO,07/01/2020,12:00:54,11,10.75,1000,11.2,500,0,24000
JUBLFOOD30Jan201560PE.NFO,07/01/2020,12:02:37,11,10.7,1000,11.1,500,0,24000
JUBLFOOD30Jan201560PE.NFO,07/01/2020,12:02:50,11,10.7,1000,11.15,500,0,24000
JUBLFOOD30Jan201560PE.NFO,07/01/2020,12:02:59,11,10.7,1000,11.2,500,0,24000
JUBLFOOD30Jan201560PE.NFO,07/01/2020,12:03:14,11,10.7,1000,11.2,1000,0,24000
JUBLFOOD30Jan201560PE.NFO,07/01/2020,12:03:18,11,10.7,1000,11.25,500,0,24000
JUBLFOOD30Jan201560PE.NFO,07/01/2020,12:03:21,11,10.7,1000,11.3,500,0,24000
JUBLFOOD30Jan201560PE.NFO,07/01/2020,12:04:15,11,10.7,1500,11.35,500,0,24000
JUBLFOOD30Jan201560PE.NFO,07/01/2020,12:04:56,11,10.7,1000,11.35,500,0,24000
JUBLFOOD30Jan201560PE.NFO,07/01/2020,12:05:41,11,10.7,1500,13.65,500,0,24000
JUBLFOOD30Jan201560PE.NFO,07/01/2020,12:05:43,11,10.7,1500,12.2,1000,0,24000
JUBLFOOD30Jan201560PE.NFO,07/01/2020,12:05:46,11,10.7,1500,11.9,1000,0,24000
JUBLFOOD30Jan201560PE.NFO,07/01/2020,12:06:51,11,10.7,1000,11.9,1000,0,24000
JUBLFOOD30Jan201560PE.NFO,07/01/2020,12:12:41,11,10.7,1000,11.7,1000,0,24000
JUBLFOOD30Jan201560PE.NFO,07/01/2020,12:13:09,11,10.7,1000,11.5,500,0,24000
JUBLFOOD30Jan201560PE.NFO,07/01/2020,12:13:30,11,10.7,1000,11.55,500,0,24000
JUBLFOOD30Jan201560PE.NFO,07/01/2020,12:14:20,11,10.7,1000,11.5,1000,0,24000
JUBLFOOD30Jan201560PE.NFO,07/01/2020,12:14:30,11,10.7,1000,11.5,500,0,24000
JUBLFOOD30Jan201560PE.NFO,07/01/2020,12:16:06,11,10.8,1500,12.95,500,0,24000
JUBLFOOD30Jan201560PE.NFO,07/01/2020,12:16:10,11,10.8,1500,12.1,1000,0,24000
JUBLFOOD30Jan201560PE.NFO,07/01/2020,12:16:53,11,10.8,1500,12,1000,0,24000
JUBLFOOD30Jan201560PE.NFO,07/01/2020,12:18:48,11,10.8,1500,11.9,1000,0,24000
JUBLFOOD30Jan201560PE.NFO,07/01/2020,12:19:28,11,10.8,1500,11.85,500,0,24000
JUBLFOOD30Jan201560PE.NFO,07/01/2020,12:19:31,11,10.8,1500,11.8,1000,0,24000
JUBLFOOD30Jan201560PE.NFO,07/01/2020,12:19:43,11,10.8,1500,11.7,1000,0,24000
JUBLFOOD30Jan201560PE.NFO,07/01/2020,12:20:54,11,10.8,1500,11.7,500,0,24000
JUBLFOOD30Jan201560PE.NFO,07/01/2020,12:22:57,11,10.8,1500,11.6,1000,0,24000
JUBLFOOD30Jan201560PE.NFO,07/01/2020,12:23:14,11,10.8,1500,11.5,500,0,24000
JUBLFOOD30Jan201560PE.NFO,07/01/2020,12:23:24,11,10.8,1500,11.45,1000,0,24000
JUBLFOOD30Jan201560PE.NFO,07/01/2020,12:23:56,11,10.8,1500,11.45,500,0,24000
JUBLFOOD30Jan201560PE.NFO,07/01/2020,12:23:58,11,10.8,1500,11.45,1000,0,24000
JUBLFOOD30Jan201560PE.NFO,07/01/2020,12:26:31,11,10.8,1500,11.4,500,0,24000
JUBLFOOD30Jan201560PE.NFO,07/01/2020,12:26:51,11,10.8,1500,11.45,500,0,24000
JUBLFOOD30Jan201560PE.NFO,07/01/2020,12:27:03,11,10.8,1500,11.45,1000,0,24000
JUBLFOOD30Jan201560PE.NFO,07/01/2020,12:27:07,11,10.8,1500,11.55,500,0,24000
JUBLFOOD30Jan201560PE.NFO,07/01/2020,12:27:52,11,10.8,1500,11.6,500,0,24000
JUBLFOOD30Jan201560PE.NFO,07/01/2020,12:28:07,11,10.8,1500,11.65,500,0,24000
JUBLFOOD30Jan201560PE.NFO,07/01/2020,12:28:20,11,10.8,1500,11.55,500,0,24000
JUBLFOOD30Jan201560PE.NFO,07/01/2020,12:28:29,11,10.8,1500,11.6,500,0,24000
JUBLFOOD30Jan201560PE.NFO,07/01/2020,12:28:37,11,10.8,1500,11.65,500,0,24000
JUBLFOOD30Jan201560PE.NFO,07/01/2020,12:28:58,11,10.8,1500,11.7,500,0,24000
JUBLFOOD30Jan201560PE.NFO,07/01/2020,12:29:18,11,10.8,1500,11.75,500,0,24000
JUBLFOOD30Jan201560PE.NFO,07/01/2020,12:30:54,11,10.8,1500,11.6,500,0,24000
JUBLFOOD30Jan201560PE.NFO,07/01/2020,12:31:11,11,10.8,1500,11.65,500,0,24000
JUBLFOOD30Jan201560PE.NFO,07/01/2020,12:32:11,11,10.8,1500,11.65,1000,0,24000
JUBLFOOD30Jan201560PE.NFO,07/01/2020,12:32:15,11,10.8,1500,11.65,500,0,24000
JUBLFOOD30Jan201560PE.NFO,07/01/2020,12:32:25,11,10.8,1500,11.65,1000,0,24000
JUBLFOOD30Jan201560PE.NFO,07/01/2020,12:32:34,11,10.8,1500,11.7,1000,0,24000
JUBLFOOD30Jan201560PE.NFO,07/01/2020,12:32:53,11,10.8,1500,11.7,500,0,24000
JUBLFOOD30Jan201560PE.NFO,07/01/2020,12:32:57,11,10.8,1500,11.7,1000,0,24000
JUBLFOOD30Jan201560PE.NFO,07/01/2020,12:33:01,11,10.8,1500,11.7,500,0,24000
JUBLFOOD30Jan201560PE.NFO,07/01/2020,12:33:19,11,10.8,1500,11.7,1000,0,24000
JUBLFOOD30Jan201560PE.NFO,07/01/2020,12:33:25,11,10.8,1500,11.7,500,0,24000
JUBLFOOD30Jan201560PE.NFO,07/01/2020,12:33:35,11,10.8,1500,11.7,1000,0,24000
JUBLFOOD30Jan201560PE.NFO,07/01/2020,12:33:38,11,10.8,1500,11.7,500,0,24000
JUBLFOOD30Jan201560PE.NFO,07/01/2020,12:35:20,11,10.8,1500,11.8,500,0,24000
JUBLFOOD30Jan201560PE.NFO,07/01/2020,12:35:24,11,10.8,1500,11.75,500,0,24000
JUBLFOOD30Jan201560PE.NFO,07/01/2020,12:37:32,11,10.8,1500,11.75,1000,0,24000
JUBLFOOD30Jan201560PE.NFO,07/01/2020,12:38:11,11,10.8,1000,11.65,1000,0,24000
JUBLFOOD30Jan201560PE.NFO,07/01/2020,12:38:26,11,10.9,1000,11.65,500,0,24000
JUBLFOOD30Jan201560PE.NFO,07/01/2020,12:38:30,11,10.9,1000,11.65,1000,0,24000
JUBLFOOD30Jan201560PE.NFO,07/01/2020,12:38:49,11,10.9,1000,11.65,1500,0,24000
JUBLFOOD30Jan201560PE.NFO,07/01/2020,12:39:13,11,10.9,1000,11.65,1000,0,24000
JUBLFOOD30Jan201560PE.NFO,07/01/2020,12:40:43,11,11,1000,11.65,1000,0,24000
JUBLFOOD30Jan201560PE.NFO,07/01/2020,12:41:08,11,11,1000,11.65,500,0,24000
JUBLFOOD30Jan201560PE.NFO,07/01/2020,12:42:14,11,11.2,1000,11.65,500,0,24000
JUBLFOOD30Jan201560PE.NFO,07/01/2020,12:42:17,11,10.85,1000,11.45,1000,0,24000
JUBLFOOD30Jan201560PE.NFO,07/01/2020,12:42:27,11,10.95,500,11.45,1000,0,24000
JUBLFOOD30Jan201560PE.NFO,07/01/2020,12:42:31,11,11.05,500,11.55,1000,0,24000
JUBLFOOD30Jan201560PE.NFO,07/01/2020,12:42:46,11,11.05,500,11.55,500,0,24000
JUBLFOOD30Jan201560PE.NFO,07/01/2020,12:42:51,11,11.15,500,11.55,500,0,24000
JUBLFOOD30Jan201560PE.NFO,07/01/2020,12:43:16,11,11.05,500,11.55,500,0,24000
JUBLFOOD30Jan201560PE.NFO,07/01/2020,12:43:47,11,10.85,1000,11.55,500,0,24000
JUBLFOOD30Jan201560PE.NFO,07/01/2020,12:43:51,11,10.95,500,11.55,500,0,24000
JUBLFOOD30Jan201560PE.NFO,07/01/2020,12:43:56,11,11.05,500,11.55,500,0,24000
JUBLFOOD30Jan201560PE.NFO,07/01/2020,12:44:18,11,11,500,11.55,500,0,24000
JUBLFOOD30Jan201560PE.NFO,07/01/2020,12:44:26,11,11,1000,11.55,500,0,24000
JUBLFOOD30Jan201560PE.NFO,07/01/2020,12:44:30,11,11,500,11.55,500,0,24000
JUBLFOOD30Jan201560PE.NFO,07/01/2020,12:44:40,11,11.05,500,11.55,500,0,24000
JUBLFOOD30Jan201560PE.NFO,07/01/2020,12:44:43,11,11.05,500,11.6,500,0,24000
JUBLFOOD30Jan201560PE.NFO,07/01/2020,12:45:56,11,11.05,500,11.55,1000,0,24000
JUBLFOOD30Jan201560PE.NFO,07/01/2020,12:47:52,11,10.95,500,11.45,1000,0,24000
JUBLFOOD30Jan201560PE.NFO,07/01/2020,12:47:56,11,10.95,500,11.5,500,0,24000
JUBLFOOD30Jan201560PE.NFO,07/01/2020,12:48:00,11,11.05,1000,11.5,500,0,24000
JUBLFOOD30Jan201560PE.NFO,07/01/2020,12:48:05,11,11.05,500,11.5,500,0,24000
JUBLFOOD30Jan201560PE.NFO,07/01/2020,12:49:00,11,11.1,1000,11.5,500,0,24000
JUBLFOOD30Jan201560PE.NFO,07/01/2020,12:49:34,11,11.1,1000,11.6,500,0,24000
JUBLFOOD30Jan201560PE.NFO,07/01/2020,12:50:15,11,11.1,1000,11.55,1000,0,24000
JUBLFOOD30Jan201560PE.NFO,07/01/2020,12:50:18,11,11.1,1000,11.55,500,0,24000
JUBLFOOD30Jan201560PE.NFO,07/01/2020,12:51:08,11,11.1,500,11.45,500,0,24000
JUBLFOOD30Jan201560PE.NFO,07/01/2020,12:51:11,11,11.1,500,11.5,500,0,24000
JUBLFOOD30Jan201560PE.NFO,07/01/2020,12:51:30,11,10.95,1000,11.45,1000,0,24000
JUBLFOOD30Jan201560PE.NFO,07/01/2020,12:51:33,11,11.05,500,11.45,500,0,24000
JUBLFOOD30Jan201560PE.NFO,07/01/2020,12:51:36,11,11.05,500,11.5,500,0,24000
JUBLFOOD30Jan201560PE.NFO,07/01/2020,12:51:57,11,11.05,500,11.45,500,0,24000
JUBLFOOD30Jan201560PE.NFO,07/01/2020,12:52:07,11,11.05,500,11.55,500,0,24000
JUBLFOOD30Jan201560PE.NFO,07/01/2020,12:52:11,11,11.05,500,11.5,500,0,24000
JUBLFOOD30Jan201560PE.NFO,07/01/2020,12:52:14,11,11.05,500,11.55,500,0,24000
JUBLFOOD30Jan201560PE.NFO,07/01/2020,12:52:30,11,11.15,1000,11.6,500,0,24000
JUBLFOOD30Jan201560PE.NFO,07/01/2020,12:52:44,11,11.15,1000,11.65,500,0,24000
JUBLFOOD30Jan201560PE.NFO,07/01/2020,12:52:48,11,11.15,1000,11.6,500,0,24000
JUBLFOOD30Jan201560PE.NFO,07/01/2020,12:52:51,11,11.15,1000,11.6,1000,0,24000
JUBLFOOD30Jan201560PE.NFO,07/01/2020,12:53:02,11,11.15,500,11.6,1000,0,24000
JUBLFOOD30Jan201560PE.NFO,07/01/2020,12:53:19,11,11.15,500,11.65,500,0,24000
JUBLFOOD30Jan201560PE.NFO,07/01/2020,12:53:29,11,11.15,500,11.6,1000,0,24000
JUBLFOOD30Jan201560PE.NFO,07/01/2020,12:53:57,11,11.25,500,11.65,500,0,24000
JUBLFOOD30Jan201560PE.NFO,07/01/2020,12:54:15,11,11.25,500,11.7,500,0,24000
JUBLFOOD30Jan201560PE.NFO,07/01/2020,12:54:49,11,11.25,500,11.65,1000,0,24000
JUBLFOOD30Jan201560PE.NFO,07/01/2020,12:55:20,11,11.25,500,11.65,500,0,24000
JUBLFOOD30Jan201560PE.NFO,07/01/2020,12:56:13,11,11.25,500,11.7,500,0,24000
JUBLFOOD30Jan201560PE.NFO,07/01/2020,12:56:50,11,11.35,500,11.75,500,0,24000
JUBLFOOD30Jan201560PE.NFO,07/01/2020,12:56:54,11,11.35,500,11.8,500,0,24000
JUBLFOOD30Jan201560PE.NFO,07/01/2020,12:56:59,11,11.35,500,11.85,500,0,24000
JUBLFOOD30Jan201560PE.NFO,07/01/2020,12:57:06,11,11.35,500,11.9,500,0,24000
JUBLFOOD30Jan201560PE.NFO,07/01/2020,12:57:10,11,11.35,500,11.95,500,0,24000
JUBLFOOD30Jan201560PE.NFO,07/01/2020,12:57:15,11,11.45,1000,11.95,500,0,24000
JUBLFOOD30Jan201560PE.NFO,07/01/2020,12:57:22,11,11.45,1000,12,500,0,24000
JUBLFOOD30Jan201560PE.NFO,07/01/2020,12:57:27,11,11.6,1000,12.1,500,0,24000
JUBLFOOD30Jan201560PE.NFO,07/01/2020,12:57:35,11,11.6,1000,12.15,500,0,24000
JUBLFOOD30Jan201560PE.NFO,07/01/2020,12:57:52,11,11.6,500,12.15,500,0,24000
JUBLFOOD30Jan201560PE.NFO,07/01/2020,12:58:34,11,11.6,500,12.05,1000,0,24000
JUBLFOOD30Jan201560PE.NFO,07/01/2020,12:58:39,11,11.6,500,12.05,500,0,24000
JUBLFOOD30Jan201560PE.NFO,07/01/2020,12:58:53,11,11.6,500,12.1,500,0,24000
JUBLFOOD30Jan201560PE.NFO,07/01/2020,13:00:09,11,11.6,500,12.15,500,0,24000
JUBLFOOD30Jan201560PE.NFO,07/01/2020,13:00:29,11,11.6,500,12.2,500,0,24000
JUBLFOOD30Jan201560PE.NFO,07/01/2020,13:01:08,11,11.9,1000,12.35,500,0,24000
JUBLFOOD30Jan201560PE.NFO,07/01/2020,13:01:16,11,12,1000,12.45,500,0,24000
JUBLFOOD30Jan201560PE.NFO,07/01/2020,13:01:22,11,12,1000,12.5,500,0,24000
JUBLFOOD30Jan201560PE.NFO,07/01/2020,13:01:29,11,12,500,12.4,500,0,24000
JUBLFOOD30Jan201560PE.NFO,07/01/2020,13:01:36,11,12,500,12.45,500,0,24000
JUBLFOOD30Jan201560PE.NFO,07/01/2020,13:01:52,11,11.95,500,12.35,500,0,24000
JUBLFOOD30Jan201560PE.NFO,07/01/2020,13:01:58,11,11.85,500,12.3,500,0,24000
JUBLFOOD30Jan201560PE.NFO,07/01/2020,13:02:38,11,11.85,500,12.35,500,0,24000
JUBLFOOD30Jan201560PE.NFO,07/01/2020,13:02:52,11,11.85,500,12.3,1000,0,24000
JUBLFOOD30Jan201560PE.NFO,07/01/2020,13:03:17,11,11.85,500,12.3,1500,0,24000
JUBLFOOD30Jan201560PE.NFO,07/01/2020,13:04:25,11,11.85,500,12.3,1000,0,24000
JUBLFOOD30Jan201560PE.NFO,07/01/2020,13:04:29,11,11.85,500,12.3,1500,0,24000
JUBLFOOD30Jan201560PE.NFO,07/01/2020,13:04:32,11,11.85,500,12.3,1000,0,24000
JUBLFOOD30Jan201560PE.NFO,07/01/2020,13:04:37,11,11.85,500,12.3,1500,0,24000
JUBLFOOD30Jan201560PE.NFO,07/01/2020,13:04:46,11,11.95,500,12.4,500,0,24000
JUBLFOOD30Jan201560PE.NFO,07/01/2020,13:04:54,11,11.95,500,12.35,500,0,24000
JUBLFOOD30Jan201560PE.NFO,07/01/2020,13:05:00,11,11.95,500,12.4,500,0,24000
JUBLFOOD30Jan201560PE.NFO,07/01/2020,13:05:07,11,12,1000,12.4,500,0,24000
JUBLFOOD30Jan201560PE.NFO,07/01/2020,13:05:15,11,12,500,12.4,500,0,24000
JUBLFOOD30Jan201560PE.NFO,07/01/2020,13:05:21,11,12,500,12.35,500,0,24000
JUBLFOOD30Jan201560PE.NFO,07/01/2020,13:05:38,11,11.9,500,12.35,1000,0,24000
JUBLFOOD30Jan201560PE.NFO,07/01/2020,13:05:44,11,11.9,500,12.4,500,0,24000
JUBLFOOD30Jan201560PE.NFO,07/01/2020,13:05:49,11,12,500,12.4,500,0,24000
JUBLFOOD30Jan201560PE.NFO,07/01/2020,13:05:55,11,11.9,500,12.3,500,0,24000
JUBLFOOD30Jan201560PE.NFO,07/01/2020,13:06:13,11,11.9,500,12.35,1000,0,24000
JUBLFOOD30Jan201560PE.NFO,07/01/2020,13:06:19,11,12,500,12.4,1000,0,24000
JUBLFOOD30Jan201560PE.NFO,07/01/2020,13:06:59,11,12,500,12.4,500,0,24000
JUBLFOOD30Jan201560PE.NFO,07/01/2020,13:07:09,11,12,500,12.4,1000,0,24000
JUBLFOOD30Jan201560PE.NFO,07/01/2020,13:07:39,11,12.1,500,12.75,500,0,24000
JUBLFOOD30Jan201560PE.NFO,07/01/2020,13:07:44,11,12.1,500,12.7,1000,0,24000
JUBLFOOD30Jan201560PE.NFO,07/01/2020,13:08:20,11,12.2,500,12.7,500,0,24000
JUBLFOOD30Jan201560PE.NFO,07/01/2020,13:08:45,11,12.2,500,12.75,500,0,24000
JUBLFOOD30Jan201560PE.NFO,07/01/2020,13:08:52,11,12.3,500,12.75,500,0,24000
JUBLFOOD30Jan201560PE.NFO,07/01/2020,13:08:59,11,11.85,1000,12.75,500,0,24000
JUBLFOOD30Jan201560PE.NFO,07/01/2020,13:09:06,11,11.95,1000,12.75,500,0,24000
JUBLFOOD30Jan201560PE.NFO,07/01/2020,13:09:14,11,12.05,1000,12.75,500,0,24000
JUBLFOOD30Jan201560PE.NFO,07/01/2020,13:11:28,11,12.05,1000,12.5,500,0,24000
JUBLFOOD30Jan201560PE.NFO,07/01/2020,13:13:07,11,12.05,1000,12.25,500,0,24000
JUBLFOOD30Jan201560PE.NFO,07/01/2020,13:13:24,12.25,12.05,1000,12.9,1000,500,23000
JUBLFOOD30Jan201560PE.NFO,07/01/2020,13:13:24,12.25,12.05,1000,12.9,1000,0,23000
JUBLFOOD30Jan201560PE.NFO,07/01/2020,13:13:28,12.25,12.05,1000,12.8,1000,0,23000
JUBLFOOD30Jan201560PE.NFO,07/01/2020,13:13:33,12.25,12.05,1000,12.7,1000,0,23000
JUBLFOOD30Jan201560PE.NFO,07/01/2020,13:13:42,12.25,12.05,1000,12.7,500,0,23000
JUBLFOOD30Jan201560PE.NFO,07/01/2020,13:13:56,12.25,12.15,1000,12.8,500,0,23000
JUBLFOOD30Jan201560PE.NFO,07/01/2020,13:15:19,12.25,12.15,1000,12.7,500,0,23000
JUBLFOOD30Jan201560PE.NFO,07/01/2020,13:15:27,12.25,12.15,1000,12.75,500,0,23000
JUBLFOOD30Jan201560PE.NFO,07/01/2020,13:16:10,12.25,12.15,500,12.75,500,0,23000
JUBLFOOD30Jan201560PE.NFO,07/01/2020,13:17:18,12.25,11.45,1000,12.65,1000,0,23000
JUBLFOOD30Jan201560PE.NFO,07/01/2020,13:17:23,12.25,11.85,1000,12.65,1000,0,23000
JUBLFOOD30Jan201560PE.NFO,07/01/2020,13:17:48,12.25,11.95,1000,12.65,500,0,23000
JUBLFOOD30Jan201560PE.NFO,07/01/2020,13:20:41,12.25,11.95,1000,12.55,1000,0,23000
JUBLFOOD30Jan201560PE.NFO,07/01/2020,13:21:09,12.25,11.95,1000,12.55,500,0,23000
JUBLFOOD30Jan201560PE.NFO,07/01/2020,13:22:17,12.25,11.95,500,12.55,500,0,23000
JUBLFOOD30Jan201560PE.NFO,07/01/2020,13:22:59,12.25,12,1000,12.55,500,0,23000
JUBLFOOD30Jan201560PE.NFO,07/01/2020,13:23:28,12.25,12,1000,12.45,500,0,23000
JUBLFOOD30Jan201560PE.NFO,07/01/2020,13:23:50,12.25,12,1000,12.5,500,0,23000
JUBLFOOD30Jan201560PE.NFO,07/01/2020,13:24:08,12.25,12,1000,12.55,500,0,23000
JUBLFOOD30Jan201560PE.NFO,07/01/2020,13:24:14,12.25,12,1000,12.45,500,0,23000
JUBLFOOD30Jan201560PE.NFO,07/01/2020,13:24:58,12.25,11.5,500,12.35,1000,0,23000
JUBLFOOD30Jan201560PE.NFO,07/01/2020,13:25:03,12.25,11.65,1000,12.35,1000,0,23000
JUBLFOOD30Jan201560PE.NFO,07/01/2020,13:26:07,12.25,11.65,500,12.35,1000,0,23000
JUBLFOOD30Jan201560PE.NFO,07/01/2020,13:26:34,12.25,11.6,500,12.35,1000,0,23000
JUBLFOOD30Jan201560PE.NFO,07/01/2020,13:27:35,12.25,11.7,500,12.35,1000,0,23000
JUBLFOOD30Jan201560PE.NFO,07/01/2020,13:28:00,12.25,11.75,1000,12.35,1000,0,23000
JUBLFOOD30Jan201560PE.NFO,07/01/2020,13:28:50,12.25,11.75,1500,12.45,500,0,23000
JUBLFOOD30Jan201560PE.NFO,07/01/2020,13:29:17,12.25,11.75,1500,12.5,500,0,23000
JUBLFOOD30Jan201560PE.NFO,07/01/2020,13:29:41,12.25,11.85,1000,12.5,500,0,23000
JUBLFOOD30Jan201560PE.NFO,07/01/2020,13:30:36,12.25,11.95,1000,12.55,500,0,23000
JUBLFOOD30Jan201560PE.NFO,07/01/2020,13:31:06,12.25,11.95,1000,12.6,500,0,23000
JUBLFOOD30Jan201560PE.NFO,07/01/2020,13:31:36,12.25,12.05,1000,12.65,500,0,23000
JUBLFOOD30Jan201560PE.NFO,07/01/2020,13:32:15,12.25,12.15,1000,12.7,500,0,23000
JUBLFOOD30Jan201560PE.NFO,07/01/2020,13:32:49,12.25,12.15,1000,12.75,500,0,23000
JUBLFOOD30Jan201560PE.NFO,07/01/2020,13:32:59,12.25,12.15,1000,12.85,500,0,23000
JUBLFOOD30Jan201560PE.NFO,07/01/2020,13:34:36,12.25,12.15,1000,12.75,500,0,23000
JUBLFOOD30Jan201560PE.NFO,07/01/2020,13:35:38,12.25,12.15,500,12.75,500,0,23000
JUBLFOOD30Jan201560PE.NFO,07/01/2020,13:38:41,12.25,12.15,500,12.65,1000,0,23000
JUBLFOOD30Jan201560PE.NFO,07/01/2020,13:38:46,12.65,12.15,500,12.7,1000,500,23500
JUBLFOOD30Jan201560PE.NFO,07/01/2020,13:38:46,12.65,12.15,500,12.7,1000,0,23500
JUBLFOOD30Jan201560PE.NFO,07/01/2020,13:38:50,12.65,12.15,500,12.7,1000,0,23500
JUBLFOOD30Jan201560PE.NFO,07/01/2020,13:39:42,12.65,12.25,1000,12.7,500,0,23500
JUBLFOOD30Jan201560PE.NFO,07/01/2020,13:39:53,12.65,12.35,500,13.6,1000,0,23500
JUBLFOOD30Jan201560PE.NFO,07/01/2020,13:44:01,12.65,12.35,500,13.5,1000,0,23500
JUBLFOOD30Jan201560PE.NFO,07/01/2020,13:44:33,12.65,12.3,500,13.4,1000,0,23500
JUBLFOOD30Jan201560PE.NFO,07/01/2020,13:45:05,12.65,12.3,500,13.3,1000,0,23500
JUBLFOOD30Jan201560PE.NFO,07/01/2020,13:45:10,12.65,12.25,500,13.15,1000,0,23500
JUBLFOOD30Jan201560PE.NFO,07/01/2020,13:45:46,12.25,11.45,1000,12.95,1000,500,24000
JUBLFOOD30Jan201560PE.NFO,07/01/2020,13:45:52,12.25,11.45,1000,12.95,1000,0,24000
JUBLFOOD30Jan201560PE.NFO,07/01/2020,13:46:02,12.25,11.55,1000,12.95,1000,0,24000
JUBLFOOD30Jan201560PE.NFO,07/01/2020,13:46:28,12.25,11.55,1000,12.85,1000,0,24000
JUBLFOOD30Jan201560PE.NFO,07/01/2020,13:46:38,12.25,11.55,1000,12.75,1000,0,24000
JUBLFOOD30Jan201560PE.NFO,07/01/2020,13:47:11,12.25,11.55,1000,12.65,1000,0,24000
JUBLFOOD30Jan201560PE.NFO,07/01/2020,13:48:46,12.25,11.55,1000,12.55,1000,0,24000
JUBLFOOD30Jan201560PE.NFO,07/01/2020,13:49:03,12.25,11.55,1000,12.45,1000,0,24000
JUBLFOOD30Jan201560PE.NFO,07/01/2020,13:51:33,12.25,11.55,1000,12.35,1000,0,24000
JUBLFOOD30Jan201560PE.NFO,07/01/2020,13:52:45,12.25,11.65,1000,12.35,1000,0,24000
JUBLFOOD30Jan201560PE.NFO,07/01/2020,13:52:50,12.25,11.65,500,12.35,1000,0,24000
JUBLFOOD30Jan201560PE.NFO,07/01/2020,13:53:43,12.25,11.75,500,12.35,1000,0,24000
JUBLFOOD30Jan201560PE.NFO,07/01/2020,13:54:10,12.25,11.7,500,12.25,1000,0,24000
JUBLFOOD30Jan201560PE.NFO,07/01/2020,13:54:14,12.25,11.7,500,12.25,500,0,24000
JUBLFOOD30Jan201560PE.NFO,07/01/2020,13:54:50,12.25,11.8,500,12.25,500,0,24000
JUBLFOOD30Jan201560PE.NFO,07/01/2020,13:55:09,12.25,11.7,500,12.15,500,0,24000
JUBLFOOD30Jan201560PE.NFO,07/01/2020,13:55:25,12.25,11.7,500,12.2,500,0,24000
JUBLFOOD30Jan201560PE.NFO,07/01/2020,13:55:31,12.25,11.7,500,12.1,500,0,24000
JUBLFOOD30Jan201560PE.NFO,07/01/2020,13:55:57,12.25,11.8,500,12.2,500,0,24000
JUBLFOOD30Jan201560PE.NFO,07/01/2020,13:56:09,12.25,11.75,500,12.2,500,0,24000
JUBLFOOD30Jan201560PE.NFO,07/01/2020,13:56:31,12.25,11.75,500,12.25,500,0,24000
JUBLFOOD30Jan201560PE.NFO,07/01/2020,13:58:43,12.25,11.7,500,12.15,500,0,24000
JUBLFOOD30Jan201560PE.NFO,07/01/2020,14:00:08,12.25,11.7,500,12.2,500,0,24000
JUBLFOOD30Jan201560PE.NFO,07/01/2020,14:00:19,12.25,11.7,500,12.1,500,0,24000
JUBLFOOD30Jan201560PE.NFO,07/01/2020,14:00:32,12.25,11.7,500,12.15,500,0,24000
JUBLFOOD30Jan201560PE.NFO,07/01/2020,14:00:41,12.25,11.7,500,12.1,1000,0,24000
JUBLFOOD30Jan201560PE.NFO,07/01/2020,14:01:00,12.25,11.75,1000,12.15,500,0,24000
JUBLFOOD30Jan201560PE.NFO,07/01/2020,14:01:06,12.25,11.75,500,12.2,500,0,24000
JUBLFOOD30Jan201560PE.NFO,07/01/2020,14:01:55,12.25,11.7,500,12.2,500,0,24000
JUBLFOOD30Jan201560PE.NFO,07/01/2020,14:03:10,12.25,11.7,500,12.15,1000,0,24000
JUBLFOOD30Jan201560PE.NFO,07/01/2020,14:04:06,12.25,11.65,500,12.15,1000,0,24000
JUBLFOOD30Jan201560PE.NFO,07/01/2020,14:04:09,12.25,11.65,500,12.15,1500,0,24000
JUBLFOOD30Jan201560PE.NFO,07/01/2020,14:05:01,12.25,11.7,500,12.15,500,0,24000
JUBLFOOD30Jan201560PE.NFO,07/01/2020,14:05:10,12.25,11.7,500,12.2,500,0,24000
JUBLFOOD30Jan201560PE.NFO,07/01/2020,14:05:35,12.25,11.8,500,12.25,500,0,24000
JUBLFOOD30Jan201560PE.NFO,07/01/2020,14:06:00,12.25,11.8,500,12.2,1000,0,24000
JUBLFOOD30Jan201560PE.NFO,07/01/2020,14:06:19,12.25,11.75,500,12.2,1000,0,24000
JUBLFOOD30Jan201560PE.NFO,07/01/2020,14:06:37,12.25,11.8,500,12.2,500,0,24000
JUBLFOOD30Jan201560PE.NFO,07/01/2020,14:06:42,12.25,11.75,500,12.2,500,0,24000
JUBLFOOD30Jan201560PE.NFO,07/01/2020,14:06:51,12.25,11.75,500,12.1,500,0,24000
JUBLFOOD30Jan201560PE.NFO,07/01/2020,14:07:09,12.25,11.7,500,12.1,500,0,24000
JUBLFOOD30Jan201560PE.NFO,07/01/2020,14:07:27,12.25,11.7,500,12.2,500,0,24000
JUBLFOOD30Jan201560PE.NFO,07/01/2020,14:07:34,12.25,11.8,500,12.25,500,0,24000
JUBLFOOD30Jan201560PE.NFO,07/01/2020,14:08:45,12.25,11.8,500,12.8,1000,0,24000
JUBLFOOD30Jan201560PE.NFO,07/01/2020,14:09:46,12.25,11.75,500,12.8,1000,0,24000
JUBLFOOD30Jan201560PE.NFO,07/01/2020,14:10:02,12.25,11.65,500,12.7,1000,0,24000
JUBLFOOD30Jan201560PE.NFO,07/01/2020,14:11:47,12.25,11.75,1000,12.7,1000,0,24000
JUBLFOOD30Jan201560PE.NFO,07/01/2020,14:12:09,12.25,11.75,1000,12.6,1000,0,24000
JUBLFOOD30Jan201560PE.NFO,07/01/2020,14:13:27,12.25,11.75,1000,12.5,1000,0,24000
JUBLFOOD30Jan201560PE.NFO,07/01/2020,14:14:31,12.25,11.85,1000,12.5,1000,0,24000
JUBLFOOD30Jan201560PE.NFO,07/01/2020,14:14:42,12.25,11.85,500,12.4,1000,0,24000
JUBLFOOD30Jan201560PE.NFO,07/01/2020,14:14:47,12.25,11.85,500,12.4,500,0,24000
JUBLFOOD30Jan201560PE.NFO,07/01/2020,14:15:16,12.25,11.75,1000,12.3,1000,0,24000
JUBLFOOD30Jan201560PE.NFO,07/01/2020,14:15:23,12.25,11.75,1000,12.3,500,0,24000
JUBLFOOD30Jan201560PE.NFO,07/01/2020,14:15:29,12.25,11.75,1000,12.35,500,0,24000
JUBLFOOD30Jan201560PE.NFO,07/01/2020,14:16:42,12.25,11.75,1000,12.3,500,0,24000
JUBLFOOD30Jan201560PE.NFO,07/01/2020,14:16:48,12.25,11.75,1000,12.35,500,0,24000
JUBLFOOD30Jan201560PE.NFO,07/01/2020,14:16:57,12.25,11.75,1000,12.3,500,0,24000
JUBLFOOD30Jan201560PE.NFO,07/01/2020,14:17:01,12.25,11.95,500,13.45,1000,0,24000
JUBLFOOD30Jan201560PE.NFO,07/01/2020,14:18:20,12.25,11.9,500,13.35,1000,0,24000
JUBLFOOD30Jan201560PE.NFO,07/01/2020,14:18:37,12.25,11.8,500,13.25,1000,0,24000
JUBLFOOD30Jan201560PE.NFO,07/01/2020,14:18:42,11.8,11.1,500,13.2,500,500,24000
JUBLFOOD30Jan201560PE.NFO,07/01/2020,14:18:46,11.8,11.15,1000,13.15,1000,0,24000
JUBLFOOD30Jan201560PE.NFO,07/01/2020,14:19:28,11.8,11.15,1000,13.05,1000,0,24000
JUBLFOOD30Jan201560PE.NFO,07/01/2020,14:19:40,11.8,11.15,1000,12.95,1000,0,24000
JUBLFOOD30Jan201560PE.NFO,07/01/2020,14:20:46,11.8,11.15,1000,12.85,1000,0,24000
JUBLFOOD30Jan201560PE.NFO,07/01/2020,14:20:53,11.8,11.15,1000,12.75,1000,0,24000
JUBLFOOD30Jan201560PE.NFO,07/01/2020,14:21:13,11.8,11.15,1000,12.65,1000,0,24000
JUBLFOOD30Jan201560PE.NFO,07/01/2020,14:21:36,11.8,11.15,1000,12.55,1500,0,24000
JUBLFOOD30Jan201560PE.NFO,07/01/2020,14:21:39,11.8,11.15,1000,12.55,1000,0,24000
JUBLFOOD30Jan201560PE.NFO,07/01/2020,14:21:56,11.8,11.15,1000,12.45,1500,0,24000
JUBLFOOD30Jan201560PE.NFO,07/01/2020,14:21:59,11.8,11.15,1000,12.45,1000,0,24000
JUBLFOOD30Jan201560PE.NFO,07/01/2020,14:22:12,11.8,11.15,1000,12.35,1000,0,24000
JUBLFOOD30Jan201560PE.NFO,07/01/2020,14:22:29,11.8,11.15,500,12.35,1000,0,24000
JUBLFOOD30Jan201560PE.NFO,07/01/2020,14:23:14,11.8,11.1,500,12.35,1000,0,24000
JUBLFOOD30Jan201560PE.NFO,07/01/2020,14:24:18,11.8,11.1,500,12.25,1000,0,24000
JUBLFOOD30Jan201560PE.NFO,07/01/2020,14:24:24,11.8,11,500,12.05,1000,0,24000
JUBLFOOD30Jan201560PE.NFO,07/01/2020,14:25:12,11.8,11.1,500,12.05,1000,0,24000
JUBLFOOD30Jan201560PE.NFO,07/01/2020,14:25:15,11.8,11.15,500,12.05,1000,0,24000
JUBLFOOD30Jan201560PE.NFO,07/01/2020,14:25:25,11.8,11.1,500,11.95,1000,0,24000
JUBLFOOD30Jan201560PE.NFO,07/01/2020,14:27:16,11.8,11.1,500,11.85,1000,0,24000
JUBLFOOD30Jan201560PE.NFO,07/01/2020,14:28:19,11.8,11.2,1000,11.85,1000,0,24000
JUBLFOOD30Jan201560PE.NFO,07/01/2020,14:28:23,11.8,11.2,500,11.85,1000,0,24000
JUBLFOOD30Jan201560PE.NFO,07/01/2020,14:28:32,11.8,11.4,500,11.85,1000,0,24000
JUBLFOOD30Jan201560PE.NFO,07/01/2020,14:30:35,11.8,11.4,500,11.75,1000,0,24000
JUBLFOOD30Jan201560PE.NFO,07/01/2020,14:31:21,11.8,11.4,500,11.65,1000,0,24000
JUBLFOOD30Jan201560PE.NFO,07/01/2020,14:34:12,11.4,10.95,1000,11.55,1000,500,24000
JUBLFOOD30Jan201560PE.NFO,07/01/2020,14:34:49,11.4,10.85,500,11.3,500,0,24000
JUBLFOOD30Jan201560PE.NFO,07/01/2020,14:35:29,11.4,10.95,500,11.35,500,0,24000
JUBLFOOD30Jan201560PE.NFO,07/01/2020,14:35:57,11.4,10.95,500,11.4,500,0,24000
JUBLFOOD30Jan201560PE.NFO,07/01/2020,14:36:44,11.4,11,1000,11.4,500,0,24000
JUBLFOOD30Jan201560PE.NFO,07/01/2020,14:36:58,11.4,10.95,500,11.35,1000,0,24000
JUBLFOOD30Jan201560PE.NFO,07/01/2020,14:37:17,11.4,10.95,500,11.4,500,0,24000
JUBLFOOD30Jan201560PE.NFO,07/01/2020,14:37:23,11.4,11,1000,11.4,500,0,24000
JUBLFOOD30Jan201560PE.NFO,07/01/2020,14:37:32,11.4,11,500,11.35,1000,0,24000
JUBLFOOD30Jan201560PE.NFO,07/01/2020,14:37:37,11.4,10.95,500,11.35,1000,0,24000
JUBLFOOD30Jan201560PE.NFO,07/01/2020,14:37:43,11.4,11,1000,11.4,500,0,24000
JUBLFOOD30Jan201560PE.NFO,07/01/2020,14:38:03,11.4,10.95,500,11.35,1000,0,24000
JUBLFOOD30Jan201560PE.NFO,07/01/2020,14:38:26,11.4,10.95,500,11.35,500,0,24000
JUBLFOOD30Jan201560PE.NFO,07/01/2020,14:38:32,11.4,10.95,1000,11.35,500,0,24000
JUBLFOOD30Jan201560PE.NFO,07/01/2020,14:38:54,11.4,11,500,11.4,500,0,24000
JUBLFOOD30Jan201560PE.NFO,07/01/2020,14:39:04,11.4,11.05,1000,11.4,500,0,24000
JUBLFOOD30Jan201560PE.NFO,07/01/2020,14:39:14,11.4,11,1000,11.35,500,0,24000
JUBLFOOD30Jan201560PE.NFO,07/01/2020,14:39:28,11.4,11,500,11.4,500,0,24000
JUBLFOOD30Jan201560PE.NFO,07/01/2020,14:39:35,11.4,11,1000,11.4,500,0,24000
JUBLFOOD30Jan201560PE.NFO,07/01/2020,14:39:41,11.4,11,500,11.4,500,0,24000
JUBLFOOD30Jan201560PE.NFO,07/01/2020,14:39:46,11.4,11,1000,11.4,500,0,24000
JUBLFOOD30Jan201560PE.NFO,07/01/2020,14:39:57,11.4,11,500,11.4,500,0,24000
JUBLFOOD30Jan201560PE.NFO,07/01/2020,14:40:02,11.4,11,1000,11.35,500,0,24000
JUBLFOOD30Jan201560PE.NFO,07/01/2020,14:40:20,11.4,11,500,11.35,500,0,24000
JUBLFOOD30Jan201560PE.NFO,07/01/2020,14:40:48,11.4,11,1000,11.35,500,0,24000
JUBLFOOD30Jan201560PE.NFO,07/01/2020,14:41:04,11.4,11,500,12.7,1000,0,24000
JUBLFOOD30Jan201560PE.NFO,07/01/2020,14:41:10,11.4,11,500,12.2,1000,0,24000
JUBLFOOD30Jan201560PE.NFO,07/01/2020,14:41:32,11.4,10.95,500,12.05,1000,0,24000
JUBLFOOD30Jan201560PE.NFO,07/01/2020,14:43:07,11.4,10.9,500,12.05,1000,0,24000
JUBLFOOD30Jan201560PE.NFO,07/01/2020,14:43:12,11.4,10.85,500,12.05,1000,0,24000
JUBLFOOD30Jan201560PE.NFO,07/01/2020,14:44:15,11.4,10.85,500,11.95,1000,0,24000
JUBLFOOD30Jan201560PE.NFO,07/01/2020,14:45:14,11.4,11.2,1000,11.95,1000,0,24000
JUBLFOOD30Jan201560PE.NFO,07/01/2020,14:46:56,11.4,11.2,1000,11.85,1000,0,24000
JUBLFOOD30Jan201560PE.NFO,07/01/2020,14:47:42,11.4,11.15,500,11.75,1000,0,24000
JUBLFOOD30Jan201560PE.NFO,07/01/2020,14:49:16,11.4,11.25,500,11.75,1000,0,24000
JUBLFOOD30Jan201560PE.NFO,07/01/2020,14:50:34,11.4,11.35,500,11.75,500,0,24000
JUBLFOOD30Jan201560PE.NFO,07/01/2020,14:50:41,11.4,11.35,500,11.8,500,0,24000
JUBLFOOD30Jan201560PE.NFO,07/01/2020,14:51:02,11.4,11.45,500,11.8,500,0,24000
JUBLFOOD30Jan201560PE.NFO,07/01/2020,14:51:08,11.4,11.4,1000,11.8,500,0,24000
JUBLFOOD30Jan201560PE.NFO,07/01/2020,14:51:26,11.4,11.35,500,11.75,1000,0,24000
JUBLFOOD30Jan201560PE.NFO,07/01/2020,14:51:31,11.4,11.3,500,11.75,1000,0,24000
JUBLFOOD30Jan201560PE.NFO,07/01/2020,14:51:36,11.4,11.4,500,12.9,1000,0,24000
JUBLFOOD30Jan201560PE.NFO,07/01/2020,14:51:41,11.4,11.4,500,12.4,1000,0,24000
JUBLFOOD30Jan201560PE.NFO,07/01/2020,14:53:00,11.4,11.35,500,12.25,1000,0,24000
JUBLFOOD30Jan201560PE.NFO,07/01/2020,14:53:44,11.4,11.35,500,12.15,1000,0,24000
JUBLFOOD30Jan201560PE.NFO,07/01/2020,14:53:58,11.4,11.3,500,12.05,1000,0,24000
JUBLFOOD30Jan201560PE.NFO,07/01/2020,14:54:42,11.4,11.4,500,12.05,1000,0,24000
JUBLFOOD30Jan201560PE.NFO,07/01/2020,14:55:58,11.4,11.45,1000,12.05,1000,0,24000
JUBLFOOD30Jan201560PE.NFO,07/01/2020,14:59:45,11.4,11.45,1000,12,500,0,24000
JUBLFOOD30Jan201560PE.NFO,07/01/2020,14:59:49,11.4,11.45,1000,11.95,1000,0,24000
JUBLFOOD30Jan201560PE.NFO,07/01/2020,15:00:05,11.4,11.15,1000,11.75,1000,0,24000
JUBLFOOD30Jan201560PE.NFO,07/01/2020,15:00:22,11.4,11.25,1000,11.75,500,0,24000
JUBLFOOD30Jan201560PE.NFO,07/01/2020,15:00:30,11.4,11.25,500,11.75,500,0,24000
JUBLFOOD30Jan201560PE.NFO,07/01/2020,15:01:05,11.4,11.25,500,11.85,1000,0,24000
JUBLFOOD30Jan201560PE.NFO,07/01/2020,15:01:11,11.4,11.25,500,11.75,500,0,24000
JUBLFOOD30Jan201560PE.NFO,07/01/2020,15:01:16,11.4,11.35,500,11.8,500,0,24000
JUBLFOOD30Jan201560PE.NFO,07/01/2020,15:01:21,11.4,11.4,500,14.7,5500,0,24000
JUBLFOOD30Jan201560PE.NFO,07/01/2020,15:01:46,11.4,11.3,500,14.7,5500,0,24000
JUBLFOOD30Jan201560PE.NFO,07/01/2020,15:03:31,11.4,11.3,500,14.7,3500,0,24000
JUBLFOOD30Jan201560PE.NFO,07/01/2020,15:03:36,11.4,11.3,500,14.7,5500,0,24000
JUBLFOOD30Jan201560PE.NFO,07/01/2020,15:03:41,11.4,11.3,500,14.4,1500,0,24000
JUBLFOOD30Jan201560PE.NFO,07/01/2020,15:03:46,11.4,11.3,500,13.35,1000,0,24000
JUBLFOOD30Jan201560PE.NFO,07/01/2020,15:05:07,11.4,11.3,500,13.25,1000,0,24000
JUBLFOOD30Jan201560PE.NFO,07/01/2020,15:05:11,11.4,11.3,500,13.15,1000,0,24000
JUBLFOOD30Jan201560PE.NFO,07/01/2020,15:05:39,11.4,11.3,500,13.05,1000,0,24000
JUBLFOOD30Jan201560PE.NFO,07/01/2020,15:05:44,11.4,11.3,500,12.95,1000,0,24000
JUBLFOOD30Jan201560PE.NFO,07/01/2020,15:05:49,11.4,11.3,500,12.85,1000,0,24000
JUBLFOOD30Jan201560PE.NFO,07/01/2020,15:06:48,11.4,11.3,500,12.75,1000,0,24000
JUBLFOOD30Jan201560PE.NFO,07/01/2020,15:07:02,11.4,11.3,500,12.65,1000,0,24000
JUBLFOOD30Jan201560PE.NFO,07/01/2020,15:07:15,11.4,11.15,500,12.55,1000,0,24000
JUBLFOOD30Jan201560PE.NFO,07/01/2020,15:07:47,11.4,11.15,500,12.45,1000,0,24000
JUBLFOOD30Jan201560PE.NFO,07/01/2020,15:08:15,11.4,11.15,500,12.35,1000,0,24000
JUBLFOOD30Jan201560PE.NFO,07/01/2020,15:08:20,11.4,11.2,1000,12.35,1000,0,24000
JUBLFOOD30Jan201560PE.NFO,07/01/2020,15:08:25,11.4,11.2,500,12.35,1000,0,24000
JUBLFOOD30Jan201560PE.NFO,07/01/2020,15:08:41,11.4,11.2,500,12.25,1000,0,24000
JUBLFOOD30Jan201560PE.NFO,07/01/2020,15:08:55,11.4,11.2,1000,12.25,1000,0,24000
JUBLFOOD30Jan201560PE.NFO,07/01/2020,15:08:59,11.4,11.15,500,12.25,1000,0,24000
JUBLFOOD30Jan201560PE.NFO,07/01/2020,15:09:05,11.4,11.15,1000,12.25,1000,0,24000
JUBLFOOD30Jan201560PE.NFO,07/01/2020,15:09:15,11.4,11.15,1000,12.15,1000,0,24000
JUBLFOOD30Jan201560PE.NFO,07/01/2020,15:09:20,11.4,11.15,500,12.15,1000,0,24000
JUBLFOOD30Jan201560PE.NFO,07/01/2020,15:09:25,11.4,11.15,500,12.05,1000,0,24000
JUBLFOOD30Jan201560PE.NFO,07/01/2020,15:09:38,11.4,11.1,500,11.95,1000,0,24000
JUBLFOOD30Jan201560PE.NFO,07/01/2020,15:10:29,11.4,11.1,500,11.85,1000,0,24000
JUBLFOOD30Jan201560PE.NFO,07/01/2020,15:10:45,11.4,10.9,500,11.75,1000,0,24000
JUBLFOOD30Jan201560PE.NFO,07/01/2020,15:10:55,11.4,10.9,1000,11.75,1000,0,24000
JUBLFOOD30Jan201560PE.NFO,07/01/2020,15:11:58,11.4,10.9,1000,11.65,1000,0,24000
JUBLFOOD30Jan201560PE.NFO,07/01/2020,15:13:42,11.4,10.9,1000,11.55,1000,0,24000
JUBLFOOD30Jan201560PE.NFO,07/01/2020,15:14:59,11.4,10.9,1000,11.5,500,0,24000
JUBLFOOD30Jan201560PE.NFO,07/01/2020,15:15:04,11.4,10.9,1000,11.45,500,0,24000
JUBLFOOD30Jan201560PE.NFO,07/01/2020,15:15:25,11.4,10.9,1000,11.5,1000,0,24000
JUBLFOOD30Jan201560PE.NFO,07/01/2020,15:16:16,11.4,11.3,500,11.9,1000,0,24000
JUBLFOOD30Jan201560PE.NFO,07/01/2020,15:16:23,11.4,11.35,500,11.9,1000,0,24000
JUBLFOOD30Jan201560PE.NFO,07/01/2020,15:16:56,11.4,11.35,500,11.9,1500,0,24000
JUBLFOOD30Jan201560PE.NFO,07/01/2020,15:17:03,11.4,11.25,500,11.9,1500,0,24000
JUBLFOOD30Jan201560PE.NFO,07/01/2020,15:17:17,11.4,11.25,500,11.8,1000,0,24000
JUBLFOOD30Jan201560PE.NFO,07/01/2020,15:19:30,11.4,11.35,1000,11.8,1000,0,24000
JUBLFOOD30Jan201560PE.NFO,07/01/2020,15:19:36,11.4,11.35,500,11.8,1000,0,24000
JUBLFOOD30Jan201560PE.NFO,07/01/2020,15:19:48,11.4,11.5,500,11.85,500,0,24000
JUBLFOOD30Jan201560PE.NFO,07/01/2020,15:19:54,11.4,11.45,500,11.85,500,0,24000
JUBLFOOD30Jan201560PE.NFO,07/01/2020,15:20:01,11.4,11.45,500,11.85,1000,0,24000
JUBLFOOD30Jan201560PE.NFO,07/01/2020,15:20:10,11.4,11.5,500,11.85,500,0,24000
JUBLFOOD30Jan201560PE.NFO,07/01/2020,15:20:19,11.4,11.45,500,11.85,1000,0,24000
JUBLFOOD30Jan201560PE.NFO,07/01/2020,15:20:28,11.4,11.4,500,11.85,1500,0,24000
JUBLFOOD30Jan201560PE.NFO,07/01/2020,15:20:35,11.4,11.45,500,11.85,1500,0,24000
JUBLFOOD30Jan201560PE.NFO,07/01/2020,15:21:05,11.4,11.4,500,11.85,1500,0,24000
JUBLFOOD30Jan201560PE.NFO,07/01/2020,15:21:12,11.4,11.5,500,11.85,500,0,24000
JUBLFOOD30Jan201560PE.NFO,07/01/2020,15:21:20,11.4,11.45,1000,11.85,500,0,24000
JUBLFOOD30Jan201560PE.NFO,07/01/2020,15:21:35,11.4,11.45,1000,11.85,1000,0,24000
JUBLFOOD30Jan201560PE.NFO,07/01/2020,15:21:42,11.4,11.45,500,11.85,500,0,24000
JUBLFOOD30Jan201560PE.NFO,07/01/2020,15:22:15,11.4,11.55,1000,12.1,1000,0,24000
JUBLFOOD30Jan201560PE.NFO,07/01/2020,15:22:22,11.4,11.55,500,11.95,1000,0,24000
JUBLFOOD30Jan201560PE.NFO,07/01/2020,15:22:47,11.4,11.5,500,11.95,1000,0,24000
JUBLFOOD30Jan201560PE.NFO,07/01/2020,15:22:53,11.4,11.45,500,11.95,1000,0,24000
JUBLFOOD30Jan201560PE.NFO,07/01/2020,15:22:59,11.4,11.55,500,11.95,1000,0,24000
JUBLFOOD30Jan201560PE.NFO,07/01/2020,15:23:26,11.4,11.45,500,11.95,1500,0,24000
JUBLFOOD30Jan201560PE.NFO,07/01/2020,15:23:33,11.4,11.5,1000,11.95,1500,0,24000
JUBLFOOD30Jan201560PE.NFO,07/01/2020,15:23:39,11.4,11.45,500,11.95,1500,0,24000
JUBLFOOD30Jan201560PE.NFO,07/01/2020,15:23:52,11.4,11.45,500,11.85,1000,0,24000
JUBLFOOD30Jan201560PE.NFO,07/01/2020,15:23:58,11.4,11.5,500,11.85,1000,0,24000
JUBLFOOD30Jan201560PE.NFO,07/01/2020,15:24:23,11.4,11.45,500,11.85,1000,0,24000
JUBLFOOD30Jan201560PE.NFO,07/01/2020,15:24:45,11.4,11.45,500,11.85,1500,0,24000
JUBLFOOD30Jan201560PE.NFO,07/01/2020,15:24:51,11.4,11.5,500,11.85,1000,0,24000
JUBLFOOD30Jan201560PE.NFO,07/01/2020,15:24:57,11.4,11.5,500,11.85,500,0,24000
JUBLFOOD30Jan201560PE.NFO,07/01/2020,15:25:07,11.4,11.5,500,11.85,1000,0,24000
JUBLFOOD30Jan201560PE.NFO,07/01/2020,15:25:12,11.4,11.45,500,11.75,500,0,24000
JUBLFOOD30Jan201560PE.NFO,07/01/2020,15:25:22,11.4,11.5,1000,11.85,500,0,24000
JUBLFOOD30Jan201560PE.NFO,07/01/2020,15:25:34,11.4,11.45,500,11.85,1000,0,24000
JUBLFOOD30Jan201560PE.NFO,07/01/2020,15:25:49,11.4,11.45,1000,11.85,1000,0,24000
JUBLFOOD30Jan201560PE.NFO,07/01/2020,15:25:59,11.4,11.45,500,11.85,1000,0,24000
JUBLFOOD30Jan201560PE.NFO,07/01/2020,15:26:03,11.4,11.4,500,11.85,1000,0,24000
JUBLFOOD30Jan201560PE.NFO,07/01/2020,15:26:15,11.4,11.4,500,11.85,1500,0,24000
JUBLFOOD30Jan201560PE.NFO,07/01/2020,15:26:32,11.4,11.4,500,11.75,500,0,24000
JUBLFOOD30Jan201560PE.NFO,07/01/2020,15:26:47,11.4,11.35,500,11.75,1000,0,24000
JUBLFOOD30Jan201560PE.NFO,07/01/2020,15:26:53,11.4,11.4,1000,11.75,500,0,24000
JUBLFOOD30Jan201560PE.NFO,07/01/2020,15:28:04,11.4,11.35,500,11.75,1000,0,24000
JUBLFOOD30Jan201560PE.NFO,07/01/2020,15:28:32,11.4,11.25,1000,11.75,1000,0,24000
JUBLFOOD30Jan201560PE.NFO,07/01/2020,15:28:38,11.4,11.25,1000,11.75,500,0,24000
JUBLFOOD30Jan201560PE.NFO,07/01/2020,15:28:45,11.4,11.25,1000,12.95,500,0,24000
JUBLFOOD30Jan201560PE.NFO,07/01/2020,15:29:43,11.4,11.25,500,12.95,500,0,24000
