Ticker,Date,Time,LTP,BuyPrice,BuyQty,SellPrice,SellQty,LTQ,OpenInterest
JUBLFOOD30Jan201760CE.NFO,07/01/2020,09:20:29,23,21.75,500,23.9,1000,500,139500
JUBLFOOD30Jan201760CE.NFO,07/01/2020,09:20:29,23,21.75,500,23.9,1000,0,139500
JUBLFOOD30Jan201760CE.NFO,07/01/2020,09:20:29,23,21.75,500,23.9,1000,0,139500
JUBLFOOD30Jan201760CE.NFO,07/01/2020,09:20:29,23,21.75,500,23.9,1000,0,139500
JUBLFOOD30Jan201760CE.NFO,07/01/2020,09:20:35,23,21.8,1000,23.9,1000,0,139500
JUBLFOOD30Jan201760CE.NFO,07/01/2020,09:20:54,23,22,1000,23.8,500,0,139500
JUBLFOOD30Jan201760CE.NFO,07/01/2020,09:21:00,23,22,1000,23.9,500,0,139500
JUBLFOOD30Jan201760CE.NFO,07/01/2020,09:21:15,23,22.5,1000,24.2,1000,0,139500
JUBLFOOD30Jan201760CE.NFO,07/01/2020,09:21:23,23,22.3,1000,24.15,500,0,139500
JUBLFOOD30Jan201760CE.NFO,07/01/2020,09:21:30,23,22.3,1000,24.05,1000,0,139500
JUBLFOOD30Jan201760CE.NFO,07/01/2020,09:21:36,23,21.8,500,23.65,1000,0,139500
JUBLFOOD30Jan201760CE.NFO,07/01/2020,09:21:43,23,22.15,500,24.05,500,0,139500
JUBLFOOD30Jan201760CE.NFO,07/01/2020,09:21:49,23,22.2,500,23.85,1000,0,139500
JUBLFOOD30Jan201760CE.NFO,07/01/2020,09:21:56,23,22.25,500,23.95,500,0,139500
JUBLFOOD30Jan201760CE.NFO,07/01/2020,09:22:02,23,22.15,500,23.8,500,0,139500
JUBLFOOD30Jan201760CE.NFO,07/01/2020,09:22:09,23,22.4,500,23.95,500,0,139500
JUBLFOOD30Jan201760CE.NFO,07/01/2020,09:22:16,23,22.4,500,23.85,500,0,139500
JUBLFOOD30Jan201760CE.NFO,07/01/2020,09:22:23,23,22.4,500,24.1,500,0,139500
JUBLFOOD30Jan201760CE.NFO,07/01/2020,09:22:30,23,22.3,500,23.85,1000,0,139500
JUBLFOOD30Jan201760CE.NFO,07/01/2020,09:22:37,23,22.05,500,23.75,500,0,139500
JUBLFOOD30Jan201760CE.NFO,07/01/2020,09:22:43,23,22.05,500,23.6,1000,0,139500
JUBLFOOD30Jan201760CE.NFO,07/01/2020,09:22:49,23,21.4,500,23.1,500,500,139500
JUBLFOOD30Jan201760CE.NFO,07/01/2020,09:22:56,23,21.5,500,23,500,0,139500
JUBLFOOD30Jan201760CE.NFO,07/01/2020,09:23:02,23,21.6,500,23,500,0,139500
JUBLFOOD30Jan201760CE.NFO,07/01/2020,09:23:08,23,21.7,500,23,500,0,139500
JUBLFOOD30Jan201760CE.NFO,07/01/2020,09:23:19,23,21.7,500,22.95,500,0,139500
JUBLFOOD30Jan201760CE.NFO,07/01/2020,09:23:25,23,21.7,500,23,500,0,139500
JUBLFOOD30Jan201760CE.NFO,07/01/2020,09:23:32,23,22.05,500,23,500,0,139500
JUBLFOOD30Jan201760CE.NFO,07/01/2020,09:23:44,23,21.85,500,23,500,0,139500
JUBLFOOD30Jan201760CE.NFO,07/01/2020,09:23:50,23,21.95,500,23.45,500,0,139500
JUBLFOOD30Jan201760CE.NFO,07/01/2020,09:23:56,23,22.2,500,23.7,500,0,139500
JUBLFOOD30Jan201760CE.NFO,07/01/2020,09:24:02,23,22.25,500,23.7,500,0,139500
JUBLFOOD30Jan201760CE.NFO,07/01/2020,09:24:08,23,22.4,500,23.85,1000,0,139500
JUBLFOOD30Jan201760CE.NFO,07/01/2020,09:24:14,23,21.85,1000,23.5,1000,0,139500
JUBLFOOD30Jan201760CE.NFO,07/01/2020,09:24:19,23,21.85,1000,23.6,500,0,139500
JUBLFOOD30Jan201760CE.NFO,07/01/2020,09:24:31,23,21.85,500,23.5,500,0,139500
JUBLFOOD30Jan201760CE.NFO,07/01/2020,09:24:37,23,22,500,23.6,500,0,139500
JUBLFOOD30Jan201760CE.NFO,07/01/2020,09:24:42,23,22,1000,23.75,500,0,139500
JUBLFOOD30Jan201760CE.NFO,07/01/2020,09:24:53,23,22,1000,23.65,1000,0,139500
JUBLFOOD30Jan201760CE.NFO,07/01/2020,09:24:58,23,22,1000,23.65,500,0,139500
JUBLFOOD30Jan201760CE.NFO,07/01/2020,09:25:04,23,22,1000,23.7,500,0,139500
JUBLFOOD30Jan201760CE.NFO,07/01/2020,09:25:11,23,22.4,500,24.05,1000,0,139500
JUBLFOOD30Jan201760CE.NFO,07/01/2020,09:25:17,23,21.8,500,23.6,500,0,139500
JUBLFOOD30Jan201760CE.NFO,07/01/2020,09:25:24,23,22.1,500,23.65,1000,0,139500
JUBLFOOD30Jan201760CE.NFO,07/01/2020,09:25:30,23,22.1,500,23.75,500,0,139500
JUBLFOOD30Jan201760CE.NFO,07/01/2020,09:25:36,23,22,500,23.6,500,0,139500
JUBLFOOD30Jan201760CE.NFO,07/01/2020,09:25:42,23,22,500,23.55,500,0,139500
JUBLFOOD30Jan201760CE.NFO,07/01/2020,09:25:49,23,22.35,500,23.8,500,0,139500
JUBLFOOD30Jan201760CE.NFO,07/01/2020,09:26:03,23,22.15,500,23.65,500,0,139500
JUBLFOOD30Jan201760CE.NFO,07/01/2020,09:26:10,23,22.35,500,23.8,1000,0,139500
JUBLFOOD30Jan201760CE.NFO,07/01/2020,09:26:17,23,22.2,500,23.85,500,0,139500
JUBLFOOD30Jan201760CE.NFO,07/01/2020,09:26:22,23,22.15,500,23.75,1000,0,139500
JUBLFOOD30Jan201760CE.NFO,07/01/2020,09:26:28,23,22.35,500,23.9,500,0,139500
JUBLFOOD30Jan201760CE.NFO,07/01/2020,09:26:34,23,22.35,500,23.95,1000,0,139500
JUBLFOOD30Jan201760CE.NFO,07/01/2020,09:26:45,23,22.4,500,23.95,500,0,139500
JUBLFOOD30Jan201760CE.NFO,07/01/2020,09:26:51,23,22.3,500,23.75,500,0,139500
JUBLFOOD30Jan201760CE.NFO,07/01/2020,09:26:57,23,22.35,500,23.9,500,0,139500
JUBLFOOD30Jan201760CE.NFO,07/01/2020,09:27:03,23,22.35,500,23.8,1000,0,139500
JUBLFOOD30Jan201760CE.NFO,07/01/2020,09:27:08,23,22.15,500,23.8,1000,0,139500
JUBLFOOD30Jan201760CE.NFO,07/01/2020,09:27:19,23,22.2,500,23.65,500,0,139500
JUBLFOOD30Jan201760CE.NFO,07/01/2020,09:27:25,23,22.35,500,23.7,500,0,139500
JUBLFOOD30Jan201760CE.NFO,07/01/2020,09:27:30,23,22.05,500,23.65,1000,0,139500
JUBLFOOD30Jan201760CE.NFO,07/01/2020,09:27:36,23,22.05,500,23.6,1000,0,139500
JUBLFOOD30Jan201760CE.NFO,07/01/2020,09:27:42,23,22.1,500,23.6,1000,0,139500
JUBLFOOD30Jan201760CE.NFO,07/01/2020,09:27:56,23,21.9,500,23.5,1000,0,139500
JUBLFOOD30Jan201760CE.NFO,07/01/2020,09:28:10,23,21.95,500,23.5,1000,0,139500
JUBLFOOD30Jan201760CE.NFO,07/01/2020,09:28:16,23,21.95,1000,23.5,1000,0,139500
JUBLFOOD30Jan201760CE.NFO,07/01/2020,09:28:20,23,22.1,500,23.5,1000,0,139500
JUBLFOOD30Jan201760CE.NFO,07/01/2020,09:28:26,23,22.05,500,23.5,500,0,139500
JUBLFOOD30Jan201760CE.NFO,07/01/2020,09:28:32,23,21.95,500,23.45,500,0,139500
JUBLFOOD30Jan201760CE.NFO,07/01/2020,09:28:38,23,21.95,500,23.3,1000,0,139500
JUBLFOOD30Jan201760CE.NFO,07/01/2020,09:28:43,23,22,500,23.3,500,0,139500
JUBLFOOD30Jan201760CE.NFO,07/01/2020,09:28:53,23,22.25,500,23.7,500,0,139500
JUBLFOOD30Jan201760CE.NFO,07/01/2020,09:28:59,23,22.3,1000,23.55,500,0,139500
JUBLFOOD30Jan201760CE.NFO,07/01/2020,09:29:04,23,22.25,500,23.55,500,0,139500
JUBLFOOD30Jan201760CE.NFO,07/01/2020,09:29:10,23,22.1,500,23.5,500,0,139500
JUBLFOOD30Jan201760CE.NFO,07/01/2020,09:29:15,23,22.3,500,23.55,500,0,139500
JUBLFOOD30Jan201760CE.NFO,07/01/2020,09:29:21,22.3,22.05,1000,23.45,500,500,139000
JUBLFOOD30Jan201760CE.NFO,07/01/2020,09:29:21,22.3,22.05,1000,23.45,500,0,139000
JUBLFOOD30Jan201760CE.NFO,07/01/2020,09:29:26,22.3,22.05,500,23.6,1000,0,139000
JUBLFOOD30Jan201760CE.NFO,07/01/2020,09:29:32,22.3,22,1000,23.4,500,0,139000
JUBLFOOD30Jan201760CE.NFO,07/01/2020,09:29:38,22.3,22,1000,23.3,500,0,139000
JUBLFOOD30Jan201760CE.NFO,07/01/2020,09:29:52,22.3,22,1000,23.2,1000,0,139000
JUBLFOOD30Jan201760CE.NFO,07/01/2020,09:30:05,22.3,22.2,500,23.45,500,0,139000
JUBLFOOD30Jan201760CE.NFO,07/01/2020,09:30:11,22.3,22.25,1000,23.35,1000,0,139000
JUBLFOOD30Jan201760CE.NFO,07/01/2020,09:30:16,22.3,22.25,500,23.3,500,0,139000
JUBLFOOD30Jan201760CE.NFO,07/01/2020,09:30:21,22.3,22.05,500,23.1,500,0,139000
JUBLFOOD30Jan201760CE.NFO,07/01/2020,09:30:26,22.3,22.1,1000,23.35,1000,0,139000
JUBLFOOD30Jan201760CE.NFO,07/01/2020,09:30:31,22.3,22.1,1000,23.3,500,0,139000
JUBLFOOD30Jan201760CE.NFO,07/01/2020,09:30:36,22.3,22.05,1000,23.3,500,0,139000
JUBLFOOD30Jan201760CE.NFO,07/01/2020,09:30:46,22.3,22.1,1000,23.6,500,0,139000
JUBLFOOD30Jan201760CE.NFO,07/01/2020,09:30:51,22.3,22.1,1000,24.35,1000,0,139000
JUBLFOOD30Jan201760CE.NFO,07/01/2020,09:30:56,22.3,22.8,500,24.35,1000,0,139000
JUBLFOOD30Jan201760CE.NFO,07/01/2020,09:31:01,22.3,23,500,24.55,500,0,139000
JUBLFOOD30Jan201760CE.NFO,07/01/2020,09:31:06,22.3,23,1000,24.55,500,0,139000
JUBLFOOD30Jan201760CE.NFO,07/01/2020,09:31:13,22.3,23,1000,24.8,500,0,139000
JUBLFOOD30Jan201760CE.NFO,07/01/2020,09:31:19,22.3,23.65,500,25.05,500,0,139000
JUBLFOOD30Jan201760CE.NFO,07/01/2020,09:31:25,22.3,24.2,1000,25.7,500,0,139000
JUBLFOOD30Jan201760CE.NFO,07/01/2020,09:31:31,22.3,24.2,500,25.75,1000,0,139000
JUBLFOOD30Jan201760CE.NFO,07/01/2020,09:31:36,22.3,24.6,1000,25.95,500,0,139000
JUBLFOOD30Jan201760CE.NFO,07/01/2020,09:31:41,22.3,25.05,500,25.95,500,0,139000
JUBLFOOD30Jan201760CE.NFO,07/01/2020,09:31:47,26,25.15,500,26.5,1000,500,139000
JUBLFOOD30Jan201760CE.NFO,07/01/2020,09:31:47,26,25.15,500,26.5,1000,0,139000
JUBLFOOD30Jan201760CE.NFO,07/01/2020,09:31:52,26,25.15,500,26.4,500,0,139000
JUBLFOOD30Jan201760CE.NFO,07/01/2020,09:31:58,26,24.8,500,26.15,500,0,139000
JUBLFOOD30Jan201760CE.NFO,07/01/2020,09:32:03,26,25.2,500,26.55,1000,0,139000
JUBLFOOD30Jan201760CE.NFO,07/01/2020,09:32:09,26,25.55,500,26.45,500,0,139000
JUBLFOOD30Jan201760CE.NFO,07/01/2020,09:32:13,26,24.85,500,26.45,1000,500,139000
JUBLFOOD30Jan201760CE.NFO,07/01/2020,09:32:14,26,24.8,1000,26.45,2000,0,139000
JUBLFOOD30Jan201760CE.NFO,07/01/2020,09:32:15,26,24.85,500,26.4,1000,0,139000
JUBLFOOD30Jan201760CE.NFO,07/01/2020,09:32:15,26,24.45,500,26.4,1500,0,139000
JUBLFOOD30Jan201760CE.NFO,07/01/2020,09:32:16,26,24.7,500,26.2,500,0,139000
JUBLFOOD30Jan201760CE.NFO,07/01/2020,09:32:17,26,24.8,500,26.2,500,0,139000
JUBLFOOD30Jan201760CE.NFO,07/01/2020,09:32:18,26,24.75,1000,26.2,500,0,139000
JUBLFOOD30Jan201760CE.NFO,07/01/2020,09:32:19,26,24.75,500,26.15,500,0,139000
JUBLFOOD30Jan201760CE.NFO,07/01/2020,09:32:22,26,25,500,26.7,500,0,139000
JUBLFOOD30Jan201760CE.NFO,07/01/2020,09:32:23,26,25.1,500,26.7,500,0,139000
JUBLFOOD30Jan201760CE.NFO,07/01/2020,09:32:24,26,25.4,1000,26.85,500,0,139000
JUBLFOOD30Jan201760CE.NFO,07/01/2020,09:32:25,26,25.5,500,26.9,500,0,139000
JUBLFOOD30Jan201760CE.NFO,07/01/2020,09:32:26,26,25.45,500,26.9,500,0,139000
JUBLFOOD30Jan201760CE.NFO,07/01/2020,09:32:27,26,25.45,500,26.85,500,0,139000
JUBLFOOD30Jan201760CE.NFO,07/01/2020,09:32:28,26,25.5,500,26.9,500,0,139000
JUBLFOOD30Jan201760CE.NFO,07/01/2020,09:32:29,26,25.45,500,26.85,1000,0,139000
JUBLFOOD30Jan201760CE.NFO,07/01/2020,09:32:30,26,25.45,500,26.8,500,0,139000
JUBLFOOD30Jan201760CE.NFO,07/01/2020,09:32:31,26,24.95,500,26.55,500,0,139000
JUBLFOOD30Jan201760CE.NFO,07/01/2020,09:32:32,26,25,1000,26.45,500,0,139000
JUBLFOOD30Jan201760CE.NFO,07/01/2020,09:32:33,26,25.05,500,26.65,1500,0,139000
JUBLFOOD30Jan201760CE.NFO,07/01/2020,09:32:35,26,25.05,500,26.55,500,0,139000
JUBLFOOD30Jan201760CE.NFO,07/01/2020,09:32:36,26,25.25,500,26.75,500,0,139000
JUBLFOOD30Jan201760CE.NFO,07/01/2020,09:32:38,26,25.35,500,27,500,0,139000
JUBLFOOD30Jan201760CE.NFO,07/01/2020,09:32:39,26,25.3,1000,26.9,500,0,139000
JUBLFOOD30Jan201760CE.NFO,07/01/2020,09:32:40,26,25.4,500,26.95,1000,0,139000
JUBLFOOD30Jan201760CE.NFO,07/01/2020,09:32:40,26,25.4,500,26.95,500,0,139000
JUBLFOOD30Jan201760CE.NFO,07/01/2020,09:32:41,26,25.3,1000,27.05,1000,0,139000
JUBLFOOD30Jan201760CE.NFO,07/01/2020,09:32:42,26,25.3,500,26.8,1500,0,139000
JUBLFOOD30Jan201760CE.NFO,07/01/2020,09:32:43,26,25.3,500,26.65,500,0,139000
JUBLFOOD30Jan201760CE.NFO,07/01/2020,09:32:44,26,25.3,500,26.55,500,0,139000
JUBLFOOD30Jan201760CE.NFO,07/01/2020,09:32:45,26,25.15,500,26.75,500,0,139000
JUBLFOOD30Jan201760CE.NFO,07/01/2020,09:32:46,26,25.15,1000,26.8,500,0,139000
JUBLFOOD30Jan201760CE.NFO,07/01/2020,09:32:47,26,25.15,500,26.7,500,0,139000
JUBLFOOD30Jan201760CE.NFO,07/01/2020,09:32:49,26,24.95,500,26.5,500,0,139000
JUBLFOOD30Jan201760CE.NFO,07/01/2020,09:32:50,26,24.95,1000,26.55,500,0,139000
JUBLFOOD30Jan201760CE.NFO,07/01/2020,09:32:51,26,24.95,500,26.55,500,0,139000
JUBLFOOD30Jan201760CE.NFO,07/01/2020,09:32:52,26,24.95,1000,26.65,500,0,139000
JUBLFOOD30Jan201760CE.NFO,07/01/2020,09:32:52,26,24.95,1000,26.55,500,0,139000
JUBLFOOD30Jan201760CE.NFO,07/01/2020,09:32:53,26,24.85,500,26.45,500,0,139000
JUBLFOOD30Jan201760CE.NFO,07/01/2020,09:32:54,26,24.95,500,26.75,500,0,139000
JUBLFOOD30Jan201760CE.NFO,07/01/2020,09:32:55,26,24.95,500,26.65,500,0,139000
JUBLFOOD30Jan201760CE.NFO,07/01/2020,09:32:56,26,24.95,1000,26.65,500,0,139000
JUBLFOOD30Jan201760CE.NFO,07/01/2020,09:32:57,26,25.1,1000,26.65,500,0,139000
JUBLFOOD30Jan201760CE.NFO,07/01/2020,09:32:58,26,25.2,500,26.85,500,0,139000
JUBLFOOD30Jan201760CE.NFO,07/01/2020,09:32:59,26,25.25,500,26.85,1000,0,139000
JUBLFOOD30Jan201760CE.NFO,07/01/2020,09:33:00,26,25.4,500,26.95,500,0,139000
JUBLFOOD30Jan201760CE.NFO,07/01/2020,09:33:02,26,25.45,500,26.85,500,0,139000
JUBLFOOD30Jan201760CE.NFO,07/01/2020,09:33:03,26,25.45,500,26.9,500,0,139000
JUBLFOOD30Jan201760CE.NFO,07/01/2020,09:33:05,26,25.3,500,26.9,500,0,139000
JUBLFOOD30Jan201760CE.NFO,07/01/2020,09:33:05,26,25.3,500,26.95,1000,0,139000
JUBLFOOD30Jan201760CE.NFO,07/01/2020,09:33:07,26,25.3,500,26.85,500,0,139000
JUBLFOOD30Jan201760CE.NFO,07/01/2020,09:33:08,26,25.15,1000,26.85,1000,0,139000
JUBLFOOD30Jan201760CE.NFO,07/01/2020,09:33:09,26,25.15,500,26.8,500,0,139000
JUBLFOOD30Jan201760CE.NFO,07/01/2020,09:33:10,26,25.25,500,26.9,500,0,139000
JUBLFOOD30Jan201760CE.NFO,07/01/2020,09:33:13,26,25.35,500,26.85,500,0,139000
JUBLFOOD30Jan201760CE.NFO,07/01/2020,09:33:14,26,25.5,1000,26.95,500,0,139000
JUBLFOOD30Jan201760CE.NFO,07/01/2020,09:33:14,26,25.5,1000,26.9,500,0,139000
JUBLFOOD30Jan201760CE.NFO,07/01/2020,09:33:16,26,25.5,500,26.95,1000,0,139000
JUBLFOOD30Jan201760CE.NFO,07/01/2020,09:33:17,26,25.5,1000,26.9,500,0,139000
JUBLFOOD30Jan201760CE.NFO,07/01/2020,09:33:19,26,25.45,500,27,500,0,139000
JUBLFOOD30Jan201760CE.NFO,07/01/2020,09:33:20,26,25.5,500,27.2,500,0,139000
JUBLFOOD30Jan201760CE.NFO,07/01/2020,09:33:22,26,25.55,500,27.05,500,0,139000
JUBLFOOD30Jan201760CE.NFO,07/01/2020,09:33:23,26,25.55,500,27,500,0,139000
JUBLFOOD30Jan201760CE.NFO,07/01/2020,09:33:24,26,25.55,500,27.1,500,0,139000
JUBLFOOD30Jan201760CE.NFO,07/01/2020,09:33:25,26,25.55,500,27.1,1000,0,139000
JUBLFOOD30Jan201760CE.NFO,07/01/2020,09:33:26,26,25.65,500,27.1,500,0,139000
JUBLFOOD30Jan201760CE.NFO,07/01/2020,09:33:27,26,25.6,500,27.1,500,0,139000
JUBLFOOD30Jan201760CE.NFO,07/01/2020,09:33:30,26,25.6,500,27.3,500,0,139000
JUBLFOOD30Jan201760CE.NFO,07/01/2020,09:33:31,26,25.6,500,27.1,500,0,139000
JUBLFOOD30Jan201760CE.NFO,07/01/2020,09:33:32,26,25.25,500,26.9,500,0,139000
JUBLFOOD30Jan201760CE.NFO,07/01/2020,09:33:33,26,25.35,500,26.9,500,0,139000
JUBLFOOD30Jan201760CE.NFO,07/01/2020,09:33:38,26,25.45,500,26.9,500,0,139000
JUBLFOOD30Jan201760CE.NFO,07/01/2020,09:33:40,26,25.35,500,26.85,500,0,139000
JUBLFOOD30Jan201760CE.NFO,07/01/2020,09:33:41,26,25.45,500,27,500,0,139000
JUBLFOOD30Jan201760CE.NFO,07/01/2020,09:33:42,26,25.45,500,26.9,500,0,139000
JUBLFOOD30Jan201760CE.NFO,07/01/2020,09:33:45,26,25.25,500,26.8,500,0,139000
JUBLFOOD30Jan201760CE.NFO,07/01/2020,09:33:46,26,25.25,1000,26.8,500,0,139000
JUBLFOOD30Jan201760CE.NFO,07/01/2020,09:33:47,26,25,500,26.6,500,0,139000
JUBLFOOD30Jan201760CE.NFO,07/01/2020,09:33:48,26,25.1,500,26.6,500,0,139000
JUBLFOOD30Jan201760CE.NFO,07/01/2020,09:33:49,26,25.1,500,26.7,500,0,139000
JUBLFOOD30Jan201760CE.NFO,07/01/2020,09:33:52,26,25.1,500,26.6,500,0,139000
JUBLFOOD30Jan201760CE.NFO,07/01/2020,09:33:54,26,25.15,500,26.6,500,0,139000
JUBLFOOD30Jan201760CE.NFO,07/01/2020,09:33:55,26,25.1,500,26.5,500,0,139000
JUBLFOOD30Jan201760CE.NFO,07/01/2020,09:33:57,26,25,500,26.4,500,0,139000
JUBLFOOD30Jan201760CE.NFO,07/01/2020,09:33:58,26,25,500,26.5,500,0,139000
JUBLFOOD30Jan201760CE.NFO,07/01/2020,09:33:59,26,25,500,26.4,500,0,139000
JUBLFOOD30Jan201760CE.NFO,07/01/2020,09:34:00,26,25,500,26.5,500,0,139000
JUBLFOOD30Jan201760CE.NFO,07/01/2020,09:34:01,26,25.1,500,26.6,500,0,139000
JUBLFOOD30Jan201760CE.NFO,07/01/2020,09:34:04,26,25.2,500,26.7,500,0,139000
JUBLFOOD30Jan201760CE.NFO,07/01/2020,09:34:05,26,25.15,500,26.6,500,0,139000
JUBLFOOD30Jan201760CE.NFO,07/01/2020,09:34:07,26,25.15,500,26.5,500,0,139000
JUBLFOOD30Jan201760CE.NFO,07/01/2020,09:34:08,26,25.15,1000,26.5,500,0,139000
JUBLFOOD30Jan201760CE.NFO,07/01/2020,09:34:09,26,25.1,500,26.5,500,0,139000
JUBLFOOD30Jan201760CE.NFO,07/01/2020,09:34:13,26,25.1,1000,26.5,500,0,139000
JUBLFOOD30Jan201760CE.NFO,07/01/2020,09:34:14,26,25.15,1000,26.6,500,0,139000
JUBLFOOD30Jan201760CE.NFO,07/01/2020,09:34:15,26,25.1,500,26.5,500,0,139000
JUBLFOOD30Jan201760CE.NFO,07/01/2020,09:34:15,26,25.1,500,26.4,500,0,139000
JUBLFOOD30Jan201760CE.NFO,07/01/2020,09:34:20,26,24.55,500,26.3,500,0,139000
JUBLFOOD30Jan201760CE.NFO,07/01/2020,09:34:21,26,24.75,500,26.2,500,0,139000
JUBLFOOD30Jan201760CE.NFO,07/01/2020,09:34:23,26,24.55,500,26.1,500,0,139000
JUBLFOOD30Jan201760CE.NFO,07/01/2020,09:34:24,26,24.55,500,26,500,0,139000
JUBLFOOD30Jan201760CE.NFO,07/01/2020,09:34:25,26,24.55,500,25.9,500,0,139000
JUBLFOOD30Jan201760CE.NFO,07/01/2020,09:34:27,26,24.4,500,25.8,500,0,139000
JUBLFOOD30Jan201760CE.NFO,07/01/2020,09:34:28,26,24.5,500,25.9,1000,0,139000
JUBLFOOD30Jan201760CE.NFO,07/01/2020,09:34:30,26,24.75,500,26.05,500,0,139000
JUBLFOOD30Jan201760CE.NFO,07/01/2020,09:34:30,26,24.75,500,26,500,0,139000
JUBLFOOD30Jan201760CE.NFO,07/01/2020,09:34:32,26,24.75,500,26.15,500,0,139000
JUBLFOOD30Jan201760CE.NFO,07/01/2020,09:34:33,26,24.7,500,25.85,500,0,139000
JUBLFOOD30Jan201760CE.NFO,07/01/2020,09:34:34,26,24.7,500,26.1,500,0,139000
JUBLFOOD30Jan201760CE.NFO,07/01/2020,09:34:35,26,24.7,1000,26.15,500,0,139000
JUBLFOOD30Jan201760CE.NFO,07/01/2020,09:34:36,26,24.7,1000,26.05,500,0,139000
JUBLFOOD30Jan201760CE.NFO,07/01/2020,09:34:38,26,24.7,500,26.05,500,0,139000
JUBLFOOD30Jan201760CE.NFO,07/01/2020,09:34:40,26,24.7,1000,26.1,500,0,139000
JUBLFOOD30Jan201760CE.NFO,07/01/2020,09:34:47,26,24.45,500,25.5,500,0,139000
JUBLFOOD30Jan201760CE.NFO,07/01/2020,09:34:47,26,24.45,500,25.45,500,0,139000
JUBLFOOD30Jan201760CE.NFO,07/01/2020,09:34:48,26,24.4,500,25.45,500,0,139000
JUBLFOOD30Jan201760CE.NFO,07/01/2020,09:34:49,26,24.4,500,25,500,0,139000
JUBLFOOD30Jan201760CE.NFO,07/01/2020,09:34:50,25,24.45,500,25.8,500,500,139500
JUBLFOOD30Jan201760CE.NFO,07/01/2020,09:34:51,25,24.35,500,25.8,500,0,139500
JUBLFOOD30Jan201760CE.NFO,07/01/2020,09:34:52,25,24.35,500,25.8,500,500,139500
JUBLFOOD30Jan201760CE.NFO,07/01/2020,09:34:53,25,24.4,1000,25.8,500,0,139500
JUBLFOOD30Jan201760CE.NFO,07/01/2020,09:34:54,25,24.35,500,25.8,500,0,139500
JUBLFOOD30Jan201760CE.NFO,07/01/2020,09:34:55,25,24.35,500,25.7,500,0,139500
JUBLFOOD30Jan201760CE.NFO,07/01/2020,09:34:56,25,24.35,500,25.7,1000,0,139500
JUBLFOOD30Jan201760CE.NFO,07/01/2020,09:34:57,25,24.5,500,25.9,500,0,139500
JUBLFOOD30Jan201760CE.NFO,07/01/2020,09:34:58,25,24.55,500,25.8,500,0,139500
JUBLFOOD30Jan201760CE.NFO,07/01/2020,09:34:59,25,24.5,500,25.5,500,0,139500
JUBLFOOD30Jan201760CE.NFO,07/01/2020,09:35:01,25,24.65,500,25.5,500,0,139500
JUBLFOOD30Jan201760CE.NFO,07/01/2020,09:35:05,25,24.6,1000,25.5,500,0,139500
JUBLFOOD30Jan201760CE.NFO,07/01/2020,09:35:07,25,24.55,500,25.5,500,0,139500
JUBLFOOD30Jan201760CE.NFO,07/01/2020,09:35:08,25,24.55,1000,25.45,500,0,139500
JUBLFOOD30Jan201760CE.NFO,07/01/2020,09:35:10,25,24.55,500,25.45,500,0,139500
JUBLFOOD30Jan201760CE.NFO,07/01/2020,09:35:10,25,24.5,1000,25.45,500,0,139500
JUBLFOOD30Jan201760CE.NFO,07/01/2020,09:35:11,25,24.5,500,25.9,500,0,139500
JUBLFOOD30Jan201760CE.NFO,07/01/2020,09:35:13,25,24.5,500,25.9,500,500,139500
JUBLFOOD30Jan201760CE.NFO,07/01/2020,09:35:18,25,24.55,500,25.95,500,0,139500
JUBLFOOD30Jan201760CE.NFO,07/01/2020,09:35:22,25,24.6,1000,25.95,1000,0,139500
JUBLFOOD30Jan201760CE.NFO,07/01/2020,09:35:27,25,24.55,1000,25.85,500,0,139500
JUBLFOOD30Jan201760CE.NFO,07/01/2020,09:35:32,25,24.55,500,25.75,500,0,139500
JUBLFOOD30Jan201760CE.NFO,07/01/2020,09:35:37,25,24.45,1000,25.9,500,0,139500
JUBLFOOD30Jan201760CE.NFO,07/01/2020,09:35:43,25,24.3,500,25.8,1000,0,139500
JUBLFOOD30Jan201760CE.NFO,07/01/2020,09:35:50,25,24.4,500,25.6,500,0,139500
JUBLFOOD30Jan201760CE.NFO,07/01/2020,09:35:56,25,24.25,1000,25.5,500,0,139500
JUBLFOOD30Jan201760CE.NFO,07/01/2020,09:36:02,25,24.25,1000,26,500,0,139500
JUBLFOOD30Jan201760CE.NFO,07/01/2020,09:36:07,25,24.25,1000,25.95,500,0,139500
JUBLFOOD30Jan201760CE.NFO,07/01/2020,09:36:13,25,24.25,1500,25.9,500,0,139500
JUBLFOOD30Jan201760CE.NFO,07/01/2020,09:36:25,25,24.85,500,25.95,500,0,139500
JUBLFOOD30Jan201760CE.NFO,07/01/2020,09:36:29,25,24.9,1000,26.25,1500,0,139500
JUBLFOOD30Jan201760CE.NFO,07/01/2020,09:36:34,25,25,500,26.4,1500,0,139500
JUBLFOOD30Jan201760CE.NFO,07/01/2020,09:36:38,25,24.9,500,25.9,500,0,139500
JUBLFOOD30Jan201760CE.NFO,07/01/2020,09:36:43,25,24.9,500,25.95,1000,0,139500
JUBLFOOD30Jan201760CE.NFO,07/01/2020,09:36:48,25,24.7,500,25.75,500,0,139500
JUBLFOOD30Jan201760CE.NFO,07/01/2020,09:36:52,25,24.3,500,25.45,500,0,139500
JUBLFOOD30Jan201760CE.NFO,07/01/2020,09:36:57,25,24.4,500,25.95,1000,0,139500
JUBLFOOD30Jan201760CE.NFO,07/01/2020,09:37:02,25,24.6,500,26.15,500,0,139500
JUBLFOOD30Jan201760CE.NFO,07/01/2020,09:37:06,25,24.55,500,25.6,500,0,139500
JUBLFOOD30Jan201760CE.NFO,07/01/2020,09:37:11,25,24.45,500,25.65,500,0,139500
JUBLFOOD30Jan201760CE.NFO,07/01/2020,09:37:16,25,24.55,500,25.9,500,0,139500
JUBLFOOD30Jan201760CE.NFO,07/01/2020,09:37:19,25,24.25,500,25.55,500,0,139500
JUBLFOOD30Jan201760CE.NFO,07/01/2020,09:37:24,25,24.35,500,25.7,500,0,139500
JUBLFOOD30Jan201760CE.NFO,07/01/2020,09:37:29,25,24.15,500,25.6,500,0,139500
JUBLFOOD30Jan201760CE.NFO,07/01/2020,09:37:34,25.55,24.35,1000,25.65,500,500,139000
JUBLFOOD30Jan201760CE.NFO,07/01/2020,09:37:38,25.55,24.55,500,25.75,500,0,139000
JUBLFOOD30Jan201760CE.NFO,07/01/2020,09:37:42,25.55,24.45,500,25.5,500,0,139000
JUBLFOOD30Jan201760CE.NFO,07/01/2020,09:37:46,25.55,24.6,1000,25.55,500,0,139000
JUBLFOOD30Jan201760CE.NFO,07/01/2020,09:37:50,25.55,24.1,500,25.45,500,0,139000
JUBLFOOD30Jan201760CE.NFO,07/01/2020,09:37:54,25.2,24.2,500,25.4,500,500,139000
JUBLFOOD30Jan201760CE.NFO,07/01/2020,09:37:59,25.2,24.2,500,25.4,500,0,139000
JUBLFOOD30Jan201760CE.NFO,07/01/2020,09:38:03,25.2,24.15,500,25.4,500,0,139000
JUBLFOOD30Jan201760CE.NFO,07/01/2020,09:38:08,25.2,24.45,500,25.55,500,0,139000
JUBLFOOD30Jan201760CE.NFO,07/01/2020,09:38:12,25.2,24.3,500,25.5,500,0,139000
JUBLFOOD30Jan201760CE.NFO,07/01/2020,09:38:14,25.2,24.25,500,25.45,500,0,139000
JUBLFOOD30Jan201760CE.NFO,07/01/2020,09:38:15,25.2,24.15,500,25.45,500,0,139000
JUBLFOOD30Jan201760CE.NFO,07/01/2020,09:38:17,25.45,24.2,500,25.5,500,500,139000
JUBLFOOD30Jan201760CE.NFO,07/01/2020,09:38:18,25.45,24.3,500,25.6,1000,0,139000
JUBLFOOD30Jan201760CE.NFO,07/01/2020,09:38:19,25.45,24.35,500,25.55,500,0,139000
JUBLFOOD30Jan201760CE.NFO,07/01/2020,09:38:19,25.45,24.25,500,25.55,500,0,139000
JUBLFOOD30Jan201760CE.NFO,07/01/2020,09:38:20,25.45,24.3,500,25.55,500,0,139000
JUBLFOOD30Jan201760CE.NFO,07/01/2020,09:38:21,25.45,24.25,500,25.65,1500,0,139000
JUBLFOOD30Jan201760CE.NFO,07/01/2020,09:38:22,25.45,24.25,500,25.55,500,0,139000
JUBLFOOD30Jan201760CE.NFO,07/01/2020,09:38:23,25.45,24.15,1000,25.5,500,0,139000
JUBLFOOD30Jan201760CE.NFO,07/01/2020,09:38:25,25.45,24.2,500,25.45,500,0,139000
JUBLFOOD30Jan201760CE.NFO,07/01/2020,09:38:27,25.45,24.15,500,25.45,500,0,139000
JUBLFOOD30Jan201760CE.NFO,07/01/2020,09:38:30,25.45,24.2,500,25.45,500,0,139000
JUBLFOOD30Jan201760CE.NFO,07/01/2020,09:38:31,25.45,24.25,500,25.55,500,0,139000
JUBLFOOD30Jan201760CE.NFO,07/01/2020,09:38:33,25.45,24.2,500,25.65,2000,0,139000
JUBLFOOD30Jan201760CE.NFO,07/01/2020,09:38:33,25.45,24.2,500,25.65,1500,0,139000
JUBLFOOD30Jan201760CE.NFO,07/01/2020,09:38:36,25.45,24.2,500,25.65,1000,0,139000
JUBLFOOD30Jan201760CE.NFO,07/01/2020,09:38:37,25.45,24.25,500,25.65,500,0,139000
JUBLFOOD30Jan201760CE.NFO,07/01/2020,09:38:38,25.45,24.4,500,25.7,500,0,139000
JUBLFOOD30Jan201760CE.NFO,07/01/2020,09:38:39,25.45,24.3,500,25.7,500,0,139000
JUBLFOOD30Jan201760CE.NFO,07/01/2020,09:38:40,25.45,24.3,1000,25.7,500,0,139000
JUBLFOOD30Jan201760CE.NFO,07/01/2020,09:38:41,25.45,24.5,1000,25.8,500,0,139000
JUBLFOOD30Jan201760CE.NFO,07/01/2020,09:38:42,25.45,24.5,500,25.7,500,0,139000
JUBLFOOD30Jan201760CE.NFO,07/01/2020,09:38:43,25.45,24.5,500,25.85,1500,0,139000
JUBLFOOD30Jan201760CE.NFO,07/01/2020,09:38:44,25.45,24.5,500,25.75,500,0,139000
JUBLFOOD30Jan201760CE.NFO,07/01/2020,09:38:45,25.45,24.5,500,25.7,500,0,139000
JUBLFOOD30Jan201760CE.NFO,07/01/2020,09:38:46,25.45,24.5,500,25.95,1500,0,139000
JUBLFOOD30Jan201760CE.NFO,07/01/2020,09:38:47,25.45,24.5,500,25.85,1500,0,139000
JUBLFOOD30Jan201760CE.NFO,07/01/2020,09:38:48,25.45,24.5,500,25.55,500,0,139000
JUBLFOOD30Jan201760CE.NFO,07/01/2020,09:38:50,25.45,24.05,1000,25.4,500,0,139000
JUBLFOOD30Jan201760CE.NFO,07/01/2020,09:38:51,25.45,24.05,1500,25.5,500,0,139000
JUBLFOOD30Jan201760CE.NFO,07/01/2020,09:38:52,25.45,24.05,1500,25.45,500,0,139000
JUBLFOOD30Jan201760CE.NFO,07/01/2020,09:38:53,25.45,24.05,1500,25.6,1000,0,139000
JUBLFOOD30Jan201760CE.NFO,07/01/2020,09:38:54,25.45,24.05,1500,25.55,500,0,139000
JUBLFOOD30Jan201760CE.NFO,07/01/2020,09:38:56,25.45,24.05,1500,25.5,500,0,139000
JUBLFOOD30Jan201760CE.NFO,07/01/2020,09:38:57,25.45,24.05,1000,25.55,500,0,139000
JUBLFOOD30Jan201760CE.NFO,07/01/2020,09:38:58,25.45,24.05,1500,25.55,500,0,139000
JUBLFOOD30Jan201760CE.NFO,07/01/2020,09:38:59,25.45,24.05,1500,25.5,1000,0,139000
JUBLFOOD30Jan201760CE.NFO,07/01/2020,09:39:00,25.45,24.15,500,25.45,500,0,139000
JUBLFOOD30Jan201760CE.NFO,07/01/2020,09:39:00,25.45,24.15,500,25.65,500,0,139000
JUBLFOOD30Jan201760CE.NFO,07/01/2020,09:39:02,25.45,24.2,1000,25.5,500,0,139000
JUBLFOOD30Jan201760CE.NFO,07/01/2020,09:39:03,25.45,24.25,500,25.65,1000,0,139000
JUBLFOOD30Jan201760CE.NFO,07/01/2020,09:39:04,25.45,24.2,1500,25.55,500,0,139000
JUBLFOOD30Jan201760CE.NFO,07/01/2020,09:39:05,25.45,24.2,1000,25.5,500,0,139000
JUBLFOOD30Jan201760CE.NFO,07/01/2020,09:39:06,25.45,24.2,500,25.75,1500,0,139000
JUBLFOOD30Jan201760CE.NFO,07/01/2020,09:39:07,25.45,24.2,500,25.55,500,0,139000
JUBLFOOD30Jan201760CE.NFO,07/01/2020,09:39:08,25.45,24.2,500,25.25,500,0,139000
JUBLFOOD30Jan201760CE.NFO,07/01/2020,09:39:09,25.45,24.2,500,25.3,500,0,139000
JUBLFOOD30Jan201760CE.NFO,07/01/2020,09:39:11,25.45,24.2,500,25.4,500,0,139000
JUBLFOOD30Jan201760CE.NFO,07/01/2020,09:39:12,25.45,24.2,500,25.45,500,0,139000
JUBLFOOD30Jan201760CE.NFO,07/01/2020,09:39:17,25.45,24.35,500,25.75,1000,0,139000
JUBLFOOD30Jan201760CE.NFO,07/01/2020,09:39:22,25.45,24.45,1000,26,1500,0,139000
JUBLFOOD30Jan201760CE.NFO,07/01/2020,09:39:27,25.45,24.35,1000,25.8,500,0,139000
JUBLFOOD30Jan201760CE.NFO,07/01/2020,09:39:31,25.45,24.35,1000,25.85,500,0,139000
JUBLFOOD30Jan201760CE.NFO,07/01/2020,09:39:35,25.45,24.35,1000,25.8,500,0,139000
JUBLFOOD30Jan201760CE.NFO,07/01/2020,09:39:39,25.45,24.35,500,25.9,1000,0,139000
JUBLFOOD30Jan201760CE.NFO,07/01/2020,09:39:44,25.45,24.35,500,25.6,500,0,139000
JUBLFOOD30Jan201760CE.NFO,07/01/2020,09:39:48,25.45,24.55,500,25.85,500,0,139000
JUBLFOOD30Jan201760CE.NFO,07/01/2020,09:39:52,25.45,24.6,1000,26.1,500,0,139000
JUBLFOOD30Jan201760CE.NFO,07/01/2020,09:39:56,25.45,24.6,500,25.95,500,0,139000
JUBLFOOD30Jan201760CE.NFO,07/01/2020,09:39:59,25.45,24.7,500,25.95,500,0,139000
JUBLFOOD30Jan201760CE.NFO,07/01/2020,09:40:04,25.45,24.8,1500,26.2,500,0,139000
JUBLFOOD30Jan201760CE.NFO,07/01/2020,09:40:10,25.45,24.8,500,26.1,500,0,139000
JUBLFOOD30Jan201760CE.NFO,07/01/2020,09:40:15,25.45,24.2,1000,25.65,500,0,139000
JUBLFOOD30Jan201760CE.NFO,07/01/2020,09:40:20,25.45,24.55,500,25.35,500,0,139000
JUBLFOOD30Jan201760CE.NFO,07/01/2020,09:40:25,25.45,24.45,500,25.25,500,0,139000
JUBLFOOD30Jan201760CE.NFO,07/01/2020,09:40:30,25.45,24.45,500,25.65,500,0,139000
JUBLFOOD30Jan201760CE.NFO,07/01/2020,09:40:35,24.5,23.45,1000,24.75,500,500,139000
JUBLFOOD30Jan201760CE.NFO,07/01/2020,09:40:40,24.5,23.8,500,25.4,1500,0,139000
JUBLFOOD30Jan201760CE.NFO,07/01/2020,09:40:45,24.5,23.9,500,25.4,500,0,139000
JUBLFOOD30Jan201760CE.NFO,07/01/2020,09:40:49,24.5,24,500,25.5,1000,0,139000
JUBLFOOD30Jan201760CE.NFO,07/01/2020,09:40:54,24.5,24,500,25.4,500,0,139000
JUBLFOOD30Jan201760CE.NFO,07/01/2020,09:40:58,24.5,23.8,1000,25.3,500,0,139000
JUBLFOOD30Jan201760CE.NFO,07/01/2020,09:41:04,24.5,23.8,1000,25.45,500,0,139000
JUBLFOOD30Jan201760CE.NFO,07/01/2020,09:41:10,24.5,23.8,1000,25.45,1000,0,139000
JUBLFOOD30Jan201760CE.NFO,07/01/2020,09:41:14,24.5,23.8,1000,25.5,500,0,139000
JUBLFOOD30Jan201760CE.NFO,07/01/2020,09:41:15,24.5,23.8,1000,25.55,500,0,139000
JUBLFOOD30Jan201760CE.NFO,07/01/2020,09:41:17,24.5,23.8,1000,25.45,500,0,139000
JUBLFOOD30Jan201760CE.NFO,07/01/2020,09:41:18,24.5,23.8,1000,25.55,500,0,139000
JUBLFOOD30Jan201760CE.NFO,07/01/2020,09:41:19,24.5,23.8,1000,25.45,500,0,139000
JUBLFOOD30Jan201760CE.NFO,07/01/2020,09:41:20,24.5,23.8,1000,25.55,500,0,139000
JUBLFOOD30Jan201760CE.NFO,07/01/2020,09:41:21,24.5,23.8,1000,25.45,1000,0,139000
JUBLFOOD30Jan201760CE.NFO,07/01/2020,09:41:22,24.5,23.8,1000,25.45,500,0,139000
JUBLFOOD30Jan201760CE.NFO,07/01/2020,09:41:23,24.5,23.8,1000,25.6,500,0,139000
JUBLFOOD30Jan201760CE.NFO,07/01/2020,09:41:23,24.5,23.8,1000,25.5,500,0,139000
JUBLFOOD30Jan201760CE.NFO,07/01/2020,09:41:27,24.5,23.8,1000,25.55,500,0,139000
JUBLFOOD30Jan201760CE.NFO,07/01/2020,09:41:28,24.5,24.25,500,25.6,500,0,139000
JUBLFOOD30Jan201760CE.NFO,07/01/2020,09:41:29,24.5,24.25,500,25.5,500,0,139000
JUBLFOOD30Jan201760CE.NFO,07/01/2020,09:41:33,24.5,24.25,500,25.6,500,0,139000
JUBLFOOD30Jan201760CE.NFO,07/01/2020,09:41:34,24.5,24.25,500,25.5,500,0,139000
JUBLFOOD30Jan201760CE.NFO,07/01/2020,09:41:35,24.5,24.25,500,25.6,500,0,139000
JUBLFOOD30Jan201760CE.NFO,07/01/2020,09:41:38,24.5,24.3,500,25.45,500,0,139000
JUBLFOOD30Jan201760CE.NFO,07/01/2020,09:41:39,24.5,24.3,500,25.6,500,0,139000
JUBLFOOD30Jan201760CE.NFO,07/01/2020,09:41:40,24.5,24.3,500,25.5,500,0,139000
JUBLFOOD30Jan201760CE.NFO,07/01/2020,09:41:41,24.5,24.3,500,25.6,500,0,139000
JUBLFOOD30Jan201760CE.NFO,07/01/2020,09:41:42,24.5,24.3,500,25.5,500,0,139000
JUBLFOOD30Jan201760CE.NFO,07/01/2020,09:41:43,24.5,24.3,500,25.6,500,0,139000
JUBLFOOD30Jan201760CE.NFO,07/01/2020,09:41:45,24.5,24.45,500,25.6,500,0,139000
JUBLFOOD30Jan201760CE.NFO,07/01/2020,09:41:46,24.5,24.45,500,25.5,500,0,139000
JUBLFOOD30Jan201760CE.NFO,07/01/2020,09:41:47,24.5,24.45,500,25.7,500,0,139000
JUBLFOOD30Jan201760CE.NFO,07/01/2020,09:41:48,24.5,24.45,500,25.6,500,0,139000
JUBLFOOD30Jan201760CE.NFO,07/01/2020,09:41:50,24.5,24.45,500,25.5,500,0,139000
JUBLFOOD30Jan201760CE.NFO,07/01/2020,09:41:51,24.5,24.6,500,25.7,500,0,139000
JUBLFOOD30Jan201760CE.NFO,07/01/2020,09:41:52,24.5,24.6,1000,25.7,500,0,139000
JUBLFOOD30Jan201760CE.NFO,07/01/2020,09:41:54,24.5,24.6,1000,25.75,500,0,139000
JUBLFOOD30Jan201760CE.NFO,07/01/2020,09:41:55,24.5,24.65,500,25.8,1500,0,139000
JUBLFOOD30Jan201760CE.NFO,07/01/2020,09:41:58,24.5,24.75,500,25.8,1500,0,139000
JUBLFOOD30Jan201760CE.NFO,07/01/2020,09:42:00,24.5,24.8,500,25.8,1500,0,139000
JUBLFOOD30Jan201760CE.NFO,07/01/2020,09:42:01,24.5,24.6,500,25.65,500,0,139000
JUBLFOOD30Jan201760CE.NFO,07/01/2020,09:42:02,24.5,24.6,500,25.85,500,0,139000
JUBLFOOD30Jan201760CE.NFO,07/01/2020,09:42:03,24.5,24.6,500,25.65,500,0,139000
JUBLFOOD30Jan201760CE.NFO,07/01/2020,09:42:03,24.5,24.6,500,25.55,500,0,139000
JUBLFOOD30Jan201760CE.NFO,07/01/2020,09:42:04,24.5,24.5,500,25.5,500,0,139000
JUBLFOOD30Jan201760CE.NFO,07/01/2020,09:42:06,24.5,24.55,500,25.5,500,0,139000
JUBLFOOD30Jan201760CE.NFO,07/01/2020,09:42:07,24.5,24.55,500,25.6,500,0,139000
JUBLFOOD30Jan201760CE.NFO,07/01/2020,09:42:08,24.5,24.55,500,25.5,500,0,139000
JUBLFOOD30Jan201760CE.NFO,07/01/2020,09:42:12,24.5,24.8,500,25.55,500,0,139000
JUBLFOOD30Jan201760CE.NFO,07/01/2020,09:42:15,24.5,24.5,500,25.55,500,0,139000
JUBLFOOD30Jan201760CE.NFO,07/01/2020,09:42:19,24.5,24.65,500,25.55,500,0,139000
JUBLFOOD30Jan201760CE.NFO,07/01/2020,09:42:25,24.5,24.45,500,25.55,500,0,139000
JUBLFOOD30Jan201760CE.NFO,07/01/2020,09:42:26,24.5,24.5,500,25.55,500,0,139000
JUBLFOOD30Jan201760CE.NFO,07/01/2020,09:42:29,24.5,24.7,500,25.55,500,0,139000
JUBLFOOD30Jan201760CE.NFO,07/01/2020,09:42:30,24.5,24.5,500,25.5,500,0,139000
JUBLFOOD30Jan201760CE.NFO,07/01/2020,09:42:34,24.5,24.55,500,25.55,500,0,139000
JUBLFOOD30Jan201760CE.NFO,07/01/2020,09:42:34,24.5,24.55,500,25.5,500,0,139000
JUBLFOOD30Jan201760CE.NFO,07/01/2020,09:42:38,24.5,24.65,500,25.5,500,0,139000
JUBLFOOD30Jan201760CE.NFO,07/01/2020,09:42:38,24.5,24.7,500,25.9,1000,0,139000
JUBLFOOD30Jan201760CE.NFO,07/01/2020,09:42:41,24.5,24.65,500,25.65,500,0,139000
JUBLFOOD30Jan201760CE.NFO,07/01/2020,09:42:42,24.5,24.65,500,25.8,500,0,139000
JUBLFOOD30Jan201760CE.NFO,07/01/2020,09:42:43,24.5,24.75,500,25.75,500,0,139000
JUBLFOOD30Jan201760CE.NFO,07/01/2020,09:42:47,24.5,24.75,500,25.7,500,0,139000
JUBLFOOD30Jan201760CE.NFO,07/01/2020,09:42:50,24.5,24.65,500,25.75,500,0,139000
JUBLFOOD30Jan201760CE.NFO,07/01/2020,09:42:51,24.5,24.65,500,25.8,500,0,139000
JUBLFOOD30Jan201760CE.NFO,07/01/2020,09:42:52,24.5,24.7,500,25.7,500,0,139000
JUBLFOOD30Jan201760CE.NFO,07/01/2020,09:42:53,24.5,24.65,500,25.65,500,0,139000
JUBLFOOD30Jan201760CE.NFO,07/01/2020,09:42:54,24.5,24.5,500,25.5,500,0,139000
JUBLFOOD30Jan201760CE.NFO,07/01/2020,09:42:56,24.5,24.5,500,25.45,500,0,139000
JUBLFOOD30Jan201760CE.NFO,07/01/2020,09:42:57,24.5,24.55,500,25.55,500,0,139000
JUBLFOOD30Jan201760CE.NFO,07/01/2020,09:43:03,24.5,24.55,500,25.5,500,0,139000
JUBLFOOD30Jan201760CE.NFO,07/01/2020,09:43:05,24.5,24.55,500,25.55,500,0,139000
JUBLFOOD30Jan201760CE.NFO,07/01/2020,09:43:05,24.5,24.55,500,25.6,500,0,139000
JUBLFOOD30Jan201760CE.NFO,07/01/2020,09:43:06,24.5,24.75,500,25.6,500,0,139000
JUBLFOOD30Jan201760CE.NFO,07/01/2020,09:43:15,24.5,24.65,500,25.6,500,0,139000
JUBLFOOD30Jan201760CE.NFO,07/01/2020,09:43:16,24.5,24.7,500,25.6,500,0,139000
JUBLFOOD30Jan201760CE.NFO,07/01/2020,09:43:17,24.5,24.8,500,25.8,500,0,139000
JUBLFOOD30Jan201760CE.NFO,07/01/2020,09:43:18,24.5,24.8,500,25.75,1000,0,139000
JUBLFOOD30Jan201760CE.NFO,07/01/2020,09:43:19,24.5,24.8,500,25.65,1000,0,139000
JUBLFOOD30Jan201760CE.NFO,07/01/2020,09:43:22,24.5,24.7,500,25.6,500,0,139000
JUBLFOOD30Jan201760CE.NFO,07/01/2020,09:43:25,24.5,24.8,500,25.6,500,0,139000
JUBLFOOD30Jan201760CE.NFO,07/01/2020,09:43:40,24.5,24.65,500,25.55,500,0,139000
JUBLFOOD30Jan201760CE.NFO,07/01/2020,09:43:41,24.5,24.75,500,25.6,500,0,139000
JUBLFOOD30Jan201760CE.NFO,07/01/2020,09:43:47,24.5,24.65,500,25.5,500,0,139000
JUBLFOOD30Jan201760CE.NFO,07/01/2020,09:43:48,24.5,24.7,500,25.5,500,0,139000
JUBLFOOD30Jan201760CE.NFO,07/01/2020,09:43:49,24.5,24.65,500,25.5,500,0,139000
JUBLFOOD30Jan201760CE.NFO,07/01/2020,09:43:51,24.5,24.65,500,25.55,500,0,139000
JUBLFOOD30Jan201760CE.NFO,07/01/2020,09:43:54,24.5,24.65,500,25.5,500,0,139000
JUBLFOOD30Jan201760CE.NFO,07/01/2020,09:44:00,24.5,24.85,500,26.05,1000,0,139000
JUBLFOOD30Jan201760CE.NFO,07/01/2020,09:44:00,24.5,24.85,500,26.05,500,0,139000
JUBLFOOD30Jan201760CE.NFO,07/01/2020,09:44:09,24.5,24.9,500,25.95,500,0,139000
JUBLFOOD30Jan201760CE.NFO,07/01/2020,09:44:15,24.5,25.1,500,25.9,500,0,139000
JUBLFOOD30Jan201760CE.NFO,07/01/2020,09:44:20,24.5,24.8,500,25.85,500,0,139000
JUBLFOOD30Jan201760CE.NFO,07/01/2020,09:44:25,24.5,24.75,500,25.75,500,0,139000
JUBLFOOD30Jan201760CE.NFO,07/01/2020,09:44:31,24.5,24.75,500,25.85,500,0,139000
JUBLFOOD30Jan201760CE.NFO,07/01/2020,09:44:41,24.5,24.65,500,25.8,1000,0,139000
JUBLFOOD30Jan201760CE.NFO,07/01/2020,09:44:46,24.5,24.65,500,25.65,500,0,139000
JUBLFOOD30Jan201760CE.NFO,07/01/2020,09:44:51,24.5,24.85,500,25.95,500,0,139000
JUBLFOOD30Jan201760CE.NFO,07/01/2020,09:44:56,24.5,25,500,25.85,500,0,139000
JUBLFOOD30Jan201760CE.NFO,07/01/2020,09:45:01,24.5,25,500,25.8,500,0,139000
JUBLFOOD30Jan201760CE.NFO,07/01/2020,09:45:07,24.5,25,500,25.9,500,0,139000
JUBLFOOD30Jan201760CE.NFO,07/01/2020,09:45:12,24.5,24.8,500,25.9,500,0,139000
JUBLFOOD30Jan201760CE.NFO,07/01/2020,09:45:16,24.5,24.85,500,25.9,500,0,139000
JUBLFOOD30Jan201760CE.NFO,07/01/2020,09:45:17,24.5,25.05,500,25.95,500,0,139000
JUBLFOOD30Jan201760CE.NFO,07/01/2020,09:45:20,24.5,25,500,25.85,500,0,139000
JUBLFOOD30Jan201760CE.NFO,07/01/2020,09:45:21,24.5,24.9,500,25.9,500,0,139000
JUBLFOOD30Jan201760CE.NFO,07/01/2020,09:45:24,24.5,24.85,500,25.85,500,0,139000
JUBLFOOD30Jan201760CE.NFO,07/01/2020,09:45:25,24.5,25.1,500,25.9,1000,0,139000
JUBLFOOD30Jan201760CE.NFO,07/01/2020,09:45:27,24.5,24.85,500,25.85,500,0,139000
JUBLFOOD30Jan201760CE.NFO,07/01/2020,09:45:30,24.5,24.8,500,25.7,500,0,139000
JUBLFOOD30Jan201760CE.NFO,07/01/2020,09:45:31,24.5,24.8,500,25.75,500,0,139000
JUBLFOOD30Jan201760CE.NFO,07/01/2020,09:45:34,24.5,24.9,500,25.8,500,0,139000
JUBLFOOD30Jan201760CE.NFO,07/01/2020,09:45:37,24.5,24.9,500,25.85,500,0,139000
JUBLFOOD30Jan201760CE.NFO,07/01/2020,09:45:38,24.5,24.9,500,25.85,1000,0,139000
JUBLFOOD30Jan201760CE.NFO,07/01/2020,09:45:47,24.5,24.9,500,25.8,500,0,139000
JUBLFOOD30Jan201760CE.NFO,07/01/2020,09:45:49,24.5,25,500,25.85,1000,0,139000
JUBLFOOD30Jan201760CE.NFO,07/01/2020,09:45:50,24.5,25,500,25.85,500,0,139000
JUBLFOOD30Jan201760CE.NFO,07/01/2020,09:45:53,24.5,24.9,500,25.8,500,0,139000
JUBLFOOD30Jan201760CE.NFO,07/01/2020,09:45:55,24.5,24.9,500,25.85,500,0,139000
JUBLFOOD30Jan201760CE.NFO,07/01/2020,09:45:57,24.5,24.85,500,25.85,500,0,139000
JUBLFOOD30Jan201760CE.NFO,07/01/2020,09:45:59,24.5,24.85,500,25.85,1000,0,139000
JUBLFOOD30Jan201760CE.NFO,07/01/2020,09:46:00,24.5,24.9,500,25.8,500,0,139000
JUBLFOOD30Jan201760CE.NFO,07/01/2020,09:46:01,24.5,24.9,500,25.9,500,0,139000
JUBLFOOD30Jan201760CE.NFO,07/01/2020,09:46:03,24.5,24.9,500,25.75,500,0,139000
JUBLFOOD30Jan201760CE.NFO,07/01/2020,09:46:04,24.5,24.9,500,25.7,500,0,139000
JUBLFOOD30Jan201760CE.NFO,07/01/2020,09:46:06,24.5,24.9,500,25.5,1500,0,139000
JUBLFOOD30Jan201760CE.NFO,07/01/2020,09:46:09,24.5,24.85,500,25.5,1500,0,139000
JUBLFOOD30Jan201760CE.NFO,07/01/2020,09:46:12,24.5,24.9,500,25.5,1500,0,139000
JUBLFOOD30Jan201760CE.NFO,07/01/2020,09:46:21,24.5,24.7,500,25.55,500,0,139000
JUBLFOOD30Jan201760CE.NFO,07/01/2020,09:46:46,24.5,24.7,500,25.5,500,0,139000
JUBLFOOD30Jan201760CE.NFO,07/01/2020,09:46:50,24.5,24.7,500,25.45,1500,0,139000
JUBLFOOD30Jan201760CE.NFO,07/01/2020,09:46:55,24.5,24.65,500,25.5,1000,0,139000
JUBLFOOD30Jan201760CE.NFO,07/01/2020,09:46:59,24.5,24.55,500,25.45,500,0,139000
JUBLFOOD30Jan201760CE.NFO,07/01/2020,09:47:04,24.5,24.5,500,25.35,500,0,139000
JUBLFOOD30Jan201760CE.NFO,07/01/2020,09:47:09,24.5,24.45,500,25.3,500,0,139000
JUBLFOOD30Jan201760CE.NFO,07/01/2020,09:47:13,24.5,24.45,500,25.35,1000,0,139000
JUBLFOOD30Jan201760CE.NFO,07/01/2020,09:47:17,24.5,24.35,500,25.35,1000,0,139000
JUBLFOOD30Jan201760CE.NFO,07/01/2020,09:47:21,24.5,24.4,500,25.4,500,0,139000
JUBLFOOD30Jan201760CE.NFO,07/01/2020,09:47:31,24.5,24.3,500,25.3,500,0,139000
JUBLFOOD30Jan201760CE.NFO,07/01/2020,09:47:39,24.5,24.5,500,25.35,500,0,139000
JUBLFOOD30Jan201760CE.NFO,07/01/2020,09:47:44,24.5,24,1000,25.3,500,0,139000
JUBLFOOD30Jan201760CE.NFO,07/01/2020,09:47:48,24.5,24,1000,25.15,500,0,139000
JUBLFOOD30Jan201760CE.NFO,07/01/2020,09:47:52,24.5,24.2,500,25.35,500,0,139000
JUBLFOOD30Jan201760CE.NFO,07/01/2020,09:47:56,24.5,24.3,500,25.35,1000,0,139000
JUBLFOOD30Jan201760CE.NFO,07/01/2020,09:48:08,24.5,24.15,500,25.15,500,0,139000
JUBLFOOD30Jan201760CE.NFO,07/01/2020,09:48:16,24.5,24.15,500,25.1,500,0,139000
JUBLFOOD30Jan201760CE.NFO,07/01/2020,09:48:20,24.5,24,500,25.1,1000,0,139000
JUBLFOOD30Jan201760CE.NFO,07/01/2020,09:48:23,24.5,23.85,500,25.05,500,0,139000
JUBLFOOD30Jan201760CE.NFO,07/01/2020,09:48:27,24.5,23.95,500,25,500,0,139000
JUBLFOOD30Jan201760CE.NFO,07/01/2020,09:48:36,24.5,24.15,500,25.05,500,0,139000
JUBLFOOD30Jan201760CE.NFO,07/01/2020,09:48:40,24.5,23.95,500,25,1000,0,139000
JUBLFOOD30Jan201760CE.NFO,07/01/2020,09:48:45,24.5,24.1,500,25.1,1000,0,139000
JUBLFOOD30Jan201760CE.NFO,07/01/2020,09:48:49,24.5,24.15,500,25.05,500,0,139000
JUBLFOOD30Jan201760CE.NFO,07/01/2020,09:48:53,24.5,24.25,500,25.1,500,0,139000
JUBLFOOD30Jan201760CE.NFO,07/01/2020,09:48:57,24.5,23.8,500,24.8,1000,0,139000
JUBLFOOD30Jan201760CE.NFO,07/01/2020,09:49:05,24.5,23.8,500,24.75,1000,0,139000
JUBLFOOD30Jan201760CE.NFO,07/01/2020,09:49:10,24.5,23.6,500,24.65,1000,0,139000
JUBLFOOD30Jan201760CE.NFO,07/01/2020,09:49:15,24.5,23.8,500,24.65,500,0,139000
JUBLFOOD30Jan201760CE.NFO,07/01/2020,09:49:20,24.5,23.6,500,24.65,500,0,139000
JUBLFOOD30Jan201760CE.NFO,07/01/2020,09:49:25,24.4,23.15,500,24.2,500,1000,139500
JUBLFOOD30Jan201760CE.NFO,07/01/2020,09:49:32,24.4,23.2,500,24.2,500,0,139500
JUBLFOOD30Jan201760CE.NFO,07/01/2020,09:49:37,24.4,23.1,500,24.2,500,0,139500
JUBLFOOD30Jan201760CE.NFO,07/01/2020,09:49:42,24.4,23.2,500,24.2,500,0,139500
JUBLFOOD30Jan201760CE.NFO,07/01/2020,09:49:52,24.4,23.35,500,24.2,500,0,139500
JUBLFOOD30Jan201760CE.NFO,07/01/2020,09:49:57,24.4,23.4,500,24.2,500,0,139500
JUBLFOOD30Jan201760CE.NFO,07/01/2020,09:50:12,24.4,23.35,500,24.2,500,0,139500
JUBLFOOD30Jan201760CE.NFO,07/01/2020,09:50:18,24.4,23.35,500,24.15,500,0,139500
JUBLFOOD30Jan201760CE.NFO,07/01/2020,09:50:22,24.4,23.35,500,24.2,500,0,139500
JUBLFOOD30Jan201760CE.NFO,07/01/2020,09:50:37,24.4,23.4,500,24.2,500,0,139500
JUBLFOOD30Jan201760CE.NFO,07/01/2020,09:50:43,24.4,23.35,500,24.2,500,0,139500
JUBLFOOD30Jan201760CE.NFO,07/01/2020,09:50:48,24.4,23.4,500,24.2,500,0,139500
JUBLFOOD30Jan201760CE.NFO,07/01/2020,09:50:54,24.4,23.35,500,24.2,500,0,139500
JUBLFOOD30Jan201760CE.NFO,07/01/2020,09:50:58,24.4,23.45,500,24.2,500,0,139500
JUBLFOOD30Jan201760CE.NFO,07/01/2020,09:51:08,24.4,23.2,500,24.15,1000,0,139500
JUBLFOOD30Jan201760CE.NFO,07/01/2020,09:51:14,24.4,23.2,500,24.15,1500,0,139500
JUBLFOOD30Jan201760CE.NFO,07/01/2020,09:51:19,24.15,23.15,500,24,500,500,140000
JUBLFOOD30Jan201760CE.NFO,07/01/2020,09:51:24,24.15,22.9,500,23.8,500,0,140000
JUBLFOOD30Jan201760CE.NFO,07/01/2020,09:51:29,24.15,23.3,500,24.2,500,0,140000
JUBLFOOD30Jan201760CE.NFO,07/01/2020,09:51:39,24.15,23.2,500,24.2,500,0,140000
JUBLFOOD30Jan201760CE.NFO,07/01/2020,09:51:44,24.15,23.15,500,24.15,500,0,140000
JUBLFOOD30Jan201760CE.NFO,07/01/2020,09:51:48,24.15,23.2,500,24.15,500,0,140000
JUBLFOOD30Jan201760CE.NFO,07/01/2020,09:51:52,24.15,23.5,500,24.2,500,0,140000
JUBLFOOD30Jan201760CE.NFO,07/01/2020,09:52:00,24.15,23.3,500,24.2,500,0,140000
JUBLFOOD30Jan201760CE.NFO,07/01/2020,09:52:12,24.15,23.35,500,24.2,500,0,140000
JUBLFOOD30Jan201760CE.NFO,07/01/2020,09:52:21,24.15,23.4,500,24.2,500,0,140000
JUBLFOOD30Jan201760CE.NFO,07/01/2020,09:52:30,24.15,23.35,500,24.2,500,0,140000
JUBLFOOD30Jan201760CE.NFO,07/01/2020,09:52:40,24.15,23.4,500,24.2,500,0,140000
JUBLFOOD30Jan201760CE.NFO,07/01/2020,09:52:44,24.15,23.3,500,24.15,500,0,140000
JUBLFOOD30Jan201760CE.NFO,07/01/2020,09:52:52,24.15,23.45,500,24.15,500,0,140000
JUBLFOOD30Jan201760CE.NFO,07/01/2020,09:53:00,24.15,23.4,500,24.15,500,0,140000
JUBLFOOD30Jan201760CE.NFO,07/01/2020,09:53:05,24.15,23,500,24.05,1000,0,140000
JUBLFOOD30Jan201760CE.NFO,07/01/2020,09:53:10,24.15,23,500,23.95,500,0,140000
JUBLFOOD30Jan201760CE.NFO,07/01/2020,09:53:16,24.15,23.15,500,23.95,1000,0,140000
JUBLFOOD30Jan201760CE.NFO,07/01/2020,09:53:21,24.15,23.05,500,23.95,500,0,140000
JUBLFOOD30Jan201760CE.NFO,07/01/2020,09:53:26,24.15,23.15,500,24,500,0,140000
JUBLFOOD30Jan201760CE.NFO,07/01/2020,09:53:31,24.15,23.15,500,24.1,500,0,140000
JUBLFOOD30Jan201760CE.NFO,07/01/2020,09:53:36,24.2,23.85,500,24.8,1000,500,139500
JUBLFOOD30Jan201760CE.NFO,07/01/2020,09:53:41,24.2,23.75,500,24.65,500,0,139500
JUBLFOOD30Jan201760CE.NFO,07/01/2020,09:53:46,24.2,23.85,500,24.8,500,0,139500
JUBLFOOD30Jan201760CE.NFO,07/01/2020,09:53:51,24.2,23.75,500,24.65,500,0,139500
JUBLFOOD30Jan201760CE.NFO,07/01/2020,09:53:55,24.2,23.65,500,24.55,1000,0,139500
JUBLFOOD30Jan201760CE.NFO,07/01/2020,09:53:59,24.2,23.6,500,24.55,500,0,139500
JUBLFOOD30Jan201760CE.NFO,07/01/2020,09:54:04,24.2,23.65,500,24.55,500,0,139500
JUBLFOOD30Jan201760CE.NFO,07/01/2020,09:54:08,24.2,23.65,2000,24.7,500,0,139500
JUBLFOOD30Jan201760CE.NFO,07/01/2020,09:54:12,24.2,23.65,500,24.6,1000,0,139500
JUBLFOOD30Jan201760CE.NFO,07/01/2020,09:54:22,24.2,23.55,500,24.4,500,0,139500
JUBLFOOD30Jan201760CE.NFO,07/01/2020,09:54:26,24.2,23.55,500,24.5,500,0,139500
JUBLFOOD30Jan201760CE.NFO,07/01/2020,09:54:35,24.2,23.55,500,24.4,500,0,139500
JUBLFOOD30Jan201760CE.NFO,07/01/2020,09:54:40,24.2,23.55,500,24.35,500,0,139500
JUBLFOOD30Jan201760CE.NFO,07/01/2020,09:54:54,24.2,23.55,500,24.5,500,0,139500
JUBLFOOD30Jan201760CE.NFO,07/01/2020,09:54:59,24.2,24.05,500,24.5,500,0,139500
JUBLFOOD30Jan201760CE.NFO,07/01/2020,09:55:03,24.2,24.05,500,24.65,500,0,139500
JUBLFOOD30Jan201760CE.NFO,07/01/2020,09:55:14,24.2,23.65,500,24.65,1500,0,139500
JUBLFOOD30Jan201760CE.NFO,07/01/2020,09:55:19,24.2,23.65,500,24,500,0,139500
JUBLFOOD30Jan201760CE.NFO,07/01/2020,09:55:33,24,23.35,500,24.35,500,500,139500
JUBLFOOD30Jan201760CE.NFO,07/01/2020,09:55:37,24,23.45,1000,24.35,500,0,139500
JUBLFOOD30Jan201760CE.NFO,07/01/2020,09:55:42,24,23.5,1000,24.35,500,0,139500
JUBLFOOD30Jan201760CE.NFO,07/01/2020,09:55:47,24,23.6,1000,24.5,500,0,139500
JUBLFOOD30Jan201760CE.NFO,07/01/2020,09:55:52,24,23.55,500,24.55,1500,0,139500
JUBLFOOD30Jan201760CE.NFO,07/01/2020,09:55:57,24,23.55,500,24.45,500,0,139500
JUBLFOOD30Jan201760CE.NFO,07/01/2020,09:56:01,24,23.55,500,24.5,500,0,139500
JUBLFOOD30Jan201760CE.NFO,07/01/2020,09:56:06,24,23.6,1000,24.6,500,0,139500
JUBLFOOD30Jan201760CE.NFO,07/01/2020,09:56:16,24,23.7,500,24.6,500,0,139500
JUBLFOOD30Jan201760CE.NFO,07/01/2020,09:56:22,24,23.6,1000,24.5,500,0,139500
JUBLFOOD30Jan201760CE.NFO,07/01/2020,09:56:33,24,23.8,1000,24.5,500,0,139500
JUBLFOOD30Jan201760CE.NFO,07/01/2020,09:56:38,24,23.8,500,24.5,500,0,139500
JUBLFOOD30Jan201760CE.NFO,07/01/2020,09:56:47,24,23.8,500,24.6,500,0,139500
JUBLFOOD30Jan201760CE.NFO,07/01/2020,09:56:51,24.6,23.9,500,24.8,500,500,140500
JUBLFOOD30Jan201760CE.NFO,07/01/2020,09:56:55,24.6,23.85,500,24.8,500,0,140500
JUBLFOOD30Jan201760CE.NFO,07/01/2020,09:57:00,24.6,23.9,500,24.8,500,0,140500
JUBLFOOD30Jan201760CE.NFO,07/01/2020,09:57:05,24.6,24.05,500,24.85,1000,0,140500
JUBLFOOD30Jan201760CE.NFO,07/01/2020,09:57:09,24.6,23.85,500,24.85,500,0,140500
JUBLFOOD30Jan201760CE.NFO,07/01/2020,09:57:13,24.6,23.85,500,24.85,1000,0,140500
JUBLFOOD30Jan201760CE.NFO,07/01/2020,09:57:17,24.6,23.85,500,24.75,500,0,140500
JUBLFOOD30Jan201760CE.NFO,07/01/2020,09:57:22,24.6,24,500,24.55,500,0,140500
JUBLFOOD30Jan201760CE.NFO,07/01/2020,09:57:30,24.6,24,500,24.6,500,0,140500
JUBLFOOD30Jan201760CE.NFO,07/01/2020,09:57:38,24.6,24,500,24.5,500,0,140500
JUBLFOOD30Jan201760CE.NFO,07/01/2020,09:57:42,24.6,23.6,500,24.45,1000,0,140500
JUBLFOOD30Jan201760CE.NFO,07/01/2020,09:57:46,24.6,23.4,1000,24.4,1000,0,140500
JUBLFOOD30Jan201760CE.NFO,07/01/2020,09:57:50,24.6,23.55,1000,24.4,1000,0,140500
JUBLFOOD30Jan201760CE.NFO,07/01/2020,09:57:55,24.6,23.65,500,24.45,500,0,140500
JUBLFOOD30Jan201760CE.NFO,07/01/2020,09:58:00,24.6,23.6,1000,24.6,500,0,140500
JUBLFOOD30Jan201760CE.NFO,07/01/2020,09:58:05,24.6,23.75,500,24.8,1000,0,140500
JUBLFOOD30Jan201760CE.NFO,07/01/2020,09:58:09,24.6,23.7,500,24.5,500,0,140500
JUBLFOOD30Jan201760CE.NFO,07/01/2020,09:58:14,24.6,23.5,500,24.55,500,0,140500
JUBLFOOD30Jan201760CE.NFO,07/01/2020,09:58:18,24.6,23.6,500,24.4,500,0,140500
JUBLFOOD30Jan201760CE.NFO,07/01/2020,09:58:32,24.6,23.8,500,24.45,500,0,140500
JUBLFOOD30Jan201760CE.NFO,07/01/2020,09:58:35,24.6,23.6,1000,24.45,1000,0,140500
JUBLFOOD30Jan201760CE.NFO,07/01/2020,09:58:39,24.6,23.7,500,24.45,500,0,140500
JUBLFOOD30Jan201760CE.NFO,07/01/2020,09:58:44,24.6,23.7,500,24.45,1000,0,140500
JUBLFOOD30Jan201760CE.NFO,07/01/2020,09:58:50,24.6,23.35,500,24.35,1000,0,140500
JUBLFOOD30Jan201760CE.NFO,07/01/2020,09:58:56,24.6,23.45,500,24.35,1000,0,140500
JUBLFOOD30Jan201760CE.NFO,07/01/2020,09:59:02,24.6,23.35,500,24.35,500,0,140500
JUBLFOOD30Jan201760CE.NFO,07/01/2020,09:59:19,24.6,23.35,500,24.25,500,0,140500
JUBLFOOD30Jan201760CE.NFO,07/01/2020,09:59:24,24.6,23.25,500,24.15,500,0,140500
JUBLFOOD30Jan201760CE.NFO,07/01/2020,09:59:29,24.6,22.9,500,24.05,500,0,140500
JUBLFOOD30Jan201760CE.NFO,07/01/2020,09:59:35,24.6,23.3,500,24.4,1500,0,140500
JUBLFOOD30Jan201760CE.NFO,07/01/2020,09:59:40,24.6,23.3,1000,24.5,500,0,140500
JUBLFOOD30Jan201760CE.NFO,07/01/2020,09:59:46,24.6,23.3,1000,24.4,500,0,140500
JUBLFOOD30Jan201760CE.NFO,07/01/2020,09:59:51,24.6,23.3,500,24.3,500,0,140500
JUBLFOOD30Jan201760CE.NFO,07/01/2020,09:59:57,24.6,23.3,1000,24.25,500,0,140500
JUBLFOOD30Jan201760CE.NFO,07/01/2020,10:00:02,24.6,23.3,500,24.4,500,0,140500
JUBLFOOD30Jan201760CE.NFO,07/01/2020,10:00:08,24.6,23.3,500,24.35,1000,0,140500
JUBLFOOD30Jan201760CE.NFO,07/01/2020,10:00:18,24.6,23.35,500,24.5,1000,0,140500
JUBLFOOD30Jan201760CE.NFO,07/01/2020,10:00:24,24.6,23.5,500,24.45,1000,0,140500
JUBLFOOD30Jan201760CE.NFO,07/01/2020,10:00:29,24.6,23.35,500,24.35,500,0,140500
JUBLFOOD30Jan201760CE.NFO,07/01/2020,10:00:34,24.6,23.4,500,24.4,500,0,140500
JUBLFOOD30Jan201760CE.NFO,07/01/2020,10:00:40,24.6,23.35,500,24,1000,0,140500
JUBLFOOD30Jan201760CE.NFO,07/01/2020,10:00:47,24.6,23.4,500,24,1000,0,140500
JUBLFOOD30Jan201760CE.NFO,07/01/2020,10:00:54,24.6,23.3,500,24,1000,0,140500
JUBLFOOD30Jan201760CE.NFO,07/01/2020,10:01:15,24.6,23.3,500,23.95,500,0,140500
JUBLFOOD30Jan201760CE.NFO,07/01/2020,10:01:23,24.6,23.3,500,24,1000,0,140500
JUBLFOOD30Jan201760CE.NFO,07/01/2020,10:01:32,24.6,23.3,500,23.95,500,0,140500
JUBLFOOD30Jan201760CE.NFO,07/01/2020,10:01:35,24.6,23.35,500,23.95,500,0,140500
JUBLFOOD30Jan201760CE.NFO,07/01/2020,10:01:36,24.6,23.3,500,23.95,500,0,140500
JUBLFOOD30Jan201760CE.NFO,07/01/2020,10:01:37,24.6,23.3,500,24,1000,0,140500
JUBLFOOD30Jan201760CE.NFO,07/01/2020,10:01:41,24.6,23.3,500,24.1,1000,0,140500
JUBLFOOD30Jan201760CE.NFO,07/01/2020,10:01:42,24.6,23.35,500,24.1,500,0,140500
JUBLFOOD30Jan201760CE.NFO,07/01/2020,10:01:43,23.75,23.35,500,24.35,500,500,140500
JUBLFOOD30Jan201760CE.NFO,07/01/2020,10:01:44,23.75,23.35,500,24.35,500,0,140500
JUBLFOOD30Jan201760CE.NFO,07/01/2020,10:01:47,23.75,23.35,1000,24.35,500,0,140500
JUBLFOOD30Jan201760CE.NFO,07/01/2020,10:01:48,23.75,23.35,500,24.35,500,0,140500
JUBLFOOD30Jan201760CE.NFO,07/01/2020,10:01:49,23.75,23.3,500,24.35,500,0,140500
JUBLFOOD30Jan201760CE.NFO,07/01/2020,10:01:52,23.75,23.3,500,24.25,500,0,140500
JUBLFOOD30Jan201760CE.NFO,07/01/2020,10:01:55,23.75,23.3,500,24.25,1000,0,140500
JUBLFOOD30Jan201760CE.NFO,07/01/2020,10:01:57,23.75,23.35,500,24.15,500,0,140500
JUBLFOOD30Jan201760CE.NFO,07/01/2020,10:02:04,23.75,23.35,500,24.1,500,0,140500
JUBLFOOD30Jan201760CE.NFO,07/01/2020,10:02:07,23.75,23.3,500,24.25,500,0,140500
JUBLFOOD30Jan201760CE.NFO,07/01/2020,10:02:08,23.75,23.3,500,24.25,1000,0,140500
JUBLFOOD30Jan201760CE.NFO,07/01/2020,10:02:12,23.75,23.4,500,24.5,500,0,140500
JUBLFOOD30Jan201760CE.NFO,07/01/2020,10:02:16,23.75,23.45,500,24.5,500,0,140500
JUBLFOOD30Jan201760CE.NFO,07/01/2020,10:02:21,23.75,23.45,500,24.4,500,0,140500
JUBLFOOD30Jan201760CE.NFO,07/01/2020,10:02:26,23.75,23.35,500,24.4,500,0,140500
JUBLFOOD30Jan201760CE.NFO,07/01/2020,10:02:32,23.75,23.35,500,24.3,500,0,140500
JUBLFOOD30Jan201760CE.NFO,07/01/2020,10:02:44,23.75,23.15,500,24.3,1000,0,140500
JUBLFOOD30Jan201760CE.NFO,07/01/2020,10:02:54,23.75,23.2,1000,24.2,500,0,140500
JUBLFOOD30Jan201760CE.NFO,07/01/2020,10:02:59,23.75,23.3,500,24.2,500,0,140500
JUBLFOOD30Jan201760CE.NFO,07/01/2020,10:03:04,23.75,23.2,1000,24.2,500,0,140500
JUBLFOOD30Jan201760CE.NFO,07/01/2020,10:03:08,23.75,23.2,500,24.1,500,0,140500
JUBLFOOD30Jan201760CE.NFO,07/01/2020,10:03:13,23.75,23.15,500,24.1,1000,0,140500
JUBLFOOD30Jan201760CE.NFO,07/01/2020,10:03:18,23.75,23.15,500,24.05,500,0,140500
JUBLFOOD30Jan201760CE.NFO,07/01/2020,10:03:23,23.75,23.15,500,23.9,500,0,140500
JUBLFOOD30Jan201760CE.NFO,07/01/2020,10:03:28,23.75,23.15,500,23.85,500,0,140500
JUBLFOOD30Jan201760CE.NFO,07/01/2020,10:03:32,23.75,23,500,23.8,500,0,140500
JUBLFOOD30Jan201760CE.NFO,07/01/2020,10:03:37,23.75,23.15,500,23.95,500,0,140500
JUBLFOOD30Jan201760CE.NFO,07/01/2020,10:03:41,23.75,23.15,500,23.65,500,0,140500
JUBLFOOD30Jan201760CE.NFO,07/01/2020,10:03:45,23.75,23,500,23.6,500,0,140500
JUBLFOOD30Jan201760CE.NFO,07/01/2020,10:03:50,23.75,23.05,500,23.8,500,0,140500
JUBLFOOD30Jan201760CE.NFO,07/01/2020,10:03:55,23.75,23.2,1000,24.3,500,0,140500
JUBLFOOD30Jan201760CE.NFO,07/01/2020,10:04:00,23.75,23.2,1000,24.6,500,0,140500
JUBLFOOD30Jan201760CE.NFO,07/01/2020,10:04:05,23.75,23.7,500,24.6,1000,0,140500
JUBLFOOD30Jan201760CE.NFO,07/01/2020,10:04:10,23.75,23.7,500,24.5,500,0,140500
JUBLFOOD30Jan201760CE.NFO,07/01/2020,10:04:14,23.75,23.7,500,24.45,500,0,140500
JUBLFOOD30Jan201760CE.NFO,07/01/2020,10:04:18,23.75,23.7,500,24.55,500,0,140500
JUBLFOOD30Jan201760CE.NFO,07/01/2020,10:04:22,23.75,23.75,500,24.55,500,0,140500
JUBLFOOD30Jan201760CE.NFO,07/01/2020,10:04:26,23.75,23.75,500,24.5,500,0,140500
JUBLFOOD30Jan201760CE.NFO,07/01/2020,10:04:31,23.75,23.7,500,24.35,500,0,140500
JUBLFOOD30Jan201760CE.NFO,07/01/2020,10:04:40,23.75,23.8,500,24.4,500,0,140500
JUBLFOOD30Jan201760CE.NFO,07/01/2020,10:05:03,23.75,23.55,500,24.4,1000,0,140500
JUBLFOOD30Jan201760CE.NFO,07/01/2020,10:05:08,23.75,23.8,1000,24.35,500,0,140500
JUBLFOOD30Jan201760CE.NFO,07/01/2020,10:05:12,23.75,23.8,500,24.35,500,0,140500
JUBLFOOD30Jan201760CE.NFO,07/01/2020,10:05:16,23.75,23.7,500,24.25,500,0,140500
JUBLFOOD30Jan201760CE.NFO,07/01/2020,10:05:21,23.75,23.6,500,24.3,500,0,140500
JUBLFOOD30Jan201760CE.NFO,07/01/2020,10:05:25,23.75,23.6,500,24.1,500,0,140500
JUBLFOOD30Jan201760CE.NFO,07/01/2020,10:05:35,23.75,23.7,500,24.4,1000,0,140500
JUBLFOOD30Jan201760CE.NFO,07/01/2020,10:05:41,23.75,23.65,500,24.4,500,0,140500
JUBLFOOD30Jan201760CE.NFO,07/01/2020,10:05:47,23.75,23.7,500,24.4,500,500,140500
JUBLFOOD30Jan201760CE.NFO,07/01/2020,10:05:53,23.75,23.55,500,24.35,500,0,140500
JUBLFOOD30Jan201760CE.NFO,07/01/2020,10:05:59,23.75,23.45,500,24.25,500,0,140500
JUBLFOOD30Jan201760CE.NFO,07/01/2020,10:06:04,23.75,23.4,500,24.25,500,0,140500
JUBLFOOD30Jan201760CE.NFO,07/01/2020,10:06:09,23.75,23.3,500,24.25,500,0,140500
JUBLFOOD30Jan201760CE.NFO,07/01/2020,10:06:15,23.75,23.35,500,24.35,500,0,140500
JUBLFOOD30Jan201760CE.NFO,07/01/2020,10:06:20,23.75,23.55,1000,24.35,500,0,140500
JUBLFOOD30Jan201760CE.NFO,07/01/2020,10:06:26,23.75,23.8,500,24.4,500,0,140500
JUBLFOOD30Jan201760CE.NFO,07/01/2020,10:06:37,23.75,23.85,1000,24.4,500,0,140500
JUBLFOOD30Jan201760CE.NFO,07/01/2020,10:06:42,23.75,23.95,500,24.4,500,0,140500
JUBLFOOD30Jan201760CE.NFO,07/01/2020,10:06:48,23.75,23.85,500,24.4,500,0,140500
JUBLFOOD30Jan201760CE.NFO,07/01/2020,10:06:54,23.75,23.95,500,24.4,500,0,140500
JUBLFOOD30Jan201760CE.NFO,07/01/2020,10:06:59,23.85,23.9,500,24.4,500,500,140500
JUBLFOOD30Jan201760CE.NFO,07/01/2020,10:07:05,23.85,23.9,500,24.4,500,0,140500
JUBLFOOD30Jan201760CE.NFO,07/01/2020,10:07:10,23.85,24,500,24.4,500,0,140500
JUBLFOOD30Jan201760CE.NFO,07/01/2020,10:07:12,23.85,23.9,500,24.4,500,0,140500
JUBLFOOD30Jan201760CE.NFO,07/01/2020,10:07:14,23.85,23.75,1000,24.4,500,0,140500
JUBLFOOD30Jan201760CE.NFO,07/01/2020,10:07:26,23.85,23.8,500,24.4,500,0,140500
JUBLFOOD30Jan201760CE.NFO,07/01/2020,10:07:27,23.85,23.75,1000,24.4,500,0,140500
JUBLFOOD30Jan201760CE.NFO,07/01/2020,10:07:28,23.85,23.9,500,24.4,500,0,140500
JUBLFOOD30Jan201760CE.NFO,07/01/2020,10:07:37,23.85,24,500,24.4,500,0,140500
JUBLFOOD30Jan201760CE.NFO,07/01/2020,10:07:40,23.85,24,1000,24.4,500,0,140500
JUBLFOOD30Jan201760CE.NFO,07/01/2020,10:07:43,23.85,24.05,500,24.4,500,0,140500
JUBLFOOD30Jan201760CE.NFO,07/01/2020,10:07:44,23.85,24,500,24.4,500,0,140500
JUBLFOOD30Jan201760CE.NFO,07/01/2020,10:08:16,23.85,24.05,500,24.4,500,0,140500
JUBLFOOD30Jan201760CE.NFO,07/01/2020,10:08:46,23.85,24,500,24.4,500,0,140500
JUBLFOOD30Jan201760CE.NFO,07/01/2020,10:08:58,23.85,24.1,500,24.4,500,0,140500
JUBLFOOD30Jan201760CE.NFO,07/01/2020,10:09:02,23.85,24,500,24.4,500,0,140500
JUBLFOOD30Jan201760CE.NFO,07/01/2020,10:09:07,23.85,23.9,500,24.4,500,0,140500
JUBLFOOD30Jan201760CE.NFO,07/01/2020,10:09:11,23.85,23.95,500,24.4,500,0,140500
JUBLFOOD30Jan201760CE.NFO,07/01/2020,10:09:24,23.85,24,500,24.4,500,0,140500
JUBLFOOD30Jan201760CE.NFO,07/01/2020,10:09:28,24,23.75,500,24.25,500,500,141500
JUBLFOOD30Jan201760CE.NFO,07/01/2020,10:09:32,24,23.6,500,24.2,500,0,141500
JUBLFOOD30Jan201760CE.NFO,07/01/2020,10:09:45,24,23.4,1000,24.15,500,0,141500
JUBLFOOD30Jan201760CE.NFO,07/01/2020,10:09:49,24,23.4,1500,24.15,500,0,141500
JUBLFOOD30Jan201760CE.NFO,07/01/2020,10:09:54,24,23.6,500,24.2,500,0,141500
JUBLFOOD30Jan201760CE.NFO,07/01/2020,10:09:59,24,23.65,500,24,500,0,141500
JUBLFOOD30Jan201760CE.NFO,07/01/2020,10:10:04,24,23.6,500,24,500,0,141500
JUBLFOOD30Jan201760CE.NFO,07/01/2020,10:10:14,24,23.4,500,24,500,0,141500
JUBLFOOD30Jan201760CE.NFO,07/01/2020,10:10:23,24,23.2,1500,24,1000,0,141500
JUBLFOOD30Jan201760CE.NFO,07/01/2020,10:10:26,24,23.6,1000,24,500,0,141500
JUBLFOOD30Jan201760CE.NFO,07/01/2020,10:10:49,24,23.65,500,24,500,0,141500
JUBLFOOD30Jan201760CE.NFO,07/01/2020,10:10:53,24,23.6,1000,24,500,0,141500
JUBLFOOD30Jan201760CE.NFO,07/01/2020,10:11:20,23.85,23.55,500,24,500,500,141500
JUBLFOOD30Jan201760CE.NFO,07/01/2020,10:11:25,23.85,23.55,500,24,500,0,141500
JUBLFOOD30Jan201760CE.NFO,07/01/2020,10:11:31,23.85,23.55,500,24,1000,0,141500
JUBLFOOD30Jan201760CE.NFO,07/01/2020,10:11:36,23.85,23.55,500,24,500,0,141500
JUBLFOOD30Jan201760CE.NFO,07/01/2020,10:11:46,23.85,23.55,500,24,1000,0,141500
JUBLFOOD30Jan201760CE.NFO,07/01/2020,10:11:51,23.85,23.55,500,24,1500,0,141500
JUBLFOOD30Jan201760CE.NFO,07/01/2020,10:11:56,23.85,23.55,500,23.95,500,0,141500
JUBLFOOD30Jan201760CE.NFO,07/01/2020,10:12:02,23.85,23.55,500,23.9,500,0,141500
JUBLFOOD30Jan201760CE.NFO,07/01/2020,10:12:19,23.55,22.55,1500,23.8,500,500,142000
JUBLFOOD30Jan201760CE.NFO,07/01/2020,10:12:24,23.55,22.55,500,23.8,500,0,142000
JUBLFOOD30Jan201760CE.NFO,07/01/2020,10:12:33,23.55,22.55,1000,23.8,500,0,142000
JUBLFOOD30Jan201760CE.NFO,07/01/2020,10:12:47,23.55,22.55,1000,23.75,500,0,142000
JUBLFOOD30Jan201760CE.NFO,07/01/2020,10:12:57,23.55,22.55,1000,23.85,500,0,142000
JUBLFOOD30Jan201760CE.NFO,07/01/2020,10:13:03,23.55,22.55,3000,23.9,500,0,142000
JUBLFOOD30Jan201760CE.NFO,07/01/2020,10:13:08,23.55,22.55,1000,23.85,500,0,142000
JUBLFOOD30Jan201760CE.NFO,07/01/2020,10:13:13,23.55,22.55,500,23.85,500,0,142000
JUBLFOOD30Jan201760CE.NFO,07/01/2020,10:13:18,23.55,22.55,1000,23.85,500,0,142000
JUBLFOOD30Jan201760CE.NFO,07/01/2020,10:13:24,23.55,22.65,500,23.85,500,0,142000
JUBLFOOD30Jan201760CE.NFO,07/01/2020,10:13:29,23.55,22.7,1000,23.85,500,0,142000
JUBLFOOD30Jan201760CE.NFO,07/01/2020,10:13:33,23.55,22.7,1000,23.9,1000,0,142000
JUBLFOOD30Jan201760CE.NFO,07/01/2020,10:13:37,23.55,22.75,500,23.9,500,0,142000
JUBLFOOD30Jan201760CE.NFO,07/01/2020,10:13:46,23.55,22.8,500,23.9,500,0,142000
JUBLFOOD30Jan201760CE.NFO,07/01/2020,10:13:53,23.55,22.7,1000,23.9,500,0,142000
JUBLFOOD30Jan201760CE.NFO,07/01/2020,10:13:58,23.55,22.8,500,23.9,500,0,142000
JUBLFOOD30Jan201760CE.NFO,07/01/2020,10:14:02,23.55,22.8,3000,24,500,500,142000
JUBLFOOD30Jan201760CE.NFO,07/01/2020,10:14:07,23.55,23,500,24,500,0,142000
JUBLFOOD30Jan201760CE.NFO,07/01/2020,10:14:17,23.55,23.05,1000,24,500,0,142000
JUBLFOOD30Jan201760CE.NFO,07/01/2020,10:14:23,23.55,23.15,3000,24,500,0,142000
JUBLFOOD30Jan201760CE.NFO,07/01/2020,10:14:28,23.55,23.05,500,24,500,0,142000
JUBLFOOD30Jan201760CE.NFO,07/01/2020,10:14:33,23.55,23,500,24,500,0,142000
JUBLFOOD30Jan201760CE.NFO,07/01/2020,10:14:38,23.55,23.1,500,24,500,0,142000
JUBLFOOD30Jan201760CE.NFO,07/01/2020,10:14:43,23.55,23.05,500,24,500,0,142000
JUBLFOOD30Jan201760CE.NFO,07/01/2020,10:15:03,23.55,23.1,500,24,500,0,142000
JUBLFOOD30Jan201760CE.NFO,07/01/2020,10:15:13,23.55,23.05,500,24,500,0,142000
JUBLFOOD30Jan201760CE.NFO,07/01/2020,10:15:18,23.55,23.1,1000,24,500,0,142000
JUBLFOOD30Jan201760CE.NFO,07/01/2020,10:15:42,23.55,23.1,500,24,500,0,142000
JUBLFOOD30Jan201760CE.NFO,07/01/2020,10:15:48,23.55,23.05,500,23.55,500,0,142000
JUBLFOOD30Jan201760CE.NFO,07/01/2020,10:15:54,23.55,22.95,1000,23.55,500,0,142000
JUBLFOOD30Jan201760CE.NFO,07/01/2020,10:15:59,23.55,23.05,500,23.55,500,0,142000
JUBLFOOD30Jan201760CE.NFO,07/01/2020,10:16:13,23.55,23.15,500,24.25,500,500,143000
JUBLFOOD30Jan201760CE.NFO,07/01/2020,10:16:18,23.55,23.2,500,24.3,500,0,143000
JUBLFOOD30Jan201760CE.NFO,07/01/2020,10:16:31,23.55,23.25,1000,24.35,500,0,143000
JUBLFOOD30Jan201760CE.NFO,07/01/2020,10:16:36,23.55,23.2,1000,24.3,500,0,143000
JUBLFOOD30Jan201760CE.NFO,07/01/2020,10:16:42,23.55,23.15,1000,24.3,500,0,143000
JUBLFOOD30Jan201760CE.NFO,07/01/2020,10:16:51,23.55,23.1,500,24.25,500,0,143000
JUBLFOOD30Jan201760CE.NFO,07/01/2020,10:17:00,23.55,23.1,500,24.25,1000,0,143000
JUBLFOOD30Jan201760CE.NFO,07/01/2020,10:17:04,23.55,23.1,500,24.2,500,0,143000
JUBLFOOD30Jan201760CE.NFO,07/01/2020,10:17:08,23.55,23.05,2000,24.3,500,0,143000
JUBLFOOD30Jan201760CE.NFO,07/01/2020,10:17:12,23.55,23.1,500,24.3,500,0,143000
JUBLFOOD30Jan201760CE.NFO,07/01/2020,10:17:14,23.55,23.1,500,24.2,500,0,143000
JUBLFOOD30Jan201760CE.NFO,07/01/2020,10:17:16,23.55,23.1,500,24.3,500,0,143000
JUBLFOOD30Jan201760CE.NFO,07/01/2020,10:17:18,23.55,23.05,1000,24.25,500,0,143000
JUBLFOOD30Jan201760CE.NFO,07/01/2020,10:17:20,23.55,23.1,500,24.25,500,0,143000
JUBLFOOD30Jan201760CE.NFO,07/01/2020,10:17:22,23.55,23.1,500,24.15,500,0,143000
JUBLFOOD30Jan201760CE.NFO,07/01/2020,10:17:24,23.55,23.05,500,24.15,500,0,143000
JUBLFOOD30Jan201760CE.NFO,07/01/2020,10:17:25,23.55,23.05,500,24.1,500,0,143000
JUBLFOOD30Jan201760CE.NFO,07/01/2020,10:17:26,23.55,23.05,1000,24.05,500,0,143000
JUBLFOOD30Jan201760CE.NFO,07/01/2020,10:17:27,23.55,23.1,500,24.25,500,0,143000
JUBLFOOD30Jan201760CE.NFO,07/01/2020,10:17:33,23.55,23.1,500,24.35,1000,0,143000
JUBLFOOD30Jan201760CE.NFO,07/01/2020,10:17:34,23.55,23.1,500,24.3,500,0,143000
JUBLFOOD30Jan201760CE.NFO,07/01/2020,10:17:35,23.55,23.1,1000,24.3,500,0,143000
JUBLFOOD30Jan201760CE.NFO,07/01/2020,10:17:36,23.55,23.1,1000,24.35,500,0,143000
JUBLFOOD30Jan201760CE.NFO,07/01/2020,10:17:45,23.55,23.1,500,24.3,500,0,143000
JUBLFOOD30Jan201760CE.NFO,07/01/2020,10:17:46,23.55,23.1,500,24.35,500,0,143000
JUBLFOOD30Jan201760CE.NFO,07/01/2020,10:17:49,23.55,23.1,500,24.3,500,0,143000
JUBLFOOD30Jan201760CE.NFO,07/01/2020,10:17:50,23.55,23.1,500,24.25,500,0,143000
JUBLFOOD30Jan201760CE.NFO,07/01/2020,10:17:51,23.55,23.1,500,24.35,1000,0,143000
JUBLFOOD30Jan201760CE.NFO,07/01/2020,10:17:52,23.55,23.1,500,24.3,500,0,143000
JUBLFOOD30Jan201760CE.NFO,07/01/2020,10:17:56,23.55,23.1,500,24.25,500,0,143000
JUBLFOOD30Jan201760CE.NFO,07/01/2020,10:17:58,23.55,23.1,500,24.3,500,0,143000
JUBLFOOD30Jan201760CE.NFO,07/01/2020,10:17:59,23.55,23.1,500,24.3,1000,0,143000
JUBLFOOD30Jan201760CE.NFO,07/01/2020,10:18:00,23.55,23.1,500,24.25,500,0,143000
JUBLFOOD30Jan201760CE.NFO,07/01/2020,10:18:01,23.55,23.1,500,24.3,500,0,143000
JUBLFOOD30Jan201760CE.NFO,07/01/2020,10:18:03,23.55,23.1,500,24.35,500,0,143000
JUBLFOOD30Jan201760CE.NFO,07/01/2020,10:18:05,23.55,23.1,500,24.3,500,0,143000
JUBLFOOD30Jan201760CE.NFO,07/01/2020,10:18:06,23.55,23.1,500,24.35,500,0,143000
JUBLFOOD30Jan201760CE.NFO,07/01/2020,10:18:13,23.55,23.1,500,24.3,500,0,143000
JUBLFOOD30Jan201760CE.NFO,07/01/2020,10:18:14,23.55,23.05,500,24.25,500,0,143000
JUBLFOOD30Jan201760CE.NFO,07/01/2020,10:18:16,23.55,23.05,500,24.2,500,0,143000
JUBLFOOD30Jan201760CE.NFO,07/01/2020,10:18:17,23.55,23.05,500,24.25,500,0,143000
JUBLFOOD30Jan201760CE.NFO,07/01/2020,10:18:19,23.55,23.1,500,24.3,500,0,143000
JUBLFOOD30Jan201760CE.NFO,07/01/2020,10:18:20,23.55,23.1,500,24.2,500,0,143000
JUBLFOOD30Jan201760CE.NFO,07/01/2020,10:18:21,23.55,23.1,500,24.15,500,0,143000
JUBLFOOD30Jan201760CE.NFO,07/01/2020,10:18:22,23.55,23.1,500,24.1,500,0,143000
JUBLFOOD30Jan201760CE.NFO,07/01/2020,10:18:23,23.55,23.05,500,24.05,500,0,143000
JUBLFOOD30Jan201760CE.NFO,07/01/2020,10:18:24,23.55,22.9,1000,24.05,1000,0,143000
JUBLFOOD30Jan201760CE.NFO,07/01/2020,10:18:25,23.55,22.95,500,24.15,500,0,143000
JUBLFOOD30Jan201760CE.NFO,07/01/2020,10:18:26,23.55,22.95,500,24.1,500,0,143000
JUBLFOOD30Jan201760CE.NFO,07/01/2020,10:18:28,23.55,22.9,1000,24.25,1000,0,143000
JUBLFOOD30Jan201760CE.NFO,07/01/2020,10:18:29,23.55,22.95,500,24.15,500,0,143000
JUBLFOOD30Jan201760CE.NFO,07/01/2020,10:18:31,23.55,23.05,1500,24.3,500,0,143000
JUBLFOOD30Jan201760CE.NFO,07/01/2020,10:18:32,23.55,23.05,1500,24.3,1000,0,143000
JUBLFOOD30Jan201760CE.NFO,07/01/2020,10:18:33,23.55,23.05,1500,24.3,500,0,143000
JUBLFOOD30Jan201760CE.NFO,07/01/2020,10:18:34,23.55,23.05,1000,24.25,500,0,143000
JUBLFOOD30Jan201760CE.NFO,07/01/2020,10:18:35,23.55,23.05,1000,24,500,0,143000
JUBLFOOD30Jan201760CE.NFO,07/01/2020,10:18:39,23.55,23.05,500,23.95,500,0,143000
JUBLFOOD30Jan201760CE.NFO,07/01/2020,10:18:42,23.55,23.05,500,24,1000,0,143000
JUBLFOOD30Jan201760CE.NFO,07/01/2020,10:18:45,23.55,23.05,500,23.6,500,0,143000
JUBLFOOD30Jan201760CE.NFO,07/01/2020,10:18:47,23.55,23.05,500,24,500,0,143000
JUBLFOOD30Jan201760CE.NFO,07/01/2020,10:18:48,23.55,23.05,500,24.2,500,0,143000
JUBLFOOD30Jan201760CE.NFO,07/01/2020,10:18:49,23.55,23.05,500,23.95,500,0,143000
JUBLFOOD30Jan201760CE.NFO,07/01/2020,10:18:52,23.55,23.05,500,23.95,1000,0,143000
JUBLFOOD30Jan201760CE.NFO,07/01/2020,10:18:53,23.55,22.8,1000,23.95,1000,0,143000
JUBLFOOD30Jan201760CE.NFO,07/01/2020,10:18:56,23.55,22.85,1000,23.95,1000,0,143000
JUBLFOOD30Jan201760CE.NFO,07/01/2020,10:19:21,23.55,22.85,500,23.9,500,0,143000
JUBLFOOD30Jan201760CE.NFO,07/01/2020,10:19:30,23.55,22.8,1000,23.85,500,0,143000
JUBLFOOD30Jan201760CE.NFO,07/01/2020,10:19:33,23.55,22.85,500,23.85,500,0,143000
JUBLFOOD30Jan201760CE.NFO,07/01/2020,10:19:36,23.55,22.8,500,23.8,500,0,143000
JUBLFOOD30Jan201760CE.NFO,07/01/2020,10:19:40,23.55,22.65,500,23.75,500,0,143000
JUBLFOOD30Jan201760CE.NFO,07/01/2020,10:19:47,23.55,22.7,500,23.75,500,0,143000
JUBLFOOD30Jan201760CE.NFO,07/01/2020,10:20:00,23.55,22.9,500,23.8,500,0,143000
JUBLFOOD30Jan201760CE.NFO,07/01/2020,10:20:04,23.55,22.8,500,23.8,500,0,143000
JUBLFOOD30Jan201760CE.NFO,07/01/2020,10:20:16,23.55,22.8,1000,23.85,500,0,143000
JUBLFOOD30Jan201760CE.NFO,07/01/2020,10:20:30,23.55,22.8,1000,23.8,500,0,143000
JUBLFOOD30Jan201760CE.NFO,07/01/2020,10:20:38,23.55,22.8,1000,23.85,500,0,143000
JUBLFOOD30Jan201760CE.NFO,07/01/2020,10:20:42,23.55,22.8,1000,23.95,500,0,143000
JUBLFOOD30Jan201760CE.NFO,07/01/2020,10:20:58,23.55,22.8,3000,23.95,500,0,143000
JUBLFOOD30Jan201760CE.NFO,07/01/2020,10:21:05,23.55,22.8,1000,23.95,500,0,143000
JUBLFOOD30Jan201760CE.NFO,07/01/2020,10:21:26,23.55,23.15,1000,23.95,500,0,143000
JUBLFOOD30Jan201760CE.NFO,07/01/2020,10:21:29,23.55,23.15,500,23.95,500,0,143000
JUBLFOOD30Jan201760CE.NFO,07/01/2020,10:21:35,23.55,23.15,1000,23.95,500,0,143000
JUBLFOOD30Jan201760CE.NFO,07/01/2020,10:21:52,23.55,23.05,1000,23.95,500,0,143000
JUBLFOOD30Jan201760CE.NFO,07/01/2020,10:22:00,23.55,22.95,1000,23.7,500,0,143000
JUBLFOOD30Jan201760CE.NFO,07/01/2020,10:22:10,23.55,23.05,500,23.7,500,0,143000
JUBLFOOD30Jan201760CE.NFO,07/01/2020,10:22:20,23.55,23.05,500,23.85,500,0,143000
JUBLFOOD30Jan201760CE.NFO,07/01/2020,10:22:30,23.55,23.05,1000,23.8,500,0,143000
JUBLFOOD30Jan201760CE.NFO,07/01/2020,10:22:33,23.55,23.05,1000,23.95,500,0,143000
JUBLFOOD30Jan201760CE.NFO,07/01/2020,10:22:35,23.55,23.05,1500,23.95,500,0,143000
JUBLFOOD30Jan201760CE.NFO,07/01/2020,10:22:48,23.55,22.9,1000,23.9,500,0,143000
JUBLFOOD30Jan201760CE.NFO,07/01/2020,10:22:53,23.55,23,500,23.95,500,0,143000
JUBLFOOD30Jan201760CE.NFO,07/01/2020,10:22:57,23.55,23.05,500,23.95,500,0,143000
JUBLFOOD30Jan201760CE.NFO,07/01/2020,10:23:02,23.55,23.05,1500,23.95,500,0,143000
JUBLFOOD30Jan201760CE.NFO,07/01/2020,10:23:08,23.55,23.05,1000,23.95,500,0,143000
JUBLFOOD30Jan201760CE.NFO,07/01/2020,10:23:20,23.55,23.2,500,23.95,500,0,143000
JUBLFOOD30Jan201760CE.NFO,07/01/2020,10:23:24,23.55,23.2,1500,23.95,500,0,143000
JUBLFOOD30Jan201760CE.NFO,07/01/2020,10:23:32,23.55,23.2,500,23.95,500,0,143000
JUBLFOOD30Jan201760CE.NFO,07/01/2020,10:23:44,23.55,23.2,500,23.9,500,0,143000
JUBLFOOD30Jan201760CE.NFO,07/01/2020,10:23:59,23.55,23.2,500,23.95,500,0,143000
JUBLFOOD30Jan201760CE.NFO,07/01/2020,10:24:25,23.55,23.2,1000,23.95,500,0,143000
JUBLFOOD30Jan201760CE.NFO,07/01/2020,10:24:28,23.55,23.2,500,23.95,500,0,143000
JUBLFOOD30Jan201760CE.NFO,07/01/2020,10:24:35,23.55,23.2,1000,23.95,500,0,143000
JUBLFOOD30Jan201760CE.NFO,07/01/2020,10:24:39,23.55,23.25,500,23.95,500,0,143000
JUBLFOOD30Jan201760CE.NFO,07/01/2020,10:24:42,23.55,23.2,1000,23.95,500,0,143000
JUBLFOOD30Jan201760CE.NFO,07/01/2020,10:24:45,23.55,23.25,500,23.95,500,0,143000
JUBLFOOD30Jan201760CE.NFO,07/01/2020,10:24:48,23.55,23.2,1000,23.95,500,0,143000
JUBLFOOD30Jan201760CE.NFO,07/01/2020,10:24:51,23.55,23.2,500,23.95,500,0,143000
JUBLFOOD30Jan201760CE.NFO,07/01/2020,10:24:54,23.55,23.3,500,23.95,500,0,143000
JUBLFOOD30Jan201760CE.NFO,07/01/2020,10:24:57,23.55,23.2,500,23.95,500,0,143000
JUBLFOOD30Jan201760CE.NFO,07/01/2020,10:25:10,23.55,23.2,1000,23.95,500,0,143000
JUBLFOOD30Jan201760CE.NFO,07/01/2020,10:25:16,23.55,23.2,500,23.95,500,0,143000
JUBLFOOD30Jan201760CE.NFO,07/01/2020,10:25:33,23.55,23.05,1000,23.95,500,0,143000
JUBLFOOD30Jan201760CE.NFO,07/01/2020,10:25:38,23.55,22.95,500,23.95,500,0,143000
JUBLFOOD30Jan201760CE.NFO,07/01/2020,10:25:48,23.55,23.05,500,23.95,500,0,143000
JUBLFOOD30Jan201760CE.NFO,07/01/2020,10:25:54,23.55,23,500,23.95,500,0,143000
JUBLFOOD30Jan201760CE.NFO,07/01/2020,10:26:11,23.55,23.05,500,23.95,500,0,143000
JUBLFOOD30Jan201760CE.NFO,07/01/2020,10:26:30,23.55,23.25,500,23.95,500,0,143000
JUBLFOOD30Jan201760CE.NFO,07/01/2020,10:26:33,23.55,23.3,500,23.95,500,0,143000
JUBLFOOD30Jan201760CE.NFO,07/01/2020,10:26:36,23.55,23.2,500,23.95,500,0,143000
JUBLFOOD30Jan201760CE.NFO,07/01/2020,10:26:43,23.55,23.25,500,23.95,500,0,143000
JUBLFOOD30Jan201760CE.NFO,07/01/2020,10:26:53,23.55,23.1,500,23.95,500,0,143000
JUBLFOOD30Jan201760CE.NFO,07/01/2020,10:26:58,23.55,23.15,500,23.95,500,0,143000
JUBLFOOD30Jan201760CE.NFO,07/01/2020,10:27:08,23.55,23.1,500,23.95,500,0,143000
JUBLFOOD30Jan201760CE.NFO,07/01/2020,10:27:11,23.55,23,500,23.95,500,0,143000
JUBLFOOD30Jan201760CE.NFO,07/01/2020,10:27:22,23.55,23.05,500,23.95,500,0,143000
JUBLFOOD30Jan201760CE.NFO,07/01/2020,10:27:28,23.55,23,500,23.95,500,0,143000
JUBLFOOD30Jan201760CE.NFO,07/01/2020,10:27:32,23.55,23.05,500,23.95,500,0,143000
JUBLFOOD30Jan201760CE.NFO,07/01/2020,10:27:43,23.55,23,1000,23.95,500,0,143000
JUBLFOOD30Jan201760CE.NFO,07/01/2020,10:27:47,23.55,23.05,1000,23.95,500,0,143000
JUBLFOOD30Jan201760CE.NFO,07/01/2020,10:27:50,23.55,23.05,500,23.95,500,0,143000
JUBLFOOD30Jan201760CE.NFO,07/01/2020,10:27:53,23.55,23.05,1000,23.95,500,0,143000
JUBLFOOD30Jan201760CE.NFO,07/01/2020,10:28:09,23.55,23.05,500,23.95,500,0,143000
JUBLFOOD30Jan201760CE.NFO,07/01/2020,10:28:12,23.95,23.25,500,24.4,500,500,143500
JUBLFOOD30Jan201760CE.NFO,07/01/2020,10:28:18,23.95,23.25,500,24.35,500,0,143500
JUBLFOOD30Jan201760CE.NFO,07/01/2020,10:28:21,23.95,23.3,500,24.35,500,0,143500
JUBLFOOD30Jan201760CE.NFO,07/01/2020,10:28:32,23.95,23.3,500,24.4,500,0,143500
JUBLFOOD30Jan201760CE.NFO,07/01/2020,10:28:36,23.95,23.45,1000,24.4,500,0,143500
JUBLFOOD30Jan201760CE.NFO,07/01/2020,10:28:42,23.95,23.45,500,24.4,500,0,143500
JUBLFOOD30Jan201760CE.NFO,07/01/2020,10:28:52,23.95,23.5,500,24.4,500,0,143500
JUBLFOOD30Jan201760CE.NFO,07/01/2020,10:29:08,23.95,23.45,500,24.4,500,0,143500
JUBLFOOD30Jan201760CE.NFO,07/01/2020,10:29:30,23.95,23.4,500,24.4,500,0,143500
JUBLFOOD30Jan201760CE.NFO,07/01/2020,10:29:33,23.95,23.45,500,24.4,500,0,143500
JUBLFOOD30Jan201760CE.NFO,07/01/2020,10:30:37,23.95,23.55,1000,24.4,500,0,143500
JUBLFOOD30Jan201760CE.NFO,07/01/2020,10:30:39,23.95,23.55,1500,24.4,500,0,143500
JUBLFOOD30Jan201760CE.NFO,07/01/2020,10:30:46,23.95,23.55,1000,24.4,500,0,143500
JUBLFOOD30Jan201760CE.NFO,07/01/2020,10:30:50,24.4,23.55,1500,24.75,500,500,143500
JUBLFOOD30Jan201760CE.NFO,07/01/2020,10:30:57,24.4,23.6,500,24.8,500,0,143500
JUBLFOOD30Jan201760CE.NFO,07/01/2020,10:30:59,24.4,23.6,1000,24.8,500,0,143500
JUBLFOOD30Jan201760CE.NFO,07/01/2020,10:31:05,24.4,23.6,1000,24.85,500,0,143500
JUBLFOOD30Jan201760CE.NFO,07/01/2020,10:31:08,24.4,23.55,500,24.7,500,0,143500
JUBLFOOD30Jan201760CE.NFO,07/01/2020,10:31:10,24.4,23.55,1000,24.8,500,0,143500
JUBLFOOD30Jan201760CE.NFO,07/01/2020,10:31:12,24.4,23.6,500,24.75,500,0,143500
JUBLFOOD30Jan201760CE.NFO,07/01/2020,10:31:16,24.4,23.6,500,24.9,500,0,143500
JUBLFOOD30Jan201760CE.NFO,07/01/2020,10:31:19,24.4,23.55,500,24.75,500,0,143500
JUBLFOOD30Jan201760CE.NFO,07/01/2020,10:31:22,24.4,23.55,1000,24.75,1000,0,143500
JUBLFOOD30Jan201760CE.NFO,07/01/2020,10:31:24,24.4,23.6,500,24.8,500,0,143500
JUBLFOOD30Jan201760CE.NFO,07/01/2020,10:31:28,24.4,23.6,500,24.85,500,0,143500
JUBLFOOD30Jan201760CE.NFO,07/01/2020,10:31:31,24.4,23.55,500,24.85,500,0,143500
JUBLFOOD30Jan201760CE.NFO,07/01/2020,10:31:34,24.4,23.55,500,24.7,500,0,143500
JUBLFOOD30Jan201760CE.NFO,07/01/2020,10:31:37,24.4,23.55,500,24.75,500,0,143500
JUBLFOOD30Jan201760CE.NFO,07/01/2020,10:31:40,24.4,23.6,500,24.75,500,0,143500
JUBLFOOD30Jan201760CE.NFO,07/01/2020,10:31:43,24.4,23.45,500,24.75,500,0,143500
JUBLFOOD30Jan201760CE.NFO,07/01/2020,10:31:48,24.4,23.45,500,24.65,500,0,143500
JUBLFOOD30Jan201760CE.NFO,07/01/2020,10:31:51,24.4,23.45,500,24.75,500,0,143500
JUBLFOOD30Jan201760CE.NFO,07/01/2020,10:32:02,24.4,23.6,500,24.9,500,0,143500
JUBLFOOD30Jan201760CE.NFO,07/01/2020,10:32:06,24.4,23.6,1000,24.9,500,0,143500
JUBLFOOD30Jan201760CE.NFO,07/01/2020,10:32:19,24.4,23.6,500,24.9,500,0,143500
JUBLFOOD30Jan201760CE.NFO,07/01/2020,10:32:21,24.4,23.6,1000,24.85,500,0,143500
JUBLFOOD30Jan201760CE.NFO,07/01/2020,10:32:22,24.4,23.6,1000,24.85,1000,0,143500
JUBLFOOD30Jan201760CE.NFO,07/01/2020,10:32:30,24.4,23.6,1500,24.9,500,0,143500
JUBLFOOD30Jan201760CE.NFO,07/01/2020,10:32:30,24.4,23.6,1000,24.95,500,0,143500
JUBLFOOD30Jan201760CE.NFO,07/01/2020,10:32:35,24.4,23.6,1000,24.85,500,0,143500
JUBLFOOD30Jan201760CE.NFO,07/01/2020,10:32:41,24.4,23.6,1500,24.95,500,0,143500
JUBLFOOD30Jan201760CE.NFO,07/01/2020,10:32:42,24.4,23.7,1000,25,500,0,143500
JUBLFOOD30Jan201760CE.NFO,07/01/2020,10:33:06,24.4,23.7,1000,24.95,500,0,143500
JUBLFOOD30Jan201760CE.NFO,07/01/2020,10:33:08,24.4,23.7,1000,25,500,0,143500
JUBLFOOD30Jan201760CE.NFO,07/01/2020,10:33:43,24.4,23.7,1000,25,1000,0,143500
JUBLFOOD30Jan201760CE.NFO,07/01/2020,10:33:48,24.4,23.7,1000,25,500,0,143500
JUBLFOOD30Jan201760CE.NFO,07/01/2020,10:34:02,24.4,23.7,1000,25,1000,0,143500
JUBLFOOD30Jan201760CE.NFO,07/01/2020,10:34:06,24.4,23.7,1000,24.95,500,0,143500
JUBLFOOD30Jan201760CE.NFO,07/01/2020,10:34:10,24.4,23.8,500,24.95,500,0,143500
JUBLFOOD30Jan201760CE.NFO,07/01/2020,10:34:14,24.4,23.8,1500,24.95,500,0,143500
JUBLFOOD30Jan201760CE.NFO,07/01/2020,10:34:18,24.4,23.8,1500,24.95,1000,0,143500
JUBLFOOD30Jan201760CE.NFO,07/01/2020,10:34:21,24.4,23.85,500,24.95,500,0,143500
JUBLFOOD30Jan201760CE.NFO,07/01/2020,10:34:26,24.4,23.8,1000,24.9,500,0,143500
JUBLFOOD30Jan201760CE.NFO,07/01/2020,10:34:31,24.4,23.8,1000,24.95,500,0,143500
JUBLFOOD30Jan201760CE.NFO,07/01/2020,10:34:38,24.4,23.65,500,24.85,1000,0,143500
JUBLFOOD30Jan201760CE.NFO,07/01/2020,10:34:42,24.4,23.75,500,24.95,500,0,143500
JUBLFOOD30Jan201760CE.NFO,07/01/2020,10:34:47,24.4,23.75,1000,24.95,500,0,143500
JUBLFOOD30Jan201760CE.NFO,07/01/2020,10:34:51,24.4,23.75,1000,25,500,0,143500
JUBLFOOD30Jan201760CE.NFO,07/01/2020,10:35:03,24.4,23.75,500,24.95,500,0,143500
JUBLFOOD30Jan201760CE.NFO,07/01/2020,10:35:06,24.4,23.75,1000,25,500,0,143500
JUBLFOOD30Jan201760CE.NFO,07/01/2020,10:35:09,24.4,23.75,500,25,500,0,143500
JUBLFOOD30Jan201760CE.NFO,07/01/2020,10:35:19,24.4,23.75,1000,25,500,0,143500
JUBLFOOD30Jan201760CE.NFO,07/01/2020,10:35:25,24.4,23.75,500,24.95,500,0,143500
JUBLFOOD30Jan201760CE.NFO,07/01/2020,10:35:34,24.4,23.75,1000,24.95,500,0,143500
JUBLFOOD30Jan201760CE.NFO,07/01/2020,10:35:37,24.4,23.75,1000,25,500,0,143500
JUBLFOOD30Jan201760CE.NFO,07/01/2020,10:35:50,24.4,23.7,1000,24.95,500,0,143500
JUBLFOOD30Jan201760CE.NFO,07/01/2020,10:35:53,24.4,23.75,1000,24.95,500,0,143500
JUBLFOOD30Jan201760CE.NFO,07/01/2020,10:35:57,24.4,23.7,1000,24.95,500,0,143500
JUBLFOOD30Jan201760CE.NFO,07/01/2020,10:36:08,24.4,23.75,500,24.95,1000,0,143500
JUBLFOOD30Jan201760CE.NFO,07/01/2020,10:36:20,24.4,23.75,500,25,1000,0,143500
JUBLFOOD30Jan201760CE.NFO,07/01/2020,10:36:23,24.4,23.75,500,24.95,1000,0,143500
JUBLFOOD30Jan201760CE.NFO,07/01/2020,10:36:28,24.4,23.7,500,24.8,500,0,143500
JUBLFOOD30Jan201760CE.NFO,07/01/2020,10:36:31,24.4,23.7,500,24.9,500,0,143500
JUBLFOOD30Jan201760CE.NFO,07/01/2020,10:36:33,24.4,23.7,500,24.8,500,0,143500
JUBLFOOD30Jan201760CE.NFO,07/01/2020,10:36:39,24.4,23.7,500,24.85,500,0,143500
JUBLFOOD30Jan201760CE.NFO,07/01/2020,10:36:41,24.4,23.7,500,24.8,500,0,143500
JUBLFOOD30Jan201760CE.NFO,07/01/2020,10:36:45,24.4,23.7,500,24.9,500,0,143500
JUBLFOOD30Jan201760CE.NFO,07/01/2020,10:36:53,24.4,23.75,500,24.9,500,0,143500
JUBLFOOD30Jan201760CE.NFO,07/01/2020,10:37:06,24.4,23.7,500,24.9,500,0,143500
JUBLFOOD30Jan201760CE.NFO,07/01/2020,10:37:10,24.4,23.7,500,24.8,500,0,143500
JUBLFOOD30Jan201760CE.NFO,07/01/2020,10:37:14,24.4,23.65,500,24.9,500,0,143500
JUBLFOOD30Jan201760CE.NFO,07/01/2020,10:37:17,24.4,23.65,500,24.85,500,0,143500
JUBLFOOD30Jan201760CE.NFO,07/01/2020,10:37:22,24.4,23.65,500,24.75,500,0,143500
JUBLFOOD30Jan201760CE.NFO,07/01/2020,10:37:26,24.4,23.7,500,24.9,500,0,143500
JUBLFOOD30Jan201760CE.NFO,07/01/2020,10:37:29,24.4,23.65,500,24.85,500,0,143500
JUBLFOOD30Jan201760CE.NFO,07/01/2020,10:37:33,24.4,23.7,500,24.85,500,0,143500
JUBLFOOD30Jan201760CE.NFO,07/01/2020,10:37:37,24.4,23.65,500,24.8,500,0,143500
JUBLFOOD30Jan201760CE.NFO,07/01/2020,10:37:41,24.4,23.7,500,24.85,1000,0,143500
JUBLFOOD30Jan201760CE.NFO,07/01/2020,10:37:45,24.4,23.5,500,24.8,500,0,143500
JUBLFOOD30Jan201760CE.NFO,07/01/2020,10:37:49,24.4,23.5,500,24.75,500,0,143500
JUBLFOOD30Jan201760CE.NFO,07/01/2020,10:37:52,24.4,23.5,500,24.8,1000,0,143500
JUBLFOOD30Jan201760CE.NFO,07/01/2020,10:37:55,24.4,23.5,1000,24.65,500,0,143500
JUBLFOOD30Jan201760CE.NFO,07/01/2020,10:38:00,24.4,23.5,500,24.7,1000,0,143500
JUBLFOOD30Jan201760CE.NFO,07/01/2020,10:38:18,24.4,23.5,1000,24.8,500,0,143500
JUBLFOOD30Jan201760CE.NFO,07/01/2020,10:38:20,24.4,23.5,500,24.75,500,0,143500
JUBLFOOD30Jan201760CE.NFO,07/01/2020,10:38:27,24.4,23.45,500,24.75,500,0,143500
JUBLFOOD30Jan201760CE.NFO,07/01/2020,10:38:31,24.4,23.35,500,24.6,500,0,143500
JUBLFOOD30Jan201760CE.NFO,07/01/2020,10:38:37,24.4,23.35,1000,24.6,500,0,143500
JUBLFOOD30Jan201760CE.NFO,07/01/2020,10:38:39,24.4,23.35,500,24.6,500,0,143500
JUBLFOOD30Jan201760CE.NFO,07/01/2020,10:38:44,24.4,23.35,1000,24.65,500,0,143500
JUBLFOOD30Jan201760CE.NFO,07/01/2020,10:38:54,24.4,23.35,1000,24.6,500,0,143500
JUBLFOOD30Jan201760CE.NFO,07/01/2020,10:38:57,24.4,23.35,1000,24.55,500,0,143500
JUBLFOOD30Jan201760CE.NFO,07/01/2020,10:39:00,24.4,23.35,1000,24.65,500,0,143500
JUBLFOOD30Jan201760CE.NFO,07/01/2020,10:39:05,24.4,23.55,500,24.55,500,0,143500
JUBLFOOD30Jan201760CE.NFO,07/01/2020,10:39:16,24.4,23.55,500,24.5,1000,0,143500
JUBLFOOD30Jan201760CE.NFO,07/01/2020,10:39:17,24.4,23.55,500,24.45,500,0,143500
JUBLFOOD30Jan201760CE.NFO,07/01/2020,10:39:18,24.4,23.55,500,24.5,1000,0,143500
JUBLFOOD30Jan201760CE.NFO,07/01/2020,10:39:19,24.4,23.55,500,24.5,500,0,143500
JUBLFOOD30Jan201760CE.NFO,07/01/2020,10:39:21,24.4,23.55,500,24.45,500,0,143500
JUBLFOOD30Jan201760CE.NFO,07/01/2020,10:39:22,24.4,23.55,500,24.5,500,0,143500
JUBLFOOD30Jan201760CE.NFO,07/01/2020,10:39:23,24.4,23.55,500,24.5,1000,0,143500
JUBLFOOD30Jan201760CE.NFO,07/01/2020,10:39:25,24.4,23.55,500,24.5,500,0,143500
JUBLFOOD30Jan201760CE.NFO,07/01/2020,10:39:26,24.4,23.55,500,24.5,1000,0,143500
JUBLFOOD30Jan201760CE.NFO,07/01/2020,10:39:27,24.4,23.55,500,24.5,500,0,143500
JUBLFOOD30Jan201760CE.NFO,07/01/2020,10:39:28,24.4,23.65,1000,24.5,1000,0,143500
JUBLFOOD30Jan201760CE.NFO,07/01/2020,10:39:28,24.4,23.7,500,24.5,1000,0,143500
JUBLFOOD30Jan201760CE.NFO,07/01/2020,10:39:31,24.4,23.7,1000,24.55,500,0,143500
JUBLFOOD30Jan201760CE.NFO,07/01/2020,10:39:33,24.4,23.8,500,24.55,500,0,143500
JUBLFOOD30Jan201760CE.NFO,07/01/2020,10:39:33,24.4,23.8,500,24.6,1000,0,143500
JUBLFOOD30Jan201760CE.NFO,07/01/2020,10:39:34,24.4,23.8,500,24.55,500,0,143500
JUBLFOOD30Jan201760CE.NFO,07/01/2020,10:39:36,24.4,23.7,500,24.6,500,0,143500
JUBLFOOD30Jan201760CE.NFO,07/01/2020,10:39:46,24.4,23.2,500,24.55,500,0,143500
JUBLFOOD30Jan201760CE.NFO,07/01/2020,10:39:47,24.4,23.3,500,24.5,500,0,143500
JUBLFOOD30Jan201760CE.NFO,07/01/2020,10:39:47,24.4,23.4,500,24.6,500,0,143500
JUBLFOOD30Jan201760CE.NFO,07/01/2020,10:39:48,24.4,23.45,500,24.6,500,0,143500
JUBLFOOD30Jan201760CE.NFO,07/01/2020,10:39:58,24.4,23.5,500,24.6,500,0,143500
JUBLFOOD30Jan201760CE.NFO,07/01/2020,10:39:59,24.4,23.55,500,24.6,500,0,143500
JUBLFOOD30Jan201760CE.NFO,07/01/2020,10:40:00,24.4,23.45,500,24.6,500,0,143500
JUBLFOOD30Jan201760CE.NFO,07/01/2020,10:40:01,24.4,23.6,500,24.6,500,0,143500
JUBLFOOD30Jan201760CE.NFO,07/01/2020,10:40:03,24.4,23.4,500,24.4,1000,0,143500
JUBLFOOD30Jan201760CE.NFO,07/01/2020,10:40:03,24.4,23.4,500,24.4,500,0,143500
JUBLFOOD30Jan201760CE.NFO,07/01/2020,10:40:04,24.4,23.6,500,24.4,500,0,143500
JUBLFOOD30Jan201760CE.NFO,07/01/2020,10:40:05,24.4,23.7,500,24.4,500,0,143500
JUBLFOOD30Jan201760CE.NFO,07/01/2020,10:40:06,24.4,23.75,500,24.4,500,0,143500
JUBLFOOD30Jan201760CE.NFO,07/01/2020,10:40:07,24.4,23.45,500,24.4,500,0,143500
JUBLFOOD30Jan201760CE.NFO,07/01/2020,10:40:09,24.4,23.55,500,24.4,500,0,143500
JUBLFOOD30Jan201760CE.NFO,07/01/2020,10:40:10,24.4,23.6,500,24.4,500,0,143500
JUBLFOOD30Jan201760CE.NFO,07/01/2020,10:40:10,24.4,23.5,500,24.4,500,0,143500
JUBLFOOD30Jan201760CE.NFO,07/01/2020,10:40:11,24.4,23.55,500,24.4,500,0,143500
JUBLFOOD30Jan201760CE.NFO,07/01/2020,10:40:13,24.4,23.5,500,24.4,500,0,143500
JUBLFOOD30Jan201760CE.NFO,07/01/2020,10:40:17,24.4,23.6,500,24.4,500,0,143500
JUBLFOOD30Jan201760CE.NFO,07/01/2020,10:40:20,24.4,23.4,500,24.4,500,0,143500
JUBLFOOD30Jan201760CE.NFO,07/01/2020,10:40:22,24.4,23.4,500,24,500,0,143500
JUBLFOOD30Jan201760CE.NFO,07/01/2020,10:40:33,24.4,23.3,500,24,500,0,143500
JUBLFOOD30Jan201760CE.NFO,07/01/2020,10:40:52,24.4,23.35,500,24,500,0,143500
JUBLFOOD30Jan201760CE.NFO,07/01/2020,10:40:54,24.4,23.4,500,24,500,0,143500
JUBLFOOD30Jan201760CE.NFO,07/01/2020,10:40:57,24.4,23.3,500,24,500,0,143500
JUBLFOOD30Jan201760CE.NFO,07/01/2020,10:41:08,24.4,23.35,500,24,500,0,143500
JUBLFOOD30Jan201760CE.NFO,07/01/2020,10:41:11,24.4,23.55,500,24,500,0,143500
JUBLFOOD30Jan201760CE.NFO,07/01/2020,10:41:25,24.4,23.6,500,24,500,0,143500
JUBLFOOD30Jan201760CE.NFO,07/01/2020,10:41:29,24,23.8,500,24.75,1000,500,143500
JUBLFOOD30Jan201760CE.NFO,07/01/2020,10:41:32,24,23.65,500,24.75,500,0,143500
JUBLFOOD30Jan201760CE.NFO,07/01/2020,10:41:35,24,23.7,500,24.75,500,0,143500
JUBLFOOD30Jan201760CE.NFO,07/01/2020,10:41:38,24,23.7,500,24.75,1000,0,143500
JUBLFOOD30Jan201760CE.NFO,07/01/2020,10:41:41,24,23.85,500,24.6,500,0,143500
JUBLFOOD30Jan201760CE.NFO,07/01/2020,10:41:44,24,23.75,500,24.75,500,0,143500
JUBLFOOD30Jan201760CE.NFO,07/01/2020,10:41:47,24,23.7,500,24.75,500,0,143500
JUBLFOOD30Jan201760CE.NFO,07/01/2020,10:41:50,24,23.8,500,24.8,500,0,143500
JUBLFOOD30Jan201760CE.NFO,07/01/2020,10:41:53,24,23.65,500,24.8,500,0,143500
JUBLFOOD30Jan201760CE.NFO,07/01/2020,10:41:56,24,23.6,500,24.8,500,0,143500
JUBLFOOD30Jan201760CE.NFO,07/01/2020,10:41:58,24,23.65,500,24.7,500,0,143500
JUBLFOOD30Jan201760CE.NFO,07/01/2020,10:42:01,24,23.7,500,24.7,500,0,143500
JUBLFOOD30Jan201760CE.NFO,07/01/2020,10:42:04,24,23.6,500,24.7,500,0,143500
JUBLFOOD30Jan201760CE.NFO,07/01/2020,10:42:08,24,23.7,500,24.7,500,0,143500
JUBLFOOD30Jan201760CE.NFO,07/01/2020,10:42:11,24,23.55,500,24.6,500,0,143500
JUBLFOOD30Jan201760CE.NFO,07/01/2020,10:42:14,24,23.55,500,24.55,500,0,143500
JUBLFOOD30Jan201760CE.NFO,07/01/2020,10:42:17,24,23.55,1000,24.55,500,0,143500
JUBLFOOD30Jan201760CE.NFO,07/01/2020,10:42:20,24,23.6,500,24.55,500,0,143500
JUBLFOOD30Jan201760CE.NFO,07/01/2020,10:42:22,24,23.55,500,24.55,500,0,143500
JUBLFOOD30Jan201760CE.NFO,07/01/2020,10:42:30,24,23.55,500,24.45,1000,0,143500
JUBLFOOD30Jan201760CE.NFO,07/01/2020,10:42:34,24,23.55,500,24.4,500,0,143500
JUBLFOOD30Jan201760CE.NFO,07/01/2020,10:42:40,24,23.55,500,24.3,500,0,143500
JUBLFOOD30Jan201760CE.NFO,07/01/2020,10:42:45,24,23.55,1000,24.3,500,0,143500
JUBLFOOD30Jan201760CE.NFO,07/01/2020,10:42:48,24,23.55,1000,24.4,500,0,143500
JUBLFOOD30Jan201760CE.NFO,07/01/2020,10:43:03,24,23.55,500,24.4,500,0,143500
JUBLFOOD30Jan201760CE.NFO,07/01/2020,10:43:09,24,23.55,500,24.35,500,0,143500
JUBLFOOD30Jan201760CE.NFO,07/01/2020,10:43:11,24,23.55,500,24.4,500,0,143500
JUBLFOOD30Jan201760CE.NFO,07/01/2020,10:43:16,24,23.55,500,24.35,500,0,143500
JUBLFOOD30Jan201760CE.NFO,07/01/2020,10:43:19,24,23.6,500,24.35,500,0,143500
JUBLFOOD30Jan201760CE.NFO,07/01/2020,10:43:19,24,23.65,500,24.35,500,0,143500
JUBLFOOD30Jan201760CE.NFO,07/01/2020,10:43:21,24,23.55,1000,24.35,500,0,143500
JUBLFOOD30Jan201760CE.NFO,07/01/2020,10:43:24,24,23.55,1500,24.35,500,0,143500
JUBLFOOD30Jan201760CE.NFO,07/01/2020,10:43:28,24,23.6,500,24.55,1000,0,143500
JUBLFOOD30Jan201760CE.NFO,07/01/2020,10:43:31,24,23.65,500,24.55,500,0,143500
JUBLFOOD30Jan201760CE.NFO,07/01/2020,10:43:34,24,23.55,500,24.55,500,0,143500
JUBLFOOD30Jan201760CE.NFO,07/01/2020,10:43:38,24,23.55,500,24.5,500,0,143500
JUBLFOOD30Jan201760CE.NFO,07/01/2020,10:43:42,24,23.55,500,24.45,500,0,143500
JUBLFOOD30Jan201760CE.NFO,07/01/2020,10:43:51,24,23.55,500,24.35,500,0,143500
JUBLFOOD30Jan201760CE.NFO,07/01/2020,10:43:57,24,23.55,500,24.4,1000,0,143500
JUBLFOOD30Jan201760CE.NFO,07/01/2020,10:44:01,24,23.65,500,24.35,500,0,143500
JUBLFOOD30Jan201760CE.NFO,07/01/2020,10:44:04,24,23.55,500,24.4,500,0,143500
JUBLFOOD30Jan201760CE.NFO,07/01/2020,10:44:17,24,23.65,500,24.35,500,0,143500
JUBLFOOD30Jan201760CE.NFO,07/01/2020,10:44:19,24,23.65,500,24.4,500,0,143500
JUBLFOOD30Jan201760CE.NFO,07/01/2020,10:44:31,24,23.65,500,24.35,500,0,143500
JUBLFOOD30Jan201760CE.NFO,07/01/2020,10:44:34,24,23.65,1000,24.35,1000,0,143500
JUBLFOOD30Jan201760CE.NFO,07/01/2020,10:44:37,24,23.65,1000,24.4,500,0,143500
JUBLFOOD30Jan201760CE.NFO,07/01/2020,10:44:44,24,23.65,1000,24.35,1000,0,143500
JUBLFOOD30Jan201760CE.NFO,07/01/2020,10:44:48,24,23.65,1000,24.35,500,0,143500
JUBLFOOD30Jan201760CE.NFO,07/01/2020,10:44:53,24,23.65,1000,24.35,1000,0,143500
JUBLFOOD30Jan201760CE.NFO,07/01/2020,10:44:55,24,23.65,1000,24.3,500,0,143500
JUBLFOOD30Jan201760CE.NFO,07/01/2020,10:44:57,24,23.65,1000,24.35,500,0,143500
JUBLFOOD30Jan201760CE.NFO,07/01/2020,10:45:02,24,23.65,1000,24.4,500,0,143500
JUBLFOOD30Jan201760CE.NFO,07/01/2020,10:45:07,24,23.65,1000,24.35,500,0,143500
JUBLFOOD30Jan201760CE.NFO,07/01/2020,10:45:11,24,23.65,1000,24.35,1000,0,143500
JUBLFOOD30Jan201760CE.NFO,07/01/2020,10:45:15,24,23.65,1000,24.35,500,0,143500
JUBLFOOD30Jan201760CE.NFO,07/01/2020,10:45:19,24,23.65,1000,24.55,500,0,143500
JUBLFOOD30Jan201760CE.NFO,07/01/2020,10:45:21,24,23.65,1000,24.4,500,0,143500
JUBLFOOD30Jan201760CE.NFO,07/01/2020,10:45:25,24,23.65,1000,24.45,500,0,143500
JUBLFOOD30Jan201760CE.NFO,07/01/2020,10:45:31,24,23.65,1000,24.35,500,0,143500
JUBLFOOD30Jan201760CE.NFO,07/01/2020,10:45:35,24,23.65,1000,24.35,1000,0,143500
JUBLFOOD30Jan201760CE.NFO,07/01/2020,10:45:37,24,23.65,1000,24.4,1000,0,143500
JUBLFOOD30Jan201760CE.NFO,07/01/2020,10:45:40,24,23.65,1000,24.45,1000,0,143500
JUBLFOOD30Jan201760CE.NFO,07/01/2020,10:45:43,24,23.65,1000,24.4,500,0,143500
JUBLFOOD30Jan201760CE.NFO,07/01/2020,10:45:46,24,23.65,1000,24.5,1000,0,143500
JUBLFOOD30Jan201760CE.NFO,07/01/2020,10:45:49,24,23.65,1000,24.45,1500,0,143500
JUBLFOOD30Jan201760CE.NFO,07/01/2020,10:45:52,24,23.65,1000,24.4,500,0,143500
JUBLFOOD30Jan201760CE.NFO,07/01/2020,10:46:01,24,23.65,1000,24.4,1000,0,143500
JUBLFOOD30Jan201760CE.NFO,07/01/2020,10:46:04,24,23.65,1000,24.35,1000,0,143500
JUBLFOOD30Jan201760CE.NFO,07/01/2020,10:46:07,24,23.65,500,24.35,1000,0,143500
JUBLFOOD30Jan201760CE.NFO,07/01/2020,10:46:09,24,23.65,500,24.3,500,0,143500
JUBLFOOD30Jan201760CE.NFO,07/01/2020,10:46:11,24,23.65,500,24.25,500,0,143500
JUBLFOOD30Jan201760CE.NFO,07/01/2020,10:46:14,24,23.55,500,24.2,500,0,143500
JUBLFOOD30Jan201760CE.NFO,07/01/2020,10:46:17,24,23.55,500,24.2,1000,0,143500
JUBLFOOD30Jan201760CE.NFO,07/01/2020,10:46:22,24,23.55,500,24.25,500,0,143500
JUBLFOOD30Jan201760CE.NFO,07/01/2020,10:46:25,24,23.55,500,24.2,1000,0,143500
JUBLFOOD30Jan201760CE.NFO,07/01/2020,10:46:34,24,23.55,500,24.2,500,0,143500
JUBLFOOD30Jan201760CE.NFO,07/01/2020,10:46:36,24,23.55,500,24.25,500,0,143500
JUBLFOOD30Jan201760CE.NFO,07/01/2020,10:46:39,24,23.55,500,24.2,500,0,143500
JUBLFOOD30Jan201760CE.NFO,07/01/2020,10:46:42,24,23.55,500,24.2,1000,0,143500
JUBLFOOD30Jan201760CE.NFO,07/01/2020,10:46:45,24,23.65,500,24.2,1000,0,143500
JUBLFOOD30Jan201760CE.NFO,07/01/2020,10:46:48,24,23.65,500,24.25,500,0,143500
JUBLFOOD30Jan201760CE.NFO,07/01/2020,10:46:51,24,23.65,500,24.2,500,0,143500
JUBLFOOD30Jan201760CE.NFO,07/01/2020,10:46:57,24,23.55,500,24.2,500,0,143500
JUBLFOOD30Jan201760CE.NFO,07/01/2020,10:47:05,24,23.55,500,24.05,500,0,143500
JUBLFOOD30Jan201760CE.NFO,07/01/2020,10:47:08,24,23.55,500,24.15,500,0,143500
JUBLFOOD30Jan201760CE.NFO,07/01/2020,10:47:15,24,23.55,500,24.2,500,0,143500
JUBLFOOD30Jan201760CE.NFO,07/01/2020,10:47:21,24,23.55,500,24.25,1000,0,143500
JUBLFOOD30Jan201760CE.NFO,07/01/2020,10:47:25,24,23.55,1000,24.2,500,0,143500
JUBLFOOD30Jan201760CE.NFO,07/01/2020,10:47:29,24,23.55,500,24.2,500,0,143500
JUBLFOOD30Jan201760CE.NFO,07/01/2020,10:47:38,24,23.55,500,24.2,1000,0,143500
JUBLFOOD30Jan201760CE.NFO,07/01/2020,10:47:45,24,23.55,500,24.15,500,0,143500
JUBLFOOD30Jan201760CE.NFO,07/01/2020,10:47:49,24,23.55,500,24.2,500,0,143500
JUBLFOOD30Jan201760CE.NFO,07/01/2020,10:47:53,24,23.55,500,24.2,1000,0,143500
JUBLFOOD30Jan201760CE.NFO,07/01/2020,10:47:59,24,23.55,500,24.15,500,0,143500
JUBLFOOD30Jan201760CE.NFO,07/01/2020,10:48:07,24,23.55,500,24.25,500,0,143500
JUBLFOOD30Jan201760CE.NFO,07/01/2020,10:48:11,24,23.55,500,24.15,500,0,143500
JUBLFOOD30Jan201760CE.NFO,07/01/2020,10:48:15,24,23.55,500,24.25,500,0,143500
JUBLFOOD30Jan201760CE.NFO,07/01/2020,10:48:21,24,23.6,500,24.15,500,0,143500
JUBLFOOD30Jan201760CE.NFO,07/01/2020,10:48:28,24,23.55,500,24.15,500,0,143500
JUBLFOOD30Jan201760CE.NFO,07/01/2020,10:48:31,24,23.55,500,24.2,1000,0,143500
JUBLFOOD30Jan201760CE.NFO,07/01/2020,10:48:36,24,23.5,500,24,500,0,143500
JUBLFOOD30Jan201760CE.NFO,07/01/2020,10:48:40,24,23.5,500,24.1,1000,0,143500
JUBLFOOD30Jan201760CE.NFO,07/01/2020,10:48:45,24,23.5,500,24.1,500,0,143500
JUBLFOOD30Jan201760CE.NFO,07/01/2020,10:48:48,24,23.5,500,24,500,0,143500
JUBLFOOD30Jan201760CE.NFO,07/01/2020,10:48:52,24,23.5,500,23.95,500,0,143500
JUBLFOOD30Jan201760CE.NFO,07/01/2020,10:48:59,24,23.5,500,24.1,1000,0,143500
JUBLFOOD30Jan201760CE.NFO,07/01/2020,10:49:03,24,23.5,500,24,500,0,143500
JUBLFOOD30Jan201760CE.NFO,07/01/2020,10:49:07,24,23.5,500,23.9,500,0,143500
JUBLFOOD30Jan201760CE.NFO,07/01/2020,10:49:11,24,23.5,500,24.05,500,0,143500
JUBLFOOD30Jan201760CE.NFO,07/01/2020,10:49:18,24,23.5,500,24,500,0,143500
JUBLFOOD30Jan201760CE.NFO,07/01/2020,10:49:24,24,23.5,500,24.05,500,0,143500
JUBLFOOD30Jan201760CE.NFO,07/01/2020,10:49:27,24,23.5,500,24,500,0,143500
JUBLFOOD30Jan201760CE.NFO,07/01/2020,10:49:44,24,23.5,500,24.05,500,0,143500
JUBLFOOD30Jan201760CE.NFO,07/01/2020,10:49:54,24,23.5,500,23.9,500,0,143500
JUBLFOOD30Jan201760CE.NFO,07/01/2020,10:50:00,24,23.5,500,23.85,1000,0,143500
JUBLFOOD30Jan201760CE.NFO,07/01/2020,10:50:05,24,23.5,500,23.95,500,0,143500
JUBLFOOD30Jan201760CE.NFO,07/01/2020,10:50:11,24,23.5,500,23.9,500,0,143500
JUBLFOOD30Jan201760CE.NFO,07/01/2020,10:50:15,24,23.5,500,23.95,500,0,143500
JUBLFOOD30Jan201760CE.NFO,07/01/2020,10:50:21,24,23.5,500,23.85,500,0,143500
JUBLFOOD30Jan201760CE.NFO,07/01/2020,10:50:29,24,23.5,500,23.75,500,0,143500
JUBLFOOD30Jan201760CE.NFO,07/01/2020,10:50:42,24,23.5,500,23.65,500,0,143500
JUBLFOOD30Jan201760CE.NFO,07/01/2020,10:50:48,24,23.5,500,23.75,500,0,143500
JUBLFOOD30Jan201760CE.NFO,07/01/2020,10:50:52,24,23.5,500,23.65,500,0,143500
JUBLFOOD30Jan201760CE.NFO,07/01/2020,10:50:55,24,23.5,500,23.7,500,0,143500
JUBLFOOD30Jan201760CE.NFO,07/01/2020,10:50:58,24,23.5,500,23.75,500,0,143500
JUBLFOOD30Jan201760CE.NFO,07/01/2020,10:51:05,23.5,22.9,1000,23.65,500,500,143500
JUBLFOOD30Jan201760CE.NFO,07/01/2020,10:51:08,23.5,22.9,500,23.65,500,0,143500
JUBLFOOD30Jan201760CE.NFO,07/01/2020,10:51:14,23.5,22.9,1000,23.65,500,0,143500
JUBLFOOD30Jan201760CE.NFO,07/01/2020,10:51:21,23.5,22.9,500,23.75,500,0,143500
JUBLFOOD30Jan201760CE.NFO,07/01/2020,10:51:24,23.5,22.9,500,23.5,1000,0,143500
JUBLFOOD30Jan201760CE.NFO,07/01/2020,10:51:26,23.5,22.9,500,23.6,500,0,143500
JUBLFOOD30Jan201760CE.NFO,07/01/2020,10:51:39,23.5,22.9,500,23.5,1000,0,143500
JUBLFOOD30Jan201760CE.NFO,07/01/2020,10:51:43,23.5,22.9,500,23.7,500,0,143500
JUBLFOOD30Jan201760CE.NFO,07/01/2020,10:51:47,23.5,22.9,500,23.65,500,0,143500
JUBLFOOD30Jan201760CE.NFO,07/01/2020,10:51:50,23.5,22.9,500,23.7,500,0,143500
JUBLFOOD30Jan201760CE.NFO,07/01/2020,10:52:09,23.5,23.2,500,23.95,1000,0,143500
JUBLFOOD30Jan201760CE.NFO,07/01/2020,10:52:13,23.5,23.05,500,23.9,500,0,143500
JUBLFOOD30Jan201760CE.NFO,07/01/2020,10:52:21,23.5,23.15,1000,23.95,500,0,143500
JUBLFOOD30Jan201760CE.NFO,07/01/2020,10:52:25,23.5,23.05,1000,23.85,1000,0,143500
JUBLFOOD30Jan201760CE.NFO,07/01/2020,10:52:33,23.5,23.05,500,23.85,1000,0,143500
JUBLFOOD30Jan201760CE.NFO,07/01/2020,10:52:36,23.5,23.05,1000,23.85,1000,0,143500
JUBLFOOD30Jan201760CE.NFO,07/01/2020,10:52:45,23.5,23.15,1000,23.95,1000,0,143500
JUBLFOOD30Jan201760CE.NFO,07/01/2020,10:53:03,23.5,23.05,1000,23.95,1000,0,143500
JUBLFOOD30Jan201760CE.NFO,07/01/2020,10:53:14,23.5,23.05,1000,23.85,1000,0,143500
JUBLFOOD30Jan201760CE.NFO,07/01/2020,10:53:46,23.5,22.75,500,23.8,1000,0,143500
JUBLFOOD30Jan201760CE.NFO,07/01/2020,10:53:51,23.5,22.4,500,23.45,500,0,143500
JUBLFOOD30Jan201760CE.NFO,07/01/2020,10:53:57,23.5,22.4,500,23.2,1000,0,143500
JUBLFOOD30Jan201760CE.NFO,07/01/2020,10:54:02,23.5,21.95,1500,22.65,1000,0,143500
JUBLFOOD30Jan201760CE.NFO,07/01/2020,10:54:07,23.5,22,500,22.65,500,0,143500
JUBLFOOD30Jan201760CE.NFO,07/01/2020,10:54:11,23.5,22.05,500,22.8,500,0,143500
JUBLFOOD30Jan201760CE.NFO,07/01/2020,10:54:17,23.5,22.25,500,22.9,500,0,143500
JUBLFOOD30Jan201760CE.NFO,07/01/2020,10:54:21,23.5,22.3,500,22.95,500,0,143500
JUBLFOOD30Jan201760CE.NFO,07/01/2020,10:54:26,23.5,22.4,500,23,500,0,143500
JUBLFOOD30Jan201760CE.NFO,07/01/2020,10:54:30,23.5,22.45,500,23.1,500,0,143500
JUBLFOOD30Jan201760CE.NFO,07/01/2020,10:54:34,23.5,22.6,500,23.35,500,0,143500
JUBLFOOD30Jan201760CE.NFO,07/01/2020,10:54:37,23.5,22.65,500,23.35,500,0,143500
JUBLFOOD30Jan201760CE.NFO,07/01/2020,10:54:54,23.5,22.65,500,23.3,500,0,143500
JUBLFOOD30Jan201760CE.NFO,07/01/2020,10:54:59,23.5,22.6,500,23.3,1000,0,143500
JUBLFOOD30Jan201760CE.NFO,07/01/2020,10:55:04,23.5,22.8,500,23.1,500,0,143500
JUBLFOOD30Jan201760CE.NFO,07/01/2020,10:55:09,23.5,22.65,500,23.3,1000,0,143500
JUBLFOOD30Jan201760CE.NFO,07/01/2020,10:55:13,23.5,22.65,500,23.3,500,0,143500
JUBLFOOD30Jan201760CE.NFO,07/01/2020,10:55:23,23.5,22.75,500,23.15,500,0,143500
JUBLFOOD30Jan201760CE.NFO,07/01/2020,10:55:36,23.5,22.85,500,23.1,500,0,143500
JUBLFOOD30Jan201760CE.NFO,07/01/2020,10:55:42,23.1,23.15,500,23.8,500,500,144000
JUBLFOOD30Jan201760CE.NFO,07/01/2020,10:55:56,23.1,23.15,500,23.8,500,0,144000
JUBLFOOD30Jan201760CE.NFO,07/01/2020,10:56:05,23.1,23.15,1000,23.8,500,0,144000
JUBLFOOD30Jan201760CE.NFO,07/01/2020,10:56:09,23.1,23.35,500,23.85,500,0,144000
JUBLFOOD30Jan201760CE.NFO,07/01/2020,10:56:14,23.1,23.35,500,24,500,0,144000
JUBLFOOD30Jan201760CE.NFO,07/01/2020,10:56:22,23.1,23.35,500,23.95,500,0,144000
JUBLFOOD30Jan201760CE.NFO,07/01/2020,10:56:26,23.1,23.35,500,24,500,0,144000
JUBLFOOD30Jan201760CE.NFO,07/01/2020,10:56:31,23.1,23.2,500,23.9,500,0,144000
JUBLFOOD30Jan201760CE.NFO,07/01/2020,10:56:41,23.1,23.3,500,23.9,500,0,144000
JUBLFOOD30Jan201760CE.NFO,07/01/2020,10:56:45,23.1,23.4,500,23.95,500,0,144000
JUBLFOOD30Jan201760CE.NFO,07/01/2020,10:56:49,23.1,23.4,500,23.95,1000,0,144000
JUBLFOOD30Jan201760CE.NFO,07/01/2020,10:57:05,23.1,23.25,500,23.85,500,0,144000
JUBLFOOD30Jan201760CE.NFO,07/01/2020,10:57:17,23.1,23.3,500,23.75,500,0,144000
JUBLFOOD30Jan201760CE.NFO,07/01/2020,10:57:24,23.1,23.25,500,23.7,500,0,144000
JUBLFOOD30Jan201760CE.NFO,07/01/2020,10:57:44,23.1,23.35,500,23.8,500,0,144000
JUBLFOOD30Jan201760CE.NFO,07/01/2020,10:57:51,23.1,23.35,500,23.85,500,0,144000
JUBLFOOD30Jan201760CE.NFO,07/01/2020,10:58:02,23.1,23.3,500,23.7,500,0,144000
JUBLFOOD30Jan201760CE.NFO,07/01/2020,10:58:09,23.1,23.3,500,23.6,500,0,144000
JUBLFOOD30Jan201760CE.NFO,07/01/2020,10:58:15,23.1,23.05,1000,23.55,500,0,144000
JUBLFOOD30Jan201760CE.NFO,07/01/2020,10:58:22,23.1,23.05,1000,23.5,500,0,144000
JUBLFOOD30Jan201760CE.NFO,07/01/2020,10:58:28,23.1,23.05,1000,23.6,500,0,144000
JUBLFOOD30Jan201760CE.NFO,07/01/2020,10:58:35,23.1,23.05,1000,23.75,500,0,144000
JUBLFOOD30Jan201760CE.NFO,07/01/2020,10:58:47,23.1,23.2,500,23.8,500,0,144000
JUBLFOOD30Jan201760CE.NFO,07/01/2020,10:58:53,23.1,23.25,500,24,500,0,144000
JUBLFOOD30Jan201760CE.NFO,07/01/2020,10:59:13,23.1,23.25,500,23.95,500,0,144000
JUBLFOOD30Jan201760CE.NFO,07/01/2020,10:59:54,23.1,22.7,500,23.95,500,0,144000
JUBLFOOD30Jan201760CE.NFO,07/01/2020,11:00:00,23.1,23,500,23.95,500,0,144000
JUBLFOOD30Jan201760CE.NFO,07/01/2020,11:00:14,23.1,23.15,1000,23.95,500,0,144000
JUBLFOOD30Jan201760CE.NFO,07/01/2020,11:01:01,23.1,23.05,500,23.75,500,0,144000
JUBLFOOD30Jan201760CE.NFO,07/01/2020,11:01:09,23.1,23.05,500,23.85,500,0,144000
JUBLFOOD30Jan201760CE.NFO,07/01/2020,11:01:17,23.1,23.05,500,23.9,500,0,144000
JUBLFOOD30Jan201760CE.NFO,07/01/2020,11:01:24,23.1,23.05,500,23.95,1000,0,144000
JUBLFOOD30Jan201760CE.NFO,07/01/2020,11:01:39,23.1,23.05,500,23.9,500,0,144000
JUBLFOOD30Jan201760CE.NFO,07/01/2020,11:01:47,23.1,22.7,500,24,1000,0,144000
JUBLFOOD30Jan201760CE.NFO,07/01/2020,11:01:55,24,22.8,2000,24.6,500,500,143500
JUBLFOOD30Jan201760CE.NFO,07/01/2020,11:02:02,24,22.8,2000,24.55,500,0,143500
JUBLFOOD30Jan201760CE.NFO,07/01/2020,11:02:09,24,22.8,2000,24.7,500,0,143500
JUBLFOOD30Jan201760CE.NFO,07/01/2020,11:02:16,24,22.8,2000,24.8,500,0,143500
JUBLFOOD30Jan201760CE.NFO,07/01/2020,11:02:22,24,22.8,2000,24.75,500,0,143500
JUBLFOOD30Jan201760CE.NFO,07/01/2020,11:02:28,24,22.8,2000,24.45,500,0,143500
JUBLFOOD30Jan201760CE.NFO,07/01/2020,11:02:35,24,22.8,2000,24.65,1000,0,143500
JUBLFOOD30Jan201760CE.NFO,07/01/2020,11:02:41,24,22.8,2000,24.7,500,0,143500
JUBLFOOD30Jan201760CE.NFO,07/01/2020,11:02:48,24,22.8,2000,24.55,500,0,143500
JUBLFOOD30Jan201760CE.NFO,07/01/2020,11:02:54,24,22.8,2000,24.7,500,0,143500
JUBLFOOD30Jan201760CE.NFO,07/01/2020,11:03:07,24,22.8,2000,24.65,500,0,143500
JUBLFOOD30Jan201760CE.NFO,07/01/2020,11:03:14,24,22.8,2000,24.5,1000,0,143500
JUBLFOOD30Jan201760CE.NFO,07/01/2020,11:03:21,24,22.8,2000,24.4,500,0,143500
JUBLFOOD30Jan201760CE.NFO,07/01/2020,11:03:28,24,22.8,2000,24.5,1000,0,143500
JUBLFOOD30Jan201760CE.NFO,07/01/2020,11:03:33,24,22.8,2000,24.5,500,0,143500
JUBLFOOD30Jan201760CE.NFO,07/01/2020,11:03:48,24,22.8,2000,24.65,500,0,143500
JUBLFOOD30Jan201760CE.NFO,07/01/2020,11:03:55,24,22.8,2000,24.7,500,0,143500
JUBLFOOD30Jan201760CE.NFO,07/01/2020,11:04:09,24,22.8,2000,24.7,1000,0,143500
