Ticker,Date,Time,LTP,BuyPrice,BuyQty,SellPrice,SellQty,LTQ,OpenInterest
JUSTDIAL30Jan20520CE.NFO,07/01/2020,11:19:48,46,45.85,1400,48.3,12600,1400,1400
JUSTDIAL30Jan20520CE.NFO,07/01/2020,11:19:48,46,45.85,1400,48.3,12600,0,1400
JUSTDIAL30Jan20520CE.NFO,07/01/2020,11:19:48,46,45.85,1400,48.3,12600,0,1400
JUSTDIAL30Jan20520CE.NFO,07/01/2020,11:19:48,46,45.85,1400,48.3,12600,0,1400
JUSTDIAL30Jan20520CE.NFO,07/01/2020,11:20:04,46,45.85,1400,48.3,12600,0,1400
JUSTDIAL30Jan20520CE.NFO,07/01/2020,11:20:10,46,45.85,1400,48.2,12600,0,1400
JUSTDIAL30Jan20520CE.NFO,07/01/2020,11:20:15,46,45.85,1400,48.2,9800,0,1400
JUSTDIAL30Jan20520CE.NFO,07/01/2020,11:20:26,46,45.95,1400,48.2,9800,0,1400
JUSTDIAL30Jan20520CE.NFO,07/01/2020,11:20:32,46,46.15,1400,48.15,1400,0,1400
JUSTDIAL30Jan20520CE.NFO,07/01/2020,11:20:47,46,46.25,1400,48.15,1400,0,1400
JUSTDIAL30Jan20520CE.NFO,07/01/2020,11:20:58,46,45.95,1400,48.15,1400,0,1400
JUSTDIAL30Jan20520CE.NFO,07/01/2020,11:21:13,46,45.95,1400,48.85,12600,0,1400
JUSTDIAL30Jan20520CE.NFO,07/01/2020,11:21:22,46,46.05,1400,48.55,12600,0,1400
JUSTDIAL30Jan20520CE.NFO,07/01/2020,11:21:34,46,46.25,1400,48.55,12600,0,1400
JUSTDIAL30Jan20520CE.NFO,07/01/2020,11:21:40,46,46.45,1400,48.55,9800,0,1400
JUSTDIAL30Jan20520CE.NFO,07/01/2020,11:21:46,46,46.15,1400,48.45,12600,0,1400
JUSTDIAL30Jan20520CE.NFO,07/01/2020,11:21:50,46,46.25,1400,48.35,9800,0,1400
JUSTDIAL30Jan20520CE.NFO,07/01/2020,11:21:54,46,46.35,1400,48.35,7000,0,1400
JUSTDIAL30Jan20520CE.NFO,07/01/2020,11:21:58,46,46.55,1400,48.35,7000,0,1400
JUSTDIAL30Jan20520CE.NFO,07/01/2020,11:22:02,46,46.55,2800,48.35,7000,0,1400
JUSTDIAL30Jan20520CE.NFO,07/01/2020,11:22:14,46,45.55,7000,48.35,7000,0,1400
JUSTDIAL30Jan20520CE.NFO,07/01/2020,11:22:19,46,46.05,5600,48.35,7000,0,1400
JUSTDIAL30Jan20520CE.NFO,07/01/2020,11:22:23,46,46.2,1400,48.35,7000,0,1400
JUSTDIAL30Jan20520CE.NFO,07/01/2020,11:22:28,46,46.3,1400,48.35,7000,0,1400
JUSTDIAL30Jan20520CE.NFO,07/01/2020,11:22:33,46,46.4,1400,48.35,7000,0,1400
JUSTDIAL30Jan20520CE.NFO,07/01/2020,11:22:38,46,46.5,2800,48.35,7000,0,1400
JUSTDIAL30Jan20520CE.NFO,07/01/2020,11:23:27,46,45.8,9800,48.45,1400,0,1400
JUSTDIAL30Jan20520CE.NFO,07/01/2020,11:23:31,46,46.4,1400,48.45,1400,0,1400
JUSTDIAL30Jan20520CE.NFO,07/01/2020,11:23:35,46,46.55,1400,48.45,1400,0,1400
JUSTDIAL30Jan20520CE.NFO,07/01/2020,11:23:39,46,46,7000,48.45,1400,0,1400
JUSTDIAL30Jan20520CE.NFO,07/01/2020,11:23:44,46,46.6,1400,49,9800,0,1400
JUSTDIAL30Jan20520CE.NFO,07/01/2020,11:23:58,46,46.9,1400,49,1400,0,1400
JUSTDIAL30Jan20520CE.NFO,07/01/2020,11:24:05,46,47.25,1400,49,1400,0,1400
JUSTDIAL30Jan20520CE.NFO,07/01/2020,11:24:10,46,46.4,11200,48.9,1400,0,1400
JUSTDIAL30Jan20520CE.NFO,07/01/2020,11:24:15,46,46.9,1400,48.9,1400,0,1400
JUSTDIAL30Jan20520CE.NFO,07/01/2020,11:24:20,46,47.05,2800,48.9,1400,0,1400
JUSTDIAL30Jan20520CE.NFO,07/01/2020,11:24:25,46,47.15,1400,48.9,1400,0,1400
JUSTDIAL30Jan20520CE.NFO,07/01/2020,11:24:48,46,47.15,2800,48.9,1400,0,1400
JUSTDIAL30Jan20520CE.NFO,07/01/2020,11:25:06,46,46.65,1400,48.7,2800,0,1400
JUSTDIAL30Jan20520CE.NFO,07/01/2020,11:25:11,46,46.75,1400,48.7,1400,0,1400
JUSTDIAL30Jan20520CE.NFO,07/01/2020,11:25:25,46,46.95,1400,48.85,1400,0,1400
JUSTDIAL30Jan20520CE.NFO,07/01/2020,11:25:34,46,46.95,1400,48.85,7000,0,1400
JUSTDIAL30Jan20520CE.NFO,07/01/2020,11:25:39,46,46.95,1400,48.85,1400,0,1400
JUSTDIAL30Jan20520CE.NFO,07/01/2020,11:25:45,46,47.15,1400,48.85,1400,0,1400
JUSTDIAL30Jan20520CE.NFO,07/01/2020,11:25:50,46,47.25,2800,48.85,1400,0,1400
JUSTDIAL30Jan20520CE.NFO,07/01/2020,11:25:55,46,46.25,4200,48.85,4200,0,1400
JUSTDIAL30Jan20520CE.NFO,07/01/2020,11:25:59,46,46.6,1400,48.65,1400,0,1400
JUSTDIAL30Jan20520CE.NFO,07/01/2020,11:26:03,46,46.6,1400,48.8,1400,0,1400
JUSTDIAL30Jan20520CE.NFO,07/01/2020,11:26:07,46,46.8,1400,48.75,1400,0,1400
JUSTDIAL30Jan20520CE.NFO,07/01/2020,11:26:14,46,46.8,2800,48.75,1400,0,1400
JUSTDIAL30Jan20520CE.NFO,07/01/2020,11:26:26,46,46.8,2800,48.75,7000,0,1400
JUSTDIAL30Jan20520CE.NFO,07/01/2020,11:26:46,46,46.9,1400,48.75,7000,0,1400
JUSTDIAL30Jan20520CE.NFO,07/01/2020,11:26:54,46,46.15,5600,48.75,7000,0,1400
JUSTDIAL30Jan20520CE.NFO,07/01/2020,11:26:58,46,46.6,1400,48.55,1400,0,1400
JUSTDIAL30Jan20520CE.NFO,07/01/2020,11:27:03,46,46.15,4200,48.35,1400,0,1400
JUSTDIAL30Jan20520CE.NFO,07/01/2020,11:27:06,46,46.5,1400,48.25,1400,0,1400
JUSTDIAL30Jan20520CE.NFO,07/01/2020,11:27:13,46,46.6,1400,48.25,1400,0,1400
JUSTDIAL30Jan20520CE.NFO,07/01/2020,11:27:31,46,46.1,5600,48.15,1400,0,1400
JUSTDIAL30Jan20520CE.NFO,07/01/2020,11:27:35,46,46.25,1400,48.15,1400,0,1400
JUSTDIAL30Jan20520CE.NFO,07/01/2020,11:27:44,46,46.35,1400,48.15,1400,0,1400
JUSTDIAL30Jan20520CE.NFO,07/01/2020,11:27:52,46,46.55,1400,48.45,1400,0,1400
JUSTDIAL30Jan20520CE.NFO,07/01/2020,11:28:08,46,46.65,1400,48.45,1400,0,1400
JUSTDIAL30Jan20520CE.NFO,07/01/2020,11:28:16,46,46.75,1400,48.8,7000,0,1400
JUSTDIAL30Jan20520CE.NFO,07/01/2020,11:28:27,46,46.75,1400,48.8,1400,0,1400
JUSTDIAL30Jan20520CE.NFO,07/01/2020,11:28:33,46,46.85,1400,48.8,1400,0,1400
JUSTDIAL30Jan20520CE.NFO,07/01/2020,11:28:46,46,46.95,1400,48.8,1400,0,1400
JUSTDIAL30Jan20520CE.NFO,07/01/2020,11:28:50,46,47.05,1400,48.8,1400,0,1400
JUSTDIAL30Jan20520CE.NFO,07/01/2020,11:28:58,46,47.15,1400,48.8,1400,0,1400
JUSTDIAL30Jan20520CE.NFO,07/01/2020,11:29:02,46,46.55,1400,48.8,4200,0,1400
JUSTDIAL30Jan20520CE.NFO,07/01/2020,11:29:08,46,46.85,1400,48.8,7000,0,1400
JUSTDIAL30Jan20520CE.NFO,07/01/2020,11:29:13,46,46.95,1400,48.8,7000,0,1400
JUSTDIAL30Jan20520CE.NFO,07/01/2020,11:29:17,46,47.05,2800,48.8,7000,0,1400
JUSTDIAL30Jan20520CE.NFO,07/01/2020,11:29:27,46,46.05,7000,48.8,7000,0,1400
JUSTDIAL30Jan20520CE.NFO,07/01/2020,11:29:31,46,46.4,4200,48.7,2800,0,1400
JUSTDIAL30Jan20520CE.NFO,07/01/2020,11:29:34,46,46.45,1400,48.7,1400,0,1400
JUSTDIAL30Jan20520CE.NFO,07/01/2020,11:29:38,46,46.55,1400,48.7,8400,0,1400
JUSTDIAL30Jan20520CE.NFO,07/01/2020,11:29:42,46,46.65,1400,48.7,1400,0,1400
JUSTDIAL30Jan20520CE.NFO,07/01/2020,11:29:49,46,46.75,1400,48.7,1400,0,1400
JUSTDIAL30Jan20520CE.NFO,07/01/2020,11:29:56,46,46.85,1400,48.7,1400,0,1400
JUSTDIAL30Jan20520CE.NFO,07/01/2020,11:30:18,46,46.95,1400,48.65,4200,0,1400
JUSTDIAL30Jan20520CE.NFO,07/01/2020,11:30:23,46,46.2,9800,48.65,7000,0,1400
JUSTDIAL30Jan20520CE.NFO,07/01/2020,11:30:31,46,46.4,4200,48.6,7000,0,1400
JUSTDIAL30Jan20520CE.NFO,07/01/2020,11:30:34,46,46.7,2800,48.55,7000,0,1400
JUSTDIAL30Jan20520CE.NFO,07/01/2020,11:30:50,46,45.8,8400,48.45,4200,0,1400
JUSTDIAL30Jan20520CE.NFO,07/01/2020,11:30:53,46,46.2,5600,48.3,1400,0,1400
JUSTDIAL30Jan20520CE.NFO,07/01/2020,11:30:55,46,46.5,1400,48.2,1400,0,1400
JUSTDIAL30Jan20520CE.NFO,07/01/2020,11:30:58,46,46.55,1400,48.2,1400,0,1400
JUSTDIAL30Jan20520CE.NFO,07/01/2020,11:31:03,46,46.1,8400,49.05,12600,0,1400
JUSTDIAL30Jan20520CE.NFO,07/01/2020,11:31:10,46,46.7,1400,49.05,12600,0,1400
JUSTDIAL30Jan20520CE.NFO,07/01/2020,11:31:15,46,45.9,8400,48.8,4200,0,1400
JUSTDIAL30Jan20520CE.NFO,07/01/2020,11:31:20,46,46.5,2800,48.5,4200,0,1400
JUSTDIAL30Jan20520CE.NFO,07/01/2020,11:31:24,46,46.65,1400,48.45,1400,0,1400
JUSTDIAL30Jan20520CE.NFO,07/01/2020,11:31:51,46,46.85,1400,48.7,7000,0,1400
JUSTDIAL30Jan20520CE.NFO,07/01/2020,11:31:57,46,46.85,1400,48.65,7000,0,1400
JUSTDIAL30Jan20520CE.NFO,07/01/2020,11:32:09,46,46.85,1400,49.1,11200,0,1400
JUSTDIAL30Jan20520CE.NFO,07/01/2020,11:32:14,46,46.95,2800,48.9,7000,0,1400
JUSTDIAL30Jan20520CE.NFO,07/01/2020,11:32:19,46,46.95,2800,48.8,8400,0,1400
JUSTDIAL30Jan20520CE.NFO,07/01/2020,11:32:33,46,46.35,2800,48.6,4200,0,1400
JUSTDIAL30Jan20520CE.NFO,07/01/2020,11:32:38,46,46.6,1400,48.5,8400,0,1400
JUSTDIAL30Jan20520CE.NFO,07/01/2020,11:32:48,46,46.6,2800,48.4,1400,0,1400
JUSTDIAL30Jan20520CE.NFO,07/01/2020,11:33:30,46,46.8,1400,48.4,1400,0,1400
JUSTDIAL30Jan20520CE.NFO,07/01/2020,11:33:39,46,46.9,1400,48.4,1400,0,1400
JUSTDIAL30Jan20520CE.NFO,07/01/2020,11:33:57,46,46.05,5600,48.65,7000,0,1400
JUSTDIAL30Jan20520CE.NFO,07/01/2020,11:34:03,46,46.4,1400,48.65,7000,0,1400
JUSTDIAL30Jan20520CE.NFO,07/01/2020,11:34:08,46,46.5,1400,48.65,7000,0,1400
JUSTDIAL30Jan20520CE.NFO,07/01/2020,11:34:15,46,46.8,1400,48.65,7000,0,1400
JUSTDIAL30Jan20520CE.NFO,07/01/2020,11:34:22,46,46.9,1400,48.6,1400,0,1400
JUSTDIAL30Jan20520CE.NFO,07/01/2020,11:34:27,46,45.7,11200,49.15,7000,0,1400
JUSTDIAL30Jan20520CE.NFO,07/01/2020,11:34:34,46,45.7,11200,48.85,1400,0,1400
JUSTDIAL30Jan20520CE.NFO,07/01/2020,11:34:40,46,45.7,11200,48.75,1400,0,1400
JUSTDIAL30Jan20520CE.NFO,07/01/2020,11:34:46,46,45.7,16800,48.65,1400,0,1400
JUSTDIAL30Jan20520CE.NFO,07/01/2020,11:34:57,46,45.7,11200,49.05,7000,0,1400
JUSTDIAL30Jan20520CE.NFO,07/01/2020,11:35:03,46,45.7,16800,49,4200,0,1400
JUSTDIAL30Jan20520CE.NFO,07/01/2020,11:35:09,46,45.7,16800,49.05,1400,0,1400
JUSTDIAL30Jan20520CE.NFO,07/01/2020,11:35:14,46,45.7,16800,49,5600,0,1400
JUSTDIAL30Jan20520CE.NFO,07/01/2020,11:35:19,46,45.7,16800,49.65,7000,0,1400
JUSTDIAL30Jan20520CE.NFO,07/01/2020,11:35:26,46,46.4,9800,49.65,7000,0,1400
JUSTDIAL30Jan20520CE.NFO,07/01/2020,11:35:32,46,46.95,1400,49.35,1400,0,1400
JUSTDIAL30Jan20520CE.NFO,07/01/2020,11:35:38,46,46.5,4200,49.6,4200,0,1400
JUSTDIAL30Jan20520CE.NFO,07/01/2020,11:35:44,46,46.85,1400,49.25,1400,0,1400
JUSTDIAL30Jan20520CE.NFO,07/01/2020,11:35:50,46,47.05,1400,49.65,7000,0,1400
JUSTDIAL30Jan20520CE.NFO,07/01/2020,11:35:55,46,47.25,1400,49.55,7000,0,1400
JUSTDIAL30Jan20520CE.NFO,07/01/2020,11:36:01,46,47.5,1400,49.55,7000,0,1400
JUSTDIAL30Jan20520CE.NFO,07/01/2020,11:36:06,46,47.65,1400,49.55,1400,0,1400
JUSTDIAL30Jan20520CE.NFO,07/01/2020,11:36:12,46,47.8,1400,50.3,1400,0,1400
JUSTDIAL30Jan20520CE.NFO,07/01/2020,11:36:17,46,47.85,1400,49.75,7000,0,1400
JUSTDIAL30Jan20520CE.NFO,07/01/2020,11:36:27,46,47.15,5600,49.6,1400,0,1400
JUSTDIAL30Jan20520CE.NFO,07/01/2020,11:36:31,46,46.8,11200,50.45,2800,0,1400
JUSTDIAL30Jan20520CE.NFO,07/01/2020,11:36:36,46,47.55,1400,49.65,1400,0,1400
JUSTDIAL30Jan20520CE.NFO,07/01/2020,11:36:41,46,46.9,1400,49.55,7000,0,1400
JUSTDIAL30Jan20520CE.NFO,07/01/2020,11:36:46,46,46.9,1400,49.5,1400,0,1400
JUSTDIAL30Jan20520CE.NFO,07/01/2020,11:36:53,46,46.9,1400,49.35,1400,0,1400
JUSTDIAL30Jan20520CE.NFO,07/01/2020,11:37:00,46,46.9,1400,49.4,1400,0,1400
JUSTDIAL30Jan20520CE.NFO,07/01/2020,11:37:05,46,47.15,1400,49.35,2800,0,1400
JUSTDIAL30Jan20520CE.NFO,07/01/2020,11:37:10,46,47.25,1400,49.35,1400,0,1400
JUSTDIAL30Jan20520CE.NFO,07/01/2020,11:37:14,46,47.35,1400,49.35,1400,0,1400
JUSTDIAL30Jan20520CE.NFO,07/01/2020,11:37:21,46,47.35,1400,49.3,1400,0,1400
JUSTDIAL30Jan20520CE.NFO,07/01/2020,11:37:27,46,47.35,1400,49.4,1400,0,1400
JUSTDIAL30Jan20520CE.NFO,07/01/2020,11:37:31,46,47.35,1400,49.45,2800,0,1400
JUSTDIAL30Jan20520CE.NFO,07/01/2020,11:37:36,46,46.55,11200,49.6,7000,0,1400
JUSTDIAL30Jan20520CE.NFO,07/01/2020,11:37:40,46,47.05,1400,50.1,1400,0,1400
JUSTDIAL30Jan20520CE.NFO,07/01/2020,11:37:44,46,47.35,1400,49.9,2800,0,1400
JUSTDIAL30Jan20520CE.NFO,07/01/2020,11:37:49,46,47.45,1400,49.65,7000,0,1400
JUSTDIAL30Jan20520CE.NFO,07/01/2020,11:37:54,46,47.55,1400,49.65,1400,0,1400
JUSTDIAL30Jan20520CE.NFO,07/01/2020,11:38:01,46,47.7,1400,49.65,7000,0,1400
JUSTDIAL30Jan20520CE.NFO,07/01/2020,11:38:05,46,47.75,1400,49.65,7000,0,1400
JUSTDIAL30Jan20520CE.NFO,07/01/2020,11:38:20,46,47,1400,49.55,7000,0,1400
JUSTDIAL30Jan20520CE.NFO,07/01/2020,11:38:23,46,47.1,1400,49.45,1400,0,1400
JUSTDIAL30Jan20520CE.NFO,07/01/2020,11:38:34,46,47.3,1400,49.5,1400,0,1400
JUSTDIAL30Jan20520CE.NFO,07/01/2020,11:38:37,46,47.45,1400,50.15,4200,0,1400
JUSTDIAL30Jan20520CE.NFO,07/01/2020,11:38:41,46,47.7,1400,50,1400,0,1400
JUSTDIAL30Jan20520CE.NFO,07/01/2020,11:38:49,46,46.85,7000,49.9,1400,0,1400
JUSTDIAL30Jan20520CE.NFO,07/01/2020,11:38:53,46,47.45,5600,49.7,1400,0,1400
JUSTDIAL30Jan20520CE.NFO,07/01/2020,11:38:57,46,47.6,1400,49.7,1400,0,1400
JUSTDIAL30Jan20520CE.NFO,07/01/2020,11:39:00,46,47.7,1400,50.85,1400,0,1400
JUSTDIAL30Jan20520CE.NFO,07/01/2020,11:39:10,46,47.1,5600,50.15,1400,0,1400
JUSTDIAL30Jan20520CE.NFO,07/01/2020,11:39:13,46,47.6,2800,50.05,1400,0,1400
JUSTDIAL30Jan20520CE.NFO,07/01/2020,11:39:16,46,47.3,14000,50.05,1400,0,1400
JUSTDIAL30Jan20520CE.NFO,07/01/2020,11:39:20,46,47.75,1400,50.05,1400,0,1400
JUSTDIAL30Jan20520CE.NFO,07/01/2020,11:39:25,46,47.95,1400,50.05,1400,0,1400
JUSTDIAL30Jan20520CE.NFO,07/01/2020,11:39:29,46,47.6,1400,50.05,1400,0,1400
JUSTDIAL30Jan20520CE.NFO,07/01/2020,11:39:33,46,47.6,1400,51.2,1400,0,1400
JUSTDIAL30Jan20520CE.NFO,07/01/2020,11:39:38,46,47.3,1400,50.1,1400,0,1400
JUSTDIAL30Jan20520CE.NFO,07/01/2020,11:39:42,46,47.45,1400,49.9,1400,0,1400
JUSTDIAL30Jan20520CE.NFO,07/01/2020,11:39:46,46,46.75,11200,49.9,1400,0,1400
JUSTDIAL30Jan20520CE.NFO,07/01/2020,11:39:52,46,46.85,1400,49.7,8400,0,1400
JUSTDIAL30Jan20520CE.NFO,07/01/2020,11:39:59,46,47.2,1400,50.85,1400,0,1400
JUSTDIAL30Jan20520CE.NFO,07/01/2020,11:40:05,46,47.6,1400,50.85,1400,0,1400
JUSTDIAL30Jan20520CE.NFO,07/01/2020,11:40:10,46,47.1,1400,50.4,1400,0,1400
JUSTDIAL30Jan20520CE.NFO,07/01/2020,11:40:15,46,47.35,1400,50.05,1400,0,1400
JUSTDIAL30Jan20520CE.NFO,07/01/2020,11:40:19,46,47.7,1400,49.85,1400,0,1400
JUSTDIAL30Jan20520CE.NFO,07/01/2020,11:40:24,46,46.95,7000,51.05,8400,0,1400
JUSTDIAL30Jan20520CE.NFO,07/01/2020,11:40:28,46,47.2,1400,49.9,1400,0,1400
JUSTDIAL30Jan20520CE.NFO,07/01/2020,11:40:31,46,47.3,1400,49.8,7000,0,1400
JUSTDIAL30Jan20520CE.NFO,07/01/2020,11:40:35,46,47.5,1400,49.7,7000,0,1400
JUSTDIAL30Jan20520CE.NFO,07/01/2020,11:40:39,46,47.6,1400,49.7,7000,0,1400
JUSTDIAL30Jan20520CE.NFO,07/01/2020,11:40:42,46,46.55,14000,49.7,7000,0,1400
JUSTDIAL30Jan20520CE.NFO,07/01/2020,11:40:45,46,47,1400,49.45,1400,0,1400
JUSTDIAL30Jan20520CE.NFO,07/01/2020,11:40:48,46,47.1,1400,49.45,1400,0,1400
JUSTDIAL30Jan20520CE.NFO,07/01/2020,11:40:51,46,47.15,1400,49.45,1400,0,1400
JUSTDIAL30Jan20520CE.NFO,07/01/2020,11:40:54,46,47.2,1400,49.45,1400,0,1400
JUSTDIAL30Jan20520CE.NFO,07/01/2020,11:40:58,46,47.3,1400,49.45,1400,0,1400
JUSTDIAL30Jan20520CE.NFO,07/01/2020,11:41:01,46,47.4,1400,49.6,7000,0,1400
JUSTDIAL30Jan20520CE.NFO,07/01/2020,11:41:05,46,46.7,9800,49.5,7000,0,1400
JUSTDIAL30Jan20520CE.NFO,07/01/2020,11:41:08,46,46.85,1400,49.5,7000,0,1400
JUSTDIAL30Jan20520CE.NFO,07/01/2020,11:41:15,46,47.1,1400,49.5,7000,0,1400
JUSTDIAL30Jan20520CE.NFO,07/01/2020,11:41:18,46,47.2,1400,50.75,1400,0,1400
JUSTDIAL30Jan20520CE.NFO,07/01/2020,11:41:21,46,47.3,1400,50.1,1400,0,1400
JUSTDIAL30Jan20520CE.NFO,07/01/2020,11:41:24,46,47.45,1400,50.1,1400,0,1400
JUSTDIAL30Jan20520CE.NFO,07/01/2020,11:41:27,46,47.6,1400,50.05,4200,0,1400
JUSTDIAL30Jan20520CE.NFO,07/01/2020,11:41:30,46,47.6,1400,50,1400,0,1400
JUSTDIAL30Jan20520CE.NFO,07/01/2020,11:41:38,46,46.8,11200,50,1400,0,1400
JUSTDIAL30Jan20520CE.NFO,07/01/2020,11:41:46,46,47.05,4200,49.9,1400,0,1400
JUSTDIAL30Jan20520CE.NFO,07/01/2020,11:41:49,46,47.35,1400,49.9,1400,0,1400
JUSTDIAL30Jan20520CE.NFO,07/01/2020,11:41:52,46,47.55,1400,49.9,1400,0,1400
JUSTDIAL30Jan20520CE.NFO,07/01/2020,11:41:56,46,47.6,1400,49.9,1400,0,1400
JUSTDIAL30Jan20520CE.NFO,07/01/2020,11:42:00,46,47.1,2800,49.55,7000,0,1400
JUSTDIAL30Jan20520CE.NFO,07/01/2020,11:42:04,46,47.35,2800,49.45,4200,0,1400
JUSTDIAL30Jan20520CE.NFO,07/01/2020,11:42:38,46,47.55,1400,49.4,1400,0,1400
JUSTDIAL30Jan20520CE.NFO,07/01/2020,11:43:32,46,47.75,1400,50.2,1400,0,1400
JUSTDIAL30Jan20520CE.NFO,07/01/2020,11:43:35,46,47.25,1400,50.1,1400,0,1400
JUSTDIAL30Jan20520CE.NFO,07/01/2020,11:43:38,46,47.35,1400,50.1,1400,0,1400
JUSTDIAL30Jan20520CE.NFO,07/01/2020,11:43:41,46,47.5,1400,50.1,1400,0,1400
JUSTDIAL30Jan20520CE.NFO,07/01/2020,11:43:45,46,47.6,1400,50.1,1400,0,1400
JUSTDIAL30Jan20520CE.NFO,07/01/2020,11:43:49,46,47.7,1400,50.1,1400,0,1400
JUSTDIAL30Jan20520CE.NFO,07/01/2020,11:43:54,46,47.9,1400,50.1,1400,0,1400
JUSTDIAL30Jan20520CE.NFO,07/01/2020,11:43:58,46,46.8,16800,50.1,2800,0,1400
JUSTDIAL30Jan20520CE.NFO,07/01/2020,11:44:01,46,46.8,11200,50,1400,0,1400
JUSTDIAL30Jan20520CE.NFO,07/01/2020,11:44:09,46,46.8,11200,49.9,1400,0,1400
JUSTDIAL30Jan20520CE.NFO,07/01/2020,11:44:13,46,46.8,11200,49.8,1400,0,1400
JUSTDIAL30Jan20520CE.NFO,07/01/2020,11:44:17,46,46.8,11200,49.7,1400,0,1400
JUSTDIAL30Jan20520CE.NFO,07/01/2020,11:44:21,46,46.8,11200,49.55,1400,0,1400
JUSTDIAL30Jan20520CE.NFO,07/01/2020,11:44:42,46,46.8,11200,49.45,1400,0,1400
JUSTDIAL30Jan20520CE.NFO,07/01/2020,11:44:45,46,46.8,11200,50.55,8400,0,1400
JUSTDIAL30Jan20520CE.NFO,07/01/2020,11:44:49,46,46.8,11200,50.55,7000,0,1400
JUSTDIAL30Jan20520CE.NFO,07/01/2020,11:45:02,46,46.8,11200,50.15,1400,0,1400
JUSTDIAL30Jan20520CE.NFO,07/01/2020,11:45:06,46,46.8,11200,50.1,1400,0,1400
JUSTDIAL30Jan20520CE.NFO,07/01/2020,11:45:10,46,46.8,11200,50.05,1400,0,1400
JUSTDIAL30Jan20520CE.NFO,07/01/2020,11:45:16,46,46.8,11200,49.95,1400,0,1400
JUSTDIAL30Jan20520CE.NFO,07/01/2020,11:45:19,46,46.8,11200,49.85,1400,0,1400
JUSTDIAL30Jan20520CE.NFO,07/01/2020,11:45:26,46,46.8,11200,49.75,1400,0,1400
JUSTDIAL30Jan20520CE.NFO,07/01/2020,11:45:30,46,46.8,11200,49.65,1400,0,1400
JUSTDIAL30Jan20520CE.NFO,07/01/2020,11:45:37,46,46.8,11200,49.55,1400,0,1400
JUSTDIAL30Jan20520CE.NFO,07/01/2020,11:45:40,46,46.8,11200,49.4,1400,0,1400
JUSTDIAL30Jan20520CE.NFO,07/01/2020,11:45:53,46,46.8,11200,49.45,1400,0,1400
JUSTDIAL30Jan20520CE.NFO,07/01/2020,11:46:01,46,46.8,11200,49.35,1400,0,1400
JUSTDIAL30Jan20520CE.NFO,07/01/2020,11:46:03,46,46.8,11200,49.3,1400,0,1400
JUSTDIAL30Jan20520CE.NFO,07/01/2020,11:46:06,46,47.45,4200,49.35,1400,0,1400
JUSTDIAL30Jan20520CE.NFO,07/01/2020,11:46:10,46,47.6,1400,49.35,1400,0,1400
JUSTDIAL30Jan20520CE.NFO,07/01/2020,11:46:46,46,47.6,1400,50.1,1400,0,1400
JUSTDIAL30Jan20520CE.NFO,07/01/2020,11:46:48,46,47.6,1400,50,1400,0,1400
JUSTDIAL30Jan20520CE.NFO,07/01/2020,11:46:52,46,47.6,1400,49.9,1400,0,1400
JUSTDIAL30Jan20520CE.NFO,07/01/2020,11:46:56,46,47.6,1400,49.8,1400,0,1400
JUSTDIAL30Jan20520CE.NFO,07/01/2020,11:46:58,46,47.6,2800,49.8,2800,0,1400
JUSTDIAL30Jan20520CE.NFO,07/01/2020,11:47:02,46,47.6,2800,49.8,7000,0,1400
JUSTDIAL30Jan20520CE.NFO,07/01/2020,11:47:05,46,47.6,2800,49.8,8400,0,1400
JUSTDIAL30Jan20520CE.NFO,07/01/2020,11:47:24,46,46.6,8400,49.7,9800,0,1400
JUSTDIAL30Jan20520CE.NFO,07/01/2020,11:47:26,46,47,1400,49.6,7000,0,1400
JUSTDIAL30Jan20520CE.NFO,07/01/2020,11:47:29,46,47.25,1400,49.5,8400,0,1400
JUSTDIAL30Jan20520CE.NFO,07/01/2020,11:47:33,46,47.25,2800,49.4,8400,0,1400
JUSTDIAL30Jan20520CE.NFO,07/01/2020,11:47:36,46,47.25,2800,49.4,4200,0,1400
JUSTDIAL30Jan20520CE.NFO,07/01/2020,11:47:40,46,47.25,2800,49.4,5600,0,1400
JUSTDIAL30Jan20520CE.NFO,07/01/2020,11:47:43,46,47.25,2800,49.4,4200,0,1400
JUSTDIAL30Jan20520CE.NFO,07/01/2020,11:47:45,46,47.35,1400,49.4,4200,0,1400
JUSTDIAL30Jan20520CE.NFO,07/01/2020,11:47:47,46,47.35,1400,49.4,7000,0,1400
JUSTDIAL30Jan20520CE.NFO,07/01/2020,11:47:50,46,46.9,1400,49.4,7000,0,1400
JUSTDIAL30Jan20520CE.NFO,07/01/2020,11:47:55,46,47,1400,49.4,7000,0,1400
JUSTDIAL30Jan20520CE.NFO,07/01/2020,11:47:58,46,47.1,1400,49.4,7000,0,1400
JUSTDIAL30Jan20520CE.NFO,07/01/2020,11:48:03,46,46.7,5600,49.4,7000,0,1400
JUSTDIAL30Jan20520CE.NFO,07/01/2020,11:48:07,46,47,1400,49.4,7000,0,1400
JUSTDIAL30Jan20520CE.NFO,07/01/2020,11:48:10,46,47.05,1400,49.4,7000,0,1400
JUSTDIAL30Jan20520CE.NFO,07/01/2020,11:48:14,46,46.15,16800,49.4,7000,0,1400
JUSTDIAL30Jan20520CE.NFO,07/01/2020,11:48:18,46,46.85,1400,49.35,4200,0,1400
JUSTDIAL30Jan20520CE.NFO,07/01/2020,11:48:22,46,46.9,1400,49.35,7000,0,1400
JUSTDIAL30Jan20520CE.NFO,07/01/2020,11:48:26,46,47,1400,49.35,7000,0,1400
JUSTDIAL30Jan20520CE.NFO,07/01/2020,11:48:29,46,47.05,1400,49.35,4200,0,1400
JUSTDIAL30Jan20520CE.NFO,07/01/2020,11:48:33,46,47.25,1400,49.35,7000,0,1400
JUSTDIAL30Jan20520CE.NFO,07/01/2020,11:48:36,46,47.3,1400,49.35,7000,0,1400
JUSTDIAL30Jan20520CE.NFO,07/01/2020,11:48:40,46,47.35,1400,49.35,7000,0,1400
JUSTDIAL30Jan20520CE.NFO,07/01/2020,11:48:52,46,46.5,7000,49.35,7000,0,1400
JUSTDIAL30Jan20520CE.NFO,07/01/2020,11:48:55,46,46.7,1400,49.25,7000,0,1400
JUSTDIAL30Jan20520CE.NFO,07/01/2020,11:48:57,46,46.8,1400,49.25,7000,0,1400
JUSTDIAL30Jan20520CE.NFO,07/01/2020,11:49:00,46,46.9,1400,49.25,7000,0,1400
JUSTDIAL30Jan20520CE.NFO,07/01/2020,11:49:03,46,47.1,1400,49.25,7000,0,1400
JUSTDIAL30Jan20520CE.NFO,07/01/2020,11:49:07,46,47.2,1400,49.25,7000,0,1400
JUSTDIAL30Jan20520CE.NFO,07/01/2020,11:49:12,46,46.35,1400,49.25,7000,0,1400
JUSTDIAL30Jan20520CE.NFO,07/01/2020,11:49:41,46,46.35,1400,49.05,7000,0,1400
JUSTDIAL30Jan20520CE.NFO,07/01/2020,11:50:22,46,46.65,1400,49.65,7000,0,1400
JUSTDIAL30Jan20520CE.NFO,07/01/2020,11:50:26,46,46.85,1400,49.65,7000,0,1400
JUSTDIAL30Jan20520CE.NFO,07/01/2020,11:50:31,46,47.15,1400,49.65,5600,0,1400
JUSTDIAL30Jan20520CE.NFO,07/01/2020,11:50:35,46,47.35,1400,49.6,4200,0,1400
JUSTDIAL30Jan20520CE.NFO,07/01/2020,11:50:39,46,47.55,1400,49.6,4200,0,1400
JUSTDIAL30Jan20520CE.NFO,07/01/2020,11:50:43,46,46.45,16800,50.15,4200,0,1400
JUSTDIAL30Jan20520CE.NFO,07/01/2020,11:50:47,46,47.2,2800,50.1,1400,0,1400
JUSTDIAL30Jan20520CE.NFO,07/01/2020,11:50:50,46,47.5,1400,50.1,1400,0,1400
JUSTDIAL30Jan20520CE.NFO,07/01/2020,11:50:53,46,47.65,1400,50.1,1400,0,1400
JUSTDIAL30Jan20520CE.NFO,07/01/2020,11:50:56,46,47.8,1400,50.1,1400,0,1400
JUSTDIAL30Jan20520CE.NFO,07/01/2020,11:50:59,46,47.9,1400,50.1,1400,0,1400
JUSTDIAL30Jan20520CE.NFO,07/01/2020,11:51:04,46,47.85,1400,50.1,1400,0,1400
JUSTDIAL30Jan20520CE.NFO,07/01/2020,11:51:08,46,47.85,1400,49.95,4200,0,1400
JUSTDIAL30Jan20520CE.NFO,07/01/2020,11:51:13,46,47.05,2800,49.8,7000,0,1400
JUSTDIAL30Jan20520CE.NFO,07/01/2020,11:51:16,46,47.4,1400,49.8,7000,0,1400
JUSTDIAL30Jan20520CE.NFO,07/01/2020,11:51:20,46,47.6,1400,49.8,7000,0,1400
JUSTDIAL30Jan20520CE.NFO,07/01/2020,11:51:24,46,47.7,2800,49.8,7000,0,1400
JUSTDIAL30Jan20520CE.NFO,07/01/2020,11:51:29,46,47.2,4200,49.8,7000,0,1400
JUSTDIAL30Jan20520CE.NFO,07/01/2020,11:51:35,46,47.3,1400,49.8,7000,0,1400
JUSTDIAL30Jan20520CE.NFO,07/01/2020,11:51:50,46,46.45,19600,49.8,7000,0,1400
JUSTDIAL30Jan20520CE.NFO,07/01/2020,11:51:59,46,46.75,4200,49.7,7000,0,1400
JUSTDIAL30Jan20520CE.NFO,07/01/2020,11:52:02,46,47.05,1400,49.7,7000,0,1400
JUSTDIAL30Jan20520CE.NFO,07/01/2020,11:52:05,46,47.3,1400,49.7,7000,0,1400
JUSTDIAL30Jan20520CE.NFO,07/01/2020,11:52:12,46,47.4,1400,49.55,5600,0,1400
JUSTDIAL30Jan20520CE.NFO,07/01/2020,11:52:14,46,47.4,1400,49.5,7000,0,1400
JUSTDIAL30Jan20520CE.NFO,07/01/2020,11:52:17,46,47.5,1400,49.5,7000,0,1400
JUSTDIAL30Jan20520CE.NFO,07/01/2020,11:52:24,46,47.6,1400,49.5,1400,0,1400
JUSTDIAL30Jan20520CE.NFO,07/01/2020,11:52:38,46,47.6,2800,49.5,1400,0,1400
JUSTDIAL30Jan20520CE.NFO,07/01/2020,11:52:58,46,47.7,1400,49.5,1400,0,1400
JUSTDIAL30Jan20520CE.NFO,07/01/2020,11:53:01,46,47.3,1400,49.5,1400,0,1400
JUSTDIAL30Jan20520CE.NFO,07/01/2020,11:53:04,46,47.45,1400,49.5,1400,0,1400
JUSTDIAL30Jan20520CE.NFO,07/01/2020,11:53:10,46,47.55,1400,49.5,1400,0,1400
JUSTDIAL30Jan20520CE.NFO,07/01/2020,11:53:13,46,47,1400,49.5,1400,0,1400
JUSTDIAL30Jan20520CE.NFO,07/01/2020,11:53:15,46,47.05,1400,49.5,1400,0,1400
JUSTDIAL30Jan20520CE.NFO,07/01/2020,11:53:18,46,47.15,1400,49.5,1400,0,1400
JUSTDIAL30Jan20520CE.NFO,07/01/2020,11:53:22,46,47.45,1400,49.5,7000,0,1400
JUSTDIAL30Jan20520CE.NFO,07/01/2020,11:53:32,46,47.45,2800,49.5,7000,0,1400
JUSTDIAL30Jan20520CE.NFO,07/01/2020,11:54:22,46,47.55,1400,49.5,7000,0,1400
JUSTDIAL30Jan20520CE.NFO,07/01/2020,11:54:29,46,47.55,2800,49.5,7000,0,1400
JUSTDIAL30Jan20520CE.NFO,07/01/2020,11:55:18,46,46.75,1400,49.5,7000,0,1400
JUSTDIAL30Jan20520CE.NFO,07/01/2020,11:55:21,46,46.9,1400,49.5,7000,0,1400
JUSTDIAL30Jan20520CE.NFO,07/01/2020,11:55:36,46,47.1,1400,49.5,7000,0,1400
JUSTDIAL30Jan20520CE.NFO,07/01/2020,11:55:41,46,47.2,1400,49.5,7000,0,1400
JUSTDIAL30Jan20520CE.NFO,07/01/2020,11:55:48,46,47.4,1400,49.5,7000,0,1400
JUSTDIAL30Jan20520CE.NFO,07/01/2020,11:55:59,46,47.5,1400,49.5,7000,0,1400
JUSTDIAL30Jan20520CE.NFO,07/01/2020,11:56:08,46,47.65,1400,49.5,7000,0,1400
JUSTDIAL30Jan20520CE.NFO,07/01/2020,11:56:46,46,47.75,1400,49.5,7000,0,1400
JUSTDIAL30Jan20520CE.NFO,07/01/2020,11:56:48,46,46.45,18200,49.5,7000,0,1400
JUSTDIAL30Jan20520CE.NFO,07/01/2020,11:56:54,46,47.1,5600,49.5,1400,0,1400
JUSTDIAL30Jan20520CE.NFO,07/01/2020,11:56:56,46,47.3,1400,49.5,1400,0,1400
JUSTDIAL30Jan20520CE.NFO,07/01/2020,11:56:57,46,47.35,1400,49.5,1400,0,1400
JUSTDIAL30Jan20520CE.NFO,07/01/2020,11:57:02,46,47.45,1400,49.5,1400,0,1400
JUSTDIAL30Jan20520CE.NFO,07/01/2020,11:57:05,46,47.55,1400,49.5,1400,0,1400
JUSTDIAL30Jan20520CE.NFO,07/01/2020,11:57:07,46,47.65,1400,49.5,1400,0,1400
JUSTDIAL30Jan20520CE.NFO,07/01/2020,11:57:11,46,47.7,1400,49.5,1400,0,1400
JUSTDIAL30Jan20520CE.NFO,07/01/2020,11:57:16,46,47.85,1400,49.5,1400,0,1400
JUSTDIAL30Jan20520CE.NFO,07/01/2020,11:57:19,46,47.85,2800,49.5,1400,0,1400
JUSTDIAL30Jan20520CE.NFO,07/01/2020,11:57:40,46,46.6,19600,49.5,7000,0,1400
JUSTDIAL30Jan20520CE.NFO,07/01/2020,11:57:43,46,47,4200,49.5,7000,0,1400
JUSTDIAL30Jan20520CE.NFO,07/01/2020,11:57:47,46,47.25,1400,49.5,7000,0,1400
JUSTDIAL30Jan20520CE.NFO,07/01/2020,11:57:52,46,47.3,1400,49.5,7000,0,1400
JUSTDIAL30Jan20520CE.NFO,07/01/2020,11:57:56,46,47,1400,49.5,7000,0,1400
JUSTDIAL30Jan20520CE.NFO,07/01/2020,11:57:59,46,47.25,1400,49.5,7000,0,1400
JUSTDIAL30Jan20520CE.NFO,07/01/2020,11:58:03,46,47.35,1400,49.5,7000,0,1400
JUSTDIAL30Jan20520CE.NFO,07/01/2020,11:58:13,46,47.4,1400,49.5,7000,0,1400
JUSTDIAL30Jan20520CE.NFO,07/01/2020,11:58:42,46,47.4,1400,49.3,7000,0,1400
JUSTDIAL30Jan20520CE.NFO,07/01/2020,11:58:48,46,47.55,1400,49.3,1400,0,1400
JUSTDIAL30Jan20520CE.NFO,07/01/2020,11:58:52,46,47.65,2800,49.3,1400,0,1400
JUSTDIAL30Jan20520CE.NFO,07/01/2020,11:58:55,46,47.7,1400,49.3,1400,0,1400
JUSTDIAL30Jan20520CE.NFO,07/01/2020,11:58:58,46,47.75,1400,49.3,1400,0,1400
JUSTDIAL30Jan20520CE.NFO,07/01/2020,11:59:07,46,46.45,19600,49.3,7000,0,1400
JUSTDIAL30Jan20520CE.NFO,07/01/2020,11:59:12,46,46.75,4200,49.3,7000,0,1400
JUSTDIAL30Jan20520CE.NFO,07/01/2020,11:59:15,46,46.9,1400,49.3,7000,0,1400
JUSTDIAL30Jan20520CE.NFO,07/01/2020,11:59:32,46,47,1400,49.3,7000,0,1400
JUSTDIAL30Jan20520CE.NFO,07/01/2020,11:59:35,46,47.1,1400,49.3,7000,0,1400
JUSTDIAL30Jan20520CE.NFO,07/01/2020,11:59:41,46,47.2,1400,49.3,7000,0,1400
JUSTDIAL30Jan20520CE.NFO,07/01/2020,11:59:47,46,47.35,1400,49.3,7000,0,1400
JUSTDIAL30Jan20520CE.NFO,07/01/2020,12:00:54,46,47.35,1400,49.2,7000,0,1400
JUSTDIAL30Jan20520CE.NFO,07/01/2020,12:00:59,46,46.4,4200,49.1,7000,0,1400
JUSTDIAL30Jan20520CE.NFO,07/01/2020,12:01:01,46,46.6,1400,49.1,7000,0,1400
JUSTDIAL30Jan20520CE.NFO,07/01/2020,12:01:04,46,46.65,1400,49.1,7000,0,1400
JUSTDIAL30Jan20520CE.NFO,07/01/2020,12:01:19,46,46.75,1400,49.1,7000,0,1400
JUSTDIAL30Jan20520CE.NFO,07/01/2020,12:01:31,46,46.85,1400,49.1,7000,0,1400
JUSTDIAL30Jan20520CE.NFO,07/01/2020,12:01:43,46,47.05,1400,49.1,7000,0,1400
JUSTDIAL30Jan20520CE.NFO,07/01/2020,12:02:09,46,47.15,1400,49.1,7000,0,1400
JUSTDIAL30Jan20520CE.NFO,07/01/2020,12:02:12,46,47.25,1400,49.1,7000,0,1400
JUSTDIAL30Jan20520CE.NFO,07/01/2020,12:02:15,46,47.25,2800,49.1,7000,0,1400
JUSTDIAL30Jan20520CE.NFO,07/01/2020,12:02:44,46,46.65,14000,49.1,7000,0,1400
JUSTDIAL30Jan20520CE.NFO,07/01/2020,12:02:50,46,47.3,1400,49.1,7000,0,1400
JUSTDIAL30Jan20520CE.NFO,07/01/2020,12:02:55,46,47.45,1400,49.1,7000,0,1400
JUSTDIAL30Jan20520CE.NFO,07/01/2020,12:02:59,46,47.4,2800,49.1,7000,0,1400
JUSTDIAL30Jan20520CE.NFO,07/01/2020,12:03:14,46,46.75,5600,49.1,7000,0,1400
JUSTDIAL30Jan20520CE.NFO,07/01/2020,12:03:18,46,47,1400,49.1,7000,0,1400
JUSTDIAL30Jan20520CE.NFO,07/01/2020,12:03:25,46,47.2,1400,49.1,7000,0,1400
JUSTDIAL30Jan20520CE.NFO,07/01/2020,12:03:30,46,46.45,5600,49.1,7000,0,1400
JUSTDIAL30Jan20520CE.NFO,07/01/2020,12:03:33,46,46.7,1400,49.1,7000,0,1400
JUSTDIAL30Jan20520CE.NFO,07/01/2020,12:03:37,46,46.8,1400,49.1,7000,0,1400
JUSTDIAL30Jan20520CE.NFO,07/01/2020,12:03:41,46,46.9,1400,49.1,7000,0,1400
JUSTDIAL30Jan20520CE.NFO,07/01/2020,12:03:45,46,47,1400,49.1,7000,0,1400
JUSTDIAL30Jan20520CE.NFO,07/01/2020,12:03:47,46,47.1,1400,49.1,7000,0,1400
JUSTDIAL30Jan20520CE.NFO,07/01/2020,12:03:52,46,47.15,1400,49.1,7000,0,1400
JUSTDIAL30Jan20520CE.NFO,07/01/2020,12:04:28,46,47.25,1400,49.1,7000,0,1400
JUSTDIAL30Jan20520CE.NFO,07/01/2020,12:04:48,46,46.7,1400,49.1,7000,0,1400
JUSTDIAL30Jan20520CE.NFO,07/01/2020,12:06:44,46,46.7,1400,49.1,9800,0,1400
JUSTDIAL30Jan20520CE.NFO,07/01/2020,12:06:51,46,46.7,1400,49,7000,0,1400
JUSTDIAL30Jan20520CE.NFO,07/01/2020,12:07:02,46,46.7,1400,48.9,7000,0,1400
JUSTDIAL30Jan20520CE.NFO,07/01/2020,12:07:43,46,46.8,1400,48.8,8400,0,1400
JUSTDIAL30Jan20520CE.NFO,07/01/2020,12:07:46,46,46.05,5600,48.8,8400,0,1400
JUSTDIAL30Jan20520CE.NFO,07/01/2020,12:07:56,46,46.3,1400,48.7,1400,0,1400
JUSTDIAL30Jan20520CE.NFO,07/01/2020,12:08:00,46,46.45,1400,48.6,1400,0,1400
JUSTDIAL30Jan20520CE.NFO,07/01/2020,12:08:04,46,46.35,2800,48.5,1400,0,1400
JUSTDIAL30Jan20520CE.NFO,07/01/2020,12:08:08,46,46.4,1400,48.4,1400,0,1400
JUSTDIAL30Jan20520CE.NFO,07/01/2020,12:08:11,46,46.4,1400,48.4,2800,0,1400
JUSTDIAL30Jan20520CE.NFO,07/01/2020,12:08:15,46,46.55,1400,48.7,2800,0,1400
JUSTDIAL30Jan20520CE.NFO,07/01/2020,12:08:22,46,46.7,1400,48.9,7000,0,1400
JUSTDIAL30Jan20520CE.NFO,07/01/2020,12:08:28,46,46.9,1400,49.2,7000,0,1400
JUSTDIAL30Jan20520CE.NFO,07/01/2020,12:08:41,46,47,1400,49.2,7000,0,1400
JUSTDIAL30Jan20520CE.NFO,07/01/2020,12:09:07,46,47.1,1400,48.95,4200,0,1400
JUSTDIAL30Jan20520CE.NFO,07/01/2020,12:09:10,46,47.1,2800,48.9,1400,0,1400
JUSTDIAL30Jan20520CE.NFO,07/01/2020,12:09:12,46,45.9,18200,48.8,1400,0,1400
JUSTDIAL30Jan20520CE.NFO,07/01/2020,12:09:25,46,45.9,18200,48.7,1400,0,1400
JUSTDIAL30Jan20520CE.NFO,07/01/2020,12:09:29,46,45.9,18200,48.6,1400,0,1400
JUSTDIAL30Jan20520CE.NFO,07/01/2020,12:10:10,46,45.9,18200,48.9,4200,0,1400
JUSTDIAL30Jan20520CE.NFO,07/01/2020,12:10:30,46,45.9,18200,48.8,1400,0,1400
JUSTDIAL30Jan20520CE.NFO,07/01/2020,12:10:35,46,45.9,18200,48.9,4200,0,1400
JUSTDIAL30Jan20520CE.NFO,07/01/2020,12:10:44,46,45.9,18200,48.9,1400,0,1400
JUSTDIAL30Jan20520CE.NFO,07/01/2020,12:10:49,46,45.9,18200,48.8,1400,0,1400
JUSTDIAL30Jan20520CE.NFO,07/01/2020,12:11:02,46,46.65,2800,48.9,1400,0,1400
JUSTDIAL30Jan20520CE.NFO,07/01/2020,12:11:04,46,46.8,1400,48.9,1400,0,1400
JUSTDIAL30Jan20520CE.NFO,07/01/2020,12:11:10,46,46.9,1400,49.2,7000,0,1400
JUSTDIAL30Jan20520CE.NFO,07/01/2020,12:11:19,46,47,1400,49.2,7000,0,1400
JUSTDIAL30Jan20520CE.NFO,07/01/2020,12:11:23,46,47.1,1400,49.2,7000,0,1400
JUSTDIAL30Jan20520CE.NFO,07/01/2020,12:11:43,46,47.2,1400,49.2,7000,0,1400
JUSTDIAL30Jan20520CE.NFO,07/01/2020,12:11:47,46,47.25,1400,49.2,7000,0,1400
JUSTDIAL30Jan20520CE.NFO,07/01/2020,12:12:09,46,46.2,15400,49.2,7000,0,1400
JUSTDIAL30Jan20520CE.NFO,07/01/2020,12:12:11,46,46.75,2800,49.2,7000,0,1400
JUSTDIAL30Jan20520CE.NFO,07/01/2020,12:12:14,46,46.9,1400,49.2,7000,0,1400
JUSTDIAL30Jan20520CE.NFO,07/01/2020,12:12:17,46,47,1400,49.2,7000,0,1400
JUSTDIAL30Jan20520CE.NFO,07/01/2020,12:12:22,46,47.1,1400,49.2,7000,0,1400
JUSTDIAL30Jan20520CE.NFO,07/01/2020,12:12:25,46,47.2,1400,49.2,7000,0,1400
JUSTDIAL30Jan20520CE.NFO,07/01/2020,12:12:32,46,46.25,14000,49.2,7000,0,1400
JUSTDIAL30Jan20520CE.NFO,07/01/2020,12:12:37,46,46.25,16800,49.1,7000,0,1400
JUSTDIAL30Jan20520CE.NFO,07/01/2020,12:12:43,46,46.25,14000,49,7000,0,1400
JUSTDIAL30Jan20520CE.NFO,07/01/2020,12:12:51,46,46.6,4200,48.85,1400,0,1400
JUSTDIAL30Jan20520CE.NFO,07/01/2020,12:12:53,46,46.75,1400,48.8,1400,0,1400
JUSTDIAL30Jan20520CE.NFO,07/01/2020,12:12:55,46,46.75,2800,48.8,1400,0,1400
JUSTDIAL30Jan20520CE.NFO,07/01/2020,12:13:09,46,47.15,1400,48.9,1400,0,1400
JUSTDIAL30Jan20520CE.NFO,07/01/2020,12:13:17,46,47.25,1400,48.9,1400,0,1400
JUSTDIAL30Jan20520CE.NFO,07/01/2020,12:13:30,46,46.6,1400,48.9,1400,0,1400
JUSTDIAL30Jan20520CE.NFO,07/01/2020,12:13:36,46,46.7,1400,48.9,2800,0,1400
JUSTDIAL30Jan20520CE.NFO,07/01/2020,12:13:43,46,46.8,1400,48.9,2800,0,1400
JUSTDIAL30Jan20520CE.NFO,07/01/2020,12:13:47,46,46.8,2800,48.9,2800,0,1400
JUSTDIAL30Jan20520CE.NFO,07/01/2020,12:14:27,46,46.9,1400,48.8,1400,0,1400
JUSTDIAL30Jan20520CE.NFO,07/01/2020,12:14:34,46,46.9,1400,49.05,1400,0,1400
JUSTDIAL30Jan20520CE.NFO,07/01/2020,12:14:41,46,46.9,1400,49.05,4200,0,1400
JUSTDIAL30Jan20520CE.NFO,07/01/2020,12:15:15,46,46.9,1400,49.05,1400,0,1400
JUSTDIAL30Jan20520CE.NFO,07/01/2020,12:15:23,46,47.05,4200,49.05,1400,0,1400
JUSTDIAL30Jan20520CE.NFO,07/01/2020,12:15:27,46,47.1,1400,49.05,1400,0,1400
JUSTDIAL30Jan20520CE.NFO,07/01/2020,12:15:30,46,47.2,1400,49.25,7000,0,1400
JUSTDIAL30Jan20520CE.NFO,07/01/2020,12:15:34,46,47.3,1400,49.25,7000,0,1400
JUSTDIAL30Jan20520CE.NFO,07/01/2020,12:15:40,46,47.35,1400,49.25,7000,0,1400
JUSTDIAL30Jan20520CE.NFO,07/01/2020,12:15:46,46,47.4,2800,49.25,7000,0,1400
JUSTDIAL30Jan20520CE.NFO,07/01/2020,12:16:17,46,47.5,1400,49.25,1400,0,1400
JUSTDIAL30Jan20520CE.NFO,07/01/2020,12:16:20,46,47.5,2800,49.25,1400,0,1400
JUSTDIAL30Jan20520CE.NFO,07/01/2020,12:16:29,46,47.5,2800,49.25,7000,0,1400
JUSTDIAL30Jan20520CE.NFO,07/01/2020,12:16:38,46,47.5,1400,49.25,7000,0,1400
JUSTDIAL30Jan20520CE.NFO,07/01/2020,12:17:08,46,47.5,1400,49.25,1400,0,1400
JUSTDIAL30Jan20520CE.NFO,07/01/2020,12:17:23,46,46.85,11200,49.25,1400,0,1400
JUSTDIAL30Jan20520CE.NFO,07/01/2020,12:17:25,46,47.15,1400,49.1,1400,0,1400
JUSTDIAL30Jan20520CE.NFO,07/01/2020,12:17:49,46,47.2,1400,49.3,8400,0,1400
JUSTDIAL30Jan20520CE.NFO,07/01/2020,12:18:15,46,47.2,1400,49.2,4200,0,1400
JUSTDIAL30Jan20520CE.NFO,07/01/2020,12:18:39,46,47.2,1400,49.2,7000,0,1400
JUSTDIAL30Jan20520CE.NFO,07/01/2020,12:18:48,46,47.2,1400,49.1,1400,0,1400
JUSTDIAL30Jan20520CE.NFO,07/01/2020,12:18:56,46,47.2,1400,49.1,2800,0,1400
JUSTDIAL30Jan20520CE.NFO,07/01/2020,12:19:05,46,47.2,1400,49.1,1400,0,1400
JUSTDIAL30Jan20520CE.NFO,07/01/2020,12:20:40,46,47.2,1400,49.1,2800,0,1400
JUSTDIAL30Jan20520CE.NFO,07/01/2020,12:21:27,46,47.2,1400,49.1,1400,0,1400
JUSTDIAL30Jan20520CE.NFO,07/01/2020,12:22:02,46,47.2,1400,49,1400,0,1400
JUSTDIAL30Jan20520CE.NFO,07/01/2020,12:22:48,46,47.2,1400,49,5600,0,1400
JUSTDIAL30Jan20520CE.NFO,07/01/2020,12:22:53,46,47.2,1400,49,2800,0,1400
JUSTDIAL30Jan20520CE.NFO,07/01/2020,12:23:01,46,47.2,2800,49,2800,0,1400
JUSTDIAL30Jan20520CE.NFO,07/01/2020,12:23:27,46,46.7,1400,49,7000,0,1400
JUSTDIAL30Jan20520CE.NFO,07/01/2020,12:23:31,46,46.85,1400,48.95,1400,0,1400
JUSTDIAL30Jan20520CE.NFO,07/01/2020,12:23:40,46,47,1400,48.9,1400,0,1400
JUSTDIAL30Jan20520CE.NFO,07/01/2020,12:23:43,46,47.15,1400,48.9,1400,0,1400
JUSTDIAL30Jan20520CE.NFO,07/01/2020,12:23:46,46,46.6,4200,48.9,1400,0,1400
JUSTDIAL30Jan20520CE.NFO,07/01/2020,12:23:48,46,46.75,1400,48.9,1400,0,1400
JUSTDIAL30Jan20520CE.NFO,07/01/2020,12:23:56,46,46.85,1400,48.9,1400,0,1400
JUSTDIAL30Jan20520CE.NFO,07/01/2020,12:24:01,46,46.15,1400,49.2,7000,0,1400
JUSTDIAL30Jan20520CE.NFO,07/01/2020,12:24:03,46,46.15,1400,49.1,7000,0,1400
JUSTDIAL30Jan20520CE.NFO,07/01/2020,12:24:16,46,46.25,1400,48.9,7000,0,1400
JUSTDIAL30Jan20520CE.NFO,07/01/2020,12:24:26,46,46.25,1400,48.8,1400,0,1400
JUSTDIAL30Jan20520CE.NFO,07/01/2020,12:24:29,46,46.25,1400,48.85,7000,0,1400
JUSTDIAL30Jan20520CE.NFO,07/01/2020,12:24:35,46,46.25,1400,48.65,1400,0,1400
JUSTDIAL30Jan20520CE.NFO,07/01/2020,12:24:38,46,45.6,1400,48.45,7000,0,1400
JUSTDIAL30Jan20520CE.NFO,07/01/2020,12:24:50,46,46,1400,48.05,1400,0,1400
JUSTDIAL30Jan20520CE.NFO,07/01/2020,12:24:56,46,45.35,1400,47.95,1400,0,1400
JUSTDIAL30Jan20520CE.NFO,07/01/2020,12:25:01,46,45.65,1400,47.7,1400,0,1400
JUSTDIAL30Jan20520CE.NFO,07/01/2020,12:25:05,46,45.65,1400,47.7,2800,0,1400
JUSTDIAL30Jan20520CE.NFO,07/01/2020,12:25:08,46,45.65,1400,48.2,7000,0,1400
JUSTDIAL30Jan20520CE.NFO,07/01/2020,12:25:16,46,45.8,1400,47.95,1400,0,1400
JUSTDIAL30Jan20520CE.NFO,07/01/2020,12:25:19,46,45.95,1400,47.9,1400,0,1400
JUSTDIAL30Jan20520CE.NFO,07/01/2020,12:25:24,46,45.3,1400,47.85,1400,0,1400
JUSTDIAL30Jan20520CE.NFO,07/01/2020,12:25:30,46,45.6,1400,47.6,1400,0,1400
JUSTDIAL30Jan20520CE.NFO,07/01/2020,12:25:33,46,45.8,1400,47.6,1400,0,1400
JUSTDIAL30Jan20520CE.NFO,07/01/2020,12:25:36,46,44.85,11200,47.6,1400,0,1400
JUSTDIAL30Jan20520CE.NFO,07/01/2020,12:25:38,46,44.85,11200,48.1,11200,0,1400
JUSTDIAL30Jan20520CE.NFO,07/01/2020,12:25:43,46,44.85,11200,47.95,9800,0,1400
JUSTDIAL30Jan20520CE.NFO,07/01/2020,12:25:46,46,44.85,11200,47.85,7000,0,1400
JUSTDIAL30Jan20520CE.NFO,07/01/2020,12:25:49,46,45.1,1400,47.6,7000,0,1400
JUSTDIAL30Jan20520CE.NFO,07/01/2020,12:25:52,46,45.35,1400,47.45,1400,0,1400
JUSTDIAL30Jan20520CE.NFO,07/01/2020,12:25:56,46,45.45,1400,47.45,1400,0,1400
JUSTDIAL30Jan20520CE.NFO,07/01/2020,12:26:00,46,45.55,1400,47.45,1400,0,1400
JUSTDIAL30Jan20520CE.NFO,07/01/2020,12:26:03,46,45.6,1400,47.45,1400,0,1400
JUSTDIAL30Jan20520CE.NFO,07/01/2020,12:26:06,46,44.75,4200,47.35,1400,0,1400
JUSTDIAL30Jan20520CE.NFO,07/01/2020,12:26:10,46,45.05,1400,47.15,1400,0,1400
JUSTDIAL30Jan20520CE.NFO,07/01/2020,12:26:13,46,45.15,1400,47.15,1400,0,1400
JUSTDIAL30Jan20520CE.NFO,07/01/2020,12:26:16,46,45.3,1400,47.5,7000,0,1400
JUSTDIAL30Jan20520CE.NFO,07/01/2020,12:26:20,46,45.35,2800,47.25,1400,0,1400
JUSTDIAL30Jan20520CE.NFO,07/01/2020,12:26:23,46,45.35,2800,47.25,2800,0,1400
JUSTDIAL30Jan20520CE.NFO,07/01/2020,12:26:27,46,45.35,2800,47.35,1400,0,1400
JUSTDIAL30Jan20520CE.NFO,07/01/2020,12:26:31,46,45.35,2800,47.6,8400,0,1400
JUSTDIAL30Jan20520CE.NFO,07/01/2020,12:26:35,46,45.25,1400,47.4,7000,0,1400
JUSTDIAL30Jan20520CE.NFO,07/01/2020,12:26:39,46,45.25,1400,47.3,4200,0,1400
JUSTDIAL30Jan20520CE.NFO,07/01/2020,12:26:42,46,44.85,2800,47.6,7000,0,1400
JUSTDIAL30Jan20520CE.NFO,07/01/2020,12:26:45,46,45.15,1400,47.55,1400,0,1400
JUSTDIAL30Jan20520CE.NFO,07/01/2020,12:26:48,46,45.25,1400,47.55,1400,0,1400
JUSTDIAL30Jan20520CE.NFO,07/01/2020,12:26:52,46,45.3,1400,47.55,1400,0,1400
JUSTDIAL30Jan20520CE.NFO,07/01/2020,12:26:55,46,45.55,1400,47.55,1400,0,1400
JUSTDIAL30Jan20520CE.NFO,07/01/2020,12:26:59,46,45,1400,47.4,1400,0,1400
JUSTDIAL30Jan20520CE.NFO,07/01/2020,12:27:03,46,45,1400,47.35,1400,0,1400
JUSTDIAL30Jan20520CE.NFO,07/01/2020,12:27:07,46,45.1,1400,47.15,1400,0,1400
JUSTDIAL30Jan20520CE.NFO,07/01/2020,12:27:10,46,45.1,1400,47.05,1400,0,1400
JUSTDIAL30Jan20520CE.NFO,07/01/2020,12:27:14,46,45.1,1400,47.05,2800,0,1400
JUSTDIAL30Jan20520CE.NFO,07/01/2020,12:27:18,46,44.75,1400,46.95,1400,0,1400
JUSTDIAL30Jan20520CE.NFO,07/01/2020,12:27:24,46,44.75,1400,46.85,1400,0,1400
JUSTDIAL30Jan20520CE.NFO,07/01/2020,12:27:31,46,44.75,1400,46.75,1400,0,1400
JUSTDIAL30Jan20520CE.NFO,07/01/2020,12:27:37,46,44.75,1400,46.75,2800,0,1400
JUSTDIAL30Jan20520CE.NFO,07/01/2020,12:27:44,46,44.75,1400,47.4,7000,0,1400
JUSTDIAL30Jan20520CE.NFO,07/01/2020,12:27:46,46,44.75,1400,47.25,7000,0,1400
JUSTDIAL30Jan20520CE.NFO,07/01/2020,12:27:49,46,44.75,1400,47.15,7000,0,1400
JUSTDIAL30Jan20520CE.NFO,07/01/2020,12:27:52,46,44.75,1400,47.4,7000,0,1400
JUSTDIAL30Jan20520CE.NFO,07/01/2020,12:27:55,46,44.95,1400,47.3,1400,0,1400
JUSTDIAL30Jan20520CE.NFO,07/01/2020,12:28:11,46,44.9,1400,47.3,1400,0,1400
JUSTDIAL30Jan20520CE.NFO,07/01/2020,12:28:13,46,44.65,1400,47.3,1400,0,1400
JUSTDIAL30Jan20520CE.NFO,07/01/2020,12:28:16,46,44.9,1400,47.3,1400,0,1400
JUSTDIAL30Jan20520CE.NFO,07/01/2020,12:28:20,46,45.1,1400,47.3,1400,0,1400
JUSTDIAL30Jan20520CE.NFO,07/01/2020,12:28:23,46,44.3,18200,47.25,1400,0,1400
JUSTDIAL30Jan20520CE.NFO,07/01/2020,12:28:26,46,45,1400,47.45,7000,0,1400
JUSTDIAL30Jan20520CE.NFO,07/01/2020,12:28:29,46,44.75,5600,47.3,2800,0,1400
JUSTDIAL30Jan20520CE.NFO,07/01/2020,12:28:33,46,45.05,1400,47.1,1400,0,1400
JUSTDIAL30Jan20520CE.NFO,07/01/2020,12:28:37,46,44.7,1400,47.1,8400,0,1400
JUSTDIAL30Jan20520CE.NFO,07/01/2020,12:28:43,46,44.7,1400,47,1400,0,1400
JUSTDIAL30Jan20520CE.NFO,07/01/2020,12:28:47,46,44.7,1400,46.9,1400,0,1400
JUSTDIAL30Jan20520CE.NFO,07/01/2020,12:28:49,46,44.7,1400,46.8,1400,0,1400
JUSTDIAL30Jan20520CE.NFO,07/01/2020,12:28:53,46,44.7,1400,46.95,1400,0,1400
JUSTDIAL30Jan20520CE.NFO,07/01/2020,12:28:58,46,44.85,1400,47,1400,0,1400
JUSTDIAL30Jan20520CE.NFO,07/01/2020,12:29:05,46,44.45,1400,46.6,1400,0,1400
JUSTDIAL30Jan20520CE.NFO,07/01/2020,12:29:10,46,44.55,1400,46.75,1400,0,1400
JUSTDIAL30Jan20520CE.NFO,07/01/2020,12:29:22,46,44.15,1400,46.55,1400,0,1400
JUSTDIAL30Jan20520CE.NFO,07/01/2020,12:29:28,46,44.15,1400,46.35,1400,0,1400
JUSTDIAL30Jan20520CE.NFO,07/01/2020,12:29:33,46,44.15,1400,46.25,1400,0,1400
JUSTDIAL30Jan20520CE.NFO,07/01/2020,12:29:43,46,44.25,1400,46.25,1400,0,1400
JUSTDIAL30Jan20520CE.NFO,07/01/2020,12:29:51,46,44.4,1400,47,7000,0,1400
JUSTDIAL30Jan20520CE.NFO,07/01/2020,12:29:56,46,44.55,1400,46.8,1400,0,1400
JUSTDIAL30Jan20520CE.NFO,07/01/2020,12:30:05,46,43.95,7000,46.7,1400,0,1400
JUSTDIAL30Jan20520CE.NFO,07/01/2020,12:30:11,46,44.05,4200,46.6,1400,0,1400
JUSTDIAL30Jan20520CE.NFO,07/01/2020,12:30:22,46,44.25,1400,46.4,1400,0,1400
JUSTDIAL30Jan20520CE.NFO,07/01/2020,12:30:27,46,44.35,1400,46.65,1400,0,1400
JUSTDIAL30Jan20520CE.NFO,07/01/2020,12:30:37,46,44.65,1400,47.05,7000,0,1400
JUSTDIAL30Jan20520CE.NFO,07/01/2020,12:30:45,46,44.75,1400,47.05,7000,0,1400
JUSTDIAL30Jan20520CE.NFO,07/01/2020,12:30:49,46,44.9,1400,47.05,7000,0,1400
JUSTDIAL30Jan20520CE.NFO,07/01/2020,12:30:58,46,45,1400,47.05,7000,0,1400
JUSTDIAL30Jan20520CE.NFO,07/01/2020,12:31:03,46,44.75,1400,46.75,1400,0,1400
JUSTDIAL30Jan20520CE.NFO,07/01/2020,12:31:07,46,44.75,1400,46.8,2800,0,1400
JUSTDIAL30Jan20520CE.NFO,07/01/2020,12:31:45,46,44.75,2800,46.7,2800,0,1400
JUSTDIAL30Jan20520CE.NFO,07/01/2020,12:31:48,46,44.15,2800,47.05,7000,0,1400
JUSTDIAL30Jan20520CE.NFO,07/01/2020,12:31:52,46,44.35,1400,46.85,7000,0,1400
JUSTDIAL30Jan20520CE.NFO,07/01/2020,12:31:59,46,44.55,2800,46.55,8400,0,1400
JUSTDIAL30Jan20520CE.NFO,07/01/2020,12:32:12,46,44.55,2800,46.55,2800,0,1400
JUSTDIAL30Jan20520CE.NFO,07/01/2020,12:32:15,46,43.8,1400,46.35,7000,0,1400
JUSTDIAL30Jan20520CE.NFO,07/01/2020,12:32:18,46,43.8,1400,46.1,1400,0,1400
JUSTDIAL30Jan20520CE.NFO,07/01/2020,12:32:22,46,43.5,19600,46.1,1400,0,1400
JUSTDIAL30Jan20520CE.NFO,07/01/2020,12:32:25,46,43.95,1400,45.9,1400,0,1400
JUSTDIAL30Jan20520CE.NFO,07/01/2020,12:32:29,46,44.05,1400,45.9,1400,0,1400
JUSTDIAL30Jan20520CE.NFO,07/01/2020,12:32:34,46,42.3,1400,45,9800,0,1400
JUSTDIAL30Jan20520CE.NFO,07/01/2020,12:32:41,46,42.1,4200,46.15,11200,0,1400
JUSTDIAL30Jan20520CE.NFO,07/01/2020,12:32:45,46,42.55,1400,46.15,11200,0,1400
JUSTDIAL30Jan20520CE.NFO,07/01/2020,12:32:49,46,42.35,1400,46.15,14000,0,1400
JUSTDIAL30Jan20520CE.NFO,07/01/2020,12:32:57,46,42.3,1400,46.15,14000,0,1400
JUSTDIAL30Jan20520CE.NFO,07/01/2020,12:33:01,46,42.45,1400,46.15,14000,0,1400
JUSTDIAL30Jan20520CE.NFO,07/01/2020,12:33:06,46,42.6,1400,46.15,14000,0,1400
JUSTDIAL30Jan20520CE.NFO,07/01/2020,12:33:10,46,42.75,1400,46.15,14000,0,1400
JUSTDIAL30Jan20520CE.NFO,07/01/2020,12:33:15,46,42.05,1400,46.15,16800,0,1400
JUSTDIAL30Jan20520CE.NFO,07/01/2020,12:33:19,46,42.5,1400,46.15,14000,0,1400
JUSTDIAL30Jan20520CE.NFO,07/01/2020,12:33:22,46,42.75,1400,46.15,14000,0,1400
JUSTDIAL30Jan20520CE.NFO,07/01/2020,12:33:25,46,42.85,1400,46.15,14000,0,1400
JUSTDIAL30Jan20520CE.NFO,07/01/2020,12:33:29,46,42.95,1400,46.15,14000,0,1400
JUSTDIAL30Jan20520CE.NFO,07/01/2020,12:33:35,46,42.7,1400,46.15,14000,0,1400
JUSTDIAL30Jan20520CE.NFO,07/01/2020,12:33:38,46,42.85,1400,46.15,14000,0,1400
JUSTDIAL30Jan20520CE.NFO,07/01/2020,12:33:51,46,42.95,1400,46.15,14000,0,1400
JUSTDIAL30Jan20520CE.NFO,07/01/2020,12:33:57,46,43.05,1400,46.15,14000,0,1400
JUSTDIAL30Jan20520CE.NFO,07/01/2020,12:34:01,46,43.15,1400,46.15,14000,0,1400
JUSTDIAL30Jan20520CE.NFO,07/01/2020,12:34:06,46,42.7,1400,46.15,14000,0,1400
JUSTDIAL30Jan20520CE.NFO,07/01/2020,12:34:10,46,42.9,2800,46.15,14000,0,1400
JUSTDIAL30Jan20520CE.NFO,07/01/2020,12:34:13,46,43,1400,46.15,14000,0,1400
JUSTDIAL30Jan20520CE.NFO,07/01/2020,12:34:16,46,42.7,1400,46.15,14000,0,1400
JUSTDIAL30Jan20520CE.NFO,07/01/2020,12:34:20,46,43,1400,46.15,14000,0,1400
JUSTDIAL30Jan20520CE.NFO,07/01/2020,12:34:23,46,43.1,1400,46.15,14000,0,1400
JUSTDIAL30Jan20520CE.NFO,07/01/2020,12:34:26,46,42.7,1400,46.15,14000,0,1400
JUSTDIAL30Jan20520CE.NFO,07/01/2020,12:34:30,46,42.75,1400,46.15,14000,0,1400
JUSTDIAL30Jan20520CE.NFO,07/01/2020,12:34:36,46,43.15,1400,46.15,14000,0,1400
JUSTDIAL30Jan20520CE.NFO,07/01/2020,12:34:40,46,43.25,1400,46.15,14000,0,1400
JUSTDIAL30Jan20520CE.NFO,07/01/2020,12:34:44,46,43.35,1400,46.15,14000,0,1400
JUSTDIAL30Jan20520CE.NFO,07/01/2020,12:34:47,46,42.95,1400,46.15,14000,0,1400
JUSTDIAL30Jan20520CE.NFO,07/01/2020,12:34:51,46,43.05,1400,46.15,14000,0,1400
JUSTDIAL30Jan20520CE.NFO,07/01/2020,12:34:54,46,43.3,1400,46.15,14000,0,1400
JUSTDIAL30Jan20520CE.NFO,07/01/2020,12:34:57,46,42.75,4200,46.15,14000,0,1400
JUSTDIAL30Jan20520CE.NFO,07/01/2020,12:35:00,46,42.85,1400,46.15,14000,0,1400
JUSTDIAL30Jan20520CE.NFO,07/01/2020,12:35:04,46,42.95,1400,45.8,7000,0,1400
JUSTDIAL30Jan20520CE.NFO,07/01/2020,12:35:07,46,43.05,1400,45.6,4200,0,1400
JUSTDIAL30Jan20520CE.NFO,07/01/2020,12:35:09,46,43.15,1400,45.6,7000,0,1400
JUSTDIAL30Jan20520CE.NFO,07/01/2020,12:35:15,46,43.25,1400,45.5,4200,0,1400
JUSTDIAL30Jan20520CE.NFO,07/01/2020,12:35:20,46,43.45,1400,45.5,4200,0,1400
JUSTDIAL30Jan20520CE.NFO,07/01/2020,12:35:24,46,43.55,1400,45.5,4200,0,1400
JUSTDIAL30Jan20520CE.NFO,07/01/2020,12:35:26,46,43.55,2800,45.5,1400,0,1400
JUSTDIAL30Jan20520CE.NFO,07/01/2020,12:35:29,46,42.95,5600,45.5,1400,0,1400
JUSTDIAL30Jan20520CE.NFO,07/01/2020,12:35:33,46,43.05,1400,45.5,4200,0,1400
JUSTDIAL30Jan20520CE.NFO,07/01/2020,12:35:38,46,43.15,1400,45.5,4200,0,1400
JUSTDIAL30Jan20520CE.NFO,07/01/2020,12:35:41,46,43.4,1400,45.5,4200,0,1400
JUSTDIAL30Jan20520CE.NFO,07/01/2020,12:35:45,46,43.45,1400,45.5,4200,0,1400
JUSTDIAL30Jan20520CE.NFO,07/01/2020,12:35:49,46,43,1400,45.4,4200,0,1400
JUSTDIAL30Jan20520CE.NFO,07/01/2020,12:35:52,46,43.1,1400,45.4,4200,0,1400
JUSTDIAL30Jan20520CE.NFO,07/01/2020,12:35:56,46,43.3,1400,45.4,4200,0,1400
JUSTDIAL30Jan20520CE.NFO,07/01/2020,12:35:59,46,43.3,2800,45.8,7000,0,1400
JUSTDIAL30Jan20520CE.NFO,07/01/2020,12:36:03,46,43.5,1400,45.55,7000,0,1400
JUSTDIAL30Jan20520CE.NFO,07/01/2020,12:36:06,46,43.5,1400,45.55,1400,0,1400
JUSTDIAL30Jan20520CE.NFO,07/01/2020,12:36:09,46,42.85,5600,45.55,1400,0,1400
JUSTDIAL30Jan20520CE.NFO,07/01/2020,12:36:11,46,42.95,1400,45.55,7000,0,1400
JUSTDIAL30Jan20520CE.NFO,07/01/2020,12:36:15,46,43.05,1400,45.55,4200,0,1400
JUSTDIAL30Jan20520CE.NFO,07/01/2020,12:36:22,46,43.25,1400,45.45,4200,0,1400
JUSTDIAL30Jan20520CE.NFO,07/01/2020,12:36:27,46,43.35,1400,45.45,4200,0,1400
JUSTDIAL30Jan20520CE.NFO,07/01/2020,12:36:31,46,43.35,2800,45.45,4200,0,1400
JUSTDIAL30Jan20520CE.NFO,07/01/2020,12:36:34,46,43.35,2800,45.45,7000,0,1400
JUSTDIAL30Jan20520CE.NFO,07/01/2020,12:36:41,46,43.35,2800,45.45,1400,0,1400
JUSTDIAL30Jan20520CE.NFO,07/01/2020,12:37:00,46,43.4,1400,45.45,1400,0,1400
JUSTDIAL30Jan20520CE.NFO,07/01/2020,12:37:05,46,43.1,1400,45.55,5600,0,1400
JUSTDIAL30Jan20520CE.NFO,07/01/2020,12:37:08,46,43.35,1400,45.5,7000,0,1400
JUSTDIAL30Jan20520CE.NFO,07/01/2020,12:37:11,46,42.85,1400,45.3,5600,0,1400
JUSTDIAL30Jan20520CE.NFO,07/01/2020,12:37:13,46,43,1400,45.25,4200,0,1400
JUSTDIAL30Jan20520CE.NFO,07/01/2020,12:37:18,46,43.1,1400,45.2,1400,0,1400
JUSTDIAL30Jan20520CE.NFO,07/01/2020,12:37:21,46,43.2,1400,45.15,1400,0,1400
JUSTDIAL30Jan20520CE.NFO,07/01/2020,12:37:26,46,42.9,1400,45.15,1400,0,1400
JUSTDIAL30Jan20520CE.NFO,07/01/2020,12:37:32,46,43,1400,45.15,1400,0,1400
JUSTDIAL30Jan20520CE.NFO,07/01/2020,12:37:35,46,43.1,1400,45.15,1400,0,1400
JUSTDIAL30Jan20520CE.NFO,07/01/2020,12:37:39,46,43.2,1400,45.15,1400,0,1400
JUSTDIAL30Jan20520CE.NFO,07/01/2020,12:37:43,46,43.2,2800,45.15,1400,0,1400
JUSTDIAL30Jan20520CE.NFO,07/01/2020,12:37:51,46,43.3,1400,46.2,22400,0,1400
JUSTDIAL30Jan20520CE.NFO,07/01/2020,12:37:53,46,43.4,1400,45.75,8400,0,1400
JUSTDIAL30Jan20520CE.NFO,07/01/2020,12:37:57,46,43.45,1400,45.6,7000,0,1400
JUSTDIAL30Jan20520CE.NFO,07/01/2020,12:37:59,46,43,2800,45.6,7000,0,1400
JUSTDIAL30Jan20520CE.NFO,07/01/2020,12:38:02,46,43.25,1400,45.6,7000,0,1400
JUSTDIAL30Jan20520CE.NFO,07/01/2020,12:38:06,46,43.5,1400,45.6,4200,0,1400
JUSTDIAL30Jan20520CE.NFO,07/01/2020,12:38:11,46,42.95,9800,45.6,1400,0,1400
JUSTDIAL30Jan20520CE.NFO,07/01/2020,12:38:15,46,43.5,1400,45.6,1400,0,1400
JUSTDIAL30Jan20520CE.NFO,07/01/2020,12:38:19,46,43.6,1400,45.6,1400,0,1400
JUSTDIAL30Jan20520CE.NFO,07/01/2020,12:38:27,46,43.7,1400,45.6,1400,0,1400
JUSTDIAL30Jan20520CE.NFO,07/01/2020,12:38:30,46,43.75,1400,45.6,1400,0,1400
JUSTDIAL30Jan20520CE.NFO,07/01/2020,12:38:34,46,43.85,1400,45.6,1400,0,1400
JUSTDIAL30Jan20520CE.NFO,07/01/2020,12:38:38,46,43.9,1400,45.6,1400,0,1400
JUSTDIAL30Jan20520CE.NFO,07/01/2020,12:38:54,46,43.6,2800,45.6,1400,0,1400
JUSTDIAL30Jan20520CE.NFO,07/01/2020,12:38:58,46,43.75,1400,45.6,1400,0,1400
JUSTDIAL30Jan20520CE.NFO,07/01/2020,12:39:02,46,43.85,1400,45.6,1400,0,1400
JUSTDIAL30Jan20520CE.NFO,07/01/2020,12:39:05,46,43.95,1400,45.6,1400,0,1400
JUSTDIAL30Jan20520CE.NFO,07/01/2020,12:39:07,46,43.45,4200,45.6,1400,0,1400
JUSTDIAL30Jan20520CE.NFO,07/01/2020,12:39:10,46,43.6,1400,45.6,1400,0,1400
JUSTDIAL30Jan20520CE.NFO,07/01/2020,12:39:14,46,43.4,1400,46,7000,0,1400
JUSTDIAL30Jan20520CE.NFO,07/01/2020,12:39:17,46,42.75,11200,45.9,7000,0,1400
JUSTDIAL30Jan20520CE.NFO,07/01/2020,12:39:21,46,43.35,4200,45.9,4200,0,1400
JUSTDIAL30Jan20520CE.NFO,07/01/2020,12:39:25,46,43.3,4200,45.9,4200,0,1400
JUSTDIAL30Jan20520CE.NFO,07/01/2020,12:39:28,46,43.7,1400,45.9,4200,0,1400
JUSTDIAL30Jan20520CE.NFO,07/01/2020,12:39:32,46,43.4,4200,45.9,4200,0,1400
JUSTDIAL30Jan20520CE.NFO,07/01/2020,12:39:35,46,43.6,1400,45.9,1400,0,1400
JUSTDIAL30Jan20520CE.NFO,07/01/2020,12:39:38,46,43.3,1400,45.9,1400,0,1400
JUSTDIAL30Jan20520CE.NFO,07/01/2020,12:39:40,46,43.45,1400,45.9,1400,0,1400
JUSTDIAL30Jan20520CE.NFO,07/01/2020,12:39:43,46,43.55,1400,45.9,1400,0,1400
JUSTDIAL30Jan20520CE.NFO,07/01/2020,12:39:45,46,43.25,1400,45.9,1400,0,1400
JUSTDIAL30Jan20520CE.NFO,07/01/2020,12:39:47,46,43.45,1400,45.9,1400,0,1400
JUSTDIAL30Jan20520CE.NFO,07/01/2020,12:39:49,46,43.65,1400,45.9,1400,0,1400
JUSTDIAL30Jan20520CE.NFO,07/01/2020,12:39:52,46,43.55,1400,45.9,7000,0,1400
JUSTDIAL30Jan20520CE.NFO,07/01/2020,12:39:55,46,42.8,4200,45.9,7000,0,1400
JUSTDIAL30Jan20520CE.NFO,07/01/2020,12:39:59,46,43.15,1400,45.9,4200,0,1400
JUSTDIAL30Jan20520CE.NFO,07/01/2020,12:40:04,46,43.15,4200,45.9,4200,0,1400
JUSTDIAL30Jan20520CE.NFO,07/01/2020,12:40:11,46,43.25,1400,45.9,7000,0,1400
JUSTDIAL30Jan20520CE.NFO,07/01/2020,12:40:13,46,43.35,1400,45.9,7000,0,1400
JUSTDIAL30Jan20520CE.NFO,07/01/2020,12:40:16,46,42.85,4200,45.9,7000,0,1400
JUSTDIAL30Jan20520CE.NFO,07/01/2020,12:40:19,46,43.05,7000,45.9,7000,0,1400
JUSTDIAL30Jan20520CE.NFO,07/01/2020,12:40:22,46,43.3,1400,45.9,4200,0,1400
JUSTDIAL30Jan20520CE.NFO,07/01/2020,12:40:25,46,43.4,1400,45.9,4200,0,1400
JUSTDIAL30Jan20520CE.NFO,07/01/2020,12:40:32,46,43.5,1400,45.9,4200,0,1400
JUSTDIAL30Jan20520CE.NFO,07/01/2020,12:40:35,46,43.6,1400,45.9,4200,0,1400
JUSTDIAL30Jan20520CE.NFO,07/01/2020,12:40:39,46,42.75,11200,45.9,4200,0,1400
JUSTDIAL30Jan20520CE.NFO,07/01/2020,12:40:46,46,42.75,11200,45.9,2800,0,1400
JUSTDIAL30Jan20520CE.NFO,07/01/2020,12:40:49,46,43.2,4200,45.85,1400,0,1400
JUSTDIAL30Jan20520CE.NFO,07/01/2020,12:40:56,46,43.3,1400,45.85,4200,0,1400
JUSTDIAL30Jan20520CE.NFO,07/01/2020,12:40:59,46,43.45,1400,45.85,4200,0,1400
JUSTDIAL30Jan20520CE.NFO,07/01/2020,12:41:04,46,43.4,1400,45.85,7000,0,1400
JUSTDIAL30Jan20520CE.NFO,07/01/2020,12:41:08,46,43.05,4200,45.85,7000,0,1400
JUSTDIAL30Jan20520CE.NFO,07/01/2020,12:41:11,46,43.15,4200,45.85,4200,0,1400
JUSTDIAL30Jan20520CE.NFO,07/01/2020,12:41:17,46,43.25,1400,45.85,4200,0,1400
JUSTDIAL30Jan20520CE.NFO,07/01/2020,12:41:20,46,43.35,1400,45.85,4200,0,1400
JUSTDIAL30Jan20520CE.NFO,07/01/2020,12:41:23,46,43.45,1400,45.85,7000,0,1400
JUSTDIAL30Jan20520CE.NFO,07/01/2020,12:41:30,46,43.6,1400,45.85,4200,0,1400
JUSTDIAL30Jan20520CE.NFO,07/01/2020,12:41:34,46,43.2,4200,45.85,4200,0,1400
JUSTDIAL30Jan20520CE.NFO,07/01/2020,12:42:04,46,43.2,1400,45.85,1400,0,1400
JUSTDIAL30Jan20520CE.NFO,07/01/2020,12:42:07,46,43.2,1400,45.85,4200,0,1400
JUSTDIAL30Jan20520CE.NFO,07/01/2020,12:42:17,46,43.2,4200,45.85,4200,0,1400
JUSTDIAL30Jan20520CE.NFO,07/01/2020,12:42:22,46,43.4,1400,45.85,4200,0,1400
JUSTDIAL30Jan20520CE.NFO,07/01/2020,12:42:27,46,43.4,1400,45.85,7000,0,1400
JUSTDIAL30Jan20520CE.NFO,07/01/2020,12:42:29,46,43.4,1400,45.85,4200,0,1400
JUSTDIAL30Jan20520CE.NFO,07/01/2020,12:42:41,46,42.85,4200,45.5,7000,0,1400
JUSTDIAL30Jan20520CE.NFO,07/01/2020,12:42:46,46,43.1,1400,45.5,4200,0,1400
JUSTDIAL30Jan20520CE.NFO,07/01/2020,12:43:01,46,43.3,1400,45.5,4200,0,1400
JUSTDIAL30Jan20520CE.NFO,07/01/2020,12:43:10,46,43.4,1400,45.5,4200,0,1400
JUSTDIAL30Jan20520CE.NFO,07/01/2020,12:43:16,46,42.9,4200,45.4,1400,0,1400
JUSTDIAL30Jan20520CE.NFO,07/01/2020,12:43:26,46,43.05,1400,45.4,1400,0,1400
JUSTDIAL30Jan20520CE.NFO,07/01/2020,12:43:29,46,42.95,2800,45.4,1400,0,1400
JUSTDIAL30Jan20520CE.NFO,07/01/2020,12:43:31,46,43.1,1400,45.4,1400,0,1400
JUSTDIAL30Jan20520CE.NFO,07/01/2020,12:43:34,46,43.2,1400,45.4,4200,0,1400
JUSTDIAL30Jan20520CE.NFO,07/01/2020,12:43:39,46,43.3,1400,45.4,7000,0,1400
JUSTDIAL30Jan20520CE.NFO,07/01/2020,12:43:47,46,43.3,1400,45.3,1400,0,1400
JUSTDIAL30Jan20520CE.NFO,07/01/2020,12:43:51,46,43.3,2800,45.3,1400,0,1400
JUSTDIAL30Jan20520CE.NFO,07/01/2020,12:44:02,46,43.4,1400,45.3,1400,0,1400
JUSTDIAL30Jan20520CE.NFO,07/01/2020,12:44:06,46,43.4,2800,45.3,1400,0,1400
JUSTDIAL30Jan20520CE.NFO,07/01/2020,12:44:11,46,43.5,1400,45.3,1400,0,1400
JUSTDIAL30Jan20520CE.NFO,07/01/2020,12:44:15,46,43.25,1400,45.3,1400,0,1400
JUSTDIAL30Jan20520CE.NFO,07/01/2020,12:44:18,46,43.3,1400,45.3,1400,0,1400
JUSTDIAL30Jan20520CE.NFO,07/01/2020,12:44:22,46,43.75,1400,46,7000,0,1400
JUSTDIAL30Jan20520CE.NFO,07/01/2020,12:44:26,46,43.8,1400,46,7000,0,1400
JUSTDIAL30Jan20520CE.NFO,07/01/2020,12:44:30,46,42.8,16800,46,7000,0,1400
JUSTDIAL30Jan20520CE.NFO,07/01/2020,12:44:33,46,43.3,2800,45.95,4200,0,1400
JUSTDIAL30Jan20520CE.NFO,07/01/2020,12:44:37,46,43.55,1400,45.9,1400,0,1400
JUSTDIAL30Jan20520CE.NFO,07/01/2020,12:45:09,46,43.65,1400,45.9,1400,0,1400
JUSTDIAL30Jan20520CE.NFO,07/01/2020,12:45:14,46,43.4,1400,46.6,12600,0,1400
JUSTDIAL30Jan20520CE.NFO,07/01/2020,12:45:17,46,43.55,1400,46.45,15400,0,1400
JUSTDIAL30Jan20520CE.NFO,07/01/2020,12:45:18,46,43.6,1400,46.15,7000,0,1400
JUSTDIAL30Jan20520CE.NFO,07/01/2020,12:45:20,46,43.7,1400,46.15,7000,0,1400
JUSTDIAL30Jan20520CE.NFO,07/01/2020,12:45:22,46,43.4,1400,46.15,7000,0,1400
JUSTDIAL30Jan20520CE.NFO,07/01/2020,12:45:24,46,43.45,5600,46.15,7000,0,1400
JUSTDIAL30Jan20520CE.NFO,07/01/2020,12:45:25,46,43.55,1400,46.15,7000,0,1400
JUSTDIAL30Jan20520CE.NFO,07/01/2020,12:45:28,46,43.7,1400,46.15,7000,0,1400
JUSTDIAL30Jan20520CE.NFO,07/01/2020,12:45:30,46,43.8,1400,46.1,4200,0,1400
JUSTDIAL30Jan20520CE.NFO,07/01/2020,12:45:32,46,43.9,1400,46.1,4200,0,1400
JUSTDIAL30Jan20520CE.NFO,07/01/2020,12:45:34,46,43.6,1400,46.1,4200,0,1400
JUSTDIAL30Jan20520CE.NFO,07/01/2020,12:45:37,46,43.6,1400,46.1,2800,0,1400
JUSTDIAL30Jan20520CE.NFO,07/01/2020,12:45:39,46,43.7,1400,46.05,1400,0,1400
JUSTDIAL30Jan20520CE.NFO,07/01/2020,12:45:41,46,43.4,1400,46.05,7000,0,1400
JUSTDIAL30Jan20520CE.NFO,07/01/2020,12:45:43,46,43.55,1400,46.05,7000,0,1400
JUSTDIAL30Jan20520CE.NFO,07/01/2020,12:45:49,46,43.6,1400,46.05,1400,0,1400
JUSTDIAL30Jan20520CE.NFO,07/01/2020,12:45:56,46,43.85,1400,46.05,1400,0,1400
JUSTDIAL30Jan20520CE.NFO,07/01/2020,12:46:01,46,43.7,1400,46.05,1400,0,1400
JUSTDIAL30Jan20520CE.NFO,07/01/2020,12:46:05,46,43.8,1400,46.05,1400,0,1400
JUSTDIAL30Jan20520CE.NFO,07/01/2020,12:46:21,46,43.7,4200,47.2,14000,0,1400
JUSTDIAL30Jan20520CE.NFO,07/01/2020,12:46:26,46,43.9,1400,47.2,14000,0,1400
JUSTDIAL30Jan20520CE.NFO,07/01/2020,12:46:31,46,44,1400,47.2,14000,0,1400
JUSTDIAL30Jan20520CE.NFO,07/01/2020,12:46:34,46,43.6,4200,47.2,16800,0,1400
JUSTDIAL30Jan20520CE.NFO,07/01/2020,12:46:37,46,43.75,4200,47.2,16800,0,1400
JUSTDIAL30Jan20520CE.NFO,07/01/2020,12:46:41,46,43.85,1400,47.2,16800,0,1400
JUSTDIAL30Jan20520CE.NFO,07/01/2020,12:46:44,46,43.95,1400,47.2,16800,0,1400
JUSTDIAL30Jan20520CE.NFO,07/01/2020,12:46:47,46,43.55,4200,47.2,16800,0,1400
JUSTDIAL30Jan20520CE.NFO,07/01/2020,12:46:51,46,43.75,1400,47.2,16800,0,1400
JUSTDIAL30Jan20520CE.NFO,07/01/2020,12:46:55,46,43.95,1400,47.2,16800,0,1400
JUSTDIAL30Jan20520CE.NFO,07/01/2020,12:46:58,46,44.05,1400,47.2,16800,0,1400
JUSTDIAL30Jan20520CE.NFO,07/01/2020,12:47:35,46,43.75,1400,47.2,16800,0,1400
JUSTDIAL30Jan20520CE.NFO,07/01/2020,12:47:38,46,44.05,1400,47.2,16800,0,1400
JUSTDIAL30Jan20520CE.NFO,07/01/2020,12:47:49,46,44.05,1400,46.3,7000,0,1400
JUSTDIAL30Jan20520CE.NFO,07/01/2020,12:47:53,46,44.05,1400,46.3,4200,0,1400
JUSTDIAL30Jan20520CE.NFO,07/01/2020,12:48:00,46,44.15,1400,46.3,1400,0,1400
JUSTDIAL30Jan20520CE.NFO,07/01/2020,12:48:16,46,44.3,2800,46.3,1400,0,1400
JUSTDIAL30Jan20520CE.NFO,07/01/2020,12:48:23,46,44.1,1400,46.9,9800,0,1400
JUSTDIAL30Jan20520CE.NFO,07/01/2020,12:48:28,46,44.2,1400,46.9,9800,0,1400
JUSTDIAL30Jan20520CE.NFO,07/01/2020,12:48:34,46,43.85,4200,46.7,7000,0,1400
JUSTDIAL30Jan20520CE.NFO,07/01/2020,12:48:38,46,44.1,1400,46.45,1400,0,1400
JUSTDIAL30Jan20520CE.NFO,07/01/2020,12:48:43,46,44.15,1400,46.45,1400,0,1400
JUSTDIAL30Jan20520CE.NFO,07/01/2020,12:49:05,46,43.3,5600,47.25,26600,0,1400
JUSTDIAL30Jan20520CE.NFO,07/01/2020,12:49:10,46,43.75,1400,47.05,15400,0,1400
JUSTDIAL30Jan20520CE.NFO,07/01/2020,12:49:15,46,43.9,1400,46.65,15400,0,1400
JUSTDIAL30Jan20520CE.NFO,07/01/2020,12:49:19,46,43.9,1400,46.4,12600,0,1400
JUSTDIAL30Jan20520CE.NFO,07/01/2020,12:49:23,46,43.9,1400,46.4,9800,0,1400
JUSTDIAL30Jan20520CE.NFO,07/01/2020,12:49:27,46,43.9,1400,46.3,9800,0,1400
JUSTDIAL30Jan20520CE.NFO,07/01/2020,12:49:34,46,43.35,1400,46.1,7000,0,1400
JUSTDIAL30Jan20520CE.NFO,07/01/2020,12:49:40,46,43.45,1400,46.1,7000,0,1400
JUSTDIAL30Jan20520CE.NFO,07/01/2020,12:49:45,46,43.55,1400,46.1,7000,0,1400
JUSTDIAL30Jan20520CE.NFO,07/01/2020,12:49:48,46,43.65,1400,46.1,7000,0,1400
JUSTDIAL30Jan20520CE.NFO,07/01/2020,12:49:51,46,43.75,1400,46.1,7000,0,1400
JUSTDIAL30Jan20520CE.NFO,07/01/2020,12:49:57,46,43.8,1400,46.1,7000,0,1400
JUSTDIAL30Jan20520CE.NFO,07/01/2020,12:50:08,46,43.9,1400,46.1,7000,0,1400
JUSTDIAL30Jan20520CE.NFO,07/01/2020,12:50:12,46,43.4,4200,46.1,7000,0,1400
JUSTDIAL30Jan20520CE.NFO,07/01/2020,12:50:15,46,43.5,1400,46.1,7000,0,1400
JUSTDIAL30Jan20520CE.NFO,07/01/2020,12:50:18,46,43.7,1400,46.1,7000,0,1400
JUSTDIAL30Jan20520CE.NFO,07/01/2020,12:50:58,46,43.8,1400,46.35,1400,0,1400
JUSTDIAL30Jan20520CE.NFO,07/01/2020,12:51:08,46,43.9,1400,47.35,16800,0,1400
JUSTDIAL30Jan20520CE.NFO,07/01/2020,12:51:11,46,44,1400,47.35,16800,0,1400
JUSTDIAL30Jan20520CE.NFO,07/01/2020,12:51:30,46,44.1,1400,47.35,16800,0,1400
JUSTDIAL30Jan20520CE.NFO,07/01/2020,12:51:33,46,44.2,1400,47.35,16800,0,1400
JUSTDIAL30Jan20520CE.NFO,07/01/2020,12:51:39,46,44.3,1400,46.65,9800,0,1400
JUSTDIAL30Jan20520CE.NFO,07/01/2020,12:51:45,46,43.5,15400,46.65,9800,0,1400
JUSTDIAL30Jan20520CE.NFO,07/01/2020,12:51:48,46,43.9,1400,46.65,9800,0,1400
JUSTDIAL30Jan20520CE.NFO,07/01/2020,12:51:51,46,44.05,1400,46.65,9800,0,1400
JUSTDIAL30Jan20520CE.NFO,07/01/2020,12:51:54,46,44.1,1400,46.65,9800,0,1400
JUSTDIAL30Jan20520CE.NFO,07/01/2020,12:51:57,46,44.2,1400,46.65,9800,0,1400
JUSTDIAL30Jan20520CE.NFO,07/01/2020,12:52:01,46,44.4,1400,46.65,7000,0,1400
JUSTDIAL30Jan20520CE.NFO,07/01/2020,12:52:03,46,44.45,1400,46.65,7000,0,1400
JUSTDIAL30Jan20520CE.NFO,07/01/2020,12:52:11,46,43.75,5600,46.65,9800,0,1400
JUSTDIAL30Jan20520CE.NFO,07/01/2020,12:52:14,46,43.85,1400,46.55,9800,0,1400
JUSTDIAL30Jan20520CE.NFO,07/01/2020,12:52:23,46,44.05,1400,46.45,9800,0,1400
JUSTDIAL30Jan20520CE.NFO,07/01/2020,12:52:27,46,43.75,1400,46.35,7000,0,1400
JUSTDIAL30Jan20520CE.NFO,07/01/2020,12:52:30,46,44,1400,46.35,7000,0,1400
JUSTDIAL30Jan20520CE.NFO,07/01/2020,12:52:37,46,44.1,1400,46.35,7000,0,1400
JUSTDIAL30Jan20520CE.NFO,07/01/2020,12:52:40,46,44.2,1400,46.35,7000,0,1400
JUSTDIAL30Jan20520CE.NFO,07/01/2020,12:52:44,46,43.75,1400,46.35,7000,0,1400
JUSTDIAL30Jan20520CE.NFO,07/01/2020,12:52:48,46,44,1400,46.35,7000,0,1400
JUSTDIAL30Jan20520CE.NFO,07/01/2020,12:52:51,46,44.1,1400,46.35,7000,0,1400
JUSTDIAL30Jan20520CE.NFO,07/01/2020,12:53:15,46,43.75,1400,46.35,4200,0,1400
JUSTDIAL30Jan20520CE.NFO,07/01/2020,12:53:19,46,43.85,1400,46.35,4200,0,1400
JUSTDIAL30Jan20520CE.NFO,07/01/2020,12:53:23,46,43.95,1400,46.35,4200,0,1400
JUSTDIAL30Jan20520CE.NFO,07/01/2020,12:53:29,46,44.05,1400,46.35,4200,0,1400
JUSTDIAL30Jan20520CE.NFO,07/01/2020,12:53:33,46,44.15,1400,46.35,4200,0,1400
JUSTDIAL30Jan20520CE.NFO,07/01/2020,12:53:47,46,44.25,1400,46.35,1400,0,1400
JUSTDIAL30Jan20520CE.NFO,07/01/2020,12:53:51,46,44.25,2800,46.35,4200,0,1400
JUSTDIAL30Jan20520CE.NFO,07/01/2020,12:54:08,46,43.85,1400,46.35,4200,0,1400
JUSTDIAL30Jan20520CE.NFO,07/01/2020,12:54:11,46,43.95,1400,46.35,4200,0,1400
JUSTDIAL30Jan20520CE.NFO,07/01/2020,12:54:15,46,44.05,1400,46.35,4200,0,1400
JUSTDIAL30Jan20520CE.NFO,07/01/2020,12:54:19,46,44.15,1400,46.35,4200,0,1400
JUSTDIAL30Jan20520CE.NFO,07/01/2020,12:54:27,46,43.85,1400,46.35,4200,0,1400
JUSTDIAL30Jan20520CE.NFO,07/01/2020,12:54:31,46,43.75,1400,46.25,4200,0,1400
JUSTDIAL30Jan20520CE.NFO,07/01/2020,12:54:40,46,43.85,1400,46.25,1400,0,1400
JUSTDIAL30Jan20520CE.NFO,07/01/2020,12:54:43,46,43.95,1400,46.25,1400,0,1400
JUSTDIAL30Jan20520CE.NFO,07/01/2020,12:54:45,46,44.05,2800,46.15,1400,0,1400
JUSTDIAL30Jan20520CE.NFO,07/01/2020,12:55:02,46,44.15,1400,46.15,1400,0,1400
JUSTDIAL30Jan20520CE.NFO,07/01/2020,12:55:06,46,44.15,2800,46.15,1400,0,1400
JUSTDIAL30Jan20520CE.NFO,07/01/2020,12:55:48,46,44.25,1400,46.15,1400,0,1400
JUSTDIAL30Jan20520CE.NFO,07/01/2020,12:55:56,46,44.3,2800,46.15,1400,0,1400
JUSTDIAL30Jan20520CE.NFO,07/01/2020,12:55:59,46,44.3,2800,46.8,9800,0,1400
JUSTDIAL30Jan20520CE.NFO,07/01/2020,12:56:17,46,43.55,9800,46.8,9800,0,1400
JUSTDIAL30Jan20520CE.NFO,07/01/2020,12:56:21,46,43.8,1400,46.8,9800,0,1400
JUSTDIAL30Jan20520CE.NFO,07/01/2020,12:56:25,46,43.9,1400,46.8,9800,0,1400
JUSTDIAL30Jan20520CE.NFO,07/01/2020,12:56:29,46,44,1400,46.8,9800,0,1400
JUSTDIAL30Jan20520CE.NFO,07/01/2020,12:56:42,46,44.2,1400,46.7,9800,0,1400
JUSTDIAL30Jan20520CE.NFO,07/01/2020,12:57:03,46,44.25,1400,46.7,9800,0,1400
JUSTDIAL30Jan20520CE.NFO,07/01/2020,12:57:22,46,44.25,1400,46.6,7000,0,1400
JUSTDIAL30Jan20520CE.NFO,07/01/2020,12:57:27,46,43.85,1400,46.35,7000,0,1400
JUSTDIAL30Jan20520CE.NFO,07/01/2020,12:57:31,46,43.5,2800,46.05,4200,0,1400
JUSTDIAL30Jan20520CE.NFO,07/01/2020,12:57:35,46,43.15,7000,46.1,2800,0,1400
JUSTDIAL30Jan20520CE.NFO,07/01/2020,12:57:40,46,43.35,4200,46.1,5600,0,1400
JUSTDIAL30Jan20520CE.NFO,07/01/2020,12:57:46,46,43.4,2800,46.05,4200,0,1400
JUSTDIAL30Jan20520CE.NFO,07/01/2020,12:57:52,46,43.45,4200,46.05,4200,0,1400
JUSTDIAL30Jan20520CE.NFO,07/01/2020,12:57:56,46,43.15,8400,46.05,4200,0,1400
JUSTDIAL30Jan20520CE.NFO,07/01/2020,12:58:00,46,43.15,5600,46.05,4200,0,1400
JUSTDIAL30Jan20520CE.NFO,07/01/2020,12:58:09,46,43.35,4200,46.05,4200,0,1400
JUSTDIAL30Jan20520CE.NFO,07/01/2020,12:58:15,46,43.4,1400,46.05,4200,0,1400
JUSTDIAL30Jan20520CE.NFO,07/01/2020,12:58:20,46,43.35,4200,46.05,4200,0,1400
JUSTDIAL30Jan20520CE.NFO,07/01/2020,12:58:35,46,43.45,1400,46.05,4200,0,1400
JUSTDIAL30Jan20520CE.NFO,07/01/2020,12:58:39,46,43.55,1400,46.05,4200,0,1400
JUSTDIAL30Jan20520CE.NFO,07/01/2020,12:58:46,46,43.4,1400,46.3,9800,0,1400
JUSTDIAL30Jan20520CE.NFO,07/01/2020,12:58:50,46,43.5,1400,46.3,7000,0,1400
JUSTDIAL30Jan20520CE.NFO,07/01/2020,12:58:57,46,43.55,1400,46.05,1400,0,1400
JUSTDIAL30Jan20520CE.NFO,07/01/2020,12:59:00,46,43.55,1400,46.05,7000,0,1400
JUSTDIAL30Jan20520CE.NFO,07/01/2020,12:59:09,46,43.35,2800,46.05,7000,0,1400
JUSTDIAL30Jan20520CE.NFO,07/01/2020,12:59:14,46,43.55,1400,47.2,23800,0,1400
JUSTDIAL30Jan20520CE.NFO,07/01/2020,12:59:28,46,43.1,7000,46.4,9800,0,1400
JUSTDIAL30Jan20520CE.NFO,07/01/2020,12:59:32,46,43.25,4200,46.35,9800,0,1400
JUSTDIAL30Jan20520CE.NFO,07/01/2020,12:59:36,46,43.35,1400,46.25,9800,0,1400
JUSTDIAL30Jan20520CE.NFO,07/01/2020,12:59:40,46,43.55,1400,46.25,9800,0,1400
JUSTDIAL30Jan20520CE.NFO,07/01/2020,12:59:49,46,43.7,1400,46.15,7000,0,1400
JUSTDIAL30Jan20520CE.NFO,07/01/2020,13:00:09,46,43.05,1400,45.5,2800,0,1400
JUSTDIAL30Jan20520CE.NFO,07/01/2020,13:00:17,46,42.85,1400,45.55,7000,0,1400
JUSTDIAL30Jan20520CE.NFO,07/01/2020,13:00:24,46,42.95,1400,45.55,7000,0,1400
JUSTDIAL30Jan20520CE.NFO,07/01/2020,13:00:29,46,43.05,1400,45.55,7000,0,1400
JUSTDIAL30Jan20520CE.NFO,07/01/2020,13:00:34,46,42.85,1400,45.55,7000,0,1400
JUSTDIAL30Jan20520CE.NFO,07/01/2020,13:00:40,46,42.95,1400,45.55,7000,0,1400
JUSTDIAL30Jan20520CE.NFO,07/01/2020,13:00:45,46,43,1400,45.55,9800,0,1400
JUSTDIAL30Jan20520CE.NFO,07/01/2020,13:00:50,46,43,1400,45.45,7000,0,1400
JUSTDIAL30Jan20520CE.NFO,07/01/2020,13:01:01,46,42.4,4200,45.15,7000,0,1400
JUSTDIAL30Jan20520CE.NFO,07/01/2020,13:01:08,46,42.7,1400,45.05,1400,0,1400
JUSTDIAL30Jan20520CE.NFO,07/01/2020,13:01:22,46,42.6,1400,45.05,1400,0,1400
JUSTDIAL30Jan20520CE.NFO,07/01/2020,13:01:29,46,42.75,1400,45.05,1400,0,1400
JUSTDIAL30Jan20520CE.NFO,07/01/2020,13:01:36,46,42.8,1400,45.05,1400,0,1400
JUSTDIAL30Jan20520CE.NFO,07/01/2020,13:01:42,46,42.75,1400,45.05,1400,0,1400
JUSTDIAL30Jan20520CE.NFO,07/01/2020,13:01:58,46,42.85,1400,45.25,1400,0,1400
JUSTDIAL30Jan20520CE.NFO,07/01/2020,13:02:05,46,42.45,4200,45.05,7000,0,1400
JUSTDIAL30Jan20520CE.NFO,07/01/2020,13:02:10,46,42.7,1400,44.85,1400,0,1400
JUSTDIAL30Jan20520CE.NFO,07/01/2020,13:02:16,46,42.5,1400,44.75,1400,0,1400
JUSTDIAL30Jan20520CE.NFO,07/01/2020,13:02:21,46,40,1400,44.4,1400,0,1400
JUSTDIAL30Jan20520CE.NFO,07/01/2020,13:02:33,46,40,1400,44.25,4200,0,1400
JUSTDIAL30Jan20520CE.NFO,07/01/2020,13:02:38,46,40,1400,44.15,1400,0,1400
JUSTDIAL30Jan20520CE.NFO,07/01/2020,13:02:47,46,40.1,1400,44.15,1400,0,1400
JUSTDIAL30Jan20520CE.NFO,07/01/2020,13:02:52,46,40.4,1400,44.15,4200,0,1400
JUSTDIAL30Jan20520CE.NFO,07/01/2020,13:02:56,46,40.7,1400,44.15,1400,0,1400
JUSTDIAL30Jan20520CE.NFO,07/01/2020,13:03:01,46,40.9,1400,45.25,14000,0,1400
JUSTDIAL30Jan20520CE.NFO,07/01/2020,13:03:05,46,41.1,1400,45.25,14000,0,1400
JUSTDIAL30Jan20520CE.NFO,07/01/2020,13:03:09,46,41.3,1400,45.25,14000,0,1400
JUSTDIAL30Jan20520CE.NFO,07/01/2020,13:03:13,46,41.4,1400,45.25,14000,0,1400
JUSTDIAL30Jan20520CE.NFO,07/01/2020,13:03:17,46,41.6,1400,45.25,14000,0,1400
JUSTDIAL30Jan20520CE.NFO,07/01/2020,13:03:23,46,41.75,1400,45.25,14000,0,1400
JUSTDIAL30Jan20520CE.NFO,07/01/2020,13:03:28,46,40.7,1400,45.25,14000,0,1400
JUSTDIAL30Jan20520CE.NFO,07/01/2020,13:03:33,46,40.95,1400,45.25,14000,0,1400
JUSTDIAL30Jan20520CE.NFO,07/01/2020,13:03:37,46,41.1,1400,45.25,14000,0,1400
JUSTDIAL30Jan20520CE.NFO,07/01/2020,13:03:40,46,40.7,1400,45.25,14000,0,1400
JUSTDIAL30Jan20520CE.NFO,07/01/2020,13:03:44,46,40.8,1400,45.25,14000,0,1400
JUSTDIAL30Jan20520CE.NFO,07/01/2020,13:03:49,46,41.1,1400,45.25,16800,0,1400
JUSTDIAL30Jan20520CE.NFO,07/01/2020,13:03:53,46,41.25,1400,45.25,19600,0,1400
JUSTDIAL30Jan20520CE.NFO,07/01/2020,13:03:58,46,40.2,1400,43.95,9800,0,1400
JUSTDIAL30Jan20520CE.NFO,07/01/2020,13:04:03,46,40.2,1400,43.75,4200,0,1400
JUSTDIAL30Jan20520CE.NFO,07/01/2020,13:04:08,46,40.2,1400,43.9,7000,0,1400
JUSTDIAL30Jan20520CE.NFO,07/01/2020,13:04:12,46,40.4,1400,44.85,16800,0,1400
JUSTDIAL30Jan20520CE.NFO,07/01/2020,13:04:16,46,40.7,1400,44.85,16800,0,1400
JUSTDIAL30Jan20520CE.NFO,07/01/2020,13:04:21,46,40.8,1400,44.85,16800,0,1400
JUSTDIAL30Jan20520CE.NFO,07/01/2020,13:04:25,46,41.1,1400,44.85,16800,0,1400
JUSTDIAL30Jan20520CE.NFO,07/01/2020,13:04:29,46,41.2,1400,44.85,16800,0,1400
JUSTDIAL30Jan20520CE.NFO,07/01/2020,13:04:33,46,41.45,1400,44.85,16800,0,1400
JUSTDIAL30Jan20520CE.NFO,07/01/2020,13:04:37,46,41.4,1400,44.85,16800,0,1400
JUSTDIAL30Jan20520CE.NFO,07/01/2020,13:04:41,46,40.65,1400,44.85,16800,0,1400
JUSTDIAL30Jan20520CE.NFO,07/01/2020,13:04:46,46,41.1,1400,44.85,16800,0,1400
JUSTDIAL30Jan20520CE.NFO,07/01/2020,13:04:54,46,41.4,1400,44.05,12600,0,1400
JUSTDIAL30Jan20520CE.NFO,07/01/2020,13:05:00,46,40.7,1400,43.7,1400,0,1400
JUSTDIAL30Jan20520CE.NFO,07/01/2020,13:05:08,46,41.1,1400,43.45,4200,0,1400
JUSTDIAL30Jan20520CE.NFO,07/01/2020,13:05:15,46,40.55,1400,43.3,4200,0,1400
JUSTDIAL30Jan20520CE.NFO,07/01/2020,13:05:21,46,40.75,1400,43.3,4200,0,1400
JUSTDIAL30Jan20520CE.NFO,07/01/2020,13:05:27,46,40.45,1400,43.3,4200,0,1400
JUSTDIAL30Jan20520CE.NFO,07/01/2020,13:05:32,46,40.85,1400,43.3,4200,0,1400
JUSTDIAL30Jan20520CE.NFO,07/01/2020,13:05:38,46,40,7000,43.3,4200,0,1400
JUSTDIAL30Jan20520CE.NFO,07/01/2020,13:05:44,46,40.55,1400,43.3,4200,0,1400
JUSTDIAL30Jan20520CE.NFO,07/01/2020,13:05:49,46,40.85,1400,43.7,7000,0,1400
JUSTDIAL30Jan20520CE.NFO,07/01/2020,13:05:55,46,40.45,1400,43.55,11200,0,1400
JUSTDIAL30Jan20520CE.NFO,07/01/2020,13:06:02,46,40.8,1400,43.25,4200,0,1400
JUSTDIAL30Jan20520CE.NFO,07/01/2020,13:06:08,46,40.8,1400,43.25,7000,0,1400
JUSTDIAL30Jan20520CE.NFO,07/01/2020,13:06:13,46,40,4200,43.25,7000,0,1400
JUSTDIAL30Jan20520CE.NFO,07/01/2020,13:06:19,46,40.75,2800,43.15,1400,0,1400
JUSTDIAL30Jan20520CE.NFO,07/01/2020,13:06:24,46,41.15,1400,43.8,9800,0,1400
JUSTDIAL30Jan20520CE.NFO,07/01/2020,13:06:30,46,41.3,1400,43.8,9800,0,1400
JUSTDIAL30Jan20520CE.NFO,07/01/2020,13:06:35,46,41.4,1400,43.8,9800,0,1400
JUSTDIAL30Jan20520CE.NFO,07/01/2020,13:06:39,46,41.4,2800,43.8,7000,0,1400
JUSTDIAL30Jan20520CE.NFO,07/01/2020,13:06:53,46,41.4,1400,43.8,7000,0,1400
JUSTDIAL30Jan20520CE.NFO,07/01/2020,13:06:59,46,41.5,1400,43.8,7000,0,1400
JUSTDIAL30Jan20520CE.NFO,07/01/2020,13:07:04,46,41.5,1400,43.7,4200,0,1400
JUSTDIAL30Jan20520CE.NFO,07/01/2020,13:07:09,46,41.7,1400,44.9,14000,0,1400
JUSTDIAL30Jan20520CE.NFO,07/01/2020,13:07:14,46,40.9,7000,44.9,16800,0,1400
JUSTDIAL30Jan20520CE.NFO,07/01/2020,13:07:19,46,41.35,1400,44.9,16800,0,1400
JUSTDIAL30Jan20520CE.NFO,07/01/2020,13:07:23,46,41.55,1400,44.9,16800,0,1400
JUSTDIAL30Jan20520CE.NFO,07/01/2020,13:07:29,46,41.6,1400,44.9,16800,0,1400
JUSTDIAL30Jan20520CE.NFO,07/01/2020,13:07:34,46,41.65,1400,44.9,16800,0,1400
JUSTDIAL30Jan20520CE.NFO,07/01/2020,13:07:39,46,40.5,1400,44.9,16800,0,1400
JUSTDIAL30Jan20520CE.NFO,07/01/2020,13:07:44,46,40.6,1400,44.9,16800,0,1400
JUSTDIAL30Jan20520CE.NFO,07/01/2020,13:07:50,46,40.7,1400,44.9,16800,0,1400
JUSTDIAL30Jan20520CE.NFO,07/01/2020,13:07:55,46,40.95,1400,44.9,16800,0,1400
JUSTDIAL30Jan20520CE.NFO,07/01/2020,13:08:02,46,41.1,1400,44.9,16800,0,1400
JUSTDIAL30Jan20520CE.NFO,07/01/2020,13:08:08,46,41.2,1400,44.9,16800,0,1400
JUSTDIAL30Jan20520CE.NFO,07/01/2020,13:08:14,46,41.5,1400,44.9,16800,0,1400
JUSTDIAL30Jan20520CE.NFO,07/01/2020,13:08:20,46,40.65,1400,44.9,16800,0,1400
JUSTDIAL30Jan20520CE.NFO,07/01/2020,13:08:28,46,41.1,1400,44.9,16800,0,1400
JUSTDIAL30Jan20520CE.NFO,07/01/2020,13:08:37,46,41.25,1400,44.9,16800,0,1400
JUSTDIAL30Jan20520CE.NFO,07/01/2020,13:08:45,46,40.65,1400,44.9,16800,0,1400
JUSTDIAL30Jan20520CE.NFO,07/01/2020,13:08:52,46,41.05,1400,44.9,16800,0,1400
JUSTDIAL30Jan20520CE.NFO,07/01/2020,13:08:59,46,41.35,1400,44.9,16800,0,1400
JUSTDIAL30Jan20520CE.NFO,07/01/2020,13:09:06,46,40.45,1400,44.9,16800,0,1400
JUSTDIAL30Jan20520CE.NFO,07/01/2020,13:09:14,46,40.95,1400,44.9,16800,0,1400
JUSTDIAL30Jan20520CE.NFO,07/01/2020,13:09:22,46,41.25,1400,44.9,16800,0,1400
JUSTDIAL30Jan20520CE.NFO,07/01/2020,13:09:29,46,40.2,1400,44.9,16800,0,1400
JUSTDIAL30Jan20520CE.NFO,07/01/2020,13:09:35,46,40.6,1400,43.9,9800,0,1400
JUSTDIAL30Jan20520CE.NFO,07/01/2020,13:09:41,46,40.8,1400,43.9,7000,0,1400
JUSTDIAL30Jan20520CE.NFO,07/01/2020,13:09:47,46,41.2,1400,43.9,7000,0,1400
JUSTDIAL30Jan20520CE.NFO,07/01/2020,13:09:54,46,40.95,2800,44.3,12600,0,1400
JUSTDIAL30Jan20520CE.NFO,07/01/2020,13:10:00,46,41.35,1400,44.3,12600,0,1400
JUSTDIAL30Jan20520CE.NFO,07/01/2020,13:10:07,46,40.6,8400,44.05,12600,0,1400
JUSTDIAL30Jan20520CE.NFO,07/01/2020,13:10:13,46,41.3,1400,43.95,12600,0,1400
JUSTDIAL30Jan20520CE.NFO,07/01/2020,13:10:18,46,41.35,2800,43.95,12600,0,1400
JUSTDIAL30Jan20520CE.NFO,07/01/2020,13:10:22,46,41.4,1400,43.95,9800,0,1400
JUSTDIAL30Jan20520CE.NFO,07/01/2020,13:10:27,46,41.55,1400,43.95,9800,0,1400
JUSTDIAL30Jan20520CE.NFO,07/01/2020,13:10:32,46,41.15,1400,43.9,4200,0,1400
JUSTDIAL30Jan20520CE.NFO,07/01/2020,13:10:38,46,41.3,2800,43.9,4200,0,1400
JUSTDIAL30Jan20520CE.NFO,07/01/2020,13:10:44,46,41.4,1400,43.9,4200,0,1400
JUSTDIAL30Jan20520CE.NFO,07/01/2020,13:10:49,46,41.4,2800,43.9,4200,0,1400
JUSTDIAL30Jan20520CE.NFO,07/01/2020,13:10:53,46,41.5,1400,43.85,1400,0,1400
JUSTDIAL30Jan20520CE.NFO,07/01/2020,13:10:58,46,41.6,1400,43.9,2800,0,1400
JUSTDIAL30Jan20520CE.NFO,07/01/2020,13:11:03,46,40.45,9800,43.85,1400,0,1400
JUSTDIAL30Jan20520CE.NFO,07/01/2020,13:11:09,46,40.7,11200,44.2,12600,0,1400
JUSTDIAL30Jan20520CE.NFO,07/01/2020,13:11:14,46,41.25,1400,44.05,9800,0,1400
JUSTDIAL30Jan20520CE.NFO,07/01/2020,13:11:19,46,41.5,1400,44.05,12600,0,1400
JUSTDIAL30Jan20520CE.NFO,07/01/2020,13:11:24,46,40.45,11200,44.05,12600,0,1400
JUSTDIAL30Jan20520CE.NFO,07/01/2020,13:11:28,46,40.45,11200,43.95,2800,0,1400
JUSTDIAL30Jan20520CE.NFO,07/01/2020,13:11:52,46,40.45,11200,43.95,8400,0,1400
JUSTDIAL30Jan20520CE.NFO,07/01/2020,13:11:57,46,41.1,2800,43.9,9800,0,1400
JUSTDIAL30Jan20520CE.NFO,07/01/2020,13:12:03,46,41.3,1400,43.9,9800,0,1400
JUSTDIAL30Jan20520CE.NFO,07/01/2020,13:12:09,46,41.7,1400,44.5,12600,0,1400
JUSTDIAL30Jan20520CE.NFO,07/01/2020,13:12:15,46,40.85,1400,44.5,12600,0,1400
JUSTDIAL30Jan20520CE.NFO,07/01/2020,13:12:20,46,41.05,1400,44.5,12600,0,1400
JUSTDIAL30Jan20520CE.NFO,07/01/2020,13:12:25,46,41.35,1400,44.5,12600,0,1400
JUSTDIAL30Jan20520CE.NFO,07/01/2020,13:12:30,46,40.25,1400,44.45,9800,0,1400
JUSTDIAL30Jan20520CE.NFO,07/01/2020,13:12:35,46,40.35,1400,44.15,12600,0,1400
JUSTDIAL30Jan20520CE.NFO,07/01/2020,13:12:40,46,40.55,1400,44.15,1400,0,1400
JUSTDIAL30Jan20520CE.NFO,07/01/2020,13:12:45,46,40.75,1400,45.6,26600,0,1400
JUSTDIAL30Jan20520CE.NFO,07/01/2020,13:12:49,46,40.95,1400,45.6,26600,0,1400
JUSTDIAL30Jan20520CE.NFO,07/01/2020,13:12:52,46,41.15,1400,44.7,11200,0,1400
JUSTDIAL30Jan20520CE.NFO,07/01/2020,13:12:56,46,41.35,1400,44.45,11200,0,1400
JUSTDIAL30Jan20520CE.NFO,07/01/2020,13:12:59,46,41.55,1400,44.2,12600,0,1400
JUSTDIAL30Jan20520CE.NFO,07/01/2020,13:13:04,46,40.5,1400,44.2,12600,0,1400
JUSTDIAL30Jan20520CE.NFO,07/01/2020,13:13:08,46,40.75,1400,44,2800,0,1400
JUSTDIAL30Jan20520CE.NFO,07/01/2020,13:13:11,46,41,1400,44,9800,0,1400
JUSTDIAL30Jan20520CE.NFO,07/01/2020,13:13:16,46,41.3,2800,44,12600,0,1400
JUSTDIAL30Jan20520CE.NFO,07/01/2020,13:13:24,46,40.25,2800,44,12600,0,1400
JUSTDIAL30Jan20520CE.NFO,07/01/2020,13:13:29,46,40.35,1400,44,12600,0,1400
JUSTDIAL30Jan20520CE.NFO,07/01/2020,13:13:33,46,40.55,1400,43.75,9800,0,1400
JUSTDIAL30Jan20520CE.NFO,07/01/2020,13:13:38,46,40.75,1400,43.75,9800,0,1400
JUSTDIAL30Jan20520CE.NFO,07/01/2020,13:13:50,46,40.85,1400,43.75,9800,0,1400
JUSTDIAL30Jan20520CE.NFO,07/01/2020,13:13:56,46,40.95,2800,43.65,7000,0,1400
JUSTDIAL30Jan20520CE.NFO,07/01/2020,13:14:02,46,40.95,2800,43.65,9800,0,1400
JUSTDIAL30Jan20520CE.NFO,07/01/2020,13:14:12,46,40.95,1400,43.55,9800,0,1400
JUSTDIAL30Jan20520CE.NFO,07/01/2020,13:14:24,46,40.4,1400,43.35,1400,0,1400
JUSTDIAL30Jan20520CE.NFO,07/01/2020,13:14:29,46,40.65,1400,43.45,2800,0,1400
JUSTDIAL30Jan20520CE.NFO,07/01/2020,13:14:34,46,40.75,2800,43.45,1400,0,1400
JUSTDIAL30Jan20520CE.NFO,07/01/2020,13:14:39,46,40.75,2800,43.45,4200,0,1400
JUSTDIAL30Jan20520CE.NFO,07/01/2020,13:14:47,46,40.05,8400,43.45,1400,0,1400
JUSTDIAL30Jan20520CE.NFO,07/01/2020,13:14:51,46,40.45,2800,43.45,7000,0,1400
JUSTDIAL30Jan20520CE.NFO,07/01/2020,13:14:56,46,39.7,7000,43.45,9800,0,1400
JUSTDIAL30Jan20520CE.NFO,07/01/2020,13:15:03,46,40.35,1400,43.45,9800,0,1400
JUSTDIAL30Jan20520CE.NFO,07/01/2020,13:15:11,46,40.3,1400,43.45,12600,0,1400
JUSTDIAL30Jan20520CE.NFO,07/01/2020,13:15:19,46,39.85,8400,43.15,12600,0,1400
JUSTDIAL30Jan20520CE.NFO,07/01/2020,13:15:27,46,40.3,1400,42.95,7000,0,1400
JUSTDIAL30Jan20520CE.NFO,07/01/2020,13:15:34,46,39,11200,42.8,7000,0,1400
JUSTDIAL30Jan20520CE.NFO,07/01/2020,13:15:40,46,39.75,7000,43.4,12600,0,1400
JUSTDIAL30Jan20520CE.NFO,07/01/2020,13:15:47,46,40.1,1400,43.4,12600,0,1400
JUSTDIAL30Jan20520CE.NFO,07/01/2020,13:15:59,46,40.3,1400,42.9,1400,0,1400
JUSTDIAL30Jan20520CE.NFO,07/01/2020,13:16:04,46,39.3,11200,43.05,7000,0,1400
JUSTDIAL30Jan20520CE.NFO,07/01/2020,13:16:10,46,39.3,11200,43.05,1400,0,1400
JUSTDIAL30Jan20520CE.NFO,07/01/2020,13:16:18,46,39.5,1400,43.05,1400,0,1400
JUSTDIAL30Jan20520CE.NFO,07/01/2020,13:16:30,46,39.7,1400,43.5,12600,0,1400
JUSTDIAL30Jan20520CE.NFO,07/01/2020,13:16:41,46,39.8,1400,43.5,12600,0,1400
JUSTDIAL30Jan20520CE.NFO,07/01/2020,13:16:47,46,40.1,1400,43.5,12600,0,1400
JUSTDIAL30Jan20520CE.NFO,07/01/2020,13:16:54,46,40.2,1400,43.5,12600,0,1400
JUSTDIAL30Jan20520CE.NFO,07/01/2020,13:16:59,46,40.4,1400,43.4,7000,0,1400
JUSTDIAL30Jan20520CE.NFO,07/01/2020,13:17:04,46,40.5,2800,43.4,12600,0,1400
JUSTDIAL30Jan20520CE.NFO,07/01/2020,13:17:18,46,40.6,1400,43.4,9800,0,1400
JUSTDIAL30Jan20520CE.NFO,07/01/2020,13:17:24,46,39.5,2800,43.3,12600,0,1400
JUSTDIAL30Jan20520CE.NFO,07/01/2020,13:17:31,46,40,1400,43.25,7000,0,1400
JUSTDIAL30Jan20520CE.NFO,07/01/2020,13:17:38,46,40.3,1400,43.15,2800,0,1400
JUSTDIAL30Jan20520CE.NFO,07/01/2020,13:17:44,46,40.3,1400,43.1,4200,0,1400
JUSTDIAL30Jan20520CE.NFO,07/01/2020,13:17:49,46,40.3,2800,43.1,4200,0,1400
JUSTDIAL30Jan20520CE.NFO,07/01/2020,13:17:53,46,40.4,1400,43.15,2800,0,1400
JUSTDIAL30Jan20520CE.NFO,07/01/2020,13:17:57,46,40.4,1400,43.15,1400,0,1400
JUSTDIAL30Jan20520CE.NFO,07/01/2020,13:18:08,46,40.4,2800,43.1,1400,0,1400
JUSTDIAL30Jan20520CE.NFO,07/01/2020,13:18:14,46,40.5,1400,43.15,1400,0,1400
JUSTDIAL30Jan20520CE.NFO,07/01/2020,13:18:20,46,40.5,1400,43.15,4200,0,1400
JUSTDIAL30Jan20520CE.NFO,07/01/2020,13:18:32,46,40.6,1400,43.7,9800,0,1400
JUSTDIAL30Jan20520CE.NFO,07/01/2020,13:18:38,46,40.8,1400,43.5,12600,0,1400
JUSTDIAL30Jan20520CE.NFO,07/01/2020,13:18:43,46,40.9,2800,43.5,1400,0,1400
JUSTDIAL30Jan20520CE.NFO,07/01/2020,13:19:04,46,40.9,1400,43.5,4200,0,1400
JUSTDIAL30Jan20520CE.NFO,07/01/2020,13:19:16,46,41,1400,43.5,4200,0,1400
JUSTDIAL30Jan20520CE.NFO,07/01/2020,13:19:21,46,41,1400,43.5,7000,0,1400
JUSTDIAL30Jan20520CE.NFO,07/01/2020,13:19:26,46,41,1400,43.5,4200,0,1400
JUSTDIAL30Jan20520CE.NFO,07/01/2020,13:19:35,46,41.1,1400,43.6,9800,0,1400
JUSTDIAL30Jan20520CE.NFO,07/01/2020,13:19:44,46,41.1,1400,43.6,7000,0,1400
JUSTDIAL30Jan20520CE.NFO,07/01/2020,13:19:48,46,41.2,1400,43.6,4200,0,1400
JUSTDIAL30Jan20520CE.NFO,07/01/2020,13:20:21,46,41.55,1400,44.5,15400,0,1400
JUSTDIAL30Jan20520CE.NFO,07/01/2020,13:20:26,46,40.45,8400,44,8400,0,1400
JUSTDIAL30Jan20520CE.NFO,07/01/2020,13:20:30,46,41.05,2800,43.95,7000,0,1400
JUSTDIAL30Jan20520CE.NFO,07/01/2020,13:20:34,46,41.35,1400,43.9,4200,0,1400
JUSTDIAL30Jan20520CE.NFO,07/01/2020,13:20:37,46,41.4,1400,43.9,4200,0,1400
JUSTDIAL30Jan20520CE.NFO,07/01/2020,13:20:41,46,41.4,2800,43.9,12600,0,1400
JUSTDIAL30Jan20520CE.NFO,07/01/2020,13:20:54,46,41.5,1400,43.9,2800,0,1400
JUSTDIAL30Jan20520CE.NFO,07/01/2020,13:20:58,46,41.5,1400,43.85,12600,0,1400
JUSTDIAL30Jan20520CE.NFO,07/01/2020,13:21:03,46,40.65,4200,43.8,9800,0,1400
JUSTDIAL30Jan20520CE.NFO,07/01/2020,13:21:09,46,41.15,2800,43.8,9800,0,1400
JUSTDIAL30Jan20520CE.NFO,07/01/2020,13:21:17,46,40,8400,43.5,9800,0,1400
JUSTDIAL30Jan20520CE.NFO,07/01/2020,13:21:25,46,41.1,2800,43.95,12600,0,1400
JUSTDIAL30Jan20520CE.NFO,07/01/2020,13:21:31,46,41.5,2800,43.9,2800,0,1400
JUSTDIAL30Jan20520CE.NFO,07/01/2020,13:21:35,46,40.7,8400,43.85,9800,0,1400
JUSTDIAL30Jan20520CE.NFO,07/01/2020,13:21:40,46,41.2,2800,43.85,9800,0,1400
JUSTDIAL30Jan20520CE.NFO,07/01/2020,13:21:45,46,41.35,1400,43.85,9800,0,1400
JUSTDIAL30Jan20520CE.NFO,07/01/2020,13:21:50,46,41.35,2800,43.85,9800,0,1400
JUSTDIAL30Jan20520CE.NFO,07/01/2020,13:22:05,46,41.45,1400,43.85,7000,0,1400
JUSTDIAL30Jan20520CE.NFO,07/01/2020,13:22:11,46,41.45,2800,43.8,4200,0,1400
JUSTDIAL30Jan20520CE.NFO,07/01/2020,13:22:17,46,41.45,1400,43.75,9800,0,1400
JUSTDIAL30Jan20520CE.NFO,07/01/2020,13:22:38,46,41,2800,43.75,12600,0,1400
JUSTDIAL30Jan20520CE.NFO,07/01/2020,13:22:44,46,41.25,1400,43.75,12600,0,1400
JUSTDIAL30Jan20520CE.NFO,07/01/2020,13:22:49,46,41.25,1400,43.65,9800,0,1400
JUSTDIAL30Jan20520CE.NFO,07/01/2020,13:23:00,46,41.25,1400,43.65,7000,0,1400
JUSTDIAL30Jan20520CE.NFO,07/01/2020,13:23:06,46,41.25,1400,43.45,4200,0,1400
JUSTDIAL30Jan20520CE.NFO,07/01/2020,13:23:11,46,41.25,1400,44.2,5600,0,1400
JUSTDIAL30Jan20520CE.NFO,07/01/2020,13:23:17,46,41.35,1400,43.8,12600,0,1400
JUSTDIAL30Jan20520CE.NFO,07/01/2020,13:23:23,46,41.35,1400,43.7,9800,0,1400
JUSTDIAL30Jan20520CE.NFO,07/01/2020,13:23:34,46,41.35,1400,43.7,12600,0,1400
JUSTDIAL30Jan20520CE.NFO,07/01/2020,13:23:40,46,40.65,1400,43.7,12600,0,1400
JUSTDIAL30Jan20520CE.NFO,07/01/2020,13:23:45,46,40.65,1400,43.6,4200,0,1400
JUSTDIAL30Jan20520CE.NFO,07/01/2020,13:23:56,46,40.65,1400,43.6,9800,0,1400
JUSTDIAL30Jan20520CE.NFO,07/01/2020,13:24:08,46,40.65,1400,43.5,7000,0,1400
JUSTDIAL30Jan20520CE.NFO,07/01/2020,13:24:15,46,40.65,1400,43.5,1400,0,1400
JUSTDIAL30Jan20520CE.NFO,07/01/2020,13:24:20,46,40.65,1400,43.5,4200,0,1400
JUSTDIAL30Jan20520CE.NFO,07/01/2020,13:24:26,46,40.65,1400,43.4,7000,0,1400
JUSTDIAL30Jan20520CE.NFO,07/01/2020,13:24:37,46,40.65,1400,43.4,9800,0,1400
JUSTDIAL30Jan20520CE.NFO,07/01/2020,13:24:44,46,40.65,1400,43.4,12600,0,1400
JUSTDIAL30Jan20520CE.NFO,07/01/2020,13:24:51,46,40.65,1400,43.3,7000,0,1400
JUSTDIAL30Jan20520CE.NFO,07/01/2020,13:25:09,46,40.65,1400,43.55,1400,0,1400
JUSTDIAL30Jan20520CE.NFO,07/01/2020,13:25:22,46,40.65,1400,43.45,7000,0,1400
JUSTDIAL30Jan20520CE.NFO,07/01/2020,13:25:28,46,40.65,1400,43.35,7000,0,1400
JUSTDIAL30Jan20520CE.NFO,07/01/2020,13:26:03,46,40.65,1400,43.35,1400,0,1400
JUSTDIAL30Jan20520CE.NFO,07/01/2020,13:26:11,46,40.85,1400,43.35,1400,0,1400
JUSTDIAL30Jan20520CE.NFO,07/01/2020,13:26:16,46,41.05,1400,43.35,1400,0,1400
JUSTDIAL30Jan20520CE.NFO,07/01/2020,13:26:34,46,41.05,1400,43.5,4200,0,1400
JUSTDIAL30Jan20520CE.NFO,07/01/2020,13:26:50,46,41.05,1400,43.4,4200,0,1400
JUSTDIAL30Jan20520CE.NFO,07/01/2020,13:26:55,46,40.55,4200,43.75,8400,0,1400
JUSTDIAL30Jan20520CE.NFO,07/01/2020,13:27:01,46,41,2800,43.55,7000,0,1400
JUSTDIAL30Jan20520CE.NFO,07/01/2020,13:27:07,46,41.1,1400,43.55,4200,0,1400
JUSTDIAL30Jan20520CE.NFO,07/01/2020,13:27:12,46,41.1,1400,43.45,7000,0,1400
JUSTDIAL30Jan20520CE.NFO,07/01/2020,13:27:24,46,41.1,1400,43.45,4200,0,1400
JUSTDIAL30Jan20520CE.NFO,07/01/2020,13:27:41,46,41.2,1400,43.45,1400,0,1400
JUSTDIAL30Jan20520CE.NFO,07/01/2020,13:27:47,46,41.3,1400,43.45,1400,0,1400
JUSTDIAL30Jan20520CE.NFO,07/01/2020,13:27:54,46,40.7,1400,43.35,4200,0,1400
JUSTDIAL30Jan20520CE.NFO,07/01/2020,13:28:00,46,40.8,1400,43.35,7000,0,1400
JUSTDIAL30Jan20520CE.NFO,07/01/2020,13:28:06,46,40.05,14000,43.3,9800,0,1400
JUSTDIAL30Jan20520CE.NFO,07/01/2020,13:28:11,46,40.45,5600,43.25,4200,0,1400
JUSTDIAL30Jan20520CE.NFO,07/01/2020,13:28:17,46,40.55,1400,43.05,7000,0,1400
JUSTDIAL30Jan20520CE.NFO,07/01/2020,13:28:22,46,40.1,1400,43.05,7000,0,1400
JUSTDIAL30Jan20520CE.NFO,07/01/2020,13:28:27,46,39.3,11200,43.05,7000,0,1400
JUSTDIAL30Jan20520CE.NFO,07/01/2020,13:28:33,46,39.8,7000,42.95,4200,0,1400
JUSTDIAL30Jan20520CE.NFO,07/01/2020,13:28:38,46,40.25,1400,42.95,7000,0,1400
JUSTDIAL30Jan20520CE.NFO,07/01/2020,13:28:44,46,39.5,1400,42.95,7000,0,1400
JUSTDIAL30Jan20520CE.NFO,07/01/2020,13:28:50,46,39.7,1400,42.85,4200,0,1400
JUSTDIAL30Jan20520CE.NFO,07/01/2020,13:28:56,46,38.35,1400,42.55,1400,0,1400
JUSTDIAL30Jan20520CE.NFO,07/01/2020,13:29:04,46,38.9,1400,42.35,1400,0,1400
JUSTDIAL30Jan20520CE.NFO,07/01/2020,13:29:10,46,39.45,1400,42.55,1400,0,1400
JUSTDIAL30Jan20520CE.NFO,07/01/2020,13:29:17,46,39.85,1400,42.3,1400,0,1400
JUSTDIAL30Jan20520CE.NFO,07/01/2020,13:29:23,46,38.8,1400,42.2,1400,0,1400
JUSTDIAL30Jan20520CE.NFO,07/01/2020,13:29:29,46,38.85,1400,41.75,1400,0,1400
JUSTDIAL30Jan20520CE.NFO,07/01/2020,13:29:35,46,38.85,1400,42.15,12600,0,1400
JUSTDIAL30Jan20520CE.NFO,07/01/2020,13:29:41,46,38.85,1400,41.95,1400,0,1400
JUSTDIAL30Jan20520CE.NFO,07/01/2020,13:29:47,46,37.75,1400,41.85,1400,0,1400
JUSTDIAL30Jan20520CE.NFO,07/01/2020,13:29:53,46,37.85,1400,41.85,1400,0,1400
JUSTDIAL30Jan20520CE.NFO,07/01/2020,13:30:00,46,38.35,1400,41.85,1400,0,1400
JUSTDIAL30Jan20520CE.NFO,07/01/2020,13:30:06,46,37.4,1400,41.85,1400,0,1400
JUSTDIAL30Jan20520CE.NFO,07/01/2020,13:30:12,46,37.8,1400,41.85,1400,0,1400
JUSTDIAL30Jan20520CE.NFO,07/01/2020,13:30:17,46,38.1,1400,41.85,1400,0,1400
JUSTDIAL30Jan20520CE.NFO,07/01/2020,13:30:23,46,38.4,1400,41.85,1400,0,1400
JUSTDIAL30Jan20520CE.NFO,07/01/2020,13:30:29,46,38.8,1400,41.9,1400,0,1400
JUSTDIAL30Jan20520CE.NFO,07/01/2020,13:30:36,46,38.05,1400,41.8,1400,0,1400
JUSTDIAL30Jan20520CE.NFO,07/01/2020,13:30:41,46,38.25,1400,41.8,1400,0,1400
JUSTDIAL30Jan20520CE.NFO,07/01/2020,13:30:47,46,38.55,1400,41.8,1400,0,1400
JUSTDIAL30Jan20520CE.NFO,07/01/2020,13:30:54,46,38.65,1400,41.8,1400,0,1400
JUSTDIAL30Jan20520CE.NFO,07/01/2020,13:31:00,46,39.05,1400,41.8,1400,0,1400
JUSTDIAL30Jan20520CE.NFO,07/01/2020,13:31:06,46,39.15,2800,41.8,1400,0,1400
JUSTDIAL30Jan20520CE.NFO,07/01/2020,13:31:18,46,39.35,1400,41.8,1400,0,1400
JUSTDIAL30Jan20520CE.NFO,07/01/2020,13:31:24,46,39.05,4200,41.8,1400,0,1400
JUSTDIAL30Jan20520CE.NFO,07/01/2020,13:31:30,46,39.2,2800,41.8,1400,0,1400
JUSTDIAL30Jan20520CE.NFO,07/01/2020,13:31:36,46,38.35,9800,41.8,1400,0,1400
JUSTDIAL30Jan20520CE.NFO,07/01/2020,13:31:41,46,38.5,2800,41.9,1400,0,1400
JUSTDIAL30Jan20520CE.NFO,07/01/2020,13:31:47,46,38.75,1400,41.8,1400,0,1400
JUSTDIAL30Jan20520CE.NFO,07/01/2020,13:31:55,46,38.65,1400,41.8,1400,0,1400
JUSTDIAL30Jan20520CE.NFO,07/01/2020,13:32:02,46,37.95,9800,41.25,1400,0,1400
JUSTDIAL30Jan20520CE.NFO,07/01/2020,13:32:09,46,38.65,1400,41.1,1400,0,1400
JUSTDIAL30Jan20520CE.NFO,07/01/2020,13:32:15,46,38.85,1400,41.1,1400,0,1400
JUSTDIAL30Jan20520CE.NFO,07/01/2020,13:32:54,46,38.95,1400,41.1,1400,0,1400
JUSTDIAL30Jan20520CE.NFO,07/01/2020,13:32:59,46,37.85,11200,41.1,1400,0,1400
JUSTDIAL30Jan20520CE.NFO,07/01/2020,13:33:05,46,38.6,5600,41.1,1400,0,1400
JUSTDIAL30Jan20520CE.NFO,07/01/2020,13:33:09,46,38.75,1400,41.1,1400,0,1400
JUSTDIAL30Jan20520CE.NFO,07/01/2020,13:33:17,46,38.85,1400,41.1,1400,0,1400
JUSTDIAL30Jan20520CE.NFO,07/01/2020,13:33:22,46,38.1,8400,41.65,2800,0,1400
JUSTDIAL30Jan20520CE.NFO,07/01/2020,13:33:28,46,38.65,1400,41.4,1400,0,1400
JUSTDIAL30Jan20520CE.NFO,07/01/2020,13:33:33,46,38.75,1400,41.4,1400,0,1400
JUSTDIAL30Jan20520CE.NFO,07/01/2020,13:33:37,46,38.85,1400,41.4,1400,0,1400
JUSTDIAL30Jan20520CE.NFO,07/01/2020,13:33:43,46,39.05,1400,41.85,4200,0,1400
JUSTDIAL30Jan20520CE.NFO,07/01/2020,13:33:48,46,38.2,1400,42,1400,0,1400
JUSTDIAL30Jan20520CE.NFO,07/01/2020,13:33:54,46,38.7,1400,41.8,1400,0,1400
JUSTDIAL30Jan20520CE.NFO,07/01/2020,13:33:59,46,38.9,1400,41.8,1400,0,1400
JUSTDIAL30Jan20520CE.NFO,07/01/2020,13:34:03,46,39.1,1400,41.8,1400,0,1400
JUSTDIAL30Jan20520CE.NFO,07/01/2020,13:34:08,46,38.7,1400,41.8,1400,0,1400
JUSTDIAL30Jan20520CE.NFO,07/01/2020,13:34:17,46,38.8,1400,41.8,1400,0,1400
JUSTDIAL30Jan20520CE.NFO,07/01/2020,13:34:23,46,39.15,1400,41.8,1400,0,1400
JUSTDIAL30Jan20520CE.NFO,07/01/2020,13:34:27,46,39.2,2800,41.8,1400,0,1400
JUSTDIAL30Jan20520CE.NFO,07/01/2020,13:34:52,46,39.3,1400,41.8,1400,0,1400
JUSTDIAL30Jan20520CE.NFO,07/01/2020,13:34:58,46,38.5,1400,41.8,1400,0,1400
JUSTDIAL30Jan20520CE.NFO,07/01/2020,13:35:05,46,38.95,1400,41.8,1400,0,1400
JUSTDIAL30Jan20520CE.NFO,07/01/2020,13:35:11,46,39.15,1400,42.1,1400,0,1400
JUSTDIAL30Jan20520CE.NFO,07/01/2020,13:35:17,46,39.5,1400,42.1,1400,0,1400
JUSTDIAL30Jan20520CE.NFO,07/01/2020,13:35:27,46,38.85,1400,41.9,1400,0,1400
JUSTDIAL30Jan20520CE.NFO,07/01/2020,13:35:32,46,39.15,1400,41.9,1400,0,1400
JUSTDIAL30Jan20520CE.NFO,07/01/2020,13:35:39,46,39.4,2800,41.9,1400,0,1400
JUSTDIAL30Jan20520CE.NFO,07/01/2020,13:35:52,46,38.2,1400,41.9,1400,0,1400
JUSTDIAL30Jan20520CE.NFO,07/01/2020,13:36:00,46,39.05,2800,42.1,1400,0,1400
JUSTDIAL30Jan20520CE.NFO,07/01/2020,13:36:05,46,38.45,9800,42.1,1400,0,1400
JUSTDIAL30Jan20520CE.NFO,07/01/2020,13:36:10,46,39.3,2800,42.1,1400,0,1400
JUSTDIAL30Jan20520CE.NFO,07/01/2020,13:36:16,46,38.5,11200,42.1,1400,0,1400
JUSTDIAL30Jan20520CE.NFO,07/01/2020,13:36:20,46,38.85,1400,42.1,1400,0,1400
JUSTDIAL30Jan20520CE.NFO,07/01/2020,13:36:24,46,38.95,1400,42.1,1400,0,1400
JUSTDIAL30Jan20520CE.NFO,07/01/2020,13:36:29,46,39.15,1400,42.1,1400,0,1400
JUSTDIAL30Jan20520CE.NFO,07/01/2020,13:37:15,46,39.15,1400,42.15,8400,0,1400
JUSTDIAL30Jan20520CE.NFO,07/01/2020,13:37:19,46,39.15,1400,42.1,1400,0,1400
JUSTDIAL30Jan20520CE.NFO,07/01/2020,13:37:22,46,39.15,1400,42.15,8400,0,1400
JUSTDIAL30Jan20520CE.NFO,07/01/2020,13:37:25,46,39.15,1400,42.1,1400,0,1400
JUSTDIAL30Jan20520CE.NFO,07/01/2020,13:37:38,46,39.15,1400,42,1400,0,1400
JUSTDIAL30Jan20520CE.NFO,07/01/2020,13:38:20,46,39.15,1400,42.15,8400,0,1400
JUSTDIAL30Jan20520CE.NFO,07/01/2020,13:38:27,46,39.15,1400,42.1,1400,0,1400
JUSTDIAL30Jan20520CE.NFO,07/01/2020,13:38:50,46,39.45,1400,42.1,1400,0,1400
JUSTDIAL30Jan20520CE.NFO,07/01/2020,13:38:55,46,38.5,9800,42.15,5600,0,1400
JUSTDIAL30Jan20520CE.NFO,07/01/2020,13:38:59,46,39,7000,42.1,1400,0,1400
JUSTDIAL30Jan20520CE.NFO,07/01/2020,13:39:04,46,39.45,1400,42.15,5600,0,1400
JUSTDIAL30Jan20520CE.NFO,07/01/2020,13:39:09,46,39.55,1400,42.15,11200,0,1400
JUSTDIAL30Jan20520CE.NFO,07/01/2020,13:39:13,46,39.65,1400,42.15,5600,0,1400
JUSTDIAL30Jan20520CE.NFO,07/01/2020,13:39:21,46,38.3,8400,42.15,8400,0,1400
JUSTDIAL30Jan20520CE.NFO,07/01/2020,13:39:25,46,38.65,9800,42.15,8400,0,1400
JUSTDIAL30Jan20520CE.NFO,07/01/2020,13:39:29,46,38.95,7000,42.15,8400,0,1400
JUSTDIAL30Jan20520CE.NFO,07/01/2020,13:39:33,46,39.3,1400,42.15,8400,0,1400
JUSTDIAL30Jan20520CE.NFO,07/01/2020,13:39:38,46,37.9,14000,42.1,1400,0,1400
JUSTDIAL30Jan20520CE.NFO,07/01/2020,13:39:42,46,38.45,11200,42.1,1400,0,1400
JUSTDIAL30Jan20520CE.NFO,07/01/2020,13:39:49,46,39,1400,42.1,1400,0,1400
JUSTDIAL30Jan20520CE.NFO,07/01/2020,13:40:37,46,39.15,1400,42.1,1400,0,1400
JUSTDIAL30Jan20520CE.NFO,07/01/2020,13:40:43,46,39.3,1400,42.1,1400,0,1400
JUSTDIAL30Jan20520CE.NFO,07/01/2020,13:40:48,46,38.55,9800,42.15,2800,0,1400
JUSTDIAL30Jan20520CE.NFO,07/01/2020,13:40:53,46,38.8,1400,43.2,22400,0,1400
JUSTDIAL30Jan20520CE.NFO,07/01/2020,13:41:02,46,38.8,1400,42.6,12600,0,1400
JUSTDIAL30Jan20520CE.NFO,07/01/2020,13:41:10,46,38.8,1400,42.5,12600,0,1400
JUSTDIAL30Jan20520CE.NFO,07/01/2020,13:41:15,46,38.8,1400,42.4,12600,0,1400
JUSTDIAL30Jan20520CE.NFO,07/01/2020,13:41:52,46,38.8,1400,42.35,5600,0,1400
JUSTDIAL30Jan20520CE.NFO,07/01/2020,13:41:57,46,38.8,1400,41.95,1400,0,1400
JUSTDIAL30Jan20520CE.NFO,07/01/2020,13:42:24,46,38.8,1400,42.45,4200,0,1400
JUSTDIAL30Jan20520CE.NFO,07/01/2020,13:42:30,46,38.8,1400,42.45,7000,0,1400
JUSTDIAL30Jan20520CE.NFO,07/01/2020,13:43:00,46,38.8,1400,42.45,4200,0,1400
JUSTDIAL30Jan20520CE.NFO,07/01/2020,13:43:05,46,38.8,1400,42.45,7000,0,1400
JUSTDIAL30Jan20520CE.NFO,07/01/2020,13:43:21,46,39.05,8400,42.45,7000,0,1400
JUSTDIAL30Jan20520CE.NFO,07/01/2020,13:43:26,46,39.55,2800,42.45,7000,0,1400
JUSTDIAL30Jan20520CE.NFO,07/01/2020,13:43:30,46,39.95,1400,42.45,7000,0,1400
JUSTDIAL30Jan20520CE.NFO,07/01/2020,13:43:35,46,40,1400,42.45,7000,0,1400
JUSTDIAL30Jan20520CE.NFO,07/01/2020,13:43:41,46,38.8,11200,42.45,7000,0,1400
JUSTDIAL30Jan20520CE.NFO,07/01/2020,13:43:46,46,39.35,9800,42.45,7000,0,1400
JUSTDIAL30Jan20520CE.NFO,07/01/2020,13:43:51,46,39.9,1400,42.45,7000,0,1400
JUSTDIAL30Jan20520CE.NFO,07/01/2020,13:43:56,46,38.9,9800,42.45,7000,0,1400
JUSTDIAL30Jan20520CE.NFO,07/01/2020,13:44:01,46,39.4,8400,42.45,7000,0,1400
JUSTDIAL30Jan20520CE.NFO,07/01/2020,13:44:05,46,39.75,1400,42.35,1400,0,1400
JUSTDIAL30Jan20520CE.NFO,07/01/2020,13:44:09,46,40.15,1400,42.35,1400,0,1400
JUSTDIAL30Jan20520CE.NFO,07/01/2020,13:44:12,46,40.15,1400,43.55,16800,0,1400
JUSTDIAL30Jan20520CE.NFO,07/01/2020,13:44:15,46,40.4,2800,43.55,16800,0,1400
JUSTDIAL30Jan20520CE.NFO,07/01/2020,13:44:19,46,39.5,7000,43.55,16800,0,1400
JUSTDIAL30Jan20520CE.NFO,07/01/2020,13:44:24,46,39.75,1400,43.05,12600,0,1400
JUSTDIAL30Jan20520CE.NFO,07/01/2020,13:44:33,46,39.75,1400,43.05,7000,0,1400
JUSTDIAL30Jan20520CE.NFO,07/01/2020,13:44:41,46,39.75,1400,43.05,4200,0,1400
JUSTDIAL30Jan20520CE.NFO,07/01/2020,13:44:53,46,39.75,1400,43.05,7000,0,1400
JUSTDIAL30Jan20520CE.NFO,07/01/2020,13:44:58,46,39.75,1400,43.05,4200,0,1400
JUSTDIAL30Jan20520CE.NFO,07/01/2020,13:45:10,46,39.75,1400,43.05,7000,0,1400
JUSTDIAL30Jan20520CE.NFO,07/01/2020,13:45:23,46,39.75,1400,43.05,4200,0,1400
JUSTDIAL30Jan20520CE.NFO,07/01/2020,13:45:29,46,39.75,1400,43.05,1400,0,1400
JUSTDIAL30Jan20520CE.NFO,07/01/2020,13:45:36,46,39.75,1400,43.05,4200,0,1400
JUSTDIAL30Jan20520CE.NFO,07/01/2020,13:45:39,46,39.75,1400,43.05,7000,0,1400
JUSTDIAL30Jan20520CE.NFO,07/01/2020,13:45:46,46,39.75,1400,43.65,12600,0,1400
JUSTDIAL30Jan20520CE.NFO,07/01/2020,13:46:11,46,39.75,1400,43.55,12600,0,1400
JUSTDIAL30Jan20520CE.NFO,07/01/2020,13:46:15,46,39.75,1400,43.45,12600,0,1400
JUSTDIAL30Jan20520CE.NFO,07/01/2020,13:46:51,46,39.9,7000,43.45,12600,0,1400
JUSTDIAL30Jan20520CE.NFO,07/01/2020,13:46:58,46,40.6,4200,44.55,18200,0,1400
JUSTDIAL30Jan20520CE.NFO,07/01/2020,13:47:05,46,40.95,1400,43.9,12600,0,1400
JUSTDIAL30Jan20520CE.NFO,07/01/2020,13:47:11,46,41.05,1400,43.9,12600,0,1400
JUSTDIAL30Jan20520CE.NFO,07/01/2020,13:47:17,46,41.2,1400,43.9,12600,0,1400
JUSTDIAL30Jan20520CE.NFO,07/01/2020,13:47:22,46,41.25,1400,43.9,12600,0,1400
JUSTDIAL30Jan20520CE.NFO,07/01/2020,13:47:26,46,41.25,1400,43.85,11200,0,1400
JUSTDIAL30Jan20520CE.NFO,07/01/2020,13:47:32,46,41.25,1400,43.75,12600,0,1400
JUSTDIAL30Jan20520CE.NFO,07/01/2020,13:48:08,46,41.25,1400,43.75,11200,0,1400
JUSTDIAL30Jan20520CE.NFO,07/01/2020,13:48:12,46,41.25,1400,43.75,8400,0,1400
JUSTDIAL30Jan20520CE.NFO,07/01/2020,13:48:28,46,41.25,1400,44.6,12600,0,1400
JUSTDIAL30Jan20520CE.NFO,07/01/2020,13:48:37,46,41.25,1400,44.5,12600,0,1400
JUSTDIAL30Jan20520CE.NFO,07/01/2020,13:48:46,46,41.35,1400,44.5,12600,0,1400
JUSTDIAL30Jan20520CE.NFO,07/01/2020,13:49:10,46,41.35,1400,44.4,12600,0,1400
JUSTDIAL30Jan20520CE.NFO,07/01/2020,13:49:16,46,40.55,7000,44.25,12600,0,1400
JUSTDIAL30Jan20520CE.NFO,07/01/2020,13:49:21,46,40.9,1400,44.1,4200,0,1400
JUSTDIAL30Jan20520CE.NFO,07/01/2020,13:49:29,46,41.1,1400,43.95,12600,0,1400
JUSTDIAL30Jan20520CE.NFO,07/01/2020,13:50:00,46,41.2,1400,43.95,12600,0,1400
JUSTDIAL30Jan20520CE.NFO,07/01/2020,13:50:11,46,41.3,1400,43.95,9800,0,1400
JUSTDIAL30Jan20520CE.NFO,07/01/2020,13:50:19,46,40.1,9800,43.95,4200,0,1400
JUSTDIAL30Jan20520CE.NFO,07/01/2020,13:50:26,46,40.1,9800,45.15,28000,0,1400
JUSTDIAL30Jan20520CE.NFO,07/01/2020,13:50:32,46,40.75,7000,45.15,28000,0,1400
JUSTDIAL30Jan20520CE.NFO,07/01/2020,13:50:39,46,41.4,1400,44.75,9800,0,1400
JUSTDIAL30Jan20520CE.NFO,07/01/2020,13:50:47,46,41.5,1400,44.7,12600,0,1400
JUSTDIAL30Jan20520CE.NFO,07/01/2020,13:50:54,46,40.3,8400,44.45,2800,0,1400
JUSTDIAL30Jan20520CE.NFO,07/01/2020,13:51:01,46,41,1400,44.4,12600,0,1400
JUSTDIAL30Jan20520CE.NFO,07/01/2020,13:51:07,46,41.15,1400,44.4,12600,0,1400
JUSTDIAL30Jan20520CE.NFO,07/01/2020,13:51:18,46,41.15,1400,44.3,12600,0,1400
JUSTDIAL30Jan20520CE.NFO,07/01/2020,13:52:37,46,41.15,1400,44.2,12600,0,1400
JUSTDIAL30Jan20520CE.NFO,07/01/2020,13:52:45,46,41.15,1400,43.55,1400,0,1400
JUSTDIAL30Jan20520CE.NFO,07/01/2020,13:53:22,46,41.15,1400,43.45,1400,0,1400
JUSTDIAL30Jan20520CE.NFO,07/01/2020,13:53:34,46,41.35,1400,43.45,1400,0,1400
JUSTDIAL30Jan20520CE.NFO,07/01/2020,13:53:58,46,39.95,8400,43.15,1400,0,1400
JUSTDIAL30Jan20520CE.NFO,07/01/2020,13:54:04,46,40.55,4200,43.05,1400,0,1400
JUSTDIAL30Jan20520CE.NFO,07/01/2020,13:54:10,46,40.8,1400,43.05,1400,0,1400
JUSTDIAL30Jan20520CE.NFO,07/01/2020,13:54:27,46,41.05,1400,43.05,1400,0,1400
JUSTDIAL30Jan20520CE.NFO,07/01/2020,13:54:32,46,41.1,1400,43.85,9800,0,1400
JUSTDIAL30Jan20520CE.NFO,07/01/2020,13:54:37,46,41.1,1400,43.6,1400,0,1400
JUSTDIAL30Jan20520CE.NFO,07/01/2020,13:54:41,46,41.1,1400,43.5,1400,0,1400
JUSTDIAL30Jan20520CE.NFO,07/01/2020,13:54:50,46,41.1,1400,43.4,1400,0,1400
JUSTDIAL30Jan20520CE.NFO,07/01/2020,13:55:02,46,41.1,1400,43.3,1400,0,1400
JUSTDIAL30Jan20520CE.NFO,07/01/2020,13:55:09,46,41.2,1400,43.3,1400,0,1400
JUSTDIAL30Jan20520CE.NFO,07/01/2020,13:55:15,46,41.3,1400,43.3,1400,0,1400
JUSTDIAL30Jan20520CE.NFO,07/01/2020,13:55:31,46,40.65,8400,44.55,16800,0,1400
JUSTDIAL30Jan20520CE.NFO,07/01/2020,13:55:36,46,41.25,1400,44.55,16800,0,1400
JUSTDIAL30Jan20520CE.NFO,07/01/2020,13:55:40,46,41.4,1400,44.55,16800,0,1400
JUSTDIAL30Jan20520CE.NFO,07/01/2020,13:55:44,46,41.5,1400,44.55,16800,0,1400
JUSTDIAL30Jan20520CE.NFO,07/01/2020,13:55:53,46,41.6,1400,44.55,16800,0,1400
JUSTDIAL30Jan20520CE.NFO,07/01/2020,13:55:57,46,40.55,9800,44.55,16800,0,1400
JUSTDIAL30Jan20520CE.NFO,07/01/2020,13:56:03,46,41.25,1400,44.55,16800,0,1400
JUSTDIAL30Jan20520CE.NFO,07/01/2020,13:56:09,46,41.4,1400,44.55,16800,0,1400
JUSTDIAL30Jan20520CE.NFO,07/01/2020,13:56:13,46,41.5,1400,44.55,16800,0,1400
JUSTDIAL30Jan20520CE.NFO,07/01/2020,13:56:26,46,41.7,1400,44.55,16800,0,1400
JUSTDIAL30Jan20520CE.NFO,07/01/2020,13:56:31,46,40.55,9800,44,1400,0,1400
JUSTDIAL30Jan20520CE.NFO,07/01/2020,13:56:38,46,40.55,9800,43.75,1400,0,1400
JUSTDIAL30Jan20520CE.NFO,07/01/2020,13:56:44,46,40.75,1400,43.75,1400,0,1400
JUSTDIAL30Jan20520CE.NFO,07/01/2020,13:56:52,46,40.75,1400,43.55,1400,0,1400
JUSTDIAL30Jan20520CE.NFO,07/01/2020,13:57:05,46,40.75,1400,43.45,1400,0,1400
JUSTDIAL30Jan20520CE.NFO,07/01/2020,13:57:49,46,40.75,1400,43.35,1400,0,1400
JUSTDIAL30Jan20520CE.NFO,07/01/2020,13:58:31,46,40.75,1400,43.25,1400,0,1400
JUSTDIAL30Jan20520CE.NFO,07/01/2020,13:59:16,46,41.05,1400,43.25,1400,0,1400
JUSTDIAL30Jan20520CE.NFO,07/01/2020,13:59:40,46,41.15,1400,43.25,1400,0,1400
JUSTDIAL30Jan20520CE.NFO,07/01/2020,13:59:44,46,41.25,1400,43.25,1400,0,1400
JUSTDIAL30Jan20520CE.NFO,07/01/2020,14:00:41,46,41.25,1400,44.3,23800,0,1400
JUSTDIAL30Jan20520CE.NFO,07/01/2020,14:00:48,46,41.35,1400,43.5,1400,0,1400
JUSTDIAL30Jan20520CE.NFO,07/01/2020,14:01:00,46,40.35,9800,43.5,1400,0,1400
JUSTDIAL30Jan20520CE.NFO,07/01/2020,14:01:06,46,40.5,9800,43.4,1400,0,1400
JUSTDIAL30Jan20520CE.NFO,07/01/2020,14:01:11,46,40.95,1400,43.4,1400,0,1400
JUSTDIAL30Jan20520CE.NFO,07/01/2020,14:01:14,46,41.15,1400,43.4,1400,0,1400
JUSTDIAL30Jan20520CE.NFO,07/01/2020,14:01:23,46,41.15,1400,43.3,1400,0,1400
JUSTDIAL30Jan20520CE.NFO,07/01/2020,14:01:35,46,41.25,1400,43.3,1400,0,1400
JUSTDIAL30Jan20520CE.NFO,07/01/2020,14:01:57,46,41.35,1400,43.3,1400,0,1400
JUSTDIAL30Jan20520CE.NFO,07/01/2020,14:02:01,46,41.45,1400,43.3,1400,0,1400
JUSTDIAL30Jan20520CE.NFO,07/01/2020,14:02:09,46,41.55,1400,43.3,1400,0,1400
JUSTDIAL30Jan20520CE.NFO,07/01/2020,14:02:12,46,40.35,11200,43.3,1400,0,1400
