Ticker,Date,Time,LTP,BuyPrice,BuyQty,SellPrice,SellQty,LTQ,OpenInterest
JUSTDIAL30Jan20680CE.NFO,07/01/2020,10:15:03,0.95,0.35,1400,1.7,2800,1400,9800
JUSTDIAL30Jan20680CE.NFO,07/01/2020,10:15:03,0.95,0.35,1400,1.7,2800,0,9800
JUSTDIAL30Jan20680CE.NFO,07/01/2020,10:15:03,0.95,0.35,1400,1.7,2800,0,9800
JUSTDIAL30Jan20680CE.NFO,07/01/2020,10:15:03,0.95,0.35,1400,1.7,2800,0,9800
JUSTDIAL30Jan20680CE.NFO,07/01/2020,10:15:28,0.95,0.35,1400,1.65,1400,0,9800
JUSTDIAL30Jan20680CE.NFO,07/01/2020,10:17:39,0.95,0.35,1400,1.75,4200,0,9800
JUSTDIAL30Jan20680CE.NFO,07/01/2020,10:20:16,0.95,0.35,1400,1.6,1400,0,9800
JUSTDIAL30Jan20680CE.NFO,07/01/2020,10:21:01,0.95,0.35,1400,1.5,1400,0,9800
JUSTDIAL30Jan20680CE.NFO,07/01/2020,10:21:46,0.95,0.35,1400,1.45,1400,0,9800
JUSTDIAL30Jan20680CE.NFO,07/01/2020,10:22:14,0.95,0.35,1400,1.7,4200,0,9800
JUSTDIAL30Jan20680CE.NFO,07/01/2020,10:22:17,0.95,0.35,1400,1.6,1400,0,9800
JUSTDIAL30Jan20680CE.NFO,07/01/2020,10:24:19,0.95,0.35,1400,1.55,1400,0,9800
JUSTDIAL30Jan20680CE.NFO,07/01/2020,10:28:28,0.95,0.4,1400,1.55,1400,0,9800
JUSTDIAL30Jan20680CE.NFO,07/01/2020,10:28:32,0.95,0.45,2800,1.55,1400,0,9800
JUSTDIAL30Jan20680CE.NFO,07/01/2020,10:29:05,0.95,0.45,2800,1.5,1400,0,9800
JUSTDIAL30Jan20680CE.NFO,07/01/2020,10:29:08,0.95,0.45,2800,1.45,1400,0,9800
JUSTDIAL30Jan20680CE.NFO,07/01/2020,10:33:53,0.95,0.45,2800,1.65,1400,0,9800
JUSTDIAL30Jan20680CE.NFO,07/01/2020,10:34:31,0.95,0.35,2800,1.65,1400,0,9800
JUSTDIAL30Jan20680CE.NFO,07/01/2020,10:43:31,0.95,0.35,2800,1.75,7000,0,9800
JUSTDIAL30Jan20680CE.NFO,07/01/2020,10:44:37,0.95,0.4,2800,1.75,7000,0,9800
JUSTDIAL30Jan20680CE.NFO,07/01/2020,10:44:44,0.95,0.45,2800,1.75,7000,0,9800
JUSTDIAL30Jan20680CE.NFO,07/01/2020,10:47:15,0.95,0.45,2800,1.75,4200,0,9800
JUSTDIAL30Jan20680CE.NFO,07/01/2020,10:49:07,0.95,0.5,1400,1.75,4200,0,9800
JUSTDIAL30Jan20680CE.NFO,07/01/2020,10:49:30,0.95,0.5,1400,1.75,7000,0,9800
JUSTDIAL30Jan20680CE.NFO,07/01/2020,10:49:48,0.95,0.5,1400,1.75,4200,0,9800
JUSTDIAL30Jan20680CE.NFO,07/01/2020,10:50:05,0.95,0.5,1400,1.75,7000,0,9800
JUSTDIAL30Jan20680CE.NFO,07/01/2020,10:50:25,0.95,0.5,1400,1.75,4200,0,9800
JUSTDIAL30Jan20680CE.NFO,07/01/2020,10:50:34,0.95,0.5,1400,1.75,7000,0,9800
JUSTDIAL30Jan20680CE.NFO,07/01/2020,10:50:48,0.95,0.55,2800,1.75,7000,0,9800
JUSTDIAL30Jan20680CE.NFO,07/01/2020,10:51:39,0.95,0.55,2800,1.75,4200,0,9800
JUSTDIAL30Jan20680CE.NFO,07/01/2020,10:51:53,0.95,0.55,2800,1.75,7000,0,9800
JUSTDIAL30Jan20680CE.NFO,07/01/2020,10:53:03,0.95,0.55,2800,1.75,4200,0,9800
JUSTDIAL30Jan20680CE.NFO,07/01/2020,10:59:06,0.95,0.6,1400,1.75,4200,0,9800
JUSTDIAL30Jan20680CE.NFO,07/01/2020,10:59:13,0.95,0.65,2800,1.7,4200,0,9800
JUSTDIAL30Jan20680CE.NFO,07/01/2020,10:59:19,0.95,0.65,2800,1.65,1400,0,9800
JUSTDIAL30Jan20680CE.NFO,07/01/2020,11:04:22,0.95,0.65,2800,1.65,4200,0,9800
JUSTDIAL30Jan20680CE.NFO,07/01/2020,11:05:44,0.95,0.65,2800,1.5,1400,0,9800
JUSTDIAL30Jan20680CE.NFO,07/01/2020,11:07:16,0.95,0.65,2800,1.65,4200,0,9800
JUSTDIAL30Jan20680CE.NFO,07/01/2020,11:07:27,0.95,0.65,2800,1.65,1400,0,9800
JUSTDIAL30Jan20680CE.NFO,07/01/2020,11:07:54,0.95,0.65,2800,1.65,4200,0,9800
JUSTDIAL30Jan20680CE.NFO,07/01/2020,11:08:00,0.95,0.65,2800,1.65,1400,0,9800
JUSTDIAL30Jan20680CE.NFO,07/01/2020,11:08:59,0.95,0.65,2800,1.65,4200,0,9800
JUSTDIAL30Jan20680CE.NFO,07/01/2020,11:09:04,0.95,0.65,2800,1.65,1400,0,9800
JUSTDIAL30Jan20680CE.NFO,07/01/2020,11:09:08,0.95,0.65,2800,1.65,4200,0,9800
JUSTDIAL30Jan20680CE.NFO,07/01/2020,11:10:54,0.95,0.65,2800,1.65,1400,0,9800
JUSTDIAL30Jan20680CE.NFO,07/01/2020,11:11:02,0.95,0.65,2800,1.65,4200,0,9800
JUSTDIAL30Jan20680CE.NFO,07/01/2020,11:14:17,0.95,0.65,2800,1.65,1400,0,9800
JUSTDIAL30Jan20680CE.NFO,07/01/2020,11:14:59,0.95,0.65,2800,1.65,4200,0,9800
JUSTDIAL30Jan20680CE.NFO,07/01/2020,11:16:26,0.95,0.65,2800,1.65,1400,0,9800
JUSTDIAL30Jan20680CE.NFO,07/01/2020,11:17:01,0.95,0.65,2800,1.65,4200,0,9800
JUSTDIAL30Jan20680CE.NFO,07/01/2020,11:18:38,0.95,0.65,2800,1.65,1400,0,9800
JUSTDIAL30Jan20680CE.NFO,07/01/2020,11:19:13,0.95,0.65,2800,1.65,4200,0,9800
JUSTDIAL30Jan20680CE.NFO,07/01/2020,11:19:36,0.95,0.65,2800,1.65,1400,0,9800
JUSTDIAL30Jan20680CE.NFO,07/01/2020,11:19:48,0.95,0.65,2800,1.65,4200,0,9800
JUSTDIAL30Jan20680CE.NFO,07/01/2020,11:20:15,0.95,0.65,2800,1.65,1400,0,9800
JUSTDIAL30Jan20680CE.NFO,07/01/2020,12:10:40,0.95,0.7,4200,1.65,1400,0,9800
JUSTDIAL30Jan20680CE.NFO,07/01/2020,12:26:35,0.95,0.7,4200,1.65,4200,0,9800
JUSTDIAL30Jan20680CE.NFO,07/01/2020,12:26:39,0.95,0.7,4200,1.65,1400,0,9800
JUSTDIAL30Jan20680CE.NFO,07/01/2020,12:27:07,0.95,0.7,4200,1.65,4200,0,9800
JUSTDIAL30Jan20680CE.NFO,07/01/2020,12:27:52,0.95,0.7,4200,1.65,1400,0,9800
JUSTDIAL30Jan20680CE.NFO,07/01/2020,12:28:37,0.95,0.7,4200,1.65,4200,0,9800
JUSTDIAL30Jan20680CE.NFO,07/01/2020,12:32:34,0.95,0.7,4200,1.65,7000,0,9800
JUSTDIAL30Jan20680CE.NFO,07/01/2020,12:38:49,0.95,0.7,4200,1.65,4200,0,9800
JUSTDIAL30Jan20680CE.NFO,07/01/2020,12:39:17,0.95,0.7,4200,1.65,7000,0,9800
JUSTDIAL30Jan20680CE.NFO,07/01/2020,12:39:21,0.95,0.7,4200,1.65,4200,0,9800
JUSTDIAL30Jan20680CE.NFO,07/01/2020,12:40:16,0.95,0.75,1400,1.65,4200,0,9800
JUSTDIAL30Jan20680CE.NFO,07/01/2020,12:41:04,0.95,0.75,1400,1.65,7000,0,9800
JUSTDIAL30Jan20680CE.NFO,07/01/2020,12:41:11,0.95,0.75,1400,1.65,4200,0,9800
JUSTDIAL30Jan20680CE.NFO,07/01/2020,12:41:20,0.95,0.75,1400,1.65,7000,0,9800
JUSTDIAL30Jan20680CE.NFO,07/01/2020,12:41:32,0.95,0.75,1400,1.65,4200,0,9800
JUSTDIAL30Jan20680CE.NFO,07/01/2020,12:42:27,0.95,0.75,1400,1.65,7000,0,9800
JUSTDIAL30Jan20680CE.NFO,07/01/2020,12:42:29,0.95,0.75,1400,1.65,4200,0,9800
JUSTDIAL30Jan20680CE.NFO,07/01/2020,12:42:42,0.95,0.75,1400,1.65,7000,0,9800
JUSTDIAL30Jan20680CE.NFO,07/01/2020,12:44:22,0.95,0.75,1400,1.65,4200,0,9800
JUSTDIAL30Jan20680CE.NFO,07/01/2020,13:00:09,0.95,0.75,1400,1.65,7000,0,9800
JUSTDIAL30Jan20680CE.NFO,07/01/2020,13:03:40,0.95,0.75,1400,1.65,9800,0,9800
JUSTDIAL30Jan20680CE.NFO,07/01/2020,13:03:53,0.95,0.75,1400,1.65,12600,0,9800
JUSTDIAL30Jan20680CE.NFO,07/01/2020,13:03:58,0.95,0.75,1400,1.65,15400,0,9800
JUSTDIAL30Jan20680CE.NFO,07/01/2020,13:04:03,0.95,0.75,1400,1.65,12600,0,9800
JUSTDIAL30Jan20680CE.NFO,07/01/2020,13:04:41,0.95,0.75,1400,1.65,9800,0,9800
JUSTDIAL30Jan20680CE.NFO,07/01/2020,13:05:00,0.95,0.75,1400,1.65,12600,0,9800
JUSTDIAL30Jan20680CE.NFO,07/01/2020,13:05:15,0.95,0.75,1400,1.65,4200,0,9800
JUSTDIAL30Jan20680CE.NFO,07/01/2020,13:06:02,0.95,0.75,1400,1.65,7000,0,9800
JUSTDIAL30Jan20680CE.NFO,07/01/2020,13:07:09,0.95,0.75,1400,1.65,4200,0,9800
JUSTDIAL30Jan20680CE.NFO,07/01/2020,13:07:44,0.95,0.75,1400,1.65,7000,0,9800
JUSTDIAL30Jan20680CE.NFO,07/01/2020,13:08:08,0.95,0.75,1400,1.65,4200,0,9800
JUSTDIAL30Jan20680CE.NFO,07/01/2020,13:08:28,0.95,0.75,1400,1.65,7000,0,9800
JUSTDIAL30Jan20680CE.NFO,07/01/2020,13:08:37,0.95,0.75,1400,1.65,4200,0,9800
JUSTDIAL30Jan20680CE.NFO,07/01/2020,13:09:29,0.95,0.75,1400,1.65,7000,0,9800
JUSTDIAL30Jan20680CE.NFO,07/01/2020,13:09:36,0.95,0.75,1400,1.65,4200,0,9800
JUSTDIAL30Jan20680CE.NFO,07/01/2020,13:10:13,0.95,0.75,1400,1.65,7000,0,9800
JUSTDIAL30Jan20680CE.NFO,07/01/2020,13:10:22,0.95,0.75,1400,1.65,4200,0,9800
JUSTDIAL30Jan20680CE.NFO,07/01/2020,13:13:16,0.95,0.75,1400,1.65,7000,0,9800
JUSTDIAL30Jan20680CE.NFO,07/01/2020,13:13:20,0.95,0.75,1400,1.65,4200,0,9800
JUSTDIAL30Jan20680CE.NFO,07/01/2020,13:13:29,0.95,0.75,1400,1.65,7000,0,9800
JUSTDIAL30Jan20680CE.NFO,07/01/2020,13:16:59,0.95,0.75,1400,1.65,4200,0,9800
JUSTDIAL30Jan20680CE.NFO,07/01/2020,13:28:56,0.95,0.75,1400,1.65,7000,0,9800
JUSTDIAL30Jan20680CE.NFO,07/01/2020,13:29:29,0.95,0.75,1400,1.65,9800,0,9800
JUSTDIAL30Jan20680CE.NFO,07/01/2020,13:29:41,0.95,0.75,1400,1.65,7000,0,9800
JUSTDIAL30Jan20680CE.NFO,07/01/2020,13:29:47,0.95,0.75,1400,1.65,9800,0,9800
JUSTDIAL30Jan20680CE.NFO,07/01/2020,13:29:53,0.95,0.75,1400,1.65,12600,0,9800
JUSTDIAL30Jan20680CE.NFO,07/01/2020,13:30:12,0.95,0.75,1400,1.65,9800,0,9800
JUSTDIAL30Jan20680CE.NFO,07/01/2020,13:31:41,0.95,0.75,1400,1.65,12600,0,9800
JUSTDIAL30Jan20680CE.NFO,07/01/2020,13:33:33,0.95,0.75,1400,1.65,15400,0,9800
JUSTDIAL30Jan20680CE.NFO,07/01/2020,13:33:43,0.95,0.75,1400,1.65,12600,0,9800
JUSTDIAL30Jan20680CE.NFO,07/01/2020,13:36:00,0.95,0.75,1400,1.65,9800,0,9800
JUSTDIAL30Jan20680CE.NFO,07/01/2020,13:36:05,0.95,0.75,1400,1.65,12600,0,9800
JUSTDIAL30Jan20680CE.NFO,07/01/2020,13:36:16,0.95,0.75,1400,1.65,9800,0,9800
JUSTDIAL30Jan20680CE.NFO,07/01/2020,13:36:20,0.95,0.75,1400,1.65,12600,0,9800
JUSTDIAL30Jan20680CE.NFO,07/01/2020,13:37:15,0.95,0.75,1400,1.65,7000,0,9800
JUSTDIAL30Jan20680CE.NFO,07/01/2020,13:37:19,0.95,0.75,1400,1.65,12600,0,9800
JUSTDIAL30Jan20680CE.NFO,07/01/2020,13:37:22,0.95,0.75,1400,1.65,9800,0,9800
JUSTDIAL30Jan20680CE.NFO,07/01/2020,13:37:25,0.95,0.75,1400,1.65,12600,0,9800
JUSTDIAL30Jan20680CE.NFO,07/01/2020,13:38:21,0.95,0.75,1400,1.65,9800,0,9800
JUSTDIAL30Jan20680CE.NFO,07/01/2020,13:38:27,0.95,0.75,1400,1.65,12600,0,9800
JUSTDIAL30Jan20680CE.NFO,07/01/2020,13:38:55,0.95,0.75,1400,1.65,7000,0,9800
JUSTDIAL30Jan20680CE.NFO,07/01/2020,13:38:59,0.95,0.75,1400,1.65,9800,0,9800
JUSTDIAL30Jan20680CE.NFO,07/01/2020,13:39:04,0.95,0.75,1400,1.65,7000,0,9800
JUSTDIAL30Jan20680CE.NFO,07/01/2020,13:39:09,0.95,0.75,1400,1.65,9800,0,9800
JUSTDIAL30Jan20680CE.NFO,07/01/2020,13:39:13,0.95,0.75,1400,1.65,7000,0,9800
JUSTDIAL30Jan20680CE.NFO,07/01/2020,13:39:21,0.95,0.75,1400,1.65,9800,0,9800
JUSTDIAL30Jan20680CE.NFO,07/01/2020,13:39:29,0.95,0.75,1400,1.65,7000,0,9800
JUSTDIAL30Jan20680CE.NFO,07/01/2020,13:39:38,0.95,0.75,1400,1.65,9800,0,9800
JUSTDIAL30Jan20680CE.NFO,07/01/2020,13:39:42,0.95,0.75,1400,1.65,12600,0,9800
JUSTDIAL30Jan20680CE.NFO,07/01/2020,13:40:48,0.95,0.75,1400,1.65,7000,0,9800
JUSTDIAL30Jan20680CE.NFO,07/01/2020,13:41:52,0.95,0.75,1400,1.65,9800,0,9800
JUSTDIAL30Jan20680CE.NFO,07/01/2020,13:42:07,0.95,0.75,1400,1.65,7000,0,9800
JUSTDIAL30Jan20680CE.NFO,07/01/2020,13:47:22,0.95,0.75,1400,1.6,4200,0,9800
JUSTDIAL30Jan20680CE.NFO,07/01/2020,13:55:53,0.95,0.75,1400,1.6,1400,0,9800
JUSTDIAL30Jan20680CE.NFO,07/01/2020,13:55:57,0.95,0.75,1400,1.6,4200,0,9800
JUSTDIAL30Jan20680CE.NFO,07/01/2020,13:56:26,0.95,0.75,1400,1.6,1400,0,9800
JUSTDIAL30Jan20680CE.NFO,07/01/2020,13:56:31,0.95,0.75,1400,1.6,4200,0,9800
JUSTDIAL30Jan20680CE.NFO,07/01/2020,13:56:48,0.95,0.75,1400,1.55,1400,0,9800
JUSTDIAL30Jan20680CE.NFO,07/01/2020,14:08:40,0.95,0.75,1400,1.55,4200,0,9800
JUSTDIAL30Jan20680CE.NFO,07/01/2020,14:08:58,0.95,0.75,1400,1.55,1400,0,9800
JUSTDIAL30Jan20680CE.NFO,07/01/2020,14:09:05,0.95,0.75,1400,1.55,4200,0,9800
JUSTDIAL30Jan20680CE.NFO,07/01/2020,14:09:10,0.95,0.75,1400,1.55,1400,0,9800
JUSTDIAL30Jan20680CE.NFO,07/01/2020,14:24:24,0.95,0.75,1400,1.55,4200,0,9800
JUSTDIAL30Jan20680CE.NFO,07/01/2020,14:33:10,0.95,0.75,1400,1.55,1400,0,9800
JUSTDIAL30Jan20680CE.NFO,07/01/2020,14:33:22,0.95,0.75,1400,1.55,4200,0,9800
JUSTDIAL30Jan20680CE.NFO,07/01/2020,15:28:45,0.95,0.75,1400,1.5,1400,0,9800
