Ticker,Date,Time,LTP,BuyPrice,BuyQty,SellPrice,SellQty,LTQ,OpenInterest
LT30Jan201240PE.NFO,07/01/2020,09:18:10,5.05,5.05,1125,5.8,375,375,177750
LT30Jan201240PE.NFO,07/01/2020,09:18:10,5.05,5.05,1125,5.8,375,0,177750
LT30Jan201240PE.NFO,07/01/2020,09:18:10,5.05,5.05,1125,5.8,375,0,177750
LT30Jan201240PE.NFO,07/01/2020,09:18:10,5.05,5.05,1125,5.8,375,0,177750
LT30Jan201240PE.NFO,07/01/2020,09:18:18,5.05,5.05,1500,5.8,1125,375,177750
LT30Jan201240PE.NFO,07/01/2020,09:18:25,5.05,5.05,1500,5.8,1125,0,177750
LT30Jan201240PE.NFO,07/01/2020,09:18:32,5.05,5.15,1500,5.8,1500,375,177750
LT30Jan201240PE.NFO,07/01/2020,09:18:40,5.5,5.2,2625,6,750,375,177750
LT30Jan201240PE.NFO,07/01/2020,09:18:40,5.5,5.2,2625,6,750,0,177750
LT30Jan201240PE.NFO,07/01/2020,09:18:48,5.5,5.2,2625,6,2250,0,177750
LT30Jan201240PE.NFO,07/01/2020,09:18:55,5.5,5.2,2625,6,1125,0,177750
LT30Jan201240PE.NFO,07/01/2020,09:19:02,5.5,5.55,3000,5.95,2625,0,177750
LT30Jan201240PE.NFO,07/01/2020,09:19:09,5.9,5.7,375,5.95,2625,375,177750
LT30Jan201240PE.NFO,07/01/2020,09:19:09,5.9,5.7,375,5.95,2625,0,177750
LT30Jan201240PE.NFO,07/01/2020,09:19:16,5.9,5.7,375,5.95,2625,0,177750
LT30Jan201240PE.NFO,07/01/2020,09:19:57,5.9,5.65,4125,5.95,2625,0,177750
LT30Jan201240PE.NFO,07/01/2020,09:20:03,5.9,5.65,1125,5.95,2625,0,177750
LT30Jan201240PE.NFO,07/01/2020,09:20:54,5.65,5.45,375,5.7,375,1125,177750
LT30Jan201240PE.NFO,07/01/2020,09:21:01,5.65,5.4,375,5.7,2250,0,177750
LT30Jan201240PE.NFO,07/01/2020,09:21:16,5.65,5.4,375,5.65,2625,0,177750
LT30Jan201240PE.NFO,07/01/2020,09:22:03,5.65,5.4,375,5.55,2250,375,177750
LT30Jan201240PE.NFO,07/01/2020,09:22:10,5.65,5.4,375,5.55,2250,0,177750
LT30Jan201240PE.NFO,07/01/2020,09:22:23,5.65,5.4,375,5.55,2625,0,177750
LT30Jan201240PE.NFO,07/01/2020,09:22:30,5.65,5.4,375,5.55,1875,0,177750
LT30Jan201240PE.NFO,07/01/2020,09:22:43,5.65,5.4,375,5.55,2625,0,177750
LT30Jan201240PE.NFO,07/01/2020,09:23:02,5.65,5.4,375,5.5,3000,0,177750
LT30Jan201240PE.NFO,07/01/2020,09:23:14,5.65,5.35,375,5.5,3000,0,177750
LT30Jan201240PE.NFO,07/01/2020,09:23:19,5.65,5.35,375,5.5,2625,0,177750
LT30Jan201240PE.NFO,07/01/2020,09:23:26,5.45,5.35,375,5.5,2625,375,178125
LT30Jan201240PE.NFO,07/01/2020,09:23:38,5.45,5.35,375,5.5,2250,0,178125
LT30Jan201240PE.NFO,07/01/2020,09:23:44,5.5,5.3,375,5.65,2250,375,178125
LT30Jan201240PE.NFO,07/01/2020,09:23:50,5.5,5.35,375,5.65,2250,0,178125
LT30Jan201240PE.NFO,07/01/2020,09:23:56,5.5,5.35,375,5.65,2625,0,178125
LT30Jan201240PE.NFO,07/01/2020,09:24:14,5.5,5.35,375,5.6,3000,0,178125
LT30Jan201240PE.NFO,07/01/2020,09:24:20,5.5,5.35,375,5.6,3750,0,178125
LT30Jan201240PE.NFO,07/01/2020,09:24:25,5.5,5.35,375,5.6,3375,0,178125
LT30Jan201240PE.NFO,07/01/2020,09:24:31,5.5,5.3,375,5.5,1125,0,178125
LT30Jan201240PE.NFO,07/01/2020,09:24:42,5.5,5.3,375,5.5,375,750,178125
LT30Jan201240PE.NFO,07/01/2020,09:24:47,5.5,5.3,375,5.5,375,0,178125
LT30Jan201240PE.NFO,07/01/2020,09:24:59,5.5,5.3,375,5.5,750,0,178125
LT30Jan201240PE.NFO,07/01/2020,09:25:05,5.5,5.3,375,5.5,2625,0,178125
LT30Jan201240PE.NFO,07/01/2020,09:25:17,5.5,5.3,375,5.5,750,0,178125
LT30Jan201240PE.NFO,07/01/2020,09:25:24,5.5,5.3,375,5.55,375,375,178125
LT30Jan201240PE.NFO,07/01/2020,09:25:30,5.5,5.3,375,5.55,375,0,178125
LT30Jan201240PE.NFO,07/01/2020,09:26:03,5.5,5.3,3375,5.55,375,750,178125
LT30Jan201240PE.NFO,07/01/2020,09:26:10,5.5,5.3,3375,5.55,375,0,178125
LT30Jan201240PE.NFO,07/01/2020,09:26:40,5.55,5.3,3375,5.6,1875,375,178875
LT30Jan201240PE.NFO,07/01/2020,09:27:03,5.55,5.3,3375,5.6,1875,0,178875
LT30Jan201240PE.NFO,07/01/2020,09:27:14,5.6,5.4,2625,5.65,750,1500,178875
LT30Jan201240PE.NFO,07/01/2020,09:27:19,5.6,5.4,3375,5.65,750,0,178875
LT30Jan201240PE.NFO,07/01/2020,09:27:25,5.6,5.4,3750,5.7,750,0,178875
LT30Jan201240PE.NFO,07/01/2020,09:27:31,5.6,5.5,1500,5.7,1125,0,178875
LT30Jan201240PE.NFO,07/01/2020,09:27:37,5.6,5.5,3375,5.75,375,0,178875
LT30Jan201240PE.NFO,07/01/2020,09:27:43,5.7,5.6,3375,5.9,375,1125,178875
LT30Jan201240PE.NFO,07/01/2020,09:27:49,5.9,5.75,750,5.95,1875,375,178875
LT30Jan201240PE.NFO,07/01/2020,09:27:56,5.9,5.75,1875,6.1,5625,0,178875
LT30Jan201240PE.NFO,07/01/2020,09:28:10,5.9,5.85,1875,6.1,2250,0,178875
LT30Jan201240PE.NFO,07/01/2020,09:28:32,5.9,5.85,1875,6.1,1875,0,178875
LT30Jan201240PE.NFO,07/01/2020,09:29:16,5.9,5.95,1875,6.25,2250,0,178875
LT30Jan201240PE.NFO,07/01/2020,09:29:27,5.9,6.05,375,6.25,1875,0,178875
LT30Jan201240PE.NFO,07/01/2020,09:29:33,5.9,6.05,1500,6.25,1875,0,178875
LT30Jan201240PE.NFO,07/01/2020,09:29:39,5.9,6.05,375,6.25,1875,0,178875
LT30Jan201240PE.NFO,07/01/2020,09:29:43,5.9,6.05,375,6.25,2250,0,178875
LT30Jan201240PE.NFO,07/01/2020,09:30:06,6.05,6.05,375,6.25,2250,750,176625
LT30Jan201240PE.NFO,07/01/2020,09:30:06,6.05,6.05,375,6.25,2250,0,176625
LT30Jan201240PE.NFO,07/01/2020,09:30:11,6.05,6,1875,6.25,2250,0,176625
LT30Jan201240PE.NFO,07/01/2020,09:30:22,6,5.95,1500,6.25,5250,750,176625
LT30Jan201240PE.NFO,07/01/2020,09:30:27,6,5.95,1125,6.25,5250,0,176625
LT30Jan201240PE.NFO,07/01/2020,09:30:32,6,5.95,1500,6.25,5250,0,176625
LT30Jan201240PE.NFO,07/01/2020,09:30:37,5.95,5.95,750,6.25,6375,375,176625
LT30Jan201240PE.NFO,07/01/2020,09:30:46,5.95,5.9,1125,6.25,6375,0,176625
LT30Jan201240PE.NFO,07/01/2020,09:30:51,5.95,5.9,1500,6.25,6375,0,176625
LT30Jan201240PE.NFO,07/01/2020,09:31:01,5.95,5.9,1125,6.25,6375,0,176625
LT30Jan201240PE.NFO,07/01/2020,09:31:07,5.9,5.8,750,6.25,6375,375,176625
LT30Jan201240PE.NFO,07/01/2020,09:31:13,5.9,5.8,1125,6.15,6375,0,176625
LT30Jan201240PE.NFO,07/01/2020,09:31:20,5.9,5.75,750,6.15,7500,0,176625
LT30Jan201240PE.NFO,07/01/2020,09:31:53,5.9,5.75,1125,6.15,7500,0,176625
LT30Jan201240PE.NFO,07/01/2020,09:32:15,5.9,5.7,375,6.15,7500,0,176625
LT30Jan201240PE.NFO,07/01/2020,09:32:21,5.9,5.65,750,6.15,7500,0,176625
LT30Jan201240PE.NFO,07/01/2020,09:32:28,5.9,5.6,1500,6.15,7500,0,176625
LT30Jan201240PE.NFO,07/01/2020,09:32:33,5.6,5.6,750,5.8,375,1875,177375
LT30Jan201240PE.NFO,07/01/2020,09:32:38,5.6,5.6,750,5.85,2250,0,177375
LT30Jan201240PE.NFO,07/01/2020,09:32:44,5.6,5.6,750,5.85,3375,0,177375
LT30Jan201240PE.NFO,07/01/2020,09:32:50,5.6,5.6,375,5.85,3375,0,177375
LT30Jan201240PE.NFO,07/01/2020,09:33:08,5.6,5.6,750,5.85,3375,0,177375
LT30Jan201240PE.NFO,07/01/2020,09:33:24,5.6,5.55,375,5.85,3375,0,177375
LT30Jan201240PE.NFO,07/01/2020,09:33:29,5.6,5.6,750,5.85,3375,0,177375
LT30Jan201240PE.NFO,07/01/2020,09:33:34,5.6,5.55,375,5.85,3375,0,177375
LT30Jan201240PE.NFO,07/01/2020,09:34:03,5.6,5.6,1875,5.85,3375,0,177375
LT30Jan201240PE.NFO,07/01/2020,09:34:13,5.6,5.6,2250,5.85,1500,0,177375
LT30Jan201240PE.NFO,07/01/2020,09:34:29,5.6,5.7,1875,5.85,1500,0,177375
LT30Jan201240PE.NFO,07/01/2020,09:34:57,5.7,5.6,1875,5.85,1500,1125,177375
LT30Jan201240PE.NFO,07/01/2020,09:35:03,5.7,5.5,375,5.75,3000,0,177375
LT30Jan201240PE.NFO,07/01/2020,09:35:51,5.7,5.55,375,5.75,3000,0,177375
LT30Jan201240PE.NFO,07/01/2020,09:36:02,5.7,5.5,375,5.75,3000,0,177375
LT30Jan201240PE.NFO,07/01/2020,09:36:13,5.7,5.4,375,5.75,6375,0,177375
LT30Jan201240PE.NFO,07/01/2020,09:36:39,5.7,5.35,3000,5.75,6375,0,177375
LT30Jan201240PE.NFO,07/01/2020,09:36:53,5.7,5.4,375,5.75,6375,0,177375
LT30Jan201240PE.NFO,07/01/2020,09:36:57,5.45,5.35,375,5.5,375,750,175500
LT30Jan201240PE.NFO,07/01/2020,09:37:02,5.45,5.4,375,5.55,1500,0,175500
LT30Jan201240PE.NFO,07/01/2020,09:37:25,5.45,5.4,1500,5.6,1500,0,175500
LT30Jan201240PE.NFO,07/01/2020,09:37:30,5.45,5.4,1500,5.6,375,0,175500
LT30Jan201240PE.NFO,07/01/2020,09:37:34,5.45,5.45,1875,5.65,375,0,175500
LT30Jan201240PE.NFO,07/01/2020,09:37:46,5.45,5.45,1875,5.6,1125,0,175500
LT30Jan201240PE.NFO,07/01/2020,09:38:08,5.45,5.45,750,5.6,1125,0,175500
LT30Jan201240PE.NFO,07/01/2020,09:39:04,5.45,5.5,750,5.6,1125,0,175500
LT30Jan201240PE.NFO,07/01/2020,09:39:27,5.5,5.4,375,5.5,1125,375,175875
LT30Jan201240PE.NFO,07/01/2020,09:39:31,5.5,5.4,375,5.5,1125,0,175875
LT30Jan201240PE.NFO,07/01/2020,09:39:36,5.5,5.4,375,5.5,750,375,175875
LT30Jan201240PE.NFO,07/01/2020,09:39:40,5.5,5.4,1500,5.6,2625,750,175875
LT30Jan201240PE.NFO,07/01/2020,09:39:44,5.5,5.5,750,5.65,1500,0,175875
LT30Jan201240PE.NFO,07/01/2020,09:40:04,5.5,5.45,375,5.65,3000,0,175875
LT30Jan201240PE.NFO,07/01/2020,09:40:15,5.5,5.5,750,5.65,1500,0,175875
LT30Jan201240PE.NFO,07/01/2020,09:40:20,5.5,5.5,2250,5.7,1500,0,175875
LT30Jan201240PE.NFO,07/01/2020,09:40:45,5.5,5.5,2250,5.7,1875,0,175875
LT30Jan201240PE.NFO,07/01/2020,09:40:50,5.5,5.5,2250,5.7,1500,0,175875
LT30Jan201240PE.NFO,07/01/2020,09:40:54,5.5,5.5,750,5.7,1875,0,175875
LT30Jan201240PE.NFO,07/01/2020,09:41:04,5.5,5.35,750,5.55,3375,750,175875
LT30Jan201240PE.NFO,07/01/2020,09:41:10,5.5,5.35,375,5.55,3750,0,175875
LT30Jan201240PE.NFO,07/01/2020,09:41:19,5.5,5.35,750,5.5,2625,0,175875
LT30Jan201240PE.NFO,07/01/2020,09:41:24,5.5,5.35,375,5.5,2625,0,175875
LT30Jan201240PE.NFO,07/01/2020,09:41:28,5.5,5.25,1875,5.5,3000,0,175875
LT30Jan201240PE.NFO,07/01/2020,09:41:33,5.5,5.25,1875,5.5,2625,0,175875
LT30Jan201240PE.NFO,07/01/2020,09:41:38,5.5,5.25,1125,5.5,2625,0,175875
LT30Jan201240PE.NFO,07/01/2020,09:41:53,5.2,5.15,375,5.5,6000,375,175875
LT30Jan201240PE.NFO,07/01/2020,09:42:00,5.2,5.1,1875,5.5,6000,0,176250
LT30Jan201240PE.NFO,07/01/2020,09:42:06,5.2,5.05,375,5.5,6000,0,176250
LT30Jan201240PE.NFO,07/01/2020,09:42:26,5,4.9,1875,5.5,6000,750,176250
LT30Jan201240PE.NFO,07/01/2020,09:42:26,5,4.9,1875,5.5,6000,0,176250
LT30Jan201240PE.NFO,07/01/2020,09:42:33,5,4.8,2250,5.5,6000,0,176250
LT30Jan201240PE.NFO,07/01/2020,09:42:40,5,4.8,375,5.5,6000,0,176250
LT30Jan201240PE.NFO,07/01/2020,09:42:46,5,4.8,375,5.3,8625,0,176250
LT30Jan201240PE.NFO,07/01/2020,09:42:53,5,4.9,375,5.3,9750,0,176250
LT30Jan201240PE.NFO,07/01/2020,09:42:59,5,4.9,1125,5.3,9750,0,176250
LT30Jan201240PE.NFO,07/01/2020,09:43:05,5,4.9,750,5.3,9750,0,176250
LT30Jan201240PE.NFO,07/01/2020,09:43:31,5,4.9,750,5.15,1875,0,176250
LT30Jan201240PE.NFO,07/01/2020,09:43:36,5,4.9,750,5.15,1500,0,176250
LT30Jan201240PE.NFO,07/01/2020,09:43:45,5,4.9,750,5.15,2625,0,176250
LT30Jan201240PE.NFO,07/01/2020,09:43:59,5,4.9,750,5.15,1125,0,176250
LT30Jan201240PE.NFO,07/01/2020,09:44:04,5,5,1875,5.2,1500,0,176250
LT30Jan201240PE.NFO,07/01/2020,09:44:09,5,5,2250,5.15,1875,375,176250
LT30Jan201240PE.NFO,07/01/2020,09:44:15,5,5,2250,5.2,1500,0,176250
LT30Jan201240PE.NFO,07/01/2020,09:44:20,5,5,1875,5.2,1500,0,176250
LT30Jan201240PE.NFO,07/01/2020,09:44:25,5,5,1875,5.25,1500,0,176250
LT30Jan201240PE.NFO,07/01/2020,09:44:46,5,5.1,1125,5.3,3375,0,176250
LT30Jan201240PE.NFO,07/01/2020,09:44:51,5,5.1,375,5.3,3375,0,176250
LT30Jan201240PE.NFO,07/01/2020,09:45:01,5,5.05,750,5.2,1875,0,176250
LT30Jan201240PE.NFO,07/01/2020,09:45:07,5,5,750,5.1,1125,0,176250
LT30Jan201240PE.NFO,07/01/2020,09:45:20,5,5,750,5.1,4500,0,176250
LT30Jan201240PE.NFO,07/01/2020,09:45:33,5,4.9,375,5.1,5625,375,176625
LT30Jan201240PE.NFO,07/01/2020,09:45:39,5,4.9,375,5.1,5625,0,176625
LT30Jan201240PE.NFO,07/01/2020,09:45:45,5,4.9,375,5.05,4875,0,176625
LT30Jan201240PE.NFO,07/01/2020,09:45:50,5,4.8,750,5,6000,0,176625
LT30Jan201240PE.NFO,07/01/2020,09:45:55,5,4.75,750,4.9,4500,0,176625
LT30Jan201240PE.NFO,07/01/2020,09:46:01,5,4.75,375,4.9,5625,0,176625
LT30Jan201240PE.NFO,07/01/2020,09:46:07,4.85,4.75,375,4.85,1500,375,176625
LT30Jan201240PE.NFO,07/01/2020,09:46:07,4.85,4.75,375,4.85,1500,0,176625
LT30Jan201240PE.NFO,07/01/2020,09:46:12,4.85,4.75,1125,4.85,3000,375,176625
LT30Jan201240PE.NFO,07/01/2020,09:46:17,4.85,4.75,375,4.85,3000,0,176625
LT30Jan201240PE.NFO,07/01/2020,09:46:26,4.85,4.75,2625,4.85,2250,750,176625
LT30Jan201240PE.NFO,07/01/2020,09:46:31,4.85,4.75,375,4.85,2250,0,176625
LT30Jan201240PE.NFO,07/01/2020,09:46:37,4.85,4.75,1500,4.9,4125,0,176625
LT30Jan201240PE.NFO,07/01/2020,09:46:42,4.85,4.75,2625,4.95,5625,0,176625
LT30Jan201240PE.NFO,07/01/2020,09:46:46,4.85,4.85,375,4.95,5625,0,176625
LT30Jan201240PE.NFO,07/01/2020,09:46:55,4.85,4.85,2250,5,5625,0,176625
LT30Jan201240PE.NFO,07/01/2020,09:47:00,4.85,4.85,2250,5,3000,0,176625
LT30Jan201240PE.NFO,07/01/2020,09:47:04,5,4.85,2250,5,1875,1125,176625
LT30Jan201240PE.NFO,07/01/2020,09:47:17,5,4.85,2250,4.95,3000,375,176625
LT30Jan201240PE.NFO,07/01/2020,09:47:21,5,4.85,2250,4.95,3000,0,176625
LT30Jan201240PE.NFO,07/01/2020,09:47:31,5,4.85,1125,5,4125,0,176625
LT30Jan201240PE.NFO,07/01/2020,09:47:40,5,4.85,2250,5.05,6000,0,176625
LT30Jan201240PE.NFO,07/01/2020,09:47:44,5,4.85,2250,5,3000,0,176625
LT30Jan201240PE.NFO,07/01/2020,09:47:48,5,4.85,2250,4.95,375,0,176625
LT30Jan201240PE.NFO,07/01/2020,09:48:04,4.95,4.85,2250,5,3000,375,176625
LT30Jan201240PE.NFO,07/01/2020,09:48:08,4.95,4.95,1500,5.05,3000,0,176625
LT30Jan201240PE.NFO,07/01/2020,09:48:16,4.95,4.95,1500,5.1,4125,0,176625
LT30Jan201240PE.NFO,07/01/2020,09:48:31,4.95,4.95,2625,5.15,4125,0,176625
LT30Jan201240PE.NFO,07/01/2020,09:48:36,4.95,4.95,2625,5.1,3750,0,176625
LT30Jan201240PE.NFO,07/01/2020,09:48:40,4.95,4.95,2625,5.15,4125,0,176625
LT30Jan201240PE.NFO,07/01/2020,09:48:45,4.95,5.05,375,5.15,3000,0,176625
LT30Jan201240PE.NFO,07/01/2020,09:48:50,4.95,5,375,5.1,3750,0,176625
LT30Jan201240PE.NFO,07/01/2020,09:48:57,4.95,4.95,375,5.05,750,0,176625
LT30Jan201240PE.NFO,07/01/2020,09:49:01,4.95,4.9,375,5.05,750,0,176625
LT30Jan201240PE.NFO,07/01/2020,09:49:06,4.95,4.95,375,5.05,4875,0,176625
LT30Jan201240PE.NFO,07/01/2020,09:49:32,4.95,4.9,1125,5.05,750,375,176625
LT30Jan201240PE.NFO,07/01/2020,09:49:37,4.95,4.9,1125,5.05,750,0,176625
LT30Jan201240PE.NFO,07/01/2020,09:49:42,4.95,4.95,375,5.1,5250,0,176625
LT30Jan201240PE.NFO,07/01/2020,09:49:53,4.95,4.95,375,5.1,4875,0,176625
LT30Jan201240PE.NFO,07/01/2020,09:49:57,4.95,4.95,375,5.1,750,0,176625
LT30Jan201240PE.NFO,07/01/2020,09:50:02,4.95,4.95,375,5.1,5250,0,176625
LT30Jan201240PE.NFO,07/01/2020,09:50:07,4.95,4.95,375,5.05,3000,0,176625
LT30Jan201240PE.NFO,07/01/2020,09:50:13,4.95,4.95,375,5.1,5250,0,176625
LT30Jan201240PE.NFO,07/01/2020,09:50:18,4.95,5,750,5.1,750,0,176625
LT30Jan201240PE.NFO,07/01/2020,09:50:23,4.95,5,375,5.1,750,0,176625
LT30Jan201240PE.NFO,07/01/2020,09:50:37,4.95,5,375,5.2,4875,0,176625
LT30Jan201240PE.NFO,07/01/2020,09:50:43,4.95,5,3375,5.25,1500,0,176625
LT30Jan201240PE.NFO,07/01/2020,09:51:03,4.95,5,3375,5.35,1500,0,176625
LT30Jan201240PE.NFO,07/01/2020,09:51:08,4.95,5,3375,5.4,3750,0,176625
LT30Jan201240PE.NFO,07/01/2020,09:51:19,4.95,5.1,3000,5.4,2625,0,176625
LT30Jan201240PE.NFO,07/01/2020,09:51:30,4.95,5.1,4125,5.4,3750,0,176625
LT30Jan201240PE.NFO,07/01/2020,09:51:56,4.95,5.1,4125,5.4,1875,0,176625
LT30Jan201240PE.NFO,07/01/2020,09:52:04,4.95,5.1,4125,5.45,2625,0,176625
LT30Jan201240PE.NFO,07/01/2020,09:52:40,4.95,5.1,4125,5.45,1875,0,176625
LT30Jan201240PE.NFO,07/01/2020,09:53:21,4.95,5.25,2250,5.45,1875,0,176625
LT30Jan201240PE.NFO,07/01/2020,09:53:37,4.95,5.25,375,5.45,1500,0,176625
LT30Jan201240PE.NFO,07/01/2020,09:54:04,5.25,5.2,750,5.45,3000,750,176625
LT30Jan201240PE.NFO,07/01/2020,09:54:08,5.25,5.2,750,5.45,3000,0,176625
LT30Jan201240PE.NFO,07/01/2020,09:54:54,5.25,5.15,1500,5.45,3000,0,176625
LT30Jan201240PE.NFO,07/01/2020,09:54:59,5.25,5.2,2625,5.45,3000,0,176625
LT30Jan201240PE.NFO,07/01/2020,09:55:04,5.2,5.15,1500,5.3,375,375,176625
LT30Jan201240PE.NFO,07/01/2020,09:55:09,5.2,5.15,1125,5.3,1500,0,176625
LT30Jan201240PE.NFO,07/01/2020,09:55:19,5.2,5.1,1875,5.3,3000,0,176625
LT30Jan201240PE.NFO,07/01/2020,09:55:24,5.2,5.1,750,5.3,3000,0,176625
LT30Jan201240PE.NFO,07/01/2020,09:55:29,5.2,5.1,1875,5.3,3000,0,176625
LT30Jan201240PE.NFO,07/01/2020,09:55:38,5.1,5.05,1500,5.3,6375,375,176625
LT30Jan201240PE.NFO,07/01/2020,09:55:42,5.1,5.05,1500,5.3,6375,0,176625
LT30Jan201240PE.NFO,07/01/2020,09:56:01,5.1,5.05,1500,5.3,6750,0,176625
LT30Jan201240PE.NFO,07/01/2020,09:56:33,5.1,5.05,1125,5.3,6750,375,174375
LT30Jan201240PE.NFO,07/01/2020,09:56:38,5.1,5.1,375,5.3,6750,0,174375
LT30Jan201240PE.NFO,07/01/2020,09:56:47,5.1,5.05,750,5.3,6750,0,174375
LT30Jan201240PE.NFO,07/01/2020,09:56:51,5.1,5.05,750,5.3,6750,375,174375
LT30Jan201240PE.NFO,07/01/2020,09:56:56,5.1,5,3000,5.15,375,375,174375
LT30Jan201240PE.NFO,07/01/2020,09:57:00,5.1,5,3000,5.15,375,0,174375
LT30Jan201240PE.NFO,07/01/2020,09:57:22,5.1,5,1875,5.15,375,0,174375
LT30Jan201240PE.NFO,07/01/2020,09:57:55,5.1,5.1,375,5.2,1125,0,174375
LT30Jan201240PE.NFO,07/01/2020,09:58:00,5.1,5.1,375,5.25,1125,0,174375
LT30Jan201240PE.NFO,07/01/2020,09:58:05,5.1,5,2625,5.15,375,375,174375
LT30Jan201240PE.NFO,07/01/2020,09:58:10,5.1,5,2625,5.15,375,0,174375
LT30Jan201240PE.NFO,07/01/2020,09:58:27,5.1,5,1875,5.15,375,0,174375
LT30Jan201240PE.NFO,07/01/2020,09:58:40,5.1,5.05,750,5.15,1500,0,174375
LT30Jan201240PE.NFO,07/01/2020,09:58:45,5.1,5,1875,5.15,1500,0,174375
LT30Jan201240PE.NFO,07/01/2020,09:58:51,5.1,5.05,1875,5.15,375,0,174375
LT30Jan201240PE.NFO,07/01/2020,09:58:57,5.1,5.05,1125,5.2,1875,0,174375
LT30Jan201240PE.NFO,07/01/2020,09:59:02,5.1,5.05,1500,5.2,1875,0,174375
LT30Jan201240PE.NFO,07/01/2020,09:59:14,5.1,5.05,1500,5.2,1500,0,174375
LT30Jan201240PE.NFO,07/01/2020,09:59:24,5.1,5.05,1500,5.2,1875,0,174375
LT30Jan201240PE.NFO,07/01/2020,09:59:30,5.1,5.05,1500,5.2,1500,0,174375
LT30Jan201240PE.NFO,07/01/2020,09:59:35,5.1,5.15,750,5.25,1125,0,174375
LT30Jan201240PE.NFO,07/01/2020,09:59:40,5.1,5.15,750,5.3,1125,0,174375
LT30Jan201240PE.NFO,07/01/2020,09:59:46,5.1,5.15,750,5.35,1125,0,174375
LT30Jan201240PE.NFO,07/01/2020,09:59:52,5.1,5.15,750,5.3,1500,0,174375
LT30Jan201240PE.NFO,07/01/2020,09:59:57,5.25,5.25,750,5.35,1125,750,175875
LT30Jan201240PE.NFO,07/01/2020,10:00:02,5.25,5.25,750,5.35,1125,0,175875
LT30Jan201240PE.NFO,07/01/2020,10:00:08,5.25,5.25,750,5.35,1500,0,175875
LT30Jan201240PE.NFO,07/01/2020,10:00:13,5.25,5.25,750,5.35,375,0,175875
LT30Jan201240PE.NFO,07/01/2020,10:00:19,5.25,5.25,750,5.4,1125,0,175875
LT30Jan201240PE.NFO,07/01/2020,10:00:24,5.25,5.25,750,5.4,1500,0,175875
LT30Jan201240PE.NFO,07/01/2020,10:00:35,5.25,5.25,750,5.4,1125,0,175875
LT30Jan201240PE.NFO,07/01/2020,10:00:40,5.25,5.25,750,5.4,1500,0,175875
LT30Jan201240PE.NFO,07/01/2020,10:00:48,5.5,5.4,1875,5.6,1500,2625,175875
LT30Jan201240PE.NFO,07/01/2020,10:00:55,5.5,5.4,375,5.6,2625,0,175875
LT30Jan201240PE.NFO,07/01/2020,10:01:07,5.4,5.3,2250,5.45,375,375,175875
LT30Jan201240PE.NFO,07/01/2020,10:01:13,5.4,5.3,2250,5.5,2625,0,175875
LT30Jan201240PE.NFO,07/01/2020,10:01:19,5.4,5.4,750,5.55,1500,0,175875
LT30Jan201240PE.NFO,07/01/2020,10:01:26,5.4,5.35,1125,5.55,2625,0,175875
LT30Jan201240PE.NFO,07/01/2020,10:01:49,5.4,5.4,750,5.55,1500,0,175875
LT30Jan201240PE.NFO,07/01/2020,10:01:55,5.4,5.4,1125,5.6,1125,0,175875
LT30Jan201240PE.NFO,07/01/2020,10:02:00,5.4,5.4,1500,5.55,750,0,175875
LT30Jan201240PE.NFO,07/01/2020,10:02:11,5.4,5.4,2625,5.55,750,0,175875
LT30Jan201240PE.NFO,07/01/2020,10:02:16,5.4,5.4,375,5.6,1125,0,175875
LT30Jan201240PE.NFO,07/01/2020,10:02:21,5.4,5.4,1125,5.6,750,0,175875
LT30Jan201240PE.NFO,07/01/2020,10:02:27,5.4,5.4,1500,5.55,375,0,175875
LT30Jan201240PE.NFO,07/01/2020,10:02:32,5.4,5.4,1500,5.55,750,0,175875
LT30Jan201240PE.NFO,07/01/2020,10:02:44,5.45,5.35,2250,5.55,2250,375,174750
LT30Jan201240PE.NFO,07/01/2020,10:02:49,5.45,5.35,2250,5.55,2250,0,174750
LT30Jan201240PE.NFO,07/01/2020,10:02:54,5.45,5.35,1125,5.55,2250,0,174750
LT30Jan201240PE.NFO,07/01/2020,10:03:00,5.45,5.35,375,5.55,2250,0,174750
LT30Jan201240PE.NFO,07/01/2020,10:03:05,5.45,5.3,3375,5.45,1125,0,174750
LT30Jan201240PE.NFO,07/01/2020,10:03:14,5.45,5.3,2250,5.5,1500,0,174750
LT30Jan201240PE.NFO,07/01/2020,10:03:33,5.45,5.3,750,5.5,1125,0,174750
LT30Jan201240PE.NFO,07/01/2020,10:03:45,5.45,5.3,750,5.5,750,0,174750
LT30Jan201240PE.NFO,07/01/2020,10:04:05,5.45,5.35,3000,5.5,375,0,174750
LT30Jan201240PE.NFO,07/01/2020,10:04:10,5.45,5.35,2625,5.55,1500,0,174750
LT30Jan201240PE.NFO,07/01/2020,10:04:27,5.45,5.35,3750,5.55,1500,0,174750
LT30Jan201240PE.NFO,07/01/2020,10:04:54,5.45,5.35,3750,5.55,1125,0,174750
LT30Jan201240PE.NFO,07/01/2020,10:04:59,5.45,5.35,3750,5.55,1500,0,174750
LT30Jan201240PE.NFO,07/01/2020,10:05:36,5.45,5.45,375,5.6,1125,0,174750
LT30Jan201240PE.NFO,07/01/2020,10:05:42,5.45,5.45,1125,5.65,6375,0,174750
LT30Jan201240PE.NFO,07/01/2020,10:05:48,5.45,5.45,375,5.6,1125,0,174750
LT30Jan201240PE.NFO,07/01/2020,10:05:54,5.45,5.4,1125,5.6,1500,0,174750
LT30Jan201240PE.NFO,07/01/2020,10:06:04,5.45,5.5,750,5.65,4500,0,174750
LT30Jan201240PE.NFO,07/01/2020,10:06:10,5.45,5.5,1125,5.7,750,0,174750
LT30Jan201240PE.NFO,07/01/2020,10:06:15,5.65,5.5,1500,5.65,750,1500,175500
LT30Jan201240PE.NFO,07/01/2020,10:06:20,5.65,5.5,1500,5.7,2250,0,175500
LT30Jan201240PE.NFO,07/01/2020,10:06:26,5.65,5.6,1125,5.75,1500,0,175500
LT30Jan201240PE.NFO,07/01/2020,10:06:42,5.65,5.7,375,5.8,750,0,175500
LT30Jan201240PE.NFO,07/01/2020,10:06:48,5.65,5.7,375,5.8,375,0,175500
LT30Jan201240PE.NFO,07/01/2020,10:07:05,5.6,5.55,750,5.7,375,1125,175500
LT30Jan201240PE.NFO,07/01/2020,10:07:11,5.6,5.55,750,5.7,375,0,175500
LT30Jan201240PE.NFO,07/01/2020,10:07:22,5.6,5.55,750,5.7,750,0,175500
LT30Jan201240PE.NFO,07/01/2020,10:07:28,5.6,5.55,750,5.7,375,0,175500
LT30Jan201240PE.NFO,07/01/2020,10:07:33,5.7,5.6,1875,5.8,2625,375,175500
LT30Jan201240PE.NFO,07/01/2020,10:07:38,5.7,5.6,1875,5.8,2625,0,175500
LT30Jan201240PE.NFO,07/01/2020,10:07:58,5.8,5.7,375,5.85,1125,750,175500
LT30Jan201240PE.NFO,07/01/2020,10:08:03,5.8,5.7,375,5.85,750,0,175500
LT30Jan201240PE.NFO,07/01/2020,10:08:07,5.8,5.65,1125,5.8,750,0,175500
LT30Jan201240PE.NFO,07/01/2020,10:08:11,5.8,5.65,375,5.8,750,0,175500
LT30Jan201240PE.NFO,07/01/2020,10:08:17,5.8,5.6,1875,5.8,2625,0,175500
LT30Jan201240PE.NFO,07/01/2020,10:08:21,5.8,5.6,375,5.8,2625,0,175500
LT30Jan201240PE.NFO,07/01/2020,10:08:26,5.8,5.6,1500,5.8,2625,0,175500
LT30Jan201240PE.NFO,07/01/2020,10:09:02,5.8,5.6,1125,5.8,2625,0,175500
LT30Jan201240PE.NFO,07/01/2020,10:09:07,5.8,5.6,1500,5.8,2625,0,175500
LT30Jan201240PE.NFO,07/01/2020,10:09:11,5.8,5.55,2250,5.8,2625,0,175500
LT30Jan201240PE.NFO,07/01/2020,10:09:28,5.8,5.55,2250,5.8,2250,0,175500
LT30Jan201240PE.NFO,07/01/2020,10:09:33,5.8,5.55,2250,5.8,2625,0,175500
LT30Jan201240PE.NFO,07/01/2020,10:09:59,5.8,5.55,1125,5.7,1500,0,175500
LT30Jan201240PE.NFO,07/01/2020,10:10:57,5.8,5.55,1875,5.75,1500,0,175500
LT30Jan201240PE.NFO,07/01/2020,10:11:15,5.8,5.55,1875,5.75,1875,0,175500
LT30Jan201240PE.NFO,07/01/2020,10:11:20,5.8,5.55,1125,5.75,1875,0,175500
LT30Jan201240PE.NFO,07/01/2020,10:11:26,5.8,5.45,1500,5.6,375,0,175500
LT30Jan201240PE.NFO,07/01/2020,10:11:36,5.8,5.4,1875,5.6,1500,0,175500
LT30Jan201240PE.NFO,07/01/2020,10:11:41,5.8,5.4,375,5.6,1875,0,175500
LT30Jan201240PE.NFO,07/01/2020,10:11:47,5.4,5.4,375,5.6,1875,375,174750
LT30Jan201240PE.NFO,07/01/2020,10:11:52,5.4,5.4,375,5.6,1875,0,174750
LT30Jan201240PE.NFO,07/01/2020,10:12:02,5.4,5.35,375,5.5,2250,0,174750
LT30Jan201240PE.NFO,07/01/2020,10:12:08,5.4,5.35,1125,5.5,2250,0,174750
LT30Jan201240PE.NFO,07/01/2020,10:12:14,5.4,5.35,375,5.5,2625,0,174750
LT30Jan201240PE.NFO,07/01/2020,10:12:19,5.4,5.35,375,5.5,2250,0,174750
LT30Jan201240PE.NFO,07/01/2020,10:12:24,5.5,5.4,750,5.5,750,375,174750
LT30Jan201240PE.NFO,07/01/2020,10:12:28,5.5,5.4,375,5.55,1125,0,174750
LT30Jan201240PE.NFO,07/01/2020,10:12:33,5.5,5.4,1125,5.55,750,0,174750
LT30Jan201240PE.NFO,07/01/2020,10:12:38,5.5,5.45,750,5.6,1500,0,174750
LT30Jan201240PE.NFO,07/01/2020,10:12:43,5.5,5.45,2625,5.65,1500,0,174750
LT30Jan201240PE.NFO,07/01/2020,10:12:48,5.5,5.45,2625,5.65,1125,0,174750
LT30Jan201240PE.NFO,07/01/2020,10:12:53,5.5,5.45,2625,5.65,1500,0,174750
LT30Jan201240PE.NFO,07/01/2020,10:13:47,5.5,5.4,3000,5.55,1125,0,174750
LT30Jan201240PE.NFO,07/01/2020,10:14:02,5.5,5.4,375,5.55,2250,0,174750
LT30Jan201240PE.NFO,07/01/2020,10:14:07,5.5,5.35,3000,5.55,1875,0,174750
LT30Jan201240PE.NFO,07/01/2020,10:14:12,5.5,5.35,3000,5.55,2250,0,174750
LT30Jan201240PE.NFO,07/01/2020,10:14:34,5.5,5.4,1125,5.55,1875,0,174750
LT30Jan201240PE.NFO,07/01/2020,10:14:53,5.5,5.4,1875,5.55,1875,0,174750
LT30Jan201240PE.NFO,07/01/2020,10:15:03,5.5,5.4,1875,5.55,2250,0,174750
LT30Jan201240PE.NFO,07/01/2020,10:15:08,5.4,5.35,1875,5.55,2250,1125,174375
LT30Jan201240PE.NFO,07/01/2020,10:15:19,5.4,5.35,1875,5.55,2250,0,174375
LT30Jan201240PE.NFO,07/01/2020,10:15:33,5.4,5.35,1125,5.55,2250,0,174375
LT30Jan201240PE.NFO,07/01/2020,10:15:48,5.35,5.3,1125,5.45,1875,750,174375
LT30Jan201240PE.NFO,07/01/2020,10:15:55,5.35,5.3,1125,5.45,750,0,174375
LT30Jan201240PE.NFO,07/01/2020,10:16:00,5.35,5.35,1500,5.5,1125,0,174375
LT30Jan201240PE.NFO,07/01/2020,10:16:14,5.35,5.35,375,5.5,1500,0,174375
LT30Jan201240PE.NFO,07/01/2020,10:16:18,5.35,5.3,1125,5.5,1500,0,174375
LT30Jan201240PE.NFO,07/01/2020,10:16:22,5.35,5.3,1125,5.5,1125,0,174375
LT30Jan201240PE.NFO,07/01/2020,10:16:26,5.35,5.3,1125,5.5,1500,0,174375
LT30Jan201240PE.NFO,07/01/2020,10:17:25,5.5,5.3,2250,5.5,1500,375,174375
LT30Jan201240PE.NFO,07/01/2020,10:17:29,5.5,5.3,2250,5.5,1500,0,174375
LT30Jan201240PE.NFO,07/01/2020,10:17:49,5.5,5.3,2250,5.5,2250,0,174375
LT30Jan201240PE.NFO,07/01/2020,10:18:08,5.5,5.25,2625,5.45,2625,0,174375
LT30Jan201240PE.NFO,07/01/2020,10:18:24,5.5,5.25,1125,5.45,2625,0,174375
LT30Jan201240PE.NFO,07/01/2020,10:18:43,5.5,5.3,1875,5.45,750,0,174375
LT30Jan201240PE.NFO,07/01/2020,10:18:49,5.5,5.35,1500,5.5,1500,0,174375
LT30Jan201240PE.NFO,07/01/2020,10:18:53,5.5,5.35,1875,5.55,1875,0,174375
LT30Jan201240PE.NFO,07/01/2020,10:19:07,5.5,5.4,1875,5.55,1875,0,174375
LT30Jan201240PE.NFO,07/01/2020,10:19:16,5.55,5.5,1125,5.7,1500,375,175125
LT30Jan201240PE.NFO,07/01/2020,10:19:21,5.55,5.5,2250,5.7,1500,0,175125
LT30Jan201240PE.NFO,07/01/2020,10:19:26,5.55,5.5,1125,5.7,1500,0,175125
LT30Jan201240PE.NFO,07/01/2020,10:19:30,5.55,5.45,1125,5.6,1875,0,175125
LT30Jan201240PE.NFO,07/01/2020,10:19:33,5.55,5.45,1125,5.6,1125,0,175125
LT30Jan201240PE.NFO,07/01/2020,10:19:36,5.55,5.45,2250,5.65,3000,0,175125
LT30Jan201240PE.NFO,07/01/2020,10:19:47,5.55,5.45,2250,5.65,2250,0,175125
LT30Jan201240PE.NFO,07/01/2020,10:19:56,5.55,5.45,1125,5.65,3000,0,175125
LT30Jan201240PE.NFO,07/01/2020,10:20:47,5.55,5.4,1125,5.55,2625,0,175125
LT30Jan201240PE.NFO,07/01/2020,10:20:51,5.55,5.4,1125,5.55,3000,0,175125
LT30Jan201240PE.NFO,07/01/2020,10:20:58,5.55,5.3,4500,5.55,3000,0,175125
LT30Jan201240PE.NFO,07/01/2020,10:21:02,5.55,5.3,1125,5.45,1500,0,175125
LT30Jan201240PE.NFO,07/01/2020,10:21:06,5.55,5.3,1125,5.45,2625,0,175125
LT30Jan201240PE.NFO,07/01/2020,10:21:10,5.55,5.3,1125,5.45,2250,0,175125
LT30Jan201240PE.NFO,07/01/2020,10:21:14,5.55,5.3,1125,5.45,2625,0,175125
LT30Jan201240PE.NFO,07/01/2020,10:21:18,5.55,5.3,1125,5.45,3000,0,175125
LT30Jan201240PE.NFO,07/01/2020,10:21:26,5.55,5.3,375,5.45,2625,0,175125
LT30Jan201240PE.NFO,07/01/2020,10:21:30,5.55,5.3,375,5.45,2250,0,175125
LT30Jan201240PE.NFO,07/01/2020,10:21:35,5.55,5.3,375,5.45,3000,0,175125
LT30Jan201240PE.NFO,07/01/2020,10:21:53,5.55,5.3,375,5.45,2625,0,175125
LT30Jan201240PE.NFO,07/01/2020,10:22:03,5.55,5.3,375,5.45,3000,0,175125
LT30Jan201240PE.NFO,07/01/2020,10:22:06,5.55,5.3,375,5.45,2250,0,175125
LT30Jan201240PE.NFO,07/01/2020,10:22:10,5.55,5.3,375,5.45,1500,0,175125
LT30Jan201240PE.NFO,07/01/2020,10:22:17,5.55,5.3,375,5.45,1875,0,175125
LT30Jan201240PE.NFO,07/01/2020,10:22:38,5.55,5.3,375,5.45,1500,0,175125
LT30Jan201240PE.NFO,07/01/2020,10:22:42,5.55,5.3,1500,5.45,1125,0,175125
LT30Jan201240PE.NFO,07/01/2020,10:22:48,5.55,5.35,1500,5.55,3000,0,175125
LT30Jan201240PE.NFO,07/01/2020,10:23:02,5.55,5.35,1125,5.55,3000,0,175125
LT30Jan201240PE.NFO,07/01/2020,10:23:08,5.55,5.35,375,5.55,3000,0,175125
LT30Jan201240PE.NFO,07/01/2020,10:23:12,5.55,5.3,375,5.45,1500,0,175125
LT30Jan201240PE.NFO,07/01/2020,10:23:17,5.55,5.3,375,5.45,1875,0,175125
LT30Jan201240PE.NFO,07/01/2020,10:23:28,5.55,5.3,375,5.45,1500,0,175125
LT30Jan201240PE.NFO,07/01/2020,10:23:32,5.55,5.3,375,5.45,1875,0,175125
LT30Jan201240PE.NFO,07/01/2020,10:23:59,5.55,5.3,375,5.45,1500,0,175125
LT30Jan201240PE.NFO,07/01/2020,10:24:03,5.55,5.3,375,5.45,1875,0,175125
LT30Jan201240PE.NFO,07/01/2020,10:24:11,5.55,5.3,375,5.45,3000,0,175125
LT30Jan201240PE.NFO,07/01/2020,10:24:32,5.55,5.3,375,5.45,2625,0,175125
LT30Jan201240PE.NFO,07/01/2020,10:24:39,5.55,5.3,375,5.45,3000,0,175125
LT30Jan201240PE.NFO,07/01/2020,10:24:46,5.55,5.3,2250,5.45,2625,0,175125
LT30Jan201240PE.NFO,07/01/2020,10:24:52,5.55,5.3,2250,5.45,3000,0,175125
LT30Jan201240PE.NFO,07/01/2020,10:24:58,5.55,5.3,1125,5.45,1500,0,175125
LT30Jan201240PE.NFO,07/01/2020,10:25:11,5.55,5.3,1125,5.45,2250,0,175125
LT30Jan201240PE.NFO,07/01/2020,10:25:13,5.55,5.3,1125,5.45,2625,0,175125
LT30Jan201240PE.NFO,07/01/2020,10:25:33,5.45,5.3,3000,5.5,1125,375,175875
LT30Jan201240PE.NFO,07/01/2020,10:25:44,5.45,5.3,3000,5.5,1125,0,175875
LT30Jan201240PE.NFO,07/01/2020,10:25:49,5.45,5.4,375,5.5,1500,0,175875
LT30Jan201240PE.NFO,07/01/2020,10:26:23,5.45,5.4,375,5.5,2250,0,175875
LT30Jan201240PE.NFO,07/01/2020,10:26:27,5.45,5.35,1125,5.5,2250,0,175875
LT30Jan201240PE.NFO,07/01/2020,10:26:36,5.45,5.35,1125,5.5,1875,0,175875
LT30Jan201240PE.NFO,07/01/2020,10:26:43,5.45,5.35,1125,5.5,2250,0,175875
LT30Jan201240PE.NFO,07/01/2020,10:26:47,5.45,5.35,1125,5.5,1875,0,175875
LT30Jan201240PE.NFO,07/01/2020,10:26:54,5.45,5.35,1125,5.5,2250,0,175875
LT30Jan201240PE.NFO,07/01/2020,10:26:58,5.45,5.35,1125,5.5,1125,0,175875
LT30Jan201240PE.NFO,07/01/2020,10:27:02,5.45,5.35,1125,5.5,750,0,175875
LT30Jan201240PE.NFO,07/01/2020,10:27:05,5.45,5.35,1125,5.5,1125,0,175875
LT30Jan201240PE.NFO,07/01/2020,10:27:15,5.45,5.35,1125,5.5,750,0,175875
LT30Jan201240PE.NFO,07/01/2020,10:27:18,5.45,5.35,1125,5.5,1125,0,175875
LT30Jan201240PE.NFO,07/01/2020,10:27:39,5.45,5.3,1125,5.4,375,0,175875
LT30Jan201240PE.NFO,07/01/2020,10:27:43,5.45,5.3,1125,5.4,750,0,175875
LT30Jan201240PE.NFO,07/01/2020,10:27:47,5.4,5.35,375,5.5,2250,375,175875
LT30Jan201240PE.NFO,07/01/2020,10:27:53,5.4,5.35,1125,5.5,750,0,175875
LT30Jan201240PE.NFO,07/01/2020,10:27:57,5.4,5.35,1875,5.55,3000,0,175875
LT30Jan201240PE.NFO,07/01/2020,10:28:02,5.4,5.35,1875,5.5,375,0,175875
LT30Jan201240PE.NFO,07/01/2020,10:28:09,5.4,5.35,1875,5.55,2625,0,175875
LT30Jan201240PE.NFO,07/01/2020,10:28:12,5.4,5.35,1875,5.5,375,0,175875
LT30Jan201240PE.NFO,07/01/2020,10:28:15,5.4,5.45,375,5.55,1875,0,175875
LT30Jan201240PE.NFO,07/01/2020,10:28:22,5.4,5.4,750,5.55,3000,0,175875
LT30Jan201240PE.NFO,07/01/2020,10:28:33,5.4,5.4,375,5.55,3000,0,175875
LT30Jan201240PE.NFO,07/01/2020,10:29:05,5.4,5.35,3000,5.5,1500,0,175875
LT30Jan201240PE.NFO,07/01/2020,10:29:17,5.4,5.35,1125,5.5,1500,0,175875
LT30Jan201240PE.NFO,07/01/2020,10:29:20,5.4,5.35,1125,5.5,1125,0,175875
LT30Jan201240PE.NFO,07/01/2020,10:29:27,5.4,5.35,1125,5.5,1500,0,175875
LT30Jan201240PE.NFO,07/01/2020,10:29:37,5.4,5.3,2250,5.5,1875,0,175875
LT30Jan201240PE.NFO,07/01/2020,10:29:40,5.4,5.3,2250,5.5,2250,0,175875
LT30Jan201240PE.NFO,07/01/2020,10:29:46,5.4,5.3,1125,5.45,750,1125,175500
LT30Jan201240PE.NFO,07/01/2020,10:29:51,5.4,5.3,1125,5.45,750,0,175500
LT30Jan201240PE.NFO,07/01/2020,10:29:53,5.4,5.3,1125,5.45,1125,0,175500
LT30Jan201240PE.NFO,07/01/2020,10:29:55,5.4,5.3,375,5.45,1125,0,175500
LT30Jan201240PE.NFO,07/01/2020,10:29:58,5.4,5.25,375,5.4,2625,0,175500
LT30Jan201240PE.NFO,07/01/2020,10:30:05,5.4,5.25,375,5.4,3000,0,175500
LT30Jan201240PE.NFO,07/01/2020,10:30:12,5.4,5.2,750,5.4,2625,0,175500
LT30Jan201240PE.NFO,07/01/2020,10:30:15,5.4,5.2,2625,5.4,2625,0,175500
LT30Jan201240PE.NFO,07/01/2020,10:31:16,5.4,5.2,2250,5.4,2625,0,175500
LT30Jan201240PE.NFO,07/01/2020,10:31:25,5.4,5.25,750,5.4,2250,0,175500
LT30Jan201240PE.NFO,07/01/2020,10:31:28,5.4,5.25,750,5.4,2625,0,175500
LT30Jan201240PE.NFO,07/01/2020,10:31:54,5.4,5.25,375,5.4,2625,0,175500
LT30Jan201240PE.NFO,07/01/2020,10:33:27,5.4,5.3,375,5.4,2625,0,175500
LT30Jan201240PE.NFO,07/01/2020,10:33:33,5.35,5.25,1500,5.4,2625,375,174750
LT30Jan201240PE.NFO,07/01/2020,10:33:36,5.35,5.25,1500,5.4,1125,0,174750
LT30Jan201240PE.NFO,07/01/2020,10:34:10,5.35,5.25,375,5.4,1125,0,174750
LT30Jan201240PE.NFO,07/01/2020,10:34:14,5.35,5.25,375,5.4,375,0,174750
LT30Jan201240PE.NFO,07/01/2020,10:34:18,5.35,5.2,750,5.4,1125,0,174750
LT30Jan201240PE.NFO,07/01/2020,10:34:31,5.35,5.25,750,5.4,1125,0,174750
LT30Jan201240PE.NFO,07/01/2020,10:34:43,5.35,5.3,375,5.4,1125,0,174750
LT30Jan201240PE.NFO,07/01/2020,10:34:52,5.35,5.25,1500,5.4,1500,0,174750
LT30Jan201240PE.NFO,07/01/2020,10:34:56,5.35,5.25,375,5.4,1500,0,174750
LT30Jan201240PE.NFO,07/01/2020,10:35:19,5.35,5.2,1500,5.4,1500,0,174750
LT30Jan201240PE.NFO,07/01/2020,10:35:54,5.35,5.2,1125,5.4,1500,0,174750
LT30Jan201240PE.NFO,07/01/2020,10:36:23,5.35,5.25,1500,5.4,1500,0,174750
LT30Jan201240PE.NFO,07/01/2020,10:36:28,5.35,5.25,375,5.4,1500,0,174750
LT30Jan201240PE.NFO,07/01/2020,10:36:45,5.35,5.2,2250,5.4,1500,0,174750
LT30Jan201240PE.NFO,07/01/2020,10:37:14,5.35,5.2,1125,5.4,1500,0,174750
LT30Jan201240PE.NFO,07/01/2020,10:37:45,5.35,5.2,2250,5.4,1500,0,174750
LT30Jan201240PE.NFO,07/01/2020,10:37:56,5.35,5.2,1125,5.4,1500,0,174750
LT30Jan201240PE.NFO,07/01/2020,10:38:00,5.35,5.15,375,5.4,4875,0,174750
LT30Jan201240PE.NFO,07/01/2020,10:38:04,5.35,5.1,2250,5.4,4875,0,174750
LT30Jan201240PE.NFO,07/01/2020,10:38:16,5.35,5.1,1875,5.4,4875,0,174750
LT30Jan201240PE.NFO,07/01/2020,10:38:27,5.35,5.15,1875,5.4,4875,0,174750
LT30Jan201240PE.NFO,07/01/2020,10:38:31,5.35,5.15,750,5.4,4875,0,174750
LT30Jan201240PE.NFO,07/01/2020,10:38:34,5.35,5.1,1875,5.4,4875,0,174750
LT30Jan201240PE.NFO,07/01/2020,10:38:54,5.35,5.15,1500,5.4,4875,0,174750
LT30Jan201240PE.NFO,07/01/2020,10:39:01,5.35,5.15,750,5.4,4875,0,174750
LT30Jan201240PE.NFO,07/01/2020,10:39:10,5.35,5.15,1125,5.4,4875,0,174750
LT30Jan201240PE.NFO,07/01/2020,10:39:13,5.35,5.15,750,5.4,4875,0,174750
LT30Jan201240PE.NFO,07/01/2020,10:39:36,5.35,5.2,1125,5.4,4875,0,174750
LT30Jan201240PE.NFO,07/01/2020,10:39:42,5.35,5.2,2250,5.4,4875,0,174750
LT30Jan201240PE.NFO,07/01/2020,10:39:47,5.4,5.2,3375,5.35,1125,750,175125
LT30Jan201240PE.NFO,07/01/2020,10:39:51,5.4,5.2,3000,5.35,1125,0,175125
LT30Jan201240PE.NFO,07/01/2020,10:39:53,5.4,5.2,3000,5.35,750,0,175125
LT30Jan201240PE.NFO,07/01/2020,10:41:01,5.35,5.2,3000,5.4,3000,375,175125
LT30Jan201240PE.NFO,07/01/2020,10:41:04,5.35,5.25,1500,5.4,3000,0,175125
LT30Jan201240PE.NFO,07/01/2020,10:41:25,5.35,5.2,3000,5.4,3000,0,175125
LT30Jan201240PE.NFO,07/01/2020,10:42:05,5.35,5.2,1875,5.4,3000,0,175125
LT30Jan201240PE.NFO,07/01/2020,10:42:48,5.35,5.2,1875,5.4,1500,0,175125
LT30Jan201240PE.NFO,07/01/2020,10:45:11,5.35,5.3,1125,5.45,1500,0,175125
LT30Jan201240PE.NFO,07/01/2020,10:45:15,5.35,5.3,750,5.45,1500,0,175125
LT30Jan201240PE.NFO,07/01/2020,10:45:25,5.35,5.3,1125,5.45,1500,0,175125
LT30Jan201240PE.NFO,07/01/2020,10:45:35,5.35,5.3,750,5.45,1500,0,175125
LT30Jan201240PE.NFO,07/01/2020,10:45:40,5.35,5.3,1125,5.45,1500,0,175125
LT30Jan201240PE.NFO,07/01/2020,10:45:43,5.35,5.3,750,5.45,1500,0,175125
LT30Jan201240PE.NFO,07/01/2020,10:45:46,5.35,5.3,1500,5.45,1500,0,175125
LT30Jan201240PE.NFO,07/01/2020,10:45:50,5.35,5.3,750,5.45,1500,0,175125
LT30Jan201240PE.NFO,07/01/2020,10:46:04,5.35,5.3,1125,5.45,1500,0,175125
LT30Jan201240PE.NFO,07/01/2020,10:46:20,5.3,5.25,2250,5.4,2250,1125,175875
LT30Jan201240PE.NFO,07/01/2020,10:46:23,5.3,5.25,2250,5.4,2250,0,175875
LT30Jan201240PE.NFO,07/01/2020,10:46:48,5.3,5.25,1125,5.4,2250,0,175875
LT30Jan201240PE.NFO,07/01/2020,10:47:53,5.3,5.25,1125,5.4,1500,0,175875
LT30Jan201240PE.NFO,07/01/2020,10:48:31,5.3,5.25,1125,5.45,1500,0,175875
LT30Jan201240PE.NFO,07/01/2020,10:48:48,5.3,5.3,750,5.45,1500,0,175875
LT30Jan201240PE.NFO,07/01/2020,10:49:07,5.3,5.3,1125,5.45,1125,375,176625
LT30Jan201240PE.NFO,07/01/2020,10:49:18,5.3,5.3,1125,5.45,1125,0,176625
LT30Jan201240PE.NFO,07/01/2020,10:49:55,5.4,5.35,1125,5.5,2250,375,176625
LT30Jan201240PE.NFO,07/01/2020,10:50:00,5.45,5.4,2625,5.55,375,375,176625
LT30Jan201240PE.NFO,07/01/2020,10:50:06,5.45,5.4,2250,5.6,1500,0,176625
LT30Jan201240PE.NFO,07/01/2020,10:50:55,5.45,5.5,1500,5.6,1500,0,176625
LT30Jan201240PE.NFO,07/01/2020,10:51:02,5.6,5.5,375,5.6,1500,1125,176250
LT30Jan201240PE.NFO,07/01/2020,10:51:05,5.6,5.5,1500,5.65,1875,0,176250
LT30Jan201240PE.NFO,07/01/2020,10:51:12,5.6,5.5,1875,5.65,1875,0,176250
LT30Jan201240PE.NFO,07/01/2020,10:51:19,5.6,5.5,1500,5.65,1875,0,176250
LT30Jan201240PE.NFO,07/01/2020,10:51:24,5.6,5.5,1875,5.65,1875,0,176250
LT30Jan201240PE.NFO,07/01/2020,10:51:27,5.6,5.5,1500,5.65,1875,0,176250
LT30Jan201240PE.NFO,07/01/2020,10:51:29,5.6,5.55,1125,5.65,1875,0,176250
LT30Jan201240PE.NFO,07/01/2020,10:51:39,5.6,5.5,1500,5.65,1875,0,176250
LT30Jan201240PE.NFO,07/01/2020,10:51:47,5.6,5.5,1875,5.65,1875,0,176250
LT30Jan201240PE.NFO,07/01/2020,10:52:02,5.65,5.5,1875,5.65,375,375,176250
LT30Jan201240PE.NFO,07/01/2020,10:52:05,5.65,5.5,3000,5.7,1500,0,176250
LT30Jan201240PE.NFO,07/01/2020,10:52:17,5.65,5.5,1875,5.7,1500,0,176250
LT30Jan201240PE.NFO,07/01/2020,10:52:29,5.65,5.5,1875,5.75,3000,0,176250
LT30Jan201240PE.NFO,07/01/2020,10:52:37,5.65,5.6,2250,5.8,1500,0,176250
LT30Jan201240PE.NFO,07/01/2020,10:52:41,5.65,5.6,1500,5.8,1500,0,176250
LT30Jan201240PE.NFO,07/01/2020,10:52:46,5.75,5.6,1500,5.8,375,1125,176250
LT30Jan201240PE.NFO,07/01/2020,10:52:49,5.75,5.6,1500,5.8,375,0,176250
LT30Jan201240PE.NFO,07/01/2020,10:53:03,5.8,5.65,1500,5.85,2250,375,176250
LT30Jan201240PE.NFO,07/01/2020,10:53:09,5.8,5.65,1500,5.85,2250,0,176250
LT30Jan201240PE.NFO,07/01/2020,10:53:14,5.8,5.8,1125,5.85,1125,1125,176250
LT30Jan201240PE.NFO,07/01/2020,10:53:21,5.9,5.7,2625,5.9,1500,1125,176250
LT30Jan201240PE.NFO,07/01/2020,10:53:26,5.9,5.7,2625,5.9,1500,0,176250
LT30Jan201240PE.NFO,07/01/2020,10:53:30,5.8,5.7,1500,5.85,1500,375,176250
LT30Jan201240PE.NFO,07/01/2020,10:53:36,5.8,5.7,1500,5.85,1500,0,176250
LT30Jan201240PE.NFO,07/01/2020,10:53:41,5.8,5.65,1875,5.8,2250,0,176250
LT30Jan201240PE.NFO,07/01/2020,10:53:46,5.8,5.65,1875,5.8,1875,0,176250
LT30Jan201240PE.NFO,07/01/2020,10:53:52,5.8,5.75,750,5.85,375,375,174750
LT30Jan201240PE.NFO,07/01/2020,10:53:57,5.8,5.7,1500,5.85,1875,0,174750
LT30Jan201240PE.NFO,07/01/2020,10:54:07,5.8,5.7,1500,5.85,1500,0,174750
LT30Jan201240PE.NFO,07/01/2020,10:54:30,5.8,5.65,3000,5.85,1875,0,174750
LT30Jan201240PE.NFO,07/01/2020,10:54:49,5.8,5.7,1500,5.85,1875,0,174750
LT30Jan201240PE.NFO,07/01/2020,10:54:54,5.8,5.65,1125,5.85,1875,0,174750
LT30Jan201240PE.NFO,07/01/2020,10:55:09,5.8,5.6,1125,5.85,1875,0,174750
LT30Jan201240PE.NFO,07/01/2020,10:55:14,5.8,5.55,1500,5.85,1875,0,174750
LT30Jan201240PE.NFO,07/01/2020,10:55:30,5.8,5.65,750,5.85,1875,0,174750
LT30Jan201240PE.NFO,07/01/2020,10:56:15,5.8,5.65,1875,5.85,1875,0,174750
LT30Jan201240PE.NFO,07/01/2020,10:56:19,5.8,5.65,3000,5.85,1875,0,174750
LT30Jan201240PE.NFO,07/01/2020,10:56:23,5.85,5.65,3375,5.85,1125,750,174750
LT30Jan201240PE.NFO,07/01/2020,10:56:31,5.85,5.65,3375,5.85,1125,0,174750
LT30Jan201240PE.NFO,07/01/2020,10:56:41,5.85,5.65,1875,5.85,1125,0,174750
LT30Jan201240PE.NFO,07/01/2020,10:56:45,5.85,5.65,1125,5.85,1125,0,174750
LT30Jan201240PE.NFO,07/01/2020,10:57:01,5.85,5.65,1125,5.85,750,0,174750
LT30Jan201240PE.NFO,07/01/2020,10:57:38,5.85,5.7,2250,5.85,750,0,174750
LT30Jan201240PE.NFO,07/01/2020,10:57:51,5.85,5.7,1125,5.85,750,0,174750
LT30Jan201240PE.NFO,07/01/2020,10:58:03,5.85,5.65,1125,5.85,750,0,174750
LT30Jan201240PE.NFO,07/01/2020,10:58:16,5.85,5.75,1875,5.9,375,0,174750
LT30Jan201240PE.NFO,07/01/2020,10:58:22,5.9,5.75,2250,5.9,375,375,175500
LT30Jan201240PE.NFO,07/01/2020,10:58:29,5.9,5.8,2250,5.9,750,0,175500
LT30Jan201240PE.NFO,07/01/2020,10:58:36,5.9,5.75,2250,5.9,1125,0,175500
LT30Jan201240PE.NFO,07/01/2020,10:58:47,5.9,5.75,1125,5.9,1125,0,175500
LT30Jan201240PE.NFO,07/01/2020,10:58:54,5.9,5.75,1125,5.9,750,0,175500
LT30Jan201240PE.NFO,07/01/2020,10:59:00,5.9,5.75,2250,5.9,1125,0,175500
LT30Jan201240PE.NFO,07/01/2020,10:59:13,5.9,5.75,2250,5.9,750,0,175500
LT30Jan201240PE.NFO,07/01/2020,10:59:19,5.9,5.75,2625,5.9,750,0,175500
LT30Jan201240PE.NFO,07/01/2020,10:59:37,5.9,5.75,2250,5.9,750,0,175500
LT30Jan201240PE.NFO,07/01/2020,10:59:43,5.9,5.8,2250,5.9,375,0,175500
LT30Jan201240PE.NFO,07/01/2020,11:00:00,5.9,5.75,1500,5.9,1125,0,175500
LT30Jan201240PE.NFO,07/01/2020,11:00:14,5.9,5.75,1500,5.9,375,0,175500
LT30Jan201240PE.NFO,07/01/2020,11:00:22,5.9,5.75,1500,5.9,750,0,175500
LT30Jan201240PE.NFO,07/01/2020,11:00:28,5.9,5.75,1500,5.9,375,0,175500
LT30Jan201240PE.NFO,07/01/2020,11:00:35,5.9,5.8,1875,5.95,750,0,175500
LT30Jan201240PE.NFO,07/01/2020,11:00:42,5.9,5.8,1875,5.95,375,0,175500
LT30Jan201240PE.NFO,07/01/2020,11:00:54,5.9,5.8,375,5.95,375,0,175500
LT30Jan201240PE.NFO,07/01/2020,11:01:10,5.9,5.85,1875,6,375,0,175500
LT30Jan201240PE.NFO,07/01/2020,11:01:17,5.95,5.85,1875,6,750,1125,175500
LT30Jan201240PE.NFO,07/01/2020,11:01:32,5.95,5.95,750,6.1,375,0,175500
LT30Jan201240PE.NFO,07/01/2020,11:01:40,6.05,5.95,1875,6.15,1875,375,175500
LT30Jan201240PE.NFO,07/01/2020,11:01:48,6.05,5.85,1875,6.1,1125,0,175500
LT30Jan201240PE.NFO,07/01/2020,11:01:56,6.05,5.85,1500,5.95,375,0,175500
LT30Jan201240PE.NFO,07/01/2020,11:02:10,6.05,5.75,1125,5.95,750,0,175500
LT30Jan201240PE.NFO,07/01/2020,11:02:16,6.05,5.7,2250,5.9,1125,0,175500
LT30Jan201240PE.NFO,07/01/2020,11:02:29,6.05,5.7,2250,5.9,750,0,175500
LT30Jan201240PE.NFO,07/01/2020,11:02:42,6.05,5.8,750,5.9,375,0,175500
LT30Jan201240PE.NFO,07/01/2020,11:02:48,6.05,5.8,750,5.95,375,0,175500
LT30Jan201240PE.NFO,07/01/2020,11:03:07,6.05,5.8,750,6.05,375,0,175500
LT30Jan201240PE.NFO,07/01/2020,11:03:15,6.05,5.9,1125,6.05,750,0,175500
LT30Jan201240PE.NFO,07/01/2020,11:03:22,6.05,5.9,1125,6.05,375,0,175500
LT30Jan201240PE.NFO,07/01/2020,11:03:28,6.05,5.8,1875,6,1125,0,175500
LT30Jan201240PE.NFO,07/01/2020,11:03:34,6.05,5.8,2250,6,1125,0,175500
LT30Jan201240PE.NFO,07/01/2020,11:03:41,6.05,5.9,750,6.05,375,0,175500
LT30Jan201240PE.NFO,07/01/2020,11:04:09,6.05,5.9,1875,6.1,750,0,175500
LT30Jan201240PE.NFO,07/01/2020,11:04:15,6.05,5.9,1875,6.05,375,0,175500
LT30Jan201240PE.NFO,07/01/2020,11:04:22,6.05,5.9,2250,6.05,375,0,175500
LT30Jan201240PE.NFO,07/01/2020,11:04:49,6.05,5.9,1875,6.05,375,0,175500
LT30Jan201240PE.NFO,07/01/2020,11:05:03,6.05,6,375,6.15,375,0,175500
LT30Jan201240PE.NFO,07/01/2020,11:05:10,6.05,6,1500,6.2,375,0,175500
LT30Jan201240PE.NFO,07/01/2020,11:05:24,6.05,6,2625,6.15,375,0,175500
LT30Jan201240PE.NFO,07/01/2020,11:05:30,6.05,6,1500,6.15,750,0,175500
LT30Jan201240PE.NFO,07/01/2020,11:05:37,6.05,5.9,1875,6.1,1125,0,175500
LT30Jan201240PE.NFO,07/01/2020,11:05:44,6.05,5.9,1875,6.1,750,0,175500
LT30Jan201240PE.NFO,07/01/2020,11:05:58,6.05,5.9,750,6.1,375,0,175500
LT30Jan201240PE.NFO,07/01/2020,11:06:19,5.9,5.85,1500,6,375,750,175500
LT30Jan201240PE.NFO,07/01/2020,11:06:25,5.9,5.85,1500,6,375,0,175500
LT30Jan201240PE.NFO,07/01/2020,11:06:41,5.9,5.85,2250,6,375,0,175500
LT30Jan201240PE.NFO,07/01/2020,11:06:51,5.9,5.9,1875,6,375,0,175500
LT30Jan201240PE.NFO,07/01/2020,11:07:07,5.9,5.9,1500,6,375,0,175500
LT30Jan201240PE.NFO,07/01/2020,11:07:12,5.9,5.9,1875,6.05,375,0,175500
LT30Jan201240PE.NFO,07/01/2020,11:07:27,5.9,5.9,1875,6.05,750,0,175500
LT30Jan201240PE.NFO,07/01/2020,11:07:32,5.9,5.85,1125,6,1500,1125,175500
LT30Jan201240PE.NFO,07/01/2020,11:07:38,5.9,5.8,1125,5.95,1500,0,175500
LT30Jan201240PE.NFO,07/01/2020,11:07:49,5.9,5.8,1125,5.95,1125,0,175500
LT30Jan201240PE.NFO,07/01/2020,11:07:55,5.95,5.8,1125,5.95,1125,750,175500
LT30Jan201240PE.NFO,07/01/2020,11:08:04,5.95,5.8,1125,5.95,1125,0,175500
LT30Jan201240PE.NFO,07/01/2020,11:08:24,5.95,5.8,750,5.95,1125,0,175500
LT30Jan201240PE.NFO,07/01/2020,11:08:35,5.95,5.75,750,6,750,0,175500
LT30Jan201240PE.NFO,07/01/2020,11:08:49,5.95,5.75,1875,6,2250,0,175500
LT30Jan201240PE.NFO,07/01/2020,11:09:09,5.95,5.75,1875,6,1125,0,175500
LT30Jan201240PE.NFO,07/01/2020,11:09:19,5.95,5.85,750,6,1125,0,175500
LT30Jan201240PE.NFO,07/01/2020,11:09:24,5.95,5.85,1500,6.05,750,0,175500
LT30Jan201240PE.NFO,07/01/2020,11:09:29,5.95,5.95,375,6.1,750,0,175500
LT30Jan201240PE.NFO,07/01/2020,11:09:33,5.95,6.05,375,6.2,3750,0,175500
LT30Jan201240PE.NFO,07/01/2020,11:09:37,5.95,6.05,375,6.2,750,0,175500
LT30Jan201240PE.NFO,07/01/2020,11:09:42,5.95,6.05,1125,6.25,1125,0,175500
LT30Jan201240PE.NFO,07/01/2020,11:09:46,6.25,6.15,1125,6.3,750,375,174375
LT30Jan201240PE.NFO,07/01/2020,11:09:46,6.25,6.15,1125,6.3,750,0,174375
LT30Jan201240PE.NFO,07/01/2020,11:10:03,6.25,6.15,3000,6.3,375,0,174375
LT30Jan201240PE.NFO,07/01/2020,11:10:21,6.3,6.3,1500,6.45,375,1125,174375
LT30Jan201240PE.NFO,07/01/2020,11:10:21,6.3,6.3,1500,6.45,375,0,174375
LT30Jan201240PE.NFO,07/01/2020,11:10:26,6.3,6.3,1500,6.45,1125,0,174375
LT30Jan201240PE.NFO,07/01/2020,11:10:31,6.3,6.25,1875,6.4,750,0,174375
LT30Jan201240PE.NFO,07/01/2020,11:10:35,6.3,6.25,1875,6.45,1500,0,174375
LT30Jan201240PE.NFO,07/01/2020,11:10:39,6.3,6.25,1875,6.4,375,0,174375
LT30Jan201240PE.NFO,07/01/2020,11:10:43,6.3,6.25,1875,6.4,750,0,174375
LT30Jan201240PE.NFO,07/01/2020,11:10:51,6.3,6.2,1125,6.35,750,0,174375
LT30Jan201240PE.NFO,07/01/2020,11:11:02,6.3,6.25,1875,6.4,1125,0,174375
LT30Jan201240PE.NFO,07/01/2020,11:11:08,6.3,6.35,750,6.5,1500,0,174375
LT30Jan201240PE.NFO,07/01/2020,11:11:13,6.3,6.35,1500,6.5,1125,0,174375
LT30Jan201240PE.NFO,07/01/2020,11:11:19,6.3,6.3,1125,6.45,1500,0,174375
LT30Jan201240PE.NFO,07/01/2020,11:11:26,6.45,6.35,375,6.5,750,1125,174375
LT30Jan201240PE.NFO,07/01/2020,11:11:26,6.45,6.35,375,6.5,750,0,174375
LT30Jan201240PE.NFO,07/01/2020,11:11:41,6.45,6.35,1125,6.5,750,0,174375
LT30Jan201240PE.NFO,07/01/2020,11:11:47,6.45,6.3,750,6.4,375,0,174375
LT30Jan201240PE.NFO,07/01/2020,11:11:54,6.45,6.2,750,6.4,750,0,174375
LT30Jan201240PE.NFO,07/01/2020,11:12:00,6.45,6.5,1500,6.7,1125,0,174375
LT30Jan201240PE.NFO,07/01/2020,11:12:09,6.45,6.45,1875,6.6,375,0,174375
LT30Jan201240PE.NFO,07/01/2020,11:12:16,6.45,6.4,1125,6.55,1500,0,174375
LT30Jan201240PE.NFO,07/01/2020,11:12:23,6.45,6.35,1125,6.55,2250,0,174375
LT30Jan201240PE.NFO,07/01/2020,11:12:30,6.45,6.3,1125,6.45,1500,0,174375
LT30Jan201240PE.NFO,07/01/2020,11:12:37,6.45,6.25,750,6.45,1125,0,174375
LT30Jan201240PE.NFO,07/01/2020,11:12:42,6.45,6.25,750,6.4,1125,0,174375
LT30Jan201240PE.NFO,07/01/2020,11:12:47,6.45,6.25,750,6.4,750,0,174375
LT30Jan201240PE.NFO,07/01/2020,11:12:57,6.45,6.25,750,6.4,1125,0,174375
LT30Jan201240PE.NFO,07/01/2020,11:13:03,6.45,6.3,1125,6.45,750,0,174375
LT30Jan201240PE.NFO,07/01/2020,11:13:20,6.45,6.25,750,6.45,1500,0,174375
LT30Jan201240PE.NFO,07/01/2020,11:13:26,6.45,6.3,375,6.45,1125,0,174375
LT30Jan201240PE.NFO,07/01/2020,11:13:31,6.45,6.35,2250,6.6,1125,0,174375
LT30Jan201240PE.NFO,07/01/2020,11:13:37,6.45,6.3,750,6.6,1875,0,174375
LT30Jan201240PE.NFO,07/01/2020,11:13:43,6.45,6.35,1500,6.5,375,0,174375
LT30Jan201240PE.NFO,07/01/2020,11:13:49,6.45,6.35,1500,6.5,1125,0,174375
LT30Jan201240PE.NFO,07/01/2020,11:14:05,6.45,6.3,3375,6.5,1125,0,174375
LT30Jan201240PE.NFO,07/01/2020,11:14:11,6.45,6.3,3375,6.45,750,0,174375
LT30Jan201240PE.NFO,07/01/2020,11:14:18,6.45,6.3,1500,6.45,1125,0,174375
LT30Jan201240PE.NFO,07/01/2020,11:14:23,6.45,6.3,375,6.45,1125,0,174375
LT30Jan201240PE.NFO,07/01/2020,11:14:28,6.45,6.3,375,6.45,1875,0,174375
LT30Jan201240PE.NFO,07/01/2020,11:14:34,6.3,6.25,1500,6.4,1500,375,175500
LT30Jan201240PE.NFO,07/01/2020,11:14:38,6.3,6.25,1500,6.4,1500,0,175500
LT30Jan201240PE.NFO,07/01/2020,11:14:43,6.3,6.25,1500,6.4,750,0,175500
LT30Jan201240PE.NFO,07/01/2020,11:14:48,6.3,6.25,1500,6.45,1875,0,175500
LT30Jan201240PE.NFO,07/01/2020,11:15:00,6.3,6.3,2250,6.45,750,0,175500
LT30Jan201240PE.NFO,07/01/2020,11:15:06,6.3,6.3,2250,6.45,375,0,175500
LT30Jan201240PE.NFO,07/01/2020,11:15:12,6.3,6.3,2250,6.5,1875,0,175500
LT30Jan201240PE.NFO,07/01/2020,11:15:28,6.3,6.3,2250,6.5,1500,0,175500
LT30Jan201240PE.NFO,07/01/2020,11:15:44,6.3,6.3,2250,6.5,1125,0,175500
LT30Jan201240PE.NFO,07/01/2020,11:15:50,6.3,6.3,2250,6.5,1500,0,175500
LT30Jan201240PE.NFO,07/01/2020,11:16:00,6.3,6.4,375,6.5,750,0,175500
LT30Jan201240PE.NFO,07/01/2020,11:16:07,6.3,6.4,375,6.55,1125,0,175500
LT30Jan201240PE.NFO,07/01/2020,11:16:20,6.3,6.35,1500,6.55,1875,0,175500
LT30Jan201240PE.NFO,07/01/2020,11:16:26,6.3,6.3,2250,6.5,2250,0,175500
LT30Jan201240PE.NFO,07/01/2020,11:16:42,6.3,6.25,1125,6.4,375,0,175500
LT30Jan201240PE.NFO,07/01/2020,11:16:48,6.3,6.3,1875,6.45,375,0,175500
LT30Jan201240PE.NFO,07/01/2020,11:17:01,6.3,6.3,1875,6.45,750,0,175500
LT30Jan201240PE.NFO,07/01/2020,11:17:34,6.3,6.25,1125,6.4,375,0,175500
LT30Jan201240PE.NFO,07/01/2020,11:17:42,6.3,6.25,1125,6.4,750,0,175500
LT30Jan201240PE.NFO,07/01/2020,11:18:01,6.3,6.25,750,6.4,1500,0,175500
LT30Jan201240PE.NFO,07/01/2020,11:18:13,6.3,6.15,3750,6.35,1500,0,175500
LT30Jan201240PE.NFO,07/01/2020,11:18:28,6.3,6.25,750,6.4,1500,0,175500
LT30Jan201240PE.NFO,07/01/2020,11:18:33,6.3,6.2,2250,6.35,1125,0,175500
LT30Jan201240PE.NFO,07/01/2020,11:18:38,6.3,6.15,375,6.35,1875,0,175500
LT30Jan201240PE.NFO,07/01/2020,11:18:45,6.3,6.15,375,6.3,1500,0,175500
LT30Jan201240PE.NFO,07/01/2020,11:18:51,6.3,6.15,750,6.3,2250,0,175500
LT30Jan201240PE.NFO,07/01/2020,11:19:08,6.3,6.2,1875,6.35,1125,0,175500
LT30Jan201240PE.NFO,07/01/2020,11:19:14,6.3,6.2,375,6.35,750,0,175500
LT30Jan201240PE.NFO,07/01/2020,11:19:21,6.3,6.35,2250,6.55,5625,0,175500
LT30Jan201240PE.NFO,07/01/2020,11:19:29,6.3,6.3,375,6.45,750,0,175500
LT30Jan201240PE.NFO,07/01/2020,11:19:36,6.3,6.3,375,6.5,1500,0,175500
LT30Jan201240PE.NFO,07/01/2020,11:19:42,6.3,6.3,375,6.45,750,0,175500
LT30Jan201240PE.NFO,07/01/2020,11:19:48,6.3,6.3,375,6.5,1500,0,175500
LT30Jan201240PE.NFO,07/01/2020,11:20:10,6.3,6.3,375,6.45,375,0,175500
LT30Jan201240PE.NFO,07/01/2020,11:20:21,6.3,6.3,375,6.5,1125,0,175500
LT30Jan201240PE.NFO,07/01/2020,11:20:32,6.3,6.2,375,6.4,375,375,173625
LT30Jan201240PE.NFO,07/01/2020,11:20:47,6.3,6.2,375,6.35,375,0,173625
LT30Jan201240PE.NFO,07/01/2020,11:20:53,6.3,6.2,375,6.4,1500,0,173625
LT30Jan201240PE.NFO,07/01/2020,11:21:04,6.3,6.2,375,6.35,375,0,173625
LT30Jan201240PE.NFO,07/01/2020,11:21:09,6.3,6.2,375,6.4,1500,0,173625
LT30Jan201240PE.NFO,07/01/2020,11:21:13,6.3,6.2,375,6.35,750,0,173625
LT30Jan201240PE.NFO,07/01/2020,11:21:28,6.3,6.2,375,6.4,1500,0,173625
LT30Jan201240PE.NFO,07/01/2020,11:21:35,6.3,6.2,375,6.4,1125,0,173625
LT30Jan201240PE.NFO,07/01/2020,11:22:03,6.3,6.2,375,6.4,1500,0,173625
LT30Jan201240PE.NFO,07/01/2020,11:22:06,6.3,6.2,375,6.4,1125,0,173625
LT30Jan201240PE.NFO,07/01/2020,11:22:10,6.2,6.15,1875,6.3,750,375,173625
LT30Jan201240PE.NFO,07/01/2020,11:22:15,6.2,6.15,1875,6.3,750,0,173625
LT30Jan201240PE.NFO,07/01/2020,11:22:29,6.2,6.15,1500,6.3,750,0,173625
LT30Jan201240PE.NFO,07/01/2020,11:22:34,6.2,6.15,1875,6.3,750,0,173625
LT30Jan201240PE.NFO,07/01/2020,11:22:38,6.2,6.15,1500,6.3,375,0,173625
LT30Jan201240PE.NFO,07/01/2020,11:22:51,6.2,6.15,1500,6.3,750,0,173625
LT30Jan201240PE.NFO,07/01/2020,11:22:57,6.2,6.05,2625,6.2,375,0,173625
LT30Jan201240PE.NFO,07/01/2020,11:23:03,6.2,6.05,2625,6.2,750,0,173625
LT30Jan201240PE.NFO,07/01/2020,11:23:08,6.2,6.1,1500,6.25,1125,0,173625
LT30Jan201240PE.NFO,07/01/2020,11:23:18,6.2,6.1,2250,6.25,750,0,173625
LT30Jan201240PE.NFO,07/01/2020,11:23:23,6.2,6.05,2625,6.2,750,0,173625
LT30Jan201240PE.NFO,07/01/2020,11:23:27,6.2,6.05,2625,6.2,375,0,173625
LT30Jan201240PE.NFO,07/01/2020,11:23:35,6.2,6.05,2625,6.2,1125,0,173625
LT30Jan201240PE.NFO,07/01/2020,11:23:40,6.2,6.05,2625,6.2,750,0,173625
LT30Jan201240PE.NFO,07/01/2020,11:23:53,6.2,6,1500,6.15,750,0,173625
LT30Jan201240PE.NFO,07/01/2020,11:23:59,6.05,5.95,1500,6.15,1500,5250,173625
LT30Jan201240PE.NFO,07/01/2020,11:24:05,6.05,5.95,375,6.15,1875,0,173625
LT30Jan201240PE.NFO,07/01/2020,11:24:10,6.05,6.05,1125,6.15,375,0,173625
LT30Jan201240PE.NFO,07/01/2020,11:24:15,6.05,6.05,1125,6.2,1500,0,173625
LT30Jan201240PE.NFO,07/01/2020,11:24:25,6.05,6.05,1125,6.15,375,0,173625
LT30Jan201240PE.NFO,07/01/2020,11:24:30,6.05,6.05,1125,6.2,750,0,173625
LT30Jan201240PE.NFO,07/01/2020,11:24:35,6.05,6.1,750,6.2,750,0,173625
LT30Jan201240PE.NFO,07/01/2020,11:24:39,6.15,6.1,750,6.2,750,750,173625
LT30Jan201240PE.NFO,07/01/2020,11:24:52,6.15,6.1,750,6.2,750,3375,173625
LT30Jan201240PE.NFO,07/01/2020,11:24:56,6.15,6.1,750,6.2,750,0,173625
LT30Jan201240PE.NFO,07/01/2020,11:25:06,6.15,6,750,6.2,750,2250,173625
LT30Jan201240PE.NFO,07/01/2020,11:25:11,6.1,6,750,6.15,750,750,173625
LT30Jan201240PE.NFO,07/01/2020,11:25:15,6.1,5.95,1500,6.15,1500,0,173625
LT30Jan201240PE.NFO,07/01/2020,11:25:20,6.1,6.1,375,6.25,750,0,173625
LT30Jan201240PE.NFO,07/01/2020,11:25:25,6.1,6.1,375,6.3,750,0,173625
LT30Jan201240PE.NFO,07/01/2020,11:25:30,6.3,6.15,750,6.35,375,1500,173625
LT30Jan201240PE.NFO,07/01/2020,11:25:35,6.4,6.25,1125,6.45,1125,4875,173625
LT30Jan201240PE.NFO,07/01/2020,11:25:39,6.4,6.25,1125,6.5,1500,1500,173625
LT30Jan201240PE.NFO,07/01/2020,11:25:45,6.4,6.25,1500,6.45,750,0,173625
LT30Jan201240PE.NFO,07/01/2020,11:25:51,6.4,6.4,750,6.55,375,6000,173625
LT30Jan201240PE.NFO,07/01/2020,11:25:51,6.5,6.4,750,6.55,375,0,173625
LT30Jan201240PE.NFO,07/01/2020,11:25:55,6.5,6.5,750,6.7,1125,1500,173625
LT30Jan201240PE.NFO,07/01/2020,11:25:55,6.55,6.5,750,6.7,1125,0,173625
LT30Jan201240PE.NFO,07/01/2020,11:25:59,6.5,6.5,750,6.8,1125,0,173625
LT30Jan201240PE.NFO,07/01/2020,11:26:07,6.5,6.6,375,6.8,1125,0,173625
LT30Jan201240PE.NFO,07/01/2020,11:26:11,6.6,6.6,375,6.8,1125,1500,173625
LT30Jan201240PE.NFO,07/01/2020,11:26:11,6.8,6.6,375,6.8,1125,0,173625
LT30Jan201240PE.NFO,07/01/2020,11:26:14,6.6,6.6,375,6.8,1125,0,173625
LT30Jan201240PE.NFO,07/01/2020,11:26:21,6.6,6.5,1500,6.8,750,0,173625
LT30Jan201240PE.NFO,07/01/2020,11:26:26,6.6,6.55,375,6.7,1125,0,173625
LT30Jan201240PE.NFO,07/01/2020,11:26:30,6.6,6.5,1500,6.7,1125,0,173625
LT30Jan201240PE.NFO,07/01/2020,11:26:36,6.55,6.55,1500,6.7,1125,375,173625
LT30Jan201240PE.NFO,07/01/2020,11:26:41,6.75,6.55,4875,6.8,1875,375,189375
LT30Jan201240PE.NFO,07/01/2020,11:26:47,6.8,6.55,4875,6.9,750,1500,189375
LT30Jan201240PE.NFO,07/01/2020,11:26:51,6.7,6.7,750,6.85,1125,1125,189375
LT30Jan201240PE.NFO,07/01/2020,11:26:55,6.65,6.65,375,6.9,1500,3750,189375
LT30Jan201240PE.NFO,07/01/2020,11:26:55,6.85,6.65,375,6.9,1500,0,189375
LT30Jan201240PE.NFO,07/01/2020,11:26:59,6.65,6.65,1500,6.9,2625,0,189375
LT30Jan201240PE.NFO,07/01/2020,11:27:03,6.65,6.6,1875,6.9,2625,0,189375
LT30Jan201240PE.NFO,07/01/2020,11:27:17,6.65,6.65,4500,6.9,1500,0,189375
LT30Jan201240PE.NFO,07/01/2020,11:27:28,6.85,6.65,4500,6.9,375,1500,189375
LT30Jan201240PE.NFO,07/01/2020,11:27:28,6.9,6.65,4500,6.9,375,0,189375
LT30Jan201240PE.NFO,07/01/2020,11:27:32,6.85,6.65,4500,6.95,2250,0,189375
LT30Jan201240PE.NFO,07/01/2020,11:27:36,6.85,6.65,4500,6.95,1875,0,189375
LT30Jan201240PE.NFO,07/01/2020,11:27:40,6.95,6.65,4500,6.95,1500,375,189375
LT30Jan201240PE.NFO,07/01/2020,11:27:40,6.95,6.65,4500,6.95,1500,0,189375
LT30Jan201240PE.NFO,07/01/2020,11:27:45,6.95,6.65,6000,6.95,2625,0,189375
LT30Jan201240PE.NFO,07/01/2020,11:27:48,6.95,6.8,750,6.95,375,0,189375
LT30Jan201240PE.NFO,07/01/2020,11:27:52,6.9,6.8,375,6.95,1500,375,189375
LT30Jan201240PE.NFO,07/01/2020,11:27:57,6.9,6.8,2250,7,2625,0,189375
LT30Jan201240PE.NFO,07/01/2020,11:28:00,6.9,6.8,1500,7,2625,0,189375
LT30Jan201240PE.NFO,07/01/2020,11:28:04,6.9,6.8,375,7,2625,0,189375
LT30Jan201240PE.NFO,07/01/2020,11:28:20,7,6.9,1500,7.05,375,3000,189375
LT30Jan201240PE.NFO,07/01/2020,11:28:20,7,6.9,1500,7.05,375,0,189375
LT30Jan201240PE.NFO,07/01/2020,11:28:23,7,6.9,1500,7.05,750,0,189375
LT30Jan201240PE.NFO,07/01/2020,11:28:27,7,7,4125,7.05,375,0,189375
LT30Jan201240PE.NFO,07/01/2020,11:28:43,7.05,7,4500,7.1,375,375,189375
LT30Jan201240PE.NFO,07/01/2020,11:28:43,7.05,7,4500,7.1,375,0,189375
LT30Jan201240PE.NFO,07/01/2020,11:28:46,7.05,7,6000,7.2,750,0,189375
LT30Jan201240PE.NFO,07/01/2020,11:28:50,7.15,7.05,1500,7.2,375,375,189375
LT30Jan201240PE.NFO,07/01/2020,11:28:50,7.15,7.05,1500,7.2,375,0,189375
LT30Jan201240PE.NFO,07/01/2020,11:28:54,7.15,7.05,1500,7.2,375,0,189375
LT30Jan201240PE.NFO,07/01/2020,11:28:58,7.2,7.05,1500,7.25,750,375,189375
LT30Jan201240PE.NFO,07/01/2020,11:28:58,7.2,7.05,1500,7.25,750,0,189375
LT30Jan201240PE.NFO,07/01/2020,11:29:02,7.2,7.05,2625,7.3,2250,0,189375
LT30Jan201240PE.NFO,07/01/2020,11:29:05,7.2,7.05,2625,7.3,1125,0,189375
LT30Jan201240PE.NFO,07/01/2020,11:29:09,7.2,7.05,2625,7.3,1875,0,189375
LT30Jan201240PE.NFO,07/01/2020,11:29:13,7.2,7.05,1500,7.3,750,0,189375
LT30Jan201240PE.NFO,07/01/2020,11:29:24,7.2,7,4875,7.2,1125,0,189375
LT30Jan201240PE.NFO,07/01/2020,11:29:31,7.2,7,4875,7.2,750,0,189375
LT30Jan201240PE.NFO,07/01/2020,11:29:38,7.2,7,4875,7.25,1875,0,189375
LT30Jan201240PE.NFO,07/01/2020,11:29:42,7.2,7,4875,7.25,3000,0,189375
LT30Jan201240PE.NFO,07/01/2020,11:29:50,7.2,7,4875,7.25,1875,0,189375
LT30Jan201240PE.NFO,07/01/2020,11:30:13,7.25,7,4875,7.25,1500,375,190500
LT30Jan201240PE.NFO,07/01/2020,11:30:13,7.25,7,4875,7.25,1500,0,190500
LT30Jan201240PE.NFO,07/01/2020,11:30:18,7.25,7,6000,7.25,750,375,190500
LT30Jan201240PE.NFO,07/01/2020,11:30:23,7.25,7,6000,7.25,750,0,190500
LT30Jan201240PE.NFO,07/01/2020,11:30:31,7.25,7,6000,7.35,1500,0,190500
LT30Jan201240PE.NFO,07/01/2020,11:30:41,7.25,7,6000,7.35,1125,0,190500
LT30Jan201240PE.NFO,07/01/2020,11:30:50,7.25,7,6000,7.25,1125,0,190500
LT30Jan201240PE.NFO,07/01/2020,11:30:53,7.25,7,6000,7.35,1125,375,190500
LT30Jan201240PE.NFO,07/01/2020,11:30:58,7.25,7,6000,7.25,1125,0,190500
LT30Jan201240PE.NFO,07/01/2020,11:31:20,7.25,7,6000,7.25,1875,0,190500
LT30Jan201240PE.NFO,07/01/2020,11:31:29,7.25,7,6000,7.25,1875,375,190500
LT30Jan201240PE.NFO,07/01/2020,11:31:37,7.25,7,6000,7.3,750,375,190500
LT30Jan201240PE.NFO,07/01/2020,11:31:41,7.25,7,6000,7.3,750,0,190500
LT30Jan201240PE.NFO,07/01/2020,11:31:46,7.2,7,6000,7.3,750,375,190500
LT30Jan201240PE.NFO,07/01/2020,11:31:51,7.2,7,6000,7.25,2250,0,190500
LT30Jan201240PE.NFO,07/01/2020,11:31:58,7.2,7,4500,7.25,4875,0,190500
LT30Jan201240PE.NFO,07/01/2020,11:32:04,7,7,1875,7.05,1125,2250,190500
LT30Jan201240PE.NFO,07/01/2020,11:32:09,7,7,375,7.1,2250,1500,190500
LT30Jan201240PE.NFO,07/01/2020,11:32:15,7,6.9,1125,7.1,1875,375,190500
LT30Jan201240PE.NFO,07/01/2020,11:32:19,7,6.9,1125,7.1,1875,0,190500
LT30Jan201240PE.NFO,07/01/2020,11:32:24,6.9,6.9,375,7.1,1875,1125,190500
LT30Jan201240PE.NFO,07/01/2020,11:32:28,6.9,6.85,1125,7.1,1875,0,190500
LT30Jan201240PE.NFO,07/01/2020,11:32:33,6.9,6.9,750,7.1,1875,0,190500
LT30Jan201240PE.NFO,07/01/2020,11:32:48,6.9,6.8,1125,7.1,1875,750,193875
LT30Jan201240PE.NFO,07/01/2020,11:32:53,6.9,6.8,1125,6.95,375,0,193875
LT30Jan201240PE.NFO,07/01/2020,11:32:57,6.8,6.75,375,6.95,1125,1125,193875
LT30Jan201240PE.NFO,07/01/2020,11:33:01,6.9,6.8,1125,6.95,1125,750,193875
LT30Jan201240PE.NFO,07/01/2020,11:33:06,6.9,6.8,750,7,375,0,193875
LT30Jan201240PE.NFO,07/01/2020,11:33:10,6.8,6.8,375,7,375,375,193875
LT30Jan201240PE.NFO,07/01/2020,11:33:13,6.8,6.8,375,7,375,0,193875
LT30Jan201240PE.NFO,07/01/2020,11:33:17,6.8,6.75,1500,6.95,1125,0,193875
LT30Jan201240PE.NFO,07/01/2020,11:33:21,6.95,6.75,1500,6.95,375,1125,193875
LT30Jan201240PE.NFO,07/01/2020,11:33:26,6.95,6.75,750,7,1125,0,193875
LT30Jan201240PE.NFO,07/01/2020,11:33:31,6.95,6.75,750,7.05,750,0,193875
LT30Jan201240PE.NFO,07/01/2020,11:33:57,6.85,6.8,375,7,1125,375,193875
LT30Jan201240PE.NFO,07/01/2020,11:34:03,6.85,6.75,750,7,1125,0,193875
LT30Jan201240PE.NFO,07/01/2020,11:34:09,6.85,6.7,750,6.9,750,0,193875
LT30Jan201240PE.NFO,07/01/2020,11:34:16,6.85,6.7,1875,6.9,1875,0,193875
LT30Jan201240PE.NFO,07/01/2020,11:34:35,6.85,6.7,1125,6.9,1875,0,193875
LT30Jan201240PE.NFO,07/01/2020,11:34:52,6.85,6.75,1875,6.9,375,0,193875
LT30Jan201240PE.NFO,07/01/2020,11:34:58,6.85,6.75,1875,6.95,1125,0,193875
LT30Jan201240PE.NFO,07/01/2020,11:35:09,6.85,6.75,1125,6.95,1125,0,193875
LT30Jan201240PE.NFO,07/01/2020,11:35:14,6.75,6.7,1125,6.95,750,750,193875
LT30Jan201240PE.NFO,07/01/2020,11:35:20,6.75,6.7,1500,6.9,1125,0,193875
LT30Jan201240PE.NFO,07/01/2020,11:35:27,6.75,6.65,1500,6.8,375,0,193875
LT30Jan201240PE.NFO,07/01/2020,11:35:44,6.75,6.65,1500,6.85,1125,0,193875
LT30Jan201240PE.NFO,07/01/2020,11:35:50,6.75,6.7,2250,6.85,375,0,193875
LT30Jan201240PE.NFO,07/01/2020,11:35:56,6.75,6.7,1875,6.9,1875,0,193875
LT30Jan201240PE.NFO,07/01/2020,11:36:01,6.75,6.7,1875,6.9,1125,0,193875
LT30Jan201240PE.NFO,07/01/2020,11:36:36,6.75,6.7,1500,6.9,1875,0,193875
LT30Jan201240PE.NFO,07/01/2020,11:36:41,6.75,6.7,1875,6.9,1875,0,193875
LT30Jan201240PE.NFO,07/01/2020,11:36:53,6.75,6.75,2250,6.95,1125,0,193875
LT30Jan201240PE.NFO,07/01/2020,11:37:00,6.75,6.75,1875,6.95,375,0,193875
LT30Jan201240PE.NFO,07/01/2020,11:37:06,6.8,6.75,375,6.9,375,2250,193125
LT30Jan201240PE.NFO,07/01/2020,11:37:10,6.8,6.75,1125,7,1125,0,193125
LT30Jan201240PE.NFO,07/01/2020,11:37:14,6.8,6.75,1500,6.95,1125,0,193125
LT30Jan201240PE.NFO,07/01/2020,11:37:45,6.8,6.75,750,6.8,375,750,193125
LT30Jan201240PE.NFO,07/01/2020,11:37:49,6.8,6.75,1500,6.95,1875,375,193125
LT30Jan201240PE.NFO,07/01/2020,11:37:54,6.8,6.75,1500,6.95,1875,0,193125
LT30Jan201240PE.NFO,07/01/2020,11:38:09,6.8,6.7,375,6.95,1875,0,193125
LT30Jan201240PE.NFO,07/01/2020,11:38:20,6.8,6.75,750,6.95,1875,0,193125
LT30Jan201240PE.NFO,07/01/2020,11:39:34,6.8,6.85,750,7,1500,0,193125
LT30Jan201240PE.NFO,07/01/2020,11:39:38,6.8,6.85,750,7,1125,0,193125
LT30Jan201240PE.NFO,07/01/2020,11:39:42,6.8,6.85,375,7.05,750,0,193125
LT30Jan201240PE.NFO,07/01/2020,11:39:47,6.8,6.9,375,7.1,1500,0,193125
LT30Jan201240PE.NFO,07/01/2020,11:39:53,6.8,6.95,1125,7.15,750,0,193125
LT30Jan201240PE.NFO,07/01/2020,11:40:00,6.8,7,1125,7.2,1875,0,193125
LT30Jan201240PE.NFO,07/01/2020,11:40:06,6.8,7,750,7.15,375,0,193125
LT30Jan201240PE.NFO,07/01/2020,11:40:11,6.8,7,1125,7.2,1875,0,193125
LT30Jan201240PE.NFO,07/01/2020,11:40:20,6.8,7,750,7.15,375,0,193125
LT30Jan201240PE.NFO,07/01/2020,11:40:28,6.8,7,1500,7.2,750,0,193125
LT30Jan201240PE.NFO,07/01/2020,11:41:49,7.2,7.2,375,7.35,375,375,191625
LT30Jan201240PE.NFO,07/01/2020,11:41:53,7.2,7.2,1500,7.4,1500,0,191625
LT30Jan201240PE.NFO,07/01/2020,11:41:56,7.2,7.25,1875,7.45,1125,0,191625
LT30Jan201240PE.NFO,07/01/2020,11:42:04,7.2,7.25,1875,7.5,2250,0,191625
LT30Jan201240PE.NFO,07/01/2020,11:42:08,7.2,7.25,1875,7.55,1125,0,191625
LT30Jan201240PE.NFO,07/01/2020,11:43:23,7.25,7.25,375,7.4,375,1125,191625
LT30Jan201240PE.NFO,07/01/2020,11:43:26,7.25,7.3,750,7.5,2250,0,191625
LT30Jan201240PE.NFO,07/01/2020,11:43:29,7.25,7.25,375,7.4,750,0,191625
LT30Jan201240PE.NFO,07/01/2020,11:43:36,7.25,7.25,375,7.4,1500,0,191625
LT30Jan201240PE.NFO,07/01/2020,11:43:39,7.25,7.25,375,7.4,1875,0,191625
LT30Jan201240PE.NFO,07/01/2020,11:43:50,7.25,7.2,750,7.4,1875,375,191625
LT30Jan201240PE.NFO,07/01/2020,11:43:54,7.25,7.2,750,7.4,1875,0,191625
LT30Jan201240PE.NFO,07/01/2020,11:44:10,7.2,7.15,1125,7.3,1500,375,191625
LT30Jan201240PE.NFO,07/01/2020,11:44:13,7.2,7.15,1125,7.3,1500,0,191625
LT30Jan201240PE.NFO,07/01/2020,11:44:21,7.2,7,3750,7.2,1125,750,191625
LT30Jan201240PE.NFO,07/01/2020,11:44:24,7.2,7,3750,7.2,1500,0,191625
LT30Jan201240PE.NFO,07/01/2020,11:44:36,7.2,7,375,7.1,375,0,191625
LT30Jan201240PE.NFO,07/01/2020,11:44:39,7.2,6.95,750,7.1,375,0,191625
LT30Jan201240PE.NFO,07/01/2020,11:44:42,7.2,6.95,375,7.1,1125,0,191625
LT30Jan201240PE.NFO,07/01/2020,11:44:46,7.2,6.95,750,7.1,1125,0,191625
LT30Jan201240PE.NFO,07/01/2020,11:44:50,7.15,6.95,1875,7.25,375,375,193875
LT30Jan201240PE.NFO,07/01/2020,11:44:54,7.15,7.05,2250,7.3,1500,0,193875
LT30Jan201240PE.NFO,07/01/2020,11:44:56,7.15,7.05,2250,7.3,750,0,193875
LT30Jan201240PE.NFO,07/01/2020,11:44:59,7.4,7.05,2250,7.35,1125,750,193875
LT30Jan201240PE.NFO,07/01/2020,11:44:59,7.4,7.05,2250,7.35,1125,0,193875
LT30Jan201240PE.NFO,07/01/2020,11:45:03,7.4,7.05,2250,7.35,1500,0,193875
LT30Jan201240PE.NFO,07/01/2020,11:45:13,7.4,7.05,2250,7.4,1125,0,193875
LT30Jan201240PE.NFO,07/01/2020,11:45:16,7.4,7.25,1125,7.4,375,0,193875
LT30Jan201240PE.NFO,07/01/2020,11:45:19,7.4,7.25,1500,7.45,375,0,193875
LT30Jan201240PE.NFO,07/01/2020,11:45:30,7.4,7.35,375,7.45,375,0,193875
LT30Jan201240PE.NFO,07/01/2020,11:45:34,7.4,7.3,750,7.5,1125,0,193875
LT30Jan201240PE.NFO,07/01/2020,11:45:44,7.4,7.25,1875,7.4,375,0,193875
LT30Jan201240PE.NFO,07/01/2020,11:45:47,7.4,7.25,1875,7.45,750,0,193875
LT30Jan201240PE.NFO,07/01/2020,11:45:49,7.4,7.25,1875,7.5,375,0,193875
LT30Jan201240PE.NFO,07/01/2020,11:45:53,7.4,7.25,1875,7.5,750,0,193875
LT30Jan201240PE.NFO,07/01/2020,11:45:56,7.4,7.25,1875,7.45,1125,0,193875
LT30Jan201240PE.NFO,07/01/2020,11:46:22,7.4,7.25,1875,7.45,750,0,193875
LT30Jan201240PE.NFO,07/01/2020,11:46:48,7.25,7.25,1500,7.45,750,375,193875
LT30Jan201240PE.NFO,07/01/2020,11:47:02,7.25,7.25,750,7.45,750,750,193875
LT30Jan201240PE.NFO,07/01/2020,11:47:05,7.25,7.25,375,7.45,375,0,193875
LT30Jan201240PE.NFO,07/01/2020,11:48:14,7.25,7.2,375,7.45,375,0,193875
LT30Jan201240PE.NFO,07/01/2020,11:48:29,7.25,7.15,375,7.45,750,0,193875
LT30Jan201240PE.NFO,07/01/2020,11:49:00,7.25,7.15,375,7.35,1125,0,193875
LT30Jan201240PE.NFO,07/01/2020,11:49:07,7.35,7.15,375,7.45,750,1125,192750
LT30Jan201240PE.NFO,07/01/2020,11:49:14,7.35,7.15,375,7.35,375,0,192750
LT30Jan201240PE.NFO,07/01/2020,11:49:41,7.35,7.2,375,7.4,375,0,192750
LT30Jan201240PE.NFO,07/01/2020,11:49:49,7.35,7.1,375,7.35,1500,0,192750
LT30Jan201240PE.NFO,07/01/2020,11:49:59,7.35,7.1,375,7.35,1125,0,192750
LT30Jan201240PE.NFO,07/01/2020,11:50:03,7.35,7.1,375,7.3,375,0,192750
LT30Jan201240PE.NFO,07/01/2020,11:50:17,7.35,7.15,1500,7.35,375,0,192750
LT30Jan201240PE.NFO,07/01/2020,11:50:43,7.35,7.15,1125,7.35,375,0,192750
LT30Jan201240PE.NFO,07/01/2020,11:51:00,7.15,7.05,375,7.3,1125,1125,193875
LT30Jan201240PE.NFO,07/01/2020,11:51:04,7.15,7.05,375,7.3,1125,0,193875
LT30Jan201240PE.NFO,07/01/2020,11:51:20,7.15,7,375,7.3,1125,0,193875
LT30Jan201240PE.NFO,07/01/2020,11:51:35,7.15,6.9,375,7.3,1125,0,193875
LT30Jan201240PE.NFO,07/01/2020,11:51:39,7.15,6.9,375,7.1,750,0,193875
LT30Jan201240PE.NFO,07/01/2020,11:52:29,7.15,6.8,375,7.1,1125,0,193875
LT30Jan201240PE.NFO,07/01/2020,11:53:15,7.15,6.8,375,7,750,0,193875
LT30Jan201240PE.NFO,07/01/2020,11:53:19,7.15,6.75,2625,7,1125,0,193875
LT30Jan201240PE.NFO,07/01/2020,11:53:22,7.15,6.8,375,7,1500,0,193875
LT30Jan201240PE.NFO,07/01/2020,11:53:26,7.15,6.8,750,7,1500,0,193875
LT30Jan201240PE.NFO,07/01/2020,11:53:41,7.15,6.8,375,7,1500,0,193875
LT30Jan201240PE.NFO,07/01/2020,11:54:20,7.15,6.75,2250,7,750,0,193875
LT30Jan201240PE.NFO,07/01/2020,11:54:22,7.15,6.85,1125,7,750,0,193875
LT30Jan201240PE.NFO,07/01/2020,11:54:27,7.15,6.85,1125,7.05,750,0,193875
LT30Jan201240PE.NFO,07/01/2020,11:55:04,7.15,6.85,1500,7.05,750,0,193875
LT30Jan201240PE.NFO,07/01/2020,11:57:47,7.15,6.85,1500,7.1,750,0,193875
LT30Jan201240PE.NFO,07/01/2020,11:57:56,7.15,6.85,1500,7.05,375,0,193875
LT30Jan201240PE.NFO,07/01/2020,11:58:48,7.15,6.85,1500,7.05,750,0,193875
LT30Jan201240PE.NFO,07/01/2020,11:58:55,7.15,6.85,1500,7,1125,0,193875
LT30Jan201240PE.NFO,07/01/2020,11:59:47,7.15,6.85,1500,7,375,0,193875
LT30Jan201240PE.NFO,07/01/2020,11:59:51,7.15,6.85,1500,7.1,750,0,193875
LT30Jan201240PE.NFO,07/01/2020,12:00:05,7.15,6.85,1500,7.1,375,0,193875
LT30Jan201240PE.NFO,07/01/2020,12:00:31,7.15,6.85,1500,7.05,750,0,193875
LT30Jan201240PE.NFO,07/01/2020,12:00:38,7.15,6.9,1500,7.05,375,0,193875
LT30Jan201240PE.NFO,07/01/2020,12:01:21,7.15,6.9,1500,7.1,375,0,193875
LT30Jan201240PE.NFO,07/01/2020,12:01:31,7.15,6.95,375,7.1,375,0,193875
LT30Jan201240PE.NFO,07/01/2020,12:02:38,7.15,6.9,375,7.05,375,0,193875
LT30Jan201240PE.NFO,07/01/2020,12:02:55,7.15,6.85,750,7.05,750,0,193875
LT30Jan201240PE.NFO,07/01/2020,12:03:03,7.15,6.85,750,7,750,0,193875
LT30Jan201240PE.NFO,07/01/2020,12:03:07,7.15,6.85,750,7,1125,0,193875
LT30Jan201240PE.NFO,07/01/2020,12:03:11,7.15,6.85,750,7,375,0,193875
LT30Jan201240PE.NFO,07/01/2020,12:04:02,7.15,6.9,750,7.05,750,0,193875
LT30Jan201240PE.NFO,07/01/2020,12:05:05,7.15,6.9,375,7.05,750,0,193875
LT30Jan201240PE.NFO,07/01/2020,12:05:25,7.15,6.85,375,7.05,750,0,193875
LT30Jan201240PE.NFO,07/01/2020,12:05:31,7.15,6.85,375,7,375,0,193875
LT30Jan201240PE.NFO,07/01/2020,12:05:41,7.15,6.85,375,6.95,375,0,193875
LT30Jan201240PE.NFO,07/01/2020,12:05:49,7.15,6.85,750,6.95,375,0,193875
LT30Jan201240PE.NFO,07/01/2020,12:05:52,7.15,6.85,750,7,750,0,193875
LT30Jan201240PE.NFO,07/01/2020,12:06:07,7.15,6.85,750,6.95,375,0,193875
LT30Jan201240PE.NFO,07/01/2020,12:06:11,7.15,6.85,750,7,750,0,193875
LT30Jan201240PE.NFO,07/01/2020,12:06:13,7.15,6.85,375,7,750,0,193875
LT30Jan201240PE.NFO,07/01/2020,12:06:17,7.15,6.85,375,6.95,375,0,193875
LT30Jan201240PE.NFO,07/01/2020,12:06:41,7.15,6.85,750,7,750,0,193875
LT30Jan201240PE.NFO,07/01/2020,12:07:06,7.15,6.85,750,7,375,0,193875
LT30Jan201240PE.NFO,07/01/2020,12:08:01,7.15,6.85,750,6.95,375,0,193875
LT30Jan201240PE.NFO,07/01/2020,12:08:05,6.85,6.8,750,6.95,1500,375,192750
LT30Jan201240PE.NFO,07/01/2020,12:08:11,6.85,6.8,750,6.95,1500,0,192750
LT30Jan201240PE.NFO,07/01/2020,12:08:29,6.85,6.8,375,6.95,1500,0,192750
LT30Jan201240PE.NFO,07/01/2020,12:08:39,6.85,6.75,1500,6.95,1500,0,192750
LT30Jan201240PE.NFO,07/01/2020,12:09:10,6.85,6.75,1500,6.95,1125,0,192750
LT30Jan201240PE.NFO,07/01/2020,12:10:20,6.85,6.75,1500,6.95,750,0,192750
LT30Jan201240PE.NFO,07/01/2020,12:10:26,6.85,6.75,1500,7,375,0,192750
LT30Jan201240PE.NFO,07/01/2020,12:10:28,6.85,6.75,1500,7,750,0,192750
LT30Jan201240PE.NFO,07/01/2020,12:10:42,6.85,6.75,1125,6.9,375,0,192750
LT30Jan201240PE.NFO,07/01/2020,12:10:44,6.85,6.75,750,6.9,375,0,192750
LT30Jan201240PE.NFO,07/01/2020,12:11:19,6.85,6.75,750,6.85,375,0,192750
LT30Jan201240PE.NFO,07/01/2020,12:12:41,6.85,6.75,750,6.95,750,375,193125
LT30Jan201240PE.NFO,07/01/2020,12:13:10,6.85,6.7,375,6.85,1125,0,193125
LT30Jan201240PE.NFO,07/01/2020,12:13:18,6.7,6.6,750,6.8,1500,375,193125
LT30Jan201240PE.NFO,07/01/2020,12:13:24,6.7,6.55,375,6.7,750,0,193125
LT30Jan201240PE.NFO,07/01/2020,12:13:30,6.7,6.55,1125,6.75,375,0,193125
LT30Jan201240PE.NFO,07/01/2020,12:14:06,6.7,6.55,1125,6.8,375,0,193125
LT30Jan201240PE.NFO,07/01/2020,12:15:28,6.7,6.65,375,6.8,375,0,193125
LT30Jan201240PE.NFO,07/01/2020,12:16:02,6.7,6.65,375,6.75,375,0,193125
LT30Jan201240PE.NFO,07/01/2020,12:19:11,6.7,6.6,1125,6.75,1500,0,193125
LT30Jan201240PE.NFO,07/01/2020,12:19:15,6.7,6.6,1125,6.75,1125,0,193125
LT30Jan201240PE.NFO,07/01/2020,12:19:28,6.7,6.6,1125,6.75,750,0,193125
LT30Jan201240PE.NFO,07/01/2020,12:19:37,6.6,6.6,750,6.75,1125,375,193125
LT30Jan201240PE.NFO,07/01/2020,12:19:56,6.6,6.6,750,6.75,375,0,193125
LT30Jan201240PE.NFO,07/01/2020,12:20:03,6.6,6.6,750,6.75,1125,0,193125
LT30Jan201240PE.NFO,07/01/2020,12:20:08,6.6,6.6,750,6.8,375,0,193125
LT30Jan201240PE.NFO,07/01/2020,12:20:10,6.6,6.6,750,6.75,1125,0,193125
LT30Jan201240PE.NFO,07/01/2020,12:20:17,6.6,6.6,750,6.75,750,0,193125
LT30Jan201240PE.NFO,07/01/2020,12:20:26,6.6,6.6,750,6.75,375,0,193125
LT30Jan201240PE.NFO,07/01/2020,12:20:38,6.6,6.6,750,6.75,750,0,193125
LT30Jan201240PE.NFO,07/01/2020,12:20:47,6.6,6.6,1125,6.8,375,0,193125
LT30Jan201240PE.NFO,07/01/2020,12:21:03,6.6,6.6,1125,6.75,375,0,193125
LT30Jan201240PE.NFO,07/01/2020,12:21:35,6.6,6.6,1125,6.8,375,0,193125
LT30Jan201240PE.NFO,07/01/2020,12:26:03,6.6,6.6,1125,6.75,750,0,193125
LT30Jan201240PE.NFO,07/01/2020,12:26:07,6.6,6.6,1125,6.75,375,0,193125
LT30Jan201240PE.NFO,07/01/2020,12:26:48,6.6,6.55,1125,6.75,750,0,193125
LT30Jan201240PE.NFO,07/01/2020,12:26:52,6.6,6.55,1125,6.7,375,0,193125
LT30Jan201240PE.NFO,07/01/2020,12:26:55,6.6,6.55,1125,6.75,750,0,193125
LT30Jan201240PE.NFO,07/01/2020,12:27:46,6.6,6.55,1500,6.7,375,0,193125
LT30Jan201240PE.NFO,07/01/2020,12:28:33,6.6,6.55,1500,6.75,750,0,193125
LT30Jan201240PE.NFO,07/01/2020,12:28:58,6.6,6.55,1500,6.8,750,0,193125
LT30Jan201240PE.NFO,07/01/2020,12:29:43,6.6,6.55,4500,6.8,750,0,193125
LT30Jan201240PE.NFO,07/01/2020,12:29:56,6.6,6.55,4500,6.9,375,0,193125
LT30Jan201240PE.NFO,07/01/2020,12:30:01,6.6,6.55,4500,6.9,1125,0,193125
LT30Jan201240PE.NFO,07/01/2020,12:30:12,6.6,6.55,4500,6.9,375,0,193125
LT30Jan201240PE.NFO,07/01/2020,12:30:45,6.6,6.55,1500,6.8,1125,0,193125
LT30Jan201240PE.NFO,07/01/2020,12:31:03,6.6,6.55,1500,6.75,1875,0,193125
LT30Jan201240PE.NFO,07/01/2020,12:31:08,6.6,6.55,1500,6.75,1500,0,193125
LT30Jan201240PE.NFO,07/01/2020,12:31:48,6.5,6.5,750,6.65,1125,7500,193125
LT30Jan201240PE.NFO,07/01/2020,12:31:52,6.55,6.5,750,6.55,1875,1875,193125
LT30Jan201240PE.NFO,07/01/2020,12:31:55,6.55,6.5,1875,6.55,2625,3000,193125
LT30Jan201240PE.NFO,07/01/2020,12:31:59,6.5,6.45,750,6.65,375,6375,193125
LT30Jan201240PE.NFO,07/01/2020,12:32:04,6.55,6.55,1125,6.6,375,2250,193125
LT30Jan201240PE.NFO,07/01/2020,12:32:08,6.55,6.55,1125,6.6,375,0,193125
LT30Jan201240PE.NFO,07/01/2020,12:32:15,6.55,6.45,1125,6.6,375,0,193125
LT30Jan201240PE.NFO,07/01/2020,12:32:26,6.55,6.5,1500,6.7,1500,0,193125
LT30Jan201240PE.NFO,07/01/2020,12:32:35,6.55,6.5,1125,6.7,1500,0,193125
LT30Jan201240PE.NFO,07/01/2020,12:32:45,6.6,6.5,1125,6.7,1875,375,193125
LT30Jan201240PE.NFO,07/01/2020,12:33:01,6.6,6.45,1500,6.7,1875,0,193125
LT30Jan201240PE.NFO,07/01/2020,12:33:11,6.6,6.45,750,6.7,1875,0,193125
LT30Jan201240PE.NFO,07/01/2020,12:33:15,6.6,6.45,1125,6.6,1500,0,193125
LT30Jan201240PE.NFO,07/01/2020,12:33:19,6.6,6.4,2250,6.6,1875,0,193125
LT30Jan201240PE.NFO,07/01/2020,12:33:22,6.6,6.4,1125,6.6,1875,0,193125
LT30Jan201240PE.NFO,07/01/2020,12:33:52,6.5,6.4,1500,6.55,375,375,177750
LT30Jan201240PE.NFO,07/01/2020,12:34:02,6.5,6.35,1500,6.55,1125,0,177750
LT30Jan201240PE.NFO,07/01/2020,12:34:07,6.5,6.35,1875,6.55,1500,0,177750
LT30Jan201240PE.NFO,07/01/2020,12:34:36,6.5,6.4,1125,6.55,1500,0,177750
LT30Jan201240PE.NFO,07/01/2020,12:34:40,6.5,6.35,3000,6.55,1500,0,177750
LT30Jan201240PE.NFO,07/01/2020,12:34:54,6.5,6.35,2250,6.5,1500,0,177750
LT30Jan201240PE.NFO,07/01/2020,12:34:57,6.5,6.35,2250,6.5,750,0,177750
LT30Jan201240PE.NFO,07/01/2020,12:35:05,6.5,6.35,1125,6.5,750,0,177750
LT30Jan201240PE.NFO,07/01/2020,12:35:07,6.5,6.35,750,6.5,375,0,177750
LT30Jan201240PE.NFO,07/01/2020,12:36:03,6.5,6.3,2250,6.45,750,0,177750
LT30Jan201240PE.NFO,07/01/2020,12:36:48,6.5,6.35,375,6.5,1875,0,177750
LT30Jan201240PE.NFO,07/01/2020,12:36:51,6.5,6.3,2250,6.5,1875,0,177750
LT30Jan201240PE.NFO,07/01/2020,12:37:49,6.5,6.3,2250,6.45,1500,0,177750
LT30Jan201240PE.NFO,07/01/2020,12:38:07,6.3,6.3,375,6.45,1875,1125,177750
LT30Jan201240PE.NFO,07/01/2020,12:38:19,6.3,6.3,375,6.45,1875,0,177750
LT30Jan201240PE.NFO,07/01/2020,12:38:41,6.3,6.25,1125,6.45,1875,0,177750
LT30Jan201240PE.NFO,07/01/2020,12:39:40,6.3,6.2,2625,6.45,1875,0,177750
LT30Jan201240PE.NFO,07/01/2020,12:40:00,6.3,6.2,1500,6.45,1875,0,177750
LT30Jan201240PE.NFO,07/01/2020,12:40:28,6.3,6.2,2625,6.45,1875,0,177750
LT30Jan201240PE.NFO,07/01/2020,12:40:41,6.3,6.2,1500,6.45,1875,0,177750
LT30Jan201240PE.NFO,07/01/2020,12:44:30,6.2,6.15,1125,6.45,1875,375,175125
LT30Jan201240PE.NFO,07/01/2020,12:44:40,6.2,6.15,1125,6.35,1875,0,175125
LT30Jan201240PE.NFO,07/01/2020,12:45:01,6.2,6.1,1125,6.35,2250,0,175125
LT30Jan201240PE.NFO,07/01/2020,12:45:11,6.2,6.1,375,6.2,375,0,175125
LT30Jan201240PE.NFO,07/01/2020,12:45:12,6.2,6.05,3000,6.2,375,0,175125
LT30Jan201240PE.NFO,07/01/2020,12:45:15,6.15,6.1,750,6.3,375,375,175125
LT30Jan201240PE.NFO,07/01/2020,12:45:50,6.15,6.1,750,6.3,375,0,175125
LT30Jan201240PE.NFO,07/01/2020,12:46:01,6.15,6.1,750,6.25,1500,0,175125
LT30Jan201240PE.NFO,07/01/2020,12:46:05,6.15,6.1,1125,6.25,1875,0,175125
LT30Jan201240PE.NFO,07/01/2020,12:46:44,6.15,6.1,1125,6.25,1125,0,175125
LT30Jan201240PE.NFO,07/01/2020,12:46:47,6.15,6.1,1125,6.25,750,0,175125
LT30Jan201240PE.NFO,07/01/2020,12:47:09,6.15,6.1,1875,6.3,750,0,175125
LT30Jan201240PE.NFO,07/01/2020,12:47:18,6.15,6.1,1875,6.35,750,0,175125
LT30Jan201240PE.NFO,07/01/2020,12:47:25,6.15,6.1,1875,6.3,1875,0,175125
LT30Jan201240PE.NFO,07/01/2020,12:48:17,6.15,6.1,1125,6.3,1875,0,175125
LT30Jan201240PE.NFO,07/01/2020,12:49:05,6.15,6.1,1875,6.3,375,0,175125
LT30Jan201240PE.NFO,07/01/2020,12:50:50,6.15,6.1,1875,6.25,375,0,175125
LT30Jan201240PE.NFO,07/01/2020,12:50:53,6.15,6.1,1875,6.3,750,0,175125
LT30Jan201240PE.NFO,07/01/2020,12:51:45,6.15,6.1,1125,6.25,750,0,175125
LT30Jan201240PE.NFO,07/01/2020,12:51:58,6.1,6.05,1125,6.25,1500,375,175125
LT30Jan201240PE.NFO,07/01/2020,12:52:01,6.1,6.05,1125,6.25,1500,0,175125
LT30Jan201240PE.NFO,07/01/2020,12:52:03,6.05,6.05,750,6.25,1500,375,175125
LT30Jan201240PE.NFO,07/01/2020,12:52:07,6.05,6.1,1875,6.3,750,0,175125
LT30Jan201240PE.NFO,07/01/2020,12:53:23,6.05,6.1,1875,6.3,375,0,175125
LT30Jan201240PE.NFO,07/01/2020,12:53:51,6.05,6.1,375,6.25,1500,0,175125
LT30Jan201240PE.NFO,07/01/2020,12:53:54,6.05,6.05,750,6.25,1875,0,175125
LT30Jan201240PE.NFO,07/01/2020,12:54:04,6.05,6.05,375,6.25,1875,0,175125
LT30Jan201240PE.NFO,07/01/2020,12:54:15,6.05,6,1875,6.25,1875,375,175125
LT30Jan201240PE.NFO,07/01/2020,12:54:19,6.05,6,1500,6.25,1875,0,175500
LT30Jan201240PE.NFO,07/01/2020,12:54:27,6.05,6,1875,6.25,1875,0,175500
LT30Jan201240PE.NFO,07/01/2020,12:54:46,6.05,6,1875,6.25,1500,0,175500
LT30Jan201240PE.NFO,07/01/2020,12:55:20,6.05,6,1875,6.2,1125,0,175500
LT30Jan201240PE.NFO,07/01/2020,12:55:36,6.05,6,1875,6.2,750,0,175500
LT30Jan201240PE.NFO,07/01/2020,12:55:39,6.05,6,1875,6.2,1125,0,175500
LT30Jan201240PE.NFO,07/01/2020,12:56:21,6.2,6.1,1125,6.25,1875,375,175500
LT30Jan201240PE.NFO,07/01/2020,12:56:25,6.2,6.1,1125,6.3,1125,0,175500
LT30Jan201240PE.NFO,07/01/2020,12:57:13,6.1,6.05,2250,6.25,1500,1125,175875
LT30Jan201240PE.NFO,07/01/2020,12:57:15,6.1,6.05,2250,6.25,1500,0,175875
LT30Jan201240PE.NFO,07/01/2020,12:57:18,6.1,6.05,1125,6.25,1500,0,175875
LT30Jan201240PE.NFO,07/01/2020,12:57:40,6.1,6.05,1125,6.25,1125,0,175875
LT30Jan201240PE.NFO,07/01/2020,12:57:46,6.25,6.15,1125,6.3,1125,375,175875
LT30Jan201240PE.NFO,07/01/2020,12:57:52,6.25,6.15,1125,6.3,1125,0,175875
LT30Jan201240PE.NFO,07/01/2020,12:58:00,6.25,6.15,1125,6.3,750,0,175875
LT30Jan201240PE.NFO,07/01/2020,12:58:05,6.25,6.15,1875,6.35,375,0,175875
LT30Jan201240PE.NFO,07/01/2020,12:58:57,6.25,6.2,1125,6.35,1125,0,175875
LT30Jan201240PE.NFO,07/01/2020,12:59:32,6.25,6.2,1875,6.4,1125,0,175875
LT30Jan201240PE.NFO,07/01/2020,13:00:09,6.25,6.2,1875,6.45,1125,0,175875
LT30Jan201240PE.NFO,07/01/2020,13:00:17,6.25,6.2,1875,6.5,1125,0,175875
LT30Jan201240PE.NFO,07/01/2020,13:01:01,6.25,6.45,1125,6.5,375,0,175875
LT30Jan201240PE.NFO,07/01/2020,13:01:09,6.55,6.45,750,6.6,375,1125,177000
LT30Jan201240PE.NFO,07/01/2020,13:01:16,6.55,6.45,750,6.65,375,0,177000
LT30Jan201240PE.NFO,07/01/2020,13:01:23,6.65,6.45,1875,6.6,1125,375,177000
LT30Jan201240PE.NFO,07/01/2020,13:01:29,6.65,6.45,1875,6.6,375,0,177000
LT30Jan201240PE.NFO,07/01/2020,13:01:36,6.65,6.55,1500,6.7,375,1125,177000
LT30Jan201240PE.NFO,07/01/2020,13:01:42,6.65,6.55,1500,6.7,375,0,177000
LT30Jan201240PE.NFO,07/01/2020,13:01:59,6.65,6.45,1125,6.65,1875,0,177000
LT30Jan201240PE.NFO,07/01/2020,13:02:05,6.65,6.45,1875,6.65,1500,0,177000
LT30Jan201240PE.NFO,07/01/2020,13:02:21,6.65,6.45,1875,6.65,750,0,177000
LT30Jan201240PE.NFO,07/01/2020,13:02:27,6.65,6.45,1875,6.75,750,375,177000
LT30Jan201240PE.NFO,07/01/2020,13:03:28,6.65,6.45,1875,6.75,750,0,177000
LT30Jan201240PE.NFO,07/01/2020,13:03:49,6.65,6.45,1875,6.75,1125,0,177000
LT30Jan201240PE.NFO,07/01/2020,13:04:17,6.65,6.65,375,6.75,375,0,177000
LT30Jan201240PE.NFO,07/01/2020,13:04:33,6.65,6.65,1125,6.9,1125,0,177000
LT30Jan201240PE.NFO,07/01/2020,13:04:37,6.65,6.65,1500,6.85,375,0,177000
LT30Jan201240PE.NFO,07/01/2020,13:04:54,6.65,6.8,750,6.9,750,0,177000
LT30Jan201240PE.NFO,07/01/2020,13:05:08,6.9,6.8,750,7,750,750,175125
LT30Jan201240PE.NFO,07/01/2020,13:05:15,6.9,6.8,750,7,750,0,175125
LT30Jan201240PE.NFO,07/01/2020,13:05:38,6.9,6.85,1125,7,750,0,175125
LT30Jan201240PE.NFO,07/01/2020,13:05:45,6.9,6.7,1125,6.9,750,0,175125
LT30Jan201240PE.NFO,07/01/2020,13:05:50,6.9,6.75,1500,6.9,375,0,175125
LT30Jan201240PE.NFO,07/01/2020,13:05:56,6.9,6.75,2250,6.95,750,0,175125
LT30Jan201240PE.NFO,07/01/2020,13:06:14,6.9,6.75,2250,6.95,375,0,175125
LT30Jan201240PE.NFO,07/01/2020,13:06:20,6.9,6.9,1500,7.1,1125,0,175125
LT30Jan201240PE.NFO,07/01/2020,13:06:30,6.9,6.9,1500,7.05,375,0,175125
LT30Jan201240PE.NFO,07/01/2020,13:06:44,6.9,6.9,1125,7.05,1125,0,175125
LT30Jan201240PE.NFO,07/01/2020,13:06:49,6.9,6.85,1125,7.05,1125,0,175125
LT30Jan201240PE.NFO,07/01/2020,13:06:53,6.9,6.8,1875,7.05,1125,0,175125
LT30Jan201240PE.NFO,07/01/2020,13:06:59,6.9,6.9,1875,7.05,375,0,175125
LT30Jan201240PE.NFO,07/01/2020,13:07:09,6.9,6.9,375,7.05,375,0,175125
LT30Jan201240PE.NFO,07/01/2020,13:07:14,6.9,6.85,1875,7.05,1125,0,175125
LT30Jan201240PE.NFO,07/01/2020,13:07:19,6.9,6.85,1125,7.05,1125,0,175125
LT30Jan201240PE.NFO,07/01/2020,13:08:02,6.9,6.85,1875,7.15,1875,0,175125
LT30Jan201240PE.NFO,07/01/2020,13:08:20,7.2,7.1,1875,7.25,1500,375,175500
LT30Jan201240PE.NFO,07/01/2020,13:08:29,7.2,7.15,1500,7.25,1500,0,175500
LT30Jan201240PE.NFO,07/01/2020,13:08:38,7.2,7.15,1875,7.3,1500,0,175500
LT30Jan201240PE.NFO,07/01/2020,13:08:46,7.2,7.15,1875,7.3,1125,0,175500
LT30Jan201240PE.NFO,07/01/2020,13:08:53,7.2,7.2,1125,7.25,750,6375,175500
LT30Jan201240PE.NFO,07/01/2020,13:09:00,7.2,7.2,1125,7.25,375,0,175500
LT30Jan201240PE.NFO,07/01/2020,13:09:07,7.2,7.2,1500,7.3,750,0,175500
LT30Jan201240PE.NFO,07/01/2020,13:09:15,7.2,7.25,1500,7.35,1500,0,175500
LT30Jan201240PE.NFO,07/01/2020,13:09:23,7.2,7.2,1500,7.35,1125,0,175500
LT30Jan201240PE.NFO,07/01/2020,13:09:30,7.2,7.25,1500,7.35,750,1125,180000
LT30Jan201240PE.NFO,07/01/2020,13:09:42,7.2,7.25,1875,7.35,375,0,180000
LT30Jan201240PE.NFO,07/01/2020,13:09:48,7.2,7.25,1500,7.35,375,0,180000
LT30Jan201240PE.NFO,07/01/2020,13:09:54,7.2,7.2,1875,7.35,750,0,180000
LT30Jan201240PE.NFO,07/01/2020,13:10:01,7.2,7.25,1500,7.35,375,0,180000
LT30Jan201240PE.NFO,07/01/2020,13:10:07,7.2,7.2,1875,7.35,750,0,180000
LT30Jan201240PE.NFO,07/01/2020,13:10:27,7.2,7.25,2250,7.45,1875,0,180000
LT30Jan201240PE.NFO,07/01/2020,13:10:38,7.2,7.3,1875,7.45,1500,0,180000
LT30Jan201240PE.NFO,07/01/2020,13:10:44,7.2,7.3,1500,7.45,1500,0,180000
LT30Jan201240PE.NFO,07/01/2020,13:10:53,7.2,7.3,1875,7.45,1500,0,180000
LT30Jan201240PE.NFO,07/01/2020,13:11:03,7.2,7.25,375,7.4,1125,0,180000
LT30Jan201240PE.NFO,07/01/2020,13:11:09,7.2,7.3,375,7.45,750,0,180000
LT30Jan201240PE.NFO,07/01/2020,13:11:14,7.2,7.25,1875,7.45,1125,0,180000
LT30Jan201240PE.NFO,07/01/2020,13:11:29,7.2,7.25,375,7.45,1125,0,180000
LT30Jan201240PE.NFO,07/01/2020,13:11:33,7.2,7.25,750,7.45,1125,0,180000
LT30Jan201240PE.NFO,07/01/2020,13:11:38,7.2,7.25,375,7.45,1125,0,180000
LT30Jan201240PE.NFO,07/01/2020,13:11:43,7.2,7.2,750,7.45,750,0,180000
LT30Jan201240PE.NFO,07/01/2020,13:12:09,7.2,7.15,750,7.45,1125,0,180000
LT30Jan201240PE.NFO,07/01/2020,13:12:15,7.2,7.15,2250,7.35,1125,0,180000
LT30Jan201240PE.NFO,07/01/2020,13:12:20,7.2,7.2,375,7.35,1125,0,180000
LT30Jan201240PE.NFO,07/01/2020,13:12:25,7.2,7.15,2250,7.35,1125,0,180000
LT30Jan201240PE.NFO,07/01/2020,13:12:36,7.2,7.2,1125,7.35,1125,0,180000
LT30Jan201240PE.NFO,07/01/2020,13:12:49,7.2,7.2,1125,7.35,1500,0,180000
LT30Jan201240PE.NFO,07/01/2020,13:12:59,7.2,7.2,375,7.35,1500,0,180000
LT30Jan201240PE.NFO,07/01/2020,13:13:16,7.2,7.2,1125,7.35,1875,0,180000
LT30Jan201240PE.NFO,07/01/2020,13:13:20,7.2,7.2,1125,7.35,1500,0,180000
LT30Jan201240PE.NFO,07/01/2020,13:13:24,7.2,7.2,1125,7.35,1125,375,181125
LT30Jan201240PE.NFO,07/01/2020,13:13:29,7.2,7.2,1875,7.4,1500,0,181125
LT30Jan201240PE.NFO,07/01/2020,13:13:34,7.2,7.2,1875,7.4,750,0,181125
LT30Jan201240PE.NFO,07/01/2020,13:13:38,7.2,7.2,1875,7.35,375,0,181125
LT30Jan201240PE.NFO,07/01/2020,13:13:50,7.35,7.2,1875,7.4,1125,375,181125
LT30Jan201240PE.NFO,07/01/2020,13:13:57,7.35,7.2,1875,7.45,750,0,181125
LT30Jan201240PE.NFO,07/01/2020,13:14:17,7.35,7.2,1875,7.4,375,0,181125
LT30Jan201240PE.NFO,07/01/2020,13:14:35,7.35,7.2,1875,7.45,750,0,181125
LT30Jan201240PE.NFO,07/01/2020,13:14:57,7.35,7.2,1875,7.5,375,0,181125
LT30Jan201240PE.NFO,07/01/2020,13:15:03,7.35,7.2,4500,7.6,750,0,181125
LT30Jan201240PE.NFO,07/01/2020,13:15:11,7.35,7.2,4500,7.7,750,0,181125
LT30Jan201240PE.NFO,07/01/2020,13:15:20,7.35,7.2,4500,7.65,750,0,181125
LT30Jan201240PE.NFO,07/01/2020,13:15:47,7.35,7.55,750,7.65,375,0,181125
LT30Jan201240PE.NFO,07/01/2020,13:15:54,7.65,7.55,375,7.75,1125,375,181125
LT30Jan201240PE.NFO,07/01/2020,13:15:54,7.65,7.55,375,7.75,1125,0,181125
LT30Jan201240PE.NFO,07/01/2020,13:16:00,7.65,7.55,375,7.75,1125,0,179625
LT30Jan201240PE.NFO,07/01/2020,13:16:05,7.65,7.55,375,7.8,375,0,179625
LT30Jan201240PE.NFO,07/01/2020,13:16:11,7.65,7.5,1125,7.75,1875,0,179625
LT30Jan201240PE.NFO,07/01/2020,13:16:36,7.75,7.5,1875,7.75,1125,3000,179625
LT30Jan201240PE.NFO,07/01/2020,13:16:36,7.75,7.5,1875,7.75,1125,0,179625
LT30Jan201240PE.NFO,07/01/2020,13:16:42,7.75,7.5,1875,7.75,1500,0,179625
LT30Jan201240PE.NFO,07/01/2020,13:16:48,7.75,7.5,1875,7.8,1125,0,179625
LT30Jan201240PE.NFO,07/01/2020,13:16:54,7.75,7.5,1875,7.75,1500,0,179625
LT30Jan201240PE.NFO,07/01/2020,13:16:59,7.75,7.5,1875,7.75,1125,0,179625
LT30Jan201240PE.NFO,07/01/2020,13:17:05,7.75,7.7,375,7.85,1500,0,179625
LT30Jan201240PE.NFO,07/01/2020,13:17:09,7.75,7.65,1875,7.85,1500,0,179625
LT30Jan201240PE.NFO,07/01/2020,13:17:38,7.75,7.7,2250,7.85,1500,0,179625
LT30Jan201240PE.NFO,07/01/2020,13:17:44,7.75,7.7,2250,7.85,375,0,179625
LT30Jan201240PE.NFO,07/01/2020,13:17:49,7.75,7.7,2250,7.9,1125,0,179625
LT30Jan201240PE.NFO,07/01/2020,13:18:03,7.75,7.75,1875,7.9,375,0,179625
LT30Jan201240PE.NFO,07/01/2020,13:18:14,7.75,7.75,3375,7.95,2250,0,179625
LT30Jan201240PE.NFO,07/01/2020,13:18:20,7.75,7.75,1875,7.95,375,2625,180750
LT30Jan201240PE.NFO,07/01/2020,13:18:20,7.95,7.75,1875,7.95,375,0,180750
LT30Jan201240PE.NFO,07/01/2020,13:18:25,7.75,7.75,1875,7.95,375,0,180750
LT30Jan201240PE.NFO,07/01/2020,13:18:43,7.85,7.75,1875,7.95,375,375,180750
LT30Jan201240PE.NFO,07/01/2020,13:18:59,7.75,7.7,750,7.95,1500,1875,180750
LT30Jan201240PE.NFO,07/01/2020,13:19:04,7.75,7.7,1500,7.95,1500,0,180750
LT30Jan201240PE.NFO,07/01/2020,13:19:10,7.75,7.7,1500,8,1500,0,180750
LT30Jan201240PE.NFO,07/01/2020,13:19:21,7.75,7.7,1500,7.9,375,0,180750
LT30Jan201240PE.NFO,07/01/2020,13:19:35,7.8,7.7,1500,7.95,1875,375,180750
LT30Jan201240PE.NFO,07/01/2020,13:19:40,7.8,7.7,1500,7.95,375,0,180750
LT30Jan201240PE.NFO,07/01/2020,13:19:44,7.8,7.7,1500,7.95,750,0,180750
LT30Jan201240PE.NFO,07/01/2020,13:19:56,7.8,7.7,750,7.95,375,0,180750
LT30Jan201240PE.NFO,07/01/2020,13:20:01,7.8,7.65,1500,7.85,750,0,180750
LT30Jan201240PE.NFO,07/01/2020,13:20:16,7.8,7.65,1500,7.9,375,0,180750
LT30Jan201240PE.NFO,07/01/2020,13:21:03,7.8,7.7,750,7.9,2250,0,180750
LT30Jan201240PE.NFO,07/01/2020,13:21:10,7.8,7.7,1500,7.9,750,0,180750
LT30Jan201240PE.NFO,07/01/2020,13:21:17,7.8,7.85,375,8.1,375,0,180750
LT30Jan201240PE.NFO,07/01/2020,13:21:32,7.8,7.85,1125,8.1,1500,0,180750
LT30Jan201240PE.NFO,07/01/2020,13:21:36,7.8,7.9,375,8.1,750,0,180750
LT30Jan201240PE.NFO,07/01/2020,13:21:40,7.8,7.9,1875,8.1,375,0,180750
LT30Jan201240PE.NFO,07/01/2020,13:21:45,8.3,8.1,750,8.25,375,1500,183000
LT30Jan201240PE.NFO,07/01/2020,13:21:45,8.3,8.1,750,8.25,375,0,183000
LT30Jan201240PE.NFO,07/01/2020,13:21:50,8.3,8.3,1125,8.55,750,750,183000
LT30Jan201240PE.NFO,07/01/2020,13:21:55,8.3,8.35,750,8.55,1875,0,183000
LT30Jan201240PE.NFO,07/01/2020,13:22:00,8.3,8.35,375,8.55,1875,0,183000
LT30Jan201240PE.NFO,07/01/2020,13:22:11,8.3,8.3,375,8.55,3000,0,183000
LT30Jan201240PE.NFO,07/01/2020,13:22:17,8.3,8.2,375,8.55,5250,0,183000
LT30Jan201240PE.NFO,07/01/2020,13:22:39,8.3,8.2,1125,8.55,3000,0,183000
LT30Jan201240PE.NFO,07/01/2020,13:23:00,8.3,8.3,1125,8.55,3000,0,183000
LT30Jan201240PE.NFO,07/01/2020,13:23:06,8.3,8.3,1500,8.55,1125,0,183000
LT30Jan201240PE.NFO,07/01/2020,13:23:12,8.3,8.35,1125,8.55,1125,0,183000
LT30Jan201240PE.NFO,07/01/2020,13:23:18,8.3,8.4,1500,8.6,375,0,183000
LT30Jan201240PE.NFO,07/01/2020,13:23:29,8.3,8.4,1500,8.65,2625,0,183000
LT30Jan201240PE.NFO,07/01/2020,13:23:45,8.3,8.35,1125,8.55,1500,0,183000
LT30Jan201240PE.NFO,07/01/2020,13:24:03,8.3,8.4,1500,8.55,375,0,183000
LT30Jan201240PE.NFO,07/01/2020,13:24:08,8.3,8.4,1500,8.6,375,0,183000
LT30Jan201240PE.NFO,07/01/2020,13:24:15,8.3,8.35,1125,8.55,2250,0,183000
LT30Jan201240PE.NFO,07/01/2020,13:24:31,8.3,8.35,1125,8.55,1500,0,183000
LT30Jan201240PE.NFO,07/01/2020,13:24:37,8.3,8.3,1125,8.55,1500,0,183000
LT30Jan201240PE.NFO,07/01/2020,13:24:44,8.3,8.15,1125,8.55,4500,0,183000
LT30Jan201240PE.NFO,07/01/2020,13:25:16,8.3,8.15,750,8.55,4500,0,183000
LT30Jan201240PE.NFO,07/01/2020,13:25:23,8.3,8.15,1125,8.55,4500,0,183000
LT30Jan201240PE.NFO,07/01/2020,13:25:35,8.3,8.25,750,8.55,4500,0,183000
LT30Jan201240PE.NFO,07/01/2020,13:25:41,8.3,8.2,750,8.55,4500,0,183000
LT30Jan201240PE.NFO,07/01/2020,13:25:45,8.3,8.15,750,8.55,4500,0,183000
LT30Jan201240PE.NFO,07/01/2020,13:25:54,8.3,8.1,375,8.25,750,0,183000
LT30Jan201240PE.NFO,07/01/2020,13:25:58,8.3,8.05,1125,8.25,1125,0,183000
LT30Jan201240PE.NFO,07/01/2020,13:26:07,8.3,8.05,1125,8.25,750,0,183000
LT30Jan201240PE.NFO,07/01/2020,13:26:11,8.3,8.05,1125,8.25,1125,0,183000
LT30Jan201240PE.NFO,07/01/2020,13:26:17,8.3,8.05,1125,8.25,750,0,183000
LT30Jan201240PE.NFO,07/01/2020,13:26:22,8.3,8.05,1125,8.25,1125,0,183000
LT30Jan201240PE.NFO,07/01/2020,13:26:56,8.05,7.95,750,8.15,1125,375,184500
LT30Jan201240PE.NFO,07/01/2020,13:27:02,8.05,7.85,1125,8.15,2250,0,184500
LT30Jan201240PE.NFO,07/01/2020,13:27:25,8.05,7.85,1125,8.15,4875,0,184500
LT30Jan201240PE.NFO,07/01/2020,13:27:29,8.05,7.85,1125,8.15,1500,0,184500
LT30Jan201240PE.NFO,07/01/2020,13:27:41,8.05,7.95,375,8.15,1500,0,184500
LT30Jan201240PE.NFO,07/01/2020,13:27:55,8.05,7.9,750,8.15,1125,0,184500
LT30Jan201240PE.NFO,07/01/2020,13:28:23,8.15,8.05,750,8.2,750,1125,183000
LT30Jan201240PE.NFO,07/01/2020,13:28:28,8.15,8.05,375,8.2,375,0,183000
LT30Jan201240PE.NFO,07/01/2020,13:28:39,8.15,8.05,375,8.25,1500,0,183000
LT30Jan201240PE.NFO,07/01/2020,13:28:57,8.3,8.45,1500,8.65,1500,375,183000
LT30Jan201240PE.NFO,07/01/2020,13:29:04,8.3,8.45,1500,8.65,1500,0,183000
LT30Jan201240PE.NFO,07/01/2020,13:29:23,8.65,8.45,1500,8.65,1125,375,183000
LT30Jan201240PE.NFO,07/01/2020,13:29:23,8.65,8.45,1500,8.65,1125,0,183000
LT30Jan201240PE.NFO,07/01/2020,13:29:35,8.65,8.6,375,8.85,1125,750,183000
LT30Jan201240PE.NFO,07/01/2020,13:29:42,8.65,8.6,375,8.85,1125,0,183000
LT30Jan201240PE.NFO,07/01/2020,13:29:48,8.65,8.6,750,8.8,1125,0,183000
LT30Jan201240PE.NFO,07/01/2020,13:30:00,8.65,8.6,375,8.9,750,0,183000
LT30Jan201240PE.NFO,07/01/2020,13:30:07,8.65,8.7,1500,8.9,750,0,183000
LT30Jan201240PE.NFO,07/01/2020,13:30:13,8.65,8.7,2250,8.9,750,0,183000
LT30Jan201240PE.NFO,07/01/2020,13:30:29,8.95,8.9,1500,9.05,375,1500,183375
LT30Jan201240PE.NFO,07/01/2020,13:30:29,9,8.9,1500,9.05,375,0,183375
LT30Jan201240PE.NFO,07/01/2020,13:30:37,9.05,9,1125,9.2,750,750,183375
LT30Jan201240PE.NFO,07/01/2020,13:30:37,9.05,9,1125,9.2,750,0,183375
LT30Jan201240PE.NFO,07/01/2020,13:30:42,9.05,9,1125,9.2,375,0,183375
LT30Jan201240PE.NFO,07/01/2020,13:30:47,9.05,9.05,2625,9.3,375,0,183375
LT30Jan201240PE.NFO,07/01/2020,13:30:54,9.05,9.05,1125,9.35,1125,0,183375
LT30Jan201240PE.NFO,07/01/2020,13:31:01,9.2,9.1,375,9.25,750,1125,183375
LT30Jan201240PE.NFO,07/01/2020,13:31:01,9.25,9.1,375,9.25,750,0,183375
LT30Jan201240PE.NFO,07/01/2020,13:31:07,9.2,9.05,750,9.35,750,0,183375
LT30Jan201240PE.NFO,07/01/2020,13:31:19,9.2,9.2,750,9.45,1125,0,183375
LT30Jan201240PE.NFO,07/01/2020,13:31:24,9.35,9.15,1500,9.35,1500,375,183375
LT30Jan201240PE.NFO,07/01/2020,13:31:24,9.35,9.15,1500,9.35,1500,0,183375
LT30Jan201240PE.NFO,07/01/2020,13:31:30,9.35,9.15,2250,9.45,375,0,183375
LT30Jan201240PE.NFO,07/01/2020,13:31:47,9.35,9.15,1500,9.45,375,0,183375
LT30Jan201240PE.NFO,07/01/2020,13:31:55,9.35,8.95,750,9.15,1125,0,183375
LT30Jan201240PE.NFO,07/01/2020,13:32:02,9.35,8.95,1875,9.25,3750,0,183375
LT30Jan201240PE.NFO,07/01/2020,13:32:09,9.05,8.95,1875,9.25,3750,375,183375
LT30Jan201240PE.NFO,07/01/2020,13:32:21,9.05,8.95,1875,9.25,3750,0,183375
LT30Jan201240PE.NFO,07/01/2020,13:32:31,9.05,8.95,1875,9.25,750,0,183375
LT30Jan201240PE.NFO,07/01/2020,13:32:49,9.05,8.95,1875,9.25,375,0,183375
LT30Jan201240PE.NFO,07/01/2020,13:33:00,9.05,8.95,1875,9.3,1125,0,183375
LT30Jan201240PE.NFO,07/01/2020,13:33:28,9.05,9.05,1500,9.3,375,0,183375
LT30Jan201240PE.NFO,07/01/2020,13:33:33,9.05,9.05,2250,9.3,1500,0,183375
LT30Jan201240PE.NFO,07/01/2020,13:33:38,9.05,9.05,2250,9.35,375,0,183375
LT30Jan201240PE.NFO,07/01/2020,13:33:49,9.05,9.1,2625,9.35,375,0,183375
LT30Jan201240PE.NFO,07/01/2020,13:33:54,9.05,9.1,750,9.25,750,0,183375
LT30Jan201240PE.NFO,07/01/2020,13:33:59,9.2,9.1,750,9.25,375,750,184500
LT30Jan201240PE.NFO,07/01/2020,13:34:03,9.2,9.05,750,9.2,750,0,184500
LT30Jan201240PE.NFO,07/01/2020,13:34:08,9.2,9.05,750,9.15,375,0,184500
LT30Jan201240PE.NFO,07/01/2020,13:34:18,9.05,9.05,375,9.25,375,1500,184500
LT30Jan201240PE.NFO,07/01/2020,13:34:28,9.05,9,750,9.25,375,0,184500
LT30Jan201240PE.NFO,07/01/2020,13:34:43,9.05,8.95,750,9.15,750,0,184500
LT30Jan201240PE.NFO,07/01/2020,13:34:59,9.05,8.8,2250,9,1125,0,184500
LT30Jan201240PE.NFO,07/01/2020,13:35:05,9.05,8.8,1125,9,1125,0,184500
LT30Jan201240PE.NFO,07/01/2020,13:35:22,9.05,8.7,1125,8.9,1125,0,184500
LT30Jan201240PE.NFO,07/01/2020,13:35:27,9.05,8.8,375,9,750,0,184500
LT30Jan201240PE.NFO,07/01/2020,13:35:32,9.05,8.7,1125,8.9,750,0,184500
LT30Jan201240PE.NFO,07/01/2020,13:35:39,9.05,8.6,375,8.9,1500,0,184500
LT30Jan201240PE.NFO,07/01/2020,13:35:48,9.05,8.65,1125,8.9,375,0,184500
LT30Jan201240PE.NFO,07/01/2020,13:35:52,9.05,8.6,750,8.9,375,0,184500
LT30Jan201240PE.NFO,07/01/2020,13:36:16,9.05,8.6,1125,8.8,1125,0,184500
LT30Jan201240PE.NFO,07/01/2020,13:36:29,9.05,8.6,750,8.8,1125,0,184500
LT30Jan201240PE.NFO,07/01/2020,13:36:33,9.05,8.6,1125,8.8,1125,0,184500
LT30Jan201240PE.NFO,07/01/2020,13:36:37,9.05,8.55,2250,8.8,1875,0,184500
LT30Jan201240PE.NFO,07/01/2020,13:36:41,9.05,8.6,750,8.8,1125,0,184500
LT30Jan201240PE.NFO,07/01/2020,13:36:47,9.05,8.65,375,8.85,1125,0,184500
LT30Jan201240PE.NFO,07/01/2020,13:36:52,9.05,8.65,1125,8.85,750,0,184500
LT30Jan201240PE.NFO,07/01/2020,13:36:57,9.05,8.65,750,8.85,750,0,184500
LT30Jan201240PE.NFO,07/01/2020,13:37:02,9.05,8.55,1125,8.75,1500,0,184500
LT30Jan201240PE.NFO,07/01/2020,13:37:12,9.05,8.55,750,8.75,2250,0,184500
LT30Jan201240PE.NFO,07/01/2020,13:37:15,9.05,8.55,750,8.75,1500,0,184500
LT30Jan201240PE.NFO,07/01/2020,13:37:22,9.05,8.55,375,8.75,2625,0,184500
LT30Jan201240PE.NFO,07/01/2020,13:37:25,9.05,8.55,750,8.75,1500,0,184500
LT30Jan201240PE.NFO,07/01/2020,13:37:29,9.05,8.5,1125,8.75,5625,0,184500
LT30Jan201240PE.NFO,07/01/2020,13:37:38,9.05,8.55,750,8.75,1500,0,184500
LT30Jan201240PE.NFO,07/01/2020,13:37:43,9.05,8.55,375,8.75,1500,0,184500
LT30Jan201240PE.NFO,07/01/2020,13:37:48,9.05,8.5,1125,8.75,1500,0,184500
LT30Jan201240PE.NFO,07/01/2020,13:38:02,8.5,8.5,375,8.75,1500,375,186000
LT30Jan201240PE.NFO,07/01/2020,13:38:08,8.5,8.45,750,8.75,4500,0,186000
LT30Jan201240PE.NFO,07/01/2020,13:38:15,8.45,8.45,375,8.75,4500,375,186000
LT30Jan201240PE.NFO,07/01/2020,13:38:21,8.45,8.5,750,8.75,4500,0,186000
LT30Jan201240PE.NFO,07/01/2020,13:38:32,8.45,8.5,1500,8.75,4500,0,186000
LT30Jan201240PE.NFO,07/01/2020,13:38:46,8.45,8.5,1125,8.75,4500,0,186000
LT30Jan201240PE.NFO,07/01/2020,13:38:55,8.45,8.45,375,8.75,4500,0,186000
LT30Jan201240PE.NFO,07/01/2020,13:39:00,8.45,8.45,750,8.75,4500,0,186000
LT30Jan201240PE.NFO,07/01/2020,13:39:04,8.5,8.45,750,8.75,4500,375,186000
LT30Jan201240PE.NFO,07/01/2020,13:39:13,8.5,8.45,375,8.65,750,0,186000
LT30Jan201240PE.NFO,07/01/2020,13:39:17,8.55,8.45,375,8.65,750,375,184875
LT30Jan201240PE.NFO,07/01/2020,13:39:29,8.55,8.45,375,8.7,750,0,184875
LT30Jan201240PE.NFO,07/01/2020,13:39:43,8.55,8.45,750,8.8,750,0,184875
LT30Jan201240PE.NFO,07/01/2020,13:39:49,8.55,8.5,750,8.8,1125,0,184875
LT30Jan201240PE.NFO,07/01/2020,13:39:54,8.55,8.55,1125,8.75,375,0,184875
LT30Jan201240PE.NFO,07/01/2020,13:40:08,8.55,8.55,1875,8.75,375,0,184875
LT30Jan201240PE.NFO,07/01/2020,13:40:23,8.55,8.55,1875,8.8,375,0,184875
LT30Jan201240PE.NFO,07/01/2020,13:40:27,8.55,8.55,1875,8.9,750,0,184875
LT30Jan201240PE.NFO,07/01/2020,13:40:30,8.55,8.55,4125,8.9,750,0,184875
LT30Jan201240PE.NFO,07/01/2020,13:40:43,8.55,8.7,750,8.9,750,0,184875
LT30Jan201240PE.NFO,07/01/2020,13:40:48,8.55,8.7,375,8.9,375,0,184875
LT30Jan201240PE.NFO,07/01/2020,13:40:58,8.55,8.7,375,8.85,375,0,184875
LT30Jan201240PE.NFO,07/01/2020,13:41:02,8.55,8.7,375,8.9,1125,0,184875
LT30Jan201240PE.NFO,07/01/2020,13:41:15,8.55,8.7,375,8.9,375,0,184875
LT30Jan201240PE.NFO,07/01/2020,13:42:02,8.55,8.75,375,8.95,750,0,184875
LT30Jan201240PE.NFO,07/01/2020,13:42:17,8.7,8.55,1125,8.75,750,375,185250
LT30Jan201240PE.NFO,07/01/2020,13:42:25,8.7,8.5,375,8.75,1500,0,185250
LT30Jan201240PE.NFO,07/01/2020,13:42:36,8.7,8.5,375,8.75,1125,0,185250
LT30Jan201240PE.NFO,07/01/2020,13:42:47,8.7,8.55,1125,8.75,750,0,185250
LT30Jan201240PE.NFO,07/01/2020,13:42:52,8.7,8.45,1125,8.7,750,0,185250
LT30Jan201240PE.NFO,07/01/2020,13:42:56,8.7,8.45,750,8.7,750,0,185250
LT30Jan201240PE.NFO,07/01/2020,13:43:12,8.7,8.45,750,8.7,1875,0,185250
LT30Jan201240PE.NFO,07/01/2020,13:43:17,8.7,8.45,750,8.65,750,0,185250
LT30Jan201240PE.NFO,07/01/2020,13:43:26,8.7,8.45,750,8.6,750,0,185250
LT30Jan201240PE.NFO,07/01/2020,13:43:35,8.7,8.45,750,8.65,750,0,185250
LT30Jan201240PE.NFO,07/01/2020,13:44:20,8.7,8.45,750,8.6,375,0,185250
LT30Jan201240PE.NFO,07/01/2020,13:44:33,8.45,8.4,1125,8.6,375,750,185250
LT30Jan201240PE.NFO,07/01/2020,13:44:41,8.45,8.3,1500,8.55,750,0,185250
LT30Jan201240PE.NFO,07/01/2020,13:44:44,8.45,8.35,750,8.55,1125,0,185250
LT30Jan201240PE.NFO,07/01/2020,13:44:48,8.45,8.4,750,8.6,1125,0,185250
LT30Jan201240PE.NFO,07/01/2020,13:44:54,8.45,8.4,1500,8.65,1125,0,185250
LT30Jan201240PE.NFO,07/01/2020,13:45:01,8.45,8.4,1500,8.65,375,0,185250
LT30Jan201240PE.NFO,07/01/2020,13:45:05,8.45,8.4,1500,8.65,1500,0,185250
LT30Jan201240PE.NFO,07/01/2020,13:45:11,8.45,8.35,1125,8.6,1875,0,185250
LT30Jan201240PE.NFO,07/01/2020,13:45:24,8.45,8.35,750,8.55,750,0,185250
LT30Jan201240PE.NFO,07/01/2020,13:45:46,8.3,8.25,750,8.5,1125,1125,185250
LT30Jan201240PE.NFO,07/01/2020,13:45:52,8.25,8.2,1125,8.45,375,750,185250
LT30Jan201240PE.NFO,07/01/2020,13:45:57,8.25,8.25,375,8.45,1500,0,185250
LT30Jan201240PE.NFO,07/01/2020,13:46:03,8.25,8.15,1125,8.4,750,375,185250
LT30Jan201240PE.NFO,07/01/2020,13:46:07,8.25,8.25,750,8.45,1125,0,185250
LT30Jan201240PE.NFO,07/01/2020,13:46:15,8.25,8.2,1125,8.4,1875,0,185250
LT30Jan201240PE.NFO,07/01/2020,13:46:20,8.25,8.2,1125,8.45,1500,0,185250
LT30Jan201240PE.NFO,07/01/2020,13:46:24,8.25,8.2,1500,8.55,1125,0,185250
LT30Jan201240PE.NFO,07/01/2020,13:46:43,8.25,8.2,1500,8.45,750,0,185250
LT30Jan201240PE.NFO,07/01/2020,13:46:51,8.25,8.2,1500,8.5,1125,0,185250
LT30Jan201240PE.NFO,07/01/2020,13:47:17,8.25,8.2,1125,8.45,1875,0,185250
LT30Jan201240PE.NFO,07/01/2020,13:47:27,8.25,8.2,1500,8.5,1875,0,185250
LT30Jan201240PE.NFO,07/01/2020,13:47:32,8.25,8.2,1500,8.55,2250,0,185250
LT30Jan201240PE.NFO,07/01/2020,13:47:52,8.25,8.2,1500,8.45,375,0,185250
LT30Jan201240PE.NFO,07/01/2020,13:47:56,8.25,8.2,1500,8.45,750,0,185250
LT30Jan201240PE.NFO,07/01/2020,13:48:04,8.25,8.2,1125,8.45,1500,0,185250
LT30Jan201240PE.NFO,07/01/2020,13:48:18,8.25,8.2,1125,8.4,1875,0,185250
