Ticker,Date,Time,LTP,BuyPrice,BuyQty,SellPrice,SellQty,LTQ,OpenInterest
LT30Jan201500CE.NFO,07/01/2020,09:28:16,2,1.75,9750,2.05,9000,375,147000
LT30Jan201500CE.NFO,07/01/2020,09:28:16,2,1.75,9750,2.05,9000,0,147000
LT30Jan201500CE.NFO,07/01/2020,09:28:16,2,1.75,9750,2.05,9000,0,147000
LT30Jan201500CE.NFO,07/01/2020,09:28:16,2,1.75,9750,2.05,9000,0,147000
LT30Jan201500CE.NFO,07/01/2020,09:28:26,2,1.75,9750,2.05,9000,0,147000
LT30Jan201500CE.NFO,07/01/2020,09:29:10,2,1.75,9750,2,375,0,147000
LT30Jan201500CE.NFO,07/01/2020,09:29:16,2,1.75,9750,1.95,375,0,147000
LT30Jan201500CE.NFO,07/01/2020,09:30:06,1.95,1.75,9750,2,375,375,147375
LT30Jan201500CE.NFO,07/01/2020,09:30:06,1.95,1.75,9750,2,375,0,147375
LT30Jan201500CE.NFO,07/01/2020,09:30:27,1.95,1.8,7875,2,375,0,147375
LT30Jan201500CE.NFO,07/01/2020,09:33:24,2,1.8,7875,2.05,375,375,147375
LT30Jan201500CE.NFO,07/01/2020,09:33:34,2.05,1.8,7875,2.05,375,375,147375
LT30Jan201500CE.NFO,07/01/2020,09:33:34,2.05,1.8,7875,2.05,375,0,147375
LT30Jan201500CE.NFO,07/01/2020,09:33:39,2.05,1.8,7875,2.05,375,0,147375
LT30Jan201500CE.NFO,07/01/2020,09:34:47,2.05,1.8,7875,2.05,750,0,147375
LT30Jan201500CE.NFO,07/01/2020,09:35:03,2.05,1.8,7875,2.05,375,0,147375
LT30Jan201500CE.NFO,07/01/2020,09:36:13,2.05,1.8,7875,2.1,375,375,147750
LT30Jan201500CE.NFO,07/01/2020,09:36:19,2.05,1.8,7875,2.1,375,0,147750
LT30Jan201500CE.NFO,07/01/2020,09:36:34,2.05,1.9,8250,2.1,375,0,147750
LT30Jan201500CE.NFO,07/01/2020,09:36:48,2.05,1.9,8250,2.1,750,0,147750
LT30Jan201500CE.NFO,07/01/2020,09:37:07,2.05,1.9,8250,2.05,375,0,147750
LT30Jan201500CE.NFO,07/01/2020,09:37:20,2,1.9,8250,2.1,375,375,147750
LT30Jan201500CE.NFO,07/01/2020,09:37:30,2,1.9,8250,2.05,375,0,147750
LT30Jan201500CE.NFO,07/01/2020,09:37:35,2,1.9,7875,2.05,375,0,147750
LT30Jan201500CE.NFO,07/01/2020,09:37:39,2,1.85,9375,2.05,375,375,147750
LT30Jan201500CE.NFO,07/01/2020,09:37:42,2,1.85,9375,2.05,375,0,147750
LT30Jan201500CE.NFO,07/01/2020,09:41:04,2,1.85,9375,2.1,375,0,147750
LT30Jan201500CE.NFO,07/01/2020,09:41:10,2,1.85,9375,2.05,375,0,147750
LT30Jan201500CE.NFO,07/01/2020,09:41:19,2,1.85,9375,2.1,375,0,147750
LT30Jan201500CE.NFO,07/01/2020,09:42:33,2.1,1.85,9375,2.4,11250,375,148500
LT30Jan201500CE.NFO,07/01/2020,09:42:33,2.1,1.85,9375,2.4,11250,0,148500
LT30Jan201500CE.NFO,07/01/2020,09:42:40,2.1,1.85,9375,2.35,9750,0,148500
LT30Jan201500CE.NFO,07/01/2020,09:44:31,2.1,2.1,375,2.35,9750,0,148500
LT30Jan201500CE.NFO,07/01/2020,09:44:36,2.1,1.9,8625,2.35,9750,375,147375
LT30Jan201500CE.NFO,07/01/2020,09:45:01,2.1,1.9,8625,2.25,7500,0,147375
LT30Jan201500CE.NFO,07/01/2020,09:45:07,2.1,1.9,8625,2.25,7125,0,147375
LT30Jan201500CE.NFO,07/01/2020,09:45:20,2.25,1.9,8625,2.25,6750,375,147375
LT30Jan201500CE.NFO,07/01/2020,09:45:20,2.25,1.9,8625,2.25,6750,0,147375
LT30Jan201500CE.NFO,07/01/2020,09:45:50,2.25,1.9,8625,2.3,375,0,147375
LT30Jan201500CE.NFO,07/01/2020,09:46:42,2.25,1.9,8625,2.35,375,0,147375
LT30Jan201500CE.NFO,07/01/2020,09:46:55,2.25,2.25,375,2.35,375,375,147375
LT30Jan201500CE.NFO,07/01/2020,09:47:00,2.25,2,10500,2.35,375,375,147375
LT30Jan201500CE.NFO,07/01/2020,09:47:04,2.25,2,10500,2.35,375,0,147375
LT30Jan201500CE.NFO,07/01/2020,09:48:24,2.25,2,10500,2.3,375,375,147750
LT30Jan201500CE.NFO,07/01/2020,09:49:26,2.25,2,10500,2.3,375,375,147750
LT30Jan201500CE.NFO,07/01/2020,09:50:37,2.25,2,8250,2.3,375,0,147750
LT30Jan201500CE.NFO,07/01/2020,09:50:43,2.25,1.9,11250,2.3,375,0,147750
LT30Jan201500CE.NFO,07/01/2020,09:50:49,2.25,1.85,15750,2.3,375,0,147750
LT30Jan201500CE.NFO,07/01/2020,09:51:14,2.25,1.85,15750,2.3,7500,0,147750
LT30Jan201500CE.NFO,07/01/2020,09:52:26,2.25,1.85,15750,2.2,375,0,147750
LT30Jan201500CE.NFO,07/01/2020,09:55:34,2.25,1.85,15750,2.3,7500,0,147750
LT30Jan201500CE.NFO,07/01/2020,09:59:02,2.25,1.85,15750,2.25,1875,0,147750
LT30Jan201500CE.NFO,07/01/2020,09:59:19,2.25,1.85,15750,2.25,2625,0,147750
LT30Jan201500CE.NFO,07/01/2020,09:59:24,2.25,1.85,15750,2.2,750,0,147750
LT30Jan201500CE.NFO,07/01/2020,10:00:48,2.25,1.8,7500,2.2,9750,0,147750
LT30Jan201500CE.NFO,07/01/2020,10:01:07,2.25,1.85,9750,2.2,9750,0,147750
LT30Jan201500CE.NFO,07/01/2020,10:01:19,2.25,1.8,7500,2.2,9750,0,147750
LT30Jan201500CE.NFO,07/01/2020,10:01:26,2.25,1.9,8250,2.2,9750,0,147750
LT30Jan201500CE.NFO,07/01/2020,10:01:32,2.25,1.9,7875,2.2,9750,0,147750
LT30Jan201500CE.NFO,07/01/2020,10:01:38,2.25,1.9,7500,2.2,9750,0,147750
LT30Jan201500CE.NFO,07/01/2020,10:01:44,2.25,1.85,10500,2.2,9750,0,147750
LT30Jan201500CE.NFO,07/01/2020,10:06:26,2.25,1.85,8625,2.2,9750,0,147750
LT30Jan201500CE.NFO,07/01/2020,10:06:48,2.25,1.8,7500,2.2,9750,0,147750
LT30Jan201500CE.NFO,07/01/2020,10:07:05,2.25,1.85,10125,2.2,9750,0,147750
LT30Jan201500CE.NFO,07/01/2020,10:09:15,2.25,1.85,10125,2.2,9000,0,147750
LT30Jan201500CE.NFO,07/01/2020,10:10:15,2,1.85,10125,2.2,9000,750,147000
LT30Jan201500CE.NFO,07/01/2020,10:10:20,2,1.85,10125,2.2,9000,0,147000
LT30Jan201500CE.NFO,07/01/2020,10:11:42,2,1.85,10125,2.25,8625,0,147000
LT30Jan201500CE.NFO,07/01/2020,10:12:58,2,2,375,2.25,8625,0,147000
LT30Jan201500CE.NFO,07/01/2020,10:13:19,2,2,375,2.2,1875,0,147000
LT30Jan201500CE.NFO,07/01/2020,10:15:48,2,2.05,375,2.2,1875,0,147000
LT30Jan201500CE.NFO,07/01/2020,10:16:04,2,2,375,2.2,1875,0,147000
LT30Jan201500CE.NFO,07/01/2020,10:17:04,2,2,375,2.25,8625,0,147000
LT30Jan201500CE.NFO,07/01/2020,10:18:08,2,2.05,375,2.25,8625,0,147000
LT30Jan201500CE.NFO,07/01/2020,10:18:49,2,2,375,2.25,8625,0,147000
LT30Jan201500CE.NFO,07/01/2020,10:20:47,2,2.05,375,2.25,8625,0,147000
LT30Jan201500CE.NFO,07/01/2020,10:21:02,2,2.05,375,2.2,375,0,147000
LT30Jan201500CE.NFO,07/01/2020,10:22:38,2,2.05,750,2.2,375,0,147000
LT30Jan201500CE.NFO,07/01/2020,10:22:48,2,2.05,375,2.2,375,0,147000
LT30Jan201500CE.NFO,07/01/2020,10:22:58,2,2.05,375,2.15,375,0,147000
LT30Jan201500CE.NFO,07/01/2020,10:23:49,2,2,375,2.15,375,0,147000
LT30Jan201500CE.NFO,07/01/2020,10:26:58,2,1.95,375,2.15,375,0,147000
LT30Jan201500CE.NFO,07/01/2020,10:28:46,2,1.8,7500,2.15,375,0,147000
LT30Jan201500CE.NFO,07/01/2020,10:29:02,2,1.85,8250,2.15,375,0,147000
LT30Jan201500CE.NFO,07/01/2020,10:29:13,2,1.8,7500,2.15,375,0,147000
LT30Jan201500CE.NFO,07/01/2020,10:29:27,2,1.85,7875,2.15,375,0,147000
LT30Jan201500CE.NFO,07/01/2020,10:29:58,2,1.8,7500,2.15,375,0,147000
LT30Jan201500CE.NFO,07/01/2020,10:30:12,2,1.85,9375,2.15,375,0,147000
LT30Jan201500CE.NFO,07/01/2020,10:30:24,2,1.8,7500,2.15,375,0,147000
LT30Jan201500CE.NFO,07/01/2020,10:30:42,2,1.85,7875,2.15,375,0,147000
LT30Jan201500CE.NFO,07/01/2020,10:30:46,2,1.8,7500,2.15,375,0,147000
LT30Jan201500CE.NFO,07/01/2020,10:31:02,2,1.85,7875,2.15,375,0,147000
LT30Jan201500CE.NFO,07/01/2020,10:31:13,2,1.8,7500,2.15,375,0,147000
LT30Jan201500CE.NFO,07/01/2020,10:31:25,2,1.85,7500,2.15,375,0,147000
LT30Jan201500CE.NFO,07/01/2020,10:31:34,2,1.8,7500,2.15,375,0,147000
LT30Jan201500CE.NFO,07/01/2020,10:31:44,2,1.85,8250,2.15,375,0,147000
LT30Jan201500CE.NFO,07/01/2020,10:31:54,2,1.8,7500,2.15,375,0,147000
LT30Jan201500CE.NFO,07/01/2020,10:32:06,2,1.85,8625,2.15,375,0,147000
LT30Jan201500CE.NFO,07/01/2020,10:32:22,2,1.8,7500,2.15,375,0,147000
LT30Jan201500CE.NFO,07/01/2020,10:32:36,2,1.85,7875,2.15,375,0,147000
LT30Jan201500CE.NFO,07/01/2020,10:32:40,2,1.8,7500,2.15,375,0,147000
LT30Jan201500CE.NFO,07/01/2020,10:32:59,2,1.8,7500,2.15,7500,0,147000
LT30Jan201500CE.NFO,07/01/2020,10:33:02,2,1.85,375,2.15,7500,0,147000
LT30Jan201500CE.NFO,07/01/2020,10:33:09,2,1.8,7500,2.15,7500,0,147000
LT30Jan201500CE.NFO,07/01/2020,10:33:20,2,1.85,375,2.15,7500,0,147000
LT30Jan201500CE.NFO,07/01/2020,10:33:36,2,1.8,7500,2.15,7500,0,147000
LT30Jan201500CE.NFO,07/01/2020,10:33:40,2,1.8,7500,2.05,375,0,147000
LT30Jan201500CE.NFO,07/01/2020,10:34:35,2,1.85,375,2.05,375,0,147000
LT30Jan201500CE.NFO,07/01/2020,10:34:39,2,1.8,7500,2.05,375,0,147000
LT30Jan201500CE.NFO,07/01/2020,10:34:52,2,1.85,375,2.05,375,0,147000
LT30Jan201500CE.NFO,07/01/2020,10:35:03,2,1.8,7500,2.05,375,0,147000
LT30Jan201500CE.NFO,07/01/2020,10:35:51,2,1.8,7500,2.15,7500,0,147000
LT30Jan201500CE.NFO,07/01/2020,10:36:12,2,1.85,375,2.15,7500,0,147000
LT30Jan201500CE.NFO,07/01/2020,10:36:28,2,1.8,7500,2.15,7500,0,147000
LT30Jan201500CE.NFO,07/01/2020,10:36:39,2,1.85,375,2.15,7500,0,147000
LT30Jan201500CE.NFO,07/01/2020,10:37:06,2,1.8,7500,2.15,7500,0,147000
LT30Jan201500CE.NFO,07/01/2020,10:37:10,2,1.85,375,2.15,7500,0,147000
LT30Jan201500CE.NFO,07/01/2020,10:37:17,2,1.8,7500,2.15,7500,0,147000
LT30Jan201500CE.NFO,07/01/2020,10:37:33,2,1.8,7500,2.05,375,0,147000
LT30Jan201500CE.NFO,07/01/2020,10:43:20,2.05,1.8,7500,2.1,375,375,146250
LT30Jan201500CE.NFO,07/01/2020,10:44:01,2.05,1.85,375,2.1,375,0,146250
LT30Jan201500CE.NFO,07/01/2020,10:45:11,2.05,1.8,7500,2.1,375,0,146250
LT30Jan201500CE.NFO,07/01/2020,10:46:12,2.05,1.8,7500,2.1,7500,0,146250
LT30Jan201500CE.NFO,07/01/2020,10:46:20,2.05,1.85,375,2.1,7500,0,146250
LT30Jan201500CE.NFO,07/01/2020,10:47:00,2.05,1.85,375,2.05,375,0,146250
LT30Jan201500CE.NFO,07/01/2020,10:47:06,2.05,1.8,7500,2.05,375,0,146250
LT30Jan201500CE.NFO,07/01/2020,10:48:07,2.05,1.85,8250,2.05,375,0,146250
LT30Jan201500CE.NFO,07/01/2020,10:48:56,2.05,1.85,8250,2.1,750,0,146250
LT30Jan201500CE.NFO,07/01/2020,10:49:08,2.05,1.8,7500,2.1,750,0,146250
LT30Jan201500CE.NFO,07/01/2020,10:49:55,2.05,1.8,7500,2.1,8250,0,146250
LT30Jan201500CE.NFO,07/01/2020,10:54:54,2.05,1.85,375,2.1,8250,0,146250
LT30Jan201500CE.NFO,07/01/2020,10:55:18,2.05,1.8,7500,2.1,8250,0,146250
LT30Jan201500CE.NFO,07/01/2020,10:55:24,2.05,1.85,375,2.1,8250,0,146250
LT30Jan201500CE.NFO,07/01/2020,10:56:45,2.05,1.85,375,2.05,375,0,146250
LT30Jan201500CE.NFO,07/01/2020,10:57:06,2.05,1.85,375,2.05,7875,0,146250
LT30Jan201500CE.NFO,07/01/2020,10:57:32,2.05,1.85,375,2,375,0,146250
LT30Jan201500CE.NFO,07/01/2020,10:57:39,2.05,1.8,7500,2,375,0,146250
LT30Jan201500CE.NFO,07/01/2020,10:57:57,2.05,1.8,375,2,375,0,146250
LT30Jan201500CE.NFO,07/01/2020,10:58:36,2.05,1.75,8250,2,375,0,146250
LT30Jan201500CE.NFO,07/01/2020,10:58:47,2.05,1.8,375,2,375,0,146250
LT30Jan201500CE.NFO,07/01/2020,11:00:00,2.05,1.8,375,2,750,0,146250
LT30Jan201500CE.NFO,07/01/2020,11:01:10,2.05,1.75,8250,2,750,0,146250
LT30Jan201500CE.NFO,07/01/2020,11:01:32,1.75,1.75,375,2,7875,375,146625
LT30Jan201500CE.NFO,07/01/2020,11:01:32,1.75,1.75,375,2,7875,0,146625
LT30Jan201500CE.NFO,07/01/2020,11:02:10,1.75,1.75,7875,2,7875,0,146625
LT30Jan201500CE.NFO,07/01/2020,11:02:17,1.75,1.75,7875,2,375,0,146625
LT30Jan201500CE.NFO,07/01/2020,11:03:08,1.75,1.75,8250,2,375,0,146625
LT30Jan201500CE.NFO,07/01/2020,11:03:41,1.75,1.8,375,2,375,0,146625
LT30Jan201500CE.NFO,07/01/2020,11:04:56,1.75,1.8,375,2,7875,0,146625
LT30Jan201500CE.NFO,07/01/2020,11:05:37,1.8,1.8,375,2,7875,375,146625
LT30Jan201500CE.NFO,07/01/2020,11:07:27,1.8,1.8,375,1.95,375,0,146625
LT30Jan201500CE.NFO,07/01/2020,11:07:49,1.8,1.85,750,1.95,375,0,146625
LT30Jan201500CE.NFO,07/01/2020,11:07:55,1.9,1.8,375,2,7875,1125,146625
LT30Jan201500CE.NFO,07/01/2020,11:08:00,1.9,1.8,375,2,7875,0,146625
LT30Jan201500CE.NFO,07/01/2020,11:09:33,1.9,1.75,375,2,7875,0,146625
LT30Jan201500CE.NFO,07/01/2020,11:10:21,1.9,1.75,750,2,7875,0,146625
LT30Jan201500CE.NFO,07/01/2020,11:12:00,1.9,1.75,750,1.95,9750,0,146625
LT30Jan201500CE.NFO,07/01/2020,11:13:03,1.9,1.75,750,1.95,9750,375,146250
LT30Jan201500CE.NFO,07/01/2020,11:13:20,1.9,1.75,750,1.95,9750,0,146250
LT30Jan201500CE.NFO,07/01/2020,11:14:18,1.9,1.75,750,1.95,375,0,146250
LT30Jan201500CE.NFO,07/01/2020,11:15:55,1.9,1.75,750,2,7875,0,146250
LT30Jan201500CE.NFO,07/01/2020,11:19:08,1.9,1.8,375,2,7875,0,146250
LT30Jan201500CE.NFO,07/01/2020,11:19:21,1.9,1.75,750,2,7875,0,146250
LT30Jan201500CE.NFO,07/01/2020,11:19:42,1.9,1.8,375,2,7875,0,146250
LT30Jan201500CE.NFO,07/01/2020,11:20:10,1.9,1.75,750,2,7875,0,146250
LT30Jan201500CE.NFO,07/01/2020,11:20:16,1.9,1.8,375,2,7875,0,146250
LT30Jan201500CE.NFO,07/01/2020,11:22:11,1.9,1.8,375,1.95,375,0,146250
LT30Jan201500CE.NFO,07/01/2020,11:23:23,1.9,1.8,375,2,750,0,146250
LT30Jan201500CE.NFO,07/01/2020,11:24:05,1.9,1.8,7875,2,750,0,146250
LT30Jan201500CE.NFO,07/01/2020,11:25:15,2,1.8,7875,2.15,7500,750,146625
LT30Jan201500CE.NFO,07/01/2020,11:25:20,2,1.8,7875,2.15,375,0,146625
LT30Jan201500CE.NFO,07/01/2020,11:25:45,2.15,1.8,7875,2.25,1500,375,146625
LT30Jan201500CE.NFO,07/01/2020,11:25:51,2.15,1.8,7875,2.25,1500,0,146625
LT30Jan201500CE.NFO,07/01/2020,11:27:03,2.15,1.95,9750,2.25,1500,0,146625
LT30Jan201500CE.NFO,07/01/2020,11:27:40,2.15,1.8,7500,2.25,1500,0,146625
LT30Jan201500CE.NFO,07/01/2020,11:27:45,2.15,1.85,16125,2.25,1500,0,146625
LT30Jan201500CE.NFO,07/01/2020,11:28:54,2.25,1.85,16125,2.25,1125,375,147375
LT30Jan201500CE.NFO,07/01/2020,11:29:09,2.25,1.85,16125,2.25,750,375,147375
LT30Jan201500CE.NFO,07/01/2020,11:29:17,2.25,1.85,16125,2.25,375,375,147375
LT30Jan201500CE.NFO,07/01/2020,11:29:24,2.25,1.85,16125,2.3,375,375,147375
LT30Jan201500CE.NFO,07/01/2020,11:30:13,2.25,1.85,16125,2.3,375,0,147375
LT30Jan201500CE.NFO,07/01/2020,11:31:03,2.3,1.85,16125,2.4,375,375,147375
LT30Jan201500CE.NFO,07/01/2020,11:31:03,2.3,1.85,16125,2.4,375,0,147375
LT30Jan201500CE.NFO,07/01/2020,11:32:09,2.3,1.85,16125,2.4,7125,0,147375
LT30Jan201500CE.NFO,07/01/2020,11:42:43,2.3,1.85,16125,2.3,15750,0,147375
LT30Jan201500CE.NFO,07/01/2020,11:42:52,2.3,1.9,375,2.3,15750,0,147375
LT30Jan201500CE.NFO,07/01/2020,11:43:36,2.3,1.95,375,2.3,15750,0,147375
LT30Jan201500CE.NFO,07/01/2020,11:44:36,2.3,1.95,7500,2.3,15750,0,147375
LT30Jan201500CE.NFO,07/01/2020,11:45:53,2.3,1.95,7500,2.3,16125,0,147375
LT30Jan201500CE.NFO,07/01/2020,12:16:23,2.3,1.95,7500,2.1,375,0,147375
LT30Jan201500CE.NFO,07/01/2020,12:16:26,2.1,1.95,7500,2.3,16125,375,144750
LT30Jan201500CE.NFO,07/01/2020,12:20:54,2.1,1.95,7500,2.3,16125,0,144750
LT30Jan201500CE.NFO,07/01/2020,12:30:12,2.1,1.85,8625,2.3,16125,0,144750
LT30Jan201500CE.NFO,07/01/2020,12:37:51,2.1,1.95,375,2.3,16125,0,144750
LT30Jan201500CE.NFO,07/01/2020,12:38:07,2.1,1.95,7125,2.3,16125,0,144750
LT30Jan201500CE.NFO,07/01/2020,12:42:51,2.1,2,375,2.3,16125,0,144750
LT30Jan201500CE.NFO,07/01/2020,12:44:18,2.1,2.05,375,2.3,16125,0,144750
LT30Jan201500CE.NFO,07/01/2020,12:49:23,2.1,2.05,375,2.4,6750,0,144750
LT30Jan201500CE.NFO,07/01/2020,12:49:27,2.05,2,375,2.2,7125,375,144375
LT30Jan201500CE.NFO,07/01/2020,12:49:30,2.05,2,375,2.2,7125,0,144375
LT30Jan201500CE.NFO,07/01/2020,12:49:40,2.05,2,375,2.25,375,0,144375
LT30Jan201500CE.NFO,07/01/2020,12:49:43,2.05,2,375,2.2,7500,0,144375
LT30Jan201500CE.NFO,07/01/2020,12:49:45,2.05,2,375,2.25,375,0,144375
LT30Jan201500CE.NFO,07/01/2020,12:49:48,2.05,2,375,2.2,7500,0,144375
LT30Jan201500CE.NFO,07/01/2020,12:49:51,2.05,2,375,2.25,375,0,144375
LT30Jan201500CE.NFO,07/01/2020,12:49:54,2.05,2,375,2.2,7500,0,144375
LT30Jan201500CE.NFO,07/01/2020,12:50:00,2.05,1.95,375,2.2,7500,0,144375
LT30Jan201500CE.NFO,07/01/2020,12:50:03,2.05,1.95,375,2.2,7125,0,144375
LT30Jan201500CE.NFO,07/01/2020,12:50:08,2.05,1.95,375,2.25,9375,0,144375
LT30Jan201500CE.NFO,07/01/2020,12:50:15,2.05,1.95,375,2.25,9000,0,144375
LT30Jan201500CE.NFO,07/01/2020,12:50:19,2.05,1.95,375,2.25,9375,0,144375
LT30Jan201500CE.NFO,07/01/2020,12:51:36,2.05,1.95,750,2.25,9375,0,144375
LT30Jan201500CE.NFO,07/01/2020,13:01:29,1.95,1.95,375,2.25,9375,375,144750
LT30Jan201500CE.NFO,07/01/2020,13:01:59,1.95,1.95,375,2.25,9375,0,144750
LT30Jan201500CE.NFO,07/01/2020,13:05:08,1.95,1.8,7500,2.25,9375,375,145125
LT30Jan201500CE.NFO,07/01/2020,13:05:39,1.95,1.8,7500,2.15,11625,0,145125
LT30Jan201500CE.NFO,07/01/2020,13:05:45,1.95,1.8,7500,2.15,11250,0,145125
LT30Jan201500CE.NFO,07/01/2020,13:06:02,1.95,1.8,7500,2.1,9000,0,145125
LT30Jan201500CE.NFO,07/01/2020,13:06:08,1.95,1.8,7500,2.15,375,0,145125
LT30Jan201500CE.NFO,07/01/2020,13:06:14,1.95,1.8,7500,2.1,9375,0,145125
LT30Jan201500CE.NFO,07/01/2020,13:06:20,1.95,1.8,7500,2.15,375,0,145125
LT30Jan201500CE.NFO,07/01/2020,13:06:25,1.95,1.8,7500,2.1,10125,0,145125
LT30Jan201500CE.NFO,07/01/2020,13:06:30,1.95,1.8,7500,2.1,375,0,145125
LT30Jan201500CE.NFO,07/01/2020,13:06:35,1.95,1.8,7500,2.05,7500,0,145125
LT30Jan201500CE.NFO,07/01/2020,13:06:39,1.95,1.8,7500,2.15,11250,0,145125
LT30Jan201500CE.NFO,07/01/2020,13:06:44,1.95,1.8,7500,2.05,7500,0,145125
LT30Jan201500CE.NFO,07/01/2020,13:06:49,1.95,1.8,7500,2.1,10125,0,145125
LT30Jan201500CE.NFO,07/01/2020,13:08:20,1.95,1.75,7875,2.1,10125,0,145125
LT30Jan201500CE.NFO,07/01/2020,13:12:15,1.95,1.75,7875,2.1,375,0,145125
LT30Jan201500CE.NFO,07/01/2020,13:14:07,1.95,1.75,7875,2.1,7500,0,145125
LT30Jan201500CE.NFO,07/01/2020,13:17:38,1.95,1.75,7875,1.95,375,0,145125
LT30Jan201500CE.NFO,07/01/2020,13:18:14,1.95,1.75,7875,2,375,0,145125
LT30Jan201500CE.NFO,07/01/2020,13:26:50,1.95,1.8,375,2,375,0,145125
LT30Jan201500CE.NFO,07/01/2020,13:26:56,1.95,1.8,7500,2,375,0,145125
LT30Jan201500CE.NFO,07/01/2020,13:27:02,1.95,1.8,7500,2.05,375,0,145125
LT30Jan201500CE.NFO,07/01/2020,13:28:17,1.95,1.8,7500,2,375,0,145125
LT30Jan201500CE.NFO,07/01/2020,13:28:57,1.95,1.8,375,1.95,375,0,145125
LT30Jan201500CE.NFO,07/01/2020,13:29:48,1.95,1.75,7875,1.95,375,0,145125
LT30Jan201500CE.NFO,07/01/2020,13:30:29,1.95,1.75,375,1.95,375,0,145125
LT30Jan201500CE.NFO,07/01/2020,13:31:01,1.95,1.75,7875,1.95,375,0,145125
LT30Jan201500CE.NFO,07/01/2020,13:31:55,1.75,1.65,8250,2,375,1875,145500
LT30Jan201500CE.NFO,07/01/2020,13:32:03,1.75,1.65,8250,1.95,375,0,145500
LT30Jan201500CE.NFO,07/01/2020,13:32:43,1.75,1.6,5250,1.95,375,0,145500
LT30Jan201500CE.NFO,07/01/2020,13:33:00,1.75,1.7,9000,1.95,375,0,145500
LT30Jan201500CE.NFO,07/01/2020,13:33:23,1.75,1.75,375,1.95,375,0,145500
LT30Jan201500CE.NFO,07/01/2020,13:33:28,1.75,1.75,750,1.95,375,0,145500
LT30Jan201500CE.NFO,07/01/2020,13:33:43,1.75,1.75,375,1.95,375,0,145500
LT30Jan201500CE.NFO,07/01/2020,13:33:54,1.75,1.75,375,1.9,375,0,145500
LT30Jan201500CE.NFO,07/01/2020,13:34:53,1.75,1.6,375,1.9,375,0,145500
LT30Jan201500CE.NFO,07/01/2020,13:36:16,1.75,1.65,11250,1.9,375,0,145500
LT30Jan201500CE.NFO,07/01/2020,13:36:29,1.9,1.65,11250,2,375,375,145500
LT30Jan201500CE.NFO,07/01/2020,13:36:37,1.9,1.65,11250,2,375,0,145500
LT30Jan201500CE.NFO,07/01/2020,13:37:29,1.9,1.7,9750,2,375,0,145500
LT30Jan201500CE.NFO,07/01/2020,13:39:49,1.9,1.7,9750,2,7875,0,145500
LT30Jan201500CE.NFO,07/01/2020,13:41:41,1.9,1.7,9750,1.95,375,0,145500
LT30Jan201500CE.NFO,07/01/2020,13:41:52,1.9,1.7,9750,1.9,375,0,145500
LT30Jan201500CE.NFO,07/01/2020,13:42:17,1.9,1.7,9750,1.95,375,0,145500
LT30Jan201500CE.NFO,07/01/2020,13:43:52,1.9,1.7,9750,1.95,750,0,145500
LT30Jan201500CE.NFO,07/01/2020,13:46:03,1.9,1.7,9750,1.95,375,0,145500
LT30Jan201500CE.NFO,07/01/2020,13:46:24,1.9,1.7,9750,1.9,375,0,145500
LT30Jan201500CE.NFO,07/01/2020,13:46:31,1.9,1.7,9750,1.95,375,375,144375
LT30Jan201500CE.NFO,07/01/2020,13:46:43,1.9,1.75,8250,1.95,375,0,144375
LT30Jan201500CE.NFO,07/01/2020,13:48:37,1.9,1.8,375,1.95,375,0,144375
LT30Jan201500CE.NFO,07/01/2020,13:48:47,1.9,1.75,7875,1.95,375,0,144375
LT30Jan201500CE.NFO,07/01/2020,13:49:16,1.95,1.8,8250,2.3,17625,375,143625
LT30Jan201500CE.NFO,07/01/2020,13:49:22,1.95,1.75,7875,2.3,17625,0,143625
LT30Jan201500CE.NFO,07/01/2020,13:49:29,1.95,1.75,7875,1.95,3000,0,143625
LT30Jan201500CE.NFO,07/01/2020,13:49:55,1.9,1.75,7875,2.3,17625,3000,143625
LT30Jan201500CE.NFO,07/01/2020,13:50:11,1.9,1.75,7875,2.35,5250,0,143625
LT30Jan201500CE.NFO,07/01/2020,13:50:33,1.9,1.8,375,2.35,5250,0,143625
LT30Jan201500CE.NFO,07/01/2020,13:51:01,1.9,1.8,7500,2.35,5250,0,143625
LT30Jan201500CE.NFO,07/01/2020,13:51:13,1.9,1.8,7500,2.35,5625,0,143625
LT30Jan201500CE.NFO,07/01/2020,13:52:15,1.9,1.8,7500,2.25,15375,0,143625
LT30Jan201500CE.NFO,07/01/2020,13:52:20,1.9,1.8,7500,2.3,18375,0,143625
LT30Jan201500CE.NFO,07/01/2020,13:56:26,1.9,1.8,7500,2.15,9375,0,143625
LT30Jan201500CE.NFO,07/01/2020,14:03:30,1.9,1.9,375,2.15,9375,0,143625
LT30Jan201500CE.NFO,07/01/2020,14:04:06,1.9,1.85,375,2.15,9375,0,143625
LT30Jan201500CE.NFO,07/01/2020,14:20:59,1.9,1.85,7500,2.15,9375,0,143625
LT30Jan201500CE.NFO,07/01/2020,14:31:35,2,1.85,7500,2,750,2250,140625
LT30Jan201500CE.NFO,07/01/2020,14:31:42,2,1.85,7500,2.15,9375,750,140625
LT30Jan201500CE.NFO,07/01/2020,14:32:16,2,1.85,7500,2.15,9375,0,140625
LT30Jan201500CE.NFO,07/01/2020,14:35:05,2,1.75,7875,2.15,9375,375,140625
LT30Jan201500CE.NFO,07/01/2020,14:35:12,2,1.8,7875,2.15,9375,0,140625
LT30Jan201500CE.NFO,07/01/2020,14:45:06,2,1.8,375,2.15,9375,0,140625
LT30Jan201500CE.NFO,07/01/2020,14:45:15,2,1.75,375,2.15,9375,0,140625
LT30Jan201500CE.NFO,07/01/2020,14:46:44,2,1.75,7875,2.15,9375,0,140625
LT30Jan201500CE.NFO,07/01/2020,14:47:15,2,1.75,7875,2,375,0,140625
LT30Jan201500CE.NFO,07/01/2020,14:53:52,2,1.75,7875,2.3,18375,375,141000
LT30Jan201500CE.NFO,07/01/2020,14:57:44,2,1.75,7875,2.2,15375,0,141000
LT30Jan201500CE.NFO,07/01/2020,14:57:48,2,1.75,7875,2.3,18375,0,141000
LT30Jan201500CE.NFO,07/01/2020,15:03:00,2,1.75,8625,2.3,18375,375,141375
LT30Jan201500CE.NFO,07/01/2020,15:03:05,2,1.75,8625,2.3,18375,0,141375
LT30Jan201500CE.NFO,07/01/2020,15:05:25,2,1.75,8625,2.1,9000,0,141375
LT30Jan201500CE.NFO,07/01/2020,15:07:28,2,1.75,8625,2.3,18375,0,141375
LT30Jan201500CE.NFO,07/01/2020,15:11:07,2,1.75,8625,2.2,15000,0,141375
LT30Jan201500CE.NFO,07/01/2020,15:11:13,2,1.75,8625,2.3,18375,0,141375
LT30Jan201500CE.NFO,07/01/2020,15:12:55,2,1.75,8625,2.1,8250,0,141375
LT30Jan201500CE.NFO,07/01/2020,15:16:44,2,1.75,375,2.1,8250,0,141375
LT30Jan201500CE.NFO,07/01/2020,15:16:50,2,1.75,750,2.1,8250,0,141375
LT30Jan201500CE.NFO,07/01/2020,15:18:16,2,1.8,375,2.1,8250,0,141375
LT30Jan201500CE.NFO,07/01/2020,15:18:27,2,1.85,375,2.1,8250,0,141375
LT30Jan201500CE.NFO,07/01/2020,15:18:46,2,1.85,375,2,375,0,141375
LT30Jan201500CE.NFO,07/01/2020,15:18:59,2,1.85,375,2.05,7500,0,141375
LT30Jan201500CE.NFO,07/01/2020,15:19:11,2,1.9,375,2.05,7500,0,141375
LT30Jan201500CE.NFO,07/01/2020,15:19:48,1.95,1.8,375,2.05,7500,375,141750
LT30Jan201500CE.NFO,07/01/2020,15:20:02,1.95,1.8,375,2.05,7500,0,141750
LT30Jan201500CE.NFO,07/01/2020,15:22:35,1.95,1.75,375,2,750,0,141750
LT30Jan201500CE.NFO,07/01/2020,15:24:18,1.95,1.7,9375,2,8250,0,141750
LT30Jan201500CE.NFO,07/01/2020,15:24:23,1.95,1.75,375,2,8250,0,141750
LT30Jan201500CE.NFO,07/01/2020,15:26:32,1.95,1.75,750,2,8250,0,141750
LT30Jan201500CE.NFO,07/01/2020,15:27:04,1.95,1.75,750,2,8625,0,141750
LT30Jan201500CE.NFO,07/01/2020,15:29:23,1.95,1.75,750,1.95,375,0,141750
LT30Jan201500CE.NFO,07/01/2020,15:29:58,1.95,1.75,375,1.95,375,0,141750
