Ticker,Date,Time,LTP,BuyPrice,BuyQty,SellPrice,SellQty,LTQ,OpenInterest
LT30Jan201420CE.NFO,07/01/2020,09:18:01,7,6.6,750,7.3,1125,375,153375
LT30Jan201420CE.NFO,07/01/2020,09:18:01,7,6.6,750,7.3,1125,0,153375
LT30Jan201420CE.NFO,07/01/2020,09:18:01,7,6.6,750,7.3,1125,0,153375
LT30Jan201420CE.NFO,07/01/2020,09:18:01,7,6.6,750,7.3,1125,0,153375
LT30Jan201420CE.NFO,07/01/2020,09:18:25,6.7,6.65,750,7.3,1500,750,153375
LT30Jan201420CE.NFO,07/01/2020,09:18:25,6.7,6.65,750,7.3,1500,0,153375
LT30Jan201420CE.NFO,07/01/2020,09:18:32,6.7,6.65,750,7.2,750,0,153375
LT30Jan201420CE.NFO,07/01/2020,09:18:40,6.7,6.6,750,7.2,1125,0,153375
LT30Jan201420CE.NFO,07/01/2020,09:18:48,6.7,6.6,750,7.1,750,0,153375
LT30Jan201420CE.NFO,07/01/2020,09:18:55,6.7,6.75,750,7.1,750,0,153375
LT30Jan201420CE.NFO,07/01/2020,09:19:09,6.7,6.75,1875,7,1125,0,153375
LT30Jan201420CE.NFO,07/01/2020,09:19:23,6.7,6.75,1875,6.95,375,0,153375
LT30Jan201420CE.NFO,07/01/2020,09:19:44,6.7,6.75,2250,6.95,375,0,153375
LT30Jan201420CE.NFO,07/01/2020,09:19:51,6.7,6.8,1875,6.95,375,0,153375
LT30Jan201420CE.NFO,07/01/2020,09:19:58,6.95,6.8,1875,7,750,375,153375
LT30Jan201420CE.NFO,07/01/2020,09:20:03,6.95,6.8,1875,7,750,0,153375
LT30Jan201420CE.NFO,07/01/2020,09:20:16,6.95,6.8,1875,6.95,1875,0,153375
LT30Jan201420CE.NFO,07/01/2020,09:20:29,6.95,6.75,375,7,375,1875,153375
LT30Jan201420CE.NFO,07/01/2020,09:20:35,6.95,6.75,375,7,375,0,153375
LT30Jan201420CE.NFO,07/01/2020,09:20:42,6.95,6.8,1875,7.05,375,0,153375
LT30Jan201420CE.NFO,07/01/2020,09:20:48,6.95,6.8,2625,7.1,375,0,153375
LT30Jan201420CE.NFO,07/01/2020,09:21:08,6.95,6.75,1125,7.05,1500,0,153375
LT30Jan201420CE.NFO,07/01/2020,09:21:16,6.95,6.75,1125,7.05,2625,0,153375
LT30Jan201420CE.NFO,07/01/2020,09:21:37,6.95,6.75,1125,7.05,3000,0,153375
LT30Jan201420CE.NFO,07/01/2020,09:21:43,6.95,6.75,1125,7.05,2625,0,153375
LT30Jan201420CE.NFO,07/01/2020,09:21:50,6.75,6.75,750,6.95,2625,375,153375
LT30Jan201420CE.NFO,07/01/2020,09:21:57,6.75,6.75,750,6.95,2625,0,153375
LT30Jan201420CE.NFO,07/01/2020,09:22:10,6.75,6.75,750,7.05,2625,0,153375
LT30Jan201420CE.NFO,07/01/2020,09:22:24,6.75,6.8,3750,7.05,2625,375,153375
LT30Jan201420CE.NFO,07/01/2020,09:22:30,6.8,6.8,750,7.05,4500,1125,153375
LT30Jan201420CE.NFO,07/01/2020,09:22:37,6.8,6.7,750,7.05,4500,750,153375
LT30Jan201420CE.NFO,07/01/2020,09:22:43,6.8,6.7,750,7.05,4125,0,153375
LT30Jan201420CE.NFO,07/01/2020,09:22:50,6.8,6.8,1500,7.05,4125,0,153375
LT30Jan201420CE.NFO,07/01/2020,09:22:56,6.8,6.8,1875,7.05,2625,0,153375
LT30Jan201420CE.NFO,07/01/2020,09:23:02,6.8,6.8,1875,7.1,375,0,153375
LT30Jan201420CE.NFO,07/01/2020,09:23:14,6.8,6.85,2625,7.1,375,0,153375
LT30Jan201420CE.NFO,07/01/2020,09:23:19,6.8,6.75,375,7.05,1500,0,153375
LT30Jan201420CE.NFO,07/01/2020,09:23:44,6.8,6.7,375,7.05,3750,0,153375
LT30Jan201420CE.NFO,07/01/2020,09:23:50,6.85,6.7,3000,7.05,3750,1125,154875
LT30Jan201420CE.NFO,07/01/2020,09:23:56,6.85,6.7,3000,7.05,3750,0,154875
LT30Jan201420CE.NFO,07/01/2020,09:24:14,6.65,6.65,750,6.95,2250,375,154875
LT30Jan201420CE.NFO,07/01/2020,09:24:14,6.65,6.65,750,6.95,2250,0,154875
LT30Jan201420CE.NFO,07/01/2020,09:24:20,6.65,6.65,750,6.95,2250,0,154875
LT30Jan201420CE.NFO,07/01/2020,09:24:25,6.7,6.65,750,6.95,4125,1125,154875
LT30Jan201420CE.NFO,07/01/2020,09:24:31,6.7,6.6,1500,6.95,4125,0,154875
LT30Jan201420CE.NFO,07/01/2020,09:24:42,6.7,6.6,1500,6.85,1500,375,154875
LT30Jan201420CE.NFO,07/01/2020,09:24:47,6.7,6.6,1500,6.9,375,0,154875
LT30Jan201420CE.NFO,07/01/2020,09:24:59,6.7,6.65,1875,6.9,375,0,154875
LT30Jan201420CE.NFO,07/01/2020,09:25:05,6.7,6.65,2625,7,375,0,154875
LT30Jan201420CE.NFO,07/01/2020,09:25:24,6.7,6.65,2250,7,375,0,154875
LT30Jan201420CE.NFO,07/01/2020,09:25:30,6.65,6.6,1500,6.95,2250,375,154875
LT30Jan201420CE.NFO,07/01/2020,09:25:36,6.65,6.6,1500,6.95,4500,0,154875
LT30Jan201420CE.NFO,07/01/2020,09:25:42,6.65,6.6,1500,6.85,1500,0,154875
LT30Jan201420CE.NFO,07/01/2020,09:26:40,6.65,6.55,750,6.85,1875,0,154875
LT30Jan201420CE.NFO,07/01/2020,09:26:46,6.65,6.6,2625,6.85,1875,0,154875
LT30Jan201420CE.NFO,07/01/2020,09:27:03,6.85,6.6,2250,6.85,1500,375,154875
LT30Jan201420CE.NFO,07/01/2020,09:27:09,6.85,6.6,2250,6.85,1500,0,154875
LT30Jan201420CE.NFO,07/01/2020,09:27:25,6.7,6.6,2250,6.85,1500,375,154875
LT30Jan201420CE.NFO,07/01/2020,09:27:31,6.7,6.5,5250,6.85,1500,0,154875
LT30Jan201420CE.NFO,07/01/2020,09:27:43,6.7,6.5,2625,6.8,2250,0,154875
LT30Jan201420CE.NFO,07/01/2020,09:27:49,6.5,6.3,750,6.8,2625,375,154875
LT30Jan201420CE.NFO,07/01/2020,09:27:49,6.5,6.3,750,6.8,2625,0,154875
LT30Jan201420CE.NFO,07/01/2020,09:27:56,6.5,6.3,750,6.8,2625,0,154875
LT30Jan201420CE.NFO,07/01/2020,09:28:10,6.5,6.25,750,6.7,2250,0,154875
LT30Jan201420CE.NFO,07/01/2020,09:28:54,6.5,6.35,1125,6.7,2250,0,154875
LT30Jan201420CE.NFO,07/01/2020,09:29:16,6.5,6.25,750,6.7,2250,0,154875
LT30Jan201420CE.NFO,07/01/2020,09:29:43,6.5,6.4,375,6.7,2250,0,154875
LT30Jan201420CE.NFO,07/01/2020,09:30:06,6.4,6.35,750,6.7,2250,375,153375
LT30Jan201420CE.NFO,07/01/2020,09:30:06,6.4,6.35,750,6.7,2250,0,153375
LT30Jan201420CE.NFO,07/01/2020,09:30:11,6.4,6.45,1125,6.7,2250,0,153375
LT30Jan201420CE.NFO,07/01/2020,09:30:17,6.4,6.45,1875,6.75,375,0,153375
LT30Jan201420CE.NFO,07/01/2020,09:30:27,6.4,6.5,2250,6.75,375,0,153375
LT30Jan201420CE.NFO,07/01/2020,09:30:46,6.4,6.55,2625,6.9,375,0,153375
LT30Jan201420CE.NFO,07/01/2020,09:30:51,6.4,6.5,750,6.85,2250,0,153375
LT30Jan201420CE.NFO,07/01/2020,09:31:01,6.4,6.55,375,6.85,2250,0,153375
LT30Jan201420CE.NFO,07/01/2020,09:31:20,6.4,6.65,1500,6.9,375,0,153375
LT30Jan201420CE.NFO,07/01/2020,09:31:25,6.65,6.6,1500,6.85,1500,375,153375
LT30Jan201420CE.NFO,07/01/2020,09:31:31,6.65,6.6,1500,6.9,375,0,153375
LT30Jan201420CE.NFO,07/01/2020,09:31:42,6.65,6.6,4500,6.95,1500,0,153375
LT30Jan201420CE.NFO,07/01/2020,09:31:48,6.65,6.6,4500,7,375,0,153375
LT30Jan201420CE.NFO,07/01/2020,09:32:09,6.65,6.6,4500,7.05,375,0,153375
LT30Jan201420CE.NFO,07/01/2020,09:32:15,6.65,6.6,4500,7.1,375,0,153375
LT30Jan201420CE.NFO,07/01/2020,09:33:08,6.65,6.6,4500,7.15,375,0,153375
LT30Jan201420CE.NFO,07/01/2020,09:33:24,6.65,6.6,4500,7.2,375,0,153375
LT30Jan201420CE.NFO,07/01/2020,09:33:39,6.65,6.8,4500,7.25,375,0,153375
LT30Jan201420CE.NFO,07/01/2020,09:34:08,6.65,6.8,5250,7.2,750,0,153375
LT30Jan201420CE.NFO,07/01/2020,09:34:29,6.65,6.8,4500,7.2,750,0,153375
LT30Jan201420CE.NFO,07/01/2020,09:34:41,6.65,6.8,5250,7.25,375,0,153375
LT30Jan201420CE.NFO,07/01/2020,09:35:03,7.3,6.8,5250,7.3,1500,1125,153375
LT30Jan201420CE.NFO,07/01/2020,09:35:03,7.3,6.8,5250,7.3,1500,0,153375
LT30Jan201420CE.NFO,07/01/2020,09:35:09,7.3,6.8,5250,7.3,1500,0,153375
LT30Jan201420CE.NFO,07/01/2020,09:35:44,7.3,6.8,5250,7.35,375,1125,153375
LT30Jan201420CE.NFO,07/01/2020,09:35:51,7.3,6.8,5250,7.35,750,0,153375
LT30Jan201420CE.NFO,07/01/2020,09:35:57,7.3,7.05,1875,7.4,375,0,153375
LT30Jan201420CE.NFO,07/01/2020,09:36:02,7.3,7.05,2625,7.4,375,0,153375
LT30Jan201420CE.NFO,07/01/2020,09:36:13,7.3,7.15,2625,7.45,375,375,153375
LT30Jan201420CE.NFO,07/01/2020,09:36:19,7.3,7.15,2625,7.45,375,0,153375
LT30Jan201420CE.NFO,07/01/2020,09:36:39,7.3,7.15,2625,7.55,375,0,153375
LT30Jan201420CE.NFO,07/01/2020,09:36:44,7.3,7.15,2625,7.5,750,0,153375
LT30Jan201420CE.NFO,07/01/2020,09:36:53,7.3,7.15,2625,7.55,375,0,153375
LT30Jan201420CE.NFO,07/01/2020,09:36:57,7.3,7.15,2625,7.5,375,0,153375
LT30Jan201420CE.NFO,07/01/2020,09:37:20,7.3,7.15,2625,7.5,750,0,153375
LT30Jan201420CE.NFO,07/01/2020,09:37:30,7.5,7.15,2625,7.45,1125,375,153375
LT30Jan201420CE.NFO,07/01/2020,09:37:30,7.5,7.15,2625,7.45,1125,0,153375
LT30Jan201420CE.NFO,07/01/2020,09:37:35,7.5,7.15,1875,7.45,1125,0,153375
LT30Jan201420CE.NFO,07/01/2020,09:37:42,7.15,7.1,750,7.45,2625,1125,153375
LT30Jan201420CE.NFO,07/01/2020,09:37:46,7.15,7.1,750,7.45,2250,0,153375
LT30Jan201420CE.NFO,07/01/2020,09:37:59,7.15,7.1,750,7.45,2625,0,153375
LT30Jan201420CE.NFO,07/01/2020,09:38:03,7.15,7.1,750,7.45,2250,0,153375
LT30Jan201420CE.NFO,07/01/2020,09:38:08,7.15,7.1,750,7.45,2625,0,153375
LT30Jan201420CE.NFO,07/01/2020,09:38:51,7.15,7.1,750,7.35,1125,0,153375
LT30Jan201420CE.NFO,07/01/2020,09:39:00,7.15,7,2625,7.3,2250,0,153375
LT30Jan201420CE.NFO,07/01/2020,09:39:12,7.15,7,2625,7.35,1125,0,153375
LT30Jan201420CE.NFO,07/01/2020,09:39:17,7.15,7,4875,7.4,1500,0,153375
LT30Jan201420CE.NFO,07/01/2020,09:39:27,7.15,7,4875,7.4,2250,0,153375
LT30Jan201420CE.NFO,07/01/2020,09:39:31,7.15,7,4875,7.4,1500,0,153375
LT30Jan201420CE.NFO,07/01/2020,09:39:44,7.15,7,2625,7.25,2625,0,153375
LT30Jan201420CE.NFO,07/01/2020,09:39:48,7.15,7,2625,7.25,2250,0,153375
LT30Jan201420CE.NFO,07/01/2020,09:39:56,7.15,6.95,750,7.25,2250,0,153375
LT30Jan201420CE.NFO,07/01/2020,09:40:04,7.15,7,2625,7.35,1125,0,153375
LT30Jan201420CE.NFO,07/01/2020,09:40:10,7.15,7,2625,7.35,1500,0,153375
LT30Jan201420CE.NFO,07/01/2020,09:40:15,7.15,6.95,750,7.25,2250,0,153375
LT30Jan201420CE.NFO,07/01/2020,09:40:35,7.15,7,375,7.25,2250,0,153375
LT30Jan201420CE.NFO,07/01/2020,09:40:50,7.15,6.95,750,7.25,2250,0,153375
LT30Jan201420CE.NFO,07/01/2020,09:41:04,7.15,7,2625,7.35,750,0,153375
LT30Jan201420CE.NFO,07/01/2020,09:41:10,7.15,7,2625,7.35,1875,0,153375
LT30Jan201420CE.NFO,07/01/2020,09:41:19,7.15,7,2625,7.35,750,0,153375
LT30Jan201420CE.NFO,07/01/2020,09:41:29,7.15,7,4875,7.35,750,0,153375
LT30Jan201420CE.NFO,07/01/2020,09:41:38,7.15,7,4875,7.35,1125,0,153375
LT30Jan201420CE.NFO,07/01/2020,09:41:53,7.4,7,4875,7.5,2250,375,153750
LT30Jan201420CE.NFO,07/01/2020,09:42:00,7.4,7,4875,7.5,2250,0,153750
LT30Jan201420CE.NFO,07/01/2020,09:42:06,7.5,7,4875,7.5,1125,1125,153750
LT30Jan201420CE.NFO,07/01/2020,09:42:13,7.5,7,4875,7.6,1500,1125,153750
LT30Jan201420CE.NFO,07/01/2020,09:42:19,7.5,7,4875,7.6,1125,0,153750
LT30Jan201420CE.NFO,07/01/2020,09:42:26,7.7,7,4875,7.8,2250,375,153750
LT30Jan201420CE.NFO,07/01/2020,09:42:26,7.7,7,4875,7.8,2250,0,153750
LT30Jan201420CE.NFO,07/01/2020,09:42:33,7.7,7.75,3375,8,1125,1125,153750
LT30Jan201420CE.NFO,07/01/2020,09:42:40,8,7.75,1500,8.05,1875,1125,153750
LT30Jan201420CE.NFO,07/01/2020,09:42:40,8,7.75,1500,8.05,1875,0,153750
LT30Jan201420CE.NFO,07/01/2020,09:42:46,8,7.65,2625,8,1500,0,153750
LT30Jan201420CE.NFO,07/01/2020,09:42:53,8,7.6,750,7.95,2625,0,153750
LT30Jan201420CE.NFO,07/01/2020,09:42:59,8,7.6,750,7.95,1500,0,153750
LT30Jan201420CE.NFO,07/01/2020,09:43:05,8,7.7,3000,8,2625,0,153750
LT30Jan201420CE.NFO,07/01/2020,09:43:10,8,7.65,2625,8,2625,0,153750
LT30Jan201420CE.NFO,07/01/2020,09:43:15,8,7.65,2625,8,1500,0,153750
LT30Jan201420CE.NFO,07/01/2020,09:43:26,8,7.65,2625,7.95,1500,0,153750
LT30Jan201420CE.NFO,07/01/2020,09:43:36,8,7.65,2625,8,1500,0,153750
LT30Jan201420CE.NFO,07/01/2020,09:43:41,8,7.65,2625,7.95,1500,0,153750
LT30Jan201420CE.NFO,07/01/2020,09:43:45,8,7.65,2625,8,1500,0,153750
LT30Jan201420CE.NFO,07/01/2020,09:43:50,8,7.65,2625,7.95,1875,0,153750
LT30Jan201420CE.NFO,07/01/2020,09:43:59,7.95,7.65,2625,7.95,1875,375,153750
LT30Jan201420CE.NFO,07/01/2020,09:44:04,7.95,7.65,2625,7.95,1875,0,153750
LT30Jan201420CE.NFO,07/01/2020,09:44:09,7.95,7.65,2625,7.95,1500,0,153750
LT30Jan201420CE.NFO,07/01/2020,09:44:15,7.95,7.65,2625,7.95,1875,0,153750
LT30Jan201420CE.NFO,07/01/2020,09:44:20,7.95,7.6,750,7.9,2250,0,153750
LT30Jan201420CE.NFO,07/01/2020,09:44:25,7.95,7.55,2625,7.85,2250,0,153750
LT30Jan201420CE.NFO,07/01/2020,09:44:31,7.95,7.55,1875,7.85,2250,0,153750
LT30Jan201420CE.NFO,07/01/2020,09:44:36,7.95,7.55,2625,7.85,1125,0,153750
LT30Jan201420CE.NFO,07/01/2020,09:44:42,7.95,7.55,2625,7.85,1500,0,153750
LT30Jan201420CE.NFO,07/01/2020,09:44:46,7.95,7.45,4125,7.75,2250,0,153750
LT30Jan201420CE.NFO,07/01/2020,09:44:51,7.95,7.45,4875,7.8,750,0,153750
LT30Jan201420CE.NFO,07/01/2020,09:44:56,7.95,7.45,4875,7.8,1500,0,153750
LT30Jan201420CE.NFO,07/01/2020,09:45:01,7.95,7.45,4875,7.85,1500,0,153750
LT30Jan201420CE.NFO,07/01/2020,09:45:07,7.9,7.45,4875,8.05,1500,1500,153750
LT30Jan201420CE.NFO,07/01/2020,09:45:14,7.9,7.45,4875,8,2250,0,153750
LT30Jan201420CE.NFO,07/01/2020,09:45:20,7.9,7.45,4875,8,1125,0,153750
LT30Jan201420CE.NFO,07/01/2020,09:45:26,7.9,7.45,4875,8,1500,0,153750
LT30Jan201420CE.NFO,07/01/2020,09:45:33,8,7.45,4875,8.05,375,1125,153750
LT30Jan201420CE.NFO,07/01/2020,09:45:39,8,7.45,4875,8,375,375,153750
LT30Jan201420CE.NFO,07/01/2020,09:45:45,8,7.45,4875,8.05,1500,1500,153750
LT30Jan201420CE.NFO,07/01/2020,09:45:50,8.1,7.45,4875,8.15,1500,1500,153750
LT30Jan201420CE.NFO,07/01/2020,09:45:50,8.1,7.45,4875,8.15,1500,0,153750
LT30Jan201420CE.NFO,07/01/2020,09:45:56,8.2,8,1875,8.4,2625,2625,153750
LT30Jan201420CE.NFO,07/01/2020,09:45:56,8.2,8,1875,8.4,2625,0,153750
LT30Jan201420CE.NFO,07/01/2020,09:46:01,8.2,8.2,1125,8.4,2250,0,153750
LT30Jan201420CE.NFO,07/01/2020,09:46:07,8.3,8.2,1500,8.4,375,1125,153750
LT30Jan201420CE.NFO,07/01/2020,09:46:07,8.3,8.2,1500,8.4,375,0,153750
LT30Jan201420CE.NFO,07/01/2020,09:46:12,8.4,8.2,4125,8.65,375,375,153750
LT30Jan201420CE.NFO,07/01/2020,09:46:12,8.4,8.2,4125,8.65,375,0,153750
LT30Jan201420CE.NFO,07/01/2020,09:46:17,8.4,8.3,1875,8.65,375,0,153750
LT30Jan201420CE.NFO,07/01/2020,09:46:22,8.4,8.3,2625,8.65,375,0,153750
LT30Jan201420CE.NFO,07/01/2020,09:46:26,8.4,8.3,2625,8.65,375,375,153750
LT30Jan201420CE.NFO,07/01/2020,09:46:31,8.4,8.3,2625,8.7,1125,0,153750
LT30Jan201420CE.NFO,07/01/2020,09:46:37,8.4,8.25,750,8.55,750,375,153750
LT30Jan201420CE.NFO,07/01/2020,09:46:42,8.4,8.25,750,8.55,750,0,153750
LT30Jan201420CE.NFO,07/01/2020,09:46:51,8.4,8.2,2250,8.55,1125,0,153750
LT30Jan201420CE.NFO,07/01/2020,09:47:00,8.4,8.2,1500,8.45,750,0,153750
LT30Jan201420CE.NFO,07/01/2020,09:47:04,8.4,8.2,2250,8.5,375,0,153750
LT30Jan201420CE.NFO,07/01/2020,09:47:09,8.4,8.2,2625,8.5,375,0,153750
LT30Jan201420CE.NFO,07/01/2020,09:47:17,8.4,8.2,4500,8.5,375,0,153750
LT30Jan201420CE.NFO,07/01/2020,09:47:21,8.4,8.2,4500,8.6,375,0,153750
LT30Jan201420CE.NFO,07/01/2020,09:47:26,8.4,8.2,4500,8.65,1875,0,153750
LT30Jan201420CE.NFO,07/01/2020,09:47:31,8.3,8.2,2625,8.6,375,375,159000
LT30Jan201420CE.NFO,07/01/2020,09:47:35,8.3,8.2,2625,8.6,375,0,159000
LT30Jan201420CE.NFO,07/01/2020,09:47:44,8.3,8.2,2625,8.6,1500,0,159000
LT30Jan201420CE.NFO,07/01/2020,09:47:56,8.3,8.2,2625,8.55,375,0,159000
LT30Jan201420CE.NFO,07/01/2020,09:48:00,8.3,8.2,2625,8.6,1125,0,159000
LT30Jan201420CE.NFO,07/01/2020,09:48:04,8.3,8.2,2625,8.55,750,0,159000
LT30Jan201420CE.NFO,07/01/2020,09:48:08,8.3,8.2,2625,8.55,375,0,159000
LT30Jan201420CE.NFO,07/01/2020,09:48:12,8.3,8.2,2625,8.55,750,0,159000
LT30Jan201420CE.NFO,07/01/2020,09:48:20,8.3,8.2,2625,8.5,1125,0,159000
LT30Jan201420CE.NFO,07/01/2020,09:48:24,8.3,8.2,1125,8.5,375,0,159000
LT30Jan201420CE.NFO,07/01/2020,09:48:28,8.3,8.25,750,8.5,375,0,159000
LT30Jan201420CE.NFO,07/01/2020,09:48:32,8.3,8.2,1125,8.45,1125,0,159000
LT30Jan201420CE.NFO,07/01/2020,09:48:36,8.3,8.2,1125,8.45,375,0,159000
LT30Jan201420CE.NFO,07/01/2020,09:48:40,8.3,8.2,375,8.45,375,0,159000
LT30Jan201420CE.NFO,07/01/2020,09:48:45,8.3,8.2,1125,8.5,375,0,159000
LT30Jan201420CE.NFO,07/01/2020,09:49:15,8.3,8.25,2250,8.55,1125,0,159000
LT30Jan201420CE.NFO,07/01/2020,09:49:26,8.4,8.25,2250,8.5,1500,375,159000
LT30Jan201420CE.NFO,07/01/2020,09:49:32,8.4,8.25,1500,8.5,375,0,159000
LT30Jan201420CE.NFO,07/01/2020,09:49:42,8.4,8.3,750,8.45,375,375,159000
LT30Jan201420CE.NFO,07/01/2020,09:49:48,8.4,8.15,750,8.45,375,0,159000
LT30Jan201420CE.NFO,07/01/2020,09:49:57,8.4,8.15,750,8.45,750,0,159000
LT30Jan201420CE.NFO,07/01/2020,09:50:02,8.4,8.15,750,8.45,375,0,159000
LT30Jan201420CE.NFO,07/01/2020,09:50:07,8.4,8.25,1875,8.45,375,0,159000
LT30Jan201420CE.NFO,07/01/2020,09:50:13,8.4,8.15,750,8.45,375,0,159000
LT30Jan201420CE.NFO,07/01/2020,09:50:18,8.4,8.15,750,8.4,750,0,159000
LT30Jan201420CE.NFO,07/01/2020,09:50:37,8.1,8.05,750,8.3,750,1125,159000
LT30Jan201420CE.NFO,07/01/2020,09:50:43,8.1,8,2250,8.3,1125,0,159375
LT30Jan201420CE.NFO,07/01/2020,09:50:49,8.1,8,2250,8.3,1500,0,159375
LT30Jan201420CE.NFO,07/01/2020,09:50:54,8,8,1125,8.2,1500,1125,159375
LT30Jan201420CE.NFO,07/01/2020,09:50:59,8,8,1125,8.2,1500,0,159375
LT30Jan201420CE.NFO,07/01/2020,09:51:03,8,7.75,750,8,1500,375,159375
LT30Jan201420CE.NFO,07/01/2020,09:51:08,8,7.75,750,8,1500,0,159375
LT30Jan201420CE.NFO,07/01/2020,09:51:14,8,7.65,750,8,1500,0,159375
LT30Jan201420CE.NFO,07/01/2020,09:51:19,8,7.65,750,7.95,1125,0,159375
LT30Jan201420CE.NFO,07/01/2020,09:51:25,8,7.7,2250,8,1500,0,159375
LT30Jan201420CE.NFO,07/01/2020,09:51:56,7.7,7.5,1875,7.9,750,2250,159375
LT30Jan201420CE.NFO,07/01/2020,09:52:00,7.7,7.5,1875,7.9,750,0,159375
LT30Jan201420CE.NFO,07/01/2020,09:52:04,7.7,7.45,1125,7.7,1500,0,159375
LT30Jan201420CE.NFO,07/01/2020,09:52:17,7.7,7.5,1875,7.8,3750,0,159375
LT30Jan201420CE.NFO,07/01/2020,09:52:26,7.7,7.45,1125,7.65,1125,0,159375
LT30Jan201420CE.NFO,07/01/2020,09:52:31,7.7,7.45,1875,7.7,750,0,159375
LT30Jan201420CE.NFO,07/01/2020,09:52:40,7.45,7.3,1500,7.7,1125,1500,159375
LT30Jan201420CE.NFO,07/01/2020,09:52:45,7.45,7.3,3750,7.7,1125,0,159375
LT30Jan201420CE.NFO,07/01/2020,09:52:49,7.45,7.3,3750,7.75,375,0,159375
LT30Jan201420CE.NFO,07/01/2020,09:53:05,7.45,7.3,3750,7.65,1125,0,159375
LT30Jan201420CE.NFO,07/01/2020,09:53:21,7.45,7.3,1500,7.65,1500,0,159375
LT30Jan201420CE.NFO,07/01/2020,09:53:47,7.45,7.2,2625,7.5,1875,0,159375
LT30Jan201420CE.NFO,07/01/2020,09:53:56,7.45,7.2,2625,7.5,1125,0,159375
LT30Jan201420CE.NFO,07/01/2020,09:54:00,7.45,7.2,2625,7.55,1875,0,159375
LT30Jan201420CE.NFO,07/01/2020,09:54:04,7.45,7.2,2625,7.6,1125,0,159375
LT30Jan201420CE.NFO,07/01/2020,09:54:31,7.45,7.3,1500,7.6,1500,0,159375
LT30Jan201420CE.NFO,07/01/2020,09:54:40,7.45,7.3,1500,7.6,375,0,159375
LT30Jan201420CE.NFO,07/01/2020,09:54:54,7.45,7.3,3750,7.75,375,0,159375
LT30Jan201420CE.NFO,07/01/2020,09:54:59,7.45,7.3,3750,7.65,750,0,159375
LT30Jan201420CE.NFO,07/01/2020,09:55:04,7.45,7.3,3750,7.75,375,0,159375
LT30Jan201420CE.NFO,07/01/2020,09:55:09,7.45,7.4,3750,7.75,375,0,159375
LT30Jan201420CE.NFO,07/01/2020,09:55:24,7.45,7.4,3750,7.85,375,0,159375
LT30Jan201420CE.NFO,07/01/2020,09:55:29,7.45,7.4,3750,7.75,1125,0,159375
LT30Jan201420CE.NFO,07/01/2020,09:55:38,7.45,7.4,3750,7.85,375,0,159375
LT30Jan201420CE.NFO,07/01/2020,09:56:01,7.45,7.55,1125,7.75,375,0,159375
LT30Jan201420CE.NFO,07/01/2020,09:56:06,7.75,7.55,1500,7.85,375,375,157500
LT30Jan201420CE.NFO,07/01/2020,09:56:12,7.75,7.55,1500,7.85,375,0,157500
LT30Jan201420CE.NFO,07/01/2020,09:56:33,7.75,7.5,2625,7.8,1875,0,157500
LT30Jan201420CE.NFO,07/01/2020,09:56:38,7.75,7.4,4125,7.65,1125,0,157500
LT30Jan201420CE.NFO,07/01/2020,09:56:43,7.75,7.5,375,7.75,375,0,157500
LT30Jan201420CE.NFO,07/01/2020,09:56:47,7.8,7.55,3750,7.8,1500,375,157500
LT30Jan201420CE.NFO,07/01/2020,09:56:51,7.8,7.6,1500,7.85,375,0,157500
LT30Jan201420CE.NFO,07/01/2020,09:56:56,7.8,7.6,1125,7.85,375,0,157500
LT30Jan201420CE.NFO,07/01/2020,09:57:13,7.8,7.6,1500,7.85,375,0,157500
LT30Jan201420CE.NFO,07/01/2020,09:57:26,7.8,7.6,1125,7.85,375,0,157500
LT30Jan201420CE.NFO,07/01/2020,09:57:38,7.8,7.6,1500,7.85,375,0,157500
LT30Jan201420CE.NFO,07/01/2020,09:58:00,7.8,7.55,1500,7.8,1125,0,157500
LT30Jan201420CE.NFO,07/01/2020,09:58:05,7.8,7.65,375,7.85,375,0,157500
LT30Jan201420CE.NFO,07/01/2020,09:58:14,7.8,7.65,750,7.85,375,0,157500
LT30Jan201420CE.NFO,07/01/2020,09:58:18,7.8,7.65,375,7.85,375,0,157500
LT30Jan201420CE.NFO,07/01/2020,09:58:27,7.8,7.55,1500,7.8,750,0,157500
LT30Jan201420CE.NFO,07/01/2020,09:58:40,7.8,7.5,750,7.8,1125,0,157500
LT30Jan201420CE.NFO,07/01/2020,09:58:51,7.8,7.55,750,7.8,1125,0,157500
LT30Jan201420CE.NFO,07/01/2020,09:58:57,7.8,7.55,1125,7.8,1125,0,157500
LT30Jan201420CE.NFO,07/01/2020,09:59:08,7.8,7.55,1500,7.8,1125,0,157500
LT30Jan201420CE.NFO,07/01/2020,09:59:14,7.8,7.5,750,7.8,1125,0,157500
LT30Jan201420CE.NFO,07/01/2020,09:59:19,7.8,7.55,1125,7.8,1125,0,157500
LT30Jan201420CE.NFO,07/01/2020,09:59:24,7.8,7.5,750,7.8,1125,0,157500
LT30Jan201420CE.NFO,07/01/2020,09:59:35,7.8,7.4,4125,7.6,375,0,157500
LT30Jan201420CE.NFO,07/01/2020,09:59:40,7.8,7.3,1875,7.6,750,0,157500
LT30Jan201420CE.NFO,07/01/2020,09:59:52,7.8,7.35,1125,7.6,750,0,157500
LT30Jan201420CE.NFO,07/01/2020,09:59:57,7.8,7.3,1875,7.6,750,0,157500
LT30Jan201420CE.NFO,07/01/2020,10:00:08,7.8,7.3,1500,7.5,750,0,157500
LT30Jan201420CE.NFO,07/01/2020,10:00:13,7.8,7.3,1875,7.55,375,0,157500
LT30Jan201420CE.NFO,07/01/2020,10:00:19,7.3,7.25,1500,7.5,1500,1500,157500
LT30Jan201420CE.NFO,07/01/2020,10:00:24,7.3,7.3,1125,7.5,1500,0,157500
LT30Jan201420CE.NFO,07/01/2020,10:00:30,7.3,7.25,1500,7.5,1500,0,157500
LT30Jan201420CE.NFO,07/01/2020,10:00:48,7.1,7.05,750,7.3,1125,375,157500
LT30Jan201420CE.NFO,07/01/2020,10:00:55,7.3,7.1,1125,7.3,750,375,157500
LT30Jan201420CE.NFO,07/01/2020,10:01:01,7.3,7.1,1125,7.3,750,0,157500
LT30Jan201420CE.NFO,07/01/2020,10:01:07,7.3,7.15,2250,7.4,1125,0,157500
LT30Jan201420CE.NFO,07/01/2020,10:01:19,7.3,7.15,1125,7.4,1125,0,157500
LT30Jan201420CE.NFO,07/01/2020,10:01:38,7.3,7.1,1500,7.4,1500,0,157500
LT30Jan201420CE.NFO,07/01/2020,10:01:44,7.3,7.15,1875,7.4,1500,0,157500
LT30Jan201420CE.NFO,07/01/2020,10:01:49,7.3,7.15,750,7.4,1500,0,157500
LT30Jan201420CE.NFO,07/01/2020,10:01:55,7.3,7.1,1500,7.3,750,0,157500
LT30Jan201420CE.NFO,07/01/2020,10:02:05,7.3,7.1,1125,7.25,375,0,157500
LT30Jan201420CE.NFO,07/01/2020,10:02:11,7.3,7.05,4125,7.25,375,0,157500
LT30Jan201420CE.NFO,07/01/2020,10:02:16,7.25,7.05,4500,7.3,750,375,157500
LT30Jan201420CE.NFO,07/01/2020,10:02:22,7.2,7.05,2250,7.3,750,375,157500
LT30Jan201420CE.NFO,07/01/2020,10:02:27,7.2,7.05,2250,7.3,750,0,157500
LT30Jan201420CE.NFO,07/01/2020,10:02:44,7.2,7.15,750,7.3,375,0,157500
LT30Jan201420CE.NFO,07/01/2020,10:02:49,7.2,7.15,1125,7.3,375,0,157500
LT30Jan201420CE.NFO,07/01/2020,10:02:54,7.3,7.25,375,7.45,375,375,156750
LT30Jan201420CE.NFO,07/01/2020,10:03:00,7.3,7.25,1875,7.5,375,0,156750
LT30Jan201420CE.NFO,07/01/2020,10:03:05,7.3,7.35,750,7.55,750,0,156750
LT30Jan201420CE.NFO,07/01/2020,10:03:09,7.3,7.3,1500,7.55,1125,0,156750
LT30Jan201420CE.NFO,07/01/2020,10:03:14,7.3,7.25,1875,7.45,375,0,156750
LT30Jan201420CE.NFO,07/01/2020,10:03:23,7.3,7.25,1500,7.45,375,0,156750
LT30Jan201420CE.NFO,07/01/2020,10:03:33,7.3,7.2,1125,7.45,375,0,156750
LT30Jan201420CE.NFO,07/01/2020,10:03:45,7.3,7.1,1125,7.3,750,0,156750
LT30Jan201420CE.NFO,07/01/2020,10:04:05,7.3,7.1,1125,7.35,1500,0,156750
LT30Jan201420CE.NFO,07/01/2020,10:04:10,7.3,7.1,1500,7.35,1500,0,156750
LT30Jan201420CE.NFO,07/01/2020,10:04:18,7.3,7.15,1125,7.4,375,0,156750
LT30Jan201420CE.NFO,07/01/2020,10:04:23,7.3,7.15,2250,7.4,375,0,156750
LT30Jan201420CE.NFO,07/01/2020,10:04:27,7.3,7.15,2250,7.35,1125,0,156750
LT30Jan201420CE.NFO,07/01/2020,10:04:31,7.3,7.15,2250,7.4,1500,0,156750
LT30Jan201420CE.NFO,07/01/2020,10:04:36,7.3,7.15,2250,7.4,1125,0,156750
LT30Jan201420CE.NFO,07/01/2020,10:05:36,7.3,7.1,1125,7.35,1125,0,156750
LT30Jan201420CE.NFO,07/01/2020,10:06:04,7.1,6.9,1125,7.25,1125,1125,156750
LT30Jan201420CE.NFO,07/01/2020,10:06:10,7.1,6.9,1125,7.15,750,0,156750
LT30Jan201420CE.NFO,07/01/2020,10:06:15,7.1,6.9,1125,7.2,375,0,156750
LT30Jan201420CE.NFO,07/01/2020,10:06:20,7.1,6.9,1125,7.3,375,0,156750
LT30Jan201420CE.NFO,07/01/2020,10:06:26,7.1,6.85,2625,7.1,750,0,156750
LT30Jan201420CE.NFO,07/01/2020,10:06:37,7.1,6.9,1125,7.1,1125,0,156750
LT30Jan201420CE.NFO,07/01/2020,10:06:43,7.1,6.85,375,7.1,1125,0,156750
LT30Jan201420CE.NFO,07/01/2020,10:06:48,7.1,6.8,1875,7.1,1125,0,156750
LT30Jan201420CE.NFO,07/01/2020,10:06:54,7.1,6.9,1125,7.15,375,0,156750
LT30Jan201420CE.NFO,07/01/2020,10:07:05,7.1,6.95,1125,7.25,1500,0,156750
LT30Jan201420CE.NFO,07/01/2020,10:07:11,7.1,7,1125,7.25,1500,0,156750
LT30Jan201420CE.NFO,07/01/2020,10:07:17,7.1,7,375,7.25,1500,0,156750
LT30Jan201420CE.NFO,07/01/2020,10:07:22,7.1,6.95,750,7.25,1500,0,156750
LT30Jan201420CE.NFO,07/01/2020,10:07:28,7.1,6.95,750,7.15,375,0,156750
LT30Jan201420CE.NFO,07/01/2020,10:07:33,7.1,6.9,750,7.1,1500,0,156750
LT30Jan201420CE.NFO,07/01/2020,10:07:38,7.1,6.9,750,7.1,375,0,156750
LT30Jan201420CE.NFO,07/01/2020,10:07:43,7.1,6.9,1125,7.1,375,0,156750
LT30Jan201420CE.NFO,07/01/2020,10:07:58,7.1,6.85,375,7.05,1125,0,156750
LT30Jan201420CE.NFO,07/01/2020,10:08:03,7.1,6.85,1125,7.1,375,0,156750
LT30Jan201420CE.NFO,07/01/2020,10:08:08,6.95,6.85,1125,7.1,750,375,156750
LT30Jan201420CE.NFO,07/01/2020,10:08:12,6.95,6.9,1125,7.1,750,375,156750
LT30Jan201420CE.NFO,07/01/2020,10:08:17,6.95,6.9,1125,7.15,750,0,156750
LT30Jan201420CE.NFO,07/01/2020,10:08:21,6.95,6.95,1500,7.2,1500,0,156750
LT30Jan201420CE.NFO,07/01/2020,10:08:26,6.95,7,375,7.15,1125,0,156750
LT30Jan201420CE.NFO,07/01/2020,10:08:31,6.95,7,750,7.2,2625,0,156750
LT30Jan201420CE.NFO,07/01/2020,10:08:36,6.95,7,750,7.2,1125,0,156750
LT30Jan201420CE.NFO,07/01/2020,10:09:02,6.95,7.05,750,7.25,2625,0,156750
LT30Jan201420CE.NFO,07/01/2020,10:09:07,6.95,7,750,7.25,2625,0,156750
LT30Jan201420CE.NFO,07/01/2020,10:09:59,6.95,7.05,375,7.25,2625,0,156750
LT30Jan201420CE.NFO,07/01/2020,10:10:05,6.95,7.05,750,7.25,2625,0,156750
LT30Jan201420CE.NFO,07/01/2020,10:10:09,6.95,7.05,750,7.25,2250,0,156750
LT30Jan201420CE.NFO,07/01/2020,10:10:49,6.95,7.05,750,7.25,1500,0,156750
LT30Jan201420CE.NFO,07/01/2020,10:11:20,7.25,7.05,750,7.25,375,750,156000
LT30Jan201420CE.NFO,07/01/2020,10:11:26,7.25,7.15,1125,7.4,1500,375,156000
LT30Jan201420CE.NFO,07/01/2020,10:11:31,7.25,7.15,1125,7.35,375,0,156000
LT30Jan201420CE.NFO,07/01/2020,10:11:36,7.25,7.2,1125,7.45,750,0,156000
LT30Jan201420CE.NFO,07/01/2020,10:11:42,7.25,7.25,750,7.45,375,0,156000
LT30Jan201420CE.NFO,07/01/2020,10:11:47,7.45,7.25,1500,7.5,375,375,156000
LT30Jan201420CE.NFO,07/01/2020,10:11:52,7.45,7.25,1500,7.5,375,0,156000
LT30Jan201420CE.NFO,07/01/2020,10:11:57,7.45,7.25,1500,7.45,750,0,156000
LT30Jan201420CE.NFO,07/01/2020,10:12:02,7.45,7.3,1500,7.55,1500,375,156000
LT30Jan201420CE.NFO,07/01/2020,10:12:14,7.45,7.35,375,7.55,1500,0,156000
LT30Jan201420CE.NFO,07/01/2020,10:12:24,7.45,7.3,1875,7.55,1500,0,156000
LT30Jan201420CE.NFO,07/01/2020,10:12:33,7.45,7.3,750,7.55,1500,0,156000
LT30Jan201420CE.NFO,07/01/2020,10:12:38,7.45,7.25,375,7.55,1500,0,156000
LT30Jan201420CE.NFO,07/01/2020,10:12:43,7.45,7.25,375,7.4,1125,0,156000
LT30Jan201420CE.NFO,07/01/2020,10:13:24,7.45,7.25,750,7.4,1125,0,156000
LT30Jan201420CE.NFO,07/01/2020,10:13:33,7.45,7.25,375,7.4,1125,0,156000
LT30Jan201420CE.NFO,07/01/2020,10:13:37,7.45,7.25,750,7.4,1125,0,156000
LT30Jan201420CE.NFO,07/01/2020,10:13:42,7.45,7.25,750,7.45,1500,0,156000
LT30Jan201420CE.NFO,07/01/2020,10:13:47,7.45,7.3,375,7.5,1500,0,156000
LT30Jan201420CE.NFO,07/01/2020,10:13:53,7.45,7.3,750,7.5,375,0,156000
LT30Jan201420CE.NFO,07/01/2020,10:14:02,7.45,7.35,1125,7.55,375,0,156000
LT30Jan201420CE.NFO,07/01/2020,10:14:07,7.45,7.35,1125,7.55,750,0,156000
LT30Jan201420CE.NFO,07/01/2020,10:14:34,7.45,7.3,1500,7.55,750,0,156000
LT30Jan201420CE.NFO,07/01/2020,10:14:48,7.45,7.45,375,7.55,375,0,156000
LT30Jan201420CE.NFO,07/01/2020,10:15:03,7.45,7.45,750,7.6,375,0,156000
LT30Jan201420CE.NFO,07/01/2020,10:15:13,7.45,7.45,750,7.6,1500,0,156000
LT30Jan201420CE.NFO,07/01/2020,10:15:33,7.45,7.45,375,7.65,2250,0,156000
LT30Jan201420CE.NFO,07/01/2020,10:15:37,7.45,7.45,750,7.65,2250,0,156000
LT30Jan201420CE.NFO,07/01/2020,10:15:43,7.45,7.45,375,7.65,2250,0,156000
LT30Jan201420CE.NFO,07/01/2020,10:15:48,7.45,7.5,1500,7.7,750,0,156000
LT30Jan201420CE.NFO,07/01/2020,10:15:55,7.45,7.5,375,7.7,1125,0,156000
LT30Jan201420CE.NFO,07/01/2020,10:16:00,7.45,7.45,375,7.7,1125,0,156000
LT30Jan201420CE.NFO,07/01/2020,10:16:04,7.5,7.45,375,7.7,1125,375,156000
LT30Jan201420CE.NFO,07/01/2020,10:16:09,7.5,7.45,375,7.7,1125,0,156000
LT30Jan201420CE.NFO,07/01/2020,10:16:14,7.5,7.5,375,7.7,1125,0,156000
LT30Jan201420CE.NFO,07/01/2020,10:16:18,7.5,7.45,1125,7.7,1125,0,156000
LT30Jan201420CE.NFO,07/01/2020,10:16:37,7.5,7.5,375,7.7,1125,0,156000
LT30Jan201420CE.NFO,07/01/2020,10:17:34,7.5,7.55,1125,7.75,375,0,156000
LT30Jan201420CE.NFO,07/01/2020,10:17:44,7.5,7.55,375,7.75,375,0,156000
LT30Jan201420CE.NFO,07/01/2020,10:17:49,7.5,7.5,1125,7.7,750,0,156000
LT30Jan201420CE.NFO,07/01/2020,10:17:59,7.5,7.55,1125,7.75,375,0,156000
LT30Jan201420CE.NFO,07/01/2020,10:18:04,7.5,7.7,375,7.75,750,0,156000
LT30Jan201420CE.NFO,07/01/2020,10:18:08,7.8,7.6,1500,7.8,375,375,156000
LT30Jan201420CE.NFO,07/01/2020,10:18:12,7.8,7.6,1875,7.8,750,0,156000
LT30Jan201420CE.NFO,07/01/2020,10:18:16,7.8,7.65,375,7.8,750,0,156000
LT30Jan201420CE.NFO,07/01/2020,10:18:20,7.8,7.6,1875,7.8,750,0,156000
LT30Jan201420CE.NFO,07/01/2020,10:18:24,7.8,7.65,375,7.8,750,0,156000
LT30Jan201420CE.NFO,07/01/2020,10:18:28,7.8,7.65,375,7.8,1125,0,156000
LT30Jan201420CE.NFO,07/01/2020,10:18:32,7.8,7.65,375,7.8,750,0,156000
LT30Jan201420CE.NFO,07/01/2020,10:18:37,7.8,7.6,1125,7.8,750,0,156000
LT30Jan201420CE.NFO,07/01/2020,10:18:43,7.8,7.6,375,7.8,1125,0,156000
LT30Jan201420CE.NFO,07/01/2020,10:18:49,7.8,7.5,750,7.7,1125,0,156000
LT30Jan201420CE.NFO,07/01/2020,10:18:53,7.8,7.45,1125,7.7,1125,0,156000
LT30Jan201420CE.NFO,07/01/2020,10:19:07,7.8,7.45,375,7.6,375,0,156000
LT30Jan201420CE.NFO,07/01/2020,10:19:17,7.45,7.3,1875,7.55,1125,375,156000
LT30Jan201420CE.NFO,07/01/2020,10:19:21,7.45,7.35,375,7.55,1125,0,156000
LT30Jan201420CE.NFO,07/01/2020,10:19:26,7.45,7.35,750,7.55,1125,0,156000
LT30Jan201420CE.NFO,07/01/2020,10:19:30,7.45,7.4,750,7.65,375,0,156000
LT30Jan201420CE.NFO,07/01/2020,10:19:33,7.45,7.4,750,7.6,1125,0,156000
LT30Jan201420CE.NFO,07/01/2020,10:19:36,7.45,7.4,375,7.6,1125,0,156000
LT30Jan201420CE.NFO,07/01/2020,10:19:47,7.45,7.35,375,7.6,1125,0,156000
LT30Jan201420CE.NFO,07/01/2020,10:19:51,7.45,7.4,375,7.6,1125,0,156000
LT30Jan201420CE.NFO,07/01/2020,10:19:56,7.45,7.4,1125,7.6,750,0,156000
LT30Jan201420CE.NFO,07/01/2020,10:20:04,7.45,7.45,750,7.65,375,0,156000
LT30Jan201420CE.NFO,07/01/2020,10:20:08,7.45,7.45,375,7.65,375,0,156000
LT30Jan201420CE.NFO,07/01/2020,10:20:47,7.45,7.5,1500,7.75,375,0,156000
LT30Jan201420CE.NFO,07/01/2020,10:20:51,7.45,7.5,1875,7.75,375,0,156000
LT30Jan201420CE.NFO,07/01/2020,10:20:55,7.45,7.6,375,7.75,375,0,156000
LT30Jan201420CE.NFO,07/01/2020,10:20:58,7.45,7.6,375,7.8,375,0,156000
LT30Jan201420CE.NFO,07/01/2020,10:21:02,7.45,7.6,750,7.8,375,0,156000
LT30Jan201420CE.NFO,07/01/2020,10:21:06,7.8,7.7,750,7.9,375,375,156000
LT30Jan201420CE.NFO,07/01/2020,10:21:10,7.8,7.65,1125,7.85,750,0,156000
LT30Jan201420CE.NFO,07/01/2020,10:21:35,7.8,7.7,750,7.9,375,0,156000
LT30Jan201420CE.NFO,07/01/2020,10:21:53,7.8,7.7,375,7.9,375,0,156000
LT30Jan201420CE.NFO,07/01/2020,10:22:03,7.8,7.7,1125,7.85,375,0,156000
LT30Jan201420CE.NFO,07/01/2020,10:22:10,7.8,7.65,375,7.85,750,0,156000
LT30Jan201420CE.NFO,07/01/2020,10:22:38,7.8,7.6,1500,7.85,750,0,156000
LT30Jan201420CE.NFO,07/01/2020,10:22:42,7.8,7.6,750,7.75,375,0,156000
LT30Jan201420CE.NFO,07/01/2020,10:22:48,7.8,7.5,1875,7.75,1125,0,156000
LT30Jan201420CE.NFO,07/01/2020,10:22:53,7.8,7.55,1125,7.75,1125,0,156000
LT30Jan201420CE.NFO,07/01/2020,10:22:58,7.8,7.55,750,7.75,1125,0,156000
LT30Jan201420CE.NFO,07/01/2020,10:23:03,7.8,7.6,750,7.8,750,0,156000
LT30Jan201420CE.NFO,07/01/2020,10:23:08,7.8,7.65,750,7.85,750,0,156000
LT30Jan201420CE.NFO,07/01/2020,10:23:12,7.8,7.7,750,7.85,375,0,156000
LT30Jan201420CE.NFO,07/01/2020,10:23:17,7.8,7.65,375,7.85,375,0,156000
LT30Jan201420CE.NFO,07/01/2020,10:23:21,7.8,7.6,1500,7.85,375,0,156000
LT30Jan201420CE.NFO,07/01/2020,10:23:24,7.8,7.6,1125,7.85,375,0,156000
LT30Jan201420CE.NFO,07/01/2020,10:23:28,7.8,7.65,375,7.85,750,0,156000
LT30Jan201420CE.NFO,07/01/2020,10:24:46,7.8,7.65,1125,7.85,750,0,156000
LT30Jan201420CE.NFO,07/01/2020,10:24:52,7.8,7.65,750,7.85,750,0,156000
LT30Jan201420CE.NFO,07/01/2020,10:24:58,7.8,7.6,750,7.85,750,0,156000
LT30Jan201420CE.NFO,07/01/2020,10:25:05,7.8,7.6,1125,7.85,750,0,156000
LT30Jan201420CE.NFO,07/01/2020,10:25:08,7.8,7.6,750,7.85,750,0,156000
LT30Jan201420CE.NFO,07/01/2020,10:25:11,7.8,7.6,1125,7.85,750,0,156000
LT30Jan201420CE.NFO,07/01/2020,10:25:29,7.8,7.6,750,7.85,1875,0,156000
LT30Jan201420CE.NFO,07/01/2020,10:25:33,7.8,7.55,1875,7.75,750,0,156000
LT30Jan201420CE.NFO,07/01/2020,10:25:49,7.8,7.55,750,7.75,1125,0,156000
LT30Jan201420CE.NFO,07/01/2020,10:25:59,7.8,7.55,375,7.75,1125,0,156000
LT30Jan201420CE.NFO,07/01/2020,10:26:02,7.8,7.55,750,7.75,1125,0,156000
LT30Jan201420CE.NFO,07/01/2020,10:26:16,7.8,7.55,1125,7.75,1125,0,156000
LT30Jan201420CE.NFO,07/01/2020,10:26:27,7.8,7.6,375,7.75,1125,0,156000
LT30Jan201420CE.NFO,07/01/2020,10:26:33,7.8,7.55,1125,7.75,1125,0,156000
LT30Jan201420CE.NFO,07/01/2020,10:26:58,7.8,7.55,375,7.75,1125,0,156000
LT30Jan201420CE.NFO,07/01/2020,10:27:15,7.8,7.5,1125,7.75,1125,0,156000
LT30Jan201420CE.NFO,07/01/2020,10:27:22,7.8,7.55,375,7.75,1125,0,156000
LT30Jan201420CE.NFO,07/01/2020,10:27:25,7.8,7.5,1125,7.75,1125,0,156000
LT30Jan201420CE.NFO,07/01/2020,10:27:33,7.8,7.55,1500,7.75,1125,0,156000
LT30Jan201420CE.NFO,07/01/2020,10:27:39,7.8,7.6,1500,7.8,750,0,156000
LT30Jan201420CE.NFO,07/01/2020,10:27:43,7.8,7.6,1500,7.8,1500,0,156000
LT30Jan201420CE.NFO,07/01/2020,10:27:50,7.8,7.5,1125,7.8,1875,0,156000
LT30Jan201420CE.NFO,07/01/2020,10:27:57,7.8,7.45,1500,7.7,750,0,156000
LT30Jan201420CE.NFO,07/01/2020,10:28:00,7.8,7.5,375,7.7,1125,0,156000
LT30Jan201420CE.NFO,07/01/2020,10:28:15,7.8,7.5,2250,7.7,1125,0,156000
LT30Jan201420CE.NFO,07/01/2020,10:28:29,7.8,7.5,1875,7.7,1125,0,156000
LT30Jan201420CE.NFO,07/01/2020,10:28:33,7.8,7.55,750,7.7,750,0,156000
LT30Jan201420CE.NFO,07/01/2020,10:28:46,7.8,7.55,375,7.7,750,0,156000
LT30Jan201420CE.NFO,07/01/2020,10:28:50,7.8,7.55,750,7.7,750,0,156000
LT30Jan201420CE.NFO,07/01/2020,10:29:02,7.8,7.5,2250,7.7,750,0,156000
LT30Jan201420CE.NFO,07/01/2020,10:29:20,7.8,7.45,1875,7.7,1125,0,156000
LT30Jan201420CE.NFO,07/01/2020,10:29:37,7.8,7.45,1875,7.7,750,0,156000
LT30Jan201420CE.NFO,07/01/2020,10:29:46,7.8,7.5,1500,7.7,750,0,156000
LT30Jan201420CE.NFO,07/01/2020,10:29:55,7.8,7.55,750,7.8,1125,0,156000
LT30Jan201420CE.NFO,07/01/2020,10:29:58,7.8,7.6,750,7.8,1125,0,156000
LT30Jan201420CE.NFO,07/01/2020,10:30:08,7.8,7.6,1500,7.8,1125,0,156000
LT30Jan201420CE.NFO,07/01/2020,10:30:10,7.8,7.6,1125,7.8,1125,0,156000
LT30Jan201420CE.NFO,07/01/2020,10:30:12,7.8,7.65,375,7.85,750,0,156000
LT30Jan201420CE.NFO,07/01/2020,10:30:15,7.8,7.65,1125,7.85,750,0,156000
LT30Jan201420CE.NFO,07/01/2020,10:30:24,7.65,7.65,750,7.85,750,375,155625
LT30Jan201420CE.NFO,07/01/2020,10:30:26,7.65,7.65,750,7.85,750,0,155625
LT30Jan201420CE.NFO,07/01/2020,10:30:40,7.65,7.6,1125,7.85,750,0,155625
LT30Jan201420CE.NFO,07/01/2020,10:30:46,7.65,7.55,1125,7.75,750,0,155625
LT30Jan201420CE.NFO,07/01/2020,10:31:25,7.65,7.55,1125,7.75,1125,0,155625
LT30Jan201420CE.NFO,07/01/2020,10:32:32,7.65,7.5,1875,7.75,1125,0,155625
LT30Jan201420CE.NFO,07/01/2020,10:32:59,7.65,7.5,1875,7.65,750,0,155625
LT30Jan201420CE.NFO,07/01/2020,10:33:02,7.65,7.45,750,7.65,750,0,155625
LT30Jan201420CE.NFO,07/01/2020,10:33:14,7.65,7.35,750,7.65,1125,0,155625
LT30Jan201420CE.NFO,07/01/2020,10:33:24,7.65,7.35,750,7.65,750,0,155625
LT30Jan201420CE.NFO,07/01/2020,10:33:30,7.65,7.5,1125,7.65,750,0,155625
LT30Jan201420CE.NFO,07/01/2020,10:33:36,7.65,7.45,1875,7.65,1125,0,155625
LT30Jan201420CE.NFO,07/01/2020,10:34:10,7.65,7.45,750,7.65,1125,0,155625
LT30Jan201420CE.NFO,07/01/2020,10:34:14,7.65,7.4,1500,7.65,1125,0,155625
LT30Jan201420CE.NFO,07/01/2020,10:34:18,7.65,7.4,1500,7.75,3000,1125,155625
LT30Jan201420CE.NFO,07/01/2020,10:34:31,7.65,7.4,1500,7.75,3000,0,155625
LT30Jan201420CE.NFO,07/01/2020,10:34:43,7.65,7.5,1875,7.75,4125,0,155625
LT30Jan201420CE.NFO,07/01/2020,10:35:13,7.65,7.5,2625,7.8,1125,0,155625
LT30Jan201420CE.NFO,07/01/2020,10:35:54,7.65,7.5,1500,7.8,1125,0,155625
LT30Jan201420CE.NFO,07/01/2020,10:36:23,7.65,7.55,1875,7.8,1125,0,155625
LT30Jan201420CE.NFO,07/01/2020,10:36:26,7.65,7.55,1500,7.8,1125,0,155625
LT30Jan201420CE.NFO,07/01/2020,10:36:42,7.65,7.55,750,7.8,1125,0,155625
LT30Jan201420CE.NFO,07/01/2020,10:37:00,7.65,7.5,2625,7.75,1875,0,155625
LT30Jan201420CE.NFO,07/01/2020,10:37:14,7.65,7.5,1500,7.75,1875,0,155625
LT30Jan201420CE.NFO,07/01/2020,10:37:56,7.65,7.5,1500,7.75,750,0,155625
LT30Jan201420CE.NFO,07/01/2020,10:38:00,7.65,7.5,1500,7.85,3750,0,155625
LT30Jan201420CE.NFO,07/01/2020,10:38:04,7.65,7.5,1500,7.85,375,0,155625
LT30Jan201420CE.NFO,07/01/2020,10:38:27,7.65,7.6,1875,7.85,1500,0,155625
LT30Jan201420CE.NFO,07/01/2020,10:38:31,7.65,7.6,2625,7.85,1500,0,155625
LT30Jan201420CE.NFO,07/01/2020,10:38:51,7.65,7.6,1500,7.85,1500,0,155625
LT30Jan201420CE.NFO,07/01/2020,10:38:54,7.65,7.6,750,7.85,1500,0,155625
LT30Jan201420CE.NFO,07/01/2020,10:39:10,7.65,7.6,750,7.8,1125,0,155625
LT30Jan201420CE.NFO,07/01/2020,10:39:13,7.65,7.55,750,7.8,2250,0,155625
LT30Jan201420CE.NFO,07/01/2020,10:39:25,7.7,7.6,1500,7.8,1875,375,156000
LT30Jan201420CE.NFO,07/01/2020,10:39:28,7.7,7.6,1500,7.8,1875,0,156000
LT30Jan201420CE.NFO,07/01/2020,10:39:30,7.7,7.55,750,7.8,1125,0,156000
LT30Jan201420CE.NFO,07/01/2020,10:39:36,7.7,7.5,1500,7.75,1875,0,156000
LT30Jan201420CE.NFO,07/01/2020,10:39:42,7.7,7.55,1500,7.75,1875,0,156000
LT30Jan201420CE.NFO,07/01/2020,10:39:53,7.7,7.55,375,7.75,1875,0,156000
LT30Jan201420CE.NFO,07/01/2020,10:40:13,7.7,7.55,375,7.7,375,0,156000
LT30Jan201420CE.NFO,07/01/2020,10:40:22,7.6,7.55,375,7.7,1125,375,156000
LT30Jan201420CE.NFO,07/01/2020,10:40:55,7.6,7.5,1500,7.7,1500,0,156000
LT30Jan201420CE.NFO,07/01/2020,10:41:16,7.6,7.5,1500,7.7,1125,0,156000
LT30Jan201420CE.NFO,07/01/2020,10:41:25,7.6,7.5,1500,7.8,1125,0,156000
LT30Jan201420CE.NFO,07/01/2020,10:43:58,7.6,7.45,750,7.75,1875,0,156000
LT30Jan201420CE.NFO,07/01/2020,10:44:01,7.6,7.5,1500,7.8,1125,0,156000
LT30Jan201420CE.NFO,07/01/2020,10:45:11,7.6,7.5,750,7.7,375,0,156000
LT30Jan201420CE.NFO,07/01/2020,10:46:11,7.6,7.45,750,7.7,1500,0,156000
LT30Jan201420CE.NFO,07/01/2020,10:46:20,7.6,7.5,1500,7.7,1500,0,156000
LT30Jan201420CE.NFO,07/01/2020,10:46:23,7.6,7.55,750,7.7,1500,0,156000
LT30Jan201420CE.NFO,07/01/2020,10:46:48,7.6,7.55,750,7.7,1125,0,156000
LT30Jan201420CE.NFO,07/01/2020,10:47:06,7.6,7.55,375,7.7,375,750,155625
LT30Jan201420CE.NFO,07/01/2020,10:47:09,7.6,7.55,375,7.75,1125,0,155625
LT30Jan201420CE.NFO,07/01/2020,10:48:07,7.7,7.65,375,7.8,3000,1125,156375
LT30Jan201420CE.NFO,07/01/2020,10:48:11,7.7,7.55,1125,7.8,3000,0,156375
LT30Jan201420CE.NFO,07/01/2020,10:48:27,7.7,7.55,750,7.8,3000,0,156375
LT30Jan201420CE.NFO,07/01/2020,10:48:31,7.7,7.45,750,7.8,3000,0,156375
LT30Jan201420CE.NFO,07/01/2020,10:49:08,7.7,7.45,750,7.7,750,0,156375
LT30Jan201420CE.NFO,07/01/2020,10:49:15,7.7,7.35,750,7.7,1875,0,156375
LT30Jan201420CE.NFO,07/01/2020,10:49:55,7.7,7.35,750,7.6,750,0,156375
LT30Jan201420CE.NFO,07/01/2020,10:50:00,7.7,7.25,750,7.5,750,0,156375
LT30Jan201420CE.NFO,07/01/2020,10:50:06,7.7,7.15,750,7.4,750,0,156375
LT30Jan201420CE.NFO,07/01/2020,10:50:11,7.7,7.2,1500,7.45,3375,0,156375
LT30Jan201420CE.NFO,07/01/2020,10:50:55,7.7,7.2,1500,7.35,375,0,156375
LT30Jan201420CE.NFO,07/01/2020,10:51:02,7.7,7.15,750,7.35,375,0,156375
LT30Jan201420CE.NFO,07/01/2020,10:51:05,7.15,7.15,375,7.35,1500,375,156375
LT30Jan201420CE.NFO,07/01/2020,10:51:08,7.15,7.15,375,7.35,1500,0,156375
LT30Jan201420CE.NFO,07/01/2020,10:51:14,7.15,7.1,750,7.35,1500,375,156375
LT30Jan201420CE.NFO,07/01/2020,10:51:21,7.15,7.1,750,7.35,1500,0,156375
LT30Jan201420CE.NFO,07/01/2020,10:51:29,7.15,7.2,750,7.35,1500,0,156375
LT30Jan201420CE.NFO,07/01/2020,10:51:39,7.15,7.2,750,7.4,1125,0,156375
LT30Jan201420CE.NFO,07/01/2020,10:52:02,7.15,7.15,2625,7.35,1875,0,156375
LT30Jan201420CE.NFO,07/01/2020,10:52:05,7.15,7.05,2250,7.35,1875,375,156375
LT30Jan201420CE.NFO,07/01/2020,10:52:10,7.15,7.05,2250,7.35,1875,0,156375
LT30Jan201420CE.NFO,07/01/2020,10:52:17,7.15,7.05,1125,7.35,1875,0,156375
LT30Jan201420CE.NFO,07/01/2020,10:52:29,7.15,7,1875,7.25,1875,0,156375
LT30Jan201420CE.NFO,07/01/2020,10:52:37,6.9,6.9,1500,7.2,1125,375,156375
LT30Jan201420CE.NFO,07/01/2020,10:52:41,6.9,6.9,1500,7.2,1125,0,156375
LT30Jan201420CE.NFO,07/01/2020,10:52:46,6.9,6.95,750,7.2,1125,0,156375
LT30Jan201420CE.NFO,07/01/2020,10:52:58,6.9,6.9,1500,7.15,1875,0,156375
LT30Jan201420CE.NFO,07/01/2020,10:53:04,6.9,6.9,1500,7.2,1125,0,156375
LT30Jan201420CE.NFO,07/01/2020,10:53:14,6.9,6.95,1125,7.2,1125,0,156375
LT30Jan201420CE.NFO,07/01/2020,10:53:21,6.9,6.9,1500,7.15,1875,0,156375
LT30Jan201420CE.NFO,07/01/2020,10:53:41,6.9,6.9,1500,7.2,1125,0,156375
LT30Jan201420CE.NFO,07/01/2020,10:53:52,6.9,6.95,1125,7.15,1875,0,156375
LT30Jan201420CE.NFO,07/01/2020,10:54:26,6.9,6.95,1125,7.15,1500,0,156375
LT30Jan201420CE.NFO,07/01/2020,10:54:38,6.9,7,750,7.2,1125,0,156375
LT30Jan201420CE.NFO,07/01/2020,10:54:49,6.9,7.05,1125,7.2,1125,0,156375
LT30Jan201420CE.NFO,07/01/2020,10:54:54,6.9,7.05,2625,7.25,1875,0,156375
LT30Jan201420CE.NFO,07/01/2020,10:54:59,6.9,7.05,1125,7.25,1875,0,156375
LT30Jan201420CE.NFO,07/01/2020,10:55:04,6.9,7,3000,7.25,1875,0,156375
LT30Jan201420CE.NFO,07/01/2020,10:55:14,6.9,7,3000,7.35,1875,0,156375
LT30Jan201420CE.NFO,07/01/2020,10:55:18,6.9,7,1875,7.25,1125,0,156375
LT30Jan201420CE.NFO,07/01/2020,10:55:30,6.9,6.95,1125,7.25,2250,0,156375
LT30Jan201420CE.NFO,07/01/2020,10:56:15,6.9,6.95,1125,7.15,750,0,156375
LT30Jan201420CE.NFO,07/01/2020,10:56:19,6.9,7,1875,7.2,1125,0,156375
LT30Jan201420CE.NFO,07/01/2020,10:56:23,6.9,6.95,2250,7.15,2250,0,156375
LT30Jan201420CE.NFO,07/01/2020,10:56:31,6.9,6.95,1125,7.15,2250,0,156375
LT30Jan201420CE.NFO,07/01/2020,10:56:41,6.9,7,1875,7.2,1125,0,156375
LT30Jan201420CE.NFO,07/01/2020,10:56:55,6.9,6.95,1125,7.15,750,0,156375
LT30Jan201420CE.NFO,07/01/2020,10:57:24,6.9,6.9,1500,7.15,1875,0,156375
LT30Jan201420CE.NFO,07/01/2020,10:57:32,6.9,6.9,375,7,375,0,156375
LT30Jan201420CE.NFO,07/01/2020,10:57:39,6.95,6.9,1500,7,375,375,156000
LT30Jan201420CE.NFO,07/01/2020,10:57:45,6.95,6.9,375,7,375,0,156000
LT30Jan201420CE.NFO,07/01/2020,10:57:51,6.9,6.85,2250,7,375,375,156000
LT30Jan201420CE.NFO,07/01/2020,10:57:57,6.9,6.85,1125,7,375,0,156000
LT30Jan201420CE.NFO,07/01/2020,10:58:09,6.9,6.8,2250,6.95,375,0,156000
LT30Jan201420CE.NFO,07/01/2020,10:58:16,6.9,6.8,375,6.95,1500,0,156000
LT30Jan201420CE.NFO,07/01/2020,10:58:36,6.9,6.85,750,7,1500,0,156000
LT30Jan201420CE.NFO,07/01/2020,10:58:47,6.9,6.85,1125,7,375,0,156000
LT30Jan201420CE.NFO,07/01/2020,10:58:54,6.9,6.85,2250,7.05,1125,0,156000
LT30Jan201420CE.NFO,07/01/2020,10:59:07,6.9,6.85,750,7,1125,375,156000
LT30Jan201420CE.NFO,07/01/2020,10:59:13,6.9,6.85,1125,7.05,1125,0,156000
LT30Jan201420CE.NFO,07/01/2020,10:59:25,6.9,6.85,750,7.05,1125,0,156000
LT30Jan201420CE.NFO,07/01/2020,10:59:37,6.9,6.95,375,7.1,1125,0,156000
LT30Jan201420CE.NFO,07/01/2020,10:59:43,6.9,6.85,375,7.05,1875,0,156000
LT30Jan201420CE.NFO,07/01/2020,10:59:54,6.9,6.85,1500,7,375,0,156000
LT30Jan201420CE.NFO,07/01/2020,11:00:00,7,6.95,750,7.1,1125,375,156375
LT30Jan201420CE.NFO,07/01/2020,11:00:07,7,6.9,375,7.1,1875,0,156375
LT30Jan201420CE.NFO,07/01/2020,11:00:14,7,6.9,750,7.1,1875,0,156375
LT30Jan201420CE.NFO,07/01/2020,11:00:28,7,6.9,375,7.1,1875,0,156375
LT30Jan201420CE.NFO,07/01/2020,11:00:35,6.9,6.8,2625,7.1,1875,375,156375
LT30Jan201420CE.NFO,07/01/2020,11:00:42,6.9,6.85,375,7.1,1875,0,156375
LT30Jan201420CE.NFO,07/01/2020,11:00:55,6.9,6.9,375,7.1,1875,0,156375
LT30Jan201420CE.NFO,07/01/2020,11:01:02,6.9,6.8,1500,7,1125,0,156375
LT30Jan201420CE.NFO,07/01/2020,11:01:17,6.8,6.75,1125,7,2250,375,156375
LT30Jan201420CE.NFO,07/01/2020,11:01:25,6.8,6.7,1875,6.9,2250,0,156375
LT30Jan201420CE.NFO,07/01/2020,11:01:32,6.8,6.65,1125,6.9,2250,0,156375
LT30Jan201420CE.NFO,07/01/2020,11:01:40,6.8,6.65,1125,6.85,1875,0,156375
LT30Jan201420CE.NFO,07/01/2020,11:01:48,6.8,6.7,1125,6.9,750,375,156375
LT30Jan201420CE.NFO,07/01/2020,11:01:56,6.8,6.7,2625,6.95,1125,0,156375
LT30Jan201420CE.NFO,07/01/2020,11:02:10,6.8,6.8,1125,7.1,1875,0,156375
LT30Jan201420CE.NFO,07/01/2020,11:02:17,6.8,6.8,2250,7.1,1125,0,156375
LT30Jan201420CE.NFO,07/01/2020,11:02:48,6.8,6.75,1125,6.95,375,0,156375
LT30Jan201420CE.NFO,07/01/2020,11:02:55,6.8,6.8,750,7,2250,0,156375
LT30Jan201420CE.NFO,07/01/2020,11:03:01,6.8,6.8,750,7,1125,0,156375
LT30Jan201420CE.NFO,07/01/2020,11:03:08,6.8,6.7,2625,6.95,1875,0,156375
LT30Jan201420CE.NFO,07/01/2020,11:03:15,6.8,6.7,2250,6.95,1875,0,156375
LT30Jan201420CE.NFO,07/01/2020,11:03:22,6.8,6.7,2250,7,1125,0,156375
LT30Jan201420CE.NFO,07/01/2020,11:03:41,6.8,6.65,1125,6.95,2250,0,156375
LT30Jan201420CE.NFO,07/01/2020,11:04:03,6.8,6.7,2250,7,1125,0,156375
LT30Jan201420CE.NFO,07/01/2020,11:04:35,6.8,6.65,1125,6.85,750,0,156375
LT30Jan201420CE.NFO,07/01/2020,11:04:49,6.8,6.7,750,6.9,1125,0,156375
LT30Jan201420CE.NFO,07/01/2020,11:04:56,6.8,6.65,1125,6.85,1875,0,156375
LT30Jan201420CE.NFO,07/01/2020,11:05:10,6.8,6.55,1125,6.85,1875,0,156375
LT30Jan201420CE.NFO,07/01/2020,11:05:37,6.8,6.6,2250,6.9,1125,0,156375
LT30Jan201420CE.NFO,07/01/2020,11:05:58,6.8,6.6,2250,7,1125,0,156375
LT30Jan201420CE.NFO,07/01/2020,11:06:05,6.8,6.6,4500,7,1125,0,156375
LT30Jan201420CE.NFO,07/01/2020,11:06:25,6.8,6.7,1125,7,1125,0,156375
LT30Jan201420CE.NFO,07/01/2020,11:06:46,6.8,6.65,1125,6.95,2250,0,156375
LT30Jan201420CE.NFO,07/01/2020,11:07:12,6.8,6.6,2250,6.95,2250,0,156375
LT30Jan201420CE.NFO,07/01/2020,11:07:27,6.8,6.7,750,6.95,2250,0,156375
LT30Jan201420CE.NFO,07/01/2020,11:07:32,6.8,6.8,1125,7,1125,0,156375
LT30Jan201420CE.NFO,07/01/2020,11:07:44,6.8,6.85,375,7,1125,0,156375
LT30Jan201420CE.NFO,07/01/2020,11:08:24,6.8,6.85,375,7.05,2250,0,156375
LT30Jan201420CE.NFO,07/01/2020,11:08:35,7.05,6.9,375,7.1,1125,1125,156000
LT30Jan201420CE.NFO,07/01/2020,11:08:45,7.05,6.85,1500,7.05,1875,0,156000
LT30Jan201420CE.NFO,07/01/2020,11:08:59,7.05,6.9,375,7.05,1875,0,156000
LT30Jan201420CE.NFO,07/01/2020,11:09:04,7.05,6.85,375,7.05,1875,0,156000
LT30Jan201420CE.NFO,07/01/2020,11:09:24,6.85,6.7,2250,6.9,750,375,156000
LT30Jan201420CE.NFO,07/01/2020,11:09:29,6.85,6.6,3750,6.9,1875,0,156000
LT30Jan201420CE.NFO,07/01/2020,11:09:33,6.85,6.55,2625,6.8,1125,0,156000
LT30Jan201420CE.NFO,07/01/2020,11:09:37,6.85,6.5,3750,6.8,2250,0,156000
LT30Jan201420CE.NFO,07/01/2020,11:09:42,6.85,6.5,2250,6.8,2250,0,156000
LT30Jan201420CE.NFO,07/01/2020,11:09:47,6.6,6.4,2250,6.7,1875,375,156000
LT30Jan201420CE.NFO,07/01/2020,11:09:50,6.6,6.4,2250,6.7,1875,0,156000
LT30Jan201420CE.NFO,07/01/2020,11:09:58,6.6,6.4,2250,6.65,1875,0,156000
LT30Jan201420CE.NFO,07/01/2020,11:10:07,6.6,6.4,1125,6.65,1875,0,156000
LT30Jan201420CE.NFO,07/01/2020,11:10:21,6.4,6.25,1125,6.55,2250,750,156000
LT30Jan201420CE.NFO,07/01/2020,11:10:26,6.4,6.25,2250,6.55,2250,0,156000
LT30Jan201420CE.NFO,07/01/2020,11:10:31,6.4,6.3,2250,6.55,2250,0,156000
LT30Jan201420CE.NFO,07/01/2020,11:10:35,6.4,6.3,1500,6.55,2250,0,156000
LT30Jan201420CE.NFO,07/01/2020,11:10:43,6.5,6.4,1875,6.6,1125,375,156000
LT30Jan201420CE.NFO,07/01/2020,11:10:47,6.5,6.4,1500,6.6,1125,0,156000
LT30Jan201420CE.NFO,07/01/2020,11:11:02,6.5,6.35,2250,6.55,2250,0,156000
LT30Jan201420CE.NFO,07/01/2020,11:11:08,6.5,6.3,1500,6.55,2250,0,156000
LT30Jan201420CE.NFO,07/01/2020,11:11:13,6.5,6.3,1125,6.55,2250,0,156000
LT30Jan201420CE.NFO,07/01/2020,11:11:20,6.5,6.4,2250,6.6,1125,0,156000
LT30Jan201420CE.NFO,07/01/2020,11:11:26,6.5,6.35,2250,6.55,1875,0,156000
LT30Jan201420CE.NFO,07/01/2020,11:11:34,6.5,6.3,1500,6.55,1875,0,156000
LT30Jan201420CE.NFO,07/01/2020,11:11:41,6.5,6.35,750,6.55,1875,0,156000
LT30Jan201420CE.NFO,07/01/2020,11:11:47,6.5,6.4,1875,6.6,1125,0,156000
LT30Jan201420CE.NFO,07/01/2020,11:12:00,6.5,6.2,1125,6.5,2625,0,156000
LT30Jan201420CE.NFO,07/01/2020,11:12:09,6.5,6.2,2250,6.5,2250,0,156000
LT30Jan201420CE.NFO,07/01/2020,11:12:16,6.5,6.25,2625,6.5,2250,0,156000
LT30Jan201420CE.NFO,07/01/2020,11:12:23,6.5,6.3,2625,6.55,750,0,156000
LT30Jan201420CE.NFO,07/01/2020,11:12:30,6.5,6.4,1875,6.65,1125,0,156000
LT30Jan201420CE.NFO,07/01/2020,11:12:37,6.5,6.45,750,6.65,2250,750,156375
LT30Jan201420CE.NFO,07/01/2020,11:12:42,6.5,6.45,750,6.65,2250,0,156375
LT30Jan201420CE.NFO,07/01/2020,11:13:03,6.5,6.4,750,6.65,2250,0,156375
LT30Jan201420CE.NFO,07/01/2020,11:13:08,6.5,6.4,750,6.6,1875,0,156375
LT30Jan201420CE.NFO,07/01/2020,11:13:20,6.5,6.4,750,6.6,1125,0,156375
LT30Jan201420CE.NFO,07/01/2020,11:13:26,6.5,6.4,750,6.6,1500,0,156375
LT30Jan201420CE.NFO,07/01/2020,11:13:31,6.5,6.3,1500,6.55,375,0,156375
LT30Jan201420CE.NFO,07/01/2020,11:13:37,6.5,6.4,1125,6.6,1125,0,156375
LT30Jan201420CE.NFO,07/01/2020,11:13:49,6.5,6.4,1500,6.6,1125,0,156375
LT30Jan201420CE.NFO,07/01/2020,11:14:00,6.5,6.45,1125,6.6,1125,0,156375
LT30Jan201420CE.NFO,07/01/2020,11:14:05,6.5,6.45,1500,6.65,2250,0,156375
LT30Jan201420CE.NFO,07/01/2020,11:14:11,6.5,6.5,375,6.65,2250,0,156375
LT30Jan201420CE.NFO,07/01/2020,11:14:18,6.5,6.45,2625,6.65,2250,0,156375
LT30Jan201420CE.NFO,07/01/2020,11:14:23,6.5,6.5,1125,6.7,1875,0,156375
LT30Jan201420CE.NFO,07/01/2020,11:14:34,6.5,6.5,1125,6.7,2250,0,156375
LT30Jan201420CE.NFO,07/01/2020,11:14:43,6.5,6.45,2625,6.7,2250,0,156375
LT30Jan201420CE.NFO,07/01/2020,11:14:49,6.5,6.5,750,6.7,2250,0,156375
LT30Jan201420CE.NFO,07/01/2020,11:14:54,6.5,6.45,1500,6.7,2250,0,156375
LT30Jan201420CE.NFO,07/01/2020,11:15:00,6.5,6.45,1125,6.7,2250,0,156375
LT30Jan201420CE.NFO,07/01/2020,11:15:18,6.7,6.5,1125,6.7,1875,375,157125
LT30Jan201420CE.NFO,07/01/2020,11:15:23,6.7,6.5,1125,6.7,1875,0,157125
LT30Jan201420CE.NFO,07/01/2020,11:15:28,6.7,6.5,1125,6.7,1500,0,157125
LT30Jan201420CE.NFO,07/01/2020,11:15:44,6.7,6.5,750,6.7,1500,0,157125
LT30Jan201420CE.NFO,07/01/2020,11:15:50,6.7,6.5,1125,6.7,1500,0,157125
LT30Jan201420CE.NFO,07/01/2020,11:16:00,6.7,6.45,1125,6.65,375,0,157125
LT30Jan201420CE.NFO,07/01/2020,11:16:13,6.7,6.45,750,6.65,1500,0,157125
LT30Jan201420CE.NFO,07/01/2020,11:16:26,6.7,6.5,375,6.65,1500,0,157125
LT30Jan201420CE.NFO,07/01/2020,11:16:32,6.7,6.5,750,6.65,1500,0,157125
LT30Jan201420CE.NFO,07/01/2020,11:16:48,6.7,6.45,1875,6.65,1500,0,157125
LT30Jan201420CE.NFO,07/01/2020,11:17:01,6.7,6.5,750,6.65,1500,0,157125
LT30Jan201420CE.NFO,07/01/2020,11:17:35,6.7,6.55,750,6.7,750,0,157125
LT30Jan201420CE.NFO,07/01/2020,11:17:42,6.7,6.6,375,6.7,750,0,157125
LT30Jan201420CE.NFO,07/01/2020,11:17:52,6.7,6.6,375,6.7,375,0,157125
LT30Jan201420CE.NFO,07/01/2020,11:18:13,6.7,6.6,1875,6.8,375,375,156750
LT30Jan201420CE.NFO,07/01/2020,11:18:18,6.7,6.6,1875,6.8,375,0,156750
LT30Jan201420CE.NFO,07/01/2020,11:18:23,6.7,6.6,1875,6.8,1500,0,156750
LT30Jan201420CE.NFO,07/01/2020,11:18:28,6.7,6.6,750,6.8,1500,0,156750
LT30Jan201420CE.NFO,07/01/2020,11:18:38,6.7,6.65,750,6.85,1500,0,156750
LT30Jan201420CE.NFO,07/01/2020,11:18:45,6.7,6.65,1875,6.85,2250,0,156750
LT30Jan201420CE.NFO,07/01/2020,11:18:56,6.7,6.65,1500,6.85,2250,0,156750
LT30Jan201420CE.NFO,07/01/2020,11:19:02,6.7,6.65,375,6.85,2250,0,156750
LT30Jan201420CE.NFO,07/01/2020,11:19:08,6.7,6.6,750,6.75,750,0,156750
LT30Jan201420CE.NFO,07/01/2020,11:19:21,6.6,6.45,375,6.75,1875,375,156750
LT30Jan201420CE.NFO,07/01/2020,11:19:29,6.6,6.55,375,6.75,1875,0,156750
LT30Jan201420CE.NFO,07/01/2020,11:19:36,6.6,6.55,750,6.75,1875,0,156750
LT30Jan201420CE.NFO,07/01/2020,11:19:48,6.6,6.5,375,6.75,1875,0,156750
LT30Jan201420CE.NFO,07/01/2020,11:20:21,6.6,6.45,1875,6.75,1875,0,156750
LT30Jan201420CE.NFO,07/01/2020,11:20:26,6.6,6.6,1125,6.8,1125,0,156750
LT30Jan201420CE.NFO,07/01/2020,11:20:42,6.6,6.65,1125,6.8,1125,0,156750
LT30Jan201420CE.NFO,07/01/2020,11:20:47,6.65,6.65,1125,6.85,2250,375,156375
LT30Jan201420CE.NFO,07/01/2020,11:20:53,6.65,6.65,1125,6.85,1125,0,156375
LT30Jan201420CE.NFO,07/01/2020,11:20:59,6.65,6.7,750,6.9,3375,0,156375
LT30Jan201420CE.NFO,07/01/2020,11:21:28,6.65,6.7,375,6.9,3375,0,156375
LT30Jan201420CE.NFO,07/01/2020,11:22:47,6.7,6.7,750,6.9,3375,375,156375
LT30Jan201420CE.NFO,07/01/2020,11:22:51,6.7,6.75,375,6.9,3375,0,156375
LT30Jan201420CE.NFO,07/01/2020,11:22:57,6.7,6.8,750,6.95,2250,0,156375
LT30Jan201420CE.NFO,07/01/2020,11:23:03,6.7,6.8,1125,6.95,2250,0,156375
LT30Jan201420CE.NFO,07/01/2020,11:23:08,6.7,6.75,375,6.95,3000,0,156375
LT30Jan201420CE.NFO,07/01/2020,11:23:23,6.7,6.8,750,6.95,2250,0,156375
LT30Jan201420CE.NFO,07/01/2020,11:23:27,6.7,6.8,1125,6.95,2250,0,156375
LT30Jan201420CE.NFO,07/01/2020,11:23:35,6.7,6.75,375,6.95,3000,0,156375
LT30Jan201420CE.NFO,07/01/2020,11:23:40,6.7,6.75,375,6.95,2250,0,156375
LT30Jan201420CE.NFO,07/01/2020,11:23:54,6.7,6.8,1125,7,1125,0,156375
LT30Jan201420CE.NFO,07/01/2020,11:23:59,6.7,6.9,1125,7.15,1125,0,156375
LT30Jan201420CE.NFO,07/01/2020,11:24:10,6.7,6.85,750,7.05,1500,0,156375
LT30Jan201420CE.NFO,07/01/2020,11:24:15,6.7,6.75,1500,7.05,1500,0,156375
LT30Jan201420CE.NFO,07/01/2020,11:24:20,6.7,6.75,1125,7.05,1500,0,156375
LT30Jan201420CE.NFO,07/01/2020,11:24:35,6.7,6.75,1500,7.05,1500,0,156375
LT30Jan201420CE.NFO,07/01/2020,11:25:06,6.7,6.85,1125,7.15,1125,0,156375
LT30Jan201420CE.NFO,07/01/2020,11:25:11,6.7,6.95,1125,7.2,2250,0,156375
LT30Jan201420CE.NFO,07/01/2020,11:25:15,7.35,7.15,2250,7.4,1125,3375,156000
LT30Jan201420CE.NFO,07/01/2020,11:25:20,7.4,7.15,1125,7.4,750,375,156000
LT30Jan201420CE.NFO,07/01/2020,11:25:25,7.4,7.15,1125,7.45,375,1125,156000
LT30Jan201420CE.NFO,07/01/2020,11:25:30,7.4,7.25,1125,7.55,1500,0,156000
LT30Jan201420CE.NFO,07/01/2020,11:25:35,7.4,7.25,1125,7.55,1125,0,156000
LT30Jan201420CE.NFO,07/01/2020,11:25:39,7.55,7.55,5625,7.7,1875,2250,156000
LT30Jan201420CE.NFO,07/01/2020,11:25:45,7.7,7.7,750,7.9,1500,4875,156000
LT30Jan201420CE.NFO,07/01/2020,11:25:51,7.7,7.6,1125,7.85,1125,0,156000
LT30Jan201420CE.NFO,07/01/2020,11:25:59,7.7,7.6,1125,7.9,375,0,156000
LT30Jan201420CE.NFO,07/01/2020,11:26:03,7.6,7.6,750,7.95,1500,1125,156000
LT30Jan201420CE.NFO,07/01/2020,11:26:07,7.6,7.6,750,7.95,1500,0,156000
LT30Jan201420CE.NFO,07/01/2020,11:26:14,7.6,7.6,1125,7.95,1500,0,156000
LT30Jan201420CE.NFO,07/01/2020,11:26:17,7.6,7.65,375,7.8,750,0,156000
LT30Jan201420CE.NFO,07/01/2020,11:26:21,7.8,7.55,3375,7.9,1125,750,156000
LT30Jan201420CE.NFO,07/01/2020,11:26:26,7.8,7.65,375,7.9,1125,0,156000
LT30Jan201420CE.NFO,07/01/2020,11:26:36,7.8,7.6,375,7.9,1125,0,156000
LT30Jan201420CE.NFO,07/01/2020,11:26:41,7.6,7.45,375,7.7,1125,375,157500
LT30Jan201420CE.NFO,07/01/2020,11:26:47,7.6,7.45,375,7.7,1125,0,157500
LT30Jan201420CE.NFO,07/01/2020,11:26:51,7.6,7.4,375,7.7,1500,0,157500
LT30Jan201420CE.NFO,07/01/2020,11:26:55,7.6,7.45,1125,7.7,1500,0,157500
LT30Jan201420CE.NFO,07/01/2020,11:26:59,7.6,7.45,750,7.7,2625,0,157500
LT30Jan201420CE.NFO,07/01/2020,11:27:03,7.6,7.5,375,7.7,1125,0,157500
LT30Jan201420CE.NFO,07/01/2020,11:27:07,7.6,7.45,2250,7.7,1125,0,157500
LT30Jan201420CE.NFO,07/01/2020,11:27:10,7.6,7.5,1125,7.7,1125,0,157500
LT30Jan201420CE.NFO,07/01/2020,11:27:17,7.6,7.5,750,7.7,1125,0,157500
LT30Jan201420CE.NFO,07/01/2020,11:27:20,7.6,7.45,2250,7.7,2250,0,157500
LT30Jan201420CE.NFO,07/01/2020,11:27:24,7.6,7.5,375,7.7,1125,0,157500
LT30Jan201420CE.NFO,07/01/2020,11:27:45,7.6,7.5,375,7.75,375,0,157500
LT30Jan201420CE.NFO,07/01/2020,11:27:48,7.6,7.5,375,7.75,1500,0,157500
LT30Jan201420CE.NFO,07/01/2020,11:27:52,7.6,7.5,750,7.75,1500,0,157500
LT30Jan201420CE.NFO,07/01/2020,11:28:00,7.6,7.55,750,7.8,1125,0,157500
LT30Jan201420CE.NFO,07/01/2020,11:28:04,7.6,7.6,750,7.8,1125,0,157500
LT30Jan201420CE.NFO,07/01/2020,11:28:20,7.6,7.55,1875,7.8,1125,0,157500
LT30Jan201420CE.NFO,07/01/2020,11:28:23,7.65,7.6,375,7.8,1125,375,157500
LT30Jan201420CE.NFO,07/01/2020,11:28:30,7.65,7.55,1500,7.8,1500,0,157500
LT30Jan201420CE.NFO,07/01/2020,11:28:37,7.65,7.55,1500,7.85,375,0,157500
LT30Jan201420CE.NFO,07/01/2020,11:28:43,7.65,7.55,1500,7.8,1500,0,157500
LT30Jan201420CE.NFO,07/01/2020,11:28:46,7.65,7.55,1500,7.8,375,0,157500
LT30Jan201420CE.NFO,07/01/2020,11:29:02,7.65,7.55,1500,7.9,375,0,157500
LT30Jan201420CE.NFO,07/01/2020,11:29:05,7.65,7.55,1500,7.85,2250,0,157500
LT30Jan201420CE.NFO,07/01/2020,11:29:09,7.65,7.55,1500,7.9,375,0,157500
LT30Jan201420CE.NFO,07/01/2020,11:29:21,7.65,7.65,1125,7.9,375,0,157500
LT30Jan201420CE.NFO,07/01/2020,11:29:24,7.65,7.65,2250,7.95,1500,0,157500
LT30Jan201420CE.NFO,07/01/2020,11:29:56,7.95,7.75,1125,7.95,375,1125,157500
LT30Jan201420CE.NFO,07/01/2020,11:30:00,7.95,7.75,2250,8.15,375,375,157500
LT30Jan201420CE.NFO,07/01/2020,11:30:03,7.95,7.75,2250,8.15,375,0,157500
LT30Jan201420CE.NFO,07/01/2020,11:30:23,7.95,7.85,1125,8.25,375,0,157500
LT30Jan201420CE.NFO,07/01/2020,11:31:03,7.95,7.85,2250,8.25,375,0,157500
LT30Jan201420CE.NFO,07/01/2020,11:31:10,7.95,7.95,2250,8.3,375,0,157500
LT30Jan201420CE.NFO,07/01/2020,11:31:15,7.95,7.95,2250,8.35,375,0,157500
LT30Jan201420CE.NFO,07/01/2020,11:31:24,7.95,7.95,2250,8.25,750,0,157500
LT30Jan201420CE.NFO,07/01/2020,11:31:37,8.25,7.95,2250,8.35,1125,750,157500
LT30Jan201420CE.NFO,07/01/2020,11:31:41,8.25,7.95,2250,8.35,1125,0,157500
LT30Jan201420CE.NFO,07/01/2020,11:31:46,8.25,7.95,2250,8.4,3375,0,157500
LT30Jan201420CE.NFO,07/01/2020,11:31:51,8.25,7.95,2250,8.4,2250,0,157500
LT30Jan201420CE.NFO,07/01/2020,11:32:04,8.25,8.1,1125,8.4,2250,0,157500
LT30Jan201420CE.NFO,07/01/2020,11:32:09,8.25,7.95,2250,8.3,1125,0,157500
LT30Jan201420CE.NFO,07/01/2020,11:32:15,7.95,7.95,750,8.2,1125,750,157500
LT30Jan201420CE.NFO,07/01/2020,11:32:19,7.95,7.8,750,8.2,1125,0,157500
LT30Jan201420CE.NFO,07/01/2020,11:32:24,7.95,7.65,1125,8.1,1125,0,157500
LT30Jan201420CE.NFO,07/01/2020,11:32:28,7.95,7.65,1125,8,1125,0,157500
LT30Jan201420CE.NFO,07/01/2020,11:32:33,7.95,7.55,1125,7.9,1125,0,157500
LT30Jan201420CE.NFO,07/01/2020,11:32:57,7.95,7.55,1125,7.85,750,0,157500
LT30Jan201420CE.NFO,07/01/2020,11:33:26,7.95,7.55,1125,7.9,2250,0,157500
LT30Jan201420CE.NFO,07/01/2020,11:33:43,7.95,7.55,1125,7.9,1125,0,157500
LT30Jan201420CE.NFO,07/01/2020,11:34:09,7.95,7.55,1125,8,1125,0,157500
LT30Jan201420CE.NFO,07/01/2020,11:34:16,7.95,7.55,1875,8,1125,0,157500
LT30Jan201420CE.NFO,07/01/2020,11:34:35,7.95,7.85,750,8,1125,0,157500
LT30Jan201420CE.NFO,07/01/2020,11:34:41,7.95,7.7,1875,8,1875,0,157500
LT30Jan201420CE.NFO,07/01/2020,11:34:46,7.95,7.65,1875,7.9,750,0,157500
LT30Jan201420CE.NFO,07/01/2020,11:34:52,7.95,7.65,750,7.9,750,0,157500
LT30Jan201420CE.NFO,07/01/2020,11:35:03,7.95,7.7,1125,7.95,3375,0,157500
LT30Jan201420CE.NFO,07/01/2020,11:35:14,7.95,7.7,1875,7.95,2250,0,157500
LT30Jan201420CE.NFO,07/01/2020,11:35:27,7.95,7.7,1875,8.05,3375,0,157500
LT30Jan201420CE.NFO,07/01/2020,11:35:50,7.95,7.7,1875,8,1875,0,157500
LT30Jan201420CE.NFO,07/01/2020,11:35:56,7.95,7.7,1875,7.95,1875,0,157500
LT30Jan201420CE.NFO,07/01/2020,11:36:01,7.95,7.7,1875,7.95,4125,0,157500
LT30Jan201420CE.NFO,07/01/2020,11:36:07,7.95,7.7,1875,7.95,3375,0,157500
LT30Jan201420CE.NFO,07/01/2020,11:36:53,7.7,7.6,1875,7.95,4125,375,158625
LT30Jan201420CE.NFO,07/01/2020,11:37:00,7.7,7.6,1875,7.95,4125,0,158625
LT30Jan201420CE.NFO,07/01/2020,11:37:18,7.7,7.6,750,7.95,4125,0,158625
LT30Jan201420CE.NFO,07/01/2020,11:37:21,7.7,7.55,3000,7.85,3375,0,158625
LT30Jan201420CE.NFO,07/01/2020,11:38:02,7.7,7.55,3000,7.8,1500,0,158625
LT30Jan201420CE.NFO,07/01/2020,11:38:14,7.8,7.55,3000,7.85,3375,375,158625
LT30Jan201420CE.NFO,07/01/2020,11:38:17,7.8,7.55,3000,7.85,3375,0,158625
LT30Jan201420CE.NFO,07/01/2020,11:38:34,7.8,7.55,2250,7.85,3375,0,158625
LT30Jan201420CE.NFO,07/01/2020,11:39:38,7.8,7.55,1125,7.85,3375,0,158625
LT30Jan201420CE.NFO,07/01/2020,11:39:47,7.8,7.5,1875,7.8,2250,0,158625
LT30Jan201420CE.NFO,07/01/2020,11:39:53,7.8,7.4,1125,7.7,2250,0,158625
LT30Jan201420CE.NFO,07/01/2020,11:40:00,7.8,7.4,1125,7.6,750,0,158625
LT30Jan201420CE.NFO,07/01/2020,11:40:06,7.8,7.4,1125,7.6,2250,0,158625
LT30Jan201420CE.NFO,07/01/2020,11:40:20,7.8,7.3,1875,7.6,2250,0,158625
LT30Jan201420CE.NFO,07/01/2020,11:40:24,7.8,7.3,1875,7.5,375,0,158625
LT30Jan201420CE.NFO,07/01/2020,11:41:05,7.8,7.3,1125,7.5,1500,0,158625
LT30Jan201420CE.NFO,07/01/2020,11:41:46,7.3,7.15,1125,7.45,2625,1125,159000
LT30Jan201420CE.NFO,07/01/2020,11:41:49,7.3,7.1,750,7.35,1500,0,159000
LT30Jan201420CE.NFO,07/01/2020,11:41:53,7.35,7.1,750,7.35,4500,375,159000
LT30Jan201420CE.NFO,07/01/2020,11:41:57,7.35,7.1,750,7.3,2250,0,159000
LT30Jan201420CE.NFO,07/01/2020,11:42:04,7.1,7,750,7.3,2250,375,159000
LT30Jan201420CE.NFO,07/01/2020,11:42:08,7.1,6.95,2250,7.25,1125,0,159000
LT30Jan201420CE.NFO,07/01/2020,11:42:13,7.1,6.95,2250,7.2,1875,0,159000
LT30Jan201420CE.NFO,07/01/2020,11:42:20,7.1,6.95,2250,7.2,1500,0,159000
LT30Jan201420CE.NFO,07/01/2020,11:43:23,7.2,6.95,2250,7.3,1125,375,159000
LT30Jan201420CE.NFO,07/01/2020,11:43:26,7.2,6.95,2250,7.25,1875,0,159000
LT30Jan201420CE.NFO,07/01/2020,11:43:29,7.2,6.95,2250,7.3,1125,0,159000
LT30Jan201420CE.NFO,07/01/2020,11:43:33,7.2,6.95,2250,7.35,1125,0,159000
LT30Jan201420CE.NFO,07/01/2020,11:43:39,7.2,7.2,375,7.4,1125,0,159000
LT30Jan201420CE.NFO,07/01/2020,11:44:04,7.2,7.2,1125,7.45,375,0,159000
LT30Jan201420CE.NFO,07/01/2020,11:44:07,7.2,7.2,375,7.45,1500,0,159000
LT30Jan201420CE.NFO,07/01/2020,11:44:10,7.2,7.2,1125,7.6,1125,0,159000
LT30Jan201420CE.NFO,07/01/2020,11:44:18,7.2,7.2,1125,7.55,2250,0,159000
LT30Jan201420CE.NFO,07/01/2020,11:44:21,7.2,7.2,1125,7.6,1125,0,159000
LT30Jan201420CE.NFO,07/01/2020,11:44:36,7.2,7.3,1500,7.6,1125,0,159000
LT30Jan201420CE.NFO,07/01/2020,11:44:42,7.2,7.3,2250,7.65,1125,0,159000
LT30Jan201420CE.NFO,07/01/2020,11:44:46,7.65,7.3,2250,7.65,750,375,159000
LT30Jan201420CE.NFO,07/01/2020,11:44:50,7.65,7.25,750,7.6,1125,0,159000
LT30Jan201420CE.NFO,07/01/2020,11:44:54,7.65,7.25,750,7.55,750,0,159000
LT30Jan201420CE.NFO,07/01/2020,11:44:59,7.65,7.2,1125,7.45,750,0,159000
LT30Jan201420CE.NFO,07/01/2020,11:45:06,7.65,7.2,1125,7.5,750,0,159000
LT30Jan201420CE.NFO,07/01/2020,11:45:13,7.65,7.2,375,7.4,750,0,159000
LT30Jan201420CE.NFO,07/01/2020,11:45:27,7.65,7.2,375,7.5,750,0,159000
LT30Jan201420CE.NFO,07/01/2020,11:45:44,7.65,7.2,1125,7.5,750,0,159000
LT30Jan201420CE.NFO,07/01/2020,11:45:49,7.65,7.2,375,7.4,1125,0,159000
LT30Jan201420CE.NFO,07/01/2020,11:45:53,7.65,7.2,1125,7.5,750,0,159000
LT30Jan201420CE.NFO,07/01/2020,11:49:49,7.65,7.3,1125,7.55,1875,0,159000
LT30Jan201420CE.NFO,07/01/2020,11:49:55,7.65,7.3,1875,7.55,750,0,159000
LT30Jan201420CE.NFO,07/01/2020,11:50:17,7.65,7.25,3000,7.5,1500,0,159000
LT30Jan201420CE.NFO,07/01/2020,11:50:31,7.65,7.3,1875,7.55,750,0,159000
LT30Jan201420CE.NFO,07/01/2020,11:51:00,7.65,7.4,375,7.6,1875,0,159000
LT30Jan201420CE.NFO,07/01/2020,11:51:04,7.65,7.35,750,7.6,1875,0,159000
LT30Jan201420CE.NFO,07/01/2020,11:51:13,7.65,7.3,750,7.6,1875,0,159000
LT30Jan201420CE.NFO,07/01/2020,11:51:35,7.65,7.35,4125,7.65,750,0,159000
LT30Jan201420CE.NFO,07/01/2020,11:51:39,7.65,7.35,4125,7.75,750,0,159000
LT30Jan201420CE.NFO,07/01/2020,11:53:26,7.65,7.55,1500,7.8,750,0,159000
LT30Jan201420CE.NFO,07/01/2020,11:53:47,7.65,7.55,750,7.8,1875,375,157875
LT30Jan201420CE.NFO,07/01/2020,11:53:53,7.65,7.55,1500,7.8,1875,0,157875
LT30Jan201420CE.NFO,07/01/2020,11:53:57,7.65,7.55,1500,7.9,750,0,157875
LT30Jan201420CE.NFO,07/01/2020,11:54:20,7.65,7.55,1500,7.75,1875,0,157875
LT30Jan201420CE.NFO,07/01/2020,11:57:47,7.65,7.45,3000,7.7,1500,0,157875
LT30Jan201420CE.NFO,07/01/2020,11:58:06,7.65,7.45,3000,7.7,750,0,157875
LT30Jan201420CE.NFO,07/01/2020,11:58:36,7.65,7.45,3000,7.7,1500,0,157875
LT30Jan201420CE.NFO,07/01/2020,11:58:48,7.65,7.4,750,7.7,1500,0,157875
LT30Jan201420CE.NFO,07/01/2020,11:58:55,7.65,7.45,1875,7.75,750,0,157875
LT30Jan201420CE.NFO,07/01/2020,11:59:05,7.65,7.55,750,7.75,1875,0,157875
LT30Jan201420CE.NFO,07/01/2020,11:59:47,7.65,7.55,1500,7.75,1875,0,157875
LT30Jan201420CE.NFO,07/01/2020,11:59:51,7.65,7.5,750,7.7,1500,0,157875
LT30Jan201420CE.NFO,07/01/2020,12:00:11,7.65,7.4,750,7.7,1500,0,157875
LT30Jan201420CE.NFO,07/01/2020,12:02:38,7.65,7.45,1875,7.75,750,0,157875
LT30Jan201420CE.NFO,07/01/2020,12:03:07,7.65,7.55,1125,7.75,750,0,157875
LT30Jan201420CE.NFO,07/01/2020,12:03:11,7.65,7.5,750,7.7,750,0,157875
LT30Jan201420CE.NFO,07/01/2020,12:03:37,7.65,7.5,750,7.7,1500,0,157875
LT30Jan201420CE.NFO,07/01/2020,12:04:21,7.65,7.5,750,7.7,750,0,157875
LT30Jan201420CE.NFO,07/01/2020,12:04:37,7.65,7.55,1500,7.7,750,0,157875
LT30Jan201420CE.NFO,07/01/2020,12:04:43,7.65,7.55,375,7.7,750,0,157875
LT30Jan201420CE.NFO,07/01/2020,12:04:52,7.65,7.55,375,7.75,1875,0,157875
LT30Jan201420CE.NFO,07/01/2020,12:05:02,7.65,7.55,1125,7.75,750,0,157875
LT30Jan201420CE.NFO,07/01/2020,12:05:41,7.65,7.55,1125,7.8,1125,0,157875
LT30Jan201420CE.NFO,07/01/2020,12:05:46,7.65,7.6,750,7.75,1125,0,157875
LT30Jan201420CE.NFO,07/01/2020,12:06:11,7.65,7.6,1500,7.8,1500,0,157875
LT30Jan201420CE.NFO,07/01/2020,12:08:05,7.65,7.65,1500,7.85,1875,0,157875
LT30Jan201420CE.NFO,07/01/2020,12:08:16,7.65,7.65,1500,7.85,1125,0,157875
LT30Jan201420CE.NFO,07/01/2020,12:08:29,7.65,7.65,1500,7.9,750,0,157875
LT30Jan201420CE.NFO,07/01/2020,12:08:59,7.65,7.65,1500,7.8,375,0,157875
LT30Jan201420CE.NFO,07/01/2020,12:09:10,7.65,7.6,750,7.8,375,0,157875
LT30Jan201420CE.NFO,07/01/2020,12:10:20,7.65,7.55,1125,7.8,1125,0,157875
LT30Jan201420CE.NFO,07/01/2020,12:10:26,7.65,7.5,1875,7.8,1125,0,157875
LT30Jan201420CE.NFO,07/01/2020,12:10:38,7.65,7.5,750,7.8,1125,0,157875
LT30Jan201420CE.NFO,07/01/2020,12:11:02,7.5,7.5,375,7.8,1125,375,157875
LT30Jan201420CE.NFO,07/01/2020,12:11:07,7.5,7.6,750,7.8,1125,0,157875
LT30Jan201420CE.NFO,07/01/2020,12:12:02,7.5,7.55,1500,7.8,1125,0,157875
LT30Jan201420CE.NFO,07/01/2020,12:12:41,7.5,7.5,1500,7.8,1125,0,157875
LT30Jan201420CE.NFO,07/01/2020,12:13:10,7.5,7.55,1125,7.9,750,0,157875
LT30Jan201420CE.NFO,07/01/2020,12:13:18,7.5,7.55,3750,7.95,1875,0,157875
LT30Jan201420CE.NFO,07/01/2020,12:13:24,7.5,7.55,3750,8.05,2250,0,157875
LT30Jan201420CE.NFO,07/01/2020,12:13:40,7.5,7.65,375,7.95,1875,0,157875
LT30Jan201420CE.NFO,07/01/2020,12:14:06,7.5,7.6,375,7.85,1125,0,157875
LT30Jan201420CE.NFO,07/01/2020,12:14:27,7.5,7.6,375,7.85,1875,0,157875
LT30Jan201420CE.NFO,07/01/2020,12:15:58,7.5,7.6,1500,7.8,1875,0,157875
LT30Jan201420CE.NFO,07/01/2020,12:16:02,7.5,7.65,375,7.85,1875,0,157875
LT30Jan201420CE.NFO,07/01/2020,12:16:23,7.5,7.6,1500,7.85,1875,0,157875
LT30Jan201420CE.NFO,07/01/2020,12:16:46,7.5,7.6,375,7.85,1875,0,157875
LT30Jan201420CE.NFO,07/01/2020,12:17:39,7.5,7.7,375,7.85,1125,0,157875
LT30Jan201420CE.NFO,07/01/2020,12:17:52,7.75,7.7,375,7.85,1125,375,157875
LT30Jan201420CE.NFO,07/01/2020,12:17:57,7.75,7.6,375,7.85,1875,375,157875
LT30Jan201420CE.NFO,07/01/2020,12:18:02,7.75,7.6,375,7.85,1875,0,157875
LT30Jan201420CE.NFO,07/01/2020,12:19:05,7.75,7.65,1500,7.9,1875,0,157875
LT30Jan201420CE.NFO,07/01/2020,12:19:37,7.75,7.65,1500,7.95,3000,0,157875
LT30Jan201420CE.NFO,07/01/2020,12:19:56,7.75,7.65,1500,7.85,750,0,157875
LT30Jan201420CE.NFO,07/01/2020,12:20:03,7.75,7.65,1500,7.9,750,0,157875
LT30Jan201420CE.NFO,07/01/2020,12:20:38,7.75,7.65,1500,7.95,3000,0,157875
LT30Jan201420CE.NFO,07/01/2020,12:20:47,7.75,7.6,375,7.75,375,0,157875
LT30Jan201420CE.NFO,07/01/2020,12:20:59,7.75,7.65,1125,7.75,375,0,157875
LT30Jan201420CE.NFO,07/01/2020,12:21:03,7.75,7.65,2250,7.85,1500,0,157875
LT30Jan201420CE.NFO,07/01/2020,12:22:02,7.75,7.65,2250,7.9,750,0,157875
LT30Jan201420CE.NFO,07/01/2020,12:22:24,7.75,7.65,1500,7.9,750,0,157875
LT30Jan201420CE.NFO,07/01/2020,12:22:42,7.75,7.6,375,7.85,1875,0,157875
LT30Jan201420CE.NFO,07/01/2020,12:24:42,7.75,7.6,375,7.8,1875,0,157875
LT30Jan201420CE.NFO,07/01/2020,12:25:05,7.75,7.6,375,7.8,750,0,157875
LT30Jan201420CE.NFO,07/01/2020,12:26:39,7.75,7.5,375,7.8,1500,0,157875
LT30Jan201420CE.NFO,07/01/2020,12:28:37,7.75,7.55,1125,7.75,2250,0,157875
LT30Jan201420CE.NFO,07/01/2020,12:28:59,7.75,7.5,375,7.75,2250,0,157875
LT30Jan201420CE.NFO,07/01/2020,12:29:56,7.75,7.4,375,7.7,1125,0,157875
LT30Jan201420CE.NFO,07/01/2020,12:30:12,7.75,7.35,2625,7.6,1875,0,157875
LT30Jan201420CE.NFO,07/01/2020,12:30:17,7.75,7.35,3000,7.65,750,0,157875
LT30Jan201420CE.NFO,07/01/2020,12:30:37,7.75,7.35,3000,7.6,375,0,157875
LT30Jan201420CE.NFO,07/01/2020,12:30:45,7.75,7.35,3000,7.65,750,0,157875
LT30Jan201420CE.NFO,07/01/2020,12:30:49,7.75,7.35,3000,7.7,1125,0,157875
LT30Jan201420CE.NFO,07/01/2020,12:31:03,7.75,7.35,5250,7.7,1125,0,157875
LT30Jan201420CE.NFO,07/01/2020,12:31:15,7.75,7.35,5250,7.7,1500,0,157875
LT30Jan201420CE.NFO,07/01/2020,12:31:49,7.75,7.35,3000,7.65,1500,0,157875
LT30Jan201420CE.NFO,07/01/2020,12:31:55,7.75,7.4,2250,7.65,1500,0,157875
LT30Jan201420CE.NFO,07/01/2020,12:32:08,7.75,7.4,2250,7.6,1875,0,157875
LT30Jan201420CE.NFO,07/01/2020,12:32:12,7.75,7.4,1125,7.6,1875,0,157875
LT30Jan201420CE.NFO,07/01/2020,12:32:15,7.4,7.35,1875,7.6,1875,750,157875
LT30Jan201420CE.NFO,07/01/2020,12:32:22,7.4,7.35,1875,7.6,1875,0,157875
LT30Jan201420CE.NFO,07/01/2020,12:32:29,7.4,7.35,1875,7.5,1125,0,157875
LT30Jan201420CE.NFO,07/01/2020,12:32:35,7.35,7.35,375,7.5,1125,1125,157875
LT30Jan201420CE.NFO,07/01/2020,12:32:41,7.35,7.35,375,7.5,1125,0,157875
LT30Jan201420CE.NFO,07/01/2020,12:32:50,7.35,7.35,375,7.5,1500,0,157875
LT30Jan201420CE.NFO,07/01/2020,12:33:01,7.45,7.35,1125,7.6,1500,375,156750
LT30Jan201420CE.NFO,07/01/2020,12:33:06,7.45,7.35,1125,7.6,1500,0,156750
LT30Jan201420CE.NFO,07/01/2020,12:33:15,7.45,7.4,1500,7.6,750,0,156750
LT30Jan201420CE.NFO,07/01/2020,12:33:19,7.45,7.4,375,7.6,750,0,156750
LT30Jan201420CE.NFO,07/01/2020,12:33:38,7.45,7.4,375,7.6,1500,0,156750
LT30Jan201420CE.NFO,07/01/2020,12:34:36,7.45,7.4,1500,7.6,750,0,156750
LT30Jan201420CE.NFO,07/01/2020,12:34:47,7.45,7.4,375,7.6,750,0,156750
LT30Jan201420CE.NFO,07/01/2020,12:34:54,7.45,7.45,750,7.65,375,0,156750
LT30Jan201420CE.NFO,07/01/2020,12:35:41,7.45,7.4,375,7.65,1125,0,156750
LT30Jan201420CE.NFO,07/01/2020,12:38:07,7.45,7.4,375,7.65,375,0,156750
LT30Jan201420CE.NFO,07/01/2020,12:39:55,7.45,7.4,375,7.65,1125,0,156750
LT30Jan201420CE.NFO,07/01/2020,12:40:28,7.45,7.4,1500,7.65,1125,0,156750
LT30Jan201420CE.NFO,07/01/2020,12:41:08,7.45,7.4,375,7.65,1125,0,156750
LT30Jan201420CE.NFO,07/01/2020,12:42:46,7.45,7.35,4125,7.5,7125,0,156750
LT30Jan201420CE.NFO,07/01/2020,12:42:54,7.45,7.4,1125,7.55,7125,0,156750
LT30Jan201420CE.NFO,07/01/2020,12:42:58,7.45,7.4,1125,7.5,7125,0,156750
LT30Jan201420CE.NFO,07/01/2020,12:43:08,7.45,7.4,1125,7.55,7125,0,156750
LT30Jan201420CE.NFO,07/01/2020,12:43:23,7.45,7.4,1125,7.5,7125,0,156750
LT30Jan201420CE.NFO,07/01/2020,12:44:00,7.45,7.4,1125,7.55,7125,0,156750
LT30Jan201420CE.NFO,07/01/2020,12:44:30,7.55,7.4,1500,7.65,4875,2250,156375
LT30Jan201420CE.NFO,07/01/2020,12:44:33,7.55,7.4,1500,7.65,4875,0,156375
LT30Jan201420CE.NFO,07/01/2020,12:45:01,7.4,7.4,1125,7.65,5250,375,156375
LT30Jan201420CE.NFO,07/01/2020,12:45:04,7.4,7.4,1125,7.6,5625,0,156375
LT30Jan201420CE.NFO,07/01/2020,12:45:45,7.4,7.4,1125,7.6,4875,0,156375
LT30Jan201420CE.NFO,07/01/2020,12:45:50,7.4,7.4,1125,7.65,5625,0,156375
LT30Jan201420CE.NFO,07/01/2020,12:47:01,7.4,7.4,1125,7.65,750,0,156375
LT30Jan201420CE.NFO,07/01/2020,12:47:09,7.4,7.4,1125,7.65,5625,0,156375
LT30Jan201420CE.NFO,07/01/2020,12:47:18,7.4,7.4,750,7.55,4875,0,156375
LT30Jan201420CE.NFO,07/01/2020,12:47:22,7.4,7.4,750,7.6,6375,0,156375
LT30Jan201420CE.NFO,07/01/2020,12:47:25,7.4,7.4,750,7.6,5625,0,156375
LT30Jan201420CE.NFO,07/01/2020,12:47:29,7.4,7.4,1125,7.65,5625,0,156375
LT30Jan201420CE.NFO,07/01/2020,12:48:00,7.4,7.4,2250,7.65,5625,0,156375
LT30Jan201420CE.NFO,07/01/2020,12:48:05,7.4,7.4,2250,7.7,6000,0,156375
LT30Jan201420CE.NFO,07/01/2020,12:48:11,7.4,7.4,2250,7.65,5250,0,156375
LT30Jan201420CE.NFO,07/01/2020,12:48:17,7.4,7.4,2250,7.6,4875,0,156375
LT30Jan201420CE.NFO,07/01/2020,12:48:34,7.4,7.4,2250,7.55,4875,0,156375
LT30Jan201420CE.NFO,07/01/2020,12:49:00,7.4,7.4,1125,7.55,4875,0,156375
LT30Jan201420CE.NFO,07/01/2020,12:49:05,7.4,7.4,750,7.55,4875,0,156375
LT30Jan201420CE.NFO,07/01/2020,12:49:19,7.4,7.4,750,7.5,4875,0,156375
LT30Jan201420CE.NFO,07/01/2020,12:49:23,7.4,7.4,750,7.45,4875,0,156375
LT30Jan201420CE.NFO,07/01/2020,12:49:27,7.45,7.4,750,7.45,4500,375,156750
LT30Jan201420CE.NFO,07/01/2020,12:49:30,7.45,7.4,750,7.45,4125,375,156750
LT30Jan201420CE.NFO,07/01/2020,12:49:45,7.45,7.4,750,7.45,4125,0,156750
LT30Jan201420CE.NFO,07/01/2020,12:50:08,7.45,7.4,750,7.5,2250,1875,156750
LT30Jan201420CE.NFO,07/01/2020,12:50:27,7.45,7.4,750,7.45,2250,0,156750
LT30Jan201420CE.NFO,07/01/2020,12:50:38,7.45,7.4,750,7.5,2250,0,156750
LT30Jan201420CE.NFO,07/01/2020,12:50:50,7.45,7.4,750,7.45,750,2625,156750
LT30Jan201420CE.NFO,07/01/2020,12:50:53,7.45,7.4,1125,7.65,1125,750,156750
LT30Jan201420CE.NFO,07/01/2020,12:50:56,7.45,7.4,1125,7.65,1125,0,156750
LT30Jan201420CE.NFO,07/01/2020,12:52:03,7.45,7.4,1125,7.65,375,0,156750
LT30Jan201420CE.NFO,07/01/2020,12:52:07,7.45,7.4,375,7.6,375,0,156750
LT30Jan201420CE.NFO,07/01/2020,12:53:02,7.45,7.35,1875,7.6,375,0,156750
LT30Jan201420CE.NFO,07/01/2020,12:53:23,7.45,7.35,750,7.6,375,0,156750
LT30Jan201420CE.NFO,07/01/2020,12:53:54,7.45,7.4,1875,7.65,375,0,156750
LT30Jan201420CE.NFO,07/01/2020,12:53:58,7.65,7.5,1875,7.7,375,375,156750
LT30Jan201420CE.NFO,07/01/2020,12:54:01,7.65,7.5,750,7.7,375,0,156750
LT30Jan201420CE.NFO,07/01/2020,12:54:04,7.65,7.5,750,7.75,1125,0,156750
LT30Jan201420CE.NFO,07/01/2020,12:54:15,7.65,7.5,750,7.75,375,0,156750
LT30Jan201420CE.NFO,07/01/2020,12:54:27,7.65,7.45,375,7.75,1125,0,156750
LT30Jan201420CE.NFO,07/01/2020,12:54:32,7.65,7.45,375,7.65,1500,0,156750
LT30Jan201420CE.NFO,07/01/2020,12:54:35,7.65,7.4,375,7.65,1500,0,156750
LT30Jan201420CE.NFO,07/01/2020,12:55:13,7.65,7.45,1125,7.7,750,0,156750
LT30Jan201420CE.NFO,07/01/2020,12:56:21,7.65,7.4,375,7.65,1875,0,156750
LT30Jan201420CE.NFO,07/01/2020,12:56:26,7.65,7.35,750,7.55,1125,0,156750
LT30Jan201420CE.NFO,07/01/2020,12:56:57,7.65,7.35,375,7.55,1125,0,156750
LT30Jan201420CE.NFO,07/01/2020,12:57:13,7.65,7.4,750,7.6,750,0,156750
LT30Jan201420CE.NFO,07/01/2020,12:57:19,7.65,7.4,1125,7.6,750,0,156750
LT30Jan201420CE.NFO,07/01/2020,12:57:27,7.65,7.4,375,7.6,750,0,156750
LT30Jan201420CE.NFO,07/01/2020,12:57:32,7.65,7.35,375,7.55,1875,0,156750
LT30Jan201420CE.NFO,07/01/2020,12:58:00,7.35,7.25,375,7.55,1875,375,156750
LT30Jan201420CE.NFO,07/01/2020,12:58:05,7.35,7.25,375,7.55,1875,0,156750
LT30Jan201420CE.NFO,07/01/2020,12:58:50,7.35,7.25,375,7.4,1500,0,156750
LT30Jan201420CE.NFO,07/01/2020,12:58:54,7.35,7.25,375,7.4,375,0,156750
LT30Jan201420CE.NFO,07/01/2020,12:59:45,7.35,7.2,750,7.4,1125,0,156750
LT30Jan201420CE.NFO,07/01/2020,13:00:03,7.35,7.2,375,7.4,1125,0,156750
LT30Jan201420CE.NFO,07/01/2020,13:00:09,7.35,7.1,375,7.4,1125,0,156750
LT30Jan201420CE.NFO,07/01/2020,13:00:17,7.35,7.1,1500,7.35,750,0,156750
LT30Jan201420CE.NFO,07/01/2020,13:00:40,7.35,7.1,375,7.35,750,0,156750
LT30Jan201420CE.NFO,07/01/2020,13:01:01,7.35,7.05,375,7.3,1875,0,156750
LT30Jan201420CE.NFO,07/01/2020,13:01:09,7.35,7,375,7.2,1125,0,156750
LT30Jan201420CE.NFO,07/01/2020,13:01:16,7.35,6.95,375,7.2,1875,0,156750
LT30Jan201420CE.NFO,07/01/2020,13:01:29,7.35,6.9,375,7.2,1875,0,156750
LT30Jan201420CE.NFO,07/01/2020,13:01:36,7.35,6.9,375,7.1,750,0,156750
LT30Jan201420CE.NFO,07/01/2020,13:01:47,7.35,6.95,750,7.15,750,0,156750
LT30Jan201420CE.NFO,07/01/2020,13:01:59,7.35,6.95,3375,7.3,1875,0,156750
LT30Jan201420CE.NFO,07/01/2020,13:02:05,7.35,7,375,7.25,2625,0,156750
LT30Jan201420CE.NFO,07/01/2020,13:02:27,7.35,6.95,3375,7.25,2625,0,156750
LT30Jan201420CE.NFO,07/01/2020,13:02:43,7.35,6.95,1125,7.25,2625,0,156750
LT30Jan201420CE.NFO,07/01/2020,13:03:05,7.35,6.95,3375,7.25,1875,0,156750
LT30Jan201420CE.NFO,07/01/2020,13:03:13,7.35,6.95,3375,7.25,750,0,156750
LT30Jan201420CE.NFO,07/01/2020,13:03:49,7.35,6.95,3375,7.25,1500,0,156750
LT30Jan201420CE.NFO,07/01/2020,13:03:53,7.35,6.95,3375,7.25,750,0,156750
LT30Jan201420CE.NFO,07/01/2020,13:04:08,7.35,6.95,1125,7.25,1500,0,156750
LT30Jan201420CE.NFO,07/01/2020,13:04:17,7.35,6.95,1125,7.1,1875,0,156750
LT30Jan201420CE.NFO,07/01/2020,13:04:25,7.35,6.95,1125,7.1,750,0,156750
LT30Jan201420CE.NFO,07/01/2020,13:04:33,7.35,6.85,2250,7.1,750,0,156750
LT30Jan201420CE.NFO,07/01/2020,13:04:47,7.35,6.75,375,7.1,1500,0,156750
LT30Jan201420CE.NFO,07/01/2020,13:04:54,7.35,6.75,1500,7.05,750,0,156750
LT30Jan201420CE.NFO,07/01/2020,13:05:01,7.35,6.75,375,7.05,750,0,156750
LT30Jan201420CE.NFO,07/01/2020,13:05:27,7.35,6.65,375,6.95,1500,0,156750
LT30Jan201420CE.NFO,07/01/2020,13:05:39,7.35,6.7,2250,7,750,0,156750
LT30Jan201420CE.NFO,07/01/2020,13:05:45,7.35,6.7,1125,7.1,4875,0,156750
LT30Jan201420CE.NFO,07/01/2020,13:05:50,7.35,6.7,1125,7,1125,0,156750
LT30Jan201420CE.NFO,07/01/2020,13:06:20,7.35,6.7,1125,6.9,1500,0,156750
LT30Jan201420CE.NFO,07/01/2020,13:06:25,7.35,6.65,1500,6.9,2250,0,156750
LT30Jan201420CE.NFO,07/01/2020,13:06:49,7.35,6.7,1125,6.95,750,0,156750
LT30Jan201420CE.NFO,07/01/2020,13:06:53,7.35,6.7,375,6.95,750,0,156750
LT30Jan201420CE.NFO,07/01/2020,13:06:59,7.35,6.65,375,6.9,1875,0,156750
LT30Jan201420CE.NFO,07/01/2020,13:07:14,7.35,6.7,1500,6.95,750,0,156750
LT30Jan201420CE.NFO,07/01/2020,13:07:29,7.35,6.65,375,6.9,750,0,156750
LT30Jan201420CE.NFO,07/01/2020,13:08:08,6.65,6.6,2625,6.8,750,375,156375
LT30Jan201420CE.NFO,07/01/2020,13:08:14,6.65,6.6,3750,6.8,375,0,156375
LT30Jan201420CE.NFO,07/01/2020,13:08:20,6.65,6.5,2625,6.8,1125,0,156375
LT30Jan201420CE.NFO,07/01/2020,13:08:38,6.65,6.5,1500,6.8,1125,0,156375
LT30Jan201420CE.NFO,07/01/2020,13:08:53,6.65,6.65,750,6.85,750,0,156375
LT30Jan201420CE.NFO,07/01/2020,13:09:15,6.65,6.6,1125,6.85,750,0,156375
LT30Jan201420CE.NFO,07/01/2020,13:09:54,6.85,6.6,2250,6.9,1500,375,156000
LT30Jan201420CE.NFO,07/01/2020,13:10:01,6.85,6.6,2250,6.9,1500,0,156000
LT30Jan201420CE.NFO,07/01/2020,13:10:27,6.85,6.55,1125,6.85,1500,0,156000
LT30Jan201420CE.NFO,07/01/2020,13:10:49,6.85,6.55,1500,6.85,1500,0,156000
LT30Jan201420CE.NFO,07/01/2020,13:10:53,6.85,6.55,1500,6.85,375,0,156000
LT30Jan201420CE.NFO,07/01/2020,13:11:03,6.85,6.65,1125,6.85,375,0,156000
LT30Jan201420CE.NFO,07/01/2020,13:11:09,6.85,6.65,2250,6.9,1500,0,156000
LT30Jan201420CE.NFO,07/01/2020,13:11:29,6.9,6.65,2250,7.05,375,375,156000
LT30Jan201420CE.NFO,07/01/2020,13:11:33,6.9,6.65,2250,7.05,375,0,156000
LT30Jan201420CE.NFO,07/01/2020,13:11:38,6.9,6.75,1125,7.05,375,0,156000
LT30Jan201420CE.NFO,07/01/2020,13:12:09,6.9,6.85,1125,7.1,1125,0,156000
LT30Jan201420CE.NFO,07/01/2020,13:12:15,6.9,6.85,2250,7.1,1125,0,156000
LT30Jan201420CE.NFO,07/01/2020,13:12:59,7.1,6.95,375,7.1,375,375,156375
LT30Jan201420CE.NFO,07/01/2020,13:13:08,7.1,6.9,1125,7.1,375,0,156375
LT30Jan201420CE.NFO,07/01/2020,13:13:29,7.1,6.85,1125,7.1,375,0,156375
LT30Jan201420CE.NFO,07/01/2020,13:13:51,7.1,6.8,1125,7.1,750,0,156375
LT30Jan201420CE.NFO,07/01/2020,13:14:57,7.1,6.8,1125,7,1125,0,156375
LT30Jan201420CE.NFO,07/01/2020,13:15:03,7.1,6.7,1125,6.9,1125,0,156375
LT30Jan201420CE.NFO,07/01/2020,13:15:11,7.1,6.55,1125,6.9,1125,0,156375
LT30Jan201420CE.NFO,07/01/2020,13:16:00,7.1,6.55,1125,6.8,750,0,156375
LT30Jan201420CE.NFO,07/01/2020,13:16:11,7.1,6.6,2250,6.85,750,0,156375
LT30Jan201420CE.NFO,07/01/2020,13:16:42,7.1,6.6,2625,6.85,750,0,156375
LT30Jan201420CE.NFO,07/01/2020,13:18:03,7.1,6.6,1500,6.85,750,0,156375
LT30Jan201420CE.NFO,07/01/2020,13:18:48,7.1,6.6,3750,6.85,375,0,156375
LT30Jan201420CE.NFO,07/01/2020,13:18:59,6.85,6.65,2250,6.9,1125,375,156375
LT30Jan201420CE.NFO,07/01/2020,13:19:04,6.85,6.65,2250,6.9,1125,0,156375
LT30Jan201420CE.NFO,07/01/2020,13:19:10,6.85,6.65,1125,6.9,1500,0,156375
LT30Jan201420CE.NFO,07/01/2020,13:19:16,6.9,6.7,1875,6.95,375,1125,156375
LT30Jan201420CE.NFO,07/01/2020,13:19:40,6.9,6.7,1875,7,1875,0,156375
LT30Jan201420CE.NFO,07/01/2020,13:19:56,6.9,6.7,1875,7,375,0,156375
LT30Jan201420CE.NFO,07/01/2020,13:20:06,6.9,6.7,4500,7,375,0,156375
LT30Jan201420CE.NFO,07/01/2020,13:20:11,6.8,6.7,4500,7,375,375,156375
LT30Jan201420CE.NFO,07/01/2020,13:20:16,6.8,6.7,4500,7,375,0,156375
LT30Jan201420CE.NFO,07/01/2020,13:20:46,7,6.7,4500,7.05,375,375,156375
LT30Jan201420CE.NFO,07/01/2020,13:21:10,7,6.7,4500,7,2250,0,156375
LT30Jan201420CE.NFO,07/01/2020,13:21:17,6.7,6.6,3750,6.9,1125,1125,156750
LT30Jan201420CE.NFO,07/01/2020,13:21:26,6.7,6.6,3750,6.9,1125,0,156750
LT30Jan201420CE.NFO,07/01/2020,13:21:45,6.6,6.35,3375,6.65,1500,3750,156750
LT30Jan201420CE.NFO,07/01/2020,13:21:50,6.6,6.25,2250,6.65,1875,0,156750
LT30Jan201420CE.NFO,07/01/2020,13:21:55,6.25,6.25,1875,6.55,750,375,156750
LT30Jan201420CE.NFO,07/01/2020,13:21:55,6.25,6.25,1875,6.55,750,0,156750
LT30Jan201420CE.NFO,07/01/2020,13:22:00,6.25,6.3,2250,6.6,375,0,156750
LT30Jan201420CE.NFO,07/01/2020,13:22:11,6.25,6.3,2250,6.7,375,0,156750
LT30Jan201420CE.NFO,07/01/2020,13:22:17,6.25,6.4,1875,6.75,1500,0,156750
LT30Jan201420CE.NFO,07/01/2020,13:22:23,6.25,6.4,750,6.75,1500,0,156750
LT30Jan201420CE.NFO,07/01/2020,13:22:49,6.25,6.4,750,6.75,375,0,156750
LT30Jan201420CE.NFO,07/01/2020,13:23:18,6.25,6.35,1875,6.65,1500,0,156750
LT30Jan201420CE.NFO,07/01/2020,13:23:29,6.25,6.35,750,6.65,1500,0,156750
LT30Jan201420CE.NFO,07/01/2020,13:23:45,6.25,6.4,1875,6.75,375,0,156750
LT30Jan201420CE.NFO,07/01/2020,13:24:44,6.25,6.55,1875,6.8,375,0,156750
LT30Jan201420CE.NFO,07/01/2020,13:25:23,6.25,6.55,1875,6.85,375,0,156750
LT30Jan201420CE.NFO,07/01/2020,13:25:35,6.25,6.5,750,6.8,1500,0,156750
LT30Jan201420CE.NFO,07/01/2020,13:25:54,6.8,6.55,1875,6.9,1125,1125,161250
LT30Jan201420CE.NFO,07/01/2020,13:25:58,6.8,6.55,1875,6.9,1125,0,161250
LT30Jan201420CE.NFO,07/01/2020,13:26:03,6.8,6.65,1875,6.9,1125,0,161250
LT30Jan201420CE.NFO,07/01/2020,13:26:17,6.8,6.65,375,6.9,1125,0,161250
LT30Jan201420CE.NFO,07/01/2020,13:27:02,6.8,6.7,1125,7,750,0,161250
LT30Jan201420CE.NFO,07/01/2020,13:27:07,6.8,6.7,1875,7,375,0,161250
LT30Jan201420CE.NFO,07/01/2020,13:27:29,6.8,6.7,1875,7,1500,0,161250
LT30Jan201420CE.NFO,07/01/2020,13:27:35,6.8,6.7,1875,7,375,0,161250
LT30Jan201420CE.NFO,07/01/2020,13:27:41,6.8,6.6,750,6.95,1125,0,161250
LT30Jan201420CE.NFO,07/01/2020,13:27:55,6.8,6.6,750,6.85,1125,0,161250
LT30Jan201420CE.NFO,07/01/2020,13:28:01,6.8,6.6,750,6.85,1500,0,161250
LT30Jan201420CE.NFO,07/01/2020,13:28:33,6.8,6.6,750,6.8,1125,0,161250
LT30Jan201420CE.NFO,07/01/2020,13:28:57,6.8,6.2,4500,6.6,1125,0,161250
LT30Jan201420CE.NFO,07/01/2020,13:29:17,6.8,6.2,4500,6.65,375,0,161250
LT30Jan201420CE.NFO,07/01/2020,13:29:35,6.8,6.2,4500,6.6,1500,0,161250
LT30Jan201420CE.NFO,07/01/2020,13:29:48,6.8,6.2,4875,6.6,1500,0,161250
LT30Jan201420CE.NFO,07/01/2020,13:30:07,6.8,6.2,4500,6.6,1500,0,161250
LT30Jan201420CE.NFO,07/01/2020,13:30:13,6.8,6.2,1875,6.6,1500,0,161250
LT30Jan201420CE.NFO,07/01/2020,13:30:18,6.8,6.2,1875,6.6,4125,0,161250
LT30Jan201420CE.NFO,07/01/2020,13:30:29,6.8,6.15,750,6.6,4125,0,161250
LT30Jan201420CE.NFO,07/01/2020,13:30:37,6.8,6.1,1875,6.6,4125,0,161250
LT30Jan201420CE.NFO,07/01/2020,13:30:42,6.8,6.2,750,6.6,4125,0,161250
LT30Jan201420CE.NFO,07/01/2020,13:30:47,6.8,6.15,750,6.6,4125,0,161250
LT30Jan201420CE.NFO,07/01/2020,13:31:01,6.8,6.15,3375,6.6,1125,0,161250
LT30Jan201420CE.NFO,07/01/2020,13:31:30,6.8,6.15,3375,6.5,1500,0,161250
LT30Jan201420CE.NFO,07/01/2020,13:31:36,6.8,6.2,2250,6.55,375,0,161250
LT30Jan201420CE.NFO,07/01/2020,13:31:55,6.75,6.4,1875,6.8,750,375,161250
LT30Jan201420CE.NFO,07/01/2020,13:32:03,6.8,6.4,1875,6.7,375,375,161250
LT30Jan201420CE.NFO,07/01/2020,13:32:09,6.8,6.4,1875,6.7,1500,0,161250
LT30Jan201420CE.NFO,07/01/2020,13:32:35,6.8,6.3,750,6.7,1500,0,161250
LT30Jan201420CE.NFO,07/01/2020,13:33:05,6.8,6.35,1875,6.75,1125,0,161250
LT30Jan201420CE.NFO,07/01/2020,13:33:23,6.8,6.45,1125,6.75,1125,0,161250
LT30Jan201420CE.NFO,07/01/2020,13:33:28,6.8,6.4,1125,6.6,750,0,161250
LT30Jan201420CE.NFO,07/01/2020,13:33:54,6.8,6.4,2250,6.65,1125,0,161250
LT30Jan201420CE.NFO,07/01/2020,13:34:08,6.8,6.4,2250,6.75,1125,0,161250
LT30Jan201420CE.NFO,07/01/2020,13:34:23,6.8,6.4,1875,6.75,1125,0,161250
LT30Jan201420CE.NFO,07/01/2020,13:34:59,6.8,6.45,750,6.8,375,0,161250
LT30Jan201420CE.NFO,07/01/2020,13:35:22,6.8,6.5,1875,6.85,1125,0,161250
LT30Jan201420CE.NFO,07/01/2020,13:35:39,6.8,6.5,1875,6.95,2250,0,161250
LT30Jan201420CE.NFO,07/01/2020,13:36:11,6.8,6.65,1125,6.95,2250,0,161250
LT30Jan201420CE.NFO,07/01/2020,13:36:29,6.8,6.65,1875,6.95,1125,0,161250
LT30Jan201420CE.NFO,07/01/2020,13:36:52,6.8,6.65,1875,6.9,2250,0,161250
LT30Jan201420CE.NFO,07/01/2020,13:37:03,6.8,6.65,1875,6.95,1125,0,161250
LT30Jan201420CE.NFO,07/01/2020,13:37:12,6.8,6.65,1875,7,1500,0,161250
LT30Jan201420CE.NFO,07/01/2020,13:37:43,6.8,6.65,1875,7,4125,0,161250
LT30Jan201420CE.NFO,07/01/2020,13:37:48,6.8,6.7,1125,7,4125,0,161250
LT30Jan201420CE.NFO,07/01/2020,13:38:02,6.8,6.7,1875,7,4125,0,161250
LT30Jan201420CE.NFO,07/01/2020,13:38:08,6.8,6.7,1125,7,3000,0,161250
LT30Jan201420CE.NFO,07/01/2020,13:38:21,6.8,6.7,1125,7,4125,0,161250
LT30Jan201420CE.NFO,07/01/2020,13:39:04,6.8,6.7,1125,7,3000,0,161250
LT30Jan201420CE.NFO,07/01/2020,13:39:43,6.7,6.55,750,6.95,1500,375,161625
LT30Jan201420CE.NFO,07/01/2020,13:39:49,6.7,6.55,750,6.85,750,0,161625
LT30Jan201420CE.NFO,07/01/2020,13:40:23,6.7,6.5,1875,6.75,2625,0,161625
LT30Jan201420CE.NFO,07/01/2020,13:40:27,6.7,6.5,750,6.75,2625,0,161625
LT30Jan201420CE.NFO,07/01/2020,13:40:30,6.7,6.45,750,6.75,2625,0,161625
LT30Jan201420CE.NFO,07/01/2020,13:40:53,6.7,6.5,2250,6.8,3750,0,161625
LT30Jan201420CE.NFO,07/01/2020,13:41:10,6.7,6.45,750,6.75,2625,0,161625
LT30Jan201420CE.NFO,07/01/2020,13:41:52,6.45,6.4,2250,6.65,1875,750,161625
LT30Jan201420CE.NFO,07/01/2020,13:42:02,6.45,6.4,2250,6.65,1875,0,161625
LT30Jan201420CE.NFO,07/01/2020,13:42:17,6.45,6.5,1500,6.8,3750,0,161625
LT30Jan201420CE.NFO,07/01/2020,13:42:36,6.65,6.65,750,6.75,750,2625,161625
LT30Jan201420CE.NFO,07/01/2020,13:42:40,6.65,6.65,750,6.75,750,0,161625
LT30Jan201420CE.NFO,07/01/2020,13:42:44,6.65,6.65,375,6.75,750,375,161625
LT30Jan201420CE.NFO,07/01/2020,13:42:52,6.65,6.65,375,6.8,1125,0,161625
LT30Jan201420CE.NFO,07/01/2020,13:42:56,6.65,6.65,375,6.85,1875,0,161625
LT30Jan201420CE.NFO,07/01/2020,13:43:12,6.65,6.6,1125,6.85,1875,0,161625
LT30Jan201420CE.NFO,07/01/2020,13:43:27,6.65,6.6,1125,6.85,750,0,161625
LT30Jan201420CE.NFO,07/01/2020,13:44:41,6.65,6.65,1125,6.9,1125,0,161625
LT30Jan201420CE.NFO,07/01/2020,13:44:48,6.9,6.65,1875,6.9,750,375,161625
LT30Jan201420CE.NFO,07/01/2020,13:44:54,6.9,6.6,1125,6.85,1875,0,161625
LT30Jan201420CE.NFO,07/01/2020,13:45:11,6.9,6.65,1500,6.95,750,0,161625
LT30Jan201420CE.NFO,07/01/2020,13:45:24,6.9,6.65,2250,6.95,750,0,161625
LT30Jan201420CE.NFO,07/01/2020,13:45:52,6.9,6.65,2250,7,1125,0,161625
LT30Jan201420CE.NFO,07/01/2020,13:46:03,6.9,6.8,2250,7,1125,0,161625
LT30Jan201420CE.NFO,07/01/2020,13:46:07,6.9,6.8,1125,7,1125,0,161625
LT30Jan201420CE.NFO,07/01/2020,13:46:20,6.9,6.7,750,7,2250,0,161625
LT30Jan201420CE.NFO,07/01/2020,13:46:24,6.9,6.65,1500,6.9,1125,0,161625
LT30Jan201420CE.NFO,07/01/2020,13:46:43,6.9,6.65,2250,6.95,750,0,161625
LT30Jan201420CE.NFO,07/01/2020,13:47:05,6.9,6.6,750,6.9,1875,0,161625
LT30Jan201420CE.NFO,07/01/2020,13:47:11,6.9,6.75,750,6.95,750,0,161625
LT30Jan201420CE.NFO,07/01/2020,13:47:22,6.9,6.7,1875,6.9,750,0,161625
LT30Jan201420CE.NFO,07/01/2020,13:47:52,6.9,6.7,1125,6.9,750,0,161625
LT30Jan201420CE.NFO,07/01/2020,13:47:56,6.9,6.75,750,6.95,750,0,161625
LT30Jan201420CE.NFO,07/01/2020,13:48:23,6.9,6.75,1500,7,375,0,161625
LT30Jan201420CE.NFO,07/01/2020,13:48:28,6.75,6.75,375,6.95,1500,375,159750
LT30Jan201420CE.NFO,07/01/2020,13:48:33,6.75,6.7,1875,6.95,1500,0,159750
LT30Jan201420CE.NFO,07/01/2020,13:48:47,6.75,6.7,1875,6.9,750,0,159750
LT30Jan201420CE.NFO,07/01/2020,13:48:52,6.75,6.8,1125,6.95,750,0,159750
LT30Jan201420CE.NFO,07/01/2020,13:49:10,6.8,6.8,750,6.95,375,750,159750
LT30Jan201420CE.NFO,07/01/2020,13:49:16,6.8,6.8,1500,7,1125,0,159750
LT30Jan201420CE.NFO,07/01/2020,13:49:22,6.8,6.8,750,7,1125,0,159750
LT30Jan201420CE.NFO,07/01/2020,13:50:47,6.8,6.8,750,7,375,0,159750
LT30Jan201420CE.NFO,07/01/2020,13:51:01,7,6.8,750,7,750,375,159750
LT30Jan201420CE.NFO,07/01/2020,13:51:07,7,6.8,750,7,750,0,159750
LT30Jan201420CE.NFO,07/01/2020,13:51:39,7,6.8,1500,7,750,0,159750
LT30Jan201420CE.NFO,07/01/2020,13:52:02,7,6.8,1500,7.05,750,0,159750
LT30Jan201420CE.NFO,07/01/2020,13:52:11,7,6.8,1500,7.05,1500,0,159750
LT30Jan201420CE.NFO,07/01/2020,13:52:37,7,6.8,1500,6.95,750,0,159750
LT30Jan201420CE.NFO,07/01/2020,13:52:41,7,6.8,1875,7,1125,0,159750
LT30Jan201420CE.NFO,07/01/2020,13:52:55,7,6.8,1875,7,375,0,159750
LT30Jan201420CE.NFO,07/01/2020,13:53:12,7,6.8,1500,7,1125,0,159750
LT30Jan201420CE.NFO,07/01/2020,13:53:52,6.8,6.7,1500,6.95,1875,750,159375
LT30Jan201420CE.NFO,07/01/2020,13:53:59,6.8,6.7,1500,6.95,1875,0,159375
LT30Jan201420CE.NFO,07/01/2020,13:54:33,6.8,6.7,1500,7,750,0,159375
LT30Jan201420CE.NFO,07/01/2020,13:54:42,6.8,6.7,1500,6.9,375,0,159375
LT30Jan201420CE.NFO,07/01/2020,13:54:50,6.8,6.7,1500,7,750,0,159375
LT30Jan201420CE.NFO,07/01/2020,13:57:02,6.8,6.8,750,7,750,0,159375
LT30Jan201420CE.NFO,07/01/2020,13:57:05,6.8,6.85,375,7.05,1500,0,159375
LT30Jan201420CE.NFO,07/01/2020,13:57:31,6.85,6.75,750,7.05,1500,375,156750
LT30Jan201420CE.NFO,07/01/2020,13:57:33,6.85,6.75,750,6.95,1125,0,156750
LT30Jan201420CE.NFO,07/01/2020,13:58:06,6.85,6.75,1500,7,750,0,156750
LT30Jan201420CE.NFO,07/01/2020,13:58:17,6.85,6.75,1500,7.05,1500,0,156750
LT30Jan201420CE.NFO,07/01/2020,13:58:31,6.85,6.75,750,7.05,1500,0,156750
LT30Jan201420CE.NFO,07/01/2020,13:58:58,6.85,6.8,1125,7.05,1500,0,156750
LT30Jan201420CE.NFO,07/01/2020,14:00:09,6.85,6.8,1875,7,1125,0,156750
LT30Jan201420CE.NFO,07/01/2020,14:00:29,6.85,6.75,750,7,1125,0,156750
LT30Jan201420CE.NFO,07/01/2020,14:00:42,6.85,6.85,750,7,375,0,156750
LT30Jan201420CE.NFO,07/01/2020,14:00:48,7,6.85,1500,7.15,750,375,156750
LT30Jan201420CE.NFO,07/01/2020,14:00:55,7,6.85,1500,7.15,750,0,156750
LT30Jan201420CE.NFO,07/01/2020,14:01:01,7,6.95,750,7.15,1500,0,156750
LT30Jan201420CE.NFO,07/01/2020,14:01:06,6.95,6.8,1500,7.05,1500,375,156750
LT30Jan201420CE.NFO,07/01/2020,14:01:11,6.95,6.8,1500,7.05,1500,0,156750
LT30Jan201420CE.NFO,07/01/2020,14:01:20,6.95,6.75,375,7.05,1500,0,156750
LT30Jan201420CE.NFO,07/01/2020,14:01:45,6.95,6.8,1125,7.1,750,0,156750
LT30Jan201420CE.NFO,07/01/2020,14:01:52,6.95,6.95,1125,7.1,750,0,156750
LT30Jan201420CE.NFO,07/01/2020,14:02:18,6.95,6.85,1125,7.05,1500,0,156750
LT30Jan201420CE.NFO,07/01/2020,14:02:36,6.95,6.9,375,7.1,750,0,156750
LT30Jan201420CE.NFO,07/01/2020,14:02:51,6.95,6.85,1500,7.05,750,0,156750
LT30Jan201420CE.NFO,07/01/2020,14:03:10,6.95,6.9,750,7.1,750,0,156750
LT30Jan201420CE.NFO,07/01/2020,14:03:15,6.95,6.85,1500,7.05,750,0,156750
LT30Jan201420CE.NFO,07/01/2020,14:03:39,6.95,6.9,1125,7.15,1500,0,156750
LT30Jan201420CE.NFO,07/01/2020,14:03:46,6.95,6.9,1125,7.15,750,0,156750
LT30Jan201420CE.NFO,07/01/2020,14:03:55,6.95,6.9,1125,7.2,1125,0,156750
LT30Jan201420CE.NFO,07/01/2020,14:04:01,6.95,6.9,375,7.1,750,0,156750
LT30Jan201420CE.NFO,07/01/2020,14:04:38,6.95,6.85,1500,7.1,1500,0,156750
LT30Jan201420CE.NFO,07/01/2020,14:04:56,6.85,6.75,1500,7,1500,1125,156375
LT30Jan201420CE.NFO,07/01/2020,14:05:01,6.85,6.75,1500,7,1500,0,156375
LT30Jan201420CE.NFO,07/01/2020,14:05:10,6.85,6.75,375,7,1500,0,156375
LT30Jan201420CE.NFO,07/01/2020,14:05:18,6.85,6.7,2250,7,1500,0,156375
LT30Jan201420CE.NFO,07/01/2020,14:05:36,6.85,6.7,1125,7,4125,0,156375
LT30Jan201420CE.NFO,07/01/2020,14:05:46,6.85,6.7,375,7,4125,0,156375
LT30Jan201420CE.NFO,07/01/2020,14:05:51,6.85,6.65,375,7,4125,0,156375
LT30Jan201420CE.NFO,07/01/2020,14:06:07,6.85,6.65,375,6.9,1125,0,156375
LT30Jan201420CE.NFO,07/01/2020,14:06:28,6.85,6.7,750,6.95,750,0,156375
LT30Jan201420CE.NFO,07/01/2020,14:07:20,6.85,6.65,375,6.9,750,0,156375
LT30Jan201420CE.NFO,07/01/2020,14:08:01,6.85,6.65,1500,6.9,1500,0,156375
LT30Jan201420CE.NFO,07/01/2020,14:08:21,6.85,6.65,375,6.9,1500,0,156375
LT30Jan201420CE.NFO,07/01/2020,14:08:41,6.85,6.65,375,6.9,4125,0,156375
LT30Jan201420CE.NFO,07/01/2020,14:08:46,6.65,6.6,1125,6.9,4125,375,156000
LT30Jan201420CE.NFO,07/01/2020,14:08:50,6.65,6.6,2250,6.8,750,0,156000
LT30Jan201420CE.NFO,07/01/2020,14:08:54,6.65,6.6,2250,6.85,750,0,156000
LT30Jan201420CE.NFO,07/01/2020,14:08:59,6.65,6.6,2250,6.9,4125,0,156000
LT30Jan201420CE.NFO,07/01/2020,14:09:14,6.65,6.65,1875,6.9,4125,0,156000
LT30Jan201420CE.NFO,07/01/2020,14:09:18,6.65,6.6,2250,6.8,750,0,156000
LT30Jan201420CE.NFO,07/01/2020,14:09:24,6.75,6.6,2250,6.8,750,375,155625
LT30Jan201420CE.NFO,07/01/2020,14:09:47,6.75,6.6,2250,6.85,750,0,155625
LT30Jan201420CE.NFO,07/01/2020,14:09:54,6.75,6.6,2250,6.9,750,0,155625
LT30Jan201420CE.NFO,07/01/2020,14:10:02,6.75,6.6,2250,6.95,750,0,155625
LT30Jan201420CE.NFO,07/01/2020,14:10:16,6.75,6.65,1125,6.9,1875,1125,155625
LT30Jan201420CE.NFO,07/01/2020,14:10:27,6.75,6.7,2250,6.95,750,0,155625
LT30Jan201420CE.NFO,07/01/2020,14:11:12,6.75,6.8,1875,6.95,750,0,155625
LT30Jan201420CE.NFO,07/01/2020,14:11:17,6.75,6.8,750,6.95,750,0,155625
LT30Jan201420CE.NFO,07/01/2020,14:11:27,6.75,6.7,3375,6.95,1500,0,155625
LT30Jan201420CE.NFO,07/01/2020,14:11:52,6.75,6.7,3375,6.95,750,0,155625
LT30Jan201420CE.NFO,07/01/2020,14:12:10,6.75,6.7,3375,7.05,750,0,155625
LT30Jan201420CE.NFO,07/01/2020,14:12:30,6.75,6.7,2250,7.05,750,0,155625
LT30Jan201420CE.NFO,07/01/2020,14:12:35,6.75,6.7,2250,6.95,1125,0,155625
LT30Jan201420CE.NFO,07/01/2020,14:12:51,6.75,6.7,1125,6.95,1875,0,155625
LT30Jan201420CE.NFO,07/01/2020,14:13:27,6.75,6.65,2250,7.05,750,0,155625
LT30Jan201420CE.NFO,07/01/2020,14:13:35,6.75,6.8,2250,7,750,0,155625
LT30Jan201420CE.NFO,07/01/2020,14:13:42,6.75,6.75,2250,7,1500,0,155625
LT30Jan201420CE.NFO,07/01/2020,14:13:54,6.75,6.75,1125,7,1500,0,155625
LT30Jan201420CE.NFO,07/01/2020,14:14:22,6.75,6.7,2250,7,1500,0,155625
LT30Jan201420CE.NFO,07/01/2020,14:14:47,6.75,6.7,1125,7,1500,0,155625
LT30Jan201420CE.NFO,07/01/2020,14:15:06,6.75,6.7,1125,7,750,0,155625
LT30Jan201420CE.NFO,07/01/2020,14:17:55,6.75,6.7,1125,7,1500,0,155625
LT30Jan201420CE.NFO,07/01/2020,14:20:07,6.75,6.75,1125,6.95,2625,0,155625
LT30Jan201420CE.NFO,07/01/2020,14:20:17,6.75,6.75,1125,6.95,1500,0,155625
LT30Jan201420CE.NFO,07/01/2020,14:20:25,6.75,6.75,1125,6.95,750,0,155625
LT30Jan201420CE.NFO,07/01/2020,14:20:32,6.75,6.8,2250,7.05,750,0,155625
LT30Jan201420CE.NFO,07/01/2020,14:21:08,6.75,6.8,1125,7.05,750,0,155625
LT30Jan201420CE.NFO,07/01/2020,14:22:33,6.75,6.9,375,7.05,750,0,155625
LT30Jan201420CE.NFO,07/01/2020,14:22:44,7.05,6.85,1125,7.1,1125,375,156000
LT30Jan201420CE.NFO,07/01/2020,14:22:48,7.05,6.85,1125,7.1,1125,0,156000
LT30Jan201420CE.NFO,07/01/2020,14:24:02,7.05,6.85,1125,7.1,750,0,156000
LT30Jan201420CE.NFO,07/01/2020,14:25:38,7.05,6.85,1125,7.05,375,0,156000
LT30Jan201420CE.NFO,07/01/2020,14:26:49,7.05,6.8,1125,7,750,0,156000
LT30Jan201420CE.NFO,07/01/2020,14:27:03,7.05,6.85,1875,7.05,750,0,156000
LT30Jan201420CE.NFO,07/01/2020,14:27:09,7.05,6.85,1875,7.15,750,750,156375
LT30Jan201420CE.NFO,07/01/2020,14:27:16,7.05,6.85,1875,7.15,750,0,156375
LT30Jan201420CE.NFO,07/01/2020,14:28:12,7.05,6.85,1875,7.15,1875,0,156375
LT30Jan201420CE.NFO,07/01/2020,14:28:40,7.05,6.9,2250,7.15,1875,0,156375
LT30Jan201420CE.NFO,07/01/2020,14:29:02,7.05,6.9,1125,7.15,1875,0,156375
LT30Jan201420CE.NFO,07/01/2020,14:29:33,7.05,6.95,2250,7.15,1875,0,156375
LT30Jan201420CE.NFO,07/01/2020,14:29:37,7.05,6.9,1125,7.15,1875,0,156375
LT30Jan201420CE.NFO,07/01/2020,14:30:06,7.05,6.95,2250,7.15,1875,0,156375
LT30Jan201420CE.NFO,07/01/2020,14:30:27,7.05,7,750,7.25,1500,0,156375
LT30Jan201420CE.NFO,07/01/2020,14:30:35,7.05,7,750,7.3,1125,0,156375
LT30Jan201420CE.NFO,07/01/2020,14:30:44,7.05,7,1875,7.35,2250,0,156375
LT30Jan201420CE.NFO,07/01/2020,14:30:52,7.05,7.25,1125,7.55,3375,0,156375
LT30Jan201420CE.NFO,07/01/2020,14:31:00,7.25,7.2,375,7.45,4500,750,156750
LT30Jan201420CE.NFO,07/01/2020,14:31:07,7.25,7.05,375,7.45,4500,0,156750
LT30Jan201420CE.NFO,07/01/2020,14:31:35,7.25,7.2,1500,7.45,4500,0,156750
LT30Jan201420CE.NFO,07/01/2020,14:31:42,7.2,7.15,1500,7.45,4500,375,156750
LT30Jan201420CE.NFO,07/01/2020,14:31:48,7.2,7.1,375,7.45,4500,0,156750
LT30Jan201420CE.NFO,07/01/2020,14:31:58,7.2,7.05,375,7.45,4500,0,156750
LT30Jan201420CE.NFO,07/01/2020,14:32:05,7.2,7.05,375,7.35,2250,0,156750
LT30Jan201420CE.NFO,07/01/2020,14:32:22,7.2,7.05,375,7.35,4500,0,156750
LT30Jan201420CE.NFO,07/01/2020,14:32:29,7.2,6.9,375,7.25,1125,0,156750
LT30Jan201420CE.NFO,07/01/2020,14:32:35,7.2,6.95,375,7.25,2250,0,156750
LT30Jan201420CE.NFO,07/01/2020,14:33:04,7.2,6.95,1500,7.25,2250,0,156750
LT30Jan201420CE.NFO,07/01/2020,14:33:34,7.2,7.05,1500,7.25,2250,0,156750
LT30Jan201420CE.NFO,07/01/2020,14:33:46,7.2,7.05,375,7.25,2250,0,156750
LT30Jan201420CE.NFO,07/01/2020,14:33:52,7.2,6.95,2625,7.25,2250,0,156750
LT30Jan201420CE.NFO,07/01/2020,14:35:30,7.2,6.95,1500,7.25,2250,0,156750
LT30Jan201420CE.NFO,07/01/2020,14:35:36,7.2,6.95,375,7.25,2250,0,156750
LT30Jan201420CE.NFO,07/01/2020,14:36:14,7.2,6.9,375,7.15,1125,0,156750
LT30Jan201420CE.NFO,07/01/2020,14:36:30,7.2,6.9,375,7.15,2250,0,156750
LT30Jan201420CE.NFO,07/01/2020,14:36:50,7.2,6.85,1125,7.15,4500,0,156750
LT30Jan201420CE.NFO,07/01/2020,14:36:59,7.2,6.9,1125,7.15,4500,0,156750
LT30Jan201420CE.NFO,07/01/2020,14:37:03,7.2,6.9,1500,7.15,4500,0,156750
LT30Jan201420CE.NFO,07/01/2020,14:37:38,7.2,6.95,1500,7.2,1125,0,156750
LT30Jan201420CE.NFO,07/01/2020,14:37:54,7.2,6.95,1125,7.1,375,0,156750
LT30Jan201420CE.NFO,07/01/2020,14:38:04,7.1,6.95,1500,7.2,1125,375,156750
LT30Jan201420CE.NFO,07/01/2020,14:38:09,7.1,6.95,1500,7.2,1125,0,156750
LT30Jan201420CE.NFO,07/01/2020,14:38:32,7.1,7,1500,7.2,1125,0,156750
LT30Jan201420CE.NFO,07/01/2020,14:38:37,7.1,7,375,7.2,1125,0,156750
LT30Jan201420CE.NFO,07/01/2020,14:38:48,7.1,6.95,1125,7.15,2250,0,156750
LT30Jan201420CE.NFO,07/01/2020,14:39:09,7.1,6.9,1125,7.15,2250,0,156750
LT30Jan201420CE.NFO,07/01/2020,14:39:14,7.1,6.85,375,7.15,2250,0,156750
LT30Jan201420CE.NFO,07/01/2020,14:39:21,7.1,6.85,1125,7.1,4500,0,156750
LT30Jan201420CE.NFO,07/01/2020,14:39:28,7.1,6.95,375,7.15,1125,1125,156750
LT30Jan201420CE.NFO,07/01/2020,14:39:35,7.1,6.9,1125,7.1,1875,0,156750
LT30Jan201420CE.NFO,07/01/2020,14:40:02,7.1,6.95,750,7.15,1125,0,156750
LT30Jan201420CE.NFO,07/01/2020,14:40:07,7.1,6.9,1125,7.1,1875,0,156750
LT30Jan201420CE.NFO,07/01/2020,14:40:12,7.1,6.95,750,7.15,1125,0,156750
LT30Jan201420CE.NFO,07/01/2020,14:40:57,7.1,6.85,1500,7.1,1875,0,156750
LT30Jan201420CE.NFO,07/01/2020,14:41:05,7.1,6.85,1500,7.15,1125,0,156750
LT30Jan201420CE.NFO,07/01/2020,14:41:53,7.1,6.85,1125,7.15,1125,0,156750
LT30Jan201420CE.NFO,07/01/2020,14:42:19,7.1,6.85,1500,7.2,1125,0,156750
LT30Jan201420CE.NFO,07/01/2020,14:43:22,7.1,6.8,375,7.15,4500,0,156750
LT30Jan201420CE.NFO,07/01/2020,14:43:28,7.1,6.9,1125,7.15,4500,0,156750
LT30Jan201420CE.NFO,07/01/2020,14:43:38,6.9,6.75,2250,7.05,1125,750,156750
LT30Jan201420CE.NFO,07/01/2020,14:43:43,6.9,6.75,2250,7.05,1125,0,156750
LT30Jan201420CE.NFO,07/01/2020,14:44:05,6.9,6.75,2625,7.1,1125,0,156750
LT30Jan201420CE.NFO,07/01/2020,14:44:32,6.9,6.75,2250,7.1,1125,0,156750
LT30Jan201420CE.NFO,07/01/2020,14:44:39,6.9,6.75,2250,7,1125,0,156750
LT30Jan201420CE.NFO,07/01/2020,14:44:55,6.9,6.7,1125,7,2250,0,156750
LT30Jan201420CE.NFO,07/01/2020,14:45:00,6.9,6.65,1500,7,2250,0,156750
LT30Jan201420CE.NFO,07/01/2020,14:45:06,6.9,6.6,375,6.9,1125,0,156750
LT30Jan201420CE.NFO,07/01/2020,14:45:15,6.9,6.55,1875,6.9,2250,0,156750
LT30Jan201420CE.NFO,07/01/2020,14:45:31,6.9,6.6,1125,6.8,1875,0,156750
LT30Jan201420CE.NFO,07/01/2020,14:45:43,6.9,6.55,3000,6.8,1875,0,156750
LT30Jan201420CE.NFO,07/01/2020,14:45:49,6.9,6.55,1125,6.8,1875,0,156750
LT30Jan201420CE.NFO,07/01/2020,14:46:02,6.55,6.5,1125,6.8,1875,1125,156750
