Ticker,Date,Time,LTP,BuyPrice,BuyQty,SellPrice,SellQty,LTQ,OpenInterest
LUPIN30Jan20770CE.NFO,07/01/2020,09:19:51,22.45,21.9,1400,23,700,1400,42000
LUPIN30Jan20770CE.NFO,07/01/2020,09:19:51,22.85,21.9,1400,23,700,0,42000
LUPIN30Jan20770CE.NFO,07/01/2020,09:19:51,22.85,21.9,1400,23,700,0,42000
LUPIN30Jan20770CE.NFO,07/01/2020,09:19:51,22.45,21.9,1400,23,700,0,42000
LUPIN30Jan20770CE.NFO,07/01/2020,09:19:58,22.85,22.1,1400,23,700,0,42000
LUPIN30Jan20770CE.NFO,07/01/2020,09:20:10,22.85,22.1,1400,23.35,700,0,42000
LUPIN30Jan20770CE.NFO,07/01/2020,09:20:13,22.85,22.1,1400,23.25,700,0,42000
LUPIN30Jan20770CE.NFO,07/01/2020,09:20:14,22.85,22.1,2100,23.25,700,0,42000
LUPIN30Jan20770CE.NFO,07/01/2020,09:20:20,22.85,22.1,2100,23.5,700,0,42000
LUPIN30Jan20770CE.NFO,07/01/2020,09:20:22,22.85,22.3,1400,23.9,1400,0,42000
LUPIN30Jan20770CE.NFO,07/01/2020,09:20:23,22.85,22.3,1400,23.75,700,0,42000
LUPIN30Jan20770CE.NFO,07/01/2020,09:20:25,22.85,22.95,700,23.7,700,0,42000
LUPIN30Jan20770CE.NFO,07/01/2020,09:20:26,22.85,22.95,700,23.85,700,0,42000
LUPIN30Jan20770CE.NFO,07/01/2020,09:20:27,22.85,22.95,700,23.95,700,0,42000
LUPIN30Jan20770CE.NFO,07/01/2020,09:20:29,22.85,23.05,700,24,700,0,42000
LUPIN30Jan20770CE.NFO,07/01/2020,09:20:32,22.85,22.95,700,23.95,700,0,42000
LUPIN30Jan20770CE.NFO,07/01/2020,09:20:58,22.85,23.15,700,23.95,700,0,42000
LUPIN30Jan20770CE.NFO,07/01/2020,09:21:02,22.85,22.9,700,23.85,1400,0,42000
LUPIN30Jan20770CE.NFO,07/01/2020,09:21:16,22.85,22.9,700,23.5,700,0,42000
LUPIN30Jan20770CE.NFO,07/01/2020,09:21:30,22.85,22.9,700,23.8,700,0,42000
LUPIN30Jan20770CE.NFO,07/01/2020,09:21:43,22.85,22.9,700,23.75,700,0,42000
LUPIN30Jan20770CE.NFO,07/01/2020,09:22:03,22.85,22.85,700,23.7,1400,0,42000
LUPIN30Jan20770CE.NFO,07/01/2020,09:22:10,22.85,22.9,700,23.75,700,0,42000
LUPIN30Jan20770CE.NFO,07/01/2020,09:22:17,22.85,22.85,700,23.65,700,0,42000
LUPIN30Jan20770CE.NFO,07/01/2020,09:22:24,22.85,22.85,700,23.55,700,0,42000
LUPIN30Jan20770CE.NFO,07/01/2020,09:22:30,22.85,22.85,700,23.5,700,0,42000
LUPIN30Jan20770CE.NFO,07/01/2020,09:22:37,22.85,22.2,700,23.45,700,0,42000
LUPIN30Jan20770CE.NFO,07/01/2020,09:22:43,22.85,22.15,700,23.25,700,0,42000
LUPIN30Jan20770CE.NFO,07/01/2020,09:22:50,22.85,22.45,700,23.4,700,0,42000
LUPIN30Jan20770CE.NFO,07/01/2020,09:22:56,22.85,22.35,1400,23.45,700,0,42000
LUPIN30Jan20770CE.NFO,07/01/2020,09:23:02,22.85,22.45,700,23.65,700,0,42000
LUPIN30Jan20770CE.NFO,07/01/2020,09:23:12,22.85,22.55,700,23.8,700,0,42000
LUPIN30Jan20770CE.NFO,07/01/2020,09:23:13,22.85,22.6,700,23.8,700,0,42000
LUPIN30Jan20770CE.NFO,07/01/2020,09:23:18,22.85,22.55,1400,23.75,700,0,42000
LUPIN30Jan20770CE.NFO,07/01/2020,09:23:32,22.85,22.45,700,23.8,700,0,42000
LUPIN30Jan20770CE.NFO,07/01/2020,09:23:33,22.85,22.65,1400,23.8,700,0,42000
LUPIN30Jan20770CE.NFO,07/01/2020,09:23:36,22.85,22.35,700,23.65,700,0,42000
LUPIN30Jan20770CE.NFO,07/01/2020,09:23:39,22.85,22.35,1400,23.55,700,0,42000
LUPIN30Jan20770CE.NFO,07/01/2020,09:23:49,22.85,22.4,700,23.5,700,0,42000
LUPIN30Jan20770CE.NFO,07/01/2020,09:23:49,22.85,22.5,1400,23.5,700,0,42000
LUPIN30Jan20770CE.NFO,07/01/2020,09:23:51,22.85,22.5,700,23.5,700,0,42000
LUPIN30Jan20770CE.NFO,07/01/2020,09:23:52,22.85,22.55,700,23.5,700,0,42000
LUPIN30Jan20770CE.NFO,07/01/2020,09:23:54,22.85,22.25,1400,23.5,700,0,42000
LUPIN30Jan20770CE.NFO,07/01/2020,09:23:55,22.85,22.4,700,23.5,700,0,42000
LUPIN30Jan20770CE.NFO,07/01/2020,09:23:56,22.85,22.5,700,23.5,700,0,42000
LUPIN30Jan20770CE.NFO,07/01/2020,09:23:57,22.85,22.4,700,23.5,700,0,42000
LUPIN30Jan20770CE.NFO,07/01/2020,09:23:58,22.85,22.6,1400,23.6,700,0,42000
LUPIN30Jan20770CE.NFO,07/01/2020,09:23:59,22.85,22.65,700,23.6,700,0,42000
LUPIN30Jan20770CE.NFO,07/01/2020,09:24:00,22.85,22.7,700,23.65,700,0,42000
LUPIN30Jan20770CE.NFO,07/01/2020,09:24:01,22.85,22.6,700,23.65,700,0,42000
LUPIN30Jan20770CE.NFO,07/01/2020,09:24:02,22.85,22.75,700,23.75,1400,0,42000
LUPIN30Jan20770CE.NFO,07/01/2020,09:24:03,22.85,22.7,1400,23.7,700,0,42000
LUPIN30Jan20770CE.NFO,07/01/2020,09:24:05,22.85,22.6,1400,23.65,700,0,42000
LUPIN30Jan20770CE.NFO,07/01/2020,09:24:05,22.85,22.6,700,23.5,700,0,42000
LUPIN30Jan20770CE.NFO,07/01/2020,09:24:06,22.85,22.6,1400,23.5,700,0,42000
LUPIN30Jan20770CE.NFO,07/01/2020,09:24:08,22.85,22.7,700,23.5,700,0,42000
LUPIN30Jan20770CE.NFO,07/01/2020,09:24:10,22.85,22.85,700,23.5,700,0,42000
LUPIN30Jan20770CE.NFO,07/01/2020,09:24:11,22.85,22.55,1400,23.35,1400,0,42000
LUPIN30Jan20770CE.NFO,07/01/2020,09:24:13,22.85,22.5,700,23.15,700,0,42000
LUPIN30Jan20770CE.NFO,07/01/2020,09:24:14,22.85,22.3,700,23.2,700,0,42000
LUPIN30Jan20770CE.NFO,07/01/2020,09:24:14,22.85,22.2,700,23.2,700,0,42000
LUPIN30Jan20770CE.NFO,07/01/2020,09:24:16,22.85,22.45,1400,23.2,700,0,42000
LUPIN30Jan20770CE.NFO,07/01/2020,09:24:20,22.85,22.45,1400,23.3,700,0,42000
LUPIN30Jan20770CE.NFO,07/01/2020,09:24:21,22.85,22.15,1400,23.25,700,0,42000
LUPIN30Jan20770CE.NFO,07/01/2020,09:24:22,22.85,22.3,700,23.2,700,0,42000
LUPIN30Jan20770CE.NFO,07/01/2020,09:24:23,22.85,22.45,700,23.25,1400,0,42000
LUPIN30Jan20770CE.NFO,07/01/2020,09:24:26,22.85,22.45,1400,23.15,700,0,42000
LUPIN30Jan20770CE.NFO,07/01/2020,09:24:26,22.85,22.15,1400,23.15,700,0,42000
LUPIN30Jan20770CE.NFO,07/01/2020,09:24:27,22.85,22.35,700,23.15,700,0,42000
LUPIN30Jan20770CE.NFO,07/01/2020,09:24:28,22.85,22.5,1400,23.2,700,0,42000
LUPIN30Jan20770CE.NFO,07/01/2020,09:24:29,22.85,22.5,1400,23.35,2100,0,42000
LUPIN30Jan20770CE.NFO,07/01/2020,09:24:31,22.85,22.5,1400,23.2,1400,0,42000
LUPIN30Jan20770CE.NFO,07/01/2020,09:24:32,22.85,22.2,700,23.25,700,0,42000
LUPIN30Jan20770CE.NFO,07/01/2020,09:24:33,22.85,22.5,700,23.35,700,0,42000
LUPIN30Jan20770CE.NFO,07/01/2020,09:24:34,22.85,22.3,700,23.25,700,0,42000
LUPIN30Jan20770CE.NFO,07/01/2020,09:24:36,22.85,22.4,700,23.25,700,0,42000
LUPIN30Jan20770CE.NFO,07/01/2020,09:24:36,22.85,22.5,700,23.25,700,0,42000
LUPIN30Jan20770CE.NFO,07/01/2020,09:24:37,22.85,22.2,700,23.25,700,0,42000
LUPIN30Jan20770CE.NFO,07/01/2020,09:24:38,22.85,22.5,700,23.25,700,0,42000
LUPIN30Jan20770CE.NFO,07/01/2020,09:24:39,22.85,22.4,700,23.25,700,0,42000
LUPIN30Jan20770CE.NFO,07/01/2020,09:24:40,22.85,22.5,700,23.25,700,0,42000
LUPIN30Jan20770CE.NFO,07/01/2020,09:24:41,22.85,22.3,700,23.25,700,0,42000
LUPIN30Jan20770CE.NFO,07/01/2020,09:24:42,22.85,22.3,700,23.2,700,0,42000
LUPIN30Jan20770CE.NFO,07/01/2020,09:24:43,22.85,22.3,700,23.25,700,0,42000
LUPIN30Jan20770CE.NFO,07/01/2020,09:24:44,22.85,22.3,700,23.35,1400,0,42000
LUPIN30Jan20770CE.NFO,07/01/2020,09:24:45,22.85,22.45,700,23.35,700,0,42000
LUPIN30Jan20770CE.NFO,07/01/2020,09:24:46,22.85,22.25,700,23.35,700,0,42000
LUPIN30Jan20770CE.NFO,07/01/2020,09:24:47,22.85,22.3,700,23.25,700,0,42000
LUPIN30Jan20770CE.NFO,07/01/2020,09:24:48,22.85,22.35,700,23.25,700,0,42000
LUPIN30Jan20770CE.NFO,07/01/2020,09:24:50,22.85,22.25,1400,23.3,700,0,42000
LUPIN30Jan20770CE.NFO,07/01/2020,09:24:51,22.85,22.2,700,23.25,700,0,42000
LUPIN30Jan20770CE.NFO,07/01/2020,09:24:52,22.85,22.5,700,23.25,700,0,42000
LUPIN30Jan20770CE.NFO,07/01/2020,09:24:54,22.85,22.45,700,23.25,700,0,42000
LUPIN30Jan20770CE.NFO,07/01/2020,09:24:58,22.85,22.3,700,23.25,700,0,42000
LUPIN30Jan20770CE.NFO,07/01/2020,09:25:00,22.85,22.3,700,23.2,700,0,42000
LUPIN30Jan20770CE.NFO,07/01/2020,09:25:01,22.85,22.3,700,23.25,700,0,42000
LUPIN30Jan20770CE.NFO,07/01/2020,09:25:03,22.85,22.3,1400,23.25,700,0,42000
LUPIN30Jan20770CE.NFO,07/01/2020,09:25:03,22.85,22.35,700,23.25,700,0,42000
LUPIN30Jan20770CE.NFO,07/01/2020,09:25:05,22.85,22.5,700,23.25,700,0,42000
LUPIN30Jan20770CE.NFO,07/01/2020,09:25:06,22.85,22.35,1400,23.25,700,0,42000
LUPIN30Jan20770CE.NFO,07/01/2020,09:25:07,22.85,22.5,1400,23.3,700,0,42000
LUPIN30Jan20770CE.NFO,07/01/2020,09:25:08,22.85,22.5,700,23.3,700,0,42000
LUPIN30Jan20770CE.NFO,07/01/2020,09:25:09,22.85,22.45,1400,23.3,700,0,42000
LUPIN30Jan20770CE.NFO,07/01/2020,09:25:10,22.85,22.65,700,23.5,700,0,42000
LUPIN30Jan20770CE.NFO,07/01/2020,09:25:11,22.85,22.7,700,23.5,700,0,42000
LUPIN30Jan20770CE.NFO,07/01/2020,09:25:12,22.85,22.65,700,23.5,700,0,42000
LUPIN30Jan20770CE.NFO,07/01/2020,09:25:15,22.85,22.7,700,23.5,700,0,42000
LUPIN30Jan20770CE.NFO,07/01/2020,09:25:17,22.85,22.6,700,23.5,700,0,42000
LUPIN30Jan20770CE.NFO,07/01/2020,09:25:18,22.85,22.6,1400,23.5,700,0,42000
LUPIN30Jan20770CE.NFO,07/01/2020,09:25:20,22.85,22.65,700,23.5,700,0,42000
LUPIN30Jan20770CE.NFO,07/01/2020,09:25:23,22.85,22.7,700,23.5,700,0,42000
LUPIN30Jan20770CE.NFO,07/01/2020,09:25:25,22.85,22.65,700,23.5,700,0,42000
LUPIN30Jan20770CE.NFO,07/01/2020,09:25:26,22.85,22.75,700,23.5,700,0,42000
LUPIN30Jan20770CE.NFO,07/01/2020,09:25:27,22.85,22.65,1400,23.5,700,0,42000
LUPIN30Jan20770CE.NFO,07/01/2020,09:25:28,22.85,22.75,700,23.5,700,0,42000
LUPIN30Jan20770CE.NFO,07/01/2020,09:25:29,22.85,22.55,1400,23.5,700,0,42000
LUPIN30Jan20770CE.NFO,07/01/2020,09:25:35,22.85,22.55,2100,23.5,700,0,42000
LUPIN30Jan20770CE.NFO,07/01/2020,09:25:38,22.85,22.55,1400,23.45,2100,0,42000
LUPIN30Jan20770CE.NFO,07/01/2020,09:25:39,22.85,22.55,700,23.35,700,0,42000
LUPIN30Jan20770CE.NFO,07/01/2020,09:25:41,22.85,22.4,700,23.4,700,0,42000
LUPIN30Jan20770CE.NFO,07/01/2020,09:25:42,22.85,22.3,700,23.15,700,0,42000
LUPIN30Jan20770CE.NFO,07/01/2020,09:25:42,22.85,22.5,700,23.15,700,0,42000
LUPIN30Jan20770CE.NFO,07/01/2020,09:25:43,22.85,22.5,700,23.2,1400,0,42000
LUPIN30Jan20770CE.NFO,07/01/2020,09:25:45,22.85,22.4,700,23.2,700,0,42000
LUPIN30Jan20770CE.NFO,07/01/2020,09:25:47,22.85,22.4,1400,23.2,700,0,42000
LUPIN30Jan20770CE.NFO,07/01/2020,09:25:48,22.85,22.2,700,23.1,700,0,42000
LUPIN30Jan20770CE.NFO,07/01/2020,09:25:49,22.85,22.25,700,23.1,1400,0,42000
LUPIN30Jan20770CE.NFO,07/01/2020,09:25:49,22.85,22.15,1400,23.1,1400,0,42000
LUPIN30Jan20770CE.NFO,07/01/2020,09:25:50,22.85,22.25,700,23.1,1400,0,42000
LUPIN30Jan20770CE.NFO,07/01/2020,09:25:51,22.85,22.35,700,23.1,700,0,42000
LUPIN30Jan20770CE.NFO,07/01/2020,09:25:52,22.85,22.4,1400,23.15,700,0,42000
LUPIN30Jan20770CE.NFO,07/01/2020,09:25:53,22.85,22.4,1400,23.35,2800,0,42000
LUPIN30Jan20770CE.NFO,07/01/2020,09:25:55,22.85,22.25,700,23.25,2100,0,42000
LUPIN30Jan20770CE.NFO,07/01/2020,09:25:56,22.85,22.4,700,23.35,2800,0,42000
LUPIN30Jan20770CE.NFO,07/01/2020,09:25:57,22.85,22.3,700,23.25,700,0,42000
LUPIN30Jan20770CE.NFO,07/01/2020,09:25:58,22.35,22.35,700,23.1,1400,700,42000
LUPIN30Jan20770CE.NFO,07/01/2020,09:25:58,22.35,22.35,700,23.1,1400,0,42000
LUPIN30Jan20770CE.NFO,07/01/2020,09:26:02,22.35,22.3,700,23,1400,0,42000
LUPIN30Jan20770CE.NFO,07/01/2020,09:26:02,22.35,22.4,700,23,1400,0,42000
LUPIN30Jan20770CE.NFO,07/01/2020,09:26:03,22.35,22.45,700,23,2100,0,42000
LUPIN30Jan20770CE.NFO,07/01/2020,09:26:04,22.35,22.2,700,23,2100,0,42000
LUPIN30Jan20770CE.NFO,07/01/2020,09:26:05,22.35,22.3,700,23,2100,0,42000
LUPIN30Jan20770CE.NFO,07/01/2020,09:26:06,22.35,22.2,700,23,2100,0,42000
LUPIN30Jan20770CE.NFO,07/01/2020,09:26:07,22.35,22.25,700,23,2100,0,42000
LUPIN30Jan20770CE.NFO,07/01/2020,09:26:08,22.35,22.4,700,23.45,700,0,42000
LUPIN30Jan20770CE.NFO,07/01/2020,09:26:09,22.35,22.4,1400,23.15,700,0,42000
LUPIN30Jan20770CE.NFO,07/01/2020,09:26:11,22.35,22.5,700,23.45,700,0,42000
LUPIN30Jan20770CE.NFO,07/01/2020,09:26:11,22.35,22.4,700,23.35,700,0,42000
LUPIN30Jan20770CE.NFO,07/01/2020,09:26:12,22.35,22.45,700,23.35,700,0,42000
LUPIN30Jan20770CE.NFO,07/01/2020,09:26:13,22.35,22.6,700,23.35,700,0,42000
LUPIN30Jan20770CE.NFO,07/01/2020,09:26:14,22.35,22.45,1400,23.3,700,0,42000
LUPIN30Jan20770CE.NFO,07/01/2020,09:26:15,22.35,22.55,700,23.4,700,0,42000
LUPIN30Jan20770CE.NFO,07/01/2020,09:26:16,22.35,22.5,700,23.4,700,0,42000
LUPIN30Jan20770CE.NFO,07/01/2020,09:26:17,22.35,22.5,1400,23.4,700,0,42000
LUPIN30Jan20770CE.NFO,07/01/2020,09:26:19,22.35,22.45,1400,23.3,1400,0,42000
LUPIN30Jan20770CE.NFO,07/01/2020,09:26:20,22.35,22.4,700,23.3,700,0,42000
LUPIN30Jan20770CE.NFO,07/01/2020,09:26:21,22.35,22.4,700,23.35,1400,0,42000
LUPIN30Jan20770CE.NFO,07/01/2020,09:26:22,22.35,22.3,700,23.3,700,0,42000
LUPIN30Jan20770CE.NFO,07/01/2020,09:26:22,22.35,22.4,1400,23.3,700,0,42000
LUPIN30Jan20770CE.NFO,07/01/2020,09:26:25,22.35,22.25,2100,23.3,700,0,42000
LUPIN30Jan20770CE.NFO,07/01/2020,09:26:26,22.35,22.5,1400,23.3,700,0,42000
LUPIN30Jan20770CE.NFO,07/01/2020,09:26:30,22.35,22.55,700,23.45,700,0,42000
LUPIN30Jan20770CE.NFO,07/01/2020,09:26:31,22.35,22.6,700,23.45,700,0,42000
LUPIN30Jan20770CE.NFO,07/01/2020,09:26:32,22.35,22.65,1400,23.5,700,0,42000
LUPIN30Jan20770CE.NFO,07/01/2020,09:26:32,22.35,22.65,700,23.45,700,0,42000
LUPIN30Jan20770CE.NFO,07/01/2020,09:26:33,22.35,22.6,1400,23.45,700,0,42000
LUPIN30Jan20770CE.NFO,07/01/2020,09:26:34,22.35,22.7,1400,23.5,700,0,42000
LUPIN30Jan20770CE.NFO,07/01/2020,09:26:35,22.35,22.65,700,23.5,700,0,42000
LUPIN30Jan20770CE.NFO,07/01/2020,09:26:36,22.35,22.75,700,23.5,700,0,42000
LUPIN30Jan20770CE.NFO,07/01/2020,09:26:37,22.35,22.6,700,23.5,700,0,42000
LUPIN30Jan20770CE.NFO,07/01/2020,09:26:38,22.35,22.75,700,23.45,700,0,42000
LUPIN30Jan20770CE.NFO,07/01/2020,09:26:43,22.35,22.6,700,23.5,700,0,42000
LUPIN30Jan20770CE.NFO,07/01/2020,09:26:44,22.35,22.7,700,23.5,700,0,42000
LUPIN30Jan20770CE.NFO,07/01/2020,09:26:47,22.35,22.85,700,23.5,700,0,42000
LUPIN30Jan20770CE.NFO,07/01/2020,09:26:47,22.35,22.95,700,23.5,700,0,42000
LUPIN30Jan20770CE.NFO,07/01/2020,09:26:48,22.35,22.95,1400,23.5,700,0,42000
LUPIN30Jan20770CE.NFO,07/01/2020,09:26:49,22.35,22.7,700,23.5,700,0,42000
LUPIN30Jan20770CE.NFO,07/01/2020,09:26:50,22.35,22.7,700,23.45,700,0,42000
LUPIN30Jan20770CE.NFO,07/01/2020,09:26:54,22.35,22.6,700,23.5,700,0,42000
LUPIN30Jan20770CE.NFO,07/01/2020,09:26:54,22.35,22.7,700,23.5,700,0,42000
LUPIN30Jan20770CE.NFO,07/01/2020,09:26:55,22.35,22.65,700,23.5,700,0,42000
LUPIN30Jan20770CE.NFO,07/01/2020,09:26:56,22.35,22.65,700,23.25,700,0,42000
LUPIN30Jan20770CE.NFO,07/01/2020,09:26:57,22.35,22.55,1400,23.35,700,0,42000
LUPIN30Jan20770CE.NFO,07/01/2020,09:26:58,22.35,22.45,1400,23.3,700,0,42000
LUPIN30Jan20770CE.NFO,07/01/2020,09:26:59,22.35,22.6,700,23.3,700,0,42000
LUPIN30Jan20770CE.NFO,07/01/2020,09:27:00,22.35,22.55,700,23.3,700,0,42000
LUPIN30Jan20770CE.NFO,07/01/2020,09:27:01,22.35,22.45,700,23.3,700,0,42000
LUPIN30Jan20770CE.NFO,07/01/2020,09:27:03,22.35,22.45,700,23.05,1400,0,42000
LUPIN30Jan20770CE.NFO,07/01/2020,09:27:04,22.35,22.4,700,23.35,2800,0,42000
LUPIN30Jan20770CE.NFO,07/01/2020,09:27:06,22.35,22.4,700,23.2,1400,0,42000
LUPIN30Jan20770CE.NFO,07/01/2020,09:27:08,22.35,22.4,700,23,700,0,42000
LUPIN30Jan20770CE.NFO,07/01/2020,09:27:08,22.35,22.4,700,23.3,700,0,42000
LUPIN30Jan20770CE.NFO,07/01/2020,09:27:09,22.35,22.4,700,23.15,700,0,42000
LUPIN30Jan20770CE.NFO,07/01/2020,09:27:10,22.35,22.4,1400,23.15,700,0,42000
LUPIN30Jan20770CE.NFO,07/01/2020,09:27:12,22.35,22.4,700,23.15,700,0,42000
LUPIN30Jan20770CE.NFO,07/01/2020,09:27:17,22.35,22.55,700,23.25,700,0,42000
LUPIN30Jan20770CE.NFO,07/01/2020,09:27:18,22.35,22.45,700,23.35,2800,0,42000
LUPIN30Jan20770CE.NFO,07/01/2020,09:27:19,22.35,22.45,700,23.25,700,0,42000
LUPIN30Jan20770CE.NFO,07/01/2020,09:27:20,22.35,22.45,700,23.35,2800,0,42000
LUPIN30Jan20770CE.NFO,07/01/2020,09:27:21,22.35,22.55,700,23.25,700,0,42000
LUPIN30Jan20770CE.NFO,07/01/2020,09:27:23,22.35,22.45,700,23.25,1400,0,42000
LUPIN30Jan20770CE.NFO,07/01/2020,09:27:24,22.35,22.55,700,23.25,700,0,42000
LUPIN30Jan20770CE.NFO,07/01/2020,09:27:25,22.35,22.4,700,23.05,1400,0,42000
LUPIN30Jan20770CE.NFO,07/01/2020,09:27:26,22.35,22.4,700,23.1,700,0,42000
LUPIN30Jan20770CE.NFO,07/01/2020,09:27:27,22.35,22.4,700,23.2,1400,0,42000
LUPIN30Jan20770CE.NFO,07/01/2020,09:27:28,22.35,22.4,700,23.1,1400,0,42000
LUPIN30Jan20770CE.NFO,07/01/2020,09:27:37,22.35,22.4,700,23,700,0,42000
LUPIN30Jan20770CE.NFO,07/01/2020,09:27:38,22.35,22.4,700,23.1,700,0,42000
LUPIN30Jan20770CE.NFO,07/01/2020,09:27:39,22.35,22.4,700,23.05,700,0,42000
LUPIN30Jan20770CE.NFO,07/01/2020,09:27:50,22.35,22.4,700,23.1,1400,0,42000
LUPIN30Jan20770CE.NFO,07/01/2020,09:28:02,22.35,22.4,700,23,700,0,42000
LUPIN30Jan20770CE.NFO,07/01/2020,09:28:03,22.35,22.4,700,23.05,700,0,42000
LUPIN30Jan20770CE.NFO,07/01/2020,09:28:04,22.35,22.4,700,23.1,1400,0,42000
LUPIN30Jan20770CE.NFO,07/01/2020,09:28:09,22.35,22.45,700,23.1,2100,0,42000
LUPIN30Jan20770CE.NFO,07/01/2020,09:28:09,22.35,22.6,700,23.2,700,0,42000
LUPIN30Jan20770CE.NFO,07/01/2020,09:28:10,22.35,22.5,700,23.2,1400,0,42000
LUPIN30Jan20770CE.NFO,07/01/2020,09:28:11,22.35,22.55,700,23.2,700,0,42000
LUPIN30Jan20770CE.NFO,07/01/2020,09:28:13,22.35,22.4,1400,23.15,700,0,42000
LUPIN30Jan20770CE.NFO,07/01/2020,09:28:13,22.35,22.5,700,23.15,700,0,42000
LUPIN30Jan20770CE.NFO,07/01/2020,09:28:16,22.35,22.45,700,23.35,2100,0,42000
LUPIN30Jan20770CE.NFO,07/01/2020,09:28:17,22.35,22.4,700,23.1,700,0,42000
LUPIN30Jan20770CE.NFO,07/01/2020,09:28:19,22.4,22.35,700,22.75,1400,700,42000
LUPIN30Jan20770CE.NFO,07/01/2020,09:28:21,22.4,22.4,1400,22.8,700,0,41300
LUPIN30Jan20770CE.NFO,07/01/2020,09:28:22,22.4,22.45,700,22.85,700,0,41300
LUPIN30Jan20770CE.NFO,07/01/2020,09:28:25,22.4,22.4,700,22.85,700,0,41300
LUPIN30Jan20770CE.NFO,07/01/2020,09:28:26,22.4,22.4,700,22.8,700,0,41300
LUPIN30Jan20770CE.NFO,07/01/2020,09:28:30,22.4,22.35,700,22.7,700,0,41300
LUPIN30Jan20770CE.NFO,07/01/2020,09:28:36,22.4,22.4,700,22.75,700,0,41300
LUPIN30Jan20770CE.NFO,07/01/2020,09:28:37,22.4,22.35,700,22.75,700,0,41300
LUPIN30Jan20770CE.NFO,07/01/2020,09:28:42,22.4,22.35,700,22.7,700,0,41300
LUPIN30Jan20770CE.NFO,07/01/2020,09:28:56,22.4,22.4,700,23.2,3500,0,41300
LUPIN30Jan20770CE.NFO,07/01/2020,09:28:58,22.4,22.4,700,22.9,2100,0,41300
LUPIN30Jan20770CE.NFO,07/01/2020,09:28:59,22.4,22.4,700,22.8,1400,0,41300
LUPIN30Jan20770CE.NFO,07/01/2020,09:29:00,22.4,22.35,700,22.8,700,0,41300
LUPIN30Jan20770CE.NFO,07/01/2020,09:29:01,22.4,22.4,700,22.8,700,0,41300
LUPIN30Jan20770CE.NFO,07/01/2020,09:29:07,22.4,22.4,700,23,700,0,41300
LUPIN30Jan20770CE.NFO,07/01/2020,09:29:22,22.4,22.4,700,22.9,700,0,41300
LUPIN30Jan20770CE.NFO,07/01/2020,09:29:39,22.4,22.4,700,22.95,700,0,41300
LUPIN30Jan20770CE.NFO,07/01/2020,09:30:06,22.4,22.5,700,23.05,2100,0,41300
LUPIN30Jan20770CE.NFO,07/01/2020,09:30:12,22.4,22.4,700,23,700,0,41300
LUPIN30Jan20770CE.NFO,07/01/2020,09:30:22,22.4,22.4,700,23.05,700,0,41300
LUPIN30Jan20770CE.NFO,07/01/2020,09:30:27,22.4,22.65,700,23.3,700,0,41300
LUPIN30Jan20770CE.NFO,07/01/2020,09:30:32,22.4,22.65,700,23.25,700,0,41300
LUPIN30Jan20770CE.NFO,07/01/2020,09:30:37,22.4,22.65,700,23.3,700,0,41300
LUPIN30Jan20770CE.NFO,07/01/2020,09:30:41,22.4,22.65,700,23.2,700,0,41300
LUPIN30Jan20770CE.NFO,07/01/2020,09:30:46,22.4,22.55,700,23.2,700,0,41300
LUPIN30Jan20770CE.NFO,07/01/2020,09:30:52,22.4,22.55,1400,23.2,700,0,41300
LUPIN30Jan20770CE.NFO,07/01/2020,09:31:01,22.4,22.55,1400,23.3,700,0,41300
LUPIN30Jan20770CE.NFO,07/01/2020,09:31:07,22.4,22.95,700,23.45,700,0,41300
LUPIN30Jan20770CE.NFO,07/01/2020,09:31:13,22.4,22.65,700,23.35,700,0,41300
LUPIN30Jan20770CE.NFO,07/01/2020,09:31:13,22.4,22.6,700,23.35,700,0,41300
LUPIN30Jan20770CE.NFO,07/01/2020,09:31:15,22.4,22.7,1400,23.45,700,0,41300
LUPIN30Jan20770CE.NFO,07/01/2020,09:31:17,22.4,22.85,1400,23.45,700,0,41300
LUPIN30Jan20770CE.NFO,07/01/2020,09:31:21,22.4,22.85,700,23.45,700,0,41300
LUPIN30Jan20770CE.NFO,07/01/2020,09:31:22,22.4,22.8,700,23.45,700,0,41300
LUPIN30Jan20770CE.NFO,07/01/2020,09:31:24,22.4,22.75,700,23.35,700,0,41300
LUPIN30Jan20770CE.NFO,07/01/2020,09:31:27,22.4,22.85,700,23.45,700,0,41300
LUPIN30Jan20770CE.NFO,07/01/2020,09:31:27,22.4,22.8,700,23.45,700,0,41300
LUPIN30Jan20770CE.NFO,07/01/2020,09:31:32,22.4,22.8,2100,23.45,700,0,41300
LUPIN30Jan20770CE.NFO,07/01/2020,09:31:35,22.4,22.9,700,23.45,700,0,41300
LUPIN30Jan20770CE.NFO,07/01/2020,09:31:38,22.4,22.95,700,23.45,700,0,41300
LUPIN30Jan20770CE.NFO,07/01/2020,09:31:44,22.4,23,700,23.45,700,0,41300
LUPIN30Jan20770CE.NFO,07/01/2020,09:31:45,22.4,22.85,700,23.45,700,0,41300
LUPIN30Jan20770CE.NFO,07/01/2020,09:31:46,22.4,22.95,700,23.45,700,0,41300
LUPIN30Jan20770CE.NFO,07/01/2020,09:31:52,22.4,22.9,700,23.45,700,0,41300
LUPIN30Jan20770CE.NFO,07/01/2020,09:31:55,22.4,22.95,700,23.45,700,0,41300
LUPIN30Jan20770CE.NFO,07/01/2020,09:31:59,22.4,22.9,700,23.45,700,0,41300
LUPIN30Jan20770CE.NFO,07/01/2020,09:32:02,22.4,23,700,23.5,700,0,41300
LUPIN30Jan20770CE.NFO,07/01/2020,09:32:03,22.4,22.6,700,23.45,700,0,41300
LUPIN30Jan20770CE.NFO,07/01/2020,09:32:03,22.4,22.9,1400,23.45,700,0,41300
LUPIN30Jan20770CE.NFO,07/01/2020,09:32:04,22.4,22.95,700,23.5,700,0,41300
LUPIN30Jan20770CE.NFO,07/01/2020,09:32:06,22.4,22.95,700,23.45,700,0,41300
LUPIN30Jan20770CE.NFO,07/01/2020,09:32:09,22.4,23,700,23.5,700,0,41300
LUPIN30Jan20770CE.NFO,07/01/2020,09:32:11,22.4,22.9,700,23.45,700,0,41300
LUPIN30Jan20770CE.NFO,07/01/2020,09:32:12,22.4,23.05,700,23.5,700,0,41300
LUPIN30Jan20770CE.NFO,07/01/2020,09:32:13,22.4,23,700,23.45,700,0,41300
LUPIN30Jan20770CE.NFO,07/01/2020,09:32:15,22.4,23.05,700,23.45,700,0,41300
LUPIN30Jan20770CE.NFO,07/01/2020,09:32:17,22.4,23.05,700,23.5,700,0,41300
LUPIN30Jan20770CE.NFO,07/01/2020,09:32:18,22.4,23,700,23.45,700,0,41300
LUPIN30Jan20770CE.NFO,07/01/2020,09:32:19,22.4,22.85,1400,23.45,700,0,41300
LUPIN30Jan20770CE.NFO,07/01/2020,09:32:20,22.4,22.9,700,23.45,700,0,41300
LUPIN30Jan20770CE.NFO,07/01/2020,09:32:23,22.4,23,700,23.45,700,0,41300
LUPIN30Jan20770CE.NFO,07/01/2020,09:32:25,22.4,22.95,700,23.45,700,0,41300
LUPIN30Jan20770CE.NFO,07/01/2020,09:32:26,22.4,22.9,700,23.45,700,0,41300
LUPIN30Jan20770CE.NFO,07/01/2020,09:32:26,22.4,23,700,23.45,700,0,41300
LUPIN30Jan20770CE.NFO,07/01/2020,09:32:27,22.4,22.9,1400,23.5,700,0,41300
LUPIN30Jan20770CE.NFO,07/01/2020,09:32:28,22.4,23,700,23.5,700,0,41300
LUPIN30Jan20770CE.NFO,07/01/2020,09:32:29,22.4,23.05,700,23.5,700,0,41300
LUPIN30Jan20770CE.NFO,07/01/2020,09:32:30,22.4,22.95,700,23.45,700,0,41300
LUPIN30Jan20770CE.NFO,07/01/2020,09:32:34,22.4,22.95,1400,23.45,700,0,41300
LUPIN30Jan20770CE.NFO,07/01/2020,09:32:42,22.4,23.05,1400,23.5,700,0,41300
LUPIN30Jan20770CE.NFO,07/01/2020,09:32:43,22.4,23.1,700,23.5,700,0,41300
LUPIN30Jan20770CE.NFO,07/01/2020,09:32:55,22.4,23.05,700,23.5,700,0,41300
LUPIN30Jan20770CE.NFO,07/01/2020,09:32:56,22.4,23,1400,23.5,700,0,41300
LUPIN30Jan20770CE.NFO,07/01/2020,09:32:59,22.4,23.05,700,23.5,700,0,41300
LUPIN30Jan20770CE.NFO,07/01/2020,09:33:00,22.4,23.1,700,23.5,700,0,41300
LUPIN30Jan20770CE.NFO,07/01/2020,09:33:01,22.4,23.05,1400,23.5,700,0,41300
LUPIN30Jan20770CE.NFO,07/01/2020,09:33:13,22.4,23.05,700,23.5,700,0,41300
LUPIN30Jan20770CE.NFO,07/01/2020,09:33:14,22.4,23.05,700,23.45,700,0,41300
LUPIN30Jan20770CE.NFO,07/01/2020,09:33:15,22.4,23.15,700,23.5,700,0,41300
LUPIN30Jan20770CE.NFO,07/01/2020,09:33:17,22.4,23.2,700,23.5,700,0,41300
LUPIN30Jan20770CE.NFO,07/01/2020,09:33:19,22.4,23.1,700,23.5,700,0,41300
LUPIN30Jan20770CE.NFO,07/01/2020,09:33:21,22.4,23.1,1400,23.5,700,0,41300
LUPIN30Jan20770CE.NFO,07/01/2020,09:33:23,22.4,23.15,700,23.5,700,0,41300
LUPIN30Jan20770CE.NFO,07/01/2020,09:33:26,22.4,23.1,700,23.5,700,0,41300
LUPIN30Jan20770CE.NFO,07/01/2020,09:33:29,22.4,23.05,1400,23.5,700,0,41300
LUPIN30Jan20770CE.NFO,07/01/2020,09:33:32,22.4,23.15,700,23.5,700,0,41300
LUPIN30Jan20770CE.NFO,07/01/2020,09:33:32,22.4,23.1,700,23.5,700,0,41300
LUPIN30Jan20770CE.NFO,07/01/2020,09:33:33,22.4,23.15,700,23.5,700,0,41300
LUPIN30Jan20770CE.NFO,07/01/2020,09:33:34,22.4,23.1,700,23.5,700,0,41300
LUPIN30Jan20770CE.NFO,07/01/2020,09:33:35,22.4,23.15,700,23.5,700,0,41300
LUPIN30Jan20770CE.NFO,07/01/2020,09:33:39,22.4,23.1,700,23.5,700,0,41300
LUPIN30Jan20770CE.NFO,07/01/2020,09:33:40,22.4,23.15,700,23.5,700,0,41300
LUPIN30Jan20770CE.NFO,07/01/2020,09:33:41,22.4,23.1,1400,23.5,700,0,41300
LUPIN30Jan20770CE.NFO,07/01/2020,09:33:55,22.4,23.05,700,23.5,700,0,41300
LUPIN30Jan20770CE.NFO,07/01/2020,09:33:57,22.4,23.05,1400,23.5,700,0,41300
LUPIN30Jan20770CE.NFO,07/01/2020,09:34:07,22.4,23.05,700,23.45,700,0,41300
LUPIN30Jan20770CE.NFO,07/01/2020,09:34:08,22.4,23,1400,23.45,700,0,41300
LUPIN30Jan20770CE.NFO,07/01/2020,09:34:08,22.4,23.05,700,23.45,700,0,41300
LUPIN30Jan20770CE.NFO,07/01/2020,09:34:13,22.4,23.05,700,23.5,700,0,41300
LUPIN30Jan20770CE.NFO,07/01/2020,09:34:18,22.4,23.05,700,23.45,700,0,41300
LUPIN30Jan20770CE.NFO,07/01/2020,09:34:29,23,23,700,23.3,700,700,41300
LUPIN30Jan20770CE.NFO,07/01/2020,09:34:29,23,23,700,23.3,700,0,41300
LUPIN30Jan20770CE.NFO,07/01/2020,09:34:35,23,23,700,23.35,1400,0,41300
LUPIN30Jan20770CE.NFO,07/01/2020,09:34:41,23,23,700,23.35,700,0,41300
LUPIN30Jan20770CE.NFO,07/01/2020,09:34:47,23,23,700,23.3,700,0,41300
LUPIN30Jan20770CE.NFO,07/01/2020,09:34:52,23,22.6,1400,23.15,700,0,41300
LUPIN30Jan20770CE.NFO,07/01/2020,09:34:57,23,22.6,700,23.15,700,0,41300
LUPIN30Jan20770CE.NFO,07/01/2020,09:35:03,23,22.65,700,23.3,700,0,41300
LUPIN30Jan20770CE.NFO,07/01/2020,09:35:09,23,23,700,23.35,700,0,41300
LUPIN30Jan20770CE.NFO,07/01/2020,09:35:12,23,22.75,1400,23.35,1400,0,41300
LUPIN30Jan20770CE.NFO,07/01/2020,09:35:27,23,22.8,1400,23.35,1400,0,41300
LUPIN30Jan20770CE.NFO,07/01/2020,09:35:28,23,22.8,700,23.45,700,0,41300
LUPIN30Jan20770CE.NFO,07/01/2020,09:35:29,23,22.9,700,23.45,700,0,41300
LUPIN30Jan20770CE.NFO,07/01/2020,09:35:30,23,22.85,700,23.45,700,0,41300
LUPIN30Jan20770CE.NFO,07/01/2020,09:35:31,23,22.65,700,23.45,700,0,41300
LUPIN30Jan20770CE.NFO,07/01/2020,09:35:33,23,22.9,700,23.45,700,0,41300
LUPIN30Jan20770CE.NFO,07/01/2020,09:35:34,23,22.85,700,23.45,700,0,41300
LUPIN30Jan20770CE.NFO,07/01/2020,09:35:36,23,22.8,700,23.35,700,0,41300
LUPIN30Jan20770CE.NFO,07/01/2020,09:35:36,23,22.8,700,23.3,700,0,41300
LUPIN30Jan20770CE.NFO,07/01/2020,09:35:37,23,22.65,1400,23.3,700,0,41300
LUPIN30Jan20770CE.NFO,07/01/2020,09:35:41,23,22.4,700,23.25,700,0,41300
LUPIN30Jan20770CE.NFO,07/01/2020,09:35:41,23,22.6,700,23.2,700,0,41300
LUPIN30Jan20770CE.NFO,07/01/2020,09:35:43,23,22.5,700,23.35,700,0,41300
LUPIN30Jan20770CE.NFO,07/01/2020,09:35:44,23,22.65,700,23.35,700,0,41300
LUPIN30Jan20770CE.NFO,07/01/2020,09:35:46,23,22.45,700,23.25,700,0,41300
LUPIN30Jan20770CE.NFO,07/01/2020,09:35:47,23,22.65,700,23.2,700,0,41300
LUPIN30Jan20770CE.NFO,07/01/2020,09:35:47,23,22.65,700,23.25,700,0,41300
LUPIN30Jan20770CE.NFO,07/01/2020,09:35:48,23,22.65,700,23.3,700,0,41300
LUPIN30Jan20770CE.NFO,07/01/2020,09:35:49,23,22.55,700,23.25,700,0,41300
LUPIN30Jan20770CE.NFO,07/01/2020,09:35:50,23,22.65,700,23.35,700,0,41300
LUPIN30Jan20770CE.NFO,07/01/2020,09:35:51,23,22.75,700,23.35,700,0,41300
LUPIN30Jan20770CE.NFO,07/01/2020,09:35:53,23,22.5,700,23.35,700,0,41300
LUPIN30Jan20770CE.NFO,07/01/2020,09:35:54,23,22.65,700,23.25,700,0,41300
LUPIN30Jan20770CE.NFO,07/01/2020,09:35:55,23,22.5,700,23.35,700,0,41300
LUPIN30Jan20770CE.NFO,07/01/2020,09:35:56,23,22.6,700,23.35,700,0,41300
LUPIN30Jan20770CE.NFO,07/01/2020,09:35:57,23,22.75,700,23.35,700,0,41300
LUPIN30Jan20770CE.NFO,07/01/2020,09:35:57,23,22.55,700,23.25,700,0,41300
LUPIN30Jan20770CE.NFO,07/01/2020,09:35:58,23,22.7,700,23.35,700,0,41300
LUPIN30Jan20770CE.NFO,07/01/2020,09:35:59,23,22.5,700,23.35,700,0,41300
LUPIN30Jan20770CE.NFO,07/01/2020,09:36:00,23,22.6,700,23.35,700,0,41300
LUPIN30Jan20770CE.NFO,07/01/2020,09:36:02,23,22.45,700,23.25,700,0,41300
LUPIN30Jan20770CE.NFO,07/01/2020,09:36:04,23,22.65,700,23.35,700,0,41300
LUPIN30Jan20770CE.NFO,07/01/2020,09:36:05,23,22.6,700,23.35,700,0,41300
LUPIN30Jan20770CE.NFO,07/01/2020,09:36:06,23,22.6,700,23.25,700,0,41300
LUPIN30Jan20770CE.NFO,07/01/2020,09:36:10,23,22.65,700,23.3,1400,0,41300
LUPIN30Jan20770CE.NFO,07/01/2020,09:36:12,23,22.65,700,23.35,700,0,41300
LUPIN30Jan20770CE.NFO,07/01/2020,09:36:17,23,22.65,700,23.3,700,0,41300
LUPIN30Jan20770CE.NFO,07/01/2020,09:36:21,23,22.6,700,23.3,700,0,41300
LUPIN30Jan20770CE.NFO,07/01/2020,09:36:21,23,22.65,700,23.3,700,0,41300
LUPIN30Jan20770CE.NFO,07/01/2020,09:36:22,23,22.5,1400,23.15,700,0,41300
LUPIN30Jan20770CE.NFO,07/01/2020,09:36:23,23,22.55,1400,23,700,0,41300
LUPIN30Jan20770CE.NFO,07/01/2020,09:36:25,23,22.4,700,22.95,700,0,41300
LUPIN30Jan20770CE.NFO,07/01/2020,09:36:25,23,22.35,700,22.95,700,0,41300
LUPIN30Jan20770CE.NFO,07/01/2020,09:36:26,23,22.5,1400,22.95,700,0,41300
LUPIN30Jan20770CE.NFO,07/01/2020,09:36:31,23,22.55,700,23,700,0,41300
LUPIN30Jan20770CE.NFO,07/01/2020,09:36:32,23,22.55,1400,23,700,0,41300
LUPIN30Jan20770CE.NFO,07/01/2020,09:36:35,23,22.45,700,23,700,0,41300
LUPIN30Jan20770CE.NFO,07/01/2020,09:36:37,23,22.35,700,22.95,700,0,41300
LUPIN30Jan20770CE.NFO,07/01/2020,09:36:38,23,22.55,700,23,700,0,41300
LUPIN30Jan20770CE.NFO,07/01/2020,09:36:39,23,22.55,700,22.95,700,0,41300
LUPIN30Jan20770CE.NFO,07/01/2020,09:36:40,23,22.6,700,23,700,0,41300
LUPIN30Jan20770CE.NFO,07/01/2020,09:36:41,23,22.45,700,22.95,700,0,41300
LUPIN30Jan20770CE.NFO,07/01/2020,09:36:41,23,22.35,700,22.95,700,0,41300
LUPIN30Jan20770CE.NFO,07/01/2020,09:36:42,23,22.55,700,22.95,700,0,41300
LUPIN30Jan20770CE.NFO,07/01/2020,09:36:44,23,22.55,1400,22.95,700,0,41300
LUPIN30Jan20770CE.NFO,07/01/2020,09:36:50,23,22.5,700,22.95,700,0,41300
LUPIN30Jan20770CE.NFO,07/01/2020,09:36:50,23,22.6,700,22.95,700,0,41300
LUPIN30Jan20770CE.NFO,07/01/2020,09:36:51,23,22.6,1400,23,700,0,41300
LUPIN30Jan20770CE.NFO,07/01/2020,09:37:04,23,22.45,1400,22.95,700,0,41300
LUPIN30Jan20770CE.NFO,07/01/2020,09:37:11,23,22.45,700,22.95,700,0,41300
LUPIN30Jan20770CE.NFO,07/01/2020,09:37:20,23,22.35,700,22.85,700,0,41300
LUPIN30Jan20770CE.NFO,07/01/2020,09:37:21,23,22.45,700,22.85,700,0,41300
LUPIN30Jan20770CE.NFO,07/01/2020,09:37:21,23,22.25,1400,22.85,700,0,41300
LUPIN30Jan20770CE.NFO,07/01/2020,09:37:23,23,22.45,1400,22.95,700,0,41300
LUPIN30Jan20770CE.NFO,07/01/2020,09:37:35,23,22.35,700,23,700,0,41300
LUPIN30Jan20770CE.NFO,07/01/2020,09:37:36,23,22.45,1400,23,700,0,41300
LUPIN30Jan20770CE.NFO,07/01/2020,09:37:37,23,22.4,700,22.95,700,0,41300
LUPIN30Jan20770CE.NFO,07/01/2020,09:37:40,23,22.35,700,22.85,700,0,41300
LUPIN30Jan20770CE.NFO,07/01/2020,09:37:41,23,22.3,700,22.95,700,0,41300
LUPIN30Jan20770CE.NFO,07/01/2020,09:37:42,23,22.2,700,22.95,700,0,41300
LUPIN30Jan20770CE.NFO,07/01/2020,09:37:43,23,22.3,700,22.95,700,0,41300
LUPIN30Jan20770CE.NFO,07/01/2020,09:37:44,23,22.4,700,22.95,700,0,41300
LUPIN30Jan20770CE.NFO,07/01/2020,09:37:47,23,22.3,700,22.95,700,0,41300
LUPIN30Jan20770CE.NFO,07/01/2020,09:37:51,23,22.2,700,22.8,700,0,41300
LUPIN30Jan20770CE.NFO,07/01/2020,09:37:52,23,22.2,700,22.85,700,0,41300
LUPIN30Jan20770CE.NFO,07/01/2020,09:37:56,23,22.4,700,22.85,700,0,41300
LUPIN30Jan20770CE.NFO,07/01/2020,09:37:56,23,22.2,700,22.85,700,0,41300
LUPIN30Jan20770CE.NFO,07/01/2020,09:38:04,23,22.3,700,22.9,700,0,41300
LUPIN30Jan20770CE.NFO,07/01/2020,09:38:04,23,22.25,700,22.9,700,0,41300
LUPIN30Jan20770CE.NFO,07/01/2020,09:38:07,23,22.45,1400,22.9,700,0,41300
LUPIN30Jan20770CE.NFO,07/01/2020,09:38:08,23,22.45,700,22.95,700,0,41300
LUPIN30Jan20770CE.NFO,07/01/2020,09:38:09,23,22.5,700,22.95,700,0,41300
LUPIN30Jan20770CE.NFO,07/01/2020,09:38:10,23,22.25,700,22.95,700,0,41300
LUPIN30Jan20770CE.NFO,07/01/2020,09:38:10,23,22.4,700,22.9,700,0,41300
LUPIN30Jan20770CE.NFO,07/01/2020,09:38:11,23,22.25,700,22.9,700,0,41300
LUPIN30Jan20770CE.NFO,07/01/2020,09:38:13,23,22.35,700,22.9,700,0,41300
LUPIN30Jan20770CE.NFO,07/01/2020,09:38:17,23,22.4,700,22.9,700,0,41300
LUPIN30Jan20770CE.NFO,07/01/2020,09:38:18,23,22.35,700,22.9,700,0,41300
LUPIN30Jan20770CE.NFO,07/01/2020,09:38:21,23,22.4,700,22.9,700,0,41300
LUPIN30Jan20770CE.NFO,07/01/2020,09:38:24,23,22.2,700,22.8,700,0,41300
LUPIN30Jan20770CE.NFO,07/01/2020,09:38:25,23,22.35,700,22.85,700,0,41300
LUPIN30Jan20770CE.NFO,07/01/2020,09:38:25,23,22.45,700,22.85,700,0,41300
LUPIN30Jan20770CE.NFO,07/01/2020,09:38:26,23,22.25,700,22.95,700,0,41300
LUPIN30Jan20770CE.NFO,07/01/2020,09:38:28,23,22.3,700,22.95,700,0,41300
LUPIN30Jan20770CE.NFO,07/01/2020,09:38:30,23,22.35,700,22.8,1400,0,41300
LUPIN30Jan20770CE.NFO,07/01/2020,09:38:31,23,22.25,700,22.8,1400,0,41300
LUPIN30Jan20770CE.NFO,07/01/2020,09:38:32,23,22.3,700,22.8,1400,0,41300
LUPIN30Jan20770CE.NFO,07/01/2020,09:38:34,23,22.25,700,22.8,1400,0,41300
LUPIN30Jan20770CE.NFO,07/01/2020,09:38:35,23,22.3,700,22.8,1400,0,41300
LUPIN30Jan20770CE.NFO,07/01/2020,09:38:37,23,22.35,700,22.75,700,0,41300
LUPIN30Jan20770CE.NFO,07/01/2020,09:38:37,23,22.25,1400,22.75,700,0,41300
LUPIN30Jan20770CE.NFO,07/01/2020,09:38:39,23,22.3,700,22.75,700,0,41300
LUPIN30Jan20770CE.NFO,07/01/2020,09:38:40,23,22.4,700,22.75,700,0,41300
LUPIN30Jan20770CE.NFO,07/01/2020,09:38:41,23,22.3,700,22.7,700,0,41300
LUPIN30Jan20770CE.NFO,07/01/2020,09:38:42,23,22.35,700,22.7,700,0,41300
LUPIN30Jan20770CE.NFO,07/01/2020,09:38:44,23,22.4,700,22.7,700,0,41300
LUPIN30Jan20770CE.NFO,07/01/2020,09:38:44,23,22.25,700,22.9,700,0,41300
LUPIN30Jan20770CE.NFO,07/01/2020,09:38:45,23,22.3,700,22.9,700,0,41300
LUPIN30Jan20770CE.NFO,07/01/2020,09:38:46,23,22.4,700,22.9,700,0,41300
LUPIN30Jan20770CE.NFO,07/01/2020,09:38:47,23,22.25,700,22.9,700,0,41300
LUPIN30Jan20770CE.NFO,07/01/2020,09:38:49,23,22.4,700,22.9,700,0,41300
LUPIN30Jan20770CE.NFO,07/01/2020,09:38:50,23,22.35,700,22.9,700,0,41300
LUPIN30Jan20770CE.NFO,07/01/2020,09:38:54,23,22.25,700,22.9,700,0,41300
LUPIN30Jan20770CE.NFO,07/01/2020,09:38:55,23,22.4,700,22.9,700,0,41300
LUPIN30Jan20770CE.NFO,07/01/2020,09:38:56,23,22.4,700,22.95,700,0,41300
LUPIN30Jan20770CE.NFO,07/01/2020,09:38:57,23,22.25,700,22.9,700,0,41300
LUPIN30Jan20770CE.NFO,07/01/2020,09:38:58,23,22.35,700,22.9,700,0,41300
LUPIN30Jan20770CE.NFO,07/01/2020,09:39:00,23,22.4,700,22.9,700,0,41300
LUPIN30Jan20770CE.NFO,07/01/2020,09:39:02,23,22.4,700,22.95,700,0,41300
LUPIN30Jan20770CE.NFO,07/01/2020,09:39:02,23,22.35,700,22.95,700,0,41300
LUPIN30Jan20770CE.NFO,07/01/2020,09:39:04,23,22.4,1400,22.95,700,0,41300
LUPIN30Jan20770CE.NFO,07/01/2020,09:39:05,23,22.45,700,22.95,700,0,41300
LUPIN30Jan20770CE.NFO,07/01/2020,09:39:07,23,22.5,700,22.95,700,0,41300
LUPIN30Jan20770CE.NFO,07/01/2020,09:39:08,23,22.4,1400,22.95,700,0,41300
LUPIN30Jan20770CE.NFO,07/01/2020,09:39:09,23,22.6,700,23,700,0,41300
LUPIN30Jan20770CE.NFO,07/01/2020,09:39:10,23,22.55,1400,22.95,700,0,41300
LUPIN30Jan20770CE.NFO,07/01/2020,09:39:11,23,22.5,700,23,700,0,41300
LUPIN30Jan20770CE.NFO,07/01/2020,09:39:13,23,22.55,700,23,700,0,41300
LUPIN30Jan20770CE.NFO,07/01/2020,09:39:14,23,22.35,1400,22.95,700,0,41300
LUPIN30Jan20770CE.NFO,07/01/2020,09:39:15,23,22.55,700,22.95,700,0,41300
LUPIN30Jan20770CE.NFO,07/01/2020,09:39:15,23,22.25,1400,22.95,700,0,41300
LUPIN30Jan20770CE.NFO,07/01/2020,09:39:16,23,22.45,1400,23,700,0,41300
LUPIN30Jan20770CE.NFO,07/01/2020,09:39:17,23,22.6,700,23,700,0,41300
LUPIN30Jan20770CE.NFO,07/01/2020,09:39:22,23,22.35,700,22.95,700,0,41300
LUPIN30Jan20770CE.NFO,07/01/2020,09:39:22,23,22.4,700,22.95,700,0,41300
LUPIN30Jan20770CE.NFO,07/01/2020,09:39:23,23,22.7,700,23,700,0,41300
LUPIN30Jan20770CE.NFO,07/01/2020,09:39:24,23,22.65,700,23,700,0,41300
LUPIN30Jan20770CE.NFO,07/01/2020,09:39:25,23,22.7,700,23,700,0,41300
LUPIN30Jan20770CE.NFO,07/01/2020,09:39:27,23,22.65,700,23,700,0,41300
LUPIN30Jan20770CE.NFO,07/01/2020,09:39:28,23,22.7,700,23,700,0,41300
LUPIN30Jan20770CE.NFO,07/01/2020,09:39:36,23,22.4,700,23,700,0,41300
LUPIN30Jan20770CE.NFO,07/01/2020,09:39:37,23,22.8,700,23,700,0,41300
LUPIN30Jan20770CE.NFO,07/01/2020,09:39:38,23,22.95,700,23,700,0,41300
LUPIN30Jan20770CE.NFO,07/01/2020,09:39:40,23,22.7,700,23.25,700,700,42000
LUPIN30Jan20770CE.NFO,07/01/2020,09:39:41,23,22.7,700,23.25,700,0,42000
LUPIN30Jan20770CE.NFO,07/01/2020,09:39:42,23,22.7,700,23.25,1400,0,42000
LUPIN30Jan20770CE.NFO,07/01/2020,09:39:56,23,22.65,700,23.25,700,0,42000
LUPIN30Jan20770CE.NFO,07/01/2020,09:39:57,23,22.75,700,23.2,700,0,42000
LUPIN30Jan20770CE.NFO,07/01/2020,09:40:02,23,22.3,700,23.35,700,0,42000
LUPIN30Jan20770CE.NFO,07/01/2020,09:40:03,23,22.65,700,23.25,700,0,42000
LUPIN30Jan20770CE.NFO,07/01/2020,09:40:05,22.75,22.35,700,23.15,700,700,42000
LUPIN30Jan20770CE.NFO,07/01/2020,09:40:05,22.75,22.5,700,23.3,1400,0,42000
LUPIN30Jan20770CE.NFO,07/01/2020,09:40:07,22.75,22.5,700,23.25,700,0,42000
LUPIN30Jan20770CE.NFO,07/01/2020,09:40:08,22.75,22.4,700,23.35,1400,0,42000
LUPIN30Jan20770CE.NFO,07/01/2020,09:40:10,22.75,22.4,700,23.25,700,0,42000
LUPIN30Jan20770CE.NFO,07/01/2020,09:40:15,22.75,22.3,700,23.4,700,0,42000
LUPIN30Jan20770CE.NFO,07/01/2020,09:40:16,22.75,22.15,700,23.15,700,0,42000
LUPIN30Jan20770CE.NFO,07/01/2020,09:40:21,22.75,22.35,700,23.15,700,0,42000
LUPIN30Jan20770CE.NFO,07/01/2020,09:40:22,22.75,22.25,1400,23.15,700,0,42000
LUPIN30Jan20770CE.NFO,07/01/2020,09:40:23,22.75,22.2,1400,23.25,700,0,42000
LUPIN30Jan20770CE.NFO,07/01/2020,09:40:24,22.75,22.3,1400,23.3,700,0,42000
LUPIN30Jan20770CE.NFO,07/01/2020,09:40:26,22.75,22.15,700,23.15,700,0,42000
LUPIN30Jan20770CE.NFO,07/01/2020,09:40:27,22.75,22.25,1400,23.35,700,0,42000
LUPIN30Jan20770CE.NFO,07/01/2020,09:40:28,22.75,22.25,1400,23.3,700,0,42000
LUPIN30Jan20770CE.NFO,07/01/2020,09:40:29,22.75,22.35,700,23.25,700,0,42000
LUPIN30Jan20770CE.NFO,07/01/2020,09:40:31,22.75,22.25,1400,23.3,700,0,42000
LUPIN30Jan20770CE.NFO,07/01/2020,09:40:33,22.75,22.25,1400,23.4,700,0,42000
LUPIN30Jan20770CE.NFO,07/01/2020,09:40:34,22.75,22.25,1400,23.35,700,0,42000
LUPIN30Jan20770CE.NFO,07/01/2020,09:40:37,22.75,22.35,1400,23.35,700,0,42000
LUPIN30Jan20770CE.NFO,07/01/2020,09:40:39,22.75,22.2,700,23.25,1400,0,42000
LUPIN30Jan20770CE.NFO,07/01/2020,09:40:40,22.75,22.15,700,23.25,700,0,42000
LUPIN30Jan20770CE.NFO,07/01/2020,09:40:45,22.75,22.2,700,23.25,700,0,42000
LUPIN30Jan20770CE.NFO,07/01/2020,09:40:46,22.75,22.25,700,23.25,700,0,42000
LUPIN30Jan20770CE.NFO,07/01/2020,09:40:48,22.75,22.15,1400,23.25,700,0,42000
LUPIN30Jan20770CE.NFO,07/01/2020,09:40:49,22.75,22.25,700,23.35,700,0,42000
LUPIN30Jan20770CE.NFO,07/01/2020,09:40:50,22.75,22.25,700,23.3,700,0,42000
LUPIN30Jan20770CE.NFO,07/01/2020,09:40:51,22.75,22.15,700,23.25,700,0,42000
LUPIN30Jan20770CE.NFO,07/01/2020,09:40:56,22.75,22.2,700,23.25,700,0,42000
LUPIN30Jan20770CE.NFO,07/01/2020,09:40:57,22.75,22.15,700,23.25,700,0,42000
LUPIN30Jan20770CE.NFO,07/01/2020,09:40:58,22.75,22.3,700,23.35,700,0,42000
LUPIN30Jan20770CE.NFO,07/01/2020,09:40:59,22.75,22.3,700,23.25,700,0,42000
LUPIN30Jan20770CE.NFO,07/01/2020,09:41:00,22.75,22.15,700,23.25,700,0,42000
LUPIN30Jan20770CE.NFO,07/01/2020,09:41:00,22.75,22.15,700,23.3,1400,0,42000
LUPIN30Jan20770CE.NFO,07/01/2020,09:41:01,22.75,22.15,700,23.25,700,0,42000
LUPIN30Jan20770CE.NFO,07/01/2020,09:41:05,22.75,22.2,700,23.3,700,0,42000
LUPIN30Jan20770CE.NFO,07/01/2020,09:41:06,22.75,22.15,700,23.25,700,0,42000
LUPIN30Jan20770CE.NFO,07/01/2020,09:41:12,22.75,22.1,700,23.25,700,0,42000
LUPIN30Jan20770CE.NFO,07/01/2020,09:41:13,22.75,22.15,1400,23.35,1400,0,42000
LUPIN30Jan20770CE.NFO,07/01/2020,09:41:17,22.75,22.15,700,23.2,700,0,42000
LUPIN30Jan20770CE.NFO,07/01/2020,09:41:19,22.75,22.1,700,23.2,700,0,42000
LUPIN30Jan20770CE.NFO,07/01/2020,09:41:23,22.75,22.1,700,23.15,700,0,42000
LUPIN30Jan20770CE.NFO,07/01/2020,09:41:23,22.75,22.55,700,22.9,700,0,42000
LUPIN30Jan20770CE.NFO,07/01/2020,09:41:24,22.75,22.2,700,23.2,700,0,42000
LUPIN30Jan20770CE.NFO,07/01/2020,09:41:25,22.75,22.25,700,23.25,1400,0,42000
LUPIN30Jan20770CE.NFO,07/01/2020,09:41:26,22.75,22.2,1400,23.2,700,0,42000
LUPIN30Jan20770CE.NFO,07/01/2020,09:41:27,22.75,22.25,700,23.2,700,0,42000
LUPIN30Jan20770CE.NFO,07/01/2020,09:41:28,22.75,22.3,700,23.1,700,0,42000
LUPIN30Jan20770CE.NFO,07/01/2020,09:41:30,22.75,22.2,700,23.1,700,0,42000
LUPIN30Jan20770CE.NFO,07/01/2020,09:41:31,22.75,22.2,700,23.05,700,0,42000
LUPIN30Jan20770CE.NFO,07/01/2020,09:41:35,22.75,22.2,700,23.1,700,0,42000
LUPIN30Jan20770CE.NFO,07/01/2020,09:41:36,22.75,22.3,700,23.15,1400,0,42000
LUPIN30Jan20770CE.NFO,07/01/2020,09:41:37,22.75,22.4,700,23.1,700,0,42000
LUPIN30Jan20770CE.NFO,07/01/2020,09:41:38,22.75,22.2,700,23.15,700,0,42000
LUPIN30Jan20770CE.NFO,07/01/2020,09:41:39,22.75,22.55,700,23.2,700,0,42000
LUPIN30Jan20770CE.NFO,07/01/2020,09:41:40,22.75,22.35,700,23.15,700,0,42000
LUPIN30Jan20770CE.NFO,07/01/2020,09:41:41,22.75,22.45,1400,23.15,700,0,42000
LUPIN30Jan20770CE.NFO,07/01/2020,09:41:42,22.75,22.5,700,23.15,700,0,42000
LUPIN30Jan20770CE.NFO,07/01/2020,09:41:44,22.75,22.2,700,23.1,700,0,42000
LUPIN30Jan20770CE.NFO,07/01/2020,09:41:45,22.75,22.25,700,23.1,700,0,42000
LUPIN30Jan20770CE.NFO,07/01/2020,09:41:47,22.75,22.35,1400,23.2,700,0,42000
LUPIN30Jan20770CE.NFO,07/01/2020,09:41:48,22.75,22.6,700,23.1,700,0,42000
LUPIN30Jan20770CE.NFO,07/01/2020,09:41:49,22.75,22.75,700,23.15,1400,0,42000
LUPIN30Jan20770CE.NFO,07/01/2020,09:41:50,22.75,22.65,700,23.2,1400,0,42000
LUPIN30Jan20770CE.NFO,07/01/2020,09:41:51,22.75,22.55,700,23.25,1400,0,42000
LUPIN30Jan20770CE.NFO,07/01/2020,09:41:52,22.75,22.3,700,23.2,700,0,42000
LUPIN30Jan20770CE.NFO,07/01/2020,09:41:53,22.75,22.45,700,23.2,700,0,42000
LUPIN30Jan20770CE.NFO,07/01/2020,09:41:54,22.75,22.25,700,23.35,700,0,42000
LUPIN30Jan20770CE.NFO,07/01/2020,09:41:56,22.75,22.65,700,23.2,700,0,42000
LUPIN30Jan20770CE.NFO,07/01/2020,09:41:56,22.75,22.7,700,23.2,700,0,42000
LUPIN30Jan20770CE.NFO,07/01/2020,09:41:57,22.75,22.75,700,23.25,700,0,42000
LUPIN30Jan20770CE.NFO,07/01/2020,09:41:58,22.75,22.45,700,23.35,700,0,42000
LUPIN30Jan20770CE.NFO,07/01/2020,09:42:00,22.75,22.25,700,23.3,700,0,42000
LUPIN30Jan20770CE.NFO,07/01/2020,09:42:01,22.75,22.55,700,23.2,700,0,42000
LUPIN30Jan20770CE.NFO,07/01/2020,09:42:02,22.75,22.7,700,23.2,700,0,42000
LUPIN30Jan20770CE.NFO,07/01/2020,09:42:03,22.75,22.35,700,23.2,700,0,42000
LUPIN30Jan20770CE.NFO,07/01/2020,09:42:04,22.75,22.55,700,23.15,700,0,42000
LUPIN30Jan20770CE.NFO,07/01/2020,09:42:05,22.75,22.65,700,23.2,700,0,42000
LUPIN30Jan20770CE.NFO,07/01/2020,09:42:06,22.75,22.3,700,23.15,700,0,42000
LUPIN30Jan20770CE.NFO,07/01/2020,09:42:08,22.75,22.45,700,23.25,700,0,42000
LUPIN30Jan20770CE.NFO,07/01/2020,09:42:09,22.75,22.65,700,23.3,700,0,42000
LUPIN30Jan20770CE.NFO,07/01/2020,09:42:11,22.75,22.55,700,23.2,700,0,42000
LUPIN30Jan20770CE.NFO,07/01/2020,09:42:11,22.75,22.4,700,23.25,700,0,42000
LUPIN30Jan20770CE.NFO,07/01/2020,09:42:14,22.75,22.3,700,23.35,1400,0,42000
LUPIN30Jan20770CE.NFO,07/01/2020,09:42:19,22.75,22.3,700,23.2,1400,0,42000
LUPIN30Jan20770CE.NFO,07/01/2020,09:42:20,22.75,22.35,700,23.2,1400,0,42000
LUPIN30Jan20770CE.NFO,07/01/2020,09:42:21,22.75,22.25,1400,23.2,1400,0,42000
LUPIN30Jan20770CE.NFO,07/01/2020,09:42:22,22.75,22.25,700,23.2,1400,0,42000
LUPIN30Jan20770CE.NFO,07/01/2020,09:42:24,22.75,22.4,700,23.2,1400,0,42000
LUPIN30Jan20770CE.NFO,07/01/2020,09:42:25,22.75,22.35,700,23.2,1400,0,42000
LUPIN30Jan20770CE.NFO,07/01/2020,09:42:30,22.75,22.4,700,23.2,1400,0,42000
LUPIN30Jan20770CE.NFO,07/01/2020,09:42:32,22.75,22.35,700,23.2,1400,0,42000
LUPIN30Jan20770CE.NFO,07/01/2020,09:42:35,22.75,22.4,700,23.2,1400,0,42000
LUPIN30Jan20770CE.NFO,07/01/2020,09:42:36,22.75,22.45,700,23.2,1400,0,42000
LUPIN30Jan20770CE.NFO,07/01/2020,09:42:39,22.75,22.2,700,23.15,700,0,42000
LUPIN30Jan20770CE.NFO,07/01/2020,09:42:40,22.75,22.4,700,23.05,700,0,42000
LUPIN30Jan20770CE.NFO,07/01/2020,09:42:41,22.75,22.2,700,23.1,700,0,42000
LUPIN30Jan20770CE.NFO,07/01/2020,09:42:43,22.75,22.45,700,22.95,700,0,42000
LUPIN30Jan20770CE.NFO,07/01/2020,09:42:44,22.75,22.25,700,23.05,700,0,42000
LUPIN30Jan20770CE.NFO,07/01/2020,09:42:45,22.75,22.3,700,23.1,700,0,42000
LUPIN30Jan20770CE.NFO,07/01/2020,09:42:46,22.75,22.3,700,23.05,700,0,42000
LUPIN30Jan20770CE.NFO,07/01/2020,09:42:47,22.75,22.35,700,23.05,700,0,42000
LUPIN30Jan20770CE.NFO,07/01/2020,09:42:48,22.75,22.3,700,23.05,700,0,42000
LUPIN30Jan20770CE.NFO,07/01/2020,09:42:51,22.75,22.4,700,23.05,700,0,42000
LUPIN30Jan20770CE.NFO,07/01/2020,09:42:52,22.75,22.2,700,23.05,700,0,42000
LUPIN30Jan20770CE.NFO,07/01/2020,09:42:52,22.75,22.25,700,22.95,700,0,42000
LUPIN30Jan20770CE.NFO,07/01/2020,09:42:53,22.75,22.3,700,22.95,700,0,42000
LUPIN30Jan20770CE.NFO,07/01/2020,09:42:54,22.75,22.3,700,23,700,0,42000
LUPIN30Jan20770CE.NFO,07/01/2020,09:42:55,22.75,22.2,700,22.85,700,0,42000
LUPIN30Jan20770CE.NFO,07/01/2020,09:43:28,22.75,22.25,1400,22.85,700,0,42000
LUPIN30Jan20770CE.NFO,07/01/2020,09:43:29,22.75,22.25,1400,22.95,700,0,42000
LUPIN30Jan20770CE.NFO,07/01/2020,09:43:30,22.75,22.4,700,22.95,700,0,42000
LUPIN30Jan20770CE.NFO,07/01/2020,09:43:43,22.75,22.35,1400,23,700,0,42000
LUPIN30Jan20770CE.NFO,07/01/2020,09:43:43,22.75,22.5,700,23,700,0,42000
LUPIN30Jan20770CE.NFO,07/01/2020,09:43:44,22.75,22.45,1400,22.95,700,0,42000
LUPIN30Jan20770CE.NFO,07/01/2020,09:43:45,22.75,22.45,1400,23.05,1400,0,42000
LUPIN30Jan20770CE.NFO,07/01/2020,09:43:47,22.75,22.45,1400,23,700,0,42000
LUPIN30Jan20770CE.NFO,07/01/2020,09:44:31,22.75,22.3,1400,22.95,700,0,42000
LUPIN30Jan20770CE.NFO,07/01/2020,09:44:36,22.75,22.3,1400,23,700,0,42000
LUPIN30Jan20770CE.NFO,07/01/2020,09:44:47,22.75,22.2,700,22.95,700,0,42000
LUPIN30Jan20770CE.NFO,07/01/2020,09:44:51,22.75,22.35,1400,22.95,700,0,42000
LUPIN30Jan20770CE.NFO,07/01/2020,09:45:01,22.75,22.45,1400,23,700,0,42000
LUPIN30Jan20770CE.NFO,07/01/2020,09:45:07,22.75,22.9,700,23.45,700,0,42000
LUPIN30Jan20770CE.NFO,07/01/2020,09:45:12,22.75,22.8,1400,23.25,1400,0,42000
LUPIN30Jan20770CE.NFO,07/01/2020,09:45:13,22.75,22.8,1400,23.25,700,0,42000
LUPIN30Jan20770CE.NFO,07/01/2020,09:45:19,22.75,22.9,2100,23.45,1400,0,42000
LUPIN30Jan20770CE.NFO,07/01/2020,09:45:30,22.75,22.95,700,23.45,1400,0,42000
LUPIN30Jan20770CE.NFO,07/01/2020,09:45:31,22.75,23,700,23.45,1400,0,42000
LUPIN30Jan20770CE.NFO,07/01/2020,09:45:35,22.75,22.95,700,23.45,700,0,42000
LUPIN30Jan20770CE.NFO,07/01/2020,09:45:38,22.75,22.95,1400,23.45,700,0,42000
LUPIN30Jan20770CE.NFO,07/01/2020,09:45:44,22.75,22.9,1400,23.3,700,0,42000
LUPIN30Jan20770CE.NFO,07/01/2020,09:45:45,22.75,22.95,700,23.4,700,0,42000
LUPIN30Jan20770CE.NFO,07/01/2020,09:45:46,22.75,23,700,23.4,700,0,42000
LUPIN30Jan20770CE.NFO,07/01/2020,09:45:49,22.75,23,700,23.45,700,0,42000
LUPIN30Jan20770CE.NFO,07/01/2020,09:45:50,22.75,23.15,700,23.5,700,0,42000
LUPIN30Jan20770CE.NFO,07/01/2020,09:45:53,22.75,23.05,700,23.4,700,0,42000
LUPIN30Jan20770CE.NFO,07/01/2020,09:45:53,22.75,22.6,700,23.35,700,0,42000
LUPIN30Jan20770CE.NFO,07/01/2020,09:45:54,22.75,22.8,700,23.35,700,0,42000
LUPIN30Jan20770CE.NFO,07/01/2020,09:45:55,22.75,23.1,700,23.5,700,0,42000
LUPIN30Jan20770CE.NFO,07/01/2020,09:46:01,22.75,23.1,700,23.45,700,0,42000
LUPIN30Jan20770CE.NFO,07/01/2020,09:46:02,22.75,23.1,1400,23.5,700,0,42000
LUPIN30Jan20770CE.NFO,07/01/2020,09:46:03,22.75,23.05,700,23.45,1400,0,42000
LUPIN30Jan20770CE.NFO,07/01/2020,09:46:04,22.75,23.1,1400,23.5,700,0,42000
LUPIN30Jan20770CE.NFO,07/01/2020,09:46:05,22.75,23.1,2100,23.5,700,0,42000
LUPIN30Jan20770CE.NFO,07/01/2020,09:46:07,22.75,23.05,700,23.45,2100,0,42000
LUPIN30Jan20770CE.NFO,07/01/2020,09:46:07,22.75,23.1,1400,23.45,2100,0,42000
LUPIN30Jan20770CE.NFO,07/01/2020,09:46:10,22.75,23.1,700,23.45,2100,0,42000
LUPIN30Jan20770CE.NFO,07/01/2020,09:46:11,22.75,22.75,700,23.35,700,0,42000
LUPIN30Jan20770CE.NFO,07/01/2020,09:46:12,22.75,22.8,1400,23.3,700,0,42000
LUPIN30Jan20770CE.NFO,07/01/2020,09:46:17,22.75,22.8,1400,23.3,1400,0,42000
LUPIN30Jan20770CE.NFO,07/01/2020,09:46:23,22.75,22.8,1400,23.25,700,0,42000
LUPIN30Jan20770CE.NFO,07/01/2020,09:46:27,22.75,22.75,700,23.2,700,0,42000
LUPIN30Jan20770CE.NFO,07/01/2020,09:46:28,22.75,22.8,1400,23.15,700,0,42000
LUPIN30Jan20770CE.NFO,07/01/2020,09:46:30,22.75,22.75,700,23.1,2100,0,42000
LUPIN30Jan20770CE.NFO,07/01/2020,09:46:40,22.75,22.75,700,23.05,700,0,42000
LUPIN30Jan20770CE.NFO,07/01/2020,09:46:54,22.75,22.75,1400,23.05,700,0,42000
LUPIN30Jan20770CE.NFO,07/01/2020,09:46:59,22.75,22.85,700,23.2,700,0,42000
LUPIN30Jan20770CE.NFO,07/01/2020,09:47:00,22.75,22.85,1400,23.3,700,0,42000
LUPIN30Jan20770CE.NFO,07/01/2020,09:47:01,22.75,22.85,1400,23.25,700,0,42000
LUPIN30Jan20770CE.NFO,07/01/2020,09:47:04,22.75,22.85,1400,23,1400,0,42000
LUPIN30Jan20770CE.NFO,07/01/2020,09:47:06,22.75,22.9,700,23,1400,0,42000
LUPIN30Jan20770CE.NFO,07/01/2020,09:47:08,22.75,22.9,1400,23,1400,0,42000
LUPIN30Jan20770CE.NFO,07/01/2020,09:47:09,22.95,22.9,700,23,1400,700,42000
LUPIN30Jan20770CE.NFO,07/01/2020,09:47:10,22.95,22.9,700,23,1400,0,42000
LUPIN30Jan20770CE.NFO,07/01/2020,09:47:23,22.85,22.5,700,23,1400,1400,42700
LUPIN30Jan20770CE.NFO,07/01/2020,09:47:23,22.85,22.4,1400,23,1400,0,42700
LUPIN30Jan20770CE.NFO,07/01/2020,09:47:25,22.85,22.45,700,23,1400,0,42700
LUPIN30Jan20770CE.NFO,07/01/2020,09:47:25,22.85,22.6,700,23,1400,0,42700
LUPIN30Jan20770CE.NFO,07/01/2020,09:47:26,22.85,22.6,700,22.95,700,0,42700
LUPIN30Jan20770CE.NFO,07/01/2020,09:47:28,22.85,22.4,700,22.95,700,0,42700
LUPIN30Jan20770CE.NFO,07/01/2020,09:47:29,22.85,22.65,700,23,1400,0,42700
LUPIN30Jan20770CE.NFO,07/01/2020,09:47:30,22.85,22.6,700,22.95,700,0,42700
LUPIN30Jan20770CE.NFO,07/01/2020,09:47:31,22.85,22.3,700,22.95,700,0,42700
LUPIN30Jan20770CE.NFO,07/01/2020,09:47:33,22.85,22.4,700,23,1400,0,42700
LUPIN30Jan20770CE.NFO,07/01/2020,09:47:34,22.85,22.5,700,22.95,700,0,42700
LUPIN30Jan20770CE.NFO,07/01/2020,09:47:37,22.95,22.55,700,23,1400,700,42700
LUPIN30Jan20770CE.NFO,07/01/2020,09:47:38,22.95,22.7,700,23,1400,0,42700
LUPIN30Jan20770CE.NFO,07/01/2020,09:47:39,22.95,22.6,700,23,1400,0,42700
LUPIN30Jan20770CE.NFO,07/01/2020,09:47:41,22.95,22.55,700,23,1400,0,42700
LUPIN30Jan20770CE.NFO,07/01/2020,09:47:54,22.95,22.35,1400,23,1400,0,42700
LUPIN30Jan20770CE.NFO,07/01/2020,09:47:54,22.95,22.45,700,23,1400,0,42700
LUPIN30Jan20770CE.NFO,07/01/2020,09:47:55,22.95,22.45,1400,23,1400,0,42700
LUPIN30Jan20770CE.NFO,07/01/2020,09:47:57,22.95,22.6,700,23,1400,0,42700
LUPIN30Jan20770CE.NFO,07/01/2020,09:47:58,22.95,22.5,700,23,1400,0,42700
LUPIN30Jan20770CE.NFO,07/01/2020,09:48:00,22.95,22.6,1400,23,1400,0,42700
LUPIN30Jan20770CE.NFO,07/01/2020,09:48:01,22.95,22.45,1400,23,1400,0,42700
LUPIN30Jan20770CE.NFO,07/01/2020,09:48:02,23,22.4,2800,23.45,1400,1400,42700
LUPIN30Jan20770CE.NFO,07/01/2020,09:48:02,23,22.7,700,23.45,1400,0,42700
LUPIN30Jan20770CE.NFO,07/01/2020,09:48:05,23,22.8,700,23.35,700,0,42700
LUPIN30Jan20770CE.NFO,07/01/2020,09:48:06,23,22.35,1400,23.3,700,0,42700
LUPIN30Jan20770CE.NFO,07/01/2020,09:48:06,23,22.85,700,23.2,700,0,42700
LUPIN30Jan20770CE.NFO,07/01/2020,09:48:08,23,22.65,1400,23.35,700,0,42700
LUPIN30Jan20770CE.NFO,07/01/2020,09:48:09,23,22.5,1400,23.3,700,0,42700
LUPIN30Jan20770CE.NFO,07/01/2020,09:48:10,23,22.65,700,23.25,700,0,42700
LUPIN30Jan20770CE.NFO,07/01/2020,09:48:12,23,22.6,700,23.35,700,0,42700
LUPIN30Jan20770CE.NFO,07/01/2020,09:48:12,23,22.65,700,23.35,700,0,42700
LUPIN30Jan20770CE.NFO,07/01/2020,09:48:13,23,22.8,700,23.35,700,0,42700
LUPIN30Jan20770CE.NFO,07/01/2020,09:48:14,23,22.65,700,23.35,700,0,42700
LUPIN30Jan20770CE.NFO,07/01/2020,09:48:15,23,22.8,700,23.35,700,0,42700
LUPIN30Jan20770CE.NFO,07/01/2020,09:48:17,23,22.65,700,23.35,700,0,42700
LUPIN30Jan20770CE.NFO,07/01/2020,09:48:18,23,22.75,700,23.35,700,0,42700
LUPIN30Jan20770CE.NFO,07/01/2020,09:48:19,23,22.45,1400,23.35,700,0,42700
LUPIN30Jan20770CE.NFO,07/01/2020,09:48:20,23,22.7,700,23.35,700,0,42700
LUPIN30Jan20770CE.NFO,07/01/2020,09:48:21,23,22.55,1400,23.45,700,0,42700
LUPIN30Jan20770CE.NFO,07/01/2020,09:48:23,23,22.85,700,23.35,700,0,42700
LUPIN30Jan20770CE.NFO,07/01/2020,09:48:24,23,22.65,700,23.45,1400,0,42700
LUPIN30Jan20770CE.NFO,07/01/2020,09:48:25,23,22.35,1400,23.45,1400,0,42700
LUPIN30Jan20770CE.NFO,07/01/2020,09:48:26,23,22.85,700,23.45,1400,0,42700
LUPIN30Jan20770CE.NFO,07/01/2020,09:48:27,23,22.65,700,23.45,1400,0,42700
LUPIN30Jan20770CE.NFO,07/01/2020,09:48:32,23,22.65,700,23.4,700,0,42700
LUPIN30Jan20770CE.NFO,07/01/2020,09:48:35,23,22.5,700,23.3,700,0,42700
LUPIN30Jan20770CE.NFO,07/01/2020,09:48:36,23,22.55,1400,23.2,700,0,42700
LUPIN30Jan20770CE.NFO,07/01/2020,09:48:40,23,22.55,1400,23.35,1400,0,42700
LUPIN30Jan20770CE.NFO,07/01/2020,09:48:42,23,22.35,700,23.45,1400,0,42700
LUPIN30Jan20770CE.NFO,07/01/2020,09:48:43,23,22.55,700,23.35,1400,0,42700
LUPIN30Jan20770CE.NFO,07/01/2020,09:48:47,23,22.6,700,23.35,2100,0,42700
LUPIN30Jan20770CE.NFO,07/01/2020,09:48:48,23,22.5,700,23.35,2100,0,42700
LUPIN30Jan20770CE.NFO,07/01/2020,09:48:49,23,22.55,700,23.35,2100,0,42700
LUPIN30Jan20770CE.NFO,07/01/2020,09:48:50,23,22.3,1400,23.35,2100,0,42700
LUPIN30Jan20770CE.NFO,07/01/2020,09:48:51,23,22.5,700,23.35,2100,0,42700
LUPIN30Jan20770CE.NFO,07/01/2020,09:48:55,23,22.45,1400,23.35,2100,0,42700
LUPIN30Jan20770CE.NFO,07/01/2020,09:48:56,23,22.55,700,23.35,2100,0,42700
LUPIN30Jan20770CE.NFO,07/01/2020,09:48:57,23,22.65,700,23.35,2100,0,42700
LUPIN30Jan20770CE.NFO,07/01/2020,09:48:58,23,22.5,700,23.3,700,0,42700
LUPIN30Jan20770CE.NFO,07/01/2020,09:48:59,23,22.45,1400,23.3,700,0,42700
LUPIN30Jan20770CE.NFO,07/01/2020,09:49:00,23,22.65,700,23.3,700,0,42700
LUPIN30Jan20770CE.NFO,07/01/2020,09:49:01,23,22.55,700,23.3,700,0,42700
LUPIN30Jan20770CE.NFO,07/01/2020,09:49:03,23,22.5,1400,23.3,700,0,42700
LUPIN30Jan20770CE.NFO,07/01/2020,09:49:04,23,22.65,700,23.3,700,0,42700
LUPIN30Jan20770CE.NFO,07/01/2020,09:49:05,23,22.6,700,23.4,1400,0,42700
LUPIN30Jan20770CE.NFO,07/01/2020,09:49:07,23,22.4,1400,23.4,1400,0,42700
LUPIN30Jan20770CE.NFO,07/01/2020,09:49:07,23,22.45,700,23.4,1400,0,42700
LUPIN30Jan20770CE.NFO,07/01/2020,09:49:09,23,22.55,700,23.4,1400,0,42700
LUPIN30Jan20770CE.NFO,07/01/2020,09:49:11,23,22.35,700,23.4,1400,0,42700
LUPIN30Jan20770CE.NFO,07/01/2020,09:49:12,23,22.5,700,23.4,1400,0,42700
LUPIN30Jan20770CE.NFO,07/01/2020,09:49:15,23,22.65,700,23.4,1400,0,42700
LUPIN30Jan20770CE.NFO,07/01/2020,09:49:16,23,22.6,2100,23.4,700,0,42700
LUPIN30Jan20770CE.NFO,07/01/2020,09:49:17,23,22.7,700,23.4,700,0,42700
LUPIN30Jan20770CE.NFO,07/01/2020,09:49:18,23,22.75,1400,23.35,700,0,42700
LUPIN30Jan20770CE.NFO,07/01/2020,09:49:19,23,22.65,1400,23.4,700,0,42700
LUPIN30Jan20770CE.NFO,07/01/2020,09:49:21,23,22.7,1400,23.4,700,0,42700
LUPIN30Jan20770CE.NFO,07/01/2020,09:49:24,23,22.6,700,23.4,700,0,42700
LUPIN30Jan20770CE.NFO,07/01/2020,09:49:25,23,22.6,1400,23.35,700,0,42700
LUPIN30Jan20770CE.NFO,07/01/2020,09:49:25,23,22.6,700,23.35,700,0,42700
LUPIN30Jan20770CE.NFO,07/01/2020,09:49:27,23,22.5,700,23.35,700,0,42700
LUPIN30Jan20770CE.NFO,07/01/2020,09:49:28,23,22.6,2100,23.35,700,0,42700
LUPIN30Jan20770CE.NFO,07/01/2020,09:49:29,23,22.6,1400,23.35,700,0,42700
LUPIN30Jan20770CE.NFO,07/01/2020,09:49:39,23,22.5,700,23.3,700,0,42700
LUPIN30Jan20770CE.NFO,07/01/2020,09:49:40,23,22.55,1400,23.3,700,0,42700
LUPIN30Jan20770CE.NFO,07/01/2020,09:49:42,23,22.65,700,23.4,700,0,42700
LUPIN30Jan20770CE.NFO,07/01/2020,09:49:44,23,22.7,700,23.4,700,0,42700
LUPIN30Jan20770CE.NFO,07/01/2020,09:49:45,23,22.8,700,23.4,1400,0,42700
LUPIN30Jan20770CE.NFO,07/01/2020,09:49:45,23,22.85,700,23.4,1400,0,42700
LUPIN30Jan20770CE.NFO,07/01/2020,09:49:46,23,22.8,700,23.4,700,0,42700
LUPIN30Jan20770CE.NFO,07/01/2020,09:49:48,23,22.35,2800,23.4,700,0,42700
LUPIN30Jan20770CE.NFO,07/01/2020,09:49:49,23,22.65,700,23.35,700,0,42700
LUPIN30Jan20770CE.NFO,07/01/2020,09:49:50,23,22.75,700,23.35,700,0,42700
LUPIN30Jan20770CE.NFO,07/01/2020,09:49:51,23,22.75,700,23.4,700,0,42700
LUPIN30Jan20770CE.NFO,07/01/2020,09:49:52,23,22.6,700,23.4,700,0,42700
LUPIN30Jan20770CE.NFO,07/01/2020,09:50:00,23,22.65,2100,23.45,1400,0,42700
LUPIN30Jan20770CE.NFO,07/01/2020,09:50:01,23,23,700,23.5,700,0,42700
LUPIN30Jan20770CE.NFO,07/01/2020,09:50:02,23,23.2,700,23.5,700,0,42700
LUPIN30Jan20770CE.NFO,07/01/2020,09:50:03,23,23.1,1400,23.5,700,0,42700
LUPIN30Jan20770CE.NFO,07/01/2020,09:50:04,23,22.9,700,23.5,700,0,42700
LUPIN30Jan20770CE.NFO,07/01/2020,09:50:04,23,23,1400,23.5,700,0,42700
LUPIN30Jan20770CE.NFO,07/01/2020,09:50:06,23,23.15,700,23.5,700,0,42700
LUPIN30Jan20770CE.NFO,07/01/2020,09:50:07,23,23.2,700,23.5,700,0,42700
LUPIN30Jan20770CE.NFO,07/01/2020,09:50:08,23,23.1,700,23.5,700,0,42700
LUPIN30Jan20770CE.NFO,07/01/2020,09:50:09,23,22.95,1400,23.5,700,0,42700
LUPIN30Jan20770CE.NFO,07/01/2020,09:50:10,23,23.05,1400,23.5,700,0,42700
LUPIN30Jan20770CE.NFO,07/01/2020,09:50:11,23,23.15,700,23.5,700,0,42700
LUPIN30Jan20770CE.NFO,07/01/2020,09:50:16,23,23.25,700,23.5,700,0,42700
LUPIN30Jan20770CE.NFO,07/01/2020,09:50:17,23,23.2,700,23.5,700,0,42700
LUPIN30Jan20770CE.NFO,07/01/2020,09:50:19,23,23.15,1400,23.5,700,0,42700
LUPIN30Jan20770CE.NFO,07/01/2020,09:50:21,23,23.05,700,23.5,700,0,42700
LUPIN30Jan20770CE.NFO,07/01/2020,09:50:22,23,22.9,1400,23.5,700,0,42700
LUPIN30Jan20770CE.NFO,07/01/2020,09:50:23,23,23,1400,23.5,700,0,42700
LUPIN30Jan20770CE.NFO,07/01/2020,09:50:24,23,23,2100,23.5,700,0,42700
LUPIN30Jan20770CE.NFO,07/01/2020,09:50:27,23,23.1,2100,23.5,700,0,42700
LUPIN30Jan20770CE.NFO,07/01/2020,09:50:37,23,23.05,700,23.5,700,0,42700
LUPIN30Jan20770CE.NFO,07/01/2020,09:50:39,23,23.05,1400,23.5,700,0,42700
LUPIN30Jan20770CE.NFO,07/01/2020,09:50:47,23,22.9,700,23.5,700,0,42700
LUPIN30Jan20770CE.NFO,07/01/2020,09:50:48,23,22.65,1400,23.5,700,0,42700
LUPIN30Jan20770CE.NFO,07/01/2020,09:50:49,23,22.8,700,23.5,700,0,42700
LUPIN30Jan20770CE.NFO,07/01/2020,09:50:50,23,22.85,700,23.5,700,0,42700
LUPIN30Jan20770CE.NFO,07/01/2020,09:50:51,23,22.9,700,23.5,700,0,42700
LUPIN30Jan20770CE.NFO,07/01/2020,09:50:52,23,22.75,1400,23.5,700,0,42700
LUPIN30Jan20770CE.NFO,07/01/2020,09:50:55,23,22.85,700,23.5,700,0,42700
LUPIN30Jan20770CE.NFO,07/01/2020,09:50:57,23,22.9,700,23.5,700,0,42700
LUPIN30Jan20770CE.NFO,07/01/2020,09:50:58,23,22.95,700,23.5,700,0,42700
LUPIN30Jan20770CE.NFO,07/01/2020,09:50:59,23,23,1400,23.5,700,0,42700
LUPIN30Jan20770CE.NFO,07/01/2020,09:51:01,23,23.05,700,23.5,700,0,42700
LUPIN30Jan20770CE.NFO,07/01/2020,09:51:02,23,23,1400,23.5,700,0,42700
LUPIN30Jan20770CE.NFO,07/01/2020,09:51:04,23,23.05,700,23.5,700,0,42700
LUPIN30Jan20770CE.NFO,07/01/2020,09:51:06,23,22.9,2100,23.5,700,0,42700
LUPIN30Jan20770CE.NFO,07/01/2020,09:51:07,23,22.9,1400,23.5,700,0,42700
LUPIN30Jan20770CE.NFO,07/01/2020,09:51:09,23,22.8,700,23.5,700,0,42700
LUPIN30Jan20770CE.NFO,07/01/2020,09:51:10,23,22.5,700,23.5,700,0,42700
LUPIN30Jan20770CE.NFO,07/01/2020,09:51:10,23,22.6,700,23.5,700,0,42700
LUPIN30Jan20770CE.NFO,07/01/2020,09:51:11,23,22.65,700,23.45,1400,0,42700
LUPIN30Jan20770CE.NFO,07/01/2020,09:51:12,23,22.95,700,23.45,700,0,42700
LUPIN30Jan20770CE.NFO,07/01/2020,09:51:14,23,22.75,700,23.5,1400,0,42700
LUPIN30Jan20770CE.NFO,07/01/2020,09:51:16,23,22.7,700,23.45,700,0,42700
LUPIN30Jan20770CE.NFO,07/01/2020,09:51:17,23,22.75,700,23.45,700,0,42700
LUPIN30Jan20770CE.NFO,07/01/2020,09:51:18,23,22.75,700,23.45,1400,0,42700
LUPIN30Jan20770CE.NFO,07/01/2020,09:51:19,23,22.7,700,23.45,1400,0,42700
LUPIN30Jan20770CE.NFO,07/01/2020,09:51:21,23,22.85,700,23.45,1400,0,42700
LUPIN30Jan20770CE.NFO,07/01/2020,09:51:21,23,22.9,700,23.45,1400,0,42700
LUPIN30Jan20770CE.NFO,07/01/2020,09:51:23,23,22.9,700,23.45,700,0,42700
LUPIN30Jan20770CE.NFO,07/01/2020,09:51:24,23,22.85,700,23.45,700,0,42700
LUPIN30Jan20770CE.NFO,07/01/2020,09:51:25,23,22.75,2100,23.45,700,0,42700
LUPIN30Jan20770CE.NFO,07/01/2020,09:51:31,23,22.75,1400,23.45,700,0,42700
LUPIN30Jan20770CE.NFO,07/01/2020,09:51:32,23,22.4,700,23.15,700,0,42700
LUPIN30Jan20770CE.NFO,07/01/2020,09:51:33,23,22.35,700,23.15,700,0,42700
LUPIN30Jan20770CE.NFO,07/01/2020,09:51:35,23,22.4,700,23.15,700,0,42700
LUPIN30Jan20770CE.NFO,07/01/2020,09:51:35,23,22.25,700,23.15,700,0,42700
LUPIN30Jan20770CE.NFO,07/01/2020,09:51:36,23,22.25,1400,23.15,700,0,42700
LUPIN30Jan20770CE.NFO,07/01/2020,09:51:38,23,22.35,700,23.15,700,0,42700
LUPIN30Jan20770CE.NFO,07/01/2020,09:51:39,23,22.35,700,23.1,700,0,42700
LUPIN30Jan20770CE.NFO,07/01/2020,09:51:40,23,22.3,700,23.1,700,0,42700
LUPIN30Jan20770CE.NFO,07/01/2020,09:51:41,23,22.4,700,23.1,700,0,42700
LUPIN30Jan20770CE.NFO,07/01/2020,09:51:43,23,22.55,1400,23.25,700,0,42700
LUPIN30Jan20770CE.NFO,07/01/2020,09:51:44,23,22.6,700,23.25,700,0,42700
LUPIN30Jan20770CE.NFO,07/01/2020,09:51:45,23,22.7,700,23.3,700,0,42700
LUPIN30Jan20770CE.NFO,07/01/2020,09:51:51,23,22.55,1400,23.3,700,0,42700
LUPIN30Jan20770CE.NFO,07/01/2020,09:51:52,23,22.55,700,23.3,700,0,42700
LUPIN30Jan20770CE.NFO,07/01/2020,09:51:53,23,22.5,700,23.3,700,0,42700
LUPIN30Jan20770CE.NFO,07/01/2020,09:51:54,23,22.55,700,23.3,700,0,42700
LUPIN30Jan20770CE.NFO,07/01/2020,09:51:55,23,22.45,1400,23.3,700,0,42700
LUPIN30Jan20770CE.NFO,07/01/2020,09:51:56,23,22.7,700,23.3,700,0,42700
LUPIN30Jan20770CE.NFO,07/01/2020,09:51:59,23,22.5,700,23.35,700,0,42700
LUPIN30Jan20770CE.NFO,07/01/2020,09:51:59,23,22.6,700,23.35,700,0,42700
LUPIN30Jan20770CE.NFO,07/01/2020,09:52:01,23,22.55,700,23.35,700,0,42700
LUPIN30Jan20770CE.NFO,07/01/2020,09:52:05,23,22.55,700,23.3,700,0,42700
LUPIN30Jan20770CE.NFO,07/01/2020,09:52:06,23,22.7,700,23.3,700,0,42700
LUPIN30Jan20770CE.NFO,07/01/2020,09:52:07,23,22.5,700,23.25,700,0,42700
LUPIN30Jan20770CE.NFO,07/01/2020,09:52:08,23,22.5,700,23.3,700,0,42700
LUPIN30Jan20770CE.NFO,07/01/2020,09:52:09,23,22.7,700,23.3,700,0,42700
LUPIN30Jan20770CE.NFO,07/01/2020,09:52:10,23,22.45,700,23.2,700,0,42700
LUPIN30Jan20770CE.NFO,07/01/2020,09:52:10,23,22.6,700,23.2,700,0,42700
LUPIN30Jan20770CE.NFO,07/01/2020,09:52:11,23,22.65,700,23.3,700,0,42700
LUPIN30Jan20770CE.NFO,07/01/2020,09:52:13,23,22.55,700,23.25,1400,0,42700
LUPIN30Jan20770CE.NFO,07/01/2020,09:52:14,23,22.35,700,23.1,700,0,42700
LUPIN30Jan20770CE.NFO,07/01/2020,09:52:15,23,22.4,700,23.1,700,0,42700
LUPIN30Jan20770CE.NFO,07/01/2020,09:52:16,23,22.45,700,23.1,700,0,42700
LUPIN30Jan20770CE.NFO,07/01/2020,09:52:18,23,22.35,700,23.1,700,0,42700
LUPIN30Jan20770CE.NFO,07/01/2020,09:52:21,23,22.55,700,23.05,700,0,42700
LUPIN30Jan20770CE.NFO,07/01/2020,09:52:22,23,22.35,700,23.05,700,0,42700
LUPIN30Jan20770CE.NFO,07/01/2020,09:52:23,23,22.5,700,23.05,700,0,42700
LUPIN30Jan20770CE.NFO,07/01/2020,09:52:24,23,22.55,700,23.1,700,0,42700
LUPIN30Jan20770CE.NFO,07/01/2020,09:52:25,23,22.4,700,23.1,700,0,42700
LUPIN30Jan20770CE.NFO,07/01/2020,09:52:27,23,22.6,700,23.1,700,0,42700
LUPIN30Jan20770CE.NFO,07/01/2020,09:52:28,23,22.45,1400,23.15,700,0,42700
LUPIN30Jan20770CE.NFO,07/01/2020,09:52:29,23,22.3,700,23.2,1400,0,42700
LUPIN30Jan20770CE.NFO,07/01/2020,09:52:30,23,22.3,700,23.1,700,0,42700
LUPIN30Jan20770CE.NFO,07/01/2020,09:52:31,23,22.3,700,23.3,2100,0,42700
LUPIN30Jan20770CE.NFO,07/01/2020,09:52:31,23,22.35,700,23.3,2100,0,42700
LUPIN30Jan20770CE.NFO,07/01/2020,09:52:33,23,22.35,700,23.1,700,0,42700
LUPIN30Jan20770CE.NFO,07/01/2020,09:52:34,23,22.35,1400,23.1,700,0,42700
LUPIN30Jan20770CE.NFO,07/01/2020,09:52:40,23,22.35,1400,23.05,700,0,42700
LUPIN30Jan20770CE.NFO,07/01/2020,09:52:42,23,22.35,700,23.2,2100,0,42700
LUPIN30Jan20770CE.NFO,07/01/2020,09:52:43,23,22.25,700,23.2,1400,0,42700
LUPIN30Jan20770CE.NFO,07/01/2020,09:52:44,23,22.2,700,23,700,0,42700
LUPIN30Jan20770CE.NFO,07/01/2020,09:52:45,23,22.2,700,22.9,700,0,42700
LUPIN30Jan20770CE.NFO,07/01/2020,09:52:51,23,22.25,700,22.95,700,0,42700
LUPIN30Jan20770CE.NFO,07/01/2020,09:52:52,23,22.35,700,22.95,700,0,42700
LUPIN30Jan20770CE.NFO,07/01/2020,09:52:54,23,22.3,1400,22.95,700,0,42700
LUPIN30Jan20770CE.NFO,07/01/2020,09:52:56,23,22.35,700,22.9,700,0,42700
LUPIN30Jan20770CE.NFO,07/01/2020,09:52:57,23,22.2,700,23.15,1400,0,42700
LUPIN30Jan20770CE.NFO,07/01/2020,09:52:59,23,22.35,700,23.05,700,0,42700
LUPIN30Jan20770CE.NFO,07/01/2020,09:53:01,23,22.25,700,23.3,2100,0,42700
LUPIN30Jan20770CE.NFO,07/01/2020,09:53:02,23,22.25,700,23.15,1400,0,42700
LUPIN30Jan20770CE.NFO,07/01/2020,09:53:03,23,22.3,700,23.05,700,0,42700
LUPIN30Jan20770CE.NFO,07/01/2020,09:53:04,23,22.2,700,23,700,0,42700
LUPIN30Jan20770CE.NFO,07/01/2020,09:53:05,23,22.3,700,23.2,2100,0,42700
LUPIN30Jan20770CE.NFO,07/01/2020,09:53:06,23,22.3,700,23.05,700,0,42700
LUPIN30Jan20770CE.NFO,07/01/2020,09:53:07,23,22.4,700,23,700,0,42700
LUPIN30Jan20770CE.NFO,07/01/2020,09:53:08,23,22.7,700,23.3,700,0,42700
LUPIN30Jan20770CE.NFO,07/01/2020,09:53:10,23,22.7,700,23.35,700,0,42700
LUPIN30Jan20770CE.NFO,07/01/2020,09:53:11,23,22.65,700,23.35,700,0,42700
LUPIN30Jan20770CE.NFO,07/01/2020,09:53:16,23,22.6,700,23.35,700,0,42700
LUPIN30Jan20770CE.NFO,07/01/2020,09:53:17,23,22.9,700,23.45,700,0,42700
LUPIN30Jan20770CE.NFO,07/01/2020,09:53:21,23,22.75,700,23.4,700,0,42700
LUPIN30Jan20770CE.NFO,07/01/2020,09:53:22,23,22.85,700,23.4,700,0,42700
LUPIN30Jan20770CE.NFO,07/01/2020,09:53:23,23,22.9,700,23.4,700,0,42700
LUPIN30Jan20770CE.NFO,07/01/2020,09:53:24,23,22.85,700,23.4,700,0,42700
LUPIN30Jan20770CE.NFO,07/01/2020,09:53:44,23,22.75,700,23.4,700,0,42700
LUPIN30Jan20770CE.NFO,07/01/2020,09:53:58,23,22.85,1400,23.35,700,0,42700
LUPIN30Jan20770CE.NFO,07/01/2020,09:53:59,23,22.6,1400,23.35,1400,0,42700
LUPIN30Jan20770CE.NFO,07/01/2020,09:54:00,23,22.7,700,23.35,700,0,42700
LUPIN30Jan20770CE.NFO,07/01/2020,09:54:01,23,22.75,1400,23.35,700,0,42700
LUPIN30Jan20770CE.NFO,07/01/2020,09:54:02,23,22.85,700,23.45,700,0,42700
LUPIN30Jan20770CE.NFO,07/01/2020,09:54:03,23,23,1400,23.5,700,0,42700
LUPIN30Jan20770CE.NFO,07/01/2020,09:54:03,23,23.05,700,23.5,700,0,42700
LUPIN30Jan20770CE.NFO,07/01/2020,09:54:05,23,23,1400,23.5,700,0,42700
LUPIN30Jan20770CE.NFO,07/01/2020,09:54:10,23,22.65,700,23.45,2100,0,42700
LUPIN30Jan20770CE.NFO,07/01/2020,09:54:11,23,22.75,700,23.45,1400,0,42700
LUPIN30Jan20770CE.NFO,07/01/2020,09:54:14,23,22.6,1400,23.45,1400,0,42700
LUPIN30Jan20770CE.NFO,07/01/2020,09:54:15,23,22.9,700,23.45,1400,0,42700
LUPIN30Jan20770CE.NFO,07/01/2020,09:54:15,23,22.85,1400,23.45,1400,0,42700
LUPIN30Jan20770CE.NFO,07/01/2020,09:54:18,23,22.85,1400,23.45,700,0,42700
LUPIN30Jan20770CE.NFO,07/01/2020,09:54:25,23,22.75,700,23.45,1400,0,42700
LUPIN30Jan20770CE.NFO,07/01/2020,09:54:27,23,22.9,700,23.5,700,0,42700
LUPIN30Jan20770CE.NFO,07/01/2020,09:54:28,23,22.95,700,23.5,700,0,42700
LUPIN30Jan20770CE.NFO,07/01/2020,09:54:30,23,22.95,1400,23.5,700,0,42700
LUPIN30Jan20770CE.NFO,07/01/2020,09:54:42,23,23.05,1400,23.5,700,0,42700
LUPIN30Jan20770CE.NFO,07/01/2020,09:54:47,23,22.95,700,23.5,700,0,42700
LUPIN30Jan20770CE.NFO,07/01/2020,09:54:48,23,22.95,2100,23.5,700,0,42700
LUPIN30Jan20770CE.NFO,07/01/2020,09:55:05,23,23.15,1400,23.5,700,0,42700
LUPIN30Jan20770CE.NFO,07/01/2020,09:55:10,23,22.6,2100,23.5,700,0,42700
LUPIN30Jan20770CE.NFO,07/01/2020,09:55:12,23,22.9,700,23.5,700,0,42700
LUPIN30Jan20770CE.NFO,07/01/2020,09:55:12,23,22.95,700,23.5,700,0,42700
LUPIN30Jan20770CE.NFO,07/01/2020,09:55:37,23,23,1400,23.5,700,0,42700
LUPIN30Jan20770CE.NFO,07/01/2020,09:55:58,23,22.9,700,23.5,700,0,42700
LUPIN30Jan20770CE.NFO,07/01/2020,09:56:01,23,22.85,700,23.5,700,0,42700
LUPIN30Jan20770CE.NFO,07/01/2020,09:56:02,23,22.9,700,23.5,700,0,42700
LUPIN30Jan20770CE.NFO,07/01/2020,09:56:06,23,22.9,2100,23.5,700,0,42700
LUPIN30Jan20770CE.NFO,07/01/2020,09:56:12,23,22.9,1400,23.5,700,0,42700
LUPIN30Jan20770CE.NFO,07/01/2020,09:56:17,23,22.9,1400,23.45,700,0,42700
LUPIN30Jan20770CE.NFO,07/01/2020,09:56:33,23,22.85,700,23.45,700,0,42700
LUPIN30Jan20770CE.NFO,07/01/2020,09:56:39,23,22.7,1400,23.5,700,0,42700
LUPIN30Jan20770CE.NFO,07/01/2020,09:56:43,23,22.85,1400,23.45,700,0,42700
LUPIN30Jan20770CE.NFO,07/01/2020,09:56:51,23,22.4,700,23.45,700,0,42700
LUPIN30Jan20770CE.NFO,07/01/2020,09:56:56,23,22.8,1400,23.45,700,0,42700
LUPIN30Jan20770CE.NFO,07/01/2020,09:57:00,23,22.5,700,23.35,700,0,42700
LUPIN30Jan20770CE.NFO,07/01/2020,09:57:05,23,22.65,700,23.45,700,0,42700
LUPIN30Jan20770CE.NFO,07/01/2020,09:57:10,23,22.6,700,23.45,700,0,42700
LUPIN30Jan20770CE.NFO,07/01/2020,09:57:18,23,22.4,1400,23.35,700,0,42700
LUPIN30Jan20770CE.NFO,07/01/2020,09:57:19,23,22.55,1400,23.4,700,0,42700
LUPIN30Jan20770CE.NFO,07/01/2020,09:57:20,23,22.65,1400,23.4,700,0,42700
LUPIN30Jan20770CE.NFO,07/01/2020,09:57:21,23,22.4,700,23.35,700,0,42700
LUPIN30Jan20770CE.NFO,07/01/2020,09:57:23,23,22.35,1400,23.4,700,0,42700
LUPIN30Jan20770CE.NFO,07/01/2020,09:57:24,23,22.6,700,23.45,700,0,42700
LUPIN30Jan20770CE.NFO,07/01/2020,09:57:31,23,22.45,700,23.35,700,0,42700
LUPIN30Jan20770CE.NFO,07/01/2020,09:57:32,23,22.35,700,23.35,700,0,42700
LUPIN30Jan20770CE.NFO,07/01/2020,09:57:33,23,22.65,700,23.3,700,0,42700
LUPIN30Jan20770CE.NFO,07/01/2020,09:57:34,23,22.55,700,23.35,700,0,42700
LUPIN30Jan20770CE.NFO,07/01/2020,09:57:35,23,22.7,700,23.35,700,0,42700
LUPIN30Jan20770CE.NFO,07/01/2020,09:57:36,23,22.5,700,23.35,700,0,42700
LUPIN30Jan20770CE.NFO,07/01/2020,09:57:37,23,22.7,700,23.3,700,0,42700
LUPIN30Jan20770CE.NFO,07/01/2020,09:57:38,23,22.6,700,23.35,700,0,42700
LUPIN30Jan20770CE.NFO,07/01/2020,09:57:39,23,22.35,700,23.35,700,0,42700
LUPIN30Jan20770CE.NFO,07/01/2020,09:57:40,23,22.8,700,23.25,1400,0,42700
LUPIN30Jan20770CE.NFO,07/01/2020,09:57:41,23,22.45,700,23.35,700,0,42700
LUPIN30Jan20770CE.NFO,07/01/2020,09:57:42,23,22.4,700,23.35,1400,0,42700
LUPIN30Jan20770CE.NFO,07/01/2020,09:57:43,23,22.65,700,23.35,700,0,42700
LUPIN30Jan20770CE.NFO,07/01/2020,09:57:44,23,22.6,700,23.35,700,0,42700
LUPIN30Jan20770CE.NFO,07/01/2020,09:57:45,23,22.45,700,23.35,700,0,42700
LUPIN30Jan20770CE.NFO,07/01/2020,09:57:48,23,22.5,700,23.25,700,0,42700
LUPIN30Jan20770CE.NFO,07/01/2020,09:57:49,23,22.4,2800,23.3,700,0,42700
LUPIN30Jan20770CE.NFO,07/01/2020,09:57:50,23,22.6,700,23.35,700,0,42700
LUPIN30Jan20770CE.NFO,07/01/2020,09:57:51,23,22.55,700,23.35,1400,0,42700
LUPIN30Jan20770CE.NFO,07/01/2020,09:57:53,23,22.55,700,23.4,700,0,42700
LUPIN30Jan20770CE.NFO,07/01/2020,09:57:54,23,22.45,700,23.4,700,0,42700
LUPIN30Jan20770CE.NFO,07/01/2020,09:57:56,23,22.5,1400,23.2,700,0,42700
LUPIN30Jan20770CE.NFO,07/01/2020,09:57:58,23,22.35,700,23.35,700,0,42700
LUPIN30Jan20770CE.NFO,07/01/2020,09:57:59,23,22.3,700,23.25,700,0,42700
LUPIN30Jan20770CE.NFO,07/01/2020,09:58:00,23,22.45,700,23.25,700,0,42700
LUPIN30Jan20770CE.NFO,07/01/2020,09:58:01,23,22.45,700,23.35,700,0,42700
LUPIN30Jan20770CE.NFO,07/01/2020,09:58:15,23,22.35,1400,23.35,700,0,42700
LUPIN30Jan20770CE.NFO,07/01/2020,09:58:16,23,22.35,700,23.25,700,0,42700
LUPIN30Jan20770CE.NFO,07/01/2020,09:58:18,23,22.4,1400,23.35,700,0,42700
LUPIN30Jan20770CE.NFO,07/01/2020,09:58:19,23,22.45,1400,23.35,700,0,42700
LUPIN30Jan20770CE.NFO,07/01/2020,09:58:22,23,22.7,1400,23.25,700,0,42700
LUPIN30Jan20770CE.NFO,07/01/2020,09:58:24,23,22.6,700,23.35,700,0,42700
LUPIN30Jan20770CE.NFO,07/01/2020,09:58:25,23,22.65,1400,23.3,700,0,42700
LUPIN30Jan20770CE.NFO,07/01/2020,09:58:26,23,22.7,700,23.45,700,0,42700
LUPIN30Jan20770CE.NFO,07/01/2020,09:58:27,23,22.65,2800,23.35,700,0,42700
LUPIN30Jan20770CE.NFO,07/01/2020,09:58:27,23,22.65,1400,23.25,700,0,42700
LUPIN30Jan20770CE.NFO,07/01/2020,09:58:28,23,22.7,700,23.35,700,0,42700
LUPIN30Jan20770CE.NFO,07/01/2020,09:58:38,23,22.7,1400,23.25,700,0,42700
LUPIN30Jan20770CE.NFO,07/01/2020,09:58:39,23,22.7,1400,23.35,700,0,42700
LUPIN30Jan20770CE.NFO,07/01/2020,09:58:40,23,22.7,1400,23.3,700,0,42700
LUPIN30Jan20770CE.NFO,07/01/2020,09:58:41,23,22.75,2100,23.4,700,0,42700
LUPIN30Jan20770CE.NFO,07/01/2020,09:58:42,23,22.7,700,23.4,700,0,42700
LUPIN30Jan20770CE.NFO,07/01/2020,09:58:43,23,22.9,700,23.45,700,0,42700
LUPIN30Jan20770CE.NFO,07/01/2020,09:58:44,23,22.85,1400,23.5,1400,0,42700
LUPIN30Jan20770CE.NFO,07/01/2020,09:58:50,23,22.7,1400,23.45,700,0,42700
LUPIN30Jan20770CE.NFO,07/01/2020,09:58:53,23,22.7,1400,23.4,700,0,42700
LUPIN30Jan20770CE.NFO,07/01/2020,09:59:01,23,22.8,2100,23.45,700,0,42700
LUPIN30Jan20770CE.NFO,07/01/2020,09:59:04,23,22.75,700,23.25,700,0,42700
LUPIN30Jan20770CE.NFO,07/01/2020,09:59:05,23,22.95,700,23.35,700,0,42700
LUPIN30Jan20770CE.NFO,07/01/2020,09:59:06,23,22.7,700,23.4,1400,0,42700
LUPIN30Jan20770CE.NFO,07/01/2020,09:59:08,23,22.75,700,23.35,700,0,42700
LUPIN30Jan20770CE.NFO,07/01/2020,09:59:09,23,22.75,2100,23.35,1400,0,42700
LUPIN30Jan20770CE.NFO,07/01/2020,09:59:09,23,22.75,700,23.35,1400,0,42700
LUPIN30Jan20770CE.NFO,07/01/2020,09:59:10,23,23,700,23.5,700,0,42700
LUPIN30Jan20770CE.NFO,07/01/2020,09:59:12,23,22.9,700,23.4,700,0,42700
LUPIN30Jan20770CE.NFO,07/01/2020,09:59:13,23,22.85,700,23.4,700,0,42700
LUPIN30Jan20770CE.NFO,07/01/2020,09:59:14,23,22.8,700,23.35,700,0,42700
LUPIN30Jan20770CE.NFO,07/01/2020,09:59:15,23,22.55,700,23.35,700,0,42700
LUPIN30Jan20770CE.NFO,07/01/2020,09:59:16,23,22.8,1400,23.25,700,0,42700
LUPIN30Jan20770CE.NFO,07/01/2020,09:59:17,23,22.9,1400,23.4,700,0,42700
LUPIN30Jan20770CE.NFO,07/01/2020,09:59:24,23,22.8,1400,23.35,700,0,42700
LUPIN30Jan20770CE.NFO,07/01/2020,09:59:38,23,22.95,700,23.5,1400,0,42700
LUPIN30Jan20770CE.NFO,07/01/2020,09:59:39,23,22.9,1400,23.5,700,0,42700
LUPIN30Jan20770CE.NFO,07/01/2020,10:00:01,23,22.95,700,23.5,700,0,42700
LUPIN30Jan20770CE.NFO,07/01/2020,10:00:02,23,23.05,700,23.5,700,0,42700
LUPIN30Jan20770CE.NFO,07/01/2020,10:00:03,23,23.15,1400,23.5,700,0,42700
LUPIN30Jan20770CE.NFO,07/01/2020,10:00:04,23,23.25,700,23.5,700,0,42700
LUPIN30Jan20770CE.NFO,07/01/2020,10:00:12,23,23.3,700,23.5,700,0,42700
LUPIN30Jan20770CE.NFO,07/01/2020,10:00:13,23.5,23.15,1400,23.95,1400,700,43400
LUPIN30Jan20770CE.NFO,07/01/2020,10:00:13,23.5,23.15,1400,23.95,1400,0,43400
LUPIN30Jan20770CE.NFO,07/01/2020,10:00:14,23.5,23.3,700,23.95,700,0,43400
LUPIN30Jan20770CE.NFO,07/01/2020,10:00:16,23.5,23.2,700,23.75,700,0,43400
LUPIN30Jan20770CE.NFO,07/01/2020,10:00:17,23.5,23.25,1400,23.95,700,0,43400
LUPIN30Jan20770CE.NFO,07/01/2020,10:00:19,23.5,23.25,700,23.9,700,0,43400
LUPIN30Jan20770CE.NFO,07/01/2020,10:00:20,23.5,23.05,700,23.75,700,0,43400
LUPIN30Jan20770CE.NFO,07/01/2020,10:00:22,23.5,22.8,700,23.5,700,0,43400
LUPIN30Jan20770CE.NFO,07/01/2020,10:00:24,23.5,22.7,2800,23.65,1400,0,43400
LUPIN30Jan20770CE.NFO,07/01/2020,10:00:25,23.5,22.75,700,23.65,1400,0,43400
LUPIN30Jan20770CE.NFO,07/01/2020,10:00:26,23.5,22.7,2100,23.65,700,0,43400
LUPIN30Jan20770CE.NFO,07/01/2020,10:00:27,23.5,22.65,2100,23.55,700,0,43400
LUPIN30Jan20770CE.NFO,07/01/2020,10:00:28,23.5,22.65,700,23.55,700,0,43400
LUPIN30Jan20770CE.NFO,07/01/2020,10:00:29,23.5,22.5,2100,23.45,700,0,43400
LUPIN30Jan20770CE.NFO,07/01/2020,10:00:30,23.5,22.7,1400,23.45,700,0,43400
LUPIN30Jan20770CE.NFO,07/01/2020,10:00:31,23.5,22.75,700,23.35,700,0,43400
LUPIN30Jan20770CE.NFO,07/01/2020,10:00:32,22.75,22.15,700,23.15,1400,700,43400
LUPIN30Jan20770CE.NFO,07/01/2020,10:00:33,22.75,22.15,700,23,700,0,43400
LUPIN30Jan20770CE.NFO,07/01/2020,10:00:41,22.75,22.1,700,23.15,700,0,43400
LUPIN30Jan20770CE.NFO,07/01/2020,10:00:42,22.75,22.15,700,22.9,700,0,43400
LUPIN30Jan20770CE.NFO,07/01/2020,10:00:46,22.75,22.3,700,22.9,700,0,43400
LUPIN30Jan20770CE.NFO,07/01/2020,10:00:47,22.75,22.2,700,22.95,700,0,43400
LUPIN30Jan20770CE.NFO,07/01/2020,10:00:49,22.75,22.3,700,22.95,700,0,43400
LUPIN30Jan20770CE.NFO,07/01/2020,10:00:50,22.75,22.2,700,22.95,700,0,43400
LUPIN30Jan20770CE.NFO,07/01/2020,10:00:51,22.75,22.3,700,22.95,700,0,43400
LUPIN30Jan20770CE.NFO,07/01/2020,10:00:53,22.75,22.2,700,22.95,700,0,43400
LUPIN30Jan20770CE.NFO,07/01/2020,10:00:54,22.75,22.3,700,22.95,700,0,43400
LUPIN30Jan20770CE.NFO,07/01/2020,10:00:55,22.75,22.2,700,22.95,700,0,43400
LUPIN30Jan20770CE.NFO,07/01/2020,10:00:59,22.75,22.3,1400,22.95,700,0,43400
LUPIN30Jan20770CE.NFO,07/01/2020,10:01:02,22.75,22.2,1400,22.95,700,0,43400
LUPIN30Jan20770CE.NFO,07/01/2020,10:01:03,22.75,22.2,1400,23,1400,0,43400
LUPIN30Jan20770CE.NFO,07/01/2020,10:01:04,22.75,22.2,700,22.95,700,0,43400
LUPIN30Jan20770CE.NFO,07/01/2020,10:01:05,22.75,22.3,700,22.95,700,0,43400
LUPIN30Jan20770CE.NFO,07/01/2020,10:01:06,22.75,22.2,700,22.95,700,0,43400
LUPIN30Jan20770CE.NFO,07/01/2020,10:01:08,22.75,22.3,700,22.95,700,0,43400
LUPIN30Jan20770CE.NFO,07/01/2020,10:01:09,22.75,22.2,700,22.95,700,0,43400
LUPIN30Jan20770CE.NFO,07/01/2020,10:01:22,22.75,22.25,700,22.85,700,0,43400
LUPIN30Jan20770CE.NFO,07/01/2020,10:01:23,22.75,22.2,1400,22.85,700,0,43400
LUPIN30Jan20770CE.NFO,07/01/2020,10:01:28,22.75,22.2,700,22.85,700,0,43400
LUPIN30Jan20770CE.NFO,07/01/2020,10:01:37,22.75,22.15,700,22.75,700,0,43400
LUPIN30Jan20770CE.NFO,07/01/2020,10:01:41,22.75,22.1,700,22.65,700,0,43400
LUPIN30Jan20770CE.NFO,07/01/2020,10:01:42,22.75,22.15,700,22.65,2100,0,43400
LUPIN30Jan20770CE.NFO,07/01/2020,10:01:43,22.75,22.15,700,22.55,700,0,43400
LUPIN30Jan20770CE.NFO,07/01/2020,10:01:44,22.75,22.1,700,22.55,700,0,43400
LUPIN30Jan20770CE.NFO,07/01/2020,10:01:45,22.75,22.1,700,22.45,700,0,43400
LUPIN30Jan20770CE.NFO,07/01/2020,10:01:47,22.75,22.1,700,22.5,700,0,43400
LUPIN30Jan20770CE.NFO,07/01/2020,10:01:48,22.75,22.15,700,22.8,700,0,43400
LUPIN30Jan20770CE.NFO,07/01/2020,10:01:49,22.75,22.15,700,22.85,2100,0,43400
LUPIN30Jan20770CE.NFO,07/01/2020,10:01:50,22.75,22.15,700,22.7,1400,0,43400
LUPIN30Jan20770CE.NFO,07/01/2020,10:01:51,22.75,22.15,700,22.55,700,0,43400
LUPIN30Jan20770CE.NFO,07/01/2020,10:01:53,22.75,22.1,700,22.45,700,0,43400
LUPIN30Jan20770CE.NFO,07/01/2020,10:01:54,22.75,22.1,700,22.55,700,0,43400
LUPIN30Jan20770CE.NFO,07/01/2020,10:01:55,22.75,22.1,700,22.45,700,0,43400
LUPIN30Jan20770CE.NFO,07/01/2020,10:01:56,22.75,22.1,700,22.55,700,0,43400
LUPIN30Jan20770CE.NFO,07/01/2020,10:01:57,22.75,22.1,700,22.45,700,0,43400
LUPIN30Jan20770CE.NFO,07/01/2020,10:01:58,22.75,22.15,700,22.6,1400,0,43400
LUPIN30Jan20770CE.NFO,07/01/2020,10:01:59,22.75,22.15,700,22.5,700,0,43400
LUPIN30Jan20770CE.NFO,07/01/2020,10:02:00,22.75,22.1,700,22.4,700,0,43400
LUPIN30Jan20770CE.NFO,07/01/2020,10:02:01,22.75,22.1,700,22.6,1400,0,43400
LUPIN30Jan20770CE.NFO,07/01/2020,10:02:02,22.75,22.1,700,22.7,700,0,43400
LUPIN30Jan20770CE.NFO,07/01/2020,10:02:03,22.75,22.1,700,22.55,700,0,43400
LUPIN30Jan20770CE.NFO,07/01/2020,10:02:04,22.75,22.15,700,22.8,700,0,43400
LUPIN30Jan20770CE.NFO,07/01/2020,10:02:05,22.75,22.15,700,22.85,1400,0,43400
LUPIN30Jan20770CE.NFO,07/01/2020,10:02:06,22.75,22.15,700,22.55,700,0,43400
LUPIN30Jan20770CE.NFO,07/01/2020,10:02:07,22.75,22.2,700,22.65,700,0,43400
LUPIN30Jan20770CE.NFO,07/01/2020,10:02:10,22.75,22.2,700,23.2,2100,0,43400
LUPIN30Jan20770CE.NFO,07/01/2020,10:02:11,22.75,22.45,700,22.95,700,0,43400
LUPIN30Jan20770CE.NFO,07/01/2020,10:02:12,22.75,22.55,700,23,700,0,43400
LUPIN30Jan20770CE.NFO,07/01/2020,10:02:15,22.75,22.6,700,23,700,0,43400
LUPIN30Jan20770CE.NFO,07/01/2020,10:02:18,22.75,22.5,1400,23.1,700,0,43400
LUPIN30Jan20770CE.NFO,07/01/2020,10:02:19,22.75,22.45,700,23.05,1400,0,43400
LUPIN30Jan20770CE.NFO,07/01/2020,10:02:21,22.75,22.45,700,23.05,700,0,43400
LUPIN30Jan20770CE.NFO,07/01/2020,10:02:22,22.75,22.4,700,23.05,700,0,43400
LUPIN30Jan20770CE.NFO,07/01/2020,10:02:23,22.75,22.45,1400,23,700,0,43400
LUPIN30Jan20770CE.NFO,07/01/2020,10:02:25,22.75,22.2,1400,23.05,700,0,43400
LUPIN30Jan20770CE.NFO,07/01/2020,10:02:26,22.75,22.25,700,23.35,2800,0,43400
LUPIN30Jan20770CE.NFO,07/01/2020,10:02:27,22.75,22.3,700,22.95,700,0,43400
LUPIN30Jan20770CE.NFO,07/01/2020,10:02:28,22.75,22.3,700,22.95,1400,0,43400
LUPIN30Jan20770CE.NFO,07/01/2020,10:02:29,22.75,22.2,700,22.9,700,0,43400
LUPIN30Jan20770CE.NFO,07/01/2020,10:02:34,22.75,22.15,1400,22.95,700,0,43400
LUPIN30Jan20770CE.NFO,07/01/2020,10:02:35,22.75,22.2,1400,22.95,700,0,43400
LUPIN30Jan20770CE.NFO,07/01/2020,10:02:41,22.75,22.2,700,22.95,700,0,43400
LUPIN30Jan20770CE.NFO,07/01/2020,10:02:47,22.75,22.2,700,22.95,1400,0,43400
LUPIN30Jan20770CE.NFO,07/01/2020,10:02:48,22.75,22.2,1400,22.95,1400,0,43400
LUPIN30Jan20770CE.NFO,07/01/2020,10:02:51,22.75,22.15,700,22.9,700,0,43400
LUPIN30Jan20770CE.NFO,07/01/2020,10:02:52,22.75,22.2,700,22.95,700,0,43400
LUPIN30Jan20770CE.NFO,07/01/2020,10:02:56,22.75,22.2,1400,22.95,700,0,43400
LUPIN30Jan20770CE.NFO,07/01/2020,10:03:09,22.75,22.2,700,22.85,700,0,43400
LUPIN30Jan20770CE.NFO,07/01/2020,10:03:10,22.75,22.25,700,22.95,700,0,43400
LUPIN30Jan20770CE.NFO,07/01/2020,10:03:11,22.75,22.25,700,22.85,700,0,43400
LUPIN30Jan20770CE.NFO,07/01/2020,10:03:16,22.75,22.3,700,22.9,700,0,43400
LUPIN30Jan20770CE.NFO,07/01/2020,10:03:18,22.75,22.3,700,22.95,2100,0,43400
LUPIN30Jan20770CE.NFO,07/01/2020,10:03:20,22.75,22.4,1400,22.9,700,0,43400
LUPIN30Jan20770CE.NFO,07/01/2020,10:03:23,22.75,22.15,700,22.8,700,0,43400
LUPIN30Jan20770CE.NFO,07/01/2020,10:03:24,22.75,22.15,700,22.75,1400,0,43400
LUPIN30Jan20770CE.NFO,07/01/2020,10:03:25,22.75,22.15,700,22.75,700,0,43400
LUPIN30Jan20770CE.NFO,07/01/2020,10:03:31,22.75,22.15,700,22.7,700,0,43400
LUPIN30Jan20770CE.NFO,07/01/2020,10:03:32,22.75,22.15,1400,22.75,700,0,43400
LUPIN30Jan20770CE.NFO,07/01/2020,10:03:33,22.75,22.2,1400,22.75,700,0,43400
LUPIN30Jan20770CE.NFO,07/01/2020,10:03:36,22.75,22.15,700,22.8,700,0,43400
LUPIN30Jan20770CE.NFO,07/01/2020,10:03:39,22.75,22.1,700,22.7,700,0,43400
LUPIN30Jan20770CE.NFO,07/01/2020,10:03:40,22.75,22.15,700,22.7,700,0,43400
LUPIN30Jan20770CE.NFO,07/01/2020,10:03:51,22.75,22.15,1400,22.7,700,0,43400
LUPIN30Jan20770CE.NFO,07/01/2020,10:03:52,22.75,22.15,700,22.7,700,0,43400
LUPIN30Jan20770CE.NFO,07/01/2020,10:03:56,22.75,22.2,700,22.7,700,0,43400
LUPIN30Jan20770CE.NFO,07/01/2020,10:03:57,22.75,22.2,700,22.75,700,0,43400
LUPIN30Jan20770CE.NFO,07/01/2020,10:04:02,22.75,22.15,1400,22.75,700,0,43400
LUPIN30Jan20770CE.NFO,07/01/2020,10:04:03,22.75,22.3,700,22.8,700,0,43400
LUPIN30Jan20770CE.NFO,07/01/2020,10:04:17,22.75,22.2,1400,22.75,700,0,43400
LUPIN30Jan20770CE.NFO,07/01/2020,10:04:18,22.75,22.2,700,22.9,700,0,43400
LUPIN30Jan20770CE.NFO,07/01/2020,10:04:21,22.75,22.2,700,22.75,700,0,43400
LUPIN30Jan20770CE.NFO,07/01/2020,10:04:24,22.75,22.15,700,22.9,700,0,43400
LUPIN30Jan20770CE.NFO,07/01/2020,10:04:25,22.75,22.15,700,22.75,700,0,43400
LUPIN30Jan20770CE.NFO,07/01/2020,10:04:26,22.75,22.15,700,22.85,700,0,43400
LUPIN30Jan20770CE.NFO,07/01/2020,10:04:27,22.75,22.15,700,22.9,700,0,43400
LUPIN30Jan20770CE.NFO,07/01/2020,10:04:28,22.75,22.15,700,22.85,700,0,43400
LUPIN30Jan20770CE.NFO,07/01/2020,10:04:29,22.75,22.15,700,22.8,700,0,43400
LUPIN30Jan20770CE.NFO,07/01/2020,10:04:34,22.75,22.15,700,22.7,700,0,43400
LUPIN30Jan20770CE.NFO,07/01/2020,10:04:35,22.75,22.15,700,22.8,700,0,43400
LUPIN30Jan20770CE.NFO,07/01/2020,10:04:40,22.75,22.15,700,22.7,700,0,43400
LUPIN30Jan20770CE.NFO,07/01/2020,10:04:41,22.75,22.15,700,22.85,700,0,43400
LUPIN30Jan20770CE.NFO,07/01/2020,10:04:42,22.75,22.15,700,22.75,700,0,43400
LUPIN30Jan20770CE.NFO,07/01/2020,10:04:48,22.75,22.15,700,22.65,700,0,43400
LUPIN30Jan20770CE.NFO,07/01/2020,10:04:51,22.75,22.15,700,22.75,700,0,43400
LUPIN30Jan20770CE.NFO,07/01/2020,10:05:01,22.75,22.15,700,22.8,700,0,43400
LUPIN30Jan20770CE.NFO,07/01/2020,10:05:02,22.75,22.15,700,22.5,700,0,43400
LUPIN30Jan20770CE.NFO,07/01/2020,10:05:04,22.75,22.1,700,22.55,1400,0,43400
LUPIN30Jan20770CE.NFO,07/01/2020,10:05:06,22.75,22.15,700,22.55,1400,0,43400
LUPIN30Jan20770CE.NFO,07/01/2020,10:05:09,22.75,22.1,700,22.55,1400,0,43400
LUPIN30Jan20770CE.NFO,07/01/2020,10:05:30,22.75,22.1,700,22.35,700,0,43400
LUPIN30Jan20770CE.NFO,07/01/2020,10:05:35,22.75,22.1,700,22.3,700,0,43400
LUPIN30Jan20770CE.NFO,07/01/2020,10:05:36,22.75,22.15,700,22.55,700,0,43400
LUPIN30Jan20770CE.NFO,07/01/2020,10:05:37,22.75,22.15,700,22.5,700,0,43400
LUPIN30Jan20770CE.NFO,07/01/2020,10:05:38,22.75,22.15,700,22.75,1400,0,43400
LUPIN30Jan20770CE.NFO,07/01/2020,10:05:39,22.75,22.1,700,22.6,700,0,43400
LUPIN30Jan20770CE.NFO,07/01/2020,10:05:42,22.75,22.1,700,22.55,700,0,43400
LUPIN30Jan20770CE.NFO,07/01/2020,10:05:43,22.75,22.1,700,22.65,700,0,43400
LUPIN30Jan20770CE.NFO,07/01/2020,10:05:44,22.75,22.1,700,22.75,700,0,43400
LUPIN30Jan20770CE.NFO,07/01/2020,10:05:48,22.75,22.1,700,22.6,700,0,43400
LUPIN30Jan20770CE.NFO,07/01/2020,10:05:50,22.75,22.1,700,22.65,700,0,43400
LUPIN30Jan20770CE.NFO,07/01/2020,10:05:53,22.75,22.15,700,22.75,700,0,43400
LUPIN30Jan20770CE.NFO,07/01/2020,10:05:56,22.75,22.15,700,22.65,700,0,43400
LUPIN30Jan20770CE.NFO,07/01/2020,10:05:57,22.75,22.15,700,22.75,700,0,43400
LUPIN30Jan20770CE.NFO,07/01/2020,10:05:58,22.75,22.1,700,22.65,700,0,43400
LUPIN30Jan20770CE.NFO,07/01/2020,10:05:59,22.75,22.1,700,22.8,700,0,43400
LUPIN30Jan20770CE.NFO,07/01/2020,10:06:00,22.75,22.1,700,22.6,700,0,43400
LUPIN30Jan20770CE.NFO,07/01/2020,10:06:01,22.75,22.1,700,23.15,700,0,43400
LUPIN30Jan20770CE.NFO,07/01/2020,10:06:02,22.75,22.15,700,23.15,700,0,43400
LUPIN30Jan20770CE.NFO,07/01/2020,10:06:03,22.75,22.15,700,22.95,700,0,43400
LUPIN30Jan20770CE.NFO,07/01/2020,10:06:04,22.75,22.25,700,23,700,0,43400
LUPIN30Jan20770CE.NFO,07/01/2020,10:06:05,22.75,22.15,700,22.9,700,0,43400
LUPIN30Jan20770CE.NFO,07/01/2020,10:06:06,22.75,22.15,700,22.8,700,0,43400
LUPIN30Jan20770CE.NFO,07/01/2020,10:06:07,22.75,22.1,700,23.1,700,0,43400
LUPIN30Jan20770CE.NFO,07/01/2020,10:06:08,22.75,22.1,700,23,700,0,43400
LUPIN30Jan20770CE.NFO,07/01/2020,10:06:09,22.75,22.15,700,23,700,0,43400
LUPIN30Jan20770CE.NFO,07/01/2020,10:06:10,22.75,22.15,700,22.9,700,0,43400
LUPIN30Jan20770CE.NFO,07/01/2020,10:06:11,22.75,22.1,700,22.8,700,0,43400
LUPIN30Jan20770CE.NFO,07/01/2020,10:06:15,22.75,22.15,700,22.8,700,0,43400
LUPIN30Jan20770CE.NFO,07/01/2020,10:06:20,22.75,22.15,700,23,700,0,43400
LUPIN30Jan20770CE.NFO,07/01/2020,10:06:26,22.75,22.1,700,22.9,700,0,43400
LUPIN30Jan20770CE.NFO,07/01/2020,10:06:32,22.75,22.1,700,22.95,700,0,43400
LUPIN30Jan20770CE.NFO,07/01/2020,10:06:37,22.75,22.1,700,22.75,700,0,43400
LUPIN30Jan20770CE.NFO,07/01/2020,10:06:43,22.75,22.1,700,22.7,700,0,43400
LUPIN30Jan20770CE.NFO,07/01/2020,10:06:49,22.75,22.15,700,22.9,700,0,43400
LUPIN30Jan20770CE.NFO,07/01/2020,10:06:55,22.1,21.35,700,22.8,700,700,42700
LUPIN30Jan20770CE.NFO,07/01/2020,10:06:55,22.1,21.35,700,22.8,700,0,42700
LUPIN30Jan20770CE.NFO,07/01/2020,10:07:00,22.1,21.5,700,22.25,700,0,42700
LUPIN30Jan20770CE.NFO,07/01/2020,10:07:05,22.1,21.5,700,22.45,1400,0,42700
LUPIN30Jan20770CE.NFO,07/01/2020,10:07:12,22.1,21.95,700,22.6,700,0,42700
LUPIN30Jan20770CE.NFO,07/01/2020,10:07:13,22.1,22.2,700,22.7,700,0,42700
LUPIN30Jan20770CE.NFO,07/01/2020,10:07:14,22.1,21.35,700,22.8,1400,0,42700
LUPIN30Jan20770CE.NFO,07/01/2020,10:07:15,22.1,20.85,2800,22.4,700,0,42700
LUPIN30Jan20770CE.NFO,07/01/2020,10:07:16,22.1,21.5,700,22.6,700,0,42700
LUPIN30Jan20770CE.NFO,07/01/2020,10:07:17,22.1,21.55,700,22.35,700,0,42700
LUPIN30Jan20770CE.NFO,07/01/2020,10:07:18,22.1,20.7,2800,22.75,700,0,42700
LUPIN30Jan20770CE.NFO,07/01/2020,10:07:19,22.1,21.35,700,22.4,700,0,42700
LUPIN30Jan20770CE.NFO,07/01/2020,10:07:20,22.1,21.1,700,22.55,1400,0,42700
LUPIN30Jan20770CE.NFO,07/01/2020,10:07:21,22.1,21.05,700,22.55,1400,0,42700
LUPIN30Jan20770CE.NFO,07/01/2020,10:07:22,22.1,20.85,2800,22.3,700,0,42700
LUPIN30Jan20770CE.NFO,07/01/2020,10:07:23,22.1,21.2,700,22.6,700,0,42700
LUPIN30Jan20770CE.NFO,07/01/2020,10:07:25,22.1,21.2,700,22.4,700,0,42700
LUPIN30Jan20770CE.NFO,07/01/2020,10:07:28,22.1,21.4,700,22.25,700,0,42700
LUPIN30Jan20770CE.NFO,07/01/2020,10:07:31,22.1,21.2,700,22.3,700,0,42700
LUPIN30Jan20770CE.NFO,07/01/2020,10:07:32,22.1,21.3,1400,22.25,700,0,42700
LUPIN30Jan20770CE.NFO,07/01/2020,10:07:46,22.1,21.3,700,22.3,700,0,42700
LUPIN30Jan20770CE.NFO,07/01/2020,10:07:48,22.1,21.3,700,22.25,700,0,42700
LUPIN30Jan20770CE.NFO,07/01/2020,10:07:49,22.1,21.65,700,22.5,700,0,42700
LUPIN30Jan20770CE.NFO,07/01/2020,10:07:50,22.1,20.9,700,22.85,700,0,42700
LUPIN30Jan20770CE.NFO,07/01/2020,10:07:51,22.1,21.3,700,22.7,1400,0,42700
LUPIN30Jan20770CE.NFO,07/01/2020,10:07:53,22.1,21.4,700,22.7,700,0,42700
LUPIN30Jan20770CE.NFO,07/01/2020,10:07:54,22.1,21.4,700,22.65,1400,0,42700
LUPIN30Jan20770CE.NFO,07/01/2020,10:07:55,22.1,21.55,700,22.5,700,0,42700
LUPIN30Jan20770CE.NFO,07/01/2020,10:07:57,22.1,21.4,700,22.45,700,0,42700
LUPIN30Jan20770CE.NFO,07/01/2020,10:07:58,22.1,21.4,700,22.4,700,0,42700
LUPIN30Jan20770CE.NFO,07/01/2020,10:08:00,22.1,21.1,700,22.65,1400,0,42700
LUPIN30Jan20770CE.NFO,07/01/2020,10:08:02,22.1,21.4,1400,22.6,700,0,42700
LUPIN30Jan20770CE.NFO,07/01/2020,10:08:03,22.1,20.65,2800,22.1,700,0,42700
LUPIN30Jan20770CE.NFO,07/01/2020,10:08:04,22.1,20.8,700,22.1,1400,0,42700
LUPIN30Jan20770CE.NFO,07/01/2020,10:08:06,22.1,20.6,700,22.05,700,0,42700
LUPIN30Jan20770CE.NFO,07/01/2020,10:08:07,22.1,20.6,1400,22.4,700,0,42700
LUPIN30Jan20770CE.NFO,07/01/2020,10:08:08,22.1,20.6,1400,22.1,700,0,42700
LUPIN30Jan20770CE.NFO,07/01/2020,10:08:09,22.1,20.7,700,22.05,1400,0,42700
LUPIN30Jan20770CE.NFO,07/01/2020,10:08:13,22.1,20.8,700,22.1,700,0,42700
LUPIN30Jan20770CE.NFO,07/01/2020,10:08:14,22.1,20.85,1400,22,700,0,42700
LUPIN30Jan20770CE.NFO,07/01/2020,10:08:16,22.1,20.6,2800,22.1,700,0,42700
LUPIN30Jan20770CE.NFO,07/01/2020,10:08:17,22.1,20.8,1400,22.1,700,0,42700
LUPIN30Jan20770CE.NFO,07/01/2020,10:08:18,22.1,20.9,700,22.25,1400,0,42700
LUPIN30Jan20770CE.NFO,07/01/2020,10:08:19,22.1,20.9,700,22.1,700,0,42700
LUPIN30Jan20770CE.NFO,07/01/2020,10:08:20,22.1,20.75,1400,22.1,700,0,42700
LUPIN30Jan20770CE.NFO,07/01/2020,10:08:21,22.1,20.85,1400,22.2,700,0,42700
LUPIN30Jan20770CE.NFO,07/01/2020,10:08:22,22.1,20.85,2100,22.05,700,0,42700
LUPIN30Jan20770CE.NFO,07/01/2020,10:08:25,22.1,20.75,1400,22.1,700,0,42700
LUPIN30Jan20770CE.NFO,07/01/2020,10:08:26,22.1,20.75,1400,22,700,0,42700
LUPIN30Jan20770CE.NFO,07/01/2020,10:08:27,22.1,20.75,1400,22.1,700,0,42700
LUPIN30Jan20770CE.NFO,07/01/2020,10:08:29,22.1,20.75,1400,22.2,700,0,42700
LUPIN30Jan20770CE.NFO,07/01/2020,10:08:31,22.1,20.75,1400,22,700,0,42700
LUPIN30Jan20770CE.NFO,07/01/2020,10:08:32,22.1,21.05,2100,22.4,1400,0,42700
LUPIN30Jan20770CE.NFO,07/01/2020,10:08:33,22.1,21.4,700,22.45,700,0,42700
LUPIN30Jan20770CE.NFO,07/01/2020,10:08:34,22.1,21.3,700,22.3,700,0,42700
LUPIN30Jan20770CE.NFO,07/01/2020,10:08:36,22.1,21.15,700,22.6,700,0,42700
LUPIN30Jan20770CE.NFO,07/01/2020,10:08:38,22.1,21.35,1400,22.4,700,0,42700
LUPIN30Jan20770CE.NFO,07/01/2020,10:08:39,22.1,21.3,700,22.3,700,0,42700
LUPIN30Jan20770CE.NFO,07/01/2020,10:08:58,22.1,20.8,700,22.6,700,0,42700
LUPIN30Jan20770CE.NFO,07/01/2020,10:08:59,22.1,21.25,2100,22.3,700,0,42700
LUPIN30Jan20770CE.NFO,07/01/2020,10:09:01,22.1,21.05,700,22.4,700,0,42700
LUPIN30Jan20770CE.NFO,07/01/2020,10:09:02,22.1,21.05,700,22.3,700,0,42700
LUPIN30Jan20770CE.NFO,07/01/2020,10:09:03,22.1,21.1,700,22.2,700,0,42700
LUPIN30Jan20770CE.NFO,07/01/2020,10:09:04,22.1,21.1,700,22.4,700,0,42700
LUPIN30Jan20770CE.NFO,07/01/2020,10:09:05,22.1,21.15,700,22.3,700,0,42700
LUPIN30Jan20770CE.NFO,07/01/2020,10:09:07,22.1,21.2,700,22.2,700,0,42700
LUPIN30Jan20770CE.NFO,07/01/2020,10:09:17,22.1,21.05,700,22.4,700,0,42700
LUPIN30Jan20770CE.NFO,07/01/2020,10:09:18,22.1,21.3,1400,22.3,700,0,42700
LUPIN30Jan20770CE.NFO,07/01/2020,10:09:20,22.1,21.05,2100,22.4,700,0,42700
LUPIN30Jan20770CE.NFO,07/01/2020,10:09:21,22.1,21.15,700,22.3,700,0,42700
LUPIN30Jan20770CE.NFO,07/01/2020,10:09:23,22.1,21,1400,22.4,700,0,42700
LUPIN30Jan20770CE.NFO,07/01/2020,10:09:24,22.1,21.2,2100,22.3,700,0,42700
LUPIN30Jan20770CE.NFO,07/01/2020,10:09:25,22.1,21.1,700,22.2,700,0,42700
LUPIN30Jan20770CE.NFO,07/01/2020,10:09:26,22.1,21,1400,22.4,700,0,42700
LUPIN30Jan20770CE.NFO,07/01/2020,10:09:29,22.1,21.2,700,22.2,700,0,42700
LUPIN30Jan20770CE.NFO,07/01/2020,10:09:30,22.1,21.2,1400,22.4,700,0,42700
LUPIN30Jan20770CE.NFO,07/01/2020,10:09:33,22.1,21.05,700,22.3,700,0,42700
LUPIN30Jan20770CE.NFO,07/01/2020,10:09:37,22.1,21.1,700,22.4,700,0,42700
LUPIN30Jan20770CE.NFO,07/01/2020,10:09:38,22.1,21.15,700,22.3,700,0,42700
LUPIN30Jan20770CE.NFO,07/01/2020,10:09:41,22.1,21.2,1400,22.2,700,0,42700
LUPIN30Jan20770CE.NFO,07/01/2020,10:09:42,22.1,21.35,700,22.7,2100,0,42700
LUPIN30Jan20770CE.NFO,07/01/2020,10:09:43,22.1,21.15,700,22.4,700,0,42700
LUPIN30Jan20770CE.NFO,07/01/2020,10:09:44,22.1,21.15,700,22.5,700,0,42700
LUPIN30Jan20770CE.NFO,07/01/2020,10:09:46,22.1,21.2,1400,22.5,700,0,42700
LUPIN30Jan20770CE.NFO,07/01/2020,10:09:47,22.1,21.1,700,22.4,700,0,42700
LUPIN30Jan20770CE.NFO,07/01/2020,10:09:49,22.1,21.1,700,22.3,700,0,42700
LUPIN30Jan20770CE.NFO,07/01/2020,10:09:50,22.1,21.1,1400,22.4,700,0,42700
LUPIN30Jan20770CE.NFO,07/01/2020,10:09:54,22.1,21,700,22.5,700,0,42700
LUPIN30Jan20770CE.NFO,07/01/2020,10:09:56,22.1,21.1,1400,22.4,700,0,42700
LUPIN30Jan20770CE.NFO,07/01/2020,10:09:57,22.1,21.3,700,22.35,700,0,42700
LUPIN30Jan20770CE.NFO,07/01/2020,10:09:59,22.1,21.35,700,22.65,700,0,42700
LUPIN30Jan20770CE.NFO,07/01/2020,10:10:00,22.1,21.3,1400,22.55,700,0,42700
LUPIN30Jan20770CE.NFO,07/01/2020,10:10:01,22.1,20.85,2800,22.35,700,0,42700
LUPIN30Jan20770CE.NFO,07/01/2020,10:10:02,22.1,21.4,700,22.45,700,0,42700
LUPIN30Jan20770CE.NFO,07/01/2020,10:10:03,22.1,21.4,700,22.35,700,0,42700
LUPIN30Jan20770CE.NFO,07/01/2020,10:10:05,22.1,21.05,2800,22.4,700,0,42700
LUPIN30Jan20770CE.NFO,07/01/2020,10:10:11,22.1,20.9,2800,22.3,700,0,42700
LUPIN30Jan20770CE.NFO,07/01/2020,10:10:13,22.1,20.75,700,22.65,700,0,42700
LUPIN30Jan20770CE.NFO,07/01/2020,10:10:15,22.1,21.05,700,22.7,1400,0,42700
LUPIN30Jan20770CE.NFO,07/01/2020,10:10:26,22.1,21.1,700,22.55,700,0,42700
LUPIN30Jan20770CE.NFO,07/01/2020,10:10:27,22.1,21,700,22.45,700,0,42700
LUPIN30Jan20770CE.NFO,07/01/2020,10:10:28,22.1,21,700,22.35,700,0,42700
LUPIN30Jan20770CE.NFO,07/01/2020,10:10:31,22.1,21,700,22.25,700,0,42700
LUPIN30Jan20770CE.NFO,07/01/2020,10:10:38,22.1,21.05,700,22.55,700,0,42700
LUPIN30Jan20770CE.NFO,07/01/2020,10:10:39,22.1,20.95,700,22.3,700,0,42700
LUPIN30Jan20770CE.NFO,07/01/2020,10:10:55,22.1,20.8,700,22.2,1400,0,42700
LUPIN30Jan20770CE.NFO,07/01/2020,10:11:02,22.1,21.05,700,22.2,1400,0,42700
LUPIN30Jan20770CE.NFO,07/01/2020,10:11:52,22.1,21.05,700,22.1,700,0,42700
LUPIN30Jan20770CE.NFO,07/01/2020,10:11:57,22.1,21.1,1400,22.4,700,0,42700
LUPIN30Jan20770CE.NFO,07/01/2020,10:12:02,22.1,21.35,700,22.3,1400,0,42700
LUPIN30Jan20770CE.NFO,07/01/2020,10:13:19,22.1,21,2100,22.25,700,0,42700
LUPIN30Jan20770CE.NFO,07/01/2020,10:13:24,22.1,21,1400,22.1,700,0,42700
LUPIN30Jan20770CE.NFO,07/01/2020,10:13:29,22.1,20.95,700,22.3,1400,0,42700
LUPIN30Jan20770CE.NFO,07/01/2020,10:13:33,22.1,21,700,22.35,700,0,42700
LUPIN30Jan20770CE.NFO,07/01/2020,10:13:37,22.1,21,700,22.25,700,0,42700
LUPIN30Jan20770CE.NFO,07/01/2020,10:13:42,22.1,20.85,1400,22.35,700,0,42700
LUPIN30Jan20770CE.NFO,07/01/2020,10:13:53,22.1,20.9,700,22.3,700,0,42700
LUPIN30Jan20770CE.NFO,07/01/2020,10:13:58,22.1,21.25,700,22.2,700,0,42700
LUPIN30Jan20770CE.NFO,07/01/2020,10:14:02,22.1,21.2,700,22.35,700,0,42700
LUPIN30Jan20770CE.NFO,07/01/2020,10:14:07,22.1,21.05,1400,22.3,1400,0,42700
LUPIN30Jan20770CE.NFO,07/01/2020,10:14:43,22.1,21.25,1400,22.25,700,0,42700
LUPIN30Jan20770CE.NFO,07/01/2020,10:14:48,22.1,21.05,700,22.35,700,0,42700
LUPIN30Jan20770CE.NFO,07/01/2020,10:14:48,22.1,21.2,1400,22.35,700,0,42700
LUPIN30Jan20770CE.NFO,07/01/2020,10:14:49,22.1,21.1,700,22.35,700,0,42700
LUPIN30Jan20770CE.NFO,07/01/2020,10:14:52,22.1,21.25,1400,22.35,700,0,42700
LUPIN30Jan20770CE.NFO,07/01/2020,10:14:54,22.1,21.25,1400,22.25,700,0,42700
LUPIN30Jan20770CE.NFO,07/01/2020,10:14:55,22.1,21,1400,22.5,1400,0,42700
LUPIN30Jan20770CE.NFO,07/01/2020,10:14:56,22.1,21.15,700,22.35,700,0,42700
LUPIN30Jan20770CE.NFO,07/01/2020,10:14:57,22.1,21.25,700,22.35,700,0,42700
LUPIN30Jan20770CE.NFO,07/01/2020,10:14:58,22.1,21.05,700,22.3,2100,0,42700
LUPIN30Jan20770CE.NFO,07/01/2020,10:15:02,22.1,20.7,2100,22.15,700,0,42700
LUPIN30Jan20770CE.NFO,07/01/2020,10:15:04,22.1,21.15,700,22.05,700,0,42700
LUPIN30Jan20770CE.NFO,07/01/2020,10:15:06,22.1,20.7,700,22.3,1400,0,42700
LUPIN30Jan20770CE.NFO,07/01/2020,10:15:07,22.1,20.95,1400,22.1,700,0,42700
LUPIN30Jan20770CE.NFO,07/01/2020,10:15:09,22.1,20.6,700,22.2,700,0,42700
LUPIN30Jan20770CE.NFO,07/01/2020,10:15:10,22.1,20.45,700,22.25,1400,0,42700
LUPIN30Jan20770CE.NFO,07/01/2020,10:15:11,22.1,20.6,700,22.1,700,0,42700
LUPIN30Jan20770CE.NFO,07/01/2020,10:15:13,22.1,20.9,700,22,700,0,42700
LUPIN30Jan20770CE.NFO,07/01/2020,10:15:14,22.1,20.6,700,22.1,700,0,42700
LUPIN30Jan20770CE.NFO,07/01/2020,10:15:15,22.1,20.7,700,22.2,700,0,42700
LUPIN30Jan20770CE.NFO,07/01/2020,10:15:16,22.1,20.7,700,22.1,700,0,42700
LUPIN30Jan20770CE.NFO,07/01/2020,10:15:24,22.1,20.85,700,22.35,700,0,42700
LUPIN30Jan20770CE.NFO,07/01/2020,10:15:25,22.1,20.75,700,22.35,700,0,42700
LUPIN30Jan20770CE.NFO,07/01/2020,10:15:26,22.1,21.2,700,22.3,1400,0,42700
LUPIN30Jan20770CE.NFO,07/01/2020,10:15:27,22.1,21.45,700,22.35,700,0,42700
LUPIN30Jan20770CE.NFO,07/01/2020,10:15:28,22.1,21.45,700,22.25,700,0,42700
LUPIN30Jan20770CE.NFO,07/01/2020,10:15:30,22.1,21.45,700,22.45,700,0,42700
LUPIN30Jan20770CE.NFO,07/01/2020,10:15:31,22.1,21.2,700,22.35,700,0,42700
LUPIN30Jan20770CE.NFO,07/01/2020,10:15:32,22.1,21.15,700,22.55,700,0,42700
LUPIN30Jan20770CE.NFO,07/01/2020,10:15:37,22.1,21.2,1400,22.45,700,0,42700
LUPIN30Jan20770CE.NFO,07/01/2020,10:15:38,22.1,21.45,1400,22.25,700,0,42700
LUPIN30Jan20770CE.NFO,07/01/2020,10:15:41,22.1,21,700,22.55,700,0,42700
LUPIN30Jan20770CE.NFO,07/01/2020,10:15:43,22.1,20.6,700,22.1,1400,0,42700
LUPIN30Jan20770CE.NFO,07/01/2020,10:15:44,22.1,20.85,700,22.15,700,0,42700
LUPIN30Jan20770CE.NFO,07/01/2020,10:15:45,22.1,20.55,700,22.2,1400,0,42700
LUPIN30Jan20770CE.NFO,07/01/2020,10:15:46,22.1,20.8,700,22.05,700,0,42700
LUPIN30Jan20770CE.NFO,07/01/2020,10:15:47,22.1,21,700,21.95,700,0,42700
LUPIN30Jan20770CE.NFO,07/01/2020,10:15:48,22.1,20.55,700,22,700,0,42700
LUPIN30Jan20770CE.NFO,07/01/2020,10:16:03,22.1,20.55,700,21.8,700,0,42700
LUPIN30Jan20770CE.NFO,07/01/2020,10:16:04,22.1,20.4,700,22.1,700,0,42700
LUPIN30Jan20770CE.NFO,07/01/2020,10:16:05,22.1,20.6,700,21.95,700,0,42700
LUPIN30Jan20770CE.NFO,07/01/2020,10:16:06,22.1,20.35,700,22.35,700,0,42700
LUPIN30Jan20770CE.NFO,07/01/2020,10:16:07,22.1,20.6,700,21.95,700,0,42700
LUPIN30Jan20770CE.NFO,07/01/2020,10:16:08,22.1,20.6,700,22.05,700,0,42700
LUPIN30Jan20770CE.NFO,07/01/2020,10:16:09,22.1,20.6,1400,21.85,700,0,42700
LUPIN30Jan20770CE.NFO,07/01/2020,10:16:15,22.1,20.45,700,22.05,700,0,42700
LUPIN30Jan20770CE.NFO,07/01/2020,10:16:21,22.1,20.4,700,22.05,700,0,42700
LUPIN30Jan20770CE.NFO,07/01/2020,10:16:22,22.1,20.45,700,21.9,700,0,42700
LUPIN30Jan20770CE.NFO,07/01/2020,10:16:23,22.1,20.5,700,21.8,1400,0,42700
LUPIN30Jan20770CE.NFO,07/01/2020,10:16:26,22.1,20.65,700,22.2,700,0,42700
LUPIN30Jan20770CE.NFO,07/01/2020,10:16:27,22.1,20.85,700,21.8,700,0,42700
LUPIN30Jan20770CE.NFO,07/01/2020,10:16:29,22.1,20.45,700,22.1,700,0,42700
LUPIN30Jan20770CE.NFO,07/01/2020,10:16:29,22.1,20.55,700,22.25,1400,0,42700
LUPIN30Jan20770CE.NFO,07/01/2020,10:16:33,22.1,20.35,700,21.9,700,0,42700
LUPIN30Jan20770CE.NFO,07/01/2020,10:16:33,22.1,20.3,700,22.3,700,0,42700
LUPIN30Jan20770CE.NFO,07/01/2020,10:16:34,22.1,20.3,700,22.1,700,0,42700
LUPIN30Jan20770CE.NFO,07/01/2020,10:16:35,22.1,20.55,700,22.05,700,0,42700
LUPIN30Jan20770CE.NFO,07/01/2020,10:16:36,22.1,20.4,700,22.05,700,0,42700
LUPIN30Jan20770CE.NFO,07/01/2020,10:16:37,22.1,20.5,700,22,700,0,42700
LUPIN30Jan20770CE.NFO,07/01/2020,10:16:38,22.1,20.45,700,22.15,700,0,42700
LUPIN30Jan20770CE.NFO,07/01/2020,10:16:39,22.1,20.5,700,21.9,700,0,42700
LUPIN30Jan20770CE.NFO,07/01/2020,10:16:52,22.1,20.8,700,21.85,700,0,42700
LUPIN30Jan20770CE.NFO,07/01/2020,10:16:55,22.1,20.5,700,22.2,700,0,42700
LUPIN30Jan20770CE.NFO,07/01/2020,10:16:57,22.1,20.5,700,22.1,700,0,42700
LUPIN30Jan20770CE.NFO,07/01/2020,10:16:57,22.1,20.5,700,22,700,0,42700
LUPIN30Jan20770CE.NFO,07/01/2020,10:16:58,22.1,20.5,700,21.9,700,0,42700
LUPIN30Jan20770CE.NFO,07/01/2020,10:17:00,22.1,20.4,700,22.1,700,0,42700
LUPIN30Jan20770CE.NFO,07/01/2020,10:17:01,22.1,20.6,1400,21.9,700,0,42700
