Ticker,Date,Time,LTP,BuyPrice,BuyQty,SellPrice,SellQty,LTQ,OpenInterest
LUPIN30Jan20810CE.NFO,07/01/2020,09:16:54,7.5,6.55,700,8.75,700,700,30100
LUPIN30Jan20810CE.NFO,07/01/2020,09:16:54,7.5,6.55,700,8.75,700,0,30100
LUPIN30Jan20810CE.NFO,07/01/2020,09:16:54,7.5,6.55,700,8.75,700,0,30100
LUPIN30Jan20810CE.NFO,07/01/2020,09:16:54,7.5,6.55,700,8.75,700,0,30100
LUPIN30Jan20810CE.NFO,07/01/2020,09:17:04,7.5,6.55,700,8.55,700,0,30100
LUPIN30Jan20810CE.NFO,07/01/2020,09:17:14,7.5,6.55,700,8.75,700,0,30100
LUPIN30Jan20810CE.NFO,07/01/2020,09:17:23,7.5,6.6,700,8.75,700,0,30100
LUPIN30Jan20810CE.NFO,07/01/2020,09:17:33,7.5,6.65,700,8.8,700,0,30100
LUPIN30Jan20810CE.NFO,07/01/2020,09:17:52,7.5,6.65,700,8.7,700,0,30100
LUPIN30Jan20810CE.NFO,07/01/2020,09:18:10,7.5,6.75,700,8.35,700,0,30100
LUPIN30Jan20810CE.NFO,07/01/2020,09:18:18,7.5,6.85,700,8.35,700,0,30100
LUPIN30Jan20810CE.NFO,07/01/2020,09:18:40,7.5,6.85,700,8.35,1400,0,30100
LUPIN30Jan20810CE.NFO,07/01/2020,09:18:48,7.5,6.85,700,8.25,700,0,30100
LUPIN30Jan20810CE.NFO,07/01/2020,09:19:03,7.5,6.85,700,8.2,700,0,30100
LUPIN30Jan20810CE.NFO,07/01/2020,09:19:09,7.5,6.85,700,8.2,1400,0,30100
LUPIN30Jan20810CE.NFO,07/01/2020,09:19:16,7.5,6.85,700,8,700,0,30100
LUPIN30Jan20810CE.NFO,07/01/2020,09:19:30,7.5,6.85,700,7.8,1400,0,30100
LUPIN30Jan20810CE.NFO,07/01/2020,09:19:51,7.8,6.95,700,7.8,700,700,30100
LUPIN30Jan20810CE.NFO,07/01/2020,09:19:51,7.8,6.95,700,7.8,700,0,30100
LUPIN30Jan20810CE.NFO,07/01/2020,09:19:58,7.8,6.95,700,7.8,700,0,30100
LUPIN30Jan20810CE.NFO,07/01/2020,09:20:04,7.8,7.05,700,7.8,700,0,30100
LUPIN30Jan20810CE.NFO,07/01/2020,09:20:23,8,7.45,700,8.35,700,1400,30100
LUPIN30Jan20810CE.NFO,07/01/2020,09:20:23,8,7.45,700,8.35,700,0,30100
LUPIN30Jan20810CE.NFO,07/01/2020,09:20:29,8,7.65,700,8.5,700,0,30100
LUPIN30Jan20810CE.NFO,07/01/2020,09:20:36,8,7.65,700,8.5,1400,0,30100
LUPIN30Jan20810CE.NFO,07/01/2020,09:21:43,8,7.65,700,8.3,1400,0,30100
LUPIN30Jan20810CE.NFO,07/01/2020,09:22:17,8,7.65,700,8.25,700,0,30100
LUPIN30Jan20810CE.NFO,07/01/2020,09:22:30,8,7.55,700,8.25,700,0,30100
LUPIN30Jan20810CE.NFO,07/01/2020,09:22:44,8,7.55,700,8.25,1400,0,30100
LUPIN30Jan20810CE.NFO,07/01/2020,09:22:50,8,7.55,700,8.25,700,0,30100
LUPIN30Jan20810CE.NFO,07/01/2020,09:23:03,8,7.55,700,8.3,1400,0,30100
LUPIN30Jan20810CE.NFO,07/01/2020,09:23:32,8,7.65,700,8.3,1400,0,30100
LUPIN30Jan20810CE.NFO,07/01/2020,09:23:38,8,7.6,1400,8.3,1400,0,30100
LUPIN30Jan20810CE.NFO,07/01/2020,09:23:44,8,7.7,700,8.3,1400,0,30100
LUPIN30Jan20810CE.NFO,07/01/2020,09:24:14,8,7.35,700,8.25,1400,0,30100
LUPIN30Jan20810CE.NFO,07/01/2020,09:24:37,8,7.45,700,8.25,700,0,30100
LUPIN30Jan20810CE.NFO,07/01/2020,09:24:59,8,7.45,700,8.25,1400,0,30100
LUPIN30Jan20810CE.NFO,07/01/2020,09:25:05,8,7.55,700,8.25,1400,0,30100
LUPIN30Jan20810CE.NFO,07/01/2020,09:25:11,8,7.65,700,8.3,1400,0,30100
LUPIN30Jan20810CE.NFO,07/01/2020,09:25:18,8,7.8,700,8.3,1400,0,30100
LUPIN30Jan20810CE.NFO,07/01/2020,09:25:24,8,7.75,700,8.3,1400,0,30100
LUPIN30Jan20810CE.NFO,07/01/2020,09:25:37,8,7.75,2100,8.25,700,0,30100
LUPIN30Jan20810CE.NFO,07/01/2020,09:25:42,8,7.6,700,8.2,700,0,30100
LUPIN30Jan20810CE.NFO,07/01/2020,09:25:50,8,7.5,700,8.15,700,0,30100
LUPIN30Jan20810CE.NFO,07/01/2020,09:26:03,8,7.5,700,8.1,1400,0,30100
LUPIN30Jan20810CE.NFO,07/01/2020,09:26:10,8,7.6,700,8.2,700,0,30100
LUPIN30Jan20810CE.NFO,07/01/2020,09:26:17,8,7.7,1400,8.25,700,0,30100
LUPIN30Jan20810CE.NFO,07/01/2020,09:26:23,8,7.7,700,8.25,2100,0,30100
LUPIN30Jan20810CE.NFO,07/01/2020,09:26:29,8,7.65,700,8.25,700,0,30100
LUPIN30Jan20810CE.NFO,07/01/2020,09:26:35,8,7.8,700,8.3,1400,0,30100
LUPIN30Jan20810CE.NFO,07/01/2020,09:26:46,8,7.75,700,8.3,1400,0,30100
LUPIN30Jan20810CE.NFO,07/01/2020,09:26:52,8,7.75,700,8.2,700,0,30100
LUPIN30Jan20810CE.NFO,07/01/2020,09:26:57,8,7.65,1400,8.25,1400,0,30100
LUPIN30Jan20810CE.NFO,07/01/2020,09:27:03,8,7.55,700,8.15,700,0,30100
LUPIN30Jan20810CE.NFO,07/01/2020,09:27:09,8,7.65,700,8.15,700,0,30100
LUPIN30Jan20810CE.NFO,07/01/2020,09:27:25,8,7.6,700,8.15,700,0,30100
LUPIN30Jan20810CE.NFO,07/01/2020,09:27:31,8,7.6,700,8.1,700,0,30100
LUPIN30Jan20810CE.NFO,07/01/2020,09:27:37,8,7.6,1400,8.2,700,0,30100
LUPIN30Jan20810CE.NFO,07/01/2020,09:27:49,8,7.65,1400,8.2,700,0,30100
LUPIN30Jan20810CE.NFO,07/01/2020,09:27:57,8,7.65,700,8.2,700,0,30100
LUPIN30Jan20810CE.NFO,07/01/2020,09:28:10,8,7.6,700,8.1,700,0,30100
LUPIN30Jan20810CE.NFO,07/01/2020,09:28:21,8,7.45,700,8.1,1400,0,30100
LUPIN30Jan20810CE.NFO,07/01/2020,09:28:27,8,7.45,700,7.95,700,0,30100
LUPIN30Jan20810CE.NFO,07/01/2020,09:28:33,8,7.45,700,8,700,0,30100
LUPIN30Jan20810CE.NFO,07/01/2020,09:28:38,8,7.45,700,8.1,700,0,30100
LUPIN30Jan20810CE.NFO,07/01/2020,09:28:43,8,7.45,700,8,700,0,30100
LUPIN30Jan20810CE.NFO,07/01/2020,09:29:10,8,7.55,700,8.15,700,0,30100
LUPIN30Jan20810CE.NFO,07/01/2020,09:29:16,8,7.5,2100,8.15,1400,0,30100
LUPIN30Jan20810CE.NFO,07/01/2020,09:29:22,8,7.5,2100,8.05,700,0,30100
LUPIN30Jan20810CE.NFO,07/01/2020,09:29:27,8,7.55,1400,8.05,700,0,30100
LUPIN30Jan20810CE.NFO,07/01/2020,09:29:33,8,7.6,700,8.05,700,0,30100
LUPIN30Jan20810CE.NFO,07/01/2020,09:29:44,8,7.6,1400,8.05,700,0,30100
LUPIN30Jan20810CE.NFO,07/01/2020,09:29:48,8,7.65,700,8.05,700,0,30100
LUPIN30Jan20810CE.NFO,07/01/2020,09:30:06,8,7.65,700,8,700,0,30100
LUPIN30Jan20810CE.NFO,07/01/2020,09:30:27,8,7.75,700,8,700,0,30100
LUPIN30Jan20810CE.NFO,07/01/2020,09:30:42,8,7.7,700,8,700,0,30100
LUPIN30Jan20810CE.NFO,07/01/2020,09:30:56,8,7.7,700,8.25,700,0,30100
LUPIN30Jan20810CE.NFO,07/01/2020,09:31:01,8,7.7,1400,8.2,700,0,30100
LUPIN30Jan20810CE.NFO,07/01/2020,09:31:07,8,7.9,700,8.3,1400,0,30100
LUPIN30Jan20810CE.NFO,07/01/2020,09:31:13,8,7.75,1400,8.25,700,0,30100
LUPIN30Jan20810CE.NFO,07/01/2020,09:31:20,8,7.85,700,8.25,700,0,30100
LUPIN30Jan20810CE.NFO,07/01/2020,09:31:25,8,7.65,700,8.25,700,0,30100
LUPIN30Jan20810CE.NFO,07/01/2020,09:31:31,8,7.7,1400,8.25,700,0,30100
LUPIN30Jan20810CE.NFO,07/01/2020,09:31:36,8,7.75,1400,8.3,1400,0,30100
LUPIN30Jan20810CE.NFO,07/01/2020,09:31:42,8,7.75,700,8.3,1400,0,30100
LUPIN30Jan20810CE.NFO,07/01/2020,09:31:53,8,7.7,700,8.3,2100,0,30100
LUPIN30Jan20810CE.NFO,07/01/2020,09:32:04,8,7.7,2100,8.3,2100,0,30100
LUPIN30Jan20810CE.NFO,07/01/2020,09:32:09,8,7.7,1400,8.3,1400,0,30100
LUPIN30Jan20810CE.NFO,07/01/2020,09:32:15,8,7.75,700,8.3,1400,0,30100
LUPIN30Jan20810CE.NFO,07/01/2020,09:32:21,8,7.7,1400,8.3,1400,0,30100
LUPIN30Jan20810CE.NFO,07/01/2020,09:32:39,8,7.7,700,8.25,700,0,30100
LUPIN30Jan20810CE.NFO,07/01/2020,09:32:44,8,7.75,1400,8.3,1400,0,30100
LUPIN30Jan20810CE.NFO,07/01/2020,09:32:50,8,7.75,700,8.3,1400,0,30100
LUPIN30Jan20810CE.NFO,07/01/2020,09:32:56,8,7.75,1400,8.3,1400,0,30100
LUPIN30Jan20810CE.NFO,07/01/2020,09:33:08,8,7.75,700,8.3,1400,0,30100
LUPIN30Jan20810CE.NFO,07/01/2020,09:33:13,8,7.75,700,8.3,2100,0,30100
LUPIN30Jan20810CE.NFO,07/01/2020,09:33:19,8,7.75,700,8.3,1400,0,30100
LUPIN30Jan20810CE.NFO,07/01/2020,09:33:24,8,7.75,700,8.3,2100,0,30100
LUPIN30Jan20810CE.NFO,07/01/2020,09:33:29,8,7.75,700,8.3,2800,0,30100
LUPIN30Jan20810CE.NFO,07/01/2020,09:33:34,8,7.75,700,8.3,2100,0,30100
LUPIN30Jan20810CE.NFO,07/01/2020,09:33:44,8,7.75,700,8.3,1400,0,30100
LUPIN30Jan20810CE.NFO,07/01/2020,09:33:49,8,7.8,700,8.3,1400,0,30100
LUPIN30Jan20810CE.NFO,07/01/2020,09:34:08,8,7.75,700,8.2,700,0,30100
LUPIN30Jan20810CE.NFO,07/01/2020,09:34:12,8,7.75,700,8.25,700,0,30100
LUPIN30Jan20810CE.NFO,07/01/2020,09:34:13,8,7.75,700,8.2,700,0,30100
LUPIN30Jan20810CE.NFO,07/01/2020,09:34:17,8,7.75,1400,8.2,700,0,30100
LUPIN30Jan20810CE.NFO,07/01/2020,09:34:22,8,7.7,700,8.2,700,0,30100
LUPIN30Jan20810CE.NFO,07/01/2020,09:34:23,8,7.75,700,8.2,700,0,30100
LUPIN30Jan20810CE.NFO,07/01/2020,09:34:26,8,7.75,700,8.15,700,0,30100
LUPIN30Jan20810CE.NFO,07/01/2020,09:34:29,8,7.6,700,8.2,700,0,30100
LUPIN30Jan20810CE.NFO,07/01/2020,09:34:30,8,7.65,1400,8.1,700,0,30100
LUPIN30Jan20810CE.NFO,07/01/2020,09:34:32,8,7.65,700,8.1,700,0,30100
LUPIN30Jan20810CE.NFO,07/01/2020,09:34:34,8,7.65,700,8.15,700,0,30100
LUPIN30Jan20810CE.NFO,07/01/2020,09:34:36,8,7.65,1400,8.15,700,0,30100
LUPIN30Jan20810CE.NFO,07/01/2020,09:34:44,8,7.6,700,8.15,700,0,30100
LUPIN30Jan20810CE.NFO,07/01/2020,09:34:51,8,7.65,1400,8.15,700,0,30100
LUPIN30Jan20810CE.NFO,07/01/2020,09:35:38,8,7.65,700,8.15,700,0,30100
LUPIN30Jan20810CE.NFO,07/01/2020,09:35:44,8,7.65,1400,8.15,700,0,30100
LUPIN30Jan20810CE.NFO,07/01/2020,09:35:51,8,7.65,1400,8.25,700,0,30100
LUPIN30Jan20810CE.NFO,07/01/2020,09:35:57,8,7.65,1400,8.15,700,0,30100
LUPIN30Jan20810CE.NFO,07/01/2020,09:36:02,8,7.65,1400,8.1,700,0,30100
LUPIN30Jan20810CE.NFO,07/01/2020,09:36:08,8,7.65,1400,8.25,700,0,30100
LUPIN30Jan20810CE.NFO,07/01/2020,09:36:13,8,7.65,1400,8.15,700,0,30100
LUPIN30Jan20810CE.NFO,07/01/2020,09:36:19,8,7.65,1400,8.15,1400,0,30100
LUPIN30Jan20810CE.NFO,07/01/2020,09:36:25,8,7.65,700,8.15,700,0,30100
LUPIN30Jan20810CE.NFO,07/01/2020,09:36:34,8,7.6,700,8.15,700,0,30100
LUPIN30Jan20810CE.NFO,07/01/2020,09:36:39,8,7.6,1400,8.15,700,0,30100
LUPIN30Jan20810CE.NFO,07/01/2020,09:37:25,8,7.6,700,8.05,700,0,30100
LUPIN30Jan20810CE.NFO,07/01/2020,09:37:30,8,7.6,700,8.15,700,0,30100
LUPIN30Jan20810CE.NFO,07/01/2020,09:37:35,8,7.6,700,8,700,0,30100
LUPIN30Jan20810CE.NFO,07/01/2020,09:37:39,8,7.5,1400,8.05,700,0,30100
LUPIN30Jan20810CE.NFO,07/01/2020,09:37:46,8,7.5,700,8.05,700,0,30100
LUPIN30Jan20810CE.NFO,07/01/2020,09:37:50,8,7.4,700,7.95,700,0,30100
LUPIN30Jan20810CE.NFO,07/01/2020,09:37:55,8,7.45,1400,7.95,700,0,30100
LUPIN30Jan20810CE.NFO,07/01/2020,09:38:03,8,7.45,1400,8,700,0,30100
LUPIN30Jan20810CE.NFO,07/01/2020,09:38:08,8,7.45,1400,7.95,700,0,30100
LUPIN30Jan20810CE.NFO,07/01/2020,09:38:13,8,7.45,1400,7.9,700,0,30100
LUPIN30Jan20810CE.NFO,07/01/2020,09:38:38,8,7.4,1400,7.9,1400,0,30100
LUPIN30Jan20810CE.NFO,07/01/2020,09:38:43,8,7.4,1400,7.9,700,0,30100
LUPIN30Jan20810CE.NFO,07/01/2020,09:38:47,8,7.45,1400,7.9,700,0,30100
LUPIN30Jan20810CE.NFO,07/01/2020,09:39:04,8,7.6,700,8.1,700,0,30100
LUPIN30Jan20810CE.NFO,07/01/2020,09:39:08,8,7.65,1400,8.1,700,0,30100
LUPIN30Jan20810CE.NFO,07/01/2020,09:39:12,8,7.65,700,8.1,700,0,30100
LUPIN30Jan20810CE.NFO,07/01/2020,09:39:23,8,7.7,2100,8.25,700,0,30100
LUPIN30Jan20810CE.NFO,07/01/2020,09:39:24,8,7.7,1400,8.25,700,0,30100
LUPIN30Jan20810CE.NFO,07/01/2020,09:39:37,8,7.75,700,8.25,700,0,30100
LUPIN30Jan20810CE.NFO,07/01/2020,09:39:37,8,7.8,700,8.25,700,0,30100
LUPIN30Jan20810CE.NFO,07/01/2020,09:39:40,8,7.75,700,8.25,700,0,30100
LUPIN30Jan20810CE.NFO,07/01/2020,09:39:41,8,7.8,700,8.25,700,0,30100
LUPIN30Jan20810CE.NFO,07/01/2020,09:39:42,8,7.75,700,8.25,700,0,30100
LUPIN30Jan20810CE.NFO,07/01/2020,09:39:50,8,7.75,1400,8.25,700,0,30100
LUPIN30Jan20810CE.NFO,07/01/2020,09:39:51,8,7.75,2100,8.25,700,0,30100
LUPIN30Jan20810CE.NFO,07/01/2020,09:39:55,8,7.8,700,8.25,700,0,30100
LUPIN30Jan20810CE.NFO,07/01/2020,09:39:58,8,7.75,700,8.25,700,0,30100
LUPIN30Jan20810CE.NFO,07/01/2020,09:39:59,8,7.7,1400,8.25,700,0,30100
LUPIN30Jan20810CE.NFO,07/01/2020,09:40:01,8,7.7,2100,8.25,700,0,30100
LUPIN30Jan20810CE.NFO,07/01/2020,09:40:04,8,7.75,1400,8.25,700,0,30100
LUPIN30Jan20810CE.NFO,07/01/2020,09:40:05,8,7.75,700,8.25,700,0,30100
LUPIN30Jan20810CE.NFO,07/01/2020,09:40:06,8,7.75,1400,8.25,700,0,30100
LUPIN30Jan20810CE.NFO,07/01/2020,09:40:07,8,7.75,700,8.25,700,0,30100
LUPIN30Jan20810CE.NFO,07/01/2020,09:40:10,8,7.8,700,8.25,700,0,30100
LUPIN30Jan20810CE.NFO,07/01/2020,09:40:11,8,7.75,700,8.25,700,0,30100
LUPIN30Jan20810CE.NFO,07/01/2020,09:40:30,8,7.75,1400,8.25,700,0,30100
LUPIN30Jan20810CE.NFO,07/01/2020,09:40:35,8,7.75,700,8.25,700,0,30100
LUPIN30Jan20810CE.NFO,07/01/2020,09:40:40,8,7.7,700,8.2,700,0,30100
LUPIN30Jan20810CE.NFO,07/01/2020,09:40:45,8,7.7,1400,8.25,1400,0,30100
LUPIN30Jan20810CE.NFO,07/01/2020,09:40:59,8,7.85,700,8.3,1400,0,30100
LUPIN30Jan20810CE.NFO,07/01/2020,09:41:04,8,7.75,700,8.25,700,0,30100
LUPIN30Jan20810CE.NFO,07/01/2020,09:41:10,8,7.7,700,8.25,700,0,30100
LUPIN30Jan20810CE.NFO,07/01/2020,09:41:15,8,7.7,700,8.25,1400,0,30100
LUPIN30Jan20810CE.NFO,07/01/2020,09:41:19,8,7.65,700,8.25,2100,0,30100
LUPIN30Jan20810CE.NFO,07/01/2020,09:41:24,8,7.65,700,8.15,700,0,30100
LUPIN30Jan20810CE.NFO,07/01/2020,09:41:29,8,7.65,700,8.2,700,0,30100
LUPIN30Jan20810CE.NFO,07/01/2020,09:41:33,8,7.65,700,8.1,700,0,30100
LUPIN30Jan20810CE.NFO,07/01/2020,09:41:38,8,7.75,700,8.25,700,0,30100
LUPIN30Jan20810CE.NFO,07/01/2020,09:41:43,8,7.65,700,8.25,2100,0,30100
LUPIN30Jan20810CE.NFO,07/01/2020,09:41:53,8,7.65,700,8.2,1400,0,30100
LUPIN30Jan20810CE.NFO,07/01/2020,09:42:00,8,7.65,700,8.15,700,0,30100
LUPIN30Jan20810CE.NFO,07/01/2020,09:42:13,8,7.65,700,8.15,2100,0,30100
LUPIN30Jan20810CE.NFO,07/01/2020,09:42:19,8,7.65,700,8.15,1400,0,30100
LUPIN30Jan20810CE.NFO,07/01/2020,09:42:26,8,7.65,700,8.1,700,0,30100
LUPIN30Jan20810CE.NFO,07/01/2020,09:42:46,8,7.55,700,8.05,700,0,30100
LUPIN30Jan20810CE.NFO,07/01/2020,09:42:59,8,7.35,1400,8,1400,0,30100
LUPIN30Jan20810CE.NFO,07/01/2020,09:43:05,8,7.35,1400,7.95,700,0,30100
LUPIN30Jan20810CE.NFO,07/01/2020,09:43:10,8,7.35,2100,8,700,0,30100
LUPIN30Jan20810CE.NFO,07/01/2020,09:43:21,8,7.35,2100,8.05,700,0,30100
LUPIN30Jan20810CE.NFO,07/01/2020,09:43:26,8,7.5,1400,8.05,700,0,30100
LUPIN30Jan20810CE.NFO,07/01/2020,09:43:31,8,7.5,700,8.05,700,0,30100
LUPIN30Jan20810CE.NFO,07/01/2020,09:43:46,8,7.5,700,8.15,700,0,30100
LUPIN30Jan20810CE.NFO,07/01/2020,09:43:59,8,7.6,700,8.25,1400,0,30100
LUPIN30Jan20810CE.NFO,07/01/2020,09:44:04,8,7.6,700,8.2,700,0,30100
LUPIN30Jan20810CE.NFO,07/01/2020,09:44:36,8,7.6,700,8.25,700,0,30100
LUPIN30Jan20810CE.NFO,07/01/2020,09:44:42,8,7.6,700,8.2,700,0,30100
LUPIN30Jan20810CE.NFO,07/01/2020,09:45:01,8,7.6,700,8.25,700,0,30100
LUPIN30Jan20810CE.NFO,07/01/2020,09:45:07,8,7.8,700,8.25,700,0,30100
LUPIN30Jan20810CE.NFO,07/01/2020,09:45:14,8,7.9,700,8.3,1400,0,30100
LUPIN30Jan20810CE.NFO,07/01/2020,09:45:45,8,7.8,1400,8.3,1400,0,30100
LUPIN30Jan20810CE.NFO,07/01/2020,09:45:50,8.3,8.05,700,8.3,700,700,29400
LUPIN30Jan20810CE.NFO,07/01/2020,09:45:50,8.3,8.05,700,8.3,700,0,29400
LUPIN30Jan20810CE.NFO,07/01/2020,09:45:56,8.3,8.05,700,8.3,700,0,29400
LUPIN30Jan20810CE.NFO,07/01/2020,09:46:07,8.3,7.9,1400,8.3,700,0,29400
LUPIN30Jan20810CE.NFO,07/01/2020,09:46:12,8.3,7.85,1400,8.3,700,0,29400
LUPIN30Jan20810CE.NFO,07/01/2020,09:46:17,8.3,7.8,700,8.3,700,0,29400
LUPIN30Jan20810CE.NFO,07/01/2020,09:46:22,8.3,7.85,1400,8.3,700,0,29400
LUPIN30Jan20810CE.NFO,07/01/2020,09:47:26,8.3,7.9,700,8.3,700,0,29400
LUPIN30Jan20810CE.NFO,07/01/2020,09:47:40,8.3,7.9,700,8.45,700,700,29400
LUPIN30Jan20810CE.NFO,07/01/2020,09:47:44,8.3,7.9,1400,8.5,700,0,29400
LUPIN30Jan20810CE.NFO,07/01/2020,09:47:52,8.3,7.9,1400,8.5,1400,0,29400
LUPIN30Jan20810CE.NFO,07/01/2020,09:47:56,8.3,7.9,1400,8.5,700,0,29400
LUPIN30Jan20810CE.NFO,07/01/2020,09:48:05,8.3,8,700,8.6,1400,0,29400
LUPIN30Jan20810CE.NFO,07/01/2020,09:48:08,8.3,7.95,1400,8.6,1400,0,29400
LUPIN30Jan20810CE.NFO,07/01/2020,09:48:12,8.3,8,700,8.6,700,0,29400
LUPIN30Jan20810CE.NFO,07/01/2020,09:48:16,8.3,8,1400,8.6,700,0,29400
LUPIN30Jan20810CE.NFO,07/01/2020,09:49:06,8.3,8.05,1400,8.6,700,0,29400
LUPIN30Jan20810CE.NFO,07/01/2020,09:49:10,8.3,8.1,700,8.6,700,0,29400
LUPIN30Jan20810CE.NFO,07/01/2020,09:49:42,8.3,8,1400,8.5,700,0,29400
LUPIN30Jan20810CE.NFO,07/01/2020,09:49:48,8.3,8.05,700,8.5,700,0,29400
LUPIN30Jan20810CE.NFO,07/01/2020,09:50:02,8.3,8.2,700,8.75,700,0,29400
LUPIN30Jan20810CE.NFO,07/01/2020,09:50:07,8.3,8.25,700,8.75,700,0,29400
LUPIN30Jan20810CE.NFO,07/01/2020,09:50:18,8.3,8.2,1400,8.75,700,0,29400
LUPIN30Jan20810CE.NFO,07/01/2020,09:50:23,8.3,8.2,700,8.75,700,0,29400
LUPIN30Jan20810CE.NFO,07/01/2020,09:50:28,8.3,8.25,700,8.75,700,0,29400
LUPIN30Jan20810CE.NFO,07/01/2020,09:50:37,8.3,8.15,700,8.75,700,0,29400
LUPIN30Jan20810CE.NFO,07/01/2020,09:50:44,8.3,8.15,1400,8.7,700,0,29400
LUPIN30Jan20810CE.NFO,07/01/2020,09:50:49,8.3,8.15,1400,8.65,700,0,29400
LUPIN30Jan20810CE.NFO,07/01/2020,09:50:59,8.3,8.15,700,8.7,700,0,29400
LUPIN30Jan20810CE.NFO,07/01/2020,09:51:08,8.3,8.15,700,8.7,2100,0,29400
LUPIN30Jan20810CE.NFO,07/01/2020,09:51:14,8.3,8,700,8.6,700,0,29400
LUPIN30Jan20810CE.NFO,07/01/2020,09:51:19,8.3,8,700,8.55,700,0,29400
LUPIN30Jan20810CE.NFO,07/01/2020,09:51:25,8.3,8.1,700,8.55,700,0,29400
LUPIN30Jan20810CE.NFO,07/01/2020,09:51:35,8.3,7.9,1400,8.55,1400,0,29400
LUPIN30Jan20810CE.NFO,07/01/2020,09:51:44,8.3,7.9,2100,8.45,1400,0,29400
LUPIN30Jan20810CE.NFO,07/01/2020,09:51:56,8.3,8,700,8.45,700,0,29400
LUPIN30Jan20810CE.NFO,07/01/2020,09:52:12,8.3,7.95,700,8.45,700,0,29400
LUPIN30Jan20810CE.NFO,07/01/2020,09:52:17,8.3,7.9,1400,8.45,700,0,29400
LUPIN30Jan20810CE.NFO,07/01/2020,09:52:31,8.3,7.8,1400,8.35,700,0,29400
LUPIN30Jan20810CE.NFO,07/01/2020,09:52:35,8.3,7.8,1400,8.3,700,0,29400
LUPIN30Jan20810CE.NFO,07/01/2020,09:52:45,8.3,7.8,700,8.35,1400,0,29400
LUPIN30Jan20810CE.NFO,07/01/2020,09:53:00,8.3,7.8,2100,8.35,700,0,29400
LUPIN30Jan20810CE.NFO,07/01/2020,09:53:11,8.3,7.8,2100,8.55,700,0,29400
LUPIN30Jan20810CE.NFO,07/01/2020,09:53:21,8.3,7.8,2100,8.55,1400,0,29400
LUPIN30Jan20810CE.NFO,07/01/2020,09:53:42,8.3,7.8,2100,8.55,2100,0,29400
LUPIN30Jan20810CE.NFO,07/01/2020,09:54:00,8.3,7.8,1400,8.5,1400,0,29400
LUPIN30Jan20810CE.NFO,07/01/2020,09:54:04,8.3,8,1400,8.55,700,0,29400
LUPIN30Jan20810CE.NFO,07/01/2020,09:54:08,8.3,8,700,8.55,2100,0,29400
LUPIN30Jan20810CE.NFO,07/01/2020,09:54:13,8.3,7.9,700,8.45,700,0,29400
LUPIN30Jan20810CE.NFO,07/01/2020,09:54:18,8.3,8,700,8.45,700,0,29400
LUPIN30Jan20810CE.NFO,07/01/2020,09:54:22,8.3,8.05,700,8.45,700,0,29400
LUPIN30Jan20810CE.NFO,07/01/2020,09:54:27,8.3,8.05,700,8.45,1400,0,29400
LUPIN30Jan20810CE.NFO,07/01/2020,09:54:31,8.3,8.05,700,8.5,700,0,29400
LUPIN30Jan20810CE.NFO,07/01/2020,09:54:45,8.3,8.05,700,8.55,700,0,29400
LUPIN30Jan20810CE.NFO,07/01/2020,09:54:54,8.3,8.05,700,8.5,700,0,29400
LUPIN30Jan20810CE.NFO,07/01/2020,09:54:59,8.3,8.05,700,8.6,700,0,29400
LUPIN30Jan20810CE.NFO,07/01/2020,09:55:04,8.3,8.05,700,8.55,700,0,29400
LUPIN30Jan20810CE.NFO,07/01/2020,09:55:09,8.3,8.15,1400,8.65,700,0,29400
LUPIN30Jan20810CE.NFO,07/01/2020,09:55:14,8.3,8,700,8.55,700,0,29400
LUPIN30Jan20810CE.NFO,07/01/2020,09:55:38,8.3,8,700,8.65,1400,0,29400
LUPIN30Jan20810CE.NFO,07/01/2020,09:55:42,8.3,8.1,700,8.65,2100,0,29400
LUPIN30Jan20810CE.NFO,07/01/2020,09:56:02,8.3,8,700,8.55,700,0,29400
LUPIN30Jan20810CE.NFO,07/01/2020,09:56:12,8.3,8,700,8.6,1400,0,29400
LUPIN30Jan20810CE.NFO,07/01/2020,09:56:17,8.3,8,1400,8.5,700,0,29400
LUPIN30Jan20810CE.NFO,07/01/2020,09:56:22,8.3,8,700,8.5,700,0,29400
LUPIN30Jan20810CE.NFO,07/01/2020,09:56:33,8.3,8,700,8.5,1400,0,29400
LUPIN30Jan20810CE.NFO,07/01/2020,09:56:39,8.3,8,700,8.5,2100,0,29400
LUPIN30Jan20810CE.NFO,07/01/2020,09:56:43,8.3,8,700,8.45,700,0,29400
LUPIN30Jan20810CE.NFO,07/01/2020,09:57:01,8.3,7.9,700,8.35,700,0,29400
LUPIN30Jan20810CE.NFO,07/01/2020,09:57:05,8.3,7.9,700,8.4,700,0,29400
LUPIN30Jan20810CE.NFO,07/01/2020,09:57:14,8.3,8,700,8.45,700,0,29400
LUPIN30Jan20810CE.NFO,07/01/2020,09:57:22,8.3,7.9,700,8.4,700,0,29400
LUPIN30Jan20810CE.NFO,07/01/2020,09:57:26,8.3,7.9,700,8.45,700,0,29400
LUPIN30Jan20810CE.NFO,07/01/2020,09:57:31,8.3,7.9,700,8.45,1400,0,29400
LUPIN30Jan20810CE.NFO,07/01/2020,09:57:35,8.3,7.9,700,8.45,700,0,29400
LUPIN30Jan20810CE.NFO,07/01/2020,09:57:38,8.3,7.9,700,8.45,1400,0,29400
LUPIN30Jan20810CE.NFO,07/01/2020,09:57:42,8.3,7.9,700,8.4,1400,0,29400
LUPIN30Jan20810CE.NFO,07/01/2020,09:57:51,8.3,7.9,700,8.35,700,0,29400
LUPIN30Jan20810CE.NFO,07/01/2020,09:58:19,8.3,7.9,700,8.4,1400,0,29400
LUPIN30Jan20810CE.NFO,07/01/2020,09:58:22,8.3,7.95,700,8.4,1400,0,29400
LUPIN30Jan20810CE.NFO,07/01/2020,09:58:27,8.3,7.95,700,8.45,1400,0,29400
LUPIN30Jan20810CE.NFO,07/01/2020,09:58:32,8.3,7.95,700,8.45,700,0,29400
LUPIN30Jan20810CE.NFO,07/01/2020,09:58:36,8.3,7.95,700,8.45,1400,0,29400
LUPIN30Jan20810CE.NFO,07/01/2020,09:58:40,8.3,7.95,700,8.35,700,0,29400
LUPIN30Jan20810CE.NFO,07/01/2020,09:58:45,8.3,8.05,700,8.5,700,0,29400
LUPIN30Jan20810CE.NFO,07/01/2020,09:58:51,8.3,8,700,8.5,700,0,29400
LUPIN30Jan20810CE.NFO,07/01/2020,09:58:57,8.3,8.05,700,8.5,700,0,29400
LUPIN30Jan20810CE.NFO,07/01/2020,09:59:02,8.3,8.05,700,8.5,1400,0,29400
LUPIN30Jan20810CE.NFO,07/01/2020,09:59:19,8.3,8,700,8.5,2100,0,29400
LUPIN30Jan20810CE.NFO,07/01/2020,09:59:30,8.3,8.05,700,8.5,1400,0,29400
LUPIN30Jan20810CE.NFO,07/01/2020,09:59:41,8.3,8.05,700,8.5,700,0,29400
LUPIN30Jan20810CE.NFO,07/01/2020,09:59:52,8.3,8,700,8.5,700,0,29400
LUPIN30Jan20810CE.NFO,07/01/2020,09:59:57,8.3,8,1400,8.5,700,0,29400
LUPIN30Jan20810CE.NFO,07/01/2020,10:00:03,8.3,8,1400,8.75,1400,0,29400
LUPIN30Jan20810CE.NFO,07/01/2020,10:00:08,8.3,8.1,700,8.75,1400,0,29400
LUPIN30Jan20810CE.NFO,07/01/2020,10:00:13,8.3,8.25,700,8.7,700,0,29400
LUPIN30Jan20810CE.NFO,07/01/2020,10:00:19,8.3,8.2,700,8.7,1400,0,29400
LUPIN30Jan20810CE.NFO,07/01/2020,10:00:25,8.3,8.1,700,8.55,1400,0,29400
LUPIN30Jan20810CE.NFO,07/01/2020,10:00:30,8.3,8,700,8.4,700,0,29400
LUPIN30Jan20810CE.NFO,07/01/2020,10:00:35,8.3,7.85,700,8.3,700,0,29400
LUPIN30Jan20810CE.NFO,07/01/2020,10:00:48,8.3,7.8,700,8.25,700,0,29400
LUPIN30Jan20810CE.NFO,07/01/2020,10:00:55,8.3,7.85,700,8.25,700,0,29400
LUPIN30Jan20810CE.NFO,07/01/2020,10:01:07,8.3,7.8,700,8.25,700,0,29400
LUPIN30Jan20810CE.NFO,07/01/2020,10:01:13,8.3,7.8,1400,8.25,700,0,29400
LUPIN30Jan20810CE.NFO,07/01/2020,10:01:32,8.3,7.85,700,8.25,700,0,29400
LUPIN30Jan20810CE.NFO,07/01/2020,10:01:38,8.3,7.75,700,8.15,700,0,29400
LUPIN30Jan20810CE.NFO,07/01/2020,10:01:44,8.3,7.7,700,8.15,1400,0,29400
LUPIN30Jan20810CE.NFO,07/01/2020,10:01:49,8.3,7.6,1400,8,700,0,29400
LUPIN30Jan20810CE.NFO,07/01/2020,10:01:55,8.3,7.6,1400,8.15,700,0,29400
LUPIN30Jan20810CE.NFO,07/01/2020,10:02:00,8.3,7.6,1400,8.1,700,0,29400
LUPIN30Jan20810CE.NFO,07/01/2020,10:02:05,8.3,7.65,1400,8.15,700,0,29400
LUPIN30Jan20810CE.NFO,07/01/2020,10:02:11,8.3,7.8,700,8.35,700,0,29400
LUPIN30Jan20810CE.NFO,07/01/2020,10:02:16,8.3,7.85,700,8.35,700,0,29400
LUPIN30Jan20810CE.NFO,07/01/2020,10:02:22,8.3,7.8,1400,8.35,1400,0,29400
LUPIN30Jan20810CE.NFO,07/01/2020,10:02:27,8.3,7.8,1400,8.35,2100,0,29400
LUPIN30Jan20810CE.NFO,07/01/2020,10:02:38,8.3,7.8,700,8.25,700,0,29400
LUPIN30Jan20810CE.NFO,07/01/2020,10:02:54,8.3,7.9,700,8.25,700,0,29400
LUPIN30Jan20810CE.NFO,07/01/2020,10:03:19,8.3,7.85,700,8.25,700,0,29400
LUPIN30Jan20810CE.NFO,07/01/2020,10:03:37,8.3,7.8,700,8.25,1400,0,29400
LUPIN30Jan20810CE.NFO,07/01/2020,10:04:05,8.3,7.8,700,8.25,700,0,29400
LUPIN30Jan20810CE.NFO,07/01/2020,10:04:18,8.3,7.85,700,8.25,700,0,29400
LUPIN30Jan20810CE.NFO,07/01/2020,10:04:27,8.3,7.85,700,8.3,700,0,29400
LUPIN30Jan20810CE.NFO,07/01/2020,10:04:31,8.3,7.9,700,8.3,700,0,29400
LUPIN30Jan20810CE.NFO,07/01/2020,10:04:40,8.3,7.8,700,8.3,1400,0,29400
LUPIN30Jan20810CE.NFO,07/01/2020,10:04:50,8.3,7.8,700,8.3,2100,0,29400
LUPIN30Jan20810CE.NFO,07/01/2020,10:04:59,8.3,7.8,700,8.2,700,0,29400
LUPIN30Jan20810CE.NFO,07/01/2020,10:05:04,8.3,7.6,1400,8.15,1400,0,29400
LUPIN30Jan20810CE.NFO,07/01/2020,10:05:08,8.3,7.65,700,8.15,700,0,29400
LUPIN30Jan20810CE.NFO,07/01/2020,10:05:12,8.3,7.65,1400,8.15,700,0,29400
LUPIN30Jan20810CE.NFO,07/01/2020,10:05:30,8.3,7.6,700,8.05,700,0,29400
LUPIN30Jan20810CE.NFO,07/01/2020,10:05:36,8.3,7.65,700,8.1,700,0,29400
LUPIN30Jan20810CE.NFO,07/01/2020,10:05:42,8.3,7.7,700,8.1,700,0,29400
LUPIN30Jan20810CE.NFO,07/01/2020,10:05:54,8.3,7.7,1400,8.1,700,0,29400
LUPIN30Jan20810CE.NFO,07/01/2020,10:05:59,8.3,7.6,700,8.1,700,0,29400
LUPIN30Jan20810CE.NFO,07/01/2020,10:06:04,8.3,7.7,700,8.1,700,0,29400
LUPIN30Jan20810CE.NFO,07/01/2020,10:06:15,8.3,7.7,700,8.2,700,0,29400
LUPIN30Jan20810CE.NFO,07/01/2020,10:06:21,8.3,7.65,700,8.2,2100,0,29400
LUPIN30Jan20810CE.NFO,07/01/2020,10:06:26,8.3,7.65,700,8.1,700,0,29400
LUPIN30Jan20810CE.NFO,07/01/2020,10:06:32,8.3,7.65,700,8.1,1400,0,29400
LUPIN30Jan20810CE.NFO,07/01/2020,10:06:37,8.3,7.65,700,8.1,700,0,29400
LUPIN30Jan20810CE.NFO,07/01/2020,10:06:43,8.3,7.5,700,8,700,0,29400
LUPIN30Jan20810CE.NFO,07/01/2020,10:06:49,8.3,7.55,700,8,700,0,29400
LUPIN30Jan20810CE.NFO,07/01/2020,10:06:55,8.3,7.45,700,8,700,0,29400
LUPIN30Jan20810CE.NFO,07/01/2020,10:07:00,8.3,7.45,700,7.85,700,0,29400
LUPIN30Jan20810CE.NFO,07/01/2020,10:07:05,8.3,7.5,700,7.85,700,0,29400
LUPIN30Jan20810CE.NFO,07/01/2020,10:07:11,8.3,7.5,1400,7.95,700,0,29400
LUPIN30Jan20810CE.NFO,07/01/2020,10:07:17,8.3,7.5,1400,8,700,0,29400
LUPIN30Jan20810CE.NFO,07/01/2020,10:07:23,8.3,7.5,1400,8,1400,0,29400
LUPIN30Jan20810CE.NFO,07/01/2020,10:07:28,8.3,7.5,700,7.95,700,0,29400
LUPIN30Jan20810CE.NFO,07/01/2020,10:07:43,8.3,7.5,2100,8,700,0,29400
LUPIN30Jan20810CE.NFO,07/01/2020,10:07:48,8.3,7.55,700,8,700,0,29400
LUPIN30Jan20810CE.NFO,07/01/2020,10:07:54,8.3,7.55,1400,8.1,1400,0,29400
LUPIN30Jan20810CE.NFO,07/01/2020,10:08:03,8.3,7.25,1400,7.8,700,0,29400
LUPIN30Jan20810CE.NFO,07/01/2020,10:08:08,8.3,7.35,700,7.8,700,0,29400
LUPIN30Jan20810CE.NFO,07/01/2020,10:08:17,8.3,7.4,1400,7.8,700,0,29400
LUPIN30Jan20810CE.NFO,07/01/2020,10:08:26,8.3,7.4,1400,7.9,1400,0,29400
LUPIN30Jan20810CE.NFO,07/01/2020,10:08:31,8.3,7.4,1400,7.9,700,0,29400
LUPIN30Jan20810CE.NFO,07/01/2020,10:08:36,8.3,7.5,700,8.05,700,0,29400
LUPIN30Jan20810CE.NFO,07/01/2020,10:08:41,8.3,7.5,700,8.05,1400,0,29400
LUPIN30Jan20810CE.NFO,07/01/2020,10:08:58,8.3,7.5,700,8.05,2100,0,29400
LUPIN30Jan20810CE.NFO,07/01/2020,10:09:03,8.3,7.5,700,8.05,1400,0,29400
LUPIN30Jan20810CE.NFO,07/01/2020,10:09:11,8.3,7.5,700,8.05,2100,0,29400
LUPIN30Jan20810CE.NFO,07/01/2020,10:09:20,8.3,7.5,1400,8.05,2100,0,29400
LUPIN30Jan20810CE.NFO,07/01/2020,10:09:37,8.3,7.5,700,8.05,2100,0,29400
LUPIN30Jan20810CE.NFO,07/01/2020,10:09:41,8.3,7.45,700,7.95,1400,0,29400
LUPIN30Jan20810CE.NFO,07/01/2020,10:10:05,8.3,7.5,700,7.95,1400,0,29400
LUPIN30Jan20810CE.NFO,07/01/2020,10:10:10,8.3,7.45,700,7.95,1400,0,29400
LUPIN30Jan20810CE.NFO,07/01/2020,10:10:15,8.3,7.45,700,7.9,700,0,29400
LUPIN30Jan20810CE.NFO,07/01/2020,10:10:23,8.3,7.5,700,7.95,700,0,29400
LUPIN30Jan20810CE.NFO,07/01/2020,10:10:27,8.3,7.45,700,7.95,700,0,29400
LUPIN30Jan20810CE.NFO,07/01/2020,10:10:31,8.3,7.5,700,7.95,700,0,29400
LUPIN30Jan20810CE.NFO,07/01/2020,10:10:57,8.3,7.4,700,7.9,1400,0,29400
LUPIN30Jan20810CE.NFO,07/01/2020,10:11:01,8.3,7.4,700,7.9,2100,0,29400
LUPIN30Jan20810CE.NFO,07/01/2020,10:11:52,8.3,7.4,700,7.9,1400,0,29400
LUPIN30Jan20810CE.NFO,07/01/2020,10:11:57,8.3,7.45,700,7.9,1400,0,29400
LUPIN30Jan20810CE.NFO,07/01/2020,10:12:08,8.3,7.4,700,7.9,1400,0,29400
LUPIN30Jan20810CE.NFO,07/01/2020,10:12:24,8.3,7.45,700,7.9,700,0,29400
LUPIN30Jan20810CE.NFO,07/01/2020,10:12:33,8.3,7.4,700,7.9,1400,0,29400
LUPIN30Jan20810CE.NFO,07/01/2020,10:13:08,8.3,7.4,1400,7.9,1400,0,29400
LUPIN30Jan20810CE.NFO,07/01/2020,10:13:19,8.3,7.4,700,7.85,2100,0,29400
LUPIN30Jan20810CE.NFO,07/01/2020,10:13:24,8.3,7.35,1400,7.8,700,0,29400
LUPIN30Jan20810CE.NFO,07/01/2020,10:13:29,8.3,7.35,700,7.8,700,0,29400
LUPIN30Jan20810CE.NFO,07/01/2020,10:13:42,8.3,7.4,700,7.8,700,0,29400
LUPIN30Jan20810CE.NFO,07/01/2020,10:13:47,8.3,7.35,1400,7.8,700,0,29400
LUPIN30Jan20810CE.NFO,07/01/2020,10:13:53,8.3,7.4,700,7.8,700,0,29400
LUPIN30Jan20810CE.NFO,07/01/2020,10:14:02,8.3,7.45,700,7.85,700,0,29400
LUPIN30Jan20810CE.NFO,07/01/2020,10:14:17,8.3,7.45,700,7.85,1400,0,29400
LUPIN30Jan20810CE.NFO,07/01/2020,10:14:23,8.3,7.4,700,7.85,1400,0,29400
LUPIN30Jan20810CE.NFO,07/01/2020,10:14:34,8.3,7.45,700,7.85,700,0,29400
LUPIN30Jan20810CE.NFO,07/01/2020,10:14:39,8.3,7.4,700,7.85,700,0,29400
LUPIN30Jan20810CE.NFO,07/01/2020,10:14:53,8.3,7.4,700,7.85,1400,0,29400
LUPIN30Jan20810CE.NFO,07/01/2020,10:14:58,8.3,7.35,700,7.8,700,0,29400
LUPIN30Jan20810CE.NFO,07/01/2020,10:15:09,8.3,7.35,700,7.7,700,0,29400
LUPIN30Jan20810CE.NFO,07/01/2020,10:15:19,8.3,7.35,700,7.75,1400,0,29400
LUPIN30Jan20810CE.NFO,07/01/2020,10:15:24,8.3,7.35,700,7.8,700,0,29400
LUPIN30Jan20810CE.NFO,07/01/2020,10:15:28,8.3,7.5,700,7.85,700,0,29400
LUPIN30Jan20810CE.NFO,07/01/2020,10:15:43,8.3,7.35,700,7.75,700,0,29400
LUPIN30Jan20810CE.NFO,07/01/2020,10:16:00,8.3,7.4,700,7.75,700,0,29400
LUPIN30Jan20810CE.NFO,07/01/2020,10:16:05,8.3,7.2,1400,7.65,1400,0,29400
LUPIN30Jan20810CE.NFO,07/01/2020,10:16:09,8.3,7.25,700,7.65,1400,0,29400
LUPIN30Jan20810CE.NFO,07/01/2020,10:16:14,8.3,7.3,700,7.65,700,0,29400
LUPIN30Jan20810CE.NFO,07/01/2020,10:16:22,8.3,7.25,1400,7.75,1400,0,29400
LUPIN30Jan20810CE.NFO,07/01/2020,10:16:27,8.3,7.25,700,7.75,1400,0,29400
LUPIN30Jan20810CE.NFO,07/01/2020,10:16:32,8.3,7.35,700,7.75,1400,0,29400
LUPIN30Jan20810CE.NFO,07/01/2020,10:17:09,8.3,7.3,700,7.75,1400,0,29400
LUPIN30Jan20810CE.NFO,07/01/2020,10:17:17,8.3,7.3,1400,7.75,1400,0,29400
LUPIN30Jan20810CE.NFO,07/01/2020,10:17:25,8.3,7.35,700,7.75,1400,0,29400
LUPIN30Jan20810CE.NFO,07/01/2020,10:17:34,8.3,7.3,700,7.75,2100,0,29400
LUPIN30Jan20810CE.NFO,07/01/2020,10:17:39,8.3,7.3,700,7.75,1400,0,29400
LUPIN30Jan20810CE.NFO,07/01/2020,10:17:44,8.3,7.25,700,7.75,2100,0,29400
LUPIN30Jan20810CE.NFO,07/01/2020,10:17:49,8.3,7.3,700,7.75,2100,0,29400
LUPIN30Jan20810CE.NFO,07/01/2020,10:17:59,8.3,7.35,700,7.75,700,0,29400
LUPIN30Jan20810CE.NFO,07/01/2020,10:18:08,8.3,7.35,700,7.75,1400,0,29400
LUPIN30Jan20810CE.NFO,07/01/2020,10:18:16,8.3,7.3,700,7.75,1400,0,29400
LUPIN30Jan20810CE.NFO,07/01/2020,10:18:24,8.3,7.3,700,7.75,2100,0,29400
LUPIN30Jan20810CE.NFO,07/01/2020,10:18:38,8.3,7.3,700,7.65,700,0,29400
LUPIN30Jan20810CE.NFO,07/01/2020,10:18:43,8.3,7.3,700,7.7,1400,0,29400
LUPIN30Jan20810CE.NFO,07/01/2020,10:18:49,8.3,7.25,700,7.65,700,0,29400
LUPIN30Jan20810CE.NFO,07/01/2020,10:18:53,8.3,7.25,700,7.7,1400,0,29400
LUPIN30Jan20810CE.NFO,07/01/2020,10:18:58,8.3,7.2,700,7.7,2100,0,29400
LUPIN30Jan20810CE.NFO,07/01/2020,10:19:07,8.3,7.25,1400,7.7,1400,0,29400
LUPIN30Jan20810CE.NFO,07/01/2020,10:19:56,8.3,7.2,1400,7.7,1400,0,29400
LUPIN30Jan20810CE.NFO,07/01/2020,10:20:00,8.3,7.2,1400,7.7,2100,0,29400
LUPIN30Jan20810CE.NFO,07/01/2020,10:20:04,8.3,7.2,700,7.7,2100,0,29400
LUPIN30Jan20810CE.NFO,07/01/2020,10:20:12,7.2,7.2,700,7.6,1400,700,29400
LUPIN30Jan20810CE.NFO,07/01/2020,10:20:12,7.2,7.2,700,7.6,1400,0,29400
LUPIN30Jan20810CE.NFO,07/01/2020,10:20:21,7.2,7.2,700,7.6,700,0,29400
LUPIN30Jan20810CE.NFO,07/01/2020,10:20:43,7.2,7.25,700,7.45,700,0,29400
LUPIN30Jan20810CE.NFO,07/01/2020,10:20:47,7.2,7.25,700,7.5,700,0,29400
LUPIN30Jan20810CE.NFO,07/01/2020,10:21:10,7.2,7.15,700,7.5,700,0,29400
LUPIN30Jan20810CE.NFO,07/01/2020,10:21:27,7.2,7.15,700,7.45,700,0,29400
LUPIN30Jan20810CE.NFO,07/01/2020,10:21:35,7.2,7.15,700,7.5,700,0,29400
LUPIN30Jan20810CE.NFO,07/01/2020,10:21:39,7.2,7.15,1400,7.55,700,0,29400
LUPIN30Jan20810CE.NFO,07/01/2020,10:21:47,7.2,7.15,1400,7.55,2100,0,29400
LUPIN30Jan20810CE.NFO,07/01/2020,10:21:53,7.2,7.15,700,7.55,2100,0,29400
LUPIN30Jan20810CE.NFO,07/01/2020,10:21:57,7.2,7.15,700,7.45,1400,0,29400
LUPIN30Jan20810CE.NFO,07/01/2020,10:22:00,7.2,7.15,700,7.4,700,0,29400
LUPIN30Jan20810CE.NFO,07/01/2020,10:22:03,7.2,7.15,700,7.45,700,0,29400
LUPIN30Jan20810CE.NFO,07/01/2020,10:22:18,7.2,7.15,700,7.5,1400,0,29400
LUPIN30Jan20810CE.NFO,07/01/2020,10:22:25,7.2,7.2,700,7.5,1400,0,29400
LUPIN30Jan20810CE.NFO,07/01/2020,10:22:27,7.2,7.2,700,7.5,700,0,29400
LUPIN30Jan20810CE.NFO,07/01/2020,10:22:33,7.2,7.15,700,7.5,700,0,29400
LUPIN30Jan20810CE.NFO,07/01/2020,10:22:48,7.2,7.15,700,7.5,1400,0,29400
LUPIN30Jan20810CE.NFO,07/01/2020,10:23:03,7.2,7.15,700,7.55,1400,0,29400
LUPIN30Jan20810CE.NFO,07/01/2020,10:23:28,7.2,7.15,700,7.55,700,0,29400
LUPIN30Jan20810CE.NFO,07/01/2020,10:23:53,7.2,7.15,700,7.55,1400,0,29400
LUPIN30Jan20810CE.NFO,07/01/2020,10:23:56,7.2,7.15,700,7.55,700,0,29400
LUPIN30Jan20810CE.NFO,07/01/2020,10:24:22,7.2,7.2,700,7.55,700,0,29400
LUPIN30Jan20810CE.NFO,07/01/2020,10:24:26,7.2,7.25,700,7.55,700,0,29400
LUPIN30Jan20810CE.NFO,07/01/2020,10:24:32,7.2,7.2,700,7.55,700,0,29400
LUPIN30Jan20810CE.NFO,07/01/2020,10:24:42,7.2,7.25,700,7.55,700,0,29400
LUPIN30Jan20810CE.NFO,07/01/2020,10:24:54,7.2,7.25,700,7.55,1400,0,29400
LUPIN30Jan20810CE.NFO,07/01/2020,10:24:58,7.2,7.25,700,7.5,700,0,29400
LUPIN30Jan20810CE.NFO,07/01/2020,10:25:11,7.2,7.25,700,7.5,1400,0,29400
LUPIN30Jan20810CE.NFO,07/01/2020,10:25:14,7.2,7.25,700,7.5,700,0,29400
LUPIN30Jan20810CE.NFO,07/01/2020,10:25:21,7.2,7.25,700,7.5,1400,0,29400
LUPIN30Jan20810CE.NFO,07/01/2020,10:25:25,7.2,7.25,700,7.45,2100,0,29400
LUPIN30Jan20810CE.NFO,07/01/2020,10:25:44,7.2,7.25,700,7.45,1400,0,29400
LUPIN30Jan20810CE.NFO,07/01/2020,10:25:49,7.2,7.25,700,7.45,2100,0,29400
LUPIN30Jan20810CE.NFO,07/01/2020,10:25:54,7.45,7.1,700,7.4,700,700,30100
LUPIN30Jan20810CE.NFO,07/01/2020,10:25:59,7.45,7.1,700,7.4,700,0,30100
LUPIN30Jan20810CE.NFO,07/01/2020,10:26:27,7.45,7.1,700,7.35,700,0,30100
LUPIN30Jan20810CE.NFO,07/01/2020,10:26:30,7.45,7.1,700,7.4,700,0,30100
LUPIN30Jan20810CE.NFO,07/01/2020,10:26:36,7.45,7,700,7.3,700,0,30100
LUPIN30Jan20810CE.NFO,07/01/2020,10:26:50,7.45,6.95,700,7.3,700,0,30100
LUPIN30Jan20810CE.NFO,07/01/2020,10:26:54,7.45,6.95,700,7.3,1400,0,30100
LUPIN30Jan20810CE.NFO,07/01/2020,10:26:58,7.45,6.95,700,7.25,1400,0,30100
LUPIN30Jan20810CE.NFO,07/01/2020,10:27:02,7.45,6.95,700,7.3,700,0,30100
LUPIN30Jan20810CE.NFO,07/01/2020,10:27:05,7.45,6.95,700,7.3,1400,0,30100
LUPIN30Jan20810CE.NFO,07/01/2020,10:27:08,7.45,6.95,700,7.3,2100,0,30100
LUPIN30Jan20810CE.NFO,07/01/2020,10:27:11,7.45,6.9,700,7.25,1400,0,30100
LUPIN30Jan20810CE.NFO,07/01/2020,10:27:15,7.45,6.9,700,7.2,700,0,30100
LUPIN30Jan20810CE.NFO,07/01/2020,10:27:18,7.45,6.9,1400,7.2,700,0,30100
LUPIN30Jan20810CE.NFO,07/01/2020,10:27:22,7.45,6.9,700,7.25,700,0,30100
LUPIN30Jan20810CE.NFO,07/01/2020,10:27:25,7.45,6.7,1400,7.1,700,0,30100
LUPIN30Jan20810CE.NFO,07/01/2020,10:27:29,7.45,7,700,7.4,700,0,30100
LUPIN30Jan20810CE.NFO,07/01/2020,10:27:33,7.45,7.05,700,7.3,700,0,30100
LUPIN30Jan20810CE.NFO,07/01/2020,10:27:36,7.45,7.05,700,7.45,700,0,30100
LUPIN30Jan20810CE.NFO,07/01/2020,10:27:39,7.45,7.15,700,7.4,700,0,30100
LUPIN30Jan20810CE.NFO,07/01/2020,10:27:43,7.45,7.05,1400,7.5,700,0,30100
LUPIN30Jan20810CE.NFO,07/01/2020,10:27:47,7.45,7.15,700,7.5,700,0,30100
LUPIN30Jan20810CE.NFO,07/01/2020,10:27:51,7.45,7.15,700,7.5,1400,0,30100
LUPIN30Jan20810CE.NFO,07/01/2020,10:27:54,7.45,7.15,700,7.45,700,0,30100
LUPIN30Jan20810CE.NFO,07/01/2020,10:28:00,7.45,7.15,700,7.5,700,0,30100
LUPIN30Jan20810CE.NFO,07/01/2020,10:28:06,7.45,7.15,700,7.5,1400,0,30100
LUPIN30Jan20810CE.NFO,07/01/2020,10:28:59,7.45,7.15,700,7.4,1400,0,30100
LUPIN30Jan20810CE.NFO,07/01/2020,10:29:02,7.45,7.15,700,7.3,700,0,30100
LUPIN30Jan20810CE.NFO,07/01/2020,10:29:11,7.45,7.15,700,7.55,700,0,30100
LUPIN30Jan20810CE.NFO,07/01/2020,10:29:14,7.45,7.15,700,7.5,700,0,30100
LUPIN30Jan20810CE.NFO,07/01/2020,10:29:17,7.45,7.15,700,7.45,1400,0,30100
LUPIN30Jan20810CE.NFO,07/01/2020,10:29:24,7.45,7.15,700,7.4,700,0,30100
LUPIN30Jan20810CE.NFO,07/01/2020,10:29:27,7.45,7.15,700,7.45,700,0,30100
LUPIN30Jan20810CE.NFO,07/01/2020,10:29:31,7.45,7.15,700,7.3,700,0,30100
LUPIN30Jan20810CE.NFO,07/01/2020,10:29:34,7.45,7.15,700,7.25,700,0,30100
LUPIN30Jan20810CE.NFO,07/01/2020,10:29:40,7.45,7.15,700,7.3,700,0,30100
LUPIN30Jan20810CE.NFO,07/01/2020,10:29:43,7.45,7.15,700,7.4,1400,0,30100
LUPIN30Jan20810CE.NFO,07/01/2020,10:29:46,7.45,7.15,700,7.35,1400,0,30100
LUPIN30Jan20810CE.NFO,07/01/2020,10:29:48,7.45,7.15,700,7.4,1400,0,30100
LUPIN30Jan20810CE.NFO,07/01/2020,10:29:51,7.45,7.15,700,7.35,700,0,30100
LUPIN30Jan20810CE.NFO,07/01/2020,10:30:02,7.45,7.05,700,7.35,700,0,30100
LUPIN30Jan20810CE.NFO,07/01/2020,10:30:05,7.45,7.05,700,7.35,1400,0,30100
LUPIN30Jan20810CE.NFO,07/01/2020,10:30:10,7.45,7.15,700,7.4,1400,0,30100
LUPIN30Jan20810CE.NFO,07/01/2020,10:30:13,7.45,7.15,700,7.4,700,0,30100
LUPIN30Jan20810CE.NFO,07/01/2020,10:30:15,7.45,7.1,700,7.4,1400,0,30100
LUPIN30Jan20810CE.NFO,07/01/2020,10:30:20,7.45,7.15,700,7.4,1400,0,30100
LUPIN30Jan20810CE.NFO,07/01/2020,10:30:24,7.45,7.15,700,7.25,700,0,30100
LUPIN30Jan20810CE.NFO,07/01/2020,10:30:29,7.45,7.15,700,7.3,700,0,30100
LUPIN30Jan20810CE.NFO,07/01/2020,10:30:40,7.45,7.15,700,7.35,700,0,30100
LUPIN30Jan20810CE.NFO,07/01/2020,10:30:43,7.45,7.15,700,7.4,1400,0,30100
LUPIN30Jan20810CE.NFO,07/01/2020,10:30:46,7.15,6.8,700,7.25,1400,700,29400
LUPIN30Jan20810CE.NFO,07/01/2020,10:30:46,7.15,6.8,700,7.25,1400,0,29400
LUPIN30Jan20810CE.NFO,07/01/2020,10:30:50,7.15,6.8,700,7.25,1400,0,29400
LUPIN30Jan20810CE.NFO,07/01/2020,10:30:57,7.15,6.8,1400,7.2,700,0,29400
LUPIN30Jan20810CE.NFO,07/01/2020,10:31:05,7.15,7,700,7.35,700,0,29400
LUPIN30Jan20810CE.NFO,07/01/2020,10:31:10,7.15,7,1400,7.35,700,0,29400
LUPIN30Jan20810CE.NFO,07/01/2020,10:31:16,7.15,7,700,7.35,700,0,29400
LUPIN30Jan20810CE.NFO,07/01/2020,10:31:19,7.15,6.85,700,7.3,700,0,29400
LUPIN30Jan20810CE.NFO,07/01/2020,10:31:22,7.15,6.85,1400,7.3,700,0,29400
LUPIN30Jan20810CE.NFO,07/01/2020,10:31:28,7.15,6.95,700,7.35,1400,0,29400
LUPIN30Jan20810CE.NFO,07/01/2020,10:31:31,7.15,6.95,1400,7.35,1400,0,29400
LUPIN30Jan20810CE.NFO,07/01/2020,10:31:37,7.15,6.95,700,7.35,1400,0,29400
LUPIN30Jan20810CE.NFO,07/01/2020,10:31:44,7.15,6.95,700,7.3,700,0,29400
LUPIN30Jan20810CE.NFO,07/01/2020,10:31:51,7.15,6.95,700,7.3,1400,0,29400
LUPIN30Jan20810CE.NFO,07/01/2020,10:31:54,7.15,6.95,700,7.3,700,0,29400
LUPIN30Jan20810CE.NFO,07/01/2020,10:31:58,7.15,6.95,700,7.35,700,0,29400
LUPIN30Jan20810CE.NFO,07/01/2020,10:32:06,7.15,6.95,700,7.3,700,0,29400
LUPIN30Jan20810CE.NFO,07/01/2020,10:32:14,7.15,6.95,700,7.3,1400,0,29400
LUPIN30Jan20810CE.NFO,07/01/2020,10:32:18,7.15,6.85,1400,7.3,2100,0,29400
LUPIN30Jan20810CE.NFO,07/01/2020,10:32:22,7.15,6.85,1400,7.3,1400,0,29400
LUPIN30Jan20810CE.NFO,07/01/2020,10:32:32,7.15,6.85,1400,7.25,700,0,29400
LUPIN30Jan20810CE.NFO,07/01/2020,10:32:36,7.15,6.9,1400,7.3,700,0,29400
LUPIN30Jan20810CE.NFO,07/01/2020,10:32:41,7.15,6.9,700,7.3,700,0,29400
LUPIN30Jan20810CE.NFO,07/01/2020,10:32:45,7.15,6.9,700,7.3,1400,0,29400
LUPIN30Jan20810CE.NFO,07/01/2020,10:32:49,7.15,6.9,700,7.3,700,0,29400
LUPIN30Jan20810CE.NFO,07/01/2020,10:32:59,7.15,6.9,1400,7.3,700,0,29400
LUPIN30Jan20810CE.NFO,07/01/2020,10:33:07,7.15,6.9,700,7.3,700,0,29400
LUPIN30Jan20810CE.NFO,07/01/2020,10:33:09,7.15,6.9,700,7.3,1400,0,29400
LUPIN30Jan20810CE.NFO,07/01/2020,10:33:11,7.15,6.9,1400,7.3,1400,0,29400
LUPIN30Jan20810CE.NFO,07/01/2020,10:33:33,7.15,6.8,700,7.2,1400,0,29400
LUPIN30Jan20810CE.NFO,07/01/2020,10:33:40,7.15,6.8,700,7.2,700,0,29400
LUPIN30Jan20810CE.NFO,07/01/2020,10:33:49,7.15,6.8,1400,7.2,700,0,29400
LUPIN30Jan20810CE.NFO,07/01/2020,10:33:59,7.15,6.8,2100,7.2,700,0,29400
LUPIN30Jan20810CE.NFO,07/01/2020,10:34:14,7.15,6.8,700,7.2,1400,0,29400
LUPIN30Jan20810CE.NFO,07/01/2020,10:34:18,7.15,6.8,700,7.2,2100,0,29400
LUPIN30Jan20810CE.NFO,07/01/2020,10:34:39,7.15,6.8,700,7.2,1400,0,29400
LUPIN30Jan20810CE.NFO,07/01/2020,10:34:43,7.15,6.85,700,7.2,700,0,29400
LUPIN30Jan20810CE.NFO,07/01/2020,10:35:00,7.15,6.8,700,7.2,700,0,29400
LUPIN30Jan20810CE.NFO,07/01/2020,10:35:04,7.15,6.85,700,7.2,700,0,29400
LUPIN30Jan20810CE.NFO,07/01/2020,10:35:16,7.15,6.8,700,7.2,1400,0,29400
LUPIN30Jan20810CE.NFO,07/01/2020,10:35:26,7.15,6.7,1400,7.1,700,0,29400
LUPIN30Jan20810CE.NFO,07/01/2020,10:35:38,7.15,6.7,1400,7.05,700,0,29400
LUPIN30Jan20810CE.NFO,07/01/2020,10:35:48,7.15,6.7,1400,7.05,1400,0,29400
LUPIN30Jan20810CE.NFO,07/01/2020,10:35:51,7.15,6.7,1400,7.05,700,0,29400
LUPIN30Jan20810CE.NFO,07/01/2020,10:35:54,7.15,6.7,1400,7.1,700,0,29400
LUPIN30Jan20810CE.NFO,07/01/2020,10:36:00,7.15,6.7,1400,7.15,700,0,29400
LUPIN30Jan20810CE.NFO,07/01/2020,10:36:04,7.15,6.75,700,7.1,700,0,29400
LUPIN30Jan20810CE.NFO,07/01/2020,10:36:09,7.15,6.75,1400,7.1,700,0,29400
LUPIN30Jan20810CE.NFO,07/01/2020,10:36:26,7.15,6.75,2100,7.1,700,0,29400
LUPIN30Jan20810CE.NFO,07/01/2020,10:36:31,7.15,6.8,1400,7.1,700,0,29400
LUPIN30Jan20810CE.NFO,07/01/2020,10:36:33,7.15,6.8,1400,7.15,700,0,29400
LUPIN30Jan20810CE.NFO,07/01/2020,10:36:37,7.15,6.8,700,7.15,700,0,29400
LUPIN30Jan20810CE.NFO,07/01/2020,10:36:42,7.15,6.75,700,7.15,700,0,29400
LUPIN30Jan20810CE.NFO,07/01/2020,10:36:45,7.15,6.75,1400,7.15,700,0,29400
LUPIN30Jan20810CE.NFO,07/01/2020,10:36:48,7.15,6.8,700,7.15,700,0,29400
LUPIN30Jan20810CE.NFO,07/01/2020,10:36:53,7.15,6.7,1400,7.15,700,0,29400
LUPIN30Jan20810CE.NFO,07/01/2020,10:36:57,7.15,6.7,1400,7.15,1400,0,29400
LUPIN30Jan20810CE.NFO,07/01/2020,10:37:22,7.15,6.7,2100,7.15,1400,0,29400
LUPIN30Jan20810CE.NFO,07/01/2020,10:37:42,7.15,6.7,1400,7.15,1400,0,29400
LUPIN30Jan20810CE.NFO,07/01/2020,10:37:45,7.15,6.7,2100,7.15,1400,0,29400
LUPIN30Jan20810CE.NFO,07/01/2020,10:37:49,7.15,6.7,2100,7.15,700,0,29400
LUPIN30Jan20810CE.NFO,07/01/2020,10:37:52,7.15,6.7,2100,7.15,1400,0,29400
LUPIN30Jan20810CE.NFO,07/01/2020,10:37:56,7.15,6.7,1400,7.1,700,0,29400
LUPIN30Jan20810CE.NFO,07/01/2020,10:38:00,7.15,6.7,1400,7.15,700,0,29400
LUPIN30Jan20810CE.NFO,07/01/2020,10:38:04,7.15,6.7,2100,7.15,700,0,29400
LUPIN30Jan20810CE.NFO,07/01/2020,10:38:07,7.15,6.7,2100,7.15,2100,0,29400
LUPIN30Jan20810CE.NFO,07/01/2020,10:38:10,7.15,6.7,1400,7.1,700,0,29400
LUPIN30Jan20810CE.NFO,07/01/2020,10:38:13,7.15,6.7,1400,7.1,1400,0,29400
LUPIN30Jan20810CE.NFO,07/01/2020,10:38:16,7.15,6.7,1400,7.1,700,0,29400
LUPIN30Jan20810CE.NFO,07/01/2020,10:38:24,7.15,6.7,1400,7,700,0,29400
LUPIN30Jan20810CE.NFO,07/01/2020,10:38:27,7.15,6.7,1400,7.05,700,0,29400
LUPIN30Jan20810CE.NFO,07/01/2020,10:38:44,7.15,6.65,1400,7.05,700,0,29400
LUPIN30Jan20810CE.NFO,07/01/2020,10:38:48,7.15,6.65,1400,7,700,0,29400
LUPIN30Jan20810CE.NFO,07/01/2020,10:38:51,7.15,6.65,1400,7.05,700,0,29400
LUPIN30Jan20810CE.NFO,07/01/2020,10:38:54,7.15,6.65,1400,7,700,0,29400
LUPIN30Jan20810CE.NFO,07/01/2020,10:38:57,7.15,6.65,1400,7.1,700,0,29400
LUPIN30Jan20810CE.NFO,07/01/2020,10:39:01,7.15,6.8,700,7.05,700,0,29400
LUPIN30Jan20810CE.NFO,07/01/2020,10:39:06,7.15,6.8,700,7.1,700,0,29400
LUPIN30Jan20810CE.NFO,07/01/2020,10:39:10,7.15,6.8,700,7.1,2100,0,29400
LUPIN30Jan20810CE.NFO,07/01/2020,10:39:13,7.15,6.8,700,7.1,1400,0,29400
LUPIN30Jan20810CE.NFO,07/01/2020,10:39:18,7.15,6.8,700,7.1,2100,0,29400
LUPIN30Jan20810CE.NFO,07/01/2020,10:39:21,7.15,6.8,700,7.05,1400,0,29400
LUPIN30Jan20810CE.NFO,07/01/2020,10:39:28,7.15,6.8,700,7,2100,0,29400
LUPIN30Jan20810CE.NFO,07/01/2020,10:39:33,7.15,6.8,700,7,1400,0,29400
LUPIN30Jan20810CE.NFO,07/01/2020,10:39:36,7.15,6.8,700,7,700,0,29400
LUPIN30Jan20810CE.NFO,07/01/2020,10:39:39,7.15,6.8,700,7.15,1400,0,29400
LUPIN30Jan20810CE.NFO,07/01/2020,10:39:42,7.15,6.8,700,7.05,700,0,29400
LUPIN30Jan20810CE.NFO,07/01/2020,10:40:01,7.15,6.8,1400,7.05,700,0,29400
LUPIN30Jan20810CE.NFO,07/01/2020,10:40:24,7.15,6.8,2100,7.15,700,0,29400
LUPIN30Jan20810CE.NFO,07/01/2020,10:40:33,7.15,6.8,1400,7.15,700,0,29400
LUPIN30Jan20810CE.NFO,07/01/2020,10:40:36,7.15,6.9,700,7.3,700,0,29400
LUPIN30Jan20810CE.NFO,07/01/2020,10:40:42,7.15,6.95,1400,7.3,700,0,29400
LUPIN30Jan20810CE.NFO,07/01/2020,10:40:45,7.15,7.05,700,7.45,700,0,29400
LUPIN30Jan20810CE.NFO,07/01/2020,10:40:50,7.15,7.05,700,7.4,700,0,29400
LUPIN30Jan20810CE.NFO,07/01/2020,10:40:55,7.15,7.15,1400,7.45,700,0,29400
LUPIN30Jan20810CE.NFO,07/01/2020,10:40:57,7.15,7.15,1400,7.6,700,0,29400
LUPIN30Jan20810CE.NFO,07/01/2020,10:41:01,7.15,7.15,700,7.6,700,0,29400
LUPIN30Jan20810CE.NFO,07/01/2020,10:41:06,7.15,7.15,700,7.5,700,0,29400
LUPIN30Jan20810CE.NFO,07/01/2020,10:41:08,7.15,7.2,700,7.5,700,0,29400
LUPIN30Jan20810CE.NFO,07/01/2020,10:41:30,7.15,7.15,1400,7.5,700,0,29400
LUPIN30Jan20810CE.NFO,07/01/2020,10:41:38,7.15,7.15,700,7.5,700,0,29400
LUPIN30Jan20810CE.NFO,07/01/2020,10:41:41,7.15,7.1,700,7.5,700,0,29400
LUPIN30Jan20810CE.NFO,07/01/2020,10:41:44,7.15,7.05,1400,7.45,700,0,29400
LUPIN30Jan20810CE.NFO,07/01/2020,10:41:47,7.15,7.05,1400,7.4,700,0,29400
LUPIN30Jan20810CE.NFO,07/01/2020,10:41:56,7.15,7,700,7.4,1400,0,29400
LUPIN30Jan20810CE.NFO,07/01/2020,10:41:58,7.15,7,700,7.4,700,0,29400
LUPIN30Jan20810CE.NFO,07/01/2020,10:42:01,7.15,7,700,7.35,1400,0,29400
LUPIN30Jan20810CE.NFO,07/01/2020,10:42:05,7.15,7,700,7.35,700,0,29400
LUPIN30Jan20810CE.NFO,07/01/2020,10:42:15,7.15,7,1400,7.35,700,0,29400
LUPIN30Jan20810CE.NFO,07/01/2020,10:42:17,7.15,7.05,700,7.35,700,0,29400
LUPIN30Jan20810CE.NFO,07/01/2020,10:42:31,7.15,6.95,700,7.25,700,0,29400
LUPIN30Jan20810CE.NFO,07/01/2020,10:42:37,7.15,7,1400,7.3,700,0,29400
LUPIN30Jan20810CE.NFO,07/01/2020,10:42:43,7.15,7,700,7.45,700,0,29400
LUPIN30Jan20810CE.NFO,07/01/2020,10:42:45,7.15,7.05,700,7.45,1400,0,29400
LUPIN30Jan20810CE.NFO,07/01/2020,10:42:48,7.15,7.05,700,7.45,700,0,29400
LUPIN30Jan20810CE.NFO,07/01/2020,10:42:53,7.15,7.05,700,7.35,700,0,29400
LUPIN30Jan20810CE.NFO,07/01/2020,10:42:57,7.15,7,700,7.35,700,0,29400
LUPIN30Jan20810CE.NFO,07/01/2020,10:43:00,7.15,7.05,700,7.35,700,0,29400
LUPIN30Jan20810CE.NFO,07/01/2020,10:43:14,7.15,7,700,7.35,700,0,29400
LUPIN30Jan20810CE.NFO,07/01/2020,10:43:51,7.15,6.95,1400,7.35,700,0,29400
LUPIN30Jan20810CE.NFO,07/01/2020,10:44:08,7.15,6.95,1400,7.35,1400,0,29400
LUPIN30Jan20810CE.NFO,07/01/2020,10:44:12,7.15,6.95,1400,7.35,700,0,29400
LUPIN30Jan20810CE.NFO,07/01/2020,10:44:14,7.15,6.95,1400,7.35,1400,0,29400
LUPIN30Jan20810CE.NFO,07/01/2020,10:44:26,7.15,6.95,1400,7.35,700,0,29400
LUPIN30Jan20810CE.NFO,07/01/2020,10:45:31,7.15,7,700,7.35,700,0,29400
LUPIN30Jan20810CE.NFO,07/01/2020,10:45:36,7.15,7.05,700,7.45,700,0,29400
LUPIN30Jan20810CE.NFO,07/01/2020,10:45:43,7.15,7.05,2100,7.45,700,0,29400
LUPIN30Jan20810CE.NFO,07/01/2020,10:45:46,7.15,7.05,1400,7.45,700,0,29400
LUPIN30Jan20810CE.NFO,07/01/2020,10:45:57,7.15,7.1,700,7.45,700,0,29400
LUPIN30Jan20810CE.NFO,07/01/2020,10:45:59,7.15,7.05,700,7.45,700,0,29400
LUPIN30Jan20810CE.NFO,07/01/2020,10:46:05,7.15,7.1,700,7.45,700,0,29400
LUPIN30Jan20810CE.NFO,07/01/2020,10:46:07,7.15,7.05,700,7.45,700,0,29400
LUPIN30Jan20810CE.NFO,07/01/2020,10:46:12,7.15,7.1,1400,7.5,700,0,29400
LUPIN30Jan20810CE.NFO,07/01/2020,10:46:39,7.15,7.1,700,7.5,700,0,29400
LUPIN30Jan20810CE.NFO,07/01/2020,10:46:42,7.15,7.1,1400,7.5,700,0,29400
LUPIN30Jan20810CE.NFO,07/01/2020,10:46:45,7.15,7.15,1400,7.55,700,0,29400
LUPIN30Jan20810CE.NFO,07/01/2020,10:46:54,7.15,7.2,700,7.55,700,0,29400
LUPIN30Jan20810CE.NFO,07/01/2020,10:47:09,7.15,7.15,700,7.55,700,0,29400
LUPIN30Jan20810CE.NFO,07/01/2020,10:47:35,7.15,7.1,1400,7.55,700,0,29400
LUPIN30Jan20810CE.NFO,07/01/2020,10:47:53,7.15,7.1,1400,7.55,2100,0,29400
LUPIN30Jan20810CE.NFO,07/01/2020,10:47:56,7.15,7.1,1400,7.55,1400,0,29400
LUPIN30Jan20810CE.NFO,07/01/2020,10:48:24,7.15,7.1,700,7.45,700,0,29400
LUPIN30Jan20810CE.NFO,07/01/2020,10:48:27,7.15,7.1,1400,7.55,700,0,29400
LUPIN30Jan20810CE.NFO,07/01/2020,10:48:31,7.15,7.2,1400,7.75,2100,0,29400
LUPIN30Jan20810CE.NFO,07/01/2020,10:48:36,7.15,7.2,700,7.75,2100,0,29400
LUPIN30Jan20810CE.NFO,07/01/2020,10:48:41,7.15,7.2,1400,7.75,2100,0,29400
LUPIN30Jan20810CE.NFO,07/01/2020,10:48:45,7.15,7.25,2100,7.75,2100,0,29400
LUPIN30Jan20810CE.NFO,07/01/2020,10:48:49,7.15,7.25,700,7.75,2100,0,29400
LUPIN30Jan20810CE.NFO,07/01/2020,10:48:52,7.15,7.2,700,7.65,700,0,29400
LUPIN30Jan20810CE.NFO,07/01/2020,10:48:59,7.15,7.25,700,7.65,700,0,29400
LUPIN30Jan20810CE.NFO,07/01/2020,10:49:04,7.15,7.25,700,7.65,1400,0,29400
LUPIN30Jan20810CE.NFO,07/01/2020,10:49:24,7.15,7.2,700,7.65,1400,0,29400
LUPIN30Jan20810CE.NFO,07/01/2020,10:49:31,7.15,7.25,700,7.6,700,0,29400
LUPIN30Jan20810CE.NFO,07/01/2020,10:49:38,7.15,7.2,700,7.6,700,0,29400
LUPIN30Jan20810CE.NFO,07/01/2020,10:49:41,7.15,7.2,700,7.5,700,0,29400
LUPIN30Jan20810CE.NFO,07/01/2020,10:49:55,7.15,7.2,2100,7.5,700,0,29400
LUPIN30Jan20810CE.NFO,07/01/2020,10:50:00,7.15,7.2,700,7.5,700,0,29400
LUPIN30Jan20810CE.NFO,07/01/2020,10:50:11,7.15,7.15,1400,7.5,700,0,29400
LUPIN30Jan20810CE.NFO,07/01/2020,10:50:21,7.15,7.2,700,7.5,700,0,29400
LUPIN30Jan20810CE.NFO,07/01/2020,10:50:26,7.15,7.2,1400,7.55,700,0,29400
LUPIN30Jan20810CE.NFO,07/01/2020,10:50:29,7.15,7.2,2100,7.55,700,0,29400
LUPIN30Jan20810CE.NFO,07/01/2020,10:50:46,7.15,7.2,1400,7.55,700,0,29400
LUPIN30Jan20810CE.NFO,07/01/2020,10:50:52,7.15,7.2,700,7.55,700,0,29400
LUPIN30Jan20810CE.NFO,07/01/2020,10:51:12,7.15,7.15,1400,7.5,700,0,29400
LUPIN30Jan20810CE.NFO,07/01/2020,10:51:15,7.15,7.15,700,7.5,700,0,29400
LUPIN30Jan20810CE.NFO,07/01/2020,10:51:19,7.15,7.15,700,7.45,700,0,29400
LUPIN30Jan20810CE.NFO,07/01/2020,10:51:24,7.15,7.15,700,7.5,700,0,29400
LUPIN30Jan20810CE.NFO,07/01/2020,10:51:29,7.15,7.15,700,7.5,1400,0,29400
LUPIN30Jan20810CE.NFO,07/01/2020,10:51:33,7.15,7.15,700,7.45,700,0,29400
LUPIN30Jan20810CE.NFO,07/01/2020,10:51:37,7.15,7.15,1400,7.45,700,0,29400
LUPIN30Jan20810CE.NFO,07/01/2020,10:51:40,7.15,7.15,700,7.5,700,0,29400
LUPIN30Jan20810CE.NFO,07/01/2020,10:51:44,7.15,7.15,1400,7.5,700,0,29400
LUPIN30Jan20810CE.NFO,07/01/2020,10:51:58,7.15,7.15,700,7.45,700,0,29400
LUPIN30Jan20810CE.NFO,07/01/2020,10:52:02,7.15,7.15,700,7.5,700,0,29400
LUPIN30Jan20810CE.NFO,07/01/2020,10:52:17,7.15,7.15,1400,7.5,700,0,29400
LUPIN30Jan20810CE.NFO,07/01/2020,10:52:26,7.15,7.05,700,7.4,700,0,29400
LUPIN30Jan20810CE.NFO,07/01/2020,10:52:29,7.15,7.05,700,7.45,700,0,29400
LUPIN30Jan20810CE.NFO,07/01/2020,10:52:33,7.15,7.05,700,7.4,700,0,29400
LUPIN30Jan20810CE.NFO,07/01/2020,10:52:37,7.15,7.05,700,7.45,700,0,29400
LUPIN30Jan20810CE.NFO,07/01/2020,10:52:41,7.15,7.05,1400,7.5,700,0,29400
LUPIN30Jan20810CE.NFO,07/01/2020,10:52:53,7.15,7.05,1400,7.5,1400,0,29400
LUPIN30Jan20810CE.NFO,07/01/2020,10:52:58,7.15,7.05,1400,7.45,700,0,29400
LUPIN30Jan20810CE.NFO,07/01/2020,10:53:04,7.15,7.05,700,7.4,700,0,29400
LUPIN30Jan20810CE.NFO,07/01/2020,10:53:21,7.15,7.05,1400,7.4,700,0,29400
LUPIN30Jan20810CE.NFO,07/01/2020,10:53:26,7.15,7.05,700,7.45,700,0,29400
LUPIN30Jan20810CE.NFO,07/01/2020,10:53:31,7.15,7.1,700,7.5,700,0,29400
LUPIN30Jan20810CE.NFO,07/01/2020,10:53:36,7.15,7.1,1400,7.5,700,0,29400
LUPIN30Jan20810CE.NFO,07/01/2020,10:53:41,7.15,7.1,2100,7.5,700,0,29400
LUPIN30Jan20810CE.NFO,07/01/2020,10:53:46,7.15,7.05,700,7.4,700,0,29400
LUPIN30Jan20810CE.NFO,07/01/2020,10:53:52,7.15,7,700,7.4,1400,0,29400
LUPIN30Jan20810CE.NFO,07/01/2020,10:53:58,7.15,6.95,1400,7.35,700,0,29400
LUPIN30Jan20810CE.NFO,07/01/2020,10:54:03,7.15,6.9,700,7.25,700,0,29400
LUPIN30Jan20810CE.NFO,07/01/2020,10:54:07,7.15,6.9,1400,7.25,1400,0,29400
LUPIN30Jan20810CE.NFO,07/01/2020,10:54:12,7.15,6.9,1400,7.25,700,0,29400
LUPIN30Jan20810CE.NFO,07/01/2020,10:54:17,7.15,6.9,2100,7.25,700,0,29400
LUPIN30Jan20810CE.NFO,07/01/2020,10:54:22,7.15,6.9,700,7.15,1400,0,29400
LUPIN30Jan20810CE.NFO,07/01/2020,10:54:31,7.15,6.9,1400,7.15,1400,0,29400
LUPIN30Jan20810CE.NFO,07/01/2020,10:54:45,7.15,6.9,700,7.15,1400,0,29400
LUPIN30Jan20810CE.NFO,07/01/2020,10:54:54,7.15,6.8,1400,7.15,1400,0,29400
LUPIN30Jan20810CE.NFO,07/01/2020,10:55:04,7.15,6.9,700,7.15,1400,0,29400
LUPIN30Jan20810CE.NFO,07/01/2020,10:55:18,7.15,6.95,700,7.15,1400,0,29400
LUPIN30Jan20810CE.NFO,07/01/2020,10:55:24,7.15,6.85,700,7.15,1400,0,29400
LUPIN30Jan20810CE.NFO,07/01/2020,10:55:36,7.15,6.9,1400,7.15,1400,0,29400
LUPIN30Jan20810CE.NFO,07/01/2020,10:55:42,7.15,6.9,700,7.15,1400,0,29400
LUPIN30Jan20810CE.NFO,07/01/2020,10:56:00,7.15,6.95,1400,7.15,1400,0,29400
LUPIN30Jan20810CE.NFO,07/01/2020,10:56:05,7.15,6.95,700,7.15,1400,0,29400
LUPIN30Jan20810CE.NFO,07/01/2020,10:56:10,7.15,6.85,700,7.15,1400,0,29400
LUPIN30Jan20810CE.NFO,07/01/2020,10:56:15,7.15,6.9,1400,7.15,1400,0,29400
LUPIN30Jan20810CE.NFO,07/01/2020,10:56:23,7.15,6.9,700,7.15,1400,0,29400
LUPIN30Jan20810CE.NFO,07/01/2020,10:56:27,7.15,6.9,2100,7.15,1400,0,29400
LUPIN30Jan20810CE.NFO,07/01/2020,10:56:31,7.15,6.9,700,7.25,1400,0,29400
LUPIN30Jan20810CE.NFO,07/01/2020,10:56:37,7.15,6.9,700,7.25,700,0,29400
LUPIN30Jan20810CE.NFO,07/01/2020,10:56:41,7.15,6.9,1400,7.25,700,0,29400
LUPIN30Jan20810CE.NFO,07/01/2020,10:56:45,7.15,6.95,700,7.25,700,0,29400
LUPIN30Jan20810CE.NFO,07/01/2020,10:56:55,7,6.85,1400,7,700,700,30100
LUPIN30Jan20810CE.NFO,07/01/2020,10:56:55,7,6.85,1400,7,700,0,30100
LUPIN30Jan20810CE.NFO,07/01/2020,10:57:01,7,6.85,700,7,700,0,30100
LUPIN30Jan20810CE.NFO,07/01/2020,10:57:11,7,6.8,1400,7,700,0,30100
LUPIN30Jan20810CE.NFO,07/01/2020,10:57:24,7,6.8,700,7,700,0,30100
LUPIN30Jan20810CE.NFO,07/01/2020,10:57:32,7,6.8,1400,6.95,700,0,30100
LUPIN30Jan20810CE.NFO,07/01/2020,10:57:39,7,6.8,700,6.95,700,0,30100
LUPIN30Jan20810CE.NFO,07/01/2020,10:57:45,7,6.8,1400,6.95,700,0,30100
LUPIN30Jan20810CE.NFO,07/01/2020,10:57:57,7,6.8,700,6.9,700,0,30100
LUPIN30Jan20810CE.NFO,07/01/2020,10:58:03,7,6.8,700,6.95,1400,0,30100
LUPIN30Jan20810CE.NFO,07/01/2020,10:58:09,7,6.8,700,6.9,700,0,30100
LUPIN30Jan20810CE.NFO,07/01/2020,10:58:29,7,6.8,700,6.95,700,0,30100
LUPIN30Jan20810CE.NFO,07/01/2020,10:58:47,7,6.8,700,7.1,700,0,30100
LUPIN30Jan20810CE.NFO,07/01/2020,10:59:07,7,6.8,700,6.95,700,0,30100
LUPIN30Jan20810CE.NFO,07/01/2020,11:00:00,7,6.8,700,6.85,1400,0,30100
LUPIN30Jan20810CE.NFO,07/01/2020,11:00:07,6.8,6.65,1400,6.8,700,700,30100
LUPIN30Jan20810CE.NFO,07/01/2020,11:00:07,6.8,6.65,1400,6.8,700,0,30100
LUPIN30Jan20810CE.NFO,07/01/2020,11:00:15,6.8,6.45,700,6.8,700,0,30100
LUPIN30Jan20810CE.NFO,07/01/2020,11:00:22,6.8,6.4,700,6.8,1400,0,30100
LUPIN30Jan20810CE.NFO,07/01/2020,11:00:35,6.8,6.5,1400,6.85,700,0,30100
LUPIN30Jan20810CE.NFO,07/01/2020,11:00:42,6.8,6.5,2100,6.85,700,0,30100
LUPIN30Jan20810CE.NFO,07/01/2020,11:00:48,6.7,6.5,1400,6.85,700,1400,30100
LUPIN30Jan20810CE.NFO,07/01/2020,11:00:48,6.7,6.5,1400,6.85,700,0,30100
LUPIN30Jan20810CE.NFO,07/01/2020,11:00:55,6.7,6.55,700,6.7,700,700,30100
LUPIN30Jan20810CE.NFO,07/01/2020,11:01:02,6.7,6.55,700,6.7,700,0,30100
LUPIN30Jan20810CE.NFO,07/01/2020,11:01:10,6.7,6.45,700,6.75,700,700,30100
LUPIN30Jan20810CE.NFO,07/01/2020,11:01:17,6.7,6.55,700,6.85,2100,0,30100
LUPIN30Jan20810CE.NFO,07/01/2020,11:01:25,6.7,6.55,700,6.8,700,0,30100
LUPIN30Jan20810CE.NFO,07/01/2020,11:01:33,6.7,6.5,1400,6.9,700,0,30100
LUPIN30Jan20810CE.NFO,07/01/2020,11:01:48,6.7,6.6,700,6.9,700,0,30100
LUPIN30Jan20810CE.NFO,07/01/2020,11:01:56,6.7,6.5,1400,6.9,1400,0,30100
LUPIN30Jan20810CE.NFO,07/01/2020,11:02:03,6.7,6.5,1400,6.9,700,0,30100
LUPIN30Jan20810CE.NFO,07/01/2020,11:02:29,6.7,6.35,700,6.75,700,0,30100
LUPIN30Jan20810CE.NFO,07/01/2020,11:02:36,6.7,6.45,700,6.9,1400,0,30100
LUPIN30Jan20810CE.NFO,07/01/2020,11:02:42,6.7,6.45,700,6.9,700,0,30100
LUPIN30Jan20810CE.NFO,07/01/2020,11:02:48,6.7,6.45,1400,6.95,700,0,30100
LUPIN30Jan20810CE.NFO,07/01/2020,11:03:08,6.7,6.65,700,7.05,1400,0,30100
LUPIN30Jan20810CE.NFO,07/01/2020,11:03:15,6.7,6.6,700,7,1400,0,30100
LUPIN30Jan20810CE.NFO,07/01/2020,11:03:22,6.7,6.6,700,6.95,700,0,30100
LUPIN30Jan20810CE.NFO,07/01/2020,11:03:28,6.7,6.6,700,7.1,1400,0,30100
LUPIN30Jan20810CE.NFO,07/01/2020,11:03:34,6.7,6.65,1400,7.1,1400,0,30100
LUPIN30Jan20810CE.NFO,07/01/2020,11:03:41,6.7,6.65,700,7,1400,0,30100
LUPIN30Jan20810CE.NFO,07/01/2020,11:03:56,6.7,6.65,700,7,700,0,30100
LUPIN30Jan20810CE.NFO,07/01/2020,11:04:16,6.7,6.6,700,6.95,700,0,30100
LUPIN30Jan20810CE.NFO,07/01/2020,11:04:28,6.7,6.4,700,6.8,1400,0,30100
LUPIN30Jan20810CE.NFO,07/01/2020,11:04:35,6.7,6.45,700,6.8,700,0,30100
LUPIN30Jan20810CE.NFO,07/01/2020,11:04:56,6.7,6.5,1400,6.85,700,0,30100
LUPIN30Jan20810CE.NFO,07/01/2020,11:05:03,6.7,6.45,700,6.85,700,0,30100
LUPIN30Jan20810CE.NFO,07/01/2020,11:05:24,6.7,6.6,700,6.95,700,0,30100
LUPIN30Jan20810CE.NFO,07/01/2020,11:05:30,6.7,6.55,1400,6.85,700,0,30100
LUPIN30Jan20810CE.NFO,07/01/2020,11:05:44,6.7,6.55,2100,6.85,700,0,30100
LUPIN30Jan20810CE.NFO,07/01/2020,11:06:05,6.7,6.65,1400,7,700,0,30100
LUPIN30Jan20810CE.NFO,07/01/2020,11:06:12,6.7,6.7,700,7,700,0,30100
LUPIN30Jan20810CE.NFO,07/01/2020,11:06:19,6.7,6.65,700,7,700,0,30100
LUPIN30Jan20810CE.NFO,07/01/2020,11:06:25,6.7,6.65,2100,7,700,0,30100
LUPIN30Jan20810CE.NFO,07/01/2020,11:06:30,6.7,6.7,700,7,700,0,30100
LUPIN30Jan20810CE.NFO,07/01/2020,11:06:36,6.7,6.75,700,7.05,700,0,30100
LUPIN30Jan20810CE.NFO,07/01/2020,11:06:41,6.7,6.8,700,7.1,700,0,30100
LUPIN30Jan20810CE.NFO,07/01/2020,11:06:46,6.7,6.7,700,7.05,700,0,30100
LUPIN30Jan20810CE.NFO,07/01/2020,11:06:51,6.7,6.6,1400,7,1400,0,30100
LUPIN30Jan20810CE.NFO,07/01/2020,11:06:56,6.7,6.6,2100,7.05,700,0,30100
LUPIN30Jan20810CE.NFO,07/01/2020,11:07:17,6.7,6.7,700,7.05,700,0,30100
LUPIN30Jan20810CE.NFO,07/01/2020,11:07:22,6.7,6.75,2100,7.1,700,0,30100
LUPIN30Jan20810CE.NFO,07/01/2020,11:07:27,6.7,6.7,700,7.1,2100,0,30100
LUPIN30Jan20810CE.NFO,07/01/2020,11:07:32,6.7,6.85,700,7.15,700,0,30100
LUPIN30Jan20810CE.NFO,07/01/2020,11:07:50,6.7,6.8,700,7.15,700,0,30100
LUPIN30Jan20810CE.NFO,07/01/2020,11:08:00,6.7,6.8,700,7.1,700,0,30100
LUPIN30Jan20810CE.NFO,07/01/2020,11:08:05,6.7,6.75,700,7,700,0,30100
LUPIN30Jan20810CE.NFO,07/01/2020,11:08:09,6.7,6.7,700,7.1,700,0,30100
LUPIN30Jan20810CE.NFO,07/01/2020,11:08:24,6.7,6.8,700,7.15,1400,0,30100
LUPIN30Jan20810CE.NFO,07/01/2020,11:08:35,6.7,6.65,1400,7.1,1400,0,30100
LUPIN30Jan20810CE.NFO,07/01/2020,11:08:50,6.7,6.65,2100,7.1,1400,0,30100
LUPIN30Jan20810CE.NFO,07/01/2020,11:08:59,6.7,6.65,1400,7,700,0,30100
LUPIN30Jan20810CE.NFO,07/01/2020,11:09:04,6.7,6.65,1400,7.05,700,0,30100
LUPIN30Jan20810CE.NFO,07/01/2020,11:09:14,6.7,6.65,1400,7.1,700,0,30100
LUPIN30Jan20810CE.NFO,07/01/2020,11:09:19,6.7,6.65,1400,7.05,1400,0,30100
LUPIN30Jan20810CE.NFO,07/01/2020,11:09:33,6.7,6.65,1400,7.05,700,0,30100
LUPIN30Jan20810CE.NFO,07/01/2020,11:09:38,6.7,6.8,700,7.1,700,0,30100
LUPIN30Jan20810CE.NFO,07/01/2020,11:09:43,6.7,6.85,700,7.15,700,0,30100
LUPIN30Jan20810CE.NFO,07/01/2020,11:09:47,6.7,6.8,700,7.1,1400,0,30100
LUPIN30Jan20810CE.NFO,07/01/2020,11:09:50,6.7,6.8,2100,7.15,700,0,30100
LUPIN30Jan20810CE.NFO,07/01/2020,11:09:59,6.7,6.85,700,7.15,700,0,30100
LUPIN30Jan20810CE.NFO,07/01/2020,11:10:07,6.7,6.9,2100,7.2,700,0,30100
LUPIN30Jan20810CE.NFO,07/01/2020,11:10:11,6.7,6.9,1400,7.2,700,0,30100
LUPIN30Jan20810CE.NFO,07/01/2020,11:10:16,6.7,6.95,700,7.2,700,0,30100
LUPIN30Jan20810CE.NFO,07/01/2020,11:10:21,6.7,6.9,1400,7.2,700,0,30100
LUPIN30Jan20810CE.NFO,07/01/2020,11:10:27,6.7,6.95,700,7.2,700,0,30100
LUPIN30Jan20810CE.NFO,07/01/2020,11:10:31,6.7,6.9,700,7.2,700,0,30100
LUPIN30Jan20810CE.NFO,07/01/2020,11:10:35,6.7,6.9,1400,7.2,700,0,30100
LUPIN30Jan20810CE.NFO,07/01/2020,11:10:40,6.7,6.75,1400,7.15,700,0,30100
LUPIN30Jan20810CE.NFO,07/01/2020,11:10:44,6.7,6.75,2100,7.2,1400,0,30100
LUPIN30Jan20810CE.NFO,07/01/2020,11:10:47,6.7,6.75,2100,7.2,700,0,30100
LUPIN30Jan20810CE.NFO,07/01/2020,11:10:51,6.7,6.85,2100,7.2,700,0,30100
LUPIN30Jan20810CE.NFO,07/01/2020,11:10:54,6.7,6.85,1400,7.15,700,0,30100
LUPIN30Jan20810CE.NFO,07/01/2020,11:11:08,6.7,6.8,1400,7.1,700,0,30100
LUPIN30Jan20810CE.NFO,07/01/2020,11:11:13,6.7,6.75,1400,7.15,1400,0,30100
LUPIN30Jan20810CE.NFO,07/01/2020,11:11:20,6.7,6.75,1400,7.1,700,0,30100
LUPIN30Jan20810CE.NFO,07/01/2020,11:11:26,6.7,6.55,700,6.95,700,0,30100
LUPIN30Jan20810CE.NFO,07/01/2020,11:11:34,6.7,6.6,1400,7,700,0,30100
LUPIN30Jan20810CE.NFO,07/01/2020,11:11:54,6.7,6.6,1400,7,2100,0,30100
LUPIN30Jan20810CE.NFO,07/01/2020,11:12:09,6.7,6.5,700,7,2100,0,30100
LUPIN30Jan20810CE.NFO,07/01/2020,11:12:16,6.7,6.5,700,6.85,700,0,30100
LUPIN30Jan20810CE.NFO,07/01/2020,11:12:47,6.7,6.5,700,6.8,700,0,30100
LUPIN30Jan20810CE.NFO,07/01/2020,11:12:52,6.7,6.5,700,6.85,700,0,30100
LUPIN30Jan20810CE.NFO,07/01/2020,11:13:08,6.7,6.4,700,6.8,1400,0,30100
LUPIN30Jan20810CE.NFO,07/01/2020,11:13:14,6.7,6.4,700,6.75,700,0,30100
LUPIN30Jan20810CE.NFO,07/01/2020,11:13:37,6.4,6.35,700,6.75,1400,700,29400
LUPIN30Jan20810CE.NFO,07/01/2020,11:13:37,6.4,6.35,700,6.75,1400,0,29400
LUPIN30Jan20810CE.NFO,07/01/2020,11:13:43,6.4,6.35,700,6.75,1400,0,29400
LUPIN30Jan20810CE.NFO,07/01/2020,11:13:49,6.4,6.3,700,6.65,1400,0,29400
LUPIN30Jan20810CE.NFO,07/01/2020,11:13:55,6.4,6.4,700,6.65,700,0,29400
LUPIN30Jan20810CE.NFO,07/01/2020,11:14:00,6.4,6.4,700,6.75,1400,0,29400
LUPIN30Jan20810CE.NFO,07/01/2020,11:14:05,6.4,6.4,700,6.8,700,0,29400
LUPIN30Jan20810CE.NFO,07/01/2020,11:14:11,6.4,6.4,700,6.7,700,0,29400
LUPIN30Jan20810CE.NFO,07/01/2020,11:14:18,6.4,6.4,700,6.75,2100,0,29400
LUPIN30Jan20810CE.NFO,07/01/2020,11:14:29,6.4,6.4,700,6.75,1400,0,29400
LUPIN30Jan20810CE.NFO,07/01/2020,11:14:34,6.4,6.4,700,6.75,700,0,29400
LUPIN30Jan20810CE.NFO,07/01/2020,11:14:38,6.4,6.4,700,6.75,1400,0,29400
LUPIN30Jan20810CE.NFO,07/01/2020,11:14:43,6.4,6.4,700,6.75,2100,0,29400
LUPIN30Jan20810CE.NFO,07/01/2020,11:14:49,6.4,6.35,700,6.75,2100,0,29400
LUPIN30Jan20810CE.NFO,07/01/2020,11:14:54,6.4,6.3,1400,6.7,1400,0,29400
LUPIN30Jan20810CE.NFO,07/01/2020,11:15:00,6.4,6.15,1400,6.5,700,0,29400
LUPIN30Jan20810CE.NFO,07/01/2020,11:15:13,6.4,6.05,1400,6.65,1400,0,29400
LUPIN30Jan20810CE.NFO,07/01/2020,11:15:18,6.4,6.1,700,6.65,1400,0,29400
LUPIN30Jan20810CE.NFO,07/01/2020,11:15:23,6.4,6.1,700,6.45,700,0,29400
LUPIN30Jan20810CE.NFO,07/01/2020,11:15:40,6.4,6.1,700,6.35,700,0,29400
LUPIN30Jan20810CE.NFO,07/01/2020,11:15:44,6.4,6.05,1400,6.4,1400,0,29400
LUPIN30Jan20810CE.NFO,07/01/2020,11:15:50,6.4,6,1400,6.3,700,0,29400
LUPIN30Jan20810CE.NFO,07/01/2020,11:16:07,6.4,6,1400,6.4,700,1400,29400
LUPIN30Jan20810CE.NFO,07/01/2020,11:16:07,6.3,6,1400,6.4,700,0,29400
LUPIN30Jan20810CE.NFO,07/01/2020,11:16:13,6.4,6.1,700,6.45,700,0,29400
LUPIN30Jan20810CE.NFO,07/01/2020,11:16:20,6.4,6.2,700,6.55,700,0,29400
LUPIN30Jan20810CE.NFO,07/01/2020,11:16:32,6.4,6.3,700,6.7,700,0,29400
LUPIN30Jan20810CE.NFO,07/01/2020,11:16:38,6.4,6.3,700,6.7,1400,0,29400
LUPIN30Jan20810CE.NFO,07/01/2020,11:16:43,6.4,6.3,700,6.7,2100,0,29400
LUPIN30Jan20810CE.NFO,07/01/2020,11:16:48,6.4,6.3,700,6.7,1400,0,29400
LUPIN30Jan20810CE.NFO,07/01/2020,11:16:56,6.4,6.3,1400,6.6,700,0,29400
LUPIN30Jan20810CE.NFO,07/01/2020,11:17:02,6.4,6.3,1400,6.65,1400,0,29400
LUPIN30Jan20810CE.NFO,07/01/2020,11:17:06,6.4,6.3,1400,6.65,700,0,29400
LUPIN30Jan20810CE.NFO,07/01/2020,11:17:20,6.4,6.25,1400,6.65,2100,0,29400
LUPIN30Jan20810CE.NFO,07/01/2020,11:17:25,6.4,6.3,1400,6.65,1400,0,29400
LUPIN30Jan20810CE.NFO,07/01/2020,11:17:30,6.4,6.3,1400,6.65,700,0,29400
LUPIN30Jan20810CE.NFO,07/01/2020,11:17:42,6.4,6.35,1400,6.65,700,0,29400
LUPIN30Jan20810CE.NFO,07/01/2020,11:17:48,6.4,6.35,700,6.65,700,0,29400
LUPIN30Jan20810CE.NFO,07/01/2020,11:17:52,6.4,6.3,700,6.65,700,0,29400
LUPIN30Jan20810CE.NFO,07/01/2020,11:17:57,6.4,6.3,700,6.65,1400,0,29400
LUPIN30Jan20810CE.NFO,07/01/2020,11:18:01,6.4,6.25,700,6.6,700,0,29400
LUPIN30Jan20810CE.NFO,07/01/2020,11:18:07,6.4,6.25,700,6.55,1400,0,29400
LUPIN30Jan20810CE.NFO,07/01/2020,11:18:33,6.4,6.25,1400,6.6,700,0,29400
LUPIN30Jan20810CE.NFO,07/01/2020,11:18:38,6.4,6.25,700,6.7,2100,0,29400
LUPIN30Jan20810CE.NFO,07/01/2020,11:18:45,6.4,6.25,700,6.6,1400,0,29400
LUPIN30Jan20810CE.NFO,07/01/2020,11:18:51,6.4,6.35,700,6.65,1400,0,29400
LUPIN30Jan20810CE.NFO,07/01/2020,11:19:02,6.4,6.45,1400,6.8,1400,0,29400
LUPIN30Jan20810CE.NFO,07/01/2020,11:19:14,6.4,6.5,1400,6.85,1400,0,29400
LUPIN30Jan20810CE.NFO,07/01/2020,11:19:21,6.4,6.3,1400,6.7,1400,0,29400
LUPIN30Jan20810CE.NFO,07/01/2020,11:19:29,6.4,6.4,1400,6.8,1400,0,29400
LUPIN30Jan20810CE.NFO,07/01/2020,11:19:36,6.4,6.4,1400,6.75,700,0,29400
LUPIN30Jan20810CE.NFO,07/01/2020,11:19:42,6.4,6.4,1400,6.8,1400,0,29400
LUPIN30Jan20810CE.NFO,07/01/2020,11:19:48,6.4,6.3,1400,6.65,700,0,29400
LUPIN30Jan20810CE.NFO,07/01/2020,11:19:54,6.4,6.3,1400,6.7,1400,0,29400
LUPIN30Jan20810CE.NFO,07/01/2020,11:19:59,6.4,6.3,1400,6.7,700,0,29400
LUPIN30Jan20810CE.NFO,07/01/2020,11:20:10,6.4,6.3,2100,6.7,700,0,29400
LUPIN30Jan20810CE.NFO,07/01/2020,11:20:16,6.4,6.3,1400,6.7,700,0,29400
LUPIN30Jan20810CE.NFO,07/01/2020,11:20:21,6.4,6.3,1400,6.65,700,0,29400
LUPIN30Jan20810CE.NFO,07/01/2020,11:20:26,6.4,6.4,1400,6.75,700,0,29400
LUPIN30Jan20810CE.NFO,07/01/2020,11:20:38,6.4,6.4,1400,6.8,1400,0,29400
LUPIN30Jan20810CE.NFO,07/01/2020,11:20:43,6.4,6.4,1400,6.8,2100,0,29400
LUPIN30Jan20810CE.NFO,07/01/2020,11:20:59,6.4,6.4,1400,6.75,700,0,29400
LUPIN30Jan20810CE.NFO,07/01/2020,11:21:23,6.4,6.4,1400,6.7,700,0,29400
LUPIN30Jan20810CE.NFO,07/01/2020,11:21:28,6.4,6.4,1400,6.75,700,0,29400
LUPIN30Jan20810CE.NFO,07/01/2020,11:21:41,6.4,6.4,1400,6.75,1400,0,29400
LUPIN30Jan20810CE.NFO,07/01/2020,11:21:46,6.4,6.4,1400,6.75,700,0,29400
LUPIN30Jan20810CE.NFO,07/01/2020,11:21:51,6.4,6.4,1400,6.8,700,0,29400
LUPIN30Jan20810CE.NFO,07/01/2020,11:21:55,6.4,6.4,1400,6.65,700,0,29400
LUPIN30Jan20810CE.NFO,07/01/2020,11:22:06,6.4,6.4,700,6.65,700,0,29400
LUPIN30Jan20810CE.NFO,07/01/2020,11:22:47,6.4,6.35,700,6.65,700,0,29400
LUPIN30Jan20810CE.NFO,07/01/2020,11:22:57,6.4,6.3,1400,6.7,700,0,29400
LUPIN30Jan20810CE.NFO,07/01/2020,11:23:03,6.4,6.4,1400,6.7,700,0,29400
LUPIN30Jan20810CE.NFO,07/01/2020,11:23:08,6.4,6.55,700,6.75,700,0,29400
LUPIN30Jan20810CE.NFO,07/01/2020,11:23:13,6.4,6.45,1400,6.75,700,0,29400
LUPIN30Jan20810CE.NFO,07/01/2020,11:23:18,6.4,6.5,700,6.75,700,0,29400
LUPIN30Jan20810CE.NFO,07/01/2020,11:23:32,6.4,6.5,700,6.85,700,0,29400
LUPIN30Jan20810CE.NFO,07/01/2020,11:23:49,6.4,6.55,700,6.85,700,0,29400
LUPIN30Jan20810CE.NFO,07/01/2020,11:23:59,6.4,6.65,1400,7,700,0,29400
LUPIN30Jan20810CE.NFO,07/01/2020,11:24:05,6.4,6.65,700,6.95,700,0,29400
LUPIN30Jan20810CE.NFO,07/01/2020,11:24:16,6.4,6.75,700,7.05,700,0,29400
LUPIN30Jan20810CE.NFO,07/01/2020,11:24:25,6.4,6.7,1400,7.1,1400,0,29400
LUPIN30Jan20810CE.NFO,07/01/2020,11:24:30,6.4,6.7,700,6.95,700,0,29400
LUPIN30Jan20810CE.NFO,07/01/2020,11:24:35,6.4,6.7,700,7,700,0,29400
LUPIN30Jan20810CE.NFO,07/01/2020,11:24:48,6.4,6.65,1400,7,1400,0,29400
LUPIN30Jan20810CE.NFO,07/01/2020,11:25:01,6.4,6.65,1400,7,700,0,29400
LUPIN30Jan20810CE.NFO,07/01/2020,11:25:07,6.4,6.65,1400,7,1400,0,29400
LUPIN30Jan20810CE.NFO,07/01/2020,11:25:15,6.4,6.7,1400,7.05,700,0,29400
LUPIN30Jan20810CE.NFO,07/01/2020,11:25:20,6.4,6.65,1400,7.05,1400,0,29400
LUPIN30Jan20810CE.NFO,07/01/2020,11:25:25,6.4,6.65,1400,7.05,2100,0,29400
LUPIN30Jan20810CE.NFO,07/01/2020,11:25:35,6.4,6.75,700,7.05,700,0,29400
LUPIN30Jan20810CE.NFO,07/01/2020,11:25:39,6.4,6.75,1400,7.05,700,0,29400
LUPIN30Jan20810CE.NFO,07/01/2020,11:25:51,6.4,6.7,700,7.05,2100,0,29400
LUPIN30Jan20810CE.NFO,07/01/2020,11:25:55,6.4,6.65,1400,7,700,0,29400
LUPIN30Jan20810CE.NFO,07/01/2020,11:26:11,6.4,6.7,700,7,700,0,29400
LUPIN30Jan20810CE.NFO,07/01/2020,11:26:14,6.4,6.65,1400,7,700,0,29400
LUPIN30Jan20810CE.NFO,07/01/2020,11:26:17,6.4,6.65,1400,7,1400,0,29400
LUPIN30Jan20810CE.NFO,07/01/2020,11:26:21,6.4,6.65,1400,7,700,0,29400
LUPIN30Jan20810CE.NFO,07/01/2020,11:26:47,6.4,6.65,1400,7,1400,0,29400
LUPIN30Jan20810CE.NFO,07/01/2020,11:26:55,6.4,6.65,700,6.95,700,0,29400
LUPIN30Jan20810CE.NFO,07/01/2020,11:27:03,6.4,6.55,700,6.8,700,0,29400
LUPIN30Jan20810CE.NFO,07/01/2020,11:27:07,6.4,6.55,700,6.75,700,0,29400
LUPIN30Jan20810CE.NFO,07/01/2020,11:27:10,6.4,6.55,700,6.8,1400,0,29400
LUPIN30Jan20810CE.NFO,07/01/2020,11:27:13,6.4,6.55,700,6.8,700,0,29400
LUPIN30Jan20810CE.NFO,07/01/2020,11:27:17,6.4,6.55,700,6.8,1400,0,29400
LUPIN30Jan20810CE.NFO,07/01/2020,11:27:20,6.4,6.55,700,6.8,700,0,29400
LUPIN30Jan20810CE.NFO,07/01/2020,11:27:32,6.4,6.5,700,6.75,700,0,29400
LUPIN30Jan20810CE.NFO,07/01/2020,11:27:36,6.4,6.4,1400,6.75,1400,0,29400
LUPIN30Jan20810CE.NFO,07/01/2020,11:27:40,6.4,6.4,1400,6.75,700,0,29400
LUPIN30Jan20810CE.NFO,07/01/2020,11:27:45,6.4,6.4,1400,6.75,1400,0,29400
LUPIN30Jan20810CE.NFO,07/01/2020,11:27:49,6.4,6.4,1400,6.75,700,0,29400
LUPIN30Jan20810CE.NFO,07/01/2020,11:28:04,6.4,6.45,1400,6.75,700,0,29400
LUPIN30Jan20810CE.NFO,07/01/2020,11:28:09,6.4,6.45,700,6.75,700,0,29400
LUPIN30Jan20810CE.NFO,07/01/2020,11:28:13,6.4,6.4,1400,6.75,700,0,29400
LUPIN30Jan20810CE.NFO,07/01/2020,11:28:16,6.4,6.45,1400,6.75,1400,0,29400
LUPIN30Jan20810CE.NFO,07/01/2020,11:28:20,6.4,6.45,1400,6.75,700,0,29400
LUPIN30Jan20810CE.NFO,07/01/2020,11:28:23,6.4,6.45,2100,6.8,700,0,29400
LUPIN30Jan20810CE.NFO,07/01/2020,11:28:27,6.4,6.5,700,6.8,700,0,29400
LUPIN30Jan20810CE.NFO,07/01/2020,11:28:34,6.4,6.5,700,6.8,1400,0,29400
LUPIN30Jan20810CE.NFO,07/01/2020,11:28:43,6.4,6.45,700,6.8,1400,0,29400
LUPIN30Jan20810CE.NFO,07/01/2020,11:28:54,6.4,6.5,700,6.8,700,0,29400
LUPIN30Jan20810CE.NFO,07/01/2020,11:29:05,6.4,6.5,1400,6.8,700,0,29400
LUPIN30Jan20810CE.NFO,07/01/2020,11:29:27,6.4,6.55,700,6.85,700,0,29400
LUPIN30Jan20810CE.NFO,07/01/2020,11:30:03,6.4,6.5,700,6.85,700,0,29400
LUPIN30Jan20810CE.NFO,07/01/2020,11:30:23,6.4,6.5,700,6.85,1400,0,29400
LUPIN30Jan20810CE.NFO,07/01/2020,11:30:27,6.4,6.5,700,6.85,700,0,29400
LUPIN30Jan20810CE.NFO,07/01/2020,11:30:31,6.4,6.5,700,6.85,2100,0,29400
LUPIN30Jan20810CE.NFO,07/01/2020,11:30:34,6.4,6.55,700,6.85,2100,0,29400
LUPIN30Jan20810CE.NFO,07/01/2020,11:30:38,6.4,6.5,700,6.8,1400,0,29400
LUPIN30Jan20810CE.NFO,07/01/2020,11:30:41,6.4,6.5,700,6.75,1400,0,29400
LUPIN30Jan20810CE.NFO,07/01/2020,11:30:58,6.4,6.5,700,6.75,700,0,29400
LUPIN30Jan20810CE.NFO,07/01/2020,11:31:03,6.4,6.5,700,6.8,1400,0,29400
LUPIN30Jan20810CE.NFO,07/01/2020,11:31:15,6.4,6.5,700,6.8,700,0,29400
LUPIN30Jan20810CE.NFO,07/01/2020,11:31:20,6.4,6.5,1400,6.8,700,0,29400
LUPIN30Jan20810CE.NFO,07/01/2020,11:31:46,6.4,6.5,700,6.8,700,0,29400
LUPIN30Jan20810CE.NFO,07/01/2020,11:31:51,6.4,6.5,1400,6.8,700,0,29400
LUPIN30Jan20810CE.NFO,07/01/2020,11:31:58,6.4,6.55,1400,6.8,700,0,29400
LUPIN30Jan20810CE.NFO,07/01/2020,11:32:09,6.4,6.55,1400,6.85,700,0,29400
LUPIN30Jan20810CE.NFO,07/01/2020,11:32:15,6.4,6.45,700,6.75,1400,0,29400
LUPIN30Jan20810CE.NFO,07/01/2020,11:32:19,6.4,6.45,700,6.7,700,0,29400
LUPIN30Jan20810CE.NFO,07/01/2020,11:32:24,6.4,6.45,1400,6.75,1400,0,29400
LUPIN30Jan20810CE.NFO,07/01/2020,11:32:28,6.65,6.4,1400,6.65,700,700,28700
LUPIN30Jan20810CE.NFO,07/01/2020,11:32:34,6.65,6.4,700,6.65,700,0,28700
LUPIN30Jan20810CE.NFO,07/01/2020,11:32:39,6.65,6.4,1400,6.7,1400,0,28700
LUPIN30Jan20810CE.NFO,07/01/2020,11:32:43,6.65,6.4,1400,6.7,700,0,28700
LUPIN30Jan20810CE.NFO,07/01/2020,11:32:48,6.65,6.4,2100,6.7,700,0,28700
LUPIN30Jan20810CE.NFO,07/01/2020,11:33:06,6.65,6.4,1400,6.7,700,0,28700
LUPIN30Jan20810CE.NFO,07/01/2020,11:33:10,6.65,6.4,2100,6.7,700,0,28700
LUPIN30Jan20810CE.NFO,07/01/2020,11:33:13,6.65,6.4,2100,6.75,700,0,28700
LUPIN30Jan20810CE.NFO,07/01/2020,11:33:26,6.65,6.45,700,6.85,2100,0,28700
LUPIN30Jan20810CE.NFO,07/01/2020,11:33:31,6.65,6.45,1400,6.85,2100,0,28700
LUPIN30Jan20810CE.NFO,07/01/2020,11:33:35,6.65,6.45,700,6.85,1400,0,28700
LUPIN30Jan20810CE.NFO,07/01/2020,11:33:39,6.65,6.45,700,6.85,2100,0,28700
LUPIN30Jan20810CE.NFO,07/01/2020,11:33:43,6.65,6.5,700,6.85,1400,0,28700
LUPIN30Jan20810CE.NFO,07/01/2020,11:33:57,6.65,6.5,1400,6.85,1400,0,28700
LUPIN30Jan20810CE.NFO,07/01/2020,11:34:09,6.65,6.5,2100,6.9,700,0,28700
LUPIN30Jan20810CE.NFO,07/01/2020,11:34:16,6.65,6.6,1400,6.95,700,0,28700
LUPIN30Jan20810CE.NFO,07/01/2020,11:34:22,6.65,6.65,700,7,700,0,28700
LUPIN30Jan20810CE.NFO,07/01/2020,11:34:28,6.65,6.65,1400,7.05,700,0,28700
LUPIN30Jan20810CE.NFO,07/01/2020,11:34:35,6.65,6.75,700,7.1,1400,0,28700
LUPIN30Jan20810CE.NFO,07/01/2020,11:34:41,6.65,6.65,700,7.1,1400,0,28700
LUPIN30Jan20810CE.NFO,07/01/2020,11:36:12,6.65,6.65,1400,7.1,1400,0,28700
LUPIN30Jan20810CE.NFO,07/01/2020,11:36:27,6.65,6.65,2100,7.1,1400,0,28700
LUPIN30Jan20810CE.NFO,07/01/2020,11:36:32,6.65,6.65,1400,7.1,1400,0,28700
LUPIN30Jan20810CE.NFO,07/01/2020,11:36:53,6.65,6.65,700,7.1,1400,0,28700
LUPIN30Jan20810CE.NFO,07/01/2020,11:37:18,6.65,6.6,700,7.1,1400,0,28700
LUPIN30Jan20810CE.NFO,07/01/2020,11:37:22,6.65,6.65,700,7.1,1400,0,28700
LUPIN30Jan20810CE.NFO,07/01/2020,11:37:32,6.65,6.6,700,7.1,1400,0,28700
LUPIN30Jan20810CE.NFO,07/01/2020,11:37:49,6.65,6.65,700,7.1,1400,0,28700
LUPIN30Jan20810CE.NFO,07/01/2020,11:39:53,6.65,6.65,700,6.75,700,0,28700
LUPIN30Jan20810CE.NFO,07/01/2020,11:42:47,6.65,6.65,700,6.8,700,0,28700
LUPIN30Jan20810CE.NFO,07/01/2020,11:43:46,6.65,6.6,700,6.8,700,0,28700
LUPIN30Jan20810CE.NFO,07/01/2020,11:43:50,6.8,6.75,700,7.25,700,700,28000
LUPIN30Jan20810CE.NFO,07/01/2020,11:43:54,6.8,6.65,1400,6.95,700,0,28000
LUPIN30Jan20810CE.NFO,07/01/2020,11:44:01,6.8,6.7,700,7,1400,0,28000
LUPIN30Jan20810CE.NFO,07/01/2020,11:44:04,6.8,6.8,700,7,1400,0,28000
LUPIN30Jan20810CE.NFO,07/01/2020,11:44:27,6.8,6.8,700,7,700,0,28000
LUPIN30Jan20810CE.NFO,07/01/2020,11:44:30,6.8,6.8,700,6.9,700,0,28000
LUPIN30Jan20810CE.NFO,07/01/2020,11:44:33,6.8,6.8,700,6.95,700,0,28000
LUPIN30Jan20810CE.NFO,07/01/2020,11:44:56,6.8,6.8,700,6.95,1400,0,28000
LUPIN30Jan20810CE.NFO,07/01/2020,11:44:59,6.8,6.8,700,6.9,700,0,28000
LUPIN30Jan20810CE.NFO,07/01/2020,11:45:03,6.8,6.8,700,6.95,700,0,28000
LUPIN30Jan20810CE.NFO,07/01/2020,11:45:28,6.8,6.6,700,6.95,700,700,28000
LUPIN30Jan20810CE.NFO,07/01/2020,11:45:30,6.8,6.6,700,6.95,700,0,28000
LUPIN30Jan20810CE.NFO,07/01/2020,11:45:44,6.8,6.6,700,6.8,700,0,28000
LUPIN30Jan20810CE.NFO,07/01/2020,11:45:45,6.8,6.55,700,6.8,700,0,28000
LUPIN30Jan20810CE.NFO,07/01/2020,11:45:46,6.8,6.55,700,6.8,1400,0,28000
LUPIN30Jan20810CE.NFO,07/01/2020,11:45:48,6.8,6.55,700,6.8,2100,0,28000
LUPIN30Jan20810CE.NFO,07/01/2020,11:45:52,6.8,6.55,700,6.8,1400,0,28000
LUPIN30Jan20810CE.NFO,07/01/2020,11:45:59,6.8,6.55,700,6.8,700,0,28000
LUPIN30Jan20810CE.NFO,07/01/2020,11:46:04,6.8,6.55,700,6.8,1400,0,28000
LUPIN30Jan20810CE.NFO,07/01/2020,11:46:07,6.8,6.55,700,6.75,700,0,28000
LUPIN30Jan20810CE.NFO,07/01/2020,11:46:09,6.8,6.55,700,6.8,700,0,28000
LUPIN30Jan20810CE.NFO,07/01/2020,11:46:14,6.8,6.55,700,6.8,1400,0,28000
LUPIN30Jan20810CE.NFO,07/01/2020,11:46:19,6.8,6.55,700,6.8,700,0,28000
LUPIN30Jan20810CE.NFO,07/01/2020,11:46:27,6.8,6.55,700,6.8,1400,0,28000
LUPIN30Jan20810CE.NFO,07/01/2020,11:46:40,6.8,6.55,700,6.8,700,0,28000
LUPIN30Jan20810CE.NFO,07/01/2020,11:46:48,6.8,6.55,700,6.65,700,0,28000
LUPIN30Jan20810CE.NFO,07/01/2020,11:46:52,6.65,6.55,700,6.85,700,700,28000
LUPIN30Jan20810CE.NFO,07/01/2020,11:46:54,6.65,6.55,700,6.85,700,0,28000
LUPIN30Jan20810CE.NFO,07/01/2020,11:47:02,6.65,6.55,1400,6.85,700,0,28000
LUPIN30Jan20810CE.NFO,07/01/2020,11:47:08,6.65,6.6,700,6.9,700,0,28000
LUPIN30Jan20810CE.NFO,07/01/2020,11:48:14,6.65,6.5,1400,6.9,700,0,28000
LUPIN30Jan20810CE.NFO,07/01/2020,11:48:19,6.65,6.55,700,6.9,700,0,28000
LUPIN30Jan20810CE.NFO,07/01/2020,11:49:55,6.65,6.55,1400,6.9,700,0,28000
LUPIN30Jan20810CE.NFO,07/01/2020,11:49:59,6.65,6.55,700,6.9,700,0,28000
LUPIN30Jan20810CE.NFO,07/01/2020,11:50:03,6.65,6.55,1400,6.9,700,0,28000
LUPIN30Jan20810CE.NFO,07/01/2020,11:50:17,6.65,6.55,700,6.9,700,0,28000
LUPIN30Jan20810CE.NFO,07/01/2020,11:50:22,6.65,6.55,1400,6.9,700,0,28000
LUPIN30Jan20810CE.NFO,07/01/2020,11:50:31,6.65,6.55,700,6.9,700,0,28000
LUPIN30Jan20810CE.NFO,07/01/2020,11:50:43,6.65,6.55,1400,6.9,700,0,28000
LUPIN30Jan20810CE.NFO,07/01/2020,11:50:53,6.65,6.55,700,6.9,700,0,28000
LUPIN30Jan20810CE.NFO,07/01/2020,11:51:04,6.65,6.6,700,6.9,700,0,28000
LUPIN30Jan20810CE.NFO,07/01/2020,11:52:14,6.65,6.6,1400,6.9,700,0,28000
LUPIN30Jan20810CE.NFO,07/01/2020,11:52:17,6.65,6.6,700,6.9,700,0,28000
LUPIN30Jan20810CE.NFO,07/01/2020,11:52:20,6.65,6.6,1400,6.9,700,0,28000
LUPIN30Jan20810CE.NFO,07/01/2020,11:52:27,6.65,6.6,700,6.9,700,0,28000
LUPIN30Jan20810CE.NFO,07/01/2020,11:52:30,6.65,6.6,1400,6.9,700,0,28000
LUPIN30Jan20810CE.NFO,07/01/2020,11:52:45,6.65,6.6,700,6.9,700,0,28000
LUPIN30Jan20810CE.NFO,07/01/2020,11:52:48,6.65,6.6,1400,6.9,700,0,28000
LUPIN30Jan20810CE.NFO,07/01/2020,11:52:51,6.65,6.6,700,6.9,700,0,28000
LUPIN30Jan20810CE.NFO,07/01/2020,11:53:01,6.65,6.6,1400,6.9,700,0,28000
LUPIN30Jan20810CE.NFO,07/01/2020,11:53:04,6.65,6.6,700,6.9,700,0,28000
LUPIN30Jan20810CE.NFO,07/01/2020,11:53:19,6.65,6.55,700,6.9,700,0,28000
LUPIN30Jan20810CE.NFO,07/01/2020,11:53:22,6.65,6.6,700,6.9,700,0,28000
LUPIN30Jan20810CE.NFO,07/01/2020,11:53:26,6.65,6.55,700,6.9,700,0,28000
LUPIN30Jan20810CE.NFO,07/01/2020,11:53:30,6.65,6.55,1400,6.9,700,0,28000
LUPIN30Jan20810CE.NFO,07/01/2020,11:53:33,6.65,6.55,700,6.9,700,0,28000
LUPIN30Jan20810CE.NFO,07/01/2020,11:53:41,6.7,6.3,1400,6.7,1400,1400,28000
LUPIN30Jan20810CE.NFO,07/01/2020,11:53:44,6.7,6.3,1400,6.65,700,0,28000
LUPIN30Jan20810CE.NFO,07/01/2020,11:54:00,6.7,6.3,1400,6.7,1400,0,28000
LUPIN30Jan20810CE.NFO,07/01/2020,11:54:14,6.7,6.3,1400,6.7,700,0,28000
LUPIN30Jan20810CE.NFO,07/01/2020,11:54:17,6.7,6.3,1400,6.75,700,0,28000
LUPIN30Jan20810CE.NFO,07/01/2020,11:54:20,6.7,6.4,700,6.75,1400,0,28000
LUPIN30Jan20810CE.NFO,07/01/2020,11:54:22,6.7,6.35,700,6.7,700,0,28000
LUPIN30Jan20810CE.NFO,07/01/2020,11:54:43,6.7,6.35,700,6.7,1400,0,28000
LUPIN30Jan20810CE.NFO,07/01/2020,11:54:48,6.7,6.35,700,6.7,700,0,28000
LUPIN30Jan20810CE.NFO,07/01/2020,11:55:01,6.7,6.35,700,6.75,700,0,28000
LUPIN30Jan20810CE.NFO,07/01/2020,11:55:06,6.7,6.4,1400,6.75,700,0,28000
LUPIN30Jan20810CE.NFO,07/01/2020,11:55:09,6.7,6.4,700,6.75,700,0,28000
LUPIN30Jan20810CE.NFO,07/01/2020,11:55:12,6.7,6.25,700,6.75,1400,0,28000
LUPIN30Jan20810CE.NFO,07/01/2020,11:55:15,6.7,6.25,700,6.6,700,0,28000
LUPIN30Jan20810CE.NFO,07/01/2020,11:55:18,6.7,6.25,700,6.65,700,0,28000
LUPIN30Jan20810CE.NFO,07/01/2020,11:55:22,6.7,6.35,700,6.7,700,0,28000
LUPIN30Jan20810CE.NFO,07/01/2020,11:55:37,6.35,6.15,700,6.55,700,700,28000
LUPIN30Jan20810CE.NFO,07/01/2020,11:55:39,6.35,6.2,700,6.5,700,0,28000
LUPIN30Jan20810CE.NFO,07/01/2020,11:55:41,6.35,5.9,700,6.45,700,0,28000
LUPIN30Jan20810CE.NFO,07/01/2020,11:55:43,6.35,6.1,2100,6.4,700,0,28000
LUPIN30Jan20810CE.NFO,07/01/2020,11:55:45,6.35,6.1,1400,6.4,700,0,28000
LUPIN30Jan20810CE.NFO,07/01/2020,11:55:48,6.35,6.1,2100,6.85,2800,0,28000
LUPIN30Jan20810CE.NFO,07/01/2020,11:55:51,6.35,6.1,2100,6.5,700,0,28000
LUPIN30Jan20810CE.NFO,07/01/2020,11:55:53,6.35,6.2,700,6.6,2100,0,28000
LUPIN30Jan20810CE.NFO,07/01/2020,11:55:55,6.35,6.15,700,6.55,700,0,28000
LUPIN30Jan20810CE.NFO,07/01/2020,11:55:57,6.35,6.1,700,6.45,700,0,28000
LUPIN30Jan20810CE.NFO,07/01/2020,11:55:59,6.35,6.15,700,6.45,1400,0,28000
LUPIN30Jan20810CE.NFO,07/01/2020,11:56:02,6.35,6.05,1400,6.4,700,0,28000
LUPIN30Jan20810CE.NFO,07/01/2020,11:56:08,6.35,6.05,1400,6.4,1400,0,28000
LUPIN30Jan20810CE.NFO,07/01/2020,11:56:11,6.35,6,1400,6.35,1400,0,28000
LUPIN30Jan20810CE.NFO,07/01/2020,11:56:12,6.35,6.05,2100,6.4,700,0,28000
LUPIN30Jan20810CE.NFO,07/01/2020,11:56:13,6.35,6.05,2100,6.4,1400,0,28000
LUPIN30Jan20810CE.NFO,07/01/2020,11:56:14,6.35,6,1400,6.4,2100,0,28000
LUPIN30Jan20810CE.NFO,07/01/2020,11:56:15,6.35,5.95,1400,6.25,700,0,28000
LUPIN30Jan20810CE.NFO,07/01/2020,11:56:17,6.35,6,1400,6.25,700,0,28000
LUPIN30Jan20810CE.NFO,07/01/2020,11:56:18,6.35,5.95,1400,6.25,700,0,28000
LUPIN30Jan20810CE.NFO,07/01/2020,11:56:20,6.35,6,1400,6.25,700,0,28000
LUPIN30Jan20810CE.NFO,07/01/2020,11:56:21,6.35,6.05,700,6.3,700,0,28000
LUPIN30Jan20810CE.NFO,07/01/2020,11:56:22,6.35,6.05,1400,6.3,700,0,28000
LUPIN30Jan20810CE.NFO,07/01/2020,11:56:23,6.35,6,1400,6.35,1400,0,28000
LUPIN30Jan20810CE.NFO,07/01/2020,11:56:25,6.35,6.1,700,6.35,1400,0,28000
LUPIN30Jan20810CE.NFO,07/01/2020,11:56:27,6.35,6.05,1400,6.35,1400,0,28000
LUPIN30Jan20810CE.NFO,07/01/2020,11:56:28,6.35,6,1400,6.35,1400,0,28000
LUPIN30Jan20810CE.NFO,07/01/2020,11:56:29,6.35,6,1400,6.35,2100,0,28000
LUPIN30Jan20810CE.NFO,07/01/2020,11:56:30,6.35,6,700,6.3,1400,0,28000
LUPIN30Jan20810CE.NFO,07/01/2020,11:56:31,6.35,6,1400,6.35,700,0,28000
LUPIN30Jan20810CE.NFO,07/01/2020,11:56:32,6.35,6,700,6.25,700,0,28000
LUPIN30Jan20810CE.NFO,07/01/2020,11:56:34,6.35,6,1400,6.25,700,0,28000
LUPIN30Jan20810CE.NFO,07/01/2020,11:56:35,6.35,6,700,6.25,700,0,28000
LUPIN30Jan20810CE.NFO,07/01/2020,11:56:37,6.35,6,1400,6.3,700,0,28000
LUPIN30Jan20810CE.NFO,07/01/2020,11:56:38,6.35,6.1,700,6.3,700,0,28000
LUPIN30Jan20810CE.NFO,07/01/2020,11:56:39,6.35,6.1,1400,6.35,700,0,28000
LUPIN30Jan20810CE.NFO,07/01/2020,11:56:41,6.35,6.1,700,6.35,700,0,28000
LUPIN30Jan20810CE.NFO,07/01/2020,11:56:42,6.35,6.05,1400,6.35,700,0,28000
LUPIN30Jan20810CE.NFO,07/01/2020,11:56:44,6.35,6.1,1400,6.35,700,0,28000
LUPIN30Jan20810CE.NFO,07/01/2020,11:56:47,6.35,6.1,1400,6.4,1400,0,28000
LUPIN30Jan20810CE.NFO,07/01/2020,11:56:54,6.35,6.15,700,6.4,1400,0,28000
LUPIN30Jan20810CE.NFO,07/01/2020,11:56:55,6.35,6.1,1400,6.4,1400,0,28000
LUPIN30Jan20810CE.NFO,07/01/2020,11:56:57,6.35,6.05,1400,6.3,700,0,28000
LUPIN30Jan20810CE.NFO,07/01/2020,11:57:00,6.35,6,1400,6.25,700,0,28000
LUPIN30Jan20810CE.NFO,07/01/2020,11:57:01,6.35,6.05,700,6.25,700,0,28000
LUPIN30Jan20810CE.NFO,07/01/2020,11:57:04,6.35,6.05,700,6.3,700,0,28000
LUPIN30Jan20810CE.NFO,07/01/2020,11:57:05,6.35,6.05,700,6.3,1400,0,28000
LUPIN30Jan20810CE.NFO,07/01/2020,11:57:06,6.35,6.05,700,6.3,700,0,28000
LUPIN30Jan20810CE.NFO,07/01/2020,11:57:07,6.35,6.05,700,6.35,700,0,28000
LUPIN30Jan20810CE.NFO,07/01/2020,11:57:08,6.35,6.05,1400,6.35,700,0,28000
LUPIN30Jan20810CE.NFO,07/01/2020,11:57:09,6.35,6.05,700,6.3,700,0,28000
LUPIN30Jan20810CE.NFO,07/01/2020,11:57:11,6.35,6.1,700,6.3,700,0,28000
LUPIN30Jan20810CE.NFO,07/01/2020,11:57:14,6.35,6.1,700,6.35,700,0,28000
LUPIN30Jan20810CE.NFO,07/01/2020,11:57:24,6.35,6.1,700,6.35,1400,0,28000
LUPIN30Jan20810CE.NFO,07/01/2020,11:57:32,6.35,6.1,700,6.35,700,0,28000
LUPIN30Jan20810CE.NFO,07/01/2020,11:57:36,6.35,6.1,700,6.35,1400,0,28000
LUPIN30Jan20810CE.NFO,07/01/2020,11:57:40,6.35,6.1,700,6.35,700,0,28000
LUPIN30Jan20810CE.NFO,07/01/2020,11:57:43,6.35,6.15,700,6.35,700,0,28000
LUPIN30Jan20810CE.NFO,07/01/2020,11:57:47,6.35,6.1,700,6.35,700,0,28000
LUPIN30Jan20810CE.NFO,07/01/2020,11:57:52,6.35,6.1,700,6.35,1400,0,28000
LUPIN30Jan20810CE.NFO,07/01/2020,11:57:56,6.35,6.1,700,6.35,2100,0,28000
LUPIN30Jan20810CE.NFO,07/01/2020,11:58:00,6.35,6.1,700,6.3,700,0,28000
LUPIN30Jan20810CE.NFO,07/01/2020,11:58:03,6.35,6.1,700,6.35,700,0,28000
LUPIN30Jan20810CE.NFO,07/01/2020,11:58:13,6.35,6.15,700,6.35,700,0,28000
LUPIN30Jan20810CE.NFO,07/01/2020,11:58:16,6.35,6.15,1400,6.35,1400,0,28000
LUPIN30Jan20810CE.NFO,07/01/2020,11:58:19,6.35,6.1,700,6.35,1400,0,28000
LUPIN30Jan20810CE.NFO,07/01/2020,11:58:22,6.35,6.05,1400,6.35,700,0,28000
LUPIN30Jan20810CE.NFO,07/01/2020,11:58:24,6.35,6.3,700,6.5,700,0,28000
LUPIN30Jan20810CE.NFO,07/01/2020,11:58:26,6.35,6.25,1400,6.5,700,0,28000
LUPIN30Jan20810CE.NFO,07/01/2020,11:58:29,6.35,6.25,700,6.45,700,0,28000
LUPIN30Jan20810CE.NFO,07/01/2020,11:58:32,6.35,6.25,1400,6.45,700,0,28000
LUPIN30Jan20810CE.NFO,07/01/2020,11:58:36,6.35,6.25,700,6.45,700,0,28000
LUPIN30Jan20810CE.NFO,07/01/2020,11:58:39,6.35,6.25,1400,6.45,700,0,28000
LUPIN30Jan20810CE.NFO,07/01/2020,11:58:42,6.35,6.25,1400,6.45,1400,0,28000
LUPIN30Jan20810CE.NFO,07/01/2020,11:58:44,6.35,6.25,700,6.45,1400,0,28000
LUPIN30Jan20810CE.NFO,07/01/2020,11:58:48,6.35,6.25,700,6.5,700,0,28000
LUPIN30Jan20810CE.NFO,07/01/2020,11:58:55,6.35,6.3,700,6.6,1400,0,28000
LUPIN30Jan20810CE.NFO,07/01/2020,11:58:58,6.35,6.3,700,6.6,2100,0,28000
LUPIN30Jan20810CE.NFO,07/01/2020,11:59:02,6.35,6.3,700,6.6,1400,0,28000
LUPIN30Jan20810CE.NFO,07/01/2020,11:59:05,6.35,6.25,700,6.55,1400,0,28000
LUPIN30Jan20810CE.NFO,07/01/2020,11:59:15,6.35,6.25,700,6.5,700,0,28000
LUPIN30Jan20810CE.NFO,07/01/2020,11:59:17,6.35,6.25,700,6.45,700,0,28000
LUPIN30Jan20810CE.NFO,07/01/2020,11:59:35,6.35,6.25,700,6.5,1400,0,28000
LUPIN30Jan20810CE.NFO,07/01/2020,11:59:39,6.35,6.25,700,6.5,700,0,28000
LUPIN30Jan20810CE.NFO,07/01/2020,11:59:47,6.35,6.2,700,6.5,2100,0,28000
LUPIN30Jan20810CE.NFO,07/01/2020,12:00:14,6.35,6.2,700,6.45,1400,0,28000
LUPIN30Jan20810CE.NFO,07/01/2020,12:00:19,6.35,6.2,700,6.4,700,0,28000
LUPIN30Jan20810CE.NFO,07/01/2020,12:00:22,6.35,6.15,700,6.35,700,0,28000
LUPIN30Jan20810CE.NFO,07/01/2020,12:00:25,6.35,6.15,700,6.4,1400,0,28000
LUPIN30Jan20810CE.NFO,07/01/2020,12:00:28,6.35,6.15,700,6.4,700,0,28000
LUPIN30Jan20810CE.NFO,07/01/2020,12:00:35,6.35,6.15,700,6.45,2100,0,28000
LUPIN30Jan20810CE.NFO,07/01/2020,12:00:42,6.35,6.15,2100,6.5,700,0,28000
LUPIN30Jan20810CE.NFO,07/01/2020,12:00:49,6.35,6.2,700,6.5,700,0,28000
LUPIN30Jan20810CE.NFO,07/01/2020,12:00:54,6.35,6.2,1400,6.5,700,0,28000
LUPIN30Jan20810CE.NFO,07/01/2020,12:01:01,6.35,6.2,2100,6.55,700,0,28000
LUPIN30Jan20810CE.NFO,07/01/2020,12:01:15,6.35,6.25,1400,6.55,1400,0,28000
LUPIN30Jan20810CE.NFO,07/01/2020,12:01:17,6.35,6.25,700,6.55,1400,0,28000
LUPIN30Jan20810CE.NFO,07/01/2020,12:01:28,6.35,6.15,2100,6.5,700,0,28000
LUPIN30Jan20810CE.NFO,07/01/2020,12:01:31,6.35,6.2,1400,6.55,700,0,28000
LUPIN30Jan20810CE.NFO,07/01/2020,12:01:40,6.35,6.2,2100,6.55,700,0,28000
LUPIN30Jan20810CE.NFO,07/01/2020,12:01:45,6.35,6.2,1400,6.55,700,0,28000
LUPIN30Jan20810CE.NFO,07/01/2020,12:01:47,6.35,6.25,700,6.55,700,0,28000
LUPIN30Jan20810CE.NFO,07/01/2020,12:01:51,6.35,6.2,1400,6.55,700,0,28000
LUPIN30Jan20810CE.NFO,07/01/2020,12:01:53,6.35,6.25,2100,6.6,700,0,28000
LUPIN30Jan20810CE.NFO,07/01/2020,12:02:03,6.35,6.25,1400,6.6,700,0,28000
LUPIN30Jan20810CE.NFO,07/01/2020,12:02:06,6.35,6.25,2100,6.6,700,0,28000
LUPIN30Jan20810CE.NFO,07/01/2020,12:02:13,6.35,6.25,1400,6.6,700,0,28000
LUPIN30Jan20810CE.NFO,07/01/2020,12:02:25,6.35,6.3,700,6.65,700,0,28000
LUPIN30Jan20810CE.NFO,07/01/2020,12:02:29,6.35,6.25,1400,6.65,700,0,28000
LUPIN30Jan20810CE.NFO,07/01/2020,12:02:32,6.35,6.35,700,6.65,700,0,28000
LUPIN30Jan20810CE.NFO,07/01/2020,12:02:38,6.35,6.45,700,6.7,700,0,28000
LUPIN30Jan20810CE.NFO,07/01/2020,12:02:45,6.35,6.4,700,6.7,700,0,28000
LUPIN30Jan20810CE.NFO,07/01/2020,12:02:51,6.35,6.35,1400,6.7,700,0,28000
LUPIN30Jan20810CE.NFO,07/01/2020,12:02:55,6.35,6.35,1400,6.65,700,0,28000
LUPIN30Jan20810CE.NFO,07/01/2020,12:02:59,6.35,6.3,700,6.65,1400,0,28000
LUPIN30Jan20810CE.NFO,07/01/2020,12:03:15,6.35,6.3,1400,6.65,1400,0,28000
LUPIN30Jan20810CE.NFO,07/01/2020,12:03:25,6.35,6.3,700,6.65,1400,0,28000
LUPIN30Jan20810CE.NFO,07/01/2020,12:03:30,6.35,6.3,1400,6.65,1400,0,28000
LUPIN30Jan20810CE.NFO,07/01/2020,12:03:34,6.35,6.2,2100,6.55,700,0,28000
LUPIN30Jan20810CE.NFO,07/01/2020,12:03:37,6.35,6.25,700,6.6,1400,0,28000
LUPIN30Jan20810CE.NFO,07/01/2020,12:03:41,6.35,6.2,2100,6.55,700,0,28000
LUPIN30Jan20810CE.NFO,07/01/2020,12:03:45,6.35,6.2,700,6.55,700,0,28000
LUPIN30Jan20810CE.NFO,07/01/2020,12:04:03,6.35,6.2,700,6.5,700,0,28000
LUPIN30Jan20810CE.NFO,07/01/2020,12:04:08,6.35,6.2,700,6.45,700,0,28000
LUPIN30Jan20810CE.NFO,07/01/2020,12:04:13,6.35,6.2,700,6.5,1400,0,28000
LUPIN30Jan20810CE.NFO,07/01/2020,12:04:15,6.35,6.15,700,6.45,700,0,28000
LUPIN30Jan20810CE.NFO,07/01/2020,12:04:26,6.35,6.15,700,6.45,1400,0,28000
LUPIN30Jan20810CE.NFO,07/01/2020,12:04:32,6.35,6.15,700,6.4,700,0,28000
LUPIN30Jan20810CE.NFO,07/01/2020,12:04:34,6.35,6.15,700,6.45,700,0,28000
LUPIN30Jan20810CE.NFO,07/01/2020,12:04:41,6.35,6.15,700,6.45,1400,0,28000
LUPIN30Jan20810CE.NFO,07/01/2020,12:04:48,6.35,6.15,700,6.4,700,0,28000
LUPIN30Jan20810CE.NFO,07/01/2020,12:04:50,6.35,6.15,700,6.45,700,0,28000
LUPIN30Jan20810CE.NFO,07/01/2020,12:05:02,6.35,6.2,700,6.5,700,0,28000
LUPIN30Jan20810CE.NFO,07/01/2020,12:05:10,6.35,6.2,700,6.5,1400,0,28000
LUPIN30Jan20810CE.NFO,07/01/2020,12:05:23,6.35,6.2,700,6.5,700,0,28000
LUPIN30Jan20810CE.NFO,07/01/2020,12:05:29,6.35,6.2,1400,6.5,700,0,28000
LUPIN30Jan20810CE.NFO,07/01/2020,12:05:33,6.35,6.2,700,6.5,700,0,28000
LUPIN30Jan20810CE.NFO,07/01/2020,12:05:57,6.35,6.15,700,6.45,700,0,28000
LUPIN30Jan20810CE.NFO,07/01/2020,12:06:00,6.35,6.1,700,6.35,700,0,28000
LUPIN30Jan20810CE.NFO,07/01/2020,12:06:11,6.35,6.1,700,6.4,1400,0,28000
LUPIN30Jan20810CE.NFO,07/01/2020,12:06:14,6.35,6.1,700,6.35,700,0,28000
LUPIN30Jan20810CE.NFO,07/01/2020,12:06:17,6.35,6.15,700,6.5,1400,0,28000
LUPIN30Jan20810CE.NFO,07/01/2020,12:06:21,6.35,6.15,700,6.5,700,0,28000
LUPIN30Jan20810CE.NFO,07/01/2020,12:06:26,6.35,6.15,700,6.5,1400,0,28000
LUPIN30Jan20810CE.NFO,07/01/2020,12:06:28,6.35,6.15,1400,6.5,1400,0,28000
LUPIN30Jan20810CE.NFO,07/01/2020,12:06:50,6.35,6.15,1400,6.5,2100,0,28000
LUPIN30Jan20810CE.NFO,07/01/2020,12:06:59,6.35,6.15,1400,6.5,1400,0,28000
LUPIN30Jan20810CE.NFO,07/01/2020,12:07:16,6.35,6.15,1400,6.5,2100,0,28000
LUPIN30Jan20810CE.NFO,07/01/2020,12:07:21,6.35,6.15,1400,6.45,700,0,28000
LUPIN30Jan20810CE.NFO,07/01/2020,12:07:29,6.35,6.15,1400,6.5,700,0,28000
LUPIN30Jan20810CE.NFO,07/01/2020,12:07:40,6.35,6.15,1400,6.5,1400,0,28000
LUPIN30Jan20810CE.NFO,07/01/2020,12:07:43,6.35,6.15,1400,6.5,2100,0,28000
LUPIN30Jan20810CE.NFO,07/01/2020,12:07:54,6.35,6.15,1400,6.5,1400,0,28000
LUPIN30Jan20810CE.NFO,07/01/2020,12:07:56,6.35,6.15,1400,6.5,2100,0,28000
LUPIN30Jan20810CE.NFO,07/01/2020,12:08:05,6.35,6.3,1400,6.65,1400,0,28000
LUPIN30Jan20810CE.NFO,07/01/2020,12:08:11,6.35,6.35,2100,6.65,700,0,28000
LUPIN30Jan20810CE.NFO,07/01/2020,12:08:16,6.35,6.45,700,6.7,700,0,28000
LUPIN30Jan20810CE.NFO,07/01/2020,12:08:23,6.35,6.4,1400,6.75,1400,0,28000
LUPIN30Jan20810CE.NFO,07/01/2020,12:08:29,6.35,6.45,700,6.75,1400,0,28000
LUPIN30Jan20810CE.NFO,07/01/2020,12:08:42,6.35,6.4,700,6.75,2100,0,28000
LUPIN30Jan20810CE.NFO,07/01/2020,12:08:50,6.35,6.45,700,6.75,1400,0,28000
LUPIN30Jan20810CE.NFO,07/01/2020,12:08:55,6.35,6.4,700,6.75,1400,0,28000
LUPIN30Jan20810CE.NFO,07/01/2020,12:08:59,6.35,6.45,700,6.75,1400,0,28000
LUPIN30Jan20810CE.NFO,07/01/2020,12:09:05,6.35,6.45,700,6.75,700,0,28000
LUPIN30Jan20810CE.NFO,07/01/2020,12:09:15,6.35,6.45,700,6.75,1400,0,28000
LUPIN30Jan20810CE.NFO,07/01/2020,12:09:18,6.35,6.4,700,6.75,1400,0,28000
LUPIN30Jan20810CE.NFO,07/01/2020,12:09:26,6.35,6.35,1400,6.75,1400,0,28000
LUPIN30Jan20810CE.NFO,07/01/2020,12:09:29,6.35,6.35,1400,6.7,1400,0,28000
LUPIN30Jan20810CE.NFO,07/01/2020,12:09:32,6.35,6.35,700,6.7,1400,0,28000
LUPIN30Jan20810CE.NFO,07/01/2020,12:09:35,6.35,6.3,1400,6.7,1400,0,28000
LUPIN30Jan20810CE.NFO,07/01/2020,12:09:36,6.35,6.35,700,6.65,700,0,28000
LUPIN30Jan20810CE.NFO,07/01/2020,12:09:38,6.35,6.3,1400,6.6,700,0,28000
LUPIN30Jan20810CE.NFO,07/01/2020,12:09:42,6.35,6.35,2100,6.7,700,0,28000
LUPIN30Jan20810CE.NFO,07/01/2020,12:09:49,6.35,6.35,2100,6.7,1400,0,28000
LUPIN30Jan20810CE.NFO,07/01/2020,12:09:55,6.35,6.35,1400,6.7,1400,0,28000
LUPIN30Jan20810CE.NFO,07/01/2020,12:10:09,6.35,6.3,1400,6.7,2100,0,28000
LUPIN30Jan20810CE.NFO,07/01/2020,12:10:16,6.35,6.35,700,6.7,2100,0,28000
LUPIN30Jan20810CE.NFO,07/01/2020,12:10:20,6.35,6.3,1400,6.7,2100,0,28000
LUPIN30Jan20810CE.NFO,07/01/2020,12:10:23,6.35,6.35,700,6.7,2100,0,28000
LUPIN30Jan20810CE.NFO,07/01/2020,12:10:28,6.35,6.4,1400,6.75,700,0,28000
LUPIN30Jan20810CE.NFO,07/01/2020,12:10:31,6.35,6.4,1400,6.7,1400,0,28000
LUPIN30Jan20810CE.NFO,07/01/2020,12:10:35,6.35,6.4,700,6.7,1400,0,28000
LUPIN30Jan20810CE.NFO,07/01/2020,12:11:00,6.35,6.4,700,6.7,700,0,28000
LUPIN30Jan20810CE.NFO,07/01/2020,12:11:02,6.35,6.4,700,6.75,700,0,28000
LUPIN30Jan20810CE.NFO,07/01/2020,12:11:07,6.35,6.4,1400,6.75,700,0,28000
LUPIN30Jan20810CE.NFO,07/01/2020,12:11:10,6.35,6.5,1400,6.85,1400,0,28000
LUPIN30Jan20810CE.NFO,07/01/2020,12:11:15,6.35,6.45,1400,6.85,1400,0,28000
LUPIN30Jan20810CE.NFO,07/01/2020,12:11:19,6.35,6.5,1400,6.85,1400,0,28000
LUPIN30Jan20810CE.NFO,07/01/2020,12:11:23,6.35,6.45,1400,6.85,2100,0,28000
LUPIN30Jan20810CE.NFO,07/01/2020,12:11:27,6.35,6.45,1400,6.85,700,0,28000
LUPIN30Jan20810CE.NFO,07/01/2020,12:11:30,6.35,6.45,1400,6.8,1400,0,28000
LUPIN30Jan20810CE.NFO,07/01/2020,12:11:37,6.35,6.45,700,6.8,1400,0,28000
LUPIN30Jan20810CE.NFO,07/01/2020,12:11:39,6.35,6.4,700,6.8,1400,0,28000
LUPIN30Jan20810CE.NFO,07/01/2020,12:11:42,6.35,6.4,1400,6.8,1400,0,28000
LUPIN30Jan20810CE.NFO,07/01/2020,12:11:44,6.35,6.45,700,6.8,2100,0,28000
LUPIN30Jan20810CE.NFO,07/01/2020,12:11:57,6.35,6.45,700,6.75,700,0,28000
LUPIN30Jan20810CE.NFO,07/01/2020,12:12:12,6.35,6.45,700,6.75,1400,0,28000
LUPIN30Jan20810CE.NFO,07/01/2020,12:12:17,6.35,6.45,700,6.75,700,0,28000
LUPIN30Jan20810CE.NFO,07/01/2020,12:12:20,6.35,6.45,1400,6.75,700,0,28000
LUPIN30Jan20810CE.NFO,07/01/2020,12:12:22,6.35,6.4,1400,6.75,700,0,28000
LUPIN30Jan20810CE.NFO,07/01/2020,12:12:25,6.35,6.45,700,6.75,700,0,28000
LUPIN30Jan20810CE.NFO,07/01/2020,12:12:28,6.35,6.4,1400,6.75,700,0,28000
LUPIN30Jan20810CE.NFO,07/01/2020,12:12:30,6.35,6.45,1400,6.75,700,0,28000
LUPIN30Jan20810CE.NFO,07/01/2020,12:12:33,6.35,6.45,1400,6.8,700,0,28000
LUPIN30Jan20810CE.NFO,07/01/2020,12:12:39,6.35,6.4,1400,6.8,1400,0,28000
LUPIN30Jan20810CE.NFO,07/01/2020,12:12:44,6.35,6.4,1400,6.75,700,0,28000
LUPIN30Jan20810CE.NFO,07/01/2020,12:13:10,6.35,6.4,700,6.8,700,0,28000
LUPIN30Jan20810CE.NFO,07/01/2020,12:13:18,6.35,6.4,1400,6.75,700,0,28000
LUPIN30Jan20810CE.NFO,07/01/2020,12:13:36,6.35,6.4,700,6.75,700,0,28000
LUPIN30Jan20810CE.NFO,07/01/2020,12:13:40,6.35,6.4,1400,6.75,700,0,28000
LUPIN30Jan20810CE.NFO,07/01/2020,12:13:53,6.35,6.4,700,6.75,700,0,28000
LUPIN30Jan20810CE.NFO,07/01/2020,12:13:57,6.35,6.4,1400,6.7,700,0,28000
LUPIN30Jan20810CE.NFO,07/01/2020,12:14:00,6.35,6.3,1400,6.65,700,0,28000
LUPIN30Jan20810CE.NFO,07/01/2020,12:14:06,6.35,6.3,1400,6.65,1400,0,28000
LUPIN30Jan20810CE.NFO,07/01/2020,12:14:44,6.35,6.3,1400,6.65,700,0,28000
LUPIN30Jan20810CE.NFO,07/01/2020,12:14:58,6.35,6.3,700,6.65,700,0,28000
LUPIN30Jan20810CE.NFO,07/01/2020,12:15:02,6.35,6.3,700,6.6,700,0,28000
LUPIN30Jan20810CE.NFO,07/01/2020,12:15:05,6.35,6.3,1400,6.6,700,0,28000
LUPIN30Jan20810CE.NFO,07/01/2020,12:15:08,6.35,6.3,700,6.55,700,0,28000
LUPIN30Jan20810CE.NFO,07/01/2020,12:15:11,6.35,6.25,2100,6.6,700,0,28000
LUPIN30Jan20810CE.NFO,07/01/2020,12:15:15,6.35,6.25,2100,6.55,700,0,28000
LUPIN30Jan20810CE.NFO,07/01/2020,12:15:19,6.35,6.25,2100,6.55,1400,0,28000
LUPIN30Jan20810CE.NFO,07/01/2020,12:15:24,6.35,6.5,700,6.75,700,0,28000
LUPIN30Jan20810CE.NFO,07/01/2020,12:15:31,6.35,6.5,1400,6.75,700,0,28000
LUPIN30Jan20810CE.NFO,07/01/2020,12:15:53,6.35,6.5,700,6.75,700,0,28000
LUPIN30Jan20810CE.NFO,07/01/2020,12:16:07,6.35,6.55,1400,6.9,700,0,28000
LUPIN30Jan20810CE.NFO,07/01/2020,12:16:10,6.35,6.65,700,6.9,700,0,28000
LUPIN30Jan20810CE.NFO,07/01/2020,12:16:14,6.35,6.65,1400,6.95,1400,0,28000
LUPIN30Jan20810CE.NFO,07/01/2020,12:16:17,6.35,6.65,700,6.95,1400,0,28000
LUPIN30Jan20810CE.NFO,07/01/2020,12:16:21,6.35,6.6,1400,6.95,1400,0,28000
LUPIN30Jan20810CE.NFO,07/01/2020,12:16:26,6.35,6.65,700,6.95,700,0,28000
LUPIN30Jan20810CE.NFO,07/01/2020,12:16:29,6.35,6.6,1400,6.95,1400,0,28000
LUPIN30Jan20810CE.NFO,07/01/2020,12:16:31,6.35,6.65,700,6.95,1400,0,28000
LUPIN30Jan20810CE.NFO,07/01/2020,12:16:34,6.35,6.6,1400,6.95,1400,0,28000
LUPIN30Jan20810CE.NFO,07/01/2020,12:16:36,6.35,6.65,700,6.95,1400,0,28000
LUPIN30Jan20810CE.NFO,07/01/2020,12:16:41,6.35,6.6,1400,6.95,1400,0,28000
LUPIN30Jan20810CE.NFO,07/01/2020,12:16:54,6.35,6.6,700,6.95,1400,0,28000
LUPIN30Jan20810CE.NFO,07/01/2020,12:16:58,6.35,6.6,700,6.95,2100,0,28000
LUPIN30Jan20810CE.NFO,07/01/2020,12:17:17,6.35,6.6,700,6.85,1400,0,28000
LUPIN30Jan20810CE.NFO,07/01/2020,12:17:20,6.35,6.6,700,6.9,700,0,28000
LUPIN30Jan20810CE.NFO,07/01/2020,12:17:28,6.35,6.6,700,6.9,1400,0,28000
LUPIN30Jan20810CE.NFO,07/01/2020,12:17:31,6.35,6.5,1400,6.85,700,0,28000
LUPIN30Jan20810CE.NFO,07/01/2020,12:17:33,6.35,6.45,1400,6.8,700,0,28000
LUPIN30Jan20810CE.NFO,07/01/2020,12:18:00,6.35,6.45,1400,6.8,1400,0,28000
LUPIN30Jan20810CE.NFO,07/01/2020,12:18:09,6.35,6.4,1400,6.8,2100,0,28000
LUPIN30Jan20810CE.NFO,07/01/2020,12:18:12,6.35,6.5,1400,6.8,1400,0,28000
LUPIN30Jan20810CE.NFO,07/01/2020,12:18:15,6.35,6.5,2100,6.85,700,0,28000
LUPIN30Jan20810CE.NFO,07/01/2020,12:18:18,6.35,6.5,700,6.75,700,0,28000
LUPIN30Jan20810CE.NFO,07/01/2020,12:18:21,6.35,6.5,1400,6.8,700,0,28000
LUPIN30Jan20810CE.NFO,07/01/2020,12:18:25,6.35,6.5,2100,6.8,700,0,28000
LUPIN30Jan20810CE.NFO,07/01/2020,12:18:28,6.35,6.5,1400,6.85,700,0,28000
LUPIN30Jan20810CE.NFO,07/01/2020,12:18:31,6.35,6.45,1400,6.8,1400,0,28000
LUPIN30Jan20810CE.NFO,07/01/2020,12:18:34,6.35,6.5,700,6.8,1400,0,28000
LUPIN30Jan20810CE.NFO,07/01/2020,12:18:37,6.35,6.45,1400,6.8,1400,0,28000
LUPIN30Jan20810CE.NFO,07/01/2020,12:18:40,6.35,6.5,1400,6.8,1400,0,28000
LUPIN30Jan20810CE.NFO,07/01/2020,12:18:42,6.35,6.5,1400,6.8,700,0,28000
LUPIN30Jan20810CE.NFO,07/01/2020,12:18:45,6.35,6.45,1400,6.8,700,0,28000
LUPIN30Jan20810CE.NFO,07/01/2020,12:18:49,6.35,6.5,1400,6.8,700,0,28000
LUPIN30Jan20810CE.NFO,07/01/2020,12:18:51,6.35,6.45,1400,6.8,700,0,28000
LUPIN30Jan20810CE.NFO,07/01/2020,12:18:54,6.35,6.5,700,6.8,700,0,28000
LUPIN30Jan20810CE.NFO,07/01/2020,12:18:56,6.35,6.5,1400,6.8,700,0,28000
LUPIN30Jan20810CE.NFO,07/01/2020,12:18:59,6.35,6.5,700,6.8,700,0,28000
LUPIN30Jan20810CE.NFO,07/01/2020,12:19:11,6.35,6.65,700,6.9,700,0,28000
LUPIN30Jan20810CE.NFO,07/01/2020,12:19:22,6.35,6.65,700,6.9,1400,0,28000
LUPIN30Jan20810CE.NFO,07/01/2020,12:19:26,6.35,6.65,700,6.85,700,0,28000
LUPIN30Jan20810CE.NFO,07/01/2020,12:19:31,6.35,6.65,700,6.9,700,0,28000
LUPIN30Jan20810CE.NFO,07/01/2020,12:20:33,6.35,6.65,1400,6.95,700,0,28000
LUPIN30Jan20810CE.NFO,07/01/2020,12:20:38,6.35,6.65,700,6.95,700,0,28000
LUPIN30Jan20810CE.NFO,07/01/2020,12:20:44,6.35,6.65,700,6.95,1400,0,28000
LUPIN30Jan20810CE.NFO,07/01/2020,12:20:54,6.35,6.6,1400,6.9,700,0,28000
LUPIN30Jan20810CE.NFO,07/01/2020,12:20:59,6.35,6.6,1400,6.95,700,0,28000
LUPIN30Jan20810CE.NFO,07/01/2020,12:21:03,6.35,6.6,2800,6.95,700,0,28000
LUPIN30Jan20810CE.NFO,07/01/2020,12:21:07,6.35,6.6,1400,6.95,1400,0,28000
LUPIN30Jan20810CE.NFO,07/01/2020,12:21:32,6.35,6.6,1400,6.95,2100,0,28000
LUPIN30Jan20810CE.NFO,07/01/2020,12:21:40,6.35,6.6,700,6.95,2100,0,28000
LUPIN30Jan20810CE.NFO,07/01/2020,12:21:46,6.35,6.6,1400,6.95,700,0,28000
LUPIN30Jan20810CE.NFO,07/01/2020,12:21:50,6.35,6.6,2100,6.95,700,0,28000
LUPIN30Jan20810CE.NFO,07/01/2020,12:22:07,6.35,6.6,1400,6.9,700,0,28000
LUPIN30Jan20810CE.NFO,07/01/2020,12:22:10,6.35,6.6,1400,6.95,700,0,28000
LUPIN30Jan20810CE.NFO,07/01/2020,12:22:14,6.35,6.6,1400,6.95,1400,0,28000
LUPIN30Jan20810CE.NFO,07/01/2020,12:22:18,6.35,6.6,1400,6.95,700,0,28000
LUPIN30Jan20810CE.NFO,07/01/2020,12:22:24,6.35,6.6,2100,6.95,700,0,28000
LUPIN30Jan20810CE.NFO,07/01/2020,12:22:38,6.35,6.65,1400,6.95,700,0,28000
LUPIN30Jan20810CE.NFO,07/01/2020,12:22:42,6.35,6.65,700,6.95,700,0,28000
LUPIN30Jan20810CE.NFO,07/01/2020,12:22:45,6.35,6.6,1400,6.95,700,0,28000
LUPIN30Jan20810CE.NFO,07/01/2020,12:23:01,6.35,6.6,1400,6.95,1400,0,28000
LUPIN30Jan20810CE.NFO,07/01/2020,12:23:05,6.35,6.7,700,7.1,1400,0,28000
LUPIN30Jan20810CE.NFO,07/01/2020,12:23:09,6.35,6.65,1400,7.1,1400,0,28000
LUPIN30Jan20810CE.NFO,07/01/2020,12:23:19,6.35,6.7,1400,7.1,700,0,28000
LUPIN30Jan20810CE.NFO,07/01/2020,12:23:24,6.35,6.7,2100,7.1,700,0,28000
LUPIN30Jan20810CE.NFO,07/01/2020,12:23:31,6.35,6.7,1400,7.1,700,0,28000
LUPIN30Jan20810CE.NFO,07/01/2020,12:23:34,6.35,6.7,700,7.1,2100,0,28000
LUPIN30Jan20810CE.NFO,07/01/2020,12:23:48,6.35,6.65,700,7.1,2100,0,28000
LUPIN30Jan20810CE.NFO,07/01/2020,12:23:50,6.35,6.65,1400,7.1,2100,0,28000
LUPIN30Jan20810CE.NFO,07/01/2020,12:24:03,6.35,6.65,700,7,700,0,28000
LUPIN30Jan20810CE.NFO,07/01/2020,12:24:06,6.35,6.75,700,7.05,700,0,28000
LUPIN30Jan20810CE.NFO,07/01/2020,12:24:08,6.35,6.75,700,7.1,700,0,28000
LUPIN30Jan20810CE.NFO,07/01/2020,12:24:17,6.35,6.8,2100,7.15,700,0,28000
LUPIN30Jan20810CE.NFO,07/01/2020,12:24:22,6.35,6.8,1400,7.15,700,0,28000
LUPIN30Jan20810CE.NFO,07/01/2020,12:24:26,6.35,6.8,700,7.15,700,0,28000
LUPIN30Jan20810CE.NFO,07/01/2020,12:24:36,6.35,6.75,700,7.1,700,0,28000
LUPIN30Jan20810CE.NFO,07/01/2020,12:24:47,6.35,6.75,700,7.1,1400,0,28000
LUPIN30Jan20810CE.NFO,07/01/2020,12:24:50,6.35,6.65,700,6.95,700,0,28000
LUPIN30Jan20810CE.NFO,07/01/2020,12:24:53,6.35,6.65,700,7,700,0,28000
