Ticker,Date,Time,LTP,BuyPrice,BuyQty,SellPrice,SellQty,LTQ,OpenInterest
LUPIN30Jan20790CE.NFO,07/01/2020,09:16:10,13.85,12.45,1400,13.9,1400,1400,107100
LUPIN30Jan20790CE.NFO,07/01/2020,09:16:10,13.5,12.45,1400,13.9,1400,0,107100
LUPIN30Jan20790CE.NFO,07/01/2020,09:16:10,13.85,12.45,1400,13.9,1400,0,107100
LUPIN30Jan20790CE.NFO,07/01/2020,09:16:10,13.5,12.45,1400,13.9,1400,0,107100
LUPIN30Jan20790CE.NFO,07/01/2020,09:16:21,13.3,12.1,3500,13.3,700,700,107100
LUPIN30Jan20790CE.NFO,07/01/2020,09:16:21,13.3,12.1,3500,13.3,700,0,107100
LUPIN30Jan20790CE.NFO,07/01/2020,09:16:32,13.15,12.85,1400,13.3,700,1400,107100
LUPIN30Jan20790CE.NFO,07/01/2020,09:16:32,13.15,12.85,1400,13.3,700,0,107100
LUPIN30Jan20790CE.NFO,07/01/2020,09:16:43,13.3,13.15,1400,14.1,700,700,107100
LUPIN30Jan20790CE.NFO,07/01/2020,09:16:54,14.1,13.85,1400,14.5,2100,1400,107100
LUPIN30Jan20790CE.NFO,07/01/2020,09:16:54,14.1,13.85,1400,14.5,2100,0,107100
LUPIN30Jan20790CE.NFO,07/01/2020,09:17:04,14.1,13.7,1400,14.15,700,0,107100
LUPIN30Jan20790CE.NFO,07/01/2020,09:17:14,14.1,14.15,1400,14.75,700,0,107100
LUPIN30Jan20790CE.NFO,07/01/2020,09:17:23,14.1,14.25,1400,14.75,700,0,107100
LUPIN30Jan20790CE.NFO,07/01/2020,09:17:33,14.1,14.25,2100,14.75,700,0,107100
LUPIN30Jan20790CE.NFO,07/01/2020,09:17:42,14.1,13.85,2100,14.4,700,0,107100
LUPIN30Jan20790CE.NFO,07/01/2020,09:17:52,14.1,13.85,2100,14.45,700,0,107100
LUPIN30Jan20790CE.NFO,07/01/2020,09:18:01,14.25,13.95,1400,14.45,700,700,108500
LUPIN30Jan20790CE.NFO,07/01/2020,09:18:01,14.25,13.95,1400,14.45,700,0,108500
LUPIN30Jan20790CE.NFO,07/01/2020,09:18:10,14.25,14,700,14.6,700,0,108500
LUPIN30Jan20790CE.NFO,07/01/2020,09:18:18,14.2,14,700,14.55,700,700,108500
LUPIN30Jan20790CE.NFO,07/01/2020,09:18:26,14.2,14,700,14.45,700,0,108500
LUPIN30Jan20790CE.NFO,07/01/2020,09:18:33,14.2,14.05,700,14.45,700,0,108500
LUPIN30Jan20790CE.NFO,07/01/2020,09:18:40,14.2,14,700,14.3,700,0,108500
LUPIN30Jan20790CE.NFO,07/01/2020,09:18:48,14,13.65,700,14,700,700,108500
LUPIN30Jan20790CE.NFO,07/01/2020,09:18:55,14,13.55,700,14,700,0,108500
LUPIN30Jan20790CE.NFO,07/01/2020,09:19:03,14,13.65,1400,14.15,700,0,108500
LUPIN30Jan20790CE.NFO,07/01/2020,09:19:09,14,13.4,700,13.85,700,0,108500
LUPIN30Jan20790CE.NFO,07/01/2020,09:19:12,14,13.55,700,14.05,700,0,108500
LUPIN30Jan20790CE.NFO,07/01/2020,09:19:13,14,13.55,700,14.1,700,0,108500
LUPIN30Jan20790CE.NFO,07/01/2020,09:19:14,14,13.55,700,14,700,0,108500
LUPIN30Jan20790CE.NFO,07/01/2020,09:19:16,14,13.6,1400,14.15,1400,700,108500
LUPIN30Jan20790CE.NFO,07/01/2020,09:19:17,14,13.6,1400,14.05,700,0,108500
LUPIN30Jan20790CE.NFO,07/01/2020,09:19:18,14,13.55,700,14.05,700,0,108500
LUPIN30Jan20790CE.NFO,07/01/2020,09:19:18,14,13.6,700,14.05,700,0,108500
LUPIN30Jan20790CE.NFO,07/01/2020,09:19:19,14,13.65,700,14.05,700,0,108500
LUPIN30Jan20790CE.NFO,07/01/2020,09:19:24,14,13.75,700,14.05,700,0,108500
LUPIN30Jan20790CE.NFO,07/01/2020,09:19:25,14,13.65,700,14.05,700,0,108500
LUPIN30Jan20790CE.NFO,07/01/2020,09:19:28,14,13.75,700,14.05,700,0,108500
LUPIN30Jan20790CE.NFO,07/01/2020,09:19:29,14,13.6,700,14.1,700,700,108500
LUPIN30Jan20790CE.NFO,07/01/2020,09:19:30,14,13.65,700,14.15,1400,0,108500
LUPIN30Jan20790CE.NFO,07/01/2020,09:19:31,14,13.65,700,14.2,2100,0,108500
LUPIN30Jan20790CE.NFO,07/01/2020,09:19:33,14,13.7,700,14.15,700,0,108500
LUPIN30Jan20790CE.NFO,07/01/2020,09:19:33,14,13.7,700,14.1,700,0,108500
LUPIN30Jan20790CE.NFO,07/01/2020,09:19:35,14,13.6,700,14.1,700,0,108500
LUPIN30Jan20790CE.NFO,07/01/2020,09:19:38,14,13.6,1400,14.1,700,0,108500
LUPIN30Jan20790CE.NFO,07/01/2020,09:19:41,14,13.65,700,14.1,700,0,108500
LUPIN30Jan20790CE.NFO,07/01/2020,09:19:42,14,13.75,700,14.05,700,0,108500
LUPIN30Jan20790CE.NFO,07/01/2020,09:19:42,14,13.8,700,14.25,700,0,108500
LUPIN30Jan20790CE.NFO,07/01/2020,09:19:45,14.1,14.1,700,14.65,1400,1400,108500
LUPIN30Jan20790CE.NFO,07/01/2020,09:19:46,14.1,14,700,14.65,700,0,108500
LUPIN30Jan20790CE.NFO,07/01/2020,09:19:49,14.1,13.95,700,14.6,700,0,108500
LUPIN30Jan20790CE.NFO,07/01/2020,09:19:52,14.1,13.95,700,14.5,700,0,108500
LUPIN30Jan20790CE.NFO,07/01/2020,09:19:53,14.1,13.95,1400,14.5,1400,0,108500
LUPIN30Jan20790CE.NFO,07/01/2020,09:19:54,14.1,13.8,1400,14.5,2100,0,108500
LUPIN30Jan20790CE.NFO,07/01/2020,09:19:58,14.1,13.8,2100,14.5,2100,0,108500
LUPIN30Jan20790CE.NFO,07/01/2020,09:19:59,14.1,13.8,2100,14.5,700,0,108500
LUPIN30Jan20790CE.NFO,07/01/2020,09:20:01,14.1,13.8,2100,14.6,1400,0,108500
LUPIN30Jan20790CE.NFO,07/01/2020,09:20:03,14.1,13.8,2100,14.55,700,0,108500
LUPIN30Jan20790CE.NFO,07/01/2020,09:20:05,14.1,14,700,14.6,700,0,108500
LUPIN30Jan20790CE.NFO,07/01/2020,09:20:06,14.1,14.05,700,14.5,700,0,108500
LUPIN30Jan20790CE.NFO,07/01/2020,09:20:07,14.1,14,700,14.5,700,0,108500
LUPIN30Jan20790CE.NFO,07/01/2020,09:20:08,14.1,13.9,1400,14.45,700,0,108500
LUPIN30Jan20790CE.NFO,07/01/2020,09:20:09,14.1,13.9,1400,14.55,1400,0,108500
LUPIN30Jan20790CE.NFO,07/01/2020,09:20:11,14.1,13.9,1400,14.6,2100,0,108500
LUPIN30Jan20790CE.NFO,07/01/2020,09:20:12,14.1,13.9,1400,14.6,2800,0,108500
LUPIN30Jan20790CE.NFO,07/01/2020,09:20:17,14.1,14,700,14.6,2800,0,108500
LUPIN30Jan20790CE.NFO,07/01/2020,09:20:23,14.1,14.2,1400,14.8,1400,0,108500
LUPIN30Jan20790CE.NFO,07/01/2020,09:20:29,14.1,14.2,1400,14.95,700,0,108500
LUPIN30Jan20790CE.NFO,07/01/2020,09:20:36,14.1,14.2,1400,14.9,1400,0,108500
LUPIN30Jan20790CE.NFO,07/01/2020,09:20:42,14.1,14.2,1400,14.85,1400,0,108500
LUPIN30Jan20790CE.NFO,07/01/2020,09:20:48,14.1,14.2,1400,14.85,700,0,108500
LUPIN30Jan20790CE.NFO,07/01/2020,09:20:55,14.1,14.3,1400,14.85,1400,0,108500
LUPIN30Jan20790CE.NFO,07/01/2020,09:21:01,14.1,14.2,1400,14.7,700,0,108500
LUPIN30Jan20790CE.NFO,07/01/2020,09:21:08,14.1,14.2,2100,14.8,2800,0,108500
LUPIN30Jan20790CE.NFO,07/01/2020,09:21:16,14.1,14.2,2100,14.8,700,0,108500
LUPIN30Jan20790CE.NFO,07/01/2020,09:21:24,14.1,14.2,1400,14.7,700,0,108500
LUPIN30Jan20790CE.NFO,07/01/2020,09:21:30,14.1,14.2,1400,14.75,700,0,108500
LUPIN30Jan20790CE.NFO,07/01/2020,09:21:43,14.1,14.15,1400,14.75,1400,0,108500
LUPIN30Jan20790CE.NFO,07/01/2020,09:21:50,14.5,14.3,1400,14.7,700,700,111300
LUPIN30Jan20790CE.NFO,07/01/2020,09:21:50,14.5,14.3,1400,14.7,700,0,111300
LUPIN30Jan20790CE.NFO,07/01/2020,09:21:57,14.5,14.3,1400,14.8,2100,0,111300
LUPIN30Jan20790CE.NFO,07/01/2020,09:22:03,14.5,14.15,700,14.75,2800,0,111300
LUPIN30Jan20790CE.NFO,07/01/2020,09:22:10,14.5,14.25,1400,14.75,2800,0,111300
LUPIN30Jan20790CE.NFO,07/01/2020,09:22:17,14.5,14.15,1400,14.65,1400,0,111300
LUPIN30Jan20790CE.NFO,07/01/2020,09:22:24,14.5,14.15,1400,14.55,700,0,111300
LUPIN30Jan20790CE.NFO,07/01/2020,09:22:30,14.5,14.1,700,14.5,700,0,111300
LUPIN30Jan20790CE.NFO,07/01/2020,09:22:37,14.4,14.1,700,14.55,700,700,111300
LUPIN30Jan20790CE.NFO,07/01/2020,09:22:44,14.4,14.1,700,14.45,700,0,111300
LUPIN30Jan20790CE.NFO,07/01/2020,09:22:50,14.4,14.15,1400,14.6,700,0,111300
LUPIN30Jan20790CE.NFO,07/01/2020,09:22:56,14.4,14.15,700,14.6,700,0,111300
LUPIN30Jan20790CE.NFO,07/01/2020,09:23:02,14.4,14.4,700,14.75,700,0,111300
LUPIN30Jan20790CE.NFO,07/01/2020,09:23:14,14.4,14.4,700,14.85,1400,0,111300
LUPIN30Jan20790CE.NFO,07/01/2020,09:23:20,14.4,14.4,700,14.75,700,0,111300
LUPIN30Jan20790CE.NFO,07/01/2020,09:23:32,14.75,14.55,2100,14.95,700,700,110600
LUPIN30Jan20790CE.NFO,07/01/2020,09:23:32,14.75,14.55,2100,14.95,700,0,110600
LUPIN30Jan20790CE.NFO,07/01/2020,09:23:38,14.75,14.4,700,14.75,700,0,110600
LUPIN30Jan20790CE.NFO,07/01/2020,09:23:44,14.75,14.4,700,14.7,1400,0,110600
LUPIN30Jan20790CE.NFO,07/01/2020,09:24:02,14.75,14.6,700,14.8,700,0,110600
LUPIN30Jan20790CE.NFO,07/01/2020,09:24:09,14.6,14.4,2100,14.75,1400,700,110600
LUPIN30Jan20790CE.NFO,07/01/2020,09:24:14,14.4,13.85,700,14.35,700,700,110600
LUPIN30Jan20790CE.NFO,07/01/2020,09:24:25,14.4,13.95,700,14.35,700,0,110600
LUPIN30Jan20790CE.NFO,07/01/2020,09:24:31,14.4,13.9,1400,14.4,1400,0,110600
LUPIN30Jan20790CE.NFO,07/01/2020,09:24:37,14.4,13.9,1400,14.45,700,0,110600
LUPIN30Jan20790CE.NFO,07/01/2020,09:24:42,14.4,14.05,700,14.45,700,0,110600
LUPIN30Jan20790CE.NFO,07/01/2020,09:24:47,14.4,13.95,1400,14.35,700,0,110600
LUPIN30Jan20790CE.NFO,07/01/2020,09:24:59,14.4,13.9,700,14.3,700,0,110600
LUPIN30Jan20790CE.NFO,07/01/2020,09:25:05,14.4,13.95,700,14.35,700,0,110600
LUPIN30Jan20790CE.NFO,07/01/2020,09:25:11,14.4,14.2,700,14.7,1400,700,110600
LUPIN30Jan20790CE.NFO,07/01/2020,09:25:18,14.4,14.3,700,14.75,700,0,110600
LUPIN30Jan20790CE.NFO,07/01/2020,09:25:24,14.3,14,4200,14.6,700,1400,110600
LUPIN30Jan20790CE.NFO,07/01/2020,09:25:30,14.3,14,1400,14.45,700,0,110600
LUPIN30Jan20790CE.NFO,07/01/2020,09:25:37,14.3,14.1,700,14.5,700,0,110600
LUPIN30Jan20790CE.NFO,07/01/2020,09:25:42,14.3,13.85,2100,14.4,1400,0,110600
LUPIN30Jan20790CE.NFO,07/01/2020,09:25:50,14.3,13.75,700,14.2,700,0,110600
LUPIN30Jan20790CE.NFO,07/01/2020,09:26:03,14.3,13.65,700,14.1,700,0,110600
LUPIN30Jan20790CE.NFO,07/01/2020,09:26:10,14.3,13.85,1400,14.35,700,0,110600
LUPIN30Jan20790CE.NFO,07/01/2020,09:26:17,14.3,13.9,700,14.35,700,0,110600
LUPIN30Jan20790CE.NFO,07/01/2020,09:26:23,14.3,13.9,1400,14.4,1400,0,110600
LUPIN30Jan20790CE.NFO,07/01/2020,09:26:29,14.3,13.9,700,14.35,700,0,110600
LUPIN30Jan20790CE.NFO,07/01/2020,09:26:35,14.3,14.05,700,14.5,700,0,110600
LUPIN30Jan20790CE.NFO,07/01/2020,09:26:46,14.3,14.05,700,14.45,700,0,110600
LUPIN30Jan20790CE.NFO,07/01/2020,09:26:52,14.3,14.1,700,14.5,700,0,110600
LUPIN30Jan20790CE.NFO,07/01/2020,09:26:57,14.3,14.05,700,14.4,1400,0,110600
LUPIN30Jan20790CE.NFO,07/01/2020,09:27:03,14.3,14,1400,14.2,700,0,110600
LUPIN30Jan20790CE.NFO,07/01/2020,09:27:09,14.3,14,1400,14.55,2100,0,110600
LUPIN30Jan20790CE.NFO,07/01/2020,09:27:12,14.3,14,1400,14.4,700,0,110600
LUPIN30Jan20790CE.NFO,07/01/2020,09:27:14,14.3,14,1400,14.3,700,0,110600
LUPIN30Jan20790CE.NFO,07/01/2020,09:27:22,14.3,14,1400,14.35,1400,0,110600
LUPIN30Jan20790CE.NFO,07/01/2020,09:27:24,14.3,14,1400,14.25,700,0,110600
LUPIN30Jan20790CE.NFO,07/01/2020,09:27:25,14.3,14,1400,14.35,700,0,110600
LUPIN30Jan20790CE.NFO,07/01/2020,09:27:26,14.3,14,1400,14.3,700,0,110600
LUPIN30Jan20790CE.NFO,07/01/2020,09:27:34,14.3,14,1400,14.35,700,0,110600
LUPIN30Jan20790CE.NFO,07/01/2020,09:27:43,14.3,14,1400,14.3,700,0,110600
LUPIN30Jan20790CE.NFO,07/01/2020,09:27:54,14.3,14,1400,14.25,700,0,110600
LUPIN30Jan20790CE.NFO,07/01/2020,09:28:02,14.3,14.05,700,14.25,700,0,110600
LUPIN30Jan20790CE.NFO,07/01/2020,09:28:04,14.3,14,1400,14.3,700,0,110600
LUPIN30Jan20790CE.NFO,07/01/2020,09:28:09,14.3,14,1400,14.25,700,0,110600
LUPIN30Jan20790CE.NFO,07/01/2020,09:28:10,14.3,14,1400,14.35,700,0,110600
LUPIN30Jan20790CE.NFO,07/01/2020,09:28:11,14.3,14,1400,14.3,700,0,110600
LUPIN30Jan20790CE.NFO,07/01/2020,09:28:16,14.3,14.05,700,14.3,700,0,110600
LUPIN30Jan20790CE.NFO,07/01/2020,09:28:21,14,13.65,700,14.15,700,1400,111300
LUPIN30Jan20790CE.NFO,07/01/2020,09:28:27,14,13.7,700,14.1,700,0,111300
LUPIN30Jan20790CE.NFO,07/01/2020,09:28:43,14,13.5,700,14.05,700,0,111300
LUPIN30Jan20790CE.NFO,07/01/2020,09:28:54,14,13.6,700,14.05,1400,0,111300
LUPIN30Jan20790CE.NFO,07/01/2020,09:28:59,14,13.6,1400,14.05,1400,0,111300
LUPIN30Jan20790CE.NFO,07/01/2020,09:29:05,14,13.55,1400,14.05,700,0,111300
LUPIN30Jan20790CE.NFO,07/01/2020,09:29:10,14,13.7,700,14.15,700,0,111300
LUPIN30Jan20790CE.NFO,07/01/2020,09:29:16,14,13.65,700,14.1,1400,0,111300
LUPIN30Jan20790CE.NFO,07/01/2020,09:29:22,14,13.6,700,14.05,1400,0,111300
LUPIN30Jan20790CE.NFO,07/01/2020,09:29:27,14,13.65,3500,14.15,2100,0,111300
LUPIN30Jan20790CE.NFO,07/01/2020,09:29:33,14,13.65,3500,14.15,700,0,111300
LUPIN30Jan20790CE.NFO,07/01/2020,09:29:48,14,14.1,7000,14.25,700,0,111300
LUPIN30Jan20790CE.NFO,07/01/2020,09:30:27,14,14.15,700,14.45,700,0,111300
LUPIN30Jan20790CE.NFO,07/01/2020,09:30:46,14,14.1,7000,14.45,700,0,111300
LUPIN30Jan20790CE.NFO,07/01/2020,09:31:01,14,14.1,7000,14.45,1400,0,111300
LUPIN30Jan20790CE.NFO,07/01/2020,09:31:07,14,14.25,1400,14.75,1400,0,111300
LUPIN30Jan20790CE.NFO,07/01/2020,09:31:13,14.45,14.2,1400,14.65,2800,700,112000
LUPIN30Jan20790CE.NFO,07/01/2020,09:31:20,14.45,14.2,1400,14.65,2800,0,112000
LUPIN30Jan20790CE.NFO,07/01/2020,09:31:25,14.45,14.2,1400,14.65,3500,0,112000
LUPIN30Jan20790CE.NFO,07/01/2020,09:31:31,14.45,14.2,1400,14.65,4200,0,112000
LUPIN30Jan20790CE.NFO,07/01/2020,09:31:36,14.45,14.25,700,14.7,700,0,112000
LUPIN30Jan20790CE.NFO,07/01/2020,09:31:42,14.45,14.3,1400,14.75,1400,0,112000
LUPIN30Jan20790CE.NFO,07/01/2020,09:31:48,14.45,14.3,1400,14.75,2100,0,112000
LUPIN30Jan20790CE.NFO,07/01/2020,09:31:53,14.45,14.3,700,14.7,1400,0,112000
LUPIN30Jan20790CE.NFO,07/01/2020,09:31:58,14.45,14.25,1400,14.6,700,0,112000
LUPIN30Jan20790CE.NFO,07/01/2020,09:32:04,14.45,14.25,700,14.7,700,0,112000
LUPIN30Jan20790CE.NFO,07/01/2020,09:32:15,14.45,14.3,2100,14.7,700,0,112000
LUPIN30Jan20790CE.NFO,07/01/2020,09:32:21,14.45,14.25,700,14.65,700,0,112000
LUPIN30Jan20790CE.NFO,07/01/2020,09:32:33,14.45,14.2,700,14.65,700,0,112000
LUPIN30Jan20790CE.NFO,07/01/2020,09:32:39,14.45,14.25,700,14.65,700,0,112000
LUPIN30Jan20790CE.NFO,07/01/2020,09:32:44,14.45,14.3,700,14.7,700,0,112000
LUPIN30Jan20790CE.NFO,07/01/2020,09:32:56,14.45,14.35,700,14.7,700,0,112000
LUPIN30Jan20790CE.NFO,07/01/2020,09:33:13,14.45,14.35,700,14.65,700,0,112000
LUPIN30Jan20790CE.NFO,07/01/2020,09:33:14,14.45,14.25,700,14.65,700,0,112000
LUPIN30Jan20790CE.NFO,07/01/2020,09:33:15,14.65,14.25,1400,14.7,2100,700,112000
LUPIN30Jan20790CE.NFO,07/01/2020,09:33:15,14.65,14.35,700,14.7,700,0,112700
LUPIN30Jan20790CE.NFO,07/01/2020,09:33:16,14.65,14.35,1400,14.7,700,0,112700
LUPIN30Jan20790CE.NFO,07/01/2020,09:33:19,14.65,14.4,700,14.7,700,0,112700
LUPIN30Jan20790CE.NFO,07/01/2020,09:33:21,14.65,14.45,700,14.7,700,0,112700
LUPIN30Jan20790CE.NFO,07/01/2020,09:33:29,14.65,14.4,700,14.7,700,0,112700
LUPIN30Jan20790CE.NFO,07/01/2020,09:33:32,14.65,14.4,1400,14.7,700,0,112700
LUPIN30Jan20790CE.NFO,07/01/2020,09:33:33,14.65,14.5,1400,14.7,700,0,112700
LUPIN30Jan20790CE.NFO,07/01/2020,09:33:37,14.65,14.55,700,14.75,700,0,112700
LUPIN30Jan20790CE.NFO,07/01/2020,09:33:46,14.65,14.5,700,14.75,1400,0,112700
LUPIN30Jan20790CE.NFO,07/01/2020,09:33:53,14.65,14.45,700,14.75,700,0,112700
LUPIN30Jan20790CE.NFO,07/01/2020,09:33:57,14.65,14.45,1400,14.75,1400,0,112700
LUPIN30Jan20790CE.NFO,07/01/2020,09:33:57,14.65,14.45,1400,14.75,700,0,112700
LUPIN30Jan20790CE.NFO,07/01/2020,09:34:08,14.65,14.25,700,14.65,700,0,112700
LUPIN30Jan20790CE.NFO,07/01/2020,09:34:09,14.65,14.3,1400,14.7,1400,0,112700
LUPIN30Jan20790CE.NFO,07/01/2020,09:34:11,14.65,14.3,1400,14.65,1400,0,112700
LUPIN30Jan20790CE.NFO,07/01/2020,09:34:24,14.65,14.25,700,14.5,700,0,112700
LUPIN30Jan20790CE.NFO,07/01/2020,09:34:29,14.65,14.2,700,14.5,700,0,112700
LUPIN30Jan20790CE.NFO,07/01/2020,09:34:35,14.65,14.15,700,14.45,700,0,112700
LUPIN30Jan20790CE.NFO,07/01/2020,09:34:41,14.65,14.15,700,14.5,1400,0,112700
LUPIN30Jan20790CE.NFO,07/01/2020,09:34:47,14.65,14.1,7000,14.45,700,0,112700
LUPIN30Jan20790CE.NFO,07/01/2020,09:34:52,14.65,14.1,7700,14.45,700,0,112700
LUPIN30Jan20790CE.NFO,07/01/2020,09:35:03,14.65,14.2,700,14.5,700,0,112700
LUPIN30Jan20790CE.NFO,07/01/2020,09:35:18,14.65,14.15,700,14.5,1400,0,112700
LUPIN30Jan20790CE.NFO,07/01/2020,09:35:27,14.65,14.2,700,14.5,700,0,112700
LUPIN30Jan20790CE.NFO,07/01/2020,09:35:32,14.65,14.25,700,14.5,700,0,112700
LUPIN30Jan20790CE.NFO,07/01/2020,09:35:38,14.65,14.15,700,14.45,700,0,112700
LUPIN30Jan20790CE.NFO,07/01/2020,09:35:44,14.65,14.15,700,14.45,1400,0,112700
LUPIN30Jan20790CE.NFO,07/01/2020,09:35:51,14.65,14.2,700,14.5,700,0,112700
LUPIN30Jan20790CE.NFO,07/01/2020,09:35:57,14.65,14.15,700,14.45,700,0,112700
LUPIN30Jan20790CE.NFO,07/01/2020,09:36:19,14.65,14.2,700,14.5,700,0,112700
LUPIN30Jan20790CE.NFO,07/01/2020,09:36:25,14.45,14.15,700,14.4,700,700,113400
LUPIN30Jan20790CE.NFO,07/01/2020,09:36:34,14.45,14.1,7000,14.35,700,0,113400
LUPIN30Jan20790CE.NFO,07/01/2020,09:36:39,14.45,14.1,7000,14.45,700,0,113400
LUPIN30Jan20790CE.NFO,07/01/2020,09:36:44,14.45,14.1,7000,14.45,1400,0,113400
LUPIN30Jan20790CE.NFO,07/01/2020,09:36:53,14.45,14.1,7000,14.45,700,0,113400
LUPIN30Jan20790CE.NFO,07/01/2020,09:37:07,14.45,14.15,700,14.4,700,0,113400
LUPIN30Jan20790CE.NFO,07/01/2020,09:37:12,14.45,14.15,1400,14.4,700,0,113400
LUPIN30Jan20790CE.NFO,07/01/2020,09:37:20,14.45,14.1,7000,14.45,1400,0,113400
LUPIN30Jan20790CE.NFO,07/01/2020,09:37:35,14.45,14.1,7000,14.4,700,0,113400
LUPIN30Jan20790CE.NFO,07/01/2020,09:37:39,14.45,14.1,7000,14.3,1400,0,113400
LUPIN30Jan20790CE.NFO,07/01/2020,09:37:46,14.45,14.1,7000,14.3,2100,0,113400
LUPIN30Jan20790CE.NFO,07/01/2020,09:37:50,14.1,14.1,5600,14.25,1400,1400,113400
LUPIN30Jan20790CE.NFO,07/01/2020,09:37:55,14.1,14.1,5600,14.25,1400,0,113400
LUPIN30Jan20790CE.NFO,07/01/2020,09:38:03,14.1,14.1,4900,14.2,1400,700,113400
LUPIN30Jan20790CE.NFO,07/01/2020,09:38:08,14.1,14.1,4200,14.25,2100,700,113400
LUPIN30Jan20790CE.NFO,07/01/2020,09:38:13,14.1,14.1,4200,14.2,700,0,113400
LUPIN30Jan20790CE.NFO,07/01/2020,09:38:17,14.1,14.15,1400,14.2,700,0,113400
LUPIN30Jan20790CE.NFO,07/01/2020,09:38:25,14.1,14.15,700,14.2,700,0,113400
LUPIN30Jan20790CE.NFO,07/01/2020,09:38:29,14.15,14.1,2800,14.2,700,2800,115500
LUPIN30Jan20790CE.NFO,07/01/2020,09:38:34,14.15,14.1,2800,14.2,700,0,115500
LUPIN30Jan20790CE.NFO,07/01/2020,09:38:38,14.15,14.1,2800,14.2,1400,0,115500
LUPIN30Jan20790CE.NFO,07/01/2020,09:38:43,14.15,14.1,3500,14.2,1400,0,115500
LUPIN30Jan20790CE.NFO,07/01/2020,09:38:47,14.15,14.15,700,14.2,700,0,115500
LUPIN30Jan20790CE.NFO,07/01/2020,09:39:00,14.1,14.1,2100,14.2,1400,1400,115500
LUPIN30Jan20790CE.NFO,07/01/2020,09:39:04,14.2,14.15,700,14.45,700,1400,115500
LUPIN30Jan20790CE.NFO,07/01/2020,09:39:08,14.45,14.2,700,14.55,700,700,115500
LUPIN30Jan20790CE.NFO,07/01/2020,09:39:12,14.45,14.25,700,14.55,700,0,115500
LUPIN30Jan20790CE.NFO,07/01/2020,09:39:13,14.45,14.25,700,14.6,1400,0,115500
LUPIN30Jan20790CE.NFO,07/01/2020,09:39:14,14.45,14.2,700,14.55,700,0,115500
LUPIN30Jan20790CE.NFO,07/01/2020,09:39:15,14.45,14.2,700,14.6,700,0,115500
LUPIN30Jan20790CE.NFO,07/01/2020,09:39:17,14.45,14.25,1400,14.65,700,0,115500
LUPIN30Jan20790CE.NFO,07/01/2020,09:39:22,14.45,14.25,700,14.6,700,0,115500
LUPIN30Jan20790CE.NFO,07/01/2020,09:39:23,14.45,14.3,700,14.6,700,0,115500
LUPIN30Jan20790CE.NFO,07/01/2020,09:39:24,14.45,14.25,700,14.65,1400,0,115500
LUPIN30Jan20790CE.NFO,07/01/2020,09:39:25,14.45,14.25,700,14.6,700,0,115500
LUPIN30Jan20790CE.NFO,07/01/2020,09:39:29,14.45,14.45,700,14.7,700,0,115500
LUPIN30Jan20790CE.NFO,07/01/2020,09:39:32,14.45,14.45,700,14.65,1400,0,115500
LUPIN30Jan20790CE.NFO,07/01/2020,09:39:36,14.45,14.45,700,14.7,700,0,115500
LUPIN30Jan20790CE.NFO,07/01/2020,09:39:37,14.45,14.45,700,14.6,700,0,115500
LUPIN30Jan20790CE.NFO,07/01/2020,09:39:38,14.45,14.3,1400,14.55,700,700,115500
LUPIN30Jan20790CE.NFO,07/01/2020,09:39:38,14.45,14.3,1400,14.55,700,0,115500
LUPIN30Jan20790CE.NFO,07/01/2020,09:39:39,14.45,14.3,700,14.65,1400,0,115500
LUPIN30Jan20790CE.NFO,07/01/2020,09:39:42,14.45,14.3,700,14.65,700,0,115500
LUPIN30Jan20790CE.NFO,07/01/2020,09:39:55,14.45,14.3,700,14.6,700,0,115500
LUPIN30Jan20790CE.NFO,07/01/2020,09:39:56,14.45,14.25,700,14.6,700,0,115500
LUPIN30Jan20790CE.NFO,07/01/2020,09:39:58,14.45,14.3,700,14.6,700,0,115500
LUPIN30Jan20790CE.NFO,07/01/2020,09:39:59,14.45,14.3,700,14.6,1400,0,115500
LUPIN30Jan20790CE.NFO,07/01/2020,09:40:01,14.45,14.3,700,14.55,700,0,115500
LUPIN30Jan20790CE.NFO,07/01/2020,09:40:01,14.45,14.3,700,14.65,700,0,115500
LUPIN30Jan20790CE.NFO,07/01/2020,09:40:02,14.45,14.25,700,14.6,700,0,115500
LUPIN30Jan20790CE.NFO,07/01/2020,09:40:04,14.45,14.3,700,14.6,700,0,115500
LUPIN30Jan20790CE.NFO,07/01/2020,09:40:05,14.45,14.25,700,14.7,700,0,115500
LUPIN30Jan20790CE.NFO,07/01/2020,09:40:07,14.45,14.3,700,14.6,2100,0,115500
LUPIN30Jan20790CE.NFO,07/01/2020,09:40:08,14.45,14.25,2100,14.6,700,0,115500
LUPIN30Jan20790CE.NFO,07/01/2020,09:40:09,14.45,14.25,2100,14.65,700,0,115500
LUPIN30Jan20790CE.NFO,07/01/2020,09:40:10,14.45,14.3,700,14.7,700,0,115500
LUPIN30Jan20790CE.NFO,07/01/2020,09:40:11,14.45,14.25,1400,14.6,700,0,115500
LUPIN30Jan20790CE.NFO,07/01/2020,09:40:11,14.45,14.25,700,14.65,700,0,115500
LUPIN30Jan20790CE.NFO,07/01/2020,09:40:13,14.45,14.25,1400,14.65,700,0,115500
LUPIN30Jan20790CE.NFO,07/01/2020,09:40:15,14.45,14.3,700,14.65,700,0,115500
LUPIN30Jan20790CE.NFO,07/01/2020,09:40:16,14.45,14.2,700,14.6,700,0,115500
LUPIN30Jan20790CE.NFO,07/01/2020,09:40:20,14.45,14.25,700,14.65,1400,0,115500
LUPIN30Jan20790CE.NFO,07/01/2020,09:40:21,14.45,14.2,700,14.6,700,0,115500
LUPIN30Jan20790CE.NFO,07/01/2020,09:40:23,14.45,14.25,1400,14.6,700,0,115500
LUPIN30Jan20790CE.NFO,07/01/2020,09:40:25,14.45,14.25,1400,14.65,700,0,115500
LUPIN30Jan20790CE.NFO,07/01/2020,09:40:29,14.45,14.25,700,14.65,700,0,115500
LUPIN30Jan20790CE.NFO,07/01/2020,09:40:37,14.45,14.3,700,14.65,700,0,115500
LUPIN30Jan20790CE.NFO,07/01/2020,09:40:39,14.45,14.25,700,14.6,700,0,115500
LUPIN30Jan20790CE.NFO,07/01/2020,09:40:40,14.45,14.2,1400,14.6,700,0,115500
LUPIN30Jan20790CE.NFO,07/01/2020,09:40:41,14.45,14.25,700,14.65,700,0,115500
LUPIN30Jan20790CE.NFO,07/01/2020,09:40:42,14.45,14.25,700,14.6,700,0,115500
LUPIN30Jan20790CE.NFO,07/01/2020,09:40:43,14.45,14.2,700,14.6,700,0,115500
LUPIN30Jan20790CE.NFO,07/01/2020,09:40:45,14.45,14.25,700,14.65,700,0,115500
LUPIN30Jan20790CE.NFO,07/01/2020,09:40:46,14.45,14.25,700,14.6,700,0,115500
LUPIN30Jan20790CE.NFO,07/01/2020,09:40:50,14.45,14.25,700,14.65,700,0,115500
LUPIN30Jan20790CE.NFO,07/01/2020,09:40:51,14.45,14.25,700,14.6,700,0,115500
LUPIN30Jan20790CE.NFO,07/01/2020,09:40:52,14.45,14.3,700,14.65,700,0,115500
LUPIN30Jan20790CE.NFO,07/01/2020,09:40:54,14.45,14.25,700,14.65,700,0,115500
LUPIN30Jan20790CE.NFO,07/01/2020,09:40:55,14.45,14.3,700,14.65,700,0,115500
LUPIN30Jan20790CE.NFO,07/01/2020,09:40:56,14.45,14.25,700,14.6,700,0,115500
LUPIN30Jan20790CE.NFO,07/01/2020,09:40:57,14.45,14.2,700,14.6,1400,0,115500
LUPIN30Jan20790CE.NFO,07/01/2020,09:40:58,14.45,14.3,700,14.7,700,0,115500
LUPIN30Jan20790CE.NFO,07/01/2020,09:40:59,14.45,14.3,1400,14.7,700,0,115500
LUPIN30Jan20790CE.NFO,07/01/2020,09:41:00,14.45,14.25,700,14.65,700,0,115500
LUPIN30Jan20790CE.NFO,07/01/2020,09:41:01,14.45,14.25,700,14.6,700,0,115500
LUPIN30Jan20790CE.NFO,07/01/2020,09:41:04,14.45,14.25,700,14.65,700,0,115500
LUPIN30Jan20790CE.NFO,07/01/2020,09:41:06,14.45,14.2,1400,14.65,700,0,115500
LUPIN30Jan20790CE.NFO,07/01/2020,09:41:07,14.45,14.25,700,14.6,700,0,115500
LUPIN30Jan20790CE.NFO,07/01/2020,09:41:08,14.45,14.3,700,14.65,700,0,115500
LUPIN30Jan20790CE.NFO,07/01/2020,09:41:09,14.45,14.25,700,14.65,700,0,115500
LUPIN30Jan20790CE.NFO,07/01/2020,09:41:12,14.45,14.2,2100,14.65,1400,0,115500
LUPIN30Jan20790CE.NFO,07/01/2020,09:41:13,14.45,14.25,1400,14.6,700,0,115500
LUPIN30Jan20790CE.NFO,07/01/2020,09:41:17,14.6,14.2,1400,14.65,1400,700,119700
LUPIN30Jan20790CE.NFO,07/01/2020,09:41:18,14.6,14.2,1400,14.65,1400,0,119700
LUPIN30Jan20790CE.NFO,07/01/2020,09:41:20,14.6,14.25,700,14.6,700,0,119700
LUPIN30Jan20790CE.NFO,07/01/2020,09:41:22,14.6,14.2,1400,14.6,1400,0,119700
LUPIN30Jan20790CE.NFO,07/01/2020,09:41:24,14.6,14.2,1400,14.6,700,0,119700
LUPIN30Jan20790CE.NFO,07/01/2020,09:41:25,14.6,14.2,2100,14.6,1400,0,119700
LUPIN30Jan20790CE.NFO,07/01/2020,09:41:27,14.6,14.25,1400,14.65,700,0,119700
LUPIN30Jan20790CE.NFO,07/01/2020,09:41:28,14.6,14.25,700,14.65,700,0,119700
LUPIN30Jan20790CE.NFO,07/01/2020,09:41:31,14.6,14.25,1400,14.65,700,0,119700
LUPIN30Jan20790CE.NFO,07/01/2020,09:41:33,14.6,14.25,700,14.65,700,0,119700
LUPIN30Jan20790CE.NFO,07/01/2020,09:41:38,14.6,14.35,700,14.7,700,0,119700
LUPIN30Jan20790CE.NFO,07/01/2020,09:41:41,14.6,14.25,700,14.7,700,0,119700
LUPIN30Jan20790CE.NFO,07/01/2020,09:41:50,14.6,14.3,700,14.7,700,0,119700
LUPIN30Jan20790CE.NFO,07/01/2020,09:41:54,14.6,14.25,1400,14.7,1400,0,119700
LUPIN30Jan20790CE.NFO,07/01/2020,09:42:02,14.6,14.25,1400,14.7,2100,0,119700
LUPIN30Jan20790CE.NFO,07/01/2020,09:42:05,14.6,14.25,1400,14.6,700,0,119700
LUPIN30Jan20790CE.NFO,07/01/2020,09:42:07,14.6,14.3,700,14.6,700,0,119700
LUPIN30Jan20790CE.NFO,07/01/2020,09:42:09,14.6,14.25,1400,14.6,700,0,119700
LUPIN30Jan20790CE.NFO,07/01/2020,09:42:16,14.6,14.25,2100,14.6,700,0,119700
LUPIN30Jan20790CE.NFO,07/01/2020,09:42:23,14.6,14.25,1400,14.6,700,0,119700
LUPIN30Jan20790CE.NFO,07/01/2020,09:42:36,14.6,14.25,2100,14.6,700,0,119700
LUPIN30Jan20790CE.NFO,07/01/2020,09:42:38,14.6,14.25,700,14.6,700,0,119700
LUPIN30Jan20790CE.NFO,07/01/2020,09:42:41,14.6,14.25,700,14.5,700,0,119700
LUPIN30Jan20790CE.NFO,07/01/2020,09:42:42,14.6,14.25,700,14.45,700,0,119700
LUPIN30Jan20790CE.NFO,07/01/2020,09:42:47,14.6,14.25,700,14.45,1400,0,119700
LUPIN30Jan20790CE.NFO,07/01/2020,09:42:53,14.6,14.25,700,14.4,700,0,119700
LUPIN30Jan20790CE.NFO,07/01/2020,09:42:55,14.2,14.1,1400,14.25,1400,1400,119700
LUPIN30Jan20790CE.NFO,07/01/2020,09:42:56,14.2,14.1,1400,14.25,1400,0,119700
LUPIN30Jan20790CE.NFO,07/01/2020,09:43:00,14.2,14.1,1400,14.25,700,0,119700
LUPIN30Jan20790CE.NFO,07/01/2020,09:43:09,14.2,14.1,1400,14.3,2800,0,119700
LUPIN30Jan20790CE.NFO,07/01/2020,09:43:10,14.2,14.1,1400,14.25,700,0,119700
LUPIN30Jan20790CE.NFO,07/01/2020,09:43:45,14.2,14.1,1400,14.4,1400,0,119700
LUPIN30Jan20790CE.NFO,07/01/2020,09:45:07,14.2,14.25,700,14.6,1400,0,119700
LUPIN30Jan20790CE.NFO,07/01/2020,09:45:14,14.2,14.4,700,14.7,700,0,119700
LUPIN30Jan20790CE.NFO,07/01/2020,09:45:26,14.2,14.3,2100,14.75,700,0,119700
LUPIN30Jan20790CE.NFO,07/01/2020,09:45:33,14.2,14.3,2100,14.8,2100,0,119700
LUPIN30Jan20790CE.NFO,07/01/2020,09:45:39,14.2,14.3,2100,14.7,700,0,119700
LUPIN30Jan20790CE.NFO,07/01/2020,09:45:45,14.2,14.3,1400,14.7,2100,0,119700
LUPIN30Jan20790CE.NFO,07/01/2020,09:45:50,14.9,14.6,700,15.05,700,700,121800
LUPIN30Jan20790CE.NFO,07/01/2020,09:45:50,14.9,14.6,700,15.05,700,0,121800
LUPIN30Jan20790CE.NFO,07/01/2020,09:45:56,14.9,14.4,1400,14.9,1400,0,121800
LUPIN30Jan20790CE.NFO,07/01/2020,09:46:07,14.9,14.4,700,15,1400,0,121800
LUPIN30Jan20790CE.NFO,07/01/2020,09:46:12,14.9,14.25,700,14.8,700,0,121800
LUPIN30Jan20790CE.NFO,07/01/2020,09:46:13,14.9,14.25,1400,14.8,1400,0,121800
LUPIN30Jan20790CE.NFO,07/01/2020,09:46:17,14.9,14.25,1400,14.8,700,0,121800
LUPIN30Jan20790CE.NFO,07/01/2020,09:46:19,14.9,14.25,1400,14.75,700,0,121800
LUPIN30Jan20790CE.NFO,07/01/2020,09:46:21,14.9,14.5,700,14.75,700,0,121800
LUPIN30Jan20790CE.NFO,07/01/2020,09:46:23,14.9,14.5,700,14.75,1400,0,121800
LUPIN30Jan20790CE.NFO,07/01/2020,09:46:24,14.9,14.5,700,14.75,700,0,121800
LUPIN30Jan20790CE.NFO,07/01/2020,09:46:35,14.9,14.5,700,14.7,700,0,121800
LUPIN30Jan20790CE.NFO,07/01/2020,09:46:40,14.9,14.5,700,14.75,700,0,121800
LUPIN30Jan20790CE.NFO,07/01/2020,09:47:00,14.9,14.5,700,14.85,700,0,121800
LUPIN30Jan20790CE.NFO,07/01/2020,09:47:01,14.9,14.5,700,14.85,1400,0,121800
LUPIN30Jan20790CE.NFO,07/01/2020,09:47:09,14.9,14.5,700,14.8,700,0,121800
LUPIN30Jan20790CE.NFO,07/01/2020,09:47:26,14.9,14.5,700,14.7,700,0,121800
LUPIN30Jan20790CE.NFO,07/01/2020,09:47:36,14.9,14.5,700,14.85,2100,0,121800
LUPIN30Jan20790CE.NFO,07/01/2020,09:47:40,14.65,14.3,700,14.75,1400,1400,121100
LUPIN30Jan20790CE.NFO,07/01/2020,09:47:44,14.65,14.35,700,14.75,700,0,121100
LUPIN30Jan20790CE.NFO,07/01/2020,09:47:52,14.65,14.35,700,14.75,1400,0,121100
LUPIN30Jan20790CE.NFO,07/01/2020,09:47:56,14.65,14.35,1400,14.75,1400,0,121100
LUPIN30Jan20790CE.NFO,07/01/2020,09:48:00,14.65,14.35,1400,14.8,1400,0,121100
LUPIN30Jan20790CE.NFO,07/01/2020,09:48:05,14.65,14.35,1400,14.8,700,0,121100
LUPIN30Jan20790CE.NFO,07/01/2020,09:48:08,14.65,14.35,1400,14.85,1400,0,121100
LUPIN30Jan20790CE.NFO,07/01/2020,09:48:12,14.65,14.35,1400,14.85,2100,0,121100
LUPIN30Jan20790CE.NFO,07/01/2020,09:48:16,14.65,14.35,1400,14.8,700,0,121100
LUPIN30Jan20790CE.NFO,07/01/2020,09:48:28,14.65,14.35,1400,14.75,700,0,121100
LUPIN30Jan20790CE.NFO,07/01/2020,09:48:41,14.65,14.4,700,14.75,700,0,121100
LUPIN30Jan20790CE.NFO,07/01/2020,09:48:45,14.65,14.3,700,14.75,700,0,121100
LUPIN30Jan20790CE.NFO,07/01/2020,09:48:50,14.65,14.3,700,14.7,700,0,121100
LUPIN30Jan20790CE.NFO,07/01/2020,09:49:01,14.65,14.35,700,14.8,1400,0,121100
LUPIN30Jan20790CE.NFO,07/01/2020,09:49:06,14.65,14.4,700,14.8,1400,0,121100
LUPIN30Jan20790CE.NFO,07/01/2020,09:49:15,14.65,14.35,700,14.8,1400,0,121100
LUPIN30Jan20790CE.NFO,07/01/2020,09:49:20,14.65,14.3,1400,14.8,1400,0,121100
LUPIN30Jan20790CE.NFO,07/01/2020,09:49:32,14.65,14.65,700,14.8,700,0,121100
LUPIN30Jan20790CE.NFO,07/01/2020,09:49:42,14.65,14.65,700,14.75,700,0,121100
LUPIN30Jan20790CE.NFO,07/01/2020,09:49:57,14.65,14.65,700,14.7,700,0,121100
LUPIN30Jan20790CE.NFO,07/01/2020,09:50:02,14.65,14.65,700,14.9,2800,0,121100
LUPIN30Jan20790CE.NFO,07/01/2020,09:50:49,14.65,14.65,700,14.8,700,0,121100
LUPIN30Jan20790CE.NFO,07/01/2020,09:50:54,14.65,14.65,700,14.75,700,0,121100
LUPIN30Jan20790CE.NFO,07/01/2020,09:50:59,14.65,14.65,700,14.85,2100,0,121100
LUPIN30Jan20790CE.NFO,07/01/2020,09:51:03,14.65,14.65,700,14.85,1400,0,121100
LUPIN30Jan20790CE.NFO,07/01/2020,09:51:08,14.65,14.65,700,14.8,700,0,121100
LUPIN30Jan20790CE.NFO,07/01/2020,09:51:14,14.65,14.65,700,14.85,1400,0,121100
LUPIN30Jan20790CE.NFO,07/01/2020,09:51:19,14.65,14.65,700,14.8,700,0,121100
LUPIN30Jan20790CE.NFO,07/01/2020,09:51:25,14.65,14.65,700,14.75,700,0,121100
LUPIN30Jan20790CE.NFO,07/01/2020,09:51:35,14.65,14.25,700,14.75,1400,700,121800
LUPIN30Jan20790CE.NFO,07/01/2020,09:51:39,14.65,14.25,700,14.75,1400,0,121800
LUPIN30Jan20790CE.NFO,07/01/2020,09:51:44,14.65,14.25,700,14.6,700,0,121800
LUPIN30Jan20790CE.NFO,07/01/2020,09:51:48,14.65,14.3,700,14.6,700,0,121800
LUPIN30Jan20790CE.NFO,07/01/2020,09:51:56,14.65,14.3,700,14.7,700,0,121800
LUPIN30Jan20790CE.NFO,07/01/2020,09:52:00,14.65,14.3,700,14.65,700,0,121800
LUPIN30Jan20790CE.NFO,07/01/2020,09:52:04,14.65,14.3,700,14.6,700,0,121800
LUPIN30Jan20790CE.NFO,07/01/2020,09:52:12,14.65,14.2,700,14.65,700,0,121800
LUPIN30Jan20790CE.NFO,07/01/2020,09:52:26,14.65,14.2,700,14.4,700,0,121800
LUPIN30Jan20790CE.NFO,07/01/2020,09:52:31,14.65,14.15,700,14.4,700,0,121800
LUPIN30Jan20790CE.NFO,07/01/2020,09:52:35,14.65,14.1,2100,14.4,1400,0,121800
LUPIN30Jan20790CE.NFO,07/01/2020,09:52:40,14.2,14.1,2100,14.4,700,700,121800
LUPIN30Jan20790CE.NFO,07/01/2020,09:52:45,14.2,14.1,2100,14.35,700,0,121800
LUPIN30Jan20790CE.NFO,07/01/2020,09:52:52,14.2,14.1,2100,14.5,700,0,121800
LUPIN30Jan20790CE.NFO,07/01/2020,09:53:00,14.2,14.1,2100,14.55,700,0,121800
LUPIN30Jan20790CE.NFO,07/01/2020,09:53:05,14.2,14.1,2100,14.55,2100,0,121800
LUPIN30Jan20790CE.NFO,07/01/2020,09:53:11,14.2,14.25,2100,14.65,1400,0,121800
LUPIN30Jan20790CE.NFO,07/01/2020,09:53:21,14.2,14.45,700,14.75,1400,0,121800
LUPIN30Jan20790CE.NFO,07/01/2020,09:53:27,14.2,14.45,700,14.7,700,0,121800
LUPIN30Jan20790CE.NFO,07/01/2020,09:53:32,14.2,14.5,700,14.7,700,0,121800
LUPIN30Jan20790CE.NFO,07/01/2020,09:53:47,14.2,14.25,700,14.65,700,0,121800
LUPIN30Jan20790CE.NFO,07/01/2020,09:53:56,14.2,14.25,1400,14.65,1400,0,121800
LUPIN30Jan20790CE.NFO,07/01/2020,09:54:00,14.55,14.35,700,14.75,700,700,121800
LUPIN30Jan20790CE.NFO,07/01/2020,09:54:04,14.55,14.35,700,14.75,700,0,121800
LUPIN30Jan20790CE.NFO,07/01/2020,09:54:13,14.55,14.3,700,14.65,700,0,121800
LUPIN30Jan20790CE.NFO,07/01/2020,09:54:18,14.55,14.3,700,14.7,1400,0,121800
LUPIN30Jan20790CE.NFO,07/01/2020,09:54:41,14.55,14.3,700,14.7,2100,0,121800
LUPIN30Jan20790CE.NFO,07/01/2020,09:54:44,14.55,14.3,700,14.7,1400,0,121800
LUPIN30Jan20790CE.NFO,07/01/2020,09:54:46,14.55,14.35,700,14.7,1400,0,121800
LUPIN30Jan20790CE.NFO,07/01/2020,09:54:49,14.55,14.4,700,14.7,1400,0,121800
LUPIN30Jan20790CE.NFO,07/01/2020,09:55:06,14.55,14.45,2100,14.7,1400,0,121800
LUPIN30Jan20790CE.NFO,07/01/2020,09:55:07,14.7,14.45,2100,14.7,700,700,121800
LUPIN30Jan20790CE.NFO,07/01/2020,09:55:08,14.7,14.45,2100,14.7,700,0,121800
LUPIN30Jan20790CE.NFO,07/01/2020,09:55:11,14.7,14.35,700,14.7,700,0,121800
LUPIN30Jan20790CE.NFO,07/01/2020,09:55:47,14.45,14.4,1400,14.7,700,1400,121800
LUPIN30Jan20790CE.NFO,07/01/2020,09:55:52,14.45,14.4,1400,14.7,700,0,121800
LUPIN30Jan20790CE.NFO,07/01/2020,09:55:57,14.45,14.4,2100,14.7,700,0,121800
LUPIN30Jan20790CE.NFO,07/01/2020,09:56:02,14.45,14.3,700,14.65,700,0,121800
LUPIN30Jan20790CE.NFO,07/01/2020,09:56:12,14.45,14.3,700,14.6,700,0,121800
LUPIN30Jan20790CE.NFO,07/01/2020,09:56:17,14.45,14.25,700,14.6,1400,0,121800
LUPIN30Jan20790CE.NFO,07/01/2020,09:56:22,14.45,14.25,1400,14.6,1400,0,121800
LUPIN30Jan20790CE.NFO,07/01/2020,09:56:28,14.45,14.3,700,14.6,1400,0,121800
LUPIN30Jan20790CE.NFO,07/01/2020,09:57:00,14.45,14.3,700,14.55,700,0,121800
LUPIN30Jan20790CE.NFO,07/01/2020,09:57:14,14.45,14.3,700,14.65,700,0,121800
LUPIN30Jan20790CE.NFO,07/01/2020,09:57:22,14.45,14.3,700,14.6,700,0,121800
LUPIN30Jan20790CE.NFO,07/01/2020,09:57:38,14.45,14.3,700,14.7,700,0,121800
LUPIN30Jan20790CE.NFO,07/01/2020,09:57:42,14.45,14.3,700,14.65,700,0,121800
LUPIN30Jan20790CE.NFO,07/01/2020,09:58:01,14.45,14.3,700,14.65,2100,0,121800
LUPIN30Jan20790CE.NFO,07/01/2020,09:58:27,14.45,14.3,700,14.65,700,0,121800
LUPIN30Jan20790CE.NFO,07/01/2020,09:58:45,14.45,14.35,1400,14.65,700,0,121800
LUPIN30Jan20790CE.NFO,07/01/2020,09:58:51,14.45,14.35,700,14.6,700,0,121800
LUPIN30Jan20790CE.NFO,07/01/2020,09:59:08,14.45,14.3,700,14.6,700,0,121800
LUPIN30Jan20790CE.NFO,07/01/2020,09:59:14,14.45,14.35,1400,14.6,700,0,121800
LUPIN30Jan20790CE.NFO,07/01/2020,09:59:19,14.45,14.3,700,14.6,700,0,121800
LUPIN30Jan20790CE.NFO,07/01/2020,09:59:30,14.45,14.35,700,14.6,700,0,121800
LUPIN30Jan20790CE.NFO,07/01/2020,09:59:41,14.45,14.4,700,14.6,700,0,121800
LUPIN30Jan20790CE.NFO,07/01/2020,09:59:46,14.6,14.45,700,14.7,2100,700,119700
LUPIN30Jan20790CE.NFO,07/01/2020,09:59:52,14.7,14.45,700,14.7,700,700,119700
LUPIN30Jan20790CE.NFO,07/01/2020,09:59:57,14.7,14.45,700,14.7,700,0,119700
LUPIN30Jan20790CE.NFO,07/01/2020,10:00:03,14.7,14.65,1400,14.85,700,0,119700
LUPIN30Jan20790CE.NFO,07/01/2020,10:00:08,14.7,14.55,700,14.9,1400,0,119700
LUPIN30Jan20790CE.NFO,07/01/2020,10:00:13,14.7,14.55,700,14.85,700,0,119700
LUPIN30Jan20790CE.NFO,07/01/2020,10:00:15,14.7,14.65,700,14.85,700,0,119700
LUPIN30Jan20790CE.NFO,07/01/2020,10:00:16,14.7,14.5,700,14.9,1400,0,119700
LUPIN30Jan20790CE.NFO,07/01/2020,10:00:17,14.7,14.6,700,14.9,1400,0,119700
LUPIN30Jan20790CE.NFO,07/01/2020,10:00:18,14.7,14.55,700,14.85,1400,0,119700
LUPIN30Jan20790CE.NFO,07/01/2020,10:00:19,14.7,14.55,700,14.85,700,0,119700
LUPIN30Jan20790CE.NFO,07/01/2020,10:00:20,14.7,14.5,700,14.85,700,0,119700
LUPIN30Jan20790CE.NFO,07/01/2020,10:00:21,14.7,14.45,700,14.85,700,0,119700
LUPIN30Jan20790CE.NFO,07/01/2020,10:00:22,14.7,14.35,700,14.85,2100,0,119700
LUPIN30Jan20790CE.NFO,07/01/2020,10:00:24,14.7,14.4,700,14.75,700,0,119700
LUPIN30Jan20790CE.NFO,07/01/2020,10:00:26,14.7,14.35,700,14.85,700,0,119700
LUPIN30Jan20790CE.NFO,07/01/2020,10:00:28,14.7,14.35,700,14.8,700,0,119700
LUPIN30Jan20790CE.NFO,07/01/2020,10:00:29,14.7,14.3,700,14.75,700,0,119700
LUPIN30Jan20790CE.NFO,07/01/2020,10:00:32,14.7,14.3,700,14.6,700,0,119700
LUPIN30Jan20790CE.NFO,07/01/2020,10:00:34,14.7,14.3,700,14.5,700,0,119700
LUPIN30Jan20790CE.NFO,07/01/2020,10:00:41,14.3,14.2,700,14.4,700,700,119700
LUPIN30Jan20790CE.NFO,07/01/2020,10:00:42,14.3,14.2,700,14.4,700,0,119700
LUPIN30Jan20790CE.NFO,07/01/2020,10:00:52,14.3,14.2,700,14.4,1400,0,119700
LUPIN30Jan20790CE.NFO,07/01/2020,10:01:02,14.3,14.2,700,14.35,700,0,119700
LUPIN30Jan20790CE.NFO,07/01/2020,10:01:08,14.3,14.2,700,14.5,1400,0,119700
LUPIN30Jan20790CE.NFO,07/01/2020,10:01:09,14.3,14.2,700,14.4,700,0,119700
LUPIN30Jan20790CE.NFO,07/01/2020,10:01:11,14.3,14.2,700,14.4,1400,0,119700
LUPIN30Jan20790CE.NFO,07/01/2020,10:01:19,14.3,14.2,700,14.35,700,0,119700
LUPIN30Jan20790CE.NFO,07/01/2020,10:01:44,14.2,14.1,2100,14.25,1400,700,119700
LUPIN30Jan20790CE.NFO,07/01/2020,10:01:49,14.1,14.1,700,14.2,700,1400,119700
LUPIN30Jan20790CE.NFO,07/01/2020,10:01:55,14.1,14.1,700,14.25,700,0,119700
LUPIN30Jan20790CE.NFO,07/01/2020,10:02:00,14.1,13.9,700,14.2,2100,700,119700
LUPIN30Jan20790CE.NFO,07/01/2020,10:02:05,14.1,13.9,700,14.25,700,0,119700
LUPIN30Jan20790CE.NFO,07/01/2020,10:02:11,14.1,14.05,700,14.45,700,0,119700
LUPIN30Jan20790CE.NFO,07/01/2020,10:02:27,14.1,14,700,14.4,700,0,119700
LUPIN30Jan20790CE.NFO,07/01/2020,10:02:32,14.1,14,700,14.35,700,0,119700
LUPIN30Jan20790CE.NFO,07/01/2020,10:02:38,14.1,14,700,14.4,700,0,119700
LUPIN30Jan20790CE.NFO,07/01/2020,10:02:44,14.1,14,700,14.35,700,0,119700
LUPIN30Jan20790CE.NFO,07/01/2020,10:02:54,14.1,14,700,14.45,1400,0,119700
LUPIN30Jan20790CE.NFO,07/01/2020,10:03:00,14.1,13.95,700,14.4,700,0,119700
LUPIN30Jan20790CE.NFO,07/01/2020,10:03:05,14.1,14.1,700,14.4,700,0,119700
LUPIN30Jan20790CE.NFO,07/01/2020,10:03:09,14.1,14,1400,14.45,1400,0,119700
LUPIN30Jan20790CE.NFO,07/01/2020,10:03:14,14.1,14,1400,14.4,2100,0,119700
LUPIN30Jan20790CE.NFO,07/01/2020,10:03:19,14.1,14.1,700,14.5,700,0,119700
LUPIN30Jan20790CE.NFO,07/01/2020,10:03:23,14.1,14,700,14.35,700,0,119700
LUPIN30Jan20790CE.NFO,07/01/2020,10:03:28,14.1,14,700,14.3,700,0,119700
LUPIN30Jan20790CE.NFO,07/01/2020,10:03:33,14.1,14,700,14.3,1400,0,119700
LUPIN30Jan20790CE.NFO,07/01/2020,10:03:37,14.1,14.1,700,14.25,700,0,119700
LUPIN30Jan20790CE.NFO,07/01/2020,10:03:41,14.1,14.1,700,14.35,1400,0,119700
LUPIN30Jan20790CE.NFO,07/01/2020,10:03:50,14.1,14,700,14.3,700,700,123200
LUPIN30Jan20790CE.NFO,07/01/2020,10:03:55,14.1,14,700,14.3,2100,0,123200
LUPIN30Jan20790CE.NFO,07/01/2020,10:04:00,14.1,14,700,14.3,1400,0,123200
LUPIN30Jan20790CE.NFO,07/01/2020,10:04:18,14.1,14,700,14.25,700,0,123200
LUPIN30Jan20790CE.NFO,07/01/2020,10:04:23,14.1,14,700,14.3,1400,0,123200
LUPIN30Jan20790CE.NFO,07/01/2020,10:04:27,14.1,14,700,14.25,1400,0,123200
LUPIN30Jan20790CE.NFO,07/01/2020,10:04:31,14.1,14,700,14.25,700,0,123200
LUPIN30Jan20790CE.NFO,07/01/2020,10:04:40,14.1,14,700,14.3,1400,0,123200
LUPIN30Jan20790CE.NFO,07/01/2020,10:04:50,14.1,14,700,14.25,700,0,123200
LUPIN30Jan20790CE.NFO,07/01/2020,10:04:54,14.1,14,700,14.3,1400,0,123200
LUPIN30Jan20790CE.NFO,07/01/2020,10:05:04,14.1,14,700,14.2,700,0,123200
LUPIN30Jan20790CE.NFO,07/01/2020,10:05:36,14.1,14,700,14.15,700,0,123200
LUPIN30Jan20790CE.NFO,07/01/2020,10:05:59,14,13.85,700,14.15,1400,700,123200
LUPIN30Jan20790CE.NFO,07/01/2020,10:06:04,14,13.8,700,14.15,700,0,123200
LUPIN30Jan20790CE.NFO,07/01/2020,10:06:15,14,13.8,700,14.1,700,0,123200
LUPIN30Jan20790CE.NFO,07/01/2020,10:06:26,14,13.75,700,14.1,700,0,123200
LUPIN30Jan20790CE.NFO,07/01/2020,10:06:32,14,13.7,1400,14.1,2100,0,123200
LUPIN30Jan20790CE.NFO,07/01/2020,10:06:37,14,13.7,1400,14.05,1400,0,123200
LUPIN30Jan20790CE.NFO,07/01/2020,10:06:43,14,13.7,1400,14,1400,0,123200
LUPIN30Jan20790CE.NFO,07/01/2020,10:06:49,14,13.7,1400,14,700,0,123200
LUPIN30Jan20790CE.NFO,07/01/2020,10:06:55,14,13.7,700,13.95,1400,0,123200
LUPIN30Jan20790CE.NFO,07/01/2020,10:07:00,14,13.4,700,13.95,2800,0,123200
LUPIN30Jan20790CE.NFO,07/01/2020,10:07:11,14,13.4,1400,13.95,2800,0,123200
LUPIN30Jan20790CE.NFO,07/01/2020,10:07:17,14,13.5,700,13.95,700,0,123200
LUPIN30Jan20790CE.NFO,07/01/2020,10:07:23,14,13.45,700,13.95,1400,0,123200
LUPIN30Jan20790CE.NFO,07/01/2020,10:07:28,14,13.4,700,13.85,700,0,123200
LUPIN30Jan20790CE.NFO,07/01/2020,10:07:34,13.45,13.4,1400,13.85,700,700,123200
LUPIN30Jan20790CE.NFO,07/01/2020,10:07:38,13.4,13.35,1400,13.8,2100,700,123200
LUPIN30Jan20790CE.NFO,07/01/2020,10:07:43,13.4,13.35,1400,13.8,1400,0,123200
LUPIN30Jan20790CE.NFO,07/01/2020,10:07:48,13.4,13.4,700,13.8,1400,0,123200
LUPIN30Jan20790CE.NFO,07/01/2020,10:07:53,13.4,13.45,1400,13.9,700,0,123200
LUPIN30Jan20790CE.NFO,07/01/2020,10:07:59,13.4,13.45,700,13.85,700,0,123200
LUPIN30Jan20790CE.NFO,07/01/2020,10:08:03,13.4,13.25,700,13.6,700,0,123200
LUPIN30Jan20790CE.NFO,07/01/2020,10:08:08,13.4,13.25,700,13.65,700,0,123200
LUPIN30Jan20790CE.NFO,07/01/2020,10:08:12,13.4,13.25,700,13.6,1400,0,123200
LUPIN30Jan20790CE.NFO,07/01/2020,10:08:17,13.4,13.25,700,13.65,2100,0,123200
LUPIN30Jan20790CE.NFO,07/01/2020,10:08:21,13.4,13.25,1400,13.65,2100,0,123200
LUPIN30Jan20790CE.NFO,07/01/2020,10:08:26,13.4,13.3,700,13.65,2100,0,123200
LUPIN30Jan20790CE.NFO,07/01/2020,10:08:31,13.4,13.25,700,13.65,2100,0,123200
LUPIN30Jan20790CE.NFO,07/01/2020,10:08:36,13.4,13.45,700,13.8,1400,0,123200
LUPIN30Jan20790CE.NFO,07/01/2020,10:09:11,13.4,13.4,2100,13.75,700,0,123200
LUPIN30Jan20790CE.NFO,07/01/2020,10:09:20,13.4,13.4,2100,13.75,1400,0,123200
LUPIN30Jan20790CE.NFO,07/01/2020,10:09:28,13.4,13.4,2100,13.75,700,0,123200
LUPIN30Jan20790CE.NFO,07/01/2020,10:09:33,13.4,13.4,2100,13.75,1400,0,123200
LUPIN30Jan20790CE.NFO,07/01/2020,10:09:37,13.15,13.35,700,13.7,2100,6300,122500
LUPIN30Jan20790CE.NFO,07/01/2020,10:09:41,13.15,13.25,700,13.65,2100,0,122500
LUPIN30Jan20790CE.NFO,07/01/2020,10:09:45,13.15,13.3,700,13.7,1400,0,122500
LUPIN30Jan20790CE.NFO,07/01/2020,10:09:50,13.15,13.3,700,13.6,1400,0,122500
LUPIN30Jan20790CE.NFO,07/01/2020,10:10:05,13.15,13.3,700,13.65,700,0,122500
LUPIN30Jan20790CE.NFO,07/01/2020,10:10:10,13.15,13.3,700,13.6,700,0,122500
LUPIN30Jan20790CE.NFO,07/01/2020,10:10:15,13.15,13.2,700,13.5,700,0,122500
LUPIN30Jan20790CE.NFO,07/01/2020,10:10:27,13.2,13.15,1400,13.55,700,700,122500
LUPIN30Jan20790CE.NFO,07/01/2020,10:10:31,13.2,13.15,2100,13.75,700,0,122500
LUPIN30Jan20790CE.NFO,07/01/2020,10:10:57,13.2,13.15,700,13.6,700,0,122500
LUPIN30Jan20790CE.NFO,07/01/2020,10:11:01,13.2,13.15,700,13.55,2100,0,122500
LUPIN30Jan20790CE.NFO,07/01/2020,10:11:06,13.2,13.25,700,13.55,1400,0,122500
LUPIN30Jan20790CE.NFO,07/01/2020,10:11:10,13.2,13.15,1400,13.55,1400,0,122500
LUPIN30Jan20790CE.NFO,07/01/2020,10:11:36,13.2,13.15,700,13.55,1400,0,122500
LUPIN30Jan20790CE.NFO,07/01/2020,10:11:42,13.2,13.15,700,13.6,700,0,122500
LUPIN30Jan20790CE.NFO,07/01/2020,10:11:52,13.2,13.25,700,13.6,1400,0,122500
LUPIN30Jan20790CE.NFO,07/01/2020,10:13:19,13.2,13.2,700,13.5,700,0,122500
LUPIN30Jan20790CE.NFO,07/01/2020,10:13:24,13.2,13.2,700,13.45,1400,0,122500
LUPIN30Jan20790CE.NFO,07/01/2020,10:13:47,13.2,13.3,700,13.4,700,0,122500
LUPIN30Jan20790CE.NFO,07/01/2020,10:13:53,13.2,13.2,700,13.4,1400,0,122500
LUPIN30Jan20790CE.NFO,07/01/2020,10:13:58,13.2,13.2,700,13.55,700,0,122500
LUPIN30Jan20790CE.NFO,07/01/2020,10:14:02,13.2,13.25,700,13.55,1400,0,122500
LUPIN30Jan20790CE.NFO,07/01/2020,10:14:07,13.2,13.25,700,13.55,700,0,122500
LUPIN30Jan20790CE.NFO,07/01/2020,10:14:12,13.2,13.2,700,13.5,700,0,122500
LUPIN30Jan20790CE.NFO,07/01/2020,10:14:17,13.2,13.2,700,13.65,2100,0,122500
LUPIN30Jan20790CE.NFO,07/01/2020,10:14:34,13.2,13.25,700,13.6,700,0,122500
LUPIN30Jan20790CE.NFO,07/01/2020,10:14:38,13.2,13.25,700,13.6,2100,0,122500
LUPIN30Jan20790CE.NFO,07/01/2020,10:14:43,13.2,13.25,700,13.6,1400,0,122500
LUPIN30Jan20790CE.NFO,07/01/2020,10:14:58,13.2,13.2,700,13.5,700,0,122500
LUPIN30Jan20790CE.NFO,07/01/2020,10:15:13,13.2,13.2,700,13.3,700,0,122500
LUPIN30Jan20790CE.NFO,07/01/2020,10:15:19,13.2,13.2,700,13.4,1400,0,122500
LUPIN30Jan20790CE.NFO,07/01/2020,10:15:24,13.2,13.2,700,13.5,700,0,122500
LUPIN30Jan20790CE.NFO,07/01/2020,10:15:28,13.2,13.25,700,13.65,2100,0,122500
LUPIN30Jan20790CE.NFO,07/01/2020,10:15:33,13.2,13.25,700,13.6,2100,0,122500
LUPIN30Jan20790CE.NFO,07/01/2020,10:15:43,13.2,13.2,700,13.45,700,0,122500
LUPIN30Jan20790CE.NFO,07/01/2020,10:15:49,13.2,13.2,700,13.4,1400,0,122500
LUPIN30Jan20790CE.NFO,07/01/2020,10:15:55,13.2,13.2,700,13.4,700,0,122500
LUPIN30Jan20790CE.NFO,07/01/2020,10:16:05,13.2,13,700,13.25,1400,700,121100
LUPIN30Jan20790CE.NFO,07/01/2020,10:16:09,13.2,13,700,13.25,1400,0,121100
LUPIN30Jan20790CE.NFO,07/01/2020,10:16:22,13.2,13,700,13.25,700,0,121100
LUPIN30Jan20790CE.NFO,07/01/2020,10:16:27,13.2,13,700,13.25,1400,0,121100
LUPIN30Jan20790CE.NFO,07/01/2020,10:16:37,13.2,13,700,13.3,1400,0,121100
LUPIN30Jan20790CE.NFO,07/01/2020,10:16:42,13.2,13,700,13.25,1400,0,121100
LUPIN30Jan20790CE.NFO,07/01/2020,10:16:56,13.2,13.05,700,13.25,1400,0,121100
LUPIN30Jan20790CE.NFO,07/01/2020,10:17:00,13.2,13,700,13.25,1400,0,121100
LUPIN30Jan20790CE.NFO,07/01/2020,10:17:17,13.2,13.05,700,13.25,1400,0,121100
LUPIN30Jan20790CE.NFO,07/01/2020,10:17:25,13.2,13.05,700,13.3,700,0,121100
LUPIN30Jan20790CE.NFO,07/01/2020,10:17:34,13.2,13,700,13.25,1400,0,121100
LUPIN30Jan20790CE.NFO,07/01/2020,10:17:39,13.2,13.05,700,13.25,700,0,121100
LUPIN30Jan20790CE.NFO,07/01/2020,10:17:44,13.2,13,700,13.25,1400,0,121100
LUPIN30Jan20790CE.NFO,07/01/2020,10:17:49,13.2,13,700,13.2,1400,0,121100
LUPIN30Jan20790CE.NFO,07/01/2020,10:17:59,13.2,13.05,1400,13.3,700,0,121100
LUPIN30Jan20790CE.NFO,07/01/2020,10:18:04,13.2,13.1,700,13.35,1400,0,121100
LUPIN30Jan20790CE.NFO,07/01/2020,10:18:08,13.2,13.05,700,13.35,1400,0,121100
LUPIN30Jan20790CE.NFO,07/01/2020,10:18:12,13.2,13,700,13.3,2100,0,121100
LUPIN30Jan20790CE.NFO,07/01/2020,10:18:16,13.2,13,700,13.25,1400,0,121100
LUPIN30Jan20790CE.NFO,07/01/2020,10:18:37,13.2,13,700,13.15,1400,0,121100
LUPIN30Jan20790CE.NFO,07/01/2020,10:18:58,13.2,13,700,13.1,1400,0,121100
LUPIN30Jan20790CE.NFO,07/01/2020,10:19:07,13.2,13,700,13.25,700,0,121100
LUPIN30Jan20790CE.NFO,07/01/2020,10:19:12,13.2,13,700,13.25,1400,0,121100
LUPIN30Jan20790CE.NFO,07/01/2020,10:19:47,13.2,13,700,13.15,700,0,121100
LUPIN30Jan20790CE.NFO,07/01/2020,10:20:08,13.2,13,700,13.25,1400,0,121100
LUPIN30Jan20790CE.NFO,07/01/2020,10:20:12,13.2,13,700,13.2,1400,0,121100
LUPIN30Jan20790CE.NFO,07/01/2020,10:20:43,13,12.9,700,13,700,700,121100
LUPIN30Jan20790CE.NFO,07/01/2020,10:20:43,13,12.9,700,13,700,0,121100
LUPIN30Jan20790CE.NFO,07/01/2020,10:20:47,13,12.9,700,13,700,0,121100
LUPIN30Jan20790CE.NFO,07/01/2020,10:21:53,12.9,12.65,700,12.95,1400,700,121100
LUPIN30Jan20790CE.NFO,07/01/2020,10:21:53,12.9,12.65,700,12.95,1400,0,121100
LUPIN30Jan20790CE.NFO,07/01/2020,10:21:57,12.9,12.65,700,12.95,700,0,121100
LUPIN30Jan20790CE.NFO,07/01/2020,10:22:00,12.9,12.65,700,12.95,1400,0,121100
LUPIN30Jan20790CE.NFO,07/01/2020,10:22:03,12.9,12.65,700,12.95,700,0,121100
LUPIN30Jan20790CE.NFO,07/01/2020,10:22:17,12.9,12.75,700,12.95,700,0,121100
LUPIN30Jan20790CE.NFO,07/01/2020,10:22:25,12.9,12.75,700,13,700,0,121100
LUPIN30Jan20790CE.NFO,07/01/2020,10:22:32,12.9,12.7,2100,13,700,0,121100
LUPIN30Jan20790CE.NFO,07/01/2020,10:23:59,12.9,12.8,1400,13,700,0,121100
LUPIN30Jan20790CE.NFO,07/01/2020,10:24:03,12.9,12.85,700,13,700,0,121100
LUPIN30Jan20790CE.NFO,07/01/2020,10:24:26,13,12.8,1400,13.15,700,700,122500
LUPIN30Jan20790CE.NFO,07/01/2020,10:24:28,13,12.8,1400,13.15,700,0,122500
LUPIN30Jan20790CE.NFO,07/01/2020,10:24:32,13,12.8,1400,13.1,700,0,122500
LUPIN30Jan20790CE.NFO,07/01/2020,10:24:36,13,12.9,700,13.15,1400,0,122500
LUPIN30Jan20790CE.NFO,07/01/2020,10:24:39,13,12.8,700,13.15,1400,0,122500
LUPIN30Jan20790CE.NFO,07/01/2020,10:24:42,13,12.8,2100,13.15,2100,0,122500
LUPIN30Jan20790CE.NFO,07/01/2020,10:24:46,13,12.9,1400,13.15,700,0,122500
LUPIN30Jan20790CE.NFO,07/01/2020,10:24:52,13,13,700,13.15,700,0,122500
LUPIN30Jan20790CE.NFO,07/01/2020,10:24:54,13,13,700,13.1,700,0,122500
LUPIN30Jan20790CE.NFO,07/01/2020,10:24:58,13,13,700,13.15,700,0,122500
LUPIN30Jan20790CE.NFO,07/01/2020,10:25:05,13,12.75,700,13.05,700,0,122500
LUPIN30Jan20790CE.NFO,07/01/2020,10:25:08,13,12.75,700,13.05,1400,0,122500
LUPIN30Jan20790CE.NFO,07/01/2020,10:25:11,13,12.7,700,13,1400,0,122500
LUPIN30Jan20790CE.NFO,07/01/2020,10:25:17,13,12.8,700,13.05,1400,0,122500
LUPIN30Jan20790CE.NFO,07/01/2020,10:25:21,13,12.8,700,12.95,700,0,122500
LUPIN30Jan20790CE.NFO,07/01/2020,10:25:33,13,12.8,700,13,700,0,122500
LUPIN30Jan20790CE.NFO,07/01/2020,10:25:49,13,12.55,1400,13.05,2100,700,122500
LUPIN30Jan20790CE.NFO,07/01/2020,10:25:54,13,12.55,2100,13,700,0,122500
LUPIN30Jan20790CE.NFO,07/01/2020,10:26:11,13,12.55,2800,13.05,700,0,122500
LUPIN30Jan20790CE.NFO,07/01/2020,10:26:23,13,12.55,2100,12.95,700,0,122500
LUPIN30Jan20790CE.NFO,07/01/2020,10:26:36,13,12.5,1400,12.9,700,0,122500
LUPIN30Jan20790CE.NFO,07/01/2020,10:26:40,13,12.5,1400,12.8,700,0,122500
LUPIN30Jan20790CE.NFO,07/01/2020,10:26:47,13,12.5,1400,12.7,700,0,122500
LUPIN30Jan20790CE.NFO,07/01/2020,10:26:50,13,12.5,1400,12.8,700,0,122500
LUPIN30Jan20790CE.NFO,07/01/2020,10:26:54,13,12.5,1400,12.8,1400,0,122500
LUPIN30Jan20790CE.NFO,07/01/2020,10:27:02,13,12.5,1400,12.8,700,0,122500
LUPIN30Jan20790CE.NFO,07/01/2020,10:27:08,13,12.5,1400,12.7,700,0,122500
LUPIN30Jan20790CE.NFO,07/01/2020,10:27:11,13,12.5,1400,12.65,700,0,122500
LUPIN30Jan20790CE.NFO,07/01/2020,10:27:15,13,12.5,1400,12.7,700,0,122500
LUPIN30Jan20790CE.NFO,07/01/2020,10:27:18,13,12.5,1400,12.7,1400,0,122500
LUPIN30Jan20790CE.NFO,07/01/2020,10:27:22,13,12.5,1400,12.75,1400,0,122500
LUPIN30Jan20790CE.NFO,07/01/2020,10:27:25,12.5,12.1,2100,12.6,1400,1400,122500
LUPIN30Jan20790CE.NFO,07/01/2020,10:27:25,12.5,12.1,2100,12.6,1400,0,122500
LUPIN30Jan20790CE.NFO,07/01/2020,10:27:29,12.5,12.45,1400,12.9,700,0,122500
LUPIN30Jan20790CE.NFO,07/01/2020,10:27:33,12.5,12.4,700,12.8,700,0,122500
LUPIN30Jan20790CE.NFO,07/01/2020,10:27:36,12.5,12.5,700,12.9,700,0,122500
LUPIN30Jan20790CE.NFO,07/01/2020,10:27:39,12.5,12.55,700,12.95,1400,0,122500
LUPIN30Jan20790CE.NFO,07/01/2020,10:27:43,12.5,12.65,1400,13.1,700,0,122500
LUPIN30Jan20790CE.NFO,07/01/2020,10:27:51,12.5,12.65,1400,13.1,2100,0,122500
LUPIN30Jan20790CE.NFO,07/01/2020,10:27:54,12.5,12.6,700,13,700,0,122500
LUPIN30Jan20790CE.NFO,07/01/2020,10:27:57,12.5,12.6,700,12.95,700,0,122500
LUPIN30Jan20790CE.NFO,07/01/2020,10:28:00,12.5,12.65,700,13.05,700,0,122500
LUPIN30Jan20790CE.NFO,07/01/2020,10:28:06,12.5,12.65,700,13.1,700,0,122500
LUPIN30Jan20790CE.NFO,07/01/2020,10:28:09,12.5,12.65,1400,13.1,700,0,122500
LUPIN30Jan20790CE.NFO,07/01/2020,10:28:16,12.5,12.65,1400,13.1,1400,0,122500
LUPIN30Jan20790CE.NFO,07/01/2020,10:28:18,12.5,12.65,700,12.95,700,0,122500
LUPIN30Jan20790CE.NFO,07/01/2020,10:28:57,12.5,12.45,700,12.8,700,0,122500
LUPIN30Jan20790CE.NFO,07/01/2020,10:28:57,12.5,12.3,700,12.8,700,0,122500
LUPIN30Jan20790CE.NFO,07/01/2020,10:28:58,12.5,12.45,700,12.8,1400,0,122500
LUPIN30Jan20790CE.NFO,07/01/2020,10:28:59,12.5,12.35,700,12.7,700,0,122500
LUPIN30Jan20790CE.NFO,07/01/2020,10:29:00,12.5,12.35,700,12.7,1400,0,122500
LUPIN30Jan20790CE.NFO,07/01/2020,10:29:02,12.5,12.45,700,12.7,1400,0,122500
LUPIN30Jan20790CE.NFO,07/01/2020,10:29:07,12.5,12.45,700,12.7,700,0,122500
LUPIN30Jan20790CE.NFO,07/01/2020,10:29:10,12.5,12.5,2100,12.75,700,0,122500
LUPIN30Jan20790CE.NFO,07/01/2020,10:29:11,12.5,12.6,700,13.15,700,0,122500
LUPIN30Jan20790CE.NFO,07/01/2020,10:29:11,12.5,12.6,700,13.1,700,0,122500
LUPIN30Jan20790CE.NFO,07/01/2020,10:29:14,12.5,12.6,1400,13.05,700,0,122500
LUPIN30Jan20790CE.NFO,07/01/2020,10:29:17,12.5,12.45,700,12.85,1400,0,122500
LUPIN30Jan20790CE.NFO,07/01/2020,10:29:20,12.5,12.5,700,12.85,1400,0,122500
LUPIN30Jan20790CE.NFO,07/01/2020,10:29:24,12.5,12.5,700,12.85,700,0,122500
LUPIN30Jan20790CE.NFO,07/01/2020,10:29:31,12.5,12.15,700,12.65,1400,0,122500
LUPIN30Jan20790CE.NFO,07/01/2020,10:29:37,12.5,12.3,700,12.6,1400,0,122500
LUPIN30Jan20790CE.NFO,07/01/2020,10:29:40,12.5,12.5,700,12.7,700,0,122500
LUPIN30Jan20790CE.NFO,07/01/2020,10:29:43,12.5,12.5,700,12.8,700,0,122500
LUPIN30Jan20790CE.NFO,07/01/2020,10:29:46,12.5,12.5,700,12.75,1400,0,122500
LUPIN30Jan20790CE.NFO,07/01/2020,10:29:48,12.5,12.5,700,12.8,700,0,122500
LUPIN30Jan20790CE.NFO,07/01/2020,10:29:51,12.5,12.5,700,12.85,700,0,122500
LUPIN30Jan20790CE.NFO,07/01/2020,10:30:02,12.5,12.5,700,12.85,1400,0,122500
LUPIN30Jan20790CE.NFO,07/01/2020,10:30:08,12.5,12.5,700,12.85,700,0,122500
LUPIN30Jan20790CE.NFO,07/01/2020,10:30:10,12.5,12.55,700,12.95,700,0,122500
LUPIN30Jan20790CE.NFO,07/01/2020,10:30:15,12.5,12.5,700,12.85,700,0,122500
LUPIN30Jan20790CE.NFO,07/01/2020,10:30:18,12.5,12.5,700,12.95,1400,0,122500
LUPIN30Jan20790CE.NFO,07/01/2020,10:30:20,12.5,12.5,700,12.95,700,0,122500
LUPIN30Jan20790CE.NFO,07/01/2020,10:30:21,12.5,12.5,700,12.9,700,0,122500
LUPIN30Jan20790CE.NFO,07/01/2020,10:30:24,12.5,12.5,700,12.75,700,0,122500
LUPIN30Jan20790CE.NFO,07/01/2020,10:30:29,12.5,12.5,700,12.7,700,0,122500
LUPIN30Jan20790CE.NFO,07/01/2020,10:30:37,12.5,12.5,700,12.85,1400,0,122500
LUPIN30Jan20790CE.NFO,07/01/2020,10:30:46,12.5,12.15,700,12.75,1400,700,123200
LUPIN30Jan20790CE.NFO,07/01/2020,10:30:50,12.5,12.15,1400,12.7,1400,0,123200
LUPIN30Jan20790CE.NFO,07/01/2020,10:30:57,12.5,12.15,700,12.6,700,0,123200
LUPIN30Jan20790CE.NFO,07/01/2020,10:31:00,12.5,12.15,700,12.7,700,0,123200
LUPIN30Jan20790CE.NFO,07/01/2020,10:31:02,12.5,12.2,700,12.7,700,0,123200
LUPIN30Jan20790CE.NFO,07/01/2020,10:31:05,12.5,12.4,700,12.85,700,0,123200
LUPIN30Jan20790CE.NFO,07/01/2020,10:31:15,12.5,12.4,700,12.75,700,0,123200
LUPIN30Jan20790CE.NFO,07/01/2020,10:31:16,12.5,12.25,700,12.65,700,0,123200
LUPIN30Jan20790CE.NFO,07/01/2020,10:31:23,12.5,12.5,700,12.65,700,0,123200
LUPIN30Jan20790CE.NFO,07/01/2020,10:31:27,12.5,12.5,700,12.8,700,0,123200
LUPIN30Jan20790CE.NFO,07/01/2020,10:31:34,12.5,12.5,700,12.8,1400,0,123200
LUPIN30Jan20790CE.NFO,07/01/2020,10:31:44,12.5,12.5,700,12.75,700,0,123200
LUPIN30Jan20790CE.NFO,07/01/2020,10:31:57,12.5,12.5,700,12.8,700,0,123200
LUPIN30Jan20790CE.NFO,07/01/2020,10:31:59,12.5,12.5,700,12.8,1400,0,123200
LUPIN30Jan20790CE.NFO,07/01/2020,10:32:02,12.5,12.5,700,12.75,700,0,123200
LUPIN30Jan20790CE.NFO,07/01/2020,10:32:05,12.5,12.5,700,12.8,2100,0,123200
LUPIN30Jan20790CE.NFO,07/01/2020,10:32:07,12.5,12.5,700,12.8,1400,0,123200
LUPIN30Jan20790CE.NFO,07/01/2020,10:32:14,12.5,12.5,700,12.7,700,0,123200
LUPIN30Jan20790CE.NFO,07/01/2020,10:32:18,12.5,12.5,700,12.7,1400,0,123200
LUPIN30Jan20790CE.NFO,07/01/2020,10:32:22,12.5,12.5,700,12.7,700,0,123200
LUPIN30Jan20790CE.NFO,07/01/2020,10:32:29,12.5,12.5,700,12.7,1400,0,123200
LUPIN30Jan20790CE.NFO,07/01/2020,10:32:36,12.5,12.5,700,12.75,700,0,123200
LUPIN30Jan20790CE.NFO,07/01/2020,10:32:53,12.5,12.5,700,12.7,700,0,123200
LUPIN30Jan20790CE.NFO,07/01/2020,10:33:24,12.5,12.5,1400,12.75,1400,0,123200
LUPIN30Jan20790CE.NFO,07/01/2020,10:33:27,12.5,12.5,1400,12.7,700,0,123200
LUPIN30Jan20790CE.NFO,07/01/2020,10:33:33,12.65,12.5,1400,12.7,1400,1400,123200
LUPIN30Jan20790CE.NFO,07/01/2020,10:33:36,12.5,12.5,700,12.65,700,700,123900
LUPIN30Jan20790CE.NFO,07/01/2020,10:33:40,12.5,12.55,700,12.65,700,0,123900
LUPIN30Jan20790CE.NFO,07/01/2020,10:33:51,12.55,12.25,1400,12.6,700,700,123900
LUPIN30Jan20790CE.NFO,07/01/2020,10:33:53,12.55,12.25,1400,12.6,700,0,123900
LUPIN30Jan20790CE.NFO,07/01/2020,10:33:59,12.55,12.3,700,12.6,1400,0,123900
LUPIN30Jan20790CE.NFO,07/01/2020,10:34:02,12.55,12.25,1400,12.6,1400,0,123900
LUPIN30Jan20790CE.NFO,07/01/2020,10:34:14,12.55,12.25,2100,12.65,700,0,123900
LUPIN30Jan20790CE.NFO,07/01/2020,10:34:18,12.25,12.25,700,12.6,1400,700,123900
LUPIN30Jan20790CE.NFO,07/01/2020,10:34:18,12.25,12.25,700,12.6,1400,0,123900
LUPIN30Jan20790CE.NFO,07/01/2020,10:34:21,12.25,12.25,700,12.6,1400,0,123900
LUPIN30Jan20790CE.NFO,07/01/2020,10:34:27,12.25,12.2,700,12.6,1400,0,123900
LUPIN30Jan20790CE.NFO,07/01/2020,10:34:31,12.25,12.25,700,12.6,1400,0,123900
LUPIN30Jan20790CE.NFO,07/01/2020,10:34:35,12.25,12.2,700,12.6,1400,0,123900
LUPIN30Jan20790CE.NFO,07/01/2020,10:34:39,12.25,12.25,2100,12.6,700,0,123900
LUPIN30Jan20790CE.NFO,07/01/2020,10:34:43,12.25,12.35,700,12.65,700,0,123900
LUPIN30Jan20790CE.NFO,07/01/2020,10:34:47,12.25,12.35,700,12.65,1400,0,123900
LUPIN30Jan20790CE.NFO,07/01/2020,10:34:52,12.25,12.35,700,12.7,700,0,123900
LUPIN30Jan20790CE.NFO,07/01/2020,10:34:57,12.25,12.2,700,12.6,700,0,123900
LUPIN30Jan20790CE.NFO,07/01/2020,10:35:00,12.25,12.2,700,12.55,1400,0,123900
LUPIN30Jan20790CE.NFO,07/01/2020,10:35:04,12.25,12.3,700,12.65,1400,0,123900
LUPIN30Jan20790CE.NFO,07/01/2020,10:35:20,12.25,12.2,700,12.6,1400,0,123900
LUPIN30Jan20790CE.NFO,07/01/2020,10:35:22,12.25,12.25,700,12.6,700,0,123900
LUPIN30Jan20790CE.NFO,07/01/2020,10:35:26,12.25,12.25,1400,12.45,700,0,123900
LUPIN30Jan20790CE.NFO,07/01/2020,10:35:44,12.25,12.25,1400,12.4,700,0,123900
LUPIN30Jan20790CE.NFO,07/01/2020,10:35:48,12.25,12.25,1400,12.45,700,0,123900
LUPIN30Jan20790CE.NFO,07/01/2020,10:35:54,12.25,12.25,1400,12.5,700,0,123900
LUPIN30Jan20790CE.NFO,07/01/2020,10:35:57,12.25,12.25,1400,12.5,1400,0,123900
LUPIN30Jan20790CE.NFO,07/01/2020,10:36:04,12.25,12.25,1400,12.55,2100,0,123900
LUPIN30Jan20790CE.NFO,07/01/2020,10:36:09,12.25,12.25,1400,12.5,1400,0,123900
LUPIN30Jan20790CE.NFO,07/01/2020,10:36:12,12.25,12.25,1400,12.5,2100,0,123900
LUPIN30Jan20790CE.NFO,07/01/2020,10:36:20,12.5,12.25,1400,12.6,700,700,123200
LUPIN30Jan20790CE.NFO,07/01/2020,10:36:26,12.5,12.25,1400,12.6,700,0,123200
LUPIN30Jan20790CE.NFO,07/01/2020,10:36:31,12.5,12.3,700,12.6,700,0,123200
LUPIN30Jan20790CE.NFO,07/01/2020,10:36:33,12.5,12.35,700,12.7,700,0,123200
LUPIN30Jan20790CE.NFO,07/01/2020,10:36:37,12.5,12.3,1400,12.7,700,0,123200
LUPIN30Jan20790CE.NFO,07/01/2020,10:36:42,12.5,12.25,1400,12.65,1400,0,123200
LUPIN30Jan20790CE.NFO,07/01/2020,10:36:45,12.5,12.3,700,12.7,1400,0,123200
LUPIN30Jan20790CE.NFO,07/01/2020,10:36:48,12.5,12.35,1400,12.7,700,0,123200
LUPIN30Jan20790CE.NFO,07/01/2020,10:36:53,12.5,12.25,1400,12.65,700,0,123200
LUPIN30Jan20790CE.NFO,07/01/2020,10:36:57,12.5,12.25,1400,12.6,700,0,123200
LUPIN30Jan20790CE.NFO,07/01/2020,10:37:00,12.5,12.3,700,12.6,1400,0,123200
LUPIN30Jan20790CE.NFO,07/01/2020,10:37:06,12.5,12.3,700,12.6,700,0,123200
LUPIN30Jan20790CE.NFO,07/01/2020,10:37:37,12.5,12.5,1400,12.65,1400,0,123200
LUPIN30Jan20790CE.NFO,07/01/2020,10:37:42,12.5,12.5,1400,12.65,2100,0,123200
LUPIN30Jan20790CE.NFO,07/01/2020,10:37:45,12.5,12.5,1400,12.65,1400,0,123200
LUPIN30Jan20790CE.NFO,07/01/2020,10:37:52,12.5,12.5,700,12.65,2100,700,123200
LUPIN30Jan20790CE.NFO,07/01/2020,10:37:56,12.5,12.5,700,12.6,700,0,123200
LUPIN30Jan20790CE.NFO,07/01/2020,10:38:00,12.5,12.5,1400,12.6,700,0,123200
LUPIN30Jan20790CE.NFO,07/01/2020,10:38:04,12.5,12.5,1400,12.65,2100,0,123200
LUPIN30Jan20790CE.NFO,07/01/2020,10:38:13,12.5,12.5,1400,12.6,700,0,123200
LUPIN30Jan20790CE.NFO,07/01/2020,10:38:21,12.5,12.5,1400,12.65,2100,0,123200
LUPIN30Jan20790CE.NFO,07/01/2020,10:38:24,12.5,12.2,700,12.6,1400,1400,123200
LUPIN30Jan20790CE.NFO,07/01/2020,10:38:31,12.5,12.2,700,12.6,1400,0,123200
LUPIN30Jan20790CE.NFO,07/01/2020,10:38:34,12.5,12.2,700,12.55,700,0,123200
LUPIN30Jan20790CE.NFO,07/01/2020,10:38:44,12.5,12.15,700,12.5,1400,0,123200
LUPIN30Jan20790CE.NFO,07/01/2020,10:38:48,12.5,12.1,700,12.5,1400,0,123200
LUPIN30Jan20790CE.NFO,07/01/2020,10:39:10,12.5,12.1,700,12.45,1400,0,123200
LUPIN30Jan20790CE.NFO,07/01/2020,10:39:18,12.5,12.1,700,12.45,2100,0,123200
LUPIN30Jan20790CE.NFO,07/01/2020,10:39:21,12.5,12.1,700,12.35,1400,0,123200
LUPIN30Jan20790CE.NFO,07/01/2020,10:39:25,12.5,12.1,700,12.3,700,0,123200
LUPIN30Jan20790CE.NFO,07/01/2020,10:39:28,12.5,12.1,700,12.25,1400,0,123200
LUPIN30Jan20790CE.NFO,07/01/2020,10:39:33,12.5,12.1,700,12.35,2100,0,123200
LUPIN30Jan20790CE.NFO,07/01/2020,10:39:36,12.5,12.1,700,12.35,2800,0,123200
LUPIN30Jan20790CE.NFO,07/01/2020,10:39:39,12.5,12.15,700,12.45,1400,0,123200
LUPIN30Jan20790CE.NFO,07/01/2020,10:39:42,12.5,12.1,700,12.4,1400,0,123200
LUPIN30Jan20790CE.NFO,07/01/2020,10:39:47,12.5,12.1,700,12.4,2100,0,123200
LUPIN30Jan20790CE.NFO,07/01/2020,10:40:01,12.1,12,700,12.4,2100,700,126000
LUPIN30Jan20790CE.NFO,07/01/2020,10:40:01,12.1,12,700,12.4,2100,0,126000
LUPIN30Jan20790CE.NFO,07/01/2020,10:40:04,12.1,12.05,700,12.4,1400,0,126000
LUPIN30Jan20790CE.NFO,07/01/2020,10:40:09,12.1,12.05,700,12.5,2100,0,126000
LUPIN30Jan20790CE.NFO,07/01/2020,10:40:13,12.1,12.05,700,12.45,700,0,126000
LUPIN30Jan20790CE.NFO,07/01/2020,10:40:17,12.1,12.05,1400,12.55,2100,0,126000
LUPIN30Jan20790CE.NFO,07/01/2020,10:40:20,12.1,12.05,1400,12.5,1400,0,126000
LUPIN30Jan20790CE.NFO,07/01/2020,10:40:24,12.1,12.3,1400,12.7,700,0,126000
LUPIN30Jan20790CE.NFO,07/01/2020,10:40:27,12.1,12.3,1400,12.7,1400,0,126000
LUPIN30Jan20790CE.NFO,07/01/2020,10:40:33,12.1,12.25,700,12.7,2100,0,126000
LUPIN30Jan20790CE.NFO,07/01/2020,10:40:38,12.1,12.3,700,12.7,1400,0,126000
LUPIN30Jan20790CE.NFO,07/01/2020,10:40:42,12.1,12.45,1400,12.9,1400,0,126000
LUPIN30Jan20790CE.NFO,07/01/2020,10:40:45,12.1,12.55,2100,13.05,700,0,126000
LUPIN30Jan20790CE.NFO,07/01/2020,10:40:50,12.1,12.55,1400,13.05,700,0,126000
LUPIN30Jan20790CE.NFO,07/01/2020,10:40:52,12.55,12.55,700,13.05,2100,700,126000
LUPIN30Jan20790CE.NFO,07/01/2020,10:40:55,12.55,12.65,700,13.15,700,0,126000
LUPIN30Jan20790CE.NFO,07/01/2020,10:40:57,12.55,12.75,700,13.15,700,0,126000
LUPIN30Jan20790CE.NFO,07/01/2020,10:41:01,12.55,12.65,2100,13.25,700,0,126000
LUPIN30Jan20790CE.NFO,07/01/2020,10:41:04,12.55,12.75,700,13.3,1400,0,126000
LUPIN30Jan20790CE.NFO,07/01/2020,10:41:06,12.55,12.75,700,13.2,1400,0,126000
LUPIN30Jan20790CE.NFO,07/01/2020,10:41:08,12.55,12.7,700,13.15,1400,0,126000
LUPIN30Jan20790CE.NFO,07/01/2020,10:41:13,12.55,12.7,700,13.1,700,0,126000
LUPIN30Jan20790CE.NFO,07/01/2020,10:41:14,12.55,12.7,1400,13.15,700,0,126000
LUPIN30Jan20790CE.NFO,07/01/2020,10:41:16,12.55,12.7,700,13.15,700,0,126000
LUPIN30Jan20790CE.NFO,07/01/2020,10:41:17,12.55,12.7,700,13.05,700,0,126000
LUPIN30Jan20790CE.NFO,07/01/2020,10:41:19,12.55,12.65,1400,13.15,1400,0,126000
LUPIN30Jan20790CE.NFO,07/01/2020,10:41:22,12.55,12.7,700,13.15,1400,0,126000
LUPIN30Jan20790CE.NFO,07/01/2020,10:41:27,12.55,12.65,700,13.05,700,0,126000
LUPIN30Jan20790CE.NFO,07/01/2020,10:41:29,12.55,12.7,700,13.15,1400,0,126000
LUPIN30Jan20790CE.NFO,07/01/2020,10:41:30,12.55,12.7,700,13.15,2800,0,126000
LUPIN30Jan20790CE.NFO,07/01/2020,10:41:34,12.55,12.7,700,13.15,2100,0,126000
LUPIN30Jan20790CE.NFO,07/01/2020,10:41:37,12.55,12.65,700,13.15,2100,0,126000
LUPIN30Jan20790CE.NFO,07/01/2020,10:41:41,12.55,12.55,700,12.95,700,0,126000
LUPIN30Jan20790CE.NFO,07/01/2020,10:41:43,12.55,12.55,1400,13,700,0,126000
LUPIN30Jan20790CE.NFO,07/01/2020,10:41:45,12.55,12.6,700,13,700,0,126000
LUPIN30Jan20790CE.NFO,07/01/2020,10:41:46,12.55,12.55,700,12.95,2100,0,126000
LUPIN30Jan20790CE.NFO,07/01/2020,10:41:48,12.55,12.45,700,12.85,700,0,126000
LUPIN30Jan20790CE.NFO,07/01/2020,10:41:48,12.55,12.5,700,12.95,700,0,126000
LUPIN30Jan20790CE.NFO,07/01/2020,10:41:54,12.55,12.45,700,12.9,1400,0,126000
LUPIN30Jan20790CE.NFO,07/01/2020,10:41:58,12.55,12.45,700,12.8,700,0,126000
LUPIN30Jan20790CE.NFO,07/01/2020,10:42:01,12.55,12.45,700,12.85,700,0,126000
LUPIN30Jan20790CE.NFO,07/01/2020,10:42:03,12.55,12.45,700,12.9,1400,0,126000
LUPIN30Jan20790CE.NFO,07/01/2020,10:42:04,12.55,12.45,700,12.9,2800,0,126000
LUPIN30Jan20790CE.NFO,07/01/2020,10:42:05,12.55,12.35,700,12.9,2800,0,126000
LUPIN30Jan20790CE.NFO,07/01/2020,10:42:07,12.55,12.4,700,12.9,2100,0,126000
LUPIN30Jan20790CE.NFO,07/01/2020,10:42:09,12.55,12.4,1400,12.9,2100,0,126000
LUPIN30Jan20790CE.NFO,07/01/2020,10:42:10,12.55,12.4,1400,12.85,700,0,126000
LUPIN30Jan20790CE.NFO,07/01/2020,10:42:11,12.55,12.45,700,12.9,1400,0,126000
LUPIN30Jan20790CE.NFO,07/01/2020,10:42:14,12.55,12.4,700,12.9,1400,0,126000
LUPIN30Jan20790CE.NFO,07/01/2020,10:42:14,12.55,12.4,2100,12.95,700,0,126000
LUPIN30Jan20790CE.NFO,07/01/2020,10:42:16,12.55,12.45,700,13,700,0,126000
LUPIN30Jan20790CE.NFO,07/01/2020,10:42:17,12.55,12.45,700,12.95,700,0,126000
LUPIN30Jan20790CE.NFO,07/01/2020,10:42:18,12.55,12.5,700,12.9,1400,0,126000
LUPIN30Jan20790CE.NFO,07/01/2020,10:42:20,12.55,12.5,1400,12.95,700,0,126000
LUPIN30Jan20790CE.NFO,07/01/2020,10:42:23,12.55,12.5,700,12.9,1400,0,126000
LUPIN30Jan20790CE.NFO,07/01/2020,10:42:29,12.55,12.4,700,12.85,700,0,126000
LUPIN30Jan20790CE.NFO,07/01/2020,10:42:30,12.55,12.35,700,12.75,700,0,126000
LUPIN30Jan20790CE.NFO,07/01/2020,10:42:34,12.55,12.35,700,12.75,1400,0,126000
LUPIN30Jan20790CE.NFO,07/01/2020,10:42:35,12.55,12.4,700,12.75,700,0,126000
LUPIN30Jan20790CE.NFO,07/01/2020,10:42:40,12.55,12.45,700,12.75,700,0,126000
LUPIN30Jan20790CE.NFO,07/01/2020,10:42:42,12.55,12.4,1400,12.9,700,0,126000
LUPIN30Jan20790CE.NFO,07/01/2020,10:42:42,12.55,12.45,700,12.9,700,0,126000
LUPIN30Jan20790CE.NFO,07/01/2020,10:42:44,12.55,12.5,700,12.9,700,0,126000
LUPIN30Jan20790CE.NFO,07/01/2020,10:42:47,12.55,12.45,1400,12.95,700,0,126000
LUPIN30Jan20790CE.NFO,07/01/2020,10:42:50,12.55,12.45,1400,13,700,0,126000
LUPIN30Jan20790CE.NFO,07/01/2020,10:42:53,12.55,12.45,700,12.95,2800,0,126000
LUPIN30Jan20790CE.NFO,07/01/2020,10:42:54,12.55,12.5,700,12.9,700,0,126000
LUPIN30Jan20790CE.NFO,07/01/2020,10:42:55,12.55,12.45,1400,12.95,700,0,126000
LUPIN30Jan20790CE.NFO,07/01/2020,10:43:05,12.55,12.55,700,12.95,700,0,126000
LUPIN30Jan20790CE.NFO,07/01/2020,10:43:10,12.55,12.55,700,12.95,1400,0,126000
LUPIN30Jan20790CE.NFO,07/01/2020,10:43:14,12.55,12.55,700,12.9,700,0,126000
LUPIN30Jan20790CE.NFO,07/01/2020,10:43:16,12.55,12.55,700,12.9,2100,0,126000
LUPIN30Jan20790CE.NFO,07/01/2020,10:43:20,12.55,12.55,700,12.85,700,0,126000
LUPIN30Jan20790CE.NFO,07/01/2020,10:43:31,12.55,12.55,700,12.9,700,0,126000
LUPIN30Jan20790CE.NFO,07/01/2020,10:43:34,12.55,12.55,700,12.85,700,0,126000
LUPIN30Jan20790CE.NFO,07/01/2020,10:43:38,12.55,12.55,700,12.95,1400,0,126000
LUPIN30Jan20790CE.NFO,07/01/2020,10:43:43,12.55,12.55,700,12.95,700,0,126000
LUPIN30Jan20790CE.NFO,07/01/2020,10:43:47,12.55,12.55,700,12.9,700,0,126000
LUPIN30Jan20790CE.NFO,07/01/2020,10:43:51,12.55,12.55,700,12.8,700,0,126000
LUPIN30Jan20790CE.NFO,07/01/2020,10:43:54,12.55,12.55,700,12.9,700,0,126000
LUPIN30Jan20790CE.NFO,07/01/2020,10:43:58,12.55,12.55,700,12.9,1400,0,126000
LUPIN30Jan20790CE.NFO,07/01/2020,10:44:01,12.55,12.55,700,12.85,700,0,126000
LUPIN30Jan20790CE.NFO,07/01/2020,10:44:05,12.55,12.55,700,12.8,700,0,126000
LUPIN30Jan20790CE.NFO,07/01/2020,10:44:19,12.55,12.55,700,12.85,700,0,126000
LUPIN30Jan20790CE.NFO,07/01/2020,10:44:24,12.55,12.55,700,12.8,700,0,126000
LUPIN30Jan20790CE.NFO,07/01/2020,10:44:25,12.55,12.55,700,12.85,700,0,126000
LUPIN30Jan20790CE.NFO,07/01/2020,10:44:26,12.55,12.55,1400,12.85,700,0,126000
LUPIN30Jan20790CE.NFO,07/01/2020,10:44:28,12.55,12.55,1400,12.85,1400,0,126000
LUPIN30Jan20790CE.NFO,07/01/2020,10:45:11,12.55,12.55,1400,12.75,700,0,126000
LUPIN30Jan20790CE.NFO,07/01/2020,10:45:15,12.55,12.55,1400,12.8,700,0,126000
LUPIN30Jan20790CE.NFO,07/01/2020,10:45:31,12.55,12.55,1400,12.85,700,0,126000
LUPIN30Jan20790CE.NFO,07/01/2020,10:45:36,12.55,12.6,1400,12.95,1400,0,126000
LUPIN30Jan20790CE.NFO,07/01/2020,10:45:38,12.55,12.6,2800,13,700,0,126000
LUPIN30Jan20790CE.NFO,07/01/2020,10:45:43,12.55,12.65,700,13,700,0,126000
LUPIN30Jan20790CE.NFO,07/01/2020,10:45:46,12.55,12.65,1400,13.05,700,0,126000
LUPIN30Jan20790CE.NFO,07/01/2020,10:45:50,12.55,12.65,700,13.15,2100,0,126000
LUPIN30Jan20790CE.NFO,07/01/2020,10:45:53,12.55,12.7,700,13.05,700,0,126000
LUPIN30Jan20790CE.NFO,07/01/2020,10:45:55,12.55,12.65,700,13.05,1400,0,126000
LUPIN30Jan20790CE.NFO,07/01/2020,10:45:59,12.55,12.6,1400,13.05,2800,0,126000
LUPIN30Jan20790CE.NFO,07/01/2020,10:46:05,12.55,12.6,700,13,1400,0,126000
LUPIN30Jan20790CE.NFO,07/01/2020,10:46:07,12.55,12.6,700,13,2100,0,126000
LUPIN30Jan20790CE.NFO,07/01/2020,10:46:12,12.55,12.65,1400,13.05,700,0,126000
LUPIN30Jan20790CE.NFO,07/01/2020,10:46:13,12.55,12.65,2100,13.05,700,0,126000
LUPIN30Jan20790CE.NFO,07/01/2020,10:46:14,12.55,12.7,2100,13.1,700,0,126000
LUPIN30Jan20790CE.NFO,07/01/2020,10:46:18,12.55,12.7,1400,13.15,700,0,126000
LUPIN30Jan20790CE.NFO,07/01/2020,10:46:19,12.55,12.75,700,13.15,700,0,126000
LUPIN30Jan20790CE.NFO,07/01/2020,10:46:22,12.55,12.75,700,13.2,700,0,126000
LUPIN30Jan20790CE.NFO,07/01/2020,10:46:27,12.55,12.75,1400,13.15,700,0,126000
LUPIN30Jan20790CE.NFO,07/01/2020,10:46:29,12.55,12.7,1400,13.15,700,0,126000
LUPIN30Jan20790CE.NFO,07/01/2020,10:46:37,13.15,12.75,700,13.2,1400,700,125300
LUPIN30Jan20790CE.NFO,07/01/2020,10:46:42,13.15,12.75,1400,13.2,700,0,125300
LUPIN30Jan20790CE.NFO,07/01/2020,10:46:44,13.15,12.8,700,13.25,700,0,125300
LUPIN30Jan20790CE.NFO,07/01/2020,10:46:45,13.15,12.8,700,13.25,1400,0,125300
LUPIN30Jan20790CE.NFO,07/01/2020,10:46:46,13.15,12.85,700,13.25,700,0,125300
LUPIN30Jan20790CE.NFO,07/01/2020,10:46:52,13.15,12.9,700,13.3,700,0,125300
LUPIN30Jan20790CE.NFO,07/01/2020,10:46:57,13.15,12.95,700,13.35,700,0,125300
LUPIN30Jan20790CE.NFO,07/01/2020,10:46:59,13.15,12.8,700,13.3,1400,0,125300
LUPIN30Jan20790CE.NFO,07/01/2020,10:47:02,13.15,12.7,1400,13.3,1400,0,125300
LUPIN30Jan20790CE.NFO,07/01/2020,10:47:05,13.15,12.7,1400,13.15,1400,0,125300
LUPIN30Jan20790CE.NFO,07/01/2020,10:47:05,13.15,12.7,1400,13.15,700,0,125300
LUPIN30Jan20790CE.NFO,07/01/2020,10:47:06,13.15,12.75,700,13.2,700,0,125300
LUPIN30Jan20790CE.NFO,07/01/2020,10:47:07,13.15,12.7,700,13.2,1400,0,125300
LUPIN30Jan20790CE.NFO,07/01/2020,10:47:15,13.15,12.75,700,13.2,2100,0,125300
LUPIN30Jan20790CE.NFO,07/01/2020,10:47:16,13.15,12.8,700,13.2,1400,0,125300
LUPIN30Jan20790CE.NFO,07/01/2020,10:47:17,13.15,12.8,700,13.2,700,0,125300
LUPIN30Jan20790CE.NFO,07/01/2020,10:47:18,13.15,12.75,700,13.15,700,0,125300
LUPIN30Jan20790CE.NFO,07/01/2020,10:47:19,13.15,12.7,700,13.15,700,0,125300
LUPIN30Jan20790CE.NFO,07/01/2020,10:47:20,13.15,12.75,700,13.15,700,0,125300
LUPIN30Jan20790CE.NFO,07/01/2020,10:47:21,13.15,12.75,700,13.2,700,0,125300
LUPIN30Jan20790CE.NFO,07/01/2020,10:47:22,13.15,12.7,2100,13.2,700,0,125300
LUPIN30Jan20790CE.NFO,07/01/2020,10:47:23,13.15,12.7,2100,13.2,1400,0,125300
LUPIN30Jan20790CE.NFO,07/01/2020,10:47:24,13.15,12.8,700,13.2,1400,0,125300
LUPIN30Jan20790CE.NFO,07/01/2020,10:47:25,13.15,12.7,1400,13.2,1400,0,125300
LUPIN30Jan20790CE.NFO,07/01/2020,10:47:29,13.15,12.7,2800,13.2,700,0,125300
LUPIN30Jan20790CE.NFO,07/01/2020,10:47:34,13.15,12.7,2800,13.15,700,0,125300
LUPIN30Jan20790CE.NFO,07/01/2020,10:47:35,13.15,12.7,2800,13.2,2100,0,125300
LUPIN30Jan20790CE.NFO,07/01/2020,10:47:37,13.15,12.75,700,13.2,2100,0,125300
LUPIN30Jan20790CE.NFO,07/01/2020,10:47:44,13.15,12.75,700,13.15,700,0,125300
LUPIN30Jan20790CE.NFO,07/01/2020,10:47:50,13.15,12.75,700,13.15,1400,0,125300
LUPIN30Jan20790CE.NFO,07/01/2020,10:47:51,13.15,12.7,1400,13.15,1400,0,125300
LUPIN30Jan20790CE.NFO,07/01/2020,10:47:54,13.15,12.75,700,13.15,700,0,125300
LUPIN30Jan20790CE.NFO,07/01/2020,10:47:56,13.15,12.65,700,13.1,700,0,125300
LUPIN30Jan20790CE.NFO,07/01/2020,10:47:59,13.15,12.7,700,13.15,700,0,125300
LUPIN30Jan20790CE.NFO,07/01/2020,10:48:00,13.15,12.8,1400,13.2,700,0,125300
LUPIN30Jan20790CE.NFO,07/01/2020,10:48:03,13.15,12.8,1400,13.25,700,0,125300
LUPIN30Jan20790CE.NFO,07/01/2020,10:48:06,13.15,12.8,700,13.2,1400,0,125300
LUPIN30Jan20790CE.NFO,07/01/2020,10:48:11,13.15,12.8,700,13.2,700,0,125300
LUPIN30Jan20790CE.NFO,07/01/2020,10:48:14,13.15,12.75,1400,13.2,700,0,125300
LUPIN30Jan20790CE.NFO,07/01/2020,10:48:15,13.15,12.8,700,13.2,700,0,125300
LUPIN30Jan20790CE.NFO,07/01/2020,10:48:17,13.15,12.8,700,13.25,700,0,125300
LUPIN30Jan20790CE.NFO,07/01/2020,10:48:24,13.15,12.7,700,13.15,700,0,125300
LUPIN30Jan20790CE.NFO,07/01/2020,10:48:26,13.15,12.7,700,13.1,700,0,125300
LUPIN30Jan20790CE.NFO,07/01/2020,10:48:29,13.15,12.7,2100,13.15,1400,0,125300
LUPIN30Jan20790CE.NFO,07/01/2020,10:48:30,13.15,12.75,700,13.2,700,0,125300
LUPIN30Jan20790CE.NFO,07/01/2020,10:48:31,13.15,12.9,700,13.35,1400,0,125300
LUPIN30Jan20790CE.NFO,07/01/2020,10:48:32,13.15,12.7,2800,13.35,2100,0,125300
LUPIN30Jan20790CE.NFO,07/01/2020,10:48:33,13.15,12.8,1400,13.25,700,0,125300
LUPIN30Jan20790CE.NFO,07/01/2020,10:48:34,13.15,12.85,700,13.3,700,0,125300
LUPIN30Jan20790CE.NFO,07/01/2020,10:48:36,13.15,12.7,700,13.3,2100,0,125300
LUPIN30Jan20790CE.NFO,07/01/2020,10:48:37,13.15,12.8,700,13.3,2100,0,125300
LUPIN30Jan20790CE.NFO,07/01/2020,10:48:39,13.15,12.85,700,13.3,1400,0,125300
LUPIN30Jan20790CE.NFO,07/01/2020,10:48:42,13.15,12.85,1400,13.35,700,0,125300
LUPIN30Jan20790CE.NFO,07/01/2020,10:48:43,13.15,12.75,2100,13.4,1400,0,125300
LUPIN30Jan20790CE.NFO,07/01/2020,10:48:44,13.15,12.9,700,13.4,700,0,125300
LUPIN30Jan20790CE.NFO,07/01/2020,10:48:47,13.15,12.95,700,13.4,700,0,125300
LUPIN30Jan20790CE.NFO,07/01/2020,10:48:48,13.15,12.85,700,13.4,700,0,125300
LUPIN30Jan20790CE.NFO,07/01/2020,10:48:48,13.15,12.85,700,13.4,1400,0,125300
LUPIN30Jan20790CE.NFO,07/01/2020,10:48:51,13.15,12.85,700,13.3,700,0,125300
LUPIN30Jan20790CE.NFO,07/01/2020,10:48:54,13.15,12.8,700,13.3,700,0,125300
LUPIN30Jan20790CE.NFO,07/01/2020,10:48:59,13.15,12.85,700,13.35,1400,0,125300
LUPIN30Jan20790CE.NFO,07/01/2020,10:49:01,13.15,12.85,700,13.3,700,0,125300
LUPIN30Jan20790CE.NFO,07/01/2020,10:49:04,13.15,12.85,700,13.35,1400,0,125300
LUPIN30Jan20790CE.NFO,07/01/2020,10:49:14,13.15,12.85,700,13.3,700,0,125300
LUPIN30Jan20790CE.NFO,07/01/2020,10:49:15,13.15,12.85,1400,13.35,1400,0,125300
LUPIN30Jan20790CE.NFO,07/01/2020,10:49:25,13.15,12.85,700,13.35,1400,0,125300
LUPIN30Jan20790CE.NFO,07/01/2020,10:49:28,13.15,12.9,700,13.35,1400,0,125300
LUPIN30Jan20790CE.NFO,07/01/2020,10:49:29,13.15,12.8,700,13.25,700,0,125300
LUPIN30Jan20790CE.NFO,07/01/2020,10:49:31,13.15,12.85,700,13.35,1400,0,125300
LUPIN30Jan20790CE.NFO,07/01/2020,10:49:38,13.15,12.7,2100,13.35,2100,0,125300
LUPIN30Jan20790CE.NFO,07/01/2020,10:49:42,13.15,12.7,2800,13.25,700,0,125300
LUPIN30Jan20790CE.NFO,07/01/2020,10:49:43,13.15,12.7,2100,13.25,2100,0,125300
LUPIN30Jan20790CE.NFO,07/01/2020,10:49:44,13.15,12.8,1400,13.25,700,0,125300
LUPIN30Jan20790CE.NFO,07/01/2020,10:49:45,13.15,12.8,1400,13.3,1400,0,125300
LUPIN30Jan20790CE.NFO,07/01/2020,10:49:52,13.15,12.85,700,13.3,1400,0,125300
LUPIN30Jan20790CE.NFO,07/01/2020,10:49:55,13.15,12.7,2100,13.3,2100,0,125300
LUPIN30Jan20790CE.NFO,07/01/2020,10:49:59,13.15,12.7,2800,13.25,700,0,125300
LUPIN30Jan20790CE.NFO,07/01/2020,10:50:03,13.15,12.7,2800,13.2,700,0,125300
LUPIN30Jan20790CE.NFO,07/01/2020,10:50:05,13.15,12.7,2800,13.25,700,0,125300
LUPIN30Jan20790CE.NFO,07/01/2020,10:50:11,13.15,12.75,700,13.2,700,0,125300
LUPIN30Jan20790CE.NFO,07/01/2020,10:50:20,13.15,12.8,700,13.2,700,0,125300
LUPIN30Jan20790CE.NFO,07/01/2020,10:50:23,13.15,12.75,700,13.3,700,0,125300
LUPIN30Jan20790CE.NFO,07/01/2020,10:50:24,13.15,12.8,700,13.3,700,0,125300
LUPIN30Jan20790CE.NFO,07/01/2020,10:50:25,13.15,12.85,700,13.35,700,0,125300
LUPIN30Jan20790CE.NFO,07/01/2020,10:50:26,13.15,12.85,1400,13.35,700,0,125300
LUPIN30Jan20790CE.NFO,07/01/2020,10:50:27,13.15,12.9,700,13.4,1400,0,125300
LUPIN30Jan20790CE.NFO,07/01/2020,10:50:28,13.15,12.85,700,13.4,700,0,125300
LUPIN30Jan20790CE.NFO,07/01/2020,10:50:28,13.15,12.9,700,13.4,700,0,125300
LUPIN30Jan20790CE.NFO,07/01/2020,10:50:30,13.15,12.9,700,13.35,700,0,125300
LUPIN30Jan20790CE.NFO,07/01/2020,10:50:32,13.15,12.9,700,13.3,700,0,125300
LUPIN30Jan20790CE.NFO,07/01/2020,10:50:38,13.15,12.85,700,13.3,700,0,125300
LUPIN30Jan20790CE.NFO,07/01/2020,10:50:43,13.15,12.85,1400,13.35,700,0,125300
LUPIN30Jan20790CE.NFO,07/01/2020,10:50:44,12.85,12.8,700,13.2,1400,700,126000
LUPIN30Jan20790CE.NFO,07/01/2020,10:50:45,12.85,12.8,700,13.2,1400,0,126000
LUPIN30Jan20790CE.NFO,07/01/2020,10:50:50,12.85,12.7,700,13.4,1400,0,126000
LUPIN30Jan20790CE.NFO,07/01/2020,10:50:51,12.85,12.8,700,13.4,1400,0,126000
LUPIN30Jan20790CE.NFO,07/01/2020,10:50:54,12.85,12.7,1400,13.3,700,0,126000
LUPIN30Jan20790CE.NFO,07/01/2020,10:50:55,12.85,12.7,2100,13.3,700,0,126000
LUPIN30Jan20790CE.NFO,07/01/2020,10:50:56,12.85,12.7,2100,13.25,700,0,126000
LUPIN30Jan20790CE.NFO,07/01/2020,10:50:59,12.85,12.7,2100,13.35,700,0,126000
LUPIN30Jan20790CE.NFO,07/01/2020,10:51:01,12.85,12.7,2100,13.25,700,0,126000
LUPIN30Jan20790CE.NFO,07/01/2020,10:51:09,12.85,12.7,2100,13.2,700,0,126000
LUPIN30Jan20790CE.NFO,07/01/2020,10:51:10,12.85,12.7,2100,13.3,700,0,126000
LUPIN30Jan20790CE.NFO,07/01/2020,10:51:12,12.85,12.7,2100,13.2,700,0,126000
LUPIN30Jan20790CE.NFO,07/01/2020,10:51:19,12.85,12.7,700,13.1,700,0,126000
LUPIN30Jan20790CE.NFO,07/01/2020,10:51:24,12.85,12.65,700,13.1,700,0,126000
LUPIN30Jan20790CE.NFO,07/01/2020,10:51:29,12.85,12.7,700,13.05,1400,0,126000
LUPIN30Jan20790CE.NFO,07/01/2020,10:51:33,12.85,12.6,700,13.3,1400,0,126000
LUPIN30Jan20790CE.NFO,07/01/2020,10:51:35,12.85,12.75,700,13.3,1400,0,126000
LUPIN30Jan20790CE.NFO,07/01/2020,10:51:37,12.85,12.75,700,13.3,700,0,126000
LUPIN30Jan20790CE.NFO,07/01/2020,10:51:40,12.85,12.75,700,13.2,700,0,126000
LUPIN30Jan20790CE.NFO,07/01/2020,10:51:53,12.85,12.65,2100,13.3,700,0,126000
LUPIN30Jan20790CE.NFO,07/01/2020,10:51:58,12.85,12.65,2100,13.2,700,0,126000
LUPIN30Jan20790CE.NFO,07/01/2020,10:52:02,12.85,12.7,700,13.15,700,0,126000
LUPIN30Jan20790CE.NFO,07/01/2020,10:52:05,12.85,12.85,2100,13.15,700,0,126000
LUPIN30Jan20790CE.NFO,07/01/2020,10:52:10,12.85,12.85,2100,13.25,700,0,126000
LUPIN30Jan20790CE.NFO,07/01/2020,10:52:14,12.85,12.85,2100,13.15,700,0,126000
LUPIN30Jan20790CE.NFO,07/01/2020,10:52:19,12.85,12.85,2100,13.1,700,0,126000
LUPIN30Jan20790CE.NFO,07/01/2020,10:52:20,12.85,12.85,2100,13.25,700,0,126000
LUPIN30Jan20790CE.NFO,07/01/2020,10:52:21,12.85,12.85,2100,13.15,700,0,126000
LUPIN30Jan20790CE.NFO,07/01/2020,10:52:23,12.85,12.85,2100,13.1,700,0,126000
LUPIN30Jan20790CE.NFO,07/01/2020,10:52:26,12.85,12.85,1400,13,700,700,126000
LUPIN30Jan20790CE.NFO,07/01/2020,10:52:27,12.85,12.85,1400,13,700,0,126000
LUPIN30Jan20790CE.NFO,07/01/2020,10:52:30,12.85,12.85,1400,13.1,700,0,126000
LUPIN30Jan20790CE.NFO,07/01/2020,10:52:34,12.85,12.85,1400,12.9,700,0,126000
LUPIN30Jan20790CE.NFO,07/01/2020,10:52:36,12.85,12.85,700,13.1,700,700,126000
LUPIN30Jan20790CE.NFO,07/01/2020,10:52:37,12.85,12.85,700,13.1,700,0,126000
LUPIN30Jan20790CE.NFO,07/01/2020,10:52:39,12.85,12.85,700,13.1,1400,0,126000
LUPIN30Jan20790CE.NFO,07/01/2020,10:52:41,12.85,12.85,700,13.2,1400,0,126000
LUPIN30Jan20790CE.NFO,07/01/2020,10:52:52,12.85,12.85,700,13.1,700,0,126000
LUPIN30Jan20790CE.NFO,07/01/2020,10:52:55,12.85,12.85,700,13.2,1400,0,126000
LUPIN30Jan20790CE.NFO,07/01/2020,10:53:00,12.85,12.85,700,13.05,700,0,126000
LUPIN30Jan20790CE.NFO,07/01/2020,10:53:02,12.85,12.85,700,13,700,0,126000
LUPIN30Jan20790CE.NFO,07/01/2020,10:53:03,12.85,12.6,700,12.95,700,700,126000
LUPIN30Jan20790CE.NFO,07/01/2020,10:53:04,12.85,12.6,700,12.95,700,0,126000
LUPIN30Jan20790CE.NFO,07/01/2020,10:53:10,12.85,12.6,700,12.95,1400,0,126000
LUPIN30Jan20790CE.NFO,07/01/2020,10:53:21,12.85,12.65,700,13,700,0,126000
LUPIN30Jan20790CE.NFO,07/01/2020,10:53:36,12.85,12.65,1400,13,700,0,126000
LUPIN30Jan20790CE.NFO,07/01/2020,10:53:52,12.85,12.55,700,12.95,1400,0,126000
LUPIN30Jan20790CE.NFO,07/01/2020,10:53:58,12.85,12.55,700,12.9,700,0,126000
LUPIN30Jan20790CE.NFO,07/01/2020,10:54:03,12.85,12.55,700,12.85,1400,0,126000
LUPIN30Jan20790CE.NFO,07/01/2020,10:54:07,12.85,12.55,700,12.8,1400,0,126000
LUPIN30Jan20790CE.NFO,07/01/2020,10:54:12,12.85,12.55,700,12.85,700,0,126000
LUPIN30Jan20790CE.NFO,07/01/2020,10:54:17,12.85,12.55,700,12.8,700,0,126000
LUPIN30Jan20790CE.NFO,07/01/2020,10:54:22,12.85,12.55,700,12.75,700,0,126000
LUPIN30Jan20790CE.NFO,07/01/2020,10:54:26,12.85,12.55,700,12.85,700,0,126000
LUPIN30Jan20790CE.NFO,07/01/2020,10:54:38,12.85,12.55,700,12.8,700,0,126000
LUPIN30Jan20790CE.NFO,07/01/2020,10:54:45,12.85,12.55,700,12.75,1400,0,126000
LUPIN30Jan20790CE.NFO,07/01/2020,10:54:49,12.85,12.55,700,12.95,1400,0,126000
LUPIN30Jan20790CE.NFO,07/01/2020,10:54:54,12.85,12.55,700,12.75,700,0,126000
LUPIN30Jan20790CE.NFO,07/01/2020,10:55:04,12.85,12.55,700,12.85,1400,0,126000
LUPIN30Jan20790CE.NFO,07/01/2020,10:55:09,12.85,12.55,700,12.9,1400,0,126000
LUPIN30Jan20790CE.NFO,07/01/2020,10:55:18,12.85,12.55,700,12.8,700,0,126000
LUPIN30Jan20790CE.NFO,07/01/2020,10:55:24,12.85,12.55,700,12.75,700,0,126000
LUPIN30Jan20790CE.NFO,07/01/2020,10:55:30,12.85,12.55,700,12.8,1400,0,126000
LUPIN30Jan20790CE.NFO,07/01/2020,10:55:36,12.85,12.55,700,12.9,1400,0,126000
LUPIN30Jan20790CE.NFO,07/01/2020,10:55:42,12.6,12.55,700,12.85,700,700,127400
LUPIN30Jan20790CE.NFO,07/01/2020,10:55:47,12.6,12.6,700,12.95,700,0,127400
LUPIN30Jan20790CE.NFO,07/01/2020,10:55:56,12.6,12.55,700,12.95,1400,0,127400
LUPIN30Jan20790CE.NFO,07/01/2020,10:56:00,12.6,12.6,700,12.95,1400,0,127400
LUPIN30Jan20790CE.NFO,07/01/2020,10:56:05,12.6,12.55,700,12.9,700,0,127400
LUPIN30Jan20790CE.NFO,07/01/2020,10:56:10,12.6,12.6,700,12.95,700,0,127400
LUPIN30Jan20790CE.NFO,07/01/2020,10:56:19,12.6,12.6,1400,12.95,700,0,127400
LUPIN30Jan20790CE.NFO,07/01/2020,10:56:23,12.6,12.6,700,12.95,700,0,127400
LUPIN30Jan20790CE.NFO,07/01/2020,10:56:31,12.6,12.6,700,12.9,700,0,127400
LUPIN30Jan20790CE.NFO,07/01/2020,10:56:37,12.6,12.6,700,12.9,1400,0,127400
LUPIN30Jan20790CE.NFO,07/01/2020,10:56:41,12.6,12.6,700,12.95,1400,0,127400
LUPIN30Jan20790CE.NFO,07/01/2020,10:56:45,12.55,12.35,700,12.9,700,700,127400
LUPIN30Jan20790CE.NFO,07/01/2020,10:56:49,12.55,12.45,1400,12.95,2100,0,127400
LUPIN30Jan20790CE.NFO,07/01/2020,10:56:55,12.55,12.35,700,12.85,1400,0,127400
LUPIN30Jan20790CE.NFO,07/01/2020,10:57:06,12.55,12.35,1400,12.75,700,0,127400
LUPIN30Jan20790CE.NFO,07/01/2020,10:57:11,12.55,12.35,700,12.65,700,0,127400
LUPIN30Jan20790CE.NFO,07/01/2020,10:57:18,12.55,12.35,700,12.7,700,0,127400
LUPIN30Jan20790CE.NFO,07/01/2020,10:57:24,12.55,12.1,700,12.5,1400,0,127400
LUPIN30Jan20790CE.NFO,07/01/2020,10:57:32,12.55,12.2,1400,12.6,700,0,127400
LUPIN30Jan20790CE.NFO,07/01/2020,10:57:39,12.55,12.15,2100,12.65,700,0,127400
LUPIN30Jan20790CE.NFO,07/01/2020,10:57:45,12.55,12.15,2100,12.75,700,0,127400
LUPIN30Jan20790CE.NFO,07/01/2020,10:57:51,12.55,12.15,2100,12.7,700,0,127400
LUPIN30Jan20790CE.NFO,07/01/2020,10:57:57,12.55,12.1,700,12.45,700,0,127400
LUPIN30Jan20790CE.NFO,07/01/2020,10:58:03,12.55,12.15,700,12.6,700,0,127400
LUPIN30Jan20790CE.NFO,07/01/2020,10:58:09,12.55,12.1,1400,12.65,700,0,127400
LUPIN30Jan20790CE.NFO,07/01/2020,10:58:16,12.55,12.1,1400,12.55,700,1400,127400
LUPIN30Jan20790CE.NFO,07/01/2020,10:58:22,12.55,12.15,700,12.65,1400,0,127400
LUPIN30Jan20790CE.NFO,07/01/2020,10:58:29,12.55,12.15,700,12.6,700,0,127400
LUPIN30Jan20790CE.NFO,07/01/2020,10:58:36,12.55,12.1,700,12.55,1400,0,127400
LUPIN30Jan20790CE.NFO,07/01/2020,10:58:47,12.55,12.2,1400,12.65,700,0,127400
LUPIN30Jan20790CE.NFO,07/01/2020,10:58:54,12.55,12.15,700,12.55,700,0,127400
LUPIN30Jan20790CE.NFO,07/01/2020,10:59:00,12.55,12.1,700,12.5,700,0,127400
LUPIN30Jan20790CE.NFO,07/01/2020,10:59:07,12.55,12.15,700,12.6,1400,0,127400
LUPIN30Jan20790CE.NFO,07/01/2020,10:59:13,12.15,12.1,700,12.55,700,700,127400
LUPIN30Jan20790CE.NFO,07/01/2020,10:59:25,12.15,12.05,700,12.5,700,0,127400
LUPIN30Jan20790CE.NFO,07/01/2020,10:59:31,12.15,12.15,700,12.45,700,0,127400
LUPIN30Jan20790CE.NFO,07/01/2020,10:59:37,12.15,12.15,700,12.5,1400,0,127400
LUPIN30Jan20790CE.NFO,07/01/2020,10:59:43,12.15,12.05,1400,12.45,700,0,127400
LUPIN30Jan20790CE.NFO,07/01/2020,10:59:54,12.15,12.05,1400,12.45,1400,0,127400
LUPIN30Jan20790CE.NFO,07/01/2020,11:00:07,12.15,12,700,12.3,1400,0,127400
LUPIN30Jan20790CE.NFO,07/01/2020,11:00:15,12.15,12,700,12.2,1400,0,127400
LUPIN30Jan20790CE.NFO,07/01/2020,11:00:22,12.15,12,700,12.1,700,0,127400
LUPIN30Jan20790CE.NFO,07/01/2020,11:00:28,12.15,12,700,12.15,700,0,127400
LUPIN30Jan20790CE.NFO,07/01/2020,11:00:35,12.15,12,700,12.25,1400,0,127400
LUPIN30Jan20790CE.NFO,07/01/2020,11:00:42,12.15,12,700,12.25,700,0,127400
LUPIN30Jan20790CE.NFO,07/01/2020,11:00:55,12,11.8,700,12.2,700,700,128100
LUPIN30Jan20790CE.NFO,07/01/2020,11:00:55,12,11.8,700,12.2,700,0,128100
LUPIN30Jan20790CE.NFO,07/01/2020,11:01:02,12,11.75,700,12.25,2800,0,128100
LUPIN30Jan20790CE.NFO,07/01/2020,11:01:10,12,11.7,700,12.15,700,0,128100
LUPIN30Jan20790CE.NFO,07/01/2020,11:01:17,12,11.75,700,12.05,700,0,128100
LUPIN30Jan20790CE.NFO,07/01/2020,11:01:25,12,11.65,700,12.1,700,0,128100
LUPIN30Jan20790CE.NFO,07/01/2020,11:01:33,12,11.65,700,12.05,700,0,128100
LUPIN30Jan20790CE.NFO,07/01/2020,11:01:40,12,11.7,700,12.15,700,0,128100
LUPIN30Jan20790CE.NFO,07/01/2020,11:01:48,12,11.8,700,12.25,1400,0,128100
LUPIN30Jan20790CE.NFO,07/01/2020,11:01:56,12,11.75,700,12.1,700,0,128100
LUPIN30Jan20790CE.NFO,07/01/2020,11:02:03,12,11.75,700,12.25,1400,0,128100
LUPIN30Jan20790CE.NFO,07/01/2020,11:02:10,12,11.8,700,12.3,700,0,128100
LUPIN30Jan20790CE.NFO,07/01/2020,11:02:17,12,11.8,1400,12.3,1400,0,128100
LUPIN30Jan20790CE.NFO,07/01/2020,11:02:23,12,11.8,700,12.25,1400,0,128100
LUPIN30Jan20790CE.NFO,07/01/2020,11:02:29,12,11.55,700,12,700,0,128100
LUPIN30Jan20790CE.NFO,07/01/2020,11:02:42,12,12,700,12.2,700,700,128800
LUPIN30Jan20790CE.NFO,07/01/2020,11:02:48,12,12,700,12.25,700,0,128800
LUPIN30Jan20790CE.NFO,07/01/2020,11:02:55,12,12,700,12.2,700,0,128800
LUPIN30Jan20790CE.NFO,07/01/2020,11:03:08,12,12,700,12.35,700,0,128800
LUPIN30Jan20790CE.NFO,07/01/2020,11:03:13,12,12,700,12.3,700,0,128800
LUPIN30Jan20790CE.NFO,07/01/2020,11:03:14,12,12,700,12.25,700,0,128800
LUPIN30Jan20790CE.NFO,07/01/2020,11:03:21,12,12,700,12.3,700,0,128800
LUPIN30Jan20790CE.NFO,07/01/2020,11:03:23,12,11.85,700,12.35,700,700,128800
LUPIN30Jan20790CE.NFO,07/01/2020,11:03:24,12,11.9,700,12.35,700,0,128800
LUPIN30Jan20790CE.NFO,07/01/2020,11:03:28,12,11.95,700,12.4,700,0,128800
LUPIN30Jan20790CE.NFO,07/01/2020,11:03:31,12,11.9,700,12.4,700,0,128800
LUPIN30Jan20790CE.NFO,07/01/2020,11:03:33,12,11.85,700,12.4,1400,0,128800
LUPIN30Jan20790CE.NFO,07/01/2020,11:03:34,12,11.85,700,12.3,700,0,128800
LUPIN30Jan20790CE.NFO,07/01/2020,11:03:35,12,11.85,700,12.35,700,0,128800
LUPIN30Jan20790CE.NFO,07/01/2020,11:03:36,12,11.8,700,12.35,700,0,128800
LUPIN30Jan20790CE.NFO,07/01/2020,11:03:37,12,11.75,1400,12.3,1400,0,128800
LUPIN30Jan20790CE.NFO,07/01/2020,11:03:38,12,11.75,1400,12.3,700,0,128800
LUPIN30Jan20790CE.NFO,07/01/2020,11:03:39,12,11.8,1400,12.3,700,0,128800
LUPIN30Jan20790CE.NFO,07/01/2020,11:03:40,12,11.8,700,12.3,700,0,128800
LUPIN30Jan20790CE.NFO,07/01/2020,11:03:41,12,11.8,1400,12.3,700,0,128800
LUPIN30Jan20790CE.NFO,07/01/2020,11:03:43,12,11.8,2100,12.3,1400,1400,128800
LUPIN30Jan20790CE.NFO,07/01/2020,11:03:44,12,11.8,1400,12.35,700,0,128800
LUPIN30Jan20790CE.NFO,07/01/2020,11:03:45,12,11.9,700,12.35,700,0,128800
LUPIN30Jan20790CE.NFO,07/01/2020,11:03:53,12,11.8,1400,12.35,1400,0,128800
LUPIN30Jan20790CE.NFO,07/01/2020,11:03:58,12,11.85,700,12.35,1400,0,128800
LUPIN30Jan20790CE.NFO,07/01/2020,11:03:59,12,11.8,2100,12.4,2100,0,128800
LUPIN30Jan20790CE.NFO,07/01/2020,11:04:01,12,11.8,2100,12.4,1400,0,128800
LUPIN30Jan20790CE.NFO,07/01/2020,11:04:02,12,11.8,2100,12.4,2100,0,128800
LUPIN30Jan20790CE.NFO,07/01/2020,11:04:06,12,11.8,1400,12.3,700,0,128800
LUPIN30Jan20790CE.NFO,07/01/2020,11:04:10,12,11.85,700,12.35,700,0,128800
LUPIN30Jan20790CE.NFO,07/01/2020,11:04:11,12,11.8,700,12.35,700,0,128800
LUPIN30Jan20790CE.NFO,07/01/2020,11:04:16,12,11.7,700,12.2,700,0,128800
LUPIN30Jan20790CE.NFO,07/01/2020,11:04:22,12,11.75,700,12.3,700,0,128800
LUPIN30Jan20790CE.NFO,07/01/2020,11:04:28,12,11.55,1400,12,700,0,128800
LUPIN30Jan20790CE.NFO,07/01/2020,11:04:35,12,11.55,700,12.05,700,0,128800
LUPIN30Jan20790CE.NFO,07/01/2020,11:04:42,12,11.55,1400,12,700,0,128800
LUPIN30Jan20790CE.NFO,07/01/2020,11:04:49,12,11.55,700,12.1,700,0,128800
LUPIN30Jan20790CE.NFO,07/01/2020,11:04:56,12,11.65,1400,12.2,1400,0,128800
LUPIN30Jan20790CE.NFO,07/01/2020,11:05:03,12,11.65,700,12.2,1400,0,128800
LUPIN30Jan20790CE.NFO,07/01/2020,11:05:10,12,11.6,700,12.2,2100,0,128800
LUPIN30Jan20790CE.NFO,07/01/2020,11:05:16,12,11.65,1400,12.15,700,0,128800
LUPIN30Jan20790CE.NFO,07/01/2020,11:05:24,12,11.75,700,12.25,1400,0,128800
LUPIN30Jan20790CE.NFO,07/01/2020,11:05:30,12,11.65,700,12.15,700,0,128800
LUPIN30Jan20790CE.NFO,07/01/2020,11:05:38,12,11.65,700,12.25,1400,0,128800
LUPIN30Jan20790CE.NFO,07/01/2020,11:05:44,12,11.65,700,12.25,2100,0,128800
LUPIN30Jan20790CE.NFO,07/01/2020,11:05:51,12,11.65,700,12.25,2800,0,128800
LUPIN30Jan20790CE.NFO,07/01/2020,11:05:58,12,11.75,700,12.15,700,0,128800
LUPIN30Jan20790CE.NFO,07/01/2020,11:06:05,12,11.9,700,12.25,700,0,128800
LUPIN30Jan20790CE.NFO,07/01/2020,11:06:12,12,11.8,700,12.3,1400,0,128800
LUPIN30Jan20790CE.NFO,07/01/2020,11:06:19,12,11.75,700,12.3,700,0,128800
LUPIN30Jan20790CE.NFO,07/01/2020,11:06:25,12,11.8,700,12.3,700,0,128800
LUPIN30Jan20790CE.NFO,07/01/2020,11:06:36,12,11.95,700,12.4,700,0,128800
LUPIN30Jan20790CE.NFO,07/01/2020,11:06:41,12,12,700,12.4,700,0,128800
LUPIN30Jan20790CE.NFO,07/01/2020,11:06:46,12,11.85,700,12.4,700,0,128800
LUPIN30Jan20790CE.NFO,07/01/2020,11:06:51,12,11.75,700,12.3,1400,0,128800
LUPIN30Jan20790CE.NFO,07/01/2020,11:06:56,12,11.85,700,12.4,700,0,128800
LUPIN30Jan20790CE.NFO,07/01/2020,11:07:07,12,11.9,700,12.35,1400,0,128800
LUPIN30Jan20790CE.NFO,07/01/2020,11:07:14,12,11.8,700,12.35,2800,0,128800
LUPIN30Jan20790CE.NFO,07/01/2020,11:07:16,12,11.85,700,12.3,700,0,128800
LUPIN30Jan20790CE.NFO,07/01/2020,11:07:17,12,11.9,1400,12.4,700,0,128800
LUPIN30Jan20790CE.NFO,07/01/2020,11:07:19,12,11.95,700,12.4,700,0,128800
LUPIN30Jan20790CE.NFO,07/01/2020,11:07:20,12,11.9,1400,12.4,700,0,128800
LUPIN30Jan20790CE.NFO,07/01/2020,11:07:21,12,12,700,12.4,700,0,128800
LUPIN30Jan20790CE.NFO,07/01/2020,11:07:22,12,12,700,12.45,1400,0,128800
LUPIN30Jan20790CE.NFO,07/01/2020,11:07:23,12,12.05,700,12.45,1400,0,128800
LUPIN30Jan20790CE.NFO,07/01/2020,11:07:26,12,11.95,700,12.4,1400,0,128800
LUPIN30Jan20790CE.NFO,07/01/2020,11:07:28,12,12.05,700,12.45,700,0,128800
LUPIN30Jan20790CE.NFO,07/01/2020,11:07:31,12,12,700,12.45,700,0,128800
LUPIN30Jan20790CE.NFO,07/01/2020,11:07:32,12,12.05,700,12.45,700,0,128800
LUPIN30Jan20790CE.NFO,07/01/2020,11:07:35,12,12.1,700,12.45,700,0,128800
LUPIN30Jan20790CE.NFO,07/01/2020,11:07:44,12,12.15,700,12.45,700,0,128800
LUPIN30Jan20790CE.NFO,07/01/2020,11:07:47,12,12.05,700,12.45,1400,0,128800
LUPIN30Jan20790CE.NFO,07/01/2020,11:07:48,12,12,700,12.45,1400,0,128800
LUPIN30Jan20790CE.NFO,07/01/2020,11:07:54,12,12.05,700,12.45,700,0,128800
LUPIN30Jan20790CE.NFO,07/01/2020,11:07:57,12,12,700,12.4,700,0,128800
LUPIN30Jan20790CE.NFO,07/01/2020,11:07:59,12,11.95,700,12.4,1400,0,128800
LUPIN30Jan20790CE.NFO,07/01/2020,11:08:00,12,11.95,700,12.4,2100,0,128800
LUPIN30Jan20790CE.NFO,07/01/2020,11:08:05,12,11.9,700,12.35,1400,0,128800
LUPIN30Jan20790CE.NFO,07/01/2020,11:08:08,12,11.8,700,12.3,700,0,128800
LUPIN30Jan20790CE.NFO,07/01/2020,11:08:09,12,11.9,700,12.3,1400,0,128800
LUPIN30Jan20790CE.NFO,07/01/2020,11:08:10,12,11.85,700,12.3,1400,0,128800
LUPIN30Jan20790CE.NFO,07/01/2020,11:08:11,12,11.9,700,12.35,700,0,128800
LUPIN30Jan20790CE.NFO,07/01/2020,11:08:19,12,11.9,700,12.3,700,0,128800
LUPIN30Jan20790CE.NFO,07/01/2020,11:08:24,12,11.95,1400,12.4,700,0,128800
LUPIN30Jan20790CE.NFO,07/01/2020,11:08:35,12,12,700,12.35,700,0,128800
LUPIN30Jan20790CE.NFO,07/01/2020,11:08:45,12,11.9,700,12.35,700,0,128800
LUPIN30Jan20790CE.NFO,07/01/2020,11:08:54,12,11.95,700,12.35,700,0,128800
LUPIN30Jan20790CE.NFO,07/01/2020,11:08:59,12,11.85,700,12.3,1400,0,128800
LUPIN30Jan20790CE.NFO,07/01/2020,11:09:04,12,11.95,700,12.35,700,0,128800
LUPIN30Jan20790CE.NFO,07/01/2020,11:09:14,12,11.85,1400,12.35,700,0,128800
LUPIN30Jan20790CE.NFO,07/01/2020,11:09:19,12,11.85,700,12.3,1400,0,128800
LUPIN30Jan20790CE.NFO,07/01/2020,11:09:29,12,11.85,700,12.3,700,0,128800
LUPIN30Jan20790CE.NFO,07/01/2020,11:09:33,12,11.9,700,12.4,2100,0,128800
LUPIN30Jan20790CE.NFO,07/01/2020,11:09:38,12,11.95,700,12.4,700,0,128800
LUPIN30Jan20790CE.NFO,07/01/2020,11:09:42,12,12,700,12.4,700,0,128800
LUPIN30Jan20790CE.NFO,07/01/2020,11:09:47,12,12,700,12.4,2100,0,128800
LUPIN30Jan20790CE.NFO,07/01/2020,11:09:50,12,12.05,700,12.45,1400,0,128800
LUPIN30Jan20790CE.NFO,07/01/2020,11:09:55,12,12.05,1400,12.45,1400,0,128800
LUPIN30Jan20790CE.NFO,07/01/2020,11:10:07,12,12.15,700,12.45,700,0,128800
LUPIN30Jan20790CE.NFO,07/01/2020,11:10:15,12,12.25,700,12.45,700,0,128800
LUPIN30Jan20790CE.NFO,07/01/2020,11:10:16,12,12.2,700,12.45,700,0,128800
LUPIN30Jan20790CE.NFO,07/01/2020,11:10:20,12,12.15,700,12.45,700,0,128800
LUPIN30Jan20790CE.NFO,07/01/2020,11:10:39,12,12,700,12.4,700,0,128800
LUPIN30Jan20790CE.NFO,07/01/2020,11:10:40,12,12.05,1400,12.45,700,0,128800
LUPIN30Jan20790CE.NFO,07/01/2020,11:10:41,12,12.05,2100,12.45,700,0,128800
LUPIN30Jan20790CE.NFO,07/01/2020,11:10:42,12,12.1,1400,12.45,700,0,128800
LUPIN30Jan20790CE.NFO,07/01/2020,11:10:43,12,12.15,700,12.45,700,0,128800
LUPIN30Jan20790CE.NFO,07/01/2020,11:10:53,12,12.1,700,12.45,700,0,128800
LUPIN30Jan20790CE.NFO,07/01/2020,11:11:01,12,12.15,700,12.45,700,0,128800
LUPIN30Jan20790CE.NFO,07/01/2020,11:11:05,12,12,700,12.45,700,0,128800
LUPIN30Jan20790CE.NFO,07/01/2020,11:11:07,12,12.05,700,12.45,700,0,128800
LUPIN30Jan20790CE.NFO,07/01/2020,11:11:07,12,11.95,700,12.45,700,0,128800
LUPIN30Jan20790CE.NFO,07/01/2020,11:11:08,12,12,700,12.45,700,0,128800
LUPIN30Jan20790CE.NFO,07/01/2020,11:11:09,12,11.95,700,12.4,700,0,128800
LUPIN30Jan20790CE.NFO,07/01/2020,11:11:11,12,11.95,700,12.4,1400,0,128800
LUPIN30Jan20790CE.NFO,07/01/2020,11:11:12,12,11.95,700,12.4,700,0,128800
LUPIN30Jan20790CE.NFO,07/01/2020,11:11:13,12,11.9,700,12.35,700,0,128800
LUPIN30Jan20790CE.NFO,07/01/2020,11:11:20,12,11.85,700,12.3,700,0,128800
LUPIN30Jan20790CE.NFO,07/01/2020,11:11:26,12,11.6,2100,12.2,1400,0,128800
LUPIN30Jan20790CE.NFO,07/01/2020,11:11:34,12,11.65,700,12.2,1400,0,128800
LUPIN30Jan20790CE.NFO,07/01/2020,11:11:47,12,11.75,700,12.3,1400,0,128800
LUPIN30Jan20790CE.NFO,07/01/2020,11:11:54,12,11.7,700,12.2,1400,0,128800
LUPIN30Jan20790CE.NFO,07/01/2020,11:12:00,12,11.7,1400,12.2,1400,0,128800
LUPIN30Jan20790CE.NFO,07/01/2020,11:12:09,12,11.65,700,12.2,700,0,128800
LUPIN30Jan20790CE.NFO,07/01/2020,11:12:16,12,11.55,700,12.05,700,0,128800
LUPIN30Jan20790CE.NFO,07/01/2020,11:12:24,12,11.55,700,12,700,0,128800
LUPIN30Jan20790CE.NFO,07/01/2020,11:12:47,12,11.5,700,11.9,700,0,128800
LUPIN30Jan20790CE.NFO,07/01/2020,11:13:03,12,11.55,700,12,700,0,128800
LUPIN30Jan20790CE.NFO,07/01/2020,11:13:08,12,11.5,700,11.9,700,0,128800
LUPIN30Jan20790CE.NFO,07/01/2020,11:13:14,12,11.5,700,11.85,700,0,128800
LUPIN30Jan20790CE.NFO,07/01/2020,11:13:26,12,11.5,700,11.8,1400,0,128800
LUPIN30Jan20790CE.NFO,07/01/2020,11:13:43,12,11.5,700,11.8,700,0,128800
LUPIN30Jan20790CE.NFO,07/01/2020,11:13:49,12,11.5,700,11.75,700,0,128800
LUPIN30Jan20790CE.NFO,07/01/2020,11:13:55,12,11.5,700,11.8,700,0,128800
LUPIN30Jan20790CE.NFO,07/01/2020,11:14:00,12,11.5,700,11.85,1400,0,128800
LUPIN30Jan20790CE.NFO,07/01/2020,11:14:05,12,11.5,700,11.85,700,0,128800
LUPIN30Jan20790CE.NFO,07/01/2020,11:14:11,12,11.5,700,11.9,1400,0,128800
LUPIN30Jan20790CE.NFO,07/01/2020,11:14:18,12,11.5,700,11.85,700,0,128800
LUPIN30Jan20790CE.NFO,07/01/2020,11:14:23,12,11.5,700,11.8,700,0,128800
LUPIN30Jan20790CE.NFO,07/01/2020,11:14:49,12,11.5,700,11.75,700,0,128800
LUPIN30Jan20790CE.NFO,07/01/2020,11:14:54,12,11.5,700,11.7,700,0,128800
LUPIN30Jan20790CE.NFO,07/01/2020,11:15:00,11.5,11.05,1400,11.55,700,700,128800
LUPIN30Jan20790CE.NFO,07/01/2020,11:15:00,11.5,11.05,1400,11.55,700,0,128800
LUPIN30Jan20790CE.NFO,07/01/2020,11:15:06,11.5,11,2800,11.4,700,0,128800
LUPIN30Jan20790CE.NFO,07/01/2020,11:15:28,11.5,11,2800,11.4,1400,0,128800
LUPIN30Jan20790CE.NFO,07/01/2020,11:15:34,11.5,11,2800,11.4,700,0,128800
LUPIN30Jan20790CE.NFO,07/01/2020,11:15:40,11.5,11,2800,11.3,700,0,128800
LUPIN30Jan20790CE.NFO,07/01/2020,11:15:44,11,11,2100,11.3,1400,700,128800
LUPIN30Jan20790CE.NFO,07/01/2020,11:15:44,11,11,2100,11.3,1400,0,128800
LUPIN30Jan20790CE.NFO,07/01/2020,11:15:50,11,11,2100,11.25,700,0,128800
LUPIN30Jan20790CE.NFO,07/01/2020,11:15:55,11,11,2100,11.25,1400,0,128800
LUPIN30Jan20790CE.NFO,07/01/2020,11:16:00,11,11,2100,11.25,2100,0,128800
LUPIN30Jan20790CE.NFO,07/01/2020,11:16:07,11,11,1400,11.3,1400,700,128800
LUPIN30Jan20790CE.NFO,07/01/2020,11:16:13,11,11.05,700,11.45,700,0,128800
LUPIN30Jan20790CE.NFO,07/01/2020,11:16:20,11,11.15,1400,11.6,700,0,128800
LUPIN30Jan20790CE.NFO,07/01/2020,11:16:26,11,11.2,700,11.6,700,0,128800
LUPIN30Jan20790CE.NFO,07/01/2020,11:16:32,11,11.3,1400,11.65,700,0,128800
LUPIN30Jan20790CE.NFO,07/01/2020,11:16:38,11,11.15,700,11.6,700,0,128800
LUPIN30Jan20790CE.NFO,07/01/2020,11:16:48,11,11.15,1400,11.6,700,0,128800
LUPIN30Jan20790CE.NFO,07/01/2020,11:16:56,11,11.1,1400,11.5,700,0,128800
LUPIN30Jan20790CE.NFO,07/01/2020,11:17:02,11,11.15,700,11.5,700,0,128800
LUPIN30Jan20790CE.NFO,07/01/2020,11:17:25,11,11.2,700,11.5,700,0,128800
LUPIN30Jan20790CE.NFO,07/01/2020,11:17:30,11,11.2,1400,11.5,700,0,128800
LUPIN30Jan20790CE.NFO,07/01/2020,11:17:35,11,11.25,700,11.5,700,0,128800
LUPIN30Jan20790CE.NFO,07/01/2020,11:17:52,11,11.2,700,11.5,700,0,128800
LUPIN30Jan20790CE.NFO,07/01/2020,11:17:57,11,11.2,1400,11.5,700,0,128800
LUPIN30Jan20790CE.NFO,07/01/2020,11:18:01,11,11.1,700,11.45,700,0,128800
LUPIN30Jan20790CE.NFO,07/01/2020,11:18:13,11,11.05,700,11.45,2100,0,128800
LUPIN30Jan20790CE.NFO,07/01/2020,11:18:18,11,11.1,700,11.4,700,0,128800
LUPIN30Jan20790CE.NFO,07/01/2020,11:18:23,11,11.1,700,11.45,700,0,128800
LUPIN30Jan20790CE.NFO,07/01/2020,11:18:28,11,11.05,700,11.45,700,0,128800
LUPIN30Jan20790CE.NFO,07/01/2020,11:18:33,11,11.1,700,11.5,1400,0,128800
LUPIN30Jan20790CE.NFO,07/01/2020,11:18:38,11,11.1,700,11.5,700,0,128800
LUPIN30Jan20790CE.NFO,07/01/2020,11:18:45,11,11.15,700,11.5,700,0,128800
LUPIN30Jan20790CE.NFO,07/01/2020,11:18:51,11,11.2,1400,11.5,700,0,128800
LUPIN30Jan20790CE.NFO,07/01/2020,11:19:02,11.5,11.45,700,11.85,700,700,130200
LUPIN30Jan20790CE.NFO,07/01/2020,11:19:14,11.5,11.55,700,12,700,0,130200
LUPIN30Jan20790CE.NFO,07/01/2020,11:19:21,11.5,11.5,700,11.75,700,0,130200
LUPIN30Jan20790CE.NFO,07/01/2020,11:19:29,11.5,11.4,700,11.85,700,700,130200
LUPIN30Jan20790CE.NFO,07/01/2020,11:19:36,11.5,11.35,1400,11.85,700,0,130200
LUPIN30Jan20790CE.NFO,07/01/2020,11:19:42,11.5,11.3,1400,11.75,700,0,130200
LUPIN30Jan20790CE.NFO,07/01/2020,11:19:48,11.5,11.25,1400,11.7,1400,0,130200
LUPIN30Jan20790CE.NFO,07/01/2020,11:19:54,11.5,11.2,2100,11.7,700,0,130200
LUPIN30Jan20790CE.NFO,07/01/2020,11:19:59,11.5,11.3,700,11.75,1400,0,130200
LUPIN30Jan20790CE.NFO,07/01/2020,11:20:04,11.5,11.3,1400,11.8,700,0,130200
LUPIN30Jan20790CE.NFO,07/01/2020,11:20:10,11.5,11.4,700,11.85,1400,0,130200
LUPIN30Jan20790CE.NFO,07/01/2020,11:20:12,11.5,11.3,1400,11.8,700,0,130200
LUPIN30Jan20790CE.NFO,07/01/2020,11:20:20,11.5,11.3,700,11.85,700,0,130200
LUPIN30Jan20790CE.NFO,07/01/2020,11:20:21,11.5,11.3,1400,11.75,1400,0,130200
LUPIN30Jan20790CE.NFO,07/01/2020,11:20:24,11.5,11.25,700,11.75,700,0,130200
LUPIN30Jan20790CE.NFO,07/01/2020,11:20:25,11.5,11.25,700,11.7,700,0,130200
LUPIN30Jan20790CE.NFO,07/01/2020,11:20:26,11.5,11.35,700,11.85,700,0,130200
LUPIN30Jan20790CE.NFO,07/01/2020,11:20:26,11.5,11.4,1400,11.85,700,0,130200
LUPIN30Jan20790CE.NFO,07/01/2020,11:20:28,11.5,11.4,700,11.9,700,0,130200
LUPIN30Jan20790CE.NFO,07/01/2020,11:20:33,11.5,11.45,700,11.9,700,0,130200
LUPIN30Jan20790CE.NFO,07/01/2020,11:20:34,11.5,11.5,700,11.9,700,0,130200
LUPIN30Jan20790CE.NFO,07/01/2020,11:20:34,11.5,11.35,1400,11.8,700,0,130200
LUPIN30Jan20790CE.NFO,07/01/2020,11:20:35,11.5,11.35,1400,11.85,700,0,130200
LUPIN30Jan20790CE.NFO,07/01/2020,11:20:36,11.5,11.35,2800,11.85,700,0,130200
LUPIN30Jan20790CE.NFO,07/01/2020,11:20:39,11.5,11.35,2100,11.8,700,0,130200
LUPIN30Jan20790CE.NFO,07/01/2020,11:20:51,11.5,11.35,2100,11.85,1400,0,130200
LUPIN30Jan20790CE.NFO,07/01/2020,11:20:54,11.5,11.35,2100,11.8,700,0,130200
LUPIN30Jan20790CE.NFO,07/01/2020,11:20:59,11.5,11.15,3500,11.8,1400,0,130200
