Ticker,Date,Time,LTP,BuyPrice,BuyQty,SellPrice,SellQty,LTQ,OpenInterest
LUPIN30Jan20740PE.NFO,07/01/2020,09:25:50,8.7,8.5,700,9.1,700,700,42000
LUPIN30Jan20740PE.NFO,07/01/2020,09:25:50,8.7,8.5,700,9.1,700,0,42000
LUPIN30Jan20740PE.NFO,07/01/2020,09:25:50,8.7,8.5,700,9.1,700,0,42000
LUPIN30Jan20740PE.NFO,07/01/2020,09:25:50,8.7,8.5,700,9.1,700,0,42000
LUPIN30Jan20740PE.NFO,07/01/2020,09:26:03,8.7,8.6,700,9.15,700,0,42000
LUPIN30Jan20740PE.NFO,07/01/2020,09:26:10,8.7,8.55,700,9.1,700,0,42000
LUPIN30Jan20740PE.NFO,07/01/2020,09:26:17,8.7,8.5,700,9,700,0,42000
LUPIN30Jan20740PE.NFO,07/01/2020,09:26:23,8.7,8.5,700,9.1,1400,0,42000
LUPIN30Jan20740PE.NFO,07/01/2020,09:26:35,8.7,8.45,700,8.95,700,0,42000
LUPIN30Jan20740PE.NFO,07/01/2020,09:26:40,8.7,8.45,700,9,1400,0,42000
LUPIN30Jan20740PE.NFO,07/01/2020,09:26:46,8.7,8.45,700,9,2100,0,42000
LUPIN30Jan20740PE.NFO,07/01/2020,09:26:52,8.7,8.4,700,9,2100,0,42000
LUPIN30Jan20740PE.NFO,07/01/2020,09:26:57,8.7,8.5,700,9.1,700,0,42000
LUPIN30Jan20740PE.NFO,07/01/2020,09:27:03,8.7,8.6,700,9.35,1400,0,42000
LUPIN30Jan20740PE.NFO,07/01/2020,09:27:09,8.7,8.55,700,9.2,700,0,42000
LUPIN30Jan20740PE.NFO,07/01/2020,09:27:14,8.7,8.6,700,9.25,700,0,42000
LUPIN30Jan20740PE.NFO,07/01/2020,09:27:25,8.7,8.7,700,9.3,700,0,42000
LUPIN30Jan20740PE.NFO,07/01/2020,09:27:37,8.7,8.7,700,9.4,1400,0,42000
LUPIN30Jan20740PE.NFO,07/01/2020,09:27:56,8.7,8.75,1400,9.4,1400,0,42000
LUPIN30Jan20740PE.NFO,07/01/2020,09:28:21,8.7,8.95,700,9.5,700,0,42000
LUPIN30Jan20740PE.NFO,07/01/2020,09:28:26,8.7,8.95,700,9.55,700,0,42000
LUPIN30Jan20740PE.NFO,07/01/2020,09:28:33,8.7,8.95,700,9.55,1400,0,42000
LUPIN30Jan20740PE.NFO,07/01/2020,09:28:43,8.7,8.95,700,9.55,700,0,42000
LUPIN30Jan20740PE.NFO,07/01/2020,09:28:48,8.7,8.95,1400,9.55,700,0,42000
LUPIN30Jan20740PE.NFO,07/01/2020,09:28:54,8.7,8.95,1400,9.55,1400,0,42000
LUPIN30Jan20740PE.NFO,07/01/2020,09:29:10,8.7,8.85,700,9.45,2100,0,42000
LUPIN30Jan20740PE.NFO,07/01/2020,09:29:16,8.7,8.9,700,9.5,1400,0,42000
LUPIN30Jan20740PE.NFO,07/01/2020,09:29:33,8.7,8.85,700,9.45,2100,0,42000
LUPIN30Jan20740PE.NFO,07/01/2020,09:29:39,8.7,8.9,700,9.45,1400,0,42000
LUPIN30Jan20740PE.NFO,07/01/2020,09:29:44,8.7,8.9,700,9.45,700,0,42000
LUPIN30Jan20740PE.NFO,07/01/2020,09:29:48,8.7,8.85,700,9.45,2100,0,42000
LUPIN30Jan20740PE.NFO,07/01/2020,09:30:06,8.7,8.85,1400,9.45,700,0,42000
LUPIN30Jan20740PE.NFO,07/01/2020,09:30:11,8.7,8.85,700,9.45,2100,0,42000
LUPIN30Jan20740PE.NFO,07/01/2020,09:30:27,8.7,8.75,700,9.3,1400,0,42000
LUPIN30Jan20740PE.NFO,07/01/2020,09:30:32,8.7,8.75,700,9.3,700,0,42000
LUPIN30Jan20740PE.NFO,07/01/2020,09:30:41,8.7,8.75,1400,9.35,2100,0,42000
LUPIN30Jan20740PE.NFO,07/01/2020,09:30:46,8.7,8.75,1400,9.35,1400,0,42000
LUPIN30Jan20740PE.NFO,07/01/2020,09:31:07,8.7,8.55,700,9.35,2100,0,42000
LUPIN30Jan20740PE.NFO,07/01/2020,09:31:13,8.7,8.7,700,9.25,700,0,42000
LUPIN30Jan20740PE.NFO,07/01/2020,09:31:20,8.7,8.7,1400,9.25,700,0,42000
LUPIN30Jan20740PE.NFO,07/01/2020,09:31:25,8.7,8.7,2100,9.3,1400,0,42000
LUPIN30Jan20740PE.NFO,07/01/2020,09:31:36,8.7,8.6,1400,9.15,1400,0,42000
LUPIN30Jan20740PE.NFO,07/01/2020,09:31:42,8.7,8.55,700,9.15,1400,0,42000
LUPIN30Jan20740PE.NFO,07/01/2020,09:31:48,8.7,8.55,1400,9.15,1400,0,42000
LUPIN30Jan20740PE.NFO,07/01/2020,09:31:53,8.7,8.55,1400,9.15,2100,0,42000
LUPIN30Jan20740PE.NFO,07/01/2020,09:31:58,8.7,8.55,1400,9,700,0,42000
LUPIN30Jan20740PE.NFO,07/01/2020,09:32:04,8.7,8.55,700,9,700,0,42000
LUPIN30Jan20740PE.NFO,07/01/2020,09:32:09,8.7,8.6,700,9,700,0,42000
LUPIN30Jan20740PE.NFO,07/01/2020,09:32:15,8.7,8.55,700,9,700,0,42000
LUPIN30Jan20740PE.NFO,07/01/2020,09:32:21,8.7,8.55,2100,9,700,0,42000
LUPIN30Jan20740PE.NFO,07/01/2020,09:32:28,8.7,8.6,700,9,700,0,42000
LUPIN30Jan20740PE.NFO,07/01/2020,09:32:44,8.7,8.5,700,9,2100,0,42000
LUPIN30Jan20740PE.NFO,07/01/2020,09:33:01,8.7,8.45,700,8.85,700,0,42000
LUPIN30Jan20740PE.NFO,07/01/2020,09:33:13,8.7,8.5,700,8.95,1400,0,42000
LUPIN30Jan20740PE.NFO,07/01/2020,09:33:19,8.7,8.45,700,8.95,1400,0,42000
LUPIN30Jan20740PE.NFO,07/01/2020,09:34:08,8.7,8.55,700,9,1400,0,42000
LUPIN30Jan20740PE.NFO,07/01/2020,09:34:13,8.7,8.55,700,9,700,0,42000
LUPIN30Jan20740PE.NFO,07/01/2020,09:34:29,8.7,8.65,700,9,700,0,42000
LUPIN30Jan20740PE.NFO,07/01/2020,09:34:47,8.7,8.7,700,9,700,0,42000
LUPIN30Jan20740PE.NFO,07/01/2020,09:35:32,8.7,8.6,700,9,700,0,42000
LUPIN30Jan20740PE.NFO,07/01/2020,09:35:38,8.7,8.65,700,9,700,0,42000
LUPIN30Jan20740PE.NFO,07/01/2020,09:36:34,8.7,8.7,700,9,700,0,42000
LUPIN30Jan20740PE.NFO,07/01/2020,09:36:39,8.7,8.65,700,9,700,0,42000
LUPIN30Jan20740PE.NFO,07/01/2020,09:37:39,9,8.75,700,9.25,1400,700,42000
LUPIN30Jan20740PE.NFO,07/01/2020,09:37:39,9,8.75,700,9.25,1400,0,42000
LUPIN30Jan20740PE.NFO,07/01/2020,09:37:43,9,8.75,700,9.25,1400,0,42000
LUPIN30Jan20740PE.NFO,07/01/2020,09:37:50,9,8.85,700,9.25,1400,0,42000
LUPIN30Jan20740PE.NFO,07/01/2020,09:37:55,9,8.8,700,9.25,700,0,42000
LUPIN30Jan20740PE.NFO,07/01/2020,09:38:08,9,8.8,700,9.3,700,0,42000
LUPIN30Jan20740PE.NFO,07/01/2020,09:38:25,9,9,700,9.3,700,0,42000
LUPIN30Jan20740PE.NFO,07/01/2020,09:38:29,9,9,700,9.35,700,0,42000
LUPIN30Jan20740PE.NFO,07/01/2020,09:39:08,9,9,700,9.25,700,0,42000
LUPIN30Jan20740PE.NFO,07/01/2020,09:39:27,9,9,700,9.1,700,0,42000
LUPIN30Jan20740PE.NFO,07/01/2020,09:39:56,9,8.7,1400,9.1,700,700,42700
LUPIN30Jan20740PE.NFO,07/01/2020,09:40:00,9,8.7,700,9.1,700,0,42700
LUPIN30Jan20740PE.NFO,07/01/2020,09:40:26,9,8.7,700,9.05,700,0,42700
LUPIN30Jan20740PE.NFO,07/01/2020,09:40:30,9,8.7,700,9,1400,0,42700
LUPIN30Jan20740PE.NFO,07/01/2020,09:40:35,9,8.7,700,9,700,0,42700
LUPIN30Jan20740PE.NFO,07/01/2020,09:40:40,9,8.7,700,9.05,700,0,42700
LUPIN30Jan20740PE.NFO,07/01/2020,09:40:45,9,8.7,700,9,1400,0,42700
LUPIN30Jan20740PE.NFO,07/01/2020,09:40:50,9,8.65,700,9,700,0,42700
LUPIN30Jan20740PE.NFO,07/01/2020,09:41:10,9,8.65,700,9.05,700,0,42700
LUPIN30Jan20740PE.NFO,07/01/2020,09:41:15,9,8.65,700,9.05,1400,0,42700
LUPIN30Jan20740PE.NFO,07/01/2020,09:41:19,9,8.7,700,9.05,700,0,42700
LUPIN30Jan20740PE.NFO,07/01/2020,09:41:33,9,8.7,700,9.1,700,0,42700
LUPIN30Jan20740PE.NFO,07/01/2020,09:41:38,9,8.6,700,9.1,700,0,42700
LUPIN30Jan20740PE.NFO,07/01/2020,09:41:43,9,8.7,700,9.1,700,0,42700
LUPIN30Jan20740PE.NFO,07/01/2020,09:41:53,9,8.65,700,9.1,700,0,42700
LUPIN30Jan20740PE.NFO,07/01/2020,09:42:13,9,8.65,700,9,1400,0,42700
LUPIN30Jan20740PE.NFO,07/01/2020,09:42:19,9,8.65,700,9,700,0,42700
LUPIN30Jan20740PE.NFO,07/01/2020,09:42:40,9,8.65,700,9.05,700,0,42700
LUPIN30Jan20740PE.NFO,07/01/2020,09:42:59,9,8.85,700,9.3,700,0,42700
LUPIN30Jan20740PE.NFO,07/01/2020,09:43:45,9,8.85,700,9.35,2100,0,42700
LUPIN30Jan20740PE.NFO,07/01/2020,09:43:59,9,8.85,700,9.3,1400,0,42700
LUPIN30Jan20740PE.NFO,07/01/2020,09:45:07,9,8.65,700,9.1,1400,0,42700
LUPIN30Jan20740PE.NFO,07/01/2020,09:45:14,9,8.6,700,9.1,1400,0,42700
LUPIN30Jan20740PE.NFO,07/01/2020,09:45:26,9,8.6,700,9.1,2100,0,42700
LUPIN30Jan20740PE.NFO,07/01/2020,09:45:33,9,8.6,700,9.1,1400,0,42700
LUPIN30Jan20740PE.NFO,07/01/2020,09:45:50,9,8.5,700,9,1400,0,42700
LUPIN30Jan20740PE.NFO,07/01/2020,09:45:56,9,8.6,700,9.05,1400,0,42700
LUPIN30Jan20740PE.NFO,07/01/2020,09:46:01,9,8.6,700,9.05,700,0,42700
LUPIN30Jan20740PE.NFO,07/01/2020,09:46:07,9,8.6,1400,9.15,1400,0,42700
LUPIN30Jan20740PE.NFO,07/01/2020,09:46:12,8.6,8.65,700,9.15,2100,700,42700
LUPIN30Jan20740PE.NFO,07/01/2020,09:46:12,8.6,8.65,700,9.15,2100,0,42700
LUPIN30Jan20740PE.NFO,07/01/2020,09:46:17,8.6,8.65,2100,9.2,700,0,42700
LUPIN30Jan20740PE.NFO,07/01/2020,09:46:22,8.6,8.65,700,9.15,700,0,42700
LUPIN30Jan20740PE.NFO,07/01/2020,09:46:27,8.6,8.7,700,9.25,700,0,42700
LUPIN30Jan20740PE.NFO,07/01/2020,09:46:32,8.6,8.8,2100,9.3,700,0,42700
LUPIN30Jan20740PE.NFO,07/01/2020,09:46:37,8.6,8.85,700,9.3,700,0,42700
LUPIN30Jan20740PE.NFO,07/01/2020,09:46:42,8.6,8.8,700,9.3,700,0,42700
LUPIN30Jan20740PE.NFO,07/01/2020,09:46:46,8.6,8.8,2100,9.3,700,0,42700
LUPIN30Jan20740PE.NFO,07/01/2020,09:47:00,8.6,8.8,700,9.25,700,0,42700
LUPIN30Jan20740PE.NFO,07/01/2020,09:47:04,8.6,8.75,700,9.25,700,0,42700
LUPIN30Jan20740PE.NFO,07/01/2020,09:47:09,8.6,8.8,2100,9.25,700,0,42700
LUPIN30Jan20740PE.NFO,07/01/2020,09:47:26,8.6,8.75,700,9.3,700,0,42700
LUPIN30Jan20740PE.NFO,07/01/2020,09:47:31,8.6,8.75,700,9.25,700,0,42700
LUPIN30Jan20740PE.NFO,07/01/2020,09:47:40,8.6,8.75,700,9.2,700,0,42700
LUPIN30Jan20740PE.NFO,07/01/2020,09:47:44,8.6,8.75,700,9.2,1400,0,42700
LUPIN30Jan20740PE.NFO,07/01/2020,09:47:56,8.6,8.6,700,9.2,1400,0,42700
LUPIN30Jan20740PE.NFO,07/01/2020,09:48:00,8.6,8.6,700,9.1,700,0,42700
LUPIN30Jan20740PE.NFO,07/01/2020,09:48:04,8.6,8.55,700,9.1,700,0,42700
LUPIN30Jan20740PE.NFO,07/01/2020,09:48:08,8.6,8.55,700,9.1,1400,0,42700
LUPIN30Jan20740PE.NFO,07/01/2020,09:48:24,8.6,8.55,1400,9.1,1400,0,42700
LUPIN30Jan20740PE.NFO,07/01/2020,09:48:36,8.6,8.65,700,9.15,700,0,42700
LUPIN30Jan20740PE.NFO,07/01/2020,09:48:40,8.6,8.6,1400,9.15,700,0,42700
LUPIN30Jan20740PE.NFO,07/01/2020,09:48:50,8.6,8.6,1400,9.1,700,0,42700
LUPIN30Jan20740PE.NFO,07/01/2020,09:49:01,8.6,8.6,700,9.1,700,0,42700
LUPIN30Jan20740PE.NFO,07/01/2020,09:49:06,8.6,8.6,700,9.1,1400,0,42700
LUPIN30Jan20740PE.NFO,07/01/2020,09:49:10,8.6,8.6,700,9.1,2100,0,42700
LUPIN30Jan20740PE.NFO,07/01/2020,09:49:15,8.6,8.6,700,9,700,0,42700
LUPIN30Jan20740PE.NFO,07/01/2020,09:49:20,8.6,8.55,700,9,700,0,42700
LUPIN30Jan20740PE.NFO,07/01/2020,09:49:26,8.6,8.55,700,9.05,700,0,42700
LUPIN30Jan20740PE.NFO,07/01/2020,09:49:32,8.6,8.55,700,9.05,2100,0,42700
LUPIN30Jan20740PE.NFO,07/01/2020,09:49:42,8.6,8.55,700,9.05,1400,0,42700
LUPIN30Jan20740PE.NFO,07/01/2020,09:49:48,8.6,8.55,700,9,700,0,42700
LUPIN30Jan20740PE.NFO,07/01/2020,09:50:02,8.6,8.4,700,8.85,700,0,42700
LUPIN30Jan20740PE.NFO,07/01/2020,09:50:07,8.6,8.4,700,8.8,700,0,42700
LUPIN30Jan20740PE.NFO,07/01/2020,09:50:13,8.6,8.45,700,8.8,700,0,42700
LUPIN30Jan20740PE.NFO,07/01/2020,09:50:28,8.6,8.45,700,8.9,700,0,42700
LUPIN30Jan20740PE.NFO,07/01/2020,09:50:37,8.6,8.4,700,8.9,700,0,42700
LUPIN30Jan20740PE.NFO,07/01/2020,09:50:43,8.6,8.4,700,8.85,700,0,42700
LUPIN30Jan20740PE.NFO,07/01/2020,09:50:49,8.6,8.4,1400,8.85,700,0,42700
LUPIN30Jan20740PE.NFO,07/01/2020,09:50:54,8.6,8.4,700,8.95,1400,0,42700
LUPIN30Jan20740PE.NFO,07/01/2020,09:50:59,8.6,8.4,700,8.85,2100,0,42700
LUPIN30Jan20740PE.NFO,07/01/2020,09:51:08,8.6,8.4,700,8.9,700,0,42700
LUPIN30Jan20740PE.NFO,07/01/2020,09:51:14,8.6,8.5,700,8.95,1400,0,42700
LUPIN30Jan20740PE.NFO,07/01/2020,09:51:25,8.6,8.5,700,8.95,700,0,42700
LUPIN30Jan20740PE.NFO,07/01/2020,09:51:30,8.6,8.5,700,9,700,0,42700
LUPIN30Jan20740PE.NFO,07/01/2020,09:51:35,8.6,8.7,700,9.1,700,0,42700
LUPIN30Jan20740PE.NFO,07/01/2020,09:51:44,8.6,8.6,700,9.05,700,0,42700
LUPIN30Jan20740PE.NFO,07/01/2020,09:51:48,8.6,8.6,700,9,700,0,42700
LUPIN30Jan20740PE.NFO,07/01/2020,09:51:53,8.6,8.6,700,8.95,700,0,42700
LUPIN30Jan20740PE.NFO,07/01/2020,09:52:04,8.6,8.6,700,9,700,0,42700
LUPIN30Jan20740PE.NFO,07/01/2020,09:52:08,8.6,8.6,700,9.1,1400,0,42700
LUPIN30Jan20740PE.NFO,07/01/2020,09:52:12,8.6,8.6,700,9.05,700,0,42700
LUPIN30Jan20740PE.NFO,07/01/2020,09:52:17,8.6,8.7,700,9.1,700,0,42700
LUPIN30Jan20740PE.NFO,07/01/2020,09:52:21,8.6,8.7,700,9.15,700,0,42700
LUPIN30Jan20740PE.NFO,07/01/2020,09:52:35,8.6,8.75,700,9.15,700,0,42700
LUPIN30Jan20740PE.NFO,07/01/2020,09:52:45,8.6,8.8,700,9.25,700,0,42700
LUPIN30Jan20740PE.NFO,07/01/2020,09:52:49,8.6,8.8,700,9.25,1400,0,42700
LUPIN30Jan20740PE.NFO,07/01/2020,09:53:00,8.6,8.85,700,9.25,700,0,42700
LUPIN30Jan20740PE.NFO,07/01/2020,09:53:11,8.6,8.8,700,9.1,700,0,42700
LUPIN30Jan20740PE.NFO,07/01/2020,09:53:21,8.6,8.8,700,9.15,700,0,42700
LUPIN30Jan20740PE.NFO,07/01/2020,09:53:27,8.6,8.8,700,9.1,700,0,42700
LUPIN30Jan20740PE.NFO,07/01/2020,09:53:56,8.6,8.8,1400,9.1,700,0,42700
LUPIN30Jan20740PE.NFO,07/01/2020,09:54:00,8.6,8.8,700,9.1,700,0,42700
LUPIN30Jan20740PE.NFO,07/01/2020,09:54:04,8.6,8.7,700,9.1,700,0,42700
LUPIN30Jan20740PE.NFO,07/01/2020,09:54:13,8.6,8.7,700,9.05,700,0,42700
LUPIN30Jan20740PE.NFO,07/01/2020,09:54:27,8.6,8.7,700,9.1,700,0,42700
LUPIN30Jan20740PE.NFO,07/01/2020,09:54:31,8.6,8.7,700,9.05,700,0,42700
LUPIN30Jan20740PE.NFO,07/01/2020,09:54:50,8.6,8.7,700,9,700,0,42700
LUPIN30Jan20740PE.NFO,07/01/2020,09:55:09,8.6,8.7,700,8.95,700,0,42700
LUPIN30Jan20740PE.NFO,07/01/2020,09:55:14,8.6,8.7,700,9,700,0,42700
LUPIN30Jan20740PE.NFO,07/01/2020,09:55:38,8.6,8.7,700,9,1400,0,42700
LUPIN30Jan20740PE.NFO,07/01/2020,09:55:47,8.6,8.65,700,8.95,700,0,42700
LUPIN30Jan20740PE.NFO,07/01/2020,09:56:01,8.6,8.65,700,9,700,0,42700
LUPIN30Jan20740PE.NFO,07/01/2020,09:56:17,8.6,8.65,2100,9.1,700,0,42700
LUPIN30Jan20740PE.NFO,07/01/2020,09:56:22,8.6,8.7,700,9.05,700,0,42700
LUPIN30Jan20740PE.NFO,07/01/2020,09:56:28,8.6,8.7,700,9.1,700,0,42700
LUPIN30Jan20740PE.NFO,07/01/2020,09:56:51,8.6,8.7,700,9.1,1400,0,42700
LUPIN30Jan20740PE.NFO,07/01/2020,09:57:00,8.6,8.7,700,9.2,1400,0,42700
LUPIN30Jan20740PE.NFO,07/01/2020,09:57:05,8.6,8.65,700,9.1,2100,0,42700
LUPIN30Jan20740PE.NFO,07/01/2020,09:57:22,8.6,8.65,700,9.15,1400,0,42700
LUPIN30Jan20740PE.NFO,07/01/2020,09:57:31,8.6,8.65,700,9.15,700,0,42700
LUPIN30Jan20740PE.NFO,07/01/2020,09:57:34,8.6,8.65,700,9.15,2100,0,42700
LUPIN30Jan20740PE.NFO,07/01/2020,09:57:38,8.6,8.65,700,9.15,1400,0,42700
LUPIN30Jan20740PE.NFO,07/01/2020,09:57:51,8.6,8.75,700,9.15,700,0,42700
LUPIN30Jan20740PE.NFO,07/01/2020,09:57:56,8.6,8.7,700,9.2,2100,0,42700
LUPIN30Jan20740PE.NFO,07/01/2020,09:58:01,8.6,8.7,700,9.15,1400,0,42700
LUPIN30Jan20740PE.NFO,07/01/2020,09:58:15,8.6,8.65,700,9.15,1400,0,42700
LUPIN30Jan20740PE.NFO,07/01/2020,09:58:23,8.6,8.75,700,9.15,1400,0,42700
LUPIN30Jan20740PE.NFO,07/01/2020,09:58:24,8.6,8.75,700,9.15,700,0,42700
LUPIN30Jan20740PE.NFO,07/01/2020,09:58:27,8.6,8.75,700,9.1,700,0,42700
LUPIN30Jan20740PE.NFO,07/01/2020,09:58:28,8.6,8.75,700,9.15,700,0,42700
LUPIN30Jan20740PE.NFO,07/01/2020,09:58:38,8.6,8.75,1400,9.2,700,0,42700
LUPIN30Jan20740PE.NFO,07/01/2020,09:58:39,8.6,8.75,700,9.15,700,0,42700
LUPIN30Jan20740PE.NFO,07/01/2020,09:58:40,8.6,8.75,1400,9.15,700,0,42700
LUPIN30Jan20740PE.NFO,07/01/2020,09:58:41,8.6,8.75,700,9.15,700,0,42700
LUPIN30Jan20740PE.NFO,07/01/2020,09:58:42,8.6,8.75,700,9.1,700,0,42700
LUPIN30Jan20740PE.NFO,07/01/2020,09:58:44,8.6,8.65,700,9.1,700,0,42700
LUPIN30Jan20740PE.NFO,07/01/2020,09:58:46,8.6,8.65,700,9.05,700,0,42700
LUPIN30Jan20740PE.NFO,07/01/2020,09:58:53,8.6,8.65,700,9.15,700,0,42700
LUPIN30Jan20740PE.NFO,07/01/2020,09:58:59,8.6,8.65,700,9.05,700,0,42700
LUPIN30Jan20740PE.NFO,07/01/2020,09:59:02,8.6,8.65,1400,9.05,700,0,42700
LUPIN30Jan20740PE.NFO,07/01/2020,09:59:03,8.6,8.7,1400,9.15,700,0,42700
LUPIN30Jan20740PE.NFO,07/01/2020,09:59:04,8.6,8.7,2100,9.15,700,0,42700
LUPIN30Jan20740PE.NFO,07/01/2020,09:59:06,8.6,8.75,700,9.15,700,0,42700
LUPIN30Jan20740PE.NFO,07/01/2020,09:59:08,8.6,8.7,1400,9.15,700,0,42700
LUPIN30Jan20740PE.NFO,07/01/2020,09:59:10,8.6,8.7,700,9.15,700,0,42700
LUPIN30Jan20740PE.NFO,07/01/2020,09:59:11,8.6,8.7,700,9.05,700,0,42700
LUPIN30Jan20740PE.NFO,07/01/2020,09:59:12,8.6,8.7,2100,9.15,700,0,42700
LUPIN30Jan20740PE.NFO,07/01/2020,09:59:14,8.6,8.7,700,9.15,700,0,42700
LUPIN30Jan20740PE.NFO,07/01/2020,09:59:35,8.6,8.7,700,9.15,1400,0,42700
LUPIN30Jan20740PE.NFO,07/01/2020,09:59:41,8.6,8.65,1400,9.15,3500,0,42700
LUPIN30Jan20740PE.NFO,07/01/2020,09:59:46,8.6,8.65,1400,9.15,1400,0,42700
LUPIN30Jan20740PE.NFO,07/01/2020,09:59:57,8.6,8.65,1400,9.15,3500,0,42700
LUPIN30Jan20740PE.NFO,07/01/2020,10:00:03,8.6,8.6,700,8.95,700,0,42700
LUPIN30Jan20740PE.NFO,07/01/2020,10:00:08,8.6,8.65,700,9,700,0,42700
LUPIN30Jan20740PE.NFO,07/01/2020,10:00:13,8.6,8.6,1400,8.9,700,0,42700
LUPIN30Jan20740PE.NFO,07/01/2020,10:00:24,8.6,8.65,1400,9.1,700,0,42700
LUPIN30Jan20740PE.NFO,07/01/2020,10:00:30,8.6,8.75,700,9.2,2100,0,42700
LUPIN30Jan20740PE.NFO,07/01/2020,10:00:35,8.6,8.9,1400,9.3,700,0,42700
LUPIN30Jan20740PE.NFO,07/01/2020,10:00:48,8.6,8.9,1400,9.35,700,0,42700
LUPIN30Jan20740PE.NFO,07/01/2020,10:01:19,8.6,8.9,700,9.35,700,0,42700
LUPIN30Jan20740PE.NFO,07/01/2020,10:01:38,8.6,9,700,9.45,700,0,42700
LUPIN30Jan20740PE.NFO,07/01/2020,10:01:44,8.6,9.1,1400,9.6,700,0,42700
LUPIN30Jan20740PE.NFO,07/01/2020,10:01:49,8.6,9.15,700,9.6,700,0,42700
LUPIN30Jan20740PE.NFO,07/01/2020,10:01:55,8.6,9.15,700,9.6,1400,0,42700
LUPIN30Jan20740PE.NFO,07/01/2020,10:02:00,8.6,9.2,700,9.65,700,0,42700
LUPIN30Jan20740PE.NFO,07/01/2020,10:02:05,8.6,9.1,1400,9.6,1400,0,42700
LUPIN30Jan20740PE.NFO,07/01/2020,10:02:11,8.6,8.95,700,9.45,700,0,42700
LUPIN30Jan20740PE.NFO,07/01/2020,10:02:16,8.6,8.9,1400,9.4,700,0,42700
LUPIN30Jan20740PE.NFO,07/01/2020,10:02:22,8.6,8.95,700,9.4,700,0,42700
LUPIN30Jan20740PE.NFO,07/01/2020,10:02:27,8.6,8.95,1400,9.4,700,0,42700
LUPIN30Jan20740PE.NFO,07/01/2020,10:02:32,8.6,8.95,2100,9.4,700,0,42700
LUPIN30Jan20740PE.NFO,07/01/2020,10:02:49,8.6,8.95,700,9.4,1400,0,42700
LUPIN30Jan20740PE.NFO,07/01/2020,10:02:54,8.6,8.95,1400,9.45,700,0,42700
LUPIN30Jan20740PE.NFO,07/01/2020,10:03:05,8.6,8.95,1400,9.45,1400,0,42700
LUPIN30Jan20740PE.NFO,07/01/2020,10:03:23,8.6,8.95,2100,9.5,700,0,42700
LUPIN30Jan20740PE.NFO,07/01/2020,10:03:50,8.6,8.95,2100,9.55,2800,0,42700
LUPIN30Jan20740PE.NFO,07/01/2020,10:04:00,8.6,8.95,2100,9.5,2800,0,42700
LUPIN30Jan20740PE.NFO,07/01/2020,10:04:10,8.6,8.95,2100,9.5,700,0,42700
LUPIN30Jan20740PE.NFO,07/01/2020,10:04:40,8.6,8.95,1400,9.5,700,0,42700
LUPIN30Jan20740PE.NFO,07/01/2020,10:04:45,8.6,8.95,1400,9.55,2800,0,42700
LUPIN30Jan20740PE.NFO,07/01/2020,10:05:03,8.6,9.2,700,9.65,700,0,42700
LUPIN30Jan20740PE.NFO,07/01/2020,10:05:08,8.6,9.2,1400,9.7,700,0,42700
LUPIN30Jan20740PE.NFO,07/01/2020,10:05:30,8.6,9.2,1400,9.75,700,0,42700
LUPIN30Jan20740PE.NFO,07/01/2020,10:05:36,8.6,9.25,1400,9.8,3500,0,42700
LUPIN30Jan20740PE.NFO,07/01/2020,10:05:42,8.6,9.25,1400,9.8,2800,0,42700
LUPIN30Jan20740PE.NFO,07/01/2020,10:05:59,8.6,9.4,700,9.8,2800,0,42700
LUPIN30Jan20740PE.NFO,07/01/2020,10:06:04,8.6,9.25,1400,9.8,2800,0,42700
LUPIN30Jan20740PE.NFO,07/01/2020,10:06:15,8.6,9.25,700,9.8,2800,0,42700
LUPIN30Jan20740PE.NFO,07/01/2020,10:06:20,8.6,9.25,1400,9.8,2800,0,42700
LUPIN30Jan20740PE.NFO,07/01/2020,10:06:32,8.6,9.25,2100,9.8,700,0,42700
LUPIN30Jan20740PE.NFO,07/01/2020,10:06:37,8.6,9.3,1400,9.8,700,0,42700
LUPIN30Jan20740PE.NFO,07/01/2020,10:06:43,8.6,9.4,1400,10,700,0,42700
LUPIN30Jan20740PE.NFO,07/01/2020,10:06:49,8.6,9.4,1400,9.9,700,0,42700
LUPIN30Jan20740PE.NFO,07/01/2020,10:06:55,8.6,9.5,700,10.05,2100,0,42700
LUPIN30Jan20740PE.NFO,07/01/2020,10:07:00,8.6,9.55,2100,10.1,2100,0,42700
LUPIN30Jan20740PE.NFO,07/01/2020,10:07:05,8.6,9.55,2100,10.1,2800,0,42700
LUPIN30Jan20740PE.NFO,07/01/2020,10:07:17,8.6,9.5,1400,10.05,700,0,42700
LUPIN30Jan20740PE.NFO,07/01/2020,10:07:23,8.6,9.5,2100,10.1,2100,0,42700
LUPIN30Jan20740PE.NFO,07/01/2020,10:07:28,8.6,9.55,1400,10.1,2800,0,42700
LUPIN30Jan20740PE.NFO,07/01/2020,10:07:34,8.6,9.6,700,10.1,2800,0,42700
LUPIN30Jan20740PE.NFO,07/01/2020,10:07:53,8.6,9.5,1400,10.05,2800,0,42700
LUPIN30Jan20740PE.NFO,07/01/2020,10:08:03,8.6,9.7,700,10.25,2800,0,42700
LUPIN30Jan20740PE.NFO,07/01/2020,10:08:08,8.6,9.7,2100,10.25,2800,0,42700
LUPIN30Jan20740PE.NFO,07/01/2020,10:08:17,8.6,9.75,1400,10.2,700,0,42700
LUPIN30Jan20740PE.NFO,07/01/2020,10:08:21,8.6,9.75,700,10.2,700,0,42700
LUPIN30Jan20740PE.NFO,07/01/2020,10:08:26,8.6,9.75,1400,10.25,700,0,42700
LUPIN30Jan20740PE.NFO,07/01/2020,10:08:31,8.6,9.75,1400,10.2,700,0,42700
LUPIN30Jan20740PE.NFO,07/01/2020,10:08:36,8.6,9.6,700,10.1,2800,0,42700
LUPIN30Jan20740PE.NFO,07/01/2020,10:09:02,8.6,9.6,700,10.1,700,0,42700
LUPIN30Jan20740PE.NFO,07/01/2020,10:09:07,8.6,9.6,1400,10.1,700,0,42700
LUPIN30Jan20740PE.NFO,07/01/2020,10:09:20,8.6,9.6,700,10.1,700,0,42700
LUPIN30Jan20740PE.NFO,07/01/2020,10:09:59,8.6,9.55,700,10.1,2800,0,42700
LUPIN30Jan20740PE.NFO,07/01/2020,10:10:15,8.6,9.6,700,10.1,2800,0,42700
LUPIN30Jan20740PE.NFO,07/01/2020,10:11:42,8.6,9.6,700,10.1,3500,0,42700
LUPIN30Jan20740PE.NFO,07/01/2020,10:11:47,8.6,9.6,700,10.1,2800,0,42700
LUPIN30Jan20740PE.NFO,07/01/2020,10:11:57,8.6,9.6,700,10.05,2800,0,42700
LUPIN30Jan20740PE.NFO,07/01/2020,10:12:53,8.6,9.55,700,10.05,2800,0,42700
LUPIN30Jan20740PE.NFO,07/01/2020,10:13:19,8.6,9.6,700,10.05,2100,0,42700
LUPIN30Jan20740PE.NFO,07/01/2020,10:13:24,8.6,9.6,700,10.2,2100,0,42700
LUPIN30Jan20740PE.NFO,07/01/2020,10:13:58,8.6,9.6,700,10.15,700,0,42700
LUPIN30Jan20740PE.NFO,07/01/2020,10:14:02,8.6,9.6,700,10.1,700,0,42700
LUPIN30Jan20740PE.NFO,07/01/2020,10:14:07,8.6,9.6,700,10.15,2800,0,42700
LUPIN30Jan20740PE.NFO,07/01/2020,10:14:28,8.6,9.6,1400,10.2,2100,0,42700
LUPIN30Jan20740PE.NFO,07/01/2020,10:14:34,8.6,9.6,700,10.15,2100,0,42700
LUPIN30Jan20740PE.NFO,07/01/2020,10:14:58,8.6,9.6,1400,10.2,2100,0,42700
LUPIN30Jan20740PE.NFO,07/01/2020,10:15:13,8.6,9.8,700,10.2,700,0,42700
LUPIN30Jan20740PE.NFO,07/01/2020,10:15:19,8.6,9.75,700,10.25,2800,0,42700
LUPIN30Jan20740PE.NFO,07/01/2020,10:15:24,8.6,9.7,700,10.2,700,0,42700
LUPIN30Jan20740PE.NFO,07/01/2020,10:15:28,8.6,9.7,700,10.1,2800,0,42700
LUPIN30Jan20740PE.NFO,07/01/2020,10:15:43,8.6,9.75,700,10.2,2100,0,42700
LUPIN30Jan20740PE.NFO,07/01/2020,10:15:48,8.6,9.75,700,10.15,700,0,42700
LUPIN30Jan20740PE.NFO,07/01/2020,10:15:55,8.6,9.75,700,10.25,2800,0,42700
LUPIN30Jan20740PE.NFO,07/01/2020,10:16:00,8.6,9.75,700,10.25,3500,0,42700
LUPIN30Jan20740PE.NFO,07/01/2020,10:16:04,8.6,9.85,700,10.4,2100,0,42700
LUPIN30Jan20740PE.NFO,07/01/2020,10:16:09,8.6,9.75,1400,10.3,700,0,42700
LUPIN30Jan20740PE.NFO,07/01/2020,10:16:22,8.6,9.8,700,10.35,700,0,42700
LUPIN30Jan20740PE.NFO,07/01/2020,10:16:26,8.6,9.8,700,10.35,2800,0,42700
LUPIN30Jan20740PE.NFO,07/01/2020,10:16:32,8.6,9.75,700,10.3,700,0,42700
LUPIN30Jan20740PE.NFO,07/01/2020,10:16:37,8.6,9.8,700,10.3,700,0,42700
LUPIN30Jan20740PE.NFO,07/01/2020,10:16:56,8.6,9.75,700,10.3,700,0,42700
LUPIN30Jan20740PE.NFO,07/01/2020,10:17:59,8.6,9.7,700,10.2,700,0,42700
LUPIN30Jan20740PE.NFO,07/01/2020,10:18:04,8.6,9.75,700,10.25,700,0,42700
LUPIN30Jan20740PE.NFO,07/01/2020,10:18:08,8.6,9.75,700,10.3,700,0,42700
LUPIN30Jan20740PE.NFO,07/01/2020,10:18:12,8.6,9.75,700,10.3,2800,0,42700
LUPIN30Jan20740PE.NFO,07/01/2020,10:18:16,8.6,9.75,700,10.3,700,0,42700
LUPIN30Jan20740PE.NFO,07/01/2020,10:18:58,8.6,9.75,1400,10.3,700,0,42700
LUPIN30Jan20740PE.NFO,07/01/2020,10:19:03,8.6,9.8,700,10.3,700,0,42700
LUPIN30Jan20740PE.NFO,07/01/2020,10:19:47,8.6,9.75,1400,10.3,700,0,42700
LUPIN30Jan20740PE.NFO,07/01/2020,10:19:56,8.6,9.7,700,10.3,700,0,42700
LUPIN30Jan20740PE.NFO,07/01/2020,10:20:00,8.6,9.75,700,10.3,700,0,42700
LUPIN30Jan20740PE.NFO,07/01/2020,10:20:43,8.6,9.95,700,10.45,700,0,42700
LUPIN30Jan20740PE.NFO,07/01/2020,10:21:02,8.6,9.95,700,10.5,3500,0,42700
LUPIN30Jan20740PE.NFO,07/01/2020,10:21:27,8.6,9.95,700,10.4,700,0,42700
LUPIN30Jan20740PE.NFO,07/01/2020,10:21:53,8.6,9.95,700,10.55,2100,0,42700
LUPIN30Jan20740PE.NFO,07/01/2020,10:21:57,8.6,10,700,10.55,700,0,42700
LUPIN30Jan20740PE.NFO,07/01/2020,10:22:03,8.6,9.95,700,10.55,700,0,42700
LUPIN30Jan20740PE.NFO,07/01/2020,10:22:14,8.6,9.95,700,10.55,1400,0,42700
LUPIN30Jan20740PE.NFO,07/01/2020,10:22:18,8.6,9.95,700,10.5,700,0,42700
LUPIN30Jan20740PE.NFO,07/01/2020,10:22:25,8.6,9.95,700,10.4,700,0,42700
LUPIN30Jan20740PE.NFO,07/01/2020,10:22:27,8.6,9.95,700,10.45,700,0,42700
LUPIN30Jan20740PE.NFO,07/01/2020,10:22:42,8.6,9.9,700,10.45,1400,0,42700
LUPIN30Jan20740PE.NFO,07/01/2020,10:23:32,8.6,9.9,1400,10.4,700,0,42700
LUPIN30Jan20740PE.NFO,07/01/2020,10:23:44,8.6,9.9,700,10.4,700,0,42700
LUPIN30Jan20740PE.NFO,07/01/2020,10:23:56,8.6,9.85,700,10.35,700,0,42700
LUPIN30Jan20740PE.NFO,07/01/2020,10:23:59,8.6,9.9,700,10.4,700,0,42700
LUPIN30Jan20740PE.NFO,07/01/2020,10:24:22,8.6,9.9,700,10.35,700,0,42700
LUPIN30Jan20740PE.NFO,07/01/2020,10:24:25,8.6,9.9,700,10.4,700,0,42700
LUPIN30Jan20740PE.NFO,07/01/2020,10:24:28,8.6,9.9,700,10.4,2800,0,42700
LUPIN30Jan20740PE.NFO,07/01/2020,10:24:32,8.6,9.9,700,10.35,700,0,42700
LUPIN30Jan20740PE.NFO,07/01/2020,10:24:42,8.6,9.85,700,10.35,700,0,42700
LUPIN30Jan20740PE.NFO,07/01/2020,10:24:54,8.6,9.95,700,10.4,700,0,42700
LUPIN30Jan20740PE.NFO,07/01/2020,10:25:11,8.6,10,700,10.4,700,0,42700
LUPIN30Jan20740PE.NFO,07/01/2020,10:25:14,8.6,9.95,700,10.4,700,0,42700
LUPIN30Jan20740PE.NFO,07/01/2020,10:25:17,8.6,10,700,10.4,700,0,42700
LUPIN30Jan20740PE.NFO,07/01/2020,10:25:20,8.6,9.95,700,10.4,700,0,42700
LUPIN30Jan20740PE.NFO,07/01/2020,10:25:25,8.6,10.05,700,10.4,700,0,42700
LUPIN30Jan20740PE.NFO,07/01/2020,10:26:36,10.4,10.2,700,10.75,2100,700,42000
LUPIN30Jan20740PE.NFO,07/01/2020,10:26:36,10.4,10.2,700,10.75,2100,0,42000
LUPIN30Jan20740PE.NFO,07/01/2020,10:26:40,10.4,10.2,700,10.75,2100,0,42000
LUPIN30Jan20740PE.NFO,07/01/2020,10:26:50,10.4,10.25,700,10.75,1400,0,42000
LUPIN30Jan20740PE.NFO,07/01/2020,10:26:54,10.4,10.25,700,10.75,700,0,42000
LUPIN30Jan20740PE.NFO,07/01/2020,10:26:58,10.4,10.25,1400,10.8,700,0,42000
LUPIN30Jan20740PE.NFO,07/01/2020,10:27:02,10.4,10.3,3500,10.8,700,0,42000
LUPIN30Jan20740PE.NFO,07/01/2020,10:27:08,10.4,10.3,700,10.8,700,0,42000
LUPIN30Jan20740PE.NFO,07/01/2020,10:27:11,10.4,10.3,700,10.85,700,0,42000
LUPIN30Jan20740PE.NFO,07/01/2020,10:27:22,10.4,10.3,700,10.8,700,0,42000
LUPIN30Jan20740PE.NFO,07/01/2020,10:27:25,10.4,10.55,700,11,700,0,42000
LUPIN30Jan20740PE.NFO,07/01/2020,10:27:29,10.4,10.15,700,10.7,700,0,42000
LUPIN30Jan20740PE.NFO,07/01/2020,10:27:33,10.4,10.3,700,10.75,700,0,42000
LUPIN30Jan20740PE.NFO,07/01/2020,10:27:36,10.4,10.25,700,10.7,700,0,42000
LUPIN30Jan20740PE.NFO,07/01/2020,10:27:39,10.4,10.2,700,10.6,700,0,42000
LUPIN30Jan20740PE.NFO,07/01/2020,10:27:43,10.4,10.1,700,10.6,3500,0,42000
LUPIN30Jan20740PE.NFO,07/01/2020,10:27:47,10.4,10.1,700,10.6,700,0,42000
LUPIN30Jan20740PE.NFO,07/01/2020,10:27:57,10.4,10.1,700,10.65,3500,0,42000
LUPIN30Jan20740PE.NFO,07/01/2020,10:28:00,10.4,10.1,700,10.6,700,0,42000
LUPIN30Jan20740PE.NFO,07/01/2020,10:28:06,10.4,10.1,700,10.65,3500,0,42000
LUPIN30Jan20740PE.NFO,07/01/2020,10:28:09,10.4,10.1,700,10.6,700,0,42000
LUPIN30Jan20740PE.NFO,07/01/2020,10:28:12,10.4,10.1,700,10.6,3500,0,42000
LUPIN30Jan20740PE.NFO,07/01/2020,10:28:15,10.4,10.1,700,10.6,2800,0,42000
LUPIN30Jan20740PE.NFO,07/01/2020,10:28:33,10.4,10.1,700,10.6,2100,0,42000
LUPIN30Jan20740PE.NFO,07/01/2020,10:28:36,10.4,10.05,700,10.55,700,0,42000
LUPIN30Jan20740PE.NFO,07/01/2020,10:28:59,10.4,10.15,1400,10.8,3500,0,42000
LUPIN30Jan20740PE.NFO,07/01/2020,10:29:02,10.4,10.15,1400,10.8,700,0,42000
LUPIN30Jan20740PE.NFO,07/01/2020,10:29:05,10.4,10.15,700,10.75,700,0,42000
LUPIN30Jan20740PE.NFO,07/01/2020,10:29:11,10.4,10.05,700,10.6,700,0,42000
LUPIN30Jan20740PE.NFO,07/01/2020,10:29:13,10.4,10.05,700,10.55,700,0,42000
LUPIN30Jan20740PE.NFO,07/01/2020,10:29:17,10.4,10.2,700,10.7,700,0,42000
LUPIN30Jan20740PE.NFO,07/01/2020,10:29:20,10.4,10.1,700,10.65,700,0,42000
LUPIN30Jan20740PE.NFO,07/01/2020,10:29:31,10.4,10.35,700,10.95,700,0,42000
LUPIN30Jan20740PE.NFO,07/01/2020,10:29:34,10.4,10.35,700,10.95,2800,0,42000
LUPIN30Jan20740PE.NFO,07/01/2020,10:29:37,10.4,10.35,700,10.85,700,0,42000
LUPIN30Jan20740PE.NFO,07/01/2020,10:29:40,10.4,10.25,700,10.75,700,0,42000
LUPIN30Jan20740PE.NFO,07/01/2020,10:29:43,10.4,10.35,2100,10.7,700,0,42000
LUPIN30Jan20740PE.NFO,07/01/2020,10:29:46,10.4,10.35,2100,10.85,700,0,42000
LUPIN30Jan20740PE.NFO,07/01/2020,10:29:48,10.4,10.3,2100,10.75,700,0,42000
LUPIN30Jan20740PE.NFO,07/01/2020,10:29:51,10.4,10.35,2100,10.8,700,0,42000
LUPIN30Jan20740PE.NFO,07/01/2020,10:29:54,10.4,10.3,2100,10.75,700,0,42000
LUPIN30Jan20740PE.NFO,07/01/2020,10:29:55,10.4,10.65,2100,10.8,700,0,42000
LUPIN30Jan20740PE.NFO,07/01/2020,10:29:58,10.4,10.7,2100,10.8,700,0,42000
LUPIN30Jan20740PE.NFO,07/01/2020,10:30:05,10.4,10.25,700,10.8,700,0,42000
LUPIN30Jan20740PE.NFO,07/01/2020,10:30:10,10.4,10.2,700,10.7,700,0,42000
LUPIN30Jan20740PE.NFO,07/01/2020,10:30:15,10.4,10.2,700,10.75,700,0,42000
LUPIN30Jan20740PE.NFO,07/01/2020,10:30:18,10.4,10.2,700,10.75,1400,0,42000
LUPIN30Jan20740PE.NFO,07/01/2020,10:30:21,10.4,10.2,700,10.75,2100,0,42000
LUPIN30Jan20740PE.NFO,07/01/2020,10:30:24,10.4,10.45,700,10.95,1400,0,42000
LUPIN30Jan20740PE.NFO,07/01/2020,10:30:26,10.4,10.35,700,10.9,700,0,42000
LUPIN30Jan20740PE.NFO,07/01/2020,10:30:34,10.4,10.35,700,10.9,4900,0,42000
LUPIN30Jan20740PE.NFO,07/01/2020,10:30:43,10.4,10.35,700,10.85,2800,0,42000
LUPIN30Jan20740PE.NFO,07/01/2020,10:30:46,10.4,10.45,1400,10.95,2800,0,42000
LUPIN30Jan20740PE.NFO,07/01/2020,10:30:50,10.4,10.45,1400,11,700,0,42000
LUPIN30Jan20740PE.NFO,07/01/2020,10:31:05,10.4,10.25,1400,10.9,3500,0,42000
LUPIN30Jan20740PE.NFO,07/01/2020,10:31:08,10.4,10.25,2100,10.8,700,0,42000
LUPIN30Jan20740PE.NFO,07/01/2020,10:31:13,10.4,10.25,2100,10.85,700,0,42000
LUPIN30Jan20740PE.NFO,07/01/2020,10:31:16,10.4,10.35,700,10.85,700,0,42000
LUPIN30Jan20740PE.NFO,07/01/2020,10:31:16,10.4,10.4,700,10.95,700,0,42000
LUPIN30Jan20740PE.NFO,07/01/2020,10:31:17,10.4,10.4,1400,10.95,700,0,42000
LUPIN30Jan20740PE.NFO,07/01/2020,10:31:18,10.4,10.4,1400,10.9,700,0,42000
LUPIN30Jan20740PE.NFO,07/01/2020,10:31:20,10.4,10.4,1400,10.85,700,0,42000
LUPIN30Jan20740PE.NFO,07/01/2020,10:31:27,10.4,10.4,700,10.85,700,0,42000
LUPIN30Jan20740PE.NFO,07/01/2020,10:31:29,10.4,10.35,700,10.9,1400,0,42000
LUPIN30Jan20740PE.NFO,07/01/2020,10:31:29,10.4,10.35,700,10.9,4200,0,42000
LUPIN30Jan20740PE.NFO,07/01/2020,10:31:58,10.4,10.35,700,10.8,700,0,42000
LUPIN30Jan20740PE.NFO,07/01/2020,10:32:03,10.4,10.4,700,10.85,700,0,42000
LUPIN30Jan20740PE.NFO,07/01/2020,10:32:05,10.4,10.35,700,10.85,1400,0,42000
LUPIN30Jan20740PE.NFO,07/01/2020,10:32:06,10.4,10.35,700,10.85,3500,0,42000
LUPIN30Jan20740PE.NFO,07/01/2020,10:32:07,10.4,10.35,700,10.85,1400,0,42000
LUPIN30Jan20740PE.NFO,07/01/2020,10:32:09,10.4,10.4,700,10.85,700,0,42000
LUPIN30Jan20740PE.NFO,07/01/2020,10:32:11,10.4,10.35,700,10.8,700,0,42000
LUPIN30Jan20740PE.NFO,07/01/2020,10:32:14,10.4,10.35,700,10.85,700,0,42000
LUPIN30Jan20740PE.NFO,07/01/2020,10:32:18,10.4,10.4,700,10.85,700,0,42000
LUPIN30Jan20740PE.NFO,07/01/2020,10:32:25,10.4,10.35,700,10.85,700,0,42000
LUPIN30Jan20740PE.NFO,07/01/2020,10:32:28,10.4,10.4,700,10.9,700,0,42000
LUPIN30Jan20740PE.NFO,07/01/2020,10:32:32,10.4,10.4,700,10.85,700,0,42000
LUPIN30Jan20740PE.NFO,07/01/2020,10:32:36,10.4,10.4,700,10.9,2800,0,42000
LUPIN30Jan20740PE.NFO,07/01/2020,10:32:40,10.4,10.4,700,10.9,3500,0,42000
LUPIN30Jan20740PE.NFO,07/01/2020,10:32:45,10.4,10.4,1400,10.9,700,0,42000
LUPIN30Jan20740PE.NFO,07/01/2020,10:32:49,10.4,10.4,700,10.9,700,0,42000
LUPIN30Jan20740PE.NFO,07/01/2020,10:32:53,10.4,10.4,700,10.9,2800,0,42000
LUPIN30Jan20740PE.NFO,07/01/2020,10:32:56,10.4,10.4,700,10.9,3500,0,42000
LUPIN30Jan20740PE.NFO,07/01/2020,10:33:02,10.4,10.4,700,10.9,1400,0,42000
LUPIN30Jan20740PE.NFO,07/01/2020,10:33:05,10.4,10.4,700,10.9,4200,0,42000
LUPIN30Jan20740PE.NFO,07/01/2020,10:33:09,10.4,10.4,700,10.9,3500,0,42000
LUPIN30Jan20740PE.NFO,07/01/2020,10:33:11,10.4,10.4,700,10.9,4200,0,42000
LUPIN30Jan20740PE.NFO,07/01/2020,10:33:27,10.4,10.4,700,10.9,1400,0,42000
LUPIN30Jan20740PE.NFO,07/01/2020,10:33:33,10.4,10.5,700,11,700,0,42000
LUPIN30Jan20740PE.NFO,07/01/2020,10:33:33,10.4,10.5,1400,11,700,0,42000
LUPIN30Jan20740PE.NFO,07/01/2020,10:33:35,10.4,10.5,2100,11,700,0,42000
LUPIN30Jan20740PE.NFO,07/01/2020,10:33:36,10.4,10.55,700,11,700,0,42000
LUPIN30Jan20740PE.NFO,07/01/2020,10:34:12,10.4,10.55,700,10.95,700,0,42000
LUPIN30Jan20740PE.NFO,07/01/2020,10:34:14,10.4,10.55,700,11,700,0,42000
LUPIN30Jan20740PE.NFO,07/01/2020,10:34:43,10.4,10.45,700,10.95,700,0,42000
LUPIN30Jan20740PE.NFO,07/01/2020,10:34:47,10.4,10.45,1400,10.95,700,0,42000
LUPIN30Jan20740PE.NFO,07/01/2020,10:34:52,10.4,10.65,700,10.95,700,0,42000
LUPIN30Jan20740PE.NFO,07/01/2020,10:34:56,10.4,10.65,700,11,700,0,42000
LUPIN30Jan20740PE.NFO,07/01/2020,10:35:03,10.4,10.7,700,11,700,0,42000
LUPIN30Jan20740PE.NFO,07/01/2020,10:35:07,10.4,10.65,700,11,700,0,42000
LUPIN30Jan20740PE.NFO,07/01/2020,10:35:16,10.4,10.65,1400,11,700,0,42000
LUPIN30Jan20740PE.NFO,07/01/2020,10:35:19,10.4,10.65,700,11,700,0,42000
LUPIN30Jan20740PE.NFO,07/01/2020,10:35:26,10.4,10.7,700,11,700,0,42000
LUPIN30Jan20740PE.NFO,07/01/2020,10:35:30,10.4,10.7,1400,11,700,0,42000
LUPIN30Jan20740PE.NFO,07/01/2020,10:35:34,10.4,10.7,2100,11,700,0,42000
LUPIN30Jan20740PE.NFO,07/01/2020,10:36:04,10.4,10.7,700,11,700,0,42000
LUPIN30Jan20740PE.NFO,07/01/2020,10:36:28,10.4,10.65,700,11,700,0,42000
LUPIN30Jan20740PE.NFO,07/01/2020,10:36:53,10.4,10.7,700,11,700,0,42000
LUPIN30Jan20740PE.NFO,07/01/2020,10:37:10,10.4,10.65,700,11,700,0,42000
LUPIN30Jan20740PE.NFO,07/01/2020,10:37:56,10.4,10.65,1400,11,700,0,42000
LUPIN30Jan20740PE.NFO,07/01/2020,10:38:00,10.4,10.65,700,11,700,0,42000
LUPIN30Jan20740PE.NFO,07/01/2020,10:38:24,10.4,10.7,700,11,700,0,42000
LUPIN30Jan20740PE.NFO,07/01/2020,10:38:31,11,10.7,1400,11.2,700,700,42000
LUPIN30Jan20740PE.NFO,07/01/2020,10:38:31,11,10.7,1400,11.2,700,0,42000
LUPIN30Jan20740PE.NFO,07/01/2020,10:38:41,11,10.75,1400,11.25,2800,0,42000
LUPIN30Jan20740PE.NFO,07/01/2020,10:38:44,11,10.8,1400,11.3,700,0,42000
LUPIN30Jan20740PE.NFO,07/01/2020,10:39:01,11,10.95,700,11.4,700,0,42000
LUPIN30Jan20740PE.NFO,07/01/2020,10:39:06,11,10.85,1400,11.3,2100,0,42000
LUPIN30Jan20740PE.NFO,07/01/2020,10:39:10,11,10.85,1400,11.35,2100,0,42000
LUPIN30Jan20740PE.NFO,07/01/2020,10:39:13,11,10.85,1400,11.4,700,0,42000
LUPIN30Jan20740PE.NFO,07/01/2020,10:39:18,11,10.85,700,11.4,2100,0,42000
LUPIN30Jan20740PE.NFO,07/01/2020,10:39:21,11,10.9,700,11.45,2800,0,42000
LUPIN30Jan20740PE.NFO,07/01/2020,10:39:25,11,10.9,1400,11.45,3500,0,42000
LUPIN30Jan20740PE.NFO,07/01/2020,10:39:28,11,11,1400,11.55,3500,0,42000
LUPIN30Jan20740PE.NFO,07/01/2020,10:39:39,11,11,1400,11.5,2800,0,42000
LUPIN30Jan20740PE.NFO,07/01/2020,10:39:42,11,11,1400,11.55,3500,0,42000
LUPIN30Jan20740PE.NFO,07/01/2020,10:39:45,11,11,1400,11.6,1400,0,42000
LUPIN30Jan20740PE.NFO,07/01/2020,10:39:47,11,11,1400,11.5,3500,0,42000
LUPIN30Jan20740PE.NFO,07/01/2020,10:40:22,11,11.15,1400,11.6,700,0,42000
LUPIN30Jan20740PE.NFO,07/01/2020,10:40:24,11,11,700,11.4,700,0,42000
LUPIN30Jan20740PE.NFO,07/01/2020,10:40:27,11,11,700,11.45,700,0,42000
LUPIN30Jan20740PE.NFO,07/01/2020,10:40:30,11,11.05,1400,11.5,2100,0,42000
LUPIN30Jan20740PE.NFO,07/01/2020,10:40:38,11,11.05,1400,11.45,2800,0,42000
LUPIN30Jan20740PE.NFO,07/01/2020,10:40:41,11,10.85,700,11.3,700,0,42000
LUPIN30Jan20740PE.NFO,07/01/2020,10:40:45,11,10.75,700,11.15,2800,0,42000
LUPIN30Jan20740PE.NFO,07/01/2020,10:40:47,11,10.75,700,11.25,700,0,42000
LUPIN30Jan20740PE.NFO,07/01/2020,10:40:50,11,10.75,700,11.15,2800,0,42000
LUPIN30Jan20740PE.NFO,07/01/2020,10:40:52,11,10.75,700,11.2,2800,0,42000
LUPIN30Jan20740PE.NFO,07/01/2020,10:40:55,11,10.7,700,11.1,700,0,42000
LUPIN30Jan20740PE.NFO,07/01/2020,10:40:57,11,10.65,700,11.1,700,0,42000
LUPIN30Jan20740PE.NFO,07/01/2020,10:41:01,11,10.65,700,11,2800,0,42000
LUPIN30Jan20740PE.NFO,07/01/2020,10:41:04,11,10.6,700,11.15,700,0,42000
LUPIN30Jan20740PE.NFO,07/01/2020,10:41:06,11,10.6,700,11.05,700,0,42000
LUPIN30Jan20740PE.NFO,07/01/2020,10:41:08,11,10.6,700,11.15,700,0,42000
LUPIN30Jan20740PE.NFO,07/01/2020,10:41:11,11,10.6,700,11.1,2800,0,42000
LUPIN30Jan20740PE.NFO,07/01/2020,10:41:14,11,10.6,1400,11.15,700,0,42000
LUPIN30Jan20740PE.NFO,07/01/2020,10:41:18,11,10.6,1400,11.1,2800,0,42000
LUPIN30Jan20740PE.NFO,07/01/2020,10:41:25,11,10.6,1400,11.15,700,0,42000
LUPIN30Jan20740PE.NFO,07/01/2020,10:41:29,11,10.6,1400,11.1,2800,0,42000
LUPIN30Jan20740PE.NFO,07/01/2020,10:41:33,11,10.7,700,11.15,2800,0,42000
LUPIN30Jan20740PE.NFO,07/01/2020,10:41:38,11,10.7,700,11.1,2800,0,42000
LUPIN30Jan20740PE.NFO,07/01/2020,10:41:41,11,10.85,700,11.25,2800,0,42000
LUPIN30Jan20740PE.NFO,07/01/2020,10:41:56,11,10.85,1400,11.3,2800,0,42000
LUPIN30Jan20740PE.NFO,07/01/2020,10:42:05,11,10.85,700,11.25,700,0,42000
LUPIN30Jan20740PE.NFO,07/01/2020,10:42:08,11,10.85,700,11.2,2800,0,42000
LUPIN30Jan20740PE.NFO,07/01/2020,10:42:12,11,10.85,700,11.25,2800,0,42000
LUPIN30Jan20740PE.NFO,07/01/2020,10:42:15,11,10.85,700,11.25,2100,0,42000
LUPIN30Jan20740PE.NFO,07/01/2020,10:42:17,11,10.8,2100,11.3,1400,0,42000
LUPIN30Jan20740PE.NFO,07/01/2020,10:42:20,11,10.8,2100,11.2,700,0,42000
LUPIN30Jan20740PE.NFO,07/01/2020,10:42:22,11,10.8,1400,11.4,1400,0,42000
LUPIN30Jan20740PE.NFO,07/01/2020,10:42:25,11,10.8,1400,11.3,1400,0,42000
LUPIN30Jan20740PE.NFO,07/01/2020,10:42:28,11,10.85,700,11.2,2800,0,42000
LUPIN30Jan20740PE.NFO,07/01/2020,10:42:30,11,10.95,700,11.45,2100,0,42000
LUPIN30Jan20740PE.NFO,07/01/2020,10:42:34,11,10.95,700,11.45,1400,0,42000
LUPIN30Jan20740PE.NFO,07/01/2020,10:42:37,11,10.85,700,11.4,1400,0,42000
LUPIN30Jan20740PE.NFO,07/01/2020,10:42:40,11,10.8,2100,11.25,700,0,42000
LUPIN30Jan20740PE.NFO,07/01/2020,10:42:43,11,10.8,2100,11.3,1400,0,42000
LUPIN30Jan20740PE.NFO,07/01/2020,10:42:45,11,10.85,700,11.25,700,0,42000
LUPIN30Jan20740PE.NFO,07/01/2020,10:42:48,11,10.85,700,11.2,2800,0,42000
LUPIN30Jan20740PE.NFO,07/01/2020,10:42:51,11,10.85,700,11.35,1400,0,42000
LUPIN30Jan20740PE.NFO,07/01/2020,10:42:53,11,10.85,700,11.3,2800,0,42000
LUPIN30Jan20740PE.NFO,07/01/2020,10:43:16,11,10.9,700,11.3,2800,0,42000
LUPIN30Jan20740PE.NFO,07/01/2020,10:43:18,11,10.9,700,11.3,2100,0,42000
LUPIN30Jan20740PE.NFO,07/01/2020,10:43:19,11,10.85,1400,11.2,2100,0,42000
LUPIN30Jan20740PE.NFO,07/01/2020,10:43:20,11,10.85,700,11.4,1400,0,42000
LUPIN30Jan20740PE.NFO,07/01/2020,10:43:24,11,10.85,700,11.25,2800,0,42000
LUPIN30Jan20740PE.NFO,07/01/2020,10:43:28,11,10.85,700,11.35,1400,0,42000
LUPIN30Jan20740PE.NFO,07/01/2020,10:43:31,11,10.9,700,11.3,2100,0,42000
LUPIN30Jan20740PE.NFO,07/01/2020,10:43:34,11,10.9,700,11.25,2800,0,42000
LUPIN30Jan20740PE.NFO,07/01/2020,10:43:38,11,10.85,700,11.3,700,0,42000
LUPIN30Jan20740PE.NFO,07/01/2020,10:43:43,11,10.9,700,11.25,2800,0,42000
LUPIN30Jan20740PE.NFO,07/01/2020,10:43:51,11.25,10.95,700,11.35,700,2800,42700
LUPIN30Jan20740PE.NFO,07/01/2020,10:43:51,11.25,10.95,700,11.35,700,0,42700
LUPIN30Jan20740PE.NFO,07/01/2020,10:43:54,11.25,10.9,1400,11.25,2100,0,42700
LUPIN30Jan20740PE.NFO,07/01/2020,10:44:20,11.25,10.9,700,11.4,700,0,42700
LUPIN30Jan20740PE.NFO,07/01/2020,10:44:23,11.25,10.9,700,11.35,2100,0,42700
LUPIN30Jan20740PE.NFO,07/01/2020,10:44:26,11.25,10.9,2100,11.4,700,0,42700
LUPIN30Jan20740PE.NFO,07/01/2020,10:44:29,11.25,10.9,2800,11.35,2100,0,42700
LUPIN30Jan20740PE.NFO,07/01/2020,10:44:31,11.25,10.9,2100,11.4,700,0,42700
LUPIN30Jan20740PE.NFO,07/01/2020,10:44:34,11.25,10.9,2100,11.35,2100,0,42700
LUPIN30Jan20740PE.NFO,07/01/2020,10:44:37,11.25,10.9,2800,11.4,700,0,42700
LUPIN30Jan20740PE.NFO,07/01/2020,10:44:40,11.25,10.9,2800,11.35,2100,0,42700
LUPIN30Jan20740PE.NFO,07/01/2020,10:44:42,11.25,10.9,1400,11.35,2100,0,42700
LUPIN30Jan20740PE.NFO,07/01/2020,10:44:46,11.25,10.9,700,11.4,700,0,42700
LUPIN30Jan20740PE.NFO,07/01/2020,10:44:50,11.25,10.9,1400,11.4,700,0,42700
LUPIN30Jan20740PE.NFO,07/01/2020,10:44:55,11.25,10.9,700,11.4,700,0,42700
LUPIN30Jan20740PE.NFO,07/01/2020,10:45:03,11.25,11,700,11.4,700,0,42700
LUPIN30Jan20740PE.NFO,07/01/2020,10:45:07,11.25,10.9,700,11.35,2100,0,42700
LUPIN30Jan20740PE.NFO,07/01/2020,10:45:11,11.25,10.9,700,11.3,2100,0,42700
LUPIN30Jan20740PE.NFO,07/01/2020,10:45:22,11.25,10.9,700,11.35,700,0,42700
LUPIN30Jan20740PE.NFO,07/01/2020,10:45:28,11.25,10.9,700,11.3,2100,0,42700
LUPIN30Jan20740PE.NFO,07/01/2020,10:45:31,11.25,10.85,700,11.35,1400,0,42700
LUPIN30Jan20740PE.NFO,07/01/2020,10:45:34,11.25,10.85,700,11.35,2100,0,42700
LUPIN30Jan20740PE.NFO,07/01/2020,10:45:36,11.25,10.85,700,11.2,700,0,42700
LUPIN30Jan20740PE.NFO,07/01/2020,10:45:38,11.25,10.85,700,11.15,2100,0,42700
LUPIN30Jan20740PE.NFO,07/01/2020,10:45:46,11.25,10.8,1400,11.2,2100,0,42700
LUPIN30Jan20740PE.NFO,07/01/2020,10:45:50,11.25,10.8,700,11.2,2100,0,42700
LUPIN30Jan20740PE.NFO,07/01/2020,10:45:53,11.25,10.8,1400,11.2,2100,0,42700
LUPIN30Jan20740PE.NFO,07/01/2020,10:45:55,11.25,10.8,700,11.2,2100,0,42700
LUPIN30Jan20740PE.NFO,07/01/2020,10:46:05,11.25,10.75,2100,11.2,2100,0,42700
LUPIN30Jan20740PE.NFO,07/01/2020,10:46:07,11.25,10.8,700,11.2,2100,0,42700
LUPIN30Jan20740PE.NFO,07/01/2020,10:46:12,11.25,10.75,1400,11.1,2100,0,42700
LUPIN30Jan20740PE.NFO,07/01/2020,10:46:14,11.25,10.75,1400,11.15,700,0,42700
LUPIN30Jan20740PE.NFO,07/01/2020,10:46:17,11.25,10.75,700,11.15,700,0,42700
LUPIN30Jan20740PE.NFO,07/01/2020,10:46:20,11.25,10.75,700,11.1,2100,0,42700
LUPIN30Jan20740PE.NFO,07/01/2020,10:46:26,11.25,10.75,700,11.15,700,0,42700
LUPIN30Jan20740PE.NFO,07/01/2020,10:46:28,11.25,10.75,700,11.1,2100,0,42700
LUPIN30Jan20740PE.NFO,07/01/2020,10:46:37,11.25,10.75,700,11.15,700,0,42700
LUPIN30Jan20740PE.NFO,07/01/2020,10:46:45,11.25,10.7,700,11.1,2800,0,42700
LUPIN30Jan20740PE.NFO,07/01/2020,10:46:48,11.25,10.7,700,11.15,700,0,42700
LUPIN30Jan20740PE.NFO,07/01/2020,10:46:51,11.25,10.7,700,11.1,2800,0,42700
LUPIN30Jan20740PE.NFO,07/01/2020,10:46:54,11.25,10.7,700,11.1,700,0,42700
LUPIN30Jan20740PE.NFO,07/01/2020,10:47:00,11.25,10.7,1400,11.1,2100,0,42700
LUPIN30Jan20740PE.NFO,07/01/2020,10:47:03,11.25,10.75,700,11.15,700,0,42700
LUPIN30Jan20740PE.NFO,07/01/2020,10:47:06,11.25,10.75,700,11.2,2100,0,42700
LUPIN30Jan20740PE.NFO,07/01/2020,10:47:09,11.25,10.7,1400,11.2,2100,0,42700
LUPIN30Jan20740PE.NFO,07/01/2020,10:47:15,11.25,10.8,700,11.2,2100,0,42700
LUPIN30Jan20740PE.NFO,07/01/2020,10:47:21,11.25,10.7,1400,11.1,700,0,42700
LUPIN30Jan20740PE.NFO,07/01/2020,10:47:26,11.25,10.75,700,11.2,700,0,42700
LUPIN30Jan20740PE.NFO,07/01/2020,10:47:29,11.25,10.75,700,11.15,2100,0,42700
LUPIN30Jan20740PE.NFO,07/01/2020,10:47:35,11.25,10.75,1400,11.2,700,0,42700
LUPIN30Jan20740PE.NFO,07/01/2020,10:47:42,11.25,10.75,1400,11.15,2800,0,42700
LUPIN30Jan20740PE.NFO,07/01/2020,10:48:00,11.25,10.75,1400,11.2,700,0,42700
LUPIN30Jan20740PE.NFO,07/01/2020,10:48:03,11.25,10.7,700,11.2,700,0,42700
LUPIN30Jan20740PE.NFO,07/01/2020,10:48:07,11.25,10.75,700,11.2,700,0,42700
LUPIN30Jan20740PE.NFO,07/01/2020,10:48:11,11.25,10.75,700,11.15,2100,0,42700
LUPIN30Jan20740PE.NFO,07/01/2020,10:48:21,11.25,10.75,700,11.2,700,0,42700
LUPIN30Jan20740PE.NFO,07/01/2020,10:48:24,11.25,10.8,1400,11.15,2100,0,42700
LUPIN30Jan20740PE.NFO,07/01/2020,10:48:27,11.25,10.75,700,11.2,700,0,42700
LUPIN30Jan20740PE.NFO,07/01/2020,10:48:31,11.25,10.65,700,11.2,1400,0,42700
LUPIN30Jan20740PE.NFO,07/01/2020,10:48:36,11.25,10.65,700,11.15,700,0,42700
LUPIN30Jan20740PE.NFO,07/01/2020,10:48:41,11.25,10.6,700,11.1,2100,0,42700
LUPIN30Jan20740PE.NFO,07/01/2020,10:48:45,11.25,10.6,700,11.05,2100,0,42700
LUPIN30Jan20740PE.NFO,07/01/2020,10:48:49,11.25,10.65,700,11.15,2100,0,42700
LUPIN30Jan20740PE.NFO,07/01/2020,10:48:52,11.25,10.65,700,11.1,2100,0,42700
LUPIN30Jan20740PE.NFO,07/01/2020,10:48:56,11.25,10.65,700,11.15,700,0,42700
LUPIN30Jan20740PE.NFO,07/01/2020,10:48:59,11.25,10.65,1400,11,2100,0,42700
LUPIN30Jan20740PE.NFO,07/01/2020,10:49:04,11.25,10.65,700,11.05,2100,0,42700
LUPIN30Jan20740PE.NFO,07/01/2020,10:49:12,11.25,10.6,700,11.05,2100,0,42700
LUPIN30Jan20740PE.NFO,07/01/2020,10:49:24,11.25,10.65,700,11.05,2100,0,42700
LUPIN30Jan20740PE.NFO,07/01/2020,10:49:34,11.25,10.65,700,11.1,2100,0,42700
LUPIN30Jan20740PE.NFO,07/01/2020,10:49:44,11.25,10.65,1400,11.1,2100,0,42700
LUPIN30Jan20740PE.NFO,07/01/2020,10:49:51,11.25,10.8,700,11.1,2100,0,42700
LUPIN30Jan20740PE.NFO,07/01/2020,10:49:55,11.25,10.75,700,11.1,2100,0,42700
LUPIN30Jan20740PE.NFO,07/01/2020,10:50:11,11.25,10.75,700,11.1,2800,0,42700
LUPIN30Jan20740PE.NFO,07/01/2020,10:50:21,11.25,10.75,700,11.1,2100,0,42700
LUPIN30Jan20740PE.NFO,07/01/2020,10:50:26,11.25,10.65,1400,11.05,2100,0,42700
LUPIN30Jan20740PE.NFO,07/01/2020,10:50:29,11.25,10.65,700,11.05,2100,0,42700
LUPIN30Jan20740PE.NFO,07/01/2020,10:50:34,11.25,10.7,1400,11.1,700,0,42700
LUPIN30Jan20740PE.NFO,07/01/2020,10:50:38,11.25,10.7,1400,11.05,2100,0,42700
LUPIN30Jan20740PE.NFO,07/01/2020,10:50:42,11.25,10.8,700,11.1,700,0,42700
LUPIN30Jan20740PE.NFO,07/01/2020,10:50:46,11.25,10.8,700,11.15,2800,0,42700
LUPIN30Jan20740PE.NFO,07/01/2020,10:50:52,11.25,10.8,700,11.15,2100,0,42700
LUPIN30Jan20740PE.NFO,07/01/2020,10:51:40,11.25,10.85,700,11.15,2800,0,42700
LUPIN30Jan20740PE.NFO,07/01/2020,10:51:44,11.25,10.85,700,11.2,700,0,42700
LUPIN30Jan20740PE.NFO,07/01/2020,10:51:47,11.25,10.8,700,11.15,700,0,42700
LUPIN30Jan20740PE.NFO,07/01/2020,10:51:50,11.25,10.8,700,11.15,2800,0,42700
LUPIN30Jan20740PE.NFO,07/01/2020,10:51:53,11.25,10.8,700,11.2,700,0,42700
LUPIN30Jan20740PE.NFO,07/01/2020,10:51:58,11.25,10.8,700,11.15,2800,0,42700
LUPIN30Jan20740PE.NFO,07/01/2020,10:52:02,11.25,10.9,700,11.15,2800,0,42700
LUPIN30Jan20740PE.NFO,07/01/2020,10:52:10,11.25,10.9,700,11.2,700,0,42700
LUPIN30Jan20740PE.NFO,07/01/2020,10:52:22,11.25,10.9,700,11.15,2800,0,42700
LUPIN30Jan20740PE.NFO,07/01/2020,10:52:26,11.25,11.05,700,11.35,700,0,42700
LUPIN30Jan20740PE.NFO,07/01/2020,10:52:41,11.25,10.9,700,11.25,700,0,42700
LUPIN30Jan20740PE.NFO,07/01/2020,10:52:46,11.25,10.95,700,11.15,700,0,42700
LUPIN30Jan20740PE.NFO,07/01/2020,10:52:49,11.25,10.9,700,11.2,3500,0,42700
LUPIN30Jan20740PE.NFO,07/01/2020,10:52:53,11.25,10.95,1400,11.25,2100,0,42700
LUPIN30Jan20740PE.NFO,07/01/2020,10:53:04,11.25,10.95,1400,11.3,3500,0,42700
LUPIN30Jan20740PE.NFO,07/01/2020,10:53:09,11.25,10.95,1400,11.3,2800,0,42700
LUPIN30Jan20740PE.NFO,07/01/2020,10:53:14,11.25,10.95,1400,11.3,3500,0,42700
LUPIN30Jan20740PE.NFO,07/01/2020,10:53:21,11.25,10.9,1400,11.3,700,0,42700
LUPIN30Jan20740PE.NFO,07/01/2020,10:53:26,11.25,10.95,700,11.25,2100,0,42700
LUPIN30Jan20740PE.NFO,07/01/2020,10:53:31,11.25,10.85,700,11.2,700,0,42700
LUPIN30Jan20740PE.NFO,07/01/2020,10:53:41,11.25,10.85,700,11.15,2100,0,42700
LUPIN30Jan20740PE.NFO,07/01/2020,10:53:46,11.25,10.95,700,11.3,2800,0,42700
LUPIN30Jan20740PE.NFO,07/01/2020,10:53:52,11.25,11,1400,11.4,700,0,42700
LUPIN30Jan20740PE.NFO,07/01/2020,10:53:57,11.25,11.05,700,11.4,700,0,42700
LUPIN30Jan20740PE.NFO,07/01/2020,10:54:03,11.45,11.45,1400,11.5,700,1400,42700
LUPIN30Jan20740PE.NFO,07/01/2020,10:54:03,11.45,11.45,1400,11.5,700,0,42700
LUPIN30Jan20740PE.NFO,07/01/2020,10:54:07,11.55,11.2,700,11.6,700,1400,42700
LUPIN30Jan20740PE.NFO,07/01/2020,10:54:07,11.55,11.2,700,11.6,700,0,42700
LUPIN30Jan20740PE.NFO,07/01/2020,10:54:12,11.55,11.2,700,11.45,2800,0,42700
LUPIN30Jan20740PE.NFO,07/01/2020,10:54:17,11.55,11.15,700,11.5,3500,0,42700
LUPIN30Jan20740PE.NFO,07/01/2020,10:54:22,11.55,11.25,1400,11.55,2800,0,42700
LUPIN30Jan20740PE.NFO,07/01/2020,10:54:26,11.55,11.25,700,11.6,700,0,42700
LUPIN30Jan20740PE.NFO,07/01/2020,10:54:30,11.55,11.2,1400,11.55,2800,0,42700
LUPIN30Jan20740PE.NFO,07/01/2020,10:54:38,11.55,11.2,700,11.55,700,0,42700
LUPIN30Jan20740PE.NFO,07/01/2020,10:54:41,11.55,11.25,700,11.55,3500,0,42700
LUPIN30Jan20740PE.NFO,07/01/2020,10:54:45,11.55,11.25,700,11.55,2100,0,42700
LUPIN30Jan20740PE.NFO,07/01/2020,10:54:54,11.55,11.35,700,11.6,2100,0,42700
LUPIN30Jan20740PE.NFO,07/01/2020,10:54:59,11.55,11.35,700,11.65,2100,0,42700
LUPIN30Jan20740PE.NFO,07/01/2020,10:55:04,11.55,11.3,700,11.6,700,0,42700
LUPIN30Jan20740PE.NFO,07/01/2020,10:55:14,11.55,11.3,700,11.55,2100,0,42700
LUPIN30Jan20740PE.NFO,07/01/2020,10:55:18,11.55,11.55,700,11.65,700,2100,42700
LUPIN30Jan20740PE.NFO,07/01/2020,10:55:24,11.55,11.35,1400,11.65,700,0,42700
LUPIN30Jan20740PE.NFO,07/01/2020,10:55:36,11.55,11.35,1400,11.55,700,0,42700
LUPIN30Jan20740PE.NFO,07/01/2020,10:55:42,11.55,11.35,1400,11.7,700,0,42700
LUPIN30Jan20740PE.NFO,07/01/2020,10:55:47,11.55,11.35,700,11.65,700,0,42700
LUPIN30Jan20740PE.NFO,07/01/2020,10:55:51,11.55,11.3,700,11.55,700,0,42700
LUPIN30Jan20740PE.NFO,07/01/2020,10:55:56,11.55,11.3,700,11.6,700,0,42700
LUPIN30Jan20740PE.NFO,07/01/2020,10:56:00,11.55,11.25,700,11.5,700,0,42700
LUPIN30Jan20740PE.NFO,07/01/2020,10:56:05,11.55,11.3,700,11.55,700,0,42700
LUPIN30Jan20740PE.NFO,07/01/2020,10:56:10,11.55,11.15,1400,11.5,700,0,42700
LUPIN30Jan20740PE.NFO,07/01/2020,10:56:15,11.55,11.1,700,11.4,700,0,42700
LUPIN30Jan20740PE.NFO,07/01/2020,10:56:19,11.55,11.15,700,11.25,700,0,42700
LUPIN30Jan20740PE.NFO,07/01/2020,10:56:23,11.25,11.15,700,11.6,700,700,42700
LUPIN30Jan20740PE.NFO,07/01/2020,10:56:27,11.25,11.1,700,11.5,700,0,42700
LUPIN30Jan20740PE.NFO,07/01/2020,10:56:31,11.25,11.15,1400,11.5,700,0,42700
LUPIN30Jan20740PE.NFO,07/01/2020,10:56:37,11.25,11.15,700,11.45,700,0,42700
LUPIN30Jan20740PE.NFO,07/01/2020,10:56:41,11.25,11.15,1400,11.5,700,0,42700
LUPIN30Jan20740PE.NFO,07/01/2020,10:56:49,11.25,11.1,700,11.45,700,0,42700
LUPIN30Jan20740PE.NFO,07/01/2020,10:56:55,11.25,11.2,700,11.5,700,0,42700
LUPIN30Jan20740PE.NFO,07/01/2020,10:57:01,11.25,11.15,700,11.5,700,0,42700
LUPIN30Jan20740PE.NFO,07/01/2020,10:57:24,11.25,11.2,2100,11.75,700,0,42700
LUPIN30Jan20740PE.NFO,07/01/2020,10:57:57,11.25,11.3,1400,11.7,700,0,42700
LUPIN30Jan20740PE.NFO,07/01/2020,10:58:22,11.25,11.3,1400,11.75,700,0,42700
LUPIN30Jan20740PE.NFO,07/01/2020,10:58:29,11.25,11.3,700,11.75,700,0,42700
LUPIN30Jan20740PE.NFO,07/01/2020,10:58:47,11.25,11.2,1400,11.75,700,0,42700
LUPIN30Jan20740PE.NFO,07/01/2020,10:58:54,11.25,11.3,1400,11.75,700,0,42700
LUPIN30Jan20740PE.NFO,07/01/2020,10:59:00,11.25,11.3,700,11.75,700,0,42700
LUPIN30Jan20740PE.NFO,07/01/2020,10:59:25,11.25,11.3,1400,11.75,700,0,42700
LUPIN30Jan20740PE.NFO,07/01/2020,10:59:43,11.25,11.3,2100,11.75,700,0,42700
LUPIN30Jan20740PE.NFO,07/01/2020,10:59:49,11.25,11.3,1400,11.75,700,0,42700
LUPIN30Jan20740PE.NFO,07/01/2020,11:00:07,11.25,11.45,700,11.95,700,0,42700
LUPIN30Jan20740PE.NFO,07/01/2020,11:00:14,11.25,11.75,700,12.25,700,0,42700
LUPIN30Jan20740PE.NFO,07/01/2020,11:00:22,11.25,11.85,700,12.4,700,0,42700
LUPIN30Jan20740PE.NFO,07/01/2020,11:00:28,11.25,11.9,700,12.4,700,0,42700
LUPIN30Jan20740PE.NFO,07/01/2020,11:00:35,11.25,11.95,1400,12.55,700,0,42700
LUPIN30Jan20740PE.NFO,07/01/2020,11:00:42,11.25,12,700,12.45,700,0,42700
LUPIN30Jan20740PE.NFO,07/01/2020,11:00:55,11.25,11.95,700,12.45,700,0,42700
LUPIN30Jan20740PE.NFO,07/01/2020,11:01:02,11.25,11.9,1400,12.45,700,0,42700
LUPIN30Jan20740PE.NFO,07/01/2020,11:01:10,11.25,12,700,12.55,1400,0,42700
LUPIN30Jan20740PE.NFO,07/01/2020,11:01:17,11.25,12.15,700,12.6,700,0,42700
LUPIN30Jan20740PE.NFO,07/01/2020,11:01:25,11.25,12.15,1400,12.75,700,0,42700
LUPIN30Jan20740PE.NFO,07/01/2020,11:01:33,11.25,12.15,2100,12.9,700,0,42700
LUPIN30Jan20740PE.NFO,07/01/2020,11:01:40,11.25,12.15,2100,12.85,700,0,42700
LUPIN30Jan20740PE.NFO,07/01/2020,11:01:48,11.25,12.1,700,12.7,700,0,42700
LUPIN30Jan20740PE.NFO,07/01/2020,11:01:56,11.25,12.15,1400,12.75,700,0,42700
LUPIN30Jan20740PE.NFO,07/01/2020,11:02:03,11.25,12.1,1400,12.7,700,0,42700
LUPIN30Jan20740PE.NFO,07/01/2020,11:02:10,11.25,12.05,1400,12.7,700,0,42700
LUPIN30Jan20740PE.NFO,07/01/2020,11:02:17,11.25,12.05,1400,12.5,700,0,42700
LUPIN30Jan20740PE.NFO,07/01/2020,11:02:29,12.5,12.4,2100,13,700,700,43400
LUPIN30Jan20740PE.NFO,07/01/2020,11:02:29,12.5,12.4,2100,13,700,0,43400
LUPIN30Jan20740PE.NFO,07/01/2020,11:02:36,12.5,12.4,700,13,700,0,43400
LUPIN30Jan20740PE.NFO,07/01/2020,11:02:42,12.5,12.3,1400,12.9,700,0,43400
LUPIN30Jan20740PE.NFO,07/01/2020,11:02:48,12.5,12.3,1400,12.85,700,0,43400
LUPIN30Jan20740PE.NFO,07/01/2020,11:02:55,12.5,12.4,700,12.9,700,0,43400
LUPIN30Jan20740PE.NFO,07/01/2020,11:03:01,12.5,12.35,700,12.85,700,0,43400
LUPIN30Jan20740PE.NFO,07/01/2020,11:03:08,12.5,12.25,1400,12.8,700,0,43400
LUPIN30Jan20740PE.NFO,07/01/2020,11:03:15,12.5,12.4,700,12.9,700,0,43400
LUPIN30Jan20740PE.NFO,07/01/2020,11:03:22,12.5,12.35,700,12.9,700,0,43400
LUPIN30Jan20740PE.NFO,07/01/2020,11:03:28,12.5,12.3,700,12.85,700,0,43400
LUPIN30Jan20740PE.NFO,07/01/2020,11:03:34,12.5,12.3,2100,12.85,700,0,43400
LUPIN30Jan20740PE.NFO,07/01/2020,11:03:41,12.5,12.35,1400,12.85,700,0,43400
LUPIN30Jan20740PE.NFO,07/01/2020,11:03:49,12.5,12.3,700,12.85,700,0,43400
LUPIN30Jan20740PE.NFO,07/01/2020,11:03:56,12.5,12.3,1400,12.85,700,0,43400
LUPIN30Jan20740PE.NFO,07/01/2020,11:04:03,12.5,12.25,1400,12.85,700,0,43400
LUPIN30Jan20740PE.NFO,07/01/2020,11:04:09,12.5,12.3,1400,12.85,700,0,43400
LUPIN30Jan20740PE.NFO,07/01/2020,11:04:16,12.5,12.45,700,12.95,700,0,43400
LUPIN30Jan20740PE.NFO,07/01/2020,11:04:22,12.5,12.4,1400,12.9,700,0,43400
LUPIN30Jan20740PE.NFO,07/01/2020,11:04:28,12.5,12.6,1400,13.25,700,0,43400
LUPIN30Jan20740PE.NFO,07/01/2020,11:04:35,12.5,12.65,1400,13.3,700,0,43400
LUPIN30Jan20740PE.NFO,07/01/2020,11:04:42,12.5,12.7,700,13.3,700,0,43400
LUPIN30Jan20740PE.NFO,07/01/2020,11:04:56,12.5,12.65,1400,13.3,700,0,43400
LUPIN30Jan20740PE.NFO,07/01/2020,11:05:03,12.5,12.6,700,13.15,700,0,43400
LUPIN30Jan20740PE.NFO,07/01/2020,11:05:10,12.5,12.65,700,13.2,1400,0,43400
LUPIN30Jan20740PE.NFO,07/01/2020,11:05:16,12.5,12.6,700,13.2,700,0,43400
LUPIN30Jan20740PE.NFO,07/01/2020,11:05:24,12.5,12.55,1400,13.15,700,0,43400
LUPIN30Jan20740PE.NFO,07/01/2020,11:05:30,12.5,12.65,700,13.2,700,0,43400
LUPIN30Jan20740PE.NFO,07/01/2020,11:05:51,12.5,12.7,700,13.2,700,0,43400
LUPIN30Jan20740PE.NFO,07/01/2020,11:05:58,12.5,12.65,1400,13.2,700,0,43400
LUPIN30Jan20740PE.NFO,07/01/2020,11:06:05,12.5,12.5,700,13,700,0,43400
LUPIN30Jan20740PE.NFO,07/01/2020,11:06:12,12.5,12.45,700,12.95,700,0,43400
LUPIN30Jan20740PE.NFO,07/01/2020,11:06:19,12.5,12.4,700,13.05,700,0,43400
LUPIN30Jan20740PE.NFO,07/01/2020,11:06:25,12.5,12.4,700,13,1400,0,43400
LUPIN30Jan20740PE.NFO,07/01/2020,11:06:36,12.5,12.4,700,12.9,700,0,43400
LUPIN30Jan20740PE.NFO,07/01/2020,11:06:41,12.5,12.3,700,12.85,700,0,43400
LUPIN30Jan20740PE.NFO,07/01/2020,11:06:46,12.5,12.35,700,13,700,0,43400
LUPIN30Jan20740PE.NFO,07/01/2020,11:06:51,12.5,12.4,2100,12.95,700,0,43400
LUPIN30Jan20740PE.NFO,07/01/2020,11:06:56,12.5,12.3,2100,12.95,700,0,43400
LUPIN30Jan20740PE.NFO,07/01/2020,11:07:22,12.5,12.2,700,12.75,700,0,43400
LUPIN30Jan20740PE.NFO,07/01/2020,11:07:27,12.5,12.25,700,12.85,1400,0,43400
LUPIN30Jan20740PE.NFO,07/01/2020,11:07:32,12.5,12.15,700,12.7,700,0,43400
LUPIN30Jan20740PE.NFO,07/01/2020,11:07:38,12.5,12.1,700,12.7,700,0,43400
LUPIN30Jan20740PE.NFO,07/01/2020,11:07:44,12.5,12.05,1400,12.7,700,0,43400
LUPIN30Jan20740PE.NFO,07/01/2020,11:08:00,12.5,12.15,700,12.7,700,0,43400
LUPIN30Jan20740PE.NFO,07/01/2020,11:08:05,12.5,12.15,700,12.75,700,0,43400
LUPIN30Jan20740PE.NFO,07/01/2020,11:08:09,12.5,12.25,700,12.75,1400,0,43400
LUPIN30Jan20740PE.NFO,07/01/2020,11:08:13,12.5,12.25,700,12.75,700,0,43400
LUPIN30Jan20740PE.NFO,07/01/2020,11:08:24,12.5,12.2,700,12.75,700,0,43400
LUPIN30Jan20740PE.NFO,07/01/2020,11:08:30,12.5,12.2,700,12.7,700,0,43400
LUPIN30Jan20740PE.NFO,07/01/2020,11:08:35,12.5,12.25,700,12.75,700,0,43400
LUPIN30Jan20740PE.NFO,07/01/2020,11:08:50,12.5,12.2,700,12.75,700,0,43400
LUPIN30Jan20740PE.NFO,07/01/2020,11:08:54,12.5,12.2,2100,12.75,700,0,43400
LUPIN30Jan20740PE.NFO,07/01/2020,11:08:59,12.5,12.3,700,12.8,700,0,43400
LUPIN30Jan20740PE.NFO,07/01/2020,11:09:04,12.5,12.25,700,12.8,700,0,43400
LUPIN30Jan20740PE.NFO,07/01/2020,11:09:19,12.5,12.35,700,12.85,700,0,43400
LUPIN30Jan20740PE.NFO,07/01/2020,11:09:29,12.5,12.3,700,12.85,700,0,43400
LUPIN30Jan20740PE.NFO,07/01/2020,11:09:38,12.5,12.2,700,12.75,700,0,43400
LUPIN30Jan20740PE.NFO,07/01/2020,11:09:42,12.5,12.15,700,12.75,700,0,43400
LUPIN30Jan20740PE.NFO,07/01/2020,11:09:47,12.5,12.2,700,12.75,700,0,43400
LUPIN30Jan20740PE.NFO,07/01/2020,11:09:50,12.5,12.1,1400,12.7,700,0,43400
LUPIN30Jan20740PE.NFO,07/01/2020,11:09:55,12.5,12.1,700,12.7,700,0,43400
LUPIN30Jan20740PE.NFO,07/01/2020,11:09:58,12.5,12.1,700,12.6,700,0,43400
LUPIN30Jan20740PE.NFO,07/01/2020,11:10:07,12.5,12.05,700,12.55,700,0,43400
LUPIN30Jan20740PE.NFO,07/01/2020,11:10:16,12.5,12,1400,12.55,700,0,43400
LUPIN30Jan20740PE.NFO,07/01/2020,11:10:21,12.5,12,700,12.45,700,0,43400
LUPIN30Jan20740PE.NFO,07/01/2020,11:10:31,12.5,12,700,12.5,700,0,43400
LUPIN30Jan20740PE.NFO,07/01/2020,11:10:39,12.5,12.05,700,12.55,700,0,43400
LUPIN30Jan20740PE.NFO,07/01/2020,11:10:54,12.5,12.1,700,12.6,700,0,43400
LUPIN30Jan20740PE.NFO,07/01/2020,11:11:08,12.5,12.2,700,12.65,700,0,43400
LUPIN30Jan20740PE.NFO,07/01/2020,11:11:13,12.5,12.25,700,12.7,700,0,43400
LUPIN30Jan20740PE.NFO,07/01/2020,11:11:20,12.5,12.25,700,12.75,700,0,43400
LUPIN30Jan20740PE.NFO,07/01/2020,11:11:26,12.5,12.55,700,13,700,0,43400
LUPIN30Jan20740PE.NFO,07/01/2020,11:11:41,12.5,12.5,700,12.95,700,0,43400
LUPIN30Jan20740PE.NFO,07/01/2020,11:11:47,12.5,12.45,700,12.95,700,0,43400
LUPIN30Jan20740PE.NFO,07/01/2020,11:12:00,12.5,12.55,700,13,700,0,43400
LUPIN30Jan20740PE.NFO,07/01/2020,11:12:09,12.5,12.65,700,13.1,700,0,43400
LUPIN30Jan20740PE.NFO,07/01/2020,11:12:24,12.5,12.65,700,13.15,700,0,43400
LUPIN30Jan20740PE.NFO,07/01/2020,11:12:30,12.5,12.65,700,13.3,1400,0,43400
LUPIN30Jan20740PE.NFO,07/01/2020,11:12:37,12.5,12.65,700,13.3,2100,0,43400
LUPIN30Jan20740PE.NFO,07/01/2020,11:12:47,12.5,12.75,700,13.3,700,0,43400
LUPIN30Jan20740PE.NFO,07/01/2020,11:13:03,12.5,12.75,700,13.25,700,0,43400
LUPIN30Jan20740PE.NFO,07/01/2020,11:13:08,12.5,12.95,700,13.55,700,0,43400
LUPIN30Jan20740PE.NFO,07/01/2020,11:13:14,12.5,13,700,13.6,700,0,43400
LUPIN30Jan20740PE.NFO,07/01/2020,11:13:37,12.5,13,700,13.6,1400,0,43400
LUPIN30Jan20740PE.NFO,07/01/2020,11:13:43,12.5,13,700,13.6,2100,0,43400
LUPIN30Jan20740PE.NFO,07/01/2020,11:13:49,12.5,13.1,700,13.65,700,0,43400
LUPIN30Jan20740PE.NFO,07/01/2020,11:13:55,12.5,13.05,700,13.6,700,0,43400
LUPIN30Jan20740PE.NFO,07/01/2020,11:14:00,12.5,12.9,1400,13.5,700,0,43400
LUPIN30Jan20740PE.NFO,07/01/2020,11:14:05,12.5,12.9,700,13.55,1400,0,43400
LUPIN30Jan20740PE.NFO,07/01/2020,11:14:11,12.5,12.95,700,13.6,700,0,43400
LUPIN30Jan20740PE.NFO,07/01/2020,11:14:18,12.5,12.9,700,13.55,1400,0,43400
LUPIN30Jan20740PE.NFO,07/01/2020,11:14:23,12.5,12.9,1400,13.55,1400,0,43400
LUPIN30Jan20740PE.NFO,07/01/2020,11:14:29,12.5,12.95,700,13.55,1400,0,43400
LUPIN30Jan20740PE.NFO,07/01/2020,11:14:34,12.5,12.95,700,13.5,700,0,43400
LUPIN30Jan20740PE.NFO,07/01/2020,11:14:38,12.5,12.95,700,13.55,700,0,43400
LUPIN30Jan20740PE.NFO,07/01/2020,11:14:49,12.5,13.05,700,13.6,700,0,43400
LUPIN30Jan20740PE.NFO,07/01/2020,11:14:54,12.5,13.15,1400,13.65,700,0,43400
LUPIN30Jan20740PE.NFO,07/01/2020,11:15:00,12.5,13.25,700,13.9,700,0,43400
LUPIN30Jan20740PE.NFO,07/01/2020,11:15:06,12.5,13.45,2100,14.25,2100,0,43400
LUPIN30Jan20740PE.NFO,07/01/2020,11:15:12,12.5,13.5,700,14.2,700,0,43400
LUPIN30Jan20740PE.NFO,07/01/2020,11:15:13,12.5,13.45,700,14.2,2800,0,43400
LUPIN30Jan20740PE.NFO,07/01/2020,11:15:14,12.5,13.5,700,14.1,700,0,43400
LUPIN30Jan20740PE.NFO,07/01/2020,11:15:16,12.5,13.5,700,14.2,1400,0,43400
LUPIN30Jan20740PE.NFO,07/01/2020,11:15:17,12.5,13.65,700,14.2,700,0,43400
LUPIN30Jan20740PE.NFO,07/01/2020,11:15:18,14.25,13.7,700,14.3,2100,1400,44100
LUPIN30Jan20740PE.NFO,07/01/2020,11:15:18,14.25,13.7,700,14.3,2100,0,44100
LUPIN30Jan20740PE.NFO,07/01/2020,11:15:19,14.25,13.7,700,14.25,700,0,44100
LUPIN30Jan20740PE.NFO,07/01/2020,11:15:21,14.25,13.75,1400,14.3,700,0,44100
LUPIN30Jan20740PE.NFO,07/01/2020,11:15:24,14.25,13.75,700,14.35,1400,0,44100
LUPIN30Jan20740PE.NFO,07/01/2020,11:15:24,14.25,13.75,700,14.3,700,0,44100
LUPIN30Jan20740PE.NFO,07/01/2020,11:15:26,14.25,13.75,700,14.35,700,0,44100
LUPIN30Jan20740PE.NFO,07/01/2020,11:15:28,14.25,13.75,700,14.3,700,0,44100
LUPIN30Jan20740PE.NFO,07/01/2020,11:15:40,14.25,13.85,1400,14.3,700,0,44100
LUPIN30Jan20740PE.NFO,07/01/2020,11:15:41,14.25,13.8,700,14.35,700,0,44100
LUPIN30Jan20740PE.NFO,07/01/2020,11:15:43,14.25,13.85,1400,14.35,700,0,44100
LUPIN30Jan20740PE.NFO,07/01/2020,11:15:47,14.25,13.75,700,14.3,700,0,44100
LUPIN30Jan20740PE.NFO,07/01/2020,11:15:47,14.25,13.85,700,14.3,700,0,44100
LUPIN30Jan20740PE.NFO,07/01/2020,11:15:48,14.25,13.85,1400,14.4,1400,0,44100
LUPIN30Jan20740PE.NFO,07/01/2020,11:15:52,14.25,13.85,1400,14.4,700,0,44100
LUPIN30Jan20740PE.NFO,07/01/2020,11:15:54,14.25,13.95,1400,14.4,700,0,44100
LUPIN30Jan20740PE.NFO,07/01/2020,11:15:55,14.25,13.95,700,14.45,700,0,44100
LUPIN30Jan20740PE.NFO,07/01/2020,11:15:57,14.25,14,700,14.45,1400,0,44100
LUPIN30Jan20740PE.NFO,07/01/2020,11:15:59,14.25,13.95,700,14.45,1400,0,44100
LUPIN30Jan20740PE.NFO,07/01/2020,11:16:09,14.25,13.85,700,14.45,700,0,44100
LUPIN30Jan20740PE.NFO,07/01/2020,11:16:11,14.25,13.9,700,14.45,700,0,44100
LUPIN30Jan20740PE.NFO,07/01/2020,11:16:11,14.25,13.8,1400,14.45,700,0,44100
LUPIN30Jan20740PE.NFO,07/01/2020,11:16:20,14.25,13.6,700,14.25,700,0,44100
LUPIN30Jan20740PE.NFO,07/01/2020,11:16:26,14.25,13.6,700,14.15,700,0,44100
LUPIN30Jan20740PE.NFO,07/01/2020,11:16:32,14.25,13.35,2100,13.95,700,0,44100
LUPIN30Jan20740PE.NFO,07/01/2020,11:16:42,14.25,13.6,700,13.95,700,0,44100
LUPIN30Jan20740PE.NFO,07/01/2020,11:16:48,14.25,13.6,700,14.15,1400,0,44100
LUPIN30Jan20740PE.NFO,07/01/2020,11:16:56,14.25,13.6,700,14.15,700,0,44100
LUPIN30Jan20740PE.NFO,07/01/2020,11:17:06,14.25,13.6,700,14.05,700,0,44100
LUPIN30Jan20740PE.NFO,07/01/2020,11:17:20,14.25,13.65,700,14.05,700,0,44100
LUPIN30Jan20740PE.NFO,07/01/2020,11:17:25,14.25,13.6,700,14.05,700,0,44100
LUPIN30Jan20740PE.NFO,07/01/2020,11:18:01,14.25,13.65,700,14.2,700,0,44100
LUPIN30Jan20740PE.NFO,07/01/2020,11:18:07,14.25,13.6,1400,14.2,700,0,44100
LUPIN30Jan20740PE.NFO,07/01/2020,11:18:13,14.25,13.65,700,14.2,700,0,44100
LUPIN30Jan20740PE.NFO,07/01/2020,11:18:18,14.25,13.6,700,14.2,700,0,44100
LUPIN30Jan20740PE.NFO,07/01/2020,11:18:28,14.25,13.65,700,14.2,700,0,44100
LUPIN30Jan20740PE.NFO,07/01/2020,11:18:33,14.25,13.55,1400,14.2,700,0,44100
LUPIN30Jan20740PE.NFO,07/01/2020,11:18:38,14.25,13.55,700,14.2,700,0,44100
LUPIN30Jan20740PE.NFO,07/01/2020,11:18:45,14.25,13.6,700,14.2,700,0,44100
LUPIN30Jan20740PE.NFO,07/01/2020,11:18:51,14.25,13.5,700,14.2,1400,0,44100
LUPIN30Jan20740PE.NFO,07/01/2020,11:18:56,14.25,13.5,700,14.1,700,0,44100
LUPIN30Jan20740PE.NFO,07/01/2020,11:19:02,14.25,13.25,700,13.85,700,0,44100
LUPIN30Jan20740PE.NFO,07/01/2020,11:19:08,14.25,13.3,700,13.85,700,0,44100
LUPIN30Jan20740PE.NFO,07/01/2020,11:19:14,14.25,13.15,700,13.75,700,0,44100
LUPIN30Jan20740PE.NFO,07/01/2020,11:19:21,14.25,13.45,1400,13.95,700,0,44100
LUPIN30Jan20740PE.NFO,07/01/2020,11:19:29,14.25,13.3,700,13.85,700,0,44100
LUPIN30Jan20740PE.NFO,07/01/2020,11:19:36,14.25,13.3,700,13.9,1400,0,44100
LUPIN30Jan20740PE.NFO,07/01/2020,11:19:42,14.25,13.25,700,13.9,2100,0,44100
LUPIN30Jan20740PE.NFO,07/01/2020,11:19:48,14.25,13.45,700,13.95,700,0,44100
LUPIN30Jan20740PE.NFO,07/01/2020,11:19:54,14.25,13.3,700,13.85,700,0,44100
LUPIN30Jan20740PE.NFO,07/01/2020,11:19:59,14.25,13.3,700,13.9,1400,0,44100
LUPIN30Jan20740PE.NFO,07/01/2020,11:20:04,14.25,13.3,700,13.95,1400,0,44100
LUPIN30Jan20740PE.NFO,07/01/2020,11:20:10,14.25,13.3,700,13.9,2100,0,44100
LUPIN30Jan20740PE.NFO,07/01/2020,11:20:16,14.25,13.25,1400,13.9,2100,0,44100
LUPIN30Jan20740PE.NFO,07/01/2020,11:20:21,14.25,13.25,1400,13.9,1400,0,44100
LUPIN30Jan20740PE.NFO,07/01/2020,11:20:26,14.25,13.3,700,13.85,1400,0,44100
LUPIN30Jan20740PE.NFO,07/01/2020,11:20:32,14.25,13.25,700,13.85,1400,0,44100
LUPIN30Jan20740PE.NFO,07/01/2020,11:20:38,14.25,13.25,700,13.8,700,0,44100
LUPIN30Jan20740PE.NFO,07/01/2020,11:20:42,14.25,13.25,700,13.85,2100,0,44100
LUPIN30Jan20740PE.NFO,07/01/2020,11:20:59,14.25,13.3,700,13.85,1400,0,44100
LUPIN30Jan20740PE.NFO,07/01/2020,11:21:04,14.25,13.3,700,13.8,700,0,44100
LUPIN30Jan20740PE.NFO,07/01/2020,11:21:09,14.25,13.25,700,13.85,2100,0,44100
LUPIN30Jan20740PE.NFO,07/01/2020,11:21:18,14.25,13.25,700,13.85,1400,0,44100
LUPIN30Jan20740PE.NFO,07/01/2020,11:21:41,14.25,13.35,1400,13.9,700,0,44100
LUPIN30Jan20740PE.NFO,07/01/2020,11:21:46,14.25,13.25,700,13.9,2100,0,44100
LUPIN30Jan20740PE.NFO,07/01/2020,11:21:51,14.25,13.25,700,13.8,700,0,44100
LUPIN30Jan20740PE.NFO,07/01/2020,11:21:55,14.25,13.3,700,13.85,700,0,44100
LUPIN30Jan20740PE.NFO,07/01/2020,11:22:06,14.25,13.3,700,13.9,700,0,44100
LUPIN30Jan20740PE.NFO,07/01/2020,11:22:15,14.25,13.3,700,13.9,1400,0,44100
LUPIN30Jan20740PE.NFO,07/01/2020,11:22:19,14.25,13.3,700,13.9,2100,0,44100
LUPIN30Jan20740PE.NFO,07/01/2020,11:22:24,14.25,13.3,700,13.9,1400,0,44100
LUPIN30Jan20740PE.NFO,07/01/2020,11:22:29,14.25,13.3,700,13.9,700,0,44100
LUPIN30Jan20740PE.NFO,07/01/2020,11:22:34,14.25,13.4,700,13.9,700,0,44100
LUPIN30Jan20740PE.NFO,07/01/2020,11:22:42,14.25,13.4,700,13.9,2100,0,44100
LUPIN30Jan20740PE.NFO,07/01/2020,11:22:47,14.25,13.45,700,13.95,700,0,44100
LUPIN30Jan20740PE.NFO,07/01/2020,11:22:57,14.25,13.4,700,13.9,1400,0,44100
LUPIN30Jan20740PE.NFO,07/01/2020,11:23:03,14.25,13.3,700,13.8,700,0,44100
LUPIN30Jan20740PE.NFO,07/01/2020,11:23:08,14.25,13.3,700,13.85,700,0,44100
LUPIN30Jan20740PE.NFO,07/01/2020,11:23:13,14.25,13.55,700,13.95,700,0,44100
LUPIN30Jan20740PE.NFO,07/01/2020,11:23:18,14.25,13.45,700,13.95,700,0,44100
LUPIN30Jan20740PE.NFO,07/01/2020,11:23:31,14.25,13.45,700,13.9,700,0,44100
LUPIN30Jan20740PE.NFO,07/01/2020,11:23:35,14.25,13.45,700,13.95,700,0,44100
LUPIN30Jan20740PE.NFO,07/01/2020,11:23:49,14.25,13.35,700,14,700,0,44100
LUPIN30Jan20740PE.NFO,07/01/2020,11:23:54,14.25,13.3,700,14,2100,0,44100
LUPIN30Jan20740PE.NFO,07/01/2020,11:23:59,14.25,13.15,700,13.8,700,0,44100
LUPIN30Jan20740PE.NFO,07/01/2020,11:24:05,14.25,13.35,700,13.8,700,0,44100
LUPIN30Jan20740PE.NFO,07/01/2020,11:24:16,14.25,13.05,700,13.7,700,0,44100
LUPIN30Jan20740PE.NFO,07/01/2020,11:24:20,14.25,13,700,13.6,700,0,44100
LUPIN30Jan20740PE.NFO,07/01/2020,11:24:25,14.25,13.2,700,13.7,700,0,44100
LUPIN30Jan20740PE.NFO,07/01/2020,11:24:30,14.25,13.25,700,13.75,700,0,44100
LUPIN30Jan20740PE.NFO,07/01/2020,11:24:35,14.25,13.2,700,13.75,700,0,44100
LUPIN30Jan20740PE.NFO,07/01/2020,11:24:48,14.25,13.25,700,13.75,700,0,44100
LUPIN30Jan20740PE.NFO,07/01/2020,11:25:11,14.25,13.2,700,13.75,700,0,44100
LUPIN30Jan20740PE.NFO,07/01/2020,11:25:20,14.25,13.2,1400,13.75,700,0,44100
LUPIN30Jan20740PE.NFO,07/01/2020,11:25:35,14.25,13.15,700,13.75,1400,0,44100
LUPIN30Jan20740PE.NFO,07/01/2020,11:25:39,14.25,13.1,700,13.7,700,0,44100
LUPIN30Jan20740PE.NFO,07/01/2020,11:25:51,14.25,13.15,700,13.75,700,0,44100
LUPIN30Jan20740PE.NFO,07/01/2020,11:26:03,14.25,13.25,700,13.75,700,0,44100
LUPIN30Jan20740PE.NFO,07/01/2020,11:26:11,14.25,13.15,700,13.75,700,0,44100
LUPIN30Jan20740PE.NFO,07/01/2020,11:26:14,14.25,13.2,700,13.75,700,0,44100
LUPIN30Jan20740PE.NFO,07/01/2020,11:26:17,14.25,13.3,700,13.75,700,0,44100
LUPIN30Jan20740PE.NFO,07/01/2020,11:26:21,14.25,13.25,700,13.75,700,0,44100
LUPIN30Jan20740PE.NFO,07/01/2020,11:26:55,14.25,13.25,1400,13.8,700,0,44100
LUPIN30Jan20740PE.NFO,07/01/2020,11:26:59,14.25,13.35,700,13.8,700,0,44100
LUPIN30Jan20740PE.NFO,07/01/2020,11:27:03,14.25,13.55,700,14,700,0,44100
LUPIN30Jan20740PE.NFO,07/01/2020,11:27:07,14.25,13.55,1400,14,700,0,44100
LUPIN30Jan20740PE.NFO,07/01/2020,11:27:10,14.25,13.55,700,14,700,0,44100
LUPIN30Jan20740PE.NFO,07/01/2020,11:27:24,14.25,13.55,700,14.05,700,0,44100
LUPIN30Jan20740PE.NFO,07/01/2020,11:27:32,14.25,13.55,700,14.1,700,0,44100
LUPIN30Jan20740PE.NFO,07/01/2020,11:27:36,14.25,13.7,700,14.2,700,0,44100
LUPIN30Jan20740PE.NFO,07/01/2020,11:27:53,14.25,13.7,700,14.25,700,0,44100
LUPIN30Jan20740PE.NFO,07/01/2020,11:28:04,14.25,13.6,700,14.25,2100,0,44100
LUPIN30Jan20740PE.NFO,07/01/2020,11:28:08,14.25,13.6,700,13.95,700,0,44100
LUPIN30Jan20740PE.NFO,07/01/2020,11:28:23,14.25,13.55,700,13.95,700,0,44100
LUPIN30Jan20740PE.NFO,07/01/2020,11:29:38,13.95,13.55,700,14.1,700,700,44800
LUPIN30Jan20740PE.NFO,07/01/2020,11:29:43,13.95,13.5,700,14.1,700,0,44800
LUPIN30Jan20740PE.NFO,07/01/2020,11:30:38,13.95,13.6,700,14.1,700,0,44800
LUPIN30Jan20740PE.NFO,07/01/2020,11:30:41,13.95,13.55,700,14.1,700,0,44800
LUPIN30Jan20740PE.NFO,07/01/2020,11:31:20,13.95,13.5,700,14.1,1400,0,44800
LUPIN30Jan20740PE.NFO,07/01/2020,11:31:24,13.95,13.5,700,14.1,700,0,44800
LUPIN30Jan20740PE.NFO,07/01/2020,11:31:46,13.95,13.55,700,14.1,700,0,44800
LUPIN30Jan20740PE.NFO,07/01/2020,11:31:51,13.95,13.55,1400,14.1,700,0,44800
LUPIN30Jan20740PE.NFO,07/01/2020,11:31:58,13.95,13.55,700,14.1,700,0,44800
LUPIN30Jan20740PE.NFO,07/01/2020,11:32:15,13.95,13.8,700,14.3,700,0,44800
LUPIN30Jan20740PE.NFO,07/01/2020,11:32:28,13.95,13.9,700,14.35,700,0,44800
LUPIN30Jan20740PE.NFO,07/01/2020,11:32:34,13.95,13.9,700,14.45,700,0,44800
LUPIN30Jan20740PE.NFO,07/01/2020,11:32:43,13.95,13.85,700,14.4,700,0,44800
LUPIN30Jan20740PE.NFO,07/01/2020,11:32:48,13.95,13.85,1400,14.4,700,0,44800
LUPIN30Jan20740PE.NFO,07/01/2020,11:32:57,13.95,13.85,1400,14.35,700,0,44800
LUPIN30Jan20740PE.NFO,07/01/2020,11:33:06,13.95,13.8,700,14.4,700,0,44800
LUPIN30Jan20740PE.NFO,07/01/2020,11:33:10,13.95,13.85,1400,14.3,700,0,44800
LUPIN30Jan20740PE.NFO,07/01/2020,11:33:13,13.95,13.85,700,14.35,700,0,44800
LUPIN30Jan20740PE.NFO,07/01/2020,11:33:26,13.95,13.8,700,14.4,1400,0,44800
LUPIN30Jan20740PE.NFO,07/01/2020,11:33:31,13.95,13.8,700,14.4,2100,0,44800
LUPIN30Jan20740PE.NFO,07/01/2020,11:33:35,13.95,13.75,700,14.4,2100,0,44800
LUPIN30Jan20740PE.NFO,07/01/2020,11:33:43,13.95,13.75,700,14.2,700,0,44800
LUPIN30Jan20740PE.NFO,07/01/2020,11:33:52,13.95,13.65,1400,14.2,700,0,44800
LUPIN30Jan20740PE.NFO,07/01/2020,11:33:57,13.95,13.65,2100,14.2,700,0,44800
LUPIN30Jan20740PE.NFO,07/01/2020,11:34:03,13.95,13.65,700,14.2,1400,0,44800
LUPIN30Jan20740PE.NFO,07/01/2020,11:34:09,13.95,13.65,700,14.1,1400,0,44800
LUPIN30Jan20740PE.NFO,07/01/2020,11:34:16,13.95,13.5,1400,14.1,700,0,44800
LUPIN30Jan20740PE.NFO,07/01/2020,11:34:22,13.95,13.45,700,13.95,700,0,44800
LUPIN30Jan20740PE.NFO,07/01/2020,11:34:35,13.95,13.35,700,13.95,2100,0,44800
LUPIN30Jan20740PE.NFO,07/01/2020,11:34:41,13.95,13.35,1400,13.95,2100,0,44800
LUPIN30Jan20740PE.NFO,07/01/2020,11:34:52,13.95,13.35,700,13.95,1400,0,44800
LUPIN30Jan20740PE.NFO,07/01/2020,11:34:58,13.95,13.4,700,13.9,700,0,44800
LUPIN30Jan20740PE.NFO,07/01/2020,11:35:03,13.95,13.3,700,13.8,700,0,44800
LUPIN30Jan20740PE.NFO,07/01/2020,11:35:09,13.95,13.25,2100,13.8,700,0,44800
LUPIN30Jan20740PE.NFO,07/01/2020,11:35:14,13.95,13.3,700,13.8,700,0,44800
LUPIN30Jan20740PE.NFO,07/01/2020,11:35:20,13.95,13.25,700,13.8,700,0,44800
LUPIN30Jan20740PE.NFO,07/01/2020,11:35:33,13.95,13.4,700,13.9,700,0,44800
LUPIN30Jan20740PE.NFO,07/01/2020,11:35:39,13.95,13.3,700,13.8,700,0,44800
LUPIN30Jan20740PE.NFO,07/01/2020,11:35:44,13.95,13.4,700,13.85,700,0,44800
LUPIN30Jan20740PE.NFO,07/01/2020,11:35:50,13.95,13.25,700,13.8,700,0,44800
LUPIN30Jan20740PE.NFO,07/01/2020,11:35:56,13.95,13.25,700,13.65,700,0,44800
LUPIN30Jan20740PE.NFO,07/01/2020,11:36:01,13.95,13.2,700,13.65,700,0,44800
LUPIN30Jan20740PE.NFO,07/01/2020,11:36:12,13.95,13.2,700,13.6,700,0,44800
LUPIN30Jan20740PE.NFO,07/01/2020,11:36:27,13.95,13.15,700,13.6,700,0,44800
LUPIN30Jan20740PE.NFO,07/01/2020,11:36:47,13.95,13.2,700,13.65,700,0,44800
LUPIN30Jan20740PE.NFO,07/01/2020,11:36:53,13.95,13.25,700,13.85,700,0,44800
LUPIN30Jan20740PE.NFO,07/01/2020,11:37:00,13.95,13.2,700,13.7,700,0,44800
LUPIN30Jan20740PE.NFO,07/01/2020,11:37:06,13.95,13.25,700,13.8,2100,0,44800
LUPIN30Jan20740PE.NFO,07/01/2020,11:37:10,13.95,13.2,700,13.7,2100,0,44800
LUPIN30Jan20740PE.NFO,07/01/2020,11:37:14,13.3,13.15,700,13.3,2800,700,44800
LUPIN30Jan20740PE.NFO,07/01/2020,11:37:18,13.3,13.1,700,13.35,2800,0,44800
LUPIN30Jan20740PE.NFO,07/01/2020,11:37:21,13.3,13.1,700,13.4,1400,0,44800
LUPIN30Jan20740PE.NFO,07/01/2020,11:37:24,13.3,13.1,700,13.35,1400,0,44800
LUPIN30Jan20740PE.NFO,07/01/2020,11:37:32,13.3,13.05,700,13.4,2800,700,44800
LUPIN30Jan20740PE.NFO,07/01/2020,11:37:36,13.3,13.1,700,13.4,1400,0,44800
LUPIN30Jan20740PE.NFO,07/01/2020,11:37:40,13.3,13.05,700,13.3,1400,0,44800
LUPIN30Jan20740PE.NFO,07/01/2020,11:37:49,13.3,13.05,1400,13.4,2800,0,44800
LUPIN30Jan20740PE.NFO,07/01/2020,11:37:54,13.3,13.05,700,13.35,1400,0,44800
LUPIN30Jan20740PE.NFO,07/01/2020,11:38:02,13.3,13,700,13.3,1400,0,44800
LUPIN30Jan20740PE.NFO,07/01/2020,11:38:05,13.3,13.05,700,13.3,1400,0,44800
LUPIN30Jan20740PE.NFO,07/01/2020,11:38:09,13.3,13.05,700,13.35,1400,0,44800
LUPIN30Jan20740PE.NFO,07/01/2020,11:38:21,13.3,13.05,700,13.3,1400,0,44800
LUPIN30Jan20740PE.NFO,07/01/2020,11:38:24,13.3,13.05,700,13.35,1400,0,44800
LUPIN30Jan20740PE.NFO,07/01/2020,11:38:34,13.3,13.1,700,13.4,1400,0,44800
LUPIN30Jan20740PE.NFO,07/01/2020,11:38:38,13.3,13.05,700,13.35,2800,0,44800
LUPIN30Jan20740PE.NFO,07/01/2020,11:38:41,13.3,13.05,700,13.35,1400,0,44800
LUPIN30Jan20740PE.NFO,07/01/2020,11:38:44,13.3,13.05,1400,13.4,1400,0,44800
LUPIN30Jan20740PE.NFO,07/01/2020,11:38:49,13.3,13.1,700,13.4,2800,0,44800
LUPIN30Jan20740PE.NFO,07/01/2020,11:38:54,13.3,13.15,700,13.4,1400,0,44800
LUPIN30Jan20740PE.NFO,07/01/2020,11:38:57,13.3,13.15,700,13.35,1400,0,44800
LUPIN30Jan20740PE.NFO,07/01/2020,11:39:00,13.3,13.05,700,13.4,2800,0,44800
LUPIN30Jan20740PE.NFO,07/01/2020,11:39:04,13.3,13.05,700,13.35,1400,0,44800
LUPIN30Jan20740PE.NFO,07/01/2020,11:39:07,13.35,13.15,700,13.35,1400,700,44800
LUPIN30Jan20740PE.NFO,07/01/2020,11:39:10,13.35,13.05,700,13.35,1400,0,44800
LUPIN30Jan20740PE.NFO,07/01/2020,11:39:13,13.35,13.1,700,13.35,1400,0,44800
LUPIN30Jan20740PE.NFO,07/01/2020,11:39:20,13.35,13.05,700,13.3,1400,0,44800
LUPIN30Jan20740PE.NFO,07/01/2020,11:39:29,13.3,13.05,700,13.3,700,700,44800
LUPIN30Jan20740PE.NFO,07/01/2020,11:39:34,13.3,13.05,700,13.4,2800,0,44800
LUPIN30Jan20740PE.NFO,07/01/2020,11:39:38,13.3,13.05,700,13.4,1400,0,44800
LUPIN30Jan20740PE.NFO,07/01/2020,11:39:47,13.3,13.05,700,13.45,2800,0,44800
LUPIN30Jan20740PE.NFO,07/01/2020,11:39:53,13.3,13.2,1400,13.55,2800,0,44800
LUPIN30Jan20740PE.NFO,07/01/2020,11:40:06,13.3,13.2,1400,13.5,700,0,44800
LUPIN30Jan20740PE.NFO,07/01/2020,11:40:11,13.3,13.2,700,13.5,700,0,44800
LUPIN30Jan20740PE.NFO,07/01/2020,11:40:49,13.5,13.2,700,13.55,2100,700,44800
LUPIN30Jan20740PE.NFO,07/01/2020,11:40:52,13.5,13.2,700,13.55,2100,0,44800
LUPIN30Jan20740PE.NFO,07/01/2020,11:42:26,13.5,13.2,700,13.5,1400,0,44800
LUPIN30Jan20740PE.NFO,07/01/2020,11:42:47,13.5,13.1,700,13.45,1400,0,44800
LUPIN30Jan20740PE.NFO,07/01/2020,11:42:57,13.35,13.1,700,13.35,1400,700,44800
LUPIN30Jan20740PE.NFO,07/01/2020,11:43:01,13.35,13.1,700,13.35,1400,0,44800
LUPIN30Jan20740PE.NFO,07/01/2020,11:43:05,13.3,13.25,700,13.4,1400,700,44800
LUPIN30Jan20740PE.NFO,07/01/2020,11:43:08,13.3,13.25,700,13.4,1400,0,44800
LUPIN30Jan20740PE.NFO,07/01/2020,11:43:23,13.3,13.25,700,13.4,2100,0,44800
LUPIN30Jan20740PE.NFO,07/01/2020,11:43:26,13.3,13.2,700,13.4,2100,0,44800
LUPIN30Jan20740PE.NFO,07/01/2020,11:43:46,13.3,13.25,700,13.35,1400,0,44800
LUPIN30Jan20740PE.NFO,07/01/2020,11:43:50,13.3,12.7,1400,12.95,1400,700,44800
LUPIN30Jan20740PE.NFO,07/01/2020,11:43:54,13,12.85,1400,13.05,700,1400,44800
LUPIN30Jan20740PE.NFO,07/01/2020,11:43:58,13.05,12.9,700,13.4,1400,700,44800
LUPIN30Jan20740PE.NFO,07/01/2020,11:44:01,13.05,12.85,700,13.4,1400,0,44800
LUPIN30Jan20740PE.NFO,07/01/2020,11:44:07,13.05,12.9,700,13.4,1400,0,44800
LUPIN30Jan20740PE.NFO,07/01/2020,11:44:10,13.05,12.85,700,13.4,2800,0,44800
LUPIN30Jan20740PE.NFO,07/01/2020,11:44:13,13.05,12.9,700,13.4,1400,0,44800
LUPIN30Jan20740PE.NFO,07/01/2020,11:44:25,13.05,12.85,700,13.4,2100,0,44800
LUPIN30Jan20740PE.NFO,07/01/2020,11:44:27,13.05,12.75,700,13.3,700,0,44800
LUPIN30Jan20740PE.NFO,07/01/2020,11:44:30,13.05,12.9,700,13.4,700,0,44800
LUPIN30Jan20740PE.NFO,07/01/2020,11:44:33,13.05,12.85,700,13.4,700,0,44800
LUPIN30Jan20740PE.NFO,07/01/2020,11:45:10,13.05,12.95,700,13.4,700,0,44800
LUPIN30Jan20740PE.NFO,07/01/2020,11:45:19,13.05,13,700,13.45,700,0,44800
LUPIN30Jan20740PE.NFO,07/01/2020,11:45:27,13.05,13.05,700,13.45,700,0,44800
LUPIN30Jan20740PE.NFO,07/01/2020,11:45:47,13.05,13.05,700,13.6,700,0,44800
LUPIN30Jan20740PE.NFO,07/01/2020,11:45:50,13.05,13.1,700,13.6,700,0,44800
LUPIN30Jan20740PE.NFO,07/01/2020,11:46:10,13.05,13.1,700,13.55,700,0,44800
LUPIN30Jan20740PE.NFO,07/01/2020,11:46:52,13.05,13.05,700,13.55,700,0,44800
LUPIN30Jan20740PE.NFO,07/01/2020,11:47:08,13.05,13,700,13.55,700,0,44800
LUPIN30Jan20740PE.NFO,07/01/2020,11:47:30,13.05,13.1,700,13.55,700,0,44800
LUPIN30Jan20740PE.NFO,07/01/2020,11:47:34,13.05,13.05,700,13.55,700,0,44800
LUPIN30Jan20740PE.NFO,07/01/2020,11:48:14,13.05,13.05,700,13.6,700,0,44800
LUPIN30Jan20740PE.NFO,07/01/2020,11:48:26,13.05,13.15,700,13.6,700,0,44800
LUPIN30Jan20740PE.NFO,07/01/2020,11:48:29,13.05,13.1,700,13.6,700,0,44800
LUPIN30Jan20740PE.NFO,07/01/2020,11:48:36,13.05,13.05,700,13.55,700,0,44800
LUPIN30Jan20740PE.NFO,07/01/2020,11:50:03,13.05,13,700,13.55,700,0,44800
LUPIN30Jan20740PE.NFO,07/01/2020,11:50:17,13.05,13.05,700,13.6,1400,0,44800
LUPIN30Jan20740PE.NFO,07/01/2020,11:50:22,13.05,13,700,13.6,2100,0,44800
LUPIN30Jan20740PE.NFO,07/01/2020,11:51:04,13.05,13,700,13.55,700,0,44800
LUPIN30Jan20740PE.NFO,07/01/2020,11:51:17,13.05,13.05,700,13.6,700,0,44800
LUPIN30Jan20740PE.NFO,07/01/2020,11:51:21,13.05,13.05,700,13.55,700,0,44800
LUPIN30Jan20740PE.NFO,07/01/2020,11:51:30,13.05,13.05,700,13.55,1400,0,44800
LUPIN30Jan20740PE.NFO,07/01/2020,11:52:14,13.05,13.05,700,13.5,700,0,44800
LUPIN30Jan20740PE.NFO,07/01/2020,11:52:20,13.05,13.05,700,13.45,700,0,44800
LUPIN30Jan20740PE.NFO,07/01/2020,11:53:13,13.05,13.05,700,13.5,700,0,44800
LUPIN30Jan20740PE.NFO,07/01/2020,11:53:26,13.05,13.1,700,13.55,700,0,44800
LUPIN30Jan20740PE.NFO,07/01/2020,11:53:33,13.05,13.1,700,13.6,1400,0,44800
LUPIN30Jan20740PE.NFO,07/01/2020,11:53:36,13.05,13.1,700,13.6,2100,0,44800
LUPIN30Jan20740PE.NFO,07/01/2020,11:53:39,13.05,13.1,700,13.6,1400,0,44800
LUPIN30Jan20740PE.NFO,07/01/2020,11:53:41,13.05,13.4,700,13.9,700,0,44800
LUPIN30Jan20740PE.NFO,07/01/2020,11:53:44,13.05,13.4,700,13.95,1400,0,44800
LUPIN30Jan20740PE.NFO,07/01/2020,11:53:47,13.05,13.4,700,13.9,700,0,44800
LUPIN30Jan20740PE.NFO,07/01/2020,11:53:53,13.05,13.3,1400,13.9,1400,0,44800
LUPIN30Jan20740PE.NFO,07/01/2020,11:53:57,13.05,13.3,1400,13.9,700,0,44800
LUPIN30Jan20740PE.NFO,07/01/2020,11:54:00,13.05,13.3,1400,13.9,2100,0,44800
LUPIN30Jan20740PE.NFO,07/01/2020,11:54:03,13.05,13.3,1400,13.9,1400,0,44800
LUPIN30Jan20740PE.NFO,07/01/2020,11:54:20,13.05,13.3,700,13.9,1400,0,44800
LUPIN30Jan20740PE.NFO,07/01/2020,11:54:25,13.05,13.45,700,13.9,700,0,44800
LUPIN30Jan20740PE.NFO,07/01/2020,11:54:32,13.05,13.45,700,13.95,700,0,44800
LUPIN30Jan20740PE.NFO,07/01/2020,11:54:38,13.05,13.5,700,13.95,700,0,44800
LUPIN30Jan20740PE.NFO,07/01/2020,11:54:43,13.05,13.5,700,14.05,700,0,44800
LUPIN30Jan20740PE.NFO,07/01/2020,11:54:47,13.05,13.55,700,14.05,700,0,44800
LUPIN30Jan20740PE.NFO,07/01/2020,11:54:48,13.05,13.5,700,14.05,1400,0,44800
LUPIN30Jan20740PE.NFO,07/01/2020,11:55:01,13.05,13.45,700,14.05,1400,0,44800
LUPIN30Jan20740PE.NFO,07/01/2020,11:55:06,13.05,13.45,700,13.95,700,0,44800
LUPIN30Jan20740PE.NFO,07/01/2020,11:55:12,13.05,13.7,700,14.25,700,0,44800
LUPIN30Jan20740PE.NFO,07/01/2020,11:55:29,13.05,13.75,700,14.15,700,0,44800
LUPIN30Jan20740PE.NFO,07/01/2020,11:55:37,14.15,14,700,14.65,1400,700,44800
LUPIN30Jan20740PE.NFO,07/01/2020,11:55:39,14.15,14.05,700,14.55,1400,0,44800
LUPIN30Jan20740PE.NFO,07/01/2020,11:55:41,14.15,14.05,700,14.7,1400,0,44800
LUPIN30Jan20740PE.NFO,07/01/2020,11:55:42,14.15,14.05,1400,14.6,1400,0,44800
LUPIN30Jan20740PE.NFO,07/01/2020,11:55:45,14.15,14.1,1400,14.6,1400,0,44800
LUPIN30Jan20740PE.NFO,07/01/2020,11:55:51,14.15,14,1400,14.5,2800,0,44800
LUPIN30Jan20740PE.NFO,07/01/2020,11:55:53,14.15,13.95,1400,14.45,1400,0,44800
LUPIN30Jan20740PE.NFO,07/01/2020,11:55:55,14.15,14,700,14.5,1400,0,44800
LUPIN30Jan20740PE.NFO,07/01/2020,11:55:57,14.15,14.2,700,14.65,1400,0,44800
LUPIN30Jan20740PE.NFO,07/01/2020,11:55:59,14.15,14.15,700,14.65,1400,0,44800
LUPIN30Jan20740PE.NFO,07/01/2020,11:56:02,14.15,14.3,700,14.8,700,0,44800
LUPIN30Jan20740PE.NFO,07/01/2020,11:56:05,14.15,14.25,1400,14.75,700,0,44800
LUPIN30Jan20740PE.NFO,07/01/2020,11:56:08,14.15,14.35,1400,14.8,1400,0,44800
LUPIN30Jan20740PE.NFO,07/01/2020,11:56:11,14.15,14.45,700,14.8,1400,0,44800
LUPIN30Jan20740PE.NFO,07/01/2020,11:56:12,14.15,14.4,700,14.8,1400,0,44800
LUPIN30Jan20740PE.NFO,07/01/2020,11:56:13,14.15,14.4,1400,14.8,1400,0,44800
LUPIN30Jan20740PE.NFO,07/01/2020,11:56:15,14.15,14.5,700,14.8,1400,0,44800
LUPIN30Jan20740PE.NFO,07/01/2020,11:56:17,14.8,14.6,700,15.3,2100,700,44800
LUPIN30Jan20740PE.NFO,07/01/2020,11:56:17,14.8,14.6,700,15.3,2100,0,44800
LUPIN30Jan20740PE.NFO,07/01/2020,11:56:18,14.8,14.55,1400,15.1,1400,0,44800
LUPIN30Jan20740PE.NFO,07/01/2020,11:56:20,14.8,14.5,700,15.1,1400,0,44800
LUPIN30Jan20740PE.NFO,07/01/2020,11:56:21,14.8,14.45,1400,15.1,1400,0,44800
LUPIN30Jan20740PE.NFO,07/01/2020,11:56:22,14.8,14.5,700,15.05,1400,0,44800
LUPIN30Jan20740PE.NFO,07/01/2020,11:56:23,14.8,14.45,1400,14.85,700,0,44800
LUPIN30Jan20740PE.NFO,07/01/2020,11:56:25,14.8,14.4,1400,14.85,700,0,44800
LUPIN30Jan20740PE.NFO,07/01/2020,11:56:28,14.8,14.45,1400,14.85,700,0,44800
LUPIN30Jan20740PE.NFO,07/01/2020,11:56:30,14.8,14.5,1400,14.85,700,0,44800
LUPIN30Jan20740PE.NFO,07/01/2020,11:56:31,14.8,14.55,700,14.85,700,0,44800
LUPIN30Jan20740PE.NFO,07/01/2020,11:56:33,14.8,14.45,1400,14.85,700,0,44800
LUPIN30Jan20740PE.NFO,07/01/2020,11:56:34,14.8,14.5,700,14.85,700,0,44800
LUPIN30Jan20740PE.NFO,07/01/2020,11:56:35,14.8,14.55,700,14.85,700,0,44800
LUPIN30Jan20740PE.NFO,07/01/2020,11:56:37,14.8,14.45,700,14.85,700,0,44800
LUPIN30Jan20740PE.NFO,07/01/2020,11:56:41,14.8,14.45,1400,14.85,700,0,44800
LUPIN30Jan20740PE.NFO,07/01/2020,11:56:44,14.8,14.45,700,14.85,700,0,44800
LUPIN30Jan20740PE.NFO,07/01/2020,11:56:49,14.8,14.4,1400,14.85,700,0,44800
LUPIN30Jan20740PE.NFO,07/01/2020,11:56:50,14.4,14.35,700,14.8,2100,700,44800
LUPIN30Jan20740PE.NFO,07/01/2020,11:56:51,14.4,14.35,700,14.8,1400,0,44800
LUPIN30Jan20740PE.NFO,07/01/2020,11:56:57,14.4,14.45,1400,14.9,1400,0,44800
LUPIN30Jan20740PE.NFO,07/01/2020,11:57:02,14.4,14.45,1400,14.85,1400,0,44800
LUPIN30Jan20740PE.NFO,07/01/2020,11:57:03,14.4,14.45,2100,14.9,1400,0,44800
LUPIN30Jan20740PE.NFO,07/01/2020,11:57:04,14.4,14.45,2100,14.85,1400,0,44800
LUPIN30Jan20740PE.NFO,07/01/2020,11:57:05,14.4,14.45,2100,15.05,3500,0,44800
LUPIN30Jan20740PE.NFO,07/01/2020,11:57:06,14.4,14.45,700,14.95,3500,0,44800
LUPIN30Jan20740PE.NFO,07/01/2020,11:57:17,14.4,14.4,700,14.95,3500,0,44800
LUPIN30Jan20740PE.NFO,07/01/2020,11:57:19,14.4,14.4,700,14.85,2100,0,44800
LUPIN30Jan20740PE.NFO,07/01/2020,11:57:57,14.4,14.4,700,14.85,1400,0,44800
LUPIN30Jan20740PE.NFO,07/01/2020,11:58:05,14.4,14.4,700,14.8,1400,0,44800
LUPIN30Jan20740PE.NFO,07/01/2020,11:58:19,14.4,14.35,700,14.8,1400,0,44800
LUPIN30Jan20740PE.NFO,07/01/2020,11:58:22,14.4,14.35,700,14.7,1400,0,44800
LUPIN30Jan20740PE.NFO,07/01/2020,11:58:24,14.4,14.05,700,14.65,1400,0,44800
LUPIN30Jan20740PE.NFO,07/01/2020,11:58:26,14.4,14.15,1400,14.65,1400,0,44800
LUPIN30Jan20740PE.NFO,07/01/2020,11:58:29,14.4,14.3,700,14.7,1400,0,44800
LUPIN30Jan20740PE.NFO,07/01/2020,11:58:32,14.4,14.25,1400,14.75,2100,0,44800
LUPIN30Jan20740PE.NFO,07/01/2020,11:58:39,14.4,14.25,1400,14.7,1400,0,44800
LUPIN30Jan20740PE.NFO,07/01/2020,11:58:42,14.4,14.15,1400,14.7,1400,0,44800
LUPIN30Jan20740PE.NFO,07/01/2020,11:58:55,14.4,14.1,1400,14.6,1400,0,44800
LUPIN30Jan20740PE.NFO,07/01/2020,11:59:02,14.4,14,700,14.5,1400,0,44800
LUPIN30Jan20740PE.NFO,07/01/2020,11:59:07,14.4,14.05,700,14.55,1400,0,44800
LUPIN30Jan20740PE.NFO,07/01/2020,11:59:15,14.4,14.15,700,14.5,1400,0,44800
LUPIN30Jan20740PE.NFO,07/01/2020,11:59:16,14.4,14.15,700,14.65,3500,0,44800
LUPIN30Jan20740PE.NFO,07/01/2020,11:59:17,14.4,14.25,1400,14.65,1400,0,44800
LUPIN30Jan20740PE.NFO,07/01/2020,11:59:21,14.4,14.25,700,14.65,1400,0,44800
LUPIN30Jan20740PE.NFO,07/01/2020,11:59:32,14.4,14.2,700,14.65,1400,0,44800
LUPIN30Jan20740PE.NFO,07/01/2020,11:59:44,14.4,14.2,1400,14.65,1400,0,44800
LUPIN30Jan20740PE.NFO,07/01/2020,11:59:47,14.4,14.2,700,14.65,1400,0,44800
LUPIN30Jan20740PE.NFO,07/01/2020,11:59:48,14.4,14.2,1400,14.65,1400,0,44800
LUPIN30Jan20740PE.NFO,07/01/2020,11:59:50,14.4,14.2,700,14.65,1400,0,44800
LUPIN30Jan20740PE.NFO,07/01/2020,12:00:05,14.4,14.15,700,14.65,1400,0,44800
LUPIN30Jan20740PE.NFO,07/01/2020,12:00:14,14.4,14.2,1400,14.65,1400,0,44800
LUPIN30Jan20740PE.NFO,07/01/2020,12:00:16,14.4,14.25,700,14.5,24500,0,44800
LUPIN30Jan20740PE.NFO,07/01/2020,12:00:22,14.4,14.25,2100,14.5,24500,0,44800
LUPIN30Jan20740PE.NFO,07/01/2020,12:00:25,14.4,14.25,1400,14.5,24500,0,44800
LUPIN30Jan20740PE.NFO,07/01/2020,12:00:28,14.4,14.25,700,14.5,24500,0,44800
LUPIN30Jan20740PE.NFO,07/01/2020,12:00:35,14.4,14.2,700,14.5,24500,0,44800
LUPIN30Jan20740PE.NFO,07/01/2020,12:00:42,14.4,14.15,1400,14.5,24500,0,44800
LUPIN30Jan20740PE.NFO,07/01/2020,12:01:01,14.4,14.1,700,14.45,1400,0,44800
LUPIN30Jan20740PE.NFO,07/01/2020,12:01:15,14.4,14.05,700,14.45,1400,0,44800
LUPIN30Jan20740PE.NFO,07/01/2020,12:01:28,14.4,14.05,700,14.45,700,0,44800
LUPIN30Jan20740PE.NFO,07/01/2020,12:01:31,14.4,14,700,14.45,1400,0,44800
LUPIN30Jan20740PE.NFO,07/01/2020,12:01:34,14.4,14,1400,14.45,1400,0,44800
LUPIN30Jan20740PE.NFO,07/01/2020,12:01:45,14.4,14,1400,14.45,700,0,44800
LUPIN30Jan20740PE.NFO,07/01/2020,12:01:47,14.4,13.95,1400,14.45,700,0,44800
LUPIN30Jan20740PE.NFO,07/01/2020,12:01:51,14.4,14,1400,14.45,700,0,44800
LUPIN30Jan20740PE.NFO,07/01/2020,12:01:53,14.4,13.9,1400,14.45,1400,0,44800
LUPIN30Jan20740PE.NFO,07/01/2020,12:01:56,14.4,13.9,1400,14.4,1400,0,44800
LUPIN30Jan20740PE.NFO,07/01/2020,12:01:59,14.4,13.9,700,14.4,700,0,44800
LUPIN30Jan20740PE.NFO,07/01/2020,12:02:03,14.4,13.9,1400,14.4,700,0,44800
LUPIN30Jan20740PE.NFO,07/01/2020,12:02:06,14.4,13.9,700,14.4,700,0,44800
LUPIN30Jan20740PE.NFO,07/01/2020,12:02:17,14.4,13.9,1400,14.4,700,0,44800
LUPIN30Jan20740PE.NFO,07/01/2020,12:02:18,14.4,13.9,700,14.4,700,0,44800
LUPIN30Jan20740PE.NFO,07/01/2020,12:02:21,14.4,13.9,1400,14.4,700,0,44800
LUPIN30Jan20740PE.NFO,07/01/2020,12:02:30,14.4,13.85,1400,14.4,1400,0,44800
LUPIN30Jan20740PE.NFO,07/01/2020,12:02:32,14.4,13.8,700,14.3,1400,0,44800
LUPIN30Jan20740PE.NFO,07/01/2020,12:02:33,14.4,13.75,700,14.3,1400,0,44800
LUPIN30Jan20740PE.NFO,07/01/2020,12:02:34,14.4,13.7,700,14.3,1400,0,44800
LUPIN30Jan20740PE.NFO,07/01/2020,12:02:36,14.4,13.7,700,14.2,1400,0,44800
LUPIN30Jan20740PE.NFO,07/01/2020,12:02:37,14.4,13.6,1400,14.15,1400,0,44800
LUPIN30Jan20740PE.NFO,07/01/2020,12:02:38,14.4,13.65,700,14.15,1400,0,44800
LUPIN30Jan20740PE.NFO,07/01/2020,12:02:39,14.4,13.65,700,14.2,1400,0,44800
LUPIN30Jan20740PE.NFO,07/01/2020,12:02:40,14.4,13.6,700,14.2,1400,0,44800
LUPIN30Jan20740PE.NFO,07/01/2020,12:02:41,14.4,13.6,700,14.1,1400,0,44800
LUPIN30Jan20740PE.NFO,07/01/2020,12:02:45,14.4,13.65,700,14.1,1400,0,44800
LUPIN30Jan20740PE.NFO,07/01/2020,12:02:50,14.4,13.65,700,14.2,700,0,44800
LUPIN30Jan20740PE.NFO,07/01/2020,12:02:51,14.4,13.65,700,14.2,1400,0,44800
LUPIN30Jan20740PE.NFO,07/01/2020,12:02:55,14.4,13.7,700,14.2,1400,0,44800
LUPIN30Jan20740PE.NFO,07/01/2020,12:02:59,14.4,13.7,700,14.25,1400,0,44800
LUPIN30Jan20740PE.NFO,07/01/2020,12:03:00,14.4,13.75,700,14.25,700,0,44800
LUPIN30Jan20740PE.NFO,07/01/2020,12:03:04,14.4,13.7,700,14.25,700,0,44800
LUPIN30Jan20740PE.NFO,07/01/2020,12:03:07,14.4,13.7,1400,14.25,700,0,44800
LUPIN30Jan20740PE.NFO,07/01/2020,12:03:21,14.4,13.7,700,14.25,700,0,44800
LUPIN30Jan20740PE.NFO,07/01/2020,12:03:34,14.4,13.8,1400,14.35,700,0,44800
LUPIN30Jan20740PE.NFO,07/01/2020,12:03:41,14.4,13.85,700,14.35,700,0,44800
LUPIN30Jan20740PE.NFO,07/01/2020,12:03:45,14.4,13.9,1400,14.45,700,0,44800
LUPIN30Jan20740PE.NFO,07/01/2020,12:04:03,14.4,14,1400,14.45,700,0,44800
LUPIN30Jan20740PE.NFO,07/01/2020,12:04:06,14.4,13.95,1400,14.45,700,0,44800
LUPIN30Jan20740PE.NFO,07/01/2020,12:04:08,14.4,14,1400,14.45,700,0,44800
LUPIN30Jan20740PE.NFO,07/01/2020,12:04:15,14.4,14.05,700,14.45,700,0,44800
LUPIN30Jan20740PE.NFO,07/01/2020,12:04:18,14.4,14.05,1400,14.4,1400,0,44800
LUPIN30Jan20740PE.NFO,07/01/2020,12:04:21,14.4,14.05,2100,14.5,24500,0,44800
LUPIN30Jan20740PE.NFO,07/01/2020,12:04:56,14.4,14.05,700,14.5,24500,0,44800
LUPIN30Jan20740PE.NFO,07/01/2020,12:05:02,14.4,13.95,700,14.45,700,0,44800
LUPIN30Jan20740PE.NFO,07/01/2020,12:05:10,14.4,13.95,1400,14.45,700,0,44800
LUPIN30Jan20740PE.NFO,07/01/2020,12:05:20,14.4,13.95,700,14.45,700,0,44800
LUPIN30Jan20740PE.NFO,07/01/2020,12:05:39,14.4,14,1400,14.45,700,0,44800
LUPIN30Jan20740PE.NFO,07/01/2020,12:05:44,14.4,14,700,14.45,700,0,44800
LUPIN30Jan20740PE.NFO,07/01/2020,12:05:56,14.4,14.05,1400,14.5,24500,0,44800
LUPIN30Jan20740PE.NFO,07/01/2020,12:06:00,14.4,14.2,700,14.5,24500,0,44800
LUPIN30Jan20740PE.NFO,07/01/2020,12:06:03,14.4,14.2,1400,14.5,24500,0,44800
LUPIN30Jan20740PE.NFO,07/01/2020,12:06:07,14.4,14.15,700,14.5,24500,0,44800
LUPIN30Jan20740PE.NFO,07/01/2020,12:06:17,14.4,14,700,14.45,1400,0,44800
LUPIN30Jan20740PE.NFO,07/01/2020,12:07:02,14.4,14,700,14.4,700,0,44800
LUPIN30Jan20740PE.NFO,07/01/2020,12:07:04,14.4,13.85,700,14.4,700,0,44800
LUPIN30Jan20740PE.NFO,07/01/2020,12:08:05,14.4,13.65,700,14.25,1400,0,44800
LUPIN30Jan20740PE.NFO,07/01/2020,12:08:08,14.4,13.65,700,14.2,700,0,44800
LUPIN30Jan20740PE.NFO,07/01/2020,12:08:11,14.4,13.55,1400,14.2,700,0,44800
LUPIN30Jan20740PE.NFO,07/01/2020,12:08:16,14.4,13.55,700,14.1,1400,0,44800
LUPIN30Jan20740PE.NFO,07/01/2020,12:08:29,14.4,13.45,700,14.05,1400,0,44800
LUPIN30Jan20740PE.NFO,07/01/2020,12:08:36,14.4,13.45,700,14.05,2100,0,44800
LUPIN30Jan20740PE.NFO,07/01/2020,12:08:41,14.4,13.45,700,14,1400,0,44800
LUPIN30Jan20740PE.NFO,07/01/2020,12:08:44,14.4,13.45,700,14.05,2100,0,44800
LUPIN30Jan20740PE.NFO,07/01/2020,12:08:47,14.4,13.4,700,14.05,2800,0,44800
LUPIN30Jan20740PE.NFO,07/01/2020,12:08:50,14.4,13.4,700,13.95,1400,0,44800
LUPIN30Jan20740PE.NFO,07/01/2020,12:08:54,14.4,13.4,700,14,1400,0,44800
LUPIN30Jan20740PE.NFO,07/01/2020,12:09:05,14.4,13.4,700,14.05,700,0,44800
LUPIN30Jan20740PE.NFO,07/01/2020,12:09:23,14.4,13.5,700,14.05,700,0,44800
LUPIN30Jan20740PE.NFO,07/01/2020,12:09:38,14.4,13.5,1400,14.15,1400,0,44800
LUPIN30Jan20740PE.NFO,07/01/2020,12:09:42,14.4,13.5,700,14.05,1400,0,44800
LUPIN30Jan20740PE.NFO,07/01/2020,12:09:47,14.4,13.4,700,14.05,700,0,44800
LUPIN30Jan20740PE.NFO,07/01/2020,12:09:49,14.4,13.5,700,14.05,700,0,44800
LUPIN30Jan20740PE.NFO,07/01/2020,12:09:54,14.4,13.5,700,14.1,1400,0,44800
LUPIN30Jan20740PE.NFO,07/01/2020,12:10:16,14.4,13.5,700,14.1,700,0,44800
LUPIN30Jan20740PE.NFO,07/01/2020,12:10:28,14.4,13.4,700,13.95,1400,0,44800
LUPIN30Jan20740PE.NFO,07/01/2020,12:10:40,14.4,13.4,700,14,1400,0,44800
LUPIN30Jan20740PE.NFO,07/01/2020,12:11:02,14.4,13.4,700,13.95,700,0,44800
LUPIN30Jan20740PE.NFO,07/01/2020,12:11:10,14.4,13.25,700,13.85,1400,0,44800
LUPIN30Jan20740PE.NFO,07/01/2020,12:11:19,14.4,13.25,1400,13.95,2100,0,44800
LUPIN30Jan20740PE.NFO,07/01/2020,12:11:23,14.4,13.35,700,13.95,1400,0,44800
LUPIN30Jan20740PE.NFO,07/01/2020,12:11:27,14.4,13.3,700,13.95,1400,0,44800
LUPIN30Jan20740PE.NFO,07/01/2020,12:11:35,14.4,13.3,700,13.95,2800,0,44800
LUPIN30Jan20740PE.NFO,07/01/2020,12:11:39,14.4,13.3,700,13.95,2100,0,44800
LUPIN30Jan20740PE.NFO,07/01/2020,12:11:42,14.4,13.3,700,13.95,2800,0,44800
LUPIN30Jan20740PE.NFO,07/01/2020,12:11:57,14.4,13.3,700,13.9,2100,0,44800
LUPIN30Jan20740PE.NFO,07/01/2020,12:12:14,14.4,13.3,700,13.9,1400,0,44800
LUPIN30Jan20740PE.NFO,07/01/2020,12:12:30,14.4,13.2,700,13.9,2100,0,44800
LUPIN30Jan20740PE.NFO,07/01/2020,12:12:39,14.4,13.25,700,13.9,2100,0,44800
LUPIN30Jan20740PE.NFO,07/01/2020,12:12:41,14.4,13.25,700,13.9,1400,0,44800
LUPIN30Jan20740PE.NFO,07/01/2020,12:12:44,14.4,13.3,700,13.8,700,0,44800
LUPIN30Jan20740PE.NFO,07/01/2020,12:12:51,14.4,13.2,700,13.9,2100,0,44800
LUPIN30Jan20740PE.NFO,07/01/2020,12:12:53,14.4,13.3,700,13.9,2100,0,44800
LUPIN30Jan20740PE.NFO,07/01/2020,12:12:56,14.4,13.2,700,13.9,2100,0,44800
LUPIN30Jan20740PE.NFO,07/01/2020,12:13:01,14.4,13.3,700,13.9,2100,0,44800
LUPIN30Jan20740PE.NFO,07/01/2020,12:13:10,14.4,13.25,700,13.9,2800,0,44800
LUPIN30Jan20740PE.NFO,07/01/2020,12:13:18,14.4,13.25,1400,13.9,2800,0,44800
LUPIN30Jan20740PE.NFO,07/01/2020,12:13:30,14.4,13.25,1400,13.9,2100,0,44800
LUPIN30Jan20740PE.NFO,07/01/2020,12:13:36,14.4,13.25,1400,13.9,2800,0,44800
LUPIN30Jan20740PE.NFO,07/01/2020,12:13:57,13.25,13.15,700,13.75,700,700,44800
LUPIN30Jan20740PE.NFO,07/01/2020,12:14:00,13.25,13.25,1400,13.95,2100,0,44800
LUPIN30Jan20740PE.NFO,07/01/2020,12:14:06,13.25,13.25,1400,13.9,1400,0,44800
LUPIN30Jan20740PE.NFO,07/01/2020,12:14:12,13.25,13.25,700,13.9,1400,0,44800
LUPIN30Jan20740PE.NFO,07/01/2020,12:14:16,13.25,13.25,1400,13.9,1400,0,44800
LUPIN30Jan20740PE.NFO,07/01/2020,12:14:20,13.25,13.25,700,13.9,1400,0,44800
LUPIN30Jan20740PE.NFO,07/01/2020,12:14:27,13.25,13.2,1400,13.85,700,0,44800
LUPIN30Jan20740PE.NFO,07/01/2020,12:15:05,13.25,13.3,700,13.95,1400,0,44800
LUPIN30Jan20740PE.NFO,07/01/2020,12:15:15,13.25,13.3,1400,13.95,1400,0,44800
LUPIN30Jan20740PE.NFO,07/01/2020,12:15:19,13.25,13.3,1400,14,700,0,44800
LUPIN30Jan20740PE.NFO,07/01/2020,12:15:24,13.25,13.25,700,13.75,2800,0,44800
LUPIN30Jan20740PE.NFO,07/01/2020,12:15:28,13.25,13.25,700,13.7,1400,0,44800
LUPIN30Jan20740PE.NFO,07/01/2020,12:15:43,13.25,13.1,1400,13.7,1400,0,44800
LUPIN30Jan20740PE.NFO,07/01/2020,12:15:53,13.25,13.1,1400,13.75,700,0,44800
LUPIN30Jan20740PE.NFO,07/01/2020,12:16:02,13.25,13.1,1400,13.75,1400,0,44800
LUPIN30Jan20740PE.NFO,07/01/2020,12:16:07,13.1,13.05,700,13.45,1400,700,44800
LUPIN30Jan20740PE.NFO,07/01/2020,12:16:10,13.1,13.1,700,13.5,1400,0,44800
LUPIN30Jan20740PE.NFO,07/01/2020,12:16:14,13.1,13.05,700,13.55,2800,0,44800
LUPIN30Jan20740PE.NFO,07/01/2020,12:16:23,13.1,13.1,700,13.55,2100,0,44800
LUPIN30Jan20740PE.NFO,07/01/2020,12:16:26,13.1,13.05,700,13.45,700,0,44800
LUPIN30Jan20740PE.NFO,07/01/2020,12:16:29,13.1,13.05,700,13.45,1400,0,44800
LUPIN30Jan20740PE.NFO,07/01/2020,12:16:54,13.1,13.05,700,13.45,700,0,44800
LUPIN30Jan20740PE.NFO,07/01/2020,12:17:12,13.1,13.05,700,13.5,700,0,44800
LUPIN30Jan20740PE.NFO,07/01/2020,12:17:31,13.1,13.05,700,13.55,700,0,44800
LUPIN30Jan20740PE.NFO,07/01/2020,12:17:33,13.1,13.1,1400,13.6,1400,0,44800
LUPIN30Jan20740PE.NFO,07/01/2020,12:17:46,13.1,13.1,700,13.7,1400,0,44800
LUPIN30Jan20740PE.NFO,07/01/2020,12:17:49,13.1,13.1,700,13.7,2100,0,44800
LUPIN30Jan20740PE.NFO,07/01/2020,12:18:00,13.1,13.1,700,13.7,700,0,44800
LUPIN30Jan20740PE.NFO,07/01/2020,12:18:06,13.1,13.1,700,13.75,2100,0,44800
LUPIN30Jan20740PE.NFO,07/01/2020,12:18:09,13.1,13.1,700,13.8,1400,0,44800
LUPIN30Jan20740PE.NFO,07/01/2020,12:18:12,13.1,13.05,1400,13.6,1400,0,44800
LUPIN30Jan20740PE.NFO,07/01/2020,12:18:15,13.1,13.05,700,13.55,700,0,44800
LUPIN30Jan20740PE.NFO,07/01/2020,12:18:18,13.1,13.05,700,13.65,700,0,44800
LUPIN30Jan20740PE.NFO,07/01/2020,12:18:21,13.1,13.05,1400,13.6,1400,0,44800
LUPIN30Jan20740PE.NFO,07/01/2020,12:18:25,13.1,13.05,700,13.65,2100,0,44800
LUPIN30Jan20740PE.NFO,07/01/2020,12:18:28,13.1,13.05,700,13.65,2800,0,44800
LUPIN30Jan20740PE.NFO,07/01/2020,12:18:31,13.1,13.05,1400,13.65,700,0,44800
LUPIN30Jan20740PE.NFO,07/01/2020,12:18:37,13.1,13.05,1400,13.7,2100,0,44800
LUPIN30Jan20740PE.NFO,07/01/2020,12:18:40,13.1,13.05,1400,13.65,700,0,44800
LUPIN30Jan20740PE.NFO,07/01/2020,12:18:45,13.1,13.05,700,13.65,700,0,44800
LUPIN30Jan20740PE.NFO,07/01/2020,12:18:49,13.1,13.05,1400,13.6,1400,0,44800
LUPIN30Jan20740PE.NFO,07/01/2020,12:18:51,13.1,13.1,700,13.65,700,0,44800
LUPIN30Jan20740PE.NFO,07/01/2020,12:19:05,13.1,13.05,700,13.65,2800,0,44800
LUPIN30Jan20740PE.NFO,07/01/2020,12:19:11,13.1,13.05,700,13.45,1400,0,44800
LUPIN30Jan20740PE.NFO,07/01/2020,12:19:15,13.05,12.8,700,13.45,1400,700,44100
LUPIN30Jan20740PE.NFO,07/01/2020,12:19:19,13.05,12.8,700,13.45,1400,0,44100
LUPIN30Jan20740PE.NFO,07/01/2020,12:20:33,13.05,12.8,700,13.4,1400,0,44100
LUPIN30Jan20740PE.NFO,07/01/2020,12:20:38,13.05,12.8,700,13.45,2800,0,44100
LUPIN30Jan20740PE.NFO,07/01/2020,12:20:54,13.05,12.8,700,13.4,700,0,44100
LUPIN30Jan20740PE.NFO,07/01/2020,12:23:05,13.05,12.65,700,13.3,1400,0,44100
LUPIN30Jan20740PE.NFO,07/01/2020,12:23:09,13.05,12.65,700,13.35,1400,0,44100
LUPIN30Jan20740PE.NFO,07/01/2020,12:23:15,13.05,12.7,700,13.35,700,0,44100
LUPIN30Jan20740PE.NFO,07/01/2020,12:23:19,13.05,12.65,700,13.3,1400,0,44100
LUPIN30Jan20740PE.NFO,07/01/2020,12:23:34,13.05,12.6,1400,13.25,1400,0,44100
LUPIN30Jan20740PE.NFO,07/01/2020,12:23:38,13.05,12.6,700,13.25,1400,0,44100
LUPIN30Jan20740PE.NFO,07/01/2020,12:23:48,13.05,12.6,700,13.2,700,0,44100
LUPIN30Jan20740PE.NFO,07/01/2020,12:23:50,13.05,12.65,700,13.25,1400,0,44100
LUPIN30Jan20740PE.NFO,07/01/2020,12:23:54,13.05,12.65,700,13.25,700,0,44100
LUPIN30Jan20740PE.NFO,07/01/2020,12:24:03,13.05,12.7,700,13.3,700,0,44100
LUPIN30Jan20740PE.NFO,07/01/2020,12:24:06,13.05,12.65,700,13.3,2100,0,44100
LUPIN30Jan20740PE.NFO,07/01/2020,12:24:11,13.05,12.65,700,13.25,2100,0,44100
LUPIN30Jan20740PE.NFO,07/01/2020,12:24:17,13.05,12.6,700,13.1,1400,0,44100
LUPIN30Jan20740PE.NFO,07/01/2020,12:24:29,13.05,12.6,700,12.8,700,0,44100
LUPIN30Jan20740PE.NFO,07/01/2020,12:24:32,12.6,12.55,700,13.1,1400,700,44100
LUPIN30Jan20740PE.NFO,07/01/2020,12:24:36,12.6,12.6,700,13.2,1400,0,44100
LUPIN30Jan20740PE.NFO,07/01/2020,12:24:42,12.6,12.55,700,13.2,1400,0,44100
LUPIN30Jan20740PE.NFO,07/01/2020,12:24:50,12.6,12.6,1400,13.25,1400,0,44100
LUPIN30Jan20740PE.NFO,07/01/2020,12:25:02,12.6,12.6,1400,13.2,700,0,44100
LUPIN30Jan20740PE.NFO,07/01/2020,12:25:05,12.6,12.6,700,13.25,1400,0,44100
LUPIN30Jan20740PE.NFO,07/01/2020,12:25:10,12.6,12.4,700,13.1,2100,0,44100
LUPIN30Jan20740PE.NFO,07/01/2020,12:25:12,12.6,12.4,700,13,1400,0,44100
LUPIN30Jan20740PE.NFO,07/01/2020,12:25:16,12.6,12.45,2100,13.1,1400,0,44100
LUPIN30Jan20740PE.NFO,07/01/2020,12:25:19,12.6,12.45,1400,13.2,2100,0,44100
LUPIN30Jan20740PE.NFO,07/01/2020,12:25:24,12.6,12.45,2100,13.15,1400,0,44100
LUPIN30Jan20740PE.NFO,07/01/2020,12:25:27,12.6,12.5,700,13.15,1400,0,44100
LUPIN30Jan20740PE.NFO,07/01/2020,12:25:33,12.6,12.45,1400,13.2,2100,0,44100
LUPIN30Jan20740PE.NFO,07/01/2020,12:25:36,12.6,12.5,1400,13.2,2100,0,44100
LUPIN30Jan20740PE.NFO,07/01/2020,12:25:38,12.6,12.5,700,13.2,2100,0,44100
LUPIN30Jan20740PE.NFO,07/01/2020,12:25:43,12.6,12.5,1400,13.2,2100,0,44100
LUPIN30Jan20740PE.NFO,07/01/2020,12:25:56,12.6,12.45,1400,13.2,2100,0,44100
LUPIN30Jan20740PE.NFO,07/01/2020,12:26:31,12.6,12.45,1400,13.1,1400,0,44100
LUPIN30Jan20740PE.NFO,07/01/2020,12:26:48,12.6,12.35,700,12.9,1400,0,44100
LUPIN30Jan20740PE.NFO,07/01/2020,12:26:52,12.6,12.5,700,13,1400,0,44100
LUPIN30Jan20740PE.NFO,07/01/2020,12:26:55,12.6,12.45,700,13,1400,0,44100
LUPIN30Jan20740PE.NFO,07/01/2020,12:27:04,12.6,12.45,700,13.05,700,0,44100
LUPIN30Jan20740PE.NFO,07/01/2020,12:27:07,12.6,12.45,700,13.05,1400,0,44100
LUPIN30Jan20740PE.NFO,07/01/2020,12:27:14,12.6,12.45,700,13.05,700,0,44100
LUPIN30Jan20740PE.NFO,07/01/2020,12:27:18,12.6,12.4,1400,13.05,700,0,44100
LUPIN30Jan20740PE.NFO,07/01/2020,12:27:24,12.6,12.4,1400,13.05,1400,0,44100
LUPIN30Jan20740PE.NFO,07/01/2020,12:27:52,12.5,12.4,1400,13.05,1400,700,44100
LUPIN30Jan20740PE.NFO,07/01/2020,12:27:55,12.5,12.4,1400,13.05,1400,0,44100
LUPIN30Jan20740PE.NFO,07/01/2020,12:29:05,12.5,12.45,1400,13.1,700,0,44100
LUPIN30Jan20740PE.NFO,07/01/2020,12:29:47,13.1,12.45,1400,13.15,1400,700,44100
LUPIN30Jan20740PE.NFO,07/01/2020,12:29:52,13.1,12.45,1400,13.1,700,0,44100
LUPIN30Jan20740PE.NFO,07/01/2020,12:29:56,13.1,12.55,700,13.15,1400,0,44100
LUPIN30Jan20740PE.NFO,07/01/2020,12:30:05,13.1,12.6,700,13.25,1400,0,44100
