Ticker,Date,Time,LTP,BuyPrice,BuyQty,SellPrice,SellQty,LTQ,OpenInterest
LUPIN27Feb20780CE.NFO,07/01/2020,11:37:12,30,22,11200,29.9,700,700,0
LUPIN27Feb20780CE.NFO,07/01/2020,11:37:12,30,22,11200,29.9,700,0,0
LUPIN27Feb20780CE.NFO,07/01/2020,11:37:12,30,22,11200,29.9,700,0,0
LUPIN27Feb20780CE.NFO,07/01/2020,11:37:12,30,22,11200,29.9,700,0,0
LUPIN27Feb20780CE.NFO,07/01/2020,11:37:34,30,22,11200,29.95,700,0,0
LUPIN27Feb20780CE.NFO,07/01/2020,11:37:38,30,22,11200,30.4,700,0,0
LUPIN27Feb20780CE.NFO,07/01/2020,11:37:46,30,28,700,29.95,700,0,0
LUPIN27Feb20780CE.NFO,07/01/2020,11:37:51,30,28,700,29.9,700,0,0
LUPIN27Feb20780CE.NFO,07/01/2020,11:37:56,30,28,700,30.2,700,0,0
LUPIN27Feb20780CE.NFO,07/01/2020,11:37:59,30,28,700,30,700,0,0
LUPIN27Feb20780CE.NFO,07/01/2020,11:38:03,30,28,700,29.85,700,0,0
LUPIN27Feb20780CE.NFO,07/01/2020,11:38:07,30,28,700,29.9,700,0,0
LUPIN27Feb20780CE.NFO,07/01/2020,11:38:11,30,27,700,29.8,700,0,0
LUPIN27Feb20780CE.NFO,07/01/2020,11:38:15,30,27,700,30.2,700,0,0
LUPIN27Feb20780CE.NFO,07/01/2020,11:38:25,30,27,700,30.4,700,0,0
LUPIN27Feb20780CE.NFO,07/01/2020,11:38:28,30,27,700,29.85,700,0,0
LUPIN27Feb20780CE.NFO,07/01/2020,11:38:32,30,27,700,29.8,700,0,0
LUPIN27Feb20780CE.NFO,07/01/2020,11:38:35,30,29,700,30.25,700,0,0
LUPIN27Feb20780CE.NFO,07/01/2020,11:38:39,30,27,700,30,700,0,0
LUPIN27Feb20780CE.NFO,07/01/2020,11:38:42,30,27,700,29.9,700,0,0
LUPIN27Feb20780CE.NFO,07/01/2020,11:38:46,30,29,700,29.75,700,0,0
LUPIN27Feb20780CE.NFO,07/01/2020,11:38:51,30,27,700,29.8,700,0,0
LUPIN27Feb20780CE.NFO,07/01/2020,11:38:55,30,27,700,29.75,700,0,0
LUPIN27Feb20780CE.NFO,07/01/2020,11:38:58,30,26,700,29.65,700,0,0
LUPIN27Feb20780CE.NFO,07/01/2020,11:39:01,30,26,700,30.4,700,0,0
LUPIN27Feb20780CE.NFO,07/01/2020,11:39:05,30,28,700,30,700,0,0
LUPIN27Feb20780CE.NFO,07/01/2020,11:39:09,30,26,700,29.7,700,0,0
LUPIN27Feb20780CE.NFO,07/01/2020,11:39:11,30,26,700,29.85,700,0,0
LUPIN27Feb20780CE.NFO,07/01/2020,11:39:14,30,26,700,30.25,700,0,0
LUPIN27Feb20780CE.NFO,07/01/2020,11:39:17,30,26,700,29.8,700,0,0
LUPIN27Feb20780CE.NFO,07/01/2020,11:39:22,30,26,700,29.65,700,0,0
LUPIN27Feb20780CE.NFO,07/01/2020,11:39:26,29.65,26,700,32,6300,700,700
LUPIN27Feb20780CE.NFO,07/01/2020,11:39:26,29.65,26,700,32,6300,0,700
LUPIN27Feb20780CE.NFO,07/01/2020,11:39:31,29.65,26,700,32,6300,0,700
LUPIN27Feb20780CE.NFO,07/01/2020,11:39:35,29.65,26,700,32,7000,0,700
LUPIN27Feb20780CE.NFO,07/01/2020,11:40:02,29.65,26,700,32,8400,0,700
LUPIN27Feb20780CE.NFO,07/01/2020,11:40:12,29.65,26,700,32,7000,0,700
LUPIN27Feb20780CE.NFO,07/01/2020,11:40:17,29.65,26,700,32,9800,0,700
LUPIN27Feb20780CE.NFO,07/01/2020,11:40:50,29.65,26,700,32,11200,0,700
LUPIN27Feb20780CE.NFO,07/01/2020,11:40:53,29.65,26,700,32,9800,0,700
LUPIN27Feb20780CE.NFO,07/01/2020,11:40:59,29.65,26,700,32,7000,0,700
LUPIN27Feb20780CE.NFO,07/01/2020,11:41:23,29.65,26,700,32,8400,0,700
LUPIN27Feb20780CE.NFO,07/01/2020,11:41:28,29.65,26,700,32,9800,0,700
LUPIN27Feb20780CE.NFO,07/01/2020,11:41:34,29.65,26,700,32,8400,0,700
LUPIN27Feb20780CE.NFO,07/01/2020,11:41:58,29.65,26,700,32,5600,0,700
LUPIN27Feb20780CE.NFO,07/01/2020,11:42:15,29.65,26,700,32,7000,0,700
LUPIN27Feb20780CE.NFO,07/01/2020,11:42:27,29.65,26,700,32,5600,0,700
LUPIN27Feb20780CE.NFO,07/01/2020,11:42:45,29.65,22,11200,32,5600,0,700
LUPIN27Feb20780CE.NFO,07/01/2020,11:42:58,29.65,22,11200,32,7000,0,700
LUPIN27Feb20780CE.NFO,07/01/2020,11:43:24,29.65,22,11200,32,8400,0,700
LUPIN27Feb20780CE.NFO,07/01/2020,11:43:27,29.65,22,11200,32,7000,0,700
LUPIN27Feb20780CE.NFO,07/01/2020,11:43:34,29.65,22,11200,32,5600,0,700
LUPIN27Feb20780CE.NFO,07/01/2020,11:43:37,29.65,22,11200,32,7000,0,700
LUPIN27Feb20780CE.NFO,07/01/2020,11:43:51,29.65,22,5600,32,1400,0,700
LUPIN27Feb20780CE.NFO,07/01/2020,11:44:02,29.65,22,5600,32,2800,0,700
LUPIN27Feb20780CE.NFO,07/01/2020,11:44:15,29.65,24.05,5600,32,2800,0,700
LUPIN27Feb20780CE.NFO,07/01/2020,11:44:28,29.65,24.05,4200,32,2800,0,700
LUPIN27Feb20780CE.NFO,07/01/2020,11:44:34,29.65,24.05,5600,32,2800,0,700
LUPIN27Feb20780CE.NFO,07/01/2020,11:44:43,29.65,24.05,7000,32,2800,0,700
LUPIN27Feb20780CE.NFO,07/01/2020,11:45:12,29.65,24.05,5600,32,2800,0,700
LUPIN27Feb20780CE.NFO,07/01/2020,11:45:17,29.65,24.05,7000,32,2800,0,700
LUPIN27Feb20780CE.NFO,07/01/2020,11:45:21,29.65,24.05,5600,32,2800,0,700
LUPIN27Feb20780CE.NFO,07/01/2020,11:45:28,29.65,24.05,7000,32,2800,0,700
LUPIN27Feb20780CE.NFO,07/01/2020,11:45:42,29.65,24.05,5600,32,2800,0,700
LUPIN27Feb20780CE.NFO,07/01/2020,11:45:45,29.65,24.05,7000,32,2800,0,700
LUPIN27Feb20780CE.NFO,07/01/2020,11:45:54,29.65,24.05,5600,32,5600,0,700
LUPIN27Feb20780CE.NFO,07/01/2020,11:46:10,29.65,24.05,5600,32,4200,0,700
LUPIN27Feb20780CE.NFO,07/01/2020,11:46:20,29.65,24.05,5600,32,5600,0,700
LUPIN27Feb20780CE.NFO,07/01/2020,11:46:25,29.65,24.05,5600,32,4200,0,700
LUPIN27Feb20780CE.NFO,07/01/2020,11:46:28,29.65,24.05,5600,32,5600,0,700
LUPIN27Feb20780CE.NFO,07/01/2020,11:46:35,29.65,24.05,5600,32,4200,0,700
LUPIN27Feb20780CE.NFO,07/01/2020,11:46:37,29.65,24.05,5600,32,5600,0,700
LUPIN27Feb20780CE.NFO,07/01/2020,11:46:39,29.65,24.05,5600,32,4200,0,700
LUPIN27Feb20780CE.NFO,07/01/2020,11:46:51,29.65,24.05,5600,32,2800,0,700
LUPIN27Feb20780CE.NFO,07/01/2020,11:46:57,29.65,24.05,5600,32,4200,0,700
LUPIN27Feb20780CE.NFO,07/01/2020,11:47:01,29.65,24.05,5600,32,2800,0,700
LUPIN27Feb20780CE.NFO,07/01/2020,11:47:06,29.65,24.05,5600,32,4200,0,700
LUPIN27Feb20780CE.NFO,07/01/2020,11:47:38,29.65,24.05,5600,32,2800,0,700
LUPIN27Feb20780CE.NFO,07/01/2020,11:47:41,29.65,24.05,5600,32,4200,0,700
LUPIN27Feb20780CE.NFO,07/01/2020,11:48:00,29.65,24.05,5600,32,5600,0,700
LUPIN27Feb20780CE.NFO,07/01/2020,11:48:05,29.65,24.05,5600,32,4200,0,700
LUPIN27Feb20780CE.NFO,07/01/2020,11:48:16,29.65,24.05,5600,32,5600,0,700
LUPIN27Feb20780CE.NFO,07/01/2020,11:48:27,29.65,24.05,5600,32,4200,0,700
LUPIN27Feb20780CE.NFO,07/01/2020,11:48:30,29.65,24.05,5600,32,5600,0,700
LUPIN27Feb20780CE.NFO,07/01/2020,11:48:37,29.65,24.05,5600,32,4200,0,700
LUPIN27Feb20780CE.NFO,07/01/2020,11:48:42,29.65,24.05,5600,32,5600,0,700
LUPIN27Feb20780CE.NFO,07/01/2020,11:48:51,29.65,24.05,5600,32,4200,0,700
LUPIN27Feb20780CE.NFO,07/01/2020,11:49:18,29.65,24.05,5600,32,5600,0,700
LUPIN27Feb20780CE.NFO,07/01/2020,11:49:21,29.65,24.05,5600,32,4200,0,700
LUPIN27Feb20780CE.NFO,07/01/2020,11:49:26,29.65,24.05,5600,32,5600,0,700
LUPIN27Feb20780CE.NFO,07/01/2020,11:49:27,29.65,24.05,5600,32,4200,0,700
LUPIN27Feb20780CE.NFO,07/01/2020,11:49:31,29.65,24.05,5600,32,2800,0,700
LUPIN27Feb20780CE.NFO,07/01/2020,11:49:34,29.65,24.05,5600,32,4200,0,700
LUPIN27Feb20780CE.NFO,07/01/2020,11:49:47,29.65,24.05,5600,32,2800,0,700
LUPIN27Feb20780CE.NFO,07/01/2020,11:49:50,29.65,24.05,5600,32,4200,0,700
LUPIN27Feb20780CE.NFO,07/01/2020,11:50:04,29.65,24.05,5600,32,2800,0,700
LUPIN27Feb20780CE.NFO,07/01/2020,11:50:13,29.65,24.05,5600,32,4200,0,700
LUPIN27Feb20780CE.NFO,07/01/2020,11:50:19,29.65,24.05,5600,32,5600,0,700
LUPIN27Feb20780CE.NFO,07/01/2020,11:50:24,29.65,24.05,5600,32,4200,0,700
LUPIN27Feb20780CE.NFO,07/01/2020,11:50:28,29.65,24.05,5600,32,2800,0,700
LUPIN27Feb20780CE.NFO,07/01/2020,11:50:33,29.65,24.05,5600,32,4200,0,700
LUPIN27Feb20780CE.NFO,07/01/2020,11:50:45,29.65,24.05,5600,32,2800,0,700
LUPIN27Feb20780CE.NFO,07/01/2020,11:50:48,29.65,24.05,5600,32,4200,0,700
LUPIN27Feb20780CE.NFO,07/01/2020,11:51:10,29.65,24.05,5600,32,5600,0,700
LUPIN27Feb20780CE.NFO,07/01/2020,11:51:14,29.65,24.05,5600,32,4200,0,700
LUPIN27Feb20780CE.NFO,07/01/2020,11:51:18,29.65,24.05,5600,32,5600,0,700
LUPIN27Feb20780CE.NFO,07/01/2020,11:51:22,29.65,24.05,5600,32,4200,0,700
LUPIN27Feb20780CE.NFO,07/01/2020,11:51:26,29.65,24.05,7000,32,5600,0,700
LUPIN27Feb20780CE.NFO,07/01/2020,11:51:32,29.65,24.05,5600,32,5600,0,700
LUPIN27Feb20780CE.NFO,07/01/2020,11:51:37,29.65,24.05,5600,32,4200,0,700
LUPIN27Feb20780CE.NFO,07/01/2020,11:51:41,29.65,24.05,5600,32,5600,0,700
LUPIN27Feb20780CE.NFO,07/01/2020,11:51:44,29.65,24.05,5600,32,4200,0,700
LUPIN27Feb20780CE.NFO,07/01/2020,11:51:55,29.65,24.05,5600,32,5600,0,700
LUPIN27Feb20780CE.NFO,07/01/2020,11:52:13,29.65,24.05,7000,32,5600,0,700
LUPIN27Feb20780CE.NFO,07/01/2020,11:52:15,29.65,24.05,5600,32,4200,0,700
LUPIN27Feb20780CE.NFO,07/01/2020,11:52:25,29.65,24.05,8400,32,4200,0,700
LUPIN27Feb20780CE.NFO,07/01/2020,11:52:28,29.65,24.05,5600,32,4200,0,700
LUPIN27Feb20780CE.NFO,07/01/2020,11:52:33,29.65,24.05,8400,32,4200,0,700
LUPIN27Feb20780CE.NFO,07/01/2020,11:52:56,29.65,24.05,8400,32,5600,0,700
LUPIN27Feb20780CE.NFO,07/01/2020,11:52:59,29.65,24.05,5600,32,4200,0,700
LUPIN27Feb20780CE.NFO,07/01/2020,11:53:14,29.65,24.05,8400,32,4200,0,700
LUPIN27Feb20780CE.NFO,07/01/2020,11:53:24,29.65,24.05,5600,32,5600,0,700
LUPIN27Feb20780CE.NFO,07/01/2020,11:53:40,29.65,24.05,5600,31.95,8400,0,700
LUPIN27Feb20780CE.NFO,07/01/2020,11:53:42,29.65,24.05,5600,31.95,9800,0,700
LUPIN27Feb20780CE.NFO,07/01/2020,11:54:59,29.65,24.05,5600,31.85,8400,0,700
LUPIN27Feb20780CE.NFO,07/01/2020,11:55:02,29.65,24.05,5600,31.85,9800,0,700
LUPIN27Feb20780CE.NFO,07/01/2020,11:55:07,29.65,24.05,5600,31.8,7000,0,700
LUPIN27Feb20780CE.NFO,07/01/2020,11:55:10,29.65,24.05,5600,31.8,8400,0,700
LUPIN27Feb20780CE.NFO,07/01/2020,11:55:38,29.65,22,1400,31.8,9800,0,700
LUPIN27Feb20780CE.NFO,07/01/2020,11:56:18,29.65,22,1400,31.8,8400,0,700
LUPIN27Feb20780CE.NFO,07/01/2020,11:56:26,29.65,22,1400,31.8,9800,0,700
LUPIN27Feb20780CE.NFO,07/01/2020,12:02:47,29.65,24,2800,31.8,9800,0,700
LUPIN27Feb20780CE.NFO,07/01/2020,12:02:52,29.65,24,1400,31.8,9800,0,700
LUPIN27Feb20780CE.NFO,07/01/2020,12:03:01,29.65,22,1400,31.8,9800,0,700
LUPIN27Feb20780CE.NFO,07/01/2020,12:03:19,29.65,24,2800,31.8,9800,0,700
LUPIN27Feb20780CE.NFO,07/01/2020,12:03:23,29.65,22,1400,31.8,9800,0,700
LUPIN27Feb20780CE.NFO,07/01/2020,12:05:27,29.65,22,2800,31.8,9800,0,700
LUPIN27Feb20780CE.NFO,07/01/2020,12:06:39,29.65,24,1400,31.8,11200,0,700
LUPIN27Feb20780CE.NFO,07/01/2020,12:07:50,29.65,24,2800,31.8,11200,0,700
LUPIN27Feb20780CE.NFO,07/01/2020,12:08:13,29.65,24,2800,31.8,9800,0,700
LUPIN27Feb20780CE.NFO,07/01/2020,12:08:18,29.65,24,4200,31.8,9800,0,700
LUPIN27Feb20780CE.NFO,07/01/2020,12:09:03,29.65,24,4200,31.75,9800,0,700
LUPIN27Feb20780CE.NFO,07/01/2020,12:09:09,29.65,24,4200,31.75,8400,0,700
LUPIN27Feb20780CE.NFO,07/01/2020,12:09:11,29.65,24,4200,31.75,9800,0,700
LUPIN27Feb20780CE.NFO,07/01/2020,12:09:16,29.65,24,4200,31.75,8400,0,700
LUPIN27Feb20780CE.NFO,07/01/2020,12:09:19,29.65,24,4200,31.75,9800,0,700
LUPIN27Feb20780CE.NFO,07/01/2020,12:10:31,29.65,24,4200,31.75,8400,0,700
LUPIN27Feb20780CE.NFO,07/01/2020,12:10:36,29.65,24,4200,31.75,9800,0,700
LUPIN27Feb20780CE.NFO,07/01/2020,12:11:12,29.65,24,4200,31.75,8400,0,700
LUPIN27Feb20780CE.NFO,07/01/2020,12:11:17,29.65,24,4200,31.75,7000,0,700
LUPIN27Feb20780CE.NFO,07/01/2020,12:11:28,29.65,24,5600,31.75,7000,0,700
LUPIN27Feb20780CE.NFO,07/01/2020,12:11:31,29.65,24,4200,31.75,7000,0,700
LUPIN27Feb20780CE.NFO,07/01/2020,12:11:43,29.65,24,4200,31.75,8400,0,700
LUPIN27Feb20780CE.NFO,07/01/2020,12:11:44,29.65,24,5600,31.75,8400,0,700
LUPIN27Feb20780CE.NFO,07/01/2020,12:11:46,29.65,24,4200,31.75,7000,0,700
LUPIN27Feb20780CE.NFO,07/01/2020,12:12:10,29.65,24,7000,31.75,7000,0,700
LUPIN27Feb20780CE.NFO,07/01/2020,12:12:26,29.65,24,4200,31.75,7000,0,700
LUPIN27Feb20780CE.NFO,07/01/2020,12:12:31,29.65,24,5600,31.75,7000,0,700
LUPIN27Feb20780CE.NFO,07/01/2020,12:12:32,29.65,24,4200,31.75,7000,0,700
LUPIN27Feb20780CE.NFO,07/01/2020,12:12:36,29.65,24,5600,31.75,7000,0,700
LUPIN27Feb20780CE.NFO,07/01/2020,12:12:37,29.65,24,4200,31.75,7000,0,700
LUPIN27Feb20780CE.NFO,07/01/2020,12:12:39,29.65,24,5600,31.75,7000,0,700
LUPIN27Feb20780CE.NFO,07/01/2020,12:12:42,29.65,24,4200,31.75,7000,0,700
LUPIN27Feb20780CE.NFO,07/01/2020,12:12:56,29.65,24,5600,31.75,7000,0,700
LUPIN27Feb20780CE.NFO,07/01/2020,12:12:59,29.65,24,7000,31.75,7000,0,700
LUPIN27Feb20780CE.NFO,07/01/2020,12:13:02,29.65,24,4200,31.75,7000,0,700
LUPIN27Feb20780CE.NFO,07/01/2020,12:13:54,29.65,24,7000,31.75,7000,0,700
LUPIN27Feb20780CE.NFO,07/01/2020,12:13:58,29.65,24,4200,31.75,7000,0,700
LUPIN27Feb20780CE.NFO,07/01/2020,12:14:09,29.65,24,4200,31.75,8400,0,700
LUPIN27Feb20780CE.NFO,07/01/2020,12:14:14,29.65,24,4200,31.75,7000,0,700
LUPIN27Feb20780CE.NFO,07/01/2020,12:14:22,29.65,24,4200,31.75,8400,0,700
LUPIN27Feb20780CE.NFO,07/01/2020,12:14:25,29.65,24,4200,31.75,7000,0,700
LUPIN27Feb20780CE.NFO,07/01/2020,12:14:43,29.65,24,4200,31.75,8400,0,700
LUPIN27Feb20780CE.NFO,07/01/2020,12:14:49,29.65,24,4200,31.75,7000,0,700
LUPIN27Feb20780CE.NFO,07/01/2020,12:14:54,29.65,24,4200,31.75,8400,0,700
LUPIN27Feb20780CE.NFO,07/01/2020,12:14:57,29.65,24,4200,31.75,7000,0,700
LUPIN27Feb20780CE.NFO,07/01/2020,12:15:00,29.65,24,4200,31.75,8400,0,700
LUPIN27Feb20780CE.NFO,07/01/2020,12:15:21,29.65,24,4200,31.75,7000,0,700
LUPIN27Feb20780CE.NFO,07/01/2020,12:16:04,29.65,24,7000,31.75,7000,0,700
LUPIN27Feb20780CE.NFO,07/01/2020,12:16:08,29.65,24,8400,31.75,4200,0,700
LUPIN27Feb20780CE.NFO,07/01/2020,12:16:12,29.65,24,7000,31.75,4200,0,700
LUPIN27Feb20780CE.NFO,07/01/2020,12:16:15,29.65,24,9800,31.75,4200,0,700
LUPIN27Feb20780CE.NFO,07/01/2020,12:16:22,29.65,24,8400,31.75,4200,0,700
LUPIN27Feb20780CE.NFO,07/01/2020,12:16:27,29.65,24,9800,31.75,4200,0,700
LUPIN27Feb20780CE.NFO,07/01/2020,12:16:30,29.65,24,8400,31.75,4200,0,700
LUPIN27Feb20780CE.NFO,07/01/2020,12:16:33,29.65,24,9800,31.75,4200,0,700
LUPIN27Feb20780CE.NFO,07/01/2020,12:16:45,29.65,24,7000,31.75,4200,0,700
LUPIN27Feb20780CE.NFO,07/01/2020,12:16:47,29.65,24,8400,31.75,4200,0,700
LUPIN27Feb20780CE.NFO,07/01/2020,12:16:52,29.65,24,9800,31.75,4200,0,700
LUPIN27Feb20780CE.NFO,07/01/2020,12:16:55,29.65,24,9800,31.75,5600,0,700
LUPIN27Feb20780CE.NFO,07/01/2020,12:16:59,29.65,24,8400,31.75,4200,0,700
LUPIN27Feb20780CE.NFO,07/01/2020,12:17:04,29.65,24,9800,31.75,5600,0,700
LUPIN27Feb20780CE.NFO,07/01/2020,12:17:07,29.65,24,8400,31.75,5600,0,700
LUPIN27Feb20780CE.NFO,07/01/2020,12:17:13,29.65,24,8400,31.75,4200,0,700
LUPIN27Feb20780CE.NFO,07/01/2020,12:17:16,29.65,24,9800,31.75,4200,0,700
LUPIN27Feb20780CE.NFO,07/01/2020,12:17:18,29.65,24,9800,31.75,5600,0,700
LUPIN27Feb20780CE.NFO,07/01/2020,12:17:21,29.65,24,9800,31.75,4200,0,700
LUPIN27Feb20780CE.NFO,07/01/2020,12:17:26,29.65,24,9800,31.75,5600,0,700
LUPIN27Feb20780CE.NFO,07/01/2020,12:17:29,29.65,24,9800,31.75,4200,0,700
LUPIN27Feb20780CE.NFO,07/01/2020,12:17:32,29.65,24,8400,31.75,7000,0,700
LUPIN27Feb20780CE.NFO,07/01/2020,12:17:34,29.65,24,8400,31.75,4200,0,700
LUPIN27Feb20780CE.NFO,07/01/2020,12:17:36,29.65,24,7000,31.75,7000,0,700
LUPIN27Feb20780CE.NFO,07/01/2020,12:17:44,29.65,24,8400,31.75,7000,0,700
LUPIN27Feb20780CE.NFO,07/01/2020,12:17:47,29.65,24,7000,31.75,7000,0,700
LUPIN27Feb20780CE.NFO,07/01/2020,12:17:50,29.65,24,8400,31.75,7000,0,700
LUPIN27Feb20780CE.NFO,07/01/2020,12:17:53,29.65,24,7000,31.75,7000,0,700
LUPIN27Feb20780CE.NFO,07/01/2020,12:18:03,29.65,24,8400,31.75,7000,0,700
LUPIN27Feb20780CE.NFO,07/01/2020,12:18:07,29.65,24,7000,31.75,7000,0,700
LUPIN27Feb20780CE.NFO,07/01/2020,12:18:29,29.65,24,8400,31.75,7000,0,700
LUPIN27Feb20780CE.NFO,07/01/2020,12:18:32,29.65,24,7000,31.75,7000,0,700
LUPIN27Feb20780CE.NFO,07/01/2020,12:18:47,29.65,24,8400,31.75,7000,0,700
LUPIN27Feb20780CE.NFO,07/01/2020,12:18:53,29.65,24,7000,31.75,7000,0,700
LUPIN27Feb20780CE.NFO,07/01/2020,12:18:55,29.65,24,8400,31.75,7000,0,700
LUPIN27Feb20780CE.NFO,07/01/2020,12:19:02,29.65,24,9800,31.75,7000,0,700
LUPIN27Feb20780CE.NFO,07/01/2020,12:19:07,29.65,24,7000,31.75,7000,0,700
LUPIN27Feb20780CE.NFO,07/01/2020,12:19:17,29.65,24,9800,31.75,5600,0,700
LUPIN27Feb20780CE.NFO,07/01/2020,12:19:29,29.65,24,9800,31.75,7000,0,700
LUPIN27Feb20780CE.NFO,07/01/2020,12:19:39,29.65,24,9800,31.75,5600,0,700
LUPIN27Feb20780CE.NFO,07/01/2020,12:19:51,29.65,24,9800,31.75,7000,0,700
LUPIN27Feb20780CE.NFO,07/01/2020,12:19:54,29.65,24,8400,31.75,7000,0,700
LUPIN27Feb20780CE.NFO,07/01/2020,12:20:04,29.65,24,9800,31.75,7000,0,700
LUPIN27Feb20780CE.NFO,07/01/2020,12:20:11,29.65,24,9800,31.75,5600,0,700
LUPIN27Feb20780CE.NFO,07/01/2020,12:20:15,29.65,24,9800,31.75,7000,0,700
LUPIN27Feb20780CE.NFO,07/01/2020,12:20:19,29.65,24,8400,31.75,7000,0,700
LUPIN27Feb20780CE.NFO,07/01/2020,12:20:28,29.65,24,9800,31.75,4200,0,700
LUPIN27Feb20780CE.NFO,07/01/2020,12:20:33,29.65,24,11200,31.75,4200,0,700
LUPIN27Feb20780CE.NFO,07/01/2020,12:20:36,29.65,24,9800,31.75,4200,0,700
LUPIN27Feb20780CE.NFO,07/01/2020,12:20:45,29.65,24,11200,31.75,4200,0,700
LUPIN27Feb20780CE.NFO,07/01/2020,12:20:56,29.65,24,9800,31.75,4200,0,700
LUPIN27Feb20780CE.NFO,07/01/2020,12:21:08,29.65,24,11200,31.75,4200,0,700
LUPIN27Feb20780CE.NFO,07/01/2020,12:21:14,29.65,24,9800,31.75,4200,0,700
LUPIN27Feb20780CE.NFO,07/01/2020,12:21:21,29.65,24,8400,31.75,4200,0,700
LUPIN27Feb20780CE.NFO,07/01/2020,12:21:25,29.65,24,8400,31.75,5600,0,700
LUPIN27Feb20780CE.NFO,07/01/2020,12:21:33,29.65,24,8400,31.75,4200,0,700
LUPIN27Feb20780CE.NFO,07/01/2020,12:21:48,29.65,24,8400,31.75,5600,0,700
LUPIN27Feb20780CE.NFO,07/01/2020,12:21:51,29.65,24,8400,31.75,4200,0,700
LUPIN27Feb20780CE.NFO,07/01/2020,12:22:04,29.65,24,8400,31.75,5600,0,700
LUPIN27Feb20780CE.NFO,07/01/2020,12:22:08,29.65,24,8400,31.75,4200,0,700
LUPIN27Feb20780CE.NFO,07/01/2020,12:22:12,29.65,24,8400,31.75,7000,0,700
LUPIN27Feb20780CE.NFO,07/01/2020,12:22:15,29.65,24,8400,31.75,4200,0,700
LUPIN27Feb20780CE.NFO,07/01/2020,12:22:35,29.65,24,11200,31.75,4200,0,700
LUPIN27Feb20780CE.NFO,07/01/2020,12:22:43,29.65,24,9800,31.75,4200,0,700
LUPIN27Feb20780CE.NFO,07/01/2020,12:22:50,29.65,24,11200,31.75,4200,0,700
LUPIN27Feb20780CE.NFO,07/01/2020,12:22:55,29.65,24,11200,31.75,2800,0,700
LUPIN27Feb20780CE.NFO,07/01/2020,12:22:59,29.65,24,11200,31.75,4200,0,700
LUPIN27Feb20780CE.NFO,07/01/2020,12:23:03,29.65,24,9800,31.75,4200,0,700
LUPIN27Feb20780CE.NFO,07/01/2020,12:23:07,29.65,24,9800,31.75,2800,0,700
LUPIN27Feb20780CE.NFO,07/01/2020,12:23:13,29.65,24,9800,31.75,4200,0,700
LUPIN27Feb20780CE.NFO,07/01/2020,12:23:16,29.65,24,11200,31.75,4200,0,700
LUPIN27Feb20780CE.NFO,07/01/2020,12:23:21,29.65,24,11200,31.75,1400,0,700
LUPIN27Feb20780CE.NFO,07/01/2020,12:23:32,29.65,24,9800,31.75,1400,0,700
LUPIN27Feb20780CE.NFO,07/01/2020,12:23:36,29.65,24,11200,31.75,1400,0,700
LUPIN27Feb20780CE.NFO,07/01/2020,12:23:44,29.65,24,9800,31.75,1400,0,700
LUPIN27Feb20780CE.NFO,07/01/2020,12:23:47,29.65,24,11200,31.75,1400,0,700
LUPIN27Feb20780CE.NFO,07/01/2020,12:23:49,29.65,24,9800,31.75,1400,0,700
LUPIN27Feb20780CE.NFO,07/01/2020,12:23:51,29.65,24,11200,31.75,1400,0,700
LUPIN27Feb20780CE.NFO,07/01/2020,12:23:57,29.65,24,11200,31.75,2800,0,700
LUPIN27Feb20780CE.NFO,07/01/2020,12:23:59,29.65,24,11200,31.75,1400,0,700
LUPIN27Feb20780CE.NFO,07/01/2020,12:24:37,29.65,24,11200,31.75,2800,0,700
LUPIN27Feb20780CE.NFO,07/01/2020,12:24:40,29.65,24,11200,31.75,1400,0,700
LUPIN27Feb20780CE.NFO,07/01/2020,12:24:54,29.65,24,11200,31.75,2800,0,700
LUPIN27Feb20780CE.NFO,07/01/2020,12:24:57,29.65,24,11200,31.75,1400,0,700
LUPIN27Feb20780CE.NFO,07/01/2020,12:26:53,29.65,24,11200,33.15,8400,0,700
LUPIN27Feb20780CE.NFO,07/01/2020,12:26:57,29.65,24,11200,33.15,9800,0,700
LUPIN27Feb20780CE.NFO,07/01/2020,12:27:36,29.65,24,11200,33.05,8400,0,700
LUPIN27Feb20780CE.NFO,07/01/2020,12:28:06,29.65,24,11200,33,9800,0,700
LUPIN27Feb20780CE.NFO,07/01/2020,12:28:09,29.65,24,11200,33,8400,0,700
LUPIN27Feb20780CE.NFO,07/01/2020,12:28:45,29.65,24,11200,33,9800,0,700
LUPIN27Feb20780CE.NFO,07/01/2020,12:28:48,29.65,24,11200,33,8400,0,700
LUPIN27Feb20780CE.NFO,07/01/2020,12:28:55,29.65,24,11200,33,9800,0,700
LUPIN27Feb20780CE.NFO,07/01/2020,12:29:07,29.65,24,11200,33,8400,0,700
LUPIN27Feb20780CE.NFO,07/01/2020,12:29:12,29.65,24,11200,33,9800,0,700
LUPIN27Feb20780CE.NFO,07/01/2020,12:29:31,29.65,24,11200,33,8400,0,700
LUPIN27Feb20780CE.NFO,07/01/2020,12:29:35,29.65,24,11200,33,9800,0,700
LUPIN27Feb20780CE.NFO,07/01/2020,12:29:45,29.65,24,11200,33,8400,0,700
LUPIN27Feb20780CE.NFO,07/01/2020,12:29:49,29.65,24,11200,33,9800,0,700
LUPIN27Feb20780CE.NFO,07/01/2020,12:29:54,29.65,24,11200,33,8400,0,700
LUPIN27Feb20780CE.NFO,07/01/2020,12:29:58,29.65,24,11200,33,9800,0,700
LUPIN27Feb20780CE.NFO,07/01/2020,12:30:08,29.65,24,11200,32.95,9800,0,700
LUPIN27Feb20780CE.NFO,07/01/2020,12:30:14,29.65,24,11200,32.95,7000,0,700
LUPIN27Feb20780CE.NFO,07/01/2020,12:32:37,29.65,24,11200,32.95,8400,0,700
LUPIN27Feb20780CE.NFO,07/01/2020,12:32:43,29.65,24,11200,32.95,9800,0,700
LUPIN27Feb20780CE.NFO,07/01/2020,12:32:47,29.65,24,11200,32.95,8400,0,700
LUPIN27Feb20780CE.NFO,07/01/2020,12:33:12,29.65,24,11200,32.95,9800,0,700
LUPIN27Feb20780CE.NFO,07/01/2020,12:33:26,29.65,24,11200,32.95,8400,0,700
LUPIN27Feb20780CE.NFO,07/01/2020,12:33:30,29.65,24,11200,32.95,9800,0,700
LUPIN27Feb20780CE.NFO,07/01/2020,12:33:43,29.65,24,11200,32.95,7000,0,700
LUPIN27Feb20780CE.NFO,07/01/2020,12:33:47,29.65,24,11200,32.95,9800,0,700
LUPIN27Feb20780CE.NFO,07/01/2020,12:34:04,29.65,24,11200,32.95,8400,0,700
LUPIN27Feb20780CE.NFO,07/01/2020,12:34:08,29.65,24,11200,32.95,9800,0,700
LUPIN27Feb20780CE.NFO,07/01/2020,12:34:14,29.65,24,11200,32.95,8400,0,700
LUPIN27Feb20780CE.NFO,07/01/2020,12:34:21,29.65,24,11200,32.95,9800,0,700
LUPIN27Feb20780CE.NFO,07/01/2020,12:34:33,29.65,24,11200,32.95,8400,0,700
LUPIN27Feb20780CE.NFO,07/01/2020,12:34:45,29.65,24,11200,32.95,9800,0,700
LUPIN27Feb20780CE.NFO,07/01/2020,12:34:49,29.65,24,11200,32.95,8400,0,700
LUPIN27Feb20780CE.NFO,07/01/2020,12:34:56,29.65,24,11200,32.95,9800,0,700
LUPIN27Feb20780CE.NFO,07/01/2020,12:35:02,29.65,24,11200,32.95,8400,0,700
LUPIN27Feb20780CE.NFO,07/01/2020,12:35:28,29.65,24,11200,32.95,9800,0,700
LUPIN27Feb20780CE.NFO,07/01/2020,12:35:37,29.65,24,11200,32.95,8400,0,700
LUPIN27Feb20780CE.NFO,07/01/2020,12:35:40,29.65,24,11200,32.95,9800,0,700
LUPIN27Feb20780CE.NFO,07/01/2020,12:35:43,29.65,24,11200,32.95,8400,0,700
LUPIN27Feb20780CE.NFO,07/01/2020,12:35:51,29.65,24,11200,32.95,9800,0,700
LUPIN27Feb20780CE.NFO,07/01/2020,12:36:14,29.65,24,9800,32.95,9800,0,700
LUPIN27Feb20780CE.NFO,07/01/2020,12:36:16,29.65,24,9800,32.95,11200,0,700
LUPIN27Feb20780CE.NFO,07/01/2020,12:36:26,29.65,24,9800,32.95,9800,0,700
LUPIN27Feb20780CE.NFO,07/01/2020,12:36:28,29.65,24,9800,32.95,11200,0,700
LUPIN27Feb20780CE.NFO,07/01/2020,12:37:10,29.65,24,9800,32.95,9800,0,700
LUPIN27Feb20780CE.NFO,07/01/2020,12:37:14,29.65,24,11200,32.95,11200,0,700
LUPIN27Feb20780CE.NFO,07/01/2020,12:37:17,29.65,24,9800,32.95,9800,0,700
LUPIN27Feb20780CE.NFO,07/01/2020,12:37:22,29.65,24,11200,32.95,9800,0,700
LUPIN27Feb20780CE.NFO,07/01/2020,12:37:25,29.65,24,9800,32.95,9800,0,700
LUPIN27Feb20780CE.NFO,07/01/2020,12:37:28,29.65,24,11200,32.95,11200,0,700
LUPIN27Feb20780CE.NFO,07/01/2020,12:37:33,29.65,24,9800,32.95,11200,0,700
LUPIN27Feb20780CE.NFO,07/01/2020,12:37:36,29.65,24,11200,32.95,11200,0,700
LUPIN27Feb20780CE.NFO,07/01/2020,12:37:41,29.65,24,9800,32.95,9800,0,700
LUPIN27Feb20780CE.NFO,07/01/2020,12:37:47,29.65,24,11200,32.95,11200,0,700
LUPIN27Feb20780CE.NFO,07/01/2020,12:37:58,29.65,24,11200,32.95,9800,0,700
LUPIN27Feb20780CE.NFO,07/01/2020,12:38:04,29.65,24,9800,32.95,9800,0,700
LUPIN27Feb20780CE.NFO,07/01/2020,12:38:08,29.65,24,11200,32.95,9800,0,700
LUPIN27Feb20780CE.NFO,07/01/2020,12:38:43,29.65,24,9800,32.95,9800,0,700
LUPIN27Feb20780CE.NFO,07/01/2020,12:38:46,29.65,24,11200,32.95,11200,0,700
LUPIN27Feb20780CE.NFO,07/01/2020,12:38:51,29.65,24,9800,32.95,9800,0,700
LUPIN27Feb20780CE.NFO,07/01/2020,12:38:56,29.65,24,9800,32.95,11200,0,700
LUPIN27Feb20780CE.NFO,07/01/2020,12:39:00,29.65,24,11200,32.95,11200,0,700
LUPIN27Feb20780CE.NFO,07/01/2020,12:39:08,29.65,24,11200,32.95,9800,0,700
LUPIN27Feb20780CE.NFO,07/01/2020,12:39:23,29.65,24,11200,32.95,11200,0,700
LUPIN27Feb20780CE.NFO,07/01/2020,12:39:26,29.65,24,11200,32.95,9800,0,700
LUPIN27Feb20780CE.NFO,07/01/2020,12:39:36,29.65,24,11200,32.95,11200,0,700
LUPIN27Feb20780CE.NFO,07/01/2020,12:40:14,29.65,24,9800,32.95,11200,0,700
LUPIN27Feb20780CE.NFO,07/01/2020,12:40:33,29.65,24,11200,32.95,11200,0,700
LUPIN27Feb20780CE.NFO,07/01/2020,12:40:36,29.65,24,11200,32.95,9800,0,700
LUPIN27Feb20780CE.NFO,07/01/2020,12:40:40,29.65,24,9800,32.95,9800,0,700
LUPIN27Feb20780CE.NFO,07/01/2020,12:40:54,29.65,24,11200,32.95,9800,0,700
LUPIN27Feb20780CE.NFO,07/01/2020,12:41:22,29.65,24,11200,32.95,11200,0,700
LUPIN27Feb20780CE.NFO,07/01/2020,12:41:35,29.65,24,11200,32.95,9800,0,700
LUPIN27Feb20780CE.NFO,07/01/2020,12:41:39,29.65,24,11200,32.95,11200,0,700
LUPIN27Feb20780CE.NFO,07/01/2020,12:41:50,29.65,24,11200,32.95,9800,0,700
LUPIN27Feb20780CE.NFO,07/01/2020,12:42:21,29.65,24,9800,32.95,9800,0,700
LUPIN27Feb20780CE.NFO,07/01/2020,12:42:28,29.65,24,11200,32.95,9800,0,700
LUPIN27Feb20780CE.NFO,07/01/2020,12:42:35,29.65,24,11200,32.95,11200,0,700
LUPIN27Feb20780CE.NFO,07/01/2020,12:42:39,29.65,24,11200,32.95,9800,0,700
LUPIN27Feb20780CE.NFO,07/01/2020,12:42:56,29.65,24,9800,32.95,9800,0,700
LUPIN27Feb20780CE.NFO,07/01/2020,12:43:05,29.65,24,11200,32.95,9800,0,700
LUPIN27Feb20780CE.NFO,07/01/2020,12:43:09,29.65,24,9800,32.95,9800,0,700
LUPIN27Feb20780CE.NFO,07/01/2020,12:44:03,29.65,24,11200,32.95,9800,0,700
LUPIN27Feb20780CE.NFO,07/01/2020,12:44:05,29.65,24,9800,32.95,9800,0,700
LUPIN27Feb20780CE.NFO,07/01/2020,12:44:16,29.65,24,11200,32.95,9800,0,700
LUPIN27Feb20780CE.NFO,07/01/2020,12:44:20,29.65,24,11200,32.95,8400,0,700
LUPIN27Feb20780CE.NFO,07/01/2020,12:44:28,29.65,24,11200,32.9,9800,0,700
LUPIN27Feb20780CE.NFO,07/01/2020,12:44:32,29.65,24,11200,32.9,8400,0,700
LUPIN27Feb20780CE.NFO,07/01/2020,12:44:48,29.65,24,9800,32.9,8400,0,700
LUPIN27Feb20780CE.NFO,07/01/2020,12:45:08,29.65,24,9800,32.9,7000,0,700
LUPIN27Feb20780CE.NFO,07/01/2020,12:45:11,29.65,24,9800,32.85,7000,0,700
LUPIN27Feb20780CE.NFO,07/01/2020,12:45:13,29.65,24,9800,32.85,8400,0,700
LUPIN27Feb20780CE.NFO,07/01/2020,12:46:33,29.65,24,9800,32.85,7000,0,700
LUPIN27Feb20780CE.NFO,07/01/2020,12:46:36,29.65,24,9800,32.85,8400,0,700
LUPIN27Feb20780CE.NFO,07/01/2020,12:47:30,29.65,24,9800,32.85,7000,0,700
LUPIN27Feb20780CE.NFO,07/01/2020,12:47:33,29.65,24,9800,32.85,8400,0,700
LUPIN27Feb20780CE.NFO,07/01/2020,12:48:20,29.65,24,9800,32.85,7000,0,700
LUPIN27Feb20780CE.NFO,07/01/2020,12:48:31,29.65,24,9800,32.85,8400,0,700
LUPIN27Feb20780CE.NFO,07/01/2020,12:48:58,29.65,24,11200,32.85,8400,0,700
LUPIN27Feb20780CE.NFO,07/01/2020,12:50:25,29.65,24,11200,32.85,9800,0,700
LUPIN27Feb20780CE.NFO,07/01/2020,12:50:29,29.65,24,11200,32.85,8400,0,700
LUPIN27Feb20780CE.NFO,07/01/2020,12:51:28,29.65,24,11200,32.85,7000,0,700
LUPIN27Feb20780CE.NFO,07/01/2020,12:51:31,29.65,24,11200,32.85,8400,0,700
LUPIN27Feb20780CE.NFO,07/01/2020,12:52:46,29.65,24,11200,32.85,9800,0,700
LUPIN27Feb20780CE.NFO,07/01/2020,12:52:50,29.65,24,11200,32.85,8400,0,700
LUPIN27Feb20780CE.NFO,07/01/2020,12:52:53,29.65,24,11200,32.85,9800,0,700
LUPIN27Feb20780CE.NFO,07/01/2020,12:54:17,29.65,24,11200,32.85,7000,0,700
LUPIN27Feb20780CE.NFO,07/01/2020,12:54:21,29.65,24,11200,32.85,8400,0,700
LUPIN27Feb20780CE.NFO,07/01/2020,12:54:25,29.65,24,11200,32.85,7000,0,700
LUPIN27Feb20780CE.NFO,07/01/2020,12:55:15,29.65,24,11200,32.85,5600,0,700
LUPIN27Feb20780CE.NFO,07/01/2020,12:55:18,29.65,24,11200,32.85,4200,0,700
LUPIN27Feb20780CE.NFO,07/01/2020,12:55:22,29.65,24,11200,32.85,5600,0,700
LUPIN27Feb20780CE.NFO,07/01/2020,12:55:38,29.65,24,11200,32.85,4200,0,700
LUPIN27Feb20780CE.NFO,07/01/2020,12:55:41,29.65,24,11200,32.85,5600,0,700
LUPIN27Feb20780CE.NFO,07/01/2020,12:56:04,29.65,24,11200,32.85,4200,0,700
LUPIN27Feb20780CE.NFO,07/01/2020,12:56:15,29.65,24,11200,32.85,5600,0,700
LUPIN27Feb20780CE.NFO,07/01/2020,12:56:37,29.65,24,11200,32.85,7000,0,700
LUPIN27Feb20780CE.NFO,07/01/2020,12:56:40,29.65,24,11200,32.85,5600,0,700
LUPIN27Feb20780CE.NFO,07/01/2020,12:56:43,29.65,24,11200,32.85,7000,0,700
LUPIN27Feb20780CE.NFO,07/01/2020,12:56:49,29.65,24,11200,32.85,5600,0,700
LUPIN27Feb20780CE.NFO,07/01/2020,12:56:52,29.65,24,11200,32.85,7000,0,700
LUPIN27Feb20780CE.NFO,07/01/2020,12:57:11,29.65,24,11200,32.85,5600,0,700
LUPIN27Feb20780CE.NFO,07/01/2020,12:57:29,29.65,24,11200,32.85,7000,0,700
LUPIN27Feb20780CE.NFO,07/01/2020,12:57:33,29.65,24,11200,32.85,5600,0,700
LUPIN27Feb20780CE.NFO,07/01/2020,12:57:49,29.65,24,11200,32.85,7000,0,700
LUPIN27Feb20780CE.NFO,07/01/2020,12:58:06,29.65,24,11200,32.85,5600,0,700
LUPIN27Feb20780CE.NFO,07/01/2020,12:58:12,29.65,24,11200,32.85,7000,0,700
LUPIN27Feb20780CE.NFO,07/01/2020,12:58:18,29.65,24,11200,32.85,5600,0,700
LUPIN27Feb20780CE.NFO,07/01/2020,12:58:22,29.65,24,11200,32.85,7000,0,700
LUPIN27Feb20780CE.NFO,07/01/2020,13:00:42,29.65,24,11200,32.85,8400,0,700
LUPIN27Feb20780CE.NFO,07/01/2020,13:00:48,29.65,24,11200,32.85,7000,0,700
LUPIN27Feb20780CE.NFO,07/01/2020,13:01:04,29.65,24,11200,32.85,8400,0,700
LUPIN27Feb20780CE.NFO,07/01/2020,13:01:32,29.65,24,9800,32.85,8400,0,700
LUPIN27Feb20780CE.NFO,07/01/2020,13:01:39,29.65,24,9800,32.85,9800,0,700
LUPIN27Feb20780CE.NFO,07/01/2020,13:02:30,29.65,24,7000,32.85,9800,0,700
LUPIN27Feb20780CE.NFO,07/01/2020,13:02:36,29.65,24,8400,32.85,11200,0,700
LUPIN27Feb20780CE.NFO,07/01/2020,13:02:40,29.65,24,7000,32.85,11200,0,700
LUPIN27Feb20780CE.NFO,07/01/2020,13:02:58,29.65,24,8400,32.85,11200,0,700
LUPIN27Feb20780CE.NFO,07/01/2020,13:03:03,29.65,24,7000,32.85,9800,0,700
LUPIN27Feb20780CE.NFO,07/01/2020,13:03:20,29.65,24,9800,32.85,9800,0,700
LUPIN27Feb20780CE.NFO,07/01/2020,13:03:30,29.65,24,7000,32.85,9800,0,700
LUPIN27Feb20780CE.NFO,07/01/2020,13:03:34,29.65,24,8400,32.85,9800,0,700
LUPIN27Feb20780CE.NFO,07/01/2020,13:03:38,29.65,24,7000,32.85,9800,0,700
LUPIN27Feb20780CE.NFO,07/01/2020,13:03:46,29.65,24,8400,32.85,9800,0,700
LUPIN27Feb20780CE.NFO,07/01/2020,13:04:01,29.65,24,7000,32.85,9800,0,700
LUPIN27Feb20780CE.NFO,07/01/2020,13:04:06,29.65,24,9800,32.85,11200,0,700
LUPIN27Feb20780CE.NFO,07/01/2020,13:04:10,29.65,24,7000,32.85,11200,0,700
LUPIN27Feb20780CE.NFO,07/01/2020,13:04:19,29.65,24,8400,32.85,11200,0,700
LUPIN27Feb20780CE.NFO,07/01/2020,13:04:31,29.65,24,9800,32.85,11200,0,700
LUPIN27Feb20780CE.NFO,07/01/2020,13:04:43,29.65,24,7000,32.85,11200,0,700
LUPIN27Feb20780CE.NFO,07/01/2020,13:05:30,29.65,24,5600,32.85,11200,0,700
LUPIN27Feb20780CE.NFO,07/01/2020,13:05:41,29.65,24,7000,32.85,11200,0,700
LUPIN27Feb20780CE.NFO,07/01/2020,13:06:05,29.65,24,5600,32.85,11200,0,700
LUPIN27Feb20780CE.NFO,07/01/2020,13:06:10,29.65,24,7000,32.85,11200,0,700
LUPIN27Feb20780CE.NFO,07/01/2020,13:06:41,29.65,24,5600,32.85,11200,0,700
LUPIN27Feb20780CE.NFO,07/01/2020,13:06:46,29.65,24,7000,32.85,11200,0,700
LUPIN27Feb20780CE.NFO,07/01/2020,13:08:05,29.65,24,5600,32.85,11200,0,700
LUPIN27Feb20780CE.NFO,07/01/2020,13:08:32,29.65,24,4200,32.85,9800,0,700
LUPIN27Feb20780CE.NFO,07/01/2020,13:08:41,29.65,24.05,5600,32.8,9800,0,700
LUPIN27Feb20780CE.NFO,07/01/2020,13:08:49,29.65,24.05,5600,32.8,11200,0,700
LUPIN27Feb20780CE.NFO,07/01/2020,13:08:56,29.65,24.05,4200,32.8,11200,0,700
LUPIN27Feb20780CE.NFO,07/01/2020,13:09:10,29.65,24.05,5600,32.8,11200,0,700
LUPIN27Feb20780CE.NFO,07/01/2020,13:10:20,29.65,24.05,4200,32.8,11200,0,700
LUPIN27Feb20780CE.NFO,07/01/2020,13:10:24,29.65,24.05,5600,32.8,11200,0,700
LUPIN27Feb20780CE.NFO,07/01/2020,13:11:45,29.65,24.05,4200,32.8,11200,0,700
LUPIN27Feb20780CE.NFO,07/01/2020,13:12:00,29.65,24.05,5600,32.8,11200,0,700
LUPIN27Feb20780CE.NFO,07/01/2020,13:12:27,29.65,24.05,4200,32.8,11200,0,700
LUPIN27Feb20780CE.NFO,07/01/2020,13:12:33,29.65,24.05,5600,32.8,11200,0,700
LUPIN27Feb20780CE.NFO,07/01/2020,13:12:46,29.65,24.05,4200,32.8,11200,0,700
LUPIN27Feb20780CE.NFO,07/01/2020,13:13:01,29.65,24.05,5600,32.8,11200,0,700
LUPIN27Feb20780CE.NFO,07/01/2020,13:13:06,29.65,24.05,4200,32.8,11200,0,700
LUPIN27Feb20780CE.NFO,07/01/2020,13:13:53,29.65,24.05,5600,32.8,11200,0,700
LUPIN27Feb20780CE.NFO,07/01/2020,13:13:59,29.65,24.05,4200,32.8,11200,0,700
LUPIN27Feb20780CE.NFO,07/01/2020,13:14:27,29.65,24.05,5600,32.8,11200,0,700
LUPIN27Feb20780CE.NFO,07/01/2020,13:14:37,29.65,24.05,4200,32.8,11200,0,700
LUPIN27Feb20780CE.NFO,07/01/2020,13:15:23,29.65,24.05,5600,32.8,11200,0,700
LUPIN27Feb20780CE.NFO,07/01/2020,13:15:30,29.65,24.05,4200,32.8,11200,0,700
LUPIN27Feb20780CE.NFO,07/01/2020,13:15:43,29.65,24.05,7000,32.8,11200,0,700
LUPIN27Feb20780CE.NFO,07/01/2020,13:15:50,29.65,24.05,5600,32.8,11200,0,700
LUPIN27Feb20780CE.NFO,07/01/2020,13:16:02,29.65,24.05,7000,32.8,11200,0,700
LUPIN27Feb20780CE.NFO,07/01/2020,13:16:14,29.65,24.05,5600,32.8,11200,0,700
LUPIN27Feb20780CE.NFO,07/01/2020,13:16:27,29.65,24.05,7000,32.8,11200,0,700
LUPIN27Feb20780CE.NFO,07/01/2020,13:16:39,29.65,24.05,5600,32.8,11200,0,700
LUPIN27Feb20780CE.NFO,07/01/2020,13:16:57,29.65,24.05,7000,32.8,11200,0,700
LUPIN27Feb20780CE.NFO,07/01/2020,13:17:02,29.65,24.05,5600,32.8,11200,0,700
LUPIN27Feb20780CE.NFO,07/01/2020,13:17:11,29.65,24.05,7000,32.8,11200,0,700
LUPIN27Feb20780CE.NFO,07/01/2020,13:17:20,29.65,24.05,5600,32.8,11200,0,700
LUPIN27Feb20780CE.NFO,07/01/2020,13:17:27,29.65,24.05,4200,32.8,11200,0,700
LUPIN27Feb20780CE.NFO,07/01/2020,13:20:43,29.65,24.05,5600,32.8,11200,0,700
LUPIN27Feb20780CE.NFO,07/01/2020,13:22:51,29.65,24.05,4200,32.8,11200,0,700
LUPIN27Feb20780CE.NFO,07/01/2020,13:25:56,29.65,24.05,5600,32.8,11200,0,700
LUPIN27Feb20780CE.NFO,07/01/2020,13:26:09,29.65,24.05,4200,32.8,11200,0,700
LUPIN27Feb20780CE.NFO,07/01/2020,13:30:50,29.65,24.05,4200,32.8,11200,0,1400
LUPIN27Feb20780CE.NFO,07/01/2020,13:30:57,29.65,18.65,1400,32.8,11200,0,1400
LUPIN27Feb20780CE.NFO,07/01/2020,13:31:38,29.65,24,1400,32.8,11200,0,1400
LUPIN27Feb20780CE.NFO,07/01/2020,13:36:44,29.65,24,2800,32.8,11200,0,1400
LUPIN27Feb20780CE.NFO,07/01/2020,13:36:49,29.65,24,1400,32.8,11200,0,1400
LUPIN27Feb20780CE.NFO,07/01/2020,13:37:17,29.65,24,2800,32.8,11200,0,1400
LUPIN27Feb20780CE.NFO,07/01/2020,13:37:24,29.65,24,2800,32.45,11200,0,1400
LUPIN27Feb20780CE.NFO,07/01/2020,13:37:41,29.65,24,1400,32.45,11200,0,1400
LUPIN27Feb20780CE.NFO,07/01/2020,13:37:53,29.65,24,2800,32.45,11200,0,1400
LUPIN27Feb20780CE.NFO,07/01/2020,13:37:55,29.65,24,1400,32.45,11200,0,1400
LUPIN27Feb20780CE.NFO,07/01/2020,13:38:17,29.65,24.05,1400,32.45,11200,0,1400
LUPIN27Feb20780CE.NFO,07/01/2020,13:39:02,29.65,24.05,1400,32.45,11900,0,1400
LUPIN27Feb20780CE.NFO,07/01/2020,13:39:06,29.65,24.05,1400,32.35,11900,0,1400
LUPIN27Feb20780CE.NFO,07/01/2020,13:39:23,29.65,24.05,1400,32.2,11200,0,1400
LUPIN27Feb20780CE.NFO,07/01/2020,13:39:46,29.65,24.05,1400,32.2,11900,0,1400
LUPIN27Feb20780CE.NFO,07/01/2020,13:39:51,29.65,24.05,1400,32.1,11200,0,1400
LUPIN27Feb20780CE.NFO,07/01/2020,13:40:09,29.65,24.05,1400,32,11200,0,1400
LUPIN27Feb20780CE.NFO,07/01/2020,13:40:55,29.65,24.05,1400,32,11900,0,1400
LUPIN27Feb20780CE.NFO,07/01/2020,13:41:08,29.65,24.05,1400,31.9,11200,0,1400
LUPIN27Feb20780CE.NFO,07/01/2020,13:45:26,29.65,24.05,2800,31.9,11200,0,1400
LUPIN27Feb20780CE.NFO,07/01/2020,13:45:38,29.65,24.05,1400,31.9,11200,0,1400
LUPIN27Feb20780CE.NFO,07/01/2020,13:46:54,29.65,24.1,2800,31.9,9800,0,1400
LUPIN27Feb20780CE.NFO,07/01/2020,13:47:01,29.65,24.1,4200,31.9,9800,0,1400
LUPIN27Feb20780CE.NFO,07/01/2020,13:47:08,29.65,24.1,2800,31.9,9800,0,1400
LUPIN27Feb20780CE.NFO,07/01/2020,13:47:14,29.65,24.1,4200,31.9,9800,0,1400
LUPIN27Feb20780CE.NFO,07/01/2020,13:47:19,29.65,24.1,2800,31.9,9800,0,1400
LUPIN27Feb20780CE.NFO,07/01/2020,13:47:29,29.65,24.1,4200,31.9,9800,0,1400
LUPIN27Feb20780CE.NFO,07/01/2020,13:47:41,29.65,24.1,2800,31.9,9800,0,1400
LUPIN27Feb20780CE.NFO,07/01/2020,13:47:46,29.65,24.1,4200,31.9,9800,0,1400
LUPIN27Feb20780CE.NFO,07/01/2020,13:48:01,29.65,24.1,2800,31.9,9800,0,1400
LUPIN27Feb20780CE.NFO,07/01/2020,13:48:10,29.65,24.1,4200,31.9,9800,0,1400
LUPIN27Feb20780CE.NFO,07/01/2020,13:48:30,29.65,24.1,2800,31.9,9800,0,1400
LUPIN27Feb20780CE.NFO,07/01/2020,13:48:35,29.65,24.1,4200,31.9,9800,0,1400
LUPIN27Feb20780CE.NFO,07/01/2020,13:48:49,29.65,24.1,2800,31.9,9800,0,1400
LUPIN27Feb20780CE.NFO,07/01/2020,13:48:54,29.65,24.1,4200,31.9,9800,0,1400
LUPIN27Feb20780CE.NFO,07/01/2020,13:49:42,29.65,24.1,2800,31.9,9800,0,1400
LUPIN27Feb20780CE.NFO,07/01/2020,13:49:47,29.65,24.1,4200,31.9,9800,0,1400
LUPIN27Feb20780CE.NFO,07/01/2020,13:50:35,29.65,28,700,31.9,9800,0,1400
LUPIN27Feb20780CE.NFO,07/01/2020,13:53:47,29.65,24.1,5600,31.9,9800,0,1400
LUPIN27Feb20780CE.NFO,07/01/2020,13:53:55,29.65,24.1,2800,31.9,9800,0,1400
LUPIN27Feb20780CE.NFO,07/01/2020,13:54:01,29.65,24.1,4200,31.9,9800,0,1400
LUPIN27Feb20780CE.NFO,07/01/2020,13:54:07,29.65,24.1,2800,31.9,9800,0,1400
LUPIN27Feb20780CE.NFO,07/01/2020,13:54:16,29.65,24.1,5600,31.9,9800,0,1400
LUPIN27Feb20780CE.NFO,07/01/2020,13:54:20,29.65,24.1,2800,31.9,9800,0,1400
LUPIN27Feb20780CE.NFO,07/01/2020,13:54:25,29.65,24.1,5600,31.9,9800,0,1400
LUPIN27Feb20780CE.NFO,07/01/2020,13:54:35,29.65,24.1,5600,31.85,9800,0,1400
LUPIN27Feb20780CE.NFO,07/01/2020,13:54:39,29.65,24.1,4200,31.85,9800,0,1400
LUPIN27Feb20780CE.NFO,07/01/2020,13:54:48,29.65,24.1,5600,31.85,9800,0,1400
LUPIN27Feb20780CE.NFO,07/01/2020,13:54:52,29.65,24.1,4200,31.85,9800,0,1400
LUPIN27Feb20780CE.NFO,07/01/2020,13:54:56,29.65,24.1,5600,31.85,9800,0,1400
LUPIN27Feb20780CE.NFO,07/01/2020,13:55:00,29.65,24.1,2800,31.85,9800,0,1400
LUPIN27Feb20780CE.NFO,07/01/2020,13:55:05,29.65,24.1,5600,31.85,9800,0,1400
LUPIN27Feb20780CE.NFO,07/01/2020,13:55:12,29.65,24.1,4200,31.85,9800,0,1400
LUPIN27Feb20780CE.NFO,07/01/2020,13:55:18,29.65,24.1,5600,31.85,9800,0,1400
LUPIN27Feb20780CE.NFO,07/01/2020,13:55:28,29.65,24.1,5600,31.8,9800,0,1400
LUPIN27Feb20780CE.NFO,07/01/2020,13:55:38,29.65,24.1,5600,31.8,8400,0,1400
LUPIN27Feb20780CE.NFO,07/01/2020,13:55:42,29.65,24.1,5600,31.8,9800,0,1400
LUPIN27Feb20780CE.NFO,07/01/2020,13:55:59,29.65,24.1,4200,31.8,9800,0,1400
LUPIN27Feb20780CE.NFO,07/01/2020,13:56:06,29.65,24.1,5600,31.8,9800,0,1400
LUPIN27Feb20780CE.NFO,07/01/2020,13:57:12,29.65,24.1,5600,31.8,8400,0,1400
LUPIN27Feb20780CE.NFO,07/01/2020,13:57:16,29.65,24.1,5600,31.8,9800,0,1400
LUPIN27Feb20780CE.NFO,07/01/2020,13:57:38,29.65,24.1,2800,31.8,9800,0,1400
LUPIN27Feb20780CE.NFO,07/01/2020,13:57:42,29.65,24.1,5600,31.8,9800,0,1400
LUPIN27Feb20780CE.NFO,07/01/2020,13:58:34,29.65,24.1,2800,31.8,9800,0,1400
LUPIN27Feb20780CE.NFO,07/01/2020,13:58:40,29.65,24.1,4200,31.8,9800,0,1400
LUPIN27Feb20780CE.NFO,07/01/2020,13:58:46,29.65,24.1,2800,31.8,9800,0,1400
LUPIN27Feb20780CE.NFO,07/01/2020,13:58:51,29.65,24.1,4200,31.8,9800,0,1400
LUPIN27Feb20780CE.NFO,07/01/2020,13:58:56,29.65,24.1,5600,31.8,9800,0,1400
LUPIN27Feb20780CE.NFO,07/01/2020,13:59:04,29.65,24.1,7000,31.8,9800,0,1400
LUPIN27Feb20780CE.NFO,07/01/2020,13:59:09,29.65,24.1,7000,31,5600,0,1400
LUPIN27Feb20780CE.NFO,07/01/2020,14:02:33,29.65,24.1,5600,31,5600,0,1400
LUPIN27Feb20780CE.NFO,07/01/2020,14:02:38,29.65,24.1,5600,31,2800,0,1400
LUPIN27Feb20780CE.NFO,07/01/2020,14:03:42,29.65,24.1,7000,31,2800,0,1400
LUPIN27Feb20780CE.NFO,07/01/2020,14:03:48,29.65,24.1,7000,31.8,7000,0,1400
LUPIN27Feb20780CE.NFO,07/01/2020,14:03:53,29.65,24.1,7000,31.8,5600,0,1400
LUPIN27Feb20780CE.NFO,07/01/2020,14:04:03,29.65,24.1,7000,31.8,8400,0,1400
LUPIN27Feb20780CE.NFO,07/01/2020,14:04:11,29.65,24.1,7000,31.8,5600,0,1400
LUPIN27Feb20780CE.NFO,07/01/2020,14:04:24,29.65,24.1,7000,31.8,8400,0,1400
LUPIN27Feb20780CE.NFO,07/01/2020,14:05:49,29.65,24.1,7000,31.8,7000,0,1400
LUPIN27Feb20780CE.NFO,07/01/2020,14:06:02,29.65,24.1,7000,31.8,5600,0,1400
LUPIN27Feb20780CE.NFO,07/01/2020,14:06:05,29.65,24.1,7000,31.8,8400,0,1400
LUPIN27Feb20780CE.NFO,07/01/2020,14:06:09,29.65,24.1,7000,31.8,5600,0,1400
LUPIN27Feb20780CE.NFO,07/01/2020,14:06:13,29.65,24.1,7000,31.8,8400,0,1400
LUPIN27Feb20780CE.NFO,07/01/2020,14:06:17,29.65,24.1,7000,31.8,7000,0,1400
LUPIN27Feb20780CE.NFO,07/01/2020,14:06:21,29.65,24.1,7000,31.8,8400,0,1400
LUPIN27Feb20780CE.NFO,07/01/2020,14:06:45,29.65,24.1,5600,31.8,8400,0,1400
LUPIN27Feb20780CE.NFO,07/01/2020,14:06:49,29.65,24.1,5600,31.8,9800,0,1400
LUPIN27Feb20780CE.NFO,07/01/2020,14:06:56,29.65,24.1,5600,31.8,8400,0,1400
LUPIN27Feb20780CE.NFO,07/01/2020,14:07:08,29.65,24.1,5600,31.8,9800,0,1400
LUPIN27Feb20780CE.NFO,07/01/2020,14:08:18,29.65,24.1,7000,31.8,9800,0,1400
LUPIN27Feb20780CE.NFO,07/01/2020,14:08:22,29.65,24.1,7000,31.8,8400,0,1400
LUPIN27Feb20780CE.NFO,07/01/2020,14:10:12,29.65,24.1,7000,31.8,9800,0,1400
LUPIN27Feb20780CE.NFO,07/01/2020,14:10:18,29.65,24.1,5600,31.8,9800,0,1400
LUPIN27Feb20780CE.NFO,07/01/2020,14:11:38,29.65,24.1,7000,31.8,9800,0,1400
LUPIN27Feb20780CE.NFO,07/01/2020,14:11:41,29.65,24.1,5600,31.8,9800,0,1400
LUPIN27Feb20780CE.NFO,07/01/2020,14:12:23,29.65,24.1,7000,31.75,8400,0,1400
LUPIN27Feb20780CE.NFO,07/01/2020,14:13:30,29.65,24.1,5600,31.75,8400,0,1400
LUPIN27Feb20780CE.NFO,07/01/2020,14:13:38,29.65,24.1,7000,31.75,9800,0,1400
LUPIN27Feb20780CE.NFO,07/01/2020,14:13:51,29.65,24.1,5600,31.75,9800,0,1400
LUPIN27Feb20780CE.NFO,07/01/2020,14:13:56,29.65,24.1,5600,31.75,8400,0,1400
LUPIN27Feb20780CE.NFO,07/01/2020,14:14:08,29.65,24.1,7000,31.75,9800,0,1400
LUPIN27Feb20780CE.NFO,07/01/2020,14:14:14,29.65,24.1,5600,31.75,9800,0,1400
LUPIN27Feb20780CE.NFO,07/01/2020,14:14:24,29.65,24.1,7000,31.75,9800,0,1400
LUPIN27Feb20780CE.NFO,07/01/2020,14:14:29,29.65,24.1,7000,31.75,8400,0,1400
LUPIN27Feb20780CE.NFO,07/01/2020,14:14:34,29.65,24.1,7000,31.75,5600,0,1400
LUPIN27Feb20780CE.NFO,07/01/2020,14:16:35,29.65,24.1,7000,31.75,7000,0,1400
LUPIN27Feb20780CE.NFO,07/01/2020,14:17:12,29.65,24.1,7000,31.75,5600,0,1400
LUPIN27Feb20780CE.NFO,07/01/2020,14:17:33,29.65,24.1,7000,31.75,7000,0,1400
LUPIN27Feb20780CE.NFO,07/01/2020,14:18:34,29.65,24.1,7000,31.75,5600,0,1400
LUPIN27Feb20780CE.NFO,07/01/2020,14:18:47,29.65,24.1,8400,31.75,5600,0,1400
LUPIN27Feb20780CE.NFO,07/01/2020,14:18:50,29.65,24.1,7000,31.75,5600,0,1400
LUPIN27Feb20780CE.NFO,07/01/2020,14:18:55,29.65,24.1,7000,31.75,4200,0,1400
LUPIN27Feb20780CE.NFO,07/01/2020,14:19:22,29.65,24.1,7000,31.75,5600,0,1400
LUPIN27Feb20780CE.NFO,07/01/2020,14:19:34,29.65,24.1,7000,31.75,4200,0,1400
LUPIN27Feb20780CE.NFO,07/01/2020,14:19:51,29.65,24.1,7000,31.75,5600,0,1400
LUPIN27Feb20780CE.NFO,07/01/2020,14:20:14,29.65,24.1,7000,31.75,4200,0,1400
LUPIN27Feb20780CE.NFO,07/01/2020,14:20:26,29.65,28,700,31.75,4200,0,1400
LUPIN27Feb20780CE.NFO,07/01/2020,14:20:38,29.65,24.1,8400,31.75,4200,0,1400
LUPIN27Feb20780CE.NFO,07/01/2020,14:20:41,29.65,24.1,7000,31,2800,0,1400
LUPIN27Feb20780CE.NFO,07/01/2020,14:21:01,29.65,24.1,8400,31,2800,0,1400
LUPIN27Feb20780CE.NFO,07/01/2020,14:21:06,29.65,24.1,7000,31,2800,0,1400
LUPIN27Feb20780CE.NFO,07/01/2020,14:21:19,29.65,24.1,8400,31,2800,0,1400
LUPIN27Feb20780CE.NFO,07/01/2020,14:21:22,29.65,24.1,7000,31,2800,0,1400
LUPIN27Feb20780CE.NFO,07/01/2020,14:21:54,29.65,24.1,7000,31,1400,0,1400
LUPIN27Feb20780CE.NFO,07/01/2020,14:22:06,29.65,24.1,7000,31,2800,0,1400
LUPIN27Feb20780CE.NFO,07/01/2020,14:22:10,29.65,24.1,7000,31,1400,0,1400
LUPIN27Feb20780CE.NFO,07/01/2020,14:23:27,29.65,24.1,7000,31,2800,0,1400
LUPIN27Feb20780CE.NFO,07/01/2020,14:24:21,29.65,24.1,7000,31,4200,0,1400
LUPIN27Feb20780CE.NFO,07/01/2020,14:24:42,29.65,24.1,7000,31,2800,0,1400
LUPIN27Feb20780CE.NFO,07/01/2020,14:24:50,29.65,24.1,7000,31,4200,0,1400
LUPIN27Feb20780CE.NFO,07/01/2020,14:24:54,29.65,24.1,7000,31,2800,0,1400
LUPIN27Feb20780CE.NFO,07/01/2020,14:25:02,29.65,24.1,7000,31,4200,0,1400
LUPIN27Feb20780CE.NFO,07/01/2020,14:25:22,29.65,24.1,7000,31,2800,0,1400
LUPIN27Feb20780CE.NFO,07/01/2020,14:25:46,29.65,24.1,7000,31,4200,0,1400
LUPIN27Feb20780CE.NFO,07/01/2020,14:25:51,29.65,24.1,7000,31,2800,0,1400
LUPIN27Feb20780CE.NFO,07/01/2020,14:26:00,29.65,24.1,7000,31,1400,0,1400
LUPIN27Feb20780CE.NFO,07/01/2020,14:26:03,29.65,24.1,7000,31,2800,0,1400
LUPIN27Feb20780CE.NFO,07/01/2020,14:26:10,29.65,24.1,7000,31,4200,0,1400
LUPIN27Feb20780CE.NFO,07/01/2020,14:26:28,29.65,24.1,7000,31,2800,0,1400
LUPIN27Feb20780CE.NFO,07/01/2020,14:26:32,29.65,24.1,7000,31,4200,0,1400
LUPIN27Feb20780CE.NFO,07/01/2020,14:26:35,29.65,24.1,7000,31,2800,0,1400
LUPIN27Feb20780CE.NFO,07/01/2020,14:26:42,29.65,24.1,7000,31,4200,0,1400
LUPIN27Feb20780CE.NFO,07/01/2020,14:26:52,29.65,24.1,7000,31,2800,0,1400
LUPIN27Feb20780CE.NFO,07/01/2020,14:26:56,29.65,24.1,7000,31,4200,0,1400
LUPIN27Feb20780CE.NFO,07/01/2020,14:27:00,29.65,24.1,7000,31,2800,0,1400
LUPIN27Feb20780CE.NFO,07/01/2020,14:27:12,29.65,24.1,7000,31,4200,0,1400
LUPIN27Feb20780CE.NFO,07/01/2020,14:27:39,29.65,24.1,7000,31,2800,0,1400
LUPIN27Feb20780CE.NFO,07/01/2020,14:27:43,29.65,24.1,7000,31,4200,0,1400
LUPIN27Feb20780CE.NFO,07/01/2020,14:27:48,29.65,24.1,7000,31,2800,0,1400
LUPIN27Feb20780CE.NFO,07/01/2020,14:28:21,29.65,24.1,7000,31,4200,0,1400
LUPIN27Feb20780CE.NFO,07/01/2020,14:28:29,29.65,24.1,7000,31,1400,0,1400
LUPIN27Feb20780CE.NFO,07/01/2020,14:28:34,29.65,24.1,7000,31,2800,0,1400
LUPIN27Feb20780CE.NFO,07/01/2020,14:28:38,29.65,24.1,7000,31,4200,0,1400
LUPIN27Feb20780CE.NFO,07/01/2020,14:30:16,29.65,24.1,7000,31,2800,0,1400
LUPIN27Feb20780CE.NFO,07/01/2020,14:30:19,29.65,24.1,7000,31,4200,0,1400
LUPIN27Feb20780CE.NFO,07/01/2020,14:30:39,29.65,24.1,5600,31,4200,0,1400
LUPIN27Feb20780CE.NFO,07/01/2020,14:31:03,29.65,24.1,7000,31,4200,0,1400
LUPIN27Feb20780CE.NFO,07/01/2020,14:31:25,29.65,24.1,7000,31,2800,0,1400
LUPIN27Feb20780CE.NFO,07/01/2020,14:31:38,29.65,24.1,7000,31,4200,0,1400
LUPIN27Feb20780CE.NFO,07/01/2020,14:32:08,29.65,24.1,7000,31,2800,0,1400
LUPIN27Feb20780CE.NFO,07/01/2020,14:32:18,29.65,24.1,5600,31,2800,0,1400
LUPIN27Feb20780CE.NFO,07/01/2020,14:32:37,29.65,24.1,5600,31,4200,0,1400
LUPIN27Feb20780CE.NFO,07/01/2020,14:32:42,29.65,24.1,5600,31,2800,0,1400
LUPIN27Feb20780CE.NFO,07/01/2020,14:32:57,29.65,24.1,5600,31,1400,0,1400
LUPIN27Feb20780CE.NFO,07/01/2020,14:33:01,29.65,24.1,7000,31,1400,0,1400
LUPIN27Feb20780CE.NFO,07/01/2020,14:33:42,29.65,30,700,31,1400,0,1400
LUPIN27Feb20780CE.NFO,07/01/2020,14:34:00,29.65,24.1,7000,31,1400,0,1400
LUPIN27Feb20780CE.NFO,07/01/2020,14:34:15,29.65,24.1,7000,32.7,11200,0,1400
LUPIN27Feb20780CE.NFO,07/01/2020,14:36:05,29.65,24.1,7000,32,6300,0,1400
LUPIN27Feb20780CE.NFO,07/01/2020,14:36:10,29.65,24.1,7000,31,2100,0,1400
LUPIN27Feb20780CE.NFO,07/01/2020,14:36:17,29.65,24.1,7000,31,700,0,1400
LUPIN27Feb20780CE.NFO,07/01/2020,14:36:22,29.65,24.1,7000,31,2100,0,1400
LUPIN27Feb20780CE.NFO,07/01/2020,14:37:04,29.65,24.1,7000,31,700,0,1400
LUPIN27Feb20780CE.NFO,07/01/2020,14:37:10,29.65,24.1,7000,31,2100,0,1400
LUPIN27Feb20780CE.NFO,07/01/2020,14:37:30,29.65,24.1,7000,31,700,0,1400
LUPIN27Feb20780CE.NFO,07/01/2020,14:37:34,29.65,24.1,7000,31,2100,0,1400
LUPIN27Feb20780CE.NFO,07/01/2020,14:38:15,29.65,24.1,7000,31,700,0,1400
LUPIN27Feb20780CE.NFO,07/01/2020,14:38:18,29.65,24.1,7000,31,2100,0,1400
LUPIN27Feb20780CE.NFO,07/01/2020,14:38:34,29.65,24.1,7000,31,3500,0,1400
LUPIN27Feb20780CE.NFO,07/01/2020,14:38:38,29.65,24.1,7000,31,2100,0,1400
LUPIN27Feb20780CE.NFO,07/01/2020,14:38:44,29.65,24.1,7000,31,700,0,1400
LUPIN27Feb20780CE.NFO,07/01/2020,14:38:51,29.65,24.1,8400,31,2100,0,1400
LUPIN27Feb20780CE.NFO,07/01/2020,14:38:57,29.65,24.1,7000,31,2100,0,1400
LUPIN27Feb20780CE.NFO,07/01/2020,14:39:02,29.65,24.1,7000,31,700,0,1400
LUPIN27Feb20780CE.NFO,07/01/2020,14:39:07,29.65,24.1,7000,31,2100,0,1400
LUPIN27Feb20780CE.NFO,07/01/2020,14:39:31,29.65,24.1,9800,31,700,0,1400
LUPIN27Feb20780CE.NFO,07/01/2020,14:40:10,29.65,24.1,11200,31,700,0,1400
LUPIN27Feb20780CE.NFO,07/01/2020,14:40:14,29.65,24.1,9800,31,700,0,1400
LUPIN27Feb20780CE.NFO,07/01/2020,14:40:22,29.65,24.1,9800,31.5,2100,0,1400
LUPIN27Feb20780CE.NFO,07/01/2020,14:41:12,29.65,24.1,9800,31.5,3500,0,1400
LUPIN27Feb20780CE.NFO,07/01/2020,14:41:21,29.65,24.1,8400,31.5,3500,0,1400
LUPIN27Feb20780CE.NFO,07/01/2020,14:42:00,29.65,24.1,8400,31.5,2100,0,1400
LUPIN27Feb20780CE.NFO,07/01/2020,14:42:05,29.65,24.1,8400,31.5,3500,0,1400
LUPIN27Feb20780CE.NFO,07/01/2020,14:42:44,29.65,24.1,8400,31.5,2100,0,1400
LUPIN27Feb20780CE.NFO,07/01/2020,14:42:49,29.65,24.1,8400,31.5,3500,0,1400
LUPIN27Feb20780CE.NFO,07/01/2020,14:42:53,29.65,24.1,8400,31.5,2100,0,1400
LUPIN27Feb20780CE.NFO,07/01/2020,14:42:59,29.65,24.1,8400,31.5,3500,0,1400
LUPIN27Feb20780CE.NFO,07/01/2020,14:43:25,29.65,24.1,7000,31.5,3500,0,1400
LUPIN27Feb20780CE.NFO,07/01/2020,14:43:30,29.65,24.1,7000,31.5,4900,0,1400
LUPIN27Feb20780CE.NFO,07/01/2020,14:43:40,29.65,24.1,7000,31.5,3500,0,1400
LUPIN27Feb20780CE.NFO,07/01/2020,14:43:50,29.65,24.1,7000,31.5,4900,0,1400
LUPIN27Feb20780CE.NFO,07/01/2020,14:43:55,29.65,24.1,7000,31.5,3500,0,1400
LUPIN27Feb20780CE.NFO,07/01/2020,14:44:01,29.65,24.1,8400,31.5,4900,0,1400
LUPIN27Feb20780CE.NFO,07/01/2020,14:44:07,29.65,24.1,7000,31.5,3500,0,1400
LUPIN27Feb20780CE.NFO,07/01/2020,14:44:13,29.65,24.1,7000,31.5,4900,0,1400
LUPIN27Feb20780CE.NFO,07/01/2020,14:44:21,29.65,24.1,8400,31.5,4900,0,1400
LUPIN27Feb20780CE.NFO,07/01/2020,14:44:29,29.65,24.1,8400,31.5,3500,0,1400
LUPIN27Feb20780CE.NFO,07/01/2020,14:44:35,29.65,24.1,8400,31.5,4900,0,1400
LUPIN27Feb20780CE.NFO,07/01/2020,14:44:41,29.65,24.1,8400,31.5,3500,0,1400
LUPIN27Feb20780CE.NFO,07/01/2020,14:44:46,29.65,24.1,8400,31.5,4900,0,1400
LUPIN27Feb20780CE.NFO,07/01/2020,14:44:49,29.65,24.1,7000,31.5,3500,0,1400
LUPIN27Feb20780CE.NFO,07/01/2020,14:44:53,29.65,24.1,8400,31.5,4900,0,1400
LUPIN27Feb20780CE.NFO,07/01/2020,14:45:18,29.65,24.1,7000,31.5,4900,0,1400
LUPIN27Feb20780CE.NFO,07/01/2020,14:46:12,29.65,24.1,7000,31.5,6300,0,1400
LUPIN27Feb20780CE.NFO,07/01/2020,14:46:35,29.65,24.1,7000,31.5,4900,0,1400
LUPIN27Feb20780CE.NFO,07/01/2020,14:46:40,29.65,24.1,7000,31.5,6300,0,1400
LUPIN27Feb20780CE.NFO,07/01/2020,14:47:11,29.65,24.1,7000,31.5,7700,0,1400
LUPIN27Feb20780CE.NFO,07/01/2020,14:47:17,29.65,24.1,7000,31.5,6300,0,1400
LUPIN27Feb20780CE.NFO,07/01/2020,14:47:29,29.65,24.1,7000,31.5,4900,0,1400
LUPIN27Feb20780CE.NFO,07/01/2020,14:47:35,29.65,24.1,7000,31.5,6300,0,1400
LUPIN27Feb20780CE.NFO,07/01/2020,14:47:49,29.65,24.1,7000,31.5,9100,0,1400
LUPIN27Feb20780CE.NFO,07/01/2020,14:48:23,29.65,24.1,4200,31.5,10500,0,1400
LUPIN27Feb20780CE.NFO,07/01/2020,14:48:29,29.65,24.1,5600,31.5,10500,0,1400
LUPIN27Feb20780CE.NFO,07/01/2020,14:48:50,29.65,24.1,4200,31.5,9100,0,1400
LUPIN27Feb20780CE.NFO,07/01/2020,14:48:55,29.65,24.1,5600,31.5,9100,0,1400
LUPIN27Feb20780CE.NFO,07/01/2020,14:49:18,29.65,24.1,5600,31.5,10500,0,1400
LUPIN27Feb20780CE.NFO,07/01/2020,14:49:23,29.65,24.1,2800,31.5,10500,0,1400
LUPIN27Feb20780CE.NFO,07/01/2020,14:49:35,29.65,24.1,2800,31.5,9100,0,1400
LUPIN27Feb20780CE.NFO,07/01/2020,14:49:43,29.65,24.1,2800,31.5,10500,0,1400
LUPIN27Feb20780CE.NFO,07/01/2020,14:49:51,29.65,24.1,2800,31.5,9100,0,1400
LUPIN27Feb20780CE.NFO,07/01/2020,14:50:00,29.65,24.1,5600,31.5,9100,0,1400
LUPIN27Feb20780CE.NFO,07/01/2020,14:50:05,29.65,24.1,2800,31.5,9100,0,1400
LUPIN27Feb20780CE.NFO,07/01/2020,14:50:10,29.65,24.1,4200,31.5,9100,0,1400
LUPIN27Feb20780CE.NFO,07/01/2020,14:50:16,29.65,24.1,2800,31.5,9100,0,1400
LUPIN27Feb20780CE.NFO,07/01/2020,14:50:22,29.65,24.1,5600,31.5,9100,0,1400
LUPIN27Feb20780CE.NFO,07/01/2020,14:50:38,29.65,24.1,2800,31.5,9100,0,1400
LUPIN27Feb20780CE.NFO,07/01/2020,14:50:44,29.65,24.1,4200,31.5,9100,0,1400
LUPIN27Feb20780CE.NFO,07/01/2020,14:50:59,29.65,24.1,2800,31.5,9100,0,1400
LUPIN27Feb20780CE.NFO,07/01/2020,14:51:05,29.65,24.1,4200,31.5,10500,0,1400
LUPIN27Feb20780CE.NFO,07/01/2020,14:51:11,29.65,24.1,2800,31.5,10500,0,1400
LUPIN27Feb20780CE.NFO,07/01/2020,14:51:29,29.65,24.1,5600,31.5,10500,0,1400
LUPIN27Feb20780CE.NFO,07/01/2020,14:51:34,29.65,24.1,2800,31.5,10500,0,1400
LUPIN27Feb20780CE.NFO,07/01/2020,14:51:49,29.65,24.1,5600,31.5,10500,0,1400
LUPIN27Feb20780CE.NFO,07/01/2020,14:51:54,29.65,24.1,2800,31.5,9100,0,1400
LUPIN27Feb20780CE.NFO,07/01/2020,14:52:10,29.65,24.1,2800,31.5,10500,0,1400
LUPIN27Feb20780CE.NFO,07/01/2020,14:52:25,29.65,24.1,2800,31.5,9100,0,1400
LUPIN27Feb20780CE.NFO,07/01/2020,14:52:29,29.65,24.1,5600,31.5,9100,0,1400
LUPIN27Feb20780CE.NFO,07/01/2020,14:52:33,29.65,24.1,2800,31.5,9100,0,1400
LUPIN27Feb20780CE.NFO,07/01/2020,14:52:37,29.65,24.1,4200,31.5,9100,0,1400
LUPIN27Feb20780CE.NFO,07/01/2020,14:52:43,29.65,24.1,4200,31.5,10500,0,1400
LUPIN27Feb20780CE.NFO,07/01/2020,14:52:46,29.65,24.1,2800,31.5,10500,0,1400
LUPIN27Feb20780CE.NFO,07/01/2020,14:52:57,29.65,24.1,4200,31.5,10500,0,1400
LUPIN27Feb20780CE.NFO,07/01/2020,14:53:04,29.65,24.1,2800,31,4900,0,1400
LUPIN27Feb20780CE.NFO,07/01/2020,14:53:11,29.65,24.1,4200,31,4900,0,1400
LUPIN27Feb20780CE.NFO,07/01/2020,14:53:25,29.65,24.1,2800,31,4900,0,1400
LUPIN27Feb20780CE.NFO,07/01/2020,14:53:55,29.65,24.15,4200,31,4900,0,1400
LUPIN27Feb20780CE.NFO,07/01/2020,14:54:02,29.65,24.15,2800,31,4900,0,1400
LUPIN27Feb20780CE.NFO,07/01/2020,14:54:08,29.65,24.15,5600,31,4900,0,1400
LUPIN27Feb20780CE.NFO,07/01/2020,14:54:13,29.65,24.15,2800,31,4900,0,1400
LUPIN27Feb20780CE.NFO,07/01/2020,14:54:39,29.65,24.15,1400,31,4900,0,1400
LUPIN27Feb20780CE.NFO,07/01/2020,14:54:45,29.65,24.15,2800,31,4900,0,1400
LUPIN27Feb20780CE.NFO,07/01/2020,14:55:01,29.65,24.15,2800,31,6300,0,1400
LUPIN27Feb20780CE.NFO,07/01/2020,14:55:07,29.65,24.15,2800,31,4900,0,1400
LUPIN27Feb20780CE.NFO,07/01/2020,14:56:31,29.65,24.15,1400,31,4900,0,1400
LUPIN27Feb20780CE.NFO,07/01/2020,14:56:36,29.65,24.15,1400,31,6300,0,1400
LUPIN27Feb20780CE.NFO,07/01/2020,14:56:40,29.65,24.15,1400,31,4900,0,1400
LUPIN27Feb20780CE.NFO,07/01/2020,14:56:45,29.65,24.15,2800,31,4900,0,1400
LUPIN27Feb20780CE.NFO,07/01/2020,14:56:49,29.65,24.15,1400,31,4900,0,1400
LUPIN27Feb20780CE.NFO,07/01/2020,14:56:53,29.65,24.15,2800,31,4900,0,1400
LUPIN27Feb20780CE.NFO,07/01/2020,14:56:58,29.65,24.15,1400,31,4900,0,1400
LUPIN27Feb20780CE.NFO,07/01/2020,14:57:03,29.65,24.15,2800,31,4900,0,1400
LUPIN27Feb20780CE.NFO,07/01/2020,14:57:08,29.65,24.15,1400,31,4900,0,1400
LUPIN27Feb20780CE.NFO,07/01/2020,14:57:13,29.65,24.15,2800,31,4900,0,1400
LUPIN27Feb20780CE.NFO,07/01/2020,14:57:30,29.65,24.15,1400,31,4900,0,1400
LUPIN27Feb20780CE.NFO,07/01/2020,14:58:18,29.65,24.15,1400,31,6300,0,1400
LUPIN27Feb20780CE.NFO,07/01/2020,14:58:28,29.65,24.15,1400,31,4900,0,1400
LUPIN27Feb20780CE.NFO,07/01/2020,14:59:19,29.65,24.15,1400,31,6300,0,1400
LUPIN27Feb20780CE.NFO,07/01/2020,14:59:24,29.65,24.15,1400,31,4900,0,1400
LUPIN27Feb20780CE.NFO,07/01/2020,14:59:32,29.65,24.15,1400,31,6300,0,1400
LUPIN27Feb20780CE.NFO,07/01/2020,14:59:42,29.65,24.15,1400,31,10500,0,1400
LUPIN27Feb20780CE.NFO,07/01/2020,14:59:55,29.65,24.15,1400,31,7700,0,1400
LUPIN27Feb20780CE.NFO,07/01/2020,15:00:01,29.65,24.15,1400,31,9100,0,1400
LUPIN27Feb20780CE.NFO,07/01/2020,15:00:10,29.65,24.15,1400,31,10500,0,1400
LUPIN27Feb20780CE.NFO,07/01/2020,15:00:18,29.65,24.15,1400,31,6300,0,1400
LUPIN27Feb20780CE.NFO,07/01/2020,15:00:39,29.65,24.15,1400,31,10500,0,1400
LUPIN27Feb20780CE.NFO,07/01/2020,15:00:51,29.65,24.15,1400,31,6300,0,1400
LUPIN27Feb20780CE.NFO,07/01/2020,15:00:56,29.65,24.15,1400,31,9100,0,1400
LUPIN27Feb20780CE.NFO,07/01/2020,15:01:02,29.65,24.15,1400,31,4900,0,1400
LUPIN27Feb20780CE.NFO,07/01/2020,15:01:08,29.65,24.15,1400,31,6300,0,1400
LUPIN27Feb20780CE.NFO,07/01/2020,15:01:13,29.65,24.15,1400,31,4900,0,1400
LUPIN27Feb20780CE.NFO,07/01/2020,15:01:23,29.65,24.15,1400,31,6300,0,1400
LUPIN27Feb20780CE.NFO,07/01/2020,15:01:44,29.65,24.15,1400,31,4900,0,1400
LUPIN27Feb20780CE.NFO,07/01/2020,15:01:54,29.65,24.15,1400,31,6300,0,1400
LUPIN27Feb20780CE.NFO,07/01/2020,15:02:03,29.65,24.15,1400,31,9100,0,1400
LUPIN27Feb20780CE.NFO,07/01/2020,15:02:08,29.65,24.15,1400,31,4900,0,1400
LUPIN27Feb20780CE.NFO,07/01/2020,15:03:02,29.65,24.15,5600,31,4900,0,1400
LUPIN27Feb20780CE.NFO,07/01/2020,15:03:07,29.65,24.15,2800,31,4900,0,1400
LUPIN27Feb20780CE.NFO,07/01/2020,15:03:13,29.65,24.15,1400,31,4900,0,1400
LUPIN27Feb20780CE.NFO,07/01/2020,15:03:24,29.65,24.15,2800,31,4900,0,1400
LUPIN27Feb20780CE.NFO,07/01/2020,15:03:34,29.65,24.15,1400,31,4900,0,1400
LUPIN27Feb20780CE.NFO,07/01/2020,15:03:44,29.65,24.15,5600,31,4900,0,1400
LUPIN27Feb20780CE.NFO,07/01/2020,15:03:48,29.65,24.15,1400,31,4900,0,1400
LUPIN27Feb20780CE.NFO,07/01/2020,15:04:02,29.65,24.15,5600,31,4900,0,1400
LUPIN27Feb20780CE.NFO,07/01/2020,15:04:09,29.65,24.2,5600,31,4900,0,1400
LUPIN27Feb20780CE.NFO,07/01/2020,15:04:43,29.65,24.2,1400,31,4900,0,1400
LUPIN27Feb20780CE.NFO,07/01/2020,15:04:48,29.65,24.2,5600,31,4900,0,1400
LUPIN27Feb20780CE.NFO,07/01/2020,15:04:56,29.65,24.2,1400,31,4900,0,1400
LUPIN27Feb20780CE.NFO,07/01/2020,15:05:05,29.65,24.2,2800,31,4900,0,1400
LUPIN27Feb20780CE.NFO,07/01/2020,15:05:09,29.65,24.2,5600,31,4900,0,1400
LUPIN27Feb20780CE.NFO,07/01/2020,15:05:27,29.65,24.2,1400,31,4900,0,1400
LUPIN27Feb20780CE.NFO,07/01/2020,15:05:32,29.65,24.2,1400,31,6300,0,1400
LUPIN27Feb20780CE.NFO,07/01/2020,15:05:37,29.65,24.2,1400,31,4900,0,1400
LUPIN27Feb20780CE.NFO,07/01/2020,15:05:42,29.65,24.2,1400,31,6300,0,1400
LUPIN27Feb20780CE.NFO,07/01/2020,15:05:47,29.65,24.2,1400,31,4900,0,1400
LUPIN27Feb20780CE.NFO,07/01/2020,15:05:57,29.65,24.2,1400,31,6300,0,1400
LUPIN27Feb20780CE.NFO,07/01/2020,15:06:12,29.65,24.2,1400,31,4900,0,1400
LUPIN27Feb20780CE.NFO,07/01/2020,15:06:22,29.65,24.2,1400,31,6300,0,1400
LUPIN27Feb20780CE.NFO,07/01/2020,15:06:27,29.65,24.2,1400,31,4900,0,1400
LUPIN27Feb20780CE.NFO,07/01/2020,15:06:46,29.65,24.2,1400,31,6300,0,1400
LUPIN27Feb20780CE.NFO,07/01/2020,15:07:06,29.65,24.2,1400,31,4900,0,1400
LUPIN27Feb20780CE.NFO,07/01/2020,15:07:24,29.65,24.2,1400,31,6300,0,1400
LUPIN27Feb20780CE.NFO,07/01/2020,15:08:07,29.65,24.2,1400,31,4900,0,1400
LUPIN27Feb20780CE.NFO,07/01/2020,15:08:13,29.65,24.2,1400,31,6300,0,1400
LUPIN27Feb20780CE.NFO,07/01/2020,15:09:07,29.65,24.2,1400,31,4900,0,1400
LUPIN27Feb20780CE.NFO,07/01/2020,15:09:22,29.65,24.2,1400,31,6300,0,1400
LUPIN27Feb20780CE.NFO,07/01/2020,15:10:10,29.65,24.2,1400,31,4900,0,1400
LUPIN27Feb20780CE.NFO,07/01/2020,15:10:15,29.65,24.2,1400,31,6300,0,1400
LUPIN27Feb20780CE.NFO,07/01/2020,15:10:26,29.65,24.2,1400,30.95,9800,0,1400
LUPIN27Feb20780CE.NFO,07/01/2020,15:10:32,29.65,24.2,1400,30.9,9800,0,1400
LUPIN27Feb20780CE.NFO,07/01/2020,15:10:37,29.65,24.2,1400,30.9,5600,0,1400
LUPIN27Feb20780CE.NFO,07/01/2020,15:10:42,29.65,24.2,1400,30.9,9800,0,1400
LUPIN27Feb20780CE.NFO,07/01/2020,15:10:47,29.65,24.2,1400,30.9,5600,0,1400
LUPIN27Feb20780CE.NFO,07/01/2020,15:10:58,29.65,24.2,1400,30.9,8400,0,1400
LUPIN27Feb20780CE.NFO,07/01/2020,15:11:04,29.65,24.2,1400,30.9,5600,0,1400
LUPIN27Feb20780CE.NFO,07/01/2020,15:12:21,29.65,24.2,1400,30.9,8400,0,1400
LUPIN27Feb20780CE.NFO,07/01/2020,15:12:25,29.65,24.2,1400,30.9,5600,0,1400
LUPIN27Feb20780CE.NFO,07/01/2020,15:13:44,29.65,24.2,1400,30.9,4200,0,1400
LUPIN27Feb20780CE.NFO,07/01/2020,15:13:55,29.65,24.2,5600,30.9,4200,0,1400
LUPIN27Feb20780CE.NFO,07/01/2020,15:14:00,29.65,24.2,1400,30.9,5600,0,1400
LUPIN27Feb20780CE.NFO,07/01/2020,15:14:36,29.65,24.2,1400,30.9,4200,0,1400
LUPIN27Feb20780CE.NFO,07/01/2020,15:14:46,29.65,24.2,1400,30.9,5600,0,1400
LUPIN27Feb20780CE.NFO,07/01/2020,15:14:56,29.65,24.2,1400,30.9,4200,0,1400
LUPIN27Feb20780CE.NFO,07/01/2020,15:15:08,29.65,24.2,1400,30.9,5600,0,1400
LUPIN27Feb20780CE.NFO,07/01/2020,15:15:44,29.65,24.2,1400,30.9,4200,0,1400
LUPIN27Feb20780CE.NFO,07/01/2020,15:15:58,29.65,24.2,1400,30.9,5600,0,1400
LUPIN27Feb20780CE.NFO,07/01/2020,15:16:12,29.65,24.2,1400,30.9,4200,0,1400
LUPIN27Feb20780CE.NFO,07/01/2020,15:16:26,29.65,24.2,1400,30.9,5600,0,1400
LUPIN27Feb20780CE.NFO,07/01/2020,15:16:40,29.65,24.2,2800,30.9,5600,0,1400
LUPIN27Feb20780CE.NFO,07/01/2020,15:16:46,29.65,24.2,1400,30.9,5600,0,1400
LUPIN27Feb20780CE.NFO,07/01/2020,15:16:53,29.65,24.2,1400,30.9,4200,0,1400
LUPIN27Feb20780CE.NFO,07/01/2020,15:17:00,29.65,24.2,1400,30.9,5600,0,1400
LUPIN27Feb20780CE.NFO,07/01/2020,15:19:14,29.65,24.2,1400,30.9,4200,0,1400
LUPIN27Feb20780CE.NFO,07/01/2020,15:19:20,29.65,24.2,5600,30.9,4200,0,1400
LUPIN27Feb20780CE.NFO,07/01/2020,15:19:45,29.65,24.2,4200,30.9,4200,0,1400
LUPIN27Feb20780CE.NFO,07/01/2020,15:19:51,29.65,24.2,5600,30.9,4200,0,1400
LUPIN27Feb20780CE.NFO,07/01/2020,15:20:05,29.65,24.2,4200,30.9,1400,0,1400
LUPIN27Feb20780CE.NFO,07/01/2020,15:20:14,29.65,24.25,5600,30.9,4200,0,1400
LUPIN27Feb20780CE.NFO,07/01/2020,15:20:53,29.65,24.25,5600,30.9,2800,0,1400
LUPIN27Feb20780CE.NFO,07/01/2020,15:21:24,29.65,24.25,7000,30.9,2800,0,1400
LUPIN27Feb20780CE.NFO,07/01/2020,15:21:32,29.65,24.25,5600,30.9,2800,0,1400
LUPIN27Feb20780CE.NFO,07/01/2020,15:21:39,29.65,24.25,7000,30.9,4200,0,1400
LUPIN27Feb20780CE.NFO,07/01/2020,15:21:45,29.65,24.25,5600,30.9,2800,0,1400
LUPIN27Feb20780CE.NFO,07/01/2020,15:21:50,29.65,24.25,7000,30.9,4200,0,1400
LUPIN27Feb20780CE.NFO,07/01/2020,15:22:01,29.65,24.25,5600,30.9,4200,0,1400
LUPIN27Feb20780CE.NFO,07/01/2020,15:22:12,29.65,24.25,7000,30.9,4200,0,1400
LUPIN27Feb20780CE.NFO,07/01/2020,15:22:19,29.65,24.25,5600,30.9,1400,0,1400
LUPIN27Feb20780CE.NFO,07/01/2020,15:22:25,29.65,24.25,7000,30.9,4200,0,1400
LUPIN27Feb20780CE.NFO,07/01/2020,15:22:31,29.65,24.25,5600,30.9,1400,0,1400
LUPIN27Feb20780CE.NFO,07/01/2020,15:22:44,29.65,24.25,7000,31,2100,0,1400
LUPIN27Feb20780CE.NFO,07/01/2020,15:22:50,29.65,24.25,7000,31,700,0,1400
LUPIN27Feb20780CE.NFO,07/01/2020,15:23:36,29.65,24.25,5600,31,700,0,1400
LUPIN27Feb20780CE.NFO,07/01/2020,15:23:55,29.65,24.25,7000,31,700,0,1400
LUPIN27Feb20780CE.NFO,07/01/2020,15:25:36,29.65,24.25,7000,31,2100,0,1400
LUPIN27Feb20780CE.NFO,07/01/2020,15:25:47,29.65,24.25,7000,31,700,0,1400
LUPIN27Feb20780CE.NFO,07/01/2020,15:25:52,29.65,24.25,7000,31,2100,0,1400
LUPIN27Feb20780CE.NFO,07/01/2020,15:26:01,29.65,24.25,7000,31,700,0,1400
LUPIN27Feb20780CE.NFO,07/01/2020,15:26:18,29.65,24.25,7000,31,2100,0,1400
LUPIN27Feb20780CE.NFO,07/01/2020,15:26:29,29.65,24.25,7000,31,700,0,1400
LUPIN27Feb20780CE.NFO,07/01/2020,15:26:34,29.65,24.25,7000,31,2100,0,1400
LUPIN27Feb20780CE.NFO,07/01/2020,15:26:44,29.65,24.25,7000,31,700,0,1400
LUPIN27Feb20780CE.NFO,07/01/2020,15:26:55,29.65,24.25,7000,31,2100,0,1400
LUPIN27Feb20780CE.NFO,07/01/2020,15:27:01,29.65,24.25,7000,31,700,0,1400
LUPIN27Feb20780CE.NFO,07/01/2020,15:27:17,29.65,24.25,7000,31,2100,0,1400
LUPIN27Feb20780CE.NFO,07/01/2020,15:27:51,29.65,24.25,5600,31,700,0,1400
LUPIN27Feb20780CE.NFO,07/01/2020,15:27:56,29.65,24.25,7000,31,700,0,1400
LUPIN27Feb20780CE.NFO,07/01/2020,15:28:01,29.65,24.25,7000,31,3500,0,1400
LUPIN27Feb20780CE.NFO,07/01/2020,15:28:07,29.65,24.25,7000,31,700,0,1400
LUPIN27Feb20780CE.NFO,07/01/2020,15:28:13,29.65,24.25,7000,31,2100,0,1400
LUPIN27Feb20780CE.NFO,07/01/2020,15:28:24,29.65,24.25,7000,31,3500,0,1400
LUPIN27Feb20780CE.NFO,07/01/2020,15:28:35,29.65,24.25,5600,31,2100,0,1400
LUPIN27Feb20780CE.NFO,07/01/2020,15:28:48,29.65,24.25,7000,31,3500,0,1400
LUPIN27Feb20780CE.NFO,07/01/2020,15:28:53,29.65,24.25,5600,31,3500,0,1400
LUPIN27Feb20780CE.NFO,07/01/2020,15:29:05,29.65,24.25,5600,31,2100,0,1400
LUPIN27Feb20780CE.NFO,07/01/2020,15:29:19,29.65,24.25,5600,31,700,0,1400
