Ticker,Date,Time,LTP,BuyPrice,BuyQty,SellPrice,SellQty,LTQ,OpenInterest
M&M30Jan20560CE.NFO,07/01/2020,09:15:29,5,4.3,3000,6.6,1000,1000,385000
M&M30Jan20560CE.NFO,07/01/2020,09:15:29,5,4.3,3000,6.6,1000,0,385000
M&M30Jan20560CE.NFO,07/01/2020,09:15:29,5,4.3,3000,6.6,1000,0,385000
M&M30Jan20560CE.NFO,07/01/2020,09:15:29,5,4.3,3000,6.6,1000,0,385000
M&M30Jan20560CE.NFO,07/01/2020,09:15:38,5,4.4,2000,6.55,6000,0,385000
M&M30Jan20560CE.NFO,07/01/2020,09:15:49,6.55,4.9,2000,6.75,5000,1000,385000
M&M30Jan20560CE.NFO,07/01/2020,09:15:49,6.55,4.9,2000,6.75,5000,0,385000
M&M30Jan20560CE.NFO,07/01/2020,09:15:59,6.55,4.9,2000,6.5,2000,0,385000
M&M30Jan20560CE.NFO,07/01/2020,09:16:10,5.25,5.2,1000,5.95,2000,1000,385000
M&M30Jan20560CE.NFO,07/01/2020,09:16:22,5.25,5.05,3000,5.45,1000,0,385000
M&M30Jan20560CE.NFO,07/01/2020,09:16:32,5.25,5.05,2000,5.25,2000,0,385000
M&M30Jan20560CE.NFO,07/01/2020,09:16:43,5.25,5.05,1000,5.25,2000,0,385000
M&M30Jan20560CE.NFO,07/01/2020,09:16:54,5.25,5,2000,5.2,4000,0,385000
M&M30Jan20560CE.NFO,07/01/2020,09:17:04,5.25,5,1000,5.15,2000,0,385000
M&M30Jan20560CE.NFO,07/01/2020,09:17:33,5,4.9,2000,5.05,1000,1000,386000
M&M30Jan20560CE.NFO,07/01/2020,09:17:43,4.95,4.85,2000,5.05,2000,1000,386000
M&M30Jan20560CE.NFO,07/01/2020,09:17:43,4.95,4.85,2000,5.05,2000,0,386000
M&M30Jan20560CE.NFO,07/01/2020,09:17:52,4.95,4.85,3000,5,4000,0,386000
M&M30Jan20560CE.NFO,07/01/2020,09:18:10,4.95,4.85,1000,4.95,3000,0,386000
M&M30Jan20560CE.NFO,07/01/2020,09:18:18,4.95,4.9,1000,4.95,1000,1000,386000
M&M30Jan20560CE.NFO,07/01/2020,09:18:26,4.95,4.85,3000,5,6000,1000,386000
M&M30Jan20560CE.NFO,07/01/2020,09:18:33,4.95,4.8,3000,4.9,1000,0,386000
M&M30Jan20560CE.NFO,07/01/2020,09:18:40,4.9,4.9,1000,4.95,3000,1000,386000
M&M30Jan20560CE.NFO,07/01/2020,09:18:40,4.9,4.9,1000,4.95,3000,0,386000
M&M30Jan20560CE.NFO,07/01/2020,09:18:48,4.9,4.75,2000,4.9,3000,1000,386000
M&M30Jan20560CE.NFO,07/01/2020,09:18:56,4.9,4.7,3000,4.85,3000,0,386000
M&M30Jan20560CE.NFO,07/01/2020,09:19:03,4.85,4.65,2000,4.85,1000,1000,386000
M&M30Jan20560CE.NFO,07/01/2020,09:19:03,4.85,4.65,2000,4.85,1000,0,386000
M&M30Jan20560CE.NFO,07/01/2020,09:19:09,4.85,4.65,3000,4.8,2000,0,386000
M&M30Jan20560CE.NFO,07/01/2020,09:19:16,4.7,4.65,1000,4.8,3000,1000,386000
M&M30Jan20560CE.NFO,07/01/2020,09:19:16,4.7,4.65,1000,4.8,3000,0,386000
M&M30Jan20560CE.NFO,07/01/2020,09:19:23,4.7,4.65,1000,4.8,5000,0,386000
M&M30Jan20560CE.NFO,07/01/2020,09:19:30,4.7,4.65,1000,4.75,2000,0,386000
M&M30Jan20560CE.NFO,07/01/2020,09:19:37,4.7,4.65,1000,4.75,3000,0,386000
M&M30Jan20560CE.NFO,07/01/2020,09:19:44,4.7,4.65,1000,4.75,2000,0,386000
M&M30Jan20560CE.NFO,07/01/2020,09:19:58,4.65,4.65,1000,4.75,2000,1000,386000
M&M30Jan20560CE.NFO,07/01/2020,09:19:58,4.65,4.65,1000,4.75,2000,0,386000
M&M30Jan20560CE.NFO,07/01/2020,09:20:04,4.65,4.6,2000,4.75,4000,0,386000
M&M30Jan20560CE.NFO,07/01/2020,09:20:10,4.65,4.65,2000,4.75,2000,0,386000
M&M30Jan20560CE.NFO,07/01/2020,09:20:17,4.65,4.65,2000,4.75,5000,0,386000
M&M30Jan20560CE.NFO,07/01/2020,09:20:29,4.65,4.55,2000,4.65,1000,2000,386000
M&M30Jan20560CE.NFO,07/01/2020,09:20:36,4.65,4.55,2000,4.65,1000,1000,386000
M&M30Jan20560CE.NFO,07/01/2020,09:20:42,4.65,4.65,1000,4.75,2000,2000,386000
M&M30Jan20560CE.NFO,07/01/2020,09:20:48,4.65,4.65,1000,4.75,2000,0,386000
M&M30Jan20560CE.NFO,07/01/2020,09:21:09,4.65,4.55,2000,4.7,3000,1000,386000
M&M30Jan20560CE.NFO,07/01/2020,09:21:16,4.65,4.5,2000,4.65,3000,0,386000
M&M30Jan20560CE.NFO,07/01/2020,09:21:24,4.6,4.6,2000,4.75,5000,2000,386000
M&M30Jan20560CE.NFO,07/01/2020,09:21:24,4.6,4.6,2000,4.75,5000,0,386000
M&M30Jan20560CE.NFO,07/01/2020,09:21:31,4.6,4.6,2000,4.75,4000,0,386000
M&M30Jan20560CE.NFO,07/01/2020,09:21:37,4.6,4.55,2000,4.7,3000,0,386000
M&M30Jan20560CE.NFO,07/01/2020,09:21:43,4.6,4.55,3000,4.65,2000,0,386000
M&M30Jan20560CE.NFO,07/01/2020,09:21:50,4.6,4.5,3000,4.65,4000,0,386000
M&M30Jan20560CE.NFO,07/01/2020,09:22:03,4.6,4.5,3000,4.65,3000,0,386000
M&M30Jan20560CE.NFO,07/01/2020,09:22:10,4.65,4.65,1000,4.75,3000,1000,386000
M&M30Jan20560CE.NFO,07/01/2020,09:22:17,4.65,4.65,1000,4.75,3000,0,386000
M&M30Jan20560CE.NFO,07/01/2020,09:22:24,4.65,4.65,3000,4.8,4000,0,386000
M&M30Jan20560CE.NFO,07/01/2020,09:22:30,4.65,4.65,2000,4.8,4000,0,386000
M&M30Jan20560CE.NFO,07/01/2020,09:22:38,4.65,4.65,3000,4.8,4000,0,386000
M&M30Jan20560CE.NFO,07/01/2020,09:22:44,4.65,4.65,2000,4.75,2000,0,386000
M&M30Jan20560CE.NFO,07/01/2020,09:22:50,4.65,4.65,2000,4.75,1000,0,386000
M&M30Jan20560CE.NFO,07/01/2020,09:22:56,4.65,4.65,3000,4.75,1000,0,386000
M&M30Jan20560CE.NFO,07/01/2020,09:23:03,4.65,4.65,3000,4.8,3000,0,386000
M&M30Jan20560CE.NFO,07/01/2020,09:23:08,4.65,4.65,4000,4.8,3000,0,386000
M&M30Jan20560CE.NFO,07/01/2020,09:23:20,4.65,4.7,1000,4.8,2000,0,386000
M&M30Jan20560CE.NFO,07/01/2020,09:23:26,4.65,4.65,5000,4.8,3000,0,386000
M&M30Jan20560CE.NFO,07/01/2020,09:23:32,4.65,4.65,2000,4.75,2000,0,386000
M&M30Jan20560CE.NFO,07/01/2020,09:23:38,4.65,4.65,4000,4.75,1000,0,386000
M&M30Jan20560CE.NFO,07/01/2020,09:23:57,4.65,4.7,2000,4.8,2000,0,386000
M&M30Jan20560CE.NFO,07/01/2020,09:24:03,4.65,4.7,2000,4.8,1000,0,386000
M&M30Jan20560CE.NFO,07/01/2020,09:24:09,4.65,4.65,6000,4.8,4000,0,386000
M&M30Jan20560CE.NFO,07/01/2020,09:24:14,4.65,4.7,1000,4.8,3000,0,386000
M&M30Jan20560CE.NFO,07/01/2020,09:24:26,4.65,4.7,3000,4.8,2000,0,386000
M&M30Jan20560CE.NFO,07/01/2020,09:24:31,4.65,4.7,4000,4.85,3000,0,386000
M&M30Jan20560CE.NFO,07/01/2020,09:24:42,4.65,4.7,2000,4.85,4000,0,386000
M&M30Jan20560CE.NFO,07/01/2020,09:25:11,4.6,4.55,2000,4.65,1000,3000,387000
M&M30Jan20560CE.NFO,07/01/2020,09:25:18,4.65,4.55,1000,4.65,3000,5000,387000
M&M30Jan20560CE.NFO,07/01/2020,09:25:18,4.55,4.55,1000,4.65,3000,0,387000
M&M30Jan20560CE.NFO,07/01/2020,09:25:24,4.6,4.5,2000,4.6,2000,2000,387000
M&M30Jan20560CE.NFO,07/01/2020,09:25:43,4.6,4.55,2000,4.65,2000,1000,387000
M&M30Jan20560CE.NFO,07/01/2020,09:25:50,4.6,4.5,2000,4.65,4000,0,387000
M&M30Jan20560CE.NFO,07/01/2020,09:26:03,4.6,4.5,5000,4.65,3000,0,387000
M&M30Jan20560CE.NFO,07/01/2020,09:26:11,4.6,4.55,3000,4.7,5000,0,387000
M&M30Jan20560CE.NFO,07/01/2020,09:26:17,4.6,4.6,2000,4.7,2000,0,387000
M&M30Jan20560CE.NFO,07/01/2020,09:26:23,4.6,4.6,3000,4.7,2000,0,387000
M&M30Jan20560CE.NFO,07/01/2020,09:26:29,4.6,4.55,2000,4.65,2000,2000,388000
M&M30Jan20560CE.NFO,07/01/2020,09:26:35,4.6,4.55,3000,4.65,4000,0,388000
M&M30Jan20560CE.NFO,07/01/2020,09:26:46,4.6,4.45,6000,4.6,3000,0,388000
M&M30Jan20560CE.NFO,07/01/2020,09:26:52,4.6,4.5,3000,4.6,1000,0,388000
M&M30Jan20560CE.NFO,07/01/2020,09:27:03,4.6,4.55,3000,4.65,3000,0,388000
M&M30Jan20560CE.NFO,07/01/2020,09:27:14,4.65,4.55,3000,4.65,2000,1000,388000
M&M30Jan20560CE.NFO,07/01/2020,09:27:19,4.65,4.55,3000,4.65,2000,0,388000
M&M30Jan20560CE.NFO,07/01/2020,09:27:25,4.65,4.55,3000,4.65,3000,0,388000
M&M30Jan20560CE.NFO,07/01/2020,09:27:37,4.65,4.45,1000,4.55,1000,0,388000
M&M30Jan20560CE.NFO,07/01/2020,09:27:43,4.65,4.45,3000,4.55,1000,0,388000
M&M30Jan20560CE.NFO,07/01/2020,09:27:49,4.65,4.45,5000,4.6,2000,0,388000
M&M30Jan20560CE.NFO,07/01/2020,09:27:57,4.65,4.45,3000,4.6,3000,0,388000
M&M30Jan20560CE.NFO,07/01/2020,09:28:10,4.65,4.45,3000,4.6,2000,0,388000
M&M30Jan20560CE.NFO,07/01/2020,09:28:21,4.65,4.45,2000,4.6,2000,0,388000
M&M30Jan20560CE.NFO,07/01/2020,09:28:38,4.65,4.45,1000,4.6,2000,0,388000
M&M30Jan20560CE.NFO,07/01/2020,09:28:43,4.65,4.5,2000,4.6,2000,0,388000
M&M30Jan20560CE.NFO,07/01/2020,09:28:48,4.65,4.4,3000,4.55,3000,0,388000
M&M30Jan20560CE.NFO,07/01/2020,09:28:54,4.65,4.4,3000,4.55,4000,0,388000
M&M30Jan20560CE.NFO,07/01/2020,09:29:05,4.5,4.45,2000,4.55,1000,1000,388000
M&M30Jan20560CE.NFO,07/01/2020,09:29:05,4.5,4.45,2000,4.55,1000,0,388000
M&M30Jan20560CE.NFO,07/01/2020,09:29:10,4.5,4.4,3000,4.55,2000,0,388000
M&M30Jan20560CE.NFO,07/01/2020,09:29:16,4.5,4.45,1000,4.55,2000,0,388000
M&M30Jan20560CE.NFO,07/01/2020,09:29:22,4.5,4.45,1000,4.55,1000,0,388000
M&M30Jan20560CE.NFO,07/01/2020,09:30:27,4.55,4.5,2000,4.65,4000,2000,386000
M&M30Jan20560CE.NFO,07/01/2020,09:30:32,4.55,4.5,1000,4.55,1000,0,386000
M&M30Jan20560CE.NFO,07/01/2020,09:30:37,4.55,4.5,2000,4.55,1000,0,386000
M&M30Jan20560CE.NFO,07/01/2020,09:30:42,4.55,4.5,1000,4.55,1000,0,386000
M&M30Jan20560CE.NFO,07/01/2020,09:30:52,4.55,4.45,3000,4.6,3000,1000,386000
M&M30Jan20560CE.NFO,07/01/2020,09:30:56,4.55,4.45,3000,4.6,3000,0,386000
M&M30Jan20560CE.NFO,07/01/2020,09:31:01,4.55,4.55,1000,4.6,2000,0,386000
M&M30Jan20560CE.NFO,07/01/2020,09:31:13,4.6,4.55,3000,4.65,2000,2000,386000
M&M30Jan20560CE.NFO,07/01/2020,09:31:20,4.6,4.55,3000,4.65,2000,0,386000
M&M30Jan20560CE.NFO,07/01/2020,09:31:31,4.7,4.55,2000,4.65,3000,10000,386000
M&M30Jan20560CE.NFO,07/01/2020,09:31:36,4.7,4.55,2000,4.65,2000,0,386000
M&M30Jan20560CE.NFO,07/01/2020,09:31:42,4.7,4.55,4000,4.65,1000,0,386000
M&M30Jan20560CE.NFO,07/01/2020,09:31:48,4.7,4.6,2000,4.7,1000,0,386000
M&M30Jan20560CE.NFO,07/01/2020,09:31:58,4.7,4.6,3000,4.7,1000,0,386000
M&M30Jan20560CE.NFO,07/01/2020,09:32:04,4.7,4.65,2000,4.75,1000,0,386000
M&M30Jan20560CE.NFO,07/01/2020,09:32:09,4.7,4.65,3000,4.7,1000,0,386000
M&M30Jan20560CE.NFO,07/01/2020,09:32:15,4.7,4.7,1000,4.8,2000,1000,396000
M&M30Jan20560CE.NFO,07/01/2020,09:32:21,4.7,4.7,1000,4.8,2000,0,396000
M&M30Jan20560CE.NFO,07/01/2020,09:32:33,4.7,4.7,1000,4.8,1000,0,396000
M&M30Jan20560CE.NFO,07/01/2020,09:32:44,4.7,4.75,1000,4.85,2000,0,396000
M&M30Jan20560CE.NFO,07/01/2020,09:32:50,4.75,4.7,2000,4.85,2000,1000,396000
M&M30Jan20560CE.NFO,07/01/2020,09:32:56,4.75,4.7,2000,4.8,1000,0,396000
M&M30Jan20560CE.NFO,07/01/2020,09:33:02,4.75,4.65,3000,4.8,2000,0,396000
M&M30Jan20560CE.NFO,07/01/2020,09:33:08,4.75,4.7,1000,4.8,2000,0,396000
M&M30Jan20560CE.NFO,07/01/2020,09:33:19,4.75,4.7,3000,4.8,1000,0,396000
M&M30Jan20560CE.NFO,07/01/2020,09:33:24,4.75,4.75,1000,4.85,1000,0,396000
M&M30Jan20560CE.NFO,07/01/2020,09:33:29,4.75,4.7,3000,4.8,1000,0,396000
M&M30Jan20560CE.NFO,07/01/2020,09:33:39,4.75,4.7,2000,4.8,1000,0,396000
M&M30Jan20560CE.NFO,07/01/2020,09:33:44,4.75,4.75,1000,4.85,2000,0,396000
M&M30Jan20560CE.NFO,07/01/2020,09:33:49,4.75,4.8,1000,4.9,1000,0,396000
M&M30Jan20560CE.NFO,07/01/2020,09:34:13,4.75,4.85,1000,4.9,1000,0,396000
M&M30Jan20560CE.NFO,07/01/2020,09:34:18,4.75,4.85,2000,4.95,1000,0,396000
M&M30Jan20560CE.NFO,07/01/2020,09:34:35,4.85,4.8,1000,4.9,3000,1000,396000
M&M30Jan20560CE.NFO,07/01/2020,09:34:41,4.9,4.8,1000,4.9,2000,2000,396000
M&M30Jan20560CE.NFO,07/01/2020,09:34:47,4.8,4.75,3000,4.9,3000,1000,396000
M&M30Jan20560CE.NFO,07/01/2020,09:34:52,4.8,4.8,1000,4.9,2000,0,396000
M&M30Jan20560CE.NFO,07/01/2020,09:35:09,4.8,4.8,2000,4.85,1000,0,396000
M&M30Jan20560CE.NFO,07/01/2020,09:35:28,4.8,4.8,2000,4.85,1000,1000,393000
M&M30Jan20560CE.NFO,07/01/2020,09:35:32,4.8,4.8,2000,4.85,1000,0,393000
M&M30Jan20560CE.NFO,07/01/2020,09:35:38,4.8,4.75,3000,4.85,1000,0,393000
M&M30Jan20560CE.NFO,07/01/2020,09:35:57,4.85,4.8,2000,4.9,3000,1000,393000
M&M30Jan20560CE.NFO,07/01/2020,09:36:02,4.85,4.8,2000,4.9,1000,0,393000
M&M30Jan20560CE.NFO,07/01/2020,09:36:08,4.85,4.8,2000,4.9,2000,0,393000
M&M30Jan20560CE.NFO,07/01/2020,09:36:13,4.85,4.8,2000,4.9,3000,0,393000
M&M30Jan20560CE.NFO,07/01/2020,09:36:19,4.85,4.8,3000,4.95,3000,0,393000
M&M30Jan20560CE.NFO,07/01/2020,09:36:34,4.85,4.8,3000,4.95,2000,0,393000
M&M30Jan20560CE.NFO,07/01/2020,09:36:44,4.85,4.8,3000,4.95,3000,0,393000
M&M30Jan20560CE.NFO,07/01/2020,09:36:53,4.85,4.85,3000,4.95,2000,0,393000
M&M30Jan20560CE.NFO,07/01/2020,09:36:57,4.85,4.85,2000,4.95,2000,0,393000
M&M30Jan20560CE.NFO,07/01/2020,09:37:07,4.85,4.85,2000,4.95,3000,0,393000
M&M30Jan20560CE.NFO,07/01/2020,09:37:12,4.85,4.85,3000,4.95,1000,0,393000
M&M30Jan20560CE.NFO,07/01/2020,09:37:16,4.85,4.85,2000,4.95,1000,0,393000
M&M30Jan20560CE.NFO,07/01/2020,09:37:25,4.85,4.85,1000,4.95,3000,0,393000
M&M30Jan20560CE.NFO,07/01/2020,09:37:35,4.85,4.85,2000,4.95,3000,0,393000
M&M30Jan20560CE.NFO,07/01/2020,09:37:39,4.85,4.85,1000,4.9,2000,0,393000
M&M30Jan20560CE.NFO,07/01/2020,09:37:47,4.85,4.85,1000,4.9,3000,0,393000
M&M30Jan20560CE.NFO,07/01/2020,09:37:51,4.85,4.85,2000,4.9,3000,0,393000
M&M30Jan20560CE.NFO,07/01/2020,09:38:17,4.85,4.85,2000,4.9,2000,0,393000
M&M30Jan20560CE.NFO,07/01/2020,09:38:21,4.85,4.75,3000,4.85,2000,2000,392000
M&M30Jan20560CE.NFO,07/01/2020,09:38:25,4.85,4.75,2000,4.8,2000,0,392000
M&M30Jan20560CE.NFO,07/01/2020,09:38:30,4.85,4.75,2000,4.8,1000,0,392000
M&M30Jan20560CE.NFO,07/01/2020,09:38:34,4.85,4.75,2000,4.85,3000,0,392000
M&M30Jan20560CE.NFO,07/01/2020,09:38:43,4.85,4.7,2000,4.85,3000,0,392000
M&M30Jan20560CE.NFO,07/01/2020,09:38:47,4.85,4.7,2000,4.8,2000,0,392000
M&M30Jan20560CE.NFO,07/01/2020,09:38:52,4.85,4.7,3000,4.8,3000,0,392000
M&M30Jan20560CE.NFO,07/01/2020,09:38:56,4.7,4.6,2000,4.7,4000,1000,392000
M&M30Jan20560CE.NFO,07/01/2020,09:39:00,4.7,4.6,2000,4.75,3000,0,392000
M&M30Jan20560CE.NFO,07/01/2020,09:39:04,4.7,4.6,3000,4.75,3000,0,392000
M&M30Jan20560CE.NFO,07/01/2020,09:39:13,4.7,4.65,3000,4.8,3000,0,392000
M&M30Jan20560CE.NFO,07/01/2020,09:39:22,4.7,4.7,2000,4.8,2000,0,392000
M&M30Jan20560CE.NFO,07/01/2020,09:39:27,4.7,4.6,3000,4.75,3000,0,392000
M&M30Jan20560CE.NFO,07/01/2020,09:39:36,4.7,4.6,2000,4.75,3000,0,392000
M&M30Jan20560CE.NFO,07/01/2020,09:39:40,4.7,4.6,3000,4.75,3000,0,392000
M&M30Jan20560CE.NFO,07/01/2020,09:39:48,4.75,4.6,3000,4.7,1000,1000,392000
M&M30Jan20560CE.NFO,07/01/2020,09:39:52,4.75,4.6,3000,4.75,3000,0,392000
M&M30Jan20560CE.NFO,07/01/2020,09:40:05,4.75,4.65,2000,4.8,2000,0,392000
M&M30Jan20560CE.NFO,07/01/2020,09:40:10,4.75,4.6,2000,4.75,3000,0,392000
M&M30Jan20560CE.NFO,07/01/2020,09:40:15,4.75,4.55,3000,4.65,2000,0,392000
M&M30Jan20560CE.NFO,07/01/2020,09:40:21,4.75,4.55,3000,4.65,3000,0,392000
M&M30Jan20560CE.NFO,07/01/2020,09:40:26,4.75,4.55,4000,4.65,1000,0,392000
M&M30Jan20560CE.NFO,07/01/2020,09:40:40,4.75,4.6,2000,4.65,1000,0,392000
M&M30Jan20560CE.NFO,07/01/2020,09:40:45,4.75,4.6,3000,4.65,1000,0,392000
M&M30Jan20560CE.NFO,07/01/2020,09:40:50,4.6,4.6,4000,4.75,4000,1000,392000
M&M30Jan20560CE.NFO,07/01/2020,09:40:59,4.6,4.6,4000,4.75,3000,0,392000
M&M30Jan20560CE.NFO,07/01/2020,09:41:04,4.6,4.65,2000,4.75,3000,0,392000
M&M30Jan20560CE.NFO,07/01/2020,09:41:19,4.6,4.7,1000,4.75,1000,0,392000
M&M30Jan20560CE.NFO,07/01/2020,09:41:24,4.6,4.65,4000,4.75,1000,0,392000
M&M30Jan20560CE.NFO,07/01/2020,09:41:29,4.6,4.65,2000,4.75,4000,0,392000
M&M30Jan20560CE.NFO,07/01/2020,09:41:38,4.6,4.65,4000,4.75,1000,0,392000
M&M30Jan20560CE.NFO,07/01/2020,09:41:53,4.75,4.7,4000,4.85,3000,1000,392000
M&M30Jan20560CE.NFO,07/01/2020,09:42:00,4.75,4.7,4000,4.8,1000,0,392000
M&M30Jan20560CE.NFO,07/01/2020,09:42:19,4.75,4.7,4000,4.85,3000,0,392000
M&M30Jan20560CE.NFO,07/01/2020,09:42:53,4.75,4.7,3000,4.8,1000,0,392000
M&M30Jan20560CE.NFO,07/01/2020,09:42:59,4.75,4.7,3000,4.8,2000,0,392000
M&M30Jan20560CE.NFO,07/01/2020,09:43:10,4.75,4.7,4000,4.8,2000,0,392000
M&M30Jan20560CE.NFO,07/01/2020,09:43:31,4.75,4.7,4000,4.8,3000,0,392000
M&M30Jan20560CE.NFO,07/01/2020,09:43:41,4.8,4.7,4000,4.8,2000,1000,392000
M&M30Jan20560CE.NFO,07/01/2020,09:43:46,4.8,4.7,4000,4.8,1000,0,392000
M&M30Jan20560CE.NFO,07/01/2020,09:43:50,4.8,4.75,1000,4.85,3000,0,392000
M&M30Jan20560CE.NFO,07/01/2020,09:44:04,4.8,4.7,5000,4.85,3000,0,392000
M&M30Jan20560CE.NFO,07/01/2020,09:44:10,4.8,4.7,3000,4.8,2000,1000,392000
M&M30Jan20560CE.NFO,07/01/2020,09:44:15,4.8,4.7,3000,4.8,2000,0,392000
M&M30Jan20560CE.NFO,07/01/2020,09:44:25,4.8,4.7,4000,4.85,2000,0,392000
M&M30Jan20560CE.NFO,07/01/2020,09:44:31,4.8,4.75,1000,4.85,1000,0,392000
M&M30Jan20560CE.NFO,07/01/2020,09:44:42,4.8,4.75,1000,4.85,2000,0,392000
M&M30Jan20560CE.NFO,07/01/2020,09:45:14,4.8,4.8,2000,4.9,2000,1000,393000
M&M30Jan20560CE.NFO,07/01/2020,09:45:21,4.8,4.8,2000,4.9,2000,0,393000
M&M30Jan20560CE.NFO,07/01/2020,09:45:26,4.8,4.75,3000,4.85,1000,0,393000
M&M30Jan20560CE.NFO,07/01/2020,09:45:33,4.8,4.8,3000,4.95,2000,0,393000
M&M30Jan20560CE.NFO,07/01/2020,09:45:45,4.8,4.8,3000,4.9,1000,0,393000
M&M30Jan20560CE.NFO,07/01/2020,09:46:01,4.8,4.8,2000,4.9,2000,2000,393000
M&M30Jan20560CE.NFO,07/01/2020,09:46:07,4.8,4.8,2000,4.9,1000,0,393000
M&M30Jan20560CE.NFO,07/01/2020,09:46:12,4.8,4.8,2000,4.9,2000,0,393000
M&M30Jan20560CE.NFO,07/01/2020,09:46:51,4.8,4.8,2000,4.85,1000,0,393000
M&M30Jan20560CE.NFO,07/01/2020,09:46:55,4.8,4.8,1000,4.85,1000,0,393000
M&M30Jan20560CE.NFO,07/01/2020,09:47:00,4.8,4.75,4000,4.85,1000,0,393000
M&M30Jan20560CE.NFO,07/01/2020,09:47:13,4.8,4.75,2000,4.8,1000,0,393000
M&M30Jan20560CE.NFO,07/01/2020,09:47:31,4.8,4.8,2000,4.95,2000,1000,391000
M&M30Jan20560CE.NFO,07/01/2020,09:47:36,4.8,4.8,2000,4.95,2000,0,391000
M&M30Jan20560CE.NFO,07/01/2020,09:47:52,4.8,4.8,2000,4.9,2000,0,391000
M&M30Jan20560CE.NFO,07/01/2020,09:48:08,4.9,4.85,3000,5,3000,2000,391000
M&M30Jan20560CE.NFO,07/01/2020,09:48:12,4.9,4.85,3000,5,2000,0,391000
M&M30Jan20560CE.NFO,07/01/2020,09:48:16,4.9,4.85,3000,5,3000,0,391000
M&M30Jan20560CE.NFO,07/01/2020,09:48:28,4.9,4.85,3000,4.95,1000,0,391000
M&M30Jan20560CE.NFO,07/01/2020,09:48:32,4.9,4.85,3000,5,3000,0,391000
M&M30Jan20560CE.NFO,07/01/2020,09:48:36,4.9,4.85,3000,5,2000,0,391000
M&M30Jan20560CE.NFO,07/01/2020,09:48:41,5,5,2000,5.05,2000,9000,391000
M&M30Jan20560CE.NFO,07/01/2020,09:48:45,5,4.9,2000,5.05,3000,2000,391000
M&M30Jan20560CE.NFO,07/01/2020,09:48:50,5,4.9,2000,5.05,3000,0,391000
M&M30Jan20560CE.NFO,07/01/2020,09:48:54,5,4.95,1000,5.05,3000,0,391000
M&M30Jan20560CE.NFO,07/01/2020,09:49:06,5.05,5.05,2000,5.15,2000,1000,391000
M&M30Jan20560CE.NFO,07/01/2020,09:49:10,5.05,5.05,11000,5.15,2000,0,391000
M&M30Jan20560CE.NFO,07/01/2020,09:49:15,5.15,5.1,2000,5.2,1000,3000,391000
M&M30Jan20560CE.NFO,07/01/2020,09:49:20,5.15,5.1,2000,5.2,1000,0,391000
M&M30Jan20560CE.NFO,07/01/2020,09:49:32,5.1,5.05,10000,5.15,3000,5000,391000
M&M30Jan20560CE.NFO,07/01/2020,09:49:37,5.1,5.05,10000,5.15,2000,0,391000
M&M30Jan20560CE.NFO,07/01/2020,09:49:42,5.1,5.05,1000,5.15,2000,0,391000
M&M30Jan20560CE.NFO,07/01/2020,09:49:48,5.1,5.05,1000,5.1,2000,0,391000
M&M30Jan20560CE.NFO,07/01/2020,09:50:02,5.1,5.05,1000,5.15,8000,0,391000
M&M30Jan20560CE.NFO,07/01/2020,09:50:07,5.05,5.05,3000,5.15,6000,3000,391000
M&M30Jan20560CE.NFO,07/01/2020,09:50:13,5.05,5.05,3000,5.15,6000,0,391000
M&M30Jan20560CE.NFO,07/01/2020,09:50:18,5.05,5.05,4000,5.15,6000,0,391000
M&M30Jan20560CE.NFO,07/01/2020,09:50:23,5.05,5.05,3000,5.15,6000,0,391000
M&M30Jan20560CE.NFO,07/01/2020,09:50:37,5.05,5,2000,5.1,2000,0,391000
M&M30Jan20560CE.NFO,07/01/2020,09:50:44,5.05,5,1000,5.05,1000,0,391000
M&M30Jan20560CE.NFO,07/01/2020,09:50:49,5.05,4.95,2000,5.05,2000,0,391000
M&M30Jan20560CE.NFO,07/01/2020,09:50:54,5.05,4.95,1000,5,2000,0,391000
M&M30Jan20560CE.NFO,07/01/2020,09:51:19,5.05,4.95,1000,5,3000,0,391000
M&M30Jan20560CE.NFO,07/01/2020,09:51:25,4.95,4.85,4000,4.95,2000,1000,395000
M&M30Jan20560CE.NFO,07/01/2020,09:51:30,4.95,4.9,4000,5,3000,0,395000
M&M30Jan20560CE.NFO,07/01/2020,09:51:35,4.95,4.95,10000,5,2000,0,395000
M&M30Jan20560CE.NFO,07/01/2020,09:51:44,4.95,4.95,9000,5,2000,1000,395000
M&M30Jan20560CE.NFO,07/01/2020,09:51:49,5,4.95,10000,5.05,3000,1000,395000
M&M30Jan20560CE.NFO,07/01/2020,09:51:53,5,4.95,10000,5,1000,0,395000
M&M30Jan20560CE.NFO,07/01/2020,09:51:56,5,4.95,10000,5.05,3000,1000,395000
M&M30Jan20560CE.NFO,07/01/2020,09:52:00,5,4.95,12000,5.1,4000,0,395000
M&M30Jan20560CE.NFO,07/01/2020,09:52:05,5,4.95,12000,5.05,1000,0,395000
M&M30Jan20560CE.NFO,07/01/2020,09:52:08,5,4.95,13000,5.1,4000,0,395000
M&M30Jan20560CE.NFO,07/01/2020,09:52:12,5,5,3000,5.1,2000,0,395000
M&M30Jan20560CE.NFO,07/01/2020,09:52:17,5,5,4000,5.15,9000,0,395000
M&M30Jan20560CE.NFO,07/01/2020,09:52:21,5,5,4000,5.1,1000,0,395000
M&M30Jan20560CE.NFO,07/01/2020,09:52:26,5.1,5.1,7000,5.15,7000,1000,395000
M&M30Jan20560CE.NFO,07/01/2020,09:52:36,5.15,5.1,8000,5.15,1000,6000,395000
M&M30Jan20560CE.NFO,07/01/2020,09:52:40,5.15,5.1,8000,5.15,1000,0,395000
M&M30Jan20560CE.NFO,07/01/2020,09:52:45,5.15,5.15,12000,5.2,2000,1000,395000
M&M30Jan20560CE.NFO,07/01/2020,09:52:49,5.15,5.15,12000,5.2,1000,0,395000
M&M30Jan20560CE.NFO,07/01/2020,09:52:52,5.2,5.2,4000,5.25,2000,1000,395000
M&M30Jan20560CE.NFO,07/01/2020,09:52:56,5.2,5.2,3000,5.25,3000,1000,395000
M&M30Jan20560CE.NFO,07/01/2020,09:53:00,5.2,5.2,3000,5.25,3000,0,395000
M&M30Jan20560CE.NFO,07/01/2020,09:53:05,5.2,5.15,9000,5.25,2000,3000,395000
M&M30Jan20560CE.NFO,07/01/2020,09:53:11,5.2,5.15,9000,5.25,1000,1000,395000
M&M30Jan20560CE.NFO,07/01/2020,09:53:22,5.25,5.2,2000,5.25,1000,7000,400000
M&M30Jan20560CE.NFO,07/01/2020,09:53:27,5.25,5.1,1000,5.25,5000,1000,400000
M&M30Jan20560CE.NFO,07/01/2020,09:53:32,5.25,5.1,2000,5.2,2000,0,400000
M&M30Jan20560CE.NFO,07/01/2020,09:53:42,5.25,5.05,3000,5.15,1000,0,400000
M&M30Jan20560CE.NFO,07/01/2020,09:53:47,5.25,5.05,2000,5.15,1000,0,400000
M&M30Jan20560CE.NFO,07/01/2020,09:54:00,5.25,5.05,2000,5.15,2000,0,400000
M&M30Jan20560CE.NFO,07/01/2020,09:54:13,5.25,5.05,2000,5.15,1000,0,400000
M&M30Jan20560CE.NFO,07/01/2020,09:54:18,5.25,5.05,2000,5.15,2000,0,400000
M&M30Jan20560CE.NFO,07/01/2020,09:54:31,5.15,5.05,3000,5.2,4000,2000,400000
M&M30Jan20560CE.NFO,07/01/2020,09:54:35,5.15,5.1,1000,5.2,3000,0,400000
M&M30Jan20560CE.NFO,07/01/2020,09:54:40,5.2,5.15,3000,5.25,1000,1000,400000
M&M30Jan20560CE.NFO,07/01/2020,09:54:45,5.2,5.15,2000,5.25,2000,0,400000
M&M30Jan20560CE.NFO,07/01/2020,09:54:50,5.15,5.1,4000,5.25,3000,1000,400000
M&M30Jan20560CE.NFO,07/01/2020,09:54:54,5.15,5.1,3000,5.25,2000,0,400000
M&M30Jan20560CE.NFO,07/01/2020,09:54:59,5.15,5.1,4000,5.25,2000,0,400000
M&M30Jan20560CE.NFO,07/01/2020,09:55:04,5.15,5.15,3000,5.25,1000,0,400000
M&M30Jan20560CE.NFO,07/01/2020,09:55:09,5.15,5.15,3000,5.25,1000,1000,400000
M&M30Jan20560CE.NFO,07/01/2020,09:55:14,5.25,5.2,2000,5.35,5000,2000,400000
M&M30Jan20560CE.NFO,07/01/2020,09:55:19,5.25,5.2,3000,5.3,1000,0,400000
M&M30Jan20560CE.NFO,07/01/2020,09:55:24,5.25,5.2,3000,5.3,2000,0,400000
M&M30Jan20560CE.NFO,07/01/2020,09:55:29,5.25,5.2,3000,5.3,1000,0,400000
M&M30Jan20560CE.NFO,07/01/2020,09:55:34,5.25,5.2,1000,5.25,1000,0,400000
M&M30Jan20560CE.NFO,07/01/2020,09:55:38,5.25,5.25,4000,5.35,6000,1000,400000
M&M30Jan20560CE.NFO,07/01/2020,09:55:43,5.25,5.25,4000,5.35,6000,0,400000
M&M30Jan20560CE.NFO,07/01/2020,09:55:47,5.25,5.3,2000,5.35,6000,0,400000
M&M30Jan20560CE.NFO,07/01/2020,09:55:52,5.25,5.25,3000,5.35,8000,0,400000
M&M30Jan20560CE.NFO,07/01/2020,09:55:57,5.25,5.2,4000,5.3,2000,0,400000
M&M30Jan20560CE.NFO,07/01/2020,09:56:02,5.25,5.2,3000,5.3,1000,1000,400000
M&M30Jan20560CE.NFO,07/01/2020,09:56:06,5.25,5.2,5000,5.3,1000,0,400000
M&M30Jan20560CE.NFO,07/01/2020,09:56:17,5.25,5.25,2000,5.35,7000,0,400000
M&M30Jan20560CE.NFO,07/01/2020,09:56:22,5.25,5.25,4000,5.35,6000,0,400000
M&M30Jan20560CE.NFO,07/01/2020,09:56:28,5.25,5.25,3000,5.35,6000,0,400000
M&M30Jan20560CE.NFO,07/01/2020,09:56:33,5.25,5.25,6000,5.35,5000,0,400000
M&M30Jan20560CE.NFO,07/01/2020,09:56:39,5.35,5.3,4000,5.35,5000,1000,401000
M&M30Jan20560CE.NFO,07/01/2020,09:56:43,5.35,5.3,4000,5.35,5000,0,401000
M&M30Jan20560CE.NFO,07/01/2020,09:56:47,5.3,5.3,3000,5.35,5000,1000,401000
M&M30Jan20560CE.NFO,07/01/2020,09:56:51,5.3,5.3,2000,5.35,5000,0,401000
M&M30Jan20560CE.NFO,07/01/2020,09:56:56,5.3,5.3,2000,5.35,6000,0,401000
M&M30Jan20560CE.NFO,07/01/2020,09:57:05,5.3,5.3,4000,5.35,6000,2000,401000
M&M30Jan20560CE.NFO,07/01/2020,09:57:10,5.3,5.3,5000,5.35,6000,0,401000
M&M30Jan20560CE.NFO,07/01/2020,09:57:14,5.35,5.3,2000,5.35,3000,3000,401000
M&M30Jan20560CE.NFO,07/01/2020,09:57:17,5.35,5.3,3000,5.35,2000,0,401000
M&M30Jan20560CE.NFO,07/01/2020,09:57:22,5.35,5.3,4000,5.35,2000,0,401000
M&M30Jan20560CE.NFO,07/01/2020,09:57:26,5.35,5.3,6000,5.35,1000,1000,401000
M&M30Jan20560CE.NFO,07/01/2020,09:57:31,5.35,5.3,3000,5.4,2000,1000,401000
M&M30Jan20560CE.NFO,07/01/2020,09:57:35,5.35,5.3,3000,5.4,2000,0,401000
M&M30Jan20560CE.NFO,07/01/2020,09:57:38,5.4,5.35,2000,5.45,1000,1000,401000
M&M30Jan20560CE.NFO,07/01/2020,09:57:42,5.4,5.35,2000,5.45,1000,0,401000
M&M30Jan20560CE.NFO,07/01/2020,09:57:46,5.35,5.35,3000,5.5,3000,1000,401000
M&M30Jan20560CE.NFO,07/01/2020,09:57:51,5.4,5.35,4000,5.5,5000,4000,401000
M&M30Jan20560CE.NFO,07/01/2020,09:57:56,5.4,5.35,3000,5.5,5000,1000,401000
M&M30Jan20560CE.NFO,07/01/2020,09:58:01,5.4,5.35,3000,5.5,5000,0,401000
M&M30Jan20560CE.NFO,07/01/2020,09:58:05,5.4,5.35,1000,5.45,2000,0,401000
M&M30Jan20560CE.NFO,07/01/2020,09:58:10,5.4,5.35,1000,5.45,3000,0,401000
M&M30Jan20560CE.NFO,07/01/2020,09:58:36,5.4,5.35,2000,5.45,3000,0,401000
M&M30Jan20560CE.NFO,07/01/2020,09:58:45,5.4,5.35,2000,5.45,2000,0,401000
M&M30Jan20560CE.NFO,07/01/2020,09:58:51,5.4,5.3,2000,5.35,3000,1000,401000
M&M30Jan20560CE.NFO,07/01/2020,09:58:57,5.4,5.3,4000,5.4,1000,0,401000
M&M30Jan20560CE.NFO,07/01/2020,09:59:08,5.3,5.25,5000,5.35,1000,1000,401000
M&M30Jan20560CE.NFO,07/01/2020,09:59:14,5.3,5.25,5000,5.35,1000,0,401000
M&M30Jan20560CE.NFO,07/01/2020,09:59:19,5.3,5.25,2000,5.35,2000,0,401000
M&M30Jan20560CE.NFO,07/01/2020,09:59:25,5.3,5.25,4000,5.4,3000,0,401000
M&M30Jan20560CE.NFO,07/01/2020,09:59:30,5.3,5.3,2000,5.4,1000,0,401000
M&M30Jan20560CE.NFO,07/01/2020,09:59:46,5.3,5.3,2000,5.4,2000,0,401000
M&M30Jan20560CE.NFO,07/01/2020,09:59:52,5.3,5.3,1000,5.4,2000,0,401000
M&M30Jan20560CE.NFO,07/01/2020,10:00:03,5.3,5.3,2000,5.4,2000,0,401000
M&M30Jan20560CE.NFO,07/01/2020,10:00:08,5.3,5.3,1000,5.4,2000,0,401000
M&M30Jan20560CE.NFO,07/01/2020,10:00:14,5.3,5.3,3000,5.4,2000,0,401000
M&M30Jan20560CE.NFO,07/01/2020,10:00:19,5.3,5.25,5000,5.4,2000,0,401000
M&M30Jan20560CE.NFO,07/01/2020,10:00:25,5.3,5.3,5000,5.45,3000,0,401000
M&M30Jan20560CE.NFO,07/01/2020,10:00:30,5.3,5.3,2000,5.45,2000,0,401000
M&M30Jan20560CE.NFO,07/01/2020,10:00:35,5.3,5.3,1000,5.4,1000,0,401000
M&M30Jan20560CE.NFO,07/01/2020,10:00:41,5.3,5.3,1000,5.45,2000,0,401000
M&M30Jan20560CE.NFO,07/01/2020,10:00:48,5.3,5.2,3000,5.35,2000,0,401000
M&M30Jan20560CE.NFO,07/01/2020,10:00:55,5.3,5.25,1000,5.35,2000,0,401000
M&M30Jan20560CE.NFO,07/01/2020,10:01:07,5.25,5.2,4000,5.35,2000,1000,397000
M&M30Jan20560CE.NFO,07/01/2020,10:01:20,5.25,5.2,7000,5.35,2000,0,397000
M&M30Jan20560CE.NFO,07/01/2020,10:01:26,5.25,5.25,1000,5.35,2000,0,397000
M&M30Jan20560CE.NFO,07/01/2020,10:01:32,5.25,5.25,7000,5.4,2000,0,397000
M&M30Jan20560CE.NFO,07/01/2020,10:01:38,5.25,5.25,8000,5.4,2000,0,397000
M&M30Jan20560CE.NFO,07/01/2020,10:01:44,5.25,5.2,7000,5.35,3000,0,397000
M&M30Jan20560CE.NFO,07/01/2020,10:01:49,5.25,5.25,2000,5.35,1000,0,397000
M&M30Jan20560CE.NFO,07/01/2020,10:01:55,5.25,5.25,3000,5.35,1000,0,397000
M&M30Jan20560CE.NFO,07/01/2020,10:02:00,5.25,5.25,1000,5.35,1000,0,397000
M&M30Jan20560CE.NFO,07/01/2020,10:02:11,5.25,5.25,3000,5.35,1000,0,397000
M&M30Jan20560CE.NFO,07/01/2020,10:02:22,5.25,5.25,5000,5.35,1000,0,397000
M&M30Jan20560CE.NFO,07/01/2020,10:02:27,5.25,5.25,2000,5.35,2000,0,397000
M&M30Jan20560CE.NFO,07/01/2020,10:02:38,5.25,5.25,5000,5.35,2000,0,397000
M&M30Jan20560CE.NFO,07/01/2020,10:02:49,5.25,5.25,4000,5.35,2000,0,397000
M&M30Jan20560CE.NFO,07/01/2020,10:02:54,5.35,5.3,1000,5.4,2000,1000,396000
M&M30Jan20560CE.NFO,07/01/2020,10:03:00,5.35,5.3,1000,5.4,2000,0,396000
M&M30Jan20560CE.NFO,07/01/2020,10:03:05,5.35,5.25,6000,5.35,1000,0,396000
M&M30Jan20560CE.NFO,07/01/2020,10:03:09,5.35,5.3,3000,5.35,1000,0,396000
M&M30Jan20560CE.NFO,07/01/2020,10:03:14,5.35,5.25,6000,5.35,1000,0,396000
M&M30Jan20560CE.NFO,07/01/2020,10:03:19,5.35,5.25,2000,5.35,3000,0,396000
M&M30Jan20560CE.NFO,07/01/2020,10:03:23,5.35,5.25,5000,5.35,2000,0,396000
M&M30Jan20560CE.NFO,07/01/2020,10:03:33,5.35,5.25,5000,5.35,1000,0,396000
M&M30Jan20560CE.NFO,07/01/2020,10:03:41,5.35,5.25,5000,5.35,2000,0,396000
M&M30Jan20560CE.NFO,07/01/2020,10:03:46,5.35,5.25,4000,5.35,2000,0,396000
M&M30Jan20560CE.NFO,07/01/2020,10:03:50,5.35,5.25,3000,5.35,2000,0,396000
M&M30Jan20560CE.NFO,07/01/2020,10:03:55,5.35,5.25,1000,5.35,3000,0,396000
M&M30Jan20560CE.NFO,07/01/2020,10:04:00,5.35,5.25,4000,5.35,2000,0,396000
M&M30Jan20560CE.NFO,07/01/2020,10:04:23,5.35,5.25,5000,5.35,2000,0,396000
M&M30Jan20560CE.NFO,07/01/2020,10:04:36,5.35,5.25,4000,5.35,2000,0,396000
M&M30Jan20560CE.NFO,07/01/2020,10:04:41,5.35,5.25,4000,5.35,1000,0,396000
M&M30Jan20560CE.NFO,07/01/2020,10:04:54,5.35,5.25,1000,5.3,1000,0,396000
M&M30Jan20560CE.NFO,07/01/2020,10:05:08,5.35,5.25,3000,5.3,1000,0,396000
M&M30Jan20560CE.NFO,07/01/2020,10:05:12,5.35,5.2,6000,5.3,3000,0,396000
M&M30Jan20560CE.NFO,07/01/2020,10:05:21,5.35,5.2,6000,5.3,1000,0,396000
M&M30Jan20560CE.NFO,07/01/2020,10:05:25,5.35,5.2,5000,5.3,3000,0,396000
M&M30Jan20560CE.NFO,07/01/2020,10:05:42,5.2,5.2,4000,5.3,2000,1000,398000
M&M30Jan20560CE.NFO,07/01/2020,10:05:48,5.3,5.25,5000,5.35,1000,1000,398000
M&M30Jan20560CE.NFO,07/01/2020,10:05:59,5.3,5.25,2000,5.3,1000,0,398000
M&M30Jan20560CE.NFO,07/01/2020,10:06:15,5.3,5.25,3000,5.3,1000,0,398000
M&M30Jan20560CE.NFO,07/01/2020,10:06:21,5.3,5.2,3000,5.3,3000,0,398000
M&M30Jan20560CE.NFO,07/01/2020,10:06:32,5.25,5.25,2000,5.3,1000,1000,398000
M&M30Jan20560CE.NFO,07/01/2020,10:06:37,5.3,5.3,3000,5.35,1000,1000,398000
M&M30Jan20560CE.NFO,07/01/2020,10:06:43,5.3,5.3,1000,5.35,3000,0,398000
M&M30Jan20560CE.NFO,07/01/2020,10:06:49,5.3,5.25,2000,5.35,3000,0,398000
M&M30Jan20560CE.NFO,07/01/2020,10:07:17,5.3,5.25,2000,5.35,2000,0,398000
M&M30Jan20560CE.NFO,07/01/2020,10:07:23,5.3,5.25,2000,5.35,3000,0,398000
M&M30Jan20560CE.NFO,07/01/2020,10:07:28,5.3,5.25,4000,5.35,2000,0,398000
M&M30Jan20560CE.NFO,07/01/2020,10:07:34,5.3,5.25,2000,5.35,2000,0,398000
M&M30Jan20560CE.NFO,07/01/2020,10:07:38,5.3,5.25,3000,5.35,2000,0,398000
M&M30Jan20560CE.NFO,07/01/2020,10:08:08,5.3,5.25,1000,5.35,3000,0,398000
M&M30Jan20560CE.NFO,07/01/2020,10:08:17,5.3,5.25,2000,5.35,3000,0,398000
M&M30Jan20560CE.NFO,07/01/2020,10:08:36,5.3,5.25,2000,5.35,2000,0,398000
M&M30Jan20560CE.NFO,07/01/2020,10:08:50,5.3,5.25,2000,5.35,3000,0,398000
M&M30Jan20560CE.NFO,07/01/2020,10:09:24,5.3,5.25,3000,5.35,3000,0,398000
M&M30Jan20560CE.NFO,07/01/2020,10:09:33,5.3,5.25,1000,5.35,4000,0,398000
M&M30Jan20560CE.NFO,07/01/2020,10:09:37,5.35,5.25,2000,5.35,2000,2000,399000
M&M30Jan20560CE.NFO,07/01/2020,10:09:41,5.35,5.25,1000,5.35,2000,0,399000
M&M30Jan20560CE.NFO,07/01/2020,10:09:46,5.35,5.25,1000,5.35,3000,0,399000
M&M30Jan20560CE.NFO,07/01/2020,10:09:50,5.35,5.2,1000,5.3,2000,0,399000
M&M30Jan20560CE.NFO,07/01/2020,10:09:59,5.35,5.25,1000,5.35,3000,0,399000
M&M30Jan20560CE.NFO,07/01/2020,10:10:10,5.35,5.25,1000,5.35,2000,0,399000
M&M30Jan20560CE.NFO,07/01/2020,10:10:36,5.35,5.25,3000,5.35,2000,0,399000
M&M30Jan20560CE.NFO,07/01/2020,10:10:44,5.35,5.25,3000,5.35,1000,0,399000
M&M30Jan20560CE.NFO,07/01/2020,10:10:49,5.35,5.3,1000,5.4,4000,0,399000
M&M30Jan20560CE.NFO,07/01/2020,10:10:53,5.35,5.25,4000,5.4,4000,0,399000
M&M30Jan20560CE.NFO,07/01/2020,10:11:06,5.35,5.25,5000,5.4,4000,0,399000
M&M30Jan20560CE.NFO,07/01/2020,10:11:15,5.35,5.25,3000,5.35,2000,0,399000
M&M30Jan20560CE.NFO,07/01/2020,10:11:21,5.35,5.25,2000,5.35,2000,0,399000
M&M30Jan20560CE.NFO,07/01/2020,10:11:26,5.35,5.25,3000,5.35,2000,0,399000
M&M30Jan20560CE.NFO,07/01/2020,10:11:42,5.35,5.25,2000,5.35,2000,0,399000
M&M30Jan20560CE.NFO,07/01/2020,10:11:47,5.35,5.25,3000,5.35,2000,0,399000
M&M30Jan20560CE.NFO,07/01/2020,10:12:02,5.35,5.25,2000,5.35,2000,0,399000
M&M30Jan20560CE.NFO,07/01/2020,10:12:08,5.35,5.25,3000,5.35,2000,0,399000
M&M30Jan20560CE.NFO,07/01/2020,10:12:14,5.35,5.25,1000,5.35,3000,0,399000
M&M30Jan20560CE.NFO,07/01/2020,10:12:20,5.35,5.25,1000,5.35,4000,0,399000
M&M30Jan20560CE.NFO,07/01/2020,10:12:24,5.35,5.2,4000,5.35,4000,0,399000
M&M30Jan20560CE.NFO,07/01/2020,10:12:38,5.35,5.25,2000,5.35,2000,0,399000
M&M30Jan20560CE.NFO,07/01/2020,10:12:43,5.35,5.25,1000,5.35,4000,0,399000
M&M30Jan20560CE.NFO,07/01/2020,10:12:58,5.35,5.25,1000,5.35,3000,0,399000
M&M30Jan20560CE.NFO,07/01/2020,10:13:03,5.35,5.25,2000,5.35,3000,0,399000
M&M30Jan20560CE.NFO,07/01/2020,10:13:14,5.35,5.25,1000,5.35,3000,0,399000
M&M30Jan20560CE.NFO,07/01/2020,10:13:19,5.35,5.25,1000,5.35,2000,0,399000
M&M30Jan20560CE.NFO,07/01/2020,10:13:24,5.35,5.25,1000,5.35,3000,0,399000
M&M30Jan20560CE.NFO,07/01/2020,10:13:42,5.35,5.25,3000,5.35,2000,0,399000
M&M30Jan20560CE.NFO,07/01/2020,10:13:47,5.35,5.25,2000,5.35,2000,0,399000
M&M30Jan20560CE.NFO,07/01/2020,10:13:53,5.35,5.2,5000,5.35,3000,0,399000
M&M30Jan20560CE.NFO,07/01/2020,10:13:58,5.35,5.25,1000,5.35,4000,0,399000
M&M30Jan20560CE.NFO,07/01/2020,10:14:12,5.35,5.25,1000,5.35,3000,0,399000
M&M30Jan20560CE.NFO,07/01/2020,10:14:23,5.35,5.25,1000,5.35,4000,0,399000
M&M30Jan20560CE.NFO,07/01/2020,10:14:58,5.35,5.3,1000,5.35,1000,0,399000
M&M30Jan20560CE.NFO,07/01/2020,10:15:04,5.35,5.25,4000,5.35,2000,0,399000
M&M30Jan20560CE.NFO,07/01/2020,10:15:19,5.35,5.25,2000,5.35,3000,0,399000
M&M30Jan20560CE.NFO,07/01/2020,10:15:43,5.35,5.25,1000,5.35,3000,0,399000
M&M30Jan20560CE.NFO,07/01/2020,10:15:49,5.25,5.15,1000,5.25,4000,1000,398000
M&M30Jan20560CE.NFO,07/01/2020,10:15:55,5.25,5.15,1000,5.25,4000,0,398000
M&M30Jan20560CE.NFO,07/01/2020,10:16:05,5.25,5.1,5000,5.25,5000,0,398000
M&M30Jan20560CE.NFO,07/01/2020,10:16:14,5.25,5.1,6000,5.25,5000,0,398000
M&M30Jan20560CE.NFO,07/01/2020,10:16:18,5.25,5.1,4000,5.25,5000,0,398000
M&M30Jan20560CE.NFO,07/01/2020,10:16:27,5.25,5.1,5000,5.25,5000,0,398000
M&M30Jan20560CE.NFO,07/01/2020,10:16:32,5.25,5.1,3000,5.25,5000,0,398000
M&M30Jan20560CE.NFO,07/01/2020,10:16:47,5.25,5.1,2000,5.25,5000,0,398000
M&M30Jan20560CE.NFO,07/01/2020,10:16:51,5.25,5.1,3000,5.25,5000,0,398000
M&M30Jan20560CE.NFO,07/01/2020,10:17:00,5.25,5.1,2000,5.25,5000,0,398000
M&M30Jan20560CE.NFO,07/01/2020,10:17:04,5.25,5.1,1000,5.2,2000,0,398000
M&M30Jan20560CE.NFO,07/01/2020,10:17:09,5.15,5.1,1000,5.2,2000,1000,398000
M&M30Jan20560CE.NFO,07/01/2020,10:17:14,5.15,5.1,6000,5.25,4000,0,398000
M&M30Jan20560CE.NFO,07/01/2020,10:17:17,5.15,5.1,5000,5.2,1000,0,398000
M&M30Jan20560CE.NFO,07/01/2020,10:17:21,5.15,5.1,4000,5.2,1000,0,398000
M&M30Jan20560CE.NFO,07/01/2020,10:17:25,5.15,5.1,2000,5.2,2000,0,398000
M&M30Jan20560CE.NFO,07/01/2020,10:17:29,5.15,5.15,2000,5.25,3000,0,398000
M&M30Jan20560CE.NFO,07/01/2020,10:17:44,5.15,5.15,1000,5.2,2000,0,398000
M&M30Jan20560CE.NFO,07/01/2020,10:17:49,5.15,5.15,1000,5.2,1000,0,398000
M&M30Jan20560CE.NFO,07/01/2020,10:17:54,5.15,5.1,3000,5.2,2000,0,398000
M&M30Jan20560CE.NFO,07/01/2020,10:17:59,5.15,5.15,1000,5.2,1000,0,398000
M&M30Jan20560CE.NFO,07/01/2020,10:18:28,5.2,5.2,1000,5.25,2000,1000,396000
M&M30Jan20560CE.NFO,07/01/2020,10:18:32,5.25,5.2,3000,5.3,3000,2000,396000
M&M30Jan20560CE.NFO,07/01/2020,10:18:38,5.25,5.25,1000,5.3,2000,0,396000
M&M30Jan20560CE.NFO,07/01/2020,10:18:43,5.25,5.2,1000,5.3,3000,0,396000
M&M30Jan20560CE.NFO,07/01/2020,10:18:49,5.25,5.2,1000,5.25,1000,0,396000
M&M30Jan20560CE.NFO,07/01/2020,10:18:54,5.25,5.15,3000,5.25,1000,0,396000
M&M30Jan20560CE.NFO,07/01/2020,10:18:58,5.25,5.2,3000,5.25,1000,0,396000
M&M30Jan20560CE.NFO,07/01/2020,10:19:03,5.25,5.2,4000,5.25,1000,0,396000
M&M30Jan20560CE.NFO,07/01/2020,10:19:08,5.25,5.2,3000,5.25,1000,0,396000
M&M30Jan20560CE.NFO,07/01/2020,10:19:21,5.25,5.2,3000,5.25,2000,0,396000
M&M30Jan20560CE.NFO,07/01/2020,10:19:44,5.25,5.2,2000,5.25,1000,0,396000
M&M30Jan20560CE.NFO,07/01/2020,10:19:47,5.25,5.2,2000,5.3,2000,1000,396000
M&M30Jan20560CE.NFO,07/01/2020,10:19:51,5.25,5.25,3000,5.35,2000,0,396000
M&M30Jan20560CE.NFO,07/01/2020,10:20:12,5.25,5.25,2000,5.35,2000,0,396000
M&M30Jan20560CE.NFO,07/01/2020,10:20:30,5.25,5.25,1000,5.3,1000,0,396000
M&M30Jan20560CE.NFO,07/01/2020,10:20:34,5.25,5.25,1000,5.35,2000,0,396000
M&M30Jan20560CE.NFO,07/01/2020,10:20:38,5.25,5.25,2000,5.35,2000,0,396000
M&M30Jan20560CE.NFO,07/01/2020,10:20:47,5.25,5.3,2000,5.4,3000,0,396000
M&M30Jan20560CE.NFO,07/01/2020,10:20:51,5.25,5.3,2000,5.4,2000,0,396000
M&M30Jan20560CE.NFO,07/01/2020,10:20:55,5.25,5.3,2000,5.4,3000,0,396000
M&M30Jan20560CE.NFO,07/01/2020,10:20:58,5.25,5.3,2000,5.4,2000,0,396000
M&M30Jan20560CE.NFO,07/01/2020,10:21:06,5.25,5.3,2000,5.4,3000,0,396000
M&M30Jan20560CE.NFO,07/01/2020,10:21:14,5.25,5.3,1000,5.35,1000,0,396000
M&M30Jan20560CE.NFO,07/01/2020,10:21:22,5.25,5.3,2000,5.4,4000,0,396000
M&M30Jan20560CE.NFO,07/01/2020,10:21:44,5.25,5.3,1000,5.4,4000,0,396000
M&M30Jan20560CE.NFO,07/01/2020,10:21:47,5.25,5.3,2000,5.4,4000,0,396000
M&M30Jan20560CE.NFO,07/01/2020,10:21:57,5.25,5.35,1000,5.4,2000,0,396000
M&M30Jan20560CE.NFO,07/01/2020,10:22:03,5.4,5.35,2000,5.45,3000,1000,396000
M&M30Jan20560CE.NFO,07/01/2020,10:22:06,5.4,5.35,1000,5.4,1000,0,396000
M&M30Jan20560CE.NFO,07/01/2020,10:22:18,5.4,5.35,1000,5.45,4000,0,396000
M&M30Jan20560CE.NFO,07/01/2020,10:22:23,5.4,5.35,2000,5.45,4000,0,396000
M&M30Jan20560CE.NFO,07/01/2020,10:22:25,5.4,5.35,1000,5.45,4000,0,396000
M&M30Jan20560CE.NFO,07/01/2020,10:22:30,5.4,5.35,2000,5.45,4000,0,396000
M&M30Jan20560CE.NFO,07/01/2020,10:22:35,5.4,5.35,2000,5.45,3000,0,396000
M&M30Jan20560CE.NFO,07/01/2020,10:22:38,5.4,5.35,2000,5.45,4000,0,396000
M&M30Jan20560CE.NFO,07/01/2020,10:22:42,5.4,5.35,2000,5.45,2000,0,396000
M&M30Jan20560CE.NFO,07/01/2020,10:22:48,5.4,5.3,3000,5.4,1000,0,396000
M&M30Jan20560CE.NFO,07/01/2020,10:23:03,5.4,5.35,2000,5.45,2000,0,396000
M&M30Jan20560CE.NFO,07/01/2020,10:23:08,5.4,5.35,2000,5.4,1000,0,396000
M&M30Jan20560CE.NFO,07/01/2020,10:23:17,5.4,5.35,3000,5.4,1000,0,396000
M&M30Jan20560CE.NFO,07/01/2020,10:23:25,5.4,5.35,2000,5.4,1000,0,396000
M&M30Jan20560CE.NFO,07/01/2020,10:23:36,5.35,5.35,1000,5.4,2000,1000,395000
M&M30Jan20560CE.NFO,07/01/2020,10:23:49,5.35,5.35,3000,5.4,2000,0,395000
M&M30Jan20560CE.NFO,07/01/2020,10:23:56,5.35,5.35,2000,5.4,2000,0,395000
M&M30Jan20560CE.NFO,07/01/2020,10:24:03,5.35,5.35,3000,5.4,2000,0,395000
M&M30Jan20560CE.NFO,07/01/2020,10:24:12,5.35,5.35,2000,5.4,2000,0,395000
M&M30Jan20560CE.NFO,07/01/2020,10:24:19,5.35,5.35,3000,5.4,2000,0,395000
M&M30Jan20560CE.NFO,07/01/2020,10:24:26,5.35,5.35,4000,5.4,2000,0,395000
M&M30Jan20560CE.NFO,07/01/2020,10:24:36,5.35,5.35,4000,5.4,3000,0,395000
M&M30Jan20560CE.NFO,07/01/2020,10:24:39,5.4,5.4,4000,5.5,2000,3000,395000
M&M30Jan20560CE.NFO,07/01/2020,10:24:42,5.4,5.4,3000,5.5,3000,0,395000
M&M30Jan20560CE.NFO,07/01/2020,10:24:54,5.4,5.4,4000,5.5,3000,0,395000
M&M30Jan20560CE.NFO,07/01/2020,10:25:01,5.4,5.4,2000,5.5,3000,0,395000
M&M30Jan20560CE.NFO,07/01/2020,10:25:05,5.4,5.4,1000,5.5,3000,0,395000
M&M30Jan20560CE.NFO,07/01/2020,10:25:08,5.5,5.4,2000,5.5,2000,1000,395000
M&M30Jan20560CE.NFO,07/01/2020,10:25:11,5.5,5.4,2000,5.5,1000,0,395000
M&M30Jan20560CE.NFO,07/01/2020,10:25:17,5.5,5.3,4000,5.45,1000,0,395000
M&M30Jan20560CE.NFO,07/01/2020,10:25:21,5.5,5.35,1000,5.45,3000,0,395000
M&M30Jan20560CE.NFO,07/01/2020,10:25:25,5.5,5.35,1000,5.45,4000,0,395000
M&M30Jan20560CE.NFO,07/01/2020,10:25:29,5.5,5.35,1000,5.45,3000,0,395000
M&M30Jan20560CE.NFO,07/01/2020,10:25:33,5.5,5.3,3000,5.45,2000,0,395000
M&M30Jan20560CE.NFO,07/01/2020,10:25:44,5.5,5.3,3000,5.4,1000,0,395000
M&M30Jan20560CE.NFO,07/01/2020,10:25:49,5.5,5.3,3000,5.4,2000,0,395000
M&M30Jan20560CE.NFO,07/01/2020,10:25:54,5.5,5.3,1000,5.4,2000,0,395000
M&M30Jan20560CE.NFO,07/01/2020,10:26:03,5.5,5.3,2000,5.4,2000,0,395000
M&M30Jan20560CE.NFO,07/01/2020,10:26:06,5.5,5.3,3000,5.4,2000,0,395000
M&M30Jan20560CE.NFO,07/01/2020,10:26:11,5.5,5.3,3000,5.4,1000,0,395000
M&M30Jan20560CE.NFO,07/01/2020,10:26:16,5.5,5.3,2000,5.4,1000,0,395000
M&M30Jan20560CE.NFO,07/01/2020,10:26:23,5.5,5.3,2000,5.4,2000,0,395000
M&M30Jan20560CE.NFO,07/01/2020,10:26:40,5.5,5.3,1000,5.4,2000,0,395000
M&M30Jan20560CE.NFO,07/01/2020,10:26:43,5.5,5.3,1000,5.4,3000,0,395000
M&M30Jan20560CE.NFO,07/01/2020,10:26:50,5.3,5.25,1000,5.35,2000,1000,396000
M&M30Jan20560CE.NFO,07/01/2020,10:27:02,5.3,5.25,4000,5.35,1000,0,396000
M&M30Jan20560CE.NFO,07/01/2020,10:27:05,5.3,5.25,3000,5.35,1000,0,396000
M&M30Jan20560CE.NFO,07/01/2020,10:27:08,5.3,5.25,4000,5.35,1000,0,396000
M&M30Jan20560CE.NFO,07/01/2020,10:27:15,5.3,5.3,1000,5.4,3000,0,396000
M&M30Jan20560CE.NFO,07/01/2020,10:27:19,5.3,5.25,4000,5.4,3000,0,396000
M&M30Jan20560CE.NFO,07/01/2020,10:27:29,5.3,5.25,4000,5.4,2000,0,396000
M&M30Jan20560CE.NFO,07/01/2020,10:27:33,5.3,5.25,4000,5.4,3000,0,396000
M&M30Jan20560CE.NFO,07/01/2020,10:27:36,5.3,5.3,2000,5.4,2000,0,396000
M&M30Jan20560CE.NFO,07/01/2020,10:27:43,5.3,5.3,2000,5.4,1000,0,396000
M&M30Jan20560CE.NFO,07/01/2020,10:27:47,5.3,5.25,2000,5.35,1000,0,396000
M&M30Jan20560CE.NFO,07/01/2020,10:27:54,5.3,5.25,2000,5.35,2000,0,396000
M&M30Jan20560CE.NFO,07/01/2020,10:28:03,5.3,5.25,4000,5.35,1000,0,396000
M&M30Jan20560CE.NFO,07/01/2020,10:28:09,5.3,5.3,4000,5.4,1000,0,396000
M&M30Jan20560CE.NFO,07/01/2020,10:28:15,5.3,5.35,2000,5.45,5000,0,396000
M&M30Jan20560CE.NFO,07/01/2020,10:28:19,5.3,5.35,2000,5.5,3000,0,396000
M&M30Jan20560CE.NFO,07/01/2020,10:28:22,5.3,5.35,2000,5.45,2000,0,396000
M&M30Jan20560CE.NFO,07/01/2020,10:28:25,5.3,5.35,2000,5.45,1000,0,396000
M&M30Jan20560CE.NFO,07/01/2020,10:28:36,5.3,5.35,2000,5.45,2000,0,396000
M&M30Jan20560CE.NFO,07/01/2020,10:28:40,5.3,5.35,1000,5.4,5000,0,396000
M&M30Jan20560CE.NFO,07/01/2020,10:28:43,5.3,5.25,3000,5.35,2000,0,396000
M&M30Jan20560CE.NFO,07/01/2020,10:28:46,5.3,5.2,4000,5.35,2000,0,396000
M&M30Jan20560CE.NFO,07/01/2020,10:28:50,5.3,5.25,3000,5.35,1000,0,396000
M&M30Jan20560CE.NFO,07/01/2020,10:28:59,5.3,5.25,2000,5.35,1000,0,396000
M&M30Jan20560CE.NFO,07/01/2020,10:29:02,5.3,5.25,3000,5.35,1000,0,396000
M&M30Jan20560CE.NFO,07/01/2020,10:29:11,5.3,5.25,1000,5.35,1000,0,396000
M&M30Jan20560CE.NFO,07/01/2020,10:29:14,5.3,5.2,3000,5.3,1000,0,396000
M&M30Jan20560CE.NFO,07/01/2020,10:29:17,5.3,5.25,1000,5.35,1000,0,396000
M&M30Jan20560CE.NFO,07/01/2020,10:29:21,5.3,5.25,1000,5.35,3000,0,396000
M&M30Jan20560CE.NFO,07/01/2020,10:29:37,5.3,5.2,4000,5.3,1000,1000,396000
M&M30Jan20560CE.NFO,07/01/2020,10:29:43,5.3,5.2,4000,5.3,1000,0,396000
M&M30Jan20560CE.NFO,07/01/2020,10:29:46,5.3,5.2,3000,5.3,1000,0,396000
M&M30Jan20560CE.NFO,07/01/2020,10:30:02,5.3,5.25,1000,5.35,3000,1000,396000
M&M30Jan20560CE.NFO,07/01/2020,10:30:05,5.3,5.2,4000,5.35,4000,0,396000
M&M30Jan20560CE.NFO,07/01/2020,10:30:20,5.3,5.25,1000,5.35,3000,0,396000
M&M30Jan20560CE.NFO,07/01/2020,10:30:22,5.3,5.2,5000,5.35,3000,0,396000
M&M30Jan20560CE.NFO,07/01/2020,10:30:26,5.3,5.2,1000,5.3,3000,0,396000
M&M30Jan20560CE.NFO,07/01/2020,10:30:34,5.3,5.15,6000,5.3,3000,0,396000
M&M30Jan20560CE.NFO,07/01/2020,10:30:46,5.3,5.2,1000,5.3,2000,0,396000
M&M30Jan20560CE.NFO,07/01/2020,10:30:50,5.3,5.2,1000,5.3,3000,0,396000
M&M30Jan20560CE.NFO,07/01/2020,10:30:54,5.3,5.2,1000,5.3,4000,0,396000
M&M30Jan20560CE.NFO,07/01/2020,10:31:00,5.3,5.15,6000,5.3,4000,0,396000
M&M30Jan20560CE.NFO,07/01/2020,10:31:03,5.3,5.15,3000,5.25,1000,0,396000
M&M30Jan20560CE.NFO,07/01/2020,10:31:05,5.3,5.15,3000,5.3,4000,0,396000
M&M30Jan20560CE.NFO,07/01/2020,10:31:08,5.3,5.2,1000,5.25,1000,0,396000
M&M30Jan20560CE.NFO,07/01/2020,10:31:10,5.3,5.15,3000,5.3,5000,0,396000
M&M30Jan20560CE.NFO,07/01/2020,10:31:13,5.3,5.2,1000,5.3,4000,0,396000
M&M30Jan20560CE.NFO,07/01/2020,10:31:16,5.3,5.15,3000,5.3,5000,0,396000
M&M30Jan20560CE.NFO,07/01/2020,10:31:19,5.3,5.15,2000,5.3,5000,0,396000
M&M30Jan20560CE.NFO,07/01/2020,10:31:31,5.3,5.15,3000,5.3,5000,0,396000
M&M30Jan20560CE.NFO,07/01/2020,10:31:34,5.3,5.15,4000,5.3,5000,0,396000
M&M30Jan20560CE.NFO,07/01/2020,10:31:48,5.3,5.15,6000,5.3,5000,0,396000
M&M30Jan20560CE.NFO,07/01/2020,10:32:02,5.3,5.1,3000,5.25,4000,0,396000
M&M30Jan20560CE.NFO,07/01/2020,10:32:06,5.3,5.1,5000,5.25,4000,0,396000
M&M30Jan20560CE.NFO,07/01/2020,10:32:10,5.3,5.1,2000,5.25,4000,0,396000
M&M30Jan20560CE.NFO,07/01/2020,10:32:14,5.3,5.1,1000,5.25,4000,0,396000
M&M30Jan20560CE.NFO,07/01/2020,10:32:18,5.3,5.1,2000,5.25,4000,0,396000
M&M30Jan20560CE.NFO,07/01/2020,10:32:22,5.3,5.15,1000,5.25,4000,0,396000
M&M30Jan20560CE.NFO,07/01/2020,10:32:25,5.3,5.1,1000,5.25,5000,0,396000
M&M30Jan20560CE.NFO,07/01/2020,10:32:37,5.1,5.05,1000,5.15,1000,1000,394000
M&M30Jan20560CE.NFO,07/01/2020,10:32:41,5.1,5.05,3000,5.15,1000,0,394000
M&M30Jan20560CE.NFO,07/01/2020,10:32:45,5.1,5.05,4000,5.15,1000,0,394000
M&M30Jan20560CE.NFO,07/01/2020,10:32:49,5.1,5.05,1000,5.15,2000,0,394000
M&M30Jan20560CE.NFO,07/01/2020,10:32:53,5.1,5.05,1000,5.15,3000,0,394000
M&M30Jan20560CE.NFO,07/01/2020,10:33:05,5.1,5,5000,5.1,1000,0,394000
M&M30Jan20560CE.NFO,07/01/2020,10:33:07,5.1,5.05,1000,5.15,3000,0,394000
M&M30Jan20560CE.NFO,07/01/2020,10:33:17,5.1,5.05,1000,5.15,2000,0,394000
M&M30Jan20560CE.NFO,07/01/2020,10:33:20,5.1,5.05,1000,5.15,3000,0,394000
M&M30Jan20560CE.NFO,07/01/2020,10:33:59,5.1,5,6000,5.1,1000,0,394000
M&M30Jan20560CE.NFO,07/01/2020,10:34:06,5.1,5,2000,5.1,3000,0,394000
M&M30Jan20560CE.NFO,07/01/2020,10:34:14,5.1,5,4000,5.1,2000,0,394000
M&M30Jan20560CE.NFO,07/01/2020,10:34:18,5.1,5,2000,5.05,1000,0,394000
M&M30Jan20560CE.NFO,07/01/2020,10:34:27,5.1,5,4000,5.1,3000,0,394000
M&M30Jan20560CE.NFO,07/01/2020,10:34:35,5.1,5.05,1000,5.15,3000,0,394000
M&M30Jan20560CE.NFO,07/01/2020,10:34:57,5.1,5.05,2000,5.15,3000,0,394000
M&M30Jan20560CE.NFO,07/01/2020,10:35:00,5.1,5.05,1000,5.15,3000,0,394000
M&M30Jan20560CE.NFO,07/01/2020,10:35:20,5.1,5.05,2000,5.15,3000,0,394000
M&M30Jan20560CE.NFO,07/01/2020,10:35:26,5.1,5.05,1000,5.15,3000,0,394000
M&M30Jan20560CE.NFO,07/01/2020,10:35:54,5.1,5.05,2000,5.15,3000,0,394000
M&M30Jan20560CE.NFO,07/01/2020,10:35:57,5.1,5.05,1000,5.15,3000,0,394000
M&M30Jan20560CE.NFO,07/01/2020,10:36:04,5.1,5.05,1000,5.15,2000,0,394000
M&M30Jan20560CE.NFO,07/01/2020,10:36:09,5.1,5.05,1000,5.15,3000,0,394000
M&M30Jan20560CE.NFO,07/01/2020,10:36:12,5.1,5.1,1000,5.15,1000,0,394000
M&M30Jan20560CE.NFO,07/01/2020,10:36:16,5.1,5,6000,5.1,1000,0,394000
M&M30Jan20560CE.NFO,07/01/2020,10:36:23,5.1,5,5000,5.1,1000,0,394000
M&M30Jan20560CE.NFO,07/01/2020,10:36:39,5.1,5,4000,5.1,1000,0,394000
M&M30Jan20560CE.NFO,07/01/2020,10:36:42,5.1,5,4000,5.1,2000,0,394000
M&M30Jan20560CE.NFO,07/01/2020,10:37:02,5.1,5,5000,5.15,3000,0,394000
M&M30Jan20560CE.NFO,07/01/2020,10:37:06,5.1,5,4000,5.1,2000,0,394000
M&M30Jan20560CE.NFO,07/01/2020,10:37:10,5.1,5,4000,5.1,3000,0,394000
M&M30Jan20560CE.NFO,07/01/2020,10:37:14,5.1,5,4000,5.1,2000,0,394000
M&M30Jan20560CE.NFO,07/01/2020,10:37:18,5.1,5,3000,5.05,1000,0,394000
M&M30Jan20560CE.NFO,07/01/2020,10:37:22,5,4.95,3000,5.05,2000,1000,394000
M&M30Jan20560CE.NFO,07/01/2020,10:37:26,5,4.95,4000,5.05,1000,0,394000
M&M30Jan20560CE.NFO,07/01/2020,10:37:30,5,4.95,4000,5.05,2000,0,394000
M&M30Jan20560CE.NFO,07/01/2020,10:37:34,5,4.95,3000,5.05,2000,0,394000
M&M30Jan20560CE.NFO,07/01/2020,10:38:08,5,4.95,4000,5.05,2000,0,394000
M&M30Jan20560CE.NFO,07/01/2020,10:38:13,5,4.95,4000,5.05,1000,0,394000
M&M30Jan20560CE.NFO,07/01/2020,10:38:21,5,5.05,1000,5.1,1000,0,394000
M&M30Jan20560CE.NFO,07/01/2020,10:38:34,5,5.05,1000,5.15,3000,0,394000
M&M30Jan20560CE.NFO,07/01/2020,10:38:39,5,5.05,2000,5.15,3000,0,394000
M&M30Jan20560CE.NFO,07/01/2020,10:39:01,5,5.05,3000,5.15,1000,0,394000
M&M30Jan20560CE.NFO,07/01/2020,10:39:06,5,5.05,1000,5.1,1000,0,394000
M&M30Jan20560CE.NFO,07/01/2020,10:39:18,5,5,2000,5.1,2000,0,394000
M&M30Jan20560CE.NFO,07/01/2020,10:39:22,5,5,1000,5.1,2000,0,394000
M&M30Jan20560CE.NFO,07/01/2020,10:39:28,5,5,4000,5.1,2000,0,394000
M&M30Jan20560CE.NFO,07/01/2020,10:39:30,5,5,1000,5.1,2000,0,394000
M&M30Jan20560CE.NFO,07/01/2020,10:39:36,5,4.9,3000,5,1000,1000,394000
M&M30Jan20560CE.NFO,07/01/2020,10:39:39,5,4.9,5000,5,1000,0,394000
M&M30Jan20560CE.NFO,07/01/2020,10:39:42,5,4.95,1000,5.05,2000,0,394000
M&M30Jan20560CE.NFO,07/01/2020,10:39:45,5,4.95,6000,5.05,1000,0,394000
M&M30Jan20560CE.NFO,07/01/2020,10:39:47,5,5,6000,5.15,2000,0,394000
M&M30Jan20560CE.NFO,07/01/2020,10:39:51,5,5,6000,5.15,3000,0,394000
M&M30Jan20560CE.NFO,07/01/2020,10:40:01,5,5,3000,5.1,2000,0,394000
M&M30Jan20560CE.NFO,07/01/2020,10:40:05,5,5,5000,5.1,2000,0,394000
M&M30Jan20560CE.NFO,07/01/2020,10:40:09,5,5,6000,5.15,4000,0,394000
M&M30Jan20560CE.NFO,07/01/2020,10:40:13,5,5,4000,5.15,3000,0,394000
M&M30Jan20560CE.NFO,07/01/2020,10:40:20,5,5,6000,5.15,3000,0,394000
M&M30Jan20560CE.NFO,07/01/2020,10:40:22,5,5,6000,5.15,2000,0,394000
M&M30Jan20560CE.NFO,07/01/2020,10:40:30,5,5,5000,5.15,2000,0,394000
M&M30Jan20560CE.NFO,07/01/2020,10:40:36,5,5,4000,5.15,4000,0,394000
M&M30Jan20560CE.NFO,07/01/2020,10:40:42,5,5,3000,5.15,3000,0,394000
M&M30Jan20560CE.NFO,07/01/2020,10:40:48,5,5,6000,5.15,2000,0,394000
M&M30Jan20560CE.NFO,07/01/2020,10:40:55,5,5,5000,5.15,2000,0,394000
M&M30Jan20560CE.NFO,07/01/2020,10:41:01,5,5,2000,5.15,3000,0,394000
M&M30Jan20560CE.NFO,07/01/2020,10:41:04,5,5,2000,5.15,2000,0,394000
M&M30Jan20560CE.NFO,07/01/2020,10:41:25,5,5,4000,5.15,1000,0,394000
M&M30Jan20560CE.NFO,07/01/2020,10:41:38,5,5,3000,5.15,1000,0,394000
M&M30Jan20560CE.NFO,07/01/2020,10:41:41,5,5,3000,5.15,2000,0,394000
M&M30Jan20560CE.NFO,07/01/2020,10:41:44,5,5,2000,5.15,2000,0,394000
M&M30Jan20560CE.NFO,07/01/2020,10:42:05,5,5,4000,5.15,2000,0,394000
M&M30Jan20560CE.NFO,07/01/2020,10:42:09,5,5,2000,5.15,2000,0,394000
M&M30Jan20560CE.NFO,07/01/2020,10:42:20,5,5,4000,5.15,2000,0,394000
M&M30Jan20560CE.NFO,07/01/2020,10:42:25,5,5,3000,5.15,2000,0,394000
M&M30Jan20560CE.NFO,07/01/2020,10:42:28,5,5,2000,5.15,2000,0,394000
M&M30Jan20560CE.NFO,07/01/2020,10:42:31,5,5,3000,5.15,2000,0,394000
M&M30Jan20560CE.NFO,07/01/2020,10:42:37,5,5,3000,5.15,1000,0,394000
M&M30Jan20560CE.NFO,07/01/2020,10:42:43,5,5,1000,5.1,1000,0,394000
M&M30Jan20560CE.NFO,07/01/2020,10:43:19,5,5,2000,5.1,1000,0,394000
M&M30Jan20560CE.NFO,07/01/2020,10:43:24,5,5,1000,5.1,1000,0,394000
M&M30Jan20560CE.NFO,07/01/2020,10:43:32,5,5,2000,5.1,2000,0,394000
M&M30Jan20560CE.NFO,07/01/2020,10:43:43,5,5,1000,5.1,2000,0,394000
M&M30Jan20560CE.NFO,07/01/2020,10:43:51,5,5,1000,5.1,3000,0,394000
M&M30Jan20560CE.NFO,07/01/2020,10:43:58,5,5,1000,5.1,2000,0,394000
M&M30Jan20560CE.NFO,07/01/2020,10:44:08,5,5,2000,5.1,2000,0,394000
M&M30Jan20560CE.NFO,07/01/2020,10:44:14,5,5,1000,5.1,2000,0,394000
M&M30Jan20560CE.NFO,07/01/2020,10:44:17,5,5,1000,5.1,1000,0,394000
M&M30Jan20560CE.NFO,07/01/2020,10:44:34,5,5,3000,5.1,1000,0,394000
M&M30Jan20560CE.NFO,07/01/2020,10:44:46,5,5.05,2000,5.1,1000,0,394000
M&M30Jan20560CE.NFO,07/01/2020,10:44:55,5,5.05,1000,5.1,1000,0,394000
M&M30Jan20560CE.NFO,07/01/2020,10:45:03,5.1,5.1,1000,5.15,2000,1000,393000
M&M30Jan20560CE.NFO,07/01/2020,10:45:07,5.1,5.05,2000,5.15,2000,0,393000
M&M30Jan20560CE.NFO,07/01/2020,10:45:11,5.1,5.05,3000,5.15,2000,0,393000
M&M30Jan20560CE.NFO,07/01/2020,10:45:22,5.1,5.05,3000,5.15,1000,0,393000
M&M30Jan20560CE.NFO,07/01/2020,10:45:40,5.1,5.05,2000,5.15,1000,0,393000
M&M30Jan20560CE.NFO,07/01/2020,10:46:07,5.1,5.05,1000,5.15,1000,0,393000
M&M30Jan20560CE.NFO,07/01/2020,10:46:09,5.1,5.05,2000,5.15,1000,0,393000
M&M30Jan20560CE.NFO,07/01/2020,10:46:12,5.1,5.05,3000,5.15,1000,0,393000
M&M30Jan20560CE.NFO,07/01/2020,10:46:17,5.1,5.1,2000,5.2,2000,0,393000
M&M30Jan20560CE.NFO,07/01/2020,10:46:20,5.1,5.1,2000,5.2,4000,0,393000
M&M30Jan20560CE.NFO,07/01/2020,10:46:23,5.1,5.15,2000,5.25,2000,0,393000
M&M30Jan20560CE.NFO,07/01/2020,10:46:26,5.1,5.15,2000,5.25,3000,0,393000
M&M30Jan20560CE.NFO,07/01/2020,10:46:28,5.1,5.15,1000,5.25,3000,0,393000
M&M30Jan20560CE.NFO,07/01/2020,10:46:39,5.1,5.15,2000,5.25,1000,0,393000
M&M30Jan20560CE.NFO,07/01/2020,10:46:48,5.1,5.1,1000,5.2,3000,0,393000
M&M30Jan20560CE.NFO,07/01/2020,10:46:51,5.1,5.05,3000,5.15,1000,0,393000
M&M30Jan20560CE.NFO,07/01/2020,10:47:15,5.1,5.15,1000,5.3,5000,0,393000
M&M30Jan20560CE.NFO,07/01/2020,10:47:21,5.1,5.05,5000,5.2,2000,0,393000
M&M30Jan20560CE.NFO,07/01/2020,10:47:35,5.1,5.1,2000,5.2,1000,0,393000
M&M30Jan20560CE.NFO,07/01/2020,10:47:42,5.1,5.1,1000,5.2,1000,0,393000
M&M30Jan20560CE.NFO,07/01/2020,10:47:57,5.1,5.1,1000,5.2,2000,0,393000
M&M30Jan20560CE.NFO,07/01/2020,10:48:00,5.1,5.1,1000,5.2,1000,0,393000
M&M30Jan20560CE.NFO,07/01/2020,10:48:18,5.1,5.1,2000,5.2,1000,0,393000
M&M30Jan20560CE.NFO,07/01/2020,10:48:29,5.1,5.1,1000,5.2,1000,0,393000
M&M30Jan20560CE.NFO,07/01/2020,10:48:36,5.1,5.1,1000,5.2,2000,0,393000
M&M30Jan20560CE.NFO,07/01/2020,10:48:45,5.1,5.1,1000,5.2,1000,0,393000
M&M30Jan20560CE.NFO,07/01/2020,10:48:52,5.1,5.1,1000,5.2,2000,0,393000
M&M30Jan20560CE.NFO,07/01/2020,10:49:00,5.1,5.1,1000,5.2,1000,0,393000
M&M30Jan20560CE.NFO,07/01/2020,10:49:18,5.1,5.1,1000,5.15,1000,0,393000
M&M30Jan20560CE.NFO,07/01/2020,10:49:24,5.1,5.1,1000,5.15,2000,0,393000
M&M30Jan20560CE.NFO,07/01/2020,10:49:34,5.1,5.05,4000,5.15,1000,0,393000
M&M30Jan20560CE.NFO,07/01/2020,10:50:00,5.1,5.05,1000,5.15,2000,0,393000
M&M30Jan20560CE.NFO,07/01/2020,10:50:11,5.1,5.05,3000,5.15,1000,0,393000
M&M30Jan20560CE.NFO,07/01/2020,10:50:16,5.1,5.1,1000,5.2,2000,0,393000
M&M30Jan20560CE.NFO,07/01/2020,10:50:21,5.1,5.1,2000,5.2,2000,0,393000
M&M30Jan20560CE.NFO,07/01/2020,10:50:34,5.1,5.05,3000,5.15,1000,0,393000
M&M30Jan20560CE.NFO,07/01/2020,10:50:38,5.1,5.1,1000,5.2,2000,0,393000
M&M30Jan20560CE.NFO,07/01/2020,10:50:42,5.1,5.1,2000,5.2,2000,0,393000
M&M30Jan20560CE.NFO,07/01/2020,10:51:02,5.1,5.1,2000,5.2,3000,0,393000
M&M30Jan20560CE.NFO,07/01/2020,10:51:15,5.1,5.1,2000,5.2,2000,0,393000
M&M30Jan20560CE.NFO,07/01/2020,10:51:21,5.1,5.1,2000,5.2,3000,0,393000
M&M30Jan20560CE.NFO,07/01/2020,10:51:24,5.1,5.1,2000,5.2,2000,0,393000
M&M30Jan20560CE.NFO,07/01/2020,10:51:29,5.1,5.1,2000,5.2,3000,0,393000
M&M30Jan20560CE.NFO,07/01/2020,10:51:31,5.1,5.05,4000,5.15,1000,0,393000
M&M30Jan20560CE.NFO,07/01/2020,10:51:35,5.1,5.05,3000,5.15,1000,0,393000
M&M30Jan20560CE.NFO,07/01/2020,10:51:50,5.1,5.05,3000,5.15,2000,0,393000
M&M30Jan20560CE.NFO,07/01/2020,10:52:10,5.1,5.05,2000,5.15,2000,0,393000
M&M30Jan20560CE.NFO,07/01/2020,10:52:33,5.1,5.05,2000,5.15,3000,0,393000
M&M30Jan20560CE.NFO,07/01/2020,10:53:04,5.05,5,1000,5.05,2000,1000,393000
M&M30Jan20560CE.NFO,07/01/2020,10:53:09,5.05,5,1000,5.05,2000,0,393000
M&M30Jan20560CE.NFO,07/01/2020,10:53:14,5,4.9,2000,5,1000,1000,393000
M&M30Jan20560CE.NFO,07/01/2020,10:53:21,5,4.9,3000,5,2000,0,393000
M&M30Jan20560CE.NFO,07/01/2020,10:53:36,5,4.9,3000,5,3000,0,393000
M&M30Jan20560CE.NFO,07/01/2020,10:53:52,5,4.95,2000,5,3000,0,393000
M&M30Jan20560CE.NFO,07/01/2020,10:54:03,4.95,4.9,2000,5,4000,2000,395000
M&M30Jan20560CE.NFO,07/01/2020,10:54:07,4.95,4.9,2000,5,4000,0,395000
M&M30Jan20560CE.NFO,07/01/2020,10:54:22,4.85,4.85,3000,4.95,4000,3000,395000
M&M30Jan20560CE.NFO,07/01/2020,10:54:27,4.85,4.85,1000,4.95,4000,0,395000
M&M30Jan20560CE.NFO,07/01/2020,10:54:31,4.85,4.8,5000,4.9,1000,0,395000
M&M30Jan20560CE.NFO,07/01/2020,10:54:34,4.85,4.8,5000,4.9,2000,0,395000
M&M30Jan20560CE.NFO,07/01/2020,10:54:38,4.85,4.8,2000,4.9,3000,0,395000
M&M30Jan20560CE.NFO,07/01/2020,10:54:41,4.85,4.8,2000,4.85,2000,0,395000
M&M30Jan20560CE.NFO,07/01/2020,10:54:54,4.85,4.8,3000,4.9,4000,0,395000
M&M30Jan20560CE.NFO,07/01/2020,10:55:04,4.85,4.85,1000,4.95,4000,0,395000
M&M30Jan20560CE.NFO,07/01/2020,10:55:09,4.85,4.8,5000,4.9,1000,1000,395000
M&M30Jan20560CE.NFO,07/01/2020,10:55:14,4.85,4.8,5000,4.9,1000,0,395000
M&M30Jan20560CE.NFO,07/01/2020,10:55:18,4.85,4.8,5000,4.95,4000,0,395000
M&M30Jan20560CE.NFO,07/01/2020,10:55:24,4.85,4.8,5000,4.9,1000,0,395000
M&M30Jan20560CE.NFO,07/01/2020,10:55:30,4.85,4.8,4000,4.9,3000,0,395000
M&M30Jan20560CE.NFO,07/01/2020,10:55:36,4.85,4.8,3000,4.9,3000,0,395000
M&M30Jan20560CE.NFO,07/01/2020,10:55:42,4.85,4.8,4000,4.95,4000,0,395000
M&M30Jan20560CE.NFO,07/01/2020,10:55:47,4.85,4.8,3000,4.9,3000,0,395000
M&M30Jan20560CE.NFO,07/01/2020,10:55:52,4.85,4.8,3000,4.9,4000,0,395000
M&M30Jan20560CE.NFO,07/01/2020,10:56:31,4.85,4.8,2000,4.85,1000,0,395000
M&M30Jan20560CE.NFO,07/01/2020,10:56:37,4.85,4.8,2000,4.85,3000,0,395000
M&M30Jan20560CE.NFO,07/01/2020,10:56:42,4.85,4.8,1000,4.85,3000,0,395000
M&M30Jan20560CE.NFO,07/01/2020,10:56:55,4.7,4.55,3000,4.7,3000,3000,391000
M&M30Jan20560CE.NFO,07/01/2020,10:57:01,4.7,4.55,4000,4.7,4000,0,391000
M&M30Jan20560CE.NFO,07/01/2020,10:57:18,4.7,4.55,3000,4.7,3000,0,391000
M&M30Jan20560CE.NFO,07/01/2020,10:57:25,4.7,4.6,2000,4.7,1000,0,391000
M&M30Jan20560CE.NFO,07/01/2020,10:57:32,4.7,4.6,2000,4.7,2000,0,391000
M&M30Jan20560CE.NFO,07/01/2020,10:57:39,4.7,4.55,4000,4.7,4000,0,391000
M&M30Jan20560CE.NFO,07/01/2020,10:57:51,4.7,4.55,4000,4.7,6000,0,391000
M&M30Jan20560CE.NFO,07/01/2020,10:58:03,4.7,4.55,1000,4.65,3000,0,391000
M&M30Jan20560CE.NFO,07/01/2020,10:58:09,4.55,4.5,3000,4.6,3000,1000,391000
M&M30Jan20560CE.NFO,07/01/2020,10:58:16,4.55,4.5,3000,4.6,5000,0,391000
M&M30Jan20560CE.NFO,07/01/2020,10:58:22,4.55,4.5,1000,4.6,6000,0,391000
M&M30Jan20560CE.NFO,07/01/2020,10:58:29,4.55,4.45,3000,4.6,6000,0,391000
M&M30Jan20560CE.NFO,07/01/2020,10:58:42,4.55,4.45,1000,4.55,1000,0,391000
M&M30Jan20560CE.NFO,07/01/2020,10:58:47,4.55,4.5,1000,4.6,3000,0,391000
M&M30Jan20560CE.NFO,07/01/2020,10:58:54,4.55,4.45,1000,4.55,3000,0,391000
M&M30Jan20560CE.NFO,07/01/2020,10:59:07,4.55,4.4,2000,4.55,4000,0,391000
M&M30Jan20560CE.NFO,07/01/2020,10:59:31,4.55,4.4,2000,4.5,2000,0,391000
M&M30Jan20560CE.NFO,07/01/2020,10:59:44,4.55,4.4,1000,4.5,5000,0,391000
M&M30Jan20560CE.NFO,07/01/2020,11:00:00,4.55,4.4,2000,4.5,5000,0,391000
M&M30Jan20560CE.NFO,07/01/2020,11:00:07,4.55,4.4,1000,4.5,5000,0,391000
M&M30Jan20560CE.NFO,07/01/2020,11:00:15,4.5,4.4,3000,4.55,4000,3000,392000
M&M30Jan20560CE.NFO,07/01/2020,11:00:15,4.45,4.4,3000,4.55,4000,0,392000
M&M30Jan20560CE.NFO,07/01/2020,11:00:22,4.5,4.35,2000,4.45,1000,0,392000
M&M30Jan20560CE.NFO,07/01/2020,11:00:28,4.5,4.35,3000,4.5,4000,0,392000
M&M30Jan20560CE.NFO,07/01/2020,11:00:36,4.5,4.35,3000,4.45,1000,0,392000
M&M30Jan20560CE.NFO,07/01/2020,11:00:48,4.5,4.35,1000,4.45,4000,0,392000
M&M30Jan20560CE.NFO,07/01/2020,11:00:55,4.25,4.05,3000,4.2,1000,3000,392000
M&M30Jan20560CE.NFO,07/01/2020,11:00:55,4.25,4.05,3000,4.2,1000,0,392000
M&M30Jan20560CE.NFO,07/01/2020,11:01:02,4.25,4.1,2000,4.2,3000,0,392000
M&M30Jan20560CE.NFO,07/01/2020,11:01:10,4.25,4.15,3000,4.3,3000,0,392000
M&M30Jan20560CE.NFO,07/01/2020,11:01:25,4.25,4.1,3000,4.25,2000,0,392000
M&M30Jan20560CE.NFO,07/01/2020,11:01:33,4.25,4.1,4000,4.25,3000,0,392000
M&M30Jan20560CE.NFO,07/01/2020,11:01:40,4.25,4.15,3000,4.25,2000,0,392000
M&M30Jan20560CE.NFO,07/01/2020,11:01:48,4.25,4.2,2000,4.35,4000,1000,392000
M&M30Jan20560CE.NFO,07/01/2020,11:01:56,4.25,4.2,2000,4.35,4000,0,392000
M&M30Jan20560CE.NFO,07/01/2020,11:02:03,4.2,4.05,5000,4.25,4000,1000,392000
M&M30Jan20560CE.NFO,07/01/2020,11:02:03,4.2,4.05,5000,4.25,4000,0,392000
M&M30Jan20560CE.NFO,07/01/2020,11:02:10,4.15,4.2,1000,4.3,3000,1000,392000
M&M30Jan20560CE.NFO,07/01/2020,11:02:10,4.15,4.2,1000,4.3,3000,0,392000
M&M30Jan20560CE.NFO,07/01/2020,11:02:17,4.3,4.2,2000,4.3,2000,2000,392000
M&M30Jan20560CE.NFO,07/01/2020,11:02:23,4.3,4.2,5000,4.35,1000,0,392000
M&M30Jan20560CE.NFO,07/01/2020,11:02:36,4.3,4.2,4000,4.4,4000,0,392000
M&M30Jan20560CE.NFO,07/01/2020,11:02:42,4.3,4.2,5000,4.4,4000,0,392000
M&M30Jan20560CE.NFO,07/01/2020,11:02:48,4.3,4.2,4000,4.4,4000,0,392000
M&M30Jan20560CE.NFO,07/01/2020,11:02:55,4.3,4.3,1000,4.4,3000,0,392000
M&M30Jan20560CE.NFO,07/01/2020,11:03:01,4.3,4.3,1000,4.4,1000,0,392000
M&M30Jan20560CE.NFO,07/01/2020,11:03:08,4.25,4.2,3000,4.35,5000,1000,395000
M&M30Jan20560CE.NFO,07/01/2020,11:03:28,4.25,4.25,3000,4.4,4000,0,395000
M&M30Jan20560CE.NFO,07/01/2020,11:03:34,4.25,4.25,1000,4.35,1000,0,395000
M&M30Jan20560CE.NFO,07/01/2020,11:03:41,4.25,4.2,5000,4.35,5000,0,395000
M&M30Jan20560CE.NFO,07/01/2020,11:04:03,4.25,4.2,5000,4.35,3000,0,395000
M&M30Jan20560CE.NFO,07/01/2020,11:04:09,4.25,4.25,2000,4.35,4000,0,395000
M&M30Jan20560CE.NFO,07/01/2020,11:04:16,4.25,4.25,1000,4.35,4000,0,395000
M&M30Jan20560CE.NFO,07/01/2020,11:04:35,4.25,4.1,2000,4.25,4000,1000,395000
M&M30Jan20560CE.NFO,07/01/2020,11:04:43,4.25,4.1,4000,4.25,5000,0,395000
M&M30Jan20560CE.NFO,07/01/2020,11:04:56,4.25,4.1,5000,4.25,2000,0,395000
M&M30Jan20560CE.NFO,07/01/2020,11:05:03,4.25,4.1,4000,4.25,4000,0,395000
M&M30Jan20560CE.NFO,07/01/2020,11:05:24,4.25,4.15,1000,4.25,4000,0,395000
M&M30Jan20560CE.NFO,07/01/2020,11:05:31,4.25,4.15,3000,4.3,4000,0,395000
M&M30Jan20560CE.NFO,07/01/2020,11:05:45,4.25,4.25,1000,4.3,1000,0,395000
M&M30Jan20560CE.NFO,07/01/2020,11:05:51,4.25,4.2,3000,4.35,4000,0,395000
M&M30Jan20560CE.NFO,07/01/2020,11:05:59,4.25,4.25,3000,4.35,3000,0,395000
M&M30Jan20560CE.NFO,07/01/2020,11:06:12,4.25,4.3,3000,4.4,3000,0,395000
M&M30Jan20560CE.NFO,07/01/2020,11:06:25,4.25,4.25,5000,4.4,4000,0,395000
M&M30Jan20560CE.NFO,07/01/2020,11:06:41,4.25,4.3,1000,4.4,3000,0,395000
M&M30Jan20560CE.NFO,07/01/2020,11:06:46,4.25,4.3,2000,4.4,3000,0,395000
M&M30Jan20560CE.NFO,07/01/2020,11:06:56,4.25,4.3,2000,4.4,4000,0,395000
M&M30Jan20560CE.NFO,07/01/2020,11:07:02,4.25,4.3,3000,4.4,1000,0,395000
M&M30Jan20560CE.NFO,07/01/2020,11:07:17,4.25,4.3,3000,4.45,5000,0,395000
M&M30Jan20560CE.NFO,07/01/2020,11:07:33,4.25,4.3,5000,4.45,7000,0,395000
M&M30Jan20560CE.NFO,07/01/2020,11:07:38,4.25,4.35,3000,4.45,1000,0,395000
M&M30Jan20560CE.NFO,07/01/2020,11:07:44,4.25,4.3,4000,4.45,4000,0,395000
M&M30Jan20560CE.NFO,07/01/2020,11:07:50,4.25,4.3,5000,4.45,4000,0,395000
M&M30Jan20560CE.NFO,07/01/2020,11:07:55,4.25,4.3,5000,4.45,3000,0,395000
M&M30Jan20560CE.NFO,07/01/2020,11:08:00,4.25,4.3,4000,4.45,5000,0,395000
M&M30Jan20560CE.NFO,07/01/2020,11:08:05,4.25,4.3,5000,4.45,3000,0,395000
M&M30Jan20560CE.NFO,07/01/2020,11:08:09,4.25,4.3,4000,4.45,3000,0,395000
M&M30Jan20560CE.NFO,07/01/2020,11:08:50,4.25,4.35,3000,4.45,2000,0,395000
M&M30Jan20560CE.NFO,07/01/2020,11:08:54,4.25,4.35,2000,4.45,2000,0,395000
M&M30Jan20560CE.NFO,07/01/2020,11:08:59,4.25,4.3,4000,4.45,3000,0,395000
M&M30Jan20560CE.NFO,07/01/2020,11:09:14,4.25,4.3,5000,4.45,1000,0,395000
M&M30Jan20560CE.NFO,07/01/2020,11:09:19,4.25,4.3,5000,4.45,2000,0,395000
M&M30Jan20560CE.NFO,07/01/2020,11:09:29,4.25,4.3,5000,4.45,1000,0,395000
M&M30Jan20560CE.NFO,07/01/2020,11:10:03,4.25,4.3,3000,4.45,4000,0,395000
M&M30Jan20560CE.NFO,07/01/2020,11:10:21,4.25,4.3,3000,4.45,3000,0,395000
M&M30Jan20560CE.NFO,07/01/2020,11:10:40,4.25,4.3,1000,4.4,4000,0,395000
M&M30Jan20560CE.NFO,07/01/2020,11:10:47,4.25,4.3,1000,4.4,2000,0,395000
M&M30Jan20560CE.NFO,07/01/2020,11:10:51,4.25,4.25,3000,4.4,4000,0,395000
M&M30Jan20560CE.NFO,07/01/2020,11:10:54,4.25,4.25,1000,4.35,3000,0,395000
M&M30Jan20560CE.NFO,07/01/2020,11:11:08,4.25,4.25,1000,4.35,4000,0,395000
M&M30Jan20560CE.NFO,07/01/2020,11:11:13,4.2,4.15,2000,4.3,4000,2000,394000
M&M30Jan20560CE.NFO,07/01/2020,11:11:20,4.2,4.15,3000,4.3,4000,0,394000
M&M30Jan20560CE.NFO,07/01/2020,11:11:26,4.2,4.15,1000,4.25,3000,0,394000
M&M30Jan20560CE.NFO,07/01/2020,11:11:34,4.2,4.1,4000,4.25,4000,0,394000
M&M30Jan20560CE.NFO,07/01/2020,11:11:41,4.2,4.1,7000,4.25,4000,0,394000
M&M30Jan20560CE.NFO,07/01/2020,11:11:48,4.2,4.15,4000,4.3,3000,0,394000
M&M30Jan20560CE.NFO,07/01/2020,11:12:01,4.1,4.05,3000,4.2,2000,3000,395000
M&M30Jan20560CE.NFO,07/01/2020,11:12:01,4.1,4.05,3000,4.2,2000,0,395000
M&M30Jan20560CE.NFO,07/01/2020,11:12:16,4.1,4.1,3000,4.2,2000,0,395000
M&M30Jan20560CE.NFO,07/01/2020,11:12:24,4.1,4.05,5000,4.2,3000,0,395000
M&M30Jan20560CE.NFO,07/01/2020,11:12:31,4.1,4.1,2000,4.2,2000,0,395000
M&M30Jan20560CE.NFO,07/01/2020,11:12:37,4.1,4.1,4000,4.2,1000,0,395000
M&M30Jan20560CE.NFO,07/01/2020,11:12:48,4.1,4.1,5000,4.25,4000,0,395000
M&M30Jan20560CE.NFO,07/01/2020,11:12:52,4.1,4.1,4000,4.25,3000,0,395000
M&M30Jan20560CE.NFO,07/01/2020,11:13:03,4.1,4.1,4000,4.25,4000,0,395000
M&M30Jan20560CE.NFO,07/01/2020,11:13:08,4.1,4.1,3000,4.25,3000,0,395000
M&M30Jan20560CE.NFO,07/01/2020,11:13:14,4.1,4.1,4000,4.25,3000,0,395000
M&M30Jan20560CE.NFO,07/01/2020,11:13:26,4.1,4.15,1000,4.25,3000,0,395000
M&M30Jan20560CE.NFO,07/01/2020,11:13:37,4.1,4.1,3000,4.2,2000,0,395000
M&M30Jan20560CE.NFO,07/01/2020,11:13:43,4.1,4.15,2000,4.25,3000,0,395000
M&M30Jan20560CE.NFO,07/01/2020,11:13:55,4.1,4.15,4000,4.3,3000,0,395000
M&M30Jan20560CE.NFO,07/01/2020,11:14:00,4.1,4.2,1000,4.3,3000,0,395000
M&M30Jan20560CE.NFO,07/01/2020,11:14:18,4.1,4.2,2000,4.3,3000,0,395000
M&M30Jan20560CE.NFO,07/01/2020,11:14:23,4.1,4.2,3000,4.3,3000,0,395000
M&M30Jan20560CE.NFO,07/01/2020,11:14:29,4.1,4.2,3000,4.3,2000,0,395000
M&M30Jan20560CE.NFO,07/01/2020,11:14:39,4.1,4.25,3000,4.35,3000,0,395000
M&M30Jan20560CE.NFO,07/01/2020,11:14:43,4.1,4.2,3000,4.35,4000,0,395000
M&M30Jan20560CE.NFO,07/01/2020,11:14:54,4.1,4.3,1000,4.35,4000,0,395000
M&M30Jan20560CE.NFO,07/01/2020,11:15:07,4.3,4.2,3000,4.3,2000,1000,393000
M&M30Jan20560CE.NFO,07/01/2020,11:15:13,4.3,4.2,1000,4.3,2000,0,393000
M&M30Jan20560CE.NFO,07/01/2020,11:15:18,4.3,4.2,2000,4.3,2000,0,393000
M&M30Jan20560CE.NFO,07/01/2020,11:15:23,4.3,4.15,4000,4.3,4000,0,393000
M&M30Jan20560CE.NFO,07/01/2020,11:15:28,4.3,4.15,4000,4.3,3000,0,393000
M&M30Jan20560CE.NFO,07/01/2020,11:15:55,4.3,4.1,4000,4.25,4000,0,393000
M&M30Jan20560CE.NFO,07/01/2020,11:16:00,4.3,4.1,4000,4.25,5000,0,393000
M&M30Jan20560CE.NFO,07/01/2020,11:16:14,4.3,4.1,4000,4.25,4000,0,393000
M&M30Jan20560CE.NFO,07/01/2020,11:16:20,4.3,4.15,1000,4.25,4000,0,393000
M&M30Jan20560CE.NFO,07/01/2020,11:16:33,4.3,4.15,3000,4.25,1000,0,393000
M&M30Jan20560CE.NFO,07/01/2020,11:16:43,4.3,4.1,5000,4.25,4000,0,393000
M&M30Jan20560CE.NFO,07/01/2020,11:16:49,4.3,4.1,4000,4.2,1000,0,393000
M&M30Jan20560CE.NFO,07/01/2020,11:17:06,4.3,4.1,4000,4.2,3000,0,393000
M&M30Jan20560CE.NFO,07/01/2020,11:17:11,4.3,4.1,2000,4.2,4000,0,393000
M&M30Jan20560CE.NFO,07/01/2020,11:17:15,4.3,4.1,1000,4.2,4000,0,393000
M&M30Jan20560CE.NFO,07/01/2020,11:17:30,4.3,4.1,1000,4.2,3000,0,393000
M&M30Jan20560CE.NFO,07/01/2020,11:17:35,4.3,4.1,3000,4.2,2000,0,393000
M&M30Jan20560CE.NFO,07/01/2020,11:17:42,4.3,4.1,3000,4.2,3000,0,393000
M&M30Jan20560CE.NFO,07/01/2020,11:17:52,4.3,4.1,4000,4.2,3000,0,393000
M&M30Jan20560CE.NFO,07/01/2020,11:17:57,4.3,4.1,3000,4.2,3000,0,393000
M&M30Jan20560CE.NFO,07/01/2020,11:18:01,4.3,4.1,3000,4.2,4000,0,393000
M&M30Jan20560CE.NFO,07/01/2020,11:18:38,4.3,4.1,6000,4.25,3000,0,393000
M&M30Jan20560CE.NFO,07/01/2020,11:18:45,4.3,4.2,2000,4.3,3000,0,393000
M&M30Jan20560CE.NFO,07/01/2020,11:18:51,4.3,4.2,2000,4.3,2000,0,393000
M&M30Jan20560CE.NFO,07/01/2020,11:18:57,4.3,4.15,1000,4.25,3000,0,393000
M&M30Jan20560CE.NFO,07/01/2020,11:19:03,4.3,4.1,5000,4.25,4000,0,393000
M&M30Jan20560CE.NFO,07/01/2020,11:19:08,4.3,4.1,2000,4.2,1000,0,393000
M&M30Jan20560CE.NFO,07/01/2020,11:19:14,4.3,4.1,2000,4.2,3000,0,393000
M&M30Jan20560CE.NFO,07/01/2020,11:19:22,4.3,4.1,2000,4.15,2000,0,393000
M&M30Jan20560CE.NFO,07/01/2020,11:19:29,4.3,4.1,2000,4.15,1000,0,393000
M&M30Jan20560CE.NFO,07/01/2020,11:19:36,4.3,4.1,1000,4.15,1000,0,393000
M&M30Jan20560CE.NFO,07/01/2020,11:19:42,4.3,4.1,3000,4.2,2000,0,393000
M&M30Jan20560CE.NFO,07/01/2020,11:19:48,4.3,4.1,3000,4.2,3000,0,393000
M&M30Jan20560CE.NFO,07/01/2020,11:20:04,4.3,4.1,3000,4.2,2000,0,393000
M&M30Jan20560CE.NFO,07/01/2020,11:20:10,4.3,4.1,3000,4.2,3000,0,393000
M&M30Jan20560CE.NFO,07/01/2020,11:20:16,4.3,4.1,3000,4.2,2000,0,393000
M&M30Jan20560CE.NFO,07/01/2020,11:20:21,4.2,4.1,3000,4.2,2000,1000,394000
M&M30Jan20560CE.NFO,07/01/2020,11:20:38,4.2,4.15,3000,4.25,2000,1000,394000
M&M30Jan20560CE.NFO,07/01/2020,11:20:43,4.2,4.15,3000,4.2,1000,0,394000
M&M30Jan20560CE.NFO,07/01/2020,11:20:47,4.2,4.15,3000,4.3,4000,1000,394000
M&M30Jan20560CE.NFO,07/01/2020,11:20:53,4.2,4.15,2000,4.3,4000,0,394000
M&M30Jan20560CE.NFO,07/01/2020,11:20:59,4.2,4.15,2000,4.3,3000,0,394000
M&M30Jan20560CE.NFO,07/01/2020,11:21:28,4.2,4.2,1000,4.3,2000,0,394000
M&M30Jan20560CE.NFO,07/01/2020,11:21:35,4.2,4.2,1000,4.3,3000,0,394000
M&M30Jan20560CE.NFO,07/01/2020,11:21:41,4.2,4.15,2000,4.3,2000,0,394000
M&M30Jan20560CE.NFO,07/01/2020,11:22:11,4.2,4.15,2000,4.25,1000,0,394000
M&M30Jan20560CE.NFO,07/01/2020,11:22:24,4.2,4.15,2000,4.25,2000,0,394000
M&M30Jan20560CE.NFO,07/01/2020,11:22:47,4.2,4.15,2000,4.25,3000,0,394000
M&M30Jan20560CE.NFO,07/01/2020,11:22:51,4.2,4.15,2000,4.25,1000,0,394000
M&M30Jan20560CE.NFO,07/01/2020,11:23:03,4.25,4.2,1000,4.3,3000,1000,394000
M&M30Jan20560CE.NFO,07/01/2020,11:23:08,4.25,4.25,1000,4.3,1000,0,394000
M&M30Jan20560CE.NFO,07/01/2020,11:23:13,4.25,4.2,3000,4.3,3000,1000,394000
M&M30Jan20560CE.NFO,07/01/2020,11:23:18,4.25,4.25,1000,4.3,1000,0,394000
M&M30Jan20560CE.NFO,07/01/2020,11:23:23,4.25,4.25,1000,4.35,5000,0,394000
M&M30Jan20560CE.NFO,07/01/2020,11:23:35,4.25,4.25,1000,4.35,4000,0,394000
M&M30Jan20560CE.NFO,07/01/2020,11:23:45,4.25,4.25,2000,4.4,3000,0,394000
M&M30Jan20560CE.NFO,07/01/2020,11:23:49,4.25,4.25,2000,4.4,4000,0,394000
M&M30Jan20560CE.NFO,07/01/2020,11:24:05,4.25,4.25,2000,4.4,2000,0,394000
M&M30Jan20560CE.NFO,07/01/2020,11:24:16,4.25,4.25,2000,4.4,3000,0,394000
M&M30Jan20560CE.NFO,07/01/2020,11:24:30,4.25,4.3,2000,4.45,6000,0,394000
M&M30Jan20560CE.NFO,07/01/2020,11:24:44,4.25,4.3,2000,4.4,1000,0,394000
M&M30Jan20560CE.NFO,07/01/2020,11:24:48,4.25,4.3,2000,4.45,7000,0,394000
M&M30Jan20560CE.NFO,07/01/2020,11:24:56,4.25,4.3,1000,4.45,7000,0,394000
M&M30Jan20560CE.NFO,07/01/2020,11:25:01,4.25,4.25,4000,4.4,2000,0,394000
M&M30Jan20560CE.NFO,07/01/2020,11:25:07,4.25,4.25,4000,4.4,3000,0,394000
M&M30Jan20560CE.NFO,07/01/2020,11:25:11,4.25,4.25,4000,4.4,2000,0,394000
M&M30Jan20560CE.NFO,07/01/2020,11:25:20,4.25,4.25,4000,4.4,3000,0,394000
M&M30Jan20560CE.NFO,07/01/2020,11:25:25,4.25,4.25,2000,4.4,4000,0,394000
M&M30Jan20560CE.NFO,07/01/2020,11:26:51,4.25,4.25,1000,4.3,2000,0,394000
M&M30Jan20560CE.NFO,07/01/2020,11:27:03,4.25,4.25,1000,4.35,4000,0,394000
M&M30Jan20560CE.NFO,07/01/2020,11:27:13,4.25,4.25,3000,4.35,1000,0,394000
M&M30Jan20560CE.NFO,07/01/2020,11:27:17,4.25,4.25,3000,4.4,4000,0,394000
M&M30Jan20560CE.NFO,07/01/2020,11:27:20,4.25,4.25,2000,4.4,4000,0,394000
M&M30Jan20560CE.NFO,07/01/2020,11:27:24,4.25,4.25,2000,4.35,3000,0,394000
M&M30Jan20560CE.NFO,07/01/2020,11:27:32,4.25,4.25,2000,4.35,2000,0,394000
M&M30Jan20560CE.NFO,07/01/2020,11:27:36,4.25,4.25,3000,4.35,2000,0,394000
M&M30Jan20560CE.NFO,07/01/2020,11:27:53,4.25,4.25,4000,4.35,2000,0,394000
M&M30Jan20560CE.NFO,07/01/2020,11:28:04,4.25,4.25,4000,4.35,1000,0,394000
M&M30Jan20560CE.NFO,07/01/2020,11:28:09,4.25,4.25,4000,4.35,2000,0,394000
M&M30Jan20560CE.NFO,07/01/2020,11:28:13,4.25,4.25,5000,4.35,2000,0,394000
M&M30Jan20560CE.NFO,07/01/2020,11:28:37,4.25,4.25,5000,4.35,3000,0,394000
M&M30Jan20560CE.NFO,07/01/2020,11:28:50,4.25,4.25,5000,4.35,2000,0,394000
M&M30Jan20560CE.NFO,07/01/2020,11:28:54,4.25,4.25,5000,4.35,3000,0,394000
M&M30Jan20560CE.NFO,07/01/2020,11:28:58,4.25,4.25,6000,4.35,3000,0,394000
M&M30Jan20560CE.NFO,07/01/2020,11:29:09,4.25,4.25,6000,4.35,2000,0,394000
M&M30Jan20560CE.NFO,07/01/2020,11:29:13,4.25,4.25,6000,4.35,3000,0,394000
M&M30Jan20560CE.NFO,07/01/2020,11:29:31,4.25,4.25,5000,4.35,3000,0,394000
M&M30Jan20560CE.NFO,07/01/2020,11:29:43,4.25,4.25,5000,4.35,2000,0,394000
M&M30Jan20560CE.NFO,07/01/2020,11:29:50,4.25,4.25,5000,4.35,3000,0,394000
M&M30Jan20560CE.NFO,07/01/2020,11:30:03,4.25,4.25,5000,4.35,2000,0,394000
M&M30Jan20560CE.NFO,07/01/2020,11:30:35,4.25,4.25,5000,4.35,4000,0,394000
M&M30Jan20560CE.NFO,07/01/2020,11:30:44,4.25,4.25,5000,4.35,3000,0,394000
M&M30Jan20560CE.NFO,07/01/2020,11:30:47,4.25,4.25,5000,4.35,4000,0,394000
M&M30Jan20560CE.NFO,07/01/2020,11:30:50,4.25,4.25,5000,4.35,2000,0,394000
M&M30Jan20560CE.NFO,07/01/2020,11:30:58,4.25,4.25,4000,4.35,2000,0,394000
M&M30Jan20560CE.NFO,07/01/2020,11:31:03,4.35,4.35,2000,4.45,5000,1000,392000
M&M30Jan20560CE.NFO,07/01/2020,11:31:10,4.35,4.3,2000,4.4,2000,1000,392000
M&M30Jan20560CE.NFO,07/01/2020,11:31:15,4.35,4.3,2000,4.4,2000,0,392000
M&M30Jan20560CE.NFO,07/01/2020,11:31:24,4.35,4.25,6000,4.4,3000,0,392000
M&M30Jan20560CE.NFO,07/01/2020,11:31:33,4.35,4.3,2000,4.4,2000,0,392000
M&M30Jan20560CE.NFO,07/01/2020,11:31:41,4.35,4.3,2000,4.4,3000,0,392000
M&M30Jan20560CE.NFO,07/01/2020,11:31:51,4.35,4.3,2000,4.45,5000,0,392000
M&M30Jan20560CE.NFO,07/01/2020,11:31:58,4.35,4.3,2000,4.4,3000,0,392000
M&M30Jan20560CE.NFO,07/01/2020,11:32:09,4.35,4.3,2000,4.4,2000,0,392000
M&M30Jan20560CE.NFO,07/01/2020,11:32:15,4.35,4.3,2000,4.4,1000,0,392000
M&M30Jan20560CE.NFO,07/01/2020,11:32:39,4.35,4.3,2000,4.4,4000,1000,395000
M&M30Jan20560CE.NFO,07/01/2020,11:32:48,4.35,4.3,2000,4.35,1000,0,395000
M&M30Jan20560CE.NFO,07/01/2020,11:32:53,4.35,4.25,6000,4.35,5000,0,395000
M&M30Jan20560CE.NFO,07/01/2020,11:33:02,4.35,4.25,6000,4.35,4000,0,395000
M&M30Jan20560CE.NFO,07/01/2020,11:33:10,4.35,4.25,6000,4.35,2000,0,395000
M&M30Jan20560CE.NFO,07/01/2020,11:33:17,4.35,4.3,2000,4.35,1000,0,395000
M&M30Jan20560CE.NFO,07/01/2020,11:33:57,4.35,4.35,2000,4.45,4000,0,395000
M&M30Jan20560CE.NFO,07/01/2020,11:34:03,4.35,4.3,2000,4.4,1000,0,395000
M&M30Jan20560CE.NFO,07/01/2020,11:34:09,4.35,4.35,2000,4.45,4000,0,395000
M&M30Jan20560CE.NFO,07/01/2020,11:34:16,4.35,4.3,2000,4.4,1000,0,395000
M&M30Jan20560CE.NFO,07/01/2020,11:34:22,4.35,4.35,2000,4.45,2000,0,395000
M&M30Jan20560CE.NFO,07/01/2020,11:34:28,4.35,4.35,2000,4.45,3000,0,395000
M&M30Jan20560CE.NFO,07/01/2020,11:34:35,4.35,4.35,2000,4.45,1000,0,395000
M&M30Jan20560CE.NFO,07/01/2020,11:34:41,4.35,4.35,1000,4.4,1000,0,395000
M&M30Jan20560CE.NFO,07/01/2020,11:34:46,4.35,4.35,2000,4.45,4000,0,395000
M&M30Jan20560CE.NFO,07/01/2020,11:34:52,4.35,4.35,1000,4.4,1000,0,395000
M&M30Jan20560CE.NFO,07/01/2020,11:34:58,4.35,4.35,2000,4.45,4000,0,395000
M&M30Jan20560CE.NFO,07/01/2020,11:35:03,4.35,4.35,2000,4.45,3000,0,395000
M&M30Jan20560CE.NFO,07/01/2020,11:35:09,4.35,4.35,2000,4.45,1000,0,395000
M&M30Jan20560CE.NFO,07/01/2020,11:35:14,4.35,4.35,2000,4.45,2000,0,395000
M&M30Jan20560CE.NFO,07/01/2020,11:35:27,4.35,4.35,2000,4.45,1000,0,395000
M&M30Jan20560CE.NFO,07/01/2020,11:35:44,4.35,4.35,2000,4.45,2000,0,395000
M&M30Jan20560CE.NFO,07/01/2020,11:35:50,4.35,4.35,2000,4.45,1000,0,395000
M&M30Jan20560CE.NFO,07/01/2020,11:35:56,4.35,4.4,1000,4.45,1000,0,395000
M&M30Jan20560CE.NFO,07/01/2020,11:36:01,4.4,4.35,2000,4.45,4000,1000,395000
M&M30Jan20560CE.NFO,07/01/2020,11:36:07,4.4,4.35,2000,4.45,1000,0,395000
M&M30Jan20560CE.NFO,07/01/2020,11:36:27,4.4,4.35,2000,4.45,2000,0,395000
M&M30Jan20560CE.NFO,07/01/2020,11:36:37,4.4,4.35,2000,4.45,3000,0,395000
M&M30Jan20560CE.NFO,07/01/2020,11:36:41,4.4,4.3,2000,4.4,2000,3000,395000
M&M30Jan20560CE.NFO,07/01/2020,11:36:47,4.4,4.3,2000,4.4,2000,0,395000
M&M30Jan20560CE.NFO,07/01/2020,11:36:54,4.4,4.25,3000,4.35,3000,0,395000
M&M30Jan20560CE.NFO,07/01/2020,11:37:00,4.4,4.25,3000,4.35,2000,0,395000
M&M30Jan20560CE.NFO,07/01/2020,11:37:06,4.4,4.25,3000,4.35,3000,0,395000
M&M30Jan20560CE.NFO,07/01/2020,11:37:14,4.4,4.25,3000,4.35,4000,0,395000
M&M30Jan20560CE.NFO,07/01/2020,11:37:18,4.4,4.25,3000,4.35,2000,0,395000
M&M30Jan20560CE.NFO,07/01/2020,11:37:41,4.4,4.3,1000,4.35,1000,0,395000
M&M30Jan20560CE.NFO,07/01/2020,11:37:45,4.4,4.3,2000,4.35,1000,0,395000
M&M30Jan20560CE.NFO,07/01/2020,11:37:58,4.4,4.3,1000,4.35,1000,0,395000
M&M30Jan20560CE.NFO,07/01/2020,11:38:10,4.4,4.3,3000,4.35,1000,0,395000
M&M30Jan20560CE.NFO,07/01/2020,11:38:17,4.4,4.3,4000,4.4,4000,0,395000
M&M30Jan20560CE.NFO,07/01/2020,11:38:21,4.4,4.3,3000,4.4,3000,0,395000
M&M30Jan20560CE.NFO,07/01/2020,11:38:27,4.4,4.3,3000,4.35,1000,0,395000
M&M30Jan20560CE.NFO,07/01/2020,11:38:31,4.4,4.3,3000,4.4,3000,0,395000
M&M30Jan20560CE.NFO,07/01/2020,11:38:44,4.4,4.3,5000,4.4,3000,0,395000
M&M30Jan20560CE.NFO,07/01/2020,11:38:54,4.4,4.3,4000,4.4,3000,0,395000
M&M30Jan20560CE.NFO,07/01/2020,11:39:16,4.4,4.3,3000,4.35,1000,0,395000
M&M30Jan20560CE.NFO,07/01/2020,11:39:20,4.4,4.3,2000,4.35,1000,0,395000
M&M30Jan20560CE.NFO,07/01/2020,11:39:25,4.4,4.3,3000,4.35,1000,0,395000
M&M30Jan20560CE.NFO,07/01/2020,11:39:34,4.4,4.3,1000,4.35,2000,0,395000
M&M30Jan20560CE.NFO,07/01/2020,11:39:53,4.3,4.2,3000,4.3,3000,1000,397000
M&M30Jan20560CE.NFO,07/01/2020,11:40:00,4.3,4.2,6000,4.3,2000,0,397000
M&M30Jan20560CE.NFO,07/01/2020,11:40:11,4.3,4.2,5000,4.3,2000,0,397000
M&M30Jan20560CE.NFO,07/01/2020,11:40:15,4.3,4.2,6000,4.3,2000,0,397000
M&M30Jan20560CE.NFO,07/01/2020,11:40:24,4.3,4.2,4000,4.3,2000,0,397000
M&M30Jan20560CE.NFO,07/01/2020,11:40:28,4.3,4.3,3000,4.4,2000,1000,397000
M&M30Jan20560CE.NFO,07/01/2020,11:40:32,4.3,4.3,1000,4.4,2000,0,397000
M&M30Jan20560CE.NFO,07/01/2020,11:40:39,4.3,4.3,2000,4.4,2000,0,397000
M&M30Jan20560CE.NFO,07/01/2020,11:40:49,4.3,4.3,2000,4.4,1000,0,397000
M&M30Jan20560CE.NFO,07/01/2020,11:40:58,4.3,4.3,1000,4.4,3000,0,397000
M&M30Jan20560CE.NFO,07/01/2020,11:41:01,4.3,4.3,1000,4.4,2000,0,397000
M&M30Jan20560CE.NFO,07/01/2020,11:41:08,4.3,4.25,2000,4.35,1000,0,397000
M&M30Jan20560CE.NFO,07/01/2020,11:41:33,4.3,4.25,1000,4.35,3000,0,397000
M&M30Jan20560CE.NFO,07/01/2020,11:41:35,4.3,4.25,1000,4.35,2000,0,397000
M&M30Jan20560CE.NFO,07/01/2020,11:41:49,4.3,4.25,1000,4.35,1000,0,397000
M&M30Jan20560CE.NFO,07/01/2020,11:41:53,4.25,4.25,1000,4.35,3000,1000,397000
M&M30Jan20560CE.NFO,07/01/2020,11:41:57,4.25,4.25,1000,4.3,1000,0,397000
M&M30Jan20560CE.NFO,07/01/2020,11:42:01,4.25,4.2,5000,4.3,1000,0,397000
M&M30Jan20560CE.NFO,07/01/2020,11:42:08,4.25,4.2,4000,4.3,1000,0,397000
M&M30Jan20560CE.NFO,07/01/2020,11:42:20,4.25,4.2,3000,4.25,1000,0,397000
M&M30Jan20560CE.NFO,07/01/2020,11:42:23,4.25,4.2,5000,4.25,1000,0,397000
M&M30Jan20560CE.NFO,07/01/2020,11:42:26,4.25,4.2,1000,4.25,1000,0,397000
M&M30Jan20560CE.NFO,07/01/2020,11:42:30,4.2,4.2,1000,4.25,1000,1000,397000
M&M30Jan20560CE.NFO,07/01/2020,11:42:39,4.2,4.2,4000,4.25,1000,0,397000
M&M30Jan20560CE.NFO,07/01/2020,11:42:52,4.2,4.15,5000,4.25,2000,0,397000
M&M30Jan20560CE.NFO,07/01/2020,11:42:57,4.2,4.15,5000,4.25,3000,0,397000
M&M30Jan20560CE.NFO,07/01/2020,11:43:01,4.2,4.15,5000,4.25,2000,0,397000
M&M30Jan20560CE.NFO,07/01/2020,11:43:50,4.2,4.15,5000,4.2,1000,0,397000
M&M30Jan20560CE.NFO,07/01/2020,11:43:54,4.2,4.15,4000,4.2,1000,0,397000
M&M30Jan20560CE.NFO,07/01/2020,11:43:58,4.2,4.15,5000,4.2,1000,0,397000
M&M30Jan20560CE.NFO,07/01/2020,11:44:14,4.2,4.15,4000,4.2,1000,0,397000
M&M30Jan20560CE.NFO,07/01/2020,11:44:18,4.2,4.15,5000,4.2,1000,0,397000
M&M30Jan20560CE.NFO,07/01/2020,11:44:27,4.2,4.15,1000,4.2,1000,0,397000
M&M30Jan20560CE.NFO,07/01/2020,11:44:39,4.2,4.15,1000,4.2,3000,0,397000
M&M30Jan20560CE.NFO,07/01/2020,11:44:46,4.2,4.15,1000,4.2,2000,0,397000
M&M30Jan20560CE.NFO,07/01/2020,11:45:03,4.2,4.1,5000,4.2,5000,0,397000
M&M30Jan20560CE.NFO,07/01/2020,11:45:07,4.2,4.1,6000,4.2,3000,1000,397000
M&M30Jan20560CE.NFO,07/01/2020,11:45:10,4.2,4.1,4000,4.2,3000,0,397000
M&M30Jan20560CE.NFO,07/01/2020,11:45:13,4.2,4.1,2000,4.15,2000,0,397000
M&M30Jan20560CE.NFO,07/01/2020,11:45:16,4.2,4.1,3000,4.2,3000,0,397000
M&M30Jan20560CE.NFO,07/01/2020,11:45:19,4.2,4.1,3000,4.2,4000,0,397000
M&M30Jan20560CE.NFO,07/01/2020,11:45:47,4.2,4.1,5000,4.2,3000,0,397000
M&M30Jan20560CE.NFO,07/01/2020,11:46:01,4.2,4.15,1000,4.25,5000,0,397000
M&M30Jan20560CE.NFO,07/01/2020,11:46:22,4.2,4.15,1000,4.25,4000,0,397000
M&M30Jan20560CE.NFO,07/01/2020,11:46:37,4.2,4.15,2000,4.25,4000,0,397000
M&M30Jan20560CE.NFO,07/01/2020,11:47:02,4.2,4.15,3000,4.25,4000,0,397000
M&M30Jan20560CE.NFO,07/01/2020,11:48:19,4.2,4.15,2000,4.25,4000,0,397000
M&M30Jan20560CE.NFO,07/01/2020,11:48:29,4.2,4.15,3000,4.25,4000,0,397000
M&M30Jan20560CE.NFO,07/01/2020,11:49:25,4.2,4.15,3000,4.25,2000,0,397000
M&M30Jan20560CE.NFO,07/01/2020,11:49:36,4.2,4.15,4000,4.25,2000,0,397000
M&M30Jan20560CE.NFO,07/01/2020,11:49:38,4.2,4.15,3000,4.25,2000,0,397000
M&M30Jan20560CE.NFO,07/01/2020,11:50:03,4.2,4.15,4000,4.25,2000,0,397000
M&M30Jan20560CE.NFO,07/01/2020,11:50:17,4.2,4.15,2000,4.2,2000,0,397000
M&M30Jan20560CE.NFO,07/01/2020,11:50:22,4.1,4,3000,4.1,1000,3000,397000
M&M30Jan20560CE.NFO,07/01/2020,11:50:27,4.1,4,4000,4.1,1000,0,397000
M&M30Jan20560CE.NFO,07/01/2020,11:50:35,4.1,4,4000,4.15,3000,0,397000
M&M30Jan20560CE.NFO,07/01/2020,11:51:00,4.1,4,5000,4.15,3000,0,397000
M&M30Jan20560CE.NFO,07/01/2020,11:51:04,4.1,4.05,2000,4.15,2000,0,397000
M&M30Jan20560CE.NFO,07/01/2020,11:51:21,4.1,4.1,1000,4.15,2000,0,397000
M&M30Jan20560CE.NFO,07/01/2020,11:51:25,4.15,4.15,1000,4.25,4000,1000,399000
M&M30Jan20560CE.NFO,07/01/2020,11:51:54,4.15,4.15,2000,4.25,2000,0,399000
M&M30Jan20560CE.NFO,07/01/2020,11:51:57,4.15,4.15,3000,4.25,3000,0,399000
M&M30Jan20560CE.NFO,07/01/2020,11:52:06,4.15,4.15,2000,4.25,3000,0,399000
M&M30Jan20560CE.NFO,07/01/2020,11:52:11,4.15,4.15,3000,4.25,3000,0,399000
M&M30Jan20560CE.NFO,07/01/2020,11:52:14,4.15,4.15,2000,4.25,3000,0,399000
M&M30Jan20560CE.NFO,07/01/2020,11:52:35,4.15,4.15,1000,4.25,3000,0,399000
M&M30Jan20560CE.NFO,07/01/2020,11:52:43,4.15,4.15,3000,4.25,3000,0,399000
M&M30Jan20560CE.NFO,07/01/2020,11:52:51,4.15,4.15,4000,4.25,3000,0,399000
M&M30Jan20560CE.NFO,07/01/2020,11:53:08,4.15,4.15,6000,4.25,3000,0,399000
M&M30Jan20560CE.NFO,07/01/2020,11:53:19,4.15,4.15,6000,4.25,2000,0,399000
M&M30Jan20560CE.NFO,07/01/2020,11:53:22,4.15,4.15,5000,4.25,2000,0,399000
M&M30Jan20560CE.NFO,07/01/2020,11:53:41,4.15,4.15,3000,4.25,3000,0,399000
M&M30Jan20560CE.NFO,07/01/2020,11:53:50,4.15,4.15,5000,4.25,3000,0,399000
M&M30Jan20560CE.NFO,07/01/2020,11:54:00,4.15,4.15,6000,4.25,3000,0,399000
M&M30Jan20560CE.NFO,07/01/2020,11:54:35,4.15,4.15,6000,4.25,2000,0,399000
M&M30Jan20560CE.NFO,07/01/2020,11:54:42,4.25,4.15,6000,4.25,1000,1000,397000
M&M30Jan20560CE.NFO,07/01/2020,11:54:45,4.25,4.15,6000,4.3,5000,0,397000
M&M30Jan20560CE.NFO,07/01/2020,11:54:51,4.25,4.15,6000,4.3,4000,0,397000
M&M30Jan20560CE.NFO,07/01/2020,11:54:53,4.25,4.15,5000,4.3,4000,0,397000
M&M30Jan20560CE.NFO,07/01/2020,11:54:56,4.25,4.1,6000,4.25,4000,0,397000
M&M30Jan20560CE.NFO,07/01/2020,11:54:58,4.25,4.1,7000,4.25,4000,0,397000
M&M30Jan20560CE.NFO,07/01/2020,11:55:01,4.25,4.1,7000,4.25,3000,0,397000
M&M30Jan20560CE.NFO,07/01/2020,11:55:09,4.25,4.1,5000,4.25,3000,0,397000
M&M30Jan20560CE.NFO,07/01/2020,11:55:15,4.25,4.15,3000,4.25,2000,0,397000
M&M30Jan20560CE.NFO,07/01/2020,11:55:25,4.25,4.15,4000,4.25,2000,0,397000
M&M30Jan20560CE.NFO,07/01/2020,11:55:27,4.25,4.15,3000,4.25,2000,0,397000
M&M30Jan20560CE.NFO,07/01/2020,11:55:34,4.25,4.15,4000,4.25,2000,0,397000
M&M30Jan20560CE.NFO,07/01/2020,11:55:37,4.25,4.15,3000,4.25,2000,0,397000
M&M30Jan20560CE.NFO,07/01/2020,11:55:43,4.25,4.15,4000,4.25,2000,0,397000
M&M30Jan20560CE.NFO,07/01/2020,11:55:45,4.25,4.15,3000,4.25,2000,0,397000
M&M30Jan20560CE.NFO,07/01/2020,11:55:59,4.25,4.1,5000,4.25,3000,0,397000
M&M30Jan20560CE.NFO,07/01/2020,11:56:08,4.25,4.1,7000,4.25,3000,0,397000
M&M30Jan20560CE.NFO,07/01/2020,11:56:11,4.25,4.1,6000,4.25,3000,0,397000
M&M30Jan20560CE.NFO,07/01/2020,11:56:20,4.25,4.1,7000,4.25,3000,0,397000
M&M30Jan20560CE.NFO,07/01/2020,11:56:21,4.25,4.1,5000,4.25,3000,0,397000
M&M30Jan20560CE.NFO,07/01/2020,11:56:59,4.25,4.1,7000,4.25,3000,0,397000
M&M30Jan20560CE.NFO,07/01/2020,11:57:05,4.25,4.1,6000,4.25,3000,0,397000
M&M30Jan20560CE.NFO,07/01/2020,11:57:09,4.25,4.1,7000,4.25,3000,0,397000
M&M30Jan20560CE.NFO,07/01/2020,11:57:23,4.1,4.1,3000,4.2,2000,9000,397000
M&M30Jan20560CE.NFO,07/01/2020,11:57:24,4.1,4.1,3000,4.2,2000,0,397000
M&M30Jan20560CE.NFO,07/01/2020,11:57:26,4.1,4.1,5000,4.25,3000,0,397000
M&M30Jan20560CE.NFO,07/01/2020,11:57:33,4.1,4.1,4000,4.25,5000,0,397000
M&M30Jan20560CE.NFO,07/01/2020,11:57:36,4.1,4.1,1000,4.25,5000,0,397000
M&M30Jan20560CE.NFO,07/01/2020,11:57:40,4.1,4.1,3000,4.25,5000,0,397000
M&M30Jan20560CE.NFO,07/01/2020,11:57:47,4.1,4.1,1000,4.2,3000,0,397000
M&M30Jan20560CE.NFO,07/01/2020,11:57:52,4.1,4.1,1000,4.2,2000,0,397000
M&M30Jan20560CE.NFO,07/01/2020,11:57:56,4.1,4.05,5000,4.2,3000,0,397000
M&M30Jan20560CE.NFO,07/01/2020,11:58:00,4.1,4.05,6000,4.2,3000,0,397000
M&M30Jan20560CE.NFO,07/01/2020,11:58:13,4.1,4.05,5000,4.2,3000,0,397000
M&M30Jan20560CE.NFO,07/01/2020,11:58:16,4.1,4.05,5000,4.2,4000,0,397000
M&M30Jan20560CE.NFO,07/01/2020,11:58:19,4.1,4.05,4000,4.2,4000,0,397000
M&M30Jan20560CE.NFO,07/01/2020,11:58:36,4.1,4.05,6000,4.2,3000,0,397000
M&M30Jan20560CE.NFO,07/01/2020,11:58:39,4.1,4.1,3000,4.2,1000,0,397000
M&M30Jan20560CE.NFO,07/01/2020,11:58:45,4.1,4.1,4000,4.2,1000,0,397000
M&M30Jan20560CE.NFO,07/01/2020,11:58:52,4.2,4.1,4000,4.25,5000,1000,397000
M&M30Jan20560CE.NFO,07/01/2020,11:58:55,4.2,4.1,4000,4.25,4000,0,397000
M&M30Jan20560CE.NFO,07/01/2020,11:58:58,4.2,4.1,2000,4.25,5000,0,397000
M&M30Jan20560CE.NFO,07/01/2020,11:59:05,4.2,4.1,4000,4.25,4000,0,397000
M&M30Jan20560CE.NFO,07/01/2020,11:59:10,4.2,4.1,2000,4.25,5000,0,397000
M&M30Jan20560CE.NFO,07/01/2020,11:59:12,4.2,4.1,2000,4.2,1000,0,397000
M&M30Jan20560CE.NFO,07/01/2020,11:59:21,4.2,4.1,2000,4.25,5000,0,397000
M&M30Jan20560CE.NFO,07/01/2020,11:59:27,4.2,4.1,2000,4.25,4000,0,397000
M&M30Jan20560CE.NFO,07/01/2020,11:59:35,4.2,4.1,4000,4.25,4000,0,397000
M&M30Jan20560CE.NFO,07/01/2020,11:59:41,4.2,4.1,3000,4.25,4000,0,397000
M&M30Jan20560CE.NFO,07/01/2020,11:59:43,4.2,4.1,4000,4.25,4000,0,397000
M&M30Jan20560CE.NFO,07/01/2020,11:59:52,4.2,4.05,3000,4.2,4000,0,397000
M&M30Jan20560CE.NFO,07/01/2020,12:00:02,4.2,4.05,4000,4.2,4000,0,397000
M&M30Jan20560CE.NFO,07/01/2020,12:00:11,4.2,4.05,3000,4.2,4000,0,397000
M&M30Jan20560CE.NFO,07/01/2020,12:00:19,4.2,4.05,4000,4.2,4000,0,397000
M&M30Jan20560CE.NFO,07/01/2020,12:00:35,4.2,4.05,6000,4.2,3000,0,397000
M&M30Jan20560CE.NFO,07/01/2020,12:00:39,4.2,4.05,6000,4.2,2000,0,397000
M&M30Jan20560CE.NFO,07/01/2020,12:00:50,4.2,4.05,6000,4.2,3000,0,397000
M&M30Jan20560CE.NFO,07/01/2020,12:00:52,4.2,4.05,5000,4.2,3000,0,397000
M&M30Jan20560CE.NFO,07/01/2020,12:00:53,4.2,4.05,6000,4.2,3000,0,397000
M&M30Jan20560CE.NFO,07/01/2020,12:01:12,4.2,4.05,5000,4.2,3000,0,397000
M&M30Jan20560CE.NFO,07/01/2020,12:01:19,4.2,4.05,5000,4.2,4000,0,397000
M&M30Jan20560CE.NFO,07/01/2020,12:01:38,4.2,4.05,6000,4.2,4000,0,397000
M&M30Jan20560CE.NFO,07/01/2020,12:01:43,4.2,4.05,5000,4.2,4000,0,397000
M&M30Jan20560CE.NFO,07/01/2020,12:01:47,4.2,4.05,6000,4.2,4000,0,397000
M&M30Jan20560CE.NFO,07/01/2020,12:01:56,4.2,4.05,6000,4.15,1000,0,397000
M&M30Jan20560CE.NFO,07/01/2020,12:02:03,4.2,4.05,5000,4.15,1000,0,397000
M&M30Jan20560CE.NFO,07/01/2020,12:02:16,4.2,4.05,4000,4.15,1000,0,397000
M&M30Jan20560CE.NFO,07/01/2020,12:02:18,4.2,4.05,2000,4.15,2000,0,397000
M&M30Jan20560CE.NFO,07/01/2020,12:02:23,4.2,4.05,2000,4.15,1000,0,397000
M&M30Jan20560CE.NFO,07/01/2020,12:02:32,4.2,4.05,4000,4.15,1000,0,397000
M&M30Jan20560CE.NFO,07/01/2020,12:02:38,4.15,4.05,5000,4.2,5000,1000,391000
M&M30Jan20560CE.NFO,07/01/2020,12:02:45,4.15,4.15,1000,4.25,5000,0,391000
M&M30Jan20560CE.NFO,07/01/2020,12:02:55,4.15,4.1,2000,4.25,5000,0,391000
M&M30Jan20560CE.NFO,07/01/2020,12:02:59,4.15,4.1,3000,4.25,5000,0,391000
M&M30Jan20560CE.NFO,07/01/2020,12:03:03,4.15,4.1,5000,4.25,4000,0,391000
M&M30Jan20560CE.NFO,07/01/2020,12:03:11,4.1,4.1,2000,4.25,4000,1000,391000
M&M30Jan20560CE.NFO,07/01/2020,12:03:15,4.1,4.1,3000,4.25,4000,1000,391000
M&M30Jan20560CE.NFO,07/01/2020,12:03:22,4.1,4.1,1000,4.2,4000,0,391000
M&M30Jan20560CE.NFO,07/01/2020,12:03:25,4.1,4.05,5000,4.2,3000,0,391000
M&M30Jan20560CE.NFO,07/01/2020,12:03:34,4.1,4.05,6000,4.2,3000,0,391000
M&M30Jan20560CE.NFO,07/01/2020,12:03:38,4.1,4.15,2000,4.25,2000,0,391000
M&M30Jan20560CE.NFO,07/01/2020,12:03:42,4.2,4.15,2000,4.25,2000,1000,391000
M&M30Jan20560CE.NFO,07/01/2020,12:03:45,4.2,4.15,2000,4.25,2000,0,391000
M&M30Jan20560CE.NFO,07/01/2020,12:03:50,4.2,4.15,2000,4.25,3000,0,391000
M&M30Jan20560CE.NFO,07/01/2020,12:03:55,4.2,4.15,3000,4.25,3000,0,391000
M&M30Jan20560CE.NFO,07/01/2020,12:04:03,4.2,4.15,3000,4.25,2000,0,391000
M&M30Jan20560CE.NFO,07/01/2020,12:04:05,4.2,4.15,2000,4.25,2000,0,391000
M&M30Jan20560CE.NFO,07/01/2020,12:04:06,4.2,4.15,2000,4.25,3000,0,391000
M&M30Jan20560CE.NFO,07/01/2020,12:04:15,4.2,4.15,1000,4.25,3000,0,391000
M&M30Jan20560CE.NFO,07/01/2020,12:04:46,4.2,4.1,6000,4.25,3000,0,391000
M&M30Jan20560CE.NFO,07/01/2020,12:05:06,4.2,4.1,5000,4.25,3000,0,391000
M&M30Jan20560CE.NFO,07/01/2020,12:05:10,4.2,4.1,6000,4.25,3000,0,391000
M&M30Jan20560CE.NFO,07/01/2020,12:05:14,4.2,4.1,4000,4.25,4000,0,391000
M&M30Jan20560CE.NFO,07/01/2020,12:05:25,4.2,4.15,1000,4.25,3000,0,391000
M&M30Jan20560CE.NFO,07/01/2020,12:05:31,4.2,4.15,2000,4.25,3000,0,391000
M&M30Jan20560CE.NFO,07/01/2020,12:05:44,4.2,4.15,2000,4.25,2000,0,391000
M&M30Jan20560CE.NFO,07/01/2020,12:05:46,4.2,4.15,2000,4.25,3000,0,391000
M&M30Jan20560CE.NFO,07/01/2020,12:05:52,4.2,4.15,1000,4.2,1000,0,391000
M&M30Jan20560CE.NFO,07/01/2020,12:05:57,4.2,4.15,2000,4.25,4000,0,391000
M&M30Jan20560CE.NFO,07/01/2020,12:06:03,4.2,4.15,4000,4.25,3000,0,391000
M&M30Jan20560CE.NFO,07/01/2020,12:06:14,4.2,4.2,1000,4.25,1000,0,391000
M&M30Jan20560CE.NFO,07/01/2020,12:06:33,4.2,4.15,6000,4.25,2000,0,391000
M&M30Jan20560CE.NFO,07/01/2020,12:06:50,4.2,4.15,5000,4.25,2000,0,391000
M&M30Jan20560CE.NFO,07/01/2020,12:07:10,4.2,4.15,5000,4.25,3000,0,391000
M&M30Jan20560CE.NFO,07/01/2020,12:07:19,4.2,4.15,4000,4.25,3000,0,391000
M&M30Jan20560CE.NFO,07/01/2020,12:07:48,4.2,4.15,4000,4.25,2000,0,391000
M&M30Jan20560CE.NFO,07/01/2020,12:08:01,4.2,4.2,2000,4.3,4000,0,391000
M&M30Jan20560CE.NFO,07/01/2020,12:08:11,4.2,4.2,1000,4.3,4000,0,391000
M&M30Jan20560CE.NFO,07/01/2020,12:08:23,4.2,4.15,5000,4.3,4000,0,391000
M&M30Jan20560CE.NFO,07/01/2020,12:08:29,4.2,4.2,1000,4.3,4000,0,391000
M&M30Jan20560CE.NFO,07/01/2020,12:08:33,4.2,4.2,2000,4.3,4000,0,391000
M&M30Jan20560CE.NFO,07/01/2020,12:08:42,4.2,4.2,1000,4.3,4000,0,391000
M&M30Jan20560CE.NFO,07/01/2020,12:08:47,4.2,4.2,2000,4.3,4000,0,391000
M&M30Jan20560CE.NFO,07/01/2020,12:08:51,4.2,4.2,4000,4.3,3000,0,391000
M&M30Jan20560CE.NFO,07/01/2020,12:08:55,4.2,4.2,3000,4.3,3000,0,391000
M&M30Jan20560CE.NFO,07/01/2020,12:09:02,4.2,4.2,1000,4.3,4000,0,391000
M&M30Jan20560CE.NFO,07/01/2020,12:09:05,4.2,4.2,5000,4.3,4000,0,391000
M&M30Jan20560CE.NFO,07/01/2020,12:09:10,4.2,4.2,1000,4.3,4000,0,391000
M&M30Jan20560CE.NFO,07/01/2020,12:09:13,4.2,4.2,2000,4.3,4000,0,391000
M&M30Jan20560CE.NFO,07/01/2020,12:09:15,4.2,4.2,1000,4.3,4000,0,391000
M&M30Jan20560CE.NFO,07/01/2020,12:09:23,4.2,4.2,2000,4.3,4000,0,391000
M&M30Jan20560CE.NFO,07/01/2020,12:09:29,4.2,4.2,1000,4.3,4000,0,391000
M&M30Jan20560CE.NFO,07/01/2020,12:09:44,4.2,4.2,2000,4.3,4000,0,391000
M&M30Jan20560CE.NFO,07/01/2020,12:09:49,4.2,4.15,6000,4.3,4000,0,391000
M&M30Jan20560CE.NFO,07/01/2020,12:10:01,4.2,4.2,2000,4.3,4000,0,391000
M&M30Jan20560CE.NFO,07/01/2020,12:10:20,4.2,4.2,1000,4.3,4000,0,391000
M&M30Jan20560CE.NFO,07/01/2020,12:10:33,4.2,4.15,4000,4.3,4000,0,391000
M&M30Jan20560CE.NFO,07/01/2020,12:10:42,4.2,4.15,6000,4.3,4000,0,391000
M&M30Jan20560CE.NFO,07/01/2020,12:11:10,4.2,4.2,2000,4.3,4000,0,391000
M&M30Jan20560CE.NFO,07/01/2020,12:11:19,4.2,4.2,1000,4.3,4000,0,391000
M&M30Jan20560CE.NFO,07/01/2020,12:11:27,4.2,4.2,5000,4.3,2000,0,391000
M&M30Jan20560CE.NFO,07/01/2020,12:11:30,4.2,4.2,4000,4.3,2000,0,391000
M&M30Jan20560CE.NFO,07/01/2020,12:11:42,4.2,4.2,5000,4.3,2000,0,391000
M&M30Jan20560CE.NFO,07/01/2020,12:11:44,4.2,4.2,4000,4.3,2000,0,391000
M&M30Jan20560CE.NFO,07/01/2020,12:11:45,4.2,4.2,4000,4.3,3000,0,391000
M&M30Jan20560CE.NFO,07/01/2020,12:11:48,4.2,4.2,4000,4.3,2000,0,391000
M&M30Jan20560CE.NFO,07/01/2020,12:11:51,4.2,4.2,6000,4.3,3000,0,391000
M&M30Jan20560CE.NFO,07/01/2020,12:11:54,4.2,4.25,3000,4.3,1000,0,391000
M&M30Jan20560CE.NFO,07/01/2020,12:12:02,4.2,4.25,2000,4.3,1000,0,391000
M&M30Jan20560CE.NFO,07/01/2020,12:12:05,4.2,4.25,1000,4.3,1000,0,391000
M&M30Jan20560CE.NFO,07/01/2020,12:12:12,4.2,4.25,2000,4.3,1000,0,391000
M&M30Jan20560CE.NFO,07/01/2020,12:12:17,4.2,4.25,1000,4.3,1000,0,391000
M&M30Jan20560CE.NFO,07/01/2020,12:12:20,4.2,4.25,2000,4.3,1000,0,391000
M&M30Jan20560CE.NFO,07/01/2020,12:12:28,4.2,4.25,1000,4.3,1000,0,391000
M&M30Jan20560CE.NFO,07/01/2020,12:12:30,4.2,4.25,3000,4.3,1000,0,391000
M&M30Jan20560CE.NFO,07/01/2020,12:12:33,4.2,4.25,2000,4.3,1000,0,391000
M&M30Jan20560CE.NFO,07/01/2020,12:12:41,4.2,4.25,4000,4.3,1000,0,391000
M&M30Jan20560CE.NFO,07/01/2020,12:12:54,4.2,4.25,2000,4.3,1000,0,391000
M&M30Jan20560CE.NFO,07/01/2020,12:12:56,4.2,4.25,3000,4.3,1000,0,391000
M&M30Jan20560CE.NFO,07/01/2020,12:12:57,4.2,4.25,2000,4.3,1000,0,391000
M&M30Jan20560CE.NFO,07/01/2020,12:13:10,4.3,4.35,2000,4.45,5000,1000,391000
M&M30Jan20560CE.NFO,07/01/2020,12:13:18,4.3,4.3,4000,4.45,4000,0,391000
M&M30Jan20560CE.NFO,07/01/2020,12:13:36,4.3,4.3,6000,4.45,3000,0,391000
M&M30Jan20560CE.NFO,07/01/2020,12:13:47,4.3,4.3,5000,4.45,3000,0,391000
M&M30Jan20560CE.NFO,07/01/2020,12:13:53,4.45,4.3,4000,4.45,3000,1000,391000
M&M30Jan20560CE.NFO,07/01/2020,12:14:06,4.45,4.3,4000,4.45,3000,0,391000
M&M30Jan20560CE.NFO,07/01/2020,12:14:12,4.45,4.3,6000,4.45,2000,0,391000
M&M30Jan20560CE.NFO,07/01/2020,12:14:17,4.45,4.3,2000,4.45,4000,0,391000
M&M30Jan20560CE.NFO,07/01/2020,12:14:20,4.45,4.3,4000,4.45,3000,0,391000
M&M30Jan20560CE.NFO,07/01/2020,12:14:24,4.45,4.3,5000,4.45,3000,0,391000
M&M30Jan20560CE.NFO,07/01/2020,12:14:48,4.45,4.35,2000,4.45,1000,0,391000
M&M30Jan20560CE.NFO,07/01/2020,12:14:51,4.45,4.35,1000,4.45,3000,0,391000
M&M30Jan20560CE.NFO,07/01/2020,12:15:11,4.45,4.3,2000,4.45,3000,0,391000
M&M30Jan20560CE.NFO,07/01/2020,12:15:15,4.45,4.3,2000,4.45,4000,0,391000
M&M30Jan20560CE.NFO,07/01/2020,12:15:24,4.45,4.3,2000,4.45,3000,0,391000
M&M30Jan20560CE.NFO,07/01/2020,12:15:53,4.45,4.3,2000,4.45,4000,0,391000
M&M30Jan20560CE.NFO,07/01/2020,12:16:21,4.45,4.3,2000,4.45,3000,0,391000
M&M30Jan20560CE.NFO,07/01/2020,12:16:41,4.45,4.3,2000,4.45,5000,0,391000
M&M30Jan20560CE.NFO,07/01/2020,12:16:49,4.45,4.3,3000,4.45,3000,0,391000
M&M30Jan20560CE.NFO,07/01/2020,12:16:54,4.45,4.3,3000,4.45,4000,0,391000
M&M30Jan20560CE.NFO,07/01/2020,12:17:06,4.45,4.3,2000,4.45,4000,0,391000
M&M30Jan20560CE.NFO,07/01/2020,12:18:07,4.45,4.3,2000,4.45,3000,0,391000
M&M30Jan20560CE.NFO,07/01/2020,12:18:09,4.45,4.3,2000,4.45,4000,0,391000
M&M30Jan20560CE.NFO,07/01/2020,12:18:15,4.45,4.25,7000,4.45,4000,0,391000
M&M30Jan20560CE.NFO,07/01/2020,12:18:18,4.45,4.35,1000,4.5,2000,0,391000
M&M30Jan20560CE.NFO,07/01/2020,12:18:21,4.45,4.35,1000,4.5,4000,0,391000
M&M30Jan20560CE.NFO,07/01/2020,12:18:31,4.45,4.3,6000,4.5,4000,0,391000
M&M30Jan20560CE.NFO,07/01/2020,12:18:42,4.45,4.3,4000,4.4,1000,0,391000
M&M30Jan20560CE.NFO,07/01/2020,12:18:49,4.45,4.3,1000,4.4,1000,0,391000
M&M30Jan20560CE.NFO,07/01/2020,12:18:52,4.45,4.3,4000,4.45,2000,0,391000
M&M30Jan20560CE.NFO,07/01/2020,12:19:05,4.45,4.35,2000,4.45,1000,0,391000
M&M30Jan20560CE.NFO,07/01/2020,12:19:11,4.45,4.3,6000,4.45,2000,0,391000
M&M30Jan20560CE.NFO,07/01/2020,12:19:15,4.45,4.35,1000,4.45,2000,0,391000
M&M30Jan20560CE.NFO,07/01/2020,12:19:31,4.45,4.3,5000,4.45,2000,0,391000
M&M30Jan20560CE.NFO,07/01/2020,12:19:37,4.45,4.35,1000,4.45,2000,0,391000
M&M30Jan20560CE.NFO,07/01/2020,12:19:43,4.45,4.3,5000,4.45,2000,0,391000
M&M30Jan20560CE.NFO,07/01/2020,12:19:47,4.45,4.3,5000,4.45,4000,0,391000
M&M30Jan20560CE.NFO,07/01/2020,12:19:50,4.45,4.3,5000,4.45,3000,0,391000
M&M30Jan20560CE.NFO,07/01/2020,12:20:08,4.45,4.3,5000,4.45,2000,0,391000
M&M30Jan20560CE.NFO,07/01/2020,12:20:10,4.45,4.35,3000,4.45,1000,0,391000
M&M30Jan20560CE.NFO,07/01/2020,12:20:13,4.45,4.3,5000,4.45,2000,0,391000
M&M30Jan20560CE.NFO,07/01/2020,12:20:54,4.45,4.3,2000,4.45,4000,0,391000
M&M30Jan20560CE.NFO,07/01/2020,12:20:59,4.45,4.25,5000,4.4,2000,0,391000
M&M30Jan20560CE.NFO,07/01/2020,12:21:07,4.45,4.25,6000,4.4,3000,0,391000
M&M30Jan20560CE.NFO,07/01/2020,12:21:10,4.45,4.25,6000,4.4,2000,0,391000
M&M30Jan20560CE.NFO,07/01/2020,12:21:57,4.45,4.25,3000,4.4,4000,0,391000
M&M30Jan20560CE.NFO,07/01/2020,12:22:02,4.45,4.25,5000,4.4,4000,0,391000
M&M30Jan20560CE.NFO,07/01/2020,12:22:07,4.45,4.25,2000,4.4,4000,0,391000
M&M30Jan20560CE.NFO,07/01/2020,12:22:11,4.45,4.25,3000,4.4,4000,0,391000
M&M30Jan20560CE.NFO,07/01/2020,12:22:57,4.45,4.25,4000,4.4,4000,0,391000
M&M30Jan20560CE.NFO,07/01/2020,12:23:01,4.45,4.25,5000,4.4,2000,0,391000
M&M30Jan20560CE.NFO,07/01/2020,12:23:12,4.45,4.3,2000,4.4,1000,0,391000
M&M30Jan20560CE.NFO,07/01/2020,12:23:19,4.45,4.3,3000,4.4,1000,0,391000
M&M30Jan20560CE.NFO,07/01/2020,12:23:38,4.45,4.25,4000,4.4,3000,0,391000
M&M30Jan20560CE.NFO,07/01/2020,12:23:46,4.45,4.25,4000,4.4,2000,0,391000
M&M30Jan20560CE.NFO,07/01/2020,12:23:57,4.45,4.25,4000,4.4,3000,0,391000
M&M30Jan20560CE.NFO,07/01/2020,12:24:04,4.45,4.25,5000,4.4,3000,0,391000
M&M30Jan20560CE.NFO,07/01/2020,12:24:08,4.45,4.25,4000,4.4,3000,0,391000
M&M30Jan20560CE.NFO,07/01/2020,12:24:17,4.45,4.3,2000,4.4,1000,0,391000
M&M30Jan20560CE.NFO,07/01/2020,12:24:36,4.45,4.25,6000,4.4,2000,0,391000
M&M30Jan20560CE.NFO,07/01/2020,12:24:44,4.45,4.3,1000,4.4,2000,0,391000
M&M30Jan20560CE.NFO,07/01/2020,12:24:47,4.45,4.25,6000,4.4,2000,0,391000
M&M30Jan20560CE.NFO,07/01/2020,12:25:36,4.45,4.25,4000,4.4,3000,0,391000
M&M30Jan20560CE.NFO,07/01/2020,12:25:39,4.45,4.3,1000,4.4,2000,0,391000
M&M30Jan20560CE.NFO,07/01/2020,12:26:00,4.45,4.25,6000,4.4,2000,0,391000
M&M30Jan20560CE.NFO,07/01/2020,12:26:31,4.45,4.25,6000,4.4,3000,0,391000
M&M30Jan20560CE.NFO,07/01/2020,12:26:39,4.45,4.25,5000,4.4,3000,0,391000
M&M30Jan20560CE.NFO,07/01/2020,12:26:45,4.45,4.25,6000,4.4,3000,0,391000
M&M30Jan20560CE.NFO,07/01/2020,12:26:55,4.45,4.25,5000,4.4,3000,0,391000
M&M30Jan20560CE.NFO,07/01/2020,12:27:04,4.45,4.25,3000,4.4,3000,0,391000
M&M30Jan20560CE.NFO,07/01/2020,12:27:08,4.45,4.25,4000,4.4,3000,0,391000
M&M30Jan20560CE.NFO,07/01/2020,12:27:31,4.45,4.25,2000,4.4,3000,0,391000
M&M30Jan20560CE.NFO,07/01/2020,12:27:35,4.45,4.25,3000,4.4,3000,0,391000
M&M30Jan20560CE.NFO,07/01/2020,12:27:38,4.45,4.25,2000,4.4,3000,0,391000
M&M30Jan20560CE.NFO,07/01/2020,12:27:44,4.45,4.25,1000,4.4,3000,0,391000
M&M30Jan20560CE.NFO,07/01/2020,12:27:55,4.45,4.25,2000,4.4,3000,0,391000
M&M30Jan20560CE.NFO,07/01/2020,12:28:24,4.45,4.25,3000,4.4,3000,0,391000
M&M30Jan20560CE.NFO,07/01/2020,12:28:44,4.45,4.25,1000,4.4,4000,0,391000
M&M30Jan20560CE.NFO,07/01/2020,12:28:59,4.45,4.2,2000,4.25,2000,0,391000
M&M30Jan20560CE.NFO,07/01/2020,12:29:05,4.45,4.2,2000,4.25,1000,0,391000
M&M30Jan20560CE.NFO,07/01/2020,12:29:15,4.2,4.1,5000,4.25,2000,2000,391000
M&M30Jan20560CE.NFO,07/01/2020,12:29:29,4.2,4.1,3000,4.25,4000,0,391000
M&M30Jan20560CE.NFO,07/01/2020,12:29:34,4.2,4.1,2000,4.25,4000,0,391000
M&M30Jan20560CE.NFO,07/01/2020,12:29:38,4.2,4.1,3000,4.25,4000,0,391000
M&M30Jan20560CE.NFO,07/01/2020,12:29:43,4.2,4.1,2000,4.25,4000,0,391000
M&M30Jan20560CE.NFO,07/01/2020,12:29:47,4.2,4.1,4000,4.25,4000,0,391000
M&M30Jan20560CE.NFO,07/01/2020,12:29:52,4.2,4.1,4000,4.25,3000,0,391000
M&M30Jan20560CE.NFO,07/01/2020,12:29:56,4.2,4.1,4000,4.2,2000,0,391000
M&M30Jan20560CE.NFO,07/01/2020,12:30:05,4.2,4.1,1000,4.2,2000,0,391000
M&M30Jan20560CE.NFO,07/01/2020,12:30:18,4.2,4.1,4000,4.2,2000,0,391000
M&M30Jan20560CE.NFO,07/01/2020,12:30:23,4.2,4.15,4000,4.2,1000,0,391000
M&M30Jan20560CE.NFO,07/01/2020,12:30:28,4.2,4.15,5000,4.2,1000,0,391000
M&M30Jan20560CE.NFO,07/01/2020,12:30:33,4.2,4.15,4000,4.25,1000,1000,393000
M&M30Jan20560CE.NFO,07/01/2020,12:30:49,4.2,4.2,2000,4.25,1000,0,393000
M&M30Jan20560CE.NFO,07/01/2020,12:31:04,4.2,4.2,1000,4.25,1000,0,393000
M&M30Jan20560CE.NFO,07/01/2020,12:31:11,4.2,4.2,2000,4.25,1000,0,393000
