Ticker,Date,Time,LTP,BuyPrice,BuyQty,SellPrice,SellQty,LTQ,OpenInterest
M&MFIN30Jan20390CE.NFO,07/01/2020,09:45:39,0.55,0.5,3200,0.65,3200,1600,48000
M&MFIN30Jan20390CE.NFO,07/01/2020,09:45:39,0.55,0.5,3200,0.65,3200,0,48000
M&MFIN30Jan20390CE.NFO,07/01/2020,09:45:39,0.55,0.5,3200,0.65,3200,0,48000
M&MFIN30Jan20390CE.NFO,07/01/2020,09:45:39,0.55,0.5,3200,0.65,3200,0,48000
M&MFIN30Jan20390CE.NFO,07/01/2020,09:45:45,0.55,0.5,3200,0.65,3200,0,48000
M&MFIN30Jan20390CE.NFO,07/01/2020,09:45:56,0.55,0.5,3200,0.6,1600,0,48000
M&MFIN30Jan20390CE.NFO,07/01/2020,09:46:55,0.55,0.5,3200,0.55,1600,0,48000
M&MFIN30Jan20390CE.NFO,07/01/2020,09:47:00,0.5,0.5,1600,0.65,3200,1600,48000
M&MFIN30Jan20390CE.NFO,07/01/2020,09:47:00,0.5,0.5,1600,0.65,3200,0,48000
M&MFIN30Jan20390CE.NFO,07/01/2020,09:47:05,0.5,0.5,1600,0.65,3200,0,48000
M&MFIN30Jan20390CE.NFO,07/01/2020,09:53:05,0.5,0.5,1600,0.7,3200,0,48000
M&MFIN30Jan20390CE.NFO,07/01/2020,09:59:02,0.5,0.5,1600,0.7,4800,0,48000
M&MFIN30Jan20390CE.NFO,07/01/2020,09:59:41,0.5,0.5,1600,0.7,3200,0,48000
M&MFIN30Jan20390CE.NFO,07/01/2020,10:00:41,0.5,0.5,1600,0.7,4800,0,48000
M&MFIN30Jan20390CE.NFO,07/01/2020,10:01:50,0.5,0.5,1600,0.7,6400,0,48000
M&MFIN30Jan20390CE.NFO,07/01/2020,10:01:55,0.5,0.5,1600,0.65,1600,0,48000
M&MFIN30Jan20390CE.NFO,07/01/2020,10:02:06,0.5,0.5,1600,0.65,4800,0,48000
M&MFIN30Jan20390CE.NFO,07/01/2020,10:02:22,0.5,0.5,1600,0.65,3200,0,48000
M&MFIN30Jan20390CE.NFO,07/01/2020,10:05:42,0.5,0.5,1600,0.6,1600,0,48000
M&MFIN30Jan20390CE.NFO,07/01/2020,10:06:32,0.5,0.5,1600,0.65,1600,0,48000
M&MFIN30Jan20390CE.NFO,07/01/2020,10:12:58,0.5,0.5,1600,0.7,4800,0,48000
M&MFIN30Jan20390CE.NFO,07/01/2020,10:21:15,0.5,0.5,1600,0.7,3200,0,48000
M&MFIN30Jan20390CE.NFO,07/01/2020,10:25:44,0.5,0.5,1600,0.7,4800,0,48000
M&MFIN30Jan20390CE.NFO,07/01/2020,10:27:12,0.5,0.5,1600,0.7,3200,0,48000
M&MFIN30Jan20390CE.NFO,07/01/2020,10:35:30,0.5,0.5,1600,0.7,4800,0,48000
M&MFIN30Jan20390CE.NFO,07/01/2020,10:36:12,0.5,0.5,1600,0.7,3200,0,48000
M&MFIN30Jan20390CE.NFO,07/01/2020,10:36:33,0.5,0.5,1600,0.7,4800,0,48000
M&MFIN30Jan20390CE.NFO,07/01/2020,10:36:51,0.5,0.5,1600,0.7,3200,0,48000
M&MFIN30Jan20390CE.NFO,07/01/2020,10:49:55,0.5,0.5,1600,0.7,4800,0,48000
M&MFIN30Jan20390CE.NFO,07/01/2020,10:54:07,0.5,0.5,1600,0.7,3200,0,48000
M&MFIN30Jan20390CE.NFO,07/01/2020,11:14:06,0.5,0.5,1600,0.7,4800,0,48000
M&MFIN30Jan20390CE.NFO,07/01/2020,11:14:54,0.5,0.5,1600,0.7,3200,0,48000
M&MFIN30Jan20390CE.NFO,07/01/2020,11:15:00,0.5,0.5,1600,0.7,4800,0,48000
M&MFIN30Jan20390CE.NFO,07/01/2020,11:15:55,0.5,0.5,1600,0.7,3200,0,48000
M&MFIN30Jan20390CE.NFO,07/01/2020,11:16:01,0.5,0.5,1600,0.7,4800,0,48000
M&MFIN30Jan20390CE.NFO,07/01/2020,11:26:00,0.5,0.5,1600,0.65,1600,0,48000
M&MFIN30Jan20390CE.NFO,07/01/2020,11:26:36,0.5,0.5,1600,0.6,1600,0,48000
M&MFIN30Jan20390CE.NFO,07/01/2020,11:26:41,0.5,0.5,1600,0.7,4800,0,48000
M&MFIN30Jan20390CE.NFO,07/01/2020,11:26:59,0.5,0.5,1600,0.65,1600,0,48000
M&MFIN30Jan20390CE.NFO,07/01/2020,11:27:03,0.5,0.5,1600,0.7,4800,0,48000
M&MFIN30Jan20390CE.NFO,07/01/2020,11:28:59,0.5,0.5,1600,0.65,1600,0,48000
M&MFIN30Jan20390CE.NFO,07/01/2020,11:36:12,0.5,0.5,1600,0.6,1600,0,48000
M&MFIN30Jan20390CE.NFO,07/01/2020,11:36:18,0.5,0.5,1600,0.65,1600,0,48000
M&MFIN30Jan20390CE.NFO,07/01/2020,11:36:23,0.5,0.5,1600,0.6,1600,0,48000
M&MFIN30Jan20390CE.NFO,07/01/2020,11:36:32,0.5,0.5,1600,0.65,1600,0,48000
M&MFIN30Jan20390CE.NFO,07/01/2020,11:39:13,0.5,0.5,1600,0.6,1600,0,48000
M&MFIN30Jan20390CE.NFO,07/01/2020,11:39:20,0.5,0.5,1600,0.65,1600,0,48000
M&MFIN30Jan20390CE.NFO,07/01/2020,11:39:25,0.5,0.5,1600,0.6,1600,0,48000
M&MFIN30Jan20390CE.NFO,07/01/2020,11:39:34,0.5,0.5,1600,0.65,1600,0,48000
M&MFIN30Jan20390CE.NFO,07/01/2020,11:39:42,0.5,0.5,1600,0.6,1600,0,48000
M&MFIN30Jan20390CE.NFO,07/01/2020,11:39:47,0.5,0.5,1600,0.65,1600,0,48000
M&MFIN30Jan20390CE.NFO,07/01/2020,11:39:53,0.5,0.5,1600,0.6,1600,0,48000
M&MFIN30Jan20390CE.NFO,07/01/2020,11:40:00,0.5,0.5,1600,0.65,1600,0,48000
M&MFIN30Jan20390CE.NFO,07/01/2020,11:44:14,0.5,0.5,1600,0.6,1600,0,48000
M&MFIN30Jan20390CE.NFO,07/01/2020,11:44:18,0.5,0.5,1600,0.65,1600,0,48000
M&MFIN30Jan20390CE.NFO,07/01/2020,11:51:17,0.5,0.5,1600,0.6,1600,0,48000
M&MFIN30Jan20390CE.NFO,07/01/2020,11:51:21,0.5,0.5,1600,0.65,1600,0,48000
M&MFIN30Jan20390CE.NFO,07/01/2020,11:56:02,0.5,0.5,1600,0.6,1600,0,48000
M&MFIN30Jan20390CE.NFO,07/01/2020,11:56:08,0.5,0.5,1600,0.65,1600,0,48000
M&MFIN30Jan20390CE.NFO,07/01/2020,11:59:33,0.5,0.5,1600,0.6,1600,0,48000
M&MFIN30Jan20390CE.NFO,07/01/2020,11:59:36,0.5,0.5,1600,0.65,1600,0,48000
M&MFIN30Jan20390CE.NFO,07/01/2020,12:05:52,0.5,0.5,1600,0.6,1600,0,48000
M&MFIN30Jan20390CE.NFO,07/01/2020,12:06:00,0.5,0.5,1600,0.65,1600,0,48000
M&MFIN30Jan20390CE.NFO,07/01/2020,12:06:07,0.5,0.5,1600,0.6,1600,0,48000
M&MFIN30Jan20390CE.NFO,07/01/2020,12:06:11,0.5,0.5,1600,0.65,1600,0,48000
M&MFIN30Jan20390CE.NFO,07/01/2020,12:06:21,0.5,0.5,1600,0.6,1600,0,48000
M&MFIN30Jan20390CE.NFO,07/01/2020,12:06:26,0.5,0.5,1600,0.65,1600,0,48000
M&MFIN30Jan20390CE.NFO,07/01/2020,12:06:31,0.5,0.5,1600,0.6,1600,0,48000
M&MFIN30Jan20390CE.NFO,07/01/2020,12:06:42,0.5,0.5,1600,0.65,1600,0,48000
M&MFIN30Jan20390CE.NFO,07/01/2020,12:11:07,0.5,0.5,1600,0.6,1600,0,48000
M&MFIN30Jan20390CE.NFO,07/01/2020,12:34:02,0.5,0.5,1600,0.6,1600,0,46400
M&MFIN30Jan20390CE.NFO,07/01/2020,12:48:29,0.5,0.5,1600,0.65,1600,0,46400
M&MFIN30Jan20390CE.NFO,07/01/2020,12:48:39,0.5,0.5,1600,0.6,1600,0,46400
M&MFIN30Jan20390CE.NFO,07/01/2020,12:49:48,0.5,0.5,1600,0.7,1600,0,46400
M&MFIN30Jan20390CE.NFO,07/01/2020,12:52:55,0.5,0.5,1600,0.65,1600,0,46400
M&MFIN30Jan20390CE.NFO,07/01/2020,12:52:58,0.5,0.5,1600,0.7,1600,0,46400
M&MFIN30Jan20390CE.NFO,07/01/2020,12:53:06,0.5,0.5,1600,0.65,1600,0,46400
M&MFIN30Jan20390CE.NFO,07/01/2020,12:53:09,0.5,0.5,1600,0.7,1600,0,46400
M&MFIN30Jan20390CE.NFO,07/01/2020,12:53:33,0.5,0.5,1600,0.65,1600,0,46400
M&MFIN30Jan20390CE.NFO,07/01/2020,12:53:38,0.5,0.5,1600,0.7,1600,0,46400
M&MFIN30Jan20390CE.NFO,07/01/2020,12:55:54,0.5,0.5,1600,0.65,1600,0,46400
M&MFIN30Jan20390CE.NFO,07/01/2020,12:56:00,0.5,0.5,1600,0.7,1600,0,46400
M&MFIN30Jan20390CE.NFO,07/01/2020,12:56:14,0.5,0.5,1600,0.65,1600,0,46400
M&MFIN30Jan20390CE.NFO,07/01/2020,12:56:18,0.5,0.5,1600,0.7,1600,0,46400
M&MFIN30Jan20390CE.NFO,07/01/2020,12:56:42,0.5,0.5,1600,0.65,1600,0,46400
M&MFIN30Jan20390CE.NFO,07/01/2020,12:56:45,0.5,0.5,1600,0.7,1600,0,46400
M&MFIN30Jan20390CE.NFO,07/01/2020,12:58:21,0.5,0.5,1600,0.65,1600,0,46400
M&MFIN30Jan20390CE.NFO,07/01/2020,13:04:04,0.5,0.5,1600,0.6,1600,0,46400
M&MFIN30Jan20390CE.NFO,07/01/2020,13:04:08,0.5,0.5,1600,0.65,1600,0,46400
M&MFIN30Jan20390CE.NFO,07/01/2020,13:06:35,0.5,0.5,1600,0.6,1600,0,46400
M&MFIN30Jan20390CE.NFO,07/01/2020,13:06:40,0.5,0.5,1600,0.65,1600,0,46400
M&MFIN30Jan20390CE.NFO,07/01/2020,13:06:54,0.5,0.5,1600,0.6,1600,0,46400
M&MFIN30Jan20390CE.NFO,07/01/2020,13:06:59,0.5,0.5,1600,0.65,1600,0,46400
M&MFIN30Jan20390CE.NFO,07/01/2020,13:08:53,0.5,0.5,1600,0.6,1600,0,46400
M&MFIN30Jan20390CE.NFO,07/01/2020,13:09:00,0.5,0.5,1600,0.65,1600,0,46400
M&MFIN30Jan20390CE.NFO,07/01/2020,13:09:30,0.5,0.5,1600,0.6,1600,0,46400
M&MFIN30Jan20390CE.NFO,07/01/2020,13:09:36,0.5,0.5,1600,0.65,1600,0,46400
M&MFIN30Jan20390CE.NFO,07/01/2020,13:09:42,0.5,0.5,1600,0.6,1600,0,46400
M&MFIN30Jan20390CE.NFO,07/01/2020,13:09:55,0.5,0.5,1600,0.65,1600,0,46400
M&MFIN30Jan20390CE.NFO,07/01/2020,13:10:01,0.5,0.5,1600,0.6,1600,0,46400
M&MFIN30Jan20390CE.NFO,07/01/2020,13:10:07,0.5,0.5,1600,0.65,1600,0,46400
M&MFIN30Jan20390CE.NFO,07/01/2020,13:15:20,0.5,0.5,1600,0.6,1600,0,46400
M&MFIN30Jan20390CE.NFO,07/01/2020,13:17:24,0.5,0.5,1600,0.65,1600,0,46400
M&MFIN30Jan20390CE.NFO,07/01/2020,13:17:38,0.5,0.5,1600,0.6,1600,0,46400
M&MFIN30Jan20390CE.NFO,07/01/2020,13:20:42,0.5,0.5,1600,0.55,1600,0,46400
M&MFIN30Jan20390CE.NFO,07/01/2020,13:23:12,0.5,0.35,3200,0.8,3200,1600,46400
M&MFIN30Jan20390CE.NFO,07/01/2020,13:23:29,0.5,0.35,3200,0.8,3200,0,46400
M&MFIN30Jan20390CE.NFO,07/01/2020,13:33:59,0.5,0.35,3200,0.65,1600,0,46400
M&MFIN30Jan20390CE.NFO,07/01/2020,13:34:13,0.5,0.35,3200,0.6,1600,0,46400
M&MFIN30Jan20390CE.NFO,07/01/2020,13:41:44,0.5,0.35,3200,0.65,1600,0,46400
M&MFIN30Jan20390CE.NFO,07/01/2020,13:45:01,0.5,0.35,3200,0.6,1600,0,46400
M&MFIN30Jan20390CE.NFO,07/01/2020,13:45:05,0.5,0.35,3200,0.65,1600,0,46400
M&MFIN30Jan20390CE.NFO,07/01/2020,13:48:23,0.5,0.35,3200,0.7,1600,0,46400
M&MFIN30Jan20390CE.NFO,07/01/2020,13:48:28,0.5,0.35,3200,0.65,1600,0,46400
M&MFIN30Jan20390CE.NFO,07/01/2020,13:49:22,0.5,0.35,3200,0.7,1600,0,46400
M&MFIN30Jan20390CE.NFO,07/01/2020,13:49:29,0.5,0.35,3200,0.65,1600,0,46400
M&MFIN30Jan20390CE.NFO,07/01/2020,13:49:36,0.5,0.35,3200,0.7,1600,0,46400
M&MFIN30Jan20390CE.NFO,07/01/2020,13:49:41,0.5,0.35,3200,0.65,1600,0,46400
M&MFIN30Jan20390CE.NFO,07/01/2020,13:49:45,0.5,0.35,3200,0.7,1600,0,46400
M&MFIN30Jan20390CE.NFO,07/01/2020,13:49:50,0.5,0.35,3200,0.65,1600,0,46400
M&MFIN30Jan20390CE.NFO,07/01/2020,13:50:06,0.5,0.35,3200,0.7,1600,0,46400
M&MFIN30Jan20390CE.NFO,07/01/2020,13:50:12,0.5,0.35,3200,0.65,1600,0,46400
M&MFIN30Jan20390CE.NFO,07/01/2020,13:51:02,0.5,0.35,3200,0.7,1600,0,46400
M&MFIN30Jan20390CE.NFO,07/01/2020,13:52:02,0.5,0.35,3200,0.65,1600,0,46400
M&MFIN30Jan20390CE.NFO,07/01/2020,13:52:11,0.5,0.35,3200,0.7,1600,0,46400
M&MFIN30Jan20390CE.NFO,07/01/2020,13:52:28,0.5,0.35,3200,0.65,1600,0,46400
M&MFIN30Jan20390CE.NFO,07/01/2020,13:52:33,0.5,0.35,3200,0.7,1600,0,46400
M&MFIN30Jan20390CE.NFO,07/01/2020,13:52:46,0.5,0.35,3200,0.65,1600,0,46400
M&MFIN30Jan20390CE.NFO,07/01/2020,13:52:51,0.5,0.35,3200,0.7,1600,0,46400
M&MFIN30Jan20390CE.NFO,07/01/2020,13:52:55,0.5,0.35,3200,0.65,1600,0,46400
M&MFIN30Jan20390CE.NFO,07/01/2020,13:52:59,0.5,0.35,3200,0.7,1600,0,46400
M&MFIN30Jan20390CE.NFO,07/01/2020,13:53:08,0.5,0.35,3200,0.65,1600,0,46400
M&MFIN30Jan20390CE.NFO,07/01/2020,13:53:12,0.5,0.35,3200,0.7,1600,0,46400
M&MFIN30Jan20390CE.NFO,07/01/2020,13:53:17,0.5,0.35,3200,0.65,1600,0,46400
M&MFIN30Jan20390CE.NFO,07/01/2020,13:55:10,0.5,0.35,3200,0.7,1600,0,46400
M&MFIN30Jan20390CE.NFO,07/01/2020,13:55:16,0.5,0.35,3200,0.65,1600,0,46400
M&MFIN30Jan20390CE.NFO,07/01/2020,13:55:26,0.5,0.35,3200,0.7,1600,0,46400
M&MFIN30Jan20390CE.NFO,07/01/2020,13:55:32,0.5,0.35,3200,0.65,1600,0,46400
M&MFIN30Jan20390CE.NFO,07/01/2020,14:03:20,0.5,0.35,3200,0.75,1600,0,46400
M&MFIN30Jan20390CE.NFO,07/01/2020,14:03:24,0.5,0.35,3200,0.7,1600,0,46400
M&MFIN30Jan20390CE.NFO,07/01/2020,14:04:27,0.5,0.35,3200,0.65,1600,0,46400
M&MFIN30Jan20390CE.NFO,07/01/2020,14:04:32,0.5,0.35,3200,0.7,1600,0,46400
M&MFIN30Jan20390CE.NFO,07/01/2020,14:06:55,0.5,0.35,3200,0.65,1600,0,46400
M&MFIN30Jan20390CE.NFO,07/01/2020,14:07:03,0.5,0.35,3200,0.7,1600,0,46400
M&MFIN30Jan20390CE.NFO,07/01/2020,14:08:17,0.5,0.35,3200,0.65,1600,0,46400
M&MFIN30Jan20390CE.NFO,07/01/2020,14:08:32,0.5,0.35,3200,0.7,1600,0,46400
M&MFIN30Jan20390CE.NFO,07/01/2020,14:08:59,0.5,0.35,3200,0.65,1600,0,46400
M&MFIN30Jan20390CE.NFO,07/01/2020,14:09:06,0.5,0.35,3200,0.7,1600,0,46400
M&MFIN30Jan20390CE.NFO,07/01/2020,14:09:54,0.5,0.35,3200,0.65,1600,0,46400
M&MFIN30Jan20390CE.NFO,07/01/2020,14:10:31,0.5,0.35,3200,0.7,1600,0,46400
M&MFIN30Jan20390CE.NFO,07/01/2020,14:13:02,0.5,0.35,3200,0.65,1600,0,46400
M&MFIN30Jan20390CE.NFO,07/01/2020,14:13:06,0.5,0.35,3200,0.7,1600,0,46400
M&MFIN30Jan20390CE.NFO,07/01/2020,14:14:17,0.5,0.35,3200,0.75,1600,0,46400
M&MFIN30Jan20390CE.NFO,07/01/2020,14:14:27,0.5,0.35,3200,0.7,1600,0,46400
M&MFIN30Jan20390CE.NFO,07/01/2020,14:14:32,0.5,0.35,3200,0.75,1600,0,46400
M&MFIN30Jan20390CE.NFO,07/01/2020,14:14:37,0.5,0.35,3200,0.7,1600,0,46400
M&MFIN30Jan20390CE.NFO,07/01/2020,14:21:40,0.5,0.35,3200,0.65,1600,0,46400
M&MFIN30Jan20390CE.NFO,07/01/2020,14:21:44,0.5,0.35,3200,0.7,1600,0,46400
M&MFIN30Jan20390CE.NFO,07/01/2020,14:23:50,0.5,0.35,3200,0.65,1600,0,46400
M&MFIN30Jan20390CE.NFO,07/01/2020,14:23:58,0.5,0.35,3200,0.7,1600,0,46400
M&MFIN30Jan20390CE.NFO,07/01/2020,14:24:45,0.5,0.35,3200,0.65,1600,0,46400
M&MFIN30Jan20390CE.NFO,07/01/2020,14:24:48,0.5,0.35,3200,0.7,1600,0,46400
M&MFIN30Jan20390CE.NFO,07/01/2020,14:25:49,0.5,0.35,3200,0.65,1600,0,46400
M&MFIN30Jan20390CE.NFO,07/01/2020,14:25:54,0.5,0.35,3200,0.7,1600,0,46400
M&MFIN30Jan20390CE.NFO,07/01/2020,14:28:40,0.5,0.35,3200,0.65,1600,0,46400
M&MFIN30Jan20390CE.NFO,07/01/2020,14:28:55,0.5,0.35,3200,0.7,1600,0,46400
M&MFIN30Jan20390CE.NFO,07/01/2020,14:29:50,0.5,0.35,3200,0.65,1600,0,46400
M&MFIN30Jan20390CE.NFO,07/01/2020,14:29:53,0.5,0.35,3200,0.7,1600,0,46400
M&MFIN30Jan20390CE.NFO,07/01/2020,14:30:12,0.5,0.35,3200,0.65,1600,0,46400
M&MFIN30Jan20390CE.NFO,07/01/2020,14:30:21,0.5,0.35,3200,0.7,1600,0,46400
M&MFIN30Jan20390CE.NFO,07/01/2020,14:33:17,0.5,0.35,3200,0.75,1600,0,46400
M&MFIN30Jan20390CE.NFO,07/01/2020,14:33:22,0.5,0.35,3200,0.7,1600,0,46400
M&MFIN30Jan20390CE.NFO,07/01/2020,14:35:36,0.5,0.35,3200,0.65,1600,0,46400
M&MFIN30Jan20390CE.NFO,07/01/2020,14:36:08,0.5,0.35,3200,0.7,1600,0,46400
M&MFIN30Jan20390CE.NFO,07/01/2020,14:36:31,0.5,0.35,3200,0.65,1600,0,46400
M&MFIN30Jan20390CE.NFO,07/01/2020,14:37:32,0.5,0.35,3200,0.7,1600,0,46400
M&MFIN30Jan20390CE.NFO,07/01/2020,14:39:10,0.5,0.35,3200,0.65,1600,0,46400
M&MFIN30Jan20390CE.NFO,07/01/2020,14:39:28,0.5,0.35,3200,0.7,1600,0,46400
M&MFIN30Jan20390CE.NFO,07/01/2020,14:41:23,0.5,0.35,3200,0.7,3200,0,46400
M&MFIN30Jan20390CE.NFO,07/01/2020,14:42:03,0.5,0.35,3200,0.65,1600,0,46400
M&MFIN30Jan20390CE.NFO,07/01/2020,14:42:23,0.5,0.35,3200,0.7,3200,0,46400
M&MFIN30Jan20390CE.NFO,07/01/2020,14:42:57,0.5,0.35,3200,0.65,1600,0,46400
M&MFIN30Jan20390CE.NFO,07/01/2020,14:49:45,0.5,0.35,3200,0.6,1600,0,46400
M&MFIN30Jan20390CE.NFO,07/01/2020,14:50:42,0.5,0.35,3200,0.65,1600,0,46400
M&MFIN30Jan20390CE.NFO,07/01/2020,14:50:47,0.5,0.35,3200,0.6,1600,0,46400
M&MFIN30Jan20390CE.NFO,07/01/2020,14:52:48,0.5,0.35,3200,0.55,1600,0,46400
M&MFIN30Jan20390CE.NFO,07/01/2020,14:53:22,0.5,0.35,3200,0.6,1600,0,46400
M&MFIN30Jan20390CE.NFO,07/01/2020,14:59:03,0.5,0.35,3200,0.55,1600,0,46400
M&MFIN30Jan20390CE.NFO,07/01/2020,14:59:10,0.5,0.35,3200,0.6,1600,0,46400
M&MFIN30Jan20390CE.NFO,07/01/2020,15:00:15,0.5,0.35,3200,0.55,1600,0,46400
M&MFIN30Jan20390CE.NFO,07/01/2020,15:01:06,0.5,0.35,3200,0.6,1600,0,46400
M&MFIN30Jan20390CE.NFO,07/01/2020,15:01:16,0.5,0.35,3200,0.55,1600,0,46400
M&MFIN30Jan20390CE.NFO,07/01/2020,15:01:53,0.5,0.35,1600,0.55,1600,0,46400
M&MFIN30Jan20390CE.NFO,07/01/2020,15:11:13,0.5,0.35,1600,0.6,1600,0,46400
M&MFIN30Jan20390CE.NFO,07/01/2020,15:11:19,0.5,0.35,1600,0.5,3200,0,46400
M&MFIN30Jan20390CE.NFO,07/01/2020,15:12:55,0.5,0.35,1600,0.5,1600,1600,44800
M&MFIN30Jan20390CE.NFO,07/01/2020,15:12:59,0.5,0.35,1600,0.5,1600,0,44800
M&MFIN30Jan20390CE.NFO,07/01/2020,15:15:41,0.5,0.35,1600,0.5,3200,0,44800
M&MFIN30Jan20390CE.NFO,07/01/2020,15:15:49,0.5,0.35,1600,0.5,1600,0,44800
M&MFIN30Jan20390CE.NFO,07/01/2020,15:16:16,0.5,0.35,1600,0.5,3200,0,44800
M&MFIN30Jan20390CE.NFO,07/01/2020,15:17:32,0.5,0.35,1600,0.5,1600,0,44800
M&MFIN30Jan20390CE.NFO,07/01/2020,15:17:51,0.5,0.35,1600,0.5,3200,0,44800
M&MFIN30Jan20390CE.NFO,07/01/2020,15:19:12,0.5,0.35,1600,0.5,1600,0,44800
M&MFIN30Jan20390CE.NFO,07/01/2020,15:20:36,0.5,0.35,1600,0.5,3200,0,44800
M&MFIN30Jan20390CE.NFO,07/01/2020,15:21:29,0.5,0.35,1600,0.5,1600,0,44800
M&MFIN30Jan20390CE.NFO,07/01/2020,15:21:48,0.5,0.35,1600,0.5,3200,0,44800
M&MFIN30Jan20390CE.NFO,07/01/2020,15:21:53,0.5,0.35,1600,0.5,1600,0,44800
M&MFIN30Jan20390CE.NFO,07/01/2020,15:21:58,0.5,0.35,1600,0.5,3200,0,44800
M&MFIN30Jan20390CE.NFO,07/01/2020,15:22:04,0.5,0.35,1600,0.5,1600,0,44800
M&MFIN30Jan20390CE.NFO,07/01/2020,15:22:16,0.5,0.35,1600,0.5,3200,0,44800
M&MFIN30Jan20390CE.NFO,07/01/2020,15:22:22,0.5,0.35,1600,0.5,1600,0,44800
M&MFIN30Jan20390CE.NFO,07/01/2020,15:22:28,0.5,0.35,1600,0.5,3200,0,44800
M&MFIN30Jan20390CE.NFO,07/01/2020,15:22:41,0.5,0.35,1600,0.5,1600,0,44800
M&MFIN30Jan20390CE.NFO,07/01/2020,15:22:53,0.5,0.35,1600,0.5,3200,0,44800
M&MFIN30Jan20390CE.NFO,07/01/2020,15:23:13,0.5,0.35,1600,0.5,1600,0,44800
M&MFIN30Jan20390CE.NFO,07/01/2020,15:26:42,0.5,0.35,1600,0.5,3200,0,44800
M&MFIN30Jan20390CE.NFO,07/01/2020,15:26:48,0.5,0.35,1600,0.5,1600,0,44800
M&MFIN30Jan20390CE.NFO,07/01/2020,15:27:25,0.5,0.35,1600,0.5,3200,0,44800
M&MFIN30Jan20390CE.NFO,07/01/2020,15:27:31,0.5,0.35,1600,0.5,1600,0,44800
M&MFIN30Jan20390CE.NFO,07/01/2020,15:28:22,0.5,0.3,3200,0.5,1600,0,44800
M&MFIN30Jan20390CE.NFO,07/01/2020,15:28:27,0.5,0.3,3200,0.5,3200,0,44800
M&MFIN30Jan20390CE.NFO,07/01/2020,15:28:33,0.5,0.3,3200,0.5,1600,0,44800
M&MFIN30Jan20390CE.NFO,07/01/2020,15:29:16,0.5,0.3,3200,0.5,3200,0,44800
M&MFIN30Jan20390CE.NFO,07/01/2020,15:29:23,0.5,0.3,3200,0.5,1600,0,44800
M&MFIN30Jan20390CE.NFO,07/01/2020,15:29:51,0.5,0.3,3200,0.5,3200,0,44800
