Ticker,Date,Time,LTP,BuyPrice,BuyQty,SellPrice,SellQty,LTQ,OpenInterest
M&MFIN30Jan20320CE.NFO,07/01/2020,09:32:50,16.5,16.2,3200,16.8,1600,1600,70400
M&MFIN30Jan20320CE.NFO,07/01/2020,09:32:50,16.5,16.2,3200,16.8,1600,0,70400
M&MFIN30Jan20320CE.NFO,07/01/2020,09:32:50,16.5,16.2,3200,16.8,1600,0,70400
M&MFIN30Jan20320CE.NFO,07/01/2020,09:32:50,16.5,16.2,3200,16.8,1600,0,70400
M&MFIN30Jan20320CE.NFO,07/01/2020,09:32:56,16.75,16.3,3200,16.8,1600,1600,70400
M&MFIN30Jan20320CE.NFO,07/01/2020,09:32:56,16.75,16.3,3200,16.8,1600,0,70400
M&MFIN30Jan20320CE.NFO,07/01/2020,09:33:02,17.2,16.45,1600,17.4,1600,3200,70400
M&MFIN30Jan20320CE.NFO,07/01/2020,09:33:02,17.2,16.45,1600,17.4,1600,0,70400
M&MFIN30Jan20320CE.NFO,07/01/2020,09:33:08,17.2,16.5,4800,17.5,1600,0,70400
M&MFIN30Jan20320CE.NFO,07/01/2020,09:33:13,17.2,16.3,3200,17.25,1600,0,70400
M&MFIN30Jan20320CE.NFO,07/01/2020,09:33:24,17.2,16.5,1600,17.6,1600,0,70400
M&MFIN30Jan20320CE.NFO,07/01/2020,09:33:29,17.2,16.5,1600,17.65,1600,0,70400
M&MFIN30Jan20320CE.NFO,07/01/2020,09:33:34,17.2,16.55,3200,17.7,3200,0,70400
M&MFIN30Jan20320CE.NFO,07/01/2020,09:33:44,17.2,16.7,1600,17.7,1600,0,70400
M&MFIN30Jan20320CE.NFO,07/01/2020,09:33:49,17.2,16.7,1600,17.6,1600,0,70400
M&MFIN30Jan20320CE.NFO,07/01/2020,09:33:54,17.2,16.75,1600,17.75,1600,0,70400
M&MFIN30Jan20320CE.NFO,07/01/2020,09:34:08,17.2,16.75,1600,17.6,1600,0,70400
M&MFIN30Jan20320CE.NFO,07/01/2020,09:34:12,17.2,16.75,3200,17.75,1600,0,70400
M&MFIN30Jan20320CE.NFO,07/01/2020,09:34:15,17.2,16.75,3200,17.8,1600,0,70400
M&MFIN30Jan20320CE.NFO,07/01/2020,09:34:16,17.2,16.75,3200,17.75,1600,0,70400
M&MFIN30Jan20320CE.NFO,07/01/2020,09:34:17,17.2,16.75,3200,17.7,1600,0,70400
M&MFIN30Jan20320CE.NFO,07/01/2020,09:34:19,17.2,16.75,3200,17.8,1600,0,70400
M&MFIN30Jan20320CE.NFO,07/01/2020,09:34:20,17.2,16.75,3200,17.7,1600,0,70400
M&MFIN30Jan20320CE.NFO,07/01/2020,09:34:21,17.2,16.75,3200,17.65,1600,0,70400
M&MFIN30Jan20320CE.NFO,07/01/2020,09:34:21,17.2,16.75,3200,17.75,1600,0,70400
M&MFIN30Jan20320CE.NFO,07/01/2020,09:34:22,17.2,16.75,3200,17.65,1600,0,70400
M&MFIN30Jan20320CE.NFO,07/01/2020,09:34:24,17.2,16.75,3200,17.6,1600,0,70400
M&MFIN30Jan20320CE.NFO,07/01/2020,09:34:24,17.2,16.75,3200,17.75,1600,0,70400
M&MFIN30Jan20320CE.NFO,07/01/2020,09:34:26,17.2,16.75,3200,17.65,1600,0,70400
M&MFIN30Jan20320CE.NFO,07/01/2020,09:34:27,17.2,16.75,3200,17.6,1600,0,70400
M&MFIN30Jan20320CE.NFO,07/01/2020,09:34:31,17.2,16.55,1600,17.6,1600,0,70400
M&MFIN30Jan20320CE.NFO,07/01/2020,09:34:32,17.2,16.55,3200,17.6,1600,0,70400
M&MFIN30Jan20320CE.NFO,07/01/2020,09:34:35,17.2,16.55,3200,17.6,3200,0,70400
M&MFIN30Jan20320CE.NFO,07/01/2020,09:34:58,17.2,16.55,3200,17.45,1600,0,70400
M&MFIN30Jan20320CE.NFO,07/01/2020,09:35:00,17.2,16.55,3200,17.55,1600,0,70400
M&MFIN30Jan20320CE.NFO,07/01/2020,09:35:18,17.2,16.65,3200,17.55,1600,0,70400
M&MFIN30Jan20320CE.NFO,07/01/2020,09:35:28,17.2,16.45,1600,17.45,1600,0,70400
M&MFIN30Jan20320CE.NFO,07/01/2020,09:35:32,17.2,16.4,3200,17.45,1600,0,70400
M&MFIN30Jan20320CE.NFO,07/01/2020,09:35:38,17.2,16.4,3200,17.35,1600,0,70400
M&MFIN30Jan20320CE.NFO,07/01/2020,09:35:44,17.2,16.15,1600,17.25,1600,0,70400
M&MFIN30Jan20320CE.NFO,07/01/2020,09:35:51,17.2,16.15,3200,17.2,1600,0,70400
M&MFIN30Jan20320CE.NFO,07/01/2020,09:36:02,17.2,16.4,3200,17.5,1600,0,70400
M&MFIN30Jan20320CE.NFO,07/01/2020,09:36:13,17.2,16.6,1600,17.5,1600,0,70400
M&MFIN30Jan20320CE.NFO,07/01/2020,09:36:19,17.2,16.7,1600,17.65,1600,0,70400
M&MFIN30Jan20320CE.NFO,07/01/2020,09:36:25,17.2,16.7,1600,17.65,3200,0,70400
M&MFIN30Jan20320CE.NFO,07/01/2020,09:36:34,17.2,16.8,1600,17.65,1600,0,70400
M&MFIN30Jan20320CE.NFO,07/01/2020,09:36:44,17.2,16.7,1600,17.65,3200,0,70400
M&MFIN30Jan20320CE.NFO,07/01/2020,09:36:48,17.2,16.7,1600,17.6,1600,0,70400
M&MFIN30Jan20320CE.NFO,07/01/2020,09:36:58,17.2,16.5,4800,17.6,1600,0,70400
M&MFIN30Jan20320CE.NFO,07/01/2020,09:37:02,17.2,16.5,3200,17.6,1600,0,70400
M&MFIN30Jan20320CE.NFO,07/01/2020,09:37:26,17.2,16.5,3200,17.55,1600,0,70400
M&MFIN30Jan20320CE.NFO,07/01/2020,09:37:27,17.2,16.5,3200,17.5,1600,0,70400
M&MFIN30Jan20320CE.NFO,07/01/2020,09:37:31,17.2,16.5,3200,17.4,1600,0,70400
M&MFIN30Jan20320CE.NFO,07/01/2020,09:37:33,17.2,16.5,3200,17.35,1600,0,70400
M&MFIN30Jan20320CE.NFO,07/01/2020,09:37:52,17.2,16.45,1600,17.35,3200,0,70400
M&MFIN30Jan20320CE.NFO,07/01/2020,09:37:53,17.2,16.3,3200,17.3,1600,0,70400
M&MFIN30Jan20320CE.NFO,07/01/2020,09:37:54,17.2,16.3,3200,17.35,1600,0,70400
M&MFIN30Jan20320CE.NFO,07/01/2020,09:38:02,17.2,16.3,3200,17.25,1600,0,70400
M&MFIN30Jan20320CE.NFO,07/01/2020,09:38:03,17.2,16.3,3200,17.3,1600,0,70400
M&MFIN30Jan20320CE.NFO,07/01/2020,09:38:05,17.2,16.3,3200,17.25,1600,0,70400
M&MFIN30Jan20320CE.NFO,07/01/2020,09:38:07,17.2,16.3,3200,17.2,1600,0,70400
M&MFIN30Jan20320CE.NFO,07/01/2020,09:38:08,17.2,16.3,3200,17.25,1600,0,70400
M&MFIN30Jan20320CE.NFO,07/01/2020,09:38:09,17.2,16.3,3200,17.2,1600,0,70400
M&MFIN30Jan20320CE.NFO,07/01/2020,09:38:30,17.2,16.3,3200,17.15,1600,0,70400
M&MFIN30Jan20320CE.NFO,07/01/2020,09:38:47,17.2,16.2,1600,17.25,1600,0,70400
M&MFIN30Jan20320CE.NFO,07/01/2020,09:38:52,17.2,16.3,1600,17.25,1600,0,70400
M&MFIN30Jan20320CE.NFO,07/01/2020,09:39:00,17.2,16.3,1600,17.15,1600,0,70400
M&MFIN30Jan20320CE.NFO,07/01/2020,09:39:22,17.2,16.3,1600,17.2,1600,0,70400
M&MFIN30Jan20320CE.NFO,07/01/2020,09:39:32,17.2,16.5,3200,17.45,1600,0,70400
M&MFIN30Jan20320CE.NFO,07/01/2020,09:39:36,17.2,16.45,1600,17.3,1600,0,70400
M&MFIN30Jan20320CE.NFO,07/01/2020,09:39:56,17.2,16.35,1600,17.2,1600,0,70400
M&MFIN30Jan20320CE.NFO,07/01/2020,09:40:11,17.2,16.45,1600,17.3,1600,0,70400
M&MFIN30Jan20320CE.NFO,07/01/2020,09:40:21,17.2,16.45,1600,17.2,1600,0,70400
M&MFIN30Jan20320CE.NFO,07/01/2020,09:40:26,17.2,16.45,1600,17.3,1600,0,70400
M&MFIN30Jan20320CE.NFO,07/01/2020,09:40:35,17.2,16.35,1600,17.25,1600,0,70400
M&MFIN30Jan20320CE.NFO,07/01/2020,09:41:29,17.2,16.35,1600,17.2,1600,0,70400
M&MFIN30Jan20320CE.NFO,07/01/2020,09:41:48,17.2,16.45,1600,17.3,1600,0,70400
M&MFIN30Jan20320CE.NFO,07/01/2020,09:42:07,17.2,16.45,1600,17.25,1600,0,70400
M&MFIN30Jan20320CE.NFO,07/01/2020,09:42:13,17.2,16.35,1600,17.15,1600,0,70400
M&MFIN30Jan20320CE.NFO,07/01/2020,09:42:40,17.2,16.35,1600,17.25,1600,0,70400
M&MFIN30Jan20320CE.NFO,07/01/2020,09:42:46,17.2,16.35,1600,17.3,1600,0,70400
M&MFIN30Jan20320CE.NFO,07/01/2020,09:42:53,17.2,16.35,1600,17.2,1600,0,70400
M&MFIN30Jan20320CE.NFO,07/01/2020,09:42:59,17.2,16.35,1600,17.15,1600,0,70400
M&MFIN30Jan20320CE.NFO,07/01/2020,09:43:36,17.2,16.35,1600,17.2,1600,0,70400
M&MFIN30Jan20320CE.NFO,07/01/2020,09:43:59,17.2,16.35,3200,17.2,1600,0,70400
M&MFIN30Jan20320CE.NFO,07/01/2020,09:44:10,17.2,16.45,1600,17.2,1600,0,70400
M&MFIN30Jan20320CE.NFO,07/01/2020,09:44:56,17.2,16.7,1600,17.55,1600,0,70400
M&MFIN30Jan20320CE.NFO,07/01/2020,09:45:08,17.2,16.9,1600,17.6,1600,0,70400
M&MFIN30Jan20320CE.NFO,07/01/2020,09:45:15,17.2,16.9,1600,17.95,1600,0,70400
M&MFIN30Jan20320CE.NFO,07/01/2020,09:45:21,17.2,17,1600,17.8,1600,0,70400
M&MFIN30Jan20320CE.NFO,07/01/2020,09:45:39,17.2,17,1600,17.9,1600,0,70400
M&MFIN30Jan20320CE.NFO,07/01/2020,09:45:45,17.2,17,1600,17.8,1600,0,70400
M&MFIN30Jan20320CE.NFO,07/01/2020,09:46:07,17.2,17.1,1600,17.85,1600,0,70400
M&MFIN30Jan20320CE.NFO,07/01/2020,09:46:12,17.2,17.1,1600,17.9,1600,0,70400
M&MFIN30Jan20320CE.NFO,07/01/2020,09:46:17,17.2,17.1,3200,17.95,1600,0,70400
M&MFIN30Jan20320CE.NFO,07/01/2020,09:46:22,17.2,17.1,1600,17.85,1600,0,70400
M&MFIN30Jan20320CE.NFO,07/01/2020,09:46:27,17.2,17.1,3200,17.8,1600,0,70400
M&MFIN30Jan20320CE.NFO,07/01/2020,09:46:32,17.2,17.1,3200,17.9,1600,0,70400
M&MFIN30Jan20320CE.NFO,07/01/2020,09:46:46,17.2,17.1,3200,17.8,1600,0,70400
M&MFIN30Jan20320CE.NFO,07/01/2020,09:46:55,17.2,17.05,1600,17.8,1600,0,70400
M&MFIN30Jan20320CE.NFO,07/01/2020,09:47:00,17.2,16.95,1600,17.65,1600,0,70400
M&MFIN30Jan20320CE.NFO,07/01/2020,09:47:09,17.2,16.95,1600,17.6,1600,0,70400
M&MFIN30Jan20320CE.NFO,07/01/2020,09:47:13,17.2,16.95,1600,17.5,1600,0,70400
M&MFIN30Jan20320CE.NFO,07/01/2020,09:47:17,17.2,16.95,1600,17.7,1600,0,70400
M&MFIN30Jan20320CE.NFO,07/01/2020,09:47:21,17.2,16.8,3200,17.7,1600,0,70400
M&MFIN30Jan20320CE.NFO,07/01/2020,09:47:26,17.2,16.9,3200,17.7,1600,0,70400
M&MFIN30Jan20320CE.NFO,07/01/2020,09:47:31,17.2,16.9,3200,17.75,1600,0,70400
M&MFIN30Jan20320CE.NFO,07/01/2020,09:47:36,17.2,16.9,3200,17.65,1600,0,70400
M&MFIN30Jan20320CE.NFO,07/01/2020,09:47:40,17.2,16.9,3200,17.75,1600,0,70400
M&MFIN30Jan20320CE.NFO,07/01/2020,09:47:48,17.2,16.9,3200,17.7,1600,0,70400
M&MFIN30Jan20320CE.NFO,07/01/2020,09:48:01,17.2,16.9,3200,17.9,1600,0,70400
M&MFIN30Jan20320CE.NFO,07/01/2020,09:48:16,17.2,16.9,3200,17.7,1600,0,70400
M&MFIN30Jan20320CE.NFO,07/01/2020,09:48:20,17.2,16.9,3200,17.8,1600,0,70400
M&MFIN30Jan20320CE.NFO,07/01/2020,09:48:24,17.2,16.9,3200,17.85,1600,0,70400
M&MFIN30Jan20320CE.NFO,07/01/2020,09:48:36,17.2,16.9,3200,17.7,1600,0,70400
M&MFIN30Jan20320CE.NFO,07/01/2020,09:48:41,17.2,16.9,3200,17.75,1600,0,70400
M&MFIN30Jan20320CE.NFO,07/01/2020,09:48:57,17.2,16.9,3200,17.8,1600,0,70400
M&MFIN30Jan20320CE.NFO,07/01/2020,09:49:01,17.2,17,3200,17.95,1600,0,70400
M&MFIN30Jan20320CE.NFO,07/01/2020,09:49:06,17.2,17,3200,18.05,1600,0,70400
M&MFIN30Jan20320CE.NFO,07/01/2020,09:49:10,17.2,17.2,1600,18.15,1600,0,70400
M&MFIN30Jan20320CE.NFO,07/01/2020,09:49:20,17.2,17.3,1600,18.15,1600,0,70400
M&MFIN30Jan20320CE.NFO,07/01/2020,09:49:26,17.2,17.2,1600,17.9,1600,0,70400
M&MFIN30Jan20320CE.NFO,07/01/2020,09:49:32,17.2,17.2,1600,18.05,1600,0,70400
M&MFIN30Jan20320CE.NFO,07/01/2020,09:49:37,17.2,16.85,3200,18.05,3200,0,70400
M&MFIN30Jan20320CE.NFO,07/01/2020,09:49:42,17.2,17.05,1600,18,1600,0,70400
M&MFIN30Jan20320CE.NFO,07/01/2020,09:49:48,17.2,17.05,1600,18.05,1600,0,70400
M&MFIN30Jan20320CE.NFO,07/01/2020,09:50:13,17.2,17.05,1600,17.9,1600,0,70400
M&MFIN30Jan20320CE.NFO,07/01/2020,09:50:18,17.2,17.05,1600,18,3200,0,70400
M&MFIN30Jan20320CE.NFO,07/01/2020,09:50:23,17.2,17.05,1600,17.95,1600,0,70400
M&MFIN30Jan20320CE.NFO,07/01/2020,09:50:32,17.2,17.05,1600,18.05,1600,0,70400
M&MFIN30Jan20320CE.NFO,07/01/2020,09:50:49,17.2,17.05,1600,17.9,1600,0,70400
M&MFIN30Jan20320CE.NFO,07/01/2020,09:50:59,17.2,17.05,1600,18.05,1600,0,70400
M&MFIN30Jan20320CE.NFO,07/01/2020,09:51:09,17.2,17.05,1600,17.95,1600,0,70400
M&MFIN30Jan20320CE.NFO,07/01/2020,09:51:39,17.2,17.35,1600,18.05,1600,0,70400
M&MFIN30Jan20320CE.NFO,07/01/2020,09:51:44,17.2,17.45,1600,18.3,1600,0,70400
M&MFIN30Jan20320CE.NFO,07/01/2020,09:51:56,17.2,17.35,1600,18.2,1600,0,70400
M&MFIN30Jan20320CE.NFO,07/01/2020,09:52:00,17.2,17.25,1600,18.1,1600,0,70400
M&MFIN30Jan20320CE.NFO,07/01/2020,09:52:08,17.2,17.25,1600,18,1600,0,70400
M&MFIN30Jan20320CE.NFO,07/01/2020,09:52:17,17.2,17.25,1600,18.05,1600,0,70400
M&MFIN30Jan20320CE.NFO,07/01/2020,09:52:21,17.2,17.15,1600,17.9,1600,0,70400
M&MFIN30Jan20320CE.NFO,07/01/2020,09:52:26,17.2,17.15,1600,18,1600,0,70400
M&MFIN30Jan20320CE.NFO,07/01/2020,09:52:36,17.2,17.15,1600,18.15,1600,0,70400
M&MFIN30Jan20320CE.NFO,07/01/2020,09:52:45,17.2,17.15,1600,18.05,1600,0,70400
M&MFIN30Jan20320CE.NFO,07/01/2020,09:52:49,17.2,17.15,1600,18.1,1600,0,70400
M&MFIN30Jan20320CE.NFO,07/01/2020,09:53:05,17.2,17.15,1600,18.05,4800,0,70400
M&MFIN30Jan20320CE.NFO,07/01/2020,09:53:11,17.2,17.15,1600,18,1600,0,70400
M&MFIN30Jan20320CE.NFO,07/01/2020,09:53:37,17.2,17.15,1600,17.9,1600,0,70400
M&MFIN30Jan20320CE.NFO,07/01/2020,09:53:42,17.2,17,1600,17.8,1600,0,70400
M&MFIN30Jan20320CE.NFO,07/01/2020,09:53:56,17.2,17,1600,17.75,1600,0,70400
M&MFIN30Jan20320CE.NFO,07/01/2020,09:54:00,17.2,17,1600,17.85,1600,0,70400
M&MFIN30Jan20320CE.NFO,07/01/2020,09:54:18,17.2,17,1600,17.8,1600,0,70400
M&MFIN30Jan20320CE.NFO,07/01/2020,09:54:22,17.2,17,1600,17.75,1600,0,70400
M&MFIN30Jan20320CE.NFO,07/01/2020,09:55:04,17,16.55,1600,17.55,1600,1600,72000
M&MFIN30Jan20320CE.NFO,07/01/2020,09:55:09,17,16.55,1600,17.5,1600,0,72000
M&MFIN30Jan20320CE.NFO,07/01/2020,09:55:19,17,16.55,1600,17.65,1600,0,72000
M&MFIN30Jan20320CE.NFO,07/01/2020,09:55:34,17,16.45,1600,17.45,1600,0,72000
M&MFIN30Jan20320CE.NFO,07/01/2020,09:55:38,17,16.45,1600,17.55,1600,0,72000
M&MFIN30Jan20320CE.NFO,07/01/2020,09:55:43,17,16.35,1600,17.6,1600,0,72000
M&MFIN30Jan20320CE.NFO,07/01/2020,09:55:47,17,16.55,1600,17.55,1600,0,72000
M&MFIN30Jan20320CE.NFO,07/01/2020,09:55:52,17,16.55,1600,17.5,1600,0,72000
M&MFIN30Jan20320CE.NFO,07/01/2020,09:55:57,17,16.5,1600,17.45,1600,0,72000
M&MFIN30Jan20320CE.NFO,07/01/2020,09:56:02,17,16.45,1600,17.4,1600,0,72000
M&MFIN30Jan20320CE.NFO,07/01/2020,09:56:06,17,16.5,1600,17.5,1600,0,72000
M&MFIN30Jan20320CE.NFO,07/01/2020,09:56:12,17,16.5,1600,17.55,3200,0,72000
M&MFIN30Jan20320CE.NFO,07/01/2020,09:56:17,17,16.5,1600,17.5,1600,0,72000
M&MFIN30Jan20320CE.NFO,07/01/2020,09:56:22,17,16.3,3200,17.6,1600,0,72000
M&MFIN30Jan20320CE.NFO,07/01/2020,09:56:28,17,16.45,1600,17.55,1600,0,72000
M&MFIN30Jan20320CE.NFO,07/01/2020,09:56:33,17,16.5,1600,17.55,4800,0,72000
M&MFIN30Jan20320CE.NFO,07/01/2020,09:56:39,17,16.5,1600,17.4,1600,0,72000
M&MFIN30Jan20320CE.NFO,07/01/2020,09:56:43,17,16.3,3200,17.6,1600,0,72000
M&MFIN30Jan20320CE.NFO,07/01/2020,09:56:47,17,16.3,3200,17.4,1600,0,72000
M&MFIN30Jan20320CE.NFO,07/01/2020,09:56:51,17,16.45,1600,17.5,1600,0,72000
M&MFIN30Jan20320CE.NFO,07/01/2020,09:56:56,17,16.2,6400,17.55,1600,0,72000
M&MFIN30Jan20320CE.NFO,07/01/2020,09:57:01,17,16.5,1600,17.55,6400,0,72000
M&MFIN30Jan20320CE.NFO,07/01/2020,09:57:05,17,16.55,1600,17.55,3200,0,72000
M&MFIN30Jan20320CE.NFO,07/01/2020,09:57:12,17,16.55,1600,17.55,1600,0,72000
M&MFIN30Jan20320CE.NFO,07/01/2020,09:57:13,17,16.55,1600,17.5,1600,0,72000
M&MFIN30Jan20320CE.NFO,07/01/2020,09:57:14,17,16.55,1600,17.55,1600,0,72000
M&MFIN30Jan20320CE.NFO,07/01/2020,09:57:14,17,16.55,1600,17.45,1600,0,72000
M&MFIN30Jan20320CE.NFO,07/01/2020,09:57:15,17,16.3,1600,17.6,1600,0,72000
M&MFIN30Jan20320CE.NFO,07/01/2020,09:57:20,17,16.5,1600,17.6,1600,0,72000
M&MFIN30Jan20320CE.NFO,07/01/2020,09:57:23,17,16.55,1600,17.45,1600,0,72000
M&MFIN30Jan20320CE.NFO,07/01/2020,09:57:24,17,16.55,1600,17.6,3200,0,72000
M&MFIN30Jan20320CE.NFO,07/01/2020,09:57:24,17,16.55,1600,17.5,3200,0,72000
M&MFIN30Jan20320CE.NFO,07/01/2020,09:57:25,17,16.55,1600,17.45,1600,0,72000
M&MFIN30Jan20320CE.NFO,07/01/2020,09:57:27,17,16.55,1600,17.5,1600,0,72000
M&MFIN30Jan20320CE.NFO,07/01/2020,09:57:29,17,16.55,1600,17.45,1600,0,72000
M&MFIN30Jan20320CE.NFO,07/01/2020,09:57:30,17,16.55,1600,17.6,4800,0,72000
M&MFIN30Jan20320CE.NFO,07/01/2020,09:57:31,17,16.55,1600,17.45,1600,0,72000
M&MFIN30Jan20320CE.NFO,07/01/2020,09:57:32,17,16.55,1600,17.6,4800,0,72000
M&MFIN30Jan20320CE.NFO,07/01/2020,09:57:33,17,16.55,1600,17.5,3200,0,72000
M&MFIN30Jan20320CE.NFO,07/01/2020,09:57:34,17,16.55,1600,17.45,1600,0,72000
M&MFIN30Jan20320CE.NFO,07/01/2020,09:57:35,17,16.55,1600,17.6,3200,0,72000
M&MFIN30Jan20320CE.NFO,07/01/2020,09:57:35,17,16.55,1600,17.5,1600,0,72000
M&MFIN30Jan20320CE.NFO,07/01/2020,09:57:37,17,16.55,1600,17.6,3200,0,72000
M&MFIN30Jan20320CE.NFO,07/01/2020,09:57:38,17,16.55,1600,17.5,1600,0,72000
M&MFIN30Jan20320CE.NFO,07/01/2020,09:57:40,17,16.55,1600,17.6,3200,0,72000
M&MFIN30Jan20320CE.NFO,07/01/2020,09:57:41,17,16.55,1600,17.5,1600,0,72000
M&MFIN30Jan20320CE.NFO,07/01/2020,09:57:42,17,16.55,1600,17.45,1600,0,72000
M&MFIN30Jan20320CE.NFO,07/01/2020,09:57:43,17,16.55,1600,17.6,3200,0,72000
M&MFIN30Jan20320CE.NFO,07/01/2020,09:57:44,17,16.55,1600,17.5,1600,0,72000
M&MFIN30Jan20320CE.NFO,07/01/2020,09:57:45,17,16.55,1600,17.45,1600,0,72000
M&MFIN30Jan20320CE.NFO,07/01/2020,09:57:46,17,16.55,1600,17.6,4800,0,72000
M&MFIN30Jan20320CE.NFO,07/01/2020,09:57:47,17,16.55,1600,17.5,3200,0,72000
M&MFIN30Jan20320CE.NFO,07/01/2020,09:57:48,17,16.55,1600,17.45,1600,0,72000
M&MFIN30Jan20320CE.NFO,07/01/2020,09:57:49,17,16.55,1600,17.6,3200,0,72000
M&MFIN30Jan20320CE.NFO,07/01/2020,09:57:50,17,16.55,1600,17.5,1600,0,72000
M&MFIN30Jan20320CE.NFO,07/01/2020,09:57:51,17,16.55,1600,17.6,1600,0,72000
M&MFIN30Jan20320CE.NFO,07/01/2020,09:57:52,17,16.55,1600,17.55,1600,0,72000
M&MFIN30Jan20320CE.NFO,07/01/2020,09:57:53,17,16.55,1600,17.65,1600,0,72000
M&MFIN30Jan20320CE.NFO,07/01/2020,09:58:27,17,16.55,1600,17.6,6400,0,72000
M&MFIN30Jan20320CE.NFO,07/01/2020,09:58:32,17,16.3,1600,17.55,1600,0,72000
M&MFIN30Jan20320CE.NFO,07/01/2020,09:58:51,17,16.05,1600,17.3,1600,0,72000
M&MFIN30Jan20320CE.NFO,07/01/2020,09:59:14,17,16.2,1600,17.3,1600,0,72000
M&MFIN30Jan20320CE.NFO,07/01/2020,09:59:25,17,16.2,1600,17.25,1600,0,72000
M&MFIN30Jan20320CE.NFO,07/01/2020,09:59:30,17,16.25,1600,17.25,1600,0,72000
M&MFIN30Jan20320CE.NFO,07/01/2020,09:59:41,17,16.3,1600,17.35,1600,0,72000
M&MFIN30Jan20320CE.NFO,07/01/2020,10:00:30,17,16.25,1600,17.35,1600,0,72000
M&MFIN30Jan20320CE.NFO,07/01/2020,10:00:35,17,16.25,3200,17.35,1600,0,72000
M&MFIN30Jan20320CE.NFO,07/01/2020,10:00:41,17,16.05,1600,17.25,1600,0,72000
M&MFIN30Jan20320CE.NFO,07/01/2020,10:00:48,17,16.05,1600,17.15,3200,0,72000
M&MFIN30Jan20320CE.NFO,07/01/2020,10:00:55,17,15.85,1600,16.9,3200,0,72000
M&MFIN30Jan20320CE.NFO,07/01/2020,10:01:01,17,15.55,1600,16.9,1600,0,72000
M&MFIN30Jan20320CE.NFO,07/01/2020,10:01:13,17,15.7,1600,16.85,1600,0,72000
M&MFIN30Jan20320CE.NFO,07/01/2020,10:01:20,17,15.75,1600,16.85,1600,0,72000
M&MFIN30Jan20320CE.NFO,07/01/2020,10:01:26,17,15.6,1600,16.7,1600,0,72000
M&MFIN30Jan20320CE.NFO,07/01/2020,10:01:32,17,15.6,1600,16.65,1600,0,72000
M&MFIN30Jan20320CE.NFO,07/01/2020,10:01:38,17,15.5,1600,16.6,1600,0,72000
M&MFIN30Jan20320CE.NFO,07/01/2020,10:01:44,17,15.3,1600,16.55,3200,0,72000
M&MFIN30Jan20320CE.NFO,07/01/2020,10:01:50,17,15.4,1600,16.5,3200,0,72000
M&MFIN30Jan20320CE.NFO,07/01/2020,10:02:00,17,15.15,1600,16.35,1600,0,72000
M&MFIN30Jan20320CE.NFO,07/01/2020,10:02:11,17,15.3,1600,16.45,1600,0,72000
M&MFIN30Jan20320CE.NFO,07/01/2020,10:02:17,17,15.45,1600,16.45,1600,0,72000
M&MFIN30Jan20320CE.NFO,07/01/2020,10:02:22,17,15.45,1600,16.6,1600,0,72000
M&MFIN30Jan20320CE.NFO,07/01/2020,10:02:27,17,15.4,1600,16.6,3200,0,72000
M&MFIN30Jan20320CE.NFO,07/01/2020,10:02:32,17,15.4,1600,16.45,1600,0,72000
M&MFIN30Jan20320CE.NFO,07/01/2020,10:02:38,17,15.3,1600,16.3,1600,0,72000
M&MFIN30Jan20320CE.NFO,07/01/2020,10:02:44,17,15.2,1600,16.3,1600,0,72000
M&MFIN30Jan20320CE.NFO,07/01/2020,10:02:49,17,15.25,1600,16.3,1600,0,72000
M&MFIN30Jan20320CE.NFO,07/01/2020,10:03:05,17,15.3,1600,16.3,1600,0,72000
M&MFIN30Jan20320CE.NFO,07/01/2020,10:03:09,17,15,1600,16.3,1600,0,72000
M&MFIN30Jan20320CE.NFO,07/01/2020,10:03:14,17,15.15,1600,16.3,1600,0,72000
M&MFIN30Jan20320CE.NFO,07/01/2020,10:03:19,17,15.25,1600,16.3,1600,0,72000
M&MFIN30Jan20320CE.NFO,07/01/2020,10:03:23,17,15.1,1600,16.3,1600,0,72000
M&MFIN30Jan20320CE.NFO,07/01/2020,10:03:28,17,15.2,1600,16.3,1600,0,72000
M&MFIN30Jan20320CE.NFO,07/01/2020,10:03:33,17,14.95,1600,16.3,1600,0,72000
M&MFIN30Jan20320CE.NFO,07/01/2020,10:03:37,17,15.1,1600,16.3,1600,0,72000
M&MFIN30Jan20320CE.NFO,07/01/2020,10:03:46,17,15.15,1600,16.3,1600,0,72000
M&MFIN30Jan20320CE.NFO,07/01/2020,10:03:50,17,15,1600,16.25,1600,0,72000
M&MFIN30Jan20320CE.NFO,07/01/2020,10:03:55,17,15.1,1600,16.25,1600,0,72000
M&MFIN30Jan20320CE.NFO,07/01/2020,10:04:01,17,15.2,1600,16.25,1600,0,72000
M&MFIN30Jan20320CE.NFO,07/01/2020,10:04:05,17,15.25,1600,16.35,1600,0,72000
M&MFIN30Jan20320CE.NFO,07/01/2020,10:04:10,17,15.25,1600,16.25,1600,0,72000
M&MFIN30Jan20320CE.NFO,07/01/2020,10:04:15,17,15,1600,16.25,1600,0,72000
M&MFIN30Jan20320CE.NFO,07/01/2020,10:04:23,17,15.1,1600,16.25,1600,0,72000
M&MFIN30Jan20320CE.NFO,07/01/2020,10:04:31,17,15.15,1600,16.25,3200,0,72000
M&MFIN30Jan20320CE.NFO,07/01/2020,10:04:36,17,15.25,1600,16.25,3200,0,72000
M&MFIN30Jan20320CE.NFO,07/01/2020,10:04:41,17,15.1,1600,16.25,3200,0,72000
M&MFIN30Jan20320CE.NFO,07/01/2020,10:04:50,17,15.15,1600,16.25,3200,0,72000
M&MFIN30Jan20320CE.NFO,07/01/2020,10:04:55,17,15.25,1600,16.25,3200,0,72000
M&MFIN30Jan20320CE.NFO,07/01/2020,10:04:59,17,15.1,1600,16.25,3200,0,72000
M&MFIN30Jan20320CE.NFO,07/01/2020,10:05:04,17,15.15,1600,16.25,3200,0,72000
M&MFIN30Jan20320CE.NFO,07/01/2020,10:05:12,17,15.1,1600,16.25,3200,0,72000
M&MFIN30Jan20320CE.NFO,07/01/2020,10:05:17,17,15.15,1600,16.25,3200,0,72000
M&MFIN30Jan20320CE.NFO,07/01/2020,10:05:21,17,15,1600,16.25,3200,0,72000
M&MFIN30Jan20320CE.NFO,07/01/2020,10:05:26,17,15.15,1600,16.25,3200,0,72000
M&MFIN30Jan20320CE.NFO,07/01/2020,10:05:30,17,15.15,1600,16.15,3200,0,72000
M&MFIN30Jan20320CE.NFO,07/01/2020,10:05:36,17,14.5,1600,15.85,1600,0,72000
M&MFIN30Jan20320CE.NFO,07/01/2020,10:05:42,17,14.65,1600,15.85,1600,0,72000
M&MFIN30Jan20320CE.NFO,07/01/2020,10:05:48,17,14.9,3200,16.1,1600,0,72000
M&MFIN30Jan20320CE.NFO,07/01/2020,10:05:54,17,15.1,1600,16.1,1600,0,72000
M&MFIN30Jan20320CE.NFO,07/01/2020,10:05:59,17,14.9,1600,16.1,1600,0,72000
M&MFIN30Jan20320CE.NFO,07/01/2020,10:06:04,17,15,1600,16.1,3200,0,72000
M&MFIN30Jan20320CE.NFO,07/01/2020,10:06:10,17,15.05,1600,16.1,3200,0,72000
M&MFIN30Jan20320CE.NFO,07/01/2020,10:06:15,17,14.75,1600,15.95,3200,0,72000
M&MFIN30Jan20320CE.NFO,07/01/2020,10:06:21,17,14.85,1600,15.95,3200,0,72000
M&MFIN30Jan20320CE.NFO,07/01/2020,10:06:27,17,15.05,1600,16.05,1600,0,72000
M&MFIN30Jan20320CE.NFO,07/01/2020,10:06:37,17,15,1600,16.05,1600,0,72000
M&MFIN30Jan20320CE.NFO,07/01/2020,10:06:43,17,15,1600,16.1,1600,0,72000
M&MFIN30Jan20320CE.NFO,07/01/2020,10:06:49,17,14.75,1600,16.05,1600,0,72000
M&MFIN30Jan20320CE.NFO,07/01/2020,10:06:55,17,14.9,1600,16.05,1600,0,72000
M&MFIN30Jan20320CE.NFO,07/01/2020,10:07:00,17,14.95,1600,16.05,1600,0,72000
M&MFIN30Jan20320CE.NFO,07/01/2020,10:07:05,17,15.05,1600,16.05,1600,0,72000
M&MFIN30Jan20320CE.NFO,07/01/2020,10:07:11,17,14.65,1600,15.75,1600,0,72000
M&MFIN30Jan20320CE.NFO,07/01/2020,10:07:17,17,14.65,1600,15.85,1600,0,72000
M&MFIN30Jan20320CE.NFO,07/01/2020,10:07:23,17,14.95,1600,15.95,1600,0,72000
M&MFIN30Jan20320CE.NFO,07/01/2020,10:07:28,17,14.85,1600,16,1600,0,72000
M&MFIN30Jan20320CE.NFO,07/01/2020,10:07:34,17,14.8,4800,16,1600,0,72000
M&MFIN30Jan20320CE.NFO,07/01/2020,10:07:38,17,14.95,1600,16,1600,0,72000
M&MFIN30Jan20320CE.NFO,07/01/2020,10:07:43,17,14.9,4800,16,1600,0,72000
M&MFIN30Jan20320CE.NFO,07/01/2020,10:07:48,17,14.7,11200,16,1600,0,72000
M&MFIN30Jan20320CE.NFO,07/01/2020,10:07:54,17,15.05,1600,16.1,1600,0,72000
M&MFIN30Jan20320CE.NFO,07/01/2020,10:07:59,17,14.85,3200,16.1,1600,0,72000
M&MFIN30Jan20320CE.NFO,07/01/2020,10:08:03,17,14.95,1600,16.1,1600,0,72000
M&MFIN30Jan20320CE.NFO,07/01/2020,10:08:08,17,15.05,1600,16.1,1600,0,72000
M&MFIN30Jan20320CE.NFO,07/01/2020,10:08:17,17,15,1600,16.1,1600,0,72000
M&MFIN30Jan20320CE.NFO,07/01/2020,10:08:22,17,14.95,1600,16.1,1600,0,72000
M&MFIN30Jan20320CE.NFO,07/01/2020,10:08:26,17,15,3200,16.1,1600,0,72000
M&MFIN30Jan20320CE.NFO,07/01/2020,10:08:31,17,15.1,1600,16.1,1600,0,72000
M&MFIN30Jan20320CE.NFO,07/01/2020,10:08:36,17,15.1,1600,16.15,1600,0,72000
M&MFIN30Jan20320CE.NFO,07/01/2020,10:08:42,17,14.9,4800,16.25,1600,0,72000
M&MFIN30Jan20320CE.NFO,07/01/2020,10:08:46,17,15.15,1600,16.25,1600,0,72000
M&MFIN30Jan20320CE.NFO,07/01/2020,10:08:50,17,14.85,6400,16.25,1600,0,72000
M&MFIN30Jan20320CE.NFO,07/01/2020,10:08:54,17,15,1600,16.15,1600,0,72000
M&MFIN30Jan20320CE.NFO,07/01/2020,10:08:58,17,15.1,1600,16.15,1600,0,72000
M&MFIN30Jan20320CE.NFO,07/01/2020,10:09:07,17,14.95,1600,16.1,1600,0,72000
M&MFIN30Jan20320CE.NFO,07/01/2020,10:09:11,17,14.9,1600,16.1,1600,0,72000
M&MFIN30Jan20320CE.NFO,07/01/2020,10:09:20,17,15.05,1600,16.1,1600,0,72000
M&MFIN30Jan20320CE.NFO,07/01/2020,10:09:24,17,14.8,6400,16.1,1600,0,72000
M&MFIN30Jan20320CE.NFO,07/01/2020,10:09:29,17,15,1600,16,1600,0,72000
M&MFIN30Jan20320CE.NFO,07/01/2020,10:09:33,17,15.05,1600,16,1600,0,72000
M&MFIN30Jan20320CE.NFO,07/01/2020,10:09:46,17,14.8,6400,16.05,1600,0,72000
M&MFIN30Jan20320CE.NFO,07/01/2020,10:09:50,17,14.95,1600,16.05,1600,0,72000
M&MFIN30Jan20320CE.NFO,07/01/2020,10:09:54,17,14.85,1600,16.05,1600,0,72000
M&MFIN30Jan20320CE.NFO,07/01/2020,10:10:00,17,15.05,1600,16.05,1600,0,72000
M&MFIN30Jan20320CE.NFO,07/01/2020,10:10:05,17,15,1600,16.05,1600,0,72000
M&MFIN30Jan20320CE.NFO,07/01/2020,10:10:10,17,15.1,1600,16.05,1600,0,72000
M&MFIN30Jan20320CE.NFO,07/01/2020,10:10:12,17,15,1600,16.05,1600,0,72000
M&MFIN30Jan20320CE.NFO,07/01/2020,10:10:13,17,15.05,1600,16.05,1600,0,72000
M&MFIN30Jan20320CE.NFO,07/01/2020,10:10:15,17,14.95,3200,16.05,1600,0,72000
M&MFIN30Jan20320CE.NFO,07/01/2020,10:10:16,17,15.05,1600,16.05,1600,0,72000
M&MFIN30Jan20320CE.NFO,07/01/2020,10:10:17,17,14.8,6400,16.05,1600,0,72000
M&MFIN30Jan20320CE.NFO,07/01/2020,10:10:18,17,14.9,1600,16.05,1600,0,72000
M&MFIN30Jan20320CE.NFO,07/01/2020,10:10:19,17,15,1600,16.05,1600,0,72000
M&MFIN30Jan20320CE.NFO,07/01/2020,10:10:20,17,15.05,1600,16.05,1600,0,72000
M&MFIN30Jan20320CE.NFO,07/01/2020,10:10:21,17,14.8,3200,16.05,1600,0,72000
M&MFIN30Jan20320CE.NFO,07/01/2020,10:10:22,17,14.85,1600,16.05,1600,0,72000
M&MFIN30Jan20320CE.NFO,07/01/2020,10:10:23,17,14.95,1600,16.05,1600,0,72000
M&MFIN30Jan20320CE.NFO,07/01/2020,10:10:24,17,15.05,1600,16.05,1600,0,72000
M&MFIN30Jan20320CE.NFO,07/01/2020,10:10:25,17,14.75,3200,16.05,1600,0,72000
M&MFIN30Jan20320CE.NFO,07/01/2020,10:10:26,17,14.9,1600,16.05,1600,0,72000
M&MFIN30Jan20320CE.NFO,07/01/2020,10:10:27,17,15,1600,16.05,1600,0,72000
M&MFIN30Jan20320CE.NFO,07/01/2020,10:10:28,17,14.75,4800,16.05,1600,0,72000
M&MFIN30Jan20320CE.NFO,07/01/2020,10:10:29,17,14.8,1600,16.05,1600,0,72000
M&MFIN30Jan20320CE.NFO,07/01/2020,10:10:30,17,14.85,3200,16.05,1600,0,72000
M&MFIN30Jan20320CE.NFO,07/01/2020,10:10:31,17,14.9,1600,16.05,1600,0,72000
M&MFIN30Jan20320CE.NFO,07/01/2020,10:10:33,17,14.95,1600,16.05,1600,0,72000
M&MFIN30Jan20320CE.NFO,07/01/2020,10:10:34,17,15.05,1600,16.05,1600,0,72000
M&MFIN30Jan20320CE.NFO,07/01/2020,10:10:35,17,14.75,4800,16.05,1600,0,72000
M&MFIN30Jan20320CE.NFO,07/01/2020,10:10:36,17,15,1600,16.05,1600,0,72000
M&MFIN30Jan20320CE.NFO,07/01/2020,10:10:37,17,15.05,1600,16.05,1600,0,72000
M&MFIN30Jan20320CE.NFO,07/01/2020,10:10:38,17,14.75,11200,16.05,1600,0,72000
M&MFIN30Jan20320CE.NFO,07/01/2020,10:10:39,17,14.75,4800,16.05,1600,0,72000
M&MFIN30Jan20320CE.NFO,07/01/2020,10:10:40,17,14.95,1600,16.05,1600,0,72000
M&MFIN30Jan20320CE.NFO,07/01/2020,10:10:41,17,15,1600,16.05,1600,0,72000
M&MFIN30Jan20320CE.NFO,07/01/2020,10:10:42,17,14.75,4800,16.05,1600,0,72000
M&MFIN30Jan20320CE.NFO,07/01/2020,10:10:43,17,14.75,6400,16.05,1600,0,72000
M&MFIN30Jan20320CE.NFO,07/01/2020,10:10:44,17,14.95,1600,16.05,1600,0,72000
M&MFIN30Jan20320CE.NFO,07/01/2020,10:10:45,17,15,1600,16.05,1600,0,72000
M&MFIN30Jan20320CE.NFO,07/01/2020,10:10:46,17,14.8,6400,16.05,1600,0,72000
M&MFIN30Jan20320CE.NFO,07/01/2020,10:10:47,17,15.05,1600,16.05,1600,0,72000
M&MFIN30Jan20320CE.NFO,07/01/2020,10:10:48,17,14.75,4800,16.05,1600,0,72000
M&MFIN30Jan20320CE.NFO,07/01/2020,10:10:49,17,14.75,6400,16.05,1600,0,72000
M&MFIN30Jan20320CE.NFO,07/01/2020,10:10:50,17,14.95,1600,16.05,1600,0,72000
M&MFIN30Jan20320CE.NFO,07/01/2020,10:10:51,17,15,1600,16.05,1600,0,72000
M&MFIN30Jan20320CE.NFO,07/01/2020,10:10:52,17,14.95,1600,16.05,1600,0,72000
M&MFIN30Jan20320CE.NFO,07/01/2020,10:10:53,17,15,1600,16.05,1600,0,72000
M&MFIN30Jan20320CE.NFO,07/01/2020,10:10:54,17,14.75,11200,16.05,1600,0,72000
M&MFIN30Jan20320CE.NFO,07/01/2020,10:10:55,17,14.95,3200,16.05,1600,0,72000
M&MFIN30Jan20320CE.NFO,07/01/2020,10:10:56,17,14.85,1600,16.05,1600,0,72000
M&MFIN30Jan20320CE.NFO,07/01/2020,10:10:57,17,14.95,1600,16.05,1600,0,72000
M&MFIN30Jan20320CE.NFO,07/01/2020,10:10:58,17,14.8,3200,16.05,1600,0,72000
M&MFIN30Jan20320CE.NFO,07/01/2020,10:10:59,17,14.85,3200,16.05,1600,0,72000
M&MFIN30Jan20320CE.NFO,07/01/2020,10:11:00,17,15,1600,16.05,1600,0,72000
M&MFIN30Jan20320CE.NFO,07/01/2020,10:11:01,17,14.85,4800,16.05,1600,0,72000
M&MFIN30Jan20320CE.NFO,07/01/2020,10:11:02,17,14.9,1600,16.05,1600,0,72000
M&MFIN30Jan20320CE.NFO,07/01/2020,10:11:03,17,14.8,3200,16.05,1600,0,72000
M&MFIN30Jan20320CE.NFO,07/01/2020,10:11:04,17,14.85,1600,16.05,1600,0,72000
M&MFIN30Jan20320CE.NFO,07/01/2020,10:11:05,17,14.8,3200,16.05,1600,0,72000
M&MFIN30Jan20320CE.NFO,07/01/2020,10:11:06,17,14.9,3200,16.05,1600,0,72000
M&MFIN30Jan20320CE.NFO,07/01/2020,10:11:07,17,14.95,1600,16.05,1600,0,72000
M&MFIN30Jan20320CE.NFO,07/01/2020,10:11:08,17,14.8,1600,16.05,1600,0,72000
M&MFIN30Jan20320CE.NFO,07/01/2020,10:11:09,17,14.85,1600,16.05,1600,0,72000
M&MFIN30Jan20320CE.NFO,07/01/2020,10:11:17,17,14.95,3200,16.15,3200,0,72000
M&MFIN30Jan20320CE.NFO,07/01/2020,10:11:21,16.15,14.95,3200,16.15,1600,1600,72000
M&MFIN30Jan20320CE.NFO,07/01/2020,10:11:21,16.15,14.95,3200,16.15,1600,0,72000
M&MFIN30Jan20320CE.NFO,07/01/2020,10:11:21,16.15,14.95,3200,16.15,1600,0,70400
M&MFIN30Jan20320CE.NFO,07/01/2020,10:11:22,16.15,15,1600,16.15,1600,0,70400
M&MFIN30Jan20320CE.NFO,07/01/2020,10:11:23,16.15,15.1,1600,16.15,1600,0,70400
M&MFIN30Jan20320CE.NFO,07/01/2020,10:11:24,16.15,14.8,4800,16.15,1600,0,70400
M&MFIN30Jan20320CE.NFO,07/01/2020,10:11:25,16.15,15,4800,16.15,1600,0,70400
M&MFIN30Jan20320CE.NFO,07/01/2020,10:11:26,16.15,15.05,1600,16.15,1600,0,70400
M&MFIN30Jan20320CE.NFO,07/01/2020,10:11:27,16.15,14.9,3200,16.15,1600,0,70400
M&MFIN30Jan20320CE.NFO,07/01/2020,10:11:28,16.15,15,4800,16.15,1600,0,70400
M&MFIN30Jan20320CE.NFO,07/01/2020,10:11:29,16.15,15.1,1600,16.15,1600,0,70400
M&MFIN30Jan20320CE.NFO,07/01/2020,10:11:30,16.15,15.15,1600,16.05,1600,0,70400
M&MFIN30Jan20320CE.NFO,07/01/2020,10:11:31,16.15,15,3200,16.05,1600,0,70400
M&MFIN30Jan20320CE.NFO,07/01/2020,10:11:33,16.15,14.85,8000,16.05,1600,0,70400
M&MFIN30Jan20320CE.NFO,07/01/2020,10:11:35,16.15,15.05,1600,16.05,1600,0,70400
M&MFIN30Jan20320CE.NFO,07/01/2020,10:11:36,16.15,15.1,1600,16.05,1600,0,70400
M&MFIN30Jan20320CE.NFO,07/01/2020,10:11:37,16.15,14.9,6400,16.05,1600,0,70400
M&MFIN30Jan20320CE.NFO,07/01/2020,10:11:38,16.15,15,3200,16.05,1600,0,70400
M&MFIN30Jan20320CE.NFO,07/01/2020,10:11:39,16.15,15.05,1600,16.05,1600,0,70400
M&MFIN30Jan20320CE.NFO,07/01/2020,10:11:40,16.15,14.75,11200,16.05,1600,0,70400
M&MFIN30Jan20320CE.NFO,07/01/2020,10:11:41,16.15,14.85,6400,16.05,1600,0,70400
M&MFIN30Jan20320CE.NFO,07/01/2020,10:11:42,16.15,14.95,4800,16.05,1600,0,70400
M&MFIN30Jan20320CE.NFO,07/01/2020,10:11:43,16.15,14.75,12800,16.05,1600,0,70400
M&MFIN30Jan20320CE.NFO,07/01/2020,10:11:45,16.15,15.05,3200,16.05,1600,0,70400
M&MFIN30Jan20320CE.NFO,07/01/2020,10:11:45,16.15,15.1,1600,16.05,1600,0,70400
M&MFIN30Jan20320CE.NFO,07/01/2020,10:11:46,16.15,14.85,9600,16.05,1600,0,70400
M&MFIN30Jan20320CE.NFO,07/01/2020,10:11:47,16.15,14.95,6400,16.05,1600,0,70400
M&MFIN30Jan20320CE.NFO,07/01/2020,10:11:48,16.15,15.1,1600,16.05,1600,0,70400
M&MFIN30Jan20320CE.NFO,07/01/2020,10:11:49,16.15,14.8,9600,16.05,1600,0,70400
M&MFIN30Jan20320CE.NFO,07/01/2020,10:11:50,16.15,14.9,4800,16.05,1600,0,70400
M&MFIN30Jan20320CE.NFO,07/01/2020,10:11:51,16.15,14.95,1600,16.05,1600,0,70400
M&MFIN30Jan20320CE.NFO,07/01/2020,10:11:52,16.15,15.1,1600,16.05,1600,0,70400
M&MFIN30Jan20320CE.NFO,07/01/2020,10:11:53,16.15,15.15,1600,16.05,1600,0,70400
M&MFIN30Jan20320CE.NFO,07/01/2020,10:11:54,16.15,14.9,6400,16.05,1600,0,70400
M&MFIN30Jan20320CE.NFO,07/01/2020,10:11:56,16.15,15,1600,16.05,1600,0,70400
M&MFIN30Jan20320CE.NFO,07/01/2020,10:11:57,16.15,14.8,8000,16.05,1600,0,70400
M&MFIN30Jan20320CE.NFO,07/01/2020,10:11:58,16.15,14.9,6400,16.05,1600,0,70400
M&MFIN30Jan20320CE.NFO,07/01/2020,10:11:59,16.15,15,4800,16.05,1600,0,70400
M&MFIN30Jan20320CE.NFO,07/01/2020,10:12:00,16.15,15.05,1600,16.05,1600,0,70400
M&MFIN30Jan20320CE.NFO,07/01/2020,10:12:01,16.15,14.8,16000,16.05,1600,0,70400
M&MFIN30Jan20320CE.NFO,07/01/2020,10:12:02,16.15,14.9,8000,16.05,1600,0,70400
M&MFIN30Jan20320CE.NFO,07/01/2020,10:12:03,16.15,15,1600,16.05,1600,0,70400
M&MFIN30Jan20320CE.NFO,07/01/2020,10:12:04,16.15,15.05,1600,16.05,1600,0,70400
M&MFIN30Jan20320CE.NFO,07/01/2020,10:12:05,16.15,15.1,1600,16.05,1600,0,70400
M&MFIN30Jan20320CE.NFO,07/01/2020,10:12:06,16.15,14.75,20800,16.05,1600,0,70400
M&MFIN30Jan20320CE.NFO,07/01/2020,10:12:07,16.15,15.1,1600,16.05,1600,0,70400
M&MFIN30Jan20320CE.NFO,07/01/2020,10:12:10,16.15,14.95,4800,16.1,1600,0,70400
M&MFIN30Jan20320CE.NFO,07/01/2020,10:12:11,16.15,15.05,1600,16.1,1600,0,70400
M&MFIN30Jan20320CE.NFO,07/01/2020,10:12:13,16.15,14.85,4800,16.1,3200,0,70400
M&MFIN30Jan20320CE.NFO,07/01/2020,10:12:13,16.15,14.85,6400,16.1,3200,0,70400
M&MFIN30Jan20320CE.NFO,07/01/2020,10:12:14,16.15,14.9,1600,16.1,3200,0,70400
M&MFIN30Jan20320CE.NFO,07/01/2020,10:12:15,16.15,14.85,6400,16.1,3200,0,70400
M&MFIN30Jan20320CE.NFO,07/01/2020,10:12:16,16.15,15,1600,16.05,1600,0,70400
M&MFIN30Jan20320CE.NFO,07/01/2020,10:12:18,16.15,14.85,6400,16.05,1600,0,70400
M&MFIN30Jan20320CE.NFO,07/01/2020,10:12:19,16.15,14.95,4800,16.05,1600,0,70400
M&MFIN30Jan20320CE.NFO,07/01/2020,10:12:20,16.15,15,1600,16.05,1600,0,70400
M&MFIN30Jan20320CE.NFO,07/01/2020,10:12:21,16.15,14.85,6400,16.05,1600,0,70400
M&MFIN30Jan20320CE.NFO,07/01/2020,10:12:22,16.15,14.95,6400,16.05,1600,0,70400
M&MFIN30Jan20320CE.NFO,07/01/2020,10:12:23,16.15,14.75,6400,16.05,1600,0,70400
M&MFIN30Jan20320CE.NFO,07/01/2020,10:12:24,16.15,14.85,6400,16.05,1600,0,70400
M&MFIN30Jan20320CE.NFO,07/01/2020,10:12:25,16.15,14.95,4800,16.05,1600,0,70400
M&MFIN30Jan20320CE.NFO,07/01/2020,10:12:26,16.15,14.95,1600,16.05,1600,0,70400
M&MFIN30Jan20320CE.NFO,07/01/2020,10:12:27,16.15,15,1600,16.05,1600,0,70400
M&MFIN30Jan20320CE.NFO,07/01/2020,10:12:28,16.15,14.85,6400,16.05,1600,0,70400
M&MFIN30Jan20320CE.NFO,07/01/2020,10:12:29,16.15,15,1600,16.05,1600,0,70400
M&MFIN30Jan20320CE.NFO,07/01/2020,10:12:31,16.15,14.85,4800,16.05,1600,0,70400
M&MFIN30Jan20320CE.NFO,07/01/2020,10:12:32,16.15,15.05,1600,16.05,1600,0,70400
M&MFIN30Jan20320CE.NFO,07/01/2020,10:12:33,16.15,14.8,6400,16.05,1600,0,70400
M&MFIN30Jan20320CE.NFO,07/01/2020,10:12:35,16.15,15.05,1600,16.05,1600,0,70400
M&MFIN30Jan20320CE.NFO,07/01/2020,10:12:36,16.15,14.75,4800,16.05,1600,0,70400
M&MFIN30Jan20320CE.NFO,07/01/2020,10:12:37,16.15,14.95,4800,16.05,1600,0,70400
M&MFIN30Jan20320CE.NFO,07/01/2020,10:12:38,16.15,15.05,4800,16.05,1600,0,70400
M&MFIN30Jan20320CE.NFO,07/01/2020,10:12:39,16.15,14.75,9600,16.05,1600,0,70400
M&MFIN30Jan20320CE.NFO,07/01/2020,10:12:40,16.15,14.75,11200,16.05,1600,0,70400
M&MFIN30Jan20320CE.NFO,07/01/2020,10:12:41,16.15,14.95,4800,16.05,1600,0,70400
M&MFIN30Jan20320CE.NFO,07/01/2020,10:12:42,16.15,14.8,9600,16.05,1600,0,70400
M&MFIN30Jan20320CE.NFO,07/01/2020,10:12:43,16.15,14.9,4800,16.05,1600,0,70400
M&MFIN30Jan20320CE.NFO,07/01/2020,10:12:44,16.15,15.05,1600,16.05,1600,0,70400
M&MFIN30Jan20320CE.NFO,07/01/2020,10:12:45,16.15,14.8,4800,16.05,1600,0,70400
M&MFIN30Jan20320CE.NFO,07/01/2020,10:12:46,16.15,14.8,6400,16.05,1600,0,70400
M&MFIN30Jan20320CE.NFO,07/01/2020,10:12:47,16.15,15.05,1600,16.05,1600,0,70400
M&MFIN30Jan20320CE.NFO,07/01/2020,10:12:48,16.15,14.8,6400,16.05,1600,0,70400
M&MFIN30Jan20320CE.NFO,07/01/2020,10:12:49,16.15,14.9,4800,16.05,1600,0,70400
M&MFIN30Jan20320CE.NFO,07/01/2020,10:12:50,16.15,15.35,1600,16.3,1600,0,70400
M&MFIN30Jan20320CE.NFO,07/01/2020,10:12:51,16.15,15.4,1600,16.3,1600,0,70400
M&MFIN30Jan20320CE.NFO,07/01/2020,10:12:52,16.15,15.15,4800,16.3,1600,0,70400
M&MFIN30Jan20320CE.NFO,07/01/2020,10:12:53,16.15,15.25,3200,16.3,1600,0,70400
M&MFIN30Jan20320CE.NFO,07/01/2020,10:12:54,16.15,15.3,1600,16.3,1600,0,70400
M&MFIN30Jan20320CE.NFO,07/01/2020,10:12:57,16.15,15.2,1600,16.3,1600,0,70400
M&MFIN30Jan20320CE.NFO,07/01/2020,10:12:58,16.15,15.3,1600,16.3,1600,0,70400
M&MFIN30Jan20320CE.NFO,07/01/2020,10:12:59,16.15,15.15,4800,16.3,1600,0,70400
M&MFIN30Jan20320CE.NFO,07/01/2020,10:13:00,16.15,15.25,4800,16.3,1600,0,70400
M&MFIN30Jan20320CE.NFO,07/01/2020,10:13:01,16.15,15.15,4800,16.3,1600,0,70400
M&MFIN30Jan20320CE.NFO,07/01/2020,10:13:02,16.15,15.3,1600,16.3,1600,0,70400
M&MFIN30Jan20320CE.NFO,07/01/2020,10:13:03,16.15,15.15,4800,16.3,1600,0,70400
M&MFIN30Jan20320CE.NFO,07/01/2020,10:13:04,16.15,15.3,1600,16.3,1600,0,70400
M&MFIN30Jan20320CE.NFO,07/01/2020,10:13:06,16.15,15.3,3200,16.3,1600,0,70400
M&MFIN30Jan20320CE.NFO,07/01/2020,10:13:07,16.15,15.25,1600,16.3,1600,0,70400
M&MFIN30Jan20320CE.NFO,07/01/2020,10:13:08,16.15,15.05,1600,16.3,1600,0,70400
M&MFIN30Jan20320CE.NFO,07/01/2020,10:13:09,16.15,15.2,1600,16.25,1600,0,70400
M&MFIN30Jan20320CE.NFO,07/01/2020,10:13:11,16.15,15.05,6400,16.25,1600,0,70400
M&MFIN30Jan20320CE.NFO,07/01/2020,10:13:12,16.15,15.15,4800,16.25,1600,0,70400
M&MFIN30Jan20320CE.NFO,07/01/2020,10:13:14,16.15,15.2,1600,16.25,1600,0,70400
M&MFIN30Jan20320CE.NFO,07/01/2020,10:13:19,16.15,15.05,6400,16.25,1600,0,70400
M&MFIN30Jan20320CE.NFO,07/01/2020,10:13:24,16.15,15.25,1600,16.25,1600,0,70400
M&MFIN30Jan20320CE.NFO,07/01/2020,10:13:29,16.15,15.2,1600,16.25,1600,0,70400
M&MFIN30Jan20320CE.NFO,07/01/2020,10:13:33,16.15,15.25,1600,16.25,1600,0,70400
M&MFIN30Jan20320CE.NFO,07/01/2020,10:13:37,16.15,15.15,4800,16.25,1600,0,70400
M&MFIN30Jan20320CE.NFO,07/01/2020,10:13:42,16.15,15.3,1600,16.25,1600,0,70400
M&MFIN30Jan20320CE.NFO,07/01/2020,10:13:47,16.15,14.95,9600,16.4,1600,0,70400
M&MFIN30Jan20320CE.NFO,07/01/2020,10:13:53,16.15,15.35,3200,16.4,1600,0,70400
M&MFIN30Jan20320CE.NFO,07/01/2020,10:13:58,16.15,15.35,1600,16.4,1600,0,70400
M&MFIN30Jan20320CE.NFO,07/01/2020,10:14:03,16.15,15.4,1600,16.4,1600,0,70400
M&MFIN30Jan20320CE.NFO,07/01/2020,10:14:07,16.15,15.3,1600,16.4,1600,0,70400
M&MFIN30Jan20320CE.NFO,07/01/2020,10:14:12,16.15,15.4,1600,16.4,1600,0,70400
M&MFIN30Jan20320CE.NFO,07/01/2020,10:14:13,16.15,15.35,1600,16.4,1600,0,70400
M&MFIN30Jan20320CE.NFO,07/01/2020,10:14:14,16.15,15.45,1600,16.4,1600,0,70400
M&MFIN30Jan20320CE.NFO,07/01/2020,10:14:15,16.15,15.4,1600,16.4,1600,0,70400
M&MFIN30Jan20320CE.NFO,07/01/2020,10:14:16,16.15,15.45,1600,16.4,1600,0,70400
M&MFIN30Jan20320CE.NFO,07/01/2020,10:14:18,16.15,15.3,4800,16.5,1600,0,70400
M&MFIN30Jan20320CE.NFO,07/01/2020,10:14:19,16.15,15.35,3200,16.5,1600,0,70400
M&MFIN30Jan20320CE.NFO,07/01/2020,10:14:20,16.15,15.45,1600,16.5,1600,0,70400
M&MFIN30Jan20320CE.NFO,07/01/2020,10:14:22,16.15,15.35,1600,16.5,1600,0,70400
M&MFIN30Jan20320CE.NFO,07/01/2020,10:14:22,16.15,15.4,1600,16.5,1600,0,70400
M&MFIN30Jan20320CE.NFO,07/01/2020,10:14:23,16.15,15.3,4800,16.5,1600,0,70400
M&MFIN30Jan20320CE.NFO,07/01/2020,10:14:24,16.15,15.4,1600,16.5,1600,0,70400
M&MFIN30Jan20320CE.NFO,07/01/2020,10:14:25,16.15,15.3,4800,16.5,1600,0,70400
M&MFIN30Jan20320CE.NFO,07/01/2020,10:14:26,16.15,15.45,1600,16.5,1600,0,70400
M&MFIN30Jan20320CE.NFO,07/01/2020,10:14:27,16.15,15.35,3200,16.5,1600,0,70400
M&MFIN30Jan20320CE.NFO,07/01/2020,10:14:28,16.15,15.4,1600,16.5,1600,0,70400
M&MFIN30Jan20320CE.NFO,07/01/2020,10:14:29,16.15,15.45,1600,16.5,1600,0,70400
M&MFIN30Jan20320CE.NFO,07/01/2020,10:14:30,16.15,15.3,4800,16.5,1600,0,70400
M&MFIN30Jan20320CE.NFO,07/01/2020,10:14:32,16.15,15.4,1600,16.5,1600,0,70400
M&MFIN30Jan20320CE.NFO,07/01/2020,10:14:33,16.15,15.3,4800,16.5,1600,0,70400
M&MFIN30Jan20320CE.NFO,07/01/2020,10:14:34,16.15,15.35,3200,16.5,1600,0,70400
M&MFIN30Jan20320CE.NFO,07/01/2020,10:14:35,16.15,15.45,1600,16.5,1600,0,70400
M&MFIN30Jan20320CE.NFO,07/01/2020,10:14:36,16.15,15.3,4800,16.5,1600,0,70400
M&MFIN30Jan20320CE.NFO,07/01/2020,10:14:37,16.15,15.4,1600,16.5,1600,0,70400
M&MFIN30Jan20320CE.NFO,07/01/2020,10:14:38,16.15,15.45,1600,16.5,1600,0,70400
M&MFIN30Jan20320CE.NFO,07/01/2020,10:14:39,16.15,15.3,6400,16.5,1600,0,70400
M&MFIN30Jan20320CE.NFO,07/01/2020,10:14:40,16.15,15.4,1600,16.5,1600,0,70400
M&MFIN30Jan20320CE.NFO,07/01/2020,10:14:41,16.15,15.45,1600,16.5,1600,0,70400
M&MFIN30Jan20320CE.NFO,07/01/2020,10:14:43,16.15,15.3,6400,16.5,1600,0,70400
M&MFIN30Jan20320CE.NFO,07/01/2020,10:14:44,16.15,15.35,3200,16.5,1600,0,70400
M&MFIN30Jan20320CE.NFO,07/01/2020,10:14:45,16.15,15.4,1600,16.5,1600,0,70400
M&MFIN30Jan20320CE.NFO,07/01/2020,10:14:46,16.15,15.45,1600,16.5,1600,0,70400
M&MFIN30Jan20320CE.NFO,07/01/2020,10:14:47,16.15,15.4,1600,16.5,1600,0,70400
M&MFIN30Jan20320CE.NFO,07/01/2020,10:14:48,16.15,15.3,6400,16.5,1600,0,70400
M&MFIN30Jan20320CE.NFO,07/01/2020,10:14:49,16.15,15.4,1600,16.5,1600,0,70400
M&MFIN30Jan20320CE.NFO,07/01/2020,10:14:50,16.15,15.45,1600,16.5,1600,0,70400
M&MFIN30Jan20320CE.NFO,07/01/2020,10:14:51,16.15,15.3,1600,16.5,1600,0,70400
M&MFIN30Jan20320CE.NFO,07/01/2020,10:14:52,16.15,15.35,1600,16.5,1600,0,70400
M&MFIN30Jan20320CE.NFO,07/01/2020,10:14:58,16.15,15.3,1600,16.5,1600,0,70400
M&MFIN30Jan20320CE.NFO,07/01/2020,10:15:00,16.15,15.4,1600,16.5,1600,0,70400
M&MFIN30Jan20320CE.NFO,07/01/2020,10:15:02,16.15,15.35,1600,16.5,1600,0,70400
M&MFIN30Jan20320CE.NFO,07/01/2020,10:15:03,16.15,15.4,1600,16.5,1600,0,70400
M&MFIN30Jan20320CE.NFO,07/01/2020,10:15:05,16.15,15.45,1600,16.5,1600,0,70400
M&MFIN30Jan20320CE.NFO,07/01/2020,10:15:07,16.15,15.35,4800,16.5,1600,0,70400
M&MFIN30Jan20320CE.NFO,07/01/2020,10:15:08,16.15,15.2,6400,16.5,1600,0,70400
M&MFIN30Jan20320CE.NFO,07/01/2020,10:15:09,16.15,15.3,6400,16.5,1600,0,70400
M&MFIN30Jan20320CE.NFO,07/01/2020,10:15:10,16.15,15.4,3200,16.5,1600,0,70400
M&MFIN30Jan20320CE.NFO,07/01/2020,10:15:11,16.15,15.45,1600,16.5,1600,0,70400
M&MFIN30Jan20320CE.NFO,07/01/2020,10:15:12,16.15,15.45,1600,16.45,1600,0,70400
M&MFIN30Jan20320CE.NFO,07/01/2020,10:15:14,16.15,15.4,1600,16.45,1600,0,70400
M&MFIN30Jan20320CE.NFO,07/01/2020,10:15:19,16.15,15.4,1600,16.4,1600,0,70400
M&MFIN30Jan20320CE.NFO,07/01/2020,10:15:24,16.15,15.2,6400,16.4,1600,0,70400
M&MFIN30Jan20320CE.NFO,07/01/2020,10:15:28,16.15,15.4,1600,16.4,1600,0,70400
M&MFIN30Jan20320CE.NFO,07/01/2020,10:15:33,16.15,15.25,3200,16.4,1600,0,70400
M&MFIN30Jan20320CE.NFO,07/01/2020,10:15:38,16.15,15.3,1600,16.4,1600,0,70400
M&MFIN30Jan20320CE.NFO,07/01/2020,10:15:43,16.15,15.2,3200,16.4,1600,0,70400
M&MFIN30Jan20320CE.NFO,07/01/2020,10:15:49,16.15,15,3200,16.2,1600,0,70400
M&MFIN30Jan20320CE.NFO,07/01/2020,10:15:55,16.15,14.95,1600,16.2,1600,0,70400
M&MFIN30Jan20320CE.NFO,07/01/2020,10:16:00,16.15,15.05,4800,16.2,1600,0,70400
M&MFIN30Jan20320CE.NFO,07/01/2020,10:16:05,16.15,15.15,1600,16.2,1600,0,70400
M&MFIN30Jan20320CE.NFO,07/01/2020,10:16:09,16.15,15,3200,16.2,1600,0,70400
M&MFIN30Jan20320CE.NFO,07/01/2020,10:16:14,16.15,15.1,1600,16.2,1600,0,70400
M&MFIN30Jan20320CE.NFO,07/01/2020,10:16:15,16.15,15,3200,16.2,1600,0,70400
M&MFIN30Jan20320CE.NFO,07/01/2020,10:16:16,16.15,15.1,1600,16.2,1600,0,70400
M&MFIN30Jan20320CE.NFO,07/01/2020,10:16:17,16.15,15,6400,16.2,1600,0,70400
M&MFIN30Jan20320CE.NFO,07/01/2020,10:16:18,16.15,15.05,3200,16.2,1600,0,70400
M&MFIN30Jan20320CE.NFO,07/01/2020,10:16:19,16.15,15.15,1600,16.2,1600,0,70400
M&MFIN30Jan20320CE.NFO,07/01/2020,10:16:20,16.15,15,6400,16.2,1600,0,70400
M&MFIN30Jan20320CE.NFO,07/01/2020,10:16:21,16.15,15.1,1600,16.2,1600,0,70400
M&MFIN30Jan20320CE.NFO,07/01/2020,10:16:22,16.15,15.15,1600,16.2,1600,0,70400
M&MFIN30Jan20320CE.NFO,07/01/2020,10:16:23,16.15,15,1600,16.2,1600,0,70400
M&MFIN30Jan20320CE.NFO,07/01/2020,10:16:24,16.15,15.05,1600,16.2,1600,0,70400
M&MFIN30Jan20320CE.NFO,07/01/2020,10:16:25,16.15,15.1,1600,16.2,1600,0,70400
M&MFIN30Jan20320CE.NFO,07/01/2020,10:16:26,16.15,15.15,1600,16.2,1600,0,70400
M&MFIN30Jan20320CE.NFO,07/01/2020,10:16:28,16.15,15,1600,16.2,1600,0,70400
M&MFIN30Jan20320CE.NFO,07/01/2020,10:16:29,16.15,15.15,1600,16.25,1600,0,70400
M&MFIN30Jan20320CE.NFO,07/01/2020,10:16:30,16.15,15.2,1600,16.35,1600,0,70400
M&MFIN30Jan20320CE.NFO,07/01/2020,10:16:31,16.15,15.25,1600,16.35,1600,0,70400
M&MFIN30Jan20320CE.NFO,07/01/2020,10:16:33,16.15,15.3,1600,16.35,1600,0,70400
M&MFIN30Jan20320CE.NFO,07/01/2020,10:16:34,16.15,15.2,3200,16.35,1600,0,70400
M&MFIN30Jan20320CE.NFO,07/01/2020,10:16:36,16.15,15.3,1600,16.35,1600,0,70400
M&MFIN30Jan20320CE.NFO,07/01/2020,10:16:37,16.15,15.2,4800,16.35,1600,0,70400
M&MFIN30Jan20320CE.NFO,07/01/2020,10:16:38,16.15,15.2,1600,16.35,1600,0,70400
M&MFIN30Jan20320CE.NFO,07/01/2020,10:16:39,16.15,15.2,1600,16.3,1600,0,70400
M&MFIN30Jan20320CE.NFO,07/01/2020,10:16:42,16.15,15.1,3200,16.3,1600,0,70400
M&MFIN30Jan20320CE.NFO,07/01/2020,10:16:43,16.15,15.2,1600,16.3,1600,0,70400
M&MFIN30Jan20320CE.NFO,07/01/2020,10:16:44,16.15,15.25,1600,16.3,1600,0,70400
M&MFIN30Jan20320CE.NFO,07/01/2020,10:16:45,16.15,15.1,3200,16.3,1600,0,70400
M&MFIN30Jan20320CE.NFO,07/01/2020,10:16:46,16.15,15.2,1600,16.3,1600,0,70400
M&MFIN30Jan20320CE.NFO,07/01/2020,10:16:47,16.15,15.25,1600,16.3,1600,0,70400
M&MFIN30Jan20320CE.NFO,07/01/2020,10:16:48,16.15,15.1,4800,16.3,1600,0,70400
M&MFIN30Jan20320CE.NFO,07/01/2020,10:16:49,16.15,15.25,1600,16.3,1600,0,70400
M&MFIN30Jan20320CE.NFO,07/01/2020,10:16:50,16.15,15.1,1600,16.3,1600,0,70400
M&MFIN30Jan20320CE.NFO,07/01/2020,10:16:52,16.15,15.2,1600,16.3,1600,0,70400
M&MFIN30Jan20320CE.NFO,07/01/2020,10:16:52,16.15,15.25,1600,16.3,1600,0,70400
M&MFIN30Jan20320CE.NFO,07/01/2020,10:16:54,16.15,15.3,1600,16.3,1600,0,70400
M&MFIN30Jan20320CE.NFO,07/01/2020,10:16:55,16.15,15.05,9600,16.35,1600,0,70400
M&MFIN30Jan20320CE.NFO,07/01/2020,10:16:56,16.15,15.25,1600,16.35,1600,0,70400
M&MFIN30Jan20320CE.NFO,07/01/2020,10:16:57,16.15,15.2,4800,16.35,1600,0,70400
M&MFIN30Jan20320CE.NFO,07/01/2020,10:16:59,16.15,15.25,1600,16.35,1600,0,70400
M&MFIN30Jan20320CE.NFO,07/01/2020,10:17:01,16.15,15.25,3200,16.35,1600,0,70400
M&MFIN30Jan20320CE.NFO,07/01/2020,10:17:02,16.15,15.15,4800,16.35,1600,0,70400
M&MFIN30Jan20320CE.NFO,07/01/2020,10:17:03,16.15,15.15,1600,16.35,1600,0,70400
M&MFIN30Jan20320CE.NFO,07/01/2020,10:17:04,16.15,15.35,1600,16.35,1600,0,70400
M&MFIN30Jan20320CE.NFO,07/01/2020,10:17:09,16.15,15.3,1600,16.35,1600,0,70400
M&MFIN30Jan20320CE.NFO,07/01/2020,10:17:11,16.15,15.35,1600,16.35,1600,0,70400
M&MFIN30Jan20320CE.NFO,07/01/2020,10:17:13,16.15,15.15,4800,16.35,1600,0,70400
M&MFIN30Jan20320CE.NFO,07/01/2020,10:17:14,16.15,15.3,1600,16.35,1600,0,70400
M&MFIN30Jan20320CE.NFO,07/01/2020,10:17:15,16.15,15.35,1600,16.35,1600,0,70400
M&MFIN30Jan20320CE.NFO,07/01/2020,10:17:16,16.15,15.25,1600,16.35,1600,0,70400
M&MFIN30Jan20320CE.NFO,07/01/2020,10:17:17,16.15,15.3,1600,16.35,1600,0,70400
M&MFIN30Jan20320CE.NFO,07/01/2020,10:17:18,16.15,15.35,1600,16.35,1600,0,70400
M&MFIN30Jan20320CE.NFO,07/01/2020,10:17:20,16.15,15.2,3200,16.35,1600,0,70400
M&MFIN30Jan20320CE.NFO,07/01/2020,10:17:21,16.15,15.35,1600,16.35,1600,0,70400
M&MFIN30Jan20320CE.NFO,07/01/2020,10:17:23,16.15,15.15,4800,16.35,1600,0,70400
M&MFIN30Jan20320CE.NFO,07/01/2020,10:17:24,16.15,15.15,1600,16.35,1600,0,70400
M&MFIN30Jan20320CE.NFO,07/01/2020,10:17:25,16.15,15.25,1600,16.35,1600,0,70400
M&MFIN30Jan20320CE.NFO,07/01/2020,10:17:26,16.15,15.35,1600,16.35,1600,0,70400
M&MFIN30Jan20320CE.NFO,07/01/2020,10:17:28,16.15,15.2,3200,16.35,1600,0,70400
M&MFIN30Jan20320CE.NFO,07/01/2020,10:17:29,16.15,15.25,1600,16.35,1600,0,70400
M&MFIN30Jan20320CE.NFO,07/01/2020,10:17:30,16.15,15.35,1600,16.35,1600,0,70400
M&MFIN30Jan20320CE.NFO,07/01/2020,10:17:31,16.15,15.2,4800,16.35,1600,0,70400
M&MFIN30Jan20320CE.NFO,07/01/2020,10:17:32,16.15,15.15,4800,16.35,1600,0,70400
M&MFIN30Jan20320CE.NFO,07/01/2020,10:17:33,16.15,15.3,1600,16.35,1600,0,70400
M&MFIN30Jan20320CE.NFO,07/01/2020,10:17:34,16.15,15.25,1600,16.35,1600,0,70400
M&MFIN30Jan20320CE.NFO,07/01/2020,10:17:35,16.15,15.4,1600,16.35,1600,0,70400
M&MFIN30Jan20320CE.NFO,07/01/2020,10:17:37,16.15,15.2,3200,16.35,1600,0,70400
M&MFIN30Jan20320CE.NFO,07/01/2020,10:17:38,16.15,15.1,4800,16.3,1600,0,70400
M&MFIN30Jan20320CE.NFO,07/01/2020,10:17:39,16.15,15.15,1600,16.3,1600,0,70400
M&MFIN30Jan20320CE.NFO,07/01/2020,10:17:40,16.15,15.2,1600,16.3,1600,0,70400
M&MFIN30Jan20320CE.NFO,07/01/2020,10:17:41,16.15,15.1,4800,16.3,1600,0,70400
M&MFIN30Jan20320CE.NFO,07/01/2020,10:17:42,16.15,15.15,1600,16.3,1600,0,70400
M&MFIN30Jan20320CE.NFO,07/01/2020,10:17:43,16.15,15.2,1600,16.3,1600,0,70400
M&MFIN30Jan20320CE.NFO,07/01/2020,10:17:44,16.15,15.1,4800,16.3,1600,0,70400
M&MFIN30Jan20320CE.NFO,07/01/2020,10:17:45,16.15,15.2,1600,16.3,1600,0,70400
M&MFIN30Jan20320CE.NFO,07/01/2020,10:17:47,16.15,15.15,1600,16.3,1600,0,70400
M&MFIN30Jan20320CE.NFO,07/01/2020,10:17:48,16.15,15.2,1600,16.3,1600,0,70400
M&MFIN30Jan20320CE.NFO,07/01/2020,10:17:49,16.15,15.15,3200,16.3,1600,0,70400
M&MFIN30Jan20320CE.NFO,07/01/2020,10:17:50,16.15,14.9,11200,16.3,1600,0,70400
M&MFIN30Jan20320CE.NFO,07/01/2020,10:17:51,16.15,14.9,8000,16.3,1600,0,70400
M&MFIN30Jan20320CE.NFO,07/01/2020,10:17:52,16.15,15.2,1600,16.3,1600,0,70400
M&MFIN30Jan20320CE.NFO,07/01/2020,10:17:53,16.15,15.25,1600,16.3,1600,0,70400
M&MFIN30Jan20320CE.NFO,07/01/2020,10:17:54,16.15,15.1,4800,16.3,1600,0,70400
M&MFIN30Jan20320CE.NFO,07/01/2020,10:17:55,16.15,15.2,1600,16.3,1600,0,70400
M&MFIN30Jan20320CE.NFO,07/01/2020,10:17:56,16.15,15.25,1600,16.3,1600,0,70400
M&MFIN30Jan20320CE.NFO,07/01/2020,10:17:57,16.15,15.15,1600,16.3,1600,0,70400
M&MFIN30Jan20320CE.NFO,07/01/2020,10:17:58,16.15,15.2,1600,16.3,1600,0,70400
M&MFIN30Jan20320CE.NFO,07/01/2020,10:17:59,16.15,15.05,1600,16.3,1600,0,70400
M&MFIN30Jan20320CE.NFO,07/01/2020,10:18:00,16.15,15.2,3200,16.3,1600,0,70400
M&MFIN30Jan20320CE.NFO,07/01/2020,10:18:01,16.15,15.2,1600,16.3,1600,0,70400
M&MFIN30Jan20320CE.NFO,07/01/2020,10:18:03,16.15,15.15,3200,16.3,1600,0,70400
M&MFIN30Jan20320CE.NFO,07/01/2020,10:18:04,16.15,15.15,1600,16.3,1600,0,70400
M&MFIN30Jan20320CE.NFO,07/01/2020,10:18:05,16.15,15.2,1600,16.3,1600,0,70400
M&MFIN30Jan20320CE.NFO,07/01/2020,10:18:06,16.15,15.25,1600,16.3,1600,0,70400
M&MFIN30Jan20320CE.NFO,07/01/2020,10:18:07,16.15,15.2,1600,16.3,1600,0,70400
M&MFIN30Jan20320CE.NFO,07/01/2020,10:18:09,16.15,15.25,1600,16.3,1600,0,70400
M&MFIN30Jan20320CE.NFO,07/01/2020,10:18:11,16.15,15.2,1600,16.3,1600,0,70400
M&MFIN30Jan20320CE.NFO,07/01/2020,10:18:13,16.15,15.25,1600,16.3,1600,0,70400
M&MFIN30Jan20320CE.NFO,07/01/2020,10:18:14,16.15,15.15,1600,16.3,1600,0,70400
M&MFIN30Jan20320CE.NFO,07/01/2020,10:18:15,16.15,15.2,1600,16.3,1600,0,70400
M&MFIN30Jan20320CE.NFO,07/01/2020,10:18:19,16.15,15.15,1600,16.3,1600,0,70400
M&MFIN30Jan20320CE.NFO,07/01/2020,10:18:20,16.15,15.2,1600,16.3,1600,0,70400
M&MFIN30Jan20320CE.NFO,07/01/2020,10:18:21,16.15,15.15,1600,16.3,1600,0,70400
M&MFIN30Jan20320CE.NFO,07/01/2020,10:18:22,16.15,15.2,1600,16.3,1600,0,70400
M&MFIN30Jan20320CE.NFO,07/01/2020,10:18:23,16.15,15.15,1600,16.3,1600,0,70400
M&MFIN30Jan20320CE.NFO,07/01/2020,10:18:24,16.15,15.2,1600,16.3,1600,0,70400
M&MFIN30Jan20320CE.NFO,07/01/2020,10:18:28,16.15,15.2,1600,16.3,3200,0,70400
M&MFIN30Jan20320CE.NFO,07/01/2020,10:18:29,16.15,15.1,4800,16.3,3200,0,70400
M&MFIN30Jan20320CE.NFO,07/01/2020,10:18:30,16.15,15.1,3200,16.3,3200,0,70400
M&MFIN30Jan20320CE.NFO,07/01/2020,10:18:31,16.15,15.05,3200,16.2,1600,0,70400
M&MFIN30Jan20320CE.NFO,07/01/2020,10:18:32,16.15,15.15,1600,16.2,1600,0,70400
M&MFIN30Jan20320CE.NFO,07/01/2020,10:18:33,16.15,15.05,1600,16.2,1600,0,70400
M&MFIN30Jan20320CE.NFO,07/01/2020,10:18:34,16.15,15.1,1600,16.2,1600,0,70400
M&MFIN30Jan20320CE.NFO,07/01/2020,10:18:35,16.15,15.05,3200,16.2,1600,0,70400
M&MFIN30Jan20320CE.NFO,07/01/2020,10:18:36,16.15,15.1,1600,16.2,1600,0,70400
M&MFIN30Jan20320CE.NFO,07/01/2020,10:18:37,16.15,15.05,1600,16.2,1600,0,70400
M&MFIN30Jan20320CE.NFO,07/01/2020,10:18:38,16.15,15.1,1600,16.2,1600,0,70400
M&MFIN30Jan20320CE.NFO,07/01/2020,10:18:39,16.15,15.1,1600,16.2,3200,0,70400
M&MFIN30Jan20320CE.NFO,07/01/2020,10:18:40,16.15,15,1600,16.2,3200,0,70400
M&MFIN30Jan20320CE.NFO,07/01/2020,10:18:45,16.15,15,1600,16.1,1600,0,70400
M&MFIN30Jan20320CE.NFO,07/01/2020,10:18:46,16.15,15.1,1600,16.1,1600,0,70400
M&MFIN30Jan20320CE.NFO,07/01/2020,10:18:50,16.15,15,1600,16.1,1600,0,70400
M&MFIN30Jan20320CE.NFO,07/01/2020,10:18:53,16.15,14.9,1600,16.05,1600,0,70400
M&MFIN30Jan20320CE.NFO,07/01/2020,10:18:53,16.15,14.95,1600,16.05,1600,0,70400
M&MFIN30Jan20320CE.NFO,07/01/2020,10:18:57,16.15,15,1600,16.05,1600,0,70400
M&MFIN30Jan20320CE.NFO,07/01/2020,10:18:58,16.15,14.9,1600,16.05,1600,0,70400
M&MFIN30Jan20320CE.NFO,07/01/2020,10:19:00,16.15,14.95,1600,16.05,1600,0,70400
M&MFIN30Jan20320CE.NFO,07/01/2020,10:19:02,16.15,15.35,1600,16.05,1600,0,70400
M&MFIN30Jan20320CE.NFO,07/01/2020,10:19:03,16.15,15.4,1600,16.05,1600,0,70400
M&MFIN30Jan20320CE.NFO,07/01/2020,10:19:11,16.15,15.4,3200,16.1,3200,0,70400
M&MFIN30Jan20320CE.NFO,07/01/2020,10:19:12,16.15,15.45,1600,16.1,3200,0,70400
M&MFIN30Jan20320CE.NFO,07/01/2020,10:19:56,16.15,15.6,1600,16.2,1600,0,70400
M&MFIN30Jan20320CE.NFO,07/01/2020,10:20:16,16.15,15.75,1600,16.3,1600,0,70400
M&MFIN30Jan20320CE.NFO,07/01/2020,10:20:21,16.15,15.8,3200,16.4,1600,0,70400
M&MFIN30Jan20320CE.NFO,07/01/2020,10:20:30,16.15,15.8,3200,16.5,3200,0,70400
M&MFIN30Jan20320CE.NFO,07/01/2020,10:20:34,16.15,15.9,3200,16.5,1600,0,70400
M&MFIN30Jan20320CE.NFO,07/01/2020,10:21:02,16.15,15.9,3200,16.55,3200,0,70400
M&MFIN30Jan20320CE.NFO,07/01/2020,10:21:15,16.15,16,3200,16.55,1600,0,70400
M&MFIN30Jan20320CE.NFO,07/01/2020,10:22:03,16.15,15.9,3200,16.55,1600,0,70400
M&MFIN30Jan20320CE.NFO,07/01/2020,10:22:06,16.15,15.95,1600,16.6,1600,0,70400
M&MFIN30Jan20320CE.NFO,07/01/2020,10:22:11,16.15,15.95,1600,16.5,4800,0,70400
M&MFIN30Jan20320CE.NFO,07/01/2020,10:22:14,16.15,15.95,1600,16.6,1600,0,70400
M&MFIN30Jan20320CE.NFO,07/01/2020,10:22:42,16.15,15.95,1600,16.5,3200,0,70400
M&MFIN30Jan20320CE.NFO,07/01/2020,10:22:48,16.15,15.95,3200,16.5,4800,0,70400
M&MFIN30Jan20320CE.NFO,07/01/2020,10:22:58,16.15,15.95,1600,16.6,4800,0,70400
M&MFIN30Jan20320CE.NFO,07/01/2020,10:23:03,16.15,16,1600,16.6,4800,0,70400
M&MFIN30Jan20320CE.NFO,07/01/2020,10:23:08,16.15,15.95,3200,16.6,4800,0,70400
M&MFIN30Jan20320CE.NFO,07/01/2020,10:23:21,16.15,16,1600,16.6,4800,0,70400
M&MFIN30Jan20320CE.NFO,07/01/2020,10:23:36,16.15,16,1600,16.5,4800,0,70400
M&MFIN30Jan20320CE.NFO,07/01/2020,10:23:44,16.15,15.9,1600,16.85,4800,0,70400
M&MFIN30Jan20320CE.NFO,07/01/2020,10:23:49,16.15,15.9,1600,16.75,4800,0,70400
M&MFIN30Jan20320CE.NFO,07/01/2020,10:23:56,16.15,15.9,1600,16.55,4800,0,70400
M&MFIN30Jan20320CE.NFO,07/01/2020,10:23:59,16.15,15.9,1600,16.55,3200,0,70400
M&MFIN30Jan20320CE.NFO,07/01/2020,10:24:19,16.15,15.9,1600,16.75,4800,0,70400
M&MFIN30Jan20320CE.NFO,07/01/2020,10:24:22,16.15,15.9,1600,16.55,4800,0,70400
M&MFIN30Jan20320CE.NFO,07/01/2020,10:25:01,16.15,15.9,1600,16.6,1600,0,70400
M&MFIN30Jan20320CE.NFO,07/01/2020,10:25:05,16.15,15.9,1600,16.65,4800,0,70400
M&MFIN30Jan20320CE.NFO,07/01/2020,10:25:08,16.15,15.9,1600,16.85,4800,0,70400
M&MFIN30Jan20320CE.NFO,07/01/2020,10:25:11,16.15,15.9,1600,16.65,4800,0,70400
M&MFIN30Jan20320CE.NFO,07/01/2020,10:25:14,16.15,15.9,1600,16.85,4800,0,70400
M&MFIN30Jan20320CE.NFO,07/01/2020,10:25:17,16.15,15.9,1600,16.55,4800,0,70400
M&MFIN30Jan20320CE.NFO,07/01/2020,10:25:21,16.15,15.9,1600,16.6,1600,0,70400
M&MFIN30Jan20320CE.NFO,07/01/2020,10:25:25,16.15,15.9,1600,16.65,1600,0,70400
M&MFIN30Jan20320CE.NFO,07/01/2020,10:25:29,16.15,15.9,1600,16.65,4800,0,70400
M&MFIN30Jan20320CE.NFO,07/01/2020,10:25:39,16.15,15.6,1600,16.55,1600,0,70400
M&MFIN30Jan20320CE.NFO,07/01/2020,10:25:44,16.15,15.55,3200,16.65,1600,0,70400
M&MFIN30Jan20320CE.NFO,07/01/2020,10:25:59,16.15,15.5,1600,16.65,1600,0,70400
M&MFIN30Jan20320CE.NFO,07/01/2020,10:26:11,16.15,15.6,1600,16.65,1600,0,70400
M&MFIN30Jan20320CE.NFO,07/01/2020,10:26:24,16.15,15.6,1600,16.75,1600,0,70400
M&MFIN30Jan20320CE.NFO,07/01/2020,10:26:27,16.15,15.7,1600,16.8,1600,0,70400
M&MFIN30Jan20320CE.NFO,07/01/2020,10:27:36,16.15,15.7,1600,16.7,3200,0,70400
M&MFIN30Jan20320CE.NFO,07/01/2020,10:28:09,16.15,15.9,1600,16.95,3200,0,70400
M&MFIN30Jan20320CE.NFO,07/01/2020,10:28:12,16.15,15.8,1600,16.95,3200,0,70400
M&MFIN30Jan20320CE.NFO,07/01/2020,10:28:36,16.15,15.85,3200,17.4,6400,0,70400
M&MFIN30Jan20320CE.NFO,07/01/2020,10:28:40,16.15,15.85,3200,17.3,6400,0,70400
M&MFIN30Jan20320CE.NFO,07/01/2020,10:28:50,16.15,15.85,3200,17,3200,0,70400
M&MFIN30Jan20320CE.NFO,07/01/2020,10:28:53,16.15,15.85,3200,17.35,8000,0,70400
M&MFIN30Jan20320CE.NFO,07/01/2020,10:28:56,16.15,15.85,3200,17.05,3200,0,70400
M&MFIN30Jan20320CE.NFO,07/01/2020,10:28:59,16.15,15.85,3200,17.35,8000,0,70400
M&MFIN30Jan20320CE.NFO,07/01/2020,10:29:02,16.15,15.85,3200,16.95,3200,0,70400
M&MFIN30Jan20320CE.NFO,07/01/2020,10:29:05,16.15,15.85,3200,17.25,8000,0,70400
M&MFIN30Jan20320CE.NFO,07/01/2020,10:29:08,16.15,15.85,3200,16.95,3200,0,70400
M&MFIN30Jan20320CE.NFO,07/01/2020,10:29:11,16.15,15.85,3200,17.05,4800,0,70400
M&MFIN30Jan20320CE.NFO,07/01/2020,10:29:14,16.15,15.85,3200,16.9,1600,0,70400
M&MFIN30Jan20320CE.NFO,07/01/2020,10:29:17,16.15,15.85,3200,17.15,4800,0,70400
M&MFIN30Jan20320CE.NFO,07/01/2020,10:29:21,16.15,15.85,3200,16.9,1600,0,70400
M&MFIN30Jan20320CE.NFO,07/01/2020,10:29:31,16.15,15.85,3200,16.95,3200,0,70400
M&MFIN30Jan20320CE.NFO,07/01/2020,10:29:34,16.15,15.85,3200,17.05,4800,0,70400
M&MFIN30Jan20320CE.NFO,07/01/2020,10:29:37,16.15,15.9,3200,17.05,4800,0,70400
M&MFIN30Jan20320CE.NFO,07/01/2020,10:29:40,16.15,15.9,3200,16.85,1600,0,70400
M&MFIN30Jan20320CE.NFO,07/01/2020,10:29:58,16.15,15.9,3200,17.15,4800,0,70400
M&MFIN30Jan20320CE.NFO,07/01/2020,10:30:02,16.15,15.9,3200,17.25,6400,0,70400
M&MFIN30Jan20320CE.NFO,07/01/2020,10:30:05,16.15,15.9,3200,16.95,1600,0,70400
M&MFIN30Jan20320CE.NFO,07/01/2020,10:30:34,16.15,15.9,1600,16.7,1600,0,70400
M&MFIN30Jan20320CE.NFO,07/01/2020,10:30:37,16.15,15.9,1600,17.05,4800,0,70400
M&MFIN30Jan20320CE.NFO,07/01/2020,10:30:40,16.15,15.9,1600,16.8,1600,0,70400
M&MFIN30Jan20320CE.NFO,07/01/2020,10:30:43,16.15,15.9,1600,16.95,4800,0,70400
M&MFIN30Jan20320CE.NFO,07/01/2020,10:30:46,16.15,15.85,3200,16.95,3200,0,70400
M&MFIN30Jan20320CE.NFO,07/01/2020,10:30:50,16.15,15.85,3200,16.95,4800,0,70400
M&MFIN30Jan20320CE.NFO,07/01/2020,10:30:54,16.15,15.9,1600,17.15,4800,0,70400
M&MFIN30Jan20320CE.NFO,07/01/2020,10:30:57,16.15,15.9,1600,16.85,1600,0,70400
M&MFIN30Jan20320CE.NFO,07/01/2020,10:31:03,16.15,15.85,3200,17.05,4800,0,70400
M&MFIN30Jan20320CE.NFO,07/01/2020,10:31:05,16.15,15.85,3200,16.9,1600,0,70400
M&MFIN30Jan20320CE.NFO,07/01/2020,10:31:08,16.15,15.9,1600,17.05,4800,0,70400
M&MFIN30Jan20320CE.NFO,07/01/2020,10:31:10,16.15,15.9,1600,16.85,1600,0,70400
M&MFIN30Jan20320CE.NFO,07/01/2020,10:31:19,16.15,15.85,3200,17.15,4800,0,70400
M&MFIN30Jan20320CE.NFO,07/01/2020,10:31:22,16.15,15.85,3200,16.9,1600,0,70400
M&MFIN30Jan20320CE.NFO,07/01/2020,10:31:25,16.15,15.9,1600,16.95,4800,0,70400
M&MFIN30Jan20320CE.NFO,07/01/2020,10:31:28,16.15,15.9,1600,17.25,8000,0,70400
M&MFIN30Jan20320CE.NFO,07/01/2020,10:31:31,16.15,15.9,1600,16.95,4800,0,70400
M&MFIN30Jan20320CE.NFO,07/01/2020,10:31:34,16.15,15.9,1600,17.25,8000,0,70400
M&MFIN30Jan20320CE.NFO,07/01/2020,10:31:37,16.15,15.8,1600,16.95,4800,0,70400
M&MFIN30Jan20320CE.NFO,07/01/2020,10:31:40,16.15,15.8,1600,17.15,8000,0,70400
M&MFIN30Jan20320CE.NFO,07/01/2020,10:31:44,16.15,15.7,1600,17.15,8000,0,70400
M&MFIN30Jan20320CE.NFO,07/01/2020,10:31:48,16.15,15.7,1600,16.8,1600,0,70400
M&MFIN30Jan20320CE.NFO,07/01/2020,10:31:51,16.15,15.7,1600,16.85,4800,0,70400
M&MFIN30Jan20320CE.NFO,07/01/2020,10:31:54,16.15,15.7,1600,17.15,8000,0,70400
M&MFIN30Jan20320CE.NFO,07/01/2020,10:31:58,16.15,15.7,1600,16.8,1600,0,70400
M&MFIN30Jan20320CE.NFO,07/01/2020,10:32:02,16.15,15.7,1600,16.75,1600,0,70400
M&MFIN30Jan20320CE.NFO,07/01/2020,10:32:29,16.15,15.6,1600,16.75,3200,0,70400
M&MFIN30Jan20320CE.NFO,07/01/2020,10:32:45,16.15,16.15,1600,16.7,1600,0,70400
M&MFIN30Jan20320CE.NFO,07/01/2020,10:32:49,16.15,16.15,1600,16.85,4800,0,70400
M&MFIN30Jan20320CE.NFO,07/01/2020,10:32:53,16.15,16.15,1600,16.6,1600,0,70400
M&MFIN30Jan20320CE.NFO,07/01/2020,10:32:56,16.15,16.15,1600,16.9,6400,0,70400
M&MFIN30Jan20320CE.NFO,07/01/2020,10:32:59,16.15,16.15,1600,16.8,4800,0,70400
M&MFIN30Jan20320CE.NFO,07/01/2020,10:33:05,16.15,16.15,1600,16.65,1600,0,70400
M&MFIN30Jan20320CE.NFO,07/01/2020,10:33:07,16.15,16.15,1600,16.8,4800,0,70400
M&MFIN30Jan20320CE.NFO,07/01/2020,10:33:09,16.15,16.15,1600,16.6,3200,0,70400
M&MFIN30Jan20320CE.NFO,07/01/2020,10:33:11,16.15,16.15,1600,16.8,6400,0,70400
M&MFIN30Jan20320CE.NFO,07/01/2020,10:33:14,16.15,16.15,1600,16.6,3200,0,70400
M&MFIN30Jan20320CE.NFO,07/01/2020,10:33:17,16.15,16.15,1600,16.8,6400,0,70400
M&MFIN30Jan20320CE.NFO,07/01/2020,10:33:20,16.15,16.15,1600,16.9,8000,0,70400
M&MFIN30Jan20320CE.NFO,07/01/2020,10:33:24,16.15,16.15,1600,16.55,1600,0,70400
M&MFIN30Jan20320CE.NFO,07/01/2020,10:33:27,16.15,16.15,1600,16.65,1600,0,70400
M&MFIN30Jan20320CE.NFO,07/01/2020,10:33:30,16.15,16.15,1600,16.7,4800,0,70400
M&MFIN30Jan20320CE.NFO,07/01/2020,10:33:33,16.15,16.15,1600,16.8,6400,0,70400
M&MFIN30Jan20320CE.NFO,07/01/2020,10:33:40,16.15,16.15,1600,16.8,4800,0,70400
M&MFIN30Jan20320CE.NFO,07/01/2020,10:33:46,16.15,16.15,1600,16.6,1600,0,70400
M&MFIN30Jan20320CE.NFO,07/01/2020,10:33:48,16.15,16.15,1600,16.9,8000,0,70400
M&MFIN30Jan20320CE.NFO,07/01/2020,10:33:49,16.15,16.15,1600,16.7,3200,0,70400
M&MFIN30Jan20320CE.NFO,07/01/2020,10:33:51,16.15,16.15,1600,16.9,8000,0,70400
M&MFIN30Jan20320CE.NFO,07/01/2020,10:33:53,16.15,16.15,1600,16.8,6400,0,70400
M&MFIN30Jan20320CE.NFO,07/01/2020,10:33:56,16.15,15.6,1600,16.9,6400,1600,70400
M&MFIN30Jan20320CE.NFO,07/01/2020,10:33:57,16.15,15.5,1600,16.75,1600,0,70400
M&MFIN30Jan20320CE.NFO,07/01/2020,10:34:02,16.15,15.5,1600,16.65,1600,0,70400
M&MFIN30Jan20320CE.NFO,07/01/2020,10:34:22,16.15,15.55,1600,16.65,1600,0,70400
M&MFIN30Jan20320CE.NFO,07/01/2020,10:34:27,16.15,15.65,1600,16.9,4800,0,70400
M&MFIN30Jan20320CE.NFO,07/01/2020,10:34:31,16.15,15.6,1600,17,6400,0,70400
M&MFIN30Jan20320CE.NFO,07/01/2020,10:34:35,16.15,15.6,1600,17.1,12800,0,70400
M&MFIN30Jan20320CE.NFO,07/01/2020,10:34:39,16.15,15.75,1600,17.2,9600,0,70400
M&MFIN30Jan20320CE.NFO,07/01/2020,10:34:43,16.15,15.75,1600,17.1,8000,0,70400
M&MFIN30Jan20320CE.NFO,07/01/2020,10:34:47,16.15,15.75,1600,16.9,1600,0,70400
M&MFIN30Jan20320CE.NFO,07/01/2020,10:35:00,16.15,15.75,1600,17.2,9600,0,70400
M&MFIN30Jan20320CE.NFO,07/01/2020,10:35:04,16.15,15.75,1600,16.75,1600,0,70400
M&MFIN30Jan20320CE.NFO,07/01/2020,10:35:07,16.15,15.75,1600,16.9,4800,0,70400
M&MFIN30Jan20320CE.NFO,07/01/2020,10:35:10,16.15,15.7,1600,17.05,6400,0,70400
M&MFIN30Jan20320CE.NFO,07/01/2020,10:35:13,16.15,15.75,1600,16.8,1600,0,70400
M&MFIN30Jan20320CE.NFO,07/01/2020,10:35:16,16.15,15.8,1600,16.9,1600,0,70400
M&MFIN30Jan20320CE.NFO,07/01/2020,10:35:20,16.15,15.8,1600,17,3200,0,70400
M&MFIN30Jan20320CE.NFO,07/01/2020,10:35:22,16.15,15.8,1600,17.05,3200,0,70400
M&MFIN30Jan20320CE.NFO,07/01/2020,10:35:26,16.15,15.8,1600,17.15,11200,0,70400
M&MFIN30Jan20320CE.NFO,07/01/2020,10:35:30,16.15,15.8,1600,17.05,4800,0,70400
M&MFIN30Jan20320CE.NFO,07/01/2020,10:35:34,16.15,15.8,1600,17.05,3200,0,70400
M&MFIN30Jan20320CE.NFO,07/01/2020,10:35:38,16.15,15.8,1600,16.8,1600,0,70400
M&MFIN30Jan20320CE.NFO,07/01/2020,10:35:41,16.15,15.8,1600,16.9,1600,0,70400
M&MFIN30Jan20320CE.NFO,07/01/2020,10:35:57,16.15,15.8,1600,17.25,4800,0,70400
M&MFIN30Jan20320CE.NFO,07/01/2020,10:36:01,16.15,15.8,1600,17.15,9600,0,70400
M&MFIN30Jan20320CE.NFO,07/01/2020,10:36:12,16.15,15.7,1600,16.8,1600,0,70400
M&MFIN30Jan20320CE.NFO,07/01/2020,10:36:16,16.15,15.65,3200,16.85,4800,0,70400
M&MFIN30Jan20320CE.NFO,07/01/2020,10:36:20,16.15,15.7,1600,16.95,4800,0,70400
M&MFIN30Jan20320CE.NFO,07/01/2020,10:36:23,16.15,15.7,1600,17.1,4800,0,70400
M&MFIN30Jan20320CE.NFO,07/01/2020,10:36:26,16.15,15.7,1600,16.85,1600,0,70400
M&MFIN30Jan20320CE.NFO,07/01/2020,10:36:29,16.15,15.7,1600,17,4800,0,70400
M&MFIN30Jan20320CE.NFO,07/01/2020,10:36:31,16.15,15.75,1600,16.85,1600,0,70400
M&MFIN30Jan20320CE.NFO,07/01/2020,10:36:33,16.15,15.75,1600,17.1,4800,0,70400
M&MFIN30Jan20320CE.NFO,07/01/2020,10:36:35,16.15,15.75,1600,16.9,3200,0,70400
M&MFIN30Jan20320CE.NFO,07/01/2020,10:36:37,16.15,15.75,1600,17.2,9600,0,70400
M&MFIN30Jan20320CE.NFO,07/01/2020,10:36:39,16.15,15.75,1600,16.95,1600,0,70400
M&MFIN30Jan20320CE.NFO,07/01/2020,10:36:42,16.15,15.7,1600,16.95,4800,0,70400
M&MFIN30Jan20320CE.NFO,07/01/2020,10:36:45,16.15,15.7,1600,17.1,4800,0,70400
M&MFIN30Jan20320CE.NFO,07/01/2020,10:36:51,16.15,15.75,1600,17.2,9600,0,70400
M&MFIN30Jan20320CE.NFO,07/01/2020,10:36:53,16.15,15.75,1600,17,4800,0,70400
M&MFIN30Jan20320CE.NFO,07/01/2020,10:36:57,16.15,15.75,1600,17.1,4800,0,70400
M&MFIN30Jan20320CE.NFO,07/01/2020,10:37:02,16.15,15.75,1600,16.95,1600,0,70400
M&MFIN30Jan20320CE.NFO,07/01/2020,10:37:06,16.15,15.7,1600,17.05,4800,0,70400
M&MFIN30Jan20320CE.NFO,07/01/2020,10:37:10,16.15,15.65,3200,17.1,4800,0,70400
M&MFIN30Jan20320CE.NFO,07/01/2020,10:37:14,16.15,15.7,1600,17.1,4800,0,70400
M&MFIN30Jan20320CE.NFO,07/01/2020,10:37:18,16.15,15.55,1600,16.8,1600,0,70400
M&MFIN30Jan20320CE.NFO,07/01/2020,10:37:22,16.15,15.65,1600,16.9,4800,0,70400
M&MFIN30Jan20320CE.NFO,07/01/2020,10:37:30,16.15,15.65,1600,16.95,4800,0,70400
M&MFIN30Jan20320CE.NFO,07/01/2020,10:37:34,16.15,15.65,1600,17.05,4800,0,70400
M&MFIN30Jan20320CE.NFO,07/01/2020,10:37:42,16.15,15.65,1600,16.85,3200,0,70400
M&MFIN30Jan20320CE.NFO,07/01/2020,10:37:49,16.15,15.65,1600,16.9,1600,0,70400
M&MFIN30Jan20320CE.NFO,07/01/2020,10:37:52,16.15,15.65,1600,16.95,4800,0,70400
M&MFIN30Jan20320CE.NFO,07/01/2020,10:37:56,16.15,15.65,1600,17,1600,0,70400
M&MFIN30Jan20320CE.NFO,07/01/2020,10:38:00,16.15,15.7,1600,17.05,8000,0,70400
M&MFIN30Jan20320CE.NFO,07/01/2020,10:38:04,16.15,15.7,1600,17,4800,0,70400
M&MFIN30Jan20320CE.NFO,07/01/2020,10:38:08,16.15,15.7,1600,17.1,8000,0,70400
M&MFIN30Jan20320CE.NFO,07/01/2020,10:38:10,16.15,15.7,1600,16.9,1600,0,70400
M&MFIN30Jan20320CE.NFO,07/01/2020,10:38:13,16.15,15.7,1600,16.85,1600,0,70400
M&MFIN30Jan20320CE.NFO,07/01/2020,10:38:14,16.15,15.7,1600,17,4800,0,70400
M&MFIN30Jan20320CE.NFO,07/01/2020,10:38:15,16.15,15.7,1600,16.9,1600,0,70400
M&MFIN30Jan20320CE.NFO,07/01/2020,10:38:16,16.15,15.7,1600,16.85,1600,0,70400
M&MFIN30Jan20320CE.NFO,07/01/2020,10:38:17,16.15,15.7,1600,16.9,3200,0,70400
M&MFIN30Jan20320CE.NFO,07/01/2020,10:38:17,16.15,15.7,1600,16.85,1600,0,70400
M&MFIN30Jan20320CE.NFO,07/01/2020,10:38:19,16.15,15.7,1600,16.95,3200,0,70400
M&MFIN30Jan20320CE.NFO,07/01/2020,10:38:20,16.15,15.7,1600,16.95,1600,0,70400
M&MFIN30Jan20320CE.NFO,07/01/2020,10:38:20,16.15,15.7,1600,17.1,3200,0,70400
M&MFIN30Jan20320CE.NFO,07/01/2020,10:38:21,16.15,15.7,1600,17,4800,0,70400
M&MFIN30Jan20320CE.NFO,07/01/2020,10:38:23,16.15,15.7,1600,16.95,1600,0,70400
M&MFIN30Jan20320CE.NFO,07/01/2020,10:38:24,16.15,15.7,1600,17.2,9600,0,70400
M&MFIN30Jan20320CE.NFO,07/01/2020,10:38:25,16.15,15.7,1600,17.1,4800,0,70400
M&MFIN30Jan20320CE.NFO,07/01/2020,10:38:26,16.15,15.7,1600,17.2,9600,0,70400
M&MFIN30Jan20320CE.NFO,07/01/2020,10:38:27,16.15,15.7,1600,17.1,9600,0,70400
M&MFIN30Jan20320CE.NFO,07/01/2020,10:38:28,16.15,15.7,1600,17,1600,0,70400
M&MFIN30Jan20320CE.NFO,07/01/2020,10:38:30,16.15,15.8,1600,17.2,9600,0,70400
M&MFIN30Jan20320CE.NFO,07/01/2020,10:38:32,16.15,15.8,1600,17,1600,0,70400
M&MFIN30Jan20320CE.NFO,07/01/2020,10:38:32,16.15,15.75,3200,17,1600,0,70400
M&MFIN30Jan20320CE.NFO,07/01/2020,10:38:34,16.15,15.75,3200,17.2,4800,0,70400
M&MFIN30Jan20320CE.NFO,07/01/2020,10:38:35,16.15,15.75,3200,17.05,1600,0,70400
M&MFIN30Jan20320CE.NFO,07/01/2020,10:38:35,16.15,15.75,3200,17.2,9600,0,70400
M&MFIN30Jan20320CE.NFO,07/01/2020,10:38:36,16.15,15.75,3200,17.1,1600,0,70400
M&MFIN30Jan20320CE.NFO,07/01/2020,10:38:37,16.15,15.75,3200,17,1600,0,70400
M&MFIN30Jan20320CE.NFO,07/01/2020,10:38:39,16.15,15.75,3200,17.2,9600,0,70400
M&MFIN30Jan20320CE.NFO,07/01/2020,10:38:40,16.15,15.75,3200,17.1,1600,0,70400
M&MFIN30Jan20320CE.NFO,07/01/2020,10:38:41,16.15,15.75,3200,17.05,1600,0,70400
M&MFIN30Jan20320CE.NFO,07/01/2020,10:38:55,16.15,15.75,3200,17.25,8000,0,70400
M&MFIN30Jan20320CE.NFO,07/01/2020,10:38:56,16.15,15.75,3200,17.15,9600,0,70400
M&MFIN30Jan20320CE.NFO,07/01/2020,10:38:57,16.15,15.75,3200,17.05,1600,0,70400
M&MFIN30Jan20320CE.NFO,07/01/2020,10:38:59,16.15,15.75,3200,17.25,9600,0,70400
M&MFIN30Jan20320CE.NFO,07/01/2020,10:38:59,16.15,15.75,3200,17.15,9600,0,70400
M&MFIN30Jan20320CE.NFO,07/01/2020,10:39:01,16.15,15.75,3200,17,1600,0,70400
M&MFIN30Jan20320CE.NFO,07/01/2020,10:39:03,16.15,15.75,3200,17.1,1600,0,70400
M&MFIN30Jan20320CE.NFO,07/01/2020,10:39:04,16.15,15.75,3200,17.05,1600,0,70400
M&MFIN30Jan20320CE.NFO,07/01/2020,10:39:05,16.15,15.75,3200,17.2,4800,0,70400
M&MFIN30Jan20320CE.NFO,07/01/2020,10:39:05,16.15,15.75,3200,17.05,1600,0,70400
M&MFIN30Jan20320CE.NFO,07/01/2020,10:39:08,16.15,15.75,3200,17.1,1600,0,70400
M&MFIN30Jan20320CE.NFO,07/01/2020,10:39:10,16.15,15.7,1600,17,1600,0,70400
M&MFIN30Jan20320CE.NFO,07/01/2020,10:39:11,16.15,15.7,1600,17,3200,0,70400
M&MFIN30Jan20320CE.NFO,07/01/2020,10:39:12,16.15,15.65,3200,17,3200,0,70400
M&MFIN30Jan20320CE.NFO,07/01/2020,10:39:19,16.15,15.55,3200,16.75,1600,0,70400
M&MFIN30Jan20320CE.NFO,07/01/2020,10:39:20,16.15,15.55,3200,16.8,1600,0,70400
M&MFIN30Jan20320CE.NFO,07/01/2020,10:39:21,16.15,15.55,3200,17.15,11200,0,70400
M&MFIN30Jan20320CE.NFO,07/01/2020,10:39:22,16.15,15.55,3200,16.8,4800,0,70400
M&MFIN30Jan20320CE.NFO,07/01/2020,10:39:23,16.15,15.55,3200,16.75,1600,0,70400
M&MFIN30Jan20320CE.NFO,07/01/2020,10:39:24,16.15,15.55,3200,16.7,4800,0,70400
M&MFIN30Jan20320CE.NFO,07/01/2020,10:39:25,16.15,15.55,3200,16.95,9600,0,70400
M&MFIN30Jan20320CE.NFO,07/01/2020,10:39:26,16.15,15.55,3200,16.9,1600,0,70400
M&MFIN30Jan20320CE.NFO,07/01/2020,10:39:27,16.15,15.55,1600,17.15,19200,0,70400
M&MFIN30Jan20320CE.NFO,07/01/2020,10:39:28,16.15,15.55,1600,16.95,9600,0,70400
M&MFIN30Jan20320CE.NFO,07/01/2020,10:39:30,16.15,15.55,1600,16.75,8000,0,70400
M&MFIN30Jan20320CE.NFO,07/01/2020,10:39:31,16.15,15.55,1600,16.8,1600,0,70400
M&MFIN30Jan20320CE.NFO,07/01/2020,10:39:32,16.15,15.55,1600,17.05,9600,0,70400
M&MFIN30Jan20320CE.NFO,07/01/2020,10:39:33,16.15,15.55,1600,16.85,9600,0,70400
M&MFIN30Jan20320CE.NFO,07/01/2020,10:39:35,16.15,15.55,1600,16.85,1600,0,70400
M&MFIN30Jan20320CE.NFO,07/01/2020,10:39:35,16.15,15.55,1600,17.1,9600,0,70400
M&MFIN30Jan20320CE.NFO,07/01/2020,10:39:36,16.15,15.55,1600,17,9600,0,70400
M&MFIN30Jan20320CE.NFO,07/01/2020,10:39:37,16.15,15.55,1600,16.9,9600,0,70400
M&MFIN30Jan20320CE.NFO,07/01/2020,10:39:38,16.15,15.55,1600,16.8,8000,0,70400
M&MFIN30Jan20320CE.NFO,07/01/2020,10:39:39,16.15,15.55,1600,16.95,9600,0,70400
M&MFIN30Jan20320CE.NFO,07/01/2020,10:39:41,16.15,15.55,1600,16.85,9600,0,70400
M&MFIN30Jan20320CE.NFO,07/01/2020,10:39:42,16.15,15.55,1600,16.8,1600,0,70400
M&MFIN30Jan20320CE.NFO,07/01/2020,10:39:42,16.15,15.55,1600,16.65,1600,0,70400
M&MFIN30Jan20320CE.NFO,07/01/2020,10:39:44,16.15,15.55,1600,16.95,4800,0,70400
M&MFIN30Jan20320CE.NFO,07/01/2020,10:39:44,16.15,15.55,1600,16.85,9600,0,70400
M&MFIN30Jan20320CE.NFO,07/01/2020,10:39:45,16.15,15.55,1600,16.75,1600,0,70400
M&MFIN30Jan20320CE.NFO,07/01/2020,10:39:46,16.15,15.55,1600,16.7,1600,0,70400
M&MFIN30Jan20320CE.NFO,07/01/2020,10:39:47,16.15,15.55,1600,16.95,4800,0,70400
M&MFIN30Jan20320CE.NFO,07/01/2020,10:39:49,16.15,15.55,1600,16.75,1600,0,70400
M&MFIN30Jan20320CE.NFO,07/01/2020,10:39:49,16.15,15.55,1600,16.7,1600,0,70400
M&MFIN30Jan20320CE.NFO,07/01/2020,10:39:50,16.15,15.55,1600,16.85,9600,0,70400
M&MFIN30Jan20320CE.NFO,07/01/2020,10:39:51,16.15,15.55,1600,16.75,8000,0,70400
M&MFIN30Jan20320CE.NFO,07/01/2020,10:39:53,16.15,15.55,1600,16.7,1600,0,70400
M&MFIN30Jan20320CE.NFO,07/01/2020,10:39:53,16.15,15.55,1600,16.95,4800,0,70400
M&MFIN30Jan20320CE.NFO,07/01/2020,10:39:55,16.15,15.55,1600,16.75,1600,0,70400
M&MFIN30Jan20320CE.NFO,07/01/2020,10:39:56,16.15,15.55,1600,16.7,1600,0,70400
M&MFIN30Jan20320CE.NFO,07/01/2020,10:39:57,16.15,15.55,1600,17,9600,0,70400
M&MFIN30Jan20320CE.NFO,07/01/2020,10:39:57,16.15,15.55,1600,16.9,3200,0,70400
M&MFIN30Jan20320CE.NFO,07/01/2020,10:39:58,16.15,15.55,1600,16.8,3200,0,70400
M&MFIN30Jan20320CE.NFO,07/01/2020,10:40:00,16.15,15.55,1600,16.75,1600,0,70400
M&MFIN30Jan20320CE.NFO,07/01/2020,10:40:01,16.15,15.55,1600,16.9,4800,0,70400
M&MFIN30Jan20320CE.NFO,07/01/2020,10:40:02,16.15,15.5,3200,16.8,4800,0,70400
M&MFIN30Jan20320CE.NFO,07/01/2020,10:40:03,16.15,15.5,3200,16.75,1600,0,70400
M&MFIN30Jan20320CE.NFO,07/01/2020,10:40:05,16.15,15.55,1600,16.85,1600,0,70400
M&MFIN30Jan20320CE.NFO,07/01/2020,10:40:05,16.15,15.55,1600,17,9600,0,70400
M&MFIN30Jan20320CE.NFO,07/01/2020,10:40:07,16.15,15.55,1600,16.9,1600,0,70400
M&MFIN30Jan20320CE.NFO,07/01/2020,10:40:08,16.15,15.55,1600,17,4800,0,70400
M&MFIN30Jan20320CE.NFO,07/01/2020,10:40:09,16.15,15.5,3200,16.9,1600,0,70400
M&MFIN30Jan20320CE.NFO,07/01/2020,10:40:10,16.15,15.65,3200,17.15,1600,0,70400
M&MFIN30Jan20320CE.NFO,07/01/2020,10:40:12,16.15,15.65,3200,17,1600,0,70400
M&MFIN30Jan20320CE.NFO,07/01/2020,10:40:13,16.15,15.65,3200,17.2,9600,0,70400
M&MFIN30Jan20320CE.NFO,07/01/2020,10:40:16,16.15,15.65,3200,17.1,3200,0,70400
M&MFIN30Jan20320CE.NFO,07/01/2020,10:40:17,16.15,15.65,3200,17,1600,0,70400
M&MFIN30Jan20320CE.NFO,07/01/2020,10:40:18,16.15,15.7,1600,17.1,3200,0,70400
M&MFIN30Jan20320CE.NFO,07/01/2020,10:40:19,16.15,15.65,3200,17,1600,0,70400
M&MFIN30Jan20320CE.NFO,07/01/2020,10:40:19,16.15,15.7,1600,17,1600,0,70400
M&MFIN30Jan20320CE.NFO,07/01/2020,10:40:20,16.15,15.7,1600,17.2,4800,0,70400
M&MFIN30Jan20320CE.NFO,07/01/2020,10:40:21,16.15,15.7,1600,17,3200,0,70400
M&MFIN30Jan20320CE.NFO,07/01/2020,10:40:22,16.15,15.7,1600,16.95,1600,0,70400
M&MFIN30Jan20320CE.NFO,07/01/2020,10:40:23,16.15,15.7,1600,17.1,3200,0,70400
M&MFIN30Jan20320CE.NFO,07/01/2020,10:40:25,16.15,15.7,1600,16.95,1600,0,70400
M&MFIN30Jan20320CE.NFO,07/01/2020,10:40:26,16.15,15.7,1600,17.2,9600,0,70400
M&MFIN30Jan20320CE.NFO,07/01/2020,10:40:27,16.15,15.65,3200,17.1,9600,0,70400
M&MFIN30Jan20320CE.NFO,07/01/2020,10:40:27,16.15,15.65,3200,17.05,1600,0,70400
M&MFIN30Jan20320CE.NFO,07/01/2020,10:40:29,16.15,15.65,3200,17.2,4800,0,70400
M&MFIN30Jan20320CE.NFO,07/01/2020,10:40:30,16.15,15.65,3200,17.1,4800,0,70400
M&MFIN30Jan20320CE.NFO,07/01/2020,10:40:31,16.15,15.65,3200,17,1600,0,70400
M&MFIN30Jan20320CE.NFO,07/01/2020,10:40:31,16.15,15.65,3200,17.05,1600,0,70400
M&MFIN30Jan20320CE.NFO,07/01/2020,10:40:32,16.15,15.7,1600,17.1,1600,0,70400
M&MFIN30Jan20320CE.NFO,07/01/2020,10:40:34,16.15,15.65,3200,17.2,9600,0,70400
M&MFIN30Jan20320CE.NFO,07/01/2020,10:40:36,16.15,15.7,1600,17,4800,0,70400
M&MFIN30Jan20320CE.NFO,07/01/2020,10:40:37,16.15,15.7,1600,17.2,4800,0,70400
M&MFIN30Jan20320CE.NFO,07/01/2020,10:40:38,16.15,15.65,3200,16.95,1600,0,70400
M&MFIN30Jan20320CE.NFO,07/01/2020,10:40:40,16.15,15.65,3200,17.05,1600,0,70400
M&MFIN30Jan20320CE.NFO,07/01/2020,10:40:42,16.15,15.65,3200,17.35,11200,0,70400
M&MFIN30Jan20320CE.NFO,07/01/2020,10:40:43,16.15,15.65,3200,17,1600,0,70400
M&MFIN30Jan20320CE.NFO,07/01/2020,10:40:44,16.15,15.65,3200,16.95,1600,0,70400
M&MFIN30Jan20320CE.NFO,07/01/2020,10:40:45,16.15,15.65,3200,17.2,4800,0,70400
M&MFIN30Jan20320CE.NFO,07/01/2020,10:40:46,16.15,15.65,3200,17,1600,0,70400
M&MFIN30Jan20320CE.NFO,07/01/2020,10:40:47,16.15,15.65,3200,16.95,1600,0,70400
M&MFIN30Jan20320CE.NFO,07/01/2020,10:40:49,16.15,15.65,3200,17.1,9600,0,70400
M&MFIN30Jan20320CE.NFO,07/01/2020,10:40:50,16.15,15.65,3200,17,4800,0,70400
M&MFIN30Jan20320CE.NFO,07/01/2020,10:40:51,16.15,15.65,3200,16.95,1600,0,70400
M&MFIN30Jan20320CE.NFO,07/01/2020,10:40:52,16.15,15.65,3200,17.1,4800,0,70400
M&MFIN30Jan20320CE.NFO,07/01/2020,10:40:53,16.15,15.65,3200,17.2,4800,0,70400
M&MFIN30Jan20320CE.NFO,07/01/2020,10:40:54,16.15,15.65,3200,17.05,1600,0,70400
M&MFIN30Jan20320CE.NFO,07/01/2020,10:40:55,16.15,15.65,3200,17.2,9600,0,70400
M&MFIN30Jan20320CE.NFO,07/01/2020,10:40:57,16.15,15.65,3200,17,1600,0,70400
M&MFIN30Jan20320CE.NFO,07/01/2020,10:40:59,16.15,15.65,3200,16.95,1600,0,70400
M&MFIN30Jan20320CE.NFO,07/01/2020,10:41:00,16.15,15.75,3200,17.1,9600,0,70400
M&MFIN30Jan20320CE.NFO,07/01/2020,10:41:01,16.15,15.75,3200,17.05,1600,0,70400
M&MFIN30Jan20320CE.NFO,07/01/2020,10:41:02,16.15,15.75,3200,17.2,3200,0,70400
M&MFIN30Jan20320CE.NFO,07/01/2020,10:41:03,16.15,15.75,3200,17.05,1600,0,70400
M&MFIN30Jan20320CE.NFO,07/01/2020,10:41:03,16.15,15.75,3200,17.2,4800,0,70400
M&MFIN30Jan20320CE.NFO,07/01/2020,10:41:04,16.15,15.75,3200,17.15,1600,0,70400
M&MFIN30Jan20320CE.NFO,07/01/2020,10:41:06,16.15,15.75,3200,17.1,8000,0,70400
M&MFIN30Jan20320CE.NFO,07/01/2020,10:41:07,16.15,15.75,3200,17.05,1600,0,70400
M&MFIN30Jan20320CE.NFO,07/01/2020,10:41:08,16.15,15.75,3200,17.1,9600,0,70400
M&MFIN30Jan20320CE.NFO,07/01/2020,10:41:10,16.15,15.75,3200,17.1,3200,0,70400
M&MFIN30Jan20320CE.NFO,07/01/2020,10:41:10,16.15,15.75,3200,17.15,3200,0,70400
M&MFIN30Jan20320CE.NFO,07/01/2020,10:41:12,16.15,15.75,3200,17.1,1600,0,70400
M&MFIN30Jan20320CE.NFO,07/01/2020,10:41:12,16.15,15.75,3200,17.05,1600,0,70400
M&MFIN30Jan20320CE.NFO,07/01/2020,10:41:13,16.15,15.75,3200,17.2,4800,0,70400
M&MFIN30Jan20320CE.NFO,07/01/2020,10:41:14,16.15,15.75,3200,17.1,4800,0,70400
M&MFIN30Jan20320CE.NFO,07/01/2020,10:41:15,16.15,15.75,3200,17.2,9600,0,70400
M&MFIN30Jan20320CE.NFO,07/01/2020,10:41:17,16.15,15.75,3200,17.05,1600,0,70400
M&MFIN30Jan20320CE.NFO,07/01/2020,10:41:19,16.15,15.75,3200,17,1600,0,70400
M&MFIN30Jan20320CE.NFO,07/01/2020,10:41:20,16.15,15.75,3200,17.2,4800,0,70400
M&MFIN30Jan20320CE.NFO,07/01/2020,10:41:21,16.15,15.75,3200,17.1,3200,0,70400
M&MFIN30Jan20320CE.NFO,07/01/2020,10:41:22,16.15,15.75,3200,17.05,1600,0,70400
M&MFIN30Jan20320CE.NFO,07/01/2020,10:41:23,16.15,15.75,3200,17.2,3200,0,70400
M&MFIN30Jan20320CE.NFO,07/01/2020,10:41:24,16.15,15.85,3200,17.15,1600,0,70400
M&MFIN30Jan20320CE.NFO,07/01/2020,10:41:25,16.15,15.85,3200,17.3,4800,0,70400
M&MFIN30Jan20320CE.NFO,07/01/2020,10:41:27,16.15,15.9,1600,17.2,3200,0,70400
M&MFIN30Jan20320CE.NFO,07/01/2020,10:41:29,16.15,15.85,3200,17.15,1600,0,70400
M&MFIN30Jan20320CE.NFO,07/01/2020,10:41:30,16.15,15.85,3200,17.3,3200,0,70400
M&MFIN30Jan20320CE.NFO,07/01/2020,10:41:30,16.15,15.85,3200,17.2,3200,0,70400
M&MFIN30Jan20320CE.NFO,07/01/2020,10:41:31,16.15,15.85,3200,17.15,1600,0,70400
M&MFIN30Jan20320CE.NFO,07/01/2020,10:41:32,16.15,15.85,3200,17.3,4800,0,70400
M&MFIN30Jan20320CE.NFO,07/01/2020,10:41:33,16.15,15.85,3200,17.2,4800,0,70400
M&MFIN30Jan20320CE.NFO,07/01/2020,10:41:35,16.15,15.85,3200,17.3,4800,0,70400
M&MFIN30Jan20320CE.NFO,07/01/2020,10:41:37,16.15,15.85,3200,17.2,4800,0,70400
M&MFIN30Jan20320CE.NFO,07/01/2020,10:41:38,16.15,15.85,3200,17.3,4800,0,70400
M&MFIN30Jan20320CE.NFO,07/01/2020,10:41:38,16.15,15.85,3200,17.2,4800,0,70400
M&MFIN30Jan20320CE.NFO,07/01/2020,10:41:40,16.15,15.85,3200,17.15,1600,0,70400
M&MFIN30Jan20320CE.NFO,07/01/2020,10:41:41,16.15,15.85,3200,17.3,4800,0,70400
M&MFIN30Jan20320CE.NFO,07/01/2020,10:41:42,16.15,15.85,3200,17.2,4800,0,70400
M&MFIN30Jan20320CE.NFO,07/01/2020,10:41:43,16.15,15.85,3200,17.15,1600,0,70400
M&MFIN30Jan20320CE.NFO,07/01/2020,10:41:44,16.15,15.85,3200,17.3,3200,0,70400
M&MFIN30Jan20320CE.NFO,07/01/2020,10:41:44,16.15,15.85,3200,17.2,1600,0,70400
M&MFIN30Jan20320CE.NFO,07/01/2020,10:41:45,16.15,15.9,1600,17.15,1600,0,70400
M&MFIN30Jan20320CE.NFO,07/01/2020,10:41:46,16.15,15.9,1600,17.3,4800,0,70400
M&MFIN30Jan20320CE.NFO,07/01/2020,10:41:47,16.15,15.9,1600,17.2,4800,0,70400
M&MFIN30Jan20320CE.NFO,07/01/2020,10:41:49,16.15,15.85,3200,17.1,1600,0,70400
M&MFIN30Jan20320CE.NFO,07/01/2020,10:41:50,16.15,15.85,3200,17.2,1600,0,70400
M&MFIN30Jan20320CE.NFO,07/01/2020,10:41:51,16.15,15.85,3200,17.15,1600,0,70400
M&MFIN30Jan20320CE.NFO,07/01/2020,10:41:51,16.15,15.85,3200,17.25,3200,0,70400
M&MFIN30Jan20320CE.NFO,07/01/2020,10:41:52,16.15,15.85,3200,17.15,3200,0,70400
M&MFIN30Jan20320CE.NFO,07/01/2020,10:41:53,16.15,15.85,3200,17.1,1600,0,70400
M&MFIN30Jan20320CE.NFO,07/01/2020,10:41:54,16.15,15.85,3200,17.25,3200,0,70400
M&MFIN30Jan20320CE.NFO,07/01/2020,10:41:56,16.15,15.85,3200,17.15,3200,0,70400
M&MFIN30Jan20320CE.NFO,07/01/2020,10:41:57,16.15,15.85,3200,17.25,1600,0,70400
M&MFIN30Jan20320CE.NFO,07/01/2020,10:41:59,16.15,15.85,3200,17.45,11200,0,70400
M&MFIN30Jan20320CE.NFO,07/01/2020,10:42:00,16.15,15.85,3200,17.35,4800,0,70400
M&MFIN30Jan20320CE.NFO,07/01/2020,10:42:01,16.15,15.85,3200,17.25,4800,0,70400
M&MFIN30Jan20320CE.NFO,07/01/2020,10:42:02,16.15,15.85,3200,17.1,1600,0,70400
M&MFIN30Jan20320CE.NFO,07/01/2020,10:42:04,16.15,15.85,3200,17.3,4800,0,70400
M&MFIN30Jan20320CE.NFO,07/01/2020,10:42:05,16.15,15.85,3200,17.2,4800,0,70400
M&MFIN30Jan20320CE.NFO,07/01/2020,10:42:05,16.15,15.85,3200,17.15,1600,0,70400
M&MFIN30Jan20320CE.NFO,07/01/2020,10:42:06,16.15,15.85,3200,17.4,8000,0,70400
M&MFIN30Jan20320CE.NFO,07/01/2020,10:42:07,16.15,15.85,3200,17.3,4800,0,70400
M&MFIN30Jan20320CE.NFO,07/01/2020,10:42:09,16.15,15.9,1600,17.2,4800,0,70400
M&MFIN30Jan20320CE.NFO,07/01/2020,10:42:10,16.15,15.9,1600,17.15,1600,0,70400
M&MFIN30Jan20320CE.NFO,07/01/2020,10:42:11,16.15,15.9,1600,17.25,4800,0,70400
M&MFIN30Jan20320CE.NFO,07/01/2020,10:42:15,16.15,15.9,1600,17,1600,0,70400
M&MFIN30Jan20320CE.NFO,07/01/2020,10:42:18,16.15,15.9,1600,17.15,1600,0,70400
M&MFIN30Jan20320CE.NFO,07/01/2020,10:42:20,16.15,15.9,1600,17.2,3200,0,70400
M&MFIN30Jan20320CE.NFO,07/01/2020,10:42:22,16.15,15.9,1600,17.15,1600,0,70400
M&MFIN30Jan20320CE.NFO,07/01/2020,10:42:28,16.15,15.9,1600,17.25,1600,0,70400
M&MFIN30Jan20320CE.NFO,07/01/2020,10:42:40,16.15,15.85,3200,17.25,1600,0,70400
M&MFIN30Jan20320CE.NFO,07/01/2020,10:42:43,16.15,15.9,1600,17.25,1600,0,70400
M&MFIN30Jan20320CE.NFO,07/01/2020,10:42:51,16.15,15.85,3200,17.25,1600,0,70400
M&MFIN30Jan20320CE.NFO,07/01/2020,10:43:21,16.15,15.85,3200,17.1,4800,0,70400
M&MFIN30Jan20320CE.NFO,07/01/2020,10:43:24,16.15,15.7,1600,16.95,3200,0,70400
M&MFIN30Jan20320CE.NFO,07/01/2020,10:43:32,16.15,15.7,1600,17,4800,0,70400
M&MFIN30Jan20320CE.NFO,07/01/2020,10:43:35,16.15,15.7,1600,16.85,1600,0,70400
M&MFIN30Jan20320CE.NFO,07/01/2020,10:43:38,16.15,15.6,3200,17.05,1600,0,70400
M&MFIN30Jan20320CE.NFO,07/01/2020,10:43:47,16.15,15.6,3200,16.95,3200,0,70400
M&MFIN30Jan20320CE.NFO,07/01/2020,10:43:51,16.15,15.65,1600,17.1,4800,0,70400
M&MFIN30Jan20320CE.NFO,07/01/2020,10:43:54,16.15,15.65,1600,17,1600,0,70400
M&MFIN30Jan20320CE.NFO,07/01/2020,10:43:58,16.15,15.65,1600,17.1,4800,0,70400
M&MFIN30Jan20320CE.NFO,07/01/2020,10:44:05,16.15,15.6,3200,17,3200,0,70400
M&MFIN30Jan20320CE.NFO,07/01/2020,10:44:44,16.15,15.6,3200,17.2,16000,0,70400
M&MFIN30Jan20320CE.NFO,07/01/2020,10:44:46,16.15,15.65,1600,16.95,1600,0,70400
M&MFIN30Jan20320CE.NFO,07/01/2020,10:44:48,16.15,15.65,1600,17.1,9600,0,70400
M&MFIN30Jan20320CE.NFO,07/01/2020,10:44:50,16.15,15.65,1600,17.3,16000,0,70400
M&MFIN30Jan20320CE.NFO,07/01/2020,10:44:52,16.15,15.65,1600,17.1,9600,0,70400
M&MFIN30Jan20320CE.NFO,07/01/2020,10:44:53,16.15,15.65,1600,16.95,1600,0,70400
M&MFIN30Jan20320CE.NFO,07/01/2020,10:44:55,16.15,15.65,1600,17.1,9600,0,70400
M&MFIN30Jan20320CE.NFO,07/01/2020,10:44:58,16.15,15.65,1600,16.95,1600,0,70400
M&MFIN30Jan20320CE.NFO,07/01/2020,10:45:03,16.15,15.6,3200,17,9600,0,70400
M&MFIN30Jan20320CE.NFO,07/01/2020,10:45:07,16.15,15.6,3200,16.9,1600,0,70400
M&MFIN30Jan20320CE.NFO,07/01/2020,10:45:11,16.15,15.6,3200,17,1600,0,70400
M&MFIN30Jan20320CE.NFO,07/01/2020,10:45:12,16.15,15.6,3200,16.95,1600,0,70400
M&MFIN30Jan20320CE.NFO,07/01/2020,10:45:13,16.15,15.6,3200,17.05,4800,0,70400
M&MFIN30Jan20320CE.NFO,07/01/2020,10:45:18,16.15,15.6,3200,17,1600,0,70400
M&MFIN30Jan20320CE.NFO,07/01/2020,10:45:19,16.15,15.6,3200,17.2,8000,0,70400
M&MFIN30Jan20320CE.NFO,07/01/2020,10:45:21,16.15,15.6,3200,17.1,9600,0,70400
M&MFIN30Jan20320CE.NFO,07/01/2020,10:45:22,16.15,15.6,3200,17.05,1600,0,70400
M&MFIN30Jan20320CE.NFO,07/01/2020,10:45:23,16.15,15.6,3200,17.2,9600,0,70400
M&MFIN30Jan20320CE.NFO,07/01/2020,10:45:23,16.15,15.6,3200,17.1,9600,0,70400
M&MFIN30Jan20320CE.NFO,07/01/2020,10:45:24,16.15,15.6,3200,17.05,1600,0,70400
M&MFIN30Jan20320CE.NFO,07/01/2020,10:45:26,16.15,15.6,3200,17,1600,0,70400
M&MFIN30Jan20320CE.NFO,07/01/2020,10:45:27,16.15,15.6,3200,17.05,4800,0,70400
M&MFIN30Jan20320CE.NFO,07/01/2020,10:45:27,16.15,15.6,3200,17,1600,0,70400
M&MFIN30Jan20320CE.NFO,07/01/2020,10:45:30,16.15,15.6,3200,17.05,6400,0,70400
M&MFIN30Jan20320CE.NFO,07/01/2020,10:45:30,16.15,15.6,3200,17,1600,0,70400
M&MFIN30Jan20320CE.NFO,07/01/2020,10:45:31,16.15,15.6,3200,17.05,4800,0,70400
M&MFIN30Jan20320CE.NFO,07/01/2020,10:45:32,16.15,15.6,3200,17,1600,0,70400
M&MFIN30Jan20320CE.NFO,07/01/2020,10:45:33,16.15,15.6,3200,17.2,9600,0,70400
M&MFIN30Jan20320CE.NFO,07/01/2020,10:45:35,16.15,15.6,3200,17.1,9600,0,70400
M&MFIN30Jan20320CE.NFO,07/01/2020,10:45:36,16.15,15.6,3200,17.05,1600,0,70400
M&MFIN30Jan20320CE.NFO,07/01/2020,10:45:36,16.15,15.6,3200,17,4800,0,70400
M&MFIN30Jan20320CE.NFO,07/01/2020,10:45:38,16.15,15.6,3200,16.95,1600,0,70400
M&MFIN30Jan20320CE.NFO,07/01/2020,10:45:38,16.15,15.6,3200,17.2,9600,0,70400
M&MFIN30Jan20320CE.NFO,07/01/2020,10:45:39,16.15,15.6,3200,17.1,9600,0,70400
M&MFIN30Jan20320CE.NFO,07/01/2020,10:45:40,16.15,15.6,3200,17.05,1600,0,70400
M&MFIN30Jan20320CE.NFO,07/01/2020,10:45:41,16.15,15.6,3200,17.1,4800,0,70400
M&MFIN30Jan20320CE.NFO,07/01/2020,10:45:42,16.15,15.6,3200,17.05,1600,0,70400
M&MFIN30Jan20320CE.NFO,07/01/2020,10:45:43,16.15,15.6,3200,16.95,1600,0,70400
M&MFIN30Jan20320CE.NFO,07/01/2020,10:45:45,16.15,15.6,3200,17.05,4800,0,70400
M&MFIN30Jan20320CE.NFO,07/01/2020,10:45:46,16.15,15.6,3200,17.05,1600,0,70400
M&MFIN30Jan20320CE.NFO,07/01/2020,10:45:47,16.15,15.6,3200,17.1,8000,0,70400
M&MFIN30Jan20320CE.NFO,07/01/2020,10:45:48,16.15,15.6,3200,17.05,1600,0,70400
M&MFIN30Jan20320CE.NFO,07/01/2020,10:45:49,16.15,15.6,3200,17.15,4800,0,70400
M&MFIN30Jan20320CE.NFO,07/01/2020,10:45:50,16.15,15.6,3200,17,1600,0,70400
M&MFIN30Jan20320CE.NFO,07/01/2020,10:45:51,16.15,15.6,3200,17.05,4800,0,70400
M&MFIN30Jan20320CE.NFO,07/01/2020,10:45:52,16.15,15.6,3200,17,1600,0,70400
M&MFIN30Jan20320CE.NFO,07/01/2020,10:45:54,16.15,15.6,3200,17,4800,0,70400
M&MFIN30Jan20320CE.NFO,07/01/2020,10:45:55,16.15,15.6,3200,16.95,1600,0,70400
M&MFIN30Jan20320CE.NFO,07/01/2020,10:45:55,16.15,15.6,3200,17.1,3200,0,70400
M&MFIN30Jan20320CE.NFO,07/01/2020,10:45:56,16.15,15.65,3200,17.05,4800,0,70400
M&MFIN30Jan20320CE.NFO,07/01/2020,10:45:58,16.15,15.65,3200,17,1600,0,70400
M&MFIN30Jan20320CE.NFO,07/01/2020,10:45:58,16.15,15.65,3200,17.2,9600,0,70400
M&MFIN30Jan20320CE.NFO,07/01/2020,10:45:59,16.15,15.65,3200,17.1,9600,0,70400
M&MFIN30Jan20320CE.NFO,07/01/2020,10:46:01,16.15,15.65,3200,17,4800,0,70400
M&MFIN30Jan20320CE.NFO,07/01/2020,10:46:02,16.15,15.65,3200,16.95,1600,0,70400
M&MFIN30Jan20320CE.NFO,07/01/2020,10:46:02,16.15,15.65,3200,17.2,9600,0,70400
M&MFIN30Jan20320CE.NFO,07/01/2020,10:46:03,16.15,15.65,3200,17.1,9600,0,70400
M&MFIN30Jan20320CE.NFO,07/01/2020,10:46:04,16.15,15.65,3200,17,8000,0,70400
M&MFIN30Jan20320CE.NFO,07/01/2020,10:46:06,16.15,15.65,3200,17.2,9600,0,70400
M&MFIN30Jan20320CE.NFO,07/01/2020,10:46:06,16.15,15.65,3200,17.2,16000,0,70400
M&MFIN30Jan20320CE.NFO,07/01/2020,10:46:07,16.15,15.65,3200,17,16000,0,70400
M&MFIN30Jan20320CE.NFO,07/01/2020,10:46:09,16.15,15.65,3200,16.9,4800,0,70400
M&MFIN30Jan20320CE.NFO,07/01/2020,10:46:10,16.15,15.65,3200,16.8,1600,0,70400
M&MFIN30Jan20320CE.NFO,07/01/2020,10:46:11,16.15,15.65,3200,16.8,3200,0,70400
M&MFIN30Jan20320CE.NFO,07/01/2020,10:46:13,16.15,15.65,3200,16.75,1600,0,70400
M&MFIN30Jan20320CE.NFO,07/01/2020,10:46:14,16.15,15.65,3200,17.1,17600,0,70400
M&MFIN30Jan20320CE.NFO,07/01/2020,10:46:15,16.15,15.65,3200,17,16000,0,70400
M&MFIN30Jan20320CE.NFO,07/01/2020,10:46:16,16.15,15.65,3200,16.9,6400,0,70400
M&MFIN30Jan20320CE.NFO,07/01/2020,10:46:17,16.15,15.65,3200,16.8,1600,0,70400
M&MFIN30Jan20320CE.NFO,07/01/2020,10:46:18,16.15,15.65,3200,16.75,1600,0,70400
M&MFIN30Jan20320CE.NFO,07/01/2020,10:46:19,16.15,15.65,3200,17.1,19200,0,70400
M&MFIN30Jan20320CE.NFO,07/01/2020,10:46:20,16.15,15.65,3200,17,17600,0,70400
M&MFIN30Jan20320CE.NFO,07/01/2020,10:46:21,16.15,15.65,3200,16.9,6400,0,70400
M&MFIN30Jan20320CE.NFO,07/01/2020,10:46:22,16.15,15.65,3200,16.8,1600,0,70400
M&MFIN30Jan20320CE.NFO,07/01/2020,10:46:24,16.15,15.65,3200,16.75,1600,0,70400
M&MFIN30Jan20320CE.NFO,07/01/2020,10:46:25,16.15,15.65,3200,17.1,19200,0,70400
M&MFIN30Jan20320CE.NFO,07/01/2020,10:46:26,16.15,15.65,3200,17,17600,0,70400
M&MFIN30Jan20320CE.NFO,07/01/2020,10:46:27,16.15,15.65,3200,16.9,14400,0,70400
M&MFIN30Jan20320CE.NFO,07/01/2020,10:46:28,16.15,15.65,3200,16.8,1600,0,70400
M&MFIN30Jan20320CE.NFO,07/01/2020,10:46:29,16.15,15.65,3200,16.75,1600,0,70400
M&MFIN30Jan20320CE.NFO,07/01/2020,10:46:29,16.15,15.65,3200,17.15,17600,0,70400
M&MFIN30Jan20320CE.NFO,07/01/2020,10:46:30,16.15,15.65,3200,16.85,3200,0,70400
M&MFIN30Jan20320CE.NFO,07/01/2020,10:46:32,16.15,15.65,3200,16.8,1600,0,70400
M&MFIN30Jan20320CE.NFO,07/01/2020,10:46:33,16.15,15.65,3200,17.05,3200,0,70400
M&MFIN30Jan20320CE.NFO,07/01/2020,10:46:34,16.15,15.7,1600,17,6400,0,70400
M&MFIN30Jan20320CE.NFO,07/01/2020,10:46:35,16.15,15.7,1600,16.95,1600,0,70400
M&MFIN30Jan20320CE.NFO,07/01/2020,10:46:37,16.15,15.7,1600,17.25,4800,0,70400
M&MFIN30Jan20320CE.NFO,07/01/2020,10:46:38,16.15,15.7,1600,17.05,6400,0,70400
M&MFIN30Jan20320CE.NFO,07/01/2020,10:46:39,16.15,15.7,1600,17,1600,0,70400
M&MFIN30Jan20320CE.NFO,07/01/2020,10:46:40,16.15,15.7,1600,17.2,9600,0,70400
M&MFIN30Jan20320CE.NFO,07/01/2020,10:46:41,16.15,15.7,1600,17.1,8000,0,70400
M&MFIN30Jan20320CE.NFO,07/01/2020,10:46:43,16.15,15.7,1600,17.05,1600,0,70400
M&MFIN30Jan20320CE.NFO,07/01/2020,10:46:44,16.15,15.75,1600,17.1,1600,0,70400
M&MFIN30Jan20320CE.NFO,07/01/2020,10:46:44,16.15,15.75,3200,17.2,6400,0,70400
M&MFIN30Jan20320CE.NFO,07/01/2020,10:46:46,16.15,15.75,3200,17.15,1600,0,70400
M&MFIN30Jan20320CE.NFO,07/01/2020,10:46:47,16.15,15.75,3200,17.2,6400,0,70400
M&MFIN30Jan20320CE.NFO,07/01/2020,10:46:48,16.15,15.75,3200,17.15,1600,0,70400
M&MFIN30Jan20320CE.NFO,07/01/2020,10:46:49,16.15,15.75,3200,17.25,1600,0,70400
M&MFIN30Jan20320CE.NFO,07/01/2020,10:46:50,16.15,15.75,3200,17.2,1600,0,70400
M&MFIN30Jan20320CE.NFO,07/01/2020,10:46:51,16.15,15.75,3200,17.15,1600,0,70400
M&MFIN30Jan20320CE.NFO,07/01/2020,10:46:56,16.15,15.8,1600,17.15,1600,0,70400
M&MFIN30Jan20320CE.NFO,07/01/2020,10:46:58,16.15,15.8,1600,17.2,8000,0,70400
M&MFIN30Jan20320CE.NFO,07/01/2020,10:47:01,16.15,15.8,1600,17,1600,0,70400
M&MFIN30Jan20320CE.NFO,07/01/2020,10:47:03,16.15,15.8,1600,17.2,8000,0,70400
M&MFIN30Jan20320CE.NFO,07/01/2020,10:47:03,16.15,15.8,1600,17.15,1600,0,70400
M&MFIN30Jan20320CE.NFO,07/01/2020,10:47:04,16.15,15.8,1600,17.2,8000,0,70400
M&MFIN30Jan20320CE.NFO,07/01/2020,10:47:06,16.15,15.8,1600,17.3,12800,0,70400
M&MFIN30Jan20320CE.NFO,07/01/2020,10:47:07,16.15,15.8,1600,17.2,8000,0,70400
M&MFIN30Jan20320CE.NFO,07/01/2020,10:47:08,16.15,15.8,1600,17.15,1600,0,70400
M&MFIN30Jan20320CE.NFO,07/01/2020,10:47:08,16.15,15.8,1600,17.05,1600,0,70400
M&MFIN30Jan20320CE.NFO,07/01/2020,10:47:09,16.15,15.8,1600,17,1600,0,70400
M&MFIN30Jan20320CE.NFO,07/01/2020,10:47:11,16.15,15.8,1600,17.25,1600,0,70400
M&MFIN30Jan20320CE.NFO,07/01/2020,10:47:13,16.15,15.8,1600,17.05,1600,0,70400
M&MFIN30Jan20320CE.NFO,07/01/2020,10:47:14,16.15,15.8,1600,17.2,8000,0,70400
M&MFIN30Jan20320CE.NFO,07/01/2020,10:47:16,16.15,15.75,1600,17.2,1600,0,70400
M&MFIN30Jan20320CE.NFO,07/01/2020,10:47:17,16.15,15.75,3200,17.2,1600,0,70400
M&MFIN30Jan20320CE.NFO,07/01/2020,10:47:18,16.15,15.75,3200,17.15,1600,0,70400
M&MFIN30Jan20320CE.NFO,07/01/2020,10:47:20,16.15,15.75,3200,17.25,1600,0,70400
M&MFIN30Jan20320CE.NFO,07/01/2020,10:47:22,16.15,15.75,3200,17.15,1600,0,70400
M&MFIN30Jan20320CE.NFO,07/01/2020,10:47:23,16.15,15.75,3200,17.1,1600,0,70400
M&MFIN30Jan20320CE.NFO,07/01/2020,10:47:24,16.15,15.75,3200,17.2,1600,0,70400
M&MFIN30Jan20320CE.NFO,07/01/2020,10:47:25,16.15,15.75,3200,17.15,1600,0,70400
M&MFIN30Jan20320CE.NFO,07/01/2020,10:47:26,16.15,15.75,3200,17.25,1600,0,70400
M&MFIN30Jan20320CE.NFO,07/01/2020,10:47:32,16.15,15.75,3200,17.1,1600,0,70400
M&MFIN30Jan20320CE.NFO,07/01/2020,10:47:33,16.15,15.75,3200,17.15,3200,0,70400
M&MFIN30Jan20320CE.NFO,07/01/2020,10:47:33,16.15,15.75,3200,17.1,1600,0,70400
M&MFIN30Jan20320CE.NFO,07/01/2020,10:47:34,16.15,15.75,3200,17.2,1600,0,70400
M&MFIN30Jan20320CE.NFO,07/01/2020,10:47:36,16.15,15.75,3200,17.15,1600,0,70400
M&MFIN30Jan20320CE.NFO,07/01/2020,10:47:37,16.15,15.75,3200,17.05,1600,0,70400
M&MFIN30Jan20320CE.NFO,07/01/2020,10:47:38,16.15,15.75,3200,17.25,1600,0,70400
M&MFIN30Jan20320CE.NFO,07/01/2020,10:47:39,16.15,15.75,3200,17.1,1600,0,70400
M&MFIN30Jan20320CE.NFO,07/01/2020,10:47:40,16.15,15.75,3200,17.2,3200,0,70400
M&MFIN30Jan20320CE.NFO,07/01/2020,10:47:41,16.15,15.75,3200,17.05,1600,0,70400
M&MFIN30Jan20320CE.NFO,07/01/2020,10:47:42,16.15,15.75,3200,17.2,9600,0,70400
M&MFIN30Jan20320CE.NFO,07/01/2020,10:47:42,16.15,15.75,3200,17.1,4800,0,70400
M&MFIN30Jan20320CE.NFO,07/01/2020,10:47:43,16.15,15.75,3200,17.05,1600,0,70400
M&MFIN30Jan20320CE.NFO,07/01/2020,10:47:44,16.15,15.75,3200,17.1,1600,0,70400
M&MFIN30Jan20320CE.NFO,07/01/2020,10:47:46,16.15,15.75,3200,17.05,1600,0,70400
M&MFIN30Jan20320CE.NFO,07/01/2020,10:47:47,16.15,15.75,3200,17.1,4800,0,70400
M&MFIN30Jan20320CE.NFO,07/01/2020,10:47:48,16.15,15.75,3200,17.05,1600,0,70400
M&MFIN30Jan20320CE.NFO,07/01/2020,10:47:49,16.15,15.75,3200,17.1,8000,0,70400
M&MFIN30Jan20320CE.NFO,07/01/2020,10:47:50,16.15,15.75,3200,17.05,1600,0,70400
M&MFIN30Jan20320CE.NFO,07/01/2020,10:47:51,16.15,15.75,3200,17.2,3200,0,70400
M&MFIN30Jan20320CE.NFO,07/01/2020,10:47:52,16.15,15.75,3200,17.05,1600,0,70400
M&MFIN30Jan20320CE.NFO,07/01/2020,10:47:53,16.15,15.75,3200,17.1,4800,0,70400
M&MFIN30Jan20320CE.NFO,07/01/2020,10:47:53,16.15,15.75,1600,17.2,4800,0,70400
M&MFIN30Jan20320CE.NFO,07/01/2020,10:47:54,16.15,15.7,3200,16.95,1600,0,70400
M&MFIN30Jan20320CE.NFO,07/01/2020,10:47:55,16.15,15.7,3200,17.2,4800,0,70400
M&MFIN30Jan20320CE.NFO,07/01/2020,10:47:56,16.15,15.7,3200,17.1,9600,0,70400
M&MFIN30Jan20320CE.NFO,07/01/2020,10:47:57,16.15,15.7,3200,17,4800,0,70400
M&MFIN30Jan20320CE.NFO,07/01/2020,10:47:58,16.15,15.7,3200,16.95,1600,0,70400
M&MFIN30Jan20320CE.NFO,07/01/2020,10:47:59,16.15,15.7,3200,16.9,4800,0,70400
M&MFIN30Jan20320CE.NFO,07/01/2020,10:48:00,16.15,15.7,3200,17,3200,0,70400
M&MFIN30Jan20320CE.NFO,07/01/2020,10:48:02,16.15,15.7,3200,17.15,4800,0,70400
M&MFIN30Jan20320CE.NFO,07/01/2020,10:48:02,16.15,15.7,3200,16.85,4800,0,70400
M&MFIN30Jan20320CE.NFO,07/01/2020,10:48:04,16.15,15.7,3200,17.25,4800,0,70400
M&MFIN30Jan20320CE.NFO,07/01/2020,10:48:05,16.15,15.75,1600,16.9,1600,0,70400
M&MFIN30Jan20320CE.NFO,07/01/2020,10:48:06,16.15,15.75,3200,17.2,3200,0,70400
M&MFIN30Jan20320CE.NFO,07/01/2020,10:48:07,16.15,15.75,3200,17.1,1600,0,70400
M&MFIN30Jan20320CE.NFO,07/01/2020,10:48:08,16.15,15.8,1600,17.2,1600,0,70400
M&MFIN30Jan20320CE.NFO,07/01/2020,10:48:08,16.15,15.8,1600,17.1,3200,0,70400
M&MFIN30Jan20320CE.NFO,07/01/2020,10:48:10,16.15,15.8,1600,17.05,1600,0,70400
M&MFIN30Jan20320CE.NFO,07/01/2020,10:48:10,16.15,15.8,1600,17.3,12800,0,70400
M&MFIN30Jan20320CE.NFO,07/01/2020,10:48:12,16.15,15.8,1600,17.2,9600,0,70400
M&MFIN30Jan20320CE.NFO,07/01/2020,10:48:13,16.15,15.8,1600,17.05,1600,0,70400
M&MFIN30Jan20320CE.NFO,07/01/2020,10:48:14,16.15,15.8,1600,17.2,9600,0,70400
M&MFIN30Jan20320CE.NFO,07/01/2020,10:48:16,16.15,15.8,1600,17.1,9600,0,70400
M&MFIN30Jan20320CE.NFO,07/01/2020,10:48:17,16.15,15.8,1600,16.95,1600,0,70400
M&MFIN30Jan20320CE.NFO,07/01/2020,10:48:18,16.15,15.8,1600,17.2,4800,0,70400
M&MFIN30Jan20320CE.NFO,07/01/2020,10:48:18,16.15,15.8,1600,17.1,4800,0,70400
M&MFIN30Jan20320CE.NFO,07/01/2020,10:48:19,16.15,15.8,1600,17,4800,0,70400
M&MFIN30Jan20320CE.NFO,07/01/2020,10:48:20,16.15,15.8,1600,17.05,1600,0,70400
M&MFIN30Jan20320CE.NFO,07/01/2020,10:48:22,16.15,15.8,1600,17.2,9600,0,70400
M&MFIN30Jan20320CE.NFO,07/01/2020,10:48:23,16.15,15.8,1600,17.05,1600,0,70400
M&MFIN30Jan20320CE.NFO,07/01/2020,10:48:24,16.15,15.8,1600,17.2,4800,0,70400
M&MFIN30Jan20320CE.NFO,07/01/2020,10:48:25,16.15,15.8,1600,17.05,1600,0,70400
M&MFIN30Jan20320CE.NFO,07/01/2020,10:48:26,16.15,15.8,1600,17.1,4800,0,70400
M&MFIN30Jan20320CE.NFO,07/01/2020,10:48:26,16.15,15.8,1600,17,3200,0,70400
M&MFIN30Jan20320CE.NFO,07/01/2020,10:48:27,16.15,15.8,1600,17,4800,0,70400
M&MFIN30Jan20320CE.NFO,07/01/2020,10:48:29,16.15,15.8,1600,17.2,4800,0,70400
M&MFIN30Jan20320CE.NFO,07/01/2020,10:48:30,16.15,15.8,1600,17.1,4800,0,70400
M&MFIN30Jan20320CE.NFO,07/01/2020,10:48:31,16.15,15.8,1600,17,1600,0,70400
M&MFIN30Jan20320CE.NFO,07/01/2020,10:48:32,16.15,15.8,1600,16.95,1600,0,70400
M&MFIN30Jan20320CE.NFO,07/01/2020,10:48:33,16.15,15.8,1600,17.2,4800,0,70400
M&MFIN30Jan20320CE.NFO,07/01/2020,10:48:34,16.15,15.8,1600,17,1600,0,70400
M&MFIN30Jan20320CE.NFO,07/01/2020,10:48:35,16.15,15.75,1600,17.2,4800,0,70400
M&MFIN30Jan20320CE.NFO,07/01/2020,10:48:36,16.15,15.75,1600,17,9600,0,70400
M&MFIN30Jan20320CE.NFO,07/01/2020,10:48:37,16.15,15.75,1600,16.9,4800,0,70400
M&MFIN30Jan20320CE.NFO,07/01/2020,10:48:38,16.15,15.75,1600,16.95,1600,0,70400
M&MFIN30Jan20320CE.NFO,07/01/2020,10:48:39,16.15,15.75,1600,17.3,22400,0,70400
M&MFIN30Jan20320CE.NFO,07/01/2020,10:48:40,16.15,15.75,1600,17.1,9600,0,70400
M&MFIN30Jan20320CE.NFO,07/01/2020,10:48:41,16.15,15.75,1600,17,9600,0,70400
M&MFIN30Jan20320CE.NFO,07/01/2020,10:48:42,16.15,15.75,1600,16.95,1600,0,70400
M&MFIN30Jan20320CE.NFO,07/01/2020,10:48:43,16.15,15.75,1600,17.2,8000,0,70400
M&MFIN30Jan20320CE.NFO,07/01/2020,10:48:44,16.15,15.75,1600,17.1,4800,0,70400
M&MFIN30Jan20320CE.NFO,07/01/2020,10:48:45,16.15,15.75,1600,16.95,1600,0,70400
M&MFIN30Jan20320CE.NFO,07/01/2020,10:48:46,16.15,15.75,1600,17.2,9600,0,70400
M&MFIN30Jan20320CE.NFO,07/01/2020,10:48:47,16.15,15.75,1600,17.1,9600,0,70400
M&MFIN30Jan20320CE.NFO,07/01/2020,10:48:49,16.15,15.75,1600,17,8000,0,70400
M&MFIN30Jan20320CE.NFO,07/01/2020,10:48:50,16.15,15.75,1600,16.95,1600,0,70400
M&MFIN30Jan20320CE.NFO,07/01/2020,10:48:51,16.15,15.75,1600,17.1,9600,0,70400
M&MFIN30Jan20320CE.NFO,07/01/2020,10:48:53,16.15,15.75,1600,16.9,4800,0,70400
M&MFIN30Jan20320CE.NFO,07/01/2020,10:48:54,16.15,15.75,1600,17.2,4800,0,70400
M&MFIN30Jan20320CE.NFO,07/01/2020,10:48:55,16.15,15.75,1600,17.1,4800,0,70400
M&MFIN30Jan20320CE.NFO,07/01/2020,10:48:56,16.15,15.75,1600,17,4800,0,70400
M&MFIN30Jan20320CE.NFO,07/01/2020,10:48:57,16.15,15.75,1600,16.95,1600,0,70400
M&MFIN30Jan20320CE.NFO,07/01/2020,10:48:58,16.15,15.75,1600,17.2,9600,0,70400
M&MFIN30Jan20320CE.NFO,07/01/2020,10:48:59,16.15,15.75,1600,17.1,9600,0,70400
M&MFIN30Jan20320CE.NFO,07/01/2020,10:49:00,16.15,15.75,1600,17,8000,0,70400
M&MFIN30Jan20320CE.NFO,07/01/2020,10:49:00,16.15,15.75,1600,16.95,1600,0,70400
M&MFIN30Jan20320CE.NFO,07/01/2020,10:49:01,16.15,15.75,1600,16.85,1600,0,70400
M&MFIN30Jan20320CE.NFO,07/01/2020,10:49:02,16.15,15.75,1600,17.2,22400,0,70400
M&MFIN30Jan20320CE.NFO,07/01/2020,10:49:04,16.15,15.75,1600,16.85,1600,0,70400
M&MFIN30Jan20320CE.NFO,07/01/2020,10:49:05,16.15,15.75,1600,17.2,4800,0,70400
M&MFIN30Jan20320CE.NFO,07/01/2020,10:49:06,16.15,15.75,1600,16.95,1600,0,70400
M&MFIN30Jan20320CE.NFO,07/01/2020,10:49:07,16.15,15.75,1600,16.9,1600,0,70400
M&MFIN30Jan20320CE.NFO,07/01/2020,10:49:08,16.15,15.75,1600,17.2,9600,0,70400
