Ticker,Date,Time,LTP,BuyPrice,BuyQty,SellPrice,SellQty,LTQ,OpenInterest
MANAPPURAM30Jan20170CE.NFO,07/01/2020,09:21:24,9.5,9.35,12000,10.1,6000,6000,138000
MANAPPURAM30Jan20170CE.NFO,07/01/2020,09:21:24,9.5,9.35,12000,10.1,6000,0,138000
MANAPPURAM30Jan20170CE.NFO,07/01/2020,09:21:24,9.5,9.35,12000,10.1,6000,0,138000
MANAPPURAM30Jan20170CE.NFO,07/01/2020,09:21:24,9.5,9.35,12000,10.1,6000,0,138000
MANAPPURAM30Jan20170CE.NFO,07/01/2020,09:21:31,9.5,9.35,12000,10.1,6000,0,138000
MANAPPURAM30Jan20170CE.NFO,07/01/2020,09:21:37,9.5,9.3,24000,10.1,6000,0,138000
MANAPPURAM30Jan20170CE.NFO,07/01/2020,09:21:43,9.5,9.15,78000,10.05,6000,0,138000
MANAPPURAM30Jan20170CE.NFO,07/01/2020,09:21:50,9.5,9.15,90000,10.05,6000,0,138000
MANAPPURAM30Jan20170CE.NFO,07/01/2020,09:21:57,9.5,9.15,90000,10.35,24000,0,138000
MANAPPURAM30Jan20170CE.NFO,07/01/2020,09:22:03,9.5,9.15,90000,10.35,36000,0,138000
MANAPPURAM30Jan20170CE.NFO,07/01/2020,09:22:10,9.5,9.15,90000,10.25,6000,0,138000
MANAPPURAM30Jan20170CE.NFO,07/01/2020,09:22:31,9.5,9.2,36000,10.15,36000,0,138000
MANAPPURAM30Jan20170CE.NFO,07/01/2020,09:22:38,9.5,9.25,24000,10.15,24000,0,138000
MANAPPURAM30Jan20170CE.NFO,07/01/2020,09:22:44,9.5,9.25,72000,10.15,12000,0,138000
MANAPPURAM30Jan20170CE.NFO,07/01/2020,09:22:50,9.5,9.25,48000,10.15,12000,0,138000
MANAPPURAM30Jan20170CE.NFO,07/01/2020,09:22:57,9.5,9.25,72000,10.1,6000,0,138000
MANAPPURAM30Jan20170CE.NFO,07/01/2020,09:23:03,9.5,9.05,90000,10.1,6000,0,138000
MANAPPURAM30Jan20170CE.NFO,07/01/2020,09:23:14,9.5,9.5,6000,10.1,6000,0,138000
MANAPPURAM30Jan20170CE.NFO,07/01/2020,09:23:26,9.5,9.5,18000,10.2,12000,0,138000
MANAPPURAM30Jan20170CE.NFO,07/01/2020,09:23:32,9.5,9.5,18000,10.3,6000,0,138000
MANAPPURAM30Jan20170CE.NFO,07/01/2020,09:23:39,9.5,9.5,18000,10.2,6000,0,138000
MANAPPURAM30Jan20170CE.NFO,07/01/2020,09:23:45,9.5,9.5,6000,10.2,12000,0,138000
MANAPPURAM30Jan20170CE.NFO,07/01/2020,09:23:51,9.5,9.5,6000,10.15,6000,0,138000
MANAPPURAM30Jan20170CE.NFO,07/01/2020,09:23:57,9.5,9.5,6000,10.2,12000,0,138000
MANAPPURAM30Jan20170CE.NFO,07/01/2020,09:24:03,9.5,9.5,66000,10.25,6000,0,138000
MANAPPURAM30Jan20170CE.NFO,07/01/2020,09:24:09,9.5,9.55,18000,10.2,6000,0,138000
MANAPPURAM30Jan20170CE.NFO,07/01/2020,09:24:15,9.5,9.55,18000,10.25,6000,0,138000
MANAPPURAM30Jan20170CE.NFO,07/01/2020,09:24:20,9.5,9.5,30000,10.25,6000,0,138000
MANAPPURAM30Jan20170CE.NFO,07/01/2020,09:24:26,9.5,9.5,42000,10.25,6000,0,138000
MANAPPURAM30Jan20170CE.NFO,07/01/2020,09:24:32,9.5,9.5,6000,10.15,6000,0,138000
MANAPPURAM30Jan20170CE.NFO,07/01/2020,09:24:37,9.5,9.5,6000,10.2,6000,0,138000
MANAPPURAM30Jan20170CE.NFO,07/01/2020,09:24:48,9.5,9.5,6000,10.15,18000,0,138000
MANAPPURAM30Jan20170CE.NFO,07/01/2020,09:24:53,9.5,9.5,6000,10.1,6000,0,138000
MANAPPURAM30Jan20170CE.NFO,07/01/2020,09:24:59,9.5,9.5,12000,10.1,6000,0,138000
MANAPPURAM30Jan20170CE.NFO,07/01/2020,09:25:12,10.1,9.3,6000,10.1,18000,6000,138000
MANAPPURAM30Jan20170CE.NFO,07/01/2020,09:25:12,10.1,9.3,6000,10.1,18000,0,138000
MANAPPURAM30Jan20170CE.NFO,07/01/2020,09:25:18,10.1,9.25,6000,10.1,6000,0,138000
MANAPPURAM30Jan20170CE.NFO,07/01/2020,09:25:24,10.1,9.25,18000,10.1,6000,0,138000
MANAPPURAM30Jan20170CE.NFO,07/01/2020,09:25:31,10.1,9.25,6000,10.15,6000,0,138000
MANAPPURAM30Jan20170CE.NFO,07/01/2020,09:25:37,10.1,9.1,78000,10.15,6000,0,138000
MANAPPURAM30Jan20170CE.NFO,07/01/2020,09:25:43,10.1,9.1,90000,10.1,6000,0,138000
MANAPPURAM30Jan20170CE.NFO,07/01/2020,09:25:51,10.1,9.2,66000,10.15,6000,0,138000
MANAPPURAM30Jan20170CE.NFO,07/01/2020,09:26:04,10.1,9.2,66000,10,6000,0,138000
MANAPPURAM30Jan20170CE.NFO,07/01/2020,09:26:11,10.1,9.2,12000,10,6000,0,138000
MANAPPURAM30Jan20170CE.NFO,07/01/2020,09:26:17,10.1,9.05,78000,10,6000,0,138000
MANAPPURAM30Jan20170CE.NFO,07/01/2020,09:26:58,10.1,9.1,72000,10,6000,0,138000
MANAPPURAM30Jan20170CE.NFO,07/01/2020,09:27:04,10.1,9.2,48000,10,6000,0,138000
MANAPPURAM30Jan20170CE.NFO,07/01/2020,09:27:09,10.1,9.2,78000,10,6000,0,138000
MANAPPURAM30Jan20170CE.NFO,07/01/2020,09:27:20,10.1,9.2,90000,10.2,18000,0,138000
MANAPPURAM30Jan20170CE.NFO,07/01/2020,09:27:26,10.1,9.2,90000,10.15,6000,0,138000
MANAPPURAM30Jan20170CE.NFO,07/01/2020,09:27:31,10.1,9.35,72000,10.15,6000,0,138000
MANAPPURAM30Jan20170CE.NFO,07/01/2020,09:27:37,10.1,9.4,54000,10.15,6000,0,138000
MANAPPURAM30Jan20170CE.NFO,07/01/2020,09:27:44,10.1,9.4,66000,10.15,6000,0,138000
MANAPPURAM30Jan20170CE.NFO,07/01/2020,09:27:49,10.1,9.4,12000,10.15,6000,0,138000
MANAPPURAM30Jan20170CE.NFO,07/01/2020,09:27:57,10.1,9.4,24000,10.1,6000,0,138000
MANAPPURAM30Jan20170CE.NFO,07/01/2020,09:28:11,10.1,9.25,36000,10,6000,0,138000
MANAPPURAM30Jan20170CE.NFO,07/01/2020,09:28:16,10.1,9.3,6000,9.95,6000,0,138000
MANAPPURAM30Jan20170CE.NFO,07/01/2020,09:28:27,10.1,9.25,24000,9.95,6000,0,138000
MANAPPURAM30Jan20170CE.NFO,07/01/2020,09:28:33,10.1,9.3,6000,9.95,6000,0,138000
MANAPPURAM30Jan20170CE.NFO,07/01/2020,09:28:38,10.1,9.2,6000,9.95,6000,0,138000
MANAPPURAM30Jan20170CE.NFO,07/01/2020,09:28:43,10.1,9.3,6000,9.95,6000,0,138000
MANAPPURAM30Jan20170CE.NFO,07/01/2020,09:28:48,10.1,9.35,6000,10,6000,0,138000
MANAPPURAM30Jan20170CE.NFO,07/01/2020,09:28:54,10.1,9.4,6000,10.1,6000,0,138000
MANAPPURAM30Jan20170CE.NFO,07/01/2020,09:29:00,10.1,9.3,6000,10.1,6000,0,138000
MANAPPURAM30Jan20170CE.NFO,07/01/2020,09:29:05,10.1,9.3,6000,10.1,18000,0,138000
MANAPPURAM30Jan20170CE.NFO,07/01/2020,09:29:11,10.1,9.35,6000,10.05,6000,0,138000
MANAPPURAM30Jan20170CE.NFO,07/01/2020,09:29:16,10.1,9.3,24000,10.1,6000,0,138000
MANAPPURAM30Jan20170CE.NFO,07/01/2020,09:29:22,10.1,9.3,6000,10.05,6000,0,138000
MANAPPURAM30Jan20170CE.NFO,07/01/2020,09:29:27,10.1,9.4,6000,10.05,6000,0,138000
MANAPPURAM30Jan20170CE.NFO,07/01/2020,09:29:33,10.1,9.2,30000,10.05,18000,0,138000
MANAPPURAM30Jan20170CE.NFO,07/01/2020,09:29:39,10.1,9.3,6000,10.05,18000,0,138000
MANAPPURAM30Jan20170CE.NFO,07/01/2020,09:29:53,10.1,9.25,6000,9.95,6000,0,138000
MANAPPURAM30Jan20170CE.NFO,07/01/2020,09:30:06,10.1,9.2,6000,9.95,6000,0,138000
MANAPPURAM30Jan20170CE.NFO,07/01/2020,09:30:12,10.1,9.3,6000,10.05,12000,0,138000
MANAPPURAM30Jan20170CE.NFO,07/01/2020,09:30:27,10.1,9.6,12000,10.05,12000,0,138000
MANAPPURAM30Jan20170CE.NFO,07/01/2020,09:30:32,10.1,9.6,12000,10.1,12000,0,138000
MANAPPURAM30Jan20170CE.NFO,07/01/2020,09:30:42,10.1,9.7,6000,10.05,6000,0,138000
MANAPPURAM30Jan20170CE.NFO,07/01/2020,09:30:46,10.1,9.7,6000,10.05,30000,0,138000
MANAPPURAM30Jan20170CE.NFO,07/01/2020,09:30:52,9.8,9.3,6000,10.1,24000,6000,138000
MANAPPURAM30Jan20170CE.NFO,07/01/2020,09:30:56,9.8,9.2,6000,10,12000,0,138000
MANAPPURAM30Jan20170CE.NFO,07/01/2020,09:31:01,9.8,9.2,12000,9.95,18000,0,138000
MANAPPURAM30Jan20170CE.NFO,07/01/2020,09:31:07,9.8,9.25,6000,9.95,18000,0,138000
MANAPPURAM30Jan20170CE.NFO,07/01/2020,09:31:14,9.8,9.1,126000,10,12000,0,138000
MANAPPURAM30Jan20170CE.NFO,07/01/2020,09:31:20,9.8,9.3,6000,10.05,24000,0,138000
MANAPPURAM30Jan20170CE.NFO,07/01/2020,09:31:26,9.8,9.3,12000,10.05,24000,0,138000
MANAPPURAM30Jan20170CE.NFO,07/01/2020,09:31:31,9.8,9.3,6000,10.05,24000,0,138000
MANAPPURAM30Jan20170CE.NFO,07/01/2020,09:31:36,9.8,9.3,6000,10.05,30000,0,138000
MANAPPURAM30Jan20170CE.NFO,07/01/2020,09:31:42,9.8,9.35,6000,10.05,6000,0,138000
MANAPPURAM30Jan20170CE.NFO,07/01/2020,09:31:48,9.8,9.3,6000,10.05,18000,0,138000
MANAPPURAM30Jan20170CE.NFO,07/01/2020,09:31:53,9.8,9.3,6000,10.05,6000,0,138000
MANAPPURAM30Jan20170CE.NFO,07/01/2020,09:31:58,9.8,9.35,6000,10.05,6000,0,138000
MANAPPURAM30Jan20170CE.NFO,07/01/2020,09:32:10,9.8,9.35,6000,10.1,18000,0,138000
MANAPPURAM30Jan20170CE.NFO,07/01/2020,09:32:15,9.8,9.3,6000,10.1,6000,0,138000
MANAPPURAM30Jan20170CE.NFO,07/01/2020,09:32:21,9.8,9.45,6000,10.25,12000,0,138000
MANAPPURAM30Jan20170CE.NFO,07/01/2020,09:32:28,9.8,9.4,6000,10.25,12000,0,138000
MANAPPURAM30Jan20170CE.NFO,07/01/2020,09:32:33,9.8,9.45,6000,10.25,12000,0,138000
MANAPPURAM30Jan20170CE.NFO,07/01/2020,09:32:44,9.8,9.4,6000,10.2,18000,0,138000
MANAPPURAM30Jan20170CE.NFO,07/01/2020,09:32:56,9.8,9.25,6000,10.15,12000,0,138000
MANAPPURAM30Jan20170CE.NFO,07/01/2020,09:33:02,9.8,9.3,6000,10.2,36000,0,138000
MANAPPURAM30Jan20170CE.NFO,07/01/2020,09:33:08,9.8,9.25,18000,10.2,36000,0,138000
MANAPPURAM30Jan20170CE.NFO,07/01/2020,09:33:13,9.8,9.3,6000,10.2,36000,0,138000
MANAPPURAM30Jan20170CE.NFO,07/01/2020,09:33:24,9.8,9.25,24000,10.15,12000,0,138000
MANAPPURAM30Jan20170CE.NFO,07/01/2020,09:33:29,9.8,9.3,6000,10.15,12000,0,138000
MANAPPURAM30Jan20170CE.NFO,07/01/2020,09:33:39,9.8,9.3,6000,10.1,6000,0,138000
MANAPPURAM30Jan20170CE.NFO,07/01/2020,09:33:49,9.8,9.35,6000,10.1,6000,0,138000
MANAPPURAM30Jan20170CE.NFO,07/01/2020,09:34:13,9.8,9.35,6000,10.1,18000,0,138000
MANAPPURAM30Jan20170CE.NFO,07/01/2020,09:34:19,9.8,9.3,6000,10.1,18000,0,138000
MANAPPURAM30Jan20170CE.NFO,07/01/2020,09:34:24,9.8,9.35,6000,10.05,6000,0,138000
MANAPPURAM30Jan20170CE.NFO,07/01/2020,09:34:30,9.8,9.25,6000,10.05,18000,0,138000
MANAPPURAM30Jan20170CE.NFO,07/01/2020,09:34:35,9.8,9.25,6000,10.05,30000,0,138000
MANAPPURAM30Jan20170CE.NFO,07/01/2020,09:34:42,9.8,9.15,24000,10.05,30000,0,138000
MANAPPURAM30Jan20170CE.NFO,07/01/2020,09:34:52,9.8,9.15,24000,10.05,54000,0,138000
MANAPPURAM30Jan20170CE.NFO,07/01/2020,09:34:58,9.8,9.05,60000,9.95,30000,0,138000
MANAPPURAM30Jan20170CE.NFO,07/01/2020,09:35:04,9.8,9.05,6000,9.95,30000,0,138000
MANAPPURAM30Jan20170CE.NFO,07/01/2020,09:35:09,9.8,9.15,6000,9.95,30000,0,138000
MANAPPURAM30Jan20170CE.NFO,07/01/2020,09:35:14,9.8,9.15,6000,9.95,18000,0,138000
MANAPPURAM30Jan20170CE.NFO,07/01/2020,09:35:18,9.8,9.15,6000,9.95,30000,0,138000
MANAPPURAM30Jan20170CE.NFO,07/01/2020,09:35:23,9.8,9.15,6000,9.9,12000,0,138000
MANAPPURAM30Jan20170CE.NFO,07/01/2020,09:35:33,9.8,9.15,6000,9.9,36000,0,138000
MANAPPURAM30Jan20170CE.NFO,07/01/2020,09:35:38,9.8,9,6000,9.85,18000,0,138000
MANAPPURAM30Jan20170CE.NFO,07/01/2020,09:35:44,9.8,8.95,36000,9.8,6000,0,138000
MANAPPURAM30Jan20170CE.NFO,07/01/2020,09:35:51,9.8,9,6000,9.7,6000,0,138000
MANAPPURAM30Jan20170CE.NFO,07/01/2020,09:36:02,9.8,9.05,6000,9.7,6000,0,138000
MANAPPURAM30Jan20170CE.NFO,07/01/2020,09:36:20,9.8,9,6000,9.7,6000,0,138000
MANAPPURAM30Jan20170CE.NFO,07/01/2020,09:36:39,9.8,9.05,6000,9.75,6000,0,138000
MANAPPURAM30Jan20170CE.NFO,07/01/2020,09:36:44,9.8,9.05,6000,9.7,6000,0,138000
MANAPPURAM30Jan20170CE.NFO,07/01/2020,09:36:58,9.8,9.1,6000,9.7,6000,0,138000
MANAPPURAM30Jan20170CE.NFO,07/01/2020,09:37:02,9.8,9.05,6000,9.7,6000,0,138000
MANAPPURAM30Jan20170CE.NFO,07/01/2020,09:37:07,9.8,9,6000,9.7,12000,0,138000
MANAPPURAM30Jan20170CE.NFO,07/01/2020,09:37:12,9.8,9,6000,9.7,6000,0,138000
MANAPPURAM30Jan20170CE.NFO,07/01/2020,09:37:35,9.8,8.95,24000,9.7,6000,0,138000
MANAPPURAM30Jan20170CE.NFO,07/01/2020,09:37:43,9.8,8.95,24000,9.65,6000,0,138000
MANAPPURAM30Jan20170CE.NFO,07/01/2020,09:37:51,9.8,8.95,24000,9.7,6000,0,138000
MANAPPURAM30Jan20170CE.NFO,07/01/2020,09:37:59,9.8,8.95,24000,9.7,18000,0,138000
MANAPPURAM30Jan20170CE.NFO,07/01/2020,09:38:04,9.8,8.95,24000,9.65,6000,0,138000
MANAPPURAM30Jan20170CE.NFO,07/01/2020,09:38:08,9.8,9,6000,9.7,12000,0,138000
MANAPPURAM30Jan20170CE.NFO,07/01/2020,09:38:17,9.8,9,6000,9.65,6000,0,138000
MANAPPURAM30Jan20170CE.NFO,07/01/2020,09:39:22,9.8,9,6000,9.7,12000,0,138000
MANAPPURAM30Jan20170CE.NFO,07/01/2020,09:39:27,9.8,9.05,6000,9.7,12000,0,138000
MANAPPURAM30Jan20170CE.NFO,07/01/2020,09:39:32,9.8,9.05,6000,9.65,6000,0,138000
MANAPPURAM30Jan20170CE.NFO,07/01/2020,09:39:36,9.8,9.1,6000,9.65,6000,0,138000
MANAPPURAM30Jan20170CE.NFO,07/01/2020,09:39:40,9.8,9.1,6000,9.7,12000,0,138000
MANAPPURAM30Jan20170CE.NFO,07/01/2020,09:39:44,9.8,9.05,6000,9.7,12000,0,138000
MANAPPURAM30Jan20170CE.NFO,07/01/2020,09:39:52,9.8,8.9,72000,9.7,12000,0,138000
MANAPPURAM30Jan20170CE.NFO,07/01/2020,09:39:56,9.8,9,6000,9.7,12000,0,138000
MANAPPURAM30Jan20170CE.NFO,07/01/2020,09:40:05,9.8,9,6000,9.6,6000,0,138000
MANAPPURAM30Jan20170CE.NFO,07/01/2020,09:40:11,9.8,9,6000,9.5,6000,0,138000
MANAPPURAM30Jan20170CE.NFO,07/01/2020,09:40:15,9.8,9.05,6000,9.5,6000,0,138000
MANAPPURAM30Jan20170CE.NFO,07/01/2020,09:40:21,9.8,9,6000,9.55,12000,0,138000
MANAPPURAM30Jan20170CE.NFO,07/01/2020,09:40:26,9.8,9,6000,9.45,6000,0,138000
MANAPPURAM30Jan20170CE.NFO,07/01/2020,09:40:35,9.8,9,6000,9.55,6000,0,138000
MANAPPURAM30Jan20170CE.NFO,07/01/2020,09:40:50,9.8,9.05,6000,9.55,6000,0,138000
MANAPPURAM30Jan20170CE.NFO,07/01/2020,09:40:54,9.8,9.15,18000,9.7,12000,0,138000
MANAPPURAM30Jan20170CE.NFO,07/01/2020,09:40:59,9.8,9.15,6000,9.7,12000,0,138000
MANAPPURAM30Jan20170CE.NFO,07/01/2020,09:41:10,9.8,9.2,6000,9.7,12000,0,138000
MANAPPURAM30Jan20170CE.NFO,07/01/2020,09:41:15,9.8,9.2,6000,9.8,12000,0,138000
MANAPPURAM30Jan20170CE.NFO,07/01/2020,09:41:24,9.8,9.25,6000,9.8,12000,0,138000
MANAPPURAM30Jan20170CE.NFO,07/01/2020,09:41:38,9.8,9.25,6000,9.85,6000,0,138000
MANAPPURAM30Jan20170CE.NFO,07/01/2020,09:42:00,9.8,9.25,6000,9.8,12000,0,138000
MANAPPURAM30Jan20170CE.NFO,07/01/2020,09:42:07,9.8,9.15,6000,9.8,12000,0,138000
MANAPPURAM30Jan20170CE.NFO,07/01/2020,09:42:26,9.8,9.15,6000,9.75,6000,0,138000
MANAPPURAM30Jan20170CE.NFO,07/01/2020,09:42:33,9.8,9.15,6000,9.7,12000,0,138000
MANAPPURAM30Jan20170CE.NFO,07/01/2020,09:42:47,9.8,9,84000,9.7,12000,0,138000
MANAPPURAM30Jan20170CE.NFO,07/01/2020,09:42:53,9.8,9.1,6000,9.7,12000,0,138000
MANAPPURAM30Jan20170CE.NFO,07/01/2020,09:43:00,9.8,9.05,6000,9.65,6000,0,138000
MANAPPURAM30Jan20170CE.NFO,07/01/2020,09:43:16,9.8,9.05,6000,9.7,12000,0,138000
MANAPPURAM30Jan20170CE.NFO,07/01/2020,09:43:41,9.8,9.05,6000,9.65,6000,0,138000
MANAPPURAM30Jan20170CE.NFO,07/01/2020,09:43:54,9.8,9,6000,9.65,6000,0,138000
MANAPPURAM30Jan20170CE.NFO,07/01/2020,09:44:04,9.8,9.05,6000,9.65,6000,0,138000
MANAPPURAM30Jan20170CE.NFO,07/01/2020,09:44:26,9.8,9.15,6000,9.65,6000,0,138000
MANAPPURAM30Jan20170CE.NFO,07/01/2020,09:44:31,9.8,9.1,6000,9.65,6000,0,138000
MANAPPURAM30Jan20170CE.NFO,07/01/2020,09:45:08,9.8,9.15,6000,9.65,6000,0,138000
MANAPPURAM30Jan20170CE.NFO,07/01/2020,09:45:15,9.8,9.15,30000,9.75,6000,0,138000
MANAPPURAM30Jan20170CE.NFO,07/01/2020,09:45:21,9.8,9.2,6000,9.75,6000,0,138000
MANAPPURAM30Jan20170CE.NFO,07/01/2020,09:45:33,9.8,9.25,6000,9.75,6000,0,138000
MANAPPURAM30Jan20170CE.NFO,07/01/2020,09:45:50,9.8,9.15,18000,9.75,6000,0,138000
MANAPPURAM30Jan20170CE.NFO,07/01/2020,09:45:56,9.8,9.1,6000,9.75,6000,0,138000
MANAPPURAM30Jan20170CE.NFO,07/01/2020,09:46:07,9.8,9.05,6000,9.65,6000,0,138000
MANAPPURAM30Jan20170CE.NFO,07/01/2020,09:46:22,9.8,9,6000,9.6,12000,0,138000
MANAPPURAM30Jan20170CE.NFO,07/01/2020,09:47:09,9.8,9,6000,9.55,6000,0,138000
MANAPPURAM30Jan20170CE.NFO,07/01/2020,09:47:17,9.8,9.05,6000,9.7,6000,0,138000
MANAPPURAM30Jan20170CE.NFO,07/01/2020,09:47:44,9.8,9.1,6000,9.7,6000,0,138000
MANAPPURAM30Jan20170CE.NFO,07/01/2020,09:48:01,9.8,9.05,6000,9.7,6000,0,138000
MANAPPURAM30Jan20170CE.NFO,07/01/2020,09:49:10,9.8,9.05,6000,9.6,6000,0,138000
MANAPPURAM30Jan20170CE.NFO,07/01/2020,09:49:16,9.8,9.05,6000,9.65,12000,0,138000
MANAPPURAM30Jan20170CE.NFO,07/01/2020,09:49:20,9.8,9.05,6000,9.6,6000,0,138000
MANAPPURAM30Jan20170CE.NFO,07/01/2020,09:49:26,9.8,9.05,6000,9.65,12000,0,138000
MANAPPURAM30Jan20170CE.NFO,07/01/2020,09:49:32,9.8,9,6000,9.65,12000,0,138000
MANAPPURAM30Jan20170CE.NFO,07/01/2020,09:49:48,9.8,9.05,6000,9.6,6000,0,138000
MANAPPURAM30Jan20170CE.NFO,07/01/2020,09:49:53,9.8,9,6000,9.6,6000,0,138000
MANAPPURAM30Jan20170CE.NFO,07/01/2020,09:50:08,9.8,9.05,6000,9.6,6000,0,138000
MANAPPURAM30Jan20170CE.NFO,07/01/2020,09:50:23,9.8,9.05,6000,9.65,12000,0,138000
MANAPPURAM30Jan20170CE.NFO,07/01/2020,09:50:38,9.8,9.05,6000,9.6,6000,0,138000
MANAPPURAM30Jan20170CE.NFO,07/01/2020,09:50:44,9.8,9,6000,9.6,6000,0,138000
MANAPPURAM30Jan20170CE.NFO,07/01/2020,09:50:49,9.8,9,6000,9.65,12000,0,138000
MANAPPURAM30Jan20170CE.NFO,07/01/2020,09:51:14,9.8,9.15,6000,9.6,6000,0,138000
MANAPPURAM30Jan20170CE.NFO,07/01/2020,09:51:19,9.8,9.1,6000,9.6,6000,0,138000
MANAPPURAM30Jan20170CE.NFO,07/01/2020,09:51:25,9.8,9.05,6000,9.75,6000,0,138000
MANAPPURAM30Jan20170CE.NFO,07/01/2020,09:51:30,9.8,9.05,6000,9.65,6000,0,138000
MANAPPURAM30Jan20170CE.NFO,07/01/2020,09:51:49,9.8,9.15,6000,9.75,6000,0,138000
MANAPPURAM30Jan20170CE.NFO,07/01/2020,09:51:57,9.8,9.1,6000,9.65,6000,0,138000
MANAPPURAM30Jan20170CE.NFO,07/01/2020,09:52:08,9.8,9,6000,9.6,12000,0,138000
MANAPPURAM30Jan20170CE.NFO,07/01/2020,09:52:36,9.8,9.05,6000,9.6,12000,0,138000
MANAPPURAM30Jan20170CE.NFO,07/01/2020,09:52:52,9.8,9.05,6000,9.65,6000,0,138000
MANAPPURAM30Jan20170CE.NFO,07/01/2020,09:52:56,9.8,9,6000,9.65,6000,0,138000
MANAPPURAM30Jan20170CE.NFO,07/01/2020,09:53:06,9.8,9.05,6000,9.65,6000,0,138000
MANAPPURAM30Jan20170CE.NFO,07/01/2020,09:53:11,9.8,9,6000,9.6,12000,0,138000
MANAPPURAM30Jan20170CE.NFO,07/01/2020,09:53:22,9.8,8.95,24000,9.6,12000,0,138000
MANAPPURAM30Jan20170CE.NFO,07/01/2020,09:53:27,9.8,9,6000,9.6,12000,0,138000
MANAPPURAM30Jan20170CE.NFO,07/01/2020,09:54:41,9.8,9,6000,9.6,6000,0,138000
MANAPPURAM30Jan20170CE.NFO,07/01/2020,09:54:50,9.8,8.9,6000,9.55,6000,0,138000
MANAPPURAM30Jan20170CE.NFO,07/01/2020,09:54:55,9.8,8.85,6000,9.5,6000,0,138000
MANAPPURAM30Jan20170CE.NFO,07/01/2020,09:55:09,9.8,8.85,6000,9.6,6000,0,138000
MANAPPURAM30Jan20170CE.NFO,07/01/2020,09:55:15,9.8,8.85,6000,9.6,30000,0,138000
MANAPPURAM30Jan20170CE.NFO,07/01/2020,09:55:19,9.8,8.85,6000,9.5,6000,0,138000
MANAPPURAM30Jan20170CE.NFO,07/01/2020,09:55:34,9.8,8.9,6000,9.6,6000,0,138000
MANAPPURAM30Jan20170CE.NFO,07/01/2020,09:55:38,9.8,8.9,6000,9.5,6000,0,138000
MANAPPURAM30Jan20170CE.NFO,07/01/2020,09:55:48,9.8,8.9,6000,9.6,6000,0,138000
MANAPPURAM30Jan20170CE.NFO,07/01/2020,09:56:02,9.8,8.9,6000,9.5,6000,0,138000
MANAPPURAM30Jan20170CE.NFO,07/01/2020,09:56:06,9.8,8.8,6000,9.45,12000,0,138000
MANAPPURAM30Jan20170CE.NFO,07/01/2020,09:56:17,9.8,8.8,6000,9.45,36000,0,138000
MANAPPURAM30Jan20170CE.NFO,07/01/2020,09:56:28,9.8,8.8,6000,9.45,12000,0,138000
MANAPPURAM30Jan20170CE.NFO,07/01/2020,09:56:33,9.8,8.7,6000,9.45,6000,0,138000
MANAPPURAM30Jan20170CE.NFO,07/01/2020,09:56:39,9.8,8.7,6000,9.45,30000,0,138000
MANAPPURAM30Jan20170CE.NFO,07/01/2020,09:56:48,9.8,8.7,6000,9.45,42000,0,138000
MANAPPURAM30Jan20170CE.NFO,07/01/2020,09:56:51,9.8,8.7,6000,9.45,24000,0,138000
MANAPPURAM30Jan20170CE.NFO,07/01/2020,09:56:56,9.8,8.8,6000,9.45,6000,0,138000
MANAPPURAM30Jan20170CE.NFO,07/01/2020,09:57:05,9.8,8.8,6000,9.5,12000,0,138000
MANAPPURAM30Jan20170CE.NFO,07/01/2020,09:57:42,9.8,8.9,6000,9.5,6000,0,138000
MANAPPURAM30Jan20170CE.NFO,07/01/2020,09:57:46,9.8,8.85,6000,9.5,6000,0,138000
MANAPPURAM30Jan20170CE.NFO,07/01/2020,09:58:27,9.8,8.75,6000,9.45,30000,0,138000
MANAPPURAM30Jan20170CE.NFO,07/01/2020,09:58:32,9.8,8.8,6000,9.45,12000,0,138000
MANAPPURAM30Jan20170CE.NFO,07/01/2020,09:58:40,9.8,8.75,12000,9.45,24000,0,138000
MANAPPURAM30Jan20170CE.NFO,07/01/2020,09:58:45,9.8,8.8,6000,9.45,12000,0,138000
MANAPPURAM30Jan20170CE.NFO,07/01/2020,09:58:51,9.8,8.8,6000,9.5,36000,0,138000
MANAPPURAM30Jan20170CE.NFO,07/01/2020,09:59:08,9.8,8.8,6000,9.5,24000,0,138000
MANAPPURAM30Jan20170CE.NFO,07/01/2020,09:59:25,9.8,8.65,18000,9.45,48000,0,138000
MANAPPURAM30Jan20170CE.NFO,07/01/2020,09:59:30,9.8,8.75,12000,9.45,48000,0,138000
MANAPPURAM30Jan20170CE.NFO,07/01/2020,09:59:35,9.8,8.75,12000,9.45,30000,0,138000
MANAPPURAM30Jan20170CE.NFO,07/01/2020,09:59:41,9.8,8.65,6000,9.4,18000,0,138000
MANAPPURAM30Jan20170CE.NFO,07/01/2020,09:59:47,9.8,8.7,12000,9.4,12000,0,138000
MANAPPURAM30Jan20170CE.NFO,07/01/2020,09:59:52,9.8,8.7,6000,9.35,6000,0,138000
MANAPPURAM30Jan20170CE.NFO,07/01/2020,09:59:57,9.8,8.7,6000,9.4,12000,0,138000
MANAPPURAM30Jan20170CE.NFO,07/01/2020,10:00:14,9.8,8.65,6000,9.4,12000,0,138000
MANAPPURAM30Jan20170CE.NFO,07/01/2020,10:00:25,9.8,8.7,6000,9.4,24000,0,138000
MANAPPURAM30Jan20170CE.NFO,07/01/2020,10:00:30,9.8,8.6,6000,9.35,42000,0,138000
MANAPPURAM30Jan20170CE.NFO,07/01/2020,10:00:35,9.8,8.6,6000,9.3,42000,0,138000
MANAPPURAM30Jan20170CE.NFO,07/01/2020,10:00:41,9.8,8.5,6000,9.3,36000,0,138000
MANAPPURAM30Jan20170CE.NFO,07/01/2020,10:00:48,9.8,8.45,48000,9.25,48000,0,138000
MANAPPURAM30Jan20170CE.NFO,07/01/2020,10:00:55,9.8,8.25,54000,9.25,84000,0,138000
MANAPPURAM30Jan20170CE.NFO,07/01/2020,10:01:01,9.8,8.1,18000,9.25,48000,0,138000
MANAPPURAM30Jan20170CE.NFO,07/01/2020,10:01:07,9.8,8.1,18000,9.25,12000,0,138000
MANAPPURAM30Jan20170CE.NFO,07/01/2020,10:01:13,9.8,7.5,12000,9.25,12000,0,138000
MANAPPURAM30Jan20170CE.NFO,07/01/2020,10:01:20,9.8,7.5,12000,9.25,36000,0,138000
MANAPPURAM30Jan20170CE.NFO,07/01/2020,10:01:32,9.8,7.5,12000,9.25,72000,0,138000
MANAPPURAM30Jan20170CE.NFO,07/01/2020,10:01:50,9.8,7.5,12000,9.2,42000,0,138000
MANAPPURAM30Jan20170CE.NFO,07/01/2020,10:01:55,9.8,7.5,12000,9.1,6000,0,138000
MANAPPURAM30Jan20170CE.NFO,07/01/2020,10:02:00,9.8,7.5,12000,9.05,6000,0,138000
MANAPPURAM30Jan20170CE.NFO,07/01/2020,10:02:06,9.8,7.5,12000,9.1,6000,0,138000
MANAPPURAM30Jan20170CE.NFO,07/01/2020,10:02:11,9.8,8,12000,9.05,6000,0,138000
MANAPPURAM30Jan20170CE.NFO,07/01/2020,10:02:17,9.8,7.95,6000,9.05,6000,0,138000
MANAPPURAM30Jan20170CE.NFO,07/01/2020,10:02:22,9.8,7.55,6000,9.05,6000,0,138000
MANAPPURAM30Jan20170CE.NFO,07/01/2020,10:02:27,9.8,7.55,6000,9.1,12000,0,138000
MANAPPURAM30Jan20170CE.NFO,07/01/2020,10:02:32,9.8,8.05,6000,9.1,12000,0,138000
MANAPPURAM30Jan20170CE.NFO,07/01/2020,10:02:39,9.8,8.3,6000,9.1,6000,0,138000
MANAPPURAM30Jan20170CE.NFO,07/01/2020,10:02:44,9.8,8.25,18000,9.1,12000,0,138000
MANAPPURAM30Jan20170CE.NFO,07/01/2020,10:02:50,9.8,8.3,6000,9.15,6000,0,138000
MANAPPURAM30Jan20170CE.NFO,07/01/2020,10:02:55,9.8,8.3,6000,9.1,12000,0,138000
MANAPPURAM30Jan20170CE.NFO,07/01/2020,10:03:00,9.8,8.3,6000,9.05,6000,0,138000
MANAPPURAM30Jan20170CE.NFO,07/01/2020,10:03:19,9.8,8.3,6000,9.1,12000,0,138000
MANAPPURAM30Jan20170CE.NFO,07/01/2020,10:03:33,9.8,8.55,6000,9.1,12000,0,138000
MANAPPURAM30Jan20170CE.NFO,07/01/2020,10:03:37,9.8,8.6,6000,9.1,12000,0,138000
MANAPPURAM30Jan20170CE.NFO,07/01/2020,10:03:41,9.8,8.45,18000,9.1,12000,0,138000
MANAPPURAM30Jan20170CE.NFO,07/01/2020,10:03:46,9.8,8.5,6000,9.1,12000,0,138000
MANAPPURAM30Jan20170CE.NFO,07/01/2020,10:03:50,9.8,8.5,6000,8.95,6000,0,138000
MANAPPURAM30Jan20170CE.NFO,07/01/2020,10:04:01,9.8,8.45,12000,8.95,6000,0,138000
MANAPPURAM30Jan20170CE.NFO,07/01/2020,10:04:05,9.8,8.35,42000,8.95,6000,0,138000
MANAPPURAM30Jan20170CE.NFO,07/01/2020,10:04:10,9.8,8.5,6000,9,12000,0,138000
MANAPPURAM30Jan20170CE.NFO,07/01/2020,10:04:19,9.8,8.45,6000,9,12000,0,138000
MANAPPURAM30Jan20170CE.NFO,07/01/2020,10:04:23,9.8,8.35,36000,9,12000,0,138000
MANAPPURAM30Jan20170CE.NFO,07/01/2020,10:04:27,9.8,8.5,6000,9,12000,0,138000
MANAPPURAM30Jan20170CE.NFO,07/01/2020,10:04:31,9.8,8.4,6000,8.95,6000,0,138000
MANAPPURAM30Jan20170CE.NFO,07/01/2020,10:04:36,9.8,8.5,6000,9,12000,0,138000
MANAPPURAM30Jan20170CE.NFO,07/01/2020,10:04:41,9.8,8.35,36000,9,12000,0,138000
MANAPPURAM30Jan20170CE.NFO,07/01/2020,10:04:46,9.8,8.4,6000,9,12000,0,138000
MANAPPURAM30Jan20170CE.NFO,07/01/2020,10:04:55,9.8,8.35,36000,9,12000,0,138000
MANAPPURAM30Jan20170CE.NFO,07/01/2020,10:05:04,9.8,8.4,6000,9,12000,0,138000
MANAPPURAM30Jan20170CE.NFO,07/01/2020,10:05:08,9.8,8.4,6000,8.9,12000,0,138000
MANAPPURAM30Jan20170CE.NFO,07/01/2020,10:05:13,9.8,8.35,42000,8.9,12000,0,138000
MANAPPURAM30Jan20170CE.NFO,07/01/2020,10:05:17,9.8,8.35,36000,8.9,12000,0,138000
MANAPPURAM30Jan20170CE.NFO,07/01/2020,10:05:21,9.8,8.4,6000,8.9,12000,0,138000
MANAPPURAM30Jan20170CE.NFO,07/01/2020,10:05:36,9.8,8.05,54000,8.9,12000,0,138000
MANAPPURAM30Jan20170CE.NFO,07/01/2020,10:05:42,9.8,8.3,6000,8.75,6000,0,138000
MANAPPURAM30Jan20170CE.NFO,07/01/2020,10:05:48,9.8,8.05,54000,8.75,6000,0,138000
MANAPPURAM30Jan20170CE.NFO,07/01/2020,10:05:54,9.8,8.05,48000,8.8,6000,0,138000
MANAPPURAM30Jan20170CE.NFO,07/01/2020,10:05:59,9.8,8.05,42000,8.85,6000,0,138000
MANAPPURAM30Jan20170CE.NFO,07/01/2020,10:06:05,9.8,8.15,36000,8.8,6000,0,138000
MANAPPURAM30Jan20170CE.NFO,07/01/2020,10:06:10,9.8,8.15,42000,8.8,6000,0,138000
MANAPPURAM30Jan20170CE.NFO,07/01/2020,10:06:15,9.8,7.9,6000,8.8,6000,0,138000
MANAPPURAM30Jan20170CE.NFO,07/01/2020,10:06:21,9.8,7.95,12000,8.8,12000,0,138000
MANAPPURAM30Jan20170CE.NFO,07/01/2020,10:06:33,9.8,7.9,6000,8.8,12000,0,138000
MANAPPURAM30Jan20170CE.NFO,07/01/2020,10:06:43,9.8,7.95,6000,8.8,12000,0,138000
MANAPPURAM30Jan20170CE.NFO,07/01/2020,10:06:49,9.8,7.9,6000,8.8,12000,0,138000
MANAPPURAM30Jan20170CE.NFO,07/01/2020,10:06:55,9.8,7.95,6000,8.85,6000,0,138000
MANAPPURAM30Jan20170CE.NFO,07/01/2020,10:07:00,9.8,7.9,6000,8.8,12000,0,138000
MANAPPURAM30Jan20170CE.NFO,07/01/2020,10:07:11,9.8,7.8,6000,8.8,12000,0,138000
MANAPPURAM30Jan20170CE.NFO,07/01/2020,10:07:17,9.8,7.9,6000,8.85,6000,0,138000
MANAPPURAM30Jan20170CE.NFO,07/01/2020,10:07:34,9.8,7.95,6000,9,42000,0,138000
MANAPPURAM30Jan20170CE.NFO,07/01/2020,10:07:39,9.8,8,6000,9,12000,0,138000
MANAPPURAM30Jan20170CE.NFO,07/01/2020,10:07:44,9.8,7.95,6000,9,12000,0,138000
MANAPPURAM30Jan20170CE.NFO,07/01/2020,10:07:48,9.8,8,6000,9,12000,0,138000
MANAPPURAM30Jan20170CE.NFO,07/01/2020,10:07:54,9.8,8.05,6000,9,12000,0,138000
MANAPPURAM30Jan20170CE.NFO,07/01/2020,10:07:59,9.8,7.95,6000,9,12000,0,138000
MANAPPURAM30Jan20170CE.NFO,07/01/2020,10:08:04,9.8,8.05,12000,9,12000,0,138000
MANAPPURAM30Jan20170CE.NFO,07/01/2020,10:08:08,9.8,8.1,6000,9.05,24000,0,138000
MANAPPURAM30Jan20170CE.NFO,07/01/2020,10:08:12,9.8,8,6000,9.05,24000,0,138000
MANAPPURAM30Jan20170CE.NFO,07/01/2020,10:08:17,9.8,7.95,6000,9.05,24000,0,138000
MANAPPURAM30Jan20170CE.NFO,07/01/2020,10:08:22,9.8,8.05,6000,9.05,12000,0,138000
MANAPPURAM30Jan20170CE.NFO,07/01/2020,10:08:26,9.8,7.95,6000,9.05,12000,0,138000
MANAPPURAM30Jan20170CE.NFO,07/01/2020,10:08:42,9.8,8.2,54000,9.05,12000,0,138000
MANAPPURAM30Jan20170CE.NFO,07/01/2020,10:08:50,9.8,8.1,54000,9.05,12000,0,138000
MANAPPURAM30Jan20170CE.NFO,07/01/2020,10:08:54,9.8,8.4,12000,9.05,12000,0,138000
MANAPPURAM30Jan20170CE.NFO,07/01/2020,10:08:58,9.8,8.45,6000,9.05,12000,0,138000
MANAPPURAM30Jan20170CE.NFO,07/01/2020,10:09:03,9.8,8.4,12000,9.05,12000,0,138000
MANAPPURAM30Jan20170CE.NFO,07/01/2020,10:09:07,9.8,8.45,6000,9.05,12000,0,138000
MANAPPURAM30Jan20170CE.NFO,07/01/2020,10:09:15,9.8,8.45,6000,9.15,60000,0,138000
MANAPPURAM30Jan20170CE.NFO,07/01/2020,10:09:24,9.8,8.25,54000,9.15,60000,0,138000
MANAPPURAM30Jan20170CE.NFO,07/01/2020,10:09:29,9.8,8.5,6000,9.15,60000,0,138000
MANAPPURAM30Jan20170CE.NFO,07/01/2020,10:09:33,9.8,8.25,54000,9.1,48000,0,138000
MANAPPURAM30Jan20170CE.NFO,07/01/2020,10:09:37,9.8,8.15,60000,9.1,48000,0,138000
MANAPPURAM30Jan20170CE.NFO,07/01/2020,10:09:41,9.8,8.5,6000,9.1,48000,0,138000
MANAPPURAM30Jan20170CE.NFO,07/01/2020,10:09:46,9.8,8.15,54000,9.1,36000,0,138000
MANAPPURAM30Jan20170CE.NFO,07/01/2020,10:09:50,9.8,8.15,54000,9.05,24000,0,138000
MANAPPURAM30Jan20170CE.NFO,07/01/2020,10:09:54,9.8,8.15,54000,9.1,36000,0,138000
MANAPPURAM30Jan20170CE.NFO,07/01/2020,10:10:00,9.8,8.05,6000,9.1,36000,0,138000
MANAPPURAM30Jan20170CE.NFO,07/01/2020,10:10:05,9.8,8.1,6000,9.1,36000,0,138000
MANAPPURAM30Jan20170CE.NFO,07/01/2020,10:10:15,9.8,8.05,6000,9.05,36000,0,138000
MANAPPURAM30Jan20170CE.NFO,07/01/2020,10:10:20,9.8,8,12000,9.05,36000,0,138000
MANAPPURAM30Jan20170CE.NFO,07/01/2020,10:10:27,9.8,8,6000,9.05,36000,0,138000
MANAPPURAM30Jan20170CE.NFO,07/01/2020,10:10:31,9.8,7.9,6000,9.05,60000,0,138000
MANAPPURAM30Jan20170CE.NFO,07/01/2020,10:10:40,9.8,7.9,6000,9,66000,0,138000
MANAPPURAM30Jan20170CE.NFO,07/01/2020,10:10:44,9.8,7.85,6000,8.95,60000,0,138000
MANAPPURAM30Jan20170CE.NFO,07/01/2020,10:10:49,9.8,7.85,6000,8.9,24000,0,138000
MANAPPURAM30Jan20170CE.NFO,07/01/2020,10:10:57,9.8,7.85,6000,8.95,24000,0,138000
MANAPPURAM30Jan20170CE.NFO,07/01/2020,10:11:02,9.8,7.85,6000,8.95,60000,0,138000
MANAPPURAM30Jan20170CE.NFO,07/01/2020,10:11:06,9.8,7.85,6000,8.95,48000,0,138000
MANAPPURAM30Jan20170CE.NFO,07/01/2020,10:11:21,9.8,7.95,6000,8.95,36000,0,138000
MANAPPURAM30Jan20170CE.NFO,07/01/2020,10:11:26,9.8,7.95,6000,9.05,72000,0,138000
MANAPPURAM30Jan20170CE.NFO,07/01/2020,10:11:42,9.8,7.95,6000,9.05,60000,0,138000
MANAPPURAM30Jan20170CE.NFO,07/01/2020,10:12:02,9.8,7.95,6000,9.05,72000,0,138000
MANAPPURAM30Jan20170CE.NFO,07/01/2020,10:12:20,9.8,7.95,6000,8.95,6000,0,138000
MANAPPURAM30Jan20170CE.NFO,07/01/2020,10:12:29,9.8,8.35,6000,8.95,6000,0,138000
MANAPPURAM30Jan20170CE.NFO,07/01/2020,10:12:33,9.8,8.05,60000,8.9,6000,0,138000
MANAPPURAM30Jan20170CE.NFO,07/01/2020,10:12:38,9.8,8.1,42000,8.95,6000,0,138000
MANAPPURAM30Jan20170CE.NFO,07/01/2020,10:12:43,9.8,8.35,6000,8.9,6000,0,138000
MANAPPURAM30Jan20170CE.NFO,07/01/2020,10:12:58,9.8,8.4,6000,8.9,12000,0,138000
MANAPPURAM30Jan20170CE.NFO,07/01/2020,10:13:04,9.8,8.35,6000,8.9,12000,0,138000
MANAPPURAM30Jan20170CE.NFO,07/01/2020,10:13:08,9.8,8.4,6000,8.9,12000,0,138000
MANAPPURAM30Jan20170CE.NFO,07/01/2020,10:13:14,9.8,8.4,6000,8.9,6000,0,138000
MANAPPURAM30Jan20170CE.NFO,07/01/2020,10:13:19,9.8,8.35,12000,8.9,12000,0,138000
MANAPPURAM30Jan20170CE.NFO,07/01/2020,10:13:24,9.8,8.35,6000,8.9,6000,0,138000
MANAPPURAM30Jan20170CE.NFO,07/01/2020,10:13:29,9.8,8.35,18000,8.9,6000,0,138000
MANAPPURAM30Jan20170CE.NFO,07/01/2020,10:13:33,8.9,8.5,6000,8.95,12000,6000,138000
MANAPPURAM30Jan20170CE.NFO,07/01/2020,10:13:33,8.9,8.5,6000,8.95,12000,0,138000
MANAPPURAM30Jan20170CE.NFO,07/01/2020,10:13:38,8.9,8.45,6000,8.95,12000,0,138000
MANAPPURAM30Jan20170CE.NFO,07/01/2020,10:13:47,8.9,8.45,6000,8.95,6000,0,138000
MANAPPURAM30Jan20170CE.NFO,07/01/2020,10:14:07,8.9,8.5,6000,8.95,12000,0,138000
MANAPPURAM30Jan20170CE.NFO,07/01/2020,10:14:23,8.9,8.55,6000,8.95,12000,0,138000
MANAPPURAM30Jan20170CE.NFO,07/01/2020,10:14:29,8.9,8.5,6000,8.95,12000,0,138000
MANAPPURAM30Jan20170CE.NFO,07/01/2020,10:14:34,8.9,8.4,6000,8.95,12000,0,138000
MANAPPURAM30Jan20170CE.NFO,07/01/2020,10:14:39,8.9,8.45,6000,8.95,12000,0,138000
MANAPPURAM30Jan20170CE.NFO,07/01/2020,10:14:48,8.9,8.5,6000,8.95,12000,0,138000
MANAPPURAM30Jan20170CE.NFO,07/01/2020,10:14:58,8.9,8.45,6000,8.95,12000,0,138000
MANAPPURAM30Jan20170CE.NFO,07/01/2020,10:15:09,8.9,8.5,6000,8.95,12000,0,138000
MANAPPURAM30Jan20170CE.NFO,07/01/2020,10:15:19,8.9,8.4,6000,8.95,12000,0,138000
MANAPPURAM30Jan20170CE.NFO,07/01/2020,10:15:33,8.9,8.4,36000,8.95,6000,0,138000
MANAPPURAM30Jan20170CE.NFO,07/01/2020,10:15:38,8.9,8.55,6000,8.95,6000,0,138000
MANAPPURAM30Jan20170CE.NFO,07/01/2020,10:15:43,8.9,8.5,6000,8.95,6000,0,138000
MANAPPURAM30Jan20170CE.NFO,07/01/2020,10:15:49,8.9,8.45,6000,8.95,12000,0,138000
MANAPPURAM30Jan20170CE.NFO,07/01/2020,10:15:55,8.9,8.5,6000,8.95,12000,0,138000
MANAPPURAM30Jan20170CE.NFO,07/01/2020,10:16:09,8.9,8.45,12000,8.95,12000,0,138000
MANAPPURAM30Jan20170CE.NFO,07/01/2020,10:16:14,8.9,8.5,6000,8.95,12000,0,138000
MANAPPURAM30Jan20170CE.NFO,07/01/2020,10:16:18,8.9,8.45,6000,8.95,12000,0,138000
MANAPPURAM30Jan20170CE.NFO,07/01/2020,10:16:27,8.9,8.5,6000,8.95,12000,0,138000
MANAPPURAM30Jan20170CE.NFO,07/01/2020,10:16:32,8.9,8.45,6000,8.95,12000,0,138000
MANAPPURAM30Jan20170CE.NFO,07/01/2020,10:16:37,8.9,8.5,6000,8.95,12000,0,138000
MANAPPURAM30Jan20170CE.NFO,07/01/2020,10:16:42,8.9,8.45,6000,8.95,12000,0,138000
MANAPPURAM30Jan20170CE.NFO,07/01/2020,10:16:47,8.9,8.5,6000,8.95,12000,0,138000
MANAPPURAM30Jan20170CE.NFO,07/01/2020,10:16:52,8.9,8.4,18000,8.95,6000,0,138000
MANAPPURAM30Jan20170CE.NFO,07/01/2020,10:16:56,8.9,8.45,6000,8.95,6000,0,138000
MANAPPURAM30Jan20170CE.NFO,07/01/2020,10:17:04,8.9,8.5,6000,8.95,6000,0,138000
MANAPPURAM30Jan20170CE.NFO,07/01/2020,10:17:35,8.9,8.5,6000,8.95,12000,0,138000
MANAPPURAM30Jan20170CE.NFO,07/01/2020,10:18:04,8.9,8.6,6000,8.95,12000,0,138000
MANAPPURAM30Jan20170CE.NFO,07/01/2020,10:18:16,8.9,8.55,6000,8.95,12000,0,138000
MANAPPURAM30Jan20170CE.NFO,07/01/2020,10:18:20,8.9,8.5,6000,8.95,12000,0,138000
MANAPPURAM30Jan20170CE.NFO,07/01/2020,10:18:28,8.9,8.55,6000,8.95,6000,0,138000
MANAPPURAM30Jan20170CE.NFO,07/01/2020,10:18:33,8.9,8.65,6000,9.05,6000,0,138000
MANAPPURAM30Jan20170CE.NFO,07/01/2020,10:18:44,8.9,8.6,6000,9.05,12000,0,138000
MANAPPURAM30Jan20170CE.NFO,07/01/2020,10:19:03,8.9,8.55,6000,9.05,12000,0,138000
MANAPPURAM30Jan20170CE.NFO,07/01/2020,10:20:17,8.9,8.6,6000,9.05,6000,0,138000
MANAPPURAM30Jan20170CE.NFO,07/01/2020,10:20:30,8.9,8.55,6000,9.05,12000,0,138000
MANAPPURAM30Jan20170CE.NFO,07/01/2020,10:20:47,8.9,8.55,6000,8.95,6000,0,138000
MANAPPURAM30Jan20170CE.NFO,07/01/2020,10:21:02,8.9,8.55,6000,9.05,12000,0,138000
MANAPPURAM30Jan20170CE.NFO,07/01/2020,10:21:49,8.9,8.6,6000,9.05,6000,0,138000
MANAPPURAM30Jan20170CE.NFO,07/01/2020,10:21:53,8.9,8.7,6000,9.05,12000,0,138000
MANAPPURAM30Jan20170CE.NFO,07/01/2020,10:21:57,8.9,8.6,6000,9.05,6000,0,138000
MANAPPURAM30Jan20170CE.NFO,07/01/2020,10:22:11,8.9,8.6,6000,9.05,12000,0,138000
MANAPPURAM30Jan20170CE.NFO,07/01/2020,10:22:23,8.9,8.7,6000,9.05,6000,0,138000
MANAPPURAM30Jan20170CE.NFO,07/01/2020,10:22:25,8.9,8.6,6000,9.05,6000,0,138000
MANAPPURAM30Jan20170CE.NFO,07/01/2020,10:22:42,8.9,8.55,12000,9.05,12000,0,138000
MANAPPURAM30Jan20170CE.NFO,07/01/2020,10:22:48,8.9,8.55,6000,8.95,6000,0,138000
MANAPPURAM30Jan20170CE.NFO,07/01/2020,10:23:03,8.9,8.55,18000,9,6000,0,138000
MANAPPURAM30Jan20170CE.NFO,07/01/2020,10:23:08,8.9,8.6,6000,9,6000,0,138000
MANAPPURAM30Jan20170CE.NFO,07/01/2020,10:23:12,8.9,8.65,6000,9,6000,0,138000
MANAPPURAM30Jan20170CE.NFO,07/01/2020,10:23:17,8.9,8.6,6000,9,6000,0,138000
MANAPPURAM30Jan20170CE.NFO,07/01/2020,10:23:36,8.9,8.65,6000,9,6000,0,138000
MANAPPURAM30Jan20170CE.NFO,07/01/2020,10:23:45,8.9,8.6,6000,9,6000,0,138000
MANAPPURAM30Jan20170CE.NFO,07/01/2020,10:23:53,8.9,8.55,6000,9,12000,0,138000
MANAPPURAM30Jan20170CE.NFO,07/01/2020,10:23:59,8.9,8.5,6000,9,12000,0,138000
MANAPPURAM30Jan20170CE.NFO,07/01/2020,10:24:19,8.9,8.6,6000,9,6000,0,138000
MANAPPURAM30Jan20170CE.NFO,07/01/2020,10:24:22,8.9,8.55,6000,9,6000,0,138000
MANAPPURAM30Jan20170CE.NFO,07/01/2020,10:24:32,8.9,8.5,6000,8.9,6000,0,138000
MANAPPURAM30Jan20170CE.NFO,07/01/2020,10:24:49,8.9,8.6,6000,8.9,6000,0,138000
MANAPPURAM30Jan20170CE.NFO,07/01/2020,10:24:52,8.9,8.5,6000,8.9,6000,0,138000
MANAPPURAM30Jan20170CE.NFO,07/01/2020,10:25:21,8.9,8.5,6000,8.9,12000,0,138000
MANAPPURAM30Jan20170CE.NFO,07/01/2020,10:25:25,8.9,8.45,6000,8.9,12000,0,138000
MANAPPURAM30Jan20170CE.NFO,07/01/2020,10:26:03,8.9,8.4,12000,8.8,6000,0,138000
MANAPPURAM30Jan20170CE.NFO,07/01/2020,10:26:06,8.9,8.45,6000,8.8,6000,0,138000
MANAPPURAM30Jan20170CE.NFO,07/01/2020,10:26:11,8.9,8.4,6000,8.8,6000,0,138000
MANAPPURAM30Jan20170CE.NFO,07/01/2020,10:29:05,8.9,8.45,6000,8.8,6000,0,138000
MANAPPURAM30Jan20170CE.NFO,07/01/2020,10:29:08,8.9,8.5,6000,8.8,6000,0,138000
MANAPPURAM30Jan20170CE.NFO,07/01/2020,10:29:14,8.9,8.45,6000,8.8,6000,0,138000
MANAPPURAM30Jan20170CE.NFO,07/01/2020,10:29:21,8.9,8.5,6000,8.8,6000,0,138000
MANAPPURAM30Jan20170CE.NFO,07/01/2020,10:29:24,8.9,8.45,6000,8.8,6000,0,138000
MANAPPURAM30Jan20170CE.NFO,07/01/2020,10:29:34,8.9,8.5,6000,8.8,6000,0,138000
MANAPPURAM30Jan20170CE.NFO,07/01/2020,10:29:37,8.9,8.45,6000,8.8,6000,0,138000
MANAPPURAM30Jan20170CE.NFO,07/01/2020,10:29:49,8.9,8.5,6000,8.8,6000,0,138000
MANAPPURAM30Jan20170CE.NFO,07/01/2020,10:29:51,8.9,8.45,6000,8.8,6000,0,138000
MANAPPURAM30Jan20170CE.NFO,07/01/2020,10:29:56,8.9,8.5,6000,8.8,6000,0,138000
MANAPPURAM30Jan20170CE.NFO,07/01/2020,10:30:02,8.9,8.45,12000,8.8,6000,0,138000
MANAPPURAM30Jan20170CE.NFO,07/01/2020,10:30:22,8.9,8.4,6000,8.8,6000,0,138000
MANAPPURAM30Jan20170CE.NFO,07/01/2020,10:30:27,8.9,8.5,6000,8.8,6000,0,138000
MANAPPURAM30Jan20170CE.NFO,07/01/2020,10:30:29,8.9,8.45,6000,8.8,6000,0,138000
MANAPPURAM30Jan20170CE.NFO,07/01/2020,10:30:34,8.9,8.5,6000,8.8,6000,0,138000
MANAPPURAM30Jan20170CE.NFO,07/01/2020,10:30:37,8.9,8.45,6000,8.8,6000,0,138000
MANAPPURAM30Jan20170CE.NFO,07/01/2020,10:30:40,8.9,8.5,6000,8.8,6000,0,138000
MANAPPURAM30Jan20170CE.NFO,07/01/2020,10:30:43,8.9,8.45,6000,8.8,6000,0,138000
MANAPPURAM30Jan20170CE.NFO,07/01/2020,10:31:00,8.9,8.5,6000,8.8,6000,0,138000
MANAPPURAM30Jan20170CE.NFO,07/01/2020,10:31:03,8.9,8.45,6000,8.8,6000,0,138000
MANAPPURAM30Jan20170CE.NFO,07/01/2020,10:31:06,8.9,8.5,6000,8.8,6000,0,138000
MANAPPURAM30Jan20170CE.NFO,07/01/2020,10:31:08,8.9,8.45,6000,8.8,6000,0,138000
MANAPPURAM30Jan20170CE.NFO,07/01/2020,10:31:16,8.9,8.5,6000,8.8,6000,0,138000
MANAPPURAM30Jan20170CE.NFO,07/01/2020,10:31:31,8.9,8.45,6000,8.8,6000,0,138000
MANAPPURAM30Jan20170CE.NFO,07/01/2020,10:31:34,8.9,8.5,6000,8.8,6000,0,138000
MANAPPURAM30Jan20170CE.NFO,07/01/2020,10:31:37,8.9,8.45,6000,8.8,6000,0,138000
MANAPPURAM30Jan20170CE.NFO,07/01/2020,10:31:44,8.9,8.4,6000,8.8,6000,0,138000
MANAPPURAM30Jan20170CE.NFO,07/01/2020,10:32:29,8.9,8.4,12000,8.8,12000,0,138000
MANAPPURAM30Jan20170CE.NFO,07/01/2020,10:32:33,8.9,8.35,12000,8.8,12000,0,138000
MANAPPURAM30Jan20170CE.NFO,07/01/2020,10:32:41,8.9,8.5,6000,8.8,6000,0,138000
MANAPPURAM30Jan20170CE.NFO,07/01/2020,10:32:45,8.9,8.4,6000,8.8,6000,0,138000
MANAPPURAM30Jan20170CE.NFO,07/01/2020,10:32:53,8.9,8.4,12000,8.8,6000,0,138000
MANAPPURAM30Jan20170CE.NFO,07/01/2020,10:33:24,8.9,8.4,6000,8.8,6000,0,138000
MANAPPURAM30Jan20170CE.NFO,07/01/2020,10:33:30,8.9,8.45,6000,8.8,6000,0,138000
MANAPPURAM30Jan20170CE.NFO,07/01/2020,10:33:36,8.9,8.4,12000,8.8,6000,0,138000
MANAPPURAM30Jan20170CE.NFO,07/01/2020,10:34:02,8.9,8.35,12000,8.8,12000,0,138000
MANAPPURAM30Jan20170CE.NFO,07/01/2020,10:34:10,8.9,8.4,6000,8.8,12000,0,138000
MANAPPURAM30Jan20170CE.NFO,07/01/2020,10:34:14,8.9,8.35,12000,8.8,6000,0,138000
MANAPPURAM30Jan20170CE.NFO,07/01/2020,10:34:22,8.9,8.4,6000,8.8,6000,0,138000
MANAPPURAM30Jan20170CE.NFO,07/01/2020,10:34:31,8.9,8.35,18000,8.8,6000,0,138000
MANAPPURAM30Jan20170CE.NFO,07/01/2020,10:34:35,8.9,8.4,6000,8.8,6000,0,138000
MANAPPURAM30Jan20170CE.NFO,07/01/2020,10:34:48,8.9,8.45,6000,8.8,6000,0,138000
MANAPPURAM30Jan20170CE.NFO,07/01/2020,10:34:52,8.9,8.4,6000,8.8,6000,0,138000
MANAPPURAM30Jan20170CE.NFO,07/01/2020,10:34:57,8.9,8.35,6000,8.8,6000,0,138000
MANAPPURAM30Jan20170CE.NFO,07/01/2020,10:35:00,8.9,8.4,6000,8.8,6000,0,138000
MANAPPURAM30Jan20170CE.NFO,07/01/2020,10:35:04,8.9,8.45,6000,8.8,6000,0,138000
MANAPPURAM30Jan20170CE.NFO,07/01/2020,10:35:07,8.9,8.3,6000,8.7,6000,0,138000
MANAPPURAM30Jan20170CE.NFO,07/01/2020,10:35:57,8.9,8.35,6000,8.7,6000,0,138000
MANAPPURAM30Jan20170CE.NFO,07/01/2020,10:36:01,8.9,8.4,6000,8.7,6000,0,138000
MANAPPURAM30Jan20170CE.NFO,07/01/2020,10:36:04,8.9,8.3,6000,8.7,6000,0,138000
MANAPPURAM30Jan20170CE.NFO,07/01/2020,10:36:09,8.9,8.35,6000,8.7,6000,0,138000
MANAPPURAM30Jan20170CE.NFO,07/01/2020,10:36:12,8.9,8.25,6000,8.7,6000,0,138000
MANAPPURAM30Jan20170CE.NFO,07/01/2020,10:36:26,8.9,8.35,6000,8.7,6000,0,138000
MANAPPURAM30Jan20170CE.NFO,07/01/2020,10:36:29,8.9,8.3,6000,8.7,6000,0,138000
MANAPPURAM30Jan20170CE.NFO,07/01/2020,10:36:39,8.9,8.35,6000,8.7,6000,0,138000
MANAPPURAM30Jan20170CE.NFO,07/01/2020,10:36:45,8.9,8.3,18000,8.7,6000,0,138000
MANAPPURAM30Jan20170CE.NFO,07/01/2020,10:36:49,8.9,8.35,6000,8.7,6000,0,138000
MANAPPURAM30Jan20170CE.NFO,07/01/2020,10:36:51,8.9,8.4,6000,8.7,6000,0,138000
MANAPPURAM30Jan20170CE.NFO,07/01/2020,10:36:57,8.9,8.3,6000,8.7,6000,0,138000
MANAPPURAM30Jan20170CE.NFO,07/01/2020,10:37:03,8.9,8.35,6000,8.7,6000,0,138000
MANAPPURAM30Jan20170CE.NFO,07/01/2020,10:37:07,8.9,8.3,12000,8.7,6000,0,138000
MANAPPURAM30Jan20170CE.NFO,07/01/2020,10:37:11,8.9,8.35,6000,8.7,6000,0,138000
MANAPPURAM30Jan20170CE.NFO,07/01/2020,10:37:18,8.9,8.3,12000,8.7,6000,0,138000
MANAPPURAM30Jan20170CE.NFO,07/01/2020,10:37:22,8.9,8.35,6000,8.7,6000,0,138000
MANAPPURAM30Jan20170CE.NFO,07/01/2020,10:37:30,8.7,8.6,6000,9,6000,6000,138000
MANAPPURAM30Jan20170CE.NFO,07/01/2020,10:37:30,8.7,8.6,6000,9,6000,0,138000
MANAPPURAM30Jan20170CE.NFO,07/01/2020,10:37:34,8.7,8.45,6000,8.85,6000,0,138000
MANAPPURAM30Jan20170CE.NFO,07/01/2020,10:37:37,8.7,8.3,6000,8.8,6000,0,138000
MANAPPURAM30Jan20170CE.NFO,07/01/2020,10:37:42,8.7,8.3,6000,8.85,6000,0,138000
MANAPPURAM30Jan20170CE.NFO,07/01/2020,10:37:46,8.7,8.5,6000,8.9,6000,0,138000
MANAPPURAM30Jan20170CE.NFO,07/01/2020,10:37:49,8.7,8.45,12000,8.9,6000,0,138000
MANAPPURAM30Jan20170CE.NFO,07/01/2020,10:37:52,8.7,8.5,6000,8.9,6000,0,138000
MANAPPURAM30Jan20170CE.NFO,07/01/2020,10:37:56,8.7,8.45,12000,8.9,6000,0,138000
MANAPPURAM30Jan20170CE.NFO,07/01/2020,10:38:01,8.7,8.5,6000,8.9,6000,0,138000
MANAPPURAM30Jan20170CE.NFO,07/01/2020,10:38:04,8.7,8.45,12000,8.9,6000,0,138000
MANAPPURAM30Jan20170CE.NFO,07/01/2020,10:38:13,8.7,8.5,6000,8.9,6000,0,138000
MANAPPURAM30Jan20170CE.NFO,07/01/2020,10:38:16,8.7,8.35,6000,8.9,6000,0,138000
MANAPPURAM30Jan20170CE.NFO,07/01/2020,10:39:06,8.7,8.3,6000,8.85,6000,0,138000
MANAPPURAM30Jan20170CE.NFO,07/01/2020,10:39:30,8.7,8.35,6000,8.85,6000,0,138000
MANAPPURAM30Jan20170CE.NFO,07/01/2020,10:39:33,8.7,8.35,12000,8.85,6000,0,138000
MANAPPURAM30Jan20170CE.NFO,07/01/2020,10:40:45,8.7,8.4,6000,8.9,6000,0,138000
MANAPPURAM30Jan20170CE.NFO,07/01/2020,10:41:06,8.7,8.45,12000,8.9,6000,0,138000
MANAPPURAM30Jan20170CE.NFO,07/01/2020,10:41:08,8.7,8.45,6000,8.9,6000,0,138000
MANAPPURAM30Jan20170CE.NFO,07/01/2020,10:41:18,8.7,8.5,12000,8.9,6000,0,138000
MANAPPURAM30Jan20170CE.NFO,07/01/2020,10:41:25,8.7,8.5,6000,9.05,6000,0,138000
MANAPPURAM30Jan20170CE.NFO,07/01/2020,10:41:30,8.7,8.6,6000,9,6000,0,138000
MANAPPURAM30Jan20170CE.NFO,07/01/2020,10:41:38,8.7,8.55,6000,9,6000,0,138000
MANAPPURAM30Jan20170CE.NFO,07/01/2020,10:41:41,8.7,8.65,6000,9.1,12000,0,138000
MANAPPURAM30Jan20170CE.NFO,07/01/2020,10:41:45,8.7,8.6,6000,9,6000,0,138000
MANAPPURAM30Jan20170CE.NFO,07/01/2020,10:41:47,8.7,8.6,6000,9.05,6000,0,138000
MANAPPURAM30Jan20170CE.NFO,07/01/2020,10:41:59,8.7,8.7,6000,9.15,6000,0,138000
MANAPPURAM30Jan20170CE.NFO,07/01/2020,10:42:01,8.7,8.75,6000,9.15,6000,0,138000
MANAPPURAM30Jan20170CE.NFO,07/01/2020,10:42:05,8.7,8.7,6000,9.15,6000,0,138000
MANAPPURAM30Jan20170CE.NFO,07/01/2020,10:42:25,8.7,8.75,24000,9.2,6000,0,138000
MANAPPURAM30Jan20170CE.NFO,07/01/2020,10:42:28,8.7,8.8,6000,9.2,6000,0,138000
MANAPPURAM30Jan20170CE.NFO,07/01/2020,10:42:31,8.7,8.7,6000,9.2,12000,0,138000
MANAPPURAM30Jan20170CE.NFO,07/01/2020,10:42:34,8.7,8.7,6000,9.2,6000,0,138000
MANAPPURAM30Jan20170CE.NFO,07/01/2020,10:42:37,8.7,8.7,6000,9.2,12000,0,138000
MANAPPURAM30Jan20170CE.NFO,07/01/2020,10:43:09,8.7,8.65,6000,9.2,12000,0,138000
MANAPPURAM30Jan20170CE.NFO,07/01/2020,10:43:14,8.7,8.65,30000,9.2,12000,0,138000
MANAPPURAM30Jan20170CE.NFO,07/01/2020,10:43:17,8.7,8.65,36000,9.2,12000,0,138000
MANAPPURAM30Jan20170CE.NFO,07/01/2020,10:43:24,8.7,8.65,24000,9.2,12000,0,138000
MANAPPURAM30Jan20170CE.NFO,07/01/2020,10:43:28,8.7,8.7,6000,9.2,12000,0,138000
MANAPPURAM30Jan20170CE.NFO,07/01/2020,10:43:38,8.7,8.6,12000,9,6000,0,138000
MANAPPURAM30Jan20170CE.NFO,07/01/2020,10:43:43,8.7,8.45,6000,8.95,6000,0,138000
MANAPPURAM30Jan20170CE.NFO,07/01/2020,10:43:47,8.7,8.45,6000,8.95,12000,0,138000
MANAPPURAM30Jan20170CE.NFO,07/01/2020,10:43:51,8.7,8.45,6000,8.95,6000,0,138000
MANAPPURAM30Jan20170CE.NFO,07/01/2020,10:44:01,8.7,8.45,24000,8.95,6000,0,138000
MANAPPURAM30Jan20170CE.NFO,07/01/2020,10:44:15,8.7,8.45,6000,8.95,6000,0,138000
MANAPPURAM30Jan20170CE.NFO,07/01/2020,10:44:26,8.7,8.5,12000,8.95,6000,0,138000
MANAPPURAM30Jan20170CE.NFO,07/01/2020,10:45:19,8.7,8.4,6000,8.85,6000,0,138000
MANAPPURAM30Jan20170CE.NFO,07/01/2020,10:45:22,8.7,8.4,6000,8.9,6000,0,138000
MANAPPURAM30Jan20170CE.NFO,07/01/2020,10:45:28,8.7,8.35,6000,8.9,6000,0,138000
MANAPPURAM30Jan20170CE.NFO,07/01/2020,10:45:31,8.7,8.35,6000,8.85,6000,0,138000
MANAPPURAM30Jan20170CE.NFO,07/01/2020,10:45:55,8.7,8.45,6000,8.85,6000,0,138000
MANAPPURAM30Jan20170CE.NFO,07/01/2020,10:45:59,8.7,8.4,6000,8.85,6000,0,138000
MANAPPURAM30Jan20170CE.NFO,07/01/2020,10:46:05,8.7,8.45,6000,8.85,6000,0,138000
MANAPPURAM30Jan20170CE.NFO,07/01/2020,10:46:12,8.7,8.4,6000,8.85,6000,0,138000
MANAPPURAM30Jan20170CE.NFO,07/01/2020,10:46:14,8.7,8.45,6000,8.85,6000,0,138000
MANAPPURAM30Jan20170CE.NFO,07/01/2020,10:46:20,8.7,8.45,6000,8.85,12000,0,138000
MANAPPURAM30Jan20170CE.NFO,07/01/2020,10:46:26,8.7,8.4,12000,8.85,12000,0,138000
MANAPPURAM30Jan20170CE.NFO,07/01/2020,10:46:31,8.7,8.45,6000,8.85,12000,0,138000
MANAPPURAM30Jan20170CE.NFO,07/01/2020,10:46:42,8.7,8.4,12000,8.85,12000,0,138000
MANAPPURAM30Jan20170CE.NFO,07/01/2020,10:46:45,8.7,8.4,6000,8.85,12000,0,138000
MANAPPURAM30Jan20170CE.NFO,07/01/2020,10:46:48,8.7,8.4,12000,8.85,12000,0,138000
MANAPPURAM30Jan20170CE.NFO,07/01/2020,10:46:51,8.7,8.45,6000,8.85,12000,0,138000
MANAPPURAM30Jan20170CE.NFO,07/01/2020,10:46:54,8.7,8.4,12000,8.85,12000,0,138000
MANAPPURAM30Jan20170CE.NFO,07/01/2020,10:46:57,8.7,8.45,6000,8.85,12000,0,138000
MANAPPURAM30Jan20170CE.NFO,07/01/2020,10:47:00,8.7,8.4,6000,8.85,12000,0,138000
MANAPPURAM30Jan20170CE.NFO,07/01/2020,10:47:03,8.7,8.35,6000,8.85,12000,0,138000
MANAPPURAM30Jan20170CE.NFO,07/01/2020,10:47:42,8.7,8.45,6000,8.85,12000,0,138000
MANAPPURAM30Jan20170CE.NFO,07/01/2020,10:47:45,8.7,8.4,12000,8.85,12000,0,138000
MANAPPURAM30Jan20170CE.NFO,07/01/2020,10:47:49,8.7,8.45,6000,8.85,12000,0,138000
MANAPPURAM30Jan20170CE.NFO,07/01/2020,10:47:53,8.7,8.4,12000,8.85,12000,0,138000
MANAPPURAM30Jan20170CE.NFO,07/01/2020,10:47:57,8.7,8.45,6000,8.85,12000,0,138000
MANAPPURAM30Jan20170CE.NFO,07/01/2020,10:48:00,8.7,8.4,12000,8.85,12000,0,138000
MANAPPURAM30Jan20170CE.NFO,07/01/2020,10:48:07,8.7,8.45,6000,8.85,12000,0,138000
MANAPPURAM30Jan20170CE.NFO,07/01/2020,10:48:11,8.7,8.4,12000,8.85,12000,0,138000
MANAPPURAM30Jan20170CE.NFO,07/01/2020,10:48:18,8.7,8.45,6000,8.85,12000,0,138000
MANAPPURAM30Jan20170CE.NFO,07/01/2020,10:48:21,8.7,8.4,30000,8.85,12000,0,138000
MANAPPURAM30Jan20170CE.NFO,07/01/2020,10:48:24,8.7,8.45,6000,8.85,12000,0,138000
MANAPPURAM30Jan20170CE.NFO,07/01/2020,10:48:29,8.7,8.4,30000,8.85,12000,0,138000
MANAPPURAM30Jan20170CE.NFO,07/01/2020,10:48:32,8.7,8.4,6000,8.85,12000,0,138000
MANAPPURAM30Jan20170CE.NFO,07/01/2020,10:48:36,8.7,8.45,6000,8.85,12000,0,138000
MANAPPURAM30Jan20170CE.NFO,07/01/2020,10:48:56,8.7,8.4,6000,8.85,12000,0,138000
MANAPPURAM30Jan20170CE.NFO,07/01/2020,10:49:00,8.7,8.45,6000,8.85,12000,0,138000
MANAPPURAM30Jan20170CE.NFO,07/01/2020,10:49:08,8.7,8.4,12000,8.9,12000,0,138000
MANAPPURAM30Jan20170CE.NFO,07/01/2020,10:49:12,8.7,8.45,6000,8.9,12000,0,138000
MANAPPURAM30Jan20170CE.NFO,07/01/2020,10:49:15,8.7,8.4,18000,8.9,12000,0,138000
MANAPPURAM30Jan20170CE.NFO,07/01/2020,10:49:21,8.7,8.45,6000,8.9,12000,0,138000
MANAPPURAM30Jan20170CE.NFO,07/01/2020,10:49:28,8.7,8.4,6000,8.9,12000,0,138000
MANAPPURAM30Jan20170CE.NFO,07/01/2020,10:49:31,8.7,8.45,6000,8.9,12000,0,138000
MANAPPURAM30Jan20170CE.NFO,07/01/2020,10:49:41,8.7,8.4,6000,8.9,12000,0,138000
MANAPPURAM30Jan20170CE.NFO,07/01/2020,10:49:45,8.7,8.3,12000,8.8,12000,0,138000
MANAPPURAM30Jan20170CE.NFO,07/01/2020,10:50:00,8.7,8.3,6000,8.8,12000,0,138000
MANAPPURAM30Jan20170CE.NFO,07/01/2020,10:50:11,8.7,8.25,12000,8.8,12000,0,138000
MANAPPURAM30Jan20170CE.NFO,07/01/2020,10:50:16,8.7,8.3,12000,8.8,6000,0,138000
MANAPPURAM30Jan20170CE.NFO,07/01/2020,10:50:22,8.7,8.25,12000,8.9,6000,0,138000
MANAPPURAM30Jan20170CE.NFO,07/01/2020,10:50:26,8.7,8.3,6000,8.9,6000,0,138000
MANAPPURAM30Jan20170CE.NFO,07/01/2020,10:50:30,8.7,8.3,6000,8.75,12000,0,138000
MANAPPURAM30Jan20170CE.NFO,07/01/2020,10:50:34,8.7,8.3,12000,8.75,12000,0,138000
MANAPPURAM30Jan20170CE.NFO,07/01/2020,10:50:38,8.7,8.35,6000,8.75,12000,0,138000
MANAPPURAM30Jan20170CE.NFO,07/01/2020,10:50:43,8.7,8.35,12000,8.75,12000,0,138000
MANAPPURAM30Jan20170CE.NFO,07/01/2020,10:52:13,8.7,8.4,6000,8.75,12000,0,138000
MANAPPURAM30Jan20170CE.NFO,07/01/2020,10:52:22,8.7,8.4,6000,8.7,6000,0,138000
MANAPPURAM30Jan20170CE.NFO,07/01/2020,10:52:26,8.7,8.45,6000,8.7,6000,0,138000
MANAPPURAM30Jan20170CE.NFO,07/01/2020,10:52:37,8.7,8.45,12000,8.9,6000,0,138000
MANAPPURAM30Jan20170CE.NFO,07/01/2020,10:52:42,8.7,8.55,6000,8.9,6000,0,138000
MANAPPURAM30Jan20170CE.NFO,07/01/2020,10:52:46,8.7,8.55,6000,8.85,6000,0,138000
MANAPPURAM30Jan20170CE.NFO,07/01/2020,10:52:58,8.7,8.5,6000,8.8,6000,0,138000
MANAPPURAM30Jan20170CE.NFO,07/01/2020,10:53:04,8.7,8.5,6000,8.85,6000,0,138000
MANAPPURAM30Jan20170CE.NFO,07/01/2020,10:53:15,8.7,8.45,6000,8.8,6000,0,138000
MANAPPURAM30Jan20170CE.NFO,07/01/2020,10:54:07,8.7,8.5,6000,8.8,30000,0,138000
MANAPPURAM30Jan20170CE.NFO,07/01/2020,10:54:12,8.7,8.45,6000,8.8,30000,0,138000
MANAPPURAM30Jan20170CE.NFO,07/01/2020,10:54:22,8.7,8.6,6000,8.9,6000,0,138000
MANAPPURAM30Jan20170CE.NFO,07/01/2020,10:54:45,8.7,8.65,6000,8.9,6000,0,138000
MANAPPURAM30Jan20170CE.NFO,07/01/2020,10:55:05,8.7,8.6,6000,8.85,12000,0,138000
MANAPPURAM30Jan20170CE.NFO,07/01/2020,10:55:14,8.7,8.55,6000,8.8,6000,0,138000
MANAPPURAM30Jan20170CE.NFO,07/01/2020,10:55:36,8.7,8.55,6000,8.85,6000,0,138000
MANAPPURAM30Jan20170CE.NFO,07/01/2020,10:55:42,8.7,8.55,6000,8.85,12000,0,138000
MANAPPURAM30Jan20170CE.NFO,07/01/2020,10:55:47,8.7,8.6,6000,8.85,12000,0,138000
MANAPPURAM30Jan20170CE.NFO,07/01/2020,10:55:52,8.7,8.55,6000,8.75,6000,0,138000
MANAPPURAM30Jan20170CE.NFO,07/01/2020,10:55:57,8.7,8.55,6000,8.85,12000,0,138000
MANAPPURAM30Jan20170CE.NFO,07/01/2020,10:56:01,8.7,8.55,6000,8.8,6000,0,138000
MANAPPURAM30Jan20170CE.NFO,07/01/2020,10:56:05,8.7,8.55,12000,8.85,6000,0,138000
MANAPPURAM30Jan20170CE.NFO,07/01/2020,10:56:10,8.7,8.6,6000,8.9,6000,0,138000
MANAPPURAM30Jan20170CE.NFO,07/01/2020,10:56:15,8.7,8.65,6000,8.9,6000,0,138000
MANAPPURAM30Jan20170CE.NFO,07/01/2020,10:56:37,8.7,8.65,6000,8.95,12000,0,138000
MANAPPURAM30Jan20170CE.NFO,07/01/2020,10:56:50,8.7,8.6,6000,8.85,12000,0,138000
MANAPPURAM30Jan20170CE.NFO,07/01/2020,10:56:55,8.7,8.55,6000,8.85,12000,0,138000
MANAPPURAM30Jan20170CE.NFO,07/01/2020,10:57:12,8.7,8.6,6000,8.85,12000,0,138000
MANAPPURAM30Jan20170CE.NFO,07/01/2020,10:57:18,8.7,8.55,6000,8.85,12000,0,138000
MANAPPURAM30Jan20170CE.NFO,07/01/2020,10:57:32,8.7,8.5,6000,8.85,6000,0,138000
MANAPPURAM30Jan20170CE.NFO,07/01/2020,10:57:39,8.7,8.45,6000,8.75,12000,0,138000
MANAPPURAM30Jan20170CE.NFO,07/01/2020,10:57:45,8.7,8.35,6000,8.65,6000,0,138000
MANAPPURAM30Jan20170CE.NFO,07/01/2020,10:57:57,8.7,8.4,6000,8.7,30000,0,138000
MANAPPURAM30Jan20170CE.NFO,07/01/2020,10:58:03,8.7,8.4,6000,8.65,6000,0,138000
MANAPPURAM30Jan20170CE.NFO,07/01/2020,10:58:10,8.7,8.35,6000,8.6,6000,0,138000
MANAPPURAM30Jan20170CE.NFO,07/01/2020,10:58:16,8.7,8.4,6000,8.65,12000,0,138000
MANAPPURAM30Jan20170CE.NFO,07/01/2020,10:58:29,8.7,8.35,6000,8.6,6000,0,138000
MANAPPURAM30Jan20170CE.NFO,07/01/2020,10:58:36,8.7,8.3,6000,8.6,6000,0,138000
MANAPPURAM30Jan20170CE.NFO,07/01/2020,10:58:42,8.7,8.3,6000,8.5,6000,0,138000
MANAPPURAM30Jan20170CE.NFO,07/01/2020,10:58:48,8.7,8.3,6000,8.55,12000,0,138000
MANAPPURAM30Jan20170CE.NFO,07/01/2020,10:59:14,8.7,8.25,6000,8.5,6000,0,138000
MANAPPURAM30Jan20170CE.NFO,07/01/2020,10:59:54,8.7,8,12000,8.55,24000,0,138000
MANAPPURAM30Jan20170CE.NFO,07/01/2020,11:00:00,8.7,8.15,6000,8.55,24000,0,138000
MANAPPURAM30Jan20170CE.NFO,07/01/2020,11:00:07,8.7,8.25,6000,8.5,6000,0,138000
MANAPPURAM30Jan20170CE.NFO,07/01/2020,11:00:15,8.7,8.25,6000,8.6,6000,0,138000
MANAPPURAM30Jan20170CE.NFO,07/01/2020,11:00:29,8.7,8.3,6000,8.6,6000,0,138000
MANAPPURAM30Jan20170CE.NFO,07/01/2020,11:00:42,8.7,8.25,6000,8.6,6000,0,138000
MANAPPURAM30Jan20170CE.NFO,07/01/2020,11:01:02,8.7,8.25,6000,8.6,30000,0,138000
MANAPPURAM30Jan20170CE.NFO,07/01/2020,11:01:25,8.7,8.25,6000,8.6,54000,0,138000
MANAPPURAM30Jan20170CE.NFO,07/01/2020,11:01:33,8.7,8.25,6000,8.5,6000,0,138000
MANAPPURAM30Jan20170CE.NFO,07/01/2020,11:01:40,8.7,8.25,6000,8.55,6000,0,138000
MANAPPURAM30Jan20170CE.NFO,07/01/2020,11:01:48,8.7,8.05,6000,8.6,6000,0,138000
MANAPPURAM30Jan20170CE.NFO,07/01/2020,11:01:56,8.7,8.25,6000,8.6,6000,0,138000
MANAPPURAM30Jan20170CE.NFO,07/01/2020,11:02:03,8.7,8.3,6000,8.65,12000,0,138000
MANAPPURAM30Jan20170CE.NFO,07/01/2020,11:02:10,8.7,8.35,6000,8.65,12000,0,138000
MANAPPURAM30Jan20170CE.NFO,07/01/2020,11:02:29,8.7,8.35,6000,8.6,6000,0,138000
MANAPPURAM30Jan20170CE.NFO,07/01/2020,11:02:49,8.7,8.3,6000,8.6,6000,0,138000
MANAPPURAM30Jan20170CE.NFO,07/01/2020,11:03:08,8.7,8.3,6000,8.65,12000,0,138000
MANAPPURAM30Jan20170CE.NFO,07/01/2020,11:03:34,8.7,8.25,6000,8.55,6000,0,138000
MANAPPURAM30Jan20170CE.NFO,07/01/2020,11:03:42,8.7,8.25,6000,8.55,12000,0,138000
MANAPPURAM30Jan20170CE.NFO,07/01/2020,11:03:49,8.7,8.3,6000,8.5,6000,0,138000
MANAPPURAM30Jan20170CE.NFO,07/01/2020,11:03:56,8.7,8.25,6000,8.55,12000,0,138000
MANAPPURAM30Jan20170CE.NFO,07/01/2020,11:04:03,8.7,8.3,6000,8.6,6000,0,138000
MANAPPURAM30Jan20170CE.NFO,07/01/2020,11:04:09,8.7,8.25,6000,8.5,6000,0,138000
MANAPPURAM30Jan20170CE.NFO,07/01/2020,11:04:16,8.7,8.25,6000,8.55,12000,0,138000
MANAPPURAM30Jan20170CE.NFO,07/01/2020,11:04:29,8.7,8.3,6000,8.65,6000,0,138000
MANAPPURAM30Jan20170CE.NFO,07/01/2020,11:04:36,8.7,8.15,6000,8.55,12000,0,138000
MANAPPURAM30Jan20170CE.NFO,07/01/2020,11:04:43,8.7,8.25,6000,8.55,12000,0,138000
MANAPPURAM30Jan20170CE.NFO,07/01/2020,11:04:56,8.7,8.3,6000,8.5,6000,0,138000
MANAPPURAM30Jan20170CE.NFO,07/01/2020,11:05:03,8.7,8.3,6000,8.55,12000,0,138000
MANAPPURAM30Jan20170CE.NFO,07/01/2020,11:05:10,8.7,8.25,6000,8.55,12000,0,138000
MANAPPURAM30Jan20170CE.NFO,07/01/2020,11:05:45,8.7,8.25,6000,8.65,12000,0,138000
MANAPPURAM30Jan20170CE.NFO,07/01/2020,11:05:59,8.7,8.35,6000,8.75,6000,0,138000
MANAPPURAM30Jan20170CE.NFO,07/01/2020,11:06:05,8.7,8.3,6000,8.7,6000,0,138000
MANAPPURAM30Jan20170CE.NFO,07/01/2020,11:06:12,8.7,8.3,6000,8.75,12000,0,138000
MANAPPURAM30Jan20170CE.NFO,07/01/2020,11:06:19,8.7,8.25,6000,8.75,12000,0,138000
MANAPPURAM30Jan20170CE.NFO,07/01/2020,11:06:25,8.7,8.15,12000,8.75,12000,0,138000
MANAPPURAM30Jan20170CE.NFO,07/01/2020,11:06:31,8.7,8.35,6000,8.75,12000,0,138000
MANAPPURAM30Jan20170CE.NFO,07/01/2020,11:06:36,8.7,8.15,6000,8.75,12000,0,138000
MANAPPURAM30Jan20170CE.NFO,07/01/2020,11:07:27,8.7,8.4,6000,8.75,12000,0,138000
MANAPPURAM30Jan20170CE.NFO,07/01/2020,11:08:24,8.7,8.45,6000,8.75,12000,0,138000
MANAPPURAM30Jan20170CE.NFO,07/01/2020,11:08:30,8.7,8.5,6000,8.75,6000,0,138000
MANAPPURAM30Jan20170CE.NFO,07/01/2020,11:08:35,8.7,8.5,6000,8.75,12000,0,138000
MANAPPURAM30Jan20170CE.NFO,07/01/2020,11:08:45,8.7,8.45,6000,8.75,12000,0,138000
MANAPPURAM30Jan20170CE.NFO,07/01/2020,11:08:54,8.7,8.5,6000,8.75,12000,0,138000
MANAPPURAM30Jan20170CE.NFO,07/01/2020,11:09:05,8.7,8.45,6000,8.75,12000,0,138000
MANAPPURAM30Jan20170CE.NFO,07/01/2020,11:09:29,8.7,8.4,6000,8.75,12000,0,138000
MANAPPURAM30Jan20170CE.NFO,07/01/2020,11:10:22,8.7,8.35,12000,8.75,12000,0,138000
MANAPPURAM30Jan20170CE.NFO,07/01/2020,11:10:27,8.7,8.4,6000,8.75,12000,0,138000
MANAPPURAM30Jan20170CE.NFO,07/01/2020,11:10:36,8.7,8.45,6000,8.75,12000,0,138000
MANAPPURAM30Jan20170CE.NFO,07/01/2020,11:11:08,8.7,8.4,6000,8.7,12000,0,138000
MANAPPURAM30Jan20170CE.NFO,07/01/2020,11:11:20,8.7,8.25,12000,8.7,12000,0,138000
MANAPPURAM30Jan20170CE.NFO,07/01/2020,11:11:26,8.7,8.25,6000,8.65,12000,0,138000
MANAPPURAM30Jan20170CE.NFO,07/01/2020,11:11:34,8.7,8.25,6000,8.55,12000,0,138000
MANAPPURAM30Jan20170CE.NFO,07/01/2020,11:11:48,8.7,8.25,12000,8.6,12000,0,138000
MANAPPURAM30Jan20170CE.NFO,07/01/2020,11:11:54,8.7,8.35,6000,8.75,6000,0,138000
MANAPPURAM30Jan20170CE.NFO,07/01/2020,11:12:01,8.7,8.25,6000,8.65,6000,0,138000
MANAPPURAM30Jan20170CE.NFO,07/01/2020,11:12:17,8.7,8.3,6000,8.7,6000,0,138000
MANAPPURAM30Jan20170CE.NFO,07/01/2020,11:12:31,8.7,8.25,6000,8.7,6000,0,138000
MANAPPURAM30Jan20170CE.NFO,07/01/2020,11:12:37,8.7,8.3,6000,8.7,6000,0,138000
MANAPPURAM30Jan20170CE.NFO,07/01/2020,11:12:58,8.7,8.25,12000,8.7,6000,0,138000
MANAPPURAM30Jan20170CE.NFO,07/01/2020,11:13:09,8.7,8.25,6000,8.65,18000,0,138000
MANAPPURAM30Jan20170CE.NFO,07/01/2020,11:13:15,8.7,8.25,6000,8.6,6000,0,138000
MANAPPURAM30Jan20170CE.NFO,07/01/2020,11:13:38,8.7,8.2,6000,8.6,6000,0,138000
MANAPPURAM30Jan20170CE.NFO,07/01/2020,11:13:44,8.7,8.25,6000,8.6,6000,0,138000
MANAPPURAM30Jan20170CE.NFO,07/01/2020,11:13:50,8.7,8.25,6000,8.65,6000,0,138000
MANAPPURAM30Jan20170CE.NFO,07/01/2020,11:13:55,8.7,8.25,6000,8.7,6000,0,138000
MANAPPURAM30Jan20170CE.NFO,07/01/2020,11:14:11,8.7,8.25,6000,8.65,6000,0,138000
MANAPPURAM30Jan20170CE.NFO,07/01/2020,11:14:23,8.7,8.25,6000,8.65,42000,0,138000
MANAPPURAM30Jan20170CE.NFO,07/01/2020,11:14:29,8.7,8.25,6000,8.6,6000,0,138000
MANAPPURAM30Jan20170CE.NFO,07/01/2020,11:14:34,8.7,8.3,6000,8.7,6000,0,138000
MANAPPURAM30Jan20170CE.NFO,07/01/2020,11:14:43,8.7,8.25,6000,8.65,6000,0,138000
MANAPPURAM30Jan20170CE.NFO,07/01/2020,11:15:07,8.7,8.25,6000,8.6,6000,0,138000
MANAPPURAM30Jan20170CE.NFO,07/01/2020,11:15:13,8.7,8.2,6000,8.6,6000,0,138000
MANAPPURAM30Jan20170CE.NFO,07/01/2020,11:15:28,8.7,8.2,6000,8.55,6000,0,138000
MANAPPURAM30Jan20170CE.NFO,07/01/2020,11:15:34,8.7,8.15,6000,8.5,6000,0,138000
MANAPPURAM30Jan20170CE.NFO,07/01/2020,11:15:40,8.7,8.15,6000,8.45,6000,0,138000
MANAPPURAM30Jan20170CE.NFO,07/01/2020,11:16:07,8.7,8.1,12000,8.4,6000,0,138000
MANAPPURAM30Jan20170CE.NFO,07/01/2020,11:16:20,8.7,8.15,12000,8.45,6000,0,138000
MANAPPURAM30Jan20170CE.NFO,07/01/2020,11:16:43,8.7,8.2,18000,8.45,6000,0,138000
MANAPPURAM30Jan20170CE.NFO,07/01/2020,11:16:49,8.7,8.15,12000,8.45,6000,0,138000
MANAPPURAM30Jan20170CE.NFO,07/01/2020,11:17:11,8.7,8.15,12000,8.4,6000,0,138000
MANAPPURAM30Jan20170CE.NFO,07/01/2020,11:17:20,8.7,8.15,12000,8.45,6000,0,138000
MANAPPURAM30Jan20170CE.NFO,07/01/2020,11:17:35,8.7,8,6000,8.5,24000,0,138000
MANAPPURAM30Jan20170CE.NFO,07/01/2020,11:17:42,8.7,8.1,12000,8.5,42000,0,138000
MANAPPURAM30Jan20170CE.NFO,07/01/2020,11:17:48,8.7,8.1,12000,8.4,6000,0,138000
MANAPPURAM30Jan20170CE.NFO,07/01/2020,11:18:08,8.7,8.15,12000,8.5,30000,0,138000
MANAPPURAM30Jan20170CE.NFO,07/01/2020,11:18:13,8.7,8.2,12000,8.45,6000,0,138000
MANAPPURAM30Jan20170CE.NFO,07/01/2020,11:18:19,8.7,8.3,12000,8.7,42000,0,138000
MANAPPURAM30Jan20170CE.NFO,07/01/2020,11:18:23,8.7,8.25,12000,8.6,6000,0,138000
MANAPPURAM30Jan20170CE.NFO,07/01/2020,11:18:45,8.7,8.35,12000,8.65,30000,0,138000
MANAPPURAM30Jan20170CE.NFO,07/01/2020,11:18:57,8.7,8.45,12000,8.7,6000,0,138000
MANAPPURAM30Jan20170CE.NFO,07/01/2020,11:19:03,8.7,8.45,12000,8.75,30000,0,138000
MANAPPURAM30Jan20170CE.NFO,07/01/2020,11:19:08,8.7,8.45,12000,8.7,6000,0,138000
MANAPPURAM30Jan20170CE.NFO,07/01/2020,11:19:14,8.7,8.45,12000,8.75,24000,0,138000
MANAPPURAM30Jan20170CE.NFO,07/01/2020,11:19:22,8.7,8.3,12000,8.75,72000,0,138000
MANAPPURAM30Jan20170CE.NFO,07/01/2020,11:19:30,8.7,8.35,12000,8.75,60000,0,138000
MANAPPURAM30Jan20170CE.NFO,07/01/2020,11:19:36,8.7,8.35,12000,8.75,36000,0,138000
MANAPPURAM30Jan20170CE.NFO,07/01/2020,11:19:42,8.7,8.35,12000,8.75,60000,0,138000
MANAPPURAM30Jan20170CE.NFO,07/01/2020,11:19:49,8.7,8.45,12000,8.7,6000,0,138000
MANAPPURAM30Jan20170CE.NFO,07/01/2020,11:19:54,8.7,8.5,12000,8.75,6000,0,138000
MANAPPURAM30Jan20170CE.NFO,07/01/2020,11:20:10,8.7,8.4,12000,8.75,6000,0,138000
MANAPPURAM30Jan20170CE.NFO,07/01/2020,11:20:16,8.7,8.45,12000,8.75,6000,0,138000
MANAPPURAM30Jan20170CE.NFO,07/01/2020,11:20:21,8.7,8.4,18000,8.7,6000,0,138000
MANAPPURAM30Jan20170CE.NFO,07/01/2020,11:20:32,8.7,8.5,12000,8.75,6000,0,138000
MANAPPURAM30Jan20170CE.NFO,07/01/2020,11:20:47,8.7,8.55,12000,8.8,6000,0,138000
MANAPPURAM30Jan20170CE.NFO,07/01/2020,11:20:59,8.7,8.55,6000,8.9,12000,0,138000
MANAPPURAM30Jan20170CE.NFO,07/01/2020,11:21:04,8.7,8.55,6000,8.85,12000,0,138000
MANAPPURAM30Jan20170CE.NFO,07/01/2020,11:21:14,8.7,8.6,12000,8.95,30000,0,138000
MANAPPURAM30Jan20170CE.NFO,07/01/2020,11:21:18,8.7,8.6,12000,8.9,12000,0,138000
MANAPPURAM30Jan20170CE.NFO,07/01/2020,11:21:28,8.7,8.45,6000,8.9,12000,0,138000
MANAPPURAM30Jan20170CE.NFO,07/01/2020,11:21:41,8.7,8.55,6000,8.75,18000,0,138000
MANAPPURAM30Jan20170CE.NFO,07/01/2020,11:21:46,8.7,8.45,6000,8.75,12000,0,138000
MANAPPURAM30Jan20170CE.NFO,07/01/2020,11:21:51,8.7,8.55,6000,8.75,12000,0,138000
MANAPPURAM30Jan20170CE.NFO,07/01/2020,11:21:55,8.7,8.55,6000,8.75,18000,0,138000
MANAPPURAM30Jan20170CE.NFO,07/01/2020,11:21:59,8.7,8.55,6000,8.7,12000,0,138000
MANAPPURAM30Jan20170CE.NFO,07/01/2020,11:22:03,8.7,8.55,12000,8.75,18000,0,138000
MANAPPURAM30Jan20170CE.NFO,07/01/2020,11:22:19,8.7,8.55,6000,8.7,12000,0,138000
MANAPPURAM30Jan20170CE.NFO,07/01/2020,11:22:24,8.7,8.55,12000,8.7,12000,0,138000
MANAPPURAM30Jan20170CE.NFO,07/01/2020,11:22:29,8.7,8.45,6000,8.7,12000,0,138000
MANAPPURAM30Jan20170CE.NFO,07/01/2020,11:22:34,8.7,8.5,6000,8.7,12000,0,138000
MANAPPURAM30Jan20170CE.NFO,07/01/2020,11:22:39,8.7,8.55,6000,8.7,12000,0,138000
MANAPPURAM30Jan20170CE.NFO,07/01/2020,11:22:43,8.7,8.5,6000,8.7,12000,0,138000
MANAPPURAM30Jan20170CE.NFO,07/01/2020,11:22:51,8.7,8.5,6000,8.85,6000,0,138000
MANAPPURAM30Jan20170CE.NFO,07/01/2020,11:22:57,8.7,8.5,12000,8.85,6000,0,138000
MANAPPURAM30Jan20170CE.NFO,07/01/2020,11:23:03,8.7,8.55,6000,8.85,6000,0,138000
MANAPPURAM30Jan20170CE.NFO,07/01/2020,11:23:08,8.7,8.55,6000,8.7,12000,0,138000
MANAPPURAM30Jan20170CE.NFO,07/01/2020,11:23:13,8.7,8.5,6000,8.7,12000,0,138000
MANAPPURAM30Jan20170CE.NFO,07/01/2020,11:23:54,8.7,8.6,12000,8.8,12000,0,138000
MANAPPURAM30Jan20170CE.NFO,07/01/2020,11:23:59,8.7,8.55,6000,8.9,6000,0,138000
MANAPPURAM30Jan20170CE.NFO,07/01/2020,11:24:16,8.7,8.65,6000,8.85,18000,0,138000
MANAPPURAM30Jan20170CE.NFO,07/01/2020,11:24:20,8.7,8.55,6000,8.8,12000,0,138000
MANAPPURAM30Jan20170CE.NFO,07/01/2020,11:24:25,8.7,8.65,6000,8.8,12000,0,138000
MANAPPURAM30Jan20170CE.NFO,07/01/2020,11:24:30,8.7,8.55,6000,8.8,12000,0,138000
MANAPPURAM30Jan20170CE.NFO,07/01/2020,11:24:35,8.7,8.65,6000,8.8,12000,0,138000
MANAPPURAM30Jan20170CE.NFO,07/01/2020,11:24:53,8.7,8.65,6000,8.85,18000,0,138000
MANAPPURAM30Jan20170CE.NFO,07/01/2020,11:25:07,8.7,8.55,6000,8.85,18000,0,138000
MANAPPURAM30Jan20170CE.NFO,07/01/2020,11:25:11,8.7,8.6,6000,8.85,18000,0,138000
MANAPPURAM30Jan20170CE.NFO,07/01/2020,11:25:20,8.7,8.6,6000,8.85,6000,0,138000
MANAPPURAM30Jan20170CE.NFO,07/01/2020,11:25:25,8.7,8.55,6000,8.8,18000,0,138000
MANAPPURAM30Jan20170CE.NFO,07/01/2020,11:25:40,8.7,8.55,6000,8.85,18000,0,138000
MANAPPURAM30Jan20170CE.NFO,07/01/2020,11:25:45,8.7,8.6,6000,8.85,18000,0,138000
MANAPPURAM30Jan20170CE.NFO,07/01/2020,11:25:51,8.7,8.65,6000,8.8,12000,0,138000
MANAPPURAM30Jan20170CE.NFO,07/01/2020,11:25:55,8.7,8.55,6000,8.8,12000,0,138000
MANAPPURAM30Jan20170CE.NFO,07/01/2020,11:26:00,8.7,8.55,12000,8.8,12000,0,138000
MANAPPURAM30Jan20170CE.NFO,07/01/2020,11:26:04,8.7,8.55,6000,8.8,6000,0,138000
MANAPPURAM30Jan20170CE.NFO,07/01/2020,11:26:26,8.7,8.5,12000,8.8,6000,0,138000
MANAPPURAM30Jan20170CE.NFO,07/01/2020,11:26:59,8.7,8.45,6000,8.8,12000,0,138000
MANAPPURAM30Jan20170CE.NFO,07/01/2020,11:27:07,8.7,8.5,6000,8.8,12000,0,138000
MANAPPURAM30Jan20170CE.NFO,07/01/2020,11:27:13,8.7,8.5,12000,8.8,12000,0,138000
MANAPPURAM30Jan20170CE.NFO,07/01/2020,11:27:17,8.7,8.45,6000,8.8,12000,0,138000
MANAPPURAM30Jan20170CE.NFO,07/01/2020,11:27:28,8.7,8.5,12000,8.8,12000,0,138000
MANAPPURAM30Jan20170CE.NFO,07/01/2020,11:27:53,8.7,8.5,6000,8.75,6000,0,138000
MANAPPURAM30Jan20170CE.NFO,07/01/2020,11:27:57,8.7,8.5,12000,8.75,6000,0,138000
MANAPPURAM30Jan20170CE.NFO,07/01/2020,11:28:54,8.7,8.45,12000,8.7,6000,0,138000
MANAPPURAM30Jan20170CE.NFO,07/01/2020,11:29:05,8.7,8.55,12000,8.95,6000,6000,132000
MANAPPURAM30Jan20170CE.NFO,07/01/2020,11:29:09,8.7,8.7,6000,9.05,6000,0,132000
MANAPPURAM30Jan20170CE.NFO,07/01/2020,11:29:21,8.7,8.7,12000,9.1,6000,0,132000
MANAPPURAM30Jan20170CE.NFO,07/01/2020,11:29:24,8.7,8.7,12000,9.05,6000,0,132000
MANAPPURAM30Jan20170CE.NFO,07/01/2020,11:29:27,8.7,8.7,12000,9,6000,0,132000
MANAPPURAM30Jan20170CE.NFO,07/01/2020,11:29:31,8.7,8.7,12000,9.05,6000,0,132000
MANAPPURAM30Jan20170CE.NFO,07/01/2020,11:29:35,8.7,8.7,12000,9,6000,0,132000
MANAPPURAM30Jan20170CE.NFO,07/01/2020,11:29:43,8.7,8.7,12000,9.05,6000,0,132000
MANAPPURAM30Jan20170CE.NFO,07/01/2020,11:29:46,8.7,8.75,6000,9.1,6000,0,132000
MANAPPURAM30Jan20170CE.NFO,07/01/2020,11:29:53,8.7,8.7,6000,9,6000,0,132000
MANAPPURAM30Jan20170CE.NFO,07/01/2020,11:30:10,8.7,8.65,6000,9,6000,0,132000
MANAPPURAM30Jan20170CE.NFO,07/01/2020,11:30:13,8.7,8.7,6000,9,6000,0,132000
MANAPPURAM30Jan20170CE.NFO,07/01/2020,11:30:56,8.7,8.7,12000,9.05,6000,0,132000
MANAPPURAM30Jan20170CE.NFO,07/01/2020,11:30:58,8.7,8.7,12000,9.05,12000,0,132000
MANAPPURAM30Jan20170CE.NFO,07/01/2020,11:31:04,8.7,8.55,6000,9.2,6000,0,132000
MANAPPURAM30Jan20170CE.NFO,07/01/2020,11:31:10,8.7,8.75,6000,9.1,6000,0,132000
MANAPPURAM30Jan20170CE.NFO,07/01/2020,11:31:24,8.7,8.7,6000,9.05,6000,0,132000
MANAPPURAM30Jan20170CE.NFO,07/01/2020,11:31:29,8.7,8.75,6000,9.15,6000,0,132000
MANAPPURAM30Jan20170CE.NFO,07/01/2020,11:31:33,8.7,8.75,6000,9.1,6000,0,132000
MANAPPURAM30Jan20170CE.NFO,07/01/2020,11:31:52,8.7,8.8,6000,9.15,6000,0,132000
MANAPPURAM30Jan20170CE.NFO,07/01/2020,11:31:58,8.7,8.8,6000,9.2,6000,0,132000
MANAPPURAM30Jan20170CE.NFO,07/01/2020,11:32:34,8.7,8.8,6000,9.1,6000,0,132000
MANAPPURAM30Jan20170CE.NFO,07/01/2020,11:32:44,8.7,8.8,6000,9.15,6000,0,132000
MANAPPURAM30Jan20170CE.NFO,07/01/2020,11:32:48,8.7,8.8,6000,9.2,6000,0,132000
MANAPPURAM30Jan20170CE.NFO,07/01/2020,11:33:02,8.7,8.85,6000,9.1,6000,0,132000
MANAPPURAM30Jan20170CE.NFO,07/01/2020,11:33:06,8.7,8.85,6000,9.2,6000,0,132000
MANAPPURAM30Jan20170CE.NFO,07/01/2020,11:33:18,8.7,8.85,6000,9.15,6000,0,132000
MANAPPURAM30Jan20170CE.NFO,07/01/2020,11:33:26,8.7,8.85,6000,9.1,6000,0,132000
MANAPPURAM30Jan20170CE.NFO,07/01/2020,11:33:31,8.7,8.8,12000,9.2,6000,0,132000
MANAPPURAM30Jan20170CE.NFO,07/01/2020,11:33:47,8.7,8.8,12000,9.1,6000,0,132000
MANAPPURAM30Jan20170CE.NFO,07/01/2020,11:33:52,8.7,8.8,12000,9.15,6000,0,132000
MANAPPURAM30Jan20170CE.NFO,07/01/2020,11:33:58,8.7,8.9,6000,9.25,6000,0,132000
MANAPPURAM30Jan20170CE.NFO,07/01/2020,11:34:09,8.7,8.9,6000,9.35,6000,0,132000
MANAPPURAM30Jan20170CE.NFO,07/01/2020,11:34:16,8.7,8.95,6000,9.35,6000,0,132000
MANAPPURAM30Jan20170CE.NFO,07/01/2020,11:34:22,8.7,8.95,6000,9.4,6000,0,132000
MANAPPURAM30Jan20170CE.NFO,07/01/2020,11:34:35,8.7,8.95,6000,9.35,6000,0,132000
MANAPPURAM30Jan20170CE.NFO,07/01/2020,11:34:52,8.7,8.85,6000,9.3,12000,0,132000
MANAPPURAM30Jan20170CE.NFO,07/01/2020,11:35:20,8.7,8.9,6000,9.35,6000,0,132000
MANAPPURAM30Jan20170CE.NFO,07/01/2020,11:35:44,8.7,8.95,6000,9.35,6000,0,132000
MANAPPURAM30Jan20170CE.NFO,07/01/2020,11:36:18,8.7,9,6000,9.5,6000,0,132000
MANAPPURAM30Jan20170CE.NFO,07/01/2020,11:36:42,8.7,8.9,6000,9.45,6000,0,132000
MANAPPURAM30Jan20170CE.NFO,07/01/2020,11:36:54,8.7,8.9,12000,9.45,6000,0,132000
MANAPPURAM30Jan20170CE.NFO,07/01/2020,11:37:06,8.7,8.95,6000,9.45,6000,0,132000
MANAPPURAM30Jan20170CE.NFO,07/01/2020,11:37:18,8.7,8.85,6000,9.35,6000,0,132000
MANAPPURAM30Jan20170CE.NFO,07/01/2020,11:37:22,8.7,8.9,6000,9.35,6000,0,132000
MANAPPURAM30Jan20170CE.NFO,07/01/2020,11:37:32,8.7,8.9,6000,9.45,6000,0,132000
MANAPPURAM30Jan20170CE.NFO,07/01/2020,11:37:36,8.7,8.9,6000,9.35,6000,0,132000
MANAPPURAM30Jan20170CE.NFO,07/01/2020,11:37:41,8.7,8.95,6000,9.5,30000,0,132000
MANAPPURAM30Jan20170CE.NFO,07/01/2020,11:37:45,8.7,8.95,6000,9.45,6000,0,132000
MANAPPURAM30Jan20170CE.NFO,07/01/2020,11:37:49,8.7,9,6000,9.45,6000,0,132000
MANAPPURAM30Jan20170CE.NFO,07/01/2020,11:37:54,8.7,9,6000,9.55,6000,0,132000
MANAPPURAM30Jan20170CE.NFO,07/01/2020,11:37:58,8.7,9,6000,9.45,6000,0,132000
MANAPPURAM30Jan20170CE.NFO,07/01/2020,11:38:45,8.7,8.95,6000,9.4,6000,0,132000
MANAPPURAM30Jan20170CE.NFO,07/01/2020,11:39:04,8.7,8.95,6000,9.45,6000,0,132000
MANAPPURAM30Jan20170CE.NFO,07/01/2020,11:39:08,8.7,9,6000,9.5,6000,0,132000
MANAPPURAM30Jan20170CE.NFO,07/01/2020,11:39:20,8.7,8.95,6000,9.45,6000,0,132000
MANAPPURAM30Jan20170CE.NFO,07/01/2020,11:39:34,8.7,8.95,6000,9.4,6000,0,132000
MANAPPURAM30Jan20170CE.NFO,07/01/2020,11:39:39,8.7,8.9,6000,9.4,6000,0,132000
MANAPPURAM30Jan20170CE.NFO,07/01/2020,11:39:54,8.7,8.75,6000,9.3,6000,0,132000
MANAPPURAM30Jan20170CE.NFO,07/01/2020,11:40:00,8.7,8.75,6000,9.25,6000,0,132000
MANAPPURAM30Jan20170CE.NFO,07/01/2020,11:40:06,8.7,8.75,6000,9.3,6000,0,132000
MANAPPURAM30Jan20170CE.NFO,07/01/2020,11:40:11,8.7,8.75,6000,9.25,6000,0,132000
MANAPPURAM30Jan20170CE.NFO,07/01/2020,11:40:15,8.7,8.75,6000,9.3,6000,0,132000
MANAPPURAM30Jan20170CE.NFO,07/01/2020,11:40:20,8.7,8.75,6000,9.15,6000,0,132000
MANAPPURAM30Jan20170CE.NFO,07/01/2020,11:40:24,8.7,8.75,6000,9.25,12000,0,132000
MANAPPURAM30Jan20170CE.NFO,07/01/2020,11:40:28,8.7,8.75,6000,9.2,6000,0,132000
MANAPPURAM30Jan20170CE.NFO,07/01/2020,11:40:39,8.7,8.8,6000,9.25,6000,0,132000
MANAPPURAM30Jan20170CE.NFO,07/01/2020,11:40:45,8.7,8.8,6000,9.2,6000,0,132000
MANAPPURAM30Jan20170CE.NFO,07/01/2020,11:40:52,8.7,8.8,6000,9.25,6000,0,132000
MANAPPURAM30Jan20170CE.NFO,07/01/2020,11:40:55,8.7,8.8,6000,9.2,6000,0,132000
MANAPPURAM30Jan20170CE.NFO,07/01/2020,11:40:58,8.7,8.8,6000,9.25,6000,0,132000
MANAPPURAM30Jan20170CE.NFO,07/01/2020,11:41:53,8.7,8.8,6000,9.3,6000,0,132000
MANAPPURAM30Jan20170CE.NFO,07/01/2020,11:42:39,8.7,8.9,6000,9.35,6000,0,132000
MANAPPURAM30Jan20170CE.NFO,07/01/2020,11:42:48,8.7,8.9,6000,9.4,6000,0,132000
MANAPPURAM30Jan20170CE.NFO,07/01/2020,11:42:52,8.7,8.85,6000,9.3,6000,0,132000
MANAPPURAM30Jan20170CE.NFO,07/01/2020,11:43:08,8.7,8.8,6000,9.3,6000,0,132000
MANAPPURAM30Jan20170CE.NFO,07/01/2020,11:43:20,8.7,8.85,6000,9.3,6000,0,132000
MANAPPURAM30Jan20170CE.NFO,07/01/2020,11:43:36,8.7,8.85,12000,9.3,6000,0,132000
MANAPPURAM30Jan20170CE.NFO,07/01/2020,11:43:39,8.7,8.9,6000,9.3,6000,0,132000
MANAPPURAM30Jan20170CE.NFO,07/01/2020,11:43:42,8.7,8.75,6000,9.3,6000,0,132000
MANAPPURAM30Jan20170CE.NFO,07/01/2020,11:43:46,8.7,8.75,6000,9.35,6000,0,132000
MANAPPURAM30Jan20170CE.NFO,07/01/2020,11:43:55,8.7,8.85,6000,9.4,6000,0,132000
MANAPPURAM30Jan20170CE.NFO,07/01/2020,11:43:59,8.7,8.95,6000,9.4,6000,0,132000
MANAPPURAM30Jan20170CE.NFO,07/01/2020,11:44:07,8.7,8.9,12000,9.4,6000,0,132000
MANAPPURAM30Jan20170CE.NFO,07/01/2020,11:44:14,8.7,8.9,6000,9.35,6000,0,132000
MANAPPURAM30Jan20170CE.NFO,07/01/2020,11:44:30,8.7,8.9,6000,9.25,6000,0,132000
MANAPPURAM30Jan20170CE.NFO,07/01/2020,11:44:42,8.7,8.9,6000,9.3,6000,0,132000
MANAPPURAM30Jan20170CE.NFO,07/01/2020,11:45:30,8.7,8.85,12000,9.3,6000,0,132000
MANAPPURAM30Jan20170CE.NFO,07/01/2020,11:45:53,8.7,8.8,6000,9.2,6000,0,132000
MANAPPURAM30Jan20170CE.NFO,07/01/2020,11:45:56,8.7,8.8,6000,9.25,6000,0,132000
MANAPPURAM30Jan20170CE.NFO,07/01/2020,11:45:58,8.7,8.8,6000,9.2,6000,0,132000
MANAPPURAM30Jan20170CE.NFO,07/01/2020,11:46:04,8.7,8.8,6000,9.25,18000,0,132000
MANAPPURAM30Jan20170CE.NFO,07/01/2020,11:46:07,8.7,8.8,6000,9.2,6000,0,132000
MANAPPURAM30Jan20170CE.NFO,07/01/2020,11:46:25,8.7,8.8,6000,9.25,18000,0,132000
MANAPPURAM30Jan20170CE.NFO,07/01/2020,11:46:27,8.7,8.8,6000,9.2,6000,0,132000
MANAPPURAM30Jan20170CE.NFO,07/01/2020,11:46:30,8.7,8.8,6000,9.15,6000,0,132000
MANAPPURAM30Jan20170CE.NFO,07/01/2020,11:46:32,8.7,8.8,6000,9.2,6000,0,132000
MANAPPURAM30Jan20170CE.NFO,07/01/2020,11:46:34,8.7,8.8,6000,9.15,6000,0,132000
MANAPPURAM30Jan20170CE.NFO,07/01/2020,11:46:37,8.7,8.8,6000,9.2,6000,0,132000
MANAPPURAM30Jan20170CE.NFO,07/01/2020,11:46:38,8.7,8.8,6000,9.15,6000,0,132000
MANAPPURAM30Jan20170CE.NFO,07/01/2020,11:46:42,8.7,8.8,6000,9.2,6000,0,132000
MANAPPURAM30Jan20170CE.NFO,07/01/2020,11:46:52,8.7,8.8,6000,9.15,6000,0,132000
MANAPPURAM30Jan20170CE.NFO,07/01/2020,11:46:54,8.7,8.8,6000,9.2,6000,0,132000
MANAPPURAM30Jan20170CE.NFO,07/01/2020,11:47:14,8.7,8.7,6000,9.1,6000,0,132000
MANAPPURAM30Jan20170CE.NFO,07/01/2020,11:47:18,8.7,8.75,6000,9.1,6000,0,132000
MANAPPURAM30Jan20170CE.NFO,07/01/2020,11:47:21,8.7,8.75,6000,9.2,6000,0,132000
MANAPPURAM30Jan20170CE.NFO,07/01/2020,11:47:24,8.7,8.7,6000,9.15,6000,0,132000
MANAPPURAM30Jan20170CE.NFO,07/01/2020,11:47:40,8.7,8.6,6000,9,6000,0,132000
MANAPPURAM30Jan20170CE.NFO,07/01/2020,11:47:43,8.7,8.6,6000,8.95,6000,0,132000
MANAPPURAM30Jan20170CE.NFO,07/01/2020,11:47:45,8.7,8.6,6000,9,6000,0,132000
MANAPPURAM30Jan20170CE.NFO,07/01/2020,11:47:47,8.7,8.6,6000,9.05,6000,0,132000
MANAPPURAM30Jan20170CE.NFO,07/01/2020,11:47:53,8.7,8.6,6000,9.1,6000,0,132000
MANAPPURAM30Jan20170CE.NFO,07/01/2020,11:47:56,8.7,8.6,6000,9,6000,0,132000
MANAPPURAM30Jan20170CE.NFO,07/01/2020,11:47:59,8.7,8.6,6000,9.05,6000,0,132000
MANAPPURAM30Jan20170CE.NFO,07/01/2020,11:48:10,8.7,8.6,6000,9,6000,0,132000
MANAPPURAM30Jan20170CE.NFO,07/01/2020,11:48:19,8.7,8.6,6000,8.95,6000,0,132000
MANAPPURAM30Jan20170CE.NFO,07/01/2020,11:48:23,8.7,8.6,6000,9,6000,0,132000
MANAPPURAM30Jan20170CE.NFO,07/01/2020,11:48:26,8.7,8.55,6000,9,6000,0,132000
MANAPPURAM30Jan20170CE.NFO,07/01/2020,11:48:29,8.7,8.55,6000,8.95,6000,0,132000
MANAPPURAM30Jan20170CE.NFO,07/01/2020,11:48:45,8.7,8.55,6000,9,6000,0,132000
MANAPPURAM30Jan20170CE.NFO,07/01/2020,11:48:47,8.7,8.55,6000,8.95,6000,0,132000
MANAPPURAM30Jan20170CE.NFO,07/01/2020,11:48:52,8.7,8.55,6000,9,6000,0,132000
MANAPPURAM30Jan20170CE.NFO,07/01/2020,11:48:55,8.7,8.55,6000,8.95,6000,0,132000
MANAPPURAM30Jan20170CE.NFO,07/01/2020,11:48:58,8.7,8.55,6000,9.05,6000,0,132000
MANAPPURAM30Jan20170CE.NFO,07/01/2020,11:49:52,8.7,8.5,12000,9,6000,0,132000
MANAPPURAM30Jan20170CE.NFO,07/01/2020,11:49:56,8.7,8.55,6000,8.95,6000,0,132000
MANAPPURAM30Jan20170CE.NFO,07/01/2020,11:49:59,8.7,8.55,6000,9,6000,0,132000
MANAPPURAM30Jan20170CE.NFO,07/01/2020,11:50:03,8.7,8.55,6000,8.95,6000,0,132000
MANAPPURAM30Jan20170CE.NFO,07/01/2020,11:50:12,8.7,8.55,6000,9,6000,0,132000
MANAPPURAM30Jan20170CE.NFO,07/01/2020,11:50:17,8.7,8.55,6000,8.95,6000,0,132000
MANAPPURAM30Jan20170CE.NFO,07/01/2020,11:50:23,8.7,8.55,6000,9,6000,0,132000
MANAPPURAM30Jan20170CE.NFO,07/01/2020,11:50:27,8.7,8.55,6000,8.95,6000,0,132000
MANAPPURAM30Jan20170CE.NFO,07/01/2020,11:50:31,8.7,8.55,6000,9,6000,0,132000
MANAPPURAM30Jan20170CE.NFO,07/01/2020,11:50:50,8.7,8.55,6000,8.95,6000,0,132000
MANAPPURAM30Jan20170CE.NFO,07/01/2020,11:50:53,8.7,8.55,6000,9,6000,0,132000
MANAPPURAM30Jan20170CE.NFO,07/01/2020,11:51:00,8.7,8.55,6000,8.95,6000,0,132000
MANAPPURAM30Jan20170CE.NFO,07/01/2020,11:51:13,8.7,8.55,6000,9,6000,0,132000
MANAPPURAM30Jan20170CE.NFO,07/01/2020,11:51:17,8.7,8.55,6000,8.95,6000,0,132000
MANAPPURAM30Jan20170CE.NFO,07/01/2020,11:51:21,8.7,8.55,6000,9.05,6000,0,132000
MANAPPURAM30Jan20170CE.NFO,07/01/2020,11:52:08,8.7,8.55,6000,9,6000,0,132000
MANAPPURAM30Jan20170CE.NFO,07/01/2020,11:52:11,8.7,8.55,6000,8.95,6000,0,132000
MANAPPURAM30Jan20170CE.NFO,07/01/2020,11:52:12,8.7,8.55,6000,9.05,6000,0,132000
MANAPPURAM30Jan20170CE.NFO,07/01/2020,11:52:17,8.7,8.5,6000,8.95,6000,0,132000
MANAPPURAM30Jan20170CE.NFO,07/01/2020,11:52:22,8.7,8.5,6000,9,6000,0,132000
MANAPPURAM30Jan20170CE.NFO,07/01/2020,11:52:24,8.7,8.5,6000,8.95,6000,0,132000
MANAPPURAM30Jan20170CE.NFO,07/01/2020,11:52:27,8.7,8.5,6000,9.05,6000,0,132000
MANAPPURAM30Jan20170CE.NFO,07/01/2020,11:52:46,8.7,8.5,6000,8.95,6000,0,132000
MANAPPURAM30Jan20170CE.NFO,07/01/2020,11:52:48,8.7,8.5,6000,9,6000,0,132000
MANAPPURAM30Jan20170CE.NFO,07/01/2020,11:52:58,8.7,8.6,6000,9.1,6000,0,132000
MANAPPURAM30Jan20170CE.NFO,07/01/2020,11:53:01,8.7,8.6,6000,9.15,6000,0,132000
MANAPPURAM30Jan20170CE.NFO,07/01/2020,11:53:19,8.7,8.6,6000,9.1,6000,0,132000
MANAPPURAM30Jan20170CE.NFO,07/01/2020,11:54:00,8.7,8.6,6000,9.2,36000,0,132000
MANAPPURAM30Jan20170CE.NFO,07/01/2020,11:54:03,8.7,8.6,6000,9.1,6000,0,132000
MANAPPURAM30Jan20170CE.NFO,07/01/2020,11:54:06,8.7,8.6,6000,9.05,6000,0,132000
MANAPPURAM30Jan20170CE.NFO,07/01/2020,11:54:08,8.7,8.6,6000,9.1,6000,0,132000
MANAPPURAM30Jan20170CE.NFO,07/01/2020,11:54:11,8.7,8.6,6000,9.05,6000,0,132000
MANAPPURAM30Jan20170CE.NFO,07/01/2020,11:54:14,8.7,8.6,6000,9.1,6000,0,132000
MANAPPURAM30Jan20170CE.NFO,07/01/2020,11:54:22,8.7,8.6,6000,9.05,6000,0,132000
MANAPPURAM30Jan20170CE.NFO,07/01/2020,11:54:35,8.7,8.6,6000,9.1,6000,0,132000
MANAPPURAM30Jan20170CE.NFO,07/01/2020,11:54:38,8.7,8.6,6000,9.05,6000,0,132000
MANAPPURAM30Jan20170CE.NFO,07/01/2020,11:54:40,8.7,8.6,6000,9.1,6000,0,132000
MANAPPURAM30Jan20170CE.NFO,07/01/2020,11:54:42,8.7,8.6,6000,9.05,6000,0,132000
MANAPPURAM30Jan20170CE.NFO,07/01/2020,11:54:48,8.7,8.6,6000,9.1,6000,0,132000
MANAPPURAM30Jan20170CE.NFO,07/01/2020,11:54:53,8.7,8.6,6000,9.05,6000,0,132000
MANAPPURAM30Jan20170CE.NFO,07/01/2020,11:54:56,8.7,8.6,6000,9.1,6000,0,132000
MANAPPURAM30Jan20170CE.NFO,07/01/2020,11:54:58,8.7,8.6,6000,9.05,6000,0,132000
MANAPPURAM30Jan20170CE.NFO,07/01/2020,11:55:09,8.7,8.6,6000,9.1,12000,0,132000
MANAPPURAM30Jan20170CE.NFO,07/01/2020,11:55:12,8.7,8.6,6000,8.95,6000,0,132000
MANAPPURAM30Jan20170CE.NFO,07/01/2020,11:55:15,8.7,8.55,12000,9,6000,0,132000
MANAPPURAM30Jan20170CE.NFO,07/01/2020,11:55:18,8.7,8.55,12000,8.95,6000,0,132000
MANAPPURAM30Jan20170CE.NFO,07/01/2020,11:55:22,8.7,8.55,12000,9,6000,0,132000
MANAPPURAM30Jan20170CE.NFO,07/01/2020,11:55:27,8.7,8.55,12000,8.95,6000,0,132000
MANAPPURAM30Jan20170CE.NFO,07/01/2020,11:55:29,8.7,8.55,12000,9,6000,0,132000
MANAPPURAM30Jan20170CE.NFO,07/01/2020,11:55:34,8.7,8.55,12000,8.95,6000,0,132000
MANAPPURAM30Jan20170CE.NFO,07/01/2020,11:56:21,8.7,8.45,12000,9,6000,0,132000
MANAPPURAM30Jan20170CE.NFO,07/01/2020,11:56:23,8.7,8.5,6000,8.95,6000,0,132000
MANAPPURAM30Jan20170CE.NFO,07/01/2020,11:56:24,8.7,8.45,12000,9,6000,0,132000
MANAPPURAM30Jan20170CE.NFO,07/01/2020,11:56:28,8.7,8.45,12000,9.05,6000,0,132000
MANAPPURAM30Jan20170CE.NFO,07/01/2020,11:56:30,8.7,8.45,12000,9,6000,0,132000
MANAPPURAM30Jan20170CE.NFO,07/01/2020,11:56:32,8.7,8.45,12000,9.05,6000,0,132000
MANAPPURAM30Jan20170CE.NFO,07/01/2020,11:56:56,8.7,8.5,6000,9.1,6000,0,132000
MANAPPURAM30Jan20170CE.NFO,07/01/2020,11:57:12,8.7,8.5,6000,9.05,6000,0,132000
MANAPPURAM30Jan20170CE.NFO,07/01/2020,11:57:47,8.7,8.5,6000,9,6000,0,132000
MANAPPURAM30Jan20170CE.NFO,07/01/2020,11:57:52,8.7,8.45,6000,8.95,6000,0,132000
MANAPPURAM30Jan20170CE.NFO,07/01/2020,11:58:48,8.7,8.55,6000,8.95,6000,0,132000
MANAPPURAM30Jan20170CE.NFO,07/01/2020,11:58:55,8.7,8.45,6000,9,6000,0,132000
MANAPPURAM30Jan20170CE.NFO,07/01/2020,11:58:59,8.7,8.55,6000,8.95,6000,0,132000
MANAPPURAM30Jan20170CE.NFO,07/01/2020,11:59:05,8.7,8.45,6000,8.95,6000,0,132000
MANAPPURAM30Jan20170CE.NFO,07/01/2020,11:59:17,8.7,8.45,6000,8.85,6000,0,132000
MANAPPURAM30Jan20170CE.NFO,07/01/2020,11:59:19,8.7,8.45,6000,8.9,6000,0,132000
MANAPPURAM30Jan20170CE.NFO,07/01/2020,12:00:03,8.7,8.45,6000,8.95,6000,0,132000
MANAPPURAM30Jan20170CE.NFO,07/01/2020,12:00:04,8.7,8.45,6000,8.9,6000,0,132000
MANAPPURAM30Jan20170CE.NFO,07/01/2020,12:00:35,8.7,8.45,6000,8.95,6000,0,132000
MANAPPURAM30Jan20170CE.NFO,07/01/2020,12:00:59,8.7,8.45,6000,9,18000,0,132000
MANAPPURAM30Jan20170CE.NFO,07/01/2020,12:01:02,8.7,8.55,6000,8.95,6000,0,132000
MANAPPURAM30Jan20170CE.NFO,07/01/2020,12:01:11,8.7,8.5,6000,8.95,6000,0,132000
MANAPPURAM30Jan20170CE.NFO,07/01/2020,12:01:12,8.7,8.55,6000,8.95,6000,0,132000
MANAPPURAM30Jan20170CE.NFO,07/01/2020,12:01:13,8.7,8.5,6000,8.95,6000,0,132000
MANAPPURAM30Jan20170CE.NFO,07/01/2020,12:01:14,8.7,8.55,6000,8.95,6000,0,132000
MANAPPURAM30Jan20170CE.NFO,07/01/2020,12:01:16,8.7,8.5,6000,8.95,6000,0,132000
MANAPPURAM30Jan20170CE.NFO,07/01/2020,12:01:17,8.7,8.55,6000,8.95,6000,0,132000
MANAPPURAM30Jan20170CE.NFO,07/01/2020,12:01:19,8.7,8.5,6000,8.95,6000,0,132000
MANAPPURAM30Jan20170CE.NFO,07/01/2020,12:01:22,8.7,8.55,6000,8.95,6000,0,132000
MANAPPURAM30Jan20170CE.NFO,07/01/2020,12:01:31,8.7,8.45,6000,8.95,6000,0,132000
MANAPPURAM30Jan20170CE.NFO,07/01/2020,12:01:53,8.7,8.5,6000,8.95,6000,0,132000
MANAPPURAM30Jan20170CE.NFO,07/01/2020,12:02:06,8.7,8.45,6000,8.95,6000,0,132000
MANAPPURAM30Jan20170CE.NFO,07/01/2020,12:02:26,8.7,8.45,6000,8.9,6000,0,132000
MANAPPURAM30Jan20170CE.NFO,07/01/2020,12:02:29,8.7,8.45,6000,8.95,6000,0,132000
MANAPPURAM30Jan20170CE.NFO,07/01/2020,12:02:32,8.7,8.45,6000,8.9,6000,0,132000
MANAPPURAM30Jan20170CE.NFO,07/01/2020,12:02:38,8.7,8.5,6000,9.05,6000,0,132000
MANAPPURAM30Jan20170CE.NFO,07/01/2020,12:02:45,8.7,8.55,6000,9.05,6000,0,132000
MANAPPURAM30Jan20170CE.NFO,07/01/2020,12:02:55,8.7,8.5,6000,9.05,6000,0,132000
MANAPPURAM30Jan20170CE.NFO,07/01/2020,12:03:03,8.7,8.55,6000,9.05,6000,0,132000
MANAPPURAM30Jan20170CE.NFO,07/01/2020,12:03:18,8.7,8.5,6000,9,6000,0,132000
MANAPPURAM30Jan20170CE.NFO,07/01/2020,12:03:30,8.7,8.5,6000,8.95,6000,0,132000
MANAPPURAM30Jan20170CE.NFO,07/01/2020,12:03:34,8.7,8.5,6000,9,6000,0,132000
MANAPPURAM30Jan20170CE.NFO,07/01/2020,12:03:42,8.7,8.5,6000,8.95,6000,0,132000
MANAPPURAM30Jan20170CE.NFO,07/01/2020,12:03:45,8.7,8.5,6000,9,6000,0,132000
MANAPPURAM30Jan20170CE.NFO,07/01/2020,12:03:48,8.7,8.5,6000,8.95,6000,0,132000
MANAPPURAM30Jan20170CE.NFO,07/01/2020,12:03:50,8.7,8.5,6000,9,6000,0,132000
MANAPPURAM30Jan20170CE.NFO,07/01/2020,12:03:52,8.7,8.5,6000,8.95,6000,0,132000
MANAPPURAM30Jan20170CE.NFO,07/01/2020,12:03:57,8.7,8.5,6000,9,6000,0,132000
MANAPPURAM30Jan20170CE.NFO,07/01/2020,12:04:00,8.7,8.5,6000,8.95,6000,0,132000
MANAPPURAM30Jan20170CE.NFO,07/01/2020,12:04:03,8.7,8.5,6000,9,6000,0,132000
MANAPPURAM30Jan20170CE.NFO,07/01/2020,12:04:12,8.7,8.5,6000,8.95,6000,0,132000
MANAPPURAM30Jan20170CE.NFO,07/01/2020,12:04:16,8.7,8.5,6000,9,6000,0,132000
MANAPPURAM30Jan20170CE.NFO,07/01/2020,12:04:18,8.7,8.5,6000,8.95,6000,0,132000
MANAPPURAM30Jan20170CE.NFO,07/01/2020,12:04:21,8.7,8.5,6000,9,6000,0,132000
MANAPPURAM30Jan20170CE.NFO,07/01/2020,12:04:24,8.7,8.5,6000,8.95,6000,0,132000
MANAPPURAM30Jan20170CE.NFO,07/01/2020,12:04:28,8.7,8.5,6000,9,6000,0,132000
MANAPPURAM30Jan20170CE.NFO,07/01/2020,12:04:31,8.7,8.5,6000,8.95,6000,0,132000
MANAPPURAM30Jan20170CE.NFO,07/01/2020,12:04:35,8.7,8.5,6000,9,6000,0,132000
MANAPPURAM30Jan20170CE.NFO,07/01/2020,12:04:41,8.7,8.5,6000,8.95,6000,0,132000
MANAPPURAM30Jan20170CE.NFO,07/01/2020,12:04:46,8.7,8.5,6000,9,6000,0,132000
MANAPPURAM30Jan20170CE.NFO,07/01/2020,12:04:48,8.7,8.5,6000,9,12000,0,132000
MANAPPURAM30Jan20170CE.NFO,07/01/2020,12:06:07,8.7,8.55,6000,9,6000,0,132000
MANAPPURAM30Jan20170CE.NFO,07/01/2020,12:06:11,8.7,8.55,6000,9,12000,0,132000
MANAPPURAM30Jan20170CE.NFO,07/01/2020,12:06:26,8.7,8.6,6000,9.05,6000,0,132000
MANAPPURAM30Jan20170CE.NFO,07/01/2020,12:06:31,8.7,8.6,6000,9,6000,0,132000
MANAPPURAM30Jan20170CE.NFO,07/01/2020,12:06:33,8.7,8.6,6000,9.05,6000,0,132000
MANAPPURAM30Jan20170CE.NFO,07/01/2020,12:06:35,8.7,8.6,6000,9,6000,0,132000
MANAPPURAM30Jan20170CE.NFO,07/01/2020,12:06:38,8.7,8.6,6000,9.05,6000,0,132000
MANAPPURAM30Jan20170CE.NFO,07/01/2020,12:06:45,8.7,8.6,6000,9,6000,0,132000
MANAPPURAM30Jan20170CE.NFO,07/01/2020,12:06:48,8.7,8.6,6000,9.05,6000,0,132000
MANAPPURAM30Jan20170CE.NFO,07/01/2020,12:06:55,8.7,8.6,6000,9,6000,0,132000
MANAPPURAM30Jan20170CE.NFO,07/01/2020,12:06:57,8.7,8.6,6000,9.05,6000,0,132000
MANAPPURAM30Jan20170CE.NFO,07/01/2020,12:06:58,8.7,8.6,6000,9,6000,0,132000
MANAPPURAM30Jan20170CE.NFO,07/01/2020,12:06:59,8.7,8.6,6000,9.05,6000,0,132000
MANAPPURAM30Jan20170CE.NFO,07/01/2020,12:07:00,8.7,8.6,6000,9,6000,0,132000
MANAPPURAM30Jan20170CE.NFO,07/01/2020,12:07:04,8.7,8.6,6000,9.05,6000,0,132000
MANAPPURAM30Jan20170CE.NFO,07/01/2020,12:07:10,8.7,8.6,6000,9,6000,0,132000
MANAPPURAM30Jan20170CE.NFO,07/01/2020,12:07:12,8.7,8.6,6000,9.05,6000,0,132000
MANAPPURAM30Jan20170CE.NFO,07/01/2020,12:07:16,8.7,8.6,6000,9,6000,0,132000
MANAPPURAM30Jan20170CE.NFO,07/01/2020,12:07:21,8.7,8.6,6000,9.05,6000,0,132000
MANAPPURAM30Jan20170CE.NFO,07/01/2020,12:07:33,8.7,8.6,6000,9,6000,0,132000
MANAPPURAM30Jan20170CE.NFO,07/01/2020,12:07:38,8.7,8.6,6000,9.05,6000,0,132000
MANAPPURAM30Jan20170CE.NFO,07/01/2020,12:07:46,8.7,8.6,6000,9,6000,0,132000
MANAPPURAM30Jan20170CE.NFO,07/01/2020,12:07:48,8.7,8.6,6000,9.05,6000,0,132000
MANAPPURAM30Jan20170CE.NFO,07/01/2020,12:07:50,8.7,8.6,6000,9,6000,0,132000
MANAPPURAM30Jan20170CE.NFO,07/01/2020,12:07:57,8.7,8.6,6000,9.05,6000,0,132000
MANAPPURAM30Jan20170CE.NFO,07/01/2020,12:08:05,8.7,8.6,6000,9,6000,0,132000
MANAPPURAM30Jan20170CE.NFO,07/01/2020,12:08:11,8.7,8.6,12000,9.1,12000,0,132000
MANAPPURAM30Jan20170CE.NFO,07/01/2020,12:08:23,8.7,8.65,6000,9.15,12000,0,132000
MANAPPURAM30Jan20170CE.NFO,07/01/2020,12:09:08,8.7,8.65,6000,9.2,6000,0,132000
MANAPPURAM30Jan20170CE.NFO,07/01/2020,12:09:15,8.7,8.65,6000,9.1,6000,0,132000
MANAPPURAM30Jan20170CE.NFO,07/01/2020,12:09:37,8.7,8.65,6000,9.05,6000,0,132000
MANAPPURAM30Jan20170CE.NFO,07/01/2020,12:09:39,8.7,8.65,6000,9.1,6000,0,132000
MANAPPURAM30Jan20170CE.NFO,07/01/2020,12:09:42,8.7,8.65,6000,9.05,6000,0,132000
MANAPPURAM30Jan20170CE.NFO,07/01/2020,12:09:44,8.7,8.65,6000,9.1,12000,0,132000
MANAPPURAM30Jan20170CE.NFO,07/01/2020,12:10:20,8.7,8.7,6000,9.1,6000,0,132000
MANAPPURAM30Jan20170CE.NFO,07/01/2020,12:10:50,8.7,8.7,6000,9.05,6000,0,132000
MANAPPURAM30Jan20170CE.NFO,07/01/2020,12:10:58,8.7,8.7,6000,9.1,6000,0,132000
MANAPPURAM30Jan20170CE.NFO,07/01/2020,12:11:04,8.7,8.7,6000,9.05,6000,0,132000
MANAPPURAM30Jan20170CE.NFO,07/01/2020,12:11:11,8.7,8.7,6000,9.15,6000,0,132000
MANAPPURAM30Jan20170CE.NFO,07/01/2020,12:11:15,8.7,8.7,6000,9.05,6000,0,132000
MANAPPURAM30Jan20170CE.NFO,07/01/2020,12:11:20,8.7,8.75,6000,9.1,6000,0,132000
MANAPPURAM30Jan20170CE.NFO,07/01/2020,12:11:23,8.7,8.75,6000,9.15,6000,0,132000
MANAPPURAM30Jan20170CE.NFO,07/01/2020,12:11:37,8.7,8.8,6000,9.15,6000,0,132000
MANAPPURAM30Jan20170CE.NFO,07/01/2020,12:11:42,8.7,8.8,6000,9.2,6000,0,132000
MANAPPURAM30Jan20170CE.NFO,07/01/2020,12:12:17,8.7,8.75,6000,9.15,12000,0,132000
MANAPPURAM30Jan20170CE.NFO,07/01/2020,12:12:20,8.7,8.75,6000,9.15,6000,0,132000
MANAPPURAM30Jan20170CE.NFO,07/01/2020,12:12:22,8.7,8.75,6000,9.1,6000,0,132000
MANAPPURAM30Jan20170CE.NFO,07/01/2020,12:12:25,8.7,8.75,6000,9.15,6000,0,132000
MANAPPURAM30Jan20170CE.NFO,07/01/2020,12:12:28,8.7,8.75,6000,9.1,6000,0,132000
MANAPPURAM30Jan20170CE.NFO,07/01/2020,12:12:30,8.7,8.75,6000,9.15,6000,0,132000
MANAPPURAM30Jan20170CE.NFO,07/01/2020,12:12:32,8.7,8.75,6000,9.1,6000,0,132000
MANAPPURAM30Jan20170CE.NFO,07/01/2020,12:12:51,8.7,8.75,6000,9.15,6000,0,132000
MANAPPURAM30Jan20170CE.NFO,07/01/2020,12:12:54,8.7,8.75,6000,9.1,6000,0,132000
MANAPPURAM30Jan20170CE.NFO,07/01/2020,12:12:59,8.7,8.75,6000,9.15,6000,0,132000
MANAPPURAM30Jan20170CE.NFO,07/01/2020,12:13:01,8.7,8.75,6000,9.1,6000,0,132000
MANAPPURAM30Jan20170CE.NFO,07/01/2020,12:13:05,8.7,8.75,6000,9.2,6000,0,132000
MANAPPURAM30Jan20170CE.NFO,07/01/2020,12:13:10,8.7,8.75,6000,9.45,36000,0,132000
MANAPPURAM30Jan20170CE.NFO,07/01/2020,12:13:18,8.7,8.9,6000,9.3,6000,0,132000
MANAPPURAM30Jan20170CE.NFO,07/01/2020,12:13:31,8.7,8.8,6000,9.25,6000,0,132000
MANAPPURAM30Jan20170CE.NFO,07/01/2020,12:13:36,8.7,8.85,6000,9.3,6000,0,132000
MANAPPURAM30Jan20170CE.NFO,07/01/2020,12:13:44,8.7,8.85,6000,9.25,6000,0,132000
MANAPPURAM30Jan20170CE.NFO,07/01/2020,12:13:47,8.7,8.85,6000,9.3,6000,0,132000
MANAPPURAM30Jan20170CE.NFO,07/01/2020,12:13:50,8.7,8.85,6000,9.25,6000,0,132000
MANAPPURAM30Jan20170CE.NFO,07/01/2020,12:14:01,8.7,8.75,6000,9.25,6000,0,132000
MANAPPURAM30Jan20170CE.NFO,07/01/2020,12:14:24,8.7,8.75,6000,9.2,6000,0,132000
MANAPPURAM30Jan20170CE.NFO,07/01/2020,12:14:34,8.7,8.75,6000,9.25,6000,0,132000
MANAPPURAM30Jan20170CE.NFO,07/01/2020,12:14:37,8.7,8.75,6000,9.2,6000,0,132000
MANAPPURAM30Jan20170CE.NFO,07/01/2020,12:14:42,8.7,8.75,6000,9.25,6000,0,132000
MANAPPURAM30Jan20170CE.NFO,07/01/2020,12:14:44,8.7,8.8,6000,9.25,12000,0,132000
MANAPPURAM30Jan20170CE.NFO,07/01/2020,12:14:48,8.7,8.75,6000,9.1,6000,0,132000
MANAPPURAM30Jan20170CE.NFO,07/01/2020,12:14:51,8.7,8.75,6000,9.2,6000,0,132000
MANAPPURAM30Jan20170CE.NFO,07/01/2020,12:15:28,8.7,8.8,6000,9.2,6000,0,132000
MANAPPURAM30Jan20170CE.NFO,07/01/2020,12:15:40,8.7,8.75,6000,9.2,6000,0,132000
MANAPPURAM30Jan20170CE.NFO,07/01/2020,12:15:58,8.7,8.75,6000,9.15,6000,0,132000
MANAPPURAM30Jan20170CE.NFO,07/01/2020,12:16:02,8.7,8.7,6000,9.15,6000,0,132000
MANAPPURAM30Jan20170CE.NFO,07/01/2020,12:16:14,8.7,8.7,6000,9.15,12000,0,132000
MANAPPURAM30Jan20170CE.NFO,07/01/2020,12:17:20,8.7,8.7,6000,9.1,6000,0,132000
MANAPPURAM30Jan20170CE.NFO,07/01/2020,12:17:31,8.7,8.7,6000,9.15,6000,0,132000
MANAPPURAM30Jan20170CE.NFO,07/01/2020,12:17:34,8.7,8.7,6000,9.1,6000,0,132000
MANAPPURAM30Jan20170CE.NFO,07/01/2020,12:17:37,8.7,8.7,6000,9.15,6000,0,132000
MANAPPURAM30Jan20170CE.NFO,07/01/2020,12:17:41,8.7,8.7,6000,9.1,6000,0,132000
MANAPPURAM30Jan20170CE.NFO,07/01/2020,12:17:43,8.7,8.7,6000,9.15,6000,0,132000
MANAPPURAM30Jan20170CE.NFO,07/01/2020,12:17:49,8.7,8.7,6000,9.1,6000,0,132000
MANAPPURAM30Jan20170CE.NFO,07/01/2020,12:17:52,8.7,8.7,6000,9.15,6000,0,132000
MANAPPURAM30Jan20170CE.NFO,07/01/2020,12:17:58,8.7,8.7,6000,9.1,6000,0,132000
MANAPPURAM30Jan20170CE.NFO,07/01/2020,12:18:04,8.7,8.7,6000,9.15,6000,0,132000
MANAPPURAM30Jan20170CE.NFO,07/01/2020,12:18:09,8.7,8.7,6000,9.1,6000,0,132000
MANAPPURAM30Jan20170CE.NFO,07/01/2020,12:18:12,8.7,8.7,6000,9.15,6000,0,132000
MANAPPURAM30Jan20170CE.NFO,07/01/2020,12:18:18,8.7,8.7,6000,9.1,6000,0,132000
MANAPPURAM30Jan20170CE.NFO,07/01/2020,12:18:25,8.7,8.7,6000,9.15,6000,0,132000
MANAPPURAM30Jan20170CE.NFO,07/01/2020,12:18:31,8.7,8.7,6000,9.1,6000,0,132000
MANAPPURAM30Jan20170CE.NFO,07/01/2020,12:18:37,8.7,8.7,6000,9.15,6000,0,132000
MANAPPURAM30Jan20170CE.NFO,07/01/2020,12:18:45,8.7,8.7,6000,9.1,6000,0,132000
MANAPPURAM30Jan20170CE.NFO,07/01/2020,12:18:49,8.7,8.7,6000,9.15,6000,0,132000
MANAPPURAM30Jan20170CE.NFO,07/01/2020,12:18:57,8.7,8.7,6000,9.1,6000,0,132000
MANAPPURAM30Jan20170CE.NFO,07/01/2020,12:18:59,8.7,8.7,6000,9.15,6000,0,132000
MANAPPURAM30Jan20170CE.NFO,07/01/2020,12:19:05,8.7,8.7,6000,9.2,6000,0,132000
MANAPPURAM30Jan20170CE.NFO,07/01/2020,12:19:11,8.7,8.75,6000,9.25,6000,0,132000
MANAPPURAM30Jan20170CE.NFO,07/01/2020,12:19:29,8.7,8.75,6000,9.15,6000,0,132000
MANAPPURAM30Jan20170CE.NFO,07/01/2020,12:19:31,8.7,8.75,6000,9.2,12000,0,132000
MANAPPURAM30Jan20170CE.NFO,07/01/2020,12:19:37,8.7,8.75,6000,9.25,54000,0,132000
MANAPPURAM30Jan20170CE.NFO,07/01/2020,12:19:43,8.7,8.75,6000,9.2,6000,0,132000
MANAPPURAM30Jan20170CE.NFO,07/01/2020,12:19:47,8.7,8.75,6000,9.15,6000,0,132000
MANAPPURAM30Jan20170CE.NFO,07/01/2020,12:20:23,8.7,8.7,6000,9.15,6000,0,132000
MANAPPURAM30Jan20170CE.NFO,07/01/2020,12:21:10,8.7,8.7,6000,9.1,6000,0,132000
MANAPPURAM30Jan20170CE.NFO,07/01/2020,12:21:24,8.7,8.7,6000,9.15,6000,0,132000
MANAPPURAM30Jan20170CE.NFO,07/01/2020,12:21:50,8.7,8.7,6000,9.2,6000,0,132000
MANAPPURAM30Jan20170CE.NFO,07/01/2020,12:21:57,8.7,8.7,6000,9.15,6000,0,132000
MANAPPURAM30Jan20170CE.NFO,07/01/2020,12:22:21,8.7,8.7,6000,9.2,6000,0,132000
MANAPPURAM30Jan20170CE.NFO,07/01/2020,12:22:34,8.7,8.75,6000,9.2,6000,0,132000
MANAPPURAM30Jan20170CE.NFO,07/01/2020,12:22:38,8.7,8.75,6000,9.25,6000,0,132000
MANAPPURAM30Jan20170CE.NFO,07/01/2020,12:22:53,8.7,8.7,6000,9.15,6000,0,132000
MANAPPURAM30Jan20170CE.NFO,07/01/2020,12:23:53,8.7,8.7,6000,9.2,6000,0,132000
MANAPPURAM30Jan20170CE.NFO,07/01/2020,12:24:17,8.7,8.8,6000,9.25,6000,0,132000
MANAPPURAM30Jan20170CE.NFO,07/01/2020,12:24:26,8.7,8.8,6000,9.2,6000,0,132000
MANAPPURAM30Jan20170CE.NFO,07/01/2020,12:24:32,8.7,8.8,6000,9.15,6000,0,132000
MANAPPURAM30Jan20170CE.NFO,07/01/2020,12:24:39,8.7,8.8,6000,9.25,6000,0,132000
MANAPPURAM30Jan20170CE.NFO,07/01/2020,12:24:50,8.7,8.8,6000,9.15,6000,0,132000
MANAPPURAM30Jan20170CE.NFO,07/01/2020,12:24:53,8.7,8.8,6000,9.25,6000,0,132000
MANAPPURAM30Jan20170CE.NFO,07/01/2020,12:26:00,8.7,8.8,6000,9.2,6000,0,132000
MANAPPURAM30Jan20170CE.NFO,07/01/2020,12:26:04,8.7,8.8,6000,9.15,6000,0,132000
MANAPPURAM30Jan20170CE.NFO,07/01/2020,12:26:07,8.7,8.8,6000,9.2,12000,0,132000
MANAPPURAM30Jan20170CE.NFO,07/01/2020,12:26:17,8.7,8.7,6000,9.1,6000,0,132000
MANAPPURAM30Jan20170CE.NFO,07/01/2020,12:26:20,8.7,8.7,6000,9.15,6000,0,132000
MANAPPURAM30Jan20170CE.NFO,07/01/2020,12:26:24,8.7,8.7,6000,9.2,6000,0,132000
MANAPPURAM30Jan20170CE.NFO,07/01/2020,12:26:27,8.7,8.7,6000,9.15,6000,0,132000
MANAPPURAM30Jan20170CE.NFO,07/01/2020,12:26:36,8.7,8.75,6000,9.15,6000,0,132000
MANAPPURAM30Jan20170CE.NFO,07/01/2020,12:26:40,8.7,8.75,6000,9.2,12000,0,132000
MANAPPURAM30Jan20170CE.NFO,07/01/2020,12:26:56,8.7,8.7,12000,9.2,12000,0,132000
MANAPPURAM30Jan20170CE.NFO,07/01/2020,12:27:00,8.7,8.7,6000,9.1,6000,0,132000
MANAPPURAM30Jan20170CE.NFO,07/01/2020,12:27:04,8.7,8.7,6000,9.05,6000,0,132000
MANAPPURAM30Jan20170CE.NFO,07/01/2020,12:27:14,8.7,8.7,6000,9.1,6000,0,132000
MANAPPURAM30Jan20170CE.NFO,07/01/2020,12:27:19,8.7,8.7,6000,9.1,12000,0,132000
MANAPPURAM30Jan20170CE.NFO,07/01/2020,12:27:21,8.7,8.7,6000,9.1,6000,0,132000
MANAPPURAM30Jan20170CE.NFO,07/01/2020,12:27:28,8.7,8.7,6000,9.05,6000,0,132000
MANAPPURAM30Jan20170CE.NFO,07/01/2020,12:27:31,8.7,8.7,6000,9.1,6000,0,132000
MANAPPURAM30Jan20170CE.NFO,07/01/2020,12:27:38,8.7,8.7,6000,9.1,12000,0,132000
MANAPPURAM30Jan20170CE.NFO,07/01/2020,12:28:53,8.7,8.6,6000,9,6000,0,132000
MANAPPURAM30Jan20170CE.NFO,07/01/2020,12:28:59,8.7,8.5,6000,8.9,6000,0,132000
MANAPPURAM30Jan20170CE.NFO,07/01/2020,12:29:06,8.7,8.55,6000,8.95,6000,0,132000
MANAPPURAM30Jan20170CE.NFO,07/01/2020,12:29:10,8.7,8.55,6000,9,42000,0,132000
MANAPPURAM30Jan20170CE.NFO,07/01/2020,12:29:15,8.7,8.55,6000,9,24000,0,132000
MANAPPURAM30Jan20170CE.NFO,07/01/2020,12:29:23,8.7,8.55,6000,8.95,12000,0,132000
MANAPPURAM30Jan20170CE.NFO,07/01/2020,12:29:29,8.7,8.55,6000,8.9,6000,0,132000
MANAPPURAM30Jan20170CE.NFO,07/01/2020,12:29:34,8.7,8.55,6000,8.95,12000,0,132000
MANAPPURAM30Jan20170CE.NFO,07/01/2020,12:29:38,8.7,8.5,6000,8.9,6000,0,132000
MANAPPURAM30Jan20170CE.NFO,07/01/2020,12:30:18,8.7,8.45,12000,8.9,6000,0,132000
MANAPPURAM30Jan20170CE.NFO,07/01/2020,12:30:33,8.7,8.5,6000,8.9,6000,0,132000
MANAPPURAM30Jan20170CE.NFO,07/01/2020,12:30:37,8.7,8.5,6000,8.85,6000,0,132000
MANAPPURAM30Jan20170CE.NFO,07/01/2020,12:30:41,8.7,8.5,6000,8.9,6000,0,132000
MANAPPURAM30Jan20170CE.NFO,07/01/2020,12:30:45,8.7,8.45,12000,8.8,6000,0,132000
MANAPPURAM30Jan20170CE.NFO,07/01/2020,12:30:49,8.7,8.5,6000,8.95,6000,0,132000
MANAPPURAM30Jan20170CE.NFO,07/01/2020,12:31:26,8.7,8.5,6000,8.9,6000,0,132000
MANAPPURAM30Jan20170CE.NFO,07/01/2020,12:32:00,8.7,8.45,12000,8.9,6000,0,132000
MANAPPURAM30Jan20170CE.NFO,07/01/2020,12:32:29,8.7,8.4,12000,8.85,30000,0,132000
MANAPPURAM30Jan20170CE.NFO,07/01/2020,12:32:35,8.7,8.35,6000,8.75,6000,0,132000
MANAPPURAM30Jan20170CE.NFO,07/01/2020,12:32:41,8.7,8.3,6000,8.65,6000,0,132000
MANAPPURAM30Jan20170CE.NFO,07/01/2020,12:32:46,8.7,8.3,6000,8.7,18000,0,132000
MANAPPURAM30Jan20170CE.NFO,07/01/2020,12:32:50,8.7,8.3,6000,8.65,6000,0,132000
MANAPPURAM30Jan20170CE.NFO,07/01/2020,12:32:54,8.7,8.25,6000,8.65,6000,0,132000
MANAPPURAM30Jan20170CE.NFO,07/01/2020,12:33:01,8.7,8.25,6000,8.75,6000,0,132000
MANAPPURAM30Jan20170CE.NFO,07/01/2020,12:33:11,8.7,8.25,6000,8.7,6000,0,132000
MANAPPURAM30Jan20170CE.NFO,07/01/2020,12:33:19,8.7,8.25,12000,8.65,6000,0,132000
MANAPPURAM30Jan20170CE.NFO,07/01/2020,12:33:22,8.7,8.25,6000,8.7,6000,0,132000
MANAPPURAM30Jan20170CE.NFO,07/01/2020,12:33:49,8.7,8.25,6000,8.7,18000,0,132000
MANAPPURAM30Jan20170CE.NFO,07/01/2020,12:33:52,8.7,8.25,6000,8.65,6000,0,132000
MANAPPURAM30Jan20170CE.NFO,07/01/2020,12:34:02,8.7,8.2,6000,8.65,6000,0,132000
MANAPPURAM30Jan20170CE.NFO,07/01/2020,12:34:31,8.7,8.3,6000,8.7,6000,0,132000
MANAPPURAM30Jan20170CE.NFO,07/01/2020,12:34:57,8.7,8.25,6000,8.65,6000,0,132000
MANAPPURAM30Jan20170CE.NFO,07/01/2020,12:35:05,8.7,8.25,6000,8.7,6000,0,132000
MANAPPURAM30Jan20170CE.NFO,07/01/2020,12:35:56,8.7,8.25,6000,8.65,6000,0,132000
MANAPPURAM30Jan20170CE.NFO,07/01/2020,12:36:18,8.7,8.25,6000,8.7,6000,0,132000
MANAPPURAM30Jan20170CE.NFO,07/01/2020,12:36:55,8.7,8.35,6000,8.75,6000,0,132000
MANAPPURAM30Jan20170CE.NFO,07/01/2020,12:37:05,8.7,8.35,6000,8.7,6000,0,132000
MANAPPURAM30Jan20170CE.NFO,07/01/2020,12:37:43,8.7,8.35,6000,8.75,6000,0,132000
MANAPPURAM30Jan20170CE.NFO,07/01/2020,12:37:51,8.7,8.35,6000,8.8,6000,0,132000
MANAPPURAM30Jan20170CE.NFO,07/01/2020,12:38:19,8.7,8.4,6000,8.8,6000,0,132000
MANAPPURAM30Jan20170CE.NFO,07/01/2020,12:38:34,8.7,8.5,6000,8.9,30000,0,132000
MANAPPURAM30Jan20170CE.NFO,07/01/2020,12:38:38,8.7,8.45,6000,8.85,6000,0,132000
MANAPPURAM30Jan20170CE.NFO,07/01/2020,12:38:58,8.7,8.45,6000,8.9,6000,0,132000
MANAPPURAM30Jan20170CE.NFO,07/01/2020,12:39:02,8.7,8.55,6000,8.95,6000,0,132000
MANAPPURAM30Jan20170CE.NFO,07/01/2020,12:40:16,8.7,8.6,6000,8.95,6000,0,132000
MANAPPURAM30Jan20170CE.NFO,07/01/2020,12:40:35,8.7,8.55,12000,8.95,6000,0,132000
MANAPPURAM30Jan20170CE.NFO,07/01/2020,12:41:04,8.7,8.5,12000,8.95,6000,0,132000
MANAPPURAM30Jan20170CE.NFO,07/01/2020,12:41:11,8.7,8.55,6000,8.95,6000,0,132000
MANAPPURAM30Jan20170CE.NFO,07/01/2020,12:41:13,8.7,8.5,12000,8.9,6000,0,132000
MANAPPURAM30Jan20170CE.NFO,07/01/2020,12:41:15,8.7,8.55,6000,8.85,6000,0,132000
MANAPPURAM30Jan20170CE.NFO,07/01/2020,12:41:16,8.7,8.6,6000,8.9,6000,0,132000
MANAPPURAM30Jan20170CE.NFO,07/01/2020,12:41:18,8.7,8.5,12000,8.85,6000,0,132000
MANAPPURAM30Jan20170CE.NFO,07/01/2020,12:41:18,8.7,8.5,12000,8.95,6000,0,132000
MANAPPURAM30Jan20170CE.NFO,07/01/2020,12:41:40,8.7,8.5,12000,8.85,6000,0,132000
MANAPPURAM30Jan20170CE.NFO,07/01/2020,12:41:41,8.7,8.5,12000,8.95,6000,0,132000
MANAPPURAM30Jan20170CE.NFO,07/01/2020,12:42:09,8.7,8.5,12000,8.9,6000,0,132000
MANAPPURAM30Jan20170CE.NFO,07/01/2020,12:42:12,8.7,8.55,6000,8.85,6000,0,132000
MANAPPURAM30Jan20170CE.NFO,07/01/2020,12:42:14,8.7,8.6,6000,8.95,6000,0,132000
MANAPPURAM30Jan20170CE.NFO,07/01/2020,12:42:15,8.7,8.5,12000,8.95,6000,0,132000
MANAPPURAM30Jan20170CE.NFO,07/01/2020,12:42:35,8.7,8.45,6000,8.85,6000,0,132000
MANAPPURAM30Jan20170CE.NFO,07/01/2020,12:42:39,8.7,8.45,6000,8.9,6000,0,132000
MANAPPURAM30Jan20170CE.NFO,07/01/2020,12:42:42,8.7,8.45,6000,8.9,30000,0,132000
MANAPPURAM30Jan20170CE.NFO,07/01/2020,12:42:43,8.7,8.45,6000,8.85,6000,0,132000
MANAPPURAM30Jan20170CE.NFO,07/01/2020,12:43:39,8.7,8.45,6000,8.8,6000,0,132000
MANAPPURAM30Jan20170CE.NFO,07/01/2020,12:43:43,8.7,8.45,12000,8.85,6000,0,132000
MANAPPURAM30Jan20170CE.NFO,07/01/2020,12:43:51,8.7,8.45,6000,8.85,6000,0,132000
MANAPPURAM30Jan20170CE.NFO,07/01/2020,12:43:54,8.7,8.5,6000,8.85,6000,0,132000
MANAPPURAM30Jan20170CE.NFO,07/01/2020,12:43:58,8.7,8.45,6000,8.85,6000,0,132000
MANAPPURAM30Jan20170CE.NFO,07/01/2020,12:44:07,8.7,8.5,6000,8.85,6000,0,132000
MANAPPURAM30Jan20170CE.NFO,07/01/2020,12:44:12,8.7,8.45,6000,8.85,6000,0,132000
MANAPPURAM30Jan20170CE.NFO,07/01/2020,12:44:27,8.7,8.45,6000,8.9,6000,0,132000
MANAPPURAM30Jan20170CE.NFO,07/01/2020,12:44:34,8.7,8.5,6000,8.8,6000,0,132000
MANAPPURAM30Jan20170CE.NFO,07/01/2020,12:44:38,8.7,8.5,6000,8.85,6000,0,132000
MANAPPURAM30Jan20170CE.NFO,07/01/2020,12:44:40,8.7,8.5,6000,8.8,6000,0,132000
MANAPPURAM30Jan20170CE.NFO,07/01/2020,12:44:43,8.7,8.5,6000,8.85,6000,0,132000
MANAPPURAM30Jan20170CE.NFO,07/01/2020,12:44:49,8.7,8.5,6000,8.9,6000,0,132000
MANAPPURAM30Jan20170CE.NFO,07/01/2020,12:45:20,8.7,8.45,6000,8.9,6000,0,132000
MANAPPURAM30Jan20170CE.NFO,07/01/2020,12:45:50,8.7,8.5,6000,8.9,6000,0,132000
MANAPPURAM30Jan20170CE.NFO,07/01/2020,12:45:57,8.7,8.5,6000,8.85,6000,0,132000
MANAPPURAM30Jan20170CE.NFO,07/01/2020,12:47:41,8.7,8.5,6000,8.9,6000,0,132000
MANAPPURAM30Jan20170CE.NFO,07/01/2020,12:47:44,8.7,8.5,6000,8.85,6000,0,132000
MANAPPURAM30Jan20170CE.NFO,07/01/2020,12:47:53,8.7,8.5,6000,8.9,6000,0,132000
MANAPPURAM30Jan20170CE.NFO,07/01/2020,12:48:06,8.7,8.55,6000,8.95,6000,0,132000
