Ticker,Date,Time,LTP,BuyPrice,BuyQty,SellPrice,SellQty,LTQ,OpenInterest
MARUTI27Feb206500PE.NFO,07/01/2020,09:17:17,52.65,50.95,100,144.7,1400,100,100
MARUTI27Feb206500PE.NFO,07/01/2020,09:17:17,52.65,50.95,100,144.7,1400,0,100
MARUTI27Feb206500PE.NFO,07/01/2020,09:17:17,52.65,50.95,100,144.7,1400,0,100
MARUTI27Feb206500PE.NFO,07/01/2020,09:17:17,52.65,50.95,100,144.7,1400,0,100
MARUTI27Feb206500PE.NFO,07/01/2020,09:17:27,52.65,50.85,400,144.7,800,0,100
MARUTI27Feb206500PE.NFO,07/01/2020,09:17:37,52.65,51.95,500,144.7,800,0,100
MARUTI27Feb206500PE.NFO,07/01/2020,09:17:46,52.65,52.1,400,95.5,400,0,100
MARUTI27Feb206500PE.NFO,07/01/2020,09:17:56,52.65,52.05,200,95.5,800,0,100
MARUTI27Feb206500PE.NFO,07/01/2020,09:18:05,52.65,52.1,200,95.5,1200,0,100
MARUTI27Feb206500PE.NFO,07/01/2020,09:18:28,52.65,52.3,500,95.5,1000,0,100
MARUTI27Feb206500PE.NFO,07/01/2020,09:18:35,52.65,52.6,100,95.5,1000,0,100
MARUTI27Feb206500PE.NFO,07/01/2020,09:18:43,52.65,52.6,400,95.5,1000,0,100
MARUTI27Feb206500PE.NFO,07/01/2020,09:18:51,52.65,52.65,400,95.5,1000,0,100
MARUTI27Feb206500PE.NFO,07/01/2020,09:19:05,52.65,53.1,300,95.5,1000,0,100
MARUTI27Feb206500PE.NFO,07/01/2020,09:19:12,52.65,53.1,200,95.5,1000,0,100
MARUTI27Feb206500PE.NFO,07/01/2020,09:19:33,52.65,53.1,400,95.5,1000,0,100
MARUTI27Feb206500PE.NFO,07/01/2020,09:19:40,52.65,53.1,400,95.5,800,0,100
MARUTI27Feb206500PE.NFO,07/01/2020,09:19:54,52.65,53.1,400,95.5,1000,0,100
MARUTI27Feb206500PE.NFO,07/01/2020,09:20:00,52.65,53.1,200,95.5,1000,0,100
MARUTI27Feb206500PE.NFO,07/01/2020,09:20:13,52.65,53.1,400,95.5,1000,0,100
MARUTI27Feb206500PE.NFO,07/01/2020,09:20:25,52.65,53.2,300,95.5,800,0,100
MARUTI27Feb206500PE.NFO,07/01/2020,09:20:32,52.65,53.5,300,95.5,600,0,100
MARUTI27Feb206500PE.NFO,07/01/2020,09:20:38,52.65,53.6,200,95.5,1000,0,100
MARUTI27Feb206500PE.NFO,07/01/2020,09:20:44,52.65,53.6,200,95.5,1200,0,100
MARUTI27Feb206500PE.NFO,07/01/2020,09:21:53,52.65,53.6,200,95.5,1400,0,100
MARUTI27Feb206500PE.NFO,07/01/2020,09:25:01,52.65,53.6,200,80,100,0,100
MARUTI27Feb206500PE.NFO,07/01/2020,09:29:18,52.65,53.6,200,70,100,0,100
MARUTI27Feb206500PE.NFO,07/01/2020,09:32:23,60,53.6,200,95.5,1000,100,200
MARUTI27Feb206500PE.NFO,07/01/2020,09:32:23,60,53.6,200,95.5,1000,0,200
MARUTI27Feb206500PE.NFO,07/01/2020,09:32:30,60,53.6,200,95.5,1000,0,200
MARUTI27Feb206500PE.NFO,07/01/2020,09:37:44,60,53.6,200,95.5,800,0,200
MARUTI27Feb206500PE.NFO,07/01/2020,09:37:48,60,53.6,200,95.5,1000,0,200
MARUTI27Feb206500PE.NFO,07/01/2020,09:37:56,60,53.6,200,95.5,800,0,200
MARUTI27Feb206500PE.NFO,07/01/2020,09:38:01,60,53.6,200,95.5,1000,0,200
MARUTI27Feb206500PE.NFO,07/01/2020,09:38:27,60,53.6,200,95.5,800,0,200
MARUTI27Feb206500PE.NFO,07/01/2020,09:38:31,60,53.6,200,95.5,1000,0,200
MARUTI27Feb206500PE.NFO,07/01/2020,09:41:56,60,53.6,200,95.5,1200,0,200
MARUTI27Feb206500PE.NFO,07/01/2020,09:45:35,60,53.6,200,95.5,1400,0,200
MARUTI27Feb206500PE.NFO,07/01/2020,09:54:37,60,53.6,200,95.5,1200,0,200
MARUTI27Feb206500PE.NFO,07/01/2020,09:54:47,60,53.6,200,95.5,1400,0,200
MARUTI27Feb206500PE.NFO,07/01/2020,10:00:32,60,53.6,200,95.5,1200,0,200
MARUTI27Feb206500PE.NFO,07/01/2020,10:00:37,60,53.6,200,95.5,1400,0,200
MARUTI27Feb206500PE.NFO,07/01/2020,10:00:43,60,53.6,200,95.5,1200,0,200
MARUTI27Feb206500PE.NFO,07/01/2020,10:00:51,60,53.6,200,95.5,1400,0,200
MARUTI27Feb206500PE.NFO,07/01/2020,10:01:28,60,53.6,200,95.5,1200,0,200
MARUTI27Feb206500PE.NFO,07/01/2020,10:01:34,60,53.6,200,95.5,1400,0,200
MARUTI27Feb206500PE.NFO,07/01/2020,10:01:40,60,53.6,200,95.5,1000,0,200
MARUTI27Feb206500PE.NFO,07/01/2020,10:01:46,60,53.6,200,95.5,1400,0,200
MARUTI27Feb206500PE.NFO,07/01/2020,10:03:25,60,53.6,200,95.5,1000,0,200
MARUTI27Feb206500PE.NFO,07/01/2020,10:03:30,60,53.6,200,95.5,1400,0,200
MARUTI27Feb206500PE.NFO,07/01/2020,10:04:12,60,53.6,200,95.5,1200,0,200
MARUTI27Feb206500PE.NFO,07/01/2020,10:04:16,60,53.6,200,95.5,1400,0,200
MARUTI27Feb206500PE.NFO,07/01/2020,10:04:28,60,53.6,200,95.5,1200,0,200
MARUTI27Feb206500PE.NFO,07/01/2020,10:04:33,60,53.6,200,95.5,1000,0,200
MARUTI27Feb206500PE.NFO,07/01/2020,10:05:05,60,53.6,600,95.5,800,0,200
MARUTI27Feb206500PE.NFO,07/01/2020,10:05:10,60,53.6,600,95.5,400,0,200
MARUTI27Feb206500PE.NFO,07/01/2020,10:05:14,60,53.6,600,95.5,600,0,200
MARUTI27Feb206500PE.NFO,07/01/2020,10:05:32,60,53.6,600,95.5,400,0,200
MARUTI27Feb206500PE.NFO,07/01/2020,10:05:56,60,53.6,600,95.5,600,0,200
MARUTI27Feb206500PE.NFO,07/01/2020,10:06:01,60,53.6,600,95.5,800,0,200
MARUTI27Feb206500PE.NFO,07/01/2020,10:06:06,60,53.6,600,95.5,400,0,200
MARUTI27Feb206500PE.NFO,07/01/2020,10:06:23,60,53.6,600,95.5,200,0,200
MARUTI27Feb206500PE.NFO,07/01/2020,10:06:34,60,53.6,600,95.5,400,0,200
MARUTI27Feb206500PE.NFO,07/01/2020,10:06:39,60,53.6,600,95.5,200,0,200
MARUTI27Feb206500PE.NFO,07/01/2020,10:07:07,60,53.6,800,95.5,200,0,200
MARUTI27Feb206500PE.NFO,07/01/2020,10:07:13,60,53.6,1000,95.5,200,0,200
MARUTI27Feb206500PE.NFO,07/01/2020,10:07:19,60,53.6,800,95.5,200,0,200
MARUTI27Feb206500PE.NFO,07/01/2020,10:07:30,60,53.6,1000,95.5,200,0,200
MARUTI27Feb206500PE.NFO,07/01/2020,10:07:35,60,53.6,800,95.5,200,0,200
MARUTI27Feb206500PE.NFO,07/01/2020,10:07:56,60,53.6,1000,95.5,200,0,200
MARUTI27Feb206500PE.NFO,07/01/2020,10:08:00,60,53.6,1200,95.5,200,0,200
MARUTI27Feb206500PE.NFO,07/01/2020,10:08:05,60,53.6,1000,95.5,200,0,200
MARUTI27Feb206500PE.NFO,07/01/2020,10:08:09,60,53.6,1200,95.5,200,0,200
MARUTI27Feb206500PE.NFO,07/01/2020,10:08:14,60,53.6,1000,95.5,200,0,200
MARUTI27Feb206500PE.NFO,07/01/2020,10:08:19,60,53.6,800,95.5,200,0,200
MARUTI27Feb206500PE.NFO,07/01/2020,10:08:27,60,53.6,600,95.5,200,0,200
MARUTI27Feb206500PE.NFO,07/01/2020,10:09:04,60,53.6,800,95.5,200,0,200
MARUTI27Feb206500PE.NFO,07/01/2020,10:09:17,60,53.6,1000,95.5,200,0,200
MARUTI27Feb206500PE.NFO,07/01/2020,10:09:22,60,53.6,800,95.5,200,0,200
MARUTI27Feb206500PE.NFO,07/01/2020,10:09:25,60,53.6,1000,95.5,200,0,200
MARUTI27Feb206500PE.NFO,07/01/2020,10:09:30,60,53.6,800,95.5,200,0,200
MARUTI27Feb206500PE.NFO,07/01/2020,10:09:42,60,53.6,1000,95.5,200,0,200
MARUTI27Feb206500PE.NFO,07/01/2020,10:10:28,60,53.6,800,95.5,600,0,200
MARUTI27Feb206500PE.NFO,07/01/2020,10:10:33,60,53.6,800,95.5,400,0,200
MARUTI27Feb206500PE.NFO,07/01/2020,10:10:42,60,53.6,800,95.5,600,0,200
MARUTI27Feb206500PE.NFO,07/01/2020,10:10:46,60,53.6,800,95.5,400,0,200
MARUTI27Feb206500PE.NFO,07/01/2020,10:10:51,60,53.6,800,95.5,600,0,200
MARUTI27Feb206500PE.NFO,07/01/2020,10:10:59,60,53.6,600,95.5,400,0,200
MARUTI27Feb206500PE.NFO,07/01/2020,10:11:03,60,53.6,800,95.5,600,0,200
MARUTI27Feb206500PE.NFO,07/01/2020,10:11:07,60,53.6,800,95.5,200,0,200
MARUTI27Feb206500PE.NFO,07/01/2020,10:11:12,60,53.6,800,95.5,600,0,200
MARUTI27Feb206500PE.NFO,07/01/2020,10:11:17,60,53.6,800,95.5,400,0,200
MARUTI27Feb206500PE.NFO,07/01/2020,10:11:23,60,53.6,800,95.5,600,0,200
MARUTI27Feb206500PE.NFO,07/01/2020,10:11:28,60,53.6,800,95.5,400,0,200
MARUTI27Feb206500PE.NFO,07/01/2020,10:11:44,60,53.6,800,95.5,600,0,200
MARUTI27Feb206500PE.NFO,07/01/2020,10:11:49,60,74.75,500,80.05,500,0,200
MARUTI27Feb206500PE.NFO,07/01/2020,10:11:54,60,74.35,500,80.05,500,0,200
MARUTI27Feb206500PE.NFO,07/01/2020,10:12:55,60,74.25,500,80.05,500,0,200
MARUTI27Feb206500PE.NFO,07/01/2020,10:14:04,60,74.45,500,79.25,500,0,200
MARUTI27Feb206500PE.NFO,07/01/2020,10:14:09,60,74.05,500,79.25,500,0,200
MARUTI27Feb206500PE.NFO,07/01/2020,10:14:14,60,74.9,500,81.85,500,0,200
MARUTI27Feb206500PE.NFO,07/01/2020,10:14:20,60,74.35,500,80.75,500,0,200
MARUTI27Feb206500PE.NFO,07/01/2020,10:14:25,60,74.35,500,79.9,500,0,200
MARUTI27Feb206500PE.NFO,07/01/2020,10:14:31,60,73.85,500,79.9,500,0,200
MARUTI27Feb206500PE.NFO,07/01/2020,10:15:00,60,73.85,500,79.35,500,0,200
MARUTI27Feb206500PE.NFO,07/01/2020,10:15:45,60,73.85,500,79.85,500,0,200
MARUTI27Feb206500PE.NFO,07/01/2020,10:15:51,60,75,500,80.2,500,0,200
MARUTI27Feb206500PE.NFO,07/01/2020,10:15:57,60,74.75,500,80.2,500,0,200
MARUTI27Feb206500PE.NFO,07/01/2020,10:16:11,60,74.55,500,80.2,500,0,200
MARUTI27Feb206500PE.NFO,07/01/2020,10:16:16,60,74.5,500,80.2,500,0,200
MARUTI27Feb206500PE.NFO,07/01/2020,10:16:29,60,74.2,500,79.5,500,0,200
MARUTI27Feb206500PE.NFO,07/01/2020,10:17:19,60,74.15,500,79.5,500,0,200
MARUTI27Feb206500PE.NFO,07/01/2020,10:17:23,60,53.6,400,95.4,800,0,200
MARUTI27Feb206500PE.NFO,07/01/2020,10:17:31,60,53.6,400,95.4,600,0,200
MARUTI27Feb206500PE.NFO,07/01/2020,10:17:41,60,53.6,400,95.4,800,0,200
MARUTI27Feb206500PE.NFO,07/01/2020,10:17:51,60,53.6,400,95.4,600,0,200
MARUTI27Feb206500PE.NFO,07/01/2020,10:18:34,60,53.6,400,95.4,800,0,200
MARUTI27Feb206500PE.NFO,07/01/2020,10:18:40,60,53.6,400,95.4,600,0,200
MARUTI27Feb206500PE.NFO,07/01/2020,10:18:55,60,53.6,400,95.4,800,0,200
MARUTI27Feb206500PE.NFO,07/01/2020,10:19:09,60,53.6,400,95.4,600,0,200
MARUTI27Feb206500PE.NFO,07/01/2020,10:19:27,60,53.6,400,95.4,800,0,200
MARUTI27Feb206500PE.NFO,07/01/2020,10:19:38,60,53.6,400,95.4,600,0,200
MARUTI27Feb206500PE.NFO,07/01/2020,10:19:53,60,53.6,400,95.4,1000,0,200
MARUTI27Feb206500PE.NFO,07/01/2020,10:20:13,60,53.6,400,95.4,600,0,200
MARUTI27Feb206500PE.NFO,07/01/2020,10:20:18,60,53.6,400,95.35,800,0,200
MARUTI27Feb206500PE.NFO,07/01/2020,10:20:28,60,53.6,400,95.3,600,0,200
MARUTI27Feb206500PE.NFO,07/01/2020,10:20:35,60,53.6,400,95.3,800,0,200
MARUTI27Feb206500PE.NFO,07/01/2020,10:20:56,60,53.6,400,95.3,1000,0,200
MARUTI27Feb206500PE.NFO,07/01/2020,10:20:59,60,53.6,400,95.3,800,0,200
MARUTI27Feb206500PE.NFO,07/01/2020,10:21:40,60,53.6,400,95.3,1000,0,200
MARUTI27Feb206500PE.NFO,07/01/2020,10:21:45,60,53.6,400,95.3,800,0,200
MARUTI27Feb206500PE.NFO,07/01/2020,10:21:50,60,53.6,400,95.3,1000,0,200
MARUTI27Feb206500PE.NFO,07/01/2020,10:21:55,60,53.6,400,95.3,800,0,200
MARUTI27Feb206500PE.NFO,07/01/2020,10:21:58,60,53.6,400,95.3,1000,0,200
MARUTI27Feb206500PE.NFO,07/01/2020,10:22:01,60,53.6,400,95.3,800,0,200
MARUTI27Feb206500PE.NFO,07/01/2020,10:22:44,60,53.6,400,95.3,600,0,200
MARUTI27Feb206500PE.NFO,07/01/2020,10:23:14,60,53.6,400,95.3,400,0,200
MARUTI27Feb206500PE.NFO,07/01/2020,10:23:30,60,53.6,400,95.3,600,0,200
MARUTI27Feb206500PE.NFO,07/01/2020,10:23:42,60,53.6,400,95.3,400,0,200
MARUTI27Feb206500PE.NFO,07/01/2020,10:23:54,60,53.6,400,95.3,600,0,200
MARUTI27Feb206500PE.NFO,07/01/2020,10:23:57,60,53.6,400,95.3,400,0,200
MARUTI27Feb206500PE.NFO,07/01/2020,10:24:05,60,53.6,400,95.3,600,0,200
MARUTI27Feb206500PE.NFO,07/01/2020,10:24:13,60,53.6,400,95.3,800,0,200
MARUTI27Feb206500PE.NFO,07/01/2020,10:24:17,60,53.6,400,95.3,600,0,200
MARUTI27Feb206500PE.NFO,07/01/2020,10:24:27,60,53.6,400,95.3,400,0,200
MARUTI27Feb206500PE.NFO,07/01/2020,10:24:30,60,53.6,400,95.3,600,0,200
MARUTI27Feb206500PE.NFO,07/01/2020,10:24:53,60,53.6,400,95.3,400,0,200
MARUTI27Feb206500PE.NFO,07/01/2020,10:24:55,60,53.6,400,95.3,200,0,200
MARUTI27Feb206500PE.NFO,07/01/2020,10:25:03,60,53.6,400,95.3,400,0,200
MARUTI27Feb206500PE.NFO,07/01/2020,10:25:09,60,53.6,400,95.3,200,0,200
MARUTI27Feb206500PE.NFO,07/01/2020,10:25:12,60,53.6,600,95.3,400,0,200
MARUTI27Feb206500PE.NFO,07/01/2020,10:25:27,60,53.6,400,95.3,200,0,200
MARUTI27Feb206500PE.NFO,07/01/2020,10:25:31,60,53.6,600,95.3,200,0,200
MARUTI27Feb206500PE.NFO,07/01/2020,10:25:35,60,53.6,800,95.3,200,0,200
MARUTI27Feb206500PE.NFO,07/01/2020,10:25:41,60,53.6,600,95.3,200,0,200
MARUTI27Feb206500PE.NFO,07/01/2020,10:25:46,60,53.6,800,95.3,200,0,200
MARUTI27Feb206500PE.NFO,07/01/2020,10:25:51,60,53.6,400,95.3,200,0,200
MARUTI27Feb206500PE.NFO,07/01/2020,10:26:04,60,53.6,400,95.3,600,0,200
MARUTI27Feb206500PE.NFO,07/01/2020,10:26:08,60,53.6,400,95.3,400,0,200
MARUTI27Feb206500PE.NFO,07/01/2020,10:26:34,60,53.6,400,95.3,600,0,200
MARUTI27Feb206500PE.NFO,07/01/2020,10:26:38,60,53.6,400,95.3,400,0,200
MARUTI27Feb206500PE.NFO,07/01/2020,10:26:41,60,53.6,400,95.3,200,0,200
MARUTI27Feb206500PE.NFO,07/01/2020,10:26:48,60,53.6,400,95.3,600,0,200
MARUTI27Feb206500PE.NFO,07/01/2020,10:26:51,60,53.6,400,95.3,400,0,200
MARUTI27Feb206500PE.NFO,07/01/2020,10:26:56,60,53.6,400,95.3,600,0,200
MARUTI27Feb206500PE.NFO,07/01/2020,10:26:59,60,53.6,400,95.3,200,0,200
MARUTI27Feb206500PE.NFO,07/01/2020,10:27:03,60,53.6,400,95.3,400,0,200
MARUTI27Feb206500PE.NFO,07/01/2020,10:27:06,60,53.6,400,95.3,200,0,200
MARUTI27Feb206500PE.NFO,07/01/2020,10:27:13,60,53.6,400,95.3,400,0,200
MARUTI27Feb206500PE.NFO,07/01/2020,10:27:16,60,53.6,400,95.3,600,0,200
MARUTI27Feb206500PE.NFO,07/01/2020,10:27:20,60,53.6,400,95.3,200,0,200
MARUTI27Feb206500PE.NFO,07/01/2020,10:27:27,60,53.6,600,95.3,200,0,200
MARUTI27Feb206500PE.NFO,07/01/2020,10:27:40,60,53.6,400,95.3,200,0,200
MARUTI27Feb206500PE.NFO,07/01/2020,10:27:48,60,53.6,600,95.3,200,0,200
MARUTI27Feb206500PE.NFO,07/01/2020,10:27:55,60,53.6,800,95.3,200,0,200
MARUTI27Feb206500PE.NFO,07/01/2020,10:27:58,60,53.6,600,95.3,200,0,200
MARUTI27Feb206500PE.NFO,07/01/2020,10:28:01,60,53.6,800,95.3,200,0,200
MARUTI27Feb206500PE.NFO,07/01/2020,10:28:04,60,53.6,600,95.3,200,0,200
MARUTI27Feb206500PE.NFO,07/01/2020,10:28:07,60,53.6,800,95.3,200,0,200
MARUTI27Feb206500PE.NFO,07/01/2020,10:28:10,60,53.6,600,95.3,200,0,200
MARUTI27Feb206500PE.NFO,07/01/2020,10:28:17,60,53.6,400,95.3,200,0,200
MARUTI27Feb206500PE.NFO,07/01/2020,10:28:20,60,53.6,600,95.3,200,0,200
MARUTI27Feb206500PE.NFO,07/01/2020,10:28:26,60,53.6,400,95.3,200,0,200
MARUTI27Feb206500PE.NFO,07/01/2020,10:28:34,60,53.6,400,95.3,400,0,200
MARUTI27Feb206500PE.NFO,07/01/2020,10:28:38,60,53.6,400,95.3,200,0,200
MARUTI27Feb206500PE.NFO,07/01/2020,10:28:48,60,53.6,600,95.3,200,0,200
MARUTI27Feb206500PE.NFO,07/01/2020,10:28:54,60,53.6,400,95.3,200,0,200
MARUTI27Feb206500PE.NFO,07/01/2020,10:28:57,60,53.6,600,95.3,400,0,200
MARUTI27Feb206500PE.NFO,07/01/2020,10:29:00,60,53.6,600,95.3,200,0,200
MARUTI27Feb206500PE.NFO,07/01/2020,10:29:09,60,53.6,400,95.3,200,0,200
MARUTI27Feb206500PE.NFO,07/01/2020,10:29:12,60,53.6,400,95.3,400,0,200
MARUTI27Feb206500PE.NFO,07/01/2020,10:29:25,60,53.6,400,95.3,200,0,200
MARUTI27Feb206500PE.NFO,07/01/2020,10:29:28,60,53.6,600,95.3,200,0,200
MARUTI27Feb206500PE.NFO,07/01/2020,10:29:35,60,53.6,800,95.3,200,0,200
MARUTI27Feb206500PE.NFO,07/01/2020,10:29:44,60,53.6,600,95.3,200,0,200
MARUTI27Feb206500PE.NFO,07/01/2020,10:29:47,60,53.6,800,95.3,200,0,200
MARUTI27Feb206500PE.NFO,07/01/2020,10:29:52,60,53.6,600,95.3,200,0,200
MARUTI27Feb206500PE.NFO,07/01/2020,10:29:56,60,53.6,800,95.3,200,0,200
MARUTI27Feb206500PE.NFO,07/01/2020,10:30:06,60,53.6,1000,95.3,200,0,200
MARUTI27Feb206500PE.NFO,07/01/2020,10:30:08,60,53.6,800,95.3,200,0,200
MARUTI27Feb206500PE.NFO,07/01/2020,10:30:16,60,53.6,600,95.3,200,0,200
MARUTI27Feb206500PE.NFO,07/01/2020,10:30:19,60,53.6,400,95.3,200,0,200
MARUTI27Feb206500PE.NFO,07/01/2020,10:30:20,60,53.6,800,95.3,200,0,200
MARUTI27Feb206500PE.NFO,07/01/2020,10:30:22,60,53.6,600,95.3,200,0,200
MARUTI27Feb206500PE.NFO,07/01/2020,10:30:25,60,53.6,800,95.3,200,0,200
MARUTI27Feb206500PE.NFO,07/01/2020,10:31:01,60,53.6,1000,95.3,200,0,200
MARUTI27Feb206500PE.NFO,07/01/2020,10:31:04,60,53.6,1200,95.3,200,0,200
MARUTI27Feb206500PE.NFO,07/01/2020,10:31:06,60,53.6,1000,95.3,200,0,200
MARUTI27Feb206500PE.NFO,07/01/2020,10:31:17,60,53.6,800,95.3,200,0,200
MARUTI27Feb206500PE.NFO,07/01/2020,10:31:23,60,53.6,1000,95.3,200,0,200
MARUTI27Feb206500PE.NFO,07/01/2020,10:31:56,60,53.6,1400,95.3,200,0,200
MARUTI27Feb206500PE.NFO,07/01/2020,10:34:28,60,53.6,1200,95.3,200,0,200
MARUTI27Feb206500PE.NFO,07/01/2020,10:34:32,60,53.6,1400,95.3,200,0,200
MARUTI27Feb206500PE.NFO,07/01/2020,10:34:40,60,53.6,1200,95.3,200,0,200
MARUTI27Feb206500PE.NFO,07/01/2020,10:35:08,60,53.6,1000,95.3,200,0,200
MARUTI27Feb206500PE.NFO,07/01/2020,10:35:14,60,53.6,1200,95.3,200,0,200
MARUTI27Feb206500PE.NFO,07/01/2020,10:35:32,60,53.6,1000,95.3,200,0,200
MARUTI27Feb206500PE.NFO,07/01/2020,10:35:36,60,53.6,1200,95.3,200,0,200
MARUTI27Feb206500PE.NFO,07/01/2020,10:35:39,60,53.6,1000,95.3,200,0,200
MARUTI27Feb206500PE.NFO,07/01/2020,10:35:49,60,53.6,1200,95.3,200,0,200
MARUTI27Feb206500PE.NFO,07/01/2020,10:35:52,60,53.6,1000,95.3,200,0,200
MARUTI27Feb206500PE.NFO,07/01/2020,10:36:10,60,53.6,1200,95.3,200,0,200
MARUTI27Feb206500PE.NFO,07/01/2020,10:36:14,60,53.6,1400,95.3,200,0,200
MARUTI27Feb206500PE.NFO,07/01/2020,10:36:18,60,53.6,1000,95.3,200,0,200
MARUTI27Feb206500PE.NFO,07/01/2020,10:36:21,60,53.6,1200,95.3,200,0,200
MARUTI27Feb206500PE.NFO,07/01/2020,10:36:32,60,53.6,1400,95.3,200,0,200
MARUTI27Feb206500PE.NFO,07/01/2020,10:36:35,60,53.6,1200,95.3,200,0,200
MARUTI27Feb206500PE.NFO,07/01/2020,10:36:38,60,53.6,1400,95.3,200,0,200
MARUTI27Feb206500PE.NFO,07/01/2020,10:36:42,60,53.6,1200,95.3,200,0,200
MARUTI27Feb206500PE.NFO,07/01/2020,10:36:46,60,53.6,1000,95.3,200,0,200
MARUTI27Feb206500PE.NFO,07/01/2020,10:36:52,60,53.6,800,95.3,200,0,200
MARUTI27Feb206500PE.NFO,07/01/2020,10:36:58,60,53.65,800,95.3,200,0,200
MARUTI27Feb206500PE.NFO,07/01/2020,10:37:01,60,53.65,1000,95.3,200,0,200
MARUTI27Feb206500PE.NFO,07/01/2020,10:37:04,60,53.65,800,95.3,200,0,200
MARUTI27Feb206500PE.NFO,07/01/2020,10:37:08,60,53.65,1000,95.3,200,0,200
MARUTI27Feb206500PE.NFO,07/01/2020,10:37:19,60,53.65,1200,95.3,200,0,200
MARUTI27Feb206500PE.NFO,07/01/2020,10:37:23,60,53.65,1000,95.3,200,0,200
MARUTI27Feb206500PE.NFO,07/01/2020,10:37:39,60,53.65,1200,95.3,200,0,200
MARUTI27Feb206500PE.NFO,07/01/2020,10:37:43,60,53.65,1000,95.3,200,0,200
MARUTI27Feb206500PE.NFO,07/01/2020,10:37:53,60,53.65,800,95.3,200,0,200
MARUTI27Feb206500PE.NFO,07/01/2020,10:37:57,60,53.65,1000,95.3,200,0,200
MARUTI27Feb206500PE.NFO,07/01/2020,10:38:02,60,53.65,800,95.3,200,0,200
MARUTI27Feb206500PE.NFO,07/01/2020,10:39:15,60,53.65,1000,95.3,200,0,200
MARUTI27Feb206500PE.NFO,07/01/2020,10:39:23,60,53.65,800,95.3,200,0,200
MARUTI27Feb206500PE.NFO,07/01/2020,10:39:34,60,53.65,1000,95.3,200,0,200
MARUTI27Feb206500PE.NFO,07/01/2020,10:39:37,60,53.65,400,95.3,200,0,200
MARUTI27Feb206500PE.NFO,07/01/2020,10:40:02,60,53.65,600,95.3,200,0,200
MARUTI27Feb206500PE.NFO,07/01/2020,10:40:06,60,53.65,400,95.3,600,0,200
MARUTI27Feb206500PE.NFO,07/01/2020,10:40:14,60,53.65,400,95.3,200,0,200
MARUTI27Feb206500PE.NFO,07/01/2020,10:40:21,60,53.65,600,95.3,200,0,200
MARUTI27Feb206500PE.NFO,07/01/2020,10:40:23,60,53.65,400,95.3,200,0,200
MARUTI27Feb206500PE.NFO,07/01/2020,10:40:37,60,53.65,600,95.3,200,0,200
MARUTI27Feb206500PE.NFO,07/01/2020,10:40:43,60,53.65,400,95.3,200,0,200
MARUTI27Feb206500PE.NFO,07/01/2020,10:40:55,60,53.65,600,95.3,200,0,200
MARUTI27Feb206500PE.NFO,07/01/2020,10:40:59,60,53.65,400,95.3,200,0,200
MARUTI27Feb206500PE.NFO,07/01/2020,10:41:22,60,53.65,400,95.3,400,0,200
MARUTI27Feb206500PE.NFO,07/01/2020,10:41:31,60,53.65,400,95.3,600,0,200
MARUTI27Feb206500PE.NFO,07/01/2020,10:41:39,60,53.65,400,95.3,400,0,200
MARUTI27Feb206500PE.NFO,07/01/2020,10:41:57,60,53.65,400,95.3,600,0,200
MARUTI27Feb206500PE.NFO,07/01/2020,10:42:03,60,53.65,400,95.3,400,0,200
MARUTI27Feb206500PE.NFO,07/01/2020,10:42:06,60,53.65,400,95.3,200,0,200
MARUTI27Feb206500PE.NFO,07/01/2020,10:42:10,60,53.65,400,95.3,400,0,200
MARUTI27Feb206500PE.NFO,07/01/2020,10:42:18,60,53.65,400,95.3,600,0,200
MARUTI27Feb206500PE.NFO,07/01/2020,10:42:21,60,53.65,400,95.3,400,0,200
MARUTI27Feb206500PE.NFO,07/01/2020,10:42:23,60,53.65,400,95.3,200,0,200
MARUTI27Feb206500PE.NFO,07/01/2020,10:42:35,60,53.65,600,95.3,200,0,200
MARUTI27Feb206500PE.NFO,07/01/2020,10:42:38,60,53.65,400,95.3,200,0,200
MARUTI27Feb206500PE.NFO,07/01/2020,10:42:44,60,53.65,400,95.3,400,0,200
MARUTI27Feb206500PE.NFO,07/01/2020,10:42:49,60,53.65,400,95.3,200,0,200
MARUTI27Feb206500PE.NFO,07/01/2020,10:42:56,60,53.65,600,95.3,200,0,200
MARUTI27Feb206500PE.NFO,07/01/2020,10:43:26,60,53.65,400,95.3,200,0,200
MARUTI27Feb206500PE.NFO,07/01/2020,10:43:36,60,53.65,600,95.3,200,0,200
MARUTI27Feb206500PE.NFO,07/01/2020,10:43:40,60,53.65,400,95.3,200,0,200
MARUTI27Feb206500PE.NFO,07/01/2020,10:43:49,60,53.65,600,95.3,200,0,200
MARUTI27Feb206500PE.NFO,07/01/2020,10:44:21,60,53.65,800,95.3,200,0,200
MARUTI27Feb206500PE.NFO,07/01/2020,10:45:58,60,53.65,600,95.3,200,0,200
MARUTI27Feb206500PE.NFO,07/01/2020,10:46:00,60,53.65,800,95.3,200,0,200
MARUTI27Feb206500PE.NFO,07/01/2020,10:46:32,60,53.65,600,95.3,200,0,200
MARUTI27Feb206500PE.NFO,07/01/2020,10:47:04,60,53.65,800,95.3,200,0,200
MARUTI27Feb206500PE.NFO,07/01/2020,10:47:07,60,53.65,400,95.3,200,0,200
MARUTI27Feb206500PE.NFO,07/01/2020,10:47:10,60,53.65,400,95.3,600,0,200
MARUTI27Feb206500PE.NFO,07/01/2020,10:47:13,60,53.65,400,95.3,800,0,200
MARUTI27Feb206500PE.NFO,07/01/2020,10:47:27,60,53.65,400,95.3,400,0,200
MARUTI27Feb206500PE.NFO,07/01/2020,10:47:30,60,53.65,400,95.3,600,0,200
MARUTI27Feb206500PE.NFO,07/01/2020,10:47:43,60,53.65,400,95.3,200,0,200
MARUTI27Feb206500PE.NFO,07/01/2020,10:47:46,60,53.65,400,95.3,400,0,200
MARUTI27Feb206500PE.NFO,07/01/2020,10:47:50,60,53.65,400,95.3,200,0,200
MARUTI27Feb206500PE.NFO,07/01/2020,10:47:54,60,53.65,400,95.3,400,0,200
MARUTI27Feb206500PE.NFO,07/01/2020,10:48:04,60,53.65,400,95.3,200,0,200
MARUTI27Feb206500PE.NFO,07/01/2020,10:48:16,60,53.65,600,95.3,200,0,200
MARUTI27Feb206500PE.NFO,07/01/2020,10:48:22,60,53.65,400,95.3,200,0,200
MARUTI27Feb206500PE.NFO,07/01/2020,10:48:25,60,53.65,600,95.3,200,0,200
MARUTI27Feb206500PE.NFO,07/01/2020,10:48:33,60,53.65,800,95.3,200,0,200
MARUTI27Feb206500PE.NFO,07/01/2020,10:48:38,60,53.65,600,95.3,200,0,200
MARUTI27Feb206500PE.NFO,07/01/2020,10:48:42,60,53.65,800,95.3,200,0,200
MARUTI27Feb206500PE.NFO,07/01/2020,10:48:57,60,53.65,1000,95.3,200,0,200
MARUTI27Feb206500PE.NFO,07/01/2020,10:49:05,60,53.65,800,95.3,200,0,200
MARUTI27Feb206500PE.NFO,07/01/2020,10:49:09,60,53.65,1000,95.3,200,0,200
MARUTI27Feb206500PE.NFO,07/01/2020,10:49:19,60,53.65,800,95.3,200,0,200
MARUTI27Feb206500PE.NFO,07/01/2020,10:49:29,60,53.65,1000,95.3,200,0,200
MARUTI27Feb206500PE.NFO,07/01/2020,10:49:32,60,53.65,1200,95.3,200,0,200
MARUTI27Feb206500PE.NFO,07/01/2020,10:49:39,60,53.65,1000,95.3,200,0,200
MARUTI27Feb206500PE.NFO,07/01/2020,10:49:42,60,53.65,800,95.3,200,0,200
MARUTI27Feb206500PE.NFO,07/01/2020,10:49:46,60,53.65,1200,95.3,200,0,200
MARUTI27Feb206500PE.NFO,07/01/2020,10:49:49,60,53.65,1400,95.3,200,0,200
MARUTI27Feb206500PE.NFO,07/01/2020,10:50:02,60,53.65,1000,95.3,200,0,200
MARUTI27Feb206500PE.NFO,07/01/2020,10:50:08,60,53.65,1200,95.3,200,0,200
MARUTI27Feb206500PE.NFO,07/01/2020,10:50:13,60,53.65,800,95.3,200,0,200
MARUTI27Feb206500PE.NFO,07/01/2020,10:50:27,60,53.65,1000,95.3,200,0,200
MARUTI27Feb206500PE.NFO,07/01/2020,10:50:31,60,53.65,1200,95.3,200,0,200
MARUTI27Feb206500PE.NFO,07/01/2020,10:50:36,60,53.65,1000,95.3,200,0,200
MARUTI27Feb206500PE.NFO,07/01/2020,10:50:40,60,53.65,800,95.3,200,0,200
MARUTI27Feb206500PE.NFO,07/01/2020,10:50:44,60,53.65,1000,95.3,200,0,200
MARUTI27Feb206500PE.NFO,07/01/2020,10:50:50,60,53.65,1200,95.3,200,0,200
MARUTI27Feb206500PE.NFO,07/01/2020,10:50:53,60,53.65,1400,95.3,200,0,200
MARUTI27Feb206500PE.NFO,07/01/2020,10:50:57,60,53.65,1000,95.3,200,0,200
MARUTI27Feb206500PE.NFO,07/01/2020,10:51:00,60,53.65,1200,95.3,200,0,200
MARUTI27Feb206500PE.NFO,07/01/2020,10:51:03,60,53.65,1000,95.3,200,0,200
MARUTI27Feb206500PE.NFO,07/01/2020,10:51:10,60,53.65,1200,95.3,200,0,200
MARUTI27Feb206500PE.NFO,07/01/2020,10:51:22,60,53.65,1000,95.3,200,0,200
MARUTI27Feb206500PE.NFO,07/01/2020,10:51:25,60,53.65,1200,95.3,200,0,200
MARUTI27Feb206500PE.NFO,07/01/2020,10:51:30,60,53.65,1400,95.3,200,0,200
MARUTI27Feb206500PE.NFO,07/01/2020,10:51:32,60,53.65,1200,95.3,200,0,200
MARUTI27Feb206500PE.NFO,07/01/2020,10:51:34,60,53.65,1400,95.3,200,0,200
MARUTI27Feb206500PE.NFO,07/01/2020,10:51:41,60,53.7,1000,95.3,200,0,200
MARUTI27Feb206500PE.NFO,07/01/2020,10:51:48,60,53.75,1000,95.3,200,0,200
MARUTI27Feb206500PE.NFO,07/01/2020,10:51:55,60,53.8,800,95.3,200,0,200
MARUTI27Feb206500PE.NFO,07/01/2020,10:51:59,60,53.8,1000,95.3,200,0,200
MARUTI27Feb206500PE.NFO,07/01/2020,10:52:14,60,53.8,800,95.3,200,0,200
MARUTI27Feb206500PE.NFO,07/01/2020,10:52:19,60,53.8,1000,95.3,200,0,200
MARUTI27Feb206500PE.NFO,07/01/2020,10:52:38,60,53.8,800,95.3,200,0,200
MARUTI27Feb206500PE.NFO,07/01/2020,10:52:43,60,53.8,1000,95.3,200,0,200
MARUTI27Feb206500PE.NFO,07/01/2020,10:52:55,60,53.8,1200,95.3,200,0,200
MARUTI27Feb206500PE.NFO,07/01/2020,10:53:00,60,53.8,1000,95.3,200,0,200
MARUTI27Feb206500PE.NFO,07/01/2020,10:53:11,60,53.8,800,95.3,200,0,200
MARUTI27Feb206500PE.NFO,07/01/2020,10:53:17,60,53.8,1000,95.3,200,0,200
MARUTI27Feb206500PE.NFO,07/01/2020,10:53:33,60,53.8,1200,95.3,200,0,200
MARUTI27Feb206500PE.NFO,07/01/2020,10:53:38,60,53.8,1000,95.3,200,0,200
MARUTI27Feb206500PE.NFO,07/01/2020,10:53:54,60,53.8,1400,95.3,200,0,200
MARUTI27Feb206500PE.NFO,07/01/2020,10:54:00,60,53.8,1000,95.3,200,0,200
MARUTI27Feb206500PE.NFO,07/01/2020,10:54:04,60,53.8,1200,95.3,200,0,200
MARUTI27Feb206500PE.NFO,07/01/2020,10:54:09,60,53.8,1000,95.3,200,0,200
MARUTI27Feb206500PE.NFO,07/01/2020,10:54:51,60,53.8,800,95.3,200,0,200
MARUTI27Feb206500PE.NFO,07/01/2020,10:56:02,60,53.8,600,95.3,200,0,200
MARUTI27Feb206500PE.NFO,07/01/2020,10:56:16,60,53.8,400,95.3,200,0,200
MARUTI27Feb206500PE.NFO,07/01/2020,10:56:20,60,53.8,400,95.3,600,0,200
MARUTI27Feb206500PE.NFO,07/01/2020,10:56:24,60,53.8,400,95.3,200,0,200
MARUTI27Feb206500PE.NFO,07/01/2020,10:56:28,60,53.8,400,95.3,600,0,200
MARUTI27Feb206500PE.NFO,07/01/2020,10:56:33,60,53.8,400,95.3,200,0,200
MARUTI27Feb206500PE.NFO,07/01/2020,10:56:43,60,53.8,600,95.3,200,0,200
MARUTI27Feb206500PE.NFO,07/01/2020,10:56:47,60,53.8,800,95.3,200,0,200
MARUTI27Feb206500PE.NFO,07/01/2020,10:56:58,60,53.8,1000,95.3,200,0,200
MARUTI27Feb206500PE.NFO,07/01/2020,10:57:20,60,53.8,1400,95.3,200,0,200
MARUTI27Feb206500PE.NFO,07/01/2020,10:57:27,60,53.8,1000,95.3,200,0,200
MARUTI27Feb206500PE.NFO,07/01/2020,10:58:05,60,53.8,1400,95.3,200,0,200
MARUTI27Feb206500PE.NFO,07/01/2020,10:58:50,60,53.8,1400,103.8,1600,0,200
MARUTI27Feb206500PE.NFO,07/01/2020,10:58:56,60,53.8,1400,103.8,1400,0,200
MARUTI27Feb206500PE.NFO,07/01/2020,10:59:27,60,53.8,1400,103.8,1200,0,200
MARUTI27Feb206500PE.NFO,07/01/2020,10:59:33,60,53.8,1400,103.8,1400,0,200
MARUTI27Feb206500PE.NFO,07/01/2020,10:59:46,60,53.8,1600,103.8,1000,0,200
MARUTI27Feb206500PE.NFO,07/01/2020,10:59:51,60,53.8,1600,103.8,1200,0,200
MARUTI27Feb206500PE.NFO,07/01/2020,11:00:10,60,53.8,1400,103.8,1200,0,200
MARUTI27Feb206500PE.NFO,07/01/2020,11:00:18,60,53.8,1600,103.8,1200,0,200
MARUTI27Feb206500PE.NFO,07/01/2020,11:02:19,60,53.8,1600,103.8,1000,0,200
MARUTI27Feb206500PE.NFO,07/01/2020,11:02:25,60,60,700,103.8,1000,0,200
MARUTI27Feb206500PE.NFO,07/01/2020,11:02:38,60,60,900,103.8,1000,0,200
MARUTI27Feb206500PE.NFO,07/01/2020,11:02:44,60,60,900,103.8,800,0,200
MARUTI27Feb206500PE.NFO,07/01/2020,11:03:11,60,60,1300,103.8,800,0,200
MARUTI27Feb206500PE.NFO,07/01/2020,11:03:25,60,60,900,103.8,800,0,200
MARUTI27Feb206500PE.NFO,07/01/2020,11:03:45,60,60,1300,103.8,800,0,200
MARUTI27Feb206500PE.NFO,07/01/2020,11:03:52,60,60,1300,103.8,400,0,200
MARUTI27Feb206500PE.NFO,07/01/2020,11:04:05,60,60,1500,103.8,400,0,200
MARUTI27Feb206500PE.NFO,07/01/2020,11:04:12,60,60,1500,103.8,200,0,200
MARUTI27Feb206500PE.NFO,07/01/2020,11:04:18,60,60,1300,103.8,200,0,200
MARUTI27Feb206500PE.NFO,07/01/2020,11:04:25,60,60,1300,103.8,400,0,200
MARUTI27Feb206500PE.NFO,07/01/2020,11:04:52,60,60,1500,103.8,400,0,200
MARUTI27Feb206500PE.NFO,07/01/2020,11:05:06,60,60,1500,103.8,200,0,200
MARUTI27Feb206500PE.NFO,07/01/2020,11:05:33,60,60,1300,103.8,200,0,200
MARUTI27Feb206500PE.NFO,07/01/2020,11:05:40,60,60,1300,103.8,400,0,200
MARUTI27Feb206500PE.NFO,07/01/2020,11:09:44,60,83.45,500,88.15,500,0,200
MARUTI27Feb206500PE.NFO,07/01/2020,11:09:48,60,83.2,500,88.3,500,0,200
MARUTI27Feb206500PE.NFO,07/01/2020,11:10:00,60,83.2,500,88.35,500,0,200
MARUTI27Feb206500PE.NFO,07/01/2020,11:10:05,60,83.2,500,88.7,500,0,200
MARUTI27Feb206500PE.NFO,07/01/2020,11:10:13,60,83.2,500,88.8,500,0,200
MARUTI27Feb206500PE.NFO,07/01/2020,11:10:56,60,83.15,500,88.8,500,0,200
MARUTI27Feb206500PE.NFO,07/01/2020,11:11:29,60,83.8,500,89,500,0,200
MARUTI27Feb206500PE.NFO,07/01/2020,11:11:36,60,83.8,500,89.1,500,0,200
MARUTI27Feb206500PE.NFO,07/01/2020,11:11:50,60,83.75,500,89.1,500,0,200
MARUTI27Feb206500PE.NFO,07/01/2020,11:11:56,60,83.75,500,89.35,500,0,200
MARUTI27Feb206500PE.NFO,07/01/2020,11:12:04,60,85,500,90.8,500,0,200
MARUTI27Feb206500PE.NFO,07/01/2020,11:12:12,60,85.2,500,90.9,500,0,200
MARUTI27Feb206500PE.NFO,07/01/2020,11:12:19,60,84.45,500,89.9,500,0,200
MARUTI27Feb206500PE.NFO,07/01/2020,11:12:26,60,84.35,500,89.9,500,0,200
MARUTI27Feb206500PE.NFO,07/01/2020,11:12:33,60,84,500,89.9,500,0,200
MARUTI27Feb206500PE.NFO,07/01/2020,11:12:39,60,84,500,89.05,500,0,200
MARUTI27Feb206500PE.NFO,07/01/2020,11:12:44,60,84,500,89.8,500,0,200
MARUTI27Feb206500PE.NFO,07/01/2020,11:13:00,60,60,1500,103.8,400,0,200
MARUTI27Feb206500PE.NFO,07/01/2020,11:13:05,60,60,1500,103.8,200,0,200
MARUTI27Feb206500PE.NFO,07/01/2020,11:14:13,60,60,1500,103.8,400,0,200
MARUTI27Feb206500PE.NFO,07/01/2020,11:14:20,60,60,1500,103.8,200,0,200
MARUTI27Feb206500PE.NFO,07/01/2020,11:14:25,60,60,1500,103.8,400,0,200
MARUTI27Feb206500PE.NFO,07/01/2020,11:14:31,60,60,1500,103.8,200,0,200
MARUTI27Feb206500PE.NFO,07/01/2020,11:14:51,60,60,1300,103.8,200,0,200
MARUTI27Feb206500PE.NFO,07/01/2020,11:14:56,60,60,1500,103.8,200,0,200
MARUTI27Feb206500PE.NFO,07/01/2020,11:16:03,60,60,1700,107.1,400,0,200
MARUTI27Feb206500PE.NFO,07/01/2020,11:16:16,60,60,1500,107.1,400,0,200
MARUTI27Feb206500PE.NFO,07/01/2020,11:16:51,60,60,1700,107.1,400,0,200
MARUTI27Feb206500PE.NFO,07/01/2020,11:16:58,60,60,1500,107.1,400,0,200
MARUTI27Feb206500PE.NFO,07/01/2020,11:18:25,60,60,1500,107.05,400,0,200
MARUTI27Feb206500PE.NFO,07/01/2020,11:18:41,60,60,1500,107.05,800,0,200
MARUTI27Feb206500PE.NFO,07/01/2020,11:18:47,60,60,1500,107.05,600,0,200
MARUTI27Feb206500PE.NFO,07/01/2020,11:18:53,60,60,1500,107.05,800,0,200
MARUTI27Feb206500PE.NFO,07/01/2020,11:18:59,60,60,1500,107.05,400,0,200
MARUTI27Feb206500PE.NFO,07/01/2020,11:19:05,60,60,1500,107.05,800,0,200
MARUTI27Feb206500PE.NFO,07/01/2020,11:19:17,60,60,1500,107.05,400,0,200
MARUTI27Feb206500PE.NFO,07/01/2020,11:19:32,60,60,1500,107,400,0,200
MARUTI27Feb206500PE.NFO,07/01/2020,11:19:44,60,60,1500,106.95,400,0,200
MARUTI27Feb206500PE.NFO,07/01/2020,11:19:51,60,60,1500,106.95,600,0,200
MARUTI27Feb206500PE.NFO,07/01/2020,11:19:56,60,60,1500,106.95,400,0,200
MARUTI27Feb206500PE.NFO,07/01/2020,11:20:01,60,60,1500,106.95,600,0,200
MARUTI27Feb206500PE.NFO,07/01/2020,11:20:06,60,60,1500,106.95,400,0,200
MARUTI27Feb206500PE.NFO,07/01/2020,11:20:49,60,60,1500,106.95,800,0,200
MARUTI27Feb206500PE.NFO,07/01/2020,11:20:55,60,60,1500,106.95,600,0,200
MARUTI27Feb206500PE.NFO,07/01/2020,11:21:01,60,60,1500,106.95,800,0,200
MARUTI27Feb206500PE.NFO,07/01/2020,11:21:15,60,60,1500,106.95,400,0,200
MARUTI27Feb206500PE.NFO,07/01/2020,11:21:20,60,60,1500,106.95,800,0,200
MARUTI27Feb206500PE.NFO,07/01/2020,11:21:31,60,60,1500,106.95,400,0,200
MARUTI27Feb206500PE.NFO,07/01/2020,11:21:43,60,60,1500,106.95,600,0,200
MARUTI27Feb206500PE.NFO,07/01/2020,11:22:08,60,60,1500,106.95,400,0,200
MARUTI27Feb206500PE.NFO,07/01/2020,11:23:25,60,60,1500,106.95,600,0,200
MARUTI27Feb206500PE.NFO,07/01/2020,11:24:01,60,60,1500,106.95,800,0,200
MARUTI27Feb206500PE.NFO,07/01/2020,11:24:50,60,60,1300,106.95,800,0,200
MARUTI27Feb206500PE.NFO,07/01/2020,11:24:54,60,60,1500,106.95,800,0,200
MARUTI27Feb206500PE.NFO,07/01/2020,11:25:13,60,60,1500,106.95,600,0,200
MARUTI27Feb206500PE.NFO,07/01/2020,11:25:17,60,60,1500,106.95,800,0,200
MARUTI27Feb206500PE.NFO,07/01/2020,11:25:22,60,60,1500,106.95,600,0,200
MARUTI27Feb206500PE.NFO,07/01/2020,11:25:27,60,60,1500,106.95,400,0,200
MARUTI27Feb206500PE.NFO,07/01/2020,11:26:38,60,60,1500,106.95,600,0,200
MARUTI27Feb206500PE.NFO,07/01/2020,11:26:43,60,60,1500,106.95,400,0,200
MARUTI27Feb206500PE.NFO,07/01/2020,11:27:00,60,60,1500,106.95,600,0,200
MARUTI27Feb206500PE.NFO,07/01/2020,11:27:04,60,60,1500,106.95,400,0,200
MARUTI27Feb206500PE.NFO,07/01/2020,11:30:36,60,60,1700,106.95,400,0,200
MARUTI27Feb206500PE.NFO,07/01/2020,11:32:06,60,60,1700,106.95,200,0,200
MARUTI27Feb206500PE.NFO,07/01/2020,11:33:03,60,60,1700,106.95,400,0,200
MARUTI27Feb206500PE.NFO,07/01/2020,11:33:07,60,60,1700,106.95,200,0,200
MARUTI27Feb206500PE.NFO,07/01/2020,11:33:23,60,60,1700,106.95,600,0,200
MARUTI27Feb206500PE.NFO,07/01/2020,11:33:28,60,60,1700,106.95,400,0,200
MARUTI27Feb206500PE.NFO,07/01/2020,11:33:32,60,60,1700,106.95,600,0,200
MARUTI27Feb206500PE.NFO,07/01/2020,11:33:37,60,60,1700,106.95,400,0,200
MARUTI27Feb206500PE.NFO,07/01/2020,11:33:54,60,60,1700,106.95,600,0,200
MARUTI27Feb206500PE.NFO,07/01/2020,11:34:31,60,60,1700,106.95,800,0,200
MARUTI27Feb206500PE.NFO,07/01/2020,11:34:37,60,60,1700,106.95,600,0,200
MARUTI27Feb206500PE.NFO,07/01/2020,11:34:43,60,60,1700,106.95,400,0,200
MARUTI27Feb206500PE.NFO,07/01/2020,11:34:49,60,60,1700,106.95,600,0,200
MARUTI27Feb206500PE.NFO,07/01/2020,11:34:54,60,60,1700,106.95,200,0,200
MARUTI27Feb206500PE.NFO,07/01/2020,11:35:06,60,60,1700,106.95,400,0,200
MARUTI27Feb206500PE.NFO,07/01/2020,11:35:11,60,60,1700,106.95,200,0,200
MARUTI27Feb206500PE.NFO,07/01/2020,11:35:23,60,60,1700,106.95,400,0,200
MARUTI27Feb206500PE.NFO,07/01/2020,11:35:41,60,60,1700,106.95,200,0,200
MARUTI27Feb206500PE.NFO,07/01/2020,11:35:58,60,60,1700,106.95,400,0,200
MARUTI27Feb206500PE.NFO,07/01/2020,11:36:04,60,60,1700,106.95,600,0,200
MARUTI27Feb206500PE.NFO,07/01/2020,11:36:09,60,60,1700,106.95,400,0,200
MARUTI27Feb206500PE.NFO,07/01/2020,11:36:24,60,60,1700,106.95,600,0,200
MARUTI27Feb206500PE.NFO,07/01/2020,11:36:29,60,60,1700,106.95,400,0,200
MARUTI27Feb206500PE.NFO,07/01/2020,11:36:38,60,60,1700,106.95,600,0,200
MARUTI27Feb206500PE.NFO,07/01/2020,11:37:29,60,60,1700,106.95,400,0,200
MARUTI27Feb206500PE.NFO,07/01/2020,11:37:34,60,60,1700,106.95,600,0,200
MARUTI27Feb206500PE.NFO,07/01/2020,11:37:46,60,60,1700,106.95,400,0,200
MARUTI27Feb206500PE.NFO,07/01/2020,11:38:00,60,60,1700,106.95,600,0,200
MARUTI27Feb206500PE.NFO,07/01/2020,11:38:03,60,60,1700,106.95,400,0,200
MARUTI27Feb206500PE.NFO,07/01/2020,11:38:15,60,60,1700,106.95,600,0,200
MARUTI27Feb206500PE.NFO,07/01/2020,11:38:47,60,60,1700,106.95,400,0,200
MARUTI27Feb206500PE.NFO,07/01/2020,11:38:51,60,60,1700,106.95,600,0,200
MARUTI27Feb206500PE.NFO,07/01/2020,11:38:55,60,60,1700,106.95,400,0,200
MARUTI27Feb206500PE.NFO,07/01/2020,11:38:58,60,60,1700,106.95,600,0,200
MARUTI27Feb206500PE.NFO,07/01/2020,11:39:02,60,60,1700,106.95,400,0,200
MARUTI27Feb206500PE.NFO,07/01/2020,11:39:11,60,60,1700,106.95,200,0,200
MARUTI27Feb206500PE.NFO,07/01/2020,11:45:04,60,60,1700,107.55,200,0,200
MARUTI27Feb206500PE.NFO,07/01/2020,11:45:12,60,60,1700,107.9,200,0,200
MARUTI27Feb206500PE.NFO,07/01/2020,11:45:17,60,60,1700,107.95,200,0,200
MARUTI27Feb206500PE.NFO,07/01/2020,11:45:25,60,60,1700,108,200,0,200
MARUTI27Feb206500PE.NFO,07/01/2020,11:48:16,60,60,1700,107.95,200,0,200
MARUTI27Feb206500PE.NFO,07/01/2020,11:48:20,60,60,1700,107.9,200,0,200
MARUTI27Feb206500PE.NFO,07/01/2020,11:48:38,60,60,1700,151.15,200,0,200
MARUTI27Feb206500PE.NFO,07/01/2020,11:49:09,60,60,1700,108,200,0,200
MARUTI27Feb206500PE.NFO,07/01/2020,11:49:18,60,60,1700,151.15,200,0,200
MARUTI27Feb206500PE.NFO,07/01/2020,11:49:28,60,60,1700,108,200,0,200
MARUTI27Feb206500PE.NFO,07/01/2020,11:49:31,60,60,1700,107.95,200,0,200
MARUTI27Feb206500PE.NFO,07/01/2020,11:49:34,60,60,1700,151.15,200,0,200
MARUTI27Feb206500PE.NFO,07/01/2020,11:49:42,60,60,1700,107.95,200,0,200
MARUTI27Feb206500PE.NFO,07/01/2020,11:49:45,60,60,1700,108,200,0,200
MARUTI27Feb206500PE.NFO,07/01/2020,11:50:13,60,60,1700,151.15,200,0,200
MARUTI27Feb206500PE.NFO,07/01/2020,11:50:28,60,60,1700,108,200,0,200
MARUTI27Feb206500PE.NFO,07/01/2020,11:50:33,60,60,1700,151.15,200,0,200
MARUTI27Feb206500PE.NFO,07/01/2020,11:51:22,60,60,1700,107.95,200,0,200
MARUTI27Feb206500PE.NFO,07/01/2020,11:51:27,60,60,1700,108,200,0,200
MARUTI27Feb206500PE.NFO,07/01/2020,11:51:32,60,60,1700,151.15,200,0,200
MARUTI27Feb206500PE.NFO,07/01/2020,11:51:41,60,60,1700,107.9,200,0,200
MARUTI27Feb206500PE.NFO,07/01/2020,11:51:48,60,60,1700,107.95,200,0,200
MARUTI27Feb206500PE.NFO,07/01/2020,11:51:51,60,60,1700,108,200,0,200
MARUTI27Feb206500PE.NFO,07/01/2020,11:51:55,60,60,1700,151.15,200,0,200
MARUTI27Feb206500PE.NFO,07/01/2020,11:52:04,60,60,1700,108,200,0,200
MARUTI27Feb206500PE.NFO,07/01/2020,11:52:07,60,60,1700,151.15,200,0,200
MARUTI27Feb206500PE.NFO,07/01/2020,11:52:15,60,60,1700,108,200,0,200
MARUTI27Feb206500PE.NFO,07/01/2020,11:52:33,60,60,1700,107.95,200,0,200
MARUTI27Feb206500PE.NFO,07/01/2020,11:52:47,60,60,1700,151.15,200,0,200
MARUTI27Feb206500PE.NFO,07/01/2020,11:52:56,60,60,1700,108,200,0,200
MARUTI27Feb206500PE.NFO,07/01/2020,11:52:59,60,60,1700,151.15,200,0,200
MARUTI27Feb206500PE.NFO,07/01/2020,11:53:02,60,60,1700,108,200,0,200
MARUTI27Feb206500PE.NFO,07/01/2020,11:53:58,60,60,1700,151.15,200,0,200
MARUTI27Feb206500PE.NFO,07/01/2020,11:54:01,60,60,1700,108,200,0,200
MARUTI27Feb206500PE.NFO,07/01/2020,11:55:02,60,60,1700,107.95,200,0,200
MARUTI27Feb206500PE.NFO,07/01/2020,11:55:23,60,60,1700,151.15,200,0,200
MARUTI27Feb206500PE.NFO,07/01/2020,11:55:30,60,60,1700,108,200,0,200
MARUTI27Feb206500PE.NFO,07/01/2020,11:55:32,60,60,1700,151.15,200,0,200
MARUTI27Feb206500PE.NFO,07/01/2020,11:55:35,60,60,1700,107.95,200,0,200
MARUTI27Feb206500PE.NFO,07/01/2020,11:55:38,60,60,1700,108,200,0,200
MARUTI27Feb206500PE.NFO,07/01/2020,11:55:40,60,60,1700,151.15,200,0,200
MARUTI27Feb206500PE.NFO,07/01/2020,11:55:46,60,60,1700,108,200,0,200
MARUTI27Feb206500PE.NFO,07/01/2020,11:55:52,60,60,1700,151.15,200,0,200
MARUTI27Feb206500PE.NFO,07/01/2020,11:56:06,60,60,1700,108,200,0,200
MARUTI27Feb206500PE.NFO,07/01/2020,11:56:12,60,60,1700,151.15,200,0,200
MARUTI27Feb206500PE.NFO,07/01/2020,11:56:13,60,60,1700,108,200,0,200
MARUTI27Feb206500PE.NFO,07/01/2020,11:56:19,60,60,1700,107.95,200,0,200
MARUTI27Feb206500PE.NFO,07/01/2020,12:00:09,60,60,1700,151.15,200,0,200
MARUTI27Feb206500PE.NFO,07/01/2020,12:00:24,60,60,1700,108,200,0,200
MARUTI27Feb206500PE.NFO,07/01/2020,12:00:50,60,60,1700,151.15,200,0,200
MARUTI27Feb206500PE.NFO,07/01/2020,12:01:10,60,60,1700,108,200,0,200
MARUTI27Feb206500PE.NFO,07/01/2020,12:01:29,60,60,1700,151.15,200,0,200
MARUTI27Feb206500PE.NFO,07/01/2020,12:01:32,60,60,1700,108,200,0,200
MARUTI27Feb206500PE.NFO,07/01/2020,12:08:31,60,60,1700,108,400,0,200
MARUTI27Feb206500PE.NFO,07/01/2020,12:09:03,60,60,1700,108,200,0,200
MARUTI27Feb206500PE.NFO,07/01/2020,12:09:21,60,60,1700,108,400,0,200
MARUTI27Feb206500PE.NFO,07/01/2020,12:09:24,60,60,1700,108,200,0,200
MARUTI27Feb206500PE.NFO,07/01/2020,12:09:30,60,60,1700,108,400,0,200
MARUTI27Feb206500PE.NFO,07/01/2020,12:09:33,60,60,1700,108,200,0,200
MARUTI27Feb206500PE.NFO,07/01/2020,12:09:40,60,60,1700,108,400,0,200
MARUTI27Feb206500PE.NFO,07/01/2020,12:09:53,60,60,1700,108,200,0,200
MARUTI27Feb206500PE.NFO,07/01/2020,12:09:56,60,60,1700,108,400,0,200
MARUTI27Feb206500PE.NFO,07/01/2020,12:10:02,60,60,1700,108,200,0,200
MARUTI27Feb206500PE.NFO,07/01/2020,12:10:21,60,60,1700,108,400,0,200
MARUTI27Feb206500PE.NFO,07/01/2020,12:11:05,60,60,1700,108,200,0,200
MARUTI27Feb206500PE.NFO,07/01/2020,12:11:08,60,60,1700,108,400,0,200
MARUTI27Feb206500PE.NFO,07/01/2020,12:13:20,60,60,1700,108,600,0,200
MARUTI27Feb206500PE.NFO,07/01/2020,12:13:26,60,60,1700,108,400,0,200
MARUTI27Feb206500PE.NFO,07/01/2020,12:13:51,60,60,1700,108,600,0,200
MARUTI27Feb206500PE.NFO,07/01/2020,12:13:54,84.65,84.65,400,89.45,500,100,300
MARUTI27Feb206500PE.NFO,07/01/2020,12:13:54,84.65,84.65,400,89.45,500,0,300
MARUTI27Feb206500PE.NFO,07/01/2020,12:14:03,84.65,84.65,400,89.85,500,0,300
MARUTI27Feb206500PE.NFO,07/01/2020,12:14:09,84.65,84.65,400,90.1,500,0,300
MARUTI27Feb206500PE.NFO,07/01/2020,12:14:35,84.65,84.6,500,90.1,500,0,300
MARUTI27Feb206500PE.NFO,07/01/2020,12:15:00,84.65,84.6,500,90.2,500,0,300
MARUTI27Feb206500PE.NFO,07/01/2020,12:15:09,84.65,84.6,500,90.45,500,0,300
MARUTI27Feb206500PE.NFO,07/01/2020,12:17:13,84.65,60,1700,108,400,0,300
MARUTI27Feb206500PE.NFO,07/01/2020,12:18:32,84.65,60,1700,108,600,0,300
MARUTI27Feb206500PE.NFO,07/01/2020,12:18:35,84.65,60,1700,108,400,0,300
MARUTI27Feb206500PE.NFO,07/01/2020,12:18:53,84.65,60,1700,108,600,0,300
MARUTI27Feb206500PE.NFO,07/01/2020,12:18:55,84.65,60,1700,108,400,0,300
MARUTI27Feb206500PE.NFO,07/01/2020,12:19:07,84.65,60,1700,108,600,0,300
MARUTI27Feb206500PE.NFO,07/01/2020,12:19:51,84.65,60,1700,108,400,0,300
MARUTI27Feb206500PE.NFO,07/01/2020,12:19:54,84.65,60,1700,108,600,0,300
MARUTI27Feb206500PE.NFO,07/01/2020,12:19:57,84.65,60,1700,108,400,0,300
MARUTI27Feb206500PE.NFO,07/01/2020,12:19:59,84.65,60,1700,108,600,0,300
MARUTI27Feb206500PE.NFO,07/01/2020,12:20:11,84.65,60,1700,108,400,0,300
MARUTI27Feb206500PE.NFO,07/01/2020,12:20:15,84.65,60,1700,108,600,0,300
MARUTI27Feb206500PE.NFO,07/01/2020,12:20:36,84.65,60,1700,108,400,0,300
MARUTI27Feb206500PE.NFO,07/01/2020,12:20:39,84.65,60,1700,108,600,0,300
MARUTI27Feb206500PE.NFO,07/01/2020,12:21:05,84.65,60,1700,108,400,0,300
MARUTI27Feb206500PE.NFO,07/01/2020,12:21:08,84.65,60,1700,108,600,0,300
MARUTI27Feb206500PE.NFO,07/01/2020,12:21:11,84.65,60,1700,108,400,0,300
MARUTI27Feb206500PE.NFO,07/01/2020,12:25:54,84.65,60,1700,108,600,0,300
MARUTI27Feb206500PE.NFO,07/01/2020,12:26:01,84.65,60,1700,108,400,0,300
MARUTI27Feb206500PE.NFO,07/01/2020,12:26:11,84.65,60,1700,108,600,0,300
MARUTI27Feb206500PE.NFO,07/01/2020,12:26:18,84.65,60,1700,108,400,0,300
MARUTI27Feb206500PE.NFO,07/01/2020,12:26:22,84.65,60,1700,108,600,0,300
MARUTI27Feb206500PE.NFO,07/01/2020,12:26:25,84.65,60,1700,108,400,0,300
MARUTI27Feb206500PE.NFO,07/01/2020,12:28:03,84.65,60,1700,108,200,0,300
MARUTI27Feb206500PE.NFO,07/01/2020,12:28:06,84.65,60,1700,108,400,0,300
MARUTI27Feb206500PE.NFO,07/01/2020,12:28:09,84.65,60,1700,108,200,0,300
MARUTI27Feb206500PE.NFO,07/01/2020,12:28:18,84.65,60,1700,108,400,0,300
MARUTI27Feb206500PE.NFO,07/01/2020,12:28:25,84.65,60,1700,108,200,0,300
MARUTI27Feb206500PE.NFO,07/01/2020,12:28:28,84.65,60,1700,108,400,0,300
MARUTI27Feb206500PE.NFO,07/01/2020,12:28:31,84.65,60,1700,108,200,0,300
MARUTI27Feb206500PE.NFO,07/01/2020,12:28:42,84.65,60,1700,108,400,0,300
MARUTI27Feb206500PE.NFO,07/01/2020,12:29:01,84.65,60,1700,108,200,0,300
MARUTI27Feb206500PE.NFO,07/01/2020,12:34:08,84.65,60,1700,108,400,0,300
MARUTI27Feb206500PE.NFO,07/01/2020,12:34:12,84.65,60,1700,108,200,0,300
MARUTI27Feb206500PE.NFO,07/01/2020,12:34:45,84.65,60,1700,108,400,0,300
MARUTI27Feb206500PE.NFO,07/01/2020,12:35:13,84.65,60,1700,108,200,0,300
MARUTI27Feb206500PE.NFO,07/01/2020,12:35:16,84.65,60,1700,108,400,0,300
MARUTI27Feb206500PE.NFO,07/01/2020,12:35:22,84.65,60,1700,108,200,0,300
MARUTI27Feb206500PE.NFO,07/01/2020,12:35:25,84.65,60,1700,108,400,0,300
MARUTI27Feb206500PE.NFO,07/01/2020,12:35:43,84.65,60,1700,108,200,0,300
MARUTI27Feb206500PE.NFO,07/01/2020,12:36:01,84.65,60,1700,108,400,0,300
MARUTI27Feb206500PE.NFO,07/01/2020,12:36:52,84.65,60,1700,100,100,0,300
MARUTI27Feb206500PE.NFO,07/01/2020,13:07:21,84.65,60,1700,98,100,0,300
MARUTI27Feb206500PE.NFO,07/01/2020,13:08:33,84.65,60,1500,98,100,0,300
MARUTI27Feb206500PE.NFO,07/01/2020,13:09:10,84.65,60.05,1600,98,100,0,300
MARUTI27Feb206500PE.NFO,07/01/2020,13:10:51,84.65,70,1100,98,100,0,300
MARUTI27Feb206500PE.NFO,07/01/2020,13:10:55,84.65,70,900,98,100,0,300
MARUTI27Feb206500PE.NFO,07/01/2020,13:11:21,84.65,70,1100,98,100,0,300
MARUTI27Feb206500PE.NFO,07/01/2020,13:11:26,84.65,70,400,98,100,0,300
MARUTI27Feb206500PE.NFO,07/01/2020,13:12:12,84.65,70,400,100,100,0,300
MARUTI27Feb206500PE.NFO,07/01/2020,13:14:14,84.65,70,600,100,100,0,300
MARUTI27Feb206500PE.NFO,07/01/2020,13:14:18,84.65,70,400,100,100,0,300
MARUTI27Feb206500PE.NFO,07/01/2020,13:15:07,84.65,70,600,100,100,0,300
MARUTI27Feb206500PE.NFO,07/01/2020,13:15:15,84.65,70,400,100,100,0,300
MARUTI27Feb206500PE.NFO,07/01/2020,13:15:23,84.65,70,600,100,100,0,300
MARUTI27Feb206500PE.NFO,07/01/2020,13:15:50,84.65,70,800,100,100,0,300
MARUTI27Feb206500PE.NFO,07/01/2020,13:16:02,84.65,70,600,100,100,0,300
MARUTI27Feb206500PE.NFO,07/01/2020,13:16:07,84.65,70,400,100,100,0,300
MARUTI27Feb206500PE.NFO,07/01/2020,13:16:21,84.65,70,800,100,100,0,300
MARUTI27Feb206500PE.NFO,07/01/2020,13:16:27,84.65,70,600,100,100,0,300
MARUTI27Feb206500PE.NFO,07/01/2020,13:16:33,84.65,70,800,100,100,0,300
MARUTI27Feb206500PE.NFO,07/01/2020,13:16:44,84.65,70,800,99,100,0,300
MARUTI27Feb206500PE.NFO,07/01/2020,13:17:02,84.65,70,600,99,100,0,300
MARUTI27Feb206500PE.NFO,07/01/2020,13:17:07,84.65,70,800,99,100,0,300
MARUTI27Feb206500PE.NFO,07/01/2020,13:17:15,84.65,70.05,1000,99,100,0,300
MARUTI27Feb206500PE.NFO,07/01/2020,13:17:27,84.65,70.05,1400,99,100,0,300
MARUTI27Feb206500PE.NFO,07/01/2020,13:17:55,84.65,70.05,1400,100,100,0,300
MARUTI27Feb206500PE.NFO,07/01/2020,13:18:51,84.65,70.05,1000,100,100,0,300
MARUTI27Feb206500PE.NFO,07/01/2020,13:19:01,84.65,70.05,800,100,100,0,300
MARUTI27Feb206500PE.NFO,07/01/2020,13:19:07,84.65,70.05,1000,100,100,0,300
MARUTI27Feb206500PE.NFO,07/01/2020,13:20:43,84.65,70.05,1200,100,100,0,300
MARUTI27Feb206500PE.NFO,07/01/2020,13:20:48,84.65,70.05,1400,100,100,0,300
MARUTI27Feb206500PE.NFO,07/01/2020,13:20:56,84.65,70.05,1200,100,100,0,300
MARUTI27Feb206500PE.NFO,07/01/2020,13:21:00,84.65,70.05,1400,100,100,0,300
MARUTI27Feb206500PE.NFO,07/01/2020,13:24:18,84.65,70.05,1200,100,100,0,300
MARUTI27Feb206500PE.NFO,07/01/2020,13:24:40,84.65,70.05,1000,100,100,0,300
MARUTI27Feb206500PE.NFO,07/01/2020,13:24:48,84.65,70.05,800,100,100,0,300
MARUTI27Feb206500PE.NFO,07/01/2020,13:24:55,84.65,70.05,1000,100,100,0,300
MARUTI27Feb206500PE.NFO,07/01/2020,13:25:00,84.65,70.05,800,100,100,0,300
MARUTI27Feb206500PE.NFO,07/01/2020,13:25:06,84.65,70.05,1000,100,100,0,300
MARUTI27Feb206500PE.NFO,07/01/2020,13:25:25,84.65,70.05,800,100,100,0,300
MARUTI27Feb206500PE.NFO,07/01/2020,13:26:19,84.65,70.05,1000,100,100,0,300
MARUTI27Feb206500PE.NFO,07/01/2020,13:27:09,84.65,70.1,600,100,100,0,300
MARUTI27Feb206500PE.NFO,07/01/2020,13:27:22,84.65,70.1,1000,100,100,0,300
MARUTI27Feb206500PE.NFO,07/01/2020,13:27:26,84.65,70.1,600,100,100,0,300
MARUTI27Feb206500PE.NFO,07/01/2020,13:27:32,84.65,70.1,1000,100,100,0,300
MARUTI27Feb206500PE.NFO,07/01/2020,13:28:52,84.65,70.1,1400,100,100,0,300
MARUTI27Feb206500PE.NFO,07/01/2020,13:32:28,84.65,70.1,1200,100,100,0,300
MARUTI27Feb206500PE.NFO,07/01/2020,13:32:33,84.65,70.1,1400,100,100,0,300
MARUTI27Feb206500PE.NFO,07/01/2020,13:33:25,84.65,70.1,1200,100,100,0,300
MARUTI27Feb206500PE.NFO,07/01/2020,13:33:30,84.65,70.1,1400,100,100,0,300
MARUTI27Feb206500PE.NFO,07/01/2020,13:36:59,84.65,70.1,1200,100,100,0,300
MARUTI27Feb206500PE.NFO,07/01/2020,13:37:05,84.65,70.1,1000,100,100,0,300
MARUTI27Feb206500PE.NFO,07/01/2020,13:37:27,84.65,70.1,1200,100,100,0,300
MARUTI27Feb206500PE.NFO,07/01/2020,13:37:31,84.65,70.1,1000,100,100,0,300
MARUTI27Feb206500PE.NFO,07/01/2020,13:37:41,84.65,70.1,1400,100,100,0,300
MARUTI27Feb206500PE.NFO,07/01/2020,13:37:46,84.65,70.1,1000,100,100,0,300
MARUTI27Feb206500PE.NFO,07/01/2020,13:40:00,84.65,70.1,1400,100,100,0,300
MARUTI27Feb206500PE.NFO,07/01/2020,13:40:05,84.65,70.1,1000,100,100,0,300
MARUTI27Feb206500PE.NFO,07/01/2020,13:40:14,84.65,70.1,1400,100,100,0,300
MARUTI27Feb206500PE.NFO,07/01/2020,13:40:50,84.65,70.1,1200,100,100,0,300
MARUTI27Feb206500PE.NFO,07/01/2020,13:40:55,84.65,70.1,1400,100,100,0,300
MARUTI27Feb206500PE.NFO,07/01/2020,13:41:20,84.65,70.1,1000,100,100,0,300
MARUTI27Feb206500PE.NFO,07/01/2020,13:41:24,84.65,70.1,1400,100,100,0,300
MARUTI27Feb206500PE.NFO,07/01/2020,13:41:27,84.65,70.1,1000,100,100,0,300
MARUTI27Feb206500PE.NFO,07/01/2020,13:41:29,84.65,70.1,1400,100,100,0,300
MARUTI27Feb206500PE.NFO,07/01/2020,13:41:45,84.65,70.1,1000,100,100,0,300
MARUTI27Feb206500PE.NFO,07/01/2020,13:41:49,84.65,70.1,1400,100,100,0,300
MARUTI27Feb206500PE.NFO,07/01/2020,13:42:20,84.65,70.1,1000,100,100,0,300
MARUTI27Feb206500PE.NFO,07/01/2020,13:42:33,84.65,70.1,1400,100,100,0,300
MARUTI27Feb206500PE.NFO,07/01/2020,13:42:45,84.65,70.1,1000,100,100,0,300
MARUTI27Feb206500PE.NFO,07/01/2020,13:43:24,84.65,70.1,600,100,100,0,300
MARUTI27Feb206500PE.NFO,07/01/2020,13:43:28,84.65,70.1,800,100,100,0,300
MARUTI27Feb206500PE.NFO,07/01/2020,13:43:32,84.65,70.1,1000,100,100,0,300
MARUTI27Feb206500PE.NFO,07/01/2020,13:43:38,84.65,70.1,800,100,100,0,300
MARUTI27Feb206500PE.NFO,07/01/2020,13:43:43,84.65,70.1,1000,100,100,0,300
MARUTI27Feb206500PE.NFO,07/01/2020,13:43:54,84.65,70.1,800,100,100,0,300
MARUTI27Feb206500PE.NFO,07/01/2020,13:43:58,84.65,70.1,1000,100,100,0,300
MARUTI27Feb206500PE.NFO,07/01/2020,13:45:14,84.65,70.1,600,100,100,0,300
MARUTI27Feb206500PE.NFO,07/01/2020,13:45:55,84.65,70.1,400,100,100,0,300
MARUTI27Feb206500PE.NFO,07/01/2020,13:46:05,84.65,70.1,600,100,100,0,300
MARUTI27Feb206500PE.NFO,07/01/2020,13:46:17,84.65,70.1,400,100,100,0,300
MARUTI27Feb206500PE.NFO,07/01/2020,13:46:22,84.65,70.1,600,100,100,0,300
MARUTI27Feb206500PE.NFO,07/01/2020,13:46:33,84.65,70.1,400,100,100,0,300
MARUTI27Feb206500PE.NFO,07/01/2020,13:47:24,84.65,70.1,200,100,100,0,300
MARUTI27Feb206500PE.NFO,07/01/2020,13:47:35,84.65,70.1,400,100,100,0,300
MARUTI27Feb206500PE.NFO,07/01/2020,13:47:41,84.65,70.1,200,100,100,0,300
MARUTI27Feb206500PE.NFO,07/01/2020,13:47:46,84.65,70.1,400,100,100,0,300
MARUTI27Feb206500PE.NFO,07/01/2020,13:48:20,84.65,70.1,200,100,100,0,300
MARUTI27Feb206500PE.NFO,07/01/2020,13:48:25,84.65,70.1,400,100,100,0,300
MARUTI27Feb206500PE.NFO,07/01/2020,13:48:30,84.65,70.1,200,100,100,0,300
MARUTI27Feb206500PE.NFO,07/01/2020,13:48:35,84.65,70.1,400,100,100,0,300
MARUTI27Feb206500PE.NFO,07/01/2020,13:48:49,84.65,70.1,200,100,100,0,300
MARUTI27Feb206500PE.NFO,07/01/2020,13:48:54,84.65,70.1,400,100,100,0,300
MARUTI27Feb206500PE.NFO,07/01/2020,13:49:13,84.65,70.1,200,100,100,0,300
MARUTI27Feb206500PE.NFO,07/01/2020,13:50:43,84.65,70,100,100,100,0,300
MARUTI27Feb206500PE.NFO,07/01/2020,13:51:31,84.65,70,300,100,100,0,300
MARUTI27Feb206500PE.NFO,07/01/2020,13:51:41,84.65,72.65,100,100,100,0,300
MARUTI27Feb206500PE.NFO,07/01/2020,13:51:55,84.65,73,100,100,100,0,300
MARUTI27Feb206500PE.NFO,07/01/2020,13:52:00,84.65,73.35,100,100,100,0,300
MARUTI27Feb206500PE.NFO,07/01/2020,13:52:04,84.65,73.3,100,100,100,0,300
MARUTI27Feb206500PE.NFO,07/01/2020,13:52:08,84.65,73,100,100,100,0,300
MARUTI27Feb206500PE.NFO,07/01/2020,13:52:17,84.65,73.35,100,100,100,0,300
MARUTI27Feb206500PE.NFO,07/01/2020,13:52:21,84.65,73.45,100,100,100,0,300
MARUTI27Feb206500PE.NFO,07/01/2020,13:52:34,84.65,73.7,100,100,100,0,300
MARUTI27Feb206500PE.NFO,07/01/2020,13:52:39,84.65,73.65,100,100,100,0,300
MARUTI27Feb206500PE.NFO,07/01/2020,13:52:43,84.65,73.9,100,100,100,0,300
MARUTI27Feb206500PE.NFO,07/01/2020,13:52:48,84.65,73.75,100,100,100,0,300
MARUTI27Feb206500PE.NFO,07/01/2020,13:53:00,84.65,73.65,100,100,100,0,300
MARUTI27Feb206500PE.NFO,07/01/2020,13:53:10,84.65,73.85,100,100,100,0,300
MARUTI27Feb206500PE.NFO,07/01/2020,13:53:19,84.65,73.9,100,100,100,0,300
MARUTI27Feb206500PE.NFO,07/01/2020,13:53:27,84.65,74.25,100,100,100,0,300
MARUTI27Feb206500PE.NFO,07/01/2020,13:53:31,84.65,74,100,100,100,0,300
MARUTI27Feb206500PE.NFO,07/01/2020,13:53:47,84.65,74.25,100,100,100,0,300
MARUTI27Feb206500PE.NFO,07/01/2020,13:53:55,84.65,74,100,100,100,0,300
MARUTI27Feb206500PE.NFO,07/01/2020,13:54:07,84.65,74.35,100,100,100,0,300
MARUTI27Feb206500PE.NFO,07/01/2020,13:54:12,84.65,74.55,100,100,100,0,300
MARUTI27Feb206500PE.NFO,07/01/2020,13:54:16,84.65,74.3,100,100,100,0,300
MARUTI27Feb206500PE.NFO,07/01/2020,13:54:25,84.65,74.8,100,100,100,0,300
MARUTI27Feb206500PE.NFO,07/01/2020,13:54:30,84.65,74.35,100,100,100,0,300
MARUTI27Feb206500PE.NFO,07/01/2020,13:54:43,84.65,74.5,100,100,100,0,300
MARUTI27Feb206500PE.NFO,07/01/2020,13:54:48,84.65,74.55,100,100,100,0,300
MARUTI27Feb206500PE.NFO,07/01/2020,13:54:52,84.65,74.5,100,100,100,0,300
MARUTI27Feb206500PE.NFO,07/01/2020,13:54:56,84.65,74.7,100,100,100,0,300
MARUTI27Feb206500PE.NFO,07/01/2020,13:55:00,84.65,74.6,100,100,100,0,300
MARUTI27Feb206500PE.NFO,07/01/2020,13:55:05,84.65,74.3,100,100,100,0,300
MARUTI27Feb206500PE.NFO,07/01/2020,13:55:12,84.65,74.2,100,100,100,0,300
MARUTI27Feb206500PE.NFO,07/01/2020,13:55:18,84.65,74.1,100,100,100,0,300
MARUTI27Feb206500PE.NFO,07/01/2020,13:55:33,84.65,74.2,100,100,100,0,300
MARUTI27Feb206500PE.NFO,07/01/2020,13:55:59,84.65,74.4,100,100,100,0,300
MARUTI27Feb206500PE.NFO,07/01/2020,13:56:06,84.65,74.45,100,100,100,0,300
MARUTI27Feb206500PE.NFO,07/01/2020,13:56:20,84.65,74.5,100,100,100,0,300
MARUTI27Feb206500PE.NFO,07/01/2020,13:56:35,84.65,74.75,100,100,100,0,300
MARUTI27Feb206500PE.NFO,07/01/2020,13:56:46,84.65,74.85,100,100,100,0,300
MARUTI27Feb206500PE.NFO,07/01/2020,13:56:54,84.65,74.75,100,100,100,0,300
MARUTI27Feb206500PE.NFO,07/01/2020,13:57:03,84.65,74.85,100,100,100,0,300
MARUTI27Feb206500PE.NFO,07/01/2020,13:57:09,84.65,74.8,100,100,100,0,300
MARUTI27Feb206500PE.NFO,07/01/2020,13:57:16,84.65,74.45,100,100,100,0,300
MARUTI27Feb206500PE.NFO,07/01/2020,13:57:20,84.65,74.5,100,100,100,0,300
MARUTI27Feb206500PE.NFO,07/01/2020,13:57:25,84.65,74.8,100,100,100,0,300
MARUTI27Feb206500PE.NFO,07/01/2020,13:57:29,84.65,74.75,100,100,100,0,300
MARUTI27Feb206500PE.NFO,07/01/2020,13:57:38,84.65,74.65,100,100,100,0,300
MARUTI27Feb206500PE.NFO,07/01/2020,13:57:42,84.65,74.7,100,100,100,0,300
MARUTI27Feb206500PE.NFO,07/01/2020,13:57:52,84.65,74.8,100,100,100,0,300
MARUTI27Feb206500PE.NFO,07/01/2020,13:57:56,84.65,74.85,100,100,100,0,300
MARUTI27Feb206500PE.NFO,07/01/2020,13:58:28,84.65,74.95,100,100,100,0,300
MARUTI27Feb206500PE.NFO,07/01/2020,13:58:35,84.65,74.7,100,100,100,0,300
MARUTI27Feb206500PE.NFO,07/01/2020,13:58:40,84.65,74.45,100,100,100,0,300
MARUTI27Feb206500PE.NFO,07/01/2020,13:58:46,84.65,74.35,100,100,100,0,300
MARUTI27Feb206500PE.NFO,07/01/2020,13:58:56,84.65,74.45,100,100,100,0,300
MARUTI27Feb206500PE.NFO,07/01/2020,13:59:00,84.65,74.95,100,100,100,0,300
MARUTI27Feb206500PE.NFO,07/01/2020,13:59:38,84.65,74.5,100,100,100,0,300
MARUTI27Feb206500PE.NFO,07/01/2020,13:59:42,84.65,74.45,100,100,100,0,300
MARUTI27Feb206500PE.NFO,07/01/2020,14:00:14,84.65,74.5,100,100,100,0,300
MARUTI27Feb206500PE.NFO,07/01/2020,14:00:30,84.65,74.55,100,100,100,0,300
MARUTI27Feb206500PE.NFO,07/01/2020,14:00:34,84.65,74.5,100,100,100,0,300
MARUTI27Feb206500PE.NFO,07/01/2020,14:00:38,84.65,74.7,100,100,100,0,300
MARUTI27Feb206500PE.NFO,07/01/2020,14:00:45,84.65,74.45,100,100,100,0,300
MARUTI27Feb206500PE.NFO,07/01/2020,14:00:51,84.65,74.35,100,100,100,0,300
MARUTI27Feb206500PE.NFO,07/01/2020,14:02:06,84.65,74.5,100,100,100,0,300
MARUTI27Feb206500PE.NFO,07/01/2020,14:02:15,84.65,74.7,100,100,100,0,300
MARUTI27Feb206500PE.NFO,07/01/2020,14:02:41,84.65,74.75,100,100,100,0,300
MARUTI27Feb206500PE.NFO,07/01/2020,14:02:47,84.65,74.7,100,100,100,0,300
MARUTI27Feb206500PE.NFO,07/01/2020,14:03:07,84.65,74.5,100,100,100,0,300
MARUTI27Feb206500PE.NFO,07/01/2020,14:03:22,84.65,74.75,100,100,100,0,300
MARUTI27Feb206500PE.NFO,07/01/2020,14:03:29,84.65,74.35,100,100,100,0,300
MARUTI27Feb206500PE.NFO,07/01/2020,14:03:42,84.65,74,100,100,100,0,300
MARUTI27Feb206500PE.NFO,07/01/2020,14:03:48,84.65,73.85,100,100,100,0,300
MARUTI27Feb206500PE.NFO,07/01/2020,14:04:03,84.65,73.6,100,100,100,0,300
MARUTI27Feb206500PE.NFO,07/01/2020,14:04:08,84.65,74.1,100,100,100,0,300
MARUTI27Feb206500PE.NFO,07/01/2020,14:04:11,84.65,74,100,100,100,0,300
MARUTI27Feb206500PE.NFO,07/01/2020,14:04:21,84.65,74.15,100,100,100,0,300
MARUTI27Feb206500PE.NFO,07/01/2020,14:04:29,84.65,74,100,100,100,0,300
MARUTI27Feb206500PE.NFO,07/01/2020,14:04:58,84.65,74.2,100,100,100,0,300
MARUTI27Feb206500PE.NFO,07/01/2020,14:05:03,84.65,74.35,100,100,100,0,300
MARUTI27Feb206500PE.NFO,07/01/2020,14:05:08,84.65,74.55,100,100,100,0,300
MARUTI27Feb206500PE.NFO,07/01/2020,14:05:25,84.65,74.3,100,100,100,0,300
MARUTI27Feb206500PE.NFO,07/01/2020,14:05:32,84.65,74.35,100,100,100,0,300
MARUTI27Feb206500PE.NFO,07/01/2020,14:05:38,84.65,74.45,100,100,100,0,300
MARUTI27Feb206500PE.NFO,07/01/2020,14:05:43,84.65,74.5,100,100,100,0,300
MARUTI27Feb206500PE.NFO,07/01/2020,14:05:49,84.65,74.45,100,100,100,0,300
MARUTI27Feb206500PE.NFO,07/01/2020,14:05:53,84.65,74.5,100,100,100,0,300
MARUTI27Feb206500PE.NFO,07/01/2020,14:05:58,84.65,74.4,100,100,100,0,300
MARUTI27Feb206500PE.NFO,07/01/2020,14:06:13,84.65,74.35,100,100,100,0,300
MARUTI27Feb206500PE.NFO,07/01/2020,14:06:17,84.65,74.4,100,100,100,0,300
MARUTI27Feb206500PE.NFO,07/01/2020,14:06:21,84.65,74.35,100,100,100,0,300
MARUTI27Feb206500PE.NFO,07/01/2020,14:06:30,84.65,74.4,100,100,100,0,300
MARUTI27Feb206500PE.NFO,07/01/2020,14:06:35,84.65,74.35,100,100,100,0,300
MARUTI27Feb206500PE.NFO,07/01/2020,14:07:23,84.65,74.55,100,100,100,0,300
MARUTI27Feb206500PE.NFO,07/01/2020,14:07:30,84.65,74.8,100,100,100,0,300
MARUTI27Feb206500PE.NFO,07/01/2020,14:07:37,84.65,74.45,100,100,100,0,300
MARUTI27Feb206500PE.NFO,07/01/2020,14:07:43,84.65,74.65,100,100,100,0,300
MARUTI27Feb206500PE.NFO,07/01/2020,14:08:14,84.65,75.05,100,100,100,0,300
MARUTI27Feb206500PE.NFO,07/01/2020,14:09:12,84.65,74.75,100,100,100,0,300
MARUTI27Feb206500PE.NFO,07/01/2020,14:09:16,84.65,74.65,100,100,100,0,300
MARUTI27Feb206500PE.NFO,07/01/2020,14:09:20,84.65,74.55,100,100,100,0,300
MARUTI27Feb206500PE.NFO,07/01/2020,14:09:25,84.65,74.65,100,100,100,0,300
MARUTI27Feb206500PE.NFO,07/01/2020,14:09:32,84.65,75,100,100,100,0,300
MARUTI27Feb206500PE.NFO,07/01/2020,14:09:39,84.65,74.7,100,100,100,0,300
MARUTI27Feb206500PE.NFO,07/01/2020,14:09:50,84.65,74.85,100,100,100,0,300
MARUTI27Feb206500PE.NFO,07/01/2020,14:09:57,84.65,75.05,100,100,100,0,300
MARUTI27Feb206500PE.NFO,07/01/2020,14:10:05,84.65,75.7,100,100,100,0,300
MARUTI27Feb206500PE.NFO,07/01/2020,14:10:13,84.65,75.8,100,100,100,0,300
MARUTI27Feb206500PE.NFO,07/01/2020,14:10:18,84.65,76,100,100,100,0,300
MARUTI27Feb206500PE.NFO,07/01/2020,14:10:23,84.65,76.75,100,100,100,0,300
MARUTI27Feb206500PE.NFO,07/01/2020,14:10:28,84.65,76.85,100,100,100,0,300
MARUTI27Feb206500PE.NFO,07/01/2020,14:10:33,84.65,76.6,100,100,100,0,300
MARUTI27Feb206500PE.NFO,07/01/2020,14:10:38,84.65,76,100,100,100,0,300
MARUTI27Feb206500PE.NFO,07/01/2020,14:10:42,84.65,75.85,100,100,100,0,300
MARUTI27Feb206500PE.NFO,07/01/2020,14:10:50,84.65,76.1,100,100,100,0,300
MARUTI27Feb206500PE.NFO,07/01/2020,14:10:53,84.65,76,100,100,100,0,300
MARUTI27Feb206500PE.NFO,07/01/2020,14:10:56,84.65,76.05,100,100,100,0,300
MARUTI27Feb206500PE.NFO,07/01/2020,14:10:59,84.65,75.75,100,100,100,0,300
MARUTI27Feb206500PE.NFO,07/01/2020,14:11:06,84.65,75.5,100,100,100,0,300
MARUTI27Feb206500PE.NFO,07/01/2020,14:11:10,84.65,75.6,100,100,100,0,300
MARUTI27Feb206500PE.NFO,07/01/2020,14:11:14,84.65,75.95,100,100,100,0,300
MARUTI27Feb206500PE.NFO,07/01/2020,14:11:38,84.65,75.9,100,100,100,0,300
MARUTI27Feb206500PE.NFO,07/01/2020,14:11:42,84.65,75.95,100,100,100,0,300
MARUTI27Feb206500PE.NFO,07/01/2020,14:11:46,84.65,75.75,100,100,100,0,300
MARUTI27Feb206500PE.NFO,07/01/2020,14:11:50,84.65,75.55,100,100,100,0,300
MARUTI27Feb206500PE.NFO,07/01/2020,14:11:54,84.65,75.7,100,100,100,0,300
MARUTI27Feb206500PE.NFO,07/01/2020,14:11:58,84.65,75.55,100,100,100,0,300
MARUTI27Feb206500PE.NFO,07/01/2020,14:12:02,84.65,75.7,100,100,100,0,300
MARUTI27Feb206500PE.NFO,07/01/2020,14:12:06,84.65,75.55,100,100,100,0,300
MARUTI27Feb206500PE.NFO,07/01/2020,14:12:12,84.65,75.7,100,100,100,0,300
MARUTI27Feb206500PE.NFO,07/01/2020,14:12:37,84.65,75.75,100,100,100,0,300
MARUTI27Feb206500PE.NFO,07/01/2020,14:12:49,84.65,75.7,100,100,100,0,300
MARUTI27Feb206500PE.NFO,07/01/2020,14:12:59,84.65,75.8,100,100,100,0,300
MARUTI27Feb206500PE.NFO,07/01/2020,14:13:04,84.65,75.7,100,100,100,0,300
MARUTI27Feb206500PE.NFO,07/01/2020,14:13:16,84.65,75.75,100,100,100,0,300
MARUTI27Feb206500PE.NFO,07/01/2020,14:13:20,84.65,75.7,100,100,100,0,300
MARUTI27Feb206500PE.NFO,07/01/2020,14:13:24,84.65,74.75,100,100,100,0,300
MARUTI27Feb206500PE.NFO,07/01/2020,14:13:31,84.65,74.35,100,100,100,0,300
MARUTI27Feb206500PE.NFO,07/01/2020,14:13:51,84.65,74.5,100,100,100,0,300
MARUTI27Feb206500PE.NFO,07/01/2020,14:13:56,84.65,74.35,100,100,100,0,300
MARUTI27Feb206500PE.NFO,07/01/2020,14:14:02,84.65,74.5,100,100,100,0,300
MARUTI27Feb206500PE.NFO,07/01/2020,14:14:19,84.65,74.05,100,100,100,0,300
MARUTI27Feb206500PE.NFO,07/01/2020,14:14:24,84.65,74.5,100,100,100,0,300
MARUTI27Feb206500PE.NFO,07/01/2020,14:14:29,84.65,74.25,100,100,100,0,300
MARUTI27Feb206500PE.NFO,07/01/2020,14:14:34,84.65,73.9,100,100,100,0,300
MARUTI27Feb206500PE.NFO,07/01/2020,14:14:39,84.65,73.5,100,100,100,0,300
MARUTI27Feb206500PE.NFO,07/01/2020,14:14:49,84.65,73.55,100,100,100,0,300
MARUTI27Feb206500PE.NFO,07/01/2020,14:15:02,84.65,73.5,100,100,100,0,300
MARUTI27Feb206500PE.NFO,07/01/2020,14:15:14,84.65,73.65,100,100,100,0,300
MARUTI27Feb206500PE.NFO,07/01/2020,14:15:33,84.65,73.5,100,100,100,0,300
MARUTI27Feb206500PE.NFO,07/01/2020,14:15:38,84.65,73.3,100,100,100,0,300
MARUTI27Feb206500PE.NFO,07/01/2020,14:15:52,84.65,73.35,100,100,100,0,300
MARUTI27Feb206500PE.NFO,07/01/2020,14:15:56,84.65,73.15,100,100,100,0,300
MARUTI27Feb206500PE.NFO,07/01/2020,14:16:12,84.65,73.35,100,100,100,0,300
MARUTI27Feb206500PE.NFO,07/01/2020,14:16:51,84.65,73.4,100,100,100,0,300
MARUTI27Feb206500PE.NFO,07/01/2020,14:16:55,84.65,73.35,100,100,100,0,300
MARUTI27Feb206500PE.NFO,07/01/2020,14:16:59,84.65,73.4,100,100,100,0,300
MARUTI27Feb206500PE.NFO,07/01/2020,14:17:07,84.65,73.45,100,100,100,0,300
MARUTI27Feb206500PE.NFO,07/01/2020,14:17:12,84.65,73.5,100,100,100,0,300
MARUTI27Feb206500PE.NFO,07/01/2020,14:17:22,84.65,73.6,100,100,100,0,300
MARUTI27Feb206500PE.NFO,07/01/2020,14:17:28,84.65,73.65,100,100,100,0,300
MARUTI27Feb206500PE.NFO,07/01/2020,14:17:33,84.65,73.55,100,100,100,0,300
MARUTI27Feb206500PE.NFO,07/01/2020,14:17:37,84.65,73.6,100,100,100,0,300
MARUTI27Feb206500PE.NFO,07/01/2020,14:17:42,84.65,73.7,100,100,100,0,300
MARUTI27Feb206500PE.NFO,07/01/2020,14:17:49,84.65,74.35,100,100,100,0,300
MARUTI27Feb206500PE.NFO,07/01/2020,14:18:07,84.65,74.7,100,100,100,0,300
MARUTI27Feb206500PE.NFO,07/01/2020,14:18:13,84.65,74.75,100,100,100,0,300
MARUTI27Feb206500PE.NFO,07/01/2020,14:18:18,84.65,74.85,100,100,100,0,300
MARUTI27Feb206500PE.NFO,07/01/2020,14:18:23,84.65,74.35,100,100,100,0,300
MARUTI27Feb206500PE.NFO,07/01/2020,14:18:29,84.65,74,100,100,100,0,300
MARUTI27Feb206500PE.NFO,07/01/2020,14:18:35,84.65,73.85,100,100,100,0,300
MARUTI27Feb206500PE.NFO,07/01/2020,14:18:44,84.65,73.5,100,100,100,0,300
MARUTI27Feb206500PE.NFO,07/01/2020,14:18:47,84.65,73.55,100,100,100,0,300
MARUTI27Feb206500PE.NFO,07/01/2020,14:18:55,84.65,73.7,100,100,100,0,300
MARUTI27Feb206500PE.NFO,07/01/2020,14:19:08,84.65,73.85,100,100,100,0,300
MARUTI27Feb206500PE.NFO,07/01/2020,14:19:18,84.65,74,100,100,100,0,300
MARUTI27Feb206500PE.NFO,07/01/2020,14:19:26,84.65,73.85,100,100,100,0,300
MARUTI27Feb206500PE.NFO,07/01/2020,14:19:38,84.65,74,100,100,100,0,300
MARUTI27Feb206500PE.NFO,07/01/2020,14:19:47,84.65,74.05,100,100,100,0,300
MARUTI27Feb206500PE.NFO,07/01/2020,14:19:51,84.65,74.1,100,100,100,0,300
MARUTI27Feb206500PE.NFO,07/01/2020,14:20:00,84.65,74.45,100,100,100,0,300
MARUTI27Feb206500PE.NFO,07/01/2020,14:20:09,84.65,74.4,100,100,100,0,300
MARUTI27Feb206500PE.NFO,07/01/2020,14:20:15,84.65,74.45,100,100,100,0,300
MARUTI27Feb206500PE.NFO,07/01/2020,14:20:19,84.65,74.35,100,100,100,0,300
MARUTI27Feb206500PE.NFO,07/01/2020,14:20:29,84.65,74.45,100,100,100,0,300
MARUTI27Feb206500PE.NFO,07/01/2020,14:20:38,84.65,74.35,100,100,100,0,300
MARUTI27Feb206500PE.NFO,07/01/2020,14:20:41,84.65,74.55,100,100,100,0,300
MARUTI27Feb206500PE.NFO,07/01/2020,14:20:45,84.65,74.5,100,100,100,0,300
MARUTI27Feb206500PE.NFO,07/01/2020,14:21:01,84.65,74.7,100,100,100,0,300
MARUTI27Feb206500PE.NFO,07/01/2020,14:21:06,84.65,73.75,100,100,100,0,300
MARUTI27Feb206500PE.NFO,07/01/2020,14:21:10,84.65,73.8,100,100,100,0,300
MARUTI27Feb206500PE.NFO,07/01/2020,14:21:22,84.65,74.2,100,100,100,0,300
MARUTI27Feb206500PE.NFO,07/01/2020,14:21:26,84.65,74.25,100,100,100,0,300
MARUTI27Feb206500PE.NFO,07/01/2020,14:21:34,84.65,73.7,100,100,100,0,300
MARUTI27Feb206500PE.NFO,07/01/2020,14:21:54,84.65,73.85,100,100,100,0,300
MARUTI27Feb206500PE.NFO,07/01/2020,14:23:06,84.65,74.15,100,100,100,0,300
MARUTI27Feb206500PE.NFO,07/01/2020,14:23:09,84.65,73.9,100,100,100,0,300
MARUTI27Feb206500PE.NFO,07/01/2020,14:23:12,84.65,73.95,100,100,100,0,300
MARUTI27Feb206500PE.NFO,07/01/2020,14:23:16,84.65,73.85,100,100,100,0,300
MARUTI27Feb206500PE.NFO,07/01/2020,14:23:19,84.65,73.95,100,100,100,0,300
MARUTI27Feb206500PE.NFO,07/01/2020,14:23:23,84.65,74.15,100,100,100,0,300
MARUTI27Feb206500PE.NFO,07/01/2020,14:23:27,84.65,74.35,100,100,100,0,300
MARUTI27Feb206500PE.NFO,07/01/2020,14:23:48,84.65,74.1,100,100,100,0,300
MARUTI27Feb206500PE.NFO,07/01/2020,14:24:03,84.65,74.05,100,100,100,0,300
MARUTI27Feb206500PE.NFO,07/01/2020,14:24:06,84.65,74.15,100,100,100,0,300
MARUTI27Feb206500PE.NFO,07/01/2020,14:24:14,84.65,74.25,100,100,100,0,300
MARUTI27Feb206500PE.NFO,07/01/2020,14:24:21,84.65,74.35,100,100,100,0,300
MARUTI27Feb206500PE.NFO,07/01/2020,14:24:27,84.65,74.2,100,100,100,0,300
MARUTI27Feb206500PE.NFO,07/01/2020,14:24:32,84.65,74.35,100,100,100,0,300
MARUTI27Feb206500PE.NFO,07/01/2020,14:24:38,84.65,74.2,100,100,100,0,300
MARUTI27Feb206500PE.NFO,07/01/2020,14:24:42,84.65,74.45,100,100,100,0,300
MARUTI27Feb206500PE.NFO,07/01/2020,14:24:46,84.65,74.5,100,100,100,0,300
MARUTI27Feb206500PE.NFO,07/01/2020,14:24:50,84.65,74.35,100,100,100,0,300
MARUTI27Feb206500PE.NFO,07/01/2020,14:24:59,84.65,74.2,100,100,100,0,300
MARUTI27Feb206500PE.NFO,07/01/2020,14:25:07,84.65,74.35,100,100,100,0,300
MARUTI27Feb206500PE.NFO,07/01/2020,14:25:10,84.65,74.45,100,100,100,0,300
MARUTI27Feb206500PE.NFO,07/01/2020,14:25:17,84.65,74.35,100,100,100,0,300
MARUTI27Feb206500PE.NFO,07/01/2020,14:25:22,84.65,74.5,100,100,100,0,300
MARUTI27Feb206500PE.NFO,07/01/2020,14:25:46,84.65,74.55,100,100,100,0,300
MARUTI27Feb206500PE.NFO,07/01/2020,14:26:21,84.65,74.35,100,100,100,0,300
MARUTI27Feb206500PE.NFO,07/01/2020,14:26:24,84.65,73.85,100,100,100,0,300
MARUTI27Feb206500PE.NFO,07/01/2020,14:26:32,84.65,73.9,100,100,100,0,300
MARUTI27Feb206500PE.NFO,07/01/2020,14:26:47,84.65,73.95,100,100,100,0,300
MARUTI27Feb206500PE.NFO,07/01/2020,14:26:52,84.65,74,100,100,100,0,300
MARUTI27Feb206500PE.NFO,07/01/2020,14:27:00,84.65,73.95,100,100,100,0,300
MARUTI27Feb206500PE.NFO,07/01/2020,14:27:12,84.65,73.7,100,100,100,0,300
MARUTI27Feb206500PE.NFO,07/01/2020,14:27:19,84.65,73.5,100,100,100,0,300
MARUTI27Feb206500PE.NFO,07/01/2020,14:28:06,84.65,73.45,100,100,100,0,300
MARUTI27Feb206500PE.NFO,07/01/2020,14:28:14,84.65,73.4,100,100,100,0,300
MARUTI27Feb206500PE.NFO,07/01/2020,14:28:18,84.65,73.15,100,100,100,0,300
MARUTI27Feb206500PE.NFO,07/01/2020,14:28:21,84.65,72.65,100,100,100,0,300
MARUTI27Feb206500PE.NFO,07/01/2020,14:28:38,84.65,72.75,100,100,100,0,300
MARUTI27Feb206500PE.NFO,07/01/2020,14:28:46,84.65,72.8,100,100,100,0,300
MARUTI27Feb206500PE.NFO,07/01/2020,14:28:56,84.65,72.7,100,100,100,0,300
MARUTI27Feb206500PE.NFO,07/01/2020,14:29:00,84.65,72.65,100,100,100,0,300
MARUTI27Feb206500PE.NFO,07/01/2020,14:29:31,84.65,73,100,100,100,0,300
MARUTI27Feb206500PE.NFO,07/01/2020,14:30:04,84.65,73.05,100,100,100,0,300
MARUTI27Feb206500PE.NFO,07/01/2020,14:30:08,84.65,73,100,100,100,0,300
MARUTI27Feb206500PE.NFO,07/01/2020,14:30:23,84.65,72.65,100,100,100,0,300
MARUTI27Feb206500PE.NFO,07/01/2020,14:30:31,84.65,71.85,100,100,100,0,300
MARUTI27Feb206500PE.NFO,07/01/2020,14:30:39,84.65,71.8,100,100,100,0,300
MARUTI27Feb206500PE.NFO,07/01/2020,14:30:47,84.65,70,100,100,100,0,300
MARUTI27Feb206500PE.NFO,07/01/2020,14:30:56,84.65,70,100,100,300,0,300
MARUTI27Feb206500PE.NFO,07/01/2020,14:32:01,84.65,70,100,100,100,0,300
MARUTI27Feb206500PE.NFO,07/01/2020,14:32:08,84.65,70.1,100,100,100,0,300
MARUTI27Feb206500PE.NFO,07/01/2020,14:32:18,84.65,70.15,100,100,100,0,300
MARUTI27Feb206500PE.NFO,07/01/2020,14:32:25,84.65,70.55,100,100,100,0,300
MARUTI27Feb206500PE.NFO,07/01/2020,14:32:32,84.65,70.5,100,100,100,0,300
MARUTI27Feb206500PE.NFO,07/01/2020,14:32:37,84.65,70.65,100,100,100,0,300
MARUTI27Feb206500PE.NFO,07/01/2020,14:32:42,84.65,70.7,100,100,100,0,300
MARUTI27Feb206500PE.NFO,07/01/2020,14:32:51,84.65,70.8,100,100,100,0,300
MARUTI27Feb206500PE.NFO,07/01/2020,14:32:57,84.65,70.95,100,100,100,0,300
MARUTI27Feb206500PE.NFO,07/01/2020,14:33:01,84.65,71.1,100,100,100,0,300
MARUTI27Feb206500PE.NFO,07/01/2020,14:33:07,84.65,70.8,100,100,100,0,300
MARUTI27Feb206500PE.NFO,07/01/2020,14:33:13,84.65,70.65,100,100,100,0,300
MARUTI27Feb206500PE.NFO,07/01/2020,14:33:19,84.65,70.4,100,100,100,0,300
MARUTI27Feb206500PE.NFO,07/01/2020,14:33:25,84.65,70.55,100,100,100,0,300
MARUTI27Feb206500PE.NFO,07/01/2020,14:33:31,84.65,70.3,100,100,100,0,300
MARUTI27Feb206500PE.NFO,07/01/2020,14:33:37,84.65,70.15,100,100,100,0,300
MARUTI27Feb206500PE.NFO,07/01/2020,14:33:42,84.65,70.2,100,100,100,0,300
MARUTI27Feb206500PE.NFO,07/01/2020,14:33:48,84.65,70.15,100,100,100,0,300
MARUTI27Feb206500PE.NFO,07/01/2020,14:34:05,84.65,70.3,100,100,100,0,300
MARUTI27Feb206500PE.NFO,07/01/2020,14:34:20,84.65,70.65,100,100,100,0,300
MARUTI27Feb206500PE.NFO,07/01/2020,14:34:25,84.65,70.3,100,100,100,0,300
MARUTI27Feb206500PE.NFO,07/01/2020,14:34:30,84.65,70.15,100,100,100,0,300
MARUTI27Feb206500PE.NFO,07/01/2020,14:34:40,84.65,70.3,100,100,100,0,300
MARUTI27Feb206500PE.NFO,07/01/2020,14:34:52,84.65,70.5,100,100,100,0,300
MARUTI27Feb206500PE.NFO,07/01/2020,14:34:57,84.65,70.65,100,100,100,0,300
MARUTI27Feb206500PE.NFO,07/01/2020,14:35:08,84.65,70.9,100,100,100,0,300
MARUTI27Feb206500PE.NFO,07/01/2020,14:35:14,84.65,70.55,100,100,100,0,300
MARUTI27Feb206500PE.NFO,07/01/2020,14:35:20,84.65,70.65,100,100,100,0,300
MARUTI27Feb206500PE.NFO,07/01/2020,14:35:32,84.65,71.05,100,100,100,0,300
MARUTI27Feb206500PE.NFO,07/01/2020,14:35:39,84.65,71,100,100,100,0,300
MARUTI27Feb206500PE.NFO,07/01/2020,14:35:45,84.65,71.8,100,100,100,0,300
MARUTI27Feb206500PE.NFO,07/01/2020,14:36:05,84.65,71.5,100,100,100,0,300
MARUTI27Feb206500PE.NFO,07/01/2020,14:36:10,84.65,71.15,100,100,100,0,300
MARUTI27Feb206500PE.NFO,07/01/2020,14:36:17,84.65,71.2,100,100,100,0,300
MARUTI27Feb206500PE.NFO,07/01/2020,14:36:22,84.65,71.45,100,100,100,0,300
MARUTI27Feb206500PE.NFO,07/01/2020,14:36:27,84.65,71.4,100,100,100,0,300
MARUTI27Feb206500PE.NFO,07/01/2020,14:36:33,84.65,71.25,100,100,100,0,300
MARUTI27Feb206500PE.NFO,07/01/2020,14:36:37,84.65,71.45,100,100,100,0,300
MARUTI27Feb206500PE.NFO,07/01/2020,14:36:46,84.65,71.65,100,100,100,0,300
MARUTI27Feb206500PE.NFO,07/01/2020,14:37:00,84.65,71.8,100,100,100,0,300
MARUTI27Feb206500PE.NFO,07/01/2020,14:37:25,84.65,71.65,100,100,100,0,300
MARUTI27Feb206500PE.NFO,07/01/2020,14:37:30,84.65,71.8,100,100,100,0,300
MARUTI27Feb206500PE.NFO,07/01/2020,14:38:23,84.65,71.85,100,100,100,0,300
MARUTI27Feb206500PE.NFO,07/01/2020,14:38:29,84.65,71.45,100,100,100,0,300
MARUTI27Feb206500PE.NFO,07/01/2020,14:38:34,84.65,71.3,100,100,100,0,300
MARUTI27Feb206500PE.NFO,07/01/2020,14:38:38,84.65,71.25,100,100,100,0,300
MARUTI27Feb206500PE.NFO,07/01/2020,14:38:45,84.65,70.25,100,100,100,0,300
MARUTI27Feb206500PE.NFO,07/01/2020,14:38:51,84.65,70.2,100,100,100,0,300
MARUTI27Feb206500PE.NFO,07/01/2020,14:38:57,84.65,70.5,100,100,100,0,300
MARUTI27Feb206500PE.NFO,07/01/2020,14:39:02,84.65,71.1,100,100,100,0,300
MARUTI27Feb206500PE.NFO,07/01/2020,14:39:07,84.65,71,100,100,100,0,300
MARUTI27Feb206500PE.NFO,07/01/2020,14:39:11,84.65,70.8,100,100,100,0,300
MARUTI27Feb206500PE.NFO,07/01/2020,14:39:17,84.65,70.75,100,100,100,0,300
MARUTI27Feb206500PE.NFO,07/01/2020,14:39:24,84.65,70.2,100,100,300,0,300
MARUTI27Feb206500PE.NFO,07/01/2020,14:39:31,84.65,70.15,100,100,100,0,300
MARUTI27Feb206500PE.NFO,07/01/2020,14:39:44,84.65,70.2,100,100,100,0,300
MARUTI27Feb206500PE.NFO,07/01/2020,14:39:49,84.65,70.15,100,100,300,0,300
MARUTI27Feb206500PE.NFO,07/01/2020,14:39:59,84.65,70.3,100,100,300,0,300
MARUTI27Feb206500PE.NFO,07/01/2020,14:40:05,84.65,70.4,100,100,100,0,300
MARUTI27Feb206500PE.NFO,07/01/2020,14:40:10,84.65,70.45,100,100,100,0,300
MARUTI27Feb206500PE.NFO,07/01/2020,14:40:14,84.65,70.3,100,100,100,0,300
MARUTI27Feb206500PE.NFO,07/01/2020,14:40:18,84.65,71,100,100,100,0,300
MARUTI27Feb206500PE.NFO,07/01/2020,14:40:22,84.65,70.85,100,100,100,0,300
MARUTI27Feb206500PE.NFO,07/01/2020,14:40:26,84.65,70.65,100,100,100,0,300
MARUTI27Feb206500PE.NFO,07/01/2020,14:40:30,84.65,70.55,100,100,100,0,300
MARUTI27Feb206500PE.NFO,07/01/2020,14:40:42,84.65,70.7,100,100,100,0,300
MARUTI27Feb206500PE.NFO,07/01/2020,14:40:50,84.65,70.75,100,100,100,0,300
MARUTI27Feb206500PE.NFO,07/01/2020,14:40:54,84.65,70.8,100,100,100,0,300
MARUTI27Feb206500PE.NFO,07/01/2020,14:41:16,84.65,70.95,100,100,100,0,300
MARUTI27Feb206500PE.NFO,07/01/2020,14:41:29,84.65,71,100,100,100,0,300
MARUTI27Feb206500PE.NFO,07/01/2020,14:41:46,84.65,71.05,100,100,100,0,300
MARUTI27Feb206500PE.NFO,07/01/2020,14:41:51,84.65,71.05,100,100,300,0,300
MARUTI27Feb206500PE.NFO,07/01/2020,14:41:55,84.65,71.3,100,100,300,0,300
MARUTI27Feb206500PE.NFO,07/01/2020,14:42:10,84.65,71.05,100,100,300,0,300
MARUTI27Feb206500PE.NFO,07/01/2020,14:42:16,84.65,71.1,100,100,300,0,300
MARUTI27Feb206500PE.NFO,07/01/2020,14:42:20,84.65,71.05,100,100,300,0,300
MARUTI27Feb206500PE.NFO,07/01/2020,14:42:25,84.65,71.3,100,100,300,0,300
MARUTI27Feb206500PE.NFO,07/01/2020,14:43:15,84.65,71.5,100,100,100,0,300
MARUTI27Feb206500PE.NFO,07/01/2020,14:43:20,84.65,71.45,100,100,100,0,300
MARUTI27Feb206500PE.NFO,07/01/2020,14:43:25,84.65,71.8,100,100,100,0,300
MARUTI27Feb206500PE.NFO,07/01/2020,14:43:40,84.65,72.1,100,100,100,0,300
MARUTI27Feb206500PE.NFO,07/01/2020,14:43:46,84.65,71.8,100,100,100,0,300
MARUTI27Feb206500PE.NFO,07/01/2020,14:44:02,84.65,72.05,100,100,100,0,300
MARUTI27Feb206500PE.NFO,07/01/2020,14:44:08,84.65,71.35,100,100,100,0,300
MARUTI27Feb206500PE.NFO,07/01/2020,14:44:13,84.65,71.45,100,100,100,0,300
MARUTI27Feb206500PE.NFO,07/01/2020,14:44:22,84.65,71.5,100,100,100,0,300
MARUTI27Feb206500PE.NFO,07/01/2020,14:44:25,84.65,71.55,100,100,100,0,300
MARUTI27Feb206500PE.NFO,07/01/2020,14:44:29,84.65,71.6,100,100,100,0,300
MARUTI27Feb206500PE.NFO,07/01/2020,14:44:35,84.65,71.65,100,100,100,0,300
MARUTI27Feb206500PE.NFO,07/01/2020,14:44:41,84.65,71.5,100,100,100,0,300
MARUTI27Feb206500PE.NFO,07/01/2020,14:44:53,84.65,72.05,100,100,100,0,300
MARUTI27Feb206500PE.NFO,07/01/2020,14:44:57,84.65,71.8,100,100,100,0,300
MARUTI27Feb206500PE.NFO,07/01/2020,14:45:03,84.65,71.95,100,100,100,0,300
MARUTI27Feb206500PE.NFO,07/01/2020,14:45:10,84.65,72.45,100,100,100,0,300
MARUTI27Feb206500PE.NFO,07/01/2020,14:45:18,84.65,72.4,100,100,100,0,300
MARUTI27Feb206500PE.NFO,07/01/2020,14:45:26,84.65,72.55,100,100,100,0,300
MARUTI27Feb206500PE.NFO,07/01/2020,14:45:34,84.65,72.7,100,100,100,0,300
MARUTI27Feb206500PE.NFO,07/01/2020,14:45:40,84.65,72.6,100,100,100,0,300
MARUTI27Feb206500PE.NFO,07/01/2020,14:45:45,84.65,72.7,100,100,100,0,300
MARUTI27Feb206500PE.NFO,07/01/2020,14:45:51,84.65,72.8,100,100,100,0,300
MARUTI27Feb206500PE.NFO,07/01/2020,14:45:58,84.65,73.25,100,100,100,0,300
MARUTI27Feb206500PE.NFO,07/01/2020,14:46:05,84.65,73.15,100,100,100,0,300
MARUTI27Feb206500PE.NFO,07/01/2020,14:46:12,84.65,72.65,100,100,100,0,300
MARUTI27Feb206500PE.NFO,07/01/2020,14:46:19,84.65,72.9,100,100,100,0,300
MARUTI27Feb206500PE.NFO,07/01/2020,14:46:25,84.65,73.1,100,100,100,0,300
MARUTI27Feb206500PE.NFO,07/01/2020,14:46:30,84.65,72.65,100,100,100,0,300
MARUTI27Feb206500PE.NFO,07/01/2020,14:47:05,84.65,73,100,100,100,0,300
MARUTI27Feb206500PE.NFO,07/01/2020,14:47:18,84.65,72.85,100,100,100,0,300
MARUTI27Feb206500PE.NFO,07/01/2020,14:47:23,84.65,72.8,100,100,100,0,300
MARUTI27Feb206500PE.NFO,07/01/2020,14:47:29,84.65,72.85,100,100,100,0,300
MARUTI27Feb206500PE.NFO,07/01/2020,14:47:40,84.65,73.1,100,100,100,0,300
MARUTI27Feb206500PE.NFO,07/01/2020,14:47:49,84.65,73,100,100,100,0,300
MARUTI27Feb206500PE.NFO,07/01/2020,14:47:58,84.65,73.1,100,100,100,0,300
MARUTI27Feb206500PE.NFO,07/01/2020,14:48:03,84.65,73.05,100,100,100,0,300
MARUTI27Feb206500PE.NFO,07/01/2020,14:48:07,84.65,73,100,100,100,0,300
MARUTI27Feb206500PE.NFO,07/01/2020,14:48:13,84.65,72.65,100,100,100,0,300
MARUTI27Feb206500PE.NFO,07/01/2020,14:48:29,84.65,72.7,100,100,100,0,300
MARUTI27Feb206500PE.NFO,07/01/2020,14:48:35,84.65,72.75,100,100,100,0,300
MARUTI27Feb206500PE.NFO,07/01/2020,14:48:45,84.65,72.7,100,100,100,0,300
MARUTI27Feb206500PE.NFO,07/01/2020,14:48:50,84.65,72.65,100,100,100,0,300
MARUTI27Feb206500PE.NFO,07/01/2020,14:49:13,84.65,72.7,100,100,100,0,300
MARUTI27Feb206500PE.NFO,07/01/2020,14:49:18,84.65,72.65,100,100,100,0,300
MARUTI27Feb206500PE.NFO,07/01/2020,14:49:23,84.65,72.8,100,100,100,0,300
MARUTI27Feb206500PE.NFO,07/01/2020,14:49:27,84.65,72.95,100,100,100,0,300
MARUTI27Feb206500PE.NFO,07/01/2020,14:49:31,84.65,72.9,100,100,100,0,300
MARUTI27Feb206500PE.NFO,07/01/2020,14:49:56,84.65,72.65,100,100,100,0,300
MARUTI27Feb206500PE.NFO,07/01/2020,14:50:05,84.65,72.8,100,100,100,0,300
MARUTI27Feb206500PE.NFO,07/01/2020,14:50:16,84.65,73.15,100,100,100,0,300
MARUTI27Feb206500PE.NFO,07/01/2020,14:50:22,84.65,72.9,100,100,100,0,300
MARUTI27Feb206500PE.NFO,07/01/2020,14:50:27,84.65,72.8,100,100,100,0,300
MARUTI27Feb206500PE.NFO,07/01/2020,14:50:32,84.65,72.85,100,100,100,0,300
MARUTI27Feb206500PE.NFO,07/01/2020,14:50:38,84.65,72.9,100,100,100,0,300
MARUTI27Feb206500PE.NFO,07/01/2020,14:50:44,84.65,73,100,100,100,0,300
MARUTI27Feb206500PE.NFO,07/01/2020,14:51:05,84.65,73.1,100,100,100,0,300
MARUTI27Feb206500PE.NFO,07/01/2020,14:51:11,84.65,73,100,100,100,0,300
MARUTI27Feb206500PE.NFO,07/01/2020,14:51:44,84.65,72.85,100,100,100,0,300
MARUTI27Feb206500PE.NFO,07/01/2020,14:51:49,84.65,73,100,100,100,0,300
MARUTI27Feb206500PE.NFO,07/01/2020,14:51:54,84.65,73.15,100,100,100,0,300
MARUTI27Feb206500PE.NFO,07/01/2020,14:52:50,84.65,73,100,100,100,0,300
MARUTI27Feb206500PE.NFO,07/01/2020,14:52:57,84.65,72.8,100,100,100,0,300
MARUTI27Feb206500PE.NFO,07/01/2020,14:53:11,84.65,72.95,100,100,100,0,300
MARUTI27Feb206500PE.NFO,07/01/2020,14:53:18,84.65,72.65,100,100,100,0,300
MARUTI27Feb206500PE.NFO,07/01/2020,14:53:25,84.65,71.8,100,100,100,0,300
MARUTI27Feb206500PE.NFO,07/01/2020,14:54:31,84.65,72.1,100,100,100,0,300
MARUTI27Feb206500PE.NFO,07/01/2020,14:54:39,84.65,72.05,100,100,100,0,300
MARUTI27Feb206500PE.NFO,07/01/2020,14:54:51,84.65,71.85,100,100,100,0,300
MARUTI27Feb206500PE.NFO,07/01/2020,14:54:56,84.65,71.95,100,100,100,0,300
MARUTI27Feb206500PE.NFO,07/01/2020,14:55:01,84.65,71.8,100,100,100,0,300
MARUTI27Feb206500PE.NFO,07/01/2020,14:55:07,84.65,72.15,100,100,100,0,300
MARUTI27Feb206500PE.NFO,07/01/2020,14:55:32,84.65,72.2,100,100,100,0,300
MARUTI27Feb206500PE.NFO,07/01/2020,14:55:46,84.65,72.5,100,100,100,0,300
MARUTI27Feb206500PE.NFO,07/01/2020,14:55:56,84.65,72.3,100,100,100,0,300
MARUTI27Feb206500PE.NFO,07/01/2020,14:56:01,84.65,72.5,100,100,100,0,300
MARUTI27Feb206500PE.NFO,07/01/2020,14:56:45,84.65,72.3,100,100,100,0,300
MARUTI27Feb206500PE.NFO,07/01/2020,14:57:03,84.65,72,100,100,100,0,300
MARUTI27Feb206500PE.NFO,07/01/2020,14:57:26,84.65,72.05,100,100,100,0,300
MARUTI27Feb206500PE.NFO,07/01/2020,14:57:30,84.65,72,100,100,100,0,300
MARUTI27Feb206500PE.NFO,07/01/2020,14:58:04,84.65,72.05,100,100,100,0,300
MARUTI27Feb206500PE.NFO,07/01/2020,14:58:32,84.65,72,100,100,100,0,300
MARUTI27Feb206500PE.NFO,07/01/2020,14:58:46,84.65,71.95,100,100,100,0,300
MARUTI27Feb206500PE.NFO,07/01/2020,14:58:50,84.65,72.15,100,100,100,0,300
MARUTI27Feb206500PE.NFO,07/01/2020,14:59:55,84.65,71.8,100,100,100,0,300
MARUTI27Feb206500PE.NFO,07/01/2020,15:00:18,84.65,71.95,100,100,100,0,300
MARUTI27Feb206500PE.NFO,07/01/2020,15:00:26,84.65,72.05,100,100,100,0,300
MARUTI27Feb206500PE.NFO,07/01/2020,15:00:33,84.65,72.15,100,100,100,0,300
MARUTI27Feb206500PE.NFO,07/01/2020,15:00:39,84.65,71.95,100,100,100,0,300
MARUTI27Feb206500PE.NFO,07/01/2020,15:00:45,84.65,71.8,100,100,100,0,300
MARUTI27Feb206500PE.NFO,07/01/2020,15:01:13,84.65,71.85,100,100,100,0,300
MARUTI27Feb206500PE.NFO,07/01/2020,15:01:23,84.65,71.8,100,100,100,0,300
MARUTI27Feb206500PE.NFO,07/01/2020,15:01:44,84.65,71.85,100,100,100,0,300
MARUTI27Feb206500PE.NFO,07/01/2020,15:01:49,84.65,71.8,100,100,100,0,300
MARUTI27Feb206500PE.NFO,07/01/2020,15:02:03,84.65,71.85,100,100,100,0,300
MARUTI27Feb206500PE.NFO,07/01/2020,15:02:14,84.65,72.05,100,100,100,0,300
MARUTI27Feb206500PE.NFO,07/01/2020,15:02:20,84.65,72,100,100,100,0,300
MARUTI27Feb206500PE.NFO,07/01/2020,15:02:26,84.65,72.3,100,100,100,0,300
MARUTI27Feb206500PE.NFO,07/01/2020,15:02:37,84.65,72.55,100,100,100,0,300
MARUTI27Feb206500PE.NFO,07/01/2020,15:02:41,84.65,72.65,100,100,100,0,300
MARUTI27Feb206500PE.NFO,07/01/2020,15:02:46,84.65,73.25,100,100,100,0,300
MARUTI27Feb206500PE.NFO,07/01/2020,15:02:51,84.65,73.35,100,100,100,0,300
MARUTI27Feb206500PE.NFO,07/01/2020,15:02:57,84.65,72.8,100,100,100,0,300
MARUTI27Feb206500PE.NFO,07/01/2020,15:03:02,84.65,73.1,100,100,100,0,300
MARUTI27Feb206500PE.NFO,07/01/2020,15:03:07,84.65,73.15,100,100,100,0,300
MARUTI27Feb206500PE.NFO,07/01/2020,15:03:19,84.65,72.8,100,100,100,0,300
MARUTI27Feb206500PE.NFO,07/01/2020,15:03:24,84.65,72.85,100,100,100,0,300
MARUTI27Feb206500PE.NFO,07/01/2020,15:03:29,84.65,72.6,100,100,100,0,300
MARUTI27Feb206500PE.NFO,07/01/2020,15:03:34,84.65,72.9,100,100,100,0,300
MARUTI27Feb206500PE.NFO,07/01/2020,15:03:44,84.65,72.55,100,100,100,0,300
MARUTI27Feb206500PE.NFO,07/01/2020,15:03:55,84.65,72.9,100,100,100,0,300
MARUTI27Feb206500PE.NFO,07/01/2020,15:04:03,84.65,73.2,100,100,100,0,300
MARUTI27Feb206500PE.NFO,07/01/2020,15:04:09,84.65,73.45,100,100,100,0,300
MARUTI27Feb206500PE.NFO,07/01/2020,15:04:21,84.65,73.4,100,100,100,0,300
MARUTI27Feb206500PE.NFO,07/01/2020,15:04:27,84.65,73.15,100,100,100,0,300
MARUTI27Feb206500PE.NFO,07/01/2020,15:04:32,84.65,72.55,100,100,100,0,300
MARUTI27Feb206500PE.NFO,07/01/2020,15:04:38,84.65,72.9,100,100,100,0,300
MARUTI27Feb206500PE.NFO,07/01/2020,15:04:49,84.65,72.5,100,100,100,0,300
MARUTI27Feb206500PE.NFO,07/01/2020,15:05:13,84.65,72.55,100,100,100,0,300
MARUTI27Feb206500PE.NFO,07/01/2020,15:05:22,84.65,72.25,100,100,100,0,300
MARUTI27Feb206500PE.NFO,07/01/2020,15:05:37,84.65,72.3,100,100,100,0,300
MARUTI27Feb206500PE.NFO,07/01/2020,15:05:42,84.65,72.15,100,100,100,0,300
MARUTI27Feb206500PE.NFO,07/01/2020,15:05:47,84.65,71.85,100,100,100,0,300
MARUTI27Feb206500PE.NFO,07/01/2020,15:06:02,84.65,72.1,100,100,100,0,300
MARUTI27Feb206500PE.NFO,07/01/2020,15:06:07,84.65,72.5,100,100,100,0,300
MARUTI27Feb206500PE.NFO,07/01/2020,15:06:12,84.65,72.4,100,100,100,0,300
MARUTI27Feb206500PE.NFO,07/01/2020,15:06:17,84.65,72.1,100,100,100,0,300
MARUTI27Feb206500PE.NFO,07/01/2020,15:06:22,84.65,72.2,100,100,100,0,300
MARUTI27Feb206500PE.NFO,07/01/2020,15:06:36,84.65,72.3,100,100,100,0,300
MARUTI27Feb206500PE.NFO,07/01/2020,15:06:50,84.65,72.25,100,100,100,0,300
MARUTI27Feb206500PE.NFO,07/01/2020,15:06:55,84.65,72.3,100,100,100,0,300
MARUTI27Feb206500PE.NFO,07/01/2020,15:07:06,84.65,72.65,100,100,100,0,300
MARUTI27Feb206500PE.NFO,07/01/2020,15:07:12,84.65,72.5,100,100,100,0,300
MARUTI27Feb206500PE.NFO,07/01/2020,15:07:19,84.65,72.3,100,100,100,0,300
MARUTI27Feb206500PE.NFO,07/01/2020,15:07:25,84.65,72.6,100,100,100,0,300
MARUTI27Feb206500PE.NFO,07/01/2020,15:07:35,84.65,72.65,100,100,100,0,300
MARUTI27Feb206500PE.NFO,07/01/2020,15:07:56,84.65,72.75,100,100,100,0,300
MARUTI27Feb206500PE.NFO,07/01/2020,15:08:02,84.65,72.95,100,100,100,0,300
MARUTI27Feb206500PE.NFO,07/01/2020,15:08:07,84.65,72.5,100,100,100,0,300
MARUTI27Feb206500PE.NFO,07/01/2020,15:08:18,84.65,72.4,100,100,100,0,300
MARUTI27Feb206500PE.NFO,07/01/2020,15:08:23,84.65,72.6,100,100,100,0,300
MARUTI27Feb206500PE.NFO,07/01/2020,15:08:34,84.65,72.35,100,100,100,0,300
MARUTI27Feb206500PE.NFO,07/01/2020,15:08:39,84.65,72.25,100,100,100,0,300
MARUTI27Feb206500PE.NFO,07/01/2020,15:08:44,84.65,72.1,100,100,100,0,300
MARUTI27Feb206500PE.NFO,07/01/2020,15:08:48,84.65,72,100,100,100,0,300
MARUTI27Feb206500PE.NFO,07/01/2020,15:08:53,84.65,71.95,100,100,100,0,300
MARUTI27Feb206500PE.NFO,07/01/2020,15:08:57,84.65,71.85,100,100,100,0,300
MARUTI27Feb206500PE.NFO,07/01/2020,15:09:02,84.65,71.95,100,100,100,0,300
MARUTI27Feb206500PE.NFO,07/01/2020,15:09:07,84.65,72.05,100,100,100,0,300
MARUTI27Feb206500PE.NFO,07/01/2020,15:09:12,84.65,72.2,100,100,100,0,300
MARUTI27Feb206500PE.NFO,07/01/2020,15:09:17,84.65,72.1,100,100,100,0,300
MARUTI27Feb206500PE.NFO,07/01/2020,15:09:23,84.65,72.2,100,100,100,0,300
MARUTI27Feb206500PE.NFO,07/01/2020,15:09:29,84.65,71.95,100,100,100,0,300
MARUTI27Feb206500PE.NFO,07/01/2020,15:09:40,84.65,72,100,100,100,0,300
MARUTI27Feb206500PE.NFO,07/01/2020,15:10:21,84.65,72.1,100,100,100,0,300
MARUTI27Feb206500PE.NFO,07/01/2020,15:10:27,84.65,72.05,100,100,100,0,300
MARUTI27Feb206500PE.NFO,07/01/2020,15:10:42,84.65,71.85,100,100,100,0,300
MARUTI27Feb206500PE.NFO,07/01/2020,15:10:58,84.65,72,100,100,100,0,300
MARUTI27Feb206500PE.NFO,07/01/2020,15:11:04,84.65,71.85,100,100,100,0,300
MARUTI27Feb206500PE.NFO,07/01/2020,15:11:09,84.65,71.9,100,100,100,0,300
MARUTI27Feb206500PE.NFO,07/01/2020,15:11:22,84.65,72.15,100,100,100,0,300
MARUTI27Feb206500PE.NFO,07/01/2020,15:11:29,84.65,72.25,100,100,100,0,300
MARUTI27Feb206500PE.NFO,07/01/2020,15:11:37,84.65,73.15,100,100,100,0,300
MARUTI27Feb206500PE.NFO,07/01/2020,15:11:43,84.65,73.1,100,100,100,0,300
MARUTI27Feb206500PE.NFO,07/01/2020,15:11:49,84.65,72.65,100,100,100,0,300
MARUTI27Feb206500PE.NFO,07/01/2020,15:12:11,84.65,72.6,100,100,100,0,300
MARUTI27Feb206500PE.NFO,07/01/2020,15:12:29,84.65,72.15,100,100,100,0,300
MARUTI27Feb206500PE.NFO,07/01/2020,15:12:42,84.65,72.55,100,100,100,0,300
MARUTI27Feb206500PE.NFO,07/01/2020,15:12:52,84.65,72.2,100,100,100,0,300
MARUTI27Feb206500PE.NFO,07/01/2020,15:13:01,84.65,72.55,100,100,100,0,300
MARUTI27Feb206500PE.NFO,07/01/2020,15:13:05,84.65,72.15,100,100,100,0,300
MARUTI27Feb206500PE.NFO,07/01/2020,15:13:44,84.65,72.05,100,100,100,0,300
MARUTI27Feb206500PE.NFO,07/01/2020,15:13:49,84.65,72.3,100,100,100,0,300
MARUTI27Feb206500PE.NFO,07/01/2020,15:14:00,84.65,72,100,100,100,0,300
MARUTI27Feb206500PE.NFO,07/01/2020,15:14:04,84.65,71.8,100,100,100,0,300
MARUTI27Feb206500PE.NFO,07/01/2020,15:14:27,84.65,71.95,100,100,100,0,300
MARUTI27Feb206500PE.NFO,07/01/2020,15:14:31,84.65,71.8,100,100,100,0,300
MARUTI27Feb206500PE.NFO,07/01/2020,15:14:36,84.65,71.9,100,100,100,0,300
MARUTI27Feb206500PE.NFO,07/01/2020,15:14:41,84.65,71.8,100,100,100,0,300
MARUTI27Feb206500PE.NFO,07/01/2020,15:14:46,84.65,72.3,100,100,100,0,300
MARUTI27Feb206500PE.NFO,07/01/2020,15:14:51,84.65,72.25,100,100,100,0,300
MARUTI27Feb206500PE.NFO,07/01/2020,15:14:56,84.65,71.9,100,100,100,0,300
MARUTI27Feb206500PE.NFO,07/01/2020,15:15:01,84.65,71.85,100,100,100,0,300
MARUTI27Feb206500PE.NFO,07/01/2020,15:15:08,84.65,72.15,100,100,100,0,300
MARUTI27Feb206500PE.NFO,07/01/2020,15:15:15,84.65,71.8,100,100,100,0,300
MARUTI27Feb206500PE.NFO,07/01/2020,15:15:36,84.65,72.8,100,100,100,0,300
MARUTI27Feb206500PE.NFO,07/01/2020,15:15:44,84.65,72.15,100,100,100,0,300
MARUTI27Feb206500PE.NFO,07/01/2020,15:15:51,84.65,71.8,100,100,100,0,300
MARUTI27Feb206500PE.NFO,07/01/2020,15:15:58,84.65,72.05,100,100,100,0,300
MARUTI27Feb206500PE.NFO,07/01/2020,15:16:05,84.65,71.65,100,100,100,0,300
MARUTI27Feb206500PE.NFO,07/01/2020,15:16:12,84.65,71.35,100,100,100,0,300
MARUTI27Feb206500PE.NFO,07/01/2020,15:16:19,84.65,71.7,100,100,100,0,300
MARUTI27Feb206500PE.NFO,07/01/2020,15:16:27,84.65,71.55,100,100,100,0,300
MARUTI27Feb206500PE.NFO,07/01/2020,15:16:40,84.65,71.65,100,100,100,0,300
MARUTI27Feb206500PE.NFO,07/01/2020,15:16:47,84.65,72.1,100,100,100,0,300
MARUTI27Feb206500PE.NFO,07/01/2020,15:16:53,84.65,72.5,100,100,100,0,300
MARUTI27Feb206500PE.NFO,07/01/2020,15:17:00,84.65,71.75,100,100,100,0,300
MARUTI27Feb206500PE.NFO,07/01/2020,15:17:07,84.65,72.15,100,100,100,0,300
MARUTI27Feb206500PE.NFO,07/01/2020,15:17:13,84.65,72.35,100,100,100,0,300
MARUTI27Feb206500PE.NFO,07/01/2020,15:17:21,84.65,72.25,100,100,100,0,300
MARUTI27Feb206500PE.NFO,07/01/2020,15:17:28,84.65,72,100,100,100,0,300
MARUTI27Feb206500PE.NFO,07/01/2020,15:17:35,84.65,71.8,100,100,100,0,300
MARUTI27Feb206500PE.NFO,07/01/2020,15:17:41,84.65,72.15,100,100,100,0,300
MARUTI27Feb206500PE.NFO,07/01/2020,15:17:54,84.65,71.5,100,100,100,0,300
MARUTI27Feb206500PE.NFO,07/01/2020,15:18:00,84.65,71.45,100,100,100,0,300
MARUTI27Feb206500PE.NFO,07/01/2020,15:18:07,84.65,71.5,100,100,100,0,300
MARUTI27Feb206500PE.NFO,07/01/2020,15:18:12,84.65,71.8,100,100,100,0,300
MARUTI27Feb206500PE.NFO,07/01/2020,15:18:24,84.65,71.95,100,100,100,0,300
MARUTI27Feb206500PE.NFO,07/01/2020,15:18:30,84.65,72,100,100,100,0,300
MARUTI27Feb206500PE.NFO,07/01/2020,15:18:37,84.65,71.65,100,100,100,0,300
MARUTI27Feb206500PE.NFO,07/01/2020,15:18:43,84.65,71.8,100,100,100,0,300
MARUTI27Feb206500PE.NFO,07/01/2020,15:18:55,84.65,72.15,100,100,100,0,300
MARUTI27Feb206500PE.NFO,07/01/2020,15:19:02,84.65,72.1,100,100,100,0,300
MARUTI27Feb206500PE.NFO,07/01/2020,15:19:08,84.65,71.8,100,100,100,0,300
MARUTI27Feb206500PE.NFO,07/01/2020,15:19:14,84.65,71.95,100,100,100,0,300
MARUTI27Feb206500PE.NFO,07/01/2020,15:19:20,84.65,71.85,100,100,100,0,300
MARUTI27Feb206500PE.NFO,07/01/2020,15:19:27,84.65,71.9,100,100,100,0,300
MARUTI27Feb206500PE.NFO,07/01/2020,15:19:39,84.65,71.8,100,100,100,0,300
MARUTI27Feb206500PE.NFO,07/01/2020,15:19:45,84.65,71.85,100,100,100,0,300
MARUTI27Feb206500PE.NFO,07/01/2020,15:19:51,84.65,71.95,100,100,100,0,300
MARUTI27Feb206500PE.NFO,07/01/2020,15:19:58,84.65,71.85,100,100,100,0,300
MARUTI27Feb206500PE.NFO,07/01/2020,15:20:06,84.65,71.95,100,100,100,0,300
MARUTI27Feb206500PE.NFO,07/01/2020,15:20:14,84.65,71.55,100,100,100,0,300
MARUTI27Feb206500PE.NFO,07/01/2020,15:20:24,84.65,70.6,100,100,100,0,300
MARUTI27Feb206500PE.NFO,07/01/2020,15:20:32,84.65,70.9,100,100,100,0,300
MARUTI27Feb206500PE.NFO,07/01/2020,15:20:39,84.65,71.3,100,100,100,0,300
MARUTI27Feb206500PE.NFO,07/01/2020,15:20:46,84.65,70.9,100,100,100,0,300
MARUTI27Feb206500PE.NFO,07/01/2020,15:20:54,84.65,71.1,100,100,100,0,300
MARUTI27Feb206500PE.NFO,07/01/2020,15:21:01,84.65,70.65,100,100,100,0,300
MARUTI27Feb206500PE.NFO,07/01/2020,15:21:09,84.65,70.6,100,100,100,0,300
MARUTI27Feb206500PE.NFO,07/01/2020,15:21:16,84.65,71.45,100,100,100,0,300
MARUTI27Feb206500PE.NFO,07/01/2020,15:21:24,84.65,70.95,100,100,100,0,300
MARUTI27Feb206500PE.NFO,07/01/2020,15:21:32,84.65,71.25,100,100,100,0,300
MARUTI27Feb206500PE.NFO,07/01/2020,15:21:39,84.65,70.95,100,100,100,0,300
MARUTI27Feb206500PE.NFO,07/01/2020,15:21:55,84.65,70.95,100,100,300,0,300
MARUTI27Feb206500PE.NFO,07/01/2020,15:22:01,84.65,70.95,100,100,100,0,300
MARUTI27Feb206500PE.NFO,07/01/2020,15:22:06,84.65,71,100,100,100,0,300
MARUTI27Feb206500PE.NFO,07/01/2020,15:22:12,84.65,70.65,100,100,100,0,300
MARUTI27Feb206500PE.NFO,07/01/2020,15:22:31,84.65,70.85,100,100,100,0,300
MARUTI27Feb206500PE.NFO,07/01/2020,15:22:37,84.65,71.1,100,100,100,0,300
MARUTI27Feb206500PE.NFO,07/01/2020,15:22:44,84.65,71,100,100,100,0,300
MARUTI27Feb206500PE.NFO,07/01/2020,15:22:50,84.65,70.75,100,100,100,0,300
MARUTI27Feb206500PE.NFO,07/01/2020,15:22:56,84.65,71.5,100,100,100,0,300
MARUTI27Feb206500PE.NFO,07/01/2020,15:23:03,84.65,71.25,100,100,100,0,300
MARUTI27Feb206500PE.NFO,07/01/2020,15:23:09,84.65,71.85,100,100,100,0,300
MARUTI27Feb206500PE.NFO,07/01/2020,15:23:16,84.65,71.9,100,100,100,0,300
MARUTI27Feb206500PE.NFO,07/01/2020,15:23:23,84.65,71.8,100,100,100,0,300
MARUTI27Feb206500PE.NFO,07/01/2020,15:24:02,84.65,71.9,100,100,100,0,300
MARUTI27Feb206500PE.NFO,07/01/2020,15:24:08,84.65,71.95,100,100,100,0,300
MARUTI27Feb206500PE.NFO,07/01/2020,15:24:14,84.65,72.05,100,100,100,0,300
MARUTI27Feb206500PE.NFO,07/01/2020,15:24:31,84.65,71.95,100,100,100,0,300
MARUTI27Feb206500PE.NFO,07/01/2020,15:24:37,84.65,71.8,100,100,100,0,300
MARUTI27Feb206500PE.NFO,07/01/2020,15:24:48,84.65,72,100,100,100,0,300
MARUTI27Feb206500PE.NFO,07/01/2020,15:25:00,84.65,72.3,100,100,100,0,300
MARUTI27Feb206500PE.NFO,07/01/2020,15:25:05,84.65,72.15,100,100,100,0,300
MARUTI27Feb206500PE.NFO,07/01/2020,15:25:15,84.65,72.3,100,100,100,0,300
MARUTI27Feb206500PE.NFO,07/01/2020,15:25:25,84.65,71.85,100,100,100,0,300
MARUTI27Feb206500PE.NFO,07/01/2020,15:25:42,84.65,71.8,100,100,100,0,300
MARUTI27Feb206500PE.NFO,07/01/2020,15:25:47,84.65,72,100,100,100,0,300
MARUTI27Feb206500PE.NFO,07/01/2020,15:25:52,84.65,72.1,100,100,100,0,300
MARUTI27Feb206500PE.NFO,07/01/2020,15:26:01,84.65,71.85,100,100,100,0,300
MARUTI27Feb206500PE.NFO,07/01/2020,15:26:12,84.65,72,100,100,100,0,300
MARUTI27Feb206500PE.NFO,07/01/2020,15:26:23,84.65,72.15,100,100,100,0,300
MARUTI27Feb206500PE.NFO,07/01/2020,15:26:29,84.65,72.45,100,100,100,0,300
MARUTI27Feb206500PE.NFO,07/01/2020,15:26:34,84.65,72.25,100,100,100,0,300
MARUTI27Feb206500PE.NFO,07/01/2020,15:26:39,84.65,72.3,100,100,100,0,300
MARUTI27Feb206500PE.NFO,07/01/2020,15:26:50,84.65,72.35,100,100,100,0,300
MARUTI27Feb206500PE.NFO,07/01/2020,15:26:55,84.65,72.5,100,100,100,0,300
MARUTI27Feb206500PE.NFO,07/01/2020,15:27:01,84.65,72.35,100,100,100,0,300
MARUTI27Feb206500PE.NFO,07/01/2020,15:27:07,84.65,72.3,100,100,100,0,300
MARUTI27Feb206500PE.NFO,07/01/2020,15:27:12,84.65,72.15,100,100,100,0,300
MARUTI27Feb206500PE.NFO,07/01/2020,15:27:22,84.65,72.2,100,100,100,0,300
MARUTI27Feb206500PE.NFO,07/01/2020,15:27:33,84.65,72.65,100,100,100,0,300
MARUTI27Feb206500PE.NFO,07/01/2020,15:27:38,84.65,72.3,100,100,100,0,300
MARUTI27Feb206500PE.NFO,07/01/2020,15:28:01,84.65,72.05,100,100,100,0,300
MARUTI27Feb206500PE.NFO,07/01/2020,15:28:07,84.65,72.5,100,100,100,0,300
MARUTI27Feb206500PE.NFO,07/01/2020,15:28:13,84.65,72,100,100,100,0,300
MARUTI27Feb206500PE.NFO,07/01/2020,15:28:19,84.65,72.2,100,100,100,0,300
MARUTI27Feb206500PE.NFO,07/01/2020,15:28:24,84.65,72.05,100,100,100,0,300
MARUTI27Feb206500PE.NFO,07/01/2020,15:28:35,84.65,72,100,100,100,0,300
MARUTI27Feb206500PE.NFO,07/01/2020,15:28:48,84.65,72.3,100,100,100,0,300
MARUTI27Feb206500PE.NFO,07/01/2020,15:28:58,84.65,72.15,100,100,100,0,300
MARUTI27Feb206500PE.NFO,07/01/2020,15:29:05,84.65,72,100,100,100,0,300
MARUTI27Feb206500PE.NFO,07/01/2020,15:29:12,84.65,72.3,100,100,100,0,300
MARUTI27Feb206500PE.NFO,07/01/2020,15:29:19,84.65,72,100,100,100,0,300
MARUTI27Feb206500PE.NFO,07/01/2020,15:29:26,84.65,71.8,100,100,100,0,300
MARUTI27Feb206500PE.NFO,07/01/2020,15:29:33,84.65,71.45,100,100,100,0,300
MARUTI27Feb206500PE.NFO,07/01/2020,15:29:39,84.65,70.95,100,100,100,0,300
MARUTI27Feb206500PE.NFO,07/01/2020,15:29:47,84.65,71.8,100,100,100,0,300
MARUTI27Feb206500PE.NFO,07/01/2020,15:29:53,84.65,71.3,100,100,100,0,300
