Ticker,Date,Time,LTP,BuyPrice,BuyQty,SellPrice,SellQty,LTQ,OpenInterest
MARUTI27Feb207000PE.NFO,07/01/2020,10:02:02,220.55,167.6,1600,226.9,100,100,600
MARUTI27Feb207000PE.NFO,07/01/2020,10:02:02,220.55,167.6,1600,226.9,100,0,600
MARUTI27Feb207000PE.NFO,07/01/2020,10:02:02,220.55,167.6,1600,226.9,100,0,600
MARUTI27Feb207000PE.NFO,07/01/2020,10:02:02,220.55,167.6,1600,226.9,100,0,600
MARUTI27Feb207000PE.NFO,07/01/2020,10:02:08,220.55,176.8,1600,226.9,100,0,600
MARUTI27Feb207000PE.NFO,07/01/2020,10:02:13,220.55,176.95,1600,226.9,100,0,600
MARUTI27Feb207000PE.NFO,07/01/2020,10:02:18,220.55,177.1,1600,226.9,100,0,600
MARUTI27Feb207000PE.NFO,07/01/2020,10:02:24,220.55,177.25,1600,226.9,100,0,600
MARUTI27Feb207000PE.NFO,07/01/2020,10:02:29,220.55,177.4,1600,226.9,100,0,600
MARUTI27Feb207000PE.NFO,07/01/2020,10:02:34,220.55,177.55,1600,226.9,100,0,600
MARUTI27Feb207000PE.NFO,07/01/2020,10:02:41,220.55,177.7,1600,226.9,100,0,600
MARUTI27Feb207000PE.NFO,07/01/2020,10:02:46,220.55,177.85,1600,226.9,100,0,600
MARUTI27Feb207000PE.NFO,07/01/2020,10:02:51,220.55,178,1600,226.9,100,0,600
MARUTI27Feb207000PE.NFO,07/01/2020,10:02:57,220.55,178.15,1600,226.9,100,0,600
MARUTI27Feb207000PE.NFO,07/01/2020,10:03:02,220.55,178.3,1600,226.9,100,0,600
MARUTI27Feb207000PE.NFO,07/01/2020,10:03:06,220.55,178.45,1600,301.5,1700,0,600
MARUTI27Feb207000PE.NFO,07/01/2020,10:03:10,220.55,178.6,1600,250.9,1600,0,600
MARUTI27Feb207000PE.NFO,07/01/2020,10:03:15,220.55,178.75,1600,247.8,1600,0,600
MARUTI27Feb207000PE.NFO,07/01/2020,10:03:20,220.55,178.9,1600,247.8,1600,0,600
MARUTI27Feb207000PE.NFO,07/01/2020,10:03:25,220.55,179.05,1600,247.8,1600,0,600
MARUTI27Feb207000PE.NFO,07/01/2020,10:03:30,220.55,179.2,1600,247.8,1600,0,600
MARUTI27Feb207000PE.NFO,07/01/2020,10:03:35,220.55,179.35,1600,247.8,1600,0,600
MARUTI27Feb207000PE.NFO,07/01/2020,10:03:39,220.55,179.5,1600,247.8,1600,0,600
MARUTI27Feb207000PE.NFO,07/01/2020,10:03:43,220.55,179.65,1600,247.8,1600,0,600
MARUTI27Feb207000PE.NFO,07/01/2020,10:03:47,220.55,179.8,1600,247.8,1600,0,600
MARUTI27Feb207000PE.NFO,07/01/2020,10:03:52,220.55,179.95,1600,247.8,1600,0,600
MARUTI27Feb207000PE.NFO,07/01/2020,10:03:57,220.55,180.1,1600,247.8,1600,0,600
MARUTI27Feb207000PE.NFO,07/01/2020,10:04:02,220.55,180.25,1600,247.8,1600,0,600
MARUTI27Feb207000PE.NFO,07/01/2020,10:04:07,220.55,180.4,1600,247.8,1600,0,600
MARUTI27Feb207000PE.NFO,07/01/2020,10:04:12,220.55,180.55,1600,247.8,1600,0,600
MARUTI27Feb207000PE.NFO,07/01/2020,10:04:16,220.55,180.7,1600,247.8,1600,0,600
MARUTI27Feb207000PE.NFO,07/01/2020,10:04:20,220.55,180.85,1600,247.8,1600,0,600
MARUTI27Feb207000PE.NFO,07/01/2020,10:04:24,220.55,181,1600,247.8,1600,0,600
MARUTI27Feb207000PE.NFO,07/01/2020,10:04:28,220.55,181.15,1600,247.8,1600,0,600
MARUTI27Feb207000PE.NFO,07/01/2020,10:04:33,220.55,181.3,1600,247.8,1600,0,600
MARUTI27Feb207000PE.NFO,07/01/2020,10:04:38,220.55,181.45,1600,247.8,1600,0,600
MARUTI27Feb207000PE.NFO,07/01/2020,10:04:43,220.55,181.6,1600,247.8,1600,0,600
MARUTI27Feb207000PE.NFO,07/01/2020,10:04:47,220.55,181.75,1600,247.8,1600,0,600
MARUTI27Feb207000PE.NFO,07/01/2020,10:04:52,220.55,181.9,1600,247.8,1600,0,600
MARUTI27Feb207000PE.NFO,07/01/2020,10:04:56,220.55,182.05,1600,247.8,1600,0,600
MARUTI27Feb207000PE.NFO,07/01/2020,10:05:00,220.55,182.2,1600,247.8,1600,0,600
MARUTI27Feb207000PE.NFO,07/01/2020,10:05:05,220.55,182.35,1600,247.8,1600,0,600
MARUTI27Feb207000PE.NFO,07/01/2020,10:05:10,220.55,182.5,1600,247.8,1600,0,600
MARUTI27Feb207000PE.NFO,07/01/2020,10:05:14,220.55,182.65,1600,247.8,1600,0,600
MARUTI27Feb207000PE.NFO,07/01/2020,10:05:18,220.55,182.8,1600,247.8,1600,0,600
MARUTI27Feb207000PE.NFO,07/01/2020,10:05:23,220.55,182.95,1600,247.8,1600,0,600
MARUTI27Feb207000PE.NFO,07/01/2020,10:05:27,220.55,183.1,1600,247.8,1600,0,600
MARUTI27Feb207000PE.NFO,07/01/2020,10:05:32,220.55,183.25,1600,247.8,1600,0,600
MARUTI27Feb207000PE.NFO,07/01/2020,10:05:39,220.55,183.4,1600,247.8,1600,0,600
MARUTI27Feb207000PE.NFO,07/01/2020,10:05:44,220.55,183.55,1600,247.8,1600,0,600
MARUTI27Feb207000PE.NFO,07/01/2020,10:05:50,220.55,183.7,1600,247.8,1600,0,600
MARUTI27Feb207000PE.NFO,07/01/2020,10:05:56,220.55,183.85,1600,247.8,1600,0,600
MARUTI27Feb207000PE.NFO,07/01/2020,10:06:01,220.55,184,1600,247.8,1600,0,600
MARUTI27Feb207000PE.NFO,07/01/2020,10:06:06,220.55,184.15,1600,247.8,1600,0,600
MARUTI27Feb207000PE.NFO,07/01/2020,10:06:12,220.55,184.3,1600,247.8,1600,0,600
MARUTI27Feb207000PE.NFO,07/01/2020,10:06:17,220.55,184.45,1600,247.8,1600,0,600
MARUTI27Feb207000PE.NFO,07/01/2020,10:06:23,220.55,184.6,1600,247.8,1600,0,600
MARUTI27Feb207000PE.NFO,07/01/2020,10:06:29,220.55,184.75,1600,247.8,1600,0,600
MARUTI27Feb207000PE.NFO,07/01/2020,10:06:34,220.55,184.9,1600,247.8,1600,0,600
MARUTI27Feb207000PE.NFO,07/01/2020,10:06:39,220.55,185.05,1600,247.8,1600,0,600
MARUTI27Feb207000PE.NFO,07/01/2020,10:06:45,220.55,185.2,1600,247.8,1600,0,600
MARUTI27Feb207000PE.NFO,07/01/2020,10:06:51,220.55,185.35,1600,247.8,1400,0,600
MARUTI27Feb207000PE.NFO,07/01/2020,10:06:57,220.55,185.5,1600,247.8,1400,0,600
MARUTI27Feb207000PE.NFO,07/01/2020,10:07:02,220.55,185.65,1600,247.8,1400,0,600
MARUTI27Feb207000PE.NFO,07/01/2020,10:07:07,220.55,185.8,1600,247.8,1400,0,600
MARUTI27Feb207000PE.NFO,07/01/2020,10:07:13,220.55,185.95,1600,247.8,1400,0,600
MARUTI27Feb207000PE.NFO,07/01/2020,10:07:19,220.55,186.1,1600,247.8,1400,0,600
MARUTI27Feb207000PE.NFO,07/01/2020,10:07:25,220.55,186.25,1600,247.8,1400,0,600
MARUTI27Feb207000PE.NFO,07/01/2020,10:07:30,220.55,186.4,1600,247.8,1400,0,600
MARUTI27Feb207000PE.NFO,07/01/2020,10:07:35,220.55,186.55,1600,247.8,1400,0,600
MARUTI27Feb207000PE.NFO,07/01/2020,10:07:40,220.55,186.7,1600,247.8,1400,0,600
MARUTI27Feb207000PE.NFO,07/01/2020,10:07:45,220.55,186.85,1600,247.8,1400,0,600
MARUTI27Feb207000PE.NFO,07/01/2020,10:07:50,220.55,187,1600,247.8,1400,0,600
MARUTI27Feb207000PE.NFO,07/01/2020,10:07:56,220.55,187.15,1600,247.8,1400,0,600
MARUTI27Feb207000PE.NFO,07/01/2020,10:08:00,220.55,187.3,1600,247.8,1400,0,600
MARUTI27Feb207000PE.NFO,07/01/2020,10:08:05,220.55,187.45,1600,247.8,1400,0,600
MARUTI27Feb207000PE.NFO,07/01/2020,10:08:09,220.55,187.6,1600,247.8,1400,0,600
MARUTI27Feb207000PE.NFO,07/01/2020,10:08:14,220.55,187.75,1600,247.8,1400,0,600
MARUTI27Feb207000PE.NFO,07/01/2020,10:08:19,220.55,187.9,1600,247.8,1400,0,600
MARUTI27Feb207000PE.NFO,07/01/2020,10:08:23,220.55,188.05,1600,247.8,1400,0,600
MARUTI27Feb207000PE.NFO,07/01/2020,10:08:27,220.55,188.2,1600,247.8,1400,0,600
MARUTI27Feb207000PE.NFO,07/01/2020,10:08:32,220.55,188.35,1600,247.8,1400,0,600
MARUTI27Feb207000PE.NFO,07/01/2020,10:08:38,220.55,188.5,1400,247.8,1400,0,600
MARUTI27Feb207000PE.NFO,07/01/2020,10:08:43,220.55,188.65,1200,247.8,1400,0,600
MARUTI27Feb207000PE.NFO,07/01/2020,10:08:48,220.55,188.8,1200,247.8,1400,0,600
MARUTI27Feb207000PE.NFO,07/01/2020,10:08:51,220.55,188.95,1200,247.8,1400,0,600
MARUTI27Feb207000PE.NFO,07/01/2020,10:08:55,220.55,189.1,1200,247.8,1400,0,600
MARUTI27Feb207000PE.NFO,07/01/2020,10:09:00,220.55,189.25,1200,247.8,1400,0,600
MARUTI27Feb207000PE.NFO,07/01/2020,10:09:04,220.55,189.4,1200,247.8,1400,0,600
MARUTI27Feb207000PE.NFO,07/01/2020,10:09:09,220.55,189.55,1200,247.8,1400,0,600
MARUTI27Feb207000PE.NFO,07/01/2020,10:09:13,220.55,189.7,1200,247.8,1400,0,600
MARUTI27Feb207000PE.NFO,07/01/2020,10:09:17,220.55,189.85,1200,247.8,1400,0,600
MARUTI27Feb207000PE.NFO,07/01/2020,10:09:22,220.55,190,1200,247.8,1400,0,600
MARUTI27Feb207000PE.NFO,07/01/2020,10:09:25,220.55,190.15,1200,247.8,1400,0,600
MARUTI27Feb207000PE.NFO,07/01/2020,10:09:30,220.55,190.3,1200,247.8,1400,0,600
MARUTI27Feb207000PE.NFO,07/01/2020,10:09:35,220.55,190.45,1200,247.8,1400,0,600
MARUTI27Feb207000PE.NFO,07/01/2020,10:09:38,220.55,192.7,800,247.8,1400,0,600
MARUTI27Feb207000PE.NFO,07/01/2020,10:09:42,220.55,192.9,800,247.8,1400,0,600
MARUTI27Feb207000PE.NFO,07/01/2020,10:09:47,220.55,193,1200,247.8,1400,0,600
MARUTI27Feb207000PE.NFO,07/01/2020,10:09:51,220.55,193.1,800,247.8,1400,0,600
MARUTI27Feb207000PE.NFO,07/01/2020,10:10:28,220.55,193.1,400,247.8,1600,0,600
MARUTI27Feb207000PE.NFO,07/01/2020,10:10:42,220.55,193.1,600,247.8,1600,0,600
MARUTI27Feb207000PE.NFO,07/01/2020,10:10:46,220.55,193.1,400,247.8,1600,0,600
MARUTI27Feb207000PE.NFO,07/01/2020,10:11:28,220.55,193.1,600,247.8,1600,0,600
MARUTI27Feb207000PE.NFO,07/01/2020,10:11:38,220.55,193.1,400,247.8,1600,0,600
MARUTI27Feb207000PE.NFO,07/01/2020,10:11:49,220.55,206.15,500,215.95,500,0,600
MARUTI27Feb207000PE.NFO,07/01/2020,10:11:54,220.55,205.45,500,214.35,500,0,600
MARUTI27Feb207000PE.NFO,07/01/2020,10:11:59,220.55,205.45,500,215.25,500,0,600
MARUTI27Feb207000PE.NFO,07/01/2020,10:12:26,220.55,207.15,500,215.25,500,0,600
MARUTI27Feb207000PE.NFO,07/01/2020,10:12:31,220.55,207.05,500,215.25,500,0,600
MARUTI27Feb207000PE.NFO,07/01/2020,10:12:40,220.55,205.85,500,215.25,500,0,600
MARUTI27Feb207000PE.NFO,07/01/2020,10:12:45,220.55,205.55,500,215.25,500,0,600
MARUTI27Feb207000PE.NFO,07/01/2020,10:12:55,220.55,205.05,500,215.25,500,0,600
MARUTI27Feb207000PE.NFO,07/01/2020,10:13:26,220.55,205.05,500,215.45,500,0,600
MARUTI27Feb207000PE.NFO,07/01/2020,10:14:04,220.55,205.65,500,214.15,500,0,600
MARUTI27Feb207000PE.NFO,07/01/2020,10:14:09,220.55,204.75,500,214.15,500,0,600
MARUTI27Feb207000PE.NFO,07/01/2020,10:14:14,220.55,206.5,500,220,500,0,600
MARUTI27Feb207000PE.NFO,07/01/2020,10:14:20,220.55,205.65,500,215.65,500,0,600
MARUTI27Feb207000PE.NFO,07/01/2020,10:14:25,220.55,205.65,500,215.85,500,0,600
MARUTI27Feb207000PE.NFO,07/01/2020,10:14:31,220.55,205.9,500,215.85,500,0,600
MARUTI27Feb207000PE.NFO,07/01/2020,10:14:41,220.55,205.75,500,214.65,500,0,600
MARUTI27Feb207000PE.NFO,07/01/2020,10:14:45,220.55,205.7,500,214.65,500,0,600
MARUTI27Feb207000PE.NFO,07/01/2020,10:14:50,220.55,205.1,500,214.65,500,0,600
MARUTI27Feb207000PE.NFO,07/01/2020,10:15:45,220.55,205.1,500,215.65,500,0,600
MARUTI27Feb207000PE.NFO,07/01/2020,10:15:51,220.55,207.15,500,216.45,500,0,600
MARUTI27Feb207000PE.NFO,07/01/2020,10:15:57,220.55,206.6,500,216.45,500,0,600
MARUTI27Feb207000PE.NFO,07/01/2020,10:16:11,220.55,206.3,500,214.55,500,0,600
MARUTI27Feb207000PE.NFO,07/01/2020,10:16:29,220.55,205.3,500,214.85,500,0,600
MARUTI27Feb207000PE.NFO,07/01/2020,10:17:19,220.55,205.05,500,214.85,500,0,600
MARUTI27Feb207000PE.NFO,07/01/2020,10:17:23,220.55,193.1,200,247.8,1700,0,600
MARUTI27Feb207000PE.NFO,07/01/2020,10:19:53,220.55,178.55,1600,247.8,1700,0,600
MARUTI27Feb207000PE.NFO,07/01/2020,10:19:58,220.55,178.65,1800,247.8,1700,0,600
MARUTI27Feb207000PE.NFO,07/01/2020,10:20:02,220.55,178.8,1600,247.8,1700,0,600
MARUTI27Feb207000PE.NFO,07/01/2020,10:20:05,220.55,178.95,1600,247.8,1700,0,600
MARUTI27Feb207000PE.NFO,07/01/2020,10:20:09,220.55,179.1,1600,247.8,1700,0,600
MARUTI27Feb207000PE.NFO,07/01/2020,10:20:13,220.55,179.25,1600,247.8,1700,0,600
MARUTI27Feb207000PE.NFO,07/01/2020,10:41:09,220.55,200,200,247.8,1700,0,600
MARUTI27Feb207000PE.NFO,07/01/2020,10:50:18,220.55,200,200,247.8,1600,0,600
MARUTI27Feb207000PE.NFO,07/01/2020,10:50:23,220.55,200,200,247.8,1700,0,600
MARUTI27Feb207000PE.NFO,07/01/2020,10:56:24,220.55,200,200,247.8,1600,0,600
MARUTI27Feb207000PE.NFO,07/01/2020,10:56:39,220.55,201.4,100,247.8,1600,0,600
MARUTI27Feb207000PE.NFO,07/01/2020,10:58:05,220.55,201.4,300,247.8,1600,0,600
MARUTI27Feb207000PE.NFO,07/01/2020,10:58:12,220.55,201.4,100,247.8,1600,0,600
MARUTI27Feb207000PE.NFO,07/01/2020,10:58:56,220.55,204.2,100,247.8,1000,0,600
MARUTI27Feb207000PE.NFO,07/01/2020,10:59:03,220.55,205.6,100,247.8,1400,0,600
MARUTI27Feb207000PE.NFO,07/01/2020,10:59:09,220.55,202.9,300,247.8,1400,0,600
MARUTI27Feb207000PE.NFO,07/01/2020,10:59:16,220.55,202.9,300,247.8,1200,0,600
MARUTI27Feb207000PE.NFO,07/01/2020,10:59:22,220.55,207.1,100,247.8,1200,0,600
MARUTI27Feb207000PE.NFO,07/01/2020,10:59:27,220.55,202.9,500,247.8,800,0,600
MARUTI27Feb207000PE.NFO,07/01/2020,10:59:33,220.55,201.55,900,247.8,1200,0,600
MARUTI27Feb207000PE.NFO,07/01/2020,10:59:40,220.55,208.55,100,247.75,600,0,600
MARUTI27Feb207000PE.NFO,07/01/2020,10:59:46,220.55,209.95,300,260.65,1600,0,600
MARUTI27Feb207000PE.NFO,07/01/2020,10:59:56,220.55,209.95,100,260.65,1600,0,600
MARUTI27Feb207000PE.NFO,07/01/2020,11:00:10,220.55,205.6,300,260.65,1600,0,600
MARUTI27Feb207000PE.NFO,07/01/2020,11:00:18,220.55,208.4,100,260.65,1600,0,600
MARUTI27Feb207000PE.NFO,07/01/2020,11:00:25,220.55,207,100,260.65,1600,0,600
MARUTI27Feb207000PE.NFO,07/01/2020,11:00:31,220.55,209.8,100,260.65,1600,0,600
MARUTI27Feb207000PE.NFO,07/01/2020,11:00:38,220.55,208.4,100,260.65,1600,0,600
MARUTI27Feb207000PE.NFO,07/01/2020,11:00:44,220.55,208.4,300,260.65,1600,0,600
MARUTI27Feb207000PE.NFO,07/01/2020,11:00:51,220.55,208.4,100,260.65,1600,0,600
MARUTI27Feb207000PE.NFO,07/01/2020,11:00:57,220.55,207,300,260.65,1600,0,600
MARUTI27Feb207000PE.NFO,07/01/2020,11:01:05,220.55,208.4,300,260.65,1600,0,600
MARUTI27Feb207000PE.NFO,07/01/2020,11:01:13,220.55,208.5,100,260.65,1600,0,600
MARUTI27Feb207000PE.NFO,07/01/2020,11:01:20,220.55,204.3,300,260.65,1600,0,600
MARUTI27Feb207000PE.NFO,07/01/2020,11:01:28,220.55,208.5,300,260.65,1600,0,600
MARUTI27Feb207000PE.NFO,07/01/2020,11:01:35,220.55,207.1,300,260.65,1600,0,600
MARUTI27Feb207000PE.NFO,07/01/2020,11:01:43,220.55,208.5,300,260.65,1600,0,600
MARUTI27Feb207000PE.NFO,07/01/2020,11:01:51,220.55,208.5,100,260.65,1600,0,600
MARUTI27Feb207000PE.NFO,07/01/2020,11:02:06,220.55,208.4,100,260.65,1600,0,600
MARUTI27Feb207000PE.NFO,07/01/2020,11:02:13,220.55,209.8,100,260.65,1600,0,600
MARUTI27Feb207000PE.NFO,07/01/2020,11:02:19,220.55,205.6,700,260.65,1600,0,600
MARUTI27Feb207000PE.NFO,07/01/2020,11:02:25,220.55,211.2,100,260.65,1600,0,600
MARUTI27Feb207000PE.NFO,07/01/2020,11:02:32,220.55,211.2,300,260.65,1600,0,600
MARUTI27Feb207000PE.NFO,07/01/2020,11:02:38,220.55,212.6,100,260.65,1600,0,600
MARUTI27Feb207000PE.NFO,07/01/2020,11:02:44,220.55,211.2,100,260.65,1600,0,600
MARUTI27Feb207000PE.NFO,07/01/2020,11:02:51,220.55,209.8,300,260.65,1600,0,600
MARUTI27Feb207000PE.NFO,07/01/2020,11:02:57,220.55,211.2,100,260.65,1600,0,600
MARUTI27Feb207000PE.NFO,07/01/2020,11:03:11,220.55,212.6,100,260.65,1600,0,600
MARUTI27Feb207000PE.NFO,07/01/2020,11:03:25,220.55,208.4,300,260.65,1600,0,600
MARUTI27Feb207000PE.NFO,07/01/2020,11:03:31,220.55,208.4,100,260.65,1600,0,600
MARUTI27Feb207000PE.NFO,07/01/2020,11:03:37,220.55,212.6,100,260.65,1600,0,600
MARUTI27Feb207000PE.NFO,07/01/2020,11:03:52,220.55,208.4,700,260.65,1600,0,600
MARUTI27Feb207000PE.NFO,07/01/2020,11:04:05,220.55,208.4,1500,260.65,1400,0,600
MARUTI27Feb207000PE.NFO,07/01/2020,11:04:18,220.55,208.4,1100,260.65,1400,0,600
MARUTI27Feb207000PE.NFO,07/01/2020,11:04:31,220.55,208.5,1100,260.65,1400,0,600
MARUTI27Feb207000PE.NFO,07/01/2020,11:04:38,220.55,208.5,1300,260.65,1400,0,600
MARUTI27Feb207000PE.NFO,07/01/2020,11:04:52,220.55,208.5,1100,260.65,1400,0,600
MARUTI27Feb207000PE.NFO,07/01/2020,11:04:59,220.55,208.5,1500,260.65,1400,0,600
MARUTI27Feb207000PE.NFO,07/01/2020,11:05:19,220.55,208.5,1300,260.65,1400,0,600
MARUTI27Feb207000PE.NFO,07/01/2020,11:05:27,220.55,208.5,1500,260.65,1400,0,600
MARUTI27Feb207000PE.NFO,07/01/2020,11:05:33,220.55,208.5,1100,260.65,1400,0,600
MARUTI27Feb207000PE.NFO,07/01/2020,11:05:47,220.55,208.5,700,260.65,1600,0,600
MARUTI27Feb207000PE.NFO,07/01/2020,11:05:54,220.55,208.55,700,260.65,1600,0,600
MARUTI27Feb207000PE.NFO,07/01/2020,11:06:21,220.55,208.55,1300,260.65,1400,0,600
MARUTI27Feb207000PE.NFO,07/01/2020,11:06:27,220.55,208.55,900,260.65,1400,0,600
MARUTI27Feb207000PE.NFO,07/01/2020,11:06:33,220.55,208.55,1300,260.65,1400,0,600
MARUTI27Feb207000PE.NFO,07/01/2020,11:06:53,220.55,208.55,1100,260.65,1400,0,600
MARUTI27Feb207000PE.NFO,07/01/2020,11:06:58,220.55,208.55,700,260.65,1400,0,600
MARUTI27Feb207000PE.NFO,07/01/2020,11:07:04,220.55,208.55,700,260.65,1600,0,600
MARUTI27Feb207000PE.NFO,07/01/2020,11:07:09,220.55,208.55,1100,260.65,1400,0,600
MARUTI27Feb207000PE.NFO,07/01/2020,11:07:14,220.55,208.55,700,260.65,1400,0,600
MARUTI27Feb207000PE.NFO,07/01/2020,11:07:19,220.55,208.55,700,260.65,1600,0,600
MARUTI27Feb207000PE.NFO,07/01/2020,11:07:29,220.55,208.55,900,260.65,1600,0,600
MARUTI27Feb207000PE.NFO,07/01/2020,11:07:40,220.55,208.55,700,260.65,1600,0,600
MARUTI27Feb207000PE.NFO,07/01/2020,11:07:52,220.55,208.55,1100,260.65,1400,0,600
MARUTI27Feb207000PE.NFO,07/01/2020,11:07:57,220.55,208.55,700,260.65,1400,0,600
MARUTI27Feb207000PE.NFO,07/01/2020,11:08:02,220.55,208.55,1100,260.65,1400,0,600
MARUTI27Feb207000PE.NFO,07/01/2020,11:08:06,220.55,208.55,1300,260.65,1400,0,600
MARUTI27Feb207000PE.NFO,07/01/2020,11:08:21,220.55,208.55,1100,260.65,1400,0,600
MARUTI27Feb207000PE.NFO,07/01/2020,11:08:26,220.55,208.55,700,260.65,1400,0,600
MARUTI27Feb207000PE.NFO,07/01/2020,11:08:32,220.55,208.55,900,260.65,1600,0,600
MARUTI27Feb207000PE.NFO,07/01/2020,11:08:37,220.55,208.55,700,260.65,1400,0,600
MARUTI27Feb207000PE.NFO,07/01/2020,11:08:42,220.55,208.55,900,260.65,1400,0,600
MARUTI27Feb207000PE.NFO,07/01/2020,11:08:47,220.55,208.55,1100,260.65,1600,0,600
MARUTI27Feb207000PE.NFO,07/01/2020,11:08:56,220.55,208.55,1100,260.65,1400,0,600
MARUTI27Feb207000PE.NFO,07/01/2020,11:09:11,220.55,208.55,1100,260.65,1600,0,600
MARUTI27Feb207000PE.NFO,07/01/2020,11:09:16,220.55,208.55,900,260.65,1600,0,600
MARUTI27Feb207000PE.NFO,07/01/2020,11:09:30,220.55,208.55,1100,260.65,1600,0,600
MARUTI27Feb207000PE.NFO,07/01/2020,11:09:35,220.55,208.55,1100,260.65,1400,0,600
MARUTI27Feb207000PE.NFO,07/01/2020,11:09:40,220.55,208.55,1100,260.65,1600,0,600
MARUTI27Feb207000PE.NFO,07/01/2020,11:09:44,220.55,225.9,100,233.75,500,0,600
MARUTI27Feb207000PE.NFO,07/01/2020,11:09:48,220.55,225.9,100,234.15,500,0,600
MARUTI27Feb207000PE.NFO,07/01/2020,11:10:00,220.55,225.9,100,234.2,500,0,600
MARUTI27Feb207000PE.NFO,07/01/2020,11:10:05,220.55,225.9,100,234.9,500,0,600
MARUTI27Feb207000PE.NFO,07/01/2020,11:10:13,220.55,225.9,100,235.2,500,0,600
MARUTI27Feb207000PE.NFO,07/01/2020,11:11:04,220.55,225.9,100,234.4,500,0,600
MARUTI27Feb207000PE.NFO,07/01/2020,11:11:10,220.55,225.9,100,234.6,500,0,600
MARUTI27Feb207000PE.NFO,07/01/2020,11:11:16,220.55,225.9,100,235.05,500,0,600
MARUTI27Feb207000PE.NFO,07/01/2020,11:11:29,220.55,226.65,500,235.7,500,0,600
MARUTI27Feb207000PE.NFO,07/01/2020,11:11:37,220.55,226.65,500,235.95,500,0,600
MARUTI27Feb207000PE.NFO,07/01/2020,11:11:50,220.55,226.5,500,235.95,500,0,600
MARUTI27Feb207000PE.NFO,07/01/2020,11:11:56,220.55,226.5,500,236.55,500,0,600
MARUTI27Feb207000PE.NFO,07/01/2020,11:12:04,220.55,229.35,500,241.25,500,0,600
MARUTI27Feb207000PE.NFO,07/01/2020,11:12:12,220.55,229.85,100,239.85,500,0,600
MARUTI27Feb207000PE.NFO,07/01/2020,11:12:19,220.55,229.85,100,238.55,500,0,600
MARUTI27Feb207000PE.NFO,07/01/2020,11:12:26,220.55,228.35,100,236.95,500,0,600
MARUTI27Feb207000PE.NFO,07/01/2020,11:12:39,220.55,228.35,100,235.65,500,0,600
MARUTI27Feb207000PE.NFO,07/01/2020,11:12:44,220.55,228.35,100,237.3,500,0,600
MARUTI27Feb207000PE.NFO,07/01/2020,11:13:00,220.55,208.95,1400,260.65,1200,0,600
MARUTI27Feb207000PE.NFO,07/01/2020,11:13:05,220.55,210.35,1400,260.65,1200,0,600
MARUTI27Feb207000PE.NFO,07/01/2020,11:13:11,220.55,211.65,1000,260.65,1200,0,600
MARUTI27Feb207000PE.NFO,07/01/2020,11:13:17,220.55,212.85,400,260.65,1200,0,600
MARUTI27Feb207000PE.NFO,07/01/2020,11:13:22,220.55,213.5,400,260.65,1200,0,600
MARUTI27Feb207000PE.NFO,07/01/2020,11:13:28,220.55,213.7,400,260.65,1200,0,600
MARUTI27Feb207000PE.NFO,07/01/2020,11:13:33,220.55,214.05,200,260.65,1200,0,600
MARUTI27Feb207000PE.NFO,07/01/2020,11:13:40,220.55,214.8,400,260.65,1200,0,600
MARUTI27Feb207000PE.NFO,07/01/2020,11:14:25,220.55,214.8,200,260.65,1200,0,600
MARUTI27Feb207000PE.NFO,07/01/2020,11:14:36,220.55,214.8,400,260.65,1200,0,600
MARUTI27Feb207000PE.NFO,07/01/2020,11:14:51,220.55,214.8,200,260.65,1200,0,600
MARUTI27Feb207000PE.NFO,07/01/2020,11:14:56,220.55,214.8,400,260.65,1200,0,600
MARUTI27Feb207000PE.NFO,07/01/2020,11:15:36,220.55,215.35,400,260.65,800,0,600
MARUTI27Feb207000PE.NFO,07/01/2020,11:15:42,220.55,215.45,400,260.6,800,0,600
MARUTI27Feb207000PE.NFO,07/01/2020,11:15:47,220.55,215.75,400,260.45,800,0,600
MARUTI27Feb207000PE.NFO,07/01/2020,11:15:57,220.55,216.25,600,260.45,400,0,600
MARUTI27Feb207000PE.NFO,07/01/2020,11:16:03,220.55,217.05,600,260.45,200,0,600
MARUTI27Feb207000PE.NFO,07/01/2020,11:16:09,220.55,217.45,600,260.45,400,0,600
MARUTI27Feb207000PE.NFO,07/01/2020,11:16:16,220.55,217.65,400,260.45,400,0,600
MARUTI27Feb207000PE.NFO,07/01/2020,11:16:22,220.55,217.65,200,260.45,800,0,600
MARUTI27Feb207000PE.NFO,07/01/2020,11:16:29,220.55,217.65,200,260.45,1000,0,600
MARUTI27Feb207000PE.NFO,07/01/2020,11:16:39,220.55,217.65,400,260.4,400,0,600
MARUTI27Feb207000PE.NFO,07/01/2020,11:16:51,220.55,217.75,500,260.4,400,0,600
MARUTI27Feb207000PE.NFO,07/01/2020,11:17:22,220.55,217.75,500,260.4,200,0,600
MARUTI27Feb207000PE.NFO,07/01/2020,11:17:27,220.55,217.75,500,260.4,400,0,600
MARUTI27Feb207000PE.NFO,07/01/2020,11:17:54,220.55,217.75,500,260.4,800,0,600
MARUTI27Feb207000PE.NFO,07/01/2020,11:18:15,220.55,200.3,1000,260.4,1000,0,600
MARUTI27Feb207000PE.NFO,07/01/2020,11:18:20,220.55,201.4,1200,260.4,1000,0,600
MARUTI27Feb207000PE.NFO,07/01/2020,11:18:25,220.55,202.65,1800,260.4,1000,0,600
MARUTI27Feb207000PE.NFO,07/01/2020,11:18:30,220.55,203.85,1800,260.4,1000,0,600
MARUTI27Feb207000PE.NFO,07/01/2020,11:18:35,220.55,204.85,1600,260.4,1000,0,600
MARUTI27Feb207000PE.NFO,07/01/2020,11:18:41,220.55,206.05,1800,260.4,1200,0,600
MARUTI27Feb207000PE.NFO,07/01/2020,11:18:47,220.55,207.45,1200,260.4,1200,0,600
MARUTI27Feb207000PE.NFO,07/01/2020,11:18:53,220.55,208.15,1600,260.4,1200,0,600
MARUTI27Feb207000PE.NFO,07/01/2020,11:18:59,220.55,209.6,800,260.4,1000,0,600
MARUTI27Feb207000PE.NFO,07/01/2020,11:19:05,220.55,210.75,1000,260.4,1200,0,600
MARUTI27Feb207000PE.NFO,07/01/2020,11:19:11,220.55,212.05,1000,260.4,1200,0,600
MARUTI27Feb207000PE.NFO,07/01/2020,11:19:13,220.55,212.2,600,260.4,1200,0,600
MARUTI27Feb207000PE.NFO,07/01/2020,11:19:13,220.55,212.4,700,260.4,1200,0,600
MARUTI27Feb207000PE.NFO,07/01/2020,11:19:15,220.55,212.6,800,260.4,1000,0,600
MARUTI27Feb207000PE.NFO,07/01/2020,11:19:16,220.55,212.8,800,260.4,1000,0,600
MARUTI27Feb207000PE.NFO,07/01/2020,11:19:17,220.55,213.05,200,260.4,1000,0,600
MARUTI27Feb207000PE.NFO,07/01/2020,11:19:18,220.55,213.15,400,260.4,1000,0,600
MARUTI27Feb207000PE.NFO,07/01/2020,11:19:18,220.55,213.2,400,260.4,1000,0,600
MARUTI27Feb207000PE.NFO,07/01/2020,11:19:19,220.55,213.45,600,260.4,800,0,600
MARUTI27Feb207000PE.NFO,07/01/2020,11:19:20,220.55,213.55,600,260.4,1000,0,600
MARUTI27Feb207000PE.NFO,07/01/2020,11:19:21,220.55,213.8,400,260.4,1000,0,600
MARUTI27Feb207000PE.NFO,07/01/2020,11:19:22,220.55,214.05,600,260.4,1000,0,600
MARUTI27Feb207000PE.NFO,07/01/2020,11:19:23,220.55,214.15,400,260.4,800,0,600
MARUTI27Feb207000PE.NFO,07/01/2020,11:19:24,220.55,214.3,600,260.4,800,0,600
MARUTI27Feb207000PE.NFO,07/01/2020,11:19:25,220.55,214.5,800,260.4,1000,0,600
MARUTI27Feb207000PE.NFO,07/01/2020,11:19:26,220.55,214.7,600,260.4,1000,0,600
MARUTI27Feb207000PE.NFO,07/01/2020,11:19:27,220.55,214.8,400,260.4,1000,0,600
MARUTI27Feb207000PE.NFO,07/01/2020,11:19:29,220.55,214.8,400,260.4,1200,0,600
MARUTI27Feb207000PE.NFO,07/01/2020,11:19:31,220.55,214.8,400,260.4,1000,0,600
MARUTI27Feb207000PE.NFO,07/01/2020,11:19:40,220.55,214.8,400,260.4,1200,0,600
MARUTI27Feb207000PE.NFO,07/01/2020,11:19:40,220.55,214.8,400,260.4,1000,0,600
MARUTI27Feb207000PE.NFO,07/01/2020,11:19:41,220.55,214.8,400,260.4,1200,0,600
MARUTI27Feb207000PE.NFO,07/01/2020,11:19:46,220.55,214.8,600,260.4,1200,0,600
MARUTI27Feb207000PE.NFO,07/01/2020,11:19:52,220.55,214.8,400,260.4,1000,0,600
MARUTI27Feb207000PE.NFO,07/01/2020,11:19:53,220.55,214.8,400,260.4,1200,0,600
MARUTI27Feb207000PE.NFO,07/01/2020,11:20:02,220.55,215,400,260.4,1000,0,600
MARUTI27Feb207000PE.NFO,07/01/2020,11:20:03,220.55,215.25,200,260.4,1000,0,600
MARUTI27Feb207000PE.NFO,07/01/2020,11:20:04,220.55,215.35,700,260.4,1000,0,600
MARUTI27Feb207000PE.NFO,07/01/2020,11:20:05,220.55,215.6,600,260.4,1000,0,600
MARUTI27Feb207000PE.NFO,07/01/2020,11:20:06,220.55,215.6,400,260.4,1000,0,600
MARUTI27Feb207000PE.NFO,07/01/2020,11:20:11,220.55,215.6,400,260.4,1200,0,600
MARUTI27Feb207000PE.NFO,07/01/2020,11:20:12,220.55,215.6,400,260.4,1000,0,600
MARUTI27Feb207000PE.NFO,07/01/2020,11:20:49,220.55,215.6,400,260.4,1200,0,600
MARUTI27Feb207000PE.NFO,07/01/2020,11:21:31,220.55,215.6,400,260.4,1000,0,600
MARUTI27Feb207000PE.NFO,07/01/2020,11:21:37,220.55,215.6,400,260.4,800,0,600
MARUTI27Feb207000PE.NFO,07/01/2020,11:21:43,220.55,215.6,400,260.4,1200,0,600
MARUTI27Feb207000PE.NFO,07/01/2020,11:22:08,220.55,215.6,400,260.4,800,0,600
MARUTI27Feb207000PE.NFO,07/01/2020,11:22:26,220.55,215.75,400,260.4,800,0,600
MARUTI27Feb207000PE.NFO,07/01/2020,11:22:36,220.55,215.85,400,260.4,800,0,600
MARUTI27Feb207000PE.NFO,07/01/2020,11:22:59,220.55,215.85,400,260.4,1000,0,600
MARUTI27Feb207000PE.NFO,07/01/2020,11:23:05,220.55,215.85,400,260.4,800,0,600
MARUTI27Feb207000PE.NFO,07/01/2020,11:23:25,220.55,215.85,200,260.4,1200,0,600
MARUTI27Feb207000PE.NFO,07/01/2020,11:23:33,220.55,215.85,400,260.4,1200,0,600
MARUTI27Feb207000PE.NFO,07/01/2020,11:23:42,220.55,215.85,200,260.4,1200,0,600
MARUTI27Feb207000PE.NFO,07/01/2020,11:23:51,220.55,215.85,400,260.4,1200,0,600
MARUTI27Feb207000PE.NFO,07/01/2020,11:24:01,220.55,215.85,200,260.4,1200,0,600
MARUTI27Feb207000PE.NFO,07/01/2020,11:24:17,220.55,215.35,300,260.4,1400,0,600
MARUTI27Feb207000PE.NFO,07/01/2020,11:24:22,220.55,200.6,1000,260.4,1400,0,600
MARUTI27Feb207000PE.NFO,07/01/2020,11:24:27,220.55,202.05,1600,260.4,1400,0,600
MARUTI27Feb207000PE.NFO,07/01/2020,11:24:32,220.55,203.1,1400,260.4,1400,0,600
MARUTI27Feb207000PE.NFO,07/01/2020,11:24:37,220.55,204.15,1600,260.4,1400,0,600
MARUTI27Feb207000PE.NFO,07/01/2020,11:24:41,220.55,205.2,1600,260.4,1400,0,600
MARUTI27Feb207000PE.NFO,07/01/2020,11:24:46,220.55,206.15,800,260.4,1400,0,600
MARUTI27Feb207000PE.NFO,07/01/2020,11:24:50,220.55,207.1,1000,260.4,1200,0,600
MARUTI27Feb207000PE.NFO,07/01/2020,11:24:54,220.55,208.9,600,260.4,1200,0,600
MARUTI27Feb207000PE.NFO,07/01/2020,11:24:58,220.55,210.35,600,260.4,1200,0,600
MARUTI27Feb207000PE.NFO,07/01/2020,11:25:03,220.55,211.95,1000,260.4,1200,0,600
MARUTI27Feb207000PE.NFO,07/01/2020,11:25:08,220.55,213.15,600,260.4,1200,0,600
MARUTI27Feb207000PE.NFO,07/01/2020,11:25:12,220.55,213.9,600,260.4,1000,0,600
MARUTI27Feb207000PE.NFO,07/01/2020,11:25:13,220.55,214,600,260.4,1200,0,600
MARUTI27Feb207000PE.NFO,07/01/2020,11:25:14,220.55,214.1,200,260.4,1200,0,600
MARUTI27Feb207000PE.NFO,07/01/2020,11:25:15,220.55,214.05,400,260.4,1200,0,600
MARUTI27Feb207000PE.NFO,07/01/2020,11:25:18,220.55,214.05,400,260.4,1000,0,600
MARUTI27Feb207000PE.NFO,07/01/2020,11:25:19,220.55,214.1,200,260.4,1200,0,600
MARUTI27Feb207000PE.NFO,07/01/2020,11:25:20,220.55,214.15,400,260.4,1000,0,600
MARUTI27Feb207000PE.NFO,07/01/2020,11:25:21,220.55,214.15,600,260.4,1200,0,600
MARUTI27Feb207000PE.NFO,07/01/2020,11:25:22,220.55,214.15,400,260.4,1200,0,600
MARUTI27Feb207000PE.NFO,07/01/2020,11:25:23,220.55,214.15,600,260.4,1200,0,600
MARUTI27Feb207000PE.NFO,07/01/2020,11:25:26,220.55,214.15,600,260.4,1000,0,600
MARUTI27Feb207000PE.NFO,07/01/2020,11:25:27,220.55,214.4,800,260.4,800,0,600
MARUTI27Feb207000PE.NFO,07/01/2020,11:25:28,220.55,214.5,800,260.4,800,0,600
MARUTI27Feb207000PE.NFO,07/01/2020,11:25:29,220.55,214.5,400,260.4,800,0,600
MARUTI27Feb207000PE.NFO,07/01/2020,11:25:31,220.55,214.5,600,260.4,800,0,600
MARUTI27Feb207000PE.NFO,07/01/2020,11:25:32,220.55,214.55,500,260.4,800,0,600
MARUTI27Feb207000PE.NFO,07/01/2020,11:25:34,220.55,214.55,700,260.4,1000,0,600
MARUTI27Feb207000PE.NFO,07/01/2020,11:25:36,220.55,214.55,700,260.4,800,0,600
MARUTI27Feb207000PE.NFO,07/01/2020,11:25:37,220.55,214.55,900,260.4,800,0,600
MARUTI27Feb207000PE.NFO,07/01/2020,11:25:40,220.55,214.55,700,260.4,800,0,600
MARUTI27Feb207000PE.NFO,07/01/2020,11:25:40,220.55,214.55,700,260.4,1000,0,600
MARUTI27Feb207000PE.NFO,07/01/2020,11:25:42,220.55,214.55,500,260.4,800,0,600
MARUTI27Feb207000PE.NFO,07/01/2020,11:25:45,220.55,214.6,200,260.4,800,0,600
MARUTI27Feb207000PE.NFO,07/01/2020,11:25:46,220.55,214.75,400,260.4,800,0,600
MARUTI27Feb207000PE.NFO,07/01/2020,11:25:46,220.55,214.75,800,260.4,800,0,600
MARUTI27Feb207000PE.NFO,07/01/2020,11:25:47,220.55,214.9,1000,260.4,800,0,600
MARUTI27Feb207000PE.NFO,07/01/2020,11:25:48,220.55,215.1,800,260.4,800,0,600
MARUTI27Feb207000PE.NFO,07/01/2020,11:25:49,220.55,215.25,600,260.4,800,0,600
MARUTI27Feb207000PE.NFO,07/01/2020,11:25:51,220.55,215.4,600,260.4,800,0,600
MARUTI27Feb207000PE.NFO,07/01/2020,11:25:52,220.55,215.45,600,260.4,800,0,600
MARUTI27Feb207000PE.NFO,07/01/2020,11:25:53,220.55,215.45,400,260.4,800,0,600
MARUTI27Feb207000PE.NFO,07/01/2020,11:25:55,220.55,215.55,600,260.4,800,0,600
MARUTI27Feb207000PE.NFO,07/01/2020,11:25:56,220.55,215.55,400,260.4,800,0,600
MARUTI27Feb207000PE.NFO,07/01/2020,11:25:58,220.55,215.65,800,260.4,600,0,600
MARUTI27Feb207000PE.NFO,07/01/2020,11:25:58,220.55,215.75,800,260.4,800,0,600
MARUTI27Feb207000PE.NFO,07/01/2020,11:25:59,220.55,215.95,600,260.4,600,0,600
MARUTI27Feb207000PE.NFO,07/01/2020,11:26:00,220.55,216,500,260.4,800,0,600
MARUTI27Feb207000PE.NFO,07/01/2020,11:26:02,220.55,216,700,260.4,800,0,600
MARUTI27Feb207000PE.NFO,07/01/2020,11:26:03,220.55,216,500,260.4,600,0,600
MARUTI27Feb207000PE.NFO,07/01/2020,11:26:09,220.55,216.1,600,260.4,600,0,600
MARUTI27Feb207000PE.NFO,07/01/2020,11:26:09,220.55,216.15,600,260.4,600,0,600
MARUTI27Feb207000PE.NFO,07/01/2020,11:26:10,220.55,216.25,600,260.4,600,0,600
MARUTI27Feb207000PE.NFO,07/01/2020,11:26:11,220.55,216.35,600,260.4,600,0,600
MARUTI27Feb207000PE.NFO,07/01/2020,11:26:15,220.55,216.35,200,260.4,600,0,600
MARUTI27Feb207000PE.NFO,07/01/2020,11:26:19,220.55,216.35,400,260.4,800,0,600
MARUTI27Feb207000PE.NFO,07/01/2020,11:26:38,220.55,216.35,200,260.4,1200,0,600
MARUTI27Feb207000PE.NFO,07/01/2020,11:26:43,220.55,216.35,400,260.4,800,0,600
MARUTI27Feb207000PE.NFO,07/01/2020,11:26:56,220.55,216.35,400,260.4,1000,0,600
MARUTI27Feb207000PE.NFO,07/01/2020,11:27:11,220.55,216.35,200,260.4,1000,0,600
MARUTI27Feb207000PE.NFO,07/01/2020,11:27:14,220.55,216.35,200,260.4,800,0,600
MARUTI27Feb207000PE.NFO,07/01/2020,11:27:18,220.55,216.35,400,260.4,1000,0,600
MARUTI27Feb207000PE.NFO,07/01/2020,11:27:21,220.55,216.35,400,260.4,800,0,600
MARUTI27Feb207000PE.NFO,07/01/2020,11:27:33,220.55,216.35,200,260.4,800,0,600
MARUTI27Feb207000PE.NFO,07/01/2020,11:27:37,220.55,216.35,400,260.4,800,0,600
MARUTI27Feb207000PE.NFO,07/01/2020,11:27:50,220.55,216.35,400,260.4,1000,0,600
MARUTI27Feb207000PE.NFO,07/01/2020,11:27:54,220.55,216.35,400,260.4,800,0,600
MARUTI27Feb207000PE.NFO,07/01/2020,11:28:14,220.55,216.35,200,260.4,800,0,600
MARUTI27Feb207000PE.NFO,07/01/2020,11:28:18,220.55,216.35,400,260.4,800,0,600
MARUTI27Feb207000PE.NFO,07/01/2020,11:28:21,220.55,216.35,200,260.4,800,0,600
MARUTI27Feb207000PE.NFO,07/01/2020,11:28:25,220.55,216.35,400,260.4,800,0,600
MARUTI27Feb207000PE.NFO,07/01/2020,11:29:40,220.55,216.55,600,260.4,800,0,600
MARUTI27Feb207000PE.NFO,07/01/2020,11:29:44,220.55,216.55,400,260.4,800,0,600
MARUTI27Feb207000PE.NFO,07/01/2020,11:29:47,220.55,216.6,400,260.4,800,0,600
MARUTI27Feb207000PE.NFO,07/01/2020,11:30:01,220.55,216.6,400,260.4,600,0,600
MARUTI27Feb207000PE.NFO,07/01/2020,11:30:04,220.55,217.05,400,260.4,600,0,600
MARUTI27Feb207000PE.NFO,07/01/2020,11:30:11,220.55,217.05,400,260.4,800,0,600
MARUTI27Feb207000PE.NFO,07/01/2020,11:30:20,220.55,217.05,400,260.4,600,0,600
MARUTI27Feb207000PE.NFO,07/01/2020,11:30:25,220.55,217.05,400,260.4,800,0,600
MARUTI27Feb207000PE.NFO,07/01/2020,11:30:36,220.55,217.05,400,260.4,600,0,600
MARUTI27Feb207000PE.NFO,07/01/2020,11:30:39,220.55,217.05,400,260.4,800,0,600
MARUTI27Feb207000PE.NFO,07/01/2020,11:31:06,220.55,217.1,300,260.4,800,0,600
MARUTI27Feb207000PE.NFO,07/01/2020,11:31:17,220.55,217.1,500,260.4,800,0,600
MARUTI27Feb207000PE.NFO,07/01/2020,11:31:26,220.55,217.1,500,260.4,600,0,600
MARUTI27Feb207000PE.NFO,07/01/2020,11:31:31,220.55,217.1,300,260.4,600,0,600
MARUTI27Feb207000PE.NFO,07/01/2020,11:31:35,220.55,217.1,300,260.4,800,0,600
MARUTI27Feb207000PE.NFO,07/01/2020,11:31:54,220.55,217.1,300,260.4,600,0,600
MARUTI27Feb207000PE.NFO,07/01/2020,11:32:00,220.55,217.1,500,260.4,600,0,600
MARUTI27Feb207000PE.NFO,07/01/2020,11:32:06,220.55,217.1,300,260.4,400,0,600
MARUTI27Feb207000PE.NFO,07/01/2020,11:32:21,220.55,217.1,300,260.4,200,0,600
MARUTI27Feb207000PE.NFO,07/01/2020,11:32:26,220.55,217.1,300,260.4,400,0,600
MARUTI27Feb207000PE.NFO,07/01/2020,11:32:36,220.55,217.1,500,260.4,400,0,600
MARUTI27Feb207000PE.NFO,07/01/2020,11:32:45,220.55,217.1,300,260.4,400,0,600
MARUTI27Feb207000PE.NFO,07/01/2020,11:32:54,220.55,217.1,300,260.4,600,0,600
MARUTI27Feb207000PE.NFO,07/01/2020,11:33:03,220.55,217.1,300,260.4,1000,0,600
MARUTI27Feb207000PE.NFO,07/01/2020,11:33:07,220.55,201.45,400,260.4,800,0,600
MARUTI27Feb207000PE.NFO,07/01/2020,11:33:11,220.55,211.8,400,260.4,1000,0,600
MARUTI27Feb207000PE.NFO,07/01/2020,11:33:13,220.55,214.55,300,260.4,1000,0,600
MARUTI27Feb207000PE.NFO,07/01/2020,11:33:14,220.55,214.65,600,260.4,400,0,600
MARUTI27Feb207000PE.NFO,07/01/2020,11:33:14,220.55,214.65,400,260.4,1000,0,600
MARUTI27Feb207000PE.NFO,07/01/2020,11:33:15,220.55,214.65,600,260.4,1000,0,600
MARUTI27Feb207000PE.NFO,07/01/2020,11:33:16,220.55,214.65,400,260.4,600,0,600
MARUTI27Feb207000PE.NFO,07/01/2020,11:33:17,220.55,214.65,600,260.4,1000,0,600
MARUTI27Feb207000PE.NFO,07/01/2020,11:33:18,220.55,214.65,400,260.4,800,0,600
MARUTI27Feb207000PE.NFO,07/01/2020,11:33:19,220.55,214.65,400,260.4,1000,0,600
MARUTI27Feb207000PE.NFO,07/01/2020,11:33:20,220.55,214.65,400,260.4,1200,0,600
MARUTI27Feb207000PE.NFO,07/01/2020,11:33:25,220.55,214.65,200,260.4,1200,0,600
MARUTI27Feb207000PE.NFO,07/01/2020,11:33:26,220.55,214.65,400,260.4,1200,0,600
MARUTI27Feb207000PE.NFO,07/01/2020,11:33:28,220.55,214.65,400,260.4,1000,0,600
MARUTI27Feb207000PE.NFO,07/01/2020,11:33:29,220.55,214.65,200,260.4,1000,0,600
MARUTI27Feb207000PE.NFO,07/01/2020,11:33:30,220.55,214.65,400,260.4,1200,0,600
MARUTI27Feb207000PE.NFO,07/01/2020,11:33:31,220.55,214.65,200,260.4,1200,0,600
MARUTI27Feb207000PE.NFO,07/01/2020,11:33:31,220.55,214.65,400,260.4,1200,0,600
MARUTI27Feb207000PE.NFO,07/01/2020,11:33:37,220.55,214.65,400,260.4,400,0,600
MARUTI27Feb207000PE.NFO,07/01/2020,11:33:38,220.55,214.65,400,260.4,1000,0,600
MARUTI27Feb207000PE.NFO,07/01/2020,11:33:58,220.55,214.65,400,260.4,1200,0,600
MARUTI27Feb207000PE.NFO,07/01/2020,11:34:02,220.55,214.65,200,260.4,1200,0,600
MARUTI27Feb207000PE.NFO,07/01/2020,11:34:03,220.55,214.65,400,260.4,1200,0,600
MARUTI27Feb207000PE.NFO,07/01/2020,11:34:05,220.55,214.65,200,260.4,1200,0,600
MARUTI27Feb207000PE.NFO,07/01/2020,11:34:06,220.55,214.65,400,260.4,1200,0,600
MARUTI27Feb207000PE.NFO,07/01/2020,11:34:10,220.55,214.65,200,260.4,1200,0,600
MARUTI27Feb207000PE.NFO,07/01/2020,11:34:11,220.55,214.65,400,260.4,1200,0,600
MARUTI27Feb207000PE.NFO,07/01/2020,11:34:25,220.55,214.65,200,260.4,1200,0,600
MARUTI27Feb207000PE.NFO,07/01/2020,11:34:31,220.55,214.65,200,260.4,1400,0,600
MARUTI27Feb207000PE.NFO,07/01/2020,11:34:49,220.55,214.65,600,260.4,1200,0,600
MARUTI27Feb207000PE.NFO,07/01/2020,11:34:54,220.55,214.7,200,260.4,600,0,600
MARUTI27Feb207000PE.NFO,07/01/2020,11:35:00,220.55,214.7,600,260.4,600,0,600
MARUTI27Feb207000PE.NFO,07/01/2020,11:35:06,220.55,214.7,400,260.4,1000,0,600
MARUTI27Feb207000PE.NFO,07/01/2020,11:35:11,220.55,214.7,400,260.4,400,0,600
MARUTI27Feb207000PE.NFO,07/01/2020,11:35:16,220.55,214.7,400,260.4,600,0,600
MARUTI27Feb207000PE.NFO,07/01/2020,11:35:23,220.55,214.7,400,260.4,1200,0,600
MARUTI27Feb207000PE.NFO,07/01/2020,11:35:29,220.55,214.7,400,260.4,1000,0,600
MARUTI27Feb207000PE.NFO,07/01/2020,11:35:41,220.55,214.7,400,260.4,600,0,600
MARUTI27Feb207000PE.NFO,07/01/2020,11:35:46,220.55,214.7,400,260.25,600,0,600
MARUTI27Feb207000PE.NFO,07/01/2020,11:35:52,220.55,214.7,400,260.25,400,0,600
MARUTI27Feb207000PE.NFO,07/01/2020,11:35:58,220.55,214.7,400,260.25,1000,0,600
MARUTI27Feb207000PE.NFO,07/01/2020,11:36:04,220.55,214.7,400,260.25,1200,0,600
MARUTI27Feb207000PE.NFO,07/01/2020,11:36:09,220.55,214.7,400,260.25,1000,0,600
MARUTI27Feb207000PE.NFO,07/01/2020,11:36:15,220.55,214.7,400,260.25,1200,0,600
MARUTI27Feb207000PE.NFO,07/01/2020,11:36:20,220.55,214.7,400,260.25,800,0,600
MARUTI27Feb207000PE.NFO,07/01/2020,11:36:24,220.55,214.7,400,260.25,1200,0,600
MARUTI27Feb207000PE.NFO,07/01/2020,11:37:25,220.55,214.7,200,260.25,1200,0,600
MARUTI27Feb207000PE.NFO,07/01/2020,11:37:29,220.55,214.7,400,260.25,1200,0,600
MARUTI27Feb207000PE.NFO,07/01/2020,11:37:46,220.55,214.7,400,260.25,1000,0,600
MARUTI27Feb207000PE.NFO,07/01/2020,11:37:56,220.55,214.7,400,260.25,1200,0,600
MARUTI27Feb207000PE.NFO,07/01/2020,11:38:11,220.55,214.7,400,260.25,1000,0,600
MARUTI27Feb207000PE.NFO,07/01/2020,11:38:15,220.55,214.7,400,260.25,1200,0,600
MARUTI27Feb207000PE.NFO,07/01/2020,11:39:02,220.55,214.7,400,260.25,1000,0,600
MARUTI27Feb207000PE.NFO,07/01/2020,11:39:05,220.55,214.7,600,260.25,1000,0,600
MARUTI27Feb207000PE.NFO,07/01/2020,11:39:11,220.55,214.7,600,260.25,600,0,600
MARUTI27Feb207000PE.NFO,07/01/2020,11:39:18,220.55,214.7,600,260.25,400,0,600
MARUTI27Feb207000PE.NFO,07/01/2020,11:39:31,220.55,214.7,1200,260.25,400,0,600
MARUTI27Feb207000PE.NFO,07/01/2020,11:39:36,220.55,214.7,1000,260.25,400,0,600
MARUTI27Feb207000PE.NFO,07/01/2020,11:39:40,220.55,214.7,1200,260.25,400,0,600
MARUTI27Feb207000PE.NFO,07/01/2020,11:39:43,220.55,214.7,600,260.25,400,0,600
MARUTI27Feb207000PE.NFO,07/01/2020,11:39:49,220.55,214.75,1000,260.25,400,0,600
MARUTI27Feb207000PE.NFO,07/01/2020,11:39:56,220.55,214.8,500,260.25,400,0,600
MARUTI27Feb207000PE.NFO,07/01/2020,11:40:02,220.55,214.8,700,260.25,400,0,600
MARUTI27Feb207000PE.NFO,07/01/2020,11:40:08,220.55,214.8,700,260.25,200,0,600
MARUTI27Feb207000PE.NFO,07/01/2020,11:40:22,220.55,214.8,1100,260.25,200,0,600
MARUTI27Feb207000PE.NFO,07/01/2020,11:40:25,220.55,214.8,700,260.25,400,0,600
MARUTI27Feb207000PE.NFO,07/01/2020,11:40:30,220.55,214.8,700,260.25,200,0,600
MARUTI27Feb207000PE.NFO,07/01/2020,11:40:37,220.55,214.8,500,260.25,200,0,600
MARUTI27Feb207000PE.NFO,07/01/2020,11:40:40,220.55,214.8,700,260.25,200,0,600
MARUTI27Feb207000PE.NFO,07/01/2020,11:40:47,220.55,214.8,700,260.2,600,0,600
MARUTI27Feb207000PE.NFO,07/01/2020,11:40:53,220.55,214.8,500,260.2,200,0,600
MARUTI27Feb207000PE.NFO,07/01/2020,11:40:56,220.55,214.8,700,260.2,200,0,600
MARUTI27Feb207000PE.NFO,07/01/2020,11:40:59,220.55,214.8,700,260.2,600,0,600
MARUTI27Feb207000PE.NFO,07/01/2020,11:41:03,220.55,214.8,1300,260.2,200,0,600
MARUTI27Feb207000PE.NFO,07/01/2020,11:41:06,220.55,214.8,1500,260.2,200,0,600
MARUTI27Feb207000PE.NFO,07/01/2020,11:41:10,220.55,214.8,1300,260.2,200,0,600
MARUTI27Feb207000PE.NFO,07/01/2020,11:41:13,220.55,214.8,1500,266.5,1400,0,600
MARUTI27Feb207000PE.NFO,07/01/2020,11:41:16,220.55,215.5,1200,266.5,1400,0,600
MARUTI27Feb207000PE.NFO,07/01/2020,11:41:20,220.55,216.05,400,266.5,1400,0,600
MARUTI27Feb207000PE.NFO,07/01/2020,11:41:28,220.55,216.05,400,266.5,1600,0,600
MARUTI27Feb207000PE.NFO,07/01/2020,11:41:37,220.55,216.05,600,266.5,1600,0,600
MARUTI27Feb207000PE.NFO,07/01/2020,11:41:39,220.55,216.05,400,266.5,1600,0,600
MARUTI27Feb207000PE.NFO,07/01/2020,11:42:06,220.55,216.05,600,266.5,1600,0,600
MARUTI27Feb207000PE.NFO,07/01/2020,11:42:09,220.55,216.05,1400,266.5,1600,0,600
MARUTI27Feb207000PE.NFO,07/01/2020,11:42:18,220.55,216.3,1500,266.5,1600,0,600
MARUTI27Feb207000PE.NFO,07/01/2020,11:42:32,220.55,216.6,400,266.5,1400,0,600
MARUTI27Feb207000PE.NFO,07/01/2020,11:42:35,220.55,217.3,400,266.5,1600,0,600
MARUTI27Feb207000PE.NFO,07/01/2020,11:43:06,220.55,217.3,400,266.5,1400,0,600
MARUTI27Feb207000PE.NFO,07/01/2020,11:43:09,220.55,217.3,400,266.5,1600,0,600
MARUTI27Feb207000PE.NFO,07/01/2020,11:43:21,220.55,217.3,400,266.5,1400,0,600
MARUTI27Feb207000PE.NFO,07/01/2020,11:43:27,220.55,217.3,400,266.5,1600,0,600
MARUTI27Feb207000PE.NFO,07/01/2020,11:43:31,220.55,217.3,400,266.5,1400,0,600
MARUTI27Feb207000PE.NFO,07/01/2020,11:43:34,220.55,217.3,400,266.5,1600,0,600
MARUTI27Feb207000PE.NFO,07/01/2020,11:44:05,220.55,217.3,400,266.5,1400,0,600
MARUTI27Feb207000PE.NFO,07/01/2020,11:44:08,220.55,217.3,400,266.5,1600,0,600
MARUTI27Feb207000PE.NFO,07/01/2020,11:44:15,220.55,217.3,400,266.5,1400,0,600
MARUTI27Feb207000PE.NFO,07/01/2020,11:44:22,220.55,217.3,400,266.5,1600,0,600
MARUTI27Feb207000PE.NFO,07/01/2020,11:44:26,220.55,217.3,400,266.5,1400,0,600
MARUTI27Feb207000PE.NFO,07/01/2020,11:44:28,220.55,217.3,400,266.5,1600,0,600
MARUTI27Feb207000PE.NFO,07/01/2020,11:44:37,220.55,217.3,400,266.5,1400,0,600
MARUTI27Feb207000PE.NFO,07/01/2020,11:44:47,220.55,217.3,400,266.5,1600,0,600
MARUTI27Feb207000PE.NFO,07/01/2020,11:44:51,220.55,217.65,200,266.5,1200,0,600
MARUTI27Feb207000PE.NFO,07/01/2020,11:44:55,220.55,218.6,400,266.5,1200,0,600
MARUTI27Feb207000PE.NFO,07/01/2020,11:45:01,220.55,218.65,400,266.5,1200,0,600
MARUTI27Feb207000PE.NFO,07/01/2020,11:45:04,220.55,219.15,1200,266.5,1200,0,600
MARUTI27Feb207000PE.NFO,07/01/2020,11:45:08,220.55,219.4,600,266.5,1200,0,600
MARUTI27Feb207000PE.NFO,07/01/2020,11:45:12,220.55,220.05,1200,266.45,800,0,600
MARUTI27Feb207000PE.NFO,07/01/2020,11:45:14,220.55,220.45,400,266.45,1000,0,600
MARUTI27Feb207000PE.NFO,07/01/2020,11:45:17,220.55,220.9,400,266.45,200,0,600
MARUTI27Feb207000PE.NFO,07/01/2020,11:45:21,220.55,221.55,1000,266.45,200,0,600
MARUTI27Feb207000PE.NFO,07/01/2020,11:45:25,220.55,221.9,200,266.4,200,0,600
MARUTI27Feb207000PE.NFO,07/01/2020,11:45:28,220.55,221.9,400,266.35,1000,0,600
MARUTI27Feb207000PE.NFO,07/01/2020,11:45:32,220.55,221.9,400,266.35,600,0,600
MARUTI27Feb207000PE.NFO,07/01/2020,11:45:35,220.55,221.9,200,266.35,200,0,600
MARUTI27Feb207000PE.NFO,07/01/2020,11:45:38,220.55,221.9,400,266.25,600,0,600
MARUTI27Feb207000PE.NFO,07/01/2020,11:45:42,220.55,221.9,400,266.25,200,0,600
MARUTI27Feb207000PE.NFO,07/01/2020,11:45:45,220.55,221.9,200,266.25,200,0,600
MARUTI27Feb207000PE.NFO,07/01/2020,11:45:48,220.55,221.9,200,266.25,1000,0,600
MARUTI27Feb207000PE.NFO,07/01/2020,11:45:51,220.55,221.9,200,266.25,800,0,600
MARUTI27Feb207000PE.NFO,07/01/2020,11:45:54,220.55,221.9,200,266.25,600,0,600
MARUTI27Feb207000PE.NFO,07/01/2020,11:45:57,220.55,221.9,200,266.25,200,0,600
MARUTI27Feb207000PE.NFO,07/01/2020,11:45:59,220.55,221.9,200,266.25,800,0,600
MARUTI27Feb207000PE.NFO,07/01/2020,11:46:02,220.55,221.9,200,266.25,1000,0,600
MARUTI27Feb207000PE.NFO,07/01/2020,11:46:18,220.55,221.9,200,266.25,800,0,600
MARUTI27Feb207000PE.NFO,07/01/2020,11:46:20,220.55,221.9,200,266.25,1000,0,600
MARUTI27Feb207000PE.NFO,07/01/2020,11:46:23,220.55,221.9,200,266.25,800,0,600
MARUTI27Feb207000PE.NFO,07/01/2020,11:46:28,220.55,221.25,300,266.25,800,0,600
MARUTI27Feb207000PE.NFO,07/01/2020,11:46:30,220.55,221.25,300,266.25,1000,0,600
MARUTI27Feb207000PE.NFO,07/01/2020,11:46:35,220.55,221.25,300,266.25,1200,0,600
MARUTI27Feb207000PE.NFO,07/01/2020,11:46:39,220.55,221.25,300,266.25,1000,0,600
MARUTI27Feb207000PE.NFO,07/01/2020,11:46:44,220.55,221.25,300,266.25,1200,0,600
MARUTI27Feb207000PE.NFO,07/01/2020,11:46:49,220.55,221.25,300,266.25,1000,0,600
MARUTI27Feb207000PE.NFO,07/01/2020,11:46:51,220.55,221.25,300,266.25,1200,0,600
MARUTI27Feb207000PE.NFO,07/01/2020,11:47:07,220.55,221.25,300,266.25,1000,0,600
MARUTI27Feb207000PE.NFO,07/01/2020,11:47:09,220.55,221.25,300,266.25,400,0,600
MARUTI27Feb207000PE.NFO,07/01/2020,11:47:11,220.55,221.25,500,266.25,800,0,600
MARUTI27Feb207000PE.NFO,07/01/2020,11:47:19,220.55,221.25,300,266.25,800,0,600
MARUTI27Feb207000PE.NFO,07/01/2020,11:47:22,220.55,221.25,300,266.25,1000,0,600
MARUTI27Feb207000PE.NFO,07/01/2020,11:47:28,220.55,221.25,700,266.25,1000,0,600
MARUTI27Feb207000PE.NFO,07/01/2020,11:47:31,220.55,221.25,700,266.25,200,0,600
MARUTI27Feb207000PE.NFO,07/01/2020,11:47:41,220.55,221.25,500,266.25,200,0,600
MARUTI27Feb207000PE.NFO,07/01/2020,11:47:44,220.55,221.25,700,266.25,200,0,600
MARUTI27Feb207000PE.NFO,07/01/2020,11:48:05,220.55,221.45,600,266.25,200,0,600
MARUTI27Feb207000PE.NFO,07/01/2020,11:48:11,220.55,221.45,800,266.25,200,0,600
MARUTI27Feb207000PE.NFO,07/01/2020,11:48:16,220.55,221.65,800,266.25,200,0,600
MARUTI27Feb207000PE.NFO,07/01/2020,11:48:20,220.55,221.7,600,266.25,200,0,600
MARUTI27Feb207000PE.NFO,07/01/2020,11:48:27,220.55,221.7,800,266.25,200,0,600
MARUTI27Feb207000PE.NFO,07/01/2020,11:48:30,220.55,221.7,600,266.25,200,0,600
MARUTI27Feb207000PE.NFO,07/01/2020,11:48:34,220.55,221.75,600,266.25,200,0,600
MARUTI27Feb207000PE.NFO,07/01/2020,11:48:38,220.55,221.8,600,266.25,200,0,600
MARUTI27Feb207000PE.NFO,07/01/2020,11:48:42,220.55,222.2,600,270.7,1400,0,600
MARUTI27Feb207000PE.NFO,07/01/2020,11:48:46,220.55,222.2,800,270.7,1400,0,600
MARUTI27Feb207000PE.NFO,07/01/2020,11:48:48,220.55,222.25,800,270.7,1400,0,600
MARUTI27Feb207000PE.NFO,07/01/2020,11:48:51,220.55,222.45,600,270.7,1400,0,600
MARUTI27Feb207000PE.NFO,07/01/2020,11:48:53,220.55,222.6,600,270.7,1400,0,600
MARUTI27Feb207000PE.NFO,07/01/2020,11:48:56,220.55,222.6,600,270.7,1200,0,600
MARUTI27Feb207000PE.NFO,07/01/2020,11:49:04,220.55,222.6,600,270.7,1400,0,600
MARUTI27Feb207000PE.NFO,07/01/2020,11:49:21,220.55,222.6,600,270.7,1200,0,600
MARUTI27Feb207000PE.NFO,07/01/2020,11:49:23,220.55,223.1,400,270.7,1400,0,600
MARUTI27Feb207000PE.NFO,07/01/2020,11:49:34,220.55,223.1,400,270.7,1200,0,600
MARUTI27Feb207000PE.NFO,07/01/2020,11:49:42,220.55,223.1,400,270.7,1400,0,600
MARUTI27Feb207000PE.NFO,07/01/2020,11:49:47,220.55,223.1,200,270.7,1400,0,600
MARUTI27Feb207000PE.NFO,07/01/2020,11:49:50,220.55,223.1,400,270.7,1400,0,600
MARUTI27Feb207000PE.NFO,07/01/2020,11:49:53,220.55,223.1,200,270.7,1400,0,600
MARUTI27Feb207000PE.NFO,07/01/2020,11:49:57,220.55,223.1,400,270.7,1400,0,600
MARUTI27Feb207000PE.NFO,07/01/2020,11:50:01,220.55,223.1,200,270.7,1400,0,600
MARUTI27Feb207000PE.NFO,07/01/2020,11:50:04,220.55,223.1,400,270.7,1400,0,600
MARUTI27Feb207000PE.NFO,07/01/2020,11:50:08,220.55,223.1,200,270.7,1400,0,600
MARUTI27Feb207000PE.NFO,07/01/2020,11:50:13,220.55,223.1,600,270.7,1200,0,600
MARUTI27Feb207000PE.NFO,07/01/2020,11:50:37,220.55,223.1,600,270.7,1400,0,600
MARUTI27Feb207000PE.NFO,07/01/2020,11:50:41,220.55,223.1,400,270.7,1400,0,600
MARUTI27Feb207000PE.NFO,07/01/2020,11:50:45,220.55,223.2,800,270.7,1200,0,600
MARUTI27Feb207000PE.NFO,07/01/2020,11:50:48,220.55,223.2,600,270.7,1200,0,600
MARUTI27Feb207000PE.NFO,07/01/2020,11:50:51,220.55,223.2,600,270.7,1400,0,600
MARUTI27Feb207000PE.NFO,07/01/2020,11:51:01,220.55,223.2,400,270.7,1400,0,600
MARUTI27Feb207000PE.NFO,07/01/2020,11:51:11,220.55,223.2,200,270.7,1400,0,600
MARUTI27Feb207000PE.NFO,07/01/2020,11:51:18,220.55,223.2,400,270.7,1400,0,600
MARUTI27Feb207000PE.NFO,07/01/2020,11:51:22,220.55,223.2,200,270.7,1400,0,600
MARUTI27Feb207000PE.NFO,07/01/2020,11:51:27,220.55,223.2,400,270.7,1400,0,600
MARUTI27Feb207000PE.NFO,07/01/2020,11:51:45,220.55,223.2,200,270.7,1400,0,600
MARUTI27Feb207000PE.NFO,07/01/2020,11:51:48,220.55,223.2,400,270.7,1400,0,600
MARUTI27Feb207000PE.NFO,07/01/2020,11:52:07,220.55,223.2,200,270.7,1400,0,600
MARUTI27Feb207000PE.NFO,07/01/2020,11:52:13,220.55,223.2,400,270.7,1400,0,600
MARUTI27Feb207000PE.NFO,07/01/2020,11:52:18,220.55,223.2,200,270.7,1400,0,600
MARUTI27Feb207000PE.NFO,07/01/2020,11:52:23,220.55,223.2,400,270.7,1400,0,600
MARUTI27Feb207000PE.NFO,07/01/2020,11:52:25,220.55,223.2,200,270.7,1400,0,600
MARUTI27Feb207000PE.NFO,07/01/2020,11:52:28,220.55,223.2,400,270.7,1400,0,600
MARUTI27Feb207000PE.NFO,07/01/2020,11:52:30,220.55,223.2,200,270.7,1400,0,600
MARUTI27Feb207000PE.NFO,07/01/2020,11:52:44,220.55,223.2,400,270.7,1400,0,600
MARUTI27Feb207000PE.NFO,07/01/2020,11:52:49,220.55,223.2,200,270.7,1400,0,600
MARUTI27Feb207000PE.NFO,07/01/2020,11:52:52,220.55,223.2,400,270.7,1400,0,600
MARUTI27Feb207000PE.NFO,07/01/2020,11:53:06,220.55,223.2,200,270.7,1400,0,600
MARUTI27Feb207000PE.NFO,07/01/2020,11:53:28,220.55,223.2,400,270.7,1400,0,600
MARUTI27Feb207000PE.NFO,07/01/2020,11:53:34,220.55,223.2,200,270.7,1400,0,600
MARUTI27Feb207000PE.NFO,07/01/2020,11:53:37,220.55,223.2,400,270.7,1400,0,600
MARUTI27Feb207000PE.NFO,07/01/2020,11:53:48,220.55,223.2,200,270.7,1400,0,600
MARUTI27Feb207000PE.NFO,07/01/2020,11:53:51,220.55,223.2,400,270.7,1400,0,600
MARUTI27Feb207000PE.NFO,07/01/2020,11:53:58,220.55,223.2,200,270.7,1400,0,600
MARUTI27Feb207000PE.NFO,07/01/2020,11:54:01,220.55,223.2,400,270.7,1400,0,600
MARUTI27Feb207000PE.NFO,07/01/2020,11:54:09,220.55,223.2,200,270.7,1400,0,600
MARUTI27Feb207000PE.NFO,07/01/2020,11:54:21,220.55,223.2,400,270.7,1400,0,600
MARUTI27Feb207000PE.NFO,07/01/2020,11:54:23,220.55,223.2,200,270.7,1400,0,600
MARUTI27Feb207000PE.NFO,07/01/2020,11:54:28,220.55,223.2,400,270.7,1400,0,600
MARUTI27Feb207000PE.NFO,07/01/2020,11:54:47,220.55,223.2,200,270.7,1400,0,600
MARUTI27Feb207000PE.NFO,07/01/2020,11:54:49,220.55,223.2,400,270.7,1400,0,600
MARUTI27Feb207000PE.NFO,07/01/2020,11:54:52,220.55,223.2,200,270.7,1400,0,600
MARUTI27Feb207000PE.NFO,07/01/2020,11:54:54,220.55,223.2,400,270.7,1400,0,600
MARUTI27Feb207000PE.NFO,07/01/2020,11:55:05,220.55,223.2,200,270.7,1400,0,600
MARUTI27Feb207000PE.NFO,07/01/2020,11:55:23,220.55,223.2,400,270.7,1400,0,600
MARUTI27Feb207000PE.NFO,07/01/2020,11:55:32,220.55,223.2,200,270.7,1400,0,600
MARUTI27Feb207000PE.NFO,07/01/2020,11:55:35,220.55,223.2,400,270.7,1400,0,600
MARUTI27Feb207000PE.NFO,07/01/2020,11:55:40,220.55,223.2,200,270.7,1400,0,600
MARUTI27Feb207000PE.NFO,07/01/2020,11:55:42,220.55,223.2,400,270.7,1400,0,600
MARUTI27Feb207000PE.NFO,07/01/2020,11:55:43,220.55,223.2,200,270.7,1400,0,600
MARUTI27Feb207000PE.NFO,07/01/2020,11:55:52,220.55,223.2,400,270.7,1400,0,600
MARUTI27Feb207000PE.NFO,07/01/2020,11:55:56,220.55,223.2,200,270.7,1400,0,600
MARUTI27Feb207000PE.NFO,07/01/2020,11:56:06,220.55,223.2,400,270.7,1400,0,600
MARUTI27Feb207000PE.NFO,07/01/2020,11:56:21,220.55,223.2,200,270.7,1400,0,600
MARUTI27Feb207000PE.NFO,07/01/2020,11:56:22,220.55,223.2,400,270.7,1400,0,600
MARUTI27Feb207000PE.NFO,07/01/2020,11:56:32,220.55,223.2,200,270.7,1400,0,600
MARUTI27Feb207000PE.NFO,07/01/2020,11:56:45,220.55,223.2,400,270.7,1400,0,600
MARUTI27Feb207000PE.NFO,07/01/2020,11:56:51,220.55,223.2,200,270.7,1400,0,600
MARUTI27Feb207000PE.NFO,07/01/2020,11:56:53,220.55,223.2,400,270.7,1400,0,600
MARUTI27Feb207000PE.NFO,07/01/2020,11:58:40,220.55,223.2,200,270.7,1400,0,600
MARUTI27Feb207000PE.NFO,07/01/2020,11:58:46,220.55,223.2,400,270.7,1400,0,600
MARUTI27Feb207000PE.NFO,07/01/2020,11:59:08,220.55,223.2,600,270.7,1400,0,600
MARUTI27Feb207000PE.NFO,07/01/2020,11:59:11,220.55,223.2,400,270.7,1400,0,600
MARUTI27Feb207000PE.NFO,07/01/2020,11:59:22,220.55,223.2,600,270.7,1400,0,600
MARUTI27Feb207000PE.NFO,07/01/2020,11:59:25,220.55,223.2,400,270.7,1400,0,600
MARUTI27Feb207000PE.NFO,07/01/2020,12:00:04,220.55,223.2,600,270.7,1400,0,600
MARUTI27Feb207000PE.NFO,07/01/2020,12:00:06,220.55,223.2,400,270.7,1400,0,600
MARUTI27Feb207000PE.NFO,07/01/2020,12:00:09,220.55,223.2,600,270.7,1400,0,600
MARUTI27Feb207000PE.NFO,07/01/2020,12:00:15,220.55,223.2,800,270.7,1400,0,600
MARUTI27Feb207000PE.NFO,07/01/2020,12:00:17,220.55,223.2,400,270.7,1400,0,600
MARUTI27Feb207000PE.NFO,07/01/2020,12:00:24,220.55,223.2,600,270.7,1400,0,600
MARUTI27Feb207000PE.NFO,07/01/2020,12:00:26,220.55,223.2,400,270.7,1400,0,600
MARUTI27Feb207000PE.NFO,07/01/2020,12:00:48,220.55,223.2,200,270.7,1400,0,600
MARUTI27Feb207000PE.NFO,07/01/2020,12:00:52,220.55,223.2,400,270.7,1400,0,600
MARUTI27Feb207000PE.NFO,07/01/2020,12:01:10,220.55,223.2,200,270.7,1400,0,600
MARUTI27Feb207000PE.NFO,07/01/2020,12:01:14,220.55,223.2,200,270.7,1600,0,600
MARUTI27Feb207000PE.NFO,07/01/2020,12:01:29,220.55,201.2,800,270.7,1400,0,600
MARUTI27Feb207000PE.NFO,07/01/2020,12:01:32,220.55,203.55,400,270.7,1400,0,600
MARUTI27Feb207000PE.NFO,07/01/2020,12:01:35,220.55,205.95,1200,270.7,1600,0,600
MARUTI27Feb207000PE.NFO,07/01/2020,12:01:39,220.55,208,1000,270.7,1600,0,600
MARUTI27Feb207000PE.NFO,07/01/2020,12:01:41,220.55,210.1,1400,270.7,1600,0,600
MARUTI27Feb207000PE.NFO,07/01/2020,12:01:44,220.55,211.8,1400,270.7,1600,0,600
MARUTI27Feb207000PE.NFO,07/01/2020,12:01:46,220.55,213.95,1400,270.7,1600,0,600
MARUTI27Feb207000PE.NFO,07/01/2020,12:01:48,220.55,215.8,1600,270.7,1600,0,600
MARUTI27Feb207000PE.NFO,07/01/2020,12:01:50,220.55,217.7,1400,270.7,1600,0,600
MARUTI27Feb207000PE.NFO,07/01/2020,12:01:52,220.55,217.75,1000,270.7,1600,0,600
MARUTI27Feb207000PE.NFO,07/01/2020,12:01:54,220.55,218.1,800,270.7,1600,0,600
MARUTI27Feb207000PE.NFO,07/01/2020,12:02:04,220.55,218.15,800,270.7,1600,0,600
MARUTI27Feb207000PE.NFO,07/01/2020,12:02:07,220.55,218.15,1400,270.7,1600,0,600
MARUTI27Feb207000PE.NFO,07/01/2020,12:02:11,220.55,218.75,800,270.7,1600,0,600
MARUTI27Feb207000PE.NFO,07/01/2020,12:02:12,220.55,218.8,1300,270.7,1600,0,600
MARUTI27Feb207000PE.NFO,07/01/2020,12:02:13,220.55,218.85,1200,270.7,1600,0,600
MARUTI27Feb207000PE.NFO,07/01/2020,12:02:14,220.55,218.85,800,270.7,1600,0,600
MARUTI27Feb207000PE.NFO,07/01/2020,12:02:15,220.55,218.85,1200,270.7,1600,0,600
MARUTI27Feb207000PE.NFO,07/01/2020,12:02:16,220.55,218.9,1200,270.7,1600,0,600
MARUTI27Feb207000PE.NFO,07/01/2020,12:02:17,220.55,218.95,1000,270.7,1600,0,600
MARUTI27Feb207000PE.NFO,07/01/2020,12:02:18,220.55,219.05,1200,270.7,1600,0,600
MARUTI27Feb207000PE.NFO,07/01/2020,12:02:19,220.55,219.05,800,270.7,1600,0,600
MARUTI27Feb207000PE.NFO,07/01/2020,12:02:20,220.55,219.05,1000,270.7,1600,0,600
MARUTI27Feb207000PE.NFO,07/01/2020,12:02:21,220.55,219.05,800,270.7,1600,0,600
MARUTI27Feb207000PE.NFO,07/01/2020,12:02:22,220.55,219.1,1200,270.7,1600,0,600
MARUTI27Feb207000PE.NFO,07/01/2020,12:02:23,220.55,219.1,800,270.7,1600,0,600
MARUTI27Feb207000PE.NFO,07/01/2020,12:02:26,220.55,219.1,1000,270.7,1600,0,600
MARUTI27Feb207000PE.NFO,07/01/2020,12:02:27,220.55,219.1,800,270.7,1600,0,600
MARUTI27Feb207000PE.NFO,07/01/2020,12:02:28,220.55,219.1,1000,270.7,1600,0,600
MARUTI27Feb207000PE.NFO,07/01/2020,12:02:29,220.55,219.1,600,270.7,1600,0,600
MARUTI27Feb207000PE.NFO,07/01/2020,12:02:36,220.55,219.1,400,270.7,1600,0,600
MARUTI27Feb207000PE.NFO,07/01/2020,12:02:38,220.55,219.1,600,270.7,1600,0,600
MARUTI27Feb207000PE.NFO,07/01/2020,12:02:40,220.55,219.1,200,270.7,1600,0,600
MARUTI27Feb207000PE.NFO,07/01/2020,12:02:41,220.55,219.1,400,270.7,1600,0,600
MARUTI27Feb207000PE.NFO,07/01/2020,12:02:43,220.55,219.1,200,270.7,1600,0,600
MARUTI27Feb207000PE.NFO,07/01/2020,12:02:44,220.55,219.1,600,270.7,1600,0,600
MARUTI27Feb207000PE.NFO,07/01/2020,12:02:48,220.55,219.1,800,270.7,1600,0,600
MARUTI27Feb207000PE.NFO,07/01/2020,12:02:49,220.55,219.1,600,270.7,1600,0,600
MARUTI27Feb207000PE.NFO,07/01/2020,12:02:53,220.55,219.1,400,270.7,1600,0,600
MARUTI27Feb207000PE.NFO,07/01/2020,12:02:54,220.55,219.1,600,270.7,1600,0,600
MARUTI27Feb207000PE.NFO,07/01/2020,12:02:55,220.55,219.1,400,270.7,1600,0,600
MARUTI27Feb207000PE.NFO,07/01/2020,12:03:02,220.55,219.1,600,270.7,1600,0,600
MARUTI27Feb207000PE.NFO,07/01/2020,12:03:10,220.55,219.1,400,270.7,1600,0,600
MARUTI27Feb207000PE.NFO,07/01/2020,12:03:19,220.55,219.1,600,270.7,1600,0,600
MARUTI27Feb207000PE.NFO,07/01/2020,12:03:43,220.55,219.1,800,270.7,1600,0,600
MARUTI27Feb207000PE.NFO,07/01/2020,12:03:46,220.55,219.1,600,270.7,1600,0,600
MARUTI27Feb207000PE.NFO,07/01/2020,12:04:03,220.55,219.1,800,270.7,1600,0,600
MARUTI27Feb207000PE.NFO,07/01/2020,12:04:05,220.55,219.1,600,270.7,1600,0,600
MARUTI27Feb207000PE.NFO,07/01/2020,12:04:07,220.55,219.1,800,270.7,1600,0,600
MARUTI27Feb207000PE.NFO,07/01/2020,12:04:11,220.55,219.1,600,270.7,1600,0,600
MARUTI27Feb207000PE.NFO,07/01/2020,12:04:38,220.55,219.1,400,270.7,1600,0,600
MARUTI27Feb207000PE.NFO,07/01/2020,12:04:42,220.55,219.1,600,270.7,1600,0,600
MARUTI27Feb207000PE.NFO,07/01/2020,12:05:12,220.55,219.1,800,270.7,1600,0,600
MARUTI27Feb207000PE.NFO,07/01/2020,12:05:15,220.55,219.1,600,270.7,1600,0,600
MARUTI27Feb207000PE.NFO,07/01/2020,12:05:17,220.55,219.1,800,270.7,1600,0,600
MARUTI27Feb207000PE.NFO,07/01/2020,12:05:19,220.55,219.1,600,270.7,1600,0,600
MARUTI27Feb207000PE.NFO,07/01/2020,12:05:27,220.55,219.1,800,270.7,1600,0,600
MARUTI27Feb207000PE.NFO,07/01/2020,12:05:40,220.55,219.1,600,270.7,1600,0,600
MARUTI27Feb207000PE.NFO,07/01/2020,12:05:42,220.55,219.1,800,270.7,1600,0,600
MARUTI27Feb207000PE.NFO,07/01/2020,12:05:54,220.55,219.1,600,270.7,1600,0,600
MARUTI27Feb207000PE.NFO,07/01/2020,12:07:44,220.55,219.1,800,270.7,1600,0,600
MARUTI27Feb207000PE.NFO,07/01/2020,12:07:47,220.55,219.1,600,270.7,1600,0,600
MARUTI27Feb207000PE.NFO,07/01/2020,12:07:50,220.55,219.1,800,270.7,1600,0,600
MARUTI27Feb207000PE.NFO,07/01/2020,12:07:53,220.55,219.1,600,270.7,1600,0,600
MARUTI27Feb207000PE.NFO,07/01/2020,12:08:09,220.55,219.1,400,270.7,1600,0,600
MARUTI27Feb207000PE.NFO,07/01/2020,12:08:13,220.55,219.1,200,270.7,1600,0,600
MARUTI27Feb207000PE.NFO,07/01/2020,12:08:19,220.55,218.8,300,270.7,1600,0,600
MARUTI27Feb207000PE.NFO,07/01/2020,12:09:50,220.55,200.1,1600,270.7,1600,0,600
MARUTI27Feb207000PE.NFO,07/01/2020,12:09:53,220.55,201,1200,270.7,1600,0,600
MARUTI27Feb207000PE.NFO,07/01/2020,12:09:56,220.55,202.15,1200,270.7,1600,0,600
MARUTI27Feb207000PE.NFO,07/01/2020,12:09:58,220.55,202.9,1400,270.7,1600,0,600
MARUTI27Feb207000PE.NFO,07/01/2020,12:10:00,220.55,203.7,1400,270.7,1600,0,600
MARUTI27Feb207000PE.NFO,07/01/2020,12:10:02,220.55,204.35,1400,270.7,1600,0,600
MARUTI27Feb207000PE.NFO,07/01/2020,12:10:05,220.55,204.7,1800,270.7,1600,0,600
MARUTI27Feb207000PE.NFO,07/01/2020,12:10:06,220.55,204.85,1400,270.7,1600,0,600
MARUTI27Feb207000PE.NFO,07/01/2020,12:10:08,220.55,205.25,1800,270.7,1600,0,600
MARUTI27Feb207000PE.NFO,07/01/2020,12:10:09,220.55,205.3,1600,270.7,1600,0,600
MARUTI27Feb207000PE.NFO,07/01/2020,12:10:11,220.55,205.65,1400,270.7,1600,0,600
MARUTI27Feb207000PE.NFO,07/01/2020,12:10:12,220.55,205.85,800,270.7,1600,0,600
MARUTI27Feb207000PE.NFO,07/01/2020,12:10:13,220.55,206.15,1600,270.7,1600,0,600
MARUTI27Feb207000PE.NFO,07/01/2020,12:10:14,220.55,206.45,1000,270.7,1600,0,600
MARUTI27Feb207000PE.NFO,07/01/2020,12:10:15,220.55,206.8,1400,270.7,1600,0,600
MARUTI27Feb207000PE.NFO,07/01/2020,12:10:16,220.55,207,1600,270.7,1600,0,600
MARUTI27Feb207000PE.NFO,07/01/2020,12:10:17,220.55,207.35,1800,270.7,1600,0,600
MARUTI27Feb207000PE.NFO,07/01/2020,12:10:18,220.55,207.7,1800,270.7,1600,0,600
MARUTI27Feb207000PE.NFO,07/01/2020,12:10:19,220.55,208.2,1600,270.7,1600,0,600
MARUTI27Feb207000PE.NFO,07/01/2020,12:10:20,220.55,208.35,1800,270.7,1600,0,600
MARUTI27Feb207000PE.NFO,07/01/2020,12:10:22,220.55,208.65,1800,270.7,1600,0,600
MARUTI27Feb207000PE.NFO,07/01/2020,12:10:23,220.55,208.85,1800,270.7,1600,0,600
MARUTI27Feb207000PE.NFO,07/01/2020,12:10:24,220.55,208.9,1400,270.7,1600,0,600
MARUTI27Feb207000PE.NFO,07/01/2020,12:10:25,220.55,209.25,1000,270.7,1600,0,600
MARUTI27Feb207000PE.NFO,07/01/2020,12:10:26,220.55,209.6,1800,270.7,1600,0,600
MARUTI27Feb207000PE.NFO,07/01/2020,12:10:27,220.55,210.1,1600,270.7,1600,0,600
MARUTI27Feb207000PE.NFO,07/01/2020,12:10:28,220.55,210.45,1400,270.7,1600,0,600
MARUTI27Feb207000PE.NFO,07/01/2020,12:10:29,220.55,210.65,1200,270.7,1600,0,600
MARUTI27Feb207000PE.NFO,07/01/2020,12:10:30,220.55,211,1700,270.7,1600,0,600
MARUTI27Feb207000PE.NFO,07/01/2020,12:10:31,220.55,211.3,1400,270.7,1600,0,600
MARUTI27Feb207000PE.NFO,07/01/2020,12:10:32,220.55,211.65,1000,270.7,1600,0,600
MARUTI27Feb207000PE.NFO,07/01/2020,12:10:33,220.55,212.15,1400,270.7,1600,0,600
MARUTI27Feb207000PE.NFO,07/01/2020,12:10:34,220.55,212.5,1800,270.7,1600,0,600
MARUTI27Feb207000PE.NFO,07/01/2020,12:10:35,220.55,212.75,1400,270.7,1600,0,600
MARUTI27Feb207000PE.NFO,07/01/2020,12:10:36,220.55,213.2,1600,270.7,1600,0,600
MARUTI27Feb207000PE.NFO,07/01/2020,12:10:37,220.55,213.35,1200,270.7,1600,0,600
MARUTI27Feb207000PE.NFO,07/01/2020,12:10:38,220.55,213.65,1200,270.7,1600,0,600
MARUTI27Feb207000PE.NFO,07/01/2020,12:10:39,220.55,214.35,600,270.7,1600,0,600
MARUTI27Feb207000PE.NFO,07/01/2020,12:10:40,220.55,214.4,1300,270.7,1600,0,600
MARUTI27Feb207000PE.NFO,07/01/2020,12:10:41,220.55,214.45,1200,270.7,1600,0,600
MARUTI27Feb207000PE.NFO,07/01/2020,12:10:54,220.55,214.45,1000,270.7,1600,0,600
MARUTI27Feb207000PE.NFO,07/01/2020,12:10:55,220.55,214.45,1200,270.7,1600,0,600
MARUTI27Feb207000PE.NFO,07/01/2020,12:11:03,220.55,214.45,1000,270.7,1600,0,600
MARUTI27Feb207000PE.NFO,07/01/2020,12:11:04,220.55,214.45,1200,270.7,1600,0,600
MARUTI27Feb207000PE.NFO,07/01/2020,12:11:06,220.55,214.55,1000,270.7,1600,0,600
MARUTI27Feb207000PE.NFO,07/01/2020,12:11:07,220.55,214.6,1000,270.7,1600,0,600
MARUTI27Feb207000PE.NFO,07/01/2020,12:11:08,220.55,214.65,1000,270.7,1600,0,600
MARUTI27Feb207000PE.NFO,07/01/2020,12:11:09,220.55,214.65,600,270.7,1600,0,600
MARUTI27Feb207000PE.NFO,07/01/2020,12:11:10,220.55,214.65,800,270.7,1600,0,600
MARUTI27Feb207000PE.NFO,07/01/2020,12:11:15,220.55,214.65,1000,270.7,1600,0,600
MARUTI27Feb207000PE.NFO,07/01/2020,12:11:18,220.55,214.65,1200,270.7,1600,0,600
MARUTI27Feb207000PE.NFO,07/01/2020,12:11:22,220.55,214.65,800,270.7,1600,0,600
MARUTI27Feb207000PE.NFO,07/01/2020,12:11:23,220.55,214.65,1200,270.7,1600,0,600
MARUTI27Feb207000PE.NFO,07/01/2020,12:11:24,220.55,214.65,1000,270.7,1600,0,600
MARUTI27Feb207000PE.NFO,07/01/2020,12:11:25,220.55,214.65,600,270.7,1600,0,600
MARUTI27Feb207000PE.NFO,07/01/2020,12:11:26,220.55,214.65,1200,270.7,1600,0,600
MARUTI27Feb207000PE.NFO,07/01/2020,12:11:27,220.55,214.65,1000,270.7,1600,0,600
MARUTI27Feb207000PE.NFO,07/01/2020,12:11:28,220.55,214.65,1200,270.7,1600,0,600
MARUTI27Feb207000PE.NFO,07/01/2020,12:11:29,220.55,214.65,800,270.7,1600,0,600
MARUTI27Feb207000PE.NFO,07/01/2020,12:11:38,220.55,214.65,1000,270.7,1600,0,600
MARUTI27Feb207000PE.NFO,07/01/2020,12:11:41,220.55,214.65,800,270.7,1600,0,600
MARUTI27Feb207000PE.NFO,07/01/2020,12:11:42,220.55,214.65,1000,270.7,1600,0,600
MARUTI27Feb207000PE.NFO,07/01/2020,12:11:43,220.55,214.65,800,270.7,1600,0,600
MARUTI27Feb207000PE.NFO,07/01/2020,12:11:48,220.55,214.65,600,270.7,1600,0,600
MARUTI27Feb207000PE.NFO,07/01/2020,12:11:50,220.55,214.65,800,270.7,1600,0,600
MARUTI27Feb207000PE.NFO,07/01/2020,12:12:01,220.55,214.65,1000,270.7,1600,0,600
MARUTI27Feb207000PE.NFO,07/01/2020,12:12:02,220.55,214.65,800,270.7,1600,0,600
MARUTI27Feb207000PE.NFO,07/01/2020,12:12:04,220.55,214.65,1000,270.7,1600,0,600
MARUTI27Feb207000PE.NFO,07/01/2020,12:12:05,220.55,214.65,800,270.7,1600,0,600
MARUTI27Feb207000PE.NFO,07/01/2020,12:12:09,220.55,214.65,1000,270.7,1600,0,600
MARUTI27Feb207000PE.NFO,07/01/2020,12:12:11,220.55,214.65,1200,270.7,1600,0,600
MARUTI27Feb207000PE.NFO,07/01/2020,12:12:13,220.55,214.65,1000,270.7,1600,0,600
MARUTI27Feb207000PE.NFO,07/01/2020,12:12:15,220.55,214.65,1200,270.7,1600,0,600
MARUTI27Feb207000PE.NFO,07/01/2020,12:12:21,220.55,214.65,1000,270.7,1600,0,600
MARUTI27Feb207000PE.NFO,07/01/2020,12:12:23,220.55,214.65,800,270.7,1600,0,600
MARUTI27Feb207000PE.NFO,07/01/2020,12:12:26,220.55,214.65,1000,270.7,1600,0,600
MARUTI27Feb207000PE.NFO,07/01/2020,12:12:31,220.55,214.65,800,270.7,1600,0,600
MARUTI27Feb207000PE.NFO,07/01/2020,12:12:36,220.55,214.65,1000,270.7,1600,0,600
MARUTI27Feb207000PE.NFO,07/01/2020,12:12:39,220.55,214.65,800,270.7,1600,0,600
MARUTI27Feb207000PE.NFO,07/01/2020,12:12:42,220.55,214.65,1000,270.7,1600,0,600
MARUTI27Feb207000PE.NFO,07/01/2020,12:12:45,220.55,214.65,1200,270.7,1600,0,600
MARUTI27Feb207000PE.NFO,07/01/2020,12:12:49,220.55,214.7,1200,270.7,1600,0,600
MARUTI27Feb207000PE.NFO,07/01/2020,12:12:52,220.55,214.8,1200,270.7,1600,0,600
MARUTI27Feb207000PE.NFO,07/01/2020,12:12:54,220.55,214.8,1000,270.7,1600,0,600
MARUTI27Feb207000PE.NFO,07/01/2020,12:13:02,220.55,214.8,1200,270.7,1600,0,600
MARUTI27Feb207000PE.NFO,07/01/2020,12:13:06,220.55,214.8,800,270.7,1600,0,600
MARUTI27Feb207000PE.NFO,07/01/2020,12:13:13,220.55,214.8,600,270.7,1600,0,600
MARUTI27Feb207000PE.NFO,07/01/2020,12:13:26,220.55,214.8,800,270.7,1600,0,600
MARUTI27Feb207000PE.NFO,07/01/2020,12:13:38,220.55,214.8,600,270.7,1600,0,600
MARUTI27Feb207000PE.NFO,07/01/2020,12:13:41,220.55,214.8,800,270.7,1600,0,600
MARUTI27Feb207000PE.NFO,07/01/2020,12:13:45,220.55,214.8,400,270.7,1600,0,600
MARUTI27Feb207000PE.NFO,07/01/2020,12:13:48,220.55,214.8,600,270.7,1600,0,600
MARUTI27Feb207000PE.NFO,07/01/2020,12:13:51,220.55,214.8,400,270.7,1600,0,600
MARUTI27Feb207000PE.NFO,07/01/2020,12:13:54,220.55,229.45,100,237.5,500,0,600
MARUTI27Feb207000PE.NFO,07/01/2020,12:13:58,220.55,229.45,100,237.55,500,0,600
MARUTI27Feb207000PE.NFO,07/01/2020,12:14:03,220.55,229.45,100,238.5,500,0,600
MARUTI27Feb207000PE.NFO,07/01/2020,12:14:09,220.55,229.45,100,239.1,500,0,600
MARUTI27Feb207000PE.NFO,07/01/2020,12:15:00,220.55,229.45,100,239.3,500,0,600
MARUTI27Feb207000PE.NFO,07/01/2020,12:15:03,220.55,229.45,100,239.45,500,0,600
MARUTI27Feb207000PE.NFO,07/01/2020,12:15:09,220.55,229.45,100,239.95,500,0,600
MARUTI27Feb207000PE.NFO,07/01/2020,12:15:13,220.55,230.2,500,239.95,500,0,600
MARUTI27Feb207000PE.NFO,07/01/2020,12:15:45,220.55,229.8,500,239.95,500,0,600
MARUTI27Feb207000PE.NFO,07/01/2020,12:17:13,220.55,214.95,1300,270.7,1600,0,600
MARUTI27Feb207000PE.NFO,07/01/2020,12:17:29,220.55,214.95,900,270.7,1600,0,600
MARUTI27Feb207000PE.NFO,07/01/2020,12:17:32,220.55,214.95,1100,270.7,1600,0,600
MARUTI27Feb207000PE.NFO,07/01/2020,12:17:34,220.55,214.95,1300,270.7,1600,0,600
MARUTI27Feb207000PE.NFO,07/01/2020,12:17:42,220.55,214.95,900,270.7,1600,0,600
MARUTI27Feb207000PE.NFO,07/01/2020,12:17:47,220.55,214.95,1100,270.7,1600,0,600
MARUTI27Feb207000PE.NFO,07/01/2020,12:17:53,220.55,214.95,900,270.7,1600,0,600
MARUTI27Feb207000PE.NFO,07/01/2020,12:17:55,220.55,214.95,700,270.7,1600,0,600
MARUTI27Feb207000PE.NFO,07/01/2020,12:18:10,220.55,214.95,900,270.7,1600,0,600
MARUTI27Feb207000PE.NFO,07/01/2020,12:18:13,220.55,214.95,700,270.7,1600,0,600
MARUTI27Feb207000PE.NFO,07/01/2020,12:18:16,220.55,214.95,900,270.7,1600,0,600
MARUTI27Feb207000PE.NFO,07/01/2020,12:18:19,220.55,214.95,500,270.7,1600,0,600
MARUTI27Feb207000PE.NFO,07/01/2020,12:18:32,220.55,214.95,700,270.7,1600,0,600
MARUTI27Feb207000PE.NFO,07/01/2020,12:18:38,220.55,214.95,900,270.7,1600,0,600
MARUTI27Feb207000PE.NFO,07/01/2020,12:18:41,220.55,214.95,700,270.7,1600,0,600
MARUTI27Feb207000PE.NFO,07/01/2020,12:18:43,220.55,214.95,500,270.7,1600,0,600
MARUTI27Feb207000PE.NFO,07/01/2020,12:19:40,220.55,214.95,300,270.7,1600,0,600
MARUTI27Feb207000PE.NFO,07/01/2020,12:19:51,220.55,214.95,500,270.7,1600,0,600
MARUTI27Feb207000PE.NFO,07/01/2020,12:20:52,220.55,214.95,700,270.7,1600,0,600
MARUTI27Feb207000PE.NFO,07/01/2020,12:20:56,220.55,214.95,500,270.7,1600,0,600
MARUTI27Feb207000PE.NFO,07/01/2020,12:21:05,220.55,214.95,700,270.7,1600,0,600
MARUTI27Feb207000PE.NFO,07/01/2020,12:21:08,220.55,214.95,300,270.7,1600,0,600
MARUTI27Feb207000PE.NFO,07/01/2020,12:21:11,220.55,214.95,500,270.7,1600,0,600
MARUTI27Feb207000PE.NFO,07/01/2020,12:21:29,220.55,214.95,700,270.7,1600,0,600
MARUTI27Feb207000PE.NFO,07/01/2020,12:21:41,220.55,214.95,500,270.7,1600,0,600
MARUTI27Feb207000PE.NFO,07/01/2020,12:21:44,220.55,214.95,700,270.7,1600,0,600
MARUTI27Feb207000PE.NFO,07/01/2020,12:22:08,220.55,214.95,900,270.7,1600,0,600
MARUTI27Feb207000PE.NFO,07/01/2020,12:22:12,220.55,214.95,700,270.7,1600,0,600
MARUTI27Feb207000PE.NFO,07/01/2020,12:22:16,220.55,214.95,900,270.7,1600,0,600
MARUTI27Feb207000PE.NFO,07/01/2020,12:22:22,220.55,214.95,700,270.7,1600,0,600
MARUTI27Feb207000PE.NFO,07/01/2020,12:22:25,220.55,214.95,900,270.7,1600,0,600
MARUTI27Feb207000PE.NFO,07/01/2020,12:22:35,220.55,214.95,700,270.7,1600,0,600
MARUTI27Feb207000PE.NFO,07/01/2020,12:22:40,220.55,214.95,900,270.7,1600,0,600
MARUTI27Feb207000PE.NFO,07/01/2020,12:22:51,220.55,214.95,1100,270.7,1600,0,600
MARUTI27Feb207000PE.NFO,07/01/2020,12:22:55,220.55,214.95,900,270.7,1600,0,600
MARUTI27Feb207000PE.NFO,07/01/2020,12:22:59,220.55,214.95,1300,270.7,1600,0,600
MARUTI27Feb207000PE.NFO,07/01/2020,12:23:21,220.55,214.95,700,270.7,1600,0,600
MARUTI27Feb207000PE.NFO,07/01/2020,12:23:26,220.55,214.95,900,270.7,1600,0,600
MARUTI27Feb207000PE.NFO,07/01/2020,12:23:32,220.55,214.95,1100,270.7,1600,0,600
MARUTI27Feb207000PE.NFO,07/01/2020,12:23:36,220.55,214.95,900,270.7,1600,0,600
MARUTI27Feb207000PE.NFO,07/01/2020,12:23:41,220.55,214.95,1100,270.7,1600,0,600
MARUTI27Feb207000PE.NFO,07/01/2020,12:23:44,220.55,214.95,700,270.7,1600,0,600
MARUTI27Feb207000PE.NFO,07/01/2020,12:23:47,220.55,214.95,1100,270.7,1600,0,600
MARUTI27Feb207000PE.NFO,07/01/2020,12:23:49,220.55,214.95,1300,270.7,1600,0,600
MARUTI27Feb207000PE.NFO,07/01/2020,12:23:55,220.55,214.95,900,270.7,1600,0,600
MARUTI27Feb207000PE.NFO,07/01/2020,12:23:57,220.55,214.95,1300,270.7,1600,0,600
MARUTI27Feb207000PE.NFO,07/01/2020,12:24:00,220.55,214.95,1100,270.7,1600,0,600
MARUTI27Feb207000PE.NFO,07/01/2020,12:24:05,220.55,214.95,1300,270.7,1600,0,600
MARUTI27Feb207000PE.NFO,07/01/2020,12:24:07,220.55,214.95,900,270.7,1600,0,600
MARUTI27Feb207000PE.NFO,07/01/2020,12:24:27,220.55,215,1200,270.7,1600,0,600
MARUTI27Feb207000PE.NFO,07/01/2020,12:24:31,220.55,215,1000,270.7,1600,0,600
MARUTI27Feb207000PE.NFO,07/01/2020,12:24:34,220.55,215,1200,270.7,1600,0,600
MARUTI27Feb207000PE.NFO,07/01/2020,12:24:37,220.55,215,1000,270.7,1600,0,600
MARUTI27Feb207000PE.NFO,07/01/2020,12:24:40,220.55,215,1200,270.7,1600,0,600
MARUTI27Feb207000PE.NFO,07/01/2020,12:25:54,220.55,215,400,270.7,1600,0,600
MARUTI27Feb207000PE.NFO,07/01/2020,12:25:58,220.55,215,600,270.7,1600,0,600
MARUTI27Feb207000PE.NFO,07/01/2020,12:26:01,220.55,215,1000,270.7,1600,0,600
MARUTI27Feb207000PE.NFO,07/01/2020,12:26:05,220.55,215,800,270.7,1600,0,600
MARUTI27Feb207000PE.NFO,07/01/2020,12:26:22,220.55,215,1000,270.7,1600,0,600
MARUTI27Feb207000PE.NFO,07/01/2020,12:26:28,220.55,215,1200,270.7,1600,0,600
MARUTI27Feb207000PE.NFO,07/01/2020,12:26:33,220.55,215.2,1200,270.7,1600,0,600
MARUTI27Feb207000PE.NFO,07/01/2020,12:26:37,220.55,215.25,1200,270.7,1600,0,600
MARUTI27Feb207000PE.NFO,07/01/2020,12:26:40,220.55,215.25,800,270.7,1600,0,600
MARUTI27Feb207000PE.NFO,07/01/2020,12:26:50,220.55,215.25,1000,270.7,1600,0,600
MARUTI27Feb207000PE.NFO,07/01/2020,12:26:57,220.55,215.3,1000,270.7,1600,0,600
MARUTI27Feb207000PE.NFO,07/01/2020,12:27:05,220.55,215.65,600,270.7,1600,0,600
MARUTI27Feb207000PE.NFO,07/01/2020,12:27:09,220.55,215.75,1200,270.7,1600,0,600
MARUTI27Feb207000PE.NFO,07/01/2020,12:27:12,220.55,215.75,600,270.7,1600,0,600
MARUTI27Feb207000PE.NFO,07/01/2020,12:27:22,220.55,215.75,800,270.7,1600,0,600
MARUTI27Feb207000PE.NFO,07/01/2020,12:27:26,220.55,215.75,600,270.7,1600,0,600
MARUTI27Feb207000PE.NFO,07/01/2020,12:27:29,220.55,215.75,800,270.7,1600,0,600
MARUTI27Feb207000PE.NFO,07/01/2020,12:27:32,220.55,215.75,600,270.7,1600,0,600
MARUTI27Feb207000PE.NFO,07/01/2020,12:27:36,220.55,215.75,800,270.7,1600,0,600
MARUTI27Feb207000PE.NFO,07/01/2020,12:27:43,220.55,215.75,600,270.7,1600,0,600
MARUTI27Feb207000PE.NFO,07/01/2020,12:27:45,220.55,215.75,800,270.7,1600,0,600
MARUTI27Feb207000PE.NFO,07/01/2020,12:28:04,220.55,215.9,1200,270.7,1600,0,600
MARUTI27Feb207000PE.NFO,07/01/2020,12:28:06,220.55,215.9,800,270.7,1600,0,600
MARUTI27Feb207000PE.NFO,07/01/2020,12:28:09,220.55,216.9,1200,270.7,1600,0,600
MARUTI27Feb207000PE.NFO,07/01/2020,12:28:12,220.55,216.9,800,270.7,1600,0,600
MARUTI27Feb207000PE.NFO,07/01/2020,12:28:18,220.55,216.9,600,270.7,1600,0,600
MARUTI27Feb207000PE.NFO,07/01/2020,12:28:31,220.55,216.9,800,270.7,1600,0,600
MARUTI27Feb207000PE.NFO,07/01/2020,12:28:35,220.55,216.9,600,270.7,1600,0,600
MARUTI27Feb207000PE.NFO,07/01/2020,12:28:48,220.55,216.9,800,270.7,1600,0,600
MARUTI27Feb207000PE.NFO,07/01/2020,12:28:51,220.55,216.9,600,270.7,1600,0,600
MARUTI27Feb207000PE.NFO,07/01/2020,12:28:55,220.55,216.9,1000,270.7,1600,0,600
MARUTI27Feb207000PE.NFO,07/01/2020,12:29:01,220.55,217.4,800,270.7,1600,0,600
MARUTI27Feb207000PE.NFO,07/01/2020,12:29:07,220.55,217.45,800,270.7,1600,0,600
MARUTI27Feb207000PE.NFO,07/01/2020,12:29:25,220.55,218.15,900,270.7,1600,0,600
MARUTI27Feb207000PE.NFO,07/01/2020,12:29:36,220.55,218.15,700,270.7,1600,0,600
MARUTI27Feb207000PE.NFO,07/01/2020,12:29:49,220.55,218.15,500,270.7,1600,0,600
MARUTI27Feb207000PE.NFO,07/01/2020,12:29:54,220.55,218.15,700,270.7,1600,0,600
MARUTI27Feb207000PE.NFO,07/01/2020,12:30:08,220.55,218.5,600,270.7,1600,0,600
MARUTI27Feb207000PE.NFO,07/01/2020,12:30:14,220.55,218.55,400,270.7,1600,0,600
MARUTI27Feb207000PE.NFO,07/01/2020,12:30:20,220.55,218.55,600,270.7,1600,0,600
MARUTI27Feb207000PE.NFO,07/01/2020,12:30:25,220.55,218.55,400,270.7,1600,0,600
MARUTI27Feb207000PE.NFO,07/01/2020,12:30:30,220.55,218.55,600,270.7,1600,0,600
MARUTI27Feb207000PE.NFO,07/01/2020,12:30:35,220.55,218.55,800,270.7,1600,0,600
MARUTI27Feb207000PE.NFO,07/01/2020,12:30:43,220.55,218.55,400,270.7,1600,0,600
MARUTI27Feb207000PE.NFO,07/01/2020,12:30:51,220.55,218.55,600,270.7,1600,0,600
MARUTI27Feb207000PE.NFO,07/01/2020,12:31:01,220.55,218.75,600,270.7,1600,0,600
MARUTI27Feb207000PE.NFO,07/01/2020,12:31:05,220.55,218.85,800,270.7,1600,0,600
MARUTI27Feb207000PE.NFO,07/01/2020,12:31:09,220.55,218.9,800,270.7,1600,0,600
MARUTI27Feb207000PE.NFO,07/01/2020,12:31:20,220.55,219,800,270.7,1600,0,600
MARUTI27Feb207000PE.NFO,07/01/2020,12:31:28,220.55,219,400,270.7,1600,0,600
MARUTI27Feb207000PE.NFO,07/01/2020,12:31:36,220.55,219,200,270.7,1600,0,600
MARUTI27Feb207000PE.NFO,07/01/2020,12:31:57,220.55,219,400,270.7,1600,0,600
MARUTI27Feb207000PE.NFO,07/01/2020,12:32:01,220.55,219,600,270.7,1600,0,600
MARUTI27Feb207000PE.NFO,07/01/2020,12:32:06,220.55,219,200,270.7,1600,0,600
MARUTI27Feb207000PE.NFO,07/01/2020,12:32:10,220.55,219,600,270.7,1600,0,600
MARUTI27Feb207000PE.NFO,07/01/2020,12:32:17,220.55,219,400,270.7,1600,0,600
MARUTI27Feb207000PE.NFO,07/01/2020,12:32:20,220.55,219,200,270.7,1600,0,600
MARUTI27Feb207000PE.NFO,07/01/2020,12:32:38,220.55,219,600,270.7,1600,0,600
MARUTI27Feb207000PE.NFO,07/01/2020,12:32:43,220.55,219,200,270.7,1600,0,600
MARUTI27Feb207000PE.NFO,07/01/2020,12:32:52,220.55,219,400,270.7,1600,0,600
MARUTI27Feb207000PE.NFO,07/01/2020,12:32:59,220.55,219,200,270.7,1600,0,600
MARUTI27Feb207000PE.NFO,07/01/2020,12:33:17,220.55,219,400,270.7,1600,0,600
MARUTI27Feb207000PE.NFO,07/01/2020,12:33:33,220.55,219,200,270.7,1600,0,600
MARUTI27Feb207000PE.NFO,07/01/2020,12:33:59,220.55,219,600,270.7,1600,0,600
MARUTI27Feb207000PE.NFO,07/01/2020,12:34:04,220.55,219,200,270.7,1600,0,600
MARUTI27Feb207000PE.NFO,07/01/2020,12:38:56,220.55,218.15,300,270.7,1600,0,600
MARUTI27Feb207000PE.NFO,07/01/2020,12:39:57,220.55,218.2,300,270.7,1600,0,600
MARUTI27Feb207000PE.NFO,07/01/2020,12:40:57,220.55,200.75,1600,270.7,1600,0,600
MARUTI27Feb207000PE.NFO,07/01/2020,12:41:01,220.55,202.4,1200,270.7,1600,0,600
MARUTI27Feb207000PE.NFO,07/01/2020,12:41:06,220.55,204.2,200,270.7,1600,0,600
MARUTI27Feb207000PE.NFO,07/01/2020,12:41:09,220.55,206,200,270.7,1600,0,600
MARUTI27Feb207000PE.NFO,07/01/2020,12:41:13,220.55,207.45,1600,270.7,1600,0,600
MARUTI27Feb207000PE.NFO,07/01/2020,12:41:14,220.55,208,1200,270.7,1600,0,600
MARUTI27Feb207000PE.NFO,07/01/2020,12:41:15,220.55,208.55,800,270.7,1600,0,600
MARUTI27Feb207000PE.NFO,07/01/2020,12:41:16,220.55,208.9,1600,270.7,1600,0,600
MARUTI27Feb207000PE.NFO,07/01/2020,12:41:17,220.55,209.1,400,270.7,1600,0,600
MARUTI27Feb207000PE.NFO,07/01/2020,12:41:18,220.55,209.8,1400,270.7,1600,0,600
MARUTI27Feb207000PE.NFO,07/01/2020,12:41:18,220.55,210.25,400,270.7,1600,0,600
MARUTI27Feb207000PE.NFO,07/01/2020,12:41:20,220.55,210.9,1000,270.7,1600,0,600
MARUTI27Feb207000PE.NFO,07/01/2020,12:41:21,220.55,211.7,1000,270.7,1600,0,600
MARUTI27Feb207000PE.NFO,07/01/2020,12:41:22,220.55,211.95,1100,270.7,1600,0,600
MARUTI27Feb207000PE.NFO,07/01/2020,12:41:23,220.55,211.95,1300,270.7,1600,0,600
MARUTI27Feb207000PE.NFO,07/01/2020,12:41:24,220.55,211.95,1500,270.7,1600,0,600
MARUTI27Feb207000PE.NFO,07/01/2020,12:41:26,220.55,211.95,1300,270.7,1600,0,600
MARUTI27Feb207000PE.NFO,07/01/2020,12:41:26,220.55,211.95,1500,270.7,1600,0,600
MARUTI27Feb207000PE.NFO,07/01/2020,12:41:31,220.55,212.05,1000,270.7,1600,0,600
MARUTI27Feb207000PE.NFO,07/01/2020,12:41:32,220.55,212.35,1200,270.7,1600,0,600
MARUTI27Feb207000PE.NFO,07/01/2020,12:41:36,220.55,212.35,1000,270.7,1600,0,600
MARUTI27Feb207000PE.NFO,07/01/2020,12:41:37,220.55,212.35,1200,270.7,1600,0,600
MARUTI27Feb207000PE.NFO,07/01/2020,12:41:40,220.55,212.35,1000,270.7,1600,0,600
MARUTI27Feb207000PE.NFO,07/01/2020,12:41:41,220.55,212.35,1200,270.7,1600,0,600
MARUTI27Feb207000PE.NFO,07/01/2020,12:41:57,220.55,212.35,1000,270.7,1600,0,600
MARUTI27Feb207000PE.NFO,07/01/2020,12:41:58,220.55,212.35,1200,270.7,1600,0,600
MARUTI27Feb207000PE.NFO,07/01/2020,12:42:02,220.55,212.45,1200,270.7,1600,0,600
MARUTI27Feb207000PE.NFO,07/01/2020,12:42:07,220.55,212.5,1200,270.7,1600,0,600
MARUTI27Feb207000PE.NFO,07/01/2020,12:42:07,220.55,212.55,800,270.7,1600,0,600
MARUTI27Feb207000PE.NFO,07/01/2020,12:42:09,220.55,212.55,1200,270.7,1600,0,600
MARUTI27Feb207000PE.NFO,07/01/2020,12:42:30,220.55,212.6,1000,270.7,1600,0,600
MARUTI27Feb207000PE.NFO,07/01/2020,12:42:31,220.55,212.8,1400,270.7,1600,0,600
MARUTI27Feb207000PE.NFO,07/01/2020,12:42:32,220.55,212.85,1000,270.7,1600,0,600
MARUTI27Feb207000PE.NFO,07/01/2020,12:42:33,220.55,212.85,1200,270.7,1600,0,600
MARUTI27Feb207000PE.NFO,07/01/2020,12:42:34,220.55,212.9,1200,270.7,1600,0,600
MARUTI27Feb207000PE.NFO,07/01/2020,12:42:34,220.55,212.9,1400,270.7,1600,0,600
MARUTI27Feb207000PE.NFO,07/01/2020,12:42:35,220.55,212.9,1200,270.7,1600,0,600
MARUTI27Feb207000PE.NFO,07/01/2020,12:42:38,220.55,212.9,1400,270.7,1600,0,600
MARUTI27Feb207000PE.NFO,07/01/2020,12:42:39,220.55,212.9,1200,270.7,1600,0,600
MARUTI27Feb207000PE.NFO,07/01/2020,12:42:41,220.55,212.9,1000,270.7,1600,0,600
MARUTI27Feb207000PE.NFO,07/01/2020,12:42:43,220.55,212.9,1200,270.7,1600,0,600
MARUTI27Feb207000PE.NFO,07/01/2020,12:43:01,220.55,213.05,1000,270.7,1600,0,600
MARUTI27Feb207000PE.NFO,07/01/2020,12:43:01,220.55,213.2,1000,270.7,1600,0,600
MARUTI27Feb207000PE.NFO,07/01/2020,12:43:02,220.55,213.5,1200,270.7,1600,0,600
MARUTI27Feb207000PE.NFO,07/01/2020,12:43:03,220.55,213.75,1200,270.7,1600,0,600
MARUTI27Feb207000PE.NFO,07/01/2020,12:43:11,220.55,213.75,1000,270.7,1600,0,600
MARUTI27Feb207000PE.NFO,07/01/2020,12:43:11,220.55,213.75,1200,270.7,1600,0,600
MARUTI27Feb207000PE.NFO,07/01/2020,12:43:24,220.55,213.75,1000,270.7,1600,0,600
MARUTI27Feb207000PE.NFO,07/01/2020,12:43:28,220.55,213.75,800,270.7,1600,0,600
MARUTI27Feb207000PE.NFO,07/01/2020,12:43:30,220.55,213.8,800,270.7,1600,0,600
MARUTI27Feb207000PE.NFO,07/01/2020,12:43:45,220.55,213.8,1000,270.7,1600,0,600
MARUTI27Feb207000PE.NFO,07/01/2020,12:43:49,220.55,213.8,1200,270.7,1600,0,600
MARUTI27Feb207000PE.NFO,07/01/2020,12:44:01,220.55,213.8,800,270.7,1600,0,600
MARUTI27Feb207000PE.NFO,07/01/2020,12:44:03,220.55,213.8,1000,270.7,1600,0,600
MARUTI27Feb207000PE.NFO,07/01/2020,12:44:07,220.55,213.8,800,270.7,1600,0,600
MARUTI27Feb207000PE.NFO,07/01/2020,12:44:10,220.55,213.8,600,270.7,1600,0,600
MARUTI27Feb207000PE.NFO,07/01/2020,12:44:13,220.55,213.8,1000,270.7,1600,0,600
MARUTI27Feb207000PE.NFO,07/01/2020,12:44:16,220.55,213.8,800,270.7,1600,0,600
MARUTI27Feb207000PE.NFO,07/01/2020,12:44:20,220.55,213.8,600,270.7,1600,0,600
MARUTI27Feb207000PE.NFO,07/01/2020,12:44:24,220.55,213.8,1000,270.7,1600,0,600
MARUTI27Feb207000PE.NFO,07/01/2020,12:44:32,220.55,213.8,800,270.7,1600,0,600
MARUTI27Feb207000PE.NFO,07/01/2020,12:44:35,220.55,213.8,1200,270.7,1600,0,600
MARUTI27Feb207000PE.NFO,07/01/2020,12:44:41,220.55,213.8,1000,270.7,1600,0,600
MARUTI27Feb207000PE.NFO,07/01/2020,12:44:45,220.55,213.8,1200,270.7,1600,0,600
MARUTI27Feb207000PE.NFO,07/01/2020,12:44:50,220.55,213.8,1000,270.7,1600,0,600
MARUTI27Feb207000PE.NFO,07/01/2020,12:44:56,220.55,213.8,1200,270.7,1600,0,600
MARUTI27Feb207000PE.NFO,07/01/2020,12:45:02,220.55,213.8,1000,270.7,1600,0,600
MARUTI27Feb207000PE.NFO,07/01/2020,12:45:05,220.55,213.8,1200,270.7,1600,0,600
MARUTI27Feb207000PE.NFO,07/01/2020,12:45:08,220.55,213.8,1000,270.7,1600,0,600
MARUTI27Feb207000PE.NFO,07/01/2020,12:45:10,220.55,213.85,1200,270.7,1600,0,600
MARUTI27Feb207000PE.NFO,07/01/2020,12:45:13,220.55,213.85,1000,270.7,1600,0,600
MARUTI27Feb207000PE.NFO,07/01/2020,12:45:15,220.55,213.85,1200,270.7,1600,0,600
MARUTI27Feb207000PE.NFO,07/01/2020,12:45:17,220.55,213.85,1000,270.7,1600,0,600
MARUTI27Feb207000PE.NFO,07/01/2020,12:45:19,220.55,213.85,1200,270.7,1600,0,600
MARUTI27Feb207000PE.NFO,07/01/2020,12:45:21,220.55,213.85,1000,270.7,1600,0,600
MARUTI27Feb207000PE.NFO,07/01/2020,12:45:24,220.55,213.85,800,270.7,1600,0,600
MARUTI27Feb207000PE.NFO,07/01/2020,12:45:26,220.55,213.85,1000,270.7,1600,0,600
MARUTI27Feb207000PE.NFO,07/01/2020,12:45:29,220.55,213.85,800,270.7,1600,0,600
MARUTI27Feb207000PE.NFO,07/01/2020,12:45:31,220.55,213.85,1000,270.7,1600,0,600
MARUTI27Feb207000PE.NFO,07/01/2020,12:45:36,220.55,213.85,400,270.7,1600,0,600
MARUTI27Feb207000PE.NFO,07/01/2020,12:45:38,220.55,213.85,800,270.7,1600,0,600
MARUTI27Feb207000PE.NFO,07/01/2020,12:45:39,220.55,213.85,1000,270.7,1600,0,600
MARUTI27Feb207000PE.NFO,07/01/2020,12:45:44,220.55,213.85,800,270.7,1600,0,600
MARUTI27Feb207000PE.NFO,07/01/2020,12:45:47,220.55,213.85,600,270.7,1600,0,600
MARUTI27Feb207000PE.NFO,07/01/2020,12:45:52,220.55,213.85,1000,270.7,1600,0,600
MARUTI27Feb207000PE.NFO,07/01/2020,12:46:03,220.55,213.85,800,270.7,1600,0,600
MARUTI27Feb207000PE.NFO,07/01/2020,12:46:07,220.55,213.85,600,270.7,1600,0,600
MARUTI27Feb207000PE.NFO,07/01/2020,12:46:10,220.55,213.85,1000,270.7,1600,0,600
MARUTI27Feb207000PE.NFO,07/01/2020,12:46:24,220.55,213.85,800,270.7,1600,0,600
MARUTI27Feb207000PE.NFO,07/01/2020,12:46:29,220.55,213.85,600,270.7,1600,0,600
MARUTI27Feb207000PE.NFO,07/01/2020,12:46:33,220.55,213.85,400,270.7,1600,0,600
MARUTI27Feb207000PE.NFO,07/01/2020,12:46:36,220.55,213.85,600,270.7,1600,0,600
MARUTI27Feb207000PE.NFO,07/01/2020,12:47:23,220.55,213.85,400,270.7,1600,0,600
MARUTI27Feb207000PE.NFO,07/01/2020,12:47:27,220.55,213.85,600,270.7,1600,0,600
MARUTI27Feb207000PE.NFO,07/01/2020,12:47:42,220.55,213.85,800,270.7,1600,0,600
MARUTI27Feb207000PE.NFO,07/01/2020,12:47:45,220.55,213.85,600,270.7,1600,0,600
MARUTI27Feb207000PE.NFO,07/01/2020,12:48:02,220.55,213.85,800,270.7,1600,0,600
MARUTI27Feb207000PE.NFO,07/01/2020,12:48:08,220.55,213.85,600,270.7,1600,0,600
MARUTI27Feb207000PE.NFO,07/01/2020,12:48:13,220.55,213.85,200,270.7,1600,0,600
MARUTI27Feb207000PE.NFO,07/01/2020,12:48:20,220.55,213.85,400,270.7,1600,0,600
MARUTI27Feb207000PE.NFO,07/01/2020,12:48:31,220.55,213.85,200,270.7,1600,0,600
MARUTI27Feb207000PE.NFO,07/01/2020,12:49:13,220.55,213.85,400,270.7,1600,0,600
MARUTI27Feb207000PE.NFO,07/01/2020,12:49:32,220.55,213.85,200,270.7,1600,0,600
MARUTI27Feb207000PE.NFO,07/01/2020,12:49:35,220.55,213.85,400,270.7,1600,0,600
MARUTI27Feb207000PE.NFO,07/01/2020,12:49:41,220.55,213.85,600,270.7,1600,0,600
MARUTI27Feb207000PE.NFO,07/01/2020,12:49:44,220.55,213.85,400,270.7,1600,0,600
MARUTI27Feb207000PE.NFO,07/01/2020,12:49:53,220.55,213.85,200,270.7,1600,0,600
MARUTI27Feb207000PE.NFO,07/01/2020,12:49:56,220.55,213.85,400,270.7,1600,0,600
MARUTI27Feb207000PE.NFO,07/01/2020,12:50:06,220.55,213.85,600,270.7,1600,0,600
MARUTI27Feb207000PE.NFO,07/01/2020,12:50:33,220.55,213.85,400,270.7,1600,0,600
MARUTI27Feb207000PE.NFO,07/01/2020,12:50:42,220.55,213.85,200,270.7,1600,0,600
MARUTI27Feb207000PE.NFO,07/01/2020,12:50:51,220.55,213.85,400,270.7,1600,0,600
MARUTI27Feb207000PE.NFO,07/01/2020,12:50:57,220.55,213.85,600,270.7,1600,0,600
MARUTI27Feb207000PE.NFO,07/01/2020,12:51:02,220.55,213.85,400,270.7,1600,0,600
MARUTI27Feb207000PE.NFO,07/01/2020,12:51:06,220.55,213.85,600,270.7,1600,0,600
MARUTI27Feb207000PE.NFO,07/01/2020,12:51:09,220.55,213.85,400,270.7,1600,0,600
MARUTI27Feb207000PE.NFO,07/01/2020,12:51:18,220.55,213.85,600,270.7,1600,0,600
MARUTI27Feb207000PE.NFO,07/01/2020,12:51:28,220.55,213.85,400,270.7,1600,0,600
MARUTI27Feb207000PE.NFO,07/01/2020,12:51:32,220.55,213.85,600,270.7,1600,0,600
MARUTI27Feb207000PE.NFO,07/01/2020,12:51:35,220.55,213.85,400,270.7,1600,0,600
MARUTI27Feb207000PE.NFO,07/01/2020,12:51:59,220.55,213.85,200,270.7,1600,0,600
MARUTI27Feb207000PE.NFO,07/01/2020,12:52:02,220.55,213.85,600,270.7,1600,0,600
MARUTI27Feb207000PE.NFO,07/01/2020,12:52:19,220.55,213.85,400,270.7,1600,0,600
MARUTI27Feb207000PE.NFO,07/01/2020,12:52:22,220.55,213.85,600,270.7,1600,0,600
MARUTI27Feb207000PE.NFO,07/01/2020,12:52:31,220.55,213.85,400,270.7,1600,0,600
MARUTI27Feb207000PE.NFO,07/01/2020,12:52:33,220.55,213.85,600,270.7,1600,0,600
MARUTI27Feb207000PE.NFO,07/01/2020,12:52:39,220.55,213.85,400,270.7,1600,0,600
MARUTI27Feb207000PE.NFO,07/01/2020,12:52:42,220.55,213.85,600,270.7,1600,0,600
MARUTI27Feb207000PE.NFO,07/01/2020,12:53:04,220.55,213.85,400,270.7,1600,0,600
MARUTI27Feb207000PE.NFO,07/01/2020,12:53:07,220.55,213.85,600,270.7,1600,0,600
MARUTI27Feb207000PE.NFO,07/01/2020,12:53:13,220.55,213.85,800,270.7,1600,0,600
MARUTI27Feb207000PE.NFO,07/01/2020,12:53:31,220.55,213.85,600,270.7,1600,0,600
MARUTI27Feb207000PE.NFO,07/01/2020,12:54:06,220.55,213.85,400,270.7,1600,0,600
MARUTI27Feb207000PE.NFO,07/01/2020,12:54:10,220.55,213.85,600,270.7,1600,0,600
MARUTI27Feb207000PE.NFO,07/01/2020,12:54:29,220.55,213.85,800,270.7,1600,0,600
MARUTI27Feb207000PE.NFO,07/01/2020,12:54:33,220.55,213.85,600,270.7,1600,0,600
MARUTI27Feb207000PE.NFO,07/01/2020,12:54:38,220.55,213.85,800,270.7,1600,0,600
MARUTI27Feb207000PE.NFO,07/01/2020,12:54:44,220.55,213.85,600,270.7,1600,0,600
MARUTI27Feb207000PE.NFO,07/01/2020,12:54:52,220.55,213.85,400,270.7,1600,0,600
MARUTI27Feb207000PE.NFO,07/01/2020,12:54:56,220.55,213.85,600,270.7,1600,0,600
MARUTI27Feb207000PE.NFO,07/01/2020,12:55:15,220.55,213.85,400,270.7,1600,0,600
MARUTI27Feb207000PE.NFO,07/01/2020,12:55:18,220.55,213.85,600,270.7,1600,0,600
MARUTI27Feb207000PE.NFO,07/01/2020,12:55:27,220.55,213.85,400,270.7,1600,0,600
MARUTI27Feb207000PE.NFO,07/01/2020,12:55:30,220.55,213.85,600,270.7,1600,0,600
MARUTI27Feb207000PE.NFO,07/01/2020,12:55:34,220.55,213.85,400,270.7,1600,0,600
MARUTI27Feb207000PE.NFO,07/01/2020,12:55:38,220.55,213.85,600,270.7,1600,0,600
MARUTI27Feb207000PE.NFO,07/01/2020,12:55:44,220.55,213.85,400,270.7,1600,0,600
MARUTI27Feb207000PE.NFO,07/01/2020,12:55:47,220.55,213.85,600,270.7,1600,0,600
MARUTI27Feb207000PE.NFO,07/01/2020,12:55:55,220.55,213.85,400,270.7,1600,0,600
MARUTI27Feb207000PE.NFO,07/01/2020,12:56:23,220.55,213.85,600,270.7,1600,0,600
MARUTI27Feb207000PE.NFO,07/01/2020,12:56:34,220.55,213.85,400,270.7,1600,0,600
MARUTI27Feb207000PE.NFO,07/01/2020,12:56:40,220.55,213.85,600,270.7,1600,0,600
MARUTI27Feb207000PE.NFO,07/01/2020,12:56:46,220.55,213.85,200,270.7,1600,0,600
MARUTI27Feb207000PE.NFO,07/01/2020,12:56:49,220.55,213.85,400,270.7,1600,0,600
MARUTI27Feb207000PE.NFO,07/01/2020,12:56:58,220.55,213.85,600,270.7,1600,0,600
MARUTI27Feb207000PE.NFO,07/01/2020,12:57:05,220.55,213.85,400,270.7,1600,0,600
MARUTI27Feb207000PE.NFO,07/01/2020,12:57:08,220.55,213.85,600,270.7,1600,0,600
MARUTI27Feb207000PE.NFO,07/01/2020,12:57:14,220.55,213.85,400,270.7,1600,0,600
MARUTI27Feb207000PE.NFO,07/01/2020,12:57:25,220.55,213.85,600,270.7,1600,0,600
MARUTI27Feb207000PE.NFO,07/01/2020,12:57:38,220.55,213.85,400,270.7,1600,0,600
MARUTI27Feb207000PE.NFO,07/01/2020,12:57:43,220.55,213.85,600,270.7,1600,0,600
MARUTI27Feb207000PE.NFO,07/01/2020,12:57:58,220.55,215,300,270.7,1600,0,600
MARUTI27Feb207000PE.NFO,07/01/2020,12:58:02,220.55,216.05,300,270.7,1600,0,600
MARUTI27Feb207000PE.NFO,07/01/2020,12:58:06,220.55,218.05,100,270.7,1600,0,600
MARUTI27Feb207000PE.NFO,07/01/2020,12:58:12,220.55,213.9,700,270.7,1600,0,600
MARUTI27Feb207000PE.NFO,07/01/2020,13:00:06,220.55,213.9,900,270.7,1600,0,600
MARUTI27Feb207000PE.NFO,07/01/2020,13:00:13,220.55,213.9,1100,270.7,1600,0,600
MARUTI27Feb207000PE.NFO,07/01/2020,13:00:20,220.55,213.9,900,270.7,1600,0,600
MARUTI27Feb207000PE.NFO,07/01/2020,13:00:48,220.55,213.9,700,270.7,1600,0,600
MARUTI27Feb207000PE.NFO,07/01/2020,13:00:59,220.55,213.9,900,270.7,1600,0,600
MARUTI27Feb207000PE.NFO,07/01/2020,13:01:12,220.55,213.9,1100,270.7,1600,0,600
MARUTI27Feb207000PE.NFO,07/01/2020,13:01:32,220.55,215.15,1000,270.7,1600,0,600
MARUTI27Feb207000PE.NFO,07/01/2020,13:01:39,220.55,215.3,1000,270.7,1600,0,600
MARUTI27Feb207000PE.NFO,07/01/2020,13:01:44,220.55,215.55,800,270.7,1600,0,600
MARUTI27Feb207000PE.NFO,07/01/2020,13:01:50,220.55,215.75,800,270.7,1600,0,600
MARUTI27Feb207000PE.NFO,07/01/2020,13:01:55,220.55,215.85,800,270.7,1600,0,600
MARUTI27Feb207000PE.NFO,07/01/2020,13:02:08,220.55,215.9,800,270.7,1600,0,600
MARUTI27Feb207000PE.NFO,07/01/2020,13:02:13,220.55,215.9,600,270.7,1600,0,600
MARUTI27Feb207000PE.NFO,07/01/2020,13:02:18,220.55,215.9,800,270.7,1600,0,600
MARUTI27Feb207000PE.NFO,07/01/2020,13:02:30,220.55,216.3,800,270.7,1600,0,600
MARUTI27Feb207000PE.NFO,07/01/2020,13:02:58,220.55,216.45,1000,270.7,1600,0,600
MARUTI27Feb207000PE.NFO,07/01/2020,13:03:03,220.55,216.6,800,270.7,1600,0,600
MARUTI27Feb207000PE.NFO,07/01/2020,13:03:15,220.55,216.65,800,270.7,1600,0,600
MARUTI27Feb207000PE.NFO,07/01/2020,13:03:30,220.55,216.65,400,270.7,1600,0,600
MARUTI27Feb207000PE.NFO,07/01/2020,13:03:35,220.55,216.65,800,270.7,1600,0,600
MARUTI27Feb207000PE.NFO,07/01/2020,13:04:50,220.55,216.85,900,270.7,1600,0,600
MARUTI27Feb207000PE.NFO,07/01/2020,13:04:57,220.55,216.95,800,270.7,1600,0,600
MARUTI27Feb207000PE.NFO,07/01/2020,13:05:04,220.55,217.9,1000,270.7,1600,0,600
MARUTI27Feb207000PE.NFO,07/01/2020,13:05:11,220.55,218.1,800,270.7,1600,0,600
MARUTI27Feb207000PE.NFO,07/01/2020,13:05:19,220.55,218.45,800,270.7,1600,0,600
MARUTI27Feb207000PE.NFO,07/01/2020,13:05:24,220.55,218.45,600,270.7,1600,0,600
MARUTI27Feb207000PE.NFO,07/01/2020,13:05:30,220.55,218.45,800,270.7,1600,0,600
MARUTI27Feb207000PE.NFO,07/01/2020,13:05:35,220.55,218.45,600,270.7,1600,0,600
MARUTI27Feb207000PE.NFO,07/01/2020,13:05:52,220.55,218.45,800,270.7,1600,0,600
MARUTI27Feb207000PE.NFO,07/01/2020,13:05:59,220.55,218.9,400,270.7,1400,0,600
MARUTI27Feb207000PE.NFO,07/01/2020,13:06:05,220.55,218.95,600,270.7,1600,0,600
MARUTI27Feb207000PE.NFO,07/01/2020,13:06:11,220.55,218.95,800,270.7,1600,0,600
MARUTI27Feb207000PE.NFO,07/01/2020,13:06:16,220.55,218.95,800,270.7,1400,0,600
MARUTI27Feb207000PE.NFO,07/01/2020,13:06:22,220.55,220.45,600,270.7,1400,0,600
MARUTI27Feb207000PE.NFO,07/01/2020,13:06:27,220.55,220.45,400,270.7,1400,0,600
MARUTI27Feb207000PE.NFO,07/01/2020,13:06:32,220.55,220.45,600,270.7,1400,0,600
MARUTI27Feb207000PE.NFO,07/01/2020,13:06:46,220.55,220.45,800,270.7,1400,0,600
MARUTI27Feb207000PE.NFO,07/01/2020,13:06:56,220.55,220.65,600,270.7,1400,0,600
MARUTI27Feb207000PE.NFO,07/01/2020,13:07:01,220.55,221.15,600,270.7,1400,0,600
MARUTI27Feb207000PE.NFO,07/01/2020,13:07:26,220.55,221.15,200,270.7,1400,0,600
MARUTI27Feb207000PE.NFO,07/01/2020,13:07:32,220.55,221.15,400,270.7,1400,0,600
MARUTI27Feb207000PE.NFO,07/01/2020,13:07:47,220.55,221.15,200,270.7,1400,0,600
MARUTI27Feb207000PE.NFO,07/01/2020,13:07:58,220.55,221.15,200,270.7,1600,0,600
MARUTI27Feb207000PE.NFO,07/01/2020,13:08:05,220.55,221.15,200,270.7,1400,0,600
MARUTI27Feb207000PE.NFO,07/01/2020,13:08:11,220.55,221.15,400,270.7,1400,0,600
MARUTI27Feb207000PE.NFO,07/01/2020,13:08:17,220.55,221.15,600,270.7,1400,0,600
MARUTI27Feb207000PE.NFO,07/01/2020,13:08:33,220.55,221.15,600,270.7,1200,0,600
MARUTI27Feb207000PE.NFO,07/01/2020,13:08:41,220.55,221.15,800,270.7,1200,0,600
MARUTI27Feb207000PE.NFO,07/01/2020,13:08:49,220.55,221.15,600,270.7,1200,0,600
MARUTI27Feb207000PE.NFO,07/01/2020,13:09:10,220.55,221.35,200,270.65,1200,0,600
MARUTI27Feb207000PE.NFO,07/01/2020,13:09:19,220.55,222,800,270.65,1400,0,600
MARUTI27Feb207000PE.NFO,07/01/2020,13:09:38,220.55,222,600,270.65,1400,0,600
MARUTI27Feb207000PE.NFO,07/01/2020,13:09:44,220.55,222.2,800,270.65,1400,0,600
MARUTI27Feb207000PE.NFO,07/01/2020,13:09:57,220.55,222.35,800,270.65,1400,0,600
MARUTI27Feb207000PE.NFO,07/01/2020,13:10:03,220.55,222.5,800,270.65,1400,0,600
MARUTI27Feb207000PE.NFO,07/01/2020,13:10:10,220.55,224.25,1200,271.6,600,0,600
MARUTI27Feb207000PE.NFO,07/01/2020,13:10:15,220.55,225.5,800,271.6,600,0,600
MARUTI27Feb207000PE.NFO,07/01/2020,13:10:20,220.55,226.1,800,271.6,600,0,600
MARUTI27Feb207000PE.NFO,07/01/2020,13:10:24,220.55,226.15,800,271.6,800,0,600
MARUTI27Feb207000PE.NFO,07/01/2020,13:10:29,220.55,226.2,600,271.6,800,0,600
MARUTI27Feb207000PE.NFO,07/01/2020,13:10:35,220.55,226.35,700,271.6,800,0,600
MARUTI27Feb207000PE.NFO,07/01/2020,13:10:41,220.55,226.4,400,271.6,800,0,600
MARUTI27Feb207000PE.NFO,07/01/2020,13:10:46,220.55,226.4,400,271.6,1000,0,600
MARUTI27Feb207000PE.NFO,07/01/2020,13:10:55,220.55,226.4,200,271.6,1000,0,600
MARUTI27Feb207000PE.NFO,07/01/2020,13:11:00,220.55,226.4,200,271.6,1200,0,600
MARUTI27Feb207000PE.NFO,07/01/2020,13:11:06,220.55,226.4,200,271.6,1000,0,600
MARUTI27Feb207000PE.NFO,07/01/2020,13:11:31,220.55,226.4,200,271.6,800,0,600
MARUTI27Feb207000PE.NFO,07/01/2020,13:11:45,220.55,226.4,200,271.6,1200,0,600
MARUTI27Feb207000PE.NFO,07/01/2020,13:11:55,220.55,226.4,200,271.6,1400,0,600
MARUTI27Feb207000PE.NFO,07/01/2020,13:12:00,220.55,201.25,1000,271.6,1400,0,600
MARUTI27Feb207000PE.NFO,07/01/2020,13:12:06,220.55,203.3,1400,271.6,1400,0,600
MARUTI27Feb207000PE.NFO,07/01/2020,13:12:12,220.55,205.25,1600,271.6,1400,0,600
MARUTI27Feb207000PE.NFO,07/01/2020,13:12:17,220.55,206.75,1200,271.6,1400,0,600
MARUTI27Feb207000PE.NFO,07/01/2020,13:12:22,220.55,208.45,1800,271.6,1400,0,600
MARUTI27Feb207000PE.NFO,07/01/2020,13:12:27,220.55,210.05,1700,271.6,1400,0,600
MARUTI27Feb207000PE.NFO,07/01/2020,13:12:33,220.55,212.95,1400,271.6,1400,0,600
MARUTI27Feb207000PE.NFO,07/01/2020,13:12:38,220.55,215.75,1200,271.6,1400,0,600
MARUTI27Feb207000PE.NFO,07/01/2020,13:12:43,220.55,217.9,1800,271.6,1400,0,600
MARUTI27Feb207000PE.NFO,07/01/2020,13:12:47,220.55,218.8,1200,271.6,1400,0,600
MARUTI27Feb207000PE.NFO,07/01/2020,13:12:50,220.55,220.75,1200,271.6,1400,0,600
MARUTI27Feb207000PE.NFO,07/01/2020,13:12:54,220.55,221.65,1000,271.6,1400,0,600
MARUTI27Feb207000PE.NFO,07/01/2020,13:12:57,220.55,222.35,400,271.6,1400,0,600
MARUTI27Feb207000PE.NFO,07/01/2020,13:13:01,220.55,222.4,500,271.6,1400,0,600
MARUTI27Feb207000PE.NFO,07/01/2020,13:13:06,220.55,222.4,700,271.6,1400,0,600
MARUTI27Feb207000PE.NFO,07/01/2020,13:13:10,220.55,222.4,500,271.6,1400,0,600
MARUTI27Feb207000PE.NFO,07/01/2020,13:13:13,220.55,222.4,700,271.6,1400,0,600
MARUTI27Feb207000PE.NFO,07/01/2020,13:13:14,220.55,222.4,500,271.6,1400,0,600
MARUTI27Feb207000PE.NFO,07/01/2020,13:13:16,220.55,222.4,700,271.6,1400,0,600
MARUTI27Feb207000PE.NFO,07/01/2020,13:13:17,220.55,222.4,500,271.6,1400,0,600
MARUTI27Feb207000PE.NFO,07/01/2020,13:13:19,220.55,222.4,700,271.6,1400,0,600
MARUTI27Feb207000PE.NFO,07/01/2020,13:13:22,220.55,222.4,500,271.6,1400,0,600
MARUTI27Feb207000PE.NFO,07/01/2020,13:13:24,220.55,222.4,700,271.6,1400,0,600
MARUTI27Feb207000PE.NFO,07/01/2020,13:13:27,220.55,222.4,500,271.6,1400,0,600
MARUTI27Feb207000PE.NFO,07/01/2020,13:13:28,220.55,222.45,800,271.6,1200,0,600
MARUTI27Feb207000PE.NFO,07/01/2020,13:13:29,220.55,222.65,800,271.6,1200,0,600
MARUTI27Feb207000PE.NFO,07/01/2020,13:13:30,220.55,222.95,400,271.6,1200,0,600
MARUTI27Feb207000PE.NFO,07/01/2020,13:13:31,220.55,223.25,600,271.6,1400,0,600
MARUTI27Feb207000PE.NFO,07/01/2020,13:13:32,220.55,223.35,600,271.6,1400,0,600
MARUTI27Feb207000PE.NFO,07/01/2020,13:13:35,220.55,223.35,200,271.6,1400,0,600
MARUTI27Feb207000PE.NFO,07/01/2020,13:13:36,220.55,223.35,400,271.6,1400,0,600
MARUTI27Feb207000PE.NFO,07/01/2020,13:13:38,220.55,223.35,200,271.6,1400,0,600
MARUTI27Feb207000PE.NFO,07/01/2020,13:13:47,220.55,223.35,400,271.6,1400,0,600
MARUTI27Feb207000PE.NFO,07/01/2020,13:13:48,220.55,223.45,400,271.6,1400,0,600
MARUTI27Feb207000PE.NFO,07/01/2020,13:13:49,220.55,223.75,400,271.6,1200,0,600
MARUTI27Feb207000PE.NFO,07/01/2020,13:13:51,220.55,223.8,200,271.6,1200,0,600
MARUTI27Feb207000PE.NFO,07/01/2020,13:13:52,220.55,223.85,600,271.6,1000,0,600
MARUTI27Feb207000PE.NFO,07/01/2020,13:13:53,220.55,223.9,500,271.6,1400,0,600
MARUTI27Feb207000PE.NFO,07/01/2020,13:13:55,220.55,223.9,500,271.6,1200,0,600
MARUTI27Feb207000PE.NFO,07/01/2020,13:13:56,220.55,223.9,500,271.6,1400,0,600
MARUTI27Feb207000PE.NFO,07/01/2020,13:13:57,220.55,223.9,700,271.6,1400,0,600
MARUTI27Feb207000PE.NFO,07/01/2020,13:14:03,220.55,223.9,500,271.6,1000,0,600
MARUTI27Feb207000PE.NFO,07/01/2020,13:14:04,220.55,223.9,700,271.6,1000,0,600
MARUTI27Feb207000PE.NFO,07/01/2020,13:14:05,220.55,224.25,600,271.6,1400,0,600
MARUTI27Feb207000PE.NFO,07/01/2020,13:14:06,220.55,224.55,400,271.6,1000,0,600
MARUTI27Feb207000PE.NFO,07/01/2020,13:14:07,220.55,224.9,600,271.6,1000,0,600
MARUTI27Feb207000PE.NFO,07/01/2020,13:14:08,220.55,225.15,600,271.6,1000,0,600
MARUTI27Feb207000PE.NFO,07/01/2020,13:14:10,220.55,225.45,500,271.6,600,0,600
MARUTI27Feb207000PE.NFO,07/01/2020,13:14:11,220.55,225.85,400,271.6,600,0,600
MARUTI27Feb207000PE.NFO,07/01/2020,13:14:12,220.55,225.95,600,271.6,400,0,600
MARUTI27Feb207000PE.NFO,07/01/2020,13:14:12,220.55,225.95,400,271.6,400,0,600
MARUTI27Feb207000PE.NFO,07/01/2020,13:14:14,220.55,225.95,600,271.6,600,0,600
MARUTI27Feb207000PE.NFO,07/01/2020,13:14:41,220.55,225.95,200,271.6,1400,0,600
MARUTI27Feb207000PE.NFO,07/01/2020,13:14:45,220.55,225.95,200,271.6,1000,0,600
MARUTI27Feb207000PE.NFO,07/01/2020,13:15:07,220.55,225.95,800,271.6,200,0,600
MARUTI27Feb207000PE.NFO,07/01/2020,13:15:15,220.55,226.85,200,271.6,600,0,600
MARUTI27Feb207000PE.NFO,07/01/2020,13:15:23,220.55,226.85,200,271.6,800,0,600
MARUTI27Feb207000PE.NFO,07/01/2020,13:15:37,220.55,226.85,200,271.6,600,0,600
MARUTI27Feb207000PE.NFO,07/01/2020,13:15:44,220.55,226.9,500,271.6,800,0,600
MARUTI27Feb207000PE.NFO,07/01/2020,13:15:50,220.55,227,400,271.6,600,0,600
MARUTI27Feb207000PE.NFO,07/01/2020,13:16:02,220.55,227,200,271.6,200,0,600
MARUTI27Feb207000PE.NFO,07/01/2020,13:16:07,220.55,227,200,271.6,600,0,600
MARUTI27Feb207000PE.NFO,07/01/2020,13:16:21,220.55,227,400,271.6,600,0,600
MARUTI27Feb207000PE.NFO,07/01/2020,13:16:27,220.55,227,400,271.6,800,0,600
MARUTI27Feb207000PE.NFO,07/01/2020,13:16:33,220.55,227.1,200,271.6,400,0,600
MARUTI27Feb207000PE.NFO,07/01/2020,13:16:39,220.55,227.5,200,271.6,400,0,600
MARUTI27Feb207000PE.NFO,07/01/2020,13:16:44,220.55,227.65,400,271.6,400,0,600
MARUTI27Feb207000PE.NFO,07/01/2020,13:16:51,220.55,228.1,200,272.05,400,0,600
MARUTI27Feb207000PE.NFO,07/01/2020,13:17:07,220.55,228.5,500,272.05,400,0,600
MARUTI27Feb207000PE.NFO,07/01/2020,13:17:11,220.55,228.8,400,272.05,400,0,600
MARUTI27Feb207000PE.NFO,07/01/2020,13:17:15,220.55,228.8,400,272.05,200,0,600
MARUTI27Feb207000PE.NFO,07/01/2020,13:17:20,220.55,228.8,200,272.05,200,0,600
MARUTI27Feb207000PE.NFO,07/01/2020,13:17:27,220.55,245.65,100,0,0,0,600
MARUTI27Feb207000PE.NFO,07/01/2020,13:18:11,220.55,245.5,100,0,0,0,600
