Ticker,Date,Time,LTP,BuyPrice,BuyQty,SellPrice,SellQty,LTQ,OpenInterest
MARUTI30Jan207200PE.NFO,07/01/2020,09:17:05,189,183.85,100,194.25,100,100,41600
MARUTI30Jan207200PE.NFO,07/01/2020,09:17:05,189,183.85,100,194.25,100,0,41600
MARUTI30Jan207200PE.NFO,07/01/2020,09:17:05,189,183.85,100,194.25,100,0,41600
MARUTI30Jan207200PE.NFO,07/01/2020,09:17:05,189,183.85,100,194.25,100,0,41600
MARUTI30Jan207200PE.NFO,07/01/2020,09:17:15,183.85,178.7,100,189.45,100,200,41600
MARUTI30Jan207200PE.NFO,07/01/2020,09:17:15,183.85,178.7,100,189.45,100,0,41600
MARUTI30Jan207200PE.NFO,07/01/2020,09:17:24,183.85,179.85,100,187.8,100,0,41600
MARUTI30Jan207200PE.NFO,07/01/2020,09:17:34,183.85,185.9,100,196.75,100,0,41600
MARUTI30Jan207200PE.NFO,07/01/2020,09:17:43,183.85,186.85,100,197.4,200,0,41600
MARUTI30Jan207200PE.NFO,07/01/2020,09:17:53,183.85,184.15,100,191.05,100,0,41600
MARUTI30Jan207200PE.NFO,07/01/2020,09:18:02,183.85,184.5,100,191.6,200,0,41600
MARUTI30Jan207200PE.NFO,07/01/2020,09:18:11,183.85,184.5,300,191.6,400,0,41600
MARUTI30Jan207200PE.NFO,07/01/2020,09:18:15,183.85,185.4,3500,191.95,200,0,41600
MARUTI30Jan207200PE.NFO,07/01/2020,09:18:16,183.85,185.45,300,191.75,100,0,41600
MARUTI30Jan207200PE.NFO,07/01/2020,09:18:17,183.85,186.75,100,194.15,200,0,41600
MARUTI30Jan207200PE.NFO,07/01/2020,09:18:21,183.85,186.75,300,197.9,200,0,41600
MARUTI30Jan207200PE.NFO,07/01/2020,09:18:21,183.85,186.85,100,197.9,400,0,41600
MARUTI30Jan207200PE.NFO,07/01/2020,09:18:25,183.85,187.25,100,197.4,100,0,41600
MARUTI30Jan207200PE.NFO,07/01/2020,09:18:27,183.85,187.35,100,196.65,100,0,41600
MARUTI30Jan207200PE.NFO,07/01/2020,09:18:27,183.85,187.35,300,196.55,100,0,41600
MARUTI30Jan207200PE.NFO,07/01/2020,09:18:28,183.85,187.55,100,196.55,300,0,41600
MARUTI30Jan207200PE.NFO,07/01/2020,09:18:30,183.85,187.65,100,196.3,100,0,41600
MARUTI30Jan207200PE.NFO,07/01/2020,09:18:30,183.85,187.75,100,196.45,100,0,41600
MARUTI30Jan207200PE.NFO,07/01/2020,09:18:31,183.85,187.85,100,196.4,100,0,41600
MARUTI30Jan207200PE.NFO,07/01/2020,09:18:32,183.85,187.95,100,196.2,100,0,41600
MARUTI30Jan207200PE.NFO,07/01/2020,09:18:33,183.85,188.05,100,195.95,100,0,41600
MARUTI30Jan207200PE.NFO,07/01/2020,09:18:34,183.85,188.15,100,196,200,0,41600
MARUTI30Jan207200PE.NFO,07/01/2020,09:18:35,183.85,188.15,100,196.7,200,0,41600
MARUTI30Jan207200PE.NFO,07/01/2020,09:18:36,183.85,187.4,3300,196.25,400,0,41600
MARUTI30Jan207200PE.NFO,07/01/2020,09:18:37,183.85,187.45,100,196.25,400,0,41600
MARUTI30Jan207200PE.NFO,07/01/2020,09:18:39,183.85,187.65,100,195.95,200,0,41600
MARUTI30Jan207200PE.NFO,07/01/2020,09:18:40,183.85,187.75,100,195.95,200,0,41600
MARUTI30Jan207200PE.NFO,07/01/2020,09:18:41,183.85,187.85,100,195.95,200,0,41600
MARUTI30Jan207200PE.NFO,07/01/2020,09:18:42,183.85,187.95,100,195.95,400,0,41600
MARUTI30Jan207200PE.NFO,07/01/2020,09:18:43,183.85,188.05,100,195.95,400,0,41600
MARUTI30Jan207200PE.NFO,07/01/2020,09:18:44,183.85,188.15,100,195.45,200,0,41600
MARUTI30Jan207200PE.NFO,07/01/2020,09:18:45,183.85,186.45,100,195.85,300,0,41600
MARUTI30Jan207200PE.NFO,07/01/2020,09:18:47,183.85,186.55,100,195.85,300,0,41600
MARUTI30Jan207200PE.NFO,07/01/2020,09:18:48,183.85,186.65,100,195.85,300,0,41600
MARUTI30Jan207200PE.NFO,07/01/2020,09:18:49,183.85,186.75,100,195.85,300,0,41600
MARUTI30Jan207200PE.NFO,07/01/2020,09:18:50,183.85,187.7,100,195.85,300,0,41600
MARUTI30Jan207200PE.NFO,07/01/2020,09:18:51,183.85,187.8,100,195.85,300,0,41600
MARUTI30Jan207200PE.NFO,07/01/2020,09:18:53,183.85,187.9,300,197.9,100,0,41600
MARUTI30Jan207200PE.NFO,07/01/2020,09:18:54,183.85,188,100,197.85,100,0,41600
MARUTI30Jan207200PE.NFO,07/01/2020,09:18:56,183.85,188.2,100,197.85,300,0,41600
MARUTI30Jan207200PE.NFO,07/01/2020,09:18:57,183.85,188.4,100,197.3,100,0,41600
MARUTI30Jan207200PE.NFO,07/01/2020,09:18:58,183.85,189.1,100,197.25,100,0,41600
MARUTI30Jan207200PE.NFO,07/01/2020,09:18:59,183.85,189.3,100,198.2,400,0,41600
MARUTI30Jan207200PE.NFO,07/01/2020,09:19:00,183.85,189.4,100,198.2,400,0,41600
MARUTI30Jan207200PE.NFO,07/01/2020,09:19:01,183.85,189.5,100,197.7,200,0,41600
MARUTI30Jan207200PE.NFO,07/01/2020,09:19:03,183.85,189.6,100,196.7,100,0,41600
MARUTI30Jan207200PE.NFO,07/01/2020,09:19:04,183.85,189.7,100,197.4,200,0,41600
MARUTI30Jan207200PE.NFO,07/01/2020,09:19:05,183.85,189.8,100,197.4,400,0,41600
MARUTI30Jan207200PE.NFO,07/01/2020,09:19:06,183.85,189.9,100,196.05,100,0,41600
MARUTI30Jan207200PE.NFO,07/01/2020,09:19:07,183.85,189.95,300,195.95,100,0,41600
MARUTI30Jan207200PE.NFO,07/01/2020,09:19:08,183.85,190,100,196.35,100,0,41600
MARUTI30Jan207200PE.NFO,07/01/2020,09:19:09,190.1,190.6,100,196.5,100,100,41500
MARUTI30Jan207200PE.NFO,07/01/2020,09:19:09,190.1,190.6,100,196.5,100,0,41500
MARUTI30Jan207200PE.NFO,07/01/2020,09:19:10,190.1,190.8,300,196.1,100,0,41500
MARUTI30Jan207200PE.NFO,07/01/2020,09:19:11,190.1,190.85,300,195.9,100,0,41500
MARUTI30Jan207200PE.NFO,07/01/2020,09:19:12,190.1,188,100,195.95,300,0,41500
MARUTI30Jan207200PE.NFO,07/01/2020,09:19:14,190.1,188.2,100,195.95,300,0,41500
MARUTI30Jan207200PE.NFO,07/01/2020,09:19:15,190.1,188.3,100,195.95,300,0,41500
MARUTI30Jan207200PE.NFO,07/01/2020,09:19:16,190.1,187.8,100,195.85,100,0,41500
MARUTI30Jan207200PE.NFO,07/01/2020,09:19:17,190.1,188.15,100,195.85,300,0,41500
MARUTI30Jan207200PE.NFO,07/01/2020,09:19:19,188.15,187.95,3300,195.75,300,100,41500
MARUTI30Jan207200PE.NFO,07/01/2020,09:19:20,188.15,187.95,3300,195.75,300,0,41500
MARUTI30Jan207200PE.NFO,07/01/2020,09:19:23,188.15,188,300,195.75,300,0,41500
MARUTI30Jan207200PE.NFO,07/01/2020,09:19:24,188.15,188.05,300,195.75,300,0,41500
MARUTI30Jan207200PE.NFO,07/01/2020,09:19:25,188.15,186.85,300,195.65,300,0,41500
MARUTI30Jan207200PE.NFO,07/01/2020,09:19:27,188.15,186.8,200,193.2,100,0,41500
MARUTI30Jan207200PE.NFO,07/01/2020,09:19:28,188.15,186.85,500,194,200,0,41500
MARUTI30Jan207200PE.NFO,07/01/2020,09:19:29,188.15,186.85,500,195.5,100,0,41500
MARUTI30Jan207200PE.NFO,07/01/2020,09:19:30,188.15,187,300,195.25,100,0,41500
MARUTI30Jan207200PE.NFO,07/01/2020,09:19:31,188.15,188.4,100,197.25,200,0,41500
MARUTI30Jan207200PE.NFO,07/01/2020,09:19:32,188.15,188.5,300,197.25,400,0,41500
MARUTI30Jan207200PE.NFO,07/01/2020,09:19:37,188.15,188.7,500,197.15,400,0,41500
MARUTI30Jan207200PE.NFO,07/01/2020,09:19:38,188.15,188.8,300,196.95,200,0,41500
MARUTI30Jan207200PE.NFO,07/01/2020,09:19:40,188.15,189.3,100,198.3,100,0,41500
MARUTI30Jan207200PE.NFO,07/01/2020,09:19:40,188.15,189.3,200,198.15,200,0,41500
MARUTI30Jan207200PE.NFO,07/01/2020,09:19:41,188.15,189.35,300,197.3,400,0,41500
MARUTI30Jan207200PE.NFO,07/01/2020,09:19:42,188.15,189.4,400,197.3,400,0,41500
MARUTI30Jan207200PE.NFO,07/01/2020,09:19:43,188.15,189.45,300,197.1,100,0,41500
MARUTI30Jan207200PE.NFO,07/01/2020,09:19:52,188.15,189.55,300,196.95,100,0,41500
MARUTI30Jan207200PE.NFO,07/01/2020,09:19:53,188.15,187.9,200,195.8,100,0,41500
MARUTI30Jan207200PE.NFO,07/01/2020,09:19:54,188.15,187.9,400,196.65,200,0,41500
MARUTI30Jan207200PE.NFO,07/01/2020,09:19:56,188.15,187.9,400,196.55,200,0,41500
MARUTI30Jan207200PE.NFO,07/01/2020,09:19:57,188.15,188.05,100,196.5,300,0,41500
MARUTI30Jan207200PE.NFO,07/01/2020,09:19:58,188.15,188.1,100,196.4,100,0,41500
MARUTI30Jan207200PE.NFO,07/01/2020,09:19:59,188.15,188.15,500,196.2,100,0,41500
MARUTI30Jan207200PE.NFO,07/01/2020,09:20:00,188.15,186.85,300,194.05,100,0,41500
MARUTI30Jan207200PE.NFO,07/01/2020,09:20:03,188.15,185.75,200,194,100,0,41500
MARUTI30Jan207200PE.NFO,07/01/2020,09:20:04,188.15,185.85,200,193.95,100,0,41500
MARUTI30Jan207200PE.NFO,07/01/2020,09:20:05,188.15,186.05,300,193.85,300,0,41500
MARUTI30Jan207200PE.NFO,07/01/2020,09:20:06,188.15,186.15,300,193.75,100,0,41500
MARUTI30Jan207200PE.NFO,07/01/2020,09:20:08,188.15,186.15,500,193.75,300,0,41500
MARUTI30Jan207200PE.NFO,07/01/2020,09:20:09,188.15,186.75,3300,193.75,300,0,41500
MARUTI30Jan207200PE.NFO,07/01/2020,09:20:10,188.15,186.9,100,195.6,200,0,41500
MARUTI30Jan207200PE.NFO,07/01/2020,09:20:11,188.15,187.85,3300,195.4,100,0,41500
MARUTI30Jan207200PE.NFO,07/01/2020,09:20:13,188.15,187.9,300,195.2,100,0,41500
MARUTI30Jan207200PE.NFO,07/01/2020,09:20:14,188.15,188,300,195.25,200,0,41500
MARUTI30Jan207200PE.NFO,07/01/2020,09:20:15,188.15,188,500,195.2,400,0,41500
MARUTI30Jan207200PE.NFO,07/01/2020,09:20:17,188.15,188.05,300,195.2,400,0,41500
MARUTI30Jan207200PE.NFO,07/01/2020,09:20:18,188.15,188.25,500,197.55,200,0,41500
MARUTI30Jan207200PE.NFO,07/01/2020,09:20:19,188.15,188.55,100,197.35,100,0,41500
MARUTI30Jan207200PE.NFO,07/01/2020,09:20:20,188.15,188.65,100,197.3,200,0,41500
MARUTI30Jan207200PE.NFO,07/01/2020,09:20:21,188.15,188.75,100,197.3,400,0,41500
MARUTI30Jan207200PE.NFO,07/01/2020,09:20:23,188.15,189.05,100,197.85,100,0,41500
MARUTI30Jan207200PE.NFO,07/01/2020,09:20:24,188.15,189.25,100,197.6,100,0,41500
MARUTI30Jan207200PE.NFO,07/01/2020,09:20:24,188.15,189.3,200,197.8,200,0,41500
MARUTI30Jan207200PE.NFO,07/01/2020,09:20:25,188.15,190.2,100,200.95,200,0,41500
MARUTI30Jan207200PE.NFO,07/01/2020,09:20:26,188.15,190.4,300,199.1,100,0,41500
MARUTI30Jan207200PE.NFO,07/01/2020,09:20:27,188.15,190.4,300,198.75,100,0,41500
MARUTI30Jan207200PE.NFO,07/01/2020,09:20:28,188.15,190.4,300,198.1,100,0,41500
MARUTI30Jan207200PE.NFO,07/01/2020,09:20:30,188.15,190.45,300,198.1,300,0,41500
MARUTI30Jan207200PE.NFO,07/01/2020,09:20:32,188.15,190.5,300,198.1,300,0,41500
MARUTI30Jan207200PE.NFO,07/01/2020,09:20:32,188.15,190.3,200,198.1,300,0,41500
MARUTI30Jan207200PE.NFO,07/01/2020,09:20:33,188.15,190.35,300,198.1,300,0,41500
MARUTI30Jan207200PE.NFO,07/01/2020,09:20:34,188.15,189.3,200,195.8,100,0,41500
MARUTI30Jan207200PE.NFO,07/01/2020,09:20:36,188.15,188.2,100,195.95,100,0,41500
MARUTI30Jan207200PE.NFO,07/01/2020,09:20:38,188.15,188.3,300,195.95,300,0,41500
MARUTI30Jan207200PE.NFO,07/01/2020,09:20:38,188.15,188.4,100,195.95,300,0,41500
MARUTI30Jan207200PE.NFO,07/01/2020,09:20:40,188.15,188.1,200,195.95,300,0,41500
MARUTI30Jan207200PE.NFO,07/01/2020,09:20:40,188.15,188.15,300,195.95,300,0,41500
MARUTI30Jan207200PE.NFO,07/01/2020,09:20:41,188.15,188.15,300,193.15,100,0,41500
MARUTI30Jan207200PE.NFO,07/01/2020,09:20:42,188.15,189,100,198.85,300,0,41500
MARUTI30Jan207200PE.NFO,07/01/2020,09:20:43,188.15,189.1,100,198.85,500,0,41500
MARUTI30Jan207200PE.NFO,07/01/2020,09:20:44,188.15,189.1,300,196.9,100,0,41500
MARUTI30Jan207200PE.NFO,07/01/2020,09:20:45,188.15,187.85,200,194.15,100,0,41500
MARUTI30Jan207200PE.NFO,07/01/2020,09:20:46,188.15,186.65,200,194.35,100,0,41500
MARUTI30Jan207200PE.NFO,07/01/2020,09:20:47,188.15,186.6,200,194.35,300,0,41500
MARUTI30Jan207200PE.NFO,07/01/2020,09:20:48,188.15,186.65,300,194.35,300,0,41500
MARUTI30Jan207200PE.NFO,07/01/2020,09:20:49,188.15,186.7,300,194.35,300,0,41500
MARUTI30Jan207200PE.NFO,07/01/2020,09:20:50,188.15,185.4,100,194.15,200,0,41500
MARUTI30Jan207200PE.NFO,07/01/2020,09:20:52,188.15,185.4,300,192.55,200,0,41500
MARUTI30Jan207200PE.NFO,07/01/2020,09:20:53,188.15,185.45,300,190.8,100,0,41500
MARUTI30Jan207200PE.NFO,07/01/2020,09:21:02,188.15,185.3,300,192.5,100,0,41500
MARUTI30Jan207200PE.NFO,07/01/2020,09:21:02,188.15,185.3,300,192.5,300,0,41500
MARUTI30Jan207200PE.NFO,07/01/2020,09:21:03,188.15,185.35,400,192.5,300,0,41500
MARUTI30Jan207200PE.NFO,07/01/2020,09:21:04,188.15,185.4,500,192.5,300,0,41500
MARUTI30Jan207200PE.NFO,07/01/2020,09:21:05,188.15,185.5,300,192.5,300,0,41500
MARUTI30Jan207200PE.NFO,07/01/2020,09:21:06,188.15,185.55,200,192.5,300,0,41500
MARUTI30Jan207200PE.NFO,07/01/2020,09:21:07,188.15,185.65,500,192.75,300,0,41500
MARUTI30Jan207200PE.NFO,07/01/2020,09:21:08,188.15,185.25,200,192.75,300,0,41500
MARUTI30Jan207200PE.NFO,07/01/2020,09:21:10,188.15,185.35,100,192.75,300,0,41500
MARUTI30Jan207200PE.NFO,07/01/2020,09:21:11,188.15,184.15,100,192.7,100,0,41500
MARUTI30Jan207200PE.NFO,07/01/2020,09:21:12,188.15,184.6,100,192.7,300,0,41500
MARUTI30Jan207200PE.NFO,07/01/2020,09:21:13,188.15,184.85,100,192.7,300,0,41500
MARUTI30Jan207200PE.NFO,07/01/2020,09:21:14,188.15,185,300,192.7,300,0,41500
MARUTI30Jan207200PE.NFO,07/01/2020,09:21:15,188.15,183.95,200,192.7,300,0,41500
MARUTI30Jan207200PE.NFO,07/01/2020,09:21:17,188.15,184.15,100,192.7,300,0,41500
MARUTI30Jan207200PE.NFO,07/01/2020,09:21:18,188.15,184.25,200,192.7,300,0,41500
MARUTI30Jan207200PE.NFO,07/01/2020,09:21:20,188.15,184.35,300,192.7,300,0,41500
MARUTI30Jan207200PE.NFO,07/01/2020,09:21:20,188.15,184.35,400,192.7,300,0,41500
MARUTI30Jan207200PE.NFO,07/01/2020,09:21:21,188.15,184.55,100,192.7,300,0,41500
MARUTI30Jan207200PE.NFO,07/01/2020,09:21:22,188.15,184.75,100,192.65,300,0,41500
MARUTI30Jan207200PE.NFO,07/01/2020,09:21:23,188.15,184.85,100,192.65,300,0,41500
MARUTI30Jan207200PE.NFO,07/01/2020,09:21:24,188.15,185,100,192.65,300,0,41500
MARUTI30Jan207200PE.NFO,07/01/2020,09:21:25,188.15,185.05,100,192.65,300,0,41500
MARUTI30Jan207200PE.NFO,07/01/2020,09:21:26,188.15,185.1,300,192.65,300,0,41500
MARUTI30Jan207200PE.NFO,07/01/2020,09:21:27,188.15,183.95,400,192.65,300,0,41500
MARUTI30Jan207200PE.NFO,07/01/2020,09:21:31,188.15,184.25,100,192.65,300,0,41500
MARUTI30Jan207200PE.NFO,07/01/2020,09:21:32,188.15,184.35,300,192.65,300,0,41500
MARUTI30Jan207200PE.NFO,07/01/2020,09:21:33,188.15,184.45,100,192.55,100,0,41500
MARUTI30Jan207200PE.NFO,07/01/2020,09:21:34,188.15,185.25,200,193.65,100,0,41500
MARUTI30Jan207200PE.NFO,07/01/2020,09:21:35,188.15,185.35,100,193.65,300,0,41500
MARUTI30Jan207200PE.NFO,07/01/2020,09:21:36,188.15,185.45,200,193.65,300,0,41500
MARUTI30Jan207200PE.NFO,07/01/2020,09:21:37,188.15,185.15,100,193.2,100,0,41500
MARUTI30Jan207200PE.NFO,07/01/2020,09:21:38,188.15,185.25,200,193.15,100,0,41500
MARUTI30Jan207200PE.NFO,07/01/2020,09:21:39,188.15,185.45,100,193.15,300,0,41500
MARUTI30Jan207200PE.NFO,07/01/2020,09:21:40,188.15,185.45,300,192.9,100,0,41500
MARUTI30Jan207200PE.NFO,07/01/2020,09:21:43,188.15,184.3,100,191.9,100,0,41500
MARUTI30Jan207200PE.NFO,07/01/2020,09:21:46,188.15,184.4,200,191.85,100,0,41500
MARUTI30Jan207200PE.NFO,07/01/2020,09:21:49,188.15,183,100,191.3,300,0,41500
MARUTI30Jan207200PE.NFO,07/01/2020,09:21:49,188.15,183.05,100,191.3,300,0,41500
MARUTI30Jan207200PE.NFO,07/01/2020,09:21:50,188.15,183.45,100,190.75,100,0,41500
MARUTI30Jan207200PE.NFO,07/01/2020,09:21:51,188.15,181.95,100,189.95,100,0,41500
MARUTI30Jan207200PE.NFO,07/01/2020,09:21:52,188.15,182.65,100,190.3,100,0,41500
MARUTI30Jan207200PE.NFO,07/01/2020,09:21:53,188.15,182.75,100,190.15,100,0,41500
MARUTI30Jan207200PE.NFO,07/01/2020,09:21:55,188.15,182.9,100,190.1,300,0,41500
MARUTI30Jan207200PE.NFO,07/01/2020,09:21:56,188.15,182.9,300,190,100,0,41500
MARUTI30Jan207200PE.NFO,07/01/2020,09:21:57,188.15,182.9,300,189.7,100,0,41500
MARUTI30Jan207200PE.NFO,07/01/2020,09:21:58,188.15,182.9,300,189.6,300,0,41500
MARUTI30Jan207200PE.NFO,07/01/2020,09:21:59,188.15,182.9,300,189.5,100,0,41500
MARUTI30Jan207200PE.NFO,07/01/2020,09:22:01,188.15,183,100,189.5,300,0,41500
MARUTI30Jan207200PE.NFO,07/01/2020,09:22:02,188.15,183,300,189.4,100,0,41500
MARUTI30Jan207200PE.NFO,07/01/2020,09:22:03,188.15,183.1,300,189.4,300,0,41500
MARUTI30Jan207200PE.NFO,07/01/2020,09:22:05,188.15,182.05,100,189.2,300,0,41500
MARUTI30Jan207200PE.NFO,07/01/2020,09:22:09,188.15,182.25,100,189.2,300,0,41500
MARUTI30Jan207200PE.NFO,07/01/2020,09:22:17,188.15,181.15,300,188.15,300,0,41500
MARUTI30Jan207200PE.NFO,07/01/2020,09:22:24,188.15,180.35,100,187.85,100,0,41500
MARUTI30Jan207200PE.NFO,07/01/2020,09:22:31,188.15,179.15,200,186.55,300,0,41500
MARUTI30Jan207200PE.NFO,07/01/2020,09:22:38,188.15,179.8,300,186.55,300,0,41500
MARUTI30Jan207200PE.NFO,07/01/2020,09:22:44,188.15,178.1,400,186.45,300,0,41500
MARUTI30Jan207200PE.NFO,07/01/2020,09:22:50,188.15,177.65,100,185.5,100,0,41500
MARUTI30Jan207200PE.NFO,07/01/2020,09:22:57,188.15,176.9,300,184.2,100,0,41500
MARUTI30Jan207200PE.NFO,07/01/2020,09:23:03,188.15,176.1,300,183.75,100,0,41500
MARUTI30Jan207200PE.NFO,07/01/2020,09:23:09,188.15,176.1,300,183.25,200,0,41500
MARUTI30Jan207200PE.NFO,07/01/2020,09:23:13,188.15,176.2,100,183.15,300,0,41500
MARUTI30Jan207200PE.NFO,07/01/2020,09:23:14,188.15,176.25,100,183.15,300,0,41500
MARUTI30Jan207200PE.NFO,07/01/2020,09:23:14,188.15,176.35,100,183.15,300,0,41500
MARUTI30Jan207200PE.NFO,07/01/2020,09:23:15,188.15,176.45,300,183.15,300,0,41500
MARUTI30Jan207200PE.NFO,07/01/2020,09:23:17,188.15,176.55,100,183.15,300,0,41500
MARUTI30Jan207200PE.NFO,07/01/2020,09:23:18,188.15,177.35,100,185.45,100,0,41500
MARUTI30Jan207200PE.NFO,07/01/2020,09:23:19,188.15,177.4,300,185.05,300,0,41500
MARUTI30Jan207200PE.NFO,07/01/2020,09:23:20,188.15,177.6,300,185,300,0,41500
MARUTI30Jan207200PE.NFO,07/01/2020,09:23:23,188.15,178.05,100,185,300,0,41500
MARUTI30Jan207200PE.NFO,07/01/2020,09:23:24,188.15,178.15,100,185,300,0,41500
MARUTI30Jan207200PE.NFO,07/01/2020,09:23:25,188.15,178.5,300,184.9,100,0,41500
MARUTI30Jan207200PE.NFO,07/01/2020,09:23:26,188.15,178.5,500,184.8,100,0,41500
MARUTI30Jan207200PE.NFO,07/01/2020,09:23:27,188.15,178.55,300,184.7,100,0,41500
MARUTI30Jan207200PE.NFO,07/01/2020,09:23:30,188.15,177.75,100,184.65,100,0,41500
MARUTI30Jan207200PE.NFO,07/01/2020,09:23:31,188.15,177.85,100,184.65,300,0,41500
MARUTI30Jan207200PE.NFO,07/01/2020,09:23:34,188.15,178.1,100,184.65,300,0,41500
MARUTI30Jan207200PE.NFO,07/01/2020,09:23:35,188.15,178.15,100,184.65,300,0,41500
MARUTI30Jan207200PE.NFO,07/01/2020,09:23:36,188.15,176.65,200,184.65,300,0,41500
MARUTI30Jan207200PE.NFO,07/01/2020,09:23:39,188.15,176.75,300,184.65,300,0,41500
MARUTI30Jan207200PE.NFO,07/01/2020,09:23:41,188.15,176.75,500,184.65,300,0,41500
MARUTI30Jan207200PE.NFO,07/01/2020,09:23:46,188.15,176.95,400,184.65,300,0,41500
MARUTI30Jan207200PE.NFO,07/01/2020,09:23:47,188.15,177.05,300,184.65,300,0,41500
MARUTI30Jan207200PE.NFO,07/01/2020,09:23:48,188.15,177.15,400,184.65,300,0,41500
MARUTI30Jan207200PE.NFO,07/01/2020,09:23:49,188.15,177.25,300,184.65,300,0,41500
MARUTI30Jan207200PE.NFO,07/01/2020,09:23:51,188.15,177.45,200,184.65,300,0,41500
MARUTI30Jan207200PE.NFO,07/01/2020,09:23:52,188.15,177.55,100,184.65,300,0,41500
MARUTI30Jan207200PE.NFO,07/01/2020,09:23:53,188.15,177.75,100,184.55,100,0,41500
MARUTI30Jan207200PE.NFO,07/01/2020,09:23:54,188.15,177.85,100,184.55,300,0,41500
MARUTI30Jan207200PE.NFO,07/01/2020,09:23:55,188.15,177.95,100,184.55,300,0,41500
MARUTI30Jan207200PE.NFO,07/01/2020,09:23:57,188.15,178,300,184.45,100,0,41500
MARUTI30Jan207200PE.NFO,07/01/2020,09:24:03,188.15,178.05,300,184.45,300,0,41500
MARUTI30Jan207200PE.NFO,07/01/2020,09:24:04,188.15,177.4,200,184.35,300,0,41500
MARUTI30Jan207200PE.NFO,07/01/2020,09:24:05,188.15,177.5,200,184.35,300,0,41500
MARUTI30Jan207200PE.NFO,07/01/2020,09:24:06,188.15,177.6,100,184.35,300,0,41500
MARUTI30Jan207200PE.NFO,07/01/2020,09:24:07,188.15,177.7,100,184.35,300,0,41500
MARUTI30Jan207200PE.NFO,07/01/2020,09:24:08,188.15,177.8,100,184.35,300,0,41500
MARUTI30Jan207200PE.NFO,07/01/2020,09:24:10,188.15,177.9,100,184.35,300,0,41500
MARUTI30Jan207200PE.NFO,07/01/2020,09:24:10,188.15,178,100,184.35,300,0,41500
MARUTI30Jan207200PE.NFO,07/01/2020,09:24:13,188.15,178.1,300,184.35,300,0,41500
MARUTI30Jan207200PE.NFO,07/01/2020,09:24:14,188.15,178.2,100,184.35,300,0,41500
MARUTI30Jan207200PE.NFO,07/01/2020,09:24:14,188.15,178.3,100,184.35,300,0,41500
MARUTI30Jan207200PE.NFO,07/01/2020,09:24:16,188.15,178.5,200,184.35,300,0,41500
MARUTI30Jan207200PE.NFO,07/01/2020,09:24:17,188.15,178.6,100,184.35,300,0,41500
MARUTI30Jan207200PE.NFO,07/01/2020,09:24:18,188.15,178.7,100,184.35,300,0,41500
MARUTI30Jan207200PE.NFO,07/01/2020,09:24:19,188.15,178.75,300,184.35,300,0,41500
MARUTI30Jan207200PE.NFO,07/01/2020,09:24:20,188.15,179.15,100,185.55,100,0,41500
MARUTI30Jan207200PE.NFO,07/01/2020,09:24:21,188.15,179.3,100,185.55,100,0,41500
MARUTI30Jan207200PE.NFO,07/01/2020,09:24:22,188.15,179.3,300,185.45,200,0,41500
MARUTI30Jan207200PE.NFO,07/01/2020,09:24:23,188.15,179.3,300,185.35,100,0,41500
MARUTI30Jan207200PE.NFO,07/01/2020,09:24:26,181,178.5,100,183.55,100,100,41500
MARUTI30Jan207200PE.NFO,07/01/2020,09:24:26,181,178.5,100,183.55,100,0,41500
MARUTI30Jan207200PE.NFO,07/01/2020,09:24:27,181,178.55,300,183.55,100,0,41500
MARUTI30Jan207200PE.NFO,07/01/2020,09:24:28,181,178.85,100,186,100,0,41500
MARUTI30Jan207200PE.NFO,07/01/2020,09:24:29,181,179.05,100,186.05,200,0,41500
MARUTI30Jan207200PE.NFO,07/01/2020,09:24:30,181,179.15,100,186.05,400,0,41500
MARUTI30Jan207200PE.NFO,07/01/2020,09:24:31,181,179.25,100,186.05,400,0,41500
MARUTI30Jan207200PE.NFO,07/01/2020,09:24:32,181,179.3,300,186.05,400,0,41500
MARUTI30Jan207200PE.NFO,07/01/2020,09:24:33,181,179.4,300,185.75,100,0,41500
MARUTI30Jan207200PE.NFO,07/01/2020,09:24:34,181,179.5,300,185.7,300,0,41500
MARUTI30Jan207200PE.NFO,07/01/2020,09:24:42,181,179.6,100,185.7,300,0,41500
MARUTI30Jan207200PE.NFO,07/01/2020,09:24:43,181,178.6,200,185.7,300,0,41500
MARUTI30Jan207200PE.NFO,07/01/2020,09:24:45,181,178.75,200,187.45,100,0,41500
MARUTI30Jan207200PE.NFO,07/01/2020,09:24:46,178.75,178.85,100,187.35,300,100,41500
MARUTI30Jan207200PE.NFO,07/01/2020,09:24:46,178.75,178.85,100,187.35,300,0,41500
MARUTI30Jan207200PE.NFO,07/01/2020,09:24:47,178.75,178.9,500,187.35,300,0,41500
MARUTI30Jan207200PE.NFO,07/01/2020,09:24:48,178.75,179.05,100,187.55,100,0,41500
MARUTI30Jan207200PE.NFO,07/01/2020,09:24:49,178.75,179.1,300,187.35,100,0,41500
MARUTI30Jan207200PE.NFO,07/01/2020,09:24:53,178.75,179.1,500,187.15,100,0,41500
MARUTI30Jan207200PE.NFO,07/01/2020,09:24:54,178.75,179.1,500,187.05,300,0,41500
MARUTI30Jan207200PE.NFO,07/01/2020,09:24:56,178.75,179.15,200,187.05,300,0,41500
MARUTI30Jan207200PE.NFO,07/01/2020,09:24:57,178.75,179.25,300,186.95,100,0,41500
MARUTI30Jan207200PE.NFO,07/01/2020,09:24:58,178.75,179.3,300,186.95,100,0,41500
MARUTI30Jan207200PE.NFO,07/01/2020,09:24:59,178.75,179.3,200,186.1,100,0,41500
MARUTI30Jan207200PE.NFO,07/01/2020,09:25:00,178.75,179.35,300,185.95,100,0,41500
MARUTI30Jan207200PE.NFO,07/01/2020,09:25:03,178.75,179.55,100,185.95,300,0,41500
MARUTI30Jan207200PE.NFO,07/01/2020,09:25:04,178.75,179.6,500,185.85,100,0,41500
MARUTI30Jan207200PE.NFO,07/01/2020,09:25:05,178.75,179.6,300,185.85,100,0,41500
MARUTI30Jan207200PE.NFO,07/01/2020,09:25:06,178.75,179.6,300,185.85,300,0,41500
MARUTI30Jan207200PE.NFO,07/01/2020,09:25:07,178.75,179.6,300,185.75,100,0,41500
MARUTI30Jan207200PE.NFO,07/01/2020,09:25:08,178.75,178.85,300,185.75,300,0,41500
MARUTI30Jan207200PE.NFO,07/01/2020,09:25:09,178.75,178.95,100,185.75,300,0,41500
MARUTI30Jan207200PE.NFO,07/01/2020,09:25:10,178.75,179,400,185.75,300,0,41500
MARUTI30Jan207200PE.NFO,07/01/2020,09:25:12,178.75,179.15,300,185.75,300,0,41500
MARUTI30Jan207200PE.NFO,07/01/2020,09:25:16,178.75,179.15,500,187.1,100,0,41500
MARUTI30Jan207200PE.NFO,07/01/2020,09:25:17,178.75,179.15,500,187.2,100,0,41500
MARUTI30Jan207200PE.NFO,07/01/2020,09:25:18,178.75,179.15,500,187,100,0,41500
MARUTI30Jan207200PE.NFO,07/01/2020,09:25:20,178.75,179.3,100,186.7,100,0,41500
MARUTI30Jan207200PE.NFO,07/01/2020,09:25:21,178.75,179.35,300,186.25,100,0,41500
MARUTI30Jan207200PE.NFO,07/01/2020,09:25:22,178.75,179.35,300,186.05,200,0,41500
MARUTI30Jan207200PE.NFO,07/01/2020,09:25:23,178.75,179.4,200,186.05,100,0,41500
MARUTI30Jan207200PE.NFO,07/01/2020,09:25:24,178.75,179.5,300,187.55,100,0,41500
MARUTI30Jan207200PE.NFO,07/01/2020,09:25:25,178.75,179.55,200,186.95,100,0,41500
MARUTI30Jan207200PE.NFO,07/01/2020,09:25:26,178.75,179.6,500,186.95,300,0,41500
MARUTI30Jan207200PE.NFO,07/01/2020,09:25:27,178.75,179.75,100,186.65,100,0,41500
MARUTI30Jan207200PE.NFO,07/01/2020,09:25:28,178.75,179.75,300,186.6,100,0,41500
MARUTI30Jan207200PE.NFO,07/01/2020,09:25:29,178.75,179.75,300,186.35,100,0,41500
MARUTI30Jan207200PE.NFO,07/01/2020,09:25:30,178.75,179.8,300,186.35,300,0,41500
MARUTI30Jan207200PE.NFO,07/01/2020,09:25:32,178.75,178.9,300,185.95,100,0,41500
MARUTI30Jan207200PE.NFO,07/01/2020,09:25:33,178.75,178.9,500,185.9,100,0,41500
MARUTI30Jan207200PE.NFO,07/01/2020,09:25:35,178.75,179.1,300,185.9,300,0,41500
MARUTI30Jan207200PE.NFO,07/01/2020,09:25:42,178.75,179.2,100,185.8,100,0,41500
MARUTI30Jan207200PE.NFO,07/01/2020,09:25:43,178.75,179.25,400,185.8,300,0,41500
MARUTI30Jan207200PE.NFO,07/01/2020,09:25:44,178.75,178.85,200,185.8,300,0,41500
MARUTI30Jan207200PE.NFO,07/01/2020,09:25:46,178.75,179,400,185.8,300,0,41500
MARUTI30Jan207200PE.NFO,07/01/2020,09:25:47,178.75,179,500,185.8,300,0,41500
MARUTI30Jan207200PE.NFO,07/01/2020,09:25:49,178.75,179,400,185.8,300,0,41500
MARUTI30Jan207200PE.NFO,07/01/2020,09:25:50,178.75,179.15,100,185.8,300,0,41500
MARUTI30Jan207200PE.NFO,07/01/2020,09:25:51,178.75,179.2,500,185.8,300,0,41500
MARUTI30Jan207200PE.NFO,07/01/2020,09:25:53,178.75,179.25,300,185.8,300,0,41500
MARUTI30Jan207200PE.NFO,07/01/2020,09:25:54,178.75,179.35,100,185.8,300,0,41500
MARUTI30Jan207200PE.NFO,07/01/2020,09:25:55,178.75,179.4,500,185.8,300,0,41500
MARUTI30Jan207200PE.NFO,07/01/2020,09:25:59,178.75,179.45,200,185.8,300,0,41500
MARUTI30Jan207200PE.NFO,07/01/2020,09:26:00,178.75,179.65,300,186.8,100,0,41500
MARUTI30Jan207200PE.NFO,07/01/2020,09:26:02,178.75,179.65,500,186.8,100,0,41500
MARUTI30Jan207200PE.NFO,07/01/2020,09:26:03,178.75,179.65,500,186.55,100,0,41500
MARUTI30Jan207200PE.NFO,07/01/2020,09:26:04,178.75,179.85,100,186.55,300,0,41500
MARUTI30Jan207200PE.NFO,07/01/2020,09:26:05,178.75,179.9,500,186.55,300,0,41500
MARUTI30Jan207200PE.NFO,07/01/2020,09:26:07,178.75,180.05,300,186.55,300,0,41500
MARUTI30Jan207200PE.NFO,07/01/2020,09:26:08,178.75,180.15,300,186.4,100,0,41500
MARUTI30Jan207200PE.NFO,07/01/2020,09:26:08,178.75,180.2,300,186.4,100,0,41500
MARUTI30Jan207200PE.NFO,07/01/2020,09:26:10,178.75,180.3,300,186.4,300,0,41500
MARUTI30Jan207200PE.NFO,07/01/2020,09:26:11,178.75,180.35,100,186.3,100,0,41500
MARUTI30Jan207200PE.NFO,07/01/2020,09:26:11,178.75,180.4,500,186.3,300,0,41500
MARUTI30Jan207200PE.NFO,07/01/2020,09:26:18,178.75,179.05,500,184.9,300,0,41500
MARUTI30Jan207200PE.NFO,07/01/2020,09:26:23,184.9,178.95,200,186.8,100,200,41400
MARUTI30Jan207200PE.NFO,07/01/2020,09:26:29,184.9,180.3,200,185.2,200,0,41400
MARUTI30Jan207200PE.NFO,07/01/2020,09:26:35,184.9,180.4,100,185.1,200,0,41400
MARUTI30Jan207200PE.NFO,07/01/2020,09:26:41,184.9,180.7,100,186.8,200,0,41400
MARUTI30Jan207200PE.NFO,07/01/2020,09:26:46,184.9,179,600,186.1,100,0,41400
MARUTI30Jan207200PE.NFO,07/01/2020,09:26:52,184.9,179.2,300,185.9,200,0,41400
MARUTI30Jan207200PE.NFO,07/01/2020,09:26:58,184.9,180.9,200,187.75,100,0,41400
MARUTI30Jan207200PE.NFO,07/01/2020,09:27:04,184.9,181.2,200,186.75,100,0,41400
MARUTI30Jan207200PE.NFO,07/01/2020,09:27:09,184.9,181.65,200,186.65,200,0,41400
MARUTI30Jan207200PE.NFO,07/01/2020,09:27:12,184.9,181.75,200,186.65,200,0,41400
MARUTI30Jan207200PE.NFO,07/01/2020,09:27:13,184.9,181.85,200,186.65,200,0,41400
MARUTI30Jan207200PE.NFO,07/01/2020,09:27:14,184.9,181.95,200,186.65,200,0,41400
MARUTI30Jan207200PE.NFO,07/01/2020,09:27:15,184.9,182.05,200,186.65,200,0,41400
MARUTI30Jan207200PE.NFO,07/01/2020,09:27:16,184.9,182.15,100,186.65,200,0,41400
MARUTI30Jan207200PE.NFO,07/01/2020,09:27:17,184.9,182.2,400,186.65,200,0,41400
MARUTI30Jan207200PE.NFO,07/01/2020,09:27:18,184.9,182.15,100,187.3,100,0,41400
MARUTI30Jan207200PE.NFO,07/01/2020,09:27:19,184.9,182.25,100,187.15,100,0,41400
MARUTI30Jan207200PE.NFO,07/01/2020,09:27:20,184.9,182.55,300,187.5,100,0,41400
MARUTI30Jan207200PE.NFO,07/01/2020,09:27:21,184.9,182.55,300,187.45,100,0,41400
MARUTI30Jan207200PE.NFO,07/01/2020,09:27:23,184.9,182.65,100,187.35,100,0,41400
MARUTI30Jan207200PE.NFO,07/01/2020,09:27:26,184.9,182.75,100,187.3,100,0,41400
MARUTI30Jan207200PE.NFO,07/01/2020,09:27:27,184.9,182.85,100,187.3,100,0,41400
MARUTI30Jan207200PE.NFO,07/01/2020,09:27:28,184,182.85,100,186.8,100,600,41400
MARUTI30Jan207200PE.NFO,07/01/2020,09:27:31,187.6,183,200,191.5,200,100,41400
MARUTI30Jan207200PE.NFO,07/01/2020,09:27:32,187.6,183.4,200,191.5,300,0,41400
MARUTI30Jan207200PE.NFO,07/01/2020,09:27:33,187.6,183.6,200,191.5,300,0,41400
MARUTI30Jan207200PE.NFO,07/01/2020,09:27:34,187.6,184.2,100,190.3,100,0,41400
MARUTI30Jan207200PE.NFO,07/01/2020,09:27:35,187.6,184.4,100,190.25,100,0,41400
MARUTI30Jan207200PE.NFO,07/01/2020,09:27:36,187.6,184.55,100,189.9,100,0,41400
MARUTI30Jan207200PE.NFO,07/01/2020,09:27:37,187.6,184.65,100,190.1,200,0,41400
MARUTI30Jan207200PE.NFO,07/01/2020,09:27:38,187.6,184.75,100,190.1,300,0,41400
MARUTI30Jan207200PE.NFO,07/01/2020,09:27:39,187.6,184.85,100,190.1,300,0,41400
MARUTI30Jan207200PE.NFO,07/01/2020,09:27:41,187.6,185.05,100,190.1,300,0,41400
MARUTI30Jan207200PE.NFO,07/01/2020,09:27:42,187.6,185.15,100,190,100,0,41400
MARUTI30Jan207200PE.NFO,07/01/2020,09:27:43,187.6,185.3,100,189.8,100,0,41400
MARUTI30Jan207200PE.NFO,07/01/2020,09:27:44,189.75,185.6,100,191.85,100,100,41400
MARUTI30Jan207200PE.NFO,07/01/2020,09:27:45,189.75,185.7,100,190.6,100,0,41400
MARUTI30Jan207200PE.NFO,07/01/2020,09:27:56,189.75,185.7,300,190.35,200,0,41400
MARUTI30Jan207200PE.NFO,07/01/2020,09:27:56,189.75,185.7,300,190.35,100,0,41400
MARUTI30Jan207200PE.NFO,07/01/2020,09:27:57,189.75,185.8,100,190.35,100,0,41400
MARUTI30Jan207200PE.NFO,07/01/2020,09:27:58,189.75,185.9,100,190.35,100,0,41400
MARUTI30Jan207200PE.NFO,07/01/2020,09:28:00,189.75,186,100,190.5,100,0,41400
MARUTI30Jan207200PE.NFO,07/01/2020,09:28:01,189.75,186.3,100,193.85,400,0,41400
MARUTI30Jan207200PE.NFO,07/01/2020,09:28:02,189.75,186.5,100,193.85,500,0,41400
MARUTI30Jan207200PE.NFO,07/01/2020,09:28:03,189.75,186.7,100,193.85,500,0,41400
MARUTI30Jan207200PE.NFO,07/01/2020,09:28:04,189.75,187.1,100,193.85,500,0,41400
MARUTI30Jan207200PE.NFO,07/01/2020,09:28:08,189.75,187.3,100,193.85,500,0,41400
MARUTI30Jan207200PE.NFO,07/01/2020,09:28:11,189.75,187.6,100,193.85,500,0,41400
MARUTI30Jan207200PE.NFO,07/01/2020,09:28:17,189.75,187.65,100,193.85,500,0,41400
MARUTI30Jan207200PE.NFO,07/01/2020,09:28:21,189.75,187.85,100,193.85,500,0,41400
MARUTI30Jan207200PE.NFO,07/01/2020,09:28:27,189.75,188.15,100,193.85,300,0,41400
MARUTI30Jan207200PE.NFO,07/01/2020,09:28:39,189.75,188.3,300,193.75,100,0,41400
MARUTI30Jan207200PE.NFO,07/01/2020,09:28:43,189.75,188.4,100,193.75,200,0,41400
MARUTI30Jan207200PE.NFO,07/01/2020,09:28:49,189.75,186.8,200,192.6,200,0,41400
MARUTI30Jan207200PE.NFO,07/01/2020,09:28:55,189.75,186.1,100,191.35,100,0,41400
MARUTI30Jan207200PE.NFO,07/01/2020,09:29:00,189.75,186.1,300,190.65,100,0,41400
MARUTI30Jan207200PE.NFO,07/01/2020,09:29:05,190.65,186.75,300,191.55,100,100,41400
MARUTI30Jan207200PE.NFO,07/01/2020,09:29:05,190.65,186.75,300,191.55,100,0,41400
MARUTI30Jan207200PE.NFO,07/01/2020,09:29:11,190.65,187.75,300,193,100,0,41400
MARUTI30Jan207200PE.NFO,07/01/2020,09:29:16,190.65,187.75,300,192.95,100,0,41400
MARUTI30Jan207200PE.NFO,07/01/2020,09:29:28,190.65,188.3,100,192.95,100,0,41400
MARUTI30Jan207200PE.NFO,07/01/2020,09:29:33,190.65,186.25,400,192.65,200,0,41400
MARUTI30Jan207200PE.NFO,07/01/2020,09:29:39,190.65,186.35,100,191.15,100,0,41400
MARUTI30Jan207200PE.NFO,07/01/2020,09:29:44,190.65,187.75,300,193.5,100,0,41400
MARUTI30Jan207200PE.NFO,07/01/2020,09:29:53,190.65,187.75,300,194.55,100,0,41400
MARUTI30Jan207200PE.NFO,07/01/2020,09:30:01,190.65,187.75,300,193.45,100,0,41400
MARUTI30Jan207200PE.NFO,07/01/2020,09:30:07,190.65,186.5,200,192.25,200,0,41400
MARUTI30Jan207200PE.NFO,07/01/2020,09:30:12,190.65,184.6,400,191.4,100,0,41400
MARUTI30Jan207200PE.NFO,07/01/2020,09:30:17,190.65,185.1,100,193.35,200,0,41400
MARUTI30Jan207200PE.NFO,07/01/2020,09:30:22,190.65,185.3,200,193.35,300,0,41400
MARUTI30Jan207200PE.NFO,07/01/2020,09:30:27,190.65,185.3,300,191.65,100,0,41400
MARUTI30Jan207200PE.NFO,07/01/2020,09:30:32,190.65,185.5,100,190.15,100,0,41400
MARUTI30Jan207200PE.NFO,07/01/2020,09:30:37,190.65,185.65,100,193.45,200,0,41400
MARUTI30Jan207200PE.NFO,07/01/2020,09:30:42,190.65,185.7,300,193.35,300,0,41400
MARUTI30Jan207200PE.NFO,07/01/2020,09:30:47,190.65,185.7,300,191.4,100,0,41400
MARUTI30Jan207200PE.NFO,07/01/2020,09:30:52,190.65,185.1,100,192.95,100,0,41400
MARUTI30Jan207200PE.NFO,07/01/2020,09:30:57,190.65,185.1,300,190.8,100,0,41400
MARUTI30Jan207200PE.NFO,07/01/2020,09:31:01,190.65,181,700,189.15,100,0,41400
MARUTI30Jan207200PE.NFO,07/01/2020,09:31:07,190.65,181.4,100,188.15,200,0,41400
MARUTI30Jan207200PE.NFO,07/01/2020,09:31:14,190.65,181.85,300,188.4,200,0,41400
MARUTI30Jan207200PE.NFO,07/01/2020,09:31:20,190.65,182.1,100,188.05,300,0,41400
MARUTI30Jan207200PE.NFO,07/01/2020,09:31:26,190.65,181.9,400,188.65,200,0,41400
MARUTI30Jan207200PE.NFO,07/01/2020,09:31:36,190.65,181.9,400,188.65,300,0,41400
MARUTI30Jan207200PE.NFO,07/01/2020,09:31:42,190.65,181.9,400,187.75,100,0,41400
MARUTI30Jan207200PE.NFO,07/01/2020,09:31:48,190.65,182,300,188.1,300,0,41400
MARUTI30Jan207200PE.NFO,07/01/2020,09:31:53,190.65,181.8,200,186.9,200,0,41400
MARUTI30Jan207200PE.NFO,07/01/2020,09:31:59,190.65,181.85,300,188.1,300,0,41400
MARUTI30Jan207200PE.NFO,07/01/2020,09:32:04,190.65,181.8,200,186.05,100,0,41400
MARUTI30Jan207200PE.NFO,07/01/2020,09:32:10,190.65,179.6,100,186.3,100,0,41400
MARUTI30Jan207200PE.NFO,07/01/2020,09:32:15,190.65,180.55,300,187.4,100,0,41400
MARUTI30Jan207200PE.NFO,07/01/2020,09:32:21,190.65,180.55,300,186.35,100,0,41400
MARUTI30Jan207200PE.NFO,07/01/2020,09:32:28,190.65,180.45,200,185.65,100,0,41400
MARUTI30Jan207200PE.NFO,07/01/2020,09:32:34,190.65,180.5,300,186.55,200,0,41400
MARUTI30Jan207200PE.NFO,07/01/2020,09:32:51,186.55,180.5,300,185.85,100,100,41900
MARUTI30Jan207200PE.NFO,07/01/2020,09:32:56,185.75,180.6,300,187.35,200,100,41900
MARUTI30Jan207200PE.NFO,07/01/2020,09:33:02,185.75,180.6,300,187.05,100,0,41900
MARUTI30Jan207200PE.NFO,07/01/2020,09:33:08,185.75,180.6,300,188.05,100,0,41900
MARUTI30Jan207200PE.NFO,07/01/2020,09:33:13,185.75,180.6,300,187.75,100,0,41900
MARUTI30Jan207200PE.NFO,07/01/2020,09:33:19,185.75,181,200,187.75,200,0,41900
MARUTI30Jan207200PE.NFO,07/01/2020,09:33:24,185.75,182.4,100,188.65,200,0,41900
MARUTI30Jan207200PE.NFO,07/01/2020,09:33:29,185.75,182.4,300,189.05,100,0,41900
MARUTI30Jan207200PE.NFO,07/01/2020,09:33:39,185.75,182.4,300,188.85,100,0,41900
MARUTI30Jan207200PE.NFO,07/01/2020,09:33:45,185.75,182.4,300,188.3,100,0,41900
MARUTI30Jan207200PE.NFO,07/01/2020,09:33:50,185.75,182.4,300,188.2,100,0,41900
MARUTI30Jan207200PE.NFO,07/01/2020,09:33:54,185.75,182.4,300,186.95,100,0,41900
MARUTI30Jan207200PE.NFO,07/01/2020,09:33:58,185.75,182.4,300,186.85,100,0,41900
MARUTI30Jan207200PE.NFO,07/01/2020,09:34:03,185.75,180.4,100,186.85,100,0,41900
MARUTI30Jan207200PE.NFO,07/01/2020,09:34:14,185.75,180.4,300,187.35,100,0,41900
MARUTI30Jan207200PE.NFO,07/01/2020,09:34:19,185.75,180.6,300,187.25,100,0,41900
MARUTI30Jan207200PE.NFO,07/01/2020,09:34:24,185.75,182.35,300,188.65,200,0,41900
MARUTI30Jan207200PE.NFO,07/01/2020,09:34:30,185.75,182.55,300,188.85,100,0,41900
MARUTI30Jan207200PE.NFO,07/01/2020,09:34:36,185.75,182.95,100,189.95,200,0,41900
MARUTI30Jan207200PE.NFO,07/01/2020,09:34:42,185.75,183.15,300,188.95,100,0,41900
MARUTI30Jan207200PE.NFO,07/01/2020,09:34:47,185.75,183.15,300,188.65,100,0,41900
MARUTI30Jan207200PE.NFO,07/01/2020,09:34:58,185.75,183.35,100,189.35,100,0,41900
MARUTI30Jan207200PE.NFO,07/01/2020,09:35:04,185.75,183.65,300,188.75,100,0,41900
MARUTI30Jan207200PE.NFO,07/01/2020,09:35:09,185.75,183.75,300,188.95,100,0,41900
MARUTI30Jan207200PE.NFO,07/01/2020,09:35:19,185.75,183.85,300,188.65,100,0,41900
MARUTI30Jan207200PE.NFO,07/01/2020,09:35:23,185.75,184.05,100,188.75,100,0,41900
MARUTI30Jan207200PE.NFO,07/01/2020,09:35:28,185.75,184.15,100,189.85,100,0,41900
MARUTI30Jan207200PE.NFO,07/01/2020,09:35:33,185.75,184.85,100,190.75,200,0,41900
MARUTI30Jan207200PE.NFO,07/01/2020,09:35:38,185.75,184.95,100,190.7,200,0,41900
MARUTI30Jan207200PE.NFO,07/01/2020,09:35:44,185.75,188.85,100,192.9,100,0,41900
MARUTI30Jan207200PE.NFO,07/01/2020,09:35:51,185.75,185.05,400,191.05,100,0,41900
MARUTI30Jan207200PE.NFO,07/01/2020,09:35:57,185.75,185.25,200,190.75,200,0,41900
MARUTI30Jan207200PE.NFO,07/01/2020,09:36:03,185.75,186.25,100,191.45,100,0,41900
MARUTI30Jan207200PE.NFO,07/01/2020,09:36:08,185.75,186.25,300,191.35,100,0,41900
MARUTI30Jan207200PE.NFO,07/01/2020,09:36:12,185.75,186.25,100,190.85,100,0,41900
MARUTI30Jan207200PE.NFO,07/01/2020,09:36:14,185.75,186.25,100,190.9,100,0,41900
MARUTI30Jan207200PE.NFO,07/01/2020,09:36:16,185.75,186.25,300,190.9,200,0,41900
MARUTI30Jan207200PE.NFO,07/01/2020,09:36:17,185.75,184.15,200,190.75,100,0,41900
MARUTI30Jan207200PE.NFO,07/01/2020,09:36:18,185.75,184.15,400,190,100,0,41900
MARUTI30Jan207200PE.NFO,07/01/2020,09:36:22,185.75,184.35,200,189.95,100,0,41900
MARUTI30Jan207200PE.NFO,07/01/2020,09:36:23,185.75,184.45,200,189.95,200,0,41900
MARUTI30Jan207200PE.NFO,07/01/2020,09:36:24,185.75,184.55,400,189.95,200,0,41900
MARUTI30Jan207200PE.NFO,07/01/2020,09:36:26,185.75,184.75,200,189.95,200,0,41900
MARUTI30Jan207200PE.NFO,07/01/2020,09:36:29,185.75,184.95,200,189.9,200,0,41900
MARUTI30Jan207200PE.NFO,07/01/2020,09:36:30,185.75,185.05,200,190.95,100,0,41900
MARUTI30Jan207200PE.NFO,07/01/2020,09:36:31,185.75,185.3,100,190.45,100,0,41900
MARUTI30Jan207200PE.NFO,07/01/2020,09:36:33,185.75,185.45,100,189.85,100,0,41900
MARUTI30Jan207200PE.NFO,07/01/2020,09:36:34,185.75,185.55,100,189.4,100,0,41900
MARUTI30Jan207200PE.NFO,07/01/2020,09:36:34,185.75,185.55,100,189.35,100,0,41900
MARUTI30Jan207200PE.NFO,07/01/2020,09:36:37,185.65,184.15,100,189.3,100,100,41700
MARUTI30Jan207200PE.NFO,07/01/2020,09:36:39,185.65,184.15,300,189.55,100,0,41700
MARUTI30Jan207200PE.NFO,07/01/2020,09:36:41,185.65,184.35,100,189.55,200,0,41700
MARUTI30Jan207200PE.NFO,07/01/2020,09:36:42,185.65,184.35,300,191.6,400,0,41700
MARUTI30Jan207200PE.NFO,07/01/2020,09:36:46,185.65,184.55,100,191.6,400,0,41700
MARUTI30Jan207200PE.NFO,07/01/2020,09:36:46,185.65,184.65,100,191.6,400,0,41700
MARUTI30Jan207200PE.NFO,07/01/2020,09:36:48,185.65,184.65,300,191.6,400,0,41700
MARUTI30Jan207200PE.NFO,07/01/2020,09:36:49,185.65,184.75,100,191.6,400,0,41700
MARUTI30Jan207200PE.NFO,07/01/2020,09:36:51,185.65,184.75,300,191.4,100,0,41700
MARUTI30Jan207200PE.NFO,07/01/2020,09:36:52,185.65,184.85,300,189.85,100,0,41700
MARUTI30Jan207200PE.NFO,07/01/2020,09:36:52,185.65,184.95,100,191.4,200,0,41700
MARUTI30Jan207200PE.NFO,07/01/2020,09:36:56,185.65,185.15,300,190.65,100,0,41700
MARUTI30Jan207200PE.NFO,07/01/2020,09:36:57,185.65,185.25,100,190.3,100,0,41700
MARUTI30Jan207200PE.NFO,07/01/2020,09:36:58,185.65,185.35,300,190.05,100,0,41700
MARUTI30Jan207200PE.NFO,07/01/2020,09:36:59,185.65,185.45,100,190.05,100,0,41700
MARUTI30Jan207200PE.NFO,07/01/2020,09:37:00,185.65,185.45,300,190.6,100,0,41700
MARUTI30Jan207200PE.NFO,07/01/2020,09:37:01,185.65,185.65,100,191.25,100,0,41700
MARUTI30Jan207200PE.NFO,07/01/2020,09:37:02,185.65,185.75,100,191.1,200,0,41700
MARUTI30Jan207200PE.NFO,07/01/2020,09:37:04,185.65,185.85,100,191.1,200,0,41700
MARUTI30Jan207200PE.NFO,07/01/2020,09:37:05,185.65,185.95,100,191.1,200,0,41700
MARUTI30Jan207200PE.NFO,07/01/2020,09:37:06,185.65,186.05,100,191.1,200,0,41700
MARUTI30Jan207200PE.NFO,07/01/2020,09:37:07,185.65,186.15,100,191.1,200,0,41700
MARUTI30Jan207200PE.NFO,07/01/2020,09:37:08,185.65,184.15,300,190.45,100,0,41700
MARUTI30Jan207200PE.NFO,07/01/2020,09:37:09,185.65,184.15,500,190.55,100,0,41700
MARUTI30Jan207200PE.NFO,07/01/2020,09:37:10,185.65,184.25,100,190.5,100,0,41700
MARUTI30Jan207200PE.NFO,07/01/2020,09:37:11,185.65,184.35,100,190.5,200,0,41700
MARUTI30Jan207200PE.NFO,07/01/2020,09:37:11,185.65,184.45,100,190.5,200,0,41700
MARUTI30Jan207200PE.NFO,07/01/2020,09:37:12,185.65,184.55,100,190.4,100,0,41700
MARUTI30Jan207200PE.NFO,07/01/2020,09:37:14,185.65,184.65,300,190.25,100,0,41700
MARUTI30Jan207200PE.NFO,07/01/2020,09:37:15,185.65,184.85,100,190.25,200,0,41700
MARUTI30Jan207200PE.NFO,07/01/2020,09:37:16,185.65,184.95,100,192.25,300,0,41700
MARUTI30Jan207200PE.NFO,07/01/2020,09:37:17,185.65,185.05,100,192.25,400,0,41700
MARUTI30Jan207200PE.NFO,07/01/2020,09:37:18,185.65,185.15,100,192.25,400,0,41700
MARUTI30Jan207200PE.NFO,07/01/2020,09:37:19,185.65,184.15,300,190.65,100,0,41700
MARUTI30Jan207200PE.NFO,07/01/2020,09:37:20,185.65,184.15,500,190.05,100,0,41700
MARUTI30Jan207200PE.NFO,07/01/2020,09:37:21,185.65,184.15,500,190.1,200,0,41700
MARUTI30Jan207200PE.NFO,07/01/2020,09:37:22,185.65,184.15,500,190.1,100,0,41700
MARUTI30Jan207200PE.NFO,07/01/2020,09:37:24,185.65,184.25,100,192,100,0,41700
MARUTI30Jan207200PE.NFO,07/01/2020,09:37:24,185.65,184.35,100,191.8,100,0,41700
MARUTI30Jan207200PE.NFO,07/01/2020,09:37:25,185.65,184.5,100,193.65,300,0,41700
MARUTI30Jan207200PE.NFO,07/01/2020,09:37:26,185.65,184.5,300,192.45,100,0,41700
MARUTI30Jan207200PE.NFO,07/01/2020,09:37:27,185.65,184.7,100,191.85,100,0,41700
MARUTI30Jan207200PE.NFO,07/01/2020,09:37:28,185.65,184.8,100,191.85,200,0,41700
MARUTI30Jan207200PE.NFO,07/01/2020,09:37:29,185.65,184.9,100,191.85,200,0,41700
MARUTI30Jan207200PE.NFO,07/01/2020,09:37:30,185.65,184.9,300,191.6,100,0,41700
MARUTI30Jan207200PE.NFO,07/01/2020,09:37:31,185.65,185.1,100,193.1,300,0,41700
MARUTI30Jan207200PE.NFO,07/01/2020,09:37:32,185.65,185.2,100,193.1,400,0,41700
MARUTI30Jan207200PE.NFO,07/01/2020,09:37:33,185.65,185.3,100,193.1,400,0,41700
MARUTI30Jan207200PE.NFO,07/01/2020,09:37:35,185.65,185.5,100,193.1,400,0,41700
MARUTI30Jan207200PE.NFO,07/01/2020,09:37:36,185.65,185.6,100,193.1,400,0,41700
MARUTI30Jan207200PE.NFO,07/01/2020,09:37:37,185.65,190,100,192.95,200,0,41700
MARUTI30Jan207200PE.NFO,07/01/2020,09:37:39,185.65,190,100,192.25,200,0,41700
MARUTI30Jan207200PE.NFO,07/01/2020,09:37:54,192.25,188.45,300,192.4,100,100,41700
MARUTI30Jan207200PE.NFO,07/01/2020,09:37:54,192.25,188.45,300,192.4,100,0,41700
MARUTI30Jan207200PE.NFO,07/01/2020,09:37:56,192.25,188.45,300,193.05,200,0,41700
MARUTI30Jan207200PE.NFO,07/01/2020,09:37:57,192.25,188.45,100,193.05,200,0,41700
MARUTI30Jan207200PE.NFO,07/01/2020,09:37:59,192.25,188.45,100,192.85,100,0,41700
MARUTI30Jan207200PE.NFO,07/01/2020,09:38:04,192.25,188.45,300,192.6,100,0,41700
MARUTI30Jan207200PE.NFO,07/01/2020,09:38:05,192.25,188.45,300,192.65,100,0,41700
MARUTI30Jan207200PE.NFO,07/01/2020,09:38:12,192.25,184.6,600,192.65,100,0,41700
MARUTI30Jan207200PE.NFO,07/01/2020,09:38:13,192.25,184.7,400,192.4,100,0,41700
MARUTI30Jan207200PE.NFO,07/01/2020,09:38:17,192.25,184.8,500,191.8,100,0,41700
MARUTI30Jan207200PE.NFO,07/01/2020,09:38:21,192.25,185.85,100,191.8,100,0,41700
MARUTI30Jan207200PE.NFO,07/01/2020,09:38:25,192.25,187.55,100,191.85,100,0,41700
MARUTI30Jan207200PE.NFO,07/01/2020,09:38:30,192.25,187.2,100,190.9,100,0,41700
MARUTI30Jan207200PE.NFO,07/01/2020,09:38:34,192.25,187.5,100,190.9,100,0,41700
MARUTI30Jan207200PE.NFO,07/01/2020,09:38:38,192.25,187.65,100,192.9,100,0,41700
MARUTI30Jan207200PE.NFO,07/01/2020,09:38:43,192.25,187.7,100,191.9,100,0,41700
MARUTI30Jan207200PE.NFO,07/01/2020,09:38:47,192.25,184.6,800,193.2,200,0,41700
MARUTI30Jan207200PE.NFO,07/01/2020,09:38:52,192.25,186.25,200,193.2,300,0,41700
MARUTI30Jan207200PE.NFO,07/01/2020,09:38:56,192.25,187.15,200,193.2,300,0,41700
MARUTI30Jan207200PE.NFO,07/01/2020,09:39:23,192.25,187.15,300,192.7,100,0,41700
MARUTI30Jan207200PE.NFO,07/01/2020,09:39:27,192.25,187.15,300,192.6,100,0,41700
MARUTI30Jan207200PE.NFO,07/01/2020,09:39:32,192.25,187.15,300,192.6,200,0,41700
MARUTI30Jan207200PE.NFO,07/01/2020,09:39:40,192.25,187.25,400,192.6,200,0,41700
MARUTI30Jan207200PE.NFO,07/01/2020,09:39:49,192.25,187.25,400,192.5,100,0,41700
MARUTI30Jan207200PE.NFO,07/01/2020,09:39:52,192.25,187.25,400,192.5,200,0,41700
MARUTI30Jan207200PE.NFO,07/01/2020,09:39:56,192.25,187.25,400,192.5,100,0,41700
MARUTI30Jan207200PE.NFO,07/01/2020,09:40:05,187.25,187.05,200,191.95,400,100,41700
MARUTI30Jan207200PE.NFO,07/01/2020,09:40:11,187.25,187.05,200,191.95,400,0,41700
MARUTI30Jan207200PE.NFO,07/01/2020,09:40:16,187.25,187.2,200,192.45,200,0,41700
MARUTI30Jan207200PE.NFO,07/01/2020,09:40:21,192.4,187.2,400,194.8,100,100,41700
MARUTI30Jan207200PE.NFO,07/01/2020,09:40:21,192.4,187.2,400,194.8,100,0,41700
MARUTI30Jan207200PE.NFO,07/01/2020,09:40:26,192.4,187.2,400,194.75,200,0,41700
MARUTI30Jan207200PE.NFO,07/01/2020,09:40:31,192.4,187.45,300,195.75,100,0,41700
MARUTI30Jan207200PE.NFO,07/01/2020,09:40:36,192.4,187.85,100,195.95,100,0,41700
MARUTI30Jan207200PE.NFO,07/01/2020,09:40:41,192.4,188.15,200,195.9,200,0,41700
MARUTI30Jan207200PE.NFO,07/01/2020,09:40:46,192.4,188.15,400,195.9,200,0,41700
MARUTI30Jan207200PE.NFO,07/01/2020,09:40:50,192.4,189.3,300,192,100,0,41700
MARUTI30Jan207200PE.NFO,07/01/2020,09:40:59,192.4,189.5,100,192,100,0,41700
MARUTI30Jan207200PE.NFO,07/01/2020,09:41:11,192.4,190.1,100,192,100,0,41700
MARUTI30Jan207200PE.NFO,07/01/2020,09:41:15,192.4,190.5,100,192,100,0,41700
MARUTI30Jan207200PE.NFO,07/01/2020,09:41:24,192.4,190.75,100,192,100,0,41700
MARUTI30Jan207200PE.NFO,07/01/2020,09:41:29,192.4,191,100,192,100,0,41700
MARUTI30Jan207200PE.NFO,07/01/2020,09:41:39,192.4,191.25,100,192,100,0,41700
MARUTI30Jan207200PE.NFO,07/01/2020,09:41:43,191.25,188.7,400,192,100,100,41700
MARUTI30Jan207200PE.NFO,07/01/2020,09:41:48,191.25,189,200,192,100,0,41700
MARUTI30Jan207200PE.NFO,07/01/2020,09:41:54,191.25,189.1,200,192,100,0,41700
MARUTI30Jan207200PE.NFO,07/01/2020,09:42:00,191.25,190,300,192,100,0,41700
MARUTI30Jan207200PE.NFO,07/01/2020,09:42:07,192,187.5,300,194.65,100,100,41700
MARUTI30Jan207200PE.NFO,07/01/2020,09:42:14,192,188,100,193.4,100,0,41700
MARUTI30Jan207200PE.NFO,07/01/2020,09:42:20,192,188.4,100,193.3,200,0,41700
MARUTI30Jan207200PE.NFO,07/01/2020,09:42:27,192,188.4,300,193.2,200,0,41700
MARUTI30Jan207200PE.NFO,07/01/2020,09:42:47,192,187.35,100,192.6,100,0,41700
MARUTI30Jan207200PE.NFO,07/01/2020,09:42:53,192,187.75,300,194.05,100,0,41700
MARUTI30Jan207200PE.NFO,07/01/2020,09:43:00,192,187.75,300,193.55,100,0,41700
MARUTI30Jan207200PE.NFO,07/01/2020,09:43:10,192,187.8,300,192.1,100,0,41700
MARUTI30Jan207200PE.NFO,07/01/2020,09:43:16,192,187.8,300,192.05,100,0,41700
MARUTI30Jan207200PE.NFO,07/01/2020,09:43:21,192,187.8,300,192.75,100,0,41700
MARUTI30Jan207200PE.NFO,07/01/2020,09:43:27,192,187.8,300,192,100,0,41700
MARUTI30Jan207200PE.NFO,07/01/2020,09:43:36,192,188.15,300,193.9,100,0,41700
MARUTI30Jan207200PE.NFO,07/01/2020,09:43:41,192,188.15,300,193.7,100,0,41700
MARUTI30Jan207200PE.NFO,07/01/2020,09:43:46,192,188.15,300,193.5,200,0,41700
MARUTI30Jan207200PE.NFO,07/01/2020,09:43:50,192,188.15,300,193.4,200,0,41700
MARUTI30Jan207200PE.NFO,07/01/2020,09:43:55,192,188.15,300,193.3,100,0,41700
MARUTI30Jan207200PE.NFO,07/01/2020,09:44:04,192,188.15,300,193.2,200,0,41700
MARUTI30Jan207200PE.NFO,07/01/2020,09:44:10,192,188.15,300,193.1,100,0,41700
MARUTI30Jan207200PE.NFO,07/01/2020,09:44:15,192,188.15,300,192.9,100,0,41700
MARUTI30Jan207200PE.NFO,07/01/2020,09:44:21,192,188.15,300,192.5,100,0,41700
MARUTI30Jan207200PE.NFO,07/01/2020,09:44:51,192,188.75,100,193.2,100,0,41700
MARUTI30Jan207200PE.NFO,07/01/2020,09:44:56,192,188.75,300,193.15,400,0,41700
MARUTI30Jan207200PE.NFO,07/01/2020,09:45:01,188.75,187.15,100,191.8,100,100,41600
MARUTI30Jan207200PE.NFO,07/01/2020,09:45:08,188.75,187.05,200,190.7,200,0,41600
MARUTI30Jan207200PE.NFO,07/01/2020,09:45:12,188.75,187.05,200,190.4,100,0,41600
MARUTI30Jan207200PE.NFO,07/01/2020,09:45:13,188.75,187.05,200,190.35,100,0,41600
MARUTI30Jan207200PE.NFO,07/01/2020,09:45:14,188.75,187.05,200,190.4,100,0,41600
MARUTI30Jan207200PE.NFO,07/01/2020,09:45:16,187,183.75,300,189.75,100,300,41600
MARUTI30Jan207200PE.NFO,07/01/2020,09:45:17,187,184.4,100,187,100,0,41600
MARUTI30Jan207200PE.NFO,07/01/2020,09:45:18,187,183.8,400,187,100,0,41600
MARUTI30Jan207200PE.NFO,07/01/2020,09:45:20,187,183.8,500,187,100,0,41600
MARUTI30Jan207200PE.NFO,07/01/2020,09:45:21,187,183.8,500,187.05,100,0,41600
MARUTI30Jan207200PE.NFO,07/01/2020,09:45:22,187,183.9,200,187.05,100,0,41600
MARUTI30Jan207200PE.NFO,07/01/2020,09:45:24,187,183.9,400,188.75,100,0,41600
MARUTI30Jan207200PE.NFO,07/01/2020,09:45:24,187,184,200,188.75,100,0,41600
MARUTI30Jan207200PE.NFO,07/01/2020,09:45:25,187,184.3,100,188.75,100,0,41600
MARUTI30Jan207200PE.NFO,07/01/2020,09:45:27,184.35,184.4,200,188.75,100,100,41600
MARUTI30Jan207200PE.NFO,07/01/2020,09:45:28,184.35,184.4,400,189.15,100,0,41600
MARUTI30Jan207200PE.NFO,07/01/2020,09:45:30,184.35,184.65,100,189.7,100,0,41600
MARUTI30Jan207200PE.NFO,07/01/2020,09:45:32,184.35,184.65,300,189.7,200,0,41600
MARUTI30Jan207200PE.NFO,07/01/2020,09:45:39,184.35,184.95,100,189.95,100,0,41600
MARUTI30Jan207200PE.NFO,07/01/2020,09:45:41,184.35,184.3,200,189.85,100,0,41600
MARUTI30Jan207200PE.NFO,07/01/2020,09:45:44,184.35,184.3,200,189.85,200,0,41600
MARUTI30Jan207200PE.NFO,07/01/2020,09:45:46,184.35,184.25,200,189.05,200,0,41600
MARUTI30Jan207200PE.NFO,07/01/2020,09:45:47,184.35,184.25,200,188.35,200,0,41600
MARUTI30Jan207200PE.NFO,07/01/2020,09:45:50,184.35,184.25,200,188.35,100,0,41600
MARUTI30Jan207200PE.NFO,07/01/2020,09:45:52,184.35,184.25,300,188.35,100,0,41600
MARUTI30Jan207200PE.NFO,07/01/2020,09:45:54,184.35,181.05,100,187.55,100,0,41600
MARUTI30Jan207200PE.NFO,07/01/2020,09:45:56,184.35,181.15,200,187.15,100,0,41600
MARUTI30Jan207200PE.NFO,07/01/2020,09:45:57,184.35,181.15,200,187.1,100,0,41600
MARUTI30Jan207200PE.NFO,07/01/2020,09:46:03,184.35,181.15,200,186.9,100,0,41600
MARUTI30Jan207200PE.NFO,07/01/2020,09:46:04,184.35,181.15,200,187,100,0,41600
MARUTI30Jan207200PE.NFO,07/01/2020,09:46:05,184.35,181.15,200,187,300,0,41600
MARUTI30Jan207200PE.NFO,07/01/2020,09:46:07,184.35,181.15,200,186.9,100,0,41600
MARUTI30Jan207200PE.NFO,07/01/2020,09:46:07,184.35,181.15,200,186.9,200,0,41600
MARUTI30Jan207200PE.NFO,07/01/2020,09:46:08,184.35,181.15,200,186.8,100,0,41600
MARUTI30Jan207200PE.NFO,07/01/2020,09:46:11,184.35,181.15,200,186.75,100,0,41600
MARUTI30Jan207200PE.NFO,07/01/2020,09:46:12,184.35,181.15,200,186.75,200,0,41600
MARUTI30Jan207200PE.NFO,07/01/2020,09:46:18,186.75,181.35,200,186.85,200,100,41600
MARUTI30Jan207200PE.NFO,07/01/2020,09:46:32,186.75,181.35,400,187.4,300,0,41600
MARUTI30Jan207200PE.NFO,07/01/2020,09:46:38,186.75,181.35,300,186.9,100,0,41600
MARUTI30Jan207200PE.NFO,07/01/2020,09:46:42,186.75,181.35,300,186.45,100,0,41600
MARUTI30Jan207200PE.NFO,07/01/2020,09:46:47,186.75,181.8,100,189.4,500,0,41600
MARUTI30Jan207200PE.NFO,07/01/2020,09:47:05,186.75,181.8,300,189.4,500,0,41600
MARUTI30Jan207200PE.NFO,07/01/2020,09:47:22,186.75,181.8,300,188.75,200,0,41600
MARUTI30Jan207200PE.NFO,07/01/2020,09:47:26,186.75,181.8,300,187.15,100,0,41600
MARUTI30Jan207200PE.NFO,07/01/2020,09:47:31,186.75,181.8,300,186.85,200,0,41600
MARUTI30Jan207200PE.NFO,07/01/2020,09:47:36,186.75,181.8,300,187.85,100,0,41600
MARUTI30Jan207200PE.NFO,07/01/2020,09:47:40,186.75,181.8,300,187.45,100,0,41600
MARUTI30Jan207200PE.NFO,07/01/2020,09:47:48,186.75,181.8,300,186.95,100,0,41600
MARUTI30Jan207200PE.NFO,07/01/2020,09:47:52,186.75,181.8,300,186.2,100,0,41600
MARUTI30Jan207200PE.NFO,07/01/2020,09:47:57,186.75,181.8,300,186.3,100,0,41600
MARUTI30Jan207200PE.NFO,07/01/2020,09:48:01,186.75,181.8,300,186.5,100,0,41600
MARUTI30Jan207200PE.NFO,07/01/2020,09:48:05,186.75,181.1,300,186.15,200,0,41600
MARUTI30Jan207200PE.NFO,07/01/2020,09:48:08,186.75,181.1,300,185.95,100,0,41600
MARUTI30Jan207200PE.NFO,07/01/2020,09:48:20,186.75,181.2,200,185.85,100,0,41600
MARUTI30Jan207200PE.NFO,07/01/2020,09:48:24,186.75,181.4,400,185.85,100,0,41600
MARUTI30Jan207200PE.NFO,07/01/2020,09:48:28,186.75,181.45,300,185.85,100,0,41600
MARUTI30Jan207200PE.NFO,07/01/2020,09:48:50,186.75,181.45,300,185.65,100,0,41600
MARUTI30Jan207200PE.NFO,07/01/2020,09:48:57,186.75,181.45,300,185.6,300,0,41600
MARUTI30Jan207200PE.NFO,07/01/2020,09:49:01,186.75,181.6,100,186.75,100,0,41600
MARUTI30Jan207200PE.NFO,07/01/2020,09:49:06,186.75,181.6,300,186.85,100,0,41600
MARUTI30Jan207200PE.NFO,07/01/2020,09:49:11,186.75,182,100,187.6,100,0,41600
MARUTI30Jan207200PE.NFO,07/01/2020,09:49:16,186.75,182,300,187.65,500,0,41600
MARUTI30Jan207200PE.NFO,07/01/2020,09:49:26,186.75,182.6,100,188.55,100,0,41600
MARUTI30Jan207200PE.NFO,07/01/2020,09:49:33,186.75,182.75,300,188,200,0,41600
MARUTI30Jan207200PE.NFO,07/01/2020,09:49:38,186.75,182.55,100,188.1,200,0,41600
MARUTI30Jan207200PE.NFO,07/01/2020,09:49:43,186.75,182.65,200,186.9,100,0,41600
MARUTI30Jan207200PE.NFO,07/01/2020,09:49:48,186.75,182.7,300,187.15,200,0,41600
MARUTI30Jan207200PE.NFO,07/01/2020,09:49:53,186.75,182.8,100,188.7,100,0,41600
MARUTI30Jan207200PE.NFO,07/01/2020,09:50:02,186.75,182.9,100,188.6,300,0,41600
MARUTI30Jan207200PE.NFO,07/01/2020,09:50:08,186.75,183.25,100,188.95,100,0,41600
MARUTI30Jan207200PE.NFO,07/01/2020,09:50:13,186.75,183.25,300,188.85,100,0,41600
MARUTI30Jan207200PE.NFO,07/01/2020,09:50:19,186.75,183.35,100,189.75,200,0,41600
MARUTI30Jan207200PE.NFO,07/01/2020,09:50:23,186.75,183.45,100,189.4,200,0,41600
MARUTI30Jan207200PE.NFO,07/01/2020,09:50:28,186.75,184,300,189.8,200,0,41600
MARUTI30Jan207200PE.NFO,07/01/2020,09:50:38,186.75,185.2,100,190.8,100,0,41600
MARUTI30Jan207200PE.NFO,07/01/2020,09:50:44,186.75,185.35,300,190.6,200,0,41600
MARUTI30Jan207200PE.NFO,07/01/2020,09:50:50,186.75,185.35,300,190.3,100,0,41600
MARUTI30Jan207200PE.NFO,07/01/2020,09:50:54,186.75,185.35,300,190.15,100,0,41600
MARUTI30Jan207200PE.NFO,07/01/2020,09:50:59,186.75,185.35,300,190.15,200,0,41600
MARUTI30Jan207200PE.NFO,07/01/2020,09:51:04,186.75,185.35,300,190.05,200,0,41600
MARUTI30Jan207200PE.NFO,07/01/2020,09:51:09,186.75,185.35,300,189.95,100,0,41600
MARUTI30Jan207200PE.NFO,07/01/2020,09:51:15,186.75,184.1,100,189.3,100,0,41600
MARUTI30Jan207200PE.NFO,07/01/2020,09:51:20,186.75,183.3,100,188.95,100,0,41600
MARUTI30Jan207200PE.NFO,07/01/2020,09:51:25,186.75,181.8,100,187.9,100,0,41600
MARUTI30Jan207200PE.NFO,07/01/2020,09:51:30,186.75,182.3,300,187.8,100,0,41600
MARUTI30Jan207200PE.NFO,07/01/2020,09:51:35,186.75,182.8,100,189.2,200,0,41600
MARUTI30Jan207200PE.NFO,07/01/2020,09:51:40,186.75,183.8,100,189.2,100,0,41600
MARUTI30Jan207200PE.NFO,07/01/2020,09:51:45,186.75,183.8,300,188.9,100,0,41600
MARUTI30Jan207200PE.NFO,07/01/2020,09:51:49,186.75,183.8,200,188.15,100,0,41600
MARUTI30Jan207200PE.NFO,07/01/2020,09:51:53,186.75,180.95,400,188.7,100,0,41600
MARUTI30Jan207200PE.NFO,07/01/2020,09:51:57,186.75,183.3,100,188.7,200,0,41600
MARUTI30Jan207200PE.NFO,07/01/2020,09:52:01,186.75,185.45,300,189.2,200,0,41600
MARUTI30Jan207200PE.NFO,07/01/2020,09:52:05,186.75,183.3,100,190.25,100,100,41500
MARUTI30Jan207200PE.NFO,07/01/2020,09:52:09,186.75,185.25,100,190.75,200,0,41500
MARUTI30Jan207200PE.NFO,07/01/2020,09:52:12,186.75,185.7,100,190.7,200,0,41500
MARUTI30Jan207200PE.NFO,07/01/2020,09:52:13,186.75,185.7,300,190.6,200,0,41500
MARUTI30Jan207200PE.NFO,07/01/2020,09:52:14,186.75,185.7,300,190.25,100,0,41500
MARUTI30Jan207200PE.NFO,07/01/2020,09:52:18,186.75,186.45,300,190.25,100,0,41500
MARUTI30Jan207200PE.NFO,07/01/2020,09:52:19,186.75,186.45,300,191.55,200,0,41500
MARUTI30Jan207200PE.NFO,07/01/2020,09:52:22,186.75,187.25,200,191,100,0,41500
MARUTI30Jan207200PE.NFO,07/01/2020,09:52:24,186.75,186.3,200,190.35,100,0,41500
MARUTI30Jan207200PE.NFO,07/01/2020,09:52:25,186.75,186.3,300,190.3,100,0,41500
MARUTI30Jan207200PE.NFO,07/01/2020,09:52:26,186.75,186.95,300,191.4,100,0,41500
MARUTI30Jan207200PE.NFO,07/01/2020,09:52:27,186.75,186.95,300,190.5,100,0,41500
MARUTI30Jan207200PE.NFO,07/01/2020,09:52:33,186.75,186.25,100,190.5,100,0,41500
MARUTI30Jan207200PE.NFO,07/01/2020,09:52:33,186.75,186.2,200,190.1,200,0,41500
MARUTI30Jan207200PE.NFO,07/01/2020,09:52:34,186.75,186.2,200,190,100,0,41500
MARUTI30Jan207200PE.NFO,07/01/2020,09:52:36,186.75,186.2,200,189.95,100,0,41500
MARUTI30Jan207200PE.NFO,07/01/2020,09:52:37,186.75,184.95,200,188.55,100,0,41500
MARUTI30Jan207200PE.NFO,07/01/2020,09:52:41,186.75,184.95,200,188.45,100,0,41500
MARUTI30Jan207200PE.NFO,07/01/2020,09:52:42,186.75,184.95,200,188.4,100,0,41500
MARUTI30Jan207200PE.NFO,07/01/2020,09:52:43,186.75,184.2,200,188.45,100,0,41500
MARUTI30Jan207200PE.NFO,07/01/2020,09:52:51,186.75,184.2,200,188.05,100,0,41500
MARUTI30Jan207200PE.NFO,07/01/2020,09:52:52,186.75,184.2,200,188.15,100,0,41500
MARUTI30Jan207200PE.NFO,07/01/2020,09:52:52,186.75,184.25,300,187.95,100,0,41500
MARUTI30Jan207200PE.NFO,07/01/2020,09:52:53,186.75,184.2,200,187.85,100,0,41500
MARUTI30Jan207200PE.NFO,07/01/2020,09:52:54,186.75,184.2,200,188.3,100,0,41500
MARUTI30Jan207200PE.NFO,07/01/2020,09:52:57,186.75,184.25,100,188.25,100,0,41500
MARUTI30Jan207200PE.NFO,07/01/2020,09:52:58,186.75,184.2,200,188.25,100,0,41500
MARUTI30Jan207200PE.NFO,07/01/2020,09:52:59,186.75,184.2,200,188.15,100,0,41500
MARUTI30Jan207200PE.NFO,07/01/2020,09:53:00,186.75,184.25,300,188.2,100,0,41500
MARUTI30Jan207200PE.NFO,07/01/2020,09:53:01,186.75,184.2,200,188.25,100,0,41500
MARUTI30Jan207200PE.NFO,07/01/2020,09:53:02,186.75,184.2,200,187.7,100,0,41500
MARUTI30Jan207200PE.NFO,07/01/2020,09:53:03,186.75,184.4,100,188.4,100,0,41500
MARUTI30Jan207200PE.NFO,07/01/2020,09:53:04,186.75,184.4,300,188.5,100,0,41500
MARUTI30Jan207200PE.NFO,07/01/2020,09:53:05,186.75,184.4,300,188.4,100,0,41500
MARUTI30Jan207200PE.NFO,07/01/2020,09:53:06,186.75,184.5,100,188.25,100,0,41500
MARUTI30Jan207200PE.NFO,07/01/2020,09:53:07,186.75,184.35,100,188.75,100,0,41500
MARUTI30Jan207200PE.NFO,07/01/2020,09:53:08,186.75,184.95,100,188.55,100,0,41500
MARUTI30Jan207200PE.NFO,07/01/2020,09:53:10,186.75,185,100,188.25,100,0,41500
MARUTI30Jan207200PE.NFO,07/01/2020,09:53:11,186.75,184.95,200,188.55,100,0,41500
MARUTI30Jan207200PE.NFO,07/01/2020,09:53:11,186.75,184.95,200,188.45,100,0,41500
MARUTI30Jan207200PE.NFO,07/01/2020,09:53:12,186.75,184.95,200,188.35,100,0,41500
MARUTI30Jan207200PE.NFO,07/01/2020,09:53:14,186.75,184.2,100,188,100,0,41500
MARUTI30Jan207200PE.NFO,07/01/2020,09:53:15,186.75,184.45,100,187.8,100,0,41500
MARUTI30Jan207200PE.NFO,07/01/2020,09:53:17,186.75,184.5,100,188.2,100,0,41500
MARUTI30Jan207200PE.NFO,07/01/2020,09:53:18,186.75,184.35,100,188.3,100,0,41500
MARUTI30Jan207200PE.NFO,07/01/2020,09:53:19,186.75,184.2,100,188.2,100,0,41500
MARUTI30Jan207200PE.NFO,07/01/2020,09:53:20,186.75,184.2,200,188.1,100,0,41500
MARUTI30Jan207200PE.NFO,07/01/2020,09:53:21,186.75,185,100,188.45,100,0,41500
MARUTI30Jan207200PE.NFO,07/01/2020,09:53:22,186.75,185.05,300,189,100,0,41500
MARUTI30Jan207200PE.NFO,07/01/2020,09:53:23,186.75,185.05,200,188.3,100,0,41500
MARUTI30Jan207200PE.NFO,07/01/2020,09:53:24,186.75,185.05,200,188.25,100,0,41500
MARUTI30Jan207200PE.NFO,07/01/2020,09:53:24,186.75,185.05,200,188.4,100,0,41500
MARUTI30Jan207200PE.NFO,07/01/2020,09:53:25,186.75,185.05,200,188.25,100,0,41500
MARUTI30Jan207200PE.NFO,07/01/2020,09:53:27,186.75,185.1,100,188.85,100,0,41500
MARUTI30Jan207200PE.NFO,07/01/2020,09:53:29,186.75,185.1,200,189,100,0,41500
MARUTI30Jan207200PE.NFO,07/01/2020,09:53:30,186.75,185.3,300,189.45,100,0,41500
MARUTI30Jan207200PE.NFO,07/01/2020,09:53:32,186.75,185.8,100,189.95,100,0,41500
MARUTI30Jan207200PE.NFO,07/01/2020,09:53:34,186.75,185.85,300,190,100,0,41500
MARUTI30Jan207200PE.NFO,07/01/2020,09:53:35,186.75,185.85,300,190.25,100,0,41500
MARUTI30Jan207200PE.NFO,07/01/2020,09:53:35,186.75,185.85,300,190.2,200,0,41500
MARUTI30Jan207200PE.NFO,07/01/2020,09:53:36,186.75,185.85,300,190.25,200,0,41500
MARUTI30Jan207200PE.NFO,07/01/2020,09:53:37,186.75,185.85,300,190.2,100,0,41500
MARUTI30Jan207200PE.NFO,07/01/2020,09:53:41,186.75,186.1,100,190.25,100,0,41500
MARUTI30Jan207200PE.NFO,07/01/2020,09:53:45,186.75,186.1,200,190.25,100,0,41500
MARUTI30Jan207200PE.NFO,07/01/2020,09:53:45,186.75,186.65,100,190.3,100,0,41500
MARUTI30Jan207200PE.NFO,07/01/2020,09:53:46,186.75,186.65,300,190.25,100,0,41500
MARUTI30Jan207200PE.NFO,07/01/2020,09:53:48,186.75,186.65,300,190.45,100,0,41500
MARUTI30Jan207200PE.NFO,07/01/2020,09:53:48,186.75,186.65,300,190.55,200,0,41500
MARUTI30Jan207200PE.NFO,07/01/2020,09:53:49,186.75,186.65,300,190.6,200,0,41500
MARUTI30Jan207200PE.NFO,07/01/2020,09:53:50,186.75,186.65,300,190.6,100,0,41500
MARUTI30Jan207200PE.NFO,07/01/2020,09:53:56,186.75,186.65,300,190.5,100,0,41500
MARUTI30Jan207200PE.NFO,07/01/2020,09:53:57,186.75,186.65,300,190.65,200,0,41500
MARUTI30Jan207200PE.NFO,07/01/2020,09:53:58,186.75,186.7,200,190.6,200,0,41500
MARUTI30Jan207200PE.NFO,07/01/2020,09:53:59,186.75,186.7,200,190.75,400,0,41500
MARUTI30Jan207200PE.NFO,07/01/2020,09:54:00,186.75,186.7,200,190.75,300,0,41500
MARUTI30Jan207200PE.NFO,07/01/2020,09:54:01,186.75,186.7,200,190.65,300,0,41500
MARUTI30Jan207200PE.NFO,07/01/2020,09:54:08,186.75,186.7,200,189.7,200,0,41500
MARUTI30Jan207200PE.NFO,07/01/2020,09:54:14,186.75,186.7,200,190.65,200,0,41500
MARUTI30Jan207200PE.NFO,07/01/2020,09:54:15,186.75,186.7,200,190.5,100,0,41500
MARUTI30Jan207200PE.NFO,07/01/2020,09:54:16,186.75,186.7,200,190.35,100,0,41500
MARUTI30Jan207200PE.NFO,07/01/2020,09:54:17,186.75,186.75,100,190.35,100,0,41500
MARUTI30Jan207200PE.NFO,07/01/2020,09:54:18,186.75,186.7,200,190.25,100,0,41500
MARUTI30Jan207200PE.NFO,07/01/2020,09:54:20,186.75,186.7,200,190.35,200,0,41500
MARUTI30Jan207200PE.NFO,07/01/2020,09:54:21,186.75,186.7,200,190.35,300,0,41500
MARUTI30Jan207200PE.NFO,07/01/2020,09:54:23,186.75,186.7,200,190.25,100,0,41500
MARUTI30Jan207200PE.NFO,07/01/2020,09:54:24,186.75,186.7,200,190.35,100,0,41500
MARUTI30Jan207200PE.NFO,07/01/2020,09:54:26,186.75,186.7,200,190.25,100,0,41500
MARUTI30Jan207200PE.NFO,07/01/2020,09:54:28,186.75,186.7,200,190.35,100,0,41500
MARUTI30Jan207200PE.NFO,07/01/2020,09:54:39,186.75,186.7,200,190.25,200,0,41500
MARUTI30Jan207200PE.NFO,07/01/2020,09:54:40,186.75,186.7,200,190.25,100,0,41500
MARUTI30Jan207200PE.NFO,07/01/2020,09:54:41,186.75,186.7,200,190.1,100,0,41500
MARUTI30Jan207200PE.NFO,07/01/2020,09:54:42,186.75,186.7,200,190.15,100,0,41500
MARUTI30Jan207200PE.NFO,07/01/2020,09:54:43,186.75,186.7,200,189.75,100,0,41500
MARUTI30Jan207200PE.NFO,07/01/2020,09:54:52,186.75,185.9,200,188.65,100,0,41500
MARUTI30Jan207200PE.NFO,07/01/2020,09:54:53,186.75,185.2,100,188.65,100,0,41500
MARUTI30Jan207200PE.NFO,07/01/2020,09:54:54,186.75,185.15,200,188.25,100,0,41500
MARUTI30Jan207200PE.NFO,07/01/2020,09:54:55,186.75,185.15,200,188.05,100,0,41500
MARUTI30Jan207200PE.NFO,07/01/2020,09:54:56,186.75,185.15,200,188.15,100,0,41500
MARUTI30Jan207200PE.NFO,07/01/2020,09:54:58,186.75,185.15,200,188.05,100,0,41500
MARUTI30Jan207200PE.NFO,07/01/2020,09:54:59,186.75,185.15,200,188.2,100,0,41500
MARUTI30Jan207200PE.NFO,07/01/2020,09:55:00,186.75,185.2,100,188.35,100,0,41500
MARUTI30Jan207200PE.NFO,07/01/2020,09:55:01,186.75,185.15,200,188.35,100,0,41500
MARUTI30Jan207200PE.NFO,07/01/2020,09:55:18,186.75,185.15,200,188.55,100,0,41500
MARUTI30Jan207200PE.NFO,07/01/2020,09:55:27,186.75,185.15,200,189.05,200,0,41500
MARUTI30Jan207200PE.NFO,07/01/2020,09:55:28,186.75,185.15,200,188.95,200,0,41500
MARUTI30Jan207200PE.NFO,07/01/2020,09:55:30,186.75,185.15,200,188.75,200,0,41500
MARUTI30Jan207200PE.NFO,07/01/2020,09:55:32,186.75,185.15,200,187.8,100,0,41500
MARUTI30Jan207200PE.NFO,07/01/2020,09:55:34,186.75,184.4,200,187.9,100,0,41500
MARUTI30Jan207200PE.NFO,07/01/2020,09:55:35,186.75,184.4,200,187.85,100,0,41500
MARUTI30Jan207200PE.NFO,07/01/2020,09:55:35,186.75,184.4,200,187.75,100,0,41500
MARUTI30Jan207200PE.NFO,07/01/2020,09:55:36,186.75,184.4,200,187.95,100,0,41500
MARUTI30Jan207200PE.NFO,07/01/2020,09:55:38,186.75,184.4,200,188.2,100,0,41500
MARUTI30Jan207200PE.NFO,07/01/2020,09:55:39,186.75,184.4,200,188.15,100,0,41500
MARUTI30Jan207200PE.NFO,07/01/2020,09:55:41,186.75,184.4,200,187.8,100,0,41500
MARUTI30Jan207200PE.NFO,07/01/2020,09:55:42,186.75,184.4,200,187.85,100,0,41500
MARUTI30Jan207200PE.NFO,07/01/2020,09:55:43,186.75,184.4,200,187.75,100,0,41500
MARUTI30Jan207200PE.NFO,07/01/2020,09:55:44,186.75,184.4,200,187.65,100,0,41500
MARUTI30Jan207200PE.NFO,07/01/2020,09:55:44,186.75,184.4,200,187.55,100,0,41500
MARUTI30Jan207200PE.NFO,07/01/2020,09:55:45,186.75,184.4,200,187.95,100,0,41500
MARUTI30Jan207200PE.NFO,07/01/2020,09:55:46,186.75,184.4,200,187.75,100,0,41500
MARUTI30Jan207200PE.NFO,07/01/2020,09:55:48,186.75,184.4,200,187.65,100,0,41500
MARUTI30Jan207200PE.NFO,07/01/2020,09:55:51,186.75,184.4,200,187.55,100,0,41500
MARUTI30Jan207200PE.NFO,07/01/2020,09:55:53,186.75,184.45,200,188.3,100,0,41500
MARUTI30Jan207200PE.NFO,07/01/2020,09:55:55,186.75,184.4,200,188.3,100,0,41500
MARUTI30Jan207200PE.NFO,07/01/2020,09:56:01,186.75,184.65,100,188.75,100,0,41500
MARUTI30Jan207200PE.NFO,07/01/2020,09:56:03,186.75,184.65,300,188.55,100,0,41500
MARUTI30Jan207200PE.NFO,07/01/2020,09:56:07,186.75,185.15,100,188.75,100,0,41500
MARUTI30Jan207200PE.NFO,07/01/2020,09:56:12,186.75,185.15,300,189.6,200,0,41500
MARUTI30Jan207200PE.NFO,07/01/2020,09:56:13,186.75,185.15,200,189.5,300,0,41500
MARUTI30Jan207200PE.NFO,07/01/2020,09:56:17,186.75,185.15,200,189.1,100,0,41500
MARUTI30Jan207200PE.NFO,07/01/2020,09:56:20,186.75,185.15,200,189.3,300,0,41500
MARUTI30Jan207200PE.NFO,07/01/2020,09:56:22,186.75,185.15,200,188.35,100,0,41500
MARUTI30Jan207200PE.NFO,07/01/2020,09:56:34,186.75,185.15,200,189,200,0,41500
MARUTI30Jan207200PE.NFO,07/01/2020,09:56:37,186.75,185.15,200,188.9,200,0,41500
MARUTI30Jan207200PE.NFO,07/01/2020,09:56:39,186.75,185.85,100,189.35,100,0,41500
MARUTI30Jan207200PE.NFO,07/01/2020,09:56:42,186.75,185.85,300,189.45,100,0,41500
MARUTI30Jan207200PE.NFO,07/01/2020,09:56:44,186.75,185.85,300,189.4,100,0,41500
MARUTI30Jan207200PE.NFO,07/01/2020,09:56:45,186.75,185.85,300,189.25,100,0,41500
MARUTI30Jan207200PE.NFO,07/01/2020,09:56:46,186.75,185.9,300,189.05,100,0,41500
MARUTI30Jan207200PE.NFO,07/01/2020,09:56:48,186.75,185.9,200,189.15,100,0,41500
MARUTI30Jan207200PE.NFO,07/01/2020,09:56:49,186.75,185.9,200,189.1,100,0,41500
MARUTI30Jan207200PE.NFO,07/01/2020,09:56:51,186.75,185.9,200,189.1,200,0,41500
MARUTI30Jan207200PE.NFO,07/01/2020,09:56:52,186.75,185.9,200,189.05,100,0,41500
MARUTI30Jan207200PE.NFO,07/01/2020,09:56:53,186.75,185.9,200,189.45,200,0,41500
MARUTI30Jan207200PE.NFO,07/01/2020,09:56:53,186.75,185.9,200,189.35,200,0,41500
MARUTI30Jan207200PE.NFO,07/01/2020,09:56:54,186.75,185.9,200,188.65,100,0,41500
MARUTI30Jan207200PE.NFO,07/01/2020,09:56:56,186.75,185.9,200,189.05,100,0,41500
MARUTI30Jan207200PE.NFO,07/01/2020,09:56:57,186.75,185.9,200,189.55,100,0,41500
MARUTI30Jan207200PE.NFO,07/01/2020,09:56:58,186.75,185.9,200,189.05,200,0,41500
MARUTI30Jan207200PE.NFO,07/01/2020,09:56:59,186.75,185.9,200,189.15,200,0,41500
MARUTI30Jan207200PE.NFO,07/01/2020,09:57:00,186.75,185.9,200,189.05,200,0,41500
MARUTI30Jan207200PE.NFO,07/01/2020,09:57:01,186.75,185.9,200,189.1,100,0,41500
MARUTI30Jan207200PE.NFO,07/01/2020,09:57:02,186.75,185.9,200,188.85,200,0,41500
MARUTI30Jan207200PE.NFO,07/01/2020,09:57:03,186.75,185.9,200,189.45,100,0,41500
MARUTI30Jan207200PE.NFO,07/01/2020,09:57:04,186.75,185.9,200,189.1,100,0,41500
MARUTI30Jan207200PE.NFO,07/01/2020,09:57:06,186.75,185.9,200,189.1,200,0,41500
MARUTI30Jan207200PE.NFO,07/01/2020,09:57:07,186.75,185.1,200,188.3,100,0,41500
MARUTI30Jan207200PE.NFO,07/01/2020,09:57:12,186.75,185.1,200,188.45,200,0,41500
MARUTI30Jan207200PE.NFO,07/01/2020,09:57:18,186.75,185.1,200,188.85,200,0,41500
MARUTI30Jan207200PE.NFO,07/01/2020,09:57:23,186.75,185.1,200,188.45,200,0,41500
MARUTI30Jan207200PE.NFO,07/01/2020,09:57:24,186.75,185.1,200,188.35,100,0,41500
MARUTI30Jan207200PE.NFO,07/01/2020,09:57:26,186.75,185.1,200,188.4,100,0,41500
MARUTI30Jan207200PE.NFO,07/01/2020,09:57:31,186.75,185.9,300,188.9,100,0,41500
MARUTI30Jan207200PE.NFO,07/01/2020,09:57:32,186.75,185.9,300,188.8,200,0,41500
MARUTI30Jan207200PE.NFO,07/01/2020,09:57:33,186.75,185.95,200,189,100,0,41500
MARUTI30Jan207200PE.NFO,07/01/2020,09:57:34,186.75,185.95,200,188.9,200,0,41500
MARUTI30Jan207200PE.NFO,07/01/2020,09:57:35,186.75,185.95,200,188.8,200,0,41500
MARUTI30Jan207200PE.NFO,07/01/2020,09:57:40,186.75,185.95,200,188.6,100,0,41500
MARUTI30Jan207200PE.NFO,07/01/2020,09:57:43,186.75,185.95,200,189.05,200,0,41500
MARUTI30Jan207200PE.NFO,07/01/2020,09:57:48,186.75,186,200,189.9,100,0,41500
MARUTI30Jan207200PE.NFO,07/01/2020,09:57:49,186.75,186.7,300,189.95,100,0,41500
MARUTI30Jan207200PE.NFO,07/01/2020,09:57:51,186.75,187.45,100,190.05,100,0,41500
MARUTI30Jan207200PE.NFO,07/01/2020,09:57:52,186.75,186.7,200,189.9,100,0,41500
MARUTI30Jan207200PE.NFO,07/01/2020,09:57:53,186.75,186.7,200,190.2,100,0,41500
MARUTI30Jan207200PE.NFO,07/01/2020,09:57:55,186.75,186.7,200,190.3,100,0,41500
MARUTI30Jan207200PE.NFO,07/01/2020,09:57:57,186.75,187.4,300,190.75,100,0,41500
MARUTI30Jan207200PE.NFO,07/01/2020,09:57:59,186.75,187.4,100,190.1,100,0,41500
MARUTI30Jan207200PE.NFO,07/01/2020,09:58:00,186.75,187.4,100,190,100,0,41500
MARUTI30Jan207200PE.NFO,07/01/2020,09:58:00,186.75,187.4,100,190.2,100,0,41500
MARUTI30Jan207200PE.NFO,07/01/2020,09:58:01,186.75,187.4,100,190.2,200,0,41500
MARUTI30Jan207200PE.NFO,07/01/2020,09:58:02,186.75,186.7,200,189.9,100,0,41500
MARUTI30Jan207200PE.NFO,07/01/2020,09:58:07,186.75,186.7,200,189.95,100,0,41500
MARUTI30Jan207200PE.NFO,07/01/2020,09:58:09,186.75,186.7,200,190.35,200,0,41500
MARUTI30Jan207200PE.NFO,07/01/2020,09:58:10,186.75,187.5,300,190.7,100,0,41500
MARUTI30Jan207200PE.NFO,07/01/2020,09:58:15,186.75,187.5,300,190.75,100,0,41500
MARUTI30Jan207200PE.NFO,07/01/2020,09:58:19,190,187.6,200,191.3,200,100,41600
MARUTI30Jan207200PE.NFO,07/01/2020,09:58:23,190,187.6,200,191.3,200,0,41600
MARUTI30Jan207200PE.NFO,07/01/2020,09:58:27,190,187.55,200,191.3,300,0,41600
MARUTI30Jan207200PE.NFO,07/01/2020,09:58:45,190,189.55,100,193.15,100,0,41600
MARUTI30Jan207200PE.NFO,07/01/2020,09:58:46,190,189.6,100,193.25,100,0,41600
MARUTI30Jan207200PE.NFO,07/01/2020,09:58:52,190,189.6,300,193.2,100,0,41600
MARUTI30Jan207200PE.NFO,07/01/2020,09:58:54,190,191.15,100,195.05,100,0,41600
MARUTI30Jan207200PE.NFO,07/01/2020,09:58:55,190,191.2,200,195,100,0,41600
MARUTI30Jan207200PE.NFO,07/01/2020,09:58:56,190,191.2,200,194.7,100,0,41600
MARUTI30Jan207200PE.NFO,07/01/2020,09:58:58,190,187.2,100,193.65,200,0,41600
MARUTI30Jan207200PE.NFO,07/01/2020,09:58:59,190,187.4,100,193.65,300,0,41600
MARUTI30Jan207200PE.NFO,07/01/2020,09:59:00,190,187.5,200,193.95,100,0,41600
MARUTI30Jan207200PE.NFO,07/01/2020,09:59:01,190,187.5,400,194.95,200,0,41600
MARUTI30Jan207200PE.NFO,07/01/2020,09:59:02,190,189.5,100,194.95,200,0,41600
MARUTI30Jan207200PE.NFO,07/01/2020,09:59:04,190,189.55,200,194.55,200,0,41600
MARUTI30Jan207200PE.NFO,07/01/2020,09:59:08,190,189.55,300,194.25,200,0,41600
MARUTI30Jan207200PE.NFO,07/01/2020,09:59:09,190,186.8,400,195.1,300,0,41600
MARUTI30Jan207200PE.NFO,07/01/2020,09:59:10,190,186.9,200,195.1,400,0,41600
MARUTI30Jan207200PE.NFO,07/01/2020,09:59:11,190,187.1,200,195.1,400,0,41600
MARUTI30Jan207200PE.NFO,07/01/2020,09:59:12,190,187.2,200,195.1,400,0,41600
MARUTI30Jan207200PE.NFO,07/01/2020,09:59:13,190,187.2,300,195.1,400,0,41600
MARUTI30Jan207200PE.NFO,07/01/2020,09:59:15,190,187.5,100,195.1,400,0,41600
MARUTI30Jan207200PE.NFO,07/01/2020,09:59:17,190,187.7,100,195.1,400,0,41600
MARUTI30Jan207200PE.NFO,07/01/2020,09:59:18,190,188.5,100,195.1,300,0,41600
MARUTI30Jan207200PE.NFO,07/01/2020,09:59:20,190,188.8,100,195.1,300,0,41600
MARUTI30Jan207200PE.NFO,07/01/2020,09:59:21,190,189.4,100,195.05,100,0,41600
MARUTI30Jan207200PE.NFO,07/01/2020,09:59:28,190,189.7,100,195.05,200,0,41600
MARUTI30Jan207200PE.NFO,07/01/2020,09:59:29,190,189.5,100,195.05,300,0,41600
MARUTI30Jan207200PE.NFO,07/01/2020,09:59:31,190,189.5,300,194.4,200,0,41600
MARUTI30Jan207200PE.NFO,07/01/2020,09:59:32,190,189.5,300,194.75,100,0,41600
MARUTI30Jan207200PE.NFO,07/01/2020,09:59:36,190,189.5,300,194.1,100,0,41600
MARUTI30Jan207200PE.NFO,07/01/2020,09:59:37,190,189.5,300,194,100,0,41600
MARUTI30Jan207200PE.NFO,07/01/2020,09:59:39,190,187.3,100,193.55,100,0,41600
MARUTI30Jan207200PE.NFO,07/01/2020,09:59:39,190,187.5,100,193.55,100,0,41600
MARUTI30Jan207200PE.NFO,07/01/2020,09:59:40,190,187.6,100,193.55,100,0,41600
MARUTI30Jan207200PE.NFO,07/01/2020,09:59:41,190,187.75,100,193.55,100,0,41600
MARUTI30Jan207200PE.NFO,07/01/2020,09:59:42,190,187.85,100,193.55,100,0,41600
MARUTI30Jan207200PE.NFO,07/01/2020,09:59:46,190,187.95,100,193.55,100,0,41600
MARUTI30Jan207200PE.NFO,07/01/2020,09:59:47,190,188.25,100,193.95,100,0,41600
MARUTI30Jan207200PE.NFO,07/01/2020,09:59:49,190,188.45,200,193.95,100,0,41600
MARUTI30Jan207200PE.NFO,07/01/2020,09:59:50,190,188.45,400,194.35,200,0,41600
MARUTI30Jan207200PE.NFO,07/01/2020,09:59:51,190,188.45,300,194.05,100,0,41600
MARUTI30Jan207200PE.NFO,07/01/2020,09:59:52,190,188.45,300,193.95,100,0,41600
MARUTI30Jan207200PE.NFO,07/01/2020,09:59:56,190,188.55,300,194.35,100,0,41600
MARUTI30Jan207200PE.NFO,07/01/2020,09:59:58,190,188.65,200,194.35,100,0,41600
MARUTI30Jan207200PE.NFO,07/01/2020,09:59:59,190,188.85,100,194.35,100,0,41600
MARUTI30Jan207200PE.NFO,07/01/2020,10:00:00,190,188.85,300,194.15,100,0,41600
MARUTI30Jan207200PE.NFO,07/01/2020,10:00:01,190,188.95,100,194.35,200,0,41600
MARUTI30Jan207200PE.NFO,07/01/2020,10:00:02,190,188.95,300,194.3,100,0,41600
MARUTI30Jan207200PE.NFO,07/01/2020,10:00:03,190,188.95,300,194.2,100,0,41600
MARUTI30Jan207200PE.NFO,07/01/2020,10:00:05,190,188.95,300,194.35,100,0,41600
MARUTI30Jan207200PE.NFO,07/01/2020,10:00:06,190,189.3,100,194.85,100,0,41600
MARUTI30Jan207200PE.NFO,07/01/2020,10:00:07,190,189.3,300,194.5,100,0,41600
MARUTI30Jan207200PE.NFO,07/01/2020,10:00:09,190,189.3,300,194.3,100,0,41600
MARUTI30Jan207200PE.NFO,07/01/2020,10:00:10,190,189.3,300,194.35,100,0,41600
MARUTI30Jan207200PE.NFO,07/01/2020,10:00:13,190,189.3,300,194.25,100,0,41600
MARUTI30Jan207200PE.NFO,07/01/2020,10:00:14,190,189.3,300,194.35,100,0,41600
MARUTI30Jan207200PE.NFO,07/01/2020,10:00:15,190,190.05,100,194.45,100,0,41600
MARUTI30Jan207200PE.NFO,07/01/2020,10:00:16,190,190.05,300,194.75,100,0,41600
MARUTI30Jan207200PE.NFO,07/01/2020,10:00:18,190,190.15,100,195.05,100,0,41600
MARUTI30Jan207200PE.NFO,07/01/2020,10:00:19,190,190.25,100,195.15,100,0,41600
MARUTI30Jan207200PE.NFO,07/01/2020,10:00:20,190,190.25,300,195.05,100,0,41600
MARUTI30Jan207200PE.NFO,07/01/2020,10:00:21,190,190.95,200,194.9,100,0,41600
MARUTI30Jan207200PE.NFO,07/01/2020,10:00:24,190,190.15,200,195.1,100,0,41600
MARUTI30Jan207200PE.NFO,07/01/2020,10:00:25,190,190.15,400,195.5,100,0,41600
MARUTI30Jan207200PE.NFO,07/01/2020,10:00:27,190,190.35,200,195.5,100,0,41600
MARUTI30Jan207200PE.NFO,07/01/2020,10:00:28,190,190.35,400,196.65,100,0,41600
MARUTI30Jan207200PE.NFO,07/01/2020,10:00:29,190,190.35,400,196.6,100,0,41600
MARUTI30Jan207200PE.NFO,07/01/2020,10:00:30,190,190.35,400,197.05,100,0,41600
MARUTI30Jan207200PE.NFO,07/01/2020,10:00:31,190,190.35,400,196.8,200,0,41600
MARUTI30Jan207200PE.NFO,07/01/2020,10:00:32,190,190.45,200,197.55,100,0,41600
MARUTI30Jan207200PE.NFO,07/01/2020,10:00:33,190,190.55,200,197.55,200,0,41600
MARUTI30Jan207200PE.NFO,07/01/2020,10:00:34,190,190.65,100,197.55,200,0,41600
MARUTI30Jan207200PE.NFO,07/01/2020,10:00:35,190,190.75,400,197.25,100,0,41600
MARUTI30Jan207200PE.NFO,07/01/2020,10:00:36,190,190.75,400,197,100,0,41600
MARUTI30Jan207200PE.NFO,07/01/2020,10:00:37,190,190.85,300,196.85,100,0,41600
MARUTI30Jan207200PE.NFO,07/01/2020,10:00:38,190,191.95,100,196.8,100,0,41600
MARUTI30Jan207200PE.NFO,07/01/2020,10:00:39,190,192,100,196.65,100,0,41600
MARUTI30Jan207200PE.NFO,07/01/2020,10:00:40,190,192.2,100,197.15,100,0,41600
MARUTI30Jan207200PE.NFO,07/01/2020,10:00:41,190,192.05,300,196.65,100,0,41600
MARUTI30Jan207200PE.NFO,07/01/2020,10:00:42,190,192.05,300,197.15,100,0,41600
MARUTI30Jan207200PE.NFO,07/01/2020,10:00:43,190,192.05,300,196.35,100,0,41600
MARUTI30Jan207200PE.NFO,07/01/2020,10:00:44,190,192.05,300,196.4,100,0,41600
MARUTI30Jan207200PE.NFO,07/01/2020,10:00:45,190,190.15,400,196.35,100,0,41600
MARUTI30Jan207200PE.NFO,07/01/2020,10:00:46,190,190.15,400,196.2,100,0,41600
MARUTI30Jan207200PE.NFO,07/01/2020,10:00:47,190,190.15,400,196.25,100,0,41600
MARUTI30Jan207200PE.NFO,07/01/2020,10:00:48,190,190.15,400,196.05,100,0,41600
MARUTI30Jan207200PE.NFO,07/01/2020,10:00:50,190,190.15,300,195.15,100,0,41600
MARUTI30Jan207200PE.NFO,07/01/2020,10:00:53,190,190.55,100,195.55,100,0,41600
MARUTI30Jan207200PE.NFO,07/01/2020,10:00:55,190,190.55,300,195.15,100,0,41600
MARUTI30Jan207200PE.NFO,07/01/2020,10:00:56,190,190.75,100,195.95,100,0,41600
MARUTI30Jan207200PE.NFO,07/01/2020,10:00:58,190,191.35,100,196.45,100,0,41600
MARUTI30Jan207200PE.NFO,07/01/2020,10:00:59,190,191.35,300,196.2,100,0,41600
MARUTI30Jan207200PE.NFO,07/01/2020,10:01:00,190,191.35,300,196.15,100,0,41600
MARUTI30Jan207200PE.NFO,07/01/2020,10:01:01,190,191.35,300,195.85,100,0,41600
MARUTI30Jan207200PE.NFO,07/01/2020,10:01:02,190,190.4,100,196.35,100,0,41600
MARUTI30Jan207200PE.NFO,07/01/2020,10:01:03,190,190.6,100,195.95,200,0,41600
MARUTI30Jan207200PE.NFO,07/01/2020,10:01:04,190,190.6,300,195.95,200,0,41600
MARUTI30Jan207200PE.NFO,07/01/2020,10:01:06,190,190.7,100,195.95,200,0,41600
MARUTI30Jan207200PE.NFO,07/01/2020,10:01:10,190,191,100,195.95,200,0,41600
MARUTI30Jan207200PE.NFO,07/01/2020,10:01:12,190,191.4,100,195.95,200,0,41600
MARUTI30Jan207200PE.NFO,07/01/2020,10:01:14,190,192.65,100,197.75,100,0,41600
MARUTI30Jan207200PE.NFO,07/01/2020,10:01:16,190,193.25,100,197.65,100,0,41600
MARUTI30Jan207200PE.NFO,07/01/2020,10:01:17,190,193.9,100,197.65,100,0,41600
MARUTI30Jan207200PE.NFO,07/01/2020,10:01:20,190,190.65,100,197.7,100,0,41600
MARUTI30Jan207200PE.NFO,07/01/2020,10:01:21,190,191.9,100,197.25,100,0,41600
MARUTI30Jan207200PE.NFO,07/01/2020,10:01:22,190,191.75,300,196.35,100,0,41600
MARUTI30Jan207200PE.NFO,07/01/2020,10:01:23,190,191.75,300,196.25,100,0,41600
MARUTI30Jan207200PE.NFO,07/01/2020,10:01:24,190,191.75,300,197.15,100,0,41600
MARUTI30Jan207200PE.NFO,07/01/2020,10:01:25,190,191.75,300,197.05,100,0,41600
MARUTI30Jan207200PE.NFO,07/01/2020,10:01:26,190,191.75,300,195.95,100,0,41600
MARUTI30Jan207200PE.NFO,07/01/2020,10:01:27,190,191.75,300,195.65,100,0,41600
MARUTI30Jan207200PE.NFO,07/01/2020,10:01:28,190,191.75,300,196.35,100,0,41600
MARUTI30Jan207200PE.NFO,07/01/2020,10:01:29,190,191.75,300,196.25,100,0,41600
MARUTI30Jan207200PE.NFO,07/01/2020,10:01:30,190,191.75,300,196.35,100,0,41600
MARUTI30Jan207200PE.NFO,07/01/2020,10:01:31,190,191.75,300,195.95,100,0,41600
MARUTI30Jan207200PE.NFO,07/01/2020,10:01:32,190,191.75,300,196.25,100,0,41600
MARUTI30Jan207200PE.NFO,07/01/2020,10:01:33,190,191.75,300,195.95,100,0,41600
MARUTI30Jan207200PE.NFO,07/01/2020,10:01:34,190,191.75,300,196.15,100,0,41600
MARUTI30Jan207200PE.NFO,07/01/2020,10:01:35,190,191.75,300,196.05,100,0,41600
MARUTI30Jan207200PE.NFO,07/01/2020,10:01:36,190,191.75,300,196.75,100,0,41600
MARUTI30Jan207200PE.NFO,07/01/2020,10:01:39,190,191.85,100,197.15,100,0,41600
MARUTI30Jan207200PE.NFO,07/01/2020,10:01:42,190,191.95,300,196.65,100,0,41600
MARUTI30Jan207200PE.NFO,07/01/2020,10:01:43,190,191.95,300,197,100,0,41600
MARUTI30Jan207200PE.NFO,07/01/2020,10:01:44,190,191.95,300,196.1,100,0,41600
MARUTI30Jan207200PE.NFO,07/01/2020,10:01:45,190,191.95,300,196.55,100,0,41600
MARUTI30Jan207200PE.NFO,07/01/2020,10:01:46,190,191.95,300,196.05,100,0,41600
MARUTI30Jan207200PE.NFO,07/01/2020,10:01:47,190,191.95,300,195.85,100,0,41600
MARUTI30Jan207200PE.NFO,07/01/2020,10:01:48,190,191.95,300,195.95,100,0,41600
MARUTI30Jan207200PE.NFO,07/01/2020,10:01:49,190,191.95,300,195.95,200,0,41600
MARUTI30Jan207200PE.NFO,07/01/2020,10:01:50,190,191.95,300,195.85,100,0,41600
MARUTI30Jan207200PE.NFO,07/01/2020,10:01:51,190,191.95,300,195.95,100,0,41600
MARUTI30Jan207200PE.NFO,07/01/2020,10:01:53,190,191.95,300,195.65,100,0,41600
MARUTI30Jan207200PE.NFO,07/01/2020,10:01:54,190,191.95,300,195.85,100,0,41600
MARUTI30Jan207200PE.NFO,07/01/2020,10:01:56,190,191.95,300,195.8,100,0,41600
MARUTI30Jan207200PE.NFO,07/01/2020,10:01:57,190,191.95,300,195.95,100,0,41600
MARUTI30Jan207200PE.NFO,07/01/2020,10:02:00,190,191.95,300,195.85,100,0,41600
MARUTI30Jan207200PE.NFO,07/01/2020,10:02:01,190,191.95,300,195.95,100,0,41600
MARUTI30Jan207200PE.NFO,07/01/2020,10:02:08,190,192.05,100,196,100,0,41600
MARUTI30Jan207200PE.NFO,07/01/2020,10:02:09,190,192.15,100,196,100,0,41600
MARUTI30Jan207200PE.NFO,07/01/2020,10:02:10,190,192.25,100,195.75,100,0,41600
MARUTI30Jan207200PE.NFO,07/01/2020,10:02:11,190,192.25,300,195.85,100,0,41600
MARUTI30Jan207200PE.NFO,07/01/2020,10:02:14,190,192.25,300,195.95,100,0,41600
MARUTI30Jan207200PE.NFO,07/01/2020,10:02:18,190,192.25,300,195.85,100,0,41600
MARUTI30Jan207200PE.NFO,07/01/2020,10:02:19,190,192.25,300,195.95,100,0,41600
MARUTI30Jan207200PE.NFO,07/01/2020,10:02:23,190,192.25,300,196,100,0,41600
MARUTI30Jan207200PE.NFO,07/01/2020,10:02:24,190,192.35,100,196,100,0,41600
MARUTI30Jan207200PE.NFO,07/01/2020,10:02:26,190,192.35,300,196,100,0,41600
MARUTI30Jan207200PE.NFO,07/01/2020,10:02:27,190,192.35,300,195.95,100,0,41600
MARUTI30Jan207200PE.NFO,07/01/2020,10:02:33,190,192.45,100,196,100,0,41600
MARUTI30Jan207200PE.NFO,07/01/2020,10:02:34,190,192.45,300,196,100,0,41600
MARUTI30Jan207200PE.NFO,07/01/2020,10:02:35,190,192.55,100,196,100,0,41600
MARUTI30Jan207200PE.NFO,07/01/2020,10:02:37,190,192.55,300,196,100,0,41600
MARUTI30Jan207200PE.NFO,07/01/2020,10:02:47,190,192.65,200,196,100,0,41600
MARUTI30Jan207200PE.NFO,07/01/2020,10:02:48,190,192.75,200,196,100,0,41600
MARUTI30Jan207200PE.NFO,07/01/2020,10:02:54,190,192.75,300,195.8,100,0,41600
MARUTI30Jan207200PE.NFO,07/01/2020,10:02:55,190,192.75,300,195.95,100,0,41600
MARUTI30Jan207200PE.NFO,07/01/2020,10:02:59,190,192.75,300,196,100,0,41600
MARUTI30Jan207200PE.NFO,07/01/2020,10:03:24,196,194.4,300,197.65,100,100,41600
MARUTI30Jan207200PE.NFO,07/01/2020,10:03:24,196,194.4,300,197.65,100,0,41600
MARUTI30Jan207200PE.NFO,07/01/2020,10:03:29,196,190.7,900,196.85,200,0,41600
MARUTI30Jan207200PE.NFO,07/01/2020,10:03:33,196,190.8,600,196.85,200,0,41600
MARUTI30Jan207200PE.NFO,07/01/2020,10:03:38,196,193.6,200,196.75,100,0,41600
MARUTI30Jan207200PE.NFO,07/01/2020,10:03:41,196,194.05,200,197.75,100,0,41600
MARUTI30Jan207200PE.NFO,07/01/2020,10:03:46,196,195.45,200,198.2,100,0,41600
MARUTI30Jan207200PE.NFO,07/01/2020,10:03:51,196,195.25,300,198.2,100,0,41600
MARUTI30Jan207200PE.NFO,07/01/2020,10:03:55,196,193.4,400,197.4,100,0,41600
MARUTI30Jan207200PE.NFO,07/01/2020,10:04:05,196,193.9,200,197.4,100,0,41600
MARUTI30Jan207200PE.NFO,07/01/2020,10:04:10,196,194.2,200,197.4,100,0,41600
MARUTI30Jan207200PE.NFO,07/01/2020,10:04:19,196,194.65,100,198.35,100,0,41600
MARUTI30Jan207200PE.NFO,07/01/2020,10:04:23,196,195.05,100,198.35,100,0,41600
MARUTI30Jan207200PE.NFO,07/01/2020,10:04:31,196,195.75,100,199.25,100,0,41600
MARUTI30Jan207200PE.NFO,07/01/2020,10:04:36,196,196.15,100,199.45,100,0,41600
MARUTI30Jan207200PE.NFO,07/01/2020,10:04:41,196,193.4,600,199.9,100,0,41600
MARUTI30Jan207200PE.NFO,07/01/2020,10:04:46,196,196.05,100,200.05,200,0,41600
MARUTI30Jan207200PE.NFO,07/01/2020,10:04:50,196,197.25,100,200.6,100,0,41600
MARUTI30Jan207200PE.NFO,07/01/2020,10:04:55,196,197.85,100,201.1,100,0,41600
MARUTI30Jan207200PE.NFO,07/01/2020,10:04:59,196,197.5,200,201.1,100,0,41600
MARUTI30Jan207200PE.NFO,07/01/2020,10:05:04,196,197.5,400,200.95,100,0,41600
MARUTI30Jan207200PE.NFO,07/01/2020,10:05:08,200.95,198.8,100,203.4,100,100,41600
MARUTI30Jan207200PE.NFO,07/01/2020,10:05:08,200.95,198.8,100,203.4,100,0,41600
MARUTI30Jan207200PE.NFO,07/01/2020,10:05:12,200.95,199.05,100,203.4,200,0,41600
MARUTI30Jan207200PE.NFO,07/01/2020,10:05:20,200.95,200,100,203.2,100,0,41600
MARUTI30Jan207200PE.NFO,07/01/2020,10:05:30,200.95,200.1,100,204.5,100,0,41600
MARUTI30Jan207200PE.NFO,07/01/2020,10:05:31,200.95,198.8,100,204.5,100,0,41600
MARUTI30Jan207200PE.NFO,07/01/2020,10:05:32,200.95,198,100,204.1,100,0,41600
MARUTI30Jan207200PE.NFO,07/01/2020,10:05:33,200.95,199.75,100,206.45,100,0,41600
MARUTI30Jan207200PE.NFO,07/01/2020,10:05:35,200.95,199.9,100,206.15,100,0,41600
MARUTI30Jan207200PE.NFO,07/01/2020,10:05:39,200.95,201.15,100,205.45,100,0,41600
MARUTI30Jan207200PE.NFO,07/01/2020,10:05:40,200.95,198,400,205.05,100,0,41600
MARUTI30Jan207200PE.NFO,07/01/2020,10:05:41,200.95,198.75,100,203.65,100,0,41600
MARUTI30Jan207200PE.NFO,07/01/2020,10:05:42,200.95,198.9,200,203.2,100,0,41600
MARUTI30Jan207200PE.NFO,07/01/2020,10:05:46,200.95,198.9,400,203.1,100,0,41600
MARUTI30Jan207200PE.NFO,07/01/2020,10:05:47,200.95,199.05,100,203.25,100,0,41600
MARUTI30Jan207200PE.NFO,07/01/2020,10:05:48,200.95,199,100,203.15,100,0,41600
MARUTI30Jan207200PE.NFO,07/01/2020,10:05:49,200.95,199.2,300,203.15,100,0,41600
MARUTI30Jan207200PE.NFO,07/01/2020,10:05:50,200.95,199.6,100,203.15,100,0,41600
MARUTI30Jan207200PE.NFO,07/01/2020,10:05:51,200.95,199.55,100,204.65,100,0,41600
MARUTI30Jan207200PE.NFO,07/01/2020,10:05:52,200.95,199.4,100,203.95,100,0,41600
MARUTI30Jan207200PE.NFO,07/01/2020,10:05:53,200.95,199.6,100,205.3,100,0,41600
MARUTI30Jan207200PE.NFO,07/01/2020,10:05:54,200.95,199.95,100,205,100,0,41600
MARUTI30Jan207200PE.NFO,07/01/2020,10:05:55,200.95,200,300,204.5,100,0,41600
MARUTI30Jan207200PE.NFO,07/01/2020,10:05:56,200.95,199.1,200,204.2,100,0,41600
MARUTI30Jan207200PE.NFO,07/01/2020,10:05:59,200.95,195.2,400,202.7,100,0,41600
MARUTI30Jan207200PE.NFO,07/01/2020,10:06:00,200.95,195.2,800,203.95,100,0,41600
MARUTI30Jan207200PE.NFO,07/01/2020,10:06:01,200.95,195.2,800,202.9,100,0,41600
MARUTI30Jan207200PE.NFO,07/01/2020,10:06:02,200.95,195.4,400,202.3,100,0,41600
MARUTI30Jan207200PE.NFO,07/01/2020,10:06:03,200.95,195.5,400,202.3,200,0,41600
MARUTI30Jan207200PE.NFO,07/01/2020,10:06:04,200.95,195.6,400,202.3,200,0,41600
MARUTI30Jan207200PE.NFO,07/01/2020,10:06:05,200.95,197.35,400,204.15,200,0,41600
MARUTI30Jan207200PE.NFO,07/01/2020,10:06:06,200.95,197.45,400,204.15,200,0,41600
MARUTI30Jan207200PE.NFO,07/01/2020,10:06:07,200.95,197.55,400,204.15,200,0,41600
MARUTI30Jan207200PE.NFO,07/01/2020,10:06:08,200.95,197.55,600,204.15,200,0,41600
MARUTI30Jan207200PE.NFO,07/01/2020,10:06:09,200.95,197.75,400,204.15,200,0,41600
MARUTI30Jan207200PE.NFO,07/01/2020,10:06:10,200.95,197.85,200,204.15,200,0,41600
MARUTI30Jan207200PE.NFO,07/01/2020,10:06:11,200.95,197.95,200,204.15,200,0,41600
MARUTI30Jan207200PE.NFO,07/01/2020,10:06:12,200.95,198.05,200,204.15,200,0,41600
MARUTI30Jan207200PE.NFO,07/01/2020,10:06:13,200.95,198.15,200,204.15,200,0,41600
MARUTI30Jan207200PE.NFO,07/01/2020,10:06:14,200.95,198.25,200,203.75,100,0,41600
MARUTI30Jan207200PE.NFO,07/01/2020,10:06:17,200.95,198.25,400,203.75,200,0,41600
MARUTI30Jan207200PE.NFO,07/01/2020,10:06:18,200.95,198.35,200,203.75,200,0,41600
MARUTI30Jan207200PE.NFO,07/01/2020,10:06:19,200.95,198.45,200,203.75,200,0,41600
MARUTI30Jan207200PE.NFO,07/01/2020,10:06:20,200.95,198.45,400,203.65,100,0,41600
MARUTI30Jan207200PE.NFO,07/01/2020,10:06:23,200.95,199.05,100,203.65,100,0,41600
MARUTI30Jan207200PE.NFO,07/01/2020,10:06:24,200.95,200.15,100,203.65,100,0,41600
MARUTI30Jan207200PE.NFO,07/01/2020,10:06:25,200.95,200.45,100,203.65,100,0,41600
MARUTI30Jan207200PE.NFO,07/01/2020,10:06:27,200.95,198.35,100,204.45,100,0,41600
MARUTI30Jan207200PE.NFO,07/01/2020,10:06:28,200.95,199.05,100,203.65,100,0,41600
MARUTI30Jan207200PE.NFO,07/01/2020,10:06:30,200.95,199.45,100,203.6,100,0,41600
MARUTI30Jan207200PE.NFO,07/01/2020,10:06:33,200.95,199.75,100,203.6,100,0,41600
MARUTI30Jan207200PE.NFO,07/01/2020,10:06:36,200.95,198.35,200,204.05,100,0,41600
MARUTI30Jan207200PE.NFO,07/01/2020,10:06:37,200.95,198.35,400,203.95,100,0,41600
MARUTI30Jan207200PE.NFO,07/01/2020,10:06:39,200.95,198.45,200,203.95,100,0,41600
MARUTI30Jan207200PE.NFO,07/01/2020,10:06:40,200.95,199.3,100,206,100,0,41600
MARUTI30Jan207200PE.NFO,07/01/2020,10:06:41,200.95,199.4,100,205.7,100,0,41600
MARUTI30Jan207200PE.NFO,07/01/2020,10:06:44,200.95,201.5,100,205.4,200,0,41600
MARUTI30Jan207200PE.NFO,07/01/2020,10:06:45,200.95,198.35,500,205.3,100,0,41600
MARUTI30Jan207200PE.NFO,07/01/2020,10:06:48,200.95,198.35,700,205.3,100,0,41600
MARUTI30Jan207200PE.NFO,07/01/2020,10:06:53,200.95,198.55,200,205.2,100,0,41600
MARUTI30Jan207200PE.NFO,07/01/2020,10:06:54,200.95,198.65,200,205.2,200,0,41600
MARUTI30Jan207200PE.NFO,07/01/2020,10:06:55,200.95,198.75,200,205.2,100,0,41600
MARUTI30Jan207200PE.NFO,07/01/2020,10:06:56,200.95,198.85,200,205.2,100,0,41600
MARUTI30Jan207200PE.NFO,07/01/2020,10:06:57,200.95,198.85,400,206.05,100,0,41600
MARUTI30Jan207200PE.NFO,07/01/2020,10:06:58,200.95,198.95,200,206.05,200,0,41600
MARUTI30Jan207200PE.NFO,07/01/2020,10:06:59,200.95,199.05,200,206.05,200,0,41600
MARUTI30Jan207200PE.NFO,07/01/2020,10:07:00,200.95,199.25,200,206.05,200,0,41600
MARUTI30Jan207200PE.NFO,07/01/2020,10:07:02,200.95,199.45,200,206.05,200,0,41600
MARUTI30Jan207200PE.NFO,07/01/2020,10:07:03,200.95,199.65,200,206.05,200,0,41600
MARUTI30Jan207200PE.NFO,07/01/2020,10:07:04,200.95,200.85,200,206.05,100,0,41600
MARUTI30Jan207200PE.NFO,07/01/2020,10:07:05,200.95,200.95,100,206.05,100,0,41600
MARUTI30Jan207200PE.NFO,07/01/2020,10:07:06,200.95,201.05,200,206.05,100,0,41600
MARUTI30Jan207200PE.NFO,07/01/2020,10:07:07,200.95,201.15,200,206.05,100,0,41600
MARUTI30Jan207200PE.NFO,07/01/2020,10:07:08,200.95,201.25,200,206.05,100,0,41600
MARUTI30Jan207200PE.NFO,07/01/2020,10:07:09,200.95,201.35,200,206.05,100,0,41600
MARUTI30Jan207200PE.NFO,07/01/2020,10:07:10,200.95,201.45,200,206.05,100,0,41600
MARUTI30Jan207200PE.NFO,07/01/2020,10:07:12,200.95,201.45,400,206.05,100,0,41600
MARUTI30Jan207200PE.NFO,07/01/2020,10:07:13,200.95,201.65,200,206.05,100,0,41600
MARUTI30Jan207200PE.NFO,07/01/2020,10:07:14,200.95,201.75,200,206.05,100,0,41600
MARUTI30Jan207200PE.NFO,07/01/2020,10:07:16,200.95,201.85,400,206.05,100,0,41600
MARUTI30Jan207200PE.NFO,07/01/2020,10:07:17,200.95,201.95,200,206.05,100,0,41600
MARUTI30Jan207200PE.NFO,07/01/2020,10:07:18,200.95,202.05,200,206.05,100,0,41600
MARUTI30Jan207200PE.NFO,07/01/2020,10:07:19,200.95,202.15,200,206.05,100,0,41600
MARUTI30Jan207200PE.NFO,07/01/2020,10:07:21,200.95,202.25,200,206.05,100,0,41600
MARUTI30Jan207200PE.NFO,07/01/2020,10:07:22,200.95,202.25,300,208.3,300,0,41600
MARUTI30Jan207200PE.NFO,07/01/2020,10:07:23,200.95,202.25,300,207.8,200,0,41600
MARUTI30Jan207200PE.NFO,07/01/2020,10:07:24,200.95,202.25,300,207.05,100,0,41600
MARUTI30Jan207200PE.NFO,07/01/2020,10:07:26,200.95,202.25,300,206.8,100,0,41600
MARUTI30Jan207200PE.NFO,07/01/2020,10:07:27,200.95,202.25,300,206.95,100,0,41600
MARUTI30Jan207200PE.NFO,07/01/2020,10:07:29,200.95,202.35,200,206.95,100,0,41600
MARUTI30Jan207200PE.NFO,07/01/2020,10:07:31,200.95,202.35,400,206.85,100,0,41600
MARUTI30Jan207200PE.NFO,07/01/2020,10:07:32,200.95,202.45,200,206.85,100,0,41600
MARUTI30Jan207200PE.NFO,07/01/2020,10:07:33,200.95,202.55,200,206.85,100,0,41600
MARUTI30Jan207200PE.NFO,07/01/2020,10:07:36,206.85,202.65,100,210.6,300,100,41700
MARUTI30Jan207200PE.NFO,07/01/2020,10:07:36,206.85,202.65,100,210.6,300,0,41700
MARUTI30Jan207200PE.NFO,07/01/2020,10:07:37,206.85,200,500,210.4,100,0,41700
MARUTI30Jan207200PE.NFO,07/01/2020,10:07:38,206.85,200,700,210.4,200,0,41700
MARUTI30Jan207200PE.NFO,07/01/2020,10:07:39,206.85,200.65,200,210.4,200,0,41700
MARUTI30Jan207200PE.NFO,07/01/2020,10:07:40,206.85,200.75,200,210.2,100,0,41700
MARUTI30Jan207200PE.NFO,07/01/2020,10:07:50,206.85,201.75,100,209.2,100,0,41700
MARUTI30Jan207200PE.NFO,07/01/2020,10:07:53,206.85,202.1,100,208.95,100,0,41700
MARUTI30Jan207200PE.NFO,07/01/2020,10:07:54,206.85,202.2,100,208.95,200,0,41700
MARUTI30Jan207200PE.NFO,07/01/2020,10:08:02,206.85,202.4,100,208.95,200,0,41700
MARUTI30Jan207200PE.NFO,07/01/2020,10:08:03,206.85,202.5,100,208.95,200,0,41700
MARUTI30Jan207200PE.NFO,07/01/2020,10:08:04,206.85,202.5,300,208.95,200,0,41700
MARUTI30Jan207200PE.NFO,07/01/2020,10:08:06,206.85,202.7,300,209.35,100,0,41700
MARUTI30Jan207200PE.NFO,07/01/2020,10:08:07,206.85,202.8,300,209.35,100,0,41700
MARUTI30Jan207200PE.NFO,07/01/2020,10:08:08,206.85,202.9,200,209.35,100,0,41700
MARUTI30Jan207200PE.NFO,07/01/2020,10:08:09,206.85,203,100,209.35,100,0,41700
MARUTI30Jan207200PE.NFO,07/01/2020,10:08:10,206.85,203.1,100,209.35,100,0,41700
MARUTI30Jan207200PE.NFO,07/01/2020,10:08:11,206.85,203.1,300,209.3,200,0,41700
MARUTI30Jan207200PE.NFO,07/01/2020,10:08:17,206.85,202.9,500,209.3,200,0,41700
MARUTI30Jan207200PE.NFO,07/01/2020,10:08:22,206.85,202.9,300,209.3,200,0,41700
MARUTI30Jan207200PE.NFO,07/01/2020,10:08:26,206.85,198.8,500,209.1,100,0,41700
MARUTI30Jan207200PE.NFO,07/01/2020,10:08:31,206.85,199.8,100,208.45,200,0,41700
MARUTI30Jan207200PE.NFO,07/01/2020,10:08:36,206.85,199.85,300,208.35,100,0,41700
MARUTI30Jan207200PE.NFO,07/01/2020,10:08:42,206.85,200.05,100,208.25,100,0,41700
MARUTI30Jan207200PE.NFO,07/01/2020,10:08:46,206.85,200.05,300,208.15,100,0,41700
MARUTI30Jan207200PE.NFO,07/01/2020,10:08:54,206.85,200.15,100,208.15,200,0,41700
MARUTI30Jan207200PE.NFO,07/01/2020,10:08:58,206.85,199.15,400,207.95,100,0,41700
MARUTI30Jan207200PE.NFO,07/01/2020,10:09:03,206.85,201.15,300,207.85,200,0,41700
MARUTI30Jan207200PE.NFO,07/01/2020,10:09:16,206.85,201.05,100,207.25,100,0,41700
MARUTI30Jan207200PE.NFO,07/01/2020,10:09:20,206.85,200.95,100,206.75,300,0,41700
MARUTI30Jan207200PE.NFO,07/01/2020,10:09:24,206.85,201.8,100,206.75,300,0,41700
MARUTI30Jan207200PE.NFO,07/01/2020,10:09:29,206.85,201.75,200,206.75,300,0,41700
MARUTI30Jan207200PE.NFO,07/01/2020,10:09:41,206.85,201.8,300,206.75,300,0,41700
MARUTI30Jan207200PE.NFO,07/01/2020,10:09:55,206.85,198.85,100,206.75,300,0,41700
MARUTI30Jan207200PE.NFO,07/01/2020,10:10:00,206.85,198.65,100,206.55,300,0,41700
MARUTI30Jan207200PE.NFO,07/01/2020,10:10:05,206.85,198.65,300,205.4,200,0,41700
MARUTI30Jan207200PE.NFO,07/01/2020,10:10:10,206.85,198.55,200,204.85,300,0,41700
MARUTI30Jan207200PE.NFO,07/01/2020,10:10:15,206.85,198.65,100,204.35,200,0,41700
MARUTI30Jan207200PE.NFO,07/01/2020,10:10:20,206.85,198.55,100,204,100,0,41700
MARUTI30Jan207200PE.NFO,07/01/2020,10:10:27,206.85,195.9,200,203.7,200,0,41700
MARUTI30Jan207200PE.NFO,07/01/2020,10:10:31,206.85,197.15,100,203.7,200,0,41700
MARUTI30Jan207200PE.NFO,07/01/2020,10:10:36,206.85,197.15,300,203.6,100,0,41700
MARUTI30Jan207200PE.NFO,07/01/2020,10:10:40,206.85,197.05,200,201.75,100,0,41700
MARUTI30Jan207200PE.NFO,07/01/2020,10:10:45,206.85,198,300,202.8,100,0,41700
MARUTI30Jan207200PE.NFO,07/01/2020,10:10:50,206.85,197.9,200,202.55,100,0,41700
MARUTI30Jan207200PE.NFO,07/01/2020,10:10:53,206.85,197.95,300,202.55,200,0,41700
MARUTI30Jan207200PE.NFO,07/01/2020,10:10:57,206.85,197.95,300,202.85,200,0,41700
MARUTI30Jan207200PE.NFO,07/01/2020,10:11:02,206.85,196.55,100,202.45,100,0,41700
MARUTI30Jan207200PE.NFO,07/01/2020,10:11:06,206.85,199.15,100,204.8,100,0,41700
MARUTI30Jan207200PE.NFO,07/01/2020,10:11:10,206.85,197.45,100,203.8,100,0,41700
MARUTI30Jan207200PE.NFO,07/01/2020,10:11:12,206.85,197.15,100,203.05,100,0,41700
MARUTI30Jan207200PE.NFO,07/01/2020,10:11:13,206.85,197.4,100,202.95,100,0,41700
MARUTI30Jan207200PE.NFO,07/01/2020,10:11:14,206.85,197.6,100,202.9,200,0,41700
MARUTI30Jan207200PE.NFO,07/01/2020,10:11:15,206.85,197.65,100,203.05,100,0,41700
MARUTI30Jan207200PE.NFO,07/01/2020,10:11:16,206.85,197.7,300,202.95,100,0,41700
MARUTI30Jan207200PE.NFO,07/01/2020,10:11:17,206.85,197.7,300,202.9,100,0,41700
MARUTI30Jan207200PE.NFO,07/01/2020,10:11:19,206.85,197.8,100,202.85,100,0,41700
MARUTI30Jan207200PE.NFO,07/01/2020,10:11:19,206.85,197.8,300,202.75,100,0,41700
MARUTI30Jan207200PE.NFO,07/01/2020,10:11:23,206.85,196.95,200,202.65,100,0,41700
MARUTI30Jan207200PE.NFO,07/01/2020,10:11:23,206.85,197.15,400,202.65,200,0,41700
MARUTI30Jan207200PE.NFO,07/01/2020,10:11:24,206.85,197.25,100,202.55,100,0,41700
MARUTI30Jan207200PE.NFO,07/01/2020,10:11:25,206.85,196.85,300,202.05,100,0,41700
MARUTI30Jan207200PE.NFO,07/01/2020,10:11:26,206.85,196.9,100,202.05,100,0,41700
MARUTI30Jan207200PE.NFO,07/01/2020,10:11:27,206.85,198.4,100,204.05,100,0,41700
MARUTI30Jan207200PE.NFO,07/01/2020,10:11:28,206.85,198.1,100,203.95,100,0,41700
MARUTI30Jan207200PE.NFO,07/01/2020,10:11:29,206.85,198.45,100,203.95,200,0,41700
MARUTI30Jan207200PE.NFO,07/01/2020,10:11:30,206.85,198.45,100,203.85,200,0,41700
MARUTI30Jan207200PE.NFO,07/01/2020,10:11:31,206.85,198.7,100,203.85,200,0,41700
MARUTI30Jan207200PE.NFO,07/01/2020,10:11:32,206.85,198.9,100,203.85,200,0,41700
MARUTI30Jan207200PE.NFO,07/01/2020,10:11:33,206.85,198.65,100,203.75,200,0,41700
MARUTI30Jan207200PE.NFO,07/01/2020,10:11:34,206.85,197.8,100,203.1,100,0,41700
MARUTI30Jan207200PE.NFO,07/01/2020,10:11:35,206.85,198.4,100,203.1,100,0,41700
MARUTI30Jan207200PE.NFO,07/01/2020,10:11:36,206.85,198.05,100,203.55,100,0,41700
MARUTI30Jan207200PE.NFO,07/01/2020,10:11:37,206.85,197.55,100,203.4,100,0,41700
MARUTI30Jan207200PE.NFO,07/01/2020,10:11:38,206.85,197.5,200,203.25,100,0,41700
MARUTI30Jan207200PE.NFO,07/01/2020,10:11:39,206.85,197.85,100,202.95,100,0,41700
MARUTI30Jan207200PE.NFO,07/01/2020,10:11:40,206.85,197.85,200,202.85,100,0,41700
MARUTI30Jan207200PE.NFO,07/01/2020,10:11:41,206.85,197.25,100,202.8,100,0,41700
MARUTI30Jan207200PE.NFO,07/01/2020,10:11:42,206.85,197.45,100,202.8,200,0,41700
MARUTI30Jan207200PE.NFO,07/01/2020,10:11:47,206.85,197.5,100,202.8,200,0,41700
MARUTI30Jan207200PE.NFO,07/01/2020,10:11:47,206.85,197.55,200,202.8,200,0,41700
MARUTI30Jan207200PE.NFO,07/01/2020,10:11:48,206.85,195.3,700,202.6,100,0,41700
MARUTI30Jan207200PE.NFO,07/01/2020,10:11:49,206.85,193.95,200,201.25,100,0,41700
MARUTI30Jan207200PE.NFO,07/01/2020,10:11:50,206.85,195.7,100,201.6,100,0,41700
MARUTI30Jan207200PE.NFO,07/01/2020,10:11:51,206.85,195.9,100,201.5,100,0,41700
MARUTI30Jan207200PE.NFO,07/01/2020,10:11:52,206.85,195.7,200,201.2,100,0,41700
MARUTI30Jan207200PE.NFO,07/01/2020,10:11:53,206.85,196.2,200,201.2,100,0,41700
MARUTI30Jan207200PE.NFO,07/01/2020,10:11:54,206.85,196.2,300,201.1,100,0,41700
MARUTI30Jan207200PE.NFO,07/01/2020,10:11:55,206.85,196.3,100,200.95,100,0,41700
MARUTI30Jan207200PE.NFO,07/01/2020,10:11:57,206.85,196.75,200,202,200,0,41700
MARUTI30Jan207200PE.NFO,07/01/2020,10:11:58,206.85,194,500,202,300,0,41700
MARUTI30Jan207200PE.NFO,07/01/2020,10:11:59,206.85,198.05,100,202.35,100,0,41700
MARUTI30Jan207200PE.NFO,07/01/2020,10:12:00,206.85,197.35,300,201.95,100,0,41700
MARUTI30Jan207200PE.NFO,07/01/2020,10:12:01,206.85,196.25,100,201.85,100,0,41700
MARUTI30Jan207200PE.NFO,07/01/2020,10:12:02,206.85,196.55,200,201.8,100,0,41700
MARUTI30Jan207200PE.NFO,07/01/2020,10:12:03,206.85,194.9,400,201.75,100,0,41700
MARUTI30Jan207200PE.NFO,07/01/2020,10:12:04,206.85,196.25,100,201.65,100,0,41700
MARUTI30Jan207200PE.NFO,07/01/2020,10:12:05,206.85,196.55,200,201.55,100,0,41700
MARUTI30Jan207200PE.NFO,07/01/2020,10:12:08,206.85,196.6,100,201.35,100,0,41700
MARUTI30Jan207200PE.NFO,07/01/2020,10:12:09,206.85,195.35,200,201.35,200,0,41700
MARUTI30Jan207200PE.NFO,07/01/2020,10:12:10,206.85,196.25,200,201.3,100,0,41700
MARUTI30Jan207200PE.NFO,07/01/2020,10:12:14,206.85,196.95,100,201.35,200,0,41700
MARUTI30Jan207200PE.NFO,07/01/2020,10:12:18,206.85,197.55,100,202.1,100,0,41700
MARUTI30Jan207200PE.NFO,07/01/2020,10:12:18,206.85,197.55,300,202.3,100,0,41700
MARUTI30Jan207200PE.NFO,07/01/2020,10:12:19,206.85,197.55,200,202.1,100,0,41700
MARUTI30Jan207200PE.NFO,07/01/2020,10:12:21,197.55,197.55,100,202,100,100,41700
MARUTI30Jan207200PE.NFO,07/01/2020,10:12:23,197.55,197.55,100,202,100,0,41700
MARUTI30Jan207200PE.NFO,07/01/2020,10:12:38,197.55,197.55,100,201.9,100,0,41700
