Ticker,Date,Time,LTP,BuyPrice,BuyQty,SellPrice,SellQty,LTQ,OpenInterest
MFSL30Jan20570PE.NFO,07/01/2020,09:28:17,25,24.5,3900,26.5,1300,1300,20800
MFSL30Jan20570PE.NFO,07/01/2020,09:28:17,25,24.5,3900,26.5,1300,0,20800
MFSL30Jan20570PE.NFO,07/01/2020,09:28:17,25,24.5,3900,26.5,1300,0,20800
MFSL30Jan20570PE.NFO,07/01/2020,09:28:17,25,24.5,3900,26.5,1300,0,20800
MFSL30Jan20570PE.NFO,07/01/2020,09:28:22,25,24.8,1300,27.4,6500,0,20800
MFSL30Jan20570PE.NFO,07/01/2020,09:28:27,25,24.9,1300,27.4,3900,0,20800
MFSL30Jan20570PE.NFO,07/01/2020,09:28:33,25,24.35,11700,27.4,3900,0,20800
MFSL30Jan20570PE.NFO,07/01/2020,09:28:39,25,24.8,6500,27.4,3900,0,20800
MFSL30Jan20570PE.NFO,07/01/2020,09:28:44,25,25.1,1300,27.4,3900,0,20800
MFSL30Jan20570PE.NFO,07/01/2020,09:28:55,25,24.8,6500,27.4,3900,0,20800
MFSL30Jan20570PE.NFO,07/01/2020,09:29:00,25,25.2,1300,27.4,3900,0,20800
MFSL30Jan20570PE.NFO,07/01/2020,09:29:05,25,25,1300,27.4,3900,0,20800
MFSL30Jan20570PE.NFO,07/01/2020,09:29:11,25,25.1,1300,27.4,3900,0,20800
MFSL30Jan20570PE.NFO,07/01/2020,09:29:22,25,24.6,9100,27.4,3900,0,20800
MFSL30Jan20570PE.NFO,07/01/2020,09:29:28,25,25.05,1300,27.4,3900,0,20800
MFSL30Jan20570PE.NFO,07/01/2020,09:29:34,25,25.15,1300,27.4,3900,0,20800
MFSL30Jan20570PE.NFO,07/01/2020,09:29:39,25,24.65,9100,27.4,3900,0,20800
MFSL30Jan20570PE.NFO,07/01/2020,09:29:44,25,25.05,1300,27.4,3900,0,20800
MFSL30Jan20570PE.NFO,07/01/2020,09:29:49,25,24.85,6500,27.4,3900,0,20800
MFSL30Jan20570PE.NFO,07/01/2020,09:29:53,25,25.05,1300,27.4,3900,0,20800
MFSL30Jan20570PE.NFO,07/01/2020,09:30:07,25,24.95,1300,27.4,3900,0,20800
MFSL30Jan20570PE.NFO,07/01/2020,09:30:12,25,24.35,6500,27.4,6500,0,20800
MFSL30Jan20570PE.NFO,07/01/2020,09:30:17,25,24.35,9100,27.3,6500,0,20800
MFSL30Jan20570PE.NFO,07/01/2020,09:30:22,25,24.65,3900,27.2,6500,0,20800
MFSL30Jan20570PE.NFO,07/01/2020,09:30:27,25,24.45,3900,27.1,3900,0,20800
MFSL30Jan20570PE.NFO,07/01/2020,09:30:47,25,24,9100,27.1,6500,0,20800
MFSL30Jan20570PE.NFO,07/01/2020,09:30:52,25,24,9100,27,3900,0,20800
MFSL30Jan20570PE.NFO,07/01/2020,09:31:02,25,24.25,9100,27,3900,0,20800
MFSL30Jan20570PE.NFO,07/01/2020,09:31:08,25,24.25,6500,27,3900,0,20800
MFSL30Jan20570PE.NFO,07/01/2020,09:31:26,25,24.35,6500,27,3900,0,20800
MFSL30Jan20570PE.NFO,07/01/2020,09:31:37,25,24.55,3900,27,3900,0,20800
MFSL30Jan20570PE.NFO,07/01/2020,09:31:48,25,24.55,6500,26.9,1300,0,20800
MFSL30Jan20570PE.NFO,07/01/2020,09:31:59,25,24.55,3900,26.9,1300,0,20800
MFSL30Jan20570PE.NFO,07/01/2020,09:32:10,25,24.05,6500,26.9,3900,0,20800
MFSL30Jan20570PE.NFO,07/01/2020,09:32:22,25,24.1,6500,26.9,2600,0,20800
MFSL30Jan20570PE.NFO,07/01/2020,09:32:39,25,24.25,9100,26.9,2600,0,20800
MFSL30Jan20570PE.NFO,07/01/2020,09:32:45,25,24.55,6500,26.9,2600,0,20800
MFSL30Jan20570PE.NFO,07/01/2020,09:32:51,25,24.65,6500,26.9,2600,0,20800
MFSL30Jan20570PE.NFO,07/01/2020,09:32:56,25,24.8,1300,26.9,2600,0,20800
MFSL30Jan20570PE.NFO,07/01/2020,09:33:02,25,25.05,2600,26.9,2600,0,20800
MFSL30Jan20570PE.NFO,07/01/2020,09:33:45,25,25.25,2600,26.9,2600,0,20800
MFSL30Jan20570PE.NFO,07/01/2020,09:33:50,25,25.3,2600,26.9,2600,0,20800
MFSL30Jan20570PE.NFO,07/01/2020,09:33:54,25,25.3,1300,26.9,2600,0,20800
MFSL30Jan20570PE.NFO,07/01/2020,09:33:59,25,25.3,1300,26.9,5200,0,20800
MFSL30Jan20570PE.NFO,07/01/2020,09:34:03,25,25.3,1300,26.9,3900,0,20800
MFSL30Jan20570PE.NFO,07/01/2020,09:34:08,25,25.3,1300,26.8,1300,0,20800
MFSL30Jan20570PE.NFO,07/01/2020,09:34:14,25,25.35,2600,26.8,2600,0,20800
MFSL30Jan20570PE.NFO,07/01/2020,09:34:19,25,25.3,1300,26.8,2600,0,20800
MFSL30Jan20570PE.NFO,07/01/2020,09:34:24,25,25.3,3900,26.8,2600,0,20800
MFSL30Jan20570PE.NFO,07/01/2020,09:34:42,25,25.5,2600,26.8,2600,0,20800
MFSL30Jan20570PE.NFO,07/01/2020,09:34:47,25,25.55,3900,27.35,3900,0,20800
MFSL30Jan20570PE.NFO,07/01/2020,09:35:04,25,25.6,3900,26.95,1300,0,20800
MFSL30Jan20570PE.NFO,07/01/2020,09:35:23,25,25.7,3900,26.95,1300,0,20800
MFSL30Jan20570PE.NFO,07/01/2020,09:35:38,25,25.8,2600,26.95,1300,0,20800
MFSL30Jan20570PE.NFO,07/01/2020,09:35:45,25,25.8,3900,27.4,3900,0,20800
MFSL30Jan20570PE.NFO,07/01/2020,09:35:52,25,25.8,2600,27.4,1300,0,20800
MFSL30Jan20570PE.NFO,07/01/2020,09:36:08,25,25.8,3900,27.4,1300,0,20800
MFSL30Jan20570PE.NFO,07/01/2020,09:36:14,25,25.8,2600,27.35,2600,0,20800
MFSL30Jan20570PE.NFO,07/01/2020,09:36:20,25,25.8,2600,27.25,1300,0,20800
MFSL30Jan20570PE.NFO,07/01/2020,09:36:26,25,25.8,2600,27.15,2600,0,20800
MFSL30Jan20570PE.NFO,07/01/2020,09:36:30,25,25.8,2600,27.05,1300,0,20800
MFSL30Jan20570PE.NFO,07/01/2020,09:36:35,25,25.8,2600,27.05,2600,0,20800
MFSL30Jan20570PE.NFO,07/01/2020,09:36:44,25,25.8,1300,27.05,2600,0,20800
MFSL30Jan20570PE.NFO,07/01/2020,09:36:49,25,25.7,2600,26.95,2600,0,20800
MFSL30Jan20570PE.NFO,07/01/2020,09:36:53,25,25.05,5200,27.05,2600,0,20800
MFSL30Jan20570PE.NFO,07/01/2020,09:36:58,25,25.05,2600,27.05,2600,0,20800
MFSL30Jan20570PE.NFO,07/01/2020,09:37:03,25,25.05,5200,27.05,2600,0,20800
MFSL30Jan20570PE.NFO,07/01/2020,09:37:47,25,25.05,2600,26.85,2600,0,20800
MFSL30Jan20570PE.NFO,07/01/2020,09:37:51,25,25.05,5200,26.85,2600,0,20800
MFSL30Jan20570PE.NFO,07/01/2020,09:38:04,25,25.05,2600,26.85,2600,0,20800
MFSL30Jan20570PE.NFO,07/01/2020,09:38:13,25,24.5,6500,26.85,2600,0,20800
MFSL30Jan20570PE.NFO,07/01/2020,09:38:18,25,24.6,6500,26.85,2600,0,20800
MFSL30Jan20570PE.NFO,07/01/2020,09:38:26,25,24.6,5200,26.75,1300,0,20800
MFSL30Jan20570PE.NFO,07/01/2020,09:38:30,25,24.7,2600,26.8,1300,0,20800
MFSL30Jan20570PE.NFO,07/01/2020,09:38:34,25,24.8,5200,26.65,1300,0,20800
MFSL30Jan20570PE.NFO,07/01/2020,09:38:52,25,24.85,6500,26.65,1300,0,20800
MFSL30Jan20570PE.NFO,07/01/2020,09:39:05,25,24.85,5200,26.65,1300,0,20800
MFSL30Jan20570PE.NFO,07/01/2020,09:39:13,25,25.65,1300,26.65,1300,0,20800
MFSL30Jan20570PE.NFO,07/01/2020,09:39:18,25,25.65,1300,26.65,2600,0,20800
MFSL30Jan20570PE.NFO,07/01/2020,09:39:23,25,25.55,1300,26.65,1300,0,20800
MFSL30Jan20570PE.NFO,07/01/2020,09:39:28,25,25.65,1300,26.65,1300,0,20800
MFSL30Jan20570PE.NFO,07/01/2020,09:39:32,25,25.55,1300,26.65,1300,0,20800
MFSL30Jan20570PE.NFO,07/01/2020,09:39:36,25,25.55,1300,27.1,1300,0,20800
MFSL30Jan20570PE.NFO,07/01/2020,09:39:40,25,25.55,1300,26.6,1300,0,20800
MFSL30Jan20570PE.NFO,07/01/2020,09:39:44,25,25.55,1300,26.5,1300,0,20800
MFSL30Jan20570PE.NFO,07/01/2020,09:39:52,25,25.55,1300,26.45,1300,0,20800
MFSL30Jan20570PE.NFO,07/01/2020,09:39:56,25,25.45,1300,26.45,1300,0,20800
MFSL30Jan20570PE.NFO,07/01/2020,09:40:05,25,25.35,1300,26.2,1300,0,20800
MFSL30Jan20570PE.NFO,07/01/2020,09:40:11,25,25.25,1300,26.1,1300,0,20800
MFSL30Jan20570PE.NFO,07/01/2020,09:40:16,25,25.25,1300,26.15,1300,0,20800
MFSL30Jan20570PE.NFO,07/01/2020,09:40:21,25,25.3,1300,26.25,2600,0,20800
MFSL30Jan20570PE.NFO,07/01/2020,09:40:46,25,25.3,2600,26.25,2600,0,20800
MFSL30Jan20570PE.NFO,07/01/2020,09:40:50,25,25.3,3900,26.25,2600,0,20800
MFSL30Jan20570PE.NFO,07/01/2020,09:41:44,25,25.3,2600,26.25,2600,0,20800
MFSL30Jan20570PE.NFO,07/01/2020,09:41:48,25,25.3,2600,26.9,1300,0,20800
MFSL30Jan20570PE.NFO,07/01/2020,09:42:07,25,25.3,3900,26.9,1300,0,20800
MFSL30Jan20570PE.NFO,07/01/2020,09:42:27,25,25.45,1300,26.8,1300,0,20800
MFSL30Jan20570PE.NFO,07/01/2020,09:42:34,25,25.25,2600,26.8,1300,0,20800
MFSL30Jan20570PE.NFO,07/01/2020,09:42:54,25,25.15,1300,26.8,1300,0,20800
MFSL30Jan20570PE.NFO,07/01/2020,09:43:00,25,25.3,1300,26.8,1300,0,20800
MFSL30Jan20570PE.NFO,07/01/2020,09:45:02,25,25.3,1300,26.7,1300,0,20800
MFSL30Jan20570PE.NFO,07/01/2020,09:45:08,25,25.3,2600,26.4,1300,0,20800
MFSL30Jan20570PE.NFO,07/01/2020,09:45:15,25,25.3,2600,26.7,2600,0,20800
MFSL30Jan20570PE.NFO,07/01/2020,09:45:21,25,25.3,1300,26.4,1300,0,20800
MFSL30Jan20570PE.NFO,07/01/2020,09:45:27,25,25.3,2600,26.1,1300,0,20800
MFSL30Jan20570PE.NFO,07/01/2020,09:45:33,25,25.05,1300,26.05,1300,0,20800
MFSL30Jan20570PE.NFO,07/01/2020,09:45:40,25,25.05,1300,26,1300,0,20800
MFSL30Jan20570PE.NFO,07/01/2020,09:46:22,25,24.95,1300,26,1300,0,20800
MFSL30Jan20570PE.NFO,07/01/2020,09:46:27,25,24.95,1300,26.55,1300,0,20800
MFSL30Jan20570PE.NFO,07/01/2020,09:46:32,25,24.95,1300,25.9,1300,0,20800
MFSL30Jan20570PE.NFO,07/01/2020,09:46:38,25,25,1300,25.9,1300,0,20800
MFSL30Jan20570PE.NFO,07/01/2020,09:46:42,25,25.15,1300,26,1300,0,20800
MFSL30Jan20570PE.NFO,07/01/2020,09:46:47,25,25.15,1300,26.1,1300,0,20800
MFSL30Jan20570PE.NFO,07/01/2020,09:47:27,25,25.3,1300,26.3,1300,0,20800
MFSL30Jan20570PE.NFO,07/01/2020,09:47:32,25,25.3,1300,26.35,1300,0,20800
MFSL30Jan20570PE.NFO,07/01/2020,09:47:36,25,25.3,1300,26.3,1300,0,20800
MFSL30Jan20570PE.NFO,07/01/2020,09:48:17,25,25.25,1300,26.3,1300,0,20800
MFSL30Jan20570PE.NFO,07/01/2020,09:48:21,25,25.15,1300,26.3,2600,0,20800
MFSL30Jan20570PE.NFO,07/01/2020,09:49:16,25,25.15,1300,26.25,1300,0,20800
MFSL30Jan20570PE.NFO,07/01/2020,09:49:21,25,25.35,1300,26.25,1300,0,20800
MFSL30Jan20570PE.NFO,07/01/2020,09:49:33,25,25.3,1300,26.4,2600,0,20800
MFSL30Jan20570PE.NFO,07/01/2020,09:49:38,25,25.3,1300,27.1,1300,0,20800
MFSL30Jan20570PE.NFO,07/01/2020,09:49:43,25,25.2,1300,26.5,1300,0,20800
MFSL30Jan20570PE.NFO,07/01/2020,09:49:48,25,25.2,1300,26.3,1300,0,20800
MFSL30Jan20570PE.NFO,07/01/2020,09:49:53,25,25.2,1300,26.5,1300,0,20800
MFSL30Jan20570PE.NFO,07/01/2020,09:49:58,25,25.2,1300,26.3,1300,0,20800
MFSL30Jan20570PE.NFO,07/01/2020,09:50:03,25,25.2,1300,26.25,1300,0,20800
MFSL30Jan20570PE.NFO,07/01/2020,09:50:23,25,25.2,1300,26.55,1300,0,20800
MFSL30Jan20570PE.NFO,07/01/2020,09:50:28,25,25.2,1300,27.15,1300,0,20800
MFSL30Jan20570PE.NFO,07/01/2020,09:50:33,25,25.5,1300,26.75,1300,0,20800
MFSL30Jan20570PE.NFO,07/01/2020,09:50:38,25,25.5,1300,26.55,1300,0,20800
MFSL30Jan20570PE.NFO,07/01/2020,09:50:44,25,25.5,1300,26.5,1300,0,20800
MFSL30Jan20570PE.NFO,07/01/2020,09:50:50,25,25.5,1300,26.45,1300,0,20800
MFSL30Jan20570PE.NFO,07/01/2020,09:51:04,25,25.5,1300,26.6,1300,0,20800
MFSL30Jan20570PE.NFO,07/01/2020,09:51:09,25,25.5,1300,26.5,1300,0,20800
MFSL30Jan20570PE.NFO,07/01/2020,09:51:25,25,25.5,1300,26.45,1300,0,20800
MFSL30Jan20570PE.NFO,07/01/2020,09:51:40,25,25.15,1300,26.2,1300,0,20800
MFSL30Jan20570PE.NFO,07/01/2020,09:51:45,25,25,1300,25.95,1300,0,20800
MFSL30Jan20570PE.NFO,07/01/2020,09:51:49,25,24.7,1300,25.7,1300,0,20800
MFSL30Jan20570PE.NFO,07/01/2020,09:51:53,25,24.6,1300,25.45,1300,0,20800
MFSL30Jan20570PE.NFO,07/01/2020,09:52:01,25,24.3,1300,25.35,1300,0,20800
MFSL30Jan20570PE.NFO,07/01/2020,09:52:05,25,24.3,1300,25.2,1300,0,20800
MFSL30Jan20570PE.NFO,07/01/2020,09:52:41,25,24.2,1300,25.2,1300,0,20800
MFSL30Jan20570PE.NFO,07/01/2020,09:52:53,25,24.2,1300,25.05,1300,0,20800
MFSL30Jan20570PE.NFO,07/01/2020,09:52:56,25,24.1,1300,24.9,1300,0,20800
MFSL30Jan20570PE.NFO,07/01/2020,09:53:00,25,24.1,1300,25,1300,0,20800
MFSL30Jan20570PE.NFO,07/01/2020,09:53:06,25,24.2,1300,25,1300,0,20800
MFSL30Jan20570PE.NFO,07/01/2020,09:53:17,25,24.1,1300,24.9,1300,0,20800
MFSL30Jan20570PE.NFO,07/01/2020,09:53:22,25,24.1,1300,25.5,1300,0,20800
MFSL30Jan20570PE.NFO,07/01/2020,09:53:27,25,24.1,1300,24.95,1300,0,20800
MFSL30Jan20570PE.NFO,07/01/2020,09:53:38,25,23.85,1300,24.8,1300,0,20800
MFSL30Jan20570PE.NFO,07/01/2020,09:53:42,25,23.55,1300,24.6,1300,0,20800
MFSL30Jan20570PE.NFO,07/01/2020,09:53:47,25,23.55,1300,24.5,1300,0,20800
MFSL30Jan20570PE.NFO,07/01/2020,09:53:52,25,23.75,1300,24.65,1300,0,20800
MFSL30Jan20570PE.NFO,07/01/2020,09:54:00,25,23.8,1300,24.65,1300,0,20800
MFSL30Jan20570PE.NFO,07/01/2020,09:54:05,25,24.05,1300,24.8,1300,0,20800
MFSL30Jan20570PE.NFO,07/01/2020,09:54:23,25,24.05,1300,24.85,1300,0,20800
MFSL30Jan20570PE.NFO,07/01/2020,09:54:27,25,24.05,1300,24.8,1300,0,20800
MFSL30Jan20570PE.NFO,07/01/2020,09:54:32,25,23.4,1300,24.65,1300,0,20800
MFSL30Jan20570PE.NFO,07/01/2020,09:54:36,25,23.5,1300,24.35,1300,0,20800
MFSL30Jan20570PE.NFO,07/01/2020,09:54:41,25,23.5,1300,24.3,1300,0,20800
MFSL30Jan20570PE.NFO,07/01/2020,09:54:46,25,23.3,1300,24.05,2600,0,20800
MFSL30Jan20570PE.NFO,07/01/2020,09:54:55,25,23.3,1300,24.3,1300,0,20800
MFSL30Jan20570PE.NFO,07/01/2020,09:55:15,25,23.35,1300,24.5,1300,0,20800
MFSL30Jan20570PE.NFO,07/01/2020,09:55:25,25,23.55,1300,24.25,1300,0,20800
MFSL30Jan20570PE.NFO,07/01/2020,09:55:29,25,23.7,1300,24.45,1300,0,20800
MFSL30Jan20570PE.NFO,07/01/2020,09:55:38,25,23.55,1300,24.3,1300,0,20800
MFSL30Jan20570PE.NFO,07/01/2020,09:55:48,25,23.1,1300,24.35,2600,0,20800
MFSL30Jan20570PE.NFO,07/01/2020,09:55:53,25,23.3,1300,24.35,2600,0,20800
MFSL30Jan20570PE.NFO,07/01/2020,09:55:58,25,23.55,1300,24.3,1300,0,20800
MFSL30Jan20570PE.NFO,07/01/2020,09:56:02,25,23.65,1300,24.4,1300,0,20800
MFSL30Jan20570PE.NFO,07/01/2020,09:56:07,25,23.5,1300,24.4,1300,0,20800
MFSL30Jan20570PE.NFO,07/01/2020,09:56:12,25,23.7,1300,24.5,1300,0,20800
MFSL30Jan20570PE.NFO,07/01/2020,09:56:23,25,23.75,2600,24.45,1300,0,20800
MFSL30Jan20570PE.NFO,07/01/2020,09:56:28,25,23.8,1300,24.45,1300,0,20800
MFSL30Jan20570PE.NFO,07/01/2020,09:56:34,25,23.7,1300,24.45,1300,0,20800
MFSL30Jan20570PE.NFO,07/01/2020,09:56:44,25,23.7,1300,24.6,1300,0,20800
MFSL30Jan20570PE.NFO,07/01/2020,09:57:01,25,23.7,1300,24.55,1300,0,20800
MFSL30Jan20570PE.NFO,07/01/2020,09:57:06,25,23.7,1300,24.5,1300,0,20800
MFSL30Jan20570PE.NFO,07/01/2020,09:57:10,25,23.7,1300,24.55,1300,0,20800
MFSL30Jan20570PE.NFO,07/01/2020,09:57:14,25,23.7,1300,24.45,1300,0,20800
MFSL30Jan20570PE.NFO,07/01/2020,09:57:18,25,23.7,1300,24.55,1300,0,20800
MFSL30Jan20570PE.NFO,07/01/2020,09:57:23,25,23.7,1300,24.5,1300,0,20800
MFSL30Jan20570PE.NFO,07/01/2020,09:57:27,25,23.75,1300,24.5,1300,0,20800
MFSL30Jan20570PE.NFO,07/01/2020,09:57:43,25,23.8,1300,24.5,1300,0,20800
MFSL30Jan20570PE.NFO,07/01/2020,09:57:56,25,23.75,1300,24.5,1300,0,20800
MFSL30Jan20570PE.NFO,07/01/2020,09:58:01,25,23.8,2600,25.45,1300,0,20800
MFSL30Jan20570PE.NFO,07/01/2020,09:58:46,25,23.8,3900,25.45,1300,0,20800
MFSL30Jan20570PE.NFO,07/01/2020,09:58:57,25,23.8,2600,25.45,1300,0,20800
MFSL30Jan20570PE.NFO,07/01/2020,09:59:15,25,23.8,3900,25.45,1300,0,20800
MFSL30Jan20570PE.NFO,07/01/2020,09:59:30,25,23.8,2600,25.45,1300,0,20800
MFSL30Jan20570PE.NFO,07/01/2020,09:59:36,25,23.8,3900,25.45,1300,0,20800
MFSL30Jan20570PE.NFO,07/01/2020,10:00:41,25,23.8,2600,25.45,1300,0,20800
MFSL30Jan20570PE.NFO,07/01/2020,10:00:49,25,23.8,3900,25.45,1300,0,20800
MFSL30Jan20570PE.NFO,07/01/2020,10:01:02,25,23.9,3900,26.2,3900,0,20800
MFSL30Jan20570PE.NFO,07/01/2020,10:01:08,25,24.05,1300,26.2,3900,0,20800
MFSL30Jan20570PE.NFO,07/01/2020,10:01:20,25,24,3900,26.2,3900,0,20800
MFSL30Jan20570PE.NFO,07/01/2020,10:01:45,25,24.3,1300,26.2,3900,0,20800
MFSL30Jan20570PE.NFO,07/01/2020,10:02:01,25,24.3,1300,26.2,1300,0,20800
MFSL30Jan20570PE.NFO,07/01/2020,10:02:06,25,24.55,3900,26.2,1300,0,20800
MFSL30Jan20570PE.NFO,07/01/2020,10:02:17,25,24.8,1300,26.2,1300,0,20800
MFSL30Jan20570PE.NFO,07/01/2020,10:03:09,25,25.05,1300,27.3,3900,0,20800
MFSL30Jan20570PE.NFO,07/01/2020,10:03:19,25,25.3,3900,27.3,1300,0,20800
MFSL30Jan20570PE.NFO,07/01/2020,10:03:29,25,25.3,2600,27.3,3900,0,20800
MFSL30Jan20570PE.NFO,07/01/2020,10:03:33,25,25.3,2600,27.3,1300,0,20800
MFSL30Jan20570PE.NFO,07/01/2020,10:03:38,25,25.3,2600,27.3,3900,0,20800
MFSL30Jan20570PE.NFO,07/01/2020,10:03:46,25,25.3,3900,27.3,1300,0,20800
MFSL30Jan20570PE.NFO,07/01/2020,10:03:51,25,25.3,3900,27.3,3900,0,20800
MFSL30Jan20570PE.NFO,07/01/2020,10:04:10,25,25.4,2600,27.3,1300,0,20800
MFSL30Jan20570PE.NFO,07/01/2020,10:04:15,25,25.5,3900,27.3,1300,0,20800
MFSL30Jan20570PE.NFO,07/01/2020,10:04:23,25,25.55,1300,27.3,1300,0,20800
MFSL30Jan20570PE.NFO,07/01/2020,10:04:31,25,25.55,2600,27.2,9100,0,20800
MFSL30Jan20570PE.NFO,07/01/2020,10:04:36,25,25.55,1300,27.1,9100,0,20800
MFSL30Jan20570PE.NFO,07/01/2020,10:04:50,25.55,25.3,2600,27,9100,1300,20800
MFSL30Jan20570PE.NFO,07/01/2020,10:04:50,25.55,25.3,2600,27,9100,0,20800
MFSL30Jan20570PE.NFO,07/01/2020,10:04:55,25.55,25.25,2600,27,9100,0,20800
MFSL30Jan20570PE.NFO,07/01/2020,10:04:59,25.55,25.3,1300,27,6500,0,20800
MFSL30Jan20570PE.NFO,07/01/2020,10:05:08,25.55,25.25,2600,27,6500,0,20800
MFSL30Jan20570PE.NFO,07/01/2020,10:05:17,25.55,25.25,2600,27,9100,0,20800
MFSL30Jan20570PE.NFO,07/01/2020,10:05:26,25.55,25.25,3900,27,16900,0,20800
MFSL30Jan20570PE.NFO,07/01/2020,10:05:37,25.55,25.3,2600,27,9100,0,20800
MFSL30Jan20570PE.NFO,07/01/2020,10:05:43,25.55,25.3,1300,27,9100,0,20800
MFSL30Jan20570PE.NFO,07/01/2020,10:06:00,25.55,25.25,1300,26.9,11700,0,20800
MFSL30Jan20570PE.NFO,07/01/2020,10:06:05,25.55,25.25,1300,26.9,6500,0,20800
MFSL30Jan20570PE.NFO,07/01/2020,10:06:11,25.55,25.1,2600,26.8,9100,0,20800
MFSL30Jan20570PE.NFO,07/01/2020,10:06:16,25.55,25.1,1300,26.8,9100,0,20800
MFSL30Jan20570PE.NFO,07/01/2020,10:06:38,25.55,25.1,1300,26.8,6500,0,20800
MFSL30Jan20570PE.NFO,07/01/2020,10:06:49,25.55,25.2,1300,26.75,3900,0,20800
MFSL30Jan20570PE.NFO,07/01/2020,10:06:55,25.55,25.25,1300,26.75,3900,0,20800
MFSL30Jan20570PE.NFO,07/01/2020,10:07:12,25.55,25.3,2600,26.7,3900,0,20800
MFSL30Jan20570PE.NFO,07/01/2020,10:07:44,25.55,25.3,3900,26.7,3900,0,20800
MFSL30Jan20570PE.NFO,07/01/2020,10:07:49,25.55,25.3,3900,26.6,1300,0,20800
MFSL30Jan20570PE.NFO,07/01/2020,10:08:12,25.55,25.3,3900,26.65,2600,0,20800
MFSL30Jan20570PE.NFO,07/01/2020,10:08:26,25.55,25.3,2600,26.6,6500,0,20800
MFSL30Jan20570PE.NFO,07/01/2020,10:08:31,25.55,25.3,2600,26.6,3900,0,20800
MFSL30Jan20570PE.NFO,07/01/2020,10:09:03,25.55,25.3,2600,26.4,3900,0,20800
MFSL30Jan20570PE.NFO,07/01/2020,10:09:08,25.55,25.3,2600,26.15,2600,0,20800
MFSL30Jan20570PE.NFO,07/01/2020,10:09:12,25.55,25.3,2600,26,1300,0,20800
MFSL30Jan20570PE.NFO,07/01/2020,10:09:20,25.55,25.2,2600,26,1300,0,20800
MFSL30Jan20570PE.NFO,07/01/2020,10:09:29,25.55,25.2,2600,25.9,1300,0,20800
MFSL30Jan20570PE.NFO,07/01/2020,10:09:34,25.55,25,1300,25.9,1300,0,20800
MFSL30Jan20570PE.NFO,07/01/2020,10:10:10,25.55,25.05,1300,25.9,1300,0,20800
MFSL30Jan20570PE.NFO,07/01/2020,10:10:20,25.55,25.05,1300,25.8,1300,0,20800
MFSL30Jan20570PE.NFO,07/01/2020,10:11:10,25.55,25.05,2600,26.25,1300,0,20800
MFSL30Jan20570PE.NFO,07/01/2020,10:11:42,25.55,25,2600,26.25,1300,0,20800
MFSL30Jan20570PE.NFO,07/01/2020,10:12:20,25.55,25,2600,26.15,1300,0,20800
MFSL30Jan20570PE.NFO,07/01/2020,10:12:53,25.55,25,2600,26.05,1300,0,20800
MFSL30Jan20570PE.NFO,07/01/2020,10:12:59,25.55,24.3,2600,26.25,1300,0,20800
MFSL30Jan20570PE.NFO,07/01/2020,10:13:04,25.55,24.3,2600,26.05,1300,0,20800
MFSL30Jan20570PE.NFO,07/01/2020,10:13:09,25.55,24.2,9100,26.05,1300,0,20800
MFSL30Jan20570PE.NFO,07/01/2020,10:13:14,25.55,24.4,3900,26.15,1300,0,20800
MFSL30Jan20570PE.NFO,07/01/2020,10:13:20,25.55,24.4,6500,26.15,1300,0,20800
MFSL30Jan20570PE.NFO,07/01/2020,10:13:25,25.55,24.05,11700,26.15,1300,0,20800
MFSL30Jan20570PE.NFO,07/01/2020,10:13:34,25.55,24.05,9100,26.05,1300,0,20800
MFSL30Jan20570PE.NFO,07/01/2020,10:13:48,25.55,24.05,9100,26.1,1300,0,20800
MFSL30Jan20570PE.NFO,07/01/2020,10:13:54,25.55,24.2,6500,26.05,1300,0,20800
MFSL30Jan20570PE.NFO,07/01/2020,10:13:59,25.55,23.7,18200,25.85,1300,0,20800
MFSL30Jan20570PE.NFO,07/01/2020,10:14:03,25.55,23.8,14300,25.85,1300,0,20800
MFSL30Jan20570PE.NFO,07/01/2020,10:14:18,25.55,23.8,11700,25.75,1300,0,20800
MFSL30Jan20570PE.NFO,07/01/2020,10:14:29,25.55,23.8,11700,25.65,1300,0,20800
MFSL30Jan20570PE.NFO,07/01/2020,10:14:34,25.55,23.8,13000,25.65,1300,0,20800
MFSL30Jan20570PE.NFO,07/01/2020,10:14:44,25.55,23.8,10400,25.65,1300,0,20800
MFSL30Jan20570PE.NFO,07/01/2020,10:14:49,25.55,23.8,13000,25.65,1300,0,20800
MFSL30Jan20570PE.NFO,07/01/2020,10:14:59,25.55,23.8,15600,25.65,1300,0,20800
MFSL30Jan20570PE.NFO,07/01/2020,10:15:38,25.55,23.8,15600,25.55,1300,0,20800
MFSL30Jan20570PE.NFO,07/01/2020,10:15:43,25.55,23.95,11700,25.6,1300,0,20800
MFSL30Jan20570PE.NFO,07/01/2020,10:15:49,25.55,24.2,7800,25.6,1300,0,20800
MFSL30Jan20570PE.NFO,07/01/2020,10:15:56,25.55,24.3,2600,25.6,1300,0,20800
MFSL30Jan20570PE.NFO,07/01/2020,10:16:19,25.55,24,11700,25.6,1300,0,20800
MFSL30Jan20570PE.NFO,07/01/2020,10:16:22,25.55,24.05,11700,25.6,1300,0,20800
MFSL30Jan20570PE.NFO,07/01/2020,10:16:27,25.55,24.1,7800,25.6,1300,0,20800
MFSL30Jan20570PE.NFO,07/01/2020,10:17:05,25.55,24.15,7800,25.8,1300,0,20800
MFSL30Jan20570PE.NFO,07/01/2020,10:18:33,25.55,24.2,7800,25.8,1300,0,20800
MFSL30Jan20570PE.NFO,07/01/2020,10:18:54,25.55,24.35,7800,25.8,1300,0,20800
MFSL30Jan20570PE.NFO,07/01/2020,10:18:59,25.55,24.4,7800,25.8,1300,0,20800
MFSL30Jan20570PE.NFO,07/01/2020,10:19:17,25.55,24.4,5200,25.8,1300,0,20800
MFSL30Jan20570PE.NFO,07/01/2020,10:19:22,25.55,23.7,20800,25.8,1300,0,20800
MFSL30Jan20570PE.NFO,07/01/2020,10:19:34,25.55,23.75,22100,25.7,1300,0,20800
MFSL30Jan20570PE.NFO,07/01/2020,10:19:44,25.55,23.95,10400,25.6,1300,0,20800
MFSL30Jan20570PE.NFO,07/01/2020,10:19:48,25.55,23.95,15600,25.6,1300,0,20800
MFSL30Jan20570PE.NFO,07/01/2020,10:19:57,25.55,23.95,10400,25.6,1300,0,20800
MFSL30Jan20570PE.NFO,07/01/2020,10:20:01,25.55,23.95,10400,25.5,1300,0,20800
MFSL30Jan20570PE.NFO,07/01/2020,10:20:17,25.55,23.95,7800,25.5,1300,0,20800
MFSL30Jan20570PE.NFO,07/01/2020,10:20:31,25.55,23.95,7800,25.4,1300,0,20800
MFSL30Jan20570PE.NFO,07/01/2020,10:20:58,25.55,23.95,10400,25.4,1300,0,20800
MFSL30Jan20570PE.NFO,07/01/2020,10:21:06,25.55,24,15600,25.55,1300,0,20800
MFSL30Jan20570PE.NFO,07/01/2020,10:21:11,25.55,24,10400,25.55,1300,0,20800
MFSL30Jan20570PE.NFO,07/01/2020,10:21:19,25.55,24.05,13000,25.55,1300,0,20800
MFSL30Jan20570PE.NFO,07/01/2020,10:21:27,25.55,24.05,10400,25.55,1300,0,20800
MFSL30Jan20570PE.NFO,07/01/2020,10:22:07,25.55,24.05,15600,25.55,1300,0,20800
MFSL30Jan20570PE.NFO,07/01/2020,10:22:11,25.55,24.2,13000,25.75,1300,0,20800
MFSL30Jan20570PE.NFO,07/01/2020,10:22:15,25.55,24.25,15600,25.75,1300,0,20800
MFSL30Jan20570PE.NFO,07/01/2020,10:22:18,25.55,24.25,10400,25.75,1300,0,20800
MFSL30Jan20570PE.NFO,07/01/2020,10:22:33,25.55,24.25,13000,25.75,1300,0,20800
MFSL30Jan20570PE.NFO,07/01/2020,10:22:42,25.55,24.45,13000,25.75,1300,0,20800
MFSL30Jan20570PE.NFO,07/01/2020,10:22:49,25.55,24.55,5200,25.75,1300,0,20800
MFSL30Jan20570PE.NFO,07/01/2020,10:22:58,25.55,24.55,7800,25.75,1300,0,20800
MFSL30Jan20570PE.NFO,07/01/2020,10:23:08,25.55,24.55,2600,25.75,1300,0,20800
MFSL30Jan20570PE.NFO,07/01/2020,10:23:29,25.55,24.55,3900,25.75,1300,0,20800
MFSL30Jan20570PE.NFO,07/01/2020,10:23:33,25.55,24.55,3900,25.75,2600,0,20800
MFSL30Jan20570PE.NFO,07/01/2020,10:23:41,25.55,24.55,3900,25.75,3900,0,20800
MFSL30Jan20570PE.NFO,07/01/2020,10:25:34,25.55,24.55,3900,25.85,1300,0,20800
MFSL30Jan20570PE.NFO,07/01/2020,10:25:44,25.55,24.55,2600,25.9,1300,0,20800
MFSL30Jan20570PE.NFO,07/01/2020,10:25:49,25.55,24.55,3900,25.8,1300,0,20800
MFSL30Jan20570PE.NFO,07/01/2020,10:26:03,25.55,24.55,3900,25.65,1300,0,20800
MFSL30Jan20570PE.NFO,07/01/2020,10:26:07,25.55,24.55,3900,25.65,2600,0,20800
MFSL30Jan20570PE.NFO,07/01/2020,10:26:28,25.55,24.55,3900,25.65,3900,0,20800
MFSL30Jan20570PE.NFO,07/01/2020,10:26:54,25.55,24.75,1300,25.5,1300,0,20800
MFSL30Jan20570PE.NFO,07/01/2020,10:26:58,25.55,24.8,3900,25.5,1300,0,20800
MFSL30Jan20570PE.NFO,07/01/2020,10:27:06,25.55,24.8,2600,25.45,2600,0,20800
MFSL30Jan20570PE.NFO,07/01/2020,10:29:05,25.55,24.8,3900,25.45,2600,0,20800
MFSL30Jan20570PE.NFO,07/01/2020,10:29:08,25.55,24.8,3900,25.3,1300,0,20800
MFSL30Jan20570PE.NFO,07/01/2020,10:29:40,25.55,24.8,3900,25.4,1300,0,20800
MFSL30Jan20570PE.NFO,07/01/2020,10:29:44,25.55,24.8,3900,25.5,1300,0,20800
MFSL30Jan20570PE.NFO,07/01/2020,10:31:37,25.55,24.8,3900,25.6,1300,0,20800
MFSL30Jan20570PE.NFO,07/01/2020,10:33:41,25.55,24.8,3900,25.55,1300,0,20800
MFSL30Jan20570PE.NFO,07/01/2020,10:34:27,25.55,24.8,3900,25.6,1300,0,20800
MFSL30Jan20570PE.NFO,07/01/2020,10:34:52,25.55,24.95,1300,25.75,1300,0,20800
MFSL30Jan20570PE.NFO,07/01/2020,10:34:57,25.55,25.05,2600,25.7,1300,0,20800
MFSL30Jan20570PE.NFO,07/01/2020,10:35:01,25.55,25.05,2600,25.6,3900,0,20800
MFSL30Jan20570PE.NFO,07/01/2020,10:35:07,25.55,25.05,1300,25.6,3900,0,20800
MFSL30Jan20570PE.NFO,07/01/2020,10:35:42,25.55,25.05,2600,25.6,3900,0,20800
MFSL30Jan20570PE.NFO,07/01/2020,10:35:48,25.55,25.05,1300,25.6,3900,0,20800
MFSL30Jan20570PE.NFO,07/01/2020,10:35:54,25.55,25.05,1300,25.55,1300,0,20800
MFSL30Jan20570PE.NFO,07/01/2020,10:36:05,25.55,25.05,2600,25.65,1300,0,20800
MFSL30Jan20570PE.NFO,07/01/2020,10:36:20,25.55,25.05,1300,25.55,1300,0,20800
MFSL30Jan20570PE.NFO,07/01/2020,10:36:29,25.55,24.95,1300,25.45,1300,0,20800
MFSL30Jan20570PE.NFO,07/01/2020,10:37:03,25.55,24.9,1300,25.55,1300,0,20800
MFSL30Jan20570PE.NFO,07/01/2020,10:37:07,25.55,24.95,1300,25.55,1300,0,20800
MFSL30Jan20570PE.NFO,07/01/2020,10:37:11,25.55,24.95,1300,25.6,1300,0,20800
MFSL30Jan20570PE.NFO,07/01/2020,10:37:18,25.55,25.05,1300,25.6,1300,0,20800
MFSL30Jan20570PE.NFO,07/01/2020,10:37:46,25.55,25.05,1300,25.65,1300,0,20800
MFSL30Jan20570PE.NFO,07/01/2020,10:38:28,25.05,24.7,1300,25.6,2600,1300,20800
MFSL30Jan20570PE.NFO,07/01/2020,10:38:31,25.05,24.7,1300,25.3,1300,0,20800
MFSL30Jan20570PE.NFO,07/01/2020,10:38:35,25.05,24.7,1300,25.35,1300,0,20800
MFSL30Jan20570PE.NFO,07/01/2020,10:38:37,25.05,24.7,1300,25.3,1300,0,20800
MFSL30Jan20570PE.NFO,07/01/2020,10:38:40,25.05,24.7,1300,25.35,1300,0,20800
MFSL30Jan20570PE.NFO,07/01/2020,10:38:45,25.05,24.8,1300,25.45,1300,0,20800
MFSL30Jan20570PE.NFO,07/01/2020,10:38:55,25.05,24.8,1300,25.35,1300,0,20800
MFSL30Jan20570PE.NFO,07/01/2020,10:38:57,25.05,24.55,1300,25.35,1300,0,20800
MFSL30Jan20570PE.NFO,07/01/2020,10:39:14,25.05,24.3,2600,25.2,1300,0,20800
MFSL30Jan20570PE.NFO,07/01/2020,10:39:18,25.05,24.3,2600,25.15,1300,0,20800
MFSL30Jan20570PE.NFO,07/01/2020,10:39:36,25.05,24.3,3900,25.15,1300,0,20800
MFSL30Jan20570PE.NFO,07/01/2020,10:39:58,25.05,24.3,3900,25.05,1300,0,20800
MFSL30Jan20570PE.NFO,07/01/2020,10:40:10,25.05,24.3,7800,25.05,1300,0,20800
MFSL30Jan20570PE.NFO,07/01/2020,10:41:14,25.05,24.3,6500,24.85,1300,0,20800
MFSL30Jan20570PE.NFO,07/01/2020,10:41:17,25.05,24.3,6500,25,1300,0,20800
MFSL30Jan20570PE.NFO,07/01/2020,10:41:18,25.05,24.3,6500,25,2600,0,20800
MFSL30Jan20570PE.NFO,07/01/2020,10:41:20,25.05,24.3,6500,25,1300,0,20800
MFSL30Jan20570PE.NFO,07/01/2020,10:41:30,25.05,24.3,6500,25.05,1300,0,20800
MFSL30Jan20570PE.NFO,07/01/2020,10:41:48,25.05,24.3,1300,24.95,1300,0,20800
MFSL30Jan20570PE.NFO,07/01/2020,10:42:15,25.05,24.3,1300,24.9,1300,0,20800
MFSL30Jan20570PE.NFO,07/01/2020,10:42:48,25.05,24.3,1300,25,2600,0,20800
MFSL30Jan20570PE.NFO,07/01/2020,10:43:01,25.05,24.4,2600,25.25,1300,0,20800
MFSL30Jan20570PE.NFO,07/01/2020,10:43:04,25.05,24.4,2600,25.2,1300,0,20800
MFSL30Jan20570PE.NFO,07/01/2020,10:43:39,25.05,24.5,2600,25.35,1300,0,20800
MFSL30Jan20570PE.NFO,07/01/2020,10:43:43,25.05,24.55,3900,25.35,1300,0,20800
MFSL30Jan20570PE.NFO,07/01/2020,10:43:55,25.05,24.5,2600,25.3,1300,0,20800
MFSL30Jan20570PE.NFO,07/01/2020,10:44:01,25.05,24.5,2600,25.1,1300,0,20800
MFSL30Jan20570PE.NFO,07/01/2020,10:44:05,25.05,24.5,1300,25.1,1300,0,20800
MFSL30Jan20570PE.NFO,07/01/2020,10:44:09,25.05,24.5,2600,25.15,1300,0,20800
MFSL30Jan20570PE.NFO,07/01/2020,10:44:12,25.05,24.65,1300,25.2,1300,0,20800
MFSL30Jan20570PE.NFO,07/01/2020,10:44:15,25.05,24.65,1300,25.25,1300,0,20800
MFSL30Jan20570PE.NFO,07/01/2020,10:44:20,25.05,24.65,1300,25.2,1300,0,20800
MFSL30Jan20570PE.NFO,07/01/2020,10:44:24,25.05,24.65,1300,25.3,1300,0,20800
MFSL30Jan20570PE.NFO,07/01/2020,10:44:35,25.05,24.75,1300,25.3,1300,0,20800
MFSL30Jan20570PE.NFO,07/01/2020,10:44:38,25.05,24.75,1300,25.25,1300,0,20800
MFSL30Jan20570PE.NFO,07/01/2020,10:44:54,25.05,24.75,1300,25.35,1300,0,20800
MFSL30Jan20570PE.NFO,07/01/2020,10:44:56,25.05,24.75,1300,25.35,2600,0,20800
MFSL30Jan20570PE.NFO,07/01/2020,10:45:16,25.05,24.8,1300,25.4,1300,0,20800
MFSL30Jan20570PE.NFO,07/01/2020,10:45:43,25.05,24.8,1300,25.45,1300,0,20800
MFSL30Jan20570PE.NFO,07/01/2020,10:45:53,25.05,24.8,1300,25.4,1300,0,20800
MFSL30Jan20570PE.NFO,07/01/2020,10:46:02,25.05,24.8,1300,25.45,1300,0,20800
MFSL30Jan20570PE.NFO,07/01/2020,10:46:09,25.05,24.8,1300,25.6,1300,0,20800
MFSL30Jan20570PE.NFO,07/01/2020,10:46:32,25.05,24.8,2600,25.65,2600,0,20800
MFSL30Jan20570PE.NFO,07/01/2020,10:46:52,25.05,24.8,6500,25.65,2600,0,20800
MFSL30Jan20570PE.NFO,07/01/2020,10:47:16,25.05,24.8,6500,25.7,1300,0,20800
MFSL30Jan20570PE.NFO,07/01/2020,10:47:22,25.05,24.8,6500,25.65,2600,0,20800
MFSL30Jan20570PE.NFO,07/01/2020,10:48:15,25.05,24.8,1300,25.5,1300,0,20800
MFSL30Jan20570PE.NFO,07/01/2020,10:48:19,25.05,24.8,1300,25.45,1300,0,20800
MFSL30Jan20570PE.NFO,07/01/2020,10:48:25,25.05,24.8,1300,25.5,1300,0,20800
MFSL30Jan20570PE.NFO,07/01/2020,10:48:27,25.05,24.8,1300,25.45,1300,0,20800
MFSL30Jan20570PE.NFO,07/01/2020,10:48:32,25.05,24.8,1300,25.6,1300,0,20800
MFSL30Jan20570PE.NFO,07/01/2020,10:48:37,25.05,24.9,2600,25.6,1300,0,20800
MFSL30Jan20570PE.NFO,07/01/2020,10:48:46,25.05,24.9,2600,25.55,1300,0,20800
MFSL30Jan20570PE.NFO,07/01/2020,10:48:52,25.05,25.05,7800,25.85,1300,0,20800
MFSL30Jan20570PE.NFO,07/01/2020,10:49:00,25.05,25.15,2600,25.8,1300,0,20800
MFSL30Jan20570PE.NFO,07/01/2020,10:49:08,25.05,25.2,1300,25.75,1300,0,20800
MFSL30Jan20570PE.NFO,07/01/2020,10:49:12,25.05,25.25,1300,25.8,1300,0,20800
MFSL30Jan20570PE.NFO,07/01/2020,10:49:16,25.05,25.25,1300,25.85,1300,0,20800
MFSL30Jan20570PE.NFO,07/01/2020,10:49:19,25.05,25.25,1300,25.8,1300,0,20800
MFSL30Jan20570PE.NFO,07/01/2020,10:49:21,25.05,25.25,1300,25.85,1300,0,20800
MFSL30Jan20570PE.NFO,07/01/2020,10:49:24,25.05,25.25,1300,25.8,1300,0,20800
MFSL30Jan20570PE.NFO,07/01/2020,10:49:28,25.05,25.45,2600,26.05,1300,0,20800
MFSL30Jan20570PE.NFO,07/01/2020,10:49:35,25.05,25.45,1300,26.2,1300,0,20800
MFSL30Jan20570PE.NFO,07/01/2020,10:49:38,25.05,25.45,1300,26.15,1300,0,20800
MFSL30Jan20570PE.NFO,07/01/2020,10:49:45,25.05,25.45,1300,26.2,1300,0,20800
MFSL30Jan20570PE.NFO,07/01/2020,10:49:48,25.05,25.45,1300,26.25,1300,0,20800
MFSL30Jan20570PE.NFO,07/01/2020,10:49:51,25.05,25.45,1300,26.2,1300,0,20800
MFSL30Jan20570PE.NFO,07/01/2020,10:49:55,25.05,25.4,1300,26.2,1300,0,20800
MFSL30Jan20570PE.NFO,07/01/2020,10:50:01,25.05,25.8,1300,26.6,1300,0,20800
MFSL30Jan20570PE.NFO,07/01/2020,10:50:07,25.05,25.8,1300,26.55,2600,0,20800
MFSL30Jan20570PE.NFO,07/01/2020,10:50:12,25.05,25.8,1300,26.55,1300,0,20800
MFSL30Jan20570PE.NFO,07/01/2020,10:50:35,25.05,25.8,2600,26.6,2600,0,20800
MFSL30Jan20570PE.NFO,07/01/2020,10:50:39,25.05,25.95,1300,26.7,1300,0,20800
MFSL30Jan20570PE.NFO,07/01/2020,10:50:43,25.05,25.65,1300,26.45,1300,0,20800
MFSL30Jan20570PE.NFO,07/01/2020,10:50:46,25.05,25.65,1300,26.4,1300,0,20800
MFSL30Jan20570PE.NFO,07/01/2020,10:50:49,25.05,25.75,1300,26.4,1300,0,20800
MFSL30Jan20570PE.NFO,07/01/2020,10:50:56,25.05,25.75,1300,26.55,1300,0,20800
MFSL30Jan20570PE.NFO,07/01/2020,10:51:02,25.05,25.85,1300,26.65,1300,0,20800
MFSL30Jan20570PE.NFO,07/01/2020,10:51:12,25.05,25.85,1300,26.6,2600,0,20800
MFSL30Jan20570PE.NFO,07/01/2020,10:51:19,25.05,25.85,1300,26.5,1300,0,20800
MFSL30Jan20570PE.NFO,07/01/2020,10:51:27,25.05,25.75,1300,26.45,1300,0,20800
MFSL30Jan20570PE.NFO,07/01/2020,10:51:29,25.05,25.75,1300,26.5,1300,0,20800
MFSL30Jan20570PE.NFO,07/01/2020,10:51:40,25.05,25.7,3900,26.45,1300,0,20800
MFSL30Jan20570PE.NFO,07/01/2020,10:51:44,25.05,25.6,3900,26.2,1300,0,20800
MFSL30Jan20570PE.NFO,07/01/2020,10:52:10,25.05,25.6,3900,26.25,1300,0,20800
MFSL30Jan20570PE.NFO,07/01/2020,10:52:22,25.05,25.6,1300,26.4,1300,0,20800
MFSL30Jan20570PE.NFO,07/01/2020,10:52:34,25.05,25.65,1300,26.4,1300,0,20800
MFSL30Jan20570PE.NFO,07/01/2020,10:52:54,25.05,25.8,1300,26.55,1300,0,20800
MFSL30Jan20570PE.NFO,07/01/2020,10:52:58,25.05,25.8,1300,26.45,1300,0,20800
MFSL30Jan20570PE.NFO,07/01/2020,10:53:09,25.05,25.9,3900,26.45,1300,0,20800
MFSL30Jan20570PE.NFO,07/01/2020,10:53:15,25.05,25.9,3900,26.55,1300,0,20800
MFSL30Jan20570PE.NFO,07/01/2020,10:53:31,25.05,25.8,1300,26.45,1300,0,20800
MFSL30Jan20570PE.NFO,07/01/2020,10:53:41,25.05,25.9,3900,26.45,1300,0,20800
MFSL30Jan20570PE.NFO,07/01/2020,10:53:52,25.05,25.9,3900,26.4,1300,0,20800
MFSL30Jan20570PE.NFO,07/01/2020,10:53:58,25.05,25.9,5200,26.55,1300,0,20800
MFSL30Jan20570PE.NFO,07/01/2020,10:54:22,25.05,25.9,3900,26.45,1300,0,20800
MFSL30Jan20570PE.NFO,07/01/2020,10:54:31,25.05,25.9,3900,26.55,1300,0,20800
MFSL30Jan20570PE.NFO,07/01/2020,10:54:38,25.05,25.9,3900,26.45,1300,0,20800
MFSL30Jan20570PE.NFO,07/01/2020,10:55:05,25.05,25.9,6500,26.45,1300,0,20800
MFSL30Jan20570PE.NFO,07/01/2020,10:55:14,25.05,25.9,5200,26.45,1300,0,20800
MFSL30Jan20570PE.NFO,07/01/2020,10:55:37,25.05,25.9,6500,26.45,1300,0,20800
MFSL30Jan20570PE.NFO,07/01/2020,10:56:10,25.05,25.7,2600,26.25,1300,0,20800
MFSL30Jan20570PE.NFO,07/01/2020,10:56:19,25.05,25.6,6500,26.25,1300,0,20800
MFSL30Jan20570PE.NFO,07/01/2020,10:56:23,25.05,25.6,3900,26.15,1300,0,20800
MFSL30Jan20570PE.NFO,07/01/2020,10:56:46,25.05,25.6,5200,26.25,1300,0,20800
MFSL30Jan20570PE.NFO,07/01/2020,10:56:56,25.05,25.65,3900,26.25,1300,0,20800
MFSL30Jan20570PE.NFO,07/01/2020,10:57:02,25.05,25.6,1300,26.25,1300,0,20800
MFSL30Jan20570PE.NFO,07/01/2020,10:57:12,25.05,25.6,2600,26.25,1300,0,20800
MFSL30Jan20570PE.NFO,07/01/2020,10:57:25,25.05,25.7,3900,26.25,1300,0,20800
MFSL30Jan20570PE.NFO,07/01/2020,10:57:32,25.05,25.65,3900,26.25,1300,0,20800
MFSL30Jan20570PE.NFO,07/01/2020,10:57:39,25.05,25.7,3900,26.25,1300,0,20800
MFSL30Jan20570PE.NFO,07/01/2020,10:58:10,25.05,25.7,5200,26.25,1300,0,20800
MFSL30Jan20570PE.NFO,07/01/2020,10:58:23,25.05,25.85,5200,26.45,1300,0,20800
MFSL30Jan20570PE.NFO,07/01/2020,10:58:30,25.05,25.9,1300,26.55,1300,0,20800
MFSL30Jan20570PE.NFO,07/01/2020,10:58:36,25.05,25.9,1300,26.5,1300,0,20800
MFSL30Jan20570PE.NFO,07/01/2020,10:58:42,25.05,25.85,5200,26.45,1300,0,20800
MFSL30Jan20570PE.NFO,07/01/2020,10:58:48,25.05,25.85,5200,26.55,1300,0,20800
MFSL30Jan20570PE.NFO,07/01/2020,10:58:54,25.05,25.85,5200,26.5,1300,0,20800
MFSL30Jan20570PE.NFO,07/01/2020,10:59:01,25.05,25.85,5200,26.45,1300,0,20800
MFSL30Jan20570PE.NFO,07/01/2020,10:59:07,25.05,25.85,5200,26.5,1300,0,20800
MFSL30Jan20570PE.NFO,07/01/2020,10:59:20,25.05,25.85,5200,26.55,1300,0,20800
MFSL30Jan20570PE.NFO,07/01/2020,10:59:32,25.05,25.85,5200,26.5,1300,0,20800
MFSL30Jan20570PE.NFO,07/01/2020,10:59:38,25.05,25.8,1300,26.45,1300,0,20800
MFSL30Jan20570PE.NFO,07/01/2020,10:59:50,25.05,25.8,2600,26.45,1300,0,20800
MFSL30Jan20570PE.NFO,07/01/2020,10:59:55,25.05,25.95,1300,26.6,1300,0,20800
MFSL30Jan20570PE.NFO,07/01/2020,11:00:01,25.05,25.95,1300,26.7,1300,0,20800
MFSL30Jan20570PE.NFO,07/01/2020,11:00:23,25.05,25.95,1300,26.55,1300,0,20800
MFSL30Jan20570PE.NFO,07/01/2020,11:00:29,25.05,25.95,1300,26.65,1300,0,20800
MFSL30Jan20570PE.NFO,07/01/2020,11:00:43,25.05,25.95,1300,26.75,1300,0,20800
MFSL30Jan20570PE.NFO,07/01/2020,11:01:03,25.05,26.5,1300,27.1,1300,0,20800
MFSL30Jan20570PE.NFO,07/01/2020,11:01:11,25.05,26.5,1300,27.2,2600,0,20800
MFSL30Jan20570PE.NFO,07/01/2020,11:01:18,25.05,26.55,1300,27.05,1300,0,20800
MFSL30Jan20570PE.NFO,07/01/2020,11:01:26,25.05,26.35,2600,27,1300,0,20800
MFSL30Jan20570PE.NFO,07/01/2020,11:01:33,25.05,26.35,2600,26.9,1300,0,20800
MFSL30Jan20570PE.NFO,07/01/2020,11:01:41,25.05,26.35,1300,27.05,1300,0,20800
MFSL30Jan20570PE.NFO,07/01/2020,11:01:49,25.05,26.4,1300,27.2,1300,0,20800
MFSL30Jan20570PE.NFO,07/01/2020,11:01:57,25.05,26.7,1300,27.45,1300,0,20800
MFSL30Jan20570PE.NFO,07/01/2020,11:02:04,25.05,26.65,2600,27.45,1300,0,20800
MFSL30Jan20570PE.NFO,07/01/2020,11:02:11,25.05,26.4,5200,27.05,1300,0,20800
MFSL30Jan20570PE.NFO,07/01/2020,11:02:17,25.05,26.25,3900,26.85,1300,0,20800
MFSL30Jan20570PE.NFO,07/01/2020,11:02:30,25.05,26.1,6500,26.8,1300,0,20800
MFSL30Jan20570PE.NFO,07/01/2020,11:02:37,25.05,26.55,1300,27.25,1300,0,20800
MFSL30Jan20570PE.NFO,07/01/2020,11:02:43,25.05,26.5,1300,27.25,1300,0,20800
MFSL30Jan20570PE.NFO,07/01/2020,11:02:49,25.05,26.65,3900,27.5,2600,0,20800
MFSL30Jan20570PE.NFO,07/01/2020,11:02:56,25.05,26.5,1300,27.25,1300,0,20800
MFSL30Jan20570PE.NFO,07/01/2020,11:03:02,25.05,26.5,2600,27.3,1300,0,20800
MFSL30Jan20570PE.NFO,07/01/2020,11:03:08,25.05,26.5,2600,27.35,1300,0,20800
MFSL30Jan20570PE.NFO,07/01/2020,11:03:16,25.05,26.6,2600,27.35,1300,0,20800
MFSL30Jan20570PE.NFO,07/01/2020,11:03:23,25.05,26.65,5200,27.4,1300,0,20800
MFSL30Jan20570PE.NFO,07/01/2020,11:03:29,25.05,26.65,3900,27.45,1300,0,20800
MFSL30Jan20570PE.NFO,07/01/2020,11:03:35,25.05,26.65,1300,27.35,1300,0,20800
MFSL30Jan20570PE.NFO,07/01/2020,11:03:42,25.05,27.15,1300,27.85,1300,0,20800
MFSL30Jan20570PE.NFO,07/01/2020,11:03:50,25.05,26.95,1300,27.65,1300,0,20800
MFSL30Jan20570PE.NFO,07/01/2020,11:03:57,25.05,27,1300,27.75,1300,0,20800
MFSL30Jan20570PE.NFO,07/01/2020,11:04:04,25.05,27,1300,27.8,1300,0,20800
MFSL30Jan20570PE.NFO,07/01/2020,11:04:10,25.05,27.1,5200,27.8,1300,0,20800
MFSL30Jan20570PE.NFO,07/01/2020,11:04:16,25.05,26.9,1300,27.6,1300,0,20800
MFSL30Jan20570PE.NFO,07/01/2020,11:04:23,25.05,26.9,1300,27.55,1300,0,20800
MFSL30Jan20570PE.NFO,07/01/2020,11:04:29,25.05,26.85,3900,27.6,2600,0,20800
MFSL30Jan20570PE.NFO,07/01/2020,11:04:36,25.05,26.95,2600,27.65,1300,0,20800
MFSL30Jan20570PE.NFO,07/01/2020,11:04:43,25.05,27,2600,27.75,1300,0,20800
MFSL30Jan20570PE.NFO,07/01/2020,11:04:50,25.05,27,2600,27.8,1300,0,20800
MFSL30Jan20570PE.NFO,07/01/2020,11:04:57,25.05,27.05,1300,27.7,1300,0,20800
MFSL30Jan20570PE.NFO,07/01/2020,11:05:04,25.05,26.95,3900,27.75,1300,0,20800
MFSL30Jan20570PE.NFO,07/01/2020,11:05:11,27.5,27.2,1300,27.85,1300,1300,20800
MFSL30Jan20570PE.NFO,07/01/2020,11:05:11,27.5,27.2,1300,27.85,1300,0,20800
MFSL30Jan20570PE.NFO,07/01/2020,11:05:17,27.5,27.4,1300,28.1,2600,0,20800
MFSL30Jan20570PE.NFO,07/01/2020,11:05:25,27.5,27.4,1300,28,1300,0,20800
MFSL30Jan20570PE.NFO,07/01/2020,11:05:38,27.5,27.4,1300,27.9,1300,0,20800
MFSL30Jan20570PE.NFO,07/01/2020,11:05:52,27.5,27.35,3900,27.9,2600,0,20800
MFSL30Jan20570PE.NFO,07/01/2020,11:05:59,27.5,27.35,3900,27.85,1300,0,20800
MFSL30Jan20570PE.NFO,07/01/2020,11:06:06,27.35,27.35,2600,27.7,1300,1300,20800
MFSL30Jan20570PE.NFO,07/01/2020,11:06:13,27.35,27.35,2600,27.75,1300,0,20800
MFSL30Jan20570PE.NFO,07/01/2020,11:07:02,27.35,27.35,2600,27.85,1300,0,20800
MFSL30Jan20570PE.NFO,07/01/2020,11:07:23,27.35,27.35,2600,27.85,2600,0,20800
MFSL30Jan20570PE.NFO,07/01/2020,11:07:28,27.35,27.35,2600,27.75,1300,0,20800
MFSL30Jan20570PE.NFO,07/01/2020,11:07:33,27.35,27.35,2600,27.75,2600,0,20800
MFSL30Jan20570PE.NFO,07/01/2020,11:07:39,27.35,27.1,2600,27.7,1300,0,20800
MFSL30Jan20570PE.NFO,07/01/2020,11:07:50,27.35,27.2,3900,27.75,1300,0,20800
MFSL30Jan20570PE.NFO,07/01/2020,11:07:55,27.35,27.2,1300,27.75,1300,0,20800
MFSL30Jan20570PE.NFO,07/01/2020,11:08:05,27.35,27.3,1300,27.85,1300,0,20800
MFSL30Jan20570PE.NFO,07/01/2020,11:08:14,27.15,26.9,1300,27.45,1300,3900,20800
MFSL30Jan20570PE.NFO,07/01/2020,11:08:20,27.15,26.85,1300,27.35,1300,0,20800
MFSL30Jan20570PE.NFO,07/01/2020,11:08:25,27.15,26.55,1300,27.15,2600,0,20800
MFSL30Jan20570PE.NFO,07/01/2020,11:08:30,27.15,26.75,1300,27.15,1300,0,20800
MFSL30Jan20570PE.NFO,07/01/2020,11:08:36,27.15,26.55,2600,27.15,2600,0,20800
MFSL30Jan20570PE.NFO,07/01/2020,11:08:50,27.15,26.55,1300,27,1300,0,20800
MFSL30Jan20570PE.NFO,07/01/2020,11:08:55,27.15,26.55,1300,27.05,1300,0,20800
MFSL30Jan20570PE.NFO,07/01/2020,11:09:05,27.15,26.55,2600,27.05,1300,0,20800
MFSL30Jan20570PE.NFO,07/01/2020,11:09:09,27.15,26.55,2600,27.15,1300,0,20800
MFSL30Jan20570PE.NFO,07/01/2020,11:09:15,27.15,26.55,2600,27.1,1300,0,20800
MFSL30Jan20570PE.NFO,07/01/2020,11:09:20,27.15,26.55,2600,27.15,1300,0,20800
MFSL30Jan20570PE.NFO,07/01/2020,11:09:43,27.15,26.55,2600,27.1,1300,0,20800
MFSL30Jan20570PE.NFO,07/01/2020,11:09:47,27.15,26.55,1300,27,2600,0,20800
MFSL30Jan20570PE.NFO,07/01/2020,11:09:55,27.15,26.55,1300,26.95,1300,0,20800
MFSL30Jan20570PE.NFO,07/01/2020,11:10:22,27.15,26.55,1300,27.1,2600,0,20800
MFSL30Jan20570PE.NFO,07/01/2020,11:10:32,27.15,26.55,1300,27.05,1300,0,20800
MFSL30Jan20570PE.NFO,07/01/2020,11:10:36,27.15,26.55,1300,27.15,1300,0,20800
MFSL30Jan20570PE.NFO,07/01/2020,11:10:48,27.15,26.45,1300,27.1,2600,0,20800
MFSL30Jan20570PE.NFO,07/01/2020,11:10:55,27.15,26.4,1300,27,3900,0,20800
MFSL30Jan20570PE.NFO,07/01/2020,11:11:03,27.15,26.4,1300,26.9,1300,0,20800
MFSL30Jan20570PE.NFO,07/01/2020,11:11:14,27.15,26.55,1300,27.15,1300,0,20800
MFSL30Jan20570PE.NFO,07/01/2020,11:11:20,27.15,26.55,1300,27.1,1300,0,20800
MFSL30Jan20570PE.NFO,07/01/2020,11:11:35,27.15,26.55,1300,27.15,1300,0,20800
MFSL30Jan20570PE.NFO,07/01/2020,11:11:48,27.15,26.5,1300,27.05,1300,0,20800
MFSL30Jan20570PE.NFO,07/01/2020,11:12:01,27.15,26.55,1300,27.1,1300,0,20800
MFSL30Jan20570PE.NFO,07/01/2020,11:12:10,27.15,26.8,2600,27.6,1300,0,20800
MFSL30Jan20570PE.NFO,07/01/2020,11:12:17,27.15,26.8,2600,27.65,2600,0,20800
MFSL30Jan20570PE.NFO,07/01/2020,11:12:24,27.15,26.9,2600,27.5,1300,0,20800
MFSL30Jan20570PE.NFO,07/01/2020,11:12:31,27.15,26.8,3900,27.45,1300,0,20800
MFSL30Jan20570PE.NFO,07/01/2020,11:12:37,27.15,26.8,1300,27.45,1300,0,20800
MFSL30Jan20570PE.NFO,07/01/2020,11:12:43,27.15,26.8,1300,27.5,1300,0,20800
MFSL30Jan20570PE.NFO,07/01/2020,11:12:48,27.15,26.8,1300,27.5,2600,0,20800
MFSL30Jan20570PE.NFO,07/01/2020,11:13:09,27.15,26.8,2600,27.35,1300,0,20800
MFSL30Jan20570PE.NFO,07/01/2020,11:13:15,27.15,26.9,2600,27.5,1300,0,20800
MFSL30Jan20570PE.NFO,07/01/2020,11:13:21,27.15,26.9,2600,27.55,1300,0,20800
MFSL30Jan20570PE.NFO,07/01/2020,11:13:31,27.15,26.9,1300,27.6,2600,0,20800
MFSL30Jan20570PE.NFO,07/01/2020,11:13:38,27.15,27.05,1300,27.55,1300,0,20800
MFSL30Jan20570PE.NFO,07/01/2020,11:13:44,27.15,26.95,1300,27.5,1300,0,20800
MFSL30Jan20570PE.NFO,07/01/2020,11:14:01,27.15,26.9,2600,27.5,1300,0,20800
MFSL30Jan20570PE.NFO,07/01/2020,11:14:06,27.15,26.9,1300,27.4,1300,0,20800
MFSL30Jan20570PE.NFO,07/01/2020,11:14:19,27.15,26.75,1300,27.2,1300,0,20800
MFSL30Jan20570PE.NFO,07/01/2020,11:14:34,27.15,26.8,1300,27.55,2600,0,20800
MFSL30Jan20570PE.NFO,07/01/2020,11:14:39,27.15,26.8,1300,27.5,1300,0,20800
MFSL30Jan20570PE.NFO,07/01/2020,11:14:44,27.15,27.05,1300,27.6,1300,0,20800
MFSL30Jan20570PE.NFO,07/01/2020,11:14:49,27.15,27,1300,27.55,1300,0,20800
MFSL30Jan20570PE.NFO,07/01/2020,11:15:01,27.15,27,2600,27.6,1300,0,20800
MFSL30Jan20570PE.NFO,07/01/2020,11:15:07,27.15,27.05,1300,27.55,1300,0,20800
MFSL30Jan20570PE.NFO,07/01/2020,11:15:18,27.15,27,1300,27.65,2600,0,20800
MFSL30Jan20570PE.NFO,07/01/2020,11:15:23,27.15,27.05,1300,27.55,1300,0,20800
MFSL30Jan20570PE.NFO,07/01/2020,11:15:40,27.15,27,2600,27.6,1300,0,20800
MFSL30Jan20570PE.NFO,07/01/2020,11:15:45,27.15,27,1300,27.55,1300,0,20800
MFSL30Jan20570PE.NFO,07/01/2020,11:15:56,27.15,27,2600,27.65,1300,0,20800
MFSL30Jan20570PE.NFO,07/01/2020,11:16:01,27.15,27.05,1300,27.65,2600,0,20800
MFSL30Jan20570PE.NFO,07/01/2020,11:16:08,27.15,27.05,2600,27.7,1300,0,20800
MFSL30Jan20570PE.NFO,07/01/2020,11:16:14,27.15,27.05,1300,27.65,1300,0,20800
MFSL30Jan20570PE.NFO,07/01/2020,11:16:27,27.15,27,1300,27.55,1300,0,20800
MFSL30Jan20570PE.NFO,07/01/2020,11:16:56,27.15,27.05,2600,27.65,3900,0,20800
MFSL30Jan20570PE.NFO,07/01/2020,11:17:07,27.15,27.05,2600,27.75,1300,0,20800
MFSL30Jan20570PE.NFO,07/01/2020,11:17:11,27.15,27,1300,27.45,1300,0,20800
MFSL30Jan20570PE.NFO,07/01/2020,11:17:16,27.15,26.95,3900,27.55,1300,0,20800
MFSL30Jan20570PE.NFO,07/01/2020,11:17:21,27.15,26.95,3900,27.65,1300,0,20800
MFSL30Jan20570PE.NFO,07/01/2020,11:17:25,27.15,26.95,3900,27.6,1300,0,20800
MFSL30Jan20570PE.NFO,07/01/2020,11:17:30,27.15,26.95,3900,27.65,2600,0,20800
MFSL30Jan20570PE.NFO,07/01/2020,11:17:35,27.15,26.95,3900,27.65,1300,0,20800
MFSL30Jan20570PE.NFO,07/01/2020,11:17:43,27.15,27.05,2600,27.6,1300,0,20800
MFSL30Jan20570PE.NFO,07/01/2020,11:17:48,27.15,27.05,2600,27.55,1300,0,20800
MFSL30Jan20570PE.NFO,07/01/2020,11:18:02,27.15,27.05,2600,27.65,2600,0,20800
MFSL30Jan20570PE.NFO,07/01/2020,11:18:08,27.15,27.2,1300,27.65,1300,0,20800
MFSL30Jan20570PE.NFO,07/01/2020,11:18:14,27.15,27.15,2600,27.6,1300,0,20800
MFSL30Jan20570PE.NFO,07/01/2020,11:18:24,27.15,27.15,2600,27.65,2600,0,20800
MFSL30Jan20570PE.NFO,07/01/2020,11:18:29,27.15,27.05,2600,27.55,1300,0,20800
MFSL30Jan20570PE.NFO,07/01/2020,11:18:39,27.15,27.05,2600,27.6,2600,0,20800
MFSL30Jan20570PE.NFO,07/01/2020,11:18:45,27.15,26.95,1300,27.55,2600,0,20800
MFSL30Jan20570PE.NFO,07/01/2020,11:18:57,27.15,26.95,1300,27.45,1300,0,20800
MFSL30Jan20570PE.NFO,07/01/2020,11:19:15,27.15,26.85,1300,27.45,1300,0,20800
MFSL30Jan20570PE.NFO,07/01/2020,11:19:22,27.15,27,1300,27.55,1300,0,20800
MFSL30Jan20570PE.NFO,07/01/2020,11:19:30,27.15,26.95,1300,27.4,1300,0,20800
MFSL30Jan20570PE.NFO,07/01/2020,11:19:37,27.15,26.9,2600,27.5,2600,0,20800
MFSL30Jan20570PE.NFO,07/01/2020,11:19:42,27.15,26.85,2600,27.5,2600,0,20800
MFSL30Jan20570PE.NFO,07/01/2020,11:19:49,27.15,27,1300,27.4,1300,0,20800
MFSL30Jan20570PE.NFO,07/01/2020,11:19:55,27.15,27,1300,27.35,1300,0,20800
MFSL30Jan20570PE.NFO,07/01/2020,11:20:16,27.15,27,1300,27.4,1300,0,20800
MFSL30Jan20570PE.NFO,07/01/2020,11:20:22,27.15,27,1300,27.35,1300,0,20800
MFSL30Jan20570PE.NFO,07/01/2020,11:20:33,27.15,26.7,1300,27.25,2600,0,20800
MFSL30Jan20570PE.NFO,07/01/2020,11:20:38,27.15,26.7,1300,27.25,1300,0,20800
MFSL30Jan20570PE.NFO,07/01/2020,11:20:43,27.15,26.7,1300,27.15,1300,0,20800
MFSL30Jan20570PE.NFO,07/01/2020,11:20:54,27.15,26.6,1300,27.25,2600,0,20800
MFSL30Jan20570PE.NFO,07/01/2020,11:20:59,27.15,26.6,1300,27.15,2600,0,20800
MFSL30Jan20570PE.NFO,07/01/2020,11:21:10,27.15,26.65,1300,27.25,2600,0,20800
MFSL30Jan20570PE.NFO,07/01/2020,11:21:14,27.15,26.7,1300,27.15,1300,0,20800
MFSL30Jan20570PE.NFO,07/01/2020,11:21:29,27.15,26.8,1300,27.3,1300,0,20800
MFSL30Jan20570PE.NFO,07/01/2020,11:21:41,27.15,26.8,1300,27.35,2600,0,20800
MFSL30Jan20570PE.NFO,07/01/2020,11:21:47,27.15,26.8,1300,27.3,1300,0,20800
MFSL30Jan20570PE.NFO,07/01/2020,11:21:55,27.15,26.8,1300,27.45,2600,0,20800
MFSL30Jan20570PE.NFO,07/01/2020,11:21:59,27.15,26.7,1300,27.45,2600,0,20800
MFSL30Jan20570PE.NFO,07/01/2020,11:22:07,27.15,26.75,1300,27.3,1300,0,20800
MFSL30Jan20570PE.NFO,07/01/2020,11:22:11,27.15,26.8,1300,27.3,1300,0,20800
MFSL30Jan20570PE.NFO,07/01/2020,11:22:15,27.15,26.75,1300,27.35,2600,0,20800
MFSL30Jan20570PE.NFO,07/01/2020,11:22:20,27.15,26.75,1300,27.3,1300,0,20800
MFSL30Jan20570PE.NFO,07/01/2020,11:22:24,27.15,26.75,1300,27.35,2600,0,20800
MFSL30Jan20570PE.NFO,07/01/2020,11:22:30,27.15,26.7,1300,27.25,1300,0,20800
MFSL30Jan20570PE.NFO,07/01/2020,11:22:58,27.15,26.7,1300,27.2,1300,0,20800
MFSL30Jan20570PE.NFO,07/01/2020,11:23:03,27.15,26.7,1300,27.25,1300,0,20800
MFSL30Jan20570PE.NFO,07/01/2020,11:23:14,27.15,26.75,1300,27.25,1300,0,20800
MFSL30Jan20570PE.NFO,07/01/2020,11:23:24,27.15,26.8,1300,27.25,1300,0,20800
MFSL30Jan20570PE.NFO,07/01/2020,11:23:49,27.15,26.85,1300,27.3,1300,0,20800
MFSL30Jan20570PE.NFO,07/01/2020,11:23:59,27.15,26.75,1300,27.25,2600,0,20800
MFSL30Jan20570PE.NFO,07/01/2020,11:25:40,27.15,26.65,1300,27.1,1300,0,20800
MFSL30Jan20570PE.NFO,07/01/2020,11:26:27,27.15,26.6,1300,27.2,2600,0,20800
MFSL30Jan20570PE.NFO,07/01/2020,11:26:31,27.15,26.55,2600,27.2,2600,0,20800
MFSL30Jan20570PE.NFO,07/01/2020,11:26:37,27.15,26.6,1300,27.2,2600,0,20800
MFSL30Jan20570PE.NFO,07/01/2020,11:26:42,27.15,26.7,1300,27.1,1300,0,20800
MFSL30Jan20570PE.NFO,07/01/2020,11:26:51,27.15,26.8,1300,27.45,1300,0,20800
MFSL30Jan20570PE.NFO,07/01/2020,11:26:55,27.15,26.75,2600,27.35,1300,0,20800
MFSL30Jan20570PE.NFO,07/01/2020,11:28:01,27.15,26.9,1300,27.3,1300,0,20800
MFSL30Jan20570PE.NFO,07/01/2020,11:29:32,27.15,26.65,1300,27.3,1300,0,20800
MFSL30Jan20570PE.NFO,07/01/2020,11:29:35,27.15,26.65,1300,27.35,1300,0,20800
MFSL30Jan20570PE.NFO,07/01/2020,11:30:23,27.15,26.75,1300,27.4,1300,0,20800
MFSL30Jan20570PE.NFO,07/01/2020,11:30:35,27.15,26.45,1300,27.4,1300,0,20800
MFSL30Jan20570PE.NFO,07/01/2020,11:30:38,27.15,26.55,1300,27.4,1300,0,20800
MFSL30Jan20570PE.NFO,07/01/2020,11:30:47,27.15,26.5,2600,27.4,1300,0,20800
MFSL30Jan20570PE.NFO,07/01/2020,11:30:51,27.15,26.5,1300,27.4,1300,0,20800
MFSL30Jan20570PE.NFO,07/01/2020,11:30:53,27.15,26.45,1300,27.4,1300,0,20800
MFSL30Jan20570PE.NFO,07/01/2020,11:30:56,27.15,26.45,1300,27.35,1300,0,20800
MFSL30Jan20570PE.NFO,07/01/2020,11:30:58,27.15,26.45,1300,27.4,1300,0,20800
MFSL30Jan20570PE.NFO,07/01/2020,11:31:04,27.15,26.45,1300,27.3,1300,0,20800
MFSL30Jan20570PE.NFO,07/01/2020,11:31:11,27.15,26.45,1300,27.5,1300,0,20800
MFSL30Jan20570PE.NFO,07/01/2020,11:31:16,27.15,26.6,1300,27.6,1300,0,20800
MFSL30Jan20570PE.NFO,07/01/2020,11:31:24,27.15,26.6,1300,27.7,1300,0,20800
MFSL30Jan20570PE.NFO,07/01/2020,11:31:29,27.15,26.6,1300,27.6,1300,0,20800
MFSL30Jan20570PE.NFO,07/01/2020,11:31:38,27.15,26.55,1300,27.6,1300,0,20800
MFSL30Jan20570PE.NFO,07/01/2020,11:32:04,27.15,26.6,1300,27.6,2600,0,20800
MFSL30Jan20570PE.NFO,07/01/2020,11:32:10,27.15,26.6,1300,27.5,1300,0,20800
MFSL30Jan20570PE.NFO,07/01/2020,11:32:34,27.15,26.8,1300,27.6,1300,0,20800
MFSL30Jan20570PE.NFO,07/01/2020,11:32:49,27.15,26.75,1300,27.6,1300,0,20800
MFSL30Jan20570PE.NFO,07/01/2020,11:33:02,27.15,26.75,2600,27.6,1300,0,20800
MFSL30Jan20570PE.NFO,07/01/2020,11:33:10,27.15,26.75,2600,27.6,2600,0,20800
MFSL30Jan20570PE.NFO,07/01/2020,11:33:18,27.15,26.65,1300,27.45,2600,0,20800
MFSL30Jan20570PE.NFO,07/01/2020,11:33:22,27.15,26.65,1300,27.4,2600,0,20800
MFSL30Jan20570PE.NFO,07/01/2020,11:33:58,27.15,26.65,1300,27.2,1300,0,20800
MFSL30Jan20570PE.NFO,07/01/2020,11:34:36,27.15,26.65,1300,27.15,1300,0,20800
MFSL30Jan20570PE.NFO,07/01/2020,11:34:42,27.15,26.65,1300,27.25,1300,0,20800
MFSL30Jan20570PE.NFO,07/01/2020,11:34:47,27.15,26.65,1300,27.15,1300,0,20800
MFSL30Jan20570PE.NFO,07/01/2020,11:34:53,27.15,26.65,1300,27.35,1300,0,20800
MFSL30Jan20570PE.NFO,07/01/2020,11:34:59,27.15,26.65,1300,27.25,1300,0,20800
MFSL30Jan20570PE.NFO,07/01/2020,11:35:04,27.15,26.65,1300,27.3,1300,0,20800
MFSL30Jan20570PE.NFO,07/01/2020,11:35:10,27.15,26.65,1300,27.25,1300,0,20800
MFSL30Jan20570PE.NFO,07/01/2020,11:35:15,27.15,26.65,1300,27.15,1300,0,20800
MFSL30Jan20570PE.NFO,07/01/2020,11:35:28,26.65,25.75,1300,27,2600,1300,22100
MFSL30Jan20570PE.NFO,07/01/2020,11:35:34,26.65,25.75,2600,26.9,1300,0,22100
MFSL30Jan20570PE.NFO,07/01/2020,11:35:39,26.65,25.75,2600,27.05,1300,0,22100
MFSL30Jan20570PE.NFO,07/01/2020,11:35:51,26.65,25.75,2600,26.9,1300,0,22100
MFSL30Jan20570PE.NFO,07/01/2020,11:35:56,26.65,25.75,2600,26.95,1300,0,22100
MFSL30Jan20570PE.NFO,07/01/2020,11:36:02,26.65,25.75,1300,26.65,1300,0,22100
MFSL30Jan20570PE.NFO,07/01/2020,11:36:07,26.65,25.05,3900,26.45,1300,0,22100
MFSL30Jan20570PE.NFO,07/01/2020,11:36:13,26.65,25.05,1300,26.35,1300,0,22100
MFSL30Jan20570PE.NFO,07/01/2020,11:36:19,26.65,25,3900,26.35,1300,0,22100
MFSL30Jan20570PE.NFO,07/01/2020,11:36:23,26.65,25,1300,26.3,1300,0,22100
MFSL30Jan20570PE.NFO,07/01/2020,11:36:28,26.65,25.05,1300,26.35,1300,0,22100
MFSL30Jan20570PE.NFO,07/01/2020,11:36:32,26.65,25.05,3900,26.4,1300,0,22100
MFSL30Jan20570PE.NFO,07/01/2020,11:36:37,26.65,25.05,3900,26.35,1300,0,22100
MFSL30Jan20570PE.NFO,07/01/2020,11:36:42,26.65,25.05,3900,26.45,1300,0,22100
MFSL30Jan20570PE.NFO,07/01/2020,11:36:54,26.65,25.3,1300,26.6,1300,0,22100
MFSL30Jan20570PE.NFO,07/01/2020,11:37:01,26.65,24.6,24700,26.55,1300,0,22100
MFSL30Jan20570PE.NFO,07/01/2020,11:37:07,26.65,24.8,19500,26.55,1300,0,22100
MFSL30Jan20570PE.NFO,07/01/2020,11:37:11,26.65,24.8,19500,26.5,1300,0,22100
MFSL30Jan20570PE.NFO,07/01/2020,11:37:14,26.65,24.8,16900,26.45,1300,0,22100
MFSL30Jan20570PE.NFO,07/01/2020,11:37:18,26.65,24.95,9100,26.4,1300,0,22100
MFSL30Jan20570PE.NFO,07/01/2020,11:37:22,26.65,25.05,6500,26.4,1300,0,22100
MFSL30Jan20570PE.NFO,07/01/2020,11:37:25,26.65,25.05,3900,26.35,1300,0,22100
MFSL30Jan20570PE.NFO,07/01/2020,11:37:28,26.65,25.05,3900,26.3,1300,0,22100
MFSL30Jan20570PE.NFO,07/01/2020,11:37:32,26.65,25.05,6500,26.55,2600,0,22100
MFSL30Jan20570PE.NFO,07/01/2020,11:37:37,26.65,25.05,6500,26.4,1300,0,22100
MFSL30Jan20570PE.NFO,07/01/2020,11:37:41,26.65,25.05,6500,26.45,1300,0,22100
MFSL30Jan20570PE.NFO,07/01/2020,11:37:45,26.65,25.05,6500,26.4,1300,0,22100
MFSL30Jan20570PE.NFO,07/01/2020,11:37:50,26.65,25.3,1300,26.65,2600,0,22100
MFSL30Jan20570PE.NFO,07/01/2020,11:37:55,26.65,25.3,1300,26.35,2600,0,22100
MFSL30Jan20570PE.NFO,07/01/2020,11:37:59,26.65,25.3,2600,26.25,1300,0,22100
MFSL30Jan20570PE.NFO,07/01/2020,11:38:02,26.65,24.7,19500,26.2,1300,0,22100
MFSL30Jan20570PE.NFO,07/01/2020,11:38:05,26.65,24.8,18200,26.25,1300,0,22100
MFSL30Jan20570PE.NFO,07/01/2020,11:38:10,26.65,24.8,18200,26.3,2600,0,22100
MFSL30Jan20570PE.NFO,07/01/2020,11:38:21,26.65,24.8,18200,26.4,2600,0,22100
MFSL30Jan20570PE.NFO,07/01/2020,11:38:27,26.65,24.8,18200,26.2,1300,0,22100
MFSL30Jan20570PE.NFO,07/01/2020,11:38:31,26.65,24.8,6500,26,2600,0,22100
MFSL30Jan20570PE.NFO,07/01/2020,11:38:34,26.65,24.3,3900,25.8,1300,0,22100
MFSL30Jan20570PE.NFO,07/01/2020,11:38:38,26.65,24.3,6500,25.8,1300,0,22100
MFSL30Jan20570PE.NFO,07/01/2020,11:38:50,26.65,24.3,5200,25.55,1300,0,22100
MFSL30Jan20570PE.NFO,07/01/2020,11:38:54,26.65,24.3,2600,25.55,1300,0,22100
MFSL30Jan20570PE.NFO,07/01/2020,11:39:01,26.65,24.4,1300,25.55,1300,0,22100
MFSL30Jan20570PE.NFO,07/01/2020,11:39:04,26.65,24.35,2600,25.5,1300,0,22100
MFSL30Jan20570PE.NFO,07/01/2020,11:39:08,26.65,24.35,2600,25.45,1300,0,22100
MFSL30Jan20570PE.NFO,07/01/2020,11:39:10,26.65,24.35,2600,25.5,1300,0,22100
MFSL30Jan20570PE.NFO,07/01/2020,11:39:13,26.65,24.35,2600,25.45,1300,0,22100
MFSL30Jan20570PE.NFO,07/01/2020,11:39:17,26.65,24.4,1300,25.45,1300,0,22100
MFSL30Jan20570PE.NFO,07/01/2020,11:39:21,26.65,24.35,2600,25.45,1300,0,22100
MFSL30Jan20570PE.NFO,07/01/2020,11:39:26,26.65,24.4,3900,25.5,1300,0,22100
MFSL30Jan20570PE.NFO,07/01/2020,11:39:30,26.65,24.4,9100,25.5,1300,0,22100
MFSL30Jan20570PE.NFO,07/01/2020,11:39:39,26.65,24.4,6500,25.5,1300,0,22100
MFSL30Jan20570PE.NFO,07/01/2020,11:39:42,26.65,24.5,3900,25.5,1300,0,22100
MFSL30Jan20570PE.NFO,07/01/2020,11:39:47,26.65,24.75,2600,25.65,1300,0,22100
MFSL30Jan20570PE.NFO,07/01/2020,11:39:54,26.65,25.05,1300,26,2600,0,22100
MFSL30Jan20570PE.NFO,07/01/2020,11:40:01,26.65,24.55,1300,25.7,1300,0,22100
MFSL30Jan20570PE.NFO,07/01/2020,11:40:15,26.65,24.55,3900,25.7,1300,0,22100
MFSL30Jan20570PE.NFO,07/01/2020,11:40:20,26.65,24.55,6500,25.7,1300,0,22100
MFSL30Jan20570PE.NFO,07/01/2020,11:40:24,26.65,24.55,7800,25.7,1300,0,22100
MFSL30Jan20570PE.NFO,07/01/2020,11:41:09,26.65,24.75,3900,25.7,1300,0,22100
MFSL30Jan20570PE.NFO,07/01/2020,11:41:12,26.65,25.05,1300,25.65,1300,0,22100
MFSL30Jan20570PE.NFO,07/01/2020,11:41:19,26.65,25.05,1300,26.15,2600,0,22100
MFSL30Jan20570PE.NFO,07/01/2020,11:41:22,26.65,25.05,1300,26.05,2600,0,22100
MFSL30Jan20570PE.NFO,07/01/2020,11:41:33,26.65,25.05,1300,25.95,2600,0,22100
MFSL30Jan20570PE.NFO,07/01/2020,11:41:53,26.65,25.05,1300,25.95,1300,0,22100
MFSL30Jan20570PE.NFO,07/01/2020,11:42:01,26.65,25.05,1300,26.05,1300,0,22100
MFSL30Jan20570PE.NFO,07/01/2020,11:42:05,26.65,25.05,1300,26,1300,0,22100
MFSL30Jan20570PE.NFO,07/01/2020,11:42:39,26.65,25.05,1300,25.95,1300,0,22100
MFSL30Jan20570PE.NFO,07/01/2020,11:42:44,26.65,25.05,1300,25.85,1300,0,22100
MFSL30Jan20570PE.NFO,07/01/2020,11:42:57,26.65,25.05,1300,26,1300,0,22100
MFSL30Jan20570PE.NFO,07/01/2020,11:43:01,26.65,25.05,1300,25.95,1300,0,22100
MFSL30Jan20570PE.NFO,07/01/2020,11:44:33,26.65,25.05,1300,26,1300,0,22100
MFSL30Jan20570PE.NFO,07/01/2020,11:44:46,26.65,25.05,3900,26.2,1300,0,22100
MFSL30Jan20570PE.NFO,07/01/2020,11:44:54,26.65,25.05,1300,26.2,1300,0,22100
MFSL30Jan20570PE.NFO,07/01/2020,11:44:57,26.65,25.05,3900,26.2,1300,0,22100
MFSL30Jan20570PE.NFO,07/01/2020,11:45:00,26.65,25.05,3900,26.1,1300,0,22100
MFSL30Jan20570PE.NFO,07/01/2020,11:45:07,26.65,25.05,5200,26.1,1300,0,22100
MFSL30Jan20570PE.NFO,07/01/2020,11:45:14,26.65,25.45,1300,26.1,1300,0,22100
MFSL30Jan20570PE.NFO,07/01/2020,11:45:17,26.65,25.55,1300,26.1,1300,0,22100
MFSL30Jan20570PE.NFO,07/01/2020,11:45:50,26.65,25.55,1300,26.4,1300,0,22100
MFSL30Jan20570PE.NFO,07/01/2020,11:46:46,26.65,25.55,2600,26.4,1300,0,22100
MFSL30Jan20570PE.NFO,07/01/2020,11:47:30,26.65,25.55,2600,26.5,1300,0,22100
MFSL30Jan20570PE.NFO,07/01/2020,11:47:59,26.65,25.55,2600,26.45,1300,0,22100
MFSL30Jan20570PE.NFO,07/01/2020,11:48:11,26.65,25.55,2600,26.6,1300,0,22100
MFSL30Jan20570PE.NFO,07/01/2020,11:48:29,26.65,25.55,5200,26.5,1300,0,22100
MFSL30Jan20570PE.NFO,07/01/2020,11:48:33,26.65,25.55,2600,26.5,1300,0,22100
MFSL30Jan20570PE.NFO,07/01/2020,11:48:37,26.65,25.55,2600,26.45,1300,0,22100
MFSL30Jan20570PE.NFO,07/01/2020,11:48:41,26.65,25.55,6500,26.6,1300,0,22100
MFSL30Jan20570PE.NFO,07/01/2020,11:49:03,26.65,25.7,1300,26.55,1300,0,22100
MFSL30Jan20570PE.NFO,07/01/2020,11:49:06,26.65,25.8,1300,26.55,1300,0,22100
MFSL30Jan20570PE.NFO,07/01/2020,11:50:03,26.65,25.8,1300,26.75,1300,0,22100
MFSL30Jan20570PE.NFO,07/01/2020,11:50:07,26.65,25.8,1300,26.85,1300,0,22100
MFSL30Jan20570PE.NFO,07/01/2020,11:50:18,26.65,26.3,1300,27.05,1300,0,22100
MFSL30Jan20570PE.NFO,07/01/2020,11:50:44,26.65,26.3,1300,27.15,1300,0,22100
MFSL30Jan20570PE.NFO,07/01/2020,11:50:47,26.65,26.3,1300,27.1,1300,0,22100
MFSL30Jan20570PE.NFO,07/01/2020,11:50:50,26.65,26.3,1300,27.15,1300,0,22100
MFSL30Jan20570PE.NFO,07/01/2020,11:50:53,26.65,26.3,1300,27.1,1300,0,22100
MFSL30Jan20570PE.NFO,07/01/2020,11:51:09,26.65,26.3,1300,27.25,1300,0,22100
MFSL30Jan20570PE.NFO,07/01/2020,11:51:13,26.65,26.3,1300,27.15,1300,0,22100
MFSL30Jan20570PE.NFO,07/01/2020,11:51:30,26.65,26.3,1300,27,1300,0,22100
MFSL30Jan20570PE.NFO,07/01/2020,11:51:47,26.65,26.3,1300,27.1,1300,0,22100
MFSL30Jan20570PE.NFO,07/01/2020,11:51:51,26.65,26.3,1300,27,1300,0,22100
MFSL30Jan20570PE.NFO,07/01/2020,11:52:03,26.65,26.3,1300,27.1,1300,0,22100
MFSL30Jan20570PE.NFO,07/01/2020,11:52:36,26.65,26.3,1300,27.15,1300,0,22100
MFSL30Jan20570PE.NFO,07/01/2020,11:52:38,26.65,26.3,1300,27.2,1300,0,22100
MFSL30Jan20570PE.NFO,07/01/2020,11:52:48,26.65,26.3,1300,27.15,1300,0,22100
MFSL30Jan20570PE.NFO,07/01/2020,11:53:11,26.65,26.25,2600,27.25,1300,0,22100
MFSL30Jan20570PE.NFO,07/01/2020,11:53:57,26.65,26.25,2600,27,1300,0,22100
MFSL30Jan20570PE.NFO,07/01/2020,11:54:01,26.65,26.25,2600,27.15,1300,0,22100
MFSL30Jan20570PE.NFO,07/01/2020,11:54:03,26.65,26.25,2600,27.05,1300,0,22100
MFSL30Jan20570PE.NFO,07/01/2020,11:54:06,26.65,26.2,1300,27.05,1300,0,22100
MFSL30Jan20570PE.NFO,07/01/2020,11:54:09,26.65,26.3,1300,27.05,1300,0,22100
MFSL30Jan20570PE.NFO,07/01/2020,11:54:11,26.65,26,3900,27.05,1300,0,22100
MFSL30Jan20570PE.NFO,07/01/2020,11:54:25,26.65,26,3900,26.95,1300,0,22100
MFSL30Jan20570PE.NFO,07/01/2020,11:54:35,26.65,26.05,6500,27,1300,0,22100
MFSL30Jan20570PE.NFO,07/01/2020,11:54:45,26.65,26,6500,26.9,1300,0,22100
MFSL30Jan20570PE.NFO,07/01/2020,11:55:02,26.65,26,5200,27,1300,0,22100
MFSL30Jan20570PE.NFO,07/01/2020,11:55:04,26.65,25.6,16900,27,1300,0,22100
MFSL30Jan20570PE.NFO,07/01/2020,11:55:07,26.65,25.7,14300,27,1300,0,22100
MFSL30Jan20570PE.NFO,07/01/2020,11:55:09,26.65,25.8,9100,27,1300,0,22100
MFSL30Jan20570PE.NFO,07/01/2020,11:55:18,26.65,25.8,10400,26.9,1300,0,22100
MFSL30Jan20570PE.NFO,07/01/2020,11:55:34,26.65,25.85,5200,26.95,1300,0,22100
MFSL30Jan20570PE.NFO,07/01/2020,11:55:51,26.65,25.85,7800,26.95,1300,0,22100
MFSL30Jan20570PE.NFO,07/01/2020,11:55:57,26.65,25.85,5200,26.95,1300,0,22100
MFSL30Jan20570PE.NFO,07/01/2020,11:56:05,26.65,25.6,7800,26.85,1300,0,22100
MFSL30Jan20570PE.NFO,07/01/2020,11:56:09,26.65,25.6,10400,26.85,1300,0,22100
MFSL30Jan20570PE.NFO,07/01/2020,11:56:28,26.65,25.65,9100,26.85,1300,0,22100
MFSL30Jan20570PE.NFO,07/01/2020,11:56:30,26.65,25.75,3900,26.8,1300,0,22100
MFSL30Jan20570PE.NFO,07/01/2020,11:56:36,26.65,25.65,3900,26.7,1300,0,22100
MFSL30Jan20570PE.NFO,07/01/2020,11:57:29,26.65,25.8,1300,26.6,1300,0,22100
MFSL30Jan20570PE.NFO,07/01/2020,11:57:44,26.6,25.55,7800,26.9,1300,1300,22100
MFSL30Jan20570PE.NFO,07/01/2020,11:57:48,26.6,25.95,1300,26.9,1300,0,22100
MFSL30Jan20570PE.NFO,07/01/2020,11:58:22,26.6,25.95,3900,26.9,1300,0,22100
MFSL30Jan20570PE.NFO,07/01/2020,11:59:10,26.6,26.15,1300,26.9,1300,0,22100
MFSL30Jan20570PE.NFO,07/01/2020,11:59:13,26.6,26.05,1300,26.9,1300,0,22100
MFSL30Jan20570PE.NFO,07/01/2020,11:59:21,26.6,26.05,3900,27,1300,0,22100
MFSL30Jan20570PE.NFO,07/01/2020,11:59:24,26.6,25.75,14300,26.95,1300,0,22100
MFSL30Jan20570PE.NFO,07/01/2020,11:59:27,26.6,26.05,2600,26.95,1300,0,22100
MFSL30Jan20570PE.NFO,07/01/2020,11:59:47,26.6,26.05,5200,26.95,1300,0,22100
MFSL30Jan20570PE.NFO,07/01/2020,11:59:52,26.6,26.05,2600,26.95,1300,0,22100
MFSL30Jan20570PE.NFO,07/01/2020,12:00:19,26.6,26.05,1300,26.95,1300,0,22100
MFSL30Jan20570PE.NFO,07/01/2020,12:00:32,26.6,26.05,3900,26.95,1300,0,22100
MFSL30Jan20570PE.NFO,07/01/2020,12:00:36,26.6,26.05,1300,26.95,1300,0,22100
MFSL30Jan20570PE.NFO,07/01/2020,12:00:39,26.6,26.2,1300,26.95,1300,0,22100
MFSL30Jan20570PE.NFO,07/01/2020,12:00:42,26.6,26.1,1300,26.95,1300,0,22100
MFSL30Jan20570PE.NFO,07/01/2020,12:00:45,26.6,26.15,1300,26.95,1300,0,22100
MFSL30Jan20570PE.NFO,07/01/2020,12:00:50,26.6,26.15,1300,26.85,1300,0,22100
MFSL30Jan20570PE.NFO,07/01/2020,12:00:55,26.6,26.25,1300,26.85,1300,0,22100
MFSL30Jan20570PE.NFO,07/01/2020,12:00:57,26.6,26.3,2600,26.85,1300,0,22100
MFSL30Jan20570PE.NFO,07/01/2020,12:01:35,26.6,26.05,5200,26.95,1300,0,22100
MFSL30Jan20570PE.NFO,07/01/2020,12:02:26,26.6,26.05,3900,27.05,1300,0,22100
MFSL30Jan20570PE.NFO,07/01/2020,12:02:27,26.6,26.3,1300,27,1300,0,22100
MFSL30Jan20570PE.NFO,07/01/2020,12:02:39,26.6,26.1,1300,26.95,1300,0,22100
MFSL30Jan20570PE.NFO,07/01/2020,12:02:46,26.6,26.1,1300,26.9,1300,0,22100
MFSL30Jan20570PE.NFO,07/01/2020,12:03:08,26.6,26.25,1300,27,1300,0,22100
MFSL30Jan20570PE.NFO,07/01/2020,12:03:15,26.6,26.05,2600,26.9,1300,0,22100
MFSL30Jan20570PE.NFO,07/01/2020,12:03:45,26.6,26.05,3900,26.9,1300,0,22100
MFSL30Jan20570PE.NFO,07/01/2020,12:04:07,26.6,26.05,2600,26.9,1300,0,22100
MFSL30Jan20570PE.NFO,07/01/2020,12:05:44,26.6,26.05,2600,26.85,1300,0,22100
MFSL30Jan20570PE.NFO,07/01/2020,12:06:00,26.6,26.05,2600,26.95,1300,0,22100
MFSL30Jan20570PE.NFO,07/01/2020,12:06:11,26.6,26.05,2600,26.9,1300,0,22100
MFSL30Jan20570PE.NFO,07/01/2020,12:06:21,26.6,26.05,2600,26.95,1300,0,22100
MFSL30Jan20570PE.NFO,07/01/2020,12:06:31,26.6,25.75,1300,26.75,1300,0,22100
MFSL30Jan20570PE.NFO,07/01/2020,12:06:39,26.6,25.75,1300,26.55,1300,0,22100
MFSL30Jan20570PE.NFO,07/01/2020,12:06:42,26.6,25.85,1300,26.65,1300,0,22100
MFSL30Jan20570PE.NFO,07/01/2020,12:06:45,26.6,25.75,2600,26.65,1300,0,22100
MFSL30Jan20570PE.NFO,07/01/2020,12:06:48,26.6,26,1300,26.65,1300,0,22100
MFSL30Jan20570PE.NFO,07/01/2020,12:06:50,26.6,25.6,1300,26.65,1300,0,22100
MFSL30Jan20570PE.NFO,07/01/2020,12:06:52,26.6,25.75,1300,26.6,1300,0,22100
MFSL30Jan20570PE.NFO,07/01/2020,12:06:54,26.6,25.7,2600,26.6,1300,0,22100
MFSL30Jan20570PE.NFO,07/01/2020,12:06:55,26.6,25.8,1300,26.6,1300,0,22100
MFSL30Jan20570PE.NFO,07/01/2020,12:07:12,26.6,25.8,1300,26.75,1300,0,22100
MFSL30Jan20570PE.NFO,07/01/2020,12:07:14,26.6,25.8,1300,26.65,1300,0,22100
MFSL30Jan20570PE.NFO,07/01/2020,12:07:16,26.6,25.8,1300,26.75,1300,0,22100
MFSL30Jan20570PE.NFO,07/01/2020,12:07:19,26.6,25.3,18200,26.65,1300,0,22100
MFSL30Jan20570PE.NFO,07/01/2020,12:07:23,26.6,25.3,15600,26.65,1300,0,22100
MFSL30Jan20570PE.NFO,07/01/2020,12:07:27,26.6,25.3,15600,26.6,1300,0,22100
MFSL30Jan20570PE.NFO,07/01/2020,12:08:17,26.6,25.4,1300,26.35,1300,0,22100
MFSL30Jan20570PE.NFO,07/01/2020,12:08:24,26.6,25.4,1300,26.4,1300,0,22100
MFSL30Jan20570PE.NFO,07/01/2020,12:08:30,26.6,25.65,2600,26.55,1300,0,22100
MFSL30Jan20570PE.NFO,07/01/2020,12:08:39,26.6,24.95,14300,26.15,1300,0,22100
MFSL30Jan20570PE.NFO,07/01/2020,12:08:42,26.6,25.25,1300,26.15,1300,0,22100
MFSL30Jan20570PE.NFO,07/01/2020,12:08:47,26.6,25.25,1300,26.2,1300,0,22100
MFSL30Jan20570PE.NFO,07/01/2020,12:08:55,26.6,25.25,1300,26.15,1300,0,22100
MFSL30Jan20570PE.NFO,07/01/2020,12:08:59,26.6,25.25,1300,26.4,1300,0,22100
MFSL30Jan20570PE.NFO,07/01/2020,12:09:02,26.6,24.7,19500,26.1,1300,0,22100
MFSL30Jan20570PE.NFO,07/01/2020,12:09:05,26.6,25.2,1300,26.2,1300,0,22100
MFSL30Jan20570PE.NFO,07/01/2020,12:09:08,26.6,25.2,1300,26.35,1300,0,22100
MFSL30Jan20570PE.NFO,07/01/2020,12:09:10,26.6,25.15,1300,26.15,1300,0,22100
MFSL30Jan20570PE.NFO,07/01/2020,12:09:13,26.6,25.05,5200,26.15,1300,0,22100
MFSL30Jan20570PE.NFO,07/01/2020,12:09:15,26.6,25.15,1300,26.15,1300,0,22100
MFSL30Jan20570PE.NFO,07/01/2020,12:09:18,26.6,25.25,1300,26.15,1300,0,22100
MFSL30Jan20570PE.NFO,07/01/2020,12:09:21,26.6,25.05,5200,26.35,1300,0,22100
MFSL30Jan20570PE.NFO,07/01/2020,12:09:23,26.6,25.1,1300,26.25,1300,0,22100
MFSL30Jan20570PE.NFO,07/01/2020,12:09:55,26.6,24.8,24700,26.55,2600,0,22100
MFSL30Jan20570PE.NFO,07/01/2020,12:10:47,26.6,24.8,19500,26.35,2600,0,22100
MFSL30Jan20570PE.NFO,07/01/2020,12:11:02,26.6,24.8,19500,26.25,2600,0,22100
MFSL30Jan20570PE.NFO,07/01/2020,12:11:05,26.6,25.05,3900,26.25,2600,0,22100
MFSL30Jan20570PE.NFO,07/01/2020,12:11:07,26.6,25.05,2600,26.25,2600,0,22100
MFSL30Jan20570PE.NFO,07/01/2020,12:11:11,26.6,25.05,1300,26.25,2600,0,22100
MFSL30Jan20570PE.NFO,07/01/2020,12:11:20,26.6,25.05,3900,26.25,2600,0,22100
MFSL30Jan20570PE.NFO,07/01/2020,12:11:24,26.6,25.05,1300,26.25,2600,0,22100
MFSL30Jan20570PE.NFO,07/01/2020,12:11:27,26.6,25.05,3900,26.25,2600,0,22100
MFSL30Jan20570PE.NFO,07/01/2020,12:11:31,26.6,25.15,1300,26.25,2600,0,22100
MFSL30Jan20570PE.NFO,07/01/2020,12:11:37,26.6,25.1,1300,26.15,1300,0,22100
MFSL30Jan20570PE.NFO,07/01/2020,12:11:40,26.6,25.3,1300,26.15,1300,0,22100
MFSL30Jan20570PE.NFO,07/01/2020,12:11:44,26.6,25.1,1300,26.15,1300,0,22100
MFSL30Jan20570PE.NFO,07/01/2020,12:11:46,26.6,25.2,1300,26.35,1300,0,22100
MFSL30Jan20570PE.NFO,07/01/2020,12:11:48,26.6,25.2,1300,26.25,1300,0,22100
MFSL30Jan20570PE.NFO,07/01/2020,12:11:51,26.6,25.4,1300,26.25,1300,0,22100
MFSL30Jan20570PE.NFO,07/01/2020,12:12:03,26.6,25.25,1300,26.05,1300,0,22100
MFSL30Jan20570PE.NFO,07/01/2020,12:12:06,26.6,25.2,1300,26.4,1300,0,22100
MFSL30Jan20570PE.NFO,07/01/2020,12:12:14,26.6,25.2,14300,26.25,1300,0,22100
MFSL30Jan20570PE.NFO,07/01/2020,12:12:17,26.6,25.2,1300,26.25,1300,0,22100
MFSL30Jan20570PE.NFO,07/01/2020,12:12:23,26.6,25.2,9100,26.35,1300,0,22100
MFSL30Jan20570PE.NFO,07/01/2020,12:12:25,26.6,25.2,6500,26.35,1300,0,22100
MFSL30Jan20570PE.NFO,07/01/2020,12:12:30,26.6,25.2,3900,26.35,1300,0,22100
MFSL30Jan20570PE.NFO,07/01/2020,12:12:39,26.6,25.55,1300,26.45,1300,0,22100
MFSL30Jan20570PE.NFO,07/01/2020,12:12:44,26.6,25.25,5200,26.3,1300,0,22100
MFSL30Jan20570PE.NFO,07/01/2020,12:12:48,26.6,25.35,1300,26.65,2600,0,22100
MFSL30Jan20570PE.NFO,07/01/2020,12:12:51,26.6,25.45,1300,26.65,2600,0,22100
MFSL30Jan20570PE.NFO,07/01/2020,12:12:54,26.6,25.35,2600,26.65,3900,0,22100
MFSL30Jan20570PE.NFO,07/01/2020,12:12:56,26.6,25.5,2600,26.65,2600,0,22100
MFSL30Jan20570PE.NFO,07/01/2020,12:12:57,26.6,25.45,1300,26.65,2600,0,22100
MFSL30Jan20570PE.NFO,07/01/2020,12:13:02,26.6,25.3,1300,26.65,3900,0,22100
MFSL30Jan20570PE.NFO,07/01/2020,12:13:05,26.6,25.4,1300,26.65,3900,0,22100
MFSL30Jan20570PE.NFO,07/01/2020,12:13:11,26.6,25.05,11700,26.55,2600,0,22100
MFSL30Jan20570PE.NFO,07/01/2020,12:13:12,26.6,25.35,1300,26.55,2600,0,22100
MFSL30Jan20570PE.NFO,07/01/2020,12:13:26,26.6,25.1,11700,26.55,2600,0,22100
MFSL30Jan20570PE.NFO,07/01/2020,12:13:26,26.6,25.1,14300,26.55,2600,0,22100
MFSL30Jan20570PE.NFO,07/01/2020,12:13:27,26.6,25.1,19500,26.55,2600,0,22100
MFSL30Jan20570PE.NFO,07/01/2020,12:13:38,26.6,25.3,1300,26.55,2600,0,22100
MFSL30Jan20570PE.NFO,07/01/2020,12:13:44,26.6,25.3,11700,26.55,2600,0,22100
MFSL30Jan20570PE.NFO,07/01/2020,12:13:45,26.6,25.3,14300,26.55,2600,0,22100
MFSL30Jan20570PE.NFO,07/01/2020,12:13:46,26.6,25.3,1300,26.55,2600,0,22100
MFSL30Jan20570PE.NFO,07/01/2020,12:14:01,26.6,25.45,1300,26.55,2600,0,22100
MFSL30Jan20570PE.NFO,07/01/2020,12:14:01,26.6,25.5,1300,26.55,2600,0,22100
MFSL30Jan20570PE.NFO,07/01/2020,12:14:02,26.6,25.55,1300,26.55,2600,0,22100
MFSL30Jan20570PE.NFO,07/01/2020,12:14:03,26.6,25.4,1300,26.55,2600,0,22100
MFSL30Jan20570PE.NFO,07/01/2020,12:14:04,26.6,25.5,1300,26.55,2600,0,22100
MFSL30Jan20570PE.NFO,07/01/2020,12:14:05,26.6,25.6,1300,26.55,2600,0,22100
MFSL30Jan20570PE.NFO,07/01/2020,12:14:06,26.6,25.8,1300,26.55,2600,0,22100
MFSL30Jan20570PE.NFO,07/01/2020,12:14:07,26.6,25.45,2600,26.55,2600,0,22100
MFSL30Jan20570PE.NFO,07/01/2020,12:14:08,26.6,25.55,1300,26.55,2600,0,22100
MFSL30Jan20570PE.NFO,07/01/2020,12:14:17,26.6,25.6,2600,26.55,2600,0,22100
MFSL30Jan20570PE.NFO,07/01/2020,12:14:21,26.6,25.45,6500,26.55,2600,0,22100
MFSL30Jan20570PE.NFO,07/01/2020,12:14:24,26.6,25.3,22100,26.55,2600,0,22100
MFSL30Jan20570PE.NFO,07/01/2020,12:14:31,26.6,25.55,1300,26.55,2600,0,22100
MFSL30Jan20570PE.NFO,07/01/2020,12:15:54,26.6,25.55,19500,26.55,2600,0,22100
MFSL30Jan20570PE.NFO,07/01/2020,12:16:03,26.6,25.45,13000,26.55,1300,0,22100
MFSL30Jan20570PE.NFO,07/01/2020,12:16:07,26.6,25.75,1300,26.5,1300,0,22100
MFSL30Jan20570PE.NFO,07/01/2020,12:16:11,26.6,25.5,2600,26.55,1300,0,22100
MFSL30Jan20570PE.NFO,07/01/2020,12:16:24,26.6,25.65,1300,26.45,1300,0,22100
MFSL30Jan20570PE.NFO,07/01/2020,12:16:27,26.6,25.45,2600,26.4,1300,0,22100
MFSL30Jan20570PE.NFO,07/01/2020,12:16:29,26.6,25.55,1300,26.4,1300,0,22100
MFSL30Jan20570PE.NFO,07/01/2020,12:16:49,26.6,25.3,3900,26.35,1300,0,22100
MFSL30Jan20570PE.NFO,07/01/2020,12:16:51,26.6,25.5,1300,26.35,1300,0,22100
MFSL30Jan20570PE.NFO,07/01/2020,12:16:54,26.6,25.55,1300,26.35,1300,0,22100
MFSL30Jan20570PE.NFO,07/01/2020,12:17:04,26.6,25.45,2600,26.35,1300,0,22100
MFSL30Jan20570PE.NFO,07/01/2020,12:17:06,26.6,25.55,1300,26.35,1300,0,22100
MFSL30Jan20570PE.NFO,07/01/2020,12:17:28,26.6,25.4,1300,26.25,1300,0,22100
MFSL30Jan20570PE.NFO,07/01/2020,12:17:36,26.6,25.5,1300,26.25,1300,0,22100
MFSL30Jan20570PE.NFO,07/01/2020,12:17:37,26.6,25.35,1300,26.25,1300,0,22100
MFSL30Jan20570PE.NFO,07/01/2020,12:17:39,26.6,25.4,1300,26.25,1300,0,22100
MFSL30Jan20570PE.NFO,07/01/2020,12:17:46,26.6,25.35,1300,26.25,1300,0,22100
MFSL30Jan20570PE.NFO,07/01/2020,12:17:49,26.6,25.4,1300,26.25,1300,0,22100
MFSL30Jan20570PE.NFO,07/01/2020,12:17:52,26.6,25.35,1300,26.25,1300,0,22100
MFSL30Jan20570PE.NFO,07/01/2020,12:17:55,26.6,25.4,1300,26.25,1300,0,22100
MFSL30Jan20570PE.NFO,07/01/2020,12:17:57,26.6,25.3,1300,26.25,1300,0,22100
MFSL30Jan20570PE.NFO,07/01/2020,12:17:59,26.6,25.4,1300,26.25,1300,0,22100
MFSL30Jan20570PE.NFO,07/01/2020,12:18:02,26.6,25.35,1300,26.25,1300,0,22100
MFSL30Jan20570PE.NFO,07/01/2020,12:18:09,26.6,25.4,1300,26.25,1300,0,22100
MFSL30Jan20570PE.NFO,07/01/2020,12:18:12,26.6,25.35,1300,26.25,1300,0,22100
MFSL30Jan20570PE.NFO,07/01/2020,12:18:19,26.6,25.4,1300,26.25,1300,0,22100
MFSL30Jan20570PE.NFO,07/01/2020,12:18:22,26.6,25.35,1300,26.25,1300,0,22100
MFSL30Jan20570PE.NFO,07/01/2020,12:18:25,26.6,25.05,13000,26.15,1300,0,22100
MFSL30Jan20570PE.NFO,07/01/2020,12:18:37,26.6,25.05,18200,26.15,1300,0,22100
MFSL30Jan20570PE.NFO,07/01/2020,12:19:06,26.6,25.05,13000,26.05,1300,0,22100
MFSL30Jan20570PE.NFO,07/01/2020,12:19:23,26.6,25.05,2600,26.05,1300,0,22100
MFSL30Jan20570PE.NFO,07/01/2020,12:19:37,26.6,25.05,1300,26.2,1300,0,22100
MFSL30Jan20570PE.NFO,07/01/2020,12:19:43,26.6,25.2,1300,25.95,1300,0,22100
MFSL30Jan20570PE.NFO,07/01/2020,12:19:47,26.6,25.3,1300,25.95,1300,0,22100
MFSL30Jan20570PE.NFO,07/01/2020,12:19:56,26.6,25.25,1300,26.15,1300,0,22100
MFSL30Jan20570PE.NFO,07/01/2020,12:19:58,26.6,25.2,2600,26.1,1300,0,22100
MFSL30Jan20570PE.NFO,07/01/2020,12:20:00,26.6,25.3,1300,26.1,1300,0,22100
MFSL30Jan20570PE.NFO,07/01/2020,12:20:11,26.6,24.9,15600,26,1300,0,22100
MFSL30Jan20570PE.NFO,07/01/2020,12:20:14,26.6,25.1,1300,26,1300,0,22100
MFSL30Jan20570PE.NFO,07/01/2020,12:20:18,26.6,25.3,1300,26,1300,0,22100
MFSL30Jan20570PE.NFO,07/01/2020,12:20:23,26.6,25.3,1300,26.1,1300,0,22100
MFSL30Jan20570PE.NFO,07/01/2020,12:20:44,26.6,25.3,1300,26.05,1300,0,22100
MFSL30Jan20570PE.NFO,07/01/2020,12:20:47,26.6,25.3,1300,26,1300,0,22100
MFSL30Jan20570PE.NFO,07/01/2020,12:20:51,26.6,25.15,1300,26,1300,0,22100
MFSL30Jan20570PE.NFO,07/01/2020,12:21:04,26.6,25.3,1300,25.95,1300,0,22100
MFSL30Jan20570PE.NFO,07/01/2020,12:21:07,26.6,25.25,1300,25.95,1300,0,22100
MFSL30Jan20570PE.NFO,07/01/2020,12:21:10,26.6,25.3,1300,25.95,1300,0,22100
MFSL30Jan20570PE.NFO,07/01/2020,12:21:20,26.6,25.2,1300,25.95,1300,0,22100
MFSL30Jan20570PE.NFO,07/01/2020,12:21:24,26.6,25.25,1300,25.95,1300,0,22100
MFSL30Jan20570PE.NFO,07/01/2020,12:21:28,26.6,25.3,1300,25.95,1300,0,22100
MFSL30Jan20570PE.NFO,07/01/2020,12:22:03,26.6,25.15,6500,26.35,2600,0,22100
MFSL30Jan20570PE.NFO,07/01/2020,12:22:31,26.6,25.25,1300,26.35,2600,0,22100
MFSL30Jan20570PE.NFO,07/01/2020,12:23:20,26.6,25.2,1300,26.35,2600,0,22100
MFSL30Jan20570PE.NFO,07/01/2020,12:23:25,26.6,25.1,1300,26.25,2600,0,22100
MFSL30Jan20570PE.NFO,07/01/2020,12:23:28,26.6,25.2,1300,26.25,2600,0,22100
MFSL30Jan20570PE.NFO,07/01/2020,12:23:35,26.6,25.25,1300,26.25,2600,0,22100
MFSL30Jan20570PE.NFO,07/01/2020,12:23:38,26.6,25.1,1300,26.25,2600,0,22100
MFSL30Jan20570PE.NFO,07/01/2020,12:23:43,26.6,25.25,1300,26.25,2600,0,22100
MFSL30Jan20570PE.NFO,07/01/2020,12:23:46,26.6,25.1,1300,26.25,2600,0,22100
MFSL30Jan20570PE.NFO,07/01/2020,12:23:49,26.6,25.25,1300,26.15,2600,0,22100
MFSL30Jan20570PE.NFO,07/01/2020,12:23:51,26.6,25.05,2600,26.15,2600,0,22100
MFSL30Jan20570PE.NFO,07/01/2020,12:23:57,26.6,25.05,1300,26.15,2600,0,22100
MFSL30Jan20570PE.NFO,07/01/2020,12:24:06,26.6,25,1300,25.95,2600,0,22100
MFSL30Jan20570PE.NFO,07/01/2020,12:24:11,26.6,25,1300,25.85,2600,0,22100
MFSL30Jan20570PE.NFO,07/01/2020,12:24:27,26.6,24.7,6500,25.85,2600,0,22100
MFSL30Jan20570PE.NFO,07/01/2020,12:24:30,26.6,24.8,1300,25.85,2600,0,22100
MFSL30Jan20570PE.NFO,07/01/2020,12:24:33,26.6,24.45,11700,25.65,2600,0,22100
MFSL30Jan20570PE.NFO,07/01/2020,12:24:36,26.6,24.55,11700,25.65,2600,0,22100
MFSL30Jan20570PE.NFO,07/01/2020,12:24:39,26.6,24.55,14300,25.65,2600,0,22100
MFSL30Jan20570PE.NFO,07/01/2020,12:24:42,26.6,24.55,11700,25.65,2600,0,22100
MFSL30Jan20570PE.NFO,07/01/2020,12:24:56,26.6,24.75,1300,25.85,2600,0,22100
MFSL30Jan20570PE.NFO,07/01/2020,12:24:59,26.6,24.7,1300,25.85,3900,0,22100
MFSL30Jan20570PE.NFO,07/01/2020,12:25:02,26.6,24.75,1300,25.85,3900,0,22100
MFSL30Jan20570PE.NFO,07/01/2020,12:25:05,26.6,24.65,1300,25.85,3900,0,22100
MFSL30Jan20570PE.NFO,07/01/2020,12:25:08,26.6,24.75,1300,25.85,3900,0,22100
MFSL30Jan20570PE.NFO,07/01/2020,12:25:19,26.6,24.8,1300,25.85,3900,0,22100
MFSL30Jan20570PE.NFO,07/01/2020,12:25:39,26.6,24.75,1300,25.85,3900,0,22100
MFSL30Jan20570PE.NFO,07/01/2020,12:25:44,26.6,24.6,1300,25.85,3900,0,22100
MFSL30Jan20570PE.NFO,07/01/2020,12:25:50,26.6,24.65,1300,25.85,3900,0,22100
MFSL30Jan20570PE.NFO,07/01/2020,12:25:53,26.6,24.75,1300,25.85,3900,0,22100
MFSL30Jan20570PE.NFO,07/01/2020,12:25:57,26.6,24.6,1300,25.85,3900,0,22100
MFSL30Jan20570PE.NFO,07/01/2020,12:26:00,26.6,24.7,1300,25.85,3900,0,22100
MFSL30Jan20570PE.NFO,07/01/2020,12:26:04,26.6,24.75,1300,25.85,3900,0,22100
MFSL30Jan20570PE.NFO,07/01/2020,12:26:07,26.6,24.6,3900,25.85,3900,0,22100
MFSL30Jan20570PE.NFO,07/01/2020,12:26:10,26.6,24.7,1300,25.85,3900,0,22100
MFSL30Jan20570PE.NFO,07/01/2020,12:26:13,26.6,24.75,1300,25.85,3900,0,22100
MFSL30Jan20570PE.NFO,07/01/2020,12:26:21,26.6,24.8,1300,25.85,3900,0,22100
MFSL30Jan20570PE.NFO,07/01/2020,12:26:36,26.6,24.75,1300,25.85,3900,0,22100
MFSL30Jan20570PE.NFO,07/01/2020,12:26:42,26.6,24.7,1300,25.85,3900,0,22100
MFSL30Jan20570PE.NFO,07/01/2020,12:26:45,26.6,24.75,1300,25.85,3900,0,22100
MFSL30Jan20570PE.NFO,07/01/2020,12:26:56,26.6,24.7,1300,25.85,2600,0,22100
MFSL30Jan20570PE.NFO,07/01/2020,12:27:00,26.6,24.8,1300,25.85,2600,0,22100
MFSL30Jan20570PE.NFO,07/01/2020,12:27:24,26.6,24.8,1300,25.85,3900,0,22100
MFSL30Jan20570PE.NFO,07/01/2020,12:27:38,26.6,24.8,1300,25.85,2600,0,22100
MFSL30Jan20570PE.NFO,07/01/2020,12:27:50,26.6,24.95,2600,26.1,2600,0,22100
MFSL30Jan20570PE.NFO,07/01/2020,12:27:53,26.6,25.15,1300,26,2600,0,22100
MFSL30Jan20570PE.NFO,07/01/2020,12:27:55,26.6,24.95,2600,26,2600,0,22100
MFSL30Jan20570PE.NFO,07/01/2020,12:27:58,26.6,24.85,2600,26,2600,0,22100
MFSL30Jan20570PE.NFO,07/01/2020,12:28:00,26.6,25,1300,26,2600,0,22100
MFSL30Jan20570PE.NFO,07/01/2020,12:28:05,26.6,24.95,1300,26,2600,0,22100
MFSL30Jan20570PE.NFO,07/01/2020,12:28:08,26.6,25,1300,26,2600,0,22100
MFSL30Jan20570PE.NFO,07/01/2020,12:28:11,26.6,24.9,1300,26,2600,0,22100
MFSL30Jan20570PE.NFO,07/01/2020,12:28:14,26.6,24.95,1300,26,2600,0,22100
MFSL30Jan20570PE.NFO,07/01/2020,12:28:24,26.6,24.9,2600,26,2600,0,22100
MFSL30Jan20570PE.NFO,07/01/2020,12:28:27,26.6,24.75,2600,26,2600,0,22100
MFSL30Jan20570PE.NFO,07/01/2020,12:28:30,26.6,24.75,1300,26,2600,0,22100
MFSL30Jan20570PE.NFO,07/01/2020,12:28:34,26.6,24.75,2600,26,2600,0,22100
MFSL30Jan20570PE.NFO,07/01/2020,12:28:37,26.6,24.85,1300,26,2600,0,22100
MFSL30Jan20570PE.NFO,07/01/2020,12:28:41,26.6,24.75,2600,26,2600,0,22100
MFSL30Jan20570PE.NFO,07/01/2020,12:28:44,26.6,24.95,1300,26,2600,0,22100
MFSL30Jan20570PE.NFO,07/01/2020,12:28:47,26.6,24.85,3900,26,2600,0,22100
MFSL30Jan20570PE.NFO,07/01/2020,12:28:50,26.6,24.75,2600,26,2600,0,22100
MFSL30Jan20570PE.NFO,07/01/2020,12:28:59,26.6,25.35,1300,26.1,1300,0,22100
MFSL30Jan20570PE.NFO,07/01/2020,12:29:06,26.6,25.45,1300,26.1,1300,0,22100
MFSL30Jan20570PE.NFO,07/01/2020,12:29:11,26.6,25.5,1300,26.2,1300,0,22100
MFSL30Jan20570PE.NFO,07/01/2020,12:29:15,26.6,25.3,2600,26.15,1300,0,22100
MFSL30Jan20570PE.NFO,07/01/2020,12:29:24,26.6,25.3,1300,26.2,1300,0,22100
MFSL30Jan20570PE.NFO,07/01/2020,12:30:06,26.6,25.3,1300,26.35,1300,0,22100
MFSL30Jan20570PE.NFO,07/01/2020,12:30:12,26.6,25.3,1300,26.2,1300,0,22100
MFSL30Jan20570PE.NFO,07/01/2020,12:30:18,26.6,25.3,1300,26.3,1300,0,22100
MFSL30Jan20570PE.NFO,07/01/2020,12:30:28,26.6,25.3,1300,26.4,2600,0,22100
MFSL30Jan20570PE.NFO,07/01/2020,12:30:33,26.6,24.9,1300,25.95,1300,0,22100
MFSL30Jan20570PE.NFO,07/01/2020,12:30:38,26.6,24.75,2600,25.95,1300,0,22100
MFSL30Jan20570PE.NFO,07/01/2020,12:30:42,26.6,25.05,1300,25.95,1300,0,22100
MFSL30Jan20570PE.NFO,07/01/2020,12:30:50,26.6,25.05,1300,25.85,1300,0,22100
MFSL30Jan20570PE.NFO,07/01/2020,12:30:59,26.6,25,1300,25.75,1300,0,22100
MFSL30Jan20570PE.NFO,07/01/2020,12:31:04,26.6,24.8,1300,25.75,1300,0,22100
MFSL30Jan20570PE.NFO,07/01/2020,12:31:12,26.6,25.1,1300,25.85,1300,0,22100
MFSL30Jan20570PE.NFO,07/01/2020,12:31:15,26.6,25.2,1300,25.85,1300,0,22100
MFSL30Jan20570PE.NFO,07/01/2020,12:31:19,26.6,24.55,16900,25.85,1300,0,22100
MFSL30Jan20570PE.NFO,07/01/2020,12:31:23,26.6,25.05,1300,25.85,1300,0,22100
MFSL30Jan20570PE.NFO,07/01/2020,12:31:27,26.6,25.05,1300,25.75,1300,0,22100
MFSL30Jan20570PE.NFO,07/01/2020,12:31:31,26.6,24.9,1300,25.85,1300,0,22100
MFSL30Jan20570PE.NFO,07/01/2020,12:31:34,26.6,24.8,3900,25.85,1300,0,22100
MFSL30Jan20570PE.NFO,07/01/2020,12:31:46,26.6,24.9,2600,25.85,1300,0,22100
MFSL30Jan20570PE.NFO,07/01/2020,12:31:49,26.6,24.8,3900,25.8,1300,0,22100
MFSL30Jan20570PE.NFO,07/01/2020,12:31:56,26.6,25.05,1300,25.75,1300,0,22100
MFSL30Jan20570PE.NFO,07/01/2020,12:32:00,26.6,25.15,1300,25.75,1300,0,22100
MFSL30Jan20570PE.NFO,07/01/2020,12:32:05,26.6,25.15,1300,25.8,1300,0,22100
MFSL30Jan20570PE.NFO,07/01/2020,12:32:09,26.6,24.8,2600,26,2600,0,22100
MFSL30Jan20570PE.NFO,07/01/2020,12:32:12,26.6,24.95,1300,26,2600,0,22100
MFSL30Jan20570PE.NFO,07/01/2020,12:32:19,26.6,24.8,2600,26,2600,0,22100
MFSL30Jan20570PE.NFO,07/01/2020,12:32:30,26.6,24.95,1300,26,2600,0,22100
MFSL30Jan20570PE.NFO,07/01/2020,12:32:36,26.6,24.8,2600,26,2600,0,22100
MFSL30Jan20570PE.NFO,07/01/2020,12:32:42,26.6,24.95,1300,26,2600,0,22100
MFSL30Jan20570PE.NFO,07/01/2020,12:32:46,26.6,24.9,1300,26,2600,0,22100
MFSL30Jan20570PE.NFO,07/01/2020,12:32:50,26.6,24.8,2600,26,2600,0,22100
MFSL30Jan20570PE.NFO,07/01/2020,12:32:58,26.6,24.95,1300,26,2600,0,22100
MFSL30Jan20570PE.NFO,07/01/2020,12:33:07,26.6,24.8,2600,26,2600,0,22100
MFSL30Jan20570PE.NFO,07/01/2020,12:33:11,26.6,25,1300,26,2600,0,22100
MFSL30Jan20570PE.NFO,07/01/2020,12:33:16,26.6,24.75,2600,26,2600,0,22100
MFSL30Jan20570PE.NFO,07/01/2020,12:33:19,26.6,24.95,1300,26,2600,0,22100
MFSL30Jan20570PE.NFO,07/01/2020,12:33:23,26.6,24.85,1300,26,2600,0,22100
MFSL30Jan20570PE.NFO,07/01/2020,12:33:29,26.6,24.95,1300,26,2600,0,22100
MFSL30Jan20570PE.NFO,07/01/2020,12:33:32,26.6,24.8,2600,26,2600,0,22100
MFSL30Jan20570PE.NFO,07/01/2020,12:33:35,26.6,25.3,1300,26.1,1300,0,22100
MFSL30Jan20570PE.NFO,07/01/2020,12:33:39,26.6,25.25,1300,26.25,1300,0,22100
MFSL30Jan20570PE.NFO,07/01/2020,12:33:43,26.6,25.3,2600,26.25,1300,0,22100
MFSL30Jan20570PE.NFO,07/01/2020,12:33:46,26.6,25.6,1300,26.35,1300,0,22100
MFSL30Jan20570PE.NFO,07/01/2020,12:33:49,26.6,25.6,1300,26.5,1300,0,22100
MFSL30Jan20570PE.NFO,07/01/2020,12:33:52,26.6,25.75,1300,26.45,1300,0,22100
MFSL30Jan20570PE.NFO,07/01/2020,12:33:55,26.6,25.6,2600,26.45,1300,0,22100
MFSL30Jan20570PE.NFO,07/01/2020,12:33:58,26.6,25.35,3900,26.55,1300,0,22100
MFSL30Jan20570PE.NFO,07/01/2020,12:34:02,26.6,25.85,1300,26.65,2600,0,22100
MFSL30Jan20570PE.NFO,07/01/2020,12:34:07,26.6,25.55,2600,26.65,2600,0,22100
MFSL30Jan20570PE.NFO,07/01/2020,12:34:14,26.6,25.55,1300,26.65,2600,0,22100
MFSL30Jan20570PE.NFO,07/01/2020,12:34:31,26.6,25.2,1300,26.35,1300,0,22100
MFSL30Jan20570PE.NFO,07/01/2020,12:34:37,26.6,25.3,1300,26.35,1300,0,22100
MFSL30Jan20570PE.NFO,07/01/2020,12:34:51,26.6,25.3,1300,26.25,1300,0,22100
MFSL30Jan20570PE.NFO,07/01/2020,12:34:58,26.6,25.4,1300,26.35,1300,0,22100
MFSL30Jan20570PE.NFO,07/01/2020,12:35:01,26.6,24.75,11700,26.1,1300,0,22100
MFSL30Jan20570PE.NFO,07/01/2020,12:35:05,26.6,25.35,1300,26.1,1300,0,22100
MFSL30Jan20570PE.NFO,07/01/2020,12:35:08,26.6,25.05,6500,26.1,1300,0,22100
MFSL30Jan20570PE.NFO,07/01/2020,12:35:09,26.6,25.5,1300,26.4,1300,0,22100
MFSL30Jan20570PE.NFO,07/01/2020,12:35:12,26.6,25.5,1300,26.3,1300,0,22100
MFSL30Jan20570PE.NFO,07/01/2020,12:35:15,26.6,25.4,2600,26.35,1300,0,22100
MFSL30Jan20570PE.NFO,07/01/2020,12:35:18,26.6,25.45,2600,26.35,1300,0,22100
MFSL30Jan20570PE.NFO,07/01/2020,12:35:21,26.6,25.55,3900,26.4,1300,0,22100
MFSL30Jan20570PE.NFO,07/01/2020,12:35:30,26.6,25.55,2600,26.45,1300,0,22100
MFSL30Jan20570PE.NFO,07/01/2020,12:35:42,26.6,25.55,5200,26.6,1300,0,22100
MFSL30Jan20570PE.NFO,07/01/2020,12:35:46,26.6,25.55,2600,26.6,1300,0,22100
MFSL30Jan20570PE.NFO,07/01/2020,12:35:59,26.6,25.55,2600,26.55,1300,0,22100
MFSL30Jan20570PE.NFO,07/01/2020,12:36:03,26.6,25.55,2600,26.45,1300,0,22100
MFSL30Jan20570PE.NFO,07/01/2020,12:36:32,26.6,25.55,2600,26.4,1300,0,22100
MFSL30Jan20570PE.NFO,07/01/2020,12:36:39,26.6,25.45,1300,26.3,1300,0,22100
MFSL30Jan20570PE.NFO,07/01/2020,12:36:42,26.6,25.5,1300,26.3,1300,0,22100
MFSL30Jan20570PE.NFO,07/01/2020,12:36:48,26.6,25.55,1300,26.3,1300,0,22100
MFSL30Jan20570PE.NFO,07/01/2020,12:36:53,26.6,25.5,1300,26.3,1300,0,22100
MFSL30Jan20570PE.NFO,07/01/2020,12:36:55,26.6,25.55,1300,26.3,1300,0,22100
MFSL30Jan20570PE.NFO,07/01/2020,12:36:58,26.6,25.3,2600,26.3,1300,0,22100
MFSL30Jan20570PE.NFO,07/01/2020,12:37:06,26.6,25.35,1300,26.2,1300,0,22100
MFSL30Jan20570PE.NFO,07/01/2020,12:37:09,26.6,25.3,1300,26.2,1300,0,22100
MFSL30Jan20570PE.NFO,07/01/2020,12:37:11,26.6,25.3,1300,26.15,1300,0,22100
MFSL30Jan20570PE.NFO,07/01/2020,12:37:22,26.6,25.3,1300,26.2,1300,0,22100
MFSL30Jan20570PE.NFO,07/01/2020,12:37:27,26.6,25.3,3900,26.2,1300,0,22100
MFSL30Jan20570PE.NFO,07/01/2020,12:37:52,26.6,25.3,1300,26.2,1300,0,22100
MFSL30Jan20570PE.NFO,07/01/2020,12:37:54,26.6,25.3,3900,26.15,1300,0,22100
MFSL30Jan20570PE.NFO,07/01/2020,12:38:11,26.6,25.3,3900,26.3,1300,0,22100
MFSL30Jan20570PE.NFO,07/01/2020,12:38:15,26.6,25.45,1300,26.2,1300,0,22100
MFSL30Jan20570PE.NFO,07/01/2020,12:38:20,26.6,25.4,1300,26.15,1300,0,22100
MFSL30Jan20570PE.NFO,07/01/2020,12:38:31,26.6,25.3,1300,26.15,1300,0,22100
MFSL30Jan20570PE.NFO,07/01/2020,12:38:35,26.6,25.3,1300,26.1,1300,0,22100
MFSL30Jan20570PE.NFO,07/01/2020,12:38:42,26.6,25.3,1300,26.35,3900,0,22100
MFSL30Jan20570PE.NFO,07/01/2020,12:39:18,26.6,24.85,3900,26,1300,0,22100
MFSL30Jan20570PE.NFO,07/01/2020,12:39:22,26.6,25.3,1300,26,1300,0,22100
MFSL30Jan20570PE.NFO,07/01/2020,12:39:25,26.6,25.2,1300,26,1300,0,22100
MFSL30Jan20570PE.NFO,07/01/2020,12:39:29,26.6,25.1,1300,25.95,1300,0,22100
MFSL30Jan20570PE.NFO,07/01/2020,12:39:33,26.6,25,1300,25.9,1300,0,22100
MFSL30Jan20570PE.NFO,07/01/2020,12:39:36,26.6,24.85,2600,25.85,1300,0,22100
MFSL30Jan20570PE.NFO,07/01/2020,12:39:38,26.6,25.05,1300,25.95,1300,0,22100
MFSL30Jan20570PE.NFO,07/01/2020,12:39:41,26.6,25.05,1300,26,2600,0,22100
MFSL30Jan20570PE.NFO,07/01/2020,12:39:43,26.6,25.05,1300,26,3900,0,22100
MFSL30Jan20570PE.NFO,07/01/2020,12:39:50,26.6,25.05,1300,26,2600,0,22100
MFSL30Jan20570PE.NFO,07/01/2020,12:39:56,26.6,25.05,1300,25.9,2600,0,22100
MFSL30Jan20570PE.NFO,07/01/2020,12:40:00,26.6,25.05,2600,25.9,2600,0,22100
MFSL30Jan20570PE.NFO,07/01/2020,12:40:04,26.6,25.1,1300,25.9,2600,0,22100
MFSL30Jan20570PE.NFO,07/01/2020,12:40:08,26.6,25.05,1300,25.9,2600,0,22100
MFSL30Jan20570PE.NFO,07/01/2020,12:40:13,26.6,25.05,1300,25.9,1300,0,22100
MFSL30Jan20570PE.NFO,07/01/2020,12:40:17,26.6,25.05,1300,25.85,1300,0,22100
MFSL30Jan20570PE.NFO,07/01/2020,12:40:32,26.6,25.05,1300,25.75,1300,0,22100
MFSL30Jan20570PE.NFO,07/01/2020,12:40:36,26.6,24.8,2600,25.75,1300,0,22100
MFSL30Jan20570PE.NFO,07/01/2020,12:40:56,26.6,25.1,1300,25.85,1300,0,22100
MFSL30Jan20570PE.NFO,07/01/2020,12:41:00,26.6,25.05,2600,25.85,1300,0,22100
MFSL30Jan20570PE.NFO,07/01/2020,12:41:11,26.6,25.05,1300,25.95,2600,0,22100
MFSL30Jan20570PE.NFO,07/01/2020,12:41:15,26.6,25.05,1300,25.95,3900,0,22100
MFSL30Jan20570PE.NFO,07/01/2020,12:41:35,26.6,24.8,1300,25.7,2600,0,22100
MFSL30Jan20570PE.NFO,07/01/2020,12:41:41,26.6,24.8,1300,25.7,3900,0,22100
MFSL30Jan20570PE.NFO,07/01/2020,12:42:11,26.6,24.8,1300,25.7,2600,0,22100
MFSL30Jan20570PE.NFO,07/01/2020,12:42:29,26.6,24.8,1300,25.7,3900,0,22100
MFSL30Jan20570PE.NFO,07/01/2020,12:42:51,26.6,24.8,1300,25.7,2600,0,22100
MFSL30Jan20570PE.NFO,07/01/2020,12:43:54,26.6,25,1300,25.7,1300,0,22100
MFSL30Jan20570PE.NFO,07/01/2020,12:43:56,26.6,24.85,2600,25.8,1300,0,22100
MFSL30Jan20570PE.NFO,07/01/2020,12:43:58,26.6,25,1300,25.65,1300,0,22100
MFSL30Jan20570PE.NFO,07/01/2020,12:44:00,26.6,24.95,2600,25.65,1300,0,22100
MFSL30Jan20570PE.NFO,07/01/2020,12:44:03,26.6,25.05,1300,25.65,1300,0,22100
MFSL30Jan20570PE.NFO,07/01/2020,12:44:23,26.6,24.8,1300,25.6,1300,0,22100
MFSL30Jan20570PE.NFO,07/01/2020,12:44:27,26.6,24.8,1300,25.7,2600,0,22100
MFSL30Jan20570PE.NFO,07/01/2020,12:45:41,26.6,24.5,1300,25.6,2600,0,22100
MFSL30Jan20570PE.NFO,07/01/2020,12:45:43,26.6,24.7,1300,25.5,2600,0,22100
MFSL30Jan20570PE.NFO,07/01/2020,12:45:46,26.6,24.5,3900,25.5,2600,0,22100
MFSL30Jan20570PE.NFO,07/01/2020,12:45:50,26.6,24.3,1300,25.5,3900,0,22100
MFSL30Jan20570PE.NFO,07/01/2020,12:45:57,26.6,24.3,1300,25.2,1300,0,22100
MFSL30Jan20570PE.NFO,07/01/2020,12:46:09,26.6,24.3,1300,25.15,1300,0,22100
MFSL30Jan20570PE.NFO,07/01/2020,12:46:31,26.6,24.3,1300,25.25,1300,0,22100
MFSL30Jan20570PE.NFO,07/01/2020,12:46:35,26.6,24.3,1300,25.15,1300,0,22100
MFSL30Jan20570PE.NFO,07/01/2020,12:47:15,26.6,24.35,2600,25.4,1300,0,22100
MFSL30Jan20570PE.NFO,07/01/2020,12:47:19,26.6,24.65,1300,25.35,1300,0,22100
MFSL30Jan20570PE.NFO,07/01/2020,12:47:22,26.6,24.7,1300,25.45,1300,0,22100
MFSL30Jan20570PE.NFO,07/01/2020,12:47:29,26.6,24.55,2600,25.25,1300,0,22100
MFSL30Jan20570PE.NFO,07/01/2020,12:47:32,26.6,24.5,1300,25.15,1300,0,22100
MFSL30Jan20570PE.NFO,07/01/2020,12:47:35,26.6,24.3,2600,25.15,1300,0,22100
MFSL30Jan20570PE.NFO,07/01/2020,12:47:41,26.6,24.55,1300,25.25,1300,0,22100
MFSL30Jan20570PE.NFO,07/01/2020,12:47:50,26.6,24.35,2600,25.25,1300,0,22100
MFSL30Jan20570PE.NFO,07/01/2020,12:47:53,26.6,24.55,1300,25.25,1300,0,22100
MFSL30Jan20570PE.NFO,07/01/2020,12:48:06,26.6,24.3,1300,25.15,1300,0,22100
MFSL30Jan20570PE.NFO,07/01/2020,12:48:12,26.6,24.3,1300,25.1,1300,0,22100
MFSL30Jan20570PE.NFO,07/01/2020,12:48:24,26.6,24.3,1300,25.05,1300,0,22100
MFSL30Jan20570PE.NFO,07/01/2020,12:48:29,26.6,24.3,1300,24.95,1300,0,22100
MFSL30Jan20570PE.NFO,07/01/2020,12:48:44,26.6,24.05,6500,24.95,1300,0,22100
MFSL30Jan20570PE.NFO,07/01/2020,12:48:49,26.6,24.05,1300,24.65,1300,0,22100
MFSL30Jan20570PE.NFO,07/01/2020,12:48:53,26.6,23.95,2600,24.75,1300,0,22100
MFSL30Jan20570PE.NFO,07/01/2020,12:49:01,26.6,24.15,2600,25.15,2600,0,22100
MFSL30Jan20570PE.NFO,07/01/2020,12:49:06,26.6,24.15,2600,25.05,2600,0,22100
MFSL30Jan20570PE.NFO,07/01/2020,12:49:15,26.6,24.15,2600,24.95,2600,0,22100
MFSL30Jan20570PE.NFO,07/01/2020,12:49:28,26.6,24.15,2600,24.85,2600,0,22100
MFSL30Jan20570PE.NFO,07/01/2020,12:49:31,26.6,23.9,2600,24.85,2600,0,22100
MFSL30Jan20570PE.NFO,07/01/2020,12:49:43,26.6,24.05,1300,24.85,2600,0,22100
MFSL30Jan20570PE.NFO,07/01/2020,12:51:01,26.6,24.15,2600,24.85,2600,0,22100
MFSL30Jan20570PE.NFO,07/01/2020,12:51:05,26.6,24.15,2600,24.75,1300,0,22100
MFSL30Jan20570PE.NFO,07/01/2020,12:51:12,26.6,24.15,2600,25,1300,0,22100
MFSL30Jan20570PE.NFO,07/01/2020,12:51:15,26.6,24.15,2600,24.85,1300,0,22100
MFSL30Jan20570PE.NFO,07/01/2020,12:51:17,26.6,24.35,1300,25.05,1300,0,22100
MFSL30Jan20570PE.NFO,07/01/2020,12:51:19,26.6,24.35,1300,25,1300,0,22100
MFSL30Jan20570PE.NFO,07/01/2020,12:51:24,26.6,24.35,1300,25.15,1300,0,22100
MFSL30Jan20570PE.NFO,07/01/2020,12:51:27,26.6,24.45,2600,25.2,1300,0,22100
MFSL30Jan20570PE.NFO,07/01/2020,12:51:30,26.6,24.45,2600,25,1300,0,22100
MFSL30Jan20570PE.NFO,07/01/2020,12:51:34,26.6,24.35,2600,25.05,1300,0,22100
MFSL30Jan20570PE.NFO,07/01/2020,12:51:55,26.6,24.35,2600,25,1300,0,22100
MFSL30Jan20570PE.NFO,07/01/2020,12:51:58,25.15,24.35,2600,25.6,1300,2600,22100
MFSL30Jan20570PE.NFO,07/01/2020,12:52:01,25.15,24.35,2600,25.6,1300,0,22100
MFSL30Jan20570PE.NFO,07/01/2020,12:52:04,25.15,24.35,2600,25.4,1300,0,22100
MFSL30Jan20570PE.NFO,07/01/2020,12:52:07,25.15,24.35,2600,25.35,2600,0,22100
MFSL30Jan20570PE.NFO,07/01/2020,12:52:12,25.15,24.35,2600,25.1,1300,0,22100
MFSL30Jan20570PE.NFO,07/01/2020,12:52:15,25.15,24.35,2600,25.05,1300,0,22100
MFSL30Jan20570PE.NFO,07/01/2020,12:52:18,25.15,24.35,2600,25.1,1300,0,22100
MFSL30Jan20570PE.NFO,07/01/2020,12:52:20,25.15,24.35,2600,25.3,1300,0,22100
MFSL30Jan20570PE.NFO,07/01/2020,12:52:24,25.15,24.35,2600,25.2,1300,0,22100
MFSL30Jan20570PE.NFO,07/01/2020,12:52:30,25.15,24.35,2600,25.1,1300,0,22100
MFSL30Jan20570PE.NFO,07/01/2020,12:52:49,25.15,24.35,2600,25.25,1300,0,22100
MFSL30Jan20570PE.NFO,07/01/2020,12:52:52,25.15,24.35,2600,25.15,1300,0,22100
MFSL30Jan20570PE.NFO,07/01/2020,12:53:02,25.15,24.35,2600,25.1,1300,0,22100
MFSL30Jan20570PE.NFO,07/01/2020,12:53:20,25.15,24.35,2600,25.15,1300,0,22100
MFSL30Jan20570PE.NFO,07/01/2020,12:53:26,25.15,24.35,2600,25.1,1300,0,22100
MFSL30Jan20570PE.NFO,07/01/2020,12:53:30,25.15,24.35,2600,25,1300,0,22100
MFSL30Jan20570PE.NFO,07/01/2020,12:53:39,25.15,23.8,1300,25.1,1300,0,22100
MFSL30Jan20570PE.NFO,07/01/2020,12:53:44,25.15,23.8,2600,25.1,1300,0,22100
MFSL30Jan20570PE.NFO,07/01/2020,12:53:52,25.15,23.8,2600,25.05,1300,0,22100
MFSL30Jan20570PE.NFO,07/01/2020,12:54:01,25.15,23.8,2600,25,1300,0,22100
MFSL30Jan20570PE.NFO,07/01/2020,12:54:05,25.15,23.8,2600,25.05,1300,0,22100
MFSL30Jan20570PE.NFO,07/01/2020,12:54:09,25.15,23.8,2600,25,1300,0,22100
MFSL30Jan20570PE.NFO,07/01/2020,12:54:12,25.15,23.8,2600,25.1,1300,0,22100
MFSL30Jan20570PE.NFO,07/01/2020,12:54:16,25.15,23.8,2600,25.05,1300,0,22100
MFSL30Jan20570PE.NFO,07/01/2020,12:54:20,25.15,23.8,2600,25,1300,0,22100
MFSL30Jan20570PE.NFO,07/01/2020,12:54:28,25.15,23.8,2600,25.05,1300,0,22100
MFSL30Jan20570PE.NFO,07/01/2020,12:54:38,25.15,23.9,2600,25,1300,0,22100
MFSL30Jan20570PE.NFO,07/01/2020,12:54:50,25.15,23.55,1300,25,1300,0,22100
MFSL30Jan20570PE.NFO,07/01/2020,12:54:55,25.15,23.8,1300,25,1300,0,22100
MFSL30Jan20570PE.NFO,07/01/2020,12:54:59,25.15,23.8,2600,25,1300,0,22100
MFSL30Jan20570PE.NFO,07/01/2020,12:55:07,25.15,23.8,2600,25.05,1300,0,22100
MFSL30Jan20570PE.NFO,07/01/2020,12:55:14,25.15,23.8,2600,25,1300,0,22100
MFSL30Jan20570PE.NFO,07/01/2020,12:55:17,25.15,23.8,2600,25.1,1300,0,22100
MFSL30Jan20570PE.NFO,07/01/2020,12:55:21,25.15,23.8,2600,25.05,1300,0,22100
MFSL30Jan20570PE.NFO,07/01/2020,12:55:25,25.15,23.8,2600,25,1300,0,22100
MFSL30Jan20570PE.NFO,07/01/2020,12:55:29,25.15,23.8,2600,25.05,1300,0,22100
MFSL30Jan20570PE.NFO,07/01/2020,12:55:33,25.15,23.8,2600,24.7,1300,0,22100
MFSL30Jan20570PE.NFO,07/01/2020,12:55:36,25.15,23.8,2600,24.8,1300,0,22100
MFSL30Jan20570PE.NFO,07/01/2020,12:56:14,25.15,23.8,2600,25,1300,0,22100
MFSL30Jan20570PE.NFO,07/01/2020,12:56:18,25.15,23.8,2600,24.9,1300,0,22100
MFSL30Jan20570PE.NFO,07/01/2020,12:56:22,25.15,23.8,2600,24.8,1300,0,22100
MFSL30Jan20570PE.NFO,07/01/2020,12:56:30,25.15,23.8,2600,25,1300,0,22100
MFSL30Jan20570PE.NFO,07/01/2020,12:57:23,25.15,23.55,1300,25,1300,0,22100
MFSL30Jan20570PE.NFO,07/01/2020,12:57:28,25.15,23.95,2600,25,1300,0,22100
MFSL30Jan20570PE.NFO,07/01/2020,12:58:16,25.15,23.95,2600,25.2,1300,0,22100
MFSL30Jan20570PE.NFO,07/01/2020,12:58:50,25.15,24.05,2600,25.2,2600,0,22100
MFSL30Jan20570PE.NFO,07/01/2020,12:59:10,25.15,24.15,2600,25.3,1300,0,22100
MFSL30Jan20570PE.NFO,07/01/2020,12:59:15,25.15,24.15,2600,25.45,1300,0,22100
MFSL30Jan20570PE.NFO,07/01/2020,12:59:37,25.15,24.15,2600,25.35,1300,0,22100
MFSL30Jan20570PE.NFO,07/01/2020,12:59:41,25.15,24.15,2600,25.4,1300,0,22100
MFSL30Jan20570PE.NFO,07/01/2020,12:59:59,25.15,24.15,2600,25.35,1300,0,22100
MFSL30Jan20570PE.NFO,07/01/2020,13:00:04,25.15,24.15,2600,25.4,1300,0,22100
MFSL30Jan20570PE.NFO,07/01/2020,13:00:10,25.15,24.15,2600,25.45,1300,0,22100
MFSL30Jan20570PE.NFO,07/01/2020,13:00:18,25.15,24.9,2600,25.6,1300,0,22100
MFSL30Jan20570PE.NFO,07/01/2020,13:00:25,25.15,24.9,2600,25.65,1300,0,22100
MFSL30Jan20570PE.NFO,07/01/2020,13:00:30,25.15,24.8,2600,25.45,1300,0,22100
MFSL30Jan20570PE.NFO,07/01/2020,13:01:10,25.15,24.8,2600,25.55,1300,0,22100
MFSL30Jan20570PE.NFO,07/01/2020,13:01:17,25.15,24.8,2600,25.45,1300,0,22100
MFSL30Jan20570PE.NFO,07/01/2020,13:01:23,25.15,24.8,2600,25.5,1300,0,22100
MFSL30Jan20570PE.NFO,07/01/2020,13:01:37,25.15,24.8,2600,25.4,1300,0,22100
MFSL30Jan20570PE.NFO,07/01/2020,13:01:43,25.15,24.05,1300,25.4,1300,0,22100
MFSL30Jan20570PE.NFO,07/01/2020,13:01:48,25.15,24.1,1300,25.55,1300,0,22100
MFSL30Jan20570PE.NFO,07/01/2020,13:01:53,25.15,24.3,1300,25.5,1300,0,22100
MFSL30Jan20570PE.NFO,07/01/2020,13:01:59,25.15,24.1,1300,25.6,1300,0,22100
MFSL30Jan20570PE.NFO,07/01/2020,13:02:06,25.15,24,1300,25.6,1300,0,22100
MFSL30Jan20570PE.NFO,07/01/2020,13:02:17,25.15,24.05,1300,25.6,1300,0,22100
MFSL30Jan20570PE.NFO,07/01/2020,13:02:22,25.15,24,1300,25.6,1300,0,22100
MFSL30Jan20570PE.NFO,07/01/2020,13:02:34,25.15,24.1,2600,25.6,1300,0,22100
MFSL30Jan20570PE.NFO,07/01/2020,13:02:39,25.15,24.6,1300,25.85,1300,0,22100
MFSL30Jan20570PE.NFO,07/01/2020,13:02:44,25.15,24.8,1300,25.85,1300,0,22100
MFSL30Jan20570PE.NFO,07/01/2020,13:02:48,25.15,24.8,1300,25.95,1300,0,22100
MFSL30Jan20570PE.NFO,07/01/2020,13:03:06,25.15,24.35,11700,25.95,1300,0,22100
MFSL30Jan20570PE.NFO,07/01/2020,13:03:10,25.15,24.95,1300,25.95,1300,0,22100
MFSL30Jan20570PE.NFO,07/01/2020,13:03:14,25.15,25.05,1300,25.95,1300,0,22100
MFSL30Jan20570PE.NFO,07/01/2020,13:03:33,25.15,25.3,1300,25.95,1300,0,22100
MFSL30Jan20570PE.NFO,07/01/2020,13:03:50,25.15,25.3,1300,26.1,1300,0,22100
MFSL30Jan20570PE.NFO,07/01/2020,13:04:09,25.15,25.3,1300,26.45,1300,0,22100
MFSL30Jan20570PE.NFO,07/01/2020,13:04:21,25.15,25.3,1300,26.4,1300,0,22100
MFSL30Jan20570PE.NFO,07/01/2020,13:04:33,25.15,25.3,1300,26.5,1300,0,22100
MFSL30Jan20570PE.NFO,07/01/2020,13:05:02,25.15,25.3,1300,26.4,1300,0,22100
MFSL30Jan20570PE.NFO,07/01/2020,13:05:16,25.15,25.5,1300,26.3,1300,0,22100
MFSL30Jan20570PE.NFO,07/01/2020,13:05:22,25.15,25.65,1300,26.3,1300,0,22100
MFSL30Jan20570PE.NFO,07/01/2020,13:05:28,25.15,25.7,1300,26.35,1300,0,22100
MFSL30Jan20570PE.NFO,07/01/2020,13:05:33,25.15,25.7,2600,26.35,1300,0,22100
MFSL30Jan20570PE.NFO,07/01/2020,13:05:39,25.15,25.55,1300,26.25,1300,0,22100
MFSL30Jan20570PE.NFO,07/01/2020,13:05:56,25.15,25.55,1300,26.35,1300,0,22100
MFSL30Jan20570PE.NFO,07/01/2020,13:06:03,25.15,25.55,1300,26.3,1300,0,22100
MFSL30Jan20570PE.NFO,07/01/2020,13:08:03,25.15,25.65,2600,26.35,1300,0,22100
MFSL30Jan20570PE.NFO,07/01/2020,13:08:09,25.15,25.75,2600,26.35,1300,0,22100
MFSL30Jan20570PE.NFO,07/01/2020,13:08:15,25.15,25.75,2600,26.5,1300,0,22100
MFSL30Jan20570PE.NFO,07/01/2020,13:08:39,25.15,25.3,1300,26.5,1300,0,22100
MFSL30Jan20570PE.NFO,07/01/2020,13:08:47,25.15,25.3,1300,26.6,1300,0,22100
MFSL30Jan20570PE.NFO,07/01/2020,13:09:16,25.15,25.3,1300,26.7,1300,0,22100
MFSL30Jan20570PE.NFO,07/01/2020,13:09:36,25.15,25.75,1300,26.65,1300,0,22100
MFSL30Jan20570PE.NFO,07/01/2020,13:09:48,25.15,25.8,1300,26.65,1300,0,22100
MFSL30Jan20570PE.NFO,07/01/2020,13:09:55,25.15,25.35,1300,26.4,1300,0,22100
MFSL30Jan20570PE.NFO,07/01/2020,13:10:02,25.15,24.8,3900,26.4,1300,0,22100
MFSL30Jan20570PE.NFO,07/01/2020,13:10:08,25.15,25.25,1300,26.4,1300,0,22100
MFSL30Jan20570PE.NFO,07/01/2020,13:10:14,25.15,25.3,1300,26.3,1300,0,22100
MFSL30Jan20570PE.NFO,07/01/2020,13:10:19,25.15,25.3,1300,26.4,1300,0,22100
MFSL30Jan20570PE.NFO,07/01/2020,13:10:23,25.15,25.7,1300,26.4,1300,0,22100
MFSL30Jan20570PE.NFO,07/01/2020,13:10:28,25.15,25.5,1300,26.4,1300,0,22100
MFSL30Jan20570PE.NFO,07/01/2020,13:10:33,26.4,25.95,2600,26.75,1300,1300,22100
MFSL30Jan20570PE.NFO,07/01/2020,13:10:39,26.4,25.95,1300,26.7,1300,0,22100
MFSL30Jan20570PE.NFO,07/01/2020,13:10:44,26.4,25.85,1300,26.55,1300,0,22100
MFSL30Jan20570PE.NFO,07/01/2020,13:10:49,26.4,25.85,1300,27.25,1300,0,22100
MFSL30Jan20570PE.NFO,07/01/2020,13:11:04,26.4,25.65,2600,27.25,1300,0,22100
MFSL30Jan20570PE.NFO,07/01/2020,13:11:10,26.4,25.65,1300,27.25,1300,0,22100
MFSL30Jan20570PE.NFO,07/01/2020,13:11:15,26.4,25.55,2600,27.25,1300,0,22100
MFSL30Jan20570PE.NFO,07/01/2020,13:11:20,26.4,25.7,1300,27.25,1300,0,22100
MFSL30Jan20570PE.NFO,07/01/2020,13:11:25,26.4,25.55,2600,27.25,1300,0,22100
MFSL30Jan20570PE.NFO,07/01/2020,13:11:58,26.4,25.45,2600,27.25,1300,0,22100
MFSL30Jan20570PE.NFO,07/01/2020,13:12:10,26.4,25.3,2600,27.25,1300,0,22100
MFSL30Jan20570PE.NFO,07/01/2020,13:12:21,26.4,25.55,2600,27.15,1300,0,22100
MFSL30Jan20570PE.NFO,07/01/2020,13:12:26,26.4,25.65,2600,27.15,1300,0,22100
MFSL30Jan20570PE.NFO,07/01/2020,13:12:37,26.4,25.55,2600,27.15,1300,0,22100
MFSL30Jan20570PE.NFO,07/01/2020,13:12:41,26.4,25.55,1300,27.15,1300,0,22100
MFSL30Jan20570PE.NFO,07/01/2020,13:12:53,26.4,25.55,2600,27.15,1300,0,22100
MFSL30Jan20570PE.NFO,07/01/2020,13:12:56,26.4,25.25,1300,27.15,3900,0,22100
MFSL30Jan20570PE.NFO,07/01/2020,13:13:00,26.4,25.3,2600,27.15,3900,0,22100
MFSL30Jan20570PE.NFO,07/01/2020,13:13:05,26.4,25.3,2600,27.15,1300,0,22100
MFSL30Jan20570PE.NFO,07/01/2020,13:13:12,26.4,25.25,1300,27.15,1300,0,22100
MFSL30Jan20570PE.NFO,07/01/2020,13:13:17,26.4,25.5,1300,27.15,1300,0,22100
MFSL30Jan20570PE.NFO,07/01/2020,13:13:25,26.4,25.75,1300,27.85,9100,0,22100
MFSL30Jan20570PE.NFO,07/01/2020,13:13:39,26.4,25.6,1300,27.85,14300,0,22100
MFSL30Jan20570PE.NFO,07/01/2020,13:13:43,26.4,25.65,2600,27.85,9100,0,22100
MFSL30Jan20570PE.NFO,07/01/2020,13:13:47,26.4,25.85,2600,27.85,6500,0,22100
MFSL30Jan20570PE.NFO,07/01/2020,13:13:51,26.4,25.95,2600,27.85,3900,0,22100
