Ticker,Date,Time,LTP,BuyPrice,BuyQty,SellPrice,SellQty,LTQ,OpenInterest
MFSL30Jan20580CE.NFO,07/01/2020,09:17:15,14.65,13.35,7800,15.4,2600,1300,464100
MFSL30Jan20580CE.NFO,07/01/2020,09:17:15,14.65,13.35,7800,15.4,2600,0,464100
MFSL30Jan20580CE.NFO,07/01/2020,09:17:15,14.65,13.35,7800,15.4,2600,0,464100
MFSL30Jan20580CE.NFO,07/01/2020,09:17:15,14.65,13.35,7800,15.4,2600,0,464100
MFSL30Jan20580CE.NFO,07/01/2020,09:17:16,14.65,13.35,7800,15.4,2600,0,464100
MFSL30Jan20580CE.NFO,07/01/2020,09:17:17,14.65,13.35,16900,15.4,2600,0,464100
MFSL30Jan20580CE.NFO,07/01/2020,09:17:18,14.65,14.55,2600,15.4,2600,0,464100
MFSL30Jan20580CE.NFO,07/01/2020,09:17:19,14.65,14.55,2600,15.6,2600,0,464100
MFSL30Jan20580CE.NFO,07/01/2020,09:17:21,14.65,14.55,1300,15.6,2600,0,464100
MFSL30Jan20580CE.NFO,07/01/2020,09:17:22,14.65,14.55,1300,15.6,1300,0,464100
MFSL30Jan20580CE.NFO,07/01/2020,09:17:23,14.65,14.45,1300,15.6,1300,0,464100
MFSL30Jan20580CE.NFO,07/01/2020,09:17:24,14.65,14.4,1300,15.6,1300,0,464100
MFSL30Jan20580CE.NFO,07/01/2020,09:17:25,14.65,14.35,1300,15.55,1300,0,464100
MFSL30Jan20580CE.NFO,07/01/2020,09:17:26,14.65,14.25,1300,15.35,1300,0,464100
MFSL30Jan20580CE.NFO,07/01/2020,09:17:27,14.65,14.1,1300,15.3,1300,0,464100
MFSL30Jan20580CE.NFO,07/01/2020,09:17:29,14.65,14.35,1300,15.3,1300,0,464100
MFSL30Jan20580CE.NFO,07/01/2020,09:17:30,14.65,14.1,1300,15.25,1300,0,464100
MFSL30Jan20580CE.NFO,07/01/2020,09:17:31,14.65,14.2,1300,15.35,1300,0,464100
MFSL30Jan20580CE.NFO,07/01/2020,09:17:33,14.65,14.15,1300,15.35,1300,0,464100
MFSL30Jan20580CE.NFO,07/01/2020,09:17:35,14.65,14.1,1300,15.25,1300,0,464100
MFSL30Jan20580CE.NFO,07/01/2020,09:17:40,14.65,14.1,2600,15.25,1300,0,464100
MFSL30Jan20580CE.NFO,07/01/2020,09:17:43,14.65,14.1,1300,15.25,1300,0,464100
MFSL30Jan20580CE.NFO,07/01/2020,09:17:45,14.65,14.1,1300,15.2,1300,0,464100
MFSL30Jan20580CE.NFO,07/01/2020,09:17:47,14.65,14.1,1300,15.15,1300,0,464100
MFSL30Jan20580CE.NFO,07/01/2020,09:17:51,14.65,14.1,1300,15.2,1300,0,464100
MFSL30Jan20580CE.NFO,07/01/2020,09:17:55,14.65,14.3,1300,15.55,1300,0,464100
MFSL30Jan20580CE.NFO,07/01/2020,09:17:57,14.65,14.3,1300,15.5,1300,0,464100
MFSL30Jan20580CE.NFO,07/01/2020,09:18:00,14.65,14.35,1300,15.5,1300,0,464100
MFSL30Jan20580CE.NFO,07/01/2020,09:18:01,14.65,14.55,1300,15.5,1300,0,464100
MFSL30Jan20580CE.NFO,07/01/2020,09:18:03,14.65,14.55,2600,15.8,1300,0,464100
MFSL30Jan20580CE.NFO,07/01/2020,09:18:04,14.65,14.75,1300,15.95,1300,0,464100
MFSL30Jan20580CE.NFO,07/01/2020,09:18:07,14.65,14.5,1300,15.75,1300,0,464100
MFSL30Jan20580CE.NFO,07/01/2020,09:18:09,14.65,14.55,1300,15.65,1300,0,464100
MFSL30Jan20580CE.NFO,07/01/2020,09:18:10,14.65,14.5,1300,15.65,1300,0,464100
MFSL30Jan20580CE.NFO,07/01/2020,09:18:12,14.65,14.5,1300,15.6,1300,0,464100
MFSL30Jan20580CE.NFO,07/01/2020,09:18:12,14.65,14.5,1300,15.6,2600,0,464100
MFSL30Jan20580CE.NFO,07/01/2020,09:18:13,14.65,14.15,1300,15.25,1300,0,464100
MFSL30Jan20580CE.NFO,07/01/2020,09:18:17,14.65,14.1,1300,15.25,1300,0,464100
MFSL30Jan20580CE.NFO,07/01/2020,09:18:21,14.65,14.25,1300,15.2,1300,0,464100
MFSL30Jan20580CE.NFO,07/01/2020,09:18:22,14.65,14.1,1300,15.15,1300,0,464100
MFSL30Jan20580CE.NFO,07/01/2020,09:18:26,14.65,14.15,1300,15.15,1300,0,464100
MFSL30Jan20580CE.NFO,07/01/2020,09:18:32,14.65,14.15,1300,15.15,2600,0,464100
MFSL30Jan20580CE.NFO,07/01/2020,09:18:34,14.65,14.1,1300,15.3,1300,0,464100
MFSL30Jan20580CE.NFO,07/01/2020,09:18:34,14.65,14.1,1300,15.2,1300,0,464100
MFSL30Jan20580CE.NFO,07/01/2020,09:18:35,14.65,14.1,1300,15.15,1300,0,464100
MFSL30Jan20580CE.NFO,07/01/2020,09:18:37,14.65,14.1,1300,15.75,1300,0,464100
MFSL30Jan20580CE.NFO,07/01/2020,09:18:38,14.65,14.1,1300,15.25,1300,0,464100
MFSL30Jan20580CE.NFO,07/01/2020,09:18:39,14.65,14.1,1300,15.45,1300,0,464100
MFSL30Jan20580CE.NFO,07/01/2020,09:18:40,14.65,14.1,1300,15.35,1300,0,464100
MFSL30Jan20580CE.NFO,07/01/2020,09:18:42,14.65,14.1,1300,15.65,1300,0,464100
MFSL30Jan20580CE.NFO,07/01/2020,09:18:43,14.65,14.1,1300,15.05,1300,0,464100
MFSL30Jan20580CE.NFO,07/01/2020,09:18:44,14.65,14.1,1300,15.25,1300,0,464100
MFSL30Jan20580CE.NFO,07/01/2020,09:18:45,14.65,14.1,1300,15.35,1300,0,464100
MFSL30Jan20580CE.NFO,07/01/2020,09:18:46,14.65,14.1,1300,15.55,1300,0,464100
MFSL30Jan20580CE.NFO,07/01/2020,09:18:47,14.65,14.1,1300,15.05,1300,0,464100
MFSL30Jan20580CE.NFO,07/01/2020,09:18:48,14.65,14.1,1300,15,1300,0,464100
MFSL30Jan20580CE.NFO,07/01/2020,09:18:52,14.65,14.1,1300,15,2600,0,464100
MFSL30Jan20580CE.NFO,07/01/2020,09:18:55,14.65,14.1,1300,14.95,1300,0,464100
MFSL30Jan20580CE.NFO,07/01/2020,09:19:10,14.65,14.1,1300,15.55,1300,0,464100
MFSL30Jan20580CE.NFO,07/01/2020,09:19:11,14.65,14.15,1300,15.1,1300,0,464100
MFSL30Jan20580CE.NFO,07/01/2020,09:19:13,14.65,14.2,1300,15.35,1300,0,464100
MFSL30Jan20580CE.NFO,07/01/2020,09:19:14,14.65,14.45,1300,15.2,1300,0,464100
MFSL30Jan20580CE.NFO,07/01/2020,09:19:15,14.65,14.4,1300,15.2,1300,0,464100
MFSL30Jan20580CE.NFO,07/01/2020,09:19:17,14.65,14.55,1300,15.45,2600,0,464100
MFSL30Jan20580CE.NFO,07/01/2020,09:19:18,14.65,14.5,1300,15.4,1300,0,464100
MFSL30Jan20580CE.NFO,07/01/2020,09:19:20,14.65,14.5,1300,15.7,1300,0,464100
MFSL30Jan20580CE.NFO,07/01/2020,09:19:20,14.65,14.5,1300,15.55,1300,0,464100
MFSL30Jan20580CE.NFO,07/01/2020,09:19:22,14.65,14.6,1300,15.5,1300,0,464100
MFSL30Jan20580CE.NFO,07/01/2020,09:19:23,14.65,14.55,1300,15.5,1300,0,464100
MFSL30Jan20580CE.NFO,07/01/2020,09:19:24,14.65,14.55,1300,15.6,1300,0,464100
MFSL30Jan20580CE.NFO,07/01/2020,09:19:26,14.65,14.45,1300,15.45,1300,0,464100
MFSL30Jan20580CE.NFO,07/01/2020,09:19:26,14.65,14.55,1300,15.95,1300,0,464100
MFSL30Jan20580CE.NFO,07/01/2020,09:19:28,14.65,14.45,1300,15.5,1300,0,464100
MFSL30Jan20580CE.NFO,07/01/2020,09:19:28,14.65,14.35,2600,15.5,1300,0,464100
MFSL30Jan20580CE.NFO,07/01/2020,09:19:30,14.65,14.45,1300,15.45,1300,0,464100
MFSL30Jan20580CE.NFO,07/01/2020,09:19:30,14.65,14.45,1300,15.65,1300,0,464100
MFSL30Jan20580CE.NFO,07/01/2020,09:19:32,14.65,14.5,1300,15.55,1300,0,464100
MFSL30Jan20580CE.NFO,07/01/2020,09:19:33,14.65,14.55,1300,15.55,1300,0,464100
MFSL30Jan20580CE.NFO,07/01/2020,09:19:34,14.65,14.5,1300,15.55,1300,0,464100
MFSL30Jan20580CE.NFO,07/01/2020,09:19:35,14.65,14.5,1300,15.4,1300,0,464100
MFSL30Jan20580CE.NFO,07/01/2020,09:19:36,14.65,14.45,1300,15.35,1300,0,464100
MFSL30Jan20580CE.NFO,07/01/2020,09:19:38,14.65,14.3,1300,15.25,1300,0,464100
MFSL30Jan20580CE.NFO,07/01/2020,09:19:39,14.65,14.45,1300,15.45,1300,0,464100
MFSL30Jan20580CE.NFO,07/01/2020,09:19:40,14.65,14.5,1300,15.85,2600,0,464100
MFSL30Jan20580CE.NFO,07/01/2020,09:19:41,14.65,14.35,1300,15.35,1300,0,464100
MFSL30Jan20580CE.NFO,07/01/2020,09:19:42,14.65,14.5,1300,15.45,1300,0,464100
MFSL30Jan20580CE.NFO,07/01/2020,09:19:43,14.65,14.5,1300,15.6,1300,0,464100
MFSL30Jan20580CE.NFO,07/01/2020,09:19:45,14.65,14.5,1300,15.5,3900,0,464100
MFSL30Jan20580CE.NFO,07/01/2020,09:19:46,14.65,14.55,1300,15.5,2600,0,464100
MFSL30Jan20580CE.NFO,07/01/2020,09:19:46,14.65,14.5,1300,15.45,1300,0,464100
MFSL30Jan20580CE.NFO,07/01/2020,09:19:48,14.65,15.1,1300,16,1300,0,464100
MFSL30Jan20580CE.NFO,07/01/2020,09:19:49,14.65,15.1,1300,16.25,1300,0,464100
MFSL30Jan20580CE.NFO,07/01/2020,09:19:50,14.65,15.1,1300,16.5,1300,0,464100
MFSL30Jan20580CE.NFO,07/01/2020,09:19:51,14.65,15.1,1300,16.1,1300,0,464100
MFSL30Jan20580CE.NFO,07/01/2020,09:19:52,14.65,15.1,1300,16.05,1300,0,464100
MFSL30Jan20580CE.NFO,07/01/2020,09:19:54,14.65,15.1,1300,16.15,1300,0,464100
MFSL30Jan20580CE.NFO,07/01/2020,09:19:55,14.65,15.2,1300,16,1300,0,464100
MFSL30Jan20580CE.NFO,07/01/2020,09:19:56,14.65,14.95,1300,15.9,1300,0,464100
MFSL30Jan20580CE.NFO,07/01/2020,09:19:57,14.65,14.95,1300,16.1,1300,0,464100
MFSL30Jan20580CE.NFO,07/01/2020,09:19:58,14.65,14.95,1300,15.9,2600,0,464100
MFSL30Jan20580CE.NFO,07/01/2020,09:20:01,14.65,14.9,1300,16,1300,0,464100
MFSL30Jan20580CE.NFO,07/01/2020,09:20:01,14.65,14.9,1300,15.85,1300,0,464100
MFSL30Jan20580CE.NFO,07/01/2020,09:20:03,14.65,15,1300,16.05,1300,0,464100
MFSL30Jan20580CE.NFO,07/01/2020,09:20:04,14.65,15.35,1300,16.65,3900,0,464100
MFSL30Jan20580CE.NFO,07/01/2020,09:20:05,14.65,14.8,2600,15.85,1300,0,464100
MFSL30Jan20580CE.NFO,07/01/2020,09:20:06,14.65,14.9,1300,15.85,1300,0,464100
MFSL30Jan20580CE.NFO,07/01/2020,09:20:08,14.65,14.9,1300,15.85,2600,0,464100
MFSL30Jan20580CE.NFO,07/01/2020,09:20:10,14.65,14.9,1300,15.8,2600,0,464100
MFSL30Jan20580CE.NFO,07/01/2020,09:20:13,14.65,14.9,1300,16.2,1300,0,464100
MFSL30Jan20580CE.NFO,07/01/2020,09:20:13,14.65,14.9,1300,15.85,1300,0,464100
MFSL30Jan20580CE.NFO,07/01/2020,09:20:14,14.65,14.8,1300,15.8,2600,0,464100
MFSL30Jan20580CE.NFO,07/01/2020,09:20:15,14.65,14.9,1300,15.8,1300,0,464100
MFSL30Jan20580CE.NFO,07/01/2020,09:20:17,14.65,14.75,1300,15.75,2600,0,464100
MFSL30Jan20580CE.NFO,07/01/2020,09:20:18,14.65,14.75,1300,15.75,3900,0,464100
MFSL30Jan20580CE.NFO,07/01/2020,09:20:19,14.65,14.75,1300,15.65,2600,0,464100
MFSL30Jan20580CE.NFO,07/01/2020,09:20:20,14.65,14.75,1300,15.65,1300,0,464100
MFSL30Jan20580CE.NFO,07/01/2020,09:20:26,14.65,14.65,1300,15.6,1300,0,464100
MFSL30Jan20580CE.NFO,07/01/2020,09:20:27,14.65,14.65,1300,15.55,1300,0,464100
MFSL30Jan20580CE.NFO,07/01/2020,09:20:34,14.65,14.7,1300,15.75,2600,0,464100
MFSL30Jan20580CE.NFO,07/01/2020,09:20:34,14.65,14.7,1300,15.6,1300,0,464100
MFSL30Jan20580CE.NFO,07/01/2020,09:20:37,14.65,14.7,1300,15.55,1300,0,464100
MFSL30Jan20580CE.NFO,07/01/2020,09:20:38,14.65,14.65,1300,15.55,1300,0,464100
MFSL30Jan20580CE.NFO,07/01/2020,09:20:43,14.65,14.65,1300,15.5,1300,0,464100
MFSL30Jan20580CE.NFO,07/01/2020,09:20:47,14.65,14.75,1300,15.5,1300,0,464100
MFSL30Jan20580CE.NFO,07/01/2020,09:20:48,14.65,14.65,1300,15.5,1300,0,464100
MFSL30Jan20580CE.NFO,07/01/2020,09:21:00,14.65,14.55,1300,15.5,1300,0,464100
MFSL30Jan20580CE.NFO,07/01/2020,09:21:03,14.65,14.55,1300,15.45,1300,0,464100
MFSL30Jan20580CE.NFO,07/01/2020,09:21:08,14.65,14.25,1300,15.35,1300,0,464100
MFSL30Jan20580CE.NFO,07/01/2020,09:21:09,14.65,14.25,1300,15.35,2600,0,464100
MFSL30Jan20580CE.NFO,07/01/2020,09:21:13,14.65,14.4,1300,15.3,1300,0,464100
MFSL30Jan20580CE.NFO,07/01/2020,09:21:13,14.65,14.4,1300,15.25,2600,0,464100
MFSL30Jan20580CE.NFO,07/01/2020,09:21:16,14.65,14.4,1300,15.25,1300,0,464100
MFSL30Jan20580CE.NFO,07/01/2020,09:21:18,14.65,14.4,1300,15.3,1300,0,464100
MFSL30Jan20580CE.NFO,07/01/2020,09:21:21,14.65,14.4,1300,15.25,1300,0,464100
MFSL30Jan20580CE.NFO,07/01/2020,09:21:24,14.65,14.2,1300,15.1,1300,0,464100
MFSL30Jan20580CE.NFO,07/01/2020,09:21:29,14.65,14.2,1300,15.05,1300,0,464100
MFSL30Jan20580CE.NFO,07/01/2020,09:21:30,14.65,14.15,1300,15.5,2600,0,464100
MFSL30Jan20580CE.NFO,07/01/2020,09:21:31,14.65,14.15,1300,14.95,1300,0,464100
MFSL30Jan20580CE.NFO,07/01/2020,09:21:35,14.65,14.1,1300,14.95,1300,0,464100
MFSL30Jan20580CE.NFO,07/01/2020,09:21:37,14.65,14.1,1300,14.9,1300,0,464100
MFSL30Jan20580CE.NFO,07/01/2020,09:21:44,14.65,14.1,1300,14.85,1300,0,464100
MFSL30Jan20580CE.NFO,07/01/2020,09:21:52,14.65,14.1,1300,14.8,1300,0,464100
MFSL30Jan20580CE.NFO,07/01/2020,09:22:21,14.65,14.1,1300,14.95,2600,0,464100
MFSL30Jan20580CE.NFO,07/01/2020,09:22:25,14.65,14.15,1300,14.95,2600,0,464100
MFSL30Jan20580CE.NFO,07/01/2020,09:22:28,14.65,14.35,3900,14.95,2600,0,464100
MFSL30Jan20580CE.NFO,07/01/2020,09:23:20,14.65,14.35,3900,14.95,3900,0,464100
MFSL30Jan20580CE.NFO,07/01/2020,09:23:30,14.65,14.35,3900,14.85,1300,0,464100
MFSL30Jan20580CE.NFO,07/01/2020,09:23:37,14.65,14.35,3900,14.95,1300,0,464100
MFSL30Jan20580CE.NFO,07/01/2020,09:23:38,14.65,14.35,3900,14.9,1300,0,464100
MFSL30Jan20580CE.NFO,07/01/2020,09:23:46,14.65,14.35,3900,14.9,2600,0,464100
MFSL30Jan20580CE.NFO,07/01/2020,09:23:49,14.65,14.35,3900,15.1,1300,0,464100
MFSL30Jan20580CE.NFO,07/01/2020,09:23:49,14.65,14.35,3900,15.05,1300,0,464100
MFSL30Jan20580CE.NFO,07/01/2020,09:23:50,14.65,14.35,3900,15,1300,0,464100
MFSL30Jan20580CE.NFO,07/01/2020,09:23:52,14.65,14.35,3900,14.9,2600,0,464100
MFSL30Jan20580CE.NFO,07/01/2020,09:23:58,14.65,14.35,3900,15.2,1300,0,464100
MFSL30Jan20580CE.NFO,07/01/2020,09:23:59,14.65,14.35,3900,15,1300,0,464100
MFSL30Jan20580CE.NFO,07/01/2020,09:24:00,14.65,14.35,3900,15.1,1300,0,464100
MFSL30Jan20580CE.NFO,07/01/2020,09:24:01,14.65,14.35,3900,15,2600,0,464100
MFSL30Jan20580CE.NFO,07/01/2020,09:24:04,14.65,14.35,3900,15,1300,0,464100
MFSL30Jan20580CE.NFO,07/01/2020,09:24:06,14.65,14.35,3900,14.95,1300,0,464100
MFSL30Jan20580CE.NFO,07/01/2020,09:24:09,14.65,14.35,3900,15,2600,0,464100
MFSL30Jan20580CE.NFO,07/01/2020,09:24:10,14.65,14.35,3900,14.95,1300,0,464100
MFSL30Jan20580CE.NFO,07/01/2020,09:24:12,14.65,14.35,3900,14.9,2600,0,464100
MFSL30Jan20580CE.NFO,07/01/2020,09:24:13,14.65,14.35,3900,14.85,1300,0,464100
MFSL30Jan20580CE.NFO,07/01/2020,09:24:15,14.65,14.35,3900,14.8,1300,0,464100
MFSL30Jan20580CE.NFO,07/01/2020,09:24:17,14.65,14.35,3900,14.7,1300,0,464100
MFSL30Jan20580CE.NFO,07/01/2020,09:24:20,14.35,14.35,1300,14.6,1300,2600,462800
MFSL30Jan20580CE.NFO,07/01/2020,09:24:20,14.35,14.35,1300,14.6,1300,0,462800
MFSL30Jan20580CE.NFO,07/01/2020,09:24:20,14.35,14.35,1300,14.6,1300,0,462800
MFSL30Jan20580CE.NFO,07/01/2020,09:24:24,14.35,14.35,1300,14.7,2600,0,462800
MFSL30Jan20580CE.NFO,07/01/2020,09:24:27,14.35,13.7,2600,14.6,1300,1300,462800
MFSL30Jan20580CE.NFO,07/01/2020,09:24:28,14.35,13.7,2600,14.55,1300,0,462800
MFSL30Jan20580CE.NFO,07/01/2020,09:24:34,14.35,13.75,1300,14.55,1300,0,462800
MFSL30Jan20580CE.NFO,07/01/2020,09:24:35,14.35,13.65,1300,14.55,1300,0,462800
MFSL30Jan20580CE.NFO,07/01/2020,09:24:36,14.35,13.65,2600,14.55,1300,0,462800
MFSL30Jan20580CE.NFO,07/01/2020,09:24:38,14.35,13.95,1300,14.9,1300,0,462800
MFSL30Jan20580CE.NFO,07/01/2020,09:24:39,14.35,13.95,1300,15.1,1300,0,462800
MFSL30Jan20580CE.NFO,07/01/2020,09:24:40,14.35,13.95,1300,14.7,1300,0,462800
MFSL30Jan20580CE.NFO,07/01/2020,09:24:42,14.35,13.95,1300,14.8,1300,0,462800
MFSL30Jan20580CE.NFO,07/01/2020,09:24:43,14.35,13.95,1300,14.7,1300,0,462800
MFSL30Jan20580CE.NFO,07/01/2020,09:24:44,14.35,13.95,1300,14.75,1300,0,462800
MFSL30Jan20580CE.NFO,07/01/2020,09:24:45,14.35,13.75,1300,14.85,1300,0,462800
MFSL30Jan20580CE.NFO,07/01/2020,09:24:46,14.35,13.75,1300,14.7,1300,0,462800
MFSL30Jan20580CE.NFO,07/01/2020,09:24:48,14.35,13.8,1300,14.7,1300,0,462800
MFSL30Jan20580CE.NFO,07/01/2020,09:24:50,14.35,13.8,1300,14.75,1300,0,462800
MFSL30Jan20580CE.NFO,07/01/2020,09:24:52,14.35,13.8,1300,14.65,1300,0,462800
MFSL30Jan20580CE.NFO,07/01/2020,09:24:53,14.35,13.8,1300,14.75,1300,0,462800
MFSL30Jan20580CE.NFO,07/01/2020,09:24:54,14.35,13.8,1300,14.65,2600,0,462800
MFSL30Jan20580CE.NFO,07/01/2020,09:24:55,14.35,13.8,2600,14.8,1300,0,462800
MFSL30Jan20580CE.NFO,07/01/2020,09:24:56,14.35,13.8,1300,14.75,3900,0,462800
MFSL30Jan20580CE.NFO,07/01/2020,09:24:59,14.35,14,1300,14.85,2600,0,462800
MFSL30Jan20580CE.NFO,07/01/2020,09:25:00,14.35,14,1300,14.8,2600,0,462800
MFSL30Jan20580CE.NFO,07/01/2020,09:25:01,14.35,13.85,1300,14.8,1300,0,462800
MFSL30Jan20580CE.NFO,07/01/2020,09:25:05,14.35,13.85,2600,14.8,2600,0,462800
MFSL30Jan20580CE.NFO,07/01/2020,09:25:18,14.35,14,1300,14.85,1300,0,462800
MFSL30Jan20580CE.NFO,07/01/2020,09:25:24,14.35,14,1300,14.85,2600,0,462800
MFSL30Jan20580CE.NFO,07/01/2020,09:25:27,14.35,13.95,1300,14.85,1300,0,462800
MFSL30Jan20580CE.NFO,07/01/2020,09:25:31,14.35,13.9,2600,14.85,1300,0,462800
MFSL30Jan20580CE.NFO,07/01/2020,09:25:33,14.35,13.9,1300,14.8,1300,0,462800
MFSL30Jan20580CE.NFO,07/01/2020,09:25:34,14.35,13.95,1300,14.8,1300,0,462800
MFSL30Jan20580CE.NFO,07/01/2020,09:25:37,14.35,13.9,1300,14.8,1300,0,462800
MFSL30Jan20580CE.NFO,07/01/2020,09:25:38,14.35,13.8,1300,14.7,1300,0,462800
MFSL30Jan20580CE.NFO,07/01/2020,09:25:39,14.35,14.1,1300,14.7,1300,0,462800
MFSL30Jan20580CE.NFO,07/01/2020,09:25:40,14.35,13.9,1300,14.7,1300,0,462800
MFSL30Jan20580CE.NFO,07/01/2020,09:25:49,14.35,13.85,1300,14.65,1300,0,462800
MFSL30Jan20580CE.NFO,07/01/2020,09:26:00,14.35,13.8,1300,14.65,1300,0,462800
MFSL30Jan20580CE.NFO,07/01/2020,09:26:01,14.35,13.8,1300,14.6,1300,0,462800
MFSL30Jan20580CE.NFO,07/01/2020,09:26:09,14.35,13.8,1300,14.55,1300,0,462800
MFSL30Jan20580CE.NFO,07/01/2020,09:26:18,14.35,13.75,1300,14.5,1300,0,462800
MFSL30Jan20580CE.NFO,07/01/2020,09:26:29,14.35,13.95,1300,14.65,1300,0,462800
MFSL30Jan20580CE.NFO,07/01/2020,09:26:37,14.35,13.85,1300,14.65,1300,0,462800
MFSL30Jan20580CE.NFO,07/01/2020,09:27:00,14.35,13.75,1300,14.6,1300,0,462800
MFSL30Jan20580CE.NFO,07/01/2020,09:27:02,14.35,13.75,1300,14.55,1300,0,462800
MFSL30Jan20580CE.NFO,07/01/2020,09:27:14,14.35,13.8,2600,14.8,2600,0,462800
MFSL30Jan20580CE.NFO,07/01/2020,09:27:15,14.35,13.85,1300,14.8,2600,0,462800
MFSL30Jan20580CE.NFO,07/01/2020,09:27:37,14.35,13.75,1300,14.8,2600,0,462800
MFSL30Jan20580CE.NFO,07/01/2020,09:27:41,14.35,13.8,1300,14.8,2600,0,462800
MFSL30Jan20580CE.NFO,07/01/2020,09:27:42,14.35,13.95,1300,14.8,2600,0,462800
MFSL30Jan20580CE.NFO,07/01/2020,09:27:52,14.35,13.9,1300,14.8,2600,0,462800
MFSL30Jan20580CE.NFO,07/01/2020,09:27:55,14.35,13.95,1300,14.8,2600,0,462800
MFSL30Jan20580CE.NFO,07/01/2020,09:28:01,14.35,13.9,1300,14.8,2600,0,462800
MFSL30Jan20580CE.NFO,07/01/2020,09:28:14,14.35,13.85,1300,14.8,2600,0,462800
MFSL30Jan20580CE.NFO,07/01/2020,09:28:18,14.35,13.75,1300,14.75,2600,0,462800
MFSL30Jan20580CE.NFO,07/01/2020,09:28:20,14.35,13.8,1300,14.75,2600,0,462800
MFSL30Jan20580CE.NFO,07/01/2020,09:28:26,14.35,13.6,2600,14.75,2600,0,462800
MFSL30Jan20580CE.NFO,07/01/2020,09:28:27,14.35,13.7,1300,14.75,2600,0,462800
MFSL30Jan20580CE.NFO,07/01/2020,09:28:32,14.35,13.7,1300,14.5,1300,0,462800
MFSL30Jan20580CE.NFO,07/01/2020,09:28:33,14.35,13.7,1300,14.45,1300,0,462800
MFSL30Jan20580CE.NFO,07/01/2020,09:28:35,14.35,13.6,1300,14.4,1300,0,462800
MFSL30Jan20580CE.NFO,07/01/2020,09:28:38,14.35,13.55,1300,14.6,3900,0,462800
MFSL30Jan20580CE.NFO,07/01/2020,09:28:39,14.35,13.55,1300,14.5,2600,0,462800
MFSL30Jan20580CE.NFO,07/01/2020,09:28:40,14.35,13.55,2600,14.5,2600,0,462800
MFSL30Jan20580CE.NFO,07/01/2020,09:28:46,14.35,13.6,1300,14.5,2600,0,462800
MFSL30Jan20580CE.NFO,07/01/2020,09:29:10,14.35,13.6,2600,14.5,2600,0,462800
MFSL30Jan20580CE.NFO,07/01/2020,09:29:19,14.35,13.7,1300,14.5,2600,0,462800
MFSL30Jan20580CE.NFO,07/01/2020,09:29:25,14.35,13.6,1300,14.5,2600,0,462800
MFSL30Jan20580CE.NFO,07/01/2020,09:29:33,14.35,13.6,2600,14.5,2600,0,462800
MFSL30Jan20580CE.NFO,07/01/2020,09:29:45,14.35,13.65,1300,14.25,1300,0,462800
MFSL30Jan20580CE.NFO,07/01/2020,09:29:49,14.35,13.65,2600,14.25,1300,0,462800
MFSL30Jan20580CE.NFO,07/01/2020,09:29:53,14.35,13.75,1300,14.25,1300,0,462800
MFSL30Jan20580CE.NFO,07/01/2020,09:29:58,14.35,13.7,1300,14.25,1300,0,462800
MFSL30Jan20580CE.NFO,07/01/2020,09:30:12,14.35,13.9,1300,14.55,1300,0,462800
MFSL30Jan20580CE.NFO,07/01/2020,09:30:12,14.35,13.8,1300,14.55,1300,0,462800
MFSL30Jan20580CE.NFO,07/01/2020,09:30:13,14.35,13.85,1300,14.55,1300,0,462800
MFSL30Jan20580CE.NFO,07/01/2020,09:30:22,14.35,13.95,1300,14.55,1300,0,462800
MFSL30Jan20580CE.NFO,07/01/2020,09:30:25,14.35,13.95,2600,14.6,1300,0,462800
MFSL30Jan20580CE.NFO,07/01/2020,09:30:32,14.35,14.1,1300,14.6,1300,0,462800
MFSL30Jan20580CE.NFO,07/01/2020,09:30:35,14.35,14.05,1300,14.6,1300,0,462800
MFSL30Jan20580CE.NFO,07/01/2020,09:30:46,14.35,14.1,1300,14.65,1300,0,462800
MFSL30Jan20580CE.NFO,07/01/2020,09:30:46,14.35,14.1,1300,14.7,1300,0,462800
MFSL30Jan20580CE.NFO,07/01/2020,09:30:47,14.35,14.05,1300,14.7,1300,0,462800
MFSL30Jan20580CE.NFO,07/01/2020,09:30:48,14.35,14.05,1300,14.65,1300,0,462800
MFSL30Jan20580CE.NFO,07/01/2020,09:30:49,14.35,14.05,1300,14.7,1300,0,462800
MFSL30Jan20580CE.NFO,07/01/2020,09:30:50,14.35,14.05,1300,14.65,1300,0,462800
MFSL30Jan20580CE.NFO,07/01/2020,09:30:51,14.35,14.05,1300,14.7,1300,0,462800
MFSL30Jan20580CE.NFO,07/01/2020,09:30:53,14.35,14.05,1300,14.65,1300,0,462800
MFSL30Jan20580CE.NFO,07/01/2020,09:30:55,14.35,14.05,1300,14.7,1300,0,462800
MFSL30Jan20580CE.NFO,07/01/2020,09:30:57,14.35,14.05,1300,14.65,1300,0,462800
MFSL30Jan20580CE.NFO,07/01/2020,09:30:59,14.35,13.9,1300,14.35,1300,0,462800
MFSL30Jan20580CE.NFO,07/01/2020,09:31:03,14.35,13.95,1300,14.35,1300,0,462800
MFSL30Jan20580CE.NFO,07/01/2020,09:31:04,14.35,13.9,1300,14.35,1300,0,462800
MFSL30Jan20580CE.NFO,07/01/2020,09:31:17,14.35,14,1300,14.35,1300,0,462800
MFSL30Jan20580CE.NFO,07/01/2020,09:31:33,14.35,13.95,1300,14.35,1300,0,462800
MFSL30Jan20580CE.NFO,07/01/2020,09:32:05,14.35,13.95,2600,14.5,1300,0,462800
MFSL30Jan20580CE.NFO,07/01/2020,09:32:13,14.35,13.95,2600,14.45,1300,0,462800
MFSL30Jan20580CE.NFO,07/01/2020,09:32:18,14.35,14,2600,14.5,1300,0,462800
MFSL30Jan20580CE.NFO,07/01/2020,09:32:19,14.35,14,1300,14.5,1300,0,462800
MFSL30Jan20580CE.NFO,07/01/2020,09:32:29,14.35,14,1300,14.45,1300,0,462800
MFSL30Jan20580CE.NFO,07/01/2020,09:32:30,14.35,14,1300,14.55,1300,0,462800
MFSL30Jan20580CE.NFO,07/01/2020,09:32:34,14.35,13.9,1300,14.4,1300,0,462800
MFSL30Jan20580CE.NFO,07/01/2020,09:32:39,14.35,13.9,1300,14.35,1300,0,462800
MFSL30Jan20580CE.NFO,07/01/2020,09:32:45,14.35,13.95,1300,14.35,1300,0,462800
MFSL30Jan20580CE.NFO,07/01/2020,09:32:47,14.35,13.85,1300,14.35,1300,0,462800
MFSL30Jan20580CE.NFO,07/01/2020,09:32:57,14.35,13.9,1300,14.35,1300,0,462800
MFSL30Jan20580CE.NFO,07/01/2020,09:32:58,14.35,13.85,1300,14.35,1300,0,462800
MFSL30Jan20580CE.NFO,07/01/2020,09:33:05,14.35,13.85,1300,14.3,1300,0,462800
MFSL30Jan20580CE.NFO,07/01/2020,09:33:09,14.35,13.9,2600,14.45,1300,0,462800
MFSL30Jan20580CE.NFO,07/01/2020,09:33:10,14.35,13.95,1300,14.45,1300,0,462800
MFSL30Jan20580CE.NFO,07/01/2020,09:33:11,14.35,14,1300,14.45,1300,0,462800
MFSL30Jan20580CE.NFO,07/01/2020,09:33:13,14.35,13.95,1300,14.45,1300,0,462800
MFSL30Jan20580CE.NFO,07/01/2020,09:33:24,14.35,14.05,1300,14.45,1300,0,462800
MFSL30Jan20580CE.NFO,07/01/2020,09:33:25,14.35,14,1300,14.45,1300,0,462800
MFSL30Jan20580CE.NFO,07/01/2020,09:33:28,14.35,13.9,1300,14.35,1300,0,462800
MFSL30Jan20580CE.NFO,07/01/2020,09:33:40,14.35,13.9,1300,14.3,2600,0,462800
MFSL30Jan20580CE.NFO,07/01/2020,09:33:41,14.35,13.9,1300,14.3,3900,0,462800
MFSL30Jan20580CE.NFO,07/01/2020,09:33:46,14.35,13.9,1300,14.35,1300,0,462800
MFSL30Jan20580CE.NFO,07/01/2020,09:33:51,14.35,13.95,1300,14.4,1300,0,462800
MFSL30Jan20580CE.NFO,07/01/2020,09:33:52,14.35,14.05,1300,14.4,1300,0,462800
MFSL30Jan20580CE.NFO,07/01/2020,09:33:55,14.35,14.25,1300,14.5,1300,0,462800
MFSL30Jan20580CE.NFO,07/01/2020,09:34:07,14.35,14,2600,14.45,1300,0,462800
MFSL30Jan20580CE.NFO,07/01/2020,09:34:09,14.35,14,2600,14.4,1300,0,462800
MFSL30Jan20580CE.NFO,07/01/2020,09:34:19,14.35,14.05,1300,14.45,1300,0,462800
MFSL30Jan20580CE.NFO,07/01/2020,09:34:20,14.35,14,2600,14.4,1300,0,462800
MFSL30Jan20580CE.NFO,07/01/2020,09:34:25,14.35,13.9,2600,14.45,1300,0,462800
MFSL30Jan20580CE.NFO,07/01/2020,09:34:27,14.35,13.9,2600,14.4,1300,0,462800
MFSL30Jan20580CE.NFO,07/01/2020,09:34:28,14.35,13.9,2600,14.35,1300,0,462800
MFSL30Jan20580CE.NFO,07/01/2020,09:34:31,14.35,13.85,1300,14.35,1300,0,462800
MFSL30Jan20580CE.NFO,07/01/2020,09:34:38,14.35,13.75,1300,14.25,1300,0,462800
MFSL30Jan20580CE.NFO,07/01/2020,09:34:38,14.35,13.75,1300,14.2,1300,0,462800
MFSL30Jan20580CE.NFO,07/01/2020,09:34:46,14.35,13.7,1300,14.15,1300,0,462800
MFSL30Jan20580CE.NFO,07/01/2020,09:34:56,14.35,13.7,1300,14.2,1300,0,462800
MFSL30Jan20580CE.NFO,07/01/2020,09:34:59,14.35,13.65,1300,14.15,1300,0,462800
MFSL30Jan20580CE.NFO,07/01/2020,09:35:02,14.35,13.7,1300,14.2,1300,0,462800
MFSL30Jan20580CE.NFO,07/01/2020,09:35:09,14.35,13.65,2600,14.1,2600,0,462800
MFSL30Jan20580CE.NFO,07/01/2020,09:35:12,14.35,13.7,1300,14.1,2600,0,462800
MFSL30Jan20580CE.NFO,07/01/2020,09:35:19,14.35,14,2600,14.1,2600,0,462800
MFSL30Jan20580CE.NFO,07/01/2020,09:35:24,14.35,13.7,1300,14.2,2600,0,462800
MFSL30Jan20580CE.NFO,07/01/2020,09:35:25,14.35,13.7,1300,14,2600,0,462800
MFSL30Jan20580CE.NFO,07/01/2020,09:35:28,14.35,13.65,1300,14,2600,0,462800
MFSL30Jan20580CE.NFO,07/01/2020,09:35:31,14.35,13.85,1300,14,2600,0,462800
MFSL30Jan20580CE.NFO,07/01/2020,09:35:34,14.35,13.7,1300,14.2,2600,0,462800
MFSL30Jan20580CE.NFO,07/01/2020,09:35:37,14.35,13.65,1300,14.2,2600,0,462800
MFSL30Jan20580CE.NFO,07/01/2020,09:35:40,14.35,13.55,1300,14.05,1300,0,462800
MFSL30Jan20580CE.NFO,07/01/2020,09:35:43,14.35,13.55,2600,14.05,1300,0,462800
MFSL30Jan20580CE.NFO,07/01/2020,09:35:47,14.35,13.75,2600,14.05,1300,0,462800
MFSL30Jan20580CE.NFO,07/01/2020,09:35:52,14.35,13.6,3900,14,2600,0,462800
MFSL30Jan20580CE.NFO,07/01/2020,09:36:00,14.35,13.75,1300,14,2600,0,462800
MFSL30Jan20580CE.NFO,07/01/2020,09:36:00,14.35,13.65,1300,14,2600,0,462800
MFSL30Jan20580CE.NFO,07/01/2020,09:36:05,14.35,13.55,2600,13.95,2600,0,462800
MFSL30Jan20580CE.NFO,07/01/2020,09:36:10,14.35,13.55,1300,13.95,1300,0,462800
MFSL30Jan20580CE.NFO,07/01/2020,09:36:11,14.35,13.5,1300,13.9,1300,0,462800
MFSL30Jan20580CE.NFO,07/01/2020,09:36:11,14.35,13.6,2600,13.95,1300,0,462800
MFSL30Jan20580CE.NFO,07/01/2020,09:36:13,14.35,13.5,1300,13.9,1300,0,462800
MFSL30Jan20580CE.NFO,07/01/2020,09:36:18,14.35,13.5,1300,13.95,1300,0,462800
MFSL30Jan20580CE.NFO,07/01/2020,09:36:21,14.35,13.5,1300,13.9,2600,0,462800
MFSL30Jan20580CE.NFO,07/01/2020,09:36:24,14.35,13.55,1300,13.95,1300,0,462800
MFSL30Jan20580CE.NFO,07/01/2020,09:36:27,14.35,13.55,1300,14.05,1300,0,462800
MFSL30Jan20580CE.NFO,07/01/2020,09:36:30,14.35,13.55,1300,14.05,2600,0,462800
MFSL30Jan20580CE.NFO,07/01/2020,09:36:32,14.35,13.5,1300,14.05,3900,0,462800
MFSL30Jan20580CE.NFO,07/01/2020,09:36:35,14.35,13.45,2600,14.05,3900,0,462800
MFSL30Jan20580CE.NFO,07/01/2020,09:36:39,14.35,13.45,3900,14,1300,0,462800
MFSL30Jan20580CE.NFO,07/01/2020,09:36:41,14.35,13.45,3900,14,2600,0,462800
MFSL30Jan20580CE.NFO,07/01/2020,09:36:42,14.35,13.55,1300,14.05,1300,0,462800
MFSL30Jan20580CE.NFO,07/01/2020,09:36:46,14.35,13.6,1300,14.1,1300,0,462800
MFSL30Jan20580CE.NFO,07/01/2020,09:36:50,14.35,13.7,2600,14.1,1300,0,462800
MFSL30Jan20580CE.NFO,07/01/2020,09:36:52,14.35,13.6,1300,14.1,2600,0,462800
MFSL30Jan20580CE.NFO,07/01/2020,09:36:56,14.35,13.65,1300,14.1,2600,0,462800
MFSL30Jan20580CE.NFO,07/01/2020,09:36:59,14.35,13.6,1300,14.1,2600,0,462800
MFSL30Jan20580CE.NFO,07/01/2020,09:37:02,14.35,13.65,1300,14.1,3900,0,462800
MFSL30Jan20580CE.NFO,07/01/2020,09:37:03,14.35,13.65,1300,13.95,1300,0,462800
MFSL30Jan20580CE.NFO,07/01/2020,09:37:04,14.35,13.45,1300,13.9,1300,0,462800
MFSL30Jan20580CE.NFO,07/01/2020,09:37:08,14.35,13.6,1300,13.9,1300,0,462800
MFSL30Jan20580CE.NFO,07/01/2020,09:37:18,14.35,13.7,1300,13.9,1300,0,462800
MFSL30Jan20580CE.NFO,07/01/2020,09:37:22,13.7,13.55,1300,13.9,1300,1300,465400
MFSL30Jan20580CE.NFO,07/01/2020,09:37:22,13.7,13.55,1300,13.9,1300,0,465400
MFSL30Jan20580CE.NFO,07/01/2020,09:37:22,13.7,13.55,1300,13.9,1300,0,465400
MFSL30Jan20580CE.NFO,07/01/2020,09:37:24,13.7,13.65,1300,13.9,1300,0,465400
MFSL30Jan20580CE.NFO,07/01/2020,09:37:28,13.7,13.65,2600,13.9,1300,0,465400
MFSL30Jan20580CE.NFO,07/01/2020,09:37:29,13.7,13.65,1300,13.9,1300,0,465400
MFSL30Jan20580CE.NFO,07/01/2020,09:37:34,13.7,13.55,1300,13.9,1300,0,465400
MFSL30Jan20580CE.NFO,07/01/2020,09:37:46,13.7,13.65,1300,14,1300,0,465400
MFSL30Jan20580CE.NFO,07/01/2020,09:37:48,13.7,13.55,1300,14,1300,0,465400
MFSL30Jan20580CE.NFO,07/01/2020,09:37:50,13.7,13.55,1300,13.95,2600,0,465400
MFSL30Jan20580CE.NFO,07/01/2020,09:38:01,13.7,13.55,1300,14,1300,0,465400
MFSL30Jan20580CE.NFO,07/01/2020,09:38:26,13.7,13.55,1300,13.95,2600,0,465400
MFSL30Jan20580CE.NFO,07/01/2020,09:38:28,13.7,13.55,1300,13.95,1300,0,465400
MFSL30Jan20580CE.NFO,07/01/2020,09:38:31,13.7,13.45,1300,13.95,1300,0,465400
MFSL30Jan20580CE.NFO,07/01/2020,09:38:34,13.7,13.45,1300,13.9,1300,0,465400
MFSL30Jan20580CE.NFO,07/01/2020,09:38:50,13.7,13.4,1300,13.85,1300,0,465400
MFSL30Jan20580CE.NFO,07/01/2020,09:38:57,13.7,13.4,1300,13.8,1300,0,465400
MFSL30Jan20580CE.NFO,07/01/2020,09:39:03,13.7,13.45,2600,13.95,1300,0,465400
MFSL30Jan20580CE.NFO,07/01/2020,09:39:04,13.7,13.5,1300,13.9,1300,0,465400
MFSL30Jan20580CE.NFO,07/01/2020,09:39:04,13.7,13.35,1300,13.9,1300,0,465400
MFSL30Jan20580CE.NFO,07/01/2020,09:39:06,13.7,13.45,2600,13.9,1300,0,465400
MFSL30Jan20580CE.NFO,07/01/2020,09:39:09,13.7,13.5,1300,13.9,1300,0,465400
MFSL30Jan20580CE.NFO,07/01/2020,09:39:10,13.7,13.6,1300,13.9,1300,0,465400
MFSL30Jan20580CE.NFO,07/01/2020,09:39:11,13.7,13.65,1300,13.9,1300,0,465400
MFSL30Jan20580CE.NFO,07/01/2020,09:39:12,13.7,13.55,1300,13.95,1300,0,465400
MFSL30Jan20580CE.NFO,07/01/2020,09:39:13,13.7,13.55,1300,13.9,1300,0,465400
MFSL30Jan20580CE.NFO,07/01/2020,09:39:16,13.7,13.45,2600,13.9,1300,0,465400
MFSL30Jan20580CE.NFO,07/01/2020,09:39:19,13.7,13.45,2600,13.95,1300,0,465400
MFSL30Jan20580CE.NFO,07/01/2020,09:39:55,13.7,13.5,1300,13.95,1300,0,465400
MFSL30Jan20580CE.NFO,07/01/2020,09:40:02,13.7,13.55,1300,14.1,1300,0,465400
MFSL30Jan20580CE.NFO,07/01/2020,09:40:03,13.7,13.65,1300,14.1,1300,0,465400
MFSL30Jan20580CE.NFO,07/01/2020,09:40:07,13.7,13.55,1300,14.1,1300,0,465400
MFSL30Jan20580CE.NFO,07/01/2020,09:40:08,13.7,13.7,2600,14.15,1300,0,465400
MFSL30Jan20580CE.NFO,07/01/2020,09:40:13,13.7,13.65,1300,14.15,1300,0,465400
MFSL30Jan20580CE.NFO,07/01/2020,09:40:15,13.7,13.7,2600,14.15,1300,0,465400
MFSL30Jan20580CE.NFO,07/01/2020,09:40:24,13.7,13.6,1300,14.15,1300,0,465400
MFSL30Jan20580CE.NFO,07/01/2020,09:40:28,13.7,13.65,2600,14.15,1300,0,465400
MFSL30Jan20580CE.NFO,07/01/2020,09:40:38,13.7,13.65,2600,14.1,1300,0,465400
MFSL30Jan20580CE.NFO,07/01/2020,09:40:39,13.7,13.65,2600,14.15,1300,0,465400
MFSL30Jan20580CE.NFO,07/01/2020,09:40:45,13.7,13.7,2600,14.15,1300,0,465400
MFSL30Jan20580CE.NFO,07/01/2020,09:40:48,13.7,13.7,1300,14.15,1300,0,465400
MFSL30Jan20580CE.NFO,07/01/2020,09:40:54,13.7,13.7,1300,14.1,2600,0,465400
MFSL30Jan20580CE.NFO,07/01/2020,09:40:57,13.7,13.7,1300,14.15,1300,0,465400
MFSL30Jan20580CE.NFO,07/01/2020,09:41:02,13.7,13.55,2600,14.15,1300,0,465400
MFSL30Jan20580CE.NFO,07/01/2020,09:41:14,13.7,13.55,3900,14.15,1300,0,465400
MFSL30Jan20580CE.NFO,07/01/2020,09:41:20,13.7,13.55,2600,14.15,1300,0,465400
MFSL30Jan20580CE.NFO,07/01/2020,09:41:22,13.7,13.55,3900,14.15,1300,0,465400
MFSL30Jan20580CE.NFO,07/01/2020,09:41:25,13.7,13.65,1300,14.1,2600,0,465400
MFSL30Jan20580CE.NFO,07/01/2020,09:41:26,13.7,13.65,1300,14.1,1300,0,465400
MFSL30Jan20580CE.NFO,07/01/2020,09:41:31,13.7,13.7,1300,14.1,1300,0,465400
MFSL30Jan20580CE.NFO,07/01/2020,09:41:32,13.7,13.6,1300,14.1,1300,0,465400
MFSL30Jan20580CE.NFO,07/01/2020,09:41:33,13.7,13.55,1300,14.1,1300,0,465400
MFSL30Jan20580CE.NFO,07/01/2020,09:41:35,13.7,13.65,1300,14.1,1300,0,465400
MFSL30Jan20580CE.NFO,07/01/2020,09:41:36,13.7,13.6,1300,14.1,1300,0,465400
MFSL30Jan20580CE.NFO,07/01/2020,09:41:37,13.7,13.7,1300,14.1,1300,0,465400
MFSL30Jan20580CE.NFO,07/01/2020,09:41:38,13.7,13.6,1300,14.1,1300,0,465400
MFSL30Jan20580CE.NFO,07/01/2020,09:41:39,13.7,13.7,1300,14.1,1300,0,465400
MFSL30Jan20580CE.NFO,07/01/2020,09:41:40,13.7,13.65,1300,14.1,1300,0,465400
MFSL30Jan20580CE.NFO,07/01/2020,09:41:42,13.7,13.55,1300,14.1,1300,0,465400
MFSL30Jan20580CE.NFO,07/01/2020,09:41:42,13.7,13.7,1300,14.1,1300,0,465400
MFSL30Jan20580CE.NFO,07/01/2020,09:41:46,13.7,13.6,1300,14.1,1300,0,465400
MFSL30Jan20580CE.NFO,07/01/2020,09:41:48,13.7,13.7,1300,14.1,1300,0,465400
MFSL30Jan20580CE.NFO,07/01/2020,09:41:49,13.7,13.65,2600,14.1,1300,0,465400
MFSL30Jan20580CE.NFO,07/01/2020,09:41:56,13.7,13.6,1300,14,1300,0,465400
MFSL30Jan20580CE.NFO,07/01/2020,09:42:04,13.7,13.55,1300,14,1300,0,465400
MFSL30Jan20580CE.NFO,07/01/2020,09:42:14,13.7,13.6,1300,14,1300,0,465400
MFSL30Jan20580CE.NFO,07/01/2020,09:42:27,13.7,13.7,1300,14.1,1300,0,465400
MFSL30Jan20580CE.NFO,07/01/2020,09:42:34,13.7,13.9,1300,14.25,1300,0,465400
MFSL30Jan20580CE.NFO,07/01/2020,09:42:41,13.7,13.85,2600,14.25,1300,0,465400
MFSL30Jan20580CE.NFO,07/01/2020,09:42:47,13.7,13.7,2600,14.2,1300,0,465400
MFSL30Jan20580CE.NFO,07/01/2020,09:42:54,13.7,13.8,1300,14.2,1300,0,465400
MFSL30Jan20580CE.NFO,07/01/2020,09:43:00,13.7,13.8,2600,14.25,1300,0,465400
MFSL30Jan20580CE.NFO,07/01/2020,09:43:06,13.7,13.8,1300,14.25,1300,0,465400
MFSL30Jan20580CE.NFO,07/01/2020,09:43:11,13.7,13.8,1300,14.2,1300,0,465400
MFSL30Jan20580CE.NFO,07/01/2020,09:43:13,13.7,13.8,1300,14.25,1300,0,465400
MFSL30Jan20580CE.NFO,07/01/2020,09:43:30,13.7,13.9,1300,14.25,1300,0,465400
MFSL30Jan20580CE.NFO,07/01/2020,09:43:32,13.7,13.8,1300,14.25,1300,0,465400
MFSL30Jan20580CE.NFO,07/01/2020,09:43:33,13.7,13.9,1300,14.25,1300,0,465400
MFSL30Jan20580CE.NFO,07/01/2020,09:43:34,13.7,13.8,1300,14.25,1300,0,465400
MFSL30Jan20580CE.NFO,07/01/2020,09:43:37,13.7,13.9,1300,14.25,1300,0,465400
MFSL30Jan20580CE.NFO,07/01/2020,09:43:39,13.7,13.8,1300,14.25,1300,0,465400
MFSL30Jan20580CE.NFO,07/01/2020,09:43:41,13.7,13.9,1300,14.25,1300,0,465400
MFSL30Jan20580CE.NFO,07/01/2020,09:43:42,13.7,13.8,1300,14.25,1300,0,465400
MFSL30Jan20580CE.NFO,07/01/2020,09:43:44,13.7,13.9,1300,14.25,1300,0,465400
MFSL30Jan20580CE.NFO,07/01/2020,09:43:45,13.7,13.75,1300,14.25,1300,0,465400
MFSL30Jan20580CE.NFO,07/01/2020,09:43:46,13.7,13.85,1300,14.25,1300,0,465400
MFSL30Jan20580CE.NFO,07/01/2020,09:43:46,13.7,13.8,1300,14.25,1300,0,465400
MFSL30Jan20580CE.NFO,07/01/2020,09:43:49,13.7,13.9,1300,14.25,1300,0,465400
MFSL30Jan20580CE.NFO,07/01/2020,09:44:14,13.7,13.8,1300,14.25,1300,0,465400
MFSL30Jan20580CE.NFO,07/01/2020,09:44:15,13.7,13.9,1300,14.25,1300,0,465400
MFSL30Jan20580CE.NFO,07/01/2020,09:44:28,13.7,13.95,1300,14.25,1300,0,465400
MFSL30Jan20580CE.NFO,07/01/2020,09:44:30,13.7,13.85,1300,14.25,1300,0,465400
MFSL30Jan20580CE.NFO,07/01/2020,09:44:36,13.7,13.8,1300,14.2,1300,0,465400
MFSL30Jan20580CE.NFO,07/01/2020,09:44:38,13.7,13.8,1300,14.25,1300,0,465400
MFSL30Jan20580CE.NFO,07/01/2020,09:45:01,13.7,14,2600,14.25,1300,0,465400
MFSL30Jan20580CE.NFO,07/01/2020,09:46:38,13.7,14,2600,14.3,3900,0,465400
MFSL30Jan20580CE.NFO,07/01/2020,09:46:42,14,14,1300,14.2,2600,1300,465400
MFSL30Jan20580CE.NFO,07/01/2020,09:46:47,14,14,1300,14.2,2600,0,465400
MFSL30Jan20580CE.NFO,07/01/2020,09:46:56,14,14,1300,14.2,1300,0,465400
MFSL30Jan20580CE.NFO,07/01/2020,09:47:27,14,14,1300,14.15,1300,0,465400
MFSL30Jan20580CE.NFO,07/01/2020,09:47:32,14,14,1300,14.2,1300,0,465400
MFSL30Jan20580CE.NFO,07/01/2020,09:47:45,14,13.55,1300,14.2,1300,0,465400
MFSL30Jan20580CE.NFO,07/01/2020,09:47:48,14,13.8,1300,14.2,1300,0,465400
MFSL30Jan20580CE.NFO,07/01/2020,09:47:57,14,13.6,2600,14.2,1300,0,465400
MFSL30Jan20580CE.NFO,07/01/2020,09:48:14,14,13.75,1300,14.2,1300,0,465400
MFSL30Jan20580CE.NFO,07/01/2020,09:49:16,14,13.7,1300,14.15,1300,0,465400
MFSL30Jan20580CE.NFO,07/01/2020,09:49:21,14,13.7,1300,14.1,1300,0,465400
MFSL30Jan20580CE.NFO,07/01/2020,09:49:27,14,13.7,1300,14.15,1300,0,465400
MFSL30Jan20580CE.NFO,07/01/2020,09:49:33,14,14,1300,14.15,1300,0,465400
MFSL30Jan20580CE.NFO,07/01/2020,09:49:43,14,13.75,1300,14.2,1300,0,465400
MFSL30Jan20580CE.NFO,07/01/2020,09:50:14,14,13.65,2600,14.2,1300,0,465400
MFSL30Jan20580CE.NFO,07/01/2020,09:50:33,14,13.5,1300,13.95,1300,0,465400
MFSL30Jan20580CE.NFO,07/01/2020,09:51:04,14,13.45,1300,13.95,1300,0,465400
MFSL30Jan20580CE.NFO,07/01/2020,09:51:40,14,13.7,1300,14.2,1300,0,465400
MFSL30Jan20580CE.NFO,07/01/2020,09:51:45,14,13.8,2600,14.25,1300,0,465400
MFSL30Jan20580CE.NFO,07/01/2020,09:51:49,14,13.9,2600,14.6,1300,0,465400
MFSL30Jan20580CE.NFO,07/01/2020,09:51:53,14,14,2600,14.6,1300,0,465400
MFSL30Jan20580CE.NFO,07/01/2020,09:52:01,14,14.1,3900,14.8,1300,0,465400
MFSL30Jan20580CE.NFO,07/01/2020,09:52:05,14,14.2,2600,14.8,1300,0,465400
MFSL30Jan20580CE.NFO,07/01/2020,09:52:26,14,14.2,3900,14.8,1300,0,465400
MFSL30Jan20580CE.NFO,07/01/2020,09:52:27,14,14.2,2600,14.8,1300,0,465400
MFSL30Jan20580CE.NFO,07/01/2020,09:52:34,14,14.25,1300,14.8,1300,0,465400
MFSL30Jan20580CE.NFO,07/01/2020,09:52:36,14,14.2,2600,14.85,1300,0,465400
MFSL30Jan20580CE.NFO,07/01/2020,09:52:40,14,14.3,1300,14.85,1300,0,465400
MFSL30Jan20580CE.NFO,07/01/2020,09:52:42,14,14.25,2600,14.85,1300,0,465400
MFSL30Jan20580CE.NFO,07/01/2020,09:52:45,14,14.45,1300,14.85,1300,0,465400
MFSL30Jan20580CE.NFO,07/01/2020,09:52:59,14,14.4,1300,14.85,1300,0,465400
MFSL30Jan20580CE.NFO,07/01/2020,09:53:00,14,14.45,1300,14.9,1300,0,465400
MFSL30Jan20580CE.NFO,07/01/2020,09:53:02,14,14.4,1300,14.9,1300,0,465400
MFSL30Jan20580CE.NFO,07/01/2020,09:53:03,14,14.4,1300,14.85,1300,0,465400
MFSL30Jan20580CE.NFO,07/01/2020,09:53:17,14,14.4,1300,14.95,2600,0,465400
MFSL30Jan20580CE.NFO,07/01/2020,09:53:18,14,14.4,2600,14.95,2600,0,465400
MFSL30Jan20580CE.NFO,07/01/2020,09:53:29,14,14.4,1300,14.95,1300,0,465400
MFSL30Jan20580CE.NFO,07/01/2020,09:53:30,14,14.4,2600,14.95,1300,0,465400
MFSL30Jan20580CE.NFO,07/01/2020,09:53:31,14,14.4,1300,14.95,1300,0,465400
MFSL30Jan20580CE.NFO,07/01/2020,09:53:34,14,14.5,1300,15.1,1300,0,465400
MFSL30Jan20580CE.NFO,07/01/2020,09:53:35,14,14.6,1300,15.1,1300,0,465400
MFSL30Jan20580CE.NFO,07/01/2020,09:53:36,14,14.5,1300,15.1,1300,0,465400
MFSL30Jan20580CE.NFO,07/01/2020,09:53:39,14,14.6,1300,15.1,1300,0,465400
MFSL30Jan20580CE.NFO,07/01/2020,09:53:40,14,14.5,1300,15.1,1300,0,465400
MFSL30Jan20580CE.NFO,07/01/2020,09:53:40,14,14.6,1300,15.1,1300,0,465400
MFSL30Jan20580CE.NFO,07/01/2020,09:53:42,14,14.75,1300,15.3,1300,0,465400
MFSL30Jan20580CE.NFO,07/01/2020,09:53:44,14,14.75,1300,15.35,1300,0,465400
MFSL30Jan20580CE.NFO,07/01/2020,09:53:50,14,14.65,1300,15.2,1300,0,465400
MFSL30Jan20580CE.NFO,07/01/2020,09:53:52,14,14.65,1300,15.15,1300,0,465400
MFSL30Jan20580CE.NFO,07/01/2020,09:53:53,14,14.7,1300,15.25,2600,0,465400
MFSL30Jan20580CE.NFO,07/01/2020,09:53:54,14,14.7,1300,15.2,1300,0,465400
MFSL30Jan20580CE.NFO,07/01/2020,09:53:55,14,14.65,1300,15.2,1300,0,465400
MFSL30Jan20580CE.NFO,07/01/2020,09:53:55,14,14.65,1300,15.15,1300,0,465400
MFSL30Jan20580CE.NFO,07/01/2020,09:53:56,14,14.65,1300,15.1,1300,0,465400
MFSL30Jan20580CE.NFO,07/01/2020,09:53:57,14,14.65,1300,15,1300,0,465400
MFSL30Jan20580CE.NFO,07/01/2020,09:53:59,14,14.7,1300,15,1300,0,465400
MFSL30Jan20580CE.NFO,07/01/2020,09:54:04,14,14.55,1300,15.15,2600,0,465400
MFSL30Jan20580CE.NFO,07/01/2020,09:54:05,14,14.2,3900,14.95,1300,0,465400
MFSL30Jan20580CE.NFO,07/01/2020,09:54:09,14,14.2,3900,15,1300,0,465400
MFSL30Jan20580CE.NFO,07/01/2020,09:54:12,14,14.2,3900,14.9,1300,0,465400
MFSL30Jan20580CE.NFO,07/01/2020,09:54:14,14,14.3,1300,14.95,1300,0,465400
MFSL30Jan20580CE.NFO,07/01/2020,09:54:24,14,14.4,1300,14.9,1300,0,465400
MFSL30Jan20580CE.NFO,07/01/2020,09:54:29,14,14.25,1300,14.9,1300,0,465400
MFSL30Jan20580CE.NFO,07/01/2020,09:54:29,14,14.3,1300,15,1300,0,465400
MFSL30Jan20580CE.NFO,07/01/2020,09:54:30,14,14.3,1300,14.9,1300,0,465400
MFSL30Jan20580CE.NFO,07/01/2020,09:54:32,14,14.85,1300,15.5,1300,0,465400
MFSL30Jan20580CE.NFO,07/01/2020,09:54:32,14,14.95,1300,15.6,1300,0,465400
MFSL30Jan20580CE.NFO,07/01/2020,09:54:33,14,14.95,1300,15.5,1300,0,465400
MFSL30Jan20580CE.NFO,07/01/2020,09:54:34,14,14.9,1300,15.6,1300,0,465400
MFSL30Jan20580CE.NFO,07/01/2020,09:54:36,14,14.7,1300,15.4,2600,0,465400
MFSL30Jan20580CE.NFO,07/01/2020,09:54:37,14,14.85,1300,15.45,1300,0,465400
MFSL30Jan20580CE.NFO,07/01/2020,09:54:38,14,14.75,1300,15.4,1300,0,465400
MFSL30Jan20580CE.NFO,07/01/2020,09:54:42,14,14.95,1300,15.6,1300,0,465400
MFSL30Jan20580CE.NFO,07/01/2020,09:54:43,14,15,1300,15.6,1300,0,465400
MFSL30Jan20580CE.NFO,07/01/2020,09:54:44,14,14.95,1300,15.6,1300,0,465400
MFSL30Jan20580CE.NFO,07/01/2020,09:54:45,14,14.95,1300,15.55,1300,0,465400
MFSL30Jan20580CE.NFO,07/01/2020,09:54:48,14,14.95,2600,15.55,1300,0,465400
MFSL30Jan20580CE.NFO,07/01/2020,09:54:50,14,14.9,1300,15.45,1300,0,465400
MFSL30Jan20580CE.NFO,07/01/2020,09:54:52,14,14.9,1300,15.6,3900,0,465400
MFSL30Jan20580CE.NFO,07/01/2020,09:54:53,14,14.9,1300,15.4,3900,0,465400
MFSL30Jan20580CE.NFO,07/01/2020,09:54:54,14,14.9,1300,15.4,2600,0,465400
MFSL30Jan20580CE.NFO,07/01/2020,09:54:55,14,14.9,1300,15.4,3900,0,465400
MFSL30Jan20580CE.NFO,07/01/2020,09:55:11,14,14.75,1300,15.2,1300,0,465400
MFSL30Jan20580CE.NFO,07/01/2020,09:55:14,14,14.75,1300,15.35,2600,0,465400
MFSL30Jan20580CE.NFO,07/01/2020,09:55:16,14,14.75,1300,15.25,1300,0,465400
MFSL30Jan20580CE.NFO,07/01/2020,09:55:18,14,14.75,1300,15.3,1300,0,465400
MFSL30Jan20580CE.NFO,07/01/2020,09:55:20,14,14.8,1300,15.4,1300,0,465400
MFSL30Jan20580CE.NFO,07/01/2020,09:55:21,14,14.8,2600,15.4,1300,0,465400
MFSL30Jan20580CE.NFO,07/01/2020,09:55:22,14,14.8,1300,15.45,1300,0,465400
MFSL30Jan20580CE.NFO,07/01/2020,09:55:26,14,14.75,2600,15.3,1300,0,465400
MFSL30Jan20580CE.NFO,07/01/2020,09:55:35,14,14.75,3900,15.25,1300,0,465400
MFSL30Jan20580CE.NFO,07/01/2020,09:55:39,14,14.8,3900,15.45,1300,0,465400
MFSL30Jan20580CE.NFO,07/01/2020,09:55:40,14,14.85,1300,15.45,1300,0,465400
MFSL30Jan20580CE.NFO,07/01/2020,09:55:41,14,14.85,2600,15.45,1300,0,465400
MFSL30Jan20580CE.NFO,07/01/2020,09:55:42,14,14.95,1300,15.45,1300,0,465400
MFSL30Jan20580CE.NFO,07/01/2020,09:55:43,14,14.9,1300,15.4,1300,0,465400
MFSL30Jan20580CE.NFO,07/01/2020,09:55:44,14,14.85,1300,15.4,1300,0,465400
MFSL30Jan20580CE.NFO,07/01/2020,09:55:50,14,14.8,1300,15.4,1300,0,465400
MFSL30Jan20580CE.NFO,07/01/2020,09:55:59,14,14.8,1300,15.35,2600,0,465400
MFSL30Jan20580CE.NFO,07/01/2020,09:56:05,14,14.75,1300,15.25,1300,0,465400
MFSL30Jan20580CE.NFO,07/01/2020,09:56:06,14,14.75,1300,15.3,1300,0,465400
MFSL30Jan20580CE.NFO,07/01/2020,09:56:17,14,14.75,2600,15.25,1300,0,465400
MFSL30Jan20580CE.NFO,07/01/2020,09:56:23,14,14.75,1300,15.25,1300,0,465400
MFSL30Jan20580CE.NFO,07/01/2020,09:56:28,14,14.7,1300,15.3,2600,0,465400
MFSL30Jan20580CE.NFO,07/01/2020,09:56:34,14,14.7,1300,15.3,1300,0,465400
MFSL30Jan20580CE.NFO,07/01/2020,09:56:39,14,14.85,1300,15.25,2600,0,465400
MFSL30Jan20580CE.NFO,07/01/2020,09:56:44,14,14.7,1300,15.25,2600,0,465400
MFSL30Jan20580CE.NFO,07/01/2020,09:56:48,14,14.65,1300,15.25,2600,0,465400
MFSL30Jan20580CE.NFO,07/01/2020,09:56:52,14,14.8,1300,15.25,2600,0,465400
MFSL30Jan20580CE.NFO,07/01/2020,09:56:56,14,14.85,1300,15.25,2600,0,465400
MFSL30Jan20580CE.NFO,07/01/2020,09:57:36,14,14.85,1300,15.3,2600,0,465400
MFSL30Jan20580CE.NFO,07/01/2020,09:57:38,14,14.8,1300,15.25,1300,0,465400
MFSL30Jan20580CE.NFO,07/01/2020,09:57:39,14,14.8,1300,15.3,2600,0,465400
MFSL30Jan20580CE.NFO,07/01/2020,09:57:45,14,14.85,1300,15.3,1300,0,465400
MFSL30Jan20580CE.NFO,07/01/2020,09:57:49,14,14.95,1300,15.3,1300,0,465400
MFSL30Jan20580CE.NFO,07/01/2020,09:57:50,14,14.95,1300,15.35,1300,0,465400
MFSL30Jan20580CE.NFO,07/01/2020,09:57:53,14,14.85,1300,15.35,1300,0,465400
MFSL30Jan20580CE.NFO,07/01/2020,09:57:54,14,14.85,2600,15.35,1300,0,465400
MFSL30Jan20580CE.NFO,07/01/2020,09:57:55,14,14.85,1300,15.35,1300,0,465400
MFSL30Jan20580CE.NFO,07/01/2020,09:57:56,14,14.85,1300,15.3,1300,0,465400
MFSL30Jan20580CE.NFO,07/01/2020,09:57:58,14,14.8,1300,15.25,1300,0,465400
MFSL30Jan20580CE.NFO,07/01/2020,09:57:59,14,14.8,1300,15.3,1300,0,465400
MFSL30Jan20580CE.NFO,07/01/2020,09:58:15,14,14.85,1300,15.3,1300,0,465400
MFSL30Jan20580CE.NFO,07/01/2020,09:58:23,14,14.75,2600,15.25,1300,0,465400
MFSL30Jan20580CE.NFO,07/01/2020,09:58:32,14,14.75,1300,15.25,1300,0,465400
MFSL30Jan20580CE.NFO,07/01/2020,09:58:36,14,14.85,2600,15.3,1300,0,465400
MFSL30Jan20580CE.NFO,07/01/2020,09:58:40,14,14.75,1300,15.35,1300,0,465400
MFSL30Jan20580CE.NFO,07/01/2020,09:58:46,14,14.75,1300,15.25,1300,0,465400
MFSL30Jan20580CE.NFO,07/01/2020,09:58:51,14,14.7,1300,15.3,2600,0,465400
MFSL30Jan20580CE.NFO,07/01/2020,09:58:57,14,14.7,1300,15.35,3900,0,465400
MFSL30Jan20580CE.NFO,07/01/2020,09:59:03,14,14.75,1300,15.35,3900,0,465400
MFSL30Jan20580CE.NFO,07/01/2020,09:59:09,14,14.85,2600,15.35,3900,0,465400
MFSL30Jan20580CE.NFO,07/01/2020,09:59:12,14,14.8,2600,15.35,3900,0,465400
MFSL30Jan20580CE.NFO,07/01/2020,09:59:19,14,14.8,1300,15.35,3900,0,465400
MFSL30Jan20580CE.NFO,07/01/2020,09:59:34,14,14.75,2600,15.2,1300,0,465400
MFSL30Jan20580CE.NFO,07/01/2020,09:59:40,14,14.75,2600,15.15,1300,0,465400
MFSL30Jan20580CE.NFO,07/01/2020,09:59:47,14,14.75,2600,15.1,1300,0,465400
MFSL30Jan20580CE.NFO,07/01/2020,09:59:48,14,14.8,1300,15.1,1300,0,465400
MFSL30Jan20580CE.NFO,07/01/2020,09:59:56,14,14.75,1300,15.1,1300,0,465400
MFSL30Jan20580CE.NFO,07/01/2020,09:59:59,14,14.6,1300,15.05,2600,0,465400
MFSL30Jan20580CE.NFO,07/01/2020,10:00:00,14,14.65,2600,15.05,2600,0,465400
MFSL30Jan20580CE.NFO,07/01/2020,10:00:01,14,14.7,1300,15.05,2600,0,465400
MFSL30Jan20580CE.NFO,07/01/2020,10:00:02,14,14.65,1300,15.05,2600,0,465400
MFSL30Jan20580CE.NFO,07/01/2020,10:00:05,14,14.65,2600,15.05,2600,0,465400
MFSL30Jan20580CE.NFO,07/01/2020,10:00:31,14,14.7,1300,15.05,2600,0,465400
MFSL30Jan20580CE.NFO,07/01/2020,10:00:34,14,14.6,2600,15.05,2600,0,465400
MFSL30Jan20580CE.NFO,07/01/2020,10:00:39,14,14.65,1300,15,1300,0,465400
MFSL30Jan20580CE.NFO,07/01/2020,10:00:41,14,14.65,1300,14.95,1300,0,465400
MFSL30Jan20580CE.NFO,07/01/2020,10:00:43,14,14.6,2600,14.95,1300,0,465400
MFSL30Jan20580CE.NFO,07/01/2020,10:00:50,14,14.65,1300,14.95,1300,0,465400
MFSL30Jan20580CE.NFO,07/01/2020,10:00:54,14,14.65,2600,14.95,1300,0,465400
MFSL30Jan20580CE.NFO,07/01/2020,10:00:58,14,14.65,1300,14.95,1300,0,465400
MFSL30Jan20580CE.NFO,07/01/2020,10:00:59,14,14.65,2600,14.95,1300,0,465400
MFSL30Jan20580CE.NFO,07/01/2020,10:01:01,14,14.6,1300,14.9,2600,0,465400
MFSL30Jan20580CE.NFO,07/01/2020,10:01:03,14,14.6,1300,14.9,1300,0,465400
MFSL30Jan20580CE.NFO,07/01/2020,10:01:32,14,14.55,1300,14.9,1300,0,465400
MFSL30Jan20580CE.NFO,07/01/2020,10:01:36,14,14.6,1300,14.9,1300,0,465400
MFSL30Jan20580CE.NFO,07/01/2020,10:01:38,14,14.6,2600,14.9,1300,0,465400
MFSL30Jan20580CE.NFO,07/01/2020,10:01:43,14,14.6,1300,14.9,1300,0,465400
MFSL30Jan20580CE.NFO,07/01/2020,10:01:52,14,14.6,2600,14.9,1300,0,465400
MFSL30Jan20580CE.NFO,07/01/2020,10:01:57,14,14.6,2600,14.8,1300,0,465400
MFSL30Jan20580CE.NFO,07/01/2020,10:01:58,14,14.6,1300,14.8,1300,0,465400
MFSL30Jan20580CE.NFO,07/01/2020,10:02:01,14.8,14.45,1300,15.05,2600,1300,465400
MFSL30Jan20580CE.NFO,07/01/2020,10:02:01,14.8,14.45,1300,15.05,2600,0,465400
MFSL30Jan20580CE.NFO,07/01/2020,10:02:02,14.8,14.45,1300,15.05,2600,0,465400
MFSL30Jan20580CE.NFO,07/01/2020,10:02:17,14.8,14.65,1300,15.05,2600,0,465400
MFSL30Jan20580CE.NFO,07/01/2020,10:02:39,14.8,14.55,1300,15.4,3900,0,465400
MFSL30Jan20580CE.NFO,07/01/2020,10:02:45,14.8,14.45,1300,14.8,1300,0,465400
MFSL30Jan20580CE.NFO,07/01/2020,10:03:05,14.8,14.45,2600,14.75,1300,0,465400
MFSL30Jan20580CE.NFO,07/01/2020,10:03:09,14.8,13.85,1300,14.65,2600,0,465400
MFSL30Jan20580CE.NFO,07/01/2020,10:03:12,14.8,13.95,1300,14.65,2600,0,465400
MFSL30Jan20580CE.NFO,07/01/2020,10:03:14,14.8,13.9,2600,14.65,2600,0,465400
MFSL30Jan20580CE.NFO,07/01/2020,10:03:15,14.8,13.9,1300,14.55,2600,0,465400
MFSL30Jan20580CE.NFO,07/01/2020,10:03:27,14.8,13.9,2600,14.55,2600,0,465400
MFSL30Jan20580CE.NFO,07/01/2020,10:03:28,14.8,13.95,1300,14.55,2600,0,465400
MFSL30Jan20580CE.NFO,07/01/2020,10:03:40,14.8,13.9,1300,14.55,2600,0,465400
MFSL30Jan20580CE.NFO,07/01/2020,10:03:43,14.8,13.9,3900,14.55,2600,0,465400
MFSL30Jan20580CE.NFO,07/01/2020,10:03:45,14.8,13.9,1300,14.55,2600,0,465400
MFSL30Jan20580CE.NFO,07/01/2020,10:03:48,14.8,13.9,3900,14.55,2600,0,465400
MFSL30Jan20580CE.NFO,07/01/2020,10:03:53,14.8,13.95,2600,14.55,2600,0,465400
MFSL30Jan20580CE.NFO,07/01/2020,10:04:09,14.8,13.9,3900,14.55,2600,0,465400
MFSL30Jan20580CE.NFO,07/01/2020,10:04:10,14.8,13.85,3900,14.55,2600,0,465400
MFSL30Jan20580CE.NFO,07/01/2020,10:04:11,14.8,13.85,2600,14.55,2600,0,465400
MFSL30Jan20580CE.NFO,07/01/2020,10:04:31,14.8,14.25,1300,14.7,1300,0,465400
MFSL30Jan20580CE.NFO,07/01/2020,10:04:32,14.8,14.45,1300,14.7,1300,0,465400
MFSL30Jan20580CE.NFO,07/01/2020,10:04:33,14.8,14.3,2600,15.35,3900,0,465400
MFSL30Jan20580CE.NFO,07/01/2020,10:04:34,14.8,14.3,1300,14.85,1300,0,465400
MFSL30Jan20580CE.NFO,07/01/2020,10:04:35,14.8,14.3,1300,14.8,1300,0,465400
MFSL30Jan20580CE.NFO,07/01/2020,10:04:44,14.8,14.25,2600,15.2,2600,0,465400
MFSL30Jan20580CE.NFO,07/01/2020,10:04:47,14.8,14.35,1300,14.95,1300,0,465400
MFSL30Jan20580CE.NFO,07/01/2020,10:04:49,14.8,14.35,2600,14.9,1300,0,465400
MFSL30Jan20580CE.NFO,07/01/2020,10:04:50,14.8,14.3,2600,14.9,1300,0,465400
MFSL30Jan20580CE.NFO,07/01/2020,10:04:52,14.8,14.35,1300,15.1,1300,0,465400
MFSL30Jan20580CE.NFO,07/01/2020,10:04:53,14.8,14.45,1300,15.1,1300,0,465400
MFSL30Jan20580CE.NFO,07/01/2020,10:04:54,14.8,14.4,3900,15.1,2600,0,465400
MFSL30Jan20580CE.NFO,07/01/2020,10:04:59,14.8,14.25,1300,15.1,2600,0,465400
MFSL30Jan20580CE.NFO,07/01/2020,10:05:02,14.8,14.2,2600,15,2600,0,465400
MFSL30Jan20580CE.NFO,07/01/2020,10:05:07,14.8,14.55,1300,15.1,1300,0,465400
MFSL30Jan20580CE.NFO,07/01/2020,10:05:08,14.8,14.65,1300,15.05,1300,0,465400
MFSL30Jan20580CE.NFO,07/01/2020,10:05:58,14.8,14.6,2600,15.4,2600,0,465400
MFSL30Jan20580CE.NFO,07/01/2020,10:05:59,14.8,14.65,1300,15.3,2600,0,465400
MFSL30Jan20580CE.NFO,07/01/2020,10:06:01,14.8,14.65,1300,15.3,1300,0,465400
MFSL30Jan20580CE.NFO,07/01/2020,10:06:03,14.8,14.6,2600,15.25,1300,0,465400
MFSL30Jan20580CE.NFO,07/01/2020,10:06:06,14.8,14.7,1300,15.45,2600,0,465400
MFSL30Jan20580CE.NFO,07/01/2020,10:06:08,14.8,14.7,1300,15.3,1300,0,465400
MFSL30Jan20580CE.NFO,07/01/2020,10:06:09,14.8,14.65,2600,15.6,1300,0,465400
MFSL30Jan20580CE.NFO,07/01/2020,10:06:10,14.8,14.65,2600,15.4,1300,0,465400
MFSL30Jan20580CE.NFO,07/01/2020,10:06:21,15,14.7,1300,15.65,3900,1300,465400
MFSL30Jan20580CE.NFO,07/01/2020,10:06:21,15,14.7,1300,15.65,3900,0,465400
MFSL30Jan20580CE.NFO,07/01/2020,10:06:38,15,14.7,1300,15.55,6500,0,465400
MFSL30Jan20580CE.NFO,07/01/2020,10:06:43,15,14.7,1300,15.45,3900,0,465400
MFSL30Jan20580CE.NFO,07/01/2020,10:06:49,15,14.55,1300,15.2,1300,0,465400
MFSL30Jan20580CE.NFO,07/01/2020,10:07:06,15,14.45,1300,15.15,1300,0,465400
MFSL30Jan20580CE.NFO,07/01/2020,10:07:17,15,14.45,3900,15.1,1300,0,465400
MFSL30Jan20580CE.NFO,07/01/2020,10:07:23,15,14.45,2600,15.1,1300,0,465400
MFSL30Jan20580CE.NFO,07/01/2020,10:07:29,15,14.45,3900,15.1,1300,0,465400
MFSL30Jan20580CE.NFO,07/01/2020,10:07:44,15,14.45,3900,15.05,1300,0,465400
MFSL30Jan20580CE.NFO,07/01/2020,10:08:23,15,14.45,3900,15.2,1300,0,465400
MFSL30Jan20580CE.NFO,07/01/2020,10:08:24,15,14.55,2600,15.2,1300,0,465400
MFSL30Jan20580CE.NFO,07/01/2020,10:08:25,15,14.6,1300,15.2,1300,0,465400
MFSL30Jan20580CE.NFO,07/01/2020,10:08:27,15,14.65,1300,15.2,1300,0,465400
MFSL30Jan20580CE.NFO,07/01/2020,10:08:28,15,14.7,1300,15.2,1300,0,465400
MFSL30Jan20580CE.NFO,07/01/2020,10:08:33,15,14.8,1300,15.2,1300,0,465400
MFSL30Jan20580CE.NFO,07/01/2020,10:09:07,15,14.8,1300,15.35,1300,0,465400
MFSL30Jan20580CE.NFO,07/01/2020,10:09:08,15,14.75,2600,15.35,1300,0,465400
MFSL30Jan20580CE.NFO,07/01/2020,10:09:16,15,14.75,2600,15.5,2600,0,465400
MFSL30Jan20580CE.NFO,07/01/2020,10:09:20,15,14.8,1300,15.35,1300,0,465400
MFSL30Jan20580CE.NFO,07/01/2020,10:09:50,15,14.75,1300,15.35,1300,0,465400
MFSL30Jan20580CE.NFO,07/01/2020,10:10:10,15,14.7,2600,15.35,1300,0,465400
MFSL30Jan20580CE.NFO,07/01/2020,10:10:42,15,14.7,1300,15.35,1300,0,465400
MFSL30Jan20580CE.NFO,07/01/2020,10:10:50,15,14.65,2600,15.35,1300,0,465400
MFSL30Jan20580CE.NFO,07/01/2020,10:11:04,15,14.65,2600,15.3,1300,0,465400
MFSL30Jan20580CE.NFO,07/01/2020,10:11:09,15,14.4,1300,15.1,1300,0,465400
MFSL30Jan20580CE.NFO,07/01/2020,10:11:36,15,14.45,1300,15.1,1300,0,465400
MFSL30Jan20580CE.NFO,07/01/2020,10:11:38,15,14.4,1300,15.1,1300,0,465400
MFSL30Jan20580CE.NFO,07/01/2020,10:12:15,15,14.4,2600,15.1,1300,0,465400
MFSL30Jan20580CE.NFO,07/01/2020,10:12:27,15,14.4,1300,15.1,1300,0,465400
MFSL30Jan20580CE.NFO,07/01/2020,10:12:55,15,14.35,1300,15.1,1300,0,465400
MFSL30Jan20580CE.NFO,07/01/2020,10:12:57,15,14.4,1300,15.1,1300,0,465400
MFSL30Jan20580CE.NFO,07/01/2020,10:13:09,15,14.35,2600,15.05,1300,0,465400
MFSL30Jan20580CE.NFO,07/01/2020,10:13:16,15,14.35,1300,15.05,1300,0,465400
MFSL30Jan20580CE.NFO,07/01/2020,10:13:17,15,14.25,1300,15.05,1300,0,465400
MFSL30Jan20580CE.NFO,07/01/2020,10:13:18,15,14.3,1300,15.05,1300,0,465400
MFSL30Jan20580CE.NFO,07/01/2020,10:13:23,15,14.35,1300,15.05,1300,0,465400
MFSL30Jan20580CE.NFO,07/01/2020,10:13:32,15,14.45,1300,15.05,1300,0,465400
MFSL30Jan20580CE.NFO,07/01/2020,10:13:47,15,14.2,2600,15.15,1300,0,465400
MFSL30Jan20580CE.NFO,07/01/2020,10:13:48,15,14.2,1300,15.15,1300,0,465400
MFSL30Jan20580CE.NFO,07/01/2020,10:13:49,15,14.25,1300,15.15,1300,0,465400
MFSL30Jan20580CE.NFO,07/01/2020,10:13:55,15,14.3,1300,15.15,1300,0,465400
MFSL30Jan20580CE.NFO,07/01/2020,10:13:57,15,14.4,2600,15.15,1300,0,465400
MFSL30Jan20580CE.NFO,07/01/2020,10:14:00,15,14.55,1300,15.15,1300,0,465400
MFSL30Jan20580CE.NFO,07/01/2020,10:14:43,15,14.45,1300,15.15,1300,0,465400
MFSL30Jan20580CE.NFO,07/01/2020,10:14:47,15,14.3,1300,15.15,1300,0,465400
MFSL30Jan20580CE.NFO,07/01/2020,10:14:48,15,14.35,1300,15.15,1300,0,465400
MFSL30Jan20580CE.NFO,07/01/2020,10:14:49,15,14.3,2600,15.15,1300,0,465400
MFSL30Jan20580CE.NFO,07/01/2020,10:14:50,15,14.35,1300,15.15,1300,0,465400
MFSL30Jan20580CE.NFO,07/01/2020,10:14:51,15,14.25,1300,15.15,1300,0,465400
MFSL30Jan20580CE.NFO,07/01/2020,10:14:54,15,14.45,1300,15.15,1300,0,465400
MFSL30Jan20580CE.NFO,07/01/2020,10:15:43,15,14.35,1300,15.15,1300,0,465400
MFSL30Jan20580CE.NFO,07/01/2020,10:15:49,15,14.3,1300,15.15,1300,0,465400
MFSL30Jan20580CE.NFO,07/01/2020,10:15:56,15,14.25,2600,15.15,1300,0,465400
MFSL30Jan20580CE.NFO,07/01/2020,10:16:00,15,14.25,3900,15.15,1300,0,465400
MFSL30Jan20580CE.NFO,07/01/2020,10:16:19,15,14.25,2600,15.15,1300,0,465400
MFSL30Jan20580CE.NFO,07/01/2020,10:16:32,15,14.2,1300,15.15,1300,0,465400
MFSL30Jan20580CE.NFO,07/01/2020,10:16:37,15,14.2,1300,15.1,1300,0,465400
MFSL30Jan20580CE.NFO,07/01/2020,10:16:57,15,14.15,1300,15.05,1300,0,465400
MFSL30Jan20580CE.NFO,07/01/2020,10:17:05,15,14.15,1300,14.95,1300,0,465400
MFSL30Jan20580CE.NFO,07/01/2020,10:17:09,15,14.1,1300,14.95,1300,0,465400
MFSL30Jan20580CE.NFO,07/01/2020,10:18:49,15,14.1,1300,14.9,1300,0,465400
MFSL30Jan20580CE.NFO,07/01/2020,10:18:54,15,14.1,1300,14.85,1300,0,465400
MFSL30Jan20580CE.NFO,07/01/2020,10:19:14,15,14.1,1300,14.8,1300,0,465400
MFSL30Jan20580CE.NFO,07/01/2020,10:19:27,15,14.1,1300,14.9,1300,0,465400
MFSL30Jan20580CE.NFO,07/01/2020,10:19:40,15,14.15,1300,15.05,1300,0,465400
MFSL30Jan20580CE.NFO,07/01/2020,10:19:47,15,14.1,1300,15.05,1300,0,465400
MFSL30Jan20580CE.NFO,07/01/2020,10:19:59,15,14.15,2600,15.05,1300,0,465400
MFSL30Jan20580CE.NFO,07/01/2020,10:20:16,15,14.25,2600,15.05,1300,0,465400
MFSL30Jan20580CE.NFO,07/01/2020,10:20:58,15,14.25,1300,15.05,1300,0,465400
MFSL30Jan20580CE.NFO,07/01/2020,10:21:05,15,14.05,1300,14.95,1300,0,465400
MFSL30Jan20580CE.NFO,07/01/2020,10:21:19,15,14.05,1300,14.9,1300,0,465400
MFSL30Jan20580CE.NFO,07/01/2020,10:21:53,15,14.3,1300,14.9,1300,0,465400
MFSL30Jan20580CE.NFO,07/01/2020,10:22:11,15,14.1,1300,14.75,1300,0,465400
MFSL30Jan20580CE.NFO,07/01/2020,10:22:58,15,14.1,1300,14.7,1300,0,465400
MFSL30Jan20580CE.NFO,07/01/2020,10:23:19,15,14.15,1300,14.7,1300,0,465400
MFSL30Jan20580CE.NFO,07/01/2020,10:23:27,15,14.1,2600,15.2,1300,0,465400
MFSL30Jan20580CE.NFO,07/01/2020,10:23:28,15,14.1,2600,15,1300,0,465400
MFSL30Jan20580CE.NFO,07/01/2020,10:23:30,15,14.15,2600,14.85,1300,0,465400
MFSL30Jan20580CE.NFO,07/01/2020,10:23:32,15,14.15,3900,14.85,1300,0,465400
MFSL30Jan20580CE.NFO,07/01/2020,10:23:38,15,14.2,2600,15.15,1300,0,465400
MFSL30Jan20580CE.NFO,07/01/2020,10:23:39,15,14.25,1300,14.95,1300,0,465400
MFSL30Jan20580CE.NFO,07/01/2020,10:23:42,15,14.2,2600,14.9,1300,0,465400
MFSL30Jan20580CE.NFO,07/01/2020,10:23:43,15,14.5,1300,14.9,1300,0,465400
MFSL30Jan20580CE.NFO,07/01/2020,10:23:50,15,14.4,1300,14.9,1300,0,465400
MFSL30Jan20580CE.NFO,07/01/2020,10:23:56,15,14.2,1300,14.9,1300,0,465400
MFSL30Jan20580CE.NFO,07/01/2020,10:23:58,15,14.2,2600,14.9,1300,0,465400
MFSL30Jan20580CE.NFO,07/01/2020,10:23:58,15,14.25,1300,14.9,1300,0,465400
MFSL30Jan20580CE.NFO,07/01/2020,10:24:04,15,14.35,2600,15.05,1300,0,465400
MFSL30Jan20580CE.NFO,07/01/2020,10:24:07,15,14.45,2600,15.05,1300,0,465400
MFSL30Jan20580CE.NFO,07/01/2020,10:24:29,15,14.45,1300,15.2,1300,0,465400
MFSL30Jan20580CE.NFO,07/01/2020,10:24:32,15,14.5,1300,15.2,1300,0,465400
MFSL30Jan20580CE.NFO,07/01/2020,10:24:42,15,14.55,1300,15.2,1300,0,465400
MFSL30Jan20580CE.NFO,07/01/2020,10:25:05,15,14.45,1300,15.2,1300,0,465400
MFSL30Jan20580CE.NFO,07/01/2020,10:25:17,15,14.45,1300,15.1,1300,0,465400
MFSL30Jan20580CE.NFO,07/01/2020,10:25:21,15,14.4,1300,15.05,1300,0,465400
MFSL30Jan20580CE.NFO,07/01/2020,10:25:34,15,14.2,1300,14.85,1300,0,465400
MFSL30Jan20580CE.NFO,07/01/2020,10:25:49,15,14.25,1300,14.85,1300,0,465400
MFSL30Jan20580CE.NFO,07/01/2020,10:26:03,15,14.5,1300,15.05,1300,0,465400
MFSL30Jan20580CE.NFO,07/01/2020,10:26:07,15,14.45,1300,15.05,1300,0,465400
MFSL30Jan20580CE.NFO,07/01/2020,10:26:17,15,14.35,1300,15.05,1300,0,465400
MFSL30Jan20580CE.NFO,07/01/2020,10:26:20,15,14.35,2600,15,1300,0,465400
MFSL30Jan20580CE.NFO,07/01/2020,10:26:28,15,14.35,3900,15,1300,0,465400
MFSL30Jan20580CE.NFO,07/01/2020,10:26:37,15,14.35,5200,15,1300,0,465400
MFSL30Jan20580CE.NFO,07/01/2020,10:26:47,15,14.45,2600,15,1300,0,465400
MFSL30Jan20580CE.NFO,07/01/2020,10:26:54,14.75,14.45,1300,15.45,3900,1300,465400
MFSL30Jan20580CE.NFO,07/01/2020,10:26:58,14.75,14.4,3900,15.45,3900,0,465400
MFSL30Jan20580CE.NFO,07/01/2020,10:27:06,14.75,14.5,1300,15.45,3900,0,465400
MFSL30Jan20580CE.NFO,07/01/2020,10:27:51,14.75,14.5,2600,15.45,3900,0,465400
MFSL30Jan20580CE.NFO,07/01/2020,10:27:57,14.75,14.45,2600,15.45,3900,0,465400
MFSL30Jan20580CE.NFO,07/01/2020,10:28:33,14.75,14.5,1300,15.45,3900,0,465400
MFSL30Jan20580CE.NFO,07/01/2020,10:28:59,14.75,14.5,1300,15.25,1300,0,465400
MFSL30Jan20580CE.NFO,07/01/2020,10:29:02,14.75,14.5,1300,15.25,2600,0,465400
MFSL30Jan20580CE.NFO,07/01/2020,10:29:05,14.75,14.45,5200,15.4,3900,0,465400
MFSL30Jan20580CE.NFO,07/01/2020,10:29:08,14.75,14.5,1300,14.8,1300,0,465400
MFSL30Jan20580CE.NFO,07/01/2020,10:29:40,14.75,14.4,1300,14.75,1300,0,465400
MFSL30Jan20580CE.NFO,07/01/2020,10:30:02,14.75,14.35,1300,14.75,1300,0,465400
MFSL30Jan20580CE.NFO,07/01/2020,10:30:37,14.75,14.55,1300,14.75,1300,0,465400
MFSL30Jan20580CE.NFO,07/01/2020,10:30:40,14.75,14.35,1300,14.75,1300,0,465400
MFSL30Jan20580CE.NFO,07/01/2020,10:30:43,14.75,14.55,1300,14.75,1300,0,465400
MFSL30Jan20580CE.NFO,07/01/2020,10:30:57,14.75,14.5,1300,14.75,1300,0,465400
MFSL30Jan20580CE.NFO,07/01/2020,10:31:19,14.75,14.5,2600,14.75,1300,0,465400
MFSL30Jan20580CE.NFO,07/01/2020,10:31:31,14.75,14.5,2600,14.65,1300,0,465400
MFSL30Jan20580CE.NFO,07/01/2020,10:33:37,14.6,14.4,1300,14.65,1300,1300,465400
MFSL30Jan20580CE.NFO,07/01/2020,10:33:38,14.6,14.3,1300,14.65,1300,0,465400
MFSL30Jan20580CE.NFO,07/01/2020,10:34:37,14.6,14.35,1300,14.65,1300,0,465400
MFSL30Jan20580CE.NFO,07/01/2020,10:34:44,14.6,14.3,1300,14.65,1300,0,465400
MFSL30Jan20580CE.NFO,07/01/2020,10:34:51,14.6,14.35,1300,14.65,1300,0,465400
MFSL30Jan20580CE.NFO,07/01/2020,10:34:53,14.6,14.2,1300,14.45,1300,0,465400
MFSL30Jan20580CE.NFO,07/01/2020,10:34:54,14.6,14.2,2600,14.45,1300,0,465400
MFSL30Jan20580CE.NFO,07/01/2020,10:34:56,14.6,14.2,1300,14.45,1300,0,465400
MFSL30Jan20580CE.NFO,07/01/2020,10:35:00,14.55,14.35,1300,14.75,2600,1300,465400
MFSL30Jan20580CE.NFO,07/01/2020,10:35:01,14.55,14.35,1300,14.75,2600,0,465400
MFSL30Jan20580CE.NFO,07/01/2020,10:35:07,14.55,14.4,1300,14.75,2600,0,465400
MFSL30Jan20580CE.NFO,07/01/2020,10:35:08,14.55,14.35,1300,14.75,2600,0,465400
MFSL30Jan20580CE.NFO,07/01/2020,10:35:31,14.55,14.3,3900,14.75,2600,0,465400
MFSL30Jan20580CE.NFO,07/01/2020,10:35:35,14.55,14.3,2600,14.75,2600,0,465400
MFSL30Jan20580CE.NFO,07/01/2020,10:35:54,14.55,14.35,1300,14.7,2600,0,465400
MFSL30Jan20580CE.NFO,07/01/2020,10:36:05,14.55,14.2,3900,14.6,1300,0,465400
MFSL30Jan20580CE.NFO,07/01/2020,10:36:13,14.55,14.3,1300,14.6,1300,0,465400
MFSL30Jan20580CE.NFO,07/01/2020,10:36:20,14.55,14.3,1300,14.7,1300,0,465400
MFSL30Jan20580CE.NFO,07/01/2020,10:36:29,14.55,14.35,1300,14.8,2600,0,465400
MFSL30Jan20580CE.NFO,07/01/2020,10:37:03,14.55,14.3,1300,14.8,2600,0,465400
MFSL30Jan20580CE.NFO,07/01/2020,10:37:07,14.55,14.25,2600,14.8,2600,0,465400
MFSL30Jan20580CE.NFO,07/01/2020,10:37:11,14.55,14.25,1300,14.8,2600,0,465400
MFSL30Jan20580CE.NFO,07/01/2020,10:37:34,14.55,14.2,3900,14.8,2600,0,465400
MFSL30Jan20580CE.NFO,07/01/2020,10:37:46,14.55,14.2,2600,14.8,2600,0,465400
MFSL30Jan20580CE.NFO,07/01/2020,10:38:28,14.55,14.35,2600,15.1,2600,0,465400
MFSL30Jan20580CE.NFO,07/01/2020,10:38:31,14.55,14.45,1300,15,1300,0,465400
MFSL30Jan20580CE.NFO,07/01/2020,10:38:45,14.55,14.3,2600,14.9,2600,0,465400
MFSL30Jan20580CE.NFO,07/01/2020,10:38:48,14.55,14.3,1300,14.9,2600,0,465400
MFSL30Jan20580CE.NFO,07/01/2020,10:38:55,14.55,14.35,1300,14.95,1300,0,465400
MFSL30Jan20580CE.NFO,07/01/2020,10:39:14,14.55,14.6,6500,15.1,1300,0,465400
MFSL30Jan20580CE.NFO,07/01/2020,10:39:25,14.55,14.65,6500,15.1,1300,0,465400
MFSL30Jan20580CE.NFO,07/01/2020,10:39:28,14.55,14.55,1300,15.1,1300,0,465400
MFSL30Jan20580CE.NFO,07/01/2020,10:39:48,14.55,14.55,1300,15.2,2600,0,465400
MFSL30Jan20580CE.NFO,07/01/2020,10:40:17,14.55,14.55,2600,15.2,2600,0,465400
MFSL30Jan20580CE.NFO,07/01/2020,10:41:14,14.55,14.65,1300,15.35,2600,0,465400
MFSL30Jan20580CE.NFO,07/01/2020,10:41:17,14.55,14.6,1300,15.25,2600,0,465400
MFSL30Jan20580CE.NFO,07/01/2020,10:41:36,14.55,14.6,2600,15.25,2600,0,465400
MFSL30Jan20580CE.NFO,07/01/2020,10:41:38,14.55,14.6,1300,15.25,2600,0,465400
MFSL30Jan20580CE.NFO,07/01/2020,10:41:42,14.55,14.6,2600,15.25,2600,0,465400
MFSL30Jan20580CE.NFO,07/01/2020,10:41:48,14.55,14.65,1300,15.4,2600,0,465400
MFSL30Jan20580CE.NFO,07/01/2020,10:41:56,14.55,14.65,3900,15.4,2600,0,465400
MFSL30Jan20580CE.NFO,07/01/2020,10:41:59,14.55,14.65,2600,15.4,2600,0,465400
MFSL30Jan20580CE.NFO,07/01/2020,10:42:02,14.55,14.65,3900,15.4,2600,0,465400
MFSL30Jan20580CE.NFO,07/01/2020,10:42:05,14.55,14.65,2600,15.4,2600,0,465400
MFSL30Jan20580CE.NFO,07/01/2020,10:42:09,14.55,14.65,3900,15.4,2600,0,465400
MFSL30Jan20580CE.NFO,07/01/2020,10:42:31,14.55,14.65,5200,15.4,2600,0,465400
MFSL30Jan20580CE.NFO,07/01/2020,10:42:48,14.55,14.6,1300,15.25,1300,0,465400
MFSL30Jan20580CE.NFO,07/01/2020,10:43:01,14.55,14.5,1300,15.05,1300,0,465400
MFSL30Jan20580CE.NFO,07/01/2020,10:43:04,14.55,14.5,3900,15.1,1300,0,465400
MFSL30Jan20580CE.NFO,07/01/2020,10:43:12,14.55,14.5,1300,15.1,1300,0,465400
MFSL30Jan20580CE.NFO,07/01/2020,10:43:38,14.55,14.4,1300,15,1300,0,465400
MFSL30Jan20580CE.NFO,07/01/2020,10:43:41,14.55,14.4,1300,14.95,1300,0,465400
MFSL30Jan20580CE.NFO,07/01/2020,10:43:42,14.55,14.35,2600,14.95,1300,0,465400
MFSL30Jan20580CE.NFO,07/01/2020,10:43:55,14.55,14.35,3900,15.05,1300,0,465400
MFSL30Jan20580CE.NFO,07/01/2020,10:43:59,14.55,14.4,1300,15,1300,0,465400
MFSL30Jan20580CE.NFO,07/01/2020,10:44:01,14.55,14.5,1300,15.25,2600,0,465400
MFSL30Jan20580CE.NFO,07/01/2020,10:44:06,14.55,14.45,1300,15.25,2600,0,465400
MFSL30Jan20580CE.NFO,07/01/2020,10:44:10,14.55,14.4,1300,15.15,2600,0,465400
MFSL30Jan20580CE.NFO,07/01/2020,10:44:15,14.55,14.4,2600,15.15,2600,0,465400
MFSL30Jan20580CE.NFO,07/01/2020,10:44:23,14.55,14.4,1300,15.15,2600,0,465400
MFSL30Jan20580CE.NFO,07/01/2020,10:44:27,14.55,14.4,2600,15.15,2600,0,465400
MFSL30Jan20580CE.NFO,07/01/2020,10:44:33,14.55,14.4,1300,15.15,2600,0,465400
MFSL30Jan20580CE.NFO,07/01/2020,10:44:52,14.55,14.35,3900,15.05,2600,0,465400
MFSL30Jan20580CE.NFO,07/01/2020,10:44:54,14.55,14.35,2600,14.95,1300,0,465400
MFSL30Jan20580CE.NFO,07/01/2020,10:44:55,14.55,14.35,1300,14.95,1300,0,465400
MFSL30Jan20580CE.NFO,07/01/2020,10:45:16,14.55,14.3,1300,14.9,1300,0,465400
MFSL30Jan20580CE.NFO,07/01/2020,10:45:43,14.55,14.3,1300,14.85,1300,0,465400
MFSL30Jan20580CE.NFO,07/01/2020,10:45:46,14.55,14.25,2600,14.85,1300,0,465400
MFSL30Jan20580CE.NFO,07/01/2020,10:45:53,14.55,14.3,1300,14.85,1300,0,465400
MFSL30Jan20580CE.NFO,07/01/2020,10:46:09,14.55,14.25,1300,14.8,1300,0,465400
MFSL30Jan20580CE.NFO,07/01/2020,10:46:32,14.55,14.15,2600,14.75,1300,0,465400
MFSL30Jan20580CE.NFO,07/01/2020,10:46:34,14.55,14.2,1300,14.75,1300,0,465400
MFSL30Jan20580CE.NFO,07/01/2020,10:46:42,14.55,14.15,2600,14.7,1300,0,465400
MFSL30Jan20580CE.NFO,07/01/2020,10:46:52,14.55,14.2,1300,14.8,1300,0,465400
MFSL30Jan20580CE.NFO,07/01/2020,10:47:23,14.55,14.2,1300,14.75,1300,0,465400
MFSL30Jan20580CE.NFO,07/01/2020,10:47:24,14.55,14.15,1300,14.75,1300,0,465400
MFSL30Jan20580CE.NFO,07/01/2020,10:48:15,14.55,14.25,1300,15,2600,0,465400
MFSL30Jan20580CE.NFO,07/01/2020,10:48:32,14.55,14.15,1300,14.9,2600,0,465400
MFSL30Jan20580CE.NFO,07/01/2020,10:48:46,14.55,14.2,1300,14.9,2600,0,465400
MFSL30Jan20580CE.NFO,07/01/2020,10:48:52,14.55,14,2600,14.6,2600,0,465400
MFSL30Jan20580CE.NFO,07/01/2020,10:49:00,14.55,13.95,1300,14.6,2600,0,465400
MFSL30Jan20580CE.NFO,07/01/2020,10:49:04,14.55,14,2600,14.6,2600,0,465400
MFSL30Jan20580CE.NFO,07/01/2020,10:49:08,14.55,14,1300,14.6,1300,0,465400
MFSL30Jan20580CE.NFO,07/01/2020,10:49:12,14.55,14,1300,14.55,1300,0,465400
MFSL30Jan20580CE.NFO,07/01/2020,10:49:25,14.55,13.65,1300,14.55,1300,0,465400
MFSL30Jan20580CE.NFO,07/01/2020,10:49:26,14.55,13.7,1300,14.4,2600,0,465400
MFSL30Jan20580CE.NFO,07/01/2020,10:49:27,14.55,13.75,1300,14.4,2600,0,465400
MFSL30Jan20580CE.NFO,07/01/2020,10:49:27,14.55,13.8,2600,14.45,1300,0,465400
MFSL30Jan20580CE.NFO,07/01/2020,10:49:28,14.55,13.8,1300,14.4,1300,0,465400
MFSL30Jan20580CE.NFO,07/01/2020,10:49:30,14.55,13.8,2600,14.4,1300,0,465400
MFSL30Jan20580CE.NFO,07/01/2020,10:49:31,14.55,13.85,1300,14.4,1300,0,465400
MFSL30Jan20580CE.NFO,07/01/2020,10:49:32,14.55,13.8,2600,14.35,1300,0,465400
MFSL30Jan20580CE.NFO,07/01/2020,10:49:32,14.55,13.7,1300,14.3,1300,0,465400
MFSL30Jan20580CE.NFO,07/01/2020,10:49:33,14.55,13.65,1300,14.3,1300,0,465400
MFSL30Jan20580CE.NFO,07/01/2020,10:50:01,14.55,13.35,2600,14.1,1300,0,465400
MFSL30Jan20580CE.NFO,07/01/2020,10:50:02,14.55,13.35,3900,14.2,2600,0,465400
MFSL30Jan20580CE.NFO,07/01/2020,10:50:03,14.55,13.4,1300,14.2,2600,0,465400
MFSL30Jan20580CE.NFO,07/01/2020,10:50:05,14.55,13.5,1300,14.2,2600,0,465400
MFSL30Jan20580CE.NFO,07/01/2020,10:50:11,14.55,13.45,1300,14.2,2600,0,465400
MFSL30Jan20580CE.NFO,07/01/2020,10:50:16,14.55,13.3,1300,14.2,2600,0,465400
MFSL30Jan20580CE.NFO,07/01/2020,10:50:17,14.55,13.5,1300,14.1,2600,0,465400
MFSL30Jan20580CE.NFO,07/01/2020,10:50:24,14.55,13.55,1300,14.1,2600,0,465400
MFSL30Jan20580CE.NFO,07/01/2020,10:50:31,14.55,13.5,1300,14.1,2600,0,465400
MFSL30Jan20580CE.NFO,07/01/2020,10:50:36,14.55,13.4,1300,14.1,2600,0,465400
MFSL30Jan20580CE.NFO,07/01/2020,10:50:42,14.55,13.4,2600,14.1,2600,0,465400
MFSL30Jan20580CE.NFO,07/01/2020,10:50:44,14.55,13.5,1300,14.15,1300,0,465400
MFSL30Jan20580CE.NFO,07/01/2020,10:50:45,14.55,13.5,3900,14.15,1300,0,465400
MFSL30Jan20580CE.NFO,07/01/2020,10:50:46,14.55,13.6,2600,14.15,1300,0,465400
MFSL30Jan20580CE.NFO,07/01/2020,10:50:48,14.55,13.6,2600,14.1,1300,0,465400
MFSL30Jan20580CE.NFO,07/01/2020,10:50:48,14.55,13.6,1300,14.1,1300,0,465400
MFSL30Jan20580CE.NFO,07/01/2020,10:50:50,14.55,13.6,2600,14.1,1300,0,465400
MFSL30Jan20580CE.NFO,07/01/2020,10:50:53,14.55,13.4,3900,14.1,1300,0,465400
MFSL30Jan20580CE.NFO,07/01/2020,10:50:55,14.55,13.4,2600,14.1,1300,0,465400
MFSL30Jan20580CE.NFO,07/01/2020,10:50:56,14.55,13.4,3900,14.1,1300,0,465400
MFSL30Jan20580CE.NFO,07/01/2020,10:50:58,14.55,13.4,2600,14.1,1300,0,465400
MFSL30Jan20580CE.NFO,07/01/2020,10:51:00,14.55,13.4,1300,14,1300,0,465400
MFSL30Jan20580CE.NFO,07/01/2020,10:51:00,14.55,13.4,5200,14,1300,0,465400
MFSL30Jan20580CE.NFO,07/01/2020,10:51:11,14.55,13.4,6500,14,1300,0,465400
MFSL30Jan20580CE.NFO,07/01/2020,10:51:19,14.55,13.5,1300,14,1300,0,465400
MFSL30Jan20580CE.NFO,07/01/2020,10:51:19,14.55,13.45,1300,14,1300,0,465400
MFSL30Jan20580CE.NFO,07/01/2020,10:51:25,14.55,13.45,2600,14.15,2600,0,465400
MFSL30Jan20580CE.NFO,07/01/2020,10:51:26,14.55,13.55,1300,14.2,3900,0,465400
MFSL30Jan20580CE.NFO,07/01/2020,10:51:27,14.55,13.5,2600,14.2,2600,0,465400
MFSL30Jan20580CE.NFO,07/01/2020,10:51:35,14.55,13.5,1300,14.2,2600,0,465400
MFSL30Jan20580CE.NFO,07/01/2020,10:51:37,14.55,13.55,1300,14.2,3900,0,465400
MFSL30Jan20580CE.NFO,07/01/2020,10:51:43,14.55,13.55,1300,14.2,2600,0,465400
MFSL30Jan20580CE.NFO,07/01/2020,10:51:44,14.55,13.75,3900,14.25,1300,0,465400
MFSL30Jan20580CE.NFO,07/01/2020,10:51:45,14.55,13.75,1300,14.25,1300,0,465400
MFSL30Jan20580CE.NFO,07/01/2020,10:51:46,14.55,13.7,2600,14.25,1300,0,465400
MFSL30Jan20580CE.NFO,07/01/2020,10:51:59,14.55,13.7,1300,14.25,1300,0,465400
MFSL30Jan20580CE.NFO,07/01/2020,10:52:01,14.55,13.7,3900,14.25,1300,0,465400
MFSL30Jan20580CE.NFO,07/01/2020,10:52:18,14.55,13.75,1300,14.25,1300,0,465400
MFSL30Jan20580CE.NFO,07/01/2020,10:52:22,13.6,13.2,2600,13.95,1300,24700,466700
MFSL30Jan20580CE.NFO,07/01/2020,10:52:22,13,13.2,2600,13.95,1300,0,466700
MFSL30Jan20580CE.NFO,07/01/2020,10:52:26,13.6,13.3,1300,13.95,1300,0,466700
MFSL30Jan20580CE.NFO,07/01/2020,10:52:54,13.6,13.3,1300,13.8,1300,0,466700
MFSL30Jan20580CE.NFO,07/01/2020,10:53:09,13.6,13.15,1300,13.8,1300,0,466700
MFSL30Jan20580CE.NFO,07/01/2020,10:53:15,13.6,13.15,2600,13.8,1300,0,466700
MFSL30Jan20580CE.NFO,07/01/2020,10:53:31,13.6,13.25,1300,13.8,1300,0,466700
MFSL30Jan20580CE.NFO,07/01/2020,10:53:47,13.6,13.25,2600,13.8,1300,0,466700
MFSL30Jan20580CE.NFO,07/01/2020,10:53:52,13.6,13.25,1300,13.85,1300,0,466700
MFSL30Jan20580CE.NFO,07/01/2020,10:53:58,13.6,13.15,1300,13.75,1300,0,466700
MFSL30Jan20580CE.NFO,07/01/2020,10:54:03,13.6,13.15,2600,13.75,1300,0,466700
MFSL30Jan20580CE.NFO,07/01/2020,10:54:08,13.6,13.15,3900,13.75,1300,0,466700
MFSL30Jan20580CE.NFO,07/01/2020,10:54:22,13.6,13.25,1300,13.75,1300,0,466700
MFSL30Jan20580CE.NFO,07/01/2020,10:54:31,13.6,13.2,1300,13.75,1300,0,466700
MFSL30Jan20580CE.NFO,07/01/2020,10:54:35,13.6,13.2,1300,13.5,1300,0,466700
MFSL30Jan20580CE.NFO,07/01/2020,10:54:45,13.6,13.4,1300,13.5,1300,0,466700
MFSL30Jan20580CE.NFO,07/01/2020,10:54:50,13.6,13.25,1300,13.5,1300,0,466700
MFSL30Jan20580CE.NFO,07/01/2020,10:56:01,13.5,13.25,1300,13.7,2600,1300,469300
MFSL30Jan20580CE.NFO,07/01/2020,10:56:05,13.5,13.25,1300,13.7,2600,0,469300
MFSL30Jan20580CE.NFO,07/01/2020,10:56:10,13.5,13.35,2600,13.7,1300,0,469300
MFSL30Jan20580CE.NFO,07/01/2020,10:56:15,13.5,13.35,1300,13.7,1300,0,469300
MFSL30Jan20580CE.NFO,07/01/2020,10:56:19,13.5,13.4,1300,13.8,1300,0,469300
MFSL30Jan20580CE.NFO,07/01/2020,10:56:23,13.5,13.45,2600,13.9,2600,0,469300
MFSL30Jan20580CE.NFO,07/01/2020,10:56:46,13.5,13.45,1300,13.75,1300,0,469300
MFSL30Jan20580CE.NFO,07/01/2020,10:56:56,13.5,13.4,1300,13.75,1300,0,469300
MFSL30Jan20580CE.NFO,07/01/2020,10:57:02,13.5,13.4,1300,13.8,2600,0,469300
MFSL30Jan20580CE.NFO,07/01/2020,10:57:06,13.5,13.45,1300,13.8,1300,0,469300
MFSL30Jan20580CE.NFO,07/01/2020,10:57:12,13.5,13.4,1300,13.75,2600,0,469300
MFSL30Jan20580CE.NFO,07/01/2020,10:57:18,13.5,13.4,1300,13.75,1300,0,469300
MFSL30Jan20580CE.NFO,07/01/2020,10:57:25,13.5,13.4,1300,13.7,1300,0,469300
MFSL30Jan20580CE.NFO,07/01/2020,10:57:32,13.5,13.4,1300,13.75,1300,0,469300
MFSL30Jan20580CE.NFO,07/01/2020,10:57:39,13.5,13.45,1300,13.75,1300,0,469300
MFSL30Jan20580CE.NFO,07/01/2020,10:57:52,13.5,13.4,1300,13.75,1300,0,469300
MFSL30Jan20580CE.NFO,07/01/2020,10:58:23,13.5,13.25,1300,13.55,1300,0,469300
MFSL30Jan20580CE.NFO,07/01/2020,10:58:42,13.5,13.2,1300,13.55,1300,0,469300
MFSL30Jan20580CE.NFO,07/01/2020,10:58:48,13.5,13.25,1300,13.55,1300,0,469300
MFSL30Jan20580CE.NFO,07/01/2020,10:59:07,13.5,13.3,1300,13.55,1300,0,469300
MFSL30Jan20580CE.NFO,07/01/2020,10:59:14,13.5,13.25,1300,13.55,1300,0,469300
MFSL30Jan20580CE.NFO,07/01/2020,10:59:38,13.5,13.3,1300,13.6,1300,0,469300
MFSL30Jan20580CE.NFO,07/01/2020,10:59:55,13.5,13.25,1300,13.5,1300,0,469300
MFSL30Jan20580CE.NFO,07/01/2020,11:01:03,13.1,12.85,1300,13.2,1300,1300,469300
MFSL30Jan20580CE.NFO,07/01/2020,11:01:11,13.1,12.9,1300,13.15,1300,0,469300
MFSL30Jan20580CE.NFO,07/01/2020,11:01:18,12.9,12.75,1300,13.3,3900,1300,469300
MFSL30Jan20580CE.NFO,07/01/2020,11:01:18,12.9,12.75,1300,13.3,3900,0,469300
MFSL30Jan20580CE.NFO,07/01/2020,11:01:26,12.9,12.9,1300,13.3,2600,0,469300
MFSL30Jan20580CE.NFO,07/01/2020,11:01:33,12.9,12.95,1300,13.3,2600,0,469300
MFSL30Jan20580CE.NFO,07/01/2020,11:01:49,12.85,12.75,1300,13.25,1300,1300,469300
MFSL30Jan20580CE.NFO,07/01/2020,11:01:49,12.85,12.75,1300,13.25,1300,0,469300
MFSL30Jan20580CE.NFO,07/01/2020,11:01:57,12.85,12.6,1300,13.05,1300,0,469300
MFSL30Jan20580CE.NFO,07/01/2020,11:02:04,12.85,12.6,1300,13.1,1300,0,469300
MFSL30Jan20580CE.NFO,07/01/2020,11:02:11,12.85,12.8,1300,13.35,2600,0,469300
MFSL30Jan20580CE.NFO,07/01/2020,11:02:17,12.85,12.9,2600,13.45,1300,0,469300
MFSL30Jan20580CE.NFO,07/01/2020,11:02:30,12.85,12.95,1300,13.45,1300,0,469300
MFSL30Jan20580CE.NFO,07/01/2020,11:02:37,12.85,12.7,1300,13.15,1300,0,469300
MFSL30Jan20580CE.NFO,07/01/2020,11:02:43,12.85,12.75,1300,13.15,1300,0,469300
MFSL30Jan20580CE.NFO,07/01/2020,11:02:49,12.85,12.65,1300,13.1,2600,0,469300
MFSL30Jan20580CE.NFO,07/01/2020,11:02:56,12.85,12.75,1300,13.15,2600,0,469300
MFSL30Jan20580CE.NFO,07/01/2020,11:03:02,12.85,12.7,1300,13.15,1300,0,469300
MFSL30Jan20580CE.NFO,07/01/2020,11:03:08,12.85,12.7,2600,13.15,1300,0,469300
MFSL30Jan20580CE.NFO,07/01/2020,11:03:16,12.85,12.65,1300,13.1,1300,0,469300
MFSL30Jan20580CE.NFO,07/01/2020,11:03:23,12.85,12.6,2600,13.05,1300,0,469300
MFSL30Jan20580CE.NFO,07/01/2020,11:03:29,12.85,12.65,2600,13.1,1300,0,469300
MFSL30Jan20580CE.NFO,07/01/2020,11:03:35,12.85,12.6,1300,13.05,1300,0,469300
MFSL30Jan20580CE.NFO,07/01/2020,11:03:42,12.85,12.3,1300,12.75,1300,0,469300
MFSL30Jan20580CE.NFO,07/01/2020,11:03:50,12.85,12.4,2600,13,2600,0,469300
MFSL30Jan20580CE.NFO,07/01/2020,11:03:57,12.85,12.4,1300,12.9,2600,0,469300
MFSL30Jan20580CE.NFO,07/01/2020,11:04:10,12.85,12.4,2600,12.9,2600,0,469300
MFSL30Jan20580CE.NFO,07/01/2020,11:04:16,12.85,12.5,1300,12.95,1300,0,469300
MFSL30Jan20580CE.NFO,07/01/2020,11:04:23,12.85,12.5,2600,12.95,1300,0,469300
MFSL30Jan20580CE.NFO,07/01/2020,11:04:29,12.85,12.5,1300,12.95,1300,0,469300
MFSL30Jan20580CE.NFO,07/01/2020,11:04:36,12.85,12.45,1300,12.85,1300,0,469300
MFSL30Jan20580CE.NFO,07/01/2020,11:04:43,12.85,12.35,1300,12.8,1300,0,469300
MFSL30Jan20580CE.NFO,07/01/2020,11:04:50,12.85,12.35,2600,12.8,1300,0,469300
MFSL30Jan20580CE.NFO,07/01/2020,11:04:57,12.85,12.4,1300,12.9,1300,0,469300
MFSL30Jan20580CE.NFO,07/01/2020,11:05:04,12.85,12.4,2600,12.85,1300,0,469300
MFSL30Jan20580CE.NFO,07/01/2020,11:05:11,12.85,12.2,1300,12.75,1300,0,469300
MFSL30Jan20580CE.NFO,07/01/2020,11:05:13,12.85,12.15,1300,12.6,1300,0,469300
MFSL30Jan20580CE.NFO,07/01/2020,11:05:20,12.85,12.1,1300,12.6,1300,0,469300
MFSL30Jan20580CE.NFO,07/01/2020,11:05:29,12.85,12.1,1300,12.65,1300,0,469300
MFSL30Jan20580CE.NFO,07/01/2020,11:05:40,12.85,12.15,1300,12.65,2600,0,469300
MFSL30Jan20580CE.NFO,07/01/2020,11:05:51,12.85,12.15,1300,12.65,1300,0,469300
MFSL30Jan20580CE.NFO,07/01/2020,11:05:52,12.85,12.15,2600,12.7,1300,0,469300
MFSL30Jan20580CE.NFO,07/01/2020,11:05:53,12.85,12.15,2600,12.65,1300,0,469300
MFSL30Jan20580CE.NFO,07/01/2020,11:06:02,12.85,12.25,1300,12.75,1300,0,469300
MFSL30Jan20580CE.NFO,07/01/2020,11:06:06,12.85,12.25,1300,12.85,1300,0,469300
MFSL30Jan20580CE.NFO,07/01/2020,11:06:07,12.85,12.25,1300,12.8,1300,0,469300
MFSL30Jan20580CE.NFO,07/01/2020,11:06:10,12.85,12.15,3900,12.85,2600,0,469300
MFSL30Jan20580CE.NFO,07/01/2020,11:06:43,12.85,12.15,3900,12.85,3900,0,469300
MFSL30Jan20580CE.NFO,07/01/2020,11:06:50,12.85,12.15,3900,12.75,2600,0,469300
MFSL30Jan20580CE.NFO,07/01/2020,11:07:08,12.85,12.15,3900,12.7,1300,0,469300
MFSL30Jan20580CE.NFO,07/01/2020,11:07:23,12.85,12.2,3900,12.65,2600,0,469300
MFSL30Jan20580CE.NFO,07/01/2020,11:07:28,12.85,12.25,2600,12.85,2600,0,469300
MFSL30Jan20580CE.NFO,07/01/2020,11:07:39,12.85,12.3,1300,12.85,2600,0,469300
MFSL30Jan20580CE.NFO,07/01/2020,11:07:45,12.85,12.35,2600,12.85,2600,0,469300
MFSL30Jan20580CE.NFO,07/01/2020,11:07:50,12.85,12.25,1300,12.75,2600,0,469300
MFSL30Jan20580CE.NFO,07/01/2020,11:08:01,12.85,12.3,1300,12.75,2600,0,469300
MFSL30Jan20580CE.NFO,07/01/2020,11:08:05,12.85,12.2,2600,12.7,1300,0,469300
MFSL30Jan20580CE.NFO,07/01/2020,11:08:09,12.85,12.2,3900,12.7,1300,0,469300
MFSL30Jan20580CE.NFO,07/01/2020,11:08:14,12.85,12.4,2600,12.95,2600,0,469300
MFSL30Jan20580CE.NFO,07/01/2020,11:08:20,12.85,12.55,2600,13.1,2600,0,469300
MFSL30Jan20580CE.NFO,07/01/2020,11:08:25,12.85,12.65,1300,13.15,2600,0,469300
MFSL30Jan20580CE.NFO,07/01/2020,11:08:50,12.85,12.75,1300,13.15,1300,0,469300
MFSL30Jan20580CE.NFO,07/01/2020,11:09:09,12.85,12.65,2600,13.1,1300,0,469300
MFSL30Jan20580CE.NFO,07/01/2020,11:09:15,12.85,12.7,1300,13.15,1300,0,469300
MFSL30Jan20580CE.NFO,07/01/2020,11:09:20,12.85,12.65,1300,13.1,1300,0,469300
MFSL30Jan20580CE.NFO,07/01/2020,11:09:24,12.85,12.7,1300,13.1,1300,0,469300
MFSL30Jan20580CE.NFO,07/01/2020,11:09:29,12.85,12.7,1300,13.05,1300,0,469300
MFSL30Jan20580CE.NFO,07/01/2020,11:09:43,12.85,12.7,1300,13.1,1300,0,469300
MFSL30Jan20580CE.NFO,07/01/2020,11:09:47,12.85,12.75,2600,13.15,1300,0,469300
MFSL30Jan20580CE.NFO,07/01/2020,11:09:55,12.85,13.15,3900,13.2,1300,0,469300
MFSL30Jan20580CE.NFO,07/01/2020,11:10:03,13.2,13.2,2600,13.3,1300,1300,469300
MFSL30Jan20580CE.NFO,07/01/2020,11:10:08,13.2,13.2,2600,13.3,1300,0,469300
MFSL30Jan20580CE.NFO,07/01/2020,11:10:17,13.2,12.75,2600,13.25,2600,2600,469300
MFSL30Jan20580CE.NFO,07/01/2020,11:10:18,13.2,12.75,2600,13.25,2600,0,469300
MFSL30Jan20580CE.NFO,07/01/2020,11:10:30,13.2,12.75,1300,13.25,2600,0,469300
MFSL30Jan20580CE.NFO,07/01/2020,11:10:34,13.2,12.75,2600,13.25,2600,0,469300
MFSL30Jan20580CE.NFO,07/01/2020,11:10:48,13.2,12.9,1300,13.25,2600,0,469300
MFSL30Jan20580CE.NFO,07/01/2020,11:10:50,13.2,12.8,1300,13.25,2600,0,469300
MFSL30Jan20580CE.NFO,07/01/2020,11:10:53,13.25,12.9,1300,13.4,2600,1300,469300
MFSL30Jan20580CE.NFO,07/01/2020,11:10:54,13.25,13,1300,13.4,2600,0,469300
MFSL30Jan20580CE.NFO,07/01/2020,11:10:55,13.25,12.9,1300,13.4,1300,0,469300
MFSL30Jan20580CE.NFO,07/01/2020,11:10:59,13.25,12.95,1300,13.4,1300,0,469300
MFSL30Jan20580CE.NFO,07/01/2020,11:11:12,13.25,12.8,1300,13.2,1300,0,469300
MFSL30Jan20580CE.NFO,07/01/2020,11:11:42,13.25,12.8,2600,13.2,1300,0,469300
MFSL30Jan20580CE.NFO,07/01/2020,11:12:10,13.25,12.8,1300,13,1300,0,469300
MFSL30Jan20580CE.NFO,07/01/2020,11:12:31,12.8,12.5,1300,13,1300,1300,469300
MFSL30Jan20580CE.NFO,07/01/2020,11:12:31,12.8,12.5,1300,13,1300,0,469300
MFSL30Jan20580CE.NFO,07/01/2020,11:12:37,12.8,12.5,1300,12.95,1300,0,469300
MFSL30Jan20580CE.NFO,07/01/2020,11:13:09,12.8,12.55,1300,13.05,1300,0,469300
MFSL30Jan20580CE.NFO,07/01/2020,11:13:15,12.8,12.55,1300,12.95,1300,0,469300
MFSL30Jan20580CE.NFO,07/01/2020,11:13:21,12.8,12.55,2600,12.9,1300,0,469300
MFSL30Jan20580CE.NFO,07/01/2020,11:13:44,12.8,12.55,1300,12.9,1300,0,469300
MFSL30Jan20580CE.NFO,07/01/2020,11:14:06,12.8,12.55,1300,12.95,1300,0,469300
MFSL30Jan20580CE.NFO,07/01/2020,11:14:19,12.8,12.7,1300,13.1,1300,0,469300
MFSL30Jan20580CE.NFO,07/01/2020,11:14:29,12.8,12.75,1300,13.1,1300,0,469300
MFSL30Jan20580CE.NFO,07/01/2020,11:14:34,12.8,12.55,1300,12.95,1300,0,469300
MFSL30Jan20580CE.NFO,07/01/2020,11:14:44,12.8,12.55,1300,12.85,1300,0,469300
MFSL30Jan20580CE.NFO,07/01/2020,11:15:40,12.8,12.55,1300,12.9,1300,0,469300
MFSL30Jan20580CE.NFO,07/01/2020,11:15:56,12.8,12.55,1300,12.85,1300,0,469300
MFSL30Jan20580CE.NFO,07/01/2020,11:16:27,12.8,12.55,1300,12.9,1300,0,469300
MFSL30Jan20580CE.NFO,07/01/2020,11:16:56,12.8,12.55,1300,12.85,1300,0,469300
MFSL30Jan20580CE.NFO,07/01/2020,11:17:11,12.9,12.55,1300,13.2,1300,1300,469300
MFSL30Jan20580CE.NFO,07/01/2020,11:17:16,12.9,12.55,1300,13.1,1300,0,469300
MFSL30Jan20580CE.NFO,07/01/2020,11:17:21,12.9,12.55,1300,13,1300,0,469300
MFSL30Jan20580CE.NFO,07/01/2020,11:18:29,12.9,12.6,1300,13,1300,0,469300
MFSL30Jan20580CE.NFO,07/01/2020,11:18:39,12.9,12.6,1300,13.15,1300,0,469300
MFSL30Jan20580CE.NFO,07/01/2020,11:18:45,12.9,12.6,1300,13.1,1300,0,469300
MFSL30Jan20580CE.NFO,07/01/2020,11:19:22,12.9,12.55,1300,13.1,1300,0,469300
MFSL30Jan20580CE.NFO,07/01/2020,11:19:30,12.9,12.6,1300,13.15,1300,0,469300
MFSL30Jan20580CE.NFO,07/01/2020,11:19:49,12.9,12.65,1300,13.15,1300,0,469300
MFSL30Jan20580CE.NFO,07/01/2020,11:20:05,12.9,12.65,1300,13.2,2600,0,469300
MFSL30Jan20580CE.NFO,07/01/2020,11:20:33,12.9,12.75,1300,13.25,1300,0,469300
MFSL30Jan20580CE.NFO,07/01/2020,11:20:43,12.9,12.75,1300,13.3,1300,0,469300
MFSL30Jan20580CE.NFO,07/01/2020,11:20:54,12.9,12.75,2600,13.3,1300,0,469300
MFSL30Jan20580CE.NFO,07/01/2020,11:21:10,12.9,12.75,1300,13.25,1300,0,469300
MFSL30Jan20580CE.NFO,07/01/2020,11:21:29,12.9,12.65,1300,13.2,1300,0,469300
MFSL30Jan20580CE.NFO,07/01/2020,11:21:51,12.9,12.7,1300,13.2,1300,0,469300
MFSL30Jan20580CE.NFO,07/01/2020,11:22:30,12.9,12.75,1300,13.2,1300,0,469300
MFSL30Jan20580CE.NFO,07/01/2020,11:23:14,12.9,12.7,1300,13.2,1300,0,469300
MFSL30Jan20580CE.NFO,07/01/2020,11:23:59,12.9,12.75,1300,13.2,1300,0,469300
MFSL30Jan20580CE.NFO,07/01/2020,11:24:06,12.9,12.75,1300,13.25,1300,0,469300
MFSL30Jan20580CE.NFO,07/01/2020,11:25:26,12.9,12.7,1300,13.25,1300,0,469300
MFSL30Jan20580CE.NFO,07/01/2020,11:25:35,12.9,12.75,1300,13.25,1300,0,469300
MFSL30Jan20580CE.NFO,07/01/2020,11:25:40,12.9,12.75,1300,13.35,2600,0,469300
MFSL30Jan20580CE.NFO,07/01/2020,11:26:31,12.9,12.75,2600,13.35,2600,0,469300
MFSL30Jan20580CE.NFO,07/01/2020,11:26:42,12.9,12.75,1300,13.35,2600,0,469300
MFSL30Jan20580CE.NFO,07/01/2020,11:26:47,12.9,12.75,1300,13.3,2600,0,469300
MFSL30Jan20580CE.NFO,07/01/2020,11:26:51,12.9,12.7,1300,13.1,1300,0,469300
MFSL30Jan20580CE.NFO,07/01/2020,11:27:21,12.9,12.6,1300,13.1,1300,0,469300
MFSL30Jan20580CE.NFO,07/01/2020,11:27:53,12.9,12.65,1300,13.1,1300,0,469300
MFSL30Jan20580CE.NFO,07/01/2020,11:28:01,12.9,12.7,1300,13.1,1300,0,469300
MFSL30Jan20580CE.NFO,07/01/2020,11:28:20,12.9,12.75,1300,13.1,1300,0,469300
MFSL30Jan20580CE.NFO,07/01/2020,11:28:27,12.9,12.7,1300,13.2,1300,0,469300
MFSL30Jan20580CE.NFO,07/01/2020,11:28:31,12.9,12.6,1300,13.25,1300,0,469300
MFSL30Jan20580CE.NFO,07/01/2020,11:28:34,12.9,12.7,1300,13.1,1300,0,469300
MFSL30Jan20580CE.NFO,07/01/2020,11:28:40,12.9,12.75,1300,13.15,1300,0,469300
MFSL30Jan20580CE.NFO,07/01/2020,11:30:06,12.9,12.7,1300,13.1,1300,0,469300
MFSL30Jan20580CE.NFO,07/01/2020,11:30:14,12.9,12.7,1300,13.2,1300,0,469300
MFSL30Jan20580CE.NFO,07/01/2020,11:30:19,12.9,12.7,1300,13.1,1300,0,469300
MFSL30Jan20580CE.NFO,07/01/2020,11:30:23,12.9,12.6,1300,13.15,1300,0,469300
MFSL30Jan20580CE.NFO,07/01/2020,11:30:38,12.9,12.6,1300,12.8,1300,0,469300
MFSL30Jan20580CE.NFO,07/01/2020,11:30:41,12.9,12.45,1300,12.8,1300,0,469300
MFSL30Jan20580CE.NFO,07/01/2020,11:30:44,12.9,12.35,3900,12.8,1300,0,469300
MFSL30Jan20580CE.NFO,07/01/2020,11:30:47,12.5,12.3,1300,12.8,1300,1300,469300
MFSL30Jan20580CE.NFO,07/01/2020,11:30:47,12.5,12.3,1300,12.8,1300,0,469300
MFSL30Jan20580CE.NFO,07/01/2020,11:30:51,12.5,12.25,3900,12.8,1300,2600,469300
MFSL30Jan20580CE.NFO,07/01/2020,11:30:53,12.5,12.35,1300,12.8,1300,2600,469300
MFSL30Jan20580CE.NFO,07/01/2020,11:30:56,12.5,12.35,1300,12.8,1300,0,469300
MFSL30Jan20580CE.NFO,07/01/2020,11:30:58,12.5,12.35,1300,12.5,1300,1300,469300
MFSL30Jan20580CE.NFO,07/01/2020,11:31:04,12.5,12.35,1300,12.5,1300,0,469300
MFSL30Jan20580CE.NFO,07/01/2020,11:31:11,12,11.9,1300,13,2600,14300,469300
MFSL30Jan20580CE.NFO,07/01/2020,11:31:11,12,11.9,1300,13,2600,0,469300
MFSL30Jan20580CE.NFO,07/01/2020,11:31:16,12,11.85,1300,12.95,2600,1300,469300
MFSL30Jan20580CE.NFO,07/01/2020,11:31:20,12,11.85,1300,12.2,1300,1300,469300
MFSL30Jan20580CE.NFO,07/01/2020,11:31:24,12,11.8,1300,12.2,1300,1300,469300
MFSL30Jan20580CE.NFO,07/01/2020,11:31:29,12,11.8,1300,12,1300,1300,469300
MFSL30Jan20580CE.NFO,07/01/2020,11:31:34,12,11.8,1300,12.65,5200,1300,469300
MFSL30Jan20580CE.NFO,07/01/2020,11:31:38,12,11.65,2600,12,1300,0,469300
MFSL30Jan20580CE.NFO,07/01/2020,11:31:46,11.7,11.7,3900,12.75,2600,1300,469300
MFSL30Jan20580CE.NFO,07/01/2020,11:31:46,11.7,11.7,3900,12.75,2600,0,469300
MFSL30Jan20580CE.NFO,07/01/2020,11:31:52,11.7,11.75,1300,12.8,2600,0,469300
MFSL30Jan20580CE.NFO,07/01/2020,11:31:58,11.7,11.8,3900,12.65,1300,0,469300
MFSL30Jan20580CE.NFO,07/01/2020,11:32:04,11.7,11.85,1300,12.65,1300,0,469300
MFSL30Jan20580CE.NFO,07/01/2020,11:32:10,11.7,11.8,3900,12.75,2600,0,469300
MFSL30Jan20580CE.NFO,07/01/2020,11:32:15,11.7,11.85,1300,12.7,2600,0,469300
MFSL30Jan20580CE.NFO,07/01/2020,11:32:19,11.7,12,1300,12.7,2600,0,469300
MFSL30Jan20580CE.NFO,07/01/2020,11:32:23,11.7,12,1300,12.75,2600,0,469300
MFSL30Jan20580CE.NFO,07/01/2020,11:32:23,11.7,12,1300,12.7,1300,0,469300
MFSL30Jan20580CE.NFO,07/01/2020,11:32:24,11.7,11.8,3900,12.7,1300,0,469300
MFSL30Jan20580CE.NFO,07/01/2020,11:32:26,11.7,11.8,3900,12.7,2600,0,469300
MFSL30Jan20580CE.NFO,07/01/2020,11:32:27,11.7,11.8,3900,12.65,1300,0,469300
MFSL30Jan20580CE.NFO,07/01/2020,11:32:29,11.7,11.8,3900,12.75,2600,0,469300
MFSL30Jan20580CE.NFO,07/01/2020,11:32:30,11.7,11.8,3900,12.65,3900,0,469300
MFSL30Jan20580CE.NFO,07/01/2020,11:32:31,11.7,11.8,3900,12.6,1300,0,469300
MFSL30Jan20580CE.NFO,07/01/2020,11:32:32,11.7,11.8,3900,12.65,3900,0,469300
MFSL30Jan20580CE.NFO,07/01/2020,11:32:37,11.7,11.8,3900,12.6,2600,0,469300
MFSL30Jan20580CE.NFO,07/01/2020,11:32:37,11.7,11.8,3900,12.65,3900,0,469300
MFSL30Jan20580CE.NFO,07/01/2020,11:32:40,11.7,11.8,3900,12.55,1300,0,469300
MFSL30Jan20580CE.NFO,07/01/2020,11:32:45,11.7,11.8,3900,12.6,1300,0,469300
MFSL30Jan20580CE.NFO,07/01/2020,11:32:45,11.7,11.8,3900,12.65,3900,0,469300
MFSL30Jan20580CE.NFO,07/01/2020,11:32:52,11.7,11.85,1300,12.55,1300,0,469300
MFSL30Jan20580CE.NFO,07/01/2020,11:32:54,11.7,11.85,1300,12.6,1300,0,469300
MFSL30Jan20580CE.NFO,07/01/2020,11:32:57,11.7,11.85,1300,12.45,1300,0,469300
MFSL30Jan20580CE.NFO,07/01/2020,11:33:00,11.7,11.85,1300,12.6,1300,0,469300
MFSL30Jan20580CE.NFO,07/01/2020,11:33:01,11.7,11.9,1300,12.6,1300,0,469300
MFSL30Jan20580CE.NFO,07/01/2020,11:33:03,11.7,12,1300,12.65,3900,0,469300
MFSL30Jan20580CE.NFO,07/01/2020,11:33:04,11.7,12,2600,12.55,1300,0,469300
MFSL30Jan20580CE.NFO,07/01/2020,11:33:09,11.7,12,1300,12.5,1300,0,469300
MFSL30Jan20580CE.NFO,07/01/2020,11:33:09,11.7,11.9,1300,12.65,1300,0,469300
MFSL30Jan20580CE.NFO,07/01/2020,11:33:10,11.7,11.95,1300,12.5,1300,0,469300
MFSL30Jan20580CE.NFO,07/01/2020,11:33:12,11.7,11.9,1300,12.65,1300,0,469300
MFSL30Jan20580CE.NFO,07/01/2020,11:33:14,11.7,11.95,1300,12.5,1300,0,469300
MFSL30Jan20580CE.NFO,07/01/2020,11:33:18,11.7,12,1300,12.7,2600,0,469300
MFSL30Jan20580CE.NFO,07/01/2020,11:33:22,11.7,11.95,1300,12.6,1300,0,469300
MFSL30Jan20580CE.NFO,07/01/2020,11:33:27,11.7,12.05,1300,12.6,1300,0,469300
MFSL30Jan20580CE.NFO,07/01/2020,11:33:31,11.7,12.05,1300,12.65,2600,0,469300
MFSL30Jan20580CE.NFO,07/01/2020,11:33:36,11.7,11.95,1300,12.6,1300,0,469300
MFSL30Jan20580CE.NFO,07/01/2020,11:33:40,11.7,12.05,1300,12.65,2600,0,469300
MFSL30Jan20580CE.NFO,07/01/2020,11:33:48,11.7,12.05,1300,12.45,1300,0,469300
MFSL30Jan20580CE.NFO,07/01/2020,11:34:17,11.7,11.95,1300,12.45,1300,0,469300
MFSL30Jan20580CE.NFO,07/01/2020,11:34:29,11.7,11.95,1300,12.4,1300,0,469300
MFSL30Jan20580CE.NFO,07/01/2020,11:34:36,11.7,11.95,1300,12.65,2600,0,469300
MFSL30Jan20580CE.NFO,07/01/2020,11:34:42,11.7,12.05,1300,12.55,1300,0,469300
MFSL30Jan20580CE.NFO,07/01/2020,11:34:53,11.7,11.95,1300,12.45,1300,0,469300
MFSL30Jan20580CE.NFO,07/01/2020,11:34:59,11.7,11.95,1300,12.6,1300,0,469300
MFSL30Jan20580CE.NFO,07/01/2020,11:35:04,11.7,11.95,1300,12.55,1300,0,469300
MFSL30Jan20580CE.NFO,07/01/2020,11:35:10,11.7,12,3900,12.6,2600,0,469300
MFSL30Jan20580CE.NFO,07/01/2020,11:35:12,11.7,12.05,1300,12.7,3900,0,469300
MFSL30Jan20580CE.NFO,07/01/2020,11:35:13,11.7,12.05,1300,12.55,1300,0,469300
MFSL30Jan20580CE.NFO,07/01/2020,11:35:16,11.7,12,3900,12.6,1300,0,469300
MFSL30Jan20580CE.NFO,07/01/2020,11:35:17,11.7,12.05,1300,12.65,2600,0,469300
MFSL30Jan20580CE.NFO,07/01/2020,11:35:19,11.7,12.05,1300,12.6,1300,0,469300
MFSL30Jan20580CE.NFO,07/01/2020,11:35:20,11.7,12.05,1300,12.6,2600,0,469300
MFSL30Jan20580CE.NFO,07/01/2020,11:35:23,11.7,12.05,1300,12.65,1300,0,469300
MFSL30Jan20580CE.NFO,07/01/2020,11:35:25,11.7,12.15,1300,12.65,1300,0,469300
MFSL30Jan20580CE.NFO,07/01/2020,11:35:26,11.7,12.1,1300,12.65,1300,0,469300
MFSL30Jan20580CE.NFO,07/01/2020,11:35:29,11.7,12.1,1300,12.55,1300,0,469300
MFSL30Jan20580CE.NFO,07/01/2020,11:35:31,11.7,12.1,1300,12.65,1300,0,469300
MFSL30Jan20580CE.NFO,07/01/2020,11:35:32,11.7,12.15,1300,12.65,1300,0,469300
MFSL30Jan20580CE.NFO,07/01/2020,11:35:33,11.7,12.25,1300,12.65,1300,0,469300
MFSL30Jan20580CE.NFO,07/01/2020,11:35:34,11.7,12.1,1300,12.6,1300,0,469300
MFSL30Jan20580CE.NFO,07/01/2020,11:35:37,11.7,12.1,1300,12.7,1300,0,469300
MFSL30Jan20580CE.NFO,07/01/2020,11:35:37,11.7,12.2,1300,12.7,1300,0,469300
MFSL30Jan20580CE.NFO,07/01/2020,11:35:38,11.7,12.25,1300,12.75,1300,0,469300
MFSL30Jan20580CE.NFO,07/01/2020,11:35:39,11.7,12.1,1300,12.7,1300,0,469300
MFSL30Jan20580CE.NFO,07/01/2020,11:35:40,11.7,12.1,1300,12.7,2600,0,469300
MFSL30Jan20580CE.NFO,07/01/2020,11:35:42,11.7,12.15,1300,12.65,1300,0,469300
MFSL30Jan20580CE.NFO,07/01/2020,11:35:43,11.7,12.2,1300,12.75,1300,0,469300
MFSL30Jan20580CE.NFO,07/01/2020,11:35:44,11.7,12.2,1300,12.65,1300,0,469300
MFSL30Jan20580CE.NFO,07/01/2020,11:35:46,11.7,12.2,1300,12.7,1300,0,469300
MFSL30Jan20580CE.NFO,07/01/2020,11:35:47,11.7,12.2,1300,12.7,2600,0,469300
MFSL30Jan20580CE.NFO,07/01/2020,11:35:48,11.7,12.2,1300,12.75,1300,0,469300
MFSL30Jan20580CE.NFO,07/01/2020,11:35:52,11.7,12.25,2600,12.7,1300,0,469300
MFSL30Jan20580CE.NFO,07/01/2020,11:35:55,11.7,12.15,1300,12.75,1300,0,469300
MFSL30Jan20580CE.NFO,07/01/2020,11:35:56,11.7,12.1,1300,12.65,1300,0,469300
MFSL30Jan20580CE.NFO,07/01/2020,11:35:57,11.7,12.1,1300,12.75,1300,0,469300
MFSL30Jan20580CE.NFO,07/01/2020,11:35:59,11.7,12.2,1300,12.75,1300,0,469300
MFSL30Jan20580CE.NFO,07/01/2020,11:35:59,11.7,12.2,2600,12.6,1300,0,469300
MFSL30Jan20580CE.NFO,07/01/2020,11:36:00,11.7,12.2,2600,12.7,1300,0,469300
MFSL30Jan20580CE.NFO,07/01/2020,11:36:01,11.7,12.05,1300,12.7,1300,0,469300
MFSL30Jan20580CE.NFO,07/01/2020,11:36:02,11.7,12.2,1300,12.75,1300,0,469300
MFSL30Jan20580CE.NFO,07/01/2020,11:36:03,11.7,12.3,1300,12.8,2600,0,469300
MFSL30Jan20580CE.NFO,07/01/2020,11:36:04,11.7,12.35,1300,12.8,2600,0,469300
MFSL30Jan20580CE.NFO,07/01/2020,11:36:05,11.7,12.45,1300,12.8,2600,0,469300
MFSL30Jan20580CE.NFO,07/01/2020,11:36:06,11.7,12.2,2600,12.8,2600,0,469300
MFSL30Jan20580CE.NFO,07/01/2020,11:36:07,11.7,12.3,1300,12.8,2600,0,469300
MFSL30Jan20580CE.NFO,07/01/2020,11:36:08,11.7,12.4,1300,12.8,2600,0,469300
MFSL30Jan20580CE.NFO,07/01/2020,11:36:09,11.7,12.45,1300,12.8,2600,0,469300
MFSL30Jan20580CE.NFO,07/01/2020,11:36:11,12.8,12.4,1300,12.8,1300,1300,481000
MFSL30Jan20580CE.NFO,07/01/2020,11:36:12,12.8,12.45,1300,12.8,1300,0,481000
MFSL30Jan20580CE.NFO,07/01/2020,11:36:13,12.8,12.3,1300,12.8,1300,0,481000
MFSL30Jan20580CE.NFO,07/01/2020,11:36:23,12.8,12.4,1300,12.8,1300,0,481000
MFSL30Jan20580CE.NFO,07/01/2020,11:36:28,12.8,12.35,1300,12.8,1300,0,481000
MFSL30Jan20580CE.NFO,07/01/2020,11:36:32,12.8,12.4,1300,12.8,1300,0,481000
MFSL30Jan20580CE.NFO,07/01/2020,11:36:37,12.8,12.35,1300,12.8,1300,0,481000
MFSL30Jan20580CE.NFO,07/01/2020,11:36:48,12.8,12.35,1300,12.75,1300,0,481000
MFSL30Jan20580CE.NFO,07/01/2020,11:36:54,12.8,12.3,1300,12.75,1300,0,481000
MFSL30Jan20580CE.NFO,07/01/2020,11:37:01,12.8,12.35,2600,12.75,1300,0,481000
MFSL30Jan20580CE.NFO,07/01/2020,11:37:07,12.8,12.25,1300,12.75,1300,0,481000
MFSL30Jan20580CE.NFO,07/01/2020,11:37:14,12.8,12.35,1300,12.75,1300,0,481000
MFSL30Jan20580CE.NFO,07/01/2020,11:37:22,12.8,12.4,1300,12.75,1300,0,481000
MFSL30Jan20580CE.NFO,07/01/2020,11:37:28,12.8,12.25,1300,12.75,1300,0,481000
MFSL30Jan20580CE.NFO,07/01/2020,11:37:32,12.8,12.35,1300,12.75,1300,0,481000
MFSL30Jan20580CE.NFO,07/01/2020,11:37:37,12.8,12.25,1300,12.75,1300,0,481000
MFSL30Jan20580CE.NFO,07/01/2020,11:37:41,12.8,12.35,1300,12.75,1300,0,481000
MFSL30Jan20580CE.NFO,07/01/2020,11:37:50,12.8,12.15,1300,12.75,1300,0,481000
MFSL30Jan20580CE.NFO,07/01/2020,11:37:55,12.8,12.35,1300,12.75,1300,0,481000
MFSL30Jan20580CE.NFO,07/01/2020,11:37:59,12.8,12.4,1300,12.75,1300,0,481000
MFSL30Jan20580CE.NFO,07/01/2020,11:38:06,12.8,12.35,1300,12.75,1300,0,481000
MFSL30Jan20580CE.NFO,07/01/2020,11:38:10,12.8,12.4,1300,12.75,1300,0,481000
MFSL30Jan20580CE.NFO,07/01/2020,11:38:14,12.8,12.35,1300,12.75,1300,0,481000
MFSL30Jan20580CE.NFO,07/01/2020,11:38:21,12.8,12.4,1300,12.75,1300,0,481000
MFSL30Jan20580CE.NFO,07/01/2020,11:38:27,12.8,12.35,1300,12.75,1300,0,481000
MFSL30Jan20580CE.NFO,07/01/2020,11:38:31,12.8,12.65,1300,12.8,1300,0,481000
MFSL30Jan20580CE.NFO,07/01/2020,11:38:34,12.8,12.6,1300,12.8,1300,0,481000
MFSL30Jan20580CE.NFO,07/01/2020,11:38:50,12.8,12.7,1300,13.2,2600,1300,479700
MFSL30Jan20580CE.NFO,07/01/2020,11:38:54,12.8,12.8,1300,13.15,1300,0,479700
MFSL30Jan20580CE.NFO,07/01/2020,11:38:57,12.8,12.65,1300,13.15,1300,0,479700
MFSL30Jan20580CE.NFO,07/01/2020,11:39:01,12.8,12.65,1300,13.2,1300,0,479700
MFSL30Jan20580CE.NFO,07/01/2020,11:39:04,12.8,12.85,1300,13.2,1300,0,479700
MFSL30Jan20580CE.NFO,07/01/2020,11:39:15,12.8,13,1300,13.25,1300,0,479700
MFSL30Jan20580CE.NFO,07/01/2020,11:39:20,12.8,12.8,1300,13.25,1300,0,479700
MFSL30Jan20580CE.NFO,07/01/2020,11:39:24,12.8,12.85,1300,13.15,1300,0,479700
MFSL30Jan20580CE.NFO,07/01/2020,11:39:26,12.8,12.75,1300,13.15,1300,0,479700
MFSL30Jan20580CE.NFO,07/01/2020,11:39:28,12.8,12.75,1300,13.1,1300,0,479700
MFSL30Jan20580CE.NFO,07/01/2020,11:39:35,12.8,12.75,1300,13.15,2600,0,479700
MFSL30Jan20580CE.NFO,07/01/2020,11:39:37,12.8,12.75,1300,13.1,1300,0,479700
MFSL30Jan20580CE.NFO,07/01/2020,11:39:39,12.8,12.8,1300,13.15,1300,0,479700
MFSL30Jan20580CE.NFO,07/01/2020,11:39:43,12.8,12.8,1300,13.15,2600,0,479700
MFSL30Jan20580CE.NFO,07/01/2020,11:39:45,12.8,12.8,1300,13.4,1300,0,479700
MFSL30Jan20580CE.NFO,07/01/2020,11:39:46,12.8,12.8,1300,13.5,1300,0,479700
MFSL30Jan20580CE.NFO,07/01/2020,11:39:47,12.8,12.8,1300,13.2,1300,0,479700
MFSL30Jan20580CE.NFO,07/01/2020,11:39:48,12.8,12.8,1300,13.1,2600,0,479700
MFSL30Jan20580CE.NFO,07/01/2020,11:39:49,12.8,12.55,2600,13,1300,1300,479700
MFSL30Jan20580CE.NFO,07/01/2020,11:39:49,12.8,12.55,2600,12.95,2600,0,479700
MFSL30Jan20580CE.NFO,07/01/2020,11:39:50,12.8,12.5,1300,12.85,1300,0,479700
MFSL30Jan20580CE.NFO,07/01/2020,11:39:51,12.8,12.5,2600,12.95,1300,0,479700
MFSL30Jan20580CE.NFO,07/01/2020,11:39:52,12.8,12.5,2600,13.1,2600,0,479700
MFSL30Jan20580CE.NFO,07/01/2020,11:39:54,12.8,12.5,2600,12.9,2600,0,479700
MFSL30Jan20580CE.NFO,07/01/2020,11:39:55,12.8,12.6,1300,12.9,1300,0,479700
MFSL30Jan20580CE.NFO,07/01/2020,11:39:57,12.8,12.6,2600,13,2600,0,479700
MFSL30Jan20580CE.NFO,07/01/2020,11:40:00,12.8,12.65,1300,13,2600,0,479700
MFSL30Jan20580CE.NFO,07/01/2020,11:40:06,12.8,12.7,1300,13,2600,0,479700
MFSL30Jan20580CE.NFO,07/01/2020,11:40:24,12.8,12.6,1300,13.3,5200,0,479700
MFSL30Jan20580CE.NFO,07/01/2020,11:40:29,12.8,12.8,1300,13,2600,0,479700
MFSL30Jan20580CE.NFO,07/01/2020,11:40:32,12.8,12.6,2600,12.95,2600,0,479700
MFSL30Jan20580CE.NFO,07/01/2020,11:40:39,12.8,12.7,1300,13.2,2600,0,479700
MFSL30Jan20580CE.NFO,07/01/2020,11:40:42,12.8,12.6,1300,12.95,1300,0,479700
MFSL30Jan20580CE.NFO,07/01/2020,11:40:46,12.8,12.65,1300,13,1300,0,479700
MFSL30Jan20580CE.NFO,07/01/2020,11:40:49,12.8,12.65,1300,13.1,1300,0,479700
MFSL30Jan20580CE.NFO,07/01/2020,11:40:52,12.8,12.6,1300,13,1300,0,479700
MFSL30Jan20580CE.NFO,07/01/2020,11:40:55,12.8,12.6,2600,13,1300,0,479700
MFSL30Jan20580CE.NFO,07/01/2020,11:40:58,12.8,12.6,2600,13,2600,0,479700
MFSL30Jan20580CE.NFO,07/01/2020,11:41:02,12.8,12.6,1300,13.15,3900,0,479700
MFSL30Jan20580CE.NFO,07/01/2020,11:41:05,12.8,12.6,1300,13.1,1300,0,479700
MFSL30Jan20580CE.NFO,07/01/2020,11:41:09,12.8,12.6,1300,13,2600,0,479700
MFSL30Jan20580CE.NFO,07/01/2020,11:41:13,12.8,12.6,2600,13,2600,0,479700
MFSL30Jan20580CE.NFO,07/01/2020,11:41:20,12.8,12.45,1300,13.1,1300,0,479700
MFSL30Jan20580CE.NFO,07/01/2020,11:41:21,12.8,12.5,2600,12.95,2600,0,479700
MFSL30Jan20580CE.NFO,07/01/2020,11:41:22,12.8,12.5,2600,12.9,1300,0,479700
MFSL30Jan20580CE.NFO,07/01/2020,11:41:23,12.8,12.5,2600,12.95,1300,0,479700
MFSL30Jan20580CE.NFO,07/01/2020,11:41:25,12.8,12.5,2600,12.95,2600,0,479700
MFSL30Jan20580CE.NFO,07/01/2020,11:41:26,12.8,12.5,2600,12.95,1300,0,479700
MFSL30Jan20580CE.NFO,07/01/2020,11:41:27,12.8,12.5,2600,12.85,1300,0,479700
MFSL30Jan20580CE.NFO,07/01/2020,11:41:27,12.8,12.5,2600,13.05,1300,0,479700
MFSL30Jan20580CE.NFO,07/01/2020,11:41:28,12.8,12.5,2600,13.05,3900,0,479700
MFSL30Jan20580CE.NFO,07/01/2020,11:41:29,12.8,12.5,2600,12.9,2600,0,479700
MFSL30Jan20580CE.NFO,07/01/2020,11:41:31,12.8,12.55,1300,13.1,1300,0,479700
MFSL30Jan20580CE.NFO,07/01/2020,11:41:32,12.8,12.55,1300,12.95,1300,0,479700
MFSL30Jan20580CE.NFO,07/01/2020,11:41:33,12.8,12.55,2600,12.95,1300,0,479700
MFSL30Jan20580CE.NFO,07/01/2020,11:41:36,12.8,12.55,2600,13.2,3900,0,479700
MFSL30Jan20580CE.NFO,07/01/2020,11:41:36,12.8,12.55,2600,13.1,3900,0,479700
MFSL30Jan20580CE.NFO,07/01/2020,11:41:38,12.8,12.55,2600,13,2600,0,479700
MFSL30Jan20580CE.NFO,07/01/2020,11:41:39,12.8,12.55,2600,13.1,3900,0,479700
MFSL30Jan20580CE.NFO,07/01/2020,11:41:40,12.8,12.55,2600,13.2,3900,0,479700
MFSL30Jan20580CE.NFO,07/01/2020,11:41:40,12.8,12.55,2600,13.1,3900,0,479700
MFSL30Jan20580CE.NFO,07/01/2020,11:41:42,12.8,12.55,2600,13,3900,0,479700
MFSL30Jan20580CE.NFO,07/01/2020,11:41:43,12.8,12.6,1300,13.1,2600,0,479700
MFSL30Jan20580CE.NFO,07/01/2020,11:41:44,12.8,12.6,1300,13,2600,0,479700
MFSL30Jan20580CE.NFO,07/01/2020,11:41:45,12.8,12.6,1300,13.1,1300,0,479700
MFSL30Jan20580CE.NFO,07/01/2020,11:41:45,12.8,12.6,1300,13,1300,0,479700
MFSL30Jan20580CE.NFO,07/01/2020,11:41:47,12.8,12.6,1300,13.1,3900,0,479700
MFSL30Jan20580CE.NFO,07/01/2020,11:41:48,12.8,12.6,1300,13,2600,0,479700
MFSL30Jan20580CE.NFO,07/01/2020,11:41:48,12.8,12.6,1300,12.9,2600,0,479700
MFSL30Jan20580CE.NFO,07/01/2020,11:41:50,12.8,12.6,1300,12.9,1300,0,479700
MFSL30Jan20580CE.NFO,07/01/2020,11:41:51,12.8,12.6,1300,13.05,1300,0,479700
MFSL30Jan20580CE.NFO,07/01/2020,11:41:53,12.8,12.6,1300,12.9,1300,0,479700
MFSL30Jan20580CE.NFO,07/01/2020,11:41:54,12.8,12.45,1300,12.9,1300,0,479700
MFSL30Jan20580CE.NFO,07/01/2020,11:41:56,12.8,12.45,1300,13.15,3900,0,479700
MFSL30Jan20580CE.NFO,07/01/2020,11:41:57,12.8,12.45,1300,13.05,3900,0,479700
MFSL30Jan20580CE.NFO,07/01/2020,11:41:58,12.8,12.45,1300,12.95,3900,0,479700
MFSL30Jan20580CE.NFO,07/01/2020,11:42:00,12.8,12.45,1300,13.15,3900,0,479700
MFSL30Jan20580CE.NFO,07/01/2020,11:42:01,12.8,12.45,1300,12.85,1300,0,479700
MFSL30Jan20580CE.NFO,07/01/2020,11:42:02,12.8,12.3,1300,12.85,2600,0,479700
MFSL30Jan20580CE.NFO,07/01/2020,11:42:03,12.8,12.35,1300,13.15,2600,0,479700
MFSL30Jan20580CE.NFO,07/01/2020,11:42:04,12.8,12.2,1300,12.85,1300,0,479700
MFSL30Jan20580CE.NFO,07/01/2020,11:42:06,12.8,12.4,1300,12.95,1300,0,479700
MFSL30Jan20580CE.NFO,07/01/2020,11:42:07,12.8,12.45,1300,12.85,1300,0,479700
