Ticker,Date,Time,LTP,BuyPrice,BuyQty,SellPrice,SellQty,LTQ,OpenInterest
MGL30Jan201080PE.NFO,07/01/2020,10:33:05,43.5,40.6,3000,44.6,600,600,4800
MGL30Jan201080PE.NFO,07/01/2020,10:33:05,43.5,40.6,3000,44.6,600,0,4800
MGL30Jan201080PE.NFO,07/01/2020,10:33:05,43.5,40.6,3000,44.6,600,0,4800
MGL30Jan201080PE.NFO,07/01/2020,10:33:05,43.5,40.6,3000,44.6,600,0,4800
MGL30Jan201080PE.NFO,07/01/2020,10:33:08,43.5,40.6,3000,45.3,600,0,4800
MGL30Jan201080PE.NFO,07/01/2020,10:33:09,43.5,40.65,3000,46,600,0,4800
MGL30Jan201080PE.NFO,07/01/2020,10:33:12,43.5,40.65,3000,46.6,3000,0,4800
MGL30Jan201080PE.NFO,07/01/2020,10:33:14,43.5,40,12600,46.15,600,0,4800
MGL30Jan201080PE.NFO,07/01/2020,10:33:17,43.5,40,12600,46.35,600,0,4800
MGL30Jan201080PE.NFO,07/01/2020,10:33:24,43.5,40,12600,46.15,600,0,4800
MGL30Jan201080PE.NFO,07/01/2020,10:33:30,43.5,40,12600,46.35,600,0,4800
MGL30Jan201080PE.NFO,07/01/2020,10:33:33,43.5,40,12600,46.15,600,0,4800
MGL30Jan201080PE.NFO,07/01/2020,10:33:44,43.5,40,12600,46.35,600,0,4800
MGL30Jan201080PE.NFO,07/01/2020,10:33:46,43.5,40,12600,46.15,600,0,4800
MGL30Jan201080PE.NFO,07/01/2020,10:33:48,43.5,40,12600,46.35,600,0,4800
MGL30Jan201080PE.NFO,07/01/2020,10:33:49,43.5,40,12600,46.35,1200,0,4800
MGL30Jan201080PE.NFO,07/01/2020,10:33:51,43.5,40,12600,46.15,600,0,4800
MGL30Jan201080PE.NFO,07/01/2020,10:34:03,43.5,40,1200,45.75,1200,0,4800
MGL30Jan201080PE.NFO,07/01/2020,10:34:06,43.5,38.1,12600,45.85,1800,0,4800
MGL30Jan201080PE.NFO,07/01/2020,10:34:11,43.5,38.1,12600,45.55,1800,0,4800
MGL30Jan201080PE.NFO,07/01/2020,10:34:15,43.5,38.1,12600,45.6,600,0,4800
MGL30Jan201080PE.NFO,07/01/2020,10:34:18,43.5,38.1,12600,45.9,4200,0,4800
MGL30Jan201080PE.NFO,07/01/2020,10:34:22,43.5,38.15,12600,45.7,600,0,4800
MGL30Jan201080PE.NFO,07/01/2020,10:34:35,43.5,39.05,12600,46.75,5400,0,4800
MGL30Jan201080PE.NFO,07/01/2020,10:34:39,43.5,39.05,12600,46.05,4200,0,4800
MGL30Jan201080PE.NFO,07/01/2020,10:34:44,43.5,39.05,12600,46.3,600,0,4800
MGL30Jan201080PE.NFO,07/01/2020,10:34:48,43.5,39.15,7800,45.9,5400,0,4800
MGL30Jan201080PE.NFO,07/01/2020,10:34:53,43.5,39.15,3000,45.6,2400,0,4800
MGL30Jan201080PE.NFO,07/01/2020,10:34:57,43.5,39.15,7800,46.6,6600,0,4800
MGL30Jan201080PE.NFO,07/01/2020,10:35:04,43.5,39.15,9000,46.6,6600,0,4800
MGL30Jan201080PE.NFO,07/01/2020,10:35:07,43.5,39.2,5400,46.6,12600,0,4800
MGL30Jan201080PE.NFO,07/01/2020,10:35:10,43.5,39.25,7800,46.55,12600,0,4800
MGL30Jan201080PE.NFO,07/01/2020,10:35:20,43.5,39.25,7800,46.55,8400,0,4800
MGL30Jan201080PE.NFO,07/01/2020,10:35:21,43.5,39.25,7800,46.4,3000,0,4800
MGL30Jan201080PE.NFO,07/01/2020,10:35:22,43.5,39.25,7800,46.15,3000,0,4800
MGL30Jan201080PE.NFO,07/01/2020,10:35:22,43.5,39.25,7800,46.15,6600,0,4800
MGL30Jan201080PE.NFO,07/01/2020,10:35:33,43.5,39.25,12600,46.2,600,0,4800
MGL30Jan201080PE.NFO,07/01/2020,10:35:38,43.5,39.25,7800,46.15,1200,0,4800
MGL30Jan201080PE.NFO,07/01/2020,10:35:39,43.5,39.25,9000,46.2,600,0,4800
MGL30Jan201080PE.NFO,07/01/2020,10:35:41,43.5,39.25,6600,46.15,3600,0,4800
MGL30Jan201080PE.NFO,07/01/2020,10:35:42,43.5,39.25,7800,46.15,4800,0,4800
MGL30Jan201080PE.NFO,07/01/2020,10:35:44,43.5,39.25,7800,46.15,6000,0,4800
MGL30Jan201080PE.NFO,07/01/2020,10:35:45,43.5,38.25,12600,45.7,1800,0,4800
MGL30Jan201080PE.NFO,07/01/2020,10:35:45,43.5,38.25,12600,45.75,1800,0,4800
MGL30Jan201080PE.NFO,07/01/2020,10:35:46,43.5,38.25,12600,46.05,4800,0,4800
MGL30Jan201080PE.NFO,07/01/2020,10:35:49,43.5,38.25,12600,45.85,4200,0,4800
MGL30Jan201080PE.NFO,07/01/2020,10:35:50,43.5,38.25,12600,45.8,3600,0,4800
MGL30Jan201080PE.NFO,07/01/2020,10:35:51,43.5,38.25,12600,45.75,8400,0,4800
MGL30Jan201080PE.NFO,07/01/2020,10:35:54,43.5,38.25,12600,45.7,6600,0,4800
MGL30Jan201080PE.NFO,07/01/2020,10:35:56,43.5,38.25,12600,45.7,11400,0,4800
MGL30Jan201080PE.NFO,07/01/2020,10:35:57,43.5,38.25,12600,45.7,6600,0,4800
MGL30Jan201080PE.NFO,07/01/2020,10:36:04,43.5,38.25,12600,45.65,6600,0,4800
MGL30Jan201080PE.NFO,07/01/2020,10:36:11,43.5,38.25,12600,45.65,10200,0,4800
MGL30Jan201080PE.NFO,07/01/2020,10:36:14,43.5,38.25,12600,45.65,6600,0,4800
MGL30Jan201080PE.NFO,07/01/2020,10:36:16,43.5,38.25,12600,45.65,10200,0,4800
MGL30Jan201080PE.NFO,07/01/2020,10:36:20,43.5,38.25,12600,45.65,3600,0,4800
MGL30Jan201080PE.NFO,07/01/2020,10:36:22,43.5,38.25,12600,45.5,1800,0,4800
MGL30Jan201080PE.NFO,07/01/2020,10:36:23,43.5,38.25,12600,45.4,3000,0,4800
MGL30Jan201080PE.NFO,07/01/2020,10:36:23,43.5,38.25,12600,45.4,600,0,4800
MGL30Jan201080PE.NFO,07/01/2020,10:36:29,43.5,38.25,12600,45.35,1800,0,4800
MGL30Jan201080PE.NFO,07/01/2020,10:36:30,43.5,38.25,12600,45.4,600,0,4800
MGL30Jan201080PE.NFO,07/01/2020,10:36:31,43.5,38.25,12600,46.6,12600,0,4800
MGL30Jan201080PE.NFO,07/01/2020,10:36:33,43.5,38.25,12600,45.35,1800,0,4800
MGL30Jan201080PE.NFO,07/01/2020,10:36:34,43.5,38.25,12600,45.35,4200,0,4800
MGL30Jan201080PE.NFO,07/01/2020,10:36:36,43.5,38.25,12600,45.6,600,0,4800
MGL30Jan201080PE.NFO,07/01/2020,10:36:36,43.5,38.25,12600,45.35,600,0,4800
MGL30Jan201080PE.NFO,07/01/2020,10:36:39,43.5,38.25,12600,45.4,600,0,4800
MGL30Jan201080PE.NFO,07/01/2020,10:36:40,43.5,38.25,12600,45.5,600,0,4800
MGL30Jan201080PE.NFO,07/01/2020,10:36:40,43.5,38.25,12600,45.4,600,0,4800
MGL30Jan201080PE.NFO,07/01/2020,10:36:42,43.5,38.25,12600,45.35,600,0,4800
MGL30Jan201080PE.NFO,07/01/2020,10:36:42,43.5,38.25,12600,45.3,600,0,4800
MGL30Jan201080PE.NFO,07/01/2020,10:36:43,43.5,38.25,12600,45.3,4200,0,4800
MGL30Jan201080PE.NFO,07/01/2020,10:36:45,43.5,38.25,12600,45.3,3000,0,4800
MGL30Jan201080PE.NFO,07/01/2020,10:36:46,43.5,38.25,12600,45.35,600,0,4800
MGL30Jan201080PE.NFO,07/01/2020,10:36:52,43.5,38.25,12600,45.3,3600,0,4800
MGL30Jan201080PE.NFO,07/01/2020,10:36:54,43.5,38.25,12600,45.65,9000,0,4800
MGL30Jan201080PE.NFO,07/01/2020,10:36:56,43.5,38.25,12600,45.55,9000,0,4800
MGL30Jan201080PE.NFO,07/01/2020,10:36:57,43.5,38.25,12600,45.5,6600,0,4800
MGL30Jan201080PE.NFO,07/01/2020,10:36:59,43.5,38.25,12600,45.6,9000,0,4800
MGL30Jan201080PE.NFO,07/01/2020,10:36:59,43.5,38.25,12600,45.6,7200,0,4800
MGL30Jan201080PE.NFO,07/01/2020,10:37:00,43.5,38.25,12600,45.55,4800,0,4800
MGL30Jan201080PE.NFO,07/01/2020,10:37:02,43.5,38.25,12600,45.5,6600,0,4800
MGL30Jan201080PE.NFO,07/01/2020,10:37:03,43.5,38.25,12600,45.6,3000,0,4800
MGL30Jan201080PE.NFO,07/01/2020,10:37:04,43.5,39.5,2400,45.6,1800,0,4800
MGL30Jan201080PE.NFO,07/01/2020,10:37:05,43.5,39.6,3000,45.6,7800,0,4800
MGL30Jan201080PE.NFO,07/01/2020,10:37:06,43.5,39.5,2400,45.6,7800,0,4800
MGL30Jan201080PE.NFO,07/01/2020,10:37:07,43.5,39.5,1800,45.6,9000,0,4800
MGL30Jan201080PE.NFO,07/01/2020,10:37:07,43.5,39.45,1200,45.6,7200,0,4800
MGL30Jan201080PE.NFO,07/01/2020,10:37:08,43.5,39.5,1800,45.4,4800,0,4800
MGL30Jan201080PE.NFO,07/01/2020,10:37:09,43.5,39.5,1800,45.35,3600,0,4800
MGL30Jan201080PE.NFO,07/01/2020,10:37:12,43.5,39.1,4200,45.35,3600,0,4800
MGL30Jan201080PE.NFO,07/01/2020,10:37:13,43.5,39.1,5400,45.35,3600,0,4800
MGL30Jan201080PE.NFO,07/01/2020,10:37:15,43.5,39.1,7800,45.4,1200,0,4800
MGL30Jan201080PE.NFO,07/01/2020,10:37:16,43.5,39.1,9000,45.55,6600,0,4800
MGL30Jan201080PE.NFO,07/01/2020,10:37:18,43.5,39.1,9000,45.5,5400,0,4800
MGL30Jan201080PE.NFO,07/01/2020,10:37:20,43.5,39.1,9000,45.5,2400,0,4800
MGL30Jan201080PE.NFO,07/01/2020,10:37:21,43.5,39.1,9000,46.5,12600,0,4800
MGL30Jan201080PE.NFO,07/01/2020,10:37:25,43.5,39.1,6600,46.5,12600,0,4800
MGL30Jan201080PE.NFO,07/01/2020,10:37:50,43.5,39.1,7800,46.5,12600,0,4800
MGL30Jan201080PE.NFO,07/01/2020,10:37:57,43.5,39.1,4200,46.5,12600,0,4800
MGL30Jan201080PE.NFO,07/01/2020,10:38:06,43.5,39.15,7800,46.5,12600,0,4800
MGL30Jan201080PE.NFO,07/01/2020,10:38:12,43.5,39.15,4200,46.5,12600,0,4800
MGL30Jan201080PE.NFO,07/01/2020,10:38:21,43.5,39.15,7800,46.5,12600,0,4800
MGL30Jan201080PE.NFO,07/01/2020,10:38:55,43.5,39.15,5400,46.5,12600,0,4800
MGL30Jan201080PE.NFO,07/01/2020,10:39:18,43.5,39.15,12600,46.5,12600,0,4800
MGL30Jan201080PE.NFO,07/01/2020,10:39:28,43.5,39.15,5400,45.15,1200,0,4800
MGL30Jan201080PE.NFO,07/01/2020,10:39:31,43.5,39.15,5400,45.1,1800,0,4800
MGL30Jan201080PE.NFO,07/01/2020,10:39:34,43.5,39.15,5400,45.15,600,0,4800
MGL30Jan201080PE.NFO,07/01/2020,10:39:40,43.5,39.55,3000,45.05,1800,0,4800
MGL30Jan201080PE.NFO,07/01/2020,10:39:43,43.5,39.35,3000,45.05,1800,0,4800
MGL30Jan201080PE.NFO,07/01/2020,10:39:51,43.5,39.35,9000,45.15,600,0,4800
MGL30Jan201080PE.NFO,07/01/2020,10:40:10,43.5,38.9,6000,45.15,3600,0,4800
MGL30Jan201080PE.NFO,07/01/2020,10:40:14,43.5,39.05,4200,45.1,6600,0,4800
MGL30Jan201080PE.NFO,07/01/2020,10:40:27,43.5,39.25,2400,45.1,3600,0,4800
MGL30Jan201080PE.NFO,07/01/2020,10:40:30,43.5,39.3,3000,45.15,5400,0,4800
MGL30Jan201080PE.NFO,07/01/2020,10:40:33,43.5,39.3,3000,45.2,5400,0,4800
MGL30Jan201080PE.NFO,07/01/2020,10:40:36,43.5,39.3,4200,45.2,600,0,4800
MGL30Jan201080PE.NFO,07/01/2020,10:40:39,43.5,39.3,7800,45.2,600,0,4800
MGL30Jan201080PE.NFO,07/01/2020,10:40:42,43.5,39.3,3000,45.2,1800,0,4800
MGL30Jan201080PE.NFO,07/01/2020,10:40:45,43.5,38.95,7800,45.2,4200,0,4800
MGL30Jan201080PE.NFO,07/01/2020,10:40:48,43.5,38.95,7800,45.2,600,0,4800
MGL30Jan201080PE.NFO,07/01/2020,10:40:50,43.5,38.95,7800,45.2,4200,0,4800
MGL30Jan201080PE.NFO,07/01/2020,10:41:01,43.5,38.95,7800,45.2,5400,0,4800
MGL30Jan201080PE.NFO,07/01/2020,10:41:04,43.5,38.95,7800,45.15,4200,0,4800
MGL30Jan201080PE.NFO,07/01/2020,10:41:07,43.5,38.95,6600,45.2,4200,0,4800
MGL30Jan201080PE.NFO,07/01/2020,10:41:09,43.5,38.95,5400,45.15,6600,0,4800
MGL30Jan201080PE.NFO,07/01/2020,10:41:11,43.5,38.95,5400,45.2,4200,0,4800
MGL30Jan201080PE.NFO,07/01/2020,10:41:14,43.5,38.95,12600,45.2,4200,0,4800
MGL30Jan201080PE.NFO,07/01/2020,10:41:26,43.5,38.95,10800,45.2,4200,0,4800
MGL30Jan201080PE.NFO,07/01/2020,10:41:33,43.5,38.95,10800,45.2,3000,0,4800
MGL30Jan201080PE.NFO,07/01/2020,10:41:39,43.5,38.95,8400,46.3,11400,0,4800
MGL30Jan201080PE.NFO,07/01/2020,10:41:45,43.5,38.95,6000,46.3,11400,0,4800
MGL30Jan201080PE.NFO,07/01/2020,10:41:51,43.5,38.95,8400,46.3,11400,0,4800
MGL30Jan201080PE.NFO,07/01/2020,10:41:54,43.5,38.95,10800,46.3,11400,0,4800
MGL30Jan201080PE.NFO,07/01/2020,10:41:59,43.5,38.95,6000,46.3,11400,0,4800
MGL30Jan201080PE.NFO,07/01/2020,10:42:02,43.5,38.95,10800,46.3,11400,0,4800
MGL30Jan201080PE.NFO,07/01/2020,10:42:40,43.5,38.95,8400,46.25,14400,0,4800
MGL30Jan201080PE.NFO,07/01/2020,10:42:58,43.5,39,10200,46.25,14400,0,4800
MGL30Jan201080PE.NFO,07/01/2020,10:43:04,43.5,39,5400,46.25,14400,0,4800
MGL30Jan201080PE.NFO,07/01/2020,10:43:07,43.5,39.1,4200,45.4,7800,0,4800
MGL30Jan201080PE.NFO,07/01/2020,10:43:09,43.5,39.1,5400,45.25,7200,0,4800
MGL30Jan201080PE.NFO,07/01/2020,10:43:21,43.5,39.2,9000,45.2,3600,0,4800
MGL30Jan201080PE.NFO,07/01/2020,10:43:25,43.5,39.2,9000,45.3,6600,0,4800
MGL30Jan201080PE.NFO,07/01/2020,10:43:29,43.5,39.2,9000,45.3,4800,0,4800
MGL30Jan201080PE.NFO,07/01/2020,10:43:32,43.5,39.2,9000,45.45,5400,0,4800
MGL30Jan201080PE.NFO,07/01/2020,10:43:39,43.5,39.65,1800,45.4,5400,0,4800
MGL30Jan201080PE.NFO,07/01/2020,10:43:44,43.5,39.55,7800,45.9,1800,0,4800
MGL30Jan201080PE.NFO,07/01/2020,10:43:48,43.5,39.55,4200,45.8,3000,0,4800
MGL30Jan201080PE.NFO,07/01/2020,10:43:52,43.5,39.6,7800,45.85,6600,0,4800
MGL30Jan201080PE.NFO,07/01/2020,10:43:55,43.5,38.85,12600,45.9,5400,0,4800
MGL30Jan201080PE.NFO,07/01/2020,10:43:58,43.5,38.85,12600,45.9,6600,0,4800
MGL30Jan201080PE.NFO,07/01/2020,10:44:02,43.5,38.85,12600,45.9,11400,0,4800
MGL30Jan201080PE.NFO,07/01/2020,10:44:05,43.5,38.85,10200,45.9,12600,0,4800
MGL30Jan201080PE.NFO,07/01/2020,10:44:09,43.5,38.85,7800,45.9,12600,0,4800
MGL30Jan201080PE.NFO,07/01/2020,10:44:18,43.5,38.85,9000,45.9,12600,0,4800
MGL30Jan201080PE.NFO,07/01/2020,10:44:19,43.5,38.85,7800,45.9,12600,0,4800
MGL30Jan201080PE.NFO,07/01/2020,10:44:29,43.5,38.85,9000,45.9,12600,0,4800
MGL30Jan201080PE.NFO,07/01/2020,10:44:42,43.5,38.85,7800,45.9,12600,0,4800
MGL30Jan201080PE.NFO,07/01/2020,10:44:42,43.5,38.85,12600,45.9,12600,0,4800
MGL30Jan201080PE.NFO,07/01/2020,10:44:47,43.5,38.85,9000,45.9,12600,0,4800
MGL30Jan201080PE.NFO,07/01/2020,10:44:57,43.5,38.85,10200,45.9,12600,0,4800
MGL30Jan201080PE.NFO,07/01/2020,10:45:02,43.5,38.85,9000,45.9,12600,0,4800
MGL30Jan201080PE.NFO,07/01/2020,10:45:04,43.5,38.85,10200,45.9,12600,0,4800
MGL30Jan201080PE.NFO,07/01/2020,10:45:07,43.5,38.85,9000,45.9,12600,0,4800
MGL30Jan201080PE.NFO,07/01/2020,10:45:11,43.5,38.85,7800,45.9,12600,0,4800
MGL30Jan201080PE.NFO,07/01/2020,10:45:28,43.5,38.85,12600,45.9,12600,0,4800
MGL30Jan201080PE.NFO,07/01/2020,10:45:50,43.5,38.85,9000,45.9,12600,0,4800
MGL30Jan201080PE.NFO,07/01/2020,10:45:58,43.5,38.85,9000,45.05,600,0,4800
MGL30Jan201080PE.NFO,07/01/2020,10:46:02,43.5,38.85,12600,46.1,13800,0,4800
MGL30Jan201080PE.NFO,07/01/2020,10:46:05,43.5,38.85,12600,45.3,4800,0,4800
MGL30Jan201080PE.NFO,07/01/2020,10:46:07,43.5,39.5,1800,45.3,4800,0,4800
MGL30Jan201080PE.NFO,07/01/2020,10:46:12,43.5,39.5,1800,45.3,3600,0,4800
MGL30Jan201080PE.NFO,07/01/2020,10:46:16,43.5,39.3,4200,45.3,3600,0,4800
MGL30Jan201080PE.NFO,07/01/2020,10:46:19,43.5,39.3,4200,45.3,600,0,4800
MGL30Jan201080PE.NFO,07/01/2020,10:46:20,43.5,39.3,4200,45.3,4200,0,4800
MGL30Jan201080PE.NFO,07/01/2020,10:46:23,43.5,39.3,4200,45.3,6000,0,4800
MGL30Jan201080PE.NFO,07/01/2020,10:46:23,43.5,39.3,4200,45.25,5400,0,4800
MGL30Jan201080PE.NFO,07/01/2020,10:46:25,43.5,39.3,4200,45.35,5400,0,4800
MGL30Jan201080PE.NFO,07/01/2020,10:46:26,43.5,39.3,5400,45.3,4800,0,4800
MGL30Jan201080PE.NFO,07/01/2020,10:46:36,43.5,39.3,7800,45.35,600,0,4800
MGL30Jan201080PE.NFO,07/01/2020,10:46:48,43.5,39.05,1800,45.35,5400,0,4800
MGL30Jan201080PE.NFO,07/01/2020,10:46:48,43.5,39.05,1800,45.35,7800,0,4800
MGL30Jan201080PE.NFO,07/01/2020,10:46:50,43.5,39.05,1800,45.3,6600,0,4800
MGL30Jan201080PE.NFO,07/01/2020,10:46:57,43.5,39.05,7800,45.2,5400,0,4800
MGL30Jan201080PE.NFO,07/01/2020,10:46:58,43.5,39.05,7800,45.2,3600,0,4800
MGL30Jan201080PE.NFO,07/01/2020,10:46:59,43.5,39.05,7800,45.3,5400,0,4800
MGL30Jan201080PE.NFO,07/01/2020,10:47:00,43.5,39.05,5400,45.3,3600,0,4800
MGL30Jan201080PE.NFO,07/01/2020,10:47:01,43.5,39.05,7800,45.3,6600,0,4800
MGL30Jan201080PE.NFO,07/01/2020,10:47:03,43.5,39.05,7800,45.3,7800,0,4800
MGL30Jan201080PE.NFO,07/01/2020,10:47:06,43.5,39.05,7800,45.3,6600,0,4800
MGL30Jan201080PE.NFO,07/01/2020,10:47:16,43.5,39.05,5400,45.15,3600,0,4800
MGL30Jan201080PE.NFO,07/01/2020,10:47:22,43.5,39.05,5400,45.15,4800,0,4800
MGL30Jan201080PE.NFO,07/01/2020,10:47:26,43.5,39.05,5400,45.15,3600,0,4800
MGL30Jan201080PE.NFO,07/01/2020,10:47:29,43.5,39.05,5400,45.35,5400,0,4800
MGL30Jan201080PE.NFO,07/01/2020,10:47:36,43.5,39.05,5400,45.3,5400,0,4800
MGL30Jan201080PE.NFO,07/01/2020,10:47:39,43.5,39.05,6600,45.3,9000,0,4800
MGL30Jan201080PE.NFO,07/01/2020,10:47:42,43.5,39.05,7800,45.3,6600,0,4800
MGL30Jan201080PE.NFO,07/01/2020,10:47:45,43.5,39.05,3000,45.2,6600,0,4800
MGL30Jan201080PE.NFO,07/01/2020,10:47:49,43.5,38.3,12600,45.2,6600,0,4800
MGL30Jan201080PE.NFO,07/01/2020,10:47:53,43.5,38.3,12600,45.2,11400,0,4800
MGL30Jan201080PE.NFO,07/01/2020,10:48:07,43.5,38.3,9000,45.2,11400,0,4800
MGL30Jan201080PE.NFO,07/01/2020,10:48:12,43.5,38.3,9000,45.2,10200,0,4800
MGL30Jan201080PE.NFO,07/01/2020,10:48:15,43.5,38.3,12600,45.2,10200,0,4800
MGL30Jan201080PE.NFO,07/01/2020,10:48:22,43.5,38.3,12600,45.2,11400,0,4800
MGL30Jan201080PE.NFO,07/01/2020,10:48:27,43.5,38.3,12600,45.2,10200,0,4800
MGL30Jan201080PE.NFO,07/01/2020,10:48:29,43.5,38.3,12600,45.2,11400,0,4800
MGL30Jan201080PE.NFO,07/01/2020,10:48:32,43.5,38.3,12600,45.2,10200,0,4800
MGL30Jan201080PE.NFO,07/01/2020,10:48:37,43.5,38.3,12600,45.3,5400,0,4800
MGL30Jan201080PE.NFO,07/01/2020,10:48:42,43.5,39.3,4800,45.3,6600,0,4800
MGL30Jan201080PE.NFO,07/01/2020,10:48:46,43.5,39.35,3600,45.3,6600,0,4800
MGL30Jan201080PE.NFO,07/01/2020,10:48:49,43.5,39.15,4200,45.3,5400,0,4800
MGL30Jan201080PE.NFO,07/01/2020,10:48:53,43.5,39.25,3000,45.3,6600,0,4800
MGL30Jan201080PE.NFO,07/01/2020,10:48:56,43.5,38.35,7800,45.3,7800,0,4800
MGL30Jan201080PE.NFO,07/01/2020,10:49:00,43.5,38.35,13800,45.3,6600,0,4800
MGL30Jan201080PE.NFO,07/01/2020,10:49:04,43.5,39.15,4800,45.3,10200,0,4800
MGL30Jan201080PE.NFO,07/01/2020,10:49:19,43.5,39.4,3000,44.7,600,0,4800
MGL30Jan201080PE.NFO,07/01/2020,10:49:22,43.5,39.35,3000,45.2,600,0,4800
MGL30Jan201080PE.NFO,07/01/2020,10:49:35,43.5,38.65,9000,44.85,1200,0,4800
MGL30Jan201080PE.NFO,07/01/2020,10:49:38,43.5,38.7,10800,44.85,4800,0,4800
MGL30Jan201080PE.NFO,07/01/2020,10:49:41,43.5,38.75,9000,44.8,5400,0,4800
MGL30Jan201080PE.NFO,07/01/2020,10:49:45,43.5,39.15,3000,44.8,1200,0,4800
MGL30Jan201080PE.NFO,07/01/2020,10:49:48,43.5,38.8,9000,44.8,5400,0,4800
MGL30Jan201080PE.NFO,07/01/2020,10:49:52,43.5,38.8,4200,44.85,4800,0,4800
MGL30Jan201080PE.NFO,07/01/2020,10:49:55,43.5,38.85,7800,44.85,1800,0,4800
MGL30Jan201080PE.NFO,07/01/2020,10:50:07,43.5,38.85,3000,44.85,5400,0,4800
MGL30Jan201080PE.NFO,07/01/2020,10:50:12,43.5,38.1,12600,44.85,4200,0,4800
MGL30Jan201080PE.NFO,07/01/2020,10:50:17,43.5,38.1,12600,44.85,6600,0,4800
MGL30Jan201080PE.NFO,07/01/2020,10:50:22,43.5,38.1,12600,44.85,5400,0,4800
MGL30Jan201080PE.NFO,07/01/2020,10:50:26,43.5,38.1,12600,44.75,6600,0,4800
MGL30Jan201080PE.NFO,07/01/2020,10:50:30,43.5,38.1,12600,44.75,1800,0,4800
MGL30Jan201080PE.NFO,07/01/2020,10:51:44,43.5,38.1,12600,44.75,5400,0,4800
MGL30Jan201080PE.NFO,07/01/2020,10:52:14,43.5,38.1,9000,44.75,10200,0,4800
MGL30Jan201080PE.NFO,07/01/2020,10:52:18,43.5,38.1,9000,44.75,6600,0,4800
MGL30Jan201080PE.NFO,07/01/2020,10:52:22,43.5,38.1,11400,44.55,1800,0,4800
MGL30Jan201080PE.NFO,07/01/2020,10:52:26,43.5,38.75,3000,44.55,1200,0,4800
MGL30Jan201080PE.NFO,07/01/2020,10:52:34,43.5,38.75,3000,44.55,1800,0,4800
MGL30Jan201080PE.NFO,07/01/2020,10:52:37,43.5,38.75,3000,44.55,1200,0,4800
MGL30Jan201080PE.NFO,07/01/2020,10:52:42,43.5,38.75,3000,44.5,1800,0,4800
MGL30Jan201080PE.NFO,07/01/2020,10:52:46,43.5,38.7,1200,44.4,1200,0,4800
MGL30Jan201080PE.NFO,07/01/2020,10:52:50,43.5,38.4,2400,44.3,600,0,4800
MGL30Jan201080PE.NFO,07/01/2020,10:52:54,43.5,38.45,6600,44.3,1200,0,4800
MGL30Jan201080PE.NFO,07/01/2020,10:52:58,43.5,38.45,7800,44.3,1200,0,4800
MGL30Jan201080PE.NFO,07/01/2020,10:53:04,43.5,38.45,7800,44.35,600,0,4800
MGL30Jan201080PE.NFO,07/01/2020,10:53:10,43.5,38.45,7800,44.3,1200,0,4800
MGL30Jan201080PE.NFO,07/01/2020,10:53:15,43.5,38.45,12600,45.6,7200,0,4800
MGL30Jan201080PE.NFO,07/01/2020,10:53:21,43.5,38.45,12600,45.5,6600,0,4800
MGL30Jan201080PE.NFO,07/01/2020,10:53:31,43.5,38.45,12600,45.3,6600,0,4800
MGL30Jan201080PE.NFO,07/01/2020,10:53:41,43.5,38.45,12600,45.05,600,0,4800
MGL30Jan201080PE.NFO,07/01/2020,10:53:53,43.5,38.45,12600,45.1,600,0,4800
MGL30Jan201080PE.NFO,07/01/2020,10:54:08,43.5,38.45,9000,45.1,600,0,4800
MGL30Jan201080PE.NFO,07/01/2020,10:54:12,43.5,38.45,12600,45.05,600,0,4800
MGL30Jan201080PE.NFO,07/01/2020,10:54:18,43.5,38.45,9000,45.05,600,0,4800
MGL30Jan201080PE.NFO,07/01/2020,10:54:27,43.5,38.45,12600,45.1,600,0,4800
MGL30Jan201080PE.NFO,07/01/2020,10:54:35,43.5,38.45,12600,45.05,1800,0,4800
MGL30Jan201080PE.NFO,07/01/2020,10:54:38,43.5,38.45,12600,45.1,600,0,4800
MGL30Jan201080PE.NFO,07/01/2020,10:55:10,43.5,38.45,12600,45.1,5400,0,4800
MGL30Jan201080PE.NFO,07/01/2020,10:55:14,43.5,38.45,12600,45.1,600,0,4800
MGL30Jan201080PE.NFO,07/01/2020,10:55:43,43.5,39.1,8400,45.1,600,0,4800
MGL30Jan201080PE.NFO,07/01/2020,10:55:48,43.5,39.4,3000,45.1,600,0,4800
MGL30Jan201080PE.NFO,07/01/2020,10:55:52,43.5,39.45,4800,45.1,600,0,4800
MGL30Jan201080PE.NFO,07/01/2020,10:55:57,43.5,39.15,7200,45.1,600,0,4800
MGL30Jan201080PE.NFO,07/01/2020,10:56:01,43.5,39.15,7200,45.1,3000,0,4800
MGL30Jan201080PE.NFO,07/01/2020,10:56:06,43.5,39.9,3600,46.3,5400,0,4800
MGL30Jan201080PE.NFO,07/01/2020,10:56:10,43.5,39.55,9000,46.25,6600,0,4800
MGL30Jan201080PE.NFO,07/01/2020,10:56:15,43.5,39.65,3000,46.25,9000,0,4800
MGL30Jan201080PE.NFO,07/01/2020,10:56:23,43.5,40,4200,46.25,6600,0,4800
MGL30Jan201080PE.NFO,07/01/2020,10:56:27,43.5,39.85,4200,46.25,6600,0,4800
MGL30Jan201080PE.NFO,07/01/2020,10:56:32,43.5,39.95,4200,46.25,6600,0,4800
MGL30Jan201080PE.NFO,07/01/2020,10:56:46,43.5,38.75,13800,46.25,6600,0,4800
MGL30Jan201080PE.NFO,07/01/2020,10:56:50,43.5,39.95,3000,46.25,6600,0,4800
MGL30Jan201080PE.NFO,07/01/2020,10:56:56,43.5,39.95,3600,45.9,3000,0,4800
MGL30Jan201080PE.NFO,07/01/2020,10:57:02,43.5,39.95,3000,46.1,6600,0,4800
MGL30Jan201080PE.NFO,07/01/2020,10:57:12,43.5,40,2400,45.95,1800,0,4800
MGL30Jan201080PE.NFO,07/01/2020,10:57:19,43.5,39.75,3000,45.95,1800,0,4800
MGL30Jan201080PE.NFO,07/01/2020,10:57:25,43.5,39.45,3000,45.95,1800,0,4800
MGL30Jan201080PE.NFO,07/01/2020,10:57:33,43.5,38.5,9000,46.05,5400,0,4800
MGL30Jan201080PE.NFO,07/01/2020,10:57:39,43.5,38.5,12600,46.05,5400,0,4800
MGL30Jan201080PE.NFO,07/01/2020,10:58:16,43.5,38.5,12600,46.05,6600,0,4800
MGL30Jan201080PE.NFO,07/01/2020,10:58:30,43.5,38.5,12600,46.05,1200,0,4800
MGL30Jan201080PE.NFO,07/01/2020,10:58:36,43.5,38.5,12600,47.4,10800,0,4800
MGL30Jan201080PE.NFO,07/01/2020,10:58:55,43.5,39.9,12600,47.35,1800,0,4800
MGL30Jan201080PE.NFO,07/01/2020,10:59:01,43.5,39.9,12600,48.3,12600,0,4800
MGL30Jan201080PE.NFO,07/01/2020,10:59:32,43.5,39.9,12600,48.25,12600,0,4800
MGL30Jan201080PE.NFO,07/01/2020,10:59:38,43.5,40.05,8400,48.1,5400,0,4800
MGL30Jan201080PE.NFO,07/01/2020,10:59:44,43.5,41,4800,46.95,600,0,4800
MGL30Jan201080PE.NFO,07/01/2020,10:59:55,43.5,41.1,6000,47.2,6000,0,4800
MGL30Jan201080PE.NFO,07/01/2020,11:00:01,43.5,40.8,6000,46.9,1200,0,4800
MGL30Jan201080PE.NFO,07/01/2020,11:00:08,43.5,41.3,5400,47.45,5400,0,4800
MGL30Jan201080PE.NFO,07/01/2020,11:00:16,43.5,40.1,12600,47.45,7800,0,4800
MGL30Jan201080PE.NFO,07/01/2020,11:00:36,43.5,40.1,12600,47.45,3600,0,4800
MGL30Jan201080PE.NFO,07/01/2020,11:00:43,43.5,40.1,12600,47.4,1200,0,4800
MGL30Jan201080PE.NFO,07/01/2020,11:00:49,43.5,40.1,12600,47.3,1200,0,4800
MGL30Jan201080PE.NFO,07/01/2020,11:00:56,43.5,40.1,12600,47.3,4800,0,4800
MGL30Jan201080PE.NFO,07/01/2020,11:01:03,43.5,40.1,12600,47.75,11400,0,4800
MGL30Jan201080PE.NFO,07/01/2020,11:01:11,43.5,40.1,12600,48.7,10800,0,4800
MGL30Jan201080PE.NFO,07/01/2020,11:01:18,43.5,40.1,12600,48.65,12600,0,4800
MGL30Jan201080PE.NFO,07/01/2020,11:02:43,43.5,41.9,1200,47.65,3000,0,4800
MGL30Jan201080PE.NFO,07/01/2020,11:02:49,43.5,41.75,4200,47.95,6600,0,4800
MGL30Jan201080PE.NFO,07/01/2020,11:02:56,43.5,41.75,6600,47.95,4800,0,4800
MGL30Jan201080PE.NFO,07/01/2020,11:03:16,43.5,41.75,7800,47.9,1200,0,4800
MGL30Jan201080PE.NFO,07/01/2020,11:03:23,43.5,41.75,7800,49,15000,0,4800
MGL30Jan201080PE.NFO,07/01/2020,11:03:29,43.5,41.95,6600,48.85,17400,0,4800
MGL30Jan201080PE.NFO,07/01/2020,11:03:35,43.5,41.95,6600,48.7,7800,0,4800
MGL30Jan201080PE.NFO,07/01/2020,11:03:42,43.5,42.2,7800,49.7,13800,0,4800
MGL30Jan201080PE.NFO,07/01/2020,11:03:50,43.5,42.2,12600,48.95,7800,0,4800
MGL30Jan201080PE.NFO,07/01/2020,11:03:57,43.5,42.2,6600,48.95,11400,0,4800
MGL30Jan201080PE.NFO,07/01/2020,11:04:04,43.5,42.2,12600,48.95,11400,0,4800
MGL30Jan201080PE.NFO,07/01/2020,11:04:10,43.5,42.2,9000,48.95,11400,0,4800
MGL30Jan201080PE.NFO,07/01/2020,11:04:16,43.5,42.2,12600,48.95,6000,0,4800
MGL30Jan201080PE.NFO,07/01/2020,11:04:23,43.5,42.2,12600,49.35,7200,0,4800
MGL30Jan201080PE.NFO,07/01/2020,11:04:29,43.5,42.2,12600,49.35,4800,0,4800
MGL30Jan201080PE.NFO,07/01/2020,11:04:36,43.5,42.2,12600,50.2,10200,0,4800
MGL30Jan201080PE.NFO,07/01/2020,11:04:43,43.5,42.2,12600,50.2,12600,0,4800
MGL30Jan201080PE.NFO,07/01/2020,11:05:18,43.5,42.95,3000,50.2,12600,0,4800
MGL30Jan201080PE.NFO,07/01/2020,11:05:25,43.5,42.65,6600,50.2,12600,0,4800
MGL30Jan201080PE.NFO,07/01/2020,11:05:39,43.5,42.7,6600,50.2,12600,0,4800
MGL30Jan201080PE.NFO,07/01/2020,11:05:45,43.5,41.7,12600,50.2,12600,0,4800
MGL30Jan201080PE.NFO,07/01/2020,11:05:52,43.5,41.7,11400,50.2,12600,0,4800
MGL30Jan201080PE.NFO,07/01/2020,11:06:00,43.5,41.7,12600,50.2,12600,0,4800
MGL30Jan201080PE.NFO,07/01/2020,11:06:13,43.5,41.7,11400,48.7,2400,0,4800
MGL30Jan201080PE.NFO,07/01/2020,11:06:20,43.5,41.7,7800,48.6,4200,0,4800
MGL30Jan201080PE.NFO,07/01/2020,11:06:26,43.5,41.7,11400,49.2,11400,0,4800
MGL30Jan201080PE.NFO,07/01/2020,11:06:42,43.5,41.7,9000,49.2,11400,0,4800
MGL30Jan201080PE.NFO,07/01/2020,11:06:52,43.5,41.7,6600,49.2,12600,0,4800
MGL30Jan201080PE.NFO,07/01/2020,11:06:57,43.5,41.7,11400,49.2,12600,0,4800
MGL30Jan201080PE.NFO,07/01/2020,11:07:02,43.5,41.7,7800,49.2,12600,0,4800
MGL30Jan201080PE.NFO,07/01/2020,11:07:08,43.5,41.7,12600,49.2,11400,0,4800
MGL30Jan201080PE.NFO,07/01/2020,11:07:18,43.5,41.7,7800,49.2,12600,0,4800
MGL30Jan201080PE.NFO,07/01/2020,11:07:23,43.5,41.7,11400,49.2,12600,0,4800
MGL30Jan201080PE.NFO,07/01/2020,11:07:33,43.5,41.7,11400,49.2,11400,0,4800
MGL30Jan201080PE.NFO,07/01/2020,11:07:39,43.5,40.75,12600,49.2,12600,0,4800
MGL30Jan201080PE.NFO,07/01/2020,11:07:45,43.5,42.5,2400,49.2,10800,0,4800
MGL30Jan201080PE.NFO,07/01/2020,11:07:50,43.5,41.55,9000,49.15,11400,0,4800
MGL30Jan201080PE.NFO,07/01/2020,11:08:01,43.5,41.55,12600,49.15,12600,0,4800
MGL30Jan201080PE.NFO,07/01/2020,11:08:05,43.5,41.55,11400,49.15,12600,0,4800
MGL30Jan201080PE.NFO,07/01/2020,11:08:10,43.5,41.55,9000,49.1,12600,0,4800
MGL30Jan201080PE.NFO,07/01/2020,11:08:14,43.5,41.55,4200,49,12600,0,4800
MGL30Jan201080PE.NFO,07/01/2020,11:08:25,43.5,41.55,9000,49,12600,0,4800
MGL30Jan201080PE.NFO,07/01/2020,11:08:36,43.5,41.55,12600,49,12600,0,4800
MGL30Jan201080PE.NFO,07/01/2020,11:08:45,43.5,41.55,12600,48.95,12600,0,4800
MGL30Jan201080PE.NFO,07/01/2020,11:08:50,43.5,41.55,12600,48.3,3600,0,4800
MGL30Jan201080PE.NFO,07/01/2020,11:08:55,43.5,41.55,12600,48.35,3600,0,4800
MGL30Jan201080PE.NFO,07/01/2020,11:09:00,43.5,41.55,6600,48.2,2400,0,4800
MGL30Jan201080PE.NFO,07/01/2020,11:09:05,43.5,41.65,3000,48.4,11400,0,4800
MGL30Jan201080PE.NFO,07/01/2020,11:09:09,43.5,40.55,12600,48.3,6600,0,4800
MGL30Jan201080PE.NFO,07/01/2020,11:09:15,43.5,40.55,12600,48.25,4800,0,4800
MGL30Jan201080PE.NFO,07/01/2020,11:09:20,43.5,40.55,12600,49.35,12600,0,4800
MGL30Jan201080PE.NFO,07/01/2020,11:10:22,43.5,42.2,1200,49.35,12600,0,4800
MGL30Jan201080PE.NFO,07/01/2020,11:10:27,43.5,42.2,1800,49.35,12600,0,4800
MGL30Jan201080PE.NFO,07/01/2020,11:10:36,43.5,41.95,3000,49.35,12600,0,4800
MGL30Jan201080PE.NFO,07/01/2020,11:10:44,43.5,41.75,4200,49.35,12600,0,4800
MGL30Jan201080PE.NFO,07/01/2020,11:10:48,43.5,41.75,6600,49.35,12600,0,4800
MGL30Jan201080PE.NFO,07/01/2020,11:10:59,43.5,41.75,7800,49.35,12600,0,4800
MGL30Jan201080PE.NFO,07/01/2020,11:11:03,43.5,41.75,6600,49.35,12600,0,4800
MGL30Jan201080PE.NFO,07/01/2020,11:11:27,43.5,41.75,12600,49.35,12600,0,4800
MGL30Jan201080PE.NFO,07/01/2020,11:11:35,43.5,41.75,6600,48.2,1200,0,4800
MGL30Jan201080PE.NFO,07/01/2020,11:11:42,43.5,41.75,9000,48.45,1800,0,4800
MGL30Jan201080PE.NFO,07/01/2020,11:11:48,43.5,41.75,9000,48.75,7800,0,4800
MGL30Jan201080PE.NFO,07/01/2020,11:11:55,43.5,41.75,12600,48.75,7800,0,4800
MGL30Jan201080PE.NFO,07/01/2020,11:12:10,43.5,41.75,12600,49.45,9600,0,4800
MGL30Jan201080PE.NFO,07/01/2020,11:12:17,43.5,41.75,12600,49.35,9600,0,4800
MGL30Jan201080PE.NFO,07/01/2020,11:12:24,43.5,41.75,12600,49.3,9600,0,4800
MGL30Jan201080PE.NFO,07/01/2020,11:12:31,43.5,41.75,12600,49.2,6000,0,4800
MGL30Jan201080PE.NFO,07/01/2020,11:12:38,43.5,41.75,12600,49.2,8400,0,4800
MGL30Jan201080PE.NFO,07/01/2020,11:12:43,43.5,41.75,12600,49.2,6000,0,4800
MGL30Jan201080PE.NFO,07/01/2020,11:12:48,43.5,41.75,12600,49.1,7800,0,4800
MGL30Jan201080PE.NFO,07/01/2020,11:12:53,43.5,41.75,12600,49.1,9600,0,4800
MGL30Jan201080PE.NFO,07/01/2020,11:13:04,43.5,42.1,1200,48.95,12600,0,4800
MGL30Jan201080PE.NFO,07/01/2020,11:13:09,43.5,42.25,6600,48.85,11400,0,4800
MGL30Jan201080PE.NFO,07/01/2020,11:13:15,43.5,42.25,3000,48.85,7800,0,4800
MGL30Jan201080PE.NFO,07/01/2020,11:13:21,43.5,42.25,6600,48.85,11400,0,4800
MGL30Jan201080PE.NFO,07/01/2020,11:13:31,43.5,42.25,6600,48.85,7800,0,4800
MGL30Jan201080PE.NFO,07/01/2020,11:13:38,43.5,42.25,11400,50.5,7800,0,4800
MGL30Jan201080PE.NFO,07/01/2020,11:13:44,43.5,42.25,12600,50.5,12600,0,4800
MGL30Jan201080PE.NFO,07/01/2020,11:14:12,43.5,42.25,9000,50.5,12600,0,4800
MGL30Jan201080PE.NFO,07/01/2020,11:14:19,43.5,42.25,12600,49.55,5400,0,4800
MGL30Jan201080PE.NFO,07/01/2020,11:14:24,43.5,42.25,12600,50.25,10800,0,4800
MGL30Jan201080PE.NFO,07/01/2020,11:14:49,43.5,42.25,12600,50.2,12600,0,4800
MGL30Jan201080PE.NFO,07/01/2020,11:15:07,43.5,42.25,12600,50.2,10800,0,4800
MGL30Jan201080PE.NFO,07/01/2020,11:15:18,43.5,42.25,12600,50.15,9000,0,4800
MGL30Jan201080PE.NFO,07/01/2020,11:15:23,43.5,42.25,12600,50.15,12600,0,4800
MGL30Jan201080PE.NFO,07/01/2020,11:15:35,43.5,43.2,3600,50.15,12600,0,4800
MGL30Jan201080PE.NFO,07/01/2020,11:15:40,43.5,42.9,6600,50.15,12600,0,4800
MGL30Jan201080PE.NFO,07/01/2020,11:16:27,43.5,42.9,12600,50.15,11400,0,4800
MGL30Jan201080PE.NFO,07/01/2020,11:16:38,43.5,42.9,12600,50.15,12600,0,4800
MGL30Jan201080PE.NFO,07/01/2020,11:16:43,43.5,42.9,12600,50.1,10800,0,4800
MGL30Jan201080PE.NFO,07/01/2020,11:16:49,43.5,41.85,12600,49.95,9600,0,4800
MGL30Jan201080PE.NFO,07/01/2020,11:16:56,43.5,41.85,12600,49.8,6600,0,4800
MGL30Jan201080PE.NFO,07/01/2020,11:17:02,43.5,41.85,12600,49.7,6600,0,4800
MGL30Jan201080PE.NFO,07/01/2020,11:17:07,43.5,41.85,12600,49.6,5400,0,4800
MGL30Jan201080PE.NFO,07/01/2020,11:17:11,43.5,41.85,12600,49.45,600,0,4800
MGL30Jan201080PE.NFO,07/01/2020,11:17:16,43.5,41.85,12600,50.2,10800,0,4800
MGL30Jan201080PE.NFO,07/01/2020,11:17:21,43.5,41.85,12600,50.15,12600,0,4800
MGL30Jan201080PE.NFO,07/01/2020,11:17:53,43.5,41.85,12600,50.1,7800,0,4800
MGL30Jan201080PE.NFO,07/01/2020,11:17:57,43.5,41.85,12600,50.1,12600,0,4800
MGL30Jan201080PE.NFO,07/01/2020,11:18:14,43.5,43.65,4200,50.1,12600,0,4800
MGL30Jan201080PE.NFO,07/01/2020,11:18:19,43.5,43.7,1800,50.1,12600,0,4800
MGL30Jan201080PE.NFO,07/01/2020,11:18:39,43.5,43.15,9000,50.1,12600,0,4800
MGL30Jan201080PE.NFO,07/01/2020,11:18:52,43.5,42.5,11400,50.1,12600,0,4800
MGL30Jan201080PE.NFO,07/01/2020,11:18:57,43.5,42.5,12600,50.1,12600,0,4800
MGL30Jan201080PE.NFO,07/01/2020,11:19:09,43.5,42.5,12600,50.8,12600,0,4800
MGL30Jan201080PE.NFO,07/01/2020,11:19:15,43.5,42.5,12600,50.8,11400,0,4800
MGL30Jan201080PE.NFO,07/01/2020,11:19:23,43.5,42.5,12600,50.75,8400,0,4800
MGL30Jan201080PE.NFO,07/01/2020,11:19:30,43.5,42.5,12600,50.7,10800,0,4800
MGL30Jan201080PE.NFO,07/01/2020,11:19:37,43.5,42.5,12600,50.65,11400,0,4800
MGL30Jan201080PE.NFO,07/01/2020,11:19:43,43.5,42.5,12600,49.4,600,0,4800
MGL30Jan201080PE.NFO,07/01/2020,11:19:49,43.5,42.5,12600,49.9,10800,0,4800
MGL30Jan201080PE.NFO,07/01/2020,11:19:55,43.5,42.5,12600,49.3,1800,0,4800
MGL30Jan201080PE.NFO,07/01/2020,11:19:59,43.5,42.5,12600,49.45,4200,0,4800
MGL30Jan201080PE.NFO,07/01/2020,11:20:05,43.5,42.5,12600,49.6,2400,0,4800
MGL30Jan201080PE.NFO,07/01/2020,11:20:11,43.5,42.5,12600,49.55,9000,0,4800
MGL30Jan201080PE.NFO,07/01/2020,11:20:17,43.5,42.5,12600,50.7,10800,0,4800
MGL30Jan201080PE.NFO,07/01/2020,11:20:27,43.5,42.5,7800,50.7,10800,0,4800
MGL30Jan201080PE.NFO,07/01/2020,11:20:33,43.5,42.5,10200,50.55,12600,0,4800
MGL30Jan201080PE.NFO,07/01/2020,11:20:38,43.5,42.5,3000,50.55,12600,0,4800
MGL30Jan201080PE.NFO,07/01/2020,11:20:43,43.5,41.5,12600,50.55,12600,0,4800
MGL30Jan201080PE.NFO,07/01/2020,11:20:54,43.5,40.65,14400,50.55,12600,0,4800
MGL30Jan201080PE.NFO,07/01/2020,11:21:00,43.5,40.7,13800,50.55,12600,0,4800
MGL30Jan201080PE.NFO,07/01/2020,11:21:05,43.5,40.75,14400,50.55,12600,0,4800
MGL30Jan201080PE.NFO,07/01/2020,11:21:24,43.5,42.4,10200,50.55,12600,0,4800
MGL30Jan201080PE.NFO,07/01/2020,11:21:36,43.5,42.45,4200,50.55,12600,0,4800
MGL30Jan201080PE.NFO,07/01/2020,11:21:41,43.5,42.5,10200,50.55,12600,0,4800
MGL30Jan201080PE.NFO,07/01/2020,11:21:47,43.5,42.5,11400,50.55,12600,0,4800
MGL30Jan201080PE.NFO,07/01/2020,11:21:59,43.5,42.5,12600,50.55,12600,0,4800
MGL30Jan201080PE.NFO,07/01/2020,11:22:16,43.5,42.5,9000,50.55,12600,0,4800
MGL30Jan201080PE.NFO,07/01/2020,11:22:20,43.5,42.5,12600,50.55,12600,0,4800
MGL30Jan201080PE.NFO,07/01/2020,11:22:34,43.5,42.5,12600,49.75,2400,0,4800
MGL30Jan201080PE.NFO,07/01/2020,11:22:39,43.5,42.5,12600,49.85,2400,0,4800
MGL30Jan201080PE.NFO,07/01/2020,11:22:43,43.5,42.5,12600,49.75,3600,0,4800
MGL30Jan201080PE.NFO,07/01/2020,11:22:52,43.5,42.5,10200,49.6,4200,0,4800
MGL30Jan201080PE.NFO,07/01/2020,11:22:58,43.5,42.5,11400,49.7,600,0,4800
MGL30Jan201080PE.NFO,07/01/2020,11:23:04,43.5,42.5,10200,49.75,5400,0,4800
MGL30Jan201080PE.NFO,07/01/2020,11:23:08,43.5,42.5,12600,49.75,2400,0,4800
MGL30Jan201080PE.NFO,07/01/2020,11:23:19,43.5,42.5,12600,49.7,4200,0,4800
MGL30Jan201080PE.NFO,07/01/2020,11:23:24,43.5,42.5,12600,50.75,10800,0,4800
MGL30Jan201080PE.NFO,07/01/2020,11:23:36,43.5,42.5,12600,50.4,12600,0,4800
MGL30Jan201080PE.NFO,07/01/2020,11:23:54,43.5,42.65,7800,50.4,12600,0,4800
MGL30Jan201080PE.NFO,07/01/2020,11:24:00,43.5,41.6,12600,50.4,12600,0,4800
MGL30Jan201080PE.NFO,07/01/2020,11:24:21,43.5,41.6,12600,50.4,9000,0,4800
MGL30Jan201080PE.NFO,07/01/2020,11:24:31,43.5,41.6,12600,50.4,12600,0,4800
MGL30Jan201080PE.NFO,07/01/2020,11:25:35,43.5,41.6,12600,49.3,3600,0,4800
MGL30Jan201080PE.NFO,07/01/2020,11:25:40,43.5,41.6,12600,49.3,2400,0,4800
MGL30Jan201080PE.NFO,07/01/2020,11:25:46,43.5,41.6,12600,49.85,8400,0,4800
MGL30Jan201080PE.NFO,07/01/2020,11:25:51,43.5,41.6,12600,49.8,11400,0,4800
MGL30Jan201080PE.NFO,07/01/2020,11:25:56,43.5,41.6,12600,49.8,12600,0,4800
MGL30Jan201080PE.NFO,07/01/2020,11:26:18,43.5,41.6,12600,49.8,10200,0,4800
MGL30Jan201080PE.NFO,07/01/2020,11:26:22,43.5,43.1,3000,49.8,12600,0,4800
MGL30Jan201080PE.NFO,07/01/2020,11:26:27,43.5,42.15,13800,49.8,12600,0,4800
MGL30Jan201080PE.NFO,07/01/2020,11:26:37,43.5,42.65,1200,49.8,12600,0,4800
MGL30Jan201080PE.NFO,07/01/2020,11:26:47,43.5,42.7,4200,49.8,12600,0,4800
MGL30Jan201080PE.NFO,07/01/2020,11:26:51,43.5,42.7,9000,49.8,11400,0,4800
MGL30Jan201080PE.NFO,07/01/2020,11:27:03,43.5,42.7,9000,49.8,12600,0,4800
MGL30Jan201080PE.NFO,07/01/2020,11:27:21,43.5,42.7,9000,49.8,10200,0,4800
MGL30Jan201080PE.NFO,07/01/2020,11:27:36,43.5,42.7,9000,49.8,11400,0,4800
MGL30Jan201080PE.NFO,07/01/2020,11:27:41,43.5,42.7,9000,49.8,12600,0,4800
MGL30Jan201080PE.NFO,07/01/2020,11:27:53,43.5,42.7,4200,49.8,12600,0,4800
MGL30Jan201080PE.NFO,07/01/2020,11:27:57,43.5,42.7,9000,49.8,12600,0,4800
MGL30Jan201080PE.NFO,07/01/2020,11:28:01,43.5,42.7,3000,49.8,12600,0,4800
MGL30Jan201080PE.NFO,07/01/2020,11:28:05,43.5,41.6,12600,49.8,12600,0,4800
MGL30Jan201080PE.NFO,07/01/2020,11:28:09,43.5,41.6,11400,49.8,12600,0,4800
MGL30Jan201080PE.NFO,07/01/2020,11:28:13,43.5,41.6,12600,49.8,12600,0,4800
MGL30Jan201080PE.NFO,07/01/2020,11:28:17,43.5,41.6,12600,48.9,600,0,4800
MGL30Jan201080PE.NFO,07/01/2020,11:28:27,43.5,41.6,12600,48.8,600,0,4800
MGL30Jan201080PE.NFO,07/01/2020,11:28:31,43.5,41.6,12600,49.25,10200,0,4800
MGL30Jan201080PE.NFO,07/01/2020,11:28:41,43.5,41.6,12600,49.2,7800,0,4800
MGL30Jan201080PE.NFO,07/01/2020,11:28:43,43.5,41.6,12600,49.2,5400,0,4800
MGL30Jan201080PE.NFO,07/01/2020,11:28:47,43.5,41.6,12600,49.05,5400,0,4800
MGL30Jan201080PE.NFO,07/01/2020,11:28:55,43.5,41.6,12600,49.05,9000,0,4800
MGL30Jan201080PE.NFO,07/01/2020,11:28:59,43.5,41.6,12600,49.05,4200,0,4800
MGL30Jan201080PE.NFO,07/01/2020,11:29:05,43.5,42.55,1800,49.05,10200,0,4800
MGL30Jan201080PE.NFO,07/01/2020,11:29:10,43.5,42.55,1800,49.05,5400,0,4800
MGL30Jan201080PE.NFO,07/01/2020,11:29:14,43.5,42.45,7800,49.05,2400,0,4800
MGL30Jan201080PE.NFO,07/01/2020,11:29:18,43.5,42.4,1800,50.1,10800,0,4800
MGL30Jan201080PE.NFO,07/01/2020,11:29:21,43.5,42.45,2400,49.75,12600,0,4800
MGL30Jan201080PE.NFO,07/01/2020,11:29:28,43.5,41.45,11400,49.75,12600,0,4800
MGL30Jan201080PE.NFO,07/01/2020,11:29:32,43.5,41.45,12600,49.75,12600,0,4800
MGL30Jan201080PE.NFO,07/01/2020,11:29:54,43.5,41.45,8400,49.75,12600,0,4800
MGL30Jan201080PE.NFO,07/01/2020,11:29:57,43.5,41.5,9600,49.75,12600,0,4800
MGL30Jan201080PE.NFO,07/01/2020,11:30:00,43.5,41.55,11400,49.75,12600,0,4800
MGL30Jan201080PE.NFO,07/01/2020,11:30:03,43.5,41.55,10200,49.75,12600,0,4800
MGL30Jan201080PE.NFO,07/01/2020,11:30:35,43.5,41.55,3600,49.75,12600,0,4800
MGL30Jan201080PE.NFO,07/01/2020,11:30:38,43.5,41.65,3000,49.75,12600,0,4800
MGL30Jan201080PE.NFO,07/01/2020,11:30:42,43.5,41.7,2400,49.75,12600,0,4800
MGL30Jan201080PE.NFO,07/01/2020,11:30:59,43.5,40.6,10800,49.75,12600,0,4800
MGL30Jan201080PE.NFO,07/01/2020,11:31:04,43.5,40.65,12600,47.7,1800,0,4800
MGL30Jan201080PE.NFO,07/01/2020,11:31:11,43.5,40.65,12600,48.75,12600,0,4800
MGL30Jan201080PE.NFO,07/01/2020,11:31:38,43.5,41.85,3000,48.75,12600,0,4800
MGL30Jan201080PE.NFO,07/01/2020,11:31:42,43.5,41.8,1200,48.75,12600,0,4800
MGL30Jan201080PE.NFO,07/01/2020,11:31:46,43.5,41.55,3600,48.75,12600,0,4800
MGL30Jan201080PE.NFO,07/01/2020,11:31:52,43.5,41.55,1200,48.75,12600,0,4800
MGL30Jan201080PE.NFO,07/01/2020,11:31:58,43.5,41.55,3600,48.75,12600,0,4800
MGL30Jan201080PE.NFO,07/01/2020,11:32:04,43.5,41.65,2400,48.75,12600,0,4800
MGL30Jan201080PE.NFO,07/01/2020,11:32:10,43.5,41.3,11400,48.75,12600,0,4800
MGL30Jan201080PE.NFO,07/01/2020,11:32:20,43.5,41.3,10800,48.75,8400,0,4800
MGL30Jan201080PE.NFO,07/01/2020,11:32:25,43.5,41.3,10800,48.75,3600,0,4800
MGL30Jan201080PE.NFO,07/01/2020,11:32:29,43.5,41.3,10800,48.75,9600,0,4800
MGL30Jan201080PE.NFO,07/01/2020,11:32:34,43.5,41.3,10800,48.75,8400,0,4800
MGL30Jan201080PE.NFO,07/01/2020,11:32:44,43.5,41.3,10800,48.75,9600,0,4800
MGL30Jan201080PE.NFO,07/01/2020,11:33:02,43.5,41.3,10800,48.75,8400,0,4800
MGL30Jan201080PE.NFO,07/01/2020,11:33:18,43.5,41.3,10800,48.75,6000,0,4800
MGL30Jan201080PE.NFO,07/01/2020,11:33:22,43.5,41.3,10800,48.75,8400,0,4800
MGL30Jan201080PE.NFO,07/01/2020,11:33:31,43.5,41.35,12600,50.35,12600,0,4800
MGL30Jan201080PE.NFO,07/01/2020,11:33:36,43.5,41.35,12600,48.55,9600,0,4800
MGL30Jan201080PE.NFO,07/01/2020,11:33:43,43.5,41.35,12600,48.45,7200,0,4800
MGL30Jan201080PE.NFO,07/01/2020,11:33:48,43.5,41.35,12600,49,7800,0,4800
MGL30Jan201080PE.NFO,07/01/2020,11:33:52,43.5,41.35,12600,49,12600,0,4800
MGL30Jan201080PE.NFO,07/01/2020,11:34:10,43.5,42.15,3000,49,12600,0,4800
MGL30Jan201080PE.NFO,07/01/2020,11:34:17,43.5,41.95,4200,49,12600,0,4800
MGL30Jan201080PE.NFO,07/01/2020,11:34:23,43.5,41.95,5400,49,12600,0,4800
MGL30Jan201080PE.NFO,07/01/2020,11:34:29,43.5,42,4200,49,12600,0,4800
MGL30Jan201080PE.NFO,07/01/2020,11:34:36,43.5,42.05,7800,49,12600,0,4800
MGL30Jan201080PE.NFO,07/01/2020,11:34:42,43.5,42.05,4200,49,12600,0,4800
MGL30Jan201080PE.NFO,07/01/2020,11:34:53,43.5,42.1,3000,49,12600,0,4800
MGL30Jan201080PE.NFO,07/01/2020,11:34:59,43.5,42.1,1200,49,12600,0,4800
MGL30Jan201080PE.NFO,07/01/2020,11:35:04,43.5,41.6,10200,49,12600,0,4800
MGL30Jan201080PE.NFO,07/01/2020,11:35:10,43.5,41.6,9000,49,12600,0,4800
MGL30Jan201080PE.NFO,07/01/2020,11:35:15,43.5,41.6,10200,49,12600,0,4800
MGL30Jan201080PE.NFO,07/01/2020,11:35:21,43.5,41.65,3000,49,12600,0,4800
MGL30Jan201080PE.NFO,07/01/2020,11:35:28,43.5,41.7,3000,49,12600,0,4800
MGL30Jan201080PE.NFO,07/01/2020,11:35:34,43.5,41.75,1800,49,12600,0,4800
MGL30Jan201080PE.NFO,07/01/2020,11:35:39,43.5,40.9,12600,49,12600,0,4800
MGL30Jan201080PE.NFO,07/01/2020,11:35:51,43.5,40.9,10800,49,12600,0,4800
MGL30Jan201080PE.NFO,07/01/2020,11:35:57,43.5,41,10200,49,12600,0,4800
MGL30Jan201080PE.NFO,07/01/2020,11:36:02,43.5,41,12600,49,12600,0,4800
MGL30Jan201080PE.NFO,07/01/2020,11:36:13,43.5,41,8400,49,12600,0,4800
MGL30Jan201080PE.NFO,07/01/2020,11:36:19,43.5,41.1,12600,47.5,4200,0,4800
MGL30Jan201080PE.NFO,07/01/2020,11:36:37,43.5,41.1,7200,47.45,7200,0,4800
MGL30Jan201080PE.NFO,07/01/2020,11:36:42,43.5,41.6,4200,48.15,12600,0,4800
MGL30Jan201080PE.NFO,07/01/2020,11:36:48,43.5,41.6,4200,48.15,11400,0,4800
MGL30Jan201080PE.NFO,07/01/2020,11:36:54,43.5,41.9,4200,48.15,6600,0,4800
MGL30Jan201080PE.NFO,07/01/2020,11:37:01,43.5,41.55,3000,48.15,11400,0,4800
MGL30Jan201080PE.NFO,07/01/2020,11:37:07,43.5,40.6,12600,48.15,12600,0,4800
MGL30Jan201080PE.NFO,07/01/2020,11:37:15,43.5,39.55,12600,48.15,12600,0,4800
MGL30Jan201080PE.NFO,07/01/2020,11:39:05,43.5,39.55,12600,48.15,11400,0,4800
MGL30Jan201080PE.NFO,07/01/2020,11:39:08,43.5,39.55,12600,48.15,12600,0,4800
MGL30Jan201080PE.NFO,07/01/2020,11:39:11,43.5,39.55,12600,47.55,3000,0,4800
MGL30Jan201080PE.NFO,07/01/2020,11:39:13,43.5,39.55,12600,47.65,5400,0,4800
MGL30Jan201080PE.NFO,07/01/2020,11:39:21,43.5,39.55,12600,47.65,6600,0,4800
MGL30Jan201080PE.NFO,07/01/2020,11:39:26,43.5,39.55,12600,47.3,600,0,4800
MGL30Jan201080PE.NFO,07/01/2020,11:39:30,43.5,40.1,15600,47.6,2400,0,4800
MGL30Jan201080PE.NFO,07/01/2020,11:39:42,43.5,40.1,15600,48.05,11400,0,4800
MGL30Jan201080PE.NFO,07/01/2020,11:39:48,43.5,41.4,9000,48.05,5400,0,4800
MGL30Jan201080PE.NFO,07/01/2020,11:39:54,43.5,41.4,9000,48.6,11400,0,4800
MGL30Jan201080PE.NFO,07/01/2020,11:40:01,43.5,41.4,10200,48.6,12600,0,4800
MGL30Jan201080PE.NFO,07/01/2020,11:40:06,43.5,41.4,10200,48.6,11400,0,4800
MGL30Jan201080PE.NFO,07/01/2020,11:40:11,43.5,41.4,7800,48.6,12600,0,4800
MGL30Jan201080PE.NFO,07/01/2020,11:40:25,43.5,41.4,10200,48.6,12600,0,4800
MGL30Jan201080PE.NFO,07/01/2020,11:40:29,43.5,41.4,7800,48.6,12600,0,4800
MGL30Jan201080PE.NFO,07/01/2020,11:40:32,43.5,41.4,10200,48.6,12600,0,4800
MGL30Jan201080PE.NFO,07/01/2020,11:40:39,43.5,41.4,7800,48.6,12600,0,4800
MGL30Jan201080PE.NFO,07/01/2020,11:40:42,43.5,41.4,10200,48.6,12600,0,4800
MGL30Jan201080PE.NFO,07/01/2020,11:41:09,43.5,41.4,7800,48.6,12600,0,4800
MGL30Jan201080PE.NFO,07/01/2020,11:41:12,43.5,41.4,12600,48.6,12600,0,4800
MGL30Jan201080PE.NFO,07/01/2020,11:41:57,43.5,41.4,12600,48.6,11400,0,4800
MGL30Jan201080PE.NFO,07/01/2020,11:42:11,43.5,41.4,12600,47.95,600,0,4800
MGL30Jan201080PE.NFO,07/01/2020,11:42:14,43.5,42.2,1200,48.15,600,0,4800
MGL30Jan201080PE.NFO,07/01/2020,11:42:17,43.5,42.25,6000,48.15,600,0,4800
MGL30Jan201080PE.NFO,07/01/2020,11:42:34,43.5,42.3,2400,48.15,600,0,4800
MGL30Jan201080PE.NFO,07/01/2020,11:42:39,43.5,42.15,3000,48.1,1800,0,4800
MGL30Jan201080PE.NFO,07/01/2020,11:42:44,43.5,42.15,3000,48.25,4200,0,4800
MGL30Jan201080PE.NFO,07/01/2020,11:42:52,43.5,42.15,4200,49.3,12600,0,4800
MGL30Jan201080PE.NFO,07/01/2020,11:42:58,43.5,42.15,11400,49.3,12600,0,4800
MGL30Jan201080PE.NFO,07/01/2020,11:43:02,43.5,42.15,3000,49.3,12600,0,4800
MGL30Jan201080PE.NFO,07/01/2020,11:43:08,43.5,41.15,12600,49.3,12600,0,4800
MGL30Jan201080PE.NFO,07/01/2020,11:45:07,43.5,41.95,6000,48.3,600,0,4800
MGL30Jan201080PE.NFO,07/01/2020,11:45:11,43.5,41.95,6000,48.25,600,0,4800
MGL30Jan201080PE.NFO,07/01/2020,11:45:14,43.5,41.95,6000,48.2,2400,0,4800
MGL30Jan201080PE.NFO,07/01/2020,11:45:24,43.5,41.95,12000,48.2,2400,0,4800
MGL30Jan201080PE.NFO,07/01/2020,11:45:27,43.5,41.95,15600,48.4,2400,0,4800
MGL30Jan201080PE.NFO,07/01/2020,11:45:35,43.5,41.95,13200,48.4,2400,0,4800
MGL30Jan201080PE.NFO,07/01/2020,11:45:37,43.5,42.65,3000,49.1,4200,0,4800
MGL30Jan201080PE.NFO,07/01/2020,11:45:41,43.5,42.65,3000,49.1,5400,0,4800
MGL30Jan201080PE.NFO,07/01/2020,11:45:44,43.5,42.65,3000,48.95,1800,0,4800
MGL30Jan201080PE.NFO,07/01/2020,11:45:47,43.5,42.65,3000,48.95,3000,0,4800
MGL30Jan201080PE.NFO,07/01/2020,11:45:54,43.5,42.3,4200,48.9,2400,0,4800
MGL30Jan201080PE.NFO,07/01/2020,11:45:56,43.5,42.3,10200,50.1,12600,0,4800
MGL30Jan201080PE.NFO,07/01/2020,11:46:18,43.5,42.3,4200,50.1,12600,0,4800
MGL30Jan201080PE.NFO,07/01/2020,11:46:20,43.5,42.3,10200,50.1,12600,0,4800
MGL30Jan201080PE.NFO,07/01/2020,11:46:22,43.5,42.3,5400,50.1,12600,0,4800
MGL30Jan201080PE.NFO,07/01/2020,11:46:25,43.5,42.3,4200,50.1,12600,0,4800
MGL30Jan201080PE.NFO,07/01/2020,11:46:27,43.5,42.3,9000,50.1,12600,0,4800
MGL30Jan201080PE.NFO,07/01/2020,11:46:30,43.5,42.3,10200,50.1,12600,0,4800
MGL30Jan201080PE.NFO,07/01/2020,11:46:49,43.5,42.3,3000,50.1,12600,0,4800
MGL30Jan201080PE.NFO,07/01/2020,11:47:06,43.5,42.3,7800,50.1,12600,0,4800
MGL30Jan201080PE.NFO,07/01/2020,11:47:09,43.5,42.3,9000,50.1,12600,0,4800
MGL30Jan201080PE.NFO,07/01/2020,11:47:14,43.5,42.3,10200,50.1,12600,0,4800
MGL30Jan201080PE.NFO,07/01/2020,11:47:18,43.5,42.3,9000,50.1,12600,0,4800
MGL30Jan201080PE.NFO,07/01/2020,11:47:37,43.5,42.3,4200,50.1,12600,0,4800
MGL30Jan201080PE.NFO,07/01/2020,11:47:41,43.5,42.3,12600,50.1,12600,0,4800
MGL30Jan201080PE.NFO,07/01/2020,11:48:04,43.5,42.3,12600,50.05,12600,0,4800
MGL30Jan201080PE.NFO,07/01/2020,11:48:08,43.5,44.45,1200,50.05,12600,0,4800
MGL30Jan201080PE.NFO,07/01/2020,11:48:11,43.5,43.85,2400,50.05,12600,0,4800
MGL30Jan201080PE.NFO,07/01/2020,11:48:15,43.5,42.6,6600,50.05,12600,0,4800
MGL30Jan201080PE.NFO,07/01/2020,11:48:26,43.5,42.6,6600,49.5,11400,0,4800
MGL30Jan201080PE.NFO,07/01/2020,11:48:29,43.5,42.5,7800,49.2,4800,0,4800
MGL30Jan201080PE.NFO,07/01/2020,11:48:34,43.5,42.5,6600,49,4200,0,4800
MGL30Jan201080PE.NFO,07/01/2020,11:48:37,43.5,42.5,7800,49,1200,0,4800
MGL30Jan201080PE.NFO,07/01/2020,11:48:41,43.5,42.6,4200,49.1,3000,0,4800
MGL30Jan201080PE.NFO,07/01/2020,11:48:50,43.5,42.6,3000,49.1,5400,0,4800
MGL30Jan201080PE.NFO,07/01/2020,11:49:08,43.5,42.6,3000,49,5400,0,4800
MGL30Jan201080PE.NFO,07/01/2020,11:49:09,43.5,42.4,3000,48.9,3000,0,4800
MGL30Jan201080PE.NFO,07/01/2020,11:49:13,43.5,42.6,1800,48.85,3000,0,4800
MGL30Jan201080PE.NFO,07/01/2020,11:49:15,43.5,42.6,1800,48.8,5400,0,4800
MGL30Jan201080PE.NFO,07/01/2020,11:49:18,43.5,42.65,1800,49.05,5400,0,4800
MGL30Jan201080PE.NFO,07/01/2020,11:49:20,43.5,41.6,12600,48.9,2400,0,4800
MGL30Jan201080PE.NFO,07/01/2020,11:49:23,43.5,41.6,12600,48.85,1200,0,4800
MGL30Jan201080PE.NFO,07/01/2020,11:49:25,43.5,41.6,12600,48.8,4800,0,4800
MGL30Jan201080PE.NFO,07/01/2020,11:49:27,43.5,41.6,12600,48.75,4200,0,4800
MGL30Jan201080PE.NFO,07/01/2020,11:49:30,43.5,41.6,12600,48.95,4800,0,4800
MGL30Jan201080PE.NFO,07/01/2020,11:49:33,43.5,41.6,12600,48.9,3600,0,4800
MGL30Jan201080PE.NFO,07/01/2020,11:49:36,43.5,41.6,12600,48.85,2400,0,4800
MGL30Jan201080PE.NFO,07/01/2020,11:49:39,43.5,41.6,12600,48.8,1800,0,4800
MGL30Jan201080PE.NFO,07/01/2020,11:49:42,43.5,41.6,12600,48.8,1200,0,4800
MGL30Jan201080PE.NFO,07/01/2020,11:49:44,43.5,41.6,12600,48.85,2400,0,4800
MGL30Jan201080PE.NFO,07/01/2020,11:49:46,43.5,41.6,12600,48.8,4800,0,4800
MGL30Jan201080PE.NFO,07/01/2020,11:49:52,43.5,41.6,12600,48.85,2400,0,4800
MGL30Jan201080PE.NFO,07/01/2020,11:50:00,43.5,41.6,12600,50.05,12600,0,4800
MGL30Jan201080PE.NFO,07/01/2020,11:50:44,43.5,42.55,6600,50.05,12600,0,4800
MGL30Jan201080PE.NFO,07/01/2020,11:50:47,43.5,42.55,7800,50.05,12600,0,4800
MGL30Jan201080PE.NFO,07/01/2020,11:50:53,43.5,42.55,9000,50.05,12600,0,4800
MGL30Jan201080PE.NFO,07/01/2020,11:51:00,43.5,42.55,12600,50.05,12600,0,4800
MGL30Jan201080PE.NFO,07/01/2020,11:51:25,43.5,42.55,7800,50.05,12600,0,4800
MGL30Jan201080PE.NFO,07/01/2020,11:51:36,43.5,42.55,4200,50.05,12600,0,4800
MGL30Jan201080PE.NFO,07/01/2020,11:51:40,43.5,42.55,12600,50.05,12600,0,4800
MGL30Jan201080PE.NFO,07/01/2020,11:51:44,43.5,42.55,11400,50.05,12600,0,4800
MGL30Jan201080PE.NFO,07/01/2020,11:51:48,43.5,42.55,12600,50.05,12600,0,4800
MGL30Jan201080PE.NFO,07/01/2020,11:51:54,43.5,42.55,12600,50.05,11400,0,4800
MGL30Jan201080PE.NFO,07/01/2020,11:52:03,43.5,42.55,10200,50.05,12600,0,4800
MGL30Jan201080PE.NFO,07/01/2020,11:52:06,43.5,42.55,9000,50.05,12600,0,4800
MGL30Jan201080PE.NFO,07/01/2020,11:52:09,43.5,42.55,10200,50.05,12600,0,4800
MGL30Jan201080PE.NFO,07/01/2020,11:52:12,43.5,42.55,7800,49.2,4200,0,4800
MGL30Jan201080PE.NFO,07/01/2020,11:52:15,43.5,42.55,7800,49.2,6000,0,4800
MGL30Jan201080PE.NFO,07/01/2020,11:52:18,43.5,42.55,7800,49.2,3600,0,4800
MGL30Jan201080PE.NFO,07/01/2020,11:52:23,43.5,42.55,7800,49.15,3600,0,4800
MGL30Jan201080PE.NFO,07/01/2020,11:52:33,43.5,42.55,9000,49.15,3600,0,4800
MGL30Jan201080PE.NFO,07/01/2020,11:52:38,43.5,42.55,9000,49.1,3600,0,4800
MGL30Jan201080PE.NFO,07/01/2020,11:52:48,43.5,42.55,9000,49.25,7800,0,4800
MGL30Jan201080PE.NFO,07/01/2020,11:52:55,43.5,42.55,9000,49.25,8400,0,4800
MGL30Jan201080PE.NFO,07/01/2020,11:53:02,43.5,42.55,9000,49.15,6000,0,4800
MGL30Jan201080PE.NFO,07/01/2020,11:53:08,43.5,42.55,7800,49.15,3600,0,4800
MGL30Jan201080PE.NFO,07/01/2020,11:53:13,43.5,42.65,9600,49.45,7200,0,4800
MGL30Jan201080PE.NFO,07/01/2020,11:53:16,43.5,42.65,12000,49.35,7800,0,4800
MGL30Jan201080PE.NFO,07/01/2020,11:53:19,43.5,42.75,6600,49.15,3600,0,4800
MGL30Jan201080PE.NFO,07/01/2020,11:53:23,43.5,41.85,12600,49.1,2400,0,4800
MGL30Jan201080PE.NFO,07/01/2020,11:53:27,43.5,41.85,12600,50.35,15600,0,4800
MGL30Jan201080PE.NFO,07/01/2020,11:53:30,43.5,41.85,12600,49.25,3600,0,4800
MGL30Jan201080PE.NFO,07/01/2020,11:53:33,43.5,41.85,12600,49.4,3600,0,4800
MGL30Jan201080PE.NFO,07/01/2020,11:53:36,43.5,41.85,12600,49.3,6000,0,4800
MGL30Jan201080PE.NFO,07/01/2020,11:53:39,43.5,41.85,12600,49.35,7200,0,4800
MGL30Jan201080PE.NFO,07/01/2020,11:53:42,43.5,41.85,12600,49.3,3600,0,4800
MGL30Jan201080PE.NFO,07/01/2020,11:53:45,43.5,41.85,12600,49.2,3600,0,4800
MGL30Jan201080PE.NFO,07/01/2020,11:53:47,43.5,41.85,12600,49.9,12600,0,4800
MGL30Jan201080PE.NFO,07/01/2020,11:54:21,43.5,41.85,12600,49.9,11400,0,4800
MGL30Jan201080PE.NFO,07/01/2020,11:54:37,43.5,41.85,12600,49.9,12600,0,4800
MGL30Jan201080PE.NFO,07/01/2020,11:55:39,43.5,41.85,12600,49.9,10200,0,4800
MGL30Jan201080PE.NFO,07/01/2020,11:55:51,43.5,43.7,3000,49.9,3600,0,4800
MGL30Jan201080PE.NFO,07/01/2020,11:55:53,43.5,43.7,5400,49.9,3600,0,4800
MGL30Jan201080PE.NFO,07/01/2020,11:55:57,43.5,43.8,6600,49.9,3600,0,4800
MGL30Jan201080PE.NFO,07/01/2020,11:56:02,43.5,43.8,9000,49.9,3600,0,4800
MGL30Jan201080PE.NFO,07/01/2020,11:56:09,43.5,43.8,9000,51.1,12600,0,4800
MGL30Jan201080PE.NFO,07/01/2020,11:56:11,43.5,42.65,12600,51.1,12600,0,4800
MGL30Jan201080PE.NFO,07/01/2020,11:56:13,43.5,42.65,10200,51.1,12600,0,4800
MGL30Jan201080PE.NFO,07/01/2020,11:56:17,43.5,42.65,11400,50,9000,0,4800
MGL30Jan201080PE.NFO,07/01/2020,11:56:19,43.5,42.65,12600,49.95,3600,0,4800
MGL30Jan201080PE.NFO,07/01/2020,11:56:26,43.5,42.65,10200,49.65,3600,0,4800
MGL30Jan201080PE.NFO,07/01/2020,11:56:28,43.5,42.65,12600,49.65,2400,0,4800
MGL30Jan201080PE.NFO,07/01/2020,11:56:32,43.5,42.65,10200,49.65,2400,0,4800
MGL30Jan201080PE.NFO,07/01/2020,11:56:38,43.5,42.65,10200,49.55,3600,0,4800
MGL30Jan201080PE.NFO,07/01/2020,11:56:42,43.5,42.65,10200,49.55,8400,0,4800
MGL30Jan201080PE.NFO,07/01/2020,11:56:47,43.5,42.65,12600,49.8,4200,0,4800
MGL30Jan201080PE.NFO,07/01/2020,11:56:49,43.5,42.65,12600,49.75,4800,0,4800
MGL30Jan201080PE.NFO,07/01/2020,11:57:57,43.5,42.65,12600,49.85,4200,0,4800
MGL30Jan201080PE.NFO,07/01/2020,11:58:04,43.5,42.65,12600,50.1,7200,0,4800
MGL30Jan201080PE.NFO,07/01/2020,11:58:10,43.5,42.65,12600,50,6000,0,4800
MGL30Jan201080PE.NFO,07/01/2020,11:58:14,43.5,42.65,12600,49.95,4200,0,4800
MGL30Jan201080PE.NFO,07/01/2020,11:58:19,43.5,42.65,12600,49.85,4800,0,4800
MGL30Jan201080PE.NFO,07/01/2020,11:58:22,43.5,42.65,12600,49.75,3000,0,4800
MGL30Jan201080PE.NFO,07/01/2020,11:58:24,43.5,44.4,1200,49.75,3000,0,4800
MGL30Jan201080PE.NFO,07/01/2020,11:58:27,43.5,44.2,1800,49.75,3000,0,4800
MGL30Jan201080PE.NFO,07/01/2020,11:58:30,43.5,43.85,3000,50,3600,0,4800
MGL30Jan201080PE.NFO,07/01/2020,11:58:39,43.5,43.6,3000,50,3600,0,4800
MGL30Jan201080PE.NFO,07/01/2020,11:58:42,43.5,43.25,12600,50.4,8400,0,4800
MGL30Jan201080PE.NFO,07/01/2020,11:58:45,43.5,43.25,4200,50,8400,0,4800
MGL30Jan201080PE.NFO,07/01/2020,11:58:49,43.5,43.25,4200,49.9,9000,0,4800
MGL30Jan201080PE.NFO,07/01/2020,11:58:52,43.5,43.25,4200,49.85,7200,0,4800
MGL30Jan201080PE.NFO,07/01/2020,11:58:56,43.5,43.25,4200,49.85,3600,0,4800
MGL30Jan201080PE.NFO,07/01/2020,11:59:03,43.5,43.25,4200,49.75,4200,0,4800
MGL30Jan201080PE.NFO,07/01/2020,11:59:13,43.5,43.25,5400,50.9,12600,0,4800
MGL30Jan201080PE.NFO,07/01/2020,11:59:18,43.5,43.25,9000,50.9,12600,0,4800
MGL30Jan201080PE.NFO,07/01/2020,11:59:27,43.5,43.25,3000,50.9,12600,0,4800
MGL30Jan201080PE.NFO,07/01/2020,11:59:30,43.5,42.35,12600,50.9,14400,0,4800
MGL30Jan201080PE.NFO,07/01/2020,11:59:44,43.5,42.35,12600,50.9,12600,0,4800
MGL30Jan201080PE.NFO,07/01/2020,12:01:00,43.5,44.5,1800,50.9,12600,0,4800
MGL30Jan201080PE.NFO,07/01/2020,12:01:02,43.5,43.4,3000,50.9,12600,0,4800
MGL30Jan201080PE.NFO,07/01/2020,12:01:11,43.5,43.45,1800,50.9,12600,0,4800
MGL30Jan201080PE.NFO,07/01/2020,12:01:22,43.5,42.6,12600,50.9,12600,0,4800
MGL30Jan201080PE.NFO,07/01/2020,12:01:35,43.5,42.6,9000,50.9,12600,0,4800
MGL30Jan201080PE.NFO,07/01/2020,12:01:38,43.5,42.6,12600,50.9,12600,0,4800
MGL30Jan201080PE.NFO,07/01/2020,12:01:41,43.5,42.6,9000,50.9,12600,0,4800
MGL30Jan201080PE.NFO,07/01/2020,12:01:45,43.5,42.6,11400,49.9,4200,0,4800
MGL30Jan201080PE.NFO,07/01/2020,12:01:47,43.5,42.6,12600,49.85,3600,0,4800
MGL30Jan201080PE.NFO,07/01/2020,12:01:49,43.5,42.6,12600,49.85,2400,0,4800
MGL30Jan201080PE.NFO,07/01/2020,12:01:54,43.5,42.6,12600,49.85,3600,0,4800
MGL30Jan201080PE.NFO,07/01/2020,12:01:56,43.5,42.6,9000,49.8,2400,0,4800
MGL30Jan201080PE.NFO,07/01/2020,12:02:00,43.5,42.6,9000,49.75,3000,0,4800
MGL30Jan201080PE.NFO,07/01/2020,12:02:03,43.5,42.6,9000,49.75,2400,0,4800
MGL30Jan201080PE.NFO,07/01/2020,12:02:07,43.5,42.6,9000,50,4200,0,4800
MGL30Jan201080PE.NFO,07/01/2020,12:02:10,43.5,42.6,9000,49.9,3600,0,4800
MGL30Jan201080PE.NFO,07/01/2020,12:02:13,43.5,42.6,9000,49.85,2400,0,4800
MGL30Jan201080PE.NFO,07/01/2020,12:02:16,43.5,42.6,12600,49.85,2400,0,4800
MGL30Jan201080PE.NFO,07/01/2020,12:02:33,43.5,42.6,9000,49.8,3600,0,4800
MGL30Jan201080PE.NFO,07/01/2020,12:02:39,43.5,42.6,12600,49.95,3600,0,4800
MGL30Jan201080PE.NFO,07/01/2020,12:02:46,43.5,42.6,12600,49.9,7800,0,4800
MGL30Jan201080PE.NFO,07/01/2020,12:02:51,43.5,42.6,12600,49.9,9000,0,4800
MGL30Jan201080PE.NFO,07/01/2020,12:02:56,43.5,42.6,12600,49.9,4200,0,4800
MGL30Jan201080PE.NFO,07/01/2020,12:03:08,43.5,42.6,12600,49.8,3000,0,4800
MGL30Jan201080PE.NFO,07/01/2020,12:03:12,43.5,42.6,12600,49.8,4200,0,4800
MGL30Jan201080PE.NFO,07/01/2020,12:03:22,43.5,42.6,12600,50.15,8400,0,4800
MGL30Jan201080PE.NFO,07/01/2020,12:03:26,43.5,42.6,12600,50,3600,0,4800
MGL30Jan201080PE.NFO,07/01/2020,12:03:30,43.5,43.3,7200,49.95,3600,0,4800
MGL30Jan201080PE.NFO,07/01/2020,12:03:53,43.5,43.05,7200,49.9,2400,0,4800
MGL30Jan201080PE.NFO,07/01/2020,12:03:55,43.5,43.95,2400,49.9,3600,0,4800
MGL30Jan201080PE.NFO,07/01/2020,12:03:58,43.5,43.4,3000,49.9,2400,0,4800
MGL30Jan201080PE.NFO,07/01/2020,12:04:00,43.5,43.4,3000,49.9,3600,0,4800
MGL30Jan201080PE.NFO,07/01/2020,12:04:05,43.5,42.8,6600,49.8,3600,0,4800
MGL30Jan201080PE.NFO,07/01/2020,12:04:07,43.5,42.8,4200,49.8,2400,0,4800
MGL30Jan201080PE.NFO,07/01/2020,12:04:08,43.5,42.8,9000,49.8,1200,0,4800
MGL30Jan201080PE.NFO,07/01/2020,12:04:16,43.5,42.8,9000,49.8,3600,0,4800
MGL30Jan201080PE.NFO,07/01/2020,12:04:19,43.5,42.8,9000,49.75,1200,0,4800
MGL30Jan201080PE.NFO,07/01/2020,12:04:21,43.5,42.8,7800,50.05,6000,0,4800
MGL30Jan201080PE.NFO,07/01/2020,12:04:24,43.5,42.8,9000,50,4200,0,4800
MGL30Jan201080PE.NFO,07/01/2020,12:04:26,43.5,42.8,9000,49.9,3600,0,4800
MGL30Jan201080PE.NFO,07/01/2020,12:04:29,43.5,42.8,9000,49.9,2400,0,4800
MGL30Jan201080PE.NFO,07/01/2020,12:04:31,43.5,42.8,9000,49.9,3600,0,4800
MGL30Jan201080PE.NFO,07/01/2020,12:04:35,43.5,42.8,9000,49.8,2400,0,4800
MGL30Jan201080PE.NFO,07/01/2020,12:04:38,43.5,42.8,9000,50.1,7200,0,4800
MGL30Jan201080PE.NFO,07/01/2020,12:04:41,43.5,42.8,10200,50.1,3600,0,4800
MGL30Jan201080PE.NFO,07/01/2020,12:04:57,43.5,42.8,12600,50.1,6000,0,4800
MGL30Jan201080PE.NFO,07/01/2020,12:04:58,43.5,42.8,9000,50.1,7200,0,4800
MGL30Jan201080PE.NFO,07/01/2020,12:05:00,43.5,42.8,11400,50.1,6000,0,4800
MGL30Jan201080PE.NFO,07/01/2020,12:05:02,43.5,42.8,12600,50.3,7800,0,4800
MGL30Jan201080PE.NFO,07/01/2020,12:05:06,43.5,42.8,12600,50.3,9000,0,4800
MGL30Jan201080PE.NFO,07/01/2020,12:05:11,43.5,42.8,12600,50.15,7200,0,4800
MGL30Jan201080PE.NFO,07/01/2020,12:05:14,43.5,42.8,10200,50,2400,0,4800
MGL30Jan201080PE.NFO,07/01/2020,12:05:17,43.5,42.8,12600,49.9,2400,0,4800
MGL30Jan201080PE.NFO,07/01/2020,12:05:26,43.5,46.15,5400,57.15,3000,0,4800
MGL30Jan201080PE.NFO,07/01/2020,12:05:29,43.5,46.2,4200,56.3,3000,0,4800
MGL30Jan201080PE.NFO,07/01/2020,12:05:32,43.5,46.35,6000,56.25,3600,0,4800
MGL30Jan201080PE.NFO,07/01/2020,12:05:34,43.5,45.6,5400,56.25,3600,0,4800
MGL30Jan201080PE.NFO,07/01/2020,12:05:36,43.5,45.6,11400,56.25,3600,0,4800
MGL30Jan201080PE.NFO,07/01/2020,12:05:42,43.5,45.6,10200,56.25,3600,0,4800
MGL30Jan201080PE.NFO,07/01/2020,12:05:44,43.5,45.6,11400,56.25,3600,0,4800
MGL30Jan201080PE.NFO,07/01/2020,12:05:46,43.5,45.6,9000,56.25,3600,0,4800
MGL30Jan201080PE.NFO,07/01/2020,12:05:49,43.5,45.6,11400,56.25,3600,0,4800
MGL30Jan201080PE.NFO,07/01/2020,12:06:00,43.5,45.6,10200,56.25,3600,0,4800
MGL30Jan201080PE.NFO,07/01/2020,12:06:04,43.5,45.6,12600,56.25,3600,0,4800
MGL30Jan201080PE.NFO,07/01/2020,12:06:08,43.5,45.6,10200,56.25,3600,0,4800
MGL30Jan201080PE.NFO,07/01/2020,12:06:11,43.5,45.6,9000,56.25,3600,0,4800
MGL30Jan201080PE.NFO,07/01/2020,12:06:14,43.5,45.6,11400,56.25,3600,0,4800
MGL30Jan201080PE.NFO,07/01/2020,12:06:16,43.5,45.6,9000,56.25,3600,0,4800
MGL30Jan201080PE.NFO,07/01/2020,12:06:19,43.5,45.6,4200,56.25,3600,0,4800
MGL30Jan201080PE.NFO,07/01/2020,12:06:19,43.5,45.6,3000,56.25,3600,0,4800
MGL30Jan201080PE.NFO,07/01/2020,12:06:20,43.5,44.3,14400,56.25,3600,0,4800
MGL30Jan201080PE.NFO,07/01/2020,12:06:26,43.5,45.95,1200,56.25,3600,0,4800
MGL30Jan201080PE.NFO,07/01/2020,12:06:27,43.5,44.4,12000,56.25,1200,0,4800
MGL30Jan201080PE.NFO,07/01/2020,12:06:28,43.5,44.4,15600,51.75,1200,0,4800
MGL30Jan201080PE.NFO,07/01/2020,12:06:29,43.5,44.9,9000,56.25,1200,0,4800
MGL30Jan201080PE.NFO,07/01/2020,12:06:31,43.5,44.9,12600,56.25,1200,0,4800
MGL30Jan201080PE.NFO,07/01/2020,12:06:39,43.5,44.9,10200,56.25,1200,0,4800
MGL30Jan201080PE.NFO,07/01/2020,12:06:40,43.5,47.5,1200,56.25,1200,0,4800
MGL30Jan201080PE.NFO,07/01/2020,12:06:41,43.5,47.5,1200,56.25,4200,0,4800
MGL30Jan201080PE.NFO,07/01/2020,12:06:42,43.5,47.5,1200,56.25,3600,0,4800
MGL30Jan201080PE.NFO,07/01/2020,12:06:44,43.5,48.5,1200,56.25,3600,0,4800
MGL30Jan201080PE.NFO,07/01/2020,12:06:59,43.5,48.2,1200,56.25,3600,0,4800
MGL30Jan201080PE.NFO,07/01/2020,12:07:02,43.5,48.2,1200,56.25,4800,0,4800
MGL30Jan201080PE.NFO,07/01/2020,12:07:03,43.5,48.2,1200,56.2,3600,0,4800
MGL30Jan201080PE.NFO,07/01/2020,12:07:04,43.5,48.2,1200,56.25,1200,0,4800
MGL30Jan201080PE.NFO,07/01/2020,12:07:06,43.5,48.85,1200,56.25,1200,0,4800
MGL30Jan201080PE.NFO,07/01/2020,12:07:07,43.5,49.5,1200,56.25,1200,0,4800
MGL30Jan201080PE.NFO,07/01/2020,12:07:25,43.5,48.5,1200,56.25,1200,0,4800
MGL30Jan201080PE.NFO,07/01/2020,12:07:29,43.5,48.5,1200,59.6,1800,0,4800
MGL30Jan201080PE.NFO,07/01/2020,12:07:34,43.5,48.85,1200,59.05,3000,0,4800
MGL30Jan201080PE.NFO,07/01/2020,12:07:36,43.5,48.85,1200,58.9,1800,0,4800
MGL30Jan201080PE.NFO,07/01/2020,12:07:48,43.5,48.15,1200,58.9,1800,0,4800
MGL30Jan201080PE.NFO,07/01/2020,12:07:50,43.5,47.5,1200,58.9,1800,0,4800
MGL30Jan201080PE.NFO,07/01/2020,12:07:57,43.5,48.15,1200,58.9,1800,0,4800
MGL30Jan201080PE.NFO,07/01/2020,12:08:01,43.5,48.85,1200,58.9,1800,0,4800
MGL30Jan201080PE.NFO,07/01/2020,12:08:30,43.5,49.55,1200,59.85,1800,0,4800
MGL30Jan201080PE.NFO,07/01/2020,12:08:37,43.5,49.9,1200,59.85,1800,0,4800
MGL30Jan201080PE.NFO,07/01/2020,12:08:47,43.5,49.55,1200,59.85,1800,0,4800
MGL30Jan201080PE.NFO,07/01/2020,12:08:55,43.5,48.85,1200,59.25,3000,0,4800
MGL30Jan201080PE.NFO,07/01/2020,12:08:59,43.5,48.85,1200,59.1,1800,0,4800
MGL30Jan201080PE.NFO,07/01/2020,12:09:02,43.5,48.9,1200,59.1,1800,0,4800
MGL30Jan201080PE.NFO,07/01/2020,12:09:15,43.5,49.15,1200,59.1,1800,0,4800
MGL30Jan201080PE.NFO,07/01/2020,12:09:26,43.5,49,1200,59.1,1800,0,4800
MGL30Jan201080PE.NFO,07/01/2020,12:09:29,43.5,49,1200,59.8,1800,0,4800
MGL30Jan201080PE.NFO,07/01/2020,12:09:33,43.5,49.1,1200,59.8,1800,0,4800
MGL30Jan201080PE.NFO,07/01/2020,12:09:35,43.5,49.05,1200,64.15,3600,0,4800
MGL30Jan201080PE.NFO,07/01/2020,12:09:42,43.5,49.05,1200,64.1,13800,0,4800
MGL30Jan201080PE.NFO,07/01/2020,12:09:47,43.5,49.25,1200,64.1,13800,0,4800
MGL30Jan201080PE.NFO,07/01/2020,12:10:04,43.5,49.5,1200,64.1,13800,0,4800
MGL30Jan201080PE.NFO,07/01/2020,12:10:11,43.5,49.2,1200,64.1,13800,0,4800
MGL30Jan201080PE.NFO,07/01/2020,12:10:13,43.5,48.95,1200,64.1,13800,0,4800
MGL30Jan201080PE.NFO,07/01/2020,12:10:33,43.5,49.05,1200,64.1,13800,0,4800
MGL30Jan201080PE.NFO,07/01/2020,12:10:36,43.5,49.05,1200,64,3600,0,4800
MGL30Jan201080PE.NFO,07/01/2020,12:10:39,43.5,49.05,1200,63.95,13800,0,4800
MGL30Jan201080PE.NFO,07/01/2020,12:10:50,43.5,48.3,1200,63.95,13800,0,4800
MGL30Jan201080PE.NFO,07/01/2020,12:11:44,43.5,47.7,1200,51.65,3000,0,4800
MGL30Jan201080PE.NFO,07/01/2020,12:11:48,43.5,47.55,1200,51.25,600,0,4800
MGL30Jan201080PE.NFO,07/01/2020,12:11:51,43.5,47.8,1200,51.35,600,0,4800
MGL30Jan201080PE.NFO,07/01/2020,12:11:58,43.5,47.8,1200,51.3,600,0,4800
MGL30Jan201080PE.NFO,07/01/2020,12:12:00,43.5,47.8,1200,51.35,600,0,4800
MGL30Jan201080PE.NFO,07/01/2020,12:12:03,43.5,47.7,1200,51.35,600,0,4800
MGL30Jan201080PE.NFO,07/01/2020,12:12:06,43.5,47.7,1200,51.7,1800,0,4800
MGL30Jan201080PE.NFO,07/01/2020,12:12:09,43.5,47.7,1200,51.8,1800,0,4800
MGL30Jan201080PE.NFO,07/01/2020,12:12:12,43.5,47.7,1200,51.7,1800,0,4800
MGL30Jan201080PE.NFO,07/01/2020,12:12:15,43.5,47.7,1200,55.7,600,0,4800
MGL30Jan201080PE.NFO,07/01/2020,12:12:23,43.5,47.7,1200,51.8,1800,0,4800
MGL30Jan201080PE.NFO,07/01/2020,12:12:26,43.5,47.7,1200,55.7,600,0,4800
MGL30Jan201080PE.NFO,07/01/2020,12:12:28,43.5,47.7,1200,57.45,600,0,4800
MGL30Jan201080PE.NFO,07/01/2020,12:12:34,43.5,47.7,1200,57.75,600,0,4800
MGL30Jan201080PE.NFO,07/01/2020,12:12:35,43.5,47.7,1200,59.15,600,0,4800
MGL30Jan201080PE.NFO,07/01/2020,12:12:39,43.5,47.7,1200,62.05,600,0,4800
MGL30Jan201080PE.NFO,07/01/2020,12:12:44,43.5,48.15,1200,62.05,600,0,4800
MGL30Jan201080PE.NFO,07/01/2020,12:12:56,43.5,48.25,1200,62.05,600,0,4800
MGL30Jan201080PE.NFO,07/01/2020,12:13:02,43.5,48.35,1200,62.05,600,0,4800
MGL30Jan201080PE.NFO,07/01/2020,12:13:05,43.5,48.4,1200,62.05,600,0,4800
MGL30Jan201080PE.NFO,07/01/2020,12:13:11,43.5,48.35,1200,62,13800,0,4800
MGL30Jan201080PE.NFO,07/01/2020,12:13:19,43.5,48.4,1200,62,13800,0,4800
MGL30Jan201080PE.NFO,07/01/2020,12:13:47,43.5,48.5,1200,62,13800,0,4800
MGL30Jan201080PE.NFO,07/01/2020,12:14:13,43.5,48.6,1200,62,13800,0,4800
MGL30Jan201080PE.NFO,07/01/2020,12:14:17,43.5,48.65,1200,62,13800,0,4800
MGL30Jan201080PE.NFO,07/01/2020,12:14:21,43.5,48.85,1200,62,13800,0,4800
MGL30Jan201080PE.NFO,07/01/2020,12:14:39,43.5,48.85,1200,61.95,4200,0,4800
MGL30Jan201080PE.NFO,07/01/2020,12:14:59,43.5,48.6,1200,61.95,4200,0,4800
MGL30Jan201080PE.NFO,07/01/2020,12:15:15,43.5,48.85,1200,61.9,13800,0,4800
MGL30Jan201080PE.NFO,07/01/2020,12:15:31,43.5,48.2,1200,61.9,13800,0,4800
MGL30Jan201080PE.NFO,07/01/2020,12:15:44,43.5,47.5,1200,61.85,4200,0,4800
MGL30Jan201080PE.NFO,07/01/2020,12:15:50,43.5,47.5,1200,61.85,600,0,4800
MGL30Jan201080PE.NFO,07/01/2020,12:15:54,43.5,47.6,1200,61.85,600,0,4800
MGL30Jan201080PE.NFO,07/01/2020,12:16:03,43.5,47.5,1200,51.05,1800,0,4800
MGL30Jan201080PE.NFO,07/01/2020,12:16:14,43.5,47.5,1200,51.05,600,0,4800
MGL30Jan201080PE.NFO,07/01/2020,12:16:27,43.5,47.5,1200,51.8,1800,0,4800
MGL30Jan201080PE.NFO,07/01/2020,12:17:52,43.5,47.5,1200,51.3,4200,0,4800
MGL30Jan201080PE.NFO,07/01/2020,12:17:59,43.5,47.5,1200,51.8,1800,0,4800
MGL30Jan201080PE.NFO,07/01/2020,12:18:25,43.5,47.5,1200,54.85,1800,0,4800
MGL30Jan201080PE.NFO,07/01/2020,12:18:28,43.5,47.5,1200,51.2,1800,0,4800
MGL30Jan201080PE.NFO,07/01/2020,12:18:32,43.5,47.5,1200,53.2,600,0,4800
MGL30Jan201080PE.NFO,07/01/2020,12:18:37,43.5,47.5,1200,51.8,1800,0,4800
MGL30Jan201080PE.NFO,07/01/2020,12:18:40,43.5,47.55,1200,51.8,1800,0,4800
MGL30Jan201080PE.NFO,07/01/2020,12:19:16,43.5,47.55,1200,51.15,1200,0,4800
MGL30Jan201080PE.NFO,07/01/2020,12:19:19,43.5,47.5,1200,51.25,4200,0,4800
MGL30Jan201080PE.NFO,07/01/2020,12:19:44,43.5,47.5,1200,51.1,2400,0,4800
MGL30Jan201080PE.NFO,07/01/2020,12:19:47,43.5,47.5,1200,51.35,2400,0,4800
MGL30Jan201080PE.NFO,07/01/2020,12:19:58,43.5,47.5,1200,51.8,1800,0,4800
MGL30Jan201080PE.NFO,07/01/2020,12:20:11,43.5,47.5,1200,51.3,2400,0,4800
MGL30Jan201080PE.NFO,07/01/2020,12:20:18,43.5,47.5,1200,51.8,1800,0,4800
MGL30Jan201080PE.NFO,07/01/2020,12:20:23,43.5,47.5,1200,51.4,1200,0,4800
MGL30Jan201080PE.NFO,07/01/2020,12:20:27,43.5,47.5,1200,51.3,2400,0,4800
MGL30Jan201080PE.NFO,07/01/2020,12:20:35,43.5,47.5,1200,51.1,1200,0,4800
MGL30Jan201080PE.NFO,07/01/2020,12:20:39,43.5,47.5,1200,51.1,2400,0,4800
MGL30Jan201080PE.NFO,07/01/2020,12:20:41,43.5,47.5,1200,51.25,1200,0,4800
MGL30Jan201080PE.NFO,07/01/2020,12:20:44,43.5,47.5,1200,51.15,2400,0,4800
MGL30Jan201080PE.NFO,07/01/2020,12:20:47,43.5,47.5,1200,51.4,2400,0,4800
MGL30Jan201080PE.NFO,07/01/2020,12:20:51,43.5,46.8,1200,51.05,2400,0,4800
MGL30Jan201080PE.NFO,07/01/2020,12:20:55,43.5,46.8,1200,51.05,3600,0,4800
MGL30Jan201080PE.NFO,07/01/2020,12:20:59,43.5,46.8,1200,50.8,3600,0,4800
MGL30Jan201080PE.NFO,07/01/2020,12:21:04,43.5,46.6,1200,50.7,1200,0,4800
MGL30Jan201080PE.NFO,07/01/2020,12:21:08,43.5,46.6,1200,50.65,3000,0,4800
MGL30Jan201080PE.NFO,07/01/2020,12:21:17,43.5,46.6,1200,50.6,1200,0,4800
MGL30Jan201080PE.NFO,07/01/2020,12:21:20,43.5,46.6,1200,50.6,2400,0,4800
MGL30Jan201080PE.NFO,07/01/2020,12:21:28,43.5,46.6,1200,50.55,3600,0,4800
MGL30Jan201080PE.NFO,07/01/2020,12:21:30,43.5,46.6,1200,50.5,2400,0,4800
MGL30Jan201080PE.NFO,07/01/2020,12:21:41,43.5,46.6,1200,50.45,2400,0,4800
MGL30Jan201080PE.NFO,07/01/2020,12:21:43,43.5,46.55,1200,50.45,3600,0,4800
MGL30Jan201080PE.NFO,07/01/2020,12:21:51,43.5,46.7,1200,50.45,1200,0,4800
MGL30Jan201080PE.NFO,07/01/2020,12:21:54,43.5,45.95,1200,50.1,4200,0,4800
MGL30Jan201080PE.NFO,07/01/2020,12:21:58,43.5,45.95,1200,50.3,4200,0,4800
MGL30Jan201080PE.NFO,07/01/2020,12:22:03,43.5,45.95,1200,50.2,2400,0,4800
MGL30Jan201080PE.NFO,07/01/2020,12:22:07,43.5,45.95,1200,50.15,7800,0,4800
MGL30Jan201080PE.NFO,07/01/2020,12:22:27,43.5,45.95,1200,50,1800,0,4800
MGL30Jan201080PE.NFO,07/01/2020,12:22:34,43.5,46,1200,50.5,4200,0,4800
MGL30Jan201080PE.NFO,07/01/2020,12:22:38,43.5,46,1200,50.4,2400,0,4800
MGL30Jan201080PE.NFO,07/01/2020,12:22:42,43.5,46,1200,50.35,4200,0,4800
MGL30Jan201080PE.NFO,07/01/2020,12:23:06,43.5,46.2,1200,50.3,3000,0,4800
MGL30Jan201080PE.NFO,07/01/2020,12:23:12,43.5,46.2,1200,50.3,4200,0,4800
MGL30Jan201080PE.NFO,07/01/2020,12:23:15,43.5,46.2,1200,50.3,5400,0,4800
MGL30Jan201080PE.NFO,07/01/2020,12:23:20,43.5,46.2,1200,50.2,5400,0,4800
MGL30Jan201080PE.NFO,07/01/2020,12:23:28,43.5,46.2,1200,50.05,4200,0,4800
MGL30Jan201080PE.NFO,07/01/2020,12:23:31,43.5,46.2,1200,49.95,3000,0,4800
MGL30Jan201080PE.NFO,07/01/2020,12:23:35,43.5,46.2,1200,49.95,4200,0,4800
MGL30Jan201080PE.NFO,07/01/2020,12:23:51,43.5,46.2,1200,49.95,3000,0,4800
MGL30Jan201080PE.NFO,07/01/2020,12:24:01,43.5,46.2,1200,50.85,13200,0,4800
MGL30Jan201080PE.NFO,07/01/2020,12:24:18,43.5,46.2,1200,50.75,13200,0,4800
MGL30Jan201080PE.NFO,07/01/2020,12:24:27,43.5,46.2,1200,50.05,600,0,4800
MGL30Jan201080PE.NFO,07/01/2020,12:24:54,43.5,46.3,1200,50.3,3000,0,4800
MGL30Jan201080PE.NFO,07/01/2020,12:25:02,43.5,46.3,1200,50.2,600,0,4800
MGL30Jan201080PE.NFO,07/01/2020,12:25:34,43.5,46.3,1200,50.2,3000,0,4800
MGL30Jan201080PE.NFO,07/01/2020,12:25:36,43.5,46.3,1200,50.25,1800,0,4800
MGL30Jan201080PE.NFO,07/01/2020,12:25:39,43.5,46.3,1200,50.25,5400,0,4800
MGL30Jan201080PE.NFO,07/01/2020,12:25:44,43.5,46.25,1200,50.25,5400,0,4800
MGL30Jan201080PE.NFO,07/01/2020,12:25:50,43.5,46.25,1200,50.25,7800,0,4800
MGL30Jan201080PE.NFO,07/01/2020,12:25:53,43.5,46.25,1200,50.15,9000,0,4800
MGL30Jan201080PE.NFO,07/01/2020,12:25:57,43.5,45.9,1200,49.65,3000,0,4800
MGL30Jan201080PE.NFO,07/01/2020,12:26:01,43.5,45.9,1200,49.6,1800,0,4800
MGL30Jan201080PE.NFO,07/01/2020,12:26:04,43.5,45.9,1200,49.5,600,0,4800
MGL30Jan201080PE.NFO,07/01/2020,12:26:07,43.5,45.9,1200,49.5,1800,0,4800
MGL30Jan201080PE.NFO,07/01/2020,12:26:10,43.5,45.55,1200,49.3,600,0,4800
MGL30Jan201080PE.NFO,07/01/2020,12:26:14,43.5,45.55,1200,49.9,2400,0,4800
MGL30Jan201080PE.NFO,07/01/2020,12:26:17,43.5,45.55,1200,49.85,3000,0,4800
MGL30Jan201080PE.NFO,07/01/2020,12:26:21,43.5,45.55,1200,49.7,1800,0,4800
MGL30Jan201080PE.NFO,07/01/2020,12:26:24,43.5,45.55,1200,49.65,1800,0,4800
MGL30Jan201080PE.NFO,07/01/2020,12:26:52,43.5,45.55,1200,49.65,1200,0,4800
MGL30Jan201080PE.NFO,07/01/2020,12:27:00,43.5,45.55,1200,50.65,11400,0,4800
MGL30Jan201080PE.NFO,07/01/2020,12:27:04,43.5,45.55,1200,49.75,1800,0,4800
MGL30Jan201080PE.NFO,07/01/2020,12:27:08,43.5,45.55,1200,49.75,3000,0,4800
MGL30Jan201080PE.NFO,07/01/2020,12:27:25,43.5,45.6,1200,49.75,1800,0,4800
MGL30Jan201080PE.NFO,07/01/2020,12:27:53,43.5,45.6,1200,49.65,600,0,4800
MGL30Jan201080PE.NFO,07/01/2020,12:28:03,43.5,45.7,1200,50.75,12600,0,4800
MGL30Jan201080PE.NFO,07/01/2020,12:28:17,43.5,45.7,1200,50.35,7200,0,4800
MGL30Jan201080PE.NFO,07/01/2020,12:28:21,43.5,45.7,1200,50.3,5400,0,4800
MGL30Jan201080PE.NFO,07/01/2020,12:28:24,43.5,45.7,1200,50.1,4200,0,4800
MGL30Jan201080PE.NFO,07/01/2020,12:28:27,43.5,45.7,1200,50.1,600,0,4800
MGL30Jan201080PE.NFO,07/01/2020,12:28:30,43.5,45.7,1200,50.1,1800,0,4800
MGL30Jan201080PE.NFO,07/01/2020,12:28:38,43.5,45.7,1200,50.4,3000,0,4800
MGL30Jan201080PE.NFO,07/01/2020,12:28:41,43.5,45.7,1200,50.35,2400,0,4800
MGL30Jan201080PE.NFO,07/01/2020,12:28:44,43.5,45.7,1200,50.35,3600,0,4800
MGL30Jan201080PE.NFO,07/01/2020,12:28:50,43.5,45.7,1200,50.35,6000,0,4800
MGL30Jan201080PE.NFO,07/01/2020,12:29:00,43.5,45.7,1200,50.35,1200,0,4800
MGL30Jan201080PE.NFO,07/01/2020,12:29:06,43.5,45.7,1200,50.35,2400,0,4800
MGL30Jan201080PE.NFO,07/01/2020,12:29:19,43.5,45.7,1200,50.35,3600,0,4800
MGL30Jan201080PE.NFO,07/01/2020,12:29:24,43.5,46.3,1200,50.35,1200,0,4800
MGL30Jan201080PE.NFO,07/01/2020,12:29:29,43.5,46.5,1200,50.8,6000,0,4800
MGL30Jan201080PE.NFO,07/01/2020,12:29:39,43.5,46.5,1200,50.7,6000,0,4800
MGL30Jan201080PE.NFO,07/01/2020,12:29:52,43.5,46.8,1200,50.65,3600,0,4800
MGL30Jan201080PE.NFO,07/01/2020,12:30:12,43.5,46.5,1200,50.65,3600,0,4800
MGL30Jan201080PE.NFO,07/01/2020,12:30:28,43.5,46,1200,50.5,5400,0,4800
MGL30Jan201080PE.NFO,07/01/2020,12:30:33,43.5,46,1200,50.5,3600,0,4800
MGL30Jan201080PE.NFO,07/01/2020,12:30:42,43.5,46.3,1200,50.5,3600,0,4800
MGL30Jan201080PE.NFO,07/01/2020,12:30:46,43.5,46.3,1200,50.45,3600,0,4800
MGL30Jan201080PE.NFO,07/01/2020,12:30:50,43.5,46,1200,50.35,3600,0,4800
MGL30Jan201080PE.NFO,07/01/2020,12:30:55,43.5,46,1200,50.75,6000,0,4800
MGL30Jan201080PE.NFO,07/01/2020,12:30:59,43.5,46.15,1200,50.65,3600,0,4800
MGL30Jan201080PE.NFO,07/01/2020,12:31:04,43.5,46.15,1200,50.6,4200,0,4800
MGL30Jan201080PE.NFO,07/01/2020,12:31:12,43.5,46.15,1200,50.45,1800,0,4800
MGL30Jan201080PE.NFO,07/01/2020,12:31:15,43.5,46.15,1200,50.6,4200,0,4800
MGL30Jan201080PE.NFO,07/01/2020,12:31:19,43.5,46.15,1200,50.75,1800,0,4800
MGL30Jan201080PE.NFO,07/01/2020,12:31:23,43.5,46.15,1200,50.65,600,0,4800
MGL30Jan201080PE.NFO,07/01/2020,12:31:27,43.5,46.15,1200,50.65,4200,0,4800
MGL30Jan201080PE.NFO,07/01/2020,12:31:49,43.5,46.15,1200,50.65,600,0,4800
MGL30Jan201080PE.NFO,07/01/2020,12:32:00,43.5,46.85,1200,51.15,1800,0,4800
MGL30Jan201080PE.NFO,07/01/2020,12:32:05,43.5,46.85,1200,51.15,3000,0,4800
MGL30Jan201080PE.NFO,07/01/2020,12:32:09,43.5,46.85,1200,51.1,600,0,4800
MGL30Jan201080PE.NFO,07/01/2020,12:32:12,43.5,46.85,1200,51.1,1800,0,4800
MGL30Jan201080PE.NFO,07/01/2020,12:32:16,43.5,46.85,1200,51.1,3000,0,4800
MGL30Jan201080PE.NFO,07/01/2020,12:32:22,43.5,46.85,1200,50.85,600,0,4800
MGL30Jan201080PE.NFO,07/01/2020,12:32:26,43.5,46.85,1200,50.9,600,0,4800
MGL30Jan201080PE.NFO,07/01/2020,12:32:30,43.5,46.85,1200,50.85,600,0,4800
MGL30Jan201080PE.NFO,07/01/2020,12:32:36,43.5,46.85,1200,51.35,6600,0,4800
MGL30Jan201080PE.NFO,07/01/2020,12:32:42,43.5,46.85,1200,51.05,3000,0,4800
MGL30Jan201080PE.NFO,07/01/2020,12:32:46,43.5,46.85,1200,51.1,3000,0,4800
MGL30Jan201080PE.NFO,07/01/2020,12:32:50,43.5,46.9,600,51.2,5400,0,4800
MGL30Jan201080PE.NFO,07/01/2020,12:32:54,43.5,46.9,600,51.2,4200,0,4800
MGL30Jan201080PE.NFO,07/01/2020,12:33:02,43.5,46.9,600,51.3,2400,0,4800
MGL30Jan201080PE.NFO,07/01/2020,12:33:07,43.5,46.9,600,51.8,1800,0,4800
MGL30Jan201080PE.NFO,07/01/2020,12:33:16,43.5,46.85,1200,51.8,1800,0,4800
MGL30Jan201080PE.NFO,07/01/2020,12:33:39,43.5,47,1200,51.25,4200,0,4800
MGL30Jan201080PE.NFO,07/01/2020,12:33:43,43.5,47.35,1200,51.8,1800,0,4800
MGL30Jan201080PE.NFO,07/01/2020,12:33:49,43.5,47.35,1200,54.55,1800,0,4800
MGL30Jan201080PE.NFO,07/01/2020,12:33:55,43.5,48.4,1200,55.55,1800,0,4800
MGL30Jan201080PE.NFO,07/01/2020,12:34:02,43.5,48.15,1200,55.1,3000,0,4800
MGL30Jan201080PE.NFO,07/01/2020,12:34:07,43.5,47.9,1200,55,1800,0,4800
MGL30Jan201080PE.NFO,07/01/2020,12:34:31,43.5,48.2,1200,55,1800,0,4800
MGL30Jan201080PE.NFO,07/01/2020,12:34:44,43.5,47.65,1200,55,1800,0,4800
MGL30Jan201080PE.NFO,07/01/2020,12:34:58,43.5,47.6,1200,54.4,1800,0,4800
MGL30Jan201080PE.NFO,07/01/2020,12:35:01,43.5,46.75,1200,51.4,3600,0,4800
MGL30Jan201080PE.NFO,07/01/2020,12:35:05,43.5,47,1200,51.3,2400,0,4800
MGL30Jan201080PE.NFO,07/01/2020,12:35:08,43.5,47,1200,54.4,1800,0,4800
MGL30Jan201080PE.NFO,07/01/2020,12:35:09,43.5,47,1200,51.3,3600,0,4800
MGL30Jan201080PE.NFO,07/01/2020,12:35:12,43.5,47,1200,54.4,1800,0,4800
MGL30Jan201080PE.NFO,07/01/2020,12:35:15,43.5,47,1200,51.35,3600,0,4800
MGL30Jan201080PE.NFO,07/01/2020,12:35:18,43.5,47,1200,51.3,2400,0,4800
MGL30Jan201080PE.NFO,07/01/2020,12:35:21,43.5,47,1200,51.3,4800,0,4800
MGL30Jan201080PE.NFO,07/01/2020,12:35:25,43.5,47,1200,51.25,1200,0,4800
MGL30Jan201080PE.NFO,07/01/2020,12:35:30,43.5,47,1200,51.25,3600,0,4800
MGL30Jan201080PE.NFO,07/01/2020,12:35:34,43.5,47,1200,53.85,1800,0,4800
MGL30Jan201080PE.NFO,07/01/2020,12:35:39,43.5,47,1200,56.45,3000,0,4800
MGL30Jan201080PE.NFO,07/01/2020,12:36:19,43.5,47.15,1200,51.25,3600,0,4800
MGL30Jan201080PE.NFO,07/01/2020,12:36:22,43.5,47.15,1200,51.4,6000,0,4800
MGL30Jan201080PE.NFO,07/01/2020,12:36:25,43.5,47.15,1200,51.4,4800,0,4800
MGL30Jan201080PE.NFO,07/01/2020,12:36:27,43.5,47.15,1200,51.4,6000,0,4800
MGL30Jan201080PE.NFO,07/01/2020,12:36:34,43.5,47.15,1200,51.4,4800,0,4800
MGL30Jan201080PE.NFO,07/01/2020,12:36:36,43.5,47.15,1200,51.4,3600,0,4800
MGL30Jan201080PE.NFO,07/01/2020,12:36:42,43.5,47.15,1200,51.3,3600,0,4800
MGL30Jan201080PE.NFO,07/01/2020,12:36:45,43.5,47.15,1200,51.3,1200,0,4800
MGL30Jan201080PE.NFO,07/01/2020,12:36:48,43.5,47.3,1200,61.5,3000,0,4800
MGL30Jan201080PE.NFO,07/01/2020,12:37:44,43.5,47.3,1200,61.5,3600,0,4800
MGL30Jan201080PE.NFO,07/01/2020,12:37:57,43.5,46.8,1200,51.3,3600,0,4800
MGL30Jan201080PE.NFO,07/01/2020,12:38:07,43.5,46.8,1200,51.3,6000,0,4800
MGL30Jan201080PE.NFO,07/01/2020,12:38:11,43.5,46.9,1200,51.3,3600,0,4800
MGL30Jan201080PE.NFO,07/01/2020,12:38:20,43.5,46.9,1200,51.3,6000,0,4800
MGL30Jan201080PE.NFO,07/01/2020,12:38:23,43.5,46.5,1200,51.3,10800,0,4800
MGL30Jan201080PE.NFO,07/01/2020,12:38:31,43.5,46.5,1200,51.2,10800,0,4800
MGL30Jan201080PE.NFO,07/01/2020,12:38:35,43.5,46.5,1200,51,10800,0,4800
MGL30Jan201080PE.NFO,07/01/2020,12:38:38,43.5,46.5,1200,51,9600,0,4800
MGL30Jan201080PE.NFO,07/01/2020,12:38:42,43.5,46.5,1200,51,10800,0,4800
MGL30Jan201080PE.NFO,07/01/2020,12:39:50,43.5,46.5,1200,51,9600,0,4800
MGL30Jan201080PE.NFO,07/01/2020,12:39:53,43.5,46.5,1200,51,10800,0,4800
MGL30Jan201080PE.NFO,07/01/2020,12:41:30,43.5,46.5,1200,51,9600,0,4800
MGL30Jan201080PE.NFO,07/01/2020,12:41:35,43.5,46.5,1200,51,10800,0,4800
MGL30Jan201080PE.NFO,07/01/2020,12:42:21,43.5,46.5,1200,51,9600,0,4800
MGL30Jan201080PE.NFO,07/01/2020,12:42:23,43.5,46.5,1200,51,10800,0,4800
MGL30Jan201080PE.NFO,07/01/2020,12:42:25,43.5,46.5,1200,51,9600,0,4800
MGL30Jan201080PE.NFO,07/01/2020,12:42:47,43.5,46.5,1200,51,7200,0,4800
MGL30Jan201080PE.NFO,07/01/2020,12:42:51,43.5,46.5,1200,51,9600,0,4800
MGL30Jan201080PE.NFO,07/01/2020,12:43:05,43.5,46.5,1200,51,7200,0,4800
MGL30Jan201080PE.NFO,07/01/2020,12:43:21,43.5,46.5,1200,51,3600,0,4800
MGL30Jan201080PE.NFO,07/01/2020,12:43:24,43.5,46.5,1200,51.25,6000,0,4800
MGL30Jan201080PE.NFO,07/01/2020,12:43:27,43.5,46.5,1200,51.25,7200,0,4800
MGL30Jan201080PE.NFO,07/01/2020,12:43:29,43.5,46.5,1200,51.2,3600,0,4800
MGL30Jan201080PE.NFO,07/01/2020,12:43:39,43.5,46.75,1200,51.25,4800,0,4800
MGL30Jan201080PE.NFO,07/01/2020,12:43:44,43.5,46.7,1200,51.2,3600,0,4800
MGL30Jan201080PE.NFO,07/01/2020,12:43:48,43.5,46.7,1200,51.2,2400,0,4800
MGL30Jan201080PE.NFO,07/01/2020,12:43:51,43.5,46.7,1200,51.2,3600,0,4800
MGL30Jan201080PE.NFO,07/01/2020,12:43:56,43.5,46.7,1200,51.15,3600,0,4800
MGL30Jan201080PE.NFO,07/01/2020,12:44:03,43.5,46.7,1200,51.35,6000,0,4800
MGL30Jan201080PE.NFO,07/01/2020,12:44:05,43.5,46.7,1200,51.25,3600,0,4800
MGL30Jan201080PE.NFO,07/01/2020,12:44:09,43.5,46.9,1200,51.25,3600,0,4800
MGL30Jan201080PE.NFO,07/01/2020,12:44:15,43.5,46.9,1200,51.3,3600,0,4800
MGL30Jan201080PE.NFO,07/01/2020,12:44:19,43.5,46.4,1200,51.2,3600,0,4800
MGL30Jan201080PE.NFO,07/01/2020,12:44:23,43.5,46.4,1200,51.35,6000,0,4800
MGL30Jan201080PE.NFO,07/01/2020,12:44:34,43.5,46.9,1200,51.3,3600,0,4800
MGL30Jan201080PE.NFO,07/01/2020,12:44:38,43.5,46.9,1200,51.35,6000,0,4800
MGL30Jan201080PE.NFO,07/01/2020,12:44:44,43.5,46.9,1200,51.2,2400,0,4800
MGL30Jan201080PE.NFO,07/01/2020,12:44:50,43.5,46.4,1200,51.4,3600,0,4800
MGL30Jan201080PE.NFO,07/01/2020,12:44:52,43.5,46.4,1200,51.4,7200,0,4800
MGL30Jan201080PE.NFO,07/01/2020,12:45:00,43.5,46.4,1200,51.35,3600,0,4800
MGL30Jan201080PE.NFO,07/01/2020,12:45:01,43.5,46.4,1200,51.35,7200,0,4800
MGL30Jan201080PE.NFO,07/01/2020,12:45:07,43.5,46.4,1200,51.2,3600,0,4800
MGL30Jan201080PE.NFO,07/01/2020,12:45:09,43.5,46.4,1200,51.3,3600,0,4800
MGL30Jan201080PE.NFO,07/01/2020,12:45:11,43.5,46.4,1200,51.3,2400,0,4800
MGL30Jan201080PE.NFO,07/01/2020,12:45:13,43.5,46.4,1200,51.25,1200,0,4800
MGL30Jan201080PE.NFO,07/01/2020,12:45:33,43.5,46.4,1200,61.5,4200,0,4800
MGL30Jan201080PE.NFO,07/01/2020,12:45:51,43.5,46.4,1200,51.35,3600,0,4800
MGL30Jan201080PE.NFO,07/01/2020,12:46:05,43.5,46.4,1200,51.35,7200,0,4800
MGL30Jan201080PE.NFO,07/01/2020,12:46:09,43.5,46.4,1200,51.35,6000,0,4800
MGL30Jan201080PE.NFO,07/01/2020,12:46:48,43.5,46.9,1200,51.35,6000,0,4800
MGL30Jan201080PE.NFO,07/01/2020,12:46:52,43.5,46.7,1200,51.35,6000,0,4800
MGL30Jan201080PE.NFO,07/01/2020,12:46:55,43.5,47.15,1200,51.35,6000,0,4800
MGL30Jan201080PE.NFO,07/01/2020,12:46:58,43.5,46.85,1200,51.35,6000,0,4800
MGL30Jan201080PE.NFO,07/01/2020,12:47:02,43.5,46.9,1200,51.3,3600,0,4800
MGL30Jan201080PE.NFO,07/01/2020,12:47:44,43.5,46.9,1200,51.35,6000,0,4800
MGL30Jan201080PE.NFO,07/01/2020,12:47:47,43.5,46.9,1200,51.3,4800,0,4800
MGL30Jan201080PE.NFO,07/01/2020,12:47:50,43.5,46.9,1200,51.3,7200,0,4800
MGL30Jan201080PE.NFO,07/01/2020,12:48:12,43.5,46.35,1200,51.3,6000,0,4800
MGL30Jan201080PE.NFO,07/01/2020,12:48:24,43.5,46.6,1200,51.3,10800,0,4800
MGL30Jan201080PE.NFO,07/01/2020,12:48:29,43.5,46.65,1200,51.3,6000,0,4800
MGL30Jan201080PE.NFO,07/01/2020,12:48:44,43.5,46.65,1200,51.3,3600,0,4800
MGL30Jan201080PE.NFO,07/01/2020,12:48:49,43.5,46.65,1200,51.35,3600,0,4800
MGL30Jan201080PE.NFO,07/01/2020,12:49:01,43.5,46.7,600,51.35,3600,0,4800
MGL30Jan201080PE.NFO,07/01/2020,12:49:11,43.5,46.7,600,51.35,4800,0,4800
MGL30Jan201080PE.NFO,07/01/2020,12:49:55,43.5,46.7,600,51.35,3600,0,4800
MGL30Jan201080PE.NFO,07/01/2020,12:49:58,43.5,46.65,1200,51.35,3600,0,4800
MGL30Jan201080PE.NFO,07/01/2020,12:50:01,43.5,46.7,600,51.35,3600,0,4800
MGL30Jan201080PE.NFO,07/01/2020,12:50:03,43.5,46.7,600,51.3,3600,0,4800
MGL30Jan201080PE.NFO,07/01/2020,12:50:09,43.5,46.65,1200,51.25,3600,0,4800
MGL30Jan201080PE.NFO,07/01/2020,12:50:13,43.5,46.7,1200,51.25,7200,0,4800
MGL30Jan201080PE.NFO,07/01/2020,12:50:16,43.5,46.7,1200,51.15,6000,0,4800
MGL30Jan201080PE.NFO,07/01/2020,12:50:19,43.5,46.4,1200,51.15,7200,0,4800
MGL30Jan201080PE.NFO,07/01/2020,12:51:19,43.5,46.4,1200,51.15,10800,0,4800
MGL30Jan201080PE.NFO,07/01/2020,12:51:58,43.5,46.35,1200,51.15,10800,0,4800
MGL30Jan201080PE.NFO,07/01/2020,12:52:49,43.5,46.4,1200,51.15,10800,0,4800
MGL30Jan201080PE.NFO,07/01/2020,12:53:34,43.5,46.45,1200,51.15,10800,0,4800
MGL30Jan201080PE.NFO,07/01/2020,12:54:20,43.5,46.5,1200,51.15,10800,0,4800
MGL30Jan201080PE.NFO,07/01/2020,12:54:24,43.5,46.4,1200,51.15,10800,0,4800
MGL30Jan201080PE.NFO,07/01/2020,12:54:43,43.5,46.8,1200,51.15,10800,0,4800
MGL30Jan201080PE.NFO,07/01/2020,12:54:50,43.5,46.35,1200,51.15,10800,0,4800
MGL30Jan201080PE.NFO,07/01/2020,12:58:43,43.5,46.45,1200,51.15,6000,0,4800
MGL30Jan201080PE.NFO,07/01/2020,12:58:51,43.5,46.45,1200,51.15,9600,0,4800
MGL30Jan201080PE.NFO,07/01/2020,12:59:01,43.5,46.45,1200,51.15,6000,0,4800
MGL30Jan201080PE.NFO,07/01/2020,12:59:25,43.5,46.45,1200,51.15,9600,0,4800
MGL30Jan201080PE.NFO,07/01/2020,12:59:41,43.5,46.45,1200,51.15,6000,0,4800
MGL30Jan201080PE.NFO,07/01/2020,13:00:10,43.5,46.45,1200,51.15,3600,0,4800
MGL30Jan201080PE.NFO,07/01/2020,13:00:30,43.5,46.5,1200,51.15,6000,0,4800
MGL30Jan201080PE.NFO,07/01/2020,13:00:41,43.5,46.5,1200,51.15,3600,0,4800
MGL30Jan201080PE.NFO,07/01/2020,13:01:02,43.5,46.85,1200,51.2,2400,0,4800
MGL30Jan201080PE.NFO,07/01/2020,13:01:10,43.5,46.85,1200,51.2,3600,0,4800
MGL30Jan201080PE.NFO,07/01/2020,13:01:24,43.5,47.5,1200,51.4,6000,0,4800
MGL30Jan201080PE.NFO,07/01/2020,13:01:54,43.5,47.5,1200,51.4,3600,0,4800
MGL30Jan201080PE.NFO,07/01/2020,13:02:12,43.5,47.5,1200,51.3,2400,0,4800
MGL30Jan201080PE.NFO,07/01/2020,13:02:22,43.5,47.5,1200,51.25,2400,0,4800
MGL30Jan201080PE.NFO,07/01/2020,13:02:28,43.5,47.5,1200,61.5,4200,0,4800
MGL30Jan201080PE.NFO,07/01/2020,13:02:34,43.5,47.5,1200,61.5,4800,0,4800
MGL30Jan201080PE.NFO,07/01/2020,13:02:39,43.5,47.5,1200,51,6000,0,4800
MGL30Jan201080PE.NFO,07/01/2020,13:03:06,43.5,46.6,1200,51,6000,0,4800
MGL30Jan201080PE.NFO,07/01/2020,13:03:18,43.5,46.85,1200,55.4,3600,0,4800
MGL30Jan201080PE.NFO,07/01/2020,13:03:24,43.5,47.5,1200,55.4,3600,0,4800
MGL30Jan201080PE.NFO,07/01/2020,13:03:29,43.5,47.55,1200,56,3000,0,4800
MGL30Jan201080PE.NFO,07/01/2020,13:03:33,43.5,46.7,1200,56,3000,0,4800
MGL30Jan201080PE.NFO,07/01/2020,13:03:37,43.5,47.1,1200,56,3000,0,4800
MGL30Jan201080PE.NFO,07/01/2020,13:03:41,43.5,47.8,1200,56,3000,0,4800
MGL30Jan201080PE.NFO,07/01/2020,13:04:13,43.5,47.8,1200,53.85,3600,0,4800
MGL30Jan201080PE.NFO,07/01/2020,13:04:26,43.5,47.8,1200,53.85,1800,0,4800
MGL30Jan201080PE.NFO,07/01/2020,13:04:48,43.5,47.5,1200,53.8,600,0,4800
MGL30Jan201080PE.NFO,07/01/2020,13:04:55,43.5,47.9,1200,53.8,600,0,4800
MGL30Jan201080PE.NFO,07/01/2020,13:05:17,43.5,47.85,1200,53.8,600,0,4800
MGL30Jan201080PE.NFO,07/01/2020,13:05:22,43.5,47.5,1200,53.8,600,0,4800
MGL30Jan201080PE.NFO,07/01/2020,13:06:36,43.5,47.8,1200,53.8,600,0,4800
MGL30Jan201080PE.NFO,07/01/2020,13:07:00,43.5,48.05,1200,53.8,600,0,4800
MGL30Jan201080PE.NFO,07/01/2020,13:07:20,43.5,48.2,1200,53.8,600,0,4800
MGL30Jan201080PE.NFO,07/01/2020,13:07:24,43.5,48.35,1200,53.8,600,0,4800
MGL30Jan201080PE.NFO,07/01/2020,13:07:30,43.5,47.85,1200,53.8,600,0,4800
MGL30Jan201080PE.NFO,07/01/2020,13:07:45,43.5,48.4,1200,53.8,600,0,4800
MGL30Jan201080PE.NFO,07/01/2020,13:07:51,43.5,48.1,1800,53.8,600,0,4800
MGL30Jan201080PE.NFO,07/01/2020,13:08:03,43.5,48.6,1200,53.85,600,0,4800
MGL30Jan201080PE.NFO,07/01/2020,13:08:21,43.5,48.2,1200,53.9,1200,0,4800
MGL30Jan201080PE.NFO,07/01/2020,13:08:30,43.5,48.2,1200,53.85,600,0,4800
MGL30Jan201080PE.NFO,07/01/2020,13:09:24,43.5,48.15,1200,53.85,600,0,4800
MGL30Jan201080PE.NFO,07/01/2020,13:10:08,43.5,48.05,1200,53.85,600,0,4800
MGL30Jan201080PE.NFO,07/01/2020,13:12:16,43.5,47.8,1200,53.85,600,0,4800
MGL30Jan201080PE.NFO,07/01/2020,13:12:21,43.5,47.85,1200,53.85,600,0,4800
MGL30Jan201080PE.NFO,07/01/2020,13:13:47,43.5,48.25,1200,53.85,600,0,4800
MGL30Jan201080PE.NFO,07/01/2020,13:14:52,43.5,48.1,1200,53.85,600,0,4800
MGL30Jan201080PE.NFO,07/01/2020,13:14:57,43.5,48.05,1200,53.85,600,0,4800
MGL30Jan201080PE.NFO,07/01/2020,13:15:13,43.5,47.9,1200,53.85,600,0,4800
MGL30Jan201080PE.NFO,07/01/2020,13:15:21,43.5,48.4,1200,53.85,600,0,4800
MGL30Jan201080PE.NFO,07/01/2020,13:15:48,43.5,47.95,1200,53.85,600,0,4800
MGL30Jan201080PE.NFO,07/01/2020,13:15:55,43.5,47.9,1200,53.85,600,0,4800
MGL30Jan201080PE.NFO,07/01/2020,13:16:00,43.5,48.1,1200,53.85,600,0,4800
MGL30Jan201080PE.NFO,07/01/2020,13:17:32,43.5,48.4,1200,53.85,600,0,4800
MGL30Jan201080PE.NFO,07/01/2020,13:17:39,43.5,48.45,1200,53.85,600,0,4800
MGL30Jan201080PE.NFO,07/01/2020,13:18:39,43.5,48.4,1200,53.85,600,0,4800
MGL30Jan201080PE.NFO,07/01/2020,13:19:11,43.5,47.9,1200,53.85,600,0,4800
MGL30Jan201080PE.NFO,07/01/2020,13:19:36,43.5,47.95,1200,53.85,600,0,4800
MGL30Jan201080PE.NFO,07/01/2020,13:20:02,43.5,49.1,1200,53.85,600,0,4800
MGL30Jan201080PE.NFO,07/01/2020,13:20:17,43.5,48.45,1200,53.85,600,0,4800
MGL30Jan201080PE.NFO,07/01/2020,13:20:34,43.5,47.9,1200,53.85,600,0,4800
MGL30Jan201080PE.NFO,07/01/2020,13:24:32,43.5,48.4,1200,53.85,600,0,4800
MGL30Jan201080PE.NFO,07/01/2020,13:26:11,43.5,47.9,1200,53.85,600,0,4800
MGL30Jan201080PE.NFO,07/01/2020,13:28:58,43.5,48.15,1200,53.85,600,0,4800
MGL30Jan201080PE.NFO,07/01/2020,13:29:48,43.5,48.75,1200,53.85,600,0,4800
MGL30Jan201080PE.NFO,07/01/2020,13:32:10,43.5,48.15,1200,53.85,600,0,4800
MGL30Jan201080PE.NFO,07/01/2020,13:34:13,43.5,49.2,1200,53.85,600,0,4800
MGL30Jan201080PE.NFO,07/01/2020,13:34:19,43.5,48.3,1200,53.85,600,0,4800
MGL30Jan201080PE.NFO,07/01/2020,13:34:44,43.5,48.1,1200,53.85,600,0,4800
MGL30Jan201080PE.NFO,07/01/2020,13:35:40,43.5,47.85,1200,53.85,600,0,4800
MGL30Jan201080PE.NFO,07/01/2020,13:36:21,43.5,47.85,1200,53.85,2400,0,4800
MGL30Jan201080PE.NFO,07/01/2020,13:39:39,43.5,47.85,1200,51.8,1800,0,4800
MGL30Jan201080PE.NFO,07/01/2020,13:40:23,43.5,48.3,1200,51.8,1800,0,4800
MGL30Jan201080PE.NFO,07/01/2020,13:41:19,43.5,47.8,1200,53.9,1200,0,4800
MGL30Jan201080PE.NFO,07/01/2020,13:42:08,43.5,47.8,1200,53.85,3600,0,4800
MGL30Jan201080PE.NFO,07/01/2020,13:44:06,43.5,47.85,1200,53.85,3600,0,4800
MGL30Jan201080PE.NFO,07/01/2020,13:44:25,43.5,47.75,1200,53.85,3600,0,4800
MGL30Jan201080PE.NFO,07/01/2020,13:44:29,43.5,47.75,1200,51.75,1200,0,4800
MGL30Jan201080PE.NFO,07/01/2020,13:44:34,43.5,47.15,1200,51.8,1800,0,4800
MGL30Jan201080PE.NFO,07/01/2020,13:44:38,43.5,47.15,1200,51.7,1800,0,4800
MGL30Jan201080PE.NFO,07/01/2020,13:44:49,43.5,47.15,1200,53.85,600,0,4800
MGL30Jan201080PE.NFO,07/01/2020,13:44:54,43.5,47.7,1200,53.85,600,0,4800
MGL30Jan201080PE.NFO,07/01/2020,13:45:12,43.5,47.7,1200,51.8,1800,0,4800
MGL30Jan201080PE.NFO,07/01/2020,13:45:19,43.5,47.7,1200,53.85,600,0,4800
MGL30Jan201080PE.NFO,07/01/2020,13:45:30,43.5,47.7,1200,51.7,1800,0,4800
MGL30Jan201080PE.NFO,07/01/2020,13:45:37,43.5,47.7,1200,51.25,1800,0,4800
MGL30Jan201080PE.NFO,07/01/2020,13:45:40,43.5,47.7,1200,51.25,3000,0,4800
MGL30Jan201080PE.NFO,07/01/2020,13:45:47,43.5,47.7,1200,51.2,4200,0,4800
MGL30Jan201080PE.NFO,07/01/2020,13:45:53,43.5,47.05,1200,51.2,4200,0,4800
MGL30Jan201080PE.NFO,07/01/2020,13:45:58,43.5,47.05,1200,51.1,4200,0,4800
MGL30Jan201080PE.NFO,07/01/2020,13:46:08,43.5,47.05,1200,51.2,3000,0,4800
MGL30Jan201080PE.NFO,07/01/2020,13:46:12,43.5,46.75,1200,51.15,4200,0,4800
MGL30Jan201080PE.NFO,07/01/2020,13:46:20,43.5,46.65,1200,51.15,4200,0,4800
MGL30Jan201080PE.NFO,07/01/2020,13:46:28,43.5,46.65,1200,50.85,7200,0,4800
MGL30Jan201080PE.NFO,07/01/2020,13:46:52,43.5,46.15,1200,50.85,8400,0,4800
MGL30Jan201080PE.NFO,07/01/2020,13:47:06,43.5,46.15,1200,49.8,600,0,4800
MGL30Jan201080PE.NFO,07/01/2020,13:47:12,43.5,46.15,1200,50.15,600,0,4800
MGL30Jan201080PE.NFO,07/01/2020,13:47:28,43.5,46.15,1200,49.75,600,0,4800
MGL30Jan201080PE.NFO,07/01/2020,13:47:39,43.5,46.15,1200,50.5,1200,0,4800
MGL30Jan201080PE.NFO,07/01/2020,13:47:45,43.5,47.05,1200,50.5,3000,0,4800
MGL30Jan201080PE.NFO,07/01/2020,13:48:00,43.5,47.05,1200,50.5,4200,0,4800
MGL30Jan201080PE.NFO,07/01/2020,13:48:34,43.5,47.05,1200,50.5,3000,0,4800
MGL30Jan201080PE.NFO,07/01/2020,13:48:38,47.05,47.05,600,50.5,4200,600,4800
MGL30Jan201080PE.NFO,07/01/2020,13:48:38,47.05,47.05,600,50.5,4200,0,4800
MGL30Jan201080PE.NFO,07/01/2020,13:48:42,47.05,47.05,600,50.5,4200,0,4800
MGL30Jan201080PE.NFO,07/01/2020,13:49:23,47.05,46.55,600,50.55,1800,0,4800
MGL30Jan201080PE.NFO,07/01/2020,13:49:30,47.05,46.55,600,50.55,3000,0,4800
MGL30Jan201080PE.NFO,07/01/2020,13:49:36,47.05,46.55,600,50.55,1800,0,4800
MGL30Jan201080PE.NFO,07/01/2020,13:49:50,47.05,46.55,600,50.55,600,0,4800
MGL30Jan201080PE.NFO,07/01/2020,13:49:55,47.05,46.55,600,51,6600,0,4800
MGL30Jan201080PE.NFO,07/01/2020,13:50:06,47.05,46.55,600,51,7800,0,4800
MGL30Jan201080PE.NFO,07/01/2020,13:50:12,47.05,46.55,600,50.6,4200,0,4800
MGL30Jan201080PE.NFO,07/01/2020,13:50:20,47.05,46.55,600,50.35,600,0,4800
MGL30Jan201080PE.NFO,07/01/2020,13:50:48,47.05,46.55,600,50.25,1800,0,4800
MGL30Jan201080PE.NFO,07/01/2020,13:50:56,47.05,46.55,600,50.95,7800,0,4800
MGL30Jan201080PE.NFO,07/01/2020,13:51:02,47.05,46.55,600,50.95,6600,0,4800
MGL30Jan201080PE.NFO,07/01/2020,13:51:13,47.05,46.55,600,50.95,3000,0,4800
MGL30Jan201080PE.NFO,07/01/2020,13:51:24,47.05,46.55,600,50.95,4200,0,4800
MGL30Jan201080PE.NFO,07/01/2020,13:51:54,47.05,46.55,600,50.95,1800,0,4800
MGL30Jan201080PE.NFO,07/01/2020,13:52:16,47.05,46.55,600,51.7,11400,0,4800
MGL30Jan201080PE.NFO,07/01/2020,13:52:24,47.05,46.95,600,51.6,4800,0,4800
MGL30Jan201080PE.NFO,07/01/2020,13:52:29,47.05,47,600,51.4,2400,0,4800
MGL30Jan201080PE.NFO,07/01/2020,13:52:33,47.05,47.05,600,51.4,2400,0,4800
MGL30Jan201080PE.NFO,07/01/2020,13:52:42,47.05,47.15,600,51.45,1800,0,4800
MGL30Jan201080PE.NFO,07/01/2020,13:52:46,47.05,47.15,600,51.45,600,0,4800
MGL30Jan201080PE.NFO,07/01/2020,13:53:03,47.05,47.15,600,51.45,4200,0,4800
MGL30Jan201080PE.NFO,07/01/2020,13:53:08,47.05,47.15,600,51.45,1800,0,4800
MGL30Jan201080PE.NFO,07/01/2020,13:53:30,47.05,47.25,600,51.7,3000,0,4800
MGL30Jan201080PE.NFO,07/01/2020,13:53:35,47.05,47.25,600,51.65,3000,0,4800
MGL30Jan201080PE.NFO,07/01/2020,13:53:39,47.05,47.25,600,51.6,2400,0,4800
MGL30Jan201080PE.NFO,07/01/2020,13:53:53,47.05,47.25,600,52,2400,0,4800
MGL30Jan201080PE.NFO,07/01/2020,13:54:15,47.05,47.25,600,52.05,1800,0,4800
MGL30Jan201080PE.NFO,07/01/2020,13:54:19,47.05,47.25,600,52.05,3000,0,4800
MGL30Jan201080PE.NFO,07/01/2020,13:54:33,47.05,47.25,600,52,4800,0,4800
MGL30Jan201080PE.NFO,07/01/2020,13:54:42,47.05,47.25,600,51.95,2400,0,4800
MGL30Jan201080PE.NFO,07/01/2020,13:54:46,47.05,47.25,600,51.85,1200,0,4800
MGL30Jan201080PE.NFO,07/01/2020,13:54:55,47.05,47.25,600,52.05,3000,0,4800
MGL30Jan201080PE.NFO,07/01/2020,13:55:11,47.05,47.25,600,51.9,2400,0,4800
MGL30Jan201080PE.NFO,07/01/2020,13:55:16,47.05,47.25,600,51.7,600,0,4800
MGL30Jan201080PE.NFO,07/01/2020,13:55:22,47.05,47.25,600,51.7,3000,0,4800
MGL30Jan201080PE.NFO,07/01/2020,13:55:26,47.05,47.25,600,52.15,4200,0,4800
MGL30Jan201080PE.NFO,07/01/2020,13:55:32,47.05,47.25,600,52,2400,0,4800
MGL30Jan201080PE.NFO,07/01/2020,13:55:37,47.05,47.25,600,51.9,1800,0,4800
MGL30Jan201080PE.NFO,07/01/2020,13:55:45,47.05,47.25,600,51.85,1800,0,4800
MGL30Jan201080PE.NFO,07/01/2020,13:55:53,47.05,47.25,600,51.9,600,0,4800
MGL30Jan201080PE.NFO,07/01/2020,13:55:58,47.05,47.25,600,51.9,3000,0,4800
MGL30Jan201080PE.NFO,07/01/2020,13:56:10,47.05,47.25,600,51.9,1800,0,4800
MGL30Jan201080PE.NFO,07/01/2020,13:56:27,47.05,47.25,600,51.9,4200,0,4800
MGL30Jan201080PE.NFO,07/01/2020,13:56:33,47.05,47.25,600,51.9,3000,0,4800
MGL30Jan201080PE.NFO,07/01/2020,13:56:53,47.05,47.25,600,51.85,1200,0,4800
MGL30Jan201080PE.NFO,07/01/2020,13:57:09,47.05,47.25,600,51.6,1800,0,4800
MGL30Jan201080PE.NFO,07/01/2020,13:57:12,47.05,47.25,600,51.55,3000,0,4800
MGL30Jan201080PE.NFO,07/01/2020,13:57:15,47.05,47.45,600,51.5,4800,0,4800
MGL30Jan201080PE.NFO,07/01/2020,13:57:19,47.05,47.5,600,52.1,4200,0,4800
MGL30Jan201080PE.NFO,07/01/2020,13:57:24,47.05,47.5,600,52.1,5400,0,4800
MGL30Jan201080PE.NFO,07/01/2020,13:57:35,47.05,47.85,600,52.1,3000,0,4800
MGL30Jan201080PE.NFO,07/01/2020,13:57:45,47.05,47,600,52,2400,0,4800
MGL30Jan201080PE.NFO,07/01/2020,13:57:50,47.05,47,600,52.05,3000,0,4800
MGL30Jan201080PE.NFO,07/01/2020,13:58:03,47.05,47,600,52,3000,0,4800
MGL30Jan201080PE.NFO,07/01/2020,14:00:36,47.05,47.75,600,52,3000,0,4800
MGL30Jan201080PE.NFO,07/01/2020,14:01:07,47.05,47.8,600,52,3000,0,4800
MGL30Jan201080PE.NFO,07/01/2020,14:01:16,47.05,47.75,600,52,3000,0,4800
MGL30Jan201080PE.NFO,07/01/2020,14:02:13,47.05,47.75,600,52.05,1200,0,4800
MGL30Jan201080PE.NFO,07/01/2020,14:02:18,47.05,47.75,600,52.05,2400,0,4800
MGL30Jan201080PE.NFO,07/01/2020,14:02:22,47.05,47.75,600,52,3000,0,4800
MGL30Jan201080PE.NFO,07/01/2020,14:03:06,47.05,48.05,600,52,3000,0,4800
MGL30Jan201080PE.NFO,07/01/2020,14:03:11,47.05,47.75,600,52,3000,0,4800
MGL30Jan201080PE.NFO,07/01/2020,14:03:52,47.05,47.75,600,52,5400,0,4800
MGL30Jan201080PE.NFO,07/01/2020,14:03:56,47.05,47.75,600,51.9,1800,0,4800
MGL30Jan201080PE.NFO,07/01/2020,14:06:04,47.05,48.05,600,51.8,600,0,4800
MGL30Jan201080PE.NFO,07/01/2020,14:06:12,47.05,48.05,600,51.85,600,0,4800
MGL30Jan201080PE.NFO,07/01/2020,14:09:47,47.05,48.05,600,52.05,3000,0,4800
MGL30Jan201080PE.NFO,07/01/2020,14:10:03,47.05,48.05,600,52,3000,0,4800
MGL30Jan201080PE.NFO,07/01/2020,14:10:10,47.05,48.05,600,52,1800,0,4800
MGL30Jan201080PE.NFO,07/01/2020,14:10:36,47.05,48.05,600,52,3000,0,4800
MGL30Jan201080PE.NFO,07/01/2020,14:10:41,47.05,48.05,600,52,1800,0,4800
MGL30Jan201080PE.NFO,07/01/2020,14:11:24,47.05,48.05,600,51.8,1800,0,4800
MGL30Jan201080PE.NFO,07/01/2020,14:11:28,47.05,48.05,600,51.9,1800,0,4800
MGL30Jan201080PE.NFO,07/01/2020,14:11:31,47.05,48.05,600,51.9,3000,0,4800
MGL30Jan201080PE.NFO,07/01/2020,14:11:40,47.05,48.05,600,52,1800,0,4800
MGL30Jan201080PE.NFO,07/01/2020,14:12:05,47.05,47.75,600,52,1800,0,4800
MGL30Jan201080PE.NFO,07/01/2020,14:12:11,47.05,47.75,600,51.95,1200,0,4800
MGL30Jan201080PE.NFO,07/01/2020,14:12:16,47.05,47.75,600,51.9,1800,0,4800
MGL30Jan201080PE.NFO,07/01/2020,14:12:26,47.05,47.75,600,52,3000,0,4800
MGL30Jan201080PE.NFO,07/01/2020,14:12:31,47.05,47.75,600,52,1800,0,4800
MGL30Jan201080PE.NFO,07/01/2020,14:12:35,47.05,47.75,600,52,5400,0,4800
MGL30Jan201080PE.NFO,07/01/2020,14:12:40,47.05,47.75,600,52,1800,0,4800
MGL30Jan201080PE.NFO,07/01/2020,14:12:44,47.05,47.75,600,51.9,600,0,4800
MGL30Jan201080PE.NFO,07/01/2020,14:12:48,47.05,47.75,600,51.9,3600,0,4800
MGL30Jan201080PE.NFO,07/01/2020,14:13:07,47.05,47.75,600,51.65,4200,0,4800
MGL30Jan201080PE.NFO,07/01/2020,14:13:11,47.05,47.75,600,52.8,12600,0,4800
MGL30Jan201080PE.NFO,07/01/2020,14:13:28,47.05,47.15,600,52.8,12600,0,4800
MGL30Jan201080PE.NFO,07/01/2020,14:13:36,47.05,47.15,600,52.7,12600,0,4800
MGL30Jan201080PE.NFO,07/01/2020,14:15:24,47.05,47.05,600,52.7,12600,0,4800
MGL30Jan201080PE.NFO,07/01/2020,14:15:37,47.05,47.05,600,51.25,3000,0,4800
MGL30Jan201080PE.NFO,07/01/2020,14:15:46,47.05,47.05,600,51.25,5400,0,4800
MGL30Jan201080PE.NFO,07/01/2020,14:15:50,47.05,47.05,600,51.25,3000,0,4800
MGL30Jan201080PE.NFO,07/01/2020,14:15:54,47.05,47.05,600,51.15,3000,0,4800
MGL30Jan201080PE.NFO,07/01/2020,14:16:20,47.05,47.05,600,50.95,600,0,4800
MGL30Jan201080PE.NFO,07/01/2020,14:17:21,47.05,47.15,600,51.3,4800,0,4800
MGL30Jan201080PE.NFO,07/01/2020,14:19:11,47.05,47.15,600,51.3,2400,0,4800
MGL30Jan201080PE.NFO,07/01/2020,14:19:21,47.05,47.15,600,51.35,1800,0,4800
MGL30Jan201080PE.NFO,07/01/2020,14:19:41,47.05,47.15,600,51.3,2400,0,4800
MGL30Jan201080PE.NFO,07/01/2020,14:19:45,47.05,47.15,600,51.3,600,0,4800
MGL30Jan201080PE.NFO,07/01/2020,14:19:58,47.05,47.15,600,51.7,3000,0,4800
MGL30Jan201080PE.NFO,07/01/2020,14:20:03,47.05,47.15,600,51.7,5400,0,4800
MGL30Jan201080PE.NFO,07/01/2020,14:21:04,47.05,47.15,600,51.55,5400,0,4800
MGL30Jan201080PE.NFO,07/01/2020,14:22:13,47.05,47.15,600,51.55,3000,0,4800
MGL30Jan201080PE.NFO,07/01/2020,14:22:17,47.05,47.05,600,51.55,5400,0,4800
MGL30Jan201080PE.NFO,07/01/2020,14:22:25,47.05,47.45,600,51.45,600,0,4800
MGL30Jan201080PE.NFO,07/01/2020,14:22:34,47.05,46.95,600,51.45,2400,0,4800
MGL30Jan201080PE.NFO,07/01/2020,14:22:40,47.05,46.95,600,51.45,3600,0,4800
MGL30Jan201080PE.NFO,07/01/2020,14:22:44,47.05,46.95,600,51.45,2400,0,4800
MGL30Jan201080PE.NFO,07/01/2020,14:23:11,47.05,46.95,600,51.45,600,0,4800
MGL30Jan201080PE.NFO,07/01/2020,14:23:14,47.05,46.95,600,51.3,3000,0,4800
MGL30Jan201080PE.NFO,07/01/2020,14:23:29,47.05,46.95,600,51.45,3000,0,4800
MGL30Jan201080PE.NFO,07/01/2020,14:23:47,47.05,46.95,600,51.4,3000,0,4800
MGL30Jan201080PE.NFO,07/01/2020,14:23:50,47.05,46.95,600,51.4,2400,0,4800
MGL30Jan201080PE.NFO,07/01/2020,14:23:56,47.05,46.95,600,51.4,1200,0,4800
MGL30Jan201080PE.NFO,07/01/2020,14:24:12,47.05,47.6,600,51.9,3000,0,4800
MGL30Jan201080PE.NFO,07/01/2020,14:24:20,47.05,47.6,600,51.85,3000,0,4800
MGL30Jan201080PE.NFO,07/01/2020,14:24:58,47.05,47.75,600,51.9,1800,0,4800
MGL30Jan201080PE.NFO,07/01/2020,14:25:01,47.05,47.65,600,51.9,3000,0,4800
MGL30Jan201080PE.NFO,07/01/2020,14:25:05,47.05,47.95,600,51.9,600,0,4800
MGL30Jan201080PE.NFO,07/01/2020,14:25:26,47.05,48.15,600,51.9,600,0,4800
MGL30Jan201080PE.NFO,07/01/2020,14:25:55,47.05,47.75,600,51.9,600,0,4800
MGL30Jan201080PE.NFO,07/01/2020,14:25:59,47.05,47.85,600,51.9,600,0,4800
MGL30Jan201080PE.NFO,07/01/2020,14:26:02,47.05,47.95,600,51.9,600,0,4800
MGL30Jan201080PE.NFO,07/01/2020,14:26:50,47.05,48.05,600,51.9,600,0,4800
MGL30Jan201080PE.NFO,07/01/2020,14:27:23,47.05,48.05,600,51.9,1800,0,4800
MGL30Jan201080PE.NFO,07/01/2020,14:27:28,47.05,48.05,600,51.9,600,0,4800
MGL30Jan201080PE.NFO,07/01/2020,14:27:33,47.05,48.05,600,51.9,1800,0,4800
MGL30Jan201080PE.NFO,07/01/2020,14:28:09,47.05,48.05,600,51.9,600,0,4800
MGL30Jan201080PE.NFO,07/01/2020,14:29:58,47.05,48.05,600,51.9,600,0,4200
MGL30Jan201080PE.NFO,07/01/2020,14:30:02,47.05,48.05,600,51.9,1800,0,4200
MGL30Jan201080PE.NFO,07/01/2020,14:30:22,47.05,47.85,600,51.7,1800,0,4200
MGL30Jan201080PE.NFO,07/01/2020,14:30:28,47.05,47.05,600,51.55,1800,0,4200
MGL30Jan201080PE.NFO,07/01/2020,14:30:45,47.05,47.05,600,51.2,1200,0,4200
MGL30Jan201080PE.NFO,07/01/2020,14:30:53,47.05,47.05,600,51.25,3000,0,4200
MGL30Jan201080PE.NFO,07/01/2020,14:31:01,47.05,47.05,600,51.25,1800,0,4200
MGL30Jan201080PE.NFO,07/01/2020,14:31:08,47.05,47.05,600,51.8,10200,0,4200
MGL30Jan201080PE.NFO,07/01/2020,14:31:16,47.05,47.05,600,51.8,6600,0,4200
MGL30Jan201080PE.NFO,07/01/2020,14:31:23,47.05,46.4,600,51.8,12600,0,4200
MGL30Jan201080PE.NFO,07/01/2020,14:33:05,47.05,46.7,600,51.8,12600,0,4200
MGL30Jan201080PE.NFO,07/01/2020,14:33:17,47.05,46.6,600,50.6,600,0,4200
MGL30Jan201080PE.NFO,07/01/2020,14:33:29,47.05,46.8,600,50.6,600,0,4200
MGL30Jan201080PE.NFO,07/01/2020,14:33:35,47.05,46.8,600,50.6,1800,0,4200
MGL30Jan201080PE.NFO,07/01/2020,14:33:40,47.05,47.05,600,50.95,1800,0,4200
MGL30Jan201080PE.NFO,07/01/2020,14:33:46,47.05,47.05,600,50.95,3000,0,4200
MGL30Jan201080PE.NFO,07/01/2020,14:34:09,47.05,47.05,600,50.95,1800,0,4200
MGL30Jan201080PE.NFO,07/01/2020,14:34:14,47.05,47.05,600,50.95,3000,0,4200
MGL30Jan201080PE.NFO,07/01/2020,14:34:19,47.05,47.05,600,50.95,1800,0,4200
MGL30Jan201080PE.NFO,07/01/2020,14:34:24,47.05,47.05,600,51.2,3000,0,4200
