Ticker,Date,Time,LTP,BuyPrice,BuyQty,SellPrice,SellQty,LTQ,OpenInterest
MGL30Jan201020PE.NFO,07/01/2020,09:33:14,11.3,10.85,600,11.85,600,600,36600
MGL30Jan201020PE.NFO,07/01/2020,09:33:14,11.3,10.85,600,11.85,600,0,36600
MGL30Jan201020PE.NFO,07/01/2020,09:33:14,11.3,10.85,600,11.85,600,0,36600
MGL30Jan201020PE.NFO,07/01/2020,09:33:14,11.3,10.85,600,11.85,600,0,36600
MGL30Jan201020PE.NFO,07/01/2020,09:33:19,11.3,10.8,600,13.05,600,0,36600
MGL30Jan201020PE.NFO,07/01/2020,09:33:25,11.3,10.9,600,13.3,600,0,36600
MGL30Jan201020PE.NFO,07/01/2020,09:33:30,11.35,11.35,600,13.35,600,600,36600
MGL30Jan201020PE.NFO,07/01/2020,09:33:30,11.35,11.35,600,13.35,600,0,36600
MGL30Jan201020PE.NFO,07/01/2020,09:33:35,11.35,11.1,600,13.45,600,0,36600
MGL30Jan201020PE.NFO,07/01/2020,09:33:40,11.35,10.5,600,11.95,600,0,36600
MGL30Jan201020PE.NFO,07/01/2020,09:33:45,11.35,10.15,1200,11.95,600,0,36600
MGL30Jan201020PE.NFO,07/01/2020,09:33:50,11.35,10.1,1200,12.8,600,0,36600
MGL30Jan201020PE.NFO,07/01/2020,09:33:54,11.35,10.5,600,13.25,600,0,36600
MGL30Jan201020PE.NFO,07/01/2020,09:33:59,11.35,10,600,12.85,600,0,36600
MGL30Jan201020PE.NFO,07/01/2020,09:34:04,11.35,10.5,600,13,600,0,36600
MGL30Jan201020PE.NFO,07/01/2020,09:34:09,11.35,10.3,600,13.05,1200,0,36600
MGL30Jan201020PE.NFO,07/01/2020,09:34:13,11.35,10.8,600,12.95,600,0,36600
MGL30Jan201020PE.NFO,07/01/2020,09:34:15,11.35,10.85,600,12.85,600,0,36600
MGL30Jan201020PE.NFO,07/01/2020,09:34:16,11.35,10.5,600,13,1200,0,36600
MGL30Jan201020PE.NFO,07/01/2020,09:34:17,11.35,10.6,600,12.95,600,0,36600
MGL30Jan201020PE.NFO,07/01/2020,09:34:19,11.35,10.7,600,13.25,600,0,36600
MGL30Jan201020PE.NFO,07/01/2020,09:34:20,11.35,10.8,600,13.3,1200,0,36600
MGL30Jan201020PE.NFO,07/01/2020,09:34:21,11.35,10.95,600,12.95,600,0,36600
MGL30Jan201020PE.NFO,07/01/2020,09:34:23,11.35,10.45,1200,13,1200,0,36600
MGL30Jan201020PE.NFO,07/01/2020,09:34:23,11.35,10.55,600,12.95,600,0,36600
MGL30Jan201020PE.NFO,07/01/2020,09:34:24,11.35,10.65,600,12.85,1200,0,36600
MGL30Jan201020PE.NFO,07/01/2020,09:34:25,11.35,10.65,600,13.15,600,0,36600
MGL30Jan201020PE.NFO,07/01/2020,09:34:26,11.35,10.75,600,13,1200,0,36600
MGL30Jan201020PE.NFO,07/01/2020,09:34:27,11.35,10.9,600,13.25,600,0,36600
MGL30Jan201020PE.NFO,07/01/2020,09:34:28,11.35,10.35,600,12.85,1200,0,36600
MGL30Jan201020PE.NFO,07/01/2020,09:34:30,11.35,10.45,600,13.2,600,0,36600
MGL30Jan201020PE.NFO,07/01/2020,09:34:30,11.35,10.45,600,13,1200,0,36600
MGL30Jan201020PE.NFO,07/01/2020,09:34:31,11.35,10.55,600,12.9,600,0,36600
MGL30Jan201020PE.NFO,07/01/2020,09:34:32,11.35,10.65,600,12.85,600,0,36600
MGL30Jan201020PE.NFO,07/01/2020,09:34:33,11.35,10.75,600,13.25,600,0,36600
MGL30Jan201020PE.NFO,07/01/2020,09:34:34,11.35,10.9,600,13.05,600,0,36600
MGL30Jan201020PE.NFO,07/01/2020,09:34:36,11.35,11,600,13,1200,0,36600
MGL30Jan201020PE.NFO,07/01/2020,09:34:37,11.35,10.6,600,12.95,600,0,36600
MGL30Jan201020PE.NFO,07/01/2020,09:34:38,11.35,10.7,600,12.9,1200,0,36600
MGL30Jan201020PE.NFO,07/01/2020,09:34:39,11.35,10.8,600,13.4,600,0,36600
MGL30Jan201020PE.NFO,07/01/2020,09:34:40,11.35,10.8,600,13.25,600,0,36600
MGL30Jan201020PE.NFO,07/01/2020,09:34:41,11.35,11,600,13.15,600,0,36600
MGL30Jan201020PE.NFO,07/01/2020,09:34:42,11.35,11.05,600,13.05,600,0,36600
MGL30Jan201020PE.NFO,07/01/2020,09:34:43,11.35,10.6,600,13,1200,0,36600
MGL30Jan201020PE.NFO,07/01/2020,09:34:44,11.35,10.7,600,13,1200,0,36600
MGL30Jan201020PE.NFO,07/01/2020,09:34:45,11.35,10.85,600,13,1200,0,36600
MGL30Jan201020PE.NFO,07/01/2020,09:34:46,11.35,10.4,600,13,1200,0,36600
MGL30Jan201020PE.NFO,07/01/2020,09:34:47,11.35,10.5,600,13,1200,0,36600
MGL30Jan201020PE.NFO,07/01/2020,09:34:49,11.35,10.6,600,11.5,600,0,36600
MGL30Jan201020PE.NFO,07/01/2020,09:34:49,11.35,10.55,600,11.5,600,0,36600
MGL30Jan201020PE.NFO,07/01/2020,09:34:50,11.35,10.25,600,11.5,600,0,36600
MGL30Jan201020PE.NFO,07/01/2020,09:34:51,11.35,10.15,1200,11.5,600,0,36600
MGL30Jan201020PE.NFO,07/01/2020,09:34:52,11.35,10.2,600,11.45,600,0,36600
MGL30Jan201020PE.NFO,07/01/2020,09:34:53,11.35,9.75,1200,11.45,600,0,36600
MGL30Jan201020PE.NFO,07/01/2020,09:34:54,11.35,9.85,1200,11.45,600,0,36600
MGL30Jan201020PE.NFO,07/01/2020,09:34:55,11.35,9.95,1200,11.45,600,0,36600
MGL30Jan201020PE.NFO,07/01/2020,09:34:56,11.35,10.05,600,11.45,600,0,36600
MGL30Jan201020PE.NFO,07/01/2020,09:34:57,11.35,9.75,600,11.45,600,0,36600
MGL30Jan201020PE.NFO,07/01/2020,09:34:58,11.35,9.85,600,11.45,600,0,36600
MGL30Jan201020PE.NFO,07/01/2020,09:34:59,11.35,9.85,600,11.5,600,0,36600
MGL30Jan201020PE.NFO,07/01/2020,09:35:00,11.35,10,600,11.45,600,0,36600
MGL30Jan201020PE.NFO,07/01/2020,09:35:02,11.35,9.5,600,11.5,600,0,36600
MGL30Jan201020PE.NFO,07/01/2020,09:35:03,11.35,9.8,600,11.45,600,0,36600
MGL30Jan201020PE.NFO,07/01/2020,09:35:04,11.35,10.05,600,11.45,600,0,36600
MGL30Jan201020PE.NFO,07/01/2020,09:35:05,11.35,9.6,600,11.45,600,0,36600
MGL30Jan201020PE.NFO,07/01/2020,09:35:06,11.35,9.7,600,11.45,600,0,36600
MGL30Jan201020PE.NFO,07/01/2020,09:35:07,11.35,9.8,600,11.45,600,0,36600
MGL30Jan201020PE.NFO,07/01/2020,09:35:08,11.35,9.9,600,11.45,600,0,36600
MGL30Jan201020PE.NFO,07/01/2020,09:35:09,11.35,9.6,1200,11.45,600,0,36600
MGL30Jan201020PE.NFO,07/01/2020,09:35:11,11.35,9.8,1200,11.45,600,0,36600
MGL30Jan201020PE.NFO,07/01/2020,09:35:14,11.35,10.1,600,11.45,600,0,36600
MGL30Jan201020PE.NFO,07/01/2020,09:35:19,11.35,9.9,1200,11.45,600,0,36600
MGL30Jan201020PE.NFO,07/01/2020,09:35:23,11.35,10.35,600,11.45,600,0,36600
MGL30Jan201020PE.NFO,07/01/2020,09:35:28,11.35,10.15,600,11.45,600,0,36600
MGL30Jan201020PE.NFO,07/01/2020,09:35:39,11.35,10.1,600,11.45,600,0,36600
MGL30Jan201020PE.NFO,07/01/2020,09:35:45,11.35,10.15,1200,11.5,600,0,36600
MGL30Jan201020PE.NFO,07/01/2020,09:35:52,11.35,9.9,1200,11.5,600,0,36600
MGL30Jan201020PE.NFO,07/01/2020,09:35:58,11.35,10.05,1200,11.5,600,0,36600
MGL30Jan201020PE.NFO,07/01/2020,09:36:03,11.35,9.95,1200,11.5,600,0,36600
MGL30Jan201020PE.NFO,07/01/2020,09:36:08,11.35,9.9,1200,11.5,600,0,36600
MGL30Jan201020PE.NFO,07/01/2020,09:36:14,11.35,10.35,600,11.5,600,0,36600
MGL30Jan201020PE.NFO,07/01/2020,09:36:20,11.35,10.4,600,11.5,600,0,36600
MGL30Jan201020PE.NFO,07/01/2020,09:36:30,11.35,10.3,600,11.5,600,0,36600
MGL30Jan201020PE.NFO,07/01/2020,09:36:35,11.35,9.9,600,11.45,600,0,36600
MGL30Jan201020PE.NFO,07/01/2020,09:36:40,11.35,10.1,600,11.45,600,0,36600
MGL30Jan201020PE.NFO,07/01/2020,09:36:44,11.35,10.15,1200,11.5,600,0,36600
MGL30Jan201020PE.NFO,07/01/2020,09:36:49,11.35,10.15,600,11.45,600,0,36600
MGL30Jan201020PE.NFO,07/01/2020,09:36:53,11.35,10.2,1200,11.5,600,0,36600
MGL30Jan201020PE.NFO,07/01/2020,09:36:58,11.35,10.1,1200,11.5,1200,0,36600
MGL30Jan201020PE.NFO,07/01/2020,09:37:03,11.35,10,1200,11.5,1200,0,36600
MGL30Jan201020PE.NFO,07/01/2020,09:37:07,11.35,9.75,1200,11.5,600,0,36600
MGL30Jan201020PE.NFO,07/01/2020,09:37:12,11.35,10.35,600,11.5,600,0,36600
MGL30Jan201020PE.NFO,07/01/2020,09:37:17,11.35,10.1,1200,11.5,600,0,36600
MGL30Jan201020PE.NFO,07/01/2020,09:37:21,11.35,9.75,600,11.45,600,0,36600
MGL30Jan201020PE.NFO,07/01/2020,09:37:25,11.35,9.8,1200,11.45,600,0,36600
MGL30Jan201020PE.NFO,07/01/2020,09:37:35,11.35,9.75,1200,11.45,600,0,36600
MGL30Jan201020PE.NFO,07/01/2020,09:37:39,11.35,10.2,600,11.45,600,0,36600
MGL30Jan201020PE.NFO,07/01/2020,09:37:43,11.35,10.05,1200,11.45,600,0,36600
MGL30Jan201020PE.NFO,07/01/2020,09:37:47,11.35,10.2,600,11.45,600,0,36600
MGL30Jan201020PE.NFO,07/01/2020,09:37:55,11.35,9.85,600,11.45,600,0,36600
MGL30Jan201020PE.NFO,07/01/2020,09:38:04,11.35,9.8,1200,11.45,600,0,36600
MGL30Jan201020PE.NFO,07/01/2020,09:38:09,11.35,9.75,1200,11.45,600,0,36600
MGL30Jan201020PE.NFO,07/01/2020,09:38:13,11.35,9.65,1200,11.45,600,0,36600
MGL30Jan201020PE.NFO,07/01/2020,09:38:18,11.35,10.05,1200,11.45,600,0,36600
MGL30Jan201020PE.NFO,07/01/2020,09:38:21,11.35,9.65,1200,11.45,600,0,36600
MGL30Jan201020PE.NFO,07/01/2020,09:38:26,11.35,10.15,600,11.45,600,0,36600
MGL30Jan201020PE.NFO,07/01/2020,09:38:30,11.35,10,1200,11.45,600,0,36600
MGL30Jan201020PE.NFO,07/01/2020,09:38:35,11.35,9.75,1200,11.45,600,0,36600
MGL30Jan201020PE.NFO,07/01/2020,09:38:39,11.35,10.1,600,11.45,600,0,36600
MGL30Jan201020PE.NFO,07/01/2020,09:38:43,11.35,10,1200,11.45,600,0,36600
MGL30Jan201020PE.NFO,07/01/2020,09:38:48,11.35,9.75,1200,11.45,600,0,36600
MGL30Jan201020PE.NFO,07/01/2020,09:38:52,11.35,9.7,600,11.45,600,0,36600
MGL30Jan201020PE.NFO,07/01/2020,09:38:56,11.35,10,600,11.45,600,0,36600
MGL30Jan201020PE.NFO,07/01/2020,09:39:00,11.35,9.8,600,11.45,600,0,36600
MGL30Jan201020PE.NFO,07/01/2020,09:39:05,11.35,9.65,600,11.45,600,0,36600
MGL30Jan201020PE.NFO,07/01/2020,09:39:13,11.35,9.9,600,11.45,600,0,36600
MGL30Jan201020PE.NFO,07/01/2020,09:39:18,11.35,9,1200,11.45,600,0,36600
MGL30Jan201020PE.NFO,07/01/2020,09:40:00,11.35,9,1200,11.5,600,0,36600
MGL30Jan201020PE.NFO,07/01/2020,09:40:11,11.35,9,1200,11.45,600,0,36600
MGL30Jan201020PE.NFO,07/01/2020,09:41:05,11.35,9,1200,11.45,1200,0,36600
MGL30Jan201020PE.NFO,07/01/2020,09:41:11,11.35,9,1200,11.35,600,0,36600
MGL30Jan201020PE.NFO,07/01/2020,09:41:16,11.35,9,1200,11.35,1200,0,36600
MGL30Jan201020PE.NFO,07/01/2020,09:41:20,11.35,9,1200,11.45,600,0,36600
MGL30Jan201020PE.NFO,07/01/2020,09:41:29,11.35,9,1200,11.4,600,0,36600
MGL30Jan201020PE.NFO,07/01/2020,09:41:34,11.35,9,1200,11.35,600,0,36600
MGL30Jan201020PE.NFO,07/01/2020,09:41:39,11.35,9,600,11.4,1200,0,36600
MGL30Jan201020PE.NFO,07/01/2020,09:41:44,11.35,9,600,11.4,600,0,36600
MGL30Jan201020PE.NFO,07/01/2020,09:41:49,11.35,9.1,600,11.4,600,0,36600
MGL30Jan201020PE.NFO,07/01/2020,09:41:54,11.35,9.1,600,11.35,600,0,36600
MGL30Jan201020PE.NFO,07/01/2020,09:42:14,11.35,9.2,1200,11.45,600,0,36600
MGL30Jan201020PE.NFO,07/01/2020,09:42:20,11.35,9.2,600,11.35,600,0,36600
MGL30Jan201020PE.NFO,07/01/2020,09:42:27,11.35,9.6,600,11.45,600,0,36600
MGL30Jan201020PE.NFO,07/01/2020,09:42:34,11.35,9.55,600,11.45,600,0,36600
MGL30Jan201020PE.NFO,07/01/2020,09:42:41,11.35,9.25,1200,11.45,600,0,36600
MGL30Jan201020PE.NFO,07/01/2020,09:43:00,11.35,9.4,1200,11.45,600,0,36600
MGL30Jan201020PE.NFO,07/01/2020,09:43:11,11.35,9.2,1200,11.45,600,0,36600
MGL30Jan201020PE.NFO,07/01/2020,09:43:16,11.35,9.15,1200,11.45,600,0,36600
MGL30Jan201020PE.NFO,07/01/2020,09:43:21,11.35,9.7,600,11.45,600,0,36600
MGL30Jan201020PE.NFO,07/01/2020,09:43:27,11.35,9.15,1200,11.45,600,0,36600
MGL30Jan201020PE.NFO,07/01/2020,09:43:31,11.35,9.05,1200,11.45,600,0,36600
MGL30Jan201020PE.NFO,07/01/2020,09:43:36,11.35,9.55,600,11.45,600,0,36600
MGL30Jan201020PE.NFO,07/01/2020,09:43:41,11.35,9.35,1200,11.45,600,0,36600
MGL30Jan201020PE.NFO,07/01/2020,09:43:46,11.35,9.35,1200,11.5,600,0,36600
MGL30Jan201020PE.NFO,07/01/2020,09:43:51,11.35,9.05,1200,11.5,600,0,36600
MGL30Jan201020PE.NFO,07/01/2020,09:43:55,11.35,9.45,1200,11.5,600,0,36600
MGL30Jan201020PE.NFO,07/01/2020,09:43:59,11.35,9.35,1200,11.5,600,0,36600
MGL30Jan201020PE.NFO,07/01/2020,09:44:10,11.35,9.75,1200,11.5,600,0,36600
MGL30Jan201020PE.NFO,07/01/2020,09:44:16,11.35,9.85,600,11.5,600,0,36600
MGL30Jan201020PE.NFO,07/01/2020,09:44:21,11.35,9.65,1200,11.5,600,0,36600
MGL30Jan201020PE.NFO,07/01/2020,09:44:26,11.35,9.5,1200,11.5,600,0,36600
MGL30Jan201020PE.NFO,07/01/2020,09:44:32,11.35,9.45,1200,11.45,600,0,36600
MGL30Jan201020PE.NFO,07/01/2020,09:44:37,11.35,9.3,1200,11.45,600,0,36600
MGL30Jan201020PE.NFO,07/01/2020,09:44:42,11.35,9.2,1200,11.45,600,0,36600
MGL30Jan201020PE.NFO,07/01/2020,09:44:47,11.35,9.7,1200,11.45,600,0,36600
MGL30Jan201020PE.NFO,07/01/2020,09:44:52,11.35,9.55,1200,11.45,600,0,36600
MGL30Jan201020PE.NFO,07/01/2020,09:44:57,11.35,9.25,1200,11.45,600,0,36600
MGL30Jan201020PE.NFO,07/01/2020,09:45:02,11.35,9.8,600,11.5,600,0,36600
MGL30Jan201020PE.NFO,07/01/2020,09:45:08,11.35,9.7,1200,11.45,600,0,36600
MGL30Jan201020PE.NFO,07/01/2020,09:45:15,11.35,9.55,1200,11.5,600,0,36600
MGL30Jan201020PE.NFO,07/01/2020,09:45:21,11.35,9.25,1200,11.5,600,0,36600
MGL30Jan201020PE.NFO,07/01/2020,09:45:27,11.35,9.8,600,11.5,600,0,36600
MGL30Jan201020PE.NFO,07/01/2020,09:45:33,11.35,9.7,1200,11.5,600,0,36600
MGL30Jan201020PE.NFO,07/01/2020,09:45:40,11.35,9.65,1200,11.5,1200,0,36600
MGL30Jan201020PE.NFO,07/01/2020,09:45:45,11.35,9.4,1200,11.5,1200,0,36600
MGL30Jan201020PE.NFO,07/01/2020,09:45:50,11.35,9.95,600,12.05,600,0,36600
MGL30Jan201020PE.NFO,07/01/2020,09:45:56,11.35,9.8,1200,12.7,600,0,36600
MGL30Jan201020PE.NFO,07/01/2020,09:46:02,11.35,9.5,1200,12.6,600,0,36600
MGL30Jan201020PE.NFO,07/01/2020,09:46:07,11.35,10,1200,12.6,600,0,36600
MGL30Jan201020PE.NFO,07/01/2020,09:46:13,11.35,9.85,600,11.9,600,0,36600
MGL30Jan201020PE.NFO,07/01/2020,09:46:18,11.35,9.7,1200,11.55,1200,0,36600
MGL30Jan201020PE.NFO,07/01/2020,09:46:22,11.35,9.45,1200,11.75,600,0,36600
MGL30Jan201020PE.NFO,07/01/2020,09:46:27,11.35,9.85,1200,12.3,600,0,36600
MGL30Jan201020PE.NFO,07/01/2020,09:46:32,11.35,10.35,600,12.9,600,0,36600
MGL30Jan201020PE.NFO,07/01/2020,09:46:38,11.35,10,1200,13.1,600,0,36600
MGL30Jan201020PE.NFO,07/01/2020,09:46:43,11.35,10.4,600,13.15,600,0,36600
MGL30Jan201020PE.NFO,07/01/2020,09:46:47,11.35,10.25,600,12.9,600,0,36600
MGL30Jan201020PE.NFO,07/01/2020,09:46:51,11.35,10.7,600,13.6,600,0,36600
MGL30Jan201020PE.NFO,07/01/2020,09:46:56,11.35,10.55,600,13.35,600,0,36600
MGL30Jan201020PE.NFO,07/01/2020,09:47:00,11.35,10.3,600,13.25,600,0,36600
MGL30Jan201020PE.NFO,07/01/2020,09:47:05,11.35,10.7,600,13.65,1200,0,36600
MGL30Jan201020PE.NFO,07/01/2020,09:47:10,11.35,10.55,600,13.65,1200,0,36600
MGL30Jan201020PE.NFO,07/01/2020,09:47:12,11.35,10.7,600,13.65,1200,0,36600
MGL30Jan201020PE.NFO,07/01/2020,09:47:13,11.35,10.05,600,13.65,1200,0,36600
MGL30Jan201020PE.NFO,07/01/2020,09:47:14,11.35,10.15,600,13.65,1200,0,36600
MGL30Jan201020PE.NFO,07/01/2020,09:47:16,11.35,10.35,600,13.55,1800,0,36600
MGL30Jan201020PE.NFO,07/01/2020,09:47:17,11.35,10.55,600,13.55,1800,0,36600
MGL30Jan201020PE.NFO,07/01/2020,09:47:18,11.35,10.65,600,13.55,1800,0,36600
MGL30Jan201020PE.NFO,07/01/2020,09:47:19,11.35,10.7,600,13.55,1800,0,36600
MGL30Jan201020PE.NFO,07/01/2020,09:47:20,11.35,10.8,600,13.55,1800,0,36600
MGL30Jan201020PE.NFO,07/01/2020,09:47:21,11.35,10,600,13.55,1800,0,36600
MGL30Jan201020PE.NFO,07/01/2020,09:47:22,11.35,10.1,600,13.55,1800,0,36600
MGL30Jan201020PE.NFO,07/01/2020,09:47:23,11.35,10.2,600,13.55,1800,0,36600
MGL30Jan201020PE.NFO,07/01/2020,09:47:24,11.35,10.3,600,13.55,1800,0,36600
MGL30Jan201020PE.NFO,07/01/2020,09:47:24,11.35,10.4,600,13.55,1800,0,36600
MGL30Jan201020PE.NFO,07/01/2020,09:47:25,11.35,10.5,600,13.55,1800,0,36600
MGL30Jan201020PE.NFO,07/01/2020,09:47:27,11.35,10.7,600,13.55,1800,0,36600
MGL30Jan201020PE.NFO,07/01/2020,09:47:29,11.35,10.75,600,13.55,1800,0,36600
MGL30Jan201020PE.NFO,07/01/2020,09:47:29,11.35,10.2,600,13.55,1200,0,36600
MGL30Jan201020PE.NFO,07/01/2020,09:47:31,11.35,10.4,600,13.55,1200,0,36600
MGL30Jan201020PE.NFO,07/01/2020,09:47:32,11.35,10.5,600,13.55,1200,0,36600
MGL30Jan201020PE.NFO,07/01/2020,09:47:33,11.35,10.6,600,13.2,600,0,36600
MGL30Jan201020PE.NFO,07/01/2020,09:47:34,11.35,10.65,600,13.3,600,0,36600
MGL30Jan201020PE.NFO,07/01/2020,09:47:35,11.35,10.3,600,13.1,600,0,36600
MGL30Jan201020PE.NFO,07/01/2020,09:47:36,11.35,10.4,600,13.35,1200,0,36600
MGL30Jan201020PE.NFO,07/01/2020,09:47:38,11.35,10.4,600,13.2,600,0,36600
MGL30Jan201020PE.NFO,07/01/2020,09:47:39,11.35,10.6,600,13.7,1200,0,36600
MGL30Jan201020PE.NFO,07/01/2020,09:47:40,11.35,10.65,600,13.15,600,0,36600
MGL30Jan201020PE.NFO,07/01/2020,09:47:41,11.35,10.1,600,13.35,1200,0,36600
MGL30Jan201020PE.NFO,07/01/2020,09:47:41,11.35,10.2,600,13.2,600,0,36600
MGL30Jan201020PE.NFO,07/01/2020,09:47:42,11.35,10.3,600,13.2,600,0,36600
MGL30Jan201020PE.NFO,07/01/2020,09:47:43,11.35,10.4,600,13.15,600,0,36600
MGL30Jan201020PE.NFO,07/01/2020,09:47:44,11.35,10.5,600,13.55,1200,0,36600
MGL30Jan201020PE.NFO,07/01/2020,09:47:46,11.35,10.65,600,13.2,600,0,36600
MGL30Jan201020PE.NFO,07/01/2020,09:47:47,11.35,9.9,600,13.1,600,0,36600
MGL30Jan201020PE.NFO,07/01/2020,09:47:48,11.35,10.1,600,12.95,600,0,36600
MGL30Jan201020PE.NFO,07/01/2020,09:47:49,11.35,10.15,600,13.3,600,0,36600
MGL30Jan201020PE.NFO,07/01/2020,09:47:52,11.35,10.4,600,13,600,0,36600
MGL30Jan201020PE.NFO,07/01/2020,09:47:53,11.35,9.8,1200,12.9,600,0,36600
MGL30Jan201020PE.NFO,07/01/2020,09:47:55,11.35,10,600,13.15,600,0,36600
MGL30Jan201020PE.NFO,07/01/2020,09:47:55,11.35,10,600,13.1,600,0,36600
MGL30Jan201020PE.NFO,07/01/2020,09:47:57,11.35,10.1,600,13.05,600,0,36600
MGL30Jan201020PE.NFO,07/01/2020,09:47:57,11.35,10.2,600,13.05,600,0,36600
MGL30Jan201020PE.NFO,07/01/2020,09:47:59,11.35,10.35,600,13.05,600,0,36600
MGL30Jan201020PE.NFO,07/01/2020,09:48:00,11.35,10.4,1200,13.15,600,0,36600
MGL30Jan201020PE.NFO,07/01/2020,09:48:01,11.35,10.4,1200,13.2,600,0,36600
MGL30Jan201020PE.NFO,07/01/2020,09:48:03,11.35,10.4,1200,13.25,1200,0,36600
MGL30Jan201020PE.NFO,07/01/2020,09:48:04,11.35,10.4,1200,13,600,0,36600
MGL30Jan201020PE.NFO,07/01/2020,09:48:05,11.35,10.45,600,12.95,600,0,36600
MGL30Jan201020PE.NFO,07/01/2020,09:48:06,11.35,10.05,600,13.15,600,0,36600
MGL30Jan201020PE.NFO,07/01/2020,09:48:08,11.35,10.25,600,13,600,0,36600
MGL30Jan201020PE.NFO,07/01/2020,09:48:09,11.35,10.4,600,13.4,600,0,36600
MGL30Jan201020PE.NFO,07/01/2020,09:48:10,11.35,9.85,600,13.3,1200,0,36600
MGL30Jan201020PE.NFO,07/01/2020,09:48:11,11.35,9.95,600,13,600,0,36600
MGL30Jan201020PE.NFO,07/01/2020,09:48:11,11.35,10.05,600,12.95,600,0,36600
MGL30Jan201020PE.NFO,07/01/2020,09:48:13,11.35,10.15,600,12.8,600,0,36600
MGL30Jan201020PE.NFO,07/01/2020,09:48:16,11.35,10.3,600,12.6,600,0,36600
MGL30Jan201020PE.NFO,07/01/2020,09:48:17,11.35,9.85,1200,12.5,600,0,36600
MGL30Jan201020PE.NFO,07/01/2020,09:48:20,11.35,10.2,600,12.2,600,0,36600
MGL30Jan201020PE.NFO,07/01/2020,09:48:22,11.35,9.75,1200,12.15,1200,0,36600
MGL30Jan201020PE.NFO,07/01/2020,09:48:23,11.35,9.75,1200,12.1,600,0,36600
MGL30Jan201020PE.NFO,07/01/2020,09:48:24,11.35,9.95,600,12.5,600,0,36600
MGL30Jan201020PE.NFO,07/01/2020,09:48:26,11.35,9.65,1200,12.25,1200,0,36600
MGL30Jan201020PE.NFO,07/01/2020,09:48:28,11.35,9.75,1200,12.25,1200,0,36600
MGL30Jan201020PE.NFO,07/01/2020,09:48:28,11.35,9.85,1200,12.25,1200,0,36600
MGL30Jan201020PE.NFO,07/01/2020,09:48:30,11.35,10,600,12.25,1200,0,36600
MGL30Jan201020PE.NFO,07/01/2020,09:48:31,11.35,9.7,600,12.25,1200,0,36600
MGL30Jan201020PE.NFO,07/01/2020,09:48:33,11.35,9.9,600,12.25,1200,0,36600
MGL30Jan201020PE.NFO,07/01/2020,09:48:34,11.35,10,600,12.25,1200,0,36600
MGL30Jan201020PE.NFO,07/01/2020,09:48:35,11.35,10.05,600,12.25,1200,0,36600
MGL30Jan201020PE.NFO,07/01/2020,09:48:36,11.35,9.7,600,12.2,600,0,36600
MGL30Jan201020PE.NFO,07/01/2020,09:48:38,11.35,9.9,600,12.55,600,0,36600
MGL30Jan201020PE.NFO,07/01/2020,09:48:42,11.35,9.7,1200,12.65,600,0,36600
MGL30Jan201020PE.NFO,07/01/2020,09:48:47,11.35,9.7,1200,12.3,1200,0,36600
MGL30Jan201020PE.NFO,07/01/2020,09:48:48,11.35,9.9,1200,12.3,1200,0,36600
MGL30Jan201020PE.NFO,07/01/2020,09:48:49,11.35,9.9,1200,12.25,600,0,36600
MGL30Jan201020PE.NFO,07/01/2020,09:48:50,11.35,10.05,600,12.2,600,0,36600
MGL30Jan201020PE.NFO,07/01/2020,09:48:51,11.35,9.7,1200,12.65,600,0,36600
MGL30Jan201020PE.NFO,07/01/2020,09:48:54,11.35,10.05,600,12.25,600,0,36600
MGL30Jan201020PE.NFO,07/01/2020,09:48:55,11.35,9.7,1200,12.2,600,0,36600
MGL30Jan201020PE.NFO,07/01/2020,09:48:56,11.35,9.8,1200,12.75,600,0,36600
MGL30Jan201020PE.NFO,07/01/2020,09:48:58,11.35,10,1200,12.6,600,0,36600
MGL30Jan201020PE.NFO,07/01/2020,09:49:00,11.35,10.2,600,12.4,600,0,36600
MGL30Jan201020PE.NFO,07/01/2020,09:49:01,11.35,9.8,1200,12.3,600,0,36600
MGL30Jan201020PE.NFO,07/01/2020,09:49:02,11.35,9.9,1200,12.8,600,0,36600
MGL30Jan201020PE.NFO,07/01/2020,09:49:06,11.35,10.25,600,12.4,600,0,36600
MGL30Jan201020PE.NFO,07/01/2020,09:49:07,11.35,9.9,1200,12.3,600,0,36600
MGL30Jan201020PE.NFO,07/01/2020,09:49:08,11.35,9.9,1200,12.35,600,0,36600
MGL30Jan201020PE.NFO,07/01/2020,09:49:09,11.35,10.1,600,12.85,600,0,36600
MGL30Jan201020PE.NFO,07/01/2020,09:49:10,11.35,10.1,600,12.8,600,0,36600
MGL30Jan201020PE.NFO,07/01/2020,09:49:11,11.35,10.25,600,12.6,600,0,36600
MGL30Jan201020PE.NFO,07/01/2020,09:49:16,11.35,9.7,1200,12.7,600,0,36600
MGL30Jan201020PE.NFO,07/01/2020,09:49:27,11.35,10.25,600,12.95,1200,0,36600
MGL30Jan201020PE.NFO,07/01/2020,09:49:33,11.35,10,1200,12.35,600,0,36600
MGL30Jan201020PE.NFO,07/01/2020,09:49:38,11.35,10.05,600,12.8,600,0,36600
MGL30Jan201020PE.NFO,07/01/2020,09:49:43,11.35,9.9,600,13.2,600,0,36600
MGL30Jan201020PE.NFO,07/01/2020,09:49:49,11.35,10.1,600,13.1,600,0,36600
MGL30Jan201020PE.NFO,07/01/2020,09:49:53,11.35,9.95,2400,12.7,600,0,36600
MGL30Jan201020PE.NFO,07/01/2020,09:49:58,11.35,10.35,600,13.1,600,0,36600
MGL30Jan201020PE.NFO,07/01/2020,09:50:03,11.35,10.35,600,13.55,600,0,36600
MGL30Jan201020PE.NFO,07/01/2020,09:50:08,11.35,10.4,600,13.15,600,0,36600
MGL30Jan201020PE.NFO,07/01/2020,09:50:14,11.35,10.2,600,13.3,600,0,36600
MGL30Jan201020PE.NFO,07/01/2020,09:50:19,11.35,10.25,600,13.4,600,0,36600
MGL30Jan201020PE.NFO,07/01/2020,09:50:24,11.35,10.35,600,13.7,600,0,36600
MGL30Jan201020PE.NFO,07/01/2020,09:50:29,11.35,10.55,600,13.5,1200,0,36600
MGL30Jan201020PE.NFO,07/01/2020,09:50:33,11.35,10.65,600,13.4,600,0,36600
MGL30Jan201020PE.NFO,07/01/2020,09:50:38,11.35,10.2,600,13.6,1200,0,36600
MGL30Jan201020PE.NFO,07/01/2020,09:50:44,11.35,10.35,600,13.45,600,0,36600
MGL30Jan201020PE.NFO,07/01/2020,09:50:55,11.35,10.55,600,13,600,0,36600
MGL30Jan201020PE.NFO,07/01/2020,09:50:59,11.35,10.55,600,13.3,600,0,36600
MGL30Jan201020PE.NFO,07/01/2020,09:51:04,11.35,10.85,600,13.5,1200,0,36600
MGL30Jan201020PE.NFO,07/01/2020,09:51:09,11.35,10.95,600,13.4,600,0,36600
MGL30Jan201020PE.NFO,07/01/2020,09:51:12,11.35,10.85,600,13.4,600,0,36600
MGL30Jan201020PE.NFO,07/01/2020,09:51:14,11.35,10.95,600,13.4,600,0,36600
MGL30Jan201020PE.NFO,07/01/2020,09:51:15,11.35,10.85,600,13.4,600,0,36600
MGL30Jan201020PE.NFO,07/01/2020,09:51:17,11.35,11.05,600,13.4,600,0,36600
MGL30Jan201020PE.NFO,07/01/2020,09:51:18,11.35,11.15,600,13.4,600,0,36600
MGL30Jan201020PE.NFO,07/01/2020,09:51:19,11.35,11.2,600,13.4,600,0,36600
MGL30Jan201020PE.NFO,07/01/2020,09:51:20,11.35,10.75,600,13.4,600,0,36600
MGL30Jan201020PE.NFO,07/01/2020,09:51:21,11.35,10.85,600,13.4,600,0,36600
MGL30Jan201020PE.NFO,07/01/2020,09:51:23,11.35,11.05,600,13.4,600,0,36600
MGL30Jan201020PE.NFO,07/01/2020,09:51:25,11.35,11.2,600,13.4,600,0,36600
MGL30Jan201020PE.NFO,07/01/2020,09:51:27,11.35,10.85,600,13.4,600,0,36600
MGL30Jan201020PE.NFO,07/01/2020,09:51:28,11.35,10.95,600,13.4,600,0,36600
MGL30Jan201020PE.NFO,07/01/2020,09:51:28,11.35,10.95,600,13.65,600,0,36600
MGL30Jan201020PE.NFO,07/01/2020,09:51:29,11.35,10.95,600,13.35,1200,0,36600
MGL30Jan201020PE.NFO,07/01/2020,09:51:30,11.35,11.1,600,13.35,600,0,36600
MGL30Jan201020PE.NFO,07/01/2020,09:51:31,11.35,10.7,600,13.35,600,0,36600
MGL30Jan201020PE.NFO,07/01/2020,09:51:32,11.35,10.9,600,13.35,600,0,36600
MGL30Jan201020PE.NFO,07/01/2020,09:51:33,11.35,11,600,13.35,600,0,36600
MGL30Jan201020PE.NFO,07/01/2020,09:51:35,11.35,10.7,600,13.35,1200,0,36600
MGL30Jan201020PE.NFO,07/01/2020,09:51:36,11.35,10.8,600,13.35,1200,0,36600
MGL30Jan201020PE.NFO,07/01/2020,09:51:38,11.35,10.9,600,13.35,600,0,36600
MGL30Jan201020PE.NFO,07/01/2020,09:51:39,11.35,11,600,13.3,600,0,36600
MGL30Jan201020PE.NFO,07/01/2020,09:51:40,11.35,11.15,600,13.35,600,0,36600
MGL30Jan201020PE.NFO,07/01/2020,09:51:41,11.35,10.75,600,13.35,600,0,36600
MGL30Jan201020PE.NFO,07/01/2020,09:51:43,11.35,10.95,600,13.55,1200,0,36600
MGL30Jan201020PE.NFO,07/01/2020,09:51:44,11.35,10.95,600,13.45,600,0,36600
MGL30Jan201020PE.NFO,07/01/2020,09:51:45,11.35,11.15,600,13.9,1200,0,36600
MGL30Jan201020PE.NFO,07/01/2020,09:51:45,11.35,11.2,600,13.3,600,0,36600
MGL30Jan201020PE.NFO,07/01/2020,09:51:46,11.35,11.3,600,13.3,600,0,36600
MGL30Jan201020PE.NFO,07/01/2020,09:51:47,11.35,10.6,600,13.3,600,0,36600
MGL30Jan201020PE.NFO,07/01/2020,09:51:49,11.35,10.7,600,13.25,600,0,36600
MGL30Jan201020PE.NFO,07/01/2020,09:51:50,11.35,10.8,600,13.2,600,0,36600
MGL30Jan201020PE.NFO,07/01/2020,09:51:51,11.35,10.9,600,13.5,1200,0,36600
MGL30Jan201020PE.NFO,07/01/2020,09:51:51,11.35,10.9,600,13.3,600,0,36600
MGL30Jan201020PE.NFO,07/01/2020,09:51:53,11.35,11,600,13.25,600,0,36600
MGL30Jan201020PE.NFO,07/01/2020,09:51:54,11.35,11,1200,13.35,600,0,36600
MGL30Jan201020PE.NFO,07/01/2020,09:51:55,11.35,11,1200,13.4,600,0,36600
MGL30Jan201020PE.NFO,07/01/2020,09:51:56,11.35,11.05,600,13.8,1200,0,36600
MGL30Jan201020PE.NFO,07/01/2020,09:51:57,11.35,11.05,600,13.25,600,0,36600
MGL30Jan201020PE.NFO,07/01/2020,09:51:58,11.35,10.75,600,13.2,600,0,36600
MGL30Jan201020PE.NFO,07/01/2020,09:51:58,11.35,10.75,600,13.1,600,0,36600
MGL30Jan201020PE.NFO,07/01/2020,09:51:59,11.35,10.9,600,13.25,600,0,36600
MGL30Jan201020PE.NFO,07/01/2020,09:52:01,11.35,11,600,13.65,600,0,36600
MGL30Jan201020PE.NFO,07/01/2020,09:52:02,11.35,11.05,1200,13.85,600,0,36600
MGL30Jan201020PE.NFO,07/01/2020,09:52:03,11.35,11.05,1200,13.4,600,0,36600
MGL30Jan201020PE.NFO,07/01/2020,09:52:04,11.35,11.05,1200,13.95,1200,0,36600
MGL30Jan201020PE.NFO,07/01/2020,09:52:05,11.35,10.7,600,13.35,600,0,36600
MGL30Jan201020PE.NFO,07/01/2020,09:52:06,11.35,10.7,600,13.25,600,0,36600
MGL30Jan201020PE.NFO,07/01/2020,09:52:07,11.35,10.9,600,13.3,600,0,36600
MGL30Jan201020PE.NFO,07/01/2020,09:52:08,11.35,10.9,600,13.25,600,0,36600
MGL30Jan201020PE.NFO,07/01/2020,09:52:09,11.35,11,600,13.5,1200,0,36600
MGL30Jan201020PE.NFO,07/01/2020,09:52:10,11.35,11.05,600,13.35,600,0,36600
MGL30Jan201020PE.NFO,07/01/2020,09:52:10,11.35,10.5,600,13.25,600,0,36600
MGL30Jan201020PE.NFO,07/01/2020,09:52:11,11.35,10.6,600,13,600,0,36600
MGL30Jan201020PE.NFO,07/01/2020,09:52:12,11.35,10.7,600,12.95,600,0,36600
MGL30Jan201020PE.NFO,07/01/2020,09:52:13,11.35,10.8,600,13,600,0,36600
MGL30Jan201020PE.NFO,07/01/2020,09:52:14,11.35,10.9,600,13.1,600,0,36600
MGL30Jan201020PE.NFO,07/01/2020,09:52:15,11.35,11,600,13.25,600,0,36600
MGL30Jan201020PE.NFO,07/01/2020,09:52:16,11.35,11.05,600,13.3,600,0,36600
MGL30Jan201020PE.NFO,07/01/2020,09:52:18,11.35,10.45,600,13.3,600,0,36600
MGL30Jan201020PE.NFO,07/01/2020,09:52:19,11.35,10.55,600,13,600,0,36600
MGL30Jan201020PE.NFO,07/01/2020,09:52:20,11.35,10.65,600,13.15,600,0,36600
MGL30Jan201020PE.NFO,07/01/2020,09:52:21,11.35,10.75,600,13.45,600,0,36600
MGL30Jan201020PE.NFO,07/01/2020,09:52:22,11.35,10.85,600,13.45,600,0,36600
MGL30Jan201020PE.NFO,07/01/2020,09:52:23,11.35,11,600,13.1,600,0,36600
MGL30Jan201020PE.NFO,07/01/2020,09:52:24,11.35,11.1,600,12.95,600,0,36600
MGL30Jan201020PE.NFO,07/01/2020,09:52:25,11.35,10.5,600,13.15,600,0,36600
MGL30Jan201020PE.NFO,07/01/2020,09:52:26,11.35,10.6,600,13.6,1200,0,36600
MGL30Jan201020PE.NFO,07/01/2020,09:52:28,11.35,10.8,600,13.6,1200,0,36600
MGL30Jan201020PE.NFO,07/01/2020,09:52:30,11.35,10.9,600,13.25,600,0,36600
MGL30Jan201020PE.NFO,07/01/2020,09:52:31,11.35,10.3,600,13.2,600,0,36600
MGL30Jan201020PE.NFO,07/01/2020,09:52:32,11.35,10.45,600,13.25,600,0,36600
MGL30Jan201020PE.NFO,07/01/2020,09:52:32,11.35,10.65,600,13.25,600,0,36600
MGL30Jan201020PE.NFO,07/01/2020,09:52:34,11.35,10.75,600,13.3,600,0,36600
MGL30Jan201020PE.NFO,07/01/2020,09:52:35,11.35,10.85,600,13.25,600,0,36600
MGL30Jan201020PE.NFO,07/01/2020,09:52:35,11.35,10.95,600,13.7,1200,0,36600
MGL30Jan201020PE.NFO,07/01/2020,09:52:36,11.35,11.05,600,13.55,1200,0,36600
MGL30Jan201020PE.NFO,07/01/2020,09:52:37,11.35,11.05,600,13.45,1200,0,36600
MGL30Jan201020PE.NFO,07/01/2020,09:52:39,11.35,10.65,600,12.95,600,0,36600
MGL30Jan201020PE.NFO,07/01/2020,09:52:40,11.35,10.75,600,13.75,1200,0,36600
MGL30Jan201020PE.NFO,07/01/2020,09:52:42,11.35,10.95,600,13.3,1200,0,36600
MGL30Jan201020PE.NFO,07/01/2020,09:52:43,11.35,11.05,600,13.35,600,0,36600
MGL30Jan201020PE.NFO,07/01/2020,09:52:44,11.35,10.5,600,13.55,1200,0,36600
MGL30Jan201020PE.NFO,07/01/2020,09:52:44,11.35,10.5,600,13.45,1200,0,36600
MGL30Jan201020PE.NFO,07/01/2020,09:52:45,11.35,10.6,600,13.05,600,0,36600
MGL30Jan201020PE.NFO,07/01/2020,09:52:46,11.35,10.7,600,13.25,600,0,36600
MGL30Jan201020PE.NFO,07/01/2020,09:52:48,11.35,10.9,600,13.15,600,0,36600
MGL30Jan201020PE.NFO,07/01/2020,09:52:50,11.35,10.95,600,13.55,600,0,36600
MGL30Jan201020PE.NFO,07/01/2020,09:52:51,11.35,11.05,600,13.8,600,0,36600
MGL30Jan201020PE.NFO,07/01/2020,09:52:52,11.35,10.65,600,13.3,600,0,36600
MGL30Jan201020PE.NFO,07/01/2020,09:52:54,11.35,10.85,600,13.6,600,0,36600
MGL30Jan201020PE.NFO,07/01/2020,09:52:54,11.35,10.95,600,13.45,600,0,36600
MGL30Jan201020PE.NFO,07/01/2020,09:52:56,11.35,10.95,1200,13.75,600,0,36600
MGL30Jan201020PE.NFO,07/01/2020,09:52:57,11.35,10.95,1200,13.5,600,0,36600
MGL30Jan201020PE.NFO,07/01/2020,09:52:58,11.35,10.95,1200,13.25,600,0,36600
MGL30Jan201020PE.NFO,07/01/2020,09:52:59,11.35,11.05,600,13.3,600,0,36600
MGL30Jan201020PE.NFO,07/01/2020,09:53:00,11.35,10.6,600,13.55,600,0,36600
MGL30Jan201020PE.NFO,07/01/2020,09:53:02,11.35,10.7,600,13.7,1200,0,36600
MGL30Jan201020PE.NFO,07/01/2020,09:53:03,11.35,10.8,600,13.9,1200,0,36600
MGL30Jan201020PE.NFO,07/01/2020,09:53:03,11.35,10.8,600,13.8,1200,0,36600
MGL30Jan201020PE.NFO,07/01/2020,09:53:04,11.35,10.9,600,13.1,600,0,36600
MGL30Jan201020PE.NFO,07/01/2020,09:53:05,11.35,10.95,600,13.4,600,0,36600
MGL30Jan201020PE.NFO,07/01/2020,09:53:07,11.35,11.05,600,13.25,600,0,36600
MGL30Jan201020PE.NFO,07/01/2020,09:53:08,11.35,10.6,600,13.75,1200,0,36600
MGL30Jan201020PE.NFO,07/01/2020,09:53:09,11.35,10.7,600,13.2,600,0,36600
MGL30Jan201020PE.NFO,07/01/2020,09:53:10,11.35,10.8,600,13.35,600,0,36600
MGL30Jan201020PE.NFO,07/01/2020,09:53:11,11.35,10.95,600,13.25,600,0,36600
MGL30Jan201020PE.NFO,07/01/2020,09:53:12,11.35,10.95,600,13.3,600,0,36600
MGL30Jan201020PE.NFO,07/01/2020,09:53:13,11.35,11,1200,13.25,600,0,36600
MGL30Jan201020PE.NFO,07/01/2020,09:53:14,11.35,11,1200,13.3,600,0,36600
MGL30Jan201020PE.NFO,07/01/2020,09:53:15,11.35,11.05,600,13.5,600,0,36600
MGL30Jan201020PE.NFO,07/01/2020,09:53:16,11.35,10.7,600,13.5,600,0,36600
MGL30Jan201020PE.NFO,07/01/2020,09:53:17,11.35,10.8,600,13.3,600,0,36600
MGL30Jan201020PE.NFO,07/01/2020,09:53:17,11.35,10.9,600,13.3,1200,0,36600
MGL30Jan201020PE.NFO,07/01/2020,09:53:18,11.35,11,600,13.9,1200,0,36600
MGL30Jan201020PE.NFO,07/01/2020,09:53:20,11.35,11,600,13.8,600,0,36600
MGL30Jan201020PE.NFO,07/01/2020,09:53:21,11.35,11.2,600,13.5,600,0,36600
MGL30Jan201020PE.NFO,07/01/2020,09:53:22,11.35,11.2,600,13.9,600,0,36600
MGL30Jan201020PE.NFO,07/01/2020,09:53:23,11.35,11.2,600,13.55,600,0,36600
MGL30Jan201020PE.NFO,07/01/2020,09:53:24,11.35,10.75,600,13.2,600,0,36600
MGL30Jan201020PE.NFO,07/01/2020,09:53:25,11.35,10.95,600,13.25,600,0,36600
MGL30Jan201020PE.NFO,07/01/2020,09:53:26,11.35,11.05,600,13.45,600,0,36600
MGL30Jan201020PE.NFO,07/01/2020,09:53:27,11.35,11.1,600,13.6,600,0,36600
MGL30Jan201020PE.NFO,07/01/2020,09:53:28,11.35,11.1,600,13.55,600,0,36600
MGL30Jan201020PE.NFO,07/01/2020,09:53:29,11.35,10.75,600,13.55,600,0,36600
MGL30Jan201020PE.NFO,07/01/2020,09:53:30,11.35,10.85,600,13.65,600,0,36600
MGL30Jan201020PE.NFO,07/01/2020,09:53:31,11.35,10.95,600,13.85,600,0,36600
MGL30Jan201020PE.NFO,07/01/2020,09:53:31,11.35,10.95,600,13.75,600,0,36600
MGL30Jan201020PE.NFO,07/01/2020,09:53:32,11.35,11.15,600,13.7,600,0,36600
MGL30Jan201020PE.NFO,07/01/2020,09:53:33,11.35,11.25,600,13.3,600,0,36600
MGL30Jan201020PE.NFO,07/01/2020,09:53:34,11.35,11.3,600,13.6,600,0,36600
MGL30Jan201020PE.NFO,07/01/2020,09:53:35,11.35,10.8,600,13.85,1200,0,36600
MGL30Jan201020PE.NFO,07/01/2020,09:53:36,11.35,10.9,600,13.95,1200,0,36600
MGL30Jan201020PE.NFO,07/01/2020,09:53:37,11.35,11,600,13.6,600,0,36600
MGL30Jan201020PE.NFO,07/01/2020,09:53:38,11.35,11.2,600,13.3,600,0,36600
MGL30Jan201020PE.NFO,07/01/2020,09:53:39,11.35,11.2,600,13.55,600,0,36600
MGL30Jan201020PE.NFO,07/01/2020,09:53:40,11.35,11.2,1200,14.1,600,0,36600
MGL30Jan201020PE.NFO,07/01/2020,09:53:41,11.35,11.2,1200,13.3,600,0,36600
MGL30Jan201020PE.NFO,07/01/2020,09:53:42,11.35,11.25,600,13.35,600,0,36600
MGL30Jan201020PE.NFO,07/01/2020,09:53:43,11.35,10.85,600,13.3,600,0,36600
MGL30Jan201020PE.NFO,07/01/2020,09:53:44,11.35,10.85,600,13.9,600,0,36600
MGL30Jan201020PE.NFO,07/01/2020,09:53:46,11.35,11.05,1200,13.25,600,0,36600
MGL30Jan201020PE.NFO,07/01/2020,09:53:50,11.35,11.1,600,13.55,600,0,36600
MGL30Jan201020PE.NFO,07/01/2020,09:53:51,11.35,11.15,600,13.3,600,0,36600
MGL30Jan201020PE.NFO,07/01/2020,09:53:52,11.35,11.2,600,13.2,600,0,36600
MGL30Jan201020PE.NFO,07/01/2020,09:53:54,11.35,11.3,600,13.65,600,0,36600
MGL30Jan201020PE.NFO,07/01/2020,09:53:55,11.35,11.3,600,13.4,600,0,36600
MGL30Jan201020PE.NFO,07/01/2020,09:53:57,11.35,11.4,600,13.25,600,0,36600
MGL30Jan201020PE.NFO,07/01/2020,09:53:58,11.35,11.5,600,13.75,1200,0,36600
MGL30Jan201020PE.NFO,07/01/2020,09:53:59,11.35,11.5,600,13.3,600,0,36600
MGL30Jan201020PE.NFO,07/01/2020,09:53:59,11.35,11.6,600,13.3,600,0,36600
MGL30Jan201020PE.NFO,07/01/2020,09:54:00,11.35,11.65,600,13.35,600,0,36600
MGL30Jan201020PE.NFO,07/01/2020,09:54:01,11.35,11.7,600,13.55,600,0,36600
MGL30Jan201020PE.NFO,07/01/2020,09:54:02,11.35,11.75,600,13.65,600,0,36600
MGL30Jan201020PE.NFO,07/01/2020,09:54:04,11.35,11.85,600,13.6,600,0,36600
MGL30Jan201020PE.NFO,07/01/2020,09:54:04,11.35,11.9,600,13.5,600,0,36600
MGL30Jan201020PE.NFO,07/01/2020,09:54:05,11.35,11.9,600,13.4,600,0,36600
MGL30Jan201020PE.NFO,07/01/2020,09:54:06,11.35,11.95,600,13.25,600,0,36600
MGL30Jan201020PE.NFO,07/01/2020,09:54:08,11.35,12,600,13.4,600,0,36600
MGL30Jan201020PE.NFO,07/01/2020,09:54:09,11.35,12,1200,13.5,600,0,36600
MGL30Jan201020PE.NFO,07/01/2020,09:54:10,11.35,12,1200,14.15,1200,0,36600
MGL30Jan201020PE.NFO,07/01/2020,09:54:11,11.35,12,1200,14,600,0,36600
MGL30Jan201020PE.NFO,07/01/2020,09:54:12,11.35,12,1200,13.9,600,0,36600
MGL30Jan201020PE.NFO,07/01/2020,09:54:12,11.35,12,1200,13.8,600,0,36600
MGL30Jan201020PE.NFO,07/01/2020,09:54:13,11.35,12,1200,14.2,1200,0,36600
MGL30Jan201020PE.NFO,07/01/2020,09:54:14,11.35,12.05,600,13.3,600,0,36600
MGL30Jan201020PE.NFO,07/01/2020,09:54:17,11.35,12.1,600,13.8,600,0,36600
MGL30Jan201020PE.NFO,07/01/2020,09:54:18,11.35,12.1,600,13.55,600,0,36600
MGL30Jan201020PE.NFO,07/01/2020,09:54:19,11.35,12.1,600,13.45,600,0,36600
MGL30Jan201020PE.NFO,07/01/2020,09:54:21,11.35,12.1,600,13.65,600,0,36600
MGL30Jan201020PE.NFO,07/01/2020,09:54:22,11.35,12.2,600,13.9,600,0,36600
MGL30Jan201020PE.NFO,07/01/2020,09:54:23,11.35,12.2,1200,14.1,600,0,36600
MGL30Jan201020PE.NFO,07/01/2020,09:54:24,11.35,12.25,600,13.8,600,0,36600
MGL30Jan201020PE.NFO,07/01/2020,09:54:25,11.35,12.2,600,13.4,600,0,36600
MGL30Jan201020PE.NFO,07/01/2020,09:54:25,11.35,12.2,600,13.35,600,0,36600
MGL30Jan201020PE.NFO,07/01/2020,09:54:26,11.35,12.2,600,13.45,600,0,36600
MGL30Jan201020PE.NFO,07/01/2020,09:54:27,11.35,12.2,600,13.75,600,0,36600
MGL30Jan201020PE.NFO,07/01/2020,09:54:28,11.35,12.2,600,13.35,600,0,36600
MGL30Jan201020PE.NFO,07/01/2020,09:54:30,11.35,12.2,600,13.65,600,0,36600
MGL30Jan201020PE.NFO,07/01/2020,09:54:31,11.35,12.2,600,13.55,600,0,36600
MGL30Jan201020PE.NFO,07/01/2020,09:54:32,11.35,12.2,600,13.35,600,0,36600
MGL30Jan201020PE.NFO,07/01/2020,09:54:32,11.35,12.2,600,13.3,600,0,36600
MGL30Jan201020PE.NFO,07/01/2020,09:54:33,11.35,12.2,600,13.7,600,0,36600
MGL30Jan201020PE.NFO,07/01/2020,09:54:34,11.35,12.25,600,14.1,600,0,36600
MGL30Jan201020PE.NFO,07/01/2020,09:54:36,11.35,12.05,600,13.85,1200,0,36600
MGL30Jan201020PE.NFO,07/01/2020,09:54:36,11.35,12.05,600,14.35,2400,0,36600
MGL30Jan201020PE.NFO,07/01/2020,09:54:38,11.35,11.9,600,13.65,600,0,36600
MGL30Jan201020PE.NFO,07/01/2020,09:54:39,11.35,11.95,1200,13.45,600,0,36600
MGL30Jan201020PE.NFO,07/01/2020,09:54:41,11.35,12,600,13.65,600,0,36600
MGL30Jan201020PE.NFO,07/01/2020,09:54:42,11.35,12.05,600,13.15,600,0,36600
MGL30Jan201020PE.NFO,07/01/2020,09:54:43,11.35,12.05,600,13.2,600,0,36600
MGL30Jan201020PE.NFO,07/01/2020,09:54:44,11.35,12.05,1200,13.2,600,0,36600
MGL30Jan201020PE.NFO,07/01/2020,09:54:45,11.35,12.05,1200,13.35,600,0,36600
MGL30Jan201020PE.NFO,07/01/2020,09:54:45,11.35,12.05,1200,13.3,600,0,36600
MGL30Jan201020PE.NFO,07/01/2020,09:54:46,11.35,12.05,1200,13.55,600,0,36600
MGL30Jan201020PE.NFO,07/01/2020,09:54:47,11.35,12.05,1200,13.2,600,0,36600
MGL30Jan201020PE.NFO,07/01/2020,09:54:48,11.35,12.05,1200,13.75,600,0,36600
MGL30Jan201020PE.NFO,07/01/2020,09:54:49,11.35,12.05,1200,13.25,600,0,36600
MGL30Jan201020PE.NFO,07/01/2020,09:54:51,11.35,12.05,1200,13.85,600,0,36600
MGL30Jan201020PE.NFO,07/01/2020,09:54:52,11.35,12.05,1200,13.75,600,0,36600
MGL30Jan201020PE.NFO,07/01/2020,09:54:53,11.35,12.05,1200,13.3,600,0,36600
MGL30Jan201020PE.NFO,07/01/2020,09:54:54,11.35,12.05,1200,13.55,600,0,36600
MGL30Jan201020PE.NFO,07/01/2020,09:54:55,11.35,12.05,1200,13.75,600,0,36600
MGL30Jan201020PE.NFO,07/01/2020,09:54:56,11.35,12.05,1200,13.95,600,0,36600
MGL30Jan201020PE.NFO,07/01/2020,09:54:57,11.35,12.05,600,13.3,600,0,36600
MGL30Jan201020PE.NFO,07/01/2020,09:54:58,11.35,11.95,600,13.8,600,0,36600
MGL30Jan201020PE.NFO,07/01/2020,09:54:58,11.35,11.95,600,13.7,600,0,36600
MGL30Jan201020PE.NFO,07/01/2020,09:54:59,11.35,11.95,600,13.65,600,0,36600
MGL30Jan201020PE.NFO,07/01/2020,09:55:00,11.35,11.95,600,13.5,600,0,36600
MGL30Jan201020PE.NFO,07/01/2020,09:55:01,11.35,11.95,600,13.15,600,0,36600
MGL30Jan201020PE.NFO,07/01/2020,09:55:05,11.35,11.95,600,13.1,600,0,36600
MGL30Jan201020PE.NFO,07/01/2020,09:55:06,11.35,11.85,600,13.55,600,0,36600
MGL30Jan201020PE.NFO,07/01/2020,09:55:07,11.35,11.85,600,13.45,600,0,36600
MGL30Jan201020PE.NFO,07/01/2020,09:55:08,11.35,11.85,600,13.6,600,0,36600
MGL30Jan201020PE.NFO,07/01/2020,09:55:09,11.35,11.85,600,13.55,600,0,36600
MGL30Jan201020PE.NFO,07/01/2020,09:55:09,11.35,11.85,600,13.7,600,0,36600
MGL30Jan201020PE.NFO,07/01/2020,09:55:10,11.35,11.85,600,13.35,600,0,36600
MGL30Jan201020PE.NFO,07/01/2020,09:55:12,11.35,11.85,600,13.3,600,0,36600
MGL30Jan201020PE.NFO,07/01/2020,09:55:13,11.35,11.5,600,13.3,600,0,36600
MGL30Jan201020PE.NFO,07/01/2020,09:55:14,11.35,11.9,600,13.7,600,0,36600
MGL30Jan201020PE.NFO,07/01/2020,09:55:15,11.35,11.85,600,13.25,600,0,36600
MGL30Jan201020PE.NFO,07/01/2020,09:55:16,11.35,11.9,600,13.3,600,0,36600
MGL30Jan201020PE.NFO,07/01/2020,09:55:17,11.35,11.85,600,13.3,600,0,36600
MGL30Jan201020PE.NFO,07/01/2020,09:55:17,11.35,11.9,600,13.95,600,0,36600
MGL30Jan201020PE.NFO,07/01/2020,09:55:18,11.35,11.85,600,13.3,600,0,36600
MGL30Jan201020PE.NFO,07/01/2020,09:55:20,11.35,11.95,600,13.55,600,0,36600
MGL30Jan201020PE.NFO,07/01/2020,09:55:21,11.35,11.9,600,13.75,600,0,36600
MGL30Jan201020PE.NFO,07/01/2020,09:55:21,11.35,11.95,600,13.75,600,0,36600
MGL30Jan201020PE.NFO,07/01/2020,09:55:23,11.35,11.95,600,13.4,600,0,36600
MGL30Jan201020PE.NFO,07/01/2020,09:55:25,11.35,11.95,600,13.35,600,0,36600
MGL30Jan201020PE.NFO,07/01/2020,09:55:26,11.35,11.95,600,13.7,600,0,36600
MGL30Jan201020PE.NFO,07/01/2020,09:55:27,11.35,11.95,600,13.6,600,0,36600
MGL30Jan201020PE.NFO,07/01/2020,09:55:28,11.35,11.95,600,13.4,600,0,36600
MGL30Jan201020PE.NFO,07/01/2020,09:55:29,11.35,11.95,600,13.45,600,0,36600
MGL30Jan201020PE.NFO,07/01/2020,09:55:30,11.35,11.95,600,13.65,600,0,36600
MGL30Jan201020PE.NFO,07/01/2020,09:55:31,11.35,11.95,600,13.4,600,0,36600
MGL30Jan201020PE.NFO,07/01/2020,09:55:31,11.35,11.95,600,13.75,600,0,36600
MGL30Jan201020PE.NFO,07/01/2020,09:55:32,11.35,11.95,600,13.9,600,0,36600
MGL30Jan201020PE.NFO,07/01/2020,09:55:34,11.35,11.95,600,13.7,1200,0,36600
MGL30Jan201020PE.NFO,07/01/2020,09:55:35,11.35,11.95,600,13.25,600,0,36600
MGL30Jan201020PE.NFO,07/01/2020,09:55:41,11.35,11.95,600,13.2,600,0,36600
MGL30Jan201020PE.NFO,07/01/2020,09:55:41,11.35,11.95,600,13.55,600,0,36600
MGL30Jan201020PE.NFO,07/01/2020,09:55:42,11.35,11.55,600,13.35,600,0,36600
MGL30Jan201020PE.NFO,07/01/2020,09:55:43,11.35,11.6,1200,13.6,600,0,36600
MGL30Jan201020PE.NFO,07/01/2020,09:55:44,11.35,11.45,600,13.6,1200,0,36600
MGL30Jan201020PE.NFO,07/01/2020,09:55:45,11.35,11.55,600,13.45,600,0,36600
MGL30Jan201020PE.NFO,07/01/2020,09:55:46,11.35,11.6,1200,13.25,600,0,36600
MGL30Jan201020PE.NFO,07/01/2020,09:55:48,11.35,11.7,600,13.85,1200,0,36600
MGL30Jan201020PE.NFO,07/01/2020,09:55:49,11.35,11.75,600,13.3,600,0,36600
MGL30Jan201020PE.NFO,07/01/2020,09:55:51,11.35,11.85,600,13.55,1200,0,36600
MGL30Jan201020PE.NFO,07/01/2020,09:55:51,11.35,11.85,600,13.3,600,0,36600
MGL30Jan201020PE.NFO,07/01/2020,09:55:52,11.35,11.9,600,13.75,600,0,36600
MGL30Jan201020PE.NFO,07/01/2020,09:55:54,11.35,11.5,600,13.2,600,0,36600
MGL30Jan201020PE.NFO,07/01/2020,09:55:55,11.35,11.9,600,13.35,600,0,36600
MGL30Jan201020PE.NFO,07/01/2020,09:55:56,11.35,11.9,600,13.4,600,0,36600
MGL30Jan201020PE.NFO,07/01/2020,09:55:57,11.35,11.9,600,13.45,600,0,36600
MGL30Jan201020PE.NFO,07/01/2020,09:55:58,11.35,11.9,600,13.55,600,0,36600
MGL30Jan201020PE.NFO,07/01/2020,09:55:59,11.35,11.9,600,13.85,1200,0,36600
MGL30Jan201020PE.NFO,07/01/2020,09:55:59,11.35,11.75,600,13.55,1200,0,36600
MGL30Jan201020PE.NFO,07/01/2020,09:56:00,11.35,11.8,600,13.25,600,0,36600
MGL30Jan201020PE.NFO,07/01/2020,09:56:02,11.35,11.9,600,13.75,600,0,36600
MGL30Jan201020PE.NFO,07/01/2020,09:56:03,11.35,11.9,600,13.25,600,0,36600
MGL30Jan201020PE.NFO,07/01/2020,09:56:04,11.35,11.9,600,13.65,600,0,36600
MGL30Jan201020PE.NFO,07/01/2020,09:56:05,11.35,11.9,600,13.35,600,0,36600
MGL30Jan201020PE.NFO,07/01/2020,09:56:07,11.35,11.5,600,13.25,600,0,36600
MGL30Jan201020PE.NFO,07/01/2020,09:56:08,11.35,11.9,600,13.2,600,0,36600
MGL30Jan201020PE.NFO,07/01/2020,09:56:09,11.35,11.9,600,13.25,600,0,36600
MGL30Jan201020PE.NFO,07/01/2020,09:56:10,11.35,11.5,600,13.3,600,0,36600
MGL30Jan201020PE.NFO,07/01/2020,09:56:11,11.35,11.6,600,13.3,600,0,36600
MGL30Jan201020PE.NFO,07/01/2020,09:56:12,11.35,11.65,600,13.55,1200,0,36600
MGL30Jan201020PE.NFO,07/01/2020,09:56:13,11.35,11.7,600,13.65,1200,0,36600
MGL30Jan201020PE.NFO,07/01/2020,09:56:14,11.35,11.75,600,13.4,600,0,36600
MGL30Jan201020PE.NFO,07/01/2020,09:56:14,11.35,11.85,1200,13.4,600,0,36600
MGL30Jan201020PE.NFO,07/01/2020,09:56:15,11.35,11.9,600,13.3,600,0,36600
MGL30Jan201020PE.NFO,07/01/2020,09:56:16,11.35,11.95,600,13.2,600,0,36600
MGL30Jan201020PE.NFO,07/01/2020,09:56:19,11.35,12.05,600,13.15,1200,0,36600
MGL30Jan201020PE.NFO,07/01/2020,09:56:20,11.35,12.05,1200,13.1,600,0,36600
MGL30Jan201020PE.NFO,07/01/2020,09:56:21,11.35,11.7,600,13.5,600,0,36600
MGL30Jan201020PE.NFO,07/01/2020,09:56:22,11.35,11.75,600,13.35,600,0,36600
MGL30Jan201020PE.NFO,07/01/2020,09:56:23,11.35,11.8,600,13.25,600,0,36600
MGL30Jan201020PE.NFO,07/01/2020,09:56:24,11.35,11.85,600,13.15,600,0,36600
MGL30Jan201020PE.NFO,07/01/2020,09:56:24,11.35,11.9,600,13.05,600,0,36600
MGL30Jan201020PE.NFO,07/01/2020,09:56:26,11.35,11.9,600,12.95,600,0,36600
MGL30Jan201020PE.NFO,07/01/2020,09:56:28,11.35,11.9,600,12.9,600,0,36600
MGL30Jan201020PE.NFO,07/01/2020,09:56:29,11.35,11.95,600,13.35,1200,0,36600
MGL30Jan201020PE.NFO,07/01/2020,09:56:30,11.35,11.95,600,13.25,600,0,36600
MGL30Jan201020PE.NFO,07/01/2020,09:56:30,11.35,11.95,600,13.15,600,0,36600
MGL30Jan201020PE.NFO,07/01/2020,09:56:32,11.35,11.95,600,13.05,600,0,36600
MGL30Jan201020PE.NFO,07/01/2020,09:56:33,11.35,11.95,600,12.9,600,0,36600
MGL30Jan201020PE.NFO,07/01/2020,09:56:34,11.35,11.95,600,13.45,1200,0,36600
MGL30Jan201020PE.NFO,07/01/2020,09:56:35,11.35,11.95,600,13.2,600,0,36600
MGL30Jan201020PE.NFO,07/01/2020,09:56:36,11.35,11.95,600,13.1,600,0,36600
MGL30Jan201020PE.NFO,07/01/2020,09:56:37,11.35,11.95,600,13.05,600,0,36600
MGL30Jan201020PE.NFO,07/01/2020,09:56:38,11.35,11.95,600,12.95,1200,0,36600
MGL30Jan201020PE.NFO,07/01/2020,09:56:59,11.35,11.9,600,12.95,1200,0,36600
MGL30Jan201020PE.NFO,07/01/2020,09:56:59,11.35,11.6,600,12.95,1200,0,36600
MGL30Jan201020PE.NFO,07/01/2020,09:57:00,11.35,11.5,600,12.95,1200,0,36600
MGL30Jan201020PE.NFO,07/01/2020,09:57:02,11.35,11.4,600,12.95,1200,0,36600
MGL30Jan201020PE.NFO,07/01/2020,09:57:03,11.35,11.45,600,12.95,1200,0,36600
MGL30Jan201020PE.NFO,07/01/2020,09:57:04,11.35,11.25,600,12.95,1200,0,36600
MGL30Jan201020PE.NFO,07/01/2020,09:57:05,11.35,11.35,600,12.95,1200,0,36600
MGL30Jan201020PE.NFO,07/01/2020,09:57:06,11.35,11.4,600,12.95,1200,0,36600
MGL30Jan201020PE.NFO,07/01/2020,09:57:07,11.35,11,600,12.95,1200,0,36600
MGL30Jan201020PE.NFO,07/01/2020,09:57:08,11.35,11.1,600,12.95,1200,0,36600
MGL30Jan201020PE.NFO,07/01/2020,09:57:09,11.35,11.2,600,12.95,1200,0,36600
MGL30Jan201020PE.NFO,07/01/2020,09:57:10,11.35,11.3,600,12.95,1200,0,36600
MGL30Jan201020PE.NFO,07/01/2020,09:57:11,11.35,11.35,600,12.95,1200,0,36600
MGL30Jan201020PE.NFO,07/01/2020,09:57:14,11.35,11.1,600,12.95,1200,0,36600
MGL30Jan201020PE.NFO,07/01/2020,09:57:18,11.35,11.45,600,13,600,0,36600
MGL30Jan201020PE.NFO,07/01/2020,09:57:27,11.35,10.85,600,13.55,600,0,36600
MGL30Jan201020PE.NFO,07/01/2020,09:57:31,11.35,11.25,600,12.95,600,0,36600
MGL30Jan201020PE.NFO,07/01/2020,09:57:35,11.35,11.1,600,13,600,0,36600
MGL30Jan201020PE.NFO,07/01/2020,09:57:39,11.35,11.4,600,13.15,600,0,36600
MGL30Jan201020PE.NFO,07/01/2020,09:57:43,11.35,11.2,600,13.15,600,0,36600
MGL30Jan201020PE.NFO,07/01/2020,09:57:47,11.35,10.7,600,12.9,600,0,36600
MGL30Jan201020PE.NFO,07/01/2020,09:57:51,11.35,11.1,600,13.25,600,0,36600
MGL30Jan201020PE.NFO,07/01/2020,09:57:56,11.35,11,600,13.15,600,0,36600
MGL30Jan201020PE.NFO,07/01/2020,09:58:01,11.35,10.55,600,13.5,1200,0,36600
MGL30Jan201020PE.NFO,07/01/2020,09:58:06,11.35,11.05,600,12.95,1200,0,36600
MGL30Jan201020PE.NFO,07/01/2020,09:58:10,11.35,10.8,600,12.95,1200,0,36600
MGL30Jan201020PE.NFO,07/01/2020,09:58:15,11.35,11.2,600,12.95,1200,0,36600
MGL30Jan201020PE.NFO,07/01/2020,09:58:19,11.35,11.1,600,13.3,600,0,36600
MGL30Jan201020PE.NFO,07/01/2020,09:58:23,11.35,10.85,600,13.25,600,0,36600
MGL30Jan201020PE.NFO,07/01/2020,09:58:28,11.35,10.6,600,13.1,1200,0,36600
MGL30Jan201020PE.NFO,07/01/2020,09:58:33,11.35,11.1,600,13.4,600,0,36600
MGL30Jan201020PE.NFO,07/01/2020,09:58:36,11.35,11.45,600,13.3,600,0,36600
MGL30Jan201020PE.NFO,07/01/2020,09:58:40,11.35,11.1,600,13.25,1200,0,36600
MGL30Jan201020PE.NFO,07/01/2020,09:58:46,11.35,11.05,600,13.25,1200,0,36600
MGL30Jan201020PE.NFO,07/01/2020,09:58:52,11.35,11,600,13.15,600,0,36600
MGL30Jan201020PE.NFO,07/01/2020,09:58:58,11.35,11.55,1200,13.2,1200,0,36600
MGL30Jan201020PE.NFO,07/01/2020,09:59:03,11.35,11.85,600,13.15,600,0,36600
MGL30Jan201020PE.NFO,07/01/2020,09:59:09,11.35,12.15,600,13.35,600,0,36600
MGL30Jan201020PE.NFO,07/01/2020,09:59:15,11.35,12.35,600,13.3,600,0,36600
MGL30Jan201020PE.NFO,07/01/2020,09:59:20,11.35,12.35,600,13.35,600,0,36600
MGL30Jan201020PE.NFO,07/01/2020,09:59:25,11.35,12.35,600,13.85,600,0,36600
MGL30Jan201020PE.NFO,07/01/2020,09:59:30,11.35,11.95,600,13.4,1200,0,36600
MGL30Jan201020PE.NFO,07/01/2020,09:59:36,11.35,12.15,600,13.4,1200,0,36600
MGL30Jan201020PE.NFO,07/01/2020,09:59:41,11.35,12.2,1200,13.45,600,0,36600
MGL30Jan201020PE.NFO,07/01/2020,09:59:47,11.35,12.3,600,13.35,600,0,36600
MGL30Jan201020PE.NFO,07/01/2020,09:59:52,11.35,12.3,1200,13.35,600,0,36600
MGL30Jan201020PE.NFO,07/01/2020,09:59:58,11.35,12.4,600,13.35,600,0,36600
MGL30Jan201020PE.NFO,07/01/2020,10:00:03,11.35,12.5,600,13.35,600,0,36600
MGL30Jan201020PE.NFO,07/01/2020,10:00:09,11.35,12.6,600,13.35,600,0,36600
MGL30Jan201020PE.NFO,07/01/2020,10:00:13,11.35,12.6,600,13.55,600,0,36600
MGL30Jan201020PE.NFO,07/01/2020,10:00:20,11.35,12.5,600,13.6,600,0,36600
MGL30Jan201020PE.NFO,07/01/2020,10:00:21,11.35,12.5,600,13.5,600,0,36600
MGL30Jan201020PE.NFO,07/01/2020,10:00:22,11.35,12.5,600,13.85,600,0,36600
MGL30Jan201020PE.NFO,07/01/2020,10:00:23,11.35,12.5,600,13.45,1200,0,36600
MGL30Jan201020PE.NFO,07/01/2020,10:00:30,11.35,12.5,600,13.8,600,0,36600
MGL30Jan201020PE.NFO,07/01/2020,10:00:31,11.35,12.5,600,13.75,600,0,36600
MGL30Jan201020PE.NFO,07/01/2020,10:00:34,11.35,12.5,1200,13.45,600,0,36600
MGL30Jan201020PE.NFO,07/01/2020,10:00:35,11.35,12.5,1200,13.55,1200,0,36600
MGL30Jan201020PE.NFO,07/01/2020,10:00:39,11.35,12.6,600,13.55,1200,0,36600
MGL30Jan201020PE.NFO,07/01/2020,10:00:41,11.35,12.1,600,13.55,1200,0,36600
MGL30Jan201020PE.NFO,07/01/2020,10:00:42,11.35,12.15,600,13.55,1200,0,36600
MGL30Jan201020PE.NFO,07/01/2020,10:00:43,11.35,12.2,600,13.55,1200,0,36600
MGL30Jan201020PE.NFO,07/01/2020,10:00:44,11.35,11.95,600,13.55,1200,0,36600
MGL30Jan201020PE.NFO,07/01/2020,10:00:45,11.35,12.3,600,13.55,1200,0,36600
MGL30Jan201020PE.NFO,07/01/2020,10:00:46,11.35,12.4,600,13.55,1200,0,36600
MGL30Jan201020PE.NFO,07/01/2020,10:00:47,11.35,12.45,600,13.55,600,0,36600
MGL30Jan201020PE.NFO,07/01/2020,10:00:49,11.35,12.55,600,13.55,600,0,36600
MGL30Jan201020PE.NFO,07/01/2020,10:00:50,11.35,12.6,600,13.55,600,0,36600
MGL30Jan201020PE.NFO,07/01/2020,10:00:51,11.35,12.6,600,13.4,600,0,36600
MGL30Jan201020PE.NFO,07/01/2020,10:00:52,11.35,12.65,600,13.65,600,0,36600
MGL30Jan201020PE.NFO,07/01/2020,10:00:53,11.35,12.6,600,13.75,600,0,36600
MGL30Jan201020PE.NFO,07/01/2020,10:00:54,11.35,12.65,600,13.95,600,0,36600
MGL30Jan201020PE.NFO,07/01/2020,10:00:55,11.35,12.7,600,14,600,0,36600
MGL30Jan201020PE.NFO,07/01/2020,10:00:56,11.35,12.7,600,13.85,600,0,36600
MGL30Jan201020PE.NFO,07/01/2020,10:00:57,11.35,12.7,600,13.65,600,0,36600
MGL30Jan201020PE.NFO,07/01/2020,10:00:58,11.35,12.7,600,13.8,600,0,36600
MGL30Jan201020PE.NFO,07/01/2020,10:00:59,11.35,12.75,600,13.65,600,0,36600
MGL30Jan201020PE.NFO,07/01/2020,10:01:00,11.35,12.75,600,14.05,1200,0,36600
MGL30Jan201020PE.NFO,07/01/2020,10:01:01,11.35,12.75,600,14.15,600,0,36600
MGL30Jan201020PE.NFO,07/01/2020,10:01:02,11.35,12.5,600,13.45,600,0,36600
MGL30Jan201020PE.NFO,07/01/2020,10:01:04,11.35,12.15,600,13.45,600,0,36600
MGL30Jan201020PE.NFO,07/01/2020,10:01:05,11.35,12.55,600,13.45,600,0,36600
MGL30Jan201020PE.NFO,07/01/2020,10:01:07,11.35,12.3,600,13.45,600,0,36600
MGL30Jan201020PE.NFO,07/01/2020,10:01:08,11.35,12.6,600,13.45,600,0,36600
MGL30Jan201020PE.NFO,07/01/2020,10:01:10,11.35,12.65,600,13.45,600,0,36600
MGL30Jan201020PE.NFO,07/01/2020,10:01:12,11.35,12.6,600,13.45,600,0,36600
MGL30Jan201020PE.NFO,07/01/2020,10:01:14,11.35,12.65,600,13.45,600,0,36600
MGL30Jan201020PE.NFO,07/01/2020,10:01:20,11.35,12.65,1200,14.2,600,0,36600
MGL30Jan201020PE.NFO,07/01/2020,10:01:27,11.35,13,1200,14.25,600,0,36600
MGL30Jan201020PE.NFO,07/01/2020,10:01:33,11.35,13.2,600,14.3,1200,0,36600
MGL30Jan201020PE.NFO,07/01/2020,10:01:39,11.35,13.2,600,14.2,600,0,36600
MGL30Jan201020PE.NFO,07/01/2020,10:01:45,11.35,13.1,1200,14.2,600,0,36600
MGL30Jan201020PE.NFO,07/01/2020,10:01:50,11.35,13.1,1200,14.3,1200,0,36600
MGL30Jan201020PE.NFO,07/01/2020,10:01:56,11.35,13.1,600,14.2,600,0,36600
MGL30Jan201020PE.NFO,07/01/2020,10:02:01,11.35,12.9,1200,14.1,1200,0,36600
MGL30Jan201020PE.NFO,07/01/2020,10:02:06,11.35,13,600,14.1,1200,0,36600
MGL30Jan201020PE.NFO,07/01/2020,10:02:12,11.35,12.95,600,13.9,600,0,36600
MGL30Jan201020PE.NFO,07/01/2020,10:02:17,11.35,12.7,600,13.8,600,0,36600
MGL30Jan201020PE.NFO,07/01/2020,10:02:22,11.35,12.85,600,14.45,1200,0,36600
MGL30Jan201020PE.NFO,07/01/2020,10:02:27,11.35,12.85,600,14.05,1200,0,36600
MGL30Jan201020PE.NFO,07/01/2020,10:02:33,11.35,12.9,600,14.05,1200,0,36600
MGL30Jan201020PE.NFO,07/01/2020,10:02:39,11.35,12.9,600,13.95,600,0,36600
MGL30Jan201020PE.NFO,07/01/2020,10:02:45,11.35,12.95,600,13.95,600,0,36600
MGL30Jan201020PE.NFO,07/01/2020,10:02:50,11.35,12.8,600,13.95,600,0,36600
MGL30Jan201020PE.NFO,07/01/2020,10:02:55,11.35,12.85,600,13.75,1200,0,36600
MGL30Jan201020PE.NFO,07/01/2020,10:03:00,11.35,12.85,600,13.75,600,0,36600
MGL30Jan201020PE.NFO,07/01/2020,10:03:09,11.35,12.85,600,13.85,600,0,36600
MGL30Jan201020PE.NFO,07/01/2020,10:03:14,11.35,12.9,600,13.8,1200,0,36600
MGL30Jan201020PE.NFO,07/01/2020,10:03:19,11.35,12.8,600,13.8,1200,0,36600
MGL30Jan201020PE.NFO,07/01/2020,10:03:24,11.35,12.9,600,13.8,1200,0,36600
MGL30Jan201020PE.NFO,07/01/2020,10:03:51,11.35,12.95,600,13.95,1200,0,36600
MGL30Jan201020PE.NFO,07/01/2020,10:04:01,11.35,12.95,600,14.1,1200,0,36600
MGL30Jan201020PE.NFO,07/01/2020,10:04:06,11.35,13,600,14,600,0,36600
MGL30Jan201020PE.NFO,07/01/2020,10:04:11,11.35,13,600,13.9,600,0,36600
MGL30Jan201020PE.NFO,07/01/2020,10:04:15,11.35,12.95,600,13.9,600,0,36600
MGL30Jan201020PE.NFO,07/01/2020,10:04:23,11.35,13,1200,13.85,600,0,36600
MGL30Jan201020PE.NFO,07/01/2020,10:04:27,11.35,13,1200,13.9,600,0,36600
MGL30Jan201020PE.NFO,07/01/2020,10:04:32,11.35,12.85,600,13.8,1200,0,36600
MGL30Jan201020PE.NFO,07/01/2020,10:04:50,11.35,13,600,13.8,600,0,36600
MGL30Jan201020PE.NFO,07/01/2020,10:04:55,11.35,13.05,600,13.8,600,0,36600
MGL30Jan201020PE.NFO,07/01/2020,10:04:59,11.35,12.95,600,13.8,600,0,36600
MGL30Jan201020PE.NFO,07/01/2020,10:05:04,11.35,13.05,600,13.8,600,0,36600
MGL30Jan201020PE.NFO,07/01/2020,10:05:09,11.35,13.1,1200,14.05,600,0,36600
MGL30Jan201020PE.NFO,07/01/2020,10:05:13,11.35,13.2,600,14.15,600,0,36600
MGL30Jan201020PE.NFO,07/01/2020,10:05:17,11.35,13.2,1200,14,1200,0,36600
MGL30Jan201020PE.NFO,07/01/2020,10:05:37,11.35,12.85,600,13.95,600,0,36600
MGL30Jan201020PE.NFO,07/01/2020,10:05:43,11.35,13.05,600,14.15,600,0,36600
MGL30Jan201020PE.NFO,07/01/2020,10:05:49,11.35,13,600,13.85,1200,0,36600
MGL30Jan201020PE.NFO,07/01/2020,10:05:55,11.35,13,600,13.9,600,0,36600
MGL30Jan201020PE.NFO,07/01/2020,10:06:00,11.35,13.05,600,13.95,1200,0,36600
MGL30Jan201020PE.NFO,07/01/2020,10:06:05,11.35,13.1,600,13.95,1200,0,36600
MGL30Jan201020PE.NFO,07/01/2020,10:06:16,11.35,12.8,600,14,600,0,36600
MGL30Jan201020PE.NFO,07/01/2020,10:06:21,11.35,13.1,600,13.95,1200,0,36600
MGL30Jan201020PE.NFO,07/01/2020,10:06:27,11.35,12.95,600,13.95,1800,0,36600
MGL30Jan201020PE.NFO,07/01/2020,10:06:33,11.35,13.15,2400,14.25,1200,0,36600
MGL30Jan201020PE.NFO,07/01/2020,10:06:38,11.35,13.15,2400,14,1800,0,36600
MGL30Jan201020PE.NFO,07/01/2020,10:06:44,11.35,13.05,2400,13.95,1800,0,36600
MGL30Jan201020PE.NFO,07/01/2020,10:06:49,11.35,13.15,2400,13.95,600,0,36600
MGL30Jan201020PE.NFO,07/01/2020,10:06:55,11.35,12.9,3000,14,1800,0,36600
MGL30Jan201020PE.NFO,07/01/2020,10:07:00,11.35,13.15,2400,14.15,600,0,36600
MGL30Jan201020PE.NFO,07/01/2020,10:07:06,11.35,13.1,600,14.05,600,0,36600
MGL30Jan201020PE.NFO,07/01/2020,10:07:12,11.35,13.15,600,14.1,1200,0,36600
MGL30Jan201020PE.NFO,07/01/2020,10:07:18,11.35,13.3,600,14.05,600,0,36600
MGL30Jan201020PE.NFO,07/01/2020,10:07:23,11.35,13.3,600,14.25,1200,0,36600
MGL30Jan201020PE.NFO,07/01/2020,10:07:29,11.35,13.3,600,14.05,600,0,36600
MGL30Jan201020PE.NFO,07/01/2020,10:07:34,11.35,13.3,600,14,1800,0,36600
MGL30Jan201020PE.NFO,07/01/2020,10:07:39,11.35,13.3,600,14,2400,0,36600
MGL30Jan201020PE.NFO,07/01/2020,10:07:44,11.35,13.3,600,14,1800,0,36600
MGL30Jan201020PE.NFO,07/01/2020,10:07:49,11.35,13.3,600,14.25,1200,0,36600
MGL30Jan201020PE.NFO,07/01/2020,10:07:59,11.35,13.25,600,14.1,1200,0,36600
MGL30Jan201020PE.NFO,07/01/2020,10:08:04,11.35,13.25,600,14.05,600,0,36600
MGL30Jan201020PE.NFO,07/01/2020,10:08:08,11.35,13.2,3000,13.95,600,0,36600
MGL30Jan201020PE.NFO,07/01/2020,10:08:12,11.35,13.2,600,13.95,600,0,36600
MGL30Jan201020PE.NFO,07/01/2020,10:08:17,11.35,13.3,3000,14.25,1200,0,36600
MGL30Jan201020PE.NFO,07/01/2020,10:08:22,11.35,13.35,600,14.25,1200,0,36600
MGL30Jan201020PE.NFO,07/01/2020,10:08:31,11.35,13.35,600,14.15,600,0,36600
MGL30Jan201020PE.NFO,07/01/2020,10:08:37,11.35,13.2,600,14,600,0,36600
MGL30Jan201020PE.NFO,07/01/2020,10:08:42,11.35,13.25,600,14,600,0,36600
MGL30Jan201020PE.NFO,07/01/2020,10:08:47,11.35,13.15,600,14,600,0,36600
MGL30Jan201020PE.NFO,07/01/2020,10:09:03,11.35,13.3,600,14,600,0,36600
MGL30Jan201020PE.NFO,07/01/2020,10:09:08,11.35,13.35,600,14,600,0,36600
MGL30Jan201020PE.NFO,07/01/2020,10:09:16,11.35,13.35,600,14.25,1200,0,36600
MGL30Jan201020PE.NFO,07/01/2020,10:09:21,11.35,13.4,600,14.25,1200,0,36600
MGL30Jan201020PE.NFO,07/01/2020,10:09:25,11.35,13.35,600,14.05,600,0,36600
MGL30Jan201020PE.NFO,07/01/2020,10:09:37,11.35,13.4,600,14.05,600,0,36600
MGL30Jan201020PE.NFO,07/01/2020,10:09:55,11.35,13.55,600,14.2,1800,0,36600
MGL30Jan201020PE.NFO,07/01/2020,10:10:00,11.35,13.6,600,14.35,1800,0,36600
MGL30Jan201020PE.NFO,07/01/2020,10:10:10,11.35,13.6,600,14.35,2400,0,36600
MGL30Jan201020PE.NFO,07/01/2020,10:10:16,11.35,13.65,600,14.35,1800,0,36600
MGL30Jan201020PE.NFO,07/01/2020,10:10:24,11.35,13.55,600,14.3,600,0,36600
MGL30Jan201020PE.NFO,07/01/2020,10:10:32,11.35,13.6,600,14.3,600,0,36600
MGL30Jan201020PE.NFO,07/01/2020,10:10:54,11.35,13.45,600,14.3,600,0,36600
MGL30Jan201020PE.NFO,07/01/2020,10:11:02,11.35,13.6,600,14.3,600,0,36600
MGL30Jan201020PE.NFO,07/01/2020,10:11:06,11.35,13.45,600,14.3,600,0,36600
MGL30Jan201020PE.NFO,07/01/2020,10:11:16,11.35,13.5,600,14.3,600,0,36600
MGL30Jan201020PE.NFO,07/01/2020,10:11:21,11.35,13.4,600,14.2,600,0,36600
MGL30Jan201020PE.NFO,07/01/2020,10:11:27,11.35,13.45,600,14.2,600,0,36600
MGL30Jan201020PE.NFO,07/01/2020,10:11:32,11.35,13.4,600,14.2,600,0,36600
MGL30Jan201020PE.NFO,07/01/2020,10:11:42,11.35,13.4,600,14.25,1200,0,36600
MGL30Jan201020PE.NFO,07/01/2020,10:11:47,11.35,13.35,600,14.25,600,0,36600
MGL30Jan201020PE.NFO,07/01/2020,10:12:09,11.35,13.4,600,14.25,600,0,36600
MGL30Jan201020PE.NFO,07/01/2020,10:12:15,11.35,13.35,600,14.25,1200,0,36600
MGL30Jan201020PE.NFO,07/01/2020,10:12:20,11.35,13.35,600,14,600,0,36600
MGL30Jan201020PE.NFO,07/01/2020,10:12:25,11.35,13.25,600,14,600,0,36600
MGL30Jan201020PE.NFO,07/01/2020,10:12:29,11.35,13.2,600,14,600,0,36600
MGL30Jan201020PE.NFO,07/01/2020,10:12:38,11.35,13.25,600,14,600,0,36600
MGL30Jan201020PE.NFO,07/01/2020,10:12:44,11.35,13.3,600,14,600,0,36600
MGL30Jan201020PE.NFO,07/01/2020,10:12:48,11.35,13.25,600,14,600,0,36600
MGL30Jan201020PE.NFO,07/01/2020,10:12:59,11.35,13.15,600,13.95,600,0,36600
MGL30Jan201020PE.NFO,07/01/2020,10:13:04,11.35,13.3,600,14.25,1200,0,36600
MGL30Jan201020PE.NFO,07/01/2020,10:13:09,11.35,13.25,600,13.95,600,0,36600
MGL30Jan201020PE.NFO,07/01/2020,10:13:25,11.35,13.25,600,14,1200,0,36600
MGL30Jan201020PE.NFO,07/01/2020,10:13:30,11.35,13.35,600,14.05,600,0,36600
MGL30Jan201020PE.NFO,07/01/2020,10:13:34,11.35,13.45,600,14.25,600,0,36600
MGL30Jan201020PE.NFO,07/01/2020,10:13:38,11.35,13.35,600,14.25,1200,0,36600
MGL30Jan201020PE.NFO,07/01/2020,10:13:42,11.35,13.25,600,14.05,600,0,36600
MGL30Jan201020PE.NFO,07/01/2020,10:13:48,11.35,13.2,600,14.05,600,0,36600
MGL30Jan201020PE.NFO,07/01/2020,10:13:54,11.35,13.25,600,13.9,1800,0,36600
MGL30Jan201020PE.NFO,07/01/2020,10:13:59,11.35,13.1,600,13.75,600,0,36600
MGL30Jan201020PE.NFO,07/01/2020,10:14:13,11.35,13,600,13.8,1200,0,36600
MGL30Jan201020PE.NFO,07/01/2020,10:14:18,11.35,13.05,600,13.8,1200,0,36600
MGL30Jan201020PE.NFO,07/01/2020,10:14:24,11.35,13,600,13.7,600,0,36600
MGL30Jan201020PE.NFO,07/01/2020,10:14:29,11.35,12.55,600,13.75,1200,0,36600
MGL30Jan201020PE.NFO,07/01/2020,10:14:34,11.35,12.65,600,13.45,600,0,36600
MGL30Jan201020PE.NFO,07/01/2020,10:14:39,11.35,12.6,600,13.45,600,0,36600
MGL30Jan201020PE.NFO,07/01/2020,10:14:44,11.35,12.65,600,13.45,600,0,36600
MGL30Jan201020PE.NFO,07/01/2020,10:15:09,11.35,12.5,600,13.35,600,0,36600
MGL30Jan201020PE.NFO,07/01/2020,10:15:14,11.35,12.6,600,13.35,600,0,36600
MGL30Jan201020PE.NFO,07/01/2020,10:15:20,11.35,12.65,600,13.35,600,0,36600
MGL30Jan201020PE.NFO,07/01/2020,10:15:34,11.35,12.85,600,13.7,600,0,36600
MGL30Jan201020PE.NFO,07/01/2020,10:15:38,11.35,12.95,600,13.7,600,0,36600
MGL30Jan201020PE.NFO,07/01/2020,10:15:50,11.35,12.9,2400,13.65,1200,0,36600
MGL30Jan201020PE.NFO,07/01/2020,10:15:56,11.35,12.9,600,13.65,600,0,36600
MGL30Jan201020PE.NFO,07/01/2020,10:16:05,11.35,12.85,600,13.65,600,0,36600
MGL30Jan201020PE.NFO,07/01/2020,10:16:10,11.35,12.8,600,13.65,600,0,36600
MGL30Jan201020PE.NFO,07/01/2020,10:16:14,11.35,12.85,600,13.65,600,0,36600
MGL30Jan201020PE.NFO,07/01/2020,10:16:19,11.35,12.8,600,13.65,600,0,36600
MGL30Jan201020PE.NFO,07/01/2020,10:16:23,11.35,12.75,600,13.65,600,0,36600
MGL30Jan201020PE.NFO,07/01/2020,10:16:27,11.35,12.8,600,13.55,600,0,36600
MGL30Jan201020PE.NFO,07/01/2020,10:16:37,11.35,12.85,600,13.55,600,0,36600
MGL30Jan201020PE.NFO,07/01/2020,10:17:01,11.35,12.85,3000,13.55,600,0,36600
MGL30Jan201020PE.NFO,07/01/2020,10:17:05,11.35,12.85,600,13.55,600,0,36600
MGL30Jan201020PE.NFO,07/01/2020,10:17:09,11.35,12.75,600,13.55,600,0,36600
MGL30Jan201020PE.NFO,07/01/2020,10:17:14,11.35,13.05,600,13.75,1200,0,36600
MGL30Jan201020PE.NFO,07/01/2020,10:17:18,11.35,13.1,600,13.75,600,0,36600
MGL30Jan201020PE.NFO,07/01/2020,10:17:26,11.35,13.1,600,13.75,1200,0,36600
MGL30Jan201020PE.NFO,07/01/2020,10:17:30,11.35,13.1,3000,13.75,1200,0,36600
MGL30Jan201020PE.NFO,07/01/2020,10:17:35,11.35,13.05,600,13.75,600,0,36600
MGL30Jan201020PE.NFO,07/01/2020,10:17:40,11.35,13.05,600,13.75,1200,0,36600
MGL30Jan201020PE.NFO,07/01/2020,10:17:45,11.35,13.1,600,13.75,1200,0,36600
MGL30Jan201020PE.NFO,07/01/2020,10:17:50,11.35,13.15,600,13.65,600,0,36600
MGL30Jan201020PE.NFO,07/01/2020,10:17:55,11.35,13.1,600,13.8,600,0,36600
MGL30Jan201020PE.NFO,07/01/2020,10:18:00,11.35,13.1,600,13.8,1200,0,36600
MGL30Jan201020PE.NFO,07/01/2020,10:18:04,11.35,13.15,600,13.7,600,0,36600
MGL30Jan201020PE.NFO,07/01/2020,10:18:08,11.35,13.2,600,13.7,600,0,36600
MGL30Jan201020PE.NFO,07/01/2020,10:18:17,11.35,13.15,600,13.7,600,0,36600
MGL30Jan201020PE.NFO,07/01/2020,10:18:21,11.35,13.05,600,13.7,600,0,36600
MGL30Jan201020PE.NFO,07/01/2020,10:18:33,11.35,12.95,600,13.5,600,0,36600
MGL30Jan201020PE.NFO,07/01/2020,10:18:38,11.35,12.8,600,13.7,600,0,36600
MGL30Jan201020PE.NFO,07/01/2020,10:18:44,11.35,13.05,2400,13.7,600,0,36600
MGL30Jan201020PE.NFO,07/01/2020,10:18:49,11.35,13.05,600,13.7,600,0,36600
MGL30Jan201020PE.NFO,07/01/2020,10:18:54,11.35,13.15,600,13.7,600,0,36600
MGL30Jan201020PE.NFO,07/01/2020,10:19:03,11.35,13.05,2400,13.7,600,0,36600
MGL30Jan201020PE.NFO,07/01/2020,10:19:08,11.35,13.1,600,13.7,600,0,36600
MGL30Jan201020PE.NFO,07/01/2020,10:19:17,11.35,13.15,600,13.75,600,0,36600
MGL30Jan201020PE.NFO,07/01/2020,10:19:22,11.35,13.15,600,13.75,1800,0,36600
MGL30Jan201020PE.NFO,07/01/2020,10:19:26,11.35,13.05,600,13.75,600,0,36600
MGL30Jan201020PE.NFO,07/01/2020,10:19:30,11.35,13.15,600,13.8,1200,0,36600
MGL30Jan201020PE.NFO,07/01/2020,10:19:44,11.35,13.1,2400,13.8,1200,0,36600
MGL30Jan201020PE.NFO,07/01/2020,10:19:48,11.35,12.9,2400,13.8,1200,0,36600
MGL30Jan201020PE.NFO,07/01/2020,10:19:52,11.35,13,2400,13.8,1200,0,36600
MGL30Jan201020PE.NFO,07/01/2020,10:19:57,11.35,12.85,600,13.75,600,0,36600
MGL30Jan201020PE.NFO,07/01/2020,10:20:01,11.35,12.8,2400,13.65,600,0,36600
MGL30Jan201020PE.NFO,07/01/2020,10:20:04,11.35,12.7,2400,13.65,600,0,36600
MGL30Jan201020PE.NFO,07/01/2020,10:20:08,11.35,12.55,1200,13.65,600,0,36600
MGL30Jan201020PE.NFO,07/01/2020,10:20:12,11.35,12.25,1200,13.65,600,0,36600
MGL30Jan201020PE.NFO,07/01/2020,10:20:17,11.35,12.75,600,13.75,1200,0,36600
MGL30Jan201020PE.NFO,07/01/2020,10:20:22,11.35,12.65,600,13.75,600,0,36600
MGL30Jan201020PE.NFO,07/01/2020,10:20:26,11.35,12.5,3000,13.65,1800,0,36600
MGL30Jan201020PE.NFO,07/01/2020,10:20:31,11.35,12.15,1200,13.65,600,0,36600
MGL30Jan201020PE.NFO,07/01/2020,10:20:34,11.35,12.2,600,13.5,600,0,36600
MGL30Jan201020PE.NFO,07/01/2020,10:20:39,11.35,12.55,2400,13.7,600,0,36600
MGL30Jan201020PE.NFO,07/01/2020,10:20:43,11.35,12.6,2400,13.7,600,0,36600
MGL30Jan201020PE.NFO,07/01/2020,10:20:48,11.35,12.45,2400,13.7,600,0,36600
MGL30Jan201020PE.NFO,07/01/2020,10:20:52,11.35,12.1,1200,13.7,600,0,36600
MGL30Jan201020PE.NFO,07/01/2020,10:20:55,11.35,12.4,600,13.7,600,0,36600
MGL30Jan201020PE.NFO,07/01/2020,10:20:58,11.35,12.15,1200,13.7,600,0,36600
MGL30Jan201020PE.NFO,07/01/2020,10:21:02,11.35,12.5,2400,13.7,600,0,36600
MGL30Jan201020PE.NFO,07/01/2020,10:21:06,11.35,12.35,600,13.7,600,0,36600
MGL30Jan201020PE.NFO,07/01/2020,10:21:11,11.35,12.3,1200,13.7,600,0,36600
MGL30Jan201020PE.NFO,07/01/2020,10:21:12,11.35,12.4,600,13.7,600,0,36600
MGL30Jan201020PE.NFO,07/01/2020,10:21:13,11.35,12.45,2400,13.7,600,0,36600
MGL30Jan201020PE.NFO,07/01/2020,10:21:14,11.35,12,1200,13.7,600,0,36600
MGL30Jan201020PE.NFO,07/01/2020,10:21:15,11.35,12.1,1200,13.7,600,0,36600
MGL30Jan201020PE.NFO,07/01/2020,10:21:16,11.35,12.2,1200,13.7,600,0,36600
MGL30Jan201020PE.NFO,07/01/2020,10:21:17,11.35,12.3,1200,13.7,600,0,36600
MGL30Jan201020PE.NFO,07/01/2020,10:21:18,11.35,12.4,600,13.7,600,0,36600
MGL30Jan201020PE.NFO,07/01/2020,10:21:19,11.35,12.5,600,13.7,600,0,36600
MGL30Jan201020PE.NFO,07/01/2020,10:21:20,11.35,11.8,1200,13.7,600,0,36600
MGL30Jan201020PE.NFO,07/01/2020,10:21:21,11.35,11.9,1200,13.7,600,0,36600
MGL30Jan201020PE.NFO,07/01/2020,10:21:22,11.35,12,1200,13.7,600,0,36600
MGL30Jan201020PE.NFO,07/01/2020,10:21:23,11.35,12.1,1200,13.7,600,0,36600
MGL30Jan201020PE.NFO,07/01/2020,10:21:24,11.35,12.2,1200,13.7,600,0,36600
MGL30Jan201020PE.NFO,07/01/2020,10:21:25,11.35,12.3,1200,13.7,600,0,36600
MGL30Jan201020PE.NFO,07/01/2020,10:21:26,11.35,12.4,600,13.7,600,0,36600
MGL30Jan201020PE.NFO,07/01/2020,10:21:27,11.35,12.45,2400,13.7,600,0,36600
MGL30Jan201020PE.NFO,07/01/2020,10:21:28,11.35,11.95,1200,13.7,600,0,36600
MGL30Jan201020PE.NFO,07/01/2020,10:21:29,11.35,12.05,1200,13.7,600,0,36600
MGL30Jan201020PE.NFO,07/01/2020,10:21:30,11.35,12.15,1200,13.7,600,0,36600
MGL30Jan201020PE.NFO,07/01/2020,10:21:31,11.35,12.35,600,13.7,600,0,36600
MGL30Jan201020PE.NFO,07/01/2020,10:21:32,11.35,12.45,600,13.7,600,0,36600
MGL30Jan201020PE.NFO,07/01/2020,10:21:33,11.35,12.5,2400,13.7,600,0,36600
MGL30Jan201020PE.NFO,07/01/2020,10:21:34,11.35,11.75,1200,13.7,600,0,36600
MGL30Jan201020PE.NFO,07/01/2020,10:21:35,11.35,11.85,1200,13.65,1800,0,36600
MGL30Jan201020PE.NFO,07/01/2020,10:21:36,11.35,11.95,1200,13.8,2400,0,36600
MGL30Jan201020PE.NFO,07/01/2020,10:21:37,11.35,12.05,1200,13.8,2400,0,36600
MGL30Jan201020PE.NFO,07/01/2020,10:21:38,11.35,12.25,1200,13.8,2400,0,36600
MGL30Jan201020PE.NFO,07/01/2020,10:21:39,11.35,12.35,1200,13.75,600,0,36600
MGL30Jan201020PE.NFO,07/01/2020,10:21:41,11.35,12.45,600,13.75,600,0,36600
MGL30Jan201020PE.NFO,07/01/2020,10:21:42,11.35,11.85,600,13.9,600,0,36600
MGL30Jan201020PE.NFO,07/01/2020,10:21:43,11.35,12.3,1200,13.75,1800,0,36600
MGL30Jan201020PE.NFO,07/01/2020,10:21:44,11.35,12.4,600,13.85,600,0,36600
MGL30Jan201020PE.NFO,07/01/2020,10:21:45,11.35,12.45,2400,13.7,1800,0,36600
MGL30Jan201020PE.NFO,07/01/2020,10:21:46,11.35,12.05,1200,13.8,1200,0,36600
MGL30Jan201020PE.NFO,07/01/2020,10:21:47,11.35,12.15,1200,13.75,1800,0,36600
MGL30Jan201020PE.NFO,07/01/2020,10:21:48,11.35,12.25,1200,13.75,1800,0,36600
MGL30Jan201020PE.NFO,07/01/2020,10:21:49,11.35,12.35,1200,13.8,1200,0,36600
MGL30Jan201020PE.NFO,07/01/2020,10:21:50,11.35,12.45,600,13.75,1800,0,36600
MGL30Jan201020PE.NFO,07/01/2020,10:21:52,11.35,11.85,1200,13.75,600,0,36600
MGL30Jan201020PE.NFO,07/01/2020,10:21:53,11.35,11.95,1200,13.7,1800,0,36600
MGL30Jan201020PE.NFO,07/01/2020,10:21:54,11.35,12.05,1200,13.8,1200,0,36600
MGL30Jan201020PE.NFO,07/01/2020,10:21:55,11.35,12.25,1200,13.9,1200,0,36600
MGL30Jan201020PE.NFO,07/01/2020,10:21:56,11.35,12.35,1200,13.75,1800,0,36600
MGL30Jan201020PE.NFO,07/01/2020,10:21:57,11.35,12.4,2400,13.95,1200,0,36600
MGL30Jan201020PE.NFO,07/01/2020,10:21:58,11.35,11.65,3000,13.75,600,0,36600
MGL30Jan201020PE.NFO,07/01/2020,10:21:59,11.35,11.75,1200,13.7,1800,0,36600
MGL30Jan201020PE.NFO,07/01/2020,10:22:00,11.35,11.85,1200,13.8,1200,0,36600
MGL30Jan201020PE.NFO,07/01/2020,10:22:01,11.35,11.95,1200,13.75,1800,0,36600
MGL30Jan201020PE.NFO,07/01/2020,10:22:02,11.35,12.05,1200,13.75,600,0,36600
MGL30Jan201020PE.NFO,07/01/2020,10:22:03,11.35,12.15,1200,13.7,1800,0,36600
MGL30Jan201020PE.NFO,07/01/2020,10:22:04,11.35,12.25,1200,13.85,600,0,36600
MGL30Jan201020PE.NFO,07/01/2020,10:22:05,11.35,12.35,600,13.75,600,0,36600
MGL30Jan201020PE.NFO,07/01/2020,10:22:06,11.35,12.45,600,13.7,1800,0,36600
MGL30Jan201020PE.NFO,07/01/2020,10:22:08,11.35,11.75,1200,13.75,600,0,36600
MGL30Jan201020PE.NFO,07/01/2020,10:22:08,11.35,11.85,1200,13.7,1800,0,36600
MGL30Jan201020PE.NFO,07/01/2020,10:22:09,11.35,11.95,1200,14,1200,0,36600
MGL30Jan201020PE.NFO,07/01/2020,10:22:11,11.35,12.15,1200,13.9,1200,0,36600
MGL30Jan201020PE.NFO,07/01/2020,10:22:12,11.35,12.25,1200,13.85,1800,0,36600
MGL30Jan201020PE.NFO,07/01/2020,10:22:13,11.35,12.35,600,13.8,600,0,36600
MGL30Jan201020PE.NFO,07/01/2020,10:22:14,11.35,12.45,600,13.75,1800,0,36600
MGL30Jan201020PE.NFO,07/01/2020,10:22:15,11.35,11.85,600,13.8,1800,0,36600
MGL30Jan201020PE.NFO,07/01/2020,10:22:16,11.35,11.85,600,13.75,600,0,36600
MGL30Jan201020PE.NFO,07/01/2020,10:22:17,11.35,12.15,600,13.7,1800,0,36600
MGL30Jan201020PE.NFO,07/01/2020,10:22:18,11.35,11.55,1200,13.85,2400,0,36600
MGL30Jan201020PE.NFO,07/01/2020,10:22:19,11.35,11.65,600,13.8,1800,0,36600
MGL30Jan201020PE.NFO,07/01/2020,10:22:20,11.35,12.1,1200,13.7,1800,0,36600
MGL30Jan201020PE.NFO,07/01/2020,10:22:21,11.35,12.2,1200,13.9,600,0,36600
MGL30Jan201020PE.NFO,07/01/2020,10:22:22,11.35,12.3,1200,13.85,2400,0,36600
MGL30Jan201020PE.NFO,07/01/2020,10:22:23,11.35,12.4,600,13.8,1800,0,36600
MGL30Jan201020PE.NFO,07/01/2020,10:22:24,11.35,12.5,600,13.75,600,0,36600
MGL30Jan201020PE.NFO,07/01/2020,10:22:25,11.35,12.55,2400,13.7,1800,0,36600
MGL30Jan201020PE.NFO,07/01/2020,10:22:26,11.35,11.95,1200,13.85,600,0,36600
MGL30Jan201020PE.NFO,07/01/2020,10:22:27,11.35,12.05,1200,13.8,1800,0,36600
MGL30Jan201020PE.NFO,07/01/2020,10:22:28,11.35,12.25,1200,13.7,1800,0,36600
MGL30Jan201020PE.NFO,07/01/2020,10:22:29,11.35,12.35,600,13.9,600,0,36600
MGL30Jan201020PE.NFO,07/01/2020,10:22:30,11.35,12.45,600,13.8,1800,0,36600
MGL30Jan201020PE.NFO,07/01/2020,10:22:32,11.35,12.55,600,13.75,600,0,36600
MGL30Jan201020PE.NFO,07/01/2020,10:22:32,11.35,12.6,2400,13.7,1800,0,36600
MGL30Jan201020PE.NFO,07/01/2020,10:22:33,11.35,12.1,1200,13.9,600,0,36600
MGL30Jan201020PE.NFO,07/01/2020,10:22:34,11.35,12.2,1200,13.85,2400,0,36600
MGL30Jan201020PE.NFO,07/01/2020,10:22:36,11.35,12.4,600,13.75,600,0,36600
MGL30Jan201020PE.NFO,07/01/2020,10:22:37,11.35,12.5,600,13.7,1800,0,36600
MGL30Jan201020PE.NFO,07/01/2020,10:22:38,11.35,12.6,600,13.9,600,0,36600
MGL30Jan201020PE.NFO,07/01/2020,10:22:39,11.35,12.65,2400,13.85,2400,0,36600
MGL30Jan201020PE.NFO,07/01/2020,10:22:40,11.35,11.9,1200,13.8,1800,0,36600
MGL30Jan201020PE.NFO,07/01/2020,10:22:42,11.35,12,1200,14.3,1800,0,36600
MGL30Jan201020PE.NFO,07/01/2020,10:22:43,11.35,12.1,1200,14.25,600,0,36600
MGL30Jan201020PE.NFO,07/01/2020,10:22:44,11.35,12.2,1200,14.2,1800,0,36600
MGL30Jan201020PE.NFO,07/01/2020,10:22:45,11.35,12.3,1200,14.2,1800,0,36600
MGL30Jan201020PE.NFO,07/01/2020,10:22:46,11.35,12.4,1200,14.3,1800,0,36600
MGL30Jan201020PE.NFO,07/01/2020,10:22:47,11.35,12.5,1200,14.25,600,0,36600
MGL30Jan201020PE.NFO,07/01/2020,10:22:48,11.35,12.6,1200,14.2,1800,0,36600
MGL30Jan201020PE.NFO,07/01/2020,10:22:49,11.35,12.7,1200,14.25,600,0,36600
MGL30Jan201020PE.NFO,07/01/2020,10:22:49,11.35,12.8,600,14.2,1800,0,36600
MGL30Jan201020PE.NFO,07/01/2020,10:22:50,11.35,12.9,600,14.25,600,0,36600
MGL30Jan201020PE.NFO,07/01/2020,10:22:51,11.35,13.05,2400,14.3,1800,0,36600
MGL30Jan201020PE.NFO,07/01/2020,10:22:52,11.35,12.35,1200,14.25,600,0,36600
MGL30Jan201020PE.NFO,07/01/2020,10:22:53,11.35,12.45,1200,14.2,1800,0,36600
MGL30Jan201020PE.NFO,07/01/2020,10:22:55,11.35,12.55,1200,14.2,1800,0,36600
MGL30Jan201020PE.NFO,07/01/2020,10:22:55,11.35,12.65,600,14.3,1800,0,36600
MGL30Jan201020PE.NFO,07/01/2020,10:22:56,11.35,12.85,600,14.2,1800,0,36600
MGL30Jan201020PE.NFO,07/01/2020,10:22:58,11.35,13.05,600,14.25,600,0,36600
MGL30Jan201020PE.NFO,07/01/2020,10:22:59,11.35,13.1,2400,14.2,1800,0,36600
MGL30Jan201020PE.NFO,07/01/2020,10:23:00,11.35,12.6,1200,14.1,1800,0,36600
MGL30Jan201020PE.NFO,07/01/2020,10:23:01,11.35,12.8,600,14.2,1800,0,36600
MGL30Jan201020PE.NFO,07/01/2020,10:23:03,11.35,12.9,600,14.25,600,0,36600
MGL30Jan201020PE.NFO,07/01/2020,10:23:04,11.35,12.4,1200,14.2,1800,0,36600
MGL30Jan201020PE.NFO,07/01/2020,10:23:06,11.35,12.6,600,14,1800,0,36600
MGL30Jan201020PE.NFO,07/01/2020,10:23:07,11.35,12.7,600,14,1800,0,36600
MGL30Jan201020PE.NFO,07/01/2020,10:23:08,11.35,12.8,600,14.25,600,0,36600
MGL30Jan201020PE.NFO,07/01/2020,10:23:09,11.35,12.85,2400,14.15,1800,0,36600
MGL30Jan201020PE.NFO,07/01/2020,10:23:10,11.35,12.25,1200,14.1,600,0,36600
MGL30Jan201020PE.NFO,07/01/2020,10:23:11,11.35,12.35,1200,14.05,1800,0,36600
MGL30Jan201020PE.NFO,07/01/2020,10:23:13,11.35,12.55,1200,14.1,600,0,36600
MGL30Jan201020PE.NFO,07/01/2020,10:23:17,11.35,13,2400,14.05,1800,0,36600
MGL30Jan201020PE.NFO,07/01/2020,10:23:21,11.35,12.6,600,14.15,1800,0,36600
MGL30Jan201020PE.NFO,07/01/2020,10:23:25,11.35,12.95,2400,14.1,600,0,36600
MGL30Jan201020PE.NFO,07/01/2020,10:23:29,11.35,12.6,600,14.35,1800,0,36600
MGL30Jan201020PE.NFO,07/01/2020,10:23:33,11.35,13.05,2400,14.35,1800,0,36600
MGL30Jan201020PE.NFO,07/01/2020,10:23:37,11.35,12.55,600,14.05,1800,0,36600
MGL30Jan201020PE.NFO,07/01/2020,10:23:41,11.35,12.9,2400,14.05,1800,0,36600
MGL30Jan201020PE.NFO,07/01/2020,10:23:45,11.35,12.55,600,14.3,600,0,36600
MGL30Jan201020PE.NFO,07/01/2020,10:23:49,11.35,12.95,600,14.3,600,0,36600
MGL30Jan201020PE.NFO,07/01/2020,10:23:53,11.35,12.5,600,14.3,600,0,36600
MGL30Jan201020PE.NFO,07/01/2020,10:23:56,11.35,12.8,600,14.3,600,0,36600
MGL30Jan201020PE.NFO,07/01/2020,10:24:00,11.35,12.25,2400,14.05,1200,0,36600
MGL30Jan201020PE.NFO,07/01/2020,10:24:04,11.35,12.65,600,14.3,600,0,36600
MGL30Jan201020PE.NFO,07/01/2020,10:24:08,11.35,13,2400,14.1,600,0,36600
MGL30Jan201020PE.NFO,07/01/2020,10:24:12,11.35,12.6,600,14.05,1200,0,36600
MGL30Jan201020PE.NFO,07/01/2020,10:24:16,11.35,12.95,2400,14.1,600,0,36600
MGL30Jan201020PE.NFO,07/01/2020,10:24:19,11.35,12.55,600,14.15,1200,0,36600
MGL30Jan201020PE.NFO,07/01/2020,10:24:22,11.35,12.8,2400,13.9,600,0,36600
MGL30Jan201020PE.NFO,07/01/2020,10:24:26,11.35,12.45,600,13.95,1800,0,36600
MGL30Jan201020PE.NFO,07/01/2020,10:24:29,11.35,12.15,600,14.3,600,0,36600
MGL30Jan201020PE.NFO,07/01/2020,10:24:32,11.35,12.45,600,14.3,600,0,36600
MGL30Jan201020PE.NFO,07/01/2020,10:24:36,11.35,12.05,600,13.9,600,0,36600
MGL30Jan201020PE.NFO,07/01/2020,10:24:39,11.35,12.45,600,13.85,600,0,36600
MGL30Jan201020PE.NFO,07/01/2020,10:24:43,11.35,12.2,600,14.25,1200,0,36600
MGL30Jan201020PE.NFO,07/01/2020,10:24:46,11.35,12.5,600,14,600,0,36600
MGL30Jan201020PE.NFO,07/01/2020,10:24:49,11.35,12,600,13.8,600,0,36600
MGL30Jan201020PE.NFO,07/01/2020,10:24:52,11.35,12.4,600,14.15,1200,0,36600
MGL30Jan201020PE.NFO,07/01/2020,10:24:55,11.35,12.7,600,13.9,600,0,36600
MGL30Jan201020PE.NFO,07/01/2020,10:24:58,11.35,12.15,600,13.75,1200,0,36600
MGL30Jan201020PE.NFO,07/01/2020,10:25:02,11.35,12.55,600,13.8,1200,0,36600
MGL30Jan201020PE.NFO,07/01/2020,10:25:05,11.35,12.05,600,14.15,600,0,36600
MGL30Jan201020PE.NFO,07/01/2020,10:25:08,11.35,12.35,600,13.75,1200,0,36600
MGL30Jan201020PE.NFO,07/01/2020,10:25:11,11.35,12.65,600,14.2,600,0,36600
MGL30Jan201020PE.NFO,07/01/2020,10:25:14,11.35,12.7,2400,13.85,1200,0,36600
MGL30Jan201020PE.NFO,07/01/2020,10:25:17,11.35,12.45,600,14.3,600,0,36600
MGL30Jan201020PE.NFO,07/01/2020,10:25:21,11.35,12.05,600,14,600,0,36600
MGL30Jan201020PE.NFO,07/01/2020,10:25:26,11.35,12.55,600,14.3,600,0,36600
MGL30Jan201020PE.NFO,07/01/2020,10:25:30,11.35,12.2,600,13.95,1200,0,36600
MGL30Jan201020PE.NFO,07/01/2020,10:25:34,11.35,12.6,600,14.25,1200,0,36600
MGL30Jan201020PE.NFO,07/01/2020,10:25:39,11.35,12.35,600,13.75,1200,0,36600
MGL30Jan201020PE.NFO,07/01/2020,10:25:44,11.35,12.15,600,13.9,600,0,36600
MGL30Jan201020PE.NFO,07/01/2020,10:25:49,11.35,12.65,600,14.05,600,0,36600
MGL30Jan201020PE.NFO,07/01/2020,10:25:55,11.35,12.4,600,14.2,600,0,36600
MGL30Jan201020PE.NFO,07/01/2020,10:25:59,11.35,12.05,600,13.8,600,0,36600
MGL30Jan201020PE.NFO,07/01/2020,10:26:03,11.35,12.45,600,14.1,600,0,36600
MGL30Jan201020PE.NFO,07/01/2020,10:26:12,11.35,12.5,600,14.15,1200,0,36600
MGL30Jan201020PE.NFO,07/01/2020,10:26:17,11.35,12.25,600,13.8,600,0,36600
MGL30Jan201020PE.NFO,07/01/2020,10:26:20,11.35,12.7,2400,14,600,0,36600
MGL30Jan201020PE.NFO,07/01/2020,10:26:24,11.35,12.4,600,14.35,1200,0,36600
MGL30Jan201020PE.NFO,07/01/2020,10:26:28,11.35,12.75,2400,14,600,0,36600
MGL30Jan201020PE.NFO,07/01/2020,10:26:31,11.35,12.3,600,13.75,1200,0,36600
MGL30Jan201020PE.NFO,07/01/2020,10:26:34,11.35,12.5,3000,13.95,600,0,36600
MGL30Jan201020PE.NFO,07/01/2020,10:26:37,11.35,12.65,2400,13.75,600,0,36600
MGL30Jan201020PE.NFO,07/01/2020,10:26:40,11.35,12.4,600,13.95,1800,0,36600
MGL30Jan201020PE.NFO,07/01/2020,10:26:44,11.35,11.85,600,13.7,1200,0,36600
MGL30Jan201020PE.NFO,07/01/2020,10:26:47,11.35,12.25,600,13.95,1200,0,36600
MGL30Jan201020PE.NFO,07/01/2020,10:26:51,11.35,12.55,600,14.3,600,0,36600
MGL30Jan201020PE.NFO,07/01/2020,10:26:54,11.35,12.3,600,14,600,0,36600
MGL30Jan201020PE.NFO,07/01/2020,10:26:59,11.35,12.05,600,13.9,600,0,36600
MGL30Jan201020PE.NFO,07/01/2020,10:27:02,11.35,12.45,600,14.3,600,0,36600
MGL30Jan201020PE.NFO,07/01/2020,10:27:06,11.35,12.15,600,14,600,0,36600
MGL30Jan201020PE.NFO,07/01/2020,10:27:09,11.35,12.45,600,13.85,1200,0,36600
MGL30Jan201020PE.NFO,07/01/2020,10:27:12,11.35,12.75,600,14.1,600,0,36600
MGL30Jan201020PE.NFO,07/01/2020,10:27:16,11.35,12.4,600,14.3,600,0,36600
MGL30Jan201020PE.NFO,07/01/2020,10:27:19,11.35,12,600,13.9,600,0,36600
MGL30Jan201020PE.NFO,07/01/2020,10:27:22,11.35,12.4,600,14.25,1200,0,36600
MGL30Jan201020PE.NFO,07/01/2020,10:27:26,11.35,12.65,2400,13.9,600,0,36600
MGL30Jan201020PE.NFO,07/01/2020,10:27:29,11.35,12.5,600,14.15,600,0,36600
MGL30Jan201020PE.NFO,07/01/2020,10:27:33,11.35,12.7,2400,13.85,600,0,36600
MGL30Jan201020PE.NFO,07/01/2020,10:27:36,11.35,12.9,2400,14.2,600,0,36600
MGL30Jan201020PE.NFO,07/01/2020,10:27:39,11.35,12.95,3000,13.9,600,0,36600
MGL30Jan201020PE.NFO,07/01/2020,10:27:44,11.35,13,2400,14,600,0,36600
MGL30Jan201020PE.NFO,07/01/2020,10:27:48,11.35,13.05,600,14.2,600,0,36600
MGL30Jan201020PE.NFO,07/01/2020,10:27:51,11.35,13.05,600,14.3,600,0,36600
MGL30Jan201020PE.NFO,07/01/2020,10:27:54,11.35,13.05,600,14,600,0,36600
MGL30Jan201020PE.NFO,07/01/2020,10:27:57,11.35,13.15,600,14.2,600,0,36600
MGL30Jan201020PE.NFO,07/01/2020,10:28:00,11.35,13.15,600,13.95,1200,0,36600
MGL30Jan201020PE.NFO,07/01/2020,10:28:03,11.35,13.15,600,14.1,600,0,36600
MGL30Jan201020PE.NFO,07/01/2020,10:28:06,11.35,13.15,600,14.3,600,0,36600
MGL30Jan201020PE.NFO,07/01/2020,10:28:10,11.35,13.15,600,13.95,1200,0,36600
MGL30Jan201020PE.NFO,07/01/2020,10:28:13,11.35,13.15,600,14,600,0,36600
MGL30Jan201020PE.NFO,07/01/2020,10:28:16,11.35,13.15,3000,14.2,600,0,36600
MGL30Jan201020PE.NFO,07/01/2020,10:28:19,11.35,13.15,3000,13.95,1200,0,36600
MGL30Jan201020PE.NFO,07/01/2020,10:28:22,11.35,13.25,600,14.1,600,0,36600
MGL30Jan201020PE.NFO,07/01/2020,10:28:37,11.35,13.25,600,14.35,600,0,36600
MGL30Jan201020PE.NFO,07/01/2020,10:28:47,11.35,13.15,600,14.35,600,0,36600
MGL30Jan201020PE.NFO,07/01/2020,10:28:50,11.35,13.15,3000,14.35,600,0,36600
MGL30Jan201020PE.NFO,07/01/2020,10:28:59,11.35,13.25,600,14.35,600,0,36600
MGL30Jan201020PE.NFO,07/01/2020,10:29:08,11.35,13.25,3000,14.35,600,0,36600
MGL30Jan201020PE.NFO,07/01/2020,10:29:21,11.35,13.25,600,14.35,600,0,36600
MGL30Jan201020PE.NFO,07/01/2020,10:29:28,11.35,13.25,3000,14.35,600,0,36600
MGL30Jan201020PE.NFO,07/01/2020,10:29:56,11.35,13.3,2400,14.35,600,0,36600
MGL30Jan201020PE.NFO,07/01/2020,10:30:13,11.35,13.4,2400,14.35,600,0,36600
MGL30Jan201020PE.NFO,07/01/2020,10:30:27,11.35,13.3,2400,14.35,600,0,36600
MGL30Jan201020PE.NFO,07/01/2020,10:30:54,11.35,13.4,2400,14.35,600,0,36600
MGL30Jan201020PE.NFO,07/01/2020,10:30:57,11.35,13.3,2400,14.35,600,0,36600
MGL30Jan201020PE.NFO,07/01/2020,10:31:31,11.35,13.4,2400,14.35,600,0,36600
MGL30Jan201020PE.NFO,07/01/2020,10:31:44,11.35,13.2,3000,14.35,600,0,36600
MGL30Jan201020PE.NFO,07/01/2020,10:31:48,11.35,13.45,2400,14.35,600,0,36600
MGL30Jan201020PE.NFO,07/01/2020,10:32:46,11.35,13.15,600,14.35,600,0,36600
MGL30Jan201020PE.NFO,07/01/2020,10:32:50,11.35,13.35,2400,14.35,600,0,36600
MGL30Jan201020PE.NFO,07/01/2020,10:33:05,11.35,13.45,2400,14.3,600,0,36600
MGL30Jan201020PE.NFO,07/01/2020,10:33:08,11.35,13.45,2400,14.35,600,0,36600
MGL30Jan201020PE.NFO,07/01/2020,10:33:09,11.35,13.45,2400,14.25,600,0,36600
MGL30Jan201020PE.NFO,07/01/2020,10:33:14,11.35,13.45,2400,14.3,600,0,36600
MGL30Jan201020PE.NFO,07/01/2020,10:33:17,11.35,13.45,2400,14.25,600,0,36600
MGL30Jan201020PE.NFO,07/01/2020,10:33:27,11.35,13.45,2400,14.3,600,0,36600
MGL30Jan201020PE.NFO,07/01/2020,10:33:30,11.35,13.45,2400,14.25,600,0,36600
MGL30Jan201020PE.NFO,07/01/2020,10:33:33,11.35,13.45,2400,14.3,600,0,36600
MGL30Jan201020PE.NFO,07/01/2020,10:33:41,11.35,13.45,2400,14.25,1800,0,36600
MGL30Jan201020PE.NFO,07/01/2020,10:33:44,11.35,13.45,2400,14.3,600,0,36600
MGL30Jan201020PE.NFO,07/01/2020,10:33:46,11.35,13.45,2400,14.25,1800,0,36600
MGL30Jan201020PE.NFO,07/01/2020,10:33:48,11.35,13.45,2400,14.3,600,0,36600
MGL30Jan201020PE.NFO,07/01/2020,10:33:49,11.35,13.35,2400,14.15,1800,0,36600
MGL30Jan201020PE.NFO,07/01/2020,10:33:51,11.35,13.35,2400,14.25,1800,0,36600
MGL30Jan201020PE.NFO,07/01/2020,10:34:03,11.35,12.8,2400,13.6,600,0,36600
MGL30Jan201020PE.NFO,07/01/2020,10:34:06,11.35,12.95,2400,13.75,600,0,36600
MGL30Jan201020PE.NFO,07/01/2020,10:34:11,11.35,12.6,600,13.9,600,0,36600
MGL30Jan201020PE.NFO,07/01/2020,10:34:15,11.35,12.9,600,14.25,1800,0,36600
MGL30Jan201020PE.NFO,07/01/2020,10:34:18,11.35,12.9,2400,13.75,1800,0,36600
MGL30Jan201020PE.NFO,07/01/2020,10:34:22,11.35,12.15,1200,14.2,1200,0,36600
MGL30Jan201020PE.NFO,07/01/2020,10:34:27,11.35,11.95,1200,13.95,600,0,36600
MGL30Jan201020PE.NFO,07/01/2020,10:34:32,11.35,12.45,600,13.7,1800,0,36600
MGL30Jan201020PE.NFO,07/01/2020,10:34:35,11.35,12.85,600,14,600,0,36600
MGL30Jan201020PE.NFO,07/01/2020,10:34:39,11.35,12.6,600,13.95,1800,0,36600
MGL30Jan201020PE.NFO,07/01/2020,10:34:44,11.35,12.4,1200,14.15,2400,0,36600
MGL30Jan201020PE.NFO,07/01/2020,10:34:48,11.35,12.8,600,13.95,600,0,36600
MGL30Jan201020PE.NFO,07/01/2020,10:34:57,11.35,12.9,1200,14.3,600,0,36600
MGL30Jan201020PE.NFO,07/01/2020,10:35:01,11.35,13.05,1800,13.9,600,0,36600
MGL30Jan201020PE.NFO,07/01/2020,10:35:04,11.35,13.05,1800,14.1,600,0,36600
MGL30Jan201020PE.NFO,07/01/2020,10:35:07,11.35,13.05,600,13.8,600,0,36600
MGL30Jan201020PE.NFO,07/01/2020,10:35:10,11.35,13.05,1800,14.1,600,0,36600
MGL30Jan201020PE.NFO,07/01/2020,10:35:13,11.35,13.15,600,14.2,600,0,36600
MGL30Jan201020PE.NFO,07/01/2020,10:35:17,11.35,13.15,600,13.95,1800,0,36600
MGL30Jan201020PE.NFO,07/01/2020,10:35:20,11.35,13.15,1800,14.05,1800,0,36600
MGL30Jan201020PE.NFO,07/01/2020,10:35:23,11.35,13.25,600,14.1,600,0,36600
MGL30Jan201020PE.NFO,07/01/2020,10:35:26,11.35,13.25,600,14.2,600,0,36600
MGL30Jan201020PE.NFO,07/01/2020,10:35:35,11.35,13.35,600,14.2,600,0,36600
MGL30Jan201020PE.NFO,07/01/2020,10:35:38,11.35,13.35,600,14.15,1800,0,36600
MGL30Jan201020PE.NFO,07/01/2020,10:35:42,11.35,13.35,600,14.1,600,0,36600
MGL30Jan201020PE.NFO,07/01/2020,10:35:45,11.35,13.25,600,14.1,600,0,36600
MGL30Jan201020PE.NFO,07/01/2020,10:35:48,11.35,13.25,600,14.2,600,0,36600
MGL30Jan201020PE.NFO,07/01/2020,10:35:51,11.35,13.25,600,13.9,600,0,36600
MGL30Jan201020PE.NFO,07/01/2020,10:35:54,11.35,13.15,600,14.2,600,0,36600
MGL30Jan201020PE.NFO,07/01/2020,10:35:58,11.35,13.15,600,13.85,1800,0,36600
MGL30Jan201020PE.NFO,07/01/2020,10:36:01,11.35,13.15,600,14.1,600,0,36600
MGL30Jan201020PE.NFO,07/01/2020,10:36:05,11.35,13.15,3000,14.2,600,0,36600
MGL30Jan201020PE.NFO,07/01/2020,10:36:09,11.35,13.2,600,14.3,600,0,36600
MGL30Jan201020PE.NFO,07/01/2020,10:36:13,11.35,13.2,600,14,600,0,36600
MGL30Jan201020PE.NFO,07/01/2020,10:36:17,11.35,13.25,600,14.1,600,0,36600
MGL30Jan201020PE.NFO,07/01/2020,10:36:21,11.35,13.25,600,14.3,600,0,36600
MGL30Jan201020PE.NFO,07/01/2020,10:36:24,11.35,13.25,600,14,600,0,36600
MGL30Jan201020PE.NFO,07/01/2020,10:36:26,11.35,13.25,600,14.2,600,0,36600
MGL30Jan201020PE.NFO,07/01/2020,10:36:29,11.35,13.3,600,13.95,1800,0,36600
MGL30Jan201020PE.NFO,07/01/2020,10:36:31,11.35,13.3,600,14.1,600,0,36600
MGL30Jan201020PE.NFO,07/01/2020,10:36:33,11.35,13.3,600,14,600,0,36600
MGL30Jan201020PE.NFO,07/01/2020,10:36:35,11.35,13.3,600,14.3,600,0,36600
MGL30Jan201020PE.NFO,07/01/2020,10:36:37,11.35,13.3,600,14,600,0,36600
MGL30Jan201020PE.NFO,07/01/2020,10:36:40,11.35,13.3,600,14.2,600,0,36600
MGL30Jan201020PE.NFO,07/01/2020,10:36:42,11.35,13.3,600,14,600,0,36600
MGL30Jan201020PE.NFO,07/01/2020,10:36:45,11.35,13.3,600,14.1,600,0,36600
MGL30Jan201020PE.NFO,07/01/2020,10:36:49,11.35,13.3,600,14.2,600,0,36600
MGL30Jan201020PE.NFO,07/01/2020,10:36:51,11.35,13.3,600,14,600,0,36600
MGL30Jan201020PE.NFO,07/01/2020,10:36:54,11.35,13.3,600,14.2,600,0,36600
MGL30Jan201020PE.NFO,07/01/2020,10:36:57,11.35,13.25,600,14.3,600,0,36600
MGL30Jan201020PE.NFO,07/01/2020,10:37:00,11.35,13.25,600,14,600,0,36600
MGL30Jan201020PE.NFO,07/01/2020,10:37:03,11.35,13.25,3000,14.3,600,0,36600
MGL30Jan201020PE.NFO,07/01/2020,10:37:07,11.35,13.35,2400,14.3,600,0,36600
MGL30Jan201020PE.NFO,07/01/2020,10:37:11,11.35,13.15,3000,14.2,600,0,36600
MGL30Jan201020PE.NFO,07/01/2020,10:37:15,11.35,13.35,2400,14.3,600,0,36600
MGL30Jan201020PE.NFO,07/01/2020,10:37:18,11.35,13.35,3000,14,600,0,36600
MGL30Jan201020PE.NFO,07/01/2020,10:37:22,11.35,13.35,3000,14.05,1200,0,36600
MGL30Jan201020PE.NFO,07/01/2020,10:37:27,11.35,13.35,2400,13.95,1200,0,36600
MGL30Jan201020PE.NFO,07/01/2020,10:37:30,11.35,13.35,3000,14.1,600,0,36600
MGL30Jan201020PE.NFO,07/01/2020,10:37:34,11.35,13.35,2400,14.1,600,0,36600
MGL30Jan201020PE.NFO,07/01/2020,10:37:38,11.35,13.35,2400,14.2,600,0,36600
MGL30Jan201020PE.NFO,07/01/2020,10:37:42,11.35,13.35,3000,14.3,600,0,36600
MGL30Jan201020PE.NFO,07/01/2020,10:37:46,11.35,13.35,2400,14.3,600,0,36600
MGL30Jan201020PE.NFO,07/01/2020,10:37:49,11.35,13.35,2400,14,600,0,36600
MGL30Jan201020PE.NFO,07/01/2020,10:37:52,11.35,13.35,2400,14.1,1200,0,36600
MGL30Jan201020PE.NFO,07/01/2020,10:37:56,11.35,13.35,2400,14.3,1200,0,36600
MGL30Jan201020PE.NFO,07/01/2020,10:38:01,11.35,13.3,3000,14.2,1200,0,36600
MGL30Jan201020PE.NFO,07/01/2020,10:38:05,11.35,13.3,3000,14.3,1200,0,36600
MGL30Jan201020PE.NFO,07/01/2020,10:38:08,11.35,13.3,3000,14,1200,0,36600
MGL30Jan201020PE.NFO,07/01/2020,10:38:11,11.35,13.3,3000,14.2,1200,0,36600
MGL30Jan201020PE.NFO,07/01/2020,10:38:14,11.35,13.3,3000,14.3,1200,0,36600
MGL30Jan201020PE.NFO,07/01/2020,10:38:16,11.35,13.3,3000,14.1,1200,0,36600
MGL30Jan201020PE.NFO,07/01/2020,10:38:18,11.35,13.3,3000,14.3,1200,0,36600
MGL30Jan201020PE.NFO,07/01/2020,10:38:21,11.35,13.3,3000,14,600,0,36600
MGL30Jan201020PE.NFO,07/01/2020,10:38:24,11.35,13.35,2400,14.2,1200,0,36600
MGL30Jan201020PE.NFO,07/01/2020,10:38:28,11.35,13.35,3000,14.3,600,0,36600
MGL30Jan201020PE.NFO,07/01/2020,10:38:38,11.35,13.35,3000,14.05,1800,0,36600
MGL30Jan201020PE.NFO,07/01/2020,10:38:40,11.35,13.35,3000,14.2,600,0,36600
MGL30Jan201020PE.NFO,07/01/2020,10:38:41,11.35,13.35,3000,14.05,1800,0,36600
MGL30Jan201020PE.NFO,07/01/2020,10:38:45,11.35,13.35,2400,14.1,600,0,36600
MGL30Jan201020PE.NFO,07/01/2020,10:38:48,11.35,13.35,3000,14.2,1200,0,36600
MGL30Jan201020PE.NFO,07/01/2020,10:38:52,11.35,13.35,2400,14.2,1200,0,36600
MGL30Jan201020PE.NFO,07/01/2020,10:38:55,11.35,13.35,2400,13.95,1800,0,36600
MGL30Jan201020PE.NFO,07/01/2020,10:38:57,11.35,13.35,2400,14.1,1200,0,36600
MGL30Jan201020PE.NFO,07/01/2020,10:39:10,11.35,13.35,2400,14.2,1200,0,36600
MGL30Jan201020PE.NFO,07/01/2020,10:39:14,11.35,13.3,3000,14.3,1200,0,36600
MGL30Jan201020PE.NFO,07/01/2020,10:39:18,11.35,13.35,3000,14.2,1200,0,36600
MGL30Jan201020PE.NFO,07/01/2020,10:39:25,11.35,13.35,3000,14.3,1200,0,36600
MGL30Jan201020PE.NFO,07/01/2020,10:39:28,11.35,13.3,3000,13.95,1800,0,36600
MGL30Jan201020PE.NFO,07/01/2020,10:39:31,11.35,13.3,3000,14.2,1200,0,36600
MGL30Jan201020PE.NFO,07/01/2020,10:39:34,11.35,13.3,3000,13.95,1800,0,36600
MGL30Jan201020PE.NFO,07/01/2020,10:39:36,11.35,13.3,3000,14.1,1200,0,36600
MGL30Jan201020PE.NFO,07/01/2020,10:39:40,11.35,13.3,3000,14.2,1200,0,36600
MGL30Jan201020PE.NFO,07/01/2020,10:39:43,11.35,13.3,3000,13.95,1800,0,36600
MGL30Jan201020PE.NFO,07/01/2020,10:39:45,11.35,13.3,3000,14.1,1200,0,36600
MGL30Jan201020PE.NFO,07/01/2020,10:39:48,11.35,13.3,3000,14.3,1200,0,36600
MGL30Jan201020PE.NFO,07/01/2020,10:39:51,11.35,13.35,3000,14.05,1800,0,36600
MGL30Jan201020PE.NFO,07/01/2020,10:39:53,11.35,13.35,3000,14.1,1200,0,36600
MGL30Jan201020PE.NFO,07/01/2020,10:39:56,11.35,13.35,3000,14.2,1200,0,36600
MGL30Jan201020PE.NFO,07/01/2020,10:39:59,11.35,13.35,3000,14.05,1800,0,36600
MGL30Jan201020PE.NFO,07/01/2020,10:40:01,11.35,13.35,3000,14.1,1200,0,36600
MGL30Jan201020PE.NFO,07/01/2020,10:40:10,11.35,13.15,3000,14,600,0,36600
MGL30Jan201020PE.NFO,07/01/2020,10:40:14,11.35,13.15,3000,14.1,1200,0,36600
MGL30Jan201020PE.NFO,07/01/2020,10:40:17,11.35,13.15,3000,14.3,1200,0,36600
MGL30Jan201020PE.NFO,07/01/2020,10:40:20,11.35,13.15,3000,14,600,0,36600
MGL30Jan201020PE.NFO,07/01/2020,10:40:22,11.35,13.15,3000,13.85,1800,0,36600
MGL30Jan201020PE.NFO,07/01/2020,10:40:25,11.35,13.15,3000,14.1,1200,0,36600
MGL30Jan201020PE.NFO,07/01/2020,10:40:27,11.35,13.2,3000,13.95,1800,0,36600
MGL30Jan201020PE.NFO,07/01/2020,10:40:30,11.35,13.2,3000,14,600,0,36600
MGL30Jan201020PE.NFO,07/01/2020,10:40:33,11.35,13.2,3000,14.2,1200,0,36600
MGL30Jan201020PE.NFO,07/01/2020,10:40:36,11.35,13.3,3000,13.95,1800,0,36600
MGL30Jan201020PE.NFO,07/01/2020,10:40:39,11.35,13.3,3000,14.1,1200,0,36600
MGL30Jan201020PE.NFO,07/01/2020,10:40:42,11.35,13.3,3000,14.1,600,0,36600
MGL30Jan201020PE.NFO,07/01/2020,10:40:45,11.35,13.25,3000,14.2,600,0,36600
MGL30Jan201020PE.NFO,07/01/2020,10:40:48,11.35,13.25,3000,14.3,1200,0,36600
MGL30Jan201020PE.NFO,07/01/2020,10:40:50,11.35,13.3,3000,14.05,1800,0,36600
MGL30Jan201020PE.NFO,07/01/2020,10:40:53,11.35,13.3,3000,14.2,600,0,36600
MGL30Jan201020PE.NFO,07/01/2020,10:40:55,11.35,13.3,3000,14.3,600,0,36600
MGL30Jan201020PE.NFO,07/01/2020,10:40:58,11.35,13.2,3000,14,600,0,36600
MGL30Jan201020PE.NFO,07/01/2020,10:41:01,11.35,13.2,3000,14.1,1200,0,36600
MGL30Jan201020PE.NFO,07/01/2020,10:41:04,11.35,13.2,3000,14.3,600,0,36600
MGL30Jan201020PE.NFO,07/01/2020,10:41:07,11.35,13.2,3000,14.1,600,0,36600
MGL30Jan201020PE.NFO,07/01/2020,10:41:09,11.35,13.2,3000,13.95,1800,0,36600
MGL30Jan201020PE.NFO,07/01/2020,10:41:11,11.35,13.2,3000,14.1,600,0,36600
MGL30Jan201020PE.NFO,07/01/2020,10:41:14,11.35,13.35,3000,14.1,600,0,36600
MGL30Jan201020PE.NFO,07/01/2020,10:41:17,11.35,13.35,3000,14.3,600,0,36600
MGL30Jan201020PE.NFO,07/01/2020,10:41:18,11.35,13.35,3000,14.1,600,0,36600
MGL30Jan201020PE.NFO,07/01/2020,10:41:20,11.35,13.35,3000,14.3,600,0,36600
MGL30Jan201020PE.NFO,07/01/2020,10:41:26,11.35,13.35,600,14.2,600,0,36600
MGL30Jan201020PE.NFO,07/01/2020,10:41:30,11.35,13.35,2400,14.1,600,0,36600
MGL30Jan201020PE.NFO,07/01/2020,10:41:33,11.35,13.35,3000,14.2,600,0,36600
MGL30Jan201020PE.NFO,07/01/2020,10:41:36,11.35,13.35,3000,14.3,600,0,36600
MGL30Jan201020PE.NFO,07/01/2020,10:41:39,11.35,13.3,3000,14.05,1800,0,36600
MGL30Jan201020PE.NFO,07/01/2020,10:41:45,11.35,13.3,3000,14.1,600,0,36600
MGL30Jan201020PE.NFO,07/01/2020,10:41:48,11.35,13.3,3000,14.2,600,0,36600
MGL30Jan201020PE.NFO,07/01/2020,10:41:51,11.35,13.3,600,14.3,600,0,36600
MGL30Jan201020PE.NFO,07/01/2020,10:41:56,11.35,13.3,600,14.1,600,0,36600
MGL30Jan201020PE.NFO,07/01/2020,10:41:59,11.35,13.3,600,14.2,600,0,36600
MGL30Jan201020PE.NFO,07/01/2020,10:42:02,11.35,13.3,600,14.3,600,0,36600
MGL30Jan201020PE.NFO,07/01/2020,10:42:12,11.35,13.3,3000,14.05,1800,0,36600
MGL30Jan201020PE.NFO,07/01/2020,10:42:15,11.35,13.35,3000,14.05,1800,0,36600
MGL30Jan201020PE.NFO,07/01/2020,10:42:18,11.35,13.35,3000,14.15,1800,0,36600
MGL30Jan201020PE.NFO,07/01/2020,10:42:20,11.35,13.35,3000,14.2,600,0,36600
MGL30Jan201020PE.NFO,07/01/2020,10:42:28,11.35,13.35,3000,14.3,600,0,36600
MGL30Jan201020PE.NFO,07/01/2020,10:42:31,11.35,13.35,3000,14.2,600,0,36600
MGL30Jan201020PE.NFO,07/01/2020,10:42:35,11.35,13.35,3000,14.15,1800,0,36600
MGL30Jan201020PE.NFO,07/01/2020,10:42:40,11.35,13.35,3000,14.2,600,0,36600
MGL30Jan201020PE.NFO,07/01/2020,10:42:53,11.35,13.35,3000,14.3,600,0,36600
MGL30Jan201020PE.NFO,07/01/2020,10:42:55,11.35,13.35,3000,14.15,1800,0,36600
MGL30Jan201020PE.NFO,07/01/2020,10:42:57,11.35,13.35,3000,14.2,600,0,36600
MGL30Jan201020PE.NFO,07/01/2020,10:42:58,11.35,13.35,3000,14.3,600,0,36600
MGL30Jan201020PE.NFO,07/01/2020,10:43:00,11.35,13.35,3000,14.2,600,0,36600
MGL30Jan201020PE.NFO,07/01/2020,10:43:01,11.35,13.35,3000,14.05,1800,0,36600
MGL30Jan201020PE.NFO,07/01/2020,10:43:04,11.35,13.35,600,14.1,600,0,36600
MGL30Jan201020PE.NFO,07/01/2020,10:43:07,11.35,13.2,600,13.95,1800,0,36600
MGL30Jan201020PE.NFO,07/01/2020,10:43:09,11.35,13.2,600,14.2,1200,0,36600
MGL30Jan201020PE.NFO,07/01/2020,10:43:12,11.35,13.25,2400,13.95,1800,0,36600
MGL30Jan201020PE.NFO,07/01/2020,10:43:14,11.35,13.25,3000,14.1,1200,0,36600
MGL30Jan201020PE.NFO,07/01/2020,10:43:17,11.35,13.25,3000,14.2,1200,0,36600
MGL30Jan201020PE.NFO,07/01/2020,10:43:18,11.35,13.25,3000,14.1,1200,0,36600
MGL30Jan201020PE.NFO,07/01/2020,10:43:19,11.35,13.25,3000,14.05,1800,0,36600
MGL30Jan201020PE.NFO,07/01/2020,10:43:20,11.35,13.25,3000,14.3,1200,0,36600
MGL30Jan201020PE.NFO,07/01/2020,10:43:21,11.35,13.25,3000,14.1,600,0,36600
MGL30Jan201020PE.NFO,07/01/2020,10:43:25,11.35,13.25,3000,14.2,1200,0,36600
MGL30Jan201020PE.NFO,07/01/2020,10:43:32,11.35,13.25,3000,14.3,1200,0,36600
MGL30Jan201020PE.NFO,07/01/2020,10:43:35,11.35,13.3,3000,14.05,1800,0,36600
MGL30Jan201020PE.NFO,07/01/2020,10:43:39,11.35,13.3,3000,13.95,1800,0,36600
MGL30Jan201020PE.NFO,07/01/2020,10:43:44,11.35,13.45,3000,14.15,1800,0,36600
MGL30Jan201020PE.NFO,07/01/2020,10:43:48,11.35,13.5,3000,14.25,1800,0,36600
MGL30Jan201020PE.NFO,07/01/2020,10:43:52,11.35,13.5,3000,14.3,600,0,36600
MGL30Jan201020PE.NFO,07/01/2020,10:43:55,11.35,13.4,3000,14.3,600,0,36600
MGL30Jan201020PE.NFO,07/01/2020,10:43:58,11.35,13.4,3000,14.2,600,0,36600
MGL30Jan201020PE.NFO,07/01/2020,10:44:02,11.35,13.4,3000,14.2,1200,0,36600
MGL30Jan201020PE.NFO,07/01/2020,10:44:05,11.35,13.2,3000,14.3,1200,0,36600
MGL30Jan201020PE.NFO,07/01/2020,10:44:09,11.35,13.2,600,13.95,1800,0,36600
MGL30Jan201020PE.NFO,07/01/2020,10:44:12,11.35,13.2,3000,14,600,0,36600
MGL30Jan201020PE.NFO,07/01/2020,10:44:15,11.35,13.2,3000,14.2,1200,0,36600
MGL30Jan201020PE.NFO,07/01/2020,10:44:18,11.35,13.2,3000,13.95,1800,0,36600
MGL30Jan201020PE.NFO,07/01/2020,10:44:20,11.35,13.25,600,14.2,1200,0,36600
MGL30Jan201020PE.NFO,07/01/2020,10:44:24,11.35,13.2,3000,14.3,1200,0,36600
MGL30Jan201020PE.NFO,07/01/2020,10:44:26,11.35,13.25,2400,14,600,0,36600
MGL30Jan201020PE.NFO,07/01/2020,10:44:29,11.35,13.25,3000,14.2,600,0,36600
MGL30Jan201020PE.NFO,07/01/2020,10:44:32,11.35,13.3,2400,14.3,600,0,36600
MGL30Jan201020PE.NFO,07/01/2020,10:44:35,11.35,13.3,2400,14.05,1800,0,36600
MGL30Jan201020PE.NFO,07/01/2020,10:44:40,11.35,13.3,2400,14.2,600,0,36600
MGL30Jan201020PE.NFO,07/01/2020,10:44:42,11.35,13.25,3000,14,600,0,36600
MGL30Jan201020PE.NFO,07/01/2020,10:44:44,11.35,13.35,2400,14.2,600,0,36600
MGL30Jan201020PE.NFO,07/01/2020,10:44:47,11.35,13.35,2400,14.05,1800,0,36600
MGL30Jan201020PE.NFO,07/01/2020,10:44:49,11.35,13.35,2400,14.2,600,0,36600
MGL30Jan201020PE.NFO,07/01/2020,10:44:50,11.35,13.35,2400,14.05,1800,0,36600
MGL30Jan201020PE.NFO,07/01/2020,10:44:52,11.35,13.35,2400,14.2,600,0,36600
MGL30Jan201020PE.NFO,07/01/2020,10:44:54,11.35,13.35,2400,14.05,1800,0,36600
MGL30Jan201020PE.NFO,07/01/2020,10:44:56,11.35,13.35,2400,14.2,600,0,36600
MGL30Jan201020PE.NFO,07/01/2020,10:44:58,11.35,13.35,2400,14.3,600,0,36600
MGL30Jan201020PE.NFO,07/01/2020,10:45:03,11.35,13.35,2400,14.2,600,0,36600
MGL30Jan201020PE.NFO,07/01/2020,10:45:08,11.35,13.35,2400,14.1,600,0,36600
MGL30Jan201020PE.NFO,07/01/2020,10:45:12,11.35,13.3,3000,14.1,600,0,36600
MGL30Jan201020PE.NFO,07/01/2020,10:45:16,11.35,13.25,3000,14.1,600,0,36600
MGL30Jan201020PE.NFO,07/01/2020,10:45:19,11.35,13.3,2400,14.2,1200,0,36600
MGL30Jan201020PE.NFO,07/01/2020,10:45:22,11.35,13.3,2400,14.05,1800,0,36600
MGL30Jan201020PE.NFO,07/01/2020,10:45:25,11.35,13.25,3000,14.3,1200,0,36600
MGL30Jan201020PE.NFO,07/01/2020,10:45:28,11.35,13.25,3000,13.95,1800,0,36600
MGL30Jan201020PE.NFO,07/01/2020,10:45:31,11.35,13.3,2400,14.1,1200,0,36600
MGL30Jan201020PE.NFO,07/01/2020,10:45:34,11.35,13.3,2400,14.3,1200,0,36600
MGL30Jan201020PE.NFO,07/01/2020,10:45:36,11.35,13.3,2400,14.1,1200,0,36600
MGL30Jan201020PE.NFO,07/01/2020,10:45:38,11.35,13.3,2400,13.95,1800,0,36600
MGL30Jan201020PE.NFO,07/01/2020,10:45:41,11.35,13.3,2400,14.1,1200,0,36600
MGL30Jan201020PE.NFO,07/01/2020,10:45:43,11.35,13.3,3000,14.3,600,0,36600
MGL30Jan201020PE.NFO,07/01/2020,10:45:47,11.35,13.3,2400,14.05,1800,0,36600
MGL30Jan201020PE.NFO,07/01/2020,10:45:53,11.35,13.3,2400,14.1,1200,0,36600
MGL30Jan201020PE.NFO,07/01/2020,10:45:56,11.35,13.3,2400,14.2,1200,0,36600
MGL30Jan201020PE.NFO,07/01/2020,10:45:58,11.35,13.3,2400,14.05,1800,0,36600
MGL30Jan201020PE.NFO,07/01/2020,10:45:59,11.35,13.3,2400,14.2,1200,0,36600
MGL30Jan201020PE.NFO,07/01/2020,10:46:02,11.35,13.35,2400,14.3,600,0,36600
MGL30Jan201020PE.NFO,07/01/2020,10:46:05,11.35,13.35,2400,14.05,1800,0,36600
MGL30Jan201020PE.NFO,07/01/2020,10:46:07,11.35,13.3,3000,14.1,600,0,36600
MGL30Jan201020PE.NFO,07/01/2020,10:46:09,11.35,13.3,3000,14.3,1200,0,36600
MGL30Jan201020PE.NFO,07/01/2020,10:46:12,11.35,13.3,3000,14,600,0,36600
MGL30Jan201020PE.NFO,07/01/2020,10:46:15,11.35,13.3,3000,14.2,1200,0,36600
MGL30Jan201020PE.NFO,07/01/2020,10:46:17,11.35,13.3,3000,14.3,1200,0,36600
MGL30Jan201020PE.NFO,07/01/2020,10:46:20,11.35,13.3,2400,14.05,1800,0,36600
MGL30Jan201020PE.NFO,07/01/2020,10:46:23,11.35,13.3,2400,14.1,1200,0,36600
MGL30Jan201020PE.NFO,07/01/2020,10:46:26,11.35,13.3,3000,14.3,1200,0,36600
MGL30Jan201020PE.NFO,07/01/2020,10:46:29,11.35,13.35,2400,14.05,1800,0,36600
MGL30Jan201020PE.NFO,07/01/2020,10:46:32,11.35,13.35,2400,14.1,1200,0,36600
MGL30Jan201020PE.NFO,07/01/2020,10:46:34,11.35,13.35,3000,14.2,1200,0,36600
MGL30Jan201020PE.NFO,07/01/2020,10:46:37,11.35,13.4,2400,14.2,1200,0,36600
MGL30Jan201020PE.NFO,07/01/2020,10:46:46,11.35,13.4,2400,14.15,1800,0,36600
MGL30Jan201020PE.NFO,07/01/2020,10:46:49,11.35,13.2,2400,14.2,1200,0,36600
MGL30Jan201020PE.NFO,07/01/2020,10:46:52,11.35,13.2,2400,14.3,1200,0,36600
MGL30Jan201020PE.NFO,07/01/2020,10:46:55,11.35,13.2,2400,14,1200,0,36600
MGL30Jan201020PE.NFO,07/01/2020,10:46:58,11.35,13.25,600,14.2,1200,0,36600
MGL30Jan201020PE.NFO,07/01/2020,10:47:01,11.35,13.25,2400,14.2,1200,0,36600
MGL30Jan201020PE.NFO,07/01/2020,10:47:04,11.35,13.25,2400,13.95,1800,0,36600
MGL30Jan201020PE.NFO,07/01/2020,10:47:06,11.35,13.25,3000,14.2,1200,0,36600
MGL30Jan201020PE.NFO,07/01/2020,10:47:12,11.35,13.25,2400,13.95,1800,0,36600
MGL30Jan201020PE.NFO,07/01/2020,10:47:16,11.35,12.9,600,14.1,1200,0,36600
MGL30Jan201020PE.NFO,07/01/2020,10:47:22,11.35,13.25,2400,14,600,0,36600
MGL30Jan201020PE.NFO,07/01/2020,10:47:26,11.35,13.25,2400,14.1,1200,0,36600
MGL30Jan201020PE.NFO,07/01/2020,10:47:29,11.35,13.25,2400,14.2,1200,0,36600
MGL30Jan201020PE.NFO,07/01/2020,10:47:33,11.35,13.25,2400,13.95,1800,0,36600
