Ticker,Date,Time,LTP,BuyPrice,BuyQty,SellPrice,SellQty,LTQ,OpenInterest
MINDTREE30Jan20900CE.NFO,07/01/2020,09:24:48,7,6.4,800,7.35,800,800,32000
MINDTREE30Jan20900CE.NFO,07/01/2020,09:24:48,7,6.4,800,7.35,800,0,32000
MINDTREE30Jan20900CE.NFO,07/01/2020,09:24:48,7,6.4,800,7.35,800,0,32000
MINDTREE30Jan20900CE.NFO,07/01/2020,09:24:48,7,6.4,800,7.35,800,0,32000
MINDTREE30Jan20900CE.NFO,07/01/2020,09:24:54,7,6.45,800,7.45,800,0,32000
MINDTREE30Jan20900CE.NFO,07/01/2020,09:25:00,7,6.45,1600,7.4,800,0,32000
MINDTREE30Jan20900CE.NFO,07/01/2020,09:25:06,7,6.45,1600,7.6,800,0,32000
MINDTREE30Jan20900CE.NFO,07/01/2020,09:25:31,7,7,800,7.6,800,0,32000
MINDTREE30Jan20900CE.NFO,07/01/2020,09:26:05,7,7,800,7.5,800,0,32000
MINDTREE30Jan20900CE.NFO,07/01/2020,09:26:36,7,7,800,7.35,800,0,32000
MINDTREE30Jan20900CE.NFO,07/01/2020,09:26:47,7,6.5,800,7.3,800,800,32800
MINDTREE30Jan20900CE.NFO,07/01/2020,09:26:53,7,6.5,800,7.3,800,0,32800
MINDTREE30Jan20900CE.NFO,07/01/2020,09:27:04,7,6.5,800,7.35,800,0,32800
MINDTREE30Jan20900CE.NFO,07/01/2020,09:27:15,7,6.5,800,7.3,800,0,32800
MINDTREE30Jan20900CE.NFO,07/01/2020,09:27:20,7,6.5,800,7.35,800,0,32800
MINDTREE30Jan20900CE.NFO,07/01/2020,09:28:11,7,6.5,800,7.35,1600,0,32800
MINDTREE30Jan20900CE.NFO,07/01/2020,09:28:49,7,6.6,800,7.35,1600,0,32800
MINDTREE30Jan20900CE.NFO,07/01/2020,09:29:00,7,6.6,800,7.35,800,0,32800
MINDTREE30Jan20900CE.NFO,07/01/2020,09:29:06,7,6.6,800,7.55,800,0,32800
MINDTREE30Jan20900CE.NFO,07/01/2020,09:29:28,7,6.6,800,7.5,1600,0,32800
MINDTREE30Jan20900CE.NFO,07/01/2020,09:29:40,7,6.6,800,7.65,800,0,32800
MINDTREE30Jan20900CE.NFO,07/01/2020,09:29:44,7,6.6,800,7.45,800,0,32800
MINDTREE30Jan20900CE.NFO,07/01/2020,09:29:49,7,6.6,800,7.4,800,0,32800
MINDTREE30Jan20900CE.NFO,07/01/2020,09:30:22,7,6.6,800,7.35,1600,0,32800
MINDTREE30Jan20900CE.NFO,07/01/2020,09:30:33,7,6.6,800,7.35,800,0,32800
MINDTREE30Jan20900CE.NFO,07/01/2020,09:30:42,7,6.6,800,7.35,1600,0,32800
MINDTREE30Jan20900CE.NFO,07/01/2020,09:30:52,7,6.6,800,7.3,800,0,32800
MINDTREE30Jan20900CE.NFO,07/01/2020,09:30:57,7,6.6,800,7.35,800,0,32800
MINDTREE30Jan20900CE.NFO,07/01/2020,09:31:02,7,6.6,800,7.45,800,0,32800
MINDTREE30Jan20900CE.NFO,07/01/2020,09:31:08,7,6.6,800,7.4,800,0,32800
MINDTREE30Jan20900CE.NFO,07/01/2020,09:31:14,7,6.6,800,7.45,800,0,32800
MINDTREE30Jan20900CE.NFO,07/01/2020,09:31:21,7,6.6,800,7.55,800,0,32800
MINDTREE30Jan20900CE.NFO,07/01/2020,09:31:26,7,6.6,800,7.5,800,0,32800
MINDTREE30Jan20900CE.NFO,07/01/2020,09:31:32,7,6.6,800,7.55,800,0,32800
MINDTREE30Jan20900CE.NFO,07/01/2020,09:31:43,7,6.6,800,7.5,800,0,32800
MINDTREE30Jan20900CE.NFO,07/01/2020,09:32:16,7,6.6,800,7.4,800,0,32800
MINDTREE30Jan20900CE.NFO,07/01/2020,09:32:22,7,6.6,800,7.65,800,0,32800
MINDTREE30Jan20900CE.NFO,07/01/2020,09:32:34,7,6.6,800,7.6,800,0,32800
MINDTREE30Jan20900CE.NFO,07/01/2020,09:32:39,7,6.6,800,7.5,800,0,32800
MINDTREE30Jan20900CE.NFO,07/01/2020,09:32:51,7,6.6,800,7.6,800,0,32800
MINDTREE30Jan20900CE.NFO,07/01/2020,09:32:56,7,6.6,800,7.5,800,0,32800
MINDTREE30Jan20900CE.NFO,07/01/2020,09:33:02,7,6.6,800,7.55,800,0,32800
MINDTREE30Jan20900CE.NFO,07/01/2020,09:33:09,7,6.6,800,7.4,800,0,32800
MINDTREE30Jan20900CE.NFO,07/01/2020,09:33:14,7,6.6,800,7.65,800,0,32800
MINDTREE30Jan20900CE.NFO,07/01/2020,09:33:19,7,6.6,800,7.5,800,0,32800
MINDTREE30Jan20900CE.NFO,07/01/2020,09:33:25,7,6.6,800,7.55,800,0,32800
MINDTREE30Jan20900CE.NFO,07/01/2020,09:33:30,7,6.6,800,7.5,800,0,32800
MINDTREE30Jan20900CE.NFO,07/01/2020,09:33:35,7,6.6,800,7.35,800,0,32800
MINDTREE30Jan20900CE.NFO,07/01/2020,09:33:40,7,6.6,800,7.55,800,0,32800
MINDTREE30Jan20900CE.NFO,07/01/2020,09:33:45,7,6.6,800,7.35,800,0,32800
MINDTREE30Jan20900CE.NFO,07/01/2020,09:33:50,7,6.6,800,7.55,800,0,32800
MINDTREE30Jan20900CE.NFO,07/01/2020,09:33:59,7,6.6,800,7.35,800,0,32800
MINDTREE30Jan20900CE.NFO,07/01/2020,09:34:04,7,6.6,800,7.45,800,0,32800
MINDTREE30Jan20900CE.NFO,07/01/2020,09:34:09,7,6.6,800,7.55,800,0,32800
MINDTREE30Jan20900CE.NFO,07/01/2020,09:34:14,7,6.6,800,7.35,800,0,32800
MINDTREE30Jan20900CE.NFO,07/01/2020,09:34:24,7,6.6,800,7.45,800,0,32800
MINDTREE30Jan20900CE.NFO,07/01/2020,09:34:30,7,6.6,800,7.55,800,0,32800
MINDTREE30Jan20900CE.NFO,07/01/2020,09:34:36,7,6.6,800,7.6,800,0,32800
MINDTREE30Jan20900CE.NFO,07/01/2020,09:34:42,7,6.6,800,7.55,800,0,32800
MINDTREE30Jan20900CE.NFO,07/01/2020,09:34:47,7,6.6,800,7.45,800,0,32800
MINDTREE30Jan20900CE.NFO,07/01/2020,09:34:53,7,6.6,800,7.55,800,0,32800
MINDTREE30Jan20900CE.NFO,07/01/2020,09:34:58,7,6.6,800,7.45,800,0,32800
MINDTREE30Jan20900CE.NFO,07/01/2020,09:35:04,7,6.6,800,7.65,800,0,32800
MINDTREE30Jan20900CE.NFO,07/01/2020,09:35:10,7,6.6,800,7.9,800,0,32800
MINDTREE30Jan20900CE.NFO,07/01/2020,09:35:15,7,6.6,800,7.8,800,0,32800
MINDTREE30Jan20900CE.NFO,07/01/2020,09:35:23,7,6.6,800,7.9,800,0,32800
MINDTREE30Jan20900CE.NFO,07/01/2020,09:35:28,7,6.6,800,7.8,800,0,32800
MINDTREE30Jan20900CE.NFO,07/01/2020,09:35:33,7,6.6,800,7.85,800,0,32800
MINDTREE30Jan20900CE.NFO,07/01/2020,09:35:39,7,6.6,800,7.8,800,0,32800
MINDTREE30Jan20900CE.NFO,07/01/2020,09:35:45,7,6.6,800,7.6,800,0,32800
MINDTREE30Jan20900CE.NFO,07/01/2020,09:35:52,7,6.6,800,7.65,800,0,32800
MINDTREE30Jan20900CE.NFO,07/01/2020,09:35:58,7,6.6,800,7.6,800,0,32800
MINDTREE30Jan20900CE.NFO,07/01/2020,09:36:03,7,6.6,800,7.7,800,0,32800
MINDTREE30Jan20900CE.NFO,07/01/2020,09:36:09,7,6.6,800,7.55,800,0,32800
MINDTREE30Jan20900CE.NFO,07/01/2020,09:36:14,7,6.6,800,7.65,800,0,32800
MINDTREE30Jan20900CE.NFO,07/01/2020,09:36:20,7,6.6,800,7.6,800,0,32800
MINDTREE30Jan20900CE.NFO,07/01/2020,09:36:26,7,6.6,800,7.75,800,0,32800
MINDTREE30Jan20900CE.NFO,07/01/2020,09:36:30,7,6.6,800,7.65,800,0,32800
MINDTREE30Jan20900CE.NFO,07/01/2020,09:36:35,7,6.6,800,7.55,800,0,32800
MINDTREE30Jan20900CE.NFO,07/01/2020,09:36:40,7,6.6,800,7.65,800,0,32800
MINDTREE30Jan20900CE.NFO,07/01/2020,09:36:44,7,6.6,800,7.75,800,0,32800
MINDTREE30Jan20900CE.NFO,07/01/2020,09:36:49,7,6.6,800,7.65,800,0,32800
MINDTREE30Jan20900CE.NFO,07/01/2020,09:36:58,7,6.6,800,7.7,800,0,32800
MINDTREE30Jan20900CE.NFO,07/01/2020,09:37:03,7,6.6,800,7.6,800,0,32800
MINDTREE30Jan20900CE.NFO,07/01/2020,09:37:08,7,6.6,800,7.55,800,0,32800
MINDTREE30Jan20900CE.NFO,07/01/2020,09:37:13,7,6.6,800,7.5,800,0,32800
MINDTREE30Jan20900CE.NFO,07/01/2020,09:37:17,7,6.6,800,7.7,800,0,32800
MINDTREE30Jan20900CE.NFO,07/01/2020,09:37:25,7,6.6,800,7.5,800,0,32800
MINDTREE30Jan20900CE.NFO,07/01/2020,09:37:35,7,6.6,800,7.6,800,0,32800
MINDTREE30Jan20900CE.NFO,07/01/2020,09:37:39,7,6.7,800,7.3,1600,0,32800
MINDTREE30Jan20900CE.NFO,07/01/2020,09:37:51,7,6.7,800,7.7,800,0,32800
MINDTREE30Jan20900CE.NFO,07/01/2020,09:37:55,6.7,6.3,1600,7.3,1600,800,32800
MINDTREE30Jan20900CE.NFO,07/01/2020,09:37:55,6.7,6.3,1600,7.3,1600,0,32800
MINDTREE30Jan20900CE.NFO,07/01/2020,09:38:00,6.7,6.3,1600,7.3,1600,0,32800
MINDTREE30Jan20900CE.NFO,07/01/2020,09:38:09,6.7,6.25,800,7.25,1600,0,32800
MINDTREE30Jan20900CE.NFO,07/01/2020,09:38:14,6.7,6.05,800,7.25,1600,0,32800
MINDTREE30Jan20900CE.NFO,07/01/2020,09:38:18,6.7,6.2,800,7.25,1600,0,32800
MINDTREE30Jan20900CE.NFO,07/01/2020,09:38:22,6.7,6.15,800,7.25,800,0,32800
MINDTREE30Jan20900CE.NFO,07/01/2020,09:38:26,6.7,6.35,800,7.25,800,0,32800
MINDTREE30Jan20900CE.NFO,07/01/2020,09:38:30,6.7,6.35,800,7.25,1600,0,32800
MINDTREE30Jan20900CE.NFO,07/01/2020,09:38:35,6.7,6.15,800,7.25,1600,0,32800
MINDTREE30Jan20900CE.NFO,07/01/2020,09:38:39,6.7,6.05,800,7.25,1600,0,32800
MINDTREE30Jan20900CE.NFO,07/01/2020,09:38:43,6.7,6.25,800,7.35,800,0,32800
MINDTREE30Jan20900CE.NFO,07/01/2020,09:38:48,6.7,6.05,800,7.4,800,0,32800
MINDTREE30Jan20900CE.NFO,07/01/2020,09:38:52,6.7,6.35,800,7.6,800,0,32800
MINDTREE30Jan20900CE.NFO,07/01/2020,09:38:56,6.7,6.15,800,7.5,800,0,32800
MINDTREE30Jan20900CE.NFO,07/01/2020,09:39:00,6.7,6.15,800,7.6,800,0,32800
MINDTREE30Jan20900CE.NFO,07/01/2020,09:39:05,6.7,6.15,800,7.3,800,0,32800
MINDTREE30Jan20900CE.NFO,07/01/2020,09:39:09,6.7,6.4,800,7.6,800,0,32800
MINDTREE30Jan20900CE.NFO,07/01/2020,09:39:13,6.7,6.4,1600,7.5,800,0,32800
MINDTREE30Jan20900CE.NFO,07/01/2020,09:39:18,6.7,6.4,800,7.5,800,0,32800
MINDTREE30Jan20900CE.NFO,07/01/2020,09:39:23,6.7,6.4,1600,7.7,800,0,32800
MINDTREE30Jan20900CE.NFO,07/01/2020,09:39:28,6.7,6.4,1600,7.3,800,0,32800
MINDTREE30Jan20900CE.NFO,07/01/2020,09:39:32,6.7,6.4,800,7.65,800,0,32800
MINDTREE30Jan20900CE.NFO,07/01/2020,09:39:36,6.7,6.4,800,7.55,800,0,32800
MINDTREE30Jan20900CE.NFO,07/01/2020,09:39:40,6.7,6.4,1600,7.55,800,0,32800
MINDTREE30Jan20900CE.NFO,07/01/2020,09:39:49,6.7,6.4,800,7.45,800,0,32800
MINDTREE30Jan20900CE.NFO,07/01/2020,09:40:00,6.7,6.4,800,7.75,800,0,32800
MINDTREE30Jan20900CE.NFO,07/01/2020,09:40:05,6.7,6.4,800,7.65,800,0,32800
MINDTREE30Jan20900CE.NFO,07/01/2020,09:40:11,6.7,6.4,800,7.35,800,0,32800
MINDTREE30Jan20900CE.NFO,07/01/2020,09:40:16,6.7,6.4,800,7.45,800,0,32800
MINDTREE30Jan20900CE.NFO,07/01/2020,09:40:21,6.7,6.4,800,7.7,800,0,32800
MINDTREE30Jan20900CE.NFO,07/01/2020,09:40:31,6.7,6.4,800,7.5,800,0,32800
MINDTREE30Jan20900CE.NFO,07/01/2020,09:40:36,6.7,6.4,800,7.6,800,0,32800
MINDTREE30Jan20900CE.NFO,07/01/2020,09:40:41,6.7,6.4,800,7.55,800,0,32800
MINDTREE30Jan20900CE.NFO,07/01/2020,09:40:50,6.7,6.4,800,7.65,800,0,32800
MINDTREE30Jan20900CE.NFO,07/01/2020,09:40:55,6.7,6.5,1600,7.55,800,0,32800
MINDTREE30Jan20900CE.NFO,07/01/2020,09:40:59,6.7,6.5,1600,7.85,800,0,32800
MINDTREE30Jan20900CE.NFO,07/01/2020,09:41:05,6.7,6.6,1600,7.8,800,0,32800
MINDTREE30Jan20900CE.NFO,07/01/2020,09:41:11,6.7,6.6,800,7.7,800,0,32800
MINDTREE30Jan20900CE.NFO,07/01/2020,09:41:16,6.7,6.6,800,7.65,800,0,32800
MINDTREE30Jan20900CE.NFO,07/01/2020,09:41:20,6.7,6.6,800,7.75,800,0,32800
MINDTREE30Jan20900CE.NFO,07/01/2020,09:41:25,6.7,6.5,1600,7.75,800,0,32800
MINDTREE30Jan20900CE.NFO,07/01/2020,09:41:29,6.7,6.5,1600,7.65,800,0,32800
MINDTREE30Jan20900CE.NFO,07/01/2020,09:41:34,6.7,6.6,800,7.6,800,0,32800
MINDTREE30Jan20900CE.NFO,07/01/2020,09:41:39,6.7,6.6,800,7.8,800,0,32800
MINDTREE30Jan20900CE.NFO,07/01/2020,09:41:49,6.7,6.6,800,7.6,800,0,32800
MINDTREE30Jan20900CE.NFO,07/01/2020,09:41:54,6.7,6.6,800,7.7,800,0,32800
MINDTREE30Jan20900CE.NFO,07/01/2020,09:42:01,6.7,6.3,800,7.85,1600,0,32800
MINDTREE30Jan20900CE.NFO,07/01/2020,09:42:20,6.7,6.3,800,7.85,800,0,32800
MINDTREE30Jan20900CE.NFO,07/01/2020,09:43:16,6.7,6.5,800,7.85,800,0,32800
MINDTREE30Jan20900CE.NFO,07/01/2020,09:43:36,6.7,6.55,800,7.85,800,0,32800
MINDTREE30Jan20900CE.NFO,07/01/2020,09:43:41,6.7,5.85,800,7.85,1600,0,32800
MINDTREE30Jan20900CE.NFO,07/01/2020,09:43:46,6.7,5.65,800,7.85,1600,0,32800
MINDTREE30Jan20900CE.NFO,07/01/2020,09:43:51,6.7,5.75,800,7.85,1600,0,32800
MINDTREE30Jan20900CE.NFO,07/01/2020,09:43:55,6.7,6.3,800,7.85,1600,0,32800
MINDTREE30Jan20900CE.NFO,07/01/2020,09:43:59,6.7,6,800,7.85,800,0,32800
MINDTREE30Jan20900CE.NFO,07/01/2020,09:44:05,6.7,5.9,800,7.85,800,0,32800
MINDTREE30Jan20900CE.NFO,07/01/2020,09:44:10,6.7,6.1,800,7.85,800,0,32800
MINDTREE30Jan20900CE.NFO,07/01/2020,09:44:16,6.7,6,800,7.85,800,0,32800
MINDTREE30Jan20900CE.NFO,07/01/2020,09:44:26,6.7,6.5,1600,7.85,800,0,32800
MINDTREE30Jan20900CE.NFO,07/01/2020,09:44:32,6.7,6.45,800,7.85,800,0,32800
MINDTREE30Jan20900CE.NFO,07/01/2020,09:44:37,6.7,5.95,800,7.85,800,0,32800
MINDTREE30Jan20900CE.NFO,07/01/2020,09:44:42,6.7,6.15,800,7.85,800,0,32800
MINDTREE30Jan20900CE.NFO,07/01/2020,09:44:47,6.7,6.25,800,7.85,800,0,32800
MINDTREE30Jan20900CE.NFO,07/01/2020,09:44:52,6.7,6.35,800,7.85,800,0,32800
MINDTREE30Jan20900CE.NFO,07/01/2020,09:44:57,6.7,6.05,800,7.85,800,0,32800
MINDTREE30Jan20900CE.NFO,07/01/2020,09:45:08,6.7,5.85,800,7.85,800,0,32800
MINDTREE30Jan20900CE.NFO,07/01/2020,09:45:15,6.7,5.95,800,7.85,800,0,32800
MINDTREE30Jan20900CE.NFO,07/01/2020,09:45:21,6.7,6.55,800,7.85,800,0,32800
MINDTREE30Jan20900CE.NFO,07/01/2020,09:45:27,6.7,5.75,800,7.85,800,0,32800
MINDTREE30Jan20900CE.NFO,07/01/2020,09:45:33,6.7,6.05,800,7.85,800,0,32800
MINDTREE30Jan20900CE.NFO,07/01/2020,09:45:40,6.7,6.25,800,7.85,800,0,32800
MINDTREE30Jan20900CE.NFO,07/01/2020,09:45:45,6.7,5.65,800,7.85,1600,0,32800
MINDTREE30Jan20900CE.NFO,07/01/2020,09:45:51,6.7,6,800,7.85,1600,0,32800
MINDTREE30Jan20900CE.NFO,07/01/2020,09:46:08,6.7,6.1,800,7.85,1600,0,32800
MINDTREE30Jan20900CE.NFO,07/01/2020,09:46:13,6.7,5.9,800,7.85,1600,0,32800
MINDTREE30Jan20900CE.NFO,07/01/2020,09:46:18,6.7,5.75,800,7.85,1600,0,32800
MINDTREE30Jan20900CE.NFO,07/01/2020,09:46:23,6.7,5.85,800,7.85,1600,0,32800
MINDTREE30Jan20900CE.NFO,07/01/2020,09:46:32,6.7,5.95,800,7.85,1600,0,32800
MINDTREE30Jan20900CE.NFO,07/01/2020,09:46:38,6.7,6.25,800,7.85,800,0,32800
MINDTREE30Jan20900CE.NFO,07/01/2020,09:46:43,6.7,5.65,800,7.85,800,0,32800
MINDTREE30Jan20900CE.NFO,07/01/2020,09:46:47,6.7,5.95,800,7.85,800,0,32800
MINDTREE30Jan20900CE.NFO,07/01/2020,09:46:51,6.7,5.75,800,7.85,800,0,32800
MINDTREE30Jan20900CE.NFO,07/01/2020,09:46:56,6.7,6.15,800,7.85,800,0,32800
MINDTREE30Jan20900CE.NFO,07/01/2020,09:47:00,6.7,5.65,800,7.85,800,0,32800
MINDTREE30Jan20900CE.NFO,07/01/2020,09:47:05,6.7,5.55,800,7.85,800,0,32800
MINDTREE30Jan20900CE.NFO,07/01/2020,09:47:10,6.7,5.9,800,7.85,800,0,32800
MINDTREE30Jan20900CE.NFO,07/01/2020,09:47:14,6.7,5.8,800,7.85,800,0,32800
MINDTREE30Jan20900CE.NFO,07/01/2020,09:47:18,6.7,6.1,800,7.85,1600,0,32800
MINDTREE30Jan20900CE.NFO,07/01/2020,09:47:22,6.7,5.8,800,7.85,1600,0,32800
MINDTREE30Jan20900CE.NFO,07/01/2020,09:47:27,6.7,5.5,800,7.85,1600,0,32800
MINDTREE30Jan20900CE.NFO,07/01/2020,09:47:32,6.7,5.4,800,7.85,1600,0,32800
MINDTREE30Jan20900CE.NFO,07/01/2020,09:47:36,6.7,5.9,800,7.85,1600,0,32800
MINDTREE30Jan20900CE.NFO,07/01/2020,09:47:40,6.7,5.45,800,7.85,1600,0,32800
MINDTREE30Jan20900CE.NFO,07/01/2020,09:47:45,6.7,5.65,800,7.85,1600,0,32800
MINDTREE30Jan20900CE.NFO,07/01/2020,09:47:49,6.7,6.05,800,7.85,1600,0,32800
MINDTREE30Jan20900CE.NFO,07/01/2020,09:47:53,6.7,5.65,800,7.85,1600,0,32800
MINDTREE30Jan20900CE.NFO,07/01/2020,09:48:01,6.7,5.7,800,7.85,1600,0,32800
MINDTREE30Jan20900CE.NFO,07/01/2020,09:48:05,6.7,5.55,800,7.85,1600,0,32800
MINDTREE30Jan20900CE.NFO,07/01/2020,09:48:09,6.7,5.85,800,7.85,1600,0,32800
MINDTREE30Jan20900CE.NFO,07/01/2020,09:48:13,6.7,5.95,800,7.85,1600,0,32800
MINDTREE30Jan20900CE.NFO,07/01/2020,09:48:21,6.7,6.05,800,7.85,1600,0,32800
MINDTREE30Jan20900CE.NFO,07/01/2020,09:48:24,6.7,5.95,800,7.85,1600,0,32800
MINDTREE30Jan20900CE.NFO,07/01/2020,09:48:28,6.7,5.75,800,7.85,1600,0,32800
MINDTREE30Jan20900CE.NFO,07/01/2020,09:48:32,6.7,5.6,800,7.85,1600,0,32800
MINDTREE30Jan20900CE.NFO,07/01/2020,09:48:37,6.7,5.8,800,7.85,1600,0,32800
MINDTREE30Jan20900CE.NFO,07/01/2020,09:48:41,6.7,5.65,800,7.85,1600,0,32800
MINDTREE30Jan20900CE.NFO,07/01/2020,09:48:46,6.7,5.95,800,7.85,1600,0,32800
MINDTREE30Jan20900CE.NFO,07/01/2020,09:48:50,6.7,6.15,800,7.85,1600,0,32800
MINDTREE30Jan20900CE.NFO,07/01/2020,09:48:54,6.7,5.95,800,7.85,1600,0,32800
MINDTREE30Jan20900CE.NFO,07/01/2020,09:48:57,6.7,5.35,800,7.85,1600,0,32800
MINDTREE30Jan20900CE.NFO,07/01/2020,09:49:01,6.7,5.95,800,7.85,1600,0,32800
MINDTREE30Jan20900CE.NFO,07/01/2020,09:49:06,6.7,5.85,800,7.85,1600,0,32800
MINDTREE30Jan20900CE.NFO,07/01/2020,09:49:11,6.7,5.6,800,7.85,1600,0,32800
MINDTREE30Jan20900CE.NFO,07/01/2020,09:49:16,6.7,5.9,800,7.85,1600,0,32800
MINDTREE30Jan20900CE.NFO,07/01/2020,09:49:21,6.7,6.2,800,7.85,1600,0,32800
MINDTREE30Jan20900CE.NFO,07/01/2020,09:49:27,6.7,5.95,800,7.85,1600,0,32800
MINDTREE30Jan20900CE.NFO,07/01/2020,09:49:33,6.7,5.5,800,7.85,1600,0,32800
MINDTREE30Jan20900CE.NFO,07/01/2020,09:49:38,6.7,5.9,800,7.85,1600,0,32800
MINDTREE30Jan20900CE.NFO,07/01/2020,09:49:43,6.7,5.6,800,7.85,1600,0,32800
MINDTREE30Jan20900CE.NFO,07/01/2020,09:49:49,6.7,5.6,800,7.85,800,0,32800
MINDTREE30Jan20900CE.NFO,07/01/2020,09:49:53,6.7,5.4,2400,7.85,800,0,32800
MINDTREE30Jan20900CE.NFO,07/01/2020,09:49:58,6.7,5.6,800,7.85,800,0,32800
MINDTREE30Jan20900CE.NFO,07/01/2020,09:50:03,6.7,5.75,800,7.85,800,0,32800
MINDTREE30Jan20900CE.NFO,07/01/2020,09:50:14,6.7,5.55,800,7.85,800,0,32800
MINDTREE30Jan20900CE.NFO,07/01/2020,09:50:19,6.7,6.15,800,7.85,800,0,32800
MINDTREE30Jan20900CE.NFO,07/01/2020,09:50:24,6.7,6.25,800,7.85,800,0,32800
MINDTREE30Jan20900CE.NFO,07/01/2020,09:50:29,6.7,5.35,2400,7.85,800,0,32800
MINDTREE30Jan20900CE.NFO,07/01/2020,09:50:33,6.7,5.9,800,7.85,800,0,32800
MINDTREE30Jan20900CE.NFO,07/01/2020,09:50:38,6.7,6.05,800,7.85,800,0,32800
MINDTREE30Jan20900CE.NFO,07/01/2020,09:50:45,6.7,5.45,800,7.85,800,0,32800
MINDTREE30Jan20900CE.NFO,07/01/2020,09:50:50,6.7,5.65,800,7.85,800,0,32800
MINDTREE30Jan20900CE.NFO,07/01/2020,09:50:55,6.7,6.05,800,7.85,800,0,32800
MINDTREE30Jan20900CE.NFO,07/01/2020,09:50:59,6.7,6.15,800,7.85,800,0,32800
MINDTREE30Jan20900CE.NFO,07/01/2020,09:51:04,6.7,5.6,800,7.85,800,0,32800
MINDTREE30Jan20900CE.NFO,07/01/2020,09:51:09,6.7,6.2,800,7.85,800,0,32800
MINDTREE30Jan20900CE.NFO,07/01/2020,09:51:15,6.7,5.55,800,7.85,800,0,32800
MINDTREE30Jan20900CE.NFO,07/01/2020,09:51:20,6.7,6,800,7.85,800,0,32800
MINDTREE30Jan20900CE.NFO,07/01/2020,09:51:26,6.7,5.5,800,7.75,800,0,32800
MINDTREE30Jan20900CE.NFO,07/01/2020,09:51:31,6.7,5.45,800,7.75,800,0,32800
MINDTREE30Jan20900CE.NFO,07/01/2020,09:51:36,6.7,5.25,2400,7.75,800,0,32800
MINDTREE30Jan20900CE.NFO,07/01/2020,09:51:40,6.7,5.7,800,7.75,1600,0,32800
MINDTREE30Jan20900CE.NFO,07/01/2020,09:51:45,6.7,5.4,800,7.75,1600,0,32800
MINDTREE30Jan20900CE.NFO,07/01/2020,09:51:49,6.7,6.15,800,7.75,1600,0,32800
MINDTREE30Jan20900CE.NFO,07/01/2020,09:51:57,6.7,5.75,800,7.75,1600,0,32800
MINDTREE30Jan20900CE.NFO,07/01/2020,09:52:01,6.7,5.8,800,7.75,1600,0,32800
MINDTREE30Jan20900CE.NFO,07/01/2020,09:52:05,6.7,6,800,7.75,1600,0,32800
MINDTREE30Jan20900CE.NFO,07/01/2020,09:52:09,6.7,5.7,800,7.75,1600,0,32800
MINDTREE30Jan20900CE.NFO,07/01/2020,09:52:13,6.7,5.3,800,7.75,1600,0,32800
MINDTREE30Jan20900CE.NFO,07/01/2020,09:52:17,6.7,5.9,800,7.75,1600,0,32800
MINDTREE30Jan20900CE.NFO,07/01/2020,09:52:22,6.7,5.3,800,7.75,1600,0,32800
MINDTREE30Jan20900CE.NFO,07/01/2020,09:52:26,6.7,5.6,800,7.75,1600,0,32800
MINDTREE30Jan20900CE.NFO,07/01/2020,09:52:32,6.7,5.4,800,7.75,1600,0,32800
MINDTREE30Jan20900CE.NFO,07/01/2020,09:52:36,6.7,5.9,800,7.75,1600,0,32800
MINDTREE30Jan20900CE.NFO,07/01/2020,09:52:41,6.7,5.6,800,7.75,1600,0,32800
MINDTREE30Jan20900CE.NFO,07/01/2020,09:52:45,6.7,5.4,800,7.75,1600,0,32800
MINDTREE30Jan20900CE.NFO,07/01/2020,09:52:49,6.7,5.65,800,7.75,1600,0,32800
MINDTREE30Jan20900CE.NFO,07/01/2020,09:52:53,6.7,5.5,800,7.75,1600,0,32800
MINDTREE30Jan20900CE.NFO,07/01/2020,09:52:56,6.7,5.7,800,7.75,1600,0,32800
MINDTREE30Jan20900CE.NFO,07/01/2020,09:53:01,6.7,5.65,800,7.75,1600,0,32800
MINDTREE30Jan20900CE.NFO,07/01/2020,09:53:06,6.7,5.35,800,7.75,1600,0,32800
MINDTREE30Jan20900CE.NFO,07/01/2020,09:53:12,6.7,6,800,7.75,1600,0,32800
MINDTREE30Jan20900CE.NFO,07/01/2020,09:53:17,6.7,5.4,800,7.75,1600,0,32800
MINDTREE30Jan20900CE.NFO,07/01/2020,09:53:22,6.7,5.25,800,7.75,1600,0,32800
MINDTREE30Jan20900CE.NFO,07/01/2020,09:53:28,6.7,6.1,800,7.75,1600,0,32800
MINDTREE30Jan20900CE.NFO,07/01/2020,09:53:33,6.7,5.45,800,7.75,1600,0,32800
MINDTREE30Jan20900CE.NFO,07/01/2020,09:53:38,6.7,5.35,800,7.75,1600,0,32800
MINDTREE30Jan20900CE.NFO,07/01/2020,09:53:43,6.7,5.9,800,7.75,1600,0,32800
MINDTREE30Jan20900CE.NFO,07/01/2020,09:53:48,6.7,5.35,800,7.75,1600,0,32800
MINDTREE30Jan20900CE.NFO,07/01/2020,09:53:52,6.7,5.45,800,7.75,1600,0,32800
MINDTREE30Jan20900CE.NFO,07/01/2020,09:53:56,6.7,6.05,800,7.75,1600,0,32800
MINDTREE30Jan20900CE.NFO,07/01/2020,09:54:00,6.7,5.85,800,7.75,1600,0,32800
MINDTREE30Jan20900CE.NFO,07/01/2020,09:54:05,6.7,5.95,800,7.75,1600,0,32800
MINDTREE30Jan20900CE.NFO,07/01/2020,09:54:09,6.7,5.45,800,7.75,1600,0,32800
MINDTREE30Jan20900CE.NFO,07/01/2020,09:54:14,6.7,5.75,800,7.75,1600,0,32800
MINDTREE30Jan20900CE.NFO,07/01/2020,09:54:19,6.7,5.85,800,7.75,1600,0,32800
MINDTREE30Jan20900CE.NFO,07/01/2020,09:54:23,6.7,5.3,800,7.75,1600,0,32800
MINDTREE30Jan20900CE.NFO,07/01/2020,09:54:28,6.7,5.95,800,7.75,1600,0,32800
MINDTREE30Jan20900CE.NFO,07/01/2020,09:54:32,6.7,5.65,800,7.75,1600,0,32800
MINDTREE30Jan20900CE.NFO,07/01/2020,09:54:36,6.7,5.85,800,7.75,1600,0,32800
MINDTREE30Jan20900CE.NFO,07/01/2020,09:54:41,6.7,6.05,800,7.75,1600,0,32800
MINDTREE30Jan20900CE.NFO,07/01/2020,09:54:50,6.7,5.9,800,7.75,1600,0,32800
MINDTREE30Jan20900CE.NFO,07/01/2020,09:54:55,6.7,5.85,800,7.75,1600,0,32800
MINDTREE30Jan20900CE.NFO,07/01/2020,09:55:00,6.7,5.65,800,7.75,1600,0,32800
MINDTREE30Jan20900CE.NFO,07/01/2020,09:55:05,6.7,5.2,800,7.75,1600,0,32800
MINDTREE30Jan20900CE.NFO,07/01/2020,09:55:10,6.7,6.05,800,7.75,1600,0,32800
MINDTREE30Jan20900CE.NFO,07/01/2020,09:55:12,6.7,5.85,800,7.75,800,0,32800
MINDTREE30Jan20900CE.NFO,07/01/2020,09:55:13,6.7,6.1,800,7.75,800,0,32800
MINDTREE30Jan20900CE.NFO,07/01/2020,09:55:14,6.7,5.3,800,7.75,800,0,32800
MINDTREE30Jan20900CE.NFO,07/01/2020,09:55:15,6.7,6.1,800,7.75,800,0,32800
MINDTREE30Jan20900CE.NFO,07/01/2020,09:55:20,6.7,6.15,800,7.75,800,0,32800
MINDTREE30Jan20900CE.NFO,07/01/2020,09:55:21,6.7,6.2,800,7.75,800,0,32800
MINDTREE30Jan20900CE.NFO,07/01/2020,09:55:21,6.7,6.15,800,7.75,1600,0,32800
MINDTREE30Jan20900CE.NFO,07/01/2020,09:55:22,6.7,6.15,800,7.75,800,0,32800
MINDTREE30Jan20900CE.NFO,07/01/2020,09:55:24,6.7,5.5,1600,7.75,800,0,32800
MINDTREE30Jan20900CE.NFO,07/01/2020,09:55:25,6.7,6.15,800,7.75,800,0,32800
MINDTREE30Jan20900CE.NFO,07/01/2020,09:55:27,6.7,6.05,800,7.75,1600,0,32800
MINDTREE30Jan20900CE.NFO,07/01/2020,09:55:28,6.7,5.65,800,7.75,1600,0,32800
MINDTREE30Jan20900CE.NFO,07/01/2020,09:55:28,6.7,6.05,800,7.75,1600,0,32800
MINDTREE30Jan20900CE.NFO,07/01/2020,09:55:29,6.7,5.95,800,7.75,1600,0,32800
MINDTREE30Jan20900CE.NFO,07/01/2020,09:55:30,6.7,5.7,800,7.75,1600,0,32800
MINDTREE30Jan20900CE.NFO,07/01/2020,09:55:31,6.7,6.15,800,7.75,1600,0,32800
MINDTREE30Jan20900CE.NFO,07/01/2020,09:55:33,6.7,5.55,800,7.75,1600,0,32800
MINDTREE30Jan20900CE.NFO,07/01/2020,09:55:34,6.7,6.1,800,7.75,1600,0,32800
MINDTREE30Jan20900CE.NFO,07/01/2020,09:55:35,6.7,6.15,800,7.75,1600,0,32800
MINDTREE30Jan20900CE.NFO,07/01/2020,09:55:35,6.7,6.1,800,7.75,1600,0,32800
MINDTREE30Jan20900CE.NFO,07/01/2020,09:55:37,6.7,5.55,800,7.75,1600,0,32800
MINDTREE30Jan20900CE.NFO,07/01/2020,09:55:37,6.7,6.15,800,7.75,1600,0,32800
MINDTREE30Jan20900CE.NFO,07/01/2020,09:55:38,6.7,6.1,800,7.75,1600,0,32800
MINDTREE30Jan20900CE.NFO,07/01/2020,09:55:41,6.7,6.15,800,7.75,1600,0,32800
MINDTREE30Jan20900CE.NFO,07/01/2020,09:55:45,6.7,5.9,800,7.75,1600,0,32800
MINDTREE30Jan20900CE.NFO,07/01/2020,09:55:46,6.7,6.15,800,7.75,1600,0,32800
MINDTREE30Jan20900CE.NFO,07/01/2020,09:55:47,6.7,6.2,800,7.75,1600,0,32800
MINDTREE30Jan20900CE.NFO,07/01/2020,09:55:50,6.7,5.55,800,7.75,1600,0,32800
MINDTREE30Jan20900CE.NFO,07/01/2020,09:55:53,6.7,5.75,800,7.75,1600,0,32800
MINDTREE30Jan20900CE.NFO,07/01/2020,09:55:54,6.7,6.25,800,7.75,1600,0,32800
MINDTREE30Jan20900CE.NFO,07/01/2020,09:55:55,6.7,6.2,800,7.75,1600,0,32800
MINDTREE30Jan20900CE.NFO,07/01/2020,09:55:56,6.7,5.9,800,7.75,800,0,32800
MINDTREE30Jan20900CE.NFO,07/01/2020,09:55:56,6.7,6.05,800,7.75,1600,0,32800
MINDTREE30Jan20900CE.NFO,07/01/2020,09:55:57,6.7,5.8,800,7.75,800,0,32800
MINDTREE30Jan20900CE.NFO,07/01/2020,09:55:58,6.7,6.05,800,7.75,1600,0,32800
MINDTREE30Jan20900CE.NFO,07/01/2020,09:55:59,6.7,6,1600,7.75,1600,0,32800
MINDTREE30Jan20900CE.NFO,07/01/2020,09:56:00,6.7,6.2,800,7.75,1600,0,32800
MINDTREE30Jan20900CE.NFO,07/01/2020,09:56:02,6.7,6.05,800,7.75,800,0,32800
MINDTREE30Jan20900CE.NFO,07/01/2020,09:56:03,6.7,6.2,800,7.75,800,0,32800
MINDTREE30Jan20900CE.NFO,07/01/2020,09:56:05,6.7,5.75,800,7.75,800,0,32800
MINDTREE30Jan20900CE.NFO,07/01/2020,09:56:06,6.7,6.2,800,7.75,800,0,32800
MINDTREE30Jan20900CE.NFO,07/01/2020,09:56:07,6.7,5.6,800,7.75,800,0,32800
MINDTREE30Jan20900CE.NFO,07/01/2020,09:56:08,6.7,5.7,1600,7.75,800,0,32800
MINDTREE30Jan20900CE.NFO,07/01/2020,09:56:09,6.7,6.1,800,7.75,800,0,32800
MINDTREE30Jan20900CE.NFO,07/01/2020,09:56:11,6.7,6.2,800,7.75,800,0,32800
MINDTREE30Jan20900CE.NFO,07/01/2020,09:56:11,6.7,6.15,800,7.75,800,0,32800
MINDTREE30Jan20900CE.NFO,07/01/2020,09:56:13,6.7,6.25,800,7.75,800,0,32800
MINDTREE30Jan20900CE.NFO,07/01/2020,09:56:18,6.7,6.15,800,7.75,800,0,32800
MINDTREE30Jan20900CE.NFO,07/01/2020,09:56:19,6.7,5.9,800,7.75,800,0,32800
MINDTREE30Jan20900CE.NFO,07/01/2020,09:56:21,6.7,6.3,800,7.75,800,0,32800
MINDTREE30Jan20900CE.NFO,07/01/2020,09:56:22,6.7,5.4,800,7.75,800,0,32800
MINDTREE30Jan20900CE.NFO,07/01/2020,09:56:23,6.7,6.1,800,7.75,800,0,32800
MINDTREE30Jan20900CE.NFO,07/01/2020,09:56:24,6.7,5.65,1600,7.75,800,0,32800
MINDTREE30Jan20900CE.NFO,07/01/2020,09:56:25,6.7,6.25,800,7.75,800,0,32800
MINDTREE30Jan20900CE.NFO,07/01/2020,09:56:27,6.7,6.05,800,7.75,800,0,32800
MINDTREE30Jan20900CE.NFO,07/01/2020,09:56:29,6.7,6.25,800,7.75,800,0,32800
MINDTREE30Jan20900CE.NFO,07/01/2020,09:56:30,6.7,6.35,800,7.75,800,0,32800
MINDTREE30Jan20900CE.NFO,07/01/2020,09:56:32,6.7,5.95,800,7.75,800,0,32800
MINDTREE30Jan20900CE.NFO,07/01/2020,09:56:36,6.7,6.1,800,7.75,800,0,32800
MINDTREE30Jan20900CE.NFO,07/01/2020,09:56:37,6.7,6.2,800,7.75,800,0,32800
MINDTREE30Jan20900CE.NFO,07/01/2020,09:56:42,6.7,6.3,800,7.75,800,0,32800
MINDTREE30Jan20900CE.NFO,07/01/2020,09:56:44,6.7,6.2,800,7.75,800,0,32800
MINDTREE30Jan20900CE.NFO,07/01/2020,09:56:45,6.7,6.3,800,7.75,800,0,32800
MINDTREE30Jan20900CE.NFO,07/01/2020,09:56:46,6.7,6.1,800,7.75,800,0,32800
MINDTREE30Jan20900CE.NFO,07/01/2020,09:56:47,6.7,6.2,800,7.75,800,0,32800
MINDTREE30Jan20900CE.NFO,07/01/2020,09:56:48,6.7,6.1,800,7.75,800,0,32800
MINDTREE30Jan20900CE.NFO,07/01/2020,09:56:49,6.7,6.35,800,7.75,800,0,32800
MINDTREE30Jan20900CE.NFO,07/01/2020,09:56:50,6.7,6.3,800,7.75,800,0,32800
MINDTREE30Jan20900CE.NFO,07/01/2020,09:56:51,6.7,5.6,1600,7.75,800,0,32800
MINDTREE30Jan20900CE.NFO,07/01/2020,09:56:52,6.7,6.35,800,7.75,800,0,32800
MINDTREE30Jan20900CE.NFO,07/01/2020,09:56:53,6.7,6.25,800,7.75,800,0,32800
MINDTREE30Jan20900CE.NFO,07/01/2020,09:56:54,6.7,6.3,800,7.75,800,0,32800
MINDTREE30Jan20900CE.NFO,07/01/2020,09:56:54,6.7,6.4,800,7.75,800,0,32800
MINDTREE30Jan20900CE.NFO,07/01/2020,09:56:55,6.7,5.95,1600,7.75,800,0,32800
MINDTREE30Jan20900CE.NFO,07/01/2020,09:56:56,6.7,6.15,800,7.75,800,0,32800
MINDTREE30Jan20900CE.NFO,07/01/2020,09:56:58,6.7,6.35,800,7.75,800,0,32800
MINDTREE30Jan20900CE.NFO,07/01/2020,09:56:59,6.7,6.2,800,7.75,800,0,32800
MINDTREE30Jan20900CE.NFO,07/01/2020,09:57:00,6.7,6.3,800,7.75,800,0,32800
MINDTREE30Jan20900CE.NFO,07/01/2020,09:57:01,6.7,6.1,800,7.75,800,0,32800
MINDTREE30Jan20900CE.NFO,07/01/2020,09:57:02,6.7,6.3,800,7.75,800,0,32800
MINDTREE30Jan20900CE.NFO,07/01/2020,09:57:06,6.7,5.8,800,7.75,800,0,32800
MINDTREE30Jan20900CE.NFO,07/01/2020,09:57:07,6.7,5.9,1600,7.75,800,0,32800
MINDTREE30Jan20900CE.NFO,07/01/2020,09:57:08,6.7,6.3,800,7.75,800,0,32800
MINDTREE30Jan20900CE.NFO,07/01/2020,09:57:09,6.7,6.2,800,7.75,800,0,32800
MINDTREE30Jan20900CE.NFO,07/01/2020,09:57:10,6.7,6.4,800,7.75,800,0,32800
MINDTREE30Jan20900CE.NFO,07/01/2020,09:57:11,6.7,6.45,1600,7.75,800,0,32800
MINDTREE30Jan20900CE.NFO,07/01/2020,09:57:14,6.7,6.45,800,7.75,800,0,32800
MINDTREE30Jan20900CE.NFO,07/01/2020,09:57:15,6.7,6.45,1600,7.75,800,0,32800
MINDTREE30Jan20900CE.NFO,07/01/2020,09:57:16,6.7,6.45,800,7.75,800,0,32800
MINDTREE30Jan20900CE.NFO,07/01/2020,09:57:22,6.7,6.45,1600,7.75,800,0,32800
MINDTREE30Jan20900CE.NFO,07/01/2020,09:57:24,6.7,6.45,800,7.75,800,0,32800
MINDTREE30Jan20900CE.NFO,07/01/2020,09:58:07,6.7,6.45,1600,7.75,800,0,32800
MINDTREE30Jan20900CE.NFO,07/01/2020,09:58:22,6.7,6.45,800,7.75,800,0,32800
MINDTREE30Jan20900CE.NFO,07/01/2020,09:59:26,6.7,6.45,1600,7.75,800,0,32800
MINDTREE30Jan20900CE.NFO,07/01/2020,09:59:33,6.7,6.45,800,7.75,800,0,32800
MINDTREE30Jan20900CE.NFO,07/01/2020,09:59:48,6.7,6.45,1600,7.75,800,0,32800
MINDTREE30Jan20900CE.NFO,07/01/2020,09:59:55,6.7,6.45,800,7.75,800,0,32800
MINDTREE30Jan20900CE.NFO,07/01/2020,10:00:26,6.7,6.45,1600,7.75,800,0,32800
MINDTREE30Jan20900CE.NFO,07/01/2020,10:00:59,6.7,6.15,800,7.75,800,0,32800
MINDTREE30Jan20900CE.NFO,07/01/2020,10:01:00,6.7,6.45,800,7.75,800,0,32800
MINDTREE30Jan20900CE.NFO,07/01/2020,10:01:01,6.7,6.25,800,7.75,800,0,32800
MINDTREE30Jan20900CE.NFO,07/01/2020,10:01:02,6.7,5.75,1600,7.75,800,0,32800
MINDTREE30Jan20900CE.NFO,07/01/2020,10:01:03,6.7,5.75,800,7.75,800,0,32800
MINDTREE30Jan20900CE.NFO,07/01/2020,10:01:04,6.7,6.25,800,7.75,800,0,32800
MINDTREE30Jan20900CE.NFO,07/01/2020,10:01:05,6.7,6.45,800,7.75,800,0,32800
MINDTREE30Jan20900CE.NFO,07/01/2020,10:01:06,6.7,6.2,800,7.75,800,0,32800
MINDTREE30Jan20900CE.NFO,07/01/2020,10:01:07,6.7,6.05,1600,7.75,800,0,32800
MINDTREE30Jan20900CE.NFO,07/01/2020,10:01:08,6.7,6.45,800,7.75,800,0,32800
MINDTREE30Jan20900CE.NFO,07/01/2020,10:01:09,6.7,6.05,800,7.75,800,0,32800
MINDTREE30Jan20900CE.NFO,07/01/2020,10:01:10,6.7,6.3,800,7.75,800,0,32800
MINDTREE30Jan20900CE.NFO,07/01/2020,10:01:11,6.7,6.5,800,7.75,800,0,32800
MINDTREE30Jan20900CE.NFO,07/01/2020,10:01:13,6.7,6.45,800,7.75,800,0,32800
MINDTREE30Jan20900CE.NFO,07/01/2020,10:01:14,6.7,6.4,800,7.75,800,0,32800
MINDTREE30Jan20900CE.NFO,07/01/2020,10:01:16,6.7,5.9,800,7.75,800,0,32800
MINDTREE30Jan20900CE.NFO,07/01/2020,10:01:17,6.7,6.35,1600,7.75,800,0,32800
MINDTREE30Jan20900CE.NFO,07/01/2020,10:01:23,6.7,6.35,800,7.75,800,0,32800
MINDTREE30Jan20900CE.NFO,07/01/2020,10:01:24,6.7,6.25,800,7.75,800,0,32800
MINDTREE30Jan20900CE.NFO,07/01/2020,10:01:25,6.7,6.5,800,7.75,800,0,32800
MINDTREE30Jan20900CE.NFO,07/01/2020,10:01:26,6.7,6.45,800,7.75,800,0,32800
MINDTREE30Jan20900CE.NFO,07/01/2020,10:01:28,6.7,6.35,800,7.75,800,0,32800
MINDTREE30Jan20900CE.NFO,07/01/2020,10:01:29,6.7,6.3,800,7.75,800,0,32800
MINDTREE30Jan20900CE.NFO,07/01/2020,10:01:30,6.7,6.4,800,7.75,800,0,32800
MINDTREE30Jan20900CE.NFO,07/01/2020,10:01:31,6.7,6.2,1600,7.75,800,0,32800
MINDTREE30Jan20900CE.NFO,07/01/2020,10:01:32,6.7,6.4,800,7.75,800,0,32800
MINDTREE30Jan20900CE.NFO,07/01/2020,10:01:33,6.7,6.2,1600,7.75,800,0,32800
MINDTREE30Jan20900CE.NFO,07/01/2020,10:01:34,6.7,6.4,800,7.75,800,0,32800
MINDTREE30Jan20900CE.NFO,07/01/2020,10:01:35,6.7,5.65,800,7.75,800,0,32800
MINDTREE30Jan20900CE.NFO,07/01/2020,10:01:36,6.7,5.75,1600,7.75,800,0,32800
MINDTREE30Jan20900CE.NFO,07/01/2020,10:01:38,6.7,6.05,800,7.75,800,0,32800
MINDTREE30Jan20900CE.NFO,07/01/2020,10:01:39,6.7,6.35,800,7.75,800,0,32800
MINDTREE30Jan20900CE.NFO,07/01/2020,10:01:40,6.7,5.95,800,7.75,800,0,32800
MINDTREE30Jan20900CE.NFO,07/01/2020,10:01:41,6.7,5.55,800,7.75,800,0,32800
MINDTREE30Jan20900CE.NFO,07/01/2020,10:01:42,6.7,5.9,800,7.75,800,0,32800
MINDTREE30Jan20900CE.NFO,07/01/2020,10:01:43,6.7,6.35,800,7.75,800,0,32800
MINDTREE30Jan20900CE.NFO,07/01/2020,10:01:44,6.7,5.9,800,7.75,800,0,32800
MINDTREE30Jan20900CE.NFO,07/01/2020,10:01:45,6.7,6.35,800,7.75,800,0,32800
MINDTREE30Jan20900CE.NFO,07/01/2020,10:01:48,6.7,5.55,800,7.75,800,0,32800
MINDTREE30Jan20900CE.NFO,07/01/2020,10:01:49,6.7,5.75,800,7.75,800,0,32800
MINDTREE30Jan20900CE.NFO,07/01/2020,10:01:50,6.7,5.85,800,7.75,800,0,32800
MINDTREE30Jan20900CE.NFO,07/01/2020,10:01:51,6.7,6.25,1600,7.75,800,0,32800
MINDTREE30Jan20900CE.NFO,07/01/2020,10:01:52,6.7,6.25,800,7.75,800,0,32800
MINDTREE30Jan20900CE.NFO,07/01/2020,10:01:53,6.7,6.3,800,7.75,800,0,32800
MINDTREE30Jan20900CE.NFO,07/01/2020,10:01:56,6.7,6.15,1600,7.75,800,0,32800
MINDTREE30Jan20900CE.NFO,07/01/2020,10:01:57,6.7,6.45,800,7.75,800,0,32800
MINDTREE30Jan20900CE.NFO,07/01/2020,10:01:58,6.7,6.1,2400,7.75,800,0,32800
MINDTREE30Jan20900CE.NFO,07/01/2020,10:01:59,6.7,6.35,800,7.75,800,0,32800
MINDTREE30Jan20900CE.NFO,07/01/2020,10:02:00,6.7,6.45,800,7.75,800,0,32800
MINDTREE30Jan20900CE.NFO,07/01/2020,10:02:01,6.7,6.1,800,7.75,800,0,32800
MINDTREE30Jan20900CE.NFO,07/01/2020,10:02:02,6.7,6.2,800,7.75,800,0,32800
MINDTREE30Jan20900CE.NFO,07/01/2020,10:02:03,6.7,6.4,800,7.75,800,0,32800
MINDTREE30Jan20900CE.NFO,07/01/2020,10:02:04,6.7,6.35,800,7.75,800,0,32800
MINDTREE30Jan20900CE.NFO,07/01/2020,10:02:05,6.7,6.45,800,7.75,800,0,32800
MINDTREE30Jan20900CE.NFO,07/01/2020,10:02:06,6.7,6.35,800,7.75,800,0,32800
MINDTREE30Jan20900CE.NFO,07/01/2020,10:02:07,6.7,6.55,800,7.75,800,0,32800
MINDTREE30Jan20900CE.NFO,07/01/2020,10:02:08,6.7,6.1,1600,7.75,800,0,32800
MINDTREE30Jan20900CE.NFO,07/01/2020,10:02:09,6.7,5.7,800,7.75,800,0,32800
MINDTREE30Jan20900CE.NFO,07/01/2020,10:02:10,6.7,6,800,7.75,800,0,32800
MINDTREE30Jan20900CE.NFO,07/01/2020,10:02:11,6.7,6.45,800,7.75,800,0,32800
MINDTREE30Jan20900CE.NFO,07/01/2020,10:02:12,6.7,6.35,800,7.75,800,0,32800
MINDTREE30Jan20900CE.NFO,07/01/2020,10:02:14,6.7,5.95,800,7.75,800,0,32800
MINDTREE30Jan20900CE.NFO,07/01/2020,10:02:15,6.7,6.35,800,7.75,800,0,32800
MINDTREE30Jan20900CE.NFO,07/01/2020,10:02:20,6.7,6.25,800,7.75,800,0,32800
MINDTREE30Jan20900CE.NFO,07/01/2020,10:02:21,6.7,5.75,800,7.75,800,0,32800
MINDTREE30Jan20900CE.NFO,07/01/2020,10:02:22,6.7,6.25,800,7.75,800,0,32800
MINDTREE30Jan20900CE.NFO,07/01/2020,10:02:23,6.7,6.45,800,7.75,800,0,32800
MINDTREE30Jan20900CE.NFO,07/01/2020,10:02:24,6.7,6.2,800,7.75,800,0,32800
MINDTREE30Jan20900CE.NFO,07/01/2020,10:02:25,6.7,5.7,800,7.75,800,0,32800
MINDTREE30Jan20900CE.NFO,07/01/2020,10:02:28,6.7,5.8,1600,7.75,800,0,32800
MINDTREE30Jan20900CE.NFO,07/01/2020,10:02:29,6.7,6.15,1600,7.75,800,0,32800
MINDTREE30Jan20900CE.NFO,07/01/2020,10:02:30,6.7,6.3,800,7.75,800,0,32800
MINDTREE30Jan20900CE.NFO,07/01/2020,10:02:31,6.7,6.4,800,7.75,800,0,32800
MINDTREE30Jan20900CE.NFO,07/01/2020,10:02:32,6.7,6.25,800,7.75,800,0,32800
MINDTREE30Jan20900CE.NFO,07/01/2020,10:02:33,6.7,5.9,800,7.75,800,0,32800
MINDTREE30Jan20900CE.NFO,07/01/2020,10:02:34,6.7,6.4,800,7.75,800,0,32800
MINDTREE30Jan20900CE.NFO,07/01/2020,10:02:35,6.7,5.65,800,7.75,800,0,32800
MINDTREE30Jan20900CE.NFO,07/01/2020,10:02:37,6.7,5.75,1600,7.75,800,0,32800
MINDTREE30Jan20900CE.NFO,07/01/2020,10:02:38,6.7,6.2,800,7.75,800,0,32800
MINDTREE30Jan20900CE.NFO,07/01/2020,10:02:39,6.7,5.55,800,7.75,800,0,32800
MINDTREE30Jan20900CE.NFO,07/01/2020,10:02:40,6.7,6.25,800,7.75,800,0,32800
MINDTREE30Jan20900CE.NFO,07/01/2020,10:02:41,6.7,5.65,800,7.75,1600,0,32800
MINDTREE30Jan20900CE.NFO,07/01/2020,10:02:42,6.7,6.25,800,7.75,1600,0,32800
MINDTREE30Jan20900CE.NFO,07/01/2020,10:02:43,6.7,5.7,1600,7.75,1600,0,32800
MINDTREE30Jan20900CE.NFO,07/01/2020,10:02:44,6.7,5.65,800,7.75,1600,0,32800
MINDTREE30Jan20900CE.NFO,07/01/2020,10:02:45,6.7,6.25,800,7.75,1600,0,32800
MINDTREE30Jan20900CE.NFO,07/01/2020,10:02:46,6.7,6.25,800,7.75,800,0,32800
MINDTREE30Jan20900CE.NFO,07/01/2020,10:02:49,6.7,6.3,800,7.75,800,0,32800
MINDTREE30Jan20900CE.NFO,07/01/2020,10:02:50,6.7,5.85,800,7.75,800,0,32800
MINDTREE30Jan20900CE.NFO,07/01/2020,10:02:51,6.7,6.2,800,7.75,800,0,32800
MINDTREE30Jan20900CE.NFO,07/01/2020,10:02:52,6.7,6.25,800,7.75,800,0,32800
MINDTREE30Jan20900CE.NFO,07/01/2020,10:02:53,6.7,5.8,1600,7.75,800,0,32800
MINDTREE30Jan20900CE.NFO,07/01/2020,10:02:54,6.7,6,800,7.75,800,0,32800
MINDTREE30Jan20900CE.NFO,07/01/2020,10:02:55,6.7,6.05,1600,7.75,800,0,32800
MINDTREE30Jan20900CE.NFO,07/01/2020,10:02:56,6.7,5.8,800,7.75,800,0,32800
MINDTREE30Jan20900CE.NFO,07/01/2020,10:02:57,6.7,6.2,800,7.75,800,0,32800
MINDTREE30Jan20900CE.NFO,07/01/2020,10:02:58,6.7,6.4,800,7.75,800,0,32800
MINDTREE30Jan20900CE.NFO,07/01/2020,10:02:59,6.7,6.15,1600,7.75,800,0,32800
MINDTREE30Jan20900CE.NFO,07/01/2020,10:03:00,6.7,5.8,800,7.75,800,0,32800
MINDTREE30Jan20900CE.NFO,07/01/2020,10:03:01,6.7,6.3,800,7.75,800,0,32800
MINDTREE30Jan20900CE.NFO,07/01/2020,10:03:03,6.7,5.6,800,7.75,800,0,32800
MINDTREE30Jan20900CE.NFO,07/01/2020,10:03:04,6.7,6.25,800,7.75,800,0,32800
MINDTREE30Jan20900CE.NFO,07/01/2020,10:03:05,6.7,5.8,800,7.75,800,0,32800
MINDTREE30Jan20900CE.NFO,07/01/2020,10:03:06,6.7,5.95,800,7.75,800,0,32800
MINDTREE30Jan20900CE.NFO,07/01/2020,10:03:07,6.7,6.2,800,7.75,800,0,32800
MINDTREE30Jan20900CE.NFO,07/01/2020,10:03:08,6.7,6,800,7.75,800,0,32800
MINDTREE30Jan20900CE.NFO,07/01/2020,10:03:09,6.7,6.2,800,7.75,800,0,32800
MINDTREE30Jan20900CE.NFO,07/01/2020,10:03:10,6.7,5.6,800,7.75,800,0,32800
MINDTREE30Jan20900CE.NFO,07/01/2020,10:03:11,6.7,6.25,800,7.75,800,0,32800
MINDTREE30Jan20900CE.NFO,07/01/2020,10:03:12,6.7,6.35,800,7.75,800,0,32800
MINDTREE30Jan20900CE.NFO,07/01/2020,10:03:13,6.7,6.2,1600,7.75,800,0,32800
MINDTREE30Jan20900CE.NFO,07/01/2020,10:03:14,6.7,5.45,800,7.75,800,0,32800
MINDTREE30Jan20900CE.NFO,07/01/2020,10:03:15,6.7,5.6,800,7.75,800,0,32800
MINDTREE30Jan20900CE.NFO,07/01/2020,10:03:16,6.7,6.25,800,7.75,800,0,32800
MINDTREE30Jan20900CE.NFO,07/01/2020,10:03:17,6.7,5.55,800,7.75,800,0,32800
MINDTREE30Jan20900CE.NFO,07/01/2020,10:03:18,6.7,6.3,800,7.75,800,0,32800
MINDTREE30Jan20900CE.NFO,07/01/2020,10:03:20,6.7,6,800,7.75,800,0,32800
MINDTREE30Jan20900CE.NFO,07/01/2020,10:03:21,6.7,6.25,800,7.75,800,0,32800
MINDTREE30Jan20900CE.NFO,07/01/2020,10:03:22,6.7,6.35,800,7.75,800,0,32800
MINDTREE30Jan20900CE.NFO,07/01/2020,10:03:23,6.7,6.2,800,7.75,800,0,32800
MINDTREE30Jan20900CE.NFO,07/01/2020,10:03:24,6.7,6.3,800,7.75,800,0,32800
MINDTREE30Jan20900CE.NFO,07/01/2020,10:03:25,6.7,6.4,800,7.75,800,0,32800
MINDTREE30Jan20900CE.NFO,07/01/2020,10:03:26,6.7,6.15,1600,7.75,800,0,32800
MINDTREE30Jan20900CE.NFO,07/01/2020,10:03:27,6.7,5.7,800,7.75,800,0,32800
MINDTREE30Jan20900CE.NFO,07/01/2020,10:03:28,6.7,6.1,1600,7.75,800,0,32800
MINDTREE30Jan20900CE.NFO,07/01/2020,10:03:29,6.7,6.35,800,7.75,800,0,32800
MINDTREE30Jan20900CE.NFO,07/01/2020,10:03:30,6.7,5.8,1600,7.75,800,0,32800
MINDTREE30Jan20900CE.NFO,07/01/2020,10:03:31,6.7,6.15,800,7.75,800,0,32800
MINDTREE30Jan20900CE.NFO,07/01/2020,10:03:32,6.7,6.25,800,7.75,800,0,32800
MINDTREE30Jan20900CE.NFO,07/01/2020,10:03:33,6.7,6.35,800,7.75,800,0,32800
MINDTREE30Jan20900CE.NFO,07/01/2020,10:03:34,6.7,6.4,800,7.75,800,0,32800
MINDTREE30Jan20900CE.NFO,07/01/2020,10:03:35,6.7,6.3,800,7.75,800,0,32800
MINDTREE30Jan20900CE.NFO,07/01/2020,10:03:36,6.7,6.2,800,7.75,800,0,32800
MINDTREE30Jan20900CE.NFO,07/01/2020,10:03:37,6.7,6.4,800,7.75,800,0,32800
MINDTREE30Jan20900CE.NFO,07/01/2020,10:03:38,6.7,5.55,800,7.75,800,0,32800
MINDTREE30Jan20900CE.NFO,07/01/2020,10:03:39,6.7,6.35,800,7.75,800,0,32800
MINDTREE30Jan20900CE.NFO,07/01/2020,10:03:40,6.7,5.5,800,7.75,800,0,32800
MINDTREE30Jan20900CE.NFO,07/01/2020,10:03:41,6.7,5.95,800,7.75,800,0,32800
MINDTREE30Jan20900CE.NFO,07/01/2020,10:03:42,6.7,6.35,800,7.75,800,0,32800
MINDTREE30Jan20900CE.NFO,07/01/2020,10:03:43,6.7,5.75,800,7.75,800,0,32800
MINDTREE30Jan20900CE.NFO,07/01/2020,10:03:44,6.7,6.1,800,7.75,800,0,32800
MINDTREE30Jan20900CE.NFO,07/01/2020,10:03:45,6.7,6.3,800,7.75,800,0,32800
MINDTREE30Jan20900CE.NFO,07/01/2020,10:03:46,6.7,6.25,800,7.75,800,0,32800
MINDTREE30Jan20900CE.NFO,07/01/2020,10:03:47,6.7,6.35,800,7.75,800,0,32800
MINDTREE30Jan20900CE.NFO,07/01/2020,10:03:48,6.7,6.25,800,7.75,800,0,32800
MINDTREE30Jan20900CE.NFO,07/01/2020,10:03:51,6.7,5.6,800,7.75,800,0,32800
MINDTREE30Jan20900CE.NFO,07/01/2020,10:03:52,6.7,6.1,1600,7.75,800,0,32800
MINDTREE30Jan20900CE.NFO,07/01/2020,10:03:53,6.7,6.2,800,7.75,800,0,32800
MINDTREE30Jan20900CE.NFO,07/01/2020,10:03:54,6.7,6.25,800,7.75,800,0,32800
MINDTREE30Jan20900CE.NFO,07/01/2020,10:03:55,6.7,6.15,800,7.75,800,0,32800
MINDTREE30Jan20900CE.NFO,07/01/2020,10:03:56,6.7,6.3,800,7.75,800,0,32800
MINDTREE30Jan20900CE.NFO,07/01/2020,10:03:57,6.7,6.25,800,7.75,800,0,32800
MINDTREE30Jan20900CE.NFO,07/01/2020,10:03:58,6.7,6.35,800,7.75,800,0,32800
MINDTREE30Jan20900CE.NFO,07/01/2020,10:03:59,6.7,6.45,800,7.75,800,0,32800
MINDTREE30Jan20900CE.NFO,07/01/2020,10:04:00,6.7,5.7,800,7.75,800,0,32800
MINDTREE30Jan20900CE.NFO,07/01/2020,10:04:02,6.7,6.2,800,7.75,800,0,32800
MINDTREE30Jan20900CE.NFO,07/01/2020,10:04:03,6.7,6,800,7.75,800,0,32800
MINDTREE30Jan20900CE.NFO,07/01/2020,10:04:04,6.7,6.15,800,7.75,800,0,32800
MINDTREE30Jan20900CE.NFO,07/01/2020,10:04:05,6.7,6.25,800,7.75,800,0,32800
MINDTREE30Jan20900CE.NFO,07/01/2020,10:04:06,6.7,5.85,800,7.75,800,0,32800
MINDTREE30Jan20900CE.NFO,07/01/2020,10:04:07,6.7,6.4,800,7.75,800,0,32800
MINDTREE30Jan20900CE.NFO,07/01/2020,10:04:09,6.7,5.45,800,7.75,800,0,32800
MINDTREE30Jan20900CE.NFO,07/01/2020,10:04:10,6.7,6.15,800,7.75,800,0,32800
MINDTREE30Jan20900CE.NFO,07/01/2020,10:04:12,6.7,6.05,1600,7.75,800,0,32800
MINDTREE30Jan20900CE.NFO,07/01/2020,10:04:15,6.7,6.4,800,7.75,800,0,32800
MINDTREE30Jan20900CE.NFO,07/01/2020,10:04:16,6.7,6.1,800,7.75,800,0,32800
MINDTREE30Jan20900CE.NFO,07/01/2020,10:04:17,6.7,6.4,800,7.75,800,0,32800
MINDTREE30Jan20900CE.NFO,07/01/2020,10:04:20,6.7,6,800,7.75,800,0,32800
MINDTREE30Jan20900CE.NFO,07/01/2020,10:04:21,6.7,5.8,800,7.75,800,0,32800
MINDTREE30Jan20900CE.NFO,07/01/2020,10:04:22,6.7,6.25,800,7.75,800,0,32800
MINDTREE30Jan20900CE.NFO,07/01/2020,10:04:23,6.7,6.3,800,7.75,800,0,32800
MINDTREE30Jan20900CE.NFO,07/01/2020,10:04:24,6.7,6.4,800,7.75,800,0,32800
MINDTREE30Jan20900CE.NFO,07/01/2020,10:04:25,6.7,6.1,800,7.75,800,0,32800
MINDTREE30Jan20900CE.NFO,07/01/2020,10:04:26,6.7,6.3,800,7.75,800,0,32800
MINDTREE30Jan20900CE.NFO,07/01/2020,10:04:27,6.7,6.4,800,7.75,800,0,32800
MINDTREE30Jan20900CE.NFO,07/01/2020,10:04:28,6.7,5.65,800,7.75,1600,0,32800
MINDTREE30Jan20900CE.NFO,07/01/2020,10:04:29,6.7,5.55,800,7.75,1600,0,32800
MINDTREE30Jan20900CE.NFO,07/01/2020,10:04:30,6.7,6.15,800,7.75,1600,0,32800
MINDTREE30Jan20900CE.NFO,07/01/2020,10:04:34,6.7,5.9,800,7.75,1600,0,32800
MINDTREE30Jan20900CE.NFO,07/01/2020,10:04:35,6.7,6.2,800,7.75,1600,0,32800
MINDTREE30Jan20900CE.NFO,07/01/2020,10:04:36,6.7,5.75,800,7.75,1600,0,32800
MINDTREE30Jan20900CE.NFO,07/01/2020,10:04:37,6.7,6,800,7.75,1600,0,32800
MINDTREE30Jan20900CE.NFO,07/01/2020,10:04:38,6.7,6.25,800,7.75,1600,0,32800
MINDTREE30Jan20900CE.NFO,07/01/2020,10:04:43,6.7,6.2,800,7.75,1600,0,32800
MINDTREE30Jan20900CE.NFO,07/01/2020,10:04:44,6.7,5.8,800,7.75,800,0,32800
MINDTREE30Jan20900CE.NFO,07/01/2020,10:04:45,6.7,6,1600,7.75,800,0,32800
MINDTREE30Jan20900CE.NFO,07/01/2020,10:04:46,6.7,6.05,800,7.75,800,0,32800
MINDTREE30Jan20900CE.NFO,07/01/2020,10:04:47,6.7,6.35,800,7.75,800,0,32800
MINDTREE30Jan20900CE.NFO,07/01/2020,10:04:48,6.7,6.4,800,7.75,800,0,32800
MINDTREE30Jan20900CE.NFO,07/01/2020,10:04:49,6.7,6.25,800,7.75,800,0,32800
MINDTREE30Jan20900CE.NFO,07/01/2020,10:04:52,6.7,6.15,800,7.75,800,0,32800
MINDTREE30Jan20900CE.NFO,07/01/2020,10:04:53,6.7,6.25,800,7.75,800,0,32800
MINDTREE30Jan20900CE.NFO,07/01/2020,10:04:57,6.7,5.55,1600,7.75,800,0,32800
MINDTREE30Jan20900CE.NFO,07/01/2020,10:04:58,6.7,5.5,1600,7.75,800,0,32800
MINDTREE30Jan20900CE.NFO,07/01/2020,10:04:59,6.7,5.9,800,7.75,800,0,32800
MINDTREE30Jan20900CE.NFO,07/01/2020,10:05:00,6.7,6.15,800,7.75,800,0,32800
MINDTREE30Jan20900CE.NFO,07/01/2020,10:05:01,6.7,5.9,800,7.75,800,0,32800
MINDTREE30Jan20900CE.NFO,07/01/2020,10:05:02,6.7,6.25,800,7.75,800,0,32800
MINDTREE30Jan20900CE.NFO,07/01/2020,10:05:09,6.7,6.35,800,7.75,800,0,32800
MINDTREE30Jan20900CE.NFO,07/01/2020,10:05:10,6.7,5.45,800,7.75,800,0,32800
MINDTREE30Jan20900CE.NFO,07/01/2020,10:05:11,6.7,6.2,800,7.75,800,0,32800
MINDTREE30Jan20900CE.NFO,07/01/2020,10:05:12,6.7,6.1,800,7.75,800,0,32800
MINDTREE30Jan20900CE.NFO,07/01/2020,10:05:17,6.7,5.75,800,7.75,800,0,32800
MINDTREE30Jan20900CE.NFO,07/01/2020,10:05:22,6.7,6.15,800,7.75,800,0,32800
MINDTREE30Jan20900CE.NFO,07/01/2020,10:05:26,6.7,5.6,1600,7.75,800,0,32800
MINDTREE30Jan20900CE.NFO,07/01/2020,10:05:31,6.7,6.15,800,7.75,800,0,32800
MINDTREE30Jan20900CE.NFO,07/01/2020,10:05:37,6.7,6.2,800,7.75,800,0,32800
MINDTREE30Jan20900CE.NFO,07/01/2020,10:05:43,6.7,6.1,800,7.75,800,0,32800
MINDTREE30Jan20900CE.NFO,07/01/2020,10:05:49,6.7,6.05,800,7.75,800,0,32800
MINDTREE30Jan20900CE.NFO,07/01/2020,10:05:55,6.7,6.4,800,7.75,800,0,32800
MINDTREE30Jan20900CE.NFO,07/01/2020,10:06:05,6.7,6.4,1600,7.75,800,0,32800
MINDTREE30Jan20900CE.NFO,07/01/2020,10:06:16,6.7,6.25,800,7.75,800,0,32800
MINDTREE30Jan20900CE.NFO,07/01/2020,10:06:27,6.7,6.3,800,7.75,800,0,32800
MINDTREE30Jan20900CE.NFO,07/01/2020,10:06:33,6.7,6.35,800,7.75,800,0,32800
MINDTREE30Jan20900CE.NFO,07/01/2020,10:06:38,6.7,6.4,800,7.75,800,0,32800
MINDTREE30Jan20900CE.NFO,07/01/2020,10:06:44,6.7,6.25,800,7.75,800,0,32800
MINDTREE30Jan20900CE.NFO,07/01/2020,10:06:50,6.7,6.35,800,7.75,800,0,32800
MINDTREE30Jan20900CE.NFO,07/01/2020,10:06:55,6.7,6.05,800,7.75,800,0,32800
MINDTREE30Jan20900CE.NFO,07/01/2020,10:07:06,6.7,6.45,800,7.75,800,0,32800
MINDTREE30Jan20900CE.NFO,07/01/2020,10:07:12,6.7,5.5,1600,7.75,800,0,32800
MINDTREE30Jan20900CE.NFO,07/01/2020,10:07:18,6.7,6.1,800,7.75,800,0,32800
MINDTREE30Jan20900CE.NFO,07/01/2020,10:07:24,6.7,6.2,800,7.75,800,0,32800
MINDTREE30Jan20900CE.NFO,07/01/2020,10:07:29,6.7,6.05,800,7.75,800,0,32800
MINDTREE30Jan20900CE.NFO,07/01/2020,10:07:34,6.7,6.25,800,7.75,800,0,32800
MINDTREE30Jan20900CE.NFO,07/01/2020,10:07:39,6.7,6.45,800,7.75,800,0,32800
MINDTREE30Jan20900CE.NFO,07/01/2020,10:07:44,6.7,6.3,800,7.75,800,0,32800
MINDTREE30Jan20900CE.NFO,07/01/2020,10:07:49,6.7,6.05,1600,7.75,800,0,32800
MINDTREE30Jan20900CE.NFO,07/01/2020,10:07:54,6.7,6.45,1600,7.75,800,0,32800
MINDTREE30Jan20900CE.NFO,07/01/2020,10:08:37,6.7,6.4,1600,7.75,800,0,32800
MINDTREE30Jan20900CE.NFO,07/01/2020,10:08:47,6.7,5.6,800,7.75,800,0,32800
MINDTREE30Jan20900CE.NFO,07/01/2020,10:08:51,6.7,6.05,800,7.75,800,0,32800
MINDTREE30Jan20900CE.NFO,07/01/2020,10:08:59,6.7,5.5,800,7.75,800,0,32800
MINDTREE30Jan20900CE.NFO,07/01/2020,10:09:03,6.7,5.7,800,7.75,800,0,32800
MINDTREE30Jan20900CE.NFO,07/01/2020,10:09:08,6.7,6.15,800,7.75,800,0,32800
MINDTREE30Jan20900CE.NFO,07/01/2020,10:09:12,6.7,6.2,800,7.75,800,0,32800
MINDTREE30Jan20900CE.NFO,07/01/2020,10:09:16,6.7,6.35,800,7.75,800,0,32800
MINDTREE30Jan20900CE.NFO,07/01/2020,10:09:21,6.7,6.05,800,7.75,800,0,32800
MINDTREE30Jan20900CE.NFO,07/01/2020,10:09:25,6.7,6.25,800,7.75,800,0,32800
MINDTREE30Jan20900CE.NFO,07/01/2020,10:09:29,6.7,6.15,800,7.75,800,0,32800
MINDTREE30Jan20900CE.NFO,07/01/2020,10:09:34,6.7,6.1,800,7.75,800,0,32800
MINDTREE30Jan20900CE.NFO,07/01/2020,10:09:46,6.7,6.4,800,7.75,800,0,32800
MINDTREE30Jan20900CE.NFO,07/01/2020,10:09:50,6.7,6.15,800,7.75,800,0,32800
MINDTREE30Jan20900CE.NFO,07/01/2020,10:09:55,6.7,6.35,800,7.75,800,0,32800
MINDTREE30Jan20900CE.NFO,07/01/2020,10:10:00,6.7,6.4,1600,7.75,800,0,32800
MINDTREE30Jan20900CE.NFO,07/01/2020,10:10:10,6.7,6.25,800,7.75,800,0,32800
MINDTREE30Jan20900CE.NFO,07/01/2020,10:10:16,6.7,6.4,1600,7.75,800,0,32800
MINDTREE30Jan20900CE.NFO,07/01/2020,10:10:37,6.7,6.05,800,7.75,800,0,32800
MINDTREE30Jan20900CE.NFO,07/01/2020,10:10:41,6.7,6.1,800,7.75,800,0,32800
MINDTREE30Jan20900CE.NFO,07/01/2020,10:10:45,6.7,6.25,800,7.75,800,0,32800
MINDTREE30Jan20900CE.NFO,07/01/2020,10:10:50,6.7,6.15,800,7.75,800,0,32800
MINDTREE30Jan20900CE.NFO,07/01/2020,10:10:54,6.7,5.55,1600,7.75,800,0,32800
MINDTREE30Jan20900CE.NFO,07/01/2020,10:10:58,6.7,6.15,800,7.75,800,0,32800
MINDTREE30Jan20900CE.NFO,07/01/2020,10:11:06,6.7,6.2,800,7.75,800,0,32800
MINDTREE30Jan20900CE.NFO,07/01/2020,10:11:11,6.7,6.35,800,7.75,800,0,32800
MINDTREE30Jan20900CE.NFO,07/01/2020,10:11:16,6.7,6.45,800,7.75,800,0,32800
MINDTREE30Jan20900CE.NFO,07/01/2020,10:11:21,6.7,6.1,800,7.75,800,0,32800
MINDTREE30Jan20900CE.NFO,07/01/2020,10:11:27,6.7,5.45,800,7.75,800,0,32800
MINDTREE30Jan20900CE.NFO,07/01/2020,10:11:32,6.7,5.9,1600,7.65,800,0,32800
MINDTREE30Jan20900CE.NFO,07/01/2020,10:11:37,6.7,6.1,800,7.65,800,0,32800
MINDTREE30Jan20900CE.NFO,07/01/2020,10:11:42,6.7,6.3,800,7.65,800,0,32800
MINDTREE30Jan20900CE.NFO,07/01/2020,10:11:53,6.7,6.4,800,7.65,800,0,32800
MINDTREE30Jan20900CE.NFO,07/01/2020,10:11:58,6.7,6.35,800,7.65,800,0,32800
MINDTREE30Jan20900CE.NFO,07/01/2020,10:12:03,6.7,6.25,800,7.65,800,0,32800
MINDTREE30Jan20900CE.NFO,07/01/2020,10:12:12,6.7,6.4,800,7.65,800,0,32800
MINDTREE30Jan20900CE.NFO,07/01/2020,10:12:13,6.7,5.6,800,7.65,800,0,32800
MINDTREE30Jan20900CE.NFO,07/01/2020,10:12:14,6.7,6.15,800,7.65,800,0,32800
MINDTREE30Jan20900CE.NFO,07/01/2020,10:12:15,6.7,5.6,800,7.65,800,0,32800
MINDTREE30Jan20900CE.NFO,07/01/2020,10:12:16,6.7,6.1,800,7.65,800,0,32800
MINDTREE30Jan20900CE.NFO,07/01/2020,10:12:17,6.7,5.5,800,7.65,800,0,32800
MINDTREE30Jan20900CE.NFO,07/01/2020,10:12:18,6.7,6.1,800,7.65,800,0,32800
MINDTREE30Jan20900CE.NFO,07/01/2020,10:12:19,6.7,6.15,800,7.65,800,0,32800
MINDTREE30Jan20900CE.NFO,07/01/2020,10:12:20,6.7,6.2,800,7.65,800,0,32800
MINDTREE30Jan20900CE.NFO,07/01/2020,10:12:24,6.7,6.3,800,7.65,800,0,32800
MINDTREE30Jan20900CE.NFO,07/01/2020,10:12:26,6.7,6.2,800,7.65,800,0,32800
MINDTREE30Jan20900CE.NFO,07/01/2020,10:12:28,6.7,6.3,800,7.65,800,0,32800
MINDTREE30Jan20900CE.NFO,07/01/2020,10:12:28,6.7,6.2,800,7.65,800,0,32800
MINDTREE30Jan20900CE.NFO,07/01/2020,10:12:29,6.7,6.25,800,7.65,800,0,32800
MINDTREE30Jan20900CE.NFO,07/01/2020,10:12:30,6.7,6.35,800,7.65,800,0,32800
MINDTREE30Jan20900CE.NFO,07/01/2020,10:12:31,6.7,5.55,800,7.65,800,0,32800
MINDTREE30Jan20900CE.NFO,07/01/2020,10:12:32,6.7,6.15,800,7.65,800,0,32800
MINDTREE30Jan20900CE.NFO,07/01/2020,10:12:33,6.7,5.55,800,7.65,800,0,32800
MINDTREE30Jan20900CE.NFO,07/01/2020,10:12:34,6.7,6.15,800,7.65,800,0,32800
MINDTREE30Jan20900CE.NFO,07/01/2020,10:12:36,6.7,6.25,800,7.65,800,0,32800
MINDTREE30Jan20900CE.NFO,07/01/2020,10:12:37,6.7,6.15,800,7.65,800,0,32800
MINDTREE30Jan20900CE.NFO,07/01/2020,10:12:38,6.7,6.4,800,7.65,800,0,32800
MINDTREE30Jan20900CE.NFO,07/01/2020,10:12:39,6.7,6.3,800,7.65,800,0,32800
MINDTREE30Jan20900CE.NFO,07/01/2020,10:12:40,6.7,5.7,800,7.65,800,0,32800
MINDTREE30Jan20900CE.NFO,07/01/2020,10:12:41,6.7,5.55,800,7.65,800,0,32800
MINDTREE30Jan20900CE.NFO,07/01/2020,10:12:42,6.7,5.85,800,7.65,800,0,32800
MINDTREE30Jan20900CE.NFO,07/01/2020,10:12:43,6.7,5.7,800,7.65,800,0,32800
MINDTREE30Jan20900CE.NFO,07/01/2020,10:12:44,6.7,6.3,800,7.65,800,0,32800
MINDTREE30Jan20900CE.NFO,07/01/2020,10:12:45,6.7,6.2,800,7.65,800,0,32800
MINDTREE30Jan20900CE.NFO,07/01/2020,10:12:47,6.7,5.4,800,7.65,800,0,32800
MINDTREE30Jan20900CE.NFO,07/01/2020,10:12:48,6.7,6.1,800,7.65,800,0,32800
MINDTREE30Jan20900CE.NFO,07/01/2020,10:12:49,6.7,5.65,800,7.65,800,0,32800
MINDTREE30Jan20900CE.NFO,07/01/2020,10:12:50,6.7,6.45,800,7.65,800,0,32800
MINDTREE30Jan20900CE.NFO,07/01/2020,10:12:51,6.7,6.5,800,7.65,800,0,32800
MINDTREE30Jan20900CE.NFO,07/01/2020,10:13:00,6.7,6.5,1600,7.65,800,0,32800
MINDTREE30Jan20900CE.NFO,07/01/2020,10:13:02,6.7,6.5,800,9.4,4000,0,32800
MINDTREE30Jan20900CE.NFO,07/01/2020,10:13:07,6.7,6.5,800,9.4,2400,0,32800
MINDTREE30Jan20900CE.NFO,07/01/2020,10:13:24,6.7,6.5,800,9.4,4000,0,32800
MINDTREE30Jan20900CE.NFO,07/01/2020,10:13:25,6.7,6.2,800,9.4,4000,0,32800
MINDTREE30Jan20900CE.NFO,07/01/2020,10:13:26,6.7,5.6,800,9.4,4000,0,32800
MINDTREE30Jan20900CE.NFO,07/01/2020,10:13:27,6.7,6.2,800,9.4,4000,0,32800
MINDTREE30Jan20900CE.NFO,07/01/2020,10:13:28,6.7,6.3,800,9.4,4000,0,32800
MINDTREE30Jan20900CE.NFO,07/01/2020,10:13:29,6.7,6.4,800,9.4,4000,0,32800
MINDTREE30Jan20900CE.NFO,07/01/2020,10:13:31,6.7,6.2,1600,9.4,4000,0,32800
MINDTREE30Jan20900CE.NFO,07/01/2020,10:13:32,6.7,6.45,800,9.4,4000,0,32800
MINDTREE30Jan20900CE.NFO,07/01/2020,10:13:34,6.7,6.55,800,9.4,2400,0,32800
MINDTREE30Jan20900CE.NFO,07/01/2020,10:13:35,6.7,6.55,800,9.4,4000,0,32800
MINDTREE30Jan20900CE.NFO,07/01/2020,10:13:36,6.7,6.3,800,9.4,4000,0,32800
MINDTREE30Jan20900CE.NFO,07/01/2020,10:13:38,6.7,6.4,800,9.4,4000,0,32800
MINDTREE30Jan20900CE.NFO,07/01/2020,10:13:39,6.7,6.45,800,9.4,4000,0,32800
MINDTREE30Jan20900CE.NFO,07/01/2020,10:13:40,6.7,6.25,800,9.4,4000,0,32800
MINDTREE30Jan20900CE.NFO,07/01/2020,10:13:41,6.7,6.5,800,9.4,4000,0,32800
MINDTREE30Jan20900CE.NFO,07/01/2020,10:13:42,6.7,6.45,800,9.4,4000,0,32800
MINDTREE30Jan20900CE.NFO,07/01/2020,10:13:43,6.7,6.3,800,9.4,4000,0,32800
MINDTREE30Jan20900CE.NFO,07/01/2020,10:13:45,6.7,6.4,800,9.4,4000,0,32800
MINDTREE30Jan20900CE.NFO,07/01/2020,10:13:46,6.7,6.3,800,9.4,4000,0,32800
MINDTREE30Jan20900CE.NFO,07/01/2020,10:13:47,6.7,6.4,800,9.4,4000,0,32800
MINDTREE30Jan20900CE.NFO,07/01/2020,10:13:49,6.7,6.35,800,9.4,4000,0,32800
MINDTREE30Jan20900CE.NFO,07/01/2020,10:13:49,6.7,6.45,800,9.4,4000,0,32800
MINDTREE30Jan20900CE.NFO,07/01/2020,10:13:52,6.7,6.55,800,9.4,4000,0,32800
MINDTREE30Jan20900CE.NFO,07/01/2020,10:13:53,6.7,6.3,800,9.4,4000,0,32800
MINDTREE30Jan20900CE.NFO,07/01/2020,10:13:54,6.7,6.4,800,9.4,4000,0,32800
MINDTREE30Jan20900CE.NFO,07/01/2020,10:13:56,6.7,6.5,800,9.4,4000,0,32800
MINDTREE30Jan20900CE.NFO,07/01/2020,10:13:59,6.7,6.6,800,9.4,4000,0,32800
MINDTREE30Jan20900CE.NFO,07/01/2020,10:14:00,6.7,6.45,800,9.4,4000,0,32800
MINDTREE30Jan20900CE.NFO,07/01/2020,10:14:01,6.7,6.55,800,9.4,4000,0,32800
MINDTREE30Jan20900CE.NFO,07/01/2020,10:14:05,6.7,6.25,800,9.4,4000,0,32800
MINDTREE30Jan20900CE.NFO,07/01/2020,10:14:06,6.7,6.55,800,9.4,4000,0,32800
MINDTREE30Jan20900CE.NFO,07/01/2020,10:14:10,6.7,6.4,800,9.4,4000,0,32800
MINDTREE30Jan20900CE.NFO,07/01/2020,10:14:11,6.7,6.5,800,9.4,4000,0,32800
MINDTREE30Jan20900CE.NFO,07/01/2020,10:14:12,6.7,6.6,800,9.4,4000,0,32800
MINDTREE30Jan20900CE.NFO,07/01/2020,10:14:14,6.7,6.7,800,9.4,4000,0,32800
MINDTREE30Jan20900CE.NFO,07/01/2020,10:14:15,6.7,6.55,800,9.4,4000,0,32800
MINDTREE30Jan20900CE.NFO,07/01/2020,10:14:16,6.7,6.7,1600,9.4,4000,0,32800
MINDTREE30Jan20900CE.NFO,07/01/2020,10:14:17,6.7,6.7,800,9.4,4000,0,32800
MINDTREE30Jan20900CE.NFO,07/01/2020,10:14:21,6.7,6.7,1600,9.4,4000,0,32800
MINDTREE30Jan20900CE.NFO,07/01/2020,10:14:26,6.7,6.7,800,9.4,4000,0,32800
MINDTREE30Jan20900CE.NFO,07/01/2020,10:14:32,6.7,6.7,1600,9.4,4000,0,32800
MINDTREE30Jan20900CE.NFO,07/01/2020,10:14:35,6.7,6.7,800,9.4,4000,0,32800
MINDTREE30Jan20900CE.NFO,07/01/2020,10:14:38,6.7,6.7,1600,9.4,4000,0,32800
MINDTREE30Jan20900CE.NFO,07/01/2020,10:14:41,6.7,6.7,1600,9.4,2400,0,32800
MINDTREE30Jan20900CE.NFO,07/01/2020,10:14:53,6.7,6.7,800,9.4,2400,0,32800
MINDTREE30Jan20900CE.NFO,07/01/2020,10:15:18,6.7,6.7,1600,9.4,2400,0,32800
MINDTREE30Jan20900CE.NFO,07/01/2020,10:15:30,6.7,6.7,800,9.4,2400,0,32800
MINDTREE30Jan20900CE.NFO,07/01/2020,10:15:35,6.7,6.7,1600,9.4,2400,0,32800
MINDTREE30Jan20900CE.NFO,07/01/2020,10:15:36,6.7,6.7,800,9.4,2400,0,32800
MINDTREE30Jan20900CE.NFO,07/01/2020,10:15:42,6.7,6.7,1600,9.4,2400,0,32800
MINDTREE30Jan20900CE.NFO,07/01/2020,10:15:44,6.7,6.7,800,9.4,2400,0,32800
MINDTREE30Jan20900CE.NFO,07/01/2020,10:15:53,6.7,6.7,1600,9.4,2400,0,32800
MINDTREE30Jan20900CE.NFO,07/01/2020,10:15:56,6.7,6.7,800,9.4,2400,0,32800
MINDTREE30Jan20900CE.NFO,07/01/2020,10:15:58,6.7,6.7,1600,9.4,2400,0,32800
MINDTREE30Jan20900CE.NFO,07/01/2020,10:15:59,6.7,6.7,800,9.4,2400,0,32800
MINDTREE30Jan20900CE.NFO,07/01/2020,10:16:04,6.7,6.7,1600,9.4,2400,0,32800
MINDTREE30Jan20900CE.NFO,07/01/2020,10:16:18,6.7,6.7,800,9.4,2400,0,32800
MINDTREE30Jan20900CE.NFO,07/01/2020,10:16:51,6.7,6.7,800,8.85,1600,0,32800
MINDTREE30Jan20900CE.NFO,07/01/2020,10:17:06,6.7,6.7,800,8.75,1600,0,32800
MINDTREE30Jan20900CE.NFO,07/01/2020,10:17:27,6.7,6.7,800,8.65,1600,0,32800
MINDTREE30Jan20900CE.NFO,07/01/2020,10:17:28,6.7,6.7,800,8.55,1600,0,32800
MINDTREE30Jan20900CE.NFO,07/01/2020,10:18:19,6.7,6.7,800,8.55,800,0,32800
MINDTREE30Jan20900CE.NFO,07/01/2020,10:18:22,6.7,6.7,800,8.65,800,0,32800
MINDTREE30Jan20900CE.NFO,07/01/2020,10:18:36,6.7,6.7,800,8.55,800,0,32800
MINDTREE30Jan20900CE.NFO,07/01/2020,10:19:04,6.7,6.7,800,8.45,800,0,32800
MINDTREE30Jan20900CE.NFO,07/01/2020,10:19:11,6.7,6.7,800,8.5,800,0,32800
MINDTREE30Jan20900CE.NFO,07/01/2020,10:19:35,6.7,6.7,800,8.4,800,0,32800
MINDTREE30Jan20900CE.NFO,07/01/2020,10:19:48,6.7,6.7,800,8.5,800,0,32800
MINDTREE30Jan20900CE.NFO,07/01/2020,10:19:49,6.7,6.7,800,8.45,1600,0,32800
MINDTREE30Jan20900CE.NFO,07/01/2020,10:19:51,6.7,6.7,800,8.45,800,0,32800
MINDTREE30Jan20900CE.NFO,07/01/2020,10:19:54,6.7,6.7,800,8.8,800,0,32800
MINDTREE30Jan20900CE.NFO,07/01/2020,10:19:57,6.7,6.9,800,8.8,800,0,32800
MINDTREE30Jan20900CE.NFO,07/01/2020,10:20:06,6.7,6.9,1600,8.8,800,0,32800
MINDTREE30Jan20900CE.NFO,07/01/2020,10:20:08,6.7,6.9,800,8.8,800,0,32800
MINDTREE30Jan20900CE.NFO,07/01/2020,10:20:17,6.7,6.9,800,8.7,800,0,32800
MINDTREE30Jan20900CE.NFO,07/01/2020,10:20:31,6.7,6.9,800,8.65,1600,0,32800
MINDTREE30Jan20900CE.NFO,07/01/2020,10:21:30,6.7,6.9,1600,8.65,1600,0,32800
MINDTREE30Jan20900CE.NFO,07/01/2020,10:21:36,6.7,6.9,800,8.65,1600,0,32800
MINDTREE30Jan20900CE.NFO,07/01/2020,10:21:39,6.7,6.9,1600,8.65,1600,0,32800
MINDTREE30Jan20900CE.NFO,07/01/2020,10:21:47,6.7,6.9,800,8.65,1600,0,32800
MINDTREE30Jan20900CE.NFO,07/01/2020,10:21:50,6.7,6.9,1600,8.65,1600,0,32800
MINDTREE30Jan20900CE.NFO,07/01/2020,10:22:04,6.7,6.9,800,8.65,1600,0,32800
MINDTREE30Jan20900CE.NFO,07/01/2020,10:22:18,6.7,6.9,1600,8.65,1600,0,32800
MINDTREE30Jan20900CE.NFO,07/01/2020,10:22:23,6.7,6.9,800,8.65,1600,0,32800
MINDTREE30Jan20900CE.NFO,07/01/2020,10:22:31,6.7,6.9,1600,8.65,1600,0,32800
MINDTREE30Jan20900CE.NFO,07/01/2020,10:22:38,6.7,6.9,800,8.65,1600,0,32800
MINDTREE30Jan20900CE.NFO,07/01/2020,10:22:49,6.7,6.9,1600,8.65,1600,0,32800
MINDTREE30Jan20900CE.NFO,07/01/2020,10:22:58,6.7,6.4,800,8.65,1600,0,32800
MINDTREE30Jan20900CE.NFO,07/01/2020,10:23:13,6.7,6.45,800,8.65,1600,0,32800
MINDTREE30Jan20900CE.NFO,07/01/2020,10:23:17,6.7,6.95,800,8.65,1600,0,32800
MINDTREE30Jan20900CE.NFO,07/01/2020,10:23:21,6.7,6.4,800,8.65,1600,0,32800
MINDTREE30Jan20900CE.NFO,07/01/2020,10:23:25,6.7,6.8,800,8.65,1600,0,32800
MINDTREE30Jan20900CE.NFO,07/01/2020,10:23:29,6.7,6.5,800,8.65,1600,0,32800
MINDTREE30Jan20900CE.NFO,07/01/2020,10:23:33,6.7,6.9,800,8.65,1600,0,32800
MINDTREE30Jan20900CE.NFO,07/01/2020,10:23:37,6.7,6.8,800,8.65,1600,0,32800
MINDTREE30Jan20900CE.NFO,07/01/2020,10:23:41,6.7,6.5,800,8.65,1600,0,32800
MINDTREE30Jan20900CE.NFO,07/01/2020,10:23:45,6.7,6.45,800,8.65,1600,0,32800
MINDTREE30Jan20900CE.NFO,07/01/2020,10:23:49,6.7,6.75,800,8.65,1600,0,32800
MINDTREE30Jan20900CE.NFO,07/01/2020,10:23:53,6.7,6.35,800,8.65,1600,0,32800
MINDTREE30Jan20900CE.NFO,07/01/2020,10:24:00,6.7,6.45,800,8.65,1600,0,32800
MINDTREE30Jan20900CE.NFO,07/01/2020,10:24:08,6.7,6.85,800,8.65,1600,0,32800
MINDTREE30Jan20900CE.NFO,07/01/2020,10:24:12,6.7,6.45,800,8.65,1600,0,32800
MINDTREE30Jan20900CE.NFO,07/01/2020,10:24:16,6.7,6.55,800,8.65,1600,0,32800
MINDTREE30Jan20900CE.NFO,07/01/2020,10:24:22,6.7,6.75,800,8.65,1600,0,32800
MINDTREE30Jan20900CE.NFO,07/01/2020,10:24:26,6.7,6.35,800,8.65,1600,0,32800
MINDTREE30Jan20900CE.NFO,07/01/2020,10:24:29,6.7,6.65,800,8.65,1600,0,32800
MINDTREE30Jan20900CE.NFO,07/01/2020,10:24:32,6.7,6.35,800,8.65,1600,0,32800
MINDTREE30Jan20900CE.NFO,07/01/2020,10:24:39,6.7,6.75,800,8.65,1600,0,32800
MINDTREE30Jan20900CE.NFO,07/01/2020,10:24:43,6.7,6.65,800,8.65,1600,0,32800
MINDTREE30Jan20900CE.NFO,07/01/2020,10:24:46,6.7,6.85,800,8.65,1600,0,32800
MINDTREE30Jan20900CE.NFO,07/01/2020,10:24:49,6.7,6.45,800,8.65,1600,0,32800
MINDTREE30Jan20900CE.NFO,07/01/2020,10:24:52,6.7,6.55,800,8.65,1600,0,32800
MINDTREE30Jan20900CE.NFO,07/01/2020,10:24:55,6.7,6.45,800,8.65,1600,0,32800
MINDTREE30Jan20900CE.NFO,07/01/2020,10:25:02,6.7,6.7,800,8.65,1600,0,32800
MINDTREE30Jan20900CE.NFO,07/01/2020,10:25:05,6.7,6.2,800,8.65,1600,0,32800
MINDTREE30Jan20900CE.NFO,07/01/2020,10:25:11,6.7,6.3,800,8.65,1600,0,32800
MINDTREE30Jan20900CE.NFO,07/01/2020,10:25:14,6.7,6.5,800,8.65,1600,0,32800
MINDTREE30Jan20900CE.NFO,07/01/2020,10:25:21,6.7,6.35,800,8.65,1600,0,32800
MINDTREE30Jan20900CE.NFO,07/01/2020,10:25:26,6.7,6.85,800,8.65,1600,0,32800
MINDTREE30Jan20900CE.NFO,07/01/2020,10:25:30,6.7,6.25,800,8.65,1600,0,32800
MINDTREE30Jan20900CE.NFO,07/01/2020,10:25:34,6.7,6.55,800,8.65,1600,0,32800
MINDTREE30Jan20900CE.NFO,07/01/2020,10:25:44,6.7,6.6,800,8.65,1600,0,32800
MINDTREE30Jan20900CE.NFO,07/01/2020,10:25:50,6.7,6.7,800,8.65,1600,0,32800
MINDTREE30Jan20900CE.NFO,07/01/2020,10:25:55,6.7,6.65,800,8.65,1600,0,32800
MINDTREE30Jan20900CE.NFO,07/01/2020,10:25:59,6.7,6.4,800,8.65,1600,0,32800
MINDTREE30Jan20900CE.NFO,07/01/2020,10:26:03,6.7,6.5,800,8.65,1600,0,32800
MINDTREE30Jan20900CE.NFO,07/01/2020,10:26:07,6.7,6.8,800,8.65,1600,0,32800
MINDTREE30Jan20900CE.NFO,07/01/2020,10:26:12,6.7,6.45,800,8.65,1600,0,32800
MINDTREE30Jan20900CE.NFO,07/01/2020,10:26:17,6.7,6.7,800,8.65,1600,0,32800
MINDTREE30Jan20900CE.NFO,07/01/2020,10:26:20,6.7,6.2,800,8.65,1600,0,32800
MINDTREE30Jan20900CE.NFO,07/01/2020,10:26:24,6.7,6.8,800,8.65,1600,0,32800
MINDTREE30Jan20900CE.NFO,07/01/2020,10:26:28,6.7,6.2,800,8.65,1600,0,32800
MINDTREE30Jan20900CE.NFO,07/01/2020,10:26:31,6.7,6.7,800,8.65,1600,0,32800
MINDTREE30Jan20900CE.NFO,07/01/2020,10:26:34,6.7,6.75,800,8.65,1600,0,32800
MINDTREE30Jan20900CE.NFO,07/01/2020,10:26:37,6.7,6.35,800,8.65,1600,0,32800
MINDTREE30Jan20900CE.NFO,07/01/2020,10:26:40,6.7,6.8,800,8.65,1600,0,32800
MINDTREE30Jan20900CE.NFO,07/01/2020,10:26:44,6.7,6.5,800,8.65,1600,0,32800
MINDTREE30Jan20900CE.NFO,07/01/2020,10:26:47,6.7,6.6,800,8.65,1600,0,32800
MINDTREE30Jan20900CE.NFO,07/01/2020,10:26:51,6.7,6.7,800,8.65,1600,0,32800
MINDTREE30Jan20900CE.NFO,07/01/2020,10:26:55,6.7,6.2,800,8.65,1600,0,32800
MINDTREE30Jan20900CE.NFO,07/01/2020,10:27:02,6.7,6.3,800,8.65,1600,0,32800
MINDTREE30Jan20900CE.NFO,07/01/2020,10:27:06,6.7,6.5,800,8.65,1600,0,32800
MINDTREE30Jan20900CE.NFO,07/01/2020,10:27:09,6.7,6.7,800,8.65,1600,0,32800
MINDTREE30Jan20900CE.NFO,07/01/2020,10:27:12,6.7,6.9,800,8.65,1600,0,32800
MINDTREE30Jan20900CE.NFO,07/01/2020,10:27:16,6.7,6.7,800,8.65,1600,0,32800
MINDTREE30Jan20900CE.NFO,07/01/2020,10:27:22,6.7,6.8,800,8.65,1600,0,32800
MINDTREE30Jan20900CE.NFO,07/01/2020,10:27:30,6.7,6.3,800,8.65,1600,0,32800
MINDTREE30Jan20900CE.NFO,07/01/2020,10:27:33,6.7,6.8,800,8.65,1600,0,32800
MINDTREE30Jan20900CE.NFO,07/01/2020,10:27:36,6.7,6.25,800,8.65,1600,0,32800
MINDTREE30Jan20900CE.NFO,07/01/2020,10:27:39,6.7,6.45,800,8.65,1600,0,32800
MINDTREE30Jan20900CE.NFO,07/01/2020,10:27:44,6.7,6.55,800,8.65,1600,0,32800
MINDTREE30Jan20900CE.NFO,07/01/2020,10:27:48,6.7,6.65,800,8.65,1600,0,32800
MINDTREE30Jan20900CE.NFO,07/01/2020,10:27:51,6.7,6.75,800,8.65,1600,0,32800
MINDTREE30Jan20900CE.NFO,07/01/2020,10:27:54,6.7,6.45,800,8.65,1600,0,32800
MINDTREE30Jan20900CE.NFO,07/01/2020,10:27:57,6.7,6.55,800,8.65,1600,0,32800
MINDTREE30Jan20900CE.NFO,07/01/2020,10:28:03,6.7,6.85,800,8.65,1600,0,32800
MINDTREE30Jan20900CE.NFO,07/01/2020,10:28:06,6.7,6.25,800,8.65,1600,0,32800
MINDTREE30Jan20900CE.NFO,07/01/2020,10:28:10,6.7,6.45,800,8.65,1600,0,32800
MINDTREE30Jan20900CE.NFO,07/01/2020,10:28:13,6.7,6.75,800,8.65,1600,0,32800
MINDTREE30Jan20900CE.NFO,07/01/2020,10:28:19,6.7,6.4,800,8.65,1600,0,32800
MINDTREE30Jan20900CE.NFO,07/01/2020,10:28:22,6.7,6.5,800,8.65,1600,0,32800
MINDTREE30Jan20900CE.NFO,07/01/2020,10:28:29,6.7,6.85,800,8.65,1600,0,32800
MINDTREE30Jan20900CE.NFO,07/01/2020,10:28:40,6.7,6.4,800,8.65,1600,0,32800
MINDTREE30Jan20900CE.NFO,07/01/2020,10:28:43,6.7,7,800,8.65,1600,0,32800
MINDTREE30Jan20900CE.NFO,07/01/2020,10:28:47,6.7,6.35,800,8.65,1600,0,32800
MINDTREE30Jan20900CE.NFO,07/01/2020,10:28:50,6.7,6.65,800,8.65,1600,0,32800
MINDTREE30Jan20900CE.NFO,07/01/2020,10:28:53,6.7,6.45,800,8.65,1600,0,32800
MINDTREE30Jan20900CE.NFO,07/01/2020,10:28:56,6.7,6.5,800,8.65,1600,0,32800
MINDTREE30Jan20900CE.NFO,07/01/2020,10:28:59,6.7,7.05,800,8.65,1600,0,32800
MINDTREE30Jan20900CE.NFO,07/01/2020,10:29:03,6.7,6.7,800,8.65,1600,0,32800
MINDTREE30Jan20900CE.NFO,07/01/2020,10:29:08,6.7,6.8,800,8.65,1600,0,32800
MINDTREE30Jan20900CE.NFO,07/01/2020,10:29:11,6.7,7.1,800,8.65,1600,0,32800
MINDTREE30Jan20900CE.NFO,07/01/2020,10:29:14,6.7,6.9,800,8.65,1600,0,32800
MINDTREE30Jan20900CE.NFO,07/01/2020,10:29:18,6.7,7.1,800,8.65,1600,0,32800
MINDTREE30Jan20900CE.NFO,07/01/2020,10:29:28,6.7,6.5,800,8.65,1600,0,32800
MINDTREE30Jan20900CE.NFO,07/01/2020,10:29:34,6.7,6.8,800,8.65,1600,0,32800
MINDTREE30Jan20900CE.NFO,07/01/2020,10:29:37,6.7,6.65,800,8.65,1600,0,32800
MINDTREE30Jan20900CE.NFO,07/01/2020,10:29:40,6.7,6.9,1600,8.65,1600,0,32800
MINDTREE30Jan20900CE.NFO,07/01/2020,10:29:44,6.7,6.5,800,8.65,1600,0,32800
MINDTREE30Jan20900CE.NFO,07/01/2020,10:29:47,6.7,6.9,800,8.65,1600,0,32800
MINDTREE30Jan20900CE.NFO,07/01/2020,10:29:49,6.7,6.95,800,8.65,1600,0,32800
MINDTREE30Jan20900CE.NFO,07/01/2020,10:29:51,6.7,6.75,800,8.65,1600,0,32800
MINDTREE30Jan20900CE.NFO,07/01/2020,10:29:54,6.7,6.85,800,8.65,1600,0,32800
MINDTREE30Jan20900CE.NFO,07/01/2020,10:30:08,6.7,6.55,800,8.65,1600,0,32800
MINDTREE30Jan20900CE.NFO,07/01/2020,10:30:13,6.7,6.85,800,8.65,1600,0,32800
MINDTREE30Jan20900CE.NFO,07/01/2020,10:30:15,6.7,6.95,800,8.65,1600,0,32800
MINDTREE30Jan20900CE.NFO,07/01/2020,10:30:18,6.7,6.35,800,8.65,1600,0,32800
MINDTREE30Jan20900CE.NFO,07/01/2020,10:30:24,6.7,6.85,800,8.65,1600,0,32800
MINDTREE30Jan20900CE.NFO,07/01/2020,10:30:27,6.7,7.05,800,8.65,1600,0,32800
MINDTREE30Jan20900CE.NFO,07/01/2020,10:30:30,6.7,6.85,800,8.65,1600,0,32800
MINDTREE30Jan20900CE.NFO,07/01/2020,10:30:32,6.7,6.95,800,8.65,1600,0,32800
MINDTREE30Jan20900CE.NFO,07/01/2020,10:30:35,6.7,6.55,800,8.65,1600,0,32800
MINDTREE30Jan20900CE.NFO,07/01/2020,10:30:38,6.7,6.75,800,8.65,1600,0,32800
MINDTREE30Jan20900CE.NFO,07/01/2020,10:30:40,6.7,6.3,800,8.65,1600,0,32800
MINDTREE30Jan20900CE.NFO,07/01/2020,10:30:43,6.7,6.7,800,8.65,1600,0,32800
MINDTREE30Jan20900CE.NFO,07/01/2020,10:30:47,6.7,7.05,800,8.65,1600,0,32800
MINDTREE30Jan20900CE.NFO,07/01/2020,10:30:51,6.7,6.55,800,8.65,1600,0,32800
MINDTREE30Jan20900CE.NFO,07/01/2020,10:30:54,6.7,7.1,800,8.65,1600,0,32800
MINDTREE30Jan20900CE.NFO,07/01/2020,10:30:57,6.7,6.55,800,8.65,1600,0,32800
MINDTREE30Jan20900CE.NFO,07/01/2020,10:31:00,6.7,6.6,800,8.65,1600,0,32800
MINDTREE30Jan20900CE.NFO,07/01/2020,10:31:03,6.7,6.8,800,8.65,1600,0,32800
MINDTREE30Jan20900CE.NFO,07/01/2020,10:31:08,6.7,6.9,800,8.65,1600,0,32800
MINDTREE30Jan20900CE.NFO,07/01/2020,10:31:13,6.7,6.45,800,8.65,1600,0,32800
MINDTREE30Jan20900CE.NFO,07/01/2020,10:31:16,6.7,6.85,800,8.65,1600,0,32800
MINDTREE30Jan20900CE.NFO,07/01/2020,10:31:19,6.7,6.55,800,8.65,1600,0,32800
MINDTREE30Jan20900CE.NFO,07/01/2020,10:31:22,6.7,6.5,800,8.65,1600,0,32800
MINDTREE30Jan20900CE.NFO,07/01/2020,10:31:25,6.7,7.1,800,8.65,1600,0,32800
MINDTREE30Jan20900CE.NFO,07/01/2020,10:31:28,6.7,6.95,800,8.65,1600,0,32800
MINDTREE30Jan20900CE.NFO,07/01/2020,10:31:31,6.7,6.55,800,8.65,1600,0,32800
MINDTREE30Jan20900CE.NFO,07/01/2020,10:31:34,6.7,6.65,800,8.65,1600,0,32800
MINDTREE30Jan20900CE.NFO,07/01/2020,10:31:37,6.7,6.85,800,8.65,1600,0,32800
MINDTREE30Jan20900CE.NFO,07/01/2020,10:31:41,6.7,6.95,800,8.65,1600,0,32800
MINDTREE30Jan20900CE.NFO,07/01/2020,10:31:45,6.7,6.4,800,8.65,1600,0,32800
MINDTREE30Jan20900CE.NFO,07/01/2020,10:31:48,6.7,6.8,800,8.65,1600,0,32800
MINDTREE30Jan20900CE.NFO,07/01/2020,10:31:52,6.7,6.4,800,8.65,1600,0,32800
MINDTREE30Jan20900CE.NFO,07/01/2020,10:31:55,6.7,7,800,8.65,1600,0,32800
MINDTREE30Jan20900CE.NFO,07/01/2020,10:31:58,6.7,7.1,800,8.65,1600,0,32800
MINDTREE30Jan20900CE.NFO,07/01/2020,10:32:03,6.7,6.55,800,8.65,1600,0,32800
MINDTREE30Jan20900CE.NFO,07/01/2020,10:32:07,6.7,6.95,800,8.65,1600,0,32800
MINDTREE30Jan20900CE.NFO,07/01/2020,10:32:11,6.7,6.45,800,8.65,1600,0,32800
MINDTREE30Jan20900CE.NFO,07/01/2020,10:32:15,6.7,6.85,800,8.65,1600,0,32800
MINDTREE30Jan20900CE.NFO,07/01/2020,10:32:18,6.7,6.4,800,8.65,1600,0,32800
MINDTREE30Jan20900CE.NFO,07/01/2020,10:32:22,6.7,6.5,800,8.65,1600,0,32800
MINDTREE30Jan20900CE.NFO,07/01/2020,10:32:26,6.7,6.8,800,8.65,1600,0,32800
MINDTREE30Jan20900CE.NFO,07/01/2020,10:32:29,6.7,7.1,800,8.65,1600,0,32800
MINDTREE30Jan20900CE.NFO,07/01/2020,10:32:33,6.7,7.15,800,8.65,1600,0,32800
MINDTREE30Jan20900CE.NFO,07/01/2020,10:32:37,6.7,7.2,1600,8.65,1600,0,32800
MINDTREE30Jan20900CE.NFO,07/01/2020,10:32:41,6.7,7.2,800,8.65,1600,0,32800
MINDTREE30Jan20900CE.NFO,07/01/2020,10:32:46,6.7,6.75,800,8.65,1600,0,32800
MINDTREE30Jan20900CE.NFO,07/01/2020,10:32:50,6.7,6.85,800,8.65,1600,0,32800
MINDTREE30Jan20900CE.NFO,07/01/2020,10:32:53,6.7,6.45,800,8.65,1600,0,32800
MINDTREE30Jan20900CE.NFO,07/01/2020,10:32:57,6.7,6.5,800,8.65,1600,0,32800
MINDTREE30Jan20900CE.NFO,07/01/2020,10:33:00,6.7,6.75,800,8.65,1600,0,32800
MINDTREE30Jan20900CE.NFO,07/01/2020,10:33:03,6.7,6.95,800,8.65,1600,0,32800
MINDTREE30Jan20900CE.NFO,07/01/2020,10:33:06,6.7,7.05,800,8.65,1600,0,32800
MINDTREE30Jan20900CE.NFO,07/01/2020,10:33:17,6.7,6.65,800,8.65,1600,0,32800
MINDTREE30Jan20900CE.NFO,07/01/2020,10:33:21,6.7,6.85,800,8.65,1600,0,32800
MINDTREE30Jan20900CE.NFO,07/01/2020,10:33:27,6.7,6.95,800,8.65,1600,0,32800
MINDTREE30Jan20900CE.NFO,07/01/2020,10:33:30,6.7,7.05,800,8.65,1600,0,32800
MINDTREE30Jan20900CE.NFO,07/01/2020,10:33:33,6.7,6.75,800,8.65,1600,0,32800
MINDTREE30Jan20900CE.NFO,07/01/2020,10:33:37,6.7,7.15,800,8.65,1600,0,32800
MINDTREE30Jan20900CE.NFO,07/01/2020,10:33:41,6.7,6.6,800,8.65,1600,0,32800
MINDTREE30Jan20900CE.NFO,07/01/2020,10:33:46,6.7,6.8,800,8.65,1600,0,32800
MINDTREE30Jan20900CE.NFO,07/01/2020,10:33:51,6.7,7,800,8.65,1600,0,32800
MINDTREE30Jan20900CE.NFO,07/01/2020,10:33:53,6.7,6.7,800,8.65,1600,0,32800
MINDTREE30Jan20900CE.NFO,07/01/2020,10:33:56,6.7,6.8,800,8.65,1600,0,32800
MINDTREE30Jan20900CE.NFO,07/01/2020,10:33:58,6.7,6.9,800,8.65,1600,0,32800
MINDTREE30Jan20900CE.NFO,07/01/2020,10:34:00,6.7,6.45,800,8.65,1600,0,32800
MINDTREE30Jan20900CE.NFO,07/01/2020,10:34:03,6.7,6.65,800,8.65,1600,0,32800
MINDTREE30Jan20900CE.NFO,07/01/2020,10:34:06,6.7,6.75,800,8.65,1600,0,32800
MINDTREE30Jan20900CE.NFO,07/01/2020,10:34:11,6.7,6.85,800,8.65,1600,0,32800
MINDTREE30Jan20900CE.NFO,07/01/2020,10:34:15,6.7,6.8,800,8.65,1600,0,32800
MINDTREE30Jan20900CE.NFO,07/01/2020,10:34:19,6.7,6.9,800,8.65,1600,0,32800
MINDTREE30Jan20900CE.NFO,07/01/2020,10:34:22,6.7,6.7,800,8.65,1600,0,32800
MINDTREE30Jan20900CE.NFO,07/01/2020,10:34:27,6.7,7,800,8.65,1600,0,32800
MINDTREE30Jan20900CE.NFO,07/01/2020,10:34:32,6.7,6.55,800,8.65,1600,0,32800
MINDTREE30Jan20900CE.NFO,07/01/2020,10:34:35,6.7,6.65,800,8.65,1600,0,32800
MINDTREE30Jan20900CE.NFO,07/01/2020,10:34:39,6.7,6.45,800,8.65,1600,0,32800
MINDTREE30Jan20900CE.NFO,07/01/2020,10:34:48,6.7,6.85,800,8.65,1600,0,32800
MINDTREE30Jan20900CE.NFO,07/01/2020,10:34:53,6.7,6.6,800,8.65,1600,0,32800
MINDTREE30Jan20900CE.NFO,07/01/2020,10:34:57,6.7,6.65,800,8.65,1600,0,32800
MINDTREE30Jan20900CE.NFO,07/01/2020,10:35:01,6.7,6.95,800,8.65,1600,0,32800
MINDTREE30Jan20900CE.NFO,07/01/2020,10:35:04,6.7,6.3,800,8.65,1600,0,32800
MINDTREE30Jan20900CE.NFO,07/01/2020,10:35:07,6.7,6.8,800,8.65,1600,0,32800
MINDTREE30Jan20900CE.NFO,07/01/2020,10:35:10,6.7,6.55,800,8.65,1600,0,32800
MINDTREE30Jan20900CE.NFO,07/01/2020,10:35:14,6.7,6.75,800,8.65,1600,0,32800
MINDTREE30Jan20900CE.NFO,07/01/2020,10:35:20,6.7,6.85,800,8.65,1600,0,32800
MINDTREE30Jan20900CE.NFO,07/01/2020,10:35:26,6.7,6.65,800,8.65,1600,0,32800
MINDTREE30Jan20900CE.NFO,07/01/2020,10:35:31,6.7,6.95,800,8.65,1600,0,32800
MINDTREE30Jan20900CE.NFO,07/01/2020,10:35:35,6.7,6.6,800,8.65,1600,0,32800
MINDTREE30Jan20900CE.NFO,07/01/2020,10:35:38,6.7,6.9,800,8.65,1600,0,32800
MINDTREE30Jan20900CE.NFO,07/01/2020,10:35:42,6.7,6.35,800,8.65,1600,0,32800
MINDTREE30Jan20900CE.NFO,07/01/2020,10:35:45,6.7,6.55,800,8.65,1600,0,32800
MINDTREE30Jan20900CE.NFO,07/01/2020,10:35:49,6.7,6.6,800,8.65,1600,0,32800
MINDTREE30Jan20900CE.NFO,07/01/2020,10:35:51,6.7,6.8,800,8.65,1600,0,32800
MINDTREE30Jan20900CE.NFO,07/01/2020,10:35:54,6.7,6.9,800,8.65,1600,0,32800
MINDTREE30Jan20900CE.NFO,07/01/2020,10:36:01,6.7,7,800,8.65,1600,0,32800
MINDTREE30Jan20900CE.NFO,07/01/2020,10:36:05,6.7,6.95,1600,8.65,1600,0,32800
MINDTREE30Jan20900CE.NFO,07/01/2020,10:36:09,6.7,6.4,800,8.65,1600,0,32800
MINDTREE30Jan20900CE.NFO,07/01/2020,10:36:13,6.7,6.6,800,8.65,1600,0,32800
MINDTREE30Jan20900CE.NFO,07/01/2020,10:36:17,6.7,6.9,800,8.65,1600,0,32800
MINDTREE30Jan20900CE.NFO,07/01/2020,10:36:21,6.7,6.45,800,8.65,1600,0,32800
MINDTREE30Jan20900CE.NFO,07/01/2020,10:36:24,6.7,6.2,800,8.65,1600,0,32800
MINDTREE30Jan20900CE.NFO,07/01/2020,10:36:26,6.7,6.4,800,8.65,1600,0,32800
MINDTREE30Jan20900CE.NFO,07/01/2020,10:36:29,6.7,6.2,800,8.65,1600,0,32800
MINDTREE30Jan20900CE.NFO,07/01/2020,10:36:33,6.7,6.7,800,8.65,1600,0,32800
MINDTREE30Jan20900CE.NFO,07/01/2020,10:36:35,6.7,6.8,800,8.65,1600,0,32800
MINDTREE30Jan20900CE.NFO,07/01/2020,10:36:37,6.7,6.3,800,8.65,1600,0,32800
MINDTREE30Jan20900CE.NFO,07/01/2020,10:36:40,6.7,6.8,800,8.65,1600,0,32800
MINDTREE30Jan20900CE.NFO,07/01/2020,10:36:42,6.7,6.3,800,8.65,1600,0,32800
MINDTREE30Jan20900CE.NFO,07/01/2020,10:36:46,6.7,6.5,800,8.65,1600,0,32800
MINDTREE30Jan20900CE.NFO,07/01/2020,10:36:49,6.7,6.9,800,8.65,1600,0,32800
MINDTREE30Jan20900CE.NFO,07/01/2020,10:36:51,6.7,6.45,800,8.65,1600,0,32800
MINDTREE30Jan20900CE.NFO,07/01/2020,10:36:54,6.7,6.25,800,8.65,1600,0,32800
MINDTREE30Jan20900CE.NFO,07/01/2020,10:36:57,6.7,6.2,800,8.65,1600,0,32800
MINDTREE30Jan20900CE.NFO,07/01/2020,10:37:00,6.7,6.6,800,8.65,1600,0,32800
MINDTREE30Jan20900CE.NFO,07/01/2020,10:37:03,6.7,6.8,800,8.65,1600,0,32800
MINDTREE30Jan20900CE.NFO,07/01/2020,10:37:07,6.7,6.4,800,8.65,1600,0,32800
MINDTREE30Jan20900CE.NFO,07/01/2020,10:37:11,6.7,6.7,800,8.65,1600,0,32800
MINDTREE30Jan20900CE.NFO,07/01/2020,10:37:18,6.7,6.8,800,8.65,1600,0,32800
MINDTREE30Jan20900CE.NFO,07/01/2020,10:37:27,6.7,6.85,1600,8.65,1600,0,32800
MINDTREE30Jan20900CE.NFO,07/01/2020,10:37:30,6.7,6.2,800,8.65,1600,0,32800
MINDTREE30Jan20900CE.NFO,07/01/2020,10:37:34,6.7,6.5,800,8.65,1600,0,32800
MINDTREE30Jan20900CE.NFO,07/01/2020,10:37:38,6.7,6.8,800,8.65,1600,0,32800
MINDTREE30Jan20900CE.NFO,07/01/2020,10:37:42,6.7,6.5,800,8.65,1600,0,32800
MINDTREE30Jan20900CE.NFO,07/01/2020,10:37:46,6.7,6.2,800,8.65,1600,0,32800
MINDTREE30Jan20900CE.NFO,07/01/2020,10:37:49,6.7,6.5,800,8.65,1600,0,32800
MINDTREE30Jan20900CE.NFO,07/01/2020,10:37:52,6.7,6.8,800,8.65,1600,0,32800
MINDTREE30Jan20900CE.NFO,07/01/2020,10:37:56,6.7,6.5,800,8.65,1600,0,32800
MINDTREE30Jan20900CE.NFO,07/01/2020,10:38:01,6.7,6.7,800,8.65,1600,0,32800
MINDTREE30Jan20900CE.NFO,07/01/2020,10:38:05,6.7,6.6,800,8.65,1600,0,32800
MINDTREE30Jan20900CE.NFO,07/01/2020,10:38:08,6.7,6.45,800,8.65,1600,0,32800
MINDTREE30Jan20900CE.NFO,07/01/2020,10:38:11,6.7,6.75,800,8.65,1600,0,32800
MINDTREE30Jan20900CE.NFO,07/01/2020,10:38:14,6.7,6.5,800,8.65,1600,0,32800
MINDTREE30Jan20900CE.NFO,07/01/2020,10:38:16,6.7,6.8,800,8.65,1600,0,32800
MINDTREE30Jan20900CE.NFO,07/01/2020,10:38:18,6.7,6.2,800,8.65,1600,0,32800
MINDTREE30Jan20900CE.NFO,07/01/2020,10:38:21,6.7,6.4,800,8.65,1600,0,32800
MINDTREE30Jan20900CE.NFO,07/01/2020,10:38:25,6.7,6.55,800,8.65,1600,0,32800
MINDTREE30Jan20900CE.NFO,07/01/2020,10:38:28,6.7,6.75,800,8.65,1600,0,32800
MINDTREE30Jan20900CE.NFO,07/01/2020,10:38:31,6.7,6.5,800,8.65,1600,0,32800
MINDTREE30Jan20900CE.NFO,07/01/2020,10:38:38,6.7,6.6,800,8.65,1600,0,32800
MINDTREE30Jan20900CE.NFO,07/01/2020,10:38:48,6.7,6.8,800,8.65,1600,0,32800
MINDTREE30Jan20900CE.NFO,07/01/2020,10:38:55,6.7,6.3,800,8.65,1600,0,32800
MINDTREE30Jan20900CE.NFO,07/01/2020,10:38:58,6.7,6.9,800,8.65,1600,0,32800
MINDTREE30Jan20900CE.NFO,07/01/2020,10:39:02,6.7,6.65,800,8.65,1600,0,32800
MINDTREE30Jan20900CE.NFO,07/01/2020,10:39:06,6.7,6.95,800,8.65,1600,0,32800
MINDTREE30Jan20900CE.NFO,07/01/2020,10:39:14,6.7,6.45,800,8.65,1600,0,32800
MINDTREE30Jan20900CE.NFO,07/01/2020,10:39:18,6.7,6.65,800,8.65,1600,0,32800
MINDTREE30Jan20900CE.NFO,07/01/2020,10:39:22,6.7,6.35,800,8.65,1600,0,32800
MINDTREE30Jan20900CE.NFO,07/01/2020,10:39:25,6.7,6.85,800,8.65,1600,0,32800
MINDTREE30Jan20900CE.NFO,07/01/2020,10:39:31,6.7,6.45,800,8.65,1600,0,32800
MINDTREE30Jan20900CE.NFO,07/01/2020,10:39:34,6.7,7.05,800,8.65,1600,0,32800
MINDTREE30Jan20900CE.NFO,07/01/2020,10:39:36,6.7,6.7,800,8.65,1600,0,32800
MINDTREE30Jan20900CE.NFO,07/01/2020,10:39:40,6.7,6.5,800,8.65,1600,0,32800
MINDTREE30Jan20900CE.NFO,07/01/2020,10:39:43,6.7,6.4,800,8.65,1600,0,32800
MINDTREE30Jan20900CE.NFO,07/01/2020,10:39:45,6.7,6.6,800,8.65,1600,0,32800
MINDTREE30Jan20900CE.NFO,07/01/2020,10:39:48,6.7,6.3,800,8.65,1600,0,32800
MINDTREE30Jan20900CE.NFO,07/01/2020,10:39:51,6.7,6.6,800,8.65,1600,0,32800
MINDTREE30Jan20900CE.NFO,07/01/2020,10:39:54,6.7,6.8,800,8.65,1600,0,32800
MINDTREE30Jan20900CE.NFO,07/01/2020,10:40:05,6.7,6.55,800,8.65,1600,0,32800
MINDTREE30Jan20900CE.NFO,07/01/2020,10:40:10,6.7,6.75,800,8.65,1600,0,32800
MINDTREE30Jan20900CE.NFO,07/01/2020,10:40:14,6.7,6.45,800,8.65,1600,0,32800
MINDTREE30Jan20900CE.NFO,07/01/2020,10:40:17,6.7,6.75,800,8.65,1600,0,32800
MINDTREE30Jan20900CE.NFO,07/01/2020,10:40:20,6.7,6.95,800,8.65,1600,0,32800
MINDTREE30Jan20900CE.NFO,07/01/2020,10:40:30,6.7,6.55,800,8.65,1600,0,32800
MINDTREE30Jan20900CE.NFO,07/01/2020,10:40:33,6.7,6.65,800,8.65,1600,0,32800
MINDTREE30Jan20900CE.NFO,07/01/2020,10:40:36,6.7,6.85,800,8.65,1600,0,32800
MINDTREE30Jan20900CE.NFO,07/01/2020,10:40:39,6.7,6.45,800,8.65,1600,0,32800
MINDTREE30Jan20900CE.NFO,07/01/2020,10:40:48,6.7,6.65,800,8.65,1600,0,32800
MINDTREE30Jan20900CE.NFO,07/01/2020,10:41:04,6.7,6.95,800,8.65,1600,0,32800
MINDTREE30Jan20900CE.NFO,07/01/2020,10:41:07,6.7,6.65,800,8.65,1600,0,32800
MINDTREE30Jan20900CE.NFO,07/01/2020,10:41:09,6.7,6.75,800,8.65,1600,0,32800
MINDTREE30Jan20900CE.NFO,07/01/2020,10:41:11,6.7,6.4,800,8.65,1600,0,32800
MINDTREE30Jan20900CE.NFO,07/01/2020,10:41:14,6.7,6.8,800,8.65,1600,0,32800
MINDTREE30Jan20900CE.NFO,07/01/2020,10:41:21,6.7,6.45,800,8.65,1600,0,32800
MINDTREE30Jan20900CE.NFO,07/01/2020,10:41:26,6.7,7.05,800,8.65,1600,0,32800
MINDTREE30Jan20900CE.NFO,07/01/2020,10:41:30,6.7,6.35,800,8.65,1600,0,32800
MINDTREE30Jan20900CE.NFO,07/01/2020,10:41:39,6.7,6.55,800,8.65,1600,0,32800
MINDTREE30Jan20900CE.NFO,07/01/2020,10:41:42,6.7,6.65,800,8.65,1600,0,32800
MINDTREE30Jan20900CE.NFO,07/01/2020,10:41:45,6.7,6.35,800,8.65,1600,0,32800
MINDTREE30Jan20900CE.NFO,07/01/2020,10:41:51,6.7,6.7,800,8.65,1600,0,32800
MINDTREE30Jan20900CE.NFO,07/01/2020,10:41:54,6.7,6.9,800,8.65,1600,0,32800
MINDTREE30Jan20900CE.NFO,07/01/2020,10:41:59,6.7,6.7,800,8.65,1600,0,32800
MINDTREE30Jan20900CE.NFO,07/01/2020,10:42:09,6.7,6.35,800,8.65,1600,0,32800
MINDTREE30Jan20900CE.NFO,07/01/2020,10:42:12,6.7,6.95,800,8.65,1600,0,32800
MINDTREE30Jan20900CE.NFO,07/01/2020,10:42:15,6.7,6.45,800,8.65,1600,0,32800
MINDTREE30Jan20900CE.NFO,07/01/2020,10:42:18,6.7,6.4,800,8.65,1600,0,32800
MINDTREE30Jan20900CE.NFO,07/01/2020,10:42:20,6.7,6.85,800,8.65,1600,0,32800
MINDTREE30Jan20900CE.NFO,07/01/2020,10:42:23,6.7,6.65,800,8.65,1600,0,32800
MINDTREE30Jan20900CE.NFO,07/01/2020,10:42:28,6.7,6.75,800,8.65,1600,0,32800
MINDTREE30Jan20900CE.NFO,07/01/2020,10:42:40,6.7,6.95,800,8.65,1600,0,32800
MINDTREE30Jan20900CE.NFO,07/01/2020,10:42:51,6.7,6.85,800,8.65,1600,0,32800
MINDTREE30Jan20900CE.NFO,07/01/2020,10:42:54,6.7,6.65,800,8.65,1600,0,32800
MINDTREE30Jan20900CE.NFO,07/01/2020,10:42:57,6.7,6.3,800,8.65,1600,0,32800
MINDTREE30Jan20900CE.NFO,07/01/2020,10:43:12,6.7,6.4,800,8.65,1600,0,32800
MINDTREE30Jan20900CE.NFO,07/01/2020,10:43:19,6.7,6.6,800,8.65,1600,0,32800
MINDTREE30Jan20900CE.NFO,07/01/2020,10:43:20,6.7,6.8,800,8.65,1600,0,32800
MINDTREE30Jan20900CE.NFO,07/01/2020,10:43:21,6.7,6.6,800,8.65,1600,0,32800
MINDTREE30Jan20900CE.NFO,07/01/2020,10:43:25,6.7,6.65,800,8.65,1600,0,32800
MINDTREE30Jan20900CE.NFO,07/01/2020,10:43:29,6.7,6.95,800,8.65,1600,0,32800
MINDTREE30Jan20900CE.NFO,07/01/2020,10:43:32,6.7,6.4,800,8.65,1600,0,32800
MINDTREE30Jan20900CE.NFO,07/01/2020,10:43:35,6.7,6.7,800,8.65,1600,0,32800
MINDTREE30Jan20900CE.NFO,07/01/2020,10:43:39,6.7,6.9,800,8.65,1600,0,32800
MINDTREE30Jan20900CE.NFO,07/01/2020,10:43:44,6.7,6.3,800,8.65,1600,0,32800
MINDTREE30Jan20900CE.NFO,07/01/2020,10:43:48,6.7,6.4,800,8.65,1600,0,32800
MINDTREE30Jan20900CE.NFO,07/01/2020,10:44:02,6.7,6.5,800,8.65,1600,0,32800
MINDTREE30Jan20900CE.NFO,07/01/2020,10:44:26,6.7,6.6,800,8.65,1600,0,32800
MINDTREE30Jan20900CE.NFO,07/01/2020,10:44:56,6.7,6.9,800,8.65,1600,0,32800
MINDTREE30Jan20900CE.NFO,07/01/2020,10:44:58,6.7,6.6,800,8.65,1600,0,32800
MINDTREE30Jan20900CE.NFO,07/01/2020,10:45:03,6.7,6.3,800,8.4,800,0,32800
MINDTREE30Jan20900CE.NFO,07/01/2020,10:45:08,6.7,6.55,800,8.4,800,0,32800
MINDTREE30Jan20900CE.NFO,07/01/2020,10:45:12,6.7,6.9,1600,8.4,800,0,32800
MINDTREE30Jan20900CE.NFO,07/01/2020,10:45:16,6.7,6.5,800,8.4,800,0,32800
MINDTREE30Jan20900CE.NFO,07/01/2020,10:45:19,6.7,6.75,800,8.4,800,0,32800
MINDTREE30Jan20900CE.NFO,07/01/2020,10:45:22,6.7,6.35,800,8.4,800,0,32800
MINDTREE30Jan20900CE.NFO,07/01/2020,10:45:26,6.7,6.65,800,8.4,800,0,32800
MINDTREE30Jan20900CE.NFO,07/01/2020,10:45:29,6.7,6.95,800,8.4,800,0,32800
MINDTREE30Jan20900CE.NFO,07/01/2020,10:45:31,6.7,6.25,800,8.4,800,0,32800
MINDTREE30Jan20900CE.NFO,07/01/2020,10:45:34,6.7,6.35,800,8.4,800,0,32800
MINDTREE30Jan20900CE.NFO,07/01/2020,10:45:41,6.7,6.75,800,8.4,800,0,32800
MINDTREE30Jan20900CE.NFO,07/01/2020,10:45:47,6.7,6.25,800,8.4,800,0,32800
MINDTREE30Jan20900CE.NFO,07/01/2020,10:45:50,6.7,6.85,800,8.4,800,0,32800
MINDTREE30Jan20900CE.NFO,07/01/2020,10:45:53,6.7,6.5,800,8.4,800,0,32800
MINDTREE30Jan20900CE.NFO,07/01/2020,10:45:56,6.7,6.7,800,8.4,800,0,32800
MINDTREE30Jan20900CE.NFO,07/01/2020,10:45:58,6.7,6.2,800,8.4,800,0,32800
MINDTREE30Jan20900CE.NFO,07/01/2020,10:46:00,6.7,6.5,800,8.4,800,0,32800
MINDTREE30Jan20900CE.NFO,07/01/2020,10:46:05,6.7,6.9,800,8.4,800,0,32800
MINDTREE30Jan20900CE.NFO,07/01/2020,10:46:08,6.7,6.5,800,8.4,800,0,32800
MINDTREE30Jan20900CE.NFO,07/01/2020,10:46:12,6.7,6.8,800,8.4,800,0,32800
MINDTREE30Jan20900CE.NFO,07/01/2020,10:46:15,6.7,6.9,800,8.4,800,0,32800
MINDTREE30Jan20900CE.NFO,07/01/2020,10:46:18,6.7,6.3,800,8.4,800,0,32800
MINDTREE30Jan20900CE.NFO,07/01/2020,10:46:20,6.7,6.9,800,8.4,800,0,32800
MINDTREE30Jan20900CE.NFO,07/01/2020,10:46:23,6.7,6.8,800,8.4,800,0,32800
MINDTREE30Jan20900CE.NFO,07/01/2020,10:46:26,6.7,6.9,800,8.4,800,0,32800
MINDTREE30Jan20900CE.NFO,07/01/2020,10:46:32,6.7,6.3,800,8.4,800,0,32800
MINDTREE30Jan20900CE.NFO,07/01/2020,10:46:40,6.7,6.4,800,8.4,1600,0,32800
MINDTREE30Jan20900CE.NFO,07/01/2020,10:46:49,6.7,6.5,800,8.4,1600,0,32800
MINDTREE30Jan20900CE.NFO,07/01/2020,10:46:58,6.7,6.6,800,8.4,1600,0,32800
MINDTREE30Jan20900CE.NFO,07/01/2020,10:47:01,6.7,6.8,800,8.4,1600,0,32800
MINDTREE30Jan20900CE.NFO,07/01/2020,10:47:04,6.7,6.95,800,8.4,1600,0,32800
MINDTREE30Jan20900CE.NFO,07/01/2020,10:47:09,6.7,6.85,800,8.4,800,0,32800
MINDTREE30Jan20900CE.NFO,07/01/2020,10:47:12,6.7,6.9,800,8.4,800,0,32800
MINDTREE30Jan20900CE.NFO,07/01/2020,10:47:16,6.7,6.4,800,8.4,800,0,32800
MINDTREE30Jan20900CE.NFO,07/01/2020,10:47:26,6.7,6.6,800,8.4,800,0,32800
MINDTREE30Jan20900CE.NFO,07/01/2020,10:47:30,6.7,7,800,8.4,800,0,32800
MINDTREE30Jan20900CE.NFO,07/01/2020,10:47:39,6.7,6.25,800,8.4,800,0,32800
MINDTREE30Jan20900CE.NFO,07/01/2020,10:47:53,6.7,6.85,800,8.4,800,0,32800
MINDTREE30Jan20900CE.NFO,07/01/2020,10:48:00,6.7,6.8,800,8.4,800,0,32800
MINDTREE30Jan20900CE.NFO,07/01/2020,10:48:03,6.7,7.2,1600,8.4,800,0,32800
MINDTREE30Jan20900CE.NFO,07/01/2020,10:48:16,6.7,6.8,800,8.4,800,0,32800
MINDTREE30Jan20900CE.NFO,07/01/2020,10:48:19,6.7,6.85,800,8.4,800,0,32800
MINDTREE30Jan20900CE.NFO,07/01/2020,10:48:22,6.7,6.4,800,8.4,800,0,32800
MINDTREE30Jan20900CE.NFO,07/01/2020,10:48:25,6.7,6.9,800,8.4,800,0,32800
MINDTREE30Jan20900CE.NFO,07/01/2020,10:48:27,6.7,6.7,800,8.4,800,0,32800
MINDTREE30Jan20900CE.NFO,07/01/2020,10:48:29,6.7,7.15,800,8.4,800,0,32800
MINDTREE30Jan20900CE.NFO,07/01/2020,10:48:32,6.7,6.85,800,8.4,800,0,32800
MINDTREE30Jan20900CE.NFO,07/01/2020,10:48:37,6.7,7.05,800,8.4,800,0,32800
MINDTREE30Jan20900CE.NFO,07/01/2020,10:48:46,6.7,6.7,800,8.4,800,0,32800
MINDTREE30Jan20900CE.NFO,07/01/2020,10:48:53,6.7,6.75,800,8.4,800,0,32800
MINDTREE30Jan20900CE.NFO,07/01/2020,10:48:56,6.7,7.1,800,8.4,800,0,32800
MINDTREE30Jan20900CE.NFO,07/01/2020,10:49:00,6.7,6.5,800,8.4,800,0,32800
MINDTREE30Jan20900CE.NFO,07/01/2020,10:49:04,6.7,6.95,800,8.4,800,0,32800
MINDTREE30Jan20900CE.NFO,07/01/2020,10:49:08,6.7,6.75,800,8.4,800,0,32800
MINDTREE30Jan20900CE.NFO,07/01/2020,10:49:12,6.7,7,800,8.4,800,0,32800
MINDTREE30Jan20900CE.NFO,07/01/2020,10:49:13,6.7,7.1,800,8.4,800,0,32800
MINDTREE30Jan20900CE.NFO,07/01/2020,10:49:15,6.7,6.7,800,8.4,800,0,32800
MINDTREE30Jan20900CE.NFO,07/01/2020,10:49:16,6.7,6.9,800,8.4,800,0,32800
MINDTREE30Jan20900CE.NFO,07/01/2020,10:49:18,6.7,6.6,800,8.4,800,0,32800
MINDTREE30Jan20900CE.NFO,07/01/2020,10:49:19,6.7,7,800,8.4,800,0,32800
MINDTREE30Jan20900CE.NFO,07/01/2020,10:49:20,6.7,6.65,800,8.4,800,0,32800
MINDTREE30Jan20900CE.NFO,07/01/2020,10:49:21,6.7,6.85,800,8.4,800,0,32800
MINDTREE30Jan20900CE.NFO,07/01/2020,10:49:22,6.7,6.95,800,8.4,800,0,32800
MINDTREE30Jan20900CE.NFO,07/01/2020,10:49:23,6.7,7.05,800,8.4,800,0,32800
MINDTREE30Jan20900CE.NFO,07/01/2020,10:49:24,6.7,6.6,800,8.4,800,0,32800
MINDTREE30Jan20900CE.NFO,07/01/2020,10:49:25,6.7,6.65,800,8.4,800,0,32800
MINDTREE30Jan20900CE.NFO,07/01/2020,10:49:25,6.7,6.95,800,8.4,800,0,32800
MINDTREE30Jan20900CE.NFO,07/01/2020,10:49:26,6.7,7.05,800,8.4,800,0,32800
MINDTREE30Jan20900CE.NFO,07/01/2020,10:49:28,6.7,6.55,800,8.4,800,0,32800
MINDTREE30Jan20900CE.NFO,07/01/2020,10:49:29,6.7,6.65,800,8.4,800,0,32800
MINDTREE30Jan20900CE.NFO,07/01/2020,10:49:30,6.7,6.75,800,8.4,800,0,32800
MINDTREE30Jan20900CE.NFO,07/01/2020,10:49:31,6.7,6.95,800,8.4,800,0,32800
MINDTREE30Jan20900CE.NFO,07/01/2020,10:49:32,6.7,7.1,800,8.4,800,0,32800
MINDTREE30Jan20900CE.NFO,07/01/2020,10:49:33,6.7,7,800,8,800,0,32800
MINDTREE30Jan20900CE.NFO,07/01/2020,10:49:34,6.7,6.85,800,8,800,0,32800
MINDTREE30Jan20900CE.NFO,07/01/2020,10:49:35,6.7,6.95,800,8,800,0,32800
MINDTREE30Jan20900CE.NFO,07/01/2020,10:49:36,6.7,6.65,800,8,800,0,32800
MINDTREE30Jan20900CE.NFO,07/01/2020,10:49:38,6.7,6.75,800,8,800,0,32800
MINDTREE30Jan20900CE.NFO,07/01/2020,10:49:40,6.7,6.85,800,8,800,0,32800
MINDTREE30Jan20900CE.NFO,07/01/2020,10:49:41,6.7,6.65,800,8,800,0,32800
MINDTREE30Jan20900CE.NFO,07/01/2020,10:49:42,6.7,6.75,800,8,800,0,32800
MINDTREE30Jan20900CE.NFO,07/01/2020,10:49:44,6.7,6.6,800,8,800,0,32800
MINDTREE30Jan20900CE.NFO,07/01/2020,10:49:45,6.7,6.8,800,8,800,0,32800
MINDTREE30Jan20900CE.NFO,07/01/2020,10:49:46,6.7,6.9,800,8,800,0,32800
MINDTREE30Jan20900CE.NFO,07/01/2020,10:49:47,6.7,6.7,800,8,800,0,32800
MINDTREE30Jan20900CE.NFO,07/01/2020,10:49:48,6.7,6.9,800,8,800,0,32800
MINDTREE30Jan20900CE.NFO,07/01/2020,10:49:49,6.7,6.6,800,8,800,0,32800
MINDTREE30Jan20900CE.NFO,07/01/2020,10:49:50,6.7,6.8,800,8,800,0,32800
MINDTREE30Jan20900CE.NFO,07/01/2020,10:49:51,6.7,6.55,800,8,800,0,32800
MINDTREE30Jan20900CE.NFO,07/01/2020,10:49:53,6.7,6.65,800,8,800,0,32800
MINDTREE30Jan20900CE.NFO,07/01/2020,10:49:53,6.7,6.7,800,8,800,0,32800
MINDTREE30Jan20900CE.NFO,07/01/2020,10:49:55,6.7,6.8,800,8,800,0,32800
MINDTREE30Jan20900CE.NFO,07/01/2020,10:49:56,6.7,6.45,800,8,800,0,32800
MINDTREE30Jan20900CE.NFO,07/01/2020,10:49:57,6.7,6.5,800,8,800,0,32800
MINDTREE30Jan20900CE.NFO,07/01/2020,10:49:58,6.7,6.8,800,8,800,0,32800
MINDTREE30Jan20900CE.NFO,07/01/2020,10:49:59,6.7,6.5,800,8,800,0,32800
MINDTREE30Jan20900CE.NFO,07/01/2020,10:50:01,6.7,6.6,800,8,800,0,32800
MINDTREE30Jan20900CE.NFO,07/01/2020,10:50:02,6.7,6.5,800,8,800,0,32800
MINDTREE30Jan20900CE.NFO,07/01/2020,10:50:03,6.7,6.6,800,8,800,0,32800
MINDTREE30Jan20900CE.NFO,07/01/2020,10:50:06,6.7,6.5,800,8,800,0,32800
MINDTREE30Jan20900CE.NFO,07/01/2020,10:50:07,6.7,6.7,800,8,800,0,32800
MINDTREE30Jan20900CE.NFO,07/01/2020,10:50:08,6.7,6.8,800,8,800,0,32800
MINDTREE30Jan20900CE.NFO,07/01/2020,10:50:22,6.7,6.9,800,8,800,0,32800
MINDTREE30Jan20900CE.NFO,07/01/2020,10:50:26,6.7,6.8,800,8,800,0,32800
MINDTREE30Jan20900CE.NFO,07/01/2020,10:50:30,6.7,6.9,800,8,800,0,32800
MINDTREE30Jan20900CE.NFO,07/01/2020,10:50:35,6.7,6.6,800,8,800,0,32800
MINDTREE30Jan20900CE.NFO,07/01/2020,10:50:43,6.7,6.8,800,8,800,0,32800
MINDTREE30Jan20900CE.NFO,07/01/2020,10:50:46,6.7,6.9,800,8,800,0,32800
MINDTREE30Jan20900CE.NFO,07/01/2020,10:50:49,6.7,6.5,800,8,800,0,32800
MINDTREE30Jan20900CE.NFO,07/01/2020,10:50:52,6.7,6.7,800,8,800,0,32800
MINDTREE30Jan20900CE.NFO,07/01/2020,10:50:56,6.7,6.5,800,8,800,0,32800
MINDTREE30Jan20900CE.NFO,07/01/2020,10:50:59,6.7,6.9,800,8,800,0,32800
MINDTREE30Jan20900CE.NFO,07/01/2020,10:51:02,6.7,6.5,800,8,800,0,32800
MINDTREE30Jan20900CE.NFO,07/01/2020,10:51:09,6.7,6.9,800,8,800,0,32800
MINDTREE30Jan20900CE.NFO,07/01/2020,10:51:13,6.7,6.7,800,8,800,0,32800
MINDTREE30Jan20900CE.NFO,07/01/2020,10:51:15,6.7,6.8,800,8,800,0,32800
MINDTREE30Jan20900CE.NFO,07/01/2020,10:51:17,6.7,6.6,800,8,800,0,32800
MINDTREE30Jan20900CE.NFO,07/01/2020,10:51:19,6.7,6.8,800,8,800,0,32800
MINDTREE30Jan20900CE.NFO,07/01/2020,10:51:22,6.7,6.7,800,8,800,0,32800
MINDTREE30Jan20900CE.NFO,07/01/2020,10:51:24,6.7,6.5,800,8,800,0,32800
MINDTREE30Jan20900CE.NFO,07/01/2020,10:51:27,6.7,6.8,800,8,800,0,32800
MINDTREE30Jan20900CE.NFO,07/01/2020,10:51:29,6.7,6.7,800,7.95,800,0,32800
MINDTREE30Jan20900CE.NFO,07/01/2020,10:51:31,6.7,6.5,800,7.95,800,0,32800
MINDTREE30Jan20900CE.NFO,07/01/2020,10:51:33,6.7,6.7,800,7.95,800,0,32800
MINDTREE30Jan20900CE.NFO,07/01/2020,10:51:35,6.7,6.8,800,7.95,800,0,32800
MINDTREE30Jan20900CE.NFO,07/01/2020,10:51:37,6.7,6.4,800,7.95,800,0,32800
MINDTREE30Jan20900CE.NFO,07/01/2020,10:51:40,6.7,6.7,800,7.95,800,0,32800
MINDTREE30Jan20900CE.NFO,07/01/2020,10:51:44,6.7,6.75,800,7.95,800,0,32800
MINDTREE30Jan20900CE.NFO,07/01/2020,10:51:48,6.7,6.7,800,7.95,800,0,32800
MINDTREE30Jan20900CE.NFO,07/01/2020,10:51:51,6.7,6.4,2400,7.95,800,0,32800
MINDTREE30Jan20900CE.NFO,07/01/2020,10:51:54,6.7,6.55,800,7.95,800,0,32800
MINDTREE30Jan20900CE.NFO,07/01/2020,10:51:58,6.7,6.75,800,7.95,800,0,32800
MINDTREE30Jan20900CE.NFO,07/01/2020,10:52:02,6.7,6.7,800,7.95,800,0,32800
MINDTREE30Jan20900CE.NFO,07/01/2020,10:52:06,6.7,6.65,800,7.95,800,0,32800
MINDTREE30Jan20900CE.NFO,07/01/2020,10:52:10,6.7,6.75,800,7.95,800,0,32800
MINDTREE30Jan20900CE.NFO,07/01/2020,10:52:18,6.7,6.6,800,7.95,800,0,32800
MINDTREE30Jan20900CE.NFO,07/01/2020,10:52:26,6.7,6.55,800,7.95,800,0,32800
MINDTREE30Jan20900CE.NFO,07/01/2020,10:52:30,6.7,6.65,800,7.95,800,0,32800
MINDTREE30Jan20900CE.NFO,07/01/2020,10:52:34,6.7,6.45,800,7.95,800,0,32800
MINDTREE30Jan20900CE.NFO,07/01/2020,10:52:37,6.7,6.4,800,7.95,800,0,32800
MINDTREE30Jan20900CE.NFO,07/01/2020,10:52:42,6.7,6.75,800,7.95,800,0,32800
MINDTREE30Jan20900CE.NFO,07/01/2020,10:52:46,6.7,6.7,800,7.95,800,0,32800
MINDTREE30Jan20900CE.NFO,07/01/2020,10:52:50,6.7,6.65,800,7.95,800,0,32800
MINDTREE30Jan20900CE.NFO,07/01/2020,10:52:54,6.7,6.85,800,7.95,800,0,32800
MINDTREE30Jan20900CE.NFO,07/01/2020,10:52:58,6.7,6.35,800,7.95,800,0,32800
MINDTREE30Jan20900CE.NFO,07/01/2020,10:53:04,6.7,6.45,800,7.95,800,0,32800
MINDTREE30Jan20900CE.NFO,07/01/2020,10:53:10,6.7,6.75,800,7.95,800,0,32800
MINDTREE30Jan20900CE.NFO,07/01/2020,10:53:15,6.7,6.5,800,7.95,800,0,32800
MINDTREE30Jan20900CE.NFO,07/01/2020,10:53:21,6.7,6.7,800,7.95,800,0,32800
MINDTREE30Jan20900CE.NFO,07/01/2020,10:53:26,6.7,6.4,800,7.95,800,0,32800
MINDTREE30Jan20900CE.NFO,07/01/2020,10:53:31,6.7,6.75,800,7.95,800,0,32800
MINDTREE30Jan20900CE.NFO,07/01/2020,10:53:36,6.7,6.55,800,7.95,800,0,32800
MINDTREE30Jan20900CE.NFO,07/01/2020,10:53:42,6.7,6.5,800,7.95,800,0,32800
MINDTREE30Jan20900CE.NFO,07/01/2020,10:53:47,6.7,6.6,800,7.95,800,0,32800
MINDTREE30Jan20900CE.NFO,07/01/2020,10:53:53,6.7,6.65,800,7.95,800,0,32800
MINDTREE30Jan20900CE.NFO,07/01/2020,10:53:58,6.7,6.7,800,7.95,800,0,32800
MINDTREE30Jan20900CE.NFO,07/01/2020,10:54:03,6.7,6.55,800,7.95,800,0,32800
MINDTREE30Jan20900CE.NFO,07/01/2020,10:54:08,6.7,6.6,800,7.95,800,0,32800
MINDTREE30Jan20900CE.NFO,07/01/2020,10:54:12,6.7,6.5,800,7.95,800,0,32800
MINDTREE30Jan20900CE.NFO,07/01/2020,10:54:18,6.7,6.8,800,7.95,800,0,32800
MINDTREE30Jan20900CE.NFO,07/01/2020,10:54:23,6.7,6.5,800,7.95,800,0,32800
MINDTREE30Jan20900CE.NFO,07/01/2020,10:54:27,6.7,6.8,800,7.95,800,0,32800
MINDTREE30Jan20900CE.NFO,07/01/2020,10:54:31,6.7,6.3,800,7.95,800,0,32800
MINDTREE30Jan20900CE.NFO,07/01/2020,10:54:35,6.7,6.7,800,7.95,800,0,32800
MINDTREE30Jan20900CE.NFO,07/01/2020,10:54:38,6.7,6.4,800,7.95,800,0,32800
MINDTREE30Jan20900CE.NFO,07/01/2020,10:54:45,6.7,6.75,800,7.95,800,0,32800
MINDTREE30Jan20900CE.NFO,07/01/2020,10:54:50,6.7,6.4,800,7.95,800,0,32800
MINDTREE30Jan20900CE.NFO,07/01/2020,10:54:55,6.7,6.65,800,7.95,800,0,32800
MINDTREE30Jan20900CE.NFO,07/01/2020,10:55:00,6.7,6.3,800,7.95,800,0,32800
MINDTREE30Jan20900CE.NFO,07/01/2020,10:55:05,6.7,6.5,800,7.95,800,0,32800
MINDTREE30Jan20900CE.NFO,07/01/2020,10:55:10,6.7,6.7,800,7.95,800,0,32800
MINDTREE30Jan20900CE.NFO,07/01/2020,10:55:14,6.7,6.3,800,7.95,800,0,32800
MINDTREE30Jan20900CE.NFO,07/01/2020,10:55:19,6.7,6.7,800,7.95,800,0,32800
MINDTREE30Jan20900CE.NFO,07/01/2020,10:55:25,6.7,6.55,800,7.95,800,0,32800
MINDTREE30Jan20900CE.NFO,07/01/2020,10:55:31,6.7,6.15,800,7.95,800,0,32800
MINDTREE30Jan20900CE.NFO,07/01/2020,10:55:37,6.7,6.65,800,7.95,800,0,32800
MINDTREE30Jan20900CE.NFO,07/01/2020,10:55:43,6.7,6.4,800,7.95,800,0,32800
MINDTREE30Jan20900CE.NFO,07/01/2020,10:55:48,6.7,6.65,800,7.95,800,0,32800
MINDTREE30Jan20900CE.NFO,07/01/2020,10:55:52,6.7,6.15,800,7.95,800,0,32800
MINDTREE30Jan20900CE.NFO,07/01/2020,10:55:57,6.7,6.55,800,7.95,800,0,32800
MINDTREE30Jan20900CE.NFO,07/01/2020,10:56:01,6.7,6.25,800,7.95,800,0,32800
MINDTREE30Jan20900CE.NFO,07/01/2020,10:56:06,6.7,6.4,800,7.95,800,0,32800
MINDTREE30Jan20900CE.NFO,07/01/2020,10:56:11,6.7,6.25,800,7.95,800,0,32800
MINDTREE30Jan20900CE.NFO,07/01/2020,10:56:15,6.7,6.45,800,7.95,800,0,32800
MINDTREE30Jan20900CE.NFO,07/01/2020,10:56:19,6.7,6.2,800,7.95,800,0,32800
MINDTREE30Jan20900CE.NFO,07/01/2020,10:56:24,6.7,6.1,800,7.95,800,0,32800
MINDTREE30Jan20900CE.NFO,07/01/2020,10:56:27,6.7,6.6,800,7.95,800,0,32800
MINDTREE30Jan20900CE.NFO,07/01/2020,10:56:32,6.7,6.3,800,7.95,800,0,32800
MINDTREE30Jan20900CE.NFO,07/01/2020,10:56:37,6.7,6.55,800,7.95,800,0,32800
MINDTREE30Jan20900CE.NFO,07/01/2020,10:56:42,6.7,6.25,800,7.95,800,0,32800
MINDTREE30Jan20900CE.NFO,07/01/2020,10:56:46,6.7,6.45,800,7.95,800,0,32800
MINDTREE30Jan20900CE.NFO,07/01/2020,10:56:50,6.7,6.5,800,7.95,800,0,32800
MINDTREE30Jan20900CE.NFO,07/01/2020,10:56:56,6.7,6.6,800,7.95,800,0,32800
MINDTREE30Jan20900CE.NFO,07/01/2020,10:57:02,6.7,6.1,800,7.95,800,0,32800
MINDTREE30Jan20900CE.NFO,07/01/2020,10:57:07,6.7,6.15,800,7.95,800,0,32800
MINDTREE30Jan20900CE.NFO,07/01/2020,10:57:12,6.7,6.05,800,7.95,800,0,32800
MINDTREE30Jan20900CE.NFO,07/01/2020,10:57:19,6.7,6,800,7.95,800,0,32800
MINDTREE30Jan20900CE.NFO,07/01/2020,10:57:25,6.7,6.1,800,7.95,800,0,32800
MINDTREE30Jan20900CE.NFO,07/01/2020,10:57:33,6.7,6.45,800,7.95,800,0,32800
MINDTREE30Jan20900CE.NFO,07/01/2020,10:57:40,6.7,6.55,800,7.95,800,0,32800
MINDTREE30Jan20900CE.NFO,07/01/2020,10:57:46,6.7,6.35,800,7.95,800,0,32800
MINDTREE30Jan20900CE.NFO,07/01/2020,10:57:52,6.7,6.45,800,7.95,800,0,32800
MINDTREE30Jan20900CE.NFO,07/01/2020,10:57:58,6.7,6.25,800,7.95,800,0,32800
MINDTREE30Jan20900CE.NFO,07/01/2020,10:58:04,6.7,6.35,800,7.95,800,0,32800
MINDTREE30Jan20900CE.NFO,07/01/2020,10:58:10,6.7,6.45,800,7.95,800,0,32800
MINDTREE30Jan20900CE.NFO,07/01/2020,10:58:17,6.7,6.35,800,7.95,800,0,32800
MINDTREE30Jan20900CE.NFO,07/01/2020,10:58:23,6.7,6.55,800,7.95,800,0,32800
MINDTREE30Jan20900CE.NFO,07/01/2020,10:58:30,6.7,6.35,800,7.95,800,0,32800
MINDTREE30Jan20900CE.NFO,07/01/2020,10:58:37,6.7,6.15,800,7.95,800,0,32800
MINDTREE30Jan20900CE.NFO,07/01/2020,10:58:42,6.7,6.25,800,7.95,800,0,32800
MINDTREE30Jan20900CE.NFO,07/01/2020,10:58:48,6.7,6.45,800,7.95,800,0,32800
MINDTREE30Jan20900CE.NFO,07/01/2020,10:59:01,6.7,6.5,800,7.95,800,0,32800
MINDTREE30Jan20900CE.NFO,07/01/2020,10:59:08,6.7,6.7,800,7.95,800,0,32800
MINDTREE30Jan20900CE.NFO,07/01/2020,10:59:14,6.7,6.75,800,7.95,800,0,32800
MINDTREE30Jan20900CE.NFO,07/01/2020,10:59:26,6.7,6.1,800,7.95,800,0,32800
MINDTREE30Jan20900CE.NFO,07/01/2020,10:59:32,6.7,6.35,800,7.95,800,0,32800
MINDTREE30Jan20900CE.NFO,07/01/2020,10:59:38,6.7,6.45,800,7.95,800,0,32800
MINDTREE30Jan20900CE.NFO,07/01/2020,10:59:44,6.7,6.15,800,7.95,800,0,32800
MINDTREE30Jan20900CE.NFO,07/01/2020,10:59:50,6.7,6.55,800,7.95,800,0,32800
MINDTREE30Jan20900CE.NFO,07/01/2020,10:59:55,6.7,6.15,800,7.95,800,0,32800
MINDTREE30Jan20900CE.NFO,07/01/2020,11:00:01,6.7,6.6,800,7.95,800,0,32800
MINDTREE30Jan20900CE.NFO,07/01/2020,11:00:08,6.7,6.3,800,7.95,800,0,32800
MINDTREE30Jan20900CE.NFO,07/01/2020,11:00:16,6.7,6.25,800,7.95,800,0,32800
MINDTREE30Jan20900CE.NFO,07/01/2020,11:00:23,6.7,6.6,800,7.95,800,0,32800
MINDTREE30Jan20900CE.NFO,07/01/2020,11:00:29,6.7,6.4,800,7.95,800,0,32800
MINDTREE30Jan20900CE.NFO,07/01/2020,11:00:36,6.7,6.35,800,7.95,800,0,32800
MINDTREE30Jan20900CE.NFO,07/01/2020,11:00:43,6.7,6.15,800,7.95,800,0,32800
MINDTREE30Jan20900CE.NFO,07/01/2020,11:00:49,6.7,6.5,800,7.95,800,0,32800
MINDTREE30Jan20900CE.NFO,07/01/2020,11:00:56,6.7,6.2,800,7.95,800,0,32800
MINDTREE30Jan20900CE.NFO,07/01/2020,11:01:03,6.7,6.15,800,7.95,800,0,32800
MINDTREE30Jan20900CE.NFO,07/01/2020,11:01:11,6.7,6.35,800,7.95,800,0,32800
MINDTREE30Jan20900CE.NFO,07/01/2020,11:01:18,6.7,6.5,800,7.95,800,0,32800
MINDTREE30Jan20900CE.NFO,07/01/2020,11:01:26,6.7,6,800,7.95,800,0,32800
MINDTREE30Jan20900CE.NFO,07/01/2020,11:01:34,6.7,6.3,800,7.95,800,0,32800
MINDTREE30Jan20900CE.NFO,07/01/2020,11:01:41,6.7,6.2,800,7.95,800,0,32800
MINDTREE30Jan20900CE.NFO,07/01/2020,11:01:49,6.7,6.45,800,7.95,800,0,32800
MINDTREE30Jan20900CE.NFO,07/01/2020,11:02:04,6.7,6.6,800,7.95,800,0,32800
MINDTREE30Jan20900CE.NFO,07/01/2020,11:02:11,6.7,6.25,800,7.95,800,0,32800
MINDTREE30Jan20900CE.NFO,07/01/2020,11:02:18,6.7,6.4,800,7.95,800,0,32800
MINDTREE30Jan20900CE.NFO,07/01/2020,11:02:24,6.7,6.5,800,7.95,800,0,32800
MINDTREE30Jan20900CE.NFO,07/01/2020,11:02:37,6.7,6.15,800,7.95,800,0,32800
MINDTREE30Jan20900CE.NFO,07/01/2020,11:02:43,6.7,6.6,800,7.95,800,0,32800
MINDTREE30Jan20900CE.NFO,07/01/2020,11:02:49,6.7,6.45,800,7.95,800,0,32800
MINDTREE30Jan20900CE.NFO,07/01/2020,11:02:56,6.7,6.55,800,7.95,800,0,32800
MINDTREE30Jan20900CE.NFO,07/01/2020,11:03:02,6.7,6.05,800,7.95,800,0,32800
MINDTREE30Jan20900CE.NFO,07/01/2020,11:03:09,6.7,6.65,800,7.95,800,0,32800
MINDTREE30Jan20900CE.NFO,07/01/2020,11:03:16,6.7,6.3,800,7.95,800,0,32800
MINDTREE30Jan20900CE.NFO,07/01/2020,11:03:23,6.7,6.1,800,7.95,800,0,32800
MINDTREE30Jan20900CE.NFO,07/01/2020,11:03:29,6.7,6.45,800,7.95,800,0,32800
MINDTREE30Jan20900CE.NFO,07/01/2020,11:03:35,6.7,6.75,800,7.95,800,0,32800
MINDTREE30Jan20900CE.NFO,07/01/2020,11:03:43,6.7,6.65,800,7.95,800,0,32800
MINDTREE30Jan20900CE.NFO,07/01/2020,11:03:50,6.7,6.35,800,7.95,800,0,32800
MINDTREE30Jan20900CE.NFO,07/01/2020,11:04:04,6.7,6.65,800,7.95,800,0,32800
MINDTREE30Jan20900CE.NFO,07/01/2020,11:04:10,6.7,6.45,800,7.95,800,0,32800
MINDTREE30Jan20900CE.NFO,07/01/2020,11:04:17,6.7,6.35,800,7.95,800,0,32800
MINDTREE30Jan20900CE.NFO,07/01/2020,11:04:23,6.7,6.45,800,7.95,800,0,32800
MINDTREE30Jan20900CE.NFO,07/01/2020,11:04:29,6.7,6.35,800,7.95,800,0,32800
MINDTREE30Jan20900CE.NFO,07/01/2020,11:04:43,6.7,6.45,800,7.95,800,0,32800
MINDTREE30Jan20900CE.NFO,07/01/2020,11:04:50,6.7,6.1,800,7.95,800,0,32800
