Ticker,Date,Time,LTP,BuyPrice,BuyQty,SellPrice,SellQty,LTQ,OpenInterest
MINDTREE30Jan20800CE.NFO,07/01/2020,10:13:09,46.2,44.25,800,46.4,1600,800,33600
MINDTREE30Jan20800CE.NFO,07/01/2020,10:13:09,46.2,44.25,800,46.4,1600,0,33600
MINDTREE30Jan20800CE.NFO,07/01/2020,10:13:09,46.2,44.25,800,46.4,1600,0,33600
MINDTREE30Jan20800CE.NFO,07/01/2020,10:13:09,46.2,44.25,800,46.4,1600,0,33600
MINDTREE30Jan20800CE.NFO,07/01/2020,10:13:14,46.2,44.45,800,46.4,1600,0,33600
MINDTREE30Jan20800CE.NFO,07/01/2020,10:13:20,46.2,44.95,800,46.7,800,0,33600
MINDTREE30Jan20800CE.NFO,07/01/2020,10:13:25,46.2,43.7,800,46.4,800,0,33600
MINDTREE30Jan20800CE.NFO,07/01/2020,10:13:30,46.2,43.45,800,45.9,800,0,33600
MINDTREE30Jan20800CE.NFO,07/01/2020,10:13:34,46.2,43.9,800,45.8,800,0,33600
MINDTREE30Jan20800CE.NFO,07/01/2020,10:13:38,46.2,43.3,1600,46.15,1600,0,33600
MINDTREE30Jan20800CE.NFO,07/01/2020,10:13:42,46.2,43.8,800,45.95,800,0,33600
MINDTREE30Jan20800CE.NFO,07/01/2020,10:14:03,46.2,44.05,800,46.1,800,0,33600
MINDTREE30Jan20800CE.NFO,07/01/2020,10:14:13,46.2,43.6,800,46.1,800,0,33600
MINDTREE30Jan20800CE.NFO,07/01/2020,10:14:18,46.2,44.05,800,46.1,800,0,33600
MINDTREE30Jan20800CE.NFO,07/01/2020,10:14:24,46.2,44.05,800,45.9,800,0,33600
MINDTREE30Jan20800CE.NFO,07/01/2020,10:14:29,46.2,43.5,800,45.8,800,0,33600
MINDTREE30Jan20800CE.NFO,07/01/2020,10:14:34,46.2,43.95,800,45.8,800,0,33600
MINDTREE30Jan20800CE.NFO,07/01/2020,10:14:39,46.2,44.1,800,46.1,800,0,33600
MINDTREE30Jan20800CE.NFO,07/01/2020,10:14:44,46.2,44.25,800,46.1,800,0,33600
MINDTREE30Jan20800CE.NFO,07/01/2020,10:14:54,46.2,44.5,800,46.75,800,0,33600
MINDTREE30Jan20800CE.NFO,07/01/2020,10:14:59,46.2,44.55,800,46.75,800,0,33600
MINDTREE30Jan20800CE.NFO,07/01/2020,10:15:09,46.2,44.8,800,46.75,800,0,33600
MINDTREE30Jan20800CE.NFO,07/01/2020,10:15:14,46.2,44.85,800,46.75,800,0,33600
MINDTREE30Jan20800CE.NFO,07/01/2020,10:15:20,46.2,44.95,800,46.85,800,0,33600
MINDTREE30Jan20800CE.NFO,07/01/2020,10:15:25,46.2,44.95,800,46.75,800,0,33600
MINDTREE30Jan20800CE.NFO,07/01/2020,10:15:34,46.2,44.95,800,46.55,800,0,33600
MINDTREE30Jan20800CE.NFO,07/01/2020,10:15:50,46.2,44.95,800,46.95,800,0,33600
MINDTREE30Jan20800CE.NFO,07/01/2020,10:16:10,46.2,45.15,800,46.7,800,0,33600
MINDTREE30Jan20800CE.NFO,07/01/2020,10:16:33,46.2,45.2,800,47,800,0,33600
MINDTREE30Jan20800CE.NFO,07/01/2020,10:16:37,46.2,45.35,800,47,800,0,33600
MINDTREE30Jan20800CE.NFO,07/01/2020,10:16:43,46.2,45.35,800,47.25,800,0,33600
MINDTREE30Jan20800CE.NFO,07/01/2020,10:16:48,46.2,45.35,800,47,800,0,33600
MINDTREE30Jan20800CE.NFO,07/01/2020,10:16:57,46.2,45.35,800,46.9,800,0,33600
MINDTREE30Jan20800CE.NFO,07/01/2020,10:17:01,46.2,45.35,800,47.55,3200,0,33600
MINDTREE30Jan20800CE.NFO,07/01/2020,10:17:05,46.2,45.35,800,46.95,800,0,33600
MINDTREE30Jan20800CE.NFO,07/01/2020,10:17:09,46.2,45.35,800,46.85,800,0,33600
MINDTREE30Jan20800CE.NFO,07/01/2020,10:17:14,46.2,45.35,800,47.15,1600,0,33600
MINDTREE30Jan20800CE.NFO,07/01/2020,10:17:30,46.2,44.9,800,46.5,800,0,33600
MINDTREE30Jan20800CE.NFO,07/01/2020,10:17:35,46.2,45.25,800,46.5,800,0,33600
MINDTREE30Jan20800CE.NFO,07/01/2020,10:17:45,46.5,45.8,800,47.35,800,800,32800
MINDTREE30Jan20800CE.NFO,07/01/2020,10:17:45,46.5,45.8,800,47.35,800,0,32800
MINDTREE30Jan20800CE.NFO,07/01/2020,10:17:50,46.5,45.95,800,47.7,800,0,32800
MINDTREE30Jan20800CE.NFO,07/01/2020,10:17:55,46.5,45.65,800,47.6,800,0,32800
MINDTREE30Jan20800CE.NFO,07/01/2020,10:18:00,46.5,45.3,800,47.6,800,0,32800
MINDTREE30Jan20800CE.NFO,07/01/2020,10:18:04,46.5,45.5,800,47.5,1600,0,32800
MINDTREE30Jan20800CE.NFO,07/01/2020,10:18:08,46.5,45.05,800,47.5,1600,0,32800
MINDTREE30Jan20800CE.NFO,07/01/2020,10:18:12,46.5,44.8,800,47.5,1600,0,32800
MINDTREE30Jan20800CE.NFO,07/01/2020,10:18:17,46.5,45.3,800,47.4,800,0,32800
MINDTREE30Jan20800CE.NFO,07/01/2020,10:18:21,46.5,45.8,800,47.75,800,0,32800
MINDTREE30Jan20800CE.NFO,07/01/2020,10:18:25,46.5,46.3,800,48.2,800,0,32800
MINDTREE30Jan20800CE.NFO,07/01/2020,10:18:29,48.2,45.55,800,49.15,2400,800,32800
MINDTREE30Jan20800CE.NFO,07/01/2020,10:18:29,48.2,45.55,800,49.15,2400,0,32800
MINDTREE30Jan20800CE.NFO,07/01/2020,10:18:33,48.2,45.65,800,49.15,2400,0,32800
MINDTREE30Jan20800CE.NFO,07/01/2020,10:18:59,48.2,45.65,800,49.05,2400,0,32800
MINDTREE30Jan20800CE.NFO,07/01/2020,10:19:08,48.2,45.65,800,48.95,3200,0,32800
MINDTREE30Jan20800CE.NFO,07/01/2020,10:19:22,48.2,44.95,3200,48.95,3200,0,32800
MINDTREE30Jan20800CE.NFO,07/01/2020,10:19:26,48.2,45.3,800,48.95,3200,0,32800
MINDTREE30Jan20800CE.NFO,07/01/2020,10:19:30,48.2,45.75,800,48.95,3200,0,32800
MINDTREE30Jan20800CE.NFO,07/01/2020,10:19:34,48.2,45.8,800,48.95,3200,0,32800
MINDTREE30Jan20800CE.NFO,07/01/2020,10:19:37,48.2,45.9,800,48.95,3200,0,32800
MINDTREE30Jan20800CE.NFO,07/01/2020,10:19:52,48.2,45.85,800,48.95,3200,0,32800
MINDTREE30Jan20800CE.NFO,07/01/2020,10:19:57,48.2,46.5,800,49.8,2400,0,32800
MINDTREE30Jan20800CE.NFO,07/01/2020,10:20:01,49.95,47.1,800,49.95,800,800,32800
MINDTREE30Jan20800CE.NFO,07/01/2020,10:20:01,49.95,47.1,800,49.95,800,0,32800
MINDTREE30Jan20800CE.NFO,07/01/2020,10:20:04,49.95,47.1,800,49.95,800,0,32800
MINDTREE30Jan20800CE.NFO,07/01/2020,10:20:08,49.95,47.2,800,49.95,800,0,32800
MINDTREE30Jan20800CE.NFO,07/01/2020,10:20:17,49.95,47.2,800,49.95,2400,0,32800
MINDTREE30Jan20800CE.NFO,07/01/2020,10:20:39,49.95,47.2,800,49.8,2400,0,32800
MINDTREE30Jan20800CE.NFO,07/01/2020,10:22:04,49.95,46.1,800,49.8,2400,0,32800
MINDTREE30Jan20800CE.NFO,07/01/2020,10:22:07,49.95,46.5,800,49.8,2400,0,32800
MINDTREE30Jan20800CE.NFO,07/01/2020,10:22:11,49.95,46.6,800,49.8,2400,0,32800
MINDTREE30Jan20800CE.NFO,07/01/2020,10:22:54,49.95,46.6,800,49.8,4000,0,32800
MINDTREE30Jan20800CE.NFO,07/01/2020,10:22:58,49.95,46.6,800,49.7,2400,0,32800
MINDTREE30Jan20800CE.NFO,07/01/2020,10:23:09,49.95,46.6,800,49.7,4000,0,32800
MINDTREE30Jan20800CE.NFO,07/01/2020,10:23:33,49.95,46.6,800,49.4,2400,0,32800
MINDTREE30Jan20800CE.NFO,07/01/2020,10:24:08,49.95,46.65,800,49.4,2400,0,32800
MINDTREE30Jan20800CE.NFO,07/01/2020,10:24:43,49.95,46.65,800,48.95,2400,0,32800
MINDTREE30Jan20800CE.NFO,07/01/2020,10:24:58,49.95,45.45,2400,48.95,2400,0,32800
MINDTREE30Jan20800CE.NFO,07/01/2020,10:25:14,49.95,45.45,1600,48.95,2400,0,32800
MINDTREE30Jan20800CE.NFO,07/01/2020,10:25:21,49.95,45.75,800,48.95,2400,0,32800
MINDTREE30Jan20800CE.NFO,07/01/2020,10:25:26,49.95,46.25,800,48.95,800,0,32800
MINDTREE30Jan20800CE.NFO,07/01/2020,10:25:30,49.95,46.45,800,48.95,800,0,32800
MINDTREE30Jan20800CE.NFO,07/01/2020,10:25:34,49.95,45.6,1600,48.95,800,0,32800
MINDTREE30Jan20800CE.NFO,07/01/2020,10:25:39,49.95,46.2,800,48.95,800,0,32800
MINDTREE30Jan20800CE.NFO,07/01/2020,10:25:44,49.95,46.4,800,48.95,800,0,32800
MINDTREE30Jan20800CE.NFO,07/01/2020,10:25:50,49.95,46.1,800,48.95,800,0,32800
MINDTREE30Jan20800CE.NFO,07/01/2020,10:25:55,49.95,46.4,800,48.95,800,0,32800
MINDTREE30Jan20800CE.NFO,07/01/2020,10:26:12,49.95,46.4,800,48.95,2400,0,32800
MINDTREE30Jan20800CE.NFO,07/01/2020,10:26:31,49.95,46.5,800,48.95,800,0,32800
MINDTREE30Jan20800CE.NFO,07/01/2020,10:26:34,49.95,46.6,800,48.95,800,0,32800
MINDTREE30Jan20800CE.NFO,07/01/2020,10:26:40,49.95,46.7,800,48.95,800,0,32800
MINDTREE30Jan20800CE.NFO,07/01/2020,10:28:29,49.95,46.9,800,48.95,800,0,32800
MINDTREE30Jan20800CE.NFO,07/01/2020,10:28:33,49.95,46.5,800,48.95,800,0,32800
MINDTREE30Jan20800CE.NFO,07/01/2020,10:28:37,49.95,47,800,48.95,800,0,32800
MINDTREE30Jan20800CE.NFO,07/01/2020,10:28:40,49.95,46.45,800,48.95,800,0,32800
MINDTREE30Jan20800CE.NFO,07/01/2020,10:28:43,49.95,46.75,800,48.95,800,0,32800
MINDTREE30Jan20800CE.NFO,07/01/2020,10:28:53,49.95,46.85,800,48.95,800,0,32800
MINDTREE30Jan20800CE.NFO,07/01/2020,10:28:56,49.95,47.15,800,48.95,800,0,32800
MINDTREE30Jan20800CE.NFO,07/01/2020,10:28:59,49.95,47.45,800,49.35,800,0,32800
MINDTREE30Jan20800CE.NFO,07/01/2020,10:29:03,49.95,47.5,800,49.35,800,0,32800
MINDTREE30Jan20800CE.NFO,07/01/2020,10:29:40,49.95,46.8,800,49.35,800,0,32800
MINDTREE30Jan20800CE.NFO,07/01/2020,10:29:44,49.95,47.1,800,49.35,800,0,32800
MINDTREE30Jan20800CE.NFO,07/01/2020,10:29:47,49.95,46.45,800,49.35,800,0,32800
MINDTREE30Jan20800CE.NFO,07/01/2020,10:29:49,49.95,46.75,800,49.35,800,0,32800
MINDTREE30Jan20800CE.NFO,07/01/2020,10:29:51,49.95,47,800,49.35,800,0,32800
MINDTREE30Jan20800CE.NFO,07/01/2020,10:29:54,49.95,47.05,800,49.35,800,0,32800
MINDTREE30Jan20800CE.NFO,07/01/2020,10:30:43,49.95,46.65,800,49.35,800,0,32800
MINDTREE30Jan20800CE.NFO,07/01/2020,10:30:47,49.95,47.05,800,49.35,800,0,32800
MINDTREE30Jan20800CE.NFO,07/01/2020,10:30:51,49.95,46.35,1600,49.35,800,0,32800
MINDTREE30Jan20800CE.NFO,07/01/2020,10:30:54,49.95,46.75,800,49.35,800,0,32800
MINDTREE30Jan20800CE.NFO,07/01/2020,10:30:57,49.95,46.95,800,49.35,800,0,32800
MINDTREE30Jan20800CE.NFO,07/01/2020,10:31:13,49.95,46.5,800,49.35,800,0,32800
MINDTREE30Jan20800CE.NFO,07/01/2020,10:31:16,49.95,46.8,800,49.35,800,0,32800
MINDTREE30Jan20800CE.NFO,07/01/2020,10:31:19,49.95,45.95,1600,49.35,800,0,32800
MINDTREE30Jan20800CE.NFO,07/01/2020,10:31:22,49.95,46.85,800,49.35,800,0,32800
MINDTREE30Jan20800CE.NFO,07/01/2020,10:33:44,49.95,46.85,800,49.35,1600,0,32800
MINDTREE30Jan20800CE.NFO,07/01/2020,10:35:04,49.95,45.85,800,49.35,1600,0,32800
MINDTREE30Jan20800CE.NFO,07/01/2020,10:35:07,49.95,45.95,800,49.35,1600,0,32800
MINDTREE30Jan20800CE.NFO,07/01/2020,10:35:48,49.95,45.95,800,49.15,800,0,32800
MINDTREE30Jan20800CE.NFO,07/01/2020,10:36:40,49.95,46.05,800,49.15,800,0,32800
MINDTREE30Jan20800CE.NFO,07/01/2020,10:37:07,49.95,46.05,800,48.95,800,0,32800
MINDTREE30Jan20800CE.NFO,07/01/2020,10:37:11,49.95,46.05,800,48.75,800,0,32800
MINDTREE30Jan20800CE.NFO,07/01/2020,10:39:02,49.95,46.15,800,48.75,800,0,32800
MINDTREE30Jan20800CE.NFO,07/01/2020,10:39:18,49.95,46.25,800,48.75,800,0,32800
MINDTREE30Jan20800CE.NFO,07/01/2020,10:39:34,49.95,46.35,800,48.75,800,0,32800
MINDTREE30Jan20800CE.NFO,07/01/2020,10:40:17,49.95,46.45,800,48.75,800,0,32800
MINDTREE30Jan20800CE.NFO,07/01/2020,10:40:48,49.95,46.55,800,48.75,800,0,32800
MINDTREE30Jan20800CE.NFO,07/01/2020,10:41:09,49.95,45.6,800,48.75,800,0,32800
MINDTREE30Jan20800CE.NFO,07/01/2020,10:41:11,49.95,46,800,48.75,800,0,32800
MINDTREE30Jan20800CE.NFO,07/01/2020,10:41:14,49.95,46.3,800,48.75,800,0,32800
MINDTREE30Jan20800CE.NFO,07/01/2020,10:41:26,49.95,46.4,800,48.75,800,0,32800
MINDTREE30Jan20800CE.NFO,07/01/2020,10:41:39,49.95,46.5,800,48.75,800,0,32800
MINDTREE30Jan20800CE.NFO,07/01/2020,10:41:45,49.95,46.65,800,48.75,800,0,32800
MINDTREE30Jan20800CE.NFO,07/01/2020,10:42:09,49.95,46.3,800,48.75,800,0,32800
MINDTREE30Jan20800CE.NFO,07/01/2020,10:42:12,49.95,46.45,800,48.75,800,0,32800
MINDTREE30Jan20800CE.NFO,07/01/2020,10:42:15,49.95,46.55,800,48.75,800,0,32800
MINDTREE30Jan20800CE.NFO,07/01/2020,10:43:25,49.95,46.65,800,48.75,800,0,32800
MINDTREE30Jan20800CE.NFO,07/01/2020,10:45:03,49.95,45.9,800,48.75,800,0,32800
MINDTREE30Jan20800CE.NFO,07/01/2020,10:45:08,49.95,46.2,800,48.75,800,0,32800
MINDTREE30Jan20800CE.NFO,07/01/2020,10:45:16,49.95,46.3,800,48.75,800,0,32800
MINDTREE30Jan20800CE.NFO,07/01/2020,10:47:53,49.95,46.5,800,48.75,800,0,32800
MINDTREE30Jan20800CE.NFO,07/01/2020,10:48:03,49.95,46.8,800,49,800,0,32800
MINDTREE30Jan20800CE.NFO,07/01/2020,10:48:07,49.95,47.3,800,49,800,0,32800
MINDTREE30Jan20800CE.NFO,07/01/2020,10:48:16,49.95,46.15,800,49,800,0,32800
MINDTREE30Jan20800CE.NFO,07/01/2020,10:48:19,49.95,46.45,800,49,800,0,32800
MINDTREE30Jan20800CE.NFO,07/01/2020,10:48:22,49.95,46.75,800,49,800,0,32800
MINDTREE30Jan20800CE.NFO,07/01/2020,10:48:25,49.95,47.15,800,49,800,0,32800
MINDTREE30Jan20800CE.NFO,07/01/2020,10:48:27,49.95,47.3,800,49,800,0,32800
MINDTREE30Jan20800CE.NFO,07/01/2020,10:48:29,49.95,47.2,800,49,800,0,32800
MINDTREE30Jan20800CE.NFO,07/01/2020,10:48:32,49.95,46.3,1600,49,800,0,32800
MINDTREE30Jan20800CE.NFO,07/01/2020,10:48:37,49.95,47,800,49,800,0,32800
MINDTREE30Jan20800CE.NFO,07/01/2020,10:48:42,49.95,47.2,800,49,800,0,32800
MINDTREE30Jan20800CE.NFO,07/01/2020,10:48:46,49.95,46.45,1600,49,800,0,32800
MINDTREE30Jan20800CE.NFO,07/01/2020,10:48:49,49.95,47.2,800,49,800,0,32800
MINDTREE30Jan20800CE.NFO,07/01/2020,10:48:53,49.95,46.6,800,49,800,0,32800
MINDTREE30Jan20800CE.NFO,07/01/2020,10:48:56,49.95,45.85,1600,49,800,0,32800
MINDTREE30Jan20800CE.NFO,07/01/2020,10:49:00,49.95,46.75,800,49,800,0,32800
MINDTREE30Jan20800CE.NFO,07/01/2020,10:49:04,49.95,47.1,800,49,800,0,32800
MINDTREE30Jan20800CE.NFO,07/01/2020,10:49:08,49.95,46.45,1600,49,800,0,32800
MINDTREE30Jan20800CE.NFO,07/01/2020,10:49:12,49.95,47.15,800,49,800,0,32800
MINDTREE30Jan20800CE.NFO,07/01/2020,10:49:16,49.95,46.65,800,49,800,0,32800
MINDTREE30Jan20800CE.NFO,07/01/2020,10:49:19,49.95,47.05,800,49,800,0,32800
MINDTREE30Jan20800CE.NFO,07/01/2020,10:49:22,49.95,46.35,800,49,800,0,32800
MINDTREE30Jan20800CE.NFO,07/01/2020,10:49:25,49.95,46.75,800,49,800,0,32800
MINDTREE30Jan20800CE.NFO,07/01/2020,10:49:28,49.95,46.5,800,49,800,0,32800
MINDTREE30Jan20800CE.NFO,07/01/2020,10:49:31,49.95,46.55,800,49,800,0,32800
MINDTREE30Jan20800CE.NFO,07/01/2020,10:49:35,49.95,46.65,800,49,800,0,32800
MINDTREE30Jan20800CE.NFO,07/01/2020,10:49:38,49.95,47.15,800,49,800,0,32800
MINDTREE30Jan20800CE.NFO,07/01/2020,10:49:41,49.95,46.8,800,49,800,0,32800
MINDTREE30Jan20800CE.NFO,07/01/2020,10:49:45,49.95,47.15,800,49,800,0,32800
MINDTREE30Jan20800CE.NFO,07/01/2020,10:49:52,49.95,47,800,48.95,800,0,32800
MINDTREE30Jan20800CE.NFO,07/01/2020,10:49:55,49.95,47.2,800,49,800,0,32800
MINDTREE30Jan20800CE.NFO,07/01/2020,10:50:01,49.95,46.9,800,48.95,800,0,32800
MINDTREE30Jan20800CE.NFO,07/01/2020,10:50:07,49.95,46.9,800,49,800,0,32800
MINDTREE30Jan20800CE.NFO,07/01/2020,10:50:12,49.95,47,800,49,800,0,32800
MINDTREE30Jan20800CE.NFO,07/01/2020,10:50:17,49.95,47.25,800,49,800,0,32800
MINDTREE30Jan20800CE.NFO,07/01/2020,10:50:22,49.95,47,800,49,800,0,32800
MINDTREE30Jan20800CE.NFO,07/01/2020,10:50:26,49.95,46.9,800,49,800,0,32800
MINDTREE30Jan20800CE.NFO,07/01/2020,10:50:30,49.95,46.8,1600,49,800,0,32800
MINDTREE30Jan20800CE.NFO,07/01/2020,10:50:35,49.95,47.1,800,49,800,0,32800
MINDTREE30Jan20800CE.NFO,07/01/2020,10:50:43,49.95,47.05,800,48.95,800,0,32800
MINDTREE30Jan20800CE.NFO,07/01/2020,10:50:46,49.95,46.9,800,48.95,800,0,32800
MINDTREE30Jan20800CE.NFO,07/01/2020,10:50:49,49.95,47,800,48.95,800,0,32800
MINDTREE30Jan20800CE.NFO,07/01/2020,10:50:52,49.95,47.05,800,48.95,800,0,32800
MINDTREE30Jan20800CE.NFO,07/01/2020,10:50:56,49.95,47.15,800,49,800,0,32800
MINDTREE30Jan20800CE.NFO,07/01/2020,10:50:59,49.95,47,800,49,800,0,32800
MINDTREE30Jan20800CE.NFO,07/01/2020,10:51:02,49.95,47.1,800,49,800,0,32800
MINDTREE30Jan20800CE.NFO,07/01/2020,10:51:09,49.95,47,800,49,800,0,32800
MINDTREE30Jan20800CE.NFO,07/01/2020,10:51:13,49.95,46.9,800,49,800,0,32800
MINDTREE30Jan20800CE.NFO,07/01/2020,10:51:15,49.95,47,800,49,800,0,32800
MINDTREE30Jan20800CE.NFO,07/01/2020,10:51:22,49.95,47,800,48.95,800,0,32800
MINDTREE30Jan20800CE.NFO,07/01/2020,10:51:24,49.95,46.9,800,48.95,800,0,32800
MINDTREE30Jan20800CE.NFO,07/01/2020,10:51:27,49.95,47,800,48.95,800,0,32800
MINDTREE30Jan20800CE.NFO,07/01/2020,10:51:31,49.95,45.85,800,48.95,800,0,32800
MINDTREE30Jan20800CE.NFO,07/01/2020,10:51:33,49.95,46.15,1600,48.95,800,0,32800
MINDTREE30Jan20800CE.NFO,07/01/2020,10:51:35,49.95,46.35,800,48.95,800,0,32800
MINDTREE30Jan20800CE.NFO,07/01/2020,10:51:37,49.95,46.45,800,48.95,800,0,32800
MINDTREE30Jan20800CE.NFO,07/01/2020,10:51:40,49.95,46.9,800,48.95,800,0,32800
MINDTREE30Jan20800CE.NFO,07/01/2020,10:51:44,49.95,46.45,800,48.95,800,0,32800
MINDTREE30Jan20800CE.NFO,07/01/2020,10:51:48,49.95,46.85,800,48.95,800,0,32800
MINDTREE30Jan20800CE.NFO,07/01/2020,10:51:51,49.95,46.55,800,48.95,800,0,32800
MINDTREE30Jan20800CE.NFO,07/01/2020,10:51:54,49.95,46.8,800,48.95,800,0,32800
MINDTREE30Jan20800CE.NFO,07/01/2020,10:51:58,49.95,46.6,800,48.95,800,0,32800
MINDTREE30Jan20800CE.NFO,07/01/2020,10:52:02,49.95,46.8,800,49,800,0,32800
MINDTREE30Jan20800CE.NFO,07/01/2020,10:52:06,49.95,46,800,48.95,800,0,32800
MINDTREE30Jan20800CE.NFO,07/01/2020,10:52:10,49.95,46.35,1600,49,800,0,32800
MINDTREE30Jan20800CE.NFO,07/01/2020,10:52:14,49.95,46.65,800,48.95,800,0,32800
MINDTREE30Jan20800CE.NFO,07/01/2020,10:52:26,49.95,46.05,1600,48.95,800,0,32800
MINDTREE30Jan20800CE.NFO,07/01/2020,10:52:30,49.95,46.6,800,48.95,800,0,32800
MINDTREE30Jan20800CE.NFO,07/01/2020,10:52:34,49.95,46.5,800,48.95,800,0,32800
MINDTREE30Jan20800CE.NFO,07/01/2020,10:52:37,49.95,46.65,800,48.95,800,0,32800
MINDTREE30Jan20800CE.NFO,07/01/2020,10:52:42,49.95,46.25,800,48.95,800,0,32800
MINDTREE30Jan20800CE.NFO,07/01/2020,10:52:46,49.95,46.6,800,48.95,800,0,32800
MINDTREE30Jan20800CE.NFO,07/01/2020,10:52:50,49.95,45.5,2400,48.95,800,0,32800
MINDTREE30Jan20800CE.NFO,07/01/2020,10:52:54,49.95,46.5,800,48.95,800,0,32800
MINDTREE30Jan20800CE.NFO,07/01/2020,10:52:58,49.95,46.55,800,48.95,800,0,32800
MINDTREE30Jan20800CE.NFO,07/01/2020,10:53:10,49.95,46.2,800,48.95,800,0,32800
MINDTREE30Jan20800CE.NFO,07/01/2020,10:53:15,49.95,45.3,1600,48.95,800,0,32800
MINDTREE30Jan20800CE.NFO,07/01/2020,10:53:21,49.95,46.3,800,48.95,800,0,32800
MINDTREE30Jan20800CE.NFO,07/01/2020,10:53:31,49.95,45.35,800,48.95,800,0,32800
MINDTREE30Jan20800CE.NFO,07/01/2020,10:53:36,49.95,46.2,1600,48.95,800,0,32800
MINDTREE30Jan20800CE.NFO,07/01/2020,10:53:42,49.95,46.35,800,48.95,800,0,32800
MINDTREE30Jan20800CE.NFO,07/01/2020,10:53:47,49.95,45.6,800,48.95,800,0,32800
MINDTREE30Jan20800CE.NFO,07/01/2020,10:53:53,49.95,46.15,800,48.95,800,0,32800
MINDTREE30Jan20800CE.NFO,07/01/2020,10:53:58,49.95,46.25,800,48.95,800,0,32800
MINDTREE30Jan20800CE.NFO,07/01/2020,10:54:03,49.95,46.05,800,48.95,800,0,32800
MINDTREE30Jan20800CE.NFO,07/01/2020,10:54:08,49.95,46.4,800,48.95,800,0,32800
MINDTREE30Jan20800CE.NFO,07/01/2020,10:54:12,49.95,46.35,800,48.95,800,0,32800
MINDTREE30Jan20800CE.NFO,07/01/2020,10:54:18,49.95,46.15,800,48.95,800,0,32800
MINDTREE30Jan20800CE.NFO,07/01/2020,10:54:23,49.95,46.4,800,48.95,800,0,32800
MINDTREE30Jan20800CE.NFO,07/01/2020,10:54:27,49.95,46.25,800,48.95,800,0,32800
MINDTREE30Jan20800CE.NFO,07/01/2020,10:54:35,49.95,46.4,800,48.95,800,0,32800
MINDTREE30Jan20800CE.NFO,07/01/2020,10:54:38,49.95,46.25,800,48.95,800,0,32800
MINDTREE30Jan20800CE.NFO,07/01/2020,10:54:45,49.95,46.4,800,48.95,800,0,32800
MINDTREE30Jan20800CE.NFO,07/01/2020,10:54:50,49.95,46.15,800,48.95,800,0,32800
MINDTREE30Jan20800CE.NFO,07/01/2020,10:54:55,49.95,46.25,800,48.95,800,0,32800
MINDTREE30Jan20800CE.NFO,07/01/2020,10:55:05,49.95,46.45,800,48.95,800,0,32800
MINDTREE30Jan20800CE.NFO,07/01/2020,10:55:10,49.95,46.15,800,48.95,800,0,32800
MINDTREE30Jan20800CE.NFO,07/01/2020,10:55:14,49.95,46.45,800,48.95,800,0,32800
MINDTREE30Jan20800CE.NFO,07/01/2020,10:55:19,49.95,46.5,800,48.95,800,0,32800
MINDTREE30Jan20800CE.NFO,07/01/2020,10:55:25,49.95,44.9,800,48.95,2400,0,32800
MINDTREE30Jan20800CE.NFO,07/01/2020,10:55:31,49.95,45.9,800,46.5,800,0,32800
MINDTREE30Jan20800CE.NFO,07/01/2020,10:55:37,46.5,45.2,800,48.95,2400,800,32800
MINDTREE30Jan20800CE.NFO,07/01/2020,10:55:43,46.5,45.4,800,48.95,2400,0,32800
MINDTREE30Jan20800CE.NFO,07/01/2020,10:55:48,46.5,45.5,800,48.95,800,0,32800
MINDTREE30Jan20800CE.NFO,07/01/2020,10:55:52,46.5,45.5,800,48.95,2400,0,32800
MINDTREE30Jan20800CE.NFO,07/01/2020,10:56:01,46.5,45.5,800,48.95,800,0,32800
MINDTREE30Jan20800CE.NFO,07/01/2020,10:56:06,46.5,45.6,800,48.95,800,0,32800
MINDTREE30Jan20800CE.NFO,07/01/2020,10:56:11,46.5,45.6,800,48.95,2400,0,32800
MINDTREE30Jan20800CE.NFO,07/01/2020,10:56:32,46.5,45.6,800,48.95,800,0,32800
MINDTREE30Jan20800CE.NFO,07/01/2020,10:56:46,46.5,45.6,800,48.95,2400,0,32800
MINDTREE30Jan20800CE.NFO,07/01/2020,10:57:02,46.5,45.6,800,48.7,2400,0,32800
MINDTREE30Jan20800CE.NFO,07/01/2020,10:57:19,46.5,45.6,800,48.6,2400,0,32800
MINDTREE30Jan20800CE.NFO,07/01/2020,10:57:33,46.5,45.6,800,48.6,800,0,32800
MINDTREE30Jan20800CE.NFO,07/01/2020,10:57:52,46.5,45.6,800,48.6,2400,0,32800
MINDTREE30Jan20800CE.NFO,07/01/2020,10:57:58,46.5,45.6,800,48.6,800,0,32800
MINDTREE30Jan20800CE.NFO,07/01/2020,10:58:04,46.5,45.6,800,48.6,2400,0,32800
MINDTREE30Jan20800CE.NFO,07/01/2020,10:58:17,46.5,45.6,800,48.6,800,0,32800
MINDTREE30Jan20800CE.NFO,07/01/2020,10:58:23,46.5,45.6,800,48.6,2400,0,32800
MINDTREE30Jan20800CE.NFO,07/01/2020,10:58:37,46.5,45.6,800,48.3,800,0,32800
MINDTREE30Jan20800CE.NFO,07/01/2020,11:00:23,46.5,44.5,800,48.3,800,0,32800
MINDTREE30Jan20800CE.NFO,07/01/2020,11:00:29,46.5,45,800,48.3,800,0,32800
MINDTREE30Jan20800CE.NFO,07/01/2020,11:00:43,46.5,45.2,800,48.3,800,0,32800
MINDTREE30Jan20800CE.NFO,07/01/2020,11:00:49,46.5,45.2,800,48.2,2400,0,32800
MINDTREE30Jan20800CE.NFO,07/01/2020,11:00:56,46.5,45.2,800,48.1,800,0,32800
MINDTREE30Jan20800CE.NFO,07/01/2020,11:01:26,45.2,44.3,3200,48.1,800,800,32000
MINDTREE30Jan20800CE.NFO,07/01/2020,11:01:26,45.2,44.3,3200,48.1,800,0,32000
MINDTREE30Jan20800CE.NFO,07/01/2020,11:01:34,45.2,44.3,3200,48.1,800,0,32000
MINDTREE30Jan20800CE.NFO,07/01/2020,11:01:41,45.2,44.55,1600,48.1,800,0,32000
MINDTREE30Jan20800CE.NFO,07/01/2020,11:01:49,45.2,44.7,800,48.1,800,0,32000
MINDTREE30Jan20800CE.NFO,07/01/2020,11:02:11,45.2,44.9,800,48.1,800,0,32000
MINDTREE30Jan20800CE.NFO,07/01/2020,11:02:56,45.2,44.9,800,48,800,0,32000
MINDTREE30Jan20800CE.NFO,07/01/2020,11:03:16,45.2,44.9,800,47.9,800,0,32000
MINDTREE30Jan20800CE.NFO,07/01/2020,11:04:10,45.2,44.95,1600,47.9,800,0,32000
MINDTREE30Jan20800CE.NFO,07/01/2020,11:04:17,45.2,45.2,800,47.9,800,0,32000
MINDTREE30Jan20800CE.NFO,07/01/2020,11:05:25,45.2,45.2,800,47.7,800,0,32000
MINDTREE30Jan20800CE.NFO,07/01/2020,11:05:32,45.2,43.85,6400,47.7,800,0,32000
MINDTREE30Jan20800CE.NFO,07/01/2020,11:05:39,45.2,45.55,800,48.7,800,0,32000
MINDTREE30Jan20800CE.NFO,07/01/2020,11:05:52,45.2,45.55,800,48.6,800,0,32000
MINDTREE30Jan20800CE.NFO,07/01/2020,11:06:20,45.2,44.55,8800,48.6,800,0,32000
MINDTREE30Jan20800CE.NFO,07/01/2020,11:06:26,45.2,44.8,800,48.6,800,0,32000
MINDTREE30Jan20800CE.NFO,07/01/2020,11:06:31,45.2,45.05,800,48.6,800,0,32000
MINDTREE30Jan20800CE.NFO,07/01/2020,11:07:18,45.2,45.15,800,48.6,800,0,32000
MINDTREE30Jan20800CE.NFO,07/01/2020,11:08:01,45.2,44.45,800,48.6,800,0,32000
MINDTREE30Jan20800CE.NFO,07/01/2020,11:08:10,45.2,44.55,800,48.6,800,0,32000
MINDTREE30Jan20800CE.NFO,07/01/2020,11:08:14,45.2,44.55,800,48.3,800,0,32000
MINDTREE30Jan20800CE.NFO,07/01/2020,11:08:20,45.2,44.65,800,48.3,800,0,32000
MINDTREE30Jan20800CE.NFO,07/01/2020,11:08:25,45.2,44.9,800,49.05,2400,0,32000
MINDTREE30Jan20800CE.NFO,07/01/2020,11:08:31,45.2,44.85,800,49,2400,0,32000
MINDTREE30Jan20800CE.NFO,07/01/2020,11:08:36,45.2,44.85,800,48.9,800,0,32000
MINDTREE30Jan20800CE.NFO,07/01/2020,11:08:41,45.2,44.85,800,48.9,2400,0,32000
MINDTREE30Jan20800CE.NFO,07/01/2020,11:08:55,45.2,44.85,800,48.9,800,0,32000
MINDTREE30Jan20800CE.NFO,07/01/2020,11:09:25,45.2,44.95,800,48.9,800,0,32000
MINDTREE30Jan20800CE.NFO,07/01/2020,11:09:38,45.2,44.95,800,48.9,2400,0,32000
MINDTREE30Jan20800CE.NFO,07/01/2020,11:10:17,45.2,45,800,48.9,800,0,32000
MINDTREE30Jan20800CE.NFO,07/01/2020,11:10:22,45.2,45.15,800,48.9,800,0,32000
MINDTREE30Jan20800CE.NFO,07/01/2020,11:10:48,45.2,44.7,800,48.9,800,0,32000
MINDTREE30Jan20800CE.NFO,07/01/2020,11:10:51,45.2,44.95,800,48.9,800,0,32000
MINDTREE30Jan20800CE.NFO,07/01/2020,11:10:55,45.2,45.2,800,48.9,800,0,32000
MINDTREE30Jan20800CE.NFO,07/01/2020,11:11:09,45.2,44.65,800,48.9,2400,0,32000
MINDTREE30Jan20800CE.NFO,07/01/2020,11:11:27,45.2,44.65,800,48.8,2400,0,32000
MINDTREE30Jan20800CE.NFO,07/01/2020,11:11:48,45.2,44.7,800,48.8,800,0,32000
MINDTREE30Jan20800CE.NFO,07/01/2020,11:11:55,45.2,44.75,800,48.7,2400,0,32000
MINDTREE30Jan20800CE.NFO,07/01/2020,11:12:02,45.2,44.75,800,48.5,800,0,32000
MINDTREE30Jan20800CE.NFO,07/01/2020,11:12:32,45.2,44.75,800,48.3,800,0,32000
MINDTREE30Jan20800CE.NFO,07/01/2020,11:12:53,45.2,45.05,800,48.3,800,0,32000
MINDTREE30Jan20800CE.NFO,07/01/2020,11:13:04,45.2,45,800,48.3,800,0,32000
MINDTREE30Jan20800CE.NFO,07/01/2020,11:13:09,45.2,45.05,800,48.3,800,0,32000
MINDTREE30Jan20800CE.NFO,07/01/2020,11:13:38,45.2,45,800,48.3,800,0,32000
MINDTREE30Jan20800CE.NFO,07/01/2020,11:13:44,45.2,45.05,800,48.3,800,0,32000
MINDTREE30Jan20800CE.NFO,07/01/2020,11:15:29,45.2,45.05,800,48.2,800,0,32000
MINDTREE30Jan20800CE.NFO,07/01/2020,11:16:21,45.2,45,800,48.2,800,0,32000
MINDTREE30Jan20800CE.NFO,07/01/2020,11:16:33,45.2,45.05,800,48.2,800,0,32000
MINDTREE30Jan20800CE.NFO,07/01/2020,11:16:49,45.2,45,800,48.15,2400,0,32000
MINDTREE30Jan20800CE.NFO,07/01/2020,11:16:57,45.2,45,800,48.1,800,0,32000
MINDTREE30Jan20800CE.NFO,07/01/2020,11:17:36,45.2,45.05,800,48.1,800,0,32000
MINDTREE30Jan20800CE.NFO,07/01/2020,11:17:43,45.2,45,800,48.1,800,0,32000
MINDTREE30Jan20800CE.NFO,07/01/2020,11:17:49,45.2,45.05,800,48.1,800,0,32000
MINDTREE30Jan20800CE.NFO,07/01/2020,11:19:43,45.2,45.3,800,48.1,800,0,32000
MINDTREE30Jan20800CE.NFO,07/01/2020,11:19:49,45.2,45.45,800,49.1,800,0,32000
MINDTREE30Jan20800CE.NFO,07/01/2020,11:20:27,45.2,45.6,1600,49.1,800,0,32000
MINDTREE30Jan20800CE.NFO,07/01/2020,11:20:33,45.2,45.75,800,49.1,800,0,32000
MINDTREE30Jan20800CE.NFO,07/01/2020,11:22:30,45.2,45.85,800,49.1,800,0,32000
MINDTREE30Jan20800CE.NFO,07/01/2020,11:23:04,45.2,45.5,800,49.1,800,0,32000
MINDTREE30Jan20800CE.NFO,07/01/2020,11:23:09,45.2,45.75,800,49.1,800,0,32000
MINDTREE30Jan20800CE.NFO,07/01/2020,11:25:40,45.2,46.1,1600,49.1,800,0,32000
MINDTREE30Jan20800CE.NFO,07/01/2020,11:25:46,45.2,46.45,800,50,2400,0,32000
MINDTREE30Jan20800CE.NFO,07/01/2020,11:26:08,45.2,46.55,800,50,800,0,32000
MINDTREE30Jan20800CE.NFO,07/01/2020,11:26:18,45.2,46.55,800,50,2400,0,32000
MINDTREE30Jan20800CE.NFO,07/01/2020,11:26:22,45.2,46.55,800,50,800,0,32000
MINDTREE30Jan20800CE.NFO,07/01/2020,11:26:37,45.2,46.55,800,50,2400,0,32000
MINDTREE30Jan20800CE.NFO,07/01/2020,11:26:42,45.2,46.55,800,50,800,0,32000
MINDTREE30Jan20800CE.NFO,07/01/2020,11:26:47,45.2,46.55,800,50,2400,0,32000
MINDTREE30Jan20800CE.NFO,07/01/2020,11:27:17,45.2,45.75,800,49.8,800,0,32000
MINDTREE30Jan20800CE.NFO,07/01/2020,11:27:32,45.2,45.85,800,49.6,800,0,32000
MINDTREE30Jan20800CE.NFO,07/01/2020,11:27:53,45.2,45.95,800,49.6,800,0,32000
MINDTREE30Jan20800CE.NFO,07/01/2020,11:27:57,45.2,46.05,800,49.6,800,0,32000
MINDTREE30Jan20800CE.NFO,07/01/2020,11:28:09,45.2,46.15,800,49.6,800,0,32000
MINDTREE30Jan20800CE.NFO,07/01/2020,11:28:21,45.2,46.25,800,49.6,800,0,32000
MINDTREE30Jan20800CE.NFO,07/01/2020,11:28:28,45.2,45.35,800,49.6,800,0,32000
MINDTREE30Jan20800CE.NFO,07/01/2020,11:28:31,45.2,45.45,1600,49.6,800,0,32000
MINDTREE30Jan20800CE.NFO,07/01/2020,11:28:34,45.2,45.8,800,49.6,800,0,32000
MINDTREE30Jan20800CE.NFO,07/01/2020,11:28:37,45.2,45.95,800,49.6,800,0,32000
MINDTREE30Jan20800CE.NFO,07/01/2020,11:28:41,45.2,46.2,800,49.6,800,0,32000
MINDTREE30Jan20800CE.NFO,07/01/2020,11:28:43,45.2,46.3,800,49.6,800,0,32000
MINDTREE30Jan20800CE.NFO,07/01/2020,11:28:47,45.2,46.45,800,49.6,800,0,32000
MINDTREE30Jan20800CE.NFO,07/01/2020,11:28:51,45.2,46.9,800,49.6,800,0,32000
MINDTREE30Jan20800CE.NFO,07/01/2020,11:29:24,45.2,45.6,3200,49.6,800,0,32000
MINDTREE30Jan20800CE.NFO,07/01/2020,11:29:28,45.2,46.25,800,49.6,800,0,32000
MINDTREE30Jan20800CE.NFO,07/01/2020,11:29:39,45.2,46.35,800,49.6,800,0,32000
MINDTREE30Jan20800CE.NFO,07/01/2020,11:29:46,45.2,46.45,800,49.6,800,0,32000
MINDTREE30Jan20800CE.NFO,07/01/2020,11:29:50,45.2,46.55,800,49.6,800,0,32000
MINDTREE30Jan20800CE.NFO,07/01/2020,11:30:00,45.2,47,800,49.6,800,0,32000
MINDTREE30Jan20800CE.NFO,07/01/2020,11:30:04,45.2,47.15,800,49.6,800,0,32000
MINDTREE30Jan20800CE.NFO,07/01/2020,11:30:28,45.2,46.55,800,49.6,800,0,32000
MINDTREE30Jan20800CE.NFO,07/01/2020,11:30:47,45.2,46.8,800,49.6,800,0,32000
MINDTREE30Jan20800CE.NFO,07/01/2020,11:30:51,45.2,46.85,800,49.6,800,0,32000
MINDTREE30Jan20800CE.NFO,07/01/2020,11:30:56,45.2,46.95,800,49.6,800,0,32000
MINDTREE30Jan20800CE.NFO,07/01/2020,11:30:59,45.2,47.05,800,49.6,800,0,32000
MINDTREE30Jan20800CE.NFO,07/01/2020,11:33:36,45.2,46.25,3200,49.6,800,0,32000
MINDTREE30Jan20800CE.NFO,07/01/2020,11:33:40,45.2,46.65,800,49.6,800,0,32000
MINDTREE30Jan20800CE.NFO,07/01/2020,11:33:43,45.2,46.7,800,49.6,800,0,32000
MINDTREE30Jan20800CE.NFO,07/01/2020,11:33:58,45.2,46.8,800,49.6,800,0,32000
MINDTREE30Jan20800CE.NFO,07/01/2020,11:34:10,45.2,47,800,49.6,800,0,32000
MINDTREE30Jan20800CE.NFO,07/01/2020,11:34:29,45.2,46.7,800,49.6,800,0,32000
MINDTREE30Jan20800CE.NFO,07/01/2020,11:34:36,45.2,46.85,800,49.6,800,0,32000
MINDTREE30Jan20800CE.NFO,07/01/2020,11:34:59,45.2,46.35,800,49.6,800,0,32000
MINDTREE30Jan20800CE.NFO,07/01/2020,11:35:04,45.2,46.55,800,49.6,800,0,32000
MINDTREE30Jan20800CE.NFO,07/01/2020,11:35:10,45.2,46.65,800,49.6,800,0,32000
MINDTREE30Jan20800CE.NFO,07/01/2020,11:36:19,45.2,45.6,800,49.6,800,0,32000
MINDTREE30Jan20800CE.NFO,07/01/2020,11:36:28,45.2,45.6,800,49.6,2400,0,32000
MINDTREE30Jan20800CE.NFO,07/01/2020,11:36:55,45.2,45.6,800,49.5,2400,0,32000
MINDTREE30Jan20800CE.NFO,07/01/2020,11:37:01,45.2,45.6,800,49.25,800,0,32000
MINDTREE30Jan20800CE.NFO,07/01/2020,11:37:07,45.2,45.6,800,49.1,800,0,32000
MINDTREE30Jan20800CE.NFO,07/01/2020,11:37:15,45.2,45.8,800,49.1,800,0,32000
MINDTREE30Jan20800CE.NFO,07/01/2020,11:38:24,45.2,45.8,800,49,800,0,32000
MINDTREE30Jan20800CE.NFO,07/01/2020,11:38:58,45.2,45.9,800,49,800,0,32000
MINDTREE30Jan20800CE.NFO,07/01/2020,11:39:01,45.2,45.9,800,48.9,800,0,32000
MINDTREE30Jan20800CE.NFO,07/01/2020,11:39:08,45.2,46,800,48.9,800,0,32000
MINDTREE30Jan20800CE.NFO,07/01/2020,11:39:48,45.2,46.1,800,48.9,800,0,32000
MINDTREE30Jan20800CE.NFO,07/01/2020,11:39:54,45.2,46.2,800,48.9,800,0,32000
MINDTREE30Jan20800CE.NFO,07/01/2020,11:40:21,45.2,46.5,800,48.9,800,0,32000
MINDTREE30Jan20800CE.NFO,07/01/2020,11:43:20,45.2,46.55,800,48.9,800,0,32000
MINDTREE30Jan20800CE.NFO,07/01/2020,11:43:23,45.2,46.8,800,50.2,2400,0,32000
MINDTREE30Jan20800CE.NFO,07/01/2020,11:44:30,45.2,46.9,800,50.2,2400,0,32000
MINDTREE30Jan20800CE.NFO,07/01/2020,11:44:54,45.2,46.9,800,50.1,2400,0,32000
MINDTREE30Jan20800CE.NFO,07/01/2020,11:45:07,45.2,46.9,800,50,2400,0,32000
MINDTREE30Jan20800CE.NFO,07/01/2020,11:45:59,45.2,47,800,50,2400,0,32000
MINDTREE30Jan20800CE.NFO,07/01/2020,11:46:07,45.2,47,800,50,800,0,32000
MINDTREE30Jan20800CE.NFO,07/01/2020,11:51:17,45.2,47,800,50,2400,0,32000
MINDTREE30Jan20800CE.NFO,07/01/2020,11:51:31,45.2,47,800,50,800,0,32000
MINDTREE30Jan20800CE.NFO,07/01/2020,11:51:48,45.2,47,800,50,2400,0,32000
MINDTREE30Jan20800CE.NFO,07/01/2020,11:52:03,45.2,47,800,50,800,0,32000
MINDTREE30Jan20800CE.NFO,07/01/2020,11:52:09,45.2,46.15,800,50,2400,0,32000
MINDTREE30Jan20800CE.NFO,07/01/2020,11:52:33,45.2,46.15,800,49.8,2400,0,32000
MINDTREE30Jan20800CE.NFO,07/01/2020,11:52:36,45.2,46.15,800,49.55,800,0,32000
MINDTREE30Jan20800CE.NFO,07/01/2020,11:52:38,45.2,46.15,800,49.5,800,0,32000
MINDTREE30Jan20800CE.NFO,07/01/2020,11:53:13,45.2,46.15,800,49.25,800,0,32000
MINDTREE30Jan20800CE.NFO,07/01/2020,11:53:16,45.2,46.15,800,49.2,800,0,32000
MINDTREE30Jan20800CE.NFO,07/01/2020,11:55:25,45.2,46.25,800,49.2,800,0,32000
MINDTREE30Jan20800CE.NFO,07/01/2020,11:56:13,45.2,45.6,1600,49.2,800,0,32000
MINDTREE30Jan20800CE.NFO,07/01/2020,11:56:15,45.2,45.9,800,49.2,800,0,32000
MINDTREE30Jan20800CE.NFO,07/01/2020,11:56:17,45.2,45.95,800,49.2,800,0,32000
MINDTREE30Jan20800CE.NFO,07/01/2020,11:56:25,45.2,46.15,800,49.2,800,0,32000
MINDTREE30Jan20800CE.NFO,07/01/2020,11:57:33,45.2,46.35,800,49.2,800,0,32000
MINDTREE30Jan20800CE.NFO,07/01/2020,11:57:53,45.2,45.7,800,49.2,800,0,32000
MINDTREE30Jan20800CE.NFO,07/01/2020,11:58:00,45.2,45.85,800,49.2,800,0,32000
MINDTREE30Jan20800CE.NFO,07/01/2020,11:58:04,45.2,45.9,800,49.2,800,0,32000
MINDTREE30Jan20800CE.NFO,07/01/2020,11:58:14,45.2,46,800,49.2,800,0,32000
MINDTREE30Jan20800CE.NFO,07/01/2020,11:59:52,45.2,46.1,800,49.2,800,0,32000
MINDTREE30Jan20800CE.NFO,07/01/2020,12:00:12,45.2,46.2,800,49.2,800,0,32000
MINDTREE30Jan20800CE.NFO,07/01/2020,12:02:46,45.2,46.3,800,49.2,800,0,32000
MINDTREE30Jan20800CE.NFO,07/01/2020,12:02:56,45.2,46.3,800,50.05,2400,0,32000
MINDTREE30Jan20800CE.NFO,07/01/2020,12:03:00,45.2,46.4,800,50.05,2400,0,32000
MINDTREE30Jan20800CE.NFO,07/01/2020,12:03:04,45.2,46.55,800,50.05,800,0,32000
MINDTREE30Jan20800CE.NFO,07/01/2020,12:03:08,45.2,46.6,800,50.05,800,0,32000
MINDTREE30Jan20800CE.NFO,07/01/2020,12:03:26,45.2,46.7,800,50.05,800,0,32000
MINDTREE30Jan20800CE.NFO,07/01/2020,12:03:34,45.2,46.7,800,50.05,2400,0,32000
MINDTREE30Jan20800CE.NFO,07/01/2020,12:03:53,45.2,46.7,800,50.05,800,0,32000
MINDTREE30Jan20800CE.NFO,07/01/2020,12:03:58,45.2,46.7,800,50.05,2400,0,32000
MINDTREE30Jan20800CE.NFO,07/01/2020,12:04:19,45.2,46.7,800,50.05,800,0,32000
MINDTREE30Jan20800CE.NFO,07/01/2020,12:04:58,45.2,46.8,800,50.05,800,0,32000
MINDTREE30Jan20800CE.NFO,07/01/2020,12:05:44,45.2,46.8,800,50.05,2400,0,32000
MINDTREE30Jan20800CE.NFO,07/01/2020,12:06:01,45.2,46.8,800,50.05,800,0,32000
MINDTREE30Jan20800CE.NFO,07/01/2020,12:06:39,45.2,45.4,10400,50.05,2400,0,32000
MINDTREE30Jan20800CE.NFO,07/01/2020,12:06:42,45.2,45.8,6400,50.05,2400,0,32000
MINDTREE30Jan20800CE.NFO,07/01/2020,12:06:45,45.2,46.35,800,50.05,2400,0,32000
MINDTREE30Jan20800CE.NFO,07/01/2020,12:06:48,45.2,46.4,800,50.05,2400,0,32000
MINDTREE30Jan20800CE.NFO,07/01/2020,12:06:58,45.2,46.4,800,50.05,800,0,32000
MINDTREE30Jan20800CE.NFO,07/01/2020,12:07:07,45.2,46.4,800,50.05,2400,0,32000
MINDTREE30Jan20800CE.NFO,07/01/2020,12:07:57,45.2,46.5,800,50.05,2400,0,32000
MINDTREE30Jan20800CE.NFO,07/01/2020,12:09:15,45.2,46.6,800,50.05,2400,0,32000
MINDTREE30Jan20800CE.NFO,07/01/2020,12:10:33,45.2,46.7,800,50.05,2400,0,32000
MINDTREE30Jan20800CE.NFO,07/01/2020,12:10:56,45.2,46.85,1600,50.05,2400,0,32000
MINDTREE30Jan20800CE.NFO,07/01/2020,12:10:58,45.2,47.1,800,50.05,800,0,32000
MINDTREE30Jan20800CE.NFO,07/01/2020,12:11:55,45.2,45.85,7200,50.05,800,0,32000
MINDTREE30Jan20800CE.NFO,07/01/2020,12:12:06,45.2,46.3,4000,50.05,800,0,32000
MINDTREE30Jan20800CE.NFO,07/01/2020,12:12:09,45.2,46.7,800,50.05,800,0,32000
MINDTREE30Jan20800CE.NFO,07/01/2020,12:12:12,45.2,46.75,800,50.05,800,0,32000
MINDTREE30Jan20800CE.NFO,07/01/2020,12:12:44,45.2,46.75,800,50.05,2400,0,32000
MINDTREE30Jan20800CE.NFO,07/01/2020,12:12:51,45.2,46.75,800,50.05,800,0,32000
MINDTREE30Jan20800CE.NFO,07/01/2020,12:14:48,45.2,46.85,800,50.05,800,0,32000
MINDTREE30Jan20800CE.NFO,07/01/2020,12:14:59,45.2,46.95,800,50.05,800,0,32000
MINDTREE30Jan20800CE.NFO,07/01/2020,12:15:24,45.2,46.95,800,50.05,2400,0,32000
MINDTREE30Jan20800CE.NFO,07/01/2020,12:16:08,45.2,46.95,800,50.05,800,0,32000
MINDTREE30Jan20800CE.NFO,07/01/2020,12:16:11,45.2,46.95,800,50.05,2400,0,32000
MINDTREE30Jan20800CE.NFO,07/01/2020,12:16:21,45.2,47.05,800,50.05,800,0,32000
MINDTREE30Jan20800CE.NFO,07/01/2020,12:16:54,45.2,47.15,800,50.05,800,0,32000
MINDTREE30Jan20800CE.NFO,07/01/2020,12:17:20,45.2,47.25,800,50.05,800,0,32000
MINDTREE30Jan20800CE.NFO,07/01/2020,12:17:36,45.2,47.25,800,50.05,2400,0,32000
MINDTREE30Jan20800CE.NFO,07/01/2020,12:17:53,45.2,46.35,800,50.05,2400,0,32000
MINDTREE30Jan20800CE.NFO,07/01/2020,12:17:55,45.2,46.4,800,50.05,2400,0,32000
MINDTREE30Jan20800CE.NFO,07/01/2020,12:18:12,45.2,45.8,800,50.05,800,0,32000
MINDTREE30Jan20800CE.NFO,07/01/2020,12:18:16,45.2,46.15,800,50.05,2400,0,32000
MINDTREE30Jan20800CE.NFO,07/01/2020,12:19:31,45.2,46.15,800,50.05,800,0,32000
MINDTREE30Jan20800CE.NFO,07/01/2020,12:19:38,45.2,46.45,800,50.05,800,0,32000
MINDTREE30Jan20800CE.NFO,07/01/2020,12:19:44,45.2,46.55,800,50.05,800,0,32000
MINDTREE30Jan20800CE.NFO,07/01/2020,12:19:48,45.2,46.65,800,50.05,800,0,32000
MINDTREE30Jan20800CE.NFO,07/01/2020,12:20:06,45.2,46.8,800,50.05,800,0,32000
MINDTREE30Jan20800CE.NFO,07/01/2020,12:20:08,45.2,46.85,800,50.05,800,0,32000
MINDTREE30Jan20800CE.NFO,07/01/2020,12:20:18,45.2,46.35,800,50.05,800,0,32000
MINDTREE30Jan20800CE.NFO,07/01/2020,12:20:23,45.2,46.4,800,50.05,800,0,32000
MINDTREE30Jan20800CE.NFO,07/01/2020,12:20:27,45.2,46.6,800,50.05,800,0,32000
MINDTREE30Jan20800CE.NFO,07/01/2020,12:20:44,45.2,46.8,800,50.05,800,0,32000
MINDTREE30Jan20800CE.NFO,07/01/2020,12:20:55,45.2,45.6,9600,50.05,800,0,32000
MINDTREE30Jan20800CE.NFO,07/01/2020,12:20:59,45.2,45.6,11200,50.05,800,0,32000
MINDTREE30Jan20800CE.NFO,07/01/2020,12:21:04,45.2,46.65,800,50.05,800,0,32000
MINDTREE30Jan20800CE.NFO,07/01/2020,12:21:08,45.2,46.75,800,50.05,800,0,32000
MINDTREE30Jan20800CE.NFO,07/01/2020,12:21:41,45.2,46.85,800,50.05,800,0,32000
MINDTREE30Jan20800CE.NFO,07/01/2020,12:22:21,45.2,46.95,800,50.05,800,0,32000
MINDTREE30Jan20800CE.NFO,07/01/2020,12:22:27,45.2,47.05,800,50.05,800,0,32000
MINDTREE30Jan20800CE.NFO,07/01/2020,12:22:38,45.2,46.35,1600,50.05,800,0,32000
MINDTREE30Jan20800CE.NFO,07/01/2020,12:22:42,45.2,46.55,1600,50.05,800,0,32000
MINDTREE30Jan20800CE.NFO,07/01/2020,12:22:45,45.2,46.7,800,50.05,800,0,32000
MINDTREE30Jan20800CE.NFO,07/01/2020,12:23:20,45.2,46.8,800,50.05,800,0,32000
MINDTREE30Jan20800CE.NFO,07/01/2020,12:23:35,45.2,46.9,800,50.05,800,0,32000
MINDTREE30Jan20800CE.NFO,07/01/2020,12:23:43,45.2,47.1,800,50.05,800,0,32000
MINDTREE30Jan20800CE.NFO,07/01/2020,12:24:04,45.2,46.35,800,50.05,2400,0,32000
MINDTREE30Jan20800CE.NFO,07/01/2020,12:24:07,45.2,46.4,800,50.05,2400,0,32000
MINDTREE30Jan20800CE.NFO,07/01/2020,12:24:18,45.2,46.5,800,50.05,2400,0,32000
MINDTREE30Jan20800CE.NFO,07/01/2020,12:24:36,45.2,46.5,800,50.05,800,0,32000
MINDTREE30Jan20800CE.NFO,07/01/2020,12:24:50,45.2,46.8,800,50.05,800,0,32000
MINDTREE30Jan20800CE.NFO,07/01/2020,12:25:44,45.2,47.05,800,50.55,800,0,32000
MINDTREE30Jan20800CE.NFO,07/01/2020,12:25:47,45.2,47.35,800,50.9,800,0,32000
MINDTREE30Jan20800CE.NFO,07/01/2020,12:25:50,45.2,47.4,800,50.9,2400,0,32000
MINDTREE30Jan20800CE.NFO,07/01/2020,12:26:17,45.2,47.6,800,50.9,2400,0,32000
MINDTREE30Jan20800CE.NFO,07/01/2020,12:26:24,45.2,47.7,800,50.9,2400,0,32000
MINDTREE30Jan20800CE.NFO,07/01/2020,12:26:36,45.2,47.95,800,50.9,2400,0,32000
MINDTREE30Jan20800CE.NFO,07/01/2020,12:26:40,45.2,48,800,50.9,2400,0,32000
MINDTREE30Jan20800CE.NFO,07/01/2020,12:26:42,45.2,48.2,800,51.85,800,0,32000
MINDTREE30Jan20800CE.NFO,07/01/2020,12:26:52,45.2,48.3,800,51.85,800,0,32000
MINDTREE30Jan20800CE.NFO,07/01/2020,12:27:25,45.2,48.3,800,51.75,800,0,32000
MINDTREE30Jan20800CE.NFO,07/01/2020,12:27:31,45.2,48.3,800,50.95,2400,0,32000
MINDTREE30Jan20800CE.NFO,07/01/2020,12:32:36,45.2,47.3,2400,50.95,4000,0,32000
MINDTREE30Jan20800CE.NFO,07/01/2020,12:32:42,45.2,47.55,800,50.95,4000,0,32000
MINDTREE30Jan20800CE.NFO,07/01/2020,12:32:46,45.2,47.55,800,50.95,5600,0,32000
MINDTREE30Jan20800CE.NFO,07/01/2020,12:32:50,45.2,47.55,800,50.95,2400,0,32000
MINDTREE30Jan20800CE.NFO,07/01/2020,12:34:14,45.2,47.55,800,50.95,4000,0,32000
MINDTREE30Jan20800CE.NFO,07/01/2020,12:34:17,45.2,47.05,800,50.85,2400,0,32000
MINDTREE30Jan20800CE.NFO,07/01/2020,12:34:20,45.2,47.1,800,50.85,2400,0,32000
MINDTREE30Jan20800CE.NFO,07/01/2020,12:34:27,45.2,47.2,800,50.85,2400,0,32000
MINDTREE30Jan20800CE.NFO,07/01/2020,12:34:37,45.2,47.4,800,50.85,2400,0,32000
MINDTREE30Jan20800CE.NFO,07/01/2020,12:36:25,45.2,47.7,800,50.85,2400,0,32000
MINDTREE30Jan20800CE.NFO,07/01/2020,12:36:30,45.2,47.7,800,50.2,800,0,32000
MINDTREE30Jan20800CE.NFO,07/01/2020,12:36:45,45.2,47.8,800,50.2,800,0,32000
MINDTREE30Jan20800CE.NFO,07/01/2020,12:36:49,45.2,47.9,800,50.2,800,0,32000
MINDTREE30Jan20800CE.NFO,07/01/2020,12:37:14,45.2,48,800,50.2,800,0,32000
MINDTREE30Jan20800CE.NFO,07/01/2020,12:37:54,45.2,48.1,800,50.2,800,0,32000
MINDTREE30Jan20800CE.NFO,07/01/2020,12:38:07,45.2,48.15,800,51.2,800,0,32000
MINDTREE30Jan20800CE.NFO,07/01/2020,12:38:12,45.2,48.2,800,50.9,800,0,32000
MINDTREE30Jan20800CE.NFO,07/01/2020,12:38:15,45.2,48.3,800,50.9,800,0,32000
MINDTREE30Jan20800CE.NFO,07/01/2020,12:38:42,45.2,48.4,800,50.9,800,0,32000
MINDTREE30Jan20800CE.NFO,07/01/2020,12:38:50,45.2,49.25,800,51.6,800,0,32000
MINDTREE30Jan20800CE.NFO,07/01/2020,12:38:55,45.2,49.3,800,51.6,800,0,32000
MINDTREE30Jan20800CE.NFO,07/01/2020,12:38:59,45.2,49.15,800,51.6,800,0,32000
MINDTREE30Jan20800CE.NFO,07/01/2020,12:39:02,45.2,49.25,800,51.6,800,0,32000
MINDTREE30Jan20800CE.NFO,07/01/2020,12:39:05,45.2,49.45,800,51.95,800,0,32000
MINDTREE30Jan20800CE.NFO,07/01/2020,12:39:08,45.2,49.45,800,51.9,800,0,32000
MINDTREE30Jan20800CE.NFO,07/01/2020,12:39:18,45.2,48.5,800,51.9,800,0,32000
MINDTREE30Jan20800CE.NFO,07/01/2020,12:39:22,45.2,48.9,800,51.9,800,0,32000
MINDTREE30Jan20800CE.NFO,07/01/2020,12:39:26,45.2,48.95,800,51.9,800,0,32000
MINDTREE30Jan20800CE.NFO,07/01/2020,12:39:29,45.2,49.05,800,51.9,800,0,32000
MINDTREE30Jan20800CE.NFO,07/01/2020,12:39:36,45.2,49.1,800,51.9,800,0,32000
MINDTREE30Jan20800CE.NFO,07/01/2020,12:39:38,45.2,49.35,800,51.9,800,0,32000
MINDTREE30Jan20800CE.NFO,07/01/2020,12:39:41,45.2,49.55,800,51.9,800,0,32000
MINDTREE30Jan20800CE.NFO,07/01/2020,12:39:43,45.2,49.7,800,51.9,800,0,32000
MINDTREE30Jan20800CE.NFO,07/01/2020,12:39:45,45.2,49.9,800,51.9,800,0,32000
MINDTREE30Jan20800CE.NFO,07/01/2020,12:39:47,45.2,49.95,800,51.9,800,0,32000
MINDTREE30Jan20800CE.NFO,07/01/2020,12:39:53,45.2,49.95,800,52,800,0,32000
MINDTREE30Jan20800CE.NFO,07/01/2020,12:40:00,45.2,49.95,800,51.95,800,0,32000
MINDTREE30Jan20800CE.NFO,07/01/2020,12:40:11,45.2,49.95,800,52,800,0,32000
MINDTREE30Jan20800CE.NFO,07/01/2020,12:40:25,45.2,49.95,800,51.95,800,0,32000
MINDTREE30Jan20800CE.NFO,07/01/2020,12:40:39,45.2,49.1,800,51.85,800,0,32000
MINDTREE30Jan20800CE.NFO,07/01/2020,12:41:08,45.2,49.3,800,51.85,800,0,32000
MINDTREE30Jan20800CE.NFO,07/01/2020,12:41:12,45.2,49.5,800,51.85,800,0,32000
MINDTREE30Jan20800CE.NFO,07/01/2020,12:41:18,45.2,49.7,800,51.85,800,0,32000
MINDTREE30Jan20800CE.NFO,07/01/2020,12:41:21,45.2,49.8,800,51.85,800,0,32000
MINDTREE30Jan20800CE.NFO,07/01/2020,12:42:18,45.2,48.65,1600,51.85,800,0,32000
MINDTREE30Jan20800CE.NFO,07/01/2020,12:43:05,45.2,48.8,1600,51.85,800,0,32000
MINDTREE30Jan20800CE.NFO,07/01/2020,12:43:08,45.2,49.25,800,51.85,800,0,32000
MINDTREE30Jan20800CE.NFO,07/01/2020,12:43:10,45.2,49.4,800,51.85,800,0,32000
MINDTREE30Jan20800CE.NFO,07/01/2020,12:44:41,45.2,48.6,800,51.85,800,0,32000
MINDTREE30Jan20800CE.NFO,07/01/2020,12:44:44,45.2,48.7,800,51.85,800,0,32000
MINDTREE30Jan20800CE.NFO,07/01/2020,12:44:53,45.2,48.75,800,51.85,800,0,32000
MINDTREE30Jan20800CE.NFO,07/01/2020,12:44:55,45.2,48.8,800,51.85,800,0,32000
MINDTREE30Jan20800CE.NFO,07/01/2020,12:45:46,45.2,48.9,800,51.85,800,0,32000
MINDTREE30Jan20800CE.NFO,07/01/2020,12:46:38,45.2,49.1,800,51.85,800,0,32000
MINDTREE30Jan20800CE.NFO,07/01/2020,12:47:19,45.2,49.1,800,51.75,800,0,32000
MINDTREE30Jan20800CE.NFO,07/01/2020,12:48:29,45.2,49.2,800,51.75,800,0,32000
MINDTREE30Jan20800CE.NFO,07/01/2020,12:49:34,45.2,49.4,800,51.75,800,0,32000
MINDTREE30Jan20800CE.NFO,07/01/2020,12:49:55,45.2,49.5,800,51.75,800,0,32000
MINDTREE30Jan20800CE.NFO,07/01/2020,12:50:09,45.2,49.5,800,51.95,800,0,32000
MINDTREE30Jan20800CE.NFO,07/01/2020,12:50:13,45.2,49.6,800,51.95,800,0,32000
MINDTREE30Jan20800CE.NFO,07/01/2020,12:50:24,45.2,49.6,800,52,800,0,32000
MINDTREE30Jan20800CE.NFO,07/01/2020,12:50:28,45.2,49.9,800,52,800,0,32000
MINDTREE30Jan20800CE.NFO,07/01/2020,12:50:32,45.2,50.35,800,52,800,0,32000
MINDTREE30Jan20800CE.NFO,07/01/2020,12:50:36,45.2,50.6,800,52,800,0,32000
MINDTREE30Jan20800CE.NFO,07/01/2020,12:50:42,52,51.05,800,53.8,800,800,31200
MINDTREE30Jan20800CE.NFO,07/01/2020,12:50:42,52,51.05,800,53.8,800,0,31200
MINDTREE30Jan20800CE.NFO,07/01/2020,12:50:44,52,51.05,800,53.45,800,0,31200
MINDTREE30Jan20800CE.NFO,07/01/2020,12:50:54,52,51.05,800,53.55,800,0,31200
MINDTREE30Jan20800CE.NFO,07/01/2020,12:51:01,52,50.05,800,53.55,800,0,31200
MINDTREE30Jan20800CE.NFO,07/01/2020,12:51:05,52,50.2,800,53.55,800,0,31200
MINDTREE30Jan20800CE.NFO,07/01/2020,12:51:08,52,50.3,800,53.55,800,0,31200
MINDTREE30Jan20800CE.NFO,07/01/2020,12:51:24,52,50.4,800,53.55,800,0,31200
MINDTREE30Jan20800CE.NFO,07/01/2020,12:51:27,52,50.45,800,53.55,800,0,31200
MINDTREE30Jan20800CE.NFO,07/01/2020,12:51:31,52,50.6,800,53.55,800,0,31200
MINDTREE30Jan20800CE.NFO,07/01/2020,12:51:34,52,50.8,800,53.55,800,0,31200
MINDTREE30Jan20800CE.NFO,07/01/2020,12:52:01,52,50.9,800,53.55,800,0,31200
MINDTREE30Jan20800CE.NFO,07/01/2020,12:52:04,52,51.05,800,53.55,800,0,31200
MINDTREE30Jan20800CE.NFO,07/01/2020,12:52:08,52,51.3,800,54.65,800,0,31200
MINDTREE30Jan20800CE.NFO,07/01/2020,12:52:15,52,51.3,800,54.65,2400,0,31200
MINDTREE30Jan20800CE.NFO,07/01/2020,12:52:27,52,51.3,800,54.65,4000,0,31200
MINDTREE30Jan20800CE.NFO,07/01/2020,12:52:30,52,51.3,800,54.65,5600,0,31200
MINDTREE30Jan20800CE.NFO,07/01/2020,12:52:33,52,51.3,800,54.65,2400,0,31200
MINDTREE30Jan20800CE.NFO,07/01/2020,12:52:38,52,51.4,800,54.65,2400,0,31200
MINDTREE30Jan20800CE.NFO,07/01/2020,12:52:41,52,51.5,800,54.65,800,0,31200
MINDTREE30Jan20800CE.NFO,07/01/2020,12:52:45,52,51.5,800,54.65,2400,0,31200
MINDTREE30Jan20800CE.NFO,07/01/2020,12:52:56,52,51.5,800,54.65,4000,0,31200
MINDTREE30Jan20800CE.NFO,07/01/2020,12:52:59,52,51.5,800,54.65,800,0,31200
MINDTREE30Jan20800CE.NFO,07/01/2020,12:53:02,52,51.6,800,54.65,800,0,31200
MINDTREE30Jan20800CE.NFO,07/01/2020,12:53:06,52,51.7,800,54.65,800,0,31200
MINDTREE30Jan20800CE.NFO,07/01/2020,12:53:09,52,51.9,800,54.65,800,0,31200
MINDTREE30Jan20800CE.NFO,07/01/2020,12:53:12,52,52.1,800,54.65,800,0,31200
MINDTREE30Jan20800CE.NFO,07/01/2020,12:53:16,52,52.1,800,55.15,800,0,31200
MINDTREE30Jan20800CE.NFO,07/01/2020,12:53:20,52,52.1,800,55.15,2400,0,31200
MINDTREE30Jan20800CE.NFO,07/01/2020,12:53:24,52,52.45,1600,55.15,800,0,31200
MINDTREE30Jan20800CE.NFO,07/01/2020,12:53:27,52,52.6,800,55.75,2400,0,31200
MINDTREE30Jan20800CE.NFO,07/01/2020,12:53:34,52,52.8,800,55.75,2400,0,31200
MINDTREE30Jan20800CE.NFO,07/01/2020,12:53:39,52,52.8,800,55.75,5600,0,31200
MINDTREE30Jan20800CE.NFO,07/01/2020,12:53:44,52,51.9,800,55.75,5600,0,31200
MINDTREE30Jan20800CE.NFO,07/01/2020,12:53:52,52,52,800,55.75,5600,0,31200
MINDTREE30Jan20800CE.NFO,07/01/2020,12:53:58,52,52,1600,55.75,5600,0,31200
MINDTREE30Jan20800CE.NFO,07/01/2020,12:54:09,52,52.1,800,55.75,5600,0,31200
MINDTREE30Jan20800CE.NFO,07/01/2020,12:54:12,52,52.5,800,55.75,5600,0,31200
MINDTREE30Jan20800CE.NFO,07/01/2020,12:54:20,52,52.5,800,55.75,7200,0,31200
MINDTREE30Jan20800CE.NFO,07/01/2020,12:54:24,52,52.05,800,55.65,5600,0,31200
MINDTREE30Jan20800CE.NFO,07/01/2020,12:54:32,52,52.45,800,55.65,5600,0,31200
MINDTREE30Jan20800CE.NFO,07/01/2020,12:54:38,52,52.65,800,55.65,5600,0,31200
MINDTREE30Jan20800CE.NFO,07/01/2020,12:54:41,52,52.65,800,55.65,7200,0,31200
MINDTREE30Jan20800CE.NFO,07/01/2020,12:54:44,52,52.65,800,55.65,5600,0,31200
MINDTREE30Jan20800CE.NFO,07/01/2020,12:54:46,52,52.6,800,55.65,5600,0,31200
MINDTREE30Jan20800CE.NFO,07/01/2020,12:54:55,52,52.65,800,55.65,5600,0,31200
MINDTREE30Jan20800CE.NFO,07/01/2020,12:54:59,52,52.6,800,55.65,5600,0,31200
MINDTREE30Jan20800CE.NFO,07/01/2020,12:55:07,52,52.6,800,55.55,7200,0,31200
MINDTREE30Jan20800CE.NFO,07/01/2020,12:55:10,52,52.6,800,55.55,5600,0,31200
MINDTREE30Jan20800CE.NFO,07/01/2020,12:55:14,52,52.6,800,55.45,7200,0,31200
MINDTREE30Jan20800CE.NFO,07/01/2020,12:55:17,52,52.65,800,55.4,8000,0,31200
MINDTREE30Jan20800CE.NFO,07/01/2020,12:55:21,52,52.6,800,55.15,5600,0,31200
MINDTREE30Jan20800CE.NFO,07/01/2020,12:55:29,52,52.6,800,55.15,2400,0,31200
MINDTREE30Jan20800CE.NFO,07/01/2020,12:55:37,52,52.65,800,55.15,2400,0,31200
MINDTREE30Jan20800CE.NFO,07/01/2020,12:56:03,52,52.65,800,55.05,2400,0,31200
MINDTREE30Jan20800CE.NFO,07/01/2020,12:56:22,52,52.6,800,55.05,2400,0,31200
MINDTREE30Jan20800CE.NFO,07/01/2020,12:56:36,52,52.65,800,55.05,2400,0,31200
MINDTREE30Jan20800CE.NFO,07/01/2020,12:57:07,52,52.6,800,55.05,2400,0,31200
MINDTREE30Jan20800CE.NFO,07/01/2020,12:57:11,52,52.6,800,55.05,800,0,31200
MINDTREE30Jan20800CE.NFO,07/01/2020,12:57:32,52,52.6,800,55.05,2400,0,31200
MINDTREE30Jan20800CE.NFO,07/01/2020,12:57:36,52,52.6,800,54.95,800,0,31200
MINDTREE30Jan20800CE.NFO,07/01/2020,12:57:41,52,52.6,800,54.95,2400,0,31200
MINDTREE30Jan20800CE.NFO,07/01/2020,12:57:47,52,52.6,800,54.85,800,0,31200
MINDTREE30Jan20800CE.NFO,07/01/2020,12:58:31,52,52.6,800,54.85,2400,0,31200
MINDTREE30Jan20800CE.NFO,07/01/2020,12:58:36,52,52.6,800,54.85,800,0,31200
MINDTREE30Jan20800CE.NFO,07/01/2020,13:00:25,52,52.6,800,54.85,2400,0,31200
MINDTREE30Jan20800CE.NFO,07/01/2020,13:00:41,52,52.6,800,54.85,5600,0,31200
MINDTREE30Jan20800CE.NFO,07/01/2020,13:00:46,52,52.6,800,54.85,4000,0,31200
MINDTREE30Jan20800CE.NFO,07/01/2020,13:00:52,52,52.6,800,54.85,5600,0,31200
MINDTREE30Jan20800CE.NFO,07/01/2020,13:00:57,52,52.6,800,54.85,2400,0,31200
MINDTREE30Jan20800CE.NFO,07/01/2020,13:01:10,52,52.6,800,54.85,4000,0,31200
MINDTREE30Jan20800CE.NFO,07/01/2020,13:01:17,52,52.6,800,54.85,5600,0,31200
MINDTREE30Jan20800CE.NFO,07/01/2020,13:02:28,52,52.6,800,54.85,7200,0,31200
MINDTREE30Jan20800CE.NFO,07/01/2020,13:02:39,52,52.6,800,54.85,5600,0,31200
MINDTREE30Jan20800CE.NFO,07/01/2020,13:02:44,52,52.6,800,54.85,7200,0,31200
MINDTREE30Jan20800CE.NFO,07/01/2020,13:02:48,52,52.6,800,54.85,5600,0,31200
MINDTREE30Jan20800CE.NFO,07/01/2020,13:02:53,52,52.6,800,54.85,7200,0,31200
MINDTREE30Jan20800CE.NFO,07/01/2020,13:03:06,52,52.6,800,54.85,5600,0,31200
MINDTREE30Jan20800CE.NFO,07/01/2020,13:03:18,52,52.6,800,54.75,7200,0,31200
MINDTREE30Jan20800CE.NFO,07/01/2020,13:03:24,52,52.6,800,54.75,5600,0,31200
MINDTREE30Jan20800CE.NFO,07/01/2020,13:04:04,52.6,49.25,800,54.1,6400,800,31200
MINDTREE30Jan20800CE.NFO,07/01/2020,13:04:04,52.6,49.25,800,54.1,6400,0,31200
MINDTREE30Jan20800CE.NFO,07/01/2020,13:04:09,52.6,49.45,800,53.95,5600,0,31200
MINDTREE30Jan20800CE.NFO,07/01/2020,13:04:13,52.6,49.55,800,53.95,5600,0,31200
MINDTREE30Jan20800CE.NFO,07/01/2020,13:04:22,52.6,49.65,800,53.95,5600,0,31200
MINDTREE30Jan20800CE.NFO,07/01/2020,13:04:30,52.6,49.9,800,53.95,4000,0,31200
MINDTREE30Jan20800CE.NFO,07/01/2020,13:04:33,52.6,50.05,800,53.95,4000,0,31200
MINDTREE30Jan20800CE.NFO,07/01/2020,13:05:22,52.6,50.05,800,53.95,5600,0,31200
MINDTREE30Jan20800CE.NFO,07/01/2020,13:05:28,52.6,50.05,800,53.95,4000,0,31200
MINDTREE30Jan20800CE.NFO,07/01/2020,13:05:34,52.6,50.05,800,53.95,5600,0,31200
MINDTREE30Jan20800CE.NFO,07/01/2020,13:05:39,52.6,50.05,800,53.95,4000,0,31200
MINDTREE30Jan20800CE.NFO,07/01/2020,13:05:46,52.6,50.05,800,53.95,5600,0,31200
MINDTREE30Jan20800CE.NFO,07/01/2020,13:05:51,52.6,50.05,800,53.95,4000,0,31200
MINDTREE30Jan20800CE.NFO,07/01/2020,13:05:57,52.6,50.05,800,53.85,5600,0,31200
MINDTREE30Jan20800CE.NFO,07/01/2020,13:06:03,52.6,50.05,800,53.85,2400,0,31200
MINDTREE30Jan20800CE.NFO,07/01/2020,13:06:14,52.6,50.05,800,53.85,4000,0,31200
MINDTREE30Jan20800CE.NFO,07/01/2020,13:06:20,52.6,50.05,800,53.85,2400,0,31200
MINDTREE30Jan20800CE.NFO,07/01/2020,13:07:05,52.6,50.45,800,53.85,2400,0,31200
MINDTREE30Jan20800CE.NFO,07/01/2020,13:07:15,52.6,50.65,800,53.85,800,0,31200
MINDTREE30Jan20800CE.NFO,07/01/2020,13:07:30,52.6,50.65,800,54.6,4000,0,31200
MINDTREE30Jan20800CE.NFO,07/01/2020,13:08:03,52.6,49.8,3200,54.6,4000,0,31200
MINDTREE30Jan20800CE.NFO,07/01/2020,13:08:09,52.6,50.3,800,54.6,4000,0,31200
MINDTREE30Jan20800CE.NFO,07/01/2020,13:09:16,52.6,50.4,800,54.4,4000,0,31200
MINDTREE30Jan20800CE.NFO,07/01/2020,13:09:31,52.6,50.4,800,54.4,2400,0,31200
MINDTREE30Jan20800CE.NFO,07/01/2020,13:10:08,52.6,49.4,4800,54.4,4000,0,31200
MINDTREE30Jan20800CE.NFO,07/01/2020,13:10:19,52.6,49.4,4800,54.4,5600,0,31200
MINDTREE30Jan20800CE.NFO,07/01/2020,13:10:28,52.6,49.4,6400,54.4,5600,0,31200
MINDTREE30Jan20800CE.NFO,07/01/2020,13:10:39,52.6,49.9,800,54.4,5600,0,31200
MINDTREE30Jan20800CE.NFO,07/01/2020,13:10:45,52.6,49.95,800,54.4,5600,0,31200
MINDTREE30Jan20800CE.NFO,07/01/2020,13:11:25,52.6,50.05,800,54.4,2400,0,31200
MINDTREE30Jan20800CE.NFO,07/01/2020,13:11:29,52.6,50.05,800,54.4,4000,0,31200
MINDTREE30Jan20800CE.NFO,07/01/2020,13:11:39,52.6,50.05,2400,54.4,4000,0,31200
MINDTREE30Jan20800CE.NFO,07/01/2020,13:11:44,52.6,50.05,800,54.4,4000,0,31200
MINDTREE30Jan20800CE.NFO,07/01/2020,13:11:53,52.6,50.05,800,54.4,2400,0,31200
MINDTREE30Jan20800CE.NFO,07/01/2020,13:11:58,52.6,50.25,800,54.4,2400,0,31200
MINDTREE30Jan20800CE.NFO,07/01/2020,13:12:10,52.6,50.45,800,54.4,2400,0,31200
MINDTREE30Jan20800CE.NFO,07/01/2020,13:13:30,52.6,50.75,800,54.4,2400,0,31200
MINDTREE30Jan20800CE.NFO,07/01/2020,13:13:51,52.6,50.95,800,54.4,2400,0,31200
MINDTREE30Jan20800CE.NFO,07/01/2020,13:15:28,52.6,50.3,800,54.4,2400,0,31200
MINDTREE30Jan20800CE.NFO,07/01/2020,13:15:48,52.6,50.4,800,54.4,2400,0,31200
MINDTREE30Jan20800CE.NFO,07/01/2020,13:17:54,52.6,50.5,800,54.4,2400,0,31200
MINDTREE30Jan20800CE.NFO,07/01/2020,13:18:33,52.6,50.5,800,54.4,800,0,31200
MINDTREE30Jan20800CE.NFO,07/01/2020,13:19:05,52.6,50.6,800,54.4,800,0,31200
MINDTREE30Jan20800CE.NFO,07/01/2020,13:19:41,52.6,50.6,800,54.4,2400,0,31200
MINDTREE30Jan20800CE.NFO,07/01/2020,13:19:45,52.6,50.6,800,54.4,800,0,31200
MINDTREE30Jan20800CE.NFO,07/01/2020,13:21:11,52.6,50.6,800,54.4,2400,0,31200
MINDTREE30Jan20800CE.NFO,07/01/2020,13:21:36,52.6,50.6,800,54.4,800,0,31200
MINDTREE30Jan20800CE.NFO,07/01/2020,13:21:41,52.6,50.6,800,54.4,2400,0,31200
MINDTREE30Jan20800CE.NFO,07/01/2020,13:21:46,52.6,50.6,800,54.4,800,0,31200
MINDTREE30Jan20800CE.NFO,07/01/2020,13:21:56,52.6,50.8,800,54.4,800,0,31200
MINDTREE30Jan20800CE.NFO,07/01/2020,13:22:01,52.6,51.4,800,55.95,7200,0,31200
MINDTREE30Jan20800CE.NFO,07/01/2020,13:22:07,52.6,51.4,800,55.85,7200,0,31200
MINDTREE30Jan20800CE.NFO,07/01/2020,13:22:12,52.6,51.5,800,55.85,7200,0,31200
MINDTREE30Jan20800CE.NFO,07/01/2020,13:22:24,52.6,51.6,800,55.85,5600,0,31200
MINDTREE30Jan20800CE.NFO,07/01/2020,13:22:34,52.6,51.8,800,55.85,5600,0,31200
MINDTREE30Jan20800CE.NFO,07/01/2020,13:22:50,52.6,51.8,800,55.75,5600,0,31200
MINDTREE30Jan20800CE.NFO,07/01/2020,13:22:55,52.6,51.8,800,55.75,4000,0,31200
MINDTREE30Jan20800CE.NFO,07/01/2020,13:23:01,52.6,51.8,800,55.65,4000,0,31200
MINDTREE30Jan20800CE.NFO,07/01/2020,13:23:24,52.6,51.8,800,55.65,5600,0,31200
MINDTREE30Jan20800CE.NFO,07/01/2020,13:23:52,52.6,50.6,800,55.65,5600,0,31200
MINDTREE30Jan20800CE.NFO,07/01/2020,13:23:58,52.6,50.05,2400,55.55,5600,0,31200
MINDTREE30Jan20800CE.NFO,07/01/2020,13:24:04,52.6,50.05,2400,55.4,5600,0,31200
MINDTREE30Jan20800CE.NFO,07/01/2020,13:24:09,52.6,50.05,2400,55,5600,0,31200
MINDTREE30Jan20800CE.NFO,07/01/2020,13:24:16,52.6,50.05,2400,54.95,4000,0,31200
MINDTREE30Jan20800CE.NFO,07/01/2020,13:24:22,52.6,50.35,2400,54.95,800,0,31200
MINDTREE30Jan20800CE.NFO,07/01/2020,13:24:27,52.6,50.35,2400,54.95,2400,0,31200
MINDTREE30Jan20800CE.NFO,07/01/2020,13:24:32,52.6,50.35,800,54.95,2400,0,31200
MINDTREE30Jan20800CE.NFO,07/01/2020,13:24:46,52.6,50.45,800,54.95,800,0,31200
MINDTREE30Jan20800CE.NFO,07/01/2020,13:25:11,52.6,50.55,800,54.95,2400,0,31200
MINDTREE30Jan20800CE.NFO,07/01/2020,13:25:30,52.6,50.55,800,54.95,800,0,31200
MINDTREE30Jan20800CE.NFO,07/01/2020,13:25:41,52.6,50.95,800,54.95,800,0,31200
MINDTREE30Jan20800CE.NFO,07/01/2020,13:25:55,52.6,51.05,800,54.95,800,0,31200
MINDTREE30Jan20800CE.NFO,07/01/2020,13:26:04,52.6,51.15,800,54.95,800,0,31200
MINDTREE30Jan20800CE.NFO,07/01/2020,13:26:17,52.6,51.2,2400,54.95,800,0,31200
MINDTREE30Jan20800CE.NFO,07/01/2020,13:26:23,52.6,51.45,800,54.95,800,0,31200
MINDTREE30Jan20800CE.NFO,07/01/2020,13:26:35,52.6,51.65,800,54.95,800,0,31200
MINDTREE30Jan20800CE.NFO,07/01/2020,13:28:18,52.6,50.2,12000,54.95,800,0,31200
MINDTREE30Jan20800CE.NFO,07/01/2020,13:28:28,52.6,50.75,4000,54.95,800,0,31200
MINDTREE30Jan20800CE.NFO,07/01/2020,13:28:34,52.6,51.2,800,54.95,800,0,31200
MINDTREE30Jan20800CE.NFO,07/01/2020,13:30:24,52.6,51.2,800,54.95,2400,0,31200
MINDTREE30Jan20800CE.NFO,07/01/2020,13:30:37,52.6,51.2,800,54.95,800,0,31200
MINDTREE30Jan20800CE.NFO,07/01/2020,13:30:42,52.6,51.4,800,54.95,800,0,31200
MINDTREE30Jan20800CE.NFO,07/01/2020,13:31:20,52.6,51.5,800,54.95,800,0,31200
MINDTREE30Jan20800CE.NFO,07/01/2020,13:31:49,52.6,51.5,800,54.95,2400,0,31200
MINDTREE30Jan20800CE.NFO,07/01/2020,13:32:10,52.6,51.5,800,54.95,800,0,31200
MINDTREE30Jan20800CE.NFO,07/01/2020,13:33:23,52.6,51.5,800,54.95,2400,0,31200
MINDTREE30Jan20800CE.NFO,07/01/2020,13:34:00,52.6,51.5,800,54.95,800,0,31200
MINDTREE30Jan20800CE.NFO,07/01/2020,13:34:24,52.6,51.5,800,54.95,2400,0,31200
MINDTREE30Jan20800CE.NFO,07/01/2020,13:34:38,52.6,51.5,800,54.95,800,0,31200
MINDTREE30Jan20800CE.NFO,07/01/2020,13:35:23,52.6,51.6,800,54.95,800,0,31200
MINDTREE30Jan20800CE.NFO,07/01/2020,13:35:45,52.6,51.6,800,54.95,2400,0,31200
MINDTREE30Jan20800CE.NFO,07/01/2020,13:35:49,52.6,51.6,800,54.95,800,0,31200
MINDTREE30Jan20800CE.NFO,07/01/2020,13:36:48,52.6,51.7,800,54.95,2400,0,31200
MINDTREE30Jan20800CE.NFO,07/01/2020,13:37:03,52.6,50.6,5600,54.95,800,0,31200
MINDTREE30Jan20800CE.NFO,07/01/2020,13:37:08,52.6,51.3,800,54.95,800,0,31200
MINDTREE30Jan20800CE.NFO,07/01/2020,13:37:16,52.6,51.7,800,54.95,800,0,31200
MINDTREE30Jan20800CE.NFO,07/01/2020,13:37:26,52.6,51.8,800,54.95,800,0,31200
MINDTREE30Jan20800CE.NFO,07/01/2020,13:38:03,52.6,50.45,8000,54.95,800,0,31200
MINDTREE30Jan20800CE.NFO,07/01/2020,13:38:38,52.6,50.45,6400,54.95,800,0,31200
MINDTREE30Jan20800CE.NFO,07/01/2020,13:38:42,52.6,50.45,8000,54.95,800,0,31200
MINDTREE30Jan20800CE.NFO,07/01/2020,13:39:34,52.6,50.5,8800,54.95,800,0,31200
MINDTREE30Jan20800CE.NFO,07/01/2020,13:39:39,52.6,51.45,800,54.95,800,0,31200
MINDTREE30Jan20800CE.NFO,07/01/2020,13:40:13,52.6,51.55,800,54.95,800,0,31200
MINDTREE30Jan20800CE.NFO,07/01/2020,13:40:16,52.6,51.7,800,54.95,800,0,31200
MINDTREE30Jan20800CE.NFO,07/01/2020,13:40:19,52.6,51.85,800,54.95,800,0,31200
MINDTREE30Jan20800CE.NFO,07/01/2020,13:40:54,52.6,51.95,800,54.95,800,0,31200
MINDTREE30Jan20800CE.NFO,07/01/2020,13:40:58,52.6,52.25,800,54.95,800,0,31200
MINDTREE30Jan20800CE.NFO,07/01/2020,13:41:07,52.6,52.35,800,54.95,800,0,31200
MINDTREE30Jan20800CE.NFO,07/01/2020,13:41:23,52.6,51.05,12800,54.95,800,0,31200
MINDTREE30Jan20800CE.NFO,07/01/2020,13:41:26,52.6,51.5,1600,54.95,800,0,31200
MINDTREE30Jan20800CE.NFO,07/01/2020,13:41:29,52.6,51.55,800,54.95,800,0,31200
MINDTREE30Jan20800CE.NFO,07/01/2020,13:41:31,52.6,51.75,800,54.95,800,0,31200
MINDTREE30Jan20800CE.NFO,07/01/2020,13:41:58,52.6,51.85,800,54.95,800,0,31200
MINDTREE30Jan20800CE.NFO,07/01/2020,13:42:08,52.6,51,800,54.95,800,0,31200
MINDTREE30Jan20800CE.NFO,07/01/2020,13:42:13,52.6,51.05,800,54.95,800,0,31200
MINDTREE30Jan20800CE.NFO,07/01/2020,13:42:18,52.6,51.2,1600,54.95,800,0,31200
MINDTREE30Jan20800CE.NFO,07/01/2020,13:42:26,52.6,51.15,800,54.95,800,0,31200
MINDTREE30Jan20800CE.NFO,07/01/2020,13:42:44,52.6,51.2,800,54.95,800,0,31200
MINDTREE30Jan20800CE.NFO,07/01/2020,13:42:48,52.6,51.35,800,54.95,800,0,31200
MINDTREE30Jan20800CE.NFO,07/01/2020,13:42:57,52.6,51.45,800,54.95,800,0,31200
MINDTREE30Jan20800CE.NFO,07/01/2020,13:43:31,52.6,51.65,800,54.95,800,0,31200
MINDTREE30Jan20800CE.NFO,07/01/2020,13:43:36,52.6,51.75,800,54.95,800,0,31200
MINDTREE30Jan20800CE.NFO,07/01/2020,13:44:25,52.6,51.85,800,54.95,800,0,31200
MINDTREE30Jan20800CE.NFO,07/01/2020,13:44:29,52.6,51.95,800,54.95,800,0,31200
MINDTREE30Jan20800CE.NFO,07/01/2020,13:44:54,52.6,52.05,800,54.95,800,0,31200
MINDTREE30Jan20800CE.NFO,07/01/2020,13:45:47,52.6,51.55,800,54.95,800,0,31200
MINDTREE30Jan20800CE.NFO,07/01/2020,13:45:58,52.6,51.65,800,54.95,800,0,31200
MINDTREE30Jan20800CE.NFO,07/01/2020,13:46:52,52.6,51.75,800,54.95,800,0,31200
MINDTREE30Jan20800CE.NFO,07/01/2020,13:46:59,52.6,51.85,800,54.95,800,0,31200
MINDTREE30Jan20800CE.NFO,07/01/2020,13:47:33,52.6,52.05,800,54.95,800,0,31200
MINDTREE30Jan20800CE.NFO,07/01/2020,13:48:58,52.6,51.15,7200,54.95,800,0,31200
MINDTREE30Jan20800CE.NFO,07/01/2020,13:49:05,52.6,51.4,1600,54.95,800,0,31200
MINDTREE30Jan20800CE.NFO,07/01/2020,13:49:11,52.6,51.55,800,54.95,800,0,31200
MINDTREE30Jan20800CE.NFO,07/01/2020,13:49:30,52.6,51.65,800,54.95,800,0,31200
MINDTREE30Jan20800CE.NFO,07/01/2020,13:52:52,52.6,50.95,800,54.95,800,0,31200
MINDTREE30Jan20800CE.NFO,07/01/2020,13:53:03,52.6,51.05,800,54.95,800,0,31200
MINDTREE30Jan20800CE.NFO,07/01/2020,13:53:18,52.6,51.15,800,54.95,800,0,31200
MINDTREE30Jan20800CE.NFO,07/01/2020,13:54:06,52.6,50.75,800,54.7,800,0,31200
MINDTREE30Jan20800CE.NFO,07/01/2020,13:54:11,52.6,50.75,800,54.55,800,0,31200
MINDTREE30Jan20800CE.NFO,07/01/2020,13:54:15,52.6,50.75,800,54.4,800,0,31200
MINDTREE30Jan20800CE.NFO,07/01/2020,13:54:19,52.6,50.75,800,54.25,800,0,31200
MINDTREE30Jan20800CE.NFO,07/01/2020,13:54:59,52.6,50.95,800,54.25,800,0,31200
MINDTREE30Jan20800CE.NFO,07/01/2020,13:55:16,52.6,50.95,800,54,800,0,31200
MINDTREE30Jan20800CE.NFO,07/01/2020,13:55:22,52.6,50.2,6400,53.95,800,0,31200
MINDTREE30Jan20800CE.NFO,07/01/2020,13:55:32,52.6,50.2,800,53.8,800,0,31200
MINDTREE30Jan20800CE.NFO,07/01/2020,13:55:37,52.6,50.2,800,54.95,2400,0,31200
MINDTREE30Jan20800CE.NFO,07/01/2020,13:55:54,52.6,50.2,800,54.8,2400,0,31200
MINDTREE30Jan20800CE.NFO,07/01/2020,13:55:58,52.6,50.2,800,54.75,2400,0,31200
MINDTREE30Jan20800CE.NFO,07/01/2020,13:56:58,52.6,50.35,800,54.75,800,0,31200
MINDTREE30Jan20800CE.NFO,07/01/2020,13:57:09,52.6,50.35,800,54.75,2400,0,31200
MINDTREE30Jan20800CE.NFO,07/01/2020,13:57:15,52.6,50.35,800,54.75,800,0,31200
MINDTREE30Jan20800CE.NFO,07/01/2020,13:57:24,52.6,50.35,800,54.75,2400,0,31200
MINDTREE30Jan20800CE.NFO,07/01/2020,13:57:28,52.6,50.35,800,54.75,800,0,31200
MINDTREE30Jan20800CE.NFO,07/01/2020,13:58:18,52.6,50.35,800,54.75,2400,0,31200
MINDTREE30Jan20800CE.NFO,07/01/2020,13:58:22,52.6,50.35,800,54.75,800,0,31200
MINDTREE30Jan20800CE.NFO,07/01/2020,13:58:26,52.6,50.35,800,54.75,2400,0,31200
MINDTREE30Jan20800CE.NFO,07/01/2020,13:58:33,52.6,50.35,800,54.75,800,0,31200
MINDTREE30Jan20800CE.NFO,07/01/2020,13:58:44,52.6,50.45,800,54.75,800,0,31200
MINDTREE30Jan20800CE.NFO,07/01/2020,13:59:07,52.6,50.8,1600,54.75,800,0,31200
MINDTREE30Jan20800CE.NFO,07/01/2020,13:59:12,52.6,50.85,800,54.75,800,0,31200
MINDTREE30Jan20800CE.NFO,07/01/2020,13:59:16,52.6,50.95,800,54.75,800,0,31200
MINDTREE30Jan20800CE.NFO,07/01/2020,13:59:20,52.6,51.05,800,54.75,800,0,31200
MINDTREE30Jan20800CE.NFO,07/01/2020,13:59:54,52.6,51.05,800,55.85,5600,0,31200
MINDTREE30Jan20800CE.NFO,07/01/2020,14:00:00,52.6,51.25,800,55.85,5600,0,31200
MINDTREE30Jan20800CE.NFO,07/01/2020,14:00:02,52.6,51.25,800,55.85,7200,0,31200
MINDTREE30Jan20800CE.NFO,07/01/2020,14:00:13,52.6,51.25,800,55.85,5600,0,31200
MINDTREE30Jan20800CE.NFO,07/01/2020,14:00:26,52.6,51.25,800,55.85,7200,0,31200
MINDTREE30Jan20800CE.NFO,07/01/2020,14:00:33,52.6,51.25,800,55.75,5600,0,31200
MINDTREE30Jan20800CE.NFO,07/01/2020,14:00:36,52.6,51.25,800,55.75,4000,0,31200
MINDTREE30Jan20800CE.NFO,07/01/2020,14:00:43,52.6,51.45,800,55.75,2400,0,31200
MINDTREE30Jan20800CE.NFO,07/01/2020,14:01:43,52.6,51.45,800,55.75,4000,0,31200
MINDTREE30Jan20800CE.NFO,07/01/2020,14:02:14,52.6,51.45,800,55.75,5600,0,31200
MINDTREE30Jan20800CE.NFO,07/01/2020,14:02:18,52.6,51.45,800,55.75,7200,0,31200
MINDTREE30Jan20800CE.NFO,07/01/2020,14:02:27,52.6,51.45,800,55.1,800,0,31200
MINDTREE30Jan20800CE.NFO,07/01/2020,14:07:28,52.6,51.45,800,55,800,0,31200
MINDTREE30Jan20800CE.NFO,07/01/2020,14:08:46,52.6,51.45,800,54.9,800,0,31200
MINDTREE30Jan20800CE.NFO,07/01/2020,14:12:40,52.6,52.05,800,54.9,800,0,31200
MINDTREE30Jan20800CE.NFO,07/01/2020,14:12:44,52.6,51.45,800,54.9,800,0,31200
MINDTREE30Jan20800CE.NFO,07/01/2020,14:14:12,52.6,51.75,800,54.9,800,0,31200
MINDTREE30Jan20800CE.NFO,07/01/2020,14:14:43,52.6,50.85,4800,54.9,800,0,31200
MINDTREE30Jan20800CE.NFO,07/01/2020,14:14:48,52.6,50.85,6400,54.9,800,0,31200
MINDTREE30Jan20800CE.NFO,07/01/2020,14:15:00,52.6,51.1,800,54.9,800,0,31200
MINDTREE30Jan20800CE.NFO,07/01/2020,14:15:18,52.6,51.2,800,54.9,800,0,31200
MINDTREE30Jan20800CE.NFO,07/01/2020,14:15:24,52.6,51.3,800,54.9,800,0,31200
MINDTREE30Jan20800CE.NFO,07/01/2020,14:16:38,52.6,51.4,800,54.9,800,0,31200
MINDTREE30Jan20800CE.NFO,07/01/2020,14:17:32,52.6,51.5,800,54.9,800,0,31200
MINDTREE30Jan20800CE.NFO,07/01/2020,14:19:17,52.6,51.6,800,54.9,800,0,31200
MINDTREE30Jan20800CE.NFO,07/01/2020,14:20:22,52.6,51.9,800,54.9,800,0,31200
MINDTREE30Jan20800CE.NFO,07/01/2020,14:21:21,52.6,50.7,800,54.7,800,0,31200
MINDTREE30Jan20800CE.NFO,07/01/2020,14:22:48,52.6,50.7,800,54.6,800,0,31200
MINDTREE30Jan20800CE.NFO,07/01/2020,14:24:36,52.6,50.8,800,54.6,800,0,31200
MINDTREE30Jan20800CE.NFO,07/01/2020,14:24:41,52.6,50.9,800,54.6,800,0,31200
MINDTREE30Jan20800CE.NFO,07/01/2020,14:24:53,52.6,51,800,54.6,800,0,31200
MINDTREE30Jan20800CE.NFO,07/01/2020,14:25:55,52.6,51.2,800,54.6,800,0,31200
MINDTREE30Jan20800CE.NFO,07/01/2020,14:27:04,52.6,51.25,800,54.6,800,0,31200
MINDTREE30Jan20800CE.NFO,07/01/2020,14:27:10,52.6,51.5,800,54.6,800,0,31200
MINDTREE30Jan20800CE.NFO,07/01/2020,14:27:23,52.6,51.6,800,54.6,800,0,31200
MINDTREE30Jan20800CE.NFO,07/01/2020,14:30:53,52.6,51.7,800,54.6,800,0,31200
MINDTREE30Jan20800CE.NFO,07/01/2020,14:31:23,52.6,52,800,54.6,800,0,31200
MINDTREE30Jan20800CE.NFO,07/01/2020,14:40:21,52.6,52.05,800,54.6,800,0,31200
MINDTREE30Jan20800CE.NFO,07/01/2020,14:40:25,52.6,52,800,54.6,800,0,31200
MINDTREE30Jan20800CE.NFO,07/01/2020,14:41:39,52.6,52.05,800,54.6,800,0,31200
MINDTREE30Jan20800CE.NFO,07/01/2020,14:43:03,52.6,52.3,800,54.6,800,0,31200
MINDTREE30Jan20800CE.NFO,07/01/2020,14:43:14,52.6,52.5,800,54.9,4000,0,31200
MINDTREE30Jan20800CE.NFO,07/01/2020,14:43:28,52.6,52.5,800,54.7,800,0,31200
MINDTREE30Jan20800CE.NFO,07/01/2020,14:43:39,52.6,52.5,800,54.6,800,0,31200
MINDTREE30Jan20800CE.NFO,07/01/2020,14:43:44,52.5,50.35,800,53.75,800,800,31200
MINDTREE30Jan20800CE.NFO,07/01/2020,14:43:49,52.5,50.35,800,53.25,800,0,31200
MINDTREE30Jan20800CE.NFO,07/01/2020,14:43:54,52.5,50.35,800,53.2,800,0,31200
MINDTREE30Jan20800CE.NFO,07/01/2020,14:44:00,52.5,50.35,800,53.1,800,0,31200
MINDTREE30Jan20800CE.NFO,07/01/2020,14:44:06,52.5,50.45,800,53.1,800,0,31200
MINDTREE30Jan20800CE.NFO,07/01/2020,14:44:11,52.5,50.55,800,53.1,800,0,31200
MINDTREE30Jan20800CE.NFO,07/01/2020,14:44:16,52.5,50.75,800,53.1,800,0,31200
MINDTREE30Jan20800CE.NFO,07/01/2020,14:44:20,52.5,50.95,800,54.3,1600,0,31200
MINDTREE30Jan20800CE.NFO,07/01/2020,14:44:33,52.5,50.95,800,54.3,3200,0,31200
MINDTREE30Jan20800CE.NFO,07/01/2020,14:44:40,52.5,50.95,800,54.3,1600,0,31200
MINDTREE30Jan20800CE.NFO,07/01/2020,14:44:52,52.5,51.05,800,54.3,1600,0,31200
MINDTREE30Jan20800CE.NFO,07/01/2020,14:44:56,52.5,51.35,800,54.3,1600,0,31200
MINDTREE30Jan20800CE.NFO,07/01/2020,14:45:01,52.5,51.6,800,54.3,1600,0,31200
MINDTREE30Jan20800CE.NFO,07/01/2020,14:45:07,52.5,51.3,800,54.3,1600,0,31200
MINDTREE30Jan20800CE.NFO,07/01/2020,14:45:16,52.5,51.4,800,54.3,1600,0,31200
MINDTREE30Jan20800CE.NFO,07/01/2020,14:46:17,52.5,50.75,800,53.65,800,0,31200
MINDTREE30Jan20800CE.NFO,07/01/2020,14:46:23,52.5,50.85,800,53.65,800,0,31200
MINDTREE30Jan20800CE.NFO,07/01/2020,14:46:57,52.5,51.05,800,53.65,800,0,31200
MINDTREE30Jan20800CE.NFO,07/01/2020,14:47:28,52.5,51.15,800,53.65,800,0,31200
MINDTREE30Jan20800CE.NFO,07/01/2020,14:47:33,52.5,51.35,800,53.65,800,0,31200
MINDTREE30Jan20800CE.NFO,07/01/2020,14:47:57,52.5,51.35,800,54.85,1600,0,31200
MINDTREE30Jan20800CE.NFO,07/01/2020,14:48:02,52.5,51.55,800,54.85,1600,0,31200
MINDTREE30Jan20800CE.NFO,07/01/2020,14:48:06,52.5,51.65,800,54.85,1600,0,31200
MINDTREE30Jan20800CE.NFO,07/01/2020,14:48:17,52.5,51.8,800,54.85,1600,0,31200
MINDTREE30Jan20800CE.NFO,07/01/2020,14:48:22,52.5,51.9,800,54.85,1600,0,31200
MINDTREE30Jan20800CE.NFO,07/01/2020,14:48:34,52.5,51.4,800,54.85,1600,0,31200
MINDTREE30Jan20800CE.NFO,07/01/2020,14:48:39,52.5,51.5,800,54.85,1600,0,31200
MINDTREE30Jan20800CE.NFO,07/01/2020,14:48:49,52.5,51.5,800,54.85,3200,0,31200
MINDTREE30Jan20800CE.NFO,07/01/2020,14:48:58,52.5,51.5,800,54.25,800,0,31200
MINDTREE30Jan20800CE.NFO,07/01/2020,14:49:02,52.5,50.8,800,54,800,0,31200
MINDTREE30Jan20800CE.NFO,07/01/2020,14:49:07,52.5,51.1,800,53.8,800,0,31200
MINDTREE30Jan20800CE.NFO,07/01/2020,14:49:25,52.5,51.2,800,53.8,800,0,31200
MINDTREE30Jan20800CE.NFO,07/01/2020,14:49:50,52.5,51.2,800,53.7,800,0,31200
MINDTREE30Jan20800CE.NFO,07/01/2020,14:49:55,52.5,51.3,800,53.7,800,0,31200
MINDTREE30Jan20800CE.NFO,07/01/2020,14:50:04,52.5,51.4,800,53.7,800,0,31200
MINDTREE30Jan20800CE.NFO,07/01/2020,14:50:14,52.5,51.5,800,53.7,800,0,31200
MINDTREE30Jan20800CE.NFO,07/01/2020,14:50:42,52.5,51.55,800,54.75,1600,0,31200
MINDTREE30Jan20800CE.NFO,07/01/2020,14:50:48,52.5,51.75,800,54.75,1600,0,31200
MINDTREE30Jan20800CE.NFO,07/01/2020,14:50:53,52.5,51.15,800,54.75,1600,0,31200
MINDTREE30Jan20800CE.NFO,07/01/2020,14:50:58,52.5,51.55,800,54.75,1600,0,31200
MINDTREE30Jan20800CE.NFO,07/01/2020,14:51:03,52.5,51,800,54.5,800,0,31200
MINDTREE30Jan20800CE.NFO,07/01/2020,14:51:09,52.5,51.6,800,54.1,800,0,31200
MINDTREE30Jan20800CE.NFO,07/01/2020,14:51:23,52.5,51.6,800,54,800,0,31200
MINDTREE30Jan20800CE.NFO,07/01/2020,14:51:37,52.5,51.6,800,53.9,800,0,31200
MINDTREE30Jan20800CE.NFO,07/01/2020,14:51:48,52.5,51.7,800,53.9,800,0,31200
MINDTREE30Jan20800CE.NFO,07/01/2020,14:52:09,52.5,51.85,800,55.05,4000,0,31200
MINDTREE30Jan20800CE.NFO,07/01/2020,14:52:13,52.5,51.85,800,55.05,2400,0,31200
MINDTREE30Jan20800CE.NFO,07/01/2020,14:52:21,52.5,50.95,800,53.75,800,0,31200
MINDTREE30Jan20800CE.NFO,07/01/2020,14:52:24,52.5,50.95,800,53.7,800,0,31200
MINDTREE30Jan20800CE.NFO,07/01/2020,14:52:32,52.5,50.95,800,53.6,800,0,31200
MINDTREE30Jan20800CE.NFO,07/01/2020,14:52:52,52.5,51.05,800,53.6,800,0,31200
MINDTREE30Jan20800CE.NFO,07/01/2020,14:52:56,52.5,51.05,800,54.45,1600,0,31200
MINDTREE30Jan20800CE.NFO,07/01/2020,14:53:02,52.5,51.05,800,53.9,800,0,31200
MINDTREE30Jan20800CE.NFO,07/01/2020,14:53:09,52.5,51.05,800,53.8,800,0,31200
MINDTREE30Jan20800CE.NFO,07/01/2020,14:53:16,52.5,51.05,800,53.6,800,0,31200
MINDTREE30Jan20800CE.NFO,07/01/2020,14:53:39,52.5,51.15,800,53.6,800,0,31200
MINDTREE30Jan20800CE.NFO,07/01/2020,14:53:53,52.5,51.25,800,53.6,800,0,31200
MINDTREE30Jan20800CE.NFO,07/01/2020,14:54:00,52.5,51.1,800,53.6,800,0,31200
MINDTREE30Jan20800CE.NFO,07/01/2020,14:54:12,52.5,51.2,800,53.6,800,0,31200
MINDTREE30Jan20800CE.NFO,07/01/2020,14:54:18,52.5,51.25,800,53.5,800,0,31200
MINDTREE30Jan20800CE.NFO,07/01/2020,14:54:23,52.5,51.3,800,53.5,800,0,31200
MINDTREE30Jan20800CE.NFO,07/01/2020,14:54:30,52.5,51.35,800,53.5,800,0,31200
MINDTREE30Jan20800CE.NFO,07/01/2020,14:54:37,52.5,50.8,800,53.5,800,0,31200
MINDTREE30Jan20800CE.NFO,07/01/2020,14:54:44,52.5,51.3,800,53.4,800,0,31200
MINDTREE30Jan20800CE.NFO,07/01/2020,14:54:49,52.5,51.35,800,53.4,800,0,31200
MINDTREE30Jan20800CE.NFO,07/01/2020,14:55:00,52.5,50.7,800,53.3,800,0,31200
MINDTREE30Jan20800CE.NFO,07/01/2020,14:55:05,52.5,51.1,800,53.3,800,0,31200
MINDTREE30Jan20800CE.NFO,07/01/2020,14:55:25,52.5,51.2,800,53.3,800,0,31200
MINDTREE30Jan20800CE.NFO,07/01/2020,14:55:35,52.5,51.2,800,53.2,800,0,31200
MINDTREE30Jan20800CE.NFO,07/01/2020,14:55:55,52.5,51.25,800,54.25,1600,0,31200
MINDTREE30Jan20800CE.NFO,07/01/2020,14:56:06,52.5,51.05,800,53.85,800,0,31200
MINDTREE30Jan20800CE.NFO,07/01/2020,14:56:13,52.5,51.1,800,53.5,800,0,31200
MINDTREE30Jan20800CE.NFO,07/01/2020,14:56:19,52.5,51.1,800,53.3,800,0,31200
MINDTREE30Jan20800CE.NFO,07/01/2020,14:56:52,52.5,51.2,800,53.3,800,0,31200
MINDTREE30Jan20800CE.NFO,07/01/2020,14:57:02,52.5,51.2,800,53.2,800,0,31200
MINDTREE30Jan20800CE.NFO,07/01/2020,14:57:29,52.5,50.4,800,53.1,800,0,31200
MINDTREE30Jan20800CE.NFO,07/01/2020,14:57:34,52.5,50.9,800,53.1,800,0,31200
MINDTREE30Jan20800CE.NFO,07/01/2020,14:57:52,52.5,51,800,53.1,800,0,31200
MINDTREE30Jan20800CE.NFO,07/01/2020,14:58:36,52.5,51,800,53,800,0,31200
MINDTREE30Jan20800CE.NFO,07/01/2020,14:59:17,52.5,51.1,800,53,800,0,31200
MINDTREE30Jan20800CE.NFO,07/01/2020,14:59:41,52.5,51.1,800,52.9,800,0,31200
MINDTREE30Jan20800CE.NFO,07/01/2020,15:00:16,52.5,50.65,800,53.9,800,0,31200
MINDTREE30Jan20800CE.NFO,07/01/2020,15:00:24,52.5,50.9,800,53.15,800,0,31200
MINDTREE30Jan20800CE.NFO,07/01/2020,15:00:31,52.5,50.9,800,53.05,800,0,31200
MINDTREE30Jan20800CE.NFO,07/01/2020,15:00:43,52.5,51.1,800,54.2,2400,0,31200
MINDTREE30Jan20800CE.NFO,07/01/2020,15:01:01,52.5,51.15,800,54.2,2400,0,31200
MINDTREE30Jan20800CE.NFO,07/01/2020,15:01:07,52.5,51.05,800,54.2,2400,0,31200
MINDTREE30Jan20800CE.NFO,07/01/2020,15:01:12,52.5,51.1,800,54.2,2400,0,31200
MINDTREE30Jan20800CE.NFO,07/01/2020,15:01:17,52.5,51.2,800,54.2,2400,0,31200
MINDTREE30Jan20800CE.NFO,07/01/2020,15:01:27,52.5,51.3,800,54.2,2400,0,31200
MINDTREE30Jan20800CE.NFO,07/01/2020,15:01:32,52.5,50.3,6400,54.2,2400,0,31200
MINDTREE30Jan20800CE.NFO,07/01/2020,15:01:42,52.5,51.25,800,53.15,800,0,31200
MINDTREE30Jan20800CE.NFO,07/01/2020,15:01:48,52.5,51.2,800,53.05,800,0,31200
MINDTREE30Jan20800CE.NFO,07/01/2020,15:01:53,52.5,51.35,800,53.05,800,0,31200
MINDTREE30Jan20800CE.NFO,07/01/2020,15:02:01,52.5,51,800,53.05,800,0,31200
MINDTREE30Jan20800CE.NFO,07/01/2020,15:02:07,52.5,51.1,800,53.05,800,0,31200
MINDTREE30Jan20800CE.NFO,07/01/2020,15:02:12,52.5,51.35,800,53.05,800,0,31200
MINDTREE30Jan20800CE.NFO,07/01/2020,15:02:19,52.5,50.3,6400,53.05,800,0,31200
MINDTREE30Jan20800CE.NFO,07/01/2020,15:02:25,52.5,51,800,53.05,800,0,31200
MINDTREE30Jan20800CE.NFO,07/01/2020,15:02:30,52.5,51.1,800,53.05,800,0,31200
MINDTREE30Jan20800CE.NFO,07/01/2020,15:02:35,52.5,51.1,800,52.95,800,0,31200
MINDTREE30Jan20800CE.NFO,07/01/2020,15:03:11,52.5,51.2,800,52.95,800,0,31200
MINDTREE30Jan20800CE.NFO,07/01/2020,15:03:23,52.5,50.7,800,52.85,800,0,31200
MINDTREE30Jan20800CE.NFO,07/01/2020,15:03:28,52.5,51.1,800,52.85,800,0,31200
MINDTREE30Jan20800CE.NFO,07/01/2020,15:03:38,52.5,51.1,800,52.75,800,0,31200
MINDTREE30Jan20800CE.NFO,07/01/2020,15:04:08,52.5,50.8,800,52.65,800,0,31200
MINDTREE30Jan20800CE.NFO,07/01/2020,15:04:31,52.5,51.1,800,53.75,1600,0,31200
MINDTREE30Jan20800CE.NFO,07/01/2020,15:04:36,52.5,51.15,800,53.75,1600,0,31200
MINDTREE30Jan20800CE.NFO,07/01/2020,15:04:52,52.5,51.25,800,53.75,1600,0,31200
MINDTREE30Jan20800CE.NFO,07/01/2020,15:05:00,52.5,50.7,800,53.75,1600,0,31200
MINDTREE30Jan20800CE.NFO,07/01/2020,15:05:04,52.5,51,800,53.75,1600,0,31200
MINDTREE30Jan20800CE.NFO,07/01/2020,15:05:08,52.5,51.1,800,53.75,1600,0,31200
MINDTREE30Jan20800CE.NFO,07/01/2020,15:05:12,52.5,51.15,800,53.75,1600,0,31200
MINDTREE30Jan20800CE.NFO,07/01/2020,15:05:21,52.5,51.2,800,53.75,1600,0,31200
MINDTREE30Jan20800CE.NFO,07/01/2020,15:05:26,52.5,51.25,800,53.75,1600,0,31200
MINDTREE30Jan20800CE.NFO,07/01/2020,15:05:31,52.5,51.4,800,53.75,1600,0,31200
MINDTREE30Jan20800CE.NFO,07/01/2020,15:05:35,52.5,51.6,800,53.75,1600,0,31200
MINDTREE30Jan20800CE.NFO,07/01/2020,15:05:45,52.5,51.7,800,53.75,1600,0,31200
MINDTREE30Jan20800CE.NFO,07/01/2020,15:06:00,52.5,51.8,800,53.75,1600,0,31200
MINDTREE30Jan20800CE.NFO,07/01/2020,15:06:11,52.5,51.2,800,53.75,1600,0,31200
MINDTREE30Jan20800CE.NFO,07/01/2020,15:06:16,52.5,51.75,800,53.75,1600,0,31200
MINDTREE30Jan20800CE.NFO,07/01/2020,15:06:21,52.5,51.9,800,53.75,800,0,31200
MINDTREE30Jan20800CE.NFO,07/01/2020,15:06:25,52.5,51.95,800,53.75,800,0,31200
MINDTREE30Jan20800CE.NFO,07/01/2020,15:06:30,52.5,51.8,800,54.3,800,0,31200
MINDTREE30Jan20800CE.NFO,07/01/2020,15:06:35,52.5,52.15,800,54.1,800,0,31200
MINDTREE30Jan20800CE.NFO,07/01/2020,15:06:39,52.5,52.25,800,55.1,800,0,31200
MINDTREE30Jan20800CE.NFO,07/01/2020,15:06:44,52.5,52.4,800,54.6,800,0,31200
MINDTREE30Jan20800CE.NFO,07/01/2020,15:06:49,52.5,52.45,800,54.6,800,0,31200
MINDTREE30Jan20800CE.NFO,07/01/2020,15:06:58,52.5,52.75,800,55.35,800,0,31200
MINDTREE30Jan20800CE.NFO,07/01/2020,15:07:04,52.5,53.3,800,55.05,800,0,31200
MINDTREE30Jan20800CE.NFO,07/01/2020,15:07:10,52.5,53.8,800,55.95,800,0,31200
MINDTREE30Jan20800CE.NFO,07/01/2020,15:07:17,52.5,53.95,800,55.95,800,0,31200
MINDTREE30Jan20800CE.NFO,07/01/2020,15:07:23,52.5,54.25,800,55.95,800,0,31200
MINDTREE30Jan20800CE.NFO,07/01/2020,15:07:29,52.5,54.4,800,57.25,4000,0,31200
MINDTREE30Jan20800CE.NFO,07/01/2020,15:07:34,52.5,54.65,800,56.75,800,0,31200
MINDTREE30Jan20800CE.NFO,07/01/2020,15:07:44,52.5,54.75,800,56.55,800,0,31200
MINDTREE30Jan20800CE.NFO,07/01/2020,15:07:49,52.5,54.8,1600,57.15,800,0,31200
MINDTREE30Jan20800CE.NFO,07/01/2020,15:07:55,57.15,54.8,800,57.2,800,800,31200
MINDTREE30Jan20800CE.NFO,07/01/2020,15:07:55,57.15,54.8,800,57.2,800,0,31200
MINDTREE30Jan20800CE.NFO,07/01/2020,15:08:00,57.15,54.8,800,57.2,800,0,31200
MINDTREE30Jan20800CE.NFO,07/01/2020,15:08:16,57.15,53.7,2400,57.2,800,0,31200
MINDTREE30Jan20800CE.NFO,07/01/2020,15:08:21,57.15,54,800,57.2,800,0,31200
MINDTREE30Jan20800CE.NFO,07/01/2020,15:08:27,57.15,54.05,800,57.2,800,0,31200
MINDTREE30Jan20800CE.NFO,07/01/2020,15:08:32,57.15,54.15,800,57.2,800,0,31200
MINDTREE30Jan20800CE.NFO,07/01/2020,15:08:38,57.15,54.15,800,56.9,800,0,31200
MINDTREE30Jan20800CE.NFO,07/01/2020,15:08:43,57.15,53.2,800,56.8,800,0,31200
MINDTREE30Jan20800CE.NFO,07/01/2020,15:08:47,57.15,53.45,800,56.8,800,0,31200
MINDTREE30Jan20800CE.NFO,07/01/2020,15:09:33,57.15,53.45,800,56.7,800,0,31200
MINDTREE30Jan20800CE.NFO,07/01/2020,15:10:09,57.15,53.05,800,57.15,4000,0,31200
MINDTREE30Jan20800CE.NFO,07/01/2020,15:10:14,57.15,53.05,800,56.4,800,0,31200
MINDTREE30Jan20800CE.NFO,07/01/2020,15:11:02,57.15,53.05,800,56.3,800,0,31200
MINDTREE30Jan20800CE.NFO,07/01/2020,15:11:08,57.15,53.15,800,56.3,800,0,31200
MINDTREE30Jan20800CE.NFO,07/01/2020,15:11:27,57.15,53.25,800,56.3,800,0,31200
MINDTREE30Jan20800CE.NFO,07/01/2020,15:11:34,57.15,53.35,800,56.3,800,0,31200
MINDTREE30Jan20800CE.NFO,07/01/2020,15:11:42,57.15,53.45,800,56.3,800,0,31200
MINDTREE30Jan20800CE.NFO,07/01/2020,15:13:09,57.15,52.95,800,56.2,800,0,31200
MINDTREE30Jan20800CE.NFO,07/01/2020,15:13:27,57.15,52.95,800,56.1,800,0,31200
MINDTREE30Jan20800CE.NFO,07/01/2020,15:13:48,57.15,52.95,800,56,800,0,31200
MINDTREE30Jan20800CE.NFO,07/01/2020,15:14:07,57.15,53.05,800,56,800,0,31200
MINDTREE30Jan20800CE.NFO,07/01/2020,15:14:16,57.15,53.15,800,56,800,0,31200
MINDTREE30Jan20800CE.NFO,07/01/2020,15:14:26,57.15,53.25,800,56,800,0,31200
MINDTREE30Jan20800CE.NFO,07/01/2020,15:14:30,57.15,53.35,800,56,800,0,31200
MINDTREE30Jan20800CE.NFO,07/01/2020,15:14:50,57.15,53.45,800,56,800,0,31200
MINDTREE30Jan20800CE.NFO,07/01/2020,15:15:13,57.15,53.55,800,56,800,0,31200
MINDTREE30Jan20800CE.NFO,07/01/2020,15:16:24,57.15,53.75,800,56,800,0,31200
MINDTREE30Jan20800CE.NFO,07/01/2020,15:17:12,57.15,52.7,2400,56,800,0,31200
MINDTREE30Jan20800CE.NFO,07/01/2020,15:17:26,57.15,53,800,56,800,0,31200
MINDTREE30Jan20800CE.NFO,07/01/2020,15:17:33,57.15,53,800,55.9,800,0,31200
MINDTREE30Jan20800CE.NFO,07/01/2020,15:17:52,57.15,53.1,800,55.9,800,0,31200
MINDTREE30Jan20800CE.NFO,07/01/2020,15:18:16,57.15,53.3,800,55.9,800,0,31200
MINDTREE30Jan20800CE.NFO,07/01/2020,15:18:41,57.15,53.45,800,55.9,800,0,31200
MINDTREE30Jan20800CE.NFO,07/01/2020,15:18:47,57.15,53.5,800,55.9,800,0,31200
MINDTREE30Jan20800CE.NFO,07/01/2020,15:18:53,57.15,53.75,1600,57.25,800,0,31200
MINDTREE30Jan20800CE.NFO,07/01/2020,15:19:00,57.15,53.8,800,57.25,800,0,31200
MINDTREE30Jan20800CE.NFO,07/01/2020,15:19:06,57.15,54.15,800,57.25,800,0,31200
MINDTREE30Jan20800CE.NFO,07/01/2020,15:19:12,57.15,54.4,800,57.25,800,0,31200
MINDTREE30Jan20800CE.NFO,07/01/2020,15:19:19,57.15,54.5,800,57.25,800,0,31200
MINDTREE30Jan20800CE.NFO,07/01/2020,15:19:25,57.15,54.7,800,57.25,800,0,31200
MINDTREE30Jan20800CE.NFO,07/01/2020,15:19:31,57.15,54.35,800,57.25,800,0,31200
MINDTREE30Jan20800CE.NFO,07/01/2020,15:19:44,57.15,54.35,800,57.15,800,0,31200
MINDTREE30Jan20800CE.NFO,07/01/2020,15:19:49,57.15,53.25,2400,56.75,800,0,31200
MINDTREE30Jan20800CE.NFO,07/01/2020,15:19:56,57.15,53.35,800,56.65,800,0,31200
MINDTREE30Jan20800CE.NFO,07/01/2020,15:20:03,57.15,53.5,800,56.35,800,0,31200
MINDTREE30Jan20800CE.NFO,07/01/2020,15:20:12,57.15,53.5,800,56.25,800,0,31200
MINDTREE30Jan20800CE.NFO,07/01/2020,15:20:22,57.15,53.5,800,56.15,800,0,31200
MINDTREE30Jan20800CE.NFO,07/01/2020,15:20:51,57.15,53.6,800,56.15,800,0,31200
MINDTREE30Jan20800CE.NFO,07/01/2020,15:21:14,57.15,53.6,800,56.9,800,0,31200
MINDTREE30Jan20800CE.NFO,07/01/2020,15:21:22,57.15,53.6,800,56.85,800,0,31200
MINDTREE30Jan20800CE.NFO,07/01/2020,15:22:05,57.15,53.6,800,56.75,800,0,31200
MINDTREE30Jan20800CE.NFO,07/01/2020,15:22:17,57.15,53.6,800,56.55,800,0,31200
MINDTREE30Jan20800CE.NFO,07/01/2020,15:22:42,57.15,53.7,800,56.55,800,0,31200
MINDTREE30Jan20800CE.NFO,07/01/2020,15:22:48,57.15,54,800,57.65,800,0,31200
MINDTREE30Jan20800CE.NFO,07/01/2020,15:22:54,57.15,54.3,800,57.55,800,0,31200
MINDTREE30Jan20800CE.NFO,07/01/2020,15:23:01,57.15,53.8,800,57.45,800,0,31200
MINDTREE30Jan20800CE.NFO,07/01/2020,15:23:07,57.15,54,800,57.45,800,0,31200
MINDTREE30Jan20800CE.NFO,07/01/2020,15:23:14,57.15,54.1,800,57.8,800,0,31200
MINDTREE30Jan20800CE.NFO,07/01/2020,15:23:21,57.15,54.1,800,57.7,800,0,31200
MINDTREE30Jan20800CE.NFO,07/01/2020,15:23:28,57.15,54.1,800,57.5,800,0,31200
MINDTREE30Jan20800CE.NFO,07/01/2020,15:23:34,57.15,54.45,800,57.5,800,0,31200
MINDTREE30Jan20800CE.NFO,07/01/2020,15:23:40,57.15,54.4,800,57.5,800,0,31200
MINDTREE30Jan20800CE.NFO,07/01/2020,15:24:00,57.15,53.15,7200,57.4,800,0,31200
MINDTREE30Jan20800CE.NFO,07/01/2020,15:24:06,57.15,53.15,7200,57.3,1600,0,31200
MINDTREE30Jan20800CE.NFO,07/01/2020,15:24:12,57.15,53.15,7200,57.2,800,0,31200
MINDTREE30Jan20800CE.NFO,07/01/2020,15:24:19,57.15,53.4,800,57.2,800,0,31200
MINDTREE30Jan20800CE.NFO,07/01/2020,15:24:24,57.15,53.6,800,57.2,800,0,31200
MINDTREE30Jan20800CE.NFO,07/01/2020,15:24:30,57.15,53.7,800,57.2,800,0,31200
MINDTREE30Jan20800CE.NFO,07/01/2020,15:24:47,57.15,53.9,800,57.2,800,0,31200
MINDTREE30Jan20800CE.NFO,07/01/2020,15:24:52,57.15,53.9,800,57,1600,0,31200
MINDTREE30Jan20800CE.NFO,07/01/2020,15:24:58,57.15,53.9,800,56.75,1600,0,31200
MINDTREE30Jan20800CE.NFO,07/01/2020,15:25:03,57.15,53.9,800,56.5,800,0,31200
MINDTREE30Jan20800CE.NFO,07/01/2020,15:25:08,57.15,53.9,800,56.4,800,0,31200
MINDTREE30Jan20800CE.NFO,07/01/2020,15:25:29,57.15,54,800,56.4,800,0,31200
MINDTREE30Jan20800CE.NFO,07/01/2020,15:25:40,57.15,54,800,57.25,800,0,31200
MINDTREE30Jan20800CE.NFO,07/01/2020,15:25:45,57.15,54,800,57.2,800,0,31200
MINDTREE30Jan20800CE.NFO,07/01/2020,15:25:50,57.15,54,800,57.1,800,0,31200
MINDTREE30Jan20800CE.NFO,07/01/2020,15:26:05,57.15,53.5,800,56.9,800,0,31200
MINDTREE30Jan20800CE.NFO,07/01/2020,15:26:16,57.15,53.5,800,56.55,800,0,31200
MINDTREE30Jan20800CE.NFO,07/01/2020,15:26:22,57.15,53.5,800,56.5,800,0,31200
MINDTREE30Jan20800CE.NFO,07/01/2020,15:26:43,57.15,53.5,800,56.4,800,0,31200
MINDTREE30Jan20800CE.NFO,07/01/2020,15:26:59,57.15,53.5,800,56.2,800,0,31200
MINDTREE30Jan20800CE.NFO,07/01/2020,15:27:26,57.15,53.6,800,56.2,800,0,31200
MINDTREE30Jan20800CE.NFO,07/01/2020,15:27:46,57.15,53.6,800,56.1,800,0,31200
MINDTREE30Jan20800CE.NFO,07/01/2020,15:28:06,57.15,52.6,2400,56.1,800,0,31200
MINDTREE30Jan20800CE.NFO,07/01/2020,15:28:12,57.15,52.7,800,56.1,800,0,31200
MINDTREE30Jan20800CE.NFO,07/01/2020,15:28:17,57.15,52.8,800,56.1,800,0,31200
MINDTREE30Jan20800CE.NFO,07/01/2020,15:28:23,57.15,53.05,800,56.1,800,0,31200
MINDTREE30Jan20800CE.NFO,07/01/2020,15:28:28,57.15,53.1,800,56.1,800,0,31200
MINDTREE30Jan20800CE.NFO,07/01/2020,15:28:46,57.15,53.35,1600,57.7,7200,0,31200
MINDTREE30Jan20800CE.NFO,07/01/2020,15:28:52,57.15,53.6,800,57.7,5600,0,31200
MINDTREE30Jan20800CE.NFO,07/01/2020,15:28:57,57.15,53.6,800,57.7,4800,0,31200
MINDTREE30Jan20800CE.NFO,07/01/2020,15:29:03,57.15,53.6,800,57.65,4800,0,31200
MINDTREE30Jan20800CE.NFO,07/01/2020,15:29:10,57.15,53.7,800,57.55,3200,0,31200
MINDTREE30Jan20800CE.NFO,07/01/2020,15:29:17,57.15,53.7,800,57.55,6400,0,31200
MINDTREE30Jan20800CE.NFO,07/01/2020,15:29:24,57.15,53.7,800,57.5,7200,0,31200
MINDTREE30Jan20800CE.NFO,07/01/2020,15:29:31,57.15,53.7,800,57.5,4800,0,31200
MINDTREE30Jan20800CE.NFO,07/01/2020,15:29:51,57.15,52.6,4000,57.5,6400,0,31200
MINDTREE30Jan20800CE.NFO,07/01/2020,15:29:59,57.15,52.6,4000,57.45,4000,0,31200
