Ticker,Date,Time,LTP,BuyPrice,BuyQty,SellPrice,SellQty,LTQ,OpenInterest
MINDTREE30Jan20830CE.NFO,07/01/2020,09:18:00,26.65,26.65,1600,31.45,2400,800,8000
MINDTREE30Jan20830CE.NFO,07/01/2020,09:18:00,26.65,26.65,1600,31.45,2400,0,8000
MINDTREE30Jan20830CE.NFO,07/01/2020,09:18:00,26.65,26.65,1600,31.45,2400,0,8000
MINDTREE30Jan20830CE.NFO,07/01/2020,09:18:00,26.65,26.65,1600,31.45,2400,0,8000
MINDTREE30Jan20830CE.NFO,07/01/2020,09:18:09,26.65,26.65,3200,31,800,0,8000
MINDTREE30Jan20830CE.NFO,07/01/2020,09:18:17,26.65,26.65,1600,30.9,800,0,8000
MINDTREE30Jan20830CE.NFO,07/01/2020,09:18:25,26.65,26.65,1600,30.85,2400,0,8000
MINDTREE30Jan20830CE.NFO,07/01/2020,09:18:32,26.65,26.65,800,30.6,2400,0,8000
MINDTREE30Jan20830CE.NFO,07/01/2020,09:18:39,26.65,26.65,800,30.2,800,0,8000
MINDTREE30Jan20830CE.NFO,07/01/2020,09:18:47,26.65,26.65,800,30.55,800,0,8000
MINDTREE30Jan20830CE.NFO,07/01/2020,09:18:54,26.65,26.65,800,29.55,800,0,8000
MINDTREE30Jan20830CE.NFO,07/01/2020,09:19:02,26.65,26.65,800,30.25,2400,0,8000
MINDTREE30Jan20830CE.NFO,07/01/2020,09:19:08,26.65,26.65,800,29.7,800,0,8000
MINDTREE30Jan20830CE.NFO,07/01/2020,09:19:15,26.65,26.65,800,29.65,800,0,8000
MINDTREE30Jan20830CE.NFO,07/01/2020,09:19:22,26.65,26.65,800,29.35,800,0,8000
MINDTREE30Jan20830CE.NFO,07/01/2020,09:19:29,26.65,26.65,800,29.75,2400,0,8000
MINDTREE30Jan20830CE.NFO,07/01/2020,09:19:36,26.65,26.65,800,29.2,800,0,8000
MINDTREE30Jan20830CE.NFO,07/01/2020,09:19:43,26.65,26.65,800,29.1,800,0,8000
MINDTREE30Jan20830CE.NFO,07/01/2020,09:19:50,26.65,26.65,800,29.3,800,0,8000
MINDTREE30Jan20830CE.NFO,07/01/2020,09:19:57,26.65,26.65,800,29.9,800,0,8000
MINDTREE30Jan20830CE.NFO,07/01/2020,09:20:03,26.65,26.65,800,29.4,2400,0,8000
MINDTREE30Jan20830CE.NFO,07/01/2020,09:20:09,26.65,26.65,800,29.15,800,0,8000
MINDTREE30Jan20830CE.NFO,07/01/2020,09:20:16,26.65,26.65,800,29.05,800,0,8000
MINDTREE30Jan20830CE.NFO,07/01/2020,09:20:22,26.65,26.65,800,28.9,800,0,8000
MINDTREE30Jan20830CE.NFO,07/01/2020,09:20:28,26.65,26.65,800,28.8,800,0,8000
MINDTREE30Jan20830CE.NFO,07/01/2020,09:20:35,26.65,26.65,800,29.2,1600,0,8000
MINDTREE30Jan20830CE.NFO,07/01/2020,09:20:47,26.65,26.65,800,29.2,2400,0,8000
MINDTREE30Jan20830CE.NFO,07/01/2020,09:20:54,26.65,26.65,800,29,1600,0,8000
MINDTREE30Jan20830CE.NFO,07/01/2020,09:21:07,26.65,26.7,800,28.9,3200,0,8000
MINDTREE30Jan20830CE.NFO,07/01/2020,09:21:15,26.65,26.7,800,28.9,1600,0,8000
MINDTREE30Jan20830CE.NFO,07/01/2020,09:21:42,26.65,26.7,800,28.9,3200,0,8000
MINDTREE30Jan20830CE.NFO,07/01/2020,09:21:49,26.65,26.7,800,28.8,3200,0,8000
MINDTREE30Jan20830CE.NFO,07/01/2020,09:21:56,26.65,26.7,800,28.7,1600,0,8000
MINDTREE30Jan20830CE.NFO,07/01/2020,09:22:09,26.65,26.7,800,28.65,1600,0,8000
MINDTREE30Jan20830CE.NFO,07/01/2020,09:22:16,26.65,26.7,800,28.6,3200,0,8000
MINDTREE30Jan20830CE.NFO,07/01/2020,09:22:23,26.65,26.7,800,28.5,4800,0,8000
MINDTREE30Jan20830CE.NFO,07/01/2020,09:22:29,26.65,26.7,800,28.4,3200,0,8000
MINDTREE30Jan20830CE.NFO,07/01/2020,09:22:37,26.7,26.65,800,28.4,3200,800,8000
MINDTREE30Jan20830CE.NFO,07/01/2020,09:22:37,26.7,26.65,800,28.4,3200,0,8000
MINDTREE30Jan20830CE.NFO,07/01/2020,09:22:43,26.7,26.65,800,28.35,3200,0,8000
MINDTREE30Jan20830CE.NFO,07/01/2020,09:22:49,26.7,26.65,800,28.35,4800,0,8000
MINDTREE30Jan20830CE.NFO,07/01/2020,09:23:02,26.7,26.65,800,28.35,3200,0,8000
MINDTREE30Jan20830CE.NFO,07/01/2020,09:23:07,26.7,26.65,800,28.35,4800,0,8000
MINDTREE30Jan20830CE.NFO,07/01/2020,09:23:13,26.7,26.65,800,28.35,6400,0,8000
MINDTREE30Jan20830CE.NFO,07/01/2020,09:23:31,26.7,26.65,800,28.35,3200,0,8000
MINDTREE30Jan20830CE.NFO,07/01/2020,09:23:37,26.7,26.65,800,28.35,1600,0,8000
MINDTREE30Jan20830CE.NFO,07/01/2020,09:23:44,26.7,26.65,800,28.35,3200,0,8000
MINDTREE30Jan20830CE.NFO,07/01/2020,09:23:56,26.7,26.65,800,28.35,1600,0,8000
MINDTREE30Jan20830CE.NFO,07/01/2020,09:24:25,26.7,26.65,800,28.35,3200,0,8000
MINDTREE30Jan20830CE.NFO,07/01/2020,09:24:36,26.7,26.65,800,28.35,1600,0,8000
MINDTREE30Jan20830CE.NFO,07/01/2020,09:24:58,26.7,26.65,800,28.55,1600,0,8000
MINDTREE30Jan20830CE.NFO,07/01/2020,09:25:04,26.7,26.65,800,28.85,1600,0,8000
MINDTREE30Jan20830CE.NFO,07/01/2020,09:25:10,26.7,26.65,800,29.15,800,0,8000
MINDTREE30Jan20830CE.NFO,07/01/2020,09:25:17,26.7,26.65,800,29.05,800,0,8000
MINDTREE30Jan20830CE.NFO,07/01/2020,09:25:23,26.7,26.65,800,29.25,1600,0,8000
MINDTREE30Jan20830CE.NFO,07/01/2020,09:25:29,26.7,26.65,800,29.05,800,0,8000
MINDTREE30Jan20830CE.NFO,07/01/2020,09:25:36,26.7,26.65,800,29.1,800,0,8000
MINDTREE30Jan20830CE.NFO,07/01/2020,09:25:42,26.7,26.65,800,29,800,0,8000
MINDTREE30Jan20830CE.NFO,07/01/2020,09:25:49,26.7,26.65,800,29.05,800,0,8000
MINDTREE30Jan20830CE.NFO,07/01/2020,09:26:02,26.7,26.7,800,28.95,1600,0,8000
MINDTREE30Jan20830CE.NFO,07/01/2020,09:26:10,26.7,26.7,800,28.85,2400,0,8000
MINDTREE30Jan20830CE.NFO,07/01/2020,09:26:16,26.7,26.7,800,28.75,2400,0,8000
MINDTREE30Jan20830CE.NFO,07/01/2020,09:26:56,26.7,26.65,800,28.65,1600,0,8000
MINDTREE30Jan20830CE.NFO,07/01/2020,09:27:02,26.7,26.65,800,28.75,2400,0,8000
MINDTREE30Jan20830CE.NFO,07/01/2020,09:27:13,26.7,26.65,800,28.5,2400,0,8000
MINDTREE30Jan20830CE.NFO,07/01/2020,09:27:18,26.7,26.65,800,28.6,1600,0,8000
MINDTREE30Jan20830CE.NFO,07/01/2020,09:27:24,26.7,26.65,800,28.7,1600,0,8000
MINDTREE30Jan20830CE.NFO,07/01/2020,09:27:36,26.7,26.65,800,28.7,2400,0,8000
MINDTREE30Jan20830CE.NFO,07/01/2020,09:27:42,26.7,26.65,800,28.6,1600,0,8000
MINDTREE30Jan20830CE.NFO,07/01/2020,09:27:55,26.7,26.65,800,28.45,800,0,8000
MINDTREE30Jan20830CE.NFO,07/01/2020,09:28:09,26.65,24.3,4000,28.45,800,800,8800
MINDTREE30Jan20830CE.NFO,07/01/2020,09:28:15,26.65,24.3,4000,28.6,800,0,8800
MINDTREE30Jan20830CE.NFO,07/01/2020,09:28:20,26.65,24.3,4000,28.55,1600,0,8800
MINDTREE30Jan20830CE.NFO,07/01/2020,09:28:32,26.65,24.3,4000,28.5,1600,0,8800
MINDTREE30Jan20830CE.NFO,07/01/2020,09:28:37,26.65,24.3,4000,28.45,800,0,8800
MINDTREE30Jan20830CE.NFO,07/01/2020,09:28:42,26.65,24.3,4000,28.65,1600,0,8800
MINDTREE30Jan20830CE.NFO,07/01/2020,09:28:47,26.65,24.3,4000,28.65,800,0,8800
MINDTREE30Jan20830CE.NFO,07/01/2020,09:28:53,26.65,24.3,4000,28.65,1600,0,8800
MINDTREE30Jan20830CE.NFO,07/01/2020,09:28:59,26.65,24.3,4000,28.6,800,0,8800
MINDTREE30Jan20830CE.NFO,07/01/2020,09:29:04,26.65,24.3,5600,29.15,800,0,8800
MINDTREE30Jan20830CE.NFO,07/01/2020,09:29:32,26.65,24.3,5600,29.35,1600,0,8800
MINDTREE30Jan20830CE.NFO,07/01/2020,09:29:38,26.65,24.3,5600,30,800,0,8800
MINDTREE30Jan20830CE.NFO,07/01/2020,09:29:43,26.65,26.5,800,29.7,2400,0,8800
MINDTREE30Jan20830CE.NFO,07/01/2020,09:29:52,26.65,26,800,29.7,2400,0,8800
MINDTREE30Jan20830CE.NFO,07/01/2020,09:29:56,26.65,26,800,29.4,800,0,8800
MINDTREE30Jan20830CE.NFO,07/01/2020,09:30:00,26.65,25.9,800,29.4,800,0,8800
MINDTREE30Jan20830CE.NFO,07/01/2020,09:30:05,26.65,25.9,800,29.4,2400,0,8800
MINDTREE30Jan20830CE.NFO,07/01/2020,09:30:11,26.65,25.9,800,29.35,1600,0,8800
MINDTREE30Jan20830CE.NFO,07/01/2020,09:30:21,26.65,25.65,800,29.25,800,0,8800
MINDTREE30Jan20830CE.NFO,07/01/2020,09:30:26,26.65,25.6,800,29.25,2400,0,8800
MINDTREE30Jan20830CE.NFO,07/01/2020,09:30:31,26.65,25.7,800,29.25,1600,0,8800
MINDTREE30Jan20830CE.NFO,07/01/2020,09:30:36,26.65,25.6,800,29.2,800,0,8800
MINDTREE30Jan20830CE.NFO,07/01/2020,09:30:41,26.65,25.55,800,29.25,1600,0,8800
MINDTREE30Jan20830CE.NFO,07/01/2020,09:30:45,26.65,25.6,800,29.25,1600,0,8800
MINDTREE30Jan20830CE.NFO,07/01/2020,09:30:51,26.65,25.6,800,29.1,2400,0,8800
MINDTREE30Jan20830CE.NFO,07/01/2020,09:30:56,26.65,25.55,800,29.05,800,0,8800
MINDTREE30Jan20830CE.NFO,07/01/2020,09:31:00,26.65,25.6,800,29.05,800,0,8800
MINDTREE30Jan20830CE.NFO,07/01/2020,09:31:06,26.65,25.85,800,29.4,2400,0,8800
MINDTREE30Jan20830CE.NFO,07/01/2020,09:31:12,26.65,25.9,800,29.4,2400,0,8800
MINDTREE30Jan20830CE.NFO,07/01/2020,09:31:19,26.65,26.35,800,29.65,800,0,8800
MINDTREE30Jan20830CE.NFO,07/01/2020,09:31:25,26.65,26.4,800,29.95,1600,0,8800
MINDTREE30Jan20830CE.NFO,07/01/2020,09:31:30,26.65,26.35,800,29.95,800,0,8800
MINDTREE30Jan20830CE.NFO,07/01/2020,09:31:35,26.65,26.4,800,29.95,800,0,8800
MINDTREE30Jan20830CE.NFO,07/01/2020,09:31:41,26.65,25.95,800,30.2,800,0,8800
MINDTREE30Jan20830CE.NFO,07/01/2020,09:31:47,26.65,26.35,800,29.85,1600,0,8800
MINDTREE30Jan20830CE.NFO,07/01/2020,09:31:52,26.65,26.3,800,29.8,1600,0,8800
MINDTREE30Jan20830CE.NFO,07/01/2020,09:31:57,26.65,26.35,800,29.8,1600,0,8800
MINDTREE30Jan20830CE.NFO,07/01/2020,09:32:14,26.65,26.3,800,29.8,1600,0,8800
MINDTREE30Jan20830CE.NFO,07/01/2020,09:32:20,26.65,26.4,800,30.2,800,0,8800
MINDTREE30Jan20830CE.NFO,07/01/2020,09:32:27,26.65,25.65,4000,30.2,800,0,8800
MINDTREE30Jan20830CE.NFO,07/01/2020,09:32:32,26.65,26.1,800,30.2,800,0,8800
MINDTREE30Jan20830CE.NFO,07/01/2020,09:32:38,26.65,26.55,800,30.2,2400,0,8800
MINDTREE30Jan20830CE.NFO,07/01/2020,09:32:43,26.65,26.4,800,30.15,800,0,8800
MINDTREE30Jan20830CE.NFO,07/01/2020,09:32:49,26.65,26.35,800,30,800,0,8800
MINDTREE30Jan20830CE.NFO,07/01/2020,09:32:55,26.65,26.35,800,30.05,1600,0,8800
MINDTREE30Jan20830CE.NFO,07/01/2020,09:33:01,26.65,26.4,800,30,2400,0,8800
MINDTREE30Jan20830CE.NFO,07/01/2020,09:33:18,26.65,25.85,800,30,2400,0,8800
MINDTREE30Jan20830CE.NFO,07/01/2020,09:33:23,26.65,26.3,800,30,2400,0,8800
MINDTREE30Jan20830CE.NFO,07/01/2020,09:33:33,26.65,26.3,800,29.85,800,0,8800
MINDTREE30Jan20830CE.NFO,07/01/2020,09:33:38,26.65,26.3,800,29.8,800,0,8800
MINDTREE30Jan20830CE.NFO,07/01/2020,09:33:44,26.65,26.35,800,29.85,800,0,8800
MINDTREE30Jan20830CE.NFO,07/01/2020,09:33:48,26.65,26.35,800,29.9,1600,0,8800
MINDTREE30Jan20830CE.NFO,07/01/2020,09:33:53,26.65,26.3,800,29.9,2400,0,8800
MINDTREE30Jan20830CE.NFO,07/01/2020,09:33:57,26.65,26.35,800,29.85,800,0,8800
MINDTREE30Jan20830CE.NFO,07/01/2020,09:34:02,26.65,26.4,800,29.85,800,0,8800
MINDTREE30Jan20830CE.NFO,07/01/2020,09:34:28,26.65,26.4,800,29.9,800,0,8800
MINDTREE30Jan20830CE.NFO,07/01/2020,09:34:41,26.65,26.35,800,29.85,800,0,8800
MINDTREE30Jan20830CE.NFO,07/01/2020,09:34:46,26.65,26.35,800,29.8,800,0,8800
MINDTREE30Jan20830CE.NFO,07/01/2020,09:34:51,26.65,26.45,800,29.95,800,0,8800
MINDTREE30Jan20830CE.NFO,07/01/2020,09:34:57,26.65,26.45,800,29.9,800,0,8800
MINDTREE30Jan20830CE.NFO,07/01/2020,09:35:02,26.65,26.45,800,30,1600,0,8800
MINDTREE30Jan20830CE.NFO,07/01/2020,09:35:08,26.65,26.25,800,30.3,800,0,8800
MINDTREE30Jan20830CE.NFO,07/01/2020,09:35:13,26.65,27.15,800,30.3,800,0,8800
MINDTREE30Jan20830CE.NFO,07/01/2020,09:35:17,26.65,26.65,4000,30.65,800,0,8800
MINDTREE30Jan20830CE.NFO,07/01/2020,09:35:22,26.65,27.05,800,30.65,800,0,8800
MINDTREE30Jan20830CE.NFO,07/01/2020,09:35:27,26.65,27.15,800,30.65,800,0,8800
MINDTREE30Jan20830CE.NFO,07/01/2020,09:35:32,26.65,27.4,800,30.65,800,0,8800
MINDTREE30Jan20830CE.NFO,07/01/2020,09:35:50,26.65,26.65,800,30.15,800,0,8800
MINDTREE30Jan20830CE.NFO,07/01/2020,09:35:56,26.65,26.85,800,30.15,800,0,8800
MINDTREE30Jan20830CE.NFO,07/01/2020,09:36:01,26.65,26.9,800,30.15,800,0,8800
MINDTREE30Jan20830CE.NFO,07/01/2020,09:36:07,26.65,26.75,800,30.15,800,0,8800
MINDTREE30Jan20830CE.NFO,07/01/2020,09:36:12,26.65,26.95,800,30.15,800,0,8800
MINDTREE30Jan20830CE.NFO,07/01/2020,09:36:18,26.65,26.8,800,30.15,800,0,8800
MINDTREE30Jan20830CE.NFO,07/01/2020,09:36:24,26.65,26.85,800,30.15,800,0,8800
MINDTREE30Jan20830CE.NFO,07/01/2020,09:36:38,26.65,26.9,800,30.15,800,0,8800
MINDTREE30Jan20830CE.NFO,07/01/2020,09:36:48,26.65,26.85,800,30.15,800,0,8800
MINDTREE30Jan20830CE.NFO,07/01/2020,09:36:52,26.65,26.9,800,30.15,800,0,8800
MINDTREE30Jan20830CE.NFO,07/01/2020,09:36:57,26.65,27,800,30.15,800,0,8800
MINDTREE30Jan20830CE.NFO,07/01/2020,09:37:02,26.65,26.9,800,30.15,800,0,8800
MINDTREE30Jan20830CE.NFO,07/01/2020,09:37:06,26.65,26.95,800,30.15,800,0,8800
MINDTREE30Jan20830CE.NFO,07/01/2020,09:37:11,26.65,26.8,800,30.15,800,0,8800
MINDTREE30Jan20830CE.NFO,07/01/2020,09:37:34,26.65,26.7,800,30.15,800,0,8800
MINDTREE30Jan20830CE.NFO,07/01/2020,09:37:42,26.65,26.15,800,29.65,800,0,8800
MINDTREE30Jan20830CE.NFO,07/01/2020,09:37:46,26.65,26.2,800,29.65,800,0,8800
MINDTREE30Jan20830CE.NFO,07/01/2020,09:37:50,26.65,26.25,800,29.65,800,0,8800
MINDTREE30Jan20830CE.NFO,07/01/2020,09:37:54,26.65,26.05,800,29.55,2400,0,8800
MINDTREE30Jan20830CE.NFO,07/01/2020,09:37:59,26.65,26.05,800,29.35,800,0,8800
MINDTREE30Jan20830CE.NFO,07/01/2020,09:38:08,26.65,26.05,800,29.55,800,0,8800
MINDTREE30Jan20830CE.NFO,07/01/2020,09:38:20,26.65,26.05,800,29.7,800,0,8800
MINDTREE30Jan20830CE.NFO,07/01/2020,09:38:24,26.65,26.05,800,29.65,800,0,8800
MINDTREE30Jan20830CE.NFO,07/01/2020,09:38:42,26.65,26.05,800,29.7,800,0,8800
MINDTREE30Jan20830CE.NFO,07/01/2020,09:38:46,26.65,26.05,800,29.65,800,0,8800
MINDTREE30Jan20830CE.NFO,07/01/2020,09:38:51,26.65,26.05,800,29.7,800,0,8800
MINDTREE30Jan20830CE.NFO,07/01/2020,09:39:08,26.65,26.05,800,29.75,1600,0,8800
MINDTREE30Jan20830CE.NFO,07/01/2020,09:39:17,26.65,26.3,800,29.8,2400,0,8800
MINDTREE30Jan20830CE.NFO,07/01/2020,09:39:22,26.65,26.4,800,29.75,800,0,8800
MINDTREE30Jan20830CE.NFO,07/01/2020,09:39:31,26.65,26.2,800,29.8,1600,0,8800
MINDTREE30Jan20830CE.NFO,07/01/2020,09:39:35,26.65,26.3,800,29.8,1600,0,8800
MINDTREE30Jan20830CE.NFO,07/01/2020,09:39:39,26.65,26.2,800,29.75,2400,0,8800
MINDTREE30Jan20830CE.NFO,07/01/2020,09:39:43,26.65,26.2,800,29.75,1600,0,8800
MINDTREE30Jan20830CE.NFO,07/01/2020,09:39:48,26.65,26.35,800,30.05,800,0,8800
MINDTREE30Jan20830CE.NFO,07/01/2020,09:39:51,26.65,26.45,800,29.75,800,0,8800
MINDTREE30Jan20830CE.NFO,07/01/2020,09:39:55,26.65,26.35,2400,29.75,800,0,8800
MINDTREE30Jan20830CE.NFO,07/01/2020,09:39:59,26.65,26.4,800,29.75,800,0,8800
MINDTREE30Jan20830CE.NFO,07/01/2020,09:40:10,26.65,26.35,800,29.75,800,0,8800
MINDTREE30Jan20830CE.NFO,07/01/2020,09:40:15,26.65,26.35,800,29.7,800,0,8800
MINDTREE30Jan20830CE.NFO,07/01/2020,09:40:20,26.65,26.2,800,29.7,800,0,8800
MINDTREE30Jan20830CE.NFO,07/01/2020,09:40:30,26.65,26.2,800,29.6,800,0,8800
MINDTREE30Jan20830CE.NFO,07/01/2020,09:40:45,26.65,26.35,800,29.65,1600,0,8800
MINDTREE30Jan20830CE.NFO,07/01/2020,09:40:49,26.65,26.35,800,29.6,800,0,8800
MINDTREE30Jan20830CE.NFO,07/01/2020,09:40:54,26.65,26.5,800,29.95,800,0,8800
MINDTREE30Jan20830CE.NFO,07/01/2020,09:40:58,26.65,26.45,800,29.95,800,0,8800
MINDTREE30Jan20830CE.NFO,07/01/2020,09:41:04,26.65,26.45,2400,29.95,800,0,8800
MINDTREE30Jan20830CE.NFO,07/01/2020,09:41:09,26.65,26.75,800,29.95,800,0,8800
MINDTREE30Jan20830CE.NFO,07/01/2020,09:41:14,26.65,26.5,800,29.95,800,0,8800
MINDTREE30Jan20830CE.NFO,07/01/2020,09:41:19,26.65,26.4,800,30.3,800,0,8800
MINDTREE30Jan20830CE.NFO,07/01/2020,09:41:23,26.65,26.05,800,30.3,800,0,8800
MINDTREE30Jan20830CE.NFO,07/01/2020,09:41:28,26.65,26.6,800,30.3,800,0,8800
MINDTREE30Jan20830CE.NFO,07/01/2020,09:41:33,26.65,26.5,800,30.3,800,0,8800
MINDTREE30Jan20830CE.NFO,07/01/2020,09:41:38,26.65,26.85,800,30.3,800,0,8800
MINDTREE30Jan20830CE.NFO,07/01/2020,09:41:43,26.65,26.95,800,30.3,800,0,8800
MINDTREE30Jan20830CE.NFO,07/01/2020,09:41:47,26.65,27.15,800,30.3,800,0,8800
MINDTREE30Jan20830CE.NFO,07/01/2020,09:41:53,26.65,27.05,800,30.3,800,0,8800
MINDTREE30Jan20830CE.NFO,07/01/2020,09:41:59,26.65,26.35,800,29.9,800,0,8800
MINDTREE30Jan20830CE.NFO,07/01/2020,09:42:06,26.65,26.45,800,29.6,800,0,8800
MINDTREE30Jan20830CE.NFO,07/01/2020,09:42:15,26.65,26.45,800,29.65,800,0,8800
MINDTREE30Jan20830CE.NFO,07/01/2020,09:42:16,26.65,26.35,800,29.65,800,0,8800
MINDTREE30Jan20830CE.NFO,07/01/2020,09:42:19,26.65,26.45,800,29.7,1600,0,8800
MINDTREE30Jan20830CE.NFO,07/01/2020,09:42:20,26.65,26.7,800,30.4,800,0,8800
MINDTREE30Jan20830CE.NFO,07/01/2020,09:42:21,26.65,26.25,800,30.35,800,0,8800
MINDTREE30Jan20830CE.NFO,07/01/2020,09:42:22,26.65,26.05,800,30.4,800,0,8800
MINDTREE30Jan20830CE.NFO,07/01/2020,09:42:23,26.65,26.25,800,30.4,800,0,8800
MINDTREE30Jan20830CE.NFO,07/01/2020,09:42:24,26.65,26.3,1600,30.4,800,0,8800
MINDTREE30Jan20830CE.NFO,07/01/2020,09:42:25,26.65,26.3,1600,30.35,800,0,8800
MINDTREE30Jan20830CE.NFO,07/01/2020,09:42:28,26.65,27,800,30.35,800,0,8800
MINDTREE30Jan20830CE.NFO,07/01/2020,09:42:31,26.65,27,800,30.4,800,0,8800
MINDTREE30Jan20830CE.NFO,07/01/2020,09:42:49,26.65,27,800,30.35,800,0,8800
MINDTREE30Jan20830CE.NFO,07/01/2020,09:42:58,26.65,27,800,30.3,800,0,8800
MINDTREE30Jan20830CE.NFO,07/01/2020,09:42:58,26.65,27,800,30.35,800,0,8800
MINDTREE30Jan20830CE.NFO,07/01/2020,09:43:11,26.65,27,800,30.4,800,0,8800
MINDTREE30Jan20830CE.NFO,07/01/2020,09:43:20,26.65,27,800,29.95,800,0,8800
MINDTREE30Jan20830CE.NFO,07/01/2020,09:43:45,26.65,27.05,800,29.95,800,0,8800
MINDTREE30Jan20830CE.NFO,07/01/2020,09:43:49,26.65,27,800,29.95,800,0,8800
MINDTREE30Jan20830CE.NFO,07/01/2020,09:43:58,26.65,27,1600,29.95,800,0,8800
MINDTREE30Jan20830CE.NFO,07/01/2020,09:44:03,26.65,27.05,800,29.95,800,0,8800
MINDTREE30Jan20830CE.NFO,07/01/2020,09:44:25,26.65,27,800,29.95,800,0,8800
MINDTREE30Jan20830CE.NFO,07/01/2020,09:44:31,26.65,27.05,800,29.95,800,0,8800
MINDTREE30Jan20830CE.NFO,07/01/2020,09:45:32,26.65,27.1,800,29.95,800,0,8800
MINDTREE30Jan20830CE.NFO,07/01/2020,09:45:44,26.65,27.05,800,29.75,800,0,8800
MINDTREE30Jan20830CE.NFO,07/01/2020,09:45:49,26.65,27.05,800,29.65,800,0,8800
MINDTREE30Jan20830CE.NFO,07/01/2020,09:46:26,26.65,27.05,800,29.95,800,0,8800
MINDTREE30Jan20830CE.NFO,07/01/2020,09:46:41,26.65,27.05,800,29.85,800,0,8800
MINDTREE30Jan20830CE.NFO,07/01/2020,09:47:21,26.65,27.05,800,29.15,800,0,8800
MINDTREE30Jan20830CE.NFO,07/01/2020,09:47:39,26.65,27.05,800,29.4,800,0,8800
MINDTREE30Jan20830CE.NFO,07/01/2020,09:47:51,26.65,27.05,800,29.4,2400,0,8800
MINDTREE30Jan20830CE.NFO,07/01/2020,09:47:56,26.65,27.05,800,29.35,800,0,8800
MINDTREE30Jan20830CE.NFO,07/01/2020,09:48:00,26.65,27.05,800,29.3,800,0,8800
MINDTREE30Jan20830CE.NFO,07/01/2020,09:48:04,26.65,27.05,800,29.35,800,0,8800
MINDTREE30Jan20830CE.NFO,07/01/2020,09:48:27,26.65,27.05,800,29.3,800,0,8800
MINDTREE30Jan20830CE.NFO,07/01/2020,09:48:31,26.65,27.05,800,29.2,800,0,8800
MINDTREE30Jan20830CE.NFO,07/01/2020,09:48:35,26.65,27.05,800,29.3,800,0,8800
MINDTREE30Jan20830CE.NFO,07/01/2020,09:48:44,26.65,27.05,800,29.45,1600,0,8800
MINDTREE30Jan20830CE.NFO,07/01/2020,09:48:49,26.65,27.05,800,29.35,800,0,8800
MINDTREE30Jan20830CE.NFO,07/01/2020,09:48:56,26.65,27.05,800,29.35,2400,0,8800
MINDTREE30Jan20830CE.NFO,07/01/2020,09:49:05,26.65,27.05,800,29.4,800,0,8800
MINDTREE30Jan20830CE.NFO,07/01/2020,09:49:10,26.65,27.05,800,29.45,1600,0,8800
MINDTREE30Jan20830CE.NFO,07/01/2020,09:49:14,26.65,27.05,800,29.4,800,0,8800
MINDTREE30Jan20830CE.NFO,07/01/2020,09:49:19,26.65,27.05,800,29.4,1600,0,8800
MINDTREE30Jan20830CE.NFO,07/01/2020,09:49:31,26.65,27.05,800,29.35,2400,0,8800
MINDTREE30Jan20830CE.NFO,07/01/2020,09:49:37,26.65,27.05,800,29.35,800,0,8800
MINDTREE30Jan20830CE.NFO,07/01/2020,09:49:41,26.65,27.05,800,29.4,1600,0,8800
MINDTREE30Jan20830CE.NFO,07/01/2020,09:49:47,26.65,27.05,800,29.7,2400,0,8800
MINDTREE30Jan20830CE.NFO,07/01/2020,09:49:52,26.65,27.05,800,29.6,800,0,8800
MINDTREE30Jan20830CE.NFO,07/01/2020,09:49:57,26.65,27.05,800,29.75,2400,0,8800
MINDTREE30Jan20830CE.NFO,07/01/2020,09:50:01,26.65,27.05,800,29.7,800,0,8800
MINDTREE30Jan20830CE.NFO,07/01/2020,09:50:12,26.65,27.05,800,29.65,800,0,8800
MINDTREE30Jan20830CE.NFO,07/01/2020,09:50:17,26.65,27.05,800,29.6,800,0,8800
MINDTREE30Jan20830CE.NFO,07/01/2020,09:50:22,26.65,27.05,800,29.55,800,0,8800
MINDTREE30Jan20830CE.NFO,07/01/2020,09:50:27,26.65,27.05,800,29.6,800,0,8800
MINDTREE30Jan20830CE.NFO,07/01/2020,09:50:37,26.65,27.05,800,29.65,800,0,8800
MINDTREE30Jan20830CE.NFO,07/01/2020,09:50:48,26.65,27.05,800,29.7,800,0,8800
MINDTREE30Jan20830CE.NFO,07/01/2020,09:50:58,26.65,27.05,800,30,2400,0,8800
MINDTREE30Jan20830CE.NFO,07/01/2020,09:51:08,26.65,27.05,800,29.65,800,0,8800
MINDTREE30Jan20830CE.NFO,07/01/2020,09:51:13,26.65,27.05,800,29.6,800,0,8800
MINDTREE30Jan20830CE.NFO,07/01/2020,09:51:19,26.65,27.05,800,29.5,800,0,8800
MINDTREE30Jan20830CE.NFO,07/01/2020,09:51:29,26.65,27.05,800,29.4,800,0,8800
MINDTREE30Jan20830CE.NFO,07/01/2020,09:51:34,26.65,27.05,800,29.75,2400,0,8800
MINDTREE30Jan20830CE.NFO,07/01/2020,09:51:39,26.65,27.05,800,29.7,800,0,8800
MINDTREE30Jan20830CE.NFO,07/01/2020,09:51:43,26.65,27.05,800,29.25,800,0,8800
MINDTREE30Jan20830CE.NFO,07/01/2020,09:51:52,26.65,27.05,800,29.35,2400,0,8800
MINDTREE30Jan20830CE.NFO,07/01/2020,09:51:56,26.65,27.05,800,29.2,800,0,8800
MINDTREE30Jan20830CE.NFO,07/01/2020,09:51:59,26.65,27.05,800,29.75,2400,0,8800
MINDTREE30Jan20830CE.NFO,07/01/2020,09:52:04,26.65,27.05,800,29.35,800,0,8800
MINDTREE30Jan20830CE.NFO,07/01/2020,09:52:12,26.65,27.05,800,29.3,2400,0,8800
MINDTREE30Jan20830CE.NFO,07/01/2020,09:52:16,26.65,27.05,800,29.2,800,0,8800
MINDTREE30Jan20830CE.NFO,07/01/2020,09:52:30,26.65,27.05,800,29.15,800,0,8800
MINDTREE30Jan20830CE.NFO,07/01/2020,09:52:40,26.65,27.05,800,29.2,1600,0,8800
MINDTREE30Jan20830CE.NFO,07/01/2020,09:52:59,26.65,27.05,800,29.15,1600,0,8800
MINDTREE30Jan20830CE.NFO,07/01/2020,09:53:04,26.65,27.05,800,29.3,800,0,8800
MINDTREE30Jan20830CE.NFO,07/01/2020,09:53:10,26.65,27.05,800,29.25,800,0,8800
MINDTREE30Jan20830CE.NFO,07/01/2020,09:53:16,26.65,27.05,800,29.35,800,0,8800
MINDTREE30Jan20830CE.NFO,07/01/2020,09:53:21,26.65,27.05,800,29.3,800,0,8800
MINDTREE30Jan20830CE.NFO,07/01/2020,09:53:26,26.65,27.05,800,29.65,2400,0,8800
MINDTREE30Jan20830CE.NFO,07/01/2020,09:53:31,26.65,27.05,800,29.35,800,0,8800
MINDTREE30Jan20830CE.NFO,07/01/2020,09:53:36,26.65,27.05,800,29.3,800,0,8800
MINDTREE30Jan20830CE.NFO,07/01/2020,09:53:41,26.65,27.05,800,29.35,800,0,8800
MINDTREE30Jan20830CE.NFO,07/01/2020,09:53:55,26.65,27.05,800,29.3,800,0,8800
MINDTREE30Jan20830CE.NFO,07/01/2020,09:54:04,26.65,27.05,800,29.35,800,0,8800
MINDTREE30Jan20830CE.NFO,07/01/2020,09:54:08,26.65,27.05,800,29.4,1600,0,8800
MINDTREE30Jan20830CE.NFO,07/01/2020,09:54:12,26.65,27.05,800,29.35,800,0,8800
MINDTREE30Jan20830CE.NFO,07/01/2020,09:54:22,26.65,27.05,800,29.4,800,0,8800
MINDTREE30Jan20830CE.NFO,07/01/2020,09:54:26,26.65,27.05,800,29.25,800,0,8800
MINDTREE30Jan20830CE.NFO,07/01/2020,09:54:35,26.65,27.05,800,29.25,1600,0,8800
MINDTREE30Jan20830CE.NFO,07/01/2020,09:54:40,26.65,27.05,800,29.25,800,0,8800
MINDTREE30Jan20830CE.NFO,07/01/2020,09:54:59,26.65,27.05,800,29.25,3200,0,8800
MINDTREE30Jan20830CE.NFO,07/01/2020,09:55:03,26.65,27.05,800,29.4,800,0,8800
MINDTREE30Jan20830CE.NFO,07/01/2020,09:55:08,26.65,27.05,800,29.35,800,0,8800
MINDTREE30Jan20830CE.NFO,07/01/2020,09:55:23,26.65,27.05,800,29.35,1600,0,8800
MINDTREE30Jan20830CE.NFO,07/01/2020,09:55:28,26.65,27.05,800,29.4,2400,0,8800
MINDTREE30Jan20830CE.NFO,07/01/2020,09:55:42,26.65,27.05,800,29.35,800,0,8800
MINDTREE30Jan20830CE.NFO,07/01/2020,09:55:51,26.65,27.05,800,29.3,800,0,8800
MINDTREE30Jan20830CE.NFO,07/01/2020,09:55:56,26.65,27.05,800,29.4,1600,0,8800
MINDTREE30Jan20830CE.NFO,07/01/2020,09:56:01,26.65,27.05,800,29.4,800,0,8800
MINDTREE30Jan20830CE.NFO,07/01/2020,09:56:11,26.65,27.05,800,29.4,1600,0,8800
MINDTREE30Jan20830CE.NFO,07/01/2020,09:56:16,26.65,27.05,800,29.4,800,0,8800
MINDTREE30Jan20830CE.NFO,07/01/2020,09:56:21,26.65,27.05,800,29.9,800,0,8800
MINDTREE30Jan20830CE.NFO,07/01/2020,09:56:27,26.65,27.05,800,29.65,1600,0,8800
MINDTREE30Jan20830CE.NFO,07/01/2020,09:56:32,26.65,27.05,800,29.6,800,0,8800
MINDTREE30Jan20830CE.NFO,07/01/2020,09:57:26,26.65,27.05,800,29.65,1600,0,8800
MINDTREE30Jan20830CE.NFO,07/01/2020,09:57:30,26.65,27.05,800,29.9,800,0,8800
MINDTREE30Jan20830CE.NFO,07/01/2020,10:01:00,26.65,27.05,800,29.7,800,0,8800
MINDTREE30Jan20830CE.NFO,07/01/2020,10:01:06,26.65,27.05,800,29.9,800,0,8800
MINDTREE30Jan20830CE.NFO,07/01/2020,10:01:19,26.65,27.05,800,29.85,800,0,8800
MINDTREE30Jan20830CE.NFO,07/01/2020,10:01:25,26.65,27.05,800,29.9,800,0,8800
MINDTREE30Jan20830CE.NFO,07/01/2020,10:01:31,26.65,27.05,800,29.85,800,0,8800
MINDTREE30Jan20830CE.NFO,07/01/2020,10:01:37,26.65,27.05,800,29.75,800,0,8800
MINDTREE30Jan20830CE.NFO,07/01/2020,10:01:43,26.65,27.05,800,29.55,800,0,8800
MINDTREE30Jan20830CE.NFO,07/01/2020,10:04:30,26.65,27.05,800,29.2,2400,0,8800
MINDTREE30Jan20830CE.NFO,07/01/2020,10:04:35,26.65,27.05,800,29.15,800,0,8800
MINDTREE30Jan20830CE.NFO,07/01/2020,10:04:40,26.65,27.05,800,29.2,800,0,8800
MINDTREE30Jan20830CE.NFO,07/01/2020,10:04:45,26.65,27.05,800,29.85,2400,0,8800
MINDTREE30Jan20830CE.NFO,07/01/2020,10:04:49,26.65,27.05,800,29.45,800,0,8800
MINDTREE30Jan20830CE.NFO,07/01/2020,10:04:54,26.65,27.05,800,29.4,800,0,8800
MINDTREE30Jan20830CE.NFO,07/01/2020,10:04:58,26.65,27.05,800,29.35,800,0,8800
MINDTREE30Jan20830CE.NFO,07/01/2020,10:05:03,26.65,27.05,800,29.3,800,0,8800
MINDTREE30Jan20830CE.NFO,07/01/2020,10:05:12,26.65,27.05,800,29.25,800,0,8800
MINDTREE30Jan20830CE.NFO,07/01/2020,10:05:25,26.65,27.05,800,29.3,800,0,8800
MINDTREE30Jan20830CE.NFO,07/01/2020,10:05:35,26.65,27.05,800,29.4,800,0,8800
MINDTREE30Jan20830CE.NFO,07/01/2020,10:05:41,26.65,27.05,800,29.45,800,0,8800
MINDTREE30Jan20830CE.NFO,07/01/2020,10:05:47,26.65,27.05,800,29.85,800,0,8800
MINDTREE30Jan20830CE.NFO,07/01/2020,10:05:53,26.65,27.05,800,29.55,800,0,8800
MINDTREE30Jan20830CE.NFO,07/01/2020,10:06:03,26.65,27.05,800,29.5,800,0,8800
MINDTREE30Jan20830CE.NFO,07/01/2020,10:06:09,26.65,27.05,800,29.55,800,0,8800
MINDTREE30Jan20830CE.NFO,07/01/2020,10:06:42,26.65,27.05,800,29.45,800,0,8800
MINDTREE30Jan20830CE.NFO,07/01/2020,10:06:48,26.65,27.05,800,29.5,800,0,8800
MINDTREE30Jan20830CE.NFO,07/01/2020,10:06:54,26.65,27.05,800,29.55,800,0,8800
MINDTREE30Jan20830CE.NFO,07/01/2020,10:07:16,26.65,27.05,800,29.45,800,0,8800
MINDTREE30Jan20830CE.NFO,07/01/2020,10:07:22,26.65,27.05,800,29.55,800,0,8800
MINDTREE30Jan20830CE.NFO,07/01/2020,10:08:35,26.65,27.05,800,29.45,1600,0,8800
MINDTREE30Jan20830CE.NFO,07/01/2020,10:08:46,26.65,27.05,800,29.45,2400,0,8800
MINDTREE30Jan20830CE.NFO,07/01/2020,10:08:57,26.65,27.05,800,29.4,800,0,8800
MINDTREE30Jan20830CE.NFO,07/01/2020,10:09:06,26.65,27.05,800,29.45,1600,0,8800
MINDTREE30Jan20830CE.NFO,07/01/2020,10:09:11,26.65,27.05,800,29.45,2400,0,8800
MINDTREE30Jan20830CE.NFO,07/01/2020,10:09:15,26.65,27.05,800,29.2,2400,0,8800
MINDTREE30Jan20830CE.NFO,07/01/2020,10:09:54,26.65,27.05,800,29.55,1600,0,8800
MINDTREE30Jan20830CE.NFO,07/01/2020,10:09:59,26.65,27.05,800,29.5,2400,0,8800
MINDTREE30Jan20830CE.NFO,07/01/2020,10:10:04,26.65,27.05,800,29.4,2400,0,8800
MINDTREE30Jan20830CE.NFO,07/01/2020,10:10:09,26.65,27.05,800,29.2,1600,0,8800
MINDTREE30Jan20830CE.NFO,07/01/2020,10:10:14,26.65,27.05,800,29.4,2400,0,8800
MINDTREE30Jan20830CE.NFO,07/01/2020,10:10:19,26.65,27.05,800,29.35,1600,0,8800
MINDTREE30Jan20830CE.NFO,07/01/2020,10:10:26,26.65,27.05,800,29.15,800,0,8800
MINDTREE30Jan20830CE.NFO,07/01/2020,10:10:40,26.65,27.05,800,29.2,800,0,8800
MINDTREE30Jan20830CE.NFO,07/01/2020,10:10:49,26.65,27.05,800,29.25,1600,0,8800
MINDTREE30Jan20830CE.NFO,07/01/2020,10:11:01,26.65,27.05,800,29.2,1600,0,8800
MINDTREE30Jan20830CE.NFO,07/01/2020,10:11:09,26.65,27.05,800,29.2,2400,0,8800
MINDTREE30Jan20830CE.NFO,07/01/2020,10:11:14,26.65,27.05,800,29.35,2400,0,8800
MINDTREE30Jan20830CE.NFO,07/01/2020,10:11:20,26.65,27.05,800,29.3,1600,0,8800
MINDTREE30Jan20830CE.NFO,07/01/2020,10:11:25,26.65,27.05,800,29.25,800,0,8800
MINDTREE30Jan20830CE.NFO,07/01/2020,10:11:31,26.65,27.05,800,29.2,1600,0,8800
MINDTREE30Jan20830CE.NFO,07/01/2020,10:11:41,26.65,27.05,800,29.35,800,0,8800
MINDTREE30Jan20830CE.NFO,07/01/2020,10:12:33,26.65,27.05,800,29.1,800,0,8800
MINDTREE30Jan20830CE.NFO,07/01/2020,10:12:37,26.65,27.05,800,29,800,0,8800
MINDTREE30Jan20830CE.NFO,07/01/2020,10:12:42,26.65,27.05,800,29.05,2400,0,8800
MINDTREE30Jan20830CE.NFO,07/01/2020,10:12:47,26.65,27.05,800,29.2,1600,0,8800
MINDTREE30Jan20830CE.NFO,07/01/2020,10:12:52,26.65,27.05,800,29.6,800,0,8800
MINDTREE30Jan20830CE.NFO,07/01/2020,10:12:57,26.65,27.05,800,29.65,800,0,8800
MINDTREE30Jan20830CE.NFO,07/01/2020,10:13:03,26.65,27.05,800,29.45,800,0,8800
MINDTREE30Jan20830CE.NFO,07/01/2020,10:13:08,26.65,27.05,800,29.95,800,0,8800
MINDTREE30Jan20830CE.NFO,07/01/2020,10:13:18,26.65,27.05,800,30.55,1600,0,8800
MINDTREE30Jan20830CE.NFO,07/01/2020,10:13:23,26.65,27.05,800,30.5,800,0,8800
MINDTREE30Jan20830CE.NFO,07/01/2020,10:13:29,26.65,27.05,800,30,1600,0,8800
MINDTREE30Jan20830CE.NFO,07/01/2020,10:13:33,26.65,27.05,800,29.75,800,0,8800
MINDTREE30Jan20830CE.NFO,07/01/2020,10:13:37,26.65,27.05,800,30.3,800,0,8800
MINDTREE30Jan20830CE.NFO,07/01/2020,10:13:41,26.65,27.05,800,30.05,2400,0,8800
MINDTREE30Jan20830CE.NFO,07/01/2020,10:13:46,26.65,27.05,800,30.05,3200,0,8800
MINDTREE30Jan20830CE.NFO,07/01/2020,10:13:53,26.65,27.05,800,30,800,0,8800
MINDTREE30Jan20830CE.NFO,07/01/2020,10:13:58,26.65,27.05,800,29.95,800,0,8800
MINDTREE30Jan20830CE.NFO,07/01/2020,10:14:02,26.65,27.05,800,30,800,0,8800
MINDTREE30Jan20830CE.NFO,07/01/2020,10:14:33,26.65,27.05,800,29.9,1600,0,8800
MINDTREE30Jan20830CE.NFO,07/01/2020,10:14:38,26.65,27.05,800,29.95,800,0,8800
MINDTREE30Jan20830CE.NFO,07/01/2020,10:14:43,26.65,27.05,800,30,800,0,8800
MINDTREE30Jan20830CE.NFO,07/01/2020,10:14:57,26.65,27.05,800,30.4,800,0,8800
MINDTREE30Jan20830CE.NFO,07/01/2020,10:15:03,26.65,27.05,800,30.45,1600,0,8800
MINDTREE30Jan20830CE.NFO,07/01/2020,10:15:08,26.65,27.05,800,30.55,2400,0,8800
MINDTREE30Jan20830CE.NFO,07/01/2020,10:15:13,26.65,27.05,800,30.5,800,0,8800
MINDTREE30Jan20830CE.NFO,07/01/2020,10:15:18,26.65,27.05,800,30.45,800,0,8800
MINDTREE30Jan20830CE.NFO,07/01/2020,10:15:24,26.65,27.05,800,30.55,800,0,8800
MINDTREE30Jan20830CE.NFO,07/01/2020,10:15:28,26.65,27.05,800,30.5,800,0,8800
MINDTREE30Jan20830CE.NFO,07/01/2020,10:15:37,26.65,27.05,800,30.55,800,0,8800
MINDTREE30Jan20830CE.NFO,07/01/2020,10:15:42,26.65,27.05,800,30.55,2400,0,8800
MINDTREE30Jan20830CE.NFO,07/01/2020,10:15:54,26.65,27.05,2400,30.5,800,0,8800
MINDTREE30Jan20830CE.NFO,07/01/2020,10:15:59,26.65,27.05,800,30.55,800,0,8800
MINDTREE30Jan20830CE.NFO,07/01/2020,10:16:04,26.65,27.05,800,30.65,800,0,8800
MINDTREE30Jan20830CE.NFO,07/01/2020,10:16:08,26.65,27.05,4000,30.55,800,0,8800
MINDTREE30Jan20830CE.NFO,07/01/2020,10:16:18,26.65,27.05,4000,30.6,2400,0,8800
MINDTREE30Jan20830CE.NFO,07/01/2020,10:16:22,26.65,27.05,4000,30.5,800,0,8800
MINDTREE30Jan20830CE.NFO,07/01/2020,10:16:26,26.65,27.05,800,30.5,1600,0,8800
MINDTREE30Jan20830CE.NFO,07/01/2020,10:16:31,26.65,27.05,800,30.45,800,0,8800
MINDTREE30Jan20830CE.NFO,07/01/2020,10:16:36,26.65,27.05,4000,30.6,800,0,8800
MINDTREE30Jan20830CE.NFO,07/01/2020,10:16:46,26.65,27.05,5600,30.75,800,0,8800
MINDTREE30Jan20830CE.NFO,07/01/2020,10:16:51,26.65,27.05,4000,30.75,800,0,8800
MINDTREE30Jan20830CE.NFO,07/01/2020,10:16:56,26.65,27.05,2400,30.75,1600,0,8800
MINDTREE30Jan20830CE.NFO,07/01/2020,10:16:59,26.65,27.05,4000,30.7,1600,0,8800
MINDTREE30Jan20830CE.NFO,07/01/2020,10:17:03,26.65,27.05,4000,30.65,800,0,8800
MINDTREE30Jan20830CE.NFO,07/01/2020,10:17:08,26.65,27.05,4000,30.7,2400,0,8800
MINDTREE30Jan20830CE.NFO,07/01/2020,10:17:13,26.65,27.05,4000,30.65,800,0,8800
MINDTREE30Jan20830CE.NFO,07/01/2020,10:17:29,26.65,27.05,800,30.65,1600,0,8800
MINDTREE30Jan20830CE.NFO,07/01/2020,10:17:34,26.65,27.05,4000,30.65,800,0,8800
MINDTREE30Jan20830CE.NFO,07/01/2020,10:17:44,26.65,27.05,5600,30.9,800,0,8800
MINDTREE30Jan20830CE.NFO,07/01/2020,10:17:48,26.65,27.05,5600,31.15,800,0,8800
MINDTREE30Jan20830CE.NFO,07/01/2020,10:18:03,26.65,27.05,5600,31.1,800,0,8800
MINDTREE30Jan20830CE.NFO,07/01/2020,10:18:07,26.65,27.05,5600,30.8,800,0,8800
MINDTREE30Jan20830CE.NFO,07/01/2020,10:18:15,26.65,27.05,4000,30.95,800,0,8800
MINDTREE30Jan20830CE.NFO,07/01/2020,10:18:20,26.65,27.05,5600,31.15,2400,0,8800
MINDTREE30Jan20830CE.NFO,07/01/2020,10:18:24,26.65,27.05,5600,31.7,800,0,8800
MINDTREE30Jan20830CE.NFO,07/01/2020,10:18:28,26.65,27.05,5600,31.6,800,0,8800
MINDTREE30Jan20830CE.NFO,07/01/2020,10:18:37,26.65,27.05,5600,32.45,800,0,8800
MINDTREE30Jan20830CE.NFO,07/01/2020,10:18:43,26.65,27.05,5600,31.45,800,0,8800
MINDTREE30Jan20830CE.NFO,07/01/2020,10:18:48,26.65,27.05,5600,31.4,800,0,8800
MINDTREE30Jan20830CE.NFO,07/01/2020,10:18:53,26.65,27.05,5600,31.45,800,0,8800
MINDTREE30Jan20830CE.NFO,07/01/2020,10:18:58,26.65,27.05,5600,31.35,800,0,8800
MINDTREE30Jan20830CE.NFO,07/01/2020,10:19:02,26.65,27.05,5600,31.4,800,0,8800
MINDTREE30Jan20830CE.NFO,07/01/2020,10:19:07,26.65,27.05,5600,31.05,800,0,8800
MINDTREE30Jan20830CE.NFO,07/01/2020,10:19:16,26.65,27.05,5600,31.4,800,0,8800
MINDTREE30Jan20830CE.NFO,07/01/2020,10:19:21,26.65,27.05,5600,31.25,800,0,8800
MINDTREE30Jan20830CE.NFO,07/01/2020,10:19:25,26.65,27.05,5600,31.6,800,0,8800
MINDTREE30Jan20830CE.NFO,07/01/2020,10:19:29,26.65,27.05,5600,31.35,800,0,8800
MINDTREE30Jan20830CE.NFO,07/01/2020,10:19:33,26.65,27.05,5600,31.3,800,0,8800
MINDTREE30Jan20830CE.NFO,07/01/2020,10:19:36,26.65,27.05,5600,31.4,800,0,8800
MINDTREE30Jan20830CE.NFO,07/01/2020,10:19:47,26.65,27.05,5600,31.3,800,0,8800
MINDTREE30Jan20830CE.NFO,07/01/2020,10:19:51,26.65,27.05,7200,31.7,800,0,8800
MINDTREE30Jan20830CE.NFO,07/01/2020,10:19:55,26.65,27.75,8800,32.35,800,0,8800
MINDTREE30Jan20830CE.NFO,07/01/2020,10:19:59,26.65,28.15,8000,32.75,800,0,8800
MINDTREE30Jan20830CE.NFO,07/01/2020,10:20:03,26.65,28.2,7200,32.75,800,0,8800
MINDTREE30Jan20830CE.NFO,07/01/2020,10:20:07,26.65,28.2,5600,32.55,800,0,8800
MINDTREE30Jan20830CE.NFO,07/01/2020,10:20:11,26.65,28.2,5600,32.6,800,0,8800
MINDTREE30Jan20830CE.NFO,07/01/2020,10:20:16,26.65,28.2,4800,32.55,800,0,8800
MINDTREE30Jan20830CE.NFO,07/01/2020,10:20:21,26.65,28.2,4800,32.8,800,0,8800
MINDTREE30Jan20830CE.NFO,07/01/2020,10:20:25,26.65,28.2,4800,34.8,800,0,8800
MINDTREE30Jan20830CE.NFO,07/01/2020,10:20:30,26.65,28.2,4800,32.65,1600,0,8800
MINDTREE30Jan20830CE.NFO,07/01/2020,10:20:47,26.65,28.2,4800,32.45,1600,0,8800
MINDTREE30Jan20830CE.NFO,07/01/2020,10:21:14,26.65,28.2,4800,32.65,1600,0,8800
MINDTREE30Jan20830CE.NFO,07/01/2020,10:21:49,26.65,28.2,4800,32.45,1600,0,8800
MINDTREE30Jan20830CE.NFO,07/01/2020,10:21:52,26.65,28.2,4800,32.3,1600,0,8800
MINDTREE30Jan20830CE.NFO,07/01/2020,10:22:30,26.65,28.2,4800,32.25,800,0,8800
MINDTREE30Jan20830CE.NFO,07/01/2020,10:22:33,26.65,28.2,4800,32.2,1600,0,8800
MINDTREE30Jan20830CE.NFO,07/01/2020,10:22:35,26.65,28.2,4800,32.15,1600,0,8800
MINDTREE30Jan20830CE.NFO,07/01/2020,10:22:47,26.65,28.2,3200,32.15,1600,0,8800
MINDTREE30Jan20830CE.NFO,07/01/2020,10:22:53,26.65,28.2,3200,32,1600,0,8800
MINDTREE30Jan20830CE.NFO,07/01/2020,10:23:12,26.65,28.2,3200,31.9,1600,0,8800
MINDTREE30Jan20830CE.NFO,07/01/2020,10:23:20,26.65,28.2,3200,31.8,1600,0,8800
MINDTREE30Jan20830CE.NFO,07/01/2020,10:23:44,26.65,28.2,1600,31.8,1600,0,8800
MINDTREE30Jan20830CE.NFO,07/01/2020,10:23:48,26.65,28.2,3200,31.8,1600,0,8800
MINDTREE30Jan20830CE.NFO,07/01/2020,10:23:52,26.65,28.2,1600,31.75,2400,0,8800
MINDTREE30Jan20830CE.NFO,07/01/2020,10:23:55,26.65,28.2,1600,31.75,1600,0,8800
MINDTREE30Jan20830CE.NFO,07/01/2020,10:24:21,26.65,28.2,3200,31.75,1600,0,8800
MINDTREE30Jan20830CE.NFO,07/01/2020,10:24:28,26.65,28.2,1600,31.75,1600,0,8800
MINDTREE30Jan20830CE.NFO,07/01/2020,10:24:41,26.65,27.7,4800,31.75,1600,0,8800
MINDTREE30Jan20830CE.NFO,07/01/2020,10:24:57,26.65,27.7,1600,31.7,2400,0,8800
MINDTREE30Jan20830CE.NFO,07/01/2020,10:25:01,26.65,27.7,3200,31.55,1600,0,8800
MINDTREE30Jan20830CE.NFO,07/01/2020,10:25:04,26.65,27.7,3200,31.5,1600,0,8800
MINDTREE30Jan20830CE.NFO,07/01/2020,10:25:13,26.65,27.05,5600,31.35,1600,0,8800
MINDTREE30Jan20830CE.NFO,07/01/2020,10:25:24,31.35,27.05,5600,31.3,800,800,8800
MINDTREE30Jan20830CE.NFO,07/01/2020,10:25:24,31.35,27.05,5600,31.3,800,0,8800
MINDTREE30Jan20830CE.NFO,07/01/2020,10:25:29,31.35,27.05,5600,31.2,800,0,8800
MINDTREE30Jan20830CE.NFO,07/01/2020,10:26:27,31.35,27.05,7200,31.2,800,0,8800
MINDTREE30Jan20830CE.NFO,07/01/2020,10:27:32,31.35,27.1,7200,31.2,800,0,8800
MINDTREE30Jan20830CE.NFO,07/01/2020,10:28:25,31.35,27.1,7200,31,800,0,8800
MINDTREE30Jan20830CE.NFO,07/01/2020,10:29:23,31.35,27.3,7200,31,800,0,8800
MINDTREE30Jan20830CE.NFO,07/01/2020,10:29:33,31.35,27.4,7200,31,800,0,8800
MINDTREE30Jan20830CE.NFO,07/01/2020,10:30:59,31.35,27.4,7200,30.95,800,0,8800
MINDTREE30Jan20830CE.NFO,07/01/2020,10:31:21,31.35,27.4,7200,31,800,0,8800
MINDTREE30Jan20830CE.NFO,07/01/2020,10:32:02,31.35,27.9,7200,31,800,0,8800
MINDTREE30Jan20830CE.NFO,07/01/2020,10:32:05,31.35,28,5600,31,800,0,8800
MINDTREE30Jan20830CE.NFO,07/01/2020,10:32:10,31.35,28,7200,31,800,0,8800
MINDTREE30Jan20830CE.NFO,07/01/2020,10:32:14,31.35,28,5600,31,800,0,8800
MINDTREE30Jan20830CE.NFO,07/01/2020,10:32:17,31.35,28,7200,31,800,0,8800
MINDTREE30Jan20830CE.NFO,07/01/2020,10:32:40,31.35,28,7200,30.95,800,0,8800
MINDTREE30Jan20830CE.NFO,07/01/2020,10:32:49,31.35,28,7200,31,800,0,8800
MINDTREE30Jan20830CE.NFO,07/01/2020,10:33:32,31.35,28,7200,30.95,800,0,8800
MINDTREE30Jan20830CE.NFO,07/01/2020,10:33:59,31.35,28,5600,30.95,800,0,8800
MINDTREE30Jan20830CE.NFO,07/01/2020,10:34:02,31.35,28,7200,30.95,800,0,8800
MINDTREE30Jan20830CE.NFO,07/01/2020,10:34:09,31.35,28,5600,30.95,800,0,8800
MINDTREE30Jan20830CE.NFO,07/01/2020,10:35:03,31.35,28,2400,30.95,800,0,8800
MINDTREE30Jan20830CE.NFO,07/01/2020,10:35:06,31.35,28,5600,30.95,800,0,8800
MINDTREE30Jan20830CE.NFO,07/01/2020,10:35:25,31.35,28,800,30.95,800,0,8800
MINDTREE30Jan20830CE.NFO,07/01/2020,10:35:30,31.35,28,4000,30.95,800,0,8800
MINDTREE30Jan20830CE.NFO,07/01/2020,10:35:34,31.35,28,800,30.95,800,0,8800
MINDTREE30Jan20830CE.NFO,07/01/2020,10:35:37,31.35,28,2400,30.95,800,0,8800
MINDTREE30Jan20830CE.NFO,07/01/2020,10:35:41,31.35,28,4000,30.95,800,0,8800
MINDTREE30Jan20830CE.NFO,07/01/2020,10:35:44,31.35,28,800,30.95,800,0,8800
MINDTREE30Jan20830CE.NFO,07/01/2020,10:35:53,31.35,27.9,4000,30.95,800,0,8800
MINDTREE30Jan20830CE.NFO,07/01/2020,10:36:03,31.35,27.9,800,30.95,800,0,8800
MINDTREE30Jan20830CE.NFO,07/01/2020,10:36:44,31.35,27.9,2400,30.95,800,0,8800
MINDTREE30Jan20830CE.NFO,07/01/2020,10:36:53,31.35,27.9,4000,30.95,800,0,8800
MINDTREE30Jan20830CE.NFO,07/01/2020,10:36:56,31.35,27.9,800,30.95,800,0,8800
MINDTREE30Jan20830CE.NFO,07/01/2020,10:37:37,31.35,27.9,800,30.85,800,0,8800
MINDTREE30Jan20830CE.NFO,07/01/2020,10:38:10,31.35,27.9,800,30.85,1600,0,8800
MINDTREE30Jan20830CE.NFO,07/01/2020,10:38:13,31.35,27.9,800,30.75,800,0,8800
MINDTREE30Jan20830CE.NFO,07/01/2020,10:39:00,31.35,27.9,5600,30.75,800,0,8800
MINDTREE30Jan20830CE.NFO,07/01/2020,10:39:09,31.35,29.3,800,30.75,800,0,8800
MINDTREE30Jan20830CE.NFO,07/01/2020,10:48:02,31.35,29.3,800,31,800,0,8800
MINDTREE30Jan20830CE.NFO,07/01/2020,10:48:52,31.35,29.3,800,30.95,800,0,8800
MINDTREE30Jan20830CE.NFO,07/01/2020,10:48:59,31.35,29.3,800,31,800,0,8800
MINDTREE30Jan20830CE.NFO,07/01/2020,10:49:03,31.35,29.3,800,30.95,800,0,8800
MINDTREE30Jan20830CE.NFO,07/01/2020,10:49:18,31.35,29.3,800,31,800,0,8800
MINDTREE30Jan20830CE.NFO,07/01/2020,10:49:21,31.35,29.3,800,30.95,800,0,8800
MINDTREE30Jan20830CE.NFO,07/01/2020,10:49:34,31.35,29.3,800,31,800,0,8800
MINDTREE30Jan20830CE.NFO,07/01/2020,10:49:37,31.35,29.3,800,30.95,800,0,8800
MINDTREE30Jan20830CE.NFO,07/01/2020,10:56:00,31.35,29.3,800,30.85,800,0,8800
MINDTREE30Jan20830CE.NFO,07/01/2020,10:57:00,31.35,29.3,800,30.65,800,0,8800
MINDTREE30Jan20830CE.NFO,07/01/2020,10:57:05,31.35,29.3,800,30.55,800,0,8800
MINDTREE30Jan20830CE.NFO,07/01/2020,10:57:23,29.3,27.95,800,30.55,800,800,8800
MINDTREE30Jan20830CE.NFO,07/01/2020,10:57:31,29.3,27.95,800,30.55,800,0,8800
MINDTREE30Jan20830CE.NFO,07/01/2020,10:57:38,29.3,29.3,800,30.55,800,0,8800
MINDTREE30Jan20830CE.NFO,07/01/2020,10:57:50,29.3,29.6,800,30.55,800,0,8800
MINDTREE30Jan20830CE.NFO,07/01/2020,10:57:56,29.3,29.6,800,30.8,800,0,8800
MINDTREE30Jan20830CE.NFO,07/01/2020,10:58:09,29.3,29.6,800,31.05,800,0,8800
MINDTREE30Jan20830CE.NFO,07/01/2020,10:58:15,29.3,29.6,800,30.7,800,0,8800
MINDTREE30Jan20830CE.NFO,07/01/2020,10:58:21,29.3,29.6,800,31.15,800,0,8800
MINDTREE30Jan20830CE.NFO,07/01/2020,10:58:28,29.3,29.6,800,30.75,800,0,8800
MINDTREE30Jan20830CE.NFO,07/01/2020,10:58:35,29.3,29.6,800,30.9,800,0,8800
MINDTREE30Jan20830CE.NFO,07/01/2020,10:58:41,29.6,27.95,800,31,800,800,8800
MINDTREE30Jan20830CE.NFO,07/01/2020,10:58:47,29.6,27.95,800,31,800,0,8800
MINDTREE30Jan20830CE.NFO,07/01/2020,10:58:53,29.6,27.95,800,31.15,800,0,8800
MINDTREE30Jan20830CE.NFO,07/01/2020,10:58:59,29.6,27.95,800,30.55,800,0,8800
MINDTREE30Jan20830CE.NFO,07/01/2020,10:59:06,29.6,27.95,800,30.6,800,0,8800
MINDTREE30Jan20830CE.NFO,07/01/2020,10:59:30,29.6,27.9,800,30.6,800,0,8800
MINDTREE30Jan20830CE.NFO,07/01/2020,11:00:48,29.6,27.9,800,30.95,1600,0,8800
MINDTREE30Jan20830CE.NFO,07/01/2020,11:00:54,29.6,27.9,800,30.65,800,0,8800
MINDTREE30Jan20830CE.NFO,07/01/2020,11:02:16,29.6,27.9,800,31.05,800,0,8800
MINDTREE30Jan20830CE.NFO,07/01/2020,11:05:37,29.6,27.9,2400,31.15,800,0,8800
MINDTREE30Jan20830CE.NFO,07/01/2020,11:05:44,29.6,27.9,800,31.15,800,0,8800
MINDTREE30Jan20830CE.NFO,07/01/2020,11:05:58,29.6,27.9,2400,31.15,800,0,8800
MINDTREE30Jan20830CE.NFO,07/01/2020,11:06:04,29.6,27.9,800,31.15,800,0,8800
MINDTREE30Jan20830CE.NFO,07/01/2020,11:14:59,29.6,27.1,3200,31.15,800,0,8800
MINDTREE30Jan20830CE.NFO,07/01/2020,11:15:39,29.6,27.1,1600,31.15,800,0,8800
MINDTREE30Jan20830CE.NFO,07/01/2020,11:16:25,29.6,27.1,4800,31.15,800,0,8800
MINDTREE30Jan20830CE.NFO,07/01/2020,11:16:32,29.6,27.1,3200,31.15,800,0,8800
MINDTREE30Jan20830CE.NFO,07/01/2020,11:16:55,29.6,26.45,6400,31.15,800,0,8800
MINDTREE30Jan20830CE.NFO,07/01/2020,11:19:48,29.6,26.75,6400,31.15,800,0,8800
MINDTREE30Jan20830CE.NFO,07/01/2020,11:21:54,29.6,26.8,6400,31.15,800,0,8800
MINDTREE30Jan20830CE.NFO,07/01/2020,11:22:33,29.6,26.85,6400,31.15,800,0,8800
MINDTREE30Jan20830CE.NFO,07/01/2020,11:22:50,29.6,26.9,7200,31.15,800,0,8800
MINDTREE30Jan20830CE.NFO,07/01/2020,11:23:02,29.6,26.9,6400,31.15,800,0,8800
MINDTREE30Jan20830CE.NFO,07/01/2020,11:23:53,29.6,26.95,6400,31.15,800,0,8800
MINDTREE30Jan20830CE.NFO,07/01/2020,11:25:44,29.6,27,7200,31.15,800,0,8800
MINDTREE30Jan20830CE.NFO,07/01/2020,11:26:07,31.2,27,7200,31.95,800,800,8800
MINDTREE30Jan20830CE.NFO,07/01/2020,11:26:10,31.2,27,7200,31.95,800,0,8800
MINDTREE30Jan20830CE.NFO,07/01/2020,11:27:16,31.2,27,6400,31.95,800,0,8800
MINDTREE30Jan20830CE.NFO,07/01/2020,11:27:20,31.2,27.05,4800,31.95,800,0,8800
MINDTREE30Jan20830CE.NFO,07/01/2020,11:27:23,31.2,27.05,6400,31.95,800,0,8800
MINDTREE30Jan20830CE.NFO,07/01/2020,11:27:52,31.2,27.1,6400,31.95,800,0,8800
MINDTREE30Jan20830CE.NFO,07/01/2020,11:28:08,31.2,27.15,6400,31.95,800,0,8800
MINDTREE30Jan20830CE.NFO,07/01/2020,11:28:40,31.2,27.25,6400,31.95,800,0,8800
MINDTREE30Jan20830CE.NFO,07/01/2020,11:28:46,31.2,27.3,5600,31.95,800,0,8800
MINDTREE30Jan20830CE.NFO,07/01/2020,11:28:49,31.2,27.4,7200,31.95,800,0,8800
MINDTREE30Jan20830CE.NFO,07/01/2020,11:29:24,31.2,27.4,6400,31.95,800,0,8800
MINDTREE30Jan20830CE.NFO,07/01/2020,11:30:00,31.2,27.45,7200,31.95,800,0,8800
MINDTREE30Jan20830CE.NFO,07/01/2020,11:30:27,31.2,27.45,6400,31.95,800,0,8800
MINDTREE30Jan20830CE.NFO,07/01/2020,11:34:08,31.2,27.5,4000,31.95,800,0,8800
MINDTREE30Jan20830CE.NFO,07/01/2020,11:34:15,31.2,27.55,6400,31.95,800,0,8800
MINDTREE30Jan20830CE.NFO,07/01/2020,11:50:46,31.2,27.55,7200,31.95,800,0,8800
MINDTREE30Jan20830CE.NFO,07/01/2020,11:50:49,31.2,27.7,6400,31.95,800,0,8800
MINDTREE30Jan20830CE.NFO,07/01/2020,11:50:52,31.2,27.75,6400,31.95,800,0,8800
MINDTREE30Jan20830CE.NFO,07/01/2020,11:50:56,31.2,27.8,7200,31.95,800,0,8800
MINDTREE30Jan20830CE.NFO,07/01/2020,11:50:59,31.2,27.95,7200,31.95,800,0,8800
MINDTREE30Jan20830CE.NFO,07/01/2020,11:52:08,31.2,27.95,5600,31.95,800,0,8800
MINDTREE30Jan20830CE.NFO,07/01/2020,11:52:35,31.2,27.95,4000,31.95,800,0,8800
MINDTREE30Jan20830CE.NFO,07/01/2020,11:53:44,31.2,27.95,5600,31.95,800,0,8800
MINDTREE30Jan20830CE.NFO,07/01/2020,11:56:48,31.2,27.95,4000,31.95,800,0,8800
MINDTREE30Jan20830CE.NFO,07/01/2020,11:56:50,31.2,27.95,5600,31.95,800,0,8800
MINDTREE30Jan20830CE.NFO,07/01/2020,11:58:36,31.2,27.95,4000,31.95,800,0,8800
MINDTREE30Jan20830CE.NFO,07/01/2020,11:58:47,31.2,27.95,5600,31.95,800,0,8800
MINDTREE30Jan20830CE.NFO,07/01/2020,12:02:54,31.2,27.95,7200,31.95,800,0,8800
MINDTREE30Jan20830CE.NFO,07/01/2020,12:03:07,31.2,28.05,6400,31.95,800,0,8800
MINDTREE30Jan20830CE.NFO,07/01/2020,12:03:18,31.2,28.1,8800,31.95,800,0,8800
MINDTREE30Jan20830CE.NFO,07/01/2020,12:03:25,31.2,28.15,8000,31.95,800,0,8800
MINDTREE30Jan20830CE.NFO,07/01/2020,12:03:29,31.2,28.3,4800,31.95,800,0,8800
MINDTREE30Jan20830CE.NFO,07/01/2020,12:03:33,31.2,28.3,3200,31.95,800,0,8800
MINDTREE30Jan20830CE.NFO,07/01/2020,12:03:47,31.2,28.3,4800,31.95,800,0,8800
MINDTREE30Jan20830CE.NFO,07/01/2020,12:03:52,31.2,28.3,3200,31.95,800,0,8800
MINDTREE30Jan20830CE.NFO,07/01/2020,12:04:18,31.2,28.6,5600,31.95,800,0,8800
MINDTREE30Jan20830CE.NFO,07/01/2020,12:04:21,31.2,28.55,800,31.95,800,0,8800
MINDTREE30Jan20830CE.NFO,07/01/2020,12:04:40,31.2,28.6,4000,31.95,800,0,8800
MINDTREE30Jan20830CE.NFO,07/01/2020,12:04:50,31.2,28.6,3200,31.95,800,0,8800
MINDTREE30Jan20830CE.NFO,07/01/2020,12:05:00,31.2,28.75,4000,31.95,800,0,8800
MINDTREE30Jan20830CE.NFO,07/01/2020,12:05:10,31.2,28.65,4000,31.95,800,0,8800
MINDTREE30Jan20830CE.NFO,07/01/2020,12:05:25,31.2,28.65,1600,31.95,800,0,8800
MINDTREE30Jan20830CE.NFO,07/01/2020,12:05:43,31.2,28.6,1600,31.95,800,0,8800
MINDTREE30Jan20830CE.NFO,07/01/2020,12:06:10,31.2,28.65,2400,31.95,800,0,8800
MINDTREE30Jan20830CE.NFO,07/01/2020,12:06:38,31.2,28.6,1600,31.95,800,0,8800
MINDTREE30Jan20830CE.NFO,07/01/2020,12:08:58,31.2,28.6,1600,31.2,800,0,8800
MINDTREE30Jan20830CE.NFO,07/01/2020,12:10:33,31.2,28.65,5600,31.2,800,0,8800
MINDTREE30Jan20830CE.NFO,07/01/2020,12:10:58,31.2,28.8,6400,31.2,800,0,8800
MINDTREE30Jan20830CE.NFO,07/01/2020,12:11:14,31.2,28.8,6400,31.15,800,0,8800
MINDTREE30Jan20830CE.NFO,07/01/2020,12:11:19,31.2,28.95,2400,31.15,800,0,8800
MINDTREE30Jan20830CE.NFO,07/01/2020,12:11:57,31.2,28.6,1600,31.15,800,0,8800
MINDTREE30Jan20830CE.NFO,07/01/2020,12:12:08,31.2,28.65,5600,31.15,800,0,8800
MINDTREE30Jan20830CE.NFO,07/01/2020,12:12:43,31.2,28.6,4000,31.15,800,0,8800
MINDTREE30Jan20830CE.NFO,07/01/2020,12:12:53,31.2,28.6,5600,31.15,800,0,8800
MINDTREE30Jan20830CE.NFO,07/01/2020,12:15:11,31.2,28.65,2400,31.15,800,0,8800
MINDTREE30Jan20830CE.NFO,07/01/2020,12:15:18,31.2,28.65,1600,31.15,800,0,8800
MINDTREE30Jan20830CE.NFO,07/01/2020,12:16:26,31.2,28.7,2400,31.15,800,0,8800
MINDTREE30Jan20830CE.NFO,07/01/2020,12:16:38,31.2,28.7,4000,31.15,800,0,8800
MINDTREE30Jan20830CE.NFO,07/01/2020,12:16:41,31.2,28.7,2400,31.15,800,0,8800
MINDTREE30Jan20830CE.NFO,07/01/2020,12:16:56,31.2,28.6,1600,31.15,800,0,8800
MINDTREE30Jan20830CE.NFO,07/01/2020,12:17:00,31.2,28.65,4000,31.15,800,0,8800
MINDTREE30Jan20830CE.NFO,07/01/2020,12:17:19,31.2,28.65,4800,31.15,800,0,8800
MINDTREE30Jan20830CE.NFO,07/01/2020,12:17:23,31.2,28.6,4000,31.15,800,0,8800
MINDTREE30Jan20830CE.NFO,07/01/2020,12:17:35,31.2,28.15,5600,31.15,800,0,8800
MINDTREE30Jan20830CE.NFO,07/01/2020,12:17:52,31.2,28.15,4000,31.15,800,0,8800
MINDTREE30Jan20830CE.NFO,07/01/2020,12:18:15,31.2,28.15,5600,31.15,800,0,8800
MINDTREE30Jan20830CE.NFO,07/01/2020,12:18:28,31.2,28.15,4000,31.15,800,0,8800
MINDTREE30Jan20830CE.NFO,07/01/2020,12:19:33,31.2,28.15,5600,31.15,800,0,8800
MINDTREE30Jan20830CE.NFO,07/01/2020,12:19:36,31.2,28.2,8000,31.15,800,0,8800
MINDTREE30Jan20830CE.NFO,07/01/2020,12:19:42,31.2,28.25,8000,31.15,800,0,8800
MINDTREE30Jan20830CE.NFO,07/01/2020,12:19:47,31.2,28.5,5600,31.15,800,0,8800
MINDTREE30Jan20830CE.NFO,07/01/2020,12:19:55,31.2,28.5,3200,31.15,800,0,8800
MINDTREE30Jan20830CE.NFO,07/01/2020,12:19:58,31.2,28.55,5600,31.15,800,0,8800
MINDTREE30Jan20830CE.NFO,07/01/2020,12:20:02,31.2,28.6,4000,31.15,800,0,8800
MINDTREE30Jan20830CE.NFO,07/01/2020,12:20:05,31.2,28.8,2400,31.15,800,0,8800
MINDTREE30Jan20830CE.NFO,07/01/2020,12:20:13,31.2,28.8,1600,31.15,800,0,8800
MINDTREE30Jan20830CE.NFO,07/01/2020,12:20:17,31.2,28.2,5600,31.15,800,0,8800
MINDTREE30Jan20830CE.NFO,07/01/2020,12:20:22,31.2,28.4,6400,31.15,800,0,8800
MINDTREE30Jan20830CE.NFO,07/01/2020,12:20:26,31.2,28.6,6400,31.15,800,0,8800
MINDTREE30Jan20830CE.NFO,07/01/2020,12:20:54,31.2,28.25,5600,31.15,800,0,8800
MINDTREE30Jan20830CE.NFO,07/01/2020,12:20:58,31.2,28.4,6400,31.15,800,0,8800
MINDTREE30Jan20830CE.NFO,07/01/2020,12:21:03,31.2,28.55,4000,31.15,800,0,8800
MINDTREE30Jan20830CE.NFO,07/01/2020,12:22:41,31.2,28.55,2400,31.15,800,0,8800
MINDTREE30Jan20830CE.NFO,07/01/2020,12:23:14,31.2,28.55,4000,31.15,800,0,8800
MINDTREE30Jan20830CE.NFO,07/01/2020,12:23:34,31.2,28.7,6400,31.15,800,0,8800
MINDTREE30Jan20830CE.NFO,07/01/2020,12:23:40,31.2,28.65,4000,31.15,800,0,8800
MINDTREE30Jan20830CE.NFO,07/01/2020,12:23:43,31.2,28.75,2400,31.15,800,0,8800
MINDTREE30Jan20830CE.NFO,07/01/2020,12:24:03,31.2,28.75,4000,31.15,800,0,8800
MINDTREE30Jan20830CE.NFO,07/01/2020,12:24:06,31.2,28.6,1600,31.15,800,0,8800
MINDTREE30Jan20830CE.NFO,07/01/2020,12:24:16,31.2,28.55,800,31.15,800,0,8800
MINDTREE30Jan20830CE.NFO,07/01/2020,12:24:22,31.2,28.05,5600,31.15,800,0,8800
MINDTREE30Jan20830CE.NFO,07/01/2020,12:24:35,31.2,28.1,9600,31.15,800,0,8800
MINDTREE30Jan20830CE.NFO,07/01/2020,12:24:38,31.2,28.2,11200,31.15,800,0,8800
MINDTREE30Jan20830CE.NFO,07/01/2020,12:24:53,31.2,28.3,8800,31.15,800,0,8800
MINDTREE30Jan20830CE.NFO,07/01/2020,12:24:59,31.2,28.45,6400,31.15,800,0,8800
MINDTREE30Jan20830CE.NFO,07/01/2020,12:25:04,31.2,28.5,6400,31.15,800,0,8800
MINDTREE30Jan20830CE.NFO,07/01/2020,12:25:12,31.2,28.6,4800,31.15,800,0,8800
MINDTREE30Jan20830CE.NFO,07/01/2020,12:25:16,31.2,28.75,4000,31.15,800,0,8800
MINDTREE30Jan20830CE.NFO,07/01/2020,12:25:24,31.2,28.75,2400,31.15,800,0,8800
MINDTREE30Jan20830CE.NFO,07/01/2020,12:25:26,31.2,28.75,4000,31.15,800,0,8800
MINDTREE30Jan20830CE.NFO,07/01/2020,12:25:43,31.2,28.95,2400,31.15,800,0,8800
MINDTREE30Jan20830CE.NFO,07/01/2020,12:25:46,31.2,29.1,4000,31.15,800,0,8800
MINDTREE30Jan20830CE.NFO,07/01/2020,12:25:49,31.15,29.15,3200,31.2,800,800,8800
MINDTREE30Jan20830CE.NFO,07/01/2020,12:25:52,31.15,29.15,1600,31.2,800,0,8800
MINDTREE30Jan20830CE.NFO,07/01/2020,12:25:59,31.15,28.45,8800,31.2,800,0,8800
MINDTREE30Jan20830CE.NFO,07/01/2020,12:26:16,31.15,28.55,8000,31.2,800,0,8800
MINDTREE30Jan20830CE.NFO,07/01/2020,12:26:20,31.15,28.6,8800,31.2,800,0,8800
MINDTREE30Jan20830CE.NFO,07/01/2020,12:26:35,31.15,28.65,9600,31.2,800,0,8800
MINDTREE30Jan20830CE.NFO,07/01/2020,12:26:42,31.15,28.75,9600,31.2,800,0,8800
MINDTREE30Jan20830CE.NFO,07/01/2020,12:26:51,31.15,28.85,8000,31.2,800,0,8800
MINDTREE30Jan20830CE.NFO,07/01/2020,12:27:27,31.15,28.85,8000,31.15,800,0,8800
MINDTREE30Jan20830CE.NFO,07/01/2020,12:27:58,31.15,28.95,6400,31.15,800,0,8800
MINDTREE30Jan20830CE.NFO,07/01/2020,12:28:02,31.15,28.95,8000,31.15,800,0,8800
MINDTREE30Jan20830CE.NFO,07/01/2020,12:28:13,31.15,28.95,6400,31.15,800,0,8800
MINDTREE30Jan20830CE.NFO,07/01/2020,12:28:29,31.15,28.95,8000,31.15,800,0,8800
MINDTREE30Jan20830CE.NFO,07/01/2020,12:28:33,31.15,29.05,5600,31.15,800,0,8800
MINDTREE30Jan20830CE.NFO,07/01/2020,12:28:57,31.15,29.05,2400,31.15,800,0,8800
MINDTREE30Jan20830CE.NFO,07/01/2020,12:29:10,31.15,29.05,1600,31.15,800,0,8800
MINDTREE30Jan20830CE.NFO,07/01/2020,12:30:11,31.15,29.05,2400,31.15,800,0,8800
MINDTREE30Jan20830CE.NFO,07/01/2020,12:31:11,31.15,28.35,8800,31.15,800,0,8800
MINDTREE30Jan20830CE.NFO,07/01/2020,12:31:59,31.15,28.4,9600,31.15,800,0,8800
MINDTREE30Jan20830CE.NFO,07/01/2020,12:32:18,31.15,28.45,8800,31.15,800,0,8800
MINDTREE30Jan20830CE.NFO,07/01/2020,12:32:34,31.15,28.5,8000,31.15,800,0,8800
MINDTREE30Jan20830CE.NFO,07/01/2020,12:32:45,31.15,28.75,1600,31.15,800,0,8800
MINDTREE30Jan20830CE.NFO,07/01/2020,12:32:49,31.15,28.95,2400,31.15,800,0,8800
MINDTREE30Jan20830CE.NFO,07/01/2020,12:34:10,31.15,28.95,800,31.15,800,0,8800
MINDTREE30Jan20830CE.NFO,07/01/2020,12:34:26,31.15,28.95,2400,31.15,800,0,8800
MINDTREE30Jan20830CE.NFO,07/01/2020,12:35:00,28.95,29,1600,31.15,800,800,8800
MINDTREE30Jan20830CE.NFO,07/01/2020,12:35:11,28.95,29,1600,31.15,800,0,8800
MINDTREE30Jan20830CE.NFO,07/01/2020,12:36:25,28.95,29.5,800,31.15,800,0,8800
MINDTREE30Jan20830CE.NFO,07/01/2020,12:36:48,28.95,29.45,800,31.15,800,0,8800
MINDTREE30Jan20830CE.NFO,07/01/2020,12:37:18,28.95,29.55,800,31.15,800,0,8800
MINDTREE30Jan20830CE.NFO,07/01/2020,12:37:56,28.95,29.55,1600,31.15,800,0,8800
MINDTREE30Jan20830CE.NFO,07/01/2020,12:38:06,31.2,30.05,1600,32.3,800,800,8000
MINDTREE30Jan20830CE.NFO,07/01/2020,12:38:10,31.2,30.05,1600,32.3,800,0,8000
MINDTREE30Jan20830CE.NFO,07/01/2020,12:38:37,31.2,30.05,800,32.3,800,0,8000
MINDTREE30Jan20830CE.NFO,07/01/2020,12:38:53,31.2,30.35,2400,32.9,800,0,8000
MINDTREE30Jan20830CE.NFO,07/01/2020,12:38:58,31.2,30.35,5600,32.9,800,0,8000
MINDTREE30Jan20830CE.NFO,07/01/2020,12:39:01,31.2,30.35,4000,32.9,800,0,8000
MINDTREE30Jan20830CE.NFO,07/01/2020,12:39:05,31.2,30.35,7200,32.9,800,0,8000
MINDTREE30Jan20830CE.NFO,07/01/2020,12:39:10,31.2,30.35,5600,32.9,800,0,8000
MINDTREE30Jan20830CE.NFO,07/01/2020,12:39:17,31.2,30.35,4000,32.9,800,0,8000
MINDTREE30Jan20830CE.NFO,07/01/2020,12:39:25,31.2,30.35,2400,32.9,800,0,8000
MINDTREE30Jan20830CE.NFO,07/01/2020,12:39:28,31.2,30.35,4000,32.9,800,0,8000
MINDTREE30Jan20830CE.NFO,07/01/2020,12:39:32,31.2,30.35,2400,32.9,800,0,8000
MINDTREE30Jan20830CE.NFO,07/01/2020,12:39:37,31.2,30.35,5600,32.9,800,0,8000
MINDTREE30Jan20830CE.NFO,07/01/2020,12:39:40,31.2,30.35,7200,32.9,800,0,8000
MINDTREE30Jan20830CE.NFO,07/01/2020,12:39:55,31.2,30.35,7200,33.85,800,0,8000
MINDTREE30Jan20830CE.NFO,07/01/2020,12:40:38,31.2,30.35,5600,33.85,800,0,8000
MINDTREE30Jan20830CE.NFO,07/01/2020,12:40:46,31.2,30.35,2400,33.85,800,0,8000
MINDTREE30Jan20830CE.NFO,07/01/2020,12:40:49,31.2,30.35,4000,33.85,800,0,8000
MINDTREE30Jan20830CE.NFO,07/01/2020,12:40:52,31.2,30.35,4000,33.75,1600,0,8000
MINDTREE30Jan20830CE.NFO,07/01/2020,12:40:56,31.2,30.35,5600,33.75,1600,0,8000
MINDTREE30Jan20830CE.NFO,07/01/2020,12:41:03,31.2,30.35,7200,33.75,1600,0,8000
MINDTREE30Jan20830CE.NFO,07/01/2020,12:41:37,31.2,30.45,7200,33.75,1600,0,8000
MINDTREE30Jan20830CE.NFO,07/01/2020,12:41:44,31.2,30.45,4000,33.75,1600,0,8000
MINDTREE30Jan20830CE.NFO,07/01/2020,12:41:55,31.2,30.45,5600,33.75,1600,0,8000
MINDTREE30Jan20830CE.NFO,07/01/2020,12:42:46,31.2,30.45,4000,33.75,1600,0,8000
MINDTREE30Jan20830CE.NFO,07/01/2020,12:42:50,31.2,30.45,2400,33.75,1600,0,8000
MINDTREE30Jan20830CE.NFO,07/01/2020,12:43:01,31.2,30.45,4000,33.75,1600,0,8000
MINDTREE30Jan20830CE.NFO,07/01/2020,12:43:16,31.2,30.45,2400,33.75,1600,0,8000
MINDTREE30Jan20830CE.NFO,07/01/2020,12:43:39,31.2,30.45,800,33.75,1600,0,8000
MINDTREE30Jan20830CE.NFO,07/01/2020,12:44:33,31.2,30.45,800,33.75,800,0,8000
MINDTREE30Jan20830CE.NFO,07/01/2020,12:47:18,31.2,30.45,800,33.65,800,0,8000
MINDTREE30Jan20830CE.NFO,07/01/2020,12:48:33,31.2,30.45,2400,33.65,800,0,8000
MINDTREE30Jan20830CE.NFO,07/01/2020,12:48:38,31.2,30.45,800,33.65,800,0,8000
MINDTREE30Jan20830CE.NFO,07/01/2020,12:49:40,31.2,30.45,5600,33.65,800,0,8000
MINDTREE30Jan20830CE.NFO,07/01/2020,12:50:27,31.2,30.45,7200,34.85,800,0,8000
MINDTREE30Jan20830CE.NFO,07/01/2020,12:50:41,31.2,31.45,2400,34.6,800,0,8000
MINDTREE30Jan20830CE.NFO,07/01/2020,12:50:44,31.2,31.45,5600,34.6,800,0,8000
MINDTREE30Jan20830CE.NFO,07/01/2020,12:50:50,31.2,31.45,4000,34.6,800,0,8000
MINDTREE30Jan20830CE.NFO,07/01/2020,12:50:53,31.2,31.45,2400,34.55,800,0,8000
MINDTREE30Jan20830CE.NFO,07/01/2020,12:51:01,31.2,31.45,800,34.55,800,0,8000
MINDTREE30Jan20830CE.NFO,07/01/2020,12:51:33,31.2,31.45,2400,34.55,800,0,8000
MINDTREE30Jan20830CE.NFO,07/01/2020,12:51:39,31.45,31.45,1600,34.55,800,800,7200
MINDTREE30Jan20830CE.NFO,07/01/2020,12:51:39,31.45,31.45,1600,34.55,800,0,7200
MINDTREE30Jan20830CE.NFO,07/01/2020,12:51:42,31.45,31,6400,35,800,0,7200
MINDTREE30Jan20830CE.NFO,07/01/2020,12:52:00,31.45,31.05,6400,35,800,0,7200
MINDTREE30Jan20830CE.NFO,07/01/2020,12:52:03,31.45,31.25,6400,35,800,0,7200
MINDTREE30Jan20830CE.NFO,07/01/2020,12:52:07,31.45,31.45,8000,35,800,0,7200
MINDTREE30Jan20830CE.NFO,07/01/2020,12:52:11,31.45,31.45,6400,35,800,0,7200
MINDTREE30Jan20830CE.NFO,07/01/2020,12:52:27,31.45,31.5,7200,35,800,0,7200
MINDTREE30Jan20830CE.NFO,07/01/2020,12:52:30,31.45,31.5,5600,35,800,0,7200
MINDTREE30Jan20830CE.NFO,07/01/2020,12:52:34,31.45,31.6,5600,35,800,0,7200
MINDTREE30Jan20830CE.NFO,07/01/2020,12:52:37,31.45,31.6,7200,35,800,0,7200
MINDTREE30Jan20830CE.NFO,07/01/2020,12:52:40,31.45,31.65,8000,35,800,0,7200
MINDTREE30Jan20830CE.NFO,07/01/2020,12:52:43,31.45,31.7,4800,35,800,0,7200
MINDTREE30Jan20830CE.NFO,07/01/2020,12:52:48,31.45,31.75,4800,35,800,0,7200
MINDTREE30Jan20830CE.NFO,07/01/2020,12:52:51,31.45,31.85,4800,35,800,0,7200
MINDTREE30Jan20830CE.NFO,07/01/2020,12:52:58,31.45,31.95,4800,35,800,0,7200
MINDTREE30Jan20830CE.NFO,07/01/2020,12:53:02,31.45,32.05,4800,35,800,0,7200
MINDTREE30Jan20830CE.NFO,07/01/2020,12:53:08,31.45,32.1,5600,35,800,0,7200
MINDTREE30Jan20830CE.NFO,07/01/2020,12:53:11,31.45,32.5,800,35,800,0,7200
MINDTREE30Jan20830CE.NFO,07/01/2020,12:53:23,31.45,32.85,3200,35,800,0,7200
MINDTREE30Jan20830CE.NFO,07/01/2020,12:53:33,31.45,32.85,1600,35,800,0,7200
MINDTREE30Jan20830CE.NFO,07/01/2020,12:53:37,31.45,32.55,6400,35,800,0,7200
MINDTREE30Jan20830CE.NFO,07/01/2020,12:53:42,31.45,32.5,2400,35,800,0,7200
MINDTREE30Jan20830CE.NFO,07/01/2020,12:53:47,31.45,32.05,6400,35,800,0,7200
MINDTREE30Jan20830CE.NFO,07/01/2020,12:54:11,31.45,32.05,8000,35,800,0,7200
MINDTREE30Jan20830CE.NFO,07/01/2020,12:54:19,31.45,32.05,6400,35,800,0,7200
MINDTREE30Jan20830CE.NFO,07/01/2020,12:54:49,31.45,32.1,3200,35,800,0,7200
MINDTREE30Jan20830CE.NFO,07/01/2020,12:54:54,31.45,32.5,800,35,800,0,7200
MINDTREE30Jan20830CE.NFO,07/01/2020,12:55:53,31.45,32.55,800,35,800,0,7200
MINDTREE30Jan20830CE.NFO,07/01/2020,12:55:56,31.45,32.5,800,35,800,0,7200
MINDTREE30Jan20830CE.NFO,07/01/2020,12:56:06,31.45,32.55,800,35,800,0,7200
MINDTREE30Jan20830CE.NFO,07/01/2020,12:56:12,31.45,32.75,800,35,800,0,7200
MINDTREE30Jan20830CE.NFO,07/01/2020,12:56:13,31.45,32.8,800,35,800,0,7200
MINDTREE30Jan20830CE.NFO,07/01/2020,13:04:03,31.45,31.7,800,34.85,2400,0,7200
MINDTREE30Jan20830CE.NFO,07/01/2020,13:04:08,31.45,31.7,800,35,800,0,7200
MINDTREE30Jan20830CE.NFO,07/01/2020,13:04:29,31.45,31.8,800,35,800,0,7200
MINDTREE30Jan20830CE.NFO,07/01/2020,13:04:32,31.45,32,800,35,800,0,7200
MINDTREE30Jan20830CE.NFO,07/01/2020,13:07:14,31.45,32.05,800,35,800,0,7200
MINDTREE30Jan20830CE.NFO,07/01/2020,13:07:29,31.45,32.3,800,35,800,0,7200
MINDTREE30Jan20830CE.NFO,07/01/2020,13:09:35,31.45,32,800,35,800,0,7200
MINDTREE30Jan20830CE.NFO,07/01/2020,13:10:32,31.45,31.2,800,35,800,0,7200
MINDTREE30Jan20830CE.NFO,07/01/2020,13:10:38,31.45,31.75,800,35,800,0,7200
MINDTREE30Jan20830CE.NFO,07/01/2020,13:11:28,31.45,32.25,800,35,800,0,7200
MINDTREE30Jan20830CE.NFO,07/01/2020,13:11:38,31.45,32.2,800,35,800,0,7200
MINDTREE30Jan20830CE.NFO,07/01/2020,13:11:52,31.45,32.15,800,35,800,0,7200
MINDTREE30Jan20830CE.NFO,07/01/2020,13:11:57,31.45,32.25,800,35,800,0,7200
MINDTREE30Jan20830CE.NFO,07/01/2020,13:12:03,31.45,32.35,800,35,800,0,7200
MINDTREE30Jan20830CE.NFO,07/01/2020,13:12:09,31.45,32.45,800,35,800,0,7200
MINDTREE30Jan20830CE.NFO,07/01/2020,13:12:15,31.45,32.35,800,35,800,0,7200
MINDTREE30Jan20830CE.NFO,07/01/2020,13:12:35,31.45,32.3,800,35,800,0,7200
MINDTREE30Jan20830CE.NFO,07/01/2020,13:12:55,31.45,32.35,800,35,800,0,7200
MINDTREE30Jan20830CE.NFO,07/01/2020,13:12:59,31.45,32.3,800,35,800,0,7200
MINDTREE30Jan20830CE.NFO,07/01/2020,13:13:03,31.45,32.1,4000,35,800,0,7200
MINDTREE30Jan20830CE.NFO,07/01/2020,13:13:28,31.45,32.15,2400,35,800,0,7200
MINDTREE30Jan20830CE.NFO,07/01/2020,13:13:33,31.45,32.2,4000,35,800,0,7200
MINDTREE30Jan20830CE.NFO,07/01/2020,13:13:38,31.45,32.25,4000,35,800,0,7200
MINDTREE30Jan20830CE.NFO,07/01/2020,13:13:46,31.45,32.25,1600,35,800,0,7200
MINDTREE30Jan20830CE.NFO,07/01/2020,13:13:50,31.45,32.3,4000,35,800,0,7200
MINDTREE30Jan20830CE.NFO,07/01/2020,13:14:02,31.45,32.3,1600,35,800,0,7200
MINDTREE30Jan20830CE.NFO,07/01/2020,13:14:56,35,32.3,1600,35.75,800,800,7200
MINDTREE30Jan20830CE.NFO,07/01/2020,13:14:56,35,32.3,1600,35.75,800,0,7200
MINDTREE30Jan20830CE.NFO,07/01/2020,13:15:03,35,32.3,1600,35.75,2400,0,7200
MINDTREE30Jan20830CE.NFO,07/01/2020,13:15:10,35,32.1,4000,35.75,2400,0,7200
MINDTREE30Jan20830CE.NFO,07/01/2020,13:15:19,35,32.1,4000,35.75,800,0,7200
MINDTREE30Jan20830CE.NFO,07/01/2020,13:15:33,35,32.1,4000,35.75,2400,0,7200
MINDTREE30Jan20830CE.NFO,07/01/2020,13:15:53,35,32.15,1600,35.75,2400,0,7200
MINDTREE30Jan20830CE.NFO,07/01/2020,13:16:17,35,32.15,1600,35.75,800,0,7200
MINDTREE30Jan20830CE.NFO,07/01/2020,13:16:30,35,32.15,3200,35.75,800,0,7200
MINDTREE30Jan20830CE.NFO,07/01/2020,13:17:31,35,32.15,3200,35.75,2400,0,7200
MINDTREE30Jan20830CE.NFO,07/01/2020,13:17:37,35,32.15,1600,35.75,2400,0,7200
MINDTREE30Jan20830CE.NFO,07/01/2020,13:17:43,35,32.15,3200,35.75,2400,0,7200
MINDTREE30Jan20830CE.NFO,07/01/2020,13:17:53,35,32.15,3200,35.75,800,0,7200
MINDTREE30Jan20830CE.NFO,07/01/2020,13:18:02,35,32.15,3200,35.75,2400,0,7200
MINDTREE30Jan20830CE.NFO,07/01/2020,13:18:25,35,32.15,3200,35.75,800,0,7200
MINDTREE30Jan20830CE.NFO,07/01/2020,13:19:21,35,32.15,3200,35,800,0,7200
MINDTREE30Jan20830CE.NFO,07/01/2020,13:19:39,35,32.15,1600,34.8,800,0,7200
MINDTREE30Jan20830CE.NFO,07/01/2020,13:19:48,35,32.15,1600,34.5,800,0,7200
MINDTREE30Jan20830CE.NFO,07/01/2020,13:20:01,35,32.15,3200,34.2,800,0,7200
MINDTREE30Jan20830CE.NFO,07/01/2020,13:20:06,35,32.15,1600,34.2,800,0,7200
MINDTREE30Jan20830CE.NFO,07/01/2020,13:20:10,35,32.15,3200,34.2,800,0,7200
MINDTREE30Jan20830CE.NFO,07/01/2020,13:20:16,35,32.15,1600,34,800,0,7200
MINDTREE30Jan20830CE.NFO,07/01/2020,13:20:21,34,32.15,3200,35.75,800,800,7200
MINDTREE30Jan20830CE.NFO,07/01/2020,13:20:29,34,32.15,3200,35.75,800,0,7200
MINDTREE30Jan20830CE.NFO,07/01/2020,13:20:37,34,32.15,1600,35.75,800,0,7200
MINDTREE30Jan20830CE.NFO,07/01/2020,13:20:41,34,32.15,3200,35.75,800,0,7200
MINDTREE30Jan20830CE.NFO,07/01/2020,13:20:50,34,32.2,2400,35.75,800,0,7200
MINDTREE30Jan20830CE.NFO,07/01/2020,13:21:40,34,32.2,4000,34.4,800,0,7200
MINDTREE30Jan20830CE.NFO,07/01/2020,13:21:55,34,32.25,4000,34.4,800,0,7200
MINDTREE30Jan20830CE.NFO,07/01/2020,13:21:59,34,32.6,4000,34.4,800,0,7200
MINDTREE30Jan20830CE.NFO,07/01/2020,13:22:11,34.4,32.8,1600,35.2,800,800,6400
MINDTREE30Jan20830CE.NFO,07/01/2020,13:22:23,34.4,32.8,3200,35.2,800,0,6400
MINDTREE30Jan20830CE.NFO,07/01/2020,13:22:28,34.4,32.8,3200,35.7,800,0,6400
MINDTREE30Jan20830CE.NFO,07/01/2020,13:22:33,34.4,32.85,5600,35.7,800,0,6400
MINDTREE30Jan20830CE.NFO,07/01/2020,13:22:38,34.4,32.85,1600,35.7,800,0,6400
MINDTREE30Jan20830CE.NFO,07/01/2020,13:22:54,34.4,32.85,3200,35.7,800,0,6400
MINDTREE30Jan20830CE.NFO,07/01/2020,13:22:59,34.4,32.85,1600,35.7,800,0,6400
MINDTREE30Jan20830CE.NFO,07/01/2020,13:23:17,34.4,32.85,3200,35.7,800,0,6400
MINDTREE30Jan20830CE.NFO,07/01/2020,13:23:23,34.4,32.85,1600,35.7,800,0,6400
MINDTREE30Jan20830CE.NFO,07/01/2020,13:23:28,34.4,32.15,4800,35.7,800,0,6400
MINDTREE30Jan20830CE.NFO,07/01/2020,13:23:50,34.4,32.2,5600,35.7,800,0,6400
MINDTREE30Jan20830CE.NFO,07/01/2020,13:23:56,34.4,32.2,2400,35.7,800,0,6400
MINDTREE30Jan20830CE.NFO,07/01/2020,13:24:20,34.4,32.2,4000,35.7,800,0,6400
MINDTREE30Jan20830CE.NFO,07/01/2020,13:24:31,34.4,32.2,2400,35.7,800,0,6400
MINDTREE30Jan20830CE.NFO,07/01/2020,13:24:36,34.4,32.2,4000,35.7,800,0,6400
MINDTREE30Jan20830CE.NFO,07/01/2020,13:25:15,34.4,32.2,2400,35.7,800,0,6400
MINDTREE30Jan20830CE.NFO,07/01/2020,13:25:22,34.4,32.2,4000,35.7,800,0,6400
MINDTREE30Jan20830CE.NFO,07/01/2020,13:25:58,34.4,32.2,5600,35.7,800,0,6400
MINDTREE30Jan20830CE.NFO,07/01/2020,13:26:02,34.4,32.2,4000,35.7,800,0,6400
MINDTREE30Jan20830CE.NFO,07/01/2020,13:26:07,34.4,32.2,5600,35.7,800,0,6400
MINDTREE30Jan20830CE.NFO,07/01/2020,13:26:22,34.4,32.35,4800,35.7,800,0,6400
MINDTREE30Jan20830CE.NFO,07/01/2020,13:26:28,34.4,32.45,4000,35.7,800,0,6400
MINDTREE30Jan20830CE.NFO,07/01/2020,13:26:39,34.4,32.45,5600,35.7,800,0,6400
MINDTREE30Jan20830CE.NFO,07/01/2020,13:26:45,34.4,32.45,4000,35.7,800,0,6400
MINDTREE30Jan20830CE.NFO,07/01/2020,13:27:34,34.4,32.45,5600,35.7,800,0,6400
MINDTREE30Jan20830CE.NFO,07/01/2020,13:27:40,34.4,32.45,4000,35.7,800,0,6400
MINDTREE30Jan20830CE.NFO,07/01/2020,13:27:47,34.4,32.45,5600,35.7,800,0,6400
MINDTREE30Jan20830CE.NFO,07/01/2020,13:27:54,34.4,32.45,4000,35.7,800,0,6400
MINDTREE30Jan20830CE.NFO,07/01/2020,13:28:17,34.4,32.55,3200,35.7,800,0,6400
MINDTREE30Jan20830CE.NFO,07/01/2020,13:28:44,34.4,32.55,1600,35.7,800,0,6400
MINDTREE30Jan20830CE.NFO,07/01/2020,13:29:16,34.4,32.55,3200,35.7,800,0,6400
MINDTREE30Jan20830CE.NFO,07/01/2020,13:29:41,34.4,32.45,2400,35.7,800,0,6400
MINDTREE30Jan20830CE.NFO,07/01/2020,13:29:47,34.4,32.45,4000,35.7,800,0,6400
MINDTREE30Jan20830CE.NFO,07/01/2020,13:29:53,34.4,32.45,2400,35.7,800,0,6400
MINDTREE30Jan20830CE.NFO,07/01/2020,13:29:59,34.4,32.45,4000,35.7,800,0,6400
MINDTREE30Jan20830CE.NFO,07/01/2020,13:30:12,34.4,32.45,2400,35.7,800,0,6400
MINDTREE30Jan20830CE.NFO,07/01/2020,13:30:36,34.4,31.8,5600,35.7,800,0,6400
MINDTREE30Jan20830CE.NFO,07/01/2020,13:30:41,34.4,32.1,5600,35.7,800,0,6400
MINDTREE30Jan20830CE.NFO,07/01/2020,13:31:24,34.4,32.15,5600,35.7,800,0,6400
MINDTREE30Jan20830CE.NFO,07/01/2020,13:32:15,34.4,32.3,5600,35.7,800,0,6400
MINDTREE30Jan20830CE.NFO,07/01/2020,13:34:52,34.4,32.3,5600,35.65,800,0,6400
MINDTREE30Jan20830CE.NFO,07/01/2020,13:37:15,34.4,32.35,8800,35.65,800,0,6400
MINDTREE30Jan20830CE.NFO,07/01/2020,13:37:18,34.4,32.35,10400,35.65,800,0,6400
MINDTREE30Jan20830CE.NFO,07/01/2020,13:37:29,34.4,32.5,5600,35.65,800,0,6400
MINDTREE30Jan20830CE.NFO,07/01/2020,13:37:33,34.4,32.65,5600,35.65,800,0,6400
MINDTREE30Jan20830CE.NFO,07/01/2020,13:37:51,34.4,32.65,1600,35.6,800,0,6400
MINDTREE30Jan20830CE.NFO,07/01/2020,13:38:07,34.4,32.65,1600,35.65,800,0,6400
MINDTREE30Jan20830CE.NFO,07/01/2020,13:39:08,34.4,32.65,1600,35.6,800,0,6400
MINDTREE30Jan20830CE.NFO,07/01/2020,13:39:53,34.4,32.65,4800,35.6,800,0,6400
MINDTREE30Jan20830CE.NFO,07/01/2020,13:40:07,34.4,32.65,4800,35.65,800,0,6400
MINDTREE30Jan20830CE.NFO,07/01/2020,13:40:15,34.4,32.7,7200,35.65,800,0,6400
MINDTREE30Jan20830CE.NFO,07/01/2020,13:40:19,34.4,33.05,3200,35.65,800,0,6400
MINDTREE30Jan20830CE.NFO,07/01/2020,13:40:26,34.4,33.05,2400,35.65,800,0,6400
MINDTREE30Jan20830CE.NFO,07/01/2020,13:40:30,34.4,33.05,800,35.65,800,0,6400
MINDTREE30Jan20830CE.NFO,07/01/2020,13:40:43,34.4,33.05,2400,35.65,800,0,6400
MINDTREE30Jan20830CE.NFO,07/01/2020,13:40:53,34.4,33.05,800,35.65,800,0,6400
MINDTREE30Jan20830CE.NFO,07/01/2020,13:40:57,34.4,33.05,2400,35.65,800,0,6400
MINDTREE30Jan20830CE.NFO,07/01/2020,13:41:22,34.4,33.1,2400,35.65,800,0,6400
MINDTREE30Jan20830CE.NFO,07/01/2020,13:41:25,34.4,33.05,2400,35.6,800,0,6400
MINDTREE30Jan20830CE.NFO,07/01/2020,13:41:31,34.4,33.1,1600,35.65,800,0,6400
MINDTREE30Jan20830CE.NFO,07/01/2020,13:41:35,34.4,33.05,2400,35.6,800,0,6400
MINDTREE30Jan20830CE.NFO,07/01/2020,13:41:41,34.4,32.6,6400,35.6,800,0,6400
MINDTREE30Jan20830CE.NFO,07/01/2020,13:41:52,34.4,32.65,6400,35.6,800,0,6400
MINDTREE30Jan20830CE.NFO,07/01/2020,13:41:57,34.4,32.75,6400,35.6,800,0,6400
MINDTREE30Jan20830CE.NFO,07/01/2020,13:42:02,34.4,32.8,5600,35.6,800,0,6400
MINDTREE30Jan20830CE.NFO,07/01/2020,13:42:06,34.4,32.8,2400,35.6,800,0,6400
MINDTREE30Jan20830CE.NFO,07/01/2020,13:42:40,34.4,33,1600,35.6,800,0,6400
MINDTREE30Jan20830CE.NFO,07/01/2020,13:42:43,34.4,33.15,1600,35.6,800,0,6400
MINDTREE30Jan20830CE.NFO,07/01/2020,13:42:47,34.4,33.2,4000,35.6,800,0,6400
MINDTREE30Jan20830CE.NFO,07/01/2020,13:42:52,34.4,33.15,3200,35.6,800,0,6400
MINDTREE30Jan20830CE.NFO,07/01/2020,13:42:56,34.4,33.15,1600,35.6,800,0,6400
MINDTREE30Jan20830CE.NFO,07/01/2020,13:43:00,34.4,32.5,6400,35.6,800,0,6400
MINDTREE30Jan20830CE.NFO,07/01/2020,13:43:16,34.4,32.5,8000,35.6,800,0,6400
MINDTREE30Jan20830CE.NFO,07/01/2020,13:43:21,34.4,32.5,6400,35.6,800,0,6400
MINDTREE30Jan20830CE.NFO,07/01/2020,13:43:51,34.4,32.5,8000,35.6,800,0,6400
MINDTREE30Jan20830CE.NFO,07/01/2020,13:44:01,34.4,32.5,6400,35.6,800,0,6400
MINDTREE30Jan20830CE.NFO,07/01/2020,13:44:24,34.4,32.5,8000,35.6,800,0,6400
MINDTREE30Jan20830CE.NFO,07/01/2020,13:45:23,34.4,33.85,1600,35.6,800,0,6400
MINDTREE30Jan20830CE.NFO,07/01/2020,13:45:45,34.4,33.05,3200,35.6,800,0,6400
MINDTREE30Jan20830CE.NFO,07/01/2020,13:45:52,34.4,33.05,4800,35.6,800,0,6400
MINDTREE30Jan20830CE.NFO,07/01/2020,13:45:57,34.4,33.3,2400,35.6,800,0,6400
MINDTREE30Jan20830CE.NFO,07/01/2020,13:46:02,34.4,33.3,1600,35.6,800,0,6400
MINDTREE30Jan20830CE.NFO,07/01/2020,13:46:19,34.4,33.3,800,35.6,800,0,6400
MINDTREE30Jan20830CE.NFO,07/01/2020,13:46:27,34.4,32.75,2400,35.6,800,0,6400
MINDTREE30Jan20830CE.NFO,07/01/2020,13:46:34,34.4,32.75,5600,35.6,800,0,6400
MINDTREE30Jan20830CE.NFO,07/01/2020,13:46:50,34.4,32.8,4800,35.6,800,0,6400
MINDTREE30Jan20830CE.NFO,07/01/2020,13:47:32,34.4,32.85,5600,35.6,800,0,6400
MINDTREE30Jan20830CE.NFO,07/01/2020,13:47:43,34.4,32.85,4800,35.6,800,0,6400
MINDTREE30Jan20830CE.NFO,07/01/2020,13:47:52,34.4,32.9,1600,35.6,800,0,6400
MINDTREE30Jan20830CE.NFO,07/01/2020,13:48:08,34.4,33,5600,35.6,800,0,6400
MINDTREE30Jan20830CE.NFO,07/01/2020,13:48:22,34.4,33.05,5600,35.6,800,0,6400
MINDTREE30Jan20830CE.NFO,07/01/2020,13:48:27,34.4,33.05,1600,35.6,800,0,6400
MINDTREE30Jan20830CE.NFO,07/01/2020,13:48:46,34.4,33.05,4800,35.6,800,0,6400
MINDTREE30Jan20830CE.NFO,07/01/2020,13:48:57,34.4,33.05,3200,35.6,800,0,6400
MINDTREE30Jan20830CE.NFO,07/01/2020,13:49:03,34.4,33.05,1600,35.6,800,0,6400
MINDTREE30Jan20830CE.NFO,07/01/2020,13:49:10,34.4,33,2400,35.6,800,0,6400
MINDTREE30Jan20830CE.NFO,07/01/2020,13:49:21,34.4,33,800,35.6,800,0,6400
MINDTREE30Jan20830CE.NFO,07/01/2020,13:49:28,34.4,32.35,6400,35.6,800,0,6400
MINDTREE30Jan20830CE.NFO,07/01/2020,13:49:35,34.4,32.4,3200,35.6,800,0,6400
MINDTREE30Jan20830CE.NFO,07/01/2020,13:49:40,34.4,32.4,4800,35.6,800,0,6400
MINDTREE30Jan20830CE.NFO,07/01/2020,13:49:49,34.4,32.4,6400,35.6,800,0,6400
MINDTREE30Jan20830CE.NFO,07/01/2020,13:50:26,34.4,32.4,4800,35.6,800,0,6400
MINDTREE30Jan20830CE.NFO,07/01/2020,13:50:39,34.4,32.4,6400,35.6,800,0,6400
MINDTREE30Jan20830CE.NFO,07/01/2020,13:50:47,34.4,32.4,4800,35.6,800,0,6400
MINDTREE30Jan20830CE.NFO,07/01/2020,13:51:01,34.4,32.4,6400,35.6,800,0,6400
MINDTREE30Jan20830CE.NFO,07/01/2020,13:52:02,34.4,32.45,6400,35.6,800,0,6400
MINDTREE30Jan20830CE.NFO,07/01/2020,13:52:32,34.4,32.45,4800,35.6,800,0,6400
MINDTREE30Jan20830CE.NFO,07/01/2020,13:53:51,34.4,32.5,5600,35.6,800,0,6400
MINDTREE30Jan20830CE.NFO,07/01/2020,13:54:04,34.4,32.5,2400,35.6,800,0,6400
MINDTREE30Jan20830CE.NFO,07/01/2020,13:55:20,34.4,33,1600,35.6,800,0,6400
MINDTREE30Jan20830CE.NFO,07/01/2020,13:55:36,34.4,33,800,35.6,800,0,6400
MINDTREE30Jan20830CE.NFO,07/01/2020,13:56:57,34.4,33.05,800,35.6,800,0,6400
MINDTREE30Jan20830CE.NFO,07/01/2020,13:59:53,34.4,33.05,800,35.65,800,0,6400
MINDTREE30Jan20830CE.NFO,07/01/2020,13:59:59,34.4,33.05,800,35.6,800,0,6400
MINDTREE30Jan20830CE.NFO,07/01/2020,14:02:36,34.4,33.05,2400,35.6,800,0,6400
MINDTREE30Jan20830CE.NFO,07/01/2020,14:02:40,34.4,33.05,800,35.6,800,0,6400
MINDTREE30Jan20830CE.NFO,07/01/2020,14:03:20,34.4,33.05,800,35.65,800,0,6400
MINDTREE30Jan20830CE.NFO,07/01/2020,14:03:45,34.4,33.05,800,35.6,800,0,6400
MINDTREE30Jan20830CE.NFO,07/01/2020,14:04:26,34.4,33.05,2400,35.6,800,0,6400
MINDTREE30Jan20830CE.NFO,07/01/2020,14:04:41,34.4,33.05,800,35.6,800,0,6400
MINDTREE30Jan20830CE.NFO,07/01/2020,14:04:48,34.4,34,800,35.6,800,0,6400
MINDTREE30Jan20830CE.NFO,07/01/2020,14:14:11,34.4,34,800,35.65,800,0,6400
MINDTREE30Jan20830CE.NFO,07/01/2020,14:14:17,34.4,34,800,35.6,800,0,6400
MINDTREE30Jan20830CE.NFO,07/01/2020,14:24:10,34.4,32.35,2400,35.6,800,0,6400
MINDTREE30Jan20830CE.NFO,07/01/2020,14:24:24,34.4,32.35,4000,35.6,800,0,6400
MINDTREE30Jan20830CE.NFO,07/01/2020,14:24:52,34.4,32.4,4000,35.6,800,0,6400
MINDTREE30Jan20830CE.NFO,07/01/2020,14:25:25,34.4,32.45,3200,35.6,800,0,6400
MINDTREE30Jan20830CE.NFO,07/01/2020,14:25:54,34.4,32.5,4800,35.6,800,0,6400
MINDTREE30Jan20830CE.NFO,07/01/2020,14:25:58,34.4,32.6,3200,35.6,800,0,6400
MINDTREE30Jan20830CE.NFO,07/01/2020,14:26:30,34.4,32.65,3200,35.6,800,0,6400
MINDTREE30Jan20830CE.NFO,07/01/2020,14:26:54,34.4,32.65,1600,35.6,800,0,6400
MINDTREE30Jan20830CE.NFO,07/01/2020,14:26:58,34.4,32.65,3200,35.6,800,0,6400
MINDTREE30Jan20830CE.NFO,07/01/2020,14:27:08,34.4,32.7,4000,35.6,800,0,6400
MINDTREE30Jan20830CE.NFO,07/01/2020,14:27:22,34.4,32.85,2400,35.6,800,0,6400
MINDTREE30Jan20830CE.NFO,07/01/2020,14:27:41,34.4,32.85,4000,35.6,800,0,6400
MINDTREE30Jan20830CE.NFO,07/01/2020,14:27:45,34.4,32.85,2400,35.6,800,0,6400
MINDTREE30Jan20830CE.NFO,07/01/2020,14:29:46,34.4,32.85,4000,35.6,800,0,6400
MINDTREE30Jan20830CE.NFO,07/01/2020,14:30:06,34.4,32.85,2400,35.6,800,0,6400
MINDTREE30Jan20830CE.NFO,07/01/2020,14:30:35,34.4,32.85,4000,35.6,800,0,6400
MINDTREE30Jan20830CE.NFO,07/01/2020,14:31:00,34.4,32.85,2400,35.6,800,0,6400
MINDTREE30Jan20830CE.NFO,07/01/2020,14:31:14,34.4,32.85,4000,35.6,800,0,6400
MINDTREE30Jan20830CE.NFO,07/01/2020,14:31:21,34.4,32.85,2400,35.6,800,0,6400
MINDTREE30Jan20830CE.NFO,07/01/2020,14:32:04,34.4,32.85,1600,35.6,800,0,6400
MINDTREE30Jan20830CE.NFO,07/01/2020,14:32:59,34.4,32.9,2400,35.6,800,0,6400
MINDTREE30Jan20830CE.NFO,07/01/2020,14:33:16,34.4,32.9,1600,35.6,800,0,6400
MINDTREE30Jan20830CE.NFO,07/01/2020,14:33:45,34.4,32.95,1600,35.6,800,0,6400
MINDTREE30Jan20830CE.NFO,07/01/2020,14:35:29,34.4,32.8,2400,35.6,800,0,6400
MINDTREE30Jan20830CE.NFO,07/01/2020,14:36:30,34.4,32.8,4000,35.6,800,0,6400
MINDTREE30Jan20830CE.NFO,07/01/2020,14:36:43,34.4,32.85,1600,35.6,800,0,6400
MINDTREE30Jan20830CE.NFO,07/01/2020,14:37:54,34.4,32.85,3200,35.6,800,0,6400
MINDTREE30Jan20830CE.NFO,07/01/2020,14:38:03,34.4,34,800,35.6,800,0,6400
MINDTREE30Jan20830CE.NFO,07/01/2020,14:43:48,34.4,33.05,2400,35.6,800,0,6400
MINDTREE30Jan20830CE.NFO,07/01/2020,14:43:52,34.4,31.55,4000,35.6,800,0,6400
MINDTREE30Jan20830CE.NFO,07/01/2020,14:44:19,34.4,31.55,7200,35.6,800,0,6400
MINDTREE30Jan20830CE.NFO,07/01/2020,14:44:23,34.4,31.55,4000,35.6,800,0,6400
MINDTREE30Jan20830CE.NFO,07/01/2020,14:44:27,34.4,31.55,5600,35.6,800,0,6400
MINDTREE30Jan20830CE.NFO,07/01/2020,14:44:38,34.4,31.55,7200,35.6,800,0,6400
MINDTREE30Jan20830CE.NFO,07/01/2020,14:44:43,34.4,31.55,5600,35.6,800,0,6400
MINDTREE30Jan20830CE.NFO,07/01/2020,14:44:47,34.4,31.55,4000,35.6,800,0,6400
MINDTREE30Jan20830CE.NFO,07/01/2020,14:44:51,34.4,31.55,7200,35.6,800,0,6400
MINDTREE30Jan20830CE.NFO,07/01/2020,14:44:55,34.4,31.8,6400,35.6,800,0,6400
MINDTREE30Jan20830CE.NFO,07/01/2020,14:45:00,34.4,32.05,2400,35.6,800,0,6400
MINDTREE30Jan20830CE.NFO,07/01/2020,14:45:05,34.4,32.1,4000,35.55,800,0,6400
MINDTREE30Jan20830CE.NFO,07/01/2020,14:45:22,34.4,32.1,2400,35.55,800,0,6400
MINDTREE30Jan20830CE.NFO,07/01/2020,14:45:30,34.4,32.1,4000,35.55,800,0,6400
MINDTREE30Jan20830CE.NFO,07/01/2020,14:45:37,34.4,32.1,2400,35.55,800,0,6400
MINDTREE30Jan20830CE.NFO,07/01/2020,14:45:42,34.4,32.1,4000,35.55,800,0,6400
MINDTREE30Jan20830CE.NFO,07/01/2020,14:45:48,34.4,32.1,2400,35.55,800,0,6400
MINDTREE30Jan20830CE.NFO,07/01/2020,14:45:54,34.4,32.1,2400,35.6,1600,0,6400
MINDTREE30Jan20830CE.NFO,07/01/2020,14:46:49,34.4,32.1,2400,35.6,800,0,6400
MINDTREE30Jan20830CE.NFO,07/01/2020,14:47:14,34.4,32.15,1600,35.6,800,0,6400
MINDTREE30Jan20830CE.NFO,07/01/2020,14:47:26,34.4,32.15,3200,35.6,800,0,6400
MINDTREE30Jan20830CE.NFO,07/01/2020,14:48:01,34.4,32.15,1600,35.6,800,0,6400
MINDTREE30Jan20830CE.NFO,07/01/2020,14:48:05,34.4,32.15,3200,35.6,800,0,6400
MINDTREE30Jan20830CE.NFO,07/01/2020,14:48:16,34.4,32.2,4000,35.6,800,0,6400
MINDTREE30Jan20830CE.NFO,07/01/2020,14:48:26,34.4,32.3,4000,35.6,800,0,6400
MINDTREE30Jan20830CE.NFO,07/01/2020,14:48:32,34.4,32.25,2400,35.6,800,0,6400
MINDTREE30Jan20830CE.NFO,07/01/2020,14:50:02,34.4,32.25,4000,35.6,800,0,6400
MINDTREE30Jan20830CE.NFO,07/01/2020,14:50:34,34.4,32.25,2400,35.6,800,0,6400
MINDTREE30Jan20830CE.NFO,07/01/2020,14:50:41,34.4,32.25,4000,35.6,800,0,6400
MINDTREE30Jan20830CE.NFO,07/01/2020,14:50:46,34.4,32.3,4000,35.6,800,0,6400
MINDTREE30Jan20830CE.NFO,07/01/2020,14:50:51,34.4,32.3,3200,35.6,800,0,6400
MINDTREE30Jan20830CE.NFO,07/01/2020,14:51:22,34.4,32.3,1600,35.6,800,0,6400
MINDTREE30Jan20830CE.NFO,07/01/2020,14:51:26,34.4,32.3,3200,35.6,800,0,6400
MINDTREE30Jan20830CE.NFO,07/01/2020,14:51:36,34.4,32.3,1600,35.6,800,0,6400
MINDTREE30Jan20830CE.NFO,07/01/2020,14:51:41,34.4,32.35,2400,35.6,800,0,6400
MINDTREE30Jan20830CE.NFO,07/01/2020,14:51:46,34.4,32.35,4000,35.6,800,0,6400
MINDTREE30Jan20830CE.NFO,07/01/2020,14:51:51,34.4,32.35,2400,35.6,800,0,6400
MINDTREE30Jan20830CE.NFO,07/01/2020,14:51:56,34.4,32.35,4000,35.6,800,0,6400
MINDTREE30Jan20830CE.NFO,07/01/2020,14:52:12,34.4,32.4,2400,35.6,800,0,6400
MINDTREE30Jan20830CE.NFO,07/01/2020,14:52:20,34.4,32.35,800,35.5,800,0,6400
MINDTREE30Jan20830CE.NFO,07/01/2020,14:53:07,34.4,32.35,1600,35.5,800,0,6400
MINDTREE30Jan20830CE.NFO,07/01/2020,14:53:14,34.4,32.35,800,35.5,800,0,6400
MINDTREE30Jan20830CE.NFO,07/01/2020,14:53:37,34.4,32.35,3200,35.5,800,0,6400
MINDTREE30Jan20830CE.NFO,07/01/2020,14:53:58,34.4,32.35,1600,35.5,800,0,6400
MINDTREE30Jan20830CE.NFO,07/01/2020,14:54:10,34.4,32.35,3200,35.5,800,0,6400
MINDTREE30Jan20830CE.NFO,07/01/2020,15:00:14,34.4,32.35,4800,35.5,800,0,6400
MINDTREE30Jan20830CE.NFO,07/01/2020,15:00:22,34.4,32.35,3200,35.5,800,0,6400
MINDTREE30Jan20830CE.NFO,07/01/2020,15:00:59,34.4,32.35,4800,35.5,800,0,6400
MINDTREE30Jan20830CE.NFO,07/01/2020,15:01:05,34.4,32.35,3200,35.5,800,0,6400
MINDTREE30Jan20830CE.NFO,07/01/2020,15:01:10,34.4,32.35,4800,35.5,800,0,6400
MINDTREE30Jan20830CE.NFO,07/01/2020,15:01:31,34.4,32.35,4000,35.5,800,0,6400
MINDTREE30Jan20830CE.NFO,07/01/2020,15:01:52,34.4,32.35,4800,35.5,800,0,6400
MINDTREE30Jan20830CE.NFO,07/01/2020,15:02:05,34.4,32.35,3200,35.5,800,0,6400
MINDTREE30Jan20830CE.NFO,07/01/2020,15:02:11,34.4,32.35,4800,35.5,800,0,6400
MINDTREE30Jan20830CE.NFO,07/01/2020,15:02:23,34.4,32.35,3200,35.5,800,0,6400
MINDTREE30Jan20830CE.NFO,07/01/2020,15:02:39,34.4,32.35,3200,35.4,800,0,6400
MINDTREE30Jan20830CE.NFO,07/01/2020,15:03:10,34.4,32.35,4800,35.4,800,0,6400
MINDTREE30Jan20830CE.NFO,07/01/2020,15:03:21,34.4,32.35,3200,35.4,800,0,6400
MINDTREE30Jan20830CE.NFO,07/01/2020,15:03:36,34.4,32.35,3200,35.3,800,0,6400
MINDTREE30Jan20830CE.NFO,07/01/2020,15:04:06,34.4,32.35,1600,35.3,800,0,6400
MINDTREE30Jan20830CE.NFO,07/01/2020,15:04:18,34.4,32.35,1600,35.35,800,0,6400
MINDTREE30Jan20830CE.NFO,07/01/2020,15:04:29,34.4,32.35,3200,35.6,800,0,6400
MINDTREE30Jan20830CE.NFO,07/01/2020,15:04:35,34.4,32.35,4800,35.6,800,0,6400
MINDTREE30Jan20830CE.NFO,07/01/2020,15:04:54,34.4,32.35,3200,35.6,800,0,6400
MINDTREE30Jan20830CE.NFO,07/01/2020,15:04:59,34.4,32.35,1600,35.6,800,0,6400
MINDTREE30Jan20830CE.NFO,07/01/2020,15:05:03,34.4,32.35,3200,35.6,800,0,6400
MINDTREE30Jan20830CE.NFO,07/01/2020,15:05:11,34.4,32.35,4800,35.6,800,0,6400
MINDTREE30Jan20830CE.NFO,07/01/2020,15:05:49,34.4,32.35,4800,35.65,800,0,6400
MINDTREE30Jan20830CE.NFO,07/01/2020,15:05:54,34.4,32.35,4800,35.6,800,0,6400
MINDTREE30Jan20830CE.NFO,07/01/2020,15:06:04,34.4,32.35,4800,35.65,800,0,6400
MINDTREE30Jan20830CE.NFO,07/01/2020,15:06:09,34.4,32.35,4800,35.6,800,0,6400
MINDTREE30Jan20830CE.NFO,07/01/2020,15:06:20,34.4,32.4,3200,35.6,800,0,6400
MINDTREE30Jan20830CE.NFO,07/01/2020,15:06:24,34.4,32.45,4000,35.6,800,0,6400
MINDTREE30Jan20830CE.NFO,07/01/2020,15:06:29,34.4,32.5,3200,35.6,800,0,6400
MINDTREE30Jan20830CE.NFO,07/01/2020,15:06:34,34.4,32.9,3200,35.65,800,0,6400
MINDTREE30Jan20830CE.NFO,07/01/2020,15:06:38,34.4,32.4,7200,35.65,800,0,6400
MINDTREE30Jan20830CE.NFO,07/01/2020,15:06:43,34.4,33,4000,35.65,800,0,6400
MINDTREE30Jan20830CE.NFO,07/01/2020,15:06:48,34.4,33.35,2400,35.65,800,0,6400
MINDTREE30Jan20830CE.NFO,07/01/2020,15:06:53,34.4,33.35,800,35.65,800,0,6400
MINDTREE30Jan20830CE.NFO,07/01/2020,15:06:57,34.4,33.45,5600,35.65,800,0,6400
MINDTREE30Jan20830CE.NFO,07/01/2020,15:07:09,35.65,33.45,4800,36.5,800,800,6400
MINDTREE30Jan20830CE.NFO,07/01/2020,15:07:09,35.65,33.45,4800,36.5,800,0,6400
MINDTREE30Jan20830CE.NFO,07/01/2020,15:07:15,35.65,33.45,6400,36.5,800,0,6400
MINDTREE30Jan20830CE.NFO,07/01/2020,15:07:27,35.65,33.45,6400,37.4,800,0,6400
MINDTREE30Jan20830CE.NFO,07/01/2020,15:07:47,35.65,33.5,6400,37.4,800,0,6400
MINDTREE30Jan20830CE.NFO,07/01/2020,15:07:53,35.65,33.85,6400,37.4,800,0,6400
MINDTREE30Jan20830CE.NFO,07/01/2020,15:07:59,35.65,35.05,4000,37.4,800,0,6400
MINDTREE30Jan20830CE.NFO,07/01/2020,15:08:25,35.65,35.05,3200,37.4,800,0,6400
MINDTREE30Jan20830CE.NFO,07/01/2020,15:08:37,35.65,36,800,37.4,800,0,6400
MINDTREE30Jan20830CE.NFO,07/01/2020,15:14:06,35.65,36,800,38.25,2400,0,6400
MINDTREE30Jan20830CE.NFO,07/01/2020,15:14:10,35.65,36,800,38.25,800,0,6400
MINDTREE30Jan20830CE.NFO,07/01/2020,15:14:15,35.65,36,800,38.25,2400,0,6400
MINDTREE30Jan20830CE.NFO,07/01/2020,15:14:20,35.65,36,800,38.25,800,0,6400
MINDTREE30Jan20830CE.NFO,07/01/2020,15:15:48,35.65,36,800,38.25,2400,0,6400
MINDTREE30Jan20830CE.NFO,07/01/2020,15:16:09,35.65,36,800,38.25,800,0,6400
MINDTREE30Jan20830CE.NFO,07/01/2020,15:17:10,35.65,36,800,38.25,2400,0,6400
MINDTREE30Jan20830CE.NFO,07/01/2020,15:17:17,35.65,36,800,38.15,800,0,6400
MINDTREE30Jan20830CE.NFO,07/01/2020,15:17:24,35.65,35,800,38.15,800,0,6400
MINDTREE30Jan20830CE.NFO,07/01/2020,15:17:31,35.65,34.7,800,38.15,2400,0,6400
MINDTREE30Jan20830CE.NFO,07/01/2020,15:17:38,35.65,34.7,800,38.05,800,0,6400
MINDTREE30Jan20830CE.NFO,07/01/2020,15:17:50,35.65,34.25,4000,38.05,800,0,6400
MINDTREE30Jan20830CE.NFO,07/01/2020,15:18:03,35.65,34.25,3200,38.05,800,0,6400
MINDTREE30Jan20830CE.NFO,07/01/2020,15:18:52,35.65,34.3,3200,38.05,800,0,6400
MINDTREE30Jan20830CE.NFO,07/01/2020,15:18:58,35.65,34.4,3200,38.05,800,0,6400
MINDTREE30Jan20830CE.NFO,07/01/2020,15:19:05,35.65,34.45,5600,38.05,800,0,6400
MINDTREE30Jan20830CE.NFO,07/01/2020,15:19:11,35.65,34.45,7200,39.15,4000,0,6400
MINDTREE30Jan20830CE.NFO,07/01/2020,15:19:23,35.65,34.55,5600,39.15,2400,0,6400
MINDTREE30Jan20830CE.NFO,07/01/2020,15:19:30,35.65,34.7,4000,39.15,2400,0,6400
MINDTREE30Jan20830CE.NFO,07/01/2020,15:19:36,35.65,34.7,3200,39.15,4000,0,6400
MINDTREE30Jan20830CE.NFO,07/01/2020,15:19:48,35.65,34.75,800,39.15,4000,0,6400
MINDTREE30Jan20830CE.NFO,07/01/2020,15:19:54,35.65,33.95,7200,39.15,4000,0,6400
MINDTREE30Jan20830CE.NFO,07/01/2020,15:21:35,35.65,34.05,5600,39.15,4000,0,6400
MINDTREE30Jan20830CE.NFO,07/01/2020,15:21:48,35.65,34.05,4000,39.15,4000,0,6400
MINDTREE30Jan20830CE.NFO,07/01/2020,15:21:53,35.65,34.05,5600,39.15,4000,0,6400
MINDTREE30Jan20830CE.NFO,07/01/2020,15:21:58,35.65,34.05,4000,39.15,4000,0,6400
MINDTREE30Jan20830CE.NFO,07/01/2020,15:22:09,35.65,34.05,3200,39.15,7200,0,6400
MINDTREE30Jan20830CE.NFO,07/01/2020,15:22:28,35.65,34.1,3200,39.15,4000,0,6400
MINDTREE30Jan20830CE.NFO,07/01/2020,15:22:40,35.65,34.25,3200,39.15,4000,0,6400
MINDTREE30Jan20830CE.NFO,07/01/2020,15:22:46,35.65,34.4,1600,39.15,4000,0,6400
MINDTREE30Jan20830CE.NFO,07/01/2020,15:22:53,35.65,34.5,4000,39.15,4000,0,6400
MINDTREE30Jan20830CE.NFO,07/01/2020,15:22:59,35.65,34.7,3200,39.15,4000,0,6400
MINDTREE30Jan20830CE.NFO,07/01/2020,15:23:06,39.15,34.7,3200,39.15,3200,800,6400
MINDTREE30Jan20830CE.NFO,07/01/2020,15:23:06,39.15,34.7,3200,39.15,3200,0,6400
MINDTREE30Jan20830CE.NFO,07/01/2020,15:23:12,39.15,34.75,3200,39.1,2400,0,6400
MINDTREE30Jan20830CE.NFO,07/01/2020,15:23:19,39.15,34.75,3200,39.95,7200,0,6400
MINDTREE30Jan20830CE.NFO,07/01/2020,15:23:39,39.15,34.8,3200,39.95,7200,0,6400
MINDTREE30Jan20830CE.NFO,07/01/2020,15:24:11,39.15,33.95,7200,39.95,7200,0,6400
MINDTREE30Jan20830CE.NFO,07/01/2020,15:24:17,39.15,33.95,6400,39.95,7200,0,6400
MINDTREE30Jan20830CE.NFO,07/01/2020,15:25:02,39.15,33.95,6400,38.6,800,0,6400
MINDTREE30Jan20830CE.NFO,07/01/2020,15:25:07,39.15,33.95,6400,38.75,3200,0,6400
MINDTREE30Jan20830CE.NFO,07/01/2020,15:25:17,39.15,33.95,6400,39.5,9600,0,6400
MINDTREE30Jan20830CE.NFO,07/01/2020,15:25:22,39.15,33.95,6400,39.5,6400,0,6400
MINDTREE30Jan20830CE.NFO,07/01/2020,15:25:28,39.15,34.05,7200,38.85,4000,0,6400
MINDTREE30Jan20830CE.NFO,07/01/2020,15:25:33,39.15,34.05,7200,38.75,800,0,6400
MINDTREE30Jan20830CE.NFO,07/01/2020,15:25:39,39.15,34.1,6400,39.8,6400,0,6400
MINDTREE30Jan20830CE.NFO,07/01/2020,15:25:49,39.15,34.1,4800,39.8,6400,0,6400
MINDTREE30Jan20830CE.NFO,07/01/2020,15:25:58,39.15,34.1,6400,39.8,6400,0,6400
MINDTREE30Jan20830CE.NFO,07/01/2020,15:26:03,39.15,34.1,3200,39.8,6400,0,6400
MINDTREE30Jan20830CE.NFO,07/01/2020,15:26:15,39.15,34.1,3200,39.75,6400,0,6400
MINDTREE30Jan20830CE.NFO,07/01/2020,15:26:20,39.15,34.1,3200,39.7,6400,0,6400
MINDTREE30Jan20830CE.NFO,07/01/2020,15:26:32,39.15,34.1,3200,39.65,7200,0,6400
MINDTREE30Jan20830CE.NFO,07/01/2020,15:26:47,39.15,34.1,3200,39.55,7200,0,6400
MINDTREE30Jan20830CE.NFO,07/01/2020,15:26:58,39.15,34.1,3200,39.55,6400,0,6400
MINDTREE30Jan20830CE.NFO,07/01/2020,15:27:24,39.15,34.1,3200,39.5,8000,0,6400
MINDTREE30Jan20830CE.NFO,07/01/2020,15:27:30,39.15,34.1,3200,39.5,6400,0,6400
MINDTREE30Jan20830CE.NFO,07/01/2020,15:27:40,39.15,34.1,3200,39.45,8000,0,6400
MINDTREE30Jan20830CE.NFO,07/01/2020,15:27:44,39.15,34.1,3200,39.4,6400,0,6400
MINDTREE30Jan20830CE.NFO,07/01/2020,15:27:49,39.15,34.1,3200,39.35,7200,0,6400
MINDTREE30Jan20830CE.NFO,07/01/2020,15:28:10,39.15,34.1,3200,38.85,3200,0,6400
MINDTREE30Jan20830CE.NFO,07/01/2020,15:28:15,39.15,34.1,3200,38.8,3200,0,6400
MINDTREE30Jan20830CE.NFO,07/01/2020,15:28:44,39.15,34.1,3200,38.75,4000,0,6400
MINDTREE30Jan20830CE.NFO,07/01/2020,15:29:01,39.15,34.1,3200,38.75,3200,0,6400
MINDTREE30Jan20830CE.NFO,07/01/2020,15:29:08,39.15,34.1,3200,38.7,4000,0,6400
MINDTREE30Jan20830CE.NFO,07/01/2020,15:29:29,39.15,34.1,3200,38.7,3200,0,6400
MINDTREE30Jan20830CE.NFO,07/01/2020,15:29:57,39.15,34.15,3200,38.7,3200,0,6400
