Ticker,Date,Time,LTP,BuyPrice,BuyQty,SellPrice,SellQty,LTQ,OpenInterest
MINDTREE30Jan20810PE.NFO,07/01/2020,12:59:58,19,17.8,1600,20.15,1600,800,4000
MINDTREE30Jan20810PE.NFO,07/01/2020,12:59:58,19,17.8,1600,20.15,1600,0,4000
MINDTREE30Jan20810PE.NFO,07/01/2020,12:59:58,19,17.8,1600,20.15,1600,0,4000
MINDTREE30Jan20810PE.NFO,07/01/2020,12:59:58,19,17.8,1600,20.15,1600,0,4000
MINDTREE30Jan20810PE.NFO,07/01/2020,13:00:03,19,17.8,1600,20.15,1600,0,4000
MINDTREE30Jan20810PE.NFO,07/01/2020,13:00:08,19,18.25,800,20.15,1600,0,4000
MINDTREE30Jan20810PE.NFO,07/01/2020,13:00:16,19,18.2,1600,20.6,800,0,4000
MINDTREE30Jan20810PE.NFO,07/01/2020,13:00:23,19,18.25,800,20.6,800,0,4000
MINDTREE30Jan20810PE.NFO,07/01/2020,13:00:34,19,18.4,1600,20.6,800,0,4000
MINDTREE30Jan20810PE.NFO,07/01/2020,13:00:45,19,18.5,800,20.6,800,0,4000
MINDTREE30Jan20810PE.NFO,07/01/2020,13:01:08,19,18.5,800,21.05,2400,0,4000
MINDTREE30Jan20810PE.NFO,07/01/2020,13:01:41,19,18.45,800,21.05,2400,0,4000
MINDTREE30Jan20810PE.NFO,07/01/2020,13:01:47,19,18.55,800,21.05,2400,0,4000
MINDTREE30Jan20810PE.NFO,07/01/2020,13:02:04,19,18.5,800,21.05,2400,0,4000
MINDTREE30Jan20810PE.NFO,07/01/2020,13:02:10,19,18.5,800,21.35,2400,0,4000
MINDTREE30Jan20810PE.NFO,07/01/2020,13:02:15,19,18.55,800,21.35,2400,0,4000
MINDTREE30Jan20810PE.NFO,07/01/2020,13:02:21,19,18.6,800,21.35,2400,0,4000
MINDTREE30Jan20810PE.NFO,07/01/2020,13:02:52,19,18.65,1600,21.35,2400,0,4000
MINDTREE30Jan20810PE.NFO,07/01/2020,13:03:28,19,18.6,800,21.35,2400,0,4000
MINDTREE30Jan20810PE.NFO,07/01/2020,13:03:58,19,18.6,800,21.35,4000,0,4000
MINDTREE30Jan20810PE.NFO,07/01/2020,13:04:03,19,19.2,800,21.35,1600,0,4000
MINDTREE30Jan20810PE.NFO,07/01/2020,13:04:08,19,19.2,800,22,800,0,4000
MINDTREE30Jan20810PE.NFO,07/01/2020,13:04:20,19,19.2,800,21.95,800,0,4000
MINDTREE30Jan20810PE.NFO,07/01/2020,13:04:29,19,18.9,1600,22,4000,0,4000
MINDTREE30Jan20810PE.NFO,07/01/2020,13:04:32,19,18.95,800,22,4000,0,4000
MINDTREE30Jan20810PE.NFO,07/01/2020,13:04:46,19,18.95,800,22,3200,0,4000
MINDTREE30Jan20810PE.NFO,07/01/2020,13:05:00,19,19.15,800,22.5,4800,0,4000
MINDTREE30Jan20810PE.NFO,07/01/2020,13:05:32,19,19.1,800,22.5,4800,0,4000
MINDTREE30Jan20810PE.NFO,07/01/2020,13:05:38,19,19.15,800,22.5,4800,0,4000
MINDTREE30Jan20810PE.NFO,07/01/2020,13:05:55,19,19.1,1600,22.5,4800,0,4000
MINDTREE30Jan20810PE.NFO,07/01/2020,13:06:01,19,19.1,800,22.5,3200,0,4000
MINDTREE30Jan20810PE.NFO,07/01/2020,13:06:07,19,19.4,800,22.5,3200,0,4000
MINDTREE30Jan20810PE.NFO,07/01/2020,13:06:13,19,19.45,800,22.5,3200,0,4000
MINDTREE30Jan20810PE.NFO,07/01/2020,13:06:19,19,19.4,800,22.5,3200,0,4000
MINDTREE30Jan20810PE.NFO,07/01/2020,13:06:39,19,19.5,800,22.5,3200,0,4000
MINDTREE30Jan20810PE.NFO,07/01/2020,13:06:53,19,19.35,800,22.5,3200,0,4000
MINDTREE30Jan20810PE.NFO,07/01/2020,13:06:59,19,19.3,800,22.5,3200,0,4000
MINDTREE30Jan20810PE.NFO,07/01/2020,13:07:29,19,19.2,800,22.5,3200,0,4000
MINDTREE30Jan20810PE.NFO,07/01/2020,13:07:34,19,19.25,800,22.5,3200,0,4000
MINDTREE30Jan20810PE.NFO,07/01/2020,13:08:08,19,19.3,800,22.5,3200,0,4000
MINDTREE30Jan20810PE.NFO,07/01/2020,13:08:19,19,19.35,800,22.5,3200,0,4000
MINDTREE30Jan20810PE.NFO,07/01/2020,13:08:28,19,19.3,800,22.5,3200,0,4000
MINDTREE30Jan20810PE.NFO,07/01/2020,13:08:52,19,19.25,800,22.5,3200,0,4000
MINDTREE30Jan20810PE.NFO,07/01/2020,13:08:59,19,19.3,800,22.5,3200,0,4000
MINDTREE30Jan20810PE.NFO,07/01/2020,13:09:14,19,19.55,800,22.5,3200,0,4000
MINDTREE30Jan20810PE.NFO,07/01/2020,13:09:35,19,19.55,800,22.5,1600,0,4000
MINDTREE30Jan20810PE.NFO,07/01/2020,13:11:28,19,19.35,800,22.5,1600,0,4000
MINDTREE30Jan20810PE.NFO,07/01/2020,13:12:03,19,19.25,800,22.5,1600,0,4000
MINDTREE30Jan20810PE.NFO,07/01/2020,13:12:20,19,19.3,800,22.5,1600,0,4000
MINDTREE30Jan20810PE.NFO,07/01/2020,13:12:25,19,19.25,800,22.5,1600,0,4000
MINDTREE30Jan20810PE.NFO,07/01/2020,13:12:35,19,19.3,800,22.5,1600,0,4000
MINDTREE30Jan20810PE.NFO,07/01/2020,13:12:40,19,19.25,800,22.5,1600,0,4000
MINDTREE30Jan20810PE.NFO,07/01/2020,13:12:44,19,19.3,800,22.5,1600,0,4000
MINDTREE30Jan20810PE.NFO,07/01/2020,13:12:48,19,19.25,800,22.5,1600,0,4000
MINDTREE30Jan20810PE.NFO,07/01/2020,13:12:55,19,19.3,800,22.5,1600,0,4000
MINDTREE30Jan20810PE.NFO,07/01/2020,13:13:16,19,19.25,800,22.5,1600,0,4000
MINDTREE30Jan20810PE.NFO,07/01/2020,13:13:33,19,19.25,800,22.5,3200,0,4000
MINDTREE30Jan20810PE.NFO,07/01/2020,13:13:46,19,19.25,800,22.5,1600,0,4000
MINDTREE30Jan20810PE.NFO,07/01/2020,13:13:50,19,19.25,800,22.5,3200,0,4000
MINDTREE30Jan20810PE.NFO,07/01/2020,13:14:02,19,19.25,800,22.5,1600,0,4000
MINDTREE30Jan20810PE.NFO,07/01/2020,13:14:16,19,19.25,800,22.5,3200,0,4000
MINDTREE30Jan20810PE.NFO,07/01/2020,13:14:51,19,19.25,800,22.5,1600,0,4000
MINDTREE30Jan20810PE.NFO,07/01/2020,13:14:56,19,19.25,800,22.5,3200,0,4000
MINDTREE30Jan20810PE.NFO,07/01/2020,13:15:10,19,19.25,800,22.5,1600,0,4000
MINDTREE30Jan20810PE.NFO,07/01/2020,13:15:19,19,19.25,800,22.5,3200,0,4000
MINDTREE30Jan20810PE.NFO,07/01/2020,13:15:26,19,19.25,800,22.5,1600,0,4000
MINDTREE30Jan20810PE.NFO,07/01/2020,13:15:46,19,19.3,800,22.5,1600,0,4000
MINDTREE30Jan20810PE.NFO,07/01/2020,13:16:24,19,19.25,800,22.5,1600,0,4000
MINDTREE30Jan20810PE.NFO,07/01/2020,13:16:30,19,19.25,800,22.5,3200,0,4000
MINDTREE30Jan20810PE.NFO,07/01/2020,13:16:53,19,19.25,800,22.5,1600,0,4000
MINDTREE30Jan20810PE.NFO,07/01/2020,13:16:59,19,19.3,800,22.5,1600,0,4000
MINDTREE30Jan20810PE.NFO,07/01/2020,13:17:04,19,19.3,800,22.5,3200,0,4000
MINDTREE30Jan20810PE.NFO,07/01/2020,13:17:13,19,19.3,800,22.5,1600,0,4000
MINDTREE30Jan20810PE.NFO,07/01/2020,13:17:31,19,19.3,1600,22.5,1600,0,4000
MINDTREE30Jan20810PE.NFO,07/01/2020,13:17:43,19,19.3,1600,22.5,3200,0,4000
MINDTREE30Jan20810PE.NFO,07/01/2020,13:18:02,19,19.3,1600,22.5,1600,0,4000
MINDTREE30Jan20810PE.NFO,07/01/2020,13:18:08,19,19.3,1600,22.5,3200,0,4000
MINDTREE30Jan20810PE.NFO,07/01/2020,13:18:31,19,19.3,1600,23.15,4800,0,4000
MINDTREE30Jan20810PE.NFO,07/01/2020,13:20:01,19,19.3,800,23.15,4800,0,4000
MINDTREE30Jan20810PE.NFO,07/01/2020,13:20:50,19,19.35,800,23.15,4800,0,4000
MINDTREE30Jan20810PE.NFO,07/01/2020,13:21:59,19,19.15,800,23.15,6400,0,4000
MINDTREE30Jan20810PE.NFO,07/01/2020,13:22:23,19,18.95,1600,23.15,6400,0,4000
MINDTREE30Jan20810PE.NFO,07/01/2020,13:22:28,19,18.95,800,23.15,6400,0,4000
MINDTREE30Jan20810PE.NFO,07/01/2020,13:22:38,19,18.9,800,23.15,6400,0,4000
MINDTREE30Jan20810PE.NFO,07/01/2020,13:22:54,19,17.85,4800,23.15,6400,0,4000
MINDTREE30Jan20810PE.NFO,07/01/2020,13:23:05,19,18.55,800,23.15,6400,0,4000
MINDTREE30Jan20810PE.NFO,07/01/2020,13:23:17,19,18.6,800,23.15,6400,0,4000
MINDTREE30Jan20810PE.NFO,07/01/2020,13:23:28,19,18.6,800,23.15,4800,0,4000
MINDTREE30Jan20810PE.NFO,07/01/2020,13:23:34,19,18.6,800,23.15,6400,0,4000
MINDTREE30Jan20810PE.NFO,07/01/2020,13:23:50,19,18.65,800,23.15,4800,0,4000
MINDTREE30Jan20810PE.NFO,07/01/2020,13:23:56,19,18.75,800,23.15,4800,0,4000
MINDTREE30Jan20810PE.NFO,07/01/2020,13:24:02,19,18.85,800,23.15,3200,0,4000
MINDTREE30Jan20810PE.NFO,07/01/2020,13:24:08,19,18.85,3200,23.15,3200,0,4000
MINDTREE30Jan20810PE.NFO,07/01/2020,13:24:14,19,18.9,800,23.15,4800,0,4000
MINDTREE30Jan20810PE.NFO,07/01/2020,13:24:26,19,18.7,800,23.15,4800,0,4000
MINDTREE30Jan20810PE.NFO,07/01/2020,13:24:36,19,18.65,1600,23.15,4800,0,4000
MINDTREE30Jan20810PE.NFO,07/01/2020,13:24:57,19,18.7,800,23.15,4800,0,4000
MINDTREE30Jan20810PE.NFO,07/01/2020,13:25:15,19,18.75,800,23.15,4800,0,4000
MINDTREE30Jan20810PE.NFO,07/01/2020,13:25:28,19,18.65,1600,23.15,4800,0,4000
MINDTREE30Jan20810PE.NFO,07/01/2020,13:25:35,19,18.65,800,23.15,4800,0,4000
MINDTREE30Jan20810PE.NFO,07/01/2020,13:25:58,19,18.65,800,23.15,6400,0,4000
MINDTREE30Jan20810PE.NFO,07/01/2020,13:26:02,19,18.65,800,23.15,4800,0,4000
MINDTREE30Jan20810PE.NFO,07/01/2020,13:26:07,19,18.65,800,23.15,6400,0,4000
MINDTREE30Jan20810PE.NFO,07/01/2020,13:29:03,19,18.65,1600,23.15,6400,0,4000
MINDTREE30Jan20810PE.NFO,07/01/2020,13:29:16,19,18.65,800,23.15,6400,0,4000
MINDTREE30Jan20810PE.NFO,07/01/2020,13:30:17,19,18.65,1600,23.15,6400,0,4000
MINDTREE30Jan20810PE.NFO,07/01/2020,13:30:36,19,18.8,800,23.15,6400,0,4000
MINDTREE30Jan20810PE.NFO,07/01/2020,13:30:41,19,18.65,800,23.15,6400,0,4000
MINDTREE30Jan20810PE.NFO,07/01/2020,13:31:54,19,18.65,1600,23.15,6400,0,4000
MINDTREE30Jan20810PE.NFO,07/01/2020,13:32:15,19,18.65,800,23.15,6400,0,4000
MINDTREE30Jan20810PE.NFO,07/01/2020,13:32:48,19,18.65,1600,23.15,6400,0,4000
MINDTREE30Jan20810PE.NFO,07/01/2020,13:33:28,19,18.7,800,23.15,6400,0,4000
MINDTREE30Jan20810PE.NFO,07/01/2020,13:33:59,19,18.65,800,23.15,6400,0,4000
MINDTREE30Jan20810PE.NFO,07/01/2020,13:34:23,19,18.65,1600,23.15,6400,0,4000
MINDTREE30Jan20810PE.NFO,07/01/2020,13:34:48,19,18.65,800,23.15,6400,0,4000
MINDTREE30Jan20810PE.NFO,07/01/2020,13:35:05,19,18.65,1600,23.15,6400,0,4000
MINDTREE30Jan20810PE.NFO,07/01/2020,13:35:11,19,18.65,800,23.15,6400,0,4000
MINDTREE30Jan20810PE.NFO,07/01/2020,13:35:38,19,18.65,1600,23.15,6400,0,4000
MINDTREE30Jan20810PE.NFO,07/01/2020,13:35:56,19,18.65,800,23.15,6400,0,4000
MINDTREE30Jan20810PE.NFO,07/01/2020,13:36:00,19,18.65,1600,23.15,6400,0,4000
MINDTREE30Jan20810PE.NFO,07/01/2020,13:37:07,19,18.65,800,23.15,6400,0,4000
MINDTREE30Jan20810PE.NFO,07/01/2020,13:40:53,19,18.3,1600,23.15,6400,0,4000
MINDTREE30Jan20810PE.NFO,07/01/2020,13:41:25,19,18.3,800,23.15,6400,0,4000
MINDTREE30Jan20810PE.NFO,07/01/2020,13:41:35,19,18.3,1600,23.15,6400,0,4000
MINDTREE30Jan20810PE.NFO,07/01/2020,13:41:44,19,18.5,1600,23.15,6400,0,4000
MINDTREE30Jan20810PE.NFO,07/01/2020,13:41:52,19,18.3,1600,23.15,6400,0,4000
MINDTREE30Jan20810PE.NFO,07/01/2020,13:42:06,19,18.35,800,23.15,6400,0,4000
MINDTREE30Jan20810PE.NFO,07/01/2020,13:42:17,19,18.5,800,23.15,6400,0,4000
MINDTREE30Jan20810PE.NFO,07/01/2020,13:42:40,19,18.35,800,23.15,6400,0,4000
MINDTREE30Jan20810PE.NFO,07/01/2020,13:42:43,19,18.3,1600,23.15,6400,0,4000
MINDTREE30Jan20810PE.NFO,07/01/2020,13:42:56,19,18.35,800,23.15,6400,0,4000
MINDTREE30Jan20810PE.NFO,07/01/2020,13:43:00,19,18.4,800,23.15,6400,0,4000
MINDTREE30Jan20810PE.NFO,07/01/2020,13:43:05,19,18.35,800,23.15,6400,0,4000
MINDTREE30Jan20810PE.NFO,07/01/2020,13:43:08,19,18.3,1600,23.15,6400,0,4000
MINDTREE30Jan20810PE.NFO,07/01/2020,13:43:16,19,18.3,800,23.15,6400,0,4000
MINDTREE30Jan20810PE.NFO,07/01/2020,13:43:21,19,18.3,1600,23.15,6400,0,4000
MINDTREE30Jan20810PE.NFO,07/01/2020,13:43:30,19,18.3,800,23.15,6400,0,4000
MINDTREE30Jan20810PE.NFO,07/01/2020,13:43:35,19,18.3,1600,23.15,6400,0,4000
MINDTREE30Jan20810PE.NFO,07/01/2020,13:43:56,19,18.3,800,23.15,6400,0,4000
MINDTREE30Jan20810PE.NFO,07/01/2020,13:44:01,19,18.3,1600,23.15,6400,0,4000
MINDTREE30Jan20810PE.NFO,07/01/2020,13:44:19,19,18.3,800,23.15,6400,0,4000
MINDTREE30Jan20810PE.NFO,07/01/2020,13:45:45,19,18.4,800,23.15,6400,0,4000
MINDTREE30Jan20810PE.NFO,07/01/2020,13:45:52,19,18.35,800,23.15,6400,0,4000
MINDTREE30Jan20810PE.NFO,07/01/2020,13:45:57,19,18.3,1600,23.15,6400,0,4000
MINDTREE30Jan20810PE.NFO,07/01/2020,13:46:02,19,18.5,800,23.15,6400,0,4000
MINDTREE30Jan20810PE.NFO,07/01/2020,13:46:19,19,18.5,1600,23.15,6400,0,4000
MINDTREE30Jan20810PE.NFO,07/01/2020,13:46:42,19,18.5,800,23.15,6400,0,4000
MINDTREE30Jan20810PE.NFO,07/01/2020,13:46:50,19,18.35,800,23.15,6400,0,4000
MINDTREE30Jan20810PE.NFO,07/01/2020,13:46:57,19,18.3,1600,23.15,6400,0,4000
MINDTREE30Jan20810PE.NFO,07/01/2020,13:47:43,19,18.35,800,23.15,6400,0,4000
MINDTREE30Jan20810PE.NFO,07/01/2020,13:47:48,19,18.3,1600,23.15,6400,0,4000
MINDTREE30Jan20810PE.NFO,07/01/2020,13:47:52,19,18.35,800,23.15,6400,0,4000
MINDTREE30Jan20810PE.NFO,07/01/2020,13:48:08,19,18.3,1600,23.15,6400,0,4000
MINDTREE30Jan20810PE.NFO,07/01/2020,13:48:57,19,18.35,800,23.15,6400,0,4000
MINDTREE30Jan20810PE.NFO,07/01/2020,13:49:15,19,18.55,1600,23.15,6400,0,4000
MINDTREE30Jan20810PE.NFO,07/01/2020,13:49:21,19,18.55,800,23.15,6400,0,4000
MINDTREE30Jan20810PE.NFO,07/01/2020,13:49:28,19,18.35,800,23.15,6400,0,4000
MINDTREE30Jan20810PE.NFO,07/01/2020,13:49:54,19,18.4,800,23.15,6400,0,4000
MINDTREE30Jan20810PE.NFO,07/01/2020,13:50:26,19,18.5,800,23.15,6400,0,4000
MINDTREE30Jan20810PE.NFO,07/01/2020,13:52:32,19,18.5,1600,23.15,6400,0,4000
MINDTREE30Jan20810PE.NFO,07/01/2020,13:52:37,19,18.5,800,23.15,6400,0,4000
MINDTREE30Jan20810PE.NFO,07/01/2020,13:52:45,19,18.55,800,23.15,6400,0,4000
MINDTREE30Jan20810PE.NFO,07/01/2020,13:52:50,19,18.6,800,23.15,6400,0,4000
MINDTREE30Jan20810PE.NFO,07/01/2020,13:53:12,19,18.65,800,23.15,6400,0,4000
MINDTREE30Jan20810PE.NFO,07/01/2020,13:53:22,19,18.5,800,23.15,6400,0,4000
MINDTREE30Jan20810PE.NFO,07/01/2020,13:53:26,19,18.5,1600,23.15,6400,0,4000
MINDTREE30Jan20810PE.NFO,07/01/2020,13:53:43,19,18.55,800,23.15,6400,0,4000
MINDTREE30Jan20810PE.NFO,07/01/2020,13:53:51,19,18.65,800,23.15,6400,0,4000
MINDTREE30Jan20810PE.NFO,07/01/2020,13:54:04,19,18.75,800,23.15,6400,0,4000
MINDTREE30Jan20810PE.NFO,07/01/2020,13:54:09,19,18.75,1600,23.15,6400,0,4000
MINDTREE30Jan20810PE.NFO,07/01/2020,13:54:18,19,18.8,800,23.15,6400,0,4000
MINDTREE30Jan20810PE.NFO,07/01/2020,13:54:22,19,18.85,800,23.15,6400,0,4000
MINDTREE30Jan20810PE.NFO,07/01/2020,13:54:32,19,18.75,800,23.15,6400,0,4000
MINDTREE30Jan20810PE.NFO,07/01/2020,13:55:20,19,18.8,800,23.15,6400,0,4000
MINDTREE30Jan20810PE.NFO,07/01/2020,13:55:25,19,18.75,1600,23.15,6400,0,4000
MINDTREE30Jan20810PE.NFO,07/01/2020,13:55:36,19,18.8,1600,23.15,6400,0,4000
MINDTREE30Jan20810PE.NFO,07/01/2020,13:55:44,19,18.85,800,23.15,6400,0,4000
MINDTREE30Jan20810PE.NFO,07/01/2020,13:55:48,19,18.8,1600,23.15,6400,0,4000
MINDTREE30Jan20810PE.NFO,07/01/2020,13:55:52,19,18.85,800,23.15,6400,0,4000
MINDTREE30Jan20810PE.NFO,07/01/2020,13:55:56,19,18.9,800,23.15,6400,0,4000
MINDTREE30Jan20810PE.NFO,07/01/2020,13:56:02,19,18.85,800,23.15,6400,0,4000
MINDTREE30Jan20810PE.NFO,07/01/2020,13:56:13,19,18.9,800,23.15,6400,0,4000
MINDTREE30Jan20810PE.NFO,07/01/2020,13:56:22,19,18.85,800,23.15,6400,0,4000
MINDTREE30Jan20810PE.NFO,07/01/2020,13:56:57,19,18.8,800,23.15,6400,0,4000
MINDTREE30Jan20810PE.NFO,07/01/2020,13:57:08,19,18.8,1600,23.15,6400,0,4000
MINDTREE30Jan20810PE.NFO,07/01/2020,13:57:22,19,18.8,800,23.15,6400,0,4000
MINDTREE30Jan20810PE.NFO,07/01/2020,13:57:31,19,18.8,1600,23.15,6400,0,4000
MINDTREE30Jan20810PE.NFO,07/01/2020,13:58:02,19,18.8,800,23.15,6400,0,4000
MINDTREE30Jan20810PE.NFO,07/01/2020,13:58:17,19,18.8,1600,23.15,6400,0,4000
MINDTREE30Jan20810PE.NFO,07/01/2020,13:58:21,19,18.8,800,23.15,6400,0,4000
MINDTREE30Jan20810PE.NFO,07/01/2020,13:58:25,19,18.8,1600,23.15,6400,0,4000
MINDTREE30Jan20810PE.NFO,07/01/2020,13:59:06,19,18.8,800,23.15,6400,0,4000
MINDTREE30Jan20810PE.NFO,07/01/2020,13:59:11,19,18.6,800,23.15,6400,0,4000
MINDTREE30Jan20810PE.NFO,07/01/2020,13:59:15,19,18.55,1600,23.15,6400,0,4000
MINDTREE30Jan20810PE.NFO,07/01/2020,13:59:53,19,18.55,800,23.15,6400,0,4000
MINDTREE30Jan20810PE.NFO,07/01/2020,14:08:06,19,18.55,1600,23.15,6400,0,4000
MINDTREE30Jan20810PE.NFO,07/01/2020,14:08:58,19,17.9,5600,23.15,6400,0,4000
MINDTREE30Jan20810PE.NFO,07/01/2020,14:10:31,19,17.9,4800,23.15,6400,0,4000
MINDTREE30Jan20810PE.NFO,07/01/2020,14:10:48,19,17.9,5600,23.15,6400,0,4000
MINDTREE30Jan20810PE.NFO,07/01/2020,14:13:26,19,17.9,4800,23.15,6400,0,4000
MINDTREE30Jan20810PE.NFO,07/01/2020,14:13:34,19,17.9,5600,23.15,6400,0,4000
MINDTREE30Jan20810PE.NFO,07/01/2020,14:14:11,19,17.9,4000,23.15,6400,0,4000
MINDTREE30Jan20810PE.NFO,07/01/2020,14:14:36,19,17.9,5600,23.15,6400,0,4000
MINDTREE30Jan20810PE.NFO,07/01/2020,14:16:42,19,17.9,4000,23.15,6400,0,4000
MINDTREE30Jan20810PE.NFO,07/01/2020,14:33:09,19,17.9,4000,23.15,6400,0,4800
MINDTREE30Jan20810PE.NFO,07/01/2020,14:34:32,19,17.9,4000,23.15,4800,0,4800
MINDTREE30Jan20810PE.NFO,07/01/2020,14:34:37,19,17.9,2400,23.15,4800,0,4800
MINDTREE30Jan20810PE.NFO,07/01/2020,14:34:43,19,17.9,4000,23.15,6400,0,4800
MINDTREE30Jan20810PE.NFO,07/01/2020,14:43:37,19,17.9,5600,23.15,6400,0,4800
MINDTREE30Jan20810PE.NFO,07/01/2020,14:43:48,19,17.9,7200,23.15,3200,0,4800
MINDTREE30Jan20810PE.NFO,07/01/2020,14:43:52,19,17.9,7200,23.15,4800,0,4800
MINDTREE30Jan20810PE.NFO,07/01/2020,14:44:15,19,17.9,7200,23.15,6400,0,4800
MINDTREE30Jan20810PE.NFO,07/01/2020,14:45:00,19,17.9,4000,23.15,6400,0,4800
MINDTREE30Jan20810PE.NFO,07/01/2020,14:45:05,19,17.9,7200,23.15,6400,0,4800
MINDTREE30Jan20810PE.NFO,07/01/2020,14:48:00,19,17.9,4000,23.15,6400,0,4800
MINDTREE30Jan20810PE.NFO,07/01/2020,14:48:26,19,17.9,3200,23.15,6400,0,4800
MINDTREE30Jan20810PE.NFO,07/01/2020,14:48:32,19,17.9,4000,23.15,6400,0,4800
MINDTREE30Jan20810PE.NFO,07/01/2020,14:49:00,19,17.9,5600,23.15,6400,0,4800
MINDTREE30Jan20810PE.NFO,07/01/2020,14:49:06,19,17.9,7200,23.15,6400,0,4800
MINDTREE30Jan20810PE.NFO,07/01/2020,14:49:24,19,17.9,5600,23.15,6400,0,4800
MINDTREE30Jan20810PE.NFO,07/01/2020,14:49:29,19,17.9,4000,23.15,6400,0,4800
MINDTREE30Jan20810PE.NFO,07/01/2020,14:49:48,19,17.9,7200,23.15,6400,0,4800
MINDTREE30Jan20810PE.NFO,07/01/2020,14:49:53,19,17.9,4000,23.15,6400,0,4800
MINDTREE30Jan20810PE.NFO,07/01/2020,14:50:34,19,17.9,5600,23.15,6400,0,4800
MINDTREE30Jan20810PE.NFO,07/01/2020,14:50:41,19,17.9,4000,23.15,6400,0,4800
MINDTREE30Jan20810PE.NFO,07/01/2020,14:52:20,19,17.9,7200,23.15,6400,0,4800
MINDTREE30Jan20810PE.NFO,07/01/2020,14:52:31,19,17.9,4000,23.15,6400,0,4800
MINDTREE30Jan20810PE.NFO,07/01/2020,14:52:35,19,17.9,7200,23.15,6400,0,4800
MINDTREE30Jan20810PE.NFO,07/01/2020,14:52:51,19,17.9,4000,23.15,6400,0,4800
MINDTREE30Jan20810PE.NFO,07/01/2020,14:52:55,19,17.9,7200,23.15,6400,0,4800
MINDTREE30Jan20810PE.NFO,07/01/2020,14:53:14,19,17.9,3200,23.15,6400,0,4800
MINDTREE30Jan20810PE.NFO,07/01/2020,14:53:21,19,17.9,7200,23.15,6400,0,4800
MINDTREE30Jan20810PE.NFO,07/01/2020,14:54:28,19,17.9,4000,23.15,6400,0,4800
MINDTREE30Jan20810PE.NFO,07/01/2020,14:54:35,19,17.9,7200,23.15,6400,0,4800
MINDTREE30Jan20810PE.NFO,07/01/2020,14:54:42,19,17.9,4000,23.15,6400,0,4800
MINDTREE30Jan20810PE.NFO,07/01/2020,14:54:48,19,17.9,7200,23.15,6400,0,4800
MINDTREE30Jan20810PE.NFO,07/01/2020,14:55:15,19,17.9,5600,23.15,6400,0,4800
MINDTREE30Jan20810PE.NFO,07/01/2020,14:55:20,19,17.9,7200,23.15,6400,0,4800
MINDTREE30Jan20810PE.NFO,07/01/2020,14:55:53,19,17.9,4000,23.15,6400,0,4800
MINDTREE30Jan20810PE.NFO,07/01/2020,14:56:05,19,17.9,7200,23.15,6400,0,4800
MINDTREE30Jan20810PE.NFO,07/01/2020,14:56:43,19,17.9,5600,23.15,4800,0,4800
MINDTREE30Jan20810PE.NFO,07/01/2020,14:57:21,19,17.9,7200,23.15,6400,0,4800
MINDTREE30Jan20810PE.NFO,07/01/2020,15:00:05,19,17.9,6400,23.15,6400,0,4800
MINDTREE30Jan20810PE.NFO,07/01/2020,15:00:14,19,17.9,7200,23.15,6400,0,4800
MINDTREE30Jan20810PE.NFO,07/01/2020,15:04:18,19,17.9,7200,23.15,4800,0,4800
MINDTREE30Jan20810PE.NFO,07/01/2020,15:04:24,19,17.9,7200,23.15,6400,0,4800
MINDTREE30Jan20810PE.NFO,07/01/2020,15:05:34,19,17.9,4000,23.15,6400,0,4800
MINDTREE30Jan20810PE.NFO,07/01/2020,15:07:02,19,17.9,800,23.15,6400,0,4800
MINDTREE30Jan20810PE.NFO,07/01/2020,15:07:09,19,16.75,7200,23.15,6400,0,4800
MINDTREE30Jan20810PE.NFO,07/01/2020,15:07:27,19,16.75,5600,23.15,6400,0,4800
MINDTREE30Jan20810PE.NFO,07/01/2020,15:07:32,19,16.75,4000,22.05,6400,0,4800
MINDTREE30Jan20810PE.NFO,07/01/2020,15:08:31,19,16.75,3200,22.05,6400,0,4800
MINDTREE30Jan20810PE.NFO,07/01/2020,15:09:43,19,16.75,4000,22.05,6400,0,4800
MINDTREE30Jan20810PE.NFO,07/01/2020,15:10:07,19,16.75,5600,22.05,6400,0,4800
MINDTREE30Jan20810PE.NFO,07/01/2020,15:10:13,19,16.75,7200,22.05,6400,0,4800
MINDTREE30Jan20810PE.NFO,07/01/2020,15:10:39,19,16.75,5600,22.05,6400,0,4800
MINDTREE30Jan20810PE.NFO,07/01/2020,15:10:44,19,16.75,7200,22.05,6400,0,4800
MINDTREE30Jan20810PE.NFO,07/01/2020,15:11:07,19,16.75,5600,22.05,6400,0,4800
MINDTREE30Jan20810PE.NFO,07/01/2020,15:11:12,19,16.75,7200,22.05,6400,0,4800
MINDTREE30Jan20810PE.NFO,07/01/2020,15:11:25,19,16.75,5600,22.05,6400,0,4800
MINDTREE30Jan20810PE.NFO,07/01/2020,15:11:32,19,16.75,7200,22.05,6400,0,4800
MINDTREE30Jan20810PE.NFO,07/01/2020,15:11:40,19,16.75,5600,22.05,6400,0,4800
MINDTREE30Jan20810PE.NFO,07/01/2020,15:11:46,19,16.75,7200,22.05,6400,0,4800
MINDTREE30Jan20810PE.NFO,07/01/2020,15:11:58,19,16.75,5600,22.05,6400,0,4800
MINDTREE30Jan20810PE.NFO,07/01/2020,15:12:14,19,16.75,7200,22.05,6400,0,4800
MINDTREE30Jan20810PE.NFO,07/01/2020,15:12:27,19,16.75,5600,22.05,6400,0,4800
MINDTREE30Jan20810PE.NFO,07/01/2020,15:12:35,19,16.75,4000,22.05,6400,0,4800
MINDTREE30Jan20810PE.NFO,07/01/2020,15:12:45,19,16.75,5600,22.05,6400,0,4800
MINDTREE30Jan20810PE.NFO,07/01/2020,15:12:50,19,16.75,7200,22.05,6400,0,4800
MINDTREE30Jan20810PE.NFO,07/01/2020,15:14:10,19,16.75,5600,22.05,6400,0,4800
MINDTREE30Jan20810PE.NFO,07/01/2020,15:14:15,19,16.75,7200,22.05,6400,0,4800
MINDTREE30Jan20810PE.NFO,07/01/2020,15:14:20,19,16.75,5600,22.05,6400,0,4800
MINDTREE30Jan20810PE.NFO,07/01/2020,15:14:43,19,16.75,4000,22.05,6400,0,4800
MINDTREE30Jan20810PE.NFO,07/01/2020,15:15:25,19,16.75,5600,22.05,6400,0,4800
MINDTREE30Jan20810PE.NFO,07/01/2020,15:15:48,19,16.75,7200,22.05,6400,0,4800
MINDTREE30Jan20810PE.NFO,07/01/2020,15:16:09,19,16.75,4000,22.05,6400,0,4800
MINDTREE30Jan20810PE.NFO,07/01/2020,15:17:10,19,16.75,7200,22.05,6400,0,4800
MINDTREE30Jan20810PE.NFO,07/01/2020,15:17:50,19,16.75,4000,22.05,6400,0,4800
MINDTREE30Jan20810PE.NFO,07/01/2020,15:17:56,19,16.75,5600,22.05,6400,0,4800
MINDTREE30Jan20810PE.NFO,07/01/2020,15:18:03,19,16.75,4800,22.05,6400,0,4800
MINDTREE30Jan20810PE.NFO,07/01/2020,15:18:21,19,16.75,3200,22.05,6400,0,4800
MINDTREE30Jan20810PE.NFO,07/01/2020,15:19:48,19,16.75,4000,22.05,6400,0,4800
MINDTREE30Jan20810PE.NFO,07/01/2020,15:22:09,19,16.75,5600,22.05,6400,0,4800
MINDTREE30Jan20810PE.NFO,07/01/2020,15:22:28,19,16.75,4000,22.05,6400,0,4800
MINDTREE30Jan20810PE.NFO,07/01/2020,15:23:12,19,15.65,7200,22,7200,0,4800
MINDTREE30Jan20810PE.NFO,07/01/2020,15:25:02,19,15.65,6400,19.25,800,0,4800
MINDTREE30Jan20810PE.NFO,07/01/2020,15:25:39,19,15.65,6400,22,6400,0,4800
