Ticker,Date,Time,LTP,BuyPrice,BuyQty,SellPrice,SellQty,LTQ,OpenInterest
MOTHERSUMI30Jan20140PE.NFO,07/01/2020,09:15:03,3.85,3.65,5000,0,0,5000,630000
MOTHERSUMI30Jan20140PE.NFO,07/01/2020,09:15:03,3.85,3.65,5000,0,0,0,630000
MOTHERSUMI30Jan20140PE.NFO,07/01/2020,09:15:03,3.85,3.65,5000,0,0,0,630000
MOTHERSUMI30Jan20140PE.NFO,07/01/2020,09:15:03,3.85,3.65,5000,0,0,0,630000
MOTHERSUMI30Jan20140PE.NFO,07/01/2020,09:15:11,3.65,4,5000,5.2,5000,5000,630000
MOTHERSUMI30Jan20140PE.NFO,07/01/2020,09:15:11,3.65,4,5000,5.2,5000,0,630000
MOTHERSUMI30Jan20140PE.NFO,07/01/2020,09:15:21,3.65,3.85,5000,4.65,30000,0,630000
MOTHERSUMI30Jan20140PE.NFO,07/01/2020,09:15:31,3.65,3.75,5000,4.6,55000,0,630000
MOTHERSUMI30Jan20140PE.NFO,07/01/2020,09:15:41,3.65,3.75,5000,4.45,45000,0,630000
MOTHERSUMI30Jan20140PE.NFO,07/01/2020,09:15:51,3.65,3.75,5000,4.35,65000,0,630000
MOTHERSUMI30Jan20140PE.NFO,07/01/2020,09:16:12,3.7,3.3,20000,3.65,5000,10000,630000
MOTHERSUMI30Jan20140PE.NFO,07/01/2020,09:16:23,3.7,3.35,5000,4.05,5000,10000,630000
MOTHERSUMI30Jan20140PE.NFO,07/01/2020,09:16:34,3.7,3.45,5000,4.05,5000,0,630000
MOTHERSUMI30Jan20140PE.NFO,07/01/2020,09:16:45,3.45,3.35,25000,4.05,5000,5000,630000
MOTHERSUMI30Jan20140PE.NFO,07/01/2020,09:16:45,3.45,3.35,25000,4.05,5000,0,630000
MOTHERSUMI30Jan20140PE.NFO,07/01/2020,09:16:55,3.45,3.35,35000,3.95,5000,0,630000
MOTHERSUMI30Jan20140PE.NFO,07/01/2020,09:17:06,3.45,3.35,25000,3.95,5000,5000,630000
MOTHERSUMI30Jan20140PE.NFO,07/01/2020,09:17:16,3.5,3.35,15000,3.7,5000,5000,625000
MOTHERSUMI30Jan20140PE.NFO,07/01/2020,09:17:25,3.45,3.35,5000,3.7,5000,5000,625000
MOTHERSUMI30Jan20140PE.NFO,07/01/2020,09:17:35,3.45,3.35,5000,3.7,5000,0,625000
MOTHERSUMI30Jan20140PE.NFO,07/01/2020,09:17:54,3.25,3.25,5000,3.7,5000,15000,625000
MOTHERSUMI30Jan20140PE.NFO,07/01/2020,09:17:54,3.25,3.25,5000,3.7,5000,0,625000
MOTHERSUMI30Jan20140PE.NFO,07/01/2020,09:18:03,3.25,3.15,50000,3.7,10000,5000,625000
MOTHERSUMI30Jan20140PE.NFO,07/01/2020,09:18:12,3.35,3.35,5000,3.5,5000,5000,625000
MOTHERSUMI30Jan20140PE.NFO,07/01/2020,09:18:20,3.35,3.35,5000,3.5,5000,5000,625000
MOTHERSUMI30Jan20140PE.NFO,07/01/2020,09:18:27,3.35,3.15,5000,3.3,5000,0,625000
MOTHERSUMI30Jan20140PE.NFO,07/01/2020,09:18:42,3.35,3.15,30000,3.35,10000,0,625000
MOTHERSUMI30Jan20140PE.NFO,07/01/2020,09:18:49,3.15,3.15,25000,3.35,10000,5000,625000
MOTHERSUMI30Jan20140PE.NFO,07/01/2020,09:18:49,3.15,3.15,25000,3.35,10000,0,625000
MOTHERSUMI30Jan20140PE.NFO,07/01/2020,09:18:57,3.15,3.15,35000,3.35,10000,5000,625000
MOTHERSUMI30Jan20140PE.NFO,07/01/2020,09:19:04,3.15,3.1,35000,3.3,5000,5000,625000
MOTHERSUMI30Jan20140PE.NFO,07/01/2020,09:19:11,3.15,3.1,35000,3.35,15000,0,625000
MOTHERSUMI30Jan20140PE.NFO,07/01/2020,09:19:17,3.1,3.05,5000,3.25,10000,15000,625000
MOTHERSUMI30Jan20140PE.NFO,07/01/2020,09:19:17,3.1,3.05,5000,3.25,10000,0,625000
MOTHERSUMI30Jan20140PE.NFO,07/01/2020,09:19:24,3.1,3,25000,3.25,10000,0,625000
MOTHERSUMI30Jan20140PE.NFO,07/01/2020,09:19:31,3.1,3,10000,3.25,10000,0,625000
MOTHERSUMI30Jan20140PE.NFO,07/01/2020,09:19:38,3.15,3.1,5000,3.25,10000,10000,625000
MOTHERSUMI30Jan20140PE.NFO,07/01/2020,09:19:45,3.15,3.05,10000,3.15,5000,0,625000
MOTHERSUMI30Jan20140PE.NFO,07/01/2020,09:19:52,3.1,3.05,5000,3.1,5000,5000,625000
MOTHERSUMI30Jan20140PE.NFO,07/01/2020,09:19:59,3.1,3.05,5000,3.1,5000,0,625000
MOTHERSUMI30Jan20140PE.NFO,07/01/2020,09:20:05,3.1,3.05,5000,3.15,10000,0,625000
MOTHERSUMI30Jan20140PE.NFO,07/01/2020,09:20:11,3.05,3,5000,3.15,10000,5000,625000
MOTHERSUMI30Jan20140PE.NFO,07/01/2020,09:20:11,3.05,3,5000,3.15,10000,0,625000
MOTHERSUMI30Jan20140PE.NFO,07/01/2020,09:20:18,3,2.95,15000,3.15,10000,10000,595000
MOTHERSUMI30Jan20140PE.NFO,07/01/2020,09:20:18,3,2.95,15000,3.15,10000,0,595000
MOTHERSUMI30Jan20140PE.NFO,07/01/2020,09:20:24,3.05,3,15000,3.15,10000,5000,595000
MOTHERSUMI30Jan20140PE.NFO,07/01/2020,09:20:31,3.05,3,5000,3.15,10000,0,595000
MOTHERSUMI30Jan20140PE.NFO,07/01/2020,09:20:37,3.05,3,15000,3.15,10000,0,595000
MOTHERSUMI30Jan20140PE.NFO,07/01/2020,09:20:43,3.05,3,15000,3.15,15000,0,595000
MOTHERSUMI30Jan20140PE.NFO,07/01/2020,09:21:18,3.05,3,10000,3.05,5000,0,595000
MOTHERSUMI30Jan20140PE.NFO,07/01/2020,09:21:38,3,3,5000,3.1,5000,5000,595000
MOTHERSUMI30Jan20140PE.NFO,07/01/2020,09:21:44,3,3,5000,3.1,15000,0,595000
MOTHERSUMI30Jan20140PE.NFO,07/01/2020,09:21:58,3,2.95,5000,3,5000,5000,595000
MOTHERSUMI30Jan20140PE.NFO,07/01/2020,09:22:04,3,2.95,5000,3,5000,0,595000
MOTHERSUMI30Jan20140PE.NFO,07/01/2020,09:22:11,2.95,2.75,10000,2.95,10000,5000,595000
MOTHERSUMI30Jan20140PE.NFO,07/01/2020,09:22:11,2.95,2.75,10000,2.95,10000,0,595000
MOTHERSUMI30Jan20140PE.NFO,07/01/2020,09:22:18,2.95,2.75,5000,2.9,15000,0,595000
MOTHERSUMI30Jan20140PE.NFO,07/01/2020,09:22:25,2.9,2.75,10000,2.9,20000,5000,595000
MOTHERSUMI30Jan20140PE.NFO,07/01/2020,09:22:25,2.9,2.75,10000,2.9,20000,0,595000
MOTHERSUMI30Jan20140PE.NFO,07/01/2020,09:22:32,2.9,2.75,15000,2.9,15000,0,595000
MOTHERSUMI30Jan20140PE.NFO,07/01/2020,09:22:39,2.9,2.75,15000,2.9,20000,0,595000
MOTHERSUMI30Jan20140PE.NFO,07/01/2020,09:22:45,2.9,2.8,5000,2.9,15000,0,595000
MOTHERSUMI30Jan20140PE.NFO,07/01/2020,09:22:57,2.9,2.8,5000,2.9,5000,15000,595000
MOTHERSUMI30Jan20140PE.NFO,07/01/2020,09:23:04,2.9,2.75,10000,2.9,10000,0,595000
MOTHERSUMI30Jan20140PE.NFO,07/01/2020,09:23:21,2.9,2.75,15000,2.85,10000,0,595000
MOTHERSUMI30Jan20140PE.NFO,07/01/2020,09:23:57,2.9,2.8,5000,2.9,10000,0,595000
MOTHERSUMI30Jan20140PE.NFO,07/01/2020,09:24:15,2.9,2.75,20000,2.9,10000,0,595000
MOTHERSUMI30Jan20140PE.NFO,07/01/2020,09:24:21,2.9,2.75,15000,2.85,10000,0,595000
MOTHERSUMI30Jan20140PE.NFO,07/01/2020,09:24:27,2.9,2.75,10000,2.85,10000,0,595000
MOTHERSUMI30Jan20140PE.NFO,07/01/2020,09:24:32,2.9,2.75,10000,2.8,10000,0,595000
MOTHERSUMI30Jan20140PE.NFO,07/01/2020,09:24:38,2.9,2.75,10000,2.8,5000,0,595000
MOTHERSUMI30Jan20140PE.NFO,07/01/2020,09:24:48,2.9,2.75,15000,2.85,15000,0,595000
MOTHERSUMI30Jan20140PE.NFO,07/01/2020,09:24:54,2.9,2.75,10000,2.8,5000,0,595000
MOTHERSUMI30Jan20140PE.NFO,07/01/2020,09:25:00,2.9,2.75,10000,2.8,10000,0,595000
MOTHERSUMI30Jan20140PE.NFO,07/01/2020,09:25:06,2.75,2.65,5000,2.75,15000,10000,585000
MOTHERSUMI30Jan20140PE.NFO,07/01/2020,09:25:06,2.75,2.65,5000,2.75,15000,0,585000
MOTHERSUMI30Jan20140PE.NFO,07/01/2020,09:25:12,2.75,2.6,20000,2.7,5000,0,585000
MOTHERSUMI30Jan20140PE.NFO,07/01/2020,09:25:25,2.75,2.6,15000,2.7,5000,0,585000
MOTHERSUMI30Jan20140PE.NFO,07/01/2020,09:25:32,2.75,2.6,10000,2.7,15000,0,585000
MOTHERSUMI30Jan20140PE.NFO,07/01/2020,09:25:38,2.75,2.6,10000,2.7,10000,0,585000
MOTHERSUMI30Jan20140PE.NFO,07/01/2020,09:25:44,2.75,2.6,15000,2.7,15000,0,585000
MOTHERSUMI30Jan20140PE.NFO,07/01/2020,09:26:18,2.75,2.65,10000,2.7,5000,0,585000
MOTHERSUMI30Jan20140PE.NFO,07/01/2020,09:26:36,2.7,2.6,25000,2.7,10000,5000,590000
MOTHERSUMI30Jan20140PE.NFO,07/01/2020,09:26:36,2.7,2.6,25000,2.7,10000,0,590000
MOTHERSUMI30Jan20140PE.NFO,07/01/2020,09:26:41,2.7,2.6,25000,2.7,10000,0,590000
MOTHERSUMI30Jan20140PE.NFO,07/01/2020,09:26:58,2.7,2.65,5000,2.7,5000,0,590000
MOTHERSUMI30Jan20140PE.NFO,07/01/2020,09:27:04,2.7,2.65,5000,2.75,15000,5000,590000
MOTHERSUMI30Jan20140PE.NFO,07/01/2020,09:27:15,2.7,2.65,5000,2.75,15000,0,590000
MOTHERSUMI30Jan20140PE.NFO,07/01/2020,09:27:20,2.7,2.65,10000,2.75,15000,0,590000
MOTHERSUMI30Jan20140PE.NFO,07/01/2020,09:27:26,2.7,2.65,20000,2.75,10000,0,590000
MOTHERSUMI30Jan20140PE.NFO,07/01/2020,09:27:32,2.7,2.65,20000,2.75,5000,0,590000
MOTHERSUMI30Jan20140PE.NFO,07/01/2020,09:27:38,2.7,2.7,5000,2.75,5000,0,590000
MOTHERSUMI30Jan20140PE.NFO,07/01/2020,09:27:50,2.7,2.65,25000,2.75,5000,0,590000
MOTHERSUMI30Jan20140PE.NFO,07/01/2020,09:27:59,2.7,2.65,25000,2.75,15000,0,590000
MOTHERSUMI30Jan20140PE.NFO,07/01/2020,09:28:11,2.7,2.7,5000,2.75,5000,0,590000
MOTHERSUMI30Jan20140PE.NFO,07/01/2020,09:28:22,2.75,2.65,25000,2.8,15000,5000,590000
MOTHERSUMI30Jan20140PE.NFO,07/01/2020,09:28:28,2.75,2.65,20000,2.75,10000,0,590000
MOTHERSUMI30Jan20140PE.NFO,07/01/2020,09:28:34,2.75,2.65,25000,2.8,15000,0,590000
MOTHERSUMI30Jan20140PE.NFO,07/01/2020,09:28:44,2.75,2.65,25000,2.75,10000,0,590000
MOTHERSUMI30Jan20140PE.NFO,07/01/2020,09:28:49,2.75,2.7,10000,2.8,10000,0,590000
MOTHERSUMI30Jan20140PE.NFO,07/01/2020,09:29:00,2.75,2.7,5000,2.8,10000,0,590000
MOTHERSUMI30Jan20140PE.NFO,07/01/2020,09:29:06,2.75,2.65,30000,2.8,15000,0,590000
MOTHERSUMI30Jan20140PE.NFO,07/01/2020,09:29:11,2.75,2.65,10000,2.75,20000,0,590000
MOTHERSUMI30Jan20140PE.NFO,07/01/2020,09:29:17,2.75,2.6,25000,2.7,10000,0,590000
MOTHERSUMI30Jan20140PE.NFO,07/01/2020,09:29:23,2.75,2.6,20000,2.7,10000,0,590000
MOTHERSUMI30Jan20140PE.NFO,07/01/2020,09:29:28,2.75,2.6,30000,2.75,15000,0,590000
MOTHERSUMI30Jan20140PE.NFO,07/01/2020,09:29:34,2.75,2.65,10000,2.75,10000,0,590000
MOTHERSUMI30Jan20140PE.NFO,07/01/2020,09:29:40,2.75,2.6,25000,2.7,10000,0,590000
MOTHERSUMI30Jan20140PE.NFO,07/01/2020,09:30:07,2.75,2.6,15000,2.7,10000,0,590000
MOTHERSUMI30Jan20140PE.NFO,07/01/2020,09:30:13,2.75,2.6,15000,2.7,15000,0,590000
MOTHERSUMI30Jan20140PE.NFO,07/01/2020,09:30:28,2.65,2.6,20000,2.7,10000,5000,595000
MOTHERSUMI30Jan20140PE.NFO,07/01/2020,09:30:28,2.65,2.6,20000,2.7,10000,0,595000
MOTHERSUMI30Jan20140PE.NFO,07/01/2020,09:30:33,2.65,2.6,20000,2.7,5000,0,595000
MOTHERSUMI30Jan20140PE.NFO,07/01/2020,09:30:42,2.65,2.6,15000,2.7,5000,0,595000
MOTHERSUMI30Jan20140PE.NFO,07/01/2020,09:30:47,2.65,2.6,15000,2.7,10000,0,595000
MOTHERSUMI30Jan20140PE.NFO,07/01/2020,09:30:57,2.65,2.6,5000,2.65,5000,0,595000
MOTHERSUMI30Jan20140PE.NFO,07/01/2020,09:31:02,2.65,2.55,20000,2.65,5000,0,595000
MOTHERSUMI30Jan20140PE.NFO,07/01/2020,09:31:08,2.65,2.55,15000,2.65,5000,0,595000
MOTHERSUMI30Jan20140PE.NFO,07/01/2020,09:31:27,2.65,2.55,20000,2.7,10000,0,595000
MOTHERSUMI30Jan20140PE.NFO,07/01/2020,09:31:49,2.65,2.55,20000,2.65,10000,0,595000
MOTHERSUMI30Jan20140PE.NFO,07/01/2020,09:31:54,2.65,2.6,5000,2.7,5000,0,595000
MOTHERSUMI30Jan20140PE.NFO,07/01/2020,09:31:59,2.6,2.55,25000,2.7,15000,5000,595000
MOTHERSUMI30Jan20140PE.NFO,07/01/2020,09:31:59,2.6,2.55,25000,2.7,15000,0,595000
MOTHERSUMI30Jan20140PE.NFO,07/01/2020,09:32:04,2.6,2.55,20000,2.65,5000,0,595000
MOTHERSUMI30Jan20140PE.NFO,07/01/2020,09:32:10,2.6,2.6,5000,2.65,10000,0,595000
MOTHERSUMI30Jan20140PE.NFO,07/01/2020,09:32:16,2.6,2.6,5000,2.65,5000,0,595000
MOTHERSUMI30Jan20140PE.NFO,07/01/2020,09:32:22,2.6,2.6,5000,2.7,10000,0,595000
MOTHERSUMI30Jan20140PE.NFO,07/01/2020,09:32:34,2.6,2.6,5000,2.65,5000,0,595000
MOTHERSUMI30Jan20140PE.NFO,07/01/2020,09:32:40,2.6,2.6,5000,2.7,10000,0,595000
MOTHERSUMI30Jan20140PE.NFO,07/01/2020,09:32:57,2.6,2.6,20000,2.7,10000,0,595000
MOTHERSUMI30Jan20140PE.NFO,07/01/2020,09:33:03,2.6,2.65,25000,2.75,5000,0,595000
MOTHERSUMI30Jan20140PE.NFO,07/01/2020,09:33:20,2.75,2.7,25000,2.85,20000,5000,590000
MOTHERSUMI30Jan20140PE.NFO,07/01/2020,09:33:25,2.75,2.75,5000,2.85,10000,0,590000
MOTHERSUMI30Jan20140PE.NFO,07/01/2020,09:33:40,2.75,2.75,5000,2.8,5000,0,590000
MOTHERSUMI30Jan20140PE.NFO,07/01/2020,09:33:45,2.75,2.7,15000,2.8,10000,0,590000
MOTHERSUMI30Jan20140PE.NFO,07/01/2020,09:33:50,2.75,2.7,25000,2.85,10000,0,590000
MOTHERSUMI30Jan20140PE.NFO,07/01/2020,09:33:59,2.75,2.7,25000,2.8,5000,5000,590000
MOTHERSUMI30Jan20140PE.NFO,07/01/2020,09:34:04,2.75,2.7,15000,2.8,5000,0,590000
MOTHERSUMI30Jan20140PE.NFO,07/01/2020,09:34:09,2.75,2.7,20000,2.8,5000,0,590000
MOTHERSUMI30Jan20140PE.NFO,07/01/2020,09:34:14,2.75,2.7,15000,2.8,5000,0,590000
MOTHERSUMI30Jan20140PE.NFO,07/01/2020,09:34:19,2.75,2.7,20000,2.8,5000,0,590000
MOTHERSUMI30Jan20140PE.NFO,07/01/2020,09:34:30,2.75,2.7,25000,2.8,5000,0,590000
MOTHERSUMI30Jan20140PE.NFO,07/01/2020,09:34:36,2.75,2.75,5000,2.85,10000,0,590000
MOTHERSUMI30Jan20140PE.NFO,07/01/2020,09:34:47,2.75,2.75,10000,2.85,10000,0,590000
MOTHERSUMI30Jan20140PE.NFO,07/01/2020,09:34:53,2.75,2.75,5000,2.85,10000,0,590000
MOTHERSUMI30Jan20140PE.NFO,07/01/2020,09:35:10,2.75,2.8,5000,2.85,10000,0,590000
MOTHERSUMI30Jan20140PE.NFO,07/01/2020,09:35:23,2.85,2.8,5000,2.9,5000,5000,590000
MOTHERSUMI30Jan20140PE.NFO,07/01/2020,09:35:33,2.85,2.75,25000,2.9,5000,0,590000
MOTHERSUMI30Jan20140PE.NFO,07/01/2020,09:35:39,2.85,2.8,5000,2.9,5000,0,590000
MOTHERSUMI30Jan20140PE.NFO,07/01/2020,09:35:45,2.85,2.8,35000,2.95,10000,0,590000
MOTHERSUMI30Jan20140PE.NFO,07/01/2020,09:35:52,2.85,2.85,5000,2.95,5000,0,590000
MOTHERSUMI30Jan20140PE.NFO,07/01/2020,09:36:30,2.85,2.85,10000,2.95,5000,0,590000
MOTHERSUMI30Jan20140PE.NFO,07/01/2020,09:36:58,2.85,2.85,5000,2.95,5000,0,590000
MOTHERSUMI30Jan20140PE.NFO,07/01/2020,09:37:13,2.85,2.8,25000,2.95,5000,0,590000
MOTHERSUMI30Jan20140PE.NFO,07/01/2020,09:38:26,2.85,2.8,30000,2.95,5000,0,590000
MOTHERSUMI30Jan20140PE.NFO,07/01/2020,09:38:43,2.85,2.8,30000,2.95,10000,0,590000
MOTHERSUMI30Jan20140PE.NFO,07/01/2020,09:39:23,2.85,2.8,25000,2.9,10000,0,590000
MOTHERSUMI30Jan20140PE.NFO,07/01/2020,09:39:36,2.85,2.8,25000,2.9,5000,0,590000
MOTHERSUMI30Jan20140PE.NFO,07/01/2020,09:39:40,2.85,2.8,25000,2.9,10000,0,590000
MOTHERSUMI30Jan20140PE.NFO,07/01/2020,09:40:00,2.85,2.8,20000,2.9,10000,0,590000
MOTHERSUMI30Jan20140PE.NFO,07/01/2020,09:40:11,2.85,2.8,25000,2.9,10000,0,590000
MOTHERSUMI30Jan20140PE.NFO,07/01/2020,09:40:16,2.85,2.8,20000,2.9,5000,0,590000
MOTHERSUMI30Jan20140PE.NFO,07/01/2020,09:40:21,2.85,2.8,35000,2.9,5000,0,590000
MOTHERSUMI30Jan20140PE.NFO,07/01/2020,09:40:41,2.85,2.85,5000,2.95,10000,0,590000
MOTHERSUMI30Jan20140PE.NFO,07/01/2020,09:40:46,2.85,2.85,25000,2.95,5000,0,590000
MOTHERSUMI30Jan20140PE.NFO,07/01/2020,09:40:50,2.85,2.85,25000,2.95,10000,0,590000
MOTHERSUMI30Jan20140PE.NFO,07/01/2020,09:40:55,2.85,2.85,15000,2.95,10000,0,590000
MOTHERSUMI30Jan20140PE.NFO,07/01/2020,09:41:05,2.85,2.85,10000,2.95,10000,0,590000
MOTHERSUMI30Jan20140PE.NFO,07/01/2020,09:41:11,2.85,2.85,5000,2.9,5000,0,590000
MOTHERSUMI30Jan20140PE.NFO,07/01/2020,09:41:16,2.85,2.85,15000,2.95,10000,0,590000
MOTHERSUMI30Jan20140PE.NFO,07/01/2020,09:41:44,2.85,2.85,10000,2.95,10000,5000,560000
MOTHERSUMI30Jan20140PE.NFO,07/01/2020,09:41:49,2.85,2.85,10000,2.95,10000,0,560000
MOTHERSUMI30Jan20140PE.NFO,07/01/2020,09:42:01,2.85,2.8,35000,2.9,5000,0,560000
MOTHERSUMI30Jan20140PE.NFO,07/01/2020,09:42:08,2.85,2.85,10000,2.95,15000,0,560000
MOTHERSUMI30Jan20140PE.NFO,07/01/2020,09:42:14,2.85,2.8,35000,2.9,5000,0,560000
MOTHERSUMI30Jan20140PE.NFO,07/01/2020,09:42:21,2.85,2.85,10000,2.95,15000,0,560000
MOTHERSUMI30Jan20140PE.NFO,07/01/2020,09:42:41,2.9,2.85,15000,2.95,10000,5000,560000
MOTHERSUMI30Jan20140PE.NFO,07/01/2020,09:42:48,2.9,2.85,20000,2.95,15000,0,560000
MOTHERSUMI30Jan20140PE.NFO,07/01/2020,09:42:54,2.9,2.9,20000,3,15000,0,560000
MOTHERSUMI30Jan20140PE.NFO,07/01/2020,09:43:06,3,2.95,20000,3.05,10000,5000,560000
MOTHERSUMI30Jan20140PE.NFO,07/01/2020,09:43:11,3,2.95,10000,3.05,10000,0,560000
MOTHERSUMI30Jan20140PE.NFO,07/01/2020,09:43:21,3,2.9,25000,3,5000,0,560000
MOTHERSUMI30Jan20140PE.NFO,07/01/2020,09:43:27,3,2.9,25000,3.05,15000,5000,560000
MOTHERSUMI30Jan20140PE.NFO,07/01/2020,09:43:32,3,2.9,20000,3,5000,0,560000
MOTHERSUMI30Jan20140PE.NFO,07/01/2020,09:43:37,3,2.95,5000,3.05,15000,0,560000
MOTHERSUMI30Jan20140PE.NFO,07/01/2020,09:43:41,3,2.95,20000,3.05,15000,0,560000
MOTHERSUMI30Jan20140PE.NFO,07/01/2020,09:43:46,3,2.95,30000,3.1,15000,0,560000
MOTHERSUMI30Jan20140PE.NFO,07/01/2020,09:44:05,3,2.9,25000,3,5000,0,560000
MOTHERSUMI30Jan20140PE.NFO,07/01/2020,09:44:10,3,2.9,30000,3.05,15000,0,560000
MOTHERSUMI30Jan20140PE.NFO,07/01/2020,09:44:16,3,3,10000,3.05,10000,5000,560000
MOTHERSUMI30Jan20140PE.NFO,07/01/2020,09:44:26,3,2.9,25000,3,10000,10000,570000
MOTHERSUMI30Jan20140PE.NFO,07/01/2020,09:44:32,3,2.9,25000,3,10000,0,570000
MOTHERSUMI30Jan20140PE.NFO,07/01/2020,09:44:37,3,2.9,10000,3,10000,0,570000
MOTHERSUMI30Jan20140PE.NFO,07/01/2020,09:45:02,3,2.85,25000,3,20000,0,570000
MOTHERSUMI30Jan20140PE.NFO,07/01/2020,09:45:08,3,2.8,25000,2.95,20000,0,570000
MOTHERSUMI30Jan20140PE.NFO,07/01/2020,09:45:16,3,2.8,25000,2.95,15000,0,570000
MOTHERSUMI30Jan20140PE.NFO,07/01/2020,09:45:21,3,2.85,5000,2.95,15000,0,570000
MOTHERSUMI30Jan20140PE.NFO,07/01/2020,09:45:34,3,2.85,15000,2.95,15000,0,570000
MOTHERSUMI30Jan20140PE.NFO,07/01/2020,09:45:51,3,2.85,20000,2.95,15000,0,570000
MOTHERSUMI30Jan20140PE.NFO,07/01/2020,09:45:57,3,2.85,25000,2.95,15000,0,570000
MOTHERSUMI30Jan20140PE.NFO,07/01/2020,09:46:02,3,2.85,10000,2.95,15000,0,570000
MOTHERSUMI30Jan20140PE.NFO,07/01/2020,09:46:08,3,2.85,25000,2.95,15000,0,570000
MOTHERSUMI30Jan20140PE.NFO,07/01/2020,09:46:13,3,2.85,30000,2.95,15000,0,570000
MOTHERSUMI30Jan20140PE.NFO,07/01/2020,09:46:18,2.95,2.85,25000,2.95,10000,5000,570000
MOTHERSUMI30Jan20140PE.NFO,07/01/2020,09:46:23,2.95,2.85,25000,2.95,10000,0,570000
MOTHERSUMI30Jan20140PE.NFO,07/01/2020,09:46:33,2.95,2.85,30000,2.95,10000,0,570000
MOTHERSUMI30Jan20140PE.NFO,07/01/2020,09:46:38,2.95,2.85,30000,2.95,10000,5000,570000
MOTHERSUMI30Jan20140PE.NFO,07/01/2020,09:46:51,2.95,2.85,25000,2.95,10000,0,570000
MOTHERSUMI30Jan20140PE.NFO,07/01/2020,09:46:56,2.95,2.85,20000,2.95,10000,0,570000
MOTHERSUMI30Jan20140PE.NFO,07/01/2020,09:47:32,2.95,2.85,25000,2.95,10000,0,570000
MOTHERSUMI30Jan20140PE.NFO,07/01/2020,09:47:36,2.95,2.85,30000,2.95,10000,0,570000
MOTHERSUMI30Jan20140PE.NFO,07/01/2020,09:47:41,2.95,2.85,30000,2.95,15000,0,570000
MOTHERSUMI30Jan20140PE.NFO,07/01/2020,09:47:45,2.95,2.85,30000,2.95,10000,0,570000
MOTHERSUMI30Jan20140PE.NFO,07/01/2020,09:47:49,2.95,2.85,25000,2.95,10000,0,570000
MOTHERSUMI30Jan20140PE.NFO,07/01/2020,09:47:57,2.95,2.85,30000,2.95,10000,0,570000
MOTHERSUMI30Jan20140PE.NFO,07/01/2020,09:48:13,2.95,2.85,45000,3,15000,10000,580000
MOTHERSUMI30Jan20140PE.NFO,07/01/2020,09:48:17,2.95,2.9,5000,3,15000,0,580000
MOTHERSUMI30Jan20140PE.NFO,07/01/2020,09:48:32,2.95,2.9,15000,3,15000,0,580000
MOTHERSUMI30Jan20140PE.NFO,07/01/2020,09:48:37,2.95,2.9,5000,3,15000,0,580000
MOTHERSUMI30Jan20140PE.NFO,07/01/2020,09:48:41,2.95,2.9,10000,3,15000,0,580000
MOTHERSUMI30Jan20140PE.NFO,07/01/2020,09:48:50,2.95,2.9,5000,3,15000,0,580000
MOTHERSUMI30Jan20140PE.NFO,07/01/2020,09:48:57,2.95,2.9,5000,2.95,5000,0,580000
MOTHERSUMI30Jan20140PE.NFO,07/01/2020,09:49:02,2.95,2.9,10000,3,15000,0,580000
MOTHERSUMI30Jan20140PE.NFO,07/01/2020,09:49:07,2.95,2.9,5000,2.95,5000,0,580000
MOTHERSUMI30Jan20140PE.NFO,07/01/2020,09:49:11,2.95,2.85,10000,2.95,10000,0,580000
MOTHERSUMI30Jan20140PE.NFO,07/01/2020,09:49:21,2.95,2.85,10000,2.9,5000,0,580000
MOTHERSUMI30Jan20140PE.NFO,07/01/2020,09:49:27,2.95,2.85,20000,2.95,10000,0,580000
MOTHERSUMI30Jan20140PE.NFO,07/01/2020,09:49:33,2.95,2.85,10000,2.95,10000,0,580000
MOTHERSUMI30Jan20140PE.NFO,07/01/2020,09:49:38,2.95,2.85,15000,2.95,10000,0,580000
MOTHERSUMI30Jan20140PE.NFO,07/01/2020,09:49:43,2.95,2.85,25000,2.95,5000,0,580000
MOTHERSUMI30Jan20140PE.NFO,07/01/2020,09:49:49,2.95,2.85,40000,2.95,5000,0,580000
MOTHERSUMI30Jan20140PE.NFO,07/01/2020,09:49:58,2.95,2.85,35000,2.95,5000,0,580000
MOTHERSUMI30Jan20140PE.NFO,07/01/2020,09:50:08,2.95,2.85,25000,2.95,10000,0,580000
MOTHERSUMI30Jan20140PE.NFO,07/01/2020,09:50:24,2.95,2.9,10000,3,15000,0,580000
MOTHERSUMI30Jan20140PE.NFO,07/01/2020,09:50:33,2.95,2.9,25000,3,15000,0,580000
MOTHERSUMI30Jan20140PE.NFO,07/01/2020,09:50:38,2.95,2.9,10000,3,15000,0,580000
MOTHERSUMI30Jan20140PE.NFO,07/01/2020,09:50:45,2.95,2.9,30000,3,10000,0,580000
MOTHERSUMI30Jan20140PE.NFO,07/01/2020,09:50:55,2.95,2.9,15000,3,10000,0,580000
MOTHERSUMI30Jan20140PE.NFO,07/01/2020,09:51:09,2.95,2.9,5000,3,10000,0,580000
MOTHERSUMI30Jan20140PE.NFO,07/01/2020,09:51:15,2.95,2.9,10000,3,10000,0,580000
MOTHERSUMI30Jan20140PE.NFO,07/01/2020,09:51:20,3,2.95,5000,3.05,10000,5000,575000
MOTHERSUMI30Jan20140PE.NFO,07/01/2020,09:51:26,3,2.95,5000,3.05,10000,0,575000
MOTHERSUMI30Jan20140PE.NFO,07/01/2020,09:51:31,3,2.9,15000,3,5000,0,575000
MOTHERSUMI30Jan20140PE.NFO,07/01/2020,09:51:36,3,2.9,25000,3,5000,0,575000
MOTHERSUMI30Jan20140PE.NFO,07/01/2020,09:51:40,3,2.9,15000,3,5000,0,575000
MOTHERSUMI30Jan20140PE.NFO,07/01/2020,09:51:49,3,2.9,35000,3.05,10000,0,575000
MOTHERSUMI30Jan20140PE.NFO,07/01/2020,09:51:54,3,2.95,5000,3.05,15000,0,575000
MOTHERSUMI30Jan20140PE.NFO,07/01/2020,09:51:57,3,2.9,35000,3.05,15000,0,575000
MOTHERSUMI30Jan20140PE.NFO,07/01/2020,09:52:01,3,2.9,35000,3,5000,0,575000
MOTHERSUMI30Jan20140PE.NFO,07/01/2020,09:52:05,3,2.95,5000,3.05,15000,0,575000
MOTHERSUMI30Jan20140PE.NFO,07/01/2020,09:52:13,3,2.9,35000,3.05,15000,0,575000
MOTHERSUMI30Jan20140PE.NFO,07/01/2020,09:52:22,3,2.95,5000,3.05,15000,0,575000
MOTHERSUMI30Jan20140PE.NFO,07/01/2020,09:52:32,3,2.95,15000,3.05,15000,0,575000
MOTHERSUMI30Jan20140PE.NFO,07/01/2020,09:52:41,3,2.95,10000,3.05,10000,0,575000
MOTHERSUMI30Jan20140PE.NFO,07/01/2020,09:52:46,3,2.95,5000,3.05,10000,0,575000
MOTHERSUMI30Jan20140PE.NFO,07/01/2020,09:52:53,3,2.9,35000,3,5000,0,575000
MOTHERSUMI30Jan20140PE.NFO,07/01/2020,09:53:06,3,2.95,20000,3,5000,0,575000
MOTHERSUMI30Jan20140PE.NFO,07/01/2020,09:53:12,3,2.95,25000,3,5000,0,575000
MOTHERSUMI30Jan20140PE.NFO,07/01/2020,09:53:17,3,2.95,10000,3.05,15000,5000,575000
MOTHERSUMI30Jan20140PE.NFO,07/01/2020,09:53:23,3,2.95,5000,3.05,15000,0,575000
MOTHERSUMI30Jan20140PE.NFO,07/01/2020,09:53:28,3,2.95,20000,3.05,15000,0,575000
MOTHERSUMI30Jan20140PE.NFO,07/01/2020,09:53:33,3,2.9,35000,3,5000,0,575000
MOTHERSUMI30Jan20140PE.NFO,07/01/2020,09:53:38,3,2.9,40000,3,5000,0,575000
MOTHERSUMI30Jan20140PE.NFO,07/01/2020,09:53:43,3,2.95,5000,3.05,10000,0,575000
MOTHERSUMI30Jan20140PE.NFO,07/01/2020,09:54:09,3,2.95,10000,3.05,10000,0,575000
MOTHERSUMI30Jan20140PE.NFO,07/01/2020,09:54:23,3,2.95,40000,3.05,10000,0,575000
MOTHERSUMI30Jan20140PE.NFO,07/01/2020,09:54:36,3,2.95,35000,3.05,10000,0,575000
MOTHERSUMI30Jan20140PE.NFO,07/01/2020,09:54:51,3,3,5000,3.05,10000,0,575000
MOTHERSUMI30Jan20140PE.NFO,07/01/2020,09:55:25,3,3,5000,3.05,5000,0,575000
MOTHERSUMI30Jan20140PE.NFO,07/01/2020,09:56:02,3,3,5000,3.1,10000,0,575000
MOTHERSUMI30Jan20140PE.NFO,07/01/2020,09:56:13,3,3,5000,3.05,5000,0,575000
MOTHERSUMI30Jan20140PE.NFO,07/01/2020,09:56:18,3,3,5000,3.1,10000,0,575000
MOTHERSUMI30Jan20140PE.NFO,07/01/2020,09:56:23,3,3.05,5000,3.15,5000,0,575000
MOTHERSUMI30Jan20140PE.NFO,07/01/2020,09:56:29,3,3.05,5000,3.15,15000,0,575000
MOTHERSUMI30Jan20140PE.NFO,07/01/2020,09:56:34,3,3,30000,3.1,5000,0,575000
MOTHERSUMI30Jan20140PE.NFO,07/01/2020,09:56:39,3,3.05,5000,3.1,5000,0,575000
MOTHERSUMI30Jan20140PE.NFO,07/01/2020,09:56:44,3,3.05,5000,3.15,5000,0,575000
MOTHERSUMI30Jan20140PE.NFO,07/01/2020,09:56:52,3,3.05,5000,3.15,10000,0,575000
MOTHERSUMI30Jan20140PE.NFO,07/01/2020,09:56:57,3,3.05,20000,3.15,5000,0,575000
MOTHERSUMI30Jan20140PE.NFO,07/01/2020,09:57:10,3,3.05,10000,3.15,5000,0,575000
MOTHERSUMI30Jan20140PE.NFO,07/01/2020,09:57:14,3,3.05,10000,3.15,10000,0,575000
MOTHERSUMI30Jan20140PE.NFO,07/01/2020,09:57:18,3,3.05,10000,3.15,5000,0,575000
MOTHERSUMI30Jan20140PE.NFO,07/01/2020,09:57:23,3,3.05,40000,3.2,10000,0,575000
MOTHERSUMI30Jan20140PE.NFO,07/01/2020,09:57:31,3,3.05,40000,3.2,15000,0,575000
MOTHERSUMI30Jan20140PE.NFO,07/01/2020,09:57:43,3,3.05,35000,3.2,15000,0,575000
MOTHERSUMI30Jan20140PE.NFO,07/01/2020,09:57:47,3,3.1,5000,3.2,10000,0,575000
MOTHERSUMI30Jan20140PE.NFO,07/01/2020,09:57:56,3,3.1,15000,3.2,10000,0,575000
MOTHERSUMI30Jan20140PE.NFO,07/01/2020,09:58:01,3,3.1,5000,3.2,10000,0,575000
MOTHERSUMI30Jan20140PE.NFO,07/01/2020,09:58:23,3,3.1,10000,3.2,10000,0,575000
MOTHERSUMI30Jan20140PE.NFO,07/01/2020,09:58:28,3,3.1,25000,3.2,5000,0,575000
MOTHERSUMI30Jan20140PE.NFO,07/01/2020,09:58:33,3,3.1,30000,3.25,15000,0,575000
MOTHERSUMI30Jan20140PE.NFO,07/01/2020,09:58:46,3,3.1,30000,3.25,20000,0,575000
MOTHERSUMI30Jan20140PE.NFO,07/01/2020,09:58:52,3,3.15,25000,3.25,5000,0,575000
MOTHERSUMI30Jan20140PE.NFO,07/01/2020,09:58:58,3,3.15,15000,3.25,5000,0,575000
MOTHERSUMI30Jan20140PE.NFO,07/01/2020,09:59:03,3,3.15,5000,3.25,5000,0,575000
MOTHERSUMI30Jan20140PE.NFO,07/01/2020,09:59:09,3,3.15,25000,3.25,5000,0,575000
MOTHERSUMI30Jan20140PE.NFO,07/01/2020,09:59:20,3,3.15,20000,3.25,5000,0,575000
MOTHERSUMI30Jan20140PE.NFO,07/01/2020,09:59:25,3,3.15,30000,3.3,10000,0,575000
MOTHERSUMI30Jan20140PE.NFO,07/01/2020,09:59:31,3,3.15,15000,3.25,10000,0,575000
MOTHERSUMI30Jan20140PE.NFO,07/01/2020,09:59:36,3,3.15,5000,3.3,20000,0,575000
MOTHERSUMI30Jan20140PE.NFO,07/01/2020,09:59:47,3,3.15,20000,3.3,20000,0,575000
MOTHERSUMI30Jan20140PE.NFO,07/01/2020,09:59:53,3,3.15,10000,3.3,20000,0,575000
MOTHERSUMI30Jan20140PE.NFO,07/01/2020,10:00:04,3,3.15,15000,3.3,20000,0,575000
MOTHERSUMI30Jan20140PE.NFO,07/01/2020,10:00:09,3.15,3.15,15000,3.3,20000,10000,570000
MOTHERSUMI30Jan20140PE.NFO,07/01/2020,10:00:14,3.15,3.15,15000,3.3,25000,0,570000
MOTHERSUMI30Jan20140PE.NFO,07/01/2020,10:00:20,3.15,3.15,25000,3.3,25000,0,570000
MOTHERSUMI30Jan20140PE.NFO,07/01/2020,10:00:26,3.15,3.15,15000,3.3,25000,0,570000
MOTHERSUMI30Jan20140PE.NFO,07/01/2020,10:00:31,3.15,3.15,20000,3.3,25000,0,570000
MOTHERSUMI30Jan20140PE.NFO,07/01/2020,10:00:42,3.15,3.15,15000,3.3,20000,0,570000
MOTHERSUMI30Jan20140PE.NFO,07/01/2020,10:00:49,3.15,3.2,15000,3.3,5000,0,570000
MOTHERSUMI30Jan20140PE.NFO,07/01/2020,10:00:56,3.15,3.2,25000,3.3,5000,0,570000
MOTHERSUMI30Jan20140PE.NFO,07/01/2020,10:01:02,3.15,3.2,15000,3.3,5000,0,570000
MOTHERSUMI30Jan20140PE.NFO,07/01/2020,10:01:14,3.15,3.2,25000,3.3,5000,0,570000
MOTHERSUMI30Jan20140PE.NFO,07/01/2020,10:01:21,3.15,3.25,10000,3.35,10000,0,570000
MOTHERSUMI30Jan20140PE.NFO,07/01/2020,10:01:27,3.15,3.25,10000,3.35,5000,0,570000
MOTHERSUMI30Jan20140PE.NFO,07/01/2020,10:01:33,3.15,3.25,10000,3.35,10000,0,570000
MOTHERSUMI30Jan20140PE.NFO,07/01/2020,10:01:45,3.15,3.25,10000,3.35,5000,0,570000
MOTHERSUMI30Jan20140PE.NFO,07/01/2020,10:02:22,3.15,3.25,5000,3.35,5000,0,570000
MOTHERSUMI30Jan20140PE.NFO,07/01/2020,10:02:33,3.35,3.25,10000,3.4,5000,5000,565000
MOTHERSUMI30Jan20140PE.NFO,07/01/2020,10:02:39,3.35,3.3,5000,3.4,5000,0,565000
MOTHERSUMI30Jan20140PE.NFO,07/01/2020,10:02:45,3.35,3.25,30000,3.4,10000,0,565000
MOTHERSUMI30Jan20140PE.NFO,07/01/2020,10:02:50,3.35,3.3,5000,3.4,10000,0,565000
MOTHERSUMI30Jan20140PE.NFO,07/01/2020,10:02:55,3.4,3.25,35000,3.4,15000,5000,565000
MOTHERSUMI30Jan20140PE.NFO,07/01/2020,10:03:05,3.4,3.35,5000,3.4,10000,0,565000
MOTHERSUMI30Jan20140PE.NFO,07/01/2020,10:03:14,3.4,3.35,5000,3.4,5000,0,565000
MOTHERSUMI30Jan20140PE.NFO,07/01/2020,10:03:19,3.4,3.35,5000,3.45,10000,5000,565000
MOTHERSUMI30Jan20140PE.NFO,07/01/2020,10:03:24,3.4,3.35,5000,3.45,5000,0,565000
MOTHERSUMI30Jan20140PE.NFO,07/01/2020,10:03:51,3.4,3.35,10000,3.45,5000,0,565000
MOTHERSUMI30Jan20140PE.NFO,07/01/2020,10:03:56,3.4,3.35,10000,3.45,10000,0,565000
MOTHERSUMI30Jan20140PE.NFO,07/01/2020,10:04:06,3.4,3.35,10000,3.45,5000,0,565000
MOTHERSUMI30Jan20140PE.NFO,07/01/2020,10:04:41,3.4,3.35,10000,3.45,10000,0,565000
MOTHERSUMI30Jan20140PE.NFO,07/01/2020,10:04:55,3.4,3.35,10000,3.4,5000,0,565000
MOTHERSUMI30Jan20140PE.NFO,07/01/2020,10:05:00,3.4,3.35,10000,3.4,10000,0,565000
MOTHERSUMI30Jan20140PE.NFO,07/01/2020,10:05:13,3.4,3.35,10000,3.4,20000,0,565000
MOTHERSUMI30Jan20140PE.NFO,07/01/2020,10:05:17,3.4,3.35,10000,3.4,15000,0,565000
MOTHERSUMI30Jan20140PE.NFO,07/01/2020,10:05:22,3.4,3.35,10000,3.4,20000,0,565000
MOTHERSUMI30Jan20140PE.NFO,07/01/2020,10:05:31,3.4,3.35,15000,3.4,10000,0,565000
MOTHERSUMI30Jan20140PE.NFO,07/01/2020,10:05:43,3.4,3.35,10000,3.4,20000,0,565000
MOTHERSUMI30Jan20140PE.NFO,07/01/2020,10:05:55,3.4,3.35,5000,3.4,10000,5000,570000
MOTHERSUMI30Jan20140PE.NFO,07/01/2020,10:06:00,3.4,3.35,5000,3.4,20000,0,570000
MOTHERSUMI30Jan20140PE.NFO,07/01/2020,10:06:05,3.4,3.35,5000,3.4,15000,0,570000
MOTHERSUMI30Jan20140PE.NFO,07/01/2020,10:06:11,3.4,3.35,5000,3.4,20000,0,570000
MOTHERSUMI30Jan20140PE.NFO,07/01/2020,10:06:21,3.35,3.3,10000,3.4,15000,5000,570000
MOTHERSUMI30Jan20140PE.NFO,07/01/2020,10:06:28,3.35,3.3,5000,3.4,20000,0,570000
MOTHERSUMI30Jan20140PE.NFO,07/01/2020,10:06:33,3.35,3.25,10000,3.4,20000,0,570000
MOTHERSUMI30Jan20140PE.NFO,07/01/2020,10:06:38,3.35,3.25,5000,3.4,20000,0,570000
MOTHERSUMI30Jan20140PE.NFO,07/01/2020,10:06:44,3.35,3.3,5000,3.4,15000,0,570000
MOTHERSUMI30Jan20140PE.NFO,07/01/2020,10:07:01,3.35,3.3,5000,3.4,20000,0,570000
MOTHERSUMI30Jan20140PE.NFO,07/01/2020,10:07:06,3.35,3.3,5000,3.4,15000,0,570000
MOTHERSUMI30Jan20140PE.NFO,07/01/2020,10:07:24,3.35,3.3,5000,3.4,20000,0,570000
MOTHERSUMI30Jan20140PE.NFO,07/01/2020,10:07:29,3.35,3.25,5000,3.35,10000,0,570000
MOTHERSUMI30Jan20140PE.NFO,07/01/2020,10:07:39,3.35,3.3,25000,3.35,10000,0,570000
MOTHERSUMI30Jan20140PE.NFO,07/01/2020,10:07:54,3.35,3.3,25000,3.35,5000,5000,570000
MOTHERSUMI30Jan20140PE.NFO,07/01/2020,10:07:59,3.35,3.3,25000,3.35,5000,0,570000
MOTHERSUMI30Jan20140PE.NFO,07/01/2020,10:08:08,3.35,3.35,15000,3.4,10000,5000,570000
MOTHERSUMI30Jan20140PE.NFO,07/01/2020,10:08:12,3.35,3.35,15000,3.4,10000,0,570000
MOTHERSUMI30Jan20140PE.NFO,07/01/2020,10:08:26,3.35,3.25,15000,3.4,20000,15000,580000
MOTHERSUMI30Jan20140PE.NFO,07/01/2020,10:08:32,3.35,3.25,15000,3.4,20000,0,580000
MOTHERSUMI30Jan20140PE.NFO,07/01/2020,10:08:37,3.35,3.3,5000,3.4,15000,0,580000
MOTHERSUMI30Jan20140PE.NFO,07/01/2020,10:08:51,3.35,3.25,25000,3.4,15000,0,580000
MOTHERSUMI30Jan20140PE.NFO,07/01/2020,10:08:55,3.35,3.25,5000,3.4,15000,0,580000
MOTHERSUMI30Jan20140PE.NFO,07/01/2020,10:08:59,3.35,3.25,5000,3.35,15000,0,580000
MOTHERSUMI30Jan20140PE.NFO,07/01/2020,10:09:16,3.35,3.2,30000,3.35,15000,0,580000
MOTHERSUMI30Jan20140PE.NFO,07/01/2020,10:09:21,3.35,3.2,5000,3.35,15000,0,580000
MOTHERSUMI30Jan20140PE.NFO,07/01/2020,10:09:29,3.35,3.2,15000,3.35,15000,0,580000
MOTHERSUMI30Jan20140PE.NFO,07/01/2020,10:09:34,3.35,3.2,10000,3.35,15000,0,580000
MOTHERSUMI30Jan20140PE.NFO,07/01/2020,10:09:46,3.35,3.2,15000,3.35,15000,0,580000
MOTHERSUMI30Jan20140PE.NFO,07/01/2020,10:09:51,3.35,3.25,5000,3.35,15000,0,580000
MOTHERSUMI30Jan20140PE.NFO,07/01/2020,10:09:55,3.35,3.2,15000,3.35,20000,0,580000
MOTHERSUMI30Jan20140PE.NFO,07/01/2020,10:10:41,3.35,3.2,10000,3.35,20000,0,580000
MOTHERSUMI30Jan20140PE.NFO,07/01/2020,10:10:54,3.35,3.2,15000,3.35,20000,0,580000
MOTHERSUMI30Jan20140PE.NFO,07/01/2020,10:10:58,3.35,3.2,20000,3.35,20000,0,580000
MOTHERSUMI30Jan20140PE.NFO,07/01/2020,10:11:02,3.35,3.2,15000,3.3,5000,0,580000
MOTHERSUMI30Jan20140PE.NFO,07/01/2020,10:11:16,3.35,3.2,20000,3.3,5000,0,580000
MOTHERSUMI30Jan20140PE.NFO,07/01/2020,10:11:37,3.35,3.2,10000,3.3,5000,0,580000
MOTHERSUMI30Jan20140PE.NFO,07/01/2020,10:11:58,3.35,3.2,15000,3.3,5000,0,580000
MOTHERSUMI30Jan20140PE.NFO,07/01/2020,10:12:03,3.35,3.2,10000,3.3,5000,0,580000
MOTHERSUMI30Jan20140PE.NFO,07/01/2020,10:12:09,3.35,3.2,15000,3.3,10000,0,580000
MOTHERSUMI30Jan20140PE.NFO,07/01/2020,10:12:15,3.35,3.2,10000,3.3,10000,0,580000
MOTHERSUMI30Jan20140PE.NFO,07/01/2020,10:12:25,3.35,3.15,30000,3.3,15000,0,580000
MOTHERSUMI30Jan20140PE.NFO,07/01/2020,10:12:29,3.35,3.2,5000,3.3,15000,0,580000
MOTHERSUMI30Jan20140PE.NFO,07/01/2020,10:12:39,3.35,3.15,25000,3.3,15000,0,580000
MOTHERSUMI30Jan20140PE.NFO,07/01/2020,10:12:44,3.35,3.15,20000,3.3,15000,0,580000
MOTHERSUMI30Jan20140PE.NFO,07/01/2020,10:12:49,3.35,3.15,15000,3.3,15000,0,580000
MOTHERSUMI30Jan20140PE.NFO,07/01/2020,10:12:54,3.35,3.15,20000,3.3,15000,0,580000
MOTHERSUMI30Jan20140PE.NFO,07/01/2020,10:12:59,3.35,3.15,15000,3.3,15000,0,580000
MOTHERSUMI30Jan20140PE.NFO,07/01/2020,10:13:04,3.35,3.2,15000,3.3,15000,0,580000
MOTHERSUMI30Jan20140PE.NFO,07/01/2020,10:13:15,3.35,3.2,5000,3.3,15000,0,580000
MOTHERSUMI30Jan20140PE.NFO,07/01/2020,10:13:20,3.35,3.2,15000,3.3,15000,0,580000
MOTHERSUMI30Jan20140PE.NFO,07/01/2020,10:13:48,3.35,3.2,10000,3.3,15000,0,580000
MOTHERSUMI30Jan20140PE.NFO,07/01/2020,10:13:54,3.35,3.2,15000,3.3,15000,0,580000
MOTHERSUMI30Jan20140PE.NFO,07/01/2020,10:14:13,3.35,3.2,5000,3.25,5000,0,580000
MOTHERSUMI30Jan20140PE.NFO,07/01/2020,10:14:18,3.35,3.15,15000,3.2,5000,0,580000
MOTHERSUMI30Jan20140PE.NFO,07/01/2020,10:14:39,3.2,3.15,15000,3.25,5000,5000,595000
MOTHERSUMI30Jan20140PE.NFO,07/01/2020,10:14:54,3.2,3.1,15000,3.2,10000,0,595000
MOTHERSUMI30Jan20140PE.NFO,07/01/2020,10:14:59,3.2,3.1,15000,3.2,5000,0,595000
MOTHERSUMI30Jan20140PE.NFO,07/01/2020,10:15:20,3.2,3.1,20000,3.2,5000,0,595000
MOTHERSUMI30Jan20140PE.NFO,07/01/2020,10:15:34,3.2,3.15,15000,3.25,5000,0,595000
MOTHERSUMI30Jan20140PE.NFO,07/01/2020,10:15:50,3.2,3.15,20000,3.25,5000,0,595000
MOTHERSUMI30Jan20140PE.NFO,07/01/2020,10:16:05,3.2,3.15,15000,3.25,5000,0,595000
MOTHERSUMI30Jan20140PE.NFO,07/01/2020,10:16:10,3.2,3.15,20000,3.25,5000,0,595000
MOTHERSUMI30Jan20140PE.NFO,07/01/2020,10:16:15,3.2,3.15,25000,3.25,5000,0,595000
MOTHERSUMI30Jan20140PE.NFO,07/01/2020,10:16:27,3.2,3.15,20000,3.25,5000,0,595000
MOTHERSUMI30Jan20140PE.NFO,07/01/2020,10:16:38,3.2,3.2,5000,3.25,5000,0,595000
MOTHERSUMI30Jan20140PE.NFO,07/01/2020,10:16:43,3.25,3.2,15000,3.3,5000,5000,595000
MOTHERSUMI30Jan20140PE.NFO,07/01/2020,10:16:48,3.25,3.2,10000,3.3,5000,0,595000
MOTHERSUMI30Jan20140PE.NFO,07/01/2020,10:16:52,3.25,3.2,15000,3.3,5000,0,595000
MOTHERSUMI30Jan20140PE.NFO,07/01/2020,10:17:10,3.25,3.25,15000,3.3,5000,0,595000
MOTHERSUMI30Jan20140PE.NFO,07/01/2020,10:17:14,3.25,3.2,25000,3.3,5000,0,595000
MOTHERSUMI30Jan20140PE.NFO,07/01/2020,10:17:22,3.25,3.2,20000,3.3,5000,0,595000
MOTHERSUMI30Jan20140PE.NFO,07/01/2020,10:17:30,3.25,3.25,15000,3.3,5000,0,595000
MOTHERSUMI30Jan20140PE.NFO,07/01/2020,10:17:35,3.3,3.25,20000,3.35,5000,5000,585000
MOTHERSUMI30Jan20140PE.NFO,07/01/2020,10:18:00,3.3,3.25,20000,3.35,5000,0,585000
MOTHERSUMI30Jan20140PE.NFO,07/01/2020,10:18:33,3.3,3.25,15000,3.35,5000,0,585000
MOTHERSUMI30Jan20140PE.NFO,07/01/2020,10:18:45,3.3,3.25,25000,3.35,5000,0,585000
MOTHERSUMI30Jan20140PE.NFO,07/01/2020,10:18:59,3.3,3.3,5000,3.4,5000,0,585000
MOTHERSUMI30Jan20140PE.NFO,07/01/2020,10:19:17,3.3,3.3,15000,3.4,5000,0,585000
MOTHERSUMI30Jan20140PE.NFO,07/01/2020,10:20:01,3.3,3.3,20000,3.4,5000,0,585000
MOTHERSUMI30Jan20140PE.NFO,07/01/2020,10:20:04,3.3,3.3,20000,3.35,5000,0,585000
MOTHERSUMI30Jan20140PE.NFO,07/01/2020,10:20:08,3.3,3.3,15000,3.4,10000,0,585000
MOTHERSUMI30Jan20140PE.NFO,07/01/2020,10:20:17,3.3,3.3,20000,3.4,10000,0,585000
MOTHERSUMI30Jan20140PE.NFO,07/01/2020,10:20:59,3.3,3.3,20000,3.4,5000,0,585000
MOTHERSUMI30Jan20140PE.NFO,07/01/2020,10:21:15,3.3,3.3,20000,3.4,10000,0,585000
MOTHERSUMI30Jan20140PE.NFO,07/01/2020,10:21:30,3.3,3.3,20000,3.35,5000,0,585000
MOTHERSUMI30Jan20140PE.NFO,07/01/2020,10:21:39,3.3,3.3,25000,3.35,5000,0,585000
MOTHERSUMI30Jan20140PE.NFO,07/01/2020,10:21:50,3.3,3.3,20000,3.35,5000,0,585000
MOTHERSUMI30Jan20140PE.NFO,07/01/2020,10:21:54,3.3,3.3,20000,3.4,15000,0,585000
MOTHERSUMI30Jan20140PE.NFO,07/01/2020,10:21:57,3.3,3.3,15000,3.35,5000,0,585000
MOTHERSUMI30Jan20140PE.NFO,07/01/2020,10:22:04,3.3,3.3,10000,3.35,5000,0,585000
MOTHERSUMI30Jan20140PE.NFO,07/01/2020,10:22:43,3.3,3.3,15000,3.4,10000,0,585000
MOTHERSUMI30Jan20140PE.NFO,07/01/2020,10:22:58,3.3,3.3,10000,3.4,5000,0,585000
MOTHERSUMI30Jan20140PE.NFO,07/01/2020,10:23:04,3.3,3.3,15000,3.35,5000,0,585000
MOTHERSUMI30Jan20140PE.NFO,07/01/2020,10:23:13,3.3,3.3,5000,3.35,5000,0,585000
MOTHERSUMI30Jan20140PE.NFO,07/01/2020,10:23:29,3.3,3.3,10000,3.35,5000,0,585000
MOTHERSUMI30Jan20140PE.NFO,07/01/2020,10:23:41,3.3,3.3,15000,3.35,5000,0,585000
MOTHERSUMI30Jan20140PE.NFO,07/01/2020,10:23:49,3.3,3.3,10000,3.35,5000,0,585000
MOTHERSUMI30Jan20140PE.NFO,07/01/2020,10:24:04,3.3,3.3,15000,3.35,5000,0,585000
MOTHERSUMI30Jan20140PE.NFO,07/01/2020,10:24:08,3.3,3.3,10000,3.35,5000,0,585000
MOTHERSUMI30Jan20140PE.NFO,07/01/2020,10:24:12,3.3,3.3,5000,3.35,5000,0,585000
MOTHERSUMI30Jan20140PE.NFO,07/01/2020,10:24:33,3.3,3.3,10000,3.35,5000,0,585000
MOTHERSUMI30Jan20140PE.NFO,07/01/2020,10:25:02,3.3,3.3,5000,3.35,5000,0,585000
MOTHERSUMI30Jan20140PE.NFO,07/01/2020,10:26:34,3.3,3.3,5000,3.35,10000,0,585000
MOTHERSUMI30Jan20140PE.NFO,07/01/2020,10:27:33,3.3,3.25,25000,3.35,10000,0,585000
MOTHERSUMI30Jan20140PE.NFO,07/01/2020,10:28:33,3.3,3.25,10000,3.3,5000,0,585000
MOTHERSUMI30Jan20140PE.NFO,07/01/2020,10:29:03,3.3,3.25,20000,3.35,15000,0,585000
MOTHERSUMI30Jan20140PE.NFO,07/01/2020,10:29:06,3.3,3.25,15000,3.35,15000,0,585000
MOTHERSUMI30Jan20140PE.NFO,07/01/2020,10:29:14,3.3,3.25,15000,3.35,10000,0,585000
MOTHERSUMI30Jan20140PE.NFO,07/01/2020,10:29:18,3.3,3.25,10000,3.3,5000,0,585000
MOTHERSUMI30Jan20140PE.NFO,07/01/2020,10:29:28,3.3,3.25,15000,3.35,10000,0,585000
MOTHERSUMI30Jan20140PE.NFO,07/01/2020,10:30:20,3.3,3.25,20000,3.35,10000,0,585000
MOTHERSUMI30Jan20140PE.NFO,07/01/2020,10:31:03,3.3,3.25,15000,3.35,10000,0,585000
MOTHERSUMI30Jan20140PE.NFO,07/01/2020,10:31:49,3.3,3.3,15000,3.4,15000,0,585000
MOTHERSUMI30Jan20140PE.NFO,07/01/2020,10:31:55,3.3,3.3,15000,3.4,20000,0,585000
MOTHERSUMI30Jan20140PE.NFO,07/01/2020,10:31:59,3.3,3.3,20000,3.4,10000,5000,585000
MOTHERSUMI30Jan20140PE.NFO,07/01/2020,10:32:07,3.3,3.3,20000,3.4,10000,0,585000
MOTHERSUMI30Jan20140PE.NFO,07/01/2020,10:32:11,3.3,3.3,15000,3.4,10000,0,585000
MOTHERSUMI30Jan20140PE.NFO,07/01/2020,10:32:37,3.3,3.3,20000,3.4,10000,0,585000
MOTHERSUMI30Jan20140PE.NFO,07/01/2020,10:32:41,3.3,3.3,15000,3.4,10000,0,585000
MOTHERSUMI30Jan20140PE.NFO,07/01/2020,10:33:08,3.3,3.3,20000,3.4,10000,0,585000
MOTHERSUMI30Jan20140PE.NFO,07/01/2020,10:34:03,3.3,3.35,20000,3.45,10000,0,585000
MOTHERSUMI30Jan20140PE.NFO,07/01/2020,10:34:07,3.3,3.35,20000,3.5,20000,0,585000
MOTHERSUMI30Jan20140PE.NFO,07/01/2020,10:34:11,3.3,3.35,20000,3.45,5000,0,585000
MOTHERSUMI30Jan20140PE.NFO,07/01/2020,10:34:22,3.3,3.35,15000,3.5,20000,0,585000
MOTHERSUMI30Jan20140PE.NFO,07/01/2020,10:34:28,3.3,3.35,25000,3.45,5000,0,585000
MOTHERSUMI30Jan20140PE.NFO,07/01/2020,10:34:39,3.3,3.35,25000,3.5,20000,0,585000
MOTHERSUMI30Jan20140PE.NFO,07/01/2020,10:34:48,3.3,3.4,5000,3.5,20000,0,585000
MOTHERSUMI30Jan20140PE.NFO,07/01/2020,10:35:01,3.3,3.4,5000,3.5,15000,0,585000
MOTHERSUMI30Jan20140PE.NFO,07/01/2020,10:35:17,3.3,3.4,10000,3.5,5000,0,585000
MOTHERSUMI30Jan20140PE.NFO,07/01/2020,10:35:23,3.3,3.35,35000,3.5,5000,0,585000
MOTHERSUMI30Jan20140PE.NFO,07/01/2020,10:35:27,3.3,3.4,10000,3.5,5000,0,585000
MOTHERSUMI30Jan20140PE.NFO,07/01/2020,10:35:38,3.3,3.35,35000,3.5,5000,0,585000
MOTHERSUMI30Jan20140PE.NFO,07/01/2020,10:35:45,3.3,3.4,5000,3.5,5000,0,585000
MOTHERSUMI30Jan20140PE.NFO,07/01/2020,10:35:54,3.3,3.4,10000,3.5,10000,0,585000
MOTHERSUMI30Jan20140PE.NFO,07/01/2020,10:36:09,3.3,3.4,15000,3.5,10000,0,585000
MOTHERSUMI30Jan20140PE.NFO,07/01/2020,10:36:17,3.3,3.4,5000,3.5,10000,0,585000
MOTHERSUMI30Jan20140PE.NFO,07/01/2020,10:36:29,3.3,3.4,15000,3.5,15000,0,585000
MOTHERSUMI30Jan20140PE.NFO,07/01/2020,10:36:31,3.3,3.4,20000,3.5,15000,0,585000
MOTHERSUMI30Jan20140PE.NFO,07/01/2020,10:37:00,3.3,3.45,5000,3.5,15000,0,585000
MOTHERSUMI30Jan20140PE.NFO,07/01/2020,10:37:03,3.3,3.45,5000,3.5,10000,0,585000
MOTHERSUMI30Jan20140PE.NFO,07/01/2020,10:37:07,3.3,3.4,20000,3.5,10000,0,585000
MOTHERSUMI30Jan20140PE.NFO,07/01/2020,10:37:11,3.3,3.4,15000,3.5,10000,0,585000
MOTHERSUMI30Jan20140PE.NFO,07/01/2020,10:37:15,3.3,3.4,20000,3.5,10000,0,585000
MOTHERSUMI30Jan20140PE.NFO,07/01/2020,10:37:23,3.3,3.45,20000,3.5,5000,0,585000
MOTHERSUMI30Jan20140PE.NFO,07/01/2020,10:37:38,3.3,3.45,15000,3.5,5000,0,585000
MOTHERSUMI30Jan20140PE.NFO,07/01/2020,10:38:01,3.3,3.45,10000,3.5,5000,0,585000
MOTHERSUMI30Jan20140PE.NFO,07/01/2020,10:38:31,3.3,3.45,10000,3.5,10000,0,585000
MOTHERSUMI30Jan20140PE.NFO,07/01/2020,10:38:41,3.3,3.45,15000,3.5,10000,0,585000
MOTHERSUMI30Jan20140PE.NFO,07/01/2020,10:38:55,3.3,3.45,20000,3.5,10000,0,585000
MOTHERSUMI30Jan20140PE.NFO,07/01/2020,10:41:21,3.3,3.45,10000,3.5,5000,0,585000
MOTHERSUMI30Jan20140PE.NFO,07/01/2020,10:41:26,3.3,3.45,20000,3.5,5000,0,585000
MOTHERSUMI30Jan20140PE.NFO,07/01/2020,10:42:58,3.3,3.45,15000,3.5,5000,0,585000
MOTHERSUMI30Jan20140PE.NFO,07/01/2020,10:43:04,3.3,3.45,20000,3.5,5000,0,585000
MOTHERSUMI30Jan20140PE.NFO,07/01/2020,10:43:14,3.3,3.45,25000,3.5,5000,0,585000
MOTHERSUMI30Jan20140PE.NFO,07/01/2020,10:43:21,3.5,3.45,20000,3.55,10000,5000,580000
MOTHERSUMI30Jan20140PE.NFO,07/01/2020,10:43:48,3.5,3.45,20000,3.55,10000,0,580000
MOTHERSUMI30Jan20140PE.NFO,07/01/2020,10:43:52,3.5,3.45,20000,3.55,15000,0,580000
MOTHERSUMI30Jan20140PE.NFO,07/01/2020,10:44:05,3.5,3.45,20000,3.55,10000,0,580000
MOTHERSUMI30Jan20140PE.NFO,07/01/2020,10:44:24,3.5,3.45,20000,3.55,15000,0,580000
MOTHERSUMI30Jan20140PE.NFO,07/01/2020,10:44:42,3.5,3.45,20000,3.55,10000,0,580000
MOTHERSUMI30Jan20140PE.NFO,07/01/2020,10:44:44,3.5,3.45,20000,3.55,15000,0,580000
MOTHERSUMI30Jan20140PE.NFO,07/01/2020,10:45:08,3.5,3.45,20000,3.55,10000,0,580000
MOTHERSUMI30Jan20140PE.NFO,07/01/2020,10:45:12,3.5,3.45,20000,3.55,15000,0,580000
MOTHERSUMI30Jan20140PE.NFO,07/01/2020,10:45:16,3.5,3.45,25000,3.55,5000,0,580000
MOTHERSUMI30Jan20140PE.NFO,07/01/2020,10:46:02,3.5,3.45,20000,3.55,5000,0,580000
MOTHERSUMI30Jan20140PE.NFO,07/01/2020,10:46:18,3.5,3.45,20000,3.55,10000,0,580000
MOTHERSUMI30Jan20140PE.NFO,07/01/2020,10:46:20,3.5,3.45,20000,3.55,5000,0,580000
MOTHERSUMI30Jan20140PE.NFO,07/01/2020,10:47:22,3.5,3.45,20000,3.55,10000,0,580000
MOTHERSUMI30Jan20140PE.NFO,07/01/2020,10:47:33,3.5,3.45,20000,3.5,5000,0,580000
MOTHERSUMI30Jan20140PE.NFO,07/01/2020,10:47:49,3.5,3.45,25000,3.55,5000,5000,575000
MOTHERSUMI30Jan20140PE.NFO,07/01/2020,10:47:53,3.5,3.45,25000,3.55,5000,0,575000
MOTHERSUMI30Jan20140PE.NFO,07/01/2020,10:48:42,3.5,3.5,25000,3.6,10000,0,575000
MOTHERSUMI30Jan20140PE.NFO,07/01/2020,10:48:46,3.5,3.55,5000,3.6,10000,0,575000
MOTHERSUMI30Jan20140PE.NFO,07/01/2020,10:49:00,3.5,3.5,25000,3.6,10000,0,575000
MOTHERSUMI30Jan20140PE.NFO,07/01/2020,10:49:31,3.5,3.5,25000,3.6,15000,0,575000
MOTHERSUMI30Jan20140PE.NFO,07/01/2020,10:49:45,3.5,3.5,30000,3.6,15000,0,575000
MOTHERSUMI30Jan20140PE.NFO,07/01/2020,10:49:56,3.5,3.5,25000,3.6,5000,0,575000
MOTHERSUMI30Jan20140PE.NFO,07/01/2020,10:50:17,3.5,3.5,15000,3.6,5000,0,575000
MOTHERSUMI30Jan20140PE.NFO,07/01/2020,10:50:22,3.5,3.5,25000,3.6,5000,0,575000
MOTHERSUMI30Jan20140PE.NFO,07/01/2020,10:50:30,3.5,3.5,20000,3.6,5000,0,575000
MOTHERSUMI30Jan20140PE.NFO,07/01/2020,10:50:35,3.5,3.5,25000,3.6,10000,0,575000
MOTHERSUMI30Jan20140PE.NFO,07/01/2020,10:51:19,3.5,3.55,10000,3.6,10000,0,575000
MOTHERSUMI30Jan20140PE.NFO,07/01/2020,10:52:18,3.5,3.55,25000,3.65,20000,0,575000
MOTHERSUMI30Jan20140PE.NFO,07/01/2020,10:52:42,3.5,3.55,30000,3.65,20000,0,575000
MOTHERSUMI30Jan20140PE.NFO,07/01/2020,10:52:46,3.5,3.6,10000,3.65,5000,0,575000
MOTHERSUMI30Jan20140PE.NFO,07/01/2020,10:52:54,3.5,3.6,20000,3.65,5000,0,575000
MOTHERSUMI30Jan20140PE.NFO,07/01/2020,10:53:15,3.65,3.65,5000,3.7,5000,5000,570000
MOTHERSUMI30Jan20140PE.NFO,07/01/2020,10:53:22,3.65,3.6,20000,3.7,15000,0,570000
MOTHERSUMI30Jan20140PE.NFO,07/01/2020,10:53:27,3.65,3.6,5000,3.7,10000,0,570000
MOTHERSUMI30Jan20140PE.NFO,07/01/2020,10:53:32,3.65,3.55,20000,3.65,10000,0,570000
MOTHERSUMI30Jan20140PE.NFO,07/01/2020,10:53:42,3.65,3.5,30000,3.65,15000,0,570000
MOTHERSUMI30Jan20140PE.NFO,07/01/2020,10:53:47,3.65,3.5,20000,3.6,5000,0,570000
MOTHERSUMI30Jan20140PE.NFO,07/01/2020,10:54:03,3.65,3.5,25000,3.6,5000,0,570000
MOTHERSUMI30Jan20140PE.NFO,07/01/2020,10:54:08,3.65,3.5,20000,3.6,5000,0,570000
MOTHERSUMI30Jan20140PE.NFO,07/01/2020,10:55:19,3.65,3.55,10000,3.65,15000,0,570000
MOTHERSUMI30Jan20140PE.NFO,07/01/2020,10:55:25,3.65,3.55,15000,3.65,15000,0,570000
MOTHERSUMI30Jan20140PE.NFO,07/01/2020,10:55:37,3.65,3.5,30000,3.65,10000,0,570000
MOTHERSUMI30Jan20140PE.NFO,07/01/2020,10:55:43,3.65,3.5,20000,3.6,5000,0,570000
MOTHERSUMI30Jan20140PE.NFO,07/01/2020,10:56:19,3.65,3.5,15000,3.6,15000,0,570000
MOTHERSUMI30Jan20140PE.NFO,07/01/2020,10:56:37,3.65,3.5,20000,3.6,15000,0,570000
MOTHERSUMI30Jan20140PE.NFO,07/01/2020,10:56:56,3.65,3.5,25000,3.6,15000,0,570000
MOTHERSUMI30Jan20140PE.NFO,07/01/2020,10:57:12,3.65,3.55,15000,3.6,5000,0,570000
MOTHERSUMI30Jan20140PE.NFO,07/01/2020,10:57:46,3.65,3.55,5000,3.6,5000,0,570000
MOTHERSUMI30Jan20140PE.NFO,07/01/2020,10:57:52,3.65,3.55,15000,3.6,5000,0,570000
MOTHERSUMI30Jan20140PE.NFO,07/01/2020,10:57:58,3.6,3.55,20000,3.65,10000,5000,570000
MOTHERSUMI30Jan20140PE.NFO,07/01/2020,10:58:04,3.6,3.55,20000,3.65,10000,0,570000
MOTHERSUMI30Jan20140PE.NFO,07/01/2020,10:58:10,3.6,3.55,30000,3.7,10000,0,570000
MOTHERSUMI30Jan20140PE.NFO,07/01/2020,10:58:17,3.6,3.6,5000,3.7,10000,0,570000
MOTHERSUMI30Jan20140PE.NFO,07/01/2020,10:58:23,3.6,3.6,25000,3.75,15000,0,570000
MOTHERSUMI30Jan20140PE.NFO,07/01/2020,10:58:30,3.6,3.6,25000,3.75,20000,0,570000
MOTHERSUMI30Jan20140PE.NFO,07/01/2020,10:58:37,3.6,3.6,15000,3.7,10000,0,570000
MOTHERSUMI30Jan20140PE.NFO,07/01/2020,10:58:42,3.6,3.6,25000,3.7,10000,0,570000
MOTHERSUMI30Jan20140PE.NFO,07/01/2020,10:58:55,3.6,3.6,35000,3.75,20000,0,570000
MOTHERSUMI30Jan20140PE.NFO,07/01/2020,10:59:01,3.6,3.6,35000,3.7,5000,0,570000
MOTHERSUMI30Jan20140PE.NFO,07/01/2020,10:59:08,3.6,3.6,25000,3.7,5000,0,570000
MOTHERSUMI30Jan20140PE.NFO,07/01/2020,10:59:14,3.6,3.6,35000,3.7,5000,0,570000
MOTHERSUMI30Jan20140PE.NFO,07/01/2020,10:59:20,3.6,3.6,30000,3.7,5000,0,570000
MOTHERSUMI30Jan20140PE.NFO,07/01/2020,10:59:38,3.6,3.6,40000,3.7,5000,0,570000
MOTHERSUMI30Jan20140PE.NFO,07/01/2020,10:59:44,3.6,3.6,30000,3.7,5000,0,570000
MOTHERSUMI30Jan20140PE.NFO,07/01/2020,10:59:55,3.6,3.6,25000,3.7,5000,0,570000
MOTHERSUMI30Jan20140PE.NFO,07/01/2020,11:00:01,3.65,3.6,10000,3.7,10000,5000,570000
MOTHERSUMI30Jan20140PE.NFO,07/01/2020,11:00:08,3.65,3.6,10000,3.7,10000,0,570000
MOTHERSUMI30Jan20140PE.NFO,07/01/2020,11:00:16,3.65,3.6,30000,3.75,15000,0,570000
MOTHERSUMI30Jan20140PE.NFO,07/01/2020,11:00:29,3.65,3.6,25000,3.75,15000,0,570000
MOTHERSUMI30Jan20140PE.NFO,07/01/2020,11:00:56,3.65,3.6,35000,3.75,10000,0,570000
MOTHERSUMI30Jan20140PE.NFO,07/01/2020,11:01:03,3.65,3.6,35000,3.75,5000,0,570000
MOTHERSUMI30Jan20140PE.NFO,07/01/2020,11:01:11,3.65,3.6,30000,3.75,5000,0,570000
MOTHERSUMI30Jan20140PE.NFO,07/01/2020,11:01:18,3.65,3.6,25000,3.75,5000,0,570000
MOTHERSUMI30Jan20140PE.NFO,07/01/2020,11:01:26,3.65,3.65,5000,3.75,5000,0,570000
MOTHERSUMI30Jan20140PE.NFO,07/01/2020,11:01:34,3.65,3.65,25000,3.8,10000,0,570000
MOTHERSUMI30Jan20140PE.NFO,07/01/2020,11:01:49,3.65,3.7,15000,3.8,10000,0,570000
MOTHERSUMI30Jan20140PE.NFO,07/01/2020,11:01:57,3.65,3.7,25000,3.8,5000,0,570000
MOTHERSUMI30Jan20140PE.NFO,07/01/2020,11:02:04,3.65,3.7,30000,3.8,10000,0,570000
MOTHERSUMI30Jan20140PE.NFO,07/01/2020,11:02:30,3.65,3.7,25000,3.85,10000,0,570000
MOTHERSUMI30Jan20140PE.NFO,07/01/2020,11:03:09,3.65,3.75,5000,3.85,10000,0,570000
MOTHERSUMI30Jan20140PE.NFO,07/01/2020,11:03:16,3.65,3.7,25000,3.8,10000,0,570000
MOTHERSUMI30Jan20140PE.NFO,07/01/2020,11:03:35,3.65,3.75,5000,3.8,5000,0,570000
MOTHERSUMI30Jan20140PE.NFO,07/01/2020,11:03:50,3.65,3.75,5000,3.85,15000,0,570000
MOTHERSUMI30Jan20140PE.NFO,07/01/2020,11:03:57,3.65,3.7,25000,3.85,20000,0,570000
MOTHERSUMI30Jan20140PE.NFO,07/01/2020,11:04:04,3.65,3.75,15000,3.8,5000,0,570000
MOTHERSUMI30Jan20140PE.NFO,07/01/2020,11:04:30,3.65,3.75,10000,3.8,5000,0,570000
MOTHERSUMI30Jan20140PE.NFO,07/01/2020,11:04:37,3.75,3.75,10000,3.8,5000,5000,570000
MOTHERSUMI30Jan20140PE.NFO,07/01/2020,11:04:44,3.75,3.75,10000,3.8,5000,0,570000
MOTHERSUMI30Jan20140PE.NFO,07/01/2020,11:04:50,3.75,3.75,15000,3.8,5000,0,570000
MOTHERSUMI30Jan20140PE.NFO,07/01/2020,11:04:57,3.75,3.7,25000,3.8,10000,0,570000
MOTHERSUMI30Jan20140PE.NFO,07/01/2020,11:05:04,3.75,3.7,25000,3.8,5000,0,570000
MOTHERSUMI30Jan20140PE.NFO,07/01/2020,11:05:11,3.75,3.75,10000,3.8,5000,0,570000
MOTHERSUMI30Jan20140PE.NFO,07/01/2020,11:05:18,3.75,3.7,25000,3.8,10000,0,570000
MOTHERSUMI30Jan20140PE.NFO,07/01/2020,11:05:25,3.75,3.75,10000,3.8,5000,0,570000
MOTHERSUMI30Jan20140PE.NFO,07/01/2020,11:05:32,3.75,3.7,15000,3.8,5000,0,570000
MOTHERSUMI30Jan20140PE.NFO,07/01/2020,11:05:39,3.75,3.75,5000,3.8,5000,0,570000
MOTHERSUMI30Jan20140PE.NFO,07/01/2020,11:05:46,3.75,3.7,25000,3.8,5000,0,570000
MOTHERSUMI30Jan20140PE.NFO,07/01/2020,11:05:52,3.75,3.7,10000,3.8,5000,0,570000
MOTHERSUMI30Jan20140PE.NFO,07/01/2020,11:06:00,3.75,3.7,25000,3.8,15000,0,570000
MOTHERSUMI30Jan20140PE.NFO,07/01/2020,11:06:06,3.75,3.7,10000,3.8,15000,0,570000
MOTHERSUMI30Jan20140PE.NFO,07/01/2020,11:06:13,3.75,3.6,20000,3.75,10000,0,570000
MOTHERSUMI30Jan20140PE.NFO,07/01/2020,11:06:20,3.75,3.65,5000,3.75,10000,0,570000
MOTHERSUMI30Jan20140PE.NFO,07/01/2020,11:06:31,3.75,3.65,10000,3.75,10000,0,570000
MOTHERSUMI30Jan20140PE.NFO,07/01/2020,11:06:47,3.75,3.65,15000,3.7,5000,0,570000
MOTHERSUMI30Jan20140PE.NFO,07/01/2020,11:06:52,3.75,3.65,20000,3.75,5000,0,570000
MOTHERSUMI30Jan20140PE.NFO,07/01/2020,11:06:57,3.75,3.65,15000,3.75,5000,0,570000
MOTHERSUMI30Jan20140PE.NFO,07/01/2020,11:07:03,3.75,3.65,20000,3.75,5000,0,570000
MOTHERSUMI30Jan20140PE.NFO,07/01/2020,11:07:45,3.75,3.7,15000,3.8,10000,0,570000
MOTHERSUMI30Jan20140PE.NFO,07/01/2020,11:07:51,3.75,3.7,20000,3.8,15000,0,570000
MOTHERSUMI30Jan20140PE.NFO,07/01/2020,11:07:56,3.75,3.7,10000,3.8,15000,0,570000
MOTHERSUMI30Jan20140PE.NFO,07/01/2020,11:08:25,3.75,3.7,15000,3.8,15000,0,570000
MOTHERSUMI30Jan20140PE.NFO,07/01/2020,11:08:31,3.75,3.7,15000,3.8,10000,0,570000
MOTHERSUMI30Jan20140PE.NFO,07/01/2020,11:08:41,3.75,3.7,20000,3.8,10000,0,570000
MOTHERSUMI30Jan20140PE.NFO,07/01/2020,11:08:46,3.75,3.7,15000,3.8,10000,0,570000
MOTHERSUMI30Jan20140PE.NFO,07/01/2020,11:08:55,3.75,3.7,20000,3.8,10000,0,570000
MOTHERSUMI30Jan20140PE.NFO,07/01/2020,11:09:20,3.75,3.75,5000,3.8,10000,0,570000
MOTHERSUMI30Jan20140PE.NFO,07/01/2020,11:09:43,3.75,3.75,10000,3.8,10000,0,570000
MOTHERSUMI30Jan20140PE.NFO,07/01/2020,11:09:55,3.75,3.75,5000,3.8,10000,0,570000
MOTHERSUMI30Jan20140PE.NFO,07/01/2020,11:10:32,3.75,3.75,15000,3.8,10000,0,570000
MOTHERSUMI30Jan20140PE.NFO,07/01/2020,11:10:44,3.75,3.75,10000,3.8,10000,0,570000
MOTHERSUMI30Jan20140PE.NFO,07/01/2020,11:10:55,3.75,3.75,5000,3.8,10000,0,570000
MOTHERSUMI30Jan20140PE.NFO,07/01/2020,11:11:03,3.75,3.75,10000,3.8,10000,0,570000
MOTHERSUMI30Jan20140PE.NFO,07/01/2020,11:11:14,3.75,3.75,10000,3.8,5000,0,570000
MOTHERSUMI30Jan20140PE.NFO,07/01/2020,11:11:21,3.75,3.75,15000,3.8,5000,0,570000
MOTHERSUMI30Jan20140PE.NFO,07/01/2020,11:11:27,3.8,3.75,20000,3.85,10000,5000,565000
MOTHERSUMI30Jan20140PE.NFO,07/01/2020,11:11:35,3.8,3.8,5000,3.85,5000,0,565000
MOTHERSUMI30Jan20140PE.NFO,07/01/2020,11:11:42,3.85,3.8,20000,3.9,5000,5000,560000
MOTHERSUMI30Jan20140PE.NFO,07/01/2020,11:11:49,3.85,3.85,5000,3.95,10000,0,560000
MOTHERSUMI30Jan20140PE.NFO,07/01/2020,11:11:55,3.85,3.85,10000,3.95,10000,0,560000
MOTHERSUMI30Jan20140PE.NFO,07/01/2020,11:12:02,3.85,3.9,10000,4,15000,0,560000
MOTHERSUMI30Jan20140PE.NFO,07/01/2020,11:12:10,3.85,3.9,25000,4,10000,0,560000
MOTHERSUMI30Jan20140PE.NFO,07/01/2020,11:12:18,4,3.9,15000,4,10000,5000,560000
MOTHERSUMI30Jan20140PE.NFO,07/01/2020,11:12:18,4,3.9,15000,4,10000,0,560000
MOTHERSUMI30Jan20140PE.NFO,07/01/2020,11:12:25,4,3.9,25000,4,10000,0,560000
MOTHERSUMI30Jan20140PE.NFO,07/01/2020,11:12:32,4,3.85,25000,3.95,5000,0,560000
MOTHERSUMI30Jan20140PE.NFO,07/01/2020,11:12:43,4,3.85,25000,3.95,10000,0,560000
MOTHERSUMI30Jan20140PE.NFO,07/01/2020,11:12:58,4,3.85,20000,3.95,5000,0,560000
MOTHERSUMI30Jan20140PE.NFO,07/01/2020,11:13:04,4,3.85,25000,3.95,10000,0,560000
MOTHERSUMI30Jan20140PE.NFO,07/01/2020,11:13:21,4,3.85,30000,3.95,10000,0,560000
MOTHERSUMI30Jan20140PE.NFO,07/01/2020,11:13:32,3.95,3.85,15000,3.95,5000,5000,560000
MOTHERSUMI30Jan20140PE.NFO,07/01/2020,11:13:38,3.95,3.85,25000,3.95,5000,0,560000
MOTHERSUMI30Jan20140PE.NFO,07/01/2020,11:13:50,3.95,3.85,15000,3.95,10000,0,560000
MOTHERSUMI30Jan20140PE.NFO,07/01/2020,11:14:01,3.95,3.85,25000,3.95,5000,0,560000
MOTHERSUMI30Jan20140PE.NFO,07/01/2020,11:14:19,3.95,3.85,10000,3.9,5000,0,560000
MOTHERSUMI30Jan20140PE.NFO,07/01/2020,11:14:24,3.95,3.85,25000,3.95,5000,0,560000
MOTHERSUMI30Jan20140PE.NFO,07/01/2020,11:14:39,3.95,3.85,15000,3.95,5000,0,560000
MOTHERSUMI30Jan20140PE.NFO,07/01/2020,11:14:50,3.95,3.85,25000,3.95,5000,0,560000
MOTHERSUMI30Jan20140PE.NFO,07/01/2020,11:14:55,3.95,3.9,5000,3.95,5000,0,560000
MOTHERSUMI30Jan20140PE.NFO,07/01/2020,11:15:01,3.95,3.9,20000,4,10000,0,560000
MOTHERSUMI30Jan20140PE.NFO,07/01/2020,11:15:08,3.95,3.9,15000,4,10000,0,560000
MOTHERSUMI30Jan20140PE.NFO,07/01/2020,11:15:14,3.95,3.9,25000,4,10000,0,560000
MOTHERSUMI30Jan20140PE.NFO,07/01/2020,11:15:19,3.95,3.95,5000,4,10000,0,560000
MOTHERSUMI30Jan20140PE.NFO,07/01/2020,11:15:29,3.95,3.9,25000,4,10000,0,560000
MOTHERSUMI30Jan20140PE.NFO,07/01/2020,11:15:56,3.95,3.95,5000,4,10000,0,560000
MOTHERSUMI30Jan20140PE.NFO,07/01/2020,11:16:21,3.95,3.9,20000,4,5000,0,560000
MOTHERSUMI30Jan20140PE.NFO,07/01/2020,11:16:27,3.95,3.9,25000,4,5000,0,560000
MOTHERSUMI30Jan20140PE.NFO,07/01/2020,11:16:38,3.95,3.9,25000,4,10000,0,560000
MOTHERSUMI30Jan20140PE.NFO,07/01/2020,11:16:44,3.95,3.9,20000,4,10000,0,560000
MOTHERSUMI30Jan20140PE.NFO,07/01/2020,11:16:50,3.95,3.95,5000,4,5000,0,560000
MOTHERSUMI30Jan20140PE.NFO,07/01/2020,11:17:02,3.95,3.95,15000,4,5000,0,560000
MOTHERSUMI30Jan20140PE.NFO,07/01/2020,11:17:36,3.95,3.9,20000,4,5000,0,560000
MOTHERSUMI30Jan20140PE.NFO,07/01/2020,11:17:43,3.95,3.9,20000,4,10000,0,560000
MOTHERSUMI30Jan20140PE.NFO,07/01/2020,11:18:08,3.95,3.9,25000,4,10000,0,560000
MOTHERSUMI30Jan20140PE.NFO,07/01/2020,11:18:34,3.95,3.9,30000,4,10000,0,560000
MOTHERSUMI30Jan20140PE.NFO,07/01/2020,11:18:46,3.95,3.9,15000,3.95,5000,0,560000
MOTHERSUMI30Jan20140PE.NFO,07/01/2020,11:18:52,3.95,3.9,30000,4,10000,0,560000
MOTHERSUMI30Jan20140PE.NFO,07/01/2020,11:19:03,3.95,3.9,30000,4,15000,0,560000
MOTHERSUMI30Jan20140PE.NFO,07/01/2020,11:19:15,3.95,3.9,20000,4,15000,0,560000
MOTHERSUMI30Jan20140PE.NFO,07/01/2020,11:19:23,3.95,3.95,5000,4,10000,0,560000
MOTHERSUMI30Jan20140PE.NFO,07/01/2020,11:19:31,3.95,3.9,30000,4,15000,0,560000
MOTHERSUMI30Jan20140PE.NFO,07/01/2020,11:19:43,3.95,3.9,5000,3.95,5000,0,560000
MOTHERSUMI30Jan20140PE.NFO,07/01/2020,11:19:50,3.9,3.85,25000,3.95,5000,5000,555000
MOTHERSUMI30Jan20140PE.NFO,07/01/2020,11:19:55,3.9,3.85,5000,3.95,5000,0,555000
MOTHERSUMI30Jan20140PE.NFO,07/01/2020,11:20:00,3.9,3.75,5000,3.85,5000,0,555000
MOTHERSUMI30Jan20140PE.NFO,07/01/2020,11:20:05,3.9,3.7,25000,3.85,5000,0,555000
MOTHERSUMI30Jan20140PE.NFO,07/01/2020,11:20:11,3.9,3.6,25000,3.7,5000,0,555000
MOTHERSUMI30Jan20140PE.NFO,07/01/2020,11:20:17,3.9,3.55,25000,3.65,5000,0,555000
MOTHERSUMI30Jan20140PE.NFO,07/01/2020,11:20:22,3.9,3.55,25000,3.65,10000,0,555000
MOTHERSUMI30Jan20140PE.NFO,07/01/2020,11:20:27,3.9,3.55,15000,3.65,10000,0,555000
MOTHERSUMI30Jan20140PE.NFO,07/01/2020,11:20:38,3.9,3.55,25000,3.65,10000,0,555000
MOTHERSUMI30Jan20140PE.NFO,07/01/2020,11:20:43,3.9,3.55,25000,3.65,5000,0,555000
MOTHERSUMI30Jan20140PE.NFO,07/01/2020,11:20:48,3.9,3.55,20000,3.65,5000,0,555000
MOTHERSUMI30Jan20140PE.NFO,07/01/2020,11:20:54,3.9,3.55,25000,3.65,5000,0,555000
MOTHERSUMI30Jan20140PE.NFO,07/01/2020,11:21:19,3.6,3.55,25000,3.65,5000,5000,555000
MOTHERSUMI30Jan20140PE.NFO,07/01/2020,11:21:24,3.6,3.55,25000,3.65,5000,0,555000
MOTHERSUMI30Jan20140PE.NFO,07/01/2020,11:21:29,3.6,3.55,15000,3.65,5000,0,555000
MOTHERSUMI30Jan20140PE.NFO,07/01/2020,11:21:36,3.6,3.55,25000,3.65,5000,0,555000
MOTHERSUMI30Jan20140PE.NFO,07/01/2020,11:21:55,3.6,3.55,20000,3.65,5000,0,555000
MOTHERSUMI30Jan20140PE.NFO,07/01/2020,11:21:59,3.6,3.6,20000,3.7,10000,0,555000
MOTHERSUMI30Jan20140PE.NFO,07/01/2020,11:22:11,3.6,3.6,20000,3.7,5000,0,555000
MOTHERSUMI30Jan20140PE.NFO,07/01/2020,11:22:20,3.6,3.6,10000,3.7,10000,0,555000
MOTHERSUMI30Jan20140PE.NFO,07/01/2020,11:22:25,3.6,3.55,25000,3.7,10000,0,555000
MOTHERSUMI30Jan20140PE.NFO,07/01/2020,11:22:30,3.6,3.55,25000,3.65,5000,0,555000
MOTHERSUMI30Jan20140PE.NFO,07/01/2020,11:22:39,3.6,3.55,25000,3.65,10000,0,555000
MOTHERSUMI30Jan20140PE.NFO,07/01/2020,11:22:43,3.6,3.5,20000,3.6,10000,0,555000
MOTHERSUMI30Jan20140PE.NFO,07/01/2020,11:22:47,3.6,3.5,20000,3.6,5000,0,555000
MOTHERSUMI30Jan20140PE.NFO,07/01/2020,11:22:52,3.6,3.5,15000,3.6,5000,0,555000
MOTHERSUMI30Jan20140PE.NFO,07/01/2020,11:22:58,3.6,3.2,25000,3.35,5000,0,555000
MOTHERSUMI30Jan20140PE.NFO,07/01/2020,11:23:04,3.6,3.25,25000,3.4,15000,0,555000
MOTHERSUMI30Jan20140PE.NFO,07/01/2020,11:23:09,3.6,3.3,15000,3.4,15000,0,555000
MOTHERSUMI30Jan20140PE.NFO,07/01/2020,11:23:14,3.6,3.3,5000,3.4,15000,0,555000
MOTHERSUMI30Jan20140PE.NFO,07/01/2020,11:23:19,3.6,3.3,15000,3.4,15000,0,555000
MOTHERSUMI30Jan20140PE.NFO,07/01/2020,11:23:24,3.6,3.3,20000,3.45,15000,0,555000
MOTHERSUMI30Jan20140PE.NFO,07/01/2020,11:23:50,3.6,3.3,15000,3.4,15000,0,555000
MOTHERSUMI30Jan20140PE.NFO,07/01/2020,11:24:00,3.6,3.25,20000,3.4,10000,0,555000
MOTHERSUMI30Jan20140PE.NFO,07/01/2020,11:24:06,3.6,3.3,5000,3.4,15000,0,555000
MOTHERSUMI30Jan20140PE.NFO,07/01/2020,11:24:11,3.6,3.3,15000,3.4,10000,0,555000
MOTHERSUMI30Jan20140PE.NFO,07/01/2020,11:24:16,3.6,3.3,10000,3.35,5000,0,555000
MOTHERSUMI30Jan20140PE.NFO,07/01/2020,11:24:26,3.35,3.25,25000,3.4,15000,5000,560000
MOTHERSUMI30Jan20140PE.NFO,07/01/2020,11:24:31,3.35,3.25,25000,3.4,15000,0,560000
MOTHERSUMI30Jan20140PE.NFO,07/01/2020,11:24:36,3.35,3.3,15000,3.4,15000,0,560000
MOTHERSUMI30Jan20140PE.NFO,07/01/2020,11:24:40,3.35,3.2,20000,3.3,15000,0,560000
MOTHERSUMI30Jan20140PE.NFO,07/01/2020,11:24:45,3.35,3.25,5000,3.35,15000,0,560000
MOTHERSUMI30Jan20140PE.NFO,07/01/2020,11:24:49,3.35,3.2,20000,3.3,10000,0,560000
MOTHERSUMI30Jan20140PE.NFO,07/01/2020,11:24:53,3.3,3.2,30000,3.3,10000,5000,560000
MOTHERSUMI30Jan20140PE.NFO,07/01/2020,11:24:57,3.3,3.2,30000,3.35,15000,0,560000
MOTHERSUMI30Jan20140PE.NFO,07/01/2020,11:25:02,3.3,3.3,5000,3.35,15000,0,560000
MOTHERSUMI30Jan20140PE.NFO,07/01/2020,11:25:07,3.3,3.25,5000,3.35,15000,5000,560000
MOTHERSUMI30Jan20140PE.NFO,07/01/2020,11:25:12,3.3,3.25,5000,3.35,15000,0,560000
MOTHERSUMI30Jan20140PE.NFO,07/01/2020,11:25:26,3.35,3.25,40000,3.4,10000,5000,560000
MOTHERSUMI30Jan20140PE.NFO,07/01/2020,11:25:31,3.35,3.3,5000,3.4,15000,0,560000
MOTHERSUMI30Jan20140PE.NFO,07/01/2020,11:25:46,3.35,3.25,30000,3.4,15000,0,560000
MOTHERSUMI30Jan20140PE.NFO,07/01/2020,11:25:52,3.35,3.3,5000,3.4,15000,0,560000
MOTHERSUMI30Jan20140PE.NFO,07/01/2020,11:26:08,3.35,3.25,35000,3.4,20000,0,560000
MOTHERSUMI30Jan20140PE.NFO,07/01/2020,11:26:15,3.35,3.3,5000,3.4,15000,0,560000
MOTHERSUMI30Jan20140PE.NFO,07/01/2020,11:26:18,3.35,3.25,35000,3.4,20000,0,560000
MOTHERSUMI30Jan20140PE.NFO,07/01/2020,11:26:22,3.35,3.3,5000,3.4,15000,0,560000
MOTHERSUMI30Jan20140PE.NFO,07/01/2020,11:26:27,3.35,3.3,15000,3.4,15000,0,560000
MOTHERSUMI30Jan20140PE.NFO,07/01/2020,11:26:31,3.35,3.2,15000,3.3,5000,0,560000
MOTHERSUMI30Jan20140PE.NFO,07/01/2020,11:26:37,3.35,3.2,20000,3.3,5000,0,560000
MOTHERSUMI30Jan20140PE.NFO,07/01/2020,11:26:42,3.35,3.25,30000,3.4,20000,0,560000
MOTHERSUMI30Jan20140PE.NFO,07/01/2020,11:26:48,3.35,3.25,30000,3.4,15000,0,560000
MOTHERSUMI30Jan20140PE.NFO,07/01/2020,11:26:56,3.35,3.25,25000,3.4,15000,0,560000
MOTHERSUMI30Jan20140PE.NFO,07/01/2020,11:27:00,3.35,3.25,20000,3.35,5000,0,560000
MOTHERSUMI30Jan20140PE.NFO,07/01/2020,11:27:07,3.35,3.25,20000,3.4,15000,0,560000
MOTHERSUMI30Jan20140PE.NFO,07/01/2020,11:27:10,3.35,3.25,20000,3.35,5000,0,560000
MOTHERSUMI30Jan20140PE.NFO,07/01/2020,11:27:25,3.35,3.25,25000,3.4,20000,0,560000
MOTHERSUMI30Jan20140PE.NFO,07/01/2020,11:28:05,3.35,3.3,5000,3.4,20000,0,560000
MOTHERSUMI30Jan20140PE.NFO,07/01/2020,11:28:09,3.35,3.3,5000,3.4,10000,0,560000
MOTHERSUMI30Jan20140PE.NFO,07/01/2020,11:28:28,3.35,3.3,5000,3.4,15000,0,560000
MOTHERSUMI30Jan20140PE.NFO,07/01/2020,11:28:31,3.35,3.3,5000,3.4,10000,0,560000
MOTHERSUMI30Jan20140PE.NFO,07/01/2020,11:28:51,3.35,3.3,10000,3.4,10000,0,560000
MOTHERSUMI30Jan20140PE.NFO,07/01/2020,11:29:10,3.35,3.3,15000,3.4,10000,0,560000
MOTHERSUMI30Jan20140PE.NFO,07/01/2020,11:29:18,3.35,3.3,10000,3.4,10000,0,560000
MOTHERSUMI30Jan20140PE.NFO,07/01/2020,11:29:35,3.35,3.3,5000,3.4,25000,0,560000
MOTHERSUMI30Jan20140PE.NFO,07/01/2020,11:30:07,3.35,3.3,5000,3.4,20000,0,560000
MOTHERSUMI30Jan20140PE.NFO,07/01/2020,11:30:10,3.35,3.25,20000,3.35,5000,0,560000
MOTHERSUMI30Jan20140PE.NFO,07/01/2020,11:30:14,3.35,3.25,25000,3.35,10000,0,560000
MOTHERSUMI30Jan20140PE.NFO,07/01/2020,11:30:19,3.35,3.2,30000,3.35,20000,0,560000
MOTHERSUMI30Jan20140PE.NFO,07/01/2020,11:30:24,3.35,3.2,25000,3.3,10000,0,560000
MOTHERSUMI30Jan20140PE.NFO,07/01/2020,11:30:28,3.35,3.25,25000,3.35,15000,0,560000
MOTHERSUMI30Jan20140PE.NFO,07/01/2020,11:30:35,3.35,3.25,25000,3.35,10000,0,560000
MOTHERSUMI30Jan20140PE.NFO,07/01/2020,11:30:39,3.35,3.25,5000,3.35,20000,0,560000
MOTHERSUMI30Jan20140PE.NFO,07/01/2020,11:30:44,3.35,3.2,25000,3.3,10000,0,560000
MOTHERSUMI30Jan20140PE.NFO,07/01/2020,11:30:54,3.35,3.25,10000,3.35,25000,0,560000
MOTHERSUMI30Jan20140PE.NFO,07/01/2020,11:30:59,3.35,3.2,5000,3.3,25000,0,560000
MOTHERSUMI30Jan20140PE.NFO,07/01/2020,11:31:05,3.35,3.15,20000,3.25,10000,0,560000
MOTHERSUMI30Jan20140PE.NFO,07/01/2020,11:31:11,3.35,3.2,20000,3.3,15000,0,560000
MOTHERSUMI30Jan20140PE.NFO,07/01/2020,11:31:16,3.35,3.25,20000,3.35,25000,0,560000
MOTHERSUMI30Jan20140PE.NFO,07/01/2020,11:31:21,3.35,3.3,5000,3.35,5000,0,560000
MOTHERSUMI30Jan20140PE.NFO,07/01/2020,11:31:25,3.35,3.3,15000,3.35,5000,0,560000
MOTHERSUMI30Jan20140PE.NFO,07/01/2020,11:31:30,3.35,3.3,25000,3.4,10000,5000,560000
MOTHERSUMI30Jan20140PE.NFO,07/01/2020,11:31:34,3.35,3.25,25000,3.4,25000,0,560000
MOTHERSUMI30Jan20140PE.NFO,07/01/2020,11:31:38,3.35,3.3,5000,3.4,25000,0,560000
MOTHERSUMI30Jan20140PE.NFO,07/01/2020,11:31:42,3.35,3.3,15000,3.4,20000,0,560000
MOTHERSUMI30Jan20140PE.NFO,07/01/2020,11:31:52,3.35,3.3,20000,3.4,20000,0,560000
MOTHERSUMI30Jan20140PE.NFO,07/01/2020,11:31:59,3.35,3.3,25000,3.4,10000,0,560000
MOTHERSUMI30Jan20140PE.NFO,07/01/2020,11:32:05,3.35,3.35,10000,3.45,15000,0,560000
MOTHERSUMI30Jan20140PE.NFO,07/01/2020,11:32:10,3.35,3.35,25000,3.45,15000,0,560000
MOTHERSUMI30Jan20140PE.NFO,07/01/2020,11:32:20,3.35,3.25,20000,3.4,15000,0,560000
MOTHERSUMI30Jan20140PE.NFO,07/01/2020,11:32:25,3.35,3.3,15000,3.4,10000,0,560000
MOTHERSUMI30Jan20140PE.NFO,07/01/2020,11:32:29,3.45,3.45,5000,3.6,5000,15000,560000
MOTHERSUMI30Jan20140PE.NFO,07/01/2020,11:32:35,3.6,3.55,25000,3.7,10000,5000,560000
MOTHERSUMI30Jan20140PE.NFO,07/01/2020,11:32:40,3.6,3.55,25000,3.7,5000,0,560000
MOTHERSUMI30Jan20140PE.NFO,07/01/2020,11:32:44,3.6,3.65,5000,3.75,10000,0,560000
MOTHERSUMI30Jan20140PE.NFO,07/01/2020,11:32:49,3.6,3.6,25000,3.75,5000,0,560000
MOTHERSUMI30Jan20140PE.NFO,07/01/2020,11:32:54,3.6,3.6,15000,3.7,5000,0,560000
MOTHERSUMI30Jan20140PE.NFO,07/01/2020,11:32:58,3.6,3.6,10000,3.7,5000,0,560000
MOTHERSUMI30Jan20140PE.NFO,07/01/2020,11:33:02,3.6,3.55,10000,3.7,5000,0,560000
MOTHERSUMI30Jan20140PE.NFO,07/01/2020,11:33:07,3.6,3.55,10000,3.65,5000,0,560000
MOTHERSUMI30Jan20140PE.NFO,07/01/2020,11:33:10,3.6,3.55,10000,3.7,5000,0,560000
MOTHERSUMI30Jan20140PE.NFO,07/01/2020,11:33:14,3.6,3.55,5000,3.7,5000,0,560000
MOTHERSUMI30Jan20140PE.NFO,07/01/2020,11:33:31,3.6,3.55,15000,3.7,5000,0,560000
MOTHERSUMI30Jan20140PE.NFO,07/01/2020,11:33:44,3.6,3.55,5000,3.7,5000,0,560000
MOTHERSUMI30Jan20140PE.NFO,07/01/2020,11:33:53,3.6,3.55,15000,3.7,15000,0,560000
MOTHERSUMI30Jan20140PE.NFO,07/01/2020,11:34:10,3.6,3.55,5000,3.7,15000,0,560000
MOTHERSUMI30Jan20140PE.NFO,07/01/2020,11:34:17,3.6,3.55,25000,3.7,15000,0,560000
MOTHERSUMI30Jan20140PE.NFO,07/01/2020,11:34:29,3.6,3.55,25000,3.7,20000,0,560000
MOTHERSUMI30Jan20140PE.NFO,07/01/2020,11:34:53,3.6,3.6,25000,3.75,15000,0,560000
MOTHERSUMI30Jan20140PE.NFO,07/01/2020,11:34:59,3.6,3.6,5000,3.7,5000,0,560000
MOTHERSUMI30Jan20140PE.NFO,07/01/2020,11:35:10,3.6,3.55,15000,3.7,5000,0,560000
MOTHERSUMI30Jan20140PE.NFO,07/01/2020,11:35:15,3.6,3.55,15000,3.7,15000,0,560000
MOTHERSUMI30Jan20140PE.NFO,07/01/2020,11:35:21,3.6,3.55,5000,3.7,15000,0,560000
MOTHERSUMI30Jan20140PE.NFO,07/01/2020,11:35:34,3.6,3.55,15000,3.7,15000,0,560000
MOTHERSUMI30Jan20140PE.NFO,07/01/2020,11:35:45,3.6,3.5,25000,3.65,10000,0,560000
MOTHERSUMI30Jan20140PE.NFO,07/01/2020,11:35:51,3.6,3.5,15000,3.65,10000,0,560000
MOTHERSUMI30Jan20140PE.NFO,07/01/2020,11:36:37,3.6,3.5,5000,3.65,10000,0,560000
MOTHERSUMI30Jan20140PE.NFO,07/01/2020,11:37:28,3.6,3.5,15000,3.65,10000,0,560000
MOTHERSUMI30Jan20140PE.NFO,07/01/2020,11:37:33,3.6,3.5,15000,3.65,5000,0,560000
MOTHERSUMI30Jan20140PE.NFO,07/01/2020,11:38:45,3.6,3.5,15000,3.65,10000,0,560000
MOTHERSUMI30Jan20140PE.NFO,07/01/2020,11:39:11,3.6,3.5,5000,3.65,10000,0,560000
MOTHERSUMI30Jan20140PE.NFO,07/01/2020,11:39:21,3.6,3.5,25000,3.65,10000,0,560000
MOTHERSUMI30Jan20140PE.NFO,07/01/2020,11:39:30,3.6,3.5,15000,3.65,10000,0,560000
MOTHERSUMI30Jan20140PE.NFO,07/01/2020,11:40:01,3.6,3.55,5000,3.65,10000,0,560000
MOTHERSUMI30Jan20140PE.NFO,07/01/2020,11:40:59,3.6,3.5,15000,3.65,10000,0,560000
MOTHERSUMI30Jan20140PE.NFO,07/01/2020,11:41:12,3.6,3.55,5000,3.65,10000,0,560000
MOTHERSUMI30Jan20140PE.NFO,07/01/2020,11:41:16,3.6,3.5,15000,3.65,10000,0,560000
MOTHERSUMI30Jan20140PE.NFO,07/01/2020,11:41:19,3.6,3.55,5000,3.65,10000,0,560000
MOTHERSUMI30Jan20140PE.NFO,07/01/2020,11:42:39,3.6,3.45,5000,3.6,20000,0,560000
MOTHERSUMI30Jan20140PE.NFO,07/01/2020,11:42:44,3.6,3.45,5000,3.55,10000,0,560000
MOTHERSUMI30Jan20140PE.NFO,07/01/2020,11:42:48,3.6,3.45,5000,3.55,5000,0,560000
MOTHERSUMI30Jan20140PE.NFO,07/01/2020,11:44:46,3.6,3.45,15000,3.6,15000,0,560000
MOTHERSUMI30Jan20140PE.NFO,07/01/2020,11:45:27,3.6,3.45,15000,3.6,10000,0,560000
MOTHERSUMI30Jan20140PE.NFO,07/01/2020,11:46:01,3.6,3.45,5000,3.6,10000,0,560000
MOTHERSUMI30Jan20140PE.NFO,07/01/2020,11:47:09,3.6,3.45,15000,3.6,10000,0,560000
MOTHERSUMI30Jan20140PE.NFO,07/01/2020,11:47:14,3.6,3.45,25000,3.6,15000,0,560000
MOTHERSUMI30Jan20140PE.NFO,07/01/2020,11:47:59,3.6,3.5,5000,3.6,15000,0,560000
MOTHERSUMI30Jan20140PE.NFO,07/01/2020,11:48:15,3.6,3.5,5000,3.6,10000,0,560000
MOTHERSUMI30Jan20140PE.NFO,07/01/2020,11:48:30,3.6,3.5,15000,3.6,5000,0,560000
MOTHERSUMI30Jan20140PE.NFO,07/01/2020,11:48:34,3.6,3.5,5000,3.6,5000,0,560000
MOTHERSUMI30Jan20140PE.NFO,07/01/2020,11:48:41,3.6,3.5,5000,3.6,10000,0,560000
MOTHERSUMI30Jan20140PE.NFO,07/01/2020,11:48:45,3.6,3.5,5000,3.6,15000,0,560000
MOTHERSUMI30Jan20140PE.NFO,07/01/2020,11:48:48,3.6,3.5,5000,3.6,10000,0,560000
MOTHERSUMI30Jan20140PE.NFO,07/01/2020,11:48:50,3.6,3.5,5000,3.6,15000,0,560000
MOTHERSUMI30Jan20140PE.NFO,07/01/2020,11:48:53,3.6,3.5,5000,3.6,10000,0,560000
MOTHERSUMI30Jan20140PE.NFO,07/01/2020,11:49:36,3.6,3.5,5000,3.55,5000,0,560000
MOTHERSUMI30Jan20140PE.NFO,07/01/2020,11:49:39,3.6,3.5,5000,3.6,15000,0,560000
MOTHERSUMI30Jan20140PE.NFO,07/01/2020,11:50:12,3.6,3.5,15000,3.6,10000,0,560000
MOTHERSUMI30Jan20140PE.NFO,07/01/2020,11:50:23,3.6,3.5,5000,3.6,10000,0,560000
MOTHERSUMI30Jan20140PE.NFO,07/01/2020,11:50:32,3.6,3.5,15000,3.6,10000,0,560000
MOTHERSUMI30Jan20140PE.NFO,07/01/2020,11:50:44,3.6,3.55,5000,3.65,15000,0,560000
MOTHERSUMI30Jan20140PE.NFO,07/01/2020,11:51:05,3.6,3.5,5000,3.6,10000,0,560000
MOTHERSUMI30Jan20140PE.NFO,07/01/2020,11:52:55,3.6,3.5,5000,3.6,15000,0,560000
MOTHERSUMI30Jan20140PE.NFO,07/01/2020,11:53:23,3.6,3.5,5000,3.55,5000,0,560000
MOTHERSUMI30Jan20140PE.NFO,07/01/2020,11:53:27,3.6,3.5,5000,3.6,15000,0,560000
MOTHERSUMI30Jan20140PE.NFO,07/01/2020,11:53:30,3.6,3.55,5000,3.6,10000,0,560000
MOTHERSUMI30Jan20140PE.NFO,07/01/2020,11:53:42,3.55,3.5,5000,3.6,15000,5000,560000
MOTHERSUMI30Jan20140PE.NFO,07/01/2020,11:53:48,3.55,3.5,5000,3.6,15000,0,560000
MOTHERSUMI30Jan20140PE.NFO,07/01/2020,11:54:11,3.55,3.5,5000,3.6,10000,0,560000
MOTHERSUMI30Jan20140PE.NFO,07/01/2020,11:54:23,3.55,3.5,5000,3.6,15000,0,560000
MOTHERSUMI30Jan20140PE.NFO,07/01/2020,11:55:39,3.55,3.5,5000,3.55,5000,0,560000
MOTHERSUMI30Jan20140PE.NFO,07/01/2020,11:56:02,3.55,3.5,5000,3.55,10000,0,560000
MOTHERSUMI30Jan20140PE.NFO,07/01/2020,11:57:03,3.55,3.5,5000,3.55,5000,0,560000
MOTHERSUMI30Jan20140PE.NFO,07/01/2020,11:57:20,3.55,3.45,15000,3.55,10000,0,560000
MOTHERSUMI30Jan20140PE.NFO,07/01/2020,11:57:25,3.55,3.45,15000,3.5,5000,0,560000
MOTHERSUMI30Jan20140PE.NFO,07/01/2020,11:57:44,3.55,3.45,15000,3.55,15000,0,560000
MOTHERSUMI30Jan20140PE.NFO,07/01/2020,11:57:53,3.55,3.45,15000,3.55,5000,0,560000
MOTHERSUMI30Jan20140PE.NFO,07/01/2020,11:58:00,3.55,3.5,5000,3.55,5000,0,560000
MOTHERSUMI30Jan20140PE.NFO,07/01/2020,11:58:04,3.55,3.5,5000,3.6,20000,0,560000
MOTHERSUMI30Jan20140PE.NFO,07/01/2020,11:58:07,3.55,3.5,5000,3.55,5000,0,560000
MOTHERSUMI30Jan20140PE.NFO,07/01/2020,11:58:10,3.55,3.5,15000,3.6,10000,0,560000
MOTHERSUMI30Jan20140PE.NFO,07/01/2020,11:58:19,3.55,3.55,20000,3.65,10000,0,560000
MOTHERSUMI30Jan20140PE.NFO,07/01/2020,11:58:30,3.55,3.5,25000,3.65,10000,0,560000
MOTHERSUMI30Jan20140PE.NFO,07/01/2020,11:58:32,3.55,3.55,15000,3.65,10000,0,560000
MOTHERSUMI30Jan20140PE.NFO,07/01/2020,11:58:42,3.55,3.55,15000,3.65,15000,0,560000
MOTHERSUMI30Jan20140PE.NFO,07/01/2020,11:58:45,3.55,3.55,5000,3.65,15000,0,560000
MOTHERSUMI30Jan20140PE.NFO,07/01/2020,11:58:53,3.55,3.55,15000,3.65,15000,0,560000
MOTHERSUMI30Jan20140PE.NFO,07/01/2020,11:59:03,3.55,3.55,5000,3.65,15000,0,560000
MOTHERSUMI30Jan20140PE.NFO,07/01/2020,11:59:24,3.65,3.65,25000,3.8,15000,5000,565000
MOTHERSUMI30Jan20140PE.NFO,07/01/2020,11:59:27,3.65,3.65,5000,3.75,10000,0,565000
MOTHERSUMI30Jan20140PE.NFO,07/01/2020,11:59:36,3.65,3.65,30000,3.8,15000,0,565000
MOTHERSUMI30Jan20140PE.NFO,07/01/2020,11:59:44,3.65,3.65,30000,3.75,5000,0,565000
MOTHERSUMI30Jan20140PE.NFO,07/01/2020,11:59:48,3.65,3.65,30000,3.8,10000,0,565000
MOTHERSUMI30Jan20140PE.NFO,07/01/2020,11:59:56,3.65,3.65,30000,3.8,15000,0,565000
MOTHERSUMI30Jan20140PE.NFO,07/01/2020,12:00:09,3.65,3.65,25000,3.75,5000,0,565000
MOTHERSUMI30Jan20140PE.NFO,07/01/2020,12:00:12,3.65,3.65,30000,3.8,15000,0,565000
MOTHERSUMI30Jan20140PE.NFO,07/01/2020,12:00:39,3.65,3.65,30000,3.8,10000,0,565000
MOTHERSUMI30Jan20140PE.NFO,07/01/2020,12:01:16,3.65,3.65,30000,3.8,10000,5000,560000
MOTHERSUMI30Jan20140PE.NFO,07/01/2020,12:02:04,3.65,3.7,25000,3.8,5000,0,560000
MOTHERSUMI30Jan20140PE.NFO,07/01/2020,12:02:07,3.65,3.7,20000,3.8,5000,0,560000
MOTHERSUMI30Jan20140PE.NFO,07/01/2020,12:02:19,3.65,3.7,10000,3.8,5000,0,560000
MOTHERSUMI30Jan20140PE.NFO,07/01/2020,12:02:26,3.65,3.7,30000,3.8,5000,0,560000
MOTHERSUMI30Jan20140PE.NFO,07/01/2020,12:02:33,3.65,3.7,20000,3.8,5000,0,560000
MOTHERSUMI30Jan20140PE.NFO,07/01/2020,12:02:39,3.65,3.7,10000,3.8,5000,0,560000
MOTHERSUMI30Jan20140PE.NFO,07/01/2020,12:03:04,3.65,3.7,5000,3.8,5000,0,560000
MOTHERSUMI30Jan20140PE.NFO,07/01/2020,12:03:12,3.65,3.7,20000,3.8,5000,0,560000
MOTHERSUMI30Jan20140PE.NFO,07/01/2020,12:03:15,3.65,3.7,5000,3.8,5000,0,560000
MOTHERSUMI30Jan20140PE.NFO,07/01/2020,12:03:26,3.65,3.7,10000,3.8,5000,0,560000
MOTHERSUMI30Jan20140PE.NFO,07/01/2020,12:03:31,3.65,3.7,30000,3.85,10000,0,560000
MOTHERSUMI30Jan20140PE.NFO,07/01/2020,12:03:38,3.85,3.75,5000,3.85,5000,5000,555000
MOTHERSUMI30Jan20140PE.NFO,07/01/2020,12:03:42,3.85,3.7,30000,3.8,5000,0,555000
MOTHERSUMI30Jan20140PE.NFO,07/01/2020,12:03:58,3.85,3.7,25000,3.8,5000,0,555000
MOTHERSUMI30Jan20140PE.NFO,07/01/2020,12:04:24,3.85,3.7,30000,3.85,5000,0,555000
MOTHERSUMI30Jan20140PE.NFO,07/01/2020,12:04:29,3.85,3.75,5000,3.85,5000,0,555000
MOTHERSUMI30Jan20140PE.NFO,07/01/2020,12:04:38,3.85,3.75,15000,3.85,5000,0,555000
MOTHERSUMI30Jan20140PE.NFO,07/01/2020,12:04:41,3.85,3.75,30000,3.85,5000,0,555000
MOTHERSUMI30Jan20140PE.NFO,07/01/2020,12:04:58,3.85,3.75,25000,3.85,5000,0,555000
MOTHERSUMI30Jan20140PE.NFO,07/01/2020,12:05:11,3.85,3.75,5000,3.8,5000,0,555000
MOTHERSUMI30Jan20140PE.NFO,07/01/2020,12:05:52,3.85,3.75,30000,3.85,5000,0,555000
MOTHERSUMI30Jan20140PE.NFO,07/01/2020,12:06:11,3.85,3.8,25000,3.85,5000,0,555000
MOTHERSUMI30Jan20140PE.NFO,07/01/2020,12:06:21,3.85,3.75,30000,3.85,5000,0,555000
MOTHERSUMI30Jan20140PE.NFO,07/01/2020,12:06:31,3.85,3.75,25000,3.85,5000,0,555000
MOTHERSUMI30Jan20140PE.NFO,07/01/2020,12:06:34,3.85,3.75,30000,3.85,5000,0,555000
MOTHERSUMI30Jan20140PE.NFO,07/01/2020,12:06:36,3.85,3.75,25000,3.85,5000,0,555000
MOTHERSUMI30Jan20140PE.NFO,07/01/2020,12:06:48,3.85,3.75,30000,3.85,5000,0,555000
MOTHERSUMI30Jan20140PE.NFO,07/01/2020,12:07:14,3.85,3.75,15000,3.85,5000,0,555000
MOTHERSUMI30Jan20140PE.NFO,07/01/2020,12:07:17,3.85,3.75,30000,3.85,5000,0,555000
MOTHERSUMI30Jan20140PE.NFO,07/01/2020,12:07:46,3.85,3.8,5000,3.9,10000,5000,560000
MOTHERSUMI30Jan20140PE.NFO,07/01/2020,12:08:01,3.85,3.75,30000,3.95,5000,0,560000
MOTHERSUMI30Jan20140PE.NFO,07/01/2020,12:08:05,3.85,3.8,5000,3.9,5000,0,560000
MOTHERSUMI30Jan20140PE.NFO,07/01/2020,12:08:17,3.85,3.75,5000,3.9,5000,0,560000
MOTHERSUMI30Jan20140PE.NFO,07/01/2020,12:08:24,3.85,3.75,10000,3.9,5000,0,560000
MOTHERSUMI30Jan20140PE.NFO,07/01/2020,12:08:30,3.85,3.75,5000,3.9,5000,0,560000
MOTHERSUMI30Jan20140PE.NFO,07/01/2020,12:08:48,3.85,3.75,5000,3.85,10000,0,560000
MOTHERSUMI30Jan20140PE.NFO,07/01/2020,12:09:05,3.85,3.75,5000,3.85,15000,0,560000
MOTHERSUMI30Jan20140PE.NFO,07/01/2020,12:09:11,3.85,3.75,5000,3.85,10000,0,560000
MOTHERSUMI30Jan20140PE.NFO,07/01/2020,12:09:26,3.85,3.75,5000,3.85,15000,0,560000
MOTHERSUMI30Jan20140PE.NFO,07/01/2020,12:09:35,3.85,3.75,5000,3.85,20000,0,560000
MOTHERSUMI30Jan20140PE.NFO,07/01/2020,12:09:37,3.85,3.75,5000,3.85,15000,5000,560000
MOTHERSUMI30Jan20140PE.NFO,07/01/2020,12:09:42,3.85,3.75,5000,3.85,15000,0,560000
MOTHERSUMI30Jan20140PE.NFO,07/01/2020,12:09:55,3.85,3.75,25000,3.85,10000,0,560000
MOTHERSUMI30Jan20140PE.NFO,07/01/2020,12:10:13,3.85,3.75,10000,3.85,15000,0,560000
MOTHERSUMI30Jan20140PE.NFO,07/01/2020,12:10:17,3.85,3.75,5000,3.85,15000,0,560000
MOTHERSUMI30Jan20140PE.NFO,07/01/2020,12:10:36,3.85,3.75,10000,3.85,15000,0,560000
MOTHERSUMI30Jan20140PE.NFO,07/01/2020,12:10:43,3.85,3.75,5000,3.85,15000,0,560000
MOTHERSUMI30Jan20140PE.NFO,07/01/2020,12:10:53,3.85,3.7,20000,3.8,10000,0,560000
MOTHERSUMI30Jan20140PE.NFO,07/01/2020,12:10:56,3.85,3.7,10000,3.8,10000,0,560000
MOTHERSUMI30Jan20140PE.NFO,07/01/2020,12:11:11,3.7,3.65,10000,3.75,10000,5000,560000
MOTHERSUMI30Jan20140PE.NFO,07/01/2020,12:11:16,3.7,3.65,25000,3.75,5000,0,560000
MOTHERSUMI30Jan20140PE.NFO,07/01/2020,12:11:20,3.7,3.7,5000,3.8,10000,0,560000
MOTHERSUMI30Jan20140PE.NFO,07/01/2020,12:11:42,3.7,3.7,5000,3.75,5000,0,560000
MOTHERSUMI30Jan20140PE.NFO,07/01/2020,12:11:58,3.7,3.65,30000,3.75,10000,0,560000
MOTHERSUMI30Jan20140PE.NFO,07/01/2020,12:12:00,3.7,3.65,15000,3.75,10000,0,560000
MOTHERSUMI30Jan20140PE.NFO,07/01/2020,12:12:30,3.7,3.65,10000,3.75,10000,0,560000
MOTHERSUMI30Jan20140PE.NFO,07/01/2020,12:12:44,3.7,3.65,30000,3.75,5000,0,560000
MOTHERSUMI30Jan20140PE.NFO,07/01/2020,12:12:56,3.7,3.65,25000,3.75,5000,0,560000
MOTHERSUMI30Jan20140PE.NFO,07/01/2020,12:12:59,3.7,3.65,25000,3.75,10000,0,560000
MOTHERSUMI30Jan20140PE.NFO,07/01/2020,12:13:02,3.7,3.65,25000,3.75,5000,0,560000
MOTHERSUMI30Jan20140PE.NFO,07/01/2020,12:13:11,3.7,3.65,10000,3.75,10000,0,560000
MOTHERSUMI30Jan20140PE.NFO,07/01/2020,12:13:19,3.7,3.65,5000,3.7,5000,0,560000
MOTHERSUMI30Jan20140PE.NFO,07/01/2020,12:13:25,3.7,3.65,5000,3.75,10000,0,560000
MOTHERSUMI30Jan20140PE.NFO,07/01/2020,12:14:01,3.7,3.65,20000,3.75,10000,0,560000
MOTHERSUMI30Jan20140PE.NFO,07/01/2020,12:14:17,3.7,3.65,10000,3.75,10000,0,560000
MOTHERSUMI30Jan20140PE.NFO,07/01/2020,12:14:24,3.7,3.65,5000,3.75,10000,0,560000
MOTHERSUMI30Jan20140PE.NFO,07/01/2020,12:14:31,3.7,3.65,10000,3.75,10000,0,560000
MOTHERSUMI30Jan20140PE.NFO,07/01/2020,12:15:08,3.7,3.65,5000,3.75,10000,0,560000
MOTHERSUMI30Jan20140PE.NFO,07/01/2020,12:15:20,3.7,3.65,25000,3.75,5000,0,560000
MOTHERSUMI30Jan20140PE.NFO,07/01/2020,12:15:24,3.7,3.65,20000,3.75,15000,0,560000
MOTHERSUMI30Jan20140PE.NFO,07/01/2020,12:15:37,3.7,3.65,25000,3.75,15000,0,560000
MOTHERSUMI30Jan20140PE.NFO,07/01/2020,12:15:41,3.7,3.65,25000,3.75,10000,0,560000
MOTHERSUMI30Jan20140PE.NFO,07/01/2020,12:15:47,3.7,3.65,20000,3.75,10000,0,560000
MOTHERSUMI30Jan20140PE.NFO,07/01/2020,12:16:11,3.7,3.65,30000,3.75,10000,0,560000
MOTHERSUMI30Jan20140PE.NFO,07/01/2020,12:16:14,3.7,3.65,20000,3.75,10000,0,560000
MOTHERSUMI30Jan20140PE.NFO,07/01/2020,12:16:18,3.7,3.65,25000,3.75,10000,0,560000
MOTHERSUMI30Jan20140PE.NFO,07/01/2020,12:17:04,3.7,3.65,30000,3.75,10000,0,560000
MOTHERSUMI30Jan20140PE.NFO,07/01/2020,12:18:03,3.7,3.7,5000,3.75,10000,0,560000
MOTHERSUMI30Jan20140PE.NFO,07/01/2020,12:18:04,3.7,3.7,10000,3.8,10000,0,560000
MOTHERSUMI30Jan20140PE.NFO,07/01/2020,12:18:07,3.7,3.65,5000,3.75,5000,5000,565000
MOTHERSUMI30Jan20140PE.NFO,07/01/2020,12:18:46,3.7,3.65,5000,3.7,5000,0,565000
MOTHERSUMI30Jan20140PE.NFO,07/01/2020,12:18:55,3.7,3.65,30000,3.7,5000,0,565000
MOTHERSUMI30Jan20140PE.NFO,07/01/2020,12:19:06,3.7,3.65,5000,3.7,5000,0,565000
MOTHERSUMI30Jan20140PE.NFO,07/01/2020,12:19:12,3.7,3.6,30000,3.7,10000,0,565000
MOTHERSUMI30Jan20140PE.NFO,07/01/2020,12:19:20,3.7,3.6,30000,3.7,5000,0,565000
MOTHERSUMI30Jan20140PE.NFO,07/01/2020,12:19:26,3.7,3.65,5000,3.75,5000,0,565000
MOTHERSUMI30Jan20140PE.NFO,07/01/2020,12:19:29,3.7,3.6,30000,3.75,5000,0,565000
MOTHERSUMI30Jan20140PE.NFO,07/01/2020,12:19:32,3.7,3.65,5000,3.75,5000,0,565000
MOTHERSUMI30Jan20140PE.NFO,07/01/2020,12:19:38,3.7,3.6,15000,3.75,5000,0,565000
MOTHERSUMI30Jan20140PE.NFO,07/01/2020,12:19:44,3.7,3.6,30000,3.75,5000,0,565000
MOTHERSUMI30Jan20140PE.NFO,07/01/2020,12:19:53,3.7,3.65,5000,3.8,15000,0,565000
MOTHERSUMI30Jan20140PE.NFO,07/01/2020,12:22:18,3.7,3.65,10000,3.8,15000,0,565000
MOTHERSUMI30Jan20140PE.NFO,07/01/2020,12:22:34,3.7,3.65,5000,3.8,15000,0,565000
MOTHERSUMI30Jan20140PE.NFO,07/01/2020,12:22:42,3.7,3.65,5000,3.8,20000,0,565000
MOTHERSUMI30Jan20140PE.NFO,07/01/2020,12:22:45,3.7,3.65,10000,3.8,20000,0,565000
MOTHERSUMI30Jan20140PE.NFO,07/01/2020,12:23:06,3.7,3.65,20000,3.8,20000,0,565000
MOTHERSUMI30Jan20140PE.NFO,07/01/2020,12:23:28,3.7,3.65,25000,3.8,20000,0,565000
MOTHERSUMI30Jan20140PE.NFO,07/01/2020,12:23:43,3.7,3.65,25000,3.8,25000,0,565000
MOTHERSUMI30Jan20140PE.NFO,07/01/2020,12:24:11,3.7,3.6,15000,3.7,5000,0,565000
MOTHERSUMI30Jan20140PE.NFO,07/01/2020,12:24:18,3.7,3.6,30000,3.7,5000,0,565000
MOTHERSUMI30Jan20140PE.NFO,07/01/2020,12:24:30,3.7,3.6,25000,3.65,5000,0,565000
MOTHERSUMI30Jan20140PE.NFO,07/01/2020,12:25:39,3.7,3.6,10000,3.65,5000,0,565000
MOTHERSUMI30Jan20140PE.NFO,07/01/2020,12:25:47,3.65,3.6,20000,3.7,15000,5000,570000
MOTHERSUMI30Jan20140PE.NFO,07/01/2020,12:25:50,3.65,3.6,5000,3.7,15000,0,570000
MOTHERSUMI30Jan20140PE.NFO,07/01/2020,12:26:01,3.65,3.6,20000,3.7,15000,0,570000
MOTHERSUMI30Jan20140PE.NFO,07/01/2020,12:27:00,3.65,3.6,15000,3.7,15000,0,570000
MOTHERSUMI30Jan20140PE.NFO,07/01/2020,12:27:04,3.65,3.6,25000,3.7,15000,0,570000
MOTHERSUMI30Jan20140PE.NFO,07/01/2020,12:27:08,3.65,3.6,5000,3.7,15000,0,570000
MOTHERSUMI30Jan20140PE.NFO,07/01/2020,12:27:25,3.65,3.6,5000,3.7,10000,0,570000
MOTHERSUMI30Jan20140PE.NFO,07/01/2020,12:29:00,3.65,3.6,25000,3.75,10000,0,570000
MOTHERSUMI30Jan20140PE.NFO,07/01/2020,12:29:24,3.65,3.6,25000,3.7,5000,0,570000
MOTHERSUMI30Jan20140PE.NFO,07/01/2020,12:30:01,3.65,3.6,25000,3.75,15000,0,570000
MOTHERSUMI30Jan20140PE.NFO,07/01/2020,12:30:13,3.65,3.6,25000,3.7,5000,0,570000
MOTHERSUMI30Jan20140PE.NFO,07/01/2020,12:30:55,3.65,3.55,25000,3.7,10000,0,570000
MOTHERSUMI30Jan20140PE.NFO,07/01/2020,12:31:15,3.65,3.6,5000,3.7,10000,0,570000
MOTHERSUMI30Jan20140PE.NFO,07/01/2020,12:32:00,3.65,3.6,20000,3.7,5000,0,570000
MOTHERSUMI30Jan20140PE.NFO,07/01/2020,12:32:09,3.65,3.6,25000,3.75,15000,0,570000
MOTHERSUMI30Jan20140PE.NFO,07/01/2020,12:33:11,3.65,3.6,25000,3.7,5000,0,570000
MOTHERSUMI30Jan20140PE.NFO,07/01/2020,12:33:20,3.65,3.6,25000,3.75,15000,0,570000
MOTHERSUMI30Jan20140PE.NFO,07/01/2020,12:33:26,3.65,3.6,25000,3.7,5000,0,570000
MOTHERSUMI30Jan20140PE.NFO,07/01/2020,12:33:39,3.65,3.6,25000,3.75,15000,0,570000
MOTHERSUMI30Jan20140PE.NFO,07/01/2020,12:34:20,3.65,3.6,25000,3.7,5000,0,570000
MOTHERSUMI30Jan20140PE.NFO,07/01/2020,12:34:27,3.65,3.6,25000,3.75,15000,0,570000
MOTHERSUMI30Jan20140PE.NFO,07/01/2020,12:34:55,3.65,3.6,25000,3.75,20000,0,570000
MOTHERSUMI30Jan20140PE.NFO,07/01/2020,12:35:57,3.65,3.6,20000,3.75,20000,0,570000
MOTHERSUMI30Jan20140PE.NFO,07/01/2020,12:36:00,3.65,3.6,10000,3.75,20000,0,570000
MOTHERSUMI30Jan20140PE.NFO,07/01/2020,12:36:04,3.65,3.6,10000,3.7,5000,0,570000
MOTHERSUMI30Jan20140PE.NFO,07/01/2020,12:36:12,3.65,3.6,20000,3.7,5000,0,570000
MOTHERSUMI30Jan20140PE.NFO,07/01/2020,12:37:02,3.65,3.6,5000,3.7,10000,0,570000
MOTHERSUMI30Jan20140PE.NFO,07/01/2020,12:37:30,3.65,3.6,20000,3.7,5000,0,570000
MOTHERSUMI30Jan20140PE.NFO,07/01/2020,12:37:33,3.65,3.6,20000,3.7,10000,0,570000
MOTHERSUMI30Jan20140PE.NFO,07/01/2020,12:37:35,3.65,3.6,5000,3.7,10000,0,570000
MOTHERSUMI30Jan20140PE.NFO,07/01/2020,12:37:40,3.65,3.6,10000,3.7,10000,0,570000
MOTHERSUMI30Jan20140PE.NFO,07/01/2020,12:40:56,3.65,3.6,5000,3.7,10000,0,570000
MOTHERSUMI30Jan20140PE.NFO,07/01/2020,12:41:21,3.65,3.55,5000,3.65,10000,0,570000
MOTHERSUMI30Jan20140PE.NFO,07/01/2020,12:41:38,3.55,3.5,20000,3.65,15000,5000,570000
MOTHERSUMI30Jan20140PE.NFO,07/01/2020,12:41:42,3.55,3.5,20000,3.65,15000,0,570000
MOTHERSUMI30Jan20140PE.NFO,07/01/2020,12:42:02,3.55,3.5,20000,3.6,5000,0,570000
MOTHERSUMI30Jan20140PE.NFO,07/01/2020,12:42:04,3.55,3.5,20000,3.6,15000,0,570000
MOTHERSUMI30Jan20140PE.NFO,07/01/2020,12:42:08,3.55,3.5,5000,3.6,15000,0,570000
MOTHERSUMI30Jan20140PE.NFO,07/01/2020,12:42:11,3.55,3.5,20000,3.6,10000,0,570000
MOTHERSUMI30Jan20140PE.NFO,07/01/2020,12:42:47,3.55,3.45,20000,3.6,15000,0,570000
MOTHERSUMI30Jan20140PE.NFO,07/01/2020,12:42:55,3.45,3.45,15000,3.55,5000,5000,565000
MOTHERSUMI30Jan20140PE.NFO,07/01/2020,12:42:58,3.45,3.45,15000,3.55,5000,0,565000
MOTHERSUMI30Jan20140PE.NFO,07/01/2020,12:43:17,3.45,3.45,10000,3.55,5000,0,565000
MOTHERSUMI30Jan20140PE.NFO,07/01/2020,12:43:24,3.45,3.45,15000,3.55,5000,0,565000
MOTHERSUMI30Jan20140PE.NFO,07/01/2020,12:43:51,3.45,3.45,5000,3.55,20000,0,565000
MOTHERSUMI30Jan20140PE.NFO,07/01/2020,12:43:54,3.45,3.45,5000,3.5,5000,0,565000
MOTHERSUMI30Jan20140PE.NFO,07/01/2020,12:44:01,3.45,3.45,5000,3.55,20000,0,565000
MOTHERSUMI30Jan20140PE.NFO,07/01/2020,12:44:09,3.45,3.45,15000,3.55,20000,0,565000
MOTHERSUMI30Jan20140PE.NFO,07/01/2020,12:44:19,3.45,3.45,5000,3.55,20000,0,565000
MOTHERSUMI30Jan20140PE.NFO,07/01/2020,12:44:23,3.45,3.45,5000,3.55,25000,0,565000
MOTHERSUMI30Jan20140PE.NFO,07/01/2020,12:44:34,3.45,3.4,20000,3.55,25000,0,565000
MOTHERSUMI30Jan20140PE.NFO,07/01/2020,12:44:57,3.45,3.4,20000,3.55,20000,0,565000
MOTHERSUMI30Jan20140PE.NFO,07/01/2020,12:45:51,3.45,3.4,20000,3.5,5000,0,565000
MOTHERSUMI30Jan20140PE.NFO,07/01/2020,12:46:09,3.45,3.4,20000,3.45,5000,0,565000
MOTHERSUMI30Jan20140PE.NFO,07/01/2020,12:46:17,3.45,3.4,15000,3.45,5000,0,565000
MOTHERSUMI30Jan20140PE.NFO,07/01/2020,12:46:22,3.45,3.35,20000,3.45,5000,0,565000
MOTHERSUMI30Jan20140PE.NFO,07/01/2020,12:46:27,3.45,3.35,20000,3.45,10000,0,565000
MOTHERSUMI30Jan20140PE.NFO,07/01/2020,12:46:32,3.45,3.35,20000,3.45,5000,0,565000
MOTHERSUMI30Jan20140PE.NFO,07/01/2020,12:46:38,3.45,3.35,15000,3.45,5000,0,565000
MOTHERSUMI30Jan20140PE.NFO,07/01/2020,12:46:55,3.45,3.35,15000,3.45,10000,0,565000
MOTHERSUMI30Jan20140PE.NFO,07/01/2020,12:47:33,3.45,3.4,5000,3.45,5000,0,565000
MOTHERSUMI30Jan20140PE.NFO,07/01/2020,12:47:36,3.45,3.4,15000,3.45,5000,0,565000
MOTHERSUMI30Jan20140PE.NFO,07/01/2020,12:47:50,3.45,3.4,5000,3.45,5000,0,565000
MOTHERSUMI30Jan20140PE.NFO,07/01/2020,12:47:57,3.45,3.4,5000,3.5,10000,0,565000
MOTHERSUMI30Jan20140PE.NFO,07/01/2020,12:48:06,3.45,3.35,20000,3.5,15000,0,565000
MOTHERSUMI30Jan20140PE.NFO,07/01/2020,12:48:12,3.45,3.35,20000,3.5,20000,0,565000
MOTHERSUMI30Jan20140PE.NFO,07/01/2020,12:48:24,3.45,3.35,20000,3.5,25000,0,565000
MOTHERSUMI30Jan20140PE.NFO,07/01/2020,12:48:35,3.45,3.4,5000,3.5,20000,0,565000
MOTHERSUMI30Jan20140PE.NFO,07/01/2020,12:48:40,3.45,3.35,25000,3.5,20000,0,565000
MOTHERSUMI30Jan20140PE.NFO,07/01/2020,12:48:44,3.45,3.4,5000,3.5,20000,0,565000
MOTHERSUMI30Jan20140PE.NFO,07/01/2020,12:49:01,3.45,3.4,20000,3.5,15000,0,565000
MOTHERSUMI30Jan20140PE.NFO,07/01/2020,12:49:16,3.45,3.4,10000,3.5,15000,0,565000
MOTHERSUMI30Jan20140PE.NFO,07/01/2020,12:49:20,3.45,3.4,20000,3.5,10000,0,565000
MOTHERSUMI30Jan20140PE.NFO,07/01/2020,12:49:24,3.45,3.4,20000,3.5,15000,0,565000
MOTHERSUMI30Jan20140PE.NFO,07/01/2020,12:49:38,3.45,3.4,20000,3.5,10000,0,565000
MOTHERSUMI30Jan20140PE.NFO,07/01/2020,12:49:43,3.45,3.4,5000,3.5,10000,0,565000
MOTHERSUMI30Jan20140PE.NFO,07/01/2020,12:49:55,3.45,3.4,10000,3.5,10000,0,565000
MOTHERSUMI30Jan20140PE.NFO,07/01/2020,12:50:16,3.45,3.4,10000,3.5,15000,0,565000
MOTHERSUMI30Jan20140PE.NFO,07/01/2020,12:50:54,3.45,3.4,20000,3.5,10000,0,565000
MOTHERSUMI30Jan20140PE.NFO,07/01/2020,12:52:38,3.45,3.4,20000,3.5,15000,0,565000
MOTHERSUMI30Jan20140PE.NFO,07/01/2020,12:52:41,3.45,3.4,20000,3.5,10000,0,565000
MOTHERSUMI30Jan20140PE.NFO,07/01/2020,12:53:06,3.45,3.45,5000,3.5,10000,0,565000
MOTHERSUMI30Jan20140PE.NFO,07/01/2020,12:53:24,3.45,3.4,20000,3.5,10000,5000,565000
MOTHERSUMI30Jan20140PE.NFO,07/01/2020,12:53:34,3.45,3.45,5000,3.5,10000,0,565000
MOTHERSUMI30Jan20140PE.NFO,07/01/2020,12:53:44,3.45,3.45,5000,3.5,15000,0,565000
MOTHERSUMI30Jan20140PE.NFO,07/01/2020,12:53:55,3.45,3.45,5000,3.5,10000,0,565000
MOTHERSUMI30Jan20140PE.NFO,07/01/2020,12:54:01,3.45,3.45,5000,3.5,15000,0,565000
MOTHERSUMI30Jan20140PE.NFO,07/01/2020,12:54:05,3.45,3.45,5000,3.5,10000,0,565000
MOTHERSUMI30Jan20140PE.NFO,07/01/2020,12:54:24,3.45,3.45,5000,3.5,15000,0,565000
MOTHERSUMI30Jan20140PE.NFO,07/01/2020,12:54:28,3.45,3.45,5000,3.5,5000,0,565000
MOTHERSUMI30Jan20140PE.NFO,07/01/2020,12:54:38,3.45,3.45,5000,3.5,10000,0,565000
MOTHERSUMI30Jan20140PE.NFO,07/01/2020,12:54:50,3.45,3.45,10000,3.5,10000,0,565000
MOTHERSUMI30Jan20140PE.NFO,07/01/2020,12:55:21,3.45,3.45,15000,3.5,10000,0,565000
MOTHERSUMI30Jan20140PE.NFO,07/01/2020,12:55:26,3.45,3.45,10000,3.5,10000,0,565000
MOTHERSUMI30Jan20140PE.NFO,07/01/2020,12:55:33,3.45,3.45,10000,3.5,20000,0,565000
MOTHERSUMI30Jan20140PE.NFO,07/01/2020,12:55:37,3.5,3.45,5000,3.5,15000,5000,560000
MOTHERSUMI30Jan20140PE.NFO,07/01/2020,12:55:57,3.5,3.45,5000,3.5,15000,0,560000
MOTHERSUMI30Jan20140PE.NFO,07/01/2020,12:56:03,3.5,3.45,5000,3.5,5000,0,560000
MOTHERSUMI30Jan20140PE.NFO,07/01/2020,12:56:22,3.5,3.45,5000,3.55,20000,0,560000
MOTHERSUMI30Jan20140PE.NFO,07/01/2020,12:57:23,3.5,3.45,5000,3.55,15000,0,560000
MOTHERSUMI30Jan20140PE.NFO,07/01/2020,12:57:28,3.5,3.45,5000,3.55,20000,0,560000
MOTHERSUMI30Jan20140PE.NFO,07/01/2020,12:57:47,3.5,3.45,15000,3.55,20000,0,560000
MOTHERSUMI30Jan20140PE.NFO,07/01/2020,12:58:26,3.5,3.45,5000,3.55,20000,0,560000
MOTHERSUMI30Jan20140PE.NFO,07/01/2020,12:58:31,3.5,3.5,5000,3.55,20000,0,560000
MOTHERSUMI30Jan20140PE.NFO,07/01/2020,12:59:50,3.5,3.45,15000,3.55,20000,0,560000
MOTHERSUMI30Jan20140PE.NFO,07/01/2020,12:59:55,3.5,3.45,25000,3.6,20000,0,560000
MOTHERSUMI30Jan20140PE.NFO,07/01/2020,13:00:00,3.5,3.5,20000,3.6,15000,0,560000
MOTHERSUMI30Jan20140PE.NFO,07/01/2020,13:00:11,3.5,3.45,25000,3.6,15000,0,560000
MOTHERSUMI30Jan20140PE.NFO,07/01/2020,13:00:19,3.5,3.5,25000,3.65,20000,0,560000
MOTHERSUMI30Jan20140PE.NFO,07/01/2020,13:00:30,3.5,3.5,25000,3.6,5000,0,560000
MOTHERSUMI30Jan20140PE.NFO,07/01/2020,13:01:43,3.5,3.45,35000,3.6,20000,0,560000
MOTHERSUMI30Jan20140PE.NFO,07/01/2020,13:02:12,3.5,3.5,5000,3.6,20000,0,560000
MOTHERSUMI30Jan20140PE.NFO,07/01/2020,13:02:23,3.5,3.5,25000,3.6,10000,0,560000
MOTHERSUMI30Jan20140PE.NFO,07/01/2020,13:02:29,3.5,3.5,25000,3.6,5000,0,560000
MOTHERSUMI30Jan20140PE.NFO,07/01/2020,13:02:48,3.5,3.5,15000,3.6,10000,0,560000
MOTHERSUMI30Jan20140PE.NFO,07/01/2020,13:03:06,3.5,3.5,25000,3.6,5000,0,560000
MOTHERSUMI30Jan20140PE.NFO,07/01/2020,13:03:18,3.5,3.5,15000,3.6,5000,0,560000
MOTHERSUMI30Jan20140PE.NFO,07/01/2020,13:03:45,3.5,3.5,15000,3.6,10000,0,560000
MOTHERSUMI30Jan20140PE.NFO,07/01/2020,13:03:50,3.5,3.5,5000,3.6,10000,0,560000
MOTHERSUMI30Jan20140PE.NFO,07/01/2020,13:04:17,3.5,3.5,15000,3.6,5000,0,560000
MOTHERSUMI30Jan20140PE.NFO,07/01/2020,13:04:22,3.5,3.5,35000,3.6,5000,0,560000
MOTHERSUMI30Jan20140PE.NFO,07/01/2020,13:04:48,3.5,3.55,20000,3.6,5000,0,560000
MOTHERSUMI30Jan20140PE.NFO,07/01/2020,13:04:56,3.5,3.55,10000,3.6,5000,0,560000
MOTHERSUMI30Jan20140PE.NFO,07/01/2020,13:05:10,3.5,3.55,20000,3.6,5000,0,560000
MOTHERSUMI30Jan20140PE.NFO,07/01/2020,13:05:17,3.5,3.55,25000,3.6,5000,0,560000
MOTHERSUMI30Jan20140PE.NFO,07/01/2020,13:05:34,3.5,3.5,55000,3.6,5000,0,560000
MOTHERSUMI30Jan20140PE.NFO,07/01/2020,13:05:40,3.5,3.55,5000,3.6,5000,0,560000
MOTHERSUMI30Jan20140PE.NFO,07/01/2020,13:05:57,3.5,3.55,20000,3.6,5000,0,560000
MOTHERSUMI30Jan20140PE.NFO,07/01/2020,13:06:15,3.5,3.55,25000,3.6,5000,0,560000
MOTHERSUMI30Jan20140PE.NFO,07/01/2020,13:06:21,3.6,3.55,30000,3.65,5000,5000,565000
MOTHERSUMI30Jan20140PE.NFO,07/01/2020,13:06:31,3.6,3.55,30000,3.65,5000,0,565000
MOTHERSUMI30Jan20140PE.NFO,07/01/2020,13:07:00,3.6,3.6,5000,3.7,5000,0,565000
MOTHERSUMI30Jan20140PE.NFO,07/01/2020,13:07:57,3.6,3.6,5000,3.7,10000,0,565000
MOTHERSUMI30Jan20140PE.NFO,07/01/2020,13:08:15,3.7,3.65,5000,3.75,5000,5000,565000
MOTHERSUMI30Jan20140PE.NFO,07/01/2020,13:08:22,3.7,3.65,5000,3.75,5000,0,565000
MOTHERSUMI30Jan20140PE.NFO,07/01/2020,13:08:30,3.7,3.65,15000,3.8,15000,0,565000
MOTHERSUMI30Jan20140PE.NFO,07/01/2020,13:08:39,3.7,3.65,5000,3.8,5000,0,565000
MOTHERSUMI30Jan20140PE.NFO,07/01/2020,13:08:47,3.7,3.65,15000,3.8,5000,0,565000
MOTHERSUMI30Jan20140PE.NFO,07/01/2020,13:08:54,3.7,3.65,5000,3.8,5000,0,565000
MOTHERSUMI30Jan20140PE.NFO,07/01/2020,13:09:08,3.7,3.65,30000,3.9,10000,0,565000
MOTHERSUMI30Jan20140PE.NFO,07/01/2020,13:09:16,3.7,3.7,20000,3.9,10000,0,565000
MOTHERSUMI30Jan20140PE.NFO,07/01/2020,13:09:37,3.7,3.7,5000,3.9,5000,0,565000
MOTHERSUMI30Jan20140PE.NFO,07/01/2020,13:09:43,3.7,3.7,25000,3.9,5000,0,565000
MOTHERSUMI30Jan20140PE.NFO,07/01/2020,13:09:55,3.7,3.7,25000,3.9,10000,0,565000
MOTHERSUMI30Jan20140PE.NFO,07/01/2020,13:10:02,3.9,3.75,5000,3.9,5000,5000,565000
MOTHERSUMI30Jan20140PE.NFO,07/01/2020,13:10:08,3.9,3.75,5000,3.9,5000,0,565000
MOTHERSUMI30Jan20140PE.NFO,07/01/2020,13:10:34,3.9,3.75,30000,3.9,5000,0,565000
MOTHERSUMI30Jan20140PE.NFO,07/01/2020,13:11:04,3.9,3.75,15000,3.9,10000,0,565000
MOTHERSUMI30Jan20140PE.NFO,07/01/2020,13:11:10,3.9,3.75,30000,3.9,10000,0,565000
MOTHERSUMI30Jan20140PE.NFO,07/01/2020,13:11:15,3.9,3.75,35000,3.9,10000,0,565000
MOTHERSUMI30Jan20140PE.NFO,07/01/2020,13:11:20,3.9,3.75,30000,3.9,5000,0,565000
MOTHERSUMI30Jan20140PE.NFO,07/01/2020,13:11:30,3.9,3.8,5000,3.9,5000,0,565000
MOTHERSUMI30Jan20140PE.NFO,07/01/2020,13:11:39,3.9,3.8,5000,3.95,5000,0,565000
MOTHERSUMI30Jan20140PE.NFO,07/01/2020,13:11:53,3.9,3.8,25000,3.95,5000,0,565000
MOTHERSUMI30Jan20140PE.NFO,07/01/2020,13:12:04,3.9,3.8,25000,3.9,5000,0,565000
MOTHERSUMI30Jan20140PE.NFO,07/01/2020,13:12:31,3.9,3.85,5000,3.9,5000,0,565000
MOTHERSUMI30Jan20140PE.NFO,07/01/2020,13:12:37,3.9,3.8,25000,3.9,5000,0,565000
MOTHERSUMI30Jan20140PE.NFO,07/01/2020,13:12:46,3.9,3.85,5000,3.9,5000,0,565000
MOTHERSUMI30Jan20140PE.NFO,07/01/2020,13:13:05,3.85,3.8,20000,3.9,10000,5000,570000
MOTHERSUMI30Jan20140PE.NFO,07/01/2020,13:13:09,3.85,3.8,20000,3.9,10000,0,570000
MOTHERSUMI30Jan20140PE.NFO,07/01/2020,13:13:21,3.85,3.85,5000,3.9,10000,0,570000
MOTHERSUMI30Jan20140PE.NFO,07/01/2020,13:13:35,3.85,3.8,25000,3.9,10000,0,570000
MOTHERSUMI30Jan20140PE.NFO,07/01/2020,13:13:39,3.85,3.85,5000,3.9,10000,0,570000
MOTHERSUMI30Jan20140PE.NFO,07/01/2020,13:14:40,3.85,3.8,30000,3.9,10000,0,570000
MOTHERSUMI30Jan20140PE.NFO,07/01/2020,13:14:52,3.85,3.85,10000,3.9,10000,0,570000
MOTHERSUMI30Jan20140PE.NFO,07/01/2020,13:15:35,3.85,3.85,5000,3.9,5000,5000,570000
MOTHERSUMI30Jan20140PE.NFO,07/01/2020,13:15:48,3.85,3.8,25000,3.9,5000,0,570000
MOTHERSUMI30Jan20140PE.NFO,07/01/2020,13:16:12,3.85,3.8,10000,3.9,5000,0,570000
MOTHERSUMI30Jan20140PE.NFO,07/01/2020,13:16:19,3.85,3.8,25000,3.9,5000,0,570000
MOTHERSUMI30Jan20140PE.NFO,07/01/2020,13:16:25,3.85,3.8,25000,3.9,10000,0,570000
MOTHERSUMI30Jan20140PE.NFO,07/01/2020,13:16:37,3.85,3.85,5000,3.9,10000,0,570000
MOTHERSUMI30Jan20140PE.NFO,07/01/2020,13:16:43,3.85,3.8,25000,3.9,10000,0,570000
MOTHERSUMI30Jan20140PE.NFO,07/01/2020,13:16:49,3.85,3.8,5000,3.9,5000,0,570000
MOTHERSUMI30Jan20140PE.NFO,07/01/2020,13:16:55,3.85,3.75,30000,3.9,10000,0,570000
MOTHERSUMI30Jan20140PE.NFO,07/01/2020,13:17:00,3.85,3.75,20000,3.9,10000,0,570000
MOTHERSUMI30Jan20140PE.NFO,07/01/2020,13:17:06,3.85,3.75,15000,3.9,10000,0,570000
MOTHERSUMI30Jan20140PE.NFO,07/01/2020,13:17:10,3.85,3.75,10000,3.9,10000,0,570000
MOTHERSUMI30Jan20140PE.NFO,07/01/2020,13:17:14,3.85,3.75,15000,3.9,10000,0,570000
MOTHERSUMI30Jan20140PE.NFO,07/01/2020,13:17:25,3.85,3.8,5000,3.9,10000,0,570000
MOTHERSUMI30Jan20140PE.NFO,07/01/2020,13:17:54,3.85,3.8,25000,3.95,15000,0,570000
MOTHERSUMI30Jan20140PE.NFO,07/01/2020,13:18:04,3.85,3.85,15000,3.95,5000,0,570000
MOTHERSUMI30Jan20140PE.NFO,07/01/2020,13:18:09,3.85,3.85,15000,4,20000,0,570000
MOTHERSUMI30Jan20140PE.NFO,07/01/2020,13:18:15,3.85,3.8,10000,3.95,20000,0,570000
MOTHERSUMI30Jan20140PE.NFO,07/01/2020,13:18:33,3.85,3.8,5000,3.95,15000,0,570000
MOTHERSUMI30Jan20140PE.NFO,07/01/2020,13:18:39,3.85,3.8,5000,3.9,5000,0,570000
MOTHERSUMI30Jan20140PE.NFO,07/01/2020,13:18:49,3.85,3.8,15000,3.95,15000,0,570000
MOTHERSUMI30Jan20140PE.NFO,07/01/2020,13:18:55,3.85,3.8,25000,3.95,15000,0,570000
MOTHERSUMI30Jan20140PE.NFO,07/01/2020,13:19:00,3.85,3.85,10000,3.95,10000,0,570000
MOTHERSUMI30Jan20140PE.NFO,07/01/2020,13:19:06,3.85,3.85,5000,3.95,10000,0,570000
MOTHERSUMI30Jan20140PE.NFO,07/01/2020,13:19:12,3.85,3.85,10000,3.95,10000,0,570000
MOTHERSUMI30Jan20140PE.NFO,07/01/2020,13:19:17,3.85,3.85,10000,3.95,15000,0,570000
MOTHERSUMI30Jan20140PE.NFO,07/01/2020,13:19:31,3.85,3.85,5000,3.95,15000,0,570000
MOTHERSUMI30Jan20140PE.NFO,07/01/2020,13:20:17,3.85,3.85,5000,3.9,10000,0,570000
MOTHERSUMI30Jan20140PE.NFO,07/01/2020,13:20:27,3.85,3.85,5000,3.95,15000,0,570000
MOTHERSUMI30Jan20140PE.NFO,07/01/2020,13:21:19,3.85,3.85,15000,3.95,10000,0,570000
MOTHERSUMI30Jan20140PE.NFO,07/01/2020,13:21:27,3.85,3.85,20000,3.95,10000,0,570000
MOTHERSUMI30Jan20140PE.NFO,07/01/2020,13:21:37,3.85,3.85,30000,3.95,10000,0,570000
MOTHERSUMI30Jan20140PE.NFO,07/01/2020,13:21:46,3.85,3.85,20000,3.95,10000,0,570000
MOTHERSUMI30Jan20140PE.NFO,07/01/2020,13:22:18,3.85,3.85,10000,3.95,15000,0,570000
MOTHERSUMI30Jan20140PE.NFO,07/01/2020,13:22:50,3.85,3.85,10000,3.95,10000,0,570000
MOTHERSUMI30Jan20140PE.NFO,07/01/2020,13:22:55,3.85,3.85,15000,3.95,10000,0,570000
MOTHERSUMI30Jan20140PE.NFO,07/01/2020,13:23:07,3.85,3.85,15000,3.95,5000,0,570000
MOTHERSUMI30Jan20140PE.NFO,07/01/2020,13:23:13,3.85,3.85,20000,3.95,10000,0,570000
MOTHERSUMI30Jan20140PE.NFO,07/01/2020,13:23:24,3.85,3.85,15000,3.95,10000,0,570000
MOTHERSUMI30Jan20140PE.NFO,07/01/2020,13:23:30,3.85,3.85,15000,3.95,5000,0,570000
MOTHERSUMI30Jan20140PE.NFO,07/01/2020,13:23:41,3.85,3.85,10000,3.95,5000,0,570000
MOTHERSUMI30Jan20140PE.NFO,07/01/2020,13:23:58,3.85,3.85,10000,3.95,10000,0,570000
MOTHERSUMI30Jan20140PE.NFO,07/01/2020,13:24:10,3.85,3.85,5000,3.9,5000,0,570000
MOTHERSUMI30Jan20140PE.NFO,07/01/2020,13:24:16,3.85,3.85,5000,3.95,15000,0,570000
MOTHERSUMI30Jan20140PE.NFO,07/01/2020,13:24:22,3.85,3.8,10000,3.9,5000,5000,570000
MOTHERSUMI30Jan20140PE.NFO,07/01/2020,13:24:32,3.85,3.8,15000,3.95,15000,0,570000
MOTHERSUMI30Jan20140PE.NFO,07/01/2020,13:24:38,3.85,3.8,15000,3.9,5000,0,570000
MOTHERSUMI30Jan20140PE.NFO,07/01/2020,13:25:05,3.85,3.8,5000,3.9,10000,0,570000
MOTHERSUMI30Jan20140PE.NFO,07/01/2020,13:26:04,3.85,3.75,5000,3.85,5000,0,570000
MOTHERSUMI30Jan20140PE.NFO,07/01/2020,13:26:12,3.85,3.75,5000,3.85,10000,0,570000
MOTHERSUMI30Jan20140PE.NFO,07/01/2020,13:26:41,3.85,3.75,10000,3.85,10000,0,570000
MOTHERSUMI30Jan20140PE.NFO,07/01/2020,13:26:57,3.85,3.75,5000,3.85,10000,0,570000
MOTHERSUMI30Jan20140PE.NFO,07/01/2020,13:27:03,3.85,3.75,10000,3.85,10000,0,570000
MOTHERSUMI30Jan20140PE.NFO,07/01/2020,13:27:08,3.85,3.75,5000,3.85,10000,0,570000
MOTHERSUMI30Jan20140PE.NFO,07/01/2020,13:27:13,3.85,3.75,10000,3.85,10000,0,570000
MOTHERSUMI30Jan20140PE.NFO,07/01/2020,13:27:21,3.85,3.75,5000,3.85,10000,0,570000
MOTHERSUMI30Jan20140PE.NFO,07/01/2020,13:27:25,3.85,3.75,10000,3.85,10000,0,570000
MOTHERSUMI30Jan20140PE.NFO,07/01/2020,13:27:36,3.85,3.7,15000,3.8,5000,0,570000
MOTHERSUMI30Jan20140PE.NFO,07/01/2020,13:27:49,3.85,3.7,15000,3.8,10000,0,570000
MOTHERSUMI30Jan20140PE.NFO,07/01/2020,13:27:56,3.85,3.75,5000,3.85,10000,0,570000
MOTHERSUMI30Jan20140PE.NFO,07/01/2020,13:28:07,3.85,3.75,5000,3.85,15000,0,570000
MOTHERSUMI30Jan20140PE.NFO,07/01/2020,13:28:13,3.85,3.7,5000,3.8,10000,0,570000
MOTHERSUMI30Jan20140PE.NFO,07/01/2020,13:28:34,3.85,3.7,5000,3.8,5000,0,570000
MOTHERSUMI30Jan20140PE.NFO,07/01/2020,13:28:40,3.85,3.8,5000,3.9,10000,0,570000
MOTHERSUMI30Jan20140PE.NFO,07/01/2020,13:28:46,3.85,3.8,5000,3.9,15000,0,570000
MOTHERSUMI30Jan20140PE.NFO,07/01/2020,13:28:58,3.85,3.8,5000,3.9,10000,0,570000
MOTHERSUMI30Jan20140PE.NFO,07/01/2020,13:29:05,3.85,3.8,20000,3.95,15000,0,570000
MOTHERSUMI30Jan20140PE.NFO,07/01/2020,13:29:12,3.85,3.8,10000,3.9,5000,0,570000
MOTHERSUMI30Jan20140PE.NFO,07/01/2020,13:29:30,3.85,3.8,10000,3.95,20000,0,570000
MOTHERSUMI30Jan20140PE.NFO,07/01/2020,13:29:36,3.85,3.8,10000,3.95,10000,0,570000
MOTHERSUMI30Jan20140PE.NFO,07/01/2020,13:29:55,3.85,3.85,5000,3.95,10000,0,570000
MOTHERSUMI30Jan20140PE.NFO,07/01/2020,13:30:14,3.85,3.85,10000,3.95,10000,0,570000
MOTHERSUMI30Jan20140PE.NFO,07/01/2020,13:30:24,3.85,3.85,5000,3.95,10000,0,570000
MOTHERSUMI30Jan20140PE.NFO,07/01/2020,13:31:14,3.85,3.85,5000,3.95,5000,0,570000
MOTHERSUMI30Jan20140PE.NFO,07/01/2020,13:31:43,3.85,3.85,10000,3.95,5000,0,570000
MOTHERSUMI30Jan20140PE.NFO,07/01/2020,13:31:49,3.85,3.8,10000,3.9,5000,0,570000
MOTHERSUMI30Jan20140PE.NFO,07/01/2020,13:31:56,3.85,3.8,10000,3.9,10000,0,570000
MOTHERSUMI30Jan20140PE.NFO,07/01/2020,13:32:11,3.85,3.8,5000,3.9,10000,0,570000
MOTHERSUMI30Jan20140PE.NFO,07/01/2020,13:32:16,3.85,3.8,20000,3.9,5000,0,570000
MOTHERSUMI30Jan20140PE.NFO,07/01/2020,13:32:32,3.85,3.8,25000,3.9,5000,0,570000
MOTHERSUMI30Jan20140PE.NFO,07/01/2020,13:33:00,3.85,3.85,5000,3.9,5000,0,570000
MOTHERSUMI30Jan20140PE.NFO,07/01/2020,13:33:06,3.85,3.8,25000,3.9,5000,0,570000
MOTHERSUMI30Jan20140PE.NFO,07/01/2020,13:33:14,3.9,3.85,5000,3.95,5000,5000,570000
MOTHERSUMI30Jan20140PE.NFO,07/01/2020,13:33:18,3.9,3.85,5000,3.95,5000,0,570000
MOTHERSUMI30Jan20140PE.NFO,07/01/2020,13:33:44,3.9,3.9,10000,4,15000,5000,570000
MOTHERSUMI30Jan20140PE.NFO,07/01/2020,13:33:50,3.9,3.9,10000,4,10000,0,570000
MOTHERSUMI30Jan20140PE.NFO,07/01/2020,13:33:55,3.9,3.9,10000,4,15000,0,570000
MOTHERSUMI30Jan20140PE.NFO,07/01/2020,13:34:04,3.9,3.9,10000,4,10000,0,570000
MOTHERSUMI30Jan20140PE.NFO,07/01/2020,13:34:09,3.95,3.95,5000,4,5000,5000,570000
MOTHERSUMI30Jan20140PE.NFO,07/01/2020,13:34:13,4,3.9,5000,4,5000,5000,570000
MOTHERSUMI30Jan20140PE.NFO,07/01/2020,13:34:19,4,3.9,5000,4.05,5000,0,570000
MOTHERSUMI30Jan20140PE.NFO,07/01/2020,13:34:38,4,3.85,25000,4.05,5000,0,570000
