Ticker,Date,Time,LTP,BuyPrice,BuyQty,SellPrice,SellQty,LTQ,OpenInterest
MOTHERSUMI30Jan20165CE.NFO,07/01/2020,09:19:18,0.65,0.6,10000,0.75,10000,5000,260000
MOTHERSUMI30Jan20165CE.NFO,07/01/2020,09:19:18,0.65,0.6,10000,0.75,10000,0,260000
MOTHERSUMI30Jan20165CE.NFO,07/01/2020,09:19:18,0.65,0.6,10000,0.75,10000,0,260000
MOTHERSUMI30Jan20165CE.NFO,07/01/2020,09:19:18,0.65,0.6,10000,0.75,10000,0,260000
MOTHERSUMI30Jan20165CE.NFO,07/01/2020,09:19:24,0.65,0.6,10000,0.75,10000,0,260000
MOTHERSUMI30Jan20165CE.NFO,07/01/2020,09:19:45,0.65,0.6,10000,0.75,5000,0,260000
MOTHERSUMI30Jan20165CE.NFO,07/01/2020,09:19:52,0.65,0.6,10000,0.7,5000,0,260000
MOTHERSUMI30Jan20165CE.NFO,07/01/2020,09:20:37,0.65,0.6,10000,0.7,10000,0,260000
MOTHERSUMI30Jan20165CE.NFO,07/01/2020,09:21:44,0.65,0.6,10000,0.7,5000,0,260000
MOTHERSUMI30Jan20165CE.NFO,07/01/2020,09:22:45,0.65,0.6,10000,0.7,10000,0,260000
MOTHERSUMI30Jan20165CE.NFO,07/01/2020,09:22:57,0.7,0.6,10000,0.75,10000,5000,260000
MOTHERSUMI30Jan20165CE.NFO,07/01/2020,09:22:57,0.7,0.6,10000,0.75,10000,0,260000
MOTHERSUMI30Jan20165CE.NFO,07/01/2020,09:23:04,0.7,0.6,10000,0.75,10000,0,260000
MOTHERSUMI30Jan20165CE.NFO,07/01/2020,09:23:09,0.7,0.6,10000,0.7,5000,0,260000
MOTHERSUMI30Jan20165CE.NFO,07/01/2020,09:23:27,0.7,0.6,10000,0.7,10000,0,260000
MOTHERSUMI30Jan20165CE.NFO,07/01/2020,09:23:57,0.7,0.6,10000,0.7,20000,0,260000
MOTHERSUMI30Jan20165CE.NFO,07/01/2020,09:24:21,0.7,0.6,10000,0.7,15000,0,260000
MOTHERSUMI30Jan20165CE.NFO,07/01/2020,09:27:44,0.7,0.6,10000,0.65,5000,0,260000
MOTHERSUMI30Jan20165CE.NFO,07/01/2020,09:29:23,0.65,0.6,10000,0.7,5000,5000,260000
MOTHERSUMI30Jan20165CE.NFO,07/01/2020,09:29:28,0.65,0.6,10000,0.7,5000,0,260000
MOTHERSUMI30Jan20165CE.NFO,07/01/2020,09:29:34,0.65,0.6,10000,0.7,10000,0,260000
MOTHERSUMI30Jan20165CE.NFO,07/01/2020,09:29:40,0.65,0.6,10000,0.7,5000,0,260000
MOTHERSUMI30Jan20165CE.NFO,07/01/2020,09:29:45,0.65,0.6,10000,0.7,10000,0,260000
MOTHERSUMI30Jan20165CE.NFO,07/01/2020,09:35:10,0.65,0.6,10000,0.7,15000,0,260000
MOTHERSUMI30Jan20165CE.NFO,07/01/2020,09:38:18,0.65,0.6,10000,0.7,15000,5000,265000
MOTHERSUMI30Jan20165CE.NFO,07/01/2020,09:38:35,0.65,0.6,10000,0.7,15000,0,265000
MOTHERSUMI30Jan20165CE.NFO,07/01/2020,09:43:06,0.65,0.6,10000,0.7,15000,5000,270000
MOTHERSUMI30Jan20165CE.NFO,07/01/2020,09:43:11,0.65,0.6,10000,0.7,15000,0,270000
MOTHERSUMI30Jan20165CE.NFO,07/01/2020,09:43:42,0.65,0.6,10000,0.65,5000,0,270000
MOTHERSUMI30Jan20165CE.NFO,07/01/2020,09:44:05,0.65,0.6,10000,0.7,10000,5000,270000
MOTHERSUMI30Jan20165CE.NFO,07/01/2020,09:44:42,0.65,0.6,10000,0.7,10000,0,270000
MOTHERSUMI30Jan20165CE.NFO,07/01/2020,09:48:46,0.65,0.6,10000,0.7,15000,0,270000
MOTHERSUMI30Jan20165CE.NFO,07/01/2020,09:49:33,0.65,0.6,10000,0.7,10000,0,270000
MOTHERSUMI30Jan20165CE.NFO,07/01/2020,09:50:24,0.65,0.6,5000,0.7,10000,0,270000
MOTHERSUMI30Jan20165CE.NFO,07/01/2020,09:56:23,0.65,0.55,15000,0.7,10000,0,270000
MOTHERSUMI30Jan20165CE.NFO,07/01/2020,10:02:39,0.65,0.55,15000,0.7,20000,0,270000
MOTHERSUMI30Jan20165CE.NFO,07/01/2020,10:09:08,0.65,0.55,15000,0.7,15000,0,270000
MOTHERSUMI30Jan20165CE.NFO,07/01/2020,10:20:39,0.65,0.6,5000,0.7,15000,0,270000
MOTHERSUMI30Jan20165CE.NFO,07/01/2020,10:28:33,0.65,0.6,10000,0.7,15000,0,270000
MOTHERSUMI30Jan20165CE.NFO,07/01/2020,10:31:49,0.65,0.6,5000,0.7,15000,0,270000
MOTHERSUMI30Jan20165CE.NFO,07/01/2020,10:32:26,0.65,0.6,5000,0.7,10000,0,270000
MOTHERSUMI30Jan20165CE.NFO,07/01/2020,10:52:18,0.6,0.6,5000,0.7,10000,5000,270000
MOTHERSUMI30Jan20165CE.NFO,07/01/2020,10:52:18,0.6,0.6,5000,0.7,10000,0,270000
MOTHERSUMI30Jan20165CE.NFO,07/01/2020,10:52:27,0.6,0.6,5000,0.7,10000,0,270000
MOTHERSUMI30Jan20165CE.NFO,07/01/2020,10:53:16,0.6,0.55,5000,0.7,10000,0,270000
MOTHERSUMI30Jan20165CE.NFO,07/01/2020,10:53:47,0.6,0.55,15000,0.7,10000,0,270000
MOTHERSUMI30Jan20165CE.NFO,07/01/2020,10:53:58,0.6,0.55,10000,0.7,10000,0,270000
MOTHERSUMI30Jan20165CE.NFO,07/01/2020,10:55:19,0.6,0.55,5000,0.7,10000,0,270000
MOTHERSUMI30Jan20165CE.NFO,07/01/2020,10:55:52,0.6,0.55,10000,0.7,10000,0,270000
MOTHERSUMI30Jan20165CE.NFO,07/01/2020,10:57:13,0.6,0.55,5000,0.7,10000,0,270000
MOTHERSUMI30Jan20165CE.NFO,07/01/2020,11:08:20,0.6,0.55,5000,0.7,15000,0,270000
MOTHERSUMI30Jan20165CE.NFO,07/01/2020,11:11:42,0.55,0.5,15000,0.7,15000,5000,270000
MOTHERSUMI30Jan20165CE.NFO,07/01/2020,11:11:42,0.55,0.5,15000,0.7,15000,0,270000
MOTHERSUMI30Jan20165CE.NFO,07/01/2020,11:11:49,0.55,0.5,10000,0.7,15000,0,270000
MOTHERSUMI30Jan20165CE.NFO,07/01/2020,11:12:10,0.55,0.5,5000,0.7,15000,0,270000
MOTHERSUMI30Jan20165CE.NFO,07/01/2020,11:12:43,0.55,0.5,10000,0.7,15000,0,270000
MOTHERSUMI30Jan20165CE.NFO,07/01/2020,11:15:01,0.55,0.5,5000,0.7,15000,0,270000
MOTHERSUMI30Jan20165CE.NFO,07/01/2020,11:16:08,0.55,0.45,20000,0.6,15000,0,270000
MOTHERSUMI30Jan20165CE.NFO,07/01/2020,11:20:00,0.55,0.45,20000,0.6,10000,0,270000
MOTHERSUMI30Jan20165CE.NFO,07/01/2020,11:20:11,0.55,0.45,20000,0.6,5000,0,270000
MOTHERSUMI30Jan20165CE.NFO,07/01/2020,11:20:17,0.55,0.45,20000,0.65,20000,0,270000
MOTHERSUMI30Jan20165CE.NFO,07/01/2020,11:20:22,0.55,0.5,20000,0.65,20000,0,270000
MOTHERSUMI30Jan20165CE.NFO,07/01/2020,11:22:58,0.55,0.5,20000,0.65,5000,0,270000
MOTHERSUMI30Jan20165CE.NFO,07/01/2020,11:23:04,0.55,0.5,15000,0.65,15000,0,270000
MOTHERSUMI30Jan20165CE.NFO,07/01/2020,11:24:11,0.55,0.5,15000,0.65,10000,0,270000
MOTHERSUMI30Jan20165CE.NFO,07/01/2020,11:24:40,0.55,0.5,15000,0.7,25000,0,270000
MOTHERSUMI30Jan20165CE.NFO,07/01/2020,11:24:45,0.55,0.5,15000,0.7,20000,0,270000
MOTHERSUMI30Jan20165CE.NFO,07/01/2020,11:27:10,0.55,0.55,35000,0.7,20000,0,270000
MOTHERSUMI30Jan20165CE.NFO,07/01/2020,11:27:14,0.55,0.55,30000,0.7,20000,0,270000
MOTHERSUMI30Jan20165CE.NFO,07/01/2020,11:29:57,0.55,0.55,30000,0.65,5000,0,270000
MOTHERSUMI30Jan20165CE.NFO,07/01/2020,11:31:16,0.55,0.55,30000,0.65,15000,0,270000
MOTHERSUMI30Jan20165CE.NFO,07/01/2020,11:32:20,0.55,0.55,30000,0.65,5000,0,270000
MOTHERSUMI30Jan20165CE.NFO,07/01/2020,11:32:25,0.55,0.55,35000,0.65,10000,0,270000
MOTHERSUMI30Jan20165CE.NFO,07/01/2020,11:32:29,0.55,0.55,20000,0.65,15000,0,270000
MOTHERSUMI30Jan20165CE.NFO,07/01/2020,11:32:35,0.55,0.55,20000,0.65,20000,0,270000
MOTHERSUMI30Jan20165CE.NFO,07/01/2020,11:35:45,0.55,0.55,30000,0.65,20000,0,270000
MOTHERSUMI30Jan20165CE.NFO,07/01/2020,11:37:28,0.55,0.55,25000,0.65,20000,0,270000
MOTHERSUMI30Jan20165CE.NFO,07/01/2020,11:38:28,0.55,0.55,25000,0.65,25000,0,270000
MOTHERSUMI30Jan20165CE.NFO,07/01/2020,11:48:30,0.55,0.55,20000,0.65,25000,0,270000
MOTHERSUMI30Jan20165CE.NFO,07/01/2020,11:53:23,0.55,0.55,20000,0.65,10000,0,270000
MOTHERSUMI30Jan20165CE.NFO,07/01/2020,11:53:42,0.55,0.55,30000,0.65,25000,0,270000
MOTHERSUMI30Jan20165CE.NFO,07/01/2020,11:53:51,0.55,0.55,25000,0.65,25000,0,270000
MOTHERSUMI30Jan20165CE.NFO,07/01/2020,11:55:13,0.55,0.6,5000,0.65,25000,0,270000
MOTHERSUMI30Jan20165CE.NFO,07/01/2020,11:58:10,0.6,0.55,5000,0.65,25000,5000,275000
MOTHERSUMI30Jan20165CE.NFO,07/01/2020,11:58:19,0.6,0.55,5000,0.65,25000,0,275000
MOTHERSUMI30Jan20165CE.NFO,07/01/2020,11:59:24,0.6,0.5,10000,0.65,25000,0,275000
MOTHERSUMI30Jan20165CE.NFO,07/01/2020,11:59:28,0.6,0.5,15000,0.65,25000,0,275000
MOTHERSUMI30Jan20165CE.NFO,07/01/2020,12:03:19,0.6,0.5,15000,0.6,15000,0,275000
MOTHERSUMI30Jan20165CE.NFO,07/01/2020,12:03:38,0.6,0.5,15000,0.6,10000,0,275000
MOTHERSUMI30Jan20165CE.NFO,07/01/2020,12:04:41,0.6,0.5,10000,0.6,10000,0,275000
MOTHERSUMI30Jan20165CE.NFO,07/01/2020,12:05:11,0.6,0.5,10000,0.55,5000,0,275000
MOTHERSUMI30Jan20165CE.NFO,07/01/2020,12:07:19,0.6,0.5,5000,0.55,5000,0,275000
MOTHERSUMI30Jan20165CE.NFO,07/01/2020,12:08:17,0.6,0.5,15000,0.55,5000,0,275000
MOTHERSUMI30Jan20165CE.NFO,07/01/2020,12:08:24,0.6,0.5,10000,0.55,5000,0,275000
MOTHERSUMI30Jan20165CE.NFO,07/01/2020,12:30:55,0.6,0.5,10000,0.55,5000,0,270000
MOTHERSUMI30Jan20165CE.NFO,07/01/2020,12:58:40,0.55,0.5,10000,0.6,10000,5000,270000
MOTHERSUMI30Jan20165CE.NFO,07/01/2020,12:59:55,0.55,0.5,10000,0.6,20000,0,270000
MOTHERSUMI30Jan20165CE.NFO,07/01/2020,13:00:11,0.55,0.5,10000,0.6,15000,0,270000
MOTHERSUMI30Jan20165CE.NFO,07/01/2020,13:07:15,0.55,0.5,10000,0.6,20000,0,270000
MOTHERSUMI30Jan20165CE.NFO,07/01/2020,13:11:04,0.55,0.5,10000,0.6,15000,0,270000
MOTHERSUMI30Jan20165CE.NFO,07/01/2020,13:18:04,0.55,0.5,10000,0.6,20000,0,270000
MOTHERSUMI30Jan20165CE.NFO,07/01/2020,13:28:58,0.55,0.5,5000,0.6,20000,0,270000
MOTHERSUMI30Jan20165CE.NFO,07/01/2020,13:29:05,0.55,0.45,15000,0.6,20000,0,270000
MOTHERSUMI30Jan20165CE.NFO,07/01/2020,13:29:24,0.55,0.5,5000,0.6,20000,0,270000
MOTHERSUMI30Jan20165CE.NFO,07/01/2020,13:29:37,0.55,0.45,15000,0.6,20000,0,270000
MOTHERSUMI30Jan20165CE.NFO,07/01/2020,13:40:38,0.55,0.45,10000,0.6,20000,0,270000
MOTHERSUMI30Jan20165CE.NFO,07/01/2020,13:41:11,0.55,0.45,5000,0.6,20000,0,270000
MOTHERSUMI30Jan20165CE.NFO,07/01/2020,13:42:08,0.55,0.45,5000,0.5,5000,0,270000
MOTHERSUMI30Jan20165CE.NFO,07/01/2020,13:42:26,0.55,0.45,15000,0.5,5000,0,270000
MOTHERSUMI30Jan20165CE.NFO,07/01/2020,13:42:32,0.55,0.45,10000,0.5,5000,0,270000
MOTHERSUMI30Jan20165CE.NFO,07/01/2020,13:43:53,0.55,0.4,20000,0.5,15000,0,270000
MOTHERSUMI30Jan20165CE.NFO,07/01/2020,13:43:57,0.55,0.4,20000,0.5,10000,0,270000
MOTHERSUMI30Jan20165CE.NFO,07/01/2020,13:46:45,0.55,0.4,20000,0.5,5000,0,270000
MOTHERSUMI30Jan20165CE.NFO,07/01/2020,14:03:21,0.55,0.4,20000,0.5,15000,0,270000
MOTHERSUMI30Jan20165CE.NFO,07/01/2020,14:03:25,0.55,0.4,20000,0.5,10000,0,270000
MOTHERSUMI30Jan20165CE.NFO,07/01/2020,14:03:40,0.55,0.4,20000,0.5,5000,0,270000
MOTHERSUMI30Jan20165CE.NFO,07/01/2020,14:11:02,0.55,0.4,20000,0.55,10000,0,270000
MOTHERSUMI30Jan20165CE.NFO,07/01/2020,14:14:56,0.55,0.4,25000,0.55,10000,0,270000
MOTHERSUMI30Jan20165CE.NFO,07/01/2020,14:16:00,0.55,0.4,25000,0.55,5000,0,270000
MOTHERSUMI30Jan20165CE.NFO,07/01/2020,14:17:26,0.55,0.4,25000,0.55,10000,0,270000
MOTHERSUMI30Jan20165CE.NFO,07/01/2020,14:17:41,0.55,0.4,25000,0.55,5000,0,270000
MOTHERSUMI30Jan20165CE.NFO,07/01/2020,14:18:13,0.55,0.4,25000,0.6,20000,0,270000
MOTHERSUMI30Jan20165CE.NFO,07/01/2020,14:22:13,0.55,0.5,10000,0.6,20000,0,270000
MOTHERSUMI30Jan20165CE.NFO,07/01/2020,14:24:05,0.55,0.5,15000,0.6,25000,0,270000
MOTHERSUMI30Jan20165CE.NFO,07/01/2020,14:24:12,0.55,0.5,10000,0.6,25000,0,270000
MOTHERSUMI30Jan20165CE.NFO,07/01/2020,14:25:21,0.55,0.5,10000,0.6,20000,0,270000
MOTHERSUMI30Jan20165CE.NFO,07/01/2020,14:30:28,0.55,0.5,10000,0.6,20000,0,265000
MOTHERSUMI30Jan20165CE.NFO,07/01/2020,14:30:54,0.55,0.5,10000,0.6,15000,0,265000
MOTHERSUMI30Jan20165CE.NFO,07/01/2020,14:34:50,0.55,0.5,10000,0.6,20000,0,265000
MOTHERSUMI30Jan20165CE.NFO,07/01/2020,14:38:50,0.55,0.5,10000,0.6,15000,0,265000
MOTHERSUMI30Jan20165CE.NFO,07/01/2020,14:46:39,0.55,0.5,10000,0.6,20000,0,265000
MOTHERSUMI30Jan20165CE.NFO,07/01/2020,14:49:34,0.55,0.5,10000,0.6,15000,0,265000
MOTHERSUMI30Jan20165CE.NFO,07/01/2020,14:54:00,0.55,0.5,15000,0.6,15000,0,265000
MOTHERSUMI30Jan20165CE.NFO,07/01/2020,14:54:06,0.55,0.5,10000,0.6,15000,0,265000
MOTHERSUMI30Jan20165CE.NFO,07/01/2020,14:55:35,0.55,0.5,10000,0.6,25000,0,265000
MOTHERSUMI30Jan20165CE.NFO,07/01/2020,14:55:41,0.55,0.5,10000,0.6,20000,0,265000
MOTHERSUMI30Jan20165CE.NFO,07/01/2020,15:01:22,0.55,0.5,10000,0.6,15000,0,265000
MOTHERSUMI30Jan20165CE.NFO,07/01/2020,15:03:53,0.55,0.5,10000,0.6,20000,0,265000
MOTHERSUMI30Jan20165CE.NFO,07/01/2020,15:05:16,0.55,0.5,10000,0.6,15000,0,265000
MOTHERSUMI30Jan20165CE.NFO,07/01/2020,15:05:40,0.55,0.5,10000,0.6,10000,0,265000
MOTHERSUMI30Jan20165CE.NFO,07/01/2020,15:07:49,0.55,0.5,10000,0.6,20000,0,265000
MOTHERSUMI30Jan20165CE.NFO,07/01/2020,15:07:55,0.55,0.5,10000,0.6,15000,0,265000
MOTHERSUMI30Jan20165CE.NFO,07/01/2020,15:15:06,0.55,0.5,10000,0.6,10000,0,265000
MOTHERSUMI30Jan20165CE.NFO,07/01/2020,15:27:31,0.55,0.5,10000,0.6,20000,0,265000
MOTHERSUMI30Jan20165CE.NFO,07/01/2020,15:27:55,0.55,0.5,10000,0.6,15000,0,265000
MOTHERSUMI30Jan20165CE.NFO,07/01/2020,15:28:40,0.55,0.45,5000,0.6,15000,0,265000
MOTHERSUMI30Jan20165CE.NFO,07/01/2020,15:28:52,0.55,0.45,5000,0.6,25000,0,265000
MOTHERSUMI30Jan20165CE.NFO,07/01/2020,15:29:24,0.55,0.45,5000,0.6,15000,0,265000
MOTHERSUMI30Jan20165CE.NFO,07/01/2020,15:29:38,0.55,0.45,10000,0.6,15000,0,265000
MOTHERSUMI30Jan20165CE.NFO,07/01/2020,15:29:44,0.55,0.45,10000,0.6,10000,0,265000
MOTHERSUMI30Jan20165CE.NFO,07/01/2020,15:29:52,0.55,0.45,5000,0.6,10000,0,265000
