Ticker,Date,Time,LTP,BuyPrice,BuyQty,SellPrice,SellQty,LTQ,OpenInterest
NBCC30Jan2033PE.NFO,07/01/2020,09:18:22,0.7,0.6,200200,0.75,28600,14300,257400
NBCC30Jan2033PE.NFO,07/01/2020,09:18:22,0.7,0.6,200200,0.75,28600,0,257400
NBCC30Jan2033PE.NFO,07/01/2020,09:18:22,0.7,0.6,200200,0.75,28600,0,257400
NBCC30Jan2033PE.NFO,07/01/2020,09:18:22,0.7,0.6,200200,0.75,28600,0,257400
NBCC30Jan2033PE.NFO,07/01/2020,09:18:31,0.7,0.6,228800,0.75,28600,0,257400
NBCC30Jan2033PE.NFO,07/01/2020,09:18:40,0.7,0.6,171600,0.75,28600,0,257400
NBCC30Jan2033PE.NFO,07/01/2020,09:18:58,0.7,0.65,14300,0.75,42900,0,257400
NBCC30Jan2033PE.NFO,07/01/2020,09:19:15,0.7,0.7,14300,0.75,57200,0,257400
NBCC30Jan2033PE.NFO,07/01/2020,09:19:32,0.7,0.65,28600,0.75,42900,0,257400
NBCC30Jan2033PE.NFO,07/01/2020,09:19:41,0.7,0.7,14300,0.75,28600,0,257400
NBCC30Jan2033PE.NFO,07/01/2020,09:19:49,0.7,0.7,14300,0.75,42900,0,257400
NBCC30Jan2033PE.NFO,07/01/2020,09:20:04,0.7,0.7,28600,0.75,42900,0,257400
NBCC30Jan2033PE.NFO,07/01/2020,09:20:28,0.7,0.65,42900,0.75,28600,0,257400
NBCC30Jan2033PE.NFO,07/01/2020,09:20:35,0.7,0.6,28600,0.7,14300,0,257400
NBCC30Jan2033PE.NFO,07/01/2020,09:20:43,0.7,0.6,14300,0.65,14300,0,257400
NBCC30Jan2033PE.NFO,07/01/2020,09:20:58,0.7,0.6,28600,0.7,14300,0,257400
NBCC30Jan2033PE.NFO,07/01/2020,09:21:37,0.7,0.6,28600,0.7,28600,0,257400
NBCC30Jan2033PE.NFO,07/01/2020,09:21:54,0.7,0.65,14300,0.7,28600,0,257400
NBCC30Jan2033PE.NFO,07/01/2020,09:22:01,0.7,0.6,28600,0.7,28600,0,257400
NBCC30Jan2033PE.NFO,07/01/2020,09:22:09,0.7,0.65,14300,0.7,28600,0,257400
NBCC30Jan2033PE.NFO,07/01/2020,09:23:09,0.7,0.65,14300,0.7,14300,0,257400
NBCC30Jan2033PE.NFO,07/01/2020,09:24:23,0.7,0.65,14300,0.7,28600,0,257400
NBCC30Jan2033PE.NFO,07/01/2020,09:24:29,0.7,0.65,14300,0.7,14300,0,257400
NBCC30Jan2033PE.NFO,07/01/2020,09:25:09,0.7,0.65,14300,0.7,42900,0,257400
NBCC30Jan2033PE.NFO,07/01/2020,09:25:16,0.65,0.65,14300,0.7,42900,14300,257400
NBCC30Jan2033PE.NFO,07/01/2020,09:25:16,0.65,0.65,14300,0.7,42900,0,257400
NBCC30Jan2033PE.NFO,07/01/2020,09:25:23,0.65,0.65,14300,0.7,42900,0,257400
NBCC30Jan2033PE.NFO,07/01/2020,09:26:35,0.65,0.6,57200,0.7,71500,14300,257400
NBCC30Jan2033PE.NFO,07/01/2020,09:26:59,0.65,0.65,14300,0.7,28600,0,257400
NBCC30Jan2033PE.NFO,07/01/2020,09:27:29,0.65,0.65,28600,0.7,28600,0,257400
NBCC30Jan2033PE.NFO,07/01/2020,09:28:41,0.65,0.65,28600,0.7,14300,0,257400
NBCC30Jan2033PE.NFO,07/01/2020,09:29:29,0.65,0.65,57200,0.75,71500,0,257400
NBCC30Jan2033PE.NFO,07/01/2020,09:29:36,0.65,0.65,28600,0.75,71500,0,257400
NBCC30Jan2033PE.NFO,07/01/2020,09:30:10,0.65,0.65,28600,0.7,14300,0,257400
NBCC30Jan2033PE.NFO,07/01/2020,09:30:58,0.65,0.65,28600,0.75,71500,0,257400
NBCC30Jan2033PE.NFO,07/01/2020,09:31:03,0.65,0.65,28600,0.7,14300,0,257400
NBCC30Jan2033PE.NFO,07/01/2020,09:31:16,0.65,0.65,28600,0.7,28600,0,257400
NBCC30Jan2033PE.NFO,07/01/2020,09:31:39,0.65,0.65,28600,0.7,42900,0,257400
NBCC30Jan2033PE.NFO,07/01/2020,09:33:46,0.65,0.65,42900,0.7,42900,0,257400
NBCC30Jan2033PE.NFO,07/01/2020,09:34:44,0.65,0.65,57200,0.7,42900,0,257400
NBCC30Jan2033PE.NFO,07/01/2020,09:34:55,0.65,0.65,57200,0.7,14300,0,257400
NBCC30Jan2033PE.NFO,07/01/2020,09:35:11,0.65,0.65,71500,0.7,14300,0,257400
NBCC30Jan2033PE.NFO,07/01/2020,09:35:34,0.65,0.65,71500,0.75,57200,0,257400
NBCC30Jan2033PE.NFO,07/01/2020,09:35:41,0.65,0.65,71500,0.75,71500,0,257400
NBCC30Jan2033PE.NFO,07/01/2020,09:36:22,0.65,0.7,14300,0.75,57200,0,257400
NBCC30Jan2033PE.NFO,07/01/2020,09:36:44,0.65,0.7,14300,0.75,42900,0,257400
NBCC30Jan2033PE.NFO,07/01/2020,09:37:17,0.65,0.7,14300,0.75,28600,0,257400
NBCC30Jan2033PE.NFO,07/01/2020,09:37:27,0.65,0.7,28600,0.75,28600,0,257400
NBCC30Jan2033PE.NFO,07/01/2020,09:37:32,0.65,0.7,57200,0.75,28600,0,257400
NBCC30Jan2033PE.NFO,07/01/2020,09:37:37,0.65,0.7,57200,0.75,14300,0,257400
NBCC30Jan2033PE.NFO,07/01/2020,09:37:47,0.65,0.7,42900,0.75,42900,0,257400
NBCC30Jan2033PE.NFO,07/01/2020,09:39:06,0.65,0.7,28600,0.75,42900,0,257400
NBCC30Jan2033PE.NFO,07/01/2020,09:39:16,0.65,0.7,28600,0.75,28600,0,257400
NBCC30Jan2033PE.NFO,07/01/2020,09:39:22,0.65,0.7,28600,0.75,14300,0,257400
NBCC30Jan2033PE.NFO,07/01/2020,09:39:54,0.65,0.7,14300,0.75,42900,0,257400
NBCC30Jan2033PE.NFO,07/01/2020,09:40:10,0.65,0.7,14300,0.75,57200,0,257400
NBCC30Jan2033PE.NFO,07/01/2020,09:40:39,0.65,0.7,14300,0.75,71500,0,257400
NBCC30Jan2033PE.NFO,07/01/2020,09:42:09,0.65,0.7,14300,0.75,57200,0,257400
NBCC30Jan2033PE.NFO,07/01/2020,09:42:50,0.65,0.7,14300,0.75,42900,0,257400
NBCC30Jan2033PE.NFO,07/01/2020,09:42:56,0.65,0.7,28600,0.75,57200,0,257400
NBCC30Jan2033PE.NFO,07/01/2020,09:43:28,0.65,0.7,14300,0.75,57200,0,257400
NBCC30Jan2033PE.NFO,07/01/2020,09:43:33,0.65,0.7,14300,0.75,71500,0,257400
NBCC30Jan2033PE.NFO,07/01/2020,09:43:43,0.7,0.65,85800,0.75,57200,14300,271700
NBCC30Jan2033PE.NFO,07/01/2020,09:43:48,0.7,0.65,85800,0.75,57200,0,271700
NBCC30Jan2033PE.NFO,07/01/2020,09:44:11,0.7,0.65,71500,0.7,28600,0,271700
NBCC30Jan2033PE.NFO,07/01/2020,09:44:17,0.7,0.65,57200,0.7,28600,0,271700
NBCC30Jan2033PE.NFO,07/01/2020,09:44:23,0.7,0.65,71500,0.75,71500,14300,286000
NBCC30Jan2033PE.NFO,07/01/2020,09:44:28,0.7,0.65,71500,0.75,71500,0,286000
NBCC30Jan2033PE.NFO,07/01/2020,09:44:37,0.7,0.65,57200,0.7,14300,0,286000
NBCC30Jan2033PE.NFO,07/01/2020,09:44:52,0.7,0.65,71500,0.75,71500,0,286000
NBCC30Jan2033PE.NFO,07/01/2020,09:44:57,0.7,0.65,57200,0.7,14300,0,286000
NBCC30Jan2033PE.NFO,07/01/2020,09:45:03,0.7,0.65,57200,0.7,28600,0,286000
NBCC30Jan2033PE.NFO,07/01/2020,09:45:57,0.7,0.65,57200,0.7,14300,0,286000
NBCC30Jan2033PE.NFO,07/01/2020,09:46:08,0.7,0.65,71500,0.75,71500,0,286000
NBCC30Jan2033PE.NFO,07/01/2020,09:46:24,0.7,0.65,57200,0.7,14300,0,286000
NBCC30Jan2033PE.NFO,07/01/2020,09:46:35,0.7,0.65,71500,0.75,71500,0,286000
NBCC30Jan2033PE.NFO,07/01/2020,09:46:41,0.7,0.65,71500,0.75,57200,0,286000
NBCC30Jan2033PE.NFO,07/01/2020,09:47:44,0.7,0.65,57200,0.7,14300,0,286000
NBCC30Jan2033PE.NFO,07/01/2020,09:48:28,0.7,0.65,42900,0.7,14300,0,286000
NBCC30Jan2033PE.NFO,07/01/2020,09:49:04,0.7,0.65,57200,0.7,14300,0,286000
NBCC30Jan2033PE.NFO,07/01/2020,09:49:10,0.7,0.65,42900,0.7,14300,0,286000
NBCC30Jan2033PE.NFO,07/01/2020,09:49:16,0.7,0.65,57200,0.7,14300,0,286000
NBCC30Jan2033PE.NFO,07/01/2020,09:49:54,0.7,0.65,57200,0.75,71500,0,286000
NBCC30Jan2033PE.NFO,07/01/2020,09:50:37,0.7,0.65,71500,0.75,71500,0,286000
NBCC30Jan2033PE.NFO,07/01/2020,09:50:51,0.7,0.65,71500,0.75,57200,0,286000
NBCC30Jan2033PE.NFO,07/01/2020,09:51:12,0.7,0.65,85800,0.7,14300,0,286000
NBCC30Jan2033PE.NFO,07/01/2020,09:51:33,0.7,0.65,100100,0.75,71500,0,286000
NBCC30Jan2033PE.NFO,07/01/2020,09:51:37,0.7,0.65,85800,0.75,71500,0,286000
NBCC30Jan2033PE.NFO,07/01/2020,09:52:22,0.7,0.65,85800,0.75,57200,0,286000
NBCC30Jan2033PE.NFO,07/01/2020,09:52:32,0.7,0.65,85800,0.75,71500,0,286000
NBCC30Jan2033PE.NFO,07/01/2020,09:52:37,0.7,0.7,14300,0.75,57200,0,286000
NBCC30Jan2033PE.NFO,07/01/2020,09:52:42,0.7,0.65,114400,0.75,71500,0,286000
NBCC30Jan2033PE.NFO,07/01/2020,09:53:06,0.7,0.7,42900,0.75,42900,0,286000
NBCC30Jan2033PE.NFO,07/01/2020,09:54:35,0.7,0.7,42900,0.75,28600,0,286000
NBCC30Jan2033PE.NFO,07/01/2020,09:54:59,0.7,0.7,57200,0.8,42900,0,286000
NBCC30Jan2033PE.NFO,07/01/2020,09:55:33,0.7,0.7,57200,0.8,57200,0,286000
NBCC30Jan2033PE.NFO,07/01/2020,09:56:25,0.7,0.7,57200,0.8,42900,0,286000
NBCC30Jan2033PE.NFO,07/01/2020,09:57:19,0.7,0.7,42900,0.75,14300,0,286000
NBCC30Jan2033PE.NFO,07/01/2020,09:58:46,0.7,0.7,57200,0.75,14300,0,286000
NBCC30Jan2033PE.NFO,07/01/2020,09:58:52,0.7,0.7,71500,0.8,42900,0,286000
NBCC30Jan2033PE.NFO,07/01/2020,09:59:21,0.7,0.75,14300,0.8,14300,0,286000
NBCC30Jan2033PE.NFO,07/01/2020,09:59:37,0.7,0.7,71500,0.8,28600,0,286000
NBCC30Jan2033PE.NFO,07/01/2020,09:59:42,0.7,0.7,71500,0.8,14300,0,286000
NBCC30Jan2033PE.NFO,07/01/2020,09:59:47,0.7,0.7,71500,0.8,28600,0,286000
NBCC30Jan2033PE.NFO,07/01/2020,10:00:30,0.7,0.7,71500,0.8,14300,0,286000
NBCC30Jan2033PE.NFO,07/01/2020,10:00:52,0.7,0.75,42900,0.8,14300,0,286000
NBCC30Jan2033PE.NFO,07/01/2020,10:00:58,0.7,0.75,14300,0.8,14300,0,286000
NBCC30Jan2033PE.NFO,07/01/2020,10:01:58,0.7,0.75,14300,0.85,71500,0,286000
NBCC30Jan2033PE.NFO,07/01/2020,10:02:30,0.7,0.75,57200,0.85,71500,0,286000
NBCC30Jan2033PE.NFO,07/01/2020,10:02:40,0.7,0.75,57200,0.85,85800,0,286000
NBCC30Jan2033PE.NFO,07/01/2020,10:02:55,0.7,0.75,57200,0.85,71500,0,286000
NBCC30Jan2033PE.NFO,07/01/2020,10:03:56,0.7,0.75,57200,0.85,57200,0,286000
NBCC30Jan2033PE.NFO,07/01/2020,10:04:07,0.7,0.75,71500,0.85,57200,0,286000
NBCC30Jan2033PE.NFO,07/01/2020,10:04:12,0.7,0.75,71500,0.85,42900,0,286000
NBCC30Jan2033PE.NFO,07/01/2020,10:04:17,0.7,0.8,28600,0.85,28600,0,286000
NBCC30Jan2033PE.NFO,07/01/2020,10:04:22,0.7,0.75,71500,0.85,42900,0,286000
NBCC30Jan2033PE.NFO,07/01/2020,10:04:27,0.7,0.8,57200,0.85,28600,0,286000
NBCC30Jan2033PE.NFO,07/01/2020,10:04:33,0.7,0.75,71500,0.85,28600,0,286000
NBCC30Jan2033PE.NFO,07/01/2020,10:05:04,0.7,0.75,57200,0.85,28600,0,286000
NBCC30Jan2033PE.NFO,07/01/2020,10:05:10,0.7,0.75,71500,0.85,28600,0,286000
NBCC30Jan2033PE.NFO,07/01/2020,10:05:48,0.7,0.75,71500,0.85,42900,0,286000
NBCC30Jan2033PE.NFO,07/01/2020,10:05:54,0.7,0.75,71500,0.85,57200,0,286000
NBCC30Jan2033PE.NFO,07/01/2020,10:06:50,0.7,0.75,71500,0.8,14300,0,286000
NBCC30Jan2033PE.NFO,07/01/2020,10:07:33,0.8,0.75,57200,0.85,14300,14300,300300
NBCC30Jan2033PE.NFO,07/01/2020,10:07:33,0.8,0.75,57200,0.85,14300,0,300300
NBCC30Jan2033PE.NFO,07/01/2020,10:07:39,0.8,0.75,57200,0.85,14300,0,300300
NBCC30Jan2033PE.NFO,07/01/2020,10:08:17,0.8,0.75,57200,0.85,28600,0,300300
NBCC30Jan2033PE.NFO,07/01/2020,10:08:48,0.8,0.75,57200,0.85,42900,0,300300
NBCC30Jan2033PE.NFO,07/01/2020,10:08:59,0.8,0.75,71500,0.85,42900,0,300300
NBCC30Jan2033PE.NFO,07/01/2020,10:10:17,0.8,0.75,71500,0.85,57200,0,300300
NBCC30Jan2033PE.NFO,07/01/2020,10:11:01,0.8,0.75,71500,0.85,71500,0,300300
NBCC30Jan2033PE.NFO,07/01/2020,10:11:43,0.8,0.75,57200,0.85,71500,0,300300
NBCC30Jan2033PE.NFO,07/01/2020,10:12:34,0.8,0.75,28600,0.85,85800,0,300300
NBCC30Jan2033PE.NFO,07/01/2020,10:13:01,0.8,0.75,57200,0.85,85800,0,300300
NBCC30Jan2033PE.NFO,07/01/2020,10:13:07,0.8,0.7,85800,0.8,28600,0,300300
NBCC30Jan2033PE.NFO,07/01/2020,10:13:43,0.8,0.7,85800,0.8,42900,0,300300
NBCC30Jan2033PE.NFO,07/01/2020,10:14:16,0.8,0.7,85800,0.8,57200,0,300300
NBCC30Jan2033PE.NFO,07/01/2020,10:14:40,0.8,0.7,85800,0.8,71500,0,300300
NBCC30Jan2033PE.NFO,07/01/2020,10:14:50,0.8,0.7,71500,0.8,71500,0,300300
NBCC30Jan2033PE.NFO,07/01/2020,10:15:02,0.8,0.7,85800,0.8,71500,0,300300
NBCC30Jan2033PE.NFO,07/01/2020,10:15:08,0.8,0.7,85800,0.8,57200,0,300300
NBCC30Jan2033PE.NFO,07/01/2020,10:15:18,0.8,0.7,85800,0.8,42900,0,300300
NBCC30Jan2033PE.NFO,07/01/2020,10:15:33,0.8,0.7,85800,0.8,57200,0,300300
NBCC30Jan2033PE.NFO,07/01/2020,10:16:59,0.8,0.7,71500,0.8,57200,0,300300
NBCC30Jan2033PE.NFO,07/01/2020,10:17:26,0.8,0.7,100100,0.8,57200,0,300300
NBCC30Jan2033PE.NFO,07/01/2020,10:17:36,0.8,0.7,100100,0.8,42900,0,300300
NBCC30Jan2033PE.NFO,07/01/2020,10:18:47,0.8,0.7,100100,0.8,28600,0,300300
NBCC30Jan2033PE.NFO,07/01/2020,10:18:53,0.8,0.7,85800,0.8,28600,0,300300
NBCC30Jan2033PE.NFO,07/01/2020,10:20:02,0.8,0.75,42900,0.85,71500,0,300300
NBCC30Jan2033PE.NFO,07/01/2020,10:20:07,0.8,0.7,85800,0.8,28600,0,300300
NBCC30Jan2033PE.NFO,07/01/2020,10:21:43,0.8,0.7,85800,0.8,42900,0,300300
NBCC30Jan2033PE.NFO,07/01/2020,10:23:05,0.8,0.75,14300,0.8,42900,0,300300
NBCC30Jan2033PE.NFO,07/01/2020,10:25:15,0.8,0.75,14300,0.8,57200,0,300300
NBCC30Jan2033PE.NFO,07/01/2020,10:25:19,0.8,0.75,14300,0.8,42900,0,300300
NBCC30Jan2033PE.NFO,07/01/2020,10:30:19,0.8,0.75,14300,0.8,28600,0,300300
NBCC30Jan2033PE.NFO,07/01/2020,10:30:26,0.8,0.75,14300,0.8,42900,0,300300
NBCC30Jan2033PE.NFO,07/01/2020,10:30:48,0.8,0.75,14300,0.8,28600,0,300300
NBCC30Jan2033PE.NFO,07/01/2020,10:32:01,0.8,0.75,14300,0.8,42900,0,300300
NBCC30Jan2033PE.NFO,07/01/2020,10:33:30,0.8,0.75,57200,0.8,14300,0,300300
NBCC30Jan2033PE.NFO,07/01/2020,10:34:47,0.8,0.75,42900,0.8,42900,0,300300
NBCC30Jan2033PE.NFO,07/01/2020,10:35:01,0.8,0.75,57200,0.8,14300,0,300300
NBCC30Jan2033PE.NFO,07/01/2020,10:36:23,0.8,0.75,57200,0.8,28600,0,300300
NBCC30Jan2033PE.NFO,07/01/2020,10:38:19,0.8,0.75,28600,0.8,28600,0,300300
NBCC30Jan2033PE.NFO,07/01/2020,10:38:22,0.8,0.75,57200,0.8,28600,0,300300
NBCC30Jan2033PE.NFO,07/01/2020,10:42:07,0.8,0.75,57200,0.8,71500,0,300300
NBCC30Jan2033PE.NFO,07/01/2020,10:42:44,0.8,0.75,85800,0.8,14300,0,300300
NBCC30Jan2033PE.NFO,07/01/2020,10:42:46,0.8,0.75,71500,0.8,14300,0,300300
NBCC30Jan2033PE.NFO,07/01/2020,10:44:40,0.8,0.75,57200,0.8,42900,0,300300
NBCC30Jan2033PE.NFO,07/01/2020,10:44:43,0.8,0.75,71500,0.8,14300,0,300300
NBCC30Jan2033PE.NFO,07/01/2020,10:45:24,0.8,0.75,57200,0.8,42900,0,300300
NBCC30Jan2033PE.NFO,07/01/2020,10:45:56,0.8,0.75,71500,0.8,14300,0,300300
NBCC30Jan2033PE.NFO,07/01/2020,10:48:36,0.8,0.75,85800,0.8,14300,0,300300
NBCC30Jan2033PE.NFO,07/01/2020,10:48:42,0.8,0.75,71500,0.8,14300,0,300300
NBCC30Jan2033PE.NFO,07/01/2020,10:49:58,0.8,0.75,85800,0.8,14300,0,300300
NBCC30Jan2033PE.NFO,07/01/2020,10:50:04,0.8,0.8,14300,0.85,57200,14300,300300
NBCC30Jan2033PE.NFO,07/01/2020,10:50:09,0.8,0.8,14300,0.85,57200,0,300300
NBCC30Jan2033PE.NFO,07/01/2020,10:51:19,0.8,0.8,42900,0.9,100100,0,300300
NBCC30Jan2033PE.NFO,07/01/2020,10:51:43,0.8,0.8,28600,0.85,28600,0,300300
NBCC30Jan2033PE.NFO,07/01/2020,10:52:39,0.8,0.8,42900,0.85,28600,0,300300
NBCC30Jan2033PE.NFO,07/01/2020,10:53:02,0.8,0.8,57200,0.9,100100,0,300300
NBCC30Jan2033PE.NFO,07/01/2020,10:53:33,0.8,0.85,42900,0.9,42900,0,300300
NBCC30Jan2033PE.NFO,07/01/2020,10:53:44,0.8,0.8,71500,0.9,42900,0,300300
NBCC30Jan2033PE.NFO,07/01/2020,10:54:14,0.8,0.8,71500,0.9,57200,0,300300
NBCC30Jan2033PE.NFO,07/01/2020,10:54:20,0.8,0.8,71500,0.9,42900,0,300300
NBCC30Jan2033PE.NFO,07/01/2020,10:55:59,0.8,0.8,57200,0.9,42900,0,300300
NBCC30Jan2033PE.NFO,07/01/2020,10:56:04,0.8,0.8,71500,0.9,42900,0,300300
NBCC30Jan2033PE.NFO,07/01/2020,10:57:10,0.8,0.8,71500,0.9,57200,0,300300
NBCC30Jan2033PE.NFO,07/01/2020,10:57:17,0.8,0.8,71500,0.9,71500,0,300300
NBCC30Jan2033PE.NFO,07/01/2020,10:57:24,0.8,0.85,42900,0.9,57200,0,300300
NBCC30Jan2033PE.NFO,07/01/2020,10:57:30,0.8,0.8,85800,0.9,57200,0,300300
NBCC30Jan2033PE.NFO,07/01/2020,10:58:57,0.8,0.85,57200,0.9,14300,0,300300
NBCC30Jan2033PE.NFO,07/01/2020,10:59:45,0.8,0.85,57200,0.9,42900,0,300300
NBCC30Jan2033PE.NFO,07/01/2020,11:00:34,0.8,0.85,57200,0.9,28600,0,300300
NBCC30Jan2033PE.NFO,07/01/2020,11:00:54,0.8,0.85,71500,0.95,57200,0,300300
NBCC30Jan2033PE.NFO,07/01/2020,11:01:02,0.8,0.85,71500,0.95,85800,0,300300
NBCC30Jan2033PE.NFO,07/01/2020,11:01:17,0.8,0.85,71500,0.95,57200,0,300300
NBCC30Jan2033PE.NFO,07/01/2020,11:01:39,0.8,0.85,71500,0.95,71500,0,300300
NBCC30Jan2033PE.NFO,07/01/2020,11:02:02,0.8,0.85,71500,0.95,28600,0,300300
NBCC30Jan2033PE.NFO,07/01/2020,11:02:16,0.8,0.85,85800,0.95,28600,0,300300
NBCC30Jan2033PE.NFO,07/01/2020,11:02:30,0.8,0.85,85800,0.95,42900,0,300300
NBCC30Jan2033PE.NFO,07/01/2020,11:02:37,0.8,0.85,85800,0.95,57200,0,300300
NBCC30Jan2033PE.NFO,07/01/2020,11:02:49,0.8,0.85,85800,0.95,42900,0,300300
NBCC30Jan2033PE.NFO,07/01/2020,11:02:56,0.8,0.9,28600,0.95,42900,0,300300
NBCC30Jan2033PE.NFO,07/01/2020,11:04:01,0.8,0.9,28600,0.95,28600,0,300300
NBCC30Jan2033PE.NFO,07/01/2020,11:04:21,0.8,0.9,42900,0.95,42900,0,300300
NBCC30Jan2033PE.NFO,07/01/2020,11:05:28,0.8,0.9,42900,0.95,28600,0,300300
NBCC30Jan2033PE.NFO,07/01/2020,11:05:55,0.8,0.9,42900,0.95,42900,0,300300
NBCC30Jan2033PE.NFO,07/01/2020,11:06:50,0.8,0.85,71500,0.95,57200,0,300300
NBCC30Jan2033PE.NFO,07/01/2020,11:07:48,0.8,0.9,28600,0.95,57200,0,300300
NBCC30Jan2033PE.NFO,07/01/2020,11:10:33,0.8,0.9,57200,0.95,14300,0,300300
NBCC30Jan2033PE.NFO,07/01/2020,11:11:33,0.8,0.9,71500,0.95,14300,0,300300
NBCC30Jan2033PE.NFO,07/01/2020,11:11:41,0.95,0.95,14300,1,42900,14300,286000
NBCC30Jan2033PE.NFO,07/01/2020,11:11:41,0.95,0.95,14300,1,42900,0,286000
NBCC30Jan2033PE.NFO,07/01/2020,11:11:47,0.95,0.9,71500,1,57200,0,286000
NBCC30Jan2033PE.NFO,07/01/2020,11:12:00,0.95,0.95,42900,1,42900,0,286000
NBCC30Jan2033PE.NFO,07/01/2020,11:12:09,0.95,0.95,14300,1,42900,0,286000
NBCC30Jan2033PE.NFO,07/01/2020,11:12:56,0.95,0.95,57200,1,42900,0,286000
NBCC30Jan2033PE.NFO,07/01/2020,11:13:01,0.95,0.95,42900,1,42900,0,286000
NBCC30Jan2033PE.NFO,07/01/2020,11:14:02,0.95,0.95,14300,1,42900,0,286000
NBCC30Jan2033PE.NFO,07/01/2020,11:14:07,0.95,0.9,71500,1,42900,0,286000
NBCC30Jan2033PE.NFO,07/01/2020,11:15:01,0.95,0.95,28600,1,42900,0,286000
NBCC30Jan2033PE.NFO,07/01/2020,11:15:45,0.95,0.95,28600,1,28600,0,286000
NBCC30Jan2033PE.NFO,07/01/2020,11:15:58,0.95,0.95,28600,1,14300,0,286000
NBCC30Jan2033PE.NFO,07/01/2020,11:16:03,0.95,0.95,57200,1.05,28600,0,286000
NBCC30Jan2033PE.NFO,07/01/2020,11:16:09,0.95,0.95,85800,1.05,14300,0,286000
NBCC30Jan2033PE.NFO,07/01/2020,11:16:21,0.95,0.95,100100,1.05,14300,0,286000
NBCC30Jan2033PE.NFO,07/01/2020,11:16:38,0.95,0.95,85800,1.05,14300,0,286000
NBCC30Jan2033PE.NFO,07/01/2020,11:17:43,0.95,0.95,85800,1,14300,0,286000
NBCC30Jan2033PE.NFO,07/01/2020,11:17:54,0.95,0.95,85800,1.05,14300,0,286000
NBCC30Jan2033PE.NFO,07/01/2020,11:17:59,0.95,0.95,85800,1.05,28600,0,286000
NBCC30Jan2033PE.NFO,07/01/2020,11:18:08,0.95,0.95,57200,1.05,28600,0,286000
NBCC30Jan2033PE.NFO,07/01/2020,11:19:22,0.95,0.95,85800,1.05,42900,0,286000
NBCC30Jan2033PE.NFO,07/01/2020,11:19:31,0.95,0.95,57200,1.05,42900,0,286000
NBCC30Jan2033PE.NFO,07/01/2020,11:20:18,0.95,0.95,71500,1.05,42900,0,286000
NBCC30Jan2033PE.NFO,07/01/2020,11:21:50,0.95,0.95,42900,1,14300,0,286000
NBCC30Jan2033PE.NFO,07/01/2020,11:21:55,0.95,0.95,28600,1,14300,0,286000
NBCC30Jan2033PE.NFO,07/01/2020,11:22:08,0.95,0.95,28600,1,28600,0,286000
NBCC30Jan2033PE.NFO,07/01/2020,11:22:16,0.95,0.95,28600,1,42900,0,286000
NBCC30Jan2033PE.NFO,07/01/2020,11:23:23,0.95,0.95,42900,1,42900,0,286000
NBCC30Jan2033PE.NFO,07/01/2020,11:23:47,0.95,0.95,28600,1,42900,0,286000
NBCC30Jan2033PE.NFO,07/01/2020,11:24:09,0.95,0.9,71500,1,42900,0,286000
NBCC30Jan2033PE.NFO,07/01/2020,11:24:14,0.95,0.9,57200,1,42900,0,286000
NBCC30Jan2033PE.NFO,07/01/2020,11:26:14,0.95,0.9,71500,1,42900,0,286000
NBCC30Jan2033PE.NFO,07/01/2020,11:26:27,0.95,0.95,28600,1,42900,0,286000
NBCC30Jan2033PE.NFO,07/01/2020,11:27:57,0.95,0.9,57200,1,42900,0,286000
NBCC30Jan2033PE.NFO,07/01/2020,11:28:18,0.95,0.9,28600,1,42900,0,286000
NBCC30Jan2033PE.NFO,07/01/2020,11:29:05,0.95,0.9,57200,1,42900,0,286000
NBCC30Jan2033PE.NFO,07/01/2020,11:31:51,0.95,0.9,42900,1,42900,0,286000
NBCC30Jan2033PE.NFO,07/01/2020,11:32:09,0.95,0.9,57200,1,42900,0,286000
NBCC30Jan2033PE.NFO,07/01/2020,11:32:24,0.95,0.9,42900,1,42900,0,286000
NBCC30Jan2033PE.NFO,07/01/2020,11:32:34,0.95,0.9,57200,1,42900,0,286000
NBCC30Jan2033PE.NFO,07/01/2020,11:33:30,0.95,0.9,57200,1,28600,0,286000
NBCC30Jan2033PE.NFO,07/01/2020,11:33:33,0.95,0.9,57200,1,42900,0,286000
NBCC30Jan2033PE.NFO,07/01/2020,11:33:50,0.95,0.9,42900,1,42900,0,286000
NBCC30Jan2033PE.NFO,07/01/2020,11:34:01,0.95,0.9,28600,1,42900,0,286000
NBCC30Jan2033PE.NFO,07/01/2020,11:34:07,0.95,0.9,28600,0.95,14300,0,286000
NBCC30Jan2033PE.NFO,07/01/2020,11:34:21,0.95,0.9,28600,1,42900,0,286000
NBCC30Jan2033PE.NFO,07/01/2020,11:34:27,0.95,0.9,28600,0.95,14300,0,286000
NBCC30Jan2033PE.NFO,07/01/2020,11:36:12,0.95,0.9,28600,0.95,28600,0,286000
NBCC30Jan2033PE.NFO,07/01/2020,11:36:22,0.95,0.9,28600,0.95,42900,0,286000
NBCC30Jan2033PE.NFO,07/01/2020,11:36:33,0.95,0.9,28600,0.95,28600,0,286000
NBCC30Jan2033PE.NFO,07/01/2020,11:37:18,0.95,0.9,28600,0.95,14300,0,286000
NBCC30Jan2033PE.NFO,07/01/2020,11:39:27,0.95,0.9,42900,0.95,14300,0,286000
NBCC30Jan2033PE.NFO,07/01/2020,11:39:54,0.95,0.9,71500,1,57200,28600,286000
NBCC30Jan2033PE.NFO,07/01/2020,11:40:02,0.95,0.9,71500,1,57200,0,286000
NBCC30Jan2033PE.NFO,07/01/2020,11:41:02,0.95,0.95,57200,1,28600,0,286000
NBCC30Jan2033PE.NFO,07/01/2020,11:41:06,0.95,0.95,42900,1,14300,0,286000
NBCC30Jan2033PE.NFO,07/01/2020,11:41:19,0.95,0.95,42900,1,28600,0,286000
NBCC30Jan2033PE.NFO,07/01/2020,11:42:14,0.95,0.95,57200,1,28600,0,286000
NBCC30Jan2033PE.NFO,07/01/2020,11:42:32,0.95,0.95,57200,1,42900,0,286000
NBCC30Jan2033PE.NFO,07/01/2020,11:43:31,0.95,0.95,57200,1,28600,0,286000
NBCC30Jan2033PE.NFO,07/01/2020,11:43:35,0.95,0.95,57200,1,42900,0,286000
NBCC30Jan2033PE.NFO,07/01/2020,11:43:46,0.95,0.95,71500,1,42900,0,286000
NBCC30Jan2033PE.NFO,07/01/2020,11:47:04,0.95,0.95,42900,1,42900,0,286000
NBCC30Jan2033PE.NFO,07/01/2020,11:47:07,0.95,0.95,42900,1,28600,0,286000
NBCC30Jan2033PE.NFO,07/01/2020,11:47:15,0.95,0.95,42900,1,42900,0,286000
NBCC30Jan2033PE.NFO,07/01/2020,11:47:31,0.95,0.95,71500,1,28600,0,286000
NBCC30Jan2033PE.NFO,07/01/2020,11:49:20,0.95,0.95,71500,1,14300,0,286000
NBCC30Jan2033PE.NFO,07/01/2020,11:50:04,0.95,0.95,71500,1,28600,0,286000
NBCC30Jan2033PE.NFO,07/01/2020,11:50:18,0.95,0.95,71500,1,14300,0,286000
NBCC30Jan2033PE.NFO,07/01/2020,11:51:33,0.95,0.95,71500,1,42900,0,286000
NBCC30Jan2033PE.NFO,07/01/2020,11:51:38,0.95,0.95,71500,1,14300,0,286000
NBCC30Jan2033PE.NFO,07/01/2020,11:52:15,0.95,0.95,71500,1,28600,0,286000
NBCC30Jan2033PE.NFO,07/01/2020,11:52:19,0.95,0.95,71500,1,14300,0,286000
NBCC30Jan2033PE.NFO,07/01/2020,11:52:22,0.95,0.95,71500,1,28600,0,286000
NBCC30Jan2033PE.NFO,07/01/2020,11:52:27,0.95,0.95,71500,1,14300,0,286000
NBCC30Jan2033PE.NFO,07/01/2020,11:52:56,0.95,0.9,71500,1,57200,0,286000
NBCC30Jan2033PE.NFO,07/01/2020,11:53:01,0.95,0.95,71500,1,14300,0,286000
NBCC30Jan2033PE.NFO,07/01/2020,11:55:06,1,1,57200,1.05,28600,14300,257400
NBCC30Jan2033PE.NFO,07/01/2020,11:55:06,1,1,57200,1.05,28600,0,257400
NBCC30Jan2033PE.NFO,07/01/2020,11:55:09,1,1,57200,1.05,28600,0,257400
NBCC30Jan2033PE.NFO,07/01/2020,11:55:19,1,0.95,71500,1.05,28600,0,257400
NBCC30Jan2033PE.NFO,07/01/2020,11:55:33,1,0.95,85800,1.05,28600,0,257400
NBCC30Jan2033PE.NFO,07/01/2020,11:55:38,1,0.95,85800,1,14300,0,257400
NBCC30Jan2033PE.NFO,07/01/2020,11:55:42,1,1,57200,1.05,28600,14300,257400
NBCC30Jan2033PE.NFO,07/01/2020,11:55:45,1,1,14300,1.05,28600,0,257400
NBCC30Jan2033PE.NFO,07/01/2020,11:56:17,1,0.95,100100,1.05,28600,0,257400
NBCC30Jan2033PE.NFO,07/01/2020,11:56:20,1,1,14300,1.05,42900,0,257400
NBCC30Jan2033PE.NFO,07/01/2020,11:56:22,1,0.95,100100,1.05,42900,0,257400
NBCC30Jan2033PE.NFO,07/01/2020,11:56:26,1,1,14300,1.05,42900,0,257400
NBCC30Jan2033PE.NFO,07/01/2020,11:57:07,1,0.95,100100,1.05,42900,0,257400
NBCC30Jan2033PE.NFO,07/01/2020,11:57:43,1,1,14300,1.05,42900,0,257400
NBCC30Jan2033PE.NFO,07/01/2020,11:58:42,1,0.95,100100,1.05,42900,0,257400
NBCC30Jan2033PE.NFO,07/01/2020,11:59:21,1,1,14300,1.05,42900,0,257400
NBCC30Jan2033PE.NFO,07/01/2020,12:00:13,1,0.95,85800,1.05,42900,0,257400
NBCC30Jan2033PE.NFO,07/01/2020,12:00:42,1,0.95,85800,1.05,57200,0,257400
NBCC30Jan2033PE.NFO,07/01/2020,12:02:40,1,0.95,28600,1,42900,0,257400
NBCC30Jan2033PE.NFO,07/01/2020,12:02:58,1,0.9,71500,1,57200,0,257400
NBCC30Jan2033PE.NFO,07/01/2020,12:03:03,1,0.95,42900,1,28600,0,257400
NBCC30Jan2033PE.NFO,07/01/2020,12:03:09,1,0.95,57200,1,28600,0,257400
NBCC30Jan2033PE.NFO,07/01/2020,12:06:22,1,0.95,57200,1,42900,0,257400
NBCC30Jan2033PE.NFO,07/01/2020,12:06:41,1,0.95,42900,1,42900,0,257400
NBCC30Jan2033PE.NFO,07/01/2020,12:07:05,1,0.95,28600,1,28600,0,257400
NBCC30Jan2033PE.NFO,07/01/2020,12:07:12,1,0.95,57200,1.05,57200,0,257400
NBCC30Jan2033PE.NFO,07/01/2020,12:08:02,1,0.95,28600,1,28600,0,257400
NBCC30Jan2033PE.NFO,07/01/2020,12:08:05,1,0.95,28600,1,14300,0,257400
NBCC30Jan2033PE.NFO,07/01/2020,12:08:09,1,0.95,42900,1,14300,0,257400
NBCC30Jan2033PE.NFO,07/01/2020,12:08:25,1,0.95,14300,1,28600,0,257400
NBCC30Jan2033PE.NFO,07/01/2020,12:10:42,1,0.95,57200,1,14300,0,257400
NBCC30Jan2033PE.NFO,07/01/2020,12:13:27,1,0.95,14300,1,42900,0,257400
NBCC30Jan2033PE.NFO,07/01/2020,12:13:41,1,0.95,14300,1,28600,0,257400
NBCC30Jan2033PE.NFO,07/01/2020,12:16:13,1,0.95,14300,1,42900,0,257400
NBCC30Jan2033PE.NFO,07/01/2020,12:16:26,1,0.95,57200,1,14300,0,257400
NBCC30Jan2033PE.NFO,07/01/2020,12:19:39,1,0.95,14300,1,42900,0,257400
NBCC30Jan2033PE.NFO,07/01/2020,12:19:54,1,0.95,14300,1,28600,0,257400
NBCC30Jan2033PE.NFO,07/01/2020,12:21:12,1,0.95,14300,1,42900,0,257400
NBCC30Jan2033PE.NFO,07/01/2020,12:22:51,1,0.95,14300,1,28600,0,257400
NBCC30Jan2033PE.NFO,07/01/2020,12:24:18,1,0.95,42900,1,28600,0,257400
NBCC30Jan2033PE.NFO,07/01/2020,12:28:07,1,0.95,42900,1,14300,0,257400
NBCC30Jan2033PE.NFO,07/01/2020,12:28:56,1,0.95,85800,1.05,57200,0,257400
NBCC30Jan2033PE.NFO,07/01/2020,12:29:09,1,1,14300,1.05,57200,0,257400
NBCC30Jan2033PE.NFO,07/01/2020,12:30:36,1,1,14300,1.05,42900,0,257400
NBCC30Jan2033PE.NFO,07/01/2020,12:30:40,1,0.95,71500,1.05,42900,0,257400
NBCC30Jan2033PE.NFO,07/01/2020,12:30:50,1,0.95,85800,1.05,57200,0,257400
NBCC30Jan2033PE.NFO,07/01/2020,12:30:56,1,0.95,71500,1.05,42900,0,257400
NBCC30Jan2033PE.NFO,07/01/2020,12:31:01,1,0.95,85800,1.05,57200,0,257400
NBCC30Jan2033PE.NFO,07/01/2020,12:31:06,1,0.95,71500,1.05,42900,0,257400
NBCC30Jan2033PE.NFO,07/01/2020,12:31:10,1,0.95,85800,1.05,57200,0,257400
NBCC30Jan2033PE.NFO,07/01/2020,12:31:46,1,0.95,71500,1.05,42900,0,257400
NBCC30Jan2033PE.NFO,07/01/2020,12:31:50,1,0.95,85800,1.05,57200,0,257400
NBCC30Jan2033PE.NFO,07/01/2020,12:31:53,1,0.95,71500,1.05,42900,0,257400
NBCC30Jan2033PE.NFO,07/01/2020,12:32:02,1,1,14300,1.05,42900,0,257400
NBCC30Jan2033PE.NFO,07/01/2020,12:32:11,1,1,14300,1.05,57200,0,257400
NBCC30Jan2033PE.NFO,07/01/2020,12:32:14,1,0.95,85800,1.05,57200,0,257400
NBCC30Jan2033PE.NFO,07/01/2020,12:32:17,1,0.95,71500,1.05,42900,0,257400
NBCC30Jan2033PE.NFO,07/01/2020,12:32:25,1,0.95,85800,1.05,57200,0,257400
NBCC30Jan2033PE.NFO,07/01/2020,12:32:34,1,1,14300,1.05,57200,0,257400
NBCC30Jan2033PE.NFO,07/01/2020,12:34:12,1,0.95,85800,1.05,57200,0,257400
NBCC30Jan2033PE.NFO,07/01/2020,12:37:52,1,0.95,85800,1.05,71500,0,257400
NBCC30Jan2033PE.NFO,07/01/2020,12:39:20,1,0.95,85800,1,14300,0,257400
NBCC30Jan2033PE.NFO,07/01/2020,12:39:38,1,0.95,85800,1.05,71500,0,257400
NBCC30Jan2033PE.NFO,07/01/2020,12:41:31,1,0.95,71500,1,14300,0,257400
NBCC30Jan2033PE.NFO,07/01/2020,12:42:48,1,0.95,71500,1.05,71500,0,257400
NBCC30Jan2033PE.NFO,07/01/2020,12:43:38,1,0.95,71500,1.05,85800,0,257400
NBCC30Jan2033PE.NFO,07/01/2020,12:43:47,1,0.95,71500,1,14300,0,257400
NBCC30Jan2033PE.NFO,07/01/2020,12:44:30,1,0.95,57200,1,14300,0,257400
NBCC30Jan2033PE.NFO,07/01/2020,12:44:38,1,0.95,57200,1,28600,0,257400
NBCC30Jan2033PE.NFO,07/01/2020,12:44:47,1,0.95,28600,1,28600,0,257400
NBCC30Jan2033PE.NFO,07/01/2020,12:45:29,1,0.95,28600,1,42900,0,257400
NBCC30Jan2033PE.NFO,07/01/2020,12:46:02,1,0.95,28600,1,57200,0,257400
NBCC30Jan2033PE.NFO,07/01/2020,12:47:44,1,0.95,28600,1,42900,0,257400
NBCC30Jan2033PE.NFO,07/01/2020,12:47:47,1,0.95,28600,1,57200,0,257400
NBCC30Jan2033PE.NFO,07/01/2020,12:47:51,1,0.95,28600,1,71500,0,257400
NBCC30Jan2033PE.NFO,07/01/2020,12:48:07,1,0.95,14300,1,71500,0,257400
NBCC30Jan2033PE.NFO,07/01/2020,12:49:13,1,0.95,28600,1,71500,0,257400
NBCC30Jan2033PE.NFO,07/01/2020,12:49:22,1,0.95,14300,1,71500,0,257400
NBCC30Jan2033PE.NFO,07/01/2020,12:49:39,1,0.9,85800,1,71500,0,257400
NBCC30Jan2033PE.NFO,07/01/2020,12:50:34,1,0.95,14300,1,71500,0,257400
NBCC30Jan2033PE.NFO,07/01/2020,12:51:09,1,0.9,85800,1,71500,0,257400
NBCC30Jan2033PE.NFO,07/01/2020,12:51:55,1,0.95,14300,1,71500,0,257400
NBCC30Jan2033PE.NFO,07/01/2020,12:52:13,1,0.9,85800,1,71500,0,257400
NBCC30Jan2033PE.NFO,07/01/2020,12:52:19,1,0.9,85800,1,85800,0,257400
NBCC30Jan2033PE.NFO,07/01/2020,12:52:27,1,0.95,14300,1,71500,0,257400
NBCC30Jan2033PE.NFO,07/01/2020,12:57:43,1,0.95,71500,1.05,71500,14300,257400
NBCC30Jan2033PE.NFO,07/01/2020,12:57:49,1,0.95,71500,1.05,57200,0,257400
NBCC30Jan2033PE.NFO,07/01/2020,13:00:33,1,0.95,71500,1.05,71500,0,257400
NBCC30Jan2033PE.NFO,07/01/2020,13:01:19,1,1,57200,1.05,14300,0,257400
NBCC30Jan2033PE.NFO,07/01/2020,13:01:51,1,1,71500,1.05,14300,0,257400
NBCC30Jan2033PE.NFO,07/01/2020,13:02:23,1,1,42900,1.05,14300,0,257400
NBCC30Jan2033PE.NFO,07/01/2020,13:02:33,1,1,57200,1.05,14300,0,257400
NBCC30Jan2033PE.NFO,07/01/2020,13:02:49,1,1,71500,1.05,14300,0,257400
NBCC30Jan2033PE.NFO,07/01/2020,13:03:15,1,1,42900,1.05,14300,0,257400
NBCC30Jan2033PE.NFO,07/01/2020,13:03:20,1,1,71500,1.05,14300,0,257400
NBCC30Jan2033PE.NFO,07/01/2020,13:04:03,1,1,57200,1.05,14300,0,257400
NBCC30Jan2033PE.NFO,07/01/2020,13:08:00,1.05,1,42900,1.1,42900,14300,257400
NBCC30Jan2033PE.NFO,07/01/2020,13:08:00,1.05,1,42900,1.1,42900,0,257400
NBCC30Jan2033PE.NFO,07/01/2020,13:08:08,1.05,1,42900,1.1,42900,0,257400
NBCC30Jan2033PE.NFO,07/01/2020,13:08:16,1.05,1,28600,1.1,42900,0,257400
NBCC30Jan2033PE.NFO,07/01/2020,13:08:23,1.05,1,42900,1.1,42900,0,257400
NBCC30Jan2033PE.NFO,07/01/2020,13:08:31,1.05,1,57200,1.1,14300,0,257400
NBCC30Jan2033PE.NFO,07/01/2020,13:09:33,1.05,1,71500,1.1,14300,0,257400
NBCC30Jan2033PE.NFO,07/01/2020,13:10:12,1.05,1.05,57200,1.1,14300,0,257400
NBCC30Jan2033PE.NFO,07/01/2020,13:11:21,1.05,1.05,57200,1.1,42900,0,257400
NBCC30Jan2033PE.NFO,07/01/2020,13:11:38,1.05,1,85800,1.1,42900,0,257400
NBCC30Jan2033PE.NFO,07/01/2020,13:11:43,1.05,1,42900,1.1,57200,0,257400
NBCC30Jan2033PE.NFO,07/01/2020,13:12:49,1.05,1,42900,1.1,42900,0,257400
NBCC30Jan2033PE.NFO,07/01/2020,13:13:18,1.05,1,42900,1.1,57200,0,257400
NBCC30Jan2033PE.NFO,07/01/2020,13:15:07,1.05,1,71500,1.1,42900,0,257400
NBCC30Jan2033PE.NFO,07/01/2020,13:15:59,1.05,1,42900,1.1,42900,0,257400
NBCC30Jan2033PE.NFO,07/01/2020,13:16:24,1.05,1,42900,1.1,57200,0,257400
NBCC30Jan2033PE.NFO,07/01/2020,13:17:00,1.05,1,42900,1.1,42900,0,257400
NBCC30Jan2033PE.NFO,07/01/2020,13:17:12,1.05,1,42900,1.1,57200,0,257400
NBCC30Jan2033PE.NFO,07/01/2020,13:17:16,1.05,1,42900,1.1,42900,0,257400
NBCC30Jan2033PE.NFO,07/01/2020,13:18:49,1.05,1,42900,1.1,57200,0,257400
NBCC30Jan2033PE.NFO,07/01/2020,13:19:12,1.05,1,42900,1.1,42900,0,257400
NBCC30Jan2033PE.NFO,07/01/2020,13:20:10,1.05,1,57200,1.1,42900,0,257400
NBCC30Jan2033PE.NFO,07/01/2020,13:20:41,1.05,1,42900,1.1,42900,0,257400
NBCC30Jan2033PE.NFO,07/01/2020,13:21:00,1.05,1,42900,1.1,71500,0,257400
NBCC30Jan2033PE.NFO,07/01/2020,13:21:07,1.05,1,42900,1.1,42900,0,257400
NBCC30Jan2033PE.NFO,07/01/2020,13:21:28,1.05,1,42900,1.1,28600,0,257400
NBCC30Jan2033PE.NFO,07/01/2020,13:22:13,1.05,1.05,28600,1.1,28600,0,257400
NBCC30Jan2033PE.NFO,07/01/2020,13:22:43,1.05,1.05,42900,1.1,28600,0,257400
NBCC30Jan2033PE.NFO,07/01/2020,13:22:58,1.05,1.05,42900,1.1,14300,0,257400
NBCC30Jan2033PE.NFO,07/01/2020,13:23:03,1.1,1.1,28600,1.2,42900,14300,257400
NBCC30Jan2033PE.NFO,07/01/2020,13:23:03,1.1,1.1,28600,1.2,42900,0,257400
NBCC30Jan2033PE.NFO,07/01/2020,13:23:09,1.1,1.05,85800,1.2,42900,0,257400
NBCC30Jan2033PE.NFO,07/01/2020,13:23:25,1.1,1.1,42900,1.2,42900,0,257400
NBCC30Jan2033PE.NFO,07/01/2020,13:23:30,1.1,1.05,85800,1.2,42900,0,257400
NBCC30Jan2033PE.NFO,07/01/2020,13:24:06,1.1,1.1,42900,1.2,42900,0,257400
NBCC30Jan2033PE.NFO,07/01/2020,13:24:38,1.1,1.05,71500,1.15,28600,0,257400
NBCC30Jan2033PE.NFO,07/01/2020,13:24:59,1.1,1.05,85800,1.15,28600,0,257400
NBCC30Jan2033PE.NFO,07/01/2020,13:25:04,1.1,1.05,57200,1.15,42900,0,257400
NBCC30Jan2033PE.NFO,07/01/2020,13:26:16,1.1,1.05,42900,1.1,14300,0,257400
NBCC30Jan2033PE.NFO,07/01/2020,13:26:21,1.1,1.05,57200,1.15,42900,0,257400
NBCC30Jan2033PE.NFO,07/01/2020,13:27:07,1.1,1.05,42900,1.1,14300,0,257400
NBCC30Jan2033PE.NFO,07/01/2020,13:27:23,1.1,1.05,57200,1.15,42900,0,257400
NBCC30Jan2033PE.NFO,07/01/2020,13:27:58,1.1,1.05,57200,1.15,28600,0,257400
NBCC30Jan2033PE.NFO,07/01/2020,13:28:04,1.1,1.05,57200,1.15,42900,0,257400
NBCC30Jan2033PE.NFO,07/01/2020,13:28:42,1.1,1.05,57200,1.15,28600,0,257400
NBCC30Jan2033PE.NFO,07/01/2020,13:28:49,1.1,1.05,57200,1.15,42900,0,257400
NBCC30Jan2033PE.NFO,07/01/2020,13:29:37,1.1,1.1,57200,1.2,42900,0,257400
NBCC30Jan2033PE.NFO,07/01/2020,13:29:44,1.1,1.1,42900,1.2,42900,0,257400
NBCC30Jan2033PE.NFO,07/01/2020,13:29:50,1.1,1.1,57200,1.2,42900,0,257400
NBCC30Jan2033PE.NFO,07/01/2020,13:29:57,1.1,1.1,42900,1.15,28600,0,257400
NBCC30Jan2033PE.NFO,07/01/2020,13:30:04,1.1,1.1,57200,1.2,42900,0,257400
NBCC30Jan2033PE.NFO,07/01/2020,13:30:28,1.1,1.15,28600,1.2,28600,0,257400
NBCC30Jan2033PE.NFO,07/01/2020,13:30:43,1.1,1.15,28600,1.2,14300,0,257400
NBCC30Jan2033PE.NFO,07/01/2020,13:30:50,1.1,1.15,28600,1.2,28600,0,257400
NBCC30Jan2033PE.NFO,07/01/2020,13:31:12,1.1,1.15,28600,1.2,14300,0,257400
NBCC30Jan2033PE.NFO,07/01/2020,13:31:19,1.1,1.15,42900,1.2,14300,0,257400
NBCC30Jan2033PE.NFO,07/01/2020,13:31:32,1.1,1.15,42900,1.25,28600,0,257400
NBCC30Jan2033PE.NFO,07/01/2020,13:31:40,1.1,1.15,42900,1.2,14300,0,257400
NBCC30Jan2033PE.NFO,07/01/2020,13:35:25,1.1,1.1,28600,1.2,28600,0,257400
NBCC30Jan2033PE.NFO,07/01/2020,13:35:49,1.1,1.1,28600,1.2,42900,0,257400
NBCC30Jan2033PE.NFO,07/01/2020,13:36:12,1.1,1.05,71500,1.15,14300,0,257400
NBCC30Jan2033PE.NFO,07/01/2020,13:37:07,1.1,1.05,28600,1.15,42900,0,257400
NBCC30Jan2033PE.NFO,07/01/2020,13:37:21,1.1,1.05,42900,1.15,42900,0,257400
NBCC30Jan2033PE.NFO,07/01/2020,13:37:46,1.1,1.05,71500,1.15,42900,0,257400
NBCC30Jan2033PE.NFO,07/01/2020,13:41:17,1.1,1.05,42900,1.15,42900,0,257400
NBCC30Jan2033PE.NFO,07/01/2020,13:43:02,1.1,1.05,42900,1.1,14300,0,257400
NBCC30Jan2033PE.NFO,07/01/2020,13:43:45,1.1,1.05,71500,1.1,14300,0,257400
NBCC30Jan2033PE.NFO,07/01/2020,13:43:49,1.1,1.05,71500,1.15,42900,0,257400
NBCC30Jan2033PE.NFO,07/01/2020,13:44:38,1.1,1.05,57200,1.1,14300,0,257400
NBCC30Jan2033PE.NFO,07/01/2020,13:44:41,1.1,1.05,57200,1.1,28600,0,257400
NBCC30Jan2033PE.NFO,07/01/2020,13:44:53,1.1,1.05,57200,1.1,14300,0,257400
NBCC30Jan2033PE.NFO,07/01/2020,13:45:02,1.1,1.05,71500,1.15,42900,0,257400
NBCC30Jan2033PE.NFO,07/01/2020,13:45:21,1.1,1.05,57200,1.1,14300,0,257400
NBCC30Jan2033PE.NFO,07/01/2020,13:46:42,1.1,1.05,14300,1.1,42900,0,257400
NBCC30Jan2033PE.NFO,07/01/2020,13:47:07,1.05,1,85800,1.1,28600,14300,257400
NBCC30Jan2033PE.NFO,07/01/2020,13:47:35,1.05,1,85800,1.1,28600,0,257400
NBCC30Jan2033PE.NFO,07/01/2020,13:48:10,1.05,1,57200,1.1,28600,0,257400
NBCC30Jan2033PE.NFO,07/01/2020,13:48:21,1.05,1,57200,1.05,14300,0,257400
NBCC30Jan2033PE.NFO,07/01/2020,13:48:26,1.05,1,57200,1.1,28600,0,257400
NBCC30Jan2033PE.NFO,07/01/2020,13:48:32,1.05,1,57200,1.05,14300,0,257400
NBCC30Jan2033PE.NFO,07/01/2020,13:49:07,1.05,1,42900,1.05,14300,0,257400
NBCC30Jan2033PE.NFO,07/01/2020,13:49:25,1.05,1,71500,1.1,28600,0,257400
NBCC30Jan2033PE.NFO,07/01/2020,13:49:32,1.05,1,42900,1.05,14300,0,257400
NBCC30Jan2033PE.NFO,07/01/2020,13:49:56,1.05,1,42900,1.1,28600,0,257400
NBCC30Jan2033PE.NFO,07/01/2020,13:50:03,1.05,1,42900,1.05,14300,0,257400
NBCC30Jan2033PE.NFO,07/01/2020,13:50:15,1.05,0.95,85800,1.05,28600,0,257400
NBCC30Jan2033PE.NFO,07/01/2020,13:50:23,1.05,1,28600,1.05,14300,0,257400
NBCC30Jan2033PE.NFO,07/01/2020,13:50:29,1.05,0.95,85800,1.05,28600,0,257400
NBCC30Jan2033PE.NFO,07/01/2020,13:50:36,1.05,1,28600,1.05,14300,0,257400
NBCC30Jan2033PE.NFO,07/01/2020,13:50:44,1.05,0.95,85800,1.05,28600,0,257400
NBCC30Jan2033PE.NFO,07/01/2020,13:51:01,1.05,1,28600,1.05,14300,0,257400
NBCC30Jan2033PE.NFO,07/01/2020,13:51:13,1.05,1,42900,1.05,14300,0,257400
NBCC30Jan2033PE.NFO,07/01/2020,13:52:00,1.05,1,28600,1.1,14300,0,257400
NBCC30Jan2033PE.NFO,07/01/2020,13:52:05,1.05,1,57200,1.1,14300,0,257400
NBCC30Jan2033PE.NFO,07/01/2020,13:52:21,1.05,1,42900,1.05,14300,0,257400
NBCC30Jan2033PE.NFO,07/01/2020,13:52:25,1.05,1,57200,1.1,14300,0,257400
NBCC30Jan2033PE.NFO,07/01/2020,13:52:30,1.05,1,42900,1.05,14300,0,257400
NBCC30Jan2033PE.NFO,07/01/2020,13:52:35,1.05,1,57200,1.1,14300,0,257400
NBCC30Jan2033PE.NFO,07/01/2020,13:52:42,1.05,1,57200,1.1,42900,0,257400
NBCC30Jan2033PE.NFO,07/01/2020,13:52:58,1.05,1,42900,1.05,14300,0,257400
NBCC30Jan2033PE.NFO,07/01/2020,13:53:07,1.05,1,71500,1.1,28600,0,257400
NBCC30Jan2033PE.NFO,07/01/2020,13:55:14,1.05,1,28600,1.1,28600,0,257400
NBCC30Jan2033PE.NFO,07/01/2020,13:55:20,1.05,1,71500,1.1,42900,0,257400
NBCC30Jan2033PE.NFO,07/01/2020,13:55:26,1.05,1,71500,1.1,28600,0,257400
NBCC30Jan2033PE.NFO,07/01/2020,13:56:02,1.05,1,71500,1.1,14300,0,257400
NBCC30Jan2033PE.NFO,07/01/2020,13:58:26,1.05,1.05,57200,1.15,42900,0,257400
NBCC30Jan2033PE.NFO,07/01/2020,13:59:51,1.05,1.05,42900,1.1,14300,0,257400
NBCC30Jan2033PE.NFO,07/01/2020,14:00:46,1.05,1,85800,1.1,14300,0,257400
NBCC30Jan2033PE.NFO,07/01/2020,14:01:16,1.05,1,85800,1.1,28600,0,257400
NBCC30Jan2033PE.NFO,07/01/2020,14:03:43,1.05,1,14300,1.05,28600,0,257400
NBCC30Jan2033PE.NFO,07/01/2020,14:04:18,1.05,1,28600,1.05,28600,0,257400
NBCC30Jan2033PE.NFO,07/01/2020,14:04:24,1.05,0.95,57200,1.05,28600,0,257400
NBCC30Jan2033PE.NFO,07/01/2020,14:04:31,1.05,0.95,57200,1.05,14300,0,257400
NBCC30Jan2033PE.NFO,07/01/2020,14:04:44,1.05,1,28600,1.1,14300,0,257400
NBCC30Jan2033PE.NFO,07/01/2020,14:05:35,1.05,1,28600,1.05,14300,0,257400
NBCC30Jan2033PE.NFO,07/01/2020,14:05:44,1.05,1,42900,1.1,28600,0,257400
NBCC30Jan2033PE.NFO,07/01/2020,14:07:29,1.05,1,57200,1.1,28600,0,257400
NBCC30Jan2033PE.NFO,07/01/2020,14:07:36,1.05,1,42900,1.1,28600,0,257400
NBCC30Jan2033PE.NFO,07/01/2020,14:07:50,1.05,1,57200,1.1,28600,0,257400
NBCC30Jan2033PE.NFO,07/01/2020,14:08:28,1.05,1,42900,1.1,28600,0,257400
NBCC30Jan2033PE.NFO,07/01/2020,14:09:36,1.05,1,57200,1.1,28600,0,257400
NBCC30Jan2033PE.NFO,07/01/2020,14:09:51,1.05,1,42900,1.1,28600,0,257400
NBCC30Jan2033PE.NFO,07/01/2020,14:09:59,1.05,1,28600,1.05,28600,0,257400
NBCC30Jan2033PE.NFO,07/01/2020,14:10:15,1.05,1,28600,1.05,14300,0,257400
NBCC30Jan2033PE.NFO,07/01/2020,14:10:20,1.05,1,28600,1.05,28600,0,257400
NBCC30Jan2033PE.NFO,07/01/2020,14:10:26,1.05,1,28600,1.05,14300,0,257400
NBCC30Jan2033PE.NFO,07/01/2020,14:10:31,1.05,1,42900,1.1,28600,0,257400
NBCC30Jan2033PE.NFO,07/01/2020,14:12:06,1.05,1,28600,1.05,14300,0,257400
NBCC30Jan2033PE.NFO,07/01/2020,14:12:27,1.05,1,28600,1.1,28600,0,257400
NBCC30Jan2033PE.NFO,07/01/2020,14:13:07,1.05,1,28600,1.05,14300,0,257400
NBCC30Jan2033PE.NFO,07/01/2020,14:13:21,1.05,1,28600,1.1,28600,0,257400
NBCC30Jan2033PE.NFO,07/01/2020,14:13:25,1.05,1,28600,1.05,14300,0,257400
NBCC30Jan2033PE.NFO,07/01/2020,14:13:31,1.05,0.95,57200,1.05,28600,0,257400
NBCC30Jan2033PE.NFO,07/01/2020,14:13:39,1.05,1,28600,1.05,28600,0,257400
NBCC30Jan2033PE.NFO,07/01/2020,14:13:46,1.05,0.95,57200,1.05,28600,0,257400
NBCC30Jan2033PE.NFO,07/01/2020,14:15:29,1.05,0.95,100100,1.05,42900,0,257400
NBCC30Jan2033PE.NFO,07/01/2020,14:15:42,1.05,0.95,100100,1.05,28600,0,257400
NBCC30Jan2033PE.NFO,07/01/2020,14:17:26,1.05,1,42900,1.05,28600,0,257400
NBCC30Jan2033PE.NFO,07/01/2020,14:18:26,1.05,1,14300,1.05,42900,0,257400
NBCC30Jan2033PE.NFO,07/01/2020,14:18:31,1.05,0.95,85800,1.05,28600,0,257400
NBCC30Jan2033PE.NFO,07/01/2020,14:18:47,1.05,0.95,85800,1.05,42900,0,257400
NBCC30Jan2033PE.NFO,07/01/2020,14:20:16,1.05,0.95,85800,1.05,71500,0,257400
NBCC30Jan2033PE.NFO,07/01/2020,14:20:24,1.05,0.95,85800,1.05,57200,0,257400
NBCC30Jan2033PE.NFO,07/01/2020,14:22:34,1.05,0.95,85800,1.05,42900,0,257400
NBCC30Jan2033PE.NFO,07/01/2020,14:23:22,1.05,1,42900,1.05,42900,0,257400
NBCC30Jan2033PE.NFO,07/01/2020,14:24:11,1.05,1,57200,1.1,42900,0,257400
NBCC30Jan2033PE.NFO,07/01/2020,14:24:19,1.05,1,57200,1.05,14300,0,257400
NBCC30Jan2033PE.NFO,07/01/2020,14:24:26,1.05,1,57200,1.1,42900,0,257400
NBCC30Jan2033PE.NFO,07/01/2020,14:25:44,1.05,1,57200,1.1,28600,0,257400
NBCC30Jan2033PE.NFO,07/01/2020,14:27:30,1.05,1,57200,1.05,14300,0,257400
NBCC30Jan2033PE.NFO,07/01/2020,14:27:52,1.05,1,57200,1.1,28600,0,257400
NBCC30Jan2033PE.NFO,07/01/2020,14:28:29,1.05,1,57200,1.1,14300,0,257400
NBCC30Jan2033PE.NFO,07/01/2020,14:29:14,1.05,1,57200,1.1,28600,0,257400
NBCC30Jan2033PE.NFO,07/01/2020,14:30:53,1.05,1,42900,1.1,28600,0,257400
NBCC30Jan2033PE.NFO,07/01/2020,14:31:02,1.05,1,57200,1.1,42900,0,257400
NBCC30Jan2033PE.NFO,07/01/2020,14:31:10,1.05,1,14300,1.05,14300,0,257400
NBCC30Jan2033PE.NFO,07/01/2020,14:31:18,1.05,1,14300,1.05,28600,0,257400
NBCC30Jan2033PE.NFO,07/01/2020,14:31:43,1.05,0.95,85800,1.05,71500,0,257400
NBCC30Jan2033PE.NFO,07/01/2020,14:31:51,1.05,0.95,85800,1.05,100100,0,257400
NBCC30Jan2033PE.NFO,07/01/2020,14:31:57,1.05,0.95,57200,1.05,100100,0,257400
NBCC30Jan2033PE.NFO,07/01/2020,14:32:28,1.05,0.95,57200,1.05,71500,0,257400
NBCC30Jan2033PE.NFO,07/01/2020,14:32:50,1.05,0.95,57200,1.05,85800,0,257400
NBCC30Jan2033PE.NFO,07/01/2020,14:33:11,1.05,0.95,14300,1,57200,0,257400
NBCC30Jan2033PE.NFO,07/01/2020,14:33:19,1.05,0.95,28600,1,57200,0,257400
NBCC30Jan2033PE.NFO,07/01/2020,14:33:40,1.05,0.95,14300,1,57200,0,257400
NBCC30Jan2033PE.NFO,07/01/2020,14:35:18,1.05,0.95,28600,1,57200,0,257400
NBCC30Jan2033PE.NFO,07/01/2020,14:35:24,1.05,0.95,28600,1,42900,0,257400
NBCC30Jan2033PE.NFO,07/01/2020,14:35:36,1.05,0.95,28600,1,28600,0,257400
NBCC30Jan2033PE.NFO,07/01/2020,14:36:07,1.05,0.95,28600,1,42900,0,257400
NBCC30Jan2033PE.NFO,07/01/2020,14:36:12,1.05,0.95,28600,1,28600,0,257400
NBCC30Jan2033PE.NFO,07/01/2020,14:36:18,1.05,0.95,28600,1,42900,0,257400
NBCC30Jan2033PE.NFO,07/01/2020,14:36:30,1.05,0.95,28600,1,28600,0,257400
NBCC30Jan2033PE.NFO,07/01/2020,14:37:12,1.05,0.95,28600,1,42900,0,257400
NBCC30Jan2033PE.NFO,07/01/2020,14:37:27,1.05,0.95,14300,1,42900,0,257400
NBCC30Jan2033PE.NFO,07/01/2020,14:37:41,1.05,0.95,28600,1,42900,0,257400
NBCC30Jan2033PE.NFO,07/01/2020,14:38:18,1.05,0.95,28600,1,28600,0,257400
NBCC30Jan2033PE.NFO,07/01/2020,14:38:59,1.05,0.95,28600,1,42900,0,257400
NBCC30Jan2033PE.NFO,07/01/2020,14:39:31,1.05,0.95,28600,1,28600,0,257400
NBCC30Jan2033PE.NFO,07/01/2020,14:39:58,1.05,0.95,42900,1,28600,0,257400
NBCC30Jan2033PE.NFO,07/01/2020,14:40:13,1.05,0.95,57200,1,28600,0,257400
NBCC30Jan2033PE.NFO,07/01/2020,14:40:22,1.05,0.95,57200,1.05,85800,0,257400
NBCC30Jan2033PE.NFO,07/01/2020,14:42:19,1.05,0.95,57200,1.05,71500,0,257400
NBCC30Jan2033PE.NFO,07/01/2020,14:42:22,1.05,0.95,71500,1.05,71500,0,257400
NBCC30Jan2033PE.NFO,07/01/2020,14:42:38,1.05,0.95,71500,1.05,85800,0,257400
NBCC30Jan2033PE.NFO,07/01/2020,14:43:27,1.05,0.95,71500,1.05,71500,0,257400
NBCC30Jan2033PE.NFO,07/01/2020,14:43:43,1.05,0.95,71500,1.05,42900,0,257400
NBCC30Jan2033PE.NFO,07/01/2020,14:45:11,1.05,0.95,71500,1.05,14300,0,257400
NBCC30Jan2033PE.NFO,07/01/2020,14:45:20,1.05,1,57200,1.05,14300,0,257400
NBCC30Jan2033PE.NFO,07/01/2020,14:45:59,1.05,1,71500,1.1,42900,0,257400
NBCC30Jan2033PE.NFO,07/01/2020,14:46:06,1.05,1,71500,1.1,28600,0,257400
NBCC30Jan2033PE.NFO,07/01/2020,14:53:22,1.05,1,57200,1.05,14300,0,257400
NBCC30Jan2033PE.NFO,07/01/2020,14:53:49,1.05,1,14300,1.05,28600,0,257400
NBCC30Jan2033PE.NFO,07/01/2020,14:53:55,1.05,0.95,85800,1.05,28600,0,257400
NBCC30Jan2033PE.NFO,07/01/2020,14:54:27,1.05,1,42900,1.05,14300,0,257400
NBCC30Jan2033PE.NFO,07/01/2020,14:55:33,1.05,1,57200,1.05,14300,0,257400
NBCC30Jan2033PE.NFO,07/01/2020,14:56:50,1.05,1,42900,1.05,14300,0,257400
NBCC30Jan2033PE.NFO,07/01/2020,14:58:50,1.05,1,14300,1.05,28600,0,257400
NBCC30Jan2033PE.NFO,07/01/2020,14:58:54,1.05,1,42900,1.05,14300,0,257400
NBCC30Jan2033PE.NFO,07/01/2020,14:59:57,1.05,1,57200,1.05,14300,0,257400
NBCC30Jan2033PE.NFO,07/01/2020,15:00:04,1.05,1,42900,1.05,14300,0,257400
NBCC30Jan2033PE.NFO,07/01/2020,15:00:14,1.05,0.95,85800,1.05,42900,0,257400
NBCC30Jan2033PE.NFO,07/01/2020,15:00:22,1.05,0.95,85800,1.05,28600,0,257400
NBCC30Jan2033PE.NFO,07/01/2020,15:01:48,1.05,1,42900,1.05,14300,0,257400
NBCC30Jan2033PE.NFO,07/01/2020,15:03:20,1.05,1,42900,1.1,42900,0,257400
NBCC30Jan2033PE.NFO,07/01/2020,15:03:25,1.05,1,42900,1.05,14300,0,257400
NBCC30Jan2033PE.NFO,07/01/2020,15:03:33,1.05,1,57200,1.05,14300,0,257400
NBCC30Jan2033PE.NFO,07/01/2020,15:04:04,1.05,1,42900,1.05,14300,0,257400
NBCC30Jan2033PE.NFO,07/01/2020,15:04:45,1.05,1,57200,1.1,42900,0,257400
NBCC30Jan2033PE.NFO,07/01/2020,15:05:03,1.05,1,42900,1.05,14300,0,257400
NBCC30Jan2033PE.NFO,07/01/2020,15:06:05,1.05,1,42900,1.1,42900,0,257400
NBCC30Jan2033PE.NFO,07/01/2020,15:06:09,1.05,1,42900,1.05,14300,0,257400
NBCC30Jan2033PE.NFO,07/01/2020,15:06:44,1.05,0.95,85800,1.05,28600,0,257400
NBCC30Jan2033PE.NFO,07/01/2020,15:08:47,1.05,0.95,85800,1.05,42900,0,257400
NBCC30Jan2033PE.NFO,07/01/2020,15:09:42,1.05,0.95,85800,1.05,71500,0,257400
NBCC30Jan2033PE.NFO,07/01/2020,15:10:03,1.05,0.95,85800,1.05,57200,0,257400
NBCC30Jan2033PE.NFO,07/01/2020,15:13:53,0.95,0.95,42900,1,14300,14300,243100
NBCC30Jan2033PE.NFO,07/01/2020,15:14:29,0.95,0.9,42900,0.95,42900,14300,243100
NBCC30Jan2033PE.NFO,07/01/2020,15:14:40,0.95,0.9,28600,0.95,42900,0,243100
NBCC30Jan2033PE.NFO,07/01/2020,15:14:45,0.95,0.9,28600,0.95,85800,0,243100
NBCC30Jan2033PE.NFO,07/01/2020,15:15:00,0.95,0.9,28600,0.95,42900,0,243100
NBCC30Jan2033PE.NFO,07/01/2020,15:15:06,0.95,0.9,28600,0.95,57200,0,243100
NBCC30Jan2033PE.NFO,07/01/2020,15:15:39,0.95,0.9,14300,0.95,57200,0,243100
NBCC30Jan2033PE.NFO,07/01/2020,15:15:47,0.95,0.9,14300,0.95,71500,0,243100
NBCC30Jan2033PE.NFO,07/01/2020,15:16:08,0.95,0.9,14300,0.95,57200,0,243100
NBCC30Jan2033PE.NFO,07/01/2020,15:16:35,0.95,0.9,14300,0.95,71500,0,243100
NBCC30Jan2033PE.NFO,07/01/2020,15:17:00,0.95,0.85,57200,0.95,71500,0,243100
NBCC30Jan2033PE.NFO,07/01/2020,15:17:40,0.95,0.85,57200,0.95,57200,0,243100
NBCC30Jan2033PE.NFO,07/01/2020,15:17:47,0.95,0.85,71500,0.95,71500,0,243100
NBCC30Jan2033PE.NFO,07/01/2020,15:18:13,0.95,0.9,14300,0.95,57200,0,243100
NBCC30Jan2033PE.NFO,07/01/2020,15:18:19,0.95,0.85,71500,0.95,71500,0,243100
NBCC30Jan2033PE.NFO,07/01/2020,15:18:25,0.95,0.85,71500,0.9,14300,0,243100
NBCC30Jan2033PE.NFO,07/01/2020,15:18:45,0.9,0.85,57200,0.95,42900,14300,243100
NBCC30Jan2033PE.NFO,07/01/2020,15:19:25,0.9,0.85,71500,0.95,57200,0,243100
NBCC30Jan2033PE.NFO,07/01/2020,15:20:31,0.9,0.85,57200,0.95,57200,0,243100
NBCC30Jan2033PE.NFO,07/01/2020,15:21:33,0.9,0.85,57200,0.95,42900,0,243100
NBCC30Jan2033PE.NFO,07/01/2020,15:21:52,0.9,0.85,57200,0.95,57200,0,243100
NBCC30Jan2033PE.NFO,07/01/2020,15:22:40,0.9,0.85,42900,0.95,57200,0,243100
NBCC30Jan2033PE.NFO,07/01/2020,15:22:51,0.9,0.8,128700,0.9,42900,0,243100
NBCC30Jan2033PE.NFO,07/01/2020,15:23:12,0.9,0.85,42900,0.9,14300,0,243100
NBCC30Jan2033PE.NFO,07/01/2020,15:23:20,0.9,0.85,42900,0.95,57200,0,243100
NBCC30Jan2033PE.NFO,07/01/2020,15:27:06,0.9,0.85,42900,0.9,14300,0,243100
NBCC30Jan2033PE.NFO,07/01/2020,15:27:28,0.9,0.85,57200,0.9,14300,0,243100
NBCC30Jan2033PE.NFO,07/01/2020,15:27:44,0.9,0.85,28600,0.9,14300,0,243100
NBCC30Jan2033PE.NFO,07/01/2020,15:28:02,0.9,0.85,28600,0.9,28600,0,243100
NBCC30Jan2033PE.NFO,07/01/2020,15:28:40,0.9,0.85,28600,0.9,14300,0,243100
NBCC30Jan2033PE.NFO,07/01/2020,15:28:47,0.9,0.85,57200,0.9,14300,0,243100
NBCC30Jan2033PE.NFO,07/01/2020,15:29:33,0.9,0.85,28600,0.9,14300,0,243100
NBCC30Jan2033PE.NFO,07/01/2020,15:29:47,0.9,0.85,14300,0.9,14300,0,243100
NBCC30Jan2033PE.NFO,07/01/2020,15:29:53,0.9,0.85,14300,0.95,28600,0,243100
NBCC30Jan2033PE.NFO,07/01/2020,15:30:00,0.9,0.85,14300,0.9,14300,0,243100
