Ticker,Date,Time,LTP,BuyPrice,BuyQty,SellPrice,SellQty,LTQ,OpenInterest
NBCC30Jan2035CE.NFO,07/01/2020,09:17:23,1.9,1.75,28600,1.95,28600,28600,1043900
NBCC30Jan2035CE.NFO,07/01/2020,09:17:23,1.9,1.75,28600,1.95,28600,0,1043900
NBCC30Jan2035CE.NFO,07/01/2020,09:17:23,1.9,1.75,28600,1.95,28600,0,1043900
NBCC30Jan2035CE.NFO,07/01/2020,09:17:23,1.9,1.75,28600,1.95,28600,0,1043900
NBCC30Jan2035CE.NFO,07/01/2020,09:17:33,1.9,1.8,28600,1.95,28600,0,1043900
NBCC30Jan2035CE.NFO,07/01/2020,09:17:43,1.9,1.8,14300,1.95,28600,0,1043900
NBCC30Jan2035CE.NFO,07/01/2020,09:17:54,1.9,1.8,28600,1.95,28600,0,1043900
NBCC30Jan2035CE.NFO,07/01/2020,09:18:22,1.9,1.8,28600,1.9,14300,0,1043900
NBCC30Jan2035CE.NFO,07/01/2020,09:18:49,1.9,1.8,42900,1.9,14300,0,1043900
NBCC30Jan2035CE.NFO,07/01/2020,09:18:58,1.9,1.8,57200,1.9,14300,0,1043900
NBCC30Jan2035CE.NFO,07/01/2020,09:19:07,1.95,1.9,14300,2,42900,42900,1043900
NBCC30Jan2035CE.NFO,07/01/2020,09:19:07,1.95,1.9,14300,2,42900,0,1043900
NBCC30Jan2035CE.NFO,07/01/2020,09:19:15,1.95,1.9,14300,2,42900,0,1043900
NBCC30Jan2035CE.NFO,07/01/2020,09:19:24,1.95,1.9,14300,2,57200,0,1043900
NBCC30Jan2035CE.NFO,07/01/2020,09:19:32,1.95,1.9,28600,2,28600,0,1043900
NBCC30Jan2035CE.NFO,07/01/2020,09:19:49,1.95,1.9,28600,2,57200,0,1043900
NBCC30Jan2035CE.NFO,07/01/2020,09:19:56,2,1.9,28600,2,42900,14300,1043900
NBCC30Jan2035CE.NFO,07/01/2020,09:19:56,2,1.9,28600,2,42900,0,1043900
NBCC30Jan2035CE.NFO,07/01/2020,09:20:04,2,1.9,28600,2,42900,0,1043900
NBCC30Jan2035CE.NFO,07/01/2020,09:20:12,2,1.9,28600,2,28600,14300,1043900
NBCC30Jan2035CE.NFO,07/01/2020,09:20:20,2,1.95,14300,2,28600,0,1043900
NBCC30Jan2035CE.NFO,07/01/2020,09:20:28,1.95,1.9,42900,2,42900,28600,1043900
NBCC30Jan2035CE.NFO,07/01/2020,09:20:35,2,2,14300,2.05,14300,28600,1043900
NBCC30Jan2035CE.NFO,07/01/2020,09:20:43,2.05,2.05,14300,2.2,14300,14300,1043900
NBCC30Jan2035CE.NFO,07/01/2020,09:20:43,2.05,2.05,14300,2.2,14300,0,1043900
NBCC30Jan2035CE.NFO,07/01/2020,09:20:50,2.05,2.1,14300,2.2,28600,0,1043900
NBCC30Jan2035CE.NFO,07/01/2020,09:20:58,2.1,2,28600,2.15,42900,14300,1043900
NBCC30Jan2035CE.NFO,07/01/2020,09:20:58,2.1,2,28600,2.15,42900,0,1043900
NBCC30Jan2035CE.NFO,07/01/2020,09:21:06,2.1,2.05,14300,2.15,14300,0,1043900
NBCC30Jan2035CE.NFO,07/01/2020,09:21:14,2.1,1.95,28600,2.1,42900,0,1043900
NBCC30Jan2035CE.NFO,07/01/2020,09:21:22,2.1,2,14300,2.1,42900,0,1043900
NBCC30Jan2035CE.NFO,07/01/2020,09:21:29,2.1,2,42900,2.1,28600,0,1043900
NBCC30Jan2035CE.NFO,07/01/2020,09:21:46,2.1,2,42900,2.1,42900,0,1043900
NBCC30Jan2035CE.NFO,07/01/2020,09:22:01,2.1,2,28600,2.1,42900,0,1043900
NBCC30Jan2035CE.NFO,07/01/2020,09:22:09,2.1,2,42900,2.1,42900,0,1043900
NBCC30Jan2035CE.NFO,07/01/2020,09:22:25,2.1,2,42900,2.1,57200,0,1043900
NBCC30Jan2035CE.NFO,07/01/2020,09:22:39,2.1,2,28600,2.1,57200,0,1043900
NBCC30Jan2035CE.NFO,07/01/2020,09:22:47,2.1,2,14300,2.05,14300,0,1043900
NBCC30Jan2035CE.NFO,07/01/2020,09:22:54,2.1,1.95,42900,2.1,71500,0,1043900
NBCC30Jan2035CE.NFO,07/01/2020,09:23:09,2.1,1.95,14300,2.05,28600,0,1043900
NBCC30Jan2035CE.NFO,07/01/2020,09:24:02,2.1,2,14300,2.05,14300,0,1043900
NBCC30Jan2035CE.NFO,07/01/2020,09:24:09,2.1,2,14300,2.05,28600,0,1043900
NBCC30Jan2035CE.NFO,07/01/2020,09:24:16,2,1.95,28600,2,14300,14300,1029600
NBCC30Jan2035CE.NFO,07/01/2020,09:24:23,2,1.95,14300,2,14300,0,1029600
NBCC30Jan2035CE.NFO,07/01/2020,09:24:29,2,1.9,42900,2,14300,0,1029600
NBCC30Jan2035CE.NFO,07/01/2020,09:25:09,2,1.9,57200,2,14300,0,1029600
NBCC30Jan2035CE.NFO,07/01/2020,09:25:16,1.9,1.95,28600,2,14300,14300,1029600
NBCC30Jan2035CE.NFO,07/01/2020,09:25:37,2,1.95,28600,2.05,28600,14300,1029600
NBCC30Jan2035CE.NFO,07/01/2020,09:25:45,2,1.95,28600,2.05,28600,0,1029600
NBCC30Jan2035CE.NFO,07/01/2020,09:26:08,2,1.95,28600,2.05,14300,0,1029600
NBCC30Jan2035CE.NFO,07/01/2020,09:26:23,2,1.95,14300,2.05,14300,0,1029600
NBCC30Jan2035CE.NFO,07/01/2020,09:26:35,2,1.95,42900,2.05,14300,0,1029600
NBCC30Jan2035CE.NFO,07/01/2020,09:26:42,2,2,14300,2.05,28600,0,1029600
NBCC30Jan2035CE.NFO,07/01/2020,09:26:59,2,1.95,14300,2,14300,14300,1015300
NBCC30Jan2035CE.NFO,07/01/2020,09:27:05,2,1.95,14300,2.05,28600,0,1015300
NBCC30Jan2035CE.NFO,07/01/2020,09:27:10,2,1.95,14300,2,14300,0,1015300
NBCC30Jan2035CE.NFO,07/01/2020,09:27:16,2,1.9,57200,2,14300,0,1015300
NBCC30Jan2035CE.NFO,07/01/2020,09:27:22,2,1.95,28600,2.05,28600,0,1015300
NBCC30Jan2035CE.NFO,07/01/2020,09:27:29,2,2,28600,2.05,28600,0,1015300
NBCC30Jan2035CE.NFO,07/01/2020,09:28:23,2,1.95,14300,2.05,28600,28600,1015300
NBCC30Jan2035CE.NFO,07/01/2020,09:28:29,2,1.95,14300,2.05,28600,0,1015300
NBCC30Jan2035CE.NFO,07/01/2020,09:29:29,2,1.9,28600,2,14300,0,1015300
NBCC30Jan2035CE.NFO,07/01/2020,09:29:36,2,1.9,42900,2,14300,0,1015300
NBCC30Jan2035CE.NFO,07/01/2020,09:30:10,2,1.9,57200,2.05,28600,0,1015300
NBCC30Jan2035CE.NFO,07/01/2020,09:30:16,2,1.95,28600,2.05,28600,0,1015300
NBCC30Jan2035CE.NFO,07/01/2020,09:30:27,1.95,1.95,14300,2.05,28600,14300,1043900
NBCC30Jan2035CE.NFO,07/01/2020,09:30:58,1.95,1.95,28600,2,14300,0,1043900
NBCC30Jan2035CE.NFO,07/01/2020,09:31:03,1.95,1.95,28600,2.05,28600,0,1043900
NBCC30Jan2035CE.NFO,07/01/2020,09:31:16,1.95,1.95,42900,2.05,28600,0,1043900
NBCC30Jan2035CE.NFO,07/01/2020,09:31:21,1.95,1.95,42900,2.05,42900,0,1043900
NBCC30Jan2035CE.NFO,07/01/2020,09:31:27,1.95,1.95,28600,2.05,42900,0,1043900
NBCC30Jan2035CE.NFO,07/01/2020,09:32:21,1.95,1.95,14300,2.05,42900,0,1043900
NBCC30Jan2035CE.NFO,07/01/2020,09:34:08,2,1.95,14300,2.05,28600,14300,1043900
NBCC30Jan2035CE.NFO,07/01/2020,09:34:44,2,1.95,28600,2,14300,0,1043900
NBCC30Jan2035CE.NFO,07/01/2020,09:34:55,2,1.95,14300,2,14300,0,1043900
NBCC30Jan2035CE.NFO,07/01/2020,09:35:01,2,1.9,42900,2,14300,0,1043900
NBCC30Jan2035CE.NFO,07/01/2020,09:35:17,2,1.9,42900,2,28600,0,1043900
NBCC30Jan2035CE.NFO,07/01/2020,09:35:34,2,1.9,14300,2,28600,0,1043900
NBCC30Jan2035CE.NFO,07/01/2020,09:35:41,2,1.9,14300,1.95,14300,0,1043900
NBCC30Jan2035CE.NFO,07/01/2020,09:35:48,2,1.85,28600,1.95,14300,0,1043900
NBCC30Jan2035CE.NFO,07/01/2020,09:36:33,2,1.85,14300,1.95,14300,0,1043900
NBCC30Jan2035CE.NFO,07/01/2020,09:36:44,2,1.85,28600,1.95,14300,0,1043900
NBCC30Jan2035CE.NFO,07/01/2020,09:36:49,2,1.85,42900,1.95,14300,0,1043900
NBCC30Jan2035CE.NFO,07/01/2020,09:36:55,2,1.85,28600,1.95,14300,0,1043900
NBCC30Jan2035CE.NFO,07/01/2020,09:37:01,2,1.85,14300,1.95,14300,0,1043900
NBCC30Jan2035CE.NFO,07/01/2020,09:37:17,2,1.8,28600,1.95,14300,0,1043900
NBCC30Jan2035CE.NFO,07/01/2020,09:37:22,2,1.8,42900,1.95,14300,0,1043900
NBCC30Jan2035CE.NFO,07/01/2020,09:37:47,2,1.8,57200,1.95,14300,0,1043900
NBCC30Jan2035CE.NFO,07/01/2020,09:37:52,2,1.85,14300,1.95,14300,0,1043900
NBCC30Jan2035CE.NFO,07/01/2020,09:39:27,2,1.85,28600,1.95,14300,0,1043900
NBCC30Jan2035CE.NFO,07/01/2020,09:39:42,2,1.85,42900,1.95,14300,0,1043900
NBCC30Jan2035CE.NFO,07/01/2020,09:39:54,2,1.85,71500,1.95,14300,0,1043900
NBCC30Jan2035CE.NFO,07/01/2020,09:40:10,1.95,1.85,100100,2,42900,14300,1043900
NBCC30Jan2035CE.NFO,07/01/2020,09:40:16,1.95,1.9,14300,2,42900,0,1043900
NBCC30Jan2035CE.NFO,07/01/2020,09:40:33,1.95,1.9,14300,2,28600,0,1043900
NBCC30Jan2035CE.NFO,07/01/2020,09:40:45,1.95,1.9,28600,2,28600,0,1043900
NBCC30Jan2035CE.NFO,07/01/2020,09:40:50,1.95,1.9,42900,2,28600,0,1043900
NBCC30Jan2035CE.NFO,07/01/2020,09:40:55,1.95,1.9,42900,2,14300,0,1043900
NBCC30Jan2035CE.NFO,07/01/2020,09:42:09,1.95,1.9,28600,2,14300,0,1043900
NBCC30Jan2035CE.NFO,07/01/2020,09:42:22,1.95,1.9,14300,2,42900,0,1043900
NBCC30Jan2035CE.NFO,07/01/2020,09:42:35,1.95,1.9,28600,2,42900,0,1043900
NBCC30Jan2035CE.NFO,07/01/2020,09:42:56,1.95,1.9,28600,2,57200,0,1043900
NBCC30Jan2035CE.NFO,07/01/2020,09:43:33,1.95,1.9,28600,2,42900,0,1043900
NBCC30Jan2035CE.NFO,07/01/2020,09:43:43,1.95,1.9,42900,2,14300,0,1043900
NBCC30Jan2035CE.NFO,07/01/2020,09:43:48,1.95,1.9,57200,2,14300,0,1043900
NBCC30Jan2035CE.NFO,07/01/2020,09:44:05,1.95,1.9,100100,2,14300,0,1043900
NBCC30Jan2035CE.NFO,07/01/2020,09:44:11,1.95,1.95,14300,2,14300,0,1043900
NBCC30Jan2035CE.NFO,07/01/2020,09:45:03,1.95,1.9,114400,2,14300,0,1043900
NBCC30Jan2035CE.NFO,07/01/2020,09:45:35,1.95,1.9,100100,2,14300,0,1043900
NBCC30Jan2035CE.NFO,07/01/2020,09:47:53,1.95,1.9,114400,2,14300,0,1043900
NBCC30Jan2035CE.NFO,07/01/2020,09:48:34,2,1.95,14300,2.05,42900,14300,1058200
NBCC30Jan2035CE.NFO,07/01/2020,09:48:39,2,1.95,14300,2.05,42900,0,1058200
NBCC30Jan2035CE.NFO,07/01/2020,09:48:46,2,1.95,14300,2.05,28600,0,1058200
NBCC30Jan2035CE.NFO,07/01/2020,09:49:21,2,1.95,28600,2.05,28600,0,1058200
NBCC30Jan2035CE.NFO,07/01/2020,09:50:14,2,1.95,28600,2.05,14300,0,1058200
NBCC30Jan2035CE.NFO,07/01/2020,09:50:19,2,1.95,42900,2.05,14300,0,1058200
NBCC30Jan2035CE.NFO,07/01/2020,09:50:56,2,1.95,42900,2.05,28600,0,1058200
NBCC30Jan2035CE.NFO,07/01/2020,09:51:16,2,1.95,42900,2,14300,0,1058200
NBCC30Jan2035CE.NFO,07/01/2020,09:51:37,2,1.95,28600,2,14300,0,1058200
NBCC30Jan2035CE.NFO,07/01/2020,09:52:37,1.95,1.95,14300,2,14300,14300,1058200
NBCC30Jan2035CE.NFO,07/01/2020,09:52:42,1.95,1.9,42900,2,28600,14300,1058200
NBCC30Jan2035CE.NFO,07/01/2020,09:52:55,1.95,1.9,42900,2,28600,0,1058200
NBCC30Jan2035CE.NFO,07/01/2020,09:53:12,1.95,1.9,42900,2,42900,0,1058200
NBCC30Jan2035CE.NFO,07/01/2020,09:54:59,1.95,1.9,57200,2,42900,0,1058200
NBCC30Jan2035CE.NFO,07/01/2020,09:56:25,1.95,1.9,42900,2,42900,0,1058200
NBCC30Jan2035CE.NFO,07/01/2020,09:56:31,1.95,1.9,28600,2,42900,0,1058200
NBCC30Jan2035CE.NFO,07/01/2020,09:57:13,1.95,1.9,42900,2,42900,0,1058200
NBCC30Jan2035CE.NFO,07/01/2020,09:58:52,1.9,1.85,42900,1.95,28600,42900,1072500
NBCC30Jan2035CE.NFO,07/01/2020,09:58:57,1.9,1.85,14300,1.95,42900,0,1072500
NBCC30Jan2035CE.NFO,07/01/2020,09:59:04,1.9,1.85,14300,1.95,57200,0,1072500
NBCC30Jan2035CE.NFO,07/01/2020,09:59:21,1.9,1.85,14300,1.9,14300,0,1072500
NBCC30Jan2035CE.NFO,07/01/2020,09:59:27,1.9,1.8,14300,1.9,14300,0,1072500
NBCC30Jan2035CE.NFO,07/01/2020,09:59:37,1.9,1.8,14300,1.9,28600,0,1072500
NBCC30Jan2035CE.NFO,07/01/2020,10:00:03,1.9,1.8,28600,1.9,28600,0,1072500
NBCC30Jan2035CE.NFO,07/01/2020,10:01:10,1.9,1.8,28600,1.9,42900,0,1072500
NBCC30Jan2035CE.NFO,07/01/2020,10:01:58,1.9,1.8,14300,1.9,42900,0,1072500
NBCC30Jan2035CE.NFO,07/01/2020,10:02:30,1.8,1.75,28600,1.9,42900,14300,1115400
NBCC30Jan2035CE.NFO,07/01/2020,10:02:30,1.8,1.75,28600,1.9,42900,0,1115400
NBCC30Jan2035CE.NFO,07/01/2020,10:02:34,1.8,1.75,28600,1.9,42900,0,1115400
NBCC30Jan2035CE.NFO,07/01/2020,10:02:40,1.8,1.8,14300,1.9,42900,0,1115400
NBCC30Jan2035CE.NFO,07/01/2020,10:02:45,1.8,1.8,14300,1.85,14300,0,1115400
NBCC30Jan2035CE.NFO,07/01/2020,10:02:50,1.8,1.75,28600,1.85,14300,0,1115400
NBCC30Jan2035CE.NFO,07/01/2020,10:03:01,1.8,1.8,14300,1.85,14300,0,1115400
NBCC30Jan2035CE.NFO,07/01/2020,10:03:24,1.8,1.75,28600,1.85,14300,0,1115400
NBCC30Jan2035CE.NFO,07/01/2020,10:03:34,1.8,1.75,28600,1.8,14300,0,1115400
NBCC30Jan2035CE.NFO,07/01/2020,10:04:12,1.75,1.75,14300,1.8,14300,14300,1115400
NBCC30Jan2035CE.NFO,07/01/2020,10:04:12,1.75,1.75,14300,1.8,14300,0,1115400
NBCC30Jan2035CE.NFO,07/01/2020,10:04:17,1.8,1.75,14300,1.85,14300,14300,1115400
NBCC30Jan2035CE.NFO,07/01/2020,10:04:22,1.8,1.75,14300,1.85,14300,0,1115400
NBCC30Jan2035CE.NFO,07/01/2020,10:04:27,1.8,1.75,14300,1.8,28600,0,1115400
NBCC30Jan2035CE.NFO,07/01/2020,10:04:33,1.75,1.75,14300,1.85,14300,14300,1115400
NBCC30Jan2035CE.NFO,07/01/2020,10:05:04,1.75,1.75,14300,1.8,14300,0,1115400
NBCC30Jan2035CE.NFO,07/01/2020,10:05:24,1.75,1.7,28600,1.8,14300,0,1115400
NBCC30Jan2035CE.NFO,07/01/2020,10:05:48,1.75,1.7,14300,1.8,14300,0,1115400
NBCC30Jan2035CE.NFO,07/01/2020,10:05:59,1.75,1.7,14300,1.8,28600,0,1115400
NBCC30Jan2035CE.NFO,07/01/2020,10:06:11,1.75,1.7,28600,1.8,28600,0,1115400
NBCC30Jan2035CE.NFO,07/01/2020,10:06:39,1.75,1.7,42900,1.8,28600,0,1115400
NBCC30Jan2035CE.NFO,07/01/2020,10:06:44,1.75,1.7,57200,1.8,28600,0,1115400
NBCC30Jan2035CE.NFO,07/01/2020,10:07:33,1.75,1.7,42900,1.8,28600,0,1115400
NBCC30Jan2035CE.NFO,07/01/2020,10:08:07,1.75,1.7,42900,1.75,14300,0,1115400
NBCC30Jan2035CE.NFO,07/01/2020,10:08:42,1.75,1.7,42900,1.8,42900,14300,1158300
NBCC30Jan2035CE.NFO,07/01/2020,10:08:48,1.75,1.7,42900,1.8,42900,0,1158300
NBCC30Jan2035CE.NFO,07/01/2020,10:09:05,1.75,1.7,28600,1.8,42900,14300,1158300
NBCC30Jan2035CE.NFO,07/01/2020,10:09:10,1.75,1.7,28600,1.8,42900,0,1158300
NBCC30Jan2035CE.NFO,07/01/2020,10:09:37,1.75,1.7,42900,1.8,42900,0,1158300
NBCC30Jan2035CE.NFO,07/01/2020,10:09:57,1.7,1.7,14300,1.8,28600,28600,1158300
NBCC30Jan2035CE.NFO,07/01/2020,10:09:57,1.7,1.7,14300,1.8,28600,0,1158300
NBCC30Jan2035CE.NFO,07/01/2020,10:10:03,1.7,1.7,28600,1.8,28600,0,1158300
NBCC30Jan2035CE.NFO,07/01/2020,10:10:17,1.7,1.7,28600,1.75,14300,0,1158300
NBCC30Jan2035CE.NFO,07/01/2020,10:11:01,1.7,1.7,42900,1.8,57200,0,1158300
NBCC30Jan2035CE.NFO,07/01/2020,10:11:43,1.7,1.7,85800,1.8,57200,0,1158300
NBCC30Jan2035CE.NFO,07/01/2020,10:11:49,1.7,1.7,42900,1.8,57200,0,1158300
NBCC30Jan2035CE.NFO,07/01/2020,10:12:01,1.7,1.7,57200,1.8,57200,0,1158300
NBCC30Jan2035CE.NFO,07/01/2020,10:12:13,1.7,1.75,14300,1.8,57200,0,1158300
NBCC30Jan2035CE.NFO,07/01/2020,10:12:29,1.8,1.75,14300,1.8,42900,14300,1172600
NBCC30Jan2035CE.NFO,07/01/2020,10:13:01,1.8,1.75,28600,1.8,28600,0,1172600
NBCC30Jan2035CE.NFO,07/01/2020,10:13:13,1.8,1.75,28600,1.8,14300,14300,1172600
NBCC30Jan2035CE.NFO,07/01/2020,10:13:20,1.8,1.75,14300,1.8,14300,0,1172600
NBCC30Jan2035CE.NFO,07/01/2020,10:13:26,1.8,1.75,14300,1.85,42900,0,1172600
NBCC30Jan2035CE.NFO,07/01/2020,10:13:32,1.8,1.75,28600,1.85,42900,0,1172600
NBCC30Jan2035CE.NFO,07/01/2020,10:14:16,1.8,1.8,14300,1.85,28600,0,1172600
NBCC30Jan2035CE.NFO,07/01/2020,10:14:22,1.8,1.8,14300,1.85,14300,0,1172600
NBCC30Jan2035CE.NFO,07/01/2020,10:14:34,1.8,1.8,14300,1.85,28600,0,1172600
NBCC30Jan2035CE.NFO,07/01/2020,10:15:08,1.8,1.8,28600,1.85,28600,0,1172600
NBCC30Jan2035CE.NFO,07/01/2020,10:15:39,1.8,1.8,28600,1.85,14300,0,1172600
NBCC30Jan2035CE.NFO,07/01/2020,10:15:50,1.8,1.8,14300,1.85,14300,0,1172600
NBCC30Jan2035CE.NFO,07/01/2020,10:17:04,1.8,1.8,42900,1.9,42900,0,1172600
NBCC30Jan2035CE.NFO,07/01/2020,10:17:26,1.8,1.8,42900,1.85,14300,0,1172600
NBCC30Jan2035CE.NFO,07/01/2020,10:17:30,1.8,1.8,28600,1.85,14300,0,1172600
NBCC30Jan2035CE.NFO,07/01/2020,10:17:36,1.8,1.8,14300,1.85,14300,14300,1172600
NBCC30Jan2035CE.NFO,07/01/2020,10:17:45,1.8,1.75,57200,1.85,42900,0,1172600
NBCC30Jan2035CE.NFO,07/01/2020,10:17:57,1.8,1.75,57200,1.85,57200,0,1172600
NBCC30Jan2035CE.NFO,07/01/2020,10:18:05,1.8,1.75,57200,1.85,71500,0,1172600
NBCC30Jan2035CE.NFO,07/01/2020,10:18:57,1.8,1.75,57200,1.8,14300,0,1172600
NBCC30Jan2035CE.NFO,07/01/2020,10:19:10,1.8,1.75,28600,1.8,14300,0,1172600
NBCC30Jan2035CE.NFO,07/01/2020,10:19:13,1.8,1.75,14300,1.8,14300,0,1172600
NBCC30Jan2035CE.NFO,07/01/2020,10:21:05,1.8,1.75,42900,1.8,14300,0,1172600
NBCC30Jan2035CE.NFO,07/01/2020,10:21:10,1.8,1.75,42900,1.85,57200,0,1172600
NBCC30Jan2035CE.NFO,07/01/2020,10:21:29,1.8,1.75,28600,1.85,57200,0,1172600
NBCC30Jan2035CE.NFO,07/01/2020,10:21:57,1.8,1.75,14300,1.8,14300,0,1172600
NBCC30Jan2035CE.NFO,07/01/2020,10:22:10,1.8,1.75,28600,1.85,71500,0,1172600
NBCC30Jan2035CE.NFO,07/01/2020,10:23:05,1.8,1.75,42900,1.85,71500,0,1172600
NBCC30Jan2035CE.NFO,07/01/2020,10:24:10,1.8,1.75,14300,1.8,14300,0,1172600
NBCC30Jan2035CE.NFO,07/01/2020,10:24:15,1.8,1.75,28600,1.85,71500,0,1172600
NBCC30Jan2035CE.NFO,07/01/2020,10:25:03,1.8,1.75,14300,1.85,71500,0,1172600
NBCC30Jan2035CE.NFO,07/01/2020,10:25:15,1.8,1.75,85800,1.85,57200,0,1172600
NBCC30Jan2035CE.NFO,07/01/2020,10:25:19,1.8,1.75,14300,1.85,71500,0,1172600
NBCC30Jan2035CE.NFO,07/01/2020,10:25:27,1.8,1.75,28600,1.85,71500,0,1172600
NBCC30Jan2035CE.NFO,07/01/2020,10:27:15,1.8,1.75,14300,1.85,71500,0,1172600
NBCC30Jan2035CE.NFO,07/01/2020,10:28:19,1.75,1.7,128700,1.8,14300,14300,1172600
NBCC30Jan2035CE.NFO,07/01/2020,10:28:23,1.75,1.75,14300,1.8,14300,0,1172600
NBCC30Jan2035CE.NFO,07/01/2020,10:29:50,1.75,1.75,14300,1.85,57200,0,1172600
NBCC30Jan2035CE.NFO,07/01/2020,10:30:02,1.75,1.75,28600,1.85,57200,0,1172600
NBCC30Jan2035CE.NFO,07/01/2020,10:30:09,1.75,1.75,42900,1.85,57200,0,1172600
NBCC30Jan2035CE.NFO,07/01/2020,10:32:25,1.75,1.75,42900,1.8,14300,0,1172600
NBCC30Jan2035CE.NFO,07/01/2020,10:32:29,1.75,1.7,157300,1.8,14300,0,1172600
NBCC30Jan2035CE.NFO,07/01/2020,10:32:34,1.75,1.7,157300,1.8,28600,0,1172600
NBCC30Jan2035CE.NFO,07/01/2020,10:32:42,1.75,1.7,128700,1.8,28600,0,1172600
NBCC30Jan2035CE.NFO,07/01/2020,10:33:01,1.75,1.7,128700,1.8,42900,0,1172600
NBCC30Jan2035CE.NFO,07/01/2020,10:33:30,1.75,1.7,71500,1.8,57200,0,1172600
NBCC30Jan2035CE.NFO,07/01/2020,10:33:45,1.75,1.7,28600,1.8,57200,0,1172600
NBCC30Jan2035CE.NFO,07/01/2020,10:33:47,1.75,1.7,42900,1.8,57200,0,1172600
NBCC30Jan2035CE.NFO,07/01/2020,10:34:47,1.75,1.7,71500,1.8,42900,0,1172600
NBCC30Jan2035CE.NFO,07/01/2020,10:34:52,1.75,1.7,100100,1.8,42900,0,1172600
NBCC30Jan2035CE.NFO,07/01/2020,10:35:01,1.75,1.7,42900,1.8,57200,0,1172600
NBCC30Jan2035CE.NFO,07/01/2020,10:35:08,1.75,1.7,42900,1.8,85800,0,1172600
NBCC30Jan2035CE.NFO,07/01/2020,10:37:49,1.75,1.7,28600,1.8,85800,0,1172600
NBCC30Jan2035CE.NFO,07/01/2020,10:38:43,1.75,1.7,71500,1.8,85800,0,1172600
NBCC30Jan2035CE.NFO,07/01/2020,10:42:07,1.75,1.7,100100,1.8,71500,0,1172600
NBCC30Jan2035CE.NFO,07/01/2020,10:42:17,1.75,1.75,14300,1.8,71500,0,1172600
NBCC30Jan2035CE.NFO,07/01/2020,10:42:21,1.75,1.7,100100,1.8,71500,0,1172600
NBCC30Jan2035CE.NFO,07/01/2020,10:42:33,1.75,1.7,128700,1.8,71500,0,1172600
NBCC30Jan2035CE.NFO,07/01/2020,10:42:44,1.75,1.7,71500,1.8,85800,0,1172600
NBCC30Jan2035CE.NFO,07/01/2020,10:44:40,1.75,1.7,100100,1.8,71500,0,1172600
NBCC30Jan2035CE.NFO,07/01/2020,10:44:43,1.75,1.7,85800,1.8,71500,0,1172600
NBCC30Jan2035CE.NFO,07/01/2020,10:45:24,1.75,1.7,100100,1.8,71500,0,1172600
NBCC30Jan2035CE.NFO,07/01/2020,10:46:38,1.75,1.7,85800,1.8,71500,0,1172600
NBCC30Jan2035CE.NFO,07/01/2020,10:50:04,1.75,1.7,28600,1.8,85800,0,1172600
NBCC30Jan2035CE.NFO,07/01/2020,10:50:14,1.75,1.65,85800,1.8,85800,0,1172600
NBCC30Jan2035CE.NFO,07/01/2020,10:50:25,1.75,1.7,14300,1.8,85800,0,1172600
NBCC30Jan2035CE.NFO,07/01/2020,10:51:19,1.75,1.7,14300,1.75,14300,0,1172600
NBCC30Jan2035CE.NFO,07/01/2020,10:51:23,1.7,1.65,14300,1.75,14300,14300,1172600
NBCC30Jan2035CE.NFO,07/01/2020,10:51:27,1.7,1.65,14300,1.75,14300,0,1172600
NBCC30Jan2035CE.NFO,07/01/2020,10:51:35,1.7,1.65,14300,1.75,42900,0,1172600
NBCC30Jan2035CE.NFO,07/01/2020,10:51:43,1.7,1.65,57200,1.75,42900,0,1172600
NBCC30Jan2035CE.NFO,07/01/2020,10:53:02,1.7,1.65,14300,1.75,42900,0,1172600
NBCC30Jan2035CE.NFO,07/01/2020,10:53:33,1.65,1.6,42900,1.7,28600,14300,1186900
NBCC30Jan2035CE.NFO,07/01/2020,10:53:33,1.65,1.6,42900,1.7,28600,0,1186900
NBCC30Jan2035CE.NFO,07/01/2020,10:53:38,1.65,1.6,14300,1.7,28600,0,1186900
NBCC30Jan2035CE.NFO,07/01/2020,10:53:44,1.65,1.6,42900,1.7,28600,0,1186900
NBCC30Jan2035CE.NFO,07/01/2020,10:54:14,1.65,1.6,71500,1.7,28600,0,1186900
NBCC30Jan2035CE.NFO,07/01/2020,10:54:44,1.65,1.6,85800,1.7,28600,0,1186900
NBCC30Jan2035CE.NFO,07/01/2020,10:55:20,1.65,1.6,100100,1.7,28600,0,1186900
NBCC30Jan2035CE.NFO,07/01/2020,10:55:50,1.65,1.6,85800,1.7,28600,0,1186900
NBCC30Jan2035CE.NFO,07/01/2020,10:55:59,1.65,1.6,71500,1.7,28600,0,1186900
NBCC30Jan2035CE.NFO,07/01/2020,10:56:04,1.65,1.6,85800,1.7,28600,0,1186900
NBCC30Jan2035CE.NFO,07/01/2020,10:57:24,1.65,1.6,28600,1.7,28600,0,1186900
NBCC30Jan2035CE.NFO,07/01/2020,10:57:30,1.65,1.6,57200,1.7,28600,0,1186900
NBCC30Jan2035CE.NFO,07/01/2020,10:58:51,1.65,1.6,57200,1.7,71500,0,1186900
NBCC30Jan2035CE.NFO,07/01/2020,10:58:57,1.65,1.6,28600,1.7,71500,0,1186900
NBCC30Jan2035CE.NFO,07/01/2020,10:59:18,1.65,1.6,28600,1.65,14300,0,1186900
NBCC30Jan2035CE.NFO,07/01/2020,10:59:34,1.65,1.6,28600,1.7,42900,0,1186900
NBCC30Jan2035CE.NFO,07/01/2020,10:59:40,1.65,1.6,28600,1.7,57200,0,1186900
NBCC30Jan2035CE.NFO,07/01/2020,10:59:51,1.65,1.6,28600,1.7,42900,0,1186900
NBCC30Jan2035CE.NFO,07/01/2020,11:00:54,1.65,1.6,28600,1.65,28600,0,1186900
NBCC30Jan2035CE.NFO,07/01/2020,11:01:02,1.65,1.6,28600,1.65,14300,0,1186900
NBCC30Jan2035CE.NFO,07/01/2020,11:01:25,1.65,1.6,28600,1.65,28600,0,1186900
NBCC30Jan2035CE.NFO,07/01/2020,11:01:39,1.65,1.6,14300,1.65,28600,0,1186900
NBCC30Jan2035CE.NFO,07/01/2020,11:01:47,1.65,1.6,14300,1.65,14300,0,1186900
NBCC30Jan2035CE.NFO,07/01/2020,11:01:55,1.65,1.6,28600,1.65,14300,0,1186900
NBCC30Jan2035CE.NFO,07/01/2020,11:02:23,1.65,1.6,14300,1.65,14300,0,1186900
NBCC30Jan2035CE.NFO,07/01/2020,11:02:30,1.6,1.55,42900,1.65,14300,14300,1186900
NBCC30Jan2035CE.NFO,07/01/2020,11:02:30,1.6,1.55,42900,1.65,14300,0,1186900
NBCC30Jan2035CE.NFO,07/01/2020,11:02:37,1.6,1.55,42900,1.65,14300,0,1186900
NBCC30Jan2035CE.NFO,07/01/2020,11:02:56,1.6,1.55,57200,1.65,14300,0,1186900
NBCC30Jan2035CE.NFO,07/01/2020,11:03:48,1.6,1.55,57200,1.6,14300,0,1186900
NBCC30Jan2035CE.NFO,07/01/2020,11:04:15,1.6,1.55,28600,1.65,28600,14300,1201200
NBCC30Jan2035CE.NFO,07/01/2020,11:04:21,1.6,1.55,28600,1.65,28600,0,1201200
NBCC30Jan2035CE.NFO,07/01/2020,11:04:27,1.6,1.55,42900,1.65,28600,0,1201200
NBCC30Jan2035CE.NFO,07/01/2020,11:06:02,1.6,1.55,28600,1.65,28600,14300,1215500
NBCC30Jan2035CE.NFO,07/01/2020,11:06:08,1.6,1.6,14300,1.65,28600,0,1215500
NBCC30Jan2035CE.NFO,07/01/2020,11:06:15,1.6,1.6,14300,1.65,14300,0,1215500
NBCC30Jan2035CE.NFO,07/01/2020,11:06:39,1.6,1.6,14300,1.7,42900,0,1215500
NBCC30Jan2035CE.NFO,07/01/2020,11:06:44,1.6,1.6,14300,1.7,57200,0,1215500
NBCC30Jan2035CE.NFO,07/01/2020,11:07:32,1.6,1.6,28600,1.7,57200,0,1215500
NBCC30Jan2035CE.NFO,07/01/2020,11:07:48,1.6,1.6,28600,1.7,71500,0,1215500
NBCC30Jan2035CE.NFO,07/01/2020,11:07:57,1.6,1.6,14300,1.7,71500,0,1215500
NBCC30Jan2035CE.NFO,07/01/2020,11:08:12,1.6,1.6,14300,1.65,14300,0,1215500
NBCC30Jan2035CE.NFO,07/01/2020,11:08:26,1.6,1.6,14300,1.7,71500,0,1215500
NBCC30Jan2035CE.NFO,07/01/2020,11:10:33,1.6,1.6,14300,1.7,100100,0,1215500
NBCC30Jan2035CE.NFO,07/01/2020,11:10:37,1.6,1.6,14300,1.65,14300,0,1215500
NBCC30Jan2035CE.NFO,07/01/2020,11:10:41,1.6,1.55,28600,1.65,14300,0,1215500
NBCC30Jan2035CE.NFO,07/01/2020,11:11:41,1.6,1.55,28600,1.65,57200,0,1215500
NBCC30Jan2035CE.NFO,07/01/2020,11:11:47,1.6,1.55,14300,1.65,28600,0,1215500
NBCC30Jan2035CE.NFO,07/01/2020,11:11:53,1.6,1.55,14300,1.65,57200,0,1215500
NBCC30Jan2035CE.NFO,07/01/2020,11:12:45,1.6,1.55,14300,1.65,85800,0,1215500
NBCC30Jan2035CE.NFO,07/01/2020,11:12:56,1.55,1.5,42900,1.65,57200,14300,1229800
NBCC30Jan2035CE.NFO,07/01/2020,11:12:56,1.55,1.5,42900,1.65,57200,0,1229800
NBCC30Jan2035CE.NFO,07/01/2020,11:13:01,1.55,1.5,42900,1.6,14300,0,1229800
NBCC30Jan2035CE.NFO,07/01/2020,11:14:02,1.55,1.5,71500,1.6,14300,0,1229800
NBCC30Jan2035CE.NFO,07/01/2020,11:14:07,1.55,1.5,71500,1.65,42900,0,1229800
NBCC30Jan2035CE.NFO,07/01/2020,11:15:01,1.55,1.5,42900,1.65,42900,0,1229800
NBCC30Jan2035CE.NFO,07/01/2020,11:15:08,1.55,1.5,42900,1.6,14300,0,1229800
NBCC30Jan2035CE.NFO,07/01/2020,11:15:41,1.55,1.5,42900,1.6,28600,0,1229800
NBCC30Jan2035CE.NFO,07/01/2020,11:16:09,1.55,1.5,28600,1.6,28600,0,1229800
NBCC30Jan2035CE.NFO,07/01/2020,11:16:15,1.55,1.5,28600,1.6,57200,0,1229800
NBCC30Jan2035CE.NFO,07/01/2020,11:16:28,1.55,1.5,14300,1.6,57200,0,1229800
NBCC30Jan2035CE.NFO,07/01/2020,11:16:33,1.55,1.5,14300,1.6,85800,0,1229800
NBCC30Jan2035CE.NFO,07/01/2020,11:16:38,1.55,1.5,28600,1.6,85800,0,1229800
NBCC30Jan2035CE.NFO,07/01/2020,11:17:43,1.55,1.5,71500,1.6,71500,0,1229800
NBCC30Jan2035CE.NFO,07/01/2020,11:18:22,1.55,1.5,85800,1.6,28600,0,1229800
NBCC30Jan2035CE.NFO,07/01/2020,11:18:26,1.55,1.5,85800,1.6,14300,0,1229800
NBCC30Jan2035CE.NFO,07/01/2020,11:18:44,1.55,1.5,100100,1.65,42900,0,1229800
NBCC30Jan2035CE.NFO,07/01/2020,11:18:51,1.55,1.55,14300,1.65,42900,0,1229800
NBCC30Jan2035CE.NFO,07/01/2020,11:18:57,1.55,1.55,28600,1.65,42900,0,1229800
NBCC30Jan2035CE.NFO,07/01/2020,11:19:31,1.55,1.55,14300,1.6,14300,0,1229800
NBCC30Jan2035CE.NFO,07/01/2020,11:21:50,1.6,1.55,57200,1.65,14300,14300,1229800
NBCC30Jan2035CE.NFO,07/01/2020,11:23:03,1.6,1.6,14300,1.65,28600,0,1229800
NBCC30Jan2035CE.NFO,07/01/2020,11:24:09,1.6,1.6,14300,1.7,42900,0,1229800
NBCC30Jan2035CE.NFO,07/01/2020,11:24:18,1.6,1.6,28600,1.7,42900,0,1229800
NBCC30Jan2035CE.NFO,07/01/2020,11:24:22,1.6,1.6,71500,1.7,42900,0,1229800
NBCC30Jan2035CE.NFO,07/01/2020,11:24:27,1.6,1.6,71500,1.7,28600,0,1229800
NBCC30Jan2035CE.NFO,07/01/2020,11:26:14,1.6,1.6,14300,1.7,28600,14300,1229800
NBCC30Jan2035CE.NFO,07/01/2020,11:27:43,1.6,1.6,14300,1.65,14300,0,1229800
NBCC30Jan2035CE.NFO,07/01/2020,11:27:53,1.6,1.55,71500,1.65,14300,0,1229800
NBCC30Jan2035CE.NFO,07/01/2020,11:27:57,1.6,1.55,85800,1.65,14300,0,1229800
NBCC30Jan2035CE.NFO,07/01/2020,11:28:18,1.6,1.55,42900,1.7,14300,0,1229800
NBCC30Jan2035CE.NFO,07/01/2020,11:28:47,1.6,1.55,42900,1.7,28600,0,1229800
NBCC30Jan2035CE.NFO,07/01/2020,11:29:05,1.6,1.55,28600,1.7,28600,0,1229800
NBCC30Jan2035CE.NFO,07/01/2020,11:29:13,1.6,1.55,28600,1.65,14300,0,1229800
NBCC30Jan2035CE.NFO,07/01/2020,11:29:23,1.6,1.6,14300,1.65,14300,0,1229800
NBCC30Jan2035CE.NFO,07/01/2020,11:29:26,1.6,1.6,14300,1.7,28600,0,1229800
NBCC30Jan2035CE.NFO,07/01/2020,11:29:44,1.6,1.55,42900,1.7,28600,0,1229800
NBCC30Jan2035CE.NFO,07/01/2020,11:29:52,1.6,1.55,42900,1.65,14300,0,1229800
NBCC30Jan2035CE.NFO,07/01/2020,11:30:29,1.6,1.55,71500,1.65,14300,0,1229800
NBCC30Jan2035CE.NFO,07/01/2020,11:30:33,1.6,1.55,71500,1.65,28600,0,1229800
NBCC30Jan2035CE.NFO,07/01/2020,11:31:09,1.6,1.6,14300,1.65,28600,0,1229800
NBCC30Jan2035CE.NFO,07/01/2020,11:31:14,1.6,1.6,14300,1.7,28600,0,1229800
NBCC30Jan2035CE.NFO,07/01/2020,11:31:24,1.6,1.6,14300,1.7,14300,0,1229800
NBCC30Jan2035CE.NFO,07/01/2020,11:31:29,1.6,1.6,28600,1.7,14300,0,1229800
NBCC30Jan2035CE.NFO,07/01/2020,11:32:24,1.6,1.6,71500,1.7,14300,0,1229800
NBCC30Jan2035CE.NFO,07/01/2020,11:32:34,1.6,1.6,28600,1.7,14300,0,1229800
NBCC30Jan2035CE.NFO,07/01/2020,11:33:17,1.6,1.6,42900,1.7,14300,0,1229800
NBCC30Jan2035CE.NFO,07/01/2020,11:33:50,1.6,1.6,85800,1.7,14300,0,1229800
NBCC30Jan2035CE.NFO,07/01/2020,11:33:54,1.6,1.6,42900,1.7,14300,0,1229800
NBCC30Jan2035CE.NFO,07/01/2020,11:34:01,1.6,1.65,14300,1.7,14300,0,1229800
NBCC30Jan2035CE.NFO,07/01/2020,11:34:14,1.6,1.65,28600,1.75,57200,0,1229800
NBCC30Jan2035CE.NFO,07/01/2020,11:34:33,1.6,1.65,28600,1.75,28600,0,1229800
NBCC30Jan2035CE.NFO,07/01/2020,11:39:54,1.6,1.65,28600,1.7,14300,0,1229800
NBCC30Jan2035CE.NFO,07/01/2020,11:40:59,1.6,1.65,14300,1.7,14300,0,1229800
NBCC30Jan2035CE.NFO,07/01/2020,11:41:26,1.6,1.6,57200,1.7,14300,0,1229800
NBCC30Jan2035CE.NFO,07/01/2020,11:47:19,1.6,1.6,57200,1.7,28600,0,1229800
NBCC30Jan2035CE.NFO,07/01/2020,11:48:34,1.6,1.6,42900,1.7,28600,0,1229800
NBCC30Jan2035CE.NFO,07/01/2020,11:48:42,1.6,1.6,42900,1.7,42900,0,1229800
NBCC30Jan2035CE.NFO,07/01/2020,11:48:46,1.6,1.6,42900,1.7,28600,0,1229800
NBCC30Jan2035CE.NFO,07/01/2020,11:48:52,1.6,1.6,42900,1.7,42900,0,1229800
NBCC30Jan2035CE.NFO,07/01/2020,11:49:20,1.6,1.6,28600,1.7,42900,0,1229800
NBCC30Jan2035CE.NFO,07/01/2020,11:49:37,1.6,1.6,28600,1.7,71500,0,1229800
NBCC30Jan2035CE.NFO,07/01/2020,11:49:40,1.6,1.6,28600,1.7,42900,0,1229800
NBCC30Jan2035CE.NFO,07/01/2020,11:50:04,1.6,1.55,42900,1.7,42900,28600,1229800
NBCC30Jan2035CE.NFO,07/01/2020,11:50:08,1.6,1.55,57200,1.7,42900,0,1229800
NBCC30Jan2035CE.NFO,07/01/2020,11:50:18,1.6,1.55,28600,1.7,42900,0,1229800
NBCC30Jan2035CE.NFO,07/01/2020,11:50:24,1.6,1.55,14300,1.7,42900,0,1229800
NBCC30Jan2035CE.NFO,07/01/2020,11:51:33,1.6,1.55,57200,1.7,42900,0,1229800
NBCC30Jan2035CE.NFO,07/01/2020,11:51:38,1.6,1.55,14300,1.7,42900,0,1229800
NBCC30Jan2035CE.NFO,07/01/2020,11:51:56,1.6,1.55,14300,1.7,28600,0,1229800
NBCC30Jan2035CE.NFO,07/01/2020,11:52:00,1.6,1.55,14300,1.7,42900,0,1229800
NBCC30Jan2035CE.NFO,07/01/2020,11:52:15,1.6,1.55,57200,1.7,28600,0,1229800
NBCC30Jan2035CE.NFO,07/01/2020,11:52:19,1.6,1.55,14300,1.7,28600,0,1229800
NBCC30Jan2035CE.NFO,07/01/2020,11:52:34,1.6,1.55,14300,1.7,71500,0,1229800
NBCC30Jan2035CE.NFO,07/01/2020,11:52:41,1.6,1.55,14300,1.7,57200,0,1229800
NBCC30Jan2035CE.NFO,07/01/2020,11:52:56,1.6,1.55,85800,1.7,57200,0,1229800
NBCC30Jan2035CE.NFO,07/01/2020,11:53:01,1.6,1.55,14300,1.7,57200,0,1229800
NBCC30Jan2035CE.NFO,07/01/2020,11:53:06,1.6,1.55,14300,1.65,14300,0,1229800
NBCC30Jan2035CE.NFO,07/01/2020,11:53:10,1.6,1.55,14300,1.7,57200,0,1229800
NBCC30Jan2035CE.NFO,07/01/2020,11:54:00,1.6,1.55,14300,1.7,71500,0,1229800
NBCC30Jan2035CE.NFO,07/01/2020,11:54:10,1.6,1.55,14300,1.7,57200,0,1229800
NBCC30Jan2035CE.NFO,07/01/2020,11:54:26,1.6,1.55,14300,1.7,71500,0,1229800
NBCC30Jan2035CE.NFO,07/01/2020,11:54:43,1.6,1.55,14300,1.7,57200,0,1229800
NBCC30Jan2035CE.NFO,07/01/2020,11:54:45,1.6,1.55,14300,1.7,71500,0,1229800
NBCC30Jan2035CE.NFO,07/01/2020,11:54:51,1.6,1.55,14300,1.65,14300,0,1229800
NBCC30Jan2035CE.NFO,07/01/2020,11:54:59,1.6,1.5,85800,1.65,14300,0,1229800
NBCC30Jan2035CE.NFO,07/01/2020,11:55:06,1.6,1.5,28600,1.65,42900,0,1229800
NBCC30Jan2035CE.NFO,07/01/2020,11:55:19,1.6,1.5,85800,1.65,14300,0,1229800
NBCC30Jan2035CE.NFO,07/01/2020,11:55:23,1.6,1.55,14300,1.65,14300,0,1229800
NBCC30Jan2035CE.NFO,07/01/2020,11:55:26,1.6,1.55,14300,1.65,28600,0,1229800
NBCC30Jan2035CE.NFO,07/01/2020,11:55:29,1.6,1.55,14300,1.65,14300,0,1229800
NBCC30Jan2035CE.NFO,07/01/2020,11:55:35,1.6,1.55,14300,1.7,100100,0,1229800
NBCC30Jan2035CE.NFO,07/01/2020,11:55:39,1.6,1.55,14300,1.7,157300,0,1229800
NBCC30Jan2035CE.NFO,07/01/2020,11:55:42,1.6,1.55,14300,1.65,28600,0,1229800
NBCC30Jan2035CE.NFO,07/01/2020,11:56:20,1.6,1.55,14300,1.65,14300,0,1229800
NBCC30Jan2035CE.NFO,07/01/2020,11:56:22,1.6,1.55,14300,1.65,28600,0,1229800
NBCC30Jan2035CE.NFO,07/01/2020,11:56:26,1.6,1.55,14300,1.65,57200,0,1229800
NBCC30Jan2035CE.NFO,07/01/2020,11:56:44,1.6,1.55,14300,1.65,42900,0,1229800
NBCC30Jan2035CE.NFO,07/01/2020,11:57:10,1.6,1.55,28600,1.65,42900,0,1229800
NBCC30Jan2035CE.NFO,07/01/2020,11:57:54,1.6,1.55,28600,1.65,57200,0,1229800
NBCC30Jan2035CE.NFO,07/01/2020,11:58:34,1.6,1.55,28600,1.65,42900,0,1229800
NBCC30Jan2035CE.NFO,07/01/2020,11:59:21,1.6,1.55,28600,1.65,57200,0,1229800
NBCC30Jan2035CE.NFO,07/01/2020,11:59:45,1.6,1.55,28600,1.65,42900,0,1229800
NBCC30Jan2035CE.NFO,07/01/2020,11:59:54,1.6,1.55,28600,1.65,57200,0,1229800
NBCC30Jan2035CE.NFO,07/01/2020,12:00:13,1.6,1.55,28600,1.65,42900,0,1229800
NBCC30Jan2035CE.NFO,07/01/2020,12:00:21,1.6,1.55,28600,1.65,57200,0,1229800
NBCC30Jan2035CE.NFO,07/01/2020,12:00:38,1.6,1.55,28600,1.65,28600,0,1229800
NBCC30Jan2035CE.NFO,07/01/2020,12:00:42,1.6,1.55,28600,1.65,14300,0,1229800
NBCC30Jan2035CE.NFO,07/01/2020,12:00:45,1.6,1.55,28600,1.65,28600,0,1229800
NBCC30Jan2035CE.NFO,07/01/2020,12:01:10,1.6,1.55,28600,1.65,14300,0,1229800
NBCC30Jan2035CE.NFO,07/01/2020,12:02:40,1.6,1.55,100100,1.65,14300,0,1229800
NBCC30Jan2035CE.NFO,07/01/2020,12:02:47,1.6,1.55,85800,1.7,57200,0,1229800
NBCC30Jan2035CE.NFO,07/01/2020,12:02:58,1.6,1.55,42900,1.7,57200,0,1229800
NBCC30Jan2035CE.NFO,07/01/2020,12:03:09,1.6,1.55,42900,1.7,71500,0,1229800
NBCC30Jan2035CE.NFO,07/01/2020,12:03:15,1.6,1.55,28600,1.65,14300,0,1229800
NBCC30Jan2035CE.NFO,07/01/2020,12:06:01,1.6,1.55,28600,1.6,14300,0,1229800
NBCC30Jan2035CE.NFO,07/01/2020,12:06:14,1.6,1.55,14300,1.6,14300,0,1229800
NBCC30Jan2035CE.NFO,07/01/2020,12:06:18,1.6,1.5,100100,1.6,14300,0,1229800
NBCC30Jan2035CE.NFO,07/01/2020,12:06:22,1.6,1.55,14300,1.6,14300,0,1229800
NBCC30Jan2035CE.NFO,07/01/2020,12:06:29,1.6,1.55,28600,1.6,14300,0,1229800
NBCC30Jan2035CE.NFO,07/01/2020,12:06:38,1.6,1.55,28600,1.65,14300,0,1229800
NBCC30Jan2035CE.NFO,07/01/2020,12:07:12,1.6,1.55,14300,1.65,14300,0,1229800
NBCC30Jan2035CE.NFO,07/01/2020,12:08:02,1.6,1.55,28600,1.65,14300,0,1229800
NBCC30Jan2035CE.NFO,07/01/2020,12:08:06,1.6,1.55,14300,1.65,14300,0,1229800
NBCC30Jan2035CE.NFO,07/01/2020,12:08:25,1.6,1.55,57200,1.7,57200,0,1229800
NBCC30Jan2035CE.NFO,07/01/2020,12:08:56,1.6,1.6,14300,1.7,57200,0,1229800
NBCC30Jan2035CE.NFO,07/01/2020,12:13:49,1.6,1.6,14300,1.7,42900,0,1229800
NBCC30Jan2035CE.NFO,07/01/2020,12:13:53,1.6,1.6,57200,1.7,42900,0,1229800
NBCC30Jan2035CE.NFO,07/01/2020,12:14:02,1.6,1.6,14300,1.7,42900,0,1229800
NBCC30Jan2035CE.NFO,07/01/2020,12:21:09,1.6,1.6,14300,1.7,28600,0,1229800
NBCC30Jan2035CE.NFO,07/01/2020,12:27:46,1.6,1.6,14300,1.7,28600,0,1258400
NBCC30Jan2035CE.NFO,07/01/2020,12:29:09,1.6,1.6,14300,1.7,42900,0,1258400
NBCC30Jan2035CE.NFO,07/01/2020,12:29:13,1.6,1.6,14300,1.7,28600,0,1258400
NBCC30Jan2035CE.NFO,07/01/2020,12:29:28,1.6,1.55,42900,1.7,28600,0,1258400
NBCC30Jan2035CE.NFO,07/01/2020,12:30:05,1.6,1.55,42900,1.7,42900,0,1258400
NBCC30Jan2035CE.NFO,07/01/2020,12:30:36,1.6,1.55,28600,1.7,42900,0,1258400
NBCC30Jan2035CE.NFO,07/01/2020,12:30:40,1.6,1.55,42900,1.7,42900,0,1258400
NBCC30Jan2035CE.NFO,07/01/2020,12:30:45,1.6,1.55,28600,1.7,42900,0,1258400
NBCC30Jan2035CE.NFO,07/01/2020,12:30:50,1.6,1.55,42900,1.7,42900,0,1258400
NBCC30Jan2035CE.NFO,07/01/2020,12:30:56,1.6,1.55,28600,1.7,42900,0,1258400
NBCC30Jan2035CE.NFO,07/01/2020,12:31:01,1.6,1.55,42900,1.7,42900,0,1258400
NBCC30Jan2035CE.NFO,07/01/2020,12:31:06,1.6,1.55,28600,1.7,42900,0,1258400
NBCC30Jan2035CE.NFO,07/01/2020,12:31:10,1.6,1.55,42900,1.7,42900,0,1258400
NBCC30Jan2035CE.NFO,07/01/2020,12:31:46,1.6,1.55,28600,1.7,42900,0,1258400
NBCC30Jan2035CE.NFO,07/01/2020,12:31:50,1.6,1.55,42900,1.7,42900,0,1258400
NBCC30Jan2035CE.NFO,07/01/2020,12:31:53,1.6,1.55,28600,1.7,42900,0,1258400
NBCC30Jan2035CE.NFO,07/01/2020,12:31:57,1.6,1.55,42900,1.7,42900,0,1258400
NBCC30Jan2035CE.NFO,07/01/2020,12:32:11,1.6,1.55,57200,1.7,42900,0,1258400
NBCC30Jan2035CE.NFO,07/01/2020,12:32:29,1.6,1.55,14300,1.65,28600,0,1258400
NBCC30Jan2035CE.NFO,07/01/2020,12:37:43,1.6,1.55,57200,1.65,28600,0,1258400
NBCC30Jan2035CE.NFO,07/01/2020,12:37:48,1.6,1.55,14300,1.65,28600,0,1258400
NBCC30Jan2035CE.NFO,07/01/2020,12:38:48,1.6,1.55,28600,1.65,28600,0,1258400
NBCC30Jan2035CE.NFO,07/01/2020,12:38:53,1.6,1.55,14300,1.65,28600,0,1258400
NBCC30Jan2035CE.NFO,07/01/2020,12:39:20,1.6,1.55,57200,1.65,28600,0,1258400
NBCC30Jan2035CE.NFO,07/01/2020,12:39:26,1.6,1.55,28600,1.65,28600,0,1258400
NBCC30Jan2035CE.NFO,07/01/2020,12:39:38,1.6,1.55,14300,1.65,28600,0,1258400
NBCC30Jan2035CE.NFO,07/01/2020,12:39:57,1.6,1.6,14300,1.65,28600,0,1258400
NBCC30Jan2035CE.NFO,07/01/2020,12:41:31,1.6,1.6,14300,1.65,14300,0,1258400
NBCC30Jan2035CE.NFO,07/01/2020,12:43:38,1.6,1.5,85800,1.65,14300,14300,1258400
NBCC30Jan2035CE.NFO,07/01/2020,12:43:47,1.6,1.55,14300,1.65,14300,0,1258400
NBCC30Jan2035CE.NFO,07/01/2020,12:43:53,1.6,1.5,85800,1.65,14300,0,1258400
NBCC30Jan2035CE.NFO,07/01/2020,12:44:23,1.6,1.55,42900,1.7,57200,0,1258400
NBCC30Jan2035CE.NFO,07/01/2020,12:44:28,1.6,1.55,42900,1.65,14300,0,1258400
NBCC30Jan2035CE.NFO,07/01/2020,12:44:30,1.6,1.55,42900,1.7,57200,0,1258400
NBCC30Jan2035CE.NFO,07/01/2020,12:44:38,1.6,1.55,42900,1.65,14300,0,1258400
NBCC30Jan2035CE.NFO,07/01/2020,12:44:40,1.6,1.55,42900,1.7,57200,0,1258400
NBCC30Jan2035CE.NFO,07/01/2020,12:44:44,1.6,1.55,42900,1.65,14300,0,1258400
NBCC30Jan2035CE.NFO,07/01/2020,12:44:50,1.6,1.55,42900,1.7,57200,0,1258400
NBCC30Jan2035CE.NFO,07/01/2020,12:44:58,1.6,1.55,42900,1.65,14300,0,1258400
NBCC30Jan2035CE.NFO,07/01/2020,12:45:00,1.6,1.55,42900,1.7,57200,0,1258400
NBCC30Jan2035CE.NFO,07/01/2020,12:45:03,1.6,1.55,42900,1.65,14300,0,1258400
NBCC30Jan2035CE.NFO,07/01/2020,12:45:06,1.6,1.55,42900,1.7,57200,0,1258400
NBCC30Jan2035CE.NFO,07/01/2020,12:45:12,1.6,1.55,42900,1.65,14300,0,1258400
NBCC30Jan2035CE.NFO,07/01/2020,12:45:16,1.6,1.55,42900,1.7,57200,0,1258400
NBCC30Jan2035CE.NFO,07/01/2020,12:45:18,1.6,1.55,42900,1.65,14300,0,1258400
NBCC30Jan2035CE.NFO,07/01/2020,12:45:20,1.6,1.55,42900,1.7,57200,0,1258400
NBCC30Jan2035CE.NFO,07/01/2020,12:45:21,1.6,1.55,42900,1.65,14300,0,1258400
NBCC30Jan2035CE.NFO,07/01/2020,12:45:25,1.6,1.55,42900,1.7,57200,0,1258400
NBCC30Jan2035CE.NFO,07/01/2020,12:45:27,1.6,1.55,42900,1.65,14300,0,1258400
NBCC30Jan2035CE.NFO,07/01/2020,12:45:29,1.6,1.55,42900,1.7,57200,0,1258400
NBCC30Jan2035CE.NFO,07/01/2020,12:45:30,1.6,1.55,42900,1.65,14300,0,1258400
NBCC30Jan2035CE.NFO,07/01/2020,12:45:31,1.6,1.55,42900,1.7,57200,0,1258400
NBCC30Jan2035CE.NFO,07/01/2020,12:45:35,1.6,1.55,42900,1.65,14300,0,1258400
NBCC30Jan2035CE.NFO,07/01/2020,12:45:37,1.6,1.55,42900,1.7,57200,0,1258400
NBCC30Jan2035CE.NFO,07/01/2020,12:45:38,1.6,1.55,42900,1.65,14300,0,1258400
NBCC30Jan2035CE.NFO,07/01/2020,12:45:40,1.6,1.55,42900,1.7,57200,0,1258400
NBCC30Jan2035CE.NFO,07/01/2020,12:45:40,1.6,1.55,42900,1.65,14300,0,1258400
NBCC30Jan2035CE.NFO,07/01/2020,12:45:46,1.6,1.55,42900,1.7,57200,0,1258400
NBCC30Jan2035CE.NFO,07/01/2020,12:45:52,1.6,1.55,42900,1.65,14300,0,1258400
NBCC30Jan2035CE.NFO,07/01/2020,12:45:55,1.6,1.55,42900,1.7,57200,0,1258400
NBCC30Jan2035CE.NFO,07/01/2020,12:45:57,1.6,1.55,42900,1.65,14300,0,1258400
NBCC30Jan2035CE.NFO,07/01/2020,12:45:59,1.6,1.55,42900,1.7,57200,0,1258400
NBCC30Jan2035CE.NFO,07/01/2020,12:46:00,1.6,1.55,42900,1.65,14300,0,1258400
NBCC30Jan2035CE.NFO,07/01/2020,12:46:01,1.6,1.55,42900,1.7,57200,0,1258400
NBCC30Jan2035CE.NFO,07/01/2020,12:46:05,1.6,1.55,42900,1.65,14300,0,1258400
NBCC30Jan2035CE.NFO,07/01/2020,12:46:06,1.6,1.55,42900,1.7,57200,0,1258400
NBCC30Jan2035CE.NFO,07/01/2020,12:46:10,1.6,1.55,42900,1.65,14300,0,1258400
NBCC30Jan2035CE.NFO,07/01/2020,12:46:11,1.6,1.55,42900,1.7,57200,0,1258400
NBCC30Jan2035CE.NFO,07/01/2020,12:46:14,1.6,1.55,42900,1.65,14300,0,1258400
NBCC30Jan2035CE.NFO,07/01/2020,12:46:17,1.6,1.55,42900,1.7,57200,0,1258400
NBCC30Jan2035CE.NFO,07/01/2020,12:46:18,1.6,1.55,42900,1.65,14300,0,1258400
NBCC30Jan2035CE.NFO,07/01/2020,12:46:19,1.6,1.55,42900,1.7,57200,0,1258400
NBCC30Jan2035CE.NFO,07/01/2020,12:46:20,1.6,1.55,42900,1.65,14300,0,1258400
NBCC30Jan2035CE.NFO,07/01/2020,12:46:20,1.6,1.55,42900,1.7,57200,0,1258400
NBCC30Jan2035CE.NFO,07/01/2020,12:46:24,1.6,1.55,42900,1.65,14300,0,1258400
NBCC30Jan2035CE.NFO,07/01/2020,12:46:26,1.6,1.55,42900,1.7,57200,0,1258400
NBCC30Jan2035CE.NFO,07/01/2020,12:46:28,1.6,1.55,42900,1.65,14300,0,1258400
NBCC30Jan2035CE.NFO,07/01/2020,12:46:30,1.6,1.55,42900,1.7,57200,0,1258400
NBCC30Jan2035CE.NFO,07/01/2020,12:46:31,1.6,1.55,42900,1.65,14300,0,1258400
NBCC30Jan2035CE.NFO,07/01/2020,12:46:31,1.6,1.55,42900,1.7,57200,0,1258400
NBCC30Jan2035CE.NFO,07/01/2020,12:46:34,1.6,1.55,42900,1.65,14300,0,1258400
NBCC30Jan2035CE.NFO,07/01/2020,12:46:39,1.6,1.55,42900,1.7,57200,0,1258400
NBCC30Jan2035CE.NFO,07/01/2020,12:46:40,1.6,1.55,42900,1.65,14300,0,1258400
NBCC30Jan2035CE.NFO,07/01/2020,12:46:43,1.6,1.55,42900,1.7,57200,0,1258400
NBCC30Jan2035CE.NFO,07/01/2020,12:46:47,1.6,1.55,42900,1.65,14300,0,1258400
NBCC30Jan2035CE.NFO,07/01/2020,12:46:49,1.6,1.55,42900,1.7,57200,0,1258400
NBCC30Jan2035CE.NFO,07/01/2020,12:46:54,1.6,1.55,42900,1.65,14300,0,1258400
NBCC30Jan2035CE.NFO,07/01/2020,12:46:56,1.6,1.55,42900,1.7,57200,0,1258400
NBCC30Jan2035CE.NFO,07/01/2020,12:47:00,1.6,1.55,42900,1.65,14300,0,1258400
NBCC30Jan2035CE.NFO,07/01/2020,12:47:00,1.6,1.55,42900,1.7,57200,0,1258400
NBCC30Jan2035CE.NFO,07/01/2020,12:47:02,1.6,1.55,42900,1.65,14300,0,1258400
NBCC30Jan2035CE.NFO,07/01/2020,12:47:03,1.6,1.55,42900,1.7,57200,0,1258400
NBCC30Jan2035CE.NFO,07/01/2020,12:47:06,1.6,1.55,42900,1.65,14300,0,1258400
NBCC30Jan2035CE.NFO,07/01/2020,12:47:08,1.6,1.55,42900,1.7,57200,0,1258400
NBCC30Jan2035CE.NFO,07/01/2020,12:47:09,1.6,1.55,42900,1.65,14300,0,1258400
NBCC30Jan2035CE.NFO,07/01/2020,12:47:10,1.6,1.55,42900,1.7,57200,0,1258400
NBCC30Jan2035CE.NFO,07/01/2020,12:47:13,1.6,1.55,42900,1.65,14300,0,1258400
NBCC30Jan2035CE.NFO,07/01/2020,12:47:18,1.6,1.55,42900,1.7,57200,0,1258400
NBCC30Jan2035CE.NFO,07/01/2020,12:47:20,1.6,1.55,42900,1.65,14300,0,1258400
NBCC30Jan2035CE.NFO,07/01/2020,12:47:21,1.6,1.55,42900,1.7,57200,0,1258400
NBCC30Jan2035CE.NFO,07/01/2020,12:47:24,1.6,1.55,42900,1.65,14300,0,1258400
NBCC30Jan2035CE.NFO,07/01/2020,12:47:26,1.6,1.55,42900,1.7,57200,0,1258400
NBCC30Jan2035CE.NFO,07/01/2020,12:47:28,1.6,1.55,42900,1.65,14300,0,1258400
NBCC30Jan2035CE.NFO,07/01/2020,12:47:28,1.6,1.55,42900,1.7,57200,0,1258400
NBCC30Jan2035CE.NFO,07/01/2020,12:47:34,1.6,1.55,42900,1.65,14300,0,1258400
NBCC30Jan2035CE.NFO,07/01/2020,12:47:34,1.6,1.55,42900,1.7,57200,0,1258400
NBCC30Jan2035CE.NFO,07/01/2020,12:47:36,1.6,1.55,42900,1.65,14300,0,1258400
NBCC30Jan2035CE.NFO,07/01/2020,12:47:38,1.6,1.55,42900,1.7,57200,0,1258400
NBCC30Jan2035CE.NFO,07/01/2020,12:47:40,1.6,1.55,42900,1.65,14300,0,1258400
NBCC30Jan2035CE.NFO,07/01/2020,12:47:43,1.6,1.55,42900,1.7,57200,0,1258400
NBCC30Jan2035CE.NFO,07/01/2020,12:47:44,1.6,1.55,42900,1.65,14300,0,1258400
NBCC30Jan2035CE.NFO,07/01/2020,12:47:49,1.6,1.55,42900,1.7,57200,0,1258400
NBCC30Jan2035CE.NFO,07/01/2020,12:47:54,1.6,1.55,42900,1.65,14300,0,1258400
NBCC30Jan2035CE.NFO,07/01/2020,12:47:57,1.6,1.55,42900,1.7,57200,0,1258400
NBCC30Jan2035CE.NFO,07/01/2020,12:47:58,1.6,1.55,42900,1.65,14300,0,1258400
NBCC30Jan2035CE.NFO,07/01/2020,12:48:03,1.6,1.55,42900,1.7,57200,0,1258400
NBCC30Jan2035CE.NFO,07/01/2020,12:48:04,1.6,1.55,42900,1.7,28600,0,1258400
NBCC30Jan2035CE.NFO,07/01/2020,12:49:18,1.6,1.55,14300,1.7,28600,0,1258400
NBCC30Jan2035CE.NFO,07/01/2020,12:49:22,1.6,1.55,42900,1.7,28600,0,1258400
NBCC30Jan2035CE.NFO,07/01/2020,12:50:25,1.6,1.6,14300,1.7,28600,0,1258400
NBCC30Jan2035CE.NFO,07/01/2020,12:54:09,1.6,1.6,14300,1.65,14300,0,1258400
NBCC30Jan2035CE.NFO,07/01/2020,12:54:14,1.6,1.6,14300,1.7,28600,0,1258400
NBCC30Jan2035CE.NFO,07/01/2020,12:54:26,1.6,1.6,14300,1.7,42900,0,1258400
NBCC30Jan2035CE.NFO,07/01/2020,12:54:39,1.6,1.6,14300,1.7,28600,0,1258400
NBCC30Jan2035CE.NFO,07/01/2020,12:55:40,1.6,1.6,14300,1.65,14300,0,1258400
NBCC30Jan2035CE.NFO,07/01/2020,12:55:44,1.6,1.6,14300,1.7,28600,0,1258400
NBCC30Jan2035CE.NFO,07/01/2020,12:57:39,1.6,1.6,14300,1.65,14300,0,1258400
NBCC30Jan2035CE.NFO,07/01/2020,12:58:22,1.6,1.55,14300,1.65,14300,0,1258400
NBCC30Jan2035CE.NFO,07/01/2020,12:59:26,1.6,1.55,14300,1.65,42900,0,1258400
NBCC30Jan2035CE.NFO,07/01/2020,12:59:44,1.6,1.5,85800,1.65,42900,0,1258400
NBCC30Jan2035CE.NFO,07/01/2020,12:59:48,1.6,1.5,57200,1.65,42900,0,1258400
NBCC30Jan2035CE.NFO,07/01/2020,13:00:14,1.6,1.5,57200,1.6,14300,0,1258400
NBCC30Jan2035CE.NFO,07/01/2020,13:01:00,1.6,1.5,57200,1.65,42900,0,1258400
NBCC30Jan2035CE.NFO,07/01/2020,13:01:13,1.6,1.5,57200,1.6,28600,0,1258400
NBCC30Jan2035CE.NFO,07/01/2020,13:01:19,1.6,1.5,14300,1.6,28600,0,1258400
NBCC30Jan2035CE.NFO,07/01/2020,13:01:27,1.6,1.45,85800,1.6,28600,0,1258400
NBCC30Jan2035CE.NFO,07/01/2020,13:01:45,1.6,1.45,42900,1.6,57200,0,1258400
NBCC30Jan2035CE.NFO,07/01/2020,13:01:51,1.6,1.45,85800,1.6,28600,0,1258400
NBCC30Jan2035CE.NFO,07/01/2020,13:02:23,1.6,1.45,100100,1.6,28600,0,1258400
NBCC30Jan2035CE.NFO,07/01/2020,13:02:33,1.6,1.45,114400,1.6,28600,0,1258400
NBCC30Jan2035CE.NFO,07/01/2020,13:02:44,1.6,1.45,100100,1.6,28600,0,1258400
NBCC30Jan2035CE.NFO,07/01/2020,13:02:49,1.6,1.45,71500,1.6,28600,0,1258400
NBCC30Jan2035CE.NFO,07/01/2020,13:02:54,1.6,1.45,57200,1.6,57200,0,1258400
NBCC30Jan2035CE.NFO,07/01/2020,13:02:58,1.6,1.45,71500,1.6,28600,0,1258400
NBCC30Jan2035CE.NFO,07/01/2020,13:03:30,1.6,1.45,71500,1.6,42900,0,1258400
NBCC30Jan2035CE.NFO,07/01/2020,13:03:54,1.6,1.5,14300,1.6,42900,0,1258400
NBCC30Jan2035CE.NFO,07/01/2020,13:04:48,1.6,1.5,14300,1.6,71500,0,1258400
NBCC30Jan2035CE.NFO,07/01/2020,13:04:56,1.6,1.5,14300,1.55,14300,0,1258400
NBCC30Jan2035CE.NFO,07/01/2020,13:05:01,1.5,1.45,28600,1.55,28600,14300,1258400
NBCC30Jan2035CE.NFO,07/01/2020,13:05:01,1.5,1.45,28600,1.55,28600,0,1258400
NBCC30Jan2035CE.NFO,07/01/2020,13:05:19,1.5,1.45,28600,1.55,28600,0,1258400
NBCC30Jan2035CE.NFO,07/01/2020,13:08:44,1.5,1.45,28600,1.55,57200,0,1258400
NBCC30Jan2035CE.NFO,07/01/2020,13:08:51,1.5,1.45,28600,1.5,14300,0,1258400
NBCC30Jan2035CE.NFO,07/01/2020,13:09:17,1.5,1.45,28600,1.55,42900,0,1258400
NBCC30Jan2035CE.NFO,07/01/2020,13:10:12,1.45,1.45,14300,1.55,42900,14300,1258400
NBCC30Jan2035CE.NFO,07/01/2020,13:10:12,1.45,1.45,14300,1.55,42900,0,1258400
NBCC30Jan2035CE.NFO,07/01/2020,13:10:19,1.45,1.4,42900,1.5,42900,0,1258400
NBCC30Jan2035CE.NFO,07/01/2020,13:10:24,1.45,1.4,28600,1.5,42900,0,1258400
NBCC30Jan2035CE.NFO,07/01/2020,13:10:30,1.45,1.4,28600,1.45,14300,0,1258400
NBCC30Jan2035CE.NFO,07/01/2020,13:10:55,1.45,1.4,57200,1.45,14300,0,1258400
NBCC30Jan2035CE.NFO,07/01/2020,13:11:11,1.45,1.4,57200,1.5,42900,0,1258400
NBCC30Jan2035CE.NFO,07/01/2020,13:11:21,1.4,1.4,14300,1.45,28600,57200,1258400
NBCC30Jan2035CE.NFO,07/01/2020,13:11:21,1.4,1.4,14300,1.45,28600,0,1258400
NBCC30Jan2035CE.NFO,07/01/2020,13:11:25,1.4,1.4,14300,1.45,28600,0,1258400
NBCC30Jan2035CE.NFO,07/01/2020,13:11:38,1.4,1.4,14300,1.5,71500,0,1258400
NBCC30Jan2035CE.NFO,07/01/2020,13:11:43,1.4,1.4,57200,1.5,71500,0,1258400
NBCC30Jan2035CE.NFO,07/01/2020,13:11:55,1.4,1.4,71500,1.5,71500,0,1258400
NBCC30Jan2035CE.NFO,07/01/2020,13:12:13,1.4,1.4,85800,1.5,71500,0,1258400
NBCC30Jan2035CE.NFO,07/01/2020,13:12:22,1.4,1.4,71500,1.5,71500,0,1258400
NBCC30Jan2035CE.NFO,07/01/2020,13:12:49,1.4,1.4,28600,1.5,71500,0,1258400
NBCC30Jan2035CE.NFO,07/01/2020,13:13:18,1.4,1.4,71500,1.5,71500,0,1258400
NBCC30Jan2035CE.NFO,07/01/2020,13:13:37,1.4,1.4,85800,1.5,71500,0,1258400
NBCC30Jan2035CE.NFO,07/01/2020,13:13:46,1.4,1.4,57200,1.5,71500,0,1258400
NBCC30Jan2035CE.NFO,07/01/2020,13:13:56,1.4,1.4,42900,1.5,71500,0,1258400
NBCC30Jan2035CE.NFO,07/01/2020,13:14:21,1.4,1.4,57200,1.5,71500,0,1258400
NBCC30Jan2035CE.NFO,07/01/2020,13:14:32,1.4,1.4,42900,1.5,71500,0,1258400
NBCC30Jan2035CE.NFO,07/01/2020,13:15:07,1.4,1.4,28600,1.45,28600,0,1258400
NBCC30Jan2035CE.NFO,07/01/2020,13:15:43,1.4,1.4,14300,1.45,28600,0,1258400
NBCC30Jan2035CE.NFO,07/01/2020,13:17:39,1.4,1.35,42900,1.45,28600,14300,1287000
NBCC30Jan2035CE.NFO,07/01/2020,13:18:11,1.4,1.35,42900,1.45,28600,0,1287000
NBCC30Jan2035CE.NFO,07/01/2020,13:18:43,1.4,1.35,28600,1.45,28600,0,1287000
NBCC30Jan2035CE.NFO,07/01/2020,13:18:49,1.4,1.35,42900,1.45,28600,0,1287000
NBCC30Jan2035CE.NFO,07/01/2020,13:19:12,1.4,1.35,14300,1.45,28600,0,1287000
NBCC30Jan2035CE.NFO,07/01/2020,13:21:00,1.4,1.35,28600,1.45,28600,0,1287000
NBCC30Jan2035CE.NFO,07/01/2020,13:21:07,1.4,1.35,14300,1.45,28600,0,1287000
NBCC30Jan2035CE.NFO,07/01/2020,13:21:28,1.4,1.35,14300,1.45,28600,14300,1272700
NBCC30Jan2035CE.NFO,07/01/2020,13:21:37,1.4,1.35,14300,1.45,28600,0,1272700
NBCC30Jan2035CE.NFO,07/01/2020,13:23:03,1.3,1.3,14300,1.45,42900,28600,1272700
NBCC30Jan2035CE.NFO,07/01/2020,13:23:03,1.3,1.3,14300,1.45,42900,0,1272700
NBCC30Jan2035CE.NFO,07/01/2020,13:23:09,1.3,1.3,14300,1.45,42900,0,1272700
NBCC30Jan2035CE.NFO,07/01/2020,13:23:14,1.3,1.3,28600,1.4,14300,0,1272700
NBCC30Jan2035CE.NFO,07/01/2020,13:23:19,1.3,1.3,28600,1.4,28600,0,1272700
NBCC30Jan2035CE.NFO,07/01/2020,13:24:11,1.3,1.3,57200,1.4,28600,0,1272700
NBCC30Jan2035CE.NFO,07/01/2020,13:24:38,1.3,1.3,57200,1.4,14300,0,1272700
NBCC30Jan2035CE.NFO,07/01/2020,13:24:46,1.3,1.35,14300,1.45,14300,0,1272700
NBCC30Jan2035CE.NFO,07/01/2020,13:25:04,1.3,1.35,28600,1.45,14300,0,1272700
NBCC30Jan2035CE.NFO,07/01/2020,13:25:50,1.3,1.4,14300,1.45,14300,0,1272700
NBCC30Jan2035CE.NFO,07/01/2020,13:26:16,1.3,1.4,14300,1.5,42900,0,1272700
NBCC30Jan2035CE.NFO,07/01/2020,13:26:47,1.3,1.4,14300,1.5,57200,0,1272700
NBCC30Jan2035CE.NFO,07/01/2020,13:27:51,1.3,1.4,14300,1.45,14300,0,1272700
NBCC30Jan2035CE.NFO,07/01/2020,13:28:04,1.4,1.35,57200,1.45,14300,14300,1301300
NBCC30Jan2035CE.NFO,07/01/2020,13:28:09,1.4,1.35,57200,1.45,14300,0,1301300
NBCC30Jan2035CE.NFO,07/01/2020,13:28:49,1.4,1.35,28600,1.45,14300,0,1301300
NBCC30Jan2035CE.NFO,07/01/2020,13:28:55,1.4,1.35,28600,1.45,28600,0,1301300
NBCC30Jan2035CE.NFO,07/01/2020,13:29:03,1.4,1.35,14300,1.45,28600,0,1301300
NBCC30Jan2035CE.NFO,07/01/2020,13:29:44,1.4,1.35,14300,1.4,14300,0,1301300
NBCC30Jan2035CE.NFO,07/01/2020,13:29:50,1.4,1.3,57200,1.4,14300,0,1301300
NBCC30Jan2035CE.NFO,07/01/2020,13:30:28,1.4,1.3,28600,1.4,14300,0,1301300
NBCC30Jan2035CE.NFO,07/01/2020,13:30:36,1.4,1.3,14300,1.4,14300,0,1301300
NBCC30Jan2035CE.NFO,07/01/2020,13:30:43,1.4,1.3,14300,1.4,28600,0,1301300
NBCC30Jan2035CE.NFO,07/01/2020,13:31:32,1.4,1.25,71500,1.4,28600,0,1301300
NBCC30Jan2035CE.NFO,07/01/2020,13:31:40,1.4,1.3,14300,1.4,28600,0,1301300
NBCC30Jan2035CE.NFO,07/01/2020,13:31:47,1.4,1.3,14300,1.4,57200,0,1301300
NBCC30Jan2035CE.NFO,07/01/2020,13:33:09,1.4,1.3,28600,1.4,57200,0,1301300
NBCC30Jan2035CE.NFO,07/01/2020,13:33:31,1.4,1.3,28600,1.4,28600,0,1301300
NBCC30Jan2035CE.NFO,07/01/2020,13:35:25,1.4,1.35,14300,1.4,14300,0,1301300
NBCC30Jan2035CE.NFO,07/01/2020,13:35:38,1.4,1.35,28600,1.4,14300,0,1301300
NBCC30Jan2035CE.NFO,07/01/2020,13:35:53,1.4,1.35,28600,1.45,28600,0,1301300
NBCC30Jan2035CE.NFO,07/01/2020,13:36:16,1.4,1.35,28600,1.45,14300,0,1301300
NBCC30Jan2035CE.NFO,07/01/2020,13:37:35,1.4,1.35,28600,1.45,28600,0,1301300
NBCC30Jan2035CE.NFO,07/01/2020,13:37:46,1.4,1.35,57200,1.45,28600,0,1301300
NBCC30Jan2035CE.NFO,07/01/2020,13:38:31,1.4,1.35,28600,1.45,28600,0,1301300
NBCC30Jan2035CE.NFO,07/01/2020,13:38:46,1.4,1.35,57200,1.45,28600,0,1301300
NBCC30Jan2035CE.NFO,07/01/2020,13:39:36,1.4,1.35,28600,1.45,28600,0,1301300
NBCC30Jan2035CE.NFO,07/01/2020,13:40:21,1.4,1.35,57200,1.45,28600,0,1301300
NBCC30Jan2035CE.NFO,07/01/2020,13:40:59,1.4,1.35,57200,1.45,14300,0,1301300
NBCC30Jan2035CE.NFO,07/01/2020,13:41:17,1.4,1.35,28600,1.45,14300,0,1301300
NBCC30Jan2035CE.NFO,07/01/2020,13:41:28,1.4,1.35,14300,1.45,14300,0,1301300
NBCC30Jan2035CE.NFO,07/01/2020,13:41:47,1.4,1.35,14300,1.45,28600,0,1301300
NBCC30Jan2035CE.NFO,07/01/2020,13:42:22,1.4,1.35,28600,1.45,28600,0,1301300
NBCC30Jan2035CE.NFO,07/01/2020,13:43:02,1.4,1.35,42900,1.45,28600,0,1301300
NBCC30Jan2035CE.NFO,07/01/2020,13:43:07,1.4,1.35,42900,1.45,14300,0,1301300
NBCC30Jan2035CE.NFO,07/01/2020,13:43:45,1.4,1.35,71500,1.45,14300,0,1301300
NBCC30Jan2035CE.NFO,07/01/2020,13:43:49,1.4,1.35,57200,1.45,14300,0,1301300
NBCC30Jan2035CE.NFO,07/01/2020,13:44:38,1.4,1.35,71500,1.45,14300,0,1301300
NBCC30Jan2035CE.NFO,07/01/2020,13:44:41,1.4,1.35,85800,1.45,14300,0,1301300
NBCC30Jan2035CE.NFO,07/01/2020,13:44:53,1.4,1.35,71500,1.45,14300,0,1301300
NBCC30Jan2035CE.NFO,07/01/2020,13:45:02,1.4,1.35,57200,1.45,14300,0,1301300
NBCC30Jan2035CE.NFO,07/01/2020,13:45:21,1.4,1.35,71500,1.45,14300,0,1301300
NBCC30Jan2035CE.NFO,07/01/2020,13:46:42,1.4,1.4,28600,1.45,14300,0,1301300
NBCC30Jan2035CE.NFO,07/01/2020,13:46:51,1.4,1.35,100100,1.45,14300,0,1301300
NBCC30Jan2035CE.NFO,07/01/2020,13:46:59,1.4,1.4,57200,1.45,14300,0,1301300
NBCC30Jan2035CE.NFO,07/01/2020,13:47:07,1.4,1.4,57200,1.5,28600,0,1301300
NBCC30Jan2035CE.NFO,07/01/2020,13:48:10,1.4,1.4,71500,1.5,28600,0,1301300
NBCC30Jan2035CE.NFO,07/01/2020,13:48:16,1.4,1.4,71500,1.5,14300,0,1301300
NBCC30Jan2035CE.NFO,07/01/2020,13:48:47,1.4,1.45,14300,1.55,14300,0,1301300
NBCC30Jan2035CE.NFO,07/01/2020,13:48:53,1.4,1.4,71500,1.55,14300,0,1301300
NBCC30Jan2035CE.NFO,07/01/2020,13:49:07,1.4,1.45,14300,1.55,14300,0,1301300
NBCC30Jan2035CE.NFO,07/01/2020,13:49:37,1.4,1.4,71500,1.55,14300,0,1301300
NBCC30Jan2035CE.NFO,07/01/2020,13:49:50,1.4,1.4,71500,1.5,14300,0,1301300
NBCC30Jan2035CE.NFO,07/01/2020,13:49:56,1.4,1.4,71500,1.55,14300,0,1301300
NBCC30Jan2035CE.NFO,07/01/2020,13:50:03,1.4,1.4,71500,1.5,14300,0,1301300
NBCC30Jan2035CE.NFO,07/01/2020,13:50:08,1.4,1.4,100100,1.55,14300,0,1301300
NBCC30Jan2035CE.NFO,07/01/2020,13:50:15,1.4,1.45,42900,1.55,14300,0,1301300
NBCC30Jan2035CE.NFO,07/01/2020,13:50:23,1.4,1.4,100100,1.55,14300,0,1301300
NBCC30Jan2035CE.NFO,07/01/2020,13:50:29,1.4,1.45,57200,1.55,14300,0,1301300
NBCC30Jan2035CE.NFO,07/01/2020,13:50:36,1.4,1.45,14300,1.55,14300,0,1301300
NBCC30Jan2035CE.NFO,07/01/2020,13:50:44,1.4,1.45,57200,1.55,14300,0,1301300
NBCC30Jan2035CE.NFO,07/01/2020,13:51:01,1.4,1.45,14300,1.55,28600,0,1301300
NBCC30Jan2035CE.NFO,07/01/2020,13:51:25,1.4,1.4,100100,1.55,28600,0,1301300
NBCC30Jan2035CE.NFO,07/01/2020,13:52:00,1.4,1.4,100100,1.55,42900,0,1301300
NBCC30Jan2035CE.NFO,07/01/2020,13:52:05,1.4,1.4,85800,1.55,42900,0,1301300
NBCC30Jan2035CE.NFO,07/01/2020,13:52:21,1.4,1.4,100100,1.55,42900,0,1301300
NBCC30Jan2035CE.NFO,07/01/2020,13:52:25,1.4,1.4,85800,1.55,42900,0,1301300
NBCC30Jan2035CE.NFO,07/01/2020,13:52:35,1.4,1.4,100100,1.55,14300,0,1301300
NBCC30Jan2035CE.NFO,07/01/2020,13:52:58,1.4,1.4,114400,1.55,14300,0,1301300
NBCC30Jan2035CE.NFO,07/01/2020,13:53:07,1.4,1.4,100100,1.5,14300,0,1301300
NBCC30Jan2035CE.NFO,07/01/2020,13:53:15,1.4,1.4,85800,1.55,14300,0,1301300
NBCC30Jan2035CE.NFO,07/01/2020,13:53:20,1.4,1.4,100100,1.55,28600,0,1301300
NBCC30Jan2035CE.NFO,07/01/2020,13:53:42,1.4,1.4,85800,1.55,28600,0,1301300
NBCC30Jan2035CE.NFO,07/01/2020,13:53:50,1.4,1.4,57200,1.5,14300,0,1301300
NBCC30Jan2035CE.NFO,07/01/2020,13:53:58,1.4,1.4,42900,1.5,14300,0,1301300
NBCC30Jan2035CE.NFO,07/01/2020,13:54:50,1.4,1.35,128700,1.5,14300,0,1301300
NBCC30Jan2035CE.NFO,07/01/2020,13:54:55,1.4,1.35,114400,1.5,14300,0,1301300
NBCC30Jan2035CE.NFO,07/01/2020,13:55:06,1.4,1.35,114400,1.5,28600,0,1301300
NBCC30Jan2035CE.NFO,07/01/2020,13:55:14,1.4,1.4,14300,1.5,28600,0,1301300
NBCC30Jan2035CE.NFO,07/01/2020,13:56:08,1.4,1.35,114400,1.5,28600,0,1301300
NBCC30Jan2035CE.NFO,07/01/2020,13:57:41,1.4,1.35,100100,1.45,14300,0,1301300
NBCC30Jan2035CE.NFO,07/01/2020,13:58:26,1.4,1.35,71500,1.45,28600,0,1301300
NBCC30Jan2035CE.NFO,07/01/2020,13:59:51,1.4,1.35,100100,1.45,28600,0,1301300
NBCC30Jan2035CE.NFO,07/01/2020,14:01:16,1.4,1.35,114400,1.5,14300,0,1301300
NBCC30Jan2035CE.NFO,07/01/2020,14:01:37,1.4,1.4,28600,1.5,14300,0,1301300
NBCC30Jan2035CE.NFO,07/01/2020,14:03:08,1.4,1.4,100100,1.5,14300,0,1301300
NBCC30Jan2035CE.NFO,07/01/2020,14:03:19,1.4,1.4,85800,1.5,14300,0,1301300
NBCC30Jan2035CE.NFO,07/01/2020,14:03:43,1.4,1.45,57200,1.55,42900,0,1301300
NBCC30Jan2035CE.NFO,07/01/2020,14:03:50,1.4,1.45,57200,1.55,28600,0,1301300
NBCC30Jan2035CE.NFO,07/01/2020,14:03:55,1.4,1.45,71500,1.55,28600,0,1301300
NBCC30Jan2035CE.NFO,07/01/2020,14:04:01,1.4,1.45,71500,1.55,14300,0,1301300
NBCC30Jan2035CE.NFO,07/01/2020,14:04:18,1.4,1.45,42900,1.55,14300,0,1301300
NBCC30Jan2035CE.NFO,07/01/2020,14:04:24,1.4,1.45,57200,1.55,14300,0,1301300
NBCC30Jan2035CE.NFO,07/01/2020,14:04:34,1.4,1.45,71500,1.55,14300,0,1301300
NBCC30Jan2035CE.NFO,07/01/2020,14:04:40,1.4,1.45,57200,1.55,14300,0,1301300
NBCC30Jan2035CE.NFO,07/01/2020,14:05:30,1.4,1.45,42900,1.55,14300,0,1301300
NBCC30Jan2035CE.NFO,07/01/2020,14:05:35,1.4,1.45,28600,1.55,14300,0,1301300
NBCC30Jan2035CE.NFO,07/01/2020,14:05:44,1.4,1.4,100100,1.55,14300,0,1301300
NBCC30Jan2035CE.NFO,07/01/2020,14:05:55,1.4,1.4,100100,1.5,14300,0,1301300
NBCC30Jan2035CE.NFO,07/01/2020,14:06:06,1.4,1.4,100100,1.55,28600,0,1301300
NBCC30Jan2035CE.NFO,07/01/2020,14:07:23,1.4,1.4,100100,1.5,14300,0,1301300
NBCC30Jan2035CE.NFO,07/01/2020,14:07:29,1.4,1.4,85800,1.5,14300,0,1301300
NBCC30Jan2035CE.NFO,07/01/2020,14:07:36,1.4,1.4,100100,1.55,28600,0,1301300
NBCC30Jan2035CE.NFO,07/01/2020,14:07:50,1.4,1.4,85800,1.55,28600,0,1301300
NBCC30Jan2035CE.NFO,07/01/2020,14:07:55,1.4,1.4,85800,1.5,14300,0,1301300
NBCC30Jan2035CE.NFO,07/01/2020,14:08:24,1.4,1.4,85800,1.5,28600,0,1301300
NBCC30Jan2035CE.NFO,07/01/2020,14:08:28,1.4,1.4,100100,1.5,28600,0,1301300
NBCC30Jan2035CE.NFO,07/01/2020,14:09:32,1.4,1.4,100100,1.5,14300,0,1301300
NBCC30Jan2035CE.NFO,07/01/2020,14:09:36,1.4,1.4,85800,1.5,14300,0,1301300
NBCC30Jan2035CE.NFO,07/01/2020,14:09:51,1.4,1.4,100100,1.5,14300,0,1301300
NBCC30Jan2035CE.NFO,07/01/2020,14:09:59,1.4,1.45,42900,1.5,14300,0,1301300
NBCC30Jan2035CE.NFO,07/01/2020,14:10:08,1.4,1.45,42900,1.55,28600,0,1301300
NBCC30Jan2035CE.NFO,07/01/2020,14:10:26,1.4,1.4,100100,1.55,28600,0,1301300
NBCC30Jan2035CE.NFO,07/01/2020,14:11:03,1.4,1.4,100100,1.5,14300,0,1301300
NBCC30Jan2035CE.NFO,07/01/2020,14:11:16,1.4,1.4,85800,1.5,14300,0,1301300
NBCC30Jan2035CE.NFO,07/01/2020,14:12:57,1.4,1.4,85800,1.55,28600,0,1301300
NBCC30Jan2035CE.NFO,07/01/2020,14:13:31,1.4,1.45,57200,1.55,28600,0,1301300
NBCC30Jan2035CE.NFO,07/01/2020,14:13:39,1.4,1.45,42900,1.55,28600,0,1301300
NBCC30Jan2035CE.NFO,07/01/2020,14:13:46,1.4,1.45,57200,1.55,28600,0,1301300
NBCC30Jan2035CE.NFO,07/01/2020,14:15:29,1.4,1.45,57200,1.55,14300,0,1301300
NBCC30Jan2035CE.NFO,07/01/2020,14:16:15,1.4,1.5,14300,1.55,14300,0,1301300
NBCC30Jan2035CE.NFO,07/01/2020,14:18:03,1.4,1.5,14300,1.55,28600,0,1301300
NBCC30Jan2035CE.NFO,07/01/2020,14:18:26,1.4,1.45,57200,1.55,28600,0,1301300
NBCC30Jan2035CE.NFO,07/01/2020,14:18:31,1.4,1.45,42900,1.55,28600,0,1301300
NBCC30Jan2035CE.NFO,07/01/2020,14:18:47,1.4,1.45,57200,1.55,28600,0,1301300
NBCC30Jan2035CE.NFO,07/01/2020,14:18:54,1.4,1.45,57200,1.55,14300,0,1301300
NBCC30Jan2035CE.NFO,07/01/2020,14:20:16,1.4,1.5,42900,1.55,14300,0,1301300
NBCC30Jan2035CE.NFO,07/01/2020,14:20:20,1.55,1.5,42900,1.6,14300,14300,1301300
NBCC30Jan2035CE.NFO,07/01/2020,14:20:36,1.55,1.5,42900,1.6,14300,0,1301300
NBCC30Jan2035CE.NFO,07/01/2020,14:22:34,1.55,1.45,100100,1.6,14300,0,1301300
NBCC30Jan2035CE.NFO,07/01/2020,14:22:38,1.55,1.45,100100,1.55,14300,0,1301300
NBCC30Jan2035CE.NFO,07/01/2020,14:23:26,1.55,1.45,100100,1.55,28600,0,1301300
NBCC30Jan2035CE.NFO,07/01/2020,14:23:57,1.55,1.45,100100,1.55,14300,0,1301300
NBCC30Jan2035CE.NFO,07/01/2020,14:24:11,1.55,1.45,42900,1.55,14300,0,1301300
NBCC30Jan2035CE.NFO,07/01/2020,14:24:20,1.55,1.45,42900,1.55,28600,0,1301300
NBCC30Jan2035CE.NFO,07/01/2020,14:24:26,1.55,1.4,85800,1.55,28600,0,1301300
NBCC30Jan2035CE.NFO,07/01/2020,14:25:08,1.55,1.4,85800,1.5,14300,0,1301300
NBCC30Jan2035CE.NFO,07/01/2020,14:25:44,1.55,1.4,71500,1.5,14300,0,1301300
NBCC30Jan2035CE.NFO,07/01/2020,14:25:51,1.55,1.4,85800,1.5,14300,0,1301300
NBCC30Jan2035CE.NFO,07/01/2020,14:26:11,1.55,1.4,71500,1.5,14300,0,1301300
NBCC30Jan2035CE.NFO,07/01/2020,14:26:17,1.55,1.4,85800,1.5,14300,0,1301300
NBCC30Jan2035CE.NFO,07/01/2020,14:27:19,1.55,1.45,14300,1.5,14300,0,1301300
NBCC30Jan2035CE.NFO,07/01/2020,14:27:30,1.55,1.45,57200,1.5,14300,0,1301300
NBCC30Jan2035CE.NFO,07/01/2020,14:27:36,1.55,1.45,57200,1.55,28600,0,1301300
NBCC30Jan2035CE.NFO,07/01/2020,14:27:52,1.55,1.45,14300,1.55,28600,0,1301300
NBCC30Jan2035CE.NFO,07/01/2020,14:28:08,1.55,1.45,14300,1.55,42900,0,1301300
NBCC30Jan2035CE.NFO,07/01/2020,14:28:24,1.55,1.45,28600,1.55,42900,0,1301300
NBCC30Jan2035CE.NFO,07/01/2020,14:28:29,1.55,1.45,14300,1.5,28600,0,1301300
NBCC30Jan2035CE.NFO,07/01/2020,14:28:35,1.55,1.4,71500,1.5,28600,0,1301300
NBCC30Jan2035CE.NFO,07/01/2020,14:28:44,1.55,1.4,71500,1.5,42900,0,1301300
NBCC30Jan2035CE.NFO,07/01/2020,14:28:47,1.55,1.4,42900,1.5,42900,0,1301300
NBCC30Jan2035CE.NFO,07/01/2020,14:29:24,1.55,1.4,42900,1.5,28600,0,1301300
NBCC30Jan2035CE.NFO,07/01/2020,14:29:37,1.55,1.4,42900,1.5,42900,0,1301300
NBCC30Jan2035CE.NFO,07/01/2020,14:29:44,1.55,1.4,42900,1.5,28600,0,1301300
NBCC30Jan2035CE.NFO,07/01/2020,14:30:07,1.55,1.4,42900,1.5,42900,0,1301300
NBCC30Jan2035CE.NFO,07/01/2020,14:30:15,1.55,1.4,42900,1.5,28600,0,1301300
NBCC30Jan2035CE.NFO,07/01/2020,14:30:19,1.55,1.4,57200,1.5,28600,0,1301300
NBCC30Jan2035CE.NFO,07/01/2020,14:30:34,1.55,1.45,14300,1.5,28600,0,1301300
NBCC30Jan2035CE.NFO,07/01/2020,14:30:44,1.55,1.45,57200,1.5,14300,0,1301300
NBCC30Jan2035CE.NFO,07/01/2020,14:30:53,1.55,1.45,42900,1.55,42900,0,1301300
NBCC30Jan2035CE.NFO,07/01/2020,14:31:02,1.55,1.45,57200,1.55,42900,0,1301300
NBCC30Jan2035CE.NFO,07/01/2020,14:31:27,1.55,1.45,71500,1.55,42900,0,1301300
NBCC30Jan2035CE.NFO,07/01/2020,14:31:43,1.55,1.5,14300,1.55,28600,0,1301300
NBCC30Jan2035CE.NFO,07/01/2020,14:31:51,1.55,1.45,71500,1.55,28600,0,1301300
NBCC30Jan2035CE.NFO,07/01/2020,14:31:57,1.55,1.45,42900,1.55,28600,0,1301300
NBCC30Jan2035CE.NFO,07/01/2020,14:32:04,1.55,1.45,42900,1.55,71500,0,1301300
NBCC30Jan2035CE.NFO,07/01/2020,14:33:11,1.55,1.5,28600,1.55,28600,0,1301300
NBCC30Jan2035CE.NFO,07/01/2020,14:33:19,1.55,1.5,28600,1.6,71500,0,1301300
NBCC30Jan2035CE.NFO,07/01/2020,14:33:40,1.55,1.5,14300,1.6,71500,0,1301300
NBCC30Jan2035CE.NFO,07/01/2020,14:33:58,1.55,1.5,14300,1.55,28600,0,1301300
NBCC30Jan2035CE.NFO,07/01/2020,14:34:15,1.55,1.45,42900,1.55,28600,0,1301300
NBCC30Jan2035CE.NFO,07/01/2020,14:35:06,1.55,1.45,71500,1.55,28600,0,1301300
NBCC30Jan2035CE.NFO,07/01/2020,14:35:18,1.55,1.5,14300,1.6,71500,0,1301300
NBCC30Jan2035CE.NFO,07/01/2020,14:35:24,1.55,1.45,71500,1.55,14300,0,1301300
NBCC30Jan2035CE.NFO,07/01/2020,14:35:42,1.55,1.45,57200,1.55,14300,0,1301300
NBCC30Jan2035CE.NFO,07/01/2020,14:36:07,1.55,1.45,28600,1.55,28600,0,1301300
NBCC30Jan2035CE.NFO,07/01/2020,14:36:12,1.55,1.45,28600,1.55,42900,0,1301300
NBCC30Jan2035CE.NFO,07/01/2020,14:36:18,1.55,1.45,28600,1.55,28600,0,1301300
NBCC30Jan2035CE.NFO,07/01/2020,14:36:35,1.55,1.45,28600,1.55,71500,0,1301300
NBCC30Jan2035CE.NFO,07/01/2020,14:37:12,1.55,1.45,28600,1.55,57200,0,1301300
NBCC30Jan2035CE.NFO,07/01/2020,14:37:22,1.55,1.45,28600,1.55,71500,0,1301300
NBCC30Jan2035CE.NFO,07/01/2020,14:37:27,1.55,1.45,28600,1.55,57200,0,1301300
NBCC30Jan2035CE.NFO,07/01/2020,14:37:41,1.55,1.45,42900,1.55,57200,0,1301300
NBCC30Jan2035CE.NFO,07/01/2020,14:37:52,1.55,1.45,57200,1.55,57200,0,1301300
NBCC30Jan2035CE.NFO,07/01/2020,14:38:30,1.55,1.45,42900,1.55,57200,0,1301300
NBCC30Jan2035CE.NFO,07/01/2020,14:40:22,1.55,1.45,28600,1.55,57200,0,1301300
NBCC30Jan2035CE.NFO,07/01/2020,14:40:47,1.55,1.45,14300,1.55,57200,0,1301300
NBCC30Jan2035CE.NFO,07/01/2020,14:41:18,1.55,1.45,14300,1.5,28600,0,1301300
NBCC30Jan2035CE.NFO,07/01/2020,14:42:16,1.55,1.45,14300,1.55,57200,0,1301300
NBCC30Jan2035CE.NFO,07/01/2020,14:42:22,1.55,1.4,85800,1.5,28600,0,1301300
NBCC30Jan2035CE.NFO,07/01/2020,14:43:43,1.55,1.45,42900,1.55,28600,0,1301300
NBCC30Jan2035CE.NFO,07/01/2020,14:43:49,1.55,1.45,42900,1.5,14300,0,1301300
NBCC30Jan2035CE.NFO,07/01/2020,14:44:03,1.55,1.45,42900,1.55,28600,0,1301300
NBCC30Jan2035CE.NFO,07/01/2020,14:45:11,1.55,1.4,85800,1.55,28600,0,1301300
NBCC30Jan2035CE.NFO,07/01/2020,14:45:20,1.55,1.4,85800,1.5,14300,0,1301300
NBCC30Jan2035CE.NFO,07/01/2020,14:45:59,1.55,1.4,71500,1.5,14300,0,1301300
NBCC30Jan2035CE.NFO,07/01/2020,14:46:06,1.55,1.4,14300,1.5,14300,0,1301300
NBCC30Jan2035CE.NFO,07/01/2020,14:46:13,1.55,1.4,14300,1.5,28600,0,1301300
NBCC30Jan2035CE.NFO,07/01/2020,14:46:53,1.55,1.35,114400,1.5,42900,0,1301300
NBCC30Jan2035CE.NFO,07/01/2020,14:47:02,1.55,1.4,14300,1.5,42900,0,1301300
NBCC30Jan2035CE.NFO,07/01/2020,14:48:32,1.55,1.4,28600,1.5,42900,0,1301300
NBCC30Jan2035CE.NFO,07/01/2020,14:50:08,1.55,1.4,42900,1.5,42900,0,1301300
NBCC30Jan2035CE.NFO,07/01/2020,14:50:12,1.55,1.4,42900,1.5,28600,0,1301300
NBCC30Jan2035CE.NFO,07/01/2020,14:50:18,1.5,1.4,57200,1.5,14300,14300,1301300
NBCC30Jan2035CE.NFO,07/01/2020,14:50:32,1.5,1.45,14300,1.5,14300,0,1301300
NBCC30Jan2035CE.NFO,07/01/2020,14:50:46,1.5,1.4,57200,1.5,14300,0,1301300
NBCC30Jan2035CE.NFO,07/01/2020,14:53:09,1.5,1.45,14300,1.55,14300,0,1301300
NBCC30Jan2035CE.NFO,07/01/2020,14:53:22,1.5,1.45,42900,1.55,14300,0,1301300
NBCC30Jan2035CE.NFO,07/01/2020,14:53:49,1.5,1.45,57200,1.55,14300,0,1301300
NBCC30Jan2035CE.NFO,07/01/2020,14:53:55,1.5,1.5,14300,1.6,14300,0,1301300
NBCC30Jan2035CE.NFO,07/01/2020,14:54:33,1.5,1.45,57200,1.55,14300,0,1301300
NBCC30Jan2035CE.NFO,07/01/2020,14:55:29,1.5,1.45,57200,1.55,28600,0,1301300
NBCC30Jan2035CE.NFO,07/01/2020,14:55:33,1.5,1.45,42900,1.55,28600,0,1301300
NBCC30Jan2035CE.NFO,07/01/2020,14:56:50,1.5,1.45,57200,1.55,28600,0,1301300
NBCC30Jan2035CE.NFO,07/01/2020,14:58:31,1.5,1.45,57200,1.55,14300,0,1301300
NBCC30Jan2035CE.NFO,07/01/2020,14:59:57,1.5,1.45,28600,1.55,28600,0,1301300
NBCC30Jan2035CE.NFO,07/01/2020,15:00:04,1.5,1.45,57200,1.55,28600,0,1301300
NBCC30Jan2035CE.NFO,07/01/2020,15:00:14,1.5,1.45,57200,1.6,28600,0,1301300
NBCC30Jan2035CE.NFO,07/01/2020,15:00:22,1.5,1.45,57200,1.55,28600,0,1301300
NBCC30Jan2035CE.NFO,07/01/2020,15:03:11,1.5,1.45,14300,1.55,28600,0,1301300
NBCC30Jan2035CE.NFO,07/01/2020,15:03:25,1.5,1.45,57200,1.55,28600,0,1301300
NBCC30Jan2035CE.NFO,07/01/2020,15:03:33,1.5,1.45,28600,1.55,28600,0,1301300
NBCC30Jan2035CE.NFO,07/01/2020,15:04:17,1.5,1.45,28600,1.55,42900,0,1301300
NBCC30Jan2035CE.NFO,07/01/2020,15:04:23,1.5,1.45,42900,1.55,42900,0,1301300
NBCC30Jan2035CE.NFO,07/01/2020,15:04:45,1.5,1.4,57200,1.55,42900,0,1301300
NBCC30Jan2035CE.NFO,07/01/2020,15:04:49,1.5,1.45,14300,1.55,42900,0,1301300
NBCC30Jan2035CE.NFO,07/01/2020,15:05:03,1.5,1.45,42900,1.55,42900,0,1301300
NBCC30Jan2035CE.NFO,07/01/2020,15:06:44,1.5,1.45,57200,1.55,14300,0,1301300
NBCC30Jan2035CE.NFO,07/01/2020,15:06:49,1.5,1.45,57200,1.6,28600,0,1301300
NBCC30Jan2035CE.NFO,07/01/2020,15:07:08,1.5,1.45,57200,1.55,14300,0,1301300
NBCC30Jan2035CE.NFO,07/01/2020,15:08:47,1.5,1.45,57200,1.6,28600,0,1301300
NBCC30Jan2035CE.NFO,07/01/2020,15:09:15,1.5,1.45,57200,1.6,14300,0,1301300
NBCC30Jan2035CE.NFO,07/01/2020,15:09:42,1.5,1.5,42900,1.6,14300,0,1301300
NBCC30Jan2035CE.NFO,07/01/2020,15:11:41,1.5,1.45,57200,1.6,28600,0,1301300
NBCC30Jan2035CE.NFO,07/01/2020,15:13:48,1.5,1.5,42900,1.6,28600,0,1301300
NBCC30Jan2035CE.NFO,07/01/2020,15:13:53,1.5,1.5,57200,1.6,28600,0,1301300
NBCC30Jan2035CE.NFO,07/01/2020,15:14:29,1.5,1.55,57200,1.6,28600,0,1301300
NBCC30Jan2035CE.NFO,07/01/2020,15:14:33,1.5,1.55,57200,1.65,57200,0,1301300
NBCC30Jan2035CE.NFO,07/01/2020,15:14:40,1.5,1.55,28600,1.65,57200,0,1301300
NBCC30Jan2035CE.NFO,07/01/2020,15:15:00,1.5,1.55,14300,1.65,57200,0,1301300
NBCC30Jan2035CE.NFO,07/01/2020,15:15:06,1.5,1.55,28600,1.65,57200,0,1301300
NBCC30Jan2035CE.NFO,07/01/2020,15:15:25,1.5,1.55,14300,1.65,57200,0,1301300
NBCC30Jan2035CE.NFO,07/01/2020,15:15:32,1.5,1.55,28600,1.65,57200,0,1301300
NBCC30Jan2035CE.NFO,07/01/2020,15:15:39,1.5,1.5,57200,1.65,57200,0,1301300
NBCC30Jan2035CE.NFO,07/01/2020,15:16:28,1.5,1.5,28600,1.65,57200,0,1301300
NBCC30Jan2035CE.NFO,07/01/2020,15:16:35,1.5,1.5,71500,1.65,57200,0,1301300
NBCC30Jan2035CE.NFO,07/01/2020,15:17:00,1.5,1.5,57200,1.6,14300,0,1301300
NBCC30Jan2035CE.NFO,07/01/2020,15:17:29,1.5,1.5,42900,1.6,14300,0,1301300
NBCC30Jan2035CE.NFO,07/01/2020,15:17:40,1.5,1.5,28600,1.6,14300,0,1301300
NBCC30Jan2035CE.NFO,07/01/2020,15:17:47,1.5,1.5,42900,1.6,14300,0,1301300
NBCC30Jan2035CE.NFO,07/01/2020,15:18:45,1.5,1.5,42900,1.6,28600,0,1301300
NBCC30Jan2035CE.NFO,07/01/2020,15:19:01,1.5,1.55,14300,1.6,28600,0,1301300
NBCC30Jan2035CE.NFO,07/01/2020,15:20:31,1.5,1.55,14300,1.6,42900,0,1301300
NBCC30Jan2035CE.NFO,07/01/2020,15:21:12,1.55,1.5,57200,1.6,42900,14300,1301300
NBCC30Jan2035CE.NFO,07/01/2020,15:21:19,1.55,1.5,57200,1.6,42900,0,1301300
NBCC30Jan2035CE.NFO,07/01/2020,15:21:33,1.55,1.5,57200,1.55,14300,0,1301300
NBCC30Jan2035CE.NFO,07/01/2020,15:21:52,1.55,1.5,42900,1.55,14300,0,1301300
NBCC30Jan2035CE.NFO,07/01/2020,15:22:46,1.55,1.5,42900,1.6,28600,14300,1301300
NBCC30Jan2035CE.NFO,07/01/2020,15:22:51,1.55,1.55,42900,1.6,28600,0,1301300
NBCC30Jan2035CE.NFO,07/01/2020,15:22:58,1.55,1.55,42900,1.6,14300,0,1301300
NBCC30Jan2035CE.NFO,07/01/2020,15:23:12,1.55,1.5,57200,1.6,14300,0,1301300
NBCC30Jan2035CE.NFO,07/01/2020,15:23:20,1.55,1.5,57200,1.6,28600,0,1301300
NBCC30Jan2035CE.NFO,07/01/2020,15:24:12,1.55,1.5,57200,1.55,14300,0,1301300
NBCC30Jan2035CE.NFO,07/01/2020,15:24:23,1.55,1.5,57200,1.6,14300,14300,1301300
NBCC30Jan2035CE.NFO,07/01/2020,15:25:54,1.6,1.5,57200,1.6,14300,14300,1272700
NBCC30Jan2035CE.NFO,07/01/2020,15:25:59,1.6,1.5,57200,1.6,14300,0,1272700
NBCC30Jan2035CE.NFO,07/01/2020,15:27:44,1.6,1.5,28600,1.6,14300,0,1272700
NBCC30Jan2035CE.NFO,07/01/2020,15:27:58,1.6,1.5,42900,1.6,14300,0,1272700
NBCC30Jan2035CE.NFO,07/01/2020,15:28:47,1.6,1.55,14300,1.6,14300,0,1272700
NBCC30Jan2035CE.NFO,07/01/2020,15:29:33,1.55,1.5,28600,1.6,14300,14300,1272700
NBCC30Jan2035CE.NFO,07/01/2020,15:29:47,1.55,1.5,42900,1.6,28600,0,1272700
NBCC30Jan2035CE.NFO,07/01/2020,15:29:53,1.55,1.5,28600,1.6,28600,0,1272700
