Ticker,Date,Time,LTP,BuyPrice,BuyQty,SellPrice,SellQty,LTQ,OpenInterest
NCC30Jan2066CE.NFO,07/01/2020,09:35:49,0.4,0.35,36000,0.5,54000,9000,36000
NCC30Jan2066CE.NFO,07/01/2020,09:35:49,0.4,0.35,36000,0.5,54000,0,36000
NCC30Jan2066CE.NFO,07/01/2020,09:35:49,0.4,0.35,36000,0.5,54000,0,36000
NCC30Jan2066CE.NFO,07/01/2020,09:35:49,0.4,0.35,36000,0.5,54000,0,36000
NCC30Jan2066CE.NFO,07/01/2020,09:35:57,0.4,0.35,54000,0.5,54000,0,36000
NCC30Jan2066CE.NFO,07/01/2020,09:36:04,0.4,0.35,45000,0.5,54000,0,36000
NCC30Jan2066CE.NFO,07/01/2020,09:36:55,0.4,0.35,54000,0.5,54000,0,36000
NCC30Jan2066CE.NFO,07/01/2020,09:37:17,0.4,0.35,45000,0.5,54000,0,36000
NCC30Jan2066CE.NFO,07/01/2020,09:39:27,0.4,0.35,54000,0.5,54000,0,36000
NCC30Jan2066CE.NFO,07/01/2020,09:43:17,0.4,0.35,9000,0.55,9000,0,36000
NCC30Jan2066CE.NFO,07/01/2020,09:43:22,0.4,0.35,9000,0.6,36000,0,36000
NCC30Jan2066CE.NFO,07/01/2020,09:43:49,0.4,0.35,9000,0.6,54000,0,36000
NCC30Jan2066CE.NFO,07/01/2020,09:43:54,0.4,0.35,9000,0.6,36000,0,36000
NCC30Jan2066CE.NFO,07/01/2020,09:44:06,0.4,0.35,9000,0.6,18000,0,36000
NCC30Jan2066CE.NFO,07/01/2020,09:44:37,0.4,0.35,9000,0.6,36000,0,36000
NCC30Jan2066CE.NFO,07/01/2020,09:45:09,0.4,0.35,9000,0.6,18000,0,36000
NCC30Jan2066CE.NFO,07/01/2020,09:45:17,0.4,0.35,9000,0.65,117000,0,36000
NCC30Jan2066CE.NFO,07/01/2020,09:45:41,0.4,0.35,9000,0.65,99000,0,36000
NCC30Jan2066CE.NFO,07/01/2020,09:45:46,0.4,0.35,9000,0.65,117000,0,36000
NCC30Jan2066CE.NFO,07/01/2020,09:46:52,0.4,0.4,9000,0.65,117000,0,36000
NCC30Jan2066CE.NFO,07/01/2020,09:47:03,0.4,0.35,9000,0.65,117000,0,36000
NCC30Jan2066CE.NFO,07/01/2020,09:47:08,0.4,0.4,9000,0.65,117000,0,36000
NCC30Jan2066CE.NFO,07/01/2020,09:47:22,0.4,0.35,9000,0.65,117000,0,36000
NCC30Jan2066CE.NFO,07/01/2020,09:47:26,0.4,0.4,9000,0.65,108000,0,36000
NCC30Jan2066CE.NFO,07/01/2020,09:47:32,0.4,0.35,9000,0.65,108000,0,36000
NCC30Jan2066CE.NFO,07/01/2020,09:49:16,0.4,0.35,18000,0.65,108000,0,36000
NCC30Jan2066CE.NFO,07/01/2020,09:49:27,0.4,0.4,9000,0.65,108000,0,36000
NCC30Jan2066CE.NFO,07/01/2020,09:49:33,0.4,0.35,18000,0.65,108000,0,36000
NCC30Jan2066CE.NFO,07/01/2020,09:52:37,0.4,0.4,9000,0.65,108000,0,36000
NCC30Jan2066CE.NFO,07/01/2020,09:53:28,0.4,0.35,18000,0.65,108000,0,36000
NCC30Jan2066CE.NFO,07/01/2020,09:53:43,0.4,0.35,18000,0.65,90000,0,36000
NCC30Jan2066CE.NFO,07/01/2020,09:55:33,0.4,0.35,18000,0.65,108000,0,36000
NCC30Jan2066CE.NFO,07/01/2020,09:58:23,0.4,0.35,18000,0.6,81000,0,36000
NCC30Jan2066CE.NFO,07/01/2020,09:59:42,0.4,0.35,18000,0.55,27000,0,36000
NCC30Jan2066CE.NFO,07/01/2020,10:00:52,0.4,0.35,18000,0.55,9000,0,36000
NCC30Jan2066CE.NFO,07/01/2020,10:00:58,0.4,0.35,18000,0.55,27000,0,36000
NCC30Jan2066CE.NFO,07/01/2020,10:02:24,0.4,0.35,18000,0.55,9000,0,36000
NCC30Jan2066CE.NFO,07/01/2020,10:03:12,0.4,0.35,18000,0.55,27000,0,36000
NCC30Jan2066CE.NFO,07/01/2020,10:03:18,0.4,0.35,18000,0.55,45000,0,36000
NCC30Jan2066CE.NFO,07/01/2020,10:05:35,0.4,0.35,18000,0.55,63000,0,36000
NCC30Jan2066CE.NFO,07/01/2020,10:05:42,0.4,0.35,18000,0.55,45000,0,36000
NCC30Jan2066CE.NFO,07/01/2020,10:05:54,0.4,0.35,18000,0.55,63000,0,36000
NCC30Jan2066CE.NFO,07/01/2020,10:05:59,0.4,0.35,18000,0.55,45000,0,36000
NCC30Jan2066CE.NFO,07/01/2020,10:06:23,0.4,0.35,18000,0.55,63000,0,36000
NCC30Jan2066CE.NFO,07/01/2020,10:06:29,0.4,0.35,18000,0.55,45000,0,36000
NCC30Jan2066CE.NFO,07/01/2020,10:07:33,0.4,0.35,18000,0.55,63000,0,36000
NCC30Jan2066CE.NFO,07/01/2020,10:07:40,0.4,0.35,18000,0.55,45000,0,36000
NCC30Jan2066CE.NFO,07/01/2020,10:09:51,0.4,0.35,18000,0.55,27000,0,36000
NCC30Jan2066CE.NFO,07/01/2020,10:10:03,0.4,0.35,18000,0.55,9000,0,36000
NCC30Jan2066CE.NFO,07/01/2020,10:13:32,0.4,0.35,18000,0.55,27000,0,36000
NCC30Jan2066CE.NFO,07/01/2020,10:14:16,0.4,0.35,18000,0.55,9000,0,36000
NCC30Jan2066CE.NFO,07/01/2020,10:16:19,0.4,0.35,18000,0.55,27000,0,36000
NCC30Jan2066CE.NFO,07/01/2020,10:16:23,0.4,0.35,18000,0.55,9000,0,36000
NCC30Jan2066CE.NFO,07/01/2020,10:16:28,0.4,0.35,18000,0.55,27000,0,36000
NCC30Jan2066CE.NFO,07/01/2020,10:17:16,0.4,0.35,18000,0.55,9000,0,36000
NCC30Jan2066CE.NFO,07/01/2020,10:17:31,0.4,0.35,18000,0.55,27000,0,36000
NCC30Jan2066CE.NFO,07/01/2020,10:18:32,0.4,0.35,18000,0.55,9000,0,36000
NCC30Jan2066CE.NFO,07/01/2020,10:21:10,0.4,0.4,9000,0.55,9000,0,36000
NCC30Jan2066CE.NFO,07/01/2020,10:22:55,0.4,0.35,18000,0.55,9000,0,36000
NCC30Jan2066CE.NFO,07/01/2020,10:27:39,0.4,0.35,18000,0.55,9000,0,27000
NCC30Jan2066CE.NFO,07/01/2020,10:32:16,0.4,0.35,18000,0.55,45000,0,27000
NCC30Jan2066CE.NFO,07/01/2020,10:32:34,0.4,0.35,18000,0.55,27000,0,27000
NCC30Jan2066CE.NFO,07/01/2020,10:32:38,0.4,0.35,18000,0.55,45000,0,27000
NCC30Jan2066CE.NFO,07/01/2020,10:32:43,0.4,0.35,18000,0.55,27000,0,27000
NCC30Jan2066CE.NFO,07/01/2020,10:33:07,0.4,0.35,18000,0.55,9000,0,27000
NCC30Jan2066CE.NFO,07/01/2020,10:33:16,0.4,0.35,18000,0.55,45000,0,27000
NCC30Jan2066CE.NFO,07/01/2020,10:35:49,0.4,0.35,18000,0.55,63000,0,27000
NCC30Jan2066CE.NFO,07/01/2020,10:39:04,0.4,0.35,18000,0.55,45000,0,27000
NCC30Jan2066CE.NFO,07/01/2020,10:39:21,0.4,0.35,18000,0.55,63000,0,27000
NCC30Jan2066CE.NFO,07/01/2020,10:39:29,0.4,0.35,18000,0.55,45000,0,27000
NCC30Jan2066CE.NFO,07/01/2020,10:42:49,0.4,0.35,9000,0.55,45000,0,27000
NCC30Jan2066CE.NFO,07/01/2020,10:43:42,0.4,0.35,9000,0.55,63000,0,27000
NCC30Jan2066CE.NFO,07/01/2020,10:44:04,0.4,0.35,9000,0.55,45000,0,27000
NCC30Jan2066CE.NFO,07/01/2020,10:44:40,0.4,0.35,9000,0.55,63000,0,27000
NCC30Jan2066CE.NFO,07/01/2020,10:46:01,0.4,0.35,9000,0.55,45000,0,27000
NCC30Jan2066CE.NFO,07/01/2020,10:47:19,0.4,0.35,9000,0.55,27000,0,27000
NCC30Jan2066CE.NFO,07/01/2020,10:47:40,0.4,0.35,9000,0.55,45000,0,27000
NCC30Jan2066CE.NFO,07/01/2020,10:48:36,0.4,0.35,9000,0.55,63000,0,27000
NCC30Jan2066CE.NFO,07/01/2020,10:49:08,0.4,0.35,9000,0.55,45000,0,27000
NCC30Jan2066CE.NFO,07/01/2020,10:49:42,0.4,0.35,9000,0.55,63000,0,27000
NCC30Jan2066CE.NFO,07/01/2020,10:50:47,0.4,0.35,9000,0.55,81000,0,27000
NCC30Jan2066CE.NFO,07/01/2020,10:51:51,0.4,0.35,9000,0.55,63000,0,27000
NCC30Jan2066CE.NFO,07/01/2020,10:52:27,0.4,0.35,9000,0.55,81000,0,27000
NCC30Jan2066CE.NFO,07/01/2020,10:52:39,0.4,0.35,9000,0.55,63000,0,27000
NCC30Jan2066CE.NFO,07/01/2020,10:52:56,0.4,0.35,9000,0.55,81000,0,27000
NCC30Jan2066CE.NFO,07/01/2020,10:53:27,0.4,0.35,9000,0.55,99000,0,27000
NCC30Jan2066CE.NFO,07/01/2020,10:53:38,0.4,0.35,9000,0.55,45000,0,27000
NCC30Jan2066CE.NFO,07/01/2020,10:53:56,0.4,0.35,9000,0.55,63000,0,27000
NCC30Jan2066CE.NFO,07/01/2020,10:56:20,0.4,0.35,9000,0.55,81000,0,27000
NCC30Jan2066CE.NFO,07/01/2020,10:56:33,0.4,0.35,9000,0.55,63000,0,27000
NCC30Jan2066CE.NFO,07/01/2020,10:57:17,0.4,0.35,9000,0.55,81000,0,27000
NCC30Jan2066CE.NFO,07/01/2020,10:57:49,0.4,0.35,9000,0.55,63000,0,27000
NCC30Jan2066CE.NFO,07/01/2020,10:58:29,0.4,0.35,9000,0.55,81000,0,27000
NCC30Jan2066CE.NFO,07/01/2020,11:01:02,0.4,0.35,9000,0.55,99000,0,27000
NCC30Jan2066CE.NFO,07/01/2020,11:01:10,0.4,0.3,9000,0.55,99000,0,27000
NCC30Jan2066CE.NFO,07/01/2020,11:01:32,0.4,0.3,9000,0.55,117000,0,27000
NCC30Jan2066CE.NFO,07/01/2020,11:01:47,0.4,0.3,9000,0.55,81000,0,27000
NCC30Jan2066CE.NFO,07/01/2020,11:01:56,0.4,0.35,9000,0.55,81000,0,27000
NCC30Jan2066CE.NFO,07/01/2020,11:02:37,0.4,0.35,9000,0.55,99000,0,27000
NCC30Jan2066CE.NFO,07/01/2020,11:02:56,0.4,0.3,9000,0.55,99000,0,27000
NCC30Jan2066CE.NFO,07/01/2020,11:03:03,0.4,0.3,9000,0.55,117000,0,27000
NCC30Jan2066CE.NFO,07/01/2020,11:03:28,0.4,0.3,9000,0.55,81000,0,27000
NCC30Jan2066CE.NFO,07/01/2020,11:03:34,0.4,0.3,9000,0.55,99000,0,27000
NCC30Jan2066CE.NFO,07/01/2020,11:03:41,0.4,0.3,9000,0.55,117000,0,27000
NCC30Jan2066CE.NFO,07/01/2020,11:04:21,0.4,0.3,9000,0.55,99000,0,27000
NCC30Jan2066CE.NFO,07/01/2020,11:06:15,0.4,0.3,9000,0.55,81000,0,27000
NCC30Jan2066CE.NFO,07/01/2020,11:06:22,0.4,0.3,9000,0.55,99000,0,27000
NCC30Jan2066CE.NFO,07/01/2020,11:07:43,0.4,0.3,9000,0.55,81000,0,27000
NCC30Jan2066CE.NFO,07/01/2020,11:08:43,0.4,0.35,9000,0.55,81000,0,27000
NCC30Jan2066CE.NFO,07/01/2020,11:08:47,0.4,0.3,9000,0.55,81000,0,27000
NCC30Jan2066CE.NFO,07/01/2020,11:09:05,0.4,0.3,9000,0.5,45000,0,27000
NCC30Jan2066CE.NFO,07/01/2020,11:12:00,0.4,0.3,9000,0.5,63000,0,27000
NCC30Jan2066CE.NFO,07/01/2020,11:12:17,0.4,0.3,9000,0.5,45000,0,27000
NCC30Jan2066CE.NFO,07/01/2020,11:13:17,0.4,0.3,9000,0.5,63000,0,27000
NCC30Jan2066CE.NFO,07/01/2020,11:13:23,0.4,0.3,9000,0.5,45000,0,27000
NCC30Jan2066CE.NFO,07/01/2020,11:13:34,0.4,0.3,9000,0.5,63000,0,27000
NCC30Jan2066CE.NFO,07/01/2020,11:13:40,0.4,0.3,9000,0.5,45000,0,27000
NCC30Jan2066CE.NFO,07/01/2020,11:15:01,0.4,0.3,9000,0.5,81000,0,27000
NCC30Jan2066CE.NFO,07/01/2020,11:15:08,0.4,0.3,9000,0.5,63000,0,27000
NCC30Jan2066CE.NFO,07/01/2020,11:15:20,0.4,0.25,27000,0.5,63000,0,27000
NCC30Jan2066CE.NFO,07/01/2020,11:15:31,0.4,0.25,27000,0.5,45000,0,27000
NCC30Jan2066CE.NFO,07/01/2020,11:15:36,0.4,0.3,9000,0.5,63000,0,27000
NCC30Jan2066CE.NFO,07/01/2020,11:16:04,0.4,0.3,9000,0.5,81000,0,27000
NCC30Jan2066CE.NFO,07/01/2020,11:16:09,0.4,0.25,27000,0.5,81000,0,27000
NCC30Jan2066CE.NFO,07/01/2020,11:17:04,0.4,0.25,27000,0.5,63000,0,27000
NCC30Jan2066CE.NFO,07/01/2020,11:17:09,0.4,0.25,27000,0.5,81000,0,27000
NCC30Jan2066CE.NFO,07/01/2020,11:18:04,0.4,0.25,27000,0.45,9000,0,27000
NCC30Jan2066CE.NFO,07/01/2020,11:23:08,0.4,0.25,27000,0.5,36000,0,27000
NCC30Jan2066CE.NFO,07/01/2020,11:24:18,0.4,0.3,9000,0.5,36000,0,27000
NCC30Jan2066CE.NFO,07/01/2020,11:29:31,0.4,0.3,9000,0.5,45000,0,27000
NCC30Jan2066CE.NFO,07/01/2020,11:34:07,0.4,0.3,9000,0.5,9000,0,27000
NCC30Jan2066CE.NFO,07/01/2020,11:34:21,0.4,0.3,9000,0.5,27000,0,27000
NCC30Jan2066CE.NFO,07/01/2020,11:34:40,0.4,0.3,9000,0.5,9000,0,27000
NCC30Jan2066CE.NFO,07/01/2020,11:34:53,0.4,0.3,9000,0.5,27000,0,27000
NCC30Jan2066CE.NFO,07/01/2020,11:34:58,0.4,0.3,9000,0.5,9000,0,27000
NCC30Jan2066CE.NFO,07/01/2020,11:35:47,0.4,0.3,9000,0.55,36000,0,27000
NCC30Jan2066CE.NFO,07/01/2020,11:36:03,0.4,0.35,9000,0.55,36000,0,27000
NCC30Jan2066CE.NFO,07/01/2020,11:36:08,0.4,0.35,9000,0.5,9000,0,27000
NCC30Jan2066CE.NFO,07/01/2020,11:36:56,0.4,0.3,9000,0.5,9000,0,27000
NCC30Jan2066CE.NFO,07/01/2020,11:38:10,0.4,0.35,9000,0.5,9000,0,27000
NCC30Jan2066CE.NFO,07/01/2020,11:39:47,0.4,0.3,9000,0.5,9000,0,27000
NCC30Jan2066CE.NFO,07/01/2020,11:39:54,0.4,0.3,9000,0.5,27000,0,27000
NCC30Jan2066CE.NFO,07/01/2020,11:41:02,0.4,0.3,9000,0.5,45000,0,27000
NCC30Jan2066CE.NFO,07/01/2020,11:41:33,0.4,0.3,9000,0.5,27000,0,27000
NCC30Jan2066CE.NFO,07/01/2020,11:41:39,0.4,0.3,9000,0.5,45000,0,27000
NCC30Jan2066CE.NFO,07/01/2020,11:42:42,0.4,0.3,9000,0.5,27000,0,27000
NCC30Jan2066CE.NFO,07/01/2020,11:43:06,0.4,0.3,9000,0.5,9000,0,27000
NCC30Jan2066CE.NFO,07/01/2020,11:44:38,0.4,0.3,9000,0.5,27000,0,27000
NCC30Jan2066CE.NFO,07/01/2020,11:45:10,0.4,0.3,9000,0.5,9000,0,27000
NCC30Jan2066CE.NFO,07/01/2020,11:45:20,0.4,0.3,9000,0.5,27000,0,27000
NCC30Jan2066CE.NFO,07/01/2020,11:45:32,0.4,0.3,9000,0.5,9000,0,27000
NCC30Jan2066CE.NFO,07/01/2020,11:47:37,0.4,0.3,9000,0.5,27000,0,27000
NCC30Jan2066CE.NFO,07/01/2020,11:48:11,0.4,0.3,9000,0.5,45000,0,27000
NCC30Jan2066CE.NFO,07/01/2020,11:57:29,0.4,0.3,9000,0.45,9000,0,27000
NCC30Jan2066CE.NFO,07/01/2020,11:59:41,0.4,0.25,27000,0.45,9000,0,27000
NCC30Jan2066CE.NFO,07/01/2020,12:05:54,0.4,0.25,27000,0.45,27000,0,27000
NCC30Jan2066CE.NFO,07/01/2020,12:06:05,0.4,0.25,27000,0.45,9000,0,27000
NCC30Jan2066CE.NFO,07/01/2020,12:32:34,0.4,0.25,27000,0.45,27000,0,27000
NCC30Jan2066CE.NFO,07/01/2020,12:33:43,0.4,0.25,27000,0.45,45000,0,27000
NCC30Jan2066CE.NFO,07/01/2020,12:38:14,0.4,0.25,27000,0.45,27000,0,27000
NCC30Jan2066CE.NFO,07/01/2020,12:38:49,0.4,0.25,27000,0.45,9000,0,27000
NCC30Jan2066CE.NFO,07/01/2020,12:42:35,0.4,0.25,27000,0.45,27000,0,27000
NCC30Jan2066CE.NFO,07/01/2020,12:45:57,0.4,0.25,27000,0.45,9000,0,27000
NCC30Jan2066CE.NFO,07/01/2020,12:49:45,0.4,0.25,27000,0.45,18000,0,27000
NCC30Jan2066CE.NFO,07/01/2020,13:01:51,0.4,0.25,27000,0.45,36000,0,27000
NCC30Jan2066CE.NFO,07/01/2020,13:01:57,0.4,0.25,27000,0.45,18000,0,27000
NCC30Jan2066CE.NFO,07/01/2020,13:03:33,0.4,0.25,27000,0.45,36000,0,27000
NCC30Jan2066CE.NFO,07/01/2020,13:03:36,0.4,0.25,27000,0.45,18000,0,27000
NCC30Jan2066CE.NFO,07/01/2020,13:04:21,0.4,0.25,27000,0.45,36000,0,27000
NCC30Jan2066CE.NFO,07/01/2020,13:04:25,0.4,0.25,27000,0.45,18000,0,27000
NCC30Jan2066CE.NFO,07/01/2020,13:04:38,0.4,0.25,27000,0.45,36000,0,27000
NCC30Jan2066CE.NFO,07/01/2020,13:05:08,0.4,0.25,27000,0.45,54000,0,27000
NCC30Jan2066CE.NFO,07/01/2020,13:05:41,0.4,0.25,27000,0.45,36000,0,27000
NCC30Jan2066CE.NFO,07/01/2020,13:05:56,0.4,0.25,27000,0.45,54000,0,27000
NCC30Jan2066CE.NFO,07/01/2020,13:06:02,0.4,0.25,27000,0.45,36000,0,27000
NCC30Jan2066CE.NFO,07/01/2020,13:06:30,0.4,0.25,27000,0.45,54000,0,27000
NCC30Jan2066CE.NFO,07/01/2020,13:07:29,0.4,0.25,27000,0.45,36000,0,27000
NCC30Jan2066CE.NFO,07/01/2020,13:07:34,0.4,0.25,27000,0.45,54000,0,27000
NCC30Jan2066CE.NFO,07/01/2020,13:07:40,0.4,0.25,27000,0.45,36000,0,27000
NCC30Jan2066CE.NFO,07/01/2020,13:07:45,0.4,0.25,27000,0.45,54000,0,27000
NCC30Jan2066CE.NFO,07/01/2020,13:07:50,0.4,0.25,27000,0.45,36000,0,27000
NCC30Jan2066CE.NFO,07/01/2020,13:08:01,0.4,0.25,27000,0.45,54000,0,27000
NCC30Jan2066CE.NFO,07/01/2020,13:12:22,0.4,0.25,27000,0.45,36000,0,27000
NCC30Jan2066CE.NFO,07/01/2020,13:12:36,0.4,0.25,27000,0.45,54000,0,27000
NCC30Jan2066CE.NFO,07/01/2020,13:12:40,0.4,0.25,27000,0.45,36000,0,27000
NCC30Jan2066CE.NFO,07/01/2020,13:13:32,0.4,0.25,27000,0.45,54000,0,27000
NCC30Jan2066CE.NFO,07/01/2020,13:15:14,0.4,0.25,9000,0.45,54000,0,27000
NCC30Jan2066CE.NFO,07/01/2020,13:15:23,0.4,0.25,18000,0.45,54000,0,27000
NCC30Jan2066CE.NFO,07/01/2020,13:15:48,0.4,0.25,18000,0.45,90000,0,27000
NCC30Jan2066CE.NFO,07/01/2020,13:15:54,0.4,0.25,18000,0.45,54000,0,27000
NCC30Jan2066CE.NFO,07/01/2020,13:16:56,0.4,0.25,18000,0.45,90000,0,27000
NCC30Jan2066CE.NFO,07/01/2020,13:17:00,0.4,0.25,18000,0.45,72000,0,27000
NCC30Jan2066CE.NFO,07/01/2020,13:17:04,0.4,0.25,18000,0.45,90000,0,27000
NCC30Jan2066CE.NFO,07/01/2020,13:18:43,0.4,0.25,18000,0.45,72000,0,27000
NCC30Jan2066CE.NFO,07/01/2020,13:19:23,0.4,0.25,18000,0.45,90000,0,27000
NCC30Jan2066CE.NFO,07/01/2020,13:20:05,0.4,0.25,18000,0.45,72000,0,27000
NCC30Jan2066CE.NFO,07/01/2020,13:21:13,0.4,0.25,18000,0.45,90000,0,27000
NCC30Jan2066CE.NFO,07/01/2020,13:24:59,0.4,0.25,9000,0.45,90000,0,27000
NCC30Jan2066CE.NFO,07/01/2020,13:27:58,0.4,0.25,9000,0.45,108000,0,27000
NCC30Jan2066CE.NFO,07/01/2020,13:28:43,0.4,0.25,9000,0.45,81000,0,27000
NCC30Jan2066CE.NFO,07/01/2020,13:29:18,0.4,0.25,9000,0.45,99000,0,27000
NCC30Jan2066CE.NFO,07/01/2020,13:30:17,0.4,0.25,9000,0.45,81000,0,27000
NCC30Jan2066CE.NFO,07/01/2020,13:30:29,0.4,0.25,9000,0.45,99000,0,27000
NCC30Jan2066CE.NFO,07/01/2020,13:30:36,0.4,0.25,9000,0.45,81000,0,27000
NCC30Jan2066CE.NFO,07/01/2020,13:30:58,0.4,0.25,9000,0.45,63000,0,27000
NCC30Jan2066CE.NFO,07/01/2020,13:31:06,0.4,0.25,9000,0.45,81000,0,27000
NCC30Jan2066CE.NFO,07/01/2020,13:31:19,0.4,0.25,9000,0.45,63000,0,27000
NCC30Jan2066CE.NFO,07/01/2020,13:31:48,0.4,0.25,9000,0.45,45000,0,27000
NCC30Jan2066CE.NFO,07/01/2020,13:32:17,0.4,0.25,9000,0.45,63000,0,27000
NCC30Jan2066CE.NFO,07/01/2020,13:32:23,0.4,0.25,9000,0.45,45000,0,27000
NCC30Jan2066CE.NFO,07/01/2020,13:32:33,0.4,0.25,9000,0.45,63000,0,27000
NCC30Jan2066CE.NFO,07/01/2020,13:32:50,0.4,0.25,9000,0.45,81000,0,27000
NCC30Jan2066CE.NFO,07/01/2020,13:33:19,0.4,0.25,9000,0.45,63000,0,27000
NCC30Jan2066CE.NFO,07/01/2020,13:33:24,0.4,0.25,9000,0.45,81000,0,27000
NCC30Jan2066CE.NFO,07/01/2020,13:33:43,0.4,0.25,9000,0.45,63000,0,27000
NCC30Jan2066CE.NFO,07/01/2020,13:33:47,0.4,0.25,9000,0.45,81000,0,27000
NCC30Jan2066CE.NFO,07/01/2020,13:33:53,0.4,0.25,9000,0.45,63000,0,27000
NCC30Jan2066CE.NFO,07/01/2020,13:35:01,0.4,0.25,9000,0.45,45000,0,27000
NCC30Jan2066CE.NFO,07/01/2020,13:35:26,0.4,0.25,9000,0.45,63000,0,27000
NCC30Jan2066CE.NFO,07/01/2020,13:35:38,0.4,0.25,9000,0.45,45000,0,27000
NCC30Jan2066CE.NFO,07/01/2020,13:36:51,0.4,0.25,9000,0.45,63000,0,27000
NCC30Jan2066CE.NFO,07/01/2020,13:36:56,0.4,0.25,9000,0.45,45000,0,27000
NCC30Jan2066CE.NFO,07/01/2020,13:38:12,0.4,0.25,9000,0.45,27000,0,27000
NCC30Jan2066CE.NFO,07/01/2020,13:38:19,0.4,0.25,9000,0.45,45000,0,27000
NCC30Jan2066CE.NFO,07/01/2020,13:38:37,0.4,0.25,9000,0.45,63000,0,27000
NCC30Jan2066CE.NFO,07/01/2020,13:38:55,0.4,0.25,9000,0.45,45000,0,27000
NCC30Jan2066CE.NFO,07/01/2020,13:39:26,0.4,0.25,9000,0.45,27000,0,27000
NCC30Jan2066CE.NFO,07/01/2020,13:39:31,0.4,0.25,9000,0.45,45000,0,27000
NCC30Jan2066CE.NFO,07/01/2020,13:42:22,0.4,0.25,9000,0.45,27000,0,27000
NCC30Jan2066CE.NFO,07/01/2020,13:43:02,0.4,0.25,9000,0.45,45000,0,27000
NCC30Jan2066CE.NFO,07/01/2020,13:43:20,0.4,0.25,9000,0.45,27000,0,27000
NCC30Jan2066CE.NFO,07/01/2020,13:43:25,0.4,0.25,9000,0.45,45000,0,27000
NCC30Jan2066CE.NFO,07/01/2020,13:44:17,0.4,0.25,9000,0.45,27000,0,27000
NCC30Jan2066CE.NFO,07/01/2020,13:44:54,0.4,0.25,9000,0.45,45000,0,27000
NCC30Jan2066CE.NFO,07/01/2020,13:45:07,0.4,0.25,9000,0.45,27000,0,27000
NCC30Jan2066CE.NFO,07/01/2020,13:50:03,0.4,0.25,9000,0.45,45000,0,27000
NCC30Jan2066CE.NFO,07/01/2020,13:50:44,0.4,0.25,9000,0.45,9000,0,27000
NCC30Jan2066CE.NFO,07/01/2020,13:51:01,0.4,0.25,9000,0.45,45000,0,27000
NCC30Jan2066CE.NFO,07/01/2020,14:14:24,0.4,0.25,9000,0.4,9000,0,27000
NCC30Jan2066CE.NFO,07/01/2020,14:19:26,0.4,0.25,9000,0.45,45000,0,27000
NCC30Jan2066CE.NFO,07/01/2020,14:22:14,0.4,0.25,9000,0.45,27000,0,27000
NCC30Jan2066CE.NFO,07/01/2020,14:22:54,0.4,0.25,9000,0.45,45000,0,27000
NCC30Jan2066CE.NFO,07/01/2020,14:23:00,0.4,0.25,9000,0.45,27000,0,27000
NCC30Jan2066CE.NFO,07/01/2020,14:23:15,0.4,0.25,9000,0.45,45000,0,27000
NCC30Jan2066CE.NFO,07/01/2020,14:30:44,0.4,0.25,9000,0.45,27000,0,27000
NCC30Jan2066CE.NFO,07/01/2020,14:31:10,0.4,0.25,9000,0.45,9000,0,27000
NCC30Jan2066CE.NFO,07/01/2020,14:45:27,0.4,0.25,9000,0.45,27000,0,27000
NCC30Jan2066CE.NFO,07/01/2020,14:46:13,0.4,0.25,9000,0.45,45000,0,27000
NCC30Jan2066CE.NFO,07/01/2020,14:46:31,0.4,0.25,9000,0.45,27000,0,27000
NCC30Jan2066CE.NFO,07/01/2020,14:46:36,0.4,0.25,9000,0.45,45000,0,27000
NCC30Jan2066CE.NFO,07/01/2020,14:47:37,0.4,0.25,9000,0.45,9000,0,27000
