Ticker,Date,Time,LTP,BuyPrice,BuyQty,SellPrice,SellQty,LTQ,OpenInterest
NIFTY16JAN2011850CE.NFO,07/01/2020,13:23:05,229.95,199.05,525,232,75,75,825
NIFTY16JAN2011850CE.NFO,07/01/2020,13:23:05,229.95,199.05,525,232,75,0,825
NIFTY16JAN2011850CE.NFO,07/01/2020,13:23:05,229.95,199.05,525,232,75,0,825
NIFTY16JAN2011850CE.NFO,07/01/2020,13:23:05,229.95,199.05,525,232,75,0,825
NIFTY16JAN2011850CE.NFO,07/01/2020,13:23:06,229.95,229.4,75,231.95,300,0,825
NIFTY16JAN2011850CE.NFO,07/01/2020,13:23:07,229.95,230,75,231.95,300,0,825
NIFTY16JAN2011850CE.NFO,07/01/2020,13:23:09,229.95,230.65,75,232.7,375,0,825
NIFTY16JAN2011850CE.NFO,07/01/2020,13:23:10,229.95,231.25,75,233.15,75,0,825
NIFTY16JAN2011850CE.NFO,07/01/2020,13:23:15,229.95,231.05,75,233.15,75,0,825
NIFTY16JAN2011850CE.NFO,07/01/2020,13:23:16,229.95,231.05,75,233.2,75,0,825
NIFTY16JAN2011850CE.NFO,07/01/2020,13:23:17,229.95,231.05,75,233.7,75,0,825
NIFTY16JAN2011850CE.NFO,07/01/2020,13:23:22,229.95,231.75,75,234.05,75,0,825
NIFTY16JAN2011850CE.NFO,07/01/2020,13:23:26,229.95,231.75,75,234.05,300,0,825
NIFTY16JAN2011850CE.NFO,07/01/2020,13:23:27,229.95,230.8,75,233.3,300,0,825
NIFTY16JAN2011850CE.NFO,07/01/2020,13:23:28,229.95,230.8,75,233.3,75,0,825
NIFTY16JAN2011850CE.NFO,07/01/2020,13:23:30,229.95,230.8,75,233.3,300,0,825
NIFTY16JAN2011850CE.NFO,07/01/2020,13:23:31,229.95,230.85,150,233.3,75,0,825
NIFTY16JAN2011850CE.NFO,07/01/2020,13:23:32,229.95,230.85,225,233.3,75,0,825
NIFTY16JAN2011850CE.NFO,07/01/2020,13:23:33,229.95,230.9,675,233.75,75,0,825
NIFTY16JAN2011850CE.NFO,07/01/2020,13:23:35,229.95,230.9,300,233.75,75,0,825
NIFTY16JAN2011850CE.NFO,07/01/2020,13:23:36,229.95,230.9,225,233.75,75,0,825
NIFTY16JAN2011850CE.NFO,07/01/2020,13:23:37,229.95,231.75,75,235.4,225,0,825
NIFTY16JAN2011850CE.NFO,07/01/2020,13:23:38,229.95,232.4,75,234.6,75,0,825
NIFTY16JAN2011850CE.NFO,07/01/2020,13:23:39,229.95,232.4,225,235.45,225,0,825
NIFTY16JAN2011850CE.NFO,07/01/2020,13:23:41,229.95,233,75,235.45,150,0,825
NIFTY16JAN2011850CE.NFO,07/01/2020,13:23:42,229.95,233,75,235.8,225,0,825
NIFTY16JAN2011850CE.NFO,07/01/2020,13:23:47,229.95,232.4,75,235.8,225,0,825
NIFTY16JAN2011850CE.NFO,07/01/2020,13:23:48,229.95,231.75,225,235.1,225,0,825
NIFTY16JAN2011850CE.NFO,07/01/2020,13:23:49,229.95,231.75,75,234.3,225,0,825
NIFTY16JAN2011850CE.NFO,07/01/2020,13:23:50,229.95,230.3,75,233.55,225,0,825
NIFTY16JAN2011850CE.NFO,07/01/2020,13:23:52,229.95,230.35,525,233.55,225,0,825
NIFTY16JAN2011850CE.NFO,07/01/2020,13:23:53,229.95,230.3,75,233.55,225,0,825
NIFTY16JAN2011850CE.NFO,07/01/2020,13:23:54,229.95,231,75,233.55,75,0,825
NIFTY16JAN2011850CE.NFO,07/01/2020,13:23:56,229.95,231,225,233.9,75,0,825
NIFTY16JAN2011850CE.NFO,07/01/2020,13:24:00,229.95,231.65,75,234.05,75,0,825
NIFTY16JAN2011850CE.NFO,07/01/2020,13:24:06,229.95,231.7,450,234.1,75,0,825
NIFTY16JAN2011850CE.NFO,07/01/2020,13:24:08,229.95,232.5,75,235.1,75,0,825
NIFTY16JAN2011850CE.NFO,07/01/2020,13:24:09,229.95,232.5,75,235.45,150,0,825
NIFTY16JAN2011850CE.NFO,07/01/2020,13:24:10,229.95,233.5,75,236.35,225,0,825
NIFTY16JAN2011850CE.NFO,07/01/2020,13:24:13,229.95,233.5,75,236.35,75,0,825
NIFTY16JAN2011850CE.NFO,07/01/2020,13:24:14,229.95,233.5,225,236.35,75,0,825
NIFTY16JAN2011850CE.NFO,07/01/2020,13:24:15,229.95,234.2,75,236.65,75,0,825
NIFTY16JAN2011850CE.NFO,07/01/2020,13:24:23,229.95,233.8,75,236.65,225,0,825
NIFTY16JAN2011850CE.NFO,07/01/2020,13:24:26,229.95,233.85,225,236.65,75,0,825
NIFTY16JAN2011850CE.NFO,07/01/2020,13:24:29,229.95,234.5,75,236.85,75,0,825
NIFTY16JAN2011850CE.NFO,07/01/2020,13:24:34,229.95,234.5,300,236.85,75,0,825
NIFTY16JAN2011850CE.NFO,07/01/2020,13:24:36,229.95,235.9,75,238.5,300,0,825
NIFTY16JAN2011850CE.NFO,07/01/2020,13:24:37,229.95,236.6,75,239.45,300,0,825
NIFTY16JAN2011850CE.NFO,07/01/2020,13:24:42,229.95,237.4,75,239.85,75,0,825
NIFTY16JAN2011850CE.NFO,07/01/2020,13:24:43,229.95,238.3,75,240.75,300,0,825
NIFTY16JAN2011850CE.NFO,07/01/2020,13:24:45,229.95,238.3,75,241.25,300,0,825
NIFTY16JAN2011850CE.NFO,07/01/2020,13:24:47,229.95,237.95,75,240.45,300,0,825
NIFTY16JAN2011850CE.NFO,07/01/2020,13:24:49,229.95,238.55,75,240.55,300,0,825
NIFTY16JAN2011850CE.NFO,07/01/2020,13:24:50,229.95,238.1,75,240.55,300,0,825
NIFTY16JAN2011850CE.NFO,07/01/2020,13:24:51,229.95,237.6,75,239.85,300,0,825
NIFTY16JAN2011850CE.NFO,07/01/2020,13:24:54,229.95,238.2,75,240.55,75,0,825
NIFTY16JAN2011850CE.NFO,07/01/2020,13:24:55,229.95,238.8,75,241.25,300,0,825
NIFTY16JAN2011850CE.NFO,07/01/2020,13:24:56,229.95,238.8,75,241.25,225,0,825
NIFTY16JAN2011850CE.NFO,07/01/2020,13:24:58,229.95,239.7,75,241.6,75,0,825
NIFTY16JAN2011850CE.NFO,07/01/2020,13:24:59,229.95,239.7,75,242.4,225,0,825
NIFTY16JAN2011850CE.NFO,07/01/2020,13:25:00,229.95,239.7,75,242.35,600,0,825
NIFTY16JAN2011850CE.NFO,07/01/2020,13:25:01,229.95,239.7,75,242.35,525,0,825
NIFTY16JAN2011850CE.NFO,07/01/2020,13:25:03,229.95,209.95,225,242.35,525,0,825
NIFTY16JAN2011850CE.NFO,07/01/2020,13:25:05,229.95,212.05,525,242.35,525,0,825
NIFTY16JAN2011850CE.NFO,07/01/2020,13:25:08,242.35,212.65,525,267,150,525,900
NIFTY16JAN2011850CE.NFO,07/01/2020,13:25:08,242.35,212.65,525,267,150,0,900
NIFTY16JAN2011850CE.NFO,07/01/2020,13:25:09,242.35,212.7,1050,267.7,150,0,900
NIFTY16JAN2011850CE.NFO,07/01/2020,13:25:10,242.35,210.8,450,267.7,150,0,900
NIFTY16JAN2011850CE.NFO,07/01/2020,13:25:12,242.35,212.75,1050,267.65,1050,0,900
NIFTY16JAN2011850CE.NFO,07/01/2020,13:25:13,242.35,210.8,450,267.45,525,0,900
NIFTY16JAN2011850CE.NFO,07/01/2020,13:25:14,242.35,212.8,1050,267.4,1050,0,900
NIFTY16JAN2011850CE.NFO,07/01/2020,13:25:16,242.35,212.3,450,267.4,1050,0,900
NIFTY16JAN2011850CE.NFO,07/01/2020,13:25:17,242.35,212.85,1050,267.4,1050,0,900
NIFTY16JAN2011850CE.NFO,07/01/2020,13:25:18,242.35,210.85,525,267.4,1050,0,900
NIFTY16JAN2011850CE.NFO,07/01/2020,13:25:19,242.35,212.9,1050,265.2,525,0,900
NIFTY16JAN2011850CE.NFO,07/01/2020,13:25:21,242.35,210.85,525,265.15,1050,0,900
NIFTY16JAN2011850CE.NFO,07/01/2020,13:25:22,242.35,212.95,1050,264.95,525,0,900
NIFTY16JAN2011850CE.NFO,07/01/2020,13:25:23,242.35,209.3,450,264.9,1050,0,900
NIFTY16JAN2011850CE.NFO,07/01/2020,13:25:25,242.35,213,1050,264.95,525,0,900
NIFTY16JAN2011850CE.NFO,07/01/2020,13:25:26,242.35,209.9,525,264.85,1050,0,900
NIFTY16JAN2011850CE.NFO,07/01/2020,13:25:27,242.35,213.05,1050,264.95,525,0,900
NIFTY16JAN2011850CE.NFO,07/01/2020,13:25:28,242.35,209.7,450,264.95,525,0,900
NIFTY16JAN2011850CE.NFO,07/01/2020,13:25:29,242.35,213.1,1050,265.3,525,0,900
NIFTY16JAN2011850CE.NFO,07/01/2020,13:25:31,242.35,210.3,525,264.9,1050,0,900
NIFTY16JAN2011850CE.NFO,07/01/2020,13:25:32,242.35,213.2,150,264.5,525,0,900
NIFTY16JAN2011850CE.NFO,07/01/2020,13:25:33,242.35,213.25,1050,264.5,525,0,900
NIFTY16JAN2011850CE.NFO,07/01/2020,13:25:35,242.35,209.5,150,264.25,525,0,900
NIFTY16JAN2011850CE.NFO,07/01/2020,13:25:36,242.35,213.3,1050,264.2,1050,0,900
NIFTY16JAN2011850CE.NFO,07/01/2020,13:25:37,242.35,209.5,600,264.2,1050,0,900
NIFTY16JAN2011850CE.NFO,07/01/2020,13:25:38,242.35,213.35,1050,263.95,525,0,900
NIFTY16JAN2011850CE.NFO,07/01/2020,13:25:40,242.35,209.75,525,263.9,1050,0,900
NIFTY16JAN2011850CE.NFO,07/01/2020,13:25:41,242.35,238.1,225,241.25,225,0,900
NIFTY16JAN2011850CE.NFO,07/01/2020,13:25:43,242.35,237.6,75,240.5,75,0,900
NIFTY16JAN2011850CE.NFO,07/01/2020,13:25:48,242.35,237.45,150,240.5,75,0,900
NIFTY16JAN2011850CE.NFO,07/01/2020,13:25:49,242.35,237.45,150,240.45,75,0,900
NIFTY16JAN2011850CE.NFO,07/01/2020,13:25:50,242.35,237.45,225,240.45,225,0,900
NIFTY16JAN2011850CE.NFO,07/01/2020,13:25:53,242.35,237.45,75,240.45,75,0,900
NIFTY16JAN2011850CE.NFO,07/01/2020,13:25:55,242.35,238.1,75,240.55,75,0,900
NIFTY16JAN2011850CE.NFO,07/01/2020,13:25:57,242.35,238.1,75,240.95,75,0,900
NIFTY16JAN2011850CE.NFO,07/01/2020,13:25:59,242.35,238.75,75,241.4,75,0,900
NIFTY16JAN2011850CE.NFO,07/01/2020,13:26:01,242.35,213.5,150,263.5,150,0,900
NIFTY16JAN2011850CE.NFO,07/01/2020,13:26:03,242.35,213.55,1050,263.5,150,0,900
NIFTY16JAN2011850CE.NFO,07/01/2020,13:26:04,242.35,213.5,150,263.65,150,0,900
NIFTY16JAN2011850CE.NFO,07/01/2020,13:26:05,242.35,213.6,1050,263.65,150,0,900
NIFTY16JAN2011850CE.NFO,07/01/2020,13:26:06,242.35,213.5,150,263.65,150,0,900
NIFTY16JAN2011850CE.NFO,07/01/2020,13:26:08,242.35,213.65,1050,263.65,150,0,900
NIFTY16JAN2011850CE.NFO,07/01/2020,13:26:09,242.35,213.5,150,263.65,150,0,900
NIFTY16JAN2011850CE.NFO,07/01/2020,13:26:10,242.35,213.7,1050,263.65,150,0,900
NIFTY16JAN2011850CE.NFO,07/01/2020,13:26:11,242.35,213.5,150,263.65,150,0,900
NIFTY16JAN2011850CE.NFO,07/01/2020,13:26:12,242.35,213.75,1050,263.65,150,0,900
NIFTY16JAN2011850CE.NFO,07/01/2020,13:26:15,242.35,213.5,150,263.6,150,0,900
NIFTY16JAN2011850CE.NFO,07/01/2020,13:26:18,242.35,213.9,1050,263.6,150,0,900
NIFTY16JAN2011850CE.NFO,07/01/2020,13:26:19,242.35,213.5,150,263.6,150,0,900
NIFTY16JAN2011850CE.NFO,07/01/2020,13:26:20,242.35,213.95,1050,263.6,150,0,900
NIFTY16JAN2011850CE.NFO,07/01/2020,13:26:21,242.35,213.5,150,263.65,150,0,900
NIFTY16JAN2011850CE.NFO,07/01/2020,13:26:22,242.35,214,1050,263.65,150,0,900
NIFTY16JAN2011850CE.NFO,07/01/2020,13:26:23,242.35,213.5,150,263.65,150,0,900
NIFTY16JAN2011850CE.NFO,07/01/2020,13:26:25,242.35,214.05,1050,263.65,150,0,900
NIFTY16JAN2011850CE.NFO,07/01/2020,13:26:26,242.35,213.5,150,263.6,150,0,900
NIFTY16JAN2011850CE.NFO,07/01/2020,13:26:27,242.35,214.1,1050,263.6,150,0,900
NIFTY16JAN2011850CE.NFO,07/01/2020,13:26:29,242.35,213.5,150,263.6,150,0,900
NIFTY16JAN2011850CE.NFO,07/01/2020,13:26:30,242.35,214.15,1050,263.6,150,0,900
NIFTY16JAN2011850CE.NFO,07/01/2020,13:26:31,242.35,213.5,150,263.6,150,0,900
NIFTY16JAN2011850CE.NFO,07/01/2020,13:26:32,242.35,214.2,1050,263.6,150,0,900
NIFTY16JAN2011850CE.NFO,07/01/2020,13:26:33,242.35,213.5,150,263.6,150,0,900
NIFTY16JAN2011850CE.NFO,07/01/2020,13:26:35,242.35,214.25,1050,263.6,150,0,900
NIFTY16JAN2011850CE.NFO,07/01/2020,13:26:36,242.35,213.5,150,263.6,150,0,900
NIFTY16JAN2011850CE.NFO,07/01/2020,13:26:37,242.35,214.3,1050,263.6,150,0,900
NIFTY16JAN2011850CE.NFO,07/01/2020,13:26:38,242.35,213.5,150,263.6,150,0,900
NIFTY16JAN2011850CE.NFO,07/01/2020,13:26:40,242.35,214.35,1050,263.6,150,0,900
NIFTY16JAN2011850CE.NFO,07/01/2020,13:26:41,242.35,213.5,150,263.6,150,0,900
NIFTY16JAN2011850CE.NFO,07/01/2020,13:26:42,242.35,214.4,1050,263.6,150,0,900
NIFTY16JAN2011850CE.NFO,07/01/2020,13:26:43,242.35,213.5,150,263.6,150,0,900
NIFTY16JAN2011850CE.NFO,07/01/2020,13:26:45,242.35,214.45,1050,263.6,150,0,900
NIFTY16JAN2011850CE.NFO,07/01/2020,13:26:46,242.35,213.5,150,263.6,150,0,900
NIFTY16JAN2011850CE.NFO,07/01/2020,13:26:47,242.35,214.5,1050,263.6,150,0,900
NIFTY16JAN2011850CE.NFO,07/01/2020,13:26:48,242.35,213.5,150,263.6,150,0,900
NIFTY16JAN2011850CE.NFO,07/01/2020,13:26:49,242.35,214.55,1050,263.6,150,0,900
NIFTY16JAN2011850CE.NFO,07/01/2020,13:26:51,242.35,213.5,150,263.6,150,0,900
NIFTY16JAN2011850CE.NFO,07/01/2020,13:27:00,242.35,213.55,1050,263.6,150,0,900
NIFTY16JAN2011850CE.NFO,07/01/2020,13:27:01,242.35,213.5,150,263.6,150,0,900
NIFTY16JAN2011850CE.NFO,07/01/2020,13:27:03,242.35,213.6,1050,263.6,150,0,900
NIFTY16JAN2011850CE.NFO,07/01/2020,13:27:04,242.35,213.5,150,263.6,150,0,900
NIFTY16JAN2011850CE.NFO,07/01/2020,13:27:05,242.35,213.65,1050,263.6,150,0,900
NIFTY16JAN2011850CE.NFO,07/01/2020,13:27:07,242.35,213.5,150,263.6,150,0,900
NIFTY16JAN2011850CE.NFO,07/01/2020,13:27:08,242.35,213.7,1050,263.6,150,0,900
NIFTY16JAN2011850CE.NFO,07/01/2020,13:27:09,242.35,213.5,150,263.6,150,0,900
NIFTY16JAN2011850CE.NFO,07/01/2020,13:27:10,242.35,213.75,1050,263.6,150,0,900
NIFTY16JAN2011850CE.NFO,07/01/2020,13:27:12,242.35,213.5,150,263.6,150,0,900
NIFTY16JAN2011850CE.NFO,07/01/2020,13:27:13,242.35,213.8,1050,263.6,150,0,900
NIFTY16JAN2011850CE.NFO,07/01/2020,13:27:14,242.35,213.5,150,263.6,150,0,900
NIFTY16JAN2011850CE.NFO,07/01/2020,13:27:15,242.35,213.85,1050,263.6,150,0,900
NIFTY16JAN2011850CE.NFO,07/01/2020,13:27:16,242.35,213.5,150,263.6,150,0,900
NIFTY16JAN2011850CE.NFO,07/01/2020,13:27:17,242.35,213.9,1050,263.6,150,0,900
NIFTY16JAN2011850CE.NFO,07/01/2020,13:27:18,242.35,213.5,150,263.6,150,0,900
NIFTY16JAN2011850CE.NFO,07/01/2020,13:27:19,242.35,213.95,1050,263.6,150,0,900
NIFTY16JAN2011850CE.NFO,07/01/2020,13:27:20,242.35,213.5,150,263.6,150,0,900
NIFTY16JAN2011850CE.NFO,07/01/2020,13:27:21,242.35,214,1050,263.6,150,0,900
NIFTY16JAN2011850CE.NFO,07/01/2020,13:27:23,242.35,213.5,150,263.6,150,0,900
NIFTY16JAN2011850CE.NFO,07/01/2020,13:27:24,242.35,214.05,1050,263.6,150,0,900
NIFTY16JAN2011850CE.NFO,07/01/2020,13:27:25,242.35,213.5,150,263.6,150,0,900
NIFTY16JAN2011850CE.NFO,07/01/2020,13:27:26,242.35,214.1,1050,263.6,150,0,900
NIFTY16JAN2011850CE.NFO,07/01/2020,13:27:27,242.35,213.5,150,263.6,150,0,900
NIFTY16JAN2011850CE.NFO,07/01/2020,13:27:28,242.35,220,525,263.6,150,0,900
NIFTY16JAN2011850CE.NFO,07/01/2020,13:27:31,242.35,218.95,525,257.1,525,0,900
NIFTY16JAN2011850CE.NFO,07/01/2020,13:27:32,242.35,236.45,75,240.05,75,0,900
NIFTY16JAN2011850CE.NFO,07/01/2020,13:27:33,242.35,236.1,75,240.05,75,0,900
NIFTY16JAN2011850CE.NFO,07/01/2020,13:27:36,242.35,236.1,75,239.3,75,0,900
NIFTY16JAN2011850CE.NFO,07/01/2020,13:27:38,242.35,235.9,75,239.3,75,0,900
NIFTY16JAN2011850CE.NFO,07/01/2020,13:27:39,242.35,234.55,75,237.9,75,0,900
NIFTY16JAN2011850CE.NFO,07/01/2020,13:27:40,242.35,234.2,75,237.15,75,0,900
NIFTY16JAN2011850CE.NFO,07/01/2020,13:27:42,242.35,233.45,75,236.3,75,0,900
NIFTY16JAN2011850CE.NFO,07/01/2020,13:27:43,242.35,233.05,75,236.3,75,0,900
NIFTY16JAN2011850CE.NFO,07/01/2020,13:27:45,242.35,233.8,75,236.3,75,0,900
NIFTY16JAN2011850CE.NFO,07/01/2020,13:27:47,242.35,233.25,75,236.3,75,0,900
NIFTY16JAN2011850CE.NFO,07/01/2020,13:27:49,242.35,232,75,235.35,75,0,900
NIFTY16JAN2011850CE.NFO,07/01/2020,13:27:50,242.35,230.6,75,233.05,75,0,900
NIFTY16JAN2011850CE.NFO,07/01/2020,13:27:52,242.35,232.05,75,234.45,75,0,900
NIFTY16JAN2011850CE.NFO,07/01/2020,13:27:53,242.35,232.05,75,234.85,75,0,900
NIFTY16JAN2011850CE.NFO,07/01/2020,13:27:56,242.35,231.35,75,234.15,75,0,900
NIFTY16JAN2011850CE.NFO,07/01/2020,13:28:00,242.35,232.25,75,235.3,75,0,900
NIFTY16JAN2011850CE.NFO,07/01/2020,13:28:04,242.35,232.05,75,234.5,75,0,900
NIFTY16JAN2011850CE.NFO,07/01/2020,13:28:06,242.35,231.3,75,234.5,75,0,900
NIFTY16JAN2011850CE.NFO,07/01/2020,13:28:07,242.35,230.75,75,233.3,75,0,900
NIFTY16JAN2011850CE.NFO,07/01/2020,13:28:10,242.35,229.75,75,232.45,75,0,900
NIFTY16JAN2011850CE.NFO,07/01/2020,13:28:12,242.35,230.45,75,233.05,75,0,900
NIFTY16JAN2011850CE.NFO,07/01/2020,13:28:15,242.35,230.45,75,233.4,75,0,900
NIFTY16JAN2011850CE.NFO,07/01/2020,13:28:17,242.35,230.15,75,233.4,75,0,900
NIFTY16JAN2011850CE.NFO,07/01/2020,13:28:22,242.35,229.95,75,233.4,75,0,900
NIFTY16JAN2011850CE.NFO,07/01/2020,13:28:23,242.35,229.45,75,232.65,75,0,900
NIFTY16JAN2011850CE.NFO,07/01/2020,13:28:26,242.35,229,75,232.65,300,0,900
NIFTY16JAN2011850CE.NFO,07/01/2020,13:28:27,242.35,229,75,231.85,75,0,900
NIFTY16JAN2011850CE.NFO,07/01/2020,13:28:31,242.35,229,300,231.85,75,0,900
NIFTY16JAN2011850CE.NFO,07/01/2020,13:28:32,242.35,229,75,231.85,75,0,900
NIFTY16JAN2011850CE.NFO,07/01/2020,13:28:34,242.35,228.25,75,231.1,75,0,900
NIFTY16JAN2011850CE.NFO,07/01/2020,13:28:37,242.35,227.55,75,230.45,75,0,900
NIFTY16JAN2011850CE.NFO,07/01/2020,13:28:38,242.35,227.55,300,230.45,75,0,900
NIFTY16JAN2011850CE.NFO,07/01/2020,13:28:39,242.35,227.6,225,230.45,75,0,900
NIFTY16JAN2011850CE.NFO,07/01/2020,13:28:41,242.35,227.25,75,230.45,75,0,900
NIFTY16JAN2011850CE.NFO,07/01/2020,13:28:42,242.35,226.3,75,228.95,75,0,900
NIFTY16JAN2011850CE.NFO,07/01/2020,13:28:45,242.35,226.9,75,228.95,75,0,900
NIFTY16JAN2011850CE.NFO,07/01/2020,13:28:47,242.35,226.9,225,229.3,75,0,900
NIFTY16JAN2011850CE.NFO,07/01/2020,13:28:49,242.35,226.35,75,229.3,225,0,900
NIFTY16JAN2011850CE.NFO,07/01/2020,13:28:51,242.35,226.35,75,229.3,75,0,900
NIFTY16JAN2011850CE.NFO,07/01/2020,13:28:53,242.35,224.3,225,227.1,75,0,900
NIFTY16JAN2011850CE.NFO,07/01/2020,13:28:54,242.35,223.6,225,226.4,75,0,900
NIFTY16JAN2011850CE.NFO,07/01/2020,13:28:56,242.35,223.1,225,225.7,75,0,900
NIFTY16JAN2011850CE.NFO,07/01/2020,13:29:01,242.35,223.7,225,226.25,75,0,900
NIFTY16JAN2011850CE.NFO,07/01/2020,13:29:02,242.35,224.45,75,226.75,75,0,900
NIFTY16JAN2011850CE.NFO,07/01/2020,13:29:03,242.35,224.55,225,227.15,75,0,900
NIFTY16JAN2011850CE.NFO,07/01/2020,13:29:05,242.35,224.55,75,227.15,75,0,900
NIFTY16JAN2011850CE.NFO,07/01/2020,13:29:06,242.35,224.6,225,227.15,75,0,900
NIFTY16JAN2011850CE.NFO,07/01/2020,13:29:07,242.35,225.2,75,227.35,75,0,900
NIFTY16JAN2011850CE.NFO,07/01/2020,13:29:09,242.35,225.9,75,228.6,75,0,900
NIFTY16JAN2011850CE.NFO,07/01/2020,13:29:10,242.35,225.9,75,227.95,75,0,900
NIFTY16JAN2011850CE.NFO,07/01/2020,13:29:11,242.35,223.7,75,226.35,75,0,900
NIFTY16JAN2011850CE.NFO,07/01/2020,13:29:13,242.35,224.3,75,226.35,75,0,900
NIFTY16JAN2011850CE.NFO,07/01/2020,13:29:14,242.35,223.1,225,226.35,75,0,900
NIFTY16JAN2011850CE.NFO,07/01/2020,13:29:15,242.35,223.75,225,226.35,75,0,900
NIFTY16JAN2011850CE.NFO,07/01/2020,13:29:17,242.35,223.75,225,226.5,75,0,900
NIFTY16JAN2011850CE.NFO,07/01/2020,13:29:19,242.35,223.1,225,225.85,75,0,900
NIFTY16JAN2011850CE.NFO,07/01/2020,13:29:21,242.35,222.2,225,224.35,75,0,900
NIFTY16JAN2011850CE.NFO,07/01/2020,13:29:22,242.35,222.2,225,225.1,75,0,900
NIFTY16JAN2011850CE.NFO,07/01/2020,13:29:23,242.35,223.45,75,225.7,75,0,900
NIFTY16JAN2011850CE.NFO,07/01/2020,13:29:25,242.35,224.1,75,226.5,75,0,900
NIFTY16JAN2011850CE.NFO,07/01/2020,13:29:26,242.35,224.1,75,226.45,225,0,900
NIFTY16JAN2011850CE.NFO,07/01/2020,13:29:27,242.35,222.2,225,225.8,225,0,900
NIFTY16JAN2011850CE.NFO,07/01/2020,13:29:29,242.35,222.8,75,225.15,75,0,900
NIFTY16JAN2011850CE.NFO,07/01/2020,13:29:30,242.35,222.4,225,225.15,225,0,900
NIFTY16JAN2011850CE.NFO,07/01/2020,13:29:31,242.35,222.4,75,225.15,225,0,900
NIFTY16JAN2011850CE.NFO,07/01/2020,13:29:34,242.35,219.65,225,222.1,75,0,900
NIFTY16JAN2011850CE.NFO,07/01/2020,13:29:35,242.35,221.65,75,224.4,225,0,900
NIFTY16JAN2011850CE.NFO,07/01/2020,13:29:37,242.35,222.3,75,224.7,75,0,900
NIFTY16JAN2011850CE.NFO,07/01/2020,13:29:38,242.35,222.3,225,224.7,75,0,900
NIFTY16JAN2011850CE.NFO,07/01/2020,13:29:40,242.35,222,225,224.7,75,0,900
NIFTY16JAN2011850CE.NFO,07/01/2020,13:29:41,242.35,222.3,75,224.7,75,0,900
NIFTY16JAN2011850CE.NFO,07/01/2020,13:29:42,242.35,222.7,75,225.05,75,0,900
NIFTY16JAN2011850CE.NFO,07/01/2020,13:29:45,242.35,222.7,225,225.45,75,0,900
NIFTY16JAN2011850CE.NFO,07/01/2020,13:29:48,242.35,223.3,75,225.45,75,0,900
NIFTY16JAN2011850CE.NFO,07/01/2020,13:29:49,242.35,222.65,225,225.4,75,0,900
NIFTY16JAN2011850CE.NFO,07/01/2020,13:29:50,242.35,221.9,75,224.7,225,0,900
NIFTY16JAN2011850CE.NFO,07/01/2020,13:29:52,242.35,220.95,75,223.2,75,0,900
NIFTY16JAN2011850CE.NFO,07/01/2020,13:29:53,242.35,220.45,225,223.2,75,0,900
NIFTY16JAN2011850CE.NFO,07/01/2020,13:29:57,242.35,222.1,225,225.35,225,0,900
NIFTY16JAN2011850CE.NFO,07/01/2020,13:29:59,242.35,222.1,225,224.65,75,0,900
NIFTY16JAN2011850CE.NFO,07/01/2020,13:30:01,242.35,220.45,225,224,225,0,900
NIFTY16JAN2011850CE.NFO,07/01/2020,13:30:03,242.35,220.45,225,223.2,75,0,900
NIFTY16JAN2011850CE.NFO,07/01/2020,13:30:04,242.35,220.45,225,223.65,75,0,900
NIFTY16JAN2011850CE.NFO,07/01/2020,13:30:05,242.35,222.35,75,225.35,225,0,900
NIFTY16JAN2011850CE.NFO,07/01/2020,13:30:09,242.35,222.4,225,225.35,75,0,900
NIFTY16JAN2011850CE.NFO,07/01/2020,13:30:11,242.35,222.4,225,225.35,225,0,900
NIFTY16JAN2011850CE.NFO,07/01/2020,13:30:12,242.35,222.4,225,225.35,150,0,900
NIFTY16JAN2011850CE.NFO,07/01/2020,13:30:13,242.35,222.4,225,225.4,75,0,900
NIFTY16JAN2011850CE.NFO,07/01/2020,13:30:21,242.35,223.05,75,225.4,75,0,900
NIFTY16JAN2011850CE.NFO,07/01/2020,13:30:23,225.4,223.1,225,234.85,150,75,1425
NIFTY16JAN2011850CE.NFO,07/01/2020,13:30:23,225.4,223.1,225,234.85,150,0,1425
NIFTY16JAN2011850CE.NFO,07/01/2020,13:30:24,225.4,221.3,225,223.8,75,0,1425
NIFTY16JAN2011850CE.NFO,07/01/2020,13:30:26,225.4,220.45,225,223.05,75,0,1425
NIFTY16JAN2011850CE.NFO,07/01/2020,13:30:27,225.4,220.1,75,223.05,75,0,1425
NIFTY16JAN2011850CE.NFO,07/01/2020,13:30:31,225.4,220.8,75,223.3,75,0,1425
NIFTY16JAN2011850CE.NFO,07/01/2020,13:30:34,225.4,220.1,225,222.6,75,0,1425
NIFTY16JAN2011850CE.NFO,07/01/2020,13:30:37,225.4,220.7,75,222.9,75,0,1425
NIFTY16JAN2011850CE.NFO,07/01/2020,13:30:40,225.4,220.1,75,222.9,225,0,1425
NIFTY16JAN2011850CE.NFO,07/01/2020,13:30:41,225.4,220.15,225,222.9,75,0,1425
NIFTY16JAN2011850CE.NFO,07/01/2020,13:30:43,225.4,220.15,75,222.2,75,0,1425
NIFTY16JAN2011850CE.NFO,07/01/2020,13:30:45,225.4,220.15,75,222.5,75,0,1425
NIFTY16JAN2011850CE.NFO,07/01/2020,13:30:46,225.4,219.4,225,222.5,75,0,1425
NIFTY16JAN2011850CE.NFO,07/01/2020,13:30:48,225.4,219.05,225,221.65,75,0,1425
NIFTY16JAN2011850CE.NFO,07/01/2020,13:30:49,225.4,219.85,225,222.35,75,0,1425
NIFTY16JAN2011850CE.NFO,07/01/2020,13:30:51,225.4,219.85,75,222.95,225,0,1425
NIFTY16JAN2011850CE.NFO,07/01/2020,13:30:53,225.4,219.05,225,222.25,75,0,1425
NIFTY16JAN2011850CE.NFO,07/01/2020,13:30:55,225.4,219.7,225,222.75,75,0,1425
NIFTY16JAN2011850CE.NFO,07/01/2020,13:30:56,225.4,221.1,75,223.75,75,0,1425
NIFTY16JAN2011850CE.NFO,07/01/2020,13:30:57,225.4,221.1,75,223.75,225,0,1425
NIFTY16JAN2011850CE.NFO,07/01/2020,13:30:59,225.4,221.85,75,224.05,75,0,1425
NIFTY16JAN2011850CE.NFO,07/01/2020,13:31:00,225.4,222.75,75,225.2,225,0,1425
NIFTY16JAN2011850CE.NFO,07/01/2020,13:31:02,225.4,221.1,225,224.45,225,0,1425
NIFTY16JAN2011850CE.NFO,07/01/2020,13:31:03,225.4,221.25,75,223.25,75,0,1425
NIFTY16JAN2011850CE.NFO,07/01/2020,13:31:04,225.4,220.2,225,223.1,75,0,1425
NIFTY16JAN2011850CE.NFO,07/01/2020,13:31:06,225.4,220.9,75,223.1,75,0,1425
NIFTY16JAN2011850CE.NFO,07/01/2020,13:31:07,225.4,221.65,225,224.45,225,0,1425
NIFTY16JAN2011850CE.NFO,07/01/2020,13:31:08,225.4,221.65,75,224.45,225,0,1425
NIFTY16JAN2011850CE.NFO,07/01/2020,13:31:11,225.4,222.3,75,224.45,75,0,1425
NIFTY16JAN2011850CE.NFO,07/01/2020,13:31:12,225.4,220.9,75,223.7,225,0,1425
NIFTY16JAN2011850CE.NFO,07/01/2020,13:31:16,225.4,221.65,75,223.7,75,0,1425
NIFTY16JAN2011850CE.NFO,07/01/2020,13:31:20,225.4,221.65,75,223.85,75,0,1425
NIFTY16JAN2011850CE.NFO,07/01/2020,13:31:23,225.4,221.65,225,224.2,75,0,1425
NIFTY16JAN2011850CE.NFO,07/01/2020,13:31:24,225.4,222.3,75,224.6,75,0,1425
NIFTY16JAN2011850CE.NFO,07/01/2020,13:31:25,225.4,222.3,225,224.95,75,0,1425
NIFTY16JAN2011850CE.NFO,07/01/2020,13:31:30,225.4,224.3,75,226.75,225,0,1425
NIFTY16JAN2011850CE.NFO,07/01/2020,13:31:37,225.4,224.2,75,226.75,225,0,1425
NIFTY16JAN2011850CE.NFO,07/01/2020,13:31:43,225.4,225.55,75,227.75,150,0,1425
NIFTY16JAN2011850CE.NFO,07/01/2020,13:31:45,225.4,226.15,75,228.8,150,0,1425
NIFTY16JAN2011850CE.NFO,07/01/2020,13:31:46,225.4,226.8,75,229.7,225,0,1425
NIFTY16JAN2011850CE.NFO,07/01/2020,13:31:48,225.4,228,75,230.65,150,0,1425
NIFTY16JAN2011850CE.NFO,07/01/2020,13:31:49,225.4,228.05,75,232.05,225,0,1425
NIFTY16JAN2011850CE.NFO,07/01/2020,13:31:50,225.4,228.7,75,231.1,225,0,1425
NIFTY16JAN2011850CE.NFO,07/01/2020,13:31:52,225.4,230,75,232.35,75,0,1425
NIFTY16JAN2011850CE.NFO,07/01/2020,13:31:53,225.4,230,75,232.7,75,0,1425
NIFTY16JAN2011850CE.NFO,07/01/2020,13:31:55,233.65,231.85,75,234.75,150,150,1425
NIFTY16JAN2011850CE.NFO,07/01/2020,13:31:56,233.65,231.85,75,234.8,225,0,1425
NIFTY16JAN2011850CE.NFO,07/01/2020,13:31:57,233.65,231.5,75,234.1,225,0,1425
NIFTY16JAN2011850CE.NFO,07/01/2020,13:31:59,233.65,230.75,75,233.4,150,0,1425
NIFTY16JAN2011850CE.NFO,07/01/2020,13:32:00,233.65,230.3,75,233.4,225,0,1425
NIFTY16JAN2011850CE.NFO,07/01/2020,13:32:01,233.65,229.7,75,232.35,75,0,1425
NIFTY16JAN2011850CE.NFO,07/01/2020,13:32:03,233.65,229.4,75,232.35,225,0,1425
NIFTY16JAN2011850CE.NFO,07/01/2020,13:32:04,233.65,229,75,231.7,75,0,1425
NIFTY16JAN2011850CE.NFO,07/01/2020,13:32:06,233.65,229.6,75,232.35,225,0,1425
NIFTY16JAN2011850CE.NFO,07/01/2020,13:32:08,233.65,228.35,75,230.75,75,0,1425
NIFTY16JAN2011850CE.NFO,07/01/2020,13:32:12,233.65,227.35,225,230,75,0,1425
NIFTY16JAN2011850CE.NFO,07/01/2020,13:32:17,233.65,228.1,75,230.7,75,0,1425
NIFTY16JAN2011850CE.NFO,07/01/2020,13:32:18,233.65,228.15,225,230.7,75,0,1425
NIFTY16JAN2011850CE.NFO,07/01/2020,13:32:21,233.65,228.2,75,230.7,75,0,1425
NIFTY16JAN2011850CE.NFO,07/01/2020,13:32:23,233.65,228.2,75,230.7,225,0,1425
NIFTY16JAN2011850CE.NFO,07/01/2020,13:32:25,233.65,229.1,75,231.7,225,0,1425
NIFTY16JAN2011850CE.NFO,07/01/2020,13:32:26,233.65,228.2,225,231,75,0,1425
NIFTY16JAN2011850CE.NFO,07/01/2020,13:32:27,233.65,228.2,75,230.95,225,0,1425
NIFTY16JAN2011850CE.NFO,07/01/2020,13:32:33,233.65,228.15,225,230.95,75,0,1425
NIFTY16JAN2011850CE.NFO,07/01/2020,13:32:35,233.65,228.2,225,230.95,75,0,1425
NIFTY16JAN2011850CE.NFO,07/01/2020,13:32:37,233.65,229.1,75,231.7,225,0,1425
NIFTY16JAN2011850CE.NFO,07/01/2020,13:32:41,233.65,229.1,75,231.7,75,0,1425
NIFTY16JAN2011850CE.NFO,07/01/2020,13:32:42,233.65,228.2,225,230.9,225,0,1425
NIFTY16JAN2011850CE.NFO,07/01/2020,13:32:43,233.65,227.9,75,230.15,75,0,1425
NIFTY16JAN2011850CE.NFO,07/01/2020,13:32:44,233.65,227.15,75,230.15,225,0,1425
NIFTY16JAN2011850CE.NFO,07/01/2020,13:32:47,233.65,226.8,75,229.4,75,0,1425
NIFTY16JAN2011850CE.NFO,07/01/2020,13:32:48,233.65,226.8,225,230.15,225,0,1425
NIFTY16JAN2011850CE.NFO,07/01/2020,13:32:50,233.65,226.8,75,230.15,225,0,1425
NIFTY16JAN2011850CE.NFO,07/01/2020,13:32:51,233.65,227.5,225,230.15,75,0,1425
NIFTY16JAN2011850CE.NFO,07/01/2020,13:32:52,233.65,227.5,75,230.15,75,0,1425
NIFTY16JAN2011850CE.NFO,07/01/2020,13:32:53,233.65,227.5,225,230.15,75,0,1425
NIFTY16JAN2011850CE.NFO,07/01/2020,13:32:55,233.65,228.15,75,230.9,225,0,1425
NIFTY16JAN2011850CE.NFO,07/01/2020,13:32:56,233.65,227.5,75,230.15,225,0,1425
NIFTY16JAN2011850CE.NFO,07/01/2020,13:32:57,233.65,226.95,75,229.25,75,0,1425
NIFTY16JAN2011850CE.NFO,07/01/2020,13:32:59,233.65,226.55,225,229.25,75,0,1425
NIFTY16JAN2011850CE.NFO,07/01/2020,13:33:04,233.65,227.35,225,230.9,225,0,1425
NIFTY16JAN2011850CE.NFO,07/01/2020,13:33:06,233.65,227.35,75,230.15,225,0,1425
NIFTY16JAN2011850CE.NFO,07/01/2020,13:33:08,233.65,227.4,225,230.15,75,0,1425
NIFTY16JAN2011850CE.NFO,07/01/2020,13:33:16,233.65,227.4,225,230.9,225,0,1425
NIFTY16JAN2011850CE.NFO,07/01/2020,13:33:19,233.65,227.25,75,229.45,75,0,1425
NIFTY16JAN2011850CE.NFO,07/01/2020,13:33:20,233.65,226.8,75,229.45,75,0,1425
NIFTY16JAN2011850CE.NFO,07/01/2020,13:33:22,233.65,226.3,75,228.55,75,0,1425
NIFTY16JAN2011850CE.NFO,07/01/2020,13:33:23,233.65,225.1,75,227.9,75,0,1425
NIFTY16JAN2011850CE.NFO,07/01/2020,13:33:24,233.65,224.7,75,227.1,75,0,1425
NIFTY16JAN2011850CE.NFO,07/01/2020,13:33:26,233.65,224.1,75,226.45,75,0,1425
NIFTY16JAN2011850CE.NFO,07/01/2020,13:33:27,233.65,224.1,225,226.45,75,0,1425
NIFTY16JAN2011850CE.NFO,07/01/2020,13:33:28,233.65,224.75,225,227.8,75,0,1425
NIFTY16JAN2011850CE.NFO,07/01/2020,13:33:38,233.65,225.4,225,228.3,75,0,1425
NIFTY16JAN2011850CE.NFO,07/01/2020,13:33:43,233.65,226,75,228.4,75,0,1425
NIFTY16JAN2011850CE.NFO,07/01/2020,13:33:44,233.65,226.05,225,228.8,75,0,1425
NIFTY16JAN2011850CE.NFO,07/01/2020,13:33:46,233.65,226.05,75,228.8,75,0,1425
NIFTY16JAN2011850CE.NFO,07/01/2020,13:33:47,233.65,226.05,225,228.8,75,0,1425
NIFTY16JAN2011850CE.NFO,07/01/2020,13:33:48,233.65,226.05,225,229.2,225,0,1425
NIFTY16JAN2011850CE.NFO,07/01/2020,13:33:49,233.65,226.65,225,229.2,75,0,1425
NIFTY16JAN2011850CE.NFO,07/01/2020,13:33:51,233.65,227.35,225,230.1,75,0,1425
NIFTY16JAN2011850CE.NFO,07/01/2020,13:33:55,233.65,227.2,75,230.05,225,0,1425
NIFTY16JAN2011850CE.NFO,07/01/2020,13:33:57,233.65,227.2,75,230.05,75,0,1425
NIFTY16JAN2011850CE.NFO,07/01/2020,13:33:58,233.65,227.2,75,230.05,225,0,1425
NIFTY16JAN2011850CE.NFO,07/01/2020,13:34:01,233.65,227.2,75,230.05,75,0,1425
NIFTY16JAN2011850CE.NFO,07/01/2020,13:34:02,233.65,227.15,75,229.4,75,0,1425
NIFTY16JAN2011850CE.NFO,07/01/2020,13:34:04,233.65,226.75,75,228.75,75,0,1425
NIFTY16JAN2011850CE.NFO,07/01/2020,13:34:08,233.65,225.5,225,228.7,225,0,1425
NIFTY16JAN2011850CE.NFO,07/01/2020,13:34:10,233.65,225.5,75,228.7,225,0,1425
NIFTY16JAN2011850CE.NFO,07/01/2020,13:34:11,233.65,226.2,225,228.7,75,0,1425
NIFTY16JAN2011850CE.NFO,07/01/2020,13:34:12,233.65,226.8,75,229.4,225,0,1425
NIFTY16JAN2011850CE.NFO,07/01/2020,13:34:13,233.65,226.8,75,229.4,75,0,1425
NIFTY16JAN2011850CE.NFO,07/01/2020,13:34:15,233.65,226.8,75,229.4,225,0,1425
NIFTY16JAN2011850CE.NFO,07/01/2020,13:34:18,233.65,226.8,75,229.4,150,0,1425
NIFTY16JAN2011850CE.NFO,07/01/2020,13:34:19,233.65,227.45,75,229.9,75,0,1425
NIFTY16JAN2011850CE.NFO,07/01/2020,13:34:21,233.65,227.45,75,229.9,225,0,1425
NIFTY16JAN2011850CE.NFO,07/01/2020,13:34:23,233.65,226.8,75,229.25,225,0,1425
NIFTY16JAN2011850CE.NFO,07/01/2020,13:34:25,233.65,226.8,75,229.25,75,0,1425
NIFTY16JAN2011850CE.NFO,07/01/2020,13:34:27,233.65,226.8,75,229.25,225,0,1425
NIFTY16JAN2011850CE.NFO,07/01/2020,13:34:28,233.65,226.4,225,228.85,75,0,1425
NIFTY16JAN2011850CE.NFO,07/01/2020,13:34:30,233.65,227.1,75,229.25,75,0,1425
NIFTY16JAN2011850CE.NFO,07/01/2020,13:34:34,233.65,227.1,75,229.6,75,0,1425
NIFTY16JAN2011850CE.NFO,07/01/2020,13:34:35,233.65,227.1,225,229.6,75,0,1425
NIFTY16JAN2011850CE.NFO,07/01/2020,13:34:36,233.65,228.45,75,231.7,225,0,1425
NIFTY16JAN2011850CE.NFO,07/01/2020,13:34:38,233.65,229.2,75,231.7,225,0,1425
NIFTY16JAN2011850CE.NFO,07/01/2020,13:34:42,233.65,228.8,75,231,225,0,1425
NIFTY16JAN2011850CE.NFO,07/01/2020,13:34:45,233.65,228.8,225,231.55,75,0,1425
NIFTY16JAN2011850CE.NFO,07/01/2020,13:34:46,233.65,229.5,75,231.55,75,0,1425
NIFTY16JAN2011850CE.NFO,07/01/2020,13:34:48,233.65,228.85,75,231.55,225,0,1425
NIFTY16JAN2011850CE.NFO,07/01/2020,13:34:53,233.65,229.5,75,232.15,75,0,1425
NIFTY16JAN2011850CE.NFO,07/01/2020,13:34:54,233.65,230.25,150,233.35,75,0,1425
NIFTY16JAN2011850CE.NFO,07/01/2020,13:34:55,233.65,230.25,225,233.3,225,0,1425
NIFTY16JAN2011850CE.NFO,07/01/2020,13:34:57,233.65,230.25,225,233.3,75,0,1425
NIFTY16JAN2011850CE.NFO,07/01/2020,13:34:58,233.65,230.35,75,233.6,225,0,1425
NIFTY16JAN2011850CE.NFO,07/01/2020,13:34:59,233.65,230.35,75,232.85,225,0,1425
NIFTY16JAN2011850CE.NFO,07/01/2020,13:35:00,233.65,229.85,150,232.85,225,0,1425
NIFTY16JAN2011850CE.NFO,07/01/2020,13:35:02,233.65,229.1,150,232.85,225,0,1425
NIFTY16JAN2011850CE.NFO,07/01/2020,13:35:03,233.65,228.8,150,231.3,225,0,1425
NIFTY16JAN2011850CE.NFO,07/01/2020,13:35:04,233.65,228.8,225,232.85,225,0,1425
NIFTY16JAN2011850CE.NFO,07/01/2020,13:35:05,233.65,229.55,225,232.85,225,0,1425
NIFTY16JAN2011850CE.NFO,07/01/2020,13:35:07,233.65,229.55,75,232.85,225,0,1425
NIFTY16JAN2011850CE.NFO,07/01/2020,13:35:10,233.65,229.55,225,232.85,150,0,1425
NIFTY16JAN2011850CE.NFO,07/01/2020,13:35:12,233.65,230.85,75,233.85,75,0,1425
NIFTY16JAN2011850CE.NFO,07/01/2020,13:35:14,233.65,231.5,75,234.45,150,0,1425
NIFTY16JAN2011850CE.NFO,07/01/2020,13:35:15,233.65,230.15,225,234.4,225,0,1425
NIFTY16JAN2011850CE.NFO,07/01/2020,13:35:16,233.65,230.75,75,234.4,225,0,1425
NIFTY16JAN2011850CE.NFO,07/01/2020,13:35:24,233.65,229.6,225,232.85,75,0,1425
NIFTY16JAN2011850CE.NFO,07/01/2020,13:35:25,233.65,229.6,75,232.85,75,0,1425
NIFTY16JAN2011850CE.NFO,07/01/2020,13:35:28,233.65,230.4,225,233.55,225,0,1425
NIFTY16JAN2011850CE.NFO,07/01/2020,13:35:29,233.65,230.4,225,233.55,75,0,1425
NIFTY16JAN2011850CE.NFO,07/01/2020,13:35:31,233.65,231.1,75,233.55,75,0,1425
NIFTY16JAN2011850CE.NFO,07/01/2020,13:35:32,233.65,231.75,75,234.35,75,0,1425
NIFTY16JAN2011850CE.NFO,07/01/2020,13:35:33,233.65,232.35,75,234.35,75,0,1425
NIFTY16JAN2011850CE.NFO,07/01/2020,13:35:34,233.65,232.35,75,234.7,75,0,1425
NIFTY16JAN2011850CE.NFO,07/01/2020,13:35:37,233.65,231.15,75,233.85,75,0,1425
NIFTY16JAN2011850CE.NFO,07/01/2020,13:35:41,233.65,231.15,75,233.85,225,0,1425
NIFTY16JAN2011850CE.NFO,07/01/2020,13:35:44,233.65,231.15,75,233.85,75,0,1425
NIFTY16JAN2011850CE.NFO,07/01/2020,13:35:47,233.65,231.15,75,233.95,225,0,1425
NIFTY16JAN2011850CE.NFO,07/01/2020,13:35:48,233.65,231.15,75,233.95,75,0,1425
NIFTY16JAN2011850CE.NFO,07/01/2020,13:35:49,233.65,231.15,75,233.95,225,0,1425
NIFTY16JAN2011850CE.NFO,07/01/2020,13:35:51,233.65,230.4,225,233.95,225,0,1425
NIFTY16JAN2011850CE.NFO,07/01/2020,13:35:52,233.65,231.05,75,233.95,75,0,1425
NIFTY16JAN2011850CE.NFO,07/01/2020,13:35:54,233.65,231.05,75,233.95,225,0,1425
NIFTY16JAN2011850CE.NFO,07/01/2020,13:35:55,233.65,231.05,75,233.95,75,0,1425
NIFTY16JAN2011850CE.NFO,07/01/2020,13:35:56,233.65,231.8,75,234.25,75,0,1425
NIFTY16JAN2011850CE.NFO,07/01/2020,13:36:00,233.65,231.8,75,234.6,225,0,1425
NIFTY16JAN2011850CE.NFO,07/01/2020,13:36:10,233.65,232.6,75,235.3,225,0,1425
NIFTY16JAN2011850CE.NFO,07/01/2020,13:36:11,233.65,232.6,75,234.55,75,0,1425
NIFTY16JAN2011850CE.NFO,07/01/2020,13:36:16,233.65,232.6,75,235.3,225,0,1425
NIFTY16JAN2011850CE.NFO,07/01/2020,13:36:23,233.65,232.6,225,235.35,75,0,1425
NIFTY16JAN2011850CE.NFO,07/01/2020,13:36:24,233.65,233.45,75,235.35,75,0,1425
NIFTY16JAN2011850CE.NFO,07/01/2020,13:36:27,233.65,233.45,75,235.5,75,0,1425
NIFTY16JAN2011850CE.NFO,07/01/2020,13:36:31,233.65,233.55,225,236.3,150,0,1425
NIFTY16JAN2011850CE.NFO,07/01/2020,13:36:32,233.65,233.55,75,236.3,150,0,1425
NIFTY16JAN2011850CE.NFO,07/01/2020,13:36:38,233.65,233.1,75,235.6,150,0,1425
NIFTY16JAN2011850CE.NFO,07/01/2020,13:36:40,233.65,232.6,75,234.85,75,0,1425
NIFTY16JAN2011850CE.NFO,07/01/2020,13:36:41,233.65,232.25,75,234.85,75,0,1425
NIFTY16JAN2011850CE.NFO,07/01/2020,13:36:43,233.65,230.45,75,234.1,150,0,1425
NIFTY16JAN2011850CE.NFO,07/01/2020,13:36:47,233.65,230.5,225,234.1,150,0,1425
NIFTY16JAN2011850CE.NFO,07/01/2020,13:36:48,233.65,230.5,225,233.3,75,0,1425
NIFTY16JAN2011850CE.NFO,07/01/2020,13:36:49,233.65,231.15,75,233.3,75,0,1425
NIFTY16JAN2011850CE.NFO,07/01/2020,13:36:50,233.65,231.15,150,234.1,150,0,1425
NIFTY16JAN2011850CE.NFO,07/01/2020,13:36:52,233.65,231.2,150,234.1,75,0,1425
NIFTY16JAN2011850CE.NFO,07/01/2020,13:36:53,233.65,231.85,75,234.1,75,0,1425
NIFTY16JAN2011850CE.NFO,07/01/2020,13:36:58,233.65,231.85,225,234.6,75,0,1425
NIFTY16JAN2011850CE.NFO,07/01/2020,13:36:59,233.65,233.5,75,235.9,75,0,1425
NIFTY16JAN2011850CE.NFO,07/01/2020,13:37:00,233.65,232.5,225,235.9,225,0,1425
NIFTY16JAN2011850CE.NFO,07/01/2020,13:37:03,233.65,232.5,75,235.05,225,0,1425
NIFTY16JAN2011850CE.NFO,07/01/2020,13:37:04,233.65,232.5,75,235.05,75,0,1425
NIFTY16JAN2011850CE.NFO,07/01/2020,13:37:05,233.65,232.5,225,235.05,75,0,1425
NIFTY16JAN2011850CE.NFO,07/01/2020,13:37:07,233.65,233.2,75,235.4,75,0,1425
NIFTY16JAN2011850CE.NFO,07/01/2020,13:37:12,233.65,233.2,75,235.4,225,0,1425
NIFTY16JAN2011850CE.NFO,07/01/2020,13:37:13,233.65,233.2,75,235.4,75,0,1425
NIFTY16JAN2011850CE.NFO,07/01/2020,13:37:14,233.65,233.2,225,235.5,75,0,1425
NIFTY16JAN2011850CE.NFO,07/01/2020,13:37:17,233.65,232.95,75,235.5,225,0,1425
NIFTY16JAN2011850CE.NFO,07/01/2020,13:37:19,233.65,232.95,75,235.5,75,0,1425
NIFTY16JAN2011850CE.NFO,07/01/2020,13:37:21,233.65,232.95,225,235.5,75,0,1425
NIFTY16JAN2011850CE.NFO,07/01/2020,13:37:22,233.65,233.7,75,236,75,0,1425
NIFTY16JAN2011850CE.NFO,07/01/2020,13:37:22,233.65,233.7,75,236,225,0,1425
NIFTY16JAN2011850CE.NFO,07/01/2020,13:37:24,233.65,233.7,75,236,75,0,1425
NIFTY16JAN2011850CE.NFO,07/01/2020,13:37:25,233.65,233.7,225,236.35,300,0,1425
NIFTY16JAN2011850CE.NFO,07/01/2020,13:37:26,233.65,233.3,75,235.55,75,0,1425
NIFTY16JAN2011850CE.NFO,07/01/2020,13:37:28,233.65,233.3,300,236.35,300,0,1425
NIFTY16JAN2011850CE.NFO,07/01/2020,13:37:29,233.65,234.2,300,236.65,75,0,1425
NIFTY16JAN2011850CE.NFO,07/01/2020,13:37:31,233.65,234.2,75,236.65,75,0,1425
NIFTY16JAN2011850CE.NFO,07/01/2020,13:37:32,233.65,233.45,75,235.9,75,0,1425
NIFTY16JAN2011850CE.NFO,07/01/2020,13:37:35,233.65,233.1,75,235.9,300,0,1425
NIFTY16JAN2011850CE.NFO,07/01/2020,13:37:36,233.65,232.4,75,234.9,75,0,1425
NIFTY16JAN2011850CE.NFO,07/01/2020,13:37:37,233.65,232.05,225,234.9,225,0,1425
NIFTY16JAN2011850CE.NFO,07/01/2020,13:37:39,233.65,230.45,225,234.1,75,0,1425
NIFTY16JAN2011850CE.NFO,07/01/2020,13:37:40,233.65,231.35,225,234.1,75,0,1425
NIFTY16JAN2011850CE.NFO,07/01/2020,13:37:42,233.65,232.05,225,235.2,225,0,1425
NIFTY16JAN2011850CE.NFO,07/01/2020,13:37:43,233.65,232.05,75,235.2,225,0,1425
NIFTY16JAN2011850CE.NFO,07/01/2020,13:37:44,233.65,232.05,225,235.2,225,0,1425
NIFTY16JAN2011850CE.NFO,07/01/2020,13:37:47,233.65,232.05,75,234.3,75,0,1425
NIFTY16JAN2011850CE.NFO,07/01/2020,13:37:48,233.65,231.35,150,234.3,75,0,1425
NIFTY16JAN2011850CE.NFO,07/01/2020,13:37:49,233.65,232.2,75,234.3,75,0,1425
NIFTY16JAN2011850CE.NFO,07/01/2020,13:37:50,233.65,232.2,75,235.2,150,0,1425
NIFTY16JAN2011850CE.NFO,07/01/2020,13:37:51,233.65,232.2,150,235.2,150,0,1425
NIFTY16JAN2011850CE.NFO,07/01/2020,13:37:52,233.65,232.2,75,235.2,150,0,1425
NIFTY16JAN2011850CE.NFO,07/01/2020,13:37:56,233.65,233.6,75,235.9,75,0,1425
NIFTY16JAN2011850CE.NFO,07/01/2020,13:38:04,233.65,233.6,225,235.9,75,0,1425
NIFTY16JAN2011850CE.NFO,07/01/2020,13:38:05,233.65,234.35,75,237.1,75,0,1425
NIFTY16JAN2011850CE.NFO,07/01/2020,13:38:06,233.65,235.3,75,237.5,75,0,1425
NIFTY16JAN2011850CE.NFO,07/01/2020,13:38:08,233.65,236.35,225,239.65,225,0,1425
NIFTY16JAN2011850CE.NFO,07/01/2020,13:38:09,233.65,237.1,75,239.65,225,0,1425
NIFTY16JAN2011850CE.NFO,07/01/2020,13:38:11,233.65,237.15,225,239.65,75,0,1425
NIFTY16JAN2011850CE.NFO,07/01/2020,13:38:12,233.65,238.6,75,241,225,0,1425
NIFTY16JAN2011850CE.NFO,07/01/2020,13:38:13,233.65,237.15,225,241,225,0,1425
NIFTY16JAN2011850CE.NFO,07/01/2020,13:38:15,233.65,237.15,75,240.15,225,0,1425
NIFTY16JAN2011850CE.NFO,07/01/2020,13:38:16,233.65,236.35,225,239.4,150,0,1425
NIFTY16JAN2011850CE.NFO,07/01/2020,13:38:17,233.65,236.4,150,239.4,150,0,1425
NIFTY16JAN2011850CE.NFO,07/01/2020,13:38:18,233.65,236,75,238.65,75,0,1425
NIFTY16JAN2011850CE.NFO,07/01/2020,13:38:20,233.65,236,75,238.55,225,0,1425
NIFTY16JAN2011850CE.NFO,07/01/2020,13:38:21,233.65,235.65,75,238.55,225,0,1425
NIFTY16JAN2011850CE.NFO,07/01/2020,13:38:22,233.65,235.2,75,237.75,75,0,1425
NIFTY16JAN2011850CE.NFO,07/01/2020,13:38:24,233.65,234.4,150,237.75,150,0,1425
NIFTY16JAN2011850CE.NFO,07/01/2020,13:38:25,233.65,234.4,75,236.95,150,0,1425
NIFTY16JAN2011850CE.NFO,07/01/2020,13:38:26,233.65,233.65,225,236.95,150,0,1425
NIFTY16JAN2011850CE.NFO,07/01/2020,13:38:27,233.65,233.65,225,236.15,75,0,1425
NIFTY16JAN2011850CE.NFO,07/01/2020,13:38:30,233.65,233.25,150,236.15,75,0,1425
NIFTY16JAN2011850CE.NFO,07/01/2020,13:38:31,233.65,233.25,225,236.15,75,0,1425
NIFTY16JAN2011850CE.NFO,07/01/2020,13:38:32,233.65,233.25,75,236.15,75,0,1425
NIFTY16JAN2011850CE.NFO,07/01/2020,13:38:33,233.65,233.3,225,236.15,75,0,1425
NIFTY16JAN2011850CE.NFO,07/01/2020,13:38:35,233.65,232.85,75,235.3,75,0,1425
NIFTY16JAN2011850CE.NFO,07/01/2020,13:38:36,233.65,232.45,150,235.3,75,0,1425
NIFTY16JAN2011850CE.NFO,07/01/2020,13:38:38,233.65,233.2,75,235.65,150,0,1425
NIFTY16JAN2011850CE.NFO,07/01/2020,13:38:42,233.65,233.25,75,235.8,225,0,1425
NIFTY16JAN2011850CE.NFO,07/01/2020,13:38:45,233.65,233.25,75,235.8,75,0,1425
NIFTY16JAN2011850CE.NFO,07/01/2020,13:38:47,233.65,233.3,225,236,75,0,1425
NIFTY16JAN2011850CE.NFO,07/01/2020,13:38:51,233.65,233.95,75,236,75,0,1425
NIFTY16JAN2011850CE.NFO,07/01/2020,13:38:52,233.65,234.85,75,237.7,225,0,1425
NIFTY16JAN2011850CE.NFO,07/01/2020,13:38:53,233.65,234.9,150,237.7,75,0,1425
NIFTY16JAN2011850CE.NFO,07/01/2020,13:38:54,233.65,235.65,75,237.7,75,0,1425
NIFTY16JAN2011850CE.NFO,07/01/2020,13:38:55,233.65,235.65,150,238.2,75,0,1425
NIFTY16JAN2011850CE.NFO,07/01/2020,13:38:58,233.65,234,150,237.45,150,0,1425
NIFTY16JAN2011850CE.NFO,07/01/2020,13:39:02,233.65,234,150,237.45,75,0,1425
NIFTY16JAN2011850CE.NFO,07/01/2020,13:39:03,233.65,234,150,237.45,150,0,1425
NIFTY16JAN2011850CE.NFO,07/01/2020,13:39:04,233.65,234,300,237.45,150,0,1425
NIFTY16JAN2011850CE.NFO,07/01/2020,13:39:05,233.65,235.5,75,238.1,75,0,1425
NIFTY16JAN2011850CE.NFO,07/01/2020,13:39:06,233.65,235.5,75,238.5,225,0,1425
NIFTY16JAN2011850CE.NFO,07/01/2020,13:39:09,233.65,235.5,75,238.5,75,0,1425
NIFTY16JAN2011850CE.NFO,07/01/2020,13:39:16,233.65,235.5,75,238.45,225,0,1425
NIFTY16JAN2011850CE.NFO,07/01/2020,13:39:17,233.65,234.85,75,237.75,225,0,1425
NIFTY16JAN2011850CE.NFO,07/01/2020,13:39:19,233.65,234.85,75,237.75,75,0,1425
NIFTY16JAN2011850CE.NFO,07/01/2020,13:39:20,233.65,234.85,75,237.75,225,0,1425
NIFTY16JAN2011850CE.NFO,07/01/2020,13:39:23,233.65,234.3,75,236.95,75,0,1425
NIFTY16JAN2011850CE.NFO,07/01/2020,13:39:28,233.65,233.5,75,236.25,75,0,1425
NIFTY16JAN2011850CE.NFO,07/01/2020,13:39:32,233.65,233.5,75,236.25,225,0,1425
NIFTY16JAN2011850CE.NFO,07/01/2020,13:39:33,233.65,233.1,75,236.2,225,0,1425
NIFTY16JAN2011850CE.NFO,07/01/2020,13:39:34,233.65,233.1,225,236.2,225,0,1425
NIFTY16JAN2011850CE.NFO,07/01/2020,13:39:35,233.65,233.15,75,236.2,75,0,1425
NIFTY16JAN2011850CE.NFO,07/01/2020,13:39:38,233.65,233.15,75,236.2,225,0,1425
NIFTY16JAN2011850CE.NFO,07/01/2020,13:39:40,233.65,232.15,75,234.65,225,0,1425
NIFTY16JAN2011850CE.NFO,07/01/2020,13:39:41,233.65,231.8,75,234.65,225,0,1425
NIFTY16JAN2011850CE.NFO,07/01/2020,13:39:42,233.65,230.5,225,233.45,75,0,1425
NIFTY16JAN2011850CE.NFO,07/01/2020,13:39:43,233.65,230.5,225,233.4,150,0,1425
NIFTY16JAN2011850CE.NFO,07/01/2020,13:39:45,233.65,229.95,150,233.4,225,0,1425
NIFTY16JAN2011850CE.NFO,07/01/2020,13:39:46,233.65,229.9,225,233.4,75,0,1425
NIFTY16JAN2011850CE.NFO,07/01/2020,13:39:47,233.65,229.9,150,233.4,75,0,1425
NIFTY16JAN2011850CE.NFO,07/01/2020,13:39:48,233.65,228.95,75,232.55,150,0,1425
NIFTY16JAN2011850CE.NFO,07/01/2020,13:39:49,233.65,229.05,225,232.55,150,0,1425
NIFTY16JAN2011850CE.NFO,07/01/2020,13:39:51,233.65,229.05,75,232.55,150,0,1425
NIFTY16JAN2011850CE.NFO,07/01/2020,13:39:55,233.65,229.75,150,233.4,150,0,1425
NIFTY16JAN2011850CE.NFO,07/01/2020,13:39:56,233.65,229.75,150,232.55,75,0,1425
NIFTY16JAN2011850CE.NFO,07/01/2020,13:39:57,233.65,229.75,75,232.55,75,0,1425
NIFTY16JAN2011850CE.NFO,07/01/2020,13:39:58,233.65,229,300,232.55,75,0,1425
NIFTY16JAN2011850CE.NFO,07/01/2020,13:40:00,233.65,229.75,150,233.1,75,0,1425
NIFTY16JAN2011850CE.NFO,07/01/2020,13:40:01,233.65,230.5,150,234.65,300,0,1425
NIFTY16JAN2011850CE.NFO,07/01/2020,13:40:03,233.65,230.5,150,233.95,75,0,1425
NIFTY16JAN2011850CE.NFO,07/01/2020,13:40:04,233.65,229.75,150,233.25,75,0,1425
NIFTY16JAN2011850CE.NFO,07/01/2020,13:40:09,233.65,229,300,232.4,75,0,1425
NIFTY16JAN2011850CE.NFO,07/01/2020,13:40:10,233.65,229.75,75,232.4,75,0,1425
NIFTY16JAN2011850CE.NFO,07/01/2020,13:40:14,233.65,229,300,232.4,75,0,1425
NIFTY16JAN2011850CE.NFO,07/01/2020,13:40:15,233.65,229.7,75,232.4,75,0,1425
NIFTY16JAN2011850CE.NFO,07/01/2020,13:40:17,233.65,229.7,75,232.5,75,0,1425
NIFTY16JAN2011850CE.NFO,07/01/2020,13:40:19,233.65,229,75,231.6,75,0,1425
NIFTY16JAN2011850CE.NFO,07/01/2020,13:40:22,233.65,229.05,150,231.6,75,0,1425
NIFTY16JAN2011850CE.NFO,07/01/2020,13:40:24,233.65,229.05,75,231.6,75,0,1425
NIFTY16JAN2011850CE.NFO,07/01/2020,13:40:26,233.65,228.7,150,231.6,75,0,1425
NIFTY16JAN2011850CE.NFO,07/01/2020,13:40:27,233.65,228.65,75,231.6,150,0,1425
NIFTY16JAN2011850CE.NFO,07/01/2020,13:40:28,233.65,228.65,75,231.6,75,0,1425
NIFTY16JAN2011850CE.NFO,07/01/2020,13:40:29,233.65,228.65,150,231.6,75,0,1425
NIFTY16JAN2011850CE.NFO,07/01/2020,13:40:30,233.65,228.65,300,231.6,75,0,1425
NIFTY16JAN2011850CE.NFO,07/01/2020,13:40:32,233.65,228.65,150,231.6,75,0,1425
NIFTY16JAN2011850CE.NFO,07/01/2020,13:40:33,233.65,228.65,300,231.6,75,0,1425
NIFTY16JAN2011850CE.NFO,07/01/2020,13:40:37,233.65,228.65,150,231.6,75,0,1425
NIFTY16JAN2011850CE.NFO,07/01/2020,13:40:41,233.65,228.6,75,231.55,150,0,1425
NIFTY16JAN2011850CE.NFO,07/01/2020,13:40:42,233.65,229.35,75,231.55,75,0,1425
NIFTY16JAN2011850CE.NFO,07/01/2020,13:40:43,233.65,230,75,232.2,75,0,1425
NIFTY16JAN2011850CE.NFO,07/01/2020,13:40:45,233.65,230,150,232.6,75,0,1425
NIFTY16JAN2011850CE.NFO,07/01/2020,13:40:46,233.65,230.75,75,232.95,75,0,1425
NIFTY16JAN2011850CE.NFO,07/01/2020,13:40:49,233.65,230.75,75,233.5,75,0,1425
NIFTY16JAN2011850CE.NFO,07/01/2020,13:40:50,233.65,231.5,75,233.85,75,0,1425
NIFTY16JAN2011850CE.NFO,07/01/2020,13:40:53,233.65,231.5,75,233.85,150,0,1425
NIFTY16JAN2011850CE.NFO,07/01/2020,13:40:54,233.65,230.75,150,233.85,150,0,1425
NIFTY16JAN2011850CE.NFO,07/01/2020,13:40:59,233.65,230.25,75,232.95,150,0,1425
NIFTY16JAN2011850CE.NFO,07/01/2020,13:41:00,233.65,230.25,75,232.95,75,0,1425
NIFTY16JAN2011850CE.NFO,07/01/2020,13:41:01,233.65,230.25,75,232.95,225,0,1425
NIFTY16JAN2011850CE.NFO,07/01/2020,13:41:04,233.65,230.25,75,232.95,75,0,1425
NIFTY16JAN2011850CE.NFO,07/01/2020,13:41:06,233.65,230.25,150,232.95,75,0,1425
NIFTY16JAN2011850CE.NFO,07/01/2020,13:41:08,233.65,230.25,75,232.95,225,0,1425
NIFTY16JAN2011850CE.NFO,07/01/2020,13:41:09,233.65,230.15,75,232.85,225,0,1425
NIFTY16JAN2011850CE.NFO,07/01/2020,13:41:11,233.65,228.7,150,232.2,75,0,1425
NIFTY16JAN2011850CE.NFO,07/01/2020,13:41:12,233.65,228.7,300,231.45,75,0,1425
NIFTY16JAN2011850CE.NFO,07/01/2020,13:41:13,233.65,228.7,150,231.45,75,0,1425
NIFTY16JAN2011850CE.NFO,07/01/2020,13:41:16,233.65,228.75,225,232.2,150,0,1425
NIFTY16JAN2011850CE.NFO,07/01/2020,13:41:18,233.65,229.35,75,232.2,150,0,1425
NIFTY16JAN2011850CE.NFO,07/01/2020,13:41:20,233.65,229.4,150,232.2,75,0,1425
NIFTY16JAN2011850CE.NFO,07/01/2020,13:41:29,233.65,230.1,75,232.65,75,0,1425
NIFTY16JAN2011850CE.NFO,07/01/2020,13:41:31,233.65,230.15,75,232.95,150,0,1425
NIFTY16JAN2011850CE.NFO,07/01/2020,13:41:32,233.65,230.15,225,232.95,150,0,1425
NIFTY16JAN2011850CE.NFO,07/01/2020,13:41:33,233.65,230.15,225,232.95,75,0,1425
NIFTY16JAN2011850CE.NFO,07/01/2020,13:41:34,233.65,230.2,150,232.95,75,0,1425
NIFTY16JAN2011850CE.NFO,07/01/2020,13:41:35,233.65,231,75,233.3,75,0,1425
NIFTY16JAN2011850CE.NFO,07/01/2020,13:41:40,233.65,231,75,233.35,75,0,1425
NIFTY16JAN2011850CE.NFO,07/01/2020,13:41:42,233.65,231,150,233.35,75,0,1425
NIFTY16JAN2011850CE.NFO,07/01/2020,13:41:43,233.65,231.75,75,234.3,75,0,1425
NIFTY16JAN2011850CE.NFO,07/01/2020,13:41:44,233.65,231.05,225,234.25,225,0,1425
NIFTY16JAN2011850CE.NFO,07/01/2020,13:41:46,233.65,229.9,75,232.65,75,0,1425
NIFTY16JAN2011850CE.NFO,07/01/2020,13:41:47,233.65,229.6,75,232.65,150,0,1425
NIFTY16JAN2011850CE.NFO,07/01/2020,13:41:52,233.65,229.1,150,231.8,75,0,1425
NIFTY16JAN2011850CE.NFO,07/01/2020,13:41:52,233.65,228.5,75,231.05,75,0,1425
NIFTY16JAN2011850CE.NFO,07/01/2020,13:41:55,233.65,228.55,150,231.05,75,0,1425
NIFTY16JAN2011850CE.NFO,07/01/2020,13:41:58,233.65,229.2,75,231.75,75,0,1425
NIFTY16JAN2011850CE.NFO,07/01/2020,13:42:00,233.65,229.2,75,231.75,150,0,1425
NIFTY16JAN2011850CE.NFO,07/01/2020,13:42:01,233.65,229.3,225,232.55,150,0,1425
NIFTY16JAN2011850CE.NFO,07/01/2020,13:42:04,233.65,230.15,75,232.55,75,0,1425
NIFTY16JAN2011850CE.NFO,07/01/2020,13:42:05,233.65,230.75,75,233.4,150,0,1425
NIFTY16JAN2011850CE.NFO,07/01/2020,13:42:06,233.65,230.8,150,233.4,75,0,1425
NIFTY16JAN2011850CE.NFO,07/01/2020,13:42:07,233.65,232,75,234.55,75,0,1425
NIFTY16JAN2011850CE.NFO,07/01/2020,13:42:11,233.65,232,75,234.55,150,0,1425
NIFTY16JAN2011850CE.NFO,07/01/2020,13:42:14,233.65,233.4,75,235.6,75,0,1425
NIFTY16JAN2011850CE.NFO,07/01/2020,13:42:15,233.65,233.4,75,235.95,75,0,1425
NIFTY16JAN2011850CE.NFO,07/01/2020,13:42:16,233.65,234.15,75,236.35,75,0,1425
NIFTY16JAN2011850CE.NFO,07/01/2020,13:42:17,233.65,235.25,75,237.75,150,0,1425
NIFTY16JAN2011850CE.NFO,07/01/2020,13:42:18,233.65,236.45,75,238.7,75,0,1425
NIFTY16JAN2011850CE.NFO,07/01/2020,13:42:20,233.65,236.45,75,239.1,150,0,1425
NIFTY16JAN2011850CE.NFO,07/01/2020,13:42:21,233.65,235.35,225,238.25,150,0,1425
NIFTY16JAN2011850CE.NFO,07/01/2020,13:42:26,233.65,236.2,75,239.1,150,0,1425
NIFTY16JAN2011850CE.NFO,07/01/2020,13:42:28,233.65,236.85,150,239.1,75,0,1425
NIFTY16JAN2011850CE.NFO,07/01/2020,13:42:29,233.65,236.85,75,239.1,75,0,1425
NIFTY16JAN2011850CE.NFO,07/01/2020,13:42:32,233.65,236.85,75,239.05,150,0,1425
NIFTY16JAN2011850CE.NFO,07/01/2020,13:42:34,233.65,236.7,75,239.05,150,0,1425
NIFTY16JAN2011850CE.NFO,07/01/2020,13:42:35,233.65,236.4,75,239.05,150,0,1425
NIFTY16JAN2011850CE.NFO,07/01/2020,13:42:36,233.65,236.4,150,239.05,150,0,1425
NIFTY16JAN2011850CE.NFO,07/01/2020,13:42:38,233.65,236.4,150,239.2,75,0,1425
NIFTY16JAN2011850CE.NFO,07/01/2020,13:42:42,233.65,236.45,150,239.2,75,0,1425
NIFTY16JAN2011850CE.NFO,07/01/2020,13:42:43,233.65,236.5,225,239.3,75,0,1425
NIFTY16JAN2011850CE.NFO,07/01/2020,13:42:45,233.65,237.2,75,239.3,75,0,1425
NIFTY16JAN2011850CE.NFO,07/01/2020,13:42:46,233.65,236.5,75,239.3,150,0,1425
NIFTY16JAN2011850CE.NFO,07/01/2020,13:42:47,233.65,236.5,225,239.3,150,0,1425
NIFTY16JAN2011850CE.NFO,07/01/2020,13:42:48,233.65,237.25,75,239.45,75,0,1425
NIFTY16JAN2011850CE.NFO,07/01/2020,13:42:51,233.65,238,75,241.7,225,0,1425
NIFTY16JAN2011850CE.NFO,07/01/2020,13:42:53,233.65,237.3,150,240.7,150,0,1425
NIFTY16JAN2011850CE.NFO,07/01/2020,13:42:54,233.65,237.3,75,239.8,150,0,1425
NIFTY16JAN2011850CE.NFO,07/01/2020,13:42:56,233.65,237.3,75,239.8,75,0,1425
NIFTY16JAN2011850CE.NFO,07/01/2020,13:42:57,233.65,237.3,75,239.8,150,0,1425
NIFTY16JAN2011850CE.NFO,07/01/2020,13:42:58,233.65,237.25,75,239.8,150,0,1425
NIFTY16JAN2011850CE.NFO,07/01/2020,13:43:02,233.65,236.8,75,239.8,150,0,1425
NIFTY16JAN2011850CE.NFO,07/01/2020,13:43:05,233.65,236.85,150,239.8,150,0,1425
NIFTY16JAN2011850CE.NFO,07/01/2020,13:43:07,233.65,236.45,75,239.1,150,0,1425
NIFTY16JAN2011850CE.NFO,07/01/2020,13:43:11,233.65,236.45,75,239.1,75,0,1425
NIFTY16JAN2011850CE.NFO,07/01/2020,13:43:12,233.65,236.45,300,239.1,75,0,1425
NIFTY16JAN2011850CE.NFO,07/01/2020,13:43:13,233.65,236.5,150,239.25,75,0,1425
NIFTY16JAN2011850CE.NFO,07/01/2020,13:43:14,233.65,237.55,75,240.7,150,0,1425
NIFTY16JAN2011850CE.NFO,07/01/2020,13:43:15,233.65,236.5,150,239.95,150,0,1425
NIFTY16JAN2011850CE.NFO,07/01/2020,13:43:17,233.65,236.5,75,239.2,150,0,1425
NIFTY16JAN2011850CE.NFO,07/01/2020,13:43:19,233.65,236.2,225,239.2,150,0,1425
NIFTY16JAN2011850CE.NFO,07/01/2020,13:43:21,233.65,236.25,150,239.2,150,0,1425
NIFTY16JAN2011850CE.NFO,07/01/2020,13:43:23,233.65,237.1,75,240.7,150,0,1425
NIFTY16JAN2011850CE.NFO,07/01/2020,13:43:24,233.65,237.1,75,239.9,75,0,1425
NIFTY16JAN2011850CE.NFO,07/01/2020,13:43:25,233.65,237.1,75,239.9,150,0,1425
NIFTY16JAN2011850CE.NFO,07/01/2020,13:43:26,233.65,237.1,75,239.9,75,0,1425
NIFTY16JAN2011850CE.NFO,07/01/2020,13:43:29,233.65,237.1,75,239.9,150,0,1425
NIFTY16JAN2011850CE.NFO,07/01/2020,13:43:30,233.65,236.25,150,239.9,150,0,1425
NIFTY16JAN2011850CE.NFO,07/01/2020,13:43:32,233.65,236.25,75,239.15,150,0,1425
NIFTY16JAN2011850CE.NFO,07/01/2020,13:43:33,233.65,236.3,225,239.15,150,0,1425
NIFTY16JAN2011850CE.NFO,07/01/2020,13:43:34,233.65,235.9,75,238.35,75,0,1425
NIFTY16JAN2011850CE.NFO,07/01/2020,13:43:35,233.65,235,150,237.5,75,0,1425
NIFTY16JAN2011850CE.NFO,07/01/2020,13:43:36,233.65,235,225,237.5,75,0,1425
NIFTY16JAN2011850CE.NFO,07/01/2020,13:43:37,233.65,235,75,237.5,75,0,1425
NIFTY16JAN2011850CE.NFO,07/01/2020,13:43:38,233.65,234.55,75,237.5,150,0,1425
NIFTY16JAN2011850CE.NFO,07/01/2020,13:43:40,233.65,234.55,75,237.5,75,0,1425
NIFTY16JAN2011850CE.NFO,07/01/2020,13:43:43,233.65,234.6,150,237.6,75,0,1425
NIFTY16JAN2011850CE.NFO,07/01/2020,13:43:44,233.65,235.45,150,238.35,75,0,1425
NIFTY16JAN2011850CE.NFO,07/01/2020,13:43:45,233.65,234.6,150,238.3,150,0,1425
NIFTY16JAN2011850CE.NFO,07/01/2020,13:43:46,233.65,233.85,75,236.8,150,0,1425
NIFTY16JAN2011850CE.NFO,07/01/2020,13:44:04,233.65,233.85,75,236.8,75,0,1425
NIFTY16JAN2011850CE.NFO,07/01/2020,13:44:05,233.65,233.9,225,236.8,75,0,1425
NIFTY16JAN2011850CE.NFO,07/01/2020,13:44:06,233.65,233.85,75,236.8,150,0,1425
NIFTY16JAN2011850CE.NFO,07/01/2020,13:44:07,233.65,233.85,225,236.8,75,0,1425
NIFTY16JAN2011850CE.NFO,07/01/2020,13:44:08,233.65,233.85,75,236.8,150,0,1425
NIFTY16JAN2011850CE.NFO,07/01/2020,13:44:09,233.65,233.85,225,236.8,150,0,1425
NIFTY16JAN2011850CE.NFO,07/01/2020,13:44:12,233.65,233.85,225,236.8,75,0,1425
NIFTY16JAN2011850CE.NFO,07/01/2020,13:44:13,233.65,233.9,75,236.8,75,0,1425
NIFTY16JAN2011850CE.NFO,07/01/2020,13:44:16,233.65,233.85,225,236.8,75,0,1425
NIFTY16JAN2011850CE.NFO,07/01/2020,13:44:18,233.65,233.95,150,236.8,75,0,1425
NIFTY16JAN2011850CE.NFO,07/01/2020,13:44:21,233.65,233.9,75,236.8,75,0,1425
NIFTY16JAN2011850CE.NFO,07/01/2020,13:44:29,233.65,233.95,150,236.8,75,0,1425
NIFTY16JAN2011850CE.NFO,07/01/2020,13:44:31,233.65,233.95,150,240.7,75,0,1425
NIFTY16JAN2011850CE.NFO,07/01/2020,13:44:33,233.65,233.9,75,240.7,75,0,1425
NIFTY16JAN2011850CE.NFO,07/01/2020,13:44:48,233.65,233.85,75,240.7,75,0,1425
NIFTY16JAN2011850CE.NFO,07/01/2020,13:44:51,233.65,233.85,300,240.7,75,0,1425
NIFTY16JAN2011850CE.NFO,07/01/2020,13:44:53,233.65,233.85,300,241.7,150,0,1425
NIFTY16JAN2011850CE.NFO,07/01/2020,13:45:03,233.65,233.85,300,252.6,150,0,1425
NIFTY16JAN2011850CE.NFO,07/01/2020,13:45:03,233.65,233.85,300,252.55,225,0,1425
NIFTY16JAN2011850CE.NFO,07/01/2020,13:45:04,233.65,233.85,375,252.55,225,0,1425
NIFTY16JAN2011850CE.NFO,07/01/2020,13:45:23,233.65,233.9,150,252.55,225,0,1425
NIFTY16JAN2011850CE.NFO,07/01/2020,13:45:24,233.65,233.9,525,252.55,225,0,1425
NIFTY16JAN2011850CE.NFO,07/01/2020,13:45:26,233.65,233.9,150,252.55,225,0,1425
NIFTY16JAN2011850CE.NFO,07/01/2020,13:45:30,233.65,233.9,525,252.55,225,0,1425
NIFTY16JAN2011850CE.NFO,07/01/2020,13:45:33,233.65,233.9,150,252.55,225,0,1425
NIFTY16JAN2011850CE.NFO,07/01/2020,13:45:36,233.65,233.9,525,252.55,225,0,1425
NIFTY16JAN2011850CE.NFO,07/01/2020,13:45:38,233.65,233.9,150,252.55,225,0,1425
NIFTY16JAN2011850CE.NFO,07/01/2020,13:45:39,233.65,233.9,525,252.55,225,0,1425
NIFTY16JAN2011850CE.NFO,07/01/2020,13:45:41,233.65,233.9,150,252.55,225,0,1425
NIFTY16JAN2011850CE.NFO,07/01/2020,13:45:52,233.65,233.9,150,252.55,150,0,1425
NIFTY16JAN2011850CE.NFO,07/01/2020,13:46:42,233.65,233.9,150,261.5,150,0,1425
NIFTY16JAN2011850CE.NFO,07/01/2020,13:46:45,233.65,233.9,150,265.1,150,0,1425
NIFTY16JAN2011850CE.NFO,07/01/2020,13:46:49,233.65,233.9,150,264.85,525,0,1425
NIFTY16JAN2011850CE.NFO,07/01/2020,13:46:51,233.65,233.9,150,263.4,525,0,1425
NIFTY16JAN2011850CE.NFO,07/01/2020,13:46:58,233.65,233.9,150,265.1,150,0,1425
NIFTY16JAN2011850CE.NFO,07/01/2020,13:47:01,233.65,233.9,150,264.7,525,0,1425
NIFTY16JAN2011850CE.NFO,07/01/2020,13:47:03,233.65,233.9,150,264.55,525,0,1425
NIFTY16JAN2011850CE.NFO,07/01/2020,13:47:07,233.65,233.9,150,263.1,525,0,1425
NIFTY16JAN2011850CE.NFO,07/01/2020,13:47:10,233.65,233.9,150,263.8,525,0,1425
NIFTY16JAN2011850CE.NFO,07/01/2020,13:47:14,233.65,233.9,150,264.3,525,0,1425
NIFTY16JAN2011850CE.NFO,07/01/2020,13:47:16,233.65,233.9,150,264.2,525,0,1425
NIFTY16JAN2011850CE.NFO,07/01/2020,13:47:17,233.65,233.9,150,264.65,525,0,1425
NIFTY16JAN2011850CE.NFO,07/01/2020,13:47:21,233.65,233.9,150,263.8,525,0,1425
NIFTY16JAN2011850CE.NFO,07/01/2020,13:47:23,233.65,233.9,150,263.5,525,0,1425
NIFTY16JAN2011850CE.NFO,07/01/2020,13:47:26,233.65,233.9,150,264.1,525,0,1425
NIFTY16JAN2011850CE.NFO,07/01/2020,13:47:30,233.65,233.9,150,263.8,525,0,1425
NIFTY16JAN2011850CE.NFO,07/01/2020,13:47:31,233.65,233.9,150,263.15,525,0,1425
NIFTY16JAN2011850CE.NFO,07/01/2020,13:47:34,233.65,233.9,150,263.1,150,0,1425
NIFTY16JAN2011850CE.NFO,07/01/2020,13:47:36,233.65,233.9,150,263.15,525,0,1425
NIFTY16JAN2011850CE.NFO,07/01/2020,13:47:38,233.65,233.9,150,265.1,525,0,1425
NIFTY16JAN2011850CE.NFO,07/01/2020,13:47:40,233.65,233.9,150,264.15,525,0,1425
NIFTY16JAN2011850CE.NFO,07/01/2020,13:47:43,233.65,233.9,150,264.1,150,0,1425
NIFTY16JAN2011850CE.NFO,07/01/2020,13:47:44,233.65,233.9,150,263.85,525,0,1425
NIFTY16JAN2011850CE.NFO,07/01/2020,13:47:45,233.65,233.9,150,262.65,525,0,1425
NIFTY16JAN2011850CE.NFO,07/01/2020,13:47:53,233.65,233.9,150,263.85,525,0,1425
NIFTY16JAN2011850CE.NFO,07/01/2020,13:47:56,233.65,233.9,150,264.35,525,0,1425
NIFTY16JAN2011850CE.NFO,07/01/2020,13:47:58,233.65,233.9,150,265,525,0,1425
NIFTY16JAN2011850CE.NFO,07/01/2020,13:48:00,233.65,233.9,150,263.95,525,0,1425
NIFTY16JAN2011850CE.NFO,07/01/2020,13:48:04,233.65,233.9,150,265.6,525,0,1425
NIFTY16JAN2011850CE.NFO,07/01/2020,13:48:06,233.65,233.9,150,264.4,525,0,1425
NIFTY16JAN2011850CE.NFO,07/01/2020,13:48:10,233.65,233.9,150,266.1,525,0,1425
NIFTY16JAN2011850CE.NFO,07/01/2020,13:48:13,233.65,233.9,150,264.55,525,0,1425
NIFTY16JAN2011850CE.NFO,07/01/2020,13:48:15,233.65,233.9,150,266.65,525,0,1425
NIFTY16JAN2011850CE.NFO,07/01/2020,13:48:20,233.65,233.9,150,266.35,525,0,1425
NIFTY16JAN2011850CE.NFO,07/01/2020,13:48:22,233.65,233.9,150,266.3,150,0,1425
NIFTY16JAN2011850CE.NFO,07/01/2020,13:48:24,233.65,233.9,150,265.2,525,0,1425
NIFTY16JAN2011850CE.NFO,07/01/2020,13:48:28,233.65,233.9,150,263.8,525,0,1425
NIFTY16JAN2011850CE.NFO,07/01/2020,13:48:33,233.65,233.9,150,265.1,525,0,1425
NIFTY16JAN2011850CE.NFO,07/01/2020,13:48:36,233.65,233.9,150,264.5,525,0,1425
NIFTY16JAN2011850CE.NFO,07/01/2020,13:48:38,233.65,233.9,150,263.6,525,0,1425
NIFTY16JAN2011850CE.NFO,07/01/2020,13:48:41,233.65,233.9,150,263.65,525,0,1425
NIFTY16JAN2011850CE.NFO,07/01/2020,13:48:46,233.65,233.9,150,266.6,525,0,1425
NIFTY16JAN2011850CE.NFO,07/01/2020,13:48:49,233.65,233.9,150,266.8,525,0,1425
NIFTY16JAN2011850CE.NFO,07/01/2020,13:48:52,233.65,233.9,150,266.75,150,0,1425
NIFTY16JAN2011850CE.NFO,07/01/2020,13:49:07,233.65,233.9,150,266.7,525,0,1425
NIFTY16JAN2011850CE.NFO,07/01/2020,13:49:10,233.65,233.9,150,266.15,525,0,1425
NIFTY16JAN2011850CE.NFO,07/01/2020,13:49:12,233.65,233.9,150,265.95,525,0,1425
NIFTY16JAN2011850CE.NFO,07/01/2020,13:49:15,233.65,233.9,150,265.7,525,0,1425
NIFTY16JAN2011850CE.NFO,07/01/2020,13:49:16,233.65,233.9,150,265.9,525,0,1425
NIFTY16JAN2011850CE.NFO,07/01/2020,13:49:17,233.65,233.9,150,266.25,525,0,1425
NIFTY16JAN2011850CE.NFO,07/01/2020,13:49:19,233.65,233.9,150,265.65,525,0,1425
NIFTY16JAN2011850CE.NFO,07/01/2020,13:49:21,233.65,233.9,150,266.45,525,0,1425
NIFTY16JAN2011850CE.NFO,07/01/2020,13:49:24,233.65,233.9,150,264.65,525,0,1425
NIFTY16JAN2011850CE.NFO,07/01/2020,13:49:26,233.65,233.9,150,266.75,150,0,1425
NIFTY16JAN2011850CE.NFO,07/01/2020,13:49:41,233.65,233.9,150,266.5,525,0,1425
NIFTY16JAN2011850CE.NFO,07/01/2020,13:49:44,233.65,233.9,150,266.75,150,0,1425
NIFTY16JAN2011850CE.NFO,07/01/2020,13:49:47,233.65,233.9,150,266.75,675,0,1425
NIFTY16JAN2011850CE.NFO,07/01/2020,13:49:51,233.65,233.9,150,265.95,525,0,1425
NIFTY16JAN2011850CE.NFO,07/01/2020,13:49:55,233.65,233.9,150,266.15,525,0,1425
NIFTY16JAN2011850CE.NFO,07/01/2020,13:49:57,233.65,233.9,150,266.75,150,0,1425
NIFTY16JAN2011850CE.NFO,07/01/2020,13:50:00,233.65,233.9,150,266.1,525,0,1425
NIFTY16JAN2011850CE.NFO,07/01/2020,13:50:02,233.65,233.9,150,266.4,525,0,1425
NIFTY16JAN2011850CE.NFO,07/01/2020,13:50:05,233.65,233.9,150,266.75,150,0,1425
NIFTY16JAN2011850CE.NFO,07/01/2020,13:50:11,233.65,233.9,150,268.35,525,0,1425
NIFTY16JAN2011850CE.NFO,07/01/2020,13:50:12,233.65,233.9,150,270.65,150,0,1425
NIFTY16JAN2011850CE.NFO,07/01/2020,13:50:13,233.65,234.15,525,270.65,150,0,1425
NIFTY16JAN2011850CE.NFO,07/01/2020,13:50:17,233.65,234.75,525,270.65,150,0,1425
NIFTY16JAN2011850CE.NFO,07/01/2020,13:50:20,233.65,233.9,150,270.65,150,0,1425
NIFTY16JAN2011850CE.NFO,07/01/2020,13:50:26,233.65,233.9,150,270.7,525,0,1425
NIFTY16JAN2011850CE.NFO,07/01/2020,13:50:27,233.65,233.9,150,271.05,525,0,1425
NIFTY16JAN2011850CE.NFO,07/01/2020,13:50:28,233.65,233.9,150,271.7,525,0,1425
NIFTY16JAN2011850CE.NFO,07/01/2020,13:50:32,233.65,233.9,150,272.25,525,0,1425
NIFTY16JAN2011850CE.NFO,07/01/2020,13:50:33,233.65,235.6,525,273.35,525,0,1425
NIFTY16JAN2011850CE.NFO,07/01/2020,13:50:36,233.65,235.6,525,273.2,525,0,1425
NIFTY16JAN2011850CE.NFO,07/01/2020,13:50:37,233.65,235.2,525,273.15,150,0,1425
NIFTY16JAN2011850CE.NFO,07/01/2020,13:50:40,233.65,236.8,525,275.25,525,0,1425
NIFTY16JAN2011850CE.NFO,07/01/2020,13:50:44,233.65,241.6,150,280.2,150,0,1425
NIFTY16JAN2011850CE.NFO,07/01/2020,13:50:45,233.65,241.6,150,277.4,525,0,1425
NIFTY16JAN2011850CE.NFO,07/01/2020,13:50:48,233.65,241.6,150,276.8,525,0,1425
NIFTY16JAN2011850CE.NFO,07/01/2020,13:50:50,233.65,241.6,150,277.45,525,0,1425
NIFTY16JAN2011850CE.NFO,07/01/2020,13:50:52,233.65,241.6,150,276.85,525,0,1425
NIFTY16JAN2011850CE.NFO,07/01/2020,13:50:55,233.65,241.6,150,275.4,525,0,1425
NIFTY16JAN2011850CE.NFO,07/01/2020,13:50:58,233.65,241.6,150,275.1,525,0,1425
NIFTY16JAN2011850CE.NFO,07/01/2020,13:50:59,233.65,241.6,150,272.85,150,0,1425
NIFTY16JAN2011850CE.NFO,07/01/2020,13:51:00,233.65,235.25,150,272.85,150,0,1425
NIFTY16JAN2011850CE.NFO,07/01/2020,13:51:03,233.65,236.1,525,272.85,150,0,1425
NIFTY16JAN2011850CE.NFO,07/01/2020,13:51:06,233.65,235.25,150,272.85,150,0,1425
NIFTY16JAN2011850CE.NFO,07/01/2020,13:51:07,233.65,235.25,150,272.2,525,0,1425
NIFTY16JAN2011850CE.NFO,07/01/2020,13:51:11,233.65,235.25,150,272.85,150,0,1425
NIFTY16JAN2011850CE.NFO,07/01/2020,13:51:13,233.65,235.25,150,271.7,525,0,1425
NIFTY16JAN2011850CE.NFO,07/01/2020,13:51:18,233.65,235.25,150,272.4,525,0,1425
NIFTY16JAN2011850CE.NFO,07/01/2020,13:51:20,233.65,234.1,525,272.4,525,0,1425
NIFTY16JAN2011850CE.NFO,07/01/2020,13:51:23,233.65,234.9,525,272.85,675,0,1425
NIFTY16JAN2011850CE.NFO,07/01/2020,13:51:26,233.65,234.4,525,272.05,525,0,1425
NIFTY16JAN2011850CE.NFO,07/01/2020,13:51:28,233.65,233.85,75,271.45,525,0,1425
NIFTY16JAN2011850CE.NFO,07/01/2020,13:51:30,233.65,233.85,75,271.2,525,0,1425
NIFTY16JAN2011850CE.NFO,07/01/2020,13:51:33,233.65,233.85,75,270.95,525,0,1425
NIFTY16JAN2011850CE.NFO,07/01/2020,13:51:36,233.65,233.85,75,270.05,525,0,1425
NIFTY16JAN2011850CE.NFO,07/01/2020,13:51:39,233.65,233.85,75,269.45,525,0,1425
NIFTY16JAN2011850CE.NFO,07/01/2020,13:51:40,233.65,233.9,150,269.45,525,0,1425
NIFTY16JAN2011850CE.NFO,07/01/2020,13:51:41,233.65,233.9,150,269.65,525,0,1425
NIFTY16JAN2011850CE.NFO,07/01/2020,13:51:45,233.65,233.9,150,269.9,525,0,1425
NIFTY16JAN2011850CE.NFO,07/01/2020,13:51:48,233.65,233.9,150,268.65,525,0,1425
NIFTY16JAN2011850CE.NFO,07/01/2020,13:51:54,233.65,233.9,150,269,525,0,1425
NIFTY16JAN2011850CE.NFO,07/01/2020,13:51:56,233.65,233.9,150,268.4,525,0,1425
NIFTY16JAN2011850CE.NFO,07/01/2020,13:51:59,233.65,233.9,150,268.1,525,0,1425
NIFTY16JAN2011850CE.NFO,07/01/2020,13:52:03,233.65,233.9,150,268.05,525,0,1425
NIFTY16JAN2011850CE.NFO,07/01/2020,13:52:08,233.65,233.9,150,269.4,525,0,1425
NIFTY16JAN2011850CE.NFO,07/01/2020,13:52:12,233.65,233.9,150,268.9,525,0,1425
NIFTY16JAN2011850CE.NFO,07/01/2020,13:52:13,233.65,233.85,75,268.9,525,0,1425
NIFTY16JAN2011850CE.NFO,07/01/2020,13:52:16,233.65,233.85,75,268.3,525,0,1425
NIFTY16JAN2011850CE.NFO,07/01/2020,13:52:19,233.65,233.85,75,267.4,525,0,1425
NIFTY16JAN2011850CE.NFO,07/01/2020,13:52:22,233.65,233.85,75,267.45,525,0,1425
NIFTY16JAN2011850CE.NFO,07/01/2020,13:52:24,233.65,233.85,75,267.55,525,0,1425
NIFTY16JAN2011850CE.NFO,07/01/2020,13:52:27,233.65,233.85,75,268.35,525,0,1425
NIFTY16JAN2011850CE.NFO,07/01/2020,13:52:30,233.65,233.85,75,268.55,525,0,1425
NIFTY16JAN2011850CE.NFO,07/01/2020,13:52:32,233.65,233.9,150,268.55,525,0,1425
NIFTY16JAN2011850CE.NFO,07/01/2020,13:52:34,233.65,233.9,150,267.95,525,0,1425
NIFTY16JAN2011850CE.NFO,07/01/2020,13:52:36,233.65,233.9,150,268.5,525,0,1425
NIFTY16JAN2011850CE.NFO,07/01/2020,13:52:38,233.65,233.9,150,269.15,525,0,1425
NIFTY16JAN2011850CE.NFO,07/01/2020,13:52:41,233.65,233.9,150,268.9,525,0,1425
NIFTY16JAN2011850CE.NFO,07/01/2020,13:52:43,233.65,233.9,150,269.35,525,0,1425
NIFTY16JAN2011850CE.NFO,07/01/2020,13:52:46,233.65,233.9,150,270.3,525,0,1425
NIFTY16JAN2011850CE.NFO,07/01/2020,13:52:51,233.65,233.85,75,270.8,525,0,1425
NIFTY16JAN2011850CE.NFO,07/01/2020,13:52:53,233.65,233.85,75,270.65,525,0,1425
NIFTY16JAN2011850CE.NFO,07/01/2020,13:52:55,233.65,233.85,75,270.3,525,0,1425
NIFTY16JAN2011850CE.NFO,07/01/2020,13:52:59,233.65,233.85,75,269.95,525,0,1425
NIFTY16JAN2011850CE.NFO,07/01/2020,13:53:03,233.65,233.85,75,269.8,525,0,1425
NIFTY16JAN2011850CE.NFO,07/01/2020,13:53:06,233.65,233.85,75,267.95,525,0,1425
NIFTY16JAN2011850CE.NFO,07/01/2020,13:53:10,233.65,233.9,150,267.7,525,0,1425
NIFTY16JAN2011850CE.NFO,07/01/2020,13:53:13,233.65,233.9,150,267.6,525,0,1425
NIFTY16JAN2011850CE.NFO,07/01/2020,13:53:16,233.65,233.9,150,267.3,525,0,1425
NIFTY16JAN2011850CE.NFO,07/01/2020,13:53:18,233.65,233.9,150,267.85,525,0,1425
NIFTY16JAN2011850CE.NFO,07/01/2020,13:53:21,233.65,233.9,150,266.95,525,0,1425
NIFTY16JAN2011850CE.NFO,07/01/2020,13:53:24,233.65,233.9,150,267.95,525,0,1425
NIFTY16JAN2011850CE.NFO,07/01/2020,13:53:27,233.65,233.9,150,267.65,525,0,1425
NIFTY16JAN2011850CE.NFO,07/01/2020,13:53:30,233.65,233.9,150,268.05,525,0,1425
NIFTY16JAN2011850CE.NFO,07/01/2020,13:53:35,233.65,233.9,150,266.55,525,0,1425
NIFTY16JAN2011850CE.NFO,07/01/2020,13:53:37,233.65,233.9,150,266.8,525,0,1425
NIFTY16JAN2011850CE.NFO,07/01/2020,13:53:40,233.65,233.9,150,265,525,0,1425
NIFTY16JAN2011850CE.NFO,07/01/2020,13:53:41,233.65,233.85,75,265,525,0,1425
NIFTY16JAN2011850CE.NFO,07/01/2020,13:53:44,233.65,233.85,75,262.75,525,0,1425
NIFTY16JAN2011850CE.NFO,07/01/2020,13:53:47,233.65,233.85,75,261.5,525,0,1425
NIFTY16JAN2011850CE.NFO,07/01/2020,13:53:50,233.65,233.85,75,259.75,525,0,1425
NIFTY16JAN2011850CE.NFO,07/01/2020,13:53:53,233.65,233.85,75,261.45,525,0,1425
NIFTY16JAN2011850CE.NFO,07/01/2020,13:53:57,233.65,233.85,75,261.6,525,0,1425
NIFTY16JAN2011850CE.NFO,07/01/2020,13:53:59,233.65,233.85,75,262.25,525,0,1425
NIFTY16JAN2011850CE.NFO,07/01/2020,13:54:03,233.65,233.85,75,262.05,525,0,1425
NIFTY16JAN2011850CE.NFO,07/01/2020,13:54:05,233.65,233.85,75,262,525,0,1425
NIFTY16JAN2011850CE.NFO,07/01/2020,13:54:08,233.65,233.85,75,261,525,0,1425
NIFTY16JAN2011850CE.NFO,07/01/2020,13:54:10,233.65,233.85,75,261.05,525,0,1425
NIFTY16JAN2011850CE.NFO,07/01/2020,13:54:14,233.65,233.85,75,261.1,525,0,1425
NIFTY16JAN2011850CE.NFO,07/01/2020,13:54:21,233.65,233.85,75,260.6,525,0,1425
NIFTY16JAN2011850CE.NFO,07/01/2020,13:54:24,233.65,233.85,75,262.15,525,0,1425
NIFTY16JAN2011850CE.NFO,07/01/2020,13:54:28,233.65,233.85,75,262.25,525,0,1425
NIFTY16JAN2011850CE.NFO,07/01/2020,13:54:31,233.65,233.85,75,262.55,525,0,1425
NIFTY16JAN2011850CE.NFO,07/01/2020,13:54:39,233.65,233.85,75,263.85,525,0,1425
NIFTY16JAN2011850CE.NFO,07/01/2020,13:54:41,233.65,233.85,75,262.8,525,0,1425
NIFTY16JAN2011850CE.NFO,07/01/2020,13:54:43,233.65,233.85,75,262.6,525,0,1425
NIFTY16JAN2011850CE.NFO,07/01/2020,13:54:47,233.65,233.85,75,261.75,525,0,1425
NIFTY16JAN2011850CE.NFO,07/01/2020,13:54:49,233.65,233.85,75,263.15,525,0,1425
NIFTY16JAN2011850CE.NFO,07/01/2020,13:54:52,233.65,233.85,75,264.05,525,0,1425
NIFTY16JAN2011850CE.NFO,07/01/2020,13:54:55,233.65,233.85,75,263.7,525,0,1425
NIFTY16JAN2011850CE.NFO,07/01/2020,13:54:56,233.65,233.85,75,263.95,525,0,1425
NIFTY16JAN2011850CE.NFO,07/01/2020,13:54:58,233.65,233.85,75,264.3,525,0,1425
NIFTY16JAN2011850CE.NFO,07/01/2020,13:54:59,233.65,233.85,75,264.3,675,0,1425
NIFTY16JAN2011850CE.NFO,07/01/2020,13:55:00,233.65,233.85,75,264.3,150,0,1425
NIFTY16JAN2011850CE.NFO,07/01/2020,13:55:02,233.65,233.85,75,264.6,525,0,1425
NIFTY16JAN2011850CE.NFO,07/01/2020,13:55:05,233.65,233.85,75,267.5,525,0,1425
NIFTY16JAN2011850CE.NFO,07/01/2020,13:55:07,233.65,233.85,75,267.3,525,0,1425
NIFTY16JAN2011850CE.NFO,07/01/2020,13:55:11,233.65,233.85,75,267.4,525,0,1425
NIFTY16JAN2011850CE.NFO,07/01/2020,13:55:14,233.65,233.85,75,268.05,525,0,1425
NIFTY16JAN2011850CE.NFO,07/01/2020,13:55:18,233.65,233.85,75,267.8,525,0,1425
NIFTY16JAN2011850CE.NFO,07/01/2020,13:55:20,233.65,233.85,75,267.95,525,0,1425
NIFTY16JAN2011850CE.NFO,07/01/2020,13:55:24,233.65,233.85,75,268.45,525,0,1425
NIFTY16JAN2011850CE.NFO,07/01/2020,13:55:29,233.65,233.85,75,270.4,150,0,1425
NIFTY16JAN2011850CE.NFO,07/01/2020,13:55:32,233.65,233.85,75,269.35,525,0,1425
NIFTY16JAN2011850CE.NFO,07/01/2020,13:55:37,233.65,233.85,75,269.2,525,0,1425
NIFTY16JAN2011850CE.NFO,07/01/2020,13:55:40,233.65,233.85,75,270.4,150,0,1425
NIFTY16JAN2011850CE.NFO,07/01/2020,13:55:44,233.65,233.85,75,269.9,525,0,1425
NIFTY16JAN2011850CE.NFO,07/01/2020,13:55:48,233.65,233.85,75,269.35,525,0,1425
NIFTY16JAN2011850CE.NFO,07/01/2020,13:55:52,233.65,233.9,150,268.85,525,0,1425
NIFTY16JAN2011850CE.NFO,07/01/2020,13:55:57,233.65,233.9,150,268.55,525,0,1425
NIFTY16JAN2011850CE.NFO,07/01/2020,13:56:02,233.65,233.9,150,267.6,525,0,1425
NIFTY16JAN2011850CE.NFO,07/01/2020,13:56:05,233.65,233.9,150,267,525,0,1425
NIFTY16JAN2011850CE.NFO,07/01/2020,13:56:10,233.65,233.9,150,266.45,525,0,1425
NIFTY16JAN2011850CE.NFO,07/01/2020,13:56:12,233.65,233.9,150,266,525,0,1425
NIFTY16JAN2011850CE.NFO,07/01/2020,13:56:18,233.65,233.9,150,265.85,525,0,1425
NIFTY16JAN2011850CE.NFO,07/01/2020,13:56:20,233.65,233.9,150,265.55,525,0,1425
NIFTY16JAN2011850CE.NFO,07/01/2020,13:56:21,233.65,233.85,75,265.55,525,0,1425
NIFTY16JAN2011850CE.NFO,07/01/2020,13:56:23,233.65,233.9,150,265.55,525,0,1425
NIFTY16JAN2011850CE.NFO,07/01/2020,13:56:24,233.65,233.85,75,264.05,525,0,1425
NIFTY16JAN2011850CE.NFO,07/01/2020,13:56:28,233.65,233.85,75,264.95,525,0,1425
NIFTY16JAN2011850CE.NFO,07/01/2020,13:56:30,233.65,233.85,75,263.15,525,0,1425
NIFTY16JAN2011850CE.NFO,07/01/2020,13:56:33,233.65,233.85,75,262.75,525,0,1425
NIFTY16JAN2011850CE.NFO,07/01/2020,13:56:36,233.65,233.85,75,262.15,525,0,1425
NIFTY16JAN2011850CE.NFO,07/01/2020,13:56:39,233.65,233.85,75,262,525,0,1425
NIFTY16JAN2011850CE.NFO,07/01/2020,13:56:42,233.65,233.85,75,262.45,525,0,1425
NIFTY16JAN2011850CE.NFO,07/01/2020,13:56:44,233.65,233.85,75,262,525,0,1425
NIFTY16JAN2011850CE.NFO,07/01/2020,13:56:48,233.65,233.85,75,261.75,525,0,1425
NIFTY16JAN2011850CE.NFO,07/01/2020,13:56:52,233.65,233.85,75,262.9,525,0,1425
NIFTY16JAN2011850CE.NFO,07/01/2020,13:56:55,233.65,233.85,75,264.65,525,0,1425
NIFTY16JAN2011850CE.NFO,07/01/2020,13:56:58,233.65,233.85,75,263.9,525,0,1425
NIFTY16JAN2011850CE.NFO,07/01/2020,13:57:01,233.65,233.9,150,263.9,525,0,1425
NIFTY16JAN2011850CE.NFO,07/01/2020,13:57:02,233.65,233.85,75,263.9,525,0,1425
NIFTY16JAN2011850CE.NFO,07/01/2020,13:57:03,233.65,233.85,75,263,525,0,1425
NIFTY16JAN2011850CE.NFO,07/01/2020,13:57:05,233.65,233.85,75,263.4,525,0,1425
NIFTY16JAN2011850CE.NFO,07/01/2020,13:57:09,233.65,233.85,75,264,525,0,1425
NIFTY16JAN2011850CE.NFO,07/01/2020,13:57:12,233.65,233.9,150,263.9,150,0,1425
NIFTY16JAN2011850CE.NFO,07/01/2020,13:57:13,233.65,233.85,75,263.9,150,0,1425
NIFTY16JAN2011850CE.NFO,07/01/2020,13:57:17,233.65,233.85,75,263.75,525,0,1425
NIFTY16JAN2011850CE.NFO,07/01/2020,13:57:20,233.65,233.85,75,263.25,525,0,1425
NIFTY16JAN2011850CE.NFO,07/01/2020,13:57:23,233.65,233.85,75,262.65,525,0,1425
NIFTY16JAN2011850CE.NFO,07/01/2020,13:57:27,233.65,233.85,75,262.6,525,0,1425
NIFTY16JAN2011850CE.NFO,07/01/2020,13:57:29,233.65,233.85,75,262.45,525,0,1425
NIFTY16JAN2011850CE.NFO,07/01/2020,13:57:31,233.65,233.85,75,262.1,525,0,1425
NIFTY16JAN2011850CE.NFO,07/01/2020,13:57:34,233.65,233.85,75,261.5,525,0,1425
NIFTY16JAN2011850CE.NFO,07/01/2020,13:57:37,233.65,233.85,75,262.7,525,0,1425
NIFTY16JAN2011850CE.NFO,07/01/2020,13:57:41,233.65,233.85,75,261.8,525,0,1425
NIFTY16JAN2011850CE.NFO,07/01/2020,13:57:45,233.65,233.85,75,268.7,525,0,1425
NIFTY16JAN2011850CE.NFO,07/01/2020,13:57:48,233.65,233.85,75,264.9,525,0,1425
NIFTY16JAN2011850CE.NFO,07/01/2020,13:57:51,233.65,233.9,150,264.05,525,0,1425
NIFTY16JAN2011850CE.NFO,07/01/2020,13:57:55,233.65,233.9,150,264.15,525,0,1425
NIFTY16JAN2011850CE.NFO,07/01/2020,13:57:57,233.65,233.85,75,264.15,525,0,1425
NIFTY16JAN2011850CE.NFO,07/01/2020,13:57:58,233.65,233.85,75,268.2,525,0,1425
NIFTY16JAN2011850CE.NFO,07/01/2020,13:58:00,233.65,233.85,75,263.15,525,0,1425
NIFTY16JAN2011850CE.NFO,07/01/2020,13:58:05,233.65,233.85,75,262.75,525,0,1425
NIFTY16JAN2011850CE.NFO,07/01/2020,13:58:07,233.65,233.85,75,262.7,525,0,1425
NIFTY16JAN2011850CE.NFO,07/01/2020,13:58:10,233.65,233.85,75,263.5,525,0,1425
NIFTY16JAN2011850CE.NFO,07/01/2020,13:58:14,233.65,233.85,75,262.95,525,0,1425
NIFTY16JAN2011850CE.NFO,07/01/2020,13:58:17,233.65,233.85,75,262,525,0,1425
NIFTY16JAN2011850CE.NFO,07/01/2020,13:58:20,233.65,233.85,75,261.6,525,0,1425
NIFTY16JAN2011850CE.NFO,07/01/2020,13:58:24,233.65,233.85,75,261.15,525,0,1425
NIFTY16JAN2011850CE.NFO,07/01/2020,13:58:26,233.65,233.85,75,259.95,525,0,1425
NIFTY16JAN2011850CE.NFO,07/01/2020,13:58:30,233.65,233.85,75,259.45,525,0,1425
NIFTY16JAN2011850CE.NFO,07/01/2020,13:58:33,233.65,233.85,75,259.6,525,0,1425
NIFTY16JAN2011850CE.NFO,07/01/2020,13:58:35,233.65,233.85,75,259.95,525,0,1425
NIFTY16JAN2011850CE.NFO,07/01/2020,13:58:39,233.65,233.85,75,260.1,525,0,1425
NIFTY16JAN2011850CE.NFO,07/01/2020,13:58:41,233.65,233.85,75,261.8,525,0,1425
NIFTY16JAN2011850CE.NFO,07/01/2020,13:58:45,233.65,233.9,150,262.5,525,0,1425
NIFTY16JAN2011850CE.NFO,07/01/2020,13:58:47,233.65,233.85,75,262.25,525,0,1425
NIFTY16JAN2011850CE.NFO,07/01/2020,13:58:50,233.65,233.85,75,261.2,525,0,1425
NIFTY16JAN2011850CE.NFO,07/01/2020,13:58:53,233.65,233.85,75,262.25,525,0,1425
NIFTY16JAN2011850CE.NFO,07/01/2020,13:58:56,233.65,233.85,225,261.95,525,0,1425
NIFTY16JAN2011850CE.NFO,07/01/2020,13:58:57,233.65,233.85,75,261.95,525,0,1425
NIFTY16JAN2011850CE.NFO,07/01/2020,13:59:00,233.65,233.85,75,262.25,525,0,1425
NIFTY16JAN2011850CE.NFO,07/01/2020,13:59:02,233.65,233.85,75,262.3,525,0,1425
NIFTY16JAN2011850CE.NFO,07/01/2020,13:59:04,233.65,233.9,150,262.3,525,0,1425
NIFTY16JAN2011850CE.NFO,07/01/2020,13:59:07,233.65,233.9,150,263.65,525,0,1425
NIFTY16JAN2011850CE.NFO,07/01/2020,13:59:10,233.65,233.9,150,263.75,525,0,1425
NIFTY16JAN2011850CE.NFO,07/01/2020,13:59:12,233.65,233.9,150,263.15,525,0,1425
NIFTY16JAN2011850CE.NFO,07/01/2020,13:59:18,233.65,233.9,150,263.25,525,0,1425
NIFTY16JAN2011850CE.NFO,07/01/2020,13:59:23,233.65,233.9,150,262.65,525,0,1425
NIFTY16JAN2011850CE.NFO,07/01/2020,13:59:26,233.65,233.9,150,263.25,525,0,1425
NIFTY16JAN2011850CE.NFO,07/01/2020,13:59:29,233.65,233.9,150,263.7,525,0,1425
NIFTY16JAN2011850CE.NFO,07/01/2020,13:59:34,233.65,233.9,150,262.95,525,0,1425
NIFTY16JAN2011850CE.NFO,07/01/2020,13:59:38,233.65,233.9,150,263.25,525,0,1425
NIFTY16JAN2011850CE.NFO,07/01/2020,13:59:42,233.65,233.9,150,263.65,525,0,1425
NIFTY16JAN2011850CE.NFO,07/01/2020,13:59:48,233.65,233.9,150,263.95,525,0,1425
NIFTY16JAN2011850CE.NFO,07/01/2020,13:59:54,233.65,233.9,150,264.05,525,0,1425
NIFTY16JAN2011850CE.NFO,07/01/2020,14:00:01,233.65,233.9,150,264.25,525,0,1425
NIFTY16JAN2011850CE.NFO,07/01/2020,14:00:04,233.65,233.9,150,263.95,525,0,1425
NIFTY16JAN2011850CE.NFO,07/01/2020,14:00:07,233.65,233.9,150,263.35,525,0,1425
NIFTY16JAN2011850CE.NFO,07/01/2020,14:00:10,233.65,233.9,150,262.75,525,0,1425
NIFTY16JAN2011850CE.NFO,07/01/2020,14:00:12,233.65,233.9,150,263.35,525,0,1425
NIFTY16JAN2011850CE.NFO,07/01/2020,14:00:16,233.65,233.9,150,264.05,525,0,1425
NIFTY16JAN2011850CE.NFO,07/01/2020,14:00:18,233.65,233.9,150,263.4,525,0,1425
NIFTY16JAN2011850CE.NFO,07/01/2020,14:00:27,233.65,233.9,150,263.6,525,0,1425
NIFTY16JAN2011850CE.NFO,07/01/2020,14:00:29,233.65,233.9,150,263.3,525,0,1425
NIFTY16JAN2011850CE.NFO,07/01/2020,14:00:30,233.65,233.9,150,262.8,525,0,1425
NIFTY16JAN2011850CE.NFO,07/01/2020,14:00:36,233.65,233.9,150,263.85,525,0,1425
NIFTY16JAN2011850CE.NFO,07/01/2020,14:00:40,233.65,233.9,150,265.9,525,0,1425
NIFTY16JAN2011850CE.NFO,07/01/2020,14:00:42,233.65,233.9,150,266.1,150,0,1425
NIFTY16JAN2011850CE.NFO,07/01/2020,14:01:08,233.65,233.9,150,272.25,150,0,1425
NIFTY16JAN2011850CE.NFO,07/01/2020,14:01:09,233.65,233.9,150,272.15,600,0,1425
NIFTY16JAN2011850CE.NFO,07/01/2020,14:01:11,233.65,233.9,150,264.45,150,0,1425
NIFTY16JAN2011850CE.NFO,07/01/2020,14:01:15,233.65,233.9,150,265.2,150,0,1425
NIFTY16JAN2011850CE.NFO,07/01/2020,14:01:31,233.65,233.85,75,265.65,150,0,1425
NIFTY16JAN2011850CE.NFO,07/01/2020,14:01:34,233.65,233.85,75,266.7,150,0,1425
NIFTY16JAN2011850CE.NFO,07/01/2020,14:01:36,233.65,233.85,75,266.2,525,0,1425
NIFTY16JAN2011850CE.NFO,07/01/2020,14:01:39,233.65,233.85,75,265.15,525,0,1425
NIFTY16JAN2011850CE.NFO,07/01/2020,14:01:42,233.65,233.85,75,265.45,525,0,1425
NIFTY16JAN2011850CE.NFO,07/01/2020,14:01:45,233.65,233.85,75,266.05,525,0,1425
NIFTY16JAN2011850CE.NFO,07/01/2020,14:01:52,233.65,233.85,75,265.5,525,0,1425
NIFTY16JAN2011850CE.NFO,07/01/2020,14:01:55,233.65,233.85,75,264.95,525,0,1425
NIFTY16JAN2011850CE.NFO,07/01/2020,14:01:58,233.65,233.85,75,265.6,525,0,1425
NIFTY16JAN2011850CE.NFO,07/01/2020,14:02:01,233.65,233.85,75,265.3,525,0,1425
NIFTY16JAN2011850CE.NFO,07/01/2020,14:02:04,233.65,233.85,75,264.7,525,0,1425
NIFTY16JAN2011850CE.NFO,07/01/2020,14:02:06,233.65,233.85,75,265.85,525,0,1425
NIFTY16JAN2011850CE.NFO,07/01/2020,14:02:08,233.65,233.85,75,265.8,525,0,1425
NIFTY16JAN2011850CE.NFO,07/01/2020,14:02:11,233.65,233.85,75,266.7,150,0,1425
NIFTY16JAN2011850CE.NFO,07/01/2020,14:02:13,233.65,233.85,75,265.7,525,0,1425
NIFTY16JAN2011850CE.NFO,07/01/2020,14:02:14,233.65,233.85,75,264.1,525,0,1425
NIFTY16JAN2011850CE.NFO,07/01/2020,14:02:16,233.65,233.9,150,264.1,525,0,1425
NIFTY16JAN2011850CE.NFO,07/01/2020,14:02:21,233.65,233.9,150,264.4,525,0,1425
NIFTY16JAN2011850CE.NFO,07/01/2020,14:02:26,233.65,233.85,75,263.5,525,0,1425
NIFTY16JAN2011850CE.NFO,07/01/2020,14:02:28,233.65,233.85,75,262.9,525,0,1425
NIFTY16JAN2011850CE.NFO,07/01/2020,14:02:33,233.65,233.9,150,266.2,525,0,1425
NIFTY16JAN2011850CE.NFO,07/01/2020,14:02:35,233.65,233.9,150,264.65,525,0,1425
NIFTY16JAN2011850CE.NFO,07/01/2020,14:02:40,233.65,233.9,150,264.55,525,0,1425
NIFTY16JAN2011850CE.NFO,07/01/2020,14:02:45,233.65,233.9,150,264.3,525,0,1425
NIFTY16JAN2011850CE.NFO,07/01/2020,14:02:47,233.65,233.9,150,264.6,525,0,1425
NIFTY16JAN2011850CE.NFO,07/01/2020,14:02:52,233.65,233.9,150,264.3,525,0,1425
NIFTY16JAN2011850CE.NFO,07/01/2020,14:02:56,233.65,233.9,150,264.25,525,0,1425
NIFTY16JAN2011850CE.NFO,07/01/2020,14:02:59,233.65,233.9,150,265.55,525,0,1425
NIFTY16JAN2011850CE.NFO,07/01/2020,14:03:01,233.65,233.9,150,264.65,525,0,1425
NIFTY16JAN2011850CE.NFO,07/01/2020,14:03:06,233.65,233.9,150,265.55,525,0,1425
NIFTY16JAN2011850CE.NFO,07/01/2020,14:03:08,233.65,233.9,150,265.5,150,0,1425
NIFTY16JAN2011850CE.NFO,07/01/2020,14:04:40,233.65,233.9,150,264.55,525,0,1425
NIFTY16JAN2011850CE.NFO,07/01/2020,14:04:43,233.65,233.9,150,264.85,525,0,1425
NIFTY16JAN2011850CE.NFO,07/01/2020,14:04:47,233.65,233.9,150,265.45,525,0,1425
NIFTY16JAN2011850CE.NFO,07/01/2020,14:04:49,233.65,233.9,150,264.95,525,0,1425
NIFTY16JAN2011850CE.NFO,07/01/2020,14:04:51,233.65,233.9,150,264.25,525,0,1425
NIFTY16JAN2011850CE.NFO,07/01/2020,14:04:52,233.65,233.85,75,264.25,525,0,1425
NIFTY16JAN2011850CE.NFO,07/01/2020,14:04:58,233.65,233.85,75,263.85,525,0,1425
NIFTY16JAN2011850CE.NFO,07/01/2020,14:05:01,233.65,233.85,75,263.25,525,0,1425
NIFTY16JAN2011850CE.NFO,07/01/2020,14:05:05,233.65,233.85,75,263.6,525,0,1425
NIFTY16JAN2011850CE.NFO,07/01/2020,14:05:09,233.65,233.85,75,263.3,525,0,1425
NIFTY16JAN2011850CE.NFO,07/01/2020,14:05:13,233.65,233.85,75,263.6,525,0,1425
NIFTY16JAN2011850CE.NFO,07/01/2020,14:05:17,233.65,233.85,75,263.3,525,0,1425
NIFTY16JAN2011850CE.NFO,07/01/2020,14:05:21,233.65,233.85,75,263.4,525,0,1425
NIFTY16JAN2011850CE.NFO,07/01/2020,14:05:27,233.65,233.85,75,264.35,525,0,1425
NIFTY16JAN2011850CE.NFO,07/01/2020,14:05:29,233.65,233.85,75,264,525,0,1425
NIFTY16JAN2011850CE.NFO,07/01/2020,14:05:31,233.65,233.85,75,263.2,525,0,1425
NIFTY16JAN2011850CE.NFO,07/01/2020,14:05:35,233.65,233.85,75,260.5,525,0,1425
NIFTY16JAN2011850CE.NFO,07/01/2020,14:05:39,233.65,233.85,75,260.25,525,0,1425
NIFTY16JAN2011850CE.NFO,07/01/2020,14:05:41,233.65,233.85,75,260.6,525,0,1425
NIFTY16JAN2011850CE.NFO,07/01/2020,14:05:46,233.65,233.85,75,259.25,525,0,1425
NIFTY16JAN2011850CE.NFO,07/01/2020,14:05:52,233.65,233.85,75,259.45,525,0,1425
NIFTY16JAN2011850CE.NFO,07/01/2020,14:05:58,233.65,233.85,75,260.15,525,0,1425
NIFTY16JAN2011850CE.NFO,07/01/2020,14:06:00,233.65,233.85,75,259.8,525,0,1425
NIFTY16JAN2011850CE.NFO,07/01/2020,14:06:02,233.65,233.85,75,260.55,525,0,1425
NIFTY16JAN2011850CE.NFO,07/01/2020,14:06:03,233.65,233.85,75,260.65,525,0,1425
NIFTY16JAN2011850CE.NFO,07/01/2020,14:06:04,233.65,233.85,75,259.45,525,0,1425
NIFTY16JAN2011850CE.NFO,07/01/2020,14:06:10,233.65,233.85,75,259.9,525,0,1425
NIFTY16JAN2011850CE.NFO,07/01/2020,14:06:14,233.65,233.85,75,258.7,525,0,1425
NIFTY16JAN2011850CE.NFO,07/01/2020,14:06:18,233.65,233.85,75,259.3,525,0,1425
NIFTY16JAN2011850CE.NFO,07/01/2020,14:06:19,233.65,233.85,75,260.75,525,0,1425
NIFTY16JAN2011850CE.NFO,07/01/2020,14:06:22,233.65,233.85,75,260.35,525,0,1425
NIFTY16JAN2011850CE.NFO,07/01/2020,14:06:24,233.65,233.85,75,260.3,525,0,1425
NIFTY16JAN2011850CE.NFO,07/01/2020,14:06:27,233.65,233.85,75,261.65,525,0,1425
NIFTY16JAN2011850CE.NFO,07/01/2020,14:06:29,233.65,233.85,75,261.35,525,0,1425
NIFTY16JAN2011850CE.NFO,07/01/2020,14:06:36,233.65,233.85,75,258.95,525,0,1425
NIFTY16JAN2011850CE.NFO,07/01/2020,14:06:39,233.65,233.85,75,259.95,525,0,1425
NIFTY16JAN2011850CE.NFO,07/01/2020,14:06:43,233.65,233.85,75,258.45,525,0,1425
NIFTY16JAN2011850CE.NFO,07/01/2020,14:06:46,233.65,233.85,75,259.3,525,0,1425
NIFTY16JAN2011850CE.NFO,07/01/2020,14:06:49,233.65,233.85,75,259,525,0,1425
NIFTY16JAN2011850CE.NFO,07/01/2020,14:06:51,233.65,233.85,75,260.35,525,0,1425
NIFTY16JAN2011850CE.NFO,07/01/2020,14:06:54,233.65,233.85,75,259.15,525,0,1425
NIFTY16JAN2011850CE.NFO,07/01/2020,14:06:56,233.65,233.85,75,261.1,525,0,1425
NIFTY16JAN2011850CE.NFO,07/01/2020,14:07:00,233.65,233.85,75,260.8,525,0,1425
NIFTY16JAN2011850CE.NFO,07/01/2020,14:07:02,233.65,233.85,75,259.55,150,0,1425
NIFTY16JAN2011850CE.NFO,07/01/2020,14:07:05,233.65,233.85,75,259,525,0,1425
NIFTY16JAN2011850CE.NFO,07/01/2020,14:07:14,233.65,233.85,75,260.1,525,0,1425
NIFTY16JAN2011850CE.NFO,07/01/2020,14:07:15,233.65,233.85,75,260.1,675,0,1425
NIFTY16JAN2011850CE.NFO,07/01/2020,14:07:17,233.65,233.85,75,260.1,150,0,1425
NIFTY16JAN2011850CE.NFO,07/01/2020,14:07:19,233.65,233.85,75,259.25,525,0,1425
NIFTY16JAN2011850CE.NFO,07/01/2020,14:07:23,233.65,233.85,75,256.95,525,0,1425
NIFTY16JAN2011850CE.NFO,07/01/2020,14:07:26,233.65,233.85,75,256.35,525,0,1425
NIFTY16JAN2011850CE.NFO,07/01/2020,14:07:30,233.65,233.85,75,254.2,525,0,1425
NIFTY16JAN2011850CE.NFO,07/01/2020,14:07:34,233.65,233.85,225,253.9,525,0,1425
NIFTY16JAN2011850CE.NFO,07/01/2020,14:07:37,233.65,233.85,225,255.55,525,0,1425
NIFTY16JAN2011850CE.NFO,07/01/2020,14:07:39,233.65,233.85,225,255.9,525,0,1425
NIFTY16JAN2011850CE.NFO,07/01/2020,14:07:42,233.65,233.85,225,256.25,525,0,1425
NIFTY16JAN2011850CE.NFO,07/01/2020,14:07:45,233.65,233.85,75,256.25,525,0,1425
NIFTY16JAN2011850CE.NFO,07/01/2020,14:07:47,233.65,233.85,75,255.45,525,0,1425
NIFTY16JAN2011850CE.NFO,07/01/2020,14:07:50,233.65,233.85,225,255.45,525,0,1425
NIFTY16JAN2011850CE.NFO,07/01/2020,14:07:51,233.65,233.85,225,256.15,525,0,1425
NIFTY16JAN2011850CE.NFO,07/01/2020,14:07:54,233.65,233.85,225,255.85,525,0,1425
NIFTY16JAN2011850CE.NFO,07/01/2020,14:07:57,233.65,233.85,225,255.2,525,0,1425
NIFTY16JAN2011850CE.NFO,07/01/2020,14:08:00,233.65,233.85,225,254,525,0,1425
NIFTY16JAN2011850CE.NFO,07/01/2020,14:08:04,233.65,233.85,225,254.35,525,0,1425
NIFTY16JAN2011850CE.NFO,07/01/2020,14:08:06,233.65,233.85,225,254.45,525,0,1425
NIFTY16JAN2011850CE.NFO,07/01/2020,14:08:08,233.65,233.85,225,255,525,0,1425
NIFTY16JAN2011850CE.NFO,07/01/2020,14:08:13,233.65,233.85,225,255.35,525,0,1425
NIFTY16JAN2011850CE.NFO,07/01/2020,14:08:18,233.65,233.85,225,256.25,525,0,1425
NIFTY16JAN2011850CE.NFO,07/01/2020,14:08:20,233.65,233.85,225,257.1,525,0,1425
NIFTY16JAN2011850CE.NFO,07/01/2020,14:08:23,233.65,233.85,225,256.8,525,0,1425
NIFTY16JAN2011850CE.NFO,07/01/2020,14:08:26,233.65,233.85,225,257.25,525,0,1425
NIFTY16JAN2011850CE.NFO,07/01/2020,14:08:31,233.65,233.9,150,257.25,525,0,1425
NIFTY16JAN2011850CE.NFO,07/01/2020,14:08:31,233.65,233.9,150,257.6,525,0,1425
NIFTY16JAN2011850CE.NFO,07/01/2020,14:08:33,233.65,233.85,225,256.85,525,0,1425
NIFTY16JAN2011850CE.NFO,07/01/2020,14:08:38,233.65,233.85,75,255.65,525,0,1425
NIFTY16JAN2011850CE.NFO,07/01/2020,14:08:41,233.65,233.85,75,254.4,525,0,1425
NIFTY16JAN2011850CE.NFO,07/01/2020,14:08:45,233.65,233.85,75,255.25,525,0,1425
NIFTY16JAN2011850CE.NFO,07/01/2020,14:08:50,233.65,233.85,75,256.3,525,0,1425
NIFTY16JAN2011850CE.NFO,07/01/2020,14:08:54,233.65,233.9,150,257.3,525,0,1425
NIFTY16JAN2011850CE.NFO,07/01/2020,14:08:56,233.65,233.85,75,257.3,525,0,1425
NIFTY16JAN2011850CE.NFO,07/01/2020,14:08:59,233.65,233.85,75,256.9,525,0,1425
NIFTY16JAN2011850CE.NFO,07/01/2020,14:09:00,233.65,233.9,150,256.9,525,0,1425
NIFTY16JAN2011850CE.NFO,07/01/2020,14:09:01,233.65,233.9,150,260.05,150,0,1425
NIFTY16JAN2011850CE.NFO,07/01/2020,14:09:07,233.65,233.85,75,254.6,525,0,1425
NIFTY16JAN2011850CE.NFO,07/01/2020,14:09:11,233.65,233.85,75,254.3,525,0,1425
NIFTY16JAN2011850CE.NFO,07/01/2020,14:09:14,233.65,233.85,75,253.9,525,0,1425
NIFTY16JAN2011850CE.NFO,07/01/2020,14:09:17,233.65,233.85,75,253.45,525,0,1425
NIFTY16JAN2011850CE.NFO,07/01/2020,14:09:21,233.65,233.85,75,255.35,525,0,1425
NIFTY16JAN2011850CE.NFO,07/01/2020,14:09:24,233.65,233.85,75,255,525,0,1425
NIFTY16JAN2011850CE.NFO,07/01/2020,14:09:28,233.65,233.85,75,254.25,525,0,1425
NIFTY16JAN2011850CE.NFO,07/01/2020,14:09:30,233.65,233.85,75,254.1,525,0,1425
NIFTY16JAN2011850CE.NFO,07/01/2020,14:09:34,233.65,233.85,75,253.5,525,0,1425
NIFTY16JAN2011850CE.NFO,07/01/2020,14:09:35,233.65,233.85,75,253.6,525,0,1425
NIFTY16JAN2011850CE.NFO,07/01/2020,14:09:38,233.65,233.85,225,253.6,525,0,1425
NIFTY16JAN2011850CE.NFO,07/01/2020,14:09:40,233.65,233.85,225,255.05,525,0,1425
NIFTY16JAN2011850CE.NFO,07/01/2020,14:09:43,233.65,233.85,300,255.05,525,0,1425
NIFTY16JAN2011850CE.NFO,07/01/2020,14:09:44,233.65,233.85,300,255.85,525,0,1425
NIFTY16JAN2011850CE.NFO,07/01/2020,14:09:46,233.65,233.9,150,255.85,525,0,1425
NIFTY16JAN2011850CE.NFO,07/01/2020,14:09:47,233.65,233.9,150,258.3,525,0,1425
NIFTY16JAN2011850CE.NFO,07/01/2020,14:09:50,233.65,233.9,150,258.7,525,0,1425
NIFTY16JAN2011850CE.NFO,07/01/2020,14:09:53,233.65,233.9,150,259.7,525,0,1425
NIFTY16JAN2011850CE.NFO,07/01/2020,14:09:58,233.65,233.9,150,260.05,225,0,1425
NIFTY16JAN2011850CE.NFO,07/01/2020,14:10:09,233.65,233.9,150,260.05,750,0,1425
NIFTY16JAN2011850CE.NFO,07/01/2020,14:10:13,233.65,233.9,150,259.25,150,0,1425
NIFTY16JAN2011850CE.NFO,07/01/2020,14:10:18,233.65,233.9,150,259,525,0,1425
NIFTY16JAN2011850CE.NFO,07/01/2020,14:10:24,233.65,233.9,150,257.8,525,0,1425
NIFTY16JAN2011850CE.NFO,07/01/2020,14:10:28,233.65,233.9,150,257.55,525,0,1425
NIFTY16JAN2011850CE.NFO,07/01/2020,14:10:32,233.65,233.9,150,257.6,525,0,1425
NIFTY16JAN2011850CE.NFO,07/01/2020,14:10:38,233.65,233.9,300,257.35,525,0,1425
NIFTY16JAN2011850CE.NFO,07/01/2020,14:10:39,233.65,233.9,150,257.35,525,0,1425
NIFTY16JAN2011850CE.NFO,07/01/2020,14:10:40,233.65,233.9,150,258.1,525,0,1425
NIFTY16JAN2011850CE.NFO,07/01/2020,14:10:42,233.65,233.9,150,258.75,525,0,1425
NIFTY16JAN2011850CE.NFO,07/01/2020,14:10:44,233.65,233.9,150,259.25,150,0,1425
NIFTY16JAN2011850CE.NFO,07/01/2020,14:10:48,233.65,233.9,150,258.55,525,0,1425
NIFTY16JAN2011850CE.NFO,07/01/2020,14:10:53,233.65,233.9,150,258.85,525,0,1425
NIFTY16JAN2011850CE.NFO,07/01/2020,14:10:56,233.65,233.9,150,258.6,525,0,1425
NIFTY16JAN2011850CE.NFO,07/01/2020,14:11:00,233.65,233.9,150,257.7,525,0,1425
NIFTY16JAN2011850CE.NFO,07/01/2020,14:11:01,233.65,233.9,150,258.55,525,0,1425
NIFTY16JAN2011850CE.NFO,07/01/2020,14:11:07,233.65,233.9,150,258.25,525,0,1425
NIFTY16JAN2011850CE.NFO,07/01/2020,14:11:14,233.65,233.9,150,259.25,150,0,1425
NIFTY16JAN2011850CE.NFO,07/01/2020,14:11:19,233.65,233.9,75,259.25,150,0,1425
NIFTY16JAN2011850CE.NFO,07/01/2020,14:11:24,233.65,233.9,75,258.4,525,0,1425
NIFTY16JAN2011850CE.NFO,07/01/2020,14:11:29,233.65,233.9,75,258.75,525,0,1425
NIFTY16JAN2011850CE.NFO,07/01/2020,14:11:32,233.65,233.9,75,258.45,525,0,1425
NIFTY16JAN2011850CE.NFO,07/01/2020,14:11:34,233.65,233.9,75,258.15,525,0,1425
NIFTY16JAN2011850CE.NFO,07/01/2020,14:11:38,233.65,233.9,75,259.1,525,0,1425
NIFTY16JAN2011850CE.NFO,07/01/2020,14:11:42,233.65,233.9,75,258.2,525,0,1425
NIFTY16JAN2011850CE.NFO,07/01/2020,14:11:47,233.65,233.9,75,258.7,525,0,1425
NIFTY16JAN2011850CE.NFO,07/01/2020,14:11:51,233.65,233.9,75,258.35,525,0,1425
NIFTY16JAN2011850CE.NFO,07/01/2020,14:11:54,233.65,233.9,75,256.95,525,0,1425
NIFTY16JAN2011850CE.NFO,07/01/2020,14:11:58,233.65,233.9,75,257.75,525,0,1425
NIFTY16JAN2011850CE.NFO,07/01/2020,14:12:02,233.65,233.9,75,259.25,150,0,1425
NIFTY16JAN2011850CE.NFO,07/01/2020,14:12:05,233.65,233.95,150,259.25,150,0,1425
NIFTY16JAN2011850CE.NFO,07/01/2020,14:12:07,233.65,233.95,150,259.5,525,0,1425
NIFTY16JAN2011850CE.NFO,07/01/2020,14:12:08,233.65,233.95,150,260.05,75,0,1425
NIFTY16JAN2011850CE.NFO,07/01/2020,14:12:32,233.65,233.95,150,260,150,0,1425
NIFTY16JAN2011850CE.NFO,07/01/2020,14:12:33,233.65,233.95,150,259.15,525,0,1425
NIFTY16JAN2011850CE.NFO,07/01/2020,14:12:36,233.65,233.95,150,259.5,525,0,1425
NIFTY16JAN2011850CE.NFO,07/01/2020,14:12:39,233.65,233.95,150,260,150,0,1425
NIFTY16JAN2011850CE.NFO,07/01/2020,14:12:55,233.65,233.95,150,259.75,525,0,1425
NIFTY16JAN2011850CE.NFO,07/01/2020,14:13:01,233.65,233.95,150,260,150,0,1425
NIFTY16JAN2011850CE.NFO,07/01/2020,14:13:03,233.65,233.95,150,259.6,525,0,1425
NIFTY16JAN2011850CE.NFO,07/01/2020,14:13:09,233.65,233.95,150,259.4,525,0,1425
NIFTY16JAN2011850CE.NFO,07/01/2020,14:13:13,233.65,233.95,150,259.9,525,0,1425
NIFTY16JAN2011850CE.NFO,07/01/2020,14:13:15,233.65,233.95,150,259.55,525,0,1425
NIFTY16JAN2011850CE.NFO,07/01/2020,14:13:17,233.65,233.95,150,260,150,0,1425
NIFTY16JAN2011850CE.NFO,07/01/2020,14:13:25,233.65,233.95,150,260.05,75,0,1425
NIFTY16JAN2011850CE.NFO,07/01/2020,14:13:27,233.65,233.95,150,263.35,525,0,1425
NIFTY16JAN2011850CE.NFO,07/01/2020,14:13:29,233.65,233.9,75,265.4,150,0,1425
NIFTY16JAN2011850CE.NFO,07/01/2020,14:13:31,233.65,233.95,150,265.4,150,0,1425
NIFTY16JAN2011850CE.NFO,07/01/2020,14:13:36,233.65,233.95,150,265.45,75,0,1425
NIFTY16JAN2011850CE.NFO,07/01/2020,14:13:38,233.65,233.95,150,265.4,150,0,1425
NIFTY16JAN2011850CE.NFO,07/01/2020,14:13:40,233.65,233.95,150,265.45,75,0,1425
NIFTY16JAN2011850CE.NFO,07/01/2020,14:13:59,233.65,235.05,525,265.45,75,0,1425
NIFTY16JAN2011850CE.NFO,07/01/2020,14:14:01,233.65,234.35,525,265.45,75,0,1425
NIFTY16JAN2011850CE.NFO,07/01/2020,14:14:05,233.65,233.95,150,265.45,75,0,1425
NIFTY16JAN2011850CE.NFO,07/01/2020,14:14:48,233.65,233.95,150,265.4,150,0,1425
NIFTY16JAN2011850CE.NFO,07/01/2020,14:15:01,233.65,233.95,150,265.45,75,0,1425
NIFTY16JAN2011850CE.NFO,07/01/2020,14:15:03,233.65,234.45,525,265.45,75,0,1425
NIFTY16JAN2011850CE.NFO,07/01/2020,14:15:07,233.65,234.25,525,265.45,75,0,1425
NIFTY16JAN2011850CE.NFO,07/01/2020,14:15:09,233.65,233.95,150,265.45,75,0,1425
NIFTY16JAN2011850CE.NFO,07/01/2020,14:15:13,233.65,235,525,265.45,75,0,1425
NIFTY16JAN2011850CE.NFO,07/01/2020,14:15:15,233.65,235,525,269.75,150,0,1425
NIFTY16JAN2011850CE.NFO,07/01/2020,14:15:16,233.65,237.15,525,269.75,150,0,1425
NIFTY16JAN2011850CE.NFO,07/01/2020,14:15:22,233.65,238.65,525,269.75,150,0,1425
NIFTY16JAN2011850CE.NFO,07/01/2020,14:15:26,233.65,234.15,525,269.55,525,0,1425
NIFTY16JAN2011850CE.NFO,07/01/2020,14:15:29,233.65,236.85,525,269.75,150,0,1425
NIFTY16JAN2011850CE.NFO,07/01/2020,14:15:32,233.65,238.5,525,269.75,150,0,1425
NIFTY16JAN2011850CE.NFO,07/01/2020,14:15:35,233.65,238.1,525,269.75,150,0,1425
NIFTY16JAN2011850CE.NFO,07/01/2020,14:15:38,233.65,237,525,269.75,150,0,1425
NIFTY16JAN2011850CE.NFO,07/01/2020,14:15:42,233.65,235.9,525,269.75,150,0,1425
NIFTY16JAN2011850CE.NFO,07/01/2020,14:15:44,233.65,236.3,525,269.75,150,0,1425
NIFTY16JAN2011850CE.NFO,07/01/2020,14:15:47,233.65,235.2,525,269.75,150,0,1425
NIFTY16JAN2011850CE.NFO,07/01/2020,14:15:56,233.65,234.7,525,269.75,150,0,1425
NIFTY16JAN2011850CE.NFO,07/01/2020,14:15:59,233.65,234.7,525,269.5,525,0,1425
NIFTY16JAN2011850CE.NFO,07/01/2020,14:16:01,233.65,233.95,150,267.35,525,0,1425
NIFTY16JAN2011850CE.NFO,07/01/2020,14:16:05,233.65,233.95,150,267.8,525,0,1425
NIFTY16JAN2011850CE.NFO,07/01/2020,14:16:08,233.65,233.95,150,268.2,525,0,1425
NIFTY16JAN2011850CE.NFO,07/01/2020,14:16:11,233.65,233.95,150,267.25,525,0,1425
NIFTY16JAN2011850CE.NFO,07/01/2020,14:16:17,233.65,233.95,150,268.75,525,0,1425
NIFTY16JAN2011850CE.NFO,07/01/2020,14:16:20,233.65,233.95,150,268.15,525,0,1425
NIFTY16JAN2011850CE.NFO,07/01/2020,14:16:22,233.65,233.95,150,269.1,525,0,1425
NIFTY16JAN2011850CE.NFO,07/01/2020,14:16:28,233.65,233.95,150,268.15,525,0,1425
NIFTY16JAN2011850CE.NFO,07/01/2020,14:16:31,233.65,233.95,150,267.85,525,0,1425
NIFTY16JAN2011850CE.NFO,07/01/2020,14:16:34,233.65,233.95,150,268.6,525,0,1425
NIFTY16JAN2011850CE.NFO,07/01/2020,14:16:37,233.65,233.95,150,268,525,0,1425
NIFTY16JAN2011850CE.NFO,07/01/2020,14:16:39,233.65,233.95,150,269.75,150,0,1425
NIFTY16JAN2011850CE.NFO,07/01/2020,14:16:41,233.65,235.75,525,269.75,150,0,1425
NIFTY16JAN2011850CE.NFO,07/01/2020,14:16:43,233.65,234.6,525,269.75,150,0,1425
NIFTY16JAN2011850CE.NFO,07/01/2020,14:16:46,233.65,233.95,150,268.55,525,0,1425
NIFTY16JAN2011850CE.NFO,07/01/2020,14:16:50,233.65,233.95,150,268.85,525,0,1425
NIFTY16JAN2011850CE.NFO,07/01/2020,14:16:56,233.65,233.95,150,267.7,525,0,1425
NIFTY16JAN2011850CE.NFO,07/01/2020,14:17:00,233.65,233.95,150,268,525,0,1425
NIFTY16JAN2011850CE.NFO,07/01/2020,14:17:07,233.65,233.95,150,267.7,525,0,1425
NIFTY16JAN2011850CE.NFO,07/01/2020,14:17:11,233.65,233.95,150,266.2,525,0,1425
NIFTY16JAN2011850CE.NFO,07/01/2020,14:17:15,233.65,233.95,150,265.3,525,0,1425
NIFTY16JAN2011850CE.NFO,07/01/2020,14:17:17,233.65,233.95,150,265.7,525,0,1425
NIFTY16JAN2011850CE.NFO,07/01/2020,14:17:20,233.65,233.95,150,265.4,525,0,1425
NIFTY16JAN2011850CE.NFO,07/01/2020,14:17:24,233.65,233.95,150,264.1,525,0,1425
NIFTY16JAN2011850CE.NFO,07/01/2020,14:17:25,233.65,233.85,75,264.1,525,0,1425
NIFTY16JAN2011850CE.NFO,07/01/2020,14:17:27,233.65,233.85,75,264.45,525,0,1425
NIFTY16JAN2011850CE.NFO,07/01/2020,14:17:30,233.65,233.9,150,266.3,525,0,1425
NIFTY16JAN2011850CE.NFO,07/01/2020,14:17:34,233.65,233.9,150,266.1,525,0,1425
NIFTY16JAN2011850CE.NFO,07/01/2020,14:17:39,233.65,233.9,150,265.35,525,0,1425
NIFTY16JAN2011850CE.NFO,07/01/2020,14:17:43,233.65,233.9,150,265.5,525,0,1425
NIFTY16JAN2011850CE.NFO,07/01/2020,14:17:45,233.65,233.9,150,264.6,525,0,1425
NIFTY16JAN2011850CE.NFO,07/01/2020,14:17:49,233.65,233.9,150,267.4,525,0,1425
NIFTY16JAN2011850CE.NFO,07/01/2020,14:17:51,233.65,233.9,150,266.8,525,0,1425
NIFTY16JAN2011850CE.NFO,07/01/2020,14:17:52,233.65,233.9,150,266.45,525,0,1425
NIFTY16JAN2011850CE.NFO,07/01/2020,14:17:54,233.65,233.9,150,266.3,525,0,1425
NIFTY16JAN2011850CE.NFO,07/01/2020,14:17:58,233.65,233.9,150,267.8,525,0,1425
NIFTY16JAN2011850CE.NFO,07/01/2020,14:18:02,233.65,233.9,150,267,525,0,1425
NIFTY16JAN2011850CE.NFO,07/01/2020,14:18:04,233.65,233.9,150,265.8,525,0,1425
NIFTY16JAN2011850CE.NFO,07/01/2020,14:18:08,233.65,233.9,150,266,525,0,1425
NIFTY16JAN2011850CE.NFO,07/01/2020,14:18:12,233.65,233.9,150,265.7,525,0,1425
NIFTY16JAN2011850CE.NFO,07/01/2020,14:18:14,233.65,233.9,150,266.45,525,0,1425
NIFTY16JAN2011850CE.NFO,07/01/2020,14:18:17,233.65,233.9,150,267.85,525,0,1425
NIFTY16JAN2011850CE.NFO,07/01/2020,14:18:22,233.65,235.05,525,267.85,525,0,1425
NIFTY16JAN2011850CE.NFO,07/01/2020,14:18:23,233.65,235.05,525,271.25,525,0,1425
NIFTY16JAN2011850CE.NFO,07/01/2020,14:18:26,233.65,234,525,271.25,525,0,1425
NIFTY16JAN2011850CE.NFO,07/01/2020,14:18:27,233.65,234,525,269.7,150,0,1425
NIFTY16JAN2011850CE.NFO,07/01/2020,14:18:30,233.65,233.95,525,269.45,525,0,1425
NIFTY16JAN2011850CE.NFO,07/01/2020,14:18:32,233.65,233.95,525,269.15,525,0,1425
NIFTY16JAN2011850CE.NFO,07/01/2020,14:18:33,233.65,234.55,525,269.15,525,0,1425
NIFTY16JAN2011850CE.NFO,07/01/2020,14:18:36,233.65,234.55,525,269.7,150,0,1425
NIFTY16JAN2011850CE.NFO,07/01/2020,14:18:37,233.65,234.5,525,269.7,150,0,1425
NIFTY16JAN2011850CE.NFO,07/01/2020,14:18:39,233.65,235.1,525,269.7,150,0,1425
NIFTY16JAN2011850CE.NFO,07/01/2020,14:18:47,233.65,234.4,525,269.7,150,0,1425
NIFTY16JAN2011850CE.NFO,07/01/2020,14:18:53,233.65,233.9,525,269.35,525,0,1425
NIFTY16JAN2011850CE.NFO,07/01/2020,14:18:54,233.65,233.9,525,269.05,525,0,1425
NIFTY16JAN2011850CE.NFO,07/01/2020,14:18:55,233.65,233.9,525,269.2,525,0,1425
NIFTY16JAN2011850CE.NFO,07/01/2020,14:18:59,233.65,233.9,525,268.3,525,0,1425
NIFTY16JAN2011850CE.NFO,07/01/2020,14:19:02,233.65,233.9,525,267.7,525,0,1425
NIFTY16JAN2011850CE.NFO,07/01/2020,14:19:05,233.65,233.9,525,268.45,525,0,1425
NIFTY16JAN2011850CE.NFO,07/01/2020,14:19:06,233.65,233.9,150,268.45,525,0,1425
NIFTY16JAN2011850CE.NFO,07/01/2020,14:19:08,233.65,233.9,150,268.15,525,0,1425
NIFTY16JAN2011850CE.NFO,07/01/2020,14:19:12,233.65,233.9,150,265.3,525,0,1425
NIFTY16JAN2011850CE.NFO,07/01/2020,14:19:16,233.65,233.9,150,266.75,525,0,1425
NIFTY16JAN2011850CE.NFO,07/01/2020,14:19:22,233.65,233.9,150,265.6,525,0,1425
NIFTY16JAN2011850CE.NFO,07/01/2020,14:19:26,233.65,233.9,150,266.75,525,0,1425
NIFTY16JAN2011850CE.NFO,07/01/2020,14:19:31,233.65,233.9,150,267.85,525,0,1425
NIFTY16JAN2011850CE.NFO,07/01/2020,14:19:35,233.65,233.9,150,267.75,525,0,1425
NIFTY16JAN2011850CE.NFO,07/01/2020,14:19:38,233.65,233.9,150,268.1,525,0,1425
NIFTY16JAN2011850CE.NFO,07/01/2020,14:19:42,233.65,233.9,150,268.4,525,0,1425
NIFTY16JAN2011850CE.NFO,07/01/2020,14:19:47,233.65,233.9,150,266.55,525,0,1425
NIFTY16JAN2011850CE.NFO,07/01/2020,14:19:49,233.65,233.9,150,266.25,525,0,1425
NIFTY16JAN2011850CE.NFO,07/01/2020,14:19:53,233.65,233.9,150,265.65,525,0,1425
NIFTY16JAN2011850CE.NFO,07/01/2020,14:19:58,233.65,233.85,75,264.55,525,0,1425
NIFTY16JAN2011850CE.NFO,07/01/2020,14:20:01,233.65,233.85,75,264.9,525,0,1425
NIFTY16JAN2011850CE.NFO,07/01/2020,14:20:04,233.65,233.85,75,264.75,525,0,1425
NIFTY16JAN2011850CE.NFO,07/01/2020,14:20:06,233.65,233.85,75,264.7,150,0,1425
NIFTY16JAN2011850CE.NFO,07/01/2020,14:20:08,233.65,233.9,150,264.7,150,0,1425
NIFTY16JAN2011850CE.NFO,07/01/2020,14:20:12,233.65,233.85,75,264.7,150,0,1425
NIFTY16JAN2011850CE.NFO,07/01/2020,14:20:14,233.65,233.9,150,264.7,150,0,1425
NIFTY16JAN2011850CE.NFO,07/01/2020,14:20:16,233.65,233.9,150,266,525,0,1425
NIFTY16JAN2011850CE.NFO,07/01/2020,14:20:17,233.65,233.9,150,265.95,150,0,1425
NIFTY16JAN2011850CE.NFO,07/01/2020,14:20:20,233.65,233.9,150,265.95,675,0,1425
NIFTY16JAN2011850CE.NFO,07/01/2020,14:20:23,233.65,233.9,150,265.95,150,0,1425
NIFTY16JAN2011850CE.NFO,07/01/2020,14:20:29,233.65,233.9,150,266.15,525,0,1425
NIFTY16JAN2011850CE.NFO,07/01/2020,14:20:32,233.65,233.9,150,268.75,525,0,1425
NIFTY16JAN2011850CE.NFO,07/01/2020,14:20:34,233.65,233.9,150,268.05,525,0,1425
NIFTY16JAN2011850CE.NFO,07/01/2020,14:20:37,233.65,233.9,150,266.65,525,0,1425
NIFTY16JAN2011850CE.NFO,07/01/2020,14:20:41,233.65,233.9,150,267.45,525,0,1425
NIFTY16JAN2011850CE.NFO,07/01/2020,14:20:44,233.65,233.9,150,267.85,525,0,1425
NIFTY16JAN2011850CE.NFO,07/01/2020,14:20:47,233.65,233.9,150,269.1,525,0,1425
NIFTY16JAN2011850CE.NFO,07/01/2020,14:20:49,233.65,234,525,269.1,525,0,1425
NIFTY16JAN2011850CE.NFO,07/01/2020,14:20:50,233.65,234,525,268.1,525,0,1425
