Ticker,Date,Time,LTP,BuyPrice,BuyQty,SellPrice,SellQty,LTQ,OpenInterest
NIFTY16JAN2012400CE.NFO,07/01/2020,09:15:04,9.95,10.35,75,11.5,150,75,109950
NIFTY16JAN2012400CE.NFO,07/01/2020,09:15:04,9.95,10.35,75,11.5,150,0,109950
NIFTY16JAN2012400CE.NFO,07/01/2020,09:15:04,9.95,10.35,75,11.5,150,0,109950
NIFTY16JAN2012400CE.NFO,07/01/2020,09:15:04,9.95,10.35,75,11.5,150,0,109950
NIFTY16JAN2012400CE.NFO,07/01/2020,09:15:05,11.5,10.6,75,13.3,150,75,109950
NIFTY16JAN2012400CE.NFO,07/01/2020,09:15:05,11.5,10.6,75,13.3,150,0,109950
NIFTY16JAN2012400CE.NFO,07/01/2020,09:15:06,11.5,9.05,150,13.15,75,0,109950
NIFTY16JAN2012400CE.NFO,07/01/2020,09:15:07,11.5,9.9,150,13.05,150,0,109950
NIFTY16JAN2012400CE.NFO,07/01/2020,09:15:08,11.5,10.35,75,12.9,75,0,109950
NIFTY16JAN2012400CE.NFO,07/01/2020,09:15:09,11.5,10.6,150,12.9,150,0,109950
NIFTY16JAN2012400CE.NFO,07/01/2020,09:15:10,11.5,10.6,150,12.75,150,0,109950
NIFTY16JAN2012400CE.NFO,07/01/2020,09:15:11,11.5,10.75,75,12.75,150,0,109950
NIFTY16JAN2012400CE.NFO,07/01/2020,09:15:12,12.75,10.7,75,12.7,150,75,109950
NIFTY16JAN2012400CE.NFO,07/01/2020,09:15:12,12.75,10.7,75,12.7,150,0,109950
NIFTY16JAN2012400CE.NFO,07/01/2020,09:15:13,12.75,10.4,150,12.7,150,0,109950
NIFTY16JAN2012400CE.NFO,07/01/2020,09:15:14,12.75,10.65,75,12.7,150,0,109950
NIFTY16JAN2012400CE.NFO,07/01/2020,09:15:15,12.75,10.8,75,12.7,300,0,109950
NIFTY16JAN2012400CE.NFO,07/01/2020,09:15:16,12.75,11,300,12.7,300,0,109950
NIFTY16JAN2012400CE.NFO,07/01/2020,09:15:17,11.25,10.2,75,12.4,150,75,109950
NIFTY16JAN2012400CE.NFO,07/01/2020,09:15:18,11.25,10.45,225,12.15,150,0,109950
NIFTY16JAN2012400CE.NFO,07/01/2020,09:15:19,11.25,10.7,225,12.95,75,0,109950
NIFTY16JAN2012400CE.NFO,07/01/2020,09:15:20,11.25,10.8,375,12.65,75,0,109950
NIFTY16JAN2012400CE.NFO,07/01/2020,09:15:21,11.25,11,300,12.4,225,0,109950
NIFTY16JAN2012400CE.NFO,07/01/2020,09:15:22,11.25,11.3,150,13.65,150,0,109950
NIFTY16JAN2012400CE.NFO,07/01/2020,09:15:23,11.25,11.3,300,12.95,75,0,109950
NIFTY16JAN2012400CE.NFO,07/01/2020,09:15:24,11.25,10.25,75,12.55,300,0,109950
NIFTY16JAN2012400CE.NFO,07/01/2020,09:15:25,11.25,10.3,225,12.35,150,0,109950
NIFTY16JAN2012400CE.NFO,07/01/2020,09:15:26,11.25,10.6,150,12,300,0,109950
NIFTY16JAN2012400CE.NFO,07/01/2020,09:15:27,13.1,11.5,150,12.85,225,675,109950
NIFTY16JAN2012400CE.NFO,07/01/2020,09:15:27,13.1,11.5,150,12.85,225,0,109950
NIFTY16JAN2012400CE.NFO,07/01/2020,09:15:28,12.75,10.35,150,12.85,225,450,109950
NIFTY16JAN2012400CE.NFO,07/01/2020,09:15:29,13,10.95,300,12.95,150,300,109950
NIFTY16JAN2012400CE.NFO,07/01/2020,09:15:30,12.95,11.3,75,12.95,75,75,109950
NIFTY16JAN2012400CE.NFO,07/01/2020,09:15:31,11.5,10.1,75,11.55,75,600,109950
NIFTY16JAN2012400CE.NFO,07/01/2020,09:15:32,12.9,10.45,150,12.95,150,150,109950
NIFTY16JAN2012400CE.NFO,07/01/2020,09:15:33,11.8,10.85,150,12.85,150,225,109950
NIFTY16JAN2012400CE.NFO,07/01/2020,09:15:34,11.8,10.95,150,12.65,150,0,109950
NIFTY16JAN2012400CE.NFO,07/01/2020,09:15:35,11.8,11.15,300,12.45,75,0,109950
NIFTY16JAN2012400CE.NFO,07/01/2020,09:15:36,12.4,11.35,300,12.35,150,75,109950
NIFTY16JAN2012400CE.NFO,07/01/2020,09:15:37,12.4,11.6,300,12.35,150,0,109950
NIFTY16JAN2012400CE.NFO,07/01/2020,09:15:39,12.4,11.9,300,12.95,150,0,109950
NIFTY16JAN2012400CE.NFO,07/01/2020,09:15:40,12.4,12,225,12.95,150,0,109950
NIFTY16JAN2012400CE.NFO,07/01/2020,09:15:41,12.05,11.2,75,12.85,75,75,109950
NIFTY16JAN2012400CE.NFO,07/01/2020,09:15:42,11.1,11.4,75,12.5,150,75,109950
NIFTY16JAN2012400CE.NFO,07/01/2020,09:15:43,11.1,11.95,150,12.5,150,0,109950
NIFTY16JAN2012400CE.NFO,07/01/2020,09:15:44,11.1,12.2,75,12.5,75,0,109950
NIFTY16JAN2012400CE.NFO,07/01/2020,09:15:45,12.1,12.25,225,12.85,150,75,109950
NIFTY16JAN2012400CE.NFO,07/01/2020,09:15:46,12.1,11.95,300,12.85,300,0,109950
NIFTY16JAN2012400CE.NFO,07/01/2020,09:15:47,12.85,11.85,75,12.85,225,75,109950
NIFTY16JAN2012400CE.NFO,07/01/2020,09:15:48,12.85,11.85,75,12.85,225,0,109950
NIFTY16JAN2012400CE.NFO,07/01/2020,09:15:49,12.85,11.85,75,12.95,225,0,109950
NIFTY16JAN2012400CE.NFO,07/01/2020,09:15:50,12.85,12.05,225,12.95,225,0,109950
NIFTY16JAN2012400CE.NFO,07/01/2020,09:15:51,12.2,12.05,75,12.9,300,75,109950
NIFTY16JAN2012400CE.NFO,07/01/2020,09:15:52,12.2,12.05,75,12.9,300,0,109950
NIFTY16JAN2012400CE.NFO,07/01/2020,09:15:54,12.2,12.2,75,12.9,300,0,109950
NIFTY16JAN2012400CE.NFO,07/01/2020,09:15:55,12.2,12.05,75,12.9,300,0,109950
NIFTY16JAN2012400CE.NFO,07/01/2020,09:15:57,13,12.2,300,13.9,225,225,109950
NIFTY16JAN2012400CE.NFO,07/01/2020,09:15:59,13,12.2,150,13,150,0,109950
NIFTY16JAN2012400CE.NFO,07/01/2020,09:16:00,13,12.2,300,13,75,0,109950
NIFTY16JAN2012400CE.NFO,07/01/2020,09:16:01,12.95,12.15,75,12.95,300,600,109950
NIFTY16JAN2012400CE.NFO,07/01/2020,09:16:02,12.95,12.15,375,12.95,150,0,109950
NIFTY16JAN2012400CE.NFO,07/01/2020,09:16:03,12.95,12.15,375,12.95,300,0,109950
NIFTY16JAN2012400CE.NFO,07/01/2020,09:16:04,12.95,12.15,375,12.95,150,0,109950
NIFTY16JAN2012400CE.NFO,07/01/2020,09:16:05,12.95,12.15,375,12.95,300,0,109950
NIFTY16JAN2012400CE.NFO,07/01/2020,09:16:06,12.95,12.3,375,12.95,225,75,109950
NIFTY16JAN2012400CE.NFO,07/01/2020,09:16:07,12.95,12.3,225,12.95,225,0,109950
NIFTY16JAN2012400CE.NFO,07/01/2020,09:16:07,12.95,12.3,225,12.95,75,0,109950
NIFTY16JAN2012400CE.NFO,07/01/2020,09:16:08,12.95,12.3,375,12.95,225,0,109950
NIFTY16JAN2012400CE.NFO,07/01/2020,09:16:11,12.95,12.3,375,12.95,75,0,109950
NIFTY16JAN2012400CE.NFO,07/01/2020,09:16:13,12.95,12.3,375,13,75,75,109950
NIFTY16JAN2012400CE.NFO,07/01/2020,09:16:14,12.3,12.35,75,12.95,75,75,109950
NIFTY16JAN2012400CE.NFO,07/01/2020,09:16:15,12.3,12.35,375,12.95,75,0,109950
NIFTY16JAN2012400CE.NFO,07/01/2020,09:16:16,12.35,12.35,225,12.95,300,150,109950
NIFTY16JAN2012400CE.NFO,07/01/2020,09:16:17,12.35,12.15,150,12.95,375,225,109950
NIFTY16JAN2012400CE.NFO,07/01/2020,09:16:18,13.95,12.25,450,13.85,150,1950,109950
NIFTY16JAN2012400CE.NFO,07/01/2020,09:16:18,14,12.25,450,13.85,150,0,109950
NIFTY16JAN2012400CE.NFO,07/01/2020,09:16:19,12.25,12.3,375,13.65,225,75,109950
NIFTY16JAN2012400CE.NFO,07/01/2020,09:16:20,12.25,12.3,375,13.5,225,0,109950
NIFTY16JAN2012400CE.NFO,07/01/2020,09:16:21,12.3,12.35,375,13.5,225,75,109950
NIFTY16JAN2012400CE.NFO,07/01/2020,09:16:21,12.3,12.35,375,13.5,225,0,109950
NIFTY16JAN2012400CE.NFO,07/01/2020,09:16:25,12.3,12.45,375,13.5,225,0,109950
NIFTY16JAN2012400CE.NFO,07/01/2020,09:16:27,12.45,12.5,375,13.5,225,75,109950
NIFTY16JAN2012400CE.NFO,07/01/2020,09:16:27,12.45,12.5,375,13.5,225,0,109950
NIFTY16JAN2012400CE.NFO,07/01/2020,09:16:28,12.45,12.5,375,13.5,150,0,109950
NIFTY16JAN2012400CE.NFO,07/01/2020,09:16:33,12.45,12.6,375,13.5,150,0,109950
NIFTY16JAN2012400CE.NFO,07/01/2020,09:16:36,12.45,12.6,525,13.5,150,0,109950
NIFTY16JAN2012400CE.NFO,07/01/2020,09:16:38,12.45,13.05,375,13.5,150,0,109950
NIFTY16JAN2012400CE.NFO,07/01/2020,09:16:40,13,13.05,150,13.75,225,450,109950
NIFTY16JAN2012400CE.NFO,07/01/2020,09:16:40,13,13.05,150,13.75,225,0,109950
NIFTY16JAN2012400CE.NFO,07/01/2020,09:16:47,13.05,13.1,150,13.75,225,75,109950
NIFTY16JAN2012400CE.NFO,07/01/2020,09:16:48,13.05,13.1,150,13.75,225,0,109950
NIFTY16JAN2012400CE.NFO,07/01/2020,09:16:56,15.05,13.7,1050,15.2,75,1575,109950
NIFTY16JAN2012400CE.NFO,07/01/2020,09:16:56,15.05,13.7,1050,15.2,75,0,109950
NIFTY16JAN2012400CE.NFO,07/01/2020,09:16:57,13.95,14,75,14.45,75,225,109950
NIFTY16JAN2012400CE.NFO,07/01/2020,09:16:59,14.1,13.95,225,14.35,150,900,109950
NIFTY16JAN2012400CE.NFO,07/01/2020,09:17:00,14.1,13.25,225,14.25,150,0,109950
NIFTY16JAN2012400CE.NFO,07/01/2020,09:17:01,13.05,13,375,14.25,150,375,109950
NIFTY16JAN2012400CE.NFO,07/01/2020,09:17:02,13.05,13.1,150,14.25,225,0,109950
NIFTY16JAN2012400CE.NFO,07/01/2020,09:17:04,13.05,13.1,150,14.25,375,0,109950
NIFTY16JAN2012400CE.NFO,07/01/2020,09:17:05,13.05,13.1,300,14.25,375,0,109950
NIFTY16JAN2012400CE.NFO,07/01/2020,09:17:08,13.05,13.2,450,14.25,225,0,109950
NIFTY16JAN2012400CE.NFO,07/01/2020,09:17:10,13.05,13.2,300,13.95,75,0,109950
NIFTY16JAN2012400CE.NFO,07/01/2020,09:17:12,13.95,13.25,150,13.95,75,150,106800
NIFTY16JAN2012400CE.NFO,07/01/2020,09:17:13,13.25,13.2,150,13.95,75,150,106800
NIFTY16JAN2012400CE.NFO,07/01/2020,09:17:14,13.25,13.2,150,13.95,75,0,106800
NIFTY16JAN2012400CE.NFO,07/01/2020,09:17:15,13.25,13.25,75,13.95,75,0,106800
NIFTY16JAN2012400CE.NFO,07/01/2020,09:17:16,13.25,13.2,150,13.85,75,0,106800
NIFTY16JAN2012400CE.NFO,07/01/2020,09:17:17,13.9,13.3,75,13.85,225,375,106800
NIFTY16JAN2012400CE.NFO,07/01/2020,09:17:18,13.9,13.35,75,13.85,225,450,106800
NIFTY16JAN2012400CE.NFO,07/01/2020,09:17:20,13.9,13.45,225,13.85,75,450,106800
NIFTY16JAN2012400CE.NFO,07/01/2020,09:17:21,13.9,13.45,75,13.9,975,450,106800
NIFTY16JAN2012400CE.NFO,07/01/2020,09:17:22,13.9,13.45,225,13.85,75,0,106800
NIFTY16JAN2012400CE.NFO,07/01/2020,09:17:23,13.9,13.5,150,13.85,75,0,106800
NIFTY16JAN2012400CE.NFO,07/01/2020,09:17:24,13.9,13.5,300,13.85,75,0,106800
NIFTY16JAN2012400CE.NFO,07/01/2020,09:17:26,13.85,13.65,75,13.9,975,225,106800
NIFTY16JAN2012400CE.NFO,07/01/2020,09:17:28,13.85,13.5,75,13.85,75,0,106800
NIFTY16JAN2012400CE.NFO,07/01/2020,09:17:29,13.85,13.45,75,13.85,75,0,106800
NIFTY16JAN2012400CE.NFO,07/01/2020,09:17:30,13.85,13.3,375,13.75,75,0,106800
NIFTY16JAN2012400CE.NFO,07/01/2020,09:17:31,13.8,13.55,150,13.8,900,150,106800
NIFTY16JAN2012400CE.NFO,07/01/2020,09:17:32,13.8,13.5,225,13.8,900,0,106800
NIFTY16JAN2012400CE.NFO,07/01/2020,09:17:34,13.8,13.5,75,13.75,150,0,106800
NIFTY16JAN2012400CE.NFO,07/01/2020,09:17:36,13.8,13.5,75,13.8,900,0,106800
NIFTY16JAN2012400CE.NFO,07/01/2020,09:17:37,13.45,13.45,375,13.75,75,75,106800
NIFTY16JAN2012400CE.NFO,07/01/2020,09:17:38,13.35,13.35,75,13.75,225,300,106800
NIFTY16JAN2012400CE.NFO,07/01/2020,09:17:39,13.35,13.5,75,13.75,75,0,106800
NIFTY16JAN2012400CE.NFO,07/01/2020,09:17:40,13.45,13.4,150,13.75,75,75,106800
NIFTY16JAN2012400CE.NFO,07/01/2020,09:17:41,13.45,13.35,75,13.75,225,0,106800
NIFTY16JAN2012400CE.NFO,07/01/2020,09:17:42,13.3,13.35,75,13.7,300,375,106800
NIFTY16JAN2012400CE.NFO,07/01/2020,09:17:43,13.3,13.3,75,13.7,300,0,106800
NIFTY16JAN2012400CE.NFO,07/01/2020,09:17:43,13.3,13.05,150,13.7,375,0,106800
NIFTY16JAN2012400CE.NFO,07/01/2020,09:17:45,13.3,13.1,375,13.6,225,0,106800
NIFTY16JAN2012400CE.NFO,07/01/2020,09:17:47,13.3,13.1,225,13.6,225,0,106800
NIFTY16JAN2012400CE.NFO,07/01/2020,09:17:48,13.3,13.1,375,13.6,150,0,106800
NIFTY16JAN2012400CE.NFO,07/01/2020,09:17:51,13.6,13.3,225,13.6,150,75,106800
NIFTY16JAN2012400CE.NFO,07/01/2020,09:17:52,13.6,13.3,225,13.65,150,0,106800
NIFTY16JAN2012400CE.NFO,07/01/2020,09:17:53,13.6,13.3,75,13.65,375,0,106800
NIFTY16JAN2012400CE.NFO,07/01/2020,09:17:54,13.6,13.3,225,13.65,300,0,106800
NIFTY16JAN2012400CE.NFO,07/01/2020,09:17:55,13.6,13.3,300,13.65,300,0,106800
NIFTY16JAN2012400CE.NFO,07/01/2020,09:17:56,13.6,13.3,150,13.65,300,0,106800
NIFTY16JAN2012400CE.NFO,07/01/2020,09:17:57,13.6,13.3,150,13.65,375,0,106800
NIFTY16JAN2012400CE.NFO,07/01/2020,09:17:58,13.6,13.35,75,13.55,150,0,106800
NIFTY16JAN2012400CE.NFO,07/01/2020,09:17:59,13.6,13.3,75,13.55,150,0,106800
NIFTY16JAN2012400CE.NFO,07/01/2020,09:18:00,13.6,13.3,225,13.55,75,0,106800
NIFTY16JAN2012400CE.NFO,07/01/2020,09:18:00,13.6,13.35,75,13.55,150,0,106800
NIFTY16JAN2012400CE.NFO,07/01/2020,09:18:02,13.35,13.3,600,13.55,75,525,106800
NIFTY16JAN2012400CE.NFO,07/01/2020,09:18:03,13.6,13.4,300,13.65,150,225,106800
NIFTY16JAN2012400CE.NFO,07/01/2020,09:18:04,13.6,13.4,300,13.65,150,0,106800
NIFTY16JAN2012400CE.NFO,07/01/2020,09:18:06,13.6,13.4,300,13.7,225,0,106800
NIFTY16JAN2012400CE.NFO,07/01/2020,09:18:07,13.7,13.4,600,13.75,150,225,106800
NIFTY16JAN2012400CE.NFO,07/01/2020,09:18:08,13.7,13.4,600,13.75,150,0,106800
NIFTY16JAN2012400CE.NFO,07/01/2020,09:18:09,13.7,13.4,600,13.75,225,0,106800
NIFTY16JAN2012400CE.NFO,07/01/2020,09:18:10,13.75,13.55,75,13.7,75,75,106800
NIFTY16JAN2012400CE.NFO,07/01/2020,09:18:11,13.75,13.55,75,13.7,75,0,106800
NIFTY16JAN2012400CE.NFO,07/01/2020,09:18:12,13.7,13.55,300,13.8,900,75,106800
NIFTY16JAN2012400CE.NFO,07/01/2020,09:18:13,13.8,13.65,300,13.8,825,75,106800
NIFTY16JAN2012400CE.NFO,07/01/2020,09:18:14,13.9,13.65,525,13.95,150,900,106800
NIFTY16JAN2012400CE.NFO,07/01/2020,09:18:15,13.7,13.65,225,13.85,150,225,106800
NIFTY16JAN2012400CE.NFO,07/01/2020,09:18:17,13.7,13.65,300,13.9,225,0,106800
NIFTY16JAN2012400CE.NFO,07/01/2020,09:18:19,13.9,13.7,225,13.95,225,150,106800
NIFTY16JAN2012400CE.NFO,07/01/2020,09:18:20,13.95,13.7,300,13.95,75,150,106800
NIFTY16JAN2012400CE.NFO,07/01/2020,09:18:21,13.95,13.8,300,14.05,150,0,106800
NIFTY16JAN2012400CE.NFO,07/01/2020,09:18:22,13.95,13.8,150,14,300,0,106800
NIFTY16JAN2012400CE.NFO,07/01/2020,09:18:23,13.95,13.8,150,13.95,75,0,106800
NIFTY16JAN2012400CE.NFO,07/01/2020,09:18:25,14,13.8,150,14,225,150,106800
NIFTY16JAN2012400CE.NFO,07/01/2020,09:18:26,14,13.85,75,14,300,0,106800
NIFTY16JAN2012400CE.NFO,07/01/2020,09:18:27,14,13.75,300,13.95,150,0,106800
NIFTY16JAN2012400CE.NFO,07/01/2020,09:18:29,14,13.8,225,14.05,300,450,106800
NIFTY16JAN2012400CE.NFO,07/01/2020,09:18:30,14,13.8,300,14.05,300,150,106800
NIFTY16JAN2012400CE.NFO,07/01/2020,09:18:31,13.85,13.75,225,13.95,150,150,106800
NIFTY16JAN2012400CE.NFO,07/01/2020,09:18:32,13.85,13.75,225,13.95,150,0,106800
NIFTY16JAN2012400CE.NFO,07/01/2020,09:18:32,13.75,13.65,75,13.85,150,150,106800
NIFTY16JAN2012400CE.NFO,07/01/2020,09:18:34,13.75,13.6,150,13.8,150,0,106800
NIFTY16JAN2012400CE.NFO,07/01/2020,09:18:36,13.75,13.6,150,13.75,150,0,106800
NIFTY16JAN2012400CE.NFO,07/01/2020,09:18:37,13.75,13.6,150,13.7,150,0,106800
NIFTY16JAN2012400CE.NFO,07/01/2020,09:18:38,13.75,13.6,75,13.7,150,0,106800
NIFTY16JAN2012400CE.NFO,07/01/2020,09:18:41,13.75,13.5,75,13.65,75,0,106800
NIFTY16JAN2012400CE.NFO,07/01/2020,09:18:42,13.75,13.45,75,13.65,225,0,106800
NIFTY16JAN2012400CE.NFO,07/01/2020,09:18:42,13.65,13.45,300,13.7,450,150,106800
NIFTY16JAN2012400CE.NFO,07/01/2020,09:18:44,13.85,13.55,150,13.85,300,1350,106800
NIFTY16JAN2012400CE.NFO,07/01/2020,09:18:45,13.7,13.5,150,13.65,225,75,106800
NIFTY16JAN2012400CE.NFO,07/01/2020,09:18:46,13.7,13.4,225,13.6,450,0,106800
NIFTY16JAN2012400CE.NFO,07/01/2020,09:18:47,13.7,13.45,75,13.6,150,0,106800
NIFTY16JAN2012400CE.NFO,07/01/2020,09:18:48,13.6,13.45,75,13.6,150,75,106800
NIFTY16JAN2012400CE.NFO,07/01/2020,09:18:49,13.6,13.35,225,13.55,300,0,106800
NIFTY16JAN2012400CE.NFO,07/01/2020,09:18:50,13.25,13.25,300,13.5,450,150,106800
NIFTY16JAN2012400CE.NFO,07/01/2020,09:18:50,13.25,13.2,225,13.4,150,0,106800
NIFTY16JAN2012400CE.NFO,07/01/2020,09:18:52,13.45,13.2,300,13.4,300,975,106800
NIFTY16JAN2012400CE.NFO,07/01/2020,09:18:53,13.45,13.25,75,13.45,375,0,106800
NIFTY16JAN2012400CE.NFO,07/01/2020,09:18:54,13.45,13.2,75,13.4,150,0,106800
NIFTY16JAN2012400CE.NFO,07/01/2020,09:18:55,13.4,13.2,75,13.45,300,450,106800
NIFTY16JAN2012400CE.NFO,07/01/2020,09:18:56,13.4,13.2,75,13.4,300,0,106800
NIFTY16JAN2012400CE.NFO,07/01/2020,09:18:57,13.4,13.15,75,13.35,225,0,106800
NIFTY16JAN2012400CE.NFO,07/01/2020,09:18:58,13.4,13.15,150,13.35,225,0,106800
NIFTY16JAN2012400CE.NFO,07/01/2020,09:18:59,13.4,13.2,75,13.35,150,0,106800
NIFTY16JAN2012400CE.NFO,07/01/2020,09:19:00,13.15,13.15,225,13.3,225,75,106800
NIFTY16JAN2012400CE.NFO,07/01/2020,09:19:01,13.4,13.2,150,13.45,150,450,106800
NIFTY16JAN2012400CE.NFO,07/01/2020,09:19:02,13.3,13.35,75,13.55,75,75,106800
NIFTY16JAN2012400CE.NFO,07/01/2020,09:19:02,13.3,13.35,150,13.5,75,150,106800
NIFTY16JAN2012400CE.NFO,07/01/2020,09:19:04,13.3,13.3,75,13.45,75,0,106800
NIFTY16JAN2012400CE.NFO,07/01/2020,09:19:05,13.3,13.35,75,13.45,75,0,106800
NIFTY16JAN2012400CE.NFO,07/01/2020,09:19:06,13.3,13.25,75,13.4,75,0,106800
NIFTY16JAN2012400CE.NFO,07/01/2020,09:19:07,13.3,13.3,75,13.5,150,0,106800
NIFTY16JAN2012400CE.NFO,07/01/2020,09:19:07,13.45,13.25,375,13.45,75,75,106800
NIFTY16JAN2012400CE.NFO,07/01/2020,09:19:09,13.35,13.35,150,13.55,75,375,106800
NIFTY16JAN2012400CE.NFO,07/01/2020,09:19:10,13.35,13.35,75,13.55,75,0,106800
NIFTY16JAN2012400CE.NFO,07/01/2020,09:19:11,13.35,13.35,150,13.55,75,0,106800
NIFTY16JAN2012400CE.NFO,07/01/2020,09:19:12,13.35,13.45,75,13.65,150,0,106800
NIFTY16JAN2012400CE.NFO,07/01/2020,09:19:12,13.35,13.4,150,13.65,225,0,106800
NIFTY16JAN2012400CE.NFO,07/01/2020,09:19:14,13.35,13.3,75,13.5,150,0,106800
NIFTY16JAN2012400CE.NFO,07/01/2020,09:19:15,13.45,13.35,525,13.6,75,750,106800
NIFTY16JAN2012400CE.NFO,07/01/2020,09:19:17,13.45,13.35,225,13.55,75,0,106800
NIFTY16JAN2012400CE.NFO,07/01/2020,09:19:18,13.4,13.4,75,13.55,75,300,106800
NIFTY16JAN2012400CE.NFO,07/01/2020,09:19:19,13.8,13.5,300,13.65,150,450,106800
NIFTY16JAN2012400CE.NFO,07/01/2020,09:19:20,13.5,13.55,375,13.8,75,750,106800
NIFTY16JAN2012400CE.NFO,07/01/2020,09:19:21,13,13.15,300,13.8,150,1275,106800
NIFTY16JAN2012400CE.NFO,07/01/2020,09:19:21,13.95,13.55,225,13.75,75,450,106800
NIFTY16JAN2012400CE.NFO,07/01/2020,09:19:23,13.8,13.7,75,13.9,75,75,106800
NIFTY16JAN2012400CE.NFO,07/01/2020,09:19:24,13.65,13.6,300,13.8,75,75,106800
NIFTY16JAN2012400CE.NFO,07/01/2020,09:19:25,14.2,13.7,300,13.95,150,825,106800
NIFTY16JAN2012400CE.NFO,07/01/2020,09:19:26,13.75,13.75,75,14,225,150,106800
NIFTY16JAN2012400CE.NFO,07/01/2020,09:19:27,13.75,13.8,75,14.05,75,0,106800
NIFTY16JAN2012400CE.NFO,07/01/2020,09:19:28,13.75,13.75,375,13.95,150,0,106800
NIFTY16JAN2012400CE.NFO,07/01/2020,09:19:30,14.2,13.75,75,14,150,450,106800
NIFTY16JAN2012400CE.NFO,07/01/2020,09:19:31,13.75,13.75,75,14,150,150,106800
NIFTY16JAN2012400CE.NFO,07/01/2020,09:19:32,13.9,13.65,375,13.9,75,300,106800
NIFTY16JAN2012400CE.NFO,07/01/2020,09:19:32,13.95,13.7,225,14.05,75,450,106800
NIFTY16JAN2012400CE.NFO,07/01/2020,09:19:34,13.65,13.6,300,13.85,375,675,106800
NIFTY16JAN2012400CE.NFO,07/01/2020,09:19:35,13.7,13.6,150,13.85,75,75,106800
NIFTY16JAN2012400CE.NFO,07/01/2020,09:19:36,13.7,13.55,450,13.75,150,0,106800
NIFTY16JAN2012400CE.NFO,07/01/2020,09:19:37,13.7,13.6,225,13.8,75,0,106800
NIFTY16JAN2012400CE.NFO,07/01/2020,09:19:38,13.7,13.65,225,13.85,150,0,106800
NIFTY16JAN2012400CE.NFO,07/01/2020,09:19:40,13.7,13.7,75,13.85,75,0,106800
NIFTY16JAN2012400CE.NFO,07/01/2020,09:19:41,13.7,13.65,300,13.85,150,0,106800
NIFTY16JAN2012400CE.NFO,07/01/2020,09:19:41,13.7,13.75,150,13.9,150,0,106800
NIFTY16JAN2012400CE.NFO,07/01/2020,09:19:43,14.05,13.85,75,14.1,300,825,106800
NIFTY16JAN2012400CE.NFO,07/01/2020,09:19:44,13.8,13.8,600,14.05,150,525,106800
NIFTY16JAN2012400CE.NFO,07/01/2020,09:19:44,13.85,13.8,600,14.05,150,150,106800
NIFTY16JAN2012400CE.NFO,07/01/2020,09:19:45,13.85,13.95,300,14.2,225,0,106800
NIFTY16JAN2012400CE.NFO,07/01/2020,09:19:47,13.95,13.95,150,14.15,75,225,106800
NIFTY16JAN2012400CE.NFO,07/01/2020,09:19:48,13.95,13.9,450,14.15,75,0,106800
NIFTY16JAN2012400CE.NFO,07/01/2020,09:19:49,13.95,13.9,450,14.15,225,0,106800
NIFTY16JAN2012400CE.NFO,07/01/2020,09:19:50,13.95,13.9,225,14.15,300,0,106800
NIFTY16JAN2012400CE.NFO,07/01/2020,09:19:51,13.95,13.85,375,14.1,225,0,106800
NIFTY16JAN2012400CE.NFO,07/01/2020,09:19:52,13.9,13.9,375,14.15,75,75,106800
NIFTY16JAN2012400CE.NFO,07/01/2020,09:19:53,14,14,300,14.2,300,150,106800
NIFTY16JAN2012400CE.NFO,07/01/2020,09:19:53,13.85,13.95,225,14.1,225,150,106800
NIFTY16JAN2012400CE.NFO,07/01/2020,09:19:54,13.85,13.9,600,14.15,150,0,106800
NIFTY16JAN2012400CE.NFO,07/01/2020,09:19:56,13.9,13.9,375,14.1,75,75,106800
NIFTY16JAN2012400CE.NFO,07/01/2020,09:19:57,13.9,13.9,375,14.1,75,0,106800
NIFTY16JAN2012400CE.NFO,07/01/2020,09:19:58,13.95,13.95,525,14.15,150,75,106800
NIFTY16JAN2012400CE.NFO,07/01/2020,09:19:58,13.95,13.95,450,14.15,150,0,106800
NIFTY16JAN2012400CE.NFO,07/01/2020,09:20:00,13.9,13.95,75,14.05,150,375,106800
NIFTY16JAN2012400CE.NFO,07/01/2020,09:20:01,13.9,13.95,75,14.05,150,0,106800
NIFTY16JAN2012400CE.NFO,07/01/2020,09:20:03,13.95,14,150,14.15,75,450,106800
NIFTY16JAN2012400CE.NFO,07/01/2020,09:20:04,13.95,13.95,75,14.1,225,0,106800
NIFTY16JAN2012400CE.NFO,07/01/2020,09:20:06,14.1,14.05,150,14.2,300,450,106800
NIFTY16JAN2012400CE.NFO,07/01/2020,09:20:07,14,13.95,300,14.1,225,1425,106800
NIFTY16JAN2012400CE.NFO,07/01/2020,09:20:08,14,13.9,75,14,150,450,106800
NIFTY16JAN2012400CE.NFO,07/01/2020,09:20:09,14,13.95,225,14.05,150,450,106800
NIFTY16JAN2012400CE.NFO,07/01/2020,09:20:09,14.05,13.95,75,14.05,150,150,104250
NIFTY16JAN2012400CE.NFO,07/01/2020,09:20:11,14.05,13.95,225,14.05,300,150,104250
NIFTY16JAN2012400CE.NFO,07/01/2020,09:20:12,14.05,13.9,75,14.05,300,0,104250
NIFTY16JAN2012400CE.NFO,07/01/2020,09:20:13,14.05,13.9,75,14.05,150,450,104250
NIFTY16JAN2012400CE.NFO,07/01/2020,09:20:14,14.05,13.95,75,14.1,300,150,104250
NIFTY16JAN2012400CE.NFO,07/01/2020,09:20:15,14.05,13.95,150,14.05,75,0,104250
NIFTY16JAN2012400CE.NFO,07/01/2020,09:20:16,14.05,13.95,150,14.1,225,75,104250
NIFTY16JAN2012400CE.NFO,07/01/2020,09:20:17,14.05,14.05,150,14.15,75,0,104250
NIFTY16JAN2012400CE.NFO,07/01/2020,09:20:18,14.05,14,150,14.15,225,0,104250
NIFTY16JAN2012400CE.NFO,07/01/2020,09:20:19,14.05,14.05,150,14.2,1950,0,104250
NIFTY16JAN2012400CE.NFO,07/01/2020,09:20:20,14.2,14.1,150,14.2,1575,150,104250
NIFTY16JAN2012400CE.NFO,07/01/2020,09:20:21,14.15,14,225,14.2,1575,375,104250
NIFTY16JAN2012400CE.NFO,07/01/2020,09:20:22,14,14.05,300,14.15,75,1275,104250
NIFTY16JAN2012400CE.NFO,07/01/2020,09:20:23,14.05,14.05,375,14.2,75,1275,104250
NIFTY16JAN2012400CE.NFO,07/01/2020,09:20:24,14.05,14.05,75,14.2,450,0,104250
NIFTY16JAN2012400CE.NFO,07/01/2020,09:20:25,14.05,14,75,14.15,450,0,104250
NIFTY16JAN2012400CE.NFO,07/01/2020,09:20:26,14.2,14.05,300,14.2,300,75,104250
NIFTY16JAN2012400CE.NFO,07/01/2020,09:20:27,14.15,14.1,450,14.25,300,75,104250
NIFTY16JAN2012400CE.NFO,07/01/2020,09:20:28,14.1,14.1,300,14.3,525,225,104250
NIFTY16JAN2012400CE.NFO,07/01/2020,09:20:30,14.1,14.1,525,14.3,450,150,104250
NIFTY16JAN2012400CE.NFO,07/01/2020,09:20:31,14.3,14.15,225,14.35,450,225,104250
NIFTY16JAN2012400CE.NFO,07/01/2020,09:20:32,14.3,14.15,375,14.35,300,0,104250
NIFTY16JAN2012400CE.NFO,07/01/2020,09:20:33,14.3,14.2,75,14.3,300,0,104250
NIFTY16JAN2012400CE.NFO,07/01/2020,09:20:34,14.15,14.15,150,14.3,300,300,104250
NIFTY16JAN2012400CE.NFO,07/01/2020,09:20:35,14.15,14.15,75,14.3,1875,0,104250
NIFTY16JAN2012400CE.NFO,07/01/2020,09:20:37,14.1,14,150,14.1,150,150,104250
NIFTY16JAN2012400CE.NFO,07/01/2020,09:20:38,14.1,14.1,375,14.25,1350,150,104250
NIFTY16JAN2012400CE.NFO,07/01/2020,09:20:39,14.1,14.1,150,14.25,225,0,104250
NIFTY16JAN2012400CE.NFO,07/01/2020,09:20:40,14.1,14.1,150,14.2,75,0,104250
NIFTY16JAN2012400CE.NFO,07/01/2020,09:20:41,14.15,14.05,75,14.2,600,150,104250
NIFTY16JAN2012400CE.NFO,07/01/2020,09:20:42,14.15,14.05,75,14.2,600,0,104250
NIFTY16JAN2012400CE.NFO,07/01/2020,09:20:43,14.15,14.1,75,14.2,300,0,104250
NIFTY16JAN2012400CE.NFO,07/01/2020,09:20:44,14.2,14.15,150,14.3,2025,75,104250
NIFTY16JAN2012400CE.NFO,07/01/2020,09:20:46,14.2,14.15,75,14.3,2025,0,104250
NIFTY16JAN2012400CE.NFO,07/01/2020,09:20:47,14.2,14.15,75,14.3,2100,0,104250
NIFTY16JAN2012400CE.NFO,07/01/2020,09:20:48,14.2,14.1,300,14.25,75,0,104250
NIFTY16JAN2012400CE.NFO,07/01/2020,09:20:49,14.1,14.15,75,14.3,2175,225,104250
NIFTY16JAN2012400CE.NFO,07/01/2020,09:20:50,14.1,14.1,600,14.25,75,225,104250
NIFTY16JAN2012400CE.NFO,07/01/2020,09:20:51,14.1,14.1,75,14.25,600,0,104250
NIFTY16JAN2012400CE.NFO,07/01/2020,09:20:52,14.1,14.15,525,14.25,75,0,104250
NIFTY16JAN2012400CE.NFO,07/01/2020,09:20:53,14.25,14.2,150,14.3,1950,75,104250
NIFTY16JAN2012400CE.NFO,07/01/2020,09:20:54,14.25,14.2,225,14.3,825,975,104250
NIFTY16JAN2012400CE.NFO,07/01/2020,09:20:55,14.3,14.25,150,14.3,600,150,104250
NIFTY16JAN2012400CE.NFO,07/01/2020,09:20:56,14.3,14.15,450,14.3,150,600,104250
NIFTY16JAN2012400CE.NFO,07/01/2020,09:20:57,14.25,14.2,525,14.35,75,300,104250
NIFTY16JAN2012400CE.NFO,07/01/2020,09:20:58,14.35,14.15,600,14.35,375,75,104250
NIFTY16JAN2012400CE.NFO,07/01/2020,09:20:59,14.35,14.2,75,14.35,375,0,104250
NIFTY16JAN2012400CE.NFO,07/01/2020,09:21:00,14.35,14.1,225,14.3,375,0,104250
NIFTY16JAN2012400CE.NFO,07/01/2020,09:21:01,14.35,14.05,150,14.25,450,0,104250
NIFTY16JAN2012400CE.NFO,07/01/2020,09:21:02,14.35,14,75,14.05,300,0,104250
NIFTY16JAN2012400CE.NFO,07/01/2020,09:21:03,14.35,14,75,14.15,375,0,104250
NIFTY16JAN2012400CE.NFO,07/01/2020,09:21:04,13.95,13.75,300,13.95,375,225,104250
NIFTY16JAN2012400CE.NFO,07/01/2020,09:21:05,13.95,13.8,300,14,825,0,104250
NIFTY16JAN2012400CE.NFO,07/01/2020,09:21:06,13.95,13.85,150,13.95,300,0,104250
NIFTY16JAN2012400CE.NFO,07/01/2020,09:21:07,13.95,13.7,600,13.9,375,0,104250
NIFTY16JAN2012400CE.NFO,07/01/2020,09:21:08,14,13.85,75,14,150,825,104250
NIFTY16JAN2012400CE.NFO,07/01/2020,09:21:09,14.05,14.05,150,14.2,450,75,104250
NIFTY16JAN2012400CE.NFO,07/01/2020,09:21:10,14,14,225,14.2,225,75,104250
NIFTY16JAN2012400CE.NFO,07/01/2020,09:21:11,14.05,14.1,225,14.25,225,75,104250
NIFTY16JAN2012400CE.NFO,07/01/2020,09:21:12,14.25,14.3,375,14.4,75,75,104250
NIFTY16JAN2012400CE.NFO,07/01/2020,09:21:13,14.2,14.25,300,14.4,75,75,104250
NIFTY16JAN2012400CE.NFO,07/01/2020,09:21:14,14.15,14.2,300,14.35,75,150,104250
NIFTY16JAN2012400CE.NFO,07/01/2020,09:21:15,14.2,14.15,375,14.35,225,300,104250
NIFTY16JAN2012400CE.NFO,07/01/2020,09:21:16,14.2,14.15,225,14.3,75,525,104250
NIFTY16JAN2012400CE.NFO,07/01/2020,09:21:17,14.15,14.15,225,14.35,75,75,104250
NIFTY16JAN2012400CE.NFO,07/01/2020,09:21:18,14.15,14.2,150,14.4,300,0,104250
NIFTY16JAN2012400CE.NFO,07/01/2020,09:21:19,14.15,14.15,75,14.3,75,0,104250
NIFTY16JAN2012400CE.NFO,07/01/2020,09:21:20,14.15,14.2,75,14.35,75,0,104250
NIFTY16JAN2012400CE.NFO,07/01/2020,09:21:21,14.15,14.15,450,14.35,300,0,104250
NIFTY16JAN2012400CE.NFO,07/01/2020,09:21:22,14.15,14.05,450,14.25,75,0,104250
NIFTY16JAN2012400CE.NFO,07/01/2020,09:21:23,14.15,13.95,75,14.1,75,0,104250
NIFTY16JAN2012400CE.NFO,07/01/2020,09:21:24,14.15,13.9,225,14.1,225,0,104250
NIFTY16JAN2012400CE.NFO,07/01/2020,09:21:25,14.05,14,150,14.1,225,150,104250
NIFTY16JAN2012400CE.NFO,07/01/2020,09:21:26,14.05,14,150,14.1,75,0,104250
NIFTY16JAN2012400CE.NFO,07/01/2020,09:21:28,14.05,14.1,75,14.15,75,0,104250
NIFTY16JAN2012400CE.NFO,07/01/2020,09:21:29,14.05,14.05,150,14.15,75,0,104250
NIFTY16JAN2012400CE.NFO,07/01/2020,09:21:30,14.05,14,150,14.1,225,0,104250
NIFTY16JAN2012400CE.NFO,07/01/2020,09:21:32,14.05,14,150,14.05,150,0,104250
NIFTY16JAN2012400CE.NFO,07/01/2020,09:21:33,13.95,13.8,150,13.95,75,300,104250
NIFTY16JAN2012400CE.NFO,07/01/2020,09:21:34,13.95,13.9,75,14,75,0,104250
NIFTY16JAN2012400CE.NFO,07/01/2020,09:21:35,13.95,13.95,75,14,75,0,104250
NIFTY16JAN2012400CE.NFO,07/01/2020,09:21:36,13.95,13.9,75,14,300,225,104250
NIFTY16JAN2012400CE.NFO,07/01/2020,09:21:37,13.8,13.8,150,13.9,75,525,104250
NIFTY16JAN2012400CE.NFO,07/01/2020,09:21:38,13.8,13.8,150,13.9,75,0,104250
NIFTY16JAN2012400CE.NFO,07/01/2020,09:21:39,13.9,13.85,225,13.95,75,75,104250
NIFTY16JAN2012400CE.NFO,07/01/2020,09:21:40,13.9,13.9,75,14,225,0,104250
NIFTY16JAN2012400CE.NFO,07/01/2020,09:21:41,13.9,13.9,225,14.05,150,0,104250
NIFTY16JAN2012400CE.NFO,07/01/2020,09:21:42,13.9,13.95,75,14.1,375,0,104250
NIFTY16JAN2012400CE.NFO,07/01/2020,09:21:43,14,14.05,75,14.15,75,300,104250
NIFTY16JAN2012400CE.NFO,07/01/2020,09:21:44,14.1,14,150,14.15,75,150,104250
NIFTY16JAN2012400CE.NFO,07/01/2020,09:21:45,14.1,14,150,14.15,75,0,104250
NIFTY16JAN2012400CE.NFO,07/01/2020,09:21:46,14.1,14.05,75,14.15,75,0,104250
NIFTY16JAN2012400CE.NFO,07/01/2020,09:21:47,14.1,13.95,225,14.15,225,0,104250
NIFTY16JAN2012400CE.NFO,07/01/2020,09:21:48,14.1,14,225,14.15,225,0,104250
NIFTY16JAN2012400CE.NFO,07/01/2020,09:21:49,14.15,14.15,900,14.2,1425,300,104250
NIFTY16JAN2012400CE.NFO,07/01/2020,09:21:50,14.15,14.15,900,14.2,1425,0,104250
NIFTY16JAN2012400CE.NFO,07/01/2020,09:21:51,14.2,14.25,225,14.35,75,1275,104250
NIFTY16JAN2012400CE.NFO,07/01/2020,09:21:52,14.2,14.25,75,14.3,300,0,104250
NIFTY16JAN2012400CE.NFO,07/01/2020,09:21:53,14.2,14.1,225,14.25,300,225,104250
NIFTY16JAN2012400CE.NFO,07/01/2020,09:21:54,14.2,14.15,75,14.3,150,0,104250
NIFTY16JAN2012400CE.NFO,07/01/2020,09:21:55,14.2,14.1,525,14.25,150,0,104250
NIFTY16JAN2012400CE.NFO,07/01/2020,09:21:56,14.2,14.1,225,14.25,375,0,104250
NIFTY16JAN2012400CE.NFO,07/01/2020,09:21:57,14.2,14.15,1650,14.3,150,75,104250
NIFTY16JAN2012400CE.NFO,07/01/2020,09:21:58,14.2,14.2,225,14.3,225,0,104250
NIFTY16JAN2012400CE.NFO,07/01/2020,09:21:59,14.2,14.25,525,14.4,150,0,104250
NIFTY16JAN2012400CE.NFO,07/01/2020,09:22:01,14.3,14.3,75,14.4,150,300,104250
NIFTY16JAN2012400CE.NFO,07/01/2020,09:22:02,14.3,14.3,75,14.4,150,0,104250
NIFTY16JAN2012400CE.NFO,07/01/2020,09:22:03,14.3,14.3,150,14.45,600,0,104250
NIFTY16JAN2012400CE.NFO,07/01/2020,09:22:04,14.3,14.45,450,14.55,150,0,104250
NIFTY16JAN2012400CE.NFO,07/01/2020,09:22:05,14.3,14.5,225,14.6,300,0,104250
NIFTY16JAN2012400CE.NFO,07/01/2020,09:22:06,14.3,14.5,450,14.55,225,0,104250
NIFTY16JAN2012400CE.NFO,07/01/2020,09:22:07,14.6,14.6,375,14.7,75,375,104250
NIFTY16JAN2012400CE.NFO,07/01/2020,09:22:08,14.6,14.55,150,14.6,75,0,104250
NIFTY16JAN2012400CE.NFO,07/01/2020,09:22:09,14.4,14.25,300,14.4,600,675,104250
NIFTY16JAN2012400CE.NFO,07/01/2020,09:22:10,14.35,14.25,150,14.35,150,300,104250
NIFTY16JAN2012400CE.NFO,07/01/2020,09:22:11,14.45,14.35,150,14.45,75,450,104250
NIFTY16JAN2012400CE.NFO,07/01/2020,09:22:12,14.45,14.25,150,14.4,225,525,104250
NIFTY16JAN2012400CE.NFO,07/01/2020,09:22:13,14.45,14.25,75,14.4,375,0,104250
NIFTY16JAN2012400CE.NFO,07/01/2020,09:22:14,14.45,14.25,375,14.45,450,0,104250
NIFTY16JAN2012400CE.NFO,07/01/2020,09:22:15,14.5,14.45,300,14.5,75,150,104250
NIFTY16JAN2012400CE.NFO,07/01/2020,09:22:16,14.45,14.5,300,14.7,150,225,104250
NIFTY16JAN2012400CE.NFO,07/01/2020,09:22:17,14.45,14.6,375,14.8,375,0,104250
NIFTY16JAN2012400CE.NFO,07/01/2020,09:22:18,14.7,14.55,150,14.7,300,150,104250
NIFTY16JAN2012400CE.NFO,07/01/2020,09:22:19,14.7,14.55,75,14.6,375,0,104250
NIFTY16JAN2012400CE.NFO,07/01/2020,09:22:20,14.7,14.55,75,14.7,600,0,104250
NIFTY16JAN2012400CE.NFO,07/01/2020,09:22:21,14.7,14.5,75,14.6,375,0,104250
NIFTY16JAN2012400CE.NFO,07/01/2020,09:22:22,14.7,14.55,225,14.7,150,0,104250
NIFTY16JAN2012400CE.NFO,07/01/2020,09:22:23,14.7,14.55,375,14.7,225,0,104250
NIFTY16JAN2012400CE.NFO,07/01/2020,09:22:24,14.7,14.65,300,14.8,75,375,104250
NIFTY16JAN2012400CE.NFO,07/01/2020,09:22:25,14.65,14.65,600,14.8,225,450,104250
NIFTY16JAN2012400CE.NFO,07/01/2020,09:22:26,14.65,14.7,225,14.8,75,0,104250
NIFTY16JAN2012400CE.NFO,07/01/2020,09:22:27,14.65,14.6,225,14.8,225,0,104250
NIFTY16JAN2012400CE.NFO,07/01/2020,09:22:28,14.65,14.6,225,14.8,450,0,104250
NIFTY16JAN2012400CE.NFO,07/01/2020,09:22:29,14.7,14.55,225,14.7,150,450,104250
NIFTY16JAN2012400CE.NFO,07/01/2020,09:22:30,14.7,14.5,75,14.65,225,0,104250
NIFTY16JAN2012400CE.NFO,07/01/2020,09:22:31,14.7,14.5,75,14.65,300,0,104250
NIFTY16JAN2012400CE.NFO,07/01/2020,09:22:32,14.7,14.5,75,14.65,225,0,104250
NIFTY16JAN2012400CE.NFO,07/01/2020,09:22:33,14.5,14.5,225,14.65,75,225,104250
NIFTY16JAN2012400CE.NFO,07/01/2020,09:22:34,14.5,14.5,525,14.7,300,0,104250
NIFTY16JAN2012400CE.NFO,07/01/2020,09:22:35,14.5,14.55,150,14.7,375,0,104250
NIFTY16JAN2012400CE.NFO,07/01/2020,09:22:36,14.5,14.5,375,14.7,150,0,104250
NIFTY16JAN2012400CE.NFO,07/01/2020,09:22:37,14.6,14.6,225,14.7,75,150,104250
NIFTY16JAN2012400CE.NFO,07/01/2020,09:22:38,14.6,14.5,450,14.65,75,0,104250
NIFTY16JAN2012400CE.NFO,07/01/2020,09:22:39,14.6,14.5,375,14.65,75,0,104250
NIFTY16JAN2012400CE.NFO,07/01/2020,09:22:40,14.6,14.55,75,14.65,75,0,104250
NIFTY16JAN2012400CE.NFO,07/01/2020,09:22:41,14.6,14.5,525,14.65,75,0,104250
NIFTY16JAN2012400CE.NFO,07/01/2020,09:22:42,14.5,14.5,225,14.65,300,75,104250
NIFTY16JAN2012400CE.NFO,07/01/2020,09:22:43,14.5,14.5,225,14.65,225,0,104250
NIFTY16JAN2012400CE.NFO,07/01/2020,09:22:44,14.5,14.4,150,14.5,75,0,104250
NIFTY16JAN2012400CE.NFO,07/01/2020,09:22:45,14.55,14.4,150,14.55,150,225,104250
NIFTY16JAN2012400CE.NFO,07/01/2020,09:22:46,14.55,14.4,450,14.6,2475,1800,104250
NIFTY16JAN2012400CE.NFO,07/01/2020,09:22:47,14.55,14.4,450,14.6,2475,0,104250
NIFTY16JAN2012400CE.NFO,07/01/2020,09:22:48,14.5,14.4,150,14.5,450,450,104250
NIFTY16JAN2012400CE.NFO,07/01/2020,09:22:49,14.5,14.4,225,14.6,3000,0,104250
NIFTY16JAN2012400CE.NFO,07/01/2020,09:22:50,14.5,14.45,525,14.6,2475,0,104250
NIFTY16JAN2012400CE.NFO,07/01/2020,09:22:51,14.5,14.45,600,14.6,2325,0,104250
NIFTY16JAN2012400CE.NFO,07/01/2020,09:22:52,14.5,14.45,600,14.6,2700,0,104250
NIFTY16JAN2012400CE.NFO,07/01/2020,09:22:53,14.5,14.5,525,14.6,2700,0,104250
NIFTY16JAN2012400CE.NFO,07/01/2020,09:22:54,14.5,14.55,525,14.6,2325,0,104250
NIFTY16JAN2012400CE.NFO,07/01/2020,09:22:56,14.5,14.5,525,14.6,2325,0,104250
NIFTY16JAN2012400CE.NFO,07/01/2020,09:22:58,14.5,14.45,600,14.6,2325,0,104250
NIFTY16JAN2012400CE.NFO,07/01/2020,09:22:59,14.6,14.55,75,14.6,2175,150,104250
NIFTY16JAN2012400CE.NFO,07/01/2020,09:23:00,14.6,14.5,600,14.6,2175,0,104250
NIFTY16JAN2012400CE.NFO,07/01/2020,09:23:01,14.6,14.5,525,14.6,1950,225,104250
NIFTY16JAN2012400CE.NFO,07/01/2020,09:23:02,14.6,14.55,450,14.6,1725,300,104250
NIFTY16JAN2012400CE.NFO,07/01/2020,09:23:03,14.6,14.5,525,14.55,75,0,104250
NIFTY16JAN2012400CE.NFO,07/01/2020,09:23:04,14.5,14.45,150,14.6,1725,75,104250
NIFTY16JAN2012400CE.NFO,07/01/2020,09:23:05,14.6,14.5,75,14.6,1425,300,104250
NIFTY16JAN2012400CE.NFO,07/01/2020,09:23:06,14.6,14.45,600,14.6,1425,0,104250
NIFTY16JAN2012400CE.NFO,07/01/2020,09:23:08,14.6,14.45,600,14.6,1275,150,104250
NIFTY16JAN2012400CE.NFO,07/01/2020,09:23:09,14.6,14.4,675,14.6,1725,0,104250
NIFTY16JAN2012400CE.NFO,07/01/2020,09:23:11,14.55,14.4,675,14.6,1725,375,105600
NIFTY16JAN2012400CE.NFO,07/01/2020,09:23:12,14.55,14.4,675,14.55,75,0,105600
NIFTY16JAN2012400CE.NFO,07/01/2020,09:23:13,14.55,14.4,225,14.55,75,0,105600
NIFTY16JAN2012400CE.NFO,07/01/2020,09:23:14,14.55,14.4,150,14.55,525,0,105600
NIFTY16JAN2012400CE.NFO,07/01/2020,09:23:15,14.55,14.4,150,14.5,75,0,105600
NIFTY16JAN2012400CE.NFO,07/01/2020,09:23:16,14.5,14.4,150,14.55,450,150,105600
NIFTY16JAN2012400CE.NFO,07/01/2020,09:23:17,14.5,14.3,75,14.5,150,375,105600
NIFTY16JAN2012400CE.NFO,07/01/2020,09:23:18,14.5,14.35,75,14.55,600,0,105600
NIFTY16JAN2012400CE.NFO,07/01/2020,09:23:19,14.5,14.5,75,14.55,150,0,105600
NIFTY16JAN2012400CE.NFO,07/01/2020,09:23:20,14.5,14.55,600,14.6,1425,0,105600
NIFTY16JAN2012400CE.NFO,07/01/2020,09:23:22,14.6,14.55,1050,14.6,525,750,105600
NIFTY16JAN2012400CE.NFO,07/01/2020,09:23:23,14.6,14.55,600,14.6,525,0,105600
NIFTY16JAN2012400CE.NFO,07/01/2020,09:23:24,14.6,14.65,150,14.7,150,525,105600
NIFTY16JAN2012400CE.NFO,07/01/2020,09:23:25,14.65,14.65,150,14.8,225,150,105600
NIFTY16JAN2012400CE.NFO,07/01/2020,09:23:26,14.65,14.6,300,14.75,225,0,105600
NIFTY16JAN2012400CE.NFO,07/01/2020,09:23:27,14.6,14.7,300,14.75,150,75,105600
NIFTY16JAN2012400CE.NFO,07/01/2020,09:23:28,14.75,14.55,675,14.65,75,1500,105600
NIFTY16JAN2012400CE.NFO,07/01/2020,09:23:29,14.75,14.6,600,14.7,225,0,105600
NIFTY16JAN2012400CE.NFO,07/01/2020,09:23:30,14.75,14.6,675,14.75,150,0,105600
NIFTY16JAN2012400CE.NFO,07/01/2020,09:23:31,14.75,14.7,150,14.8,150,0,105600
NIFTY16JAN2012400CE.NFO,07/01/2020,09:23:32,14.7,14.75,150,14.85,75,150,105600
NIFTY16JAN2012400CE.NFO,07/01/2020,09:23:33,14.75,14.7,675,14.85,525,150,105600
NIFTY16JAN2012400CE.NFO,07/01/2020,09:23:34,14.8,14.7,300,14.8,225,75,105600
NIFTY16JAN2012400CE.NFO,07/01/2020,09:23:35,14.7,14.65,375,14.75,375,150,105600
NIFTY16JAN2012400CE.NFO,07/01/2020,09:23:36,14.7,14.7,525,14.8,225,0,105600
NIFTY16JAN2012400CE.NFO,07/01/2020,09:23:38,14.7,14.65,750,14.75,525,0,105600
NIFTY16JAN2012400CE.NFO,07/01/2020,09:23:39,14.65,14.6,450,14.7,225,300,105600
NIFTY16JAN2012400CE.NFO,07/01/2020,09:23:40,14.65,14.6,300,14.7,450,0,105600
NIFTY16JAN2012400CE.NFO,07/01/2020,09:23:41,14.65,14.6,225,14.7,375,0,105600
NIFTY16JAN2012400CE.NFO,07/01/2020,09:23:43,14.65,14.6,225,14.65,225,0,105600
NIFTY16JAN2012400CE.NFO,07/01/2020,09:23:46,14.65,14.6,675,14.7,225,0,105600
NIFTY16JAN2012400CE.NFO,07/01/2020,09:23:47,14.65,14.6,225,14.7,300,0,105600
NIFTY16JAN2012400CE.NFO,07/01/2020,09:23:48,14.65,14.6,675,14.7,225,0,105600
NIFTY16JAN2012400CE.NFO,07/01/2020,09:23:49,14.65,14.7,225,14.75,300,0,105600
NIFTY16JAN2012400CE.NFO,07/01/2020,09:23:50,14.65,14.65,300,14.75,675,300,105600
NIFTY16JAN2012400CE.NFO,07/01/2020,09:23:51,14.65,14.7,75,14.75,525,0,105600
NIFTY16JAN2012400CE.NFO,07/01/2020,09:23:52,14.65,14.7,150,14.75,525,0,105600
NIFTY16JAN2012400CE.NFO,07/01/2020,09:23:53,14.75,14.8,75,14.9,375,300,105600
NIFTY16JAN2012400CE.NFO,07/01/2020,09:23:54,14.85,14.8,75,14.9,300,675,105600
NIFTY16JAN2012400CE.NFO,07/01/2020,09:23:55,14.85,14.8,450,14.95,300,375,105600
NIFTY16JAN2012400CE.NFO,07/01/2020,09:23:56,14.85,14.85,300,14.95,300,375,105600
NIFTY16JAN2012400CE.NFO,07/01/2020,09:23:57,14.85,14.85,450,14.95,300,1725,105600
NIFTY16JAN2012400CE.NFO,07/01/2020,09:23:58,14.9,14.9,225,15,225,150,105600
NIFTY16JAN2012400CE.NFO,07/01/2020,09:23:59,14.9,14.85,375,15,600,0,105600
NIFTY16JAN2012400CE.NFO,07/01/2020,09:24:00,14.9,14.85,525,14.95,225,0,105600
NIFTY16JAN2012400CE.NFO,07/01/2020,09:24:01,14.9,14.85,225,14.95,300,0,105600
NIFTY16JAN2012400CE.NFO,07/01/2020,09:24:02,14.9,14.85,450,15,600,0,105600
NIFTY16JAN2012400CE.NFO,07/01/2020,09:24:03,14.9,14.85,225,15,600,0,105600
NIFTY16JAN2012400CE.NFO,07/01/2020,09:24:04,14.8,14.7,150,14.85,525,225,105600
NIFTY16JAN2012400CE.NFO,07/01/2020,09:24:05,14.8,14.7,75,14.85,525,0,105600
NIFTY16JAN2012400CE.NFO,07/01/2020,09:24:06,14.8,14.75,300,14.9,825,0,105600
NIFTY16JAN2012400CE.NFO,07/01/2020,09:24:07,14.8,14.75,375,14.95,375,0,105600
NIFTY16JAN2012400CE.NFO,07/01/2020,09:24:08,14.85,14.85,75,14.95,375,150,105600
NIFTY16JAN2012400CE.NFO,07/01/2020,09:24:09,14.85,14.7,450,14.9,375,150,105600
NIFTY16JAN2012400CE.NFO,07/01/2020,09:24:10,14.85,14.7,375,14.9,525,0,105600
NIFTY16JAN2012400CE.NFO,07/01/2020,09:24:11,14.85,14.7,150,14.85,75,1800,105600
NIFTY16JAN2012400CE.NFO,07/01/2020,09:24:12,14.8,14.7,75,14.8,75,75,105600
NIFTY16JAN2012400CE.NFO,07/01/2020,09:24:13,14.8,14.7,75,14.8,225,0,105600
NIFTY16JAN2012400CE.NFO,07/01/2020,09:24:14,14.8,14.7,75,14.85,450,0,105600
NIFTY16JAN2012400CE.NFO,07/01/2020,09:24:16,14.8,14.7,300,14.9,900,0,105600
NIFTY16JAN2012400CE.NFO,07/01/2020,09:24:18,14.8,14.7,75,14.85,75,0,105600
NIFTY16JAN2012400CE.NFO,07/01/2020,09:24:19,14.8,14.7,75,14.8,75,0,105600
NIFTY16JAN2012400CE.NFO,07/01/2020,09:24:20,14.85,14.65,225,14.8,75,150,105600
NIFTY16JAN2012400CE.NFO,07/01/2020,09:24:22,14.8,14.75,225,14.85,225,225,105600
NIFTY16JAN2012400CE.NFO,07/01/2020,09:24:23,14.8,14.75,75,14.85,225,0,105600
NIFTY16JAN2012400CE.NFO,07/01/2020,09:24:24,14.8,14.7,375,14.85,225,75,105600
NIFTY16JAN2012400CE.NFO,07/01/2020,09:24:25,14.8,14.7,225,14.85,225,75,105600
NIFTY16JAN2012400CE.NFO,07/01/2020,09:24:27,14.7,14.6,525,14.7,1125,150,105600
NIFTY16JAN2012400CE.NFO,07/01/2020,09:24:28,14.7,14.6,525,14.7,1050,75,105600
NIFTY16JAN2012400CE.NFO,07/01/2020,09:24:29,14.7,14.6,675,14.7,900,150,105600
NIFTY16JAN2012400CE.NFO,07/01/2020,09:24:30,14.7,14.6,375,14.7,900,0,105600
NIFTY16JAN2012400CE.NFO,07/01/2020,09:24:31,14.65,14.6,675,14.65,150,75,105600
NIFTY16JAN2012400CE.NFO,07/01/2020,09:24:32,14.65,14.6,375,14.65,75,75,105600
NIFTY16JAN2012400CE.NFO,07/01/2020,09:24:33,14.65,14.6,75,14.65,75,225,105600
NIFTY16JAN2012400CE.NFO,07/01/2020,09:24:34,14.6,14.6,150,14.7,750,750,105600
NIFTY16JAN2012400CE.NFO,07/01/2020,09:24:35,14.6,14.6,675,14.7,750,75,105600
NIFTY16JAN2012400CE.NFO,07/01/2020,09:24:36,14.6,14.6,150,14.7,750,75,105600
NIFTY16JAN2012400CE.NFO,07/01/2020,09:24:37,14.6,14.6,450,14.7,750,150,105600
NIFTY16JAN2012400CE.NFO,07/01/2020,09:24:38,14.6,14.6,450,14.7,750,150,105600
NIFTY16JAN2012400CE.NFO,07/01/2020,09:24:39,14.6,14.6,150,14.7,750,0,105600
NIFTY16JAN2012400CE.NFO,07/01/2020,09:24:40,14.6,14.6,75,14.7,750,0,105600
NIFTY16JAN2012400CE.NFO,07/01/2020,09:24:41,14.6,14.6,450,14.7,750,0,105600
NIFTY16JAN2012400CE.NFO,07/01/2020,09:24:42,14.6,14.65,150,14.7,750,0,105600
NIFTY16JAN2012400CE.NFO,07/01/2020,09:24:44,14.6,14.6,300,14.7,750,0,105600
NIFTY16JAN2012400CE.NFO,07/01/2020,09:24:45,14.6,14.6,75,14.7,1350,0,105600
NIFTY16JAN2012400CE.NFO,07/01/2020,09:24:46,14.6,14.6,150,14.7,975,0,105600
NIFTY16JAN2012400CE.NFO,07/01/2020,09:24:47,14.6,14.6,225,14.7,975,0,105600
NIFTY16JAN2012400CE.NFO,07/01/2020,09:24:48,14.7,14.6,600,14.7,525,225,105600
NIFTY16JAN2012400CE.NFO,07/01/2020,09:24:49,14.7,14.6,600,14.7,525,0,105600
NIFTY16JAN2012400CE.NFO,07/01/2020,09:24:50,14.7,14.65,525,14.7,525,0,105600
NIFTY16JAN2012400CE.NFO,07/01/2020,09:24:52,14.7,14.65,75,14.7,1125,0,105600
NIFTY16JAN2012400CE.NFO,07/01/2020,09:24:53,14.65,14.6,825,14.7,1725,150,105600
NIFTY16JAN2012400CE.NFO,07/01/2020,09:24:54,14.65,14.6,1500,14.7,600,0,105600
NIFTY16JAN2012400CE.NFO,07/01/2020,09:24:57,14.65,14.65,675,14.7,600,0,105600
NIFTY16JAN2012400CE.NFO,07/01/2020,09:24:59,14.65,14.6,1425,14.7,600,0,105600
NIFTY16JAN2012400CE.NFO,07/01/2020,09:25:00,14.7,14.7,225,14.8,525,600,105600
NIFTY16JAN2012400CE.NFO,07/01/2020,09:25:01,14.8,14.8,675,14.9,75,300,105600
NIFTY16JAN2012400CE.NFO,07/01/2020,09:25:02,14.8,14.8,600,14.95,825,150,105600
NIFTY16JAN2012400CE.NFO,07/01/2020,09:25:03,14.9,14.85,675,14.95,75,150,105600
NIFTY16JAN2012400CE.NFO,07/01/2020,09:25:04,14.85,14.85,600,15,450,1050,105600
NIFTY16JAN2012400CE.NFO,07/01/2020,09:25:05,14.9,14.9,450,15,75,600,105600
NIFTY16JAN2012400CE.NFO,07/01/2020,09:25:06,14.9,14.9,525,15,75,150,105600
NIFTY16JAN2012400CE.NFO,07/01/2020,09:25:07,14.9,14.9,75,15,75,0,105600
NIFTY16JAN2012400CE.NFO,07/01/2020,09:25:08,14.9,14.9,525,15,75,0,105600
NIFTY16JAN2012400CE.NFO,07/01/2020,09:25:09,14.9,14.75,75,15,300,150,105600
NIFTY16JAN2012400CE.NFO,07/01/2020,09:25:10,14.9,14.85,75,15,525,0,105600
NIFTY16JAN2012400CE.NFO,07/01/2020,09:25:11,14.85,14.8,75,14.9,75,75,105600
NIFTY16JAN2012400CE.NFO,07/01/2020,09:25:12,14.85,14.8,150,14.95,300,0,105600
NIFTY16JAN2012400CE.NFO,07/01/2020,09:25:13,14.9,14.8,75,14.95,750,75,105600
NIFTY16JAN2012400CE.NFO,07/01/2020,09:25:14,14.8,14.8,75,14.9,150,75,105600
NIFTY16JAN2012400CE.NFO,07/01/2020,09:25:15,14.8,14.75,900,14.9,150,0,105600
NIFTY16JAN2012400CE.NFO,07/01/2020,09:25:17,14.8,14.75,450,14.85,75,0,105600
NIFTY16JAN2012400CE.NFO,07/01/2020,09:25:18,14.8,14.75,825,14.85,75,0,105600
NIFTY16JAN2012400CE.NFO,07/01/2020,09:25:19,14.8,14.75,525,14.85,225,0,105600
NIFTY16JAN2012400CE.NFO,07/01/2020,09:25:20,14.8,14.75,450,14.85,225,0,105600
NIFTY16JAN2012400CE.NFO,07/01/2020,09:25:21,14.8,14.75,525,14.85,225,0,105600
NIFTY16JAN2012400CE.NFO,07/01/2020,09:25:22,14.8,14.7,150,14.85,375,0,105600
NIFTY16JAN2012400CE.NFO,07/01/2020,09:25:23,14.8,14.85,75,14.95,525,0,105600
NIFTY16JAN2012400CE.NFO,07/01/2020,09:25:24,14.8,14.8,75,14.9,300,0,105600
NIFTY16JAN2012400CE.NFO,07/01/2020,09:25:25,14.8,14.75,75,14.9,375,0,105600
NIFTY16JAN2012400CE.NFO,07/01/2020,09:25:26,14.8,14.75,75,14.85,225,0,105600
NIFTY16JAN2012400CE.NFO,07/01/2020,09:25:27,14.8,14.75,225,14.9,600,0,105600
NIFTY16JAN2012400CE.NFO,07/01/2020,09:25:28,14.8,14.75,525,14.85,225,0,105600
NIFTY16JAN2012400CE.NFO,07/01/2020,09:25:29,14.8,14.75,225,14.85,225,0,105600
NIFTY16JAN2012400CE.NFO,07/01/2020,09:25:30,14.8,14.75,525,14.85,225,0,105600
NIFTY16JAN2012400CE.NFO,07/01/2020,09:25:31,14.8,14.75,225,14.85,300,0,105600
NIFTY16JAN2012400CE.NFO,07/01/2020,09:25:32,14.8,14.75,75,14.85,300,0,105600
NIFTY16JAN2012400CE.NFO,07/01/2020,09:25:34,14.9,14.75,225,14.9,375,450,105600
NIFTY16JAN2012400CE.NFO,07/01/2020,09:25:35,14.9,14.75,300,14.9,675,0,105600
NIFTY16JAN2012400CE.NFO,07/01/2020,09:25:37,14.9,14.75,675,14.9,225,0,105600
NIFTY16JAN2012400CE.NFO,07/01/2020,09:25:38,14.9,14.75,300,14.85,75,75,105600
NIFTY16JAN2012400CE.NFO,07/01/2020,09:25:39,14.9,14.75,525,14.9,225,0,105600
NIFTY16JAN2012400CE.NFO,07/01/2020,09:25:40,14.9,14.75,450,14.9,75,0,105600
NIFTY16JAN2012400CE.NFO,07/01/2020,09:25:41,14.9,14.75,450,14.9,225,0,105600
NIFTY16JAN2012400CE.NFO,07/01/2020,09:25:42,14.85,14.85,150,14.95,75,450,105600
NIFTY16JAN2012400CE.NFO,07/01/2020,09:25:43,14.85,14.8,300,14.9,525,150,105600
NIFTY16JAN2012400CE.NFO,07/01/2020,09:25:44,14.75,14.75,525,14.85,300,2475,105600
NIFTY16JAN2012400CE.NFO,07/01/2020,09:25:45,14.75,14.75,375,14.85,525,0,105600
NIFTY16JAN2012400CE.NFO,07/01/2020,09:25:46,14.9,14.8,225,14.85,225,900,105600
NIFTY16JAN2012400CE.NFO,07/01/2020,09:25:47,14.9,14.8,225,14.85,225,0,105600
NIFTY16JAN2012400CE.NFO,07/01/2020,09:25:48,14.9,14.85,825,14.9,600,225,105600
NIFTY16JAN2012400CE.NFO,07/01/2020,09:25:49,14.9,14.85,750,14.9,600,0,105600
NIFTY16JAN2012400CE.NFO,07/01/2020,09:25:50,14.9,14.85,375,14.9,600,0,105600
NIFTY16JAN2012400CE.NFO,07/01/2020,09:25:51,14.75,14.65,600,14.8,225,2325,105600
NIFTY16JAN2012400CE.NFO,07/01/2020,09:25:52,14.8,14.65,675,14.8,225,225,105600
NIFTY16JAN2012400CE.NFO,07/01/2020,09:25:53,14.65,14.75,150,14.8,525,675,105600
NIFTY16JAN2012400CE.NFO,07/01/2020,09:25:54,14.75,14.75,225,14.85,150,150,105600
NIFTY16JAN2012400CE.NFO,07/01/2020,09:25:55,14.75,14.75,75,14.85,525,0,105600
NIFTY16JAN2012400CE.NFO,07/01/2020,09:25:56,14.75,14.7,150,14.85,900,0,105600
NIFTY16JAN2012400CE.NFO,07/01/2020,09:25:57,14.75,14.75,825,14.85,525,0,105600
NIFTY16JAN2012400CE.NFO,07/01/2020,09:25:58,14.75,14.75,750,14.85,750,0,105600
NIFTY16JAN2012400CE.NFO,07/01/2020,09:25:59,14.75,14.75,750,14.8,375,0,105600
NIFTY16JAN2012400CE.NFO,07/01/2020,09:26:00,14.8,14.75,675,14.8,525,1950,105600
NIFTY16JAN2012400CE.NFO,07/01/2020,09:26:01,14.75,14.65,75,14.75,75,1275,105600
NIFTY16JAN2012400CE.NFO,07/01/2020,09:26:02,14.75,14.6,375,14.7,75,0,105600
NIFTY16JAN2012400CE.NFO,07/01/2020,09:26:04,14.75,14.6,75,14.75,1050,0,105600
NIFTY16JAN2012400CE.NFO,07/01/2020,09:26:05,14.75,14.6,75,14.7,75,0,105600
NIFTY16JAN2012400CE.NFO,07/01/2020,09:26:06,14.75,14.65,300,14.75,150,0,105600
NIFTY16JAN2012400CE.NFO,07/01/2020,09:26:07,14.75,14.6,450,14.75,450,0,105600
NIFTY16JAN2012400CE.NFO,07/01/2020,09:26:08,14.75,14.6,375,14.75,150,0,105600
NIFTY16JAN2012400CE.NFO,07/01/2020,09:26:09,14.7,14.65,75,14.75,75,225,105600
NIFTY16JAN2012400CE.NFO,07/01/2020,09:26:10,14.7,14.55,450,14.7,300,0,105600
NIFTY16JAN2012400CE.NFO,07/01/2020,09:26:11,14.7,14.65,75,14.75,300,0,105600
NIFTY16JAN2012400CE.NFO,07/01/2020,09:26:13,14.7,14.6,150,14.75,300,0,105600
NIFTY16JAN2012400CE.NFO,07/01/2020,09:26:14,14.7,14.65,75,14.75,300,0,105600
NIFTY16JAN2012400CE.NFO,07/01/2020,09:26:15,14.7,14.65,75,14.75,375,0,105600
NIFTY16JAN2012400CE.NFO,07/01/2020,09:26:16,14.55,14.55,150,14.65,375,2475,113100
NIFTY16JAN2012400CE.NFO,07/01/2020,09:26:17,14.55,14.55,75,14.65,375,0,113100
NIFTY16JAN2012400CE.NFO,07/01/2020,09:26:18,14.55,14.5,450,14.65,375,0,113100
NIFTY16JAN2012400CE.NFO,07/01/2020,09:26:19,14.55,14.5,225,14.65,375,0,113100
NIFTY16JAN2012400CE.NFO,07/01/2020,09:26:20,14.55,14.5,450,14.65,375,0,113100
NIFTY16JAN2012400CE.NFO,07/01/2020,09:26:21,14.5,14.5,375,14.65,300,450,113100
NIFTY16JAN2012400CE.NFO,07/01/2020,09:26:22,14.5,14.5,150,14.6,75,0,113100
NIFTY16JAN2012400CE.NFO,07/01/2020,09:26:23,14.5,14.5,75,14.6,75,0,113100
NIFTY16JAN2012400CE.NFO,07/01/2020,09:26:24,14.55,14.55,75,14.6,75,75,113100
NIFTY16JAN2012400CE.NFO,07/01/2020,09:26:25,14.55,14.55,150,14.65,75,0,113100
NIFTY16JAN2012400CE.NFO,07/01/2020,09:26:26,14.45,14.55,150,14.6,225,675,113100
NIFTY16JAN2012400CE.NFO,07/01/2020,09:26:27,14.6,14.55,225,14.65,75,150,113100
NIFTY16JAN2012400CE.NFO,07/01/2020,09:26:28,14.6,14.5,225,14.65,375,0,113100
NIFTY16JAN2012400CE.NFO,07/01/2020,09:26:29,14.65,14.6,375,14.7,75,600,113100
NIFTY16JAN2012400CE.NFO,07/01/2020,09:26:30,14.6,14.6,300,14.7,75,450,113100
NIFTY16JAN2012400CE.NFO,07/01/2020,09:26:31,14.7,14.65,225,14.75,75,450,113100
NIFTY16JAN2012400CE.NFO,07/01/2020,09:26:32,14.7,14.65,300,14.75,150,300,113100
NIFTY16JAN2012400CE.NFO,07/01/2020,09:26:33,14.7,14.65,300,14.75,75,0,113100
NIFTY16JAN2012400CE.NFO,07/01/2020,09:26:34,14.7,14.65,75,14.75,75,0,113100
NIFTY16JAN2012400CE.NFO,07/01/2020,09:26:35,14.7,14.6,675,14.75,75,0,113100
NIFTY16JAN2012400CE.NFO,07/01/2020,09:26:36,14.7,14.5,375,14.65,375,0,113100
NIFTY16JAN2012400CE.NFO,07/01/2020,09:26:38,14.7,14.35,375,14.5,225,0,113100
NIFTY16JAN2012400CE.NFO,07/01/2020,09:26:39,14.7,14.35,375,14.5,300,0,113100
NIFTY16JAN2012400CE.NFO,07/01/2020,09:26:40,14.7,14.3,150,14.4,75,0,113100
NIFTY16JAN2012400CE.NFO,07/01/2020,09:26:41,14.7,14.3,225,14.4,75,0,113100
NIFTY16JAN2012400CE.NFO,07/01/2020,09:26:42,14.4,14.3,75,14.4,75,75,113100
NIFTY16JAN2012400CE.NFO,07/01/2020,09:26:43,14.4,14.35,150,14.45,75,0,113100
NIFTY16JAN2012400CE.NFO,07/01/2020,09:26:44,14.45,14.4,150,14.5,75,75,113100
NIFTY16JAN2012400CE.NFO,07/01/2020,09:26:45,14.4,14.4,75,14.5,300,1200,113100
NIFTY16JAN2012400CE.NFO,07/01/2020,09:26:46,14.5,14.4,225,14.5,75,75,113100
NIFTY16JAN2012400CE.NFO,07/01/2020,09:26:47,14.5,14.35,525,14.5,375,0,113100
NIFTY16JAN2012400CE.NFO,07/01/2020,09:26:48,14.5,14.4,75,14.5,300,0,113100
NIFTY16JAN2012400CE.NFO,07/01/2020,09:26:50,14.5,14.35,300,14.5,675,0,113100
NIFTY16JAN2012400CE.NFO,07/01/2020,09:26:51,14.5,14.4,300,14.5,225,750,113100
NIFTY16JAN2012400CE.NFO,07/01/2020,09:26:52,14.5,14.4,300,14.5,300,0,113100
NIFTY16JAN2012400CE.NFO,07/01/2020,09:26:53,14.45,14.35,75,14.45,75,75,113100
NIFTY16JAN2012400CE.NFO,07/01/2020,09:26:54,14.5,14.45,75,14.55,150,75,113100
NIFTY16JAN2012400CE.NFO,07/01/2020,09:26:55,14.5,14.4,150,14.55,225,0,113100
NIFTY16JAN2012400CE.NFO,07/01/2020,09:26:56,14.4,14.45,75,14.55,75,75,113100
NIFTY16JAN2012400CE.NFO,07/01/2020,09:26:57,14.4,14.4,75,14.5,75,0,113100
NIFTY16JAN2012400CE.NFO,07/01/2020,09:26:58,14.4,14.35,450,14.5,375,75,113100
NIFTY16JAN2012400CE.NFO,07/01/2020,09:26:59,14.4,14.35,75,14.45,75,0,113100
NIFTY16JAN2012400CE.NFO,07/01/2020,09:27:00,14.4,14.25,225,14.4,225,150,113100
NIFTY16JAN2012400CE.NFO,07/01/2020,09:27:01,14.4,14.25,225,14.4,225,0,113100
NIFTY16JAN2012400CE.NFO,07/01/2020,09:27:02,14.4,14.3,150,14.4,75,0,113100
NIFTY16JAN2012400CE.NFO,07/01/2020,09:27:03,14.4,14.3,150,14.45,375,0,113100
NIFTY16JAN2012400CE.NFO,07/01/2020,09:27:04,14.4,14.25,225,14.4,600,0,113100
NIFTY16JAN2012400CE.NFO,07/01/2020,09:27:05,14.4,14.25,150,14.4,600,0,113100
NIFTY16JAN2012400CE.NFO,07/01/2020,09:27:06,14.4,14.25,450,14.4,150,0,113100
NIFTY16JAN2012400CE.NFO,07/01/2020,09:27:08,14.4,14.25,450,14.4,75,0,113100
NIFTY16JAN2012400CE.NFO,07/01/2020,09:27:09,14.3,14.3,75,14.4,450,75,113100
NIFTY16JAN2012400CE.NFO,07/01/2020,09:27:10,14.3,14.3,150,14.4,75,0,113100
NIFTY16JAN2012400CE.NFO,07/01/2020,09:27:11,14.3,14.3,150,14.4,150,0,113100
NIFTY16JAN2012400CE.NFO,07/01/2020,09:27:13,14.3,14.35,75,14.45,75,0,113100
NIFTY16JAN2012400CE.NFO,07/01/2020,09:27:16,14.3,14.3,75,14.4,75,0,113100
NIFTY16JAN2012400CE.NFO,07/01/2020,09:27:18,14.3,14.3,75,14.4,300,0,113100
NIFTY16JAN2012400CE.NFO,07/01/2020,09:27:19,14.3,14.25,75,14.35,75,0,113100
NIFTY16JAN2012400CE.NFO,07/01/2020,09:27:20,14.3,14.3,75,14.4,375,0,113100
NIFTY16JAN2012400CE.NFO,07/01/2020,09:27:21,14.3,14.3,150,14.4,150,0,113100
NIFTY16JAN2012400CE.NFO,07/01/2020,09:27:22,14.3,14.35,75,14.4,300,0,113100
NIFTY16JAN2012400CE.NFO,07/01/2020,09:27:23,14.4,14.35,150,14.5,375,75,113100
NIFTY16JAN2012400CE.NFO,07/01/2020,09:27:24,14.4,14.35,150,14.5,375,0,113100
NIFTY16JAN2012400CE.NFO,07/01/2020,09:27:25,14.4,14.35,600,14.5,150,0,113100
NIFTY16JAN2012400CE.NFO,07/01/2020,09:27:26,14.4,14.3,600,14.4,75,0,113100
NIFTY16JAN2012400CE.NFO,07/01/2020,09:27:27,14.35,14.3,225,14.4,375,150,113100
NIFTY16JAN2012400CE.NFO,07/01/2020,09:27:28,14.35,14.3,375,14.4,150,0,113100
NIFTY16JAN2012400CE.NFO,07/01/2020,09:27:29,14.35,14.3,150,14.35,75,0,113100
NIFTY16JAN2012400CE.NFO,07/01/2020,09:27:30,14.3,14.25,150,14.35,600,150,113100
NIFTY16JAN2012400CE.NFO,07/01/2020,09:27:31,14.3,14.25,225,14.35,225,0,113100
NIFTY16JAN2012400CE.NFO,07/01/2020,09:27:32,14.3,14.25,225,14.35,675,0,113100
NIFTY16JAN2012400CE.NFO,07/01/2020,09:27:33,14.3,14.25,225,14.35,225,0,113100
NIFTY16JAN2012400CE.NFO,07/01/2020,09:27:34,14.3,14.25,225,14.3,75,0,113100
NIFTY16JAN2012400CE.NFO,07/01/2020,09:27:35,14.3,14.15,225,14.25,150,0,113100
NIFTY16JAN2012400CE.NFO,07/01/2020,09:27:36,14.3,14.15,450,14.25,150,0,113100
NIFTY16JAN2012400CE.NFO,07/01/2020,09:27:37,14.3,14.25,225,14.4,450,0,113100
NIFTY16JAN2012400CE.NFO,07/01/2020,09:27:38,14.3,14.25,225,14.4,300,0,113100
NIFTY16JAN2012400CE.NFO,07/01/2020,09:27:39,14.35,14.25,75,14.3,75,375,113100
NIFTY16JAN2012400CE.NFO,07/01/2020,09:27:40,14.35,14.25,225,14.35,150,0,113100
NIFTY16JAN2012400CE.NFO,07/01/2020,09:27:41,14.35,14.25,225,14.35,75,0,113100
NIFTY16JAN2012400CE.NFO,07/01/2020,09:27:42,14.35,14.25,225,14.35,225,0,113100
NIFTY16JAN2012400CE.NFO,07/01/2020,09:27:43,14.25,14.2,225,14.25,75,1125,113100
NIFTY16JAN2012400CE.NFO,07/01/2020,09:27:44,14.25,14.2,375,14.3,150,0,113100
NIFTY16JAN2012400CE.NFO,07/01/2020,09:27:45,14.3,14.2,150,14.3,525,900,113100
NIFTY16JAN2012400CE.NFO,07/01/2020,09:27:46,14.25,14.15,225,14.25,75,450,113100
NIFTY16JAN2012400CE.NFO,07/01/2020,09:27:47,14.25,14.15,225,14.25,75,0,113100
NIFTY16JAN2012400CE.NFO,07/01/2020,09:27:48,14.2,14.1,225,14.2,900,300,113100
NIFTY16JAN2012400CE.NFO,07/01/2020,09:27:49,14.2,14.15,450,14.2,900,0,113100
NIFTY16JAN2012400CE.NFO,07/01/2020,09:27:50,14.2,14.25,300,14.4,375,900,113100
NIFTY16JAN2012400CE.NFO,07/01/2020,09:27:51,14.2,14.25,300,14.4,300,0,113100
NIFTY16JAN2012400CE.NFO,07/01/2020,09:27:52,14.25,14.25,450,14.35,75,150,113100
NIFTY16JAN2012400CE.NFO,07/01/2020,09:27:53,14.25,14.3,75,14.35,75,0,113100
NIFTY16JAN2012400CE.NFO,07/01/2020,09:27:54,14.3,14.3,75,14.35,75,75,113100
NIFTY16JAN2012400CE.NFO,07/01/2020,09:27:55,14.35,14.3,75,14.4,300,75,113100
NIFTY16JAN2012400CE.NFO,07/01/2020,09:27:56,14.35,14.25,225,14.35,150,0,113100
NIFTY16JAN2012400CE.NFO,07/01/2020,09:27:58,14.35,14.25,225,14.35,300,0,113100
NIFTY16JAN2012400CE.NFO,07/01/2020,09:27:59,14.35,14.2,75,14.25,150,0,113100
NIFTY16JAN2012400CE.NFO,07/01/2020,09:28:00,14.05,14.05,2175,14.1,300,900,113100
NIFTY16JAN2012400CE.NFO,07/01/2020,09:28:01,14,14.05,75,14.1,75,3150,113100
NIFTY16JAN2012400CE.NFO,07/01/2020,09:28:02,14,14.15,600,14.25,150,0,113100
NIFTY16JAN2012400CE.NFO,07/01/2020,09:28:03,14,14.15,300,14.25,225,0,113100
NIFTY16JAN2012400CE.NFO,07/01/2020,09:28:04,14.2,14.15,75,14.2,300,225,113100
NIFTY16JAN2012400CE.NFO,07/01/2020,09:28:05,14.2,14.1,375,14.2,75,300,113100
NIFTY16JAN2012400CE.NFO,07/01/2020,09:28:06,14.2,14.05,75,14.15,225,450,113100
NIFTY16JAN2012400CE.NFO,07/01/2020,09:28:07,14.1,14,75,14.1,225,225,113100
NIFTY16JAN2012400CE.NFO,07/01/2020,09:28:08,14.1,14.1,375,14.25,300,225,113100
NIFTY16JAN2012400CE.NFO,07/01/2020,09:28:09,14.1,14.15,300,14.2,300,0,113100
NIFTY16JAN2012400CE.NFO,07/01/2020,09:28:11,14.1,14.1,375,14.2,75,0,113100
NIFTY16JAN2012400CE.NFO,07/01/2020,09:28:13,14.1,14.1,75,14.2,225,0,113100
NIFTY16JAN2012400CE.NFO,07/01/2020,09:28:14,14.1,14.05,300,14.2,300,0,113100
NIFTY16JAN2012400CE.NFO,07/01/2020,09:28:15,14.1,14,225,14.1,225,0,113100
NIFTY16JAN2012400CE.NFO,07/01/2020,09:28:17,14.1,14,75,14.1,300,0,113100
NIFTY16JAN2012400CE.NFO,07/01/2020,09:28:19,14.1,13.9,225,14.05,225,0,113100
NIFTY16JAN2012400CE.NFO,07/01/2020,09:28:20,14.1,13.95,150,14.1,450,0,113100
NIFTY16JAN2012400CE.NFO,07/01/2020,09:28:22,14.1,13.95,75,14.05,150,0,113100
NIFTY16JAN2012400CE.NFO,07/01/2020,09:28:23,14.1,13.9,75,14.05,375,0,113100
NIFTY16JAN2012400CE.NFO,07/01/2020,09:28:24,14.1,13.9,75,13.95,75,0,113100
NIFTY16JAN2012400CE.NFO,07/01/2020,09:28:25,14.1,13.8,75,13.9,75,0,113100
NIFTY16JAN2012400CE.NFO,07/01/2020,09:28:26,14.1,13.75,75,13.9,225,0,113100
NIFTY16JAN2012400CE.NFO,07/01/2020,09:28:27,14.1,13.8,75,13.85,75,0,113100
NIFTY16JAN2012400CE.NFO,07/01/2020,09:28:28,14.1,13.75,225,13.85,225,0,113100
NIFTY16JAN2012400CE.NFO,07/01/2020,09:28:29,13.85,13.75,225,13.9,150,75,113100
NIFTY16JAN2012400CE.NFO,07/01/2020,09:28:30,13.85,13.75,225,13.9,150,0,113100
NIFTY16JAN2012400CE.NFO,07/01/2020,09:28:31,13.9,13.75,75,13.9,75,75,113100
NIFTY16JAN2012400CE.NFO,07/01/2020,09:28:32,13.9,13.75,975,13.9,225,0,113100
NIFTY16JAN2012400CE.NFO,07/01/2020,09:28:33,13.9,13.9,375,13.95,75,0,113100
NIFTY16JAN2012400CE.NFO,07/01/2020,09:28:34,13.85,13.9,525,14.05,525,600,113100
NIFTY16JAN2012400CE.NFO,07/01/2020,09:28:35,13.85,13.9,75,14,150,0,113100
NIFTY16JAN2012400CE.NFO,07/01/2020,09:28:36,13.85,13.95,75,14.05,300,0,113100
NIFTY16JAN2012400CE.NFO,07/01/2020,09:28:37,14,13.9,375,14.05,300,225,113100
NIFTY16JAN2012400CE.NFO,07/01/2020,09:28:38,14,13.9,300,14,75,0,113100
NIFTY16JAN2012400CE.NFO,07/01/2020,09:28:39,14,13.95,450,14.05,75,0,113100
NIFTY16JAN2012400CE.NFO,07/01/2020,09:28:40,14,13.95,450,14.1,300,0,113100
NIFTY16JAN2012400CE.NFO,07/01/2020,09:28:41,14,13.95,225,14,75,0,113100
NIFTY16JAN2012400CE.NFO,07/01/2020,09:28:42,14,14,150,14.05,75,0,113100
NIFTY16JAN2012400CE.NFO,07/01/2020,09:28:43,14,14,75,14.1,150,0,113100
NIFTY16JAN2012400CE.NFO,07/01/2020,09:28:44,14,14,300,14.1,75,300,113100
NIFTY16JAN2012400CE.NFO,07/01/2020,09:28:45,14,14,450,14.1,75,0,113100
NIFTY16JAN2012400CE.NFO,07/01/2020,09:28:47,14,14.05,525,14.15,150,0,113100
NIFTY16JAN2012400CE.NFO,07/01/2020,09:28:48,14.15,14.1,300,14.2,150,225,113100
NIFTY16JAN2012400CE.NFO,07/01/2020,09:28:49,14.15,14.15,225,14.2,150,0,113100
NIFTY16JAN2012400CE.NFO,07/01/2020,09:28:50,14.1,14.1,450,14.25,300,150,113100
NIFTY16JAN2012400CE.NFO,07/01/2020,09:28:51,14.1,14.25,150,14.4,225,0,113100
NIFTY16JAN2012400CE.NFO,07/01/2020,09:28:52,14.25,14.3,75,14.35,75,300,113100
NIFTY16JAN2012400CE.NFO,07/01/2020,09:28:53,14.25,14.3,75,14.35,75,0,113100
NIFTY16JAN2012400CE.NFO,07/01/2020,09:28:54,14.3,14.25,300,14.4,225,525,113100
NIFTY16JAN2012400CE.NFO,07/01/2020,09:28:55,14.3,14.25,300,14.4,150,0,113100
NIFTY16JAN2012400CE.NFO,07/01/2020,09:28:56,14.3,14.15,600,14.3,150,0,113100
NIFTY16JAN2012400CE.NFO,07/01/2020,09:28:57,14.3,14.2,225,14.25,75,0,113100
NIFTY16JAN2012400CE.NFO,07/01/2020,09:28:58,14.3,14.15,600,14.25,75,0,113100
NIFTY16JAN2012400CE.NFO,07/01/2020,09:28:59,14.25,14.15,600,14.3,150,75,113100
NIFTY16JAN2012400CE.NFO,07/01/2020,09:29:00,14.25,14.2,450,14.3,75,75,113100
NIFTY16JAN2012400CE.NFO,07/01/2020,09:29:01,14.25,14.25,75,14.35,150,0,113100
NIFTY16JAN2012400CE.NFO,07/01/2020,09:29:03,14.35,14.35,450,14.4,75,150,113100
NIFTY16JAN2012400CE.NFO,07/01/2020,09:29:04,14.4,14.35,525,14.45,75,675,113100
NIFTY16JAN2012400CE.NFO,07/01/2020,09:29:05,14.4,14.45,150,14.5,75,0,113100
NIFTY16JAN2012400CE.NFO,07/01/2020,09:29:06,14.45,14.35,150,14.45,150,225,113100
NIFTY16JAN2012400CE.NFO,07/01/2020,09:29:07,14.45,14.35,150,14.45,75,0,113100
NIFTY16JAN2012400CE.NFO,07/01/2020,09:29:08,14.45,14.4,75,14.45,75,0,113100
NIFTY16JAN2012400CE.NFO,07/01/2020,09:29:09,14.55,14.35,75,14.45,225,825,113100
NIFTY16JAN2012400CE.NFO,07/01/2020,09:29:10,14.55,14.35,75,14.4,75,0,113100
NIFTY16JAN2012400CE.NFO,07/01/2020,09:29:11,14.55,14.35,150,14.5,600,0,113100
NIFTY16JAN2012400CE.NFO,07/01/2020,09:29:12,14.55,14.35,150,14.45,75,0,113100
NIFTY16JAN2012400CE.NFO,07/01/2020,09:29:13,14.55,14.35,75,14.45,225,0,113100
NIFTY16JAN2012400CE.NFO,07/01/2020,09:29:14,14.55,14.35,150,14.45,75,0,113100
NIFTY16JAN2012400CE.NFO,07/01/2020,09:29:15,14.55,14.4,150,14.5,300,0,113100
NIFTY16JAN2012400CE.NFO,07/01/2020,09:29:16,14.5,14.5,75,14.55,75,75,117150
NIFTY16JAN2012400CE.NFO,07/01/2020,09:29:17,14.55,14.5,525,14.6,75,150,117150
NIFTY16JAN2012400CE.NFO,07/01/2020,09:29:18,14.5,14.5,75,14.6,150,525,117150
NIFTY16JAN2012400CE.NFO,07/01/2020,09:29:19,14.5,14.5,75,14.6,150,0,117150
NIFTY16JAN2012400CE.NFO,07/01/2020,09:29:20,14.5,14.45,450,14.55,75,0,117150
NIFTY16JAN2012400CE.NFO,07/01/2020,09:29:22,14.5,14.45,75,14.55,150,0,117150
NIFTY16JAN2012400CE.NFO,07/01/2020,09:29:23,14.5,14.4,375,14.5,150,0,117150
NIFTY16JAN2012400CE.NFO,07/01/2020,09:29:24,14.5,14.35,900,14.5,225,0,117150
NIFTY16JAN2012400CE.NFO,07/01/2020,09:29:25,14.5,14.4,675,14.5,75,75,117150
NIFTY16JAN2012400CE.NFO,07/01/2020,09:29:26,14.5,14.4,675,14.5,75,0,117150
NIFTY16JAN2012400CE.NFO,07/01/2020,09:29:27,14.45,14.3,750,14.4,75,225,117150
NIFTY16JAN2012400CE.NFO,07/01/2020,09:29:28,14.45,14.25,450,14.4,525,0,117150
NIFTY16JAN2012400CE.NFO,07/01/2020,09:29:29,14.45,14.25,675,14.4,225,0,117150
NIFTY16JAN2012400CE.NFO,07/01/2020,09:29:30,14.45,14.25,675,14.4,300,0,117150
NIFTY16JAN2012400CE.NFO,07/01/2020,09:29:32,14.45,14.25,300,14.4,525,0,117150
NIFTY16JAN2012400CE.NFO,07/01/2020,09:29:33,14.45,14.3,75,14.4,300,0,117150
NIFTY16JAN2012400CE.NFO,07/01/2020,09:29:34,14.45,14.25,525,14.35,75,0,117150
NIFTY16JAN2012400CE.NFO,07/01/2020,09:29:35,14.45,14.3,525,14.4,75,0,117150
NIFTY16JAN2012400CE.NFO,07/01/2020,09:29:36,14.45,14.35,75,14.4,75,0,117150
NIFTY16JAN2012400CE.NFO,07/01/2020,09:29:37,14.45,14.35,300,14.45,75,0,117150
NIFTY16JAN2012400CE.NFO,07/01/2020,09:29:38,14.35,14.35,375,14.45,75,150,117150
NIFTY16JAN2012400CE.NFO,07/01/2020,09:29:39,14.35,14.35,375,14.45,75,0,117150
NIFTY16JAN2012400CE.NFO,07/01/2020,09:29:42,14.4,14.3,150,14.4,150,300,117150
NIFTY16JAN2012400CE.NFO,07/01/2020,09:29:43,14.4,14.25,375,14.4,450,0,117150
NIFTY16JAN2012400CE.NFO,07/01/2020,09:29:44,14.4,14.25,300,14.3,75,0,117150
NIFTY16JAN2012400CE.NFO,07/01/2020,09:29:45,14.3,14.25,825,14.4,525,75,117150
NIFTY16JAN2012400CE.NFO,07/01/2020,09:29:46,14.3,14.25,825,14.4,525,0,117150
NIFTY16JAN2012400CE.NFO,07/01/2020,09:29:47,14.3,14.35,150,14.4,75,0,117150
NIFTY16JAN2012400CE.NFO,07/01/2020,09:29:48,14.4,14.35,450,14.45,75,75,117150
NIFTY16JAN2012400CE.NFO,07/01/2020,09:29:49,14.4,14.35,225,14.45,225,0,117150
NIFTY16JAN2012400CE.NFO,07/01/2020,09:29:51,14.4,14.3,150,14.4,75,0,117150
NIFTY16JAN2012400CE.NFO,07/01/2020,09:29:52,14.4,14.3,150,14.35,75,0,117150
NIFTY16JAN2012400CE.NFO,07/01/2020,09:29:53,14.4,14.35,225,14.45,150,0,117150
NIFTY16JAN2012400CE.NFO,07/01/2020,09:29:54,14.4,14.25,450,14.35,75,0,117150
NIFTY16JAN2012400CE.NFO,07/01/2020,09:29:55,14.4,14.3,150,14.4,150,0,117150
NIFTY16JAN2012400CE.NFO,07/01/2020,09:29:56,14.4,14.3,75,14.4,75,0,117150
NIFTY16JAN2012400CE.NFO,07/01/2020,09:29:57,14.4,14.3,75,14.4,450,0,117150
NIFTY16JAN2012400CE.NFO,07/01/2020,09:29:58,14.35,14.3,450,14.45,750,75,117150
NIFTY16JAN2012400CE.NFO,07/01/2020,09:29:59,14.35,14.3,450,14.45,600,0,117150
NIFTY16JAN2012400CE.NFO,07/01/2020,09:30:00,14.35,14.3,450,14.4,75,0,117150
NIFTY16JAN2012400CE.NFO,07/01/2020,09:30:01,14.35,14.4,375,14.5,225,0,117150
NIFTY16JAN2012400CE.NFO,07/01/2020,09:30:02,14.45,14.45,375,14.55,75,75,117150
NIFTY16JAN2012400CE.NFO,07/01/2020,09:30:03,14.55,14.5,300,14.65,450,300,117150
NIFTY16JAN2012400CE.NFO,07/01/2020,09:30:04,14.5,14.45,150,14.5,75,75,117150
NIFTY16JAN2012400CE.NFO,07/01/2020,09:30:05,14.45,14.4,75,14.5,150,150,117150
NIFTY16JAN2012400CE.NFO,07/01/2020,09:30:06,14.45,14.4,375,14.5,75,0,117150
NIFTY16JAN2012400CE.NFO,07/01/2020,09:30:07,14.45,14.4,150,14.45,75,0,117150
NIFTY16JAN2012400CE.NFO,07/01/2020,09:30:08,14.4,14.35,150,14.45,150,225,117150
NIFTY16JAN2012400CE.NFO,07/01/2020,09:30:09,14.4,14.35,375,14.45,75,75,117150
NIFTY16JAN2012400CE.NFO,07/01/2020,09:30:10,14.45,14.4,600,14.45,75,150,117150
NIFTY16JAN2012400CE.NFO,07/01/2020,09:30:11,14.45,14.5,150,14.55,150,75,117150
NIFTY16JAN2012400CE.NFO,07/01/2020,09:30:12,14.45,14.5,150,14.55,75,0,117150
NIFTY16JAN2012400CE.NFO,07/01/2020,09:30:13,14.45,14.4,150,14.5,225,75,117150
NIFTY16JAN2012400CE.NFO,07/01/2020,09:30:14,14.45,14.4,150,14.5,225,0,117150
NIFTY16JAN2012400CE.NFO,07/01/2020,09:30:15,14.45,14.4,225,14.5,225,0,117150
NIFTY16JAN2012400CE.NFO,07/01/2020,09:30:16,14.4,14.4,150,14.55,450,75,117150
NIFTY16JAN2012400CE.NFO,07/01/2020,09:30:17,14.5,14.45,300,14.55,225,375,117150
NIFTY16JAN2012400CE.NFO,07/01/2020,09:30:18,14.5,14.45,150,14.5,75,450,117150
NIFTY16JAN2012400CE.NFO,07/01/2020,09:30:19,14.5,14.45,225,14.55,450,300,117150
NIFTY16JAN2012400CE.NFO,07/01/2020,09:30:20,14.5,14.45,225,14.55,375,0,117150
NIFTY16JAN2012400CE.NFO,07/01/2020,09:30:21,14.5,14.45,300,14.55,225,0,117150
NIFTY16JAN2012400CE.NFO,07/01/2020,09:30:22,14.55,14.45,150,14.55,75,450,117150
NIFTY16JAN2012400CE.NFO,07/01/2020,09:30:23,14.55,14.5,75,14.6,150,0,117150
NIFTY16JAN2012400CE.NFO,07/01/2020,09:30:24,14.55,14.45,150,14.55,75,0,117150
NIFTY16JAN2012400CE.NFO,07/01/2020,09:30:25,14.55,14.45,75,14.55,300,0,117150
NIFTY16JAN2012400CE.NFO,07/01/2020,09:30:26,14.45,14.4,150,14.55,300,150,117150
NIFTY16JAN2012400CE.NFO,07/01/2020,09:30:27,14.45,14.4,150,14.55,300,0,117150
NIFTY16JAN2012400CE.NFO,07/01/2020,09:30:28,14.45,14.4,225,14.55,150,0,117150
NIFTY16JAN2012400CE.NFO,07/01/2020,09:30:29,14.45,14.45,150,14.55,75,0,117150
NIFTY16JAN2012400CE.NFO,07/01/2020,09:30:30,14.45,14.4,300,14.55,150,0,117150
NIFTY16JAN2012400CE.NFO,07/01/2020,09:30:31,14.45,14.45,150,14.55,75,0,117150
NIFTY16JAN2012400CE.NFO,07/01/2020,09:30:32,14.45,14.45,225,14.6,525,0,117150
NIFTY16JAN2012400CE.NFO,07/01/2020,09:30:33,14.45,14.4,75,14.5,75,0,117150
NIFTY16JAN2012400CE.NFO,07/01/2020,09:30:36,14.6,14.4,75,14.5,75,675,117150
NIFTY16JAN2012400CE.NFO,07/01/2020,09:30:37,14.55,14.4,150,14.6,600,300,117150
NIFTY16JAN2012400CE.NFO,07/01/2020,09:30:38,14.55,14.4,225,14.5,75,0,117150
NIFTY16JAN2012400CE.NFO,07/01/2020,09:30:40,14.55,14.4,75,14.5,150,0,117150
NIFTY16JAN2012400CE.NFO,07/01/2020,09:30:41,14.4,14.4,75,14.5,150,75,117150
NIFTY16JAN2012400CE.NFO,07/01/2020,09:30:43,14.4,14.35,675,14.5,75,0,117150
NIFTY16JAN2012400CE.NFO,07/01/2020,09:30:44,14.45,14.4,225,14.5,150,75,117150
NIFTY16JAN2012400CE.NFO,07/01/2020,09:30:45,14.45,14.45,75,14.5,75,0,117150
NIFTY16JAN2012400CE.NFO,07/01/2020,09:30:46,14.45,14.4,450,14.5,75,0,117150
NIFTY16JAN2012400CE.NFO,07/01/2020,09:30:47,14.45,14.35,525,14.5,75,0,117150
NIFTY16JAN2012400CE.NFO,07/01/2020,09:30:48,14.45,14.4,225,14.5,75,0,117150
NIFTY16JAN2012400CE.NFO,07/01/2020,09:30:49,14.45,14.45,75,14.55,150,0,117150
NIFTY16JAN2012400CE.NFO,07/01/2020,09:30:50,14.45,14.45,150,14.55,150,0,117150
NIFTY16JAN2012400CE.NFO,07/01/2020,09:30:52,14.45,14.4,150,14.55,225,0,117150
NIFTY16JAN2012400CE.NFO,07/01/2020,09:30:54,14.45,14.4,225,14.55,75,0,117150
NIFTY16JAN2012400CE.NFO,07/01/2020,09:30:55,14.45,14.4,225,14.5,150,0,117150
NIFTY16JAN2012400CE.NFO,07/01/2020,09:30:56,14.45,14.4,150,14.5,150,0,117150
NIFTY16JAN2012400CE.NFO,07/01/2020,09:30:57,14.45,14.4,75,14.5,150,0,117150
NIFTY16JAN2012400CE.NFO,07/01/2020,09:30:58,14.45,14.4,225,14.5,150,0,117150
NIFTY16JAN2012400CE.NFO,07/01/2020,09:30:59,14.4,14.4,150,14.5,150,150,117150
NIFTY16JAN2012400CE.NFO,07/01/2020,09:31:00,14.5,14.5,225,14.55,75,300,117150
NIFTY16JAN2012400CE.NFO,07/01/2020,09:31:01,14.55,14.5,375,14.65,225,375,117150
NIFTY16JAN2012400CE.NFO,07/01/2020,09:31:02,14.55,14.5,225,14.6,75,0,117150
NIFTY16JAN2012400CE.NFO,07/01/2020,09:31:04,14.45,14.5,225,14.6,75,525,117150
NIFTY16JAN2012400CE.NFO,07/01/2020,09:31:05,14.45,14.5,150,14.65,375,0,117150
NIFTY16JAN2012400CE.NFO,07/01/2020,09:31:06,14.45,14.4,300,14.55,75,0,117150
NIFTY16JAN2012400CE.NFO,07/01/2020,09:31:07,14.45,14.45,75,14.55,75,0,117150
NIFTY16JAN2012400CE.NFO,07/01/2020,09:31:08,14.45,14.45,300,14.55,75,0,117150
NIFTY16JAN2012400CE.NFO,07/01/2020,09:31:10,14.55,14.45,300,14.5,75,225,117150
NIFTY16JAN2012400CE.NFO,07/01/2020,09:31:11,14.5,14.45,375,14.5,75,375,117150
NIFTY16JAN2012400CE.NFO,07/01/2020,09:31:12,14.55,14.5,300,14.6,75,225,117150
NIFTY16JAN2012400CE.NFO,07/01/2020,09:31:13,14.5,14.5,300,14.6,75,75,117150
NIFTY16JAN2012400CE.NFO,07/01/2020,09:31:14,14.5,14.5,225,14.6,375,75,117150
NIFTY16JAN2012400CE.NFO,07/01/2020,09:31:15,14.55,14.55,75,14.65,225,150,117150
NIFTY16JAN2012400CE.NFO,07/01/2020,09:31:16,14.55,14.5,375,14.6,75,75,117150
NIFTY16JAN2012400CE.NFO,07/01/2020,09:31:17,14.55,14.5,375,14.6,75,0,117150
NIFTY16JAN2012400CE.NFO,07/01/2020,09:31:18,14.55,14.55,150,14.6,75,0,117150
NIFTY16JAN2012400CE.NFO,07/01/2020,09:31:19,14.55,14.6,75,14.65,225,0,117150
NIFTY16JAN2012400CE.NFO,07/01/2020,09:31:20,14.55,14.55,300,14.6,75,0,117150
NIFTY16JAN2012400CE.NFO,07/01/2020,09:31:22,14.55,14.6,75,14.65,150,0,117150
NIFTY16JAN2012400CE.NFO,07/01/2020,09:31:24,14.55,14.55,75,14.65,150,0,117150
NIFTY16JAN2012400CE.NFO,07/01/2020,09:31:25,14.55,14.55,75,14.65,300,0,117150
NIFTY16JAN2012400CE.NFO,07/01/2020,09:31:26,14.55,14.55,300,14.65,150,0,117150
NIFTY16JAN2012400CE.NFO,07/01/2020,09:31:27,14.55,14.55,225,14.65,150,0,117150
NIFTY16JAN2012400CE.NFO,07/01/2020,09:31:28,14.55,14.55,300,14.65,150,0,117150
NIFTY16JAN2012400CE.NFO,07/01/2020,09:31:29,14.55,14.55,450,14.65,150,0,117150
NIFTY16JAN2012400CE.NFO,07/01/2020,09:31:30,14.55,14.55,225,14.65,150,0,117150
NIFTY16JAN2012400CE.NFO,07/01/2020,09:31:31,14.55,14.55,300,14.65,150,0,117150
NIFTY16JAN2012400CE.NFO,07/01/2020,09:31:33,14.55,14.55,75,14.65,225,0,117150
NIFTY16JAN2012400CE.NFO,07/01/2020,09:31:34,14.55,14.5,375,14.6,75,0,117150
NIFTY16JAN2012400CE.NFO,07/01/2020,09:31:37,14.55,14.55,225,14.65,225,0,117150
NIFTY16JAN2012400CE.NFO,07/01/2020,09:31:38,14.55,14.55,300,14.65,225,0,117150
NIFTY16JAN2012400CE.NFO,07/01/2020,09:31:40,14.55,14.55,300,14.65,225,75,117150
NIFTY16JAN2012400CE.NFO,07/01/2020,09:31:41,14.55,14.55,150,14.6,75,0,117150
NIFTY16JAN2012400CE.NFO,07/01/2020,09:31:42,14.55,14.55,75,14.6,75,0,117150
NIFTY16JAN2012400CE.NFO,07/01/2020,09:31:43,14.55,14.55,375,14.65,225,0,117150
NIFTY16JAN2012400CE.NFO,07/01/2020,09:31:44,14.55,14.55,150,14.65,375,0,117150
NIFTY16JAN2012400CE.NFO,07/01/2020,09:31:46,14.55,14.5,150,14.6,75,0,117150
NIFTY16JAN2012400CE.NFO,07/01/2020,09:31:47,14.55,14.55,75,14.65,450,0,117150
NIFTY16JAN2012400CE.NFO,07/01/2020,09:31:49,14.65,14.55,300,14.65,150,75,117150
NIFTY16JAN2012400CE.NFO,07/01/2020,09:31:50,14.65,14.55,450,14.65,150,75,117150
NIFTY16JAN2012400CE.NFO,07/01/2020,09:31:51,14.65,14.55,600,14.7,150,0,117150
NIFTY16JAN2012400CE.NFO,07/01/2020,09:31:52,14.65,14.65,300,14.75,225,0,117150
NIFTY16JAN2012400CE.NFO,07/01/2020,09:31:54,14.65,14.65,525,14.75,75,0,117150
NIFTY16JAN2012400CE.NFO,07/01/2020,09:31:55,14.65,14.7,150,14.75,75,0,117150
NIFTY16JAN2012400CE.NFO,07/01/2020,09:31:56,14.65,14.7,375,14.75,75,0,117150
NIFTY16JAN2012400CE.NFO,07/01/2020,09:31:57,14.65,14.7,225,14.75,75,0,117150
NIFTY16JAN2012400CE.NFO,07/01/2020,09:31:59,14.65,14.7,375,14.75,75,0,117150
NIFTY16JAN2012400CE.NFO,07/01/2020,09:32:01,14.65,14.75,375,14.85,150,0,117150
NIFTY16JAN2012400CE.NFO,07/01/2020,09:32:02,14.65,14.75,225,14.85,75,0,117150
NIFTY16JAN2012400CE.NFO,07/01/2020,09:32:03,14.65,14.75,300,14.85,75,0,117150
NIFTY16JAN2012400CE.NFO,07/01/2020,09:32:04,14.65,14.75,150,14.85,525,0,117150
NIFTY16JAN2012400CE.NFO,07/01/2020,09:32:05,14.65,14.8,75,14.85,150,0,117150
NIFTY16JAN2012400CE.NFO,07/01/2020,09:32:06,14.85,14.75,225,14.85,375,75,117150
NIFTY16JAN2012400CE.NFO,07/01/2020,09:32:07,14.85,14.75,150,14.8,225,0,117150
NIFTY16JAN2012400CE.NFO,07/01/2020,09:32:08,14.85,14.75,150,14.8,75,0,117150
NIFTY16JAN2012400CE.NFO,07/01/2020,09:32:09,14.85,14.75,300,14.8,75,0,117150
NIFTY16JAN2012400CE.NFO,07/01/2020,09:32:10,14.85,14.8,75,14.85,75,0,117150
NIFTY16JAN2012400CE.NFO,07/01/2020,09:32:11,14.8,14.75,300,14.85,75,75,117150
NIFTY16JAN2012400CE.NFO,07/01/2020,09:32:12,14.8,14.8,225,14.9,150,0,117150
NIFTY16JAN2012400CE.NFO,07/01/2020,09:32:14,14.8,14.85,375,14.95,75,0,117150
NIFTY16JAN2012400CE.NFO,07/01/2020,09:32:15,14.8,14.85,225,14.9,75,0,117150
NIFTY16JAN2012400CE.NFO,07/01/2020,09:32:16,14.9,14.9,150,15,225,75,118575
NIFTY16JAN2012400CE.NFO,07/01/2020,09:32:17,14.9,14.95,225,15,150,0,118575
NIFTY16JAN2012400CE.NFO,07/01/2020,09:32:18,14.9,14.85,225,14.95,75,0,118575
NIFTY16JAN2012400CE.NFO,07/01/2020,09:32:19,15.2,15.15,150,15.3,150,450,118575
NIFTY16JAN2012400CE.NFO,07/01/2020,09:32:19,15.2,15.15,150,15.3,150,0,118575
NIFTY16JAN2012400CE.NFO,07/01/2020,09:32:20,15.15,15.1,150,15.2,300,525,118575
NIFTY16JAN2012400CE.NFO,07/01/2020,09:32:21,15.1,15.05,225,15.1,75,150,118575
NIFTY16JAN2012400CE.NFO,07/01/2020,09:32:22,15.1,15.1,225,15.15,75,1125,118575
NIFTY16JAN2012400CE.NFO,07/01/2020,09:32:23,15.3,15.2,375,15.35,300,450,118575
NIFTY16JAN2012400CE.NFO,07/01/2020,09:32:23,15.3,15.2,375,15.35,300,0,118575
NIFTY16JAN2012400CE.NFO,07/01/2020,09:32:24,15.3,15.1,525,15.25,300,0,118575
NIFTY16JAN2012400CE.NFO,07/01/2020,09:32:25,15.3,15.25,150,15.3,375,0,118575
NIFTY16JAN2012400CE.NFO,07/01/2020,09:32:26,15.3,15.15,375,15.25,75,0,118575
NIFTY16JAN2012400CE.NFO,07/01/2020,09:32:27,15.25,15.25,375,15.35,75,75,118575
NIFTY16JAN2012400CE.NFO,07/01/2020,09:32:28,15.15,15.2,300,15.3,75,300,118575
NIFTY16JAN2012400CE.NFO,07/01/2020,09:32:29,15.15,15.2,300,15.3,225,0,118575
NIFTY16JAN2012400CE.NFO,07/01/2020,09:32:30,15.15,15.15,525,15.3,450,0,118575
NIFTY16JAN2012400CE.NFO,07/01/2020,09:32:31,15.15,15.2,75,15.3,225,0,118575
NIFTY16JAN2012400CE.NFO,07/01/2020,09:32:32,15.15,15.2,375,15.35,375,0,118575
NIFTY16JAN2012400CE.NFO,07/01/2020,09:32:33,15.15,15.25,225,15.35,75,0,118575
NIFTY16JAN2012400CE.NFO,07/01/2020,09:32:34,15.15,15.25,150,15.3,75,0,118575
NIFTY16JAN2012400CE.NFO,07/01/2020,09:32:35,15.15,15.3,150,15.45,375,0,118575
NIFTY16JAN2012400CE.NFO,07/01/2020,09:32:37,15.15,15.25,300,15.4,150,0,118575
NIFTY16JAN2012400CE.NFO,07/01/2020,09:32:38,15.15,15.35,150,15.45,75,0,118575
NIFTY16JAN2012400CE.NFO,07/01/2020,09:32:39,15.6,15.35,375,15.45,300,150,118575
NIFTY16JAN2012400CE.NFO,07/01/2020,09:32:39,15.6,15.35,375,15.45,300,0,118575
NIFTY16JAN2012400CE.NFO,07/01/2020,09:32:40,15.6,15.4,75,15.45,450,0,118575
NIFTY16JAN2012400CE.NFO,07/01/2020,09:32:41,15.45,15.45,300,15.55,75,375,118575
NIFTY16JAN2012400CE.NFO,07/01/2020,09:32:42,15.45,15.35,450,15.45,75,0,118575
NIFTY16JAN2012400CE.NFO,07/01/2020,09:32:43,15.45,15.35,450,15.45,150,0,118575
NIFTY16JAN2012400CE.NFO,07/01/2020,09:32:44,15.45,15.35,300,15.4,75,0,118575
NIFTY16JAN2012400CE.NFO,07/01/2020,09:32:45,15.35,15.3,150,15.4,300,150,118575
NIFTY16JAN2012400CE.NFO,07/01/2020,09:32:46,15.3,15.3,75,15.4,450,75,118575
NIFTY16JAN2012400CE.NFO,07/01/2020,09:32:47,15.25,15.15,75,15.25,300,300,118575
NIFTY16JAN2012400CE.NFO,07/01/2020,09:32:48,15.25,15.15,375,15.3,300,0,118575
NIFTY16JAN2012400CE.NFO,07/01/2020,09:32:49,15.25,15.15,375,15.3,375,0,118575
NIFTY16JAN2012400CE.NFO,07/01/2020,09:32:50,15.25,15.15,375,15.25,75,0,118575
NIFTY16JAN2012400CE.NFO,07/01/2020,09:32:51,15.25,15.2,450,15.3,75,75,118575
NIFTY16JAN2012400CE.NFO,07/01/2020,09:32:52,15.25,15.2,225,15.3,225,0,118575
NIFTY16JAN2012400CE.NFO,07/01/2020,09:32:53,15.25,15.2,375,15.35,300,0,118575
NIFTY16JAN2012400CE.NFO,07/01/2020,09:32:54,15.25,15.2,525,15.35,75,0,118575
NIFTY16JAN2012400CE.NFO,07/01/2020,09:32:55,15.25,15.2,525,15.35,150,0,118575
NIFTY16JAN2012400CE.NFO,07/01/2020,09:32:56,15.25,15.25,150,15.35,75,0,118575
NIFTY16JAN2012400CE.NFO,07/01/2020,09:32:58,15.35,15.25,525,15.4,75,75,118575
NIFTY16JAN2012400CE.NFO,07/01/2020,09:32:59,15.25,15.3,150,15.4,75,300,118575
NIFTY16JAN2012400CE.NFO,07/01/2020,09:33:00,15.25,15.35,225,15.4,75,0,118575
NIFTY16JAN2012400CE.NFO,07/01/2020,09:33:01,15.3,15.35,75,15.4,75,300,118575
NIFTY16JAN2012400CE.NFO,07/01/2020,09:33:02,15.3,15.3,225,15.4,75,0,118575
NIFTY16JAN2012400CE.NFO,07/01/2020,09:33:03,15.3,15.3,225,15.4,150,0,118575
NIFTY16JAN2012400CE.NFO,07/01/2020,09:33:04,15.4,15.3,300,15.4,75,75,118575
NIFTY16JAN2012400CE.NFO,07/01/2020,09:33:05,15.4,15.25,225,15.35,75,0,118575
NIFTY16JAN2012400CE.NFO,07/01/2020,09:33:06,15.4,15.25,225,15.4,300,0,118575
NIFTY16JAN2012400CE.NFO,07/01/2020,09:33:07,15.4,15.3,75,15.35,150,0,118575
NIFTY16JAN2012400CE.NFO,07/01/2020,09:33:08,15.35,15.3,150,15.4,75,150,118575
NIFTY16JAN2012400CE.NFO,07/01/2020,09:33:09,15.5,15.45,300,15.5,1425,975,118575
NIFTY16JAN2012400CE.NFO,07/01/2020,09:33:10,15.5,15.45,225,15.5,1425,0,118575
NIFTY16JAN2012400CE.NFO,07/01/2020,09:33:11,15.5,15.4,75,15.5,1500,0,118575
NIFTY16JAN2012400CE.NFO,07/01/2020,09:33:13,15.5,15.45,150,15.5,1350,150,118575
NIFTY16JAN2012400CE.NFO,07/01/2020,09:33:14,15.5,15.45,75,15.5,1050,600,118575
NIFTY16JAN2012400CE.NFO,07/01/2020,09:33:15,15.45,15.35,525,15.4,75,375,118575
NIFTY16JAN2012400CE.NFO,07/01/2020,09:33:16,15.45,15.3,525,15.4,75,0,118575
NIFTY16JAN2012400CE.NFO,07/01/2020,09:33:17,15.4,15.3,75,15.4,375,150,118575
NIFTY16JAN2012400CE.NFO,07/01/2020,09:33:18,15.4,15.2,525,15.35,75,0,118575
NIFTY16JAN2012400CE.NFO,07/01/2020,09:33:19,15.4,15.25,600,15.4,225,150,118575
NIFTY16JAN2012400CE.NFO,07/01/2020,09:33:20,15.4,15.25,150,15.35,75,0,118575
NIFTY16JAN2012400CE.NFO,07/01/2020,09:33:21,15.4,15.2,600,15.35,225,0,118575
NIFTY16JAN2012400CE.NFO,07/01/2020,09:33:22,15.4,15.25,75,15.35,75,0,118575
NIFTY16JAN2012400CE.NFO,07/01/2020,09:33:23,15.4,15.2,150,15.35,600,0,118575
NIFTY16JAN2012400CE.NFO,07/01/2020,09:33:25,15.4,15.2,150,15.3,150,0,118575
NIFTY16JAN2012400CE.NFO,07/01/2020,09:33:26,15.4,15.2,600,15.35,75,0,118575
NIFTY16JAN2012400CE.NFO,07/01/2020,09:33:27,15.4,15.3,75,15.4,300,0,118575
NIFTY16JAN2012400CE.NFO,07/01/2020,09:33:28,15.3,15.2,600,15.35,150,75,118575
NIFTY16JAN2012400CE.NFO,07/01/2020,09:33:29,15.3,15.2,750,15.4,675,0,118575
NIFTY16JAN2012400CE.NFO,07/01/2020,09:33:30,15.3,15.2,750,15.35,150,0,118575
NIFTY16JAN2012400CE.NFO,07/01/2020,09:33:31,15.3,15.2,750,15.4,750,0,118575
NIFTY16JAN2012400CE.NFO,07/01/2020,09:33:32,15.3,15.2,600,15.25,4575,0,118575
NIFTY16JAN2012400CE.NFO,07/01/2020,09:33:33,15.25,15.2,600,15.25,4125,450,118575
NIFTY16JAN2012400CE.NFO,07/01/2020,09:33:34,15.25,15.15,375,15.25,3825,300,118575
NIFTY16JAN2012400CE.NFO,07/01/2020,09:33:35,15.25,15.15,375,15.25,3825,0,118575
NIFTY16JAN2012400CE.NFO,07/01/2020,09:33:36,15.25,15.2,600,15.25,3825,0,118575
NIFTY16JAN2012400CE.NFO,07/01/2020,09:33:37,15.25,15.15,150,15.25,3825,0,118575
NIFTY16JAN2012400CE.NFO,07/01/2020,09:33:38,15.25,15.15,750,15.25,3825,0,118575
NIFTY16JAN2012400CE.NFO,07/01/2020,09:33:40,15.25,15.25,150,15.4,675,3825,118575
NIFTY16JAN2012400CE.NFO,07/01/2020,09:33:40,15.25,15.35,75,15.4,75,0,118575
NIFTY16JAN2012400CE.NFO,07/01/2020,09:33:41,15.3,15.25,300,15.4,75,150,118575
NIFTY16JAN2012400CE.NFO,07/01/2020,09:33:42,15.3,15.3,150,15.4,75,0,118575
NIFTY16JAN2012400CE.NFO,07/01/2020,09:33:44,15.3,15.25,75,15.35,450,0,118575
NIFTY16JAN2012400CE.NFO,07/01/2020,09:33:46,15.3,15.25,300,15.4,675,0,118575
NIFTY16JAN2012400CE.NFO,07/01/2020,09:33:47,15.3,15.2,75,15.35,600,0,118575
NIFTY16JAN2012400CE.NFO,07/01/2020,09:33:47,15.3,15.25,150,15.4,1125,0,118575
NIFTY16JAN2012400CE.NFO,07/01/2020,09:33:48,15.3,15.25,300,15.4,75,0,118575
NIFTY16JAN2012400CE.NFO,07/01/2020,09:33:49,15.35,15.3,225,15.45,225,75,118575
NIFTY16JAN2012400CE.NFO,07/01/2020,09:33:50,15.35,15.3,225,15.45,675,0,118575
NIFTY16JAN2012400CE.NFO,07/01/2020,09:33:52,15.35,15.25,375,15.45,675,0,118575
NIFTY16JAN2012400CE.NFO,07/01/2020,09:33:55,15.35,15.35,75,15.45,225,0,118575
NIFTY16JAN2012400CE.NFO,07/01/2020,09:33:56,15.35,15.35,75,15.5,1275,225,118575
NIFTY16JAN2012400CE.NFO,07/01/2020,09:33:57,15.35,15.35,300,15.5,900,0,118575
NIFTY16JAN2012400CE.NFO,07/01/2020,09:33:58,15.35,15.35,300,15.5,1350,0,118575
NIFTY16JAN2012400CE.NFO,07/01/2020,09:33:58,15.35,15.35,225,15.45,450,0,118575
NIFTY16JAN2012400CE.NFO,07/01/2020,09:33:59,15.35,15.4,150,15.5,900,0,118575
NIFTY16JAN2012400CE.NFO,07/01/2020,09:34:00,15.45,15.35,375,15.5,900,75,118575
NIFTY16JAN2012400CE.NFO,07/01/2020,09:34:01,15.45,15.45,300,15.5,900,0,118575
NIFTY16JAN2012400CE.NFO,07/01/2020,09:34:03,15.5,15.45,150,15.5,825,75,118575
NIFTY16JAN2012400CE.NFO,07/01/2020,09:34:04,15.5,15.35,300,15.5,1200,0,118575
NIFTY16JAN2012400CE.NFO,07/01/2020,09:34:05,15.5,15.35,300,15.5,1275,0,118575
NIFTY16JAN2012400CE.NFO,07/01/2020,09:34:07,15.4,15.35,150,15.45,675,150,118575
NIFTY16JAN2012400CE.NFO,07/01/2020,09:34:07,15.4,15.35,150,15.4,450,0,118575
NIFTY16JAN2012400CE.NFO,07/01/2020,09:34:08,15.35,15.25,150,15.4,1125,225,118575
NIFTY16JAN2012400CE.NFO,07/01/2020,09:34:09,15.35,15.2,150,15.4,1125,0,118575
NIFTY16JAN2012400CE.NFO,07/01/2020,09:34:10,15.45,15.35,450,15.5,1125,1800,118575
NIFTY16JAN2012400CE.NFO,07/01/2020,09:34:11,15.45,15.35,300,15.4,75,0,118575
NIFTY16JAN2012400CE.NFO,07/01/2020,09:34:13,15.3,15.25,75,15.35,75,225,118575
NIFTY16JAN2012400CE.NFO,07/01/2020,09:34:14,15.35,15.3,525,15.4,75,75,118575
NIFTY16JAN2012400CE.NFO,07/01/2020,09:34:15,15.35,15.3,75,15.4,150,0,118575
NIFTY16JAN2012400CE.NFO,07/01/2020,09:34:16,15.35,15.3,75,15.4,525,75,118575
NIFTY16JAN2012400CE.NFO,07/01/2020,09:34:17,15.35,15.3,75,15.4,525,0,118575
NIFTY16JAN2012400CE.NFO,07/01/2020,09:34:18,15.35,15.25,225,15.4,525,0,118575
NIFTY16JAN2012400CE.NFO,07/01/2020,09:34:19,15.35,15.25,75,15.3,75,75,118575
NIFTY16JAN2012400CE.NFO,07/01/2020,09:34:20,15.15,15.15,225,15.25,375,375,118575
NIFTY16JAN2012400CE.NFO,07/01/2020,09:34:21,15.15,15.15,75,15.2,75,0,118575
NIFTY16JAN2012400CE.NFO,07/01/2020,09:34:22,15.15,15.15,75,15.25,225,0,118575
NIFTY16JAN2012400CE.NFO,07/01/2020,09:34:23,15.25,15.15,75,15.25,75,375,118575
NIFTY16JAN2012400CE.NFO,07/01/2020,09:34:24,15.25,15.15,75,15.25,75,0,118575
NIFTY16JAN2012400CE.NFO,07/01/2020,09:34:25,15.35,15.25,225,15.35,150,150,118575
NIFTY16JAN2012400CE.NFO,07/01/2020,09:34:26,15.35,15.15,900,15.2,75,75,118575
NIFTY16JAN2012400CE.NFO,07/01/2020,09:34:27,15.15,15.05,300,15.2,750,1125,118575
NIFTY16JAN2012400CE.NFO,07/01/2020,09:34:28,15.1,15.05,75,15.1,225,150,118575
NIFTY16JAN2012400CE.NFO,07/01/2020,09:34:28,15.1,15,150,15.1,450,150,118575
NIFTY16JAN2012400CE.NFO,07/01/2020,09:34:30,15.1,15,75,15.1,525,0,118575
NIFTY16JAN2012400CE.NFO,07/01/2020,09:34:30,15.1,15,75,15.1,675,0,118575
NIFTY16JAN2012400CE.NFO,07/01/2020,09:34:31,15,14.9,75,15,225,150,118575
NIFTY16JAN2012400CE.NFO,07/01/2020,09:34:32,15,14.85,75,15,525,0,118575
NIFTY16JAN2012400CE.NFO,07/01/2020,09:34:33,15,14.85,75,14.9,75,0,118575
NIFTY16JAN2012400CE.NFO,07/01/2020,09:34:35,14.9,14.8,225,14.9,75,900,118575
NIFTY16JAN2012400CE.NFO,07/01/2020,09:34:35,14.85,14.75,75,14.85,75,150,118575
NIFTY16JAN2012400CE.NFO,07/01/2020,09:34:36,14.85,14.8,375,14.85,75,75,118575
NIFTY16JAN2012400CE.NFO,07/01/2020,09:34:37,14.65,14.75,75,14.85,525,1200,118575
NIFTY16JAN2012400CE.NFO,07/01/2020,09:34:38,14.65,14.8,75,14.85,225,0,118575
NIFTY16JAN2012400CE.NFO,07/01/2020,09:34:39,14.65,14.7,300,14.85,525,0,118575
NIFTY16JAN2012400CE.NFO,07/01/2020,09:34:41,14.65,14.7,225,14.8,225,0,118575
NIFTY16JAN2012400CE.NFO,07/01/2020,09:34:43,14.65,14.7,300,14.8,225,0,118575
NIFTY16JAN2012400CE.NFO,07/01/2020,09:34:44,14.65,14.7,225,14.8,450,0,118575
NIFTY16JAN2012400CE.NFO,07/01/2020,09:34:44,14.7,14.65,75,14.75,375,825,118575
NIFTY16JAN2012400CE.NFO,07/01/2020,09:34:45,14.7,14.6,75,14.7,225,75,118575
NIFTY16JAN2012400CE.NFO,07/01/2020,09:34:46,14.7,14.6,75,14.7,225,0,118575
NIFTY16JAN2012400CE.NFO,07/01/2020,09:34:47,14.8,14.55,75,14.65,225,375,118575
NIFTY16JAN2012400CE.NFO,07/01/2020,09:34:48,14.7,14.65,750,14.8,225,150,118575
NIFTY16JAN2012400CE.NFO,07/01/2020,09:34:49,14.7,14.75,75,14.85,525,0,118575
NIFTY16JAN2012400CE.NFO,07/01/2020,09:34:50,14.75,14.7,450,14.8,75,225,118575
NIFTY16JAN2012400CE.NFO,07/01/2020,09:34:51,14.7,14.75,375,14.8,150,75,118575
NIFTY16JAN2012400CE.NFO,07/01/2020,09:34:52,14.7,14.75,375,14.8,300,0,118575
NIFTY16JAN2012400CE.NFO,07/01/2020,09:34:53,14.65,14.6,375,14.75,675,600,118575
NIFTY16JAN2012400CE.NFO,07/01/2020,09:34:54,14.6,14.5,75,14.65,450,150,118575
NIFTY16JAN2012400CE.NFO,07/01/2020,09:34:55,14.6,14.6,75,14.7,600,150,118575
NIFTY16JAN2012400CE.NFO,07/01/2020,09:34:56,14.7,14.55,300,14.65,150,75,118575
NIFTY16JAN2012400CE.NFO,07/01/2020,09:34:57,14.65,14.6,300,14.7,225,150,118575
NIFTY16JAN2012400CE.NFO,07/01/2020,09:34:58,14.65,14.7,375,14.8,225,1275,118575
NIFTY16JAN2012400CE.NFO,07/01/2020,09:34:59,14.85,14.75,150,14.85,300,375,118575
NIFTY16JAN2012400CE.NFO,07/01/2020,09:35:00,14.85,14.8,300,14.85,75,0,118575
NIFTY16JAN2012400CE.NFO,07/01/2020,09:35:01,14.85,14.8,225,14.9,225,0,118575
NIFTY16JAN2012400CE.NFO,07/01/2020,09:35:03,14.85,14.8,375,14.85,150,0,118575
NIFTY16JAN2012400CE.NFO,07/01/2020,09:35:04,14.8,14.75,225,14.85,300,150,118575
NIFTY16JAN2012400CE.NFO,07/01/2020,09:35:05,14.8,14.8,150,14.85,300,0,118575
NIFTY16JAN2012400CE.NFO,07/01/2020,09:35:06,14.8,14.75,375,14.85,300,150,118575
NIFTY16JAN2012400CE.NFO,07/01/2020,09:35:07,14.8,14.7,75,14.8,375,0,118575
NIFTY16JAN2012400CE.NFO,07/01/2020,09:35:08,14.7,14.65,225,14.7,75,150,118575
NIFTY16JAN2012400CE.NFO,07/01/2020,09:35:09,14.7,14.65,225,14.75,225,0,118575
NIFTY16JAN2012400CE.NFO,07/01/2020,09:35:10,14.7,14.7,75,14.75,225,0,118575
NIFTY16JAN2012400CE.NFO,07/01/2020,09:35:11,14.7,14.7,150,14.75,75,0,118575
NIFTY16JAN2012400CE.NFO,07/01/2020,09:35:12,14.7,14.65,300,14.75,75,0,118575
NIFTY16JAN2012400CE.NFO,07/01/2020,09:35:13,14.7,14.6,525,14.65,75,0,118575
NIFTY16JAN2012400CE.NFO,07/01/2020,09:35:14,14.75,14.7,450,14.75,75,150,123225
NIFTY16JAN2012400CE.NFO,07/01/2020,09:35:15,14.75,14.75,75,14.85,375,75,123225
NIFTY16JAN2012400CE.NFO,07/01/2020,09:35:16,14.75,14.8,750,14.9,150,75,123225
NIFTY16JAN2012400CE.NFO,07/01/2020,09:35:17,14.95,14.9,1800,15,150,75,123225
NIFTY16JAN2012400CE.NFO,07/01/2020,09:35:18,14.9,14.9,150,15,450,75,123225
NIFTY16JAN2012400CE.NFO,07/01/2020,09:35:19,14.9,14.9,525,14.95,375,0,123225
NIFTY16JAN2012400CE.NFO,07/01/2020,09:35:20,14.9,14.85,600,14.95,375,150,123225
NIFTY16JAN2012400CE.NFO,07/01/2020,09:35:21,14.95,14.85,825,14.95,150,75,123225
NIFTY16JAN2012400CE.NFO,07/01/2020,09:35:22,14.95,14.85,225,14.9,75,0,123225
NIFTY16JAN2012400CE.NFO,07/01/2020,09:35:23,14.85,14.85,150,14.9,75,75,123225
NIFTY16JAN2012400CE.NFO,07/01/2020,09:35:24,14.85,14.8,675,14.9,150,75,123225
NIFTY16JAN2012400CE.NFO,07/01/2020,09:35:25,14.85,14.8,675,14.9,150,0,123225
NIFTY16JAN2012400CE.NFO,07/01/2020,09:35:26,14.75,14.75,600,14.85,75,150,123225
NIFTY16JAN2012400CE.NFO,07/01/2020,09:35:27,14.75,14.75,600,14.9,375,0,123225
NIFTY16JAN2012400CE.NFO,07/01/2020,09:35:28,14.75,14.7,450,14.85,450,75,123225
NIFTY16JAN2012400CE.NFO,07/01/2020,09:35:29,14.75,14.75,525,14.85,75,0,123225
NIFTY16JAN2012400CE.NFO,07/01/2020,09:35:30,14.75,14.7,375,14.8,150,0,123225
NIFTY16JAN2012400CE.NFO,07/01/2020,09:35:31,14.75,14.7,375,14.8,75,0,123225
NIFTY16JAN2012400CE.NFO,07/01/2020,09:35:32,14.75,14.7,675,14.8,75,0,123225
NIFTY16JAN2012400CE.NFO,07/01/2020,09:35:33,14.75,14.7,675,14.85,375,0,123225
NIFTY16JAN2012400CE.NFO,07/01/2020,09:35:34,14.75,14.7,375,14.8,75,0,123225
NIFTY16JAN2012400CE.NFO,07/01/2020,09:35:35,14.75,14.7,675,14.8,75,0,123225
NIFTY16JAN2012400CE.NFO,07/01/2020,09:35:36,14.75,14.65,300,14.8,375,0,123225
NIFTY16JAN2012400CE.NFO,07/01/2020,09:35:37,14.75,14.65,300,14.7,75,0,123225
NIFTY16JAN2012400CE.NFO,07/01/2020,09:35:38,14.7,14.65,150,14.75,375,225,123225
NIFTY16JAN2012400CE.NFO,07/01/2020,09:35:39,14.7,14.6,75,14.7,300,0,123225
NIFTY16JAN2012400CE.NFO,07/01/2020,09:35:40,14.7,14.55,75,14.65,75,0,123225
NIFTY16JAN2012400CE.NFO,07/01/2020,09:35:41,14.7,14.55,75,14.65,225,0,123225
NIFTY16JAN2012400CE.NFO,07/01/2020,09:35:42,14.7,14.45,150,14.55,150,0,123225
NIFTY16JAN2012400CE.NFO,07/01/2020,09:35:43,14.5,14.4,300,14.55,300,75,123225
NIFTY16JAN2012400CE.NFO,07/01/2020,09:35:44,14.5,14.45,75,14.5,150,0,123225
NIFTY16JAN2012400CE.NFO,07/01/2020,09:35:45,14.35,14.2,225,14.35,525,150,123225
NIFTY16JAN2012400CE.NFO,07/01/2020,09:35:46,14.35,14.25,225,14.4,75,75,123225
NIFTY16JAN2012400CE.NFO,07/01/2020,09:35:47,14.35,14.3,75,14.4,600,0,123225
NIFTY16JAN2012400CE.NFO,07/01/2020,09:35:48,14.4,14.35,225,14.45,150,225,123225
NIFTY16JAN2012400CE.NFO,07/01/2020,09:35:49,14.4,14.4,75,14.5,225,0,123225
NIFTY16JAN2012400CE.NFO,07/01/2020,09:35:50,14.4,14.5,225,14.6,525,0,123225
NIFTY16JAN2012400CE.NFO,07/01/2020,09:35:51,14.4,14.5,150,14.6,525,0,123225
NIFTY16JAN2012400CE.NFO,07/01/2020,09:35:52,14.4,14.55,225,14.6,150,0,123225
NIFTY16JAN2012400CE.NFO,07/01/2020,09:35:53,14.4,14.55,300,14.65,225,0,123225
NIFTY16JAN2012400CE.NFO,07/01/2020,09:35:54,14.4,14.6,75,14.7,525,0,123225
NIFTY16JAN2012400CE.NFO,07/01/2020,09:35:55,14.4,14.55,600,14.7,225,0,123225
NIFTY16JAN2012400CE.NFO,07/01/2020,09:35:56,14.4,14.5,1050,14.65,525,0,123225
NIFTY16JAN2012400CE.NFO,07/01/2020,09:35:57,14.4,14.55,375,14.7,525,0,123225
NIFTY16JAN2012400CE.NFO,07/01/2020,09:35:58,14.4,14.55,75,14.7,1125,0,123225
NIFTY16JAN2012400CE.NFO,07/01/2020,09:35:59,14.4,14.6,150,14.7,375,0,123225
NIFTY16JAN2012400CE.NFO,07/01/2020,09:36:02,14.4,14.6,75,14.7,525,0,123225
NIFTY16JAN2012400CE.NFO,07/01/2020,09:36:03,14.4,14.6,75,14.7,300,0,123225
NIFTY16JAN2012400CE.NFO,07/01/2020,09:36:04,14.4,14.55,300,14.6,75,0,123225
NIFTY16JAN2012400CE.NFO,07/01/2020,09:36:05,14.4,14.5,1200,14.6,75,0,123225
NIFTY16JAN2012400CE.NFO,07/01/2020,09:36:07,14.4,14.55,375,14.6,75,0,123225
NIFTY16JAN2012400CE.NFO,07/01/2020,09:36:08,14.4,14.55,300,14.7,750,0,123225
NIFTY16JAN2012400CE.NFO,07/01/2020,09:36:09,14.6,14.55,225,14.65,150,150,123225
NIFTY16JAN2012400CE.NFO,07/01/2020,09:36:10,14.6,14.6,300,14.7,75,0,123225
NIFTY16JAN2012400CE.NFO,07/01/2020,09:36:11,14.6,14.6,375,14.7,75,0,123225
NIFTY16JAN2012400CE.NFO,07/01/2020,09:36:12,14.6,14.65,150,14.75,75,0,123225
NIFTY16JAN2012400CE.NFO,07/01/2020,09:36:12,14.6,14.7,150,14.8,375,0,123225
NIFTY16JAN2012400CE.NFO,07/01/2020,09:36:13,14.6,14.75,225,14.85,150,0,123225
NIFTY16JAN2012400CE.NFO,07/01/2020,09:36:14,14.8,14.75,450,14.85,150,150,123225
NIFTY16JAN2012400CE.NFO,07/01/2020,09:36:15,14.75,14.7,75,14.8,150,150,123225
NIFTY16JAN2012400CE.NFO,07/01/2020,09:36:16,14.75,14.65,75,14.75,375,0,123225
NIFTY16JAN2012400CE.NFO,07/01/2020,09:36:17,14.75,14.7,150,14.75,225,0,123225
NIFTY16JAN2012400CE.NFO,07/01/2020,09:36:18,14.75,14.7,225,14.8,375,0,123225
NIFTY16JAN2012400CE.NFO,07/01/2020,09:36:19,14.75,14.65,75,14.75,525,0,123225
NIFTY16JAN2012400CE.NFO,07/01/2020,09:36:20,14.75,14.6,600,14.75,525,0,123225
NIFTY16JAN2012400CE.NFO,07/01/2020,09:36:21,14.75,14.5,975,14.6,225,0,123225
NIFTY16JAN2012400CE.NFO,07/01/2020,09:36:22,14.75,14.55,150,14.65,300,0,123225
NIFTY16JAN2012400CE.NFO,07/01/2020,09:36:23,14.75,14.5,1275,14.65,525,0,123225
NIFTY16JAN2012400CE.NFO,07/01/2020,09:36:24,14.75,14.5,1275,14.65,300,0,123225
NIFTY16JAN2012400CE.NFO,07/01/2020,09:36:25,14.65,14.6,675,14.75,600,75,123225
NIFTY16JAN2012400CE.NFO,07/01/2020,09:36:26,14.65,14.7,225,14.75,525,0,123225
NIFTY16JAN2012400CE.NFO,07/01/2020,09:36:27,14.65,14.65,75,14.75,675,0,123225
NIFTY16JAN2012400CE.NFO,07/01/2020,09:36:28,14.65,14.65,300,14.75,375,0,123225
NIFTY16JAN2012400CE.NFO,07/01/2020,09:36:30,14.65,14.7,225,14.75,525,0,123225
NIFTY16JAN2012400CE.NFO,07/01/2020,09:36:31,14.85,14.75,75,14.85,525,450,123225
NIFTY16JAN2012400CE.NFO,07/01/2020,09:36:32,14.85,14.85,225,14.9,375,225,123225
NIFTY16JAN2012400CE.NFO,07/01/2020,09:36:32,14.85,14.85,225,14.9,300,0,123225
NIFTY16JAN2012400CE.NFO,07/01/2020,09:36:33,14.85,14.85,300,14.95,450,0,123225
NIFTY16JAN2012400CE.NFO,07/01/2020,09:36:35,14.85,14.85,525,14.95,150,0,123225
NIFTY16JAN2012400CE.NFO,07/01/2020,09:36:37,14.95,14.85,75,14.95,225,225,123225
NIFTY16JAN2012400CE.NFO,07/01/2020,09:36:38,14.95,14.8,525,14.95,675,0,123225
NIFTY16JAN2012400CE.NFO,07/01/2020,09:36:40,14.8,14.8,300,14.9,75,450,123225
NIFTY16JAN2012400CE.NFO,07/01/2020,09:36:40,14.8,14.85,150,14.95,450,0,123225
NIFTY16JAN2012400CE.NFO,07/01/2020,09:36:41,14.85,14.8,75,14.9,375,75,123225
NIFTY16JAN2012400CE.NFO,07/01/2020,09:36:43,14.85,14.7,600,14.85,300,0,123225
NIFTY16JAN2012400CE.NFO,07/01/2020,09:36:44,14.85,14.75,150,14.85,75,0,123225
NIFTY16JAN2012400CE.NFO,07/01/2020,09:36:45,14.85,14.75,75,14.85,300,0,123225
NIFTY16JAN2012400CE.NFO,07/01/2020,09:36:46,14.85,14.75,225,14.85,300,0,123225
NIFTY16JAN2012400CE.NFO,07/01/2020,09:36:47,14.85,14.75,150,14.85,525,0,123225
NIFTY16JAN2012400CE.NFO,07/01/2020,09:36:48,14.85,14.75,450,14.85,300,0,123225
NIFTY16JAN2012400CE.NFO,07/01/2020,09:36:50,14.85,14.85,525,15,675,0,123225
NIFTY16JAN2012400CE.NFO,07/01/2020,09:36:51,14.85,14.85,150,14.95,375,0,123225
NIFTY16JAN2012400CE.NFO,07/01/2020,09:36:52,14.85,14.9,375,15,150,0,123225
NIFTY16JAN2012400CE.NFO,07/01/2020,09:36:54,14.85,14.9,300,15,150,0,123225
NIFTY16JAN2012400CE.NFO,07/01/2020,09:36:56,14.85,14.9,375,15,150,0,123225
NIFTY16JAN2012400CE.NFO,07/01/2020,09:36:58,14.95,14.85,225,15,525,150,123225
NIFTY16JAN2012400CE.NFO,07/01/2020,09:36:59,14.95,14.75,450,14.9,75,150,123225
NIFTY16JAN2012400CE.NFO,07/01/2020,09:37:00,14.95,14.75,300,14.9,300,0,123225
NIFTY16JAN2012400CE.NFO,07/01/2020,09:37:01,14.95,14.85,75,14.9,300,0,123225
NIFTY16JAN2012400CE.NFO,07/01/2020,09:37:02,14.9,14.85,450,14.95,75,675,123225
NIFTY16JAN2012400CE.NFO,07/01/2020,09:37:03,14.9,14.8,225,14.95,450,0,123225
NIFTY16JAN2012400CE.NFO,07/01/2020,09:37:04,14.9,14.8,375,14.95,150,0,123225
NIFTY16JAN2012400CE.NFO,07/01/2020,09:37:05,14.9,14.9,75,15,225,0,123225
NIFTY16JAN2012400CE.NFO,07/01/2020,09:37:06,14.9,14.85,225,15,375,0,123225
NIFTY16JAN2012400CE.NFO,07/01/2020,09:37:07,14.9,14.9,300,15,150,0,123225
NIFTY16JAN2012400CE.NFO,07/01/2020,09:37:08,14.9,14.9,450,15,150,0,123225
NIFTY16JAN2012400CE.NFO,07/01/2020,09:37:09,14.9,14.9,225,15,150,0,123225
NIFTY16JAN2012400CE.NFO,07/01/2020,09:37:10,14.9,14.85,375,14.95,150,0,123225
NIFTY16JAN2012400CE.NFO,07/01/2020,09:37:11,14.9,14.85,450,15,150,0,123225
NIFTY16JAN2012400CE.NFO,07/01/2020,09:37:12,14.9,14.95,75,15,300,0,123225
NIFTY16JAN2012400CE.NFO,07/01/2020,09:37:14,15,14.95,450,15.1,150,75,123225
NIFTY16JAN2012400CE.NFO,07/01/2020,09:37:15,14.95,14.9,525,15,75,150,123225
NIFTY16JAN2012400CE.NFO,07/01/2020,09:37:16,14.95,14.9,450,15,75,0,123225
NIFTY16JAN2012400CE.NFO,07/01/2020,09:37:17,14.95,14.95,150,15,75,0,123225
NIFTY16JAN2012400CE.NFO,07/01/2020,09:37:18,14.95,14.9,450,15,75,0,123225
NIFTY16JAN2012400CE.NFO,07/01/2020,09:37:19,14.95,14.9,450,15.05,300,150,123225
NIFTY16JAN2012400CE.NFO,07/01/2020,09:37:20,14.95,14.9,450,15.05,300,0,123225
NIFTY16JAN2012400CE.NFO,07/01/2020,09:37:21,14.95,14.9,450,15.05,450,0,123225
NIFTY16JAN2012400CE.NFO,07/01/2020,09:37:22,14.95,14.9,225,15,375,0,123225
NIFTY16JAN2012400CE.NFO,07/01/2020,09:37:24,14.95,14.9,150,14.95,150,0,123225
NIFTY16JAN2012400CE.NFO,07/01/2020,09:37:24,14.95,14.9,75,15,525,0,123225
NIFTY16JAN2012400CE.NFO,07/01/2020,09:37:25,15,14.9,75,15,450,225,123225
NIFTY16JAN2012400CE.NFO,07/01/2020,09:37:26,14.85,14.85,300,14.95,75,150,123225
NIFTY16JAN2012400CE.NFO,07/01/2020,09:37:27,14.95,14.85,150,15,450,75,123225
NIFTY16JAN2012400CE.NFO,07/01/2020,09:37:28,14.95,14.85,75,14.9,900,0,123225
NIFTY16JAN2012400CE.NFO,07/01/2020,09:37:29,14.95,14.8,675,14.9,1050,0,123225
NIFTY16JAN2012400CE.NFO,07/01/2020,09:37:30,14.9,14.8,675,14.9,450,450,123225
NIFTY16JAN2012400CE.NFO,07/01/2020,09:37:32,14.9,14.85,75,14.9,450,0,123225
NIFTY16JAN2012400CE.NFO,07/01/2020,09:37:33,14.9,14.8,375,14.9,450,0,123225
NIFTY16JAN2012400CE.NFO,07/01/2020,09:37:34,14.9,14.8,675,14.85,75,0,123225
NIFTY16JAN2012400CE.NFO,07/01/2020,09:37:38,14.9,14.85,375,14.9,225,300,123225
NIFTY16JAN2012400CE.NFO,07/01/2020,09:37:39,14.9,14.85,300,14.9,225,0,123225
NIFTY16JAN2012400CE.NFO,07/01/2020,09:37:40,14.9,14.8,750,14.9,300,0,123225
NIFTY16JAN2012400CE.NFO,07/01/2020,09:37:41,14.9,14.85,450,14.9,225,0,123225
NIFTY16JAN2012400CE.NFO,07/01/2020,09:37:42,14.95,14.9,375,15,225,300,123225
NIFTY16JAN2012400CE.NFO,07/01/2020,09:37:43,14.95,14.9,75,15,450,0,123225
NIFTY16JAN2012400CE.NFO,07/01/2020,09:37:46,14.95,14.95,75,15,300,0,123225
NIFTY16JAN2012400CE.NFO,07/01/2020,09:37:48,14.95,14.9,75,15,225,75,123225
NIFTY16JAN2012400CE.NFO,07/01/2020,09:37:49,14.95,14.9,75,15,375,0,123225
NIFTY16JAN2012400CE.NFO,07/01/2020,09:37:50,14.95,14.85,375,14.95,75,0,123225
NIFTY16JAN2012400CE.NFO,07/01/2020,09:37:51,15.05,14.9,300,15,225,450,123225
NIFTY16JAN2012400CE.NFO,07/01/2020,09:37:53,15.05,14.95,75,15.05,375,0,123225
NIFTY16JAN2012400CE.NFO,07/01/2020,09:37:54,14.95,14.85,225,14.95,75,75,123225
NIFTY16JAN2012400CE.NFO,07/01/2020,09:37:55,14.85,14.85,150,14.95,150,75,123225
NIFTY16JAN2012400CE.NFO,07/01/2020,09:37:56,14.85,14.8,75,14.9,300,0,123225
NIFTY16JAN2012400CE.NFO,07/01/2020,09:37:57,14.85,14.8,300,14.9,150,0,123225
NIFTY16JAN2012400CE.NFO,07/01/2020,09:37:58,14.85,14.85,300,14.95,300,0,123225
NIFTY16JAN2012400CE.NFO,07/01/2020,09:37:59,14.85,14.8,450,14.95,525,0,123225
NIFTY16JAN2012400CE.NFO,07/01/2020,09:38:00,14.85,14.85,150,14.9,75,0,123225
NIFTY16JAN2012400CE.NFO,07/01/2020,09:38:01,14.85,14.85,375,14.95,75,0,123225
NIFTY16JAN2012400CE.NFO,07/01/2020,09:38:01,14.85,14.85,300,14.95,75,0,123225
NIFTY16JAN2012400CE.NFO,07/01/2020,09:38:03,14.85,14.9,150,15,525,0,123225
NIFTY16JAN2012400CE.NFO,07/01/2020,09:38:05,14.85,14.9,75,15,450,0,123225
NIFTY16JAN2012400CE.NFO,07/01/2020,09:38:06,14.85,14.85,375,14.95,150,0,123225
NIFTY16JAN2012400CE.NFO,07/01/2020,09:38:08,14.85,14.8,300,14.9,225,0,123225
NIFTY16JAN2012400CE.NFO,07/01/2020,09:38:09,14.85,14.85,150,14.9,150,0,123225
NIFTY16JAN2012400CE.NFO,07/01/2020,09:38:10,14.9,14.9,75,15,375,150,123225
NIFTY16JAN2012400CE.NFO,07/01/2020,09:38:12,14.9,14.9,75,15,450,0,123225
NIFTY16JAN2012400CE.NFO,07/01/2020,09:38:13,14.9,14.9,150,15,225,0,123225
NIFTY16JAN2012400CE.NFO,07/01/2020,09:38:14,14.9,14.9,75,15,225,0,123225
NIFTY16JAN2012400CE.NFO,07/01/2020,09:38:15,14.9,14.9,450,15,75,0,123225
NIFTY16JAN2012400CE.NFO,07/01/2020,09:38:16,14.9,14.9,150,15,300,0,123225
NIFTY16JAN2012400CE.NFO,07/01/2020,09:38:17,14.9,14.9,300,15,75,0,123225
NIFTY16JAN2012400CE.NFO,07/01/2020,09:38:19,14.95,15,225,15.15,300,75,125100
NIFTY16JAN2012400CE.NFO,07/01/2020,09:38:20,14.95,15,225,15.15,300,0,125100
NIFTY16JAN2012400CE.NFO,07/01/2020,09:38:21,14.95,14.95,300,15.05,75,0,125100
NIFTY16JAN2012400CE.NFO,07/01/2020,09:38:23,14.95,14.95,375,15.05,150,0,125100
NIFTY16JAN2012400CE.NFO,07/01/2020,09:38:24,14.95,15,150,15.1,375,0,125100
NIFTY16JAN2012400CE.NFO,07/01/2020,09:38:25,14.95,14.95,75,15.05,150,0,125100
NIFTY16JAN2012400CE.NFO,07/01/2020,09:38:26,14.95,14.95,75,15.05,525,0,125100
NIFTY16JAN2012400CE.NFO,07/01/2020,09:38:27,14.95,14.95,375,15.05,75,0,125100
NIFTY16JAN2012400CE.NFO,07/01/2020,09:38:28,14.95,14.9,450,15.05,150,0,125100
NIFTY16JAN2012400CE.NFO,07/01/2020,09:38:29,14.95,14.9,375,15,75,0,125100
NIFTY16JAN2012400CE.NFO,07/01/2020,09:38:30,14.85,14.8,225,14.9,225,150,125100
NIFTY16JAN2012400CE.NFO,07/01/2020,09:38:31,14.85,14.8,375,14.9,75,0,125100
NIFTY16JAN2012400CE.NFO,07/01/2020,09:38:33,14.85,14.8,450,14.95,600,0,125100
NIFTY16JAN2012400CE.NFO,07/01/2020,09:38:34,14.85,14.85,300,14.95,75,0,125100
NIFTY16JAN2012400CE.NFO,07/01/2020,09:38:36,14.85,14.9,150,15,375,0,125100
NIFTY16JAN2012400CE.NFO,07/01/2020,09:38:37,14.85,14.9,150,14.95,225,0,125100
NIFTY16JAN2012400CE.NFO,07/01/2020,09:38:38,14.85,14.85,75,14.95,225,0,125100
NIFTY16JAN2012400CE.NFO,07/01/2020,09:38:40,14.85,14.85,300,15,375,0,125100
NIFTY16JAN2012400CE.NFO,07/01/2020,09:38:41,14.85,14.8,225,15,525,0,125100
NIFTY16JAN2012400CE.NFO,07/01/2020,09:38:41,14.85,14.9,300,15,75,0,125100
NIFTY16JAN2012400CE.NFO,07/01/2020,09:38:42,14.85,14.8,450,14.95,75,0,125100
NIFTY16JAN2012400CE.NFO,07/01/2020,09:38:43,14.95,14.9,75,14.95,75,450,125100
NIFTY16JAN2012400CE.NFO,07/01/2020,09:38:44,15,14.9,75,15,300,225,125100
NIFTY16JAN2012400CE.NFO,07/01/2020,09:38:45,15,14.9,75,14.95,75,0,125100
NIFTY16JAN2012400CE.NFO,07/01/2020,09:38:47,15,14.85,225,14.95,75,0,125100
