Ticker,Date,Time,LTP,BuyPrice,BuyQty,SellPrice,SellQty,LTQ,OpenInterest
NIFTY30JAN2012200CE.NFO,07/01/2020,09:15:00,110,98.2,150,112.5,150,2250,1967475
NIFTY30JAN2012200CE.NFO,07/01/2020,09:15:00,110,98.2,150,112.5,150,0,1967475
NIFTY30JAN2012200CE.NFO,07/01/2020,09:15:00,129.95,98.2,150,112.5,150,0,1967475
NIFTY30JAN2012200CE.NFO,07/01/2020,09:15:00,110,98.2,150,112.5,150,0,1967475
NIFTY30JAN2012200CE.NFO,07/01/2020,09:15:01,113.5,106.2,150,113.35,75,3075,1967475
NIFTY30JAN2012200CE.NFO,07/01/2020,09:15:01,103.3,106.2,150,113.35,75,0,1967475
NIFTY30JAN2012200CE.NFO,07/01/2020,09:15:02,106.3,102.9,300,107.25,225,300,1967475
NIFTY30JAN2012200CE.NFO,07/01/2020,09:15:03,106.8,105,300,106.85,225,1200,1967475
NIFTY30JAN2012200CE.NFO,07/01/2020,09:15:03,102.85,105,300,106.85,225,0,1967475
NIFTY30JAN2012200CE.NFO,07/01/2020,09:15:04,105.05,105.1,150,107,150,1125,1967475
NIFTY30JAN2012200CE.NFO,07/01/2020,09:15:05,106.15,104.85,600,106.2,150,1875,1967475
NIFTY30JAN2012200CE.NFO,07/01/2020,09:15:06,106.2,106.2,225,106.85,150,1125,1967475
NIFTY30JAN2012200CE.NFO,07/01/2020,09:15:07,107,106.6,150,107,600,750,1967475
NIFTY30JAN2012200CE.NFO,07/01/2020,09:15:08,106.9,106.85,900,107.85,75,1425,1967475
NIFTY30JAN2012200CE.NFO,07/01/2020,09:15:09,108.5,108.3,150,109.85,375,7650,1967475
NIFTY30JAN2012200CE.NFO,07/01/2020,09:15:09,108.5,108.3,300,109.85,300,0,1967475
NIFTY30JAN2012200CE.NFO,07/01/2020,09:15:11,110,110.05,300,110.8,75,1800,1967475
NIFTY30JAN2012200CE.NFO,07/01/2020,09:15:12,110,110,4275,110.95,225,1500,1967475
NIFTY30JAN2012200CE.NFO,07/01/2020,09:15:13,111.9,111.1,375,112.55,75,2400,1967475
NIFTY30JAN2012200CE.NFO,07/01/2020,09:15:14,112,110.25,150,112.05,450,4200,1967475
NIFTY30JAN2012200CE.NFO,07/01/2020,09:15:15,110.55,110.55,150,112.45,75,3825,1967475
NIFTY30JAN2012200CE.NFO,07/01/2020,09:15:16,111.4,111.55,225,113.45,75,2925,1967475
NIFTY30JAN2012200CE.NFO,07/01/2020,09:15:16,111.55,111.55,75,113.35,150,1200,1967475
NIFTY30JAN2012200CE.NFO,07/01/2020,09:15:17,111.7,111.75,75,112.95,150,1125,1967475
NIFTY30JAN2012200CE.NFO,07/01/2020,09:15:19,112.1,112.75,75,113.65,300,3750,1967475
NIFTY30JAN2012200CE.NFO,07/01/2020,09:15:20,112.15,112.15,375,114.4,225,3600,1967475
NIFTY30JAN2012200CE.NFO,07/01/2020,09:15:21,114.4,113.65,375,114.45,75,2100,1967475
NIFTY30JAN2012200CE.NFO,07/01/2020,09:15:22,113.45,113.45,525,114.35,225,3750,1967475
NIFTY30JAN2012200CE.NFO,07/01/2020,09:15:23,113.05,112.1,150,114,375,900,1967475
NIFTY30JAN2012200CE.NFO,07/01/2020,09:15:23,114,112.1,150,114,375,300,1967475
NIFTY30JAN2012200CE.NFO,07/01/2020,09:15:25,112.45,111.55,600,112.7,150,3825,1967475
NIFTY30JAN2012200CE.NFO,07/01/2020,09:15:26,112.8,112.4,75,112.8,150,900,1967475
NIFTY30JAN2012200CE.NFO,07/01/2020,09:15:27,112.9,111.65,150,112.3,75,3150,1967475
NIFTY30JAN2012200CE.NFO,07/01/2020,09:15:28,113.2,112.45,150,113.2,75,975,1967475
NIFTY30JAN2012200CE.NFO,07/01/2020,09:15:29,112,111.05,150,111.85,75,3600,1967475
NIFTY30JAN2012200CE.NFO,07/01/2020,09:15:30,112.05,112.05,150,112.4,300,1650,1967475
NIFTY30JAN2012200CE.NFO,07/01/2020,09:15:31,112.4,111,1200,112.1,1275,5475,1967475
NIFTY30JAN2012200CE.NFO,07/01/2020,09:15:31,112.25,111.1,1350,112.2,1125,150,1967475
NIFTY30JAN2012200CE.NFO,07/01/2020,09:15:33,112.25,111.65,225,112.1,150,3450,1967475
NIFTY30JAN2012200CE.NFO,07/01/2020,09:15:34,112.3,111.8,1350,112.25,150,975,1967475
NIFTY30JAN2012200CE.NFO,07/01/2020,09:15:35,111.65,111.65,150,112.1,150,1875,1967475
NIFTY30JAN2012200CE.NFO,07/01/2020,09:15:36,111.65,111.6,75,112.05,75,5400,1967475
NIFTY30JAN2012200CE.NFO,07/01/2020,09:15:37,111.6,111.55,1275,112.05,375,1725,1967475
NIFTY30JAN2012200CE.NFO,07/01/2020,09:15:38,111.7,111.55,1275,112.15,150,3000,1967475
NIFTY30JAN2012200CE.NFO,07/01/2020,09:15:39,111.7,111.75,150,112.25,450,2625,1967475
NIFTY30JAN2012200CE.NFO,07/01/2020,09:15:39,111.75,111.75,75,112.25,600,450,1967475
NIFTY30JAN2012200CE.NFO,07/01/2020,09:15:41,112.4,112.15,75,112.45,150,1350,1967475
NIFTY30JAN2012200CE.NFO,07/01/2020,09:15:42,113.15,112.45,150,113.2,225,3300,1967475
NIFTY30JAN2012200CE.NFO,07/01/2020,09:15:43,112.95,112.65,450,113.1,225,900,1967475
NIFTY30JAN2012200CE.NFO,07/01/2020,09:15:44,112.3,112.25,300,112.8,1575,975,1967475
NIFTY30JAN2012200CE.NFO,07/01/2020,09:15:45,112.5,112.35,150,112.8,1200,1125,1967475
NIFTY30JAN2012200CE.NFO,07/01/2020,09:15:45,112.5,112.25,450,112.75,1275,0,1967475
NIFTY30JAN2012200CE.NFO,07/01/2020,09:15:47,112.5,112.5,300,113,450,2100,1967475
NIFTY30JAN2012200CE.NFO,07/01/2020,09:15:48,112.25,112.25,375,112.85,1200,525,1967475
NIFTY30JAN2012200CE.NFO,07/01/2020,09:15:49,112.85,112.45,1350,113,525,1350,1967475
NIFTY30JAN2012200CE.NFO,07/01/2020,09:15:50,112.85,112.5,75,112.85,75,825,1967475
NIFTY30JAN2012200CE.NFO,07/01/2020,09:15:51,112.5,112.35,300,112.95,300,1050,1967475
NIFTY30JAN2012200CE.NFO,07/01/2020,09:15:52,113,112.55,600,113.05,1200,3300,1967475
NIFTY30JAN2012200CE.NFO,07/01/2020,09:15:52,113,112.55,300,112.95,75,0,1967475
NIFTY30JAN2012200CE.NFO,07/01/2020,09:15:54,113,112.65,300,113,450,1275,1967475
NIFTY30JAN2012200CE.NFO,07/01/2020,09:15:55,112.3,112.3,1725,112.8,300,2925,1967475
NIFTY30JAN2012200CE.NFO,07/01/2020,09:15:56,113,113,1800,113.35,150,4425,1967475
NIFTY30JAN2012200CE.NFO,07/01/2020,09:15:57,112.8,112.8,375,113.05,150,2475,1967475
NIFTY30JAN2012200CE.NFO,07/01/2020,09:15:58,112.9,112.6,450,113.1,450,4800,1967475
NIFTY30JAN2012200CE.NFO,07/01/2020,09:15:59,112.75,112.55,75,112.9,150,975,1967475
NIFTY30JAN2012200CE.NFO,07/01/2020,09:15:59,112.75,112.4,75,112.9,450,0,1967475
NIFTY30JAN2012200CE.NFO,07/01/2020,09:16:00,112.45,112.4,75,112.85,300,2325,1967475
NIFTY30JAN2012200CE.NFO,07/01/2020,09:16:02,112.55,112.55,75,112.9,525,2400,1967475
NIFTY30JAN2012200CE.NFO,07/01/2020,09:16:03,112.3,112.35,300,112.7,150,675,1967475
NIFTY30JAN2012200CE.NFO,07/01/2020,09:16:04,112.35,112.3,225,112.35,150,3975,1967475
NIFTY30JAN2012200CE.NFO,07/01/2020,09:16:05,112.35,112.3,75,112.55,525,300,1967475
NIFTY30JAN2012200CE.NFO,07/01/2020,09:16:06,112.25,112.1,75,112.4,600,825,1967475
NIFTY30JAN2012200CE.NFO,07/01/2020,09:16:06,112.25,112.15,75,112.4,600,0,1967475
NIFTY30JAN2012200CE.NFO,07/01/2020,09:16:08,112.85,112.5,300,112.8,450,1800,1967475
NIFTY30JAN2012200CE.NFO,07/01/2020,09:16:09,112.8,112.5,225,112.9,300,1950,1967475
NIFTY30JAN2012200CE.NFO,07/01/2020,09:16:10,112.65,112.65,150,112.95,375,750,1967475
NIFTY30JAN2012200CE.NFO,07/01/2020,09:16:11,112.55,112.5,75,112.95,300,675,1967475
NIFTY30JAN2012200CE.NFO,07/01/2020,09:16:12,112.5,112.55,75,112.95,300,750,1967475
NIFTY30JAN2012200CE.NFO,07/01/2020,09:16:12,112.5,112.6,75,113,3900,0,1967475
NIFTY30JAN2012200CE.NFO,07/01/2020,09:16:14,112.7,112.7,75,113,1575,2850,1967475
NIFTY30JAN2012200CE.NFO,07/01/2020,09:16:15,112.65,112.7,225,113.15,450,1950,1967475
NIFTY30JAN2012200CE.NFO,07/01/2020,09:16:16,112.75,112.65,300,113.15,75,975,1967475
NIFTY30JAN2012200CE.NFO,07/01/2020,09:16:17,113.25,112.95,75,113.35,150,1125,1967475
NIFTY30JAN2012200CE.NFO,07/01/2020,09:16:18,113,112.85,300,113.2,75,525,1967475
NIFTY30JAN2012200CE.NFO,07/01/2020,09:16:18,113,112.85,600,113.2,75,0,1967475
NIFTY30JAN2012200CE.NFO,07/01/2020,09:16:20,113,112.8,150,113,675,3900,1967475
NIFTY30JAN2012200CE.NFO,07/01/2020,09:16:21,113.85,113.3,300,113.85,300,3750,1967475
NIFTY30JAN2012200CE.NFO,07/01/2020,09:16:22,113.4,113.4,225,113.85,150,525,1967475
NIFTY30JAN2012200CE.NFO,07/01/2020,09:16:23,114,113.45,300,114,75,1650,1967475
NIFTY30JAN2012200CE.NFO,07/01/2020,09:16:23,113.8,113.3,75,113.8,75,900,1967475
NIFTY30JAN2012200CE.NFO,07/01/2020,09:16:25,113.95,113.45,75,113.95,300,6375,1967475
NIFTY30JAN2012200CE.NFO,07/01/2020,09:16:26,114.4,114,525,114.35,225,1950,1967475
NIFTY30JAN2012200CE.NFO,07/01/2020,09:16:27,113.5,113.55,75,114.1,300,3300,1967475
NIFTY30JAN2012200CE.NFO,07/01/2020,09:16:28,114.25,114.25,150,114.75,225,3075,1967475
NIFTY30JAN2012200CE.NFO,07/01/2020,09:16:29,114.95,114.35,75,114.95,75,3300,1967475
NIFTY30JAN2012200CE.NFO,07/01/2020,09:16:29,114.95,114.35,225,114.95,225,0,1967475
NIFTY30JAN2012200CE.NFO,07/01/2020,09:16:31,114.1,114.25,75,114.75,375,3000,1967475
NIFTY30JAN2012200CE.NFO,07/01/2020,09:16:32,114.8,114.45,150,114.8,75,1875,1967475
NIFTY30JAN2012200CE.NFO,07/01/2020,09:16:33,114.7,114.4,150,114.75,300,1425,1967475
NIFTY30JAN2012200CE.NFO,07/01/2020,09:16:34,115,114.7,450,115,450,3450,1967475
NIFTY30JAN2012200CE.NFO,07/01/2020,09:16:35,115,115,75,115.2,150,2175,1967475
NIFTY30JAN2012200CE.NFO,07/01/2020,09:16:35,114.65,114.6,150,115.05,75,225,1967475
NIFTY30JAN2012200CE.NFO,07/01/2020,09:16:37,114.95,114.8,150,115,150,1875,1967475
NIFTY30JAN2012200CE.NFO,07/01/2020,09:16:38,115.2,114.85,225,115.2,150,5325,1967475
NIFTY30JAN2012200CE.NFO,07/01/2020,09:16:39,114.8,114.75,150,115.1,150,1125,1967475
NIFTY30JAN2012200CE.NFO,07/01/2020,09:16:40,115.1,114.75,75,115,75,4500,1967475
NIFTY30JAN2012200CE.NFO,07/01/2020,09:16:41,115.35,114.85,150,115.2,150,4275,1967475
NIFTY30JAN2012200CE.NFO,07/01/2020,09:16:41,115,114.85,300,115.2,300,225,1967475
NIFTY30JAN2012200CE.NFO,07/01/2020,09:16:43,115.35,115.15,150,115.4,75,1350,1967475
NIFTY30JAN2012200CE.NFO,07/01/2020,09:16:44,115.7,115.45,225,115.9,75,1950,1967475
NIFTY30JAN2012200CE.NFO,07/01/2020,09:16:45,115.95,115.6,300,116.05,150,1425,1967475
NIFTY30JAN2012200CE.NFO,07/01/2020,09:16:46,115.85,115.9,300,116.35,375,2400,1967475
NIFTY30JAN2012200CE.NFO,07/01/2020,09:16:47,116.2,116.15,150,116.55,75,1650,1967475
NIFTY30JAN2012200CE.NFO,07/01/2020,09:16:47,116.75,116.25,225,116.8,75,300,1967475
NIFTY30JAN2012200CE.NFO,07/01/2020,09:16:49,116.45,116.45,450,116.95,75,1275,1967475
NIFTY30JAN2012200CE.NFO,07/01/2020,09:16:50,116.65,116.65,375,117.05,75,150,1967475
NIFTY30JAN2012200CE.NFO,07/01/2020,09:16:51,117,116.85,150,117.15,75,2100,1967475
NIFTY30JAN2012200CE.NFO,07/01/2020,09:16:52,116.6,116.4,150,116.85,450,3300,1967475
NIFTY30JAN2012200CE.NFO,07/01/2020,09:16:53,117.05,116.55,75,117.15,75,1650,1967475
NIFTY30JAN2012200CE.NFO,07/01/2020,09:16:53,116.65,116.5,225,117.15,75,450,1967475
NIFTY30JAN2012200CE.NFO,07/01/2020,09:16:55,116.45,116.45,300,117.05,75,600,1967475
NIFTY30JAN2012200CE.NFO,07/01/2020,09:16:56,116.95,116.95,150,117.4,75,525,1967475
NIFTY30JAN2012200CE.NFO,07/01/2020,09:16:57,117.5,116.9,300,117.5,150,3975,1967475
NIFTY30JAN2012200CE.NFO,07/01/2020,09:16:58,117.4,116.9,150,117.25,300,3825,1967475
NIFTY30JAN2012200CE.NFO,07/01/2020,09:16:58,117.25,116.9,150,117.25,150,150,1967475
NIFTY30JAN2012200CE.NFO,07/01/2020,09:17:00,117.2,116.7,75,117.25,75,3075,1967475
NIFTY30JAN2012200CE.NFO,07/01/2020,09:17:01,117.5,117.05,150,117.55,225,1275,1967475
NIFTY30JAN2012200CE.NFO,07/01/2020,09:17:02,117.1,117.15,150,117.6,75,1425,1967475
NIFTY30JAN2012200CE.NFO,07/01/2020,09:17:03,117.85,117.4,300,117.9,900,2025,1967475
NIFTY30JAN2012200CE.NFO,07/01/2020,09:17:04,117.5,117.45,900,118.1,225,1800,1967475
NIFTY30JAN2012200CE.NFO,07/01/2020,09:17:04,117.5,117.6,150,118.15,300,0,1967475
NIFTY30JAN2012200CE.NFO,07/01/2020,09:17:06,118.15,117.85,600,118.3,1125,2550,1967475
NIFTY30JAN2012200CE.NFO,07/01/2020,09:17:07,118.3,118.05,450,118.3,825,450,1967475
NIFTY30JAN2012200CE.NFO,07/01/2020,09:17:08,118.5,118.25,450,118.5,150,2700,1967475
NIFTY30JAN2012200CE.NFO,07/01/2020,09:17:09,118.85,118.4,525,118.85,75,1650,1967475
NIFTY30JAN2012200CE.NFO,07/01/2020,09:17:10,119.1,119.1,375,119.5,75,1800,1933725
NIFTY30JAN2012200CE.NFO,07/01/2020,09:17:10,119.5,119.1,525,119.65,300,75,1933725
NIFTY30JAN2012200CE.NFO,07/01/2020,09:17:12,119.75,119.05,75,119.7,150,5925,1933725
NIFTY30JAN2012200CE.NFO,07/01/2020,09:17:13,119.1,119.25,150,119.75,150,2025,1933725
NIFTY30JAN2012200CE.NFO,07/01/2020,09:17:14,119.75,119.35,75,119.8,75,225,1933725
NIFTY30JAN2012200CE.NFO,07/01/2020,09:17:15,119.45,119.35,225,119.9,150,600,1933725
NIFTY30JAN2012200CE.NFO,07/01/2020,09:17:16,119.75,119.35,150,119.75,75,750,1933725
NIFTY30JAN2012200CE.NFO,07/01/2020,09:17:17,120,119.6,150,120,4125,1800,1933725
NIFTY30JAN2012200CE.NFO,07/01/2020,09:17:17,119.9,119.65,300,119.9,150,1875,1933725
NIFTY30JAN2012200CE.NFO,07/01/2020,09:17:19,120,119.8,525,120.3,450,9150,1933725
NIFTY30JAN2012200CE.NFO,07/01/2020,09:17:20,119.75,119.55,150,119.95,75,5175,1933725
NIFTY30JAN2012200CE.NFO,07/01/2020,09:17:21,120,119.65,150,120.15,75,1650,1933725
NIFTY30JAN2012200CE.NFO,07/01/2020,09:17:22,120.4,120,150,120.4,75,2325,1933725
NIFTY30JAN2012200CE.NFO,07/01/2020,09:17:22,120.5,120.05,300,120.5,150,600,1933725
NIFTY30JAN2012200CE.NFO,07/01/2020,09:17:24,120,120,1500,120.25,75,1125,1933725
NIFTY30JAN2012200CE.NFO,07/01/2020,09:17:25,120.25,119.85,75,120.35,225,3375,1933725
NIFTY30JAN2012200CE.NFO,07/01/2020,09:17:26,120.3,119.95,225,120.6,225,1650,1933725
NIFTY30JAN2012200CE.NFO,07/01/2020,09:17:27,119.95,119.9,150,120.4,75,1950,1933725
NIFTY30JAN2012200CE.NFO,07/01/2020,09:17:27,120.3,119.8,300,120.35,150,525,1933725
NIFTY30JAN2012200CE.NFO,07/01/2020,09:17:29,120.25,119.65,150,120.15,150,1500,1933725
NIFTY30JAN2012200CE.NFO,07/01/2020,09:17:30,120.05,119.55,150,119.95,150,1650,1933725
NIFTY30JAN2012200CE.NFO,07/01/2020,09:17:31,119.55,119.55,150,119.95,150,2100,1933725
NIFTY30JAN2012200CE.NFO,07/01/2020,09:17:32,119.8,119.65,150,119.95,75,675,1933725
NIFTY30JAN2012200CE.NFO,07/01/2020,09:17:32,119.95,119.7,75,119.95,600,825,1933725
NIFTY30JAN2012200CE.NFO,07/01/2020,09:17:34,119.2,119.05,225,119.7,450,2400,1933725
NIFTY30JAN2012200CE.NFO,07/01/2020,09:17:35,119.45,119.15,150,119.7,75,900,1933725
NIFTY30JAN2012200CE.NFO,07/01/2020,09:17:36,119.1,119.15,150,119.7,225,75,1933725
NIFTY30JAN2012200CE.NFO,07/01/2020,09:17:37,118.75,118.6,150,119.15,150,1200,1933725
NIFTY30JAN2012200CE.NFO,07/01/2020,09:17:37,118.5,118.65,75,119.3,150,225,1933725
NIFTY30JAN2012200CE.NFO,07/01/2020,09:17:39,119.55,118.8,750,119.3,300,825,1933725
NIFTY30JAN2012200CE.NFO,07/01/2020,09:17:40,119,118.65,600,119.2,150,1275,1933725
NIFTY30JAN2012200CE.NFO,07/01/2020,09:17:41,119.25,118.75,150,119.25,75,525,1933725
NIFTY30JAN2012200CE.NFO,07/01/2020,09:17:42,119.2,118.55,150,119,150,75,1933725
NIFTY30JAN2012200CE.NFO,07/01/2020,09:17:42,118.95,118.4,300,118.95,150,75,1933725
NIFTY30JAN2012200CE.NFO,07/01/2020,09:17:44,118.9,118.35,150,118.95,600,2475,1933725
NIFTY30JAN2012200CE.NFO,07/01/2020,09:17:45,118.2,118.05,300,118.7,75,2025,1933725
NIFTY30JAN2012200CE.NFO,07/01/2020,09:17:46,118.2,118.2,75,118.65,75,225,1933725
NIFTY30JAN2012200CE.NFO,07/01/2020,09:17:47,118.55,118.15,225,118.6,150,150,1933725
NIFTY30JAN2012200CE.NFO,07/01/2020,09:17:47,118.55,118.25,225,118.7,225,0,1933725
NIFTY30JAN2012200CE.NFO,07/01/2020,09:17:49,118.6,118.6,150,118.95,225,1800,1933725
NIFTY30JAN2012200CE.NFO,07/01/2020,09:17:50,118.3,118.4,150,118.8,300,1575,1933725
NIFTY30JAN2012200CE.NFO,07/01/2020,09:17:51,118.3,118.3,450,118.9,225,375,1933725
NIFTY30JAN2012200CE.NFO,07/01/2020,09:17:52,118.25,118.3,300,118.8,150,525,1933725
NIFTY30JAN2012200CE.NFO,07/01/2020,09:17:52,118.25,118.3,300,118.75,75,0,1933725
NIFTY30JAN2012200CE.NFO,07/01/2020,09:17:54,118.5,118.25,150,118.7,375,750,1933725
NIFTY30JAN2012200CE.NFO,07/01/2020,09:17:55,118.5,118.25,225,118.5,150,525,1933725
NIFTY30JAN2012200CE.NFO,07/01/2020,09:17:56,118.35,118.35,675,118.9,300,1800,1933725
NIFTY30JAN2012200CE.NFO,07/01/2020,09:17:57,118.6,118.2,150,118.65,225,300,1933725
NIFTY30JAN2012200CE.NFO,07/01/2020,09:17:57,118.6,118.5,75,118.75,150,0,1933725
NIFTY30JAN2012200CE.NFO,07/01/2020,09:17:59,118.3,118.15,75,118.7,825,225,1933725
NIFTY30JAN2012200CE.NFO,07/01/2020,09:18:00,118.55,118.55,150,118.95,150,600,1933725
NIFTY30JAN2012200CE.NFO,07/01/2020,09:18:01,119,118.8,600,119,525,750,1933725
NIFTY30JAN2012200CE.NFO,07/01/2020,09:18:02,119.6,119.1,600,119.7,300,2100,1933725
NIFTY30JAN2012200CE.NFO,07/01/2020,09:18:02,119.55,119,450,119.7,375,1950,1933725
NIFTY30JAN2012200CE.NFO,07/01/2020,09:18:04,119.95,119.55,150,119.9,150,3150,1933725
NIFTY30JAN2012200CE.NFO,07/01/2020,09:18:05,120,119.75,75,120,3300,4275,1933725
NIFTY30JAN2012200CE.NFO,07/01/2020,09:18:06,120.2,119.95,225,120.25,150,6750,1933725
NIFTY30JAN2012200CE.NFO,07/01/2020,09:18:07,120.3,119.7,825,120.2,150,900,1933725
NIFTY30JAN2012200CE.NFO,07/01/2020,09:18:07,120.3,119.65,300,120,750,0,1933725
NIFTY30JAN2012200CE.NFO,07/01/2020,09:18:09,120,119.7,150,120,450,825,1933725
NIFTY30JAN2012200CE.NFO,07/01/2020,09:18:10,119.65,119.6,225,119.9,150,1950,1933725
NIFTY30JAN2012200CE.NFO,07/01/2020,09:18:11,120,119.8,75,120.3,75,1275,1933725
NIFTY30JAN2012200CE.NFO,07/01/2020,09:18:12,120.65,120.2,150,120.65,450,4350,1933725
NIFTY30JAN2012200CE.NFO,07/01/2020,09:18:12,120.5,120.15,225,120.55,225,600,1933725
NIFTY30JAN2012200CE.NFO,07/01/2020,09:18:13,120.4,120.3,75,120.8,975,825,1933725
NIFTY30JAN2012200CE.NFO,07/01/2020,09:18:14,120.3,120,300,120.45,525,75,1933725
NIFTY30JAN2012200CE.NFO,07/01/2020,09:18:15,120.55,120.05,150,120.3,150,225,1933725
NIFTY30JAN2012200CE.NFO,07/01/2020,09:18:16,120.1,120,75,120.35,150,150,1933725
NIFTY30JAN2012200CE.NFO,07/01/2020,09:18:17,120.3,120,375,120.45,150,1050,1933725
NIFTY30JAN2012200CE.NFO,07/01/2020,09:18:18,120,119.75,75,120,2100,3075,1933725
NIFTY30JAN2012200CE.NFO,07/01/2020,09:18:19,119.95,119.75,150,120,5400,1350,1933725
NIFTY30JAN2012200CE.NFO,07/01/2020,09:18:20,120.05,120.15,150,120.2,150,6150,1933725
NIFTY30JAN2012200CE.NFO,07/01/2020,09:18:21,119.75,119.75,75,120.1,225,2250,1933725
NIFTY30JAN2012200CE.NFO,07/01/2020,09:18:22,120.5,120.2,150,120.45,150,2175,1933725
NIFTY30JAN2012200CE.NFO,07/01/2020,09:18:23,120,120,300,120.25,300,375,1933725
NIFTY30JAN2012200CE.NFO,07/01/2020,09:18:24,120.7,120.2,75,120.45,150,975,1933725
NIFTY30JAN2012200CE.NFO,07/01/2020,09:18:25,120.05,120,225,120.25,600,1500,1933725
NIFTY30JAN2012200CE.NFO,07/01/2020,09:18:26,119.95,119.7,150,119.95,675,600,1933725
NIFTY30JAN2012200CE.NFO,07/01/2020,09:18:27,119.85,119.5,75,119.95,225,1950,1933725
NIFTY30JAN2012200CE.NFO,07/01/2020,09:18:28,119.9,119.8,150,120.05,75,300,1933725
NIFTY30JAN2012200CE.NFO,07/01/2020,09:18:29,119.8,119.75,225,120,225,1725,1933725
NIFTY30JAN2012200CE.NFO,07/01/2020,09:18:30,119.9,119.7,150,119.9,600,1200,1933725
NIFTY30JAN2012200CE.NFO,07/01/2020,09:18:31,119.85,119.5,150,119.8,75,600,1933725
NIFTY30JAN2012200CE.NFO,07/01/2020,09:18:32,119.3,119.05,150,119.3,825,2550,1933725
NIFTY30JAN2012200CE.NFO,07/01/2020,09:18:33,118.9,118.7,75,119.1,675,750,1933725
NIFTY30JAN2012200CE.NFO,07/01/2020,09:18:34,119.05,119,75,119.3,150,450,1933725
NIFTY30JAN2012200CE.NFO,07/01/2020,09:18:35,118.95,118.9,75,119.3,375,75,1933725
NIFTY30JAN2012200CE.NFO,07/01/2020,09:18:36,118.75,118.75,150,119.1,225,225,1933725
NIFTY30JAN2012200CE.NFO,07/01/2020,09:18:37,118.85,118.7,600,119.2,225,900,1933725
NIFTY30JAN2012200CE.NFO,07/01/2020,09:18:38,119,118.5,300,119,300,150,1933725
NIFTY30JAN2012200CE.NFO,07/01/2020,09:18:39,119,118.35,150,118.75,150,0,1933725
NIFTY30JAN2012200CE.NFO,07/01/2020,09:18:40,119,118.35,150,118.6,600,0,1933725
NIFTY30JAN2012200CE.NFO,07/01/2020,09:18:42,118.65,118.35,150,118.6,75,75,1933725
NIFTY30JAN2012200CE.NFO,07/01/2020,09:18:43,118.55,118.4,150,118.65,150,300,1933725
NIFTY30JAN2012200CE.NFO,07/01/2020,09:18:44,118.9,118.45,300,118.85,75,900,1933725
NIFTY30JAN2012200CE.NFO,07/01/2020,09:18:45,119,118.65,75,118.85,75,1425,1933725
NIFTY30JAN2012200CE.NFO,07/01/2020,09:18:46,118.8,118.45,150,118.8,75,75,1933725
NIFTY30JAN2012200CE.NFO,07/01/2020,09:18:47,118.35,117.95,600,118.4,375,1500,1933725
NIFTY30JAN2012200CE.NFO,07/01/2020,09:18:48,118.45,118.05,150,118.4,150,1350,1933725
NIFTY30JAN2012200CE.NFO,07/01/2020,09:18:49,118.4,118.1,75,118.4,75,675,1933725
NIFTY30JAN2012200CE.NFO,07/01/2020,09:18:50,118,117.85,150,118.3,300,150,1933725
NIFTY30JAN2012200CE.NFO,07/01/2020,09:18:51,118,117.85,150,118,75,3825,1933725
NIFTY30JAN2012200CE.NFO,07/01/2020,09:18:52,118.2,117.9,150,118.25,75,150,1933725
NIFTY30JAN2012200CE.NFO,07/01/2020,09:18:53,117.95,117.85,150,118.25,150,450,1933725
NIFTY30JAN2012200CE.NFO,07/01/2020,09:18:54,117.65,117.4,375,117.8,150,3375,1933725
NIFTY30JAN2012200CE.NFO,07/01/2020,09:18:55,117.55,117.4,150,117.75,150,525,1933725
NIFTY30JAN2012200CE.NFO,07/01/2020,09:18:56,117.35,117.25,75,117.7,225,225,1933725
NIFTY30JAN2012200CE.NFO,07/01/2020,09:18:57,117.4,117.1,150,117.4,75,3075,1933725
NIFTY30JAN2012200CE.NFO,07/01/2020,09:18:58,117.4,117.25,150,117.5,150,75,1933725
NIFTY30JAN2012200CE.NFO,07/01/2020,09:18:59,117.75,117.55,600,117.8,150,300,1933725
NIFTY30JAN2012200CE.NFO,07/01/2020,09:19:00,117.5,117.55,225,117.95,150,1500,1933725
NIFTY30JAN2012200CE.NFO,07/01/2020,09:19:01,117.6,117.65,75,117.95,150,525,1933725
NIFTY30JAN2012200CE.NFO,07/01/2020,09:19:02,118,118,675,118.25,75,1425,1933725
NIFTY30JAN2012200CE.NFO,07/01/2020,09:19:03,118.05,118.15,525,118.45,150,1875,1933725
NIFTY30JAN2012200CE.NFO,07/01/2020,09:19:04,117.95,117.9,75,118.25,300,225,1933725
NIFTY30JAN2012200CE.NFO,07/01/2020,09:19:05,118.05,118,225,118.4,300,600,1933725
NIFTY30JAN2012200CE.NFO,07/01/2020,09:19:06,117.85,117.8,75,118.25,225,600,1933725
NIFTY30JAN2012200CE.NFO,07/01/2020,09:19:07,118.1,117.7,150,118.15,375,2250,1933725
NIFTY30JAN2012200CE.NFO,07/01/2020,09:19:08,118.05,117.75,225,118,75,150,1933725
NIFTY30JAN2012200CE.NFO,07/01/2020,09:19:09,118,117.95,150,118.4,150,1575,1933725
NIFTY30JAN2012200CE.NFO,07/01/2020,09:19:10,118.15,118.25,75,118.4,150,225,1933725
NIFTY30JAN2012200CE.NFO,07/01/2020,09:19:11,118.05,118,3525,118.4,150,600,1933725
NIFTY30JAN2012200CE.NFO,07/01/2020,09:19:12,118,118.1,75,118.45,150,5025,1933725
NIFTY30JAN2012200CE.NFO,07/01/2020,09:19:13,118.55,118.35,150,118.55,150,1725,1933725
NIFTY30JAN2012200CE.NFO,07/01/2020,09:19:14,118.4,118,1125,118.3,150,3375,1933725
NIFTY30JAN2012200CE.NFO,07/01/2020,09:19:15,118.35,118.3,75,118.8,150,150,1933725
NIFTY30JAN2012200CE.NFO,07/01/2020,09:19:16,118.05,118.1,150,118.45,225,975,1933725
NIFTY30JAN2012200CE.NFO,07/01/2020,09:19:17,118.45,118.3,150,118.6,150,150,1933725
NIFTY30JAN2012200CE.NFO,07/01/2020,09:19:18,118.75,118.35,150,118.75,75,1875,1933725
NIFTY30JAN2012200CE.NFO,07/01/2020,09:19:19,118.2,118.5,75,118.8,75,600,1933725
NIFTY30JAN2012200CE.NFO,07/01/2020,09:19:20,118.75,118.85,75,119,75,675,1933725
NIFTY30JAN2012200CE.NFO,07/01/2020,09:19:21,118.7,118.8,150,119.25,450,3450,1933725
NIFTY30JAN2012200CE.NFO,07/01/2020,09:19:22,119.5,119.2,150,119.6,75,1350,1933725
NIFTY30JAN2012200CE.NFO,07/01/2020,09:19:23,118.8,118.95,225,119.3,150,4800,1933725
NIFTY30JAN2012200CE.NFO,07/01/2020,09:19:24,119,119.15,150,119.45,150,450,1933725
NIFTY30JAN2012200CE.NFO,07/01/2020,09:19:25,119.15,119.25,75,119.55,600,2325,1933725
NIFTY30JAN2012200CE.NFO,07/01/2020,09:19:26,119.55,119.25,75,119.55,450,75,1933725
NIFTY30JAN2012200CE.NFO,07/01/2020,09:19:27,119.7,119.25,150,119.65,225,75,1933725
NIFTY30JAN2012200CE.NFO,07/01/2020,09:19:28,119.5,119.25,150,119.6,225,150,1933725
NIFTY30JAN2012200CE.NFO,07/01/2020,09:19:29,118.75,118.65,150,119.1,525,975,1933725
NIFTY30JAN2012200CE.NFO,07/01/2020,09:19:30,119,118.8,150,119.2,150,825,1933725
NIFTY30JAN2012200CE.NFO,07/01/2020,09:19:31,118.75,118.5,150,118.85,75,600,1933725
NIFTY30JAN2012200CE.NFO,07/01/2020,09:19:32,119,118.8,150,119.05,225,1050,1933725
NIFTY30JAN2012200CE.NFO,07/01/2020,09:19:33,118.55,118.5,150,118.8,225,225,1933725
NIFTY30JAN2012200CE.NFO,07/01/2020,09:19:34,118.5,118.35,150,118.5,600,75,1933725
NIFTY30JAN2012200CE.NFO,07/01/2020,09:19:35,118.5,118.35,75,118.6,150,300,1933725
NIFTY30JAN2012200CE.NFO,07/01/2020,09:19:36,118.6,118.2,225,118.55,300,7800,1933725
NIFTY30JAN2012200CE.NFO,07/01/2020,09:19:37,118.6,118.15,150,118.5,300,0,1933725
NIFTY30JAN2012200CE.NFO,07/01/2020,09:19:38,118.2,118.35,225,118.7,150,825,1933725
NIFTY30JAN2012200CE.NFO,07/01/2020,09:19:39,118.55,118.55,75,118.9,150,75,1933725
NIFTY30JAN2012200CE.NFO,07/01/2020,09:19:40,118.75,118.6,225,119,150,450,1933725
NIFTY30JAN2012200CE.NFO,07/01/2020,09:19:41,118.65,118.65,150,119,150,975,1933725
NIFTY30JAN2012200CE.NFO,07/01/2020,09:19:42,118.75,118.8,225,119.15,150,300,1933725
NIFTY30JAN2012200CE.NFO,07/01/2020,09:19:43,119,118.9,150,119.35,375,1425,1933725
NIFTY30JAN2012200CE.NFO,07/01/2020,09:19:44,119.1,119.05,825,119.45,150,75,1933725
NIFTY30JAN2012200CE.NFO,07/01/2020,09:19:45,119.1,119.05,825,119.45,150,0,1933725
NIFTY30JAN2012200CE.NFO,07/01/2020,09:19:46,119.8,119.65,150,119.9,300,1650,1933725
NIFTY30JAN2012200CE.NFO,07/01/2020,09:19:47,119.5,119.45,225,119.8,225,1050,1933725
NIFTY30JAN2012200CE.NFO,07/01/2020,09:19:48,119.5,119.65,450,119.85,300,75,1933725
NIFTY30JAN2012200CE.NFO,07/01/2020,09:19:49,119.6,119.45,150,119.8,450,750,1933725
NIFTY30JAN2012200CE.NFO,07/01/2020,09:19:50,119.6,119.4,75,119.65,75,0,1933725
NIFTY30JAN2012200CE.NFO,07/01/2020,09:19:51,119.6,119.4,75,119.6,150,0,1933725
NIFTY30JAN2012200CE.NFO,07/01/2020,09:19:52,119.65,119.7,600,119.95,225,825,1933725
NIFTY30JAN2012200CE.NFO,07/01/2020,09:19:53,119.7,119.65,75,120,4500,675,1933725
NIFTY30JAN2012200CE.NFO,07/01/2020,09:19:54,119.75,119.55,600,119.8,150,375,1933725
NIFTY30JAN2012200CE.NFO,07/01/2020,09:19:55,119.45,119.15,300,119.5,150,225,1933725
NIFTY30JAN2012200CE.NFO,07/01/2020,09:19:56,119.7,119.35,225,119.75,150,150,1933725
NIFTY30JAN2012200CE.NFO,07/01/2020,09:19:57,119.5,119.4,600,119.6,150,675,1933725
NIFTY30JAN2012200CE.NFO,07/01/2020,09:19:58,119.5,119.4,600,119.65,150,0,1933725
NIFTY30JAN2012200CE.NFO,07/01/2020,09:19:59,119.45,119.25,150,119.7,150,525,1933725
NIFTY30JAN2012200CE.NFO,07/01/2020,09:20:00,119.95,119.55,75,120,4350,2400,1933725
NIFTY30JAN2012200CE.NFO,07/01/2020,09:20:01,120,119.8,75,120,2775,2250,1933725
NIFTY30JAN2012200CE.NFO,07/01/2020,09:20:02,120.3,119.95,300,120.35,75,4425,1933725
NIFTY30JAN2012200CE.NFO,07/01/2020,09:20:03,120,119.95,225,120.3,150,2700,1933725
NIFTY30JAN2012200CE.NFO,07/01/2020,09:20:04,120.45,120.3,150,120.5,1125,1725,1933725
NIFTY30JAN2012200CE.NFO,07/01/2020,09:20:05,120.3,120.15,150,120.45,150,150,1933725
NIFTY30JAN2012200CE.NFO,07/01/2020,09:20:06,120.7,120.6,150,120.75,675,5775,1933725
NIFTY30JAN2012200CE.NFO,07/01/2020,09:20:07,120.7,120.4,150,120.7,150,975,1933725
NIFTY30JAN2012200CE.NFO,07/01/2020,09:20:08,120.55,120.15,75,120.55,450,75,1933725
NIFTY30JAN2012200CE.NFO,07/01/2020,09:20:09,120.35,120.05,375,120.5,75,1425,1933725
NIFTY30JAN2012200CE.NFO,07/01/2020,09:20:10,120.7,120.4,75,120.75,75,3450,1933725
NIFTY30JAN2012200CE.NFO,07/01/2020,09:20:11,120.55,120.55,150,120.7,75,4200,1895625
NIFTY30JAN2012200CE.NFO,07/01/2020,09:20:12,120.55,120.5,75,120.65,450,825,1895625
NIFTY30JAN2012200CE.NFO,07/01/2020,09:20:13,120.5,120.3,150,120.6,150,675,1895625
NIFTY30JAN2012200CE.NFO,07/01/2020,09:20:14,120.9,120.65,75,120.95,150,1200,1895625
NIFTY30JAN2012200CE.NFO,07/01/2020,09:20:15,120.7,120.65,150,120.95,150,525,1895625
NIFTY30JAN2012200CE.NFO,07/01/2020,09:20:16,120.65,120.65,150,120.95,375,300,1895625
NIFTY30JAN2012200CE.NFO,07/01/2020,09:20:17,120.95,120.75,150,121,3450,75,1895625
NIFTY30JAN2012200CE.NFO,07/01/2020,09:20:18,120.95,120.75,150,121,3450,0,1895625
NIFTY30JAN2012200CE.NFO,07/01/2020,09:20:19,120.5,120.6,225,120.95,150,750,1895625
NIFTY30JAN2012200CE.NFO,07/01/2020,09:20:20,120.25,120.4,300,120.75,150,2400,1895625
NIFTY30JAN2012200CE.NFO,07/01/2020,09:20:21,120.6,120.2,150,120.55,150,900,1895625
NIFTY30JAN2012200CE.NFO,07/01/2020,09:20:22,120.6,120.15,150,120.4,75,0,1895625
NIFTY30JAN2012200CE.NFO,07/01/2020,09:20:23,120.25,120.05,150,120.3,150,1500,1895625
NIFTY30JAN2012200CE.NFO,07/01/2020,09:20:24,120.3,120.3,150,120.55,450,975,1895625
NIFTY30JAN2012200CE.NFO,07/01/2020,09:20:25,120,119.8,150,120.1,75,2175,1895625
NIFTY30JAN2012200CE.NFO,07/01/2020,09:20:26,120.45,120.05,150,120.35,150,525,1895625
NIFTY30JAN2012200CE.NFO,07/01/2020,09:20:27,120.5,120.15,150,120.5,225,75,1895625
NIFTY30JAN2012200CE.NFO,07/01/2020,09:20:28,120.4,120.4,75,120.65,75,450,1895625
NIFTY30JAN2012200CE.NFO,07/01/2020,09:20:29,120.5,120.35,150,120.5,225,75,1895625
NIFTY30JAN2012200CE.NFO,07/01/2020,09:20:30,120.5,120.35,75,120.65,150,375,1895625
NIFTY30JAN2012200CE.NFO,07/01/2020,09:20:31,120.8,120.5,150,120.8,150,750,1895625
NIFTY30JAN2012200CE.NFO,07/01/2020,09:20:32,120.9,120.55,75,120.95,150,300,1895625
NIFTY30JAN2012200CE.NFO,07/01/2020,09:20:33,120.55,120.6,75,120.9,75,150,1895625
NIFTY30JAN2012200CE.NFO,07/01/2020,09:20:34,120.5,120.6,150,120.9,75,525,1895625
NIFTY30JAN2012200CE.NFO,07/01/2020,09:20:35,120.5,120.65,150,120.95,150,2325,1895625
NIFTY30JAN2012200CE.NFO,07/01/2020,09:20:36,120.55,120.65,150,120.85,150,1800,1895625
NIFTY30JAN2012200CE.NFO,07/01/2020,09:20:37,120.55,120.65,150,120.95,150,0,1895625
NIFTY30JAN2012200CE.NFO,07/01/2020,09:20:38,120.5,120.25,300,120.6,150,675,1895625
NIFTY30JAN2012200CE.NFO,07/01/2020,09:20:39,120.45,120.35,75,120.6,75,225,1895625
NIFTY30JAN2012200CE.NFO,07/01/2020,09:20:40,120.7,120.35,150,120.7,150,1275,1895625
NIFTY30JAN2012200CE.NFO,07/01/2020,09:20:41,120.8,120.45,150,120.7,150,1350,1895625
NIFTY30JAN2012200CE.NFO,07/01/2020,09:20:42,120.5,120.15,150,120.45,450,225,1895625
NIFTY30JAN2012200CE.NFO,07/01/2020,09:20:43,120.15,120.15,225,120.45,600,75,1895625
NIFTY30JAN2012200CE.NFO,07/01/2020,09:20:44,120.4,120.4,75,120.65,75,225,1895625
NIFTY30JAN2012200CE.NFO,07/01/2020,09:20:45,120.4,120.4,225,120.7,150,300,1895625
NIFTY30JAN2012200CE.NFO,07/01/2020,09:20:46,120.45,120.55,150,120.8,525,75,1895625
NIFTY30JAN2012200CE.NFO,07/01/2020,09:20:47,120.75,120.45,75,120.7,225,150,1895625
NIFTY30JAN2012200CE.NFO,07/01/2020,09:20:48,120.7,120.35,150,120.4,75,750,1895625
NIFTY30JAN2012200CE.NFO,07/01/2020,09:20:49,120.7,120.5,450,120.75,75,225,1895625
NIFTY30JAN2012200CE.NFO,07/01/2020,09:20:50,120.75,120.6,450,120.9,225,825,1895625
NIFTY30JAN2012200CE.NFO,07/01/2020,09:20:51,121,120.7,150,121,2175,825,1895625
NIFTY30JAN2012200CE.NFO,07/01/2020,09:20:52,120.7,120.65,450,120.95,75,225,1895625
NIFTY30JAN2012200CE.NFO,07/01/2020,09:20:53,121.15,121.15,75,121.45,450,2325,1895625
NIFTY30JAN2012200CE.NFO,07/01/2020,09:20:54,121.25,121.3,75,121.55,150,3300,1895625
NIFTY30JAN2012200CE.NFO,07/01/2020,09:20:55,121.8,121.6,150,121.75,75,1350,1895625
NIFTY30JAN2012200CE.NFO,07/01/2020,09:20:56,121.45,121.4,225,121.6,450,450,1895625
NIFTY30JAN2012200CE.NFO,07/01/2020,09:20:57,121.45,121.45,150,121.8,300,75,1895625
NIFTY30JAN2012200CE.NFO,07/01/2020,09:20:58,121.45,121.3,300,121.75,150,0,1895625
NIFTY30JAN2012200CE.NFO,07/01/2020,09:20:59,121.35,121.25,75,121.55,75,150,1895625
NIFTY30JAN2012200CE.NFO,07/01/2020,09:21:00,121.35,121.25,150,121.65,150,525,1895625
NIFTY30JAN2012200CE.NFO,07/01/2020,09:21:01,121.05,120.9,150,121.25,75,1800,1895625
NIFTY30JAN2012200CE.NFO,07/01/2020,09:21:02,120.8,120.65,300,120.95,75,900,1895625
NIFTY30JAN2012200CE.NFO,07/01/2020,09:21:03,121,120.55,375,120.95,75,75,1895625
NIFTY30JAN2012200CE.NFO,07/01/2020,09:21:04,120.5,120.25,150,120.6,150,225,1895625
NIFTY30JAN2012200CE.NFO,07/01/2020,09:21:05,120.45,120.05,75,120.55,375,600,1895625
NIFTY30JAN2012200CE.NFO,07/01/2020,09:21:06,120.4,120.15,375,120.55,150,75,1895625
NIFTY30JAN2012200CE.NFO,07/01/2020,09:21:07,120.5,120.2,225,120.6,75,450,1895625
NIFTY30JAN2012200CE.NFO,07/01/2020,09:21:08,120.35,120.3,600,120.7,75,300,1895625
NIFTY30JAN2012200CE.NFO,07/01/2020,09:21:09,121.05,120.8,150,121.1,600,3675,1895625
NIFTY30JAN2012200CE.NFO,07/01/2020,09:21:10,120.5,120.75,150,121,150,1950,1895625
NIFTY30JAN2012200CE.NFO,07/01/2020,09:21:11,121.1,121.1,225,121.45,150,600,1895625
NIFTY30JAN2012200CE.NFO,07/01/2020,09:21:12,121.8,121.45,75,121.8,75,375,1895625
NIFTY30JAN2012200CE.NFO,07/01/2020,09:21:13,121.35,121.3,75,121.75,150,2850,1895625
NIFTY30JAN2012200CE.NFO,07/01/2020,09:21:14,121.35,121.6,150,121.85,150,0,1895625
NIFTY30JAN2012200CE.NFO,07/01/2020,09:21:15,121.9,121.3,300,121.9,300,1350,1895625
NIFTY30JAN2012200CE.NFO,07/01/2020,09:21:16,121.4,121.4,300,121.75,225,600,1895625
NIFTY30JAN2012200CE.NFO,07/01/2020,09:21:17,121.9,121.5,450,121.85,300,2700,1895625
NIFTY30JAN2012200CE.NFO,07/01/2020,09:21:18,122,121.65,150,121.95,75,975,1895625
NIFTY30JAN2012200CE.NFO,07/01/2020,09:21:19,121.85,121.6,150,121.9,75,4575,1895625
NIFTY30JAN2012200CE.NFO,07/01/2020,09:21:20,122.25,121.95,2100,122.2,75,5550,1895625
NIFTY30JAN2012200CE.NFO,07/01/2020,09:21:21,122.1,121.95,3525,122.25,450,4275,1895625
NIFTY30JAN2012200CE.NFO,07/01/2020,09:21:22,121.95,121.95,3450,122.15,225,225,1895625
NIFTY30JAN2012200CE.NFO,07/01/2020,09:21:23,121.95,121.95,2925,122.05,75,525,1895625
NIFTY30JAN2012200CE.NFO,07/01/2020,09:21:24,121.9,121.75,150,121.9,75,3000,1895625
NIFTY30JAN2012200CE.NFO,07/01/2020,09:21:25,121.85,121.6,225,121.85,75,225,1895625
NIFTY30JAN2012200CE.NFO,07/01/2020,09:21:26,121.6,121.6,150,121.95,150,225,1895625
NIFTY30JAN2012200CE.NFO,07/01/2020,09:21:27,121.9,121.6,375,121.9,150,75,1895625
NIFTY30JAN2012200CE.NFO,07/01/2020,09:21:28,121.6,121.55,1575,121.8,525,375,1895625
NIFTY30JAN2012200CE.NFO,07/01/2020,09:21:29,121.9,121.65,150,121.9,150,825,1895625
NIFTY30JAN2012200CE.NFO,07/01/2020,09:21:30,121.4,121.4,75,121.65,75,2625,1895625
NIFTY30JAN2012200CE.NFO,07/01/2020,09:21:31,121.35,121.3,150,121.65,225,225,1895625
NIFTY30JAN2012200CE.NFO,07/01/2020,09:21:32,121.3,121.15,150,121.45,225,75,1895625
NIFTY30JAN2012200CE.NFO,07/01/2020,09:21:33,121.15,121.05,1500,121.15,75,150,1895625
NIFTY30JAN2012200CE.NFO,07/01/2020,09:21:34,121.15,121.15,75,121.35,150,75,1895625
NIFTY30JAN2012200CE.NFO,07/01/2020,09:21:35,121.35,121.2,150,121.5,75,75,1895625
NIFTY30JAN2012200CE.NFO,07/01/2020,09:21:36,121.25,121.1,75,121.3,75,75,1895625
NIFTY30JAN2012200CE.NFO,07/01/2020,09:21:37,121.4,121.3,75,121.5,75,375,1895625
NIFTY30JAN2012200CE.NFO,07/01/2020,09:21:38,121.4,121.3,75,121.45,150,0,1895625
NIFTY30JAN2012200CE.NFO,07/01/2020,09:21:39,121.4,121.25,300,121.5,75,0,1895625
NIFTY30JAN2012200CE.NFO,07/01/2020,09:21:40,121.45,121.35,150,121.7,150,225,1895625
NIFTY30JAN2012200CE.NFO,07/01/2020,09:21:41,121.95,121.6,225,122,2250,1950,1895625
NIFTY30JAN2012200CE.NFO,07/01/2020,09:21:42,122,121.85,150,122.05,225,2250,1895625
NIFTY30JAN2012200CE.NFO,07/01/2020,09:21:43,122.25,122.25,300,122.7,75,4500,1895625
NIFTY30JAN2012200CE.NFO,07/01/2020,09:21:44,122.45,122.25,150,122.55,150,375,1895625
NIFTY30JAN2012200CE.NFO,07/01/2020,09:21:45,122.55,122.3,225,122.6,150,1575,1895625
NIFTY30JAN2012200CE.NFO,07/01/2020,09:21:46,122.6,122.15,600,122.55,150,375,1895625
NIFTY30JAN2012200CE.NFO,07/01/2020,09:21:47,122.25,122.25,75,122.55,75,225,1895625
NIFTY30JAN2012200CE.NFO,07/01/2020,09:21:48,122.2,122.2,150,122.5,525,225,1895625
NIFTY30JAN2012200CE.NFO,07/01/2020,09:21:49,122.2,122.1,450,122.3,150,225,1895625
NIFTY30JAN2012200CE.NFO,07/01/2020,09:21:50,122.4,122.05,150,122.3,75,525,1895625
NIFTY30JAN2012200CE.NFO,07/01/2020,09:21:51,122.35,122.35,75,122.6,300,375,1895625
NIFTY30JAN2012200CE.NFO,07/01/2020,09:21:52,122.35,122.1,150,122.4,150,0,1895625
NIFTY30JAN2012200CE.NFO,07/01/2020,09:21:53,122.4,122.1,300,122.5,150,75,1895625
NIFTY30JAN2012200CE.NFO,07/01/2020,09:21:54,122.55,122.25,375,122.55,75,1875,1895625
NIFTY30JAN2012200CE.NFO,07/01/2020,09:21:55,122.55,122.25,300,122.55,75,225,1895625
NIFTY30JAN2012200CE.NFO,07/01/2020,09:21:56,122.55,122.25,300,122.55,150,0,1895625
NIFTY30JAN2012200CE.NFO,07/01/2020,09:21:57,122.45,122.4,150,122.6,75,225,1895625
NIFTY30JAN2012200CE.NFO,07/01/2020,09:21:58,122.65,122.45,600,122.7,75,150,1895625
NIFTY30JAN2012200CE.NFO,07/01/2020,09:21:59,122.6,122.6,75,122.85,150,75,1895625
NIFTY30JAN2012200CE.NFO,07/01/2020,09:22:00,122.85,122.55,75,122.85,150,1350,1895625
NIFTY30JAN2012200CE.NFO,07/01/2020,09:22:01,122.95,122.75,450,123.05,150,2550,1895625
NIFTY30JAN2012200CE.NFO,07/01/2020,09:22:02,122.8,122.55,150,122.75,75,600,1895625
NIFTY30JAN2012200CE.NFO,07/01/2020,09:22:03,122.8,122.7,75,122.95,75,0,1895625
NIFTY30JAN2012200CE.NFO,07/01/2020,09:22:04,123.7,123.7,75,123.85,75,2475,1895625
NIFTY30JAN2012200CE.NFO,07/01/2020,09:22:05,124.3,123.85,150,124.2,300,2925,1895625
NIFTY30JAN2012200CE.NFO,07/01/2020,09:22:06,123.9,123.95,450,124.15,150,1800,1895625
NIFTY30JAN2012200CE.NFO,07/01/2020,09:22:07,124.05,124.15,225,124.35,75,375,1895625
NIFTY30JAN2012200CE.NFO,07/01/2020,09:22:08,124.3,124.3,75,124.4,75,900,1895625
NIFTY30JAN2012200CE.NFO,07/01/2020,09:22:09,124.25,123.95,150,124.25,225,1275,1895625
NIFTY30JAN2012200CE.NFO,07/01/2020,09:22:10,124.05,123.65,225,123.95,150,1050,1895625
NIFTY30JAN2012200CE.NFO,07/01/2020,09:22:11,123.55,123.55,375,123.75,525,150,1895625
NIFTY30JAN2012200CE.NFO,07/01/2020,09:22:12,123.7,123.55,150,123.85,150,525,1895625
NIFTY30JAN2012200CE.NFO,07/01/2020,09:22:13,123.55,123.15,300,123.5,150,1575,1895625
NIFTY30JAN2012200CE.NFO,07/01/2020,09:22:14,123.2,123.1,150,123.35,150,2475,1895625
NIFTY30JAN2012200CE.NFO,07/01/2020,09:22:15,123.4,123.15,150,123.4,150,75,1895625
NIFTY30JAN2012200CE.NFO,07/01/2020,09:22:16,123.6,123.6,75,123.9,150,675,1895625
NIFTY30JAN2012200CE.NFO,07/01/2020,09:22:17,124.15,123.95,225,124.25,75,2175,1895625
NIFTY30JAN2012200CE.NFO,07/01/2020,09:22:18,124.5,124.45,75,124.7,150,4500,1895625
NIFTY30JAN2012200CE.NFO,07/01/2020,09:22:19,124.45,124.45,150,124.7,75,1350,1895625
NIFTY30JAN2012200CE.NFO,07/01/2020,09:22:20,124.45,124.2,150,124.5,150,1650,1895625
NIFTY30JAN2012200CE.NFO,07/01/2020,09:22:21,124.25,124.2,225,124.5,225,1050,1895625
NIFTY30JAN2012200CE.NFO,07/01/2020,09:22:22,124,124,2475,124.25,450,1275,1895625
NIFTY30JAN2012200CE.NFO,07/01/2020,09:22:23,124.05,124.05,75,124.25,150,975,1895625
NIFTY30JAN2012200CE.NFO,07/01/2020,09:22:24,124.35,124.15,150,124.4,300,1425,1895625
NIFTY30JAN2012200CE.NFO,07/01/2020,09:22:25,124.7,124.55,150,124.7,75,1125,1895625
NIFTY30JAN2012200CE.NFO,07/01/2020,09:22:26,124.7,124.55,75,124.75,3675,1950,1895625
NIFTY30JAN2012200CE.NFO,07/01/2020,09:22:27,124.6,124.5,75,124.65,300,525,1895625
NIFTY30JAN2012200CE.NFO,07/01/2020,09:22:28,124.5,124.3,75,124.5,150,525,1895625
NIFTY30JAN2012200CE.NFO,07/01/2020,09:22:29,124.3,124.05,150,124.3,225,825,1895625
NIFTY30JAN2012200CE.NFO,07/01/2020,09:22:30,124.3,124.05,225,124.3,375,0,1895625
NIFTY30JAN2012200CE.NFO,07/01/2020,09:22:31,124.5,124.2,150,124.4,225,1725,1895625
NIFTY30JAN2012200CE.NFO,07/01/2020,09:22:32,124,123.8,150,124.1,150,3375,1895625
NIFTY30JAN2012200CE.NFO,07/01/2020,09:22:33,124.2,123.95,150,124.25,450,300,1895625
NIFTY30JAN2012200CE.NFO,07/01/2020,09:22:34,124.2,124.1,225,124.3,150,0,1895625
NIFTY30JAN2012200CE.NFO,07/01/2020,09:22:35,124.2,124.1,225,124.25,150,0,1895625
NIFTY30JAN2012200CE.NFO,07/01/2020,09:22:36,124.3,124.1,225,124.3,300,150,1895625
NIFTY30JAN2012200CE.NFO,07/01/2020,09:22:37,124.3,124.1,150,124.45,375,0,1895625
NIFTY30JAN2012200CE.NFO,07/01/2020,09:22:38,124.7,124.5,600,124.75,3600,675,1895625
NIFTY30JAN2012200CE.NFO,07/01/2020,09:22:39,124.5,124.3,150,124.5,75,750,1895625
NIFTY30JAN2012200CE.NFO,07/01/2020,09:22:40,124.65,124.45,150,124.7,375,675,1895625
NIFTY30JAN2012200CE.NFO,07/01/2020,09:22:41,124.5,124.35,150,124.65,150,450,1895625
NIFTY30JAN2012200CE.NFO,07/01/2020,09:22:42,124.35,124.35,75,124.6,300,600,1895625
NIFTY30JAN2012200CE.NFO,07/01/2020,09:22:43,124.3,124.2,150,124.5,900,225,1895625
NIFTY30JAN2012200CE.NFO,07/01/2020,09:22:44,124.3,124.25,225,124.4,300,0,1895625
NIFTY30JAN2012200CE.NFO,07/01/2020,09:22:45,124.2,124.05,150,124.35,300,225,1895625
NIFTY30JAN2012200CE.NFO,07/01/2020,09:22:46,123.55,123.9,150,124.2,150,1350,1895625
NIFTY30JAN2012200CE.NFO,07/01/2020,09:22:47,123.8,123.6,225,123.8,75,75,1895625
NIFTY30JAN2012200CE.NFO,07/01/2020,09:22:48,124.15,123.8,75,123.95,150,150,1895625
NIFTY30JAN2012200CE.NFO,07/01/2020,09:22:49,124.05,124,225,124.3,300,150,1895625
NIFTY30JAN2012200CE.NFO,07/01/2020,09:22:50,124,124,75,124.3,225,450,1895625
NIFTY30JAN2012200CE.NFO,07/01/2020,09:22:51,124,123.95,75,124.25,150,1350,1895625
NIFTY30JAN2012200CE.NFO,07/01/2020,09:22:52,124.5,124.3,150,124.7,675,1275,1895625
NIFTY30JAN2012200CE.NFO,07/01/2020,09:22:53,124,124.1,75,124.5,225,1575,1895625
NIFTY30JAN2012200CE.NFO,07/01/2020,09:22:54,124.5,124.4,75,124.6,150,150,1895625
NIFTY30JAN2012200CE.NFO,07/01/2020,09:22:55,124.8,124.75,225,124.9,75,3525,1895625
NIFTY30JAN2012200CE.NFO,07/01/2020,09:22:56,124.65,124.5,150,124.75,150,750,1895625
NIFTY30JAN2012200CE.NFO,07/01/2020,09:22:57,124.75,124.55,225,124.8,150,900,1895625
NIFTY30JAN2012200CE.NFO,07/01/2020,09:22:58,124.75,124.7,450,124.9,75,0,1895625
NIFTY30JAN2012200CE.NFO,07/01/2020,09:22:59,124.7,124.5,150,124.75,225,450,1895625
NIFTY30JAN2012200CE.NFO,07/01/2020,09:23:00,124.75,124.55,375,124.8,150,975,1895625
NIFTY30JAN2012200CE.NFO,07/01/2020,09:23:01,124.85,124.55,525,124.9,75,375,1895625
NIFTY30JAN2012200CE.NFO,07/01/2020,09:23:02,124.85,124.65,375,124.85,750,0,1895625
NIFTY30JAN2012200CE.NFO,07/01/2020,09:23:03,125,124.8,225,125,18150,1200,1895625
NIFTY30JAN2012200CE.NFO,07/01/2020,09:23:04,124.85,124.85,75,124.95,375,2700,1895625
NIFTY30JAN2012200CE.NFO,07/01/2020,09:23:05,124.85,124.85,75,125,18375,0,1895625
NIFTY30JAN2012200CE.NFO,07/01/2020,09:23:06,124.95,124.9,75,125,15525,5700,1895625
NIFTY30JAN2012200CE.NFO,07/01/2020,09:23:07,125,124.75,300,125,13200,2625,1895625
NIFTY30JAN2012200CE.NFO,07/01/2020,09:23:08,124.95,124.75,300,124.95,225,75,1895625
NIFTY30JAN2012200CE.NFO,07/01/2020,09:23:09,124.95,124.75,300,124.95,75,0,1895625
NIFTY30JAN2012200CE.NFO,07/01/2020,09:23:10,124.9,124.65,75,124.85,150,4650,1895625
NIFTY30JAN2012200CE.NFO,07/01/2020,09:23:11,124.6,124.4,150,124.6,75,300,1854225
NIFTY30JAN2012200CE.NFO,07/01/2020,09:23:12,124.65,124.5,150,124.75,375,600,1854225
NIFTY30JAN2012200CE.NFO,07/01/2020,09:23:13,124.7,124.5,150,124.7,300,1500,1854225
NIFTY30JAN2012200CE.NFO,07/01/2020,09:23:14,124.65,124.35,300,124.7,150,1200,1854225
NIFTY30JAN2012200CE.NFO,07/01/2020,09:23:15,124.55,124.45,75,124.75,75,1125,1854225
NIFTY30JAN2012200CE.NFO,07/01/2020,09:23:16,124.55,124.4,150,124.65,75,0,1854225
NIFTY30JAN2012200CE.NFO,07/01/2020,09:23:17,124.25,124.35,150,124.5,525,1200,1854225
NIFTY30JAN2012200CE.NFO,07/01/2020,09:23:18,124.5,124.35,150,124.6,150,675,1854225
NIFTY30JAN2012200CE.NFO,07/01/2020,09:23:19,124.5,124.6,450,124.8,75,75,1854225
NIFTY30JAN2012200CE.NFO,07/01/2020,09:23:20,124.85,124.7,225,124.85,450,150,1854225
NIFTY30JAN2012200CE.NFO,07/01/2020,09:23:21,125,124.9,600,125,4800,6675,1854225
NIFTY30JAN2012200CE.NFO,07/01/2020,09:23:22,125,124.9,450,125,900,4575,1854225
NIFTY30JAN2012200CE.NFO,07/01/2020,09:23:23,124.85,124.8,150,125,900,750,1854225
NIFTY30JAN2012200CE.NFO,07/01/2020,09:23:24,125.25,125.2,1500,125.45,150,6525,1854225
NIFTY30JAN2012200CE.NFO,07/01/2020,09:23:25,125.2,125.2,1875,125.4,375,1050,1854225
NIFTY30JAN2012200CE.NFO,07/01/2020,09:23:26,125.2,125.2,1575,125.4,375,300,1854225
NIFTY30JAN2012200CE.NFO,07/01/2020,09:23:27,125,124.9,150,125.1,300,1875,1854225
NIFTY30JAN2012200CE.NFO,07/01/2020,09:23:28,124.85,124.95,225,125.2,150,675,1854225
NIFTY30JAN2012200CE.NFO,07/01/2020,09:23:29,125.2,124.9,150,125.15,150,600,1854225
NIFTY30JAN2012200CE.NFO,07/01/2020,09:23:30,125,125.15,75,125.35,225,600,1854225
NIFTY30JAN2012200CE.NFO,07/01/2020,09:23:31,125.35,124.95,150,125.25,150,75,1854225
NIFTY30JAN2012200CE.NFO,07/01/2020,09:23:32,124.95,124.95,225,125.3,150,225,1854225
NIFTY30JAN2012200CE.NFO,07/01/2020,09:23:33,125.05,124.85,525,125.05,75,300,1854225
NIFTY30JAN2012200CE.NFO,07/01/2020,09:23:34,124.95,124.85,75,125,4950,150,1854225
NIFTY30JAN2012200CE.NFO,07/01/2020,09:23:35,125,124.85,75,125,4200,825,1854225
NIFTY30JAN2012200CE.NFO,07/01/2020,09:23:36,125,125.1,675,125.45,150,4200,1854225
NIFTY30JAN2012200CE.NFO,07/01/2020,09:23:37,125.45,125.15,150,125.45,150,600,1854225
NIFTY30JAN2012200CE.NFO,07/01/2020,09:23:38,125,125.05,375,125.25,150,525,1854225
NIFTY30JAN2012200CE.NFO,07/01/2020,09:23:39,124.85,124.8,150,125.1,150,1125,1854225
NIFTY30JAN2012200CE.NFO,07/01/2020,09:23:40,124.75,124.75,75,125,75,150,1854225
NIFTY30JAN2012200CE.NFO,07/01/2020,09:23:41,125,124.85,75,125.05,225,150,1854225
NIFTY30JAN2012200CE.NFO,07/01/2020,09:23:42,125,124.8,75,124.95,450,1800,1854225
NIFTY30JAN2012200CE.NFO,07/01/2020,09:23:43,125.1,124.9,150,125.1,75,1800,1854225
NIFTY30JAN2012200CE.NFO,07/01/2020,09:23:44,124.7,124.7,150,124.9,450,375,1854225
NIFTY30JAN2012200CE.NFO,07/01/2020,09:23:45,124.7,124.7,150,124.9,450,0,1854225
NIFTY30JAN2012200CE.NFO,07/01/2020,09:23:46,124.95,124.8,150,125,75,750,1854225
NIFTY30JAN2012200CE.NFO,07/01/2020,09:23:47,125,124.8,150,125.05,150,375,1854225
NIFTY30JAN2012200CE.NFO,07/01/2020,09:23:48,124.9,124.9,150,125.15,150,150,1854225
NIFTY30JAN2012200CE.NFO,07/01/2020,09:23:49,125.15,125.2,150,125.45,150,75,1854225
NIFTY30JAN2012200CE.NFO,07/01/2020,09:23:50,125.35,125.05,150,125.35,150,150,1854225
NIFTY30JAN2012200CE.NFO,07/01/2020,09:23:51,125.15,125.3,675,125.5,75,600,1854225
NIFTY30JAN2012200CE.NFO,07/01/2020,09:23:52,125.35,125.45,150,125.65,225,75,1854225
NIFTY30JAN2012200CE.NFO,07/01/2020,09:23:53,125.45,125.35,375,125.6,150,150,1854225
NIFTY30JAN2012200CE.NFO,07/01/2020,09:23:54,125.4,125.4,375,125.65,150,450,1854225
NIFTY30JAN2012200CE.NFO,07/01/2020,09:23:55,125.5,125.4,450,125.6,150,75,1854225
NIFTY30JAN2012200CE.NFO,07/01/2020,09:23:56,125.6,125.5,375,125.65,150,225,1854225
NIFTY30JAN2012200CE.NFO,07/01/2020,09:23:57,125.5,125.5,225,125.7,225,300,1854225
NIFTY30JAN2012200CE.NFO,07/01/2020,09:23:58,125.8,125.6,375,125.85,150,600,1854225
NIFTY30JAN2012200CE.NFO,07/01/2020,09:23:59,125.6,125.45,450,125.6,75,75,1854225
NIFTY30JAN2012200CE.NFO,07/01/2020,09:24:00,125.6,125.4,450,125.6,375,0,1854225
NIFTY30JAN2012200CE.NFO,07/01/2020,09:24:01,125.6,125.45,225,125.6,150,4200,1854225
NIFTY30JAN2012200CE.NFO,07/01/2020,09:24:02,125.75,125.4,300,125.7,150,1950,1854225
NIFTY30JAN2012200CE.NFO,07/01/2020,09:24:03,125.65,125.5,525,125.8,225,525,1854225
NIFTY30JAN2012200CE.NFO,07/01/2020,09:24:04,125.15,125.1,150,125.2,375,975,1854225
NIFTY30JAN2012200CE.NFO,07/01/2020,09:24:05,125.35,125.3,150,125.65,375,600,1854225
NIFTY30JAN2012200CE.NFO,07/01/2020,09:24:06,125.4,125.45,375,125.6,450,75,1854225
NIFTY30JAN2012200CE.NFO,07/01/2020,09:24:07,125.5,125.25,150,125.55,450,450,1854225
NIFTY30JAN2012200CE.NFO,07/01/2020,09:24:08,125.4,125.2,75,125.5,225,525,1854225
NIFTY30JAN2012200CE.NFO,07/01/2020,09:24:09,125.4,125.1,225,125.2,150,0,1854225
NIFTY30JAN2012200CE.NFO,07/01/2020,09:24:10,125.2,125.05,3000,125.2,225,600,1854225
NIFTY30JAN2012200CE.NFO,07/01/2020,09:24:11,125.3,125.1,225,125.4,225,750,1854225
NIFTY30JAN2012200CE.NFO,07/01/2020,09:24:12,125.1,125.1,150,125.35,150,225,1854225
NIFTY30JAN2012200CE.NFO,07/01/2020,09:24:13,125.1,125.05,2850,125.35,150,0,1854225
NIFTY30JAN2012200CE.NFO,07/01/2020,09:24:14,125.2,125.2,225,125.5,150,600,1854225
NIFTY30JAN2012200CE.NFO,07/01/2020,09:24:15,125.3,125.1,150,125.35,75,75,1854225
NIFTY30JAN2012200CE.NFO,07/01/2020,09:24:16,125.1,125.15,75,125.3,450,75,1854225
NIFTY30JAN2012200CE.NFO,07/01/2020,09:24:17,125.15,125.05,2850,125.25,375,150,1854225
NIFTY30JAN2012200CE.NFO,07/01/2020,09:24:18,125.05,125.05,2775,125.3,225,75,1854225
NIFTY30JAN2012200CE.NFO,07/01/2020,09:24:19,125.05,125.05,2700,125.3,150,75,1854225
NIFTY30JAN2012200CE.NFO,07/01/2020,09:24:20,125,125,1425,125.3,450,3900,1854225
NIFTY30JAN2012200CE.NFO,07/01/2020,09:24:21,125.2,125.2,900,125.3,525,600,1854225
NIFTY30JAN2012200CE.NFO,07/01/2020,09:24:22,125.25,125.2,75,125.45,450,975,1854225
NIFTY30JAN2012200CE.NFO,07/01/2020,09:24:23,125.25,125.1,75,125.35,150,0,1854225
NIFTY30JAN2012200CE.NFO,07/01/2020,09:24:24,125.1,125.15,450,125.35,150,75,1854225
NIFTY30JAN2012200CE.NFO,07/01/2020,09:24:25,125.1,125.15,75,125.35,150,0,1854225
NIFTY30JAN2012200CE.NFO,07/01/2020,09:24:26,125.1,125.25,75,125.35,150,0,1854225
NIFTY30JAN2012200CE.NFO,07/01/2020,09:24:27,125.1,125.05,75,125.25,75,150,1854225
NIFTY30JAN2012200CE.NFO,07/01/2020,09:24:28,125.05,125.05,75,125.25,75,75,1854225
NIFTY30JAN2012200CE.NFO,07/01/2020,09:24:29,125.1,125.05,75,125.3,300,675,1854225
NIFTY30JAN2012200CE.NFO,07/01/2020,09:24:30,125,125,1275,125.15,750,225,1854225
NIFTY30JAN2012200CE.NFO,07/01/2020,09:24:31,125.1,125.1,225,125.25,150,150,1854225
NIFTY30JAN2012200CE.NFO,07/01/2020,09:24:32,125.15,125.05,150,125.3,150,900,1854225
NIFTY30JAN2012200CE.NFO,07/01/2020,09:24:33,125.05,125,675,125.2,150,75,1854225
NIFTY30JAN2012200CE.NFO,07/01/2020,09:24:34,124.9,124.8,825,124.9,75,675,1854225
NIFTY30JAN2012200CE.NFO,07/01/2020,09:24:35,124.8,124.85,75,125,600,150,1854225
NIFTY30JAN2012200CE.NFO,07/01/2020,09:24:36,125,124.85,75,125,525,75,1854225
NIFTY30JAN2012200CE.NFO,07/01/2020,09:24:37,125.05,125,75,125.1,150,750,1854225
NIFTY30JAN2012200CE.NFO,07/01/2020,09:24:38,125.05,125,75,125.1,150,0,1854225
NIFTY30JAN2012200CE.NFO,07/01/2020,09:24:39,124.9,124.8,750,125,150,525,1854225
NIFTY30JAN2012200CE.NFO,07/01/2020,09:24:40,124.85,124.8,750,124.9,225,75,1854225
NIFTY30JAN2012200CE.NFO,07/01/2020,09:24:41,125,124.95,75,125.25,300,750,1854225
NIFTY30JAN2012200CE.NFO,07/01/2020,09:24:42,124.8,124.8,150,124.95,75,825,1854225
NIFTY30JAN2012200CE.NFO,07/01/2020,09:24:43,124.8,124.8,150,125,225,0,1854225
NIFTY30JAN2012200CE.NFO,07/01/2020,09:24:44,124.85,124.65,45300,124.95,150,750,1854225
NIFTY30JAN2012200CE.NFO,07/01/2020,09:24:45,125,124.7,75,124.95,150,1350,1854225
NIFTY30JAN2012200CE.NFO,07/01/2020,09:24:46,124.65,124.65,44475,124.95,450,825,1854225
NIFTY30JAN2012200CE.NFO,07/01/2020,09:24:47,124.65,124.7,150,124.95,450,0,1854225
NIFTY30JAN2012200CE.NFO,07/01/2020,09:24:48,124.65,124.7,75,124.95,450,0,1854225
NIFTY30JAN2012200CE.NFO,07/01/2020,09:24:49,124.9,124.7,75,124.9,150,75,1854225
NIFTY30JAN2012200CE.NFO,07/01/2020,09:24:50,124.85,124.85,450,125,600,75,1854225
NIFTY30JAN2012200CE.NFO,07/01/2020,09:24:51,125,124.85,150,125,225,525,1854225
NIFTY30JAN2012200CE.NFO,07/01/2020,09:24:52,124.65,124.7,150,124.9,75,3825,1854225
NIFTY30JAN2012200CE.NFO,07/01/2020,09:24:53,125.05,124.85,75,125.05,150,375,1854225
NIFTY30JAN2012200CE.NFO,07/01/2020,09:24:54,124.7,124.65,43650,125,75,150,1854225
NIFTY30JAN2012200CE.NFO,07/01/2020,09:24:55,124.7,124.65,43650,125,300,0,1854225
NIFTY30JAN2012200CE.NFO,07/01/2020,09:24:56,124.95,124.7,150,124.95,150,75,1854225
NIFTY30JAN2012200CE.NFO,07/01/2020,09:24:57,124.95,124.8,900,125,75,0,1854225
NIFTY30JAN2012200CE.NFO,07/01/2020,09:24:58,124.95,124.75,150,125,75,0,1854225
NIFTY30JAN2012200CE.NFO,07/01/2020,09:24:59,124.75,124.65,43200,124.95,1050,2325,1854225
NIFTY30JAN2012200CE.NFO,07/01/2020,09:25:00,124.7,124.7,150,125,225,225,1854225
NIFTY30JAN2012200CE.NFO,07/01/2020,09:25:01,125.25,124.9,150,125.2,150,1125,1854225
NIFTY30JAN2012200CE.NFO,07/01/2020,09:25:02,125.3,125.1,150,125.4,150,150,1854225
NIFTY30JAN2012200CE.NFO,07/01/2020,09:25:03,125.4,125.1,1350,125.45,525,150,1854225
NIFTY30JAN2012200CE.NFO,07/01/2020,09:25:04,125.4,125.2,150,125.45,150,0,1854225
NIFTY30JAN2012200CE.NFO,07/01/2020,09:25:05,125.15,125.15,225,125.5,150,1575,1854225
NIFTY30JAN2012200CE.NFO,07/01/2020,09:25:06,125.5,125.3,150,125.5,75,900,1854225
NIFTY30JAN2012200CE.NFO,07/01/2020,09:25:07,124.95,124.95,300,125.3,150,2025,1854225
NIFTY30JAN2012200CE.NFO,07/01/2020,09:25:08,124.95,124.95,975,125.3,150,0,1854225
NIFTY30JAN2012200CE.NFO,07/01/2020,09:25:09,125.25,124.75,150,125.15,300,900,1854225
NIFTY30JAN2012200CE.NFO,07/01/2020,09:25:10,125,124.75,150,125,75,300,1854225
NIFTY30JAN2012200CE.NFO,07/01/2020,09:25:11,125,124.7,150,125,825,825,1854225
NIFTY30JAN2012200CE.NFO,07/01/2020,09:25:12,124.7,124.7,300,125,75,75,1854225
NIFTY30JAN2012200CE.NFO,07/01/2020,09:25:13,124.9,124.7,75,124.9,225,225,1854225
NIFTY30JAN2012200CE.NFO,07/01/2020,09:25:14,125.1,124.7,150,124.95,150,825,1854225
NIFTY30JAN2012200CE.NFO,07/01/2020,09:25:15,125.05,124.75,150,125,825,675,1854225
NIFTY30JAN2012200CE.NFO,07/01/2020,09:25:16,124.7,124.7,75,124.95,150,300,1854225
NIFTY30JAN2012200CE.NFO,07/01/2020,09:25:17,124.85,124.8,150,125.05,150,75,1854225
NIFTY30JAN2012200CE.NFO,07/01/2020,09:25:18,125,124.8,150,125.15,150,1200,1854225
NIFTY30JAN2012200CE.NFO,07/01/2020,09:25:19,125,125,225,125.15,75,0,1854225
NIFTY30JAN2012200CE.NFO,07/01/2020,09:25:21,125.25,125,75,125.2,75,825,1854225
NIFTY30JAN2012200CE.NFO,07/01/2020,09:25:22,125.4,125,150,125.25,150,750,1854225
NIFTY30JAN2012200CE.NFO,07/01/2020,09:25:23,125.05,125.15,75,125.3,1350,675,1854225
NIFTY30JAN2012200CE.NFO,07/01/2020,09:25:24,125.05,125,150,125.3,1350,525,1854225
NIFTY30JAN2012200CE.NFO,07/01/2020,09:25:25,125,124.95,75,125,75,225,1854225
NIFTY30JAN2012200CE.NFO,07/01/2020,09:25:26,125,124.85,150,125.05,75,75,1854225
NIFTY30JAN2012200CE.NFO,07/01/2020,09:25:27,125,124.75,150,124.95,75,1050,1854225
NIFTY30JAN2012200CE.NFO,07/01/2020,09:25:28,125,124.75,150,125,225,0,1854225
NIFTY30JAN2012200CE.NFO,07/01/2020,09:25:29,124.95,124.85,150,125,225,75,1854225
NIFTY30JAN2012200CE.NFO,07/01/2020,09:25:30,125,124.75,150,125,900,225,1854225
NIFTY30JAN2012200CE.NFO,07/01/2020,09:25:31,124.95,124.75,150,125,750,750,1854225
NIFTY30JAN2012200CE.NFO,07/01/2020,09:25:32,124.7,124.7,150,124.9,75,75,1854225
NIFTY30JAN2012200CE.NFO,07/01/2020,09:25:33,125,124.75,75,124.95,150,675,1854225
NIFTY30JAN2012200CE.NFO,07/01/2020,09:25:34,124.9,124.65,43200,124.9,375,75,1854225
NIFTY30JAN2012200CE.NFO,07/01/2020,09:25:35,124.9,124.7,150,124.95,150,0,1854225
NIFTY30JAN2012200CE.NFO,07/01/2020,09:25:36,124.7,124.7,75,124.95,150,600,1854225
NIFTY30JAN2012200CE.NFO,07/01/2020,09:25:37,124.7,124.7,150,124.9,75,0,1854225
NIFTY30JAN2012200CE.NFO,07/01/2020,09:25:38,124.9,124.75,150,124.95,75,75,1854225
NIFTY30JAN2012200CE.NFO,07/01/2020,09:25:39,124.75,124.75,150,125,675,75,1854225
NIFTY30JAN2012200CE.NFO,07/01/2020,09:25:40,124.75,124.75,150,125,450,0,1854225
NIFTY30JAN2012200CE.NFO,07/01/2020,09:25:41,124.75,124.85,150,125,75,75,1854225
NIFTY30JAN2012200CE.NFO,07/01/2020,09:25:42,124.75,124.9,450,125,375,0,1854225
NIFTY30JAN2012200CE.NFO,07/01/2020,09:25:43,124.75,124.9,75,125,375,0,1854225
NIFTY30JAN2012200CE.NFO,07/01/2020,09:25:44,125,124.9,75,125,450,150,1854225
NIFTY30JAN2012200CE.NFO,07/01/2020,09:25:45,124.9,124.8,75,124.95,75,150,1854225
NIFTY30JAN2012200CE.NFO,07/01/2020,09:25:46,124.85,124.75,1275,125,375,675,1854225
NIFTY30JAN2012200CE.NFO,07/01/2020,09:25:47,124.85,124.75,300,125,375,0,1854225
NIFTY30JAN2012200CE.NFO,07/01/2020,09:25:48,125.05,125.1,75,125.3,1200,1650,1854225
NIFTY30JAN2012200CE.NFO,07/01/2020,09:25:49,125.15,125.1,150,125.4,75,2325,1854225
NIFTY30JAN2012200CE.NFO,07/01/2020,09:25:50,125,124.95,1050,125.15,75,4200,1854225
NIFTY30JAN2012200CE.NFO,07/01/2020,09:25:51,124.95,124.85,600,125.1,75,675,1854225
NIFTY30JAN2012200CE.NFO,07/01/2020,09:25:52,125.15,124.85,600,125.15,150,150,1854225
NIFTY30JAN2012200CE.NFO,07/01/2020,09:25:53,125.35,125.1,150,125.35,75,300,1854225
NIFTY30JAN2012200CE.NFO,07/01/2020,09:25:54,125.35,125.2,75,125.4,150,525,1854225
NIFTY30JAN2012200CE.NFO,07/01/2020,09:25:55,125.55,125.4,75,125.6,75,1200,1854225
NIFTY30JAN2012200CE.NFO,07/01/2020,09:25:56,125.55,125.25,150,125.5,825,300,1854225
NIFTY30JAN2012200CE.NFO,07/01/2020,09:25:57,125.5,125.2,150,125.4,75,900,1854225
NIFTY30JAN2012200CE.NFO,07/01/2020,09:25:58,125.3,125.15,150,125.4,150,450,1854225
NIFTY30JAN2012200CE.NFO,07/01/2020,09:25:59,125.3,125.15,150,125.35,450,0,1854225
NIFTY30JAN2012200CE.NFO,07/01/2020,09:26:00,125,125,300,125.25,150,675,1854225
NIFTY30JAN2012200CE.NFO,07/01/2020,09:26:01,125,124.8,75,124.85,450,750,1854225
NIFTY30JAN2012200CE.NFO,07/01/2020,09:26:02,124.9,124.75,375,125.05,450,375,1854225
NIFTY30JAN2012200CE.NFO,07/01/2020,09:26:03,124.75,124.75,75,124.95,150,150,1854225
NIFTY30JAN2012200CE.NFO,07/01/2020,09:26:04,124.75,124.7,150,124.85,525,375,1854225
NIFTY30JAN2012200CE.NFO,07/01/2020,09:26:05,124.8,124.75,150,124.95,150,150,1854225
NIFTY30JAN2012200CE.NFO,07/01/2020,09:26:06,124.7,124.75,75,124.95,150,150,1854225
NIFTY30JAN2012200CE.NFO,07/01/2020,09:26:07,124.8,124.75,75,125,825,150,1854225
NIFTY30JAN2012200CE.NFO,07/01/2020,09:26:08,124.85,124.9,75,125,2175,675,1854225
NIFTY30JAN2012200CE.NFO,07/01/2020,09:26:09,124.8,124.8,150,124.95,600,975,1854225
NIFTY30JAN2012200CE.NFO,07/01/2020,09:26:10,124.8,124.8,150,124.95,150,0,1854225
NIFTY30JAN2012200CE.NFO,07/01/2020,09:26:11,124.75,124.8,75,124.9,150,450,1854225
NIFTY30JAN2012200CE.NFO,07/01/2020,09:26:12,124.95,124.7,150,124.95,150,225,1822500
NIFTY30JAN2012200CE.NFO,07/01/2020,09:26:13,124.95,124.8,450,125,2100,0,1822500
NIFTY30JAN2012200CE.NFO,07/01/2020,09:26:14,124.8,124.65,43200,124.85,450,450,1822500
NIFTY30JAN2012200CE.NFO,07/01/2020,09:26:15,124.65,124.65,43050,124.75,150,300,1822500
NIFTY30JAN2012200CE.NFO,07/01/2020,09:26:16,124.65,124.65,42825,124.75,450,225,1822500
NIFTY30JAN2012200CE.NFO,07/01/2020,09:26:17,124.8,124.65,42600,124.85,450,825,1822500
NIFTY30JAN2012200CE.NFO,07/01/2020,09:26:18,124.65,124.65,40200,124.7,75,2550,1822500
NIFTY30JAN2012200CE.NFO,07/01/2020,09:26:19,124.65,124.65,40200,124.75,150,0,1822500
NIFTY30JAN2012200CE.NFO,07/01/2020,09:26:20,124.65,124.65,34725,124.7,75,5475,1822500
NIFTY30JAN2012200CE.NFO,07/01/2020,09:26:21,124.7,124.65,34350,124.9,225,1275,1822500
NIFTY30JAN2012200CE.NFO,07/01/2020,09:26:22,124.75,124.65,33525,124.75,300,825,1822500
NIFTY30JAN2012200CE.NFO,07/01/2020,09:26:23,124.65,124.65,33375,124.85,975,825,1822500
NIFTY30JAN2012200CE.NFO,07/01/2020,09:26:24,124.7,124.65,33150,124.85,225,600,1822500
NIFTY30JAN2012200CE.NFO,07/01/2020,09:26:25,124.65,124.8,450,124.95,150,75,1822500
NIFTY30JAN2012200CE.NFO,07/01/2020,09:26:26,124.75,124.75,600,124.95,150,1350,1822500
NIFTY30JAN2012200CE.NFO,07/01/2020,09:26:27,124.75,124.75,375,124.95,150,225,1822500
NIFTY30JAN2012200CE.NFO,07/01/2020,09:26:28,124.8,124.75,300,125,2400,4275,1822500
NIFTY30JAN2012200CE.NFO,07/01/2020,09:26:29,125.05,124.95,975,125.2,150,3525,1822500
NIFTY30JAN2012200CE.NFO,07/01/2020,09:26:30,125,125.1,975,125.25,75,225,1822500
NIFTY30JAN2012200CE.NFO,07/01/2020,09:26:31,125.35,125.15,900,125.35,150,2475,1822500
NIFTY30JAN2012200CE.NFO,07/01/2020,09:26:32,125.35,125.15,150,125.35,75,0,1822500
NIFTY30JAN2012200CE.NFO,07/01/2020,09:26:33,125.15,125.1,1050,125.4,150,150,1822500
NIFTY30JAN2012200CE.NFO,07/01/2020,09:26:34,125.4,125.15,150,125.35,75,150,1822500
NIFTY30JAN2012200CE.NFO,07/01/2020,09:26:35,125,124.85,150,125.1,150,150,1822500
NIFTY30JAN2012200CE.NFO,07/01/2020,09:26:36,124.8,124.75,150,124.95,450,225,1822500
NIFTY30JAN2012200CE.NFO,07/01/2020,09:26:37,124.8,124.65,32550,124.95,450,0,1822500
NIFTY30JAN2012200CE.NFO,07/01/2020,09:26:38,124.65,124.7,150,124.9,75,225,1822500
NIFTY30JAN2012200CE.NFO,07/01/2020,09:26:39,124.65,124.65,32550,124.95,750,0,1822500
NIFTY30JAN2012200CE.NFO,07/01/2020,09:26:40,124.65,124.65,30525,124.7,750,1950,1822500
NIFTY30JAN2012200CE.NFO,07/01/2020,09:26:41,124.65,124.65,8700,124.85,1200,24300,1822500
NIFTY30JAN2012200CE.NFO,07/01/2020,09:26:42,124.65,124.65,8100,124.8,75,600,1822500
NIFTY30JAN2012200CE.NFO,07/01/2020,09:26:43,124.75,124.75,450,125,150,525,1822500
NIFTY30JAN2012200CE.NFO,07/01/2020,09:26:44,125.1,125.05,450,125.25,300,75,1822500
NIFTY30JAN2012200CE.NFO,07/01/2020,09:26:45,125.15,125.1,75,125.3,75,75,1822500
NIFTY30JAN2012200CE.NFO,07/01/2020,09:26:46,125.05,125.15,75,125.35,75,300,1822500
NIFTY30JAN2012200CE.NFO,07/01/2020,09:26:47,125.2,125.15,75,125.35,75,75,1822500
NIFTY30JAN2012200CE.NFO,07/01/2020,09:26:48,125.3,125.2,450,125.3,150,300,1822500
NIFTY30JAN2012200CE.NFO,07/01/2020,09:26:49,125.05,125.05,150,125.3,900,225,1822500
NIFTY30JAN2012200CE.NFO,07/01/2020,09:26:50,125.15,125.1,225,125.25,75,3075,1822500
NIFTY30JAN2012200CE.NFO,07/01/2020,09:26:51,125.25,125.1,150,125.35,75,300,1822500
NIFTY30JAN2012200CE.NFO,07/01/2020,09:26:52,125,125,1800,125.1,75,1125,1822500
NIFTY30JAN2012200CE.NFO,07/01/2020,09:26:53,125.05,125.05,375,125.1,150,75,1822500
NIFTY30JAN2012200CE.NFO,07/01/2020,09:26:54,125,125,1050,125.1,150,750,1822500
NIFTY30JAN2012200CE.NFO,07/01/2020,09:26:55,125.25,125.1,225,125.3,75,525,1822500
NIFTY30JAN2012200CE.NFO,07/01/2020,09:26:56,125.05,125.05,225,125.3,75,450,1822500
NIFTY30JAN2012200CE.NFO,07/01/2020,09:26:57,125.35,125.15,150,125.4,75,825,1822500
NIFTY30JAN2012200CE.NFO,07/01/2020,09:26:58,125.1,125.1,150,125.35,300,675,1822500
NIFTY30JAN2012200CE.NFO,07/01/2020,09:26:59,125.1,125.05,300,125.35,150,0,1822500
NIFTY30JAN2012200CE.NFO,07/01/2020,09:27:00,125.1,125.05,300,125.3,225,0,1822500
NIFTY30JAN2012200CE.NFO,07/01/2020,09:27:01,125,125,450,125.2,300,825,1822500
NIFTY30JAN2012200CE.NFO,07/01/2020,09:27:02,125.35,125.2,75,125.45,150,3075,1822500
NIFTY30JAN2012200CE.NFO,07/01/2020,09:27:03,125.5,125.25,150,125.5,525,450,1822500
NIFTY30JAN2012200CE.NFO,07/01/2020,09:27:04,125.15,125.05,300,125.1,75,1125,1822500
NIFTY30JAN2012200CE.NFO,07/01/2020,09:27:05,125.1,125.1,375,125.25,300,75,1822500
NIFTY30JAN2012200CE.NFO,07/01/2020,09:27:06,125.15,125.1,150,125.45,300,375,1822500
NIFTY30JAN2012200CE.NFO,07/01/2020,09:27:07,125.35,125.1,450,125.35,150,150,1822500
NIFTY30JAN2012200CE.NFO,07/01/2020,09:27:08,125.25,125.2,150,125.5,750,525,1822500
NIFTY30JAN2012200CE.NFO,07/01/2020,09:27:09,125.25,125.2,225,125.45,75,150,1822500
NIFTY30JAN2012200CE.NFO,07/01/2020,09:27:10,125.25,125.25,75,125.45,75,75,1822500
NIFTY30JAN2012200CE.NFO,07/01/2020,09:27:11,125.15,125.1,450,125.2,2250,150,1822500
NIFTY30JAN2012200CE.NFO,07/01/2020,09:27:12,125.5,125.25,300,125.5,675,3375,1822500
NIFTY30JAN2012200CE.NFO,07/01/2020,09:27:13,125.15,125.2,150,125.45,150,300,1822500
NIFTY30JAN2012200CE.NFO,07/01/2020,09:27:14,125.05,125.05,450,125.25,75,1650,1822500
NIFTY30JAN2012200CE.NFO,07/01/2020,09:27:15,125.1,124.95,150,125.1,150,1425,1822500
NIFTY30JAN2012200CE.NFO,07/01/2020,09:27:16,125,124.8,300,125.05,150,75,1822500
NIFTY30JAN2012200CE.NFO,07/01/2020,09:27:17,125,124.7,525,124.95,150,0,1822500
NIFTY30JAN2012200CE.NFO,07/01/2020,09:27:18,125,124.8,150,124.95,75,75,1822500
NIFTY30JAN2012200CE.NFO,07/01/2020,09:27:19,125,124.7,150,124.85,450,300,1822500
NIFTY30JAN2012200CE.NFO,07/01/2020,09:27:20,124.75,124.8,150,125,75,225,1822500
NIFTY30JAN2012200CE.NFO,07/01/2020,09:27:21,124.75,124.8,300,125,75,0,1822500
NIFTY30JAN2012200CE.NFO,07/01/2020,09:27:22,124.75,124.75,150,125,75,150,1822500
NIFTY30JAN2012200CE.NFO,07/01/2020,09:27:23,125.15,125.15,225,125.2,975,3300,1822500
NIFTY30JAN2012200CE.NFO,07/01/2020,09:27:24,125.2,125.1,150,125.25,75,1425,1822500
NIFTY30JAN2012200CE.NFO,07/01/2020,09:27:25,124.8,124.8,75,125,150,2925,1822500
NIFTY30JAN2012200CE.NFO,07/01/2020,09:27:26,125.1,124.8,150,125.15,375,300,1822500
NIFTY30JAN2012200CE.NFO,07/01/2020,09:27:27,124.95,124.85,150,124.95,75,675,1822500
NIFTY30JAN2012200CE.NFO,07/01/2020,09:27:28,124.65,124.65,8625,124.85,525,975,1822500
NIFTY30JAN2012200CE.NFO,07/01/2020,09:27:29,124.65,124.65,7950,124.85,75,2475,1822500
NIFTY30JAN2012200CE.NFO,07/01/2020,09:27:30,124.65,124.65,4200,124.7,300,3750,1822500
NIFTY30JAN2012200CE.NFO,07/01/2020,09:27:31,124.65,124.7,75,124.85,150,675,1822500
NIFTY30JAN2012200CE.NFO,07/01/2020,09:27:32,124.65,124.65,3525,124.7,150,150,1822500
NIFTY30JAN2012200CE.NFO,07/01/2020,09:27:33,124.65,124.65,2700,124.7,75,750,1822500
NIFTY30JAN2012200CE.NFO,07/01/2020,09:27:34,124.65,124.65,2475,124.8,150,1500,1822500
NIFTY30JAN2012200CE.NFO,07/01/2020,09:27:35,124.7,124.7,2100,124.75,450,8625,1822500
NIFTY30JAN2012200CE.NFO,07/01/2020,09:27:36,124.8,124.7,2100,124.85,150,150,1822500
NIFTY30JAN2012200CE.NFO,07/01/2020,09:27:37,124.7,124.85,450,125,75,600,1822500
NIFTY30JAN2012200CE.NFO,07/01/2020,09:27:38,124.8,124.85,75,125,75,600,1822500
NIFTY30JAN2012200CE.NFO,07/01/2020,09:27:39,125,125,825,125.05,225,3750,1822500
NIFTY30JAN2012200CE.NFO,07/01/2020,09:27:40,125,125,300,125.05,75,525,1822500
NIFTY30JAN2012200CE.NFO,07/01/2020,09:27:41,124.8,124.75,675,125,300,525,1822500
NIFTY30JAN2012200CE.NFO,07/01/2020,09:27:42,124.7,124.75,300,124.95,150,750,1822500
NIFTY30JAN2012200CE.NFO,07/01/2020,09:27:43,124.45,124.5,450,124.65,75,1875,1822500
NIFTY30JAN2012200CE.NFO,07/01/2020,09:27:44,124.7,124.65,75,124.8,75,825,1822500
NIFTY30JAN2012200CE.NFO,07/01/2020,09:27:45,124.6,124.55,75,124.7,75,75,1822500
NIFTY30JAN2012200CE.NFO,07/01/2020,09:27:46,124.6,124.55,75,124.7,75,0,1822500
NIFTY30JAN2012200CE.NFO,07/01/2020,09:27:47,124.45,124.45,150,124.65,75,825,1822500
NIFTY30JAN2012200CE.NFO,07/01/2020,09:27:48,124.5,124.45,375,124.7,75,150,1822500
NIFTY30JAN2012200CE.NFO,07/01/2020,09:27:49,124.65,124.6,150,124.95,450,1875,1822500
NIFTY30JAN2012200CE.NFO,07/01/2020,09:27:50,124.95,124.9,450,125.1,75,900,1822500
NIFTY30JAN2012200CE.NFO,07/01/2020,09:27:51,124.9,124.9,375,125.1,75,75,1822500
NIFTY30JAN2012200CE.NFO,07/01/2020,09:27:52,124.9,124.85,450,125.1,1575,225,1822500
NIFTY30JAN2012200CE.NFO,07/01/2020,09:27:53,125,125,75,125.1,1500,375,1822500
NIFTY30JAN2012200CE.NFO,07/01/2020,09:27:54,125,124.8,450,125,1050,0,1822500
NIFTY30JAN2012200CE.NFO,07/01/2020,09:27:55,125.3,125.1,450,125.35,150,2700,1822500
NIFTY30JAN2012200CE.NFO,07/01/2020,09:27:56,125.3,125.05,150,125.2,75,0,1822500
NIFTY30JAN2012200CE.NFO,07/01/2020,09:27:57,125.3,124.95,150,125.05,75,0,1822500
NIFTY30JAN2012200CE.NFO,07/01/2020,09:27:58,124.7,124.55,150,124.75,75,900,1822500
NIFTY30JAN2012200CE.NFO,07/01/2020,09:27:59,124.3,124.3,75,124.5,75,525,1822500
NIFTY30JAN2012200CE.NFO,07/01/2020,09:28:00,123.8,123.7,225,123.9,225,3225,1822500
NIFTY30JAN2012200CE.NFO,07/01/2020,09:28:01,123.9,123.85,450,123.9,75,150,1822500
NIFTY30JAN2012200CE.NFO,07/01/2020,09:28:02,124.25,124.3,75,124.5,150,300,1822500
NIFTY30JAN2012200CE.NFO,07/01/2020,09:28:03,124.65,124.6,150,124.9,600,300,1822500
NIFTY30JAN2012200CE.NFO,07/01/2020,09:28:04,124.6,124.45,600,124.75,150,75,1822500
NIFTY30JAN2012200CE.NFO,07/01/2020,09:28:05,124.45,124.55,150,124.8,300,75,1822500
NIFTY30JAN2012200CE.NFO,07/01/2020,09:28:06,124.45,124.45,375,124.65,75,1200,1822500
NIFTY30JAN2012200CE.NFO,07/01/2020,09:28:07,124.2,124.15,150,124.35,300,450,1822500
NIFTY30JAN2012200CE.NFO,07/01/2020,09:28:08,124.25,124.25,150,124.5,75,825,1822500
NIFTY30JAN2012200CE.NFO,07/01/2020,09:28:09,124.5,124.1,225,124.25,75,225,1822500
NIFTY30JAN2012200CE.NFO,07/01/2020,09:28:10,124.2,124.05,150,124.2,75,75,1822500
NIFTY30JAN2012200CE.NFO,07/01/2020,09:28:11,123.95,123.75,150,123.95,75,75,1822500
NIFTY30JAN2012200CE.NFO,07/01/2020,09:28:12,123.85,123.8,75,124,525,75,1822500
NIFTY30JAN2012200CE.NFO,07/01/2020,09:28:13,123.85,123.8,75,124,525,0,1822500
NIFTY30JAN2012200CE.NFO,07/01/2020,09:28:14,123.85,123.75,75,124,600,0,1822500
NIFTY30JAN2012200CE.NFO,07/01/2020,09:28:15,123.85,123.55,450,123.75,75,0,1822500
NIFTY30JAN2012200CE.NFO,07/01/2020,09:28:16,123.55,123.5,675,123.7,75,75,1822500
NIFTY30JAN2012200CE.NFO,07/01/2020,09:28:17,123.4,123.35,150,123.5,75,750,1822500
NIFTY30JAN2012200CE.NFO,07/01/2020,09:28:18,123.5,123.3,225,123.55,75,375,1822500
NIFTY30JAN2012200CE.NFO,07/01/2020,09:28:19,123.15,123,225,123.15,675,450,1822500
NIFTY30JAN2012200CE.NFO,07/01/2020,09:28:20,123.15,123.15,150,123.3,525,150,1822500
NIFTY30JAN2012200CE.NFO,07/01/2020,09:28:21,123,122.85,150,123,3975,3900,1822500
NIFTY30JAN2012200CE.NFO,07/01/2020,09:28:22,122.8,122.75,75,122.95,150,2100,1822500
NIFTY30JAN2012200CE.NFO,07/01/2020,09:28:23,122.8,122.6,225,122.95,450,0,1822500
NIFTY30JAN2012200CE.NFO,07/01/2020,09:28:24,122.85,122.5,75,122.8,225,150,1822500
NIFTY30JAN2012200CE.NFO,07/01/2020,09:28:25,122.5,122.4,150,122.65,75,300,1822500
NIFTY30JAN2012200CE.NFO,07/01/2020,09:28:26,122.3,122.3,150,122.5,75,825,1822500
NIFTY30JAN2012200CE.NFO,07/01/2020,09:28:27,122.25,122.25,225,122.5,150,75,1822500
NIFTY30JAN2012200CE.NFO,07/01/2020,09:28:28,122.2,122.2,150,122.5,75,1125,1822500
NIFTY30JAN2012200CE.NFO,07/01/2020,09:28:29,121.7,121.8,150,122,525,300,1822500
NIFTY30JAN2012200CE.NFO,07/01/2020,09:28:30,122,121.9,75,122,450,75,1822500
NIFTY30JAN2012200CE.NFO,07/01/2020,09:28:31,121.75,121.55,75,121.7,75,150,1822500
NIFTY30JAN2012200CE.NFO,07/01/2020,09:28:32,121.6,121.6,150,121.9,150,150,1822500
NIFTY30JAN2012200CE.NFO,07/01/2020,09:28:33,122,122.05,600,122.25,75,1500,1822500
NIFTY30JAN2012200CE.NFO,07/01/2020,09:28:34,122.2,122.1,150,122.2,75,150,1822500
NIFTY30JAN2012200CE.NFO,07/01/2020,09:28:35,122.55,122.15,300,122.45,75,825,1822500
NIFTY30JAN2012200CE.NFO,07/01/2020,09:28:36,122.55,122.3,375,122.6,150,0,1822500
NIFTY30JAN2012200CE.NFO,07/01/2020,09:28:37,122.3,122.2,75,122.5,75,300,1822500
NIFTY30JAN2012200CE.NFO,07/01/2020,09:28:38,122.25,122.35,75,122.55,75,1200,1822500
NIFTY30JAN2012200CE.NFO,07/01/2020,09:28:39,122.45,122.4,75,122.6,75,75,1822500
NIFTY30JAN2012200CE.NFO,07/01/2020,09:28:40,122.35,122.3,150,122.55,75,2175,1822500
NIFTY30JAN2012200CE.NFO,07/01/2020,09:28:41,122,122.2,225,122.5,225,1350,1822500
NIFTY30JAN2012200CE.NFO,07/01/2020,09:28:42,122.3,122.25,150,122.55,150,150,1822500
NIFTY30JAN2012200CE.NFO,07/01/2020,09:28:43,122.2,122.2,75,122.5,150,225,1822500
NIFTY30JAN2012200CE.NFO,07/01/2020,09:28:44,122.15,122.2,75,122.4,150,450,1822500
NIFTY30JAN2012200CE.NFO,07/01/2020,09:28:45,122.15,122.2,75,122.45,150,825,1822500
NIFTY30JAN2012200CE.NFO,07/01/2020,09:28:46,122.3,122.35,75,122.55,75,975,1822500
NIFTY30JAN2012200CE.NFO,07/01/2020,09:28:47,122.3,122.35,75,122.5,150,150,1822500
NIFTY30JAN2012200CE.NFO,07/01/2020,09:28:48,122.35,122.35,75,122.5,75,75,1822500
NIFTY30JAN2012200CE.NFO,07/01/2020,09:28:49,122.5,122.4,75,122.65,150,75,1822500
NIFTY30JAN2012200CE.NFO,07/01/2020,09:28:50,122.5,122.45,75,122.7,150,0,1822500
NIFTY30JAN2012200CE.NFO,07/01/2020,09:28:51,122.95,122.9,675,123.2,150,3675,1822500
NIFTY30JAN2012200CE.NFO,07/01/2020,09:28:52,122.65,122.8,150,123.1,150,75,1822500
NIFTY30JAN2012200CE.NFO,07/01/2020,09:28:53,123,122.85,375,123.1,75,150,1822500
NIFTY30JAN2012200CE.NFO,07/01/2020,09:28:54,122.85,122.85,150,123,150,150,1822500
NIFTY30JAN2012200CE.NFO,07/01/2020,09:28:55,123.2,122.85,150,123.15,150,750,1822500
NIFTY30JAN2012200CE.NFO,07/01/2020,09:28:56,122.75,122.6,150,122.8,75,300,1822500
NIFTY30JAN2012200CE.NFO,07/01/2020,09:28:57,122.75,122.55,150,122.85,225,0,1822500
NIFTY30JAN2012200CE.NFO,07/01/2020,09:28:58,122.5,122.5,150,122.85,375,150,1822500
NIFTY30JAN2012200CE.NFO,07/01/2020,09:28:59,122.5,122.6,150,122.8,150,0,1822500
NIFTY30JAN2012200CE.NFO,07/01/2020,09:29:00,122.5,122.6,150,122.85,150,0,1822500
NIFTY30JAN2012200CE.NFO,07/01/2020,09:29:01,122.9,122.9,150,123,75,1125,1822500
NIFTY30JAN2012200CE.NFO,07/01/2020,09:29:02,122.9,122.9,150,123.15,225,150,1822500
NIFTY30JAN2012200CE.NFO,07/01/2020,09:29:03,123.65,123.45,75,123.65,375,1275,1822500
NIFTY30JAN2012200CE.NFO,07/01/2020,09:29:04,123.65,123.3,150,123.55,300,225,1822500
NIFTY30JAN2012200CE.NFO,07/01/2020,09:29:05,123.95,123.85,150,124.15,150,375,1822500
NIFTY30JAN2012200CE.NFO,07/01/2020,09:29:06,123.85,123.55,450,123.8,150,3375,1822500
NIFTY30JAN2012200CE.NFO,07/01/2020,09:29:07,123.9,123.55,225,123.9,150,750,1822500
NIFTY30JAN2012200CE.NFO,07/01/2020,09:29:08,123.9,123.65,150,123.9,150,0,1822500
NIFTY30JAN2012200CE.NFO,07/01/2020,09:29:09,123.6,123.55,75,123.8,75,225,1822500
NIFTY30JAN2012200CE.NFO,07/01/2020,09:29:10,123.65,123.6,75,123.75,75,75,1822500
NIFTY30JAN2012200CE.NFO,07/01/2020,09:29:11,123.55,123.5,450,123.75,150,375,1822500
NIFTY30JAN2012200CE.NFO,07/01/2020,09:29:12,123.5,123.4,150,123.75,375,150,1792200
NIFTY30JAN2012200CE.NFO,07/01/2020,09:29:13,123.5,123.5,300,123.85,150,0,1792200
NIFTY30JAN2012200CE.NFO,07/01/2020,09:29:14,123.75,123.6,75,123.85,150,675,1792200
NIFTY30JAN2012200CE.NFO,07/01/2020,09:29:15,123.75,123.55,225,123.85,150,0,1792200
NIFTY30JAN2012200CE.NFO,07/01/2020,09:29:16,123.75,123.75,75,124,150,0,1792200
NIFTY30JAN2012200CE.NFO,07/01/2020,09:29:17,123.85,123.9,75,124.1,150,75,1792200
NIFTY30JAN2012200CE.NFO,07/01/2020,09:29:18,123.85,123.9,75,124.1,150,0,1792200
NIFTY30JAN2012200CE.NFO,07/01/2020,09:29:19,123.9,123.85,75,123.9,300,375,1792200
NIFTY30JAN2012200CE.NFO,07/01/2020,09:29:20,124.1,123.8,75,124.05,150,1800,1792200
NIFTY30JAN2012200CE.NFO,07/01/2020,09:29:21,123.55,123.7,225,123.9,450,1500,1792200
NIFTY30JAN2012200CE.NFO,07/01/2020,09:29:22,123.55,123.8,150,124,150,0,1792200
NIFTY30JAN2012200CE.NFO,07/01/2020,09:29:23,123.55,123.7,75,123.85,75,0,1792200
NIFTY30JAN2012200CE.NFO,07/01/2020,09:29:24,123.85,123.7,75,123.9,75,75,1792200
NIFTY30JAN2012200CE.NFO,07/01/2020,09:29:25,123.85,123.6,225,123.85,375,225,1792200
NIFTY30JAN2012200CE.NFO,07/01/2020,09:29:26,123.5,123.2,225,123.5,225,1125,1792200
NIFTY30JAN2012200CE.NFO,07/01/2020,09:29:27,123.5,123.2,150,123.5,675,1725,1792200
NIFTY30JAN2012200CE.NFO,07/01/2020,09:29:28,123.5,123.1,75,123.35,525,0,1792200
NIFTY30JAN2012200CE.NFO,07/01/2020,09:29:29,123.45,123.2,300,123.4,600,1125,1792200
NIFTY30JAN2012200CE.NFO,07/01/2020,09:29:30,123.3,123.25,75,123.45,450,75,1792200
NIFTY30JAN2012200CE.NFO,07/01/2020,09:29:31,123.4,123.2,300,123.45,450,150,1792200
NIFTY30JAN2012200CE.NFO,07/01/2020,09:29:32,122.9,123,150,123.35,150,375,1792200
NIFTY30JAN2012200CE.NFO,07/01/2020,09:29:33,123.3,122.85,300,123.35,150,825,1792200
NIFTY30JAN2012200CE.NFO,07/01/2020,09:29:34,123,122.9,150,123,375,150,1792200
NIFTY30JAN2012200CE.NFO,07/01/2020,09:29:35,123,123.15,150,123.45,150,375,1792200
NIFTY30JAN2012200CE.NFO,07/01/2020,09:29:36,123.2,123.15,150,123.4,150,300,1792200
NIFTY30JAN2012200CE.NFO,07/01/2020,09:29:37,123.2,123.15,375,123.35,75,0,1792200
NIFTY30JAN2012200CE.NFO,07/01/2020,09:29:38,123.6,123.3,150,123.55,450,225,1792200
NIFTY30JAN2012200CE.NFO,07/01/2020,09:29:39,123.6,123.35,75,123.6,150,0,1792200
NIFTY30JAN2012200CE.NFO,07/01/2020,09:29:40,123.35,123.35,75,123.6,150,75,1792200
NIFTY30JAN2012200CE.NFO,07/01/2020,09:29:41,123.6,123.3,150,123.6,150,525,1792200
NIFTY30JAN2012200CE.NFO,07/01/2020,09:29:42,123.3,123.05,450,123.3,75,225,1792200
NIFTY30JAN2012200CE.NFO,07/01/2020,09:29:43,123.25,122.95,150,123.25,450,975,1792200
NIFTY30JAN2012200CE.NFO,07/01/2020,09:29:44,122.9,123,150,123.25,150,150,1792200
NIFTY30JAN2012200CE.NFO,07/01/2020,09:29:45,123.4,123,150,123.35,225,750,1792200
NIFTY30JAN2012200CE.NFO,07/01/2020,09:29:46,123.4,123.3,1050,123.35,75,0,1792200
NIFTY30JAN2012200CE.NFO,07/01/2020,09:29:47,123.7,123.35,150,123.7,225,825,1792200
NIFTY30JAN2012200CE.NFO,07/01/2020,09:29:48,123.65,123.35,450,123.7,225,75,1792200
NIFTY30JAN2012200CE.NFO,07/01/2020,09:29:49,123.65,123.35,150,123.65,525,0,1792200
NIFTY30JAN2012200CE.NFO,07/01/2020,09:29:50,123.35,123.35,75,123.65,75,75,1792200
NIFTY30JAN2012200CE.NFO,07/01/2020,09:29:51,123.05,123.05,75,123.35,75,1200,1792200
NIFTY30JAN2012200CE.NFO,07/01/2020,09:29:52,123.05,123.05,450,123.35,75,0,1792200
NIFTY30JAN2012200CE.NFO,07/01/2020,09:29:53,123.35,123.2,450,123.55,300,225,1792200
NIFTY30JAN2012200CE.NFO,07/01/2020,09:29:54,123.4,123.05,450,123.4,75,3750,1792200
NIFTY30JAN2012200CE.NFO,07/01/2020,09:29:55,123.4,123.1,300,123.4,225,150,1792200
NIFTY30JAN2012200CE.NFO,07/01/2020,09:29:56,123.45,123.4,300,123.55,225,1425,1792200
NIFTY30JAN2012200CE.NFO,07/01/2020,09:29:57,123.4,123.1,150,123.5,375,300,1792200
NIFTY30JAN2012200CE.NFO,07/01/2020,09:29:58,123.55,123.3,975,123.55,75,750,1792200
NIFTY30JAN2012200CE.NFO,07/01/2020,09:29:59,123.45,123.3,450,123.5,75,150,1792200
NIFTY30JAN2012200CE.NFO,07/01/2020,09:30:00,123.6,123.35,225,123.65,150,3300,1792200
NIFTY30JAN2012200CE.NFO,07/01/2020,09:30:01,124,123.75,450,124,75,1425,1792200
NIFTY30JAN2012200CE.NFO,07/01/2020,09:30:02,124.1,124.1,150,124.4,225,525,1792200
NIFTY30JAN2012200CE.NFO,07/01/2020,09:30:03,124.5,124.1,75,124.5,225,375,1792200
NIFTY30JAN2012200CE.NFO,07/01/2020,09:30:04,124.15,124.05,300,124.35,225,825,1792200
NIFTY30JAN2012200CE.NFO,07/01/2020,09:30:05,124.55,124.3,300,124.5,150,750,1792200
NIFTY30JAN2012200CE.NFO,07/01/2020,09:30:06,124.6,124.35,150,124.55,150,75,1792200
NIFTY30JAN2012200CE.NFO,07/01/2020,09:30:07,124,123.8,150,123.95,75,825,1792200
NIFTY30JAN2012200CE.NFO,07/01/2020,09:30:08,123.85,123.9,225,124.15,75,375,1792200
NIFTY30JAN2012200CE.NFO,07/01/2020,09:30:09,124.15,124.1,150,124.3,150,75,1792200
NIFTY30JAN2012200CE.NFO,07/01/2020,09:30:10,124.35,124.35,75,124.65,150,300,1792200
NIFTY30JAN2012200CE.NFO,07/01/2020,09:30:11,124.8,124.4,300,124.75,150,750,1792200
NIFTY30JAN2012200CE.NFO,07/01/2020,09:30:12,124.6,124.3,375,124.65,375,675,1792200
NIFTY30JAN2012200CE.NFO,07/01/2020,09:30:13,124.75,124.45,75,124.75,150,1500,1792200
NIFTY30JAN2012200CE.NFO,07/01/2020,09:30:14,124.45,124.35,225,124.8,150,75,1792200
NIFTY30JAN2012200CE.NFO,07/01/2020,09:30:15,124.5,124.45,150,124.75,150,525,1792200
NIFTY30JAN2012200CE.NFO,07/01/2020,09:30:16,124.4,124.4,75,124.7,75,600,1792200
NIFTY30JAN2012200CE.NFO,07/01/2020,09:30:17,124.8,124.4,150,124.65,75,300,1792200
NIFTY30JAN2012200CE.NFO,07/01/2020,09:30:18,124.45,124.25,900,124.55,150,600,1792200
NIFTY30JAN2012200CE.NFO,07/01/2020,09:30:19,124.55,124.25,150,124.5,75,375,1792200
NIFTY30JAN2012200CE.NFO,07/01/2020,09:30:20,124.55,124.15,150,124.35,450,0,1792200
NIFTY30JAN2012200CE.NFO,07/01/2020,09:30:21,124.3,124.2,900,124.6,225,675,1792200
NIFTY30JAN2012200CE.NFO,07/01/2020,09:30:22,124.6,124.2,900,124.55,450,300,1792200
NIFTY30JAN2012200CE.NFO,07/01/2020,09:30:23,124.65,124.5,975,124.75,75,300,1792200
NIFTY30JAN2012200CE.NFO,07/01/2020,09:30:24,124.5,124.4,150,124.7,150,225,1792200
NIFTY30JAN2012200CE.NFO,07/01/2020,09:30:25,124.5,124.3,150,124.6,150,0,1792200
NIFTY30JAN2012200CE.NFO,07/01/2020,09:30:26,124.5,124.5,75,124.75,75,1200,1792200
NIFTY30JAN2012200CE.NFO,07/01/2020,09:30:27,124.45,124.4,150,124.7,75,675,1792200
NIFTY30JAN2012200CE.NFO,07/01/2020,09:30:28,124.35,124.45,150,124.75,150,375,1792200
NIFTY30JAN2012200CE.NFO,07/01/2020,09:30:29,124.7,124.55,150,124.8,150,900,1792200
NIFTY30JAN2012200CE.NFO,07/01/2020,09:30:30,124.5,124.5,150,124.8,150,375,1792200
NIFTY30JAN2012200CE.NFO,07/01/2020,09:30:31,124.5,124.5,75,124.75,75,525,1792200
NIFTY30JAN2012200CE.NFO,07/01/2020,09:30:32,124.45,124.5,150,124.8,150,825,1792200
NIFTY30JAN2012200CE.NFO,07/01/2020,09:30:33,124.5,124.5,825,124.8,450,375,1792200
NIFTY30JAN2012200CE.NFO,07/01/2020,09:30:34,124.3,124.4,825,124.7,150,900,1792200
NIFTY30JAN2012200CE.NFO,07/01/2020,09:30:35,124.65,124.35,150,124.7,150,675,1792200
NIFTY30JAN2012200CE.NFO,07/01/2020,09:30:36,124.7,124.35,150,124.6,450,1125,1792200
NIFTY30JAN2012200CE.NFO,07/01/2020,09:30:37,124.5,124.2,150,124.5,750,450,1792200
NIFTY30JAN2012200CE.NFO,07/01/2020,09:30:38,124.15,124,300,124.45,375,375,1792200
NIFTY30JAN2012200CE.NFO,07/01/2020,09:30:39,124.1,124.1,900,124.35,150,1275,1792200
NIFTY30JAN2012200CE.NFO,07/01/2020,09:30:40,124.15,124.15,150,124.5,150,1875,1792200
NIFTY30JAN2012200CE.NFO,07/01/2020,09:30:41,124.15,124.15,150,124.5,300,0,1792200
NIFTY30JAN2012200CE.NFO,07/01/2020,09:30:42,124.45,124.15,75,124.45,150,525,1792200
NIFTY30JAN2012200CE.NFO,07/01/2020,09:30:43,124.1,124,150,124.3,150,150,1792200
NIFTY30JAN2012200CE.NFO,07/01/2020,09:30:45,124.35,124.35,1050,124.55,450,2100,1792200
NIFTY30JAN2012200CE.NFO,07/01/2020,09:30:45,124.45,124.35,1125,124.55,450,75,1792200
NIFTY30JAN2012200CE.NFO,07/01/2020,09:30:46,124.55,124.4,225,124.55,300,150,1792200
NIFTY30JAN2012200CE.NFO,07/01/2020,09:30:47,124.45,124.2,150,124.5,150,1125,1792200
NIFTY30JAN2012200CE.NFO,07/01/2020,09:30:49,124.45,124.2,150,124.5,600,0,1792200
NIFTY30JAN2012200CE.NFO,07/01/2020,09:30:50,124.45,124.3,900,124.55,300,0,1792200
NIFTY30JAN2012200CE.NFO,07/01/2020,09:30:51,124.45,124.4,750,124.55,300,0,1792200
NIFTY30JAN2012200CE.NFO,07/01/2020,09:30:52,124.35,124.35,375,124.55,300,375,1792200
NIFTY30JAN2012200CE.NFO,07/01/2020,09:30:53,124.2,124.15,150,124.45,75,75,1792200
NIFTY30JAN2012200CE.NFO,07/01/2020,09:30:54,124.1,124.1,75,124.35,75,150,1792200
NIFTY30JAN2012200CE.NFO,07/01/2020,09:30:55,124.1,124.2,150,124.35,75,0,1792200
NIFTY30JAN2012200CE.NFO,07/01/2020,09:30:56,124.35,124.1,150,124.45,150,75,1792200
NIFTY30JAN2012200CE.NFO,07/01/2020,09:30:57,124.5,124.15,150,124.45,150,750,1792200
NIFTY30JAN2012200CE.NFO,07/01/2020,09:30:58,124.45,124.15,150,124.4,75,75,1792200
NIFTY30JAN2012200CE.NFO,07/01/2020,09:30:58,124.5,124.15,300,124.45,75,675,1792200
NIFTY30JAN2012200CE.NFO,07/01/2020,09:30:59,124.35,124.25,150,124.55,375,375,1792200
NIFTY30JAN2012200CE.NFO,07/01/2020,09:31:00,124.4,124.35,450,124.65,225,750,1792200
NIFTY30JAN2012200CE.NFO,07/01/2020,09:31:01,124.9,124.6,450,124.9,150,900,1792200
NIFTY30JAN2012200CE.NFO,07/01/2020,09:31:02,124.65,124.65,150,124.9,225,75,1792200
NIFTY30JAN2012200CE.NFO,07/01/2020,09:31:03,124.9,124.65,900,124.95,150,75,1792200
NIFTY30JAN2012200CE.NFO,07/01/2020,09:31:04,124.7,124.7,75,124.95,150,450,1792200
NIFTY30JAN2012200CE.NFO,07/01/2020,09:31:05,124.6,124.5,75,124.95,525,1425,1792200
NIFTY30JAN2012200CE.NFO,07/01/2020,09:31:06,124.35,124.45,225,124.85,600,1125,1792200
NIFTY30JAN2012200CE.NFO,07/01/2020,09:31:07,124.35,124.55,900,124.85,150,0,1792200
NIFTY30JAN2012200CE.NFO,07/01/2020,09:31:08,124.85,124.6,600,124.95,150,825,1792200
NIFTY30JAN2012200CE.NFO,07/01/2020,09:31:09,124.7,124.55,450,124.8,225,600,1792200
NIFTY30JAN2012200CE.NFO,07/01/2020,09:31:10,124.8,124.6,300,124.95,150,600,1792200
NIFTY30JAN2012200CE.NFO,07/01/2020,09:31:11,125,124.7,150,125,4650,375,1792200
NIFTY30JAN2012200CE.NFO,07/01/2020,09:31:12,125,124.9,75,125.1,75,5700,1792200
NIFTY30JAN2012200CE.NFO,07/01/2020,09:31:13,124.95,124.85,150,125.05,75,225,1792200
NIFTY30JAN2012200CE.NFO,07/01/2020,09:31:14,124.95,124.95,150,125.1,75,0,1792200
NIFTY30JAN2012200CE.NFO,07/01/2020,09:31:15,125.05,124.9,825,125.1,75,1800,1792200
NIFTY30JAN2012200CE.NFO,07/01/2020,09:31:16,125.1,124.95,75,125.1,75,75,1792200
NIFTY30JAN2012200CE.NFO,07/01/2020,09:31:17,125.1,125,900,125.25,150,0,1792200
NIFTY30JAN2012200CE.NFO,07/01/2020,09:31:18,125,125,150,125.25,375,750,1792200
NIFTY30JAN2012200CE.NFO,07/01/2020,09:31:19,125.25,125.2,75,125.3,525,375,1792200
NIFTY30JAN2012200CE.NFO,07/01/2020,09:31:20,125.1,125.1,750,125.3,525,75,1792200
NIFTY30JAN2012200CE.NFO,07/01/2020,09:31:21,125.1,125.1,75,125.25,150,1500,1792200
NIFTY30JAN2012200CE.NFO,07/01/2020,09:31:22,125.05,125,825,125.25,225,75,1792200
NIFTY30JAN2012200CE.NFO,07/01/2020,09:31:24,125.15,125.15,600,125.25,75,1425,1792200
NIFTY30JAN2012200CE.NFO,07/01/2020,09:31:25,125.3,125.25,75,125.45,450,1950,1792200
NIFTY30JAN2012200CE.NFO,07/01/2020,09:31:26,125.45,125.25,375,125.5,75,525,1792200
NIFTY30JAN2012200CE.NFO,07/01/2020,09:31:26,125.45,125.15,150,125.35,225,0,1792200
NIFTY30JAN2012200CE.NFO,07/01/2020,09:31:27,125.35,125.25,150,125.5,75,225,1792200
NIFTY30JAN2012200CE.NFO,07/01/2020,09:31:28,125.35,125.25,150,125.45,450,0,1792200
NIFTY30JAN2012200CE.NFO,07/01/2020,09:31:31,125.2,125.05,975,125.4,150,900,1792200
NIFTY30JAN2012200CE.NFO,07/01/2020,09:31:31,125.2,125.05,975,125.4,150,0,1792200
NIFTY30JAN2012200CE.NFO,07/01/2020,09:31:32,125.2,125.1,900,125.4,150,0,1792200
NIFTY30JAN2012200CE.NFO,07/01/2020,09:31:33,125.05,125.1,225,125.3,75,150,1792200
NIFTY30JAN2012200CE.NFO,07/01/2020,09:31:34,125.05,125.05,75,125.3,75,0,1792200
NIFTY30JAN2012200CE.NFO,07/01/2020,09:31:36,125.35,125.05,525,125.4,150,975,1792200
NIFTY30JAN2012200CE.NFO,07/01/2020,09:31:37,125.4,125.25,75,125.45,150,75,1792200
NIFTY30JAN2012200CE.NFO,07/01/2020,09:31:37,125.45,125.3,225,125.5,75,75,1792200
NIFTY30JAN2012200CE.NFO,07/01/2020,09:31:38,125.5,125.4,150,125.6,75,75,1792200
NIFTY30JAN2012200CE.NFO,07/01/2020,09:31:39,125.6,125.4,150,125.7,300,75,1792200
NIFTY30JAN2012200CE.NFO,07/01/2020,09:31:40,125.45,125.45,150,125.7,225,300,1792200
NIFTY30JAN2012200CE.NFO,07/01/2020,09:31:41,125.45,125.45,225,125.7,75,0,1792200
NIFTY30JAN2012200CE.NFO,07/01/2020,09:31:42,125.7,125.5,150,125.75,225,75,1792200
NIFTY30JAN2012200CE.NFO,07/01/2020,09:31:43,125.7,125.5,1650,125.8,600,0,1792200
NIFTY30JAN2012200CE.NFO,07/01/2020,09:31:45,125.6,125.55,750,125.85,375,750,1792200
NIFTY30JAN2012200CE.NFO,07/01/2020,09:31:45,125.85,125.55,900,125.8,75,1425,1792200
NIFTY30JAN2012200CE.NFO,07/01/2020,09:31:46,125.5,125.35,225,125.7,150,2250,1792200
NIFTY30JAN2012200CE.NFO,07/01/2020,09:31:47,125.7,125.35,900,125.7,450,75,1792200
NIFTY30JAN2012200CE.NFO,07/01/2020,09:31:48,125.7,125.45,150,125.75,75,825,1792200
NIFTY30JAN2012200CE.NFO,07/01/2020,09:31:49,125.65,125.45,150,125.75,75,450,1792200
NIFTY30JAN2012200CE.NFO,07/01/2020,09:31:50,125.65,125.65,225,125.85,225,750,1792200
NIFTY30JAN2012200CE.NFO,07/01/2020,09:31:51,125.65,125.75,150,126,1500,0,1792200
NIFTY30JAN2012200CE.NFO,07/01/2020,09:31:52,125.75,125.65,900,125.95,150,75,1792200
NIFTY30JAN2012200CE.NFO,07/01/2020,09:31:53,125.95,125.65,900,125.95,150,150,1792200
NIFTY30JAN2012200CE.NFO,07/01/2020,09:31:54,125.85,125.8,150,126,1500,75,1792200
NIFTY30JAN2012200CE.NFO,07/01/2020,09:31:55,125.8,125.8,150,126.1,75,2025,1792200
NIFTY30JAN2012200CE.NFO,07/01/2020,09:31:56,125.8,125.9,300,126.15,150,0,1792200
NIFTY30JAN2012200CE.NFO,07/01/2020,09:31:57,125.85,125.8,750,125.95,75,150,1792200
NIFTY30JAN2012200CE.NFO,07/01/2020,09:31:58,126,125.75,900,126.05,150,4650,1792200
NIFTY30JAN2012200CE.NFO,07/01/2020,09:31:59,125.95,125.95,150,126.05,75,600,1792200
NIFTY30JAN2012200CE.NFO,07/01/2020,09:32:00,126.15,126,5325,126.2,75,300,1792200
NIFTY30JAN2012200CE.NFO,07/01/2020,09:32:01,126.35,126.15,150,126.45,225,7575,1792200
NIFTY30JAN2012200CE.NFO,07/01/2020,09:32:02,126.3,126.25,150,126.45,150,75,1792200
NIFTY30JAN2012200CE.NFO,07/01/2020,09:32:03,126.3,126.2,75,126.5,150,450,1792200
NIFTY30JAN2012200CE.NFO,07/01/2020,09:32:05,126.8,126.5,1425,126.8,225,1725,1792200
NIFTY30JAN2012200CE.NFO,07/01/2020,09:32:06,126.6,126.5,1425,126.65,75,975,1792200
NIFTY30JAN2012200CE.NFO,07/01/2020,09:32:07,126.25,126.25,150,126.6,150,6675,1792200
NIFTY30JAN2012200CE.NFO,07/01/2020,09:32:08,126.45,126.25,225,126.45,225,975,1792200
NIFTY30JAN2012200CE.NFO,07/01/2020,09:32:09,126.35,126.35,150,126.55,150,1425,1792200
NIFTY30JAN2012200CE.NFO,07/01/2020,09:32:10,126.55,126.4,225,126.6,450,75,1792200
NIFTY30JAN2012200CE.NFO,07/01/2020,09:32:11,126.55,126.4,225,126.65,75,375,1792200
NIFTY30JAN2012200CE.NFO,07/01/2020,09:32:12,126.95,126.65,150,126.9,225,900,1792200
NIFTY30JAN2012200CE.NFO,07/01/2020,09:32:13,126.85,126.7,600,127,75,5025,1792200
NIFTY30JAN2012200CE.NFO,07/01/2020,09:32:14,127.05,127.05,75,127.25,150,1275,1790100
NIFTY30JAN2012200CE.NFO,07/01/2020,09:32:15,127.05,127.05,150,127.3,300,600,1790100
NIFTY30JAN2012200CE.NFO,07/01/2020,09:32:15,127.05,127,4275,127.3,300,225,1790100
NIFTY30JAN2012200CE.NFO,07/01/2020,09:32:16,127,127.05,75,127.3,150,225,1790100
NIFTY30JAN2012200CE.NFO,07/01/2020,09:32:17,127.4,127.2,225,127.35,150,375,1790100
NIFTY30JAN2012200CE.NFO,07/01/2020,09:32:18,127,127.05,450,127.35,150,525,1790100
NIFTY30JAN2012200CE.NFO,07/01/2020,09:32:19,128.45,128.25,150,128.5,75,7875,1790100
NIFTY30JAN2012200CE.NFO,07/01/2020,09:32:20,128.25,128.2,1500,128.4,225,225,1790100
NIFTY30JAN2012200CE.NFO,07/01/2020,09:32:21,128.25,128.3,75,128.55,150,975,1790100
NIFTY30JAN2012200CE.NFO,07/01/2020,09:32:22,128.6,128.6,75,128.85,150,1350,1790100
NIFTY30JAN2012200CE.NFO,07/01/2020,09:32:23,129.05,128.8,675,129.05,75,2025,1790100
NIFTY30JAN2012200CE.NFO,07/01/2020,09:32:24,128.55,128.5,300,128.75,150,825,1790100
NIFTY30JAN2012200CE.NFO,07/01/2020,09:32:25,128.85,129,150,129.1,75,75,1790100
NIFTY30JAN2012200CE.NFO,07/01/2020,09:32:26,129.2,129,150,129.2,150,300,1790100
NIFTY30JAN2012200CE.NFO,07/01/2020,09:32:27,129.2,129,525,129.2,150,75,1790100
NIFTY30JAN2012200CE.NFO,07/01/2020,09:32:28,129.25,129,525,129.25,300,300,1790100
NIFTY30JAN2012200CE.NFO,07/01/2020,09:32:29,129.25,129.05,150,129.2,75,150,1790100
NIFTY30JAN2012200CE.NFO,07/01/2020,09:32:30,129.15,129.1,75,129.3,450,150,1790100
NIFTY30JAN2012200CE.NFO,07/01/2020,09:32:31,129.05,129.1,150,129.3,150,75,1790100
NIFTY30JAN2012200CE.NFO,07/01/2020,09:32:32,129.2,129.2,150,129.45,150,525,1790100
NIFTY30JAN2012200CE.NFO,07/01/2020,09:32:33,129.65,129.4,150,129.7,75,600,1790100
NIFTY30JAN2012200CE.NFO,07/01/2020,09:32:34,129.5,129.3,150,129.6,150,150,1790100
NIFTY30JAN2012200CE.NFO,07/01/2020,09:32:35,129.7,129.55,150,129.8,375,450,1790100
NIFTY30JAN2012200CE.NFO,07/01/2020,09:32:36,129.8,129.55,150,129.85,750,525,1790100
NIFTY30JAN2012200CE.NFO,07/01/2020,09:32:37,129.55,129.65,150,129.85,375,75,1790100
NIFTY30JAN2012200CE.NFO,07/01/2020,09:32:38,130.2,129.85,75,130.3,300,7650,1790100
NIFTY30JAN2012200CE.NFO,07/01/2020,09:32:38,130.2,129.85,75,130.3,300,0,1790100
NIFTY30JAN2012200CE.NFO,07/01/2020,09:32:39,130.2,130.2,1275,130.5,225,6600,1790100
NIFTY30JAN2012200CE.NFO,07/01/2020,09:32:39,131.15,130.2,1275,130.5,225,0,1790100
NIFTY30JAN2012200CE.NFO,07/01/2020,09:32:40,130.35,130.35,75,130.5,300,1275,1790100
NIFTY30JAN2012200CE.NFO,07/01/2020,09:32:41,130.45,130.35,150,130.6,150,1125,1790100
NIFTY30JAN2012200CE.NFO,07/01/2020,09:32:42,130.3,130.25,75,130.45,1275,900,1790100
NIFTY30JAN2012200CE.NFO,07/01/2020,09:32:43,130.2,130.25,150,130.35,450,300,1790100
NIFTY30JAN2012200CE.NFO,07/01/2020,09:32:44,130.2,130.05,150,130.3,225,5550,1790100
NIFTY30JAN2012200CE.NFO,07/01/2020,09:32:45,130.05,129.95,75,130.05,375,750,1790100
NIFTY30JAN2012200CE.NFO,07/01/2020,09:32:46,129.7,129.75,450,129.95,450,825,1790100
NIFTY30JAN2012200CE.NFO,07/01/2020,09:32:48,129.5,129.5,525,129.7,75,1800,1790100
NIFTY30JAN2012200CE.NFO,07/01/2020,09:32:49,129.7,129.5,225,129.65,225,1275,1790100
NIFTY30JAN2012200CE.NFO,07/01/2020,09:32:50,129.9,129.6,150,129.9,150,1350,1790100
NIFTY30JAN2012200CE.NFO,07/01/2020,09:32:51,129.9,129.65,150,129.9,150,375,1790100
NIFTY30JAN2012200CE.NFO,07/01/2020,09:32:52,129.75,129.65,150,129.9,375,225,1790100
NIFTY30JAN2012200CE.NFO,07/01/2020,09:32:53,129.75,129.7,450,129.95,150,75,1790100
NIFTY30JAN2012200CE.NFO,07/01/2020,09:32:54,129.7,129.75,150,129.95,150,75,1790100
NIFTY30JAN2012200CE.NFO,07/01/2020,09:32:55,129.65,129.65,225,129.95,525,150,1790100
NIFTY30JAN2012200CE.NFO,07/01/2020,09:32:56,129.65,129.5,300,129.7,150,375,1790100
NIFTY30JAN2012200CE.NFO,07/01/2020,09:32:56,129.65,129.6,150,129.9,150,0,1790100
NIFTY30JAN2012200CE.NFO,07/01/2020,09:32:57,129.65,129.65,75,129.85,150,0,1790100
NIFTY30JAN2012200CE.NFO,07/01/2020,09:32:58,129.9,129.9,150,130,450,150,1790100
NIFTY30JAN2012200CE.NFO,07/01/2020,09:32:59,129.85,129.85,75,130,75,750,1790100
NIFTY30JAN2012200CE.NFO,07/01/2020,09:33:00,130.05,130.05,225,130.25,150,1125,1790100
NIFTY30JAN2012200CE.NFO,07/01/2020,09:33:01,130.1,130.1,75,130.3,150,75,1790100
NIFTY30JAN2012200CE.NFO,07/01/2020,09:33:02,130.3,130.15,75,130.45,150,75,1790100
NIFTY30JAN2012200CE.NFO,07/01/2020,09:33:03,130.2,130.2,150,130.5,225,525,1790100
NIFTY30JAN2012200CE.NFO,07/01/2020,09:33:04,130.2,130,4500,130.25,75,0,1790100
NIFTY30JAN2012200CE.NFO,07/01/2020,09:33:06,130,130,4350,130.15,75,75,1790100
NIFTY30JAN2012200CE.NFO,07/01/2020,09:33:07,130.5,130.2,150,130.45,450,525,1790100
NIFTY30JAN2012200CE.NFO,07/01/2020,09:33:08,130.3,130.25,150,130.6,150,75,1790100
NIFTY30JAN2012200CE.NFO,07/01/2020,09:33:08,130.25,130.25,225,130.6,375,75,1790100
NIFTY30JAN2012200CE.NFO,07/01/2020,09:33:09,130.55,130.6,150,130.8,150,375,1790100
NIFTY30JAN2012200CE.NFO,07/01/2020,09:33:10,130.65,130.45,225,130.7,150,1050,1790100
NIFTY30JAN2012200CE.NFO,07/01/2020,09:33:11,130.5,130.5,75,130.75,150,225,1790100
NIFTY30JAN2012200CE.NFO,07/01/2020,09:33:12,130.45,130.55,75,130.85,150,150,1790100
NIFTY30JAN2012200CE.NFO,07/01/2020,09:33:13,130.9,130.7,150,130.95,450,750,1790100
NIFTY30JAN2012200CE.NFO,07/01/2020,09:33:14,130.95,130.75,75,131,75,225,1790100
NIFTY30JAN2012200CE.NFO,07/01/2020,09:33:15,130.6,130.35,750,130.7,75,525,1790100
NIFTY30JAN2012200CE.NFO,07/01/2020,09:33:16,130.6,130.4,300,130.7,150,0,1790100
NIFTY30JAN2012200CE.NFO,07/01/2020,09:33:17,130.75,130.45,75,130.7,150,600,1790100
NIFTY30JAN2012200CE.NFO,07/01/2020,09:33:18,130.25,130.25,225,130.55,150,225,1790100
NIFTY30JAN2012200CE.NFO,07/01/2020,09:33:19,130.25,130.15,375,130.5,75,0,1790100
NIFTY30JAN2012200CE.NFO,07/01/2020,09:33:20,130.45,130.3,150,130.55,150,150,1790100
NIFTY30JAN2012200CE.NFO,07/01/2020,09:33:21,130.45,130.15,225,130.35,150,0,1790100
NIFTY30JAN2012200CE.NFO,07/01/2020,09:33:22,130.45,130.15,75,130.3,75,75,1790100
NIFTY30JAN2012200CE.NFO,07/01/2020,09:33:23,130.3,130.25,300,130.6,675,300,1790100
NIFTY30JAN2012200CE.NFO,07/01/2020,09:33:24,130.3,130.3,75,130.45,75,450,1790100
NIFTY30JAN2012200CE.NFO,07/01/2020,09:33:25,130.1,130.3,75,130.45,75,225,1790100
NIFTY30JAN2012200CE.NFO,07/01/2020,09:33:26,130.5,130.5,225,130.8,150,150,1790100
NIFTY30JAN2012200CE.NFO,07/01/2020,09:33:27,130.55,130.55,300,130.85,150,375,1790100
NIFTY30JAN2012200CE.NFO,07/01/2020,09:33:28,130.55,130.4,150,130.65,150,0,1790100
NIFTY30JAN2012200CE.NFO,07/01/2020,09:33:29,130.55,130.4,150,130.7,375,0,1790100
NIFTY30JAN2012200CE.NFO,07/01/2020,09:33:30,130.55,130.4,150,130.65,150,0,1790100
NIFTY30JAN2012200CE.NFO,07/01/2020,09:33:31,130.8,130.5,150,130.75,225,750,1790100
NIFTY30JAN2012200CE.NFO,07/01/2020,09:33:32,130.65,130.4,150,130.65,75,75,1790100
NIFTY30JAN2012200CE.NFO,07/01/2020,09:33:33,130.85,130.6,150,130.9,300,675,1790100
NIFTY30JAN2012200CE.NFO,07/01/2020,09:33:34,130.5,130.5,75,130.6,150,375,1790100
NIFTY30JAN2012200CE.NFO,07/01/2020,09:33:35,130.6,130.5,300,130.85,150,150,1790100
NIFTY30JAN2012200CE.NFO,07/01/2020,09:33:36,130.6,130.5,150,130.8,150,0,1790100
NIFTY30JAN2012200CE.NFO,07/01/2020,09:33:37,131,130.55,150,130.85,150,4350,1790100
NIFTY30JAN2012200CE.NFO,07/01/2020,09:33:38,131,130.55,150,130.85,150,0,1790100
NIFTY30JAN2012200CE.NFO,07/01/2020,09:33:39,130.65,130.55,900,130.7,75,600,1790100
NIFTY30JAN2012200CE.NFO,07/01/2020,09:33:40,131,130.85,150,131.15,75,375,1790100
NIFTY30JAN2012200CE.NFO,07/01/2020,09:33:40,131.2,130.85,150,131.15,75,0,1790100
NIFTY30JAN2012200CE.NFO,07/01/2020,09:33:42,130.9,130.85,75,131.2,150,375,1790100
NIFTY30JAN2012200CE.NFO,07/01/2020,09:33:42,130.9,130.95,75,131.2,150,0,1790100
NIFTY30JAN2012200CE.NFO,07/01/2020,09:33:43,131.05,131.05,75,131.25,75,75,1790100
NIFTY30JAN2012200CE.NFO,07/01/2020,09:33:44,131.05,131,4575,131.25,75,75,1790100
NIFTY30JAN2012200CE.NFO,07/01/2020,09:33:45,131,131,4350,131.15,150,300,1790100
NIFTY30JAN2012200CE.NFO,07/01/2020,09:33:46,131.25,131,4350,131.15,75,75,1790100
NIFTY30JAN2012200CE.NFO,07/01/2020,09:33:46,131.25,131,4350,131.15,75,0,1790100
NIFTY30JAN2012200CE.NFO,07/01/2020,09:33:47,131.25,131.1,75,131.3,450,225,1790100
NIFTY30JAN2012200CE.NFO,07/01/2020,09:33:48,131.3,131.1,150,131.25,75,150,1790100
NIFTY30JAN2012200CE.NFO,07/01/2020,09:33:48,131.3,131.1,150,131.25,75,0,1790100
NIFTY30JAN2012200CE.NFO,07/01/2020,09:33:49,131.2,131.25,75,131.45,150,825,1790100
NIFTY30JAN2012200CE.NFO,07/01/2020,09:33:49,131.5,131.25,75,131.45,150,0,1790100
NIFTY30JAN2012200CE.NFO,07/01/2020,09:33:50,131.4,131.35,75,131.55,150,150,1790100
NIFTY30JAN2012200CE.NFO,07/01/2020,09:33:51,131.55,131.35,225,131.6,375,300,1790100
NIFTY30JAN2012200CE.NFO,07/01/2020,09:33:51,131.55,131.35,225,131.6,375,0,1790100
NIFTY30JAN2012200CE.NFO,07/01/2020,09:33:52,131.55,131.25,75,131.55,150,0,1790100
NIFTY30JAN2012200CE.NFO,07/01/2020,09:33:54,131.4,131.4,75,131.6,375,75,1790100
NIFTY30JAN2012200CE.NFO,07/01/2020,09:33:54,131.4,131.4,75,131.6,375,0,1790100
NIFTY30JAN2012200CE.NFO,07/01/2020,09:33:55,131.6,131.55,150,131.7,75,825,1790100
NIFTY30JAN2012200CE.NFO,07/01/2020,09:33:55,131.6,131.55,150,131.7,75,0,1790100
NIFTY30JAN2012200CE.NFO,07/01/2020,09:33:56,131.95,131.65,150,131.9,450,1350,1790100
NIFTY30JAN2012200CE.NFO,07/01/2020,09:33:56,132,131.65,150,131.9,450,0,1790100
NIFTY30JAN2012200CE.NFO,07/01/2020,09:33:57,131.85,131.6,150,131.9,75,525,1790100
NIFTY30JAN2012200CE.NFO,07/01/2020,09:33:58,131.8,131.7,150,131.95,150,1050,1790100
NIFTY30JAN2012200CE.NFO,07/01/2020,09:33:59,131.7,131.8,225,132,300,300,1790100
NIFTY30JAN2012200CE.NFO,07/01/2020,09:34:01,132,132,825,132.2,75,450,1790100
NIFTY30JAN2012200CE.NFO,07/01/2020,09:34:01,132.05,132,825,132.2,75,0,1790100
NIFTY30JAN2012200CE.NFO,07/01/2020,09:34:01,132.25,132.25,825,132.5,75,2100,1790100
NIFTY30JAN2012200CE.NFO,07/01/2020,09:34:01,132.7,132.25,825,132.5,75,0,1790100
NIFTY30JAN2012200CE.NFO,07/01/2020,09:34:02,132.4,132.3,150,132.55,150,1050,1790100
NIFTY30JAN2012200CE.NFO,07/01/2020,09:34:03,132.25,132.15,225,132.6,300,1650,1790100
NIFTY30JAN2012200CE.NFO,07/01/2020,09:34:04,131.9,131.7,225,131.95,150,975,1790100
NIFTY30JAN2012200CE.NFO,07/01/2020,09:34:05,132,132,1425,132.15,75,975,1790100
NIFTY30JAN2012200CE.NFO,07/01/2020,09:34:06,131.75,131.7,150,131.95,150,1875,1790100
NIFTY30JAN2012200CE.NFO,07/01/2020,09:34:08,131.55,131.25,300,131.45,75,600,1790100
NIFTY30JAN2012200CE.NFO,07/01/2020,09:34:08,131.55,131.35,150,131.55,75,0,1790100
NIFTY30JAN2012200CE.NFO,07/01/2020,09:34:09,131.7,131.45,150,131.7,150,450,1790100
NIFTY30JAN2012200CE.NFO,07/01/2020,09:34:10,131.85,131.55,150,131.8,75,675,1790100
NIFTY30JAN2012200CE.NFO,07/01/2020,09:34:11,131.55,131.55,150,131.85,225,375,1790100
NIFTY30JAN2012200CE.NFO,07/01/2020,09:34:12,131.65,131.5,150,131.7,75,225,1790100
NIFTY30JAN2012200CE.NFO,07/01/2020,09:34:13,131.7,131.75,225,132,4575,300,1790100
NIFTY30JAN2012200CE.NFO,07/01/2020,09:34:14,131.55,131.55,525,131.7,75,225,1790100
NIFTY30JAN2012200CE.NFO,07/01/2020,09:34:15,131.55,131.55,150,131.7,75,450,1790100
NIFTY30JAN2012200CE.NFO,07/01/2020,09:34:16,131.75,131.5,150,131.8,225,300,1790100
NIFTY30JAN2012200CE.NFO,07/01/2020,09:34:17,131.25,131.2,225,131.45,150,825,1790100
NIFTY30JAN2012200CE.NFO,07/01/2020,09:34:18,131.1,131.05,300,131.35,150,150,1790100
NIFTY30JAN2012200CE.NFO,07/01/2020,09:34:19,131,130.6,225,130.8,75,975,1790100
NIFTY30JAN2012200CE.NFO,07/01/2020,09:34:20,131.35,130.95,75,131.2,150,750,1790100
NIFTY30JAN2012200CE.NFO,07/01/2020,09:34:21,130.9,130.85,675,131.2,150,300,1790100
NIFTY30JAN2012200CE.NFO,07/01/2020,09:34:22,131.1,130.95,450,131.15,75,75,1790100
NIFTY30JAN2012200CE.NFO,07/01/2020,09:34:23,131.1,131.1,75,131.3,150,150,1790100
NIFTY30JAN2012200CE.NFO,07/01/2020,09:34:24,131.1,131.15,150,131.45,300,0,1790100
NIFTY30JAN2012200CE.NFO,07/01/2020,09:34:25,131.1,131.05,225,131.35,225,450,1790100
NIFTY30JAN2012200CE.NFO,07/01/2020,09:34:26,131,130.7,150,130.95,75,375,1790100
NIFTY30JAN2012200CE.NFO,07/01/2020,09:34:27,131,130.55,300,130.75,150,0,1790100
NIFTY30JAN2012200CE.NFO,07/01/2020,09:34:28,130.75,130.65,150,130.95,150,150,1790100
NIFTY30JAN2012200CE.NFO,07/01/2020,09:34:29,130.5,130.35,150,130.6,150,675,1790100
NIFTY30JAN2012200CE.NFO,07/01/2020,09:34:31,130.55,130.45,150,130.65,75,975,1790100
NIFTY30JAN2012200CE.NFO,07/01/2020,09:34:31,130.55,130.35,150,130.55,75,0,1790100
NIFTY30JAN2012200CE.NFO,07/01/2020,09:34:32,130.25,130.2,75,130.6,375,300,1790100
NIFTY30JAN2012200CE.NFO,07/01/2020,09:34:33,130.3,130.25,150,130.65,150,150,1790100
NIFTY30JAN2012200CE.NFO,07/01/2020,09:34:34,129.8,129.7,300,130.1,150,1500,1790100
NIFTY30JAN2012200CE.NFO,07/01/2020,09:34:35,130.2,130.15,75,130.55,225,225,1790100
NIFTY30JAN2012200CE.NFO,07/01/2020,09:34:37,130.05,130,150,130.35,150,75,1790100
NIFTY30JAN2012200CE.NFO,07/01/2020,09:34:37,130.05,130,150,130.35,150,0,1790100
NIFTY30JAN2012200CE.NFO,07/01/2020,09:34:38,130.05,130.4,75,130.75,300,0,1790100
NIFTY30JAN2012200CE.NFO,07/01/2020,09:34:39,130.35,130.25,150,130.55,150,75,1790100
NIFTY30JAN2012200CE.NFO,07/01/2020,09:34:40,130.35,130.15,300,130.5,150,0,1790100
NIFTY30JAN2012200CE.NFO,07/01/2020,09:34:42,130.05,130.15,150,130.5,150,1425,1790100
