Ticker,Date,Time,LTP,BuyPrice,BuyQty,SellPrice,SellQty,LTQ,OpenInterest
NIFTY26MAR2012300PE.NFO,07/01/2020,11:20:31,345,252.75,150,372.35,75,75,150
NIFTY26MAR2012300PE.NFO,07/01/2020,11:20:31,345,252.75,150,372.35,75,0,150
NIFTY26MAR2012300PE.NFO,07/01/2020,11:20:31,345,252.75,150,372.35,75,0,150
NIFTY26MAR2012300PE.NFO,07/01/2020,11:20:31,345,252.75,150,372.35,75,0,150
NIFTY26MAR2012300PE.NFO,07/01/2020,11:20:32,345,253.15,450,371.9,150,0,150
NIFTY26MAR2012300PE.NFO,07/01/2020,11:20:33,345,253.65,300,371.4,150,0,150
NIFTY26MAR2012300PE.NFO,07/01/2020,11:20:34,345,254.15,450,370.9,150,0,150
NIFTY26MAR2012300PE.NFO,07/01/2020,11:20:35,345,254.65,450,370.5,300,0,150
NIFTY26MAR2012300PE.NFO,07/01/2020,11:20:36,345,255.15,225,370.05,150,0,150
NIFTY26MAR2012300PE.NFO,07/01/2020,11:20:37,345,255.55,300,369.65,150,0,150
NIFTY26MAR2012300PE.NFO,07/01/2020,11:20:38,345,255.95,150,369.25,75,0,150
NIFTY26MAR2012300PE.NFO,07/01/2020,11:20:39,345,256.35,300,368.75,75,0,150
NIFTY26MAR2012300PE.NFO,07/01/2020,11:20:40,345,256.85,150,368.35,75,0,150
NIFTY26MAR2012300PE.NFO,07/01/2020,11:20:41,345,257.25,450,367.8,75,0,150
NIFTY26MAR2012300PE.NFO,07/01/2020,11:20:42,345,257.75,450,367.4,75,0,150
NIFTY26MAR2012300PE.NFO,07/01/2020,11:20:43,345,258.25,300,366.9,150,0,150
NIFTY26MAR2012300PE.NFO,07/01/2020,11:20:44,345,258.75,375,366.45,75,0,150
NIFTY26MAR2012300PE.NFO,07/01/2020,11:20:45,345,259.05,600,365.9,75,0,150
NIFTY26MAR2012300PE.NFO,07/01/2020,11:20:46,345,259.55,300,365.45,75,0,150
NIFTY26MAR2012300PE.NFO,07/01/2020,11:20:47,345,259.95,225,365.1,150,0,150
NIFTY26MAR2012300PE.NFO,07/01/2020,11:20:48,345,260.45,300,364.7,75,0,150
NIFTY26MAR2012300PE.NFO,07/01/2020,11:20:49,345,260.85,300,364.3,150,0,150
NIFTY26MAR2012300PE.NFO,07/01/2020,11:20:50,345,261.15,375,363.9,75,0,150
NIFTY26MAR2012300PE.NFO,07/01/2020,11:20:51,345,261.65,225,363.5,75,0,150
NIFTY26MAR2012300PE.NFO,07/01/2020,11:20:52,345,262.05,375,363,75,0,150
NIFTY26MAR2012300PE.NFO,07/01/2020,11:20:53,345,262.45,375,362.5,75,0,150
NIFTY26MAR2012300PE.NFO,07/01/2020,11:20:54,345,262.95,375,362.2,150,0,150
NIFTY26MAR2012300PE.NFO,07/01/2020,11:20:55,345,263.35,225,361.8,150,0,150
NIFTY26MAR2012300PE.NFO,07/01/2020,11:20:56,345,263.85,150,361.35,150,0,150
NIFTY26MAR2012300PE.NFO,07/01/2020,11:20:57,345,264.25,300,361.15,75,0,150
NIFTY26MAR2012300PE.NFO,07/01/2020,11:20:58,345,264.75,300,360.85,150,0,150
NIFTY26MAR2012300PE.NFO,07/01/2020,11:20:59,345,265.3,75,360.65,75,0,150
NIFTY26MAR2012300PE.NFO,07/01/2020,11:21:00,345,265.8,375,360.5,75,0,150
NIFTY26MAR2012300PE.NFO,07/01/2020,11:21:01,345,266.4,375,360.2,75,0,150
NIFTY26MAR2012300PE.NFO,07/01/2020,11:21:02,345,266.9,525,359.9,75,0,150
NIFTY26MAR2012300PE.NFO,07/01/2020,11:21:03,345,267.4,525,359.6,150,0,150
NIFTY26MAR2012300PE.NFO,07/01/2020,11:21:04,345,267.9,525,359.4,75,0,150
NIFTY26MAR2012300PE.NFO,07/01/2020,11:21:05,345,268.5,75,359.25,75,0,150
NIFTY26MAR2012300PE.NFO,07/01/2020,11:21:06,345,269.1,150,359.1,75,0,150
NIFTY26MAR2012300PE.NFO,07/01/2020,11:21:07,345,269.7,300,358.95,75,0,150
NIFTY26MAR2012300PE.NFO,07/01/2020,11:21:08,345,270.1,300,358.85,75,0,150
NIFTY26MAR2012300PE.NFO,07/01/2020,11:21:09,345,270.6,375,358.65,75,0,150
NIFTY26MAR2012300PE.NFO,07/01/2020,11:21:10,345,271.2,150,358.5,75,0,150
NIFTY26MAR2012300PE.NFO,07/01/2020,11:21:11,345,271.7,525,358.35,75,0,150
NIFTY26MAR2012300PE.NFO,07/01/2020,11:21:12,345,272.2,75,358.25,75,0,150
NIFTY26MAR2012300PE.NFO,07/01/2020,11:21:13,345,272.6,150,358.1,75,0,150
NIFTY26MAR2012300PE.NFO,07/01/2020,11:21:14,345,273.1,300,357.95,75,0,150
NIFTY26MAR2012300PE.NFO,07/01/2020,11:21:15,345,273.8,75,357.75,75,0,150
NIFTY26MAR2012300PE.NFO,07/01/2020,11:21:16,345,274.5,225,357.6,75,0,150
NIFTY26MAR2012300PE.NFO,07/01/2020,11:21:17,345,275.1,75,357.5,75,0,150
NIFTY26MAR2012300PE.NFO,07/01/2020,11:21:18,345,275.5,525,357.35,75,0,150
NIFTY26MAR2012300PE.NFO,07/01/2020,11:21:19,345,276.1,75,357.2,75,0,150
NIFTY26MAR2012300PE.NFO,07/01/2020,11:21:20,345,276.7,150,419.1,225,0,150
NIFTY26MAR2012300PE.NFO,07/01/2020,11:21:21,345,277.3,225,418.5,75,0,150
NIFTY26MAR2012300PE.NFO,07/01/2020,11:21:22,345,277.9,150,417.9,75,0,150
NIFTY26MAR2012300PE.NFO,07/01/2020,11:21:23,345,278.6,75,417.4,75,0,150
NIFTY26MAR2012300PE.NFO,07/01/2020,11:21:24,345,279.2,75,416.9,150,0,150
NIFTY26MAR2012300PE.NFO,07/01/2020,11:21:25,345,279.7,225,416.4,150,0,150
NIFTY26MAR2012300PE.NFO,07/01/2020,11:21:26,345,280.2,75,415.85,150,0,150
NIFTY26MAR2012300PE.NFO,07/01/2020,11:21:27,345,280.5,450,415.45,75,0,150
NIFTY26MAR2012300PE.NFO,07/01/2020,11:21:28,345,280.9,75,415,75,0,150
NIFTY26MAR2012300PE.NFO,07/01/2020,11:21:29,345,281.2,450,414.6,75,0,150
NIFTY26MAR2012300PE.NFO,07/01/2020,11:21:30,345,281.6,375,414.2,75,0,150
NIFTY26MAR2012300PE.NFO,07/01/2020,11:21:31,345,282.1,75,413.7,75,0,150
NIFTY26MAR2012300PE.NFO,07/01/2020,11:21:32,345,282.5,450,413.1,75,0,150
NIFTY26MAR2012300PE.NFO,07/01/2020,11:21:33,345,283,75,412.2,75,0,150
NIFTY26MAR2012300PE.NFO,07/01/2020,11:21:34,345,283.4,675,411,75,0,150
NIFTY26MAR2012300PE.NFO,07/01/2020,11:21:35,345,283.9,75,410.4,75,0,150
NIFTY26MAR2012300PE.NFO,07/01/2020,11:21:36,345,284.3,150,409.6,75,0,150
NIFTY26MAR2012300PE.NFO,07/01/2020,11:21:37,345,284.9,75,408.7,75,0,150
NIFTY26MAR2012300PE.NFO,07/01/2020,11:21:38,345,285.3,75,384.25,75,0,150
NIFTY26MAR2012300PE.NFO,07/01/2020,11:21:39,345,285.7,150,383.05,75,0,150
NIFTY26MAR2012300PE.NFO,07/01/2020,11:21:40,345,286.1,300,381.85,75,0,150
NIFTY26MAR2012300PE.NFO,07/01/2020,11:21:41,345,286.7,75,380.35,75,0,150
NIFTY26MAR2012300PE.NFO,07/01/2020,11:21:42,345,287.2,225,379,75,0,150
NIFTY26MAR2012300PE.NFO,07/01/2020,11:21:43,345,287.7,75,378.45,75,0,150
NIFTY26MAR2012300PE.NFO,07/01/2020,11:21:44,345,288.1,75,377.6,75,0,150
NIFTY26MAR2012300PE.NFO,07/01/2020,11:21:45,345,288.5,75,376.45,75,0,150
NIFTY26MAR2012300PE.NFO,07/01/2020,11:21:46,345,289,225,375.7,150,0,150
NIFTY26MAR2012300PE.NFO,07/01/2020,11:21:47,345,289.5,300,375,75,0,150
NIFTY26MAR2012300PE.NFO,07/01/2020,11:21:48,345,290.3,450,373.9,75,0,150
NIFTY26MAR2012300PE.NFO,07/01/2020,11:21:49,345,290.9,450,373.15,75,0,150
NIFTY26MAR2012300PE.NFO,07/01/2020,11:21:50,345,291.5,225,372.25,75,0,150
NIFTY26MAR2012300PE.NFO,07/01/2020,11:21:51,345,292,450,371.35,75,0,150
NIFTY26MAR2012300PE.NFO,07/01/2020,11:21:52,345,292.6,450,370.65,75,0,150
NIFTY26MAR2012300PE.NFO,07/01/2020,11:21:53,345,293.1,300,369.9,75,0,150
NIFTY26MAR2012300PE.NFO,07/01/2020,11:21:54,345,293.7,450,369.25,75,0,150
NIFTY26MAR2012300PE.NFO,07/01/2020,11:21:55,345,294.3,300,368.35,75,0,150
NIFTY26MAR2012300PE.NFO,07/01/2020,11:21:56,345,294.8,300,367.75,75,0,150
NIFTY26MAR2012300PE.NFO,07/01/2020,11:21:57,345,295.3,450,367.05,75,0,150
NIFTY26MAR2012300PE.NFO,07/01/2020,11:21:58,345,295.8,450,366.45,75,0,150
NIFTY26MAR2012300PE.NFO,07/01/2020,11:21:59,345,296.3,300,365.55,75,0,150
NIFTY26MAR2012300PE.NFO,07/01/2020,11:22:00,345,296.7,375,364.5,75,0,150
NIFTY26MAR2012300PE.NFO,07/01/2020,11:22:01,345,297.2,300,363.6,75,0,150
NIFTY26MAR2012300PE.NFO,07/01/2020,11:22:02,345,297.7,375,362.85,75,0,150
NIFTY26MAR2012300PE.NFO,07/01/2020,11:22:03,345,298.1,375,362.1,75,0,150
NIFTY26MAR2012300PE.NFO,07/01/2020,11:22:04,345,298.7,375,361.2,75,0,150
NIFTY26MAR2012300PE.NFO,07/01/2020,11:22:05,345,299.2,450,360,75,0,150
NIFTY26MAR2012300PE.NFO,07/01/2020,11:22:06,345,299.8,300,359.7,75,0,150
NIFTY26MAR2012300PE.NFO,07/01/2020,11:22:07,345,300.2,75,359.55,75,0,150
NIFTY26MAR2012300PE.NFO,07/01/2020,11:22:08,345,300.7,75,359.25,75,0,150
NIFTY26MAR2012300PE.NFO,07/01/2020,11:22:09,345,301.2,150,358.95,75,0,150
NIFTY26MAR2012300PE.NFO,07/01/2020,11:22:10,345,301.8,150,358.65,75,0,150
NIFTY26MAR2012300PE.NFO,07/01/2020,11:22:11,345,303,75,419.7,525,0,150
NIFTY26MAR2012300PE.NFO,07/01/2020,11:22:12,345,303.4,75,418.95,525,0,150
NIFTY26MAR2012300PE.NFO,07/01/2020,11:22:13,345,304,75,418.2,450,0,150
NIFTY26MAR2012300PE.NFO,07/01/2020,11:22:14,345,304.7,75,417.45,75,0,150
NIFTY26MAR2012300PE.NFO,07/01/2020,11:22:15,345,305.35,75,416.9,600,0,150
NIFTY26MAR2012300PE.NFO,07/01/2020,11:22:16,345,306,75,416.15,525,0,150
NIFTY26MAR2012300PE.NFO,07/01/2020,11:22:17,345,306.7,75,415.4,525,0,150
NIFTY26MAR2012300PE.NFO,07/01/2020,11:22:18,345,307.4,75,414.35,525,0,150
NIFTY26MAR2012300PE.NFO,07/01/2020,11:22:19,345,307.95,75,413.5,75,0,150
NIFTY26MAR2012300PE.NFO,07/01/2020,11:22:20,345,308.6,75,412.85,450,0,150
NIFTY26MAR2012300PE.NFO,07/01/2020,11:22:21,345,309.3,75,412.35,225,0,150
NIFTY26MAR2012300PE.NFO,07/01/2020,11:22:22,345,310,75,411.75,150,0,150
NIFTY26MAR2012300PE.NFO,07/01/2020,11:22:23,345,310.6,75,411.25,225,0,150
NIFTY26MAR2012300PE.NFO,07/01/2020,11:22:24,345,311.1,300,410.75,75,0,150
NIFTY26MAR2012300PE.NFO,07/01/2020,11:22:25,345,311.55,75,410.25,75,0,150
NIFTY26MAR2012300PE.NFO,07/01/2020,11:22:26,345,311.95,150,409.65,75,0,150
NIFTY26MAR2012300PE.NFO,07/01/2020,11:22:27,345,312.35,300,408.95,75,0,150
NIFTY26MAR2012300PE.NFO,07/01/2020,11:22:28,345,312.75,300,385.1,225,0,150
NIFTY26MAR2012300PE.NFO,07/01/2020,11:22:29,345,313.15,300,383.85,75,0,150
NIFTY26MAR2012300PE.NFO,07/01/2020,11:22:30,345,313.55,300,383.3,150,0,150
NIFTY26MAR2012300PE.NFO,07/01/2020,11:22:31,345,313.95,450,382.7,75,0,150
NIFTY26MAR2012300PE.NFO,07/01/2020,11:22:32,345,314.35,375,382.25,150,0,150
NIFTY26MAR2012300PE.NFO,07/01/2020,11:22:33,345,314.75,300,381.75,75,0,150
NIFTY26MAR2012300PE.NFO,07/01/2020,11:22:34,345,315.25,75,381.3,150,0,150
NIFTY26MAR2012300PE.NFO,07/01/2020,11:22:35,345,315.65,300,380.8,75,0,150
NIFTY26MAR2012300PE.NFO,07/01/2020,11:22:36,345,316.05,150,380.3,75,0,150
NIFTY26MAR2012300PE.NFO,07/01/2020,11:22:37,345,316.55,225,379.85,150,0,150
NIFTY26MAR2012300PE.NFO,07/01/2020,11:22:38,345,316.95,300,379.3,75,0,150
NIFTY26MAR2012300PE.NFO,07/01/2020,11:22:39,345,317.35,300,378.75,75,0,150
NIFTY26MAR2012300PE.NFO,07/01/2020,11:22:40,345,317.85,300,378.05,75,0,150
NIFTY26MAR2012300PE.NFO,07/01/2020,11:22:41,345,318.25,75,377.6,75,0,150
NIFTY26MAR2012300PE.NFO,07/01/2020,11:22:42,345,318.65,375,377.1,75,0,150
NIFTY26MAR2012300PE.NFO,07/01/2020,11:22:43,345,319.05,225,376.6,225,0,150
NIFTY26MAR2012300PE.NFO,07/01/2020,11:22:44,345,319.45,450,376.05,75,0,150
NIFTY26MAR2012300PE.NFO,07/01/2020,11:22:45,345,319.85,225,375.6,150,0,150
NIFTY26MAR2012300PE.NFO,07/01/2020,11:22:46,345,320.25,225,375.15,300,0,150
NIFTY26MAR2012300PE.NFO,07/01/2020,11:22:47,345,320.75,450,374.65,150,0,150
NIFTY26MAR2012300PE.NFO,07/01/2020,11:22:48,345,321.15,75,374.1,75,0,150
NIFTY26MAR2012300PE.NFO,07/01/2020,11:22:49,345,321.55,300,373.6,75,0,150
NIFTY26MAR2012300PE.NFO,07/01/2020,11:22:50,345,322.05,75,373.15,75,0,150
NIFTY26MAR2012300PE.NFO,07/01/2020,11:22:51,345,322.45,225,372.6,75,0,150
NIFTY26MAR2012300PE.NFO,07/01/2020,11:22:52,345,322.95,75,372.05,75,0,150
NIFTY26MAR2012300PE.NFO,07/01/2020,11:22:53,345,323.35,225,371.65,75,0,150
NIFTY26MAR2012300PE.NFO,07/01/2020,11:22:54,345,323.75,300,371.1,75,0,150
NIFTY26MAR2012300PE.NFO,07/01/2020,11:22:55,345,324.15,450,370.7,75,0,150
NIFTY26MAR2012300PE.NFO,07/01/2020,11:22:56,345,324.65,75,370.15,75,0,150
NIFTY26MAR2012300PE.NFO,07/01/2020,11:22:57,345,325.05,75,369.65,150,0,150
NIFTY26MAR2012300PE.NFO,07/01/2020,11:22:58,345,325.45,150,369.2,75,0,150
NIFTY26MAR2012300PE.NFO,07/01/2020,11:22:59,345,325.85,150,368.7,75,0,150
NIFTY26MAR2012300PE.NFO,07/01/2020,11:23:00,345,327.65,75,368.05,150,0,150
NIFTY26MAR2012300PE.NFO,07/01/2020,11:23:02,345,328.75,75,366.8,150,0,150
NIFTY26MAR2012300PE.NFO,07/01/2020,11:23:03,345,329.15,225,366.25,75,0,150
NIFTY26MAR2012300PE.NFO,07/01/2020,11:23:04,345,329.6,75,365.8,150,0,150
NIFTY26MAR2012300PE.NFO,07/01/2020,11:23:05,345,330,75,365.3,75,0,150
NIFTY26MAR2012300PE.NFO,07/01/2020,11:23:06,345,330.45,75,364.75,75,0,150
NIFTY26MAR2012300PE.NFO,07/01/2020,11:23:07,345,330.85,150,364.35,75,0,150
NIFTY26MAR2012300PE.NFO,07/01/2020,11:23:08,345,331.45,150,363.9,150,0,150
NIFTY26MAR2012300PE.NFO,07/01/2020,11:23:09,345,332.65,75,363.7,150,0,150
NIFTY26MAR2012300PE.NFO,07/01/2020,11:23:10,345,333.15,75,363.35,225,0,150
NIFTY26MAR2012300PE.NFO,07/01/2020,11:23:11,345,333.6,75,363.05,75,0,150
NIFTY26MAR2012300PE.NFO,07/01/2020,11:23:12,345,334,75,362.7,150,0,150
NIFTY26MAR2012300PE.NFO,07/01/2020,11:23:13,345,334.4,75,362.4,75,0,150
NIFTY26MAR2012300PE.NFO,07/01/2020,11:23:14,345,334.8,150,362.05,75,0,150
NIFTY26MAR2012300PE.NFO,07/01/2020,11:23:15,345,335.2,150,361.6,75,0,150
NIFTY26MAR2012300PE.NFO,07/01/2020,11:23:16,345,335.6,150,361.3,75,0,150
NIFTY26MAR2012300PE.NFO,07/01/2020,11:23:17,345,335.9,75,360.9,75,0,150
NIFTY26MAR2012300PE.NFO,07/01/2020,11:23:18,345,337.75,75,360.7,75,0,150
NIFTY26MAR2012300PE.NFO,07/01/2020,11:23:19,345,337.95,75,360.3,75,0,150
NIFTY26MAR2012300PE.NFO,07/01/2020,11:23:20,345,338.15,75,360.3,75,0,150
NIFTY26MAR2012300PE.NFO,07/01/2020,11:23:21,345,338.25,150,360.15,75,0,150
NIFTY26MAR2012300PE.NFO,07/01/2020,11:23:22,345,253.45,75,359.85,75,0,150
NIFTY26MAR2012300PE.NFO,07/01/2020,11:23:23,345,254.05,75,359.85,75,0,150
NIFTY26MAR2012300PE.NFO,07/01/2020,11:23:24,345,254.55,225,359.4,75,0,150
NIFTY26MAR2012300PE.NFO,07/01/2020,11:23:25,345,255.25,150,359.1,75,0,150
NIFTY26MAR2012300PE.NFO,07/01/2020,11:23:26,345,256.05,75,358.95,75,0,150
NIFTY26MAR2012300PE.NFO,07/01/2020,11:23:27,345,256.55,150,358.65,75,0,150
NIFTY26MAR2012300PE.NFO,07/01/2020,11:23:28,345,257.15,75,358.35,75,0,150
NIFTY26MAR2012300PE.NFO,07/01/2020,11:23:29,345,257.65,375,358.05,75,0,150
NIFTY26MAR2012300PE.NFO,07/01/2020,11:23:30,345,258.25,300,357.9,75,0,150
NIFTY26MAR2012300PE.NFO,07/01/2020,11:23:31,345,258.85,150,357.6,75,0,150
NIFTY26MAR2012300PE.NFO,07/01/2020,11:23:32,345,259.45,150,357.45,75,0,150
NIFTY26MAR2012300PE.NFO,07/01/2020,11:23:33,345,260.15,300,357.15,75,0,150
NIFTY26MAR2012300PE.NFO,07/01/2020,11:23:34,345,260.65,75,356.85,75,0,150
NIFTY26MAR2012300PE.NFO,07/01/2020,11:23:35,345,261.25,75,356.55,75,0,150
NIFTY26MAR2012300PE.NFO,07/01/2020,11:23:36,345,261.95,75,356.25,75,0,150
NIFTY26MAR2012300PE.NFO,07/01/2020,11:23:37,345,262.65,75,355.95,75,0,150
NIFTY26MAR2012300PE.NFO,07/01/2020,11:23:38,345,263.15,600,355.7,75,0,150
NIFTY26MAR2012300PE.NFO,07/01/2020,11:23:39,345,263.75,75,355.4,75,0,150
NIFTY26MAR2012300PE.NFO,07/01/2020,11:23:40,345,264.25,375,355.2,75,0,150
NIFTY26MAR2012300PE.NFO,07/01/2020,11:23:41,345,264.95,75,354.95,75,0,150
NIFTY26MAR2012300PE.NFO,07/01/2020,11:23:42,345,265.45,75,354.75,75,0,150
NIFTY26MAR2012300PE.NFO,07/01/2020,11:23:43,345,266.15,150,354.5,75,0,150
NIFTY26MAR2012300PE.NFO,07/01/2020,11:23:44,345,266.65,600,354.3,75,0,150
NIFTY26MAR2012300PE.NFO,07/01/2020,11:23:45,345,267.25,600,354.05,75,0,150
NIFTY26MAR2012300PE.NFO,07/01/2020,11:23:46,345,267.8,225,419.2,525,0,150
NIFTY26MAR2012300PE.NFO,07/01/2020,11:23:47,345,268.5,75,418.2,525,0,150
NIFTY26MAR2012300PE.NFO,07/01/2020,11:23:48,345,269.1,75,417.3,225,0,150
NIFTY26MAR2012300PE.NFO,07/01/2020,11:23:49,345,269.8,75,416.15,225,0,150
NIFTY26MAR2012300PE.NFO,07/01/2020,11:23:50,345,270.35,225,415.35,225,0,150
NIFTY26MAR2012300PE.NFO,07/01/2020,11:23:51,345,271,300,414.15,450,0,150
NIFTY26MAR2012300PE.NFO,07/01/2020,11:23:52,345,271.55,450,413.4,450,0,150
NIFTY26MAR2012300PE.NFO,07/01/2020,11:23:53,345,272.1,75,412.85,600,0,150
NIFTY26MAR2012300PE.NFO,07/01/2020,11:23:54,345,272.6,75,412.25,300,0,150
NIFTY26MAR2012300PE.NFO,07/01/2020,11:23:55,345,273.2,75,411.65,600,0,150
NIFTY26MAR2012300PE.NFO,07/01/2020,11:23:56,345,273.6,375,411.05,75,0,150
NIFTY26MAR2012300PE.NFO,07/01/2020,11:23:57,345,274.05,225,410.65,600,0,150
NIFTY26MAR2012300PE.NFO,07/01/2020,11:23:58,345,274.55,75,410.15,675,0,150
NIFTY26MAR2012300PE.NFO,07/01/2020,11:23:59,345,274.95,225,409.65,300,0,150
NIFTY26MAR2012300PE.NFO,07/01/2020,11:24:00,345,275.3,75,409.25,300,0,150
NIFTY26MAR2012300PE.NFO,07/01/2020,11:24:01,345,275.6,150,408.85,75,0,150
NIFTY26MAR2012300PE.NFO,07/01/2020,11:24:02,345,275.95,75,408.45,75,0,150
NIFTY26MAR2012300PE.NFO,07/01/2020,11:24:03,345,276.35,225,408,300,0,150
NIFTY26MAR2012300PE.NFO,07/01/2020,11:24:04,345,276.75,375,407.55,600,0,150
NIFTY26MAR2012300PE.NFO,07/01/2020,11:24:05,345,277.25,375,407.05,525,0,150
NIFTY26MAR2012300PE.NFO,07/01/2020,11:24:06,345,277.75,75,406.5,75,0,150
NIFTY26MAR2012300PE.NFO,07/01/2020,11:24:07,345,278.15,225,405.9,75,0,150
NIFTY26MAR2012300PE.NFO,07/01/2020,11:24:08,345,278.55,375,405.5,150,0,150
NIFTY26MAR2012300PE.NFO,07/01/2020,11:24:09,345,279.05,225,405.05,300,0,150
NIFTY26MAR2012300PE.NFO,07/01/2020,11:24:10,345,279.55,225,404.6,75,0,150
NIFTY26MAR2012300PE.NFO,07/01/2020,11:24:11,345,280.05,75,404.05,75,0,150
NIFTY26MAR2012300PE.NFO,07/01/2020,11:24:12,345,280.55,225,379.55,75,0,150
NIFTY26MAR2012300PE.NFO,07/01/2020,11:24:13,345,281.35,150,378.85,75,0,150
NIFTY26MAR2012300PE.NFO,07/01/2020,11:24:14,345,281.95,225,378.4,75,0,150
NIFTY26MAR2012300PE.NFO,07/01/2020,11:24:15,345,282.45,150,377.95,150,0,150
NIFTY26MAR2012300PE.NFO,07/01/2020,11:24:16,345,282.65,150,377.8,75,0,150
NIFTY26MAR2012300PE.NFO,07/01/2020,11:24:17,345,283.05,225,377.35,75,0,150
NIFTY26MAR2012300PE.NFO,07/01/2020,11:24:18,345,283.55,150,376.85,75,0,150
NIFTY26MAR2012300PE.NFO,07/01/2020,11:24:19,345,283.95,225,376.45,150,0,150
NIFTY26MAR2012300PE.NFO,07/01/2020,11:24:20,345,284.4,75,375.95,150,0,150
NIFTY26MAR2012300PE.NFO,07/01/2020,11:24:21,345,284.75,75,375.5,225,0,150
NIFTY26MAR2012300PE.NFO,07/01/2020,11:24:22,345,285.05,450,375.05,75,0,150
NIFTY26MAR2012300PE.NFO,07/01/2020,11:24:23,345,285.65,75,374.5,150,0,150
NIFTY26MAR2012300PE.NFO,07/01/2020,11:24:24,345,286.05,225,374,150,0,150
NIFTY26MAR2012300PE.NFO,07/01/2020,11:24:25,345,286.55,150,373.6,150,0,150
NIFTY26MAR2012300PE.NFO,07/01/2020,11:24:26,345,287.05,75,373.1,75,0,150
NIFTY26MAR2012300PE.NFO,07/01/2020,11:24:27,345,287.45,225,372.65,300,0,150
NIFTY26MAR2012300PE.NFO,07/01/2020,11:24:28,345,287.95,225,372.1,75,0,150
NIFTY26MAR2012300PE.NFO,07/01/2020,11:24:29,345,288.45,375,371.65,150,0,150
NIFTY26MAR2012300PE.NFO,07/01/2020,11:24:30,345,289.05,75,371,75,0,150
NIFTY26MAR2012300PE.NFO,07/01/2020,11:24:31,345,289.55,225,370.4,75,0,150
NIFTY26MAR2012300PE.NFO,07/01/2020,11:24:32,345,290.05,75,370,150,0,150
NIFTY26MAR2012300PE.NFO,07/01/2020,11:24:33,345,290.55,75,369.55,150,0,150
NIFTY26MAR2012300PE.NFO,07/01/2020,11:24:34,345,290.95,375,369.15,75,0,150
NIFTY26MAR2012300PE.NFO,07/01/2020,11:24:35,345,291.4,75,368.75,150,0,150
NIFTY26MAR2012300PE.NFO,07/01/2020,11:24:36,345,291.85,300,368.2,75,0,150
NIFTY26MAR2012300PE.NFO,07/01/2020,11:24:37,345,292.25,225,367.75,150,0,150
NIFTY26MAR2012300PE.NFO,07/01/2020,11:24:38,345,292.75,225,367.3,150,0,150
NIFTY26MAR2012300PE.NFO,07/01/2020,11:24:39,345,293.15,225,366.8,75,0,150
NIFTY26MAR2012300PE.NFO,07/01/2020,11:24:40,345,293.55,75,366.3,75,0,150
NIFTY26MAR2012300PE.NFO,07/01/2020,11:24:41,345,293.95,375,365.8,75,0,150
NIFTY26MAR2012300PE.NFO,07/01/2020,11:24:42,345,294.25,600,365.4,75,0,150
NIFTY26MAR2012300PE.NFO,07/01/2020,11:24:43,345,294.75,375,364.95,75,0,150
NIFTY26MAR2012300PE.NFO,07/01/2020,11:24:44,345,295.15,225,364.5,150,0,150
NIFTY26MAR2012300PE.NFO,07/01/2020,11:24:45,345,295.55,75,364,75,0,150
NIFTY26MAR2012300PE.NFO,07/01/2020,11:24:46,345,295.95,225,363.6,150,0,150
NIFTY26MAR2012300PE.NFO,07/01/2020,11:24:47,345,296.45,300,363.15,75,0,150
NIFTY26MAR2012300PE.NFO,07/01/2020,11:24:48,345,296.95,75,362.8,150,0,150
NIFTY26MAR2012300PE.NFO,07/01/2020,11:24:49,345,297.35,75,362.45,150,0,150
NIFTY26MAR2012300PE.NFO,07/01/2020,11:24:50,345,297.75,75,362.1,75,0,150
NIFTY26MAR2012300PE.NFO,07/01/2020,11:24:51,345,298.15,150,361.6,75,0,150
NIFTY26MAR2012300PE.NFO,07/01/2020,11:24:52,345,298.75,75,360.95,75,0,150
NIFTY26MAR2012300PE.NFO,07/01/2020,11:24:53,345,299.25,75,360.35,150,0,150
NIFTY26MAR2012300PE.NFO,07/01/2020,11:24:54,345,299.75,225,359.75,75,0,150
NIFTY26MAR2012300PE.NFO,07/01/2020,11:24:55,345,300.25,225,359.15,75,0,150
NIFTY26MAR2012300PE.NFO,07/01/2020,11:24:56,345,300.75,75,358.5,75,0,150
NIFTY26MAR2012300PE.NFO,07/01/2020,11:24:57,345,301.35,225,358.3,75,0,150
NIFTY26MAR2012300PE.NFO,07/01/2020,11:24:58,345,301.95,225,358.05,75,0,150
NIFTY26MAR2012300PE.NFO,07/01/2020,11:24:59,345,302.55,75,357.85,75,0,150
NIFTY26MAR2012300PE.NFO,07/01/2020,11:25:00,345,303.15,75,357.7,75,0,150
NIFTY26MAR2012300PE.NFO,07/01/2020,11:25:01,345,303.65,75,357.4,75,0,150
NIFTY26MAR2012300PE.NFO,07/01/2020,11:25:02,345,304.15,75,357.25,75,0,150
NIFTY26MAR2012300PE.NFO,07/01/2020,11:25:03,345,304.55,375,357.1,75,0,150
NIFTY26MAR2012300PE.NFO,07/01/2020,11:25:04,345,305,225,356.7,75,0,150
NIFTY26MAR2012300PE.NFO,07/01/2020,11:25:05,345,305.45,225,356.55,75,0,150
NIFTY26MAR2012300PE.NFO,07/01/2020,11:25:06,345,306.1,75,356.4,75,0,150
NIFTY26MAR2012300PE.NFO,07/01/2020,11:25:07,345,306.7,75,356.1,75,0,150
NIFTY26MAR2012300PE.NFO,07/01/2020,11:25:08,345,307.25,150,355.9,75,0,150
NIFTY26MAR2012300PE.NFO,07/01/2020,11:25:09,345,307.8,150,355.7,75,0,150
NIFTY26MAR2012300PE.NFO,07/01/2020,11:25:10,345,308.1,150,355.55,75,0,150
NIFTY26MAR2012300PE.NFO,07/01/2020,11:25:11,345,308.7,150,355.25,75,0,150
NIFTY26MAR2012300PE.NFO,07/01/2020,11:25:12,345,309.3,75,354.95,75,0,150
NIFTY26MAR2012300PE.NFO,07/01/2020,11:25:13,345,310.15,75,354.55,75,0,150
NIFTY26MAR2012300PE.NFO,07/01/2020,11:25:14,345,310.65,300,354.35,75,0,150
NIFTY26MAR2012300PE.NFO,07/01/2020,11:25:15,345,311.15,450,354.05,75,0,150
NIFTY26MAR2012300PE.NFO,07/01/2020,11:25:16,345,311.75,150,353.9,75,0,150
NIFTY26MAR2012300PE.NFO,07/01/2020,11:25:17,345,312.2,75,353.6,75,0,150
NIFTY26MAR2012300PE.NFO,07/01/2020,11:25:18,345,312.7,225,353.3,75,0,150
NIFTY26MAR2012300PE.NFO,07/01/2020,11:25:19,345,313.2,150,353.15,75,0,150
NIFTY26MAR2012300PE.NFO,07/01/2020,11:25:20,345,313.7,75,352.85,75,0,150
NIFTY26MAR2012300PE.NFO,07/01/2020,11:25:21,345,314.2,75,352.75,75,0,150
NIFTY26MAR2012300PE.NFO,07/01/2020,11:25:22,345,314.7,75,419.8,375,0,150
NIFTY26MAR2012300PE.NFO,07/01/2020,11:25:23,345,315.3,75,419.05,300,0,150
NIFTY26MAR2012300PE.NFO,07/01/2020,11:25:24,345,315.75,75,418.05,300,0,150
NIFTY26MAR2012300PE.NFO,07/01/2020,11:25:25,345,316.55,75,417,300,0,150
NIFTY26MAR2012300PE.NFO,07/01/2020,11:25:26,345,317.4,75,416.1,300,0,150
NIFTY26MAR2012300PE.NFO,07/01/2020,11:25:27,345,318.15,75,415.2,300,0,150
NIFTY26MAR2012300PE.NFO,07/01/2020,11:25:28,345,319.05,75,414.55,750,0,150
NIFTY26MAR2012300PE.NFO,07/01/2020,11:25:29,345,320.1,75,413.5,525,0,150
NIFTY26MAR2012300PE.NFO,07/01/2020,11:25:30,345,321,75,412.85,375,0,150
NIFTY26MAR2012300PE.NFO,07/01/2020,11:25:31,345,321.15,75,412.7,225,0,150
NIFTY26MAR2012300PE.NFO,07/01/2020,11:25:32,345,322.45,75,411.5,225,0,150
NIFTY26MAR2012300PE.NFO,07/01/2020,11:25:33,345,325.1,75,410.8,75,0,150
NIFTY26MAR2012300PE.NFO,07/01/2020,11:25:34,345,325.8,75,410.25,75,0,150
NIFTY26MAR2012300PE.NFO,07/01/2020,11:25:35,345,326.7,75,409.55,75,0,150
NIFTY26MAR2012300PE.NFO,07/01/2020,11:25:36,345,328.1,75,408.6,75,0,150
NIFTY26MAR2012300PE.NFO,07/01/2020,11:25:37,345,329.4,75,407.4,75,0,150
NIFTY26MAR2012300PE.NFO,07/01/2020,11:25:38,345,329.5,225,406.55,75,0,150
NIFTY26MAR2012300PE.NFO,07/01/2020,11:25:39,345,329.8,225,405.8,75,0,150
NIFTY26MAR2012300PE.NFO,07/01/2020,11:25:40,345,330,75,405.1,150,0,150
NIFTY26MAR2012300PE.NFO,07/01/2020,11:25:41,345,330.1,225,404.5,75,0,150
NIFTY26MAR2012300PE.NFO,07/01/2020,11:25:42,345,330.2,150,403.85,75,0,150
NIFTY26MAR2012300PE.NFO,07/01/2020,11:25:43,345,330.4,150,403.05,75,0,150
NIFTY26MAR2012300PE.NFO,07/01/2020,11:25:44,345,330.6,75,402.4,75,0,150
NIFTY26MAR2012300PE.NFO,07/01/2020,11:25:45,345,334.65,150,379.35,75,0,150
NIFTY26MAR2012300PE.NFO,07/01/2020,11:25:46,345,334.85,150,378.75,75,0,150
NIFTY26MAR2012300PE.NFO,07/01/2020,11:25:47,345,331,150,378.25,150,0,150
NIFTY26MAR2012300PE.NFO,07/01/2020,11:25:48,345,252.8,150,377.65,75,0,150
NIFTY26MAR2012300PE.NFO,07/01/2020,11:25:49,345,253.15,75,376.75,75,0,150
NIFTY26MAR2012300PE.NFO,07/01/2020,11:25:50,345,253.6,300,375.75,75,0,150
NIFTY26MAR2012300PE.NFO,07/01/2020,11:25:51,345,254.1,75,374.9,75,0,150
NIFTY26MAR2012300PE.NFO,07/01/2020,11:25:52,345,254.6,150,373.85,150,0,150
NIFTY26MAR2012300PE.NFO,07/01/2020,11:25:53,345,255,225,373.15,75,0,150
NIFTY26MAR2012300PE.NFO,07/01/2020,11:25:54,345,255.4,300,372.65,75,0,150
NIFTY26MAR2012300PE.NFO,07/01/2020,11:25:55,345,255.9,150,371.8,150,0,150
NIFTY26MAR2012300PE.NFO,07/01/2020,11:25:56,345,256.3,75,370.9,75,0,150
NIFTY26MAR2012300PE.NFO,07/01/2020,11:25:57,345,256.7,225,370.05,75,0,150
NIFTY26MAR2012300PE.NFO,07/01/2020,11:25:58,345,257.2,150,369.4,75,0,150
NIFTY26MAR2012300PE.NFO,07/01/2020,11:25:59,345,257.7,150,368.7,75,0,150
NIFTY26MAR2012300PE.NFO,07/01/2020,11:26:00,345,258.2,150,366.95,75,0,150
NIFTY26MAR2012300PE.NFO,07/01/2020,11:26:01,345,258.6,600,365.35,75,0,150
NIFTY26MAR2012300PE.NFO,07/01/2020,11:26:02,345,258.7,525,364.6,75,0,150
NIFTY26MAR2012300PE.NFO,07/01/2020,11:26:03,345,259.7,150,361.55,75,0,150
NIFTY26MAR2012300PE.NFO,07/01/2020,11:26:04,345,260.3,75,361,75,0,150
NIFTY26MAR2012300PE.NFO,07/01/2020,11:26:05,345,260.9,225,360.35,75,0,150
NIFTY26MAR2012300PE.NFO,07/01/2020,11:26:06,345,261.1,225,360.2,75,0,150
NIFTY26MAR2012300PE.NFO,07/01/2020,11:26:07,345,262.1,150,359.45,75,0,150
NIFTY26MAR2012300PE.NFO,07/01/2020,11:26:08,345,263.1,150,359,75,0,150
NIFTY26MAR2012300PE.NFO,07/01/2020,11:26:09,345,263.2,300,358.7,75,0,150
NIFTY26MAR2012300PE.NFO,07/01/2020,11:26:10,345,264.3,375,358.4,75,0,150
NIFTY26MAR2012300PE.NFO,07/01/2020,11:26:11,345,264.9,300,358.25,75,0,150
NIFTY26MAR2012300PE.NFO,07/01/2020,11:26:12,345,265.2,375,357.95,75,0,150
NIFTY26MAR2012300PE.NFO,07/01/2020,11:26:13,345,265.9,75,357.65,75,0,150
NIFTY26MAR2012300PE.NFO,07/01/2020,11:26:14,345,266.3,300,357.35,75,0,150
NIFTY26MAR2012300PE.NFO,07/01/2020,11:26:15,345,266.9,375,357.05,75,0,150
NIFTY26MAR2012300PE.NFO,07/01/2020,11:26:16,345,267.5,375,356.75,75,0,150
NIFTY26MAR2012300PE.NFO,07/01/2020,11:26:17,345,268.2,150,356.45,75,0,150
NIFTY26MAR2012300PE.NFO,07/01/2020,11:26:18,345,268.8,300,356.15,75,0,150
NIFTY26MAR2012300PE.NFO,07/01/2020,11:26:19,345,269.5,225,355.85,75,0,150
NIFTY26MAR2012300PE.NFO,07/01/2020,11:26:20,345,270,300,355.55,75,0,150
NIFTY26MAR2012300PE.NFO,07/01/2020,11:26:21,345,270.6,150,415.55,1275,0,150
NIFTY26MAR2012300PE.NFO,07/01/2020,11:26:22,345,271.1,150,414.1,75,0,150
NIFTY26MAR2012300PE.NFO,07/01/2020,11:26:23,345,271.7,75,413.35,75,0,150
NIFTY26MAR2012300PE.NFO,07/01/2020,11:26:24,345,272.2,75,412.7,75,0,150
NIFTY26MAR2012300PE.NFO,07/01/2020,11:26:25,345,272.6,150,412.1,75,0,150
NIFTY26MAR2012300PE.NFO,07/01/2020,11:26:26,345,273,600,411.3,75,0,150
NIFTY26MAR2012300PE.NFO,07/01/2020,11:26:27,345,273.5,225,410.25,75,0,150
NIFTY26MAR2012300PE.NFO,07/01/2020,11:26:28,345,274,150,409.05,75,0,150
NIFTY26MAR2012300PE.NFO,07/01/2020,11:26:29,345,274.4,600,407.85,75,0,150
NIFTY26MAR2012300PE.NFO,07/01/2020,11:26:30,345,274.9,225,407.3,75,0,150
NIFTY26MAR2012300PE.NFO,07/01/2020,11:26:31,345,275.3,375,406.65,75,0,150
NIFTY26MAR2012300PE.NFO,07/01/2020,11:26:32,345,275.7,525,406.1,75,0,150
NIFTY26MAR2012300PE.NFO,07/01/2020,11:26:33,345,276.2,75,405.35,150,0,150
NIFTY26MAR2012300PE.NFO,07/01/2020,11:26:34,345,276.6,150,404.5,75,0,150
NIFTY26MAR2012300PE.NFO,07/01/2020,11:26:35,345,277,450,380.15,75,0,150
NIFTY26MAR2012300PE.NFO,07/01/2020,11:26:36,345,277.6,300,379,75,0,150
NIFTY26MAR2012300PE.NFO,07/01/2020,11:26:37,345,278.2,150,377.95,75,0,150
NIFTY26MAR2012300PE.NFO,07/01/2020,11:26:38,345,278.7,75,377.05,75,0,150
NIFTY26MAR2012300PE.NFO,07/01/2020,11:26:39,345,279.1,600,376.5,75,0,150
NIFTY26MAR2012300PE.NFO,07/01/2020,11:26:40,345,279.5,375,375.8,75,0,150
NIFTY26MAR2012300PE.NFO,07/01/2020,11:26:41,345,280,75,375,75,0,150
NIFTY26MAR2012300PE.NFO,07/01/2020,11:26:42,345,280.3,450,374.55,75,0,150
NIFTY26MAR2012300PE.NFO,07/01/2020,11:26:43,345,280.8,300,373.8,75,0,150
NIFTY26MAR2012300PE.NFO,07/01/2020,11:26:44,345,281.4,75,372.95,75,0,150
NIFTY26MAR2012300PE.NFO,07/01/2020,11:26:45,345,281.9,75,372.15,75,0,150
NIFTY26MAR2012300PE.NFO,07/01/2020,11:26:46,345,282.3,75,371.55,75,0,150
NIFTY26MAR2012300PE.NFO,07/01/2020,11:26:47,345,282.8,75,370.8,75,0,150
NIFTY26MAR2012300PE.NFO,07/01/2020,11:26:48,345,283.3,75,369.6,75,0,150
NIFTY26MAR2012300PE.NFO,07/01/2020,11:26:49,345,283.7,75,368.7,75,0,150
NIFTY26MAR2012300PE.NFO,07/01/2020,11:26:50,345,284.2,75,367.8,75,0,150
NIFTY26MAR2012300PE.NFO,07/01/2020,11:26:51,345,284.7,75,367.05,75,0,150
NIFTY26MAR2012300PE.NFO,07/01/2020,11:26:52,345,285.2,75,366.45,75,0,150
NIFTY26MAR2012300PE.NFO,07/01/2020,11:26:53,345,285.7,75,365.85,75,0,150
NIFTY26MAR2012300PE.NFO,07/01/2020,11:26:55,345,286.7,75,364.8,75,0,150
NIFTY26MAR2012300PE.NFO,07/01/2020,11:26:56,345,287.2,75,364.2,75,0,150
NIFTY26MAR2012300PE.NFO,07/01/2020,11:26:57,345,287.8,525,363.45,75,0,150
NIFTY26MAR2012300PE.NFO,07/01/2020,11:26:58,345,288.2,75,363.05,75,0,150
NIFTY26MAR2012300PE.NFO,07/01/2020,11:26:59,345,288.6,150,362.3,75,0,150
NIFTY26MAR2012300PE.NFO,07/01/2020,11:27:00,345,289.1,75,361.55,75,0,150
NIFTY26MAR2012300PE.NFO,07/01/2020,11:27:01,345,289.5,300,360.35,75,0,150
NIFTY26MAR2012300PE.NFO,07/01/2020,11:27:02,345,290,75,360.2,75,0,150
NIFTY26MAR2012300PE.NFO,07/01/2020,11:27:03,345,290.5,150,359.6,75,0,150
NIFTY26MAR2012300PE.NFO,07/01/2020,11:27:04,345,291.1,150,359.15,75,0,150
NIFTY26MAR2012300PE.NFO,07/01/2020,11:27:05,345,291.8,300,358.85,75,0,150
NIFTY26MAR2012300PE.NFO,07/01/2020,11:27:06,345,292.4,150,358.6,75,0,150
NIFTY26MAR2012300PE.NFO,07/01/2020,11:27:07,345,292.9,75,358.4,75,0,150
NIFTY26MAR2012300PE.NFO,07/01/2020,11:27:08,345,293.4,150,358.1,75,0,150
NIFTY26MAR2012300PE.NFO,07/01/2020,11:27:09,345,294,375,357.8,75,0,150
NIFTY26MAR2012300PE.NFO,07/01/2020,11:27:10,345,294.5,150,357.5,75,0,150
NIFTY26MAR2012300PE.NFO,07/01/2020,11:27:11,345,295.1,150,357.2,75,0,150
NIFTY26MAR2012300PE.NFO,07/01/2020,11:27:12,345,295.7,75,416.6,825,0,150
NIFTY26MAR2012300PE.NFO,07/01/2020,11:27:13,345,296.2,75,413.2,75,0,150
NIFTY26MAR2012300PE.NFO,07/01/2020,11:27:14,345,296.6,300,412.6,75,0,150
NIFTY26MAR2012300PE.NFO,07/01/2020,11:27:15,345,297.1,300,411.95,75,0,150
NIFTY26MAR2012300PE.NFO,07/01/2020,11:27:16,345,297.7,375,411.1,75,0,150
NIFTY26MAR2012300PE.NFO,07/01/2020,11:27:17,345,298.2,75,410.4,75,0,150
NIFTY26MAR2012300PE.NFO,07/01/2020,11:27:18,345,298.7,75,409.75,75,0,150
NIFTY26MAR2012300PE.NFO,07/01/2020,11:27:19,345,299.2,75,409,75,0,150
NIFTY26MAR2012300PE.NFO,07/01/2020,11:27:20,345,299.7,75,408.35,75,0,150
NIFTY26MAR2012300PE.NFO,07/01/2020,11:27:21,345,300.2,75,407.35,75,0,150
NIFTY26MAR2012300PE.NFO,07/01/2020,11:27:22,345,300.7,75,406.65,75,0,150
NIFTY26MAR2012300PE.NFO,07/01/2020,11:27:23,345,301.2,75,406.05,75,0,150
NIFTY26MAR2012300PE.NFO,07/01/2020,11:27:24,345,301.6,150,381.3,75,0,150
NIFTY26MAR2012300PE.NFO,07/01/2020,11:27:25,345,302.2,150,380.6,75,0,150
NIFTY26MAR2012300PE.NFO,07/01/2020,11:27:26,345,302.7,150,379.8,75,0,150
NIFTY26MAR2012300PE.NFO,07/01/2020,11:27:27,345,303.2,75,379.05,75,0,150
NIFTY26MAR2012300PE.NFO,07/01/2020,11:27:28,345,303.7,75,378.35,150,0,150
NIFTY26MAR2012300PE.NFO,07/01/2020,11:27:29,345,304.1,225,377.65,75,0,150
NIFTY26MAR2012300PE.NFO,07/01/2020,11:27:30,345,304.6,300,376.95,75,0,150
NIFTY26MAR2012300PE.NFO,07/01/2020,11:27:31,345,305.4,150,376.05,75,0,150
NIFTY26MAR2012300PE.NFO,07/01/2020,11:27:32,345,305.8,450,375.55,75,0,150
NIFTY26MAR2012300PE.NFO,07/01/2020,11:27:33,345,306.4,75,374.95,150,0,150
NIFTY26MAR2012300PE.NFO,07/01/2020,11:27:34,345,306.9,75,374.25,75,0,150
NIFTY26MAR2012300PE.NFO,07/01/2020,11:27:36,345,307.9,450,373.1,150,0,150
NIFTY26MAR2012300PE.NFO,07/01/2020,11:27:37,345,308.5,375,372.5,75,0,150
NIFTY26MAR2012300PE.NFO,07/01/2020,11:27:38,345,309,150,371.9,150,0,150
NIFTY26MAR2012300PE.NFO,07/01/2020,11:27:39,345,309.4,375,371.4,75,0,150
NIFTY26MAR2012300PE.NFO,07/01/2020,11:27:41,345,310.3,375,370.45,75,0,150
NIFTY26MAR2012300PE.NFO,07/01/2020,11:27:42,345,310.8,450,369.95,150,0,150
NIFTY26MAR2012300PE.NFO,07/01/2020,11:27:43,345,311.3,225,369.4,150,0,150
NIFTY26MAR2012300PE.NFO,07/01/2020,11:27:44,345,311.7,450,368.8,150,0,150
NIFTY26MAR2012300PE.NFO,07/01/2020,11:27:45,345,312.2,375,368.25,75,0,150
NIFTY26MAR2012300PE.NFO,07/01/2020,11:27:46,345,312.5,375,367.9,150,0,150
NIFTY26MAR2012300PE.NFO,07/01/2020,11:27:47,345,313,450,367.3,75,0,150
NIFTY26MAR2012300PE.NFO,07/01/2020,11:27:48,345,313.6,75,366.65,150,0,150
NIFTY26MAR2012300PE.NFO,07/01/2020,11:27:50,345,314.2,75,365.8,75,0,150
NIFTY26MAR2012300PE.NFO,07/01/2020,11:27:50,345,314.5,225,365.45,225,0,150
NIFTY26MAR2012300PE.NFO,07/01/2020,11:27:51,345,315,300,364.8,75,0,150
NIFTY26MAR2012300PE.NFO,07/01/2020,11:27:52,345,315.5,75,364.25,75,0,150
NIFTY26MAR2012300PE.NFO,07/01/2020,11:27:53,345,316,75,363.6,75,0,150
NIFTY26MAR2012300PE.NFO,07/01/2020,11:27:54,345,316.45,75,362.95,75,0,150
NIFTY26MAR2012300PE.NFO,07/01/2020,11:27:55,345,316.95,75,362.3,150,0,150
NIFTY26MAR2012300PE.NFO,07/01/2020,11:27:56,345,317.45,75,361.75,75,0,150
NIFTY26MAR2012300PE.NFO,07/01/2020,11:27:57,345,317.95,75,361.15,150,0,150
NIFTY26MAR2012300PE.NFO,07/01/2020,11:27:58,345,318.45,150,360.7,75,0,150
NIFTY26MAR2012300PE.NFO,07/01/2020,11:27:59,345,319.15,225,360.35,75,0,150
NIFTY26MAR2012300PE.NFO,07/01/2020,11:28:00,345,319.95,150,360.05,75,0,150
NIFTY26MAR2012300PE.NFO,07/01/2020,11:28:01,345,320.65,150,359.25,75,0,150
NIFTY26MAR2012300PE.NFO,07/01/2020,11:28:02,345,321.25,150,358.9,150,0,150
NIFTY26MAR2012300PE.NFO,07/01/2020,11:28:03,345,321.85,75,358.25,75,0,150
NIFTY26MAR2012300PE.NFO,07/01/2020,11:28:04,345,322.35,150,357.95,75,0,150
NIFTY26MAR2012300PE.NFO,07/01/2020,11:28:05,345,323.95,150,357.5,75,0,150
NIFTY26MAR2012300PE.NFO,07/01/2020,11:28:06,345,324.9,225,357.35,75,0,150
NIFTY26MAR2012300PE.NFO,07/01/2020,11:28:07,345,325.7,75,356.95,75,0,150
NIFTY26MAR2012300PE.NFO,07/01/2020,11:28:08,345,326.1,225,356.8,75,0,150
NIFTY26MAR2012300PE.NFO,07/01/2020,11:28:09,345,326.75,75,356.5,75,0,150
NIFTY26MAR2012300PE.NFO,07/01/2020,11:28:10,345,327.3,75,356.2,75,0,150
NIFTY26MAR2012300PE.NFO,07/01/2020,11:28:11,345,328.85,75,355.9,75,0,150
NIFTY26MAR2012300PE.NFO,07/01/2020,11:28:12,345,329.55,75,355.6,75,0,150
NIFTY26MAR2012300PE.NFO,07/01/2020,11:28:13,345,330.15,75,355.3,75,0,150
NIFTY26MAR2012300PE.NFO,07/01/2020,11:28:14,345,330.95,75,354.9,75,0,150
NIFTY26MAR2012300PE.NFO,07/01/2020,11:28:15,345,331.45,75,354.7,75,0,150
NIFTY26MAR2012300PE.NFO,07/01/2020,11:28:16,345,331.95,75,354.4,75,0,150
NIFTY26MAR2012300PE.NFO,07/01/2020,11:28:18,345,332.75,75,353.8,75,0,150
NIFTY26MAR2012300PE.NFO,07/01/2020,11:28:20,345,333.45,75,353.5,75,0,150
NIFTY26MAR2012300PE.NFO,07/01/2020,11:28:21,345,333.65,225,353.25,75,0,150
NIFTY26MAR2012300PE.NFO,07/01/2020,11:28:22,345,333.85,225,418.7,300,0,150
NIFTY26MAR2012300PE.NFO,07/01/2020,11:28:23,345,335.45,75,415.75,225,0,150
NIFTY26MAR2012300PE.NFO,07/01/2020,11:28:24,345,334.35,75,413.65,75,0,150
NIFTY26MAR2012300PE.NFO,07/01/2020,11:28:25,345,334.55,75,412.65,75,0,150
NIFTY26MAR2012300PE.NFO,07/01/2020,11:28:26,345,252.75,375,411.15,75,0,150
NIFTY26MAR2012300PE.NFO,07/01/2020,11:28:27,345,253.2,150,410.2,75,0,150
NIFTY26MAR2012300PE.NFO,07/01/2020,11:28:28,345,253.7,225,409.3,75,0,150
NIFTY26MAR2012300PE.NFO,07/01/2020,11:28:28,345,253.8,225,409.15,75,0,150
NIFTY26MAR2012300PE.NFO,07/01/2020,11:28:29,345,254.3,225,408.25,75,0,150
NIFTY26MAR2012300PE.NFO,07/01/2020,11:28:30,345,254.9,75,407.15,75,0,150
NIFTY26MAR2012300PE.NFO,07/01/2020,11:28:31,345,255.4,150,405.7,75,0,150
NIFTY26MAR2012300PE.NFO,07/01/2020,11:28:32,345,256.1,150,404.5,75,0,150
NIFTY26MAR2012300PE.NFO,07/01/2020,11:28:33,345,256.6,225,380.45,150,0,150
NIFTY26MAR2012300PE.NFO,07/01/2020,11:28:34,345,257.1,75,379.55,75,0,150
NIFTY26MAR2012300PE.NFO,07/01/2020,11:28:35,345,257.6,150,378.95,75,0,150
NIFTY26MAR2012300PE.NFO,07/01/2020,11:28:36,345,258.3,150,378.2,75,0,150
NIFTY26MAR2012300PE.NFO,07/01/2020,11:28:37,345,258.7,75,377.55,75,0,150
NIFTY26MAR2012300PE.NFO,07/01/2020,11:28:38,345,259.2,150,377,225,0,150
NIFTY26MAR2012300PE.NFO,07/01/2020,11:28:39,345,259.8,150,376.15,75,0,150
NIFTY26MAR2012300PE.NFO,07/01/2020,11:28:40,345,260.2,450,375.55,150,0,150
NIFTY26MAR2012300PE.NFO,07/01/2020,11:28:41,345,260.7,225,374.8,75,0,150
NIFTY26MAR2012300PE.NFO,07/01/2020,11:28:42,345,261.4,75,374.05,75,0,150
NIFTY26MAR2012300PE.NFO,07/01/2020,11:28:44,345,262,375,373.25,225,0,150
NIFTY26MAR2012300PE.NFO,07/01/2020,11:28:45,345,262.5,375,372.6,75,0,150
NIFTY26MAR2012300PE.NFO,07/01/2020,11:28:46,345,263,225,371.9,75,0,150
NIFTY26MAR2012300PE.NFO,07/01/2020,11:28:47,345,263.5,225,371.3,75,0,150
NIFTY26MAR2012300PE.NFO,07/01/2020,11:28:48,345,264.1,225,370.5,150,0,150
NIFTY26MAR2012300PE.NFO,07/01/2020,11:28:49,345,264.6,75,369.8,150,0,150
NIFTY26MAR2012300PE.NFO,07/01/2020,11:28:50,345,265,300,369.05,150,0,150
NIFTY26MAR2012300PE.NFO,07/01/2020,11:28:51,345,265.5,75,368.4,75,0,150
NIFTY26MAR2012300PE.NFO,07/01/2020,11:28:52,345,265.95,150,367.8,75,0,150
NIFTY26MAR2012300PE.NFO,07/01/2020,11:28:53,345,266.35,300,367.25,75,0,150
NIFTY26MAR2012300PE.NFO,07/01/2020,11:28:54,345,266.85,150,366.7,150,0,150
NIFTY26MAR2012300PE.NFO,07/01/2020,11:28:55,345,267.45,150,366,75,0,150
NIFTY26MAR2012300PE.NFO,07/01/2020,11:28:56,345,267.95,75,365.65,75,0,150
NIFTY26MAR2012300PE.NFO,07/01/2020,11:28:57,345,268.45,375,365.15,75,0,150
NIFTY26MAR2012300PE.NFO,07/01/2020,11:28:58,345,268.95,450,364.85,150,0,150
NIFTY26MAR2012300PE.NFO,07/01/2020,11:28:59,345,269.45,75,364.5,75,0,150
NIFTY26MAR2012300PE.NFO,07/01/2020,11:29:00,345,269.85,375,364.2,225,0,150
NIFTY26MAR2012300PE.NFO,07/01/2020,11:29:01,345,270.25,450,363.9,75,0,150
NIFTY26MAR2012300PE.NFO,07/01/2020,11:29:02,345,270.75,450,363.6,150,0,150
NIFTY26MAR2012300PE.NFO,07/01/2020,11:29:03,345,271.35,75,363.2,75,0,150
NIFTY26MAR2012300PE.NFO,07/01/2020,11:29:05,345,271.95,150,362.85,300,0,150
NIFTY26MAR2012300PE.NFO,07/01/2020,11:29:06,345,272.35,150,362.5,150,0,150
NIFTY26MAR2012300PE.NFO,07/01/2020,11:29:07,345,272.85,300,362.15,75,0,150
NIFTY26MAR2012300PE.NFO,07/01/2020,11:29:08,345,273.35,75,361.8,75,0,150
NIFTY26MAR2012300PE.NFO,07/01/2020,11:29:09,345,273.75,75,361.55,75,0,150
NIFTY26MAR2012300PE.NFO,07/01/2020,11:29:10,345,274.25,150,361.2,75,0,150
NIFTY26MAR2012300PE.NFO,07/01/2020,11:29:11,345,274.75,75,360.9,150,0,150
NIFTY26MAR2012300PE.NFO,07/01/2020,11:29:12,345,275.25,75,360.5,150,0,150
NIFTY26MAR2012300PE.NFO,07/01/2020,11:29:12,345,275.25,300,360.45,150,0,150
NIFTY26MAR2012300PE.NFO,07/01/2020,11:29:13,345,275.75,300,360.05,75,0,150
NIFTY26MAR2012300PE.NFO,07/01/2020,11:29:14,345,276.2,300,359.7,75,0,150
NIFTY26MAR2012300PE.NFO,07/01/2020,11:29:15,345,276.7,75,359.45,300,0,150
NIFTY26MAR2012300PE.NFO,07/01/2020,11:29:16,345,277.1,225,359.15,75,0,150
NIFTY26MAR2012300PE.NFO,07/01/2020,11:29:17,345,277.5,375,358.85,75,0,150
NIFTY26MAR2012300PE.NFO,07/01/2020,11:29:18,345,278.1,75,358.55,75,0,150
NIFTY26MAR2012300PE.NFO,07/01/2020,11:29:19,345,278.5,150,358.25,75,0,150
NIFTY26MAR2012300PE.NFO,07/01/2020,11:29:20,345,279,150,358.1,75,0,150
NIFTY26MAR2012300PE.NFO,07/01/2020,11:29:21,345,279.4,225,357.8,75,0,150
NIFTY26MAR2012300PE.NFO,07/01/2020,11:29:22,345,280,75,357.65,75,0,150
NIFTY26MAR2012300PE.NFO,07/01/2020,11:29:23,345,280.55,150,357.35,75,0,150
NIFTY26MAR2012300PE.NFO,07/01/2020,11:29:24,345,281.05,150,357.2,75,0,150
NIFTY26MAR2012300PE.NFO,07/01/2020,11:29:25,345,281.55,75,356.9,75,0,150
NIFTY26MAR2012300PE.NFO,07/01/2020,11:29:26,345,282.05,75,356.65,75,0,150
NIFTY26MAR2012300PE.NFO,07/01/2020,11:29:27,345,282.45,150,356.35,75,0,150
NIFTY26MAR2012300PE.NFO,07/01/2020,11:29:28,345,282.95,150,356.15,75,0,150
NIFTY26MAR2012300PE.NFO,07/01/2020,11:29:29,345,283.45,75,355.85,75,0,150
NIFTY26MAR2012300PE.NFO,07/01/2020,11:29:30,345,283.95,150,355.55,75,0,150
NIFTY26MAR2012300PE.NFO,07/01/2020,11:29:31,345,284.55,150,355.4,75,0,150
NIFTY26MAR2012300PE.NFO,07/01/2020,11:29:32,345,285.35,150,355,75,0,150
NIFTY26MAR2012300PE.NFO,07/01/2020,11:29:33,345,285.95,300,354.8,75,0,150
NIFTY26MAR2012300PE.NFO,07/01/2020,11:29:34,345,286.55,75,354.5,75,0,150
NIFTY26MAR2012300PE.NFO,07/01/2020,11:29:35,345,287,375,354.2,75,0,150
NIFTY26MAR2012300PE.NFO,07/01/2020,11:29:36,345,287.55,75,354.05,75,0,150
NIFTY26MAR2012300PE.NFO,07/01/2020,11:29:37,345,288.1,75,419.05,825,0,150
NIFTY26MAR2012300PE.NFO,07/01/2020,11:29:38,345,288.6,75,353.65,75,0,150
NIFTY26MAR2012300PE.NFO,07/01/2020,11:29:39,345,289,450,353.5,75,0,150
NIFTY26MAR2012300PE.NFO,07/01/2020,11:29:40,345,289.6,75,353.3,75,0,150
NIFTY26MAR2012300PE.NFO,07/01/2020,11:29:41,345,290.1,150,353.2,75,0,150
NIFTY26MAR2012300PE.NFO,07/01/2020,11:29:42,345,290.6,150,353.05,75,0,150
NIFTY26MAR2012300PE.NFO,07/01/2020,11:29:43,345,291.2,150,352.9,75,0,150
NIFTY26MAR2012300PE.NFO,07/01/2020,11:29:44,345,291.7,225,352.75,75,0,150
NIFTY26MAR2012300PE.NFO,07/01/2020,11:29:45,345,292.2,225,415.65,300,0,150
NIFTY26MAR2012300PE.NFO,07/01/2020,11:29:46,345,292.7,75,414.75,225,0,150
NIFTY26MAR2012300PE.NFO,07/01/2020,11:29:47,345,293.35,75,413.8,150,0,150
NIFTY26MAR2012300PE.NFO,07/01/2020,11:29:48,345,293.75,225,413.25,75,0,150
NIFTY26MAR2012300PE.NFO,07/01/2020,11:29:49,345,294.25,75,412.75,75,0,150
NIFTY26MAR2012300PE.NFO,07/01/2020,11:29:50,345,294.65,150,412.25,300,0,150
NIFTY26MAR2012300PE.NFO,07/01/2020,11:29:51,345,295.05,300,411.65,225,0,150
NIFTY26MAR2012300PE.NFO,07/01/2020,11:29:52,345,295.65,75,411.05,75,0,150
NIFTY26MAR2012300PE.NFO,07/01/2020,11:29:53,345,296.15,150,410.55,150,0,150
NIFTY26MAR2012300PE.NFO,07/01/2020,11:29:54,345,296.6,225,409.95,150,0,150
NIFTY26MAR2012300PE.NFO,07/01/2020,11:29:55,345,297.15,75,409.35,225,0,150
NIFTY26MAR2012300PE.NFO,07/01/2020,11:29:56,345,297.7,150,408.65,225,0,150
NIFTY26MAR2012300PE.NFO,07/01/2020,11:29:57,345,298.2,450,408.05,450,0,150
NIFTY26MAR2012300PE.NFO,07/01/2020,11:29:58,345,298.65,150,407.55,150,0,150
NIFTY26MAR2012300PE.NFO,07/01/2020,11:29:59,345,299.25,75,406.95,150,0,150
NIFTY26MAR2012300PE.NFO,07/01/2020,11:30:00,345,299.65,300,406.25,300,0,150
NIFTY26MAR2012300PE.NFO,07/01/2020,11:30:01,345,300.05,225,405.65,75,0,150
NIFTY26MAR2012300PE.NFO,07/01/2020,11:30:02,345,300.6,375,404.9,75,0,150
NIFTY26MAR2012300PE.NFO,07/01/2020,11:30:03,345,301.4,75,404.05,150,0,150
NIFTY26MAR2012300PE.NFO,07/01/2020,11:30:05,345,302,150,379.4,75,0,150
NIFTY26MAR2012300PE.NFO,07/01/2020,11:30:05,345,302.1,225,379.25,150,0,150
NIFTY26MAR2012300PE.NFO,07/01/2020,11:30:07,345,302.8,300,378.1,75,0,150
NIFTY26MAR2012300PE.NFO,07/01/2020,11:30:08,345,303.4,225,377.55,75,0,150
NIFTY26MAR2012300PE.NFO,07/01/2020,11:30:09,345,303.9,150,377.1,225,0,150
NIFTY26MAR2012300PE.NFO,07/01/2020,11:30:09,345,304,225,377,225,0,150
NIFTY26MAR2012300PE.NFO,07/01/2020,11:30:10,345,304.6,225,376.3,75,0,150
NIFTY26MAR2012300PE.NFO,07/01/2020,11:30:11,345,305.1,600,375.65,75,0,150
NIFTY26MAR2012300PE.NFO,07/01/2020,11:30:13,345,305.9,75,374.85,150,0,150
NIFTY26MAR2012300PE.NFO,07/01/2020,11:30:13,345,306.2,150,374.55,300,0,150
NIFTY26MAR2012300PE.NFO,07/01/2020,11:30:14,345,306.7,75,373.9,75,0,150
NIFTY26MAR2012300PE.NFO,07/01/2020,11:30:15,345,307.1,450,373.35,150,0,150
NIFTY26MAR2012300PE.NFO,07/01/2020,11:30:16,345,307.7,450,372.75,75,0,150
NIFTY26MAR2012300PE.NFO,07/01/2020,11:30:17,345,308.1,150,372.3,75,0,150
NIFTY26MAR2012300PE.NFO,07/01/2020,11:30:18,345,308.5,300,371.9,75,0,150
NIFTY26MAR2012300PE.NFO,07/01/2020,11:30:19,345,309,225,371.4,75,0,150
NIFTY26MAR2012300PE.NFO,07/01/2020,11:30:20,345,309.6,525,370.85,150,0,150
NIFTY26MAR2012300PE.NFO,07/01/2020,11:30:21,345,310,150,370.55,300,0,150
NIFTY26MAR2012300PE.NFO,07/01/2020,11:30:22,345,310.7,75,370,75,0,150
NIFTY26MAR2012300PE.NFO,07/01/2020,11:30:23,345,311.2,75,369.45,150,0,150
NIFTY26MAR2012300PE.NFO,07/01/2020,11:30:24,345,311.5,75,369,150,0,150
NIFTY26MAR2012300PE.NFO,07/01/2020,11:30:25,345,312,150,368.2,75,0,150
NIFTY26MAR2012300PE.NFO,07/01/2020,11:30:26,345,312.9,375,367.45,150,0,150
NIFTY26MAR2012300PE.NFO,07/01/2020,11:30:27,345,313.5,375,366.85,75,0,150
NIFTY26MAR2012300PE.NFO,07/01/2020,11:30:28,345,314,525,366.3,300,0,150
NIFTY26MAR2012300PE.NFO,07/01/2020,11:30:29,345,314.5,150,365.8,150,0,150
NIFTY26MAR2012300PE.NFO,07/01/2020,11:30:30,345,315.1,150,364.95,75,0,150
NIFTY26MAR2012300PE.NFO,07/01/2020,11:30:31,345,315.6,300,364.2,75,0,150
NIFTY26MAR2012300PE.NFO,07/01/2020,11:30:32,345,315.9,150,364,75,0,150
NIFTY26MAR2012300PE.NFO,07/01/2020,11:30:33,345,316.4,150,363.6,75,0,150
NIFTY26MAR2012300PE.NFO,07/01/2020,11:30:34,345,317.3,150,362.9,150,0,150
NIFTY26MAR2012300PE.NFO,07/01/2020,11:30:35,345,317.8,450,362.4,150,0,150
NIFTY26MAR2012300PE.NFO,07/01/2020,11:30:36,345,318.5,75,361.8,75,0,150
NIFTY26MAR2012300PE.NFO,07/01/2020,11:30:37,345,318.9,375,361.2,75,0,150
NIFTY26MAR2012300PE.NFO,07/01/2020,11:30:38,345,319.1,150,361,75,0,150
NIFTY26MAR2012300PE.NFO,07/01/2020,11:30:39,345,319.7,375,360.4,75,0,150
NIFTY26MAR2012300PE.NFO,07/01/2020,11:30:40,345,320.3,75,359.75,75,0,150
NIFTY26MAR2012300PE.NFO,07/01/2020,11:30:41,345,320.9,150,359.35,75,0,150
NIFTY26MAR2012300PE.NFO,07/01/2020,11:30:42,345,321.6,75,358.9,75,0,150
NIFTY26MAR2012300PE.NFO,07/01/2020,11:30:43,345,322.3,300,358.5,75,0,150
NIFTY26MAR2012300PE.NFO,07/01/2020,11:30:44,345,323.3,75,358.05,75,0,150
NIFTY26MAR2012300PE.NFO,07/01/2020,11:30:45,345,324.3,150,357.9,75,0,150
NIFTY26MAR2012300PE.NFO,07/01/2020,11:30:46,345,326.5,75,357.35,75,0,150
NIFTY26MAR2012300PE.NFO,07/01/2020,11:30:47,345,327.2,75,357.15,75,0,150
NIFTY26MAR2012300PE.NFO,07/01/2020,11:30:49,345,328.8,75,356.85,75,0,150
NIFTY26MAR2012300PE.NFO,07/01/2020,11:30:49,345,328.4,75,356.85,75,0,150
NIFTY26MAR2012300PE.NFO,07/01/2020,11:30:50,345,330,75,356.8,75,0,150
NIFTY26MAR2012300PE.NFO,07/01/2020,11:30:51,345,330.7,75,356.4,75,0,150
NIFTY26MAR2012300PE.NFO,07/01/2020,11:30:52,345,331.1,150,356.35,75,0,150
NIFTY26MAR2012300PE.NFO,07/01/2020,11:30:53,345,331.3,75,356.1,75,0,150
NIFTY26MAR2012300PE.NFO,07/01/2020,11:30:54,345,331.8,150,355.95,75,0,150
NIFTY26MAR2012300PE.NFO,07/01/2020,11:30:55,345,332.1,75,355.8,75,0,150
NIFTY26MAR2012300PE.NFO,07/01/2020,11:30:56,345,332.5,225,355.35,75,0,150
NIFTY26MAR2012300PE.NFO,07/01/2020,11:30:57,345,332.7,75,355.2,75,0,150
NIFTY26MAR2012300PE.NFO,07/01/2020,11:30:59,345,333.5,75,354.6,75,0,150
NIFTY26MAR2012300PE.NFO,07/01/2020,11:31:00,345,333.6,150,354.3,75,0,150
NIFTY26MAR2012300PE.NFO,07/01/2020,11:31:01,345,252.75,300,354.05,75,0,150
NIFTY26MAR2012300PE.NFO,07/01/2020,11:31:02,345,253.25,300,353.85,75,0,150
NIFTY26MAR2012300PE.NFO,07/01/2020,11:31:03,345,253.85,75,353.55,75,0,150
NIFTY26MAR2012300PE.NFO,07/01/2020,11:31:04,345,254.35,150,353.4,75,0,150
NIFTY26MAR2012300PE.NFO,07/01/2020,11:31:05,345,254.85,225,353.15,75,0,150
NIFTY26MAR2012300PE.NFO,07/01/2020,11:31:06,345,255.45,75,352.95,75,0,150
NIFTY26MAR2012300PE.NFO,07/01/2020,11:31:07,345,255.75,450,352.8,75,0,150
NIFTY26MAR2012300PE.NFO,07/01/2020,11:31:08,345,256.35,300,352.65,75,0,150
NIFTY26MAR2012300PE.NFO,07/01/2020,11:31:09,345,257.05,150,352.5,75,0,150
NIFTY26MAR2012300PE.NFO,07/01/2020,11:31:10,345,257.25,225,352.35,75,0,150
NIFTY26MAR2012300PE.NFO,07/01/2020,11:31:11,345,257.85,375,417.6,975,0,150
NIFTY26MAR2012300PE.NFO,07/01/2020,11:31:12,345,258.55,375,416.9,300,0,150
NIFTY26MAR2012300PE.NFO,07/01/2020,11:31:14,345,259.25,600,416.55,300,0,150
NIFTY26MAR2012300PE.NFO,07/01/2020,11:31:15,345,259.85,300,416,300,0,150
NIFTY26MAR2012300PE.NFO,07/01/2020,11:31:15,345,259.95,75,415.95,525,0,150
NIFTY26MAR2012300PE.NFO,07/01/2020,11:31:16,345,260.45,225,415.55,375,0,150
NIFTY26MAR2012300PE.NFO,07/01/2020,11:31:17,345,261.15,150,351.2,75,0,150
NIFTY26MAR2012300PE.NFO,07/01/2020,11:31:18,345,261.65,225,351,75,0,150
NIFTY26MAR2012300PE.NFO,07/01/2020,11:31:19,345,262.15,225,350.85,75,0,150
NIFTY26MAR2012300PE.NFO,07/01/2020,11:31:20,345,262.65,225,350.7,75,0,150
NIFTY26MAR2012300PE.NFO,07/01/2020,11:31:21,345,263.25,150,413.5,150,0,150
NIFTY26MAR2012300PE.NFO,07/01/2020,11:31:22,345,263.8,300,412.9,225,0,150
NIFTY26MAR2012300PE.NFO,07/01/2020,11:31:23,345,264.4,75,412.3,75,0,150
NIFTY26MAR2012300PE.NFO,07/01/2020,11:31:25,345,265.45,150,411.3,75,0,150
NIFTY26MAR2012300PE.NFO,07/01/2020,11:31:26,345,265.95,75,410.8,225,0,150
NIFTY26MAR2012300PE.NFO,07/01/2020,11:31:27,345,266.35,225,410.3,450,0,150
NIFTY26MAR2012300PE.NFO,07/01/2020,11:31:28,345,266.9,450,409.6,150,0,150
NIFTY26MAR2012300PE.NFO,07/01/2020,11:31:29,345,267.35,450,409.2,525,0,150
NIFTY26MAR2012300PE.NFO,07/01/2020,11:31:30,345,267.85,75,408.6,150,0,150
NIFTY26MAR2012300PE.NFO,07/01/2020,11:31:31,345,268.35,225,408.1,225,0,150
NIFTY26MAR2012300PE.NFO,07/01/2020,11:31:33,345,269.05,75,407.4,300,0,150
NIFTY26MAR2012300PE.NFO,07/01/2020,11:31:34,345,269.45,75,406.9,225,0,150
NIFTY26MAR2012300PE.NFO,07/01/2020,11:31:35,345,269.85,75,406.35,75,0,150
NIFTY26MAR2012300PE.NFO,07/01/2020,11:31:36,345,270.4,150,405.75,225,0,150
NIFTY26MAR2012300PE.NFO,07/01/2020,11:31:37,345,270.9,75,405.2,75,0,150
NIFTY26MAR2012300PE.NFO,07/01/2020,11:31:38,345,271.2,375,404.85,75,0,150
NIFTY26MAR2012300PE.NFO,07/01/2020,11:31:39,345,271.8,225,404.35,300,0,150
NIFTY26MAR2012300PE.NFO,07/01/2020,11:31:40,345,272.4,300,403.75,75,0,150
NIFTY26MAR2012300PE.NFO,07/01/2020,11:31:42,345,273.1,150,403.05,150,0,150
NIFTY26MAR2012300PE.NFO,07/01/2020,11:31:44,345,274,300,402.15,75,0,150
NIFTY26MAR2012300PE.NFO,07/01/2020,11:31:45,345,274.6,75,401.6,75,0,150
NIFTY26MAR2012300PE.NFO,07/01/2020,11:31:46,345,275,225,401.15,75,0,150
NIFTY26MAR2012300PE.NFO,07/01/2020,11:31:47,345,275.6,300,400.5,150,0,150
NIFTY26MAR2012300PE.NFO,07/01/2020,11:31:48,345,276.2,300,375.25,75,0,150
NIFTY26MAR2012300PE.NFO,07/01/2020,11:31:49,345,276.6,375,374.3,150,0,150
NIFTY26MAR2012300PE.NFO,07/01/2020,11:31:50,345,277,225,373.95,225,0,150
NIFTY26MAR2012300PE.NFO,07/01/2020,11:31:51,345,277.4,225,373.6,150,0,150
NIFTY26MAR2012300PE.NFO,07/01/2020,11:31:52,345,277.85,75,373.05,75,0,150
NIFTY26MAR2012300PE.NFO,07/01/2020,11:31:53,345,278.15,375,372.7,225,0,150
NIFTY26MAR2012300PE.NFO,07/01/2020,11:31:56,345,279.25,225,371.55,75,0,150
NIFTY26MAR2012300PE.NFO,07/01/2020,11:31:57,345,279.75,225,371.2,75,0,150
NIFTY26MAR2012300PE.NFO,07/01/2020,11:31:57,345,279.85,75,371.1,150,0,150
NIFTY26MAR2012300PE.NFO,07/01/2020,11:31:58,345,280.15,300,370.65,150,0,150
NIFTY26MAR2012300PE.NFO,07/01/2020,11:31:59,345,280.65,75,370.2,300,0,150
NIFTY26MAR2012300PE.NFO,07/01/2020,11:32:00,345,281.05,75,369.8,75,0,150
NIFTY26MAR2012300PE.NFO,07/01/2020,11:32:01,345,281.45,300,369.4,75,0,150
NIFTY26MAR2012300PE.NFO,07/01/2020,11:32:02,345,281.95,75,369.1,150,0,150
NIFTY26MAR2012300PE.NFO,07/01/2020,11:32:03,345,282.25,225,368.7,75,0,150
NIFTY26MAR2012300PE.NFO,07/01/2020,11:32:04,345,282.65,75,368.45,225,0,150
NIFTY26MAR2012300PE.NFO,07/01/2020,11:32:05,345,282.95,375,368.15,150,0,150
NIFTY26MAR2012300PE.NFO,07/01/2020,11:32:06,345,283.45,150,367.75,150,0,150
NIFTY26MAR2012300PE.NFO,07/01/2020,11:32:07,345,283.95,225,367.35,75,0,150
NIFTY26MAR2012300PE.NFO,07/01/2020,11:32:08,345,284.55,450,366.8,75,0,150
NIFTY26MAR2012300PE.NFO,07/01/2020,11:32:09,345,285.15,450,366.25,150,0,150
NIFTY26MAR2012300PE.NFO,07/01/2020,11:32:11,345,285.75,375,365.8,300,0,150
NIFTY26MAR2012300PE.NFO,07/01/2020,11:32:11,345,285.85,225,365.7,225,0,150
NIFTY26MAR2012300PE.NFO,07/01/2020,11:32:12,345,286.45,525,365.05,75,0,150
NIFTY26MAR2012300PE.NFO,07/01/2020,11:32:13,345,286.95,600,364.65,75,0,150
NIFTY26MAR2012300PE.NFO,07/01/2020,11:32:14,345,287.55,450,364.2,150,0,150
NIFTY26MAR2012300PE.NFO,07/01/2020,11:32:15,345,287.95,300,363.75,75,0,150
NIFTY26MAR2012300PE.NFO,07/01/2020,11:32:17,345,288.65,75,363.25,75,0,150
NIFTY26MAR2012300PE.NFO,07/01/2020,11:32:18,345,289.15,150,362.8,75,0,150
NIFTY26MAR2012300PE.NFO,07/01/2020,11:32:18,345,289.25,225,362.7,150,0,150
NIFTY26MAR2012300PE.NFO,07/01/2020,11:32:19,345,289.75,750,362.25,150,0,150
NIFTY26MAR2012300PE.NFO,07/01/2020,11:32:20,345,290.35,375,361.65,75,0,150
NIFTY26MAR2012300PE.NFO,07/01/2020,11:32:21,345,290.9,75,361.15,75,0,150
NIFTY26MAR2012300PE.NFO,07/01/2020,11:32:22,345,291.45,150,360.75,75,0,150
NIFTY26MAR2012300PE.NFO,07/01/2020,11:32:24,345,292.05,300,360.4,75,0,150
NIFTY26MAR2012300PE.NFO,07/01/2020,11:32:24,345,292.15,150,360.25,75,0,150
NIFTY26MAR2012300PE.NFO,07/01/2020,11:32:25,345,292.65,225,359.95,150,0,150
NIFTY26MAR2012300PE.NFO,07/01/2020,11:32:26,345,293.25,600,359.55,150,0,150
NIFTY26MAR2012300PE.NFO,07/01/2020,11:32:27,345,293.95,225,359.05,75,0,150
NIFTY26MAR2012300PE.NFO,07/01/2020,11:32:28,345,294.45,75,358.7,75,0,150
NIFTY26MAR2012300PE.NFO,07/01/2020,11:32:30,345,294.95,75,358.45,225,0,150
NIFTY26MAR2012300PE.NFO,07/01/2020,11:32:31,345,295.35,375,358.1,150,0,150
NIFTY26MAR2012300PE.NFO,07/01/2020,11:32:32,345,295.75,600,357.8,150,0,150
NIFTY26MAR2012300PE.NFO,07/01/2020,11:32:32,345,295.95,150,357.7,75,0,150
NIFTY26MAR2012300PE.NFO,07/01/2020,11:32:33,345,296.55,75,357.35,300,0,150
NIFTY26MAR2012300PE.NFO,07/01/2020,11:32:34,345,297.05,450,356.95,150,0,150
NIFTY26MAR2012300PE.NFO,07/01/2020,11:32:35,345,297.65,375,356.5,75,0,150
NIFTY26MAR2012300PE.NFO,07/01/2020,11:32:36,345,297.85,150,356.35,150,0,150
NIFTY26MAR2012300PE.NFO,07/01/2020,11:32:37,345,298.55,75,355.9,75,0,150
NIFTY26MAR2012300PE.NFO,07/01/2020,11:32:38,345,298.95,525,355.6,75,0,150
NIFTY26MAR2012300PE.NFO,07/01/2020,11:32:39,345,299.55,225,355.35,75,0,150
NIFTY26MAR2012300PE.NFO,07/01/2020,11:32:40,345,299.95,450,419.9,1125,0,150
NIFTY26MAR2012300PE.NFO,07/01/2020,11:32:42,345,300.55,150,419.45,450,0,150
NIFTY26MAR2012300PE.NFO,07/01/2020,11:32:42,345,300.55,450,355,75,0,150
NIFTY26MAR2012300PE.NFO,07/01/2020,11:32:43,345,301.15,75,354.8,75,0,150
NIFTY26MAR2012300PE.NFO,07/01/2020,11:32:44,345,301.55,375,354.65,75,0,150
NIFTY26MAR2012300PE.NFO,07/01/2020,11:32:45,345,302.15,450,418.55,450,0,150
NIFTY26MAR2012300PE.NFO,07/01/2020,11:32:47,345,302.75,225,354.25,75,0,150
NIFTY26MAR2012300PE.NFO,07/01/2020,11:32:47,345,302.85,225,354.25,75,0,150
NIFTY26MAR2012300PE.NFO,07/01/2020,11:32:48,345,303.35,150,354.05,75,0,150
NIFTY26MAR2012300PE.NFO,07/01/2020,11:32:49,345,303.95,75,353.9,75,0,150
NIFTY26MAR2012300PE.NFO,07/01/2020,11:32:50,345,304.45,300,416.8,300,0,150
NIFTY26MAR2012300PE.NFO,07/01/2020,11:32:51,345,305,450,353.5,75,0,150
NIFTY26MAR2012300PE.NFO,07/01/2020,11:32:53,345,305.7,375,353.3,75,0,150
NIFTY26MAR2012300PE.NFO,07/01/2020,11:32:53,345,305.8,150,353.3,75,0,150
NIFTY26MAR2012300PE.NFO,07/01/2020,11:32:54,345,306.4,300,415,825,0,150
NIFTY26MAR2012300PE.NFO,07/01/2020,11:32:55,345,307.1,525,352.85,75,0,150
NIFTY26MAR2012300PE.NFO,07/01/2020,11:32:56,345,307.6,225,352.7,75,0,150
NIFTY26MAR2012300PE.NFO,07/01/2020,11:32:57,345,308.3,225,352.55,75,0,150
NIFTY26MAR2012300PE.NFO,07/01/2020,11:32:58,345,308.9,150,413.6,75,0,150
NIFTY26MAR2012300PE.NFO,07/01/2020,11:33:00,345,309.5,225,413.2,75,0,150
NIFTY26MAR2012300PE.NFO,07/01/2020,11:33:00,345,309.7,75,352.1,75,0,150
NIFTY26MAR2012300PE.NFO,07/01/2020,11:33:01,345,310.2,150,352,75,0,150
NIFTY26MAR2012300PE.NFO,07/01/2020,11:33:02,345,310.8,75,351.85,75,0,150
NIFTY26MAR2012300PE.NFO,07/01/2020,11:33:03,345,311.3,225,351.65,75,0,150
NIFTY26MAR2012300PE.NFO,07/01/2020,11:33:04,345,311.8,75,351.5,75,0,150
NIFTY26MAR2012300PE.NFO,07/01/2020,11:33:05,345,312.4,75,411.7,150,0,150
NIFTY26MAR2012300PE.NFO,07/01/2020,11:33:06,345,312.8,75,351.2,75,0,150
NIFTY26MAR2012300PE.NFO,07/01/2020,11:33:07,345,313.4,150,411,225,0,150
NIFTY26MAR2012300PE.NFO,07/01/2020,11:33:08,345,314,375,350.8,75,0,150
NIFTY26MAR2012300PE.NFO,07/01/2020,11:33:09,345,314.4,225,350.65,75,0,150
NIFTY26MAR2012300PE.NFO,07/01/2020,11:33:11,345,315.1,75,409.65,75,0,150
NIFTY26MAR2012300PE.NFO,07/01/2020,11:33:11,345,315.2,75,409.6,75,0,150
NIFTY26MAR2012300PE.NFO,07/01/2020,11:33:13,345,315.9,450,408.85,300,0,150
NIFTY26MAR2012300PE.NFO,07/01/2020,11:33:14,345,316.4,375,407.95,75,0,150
NIFTY26MAR2012300PE.NFO,07/01/2020,11:33:14,345,316.5,150,407.8,75,0,150
NIFTY26MAR2012300PE.NFO,07/01/2020,11:33:15,345,317.1,75,407,225,0,150
NIFTY26MAR2012300PE.NFO,07/01/2020,11:33:17,345,317.9,75,405.9,75,0,150
NIFTY26MAR2012300PE.NFO,07/01/2020,11:33:17,345,318.3,150,405.35,75,0,150
NIFTY26MAR2012300PE.NFO,07/01/2020,11:33:19,345,318.9,150,404.15,75,0,150
NIFTY26MAR2012300PE.NFO,07/01/2020,11:33:20,345,319.3,150,403.15,75,0,150
NIFTY26MAR2012300PE.NFO,07/01/2020,11:33:20,345,319.4,225,403.05,75,0,150
NIFTY26MAR2012300PE.NFO,07/01/2020,11:33:21,345,319.9,225,402.05,150,0,150
NIFTY26MAR2012300PE.NFO,07/01/2020,11:33:22,345,320.6,75,401.15,150,0,150
NIFTY26MAR2012300PE.NFO,07/01/2020,11:33:23,345,321.1,300,375.9,300,0,150
NIFTY26MAR2012300PE.NFO,07/01/2020,11:33:24,345,321.6,75,375.2,75,0,150
NIFTY26MAR2012300PE.NFO,07/01/2020,11:33:25,345,322,75,374.55,75,0,150
NIFTY26MAR2012300PE.NFO,07/01/2020,11:33:26,345,322.4,150,373.8,75,0,150
NIFTY26MAR2012300PE.NFO,07/01/2020,11:33:27,345,322.8,75,373.15,150,0,150
NIFTY26MAR2012300PE.NFO,07/01/2020,11:33:28,345,323.25,75,372.5,75,0,150
NIFTY26MAR2012300PE.NFO,07/01/2020,11:33:29,345,323.85,75,371.7,150,0,150
NIFTY26MAR2012300PE.NFO,07/01/2020,11:33:31,345,324.35,75,370.95,150,0,150
NIFTY26MAR2012300PE.NFO,07/01/2020,11:33:31,345,324.65,150,370.35,75,0,150
NIFTY26MAR2012300PE.NFO,07/01/2020,11:33:32,345,325.1,150,369.65,75,0,150
NIFTY26MAR2012300PE.NFO,07/01/2020,11:33:33,345,325.6,75,369,75,0,150
NIFTY26MAR2012300PE.NFO,07/01/2020,11:33:34,345,326,150,368.45,75,0,150
NIFTY26MAR2012300PE.NFO,07/01/2020,11:33:35,345,326.2,150,368,75,0,150
NIFTY26MAR2012300PE.NFO,07/01/2020,11:33:36,345,326.4,150,367.35,150,0,150
NIFTY26MAR2012300PE.NFO,07/01/2020,11:33:37,345,326.7,75,366.75,75,0,150
NIFTY26MAR2012300PE.NFO,07/01/2020,11:33:38,345,330.55,150,366.25,150,0,150
NIFTY26MAR2012300PE.NFO,07/01/2020,11:33:39,345,252.95,75,365.65,75,0,150
NIFTY26MAR2012300PE.NFO,07/01/2020,11:33:41,345,253.45,150,365.05,150,0,150
NIFTY26MAR2012300PE.NFO,07/01/2020,11:33:41,345,253.55,450,364.95,225,0,150
NIFTY26MAR2012300PE.NFO,07/01/2020,11:33:43,345,254.55,75,363.6,75,0,150
NIFTY26MAR2012300PE.NFO,07/01/2020,11:33:44,345,255.05,375,362.8,75,0,150
NIFTY26MAR2012300PE.NFO,07/01/2020,11:33:45,345,255.55,375,362.1,75,0,150
NIFTY26MAR2012300PE.NFO,07/01/2020,11:33:46,345,256.15,75,361.35,75,0,150
NIFTY26MAR2012300PE.NFO,07/01/2020,11:33:47,345,256.55,375,360.6,75,0,150
NIFTY26MAR2012300PE.NFO,07/01/2020,11:33:48,345,257.15,75,359.9,75,0,150
NIFTY26MAR2012300PE.NFO,07/01/2020,11:33:48,345,257.25,225,359.75,75,0,150
NIFTY26MAR2012300PE.NFO,07/01/2020,11:33:49,345,257.85,225,359.05,150,0,150
NIFTY26MAR2012300PE.NFO,07/01/2020,11:33:50,345,258.45,75,358.3,75,0,150
NIFTY26MAR2012300PE.NFO,07/01/2020,11:33:51,345,258.95,150,357.45,75,0,150
NIFTY26MAR2012300PE.NFO,07/01/2020,11:33:52,345,259.45,225,356.9,150,0,150
NIFTY26MAR2012300PE.NFO,07/01/2020,11:33:53,345,259.95,225,356.2,75,0,150
NIFTY26MAR2012300PE.NFO,07/01/2020,11:33:54,345,260.35,225,355.75,75,0,150
NIFTY26MAR2012300PE.NFO,07/01/2020,11:33:55,345,260.85,75,355.4,75,0,150
NIFTY26MAR2012300PE.NFO,07/01/2020,11:33:56,345,261.25,75,355.1,75,0,150
NIFTY26MAR2012300PE.NFO,07/01/2020,11:33:57,345,261.6,75,354.9,75,0,150
NIFTY26MAR2012300PE.NFO,07/01/2020,11:33:58,345,262.05,225,351.75,75,0,150
NIFTY26MAR2012300PE.NFO,07/01/2020,11:33:59,345,262.65,300,351.6,75,0,150
NIFTY26MAR2012300PE.NFO,07/01/2020,11:34:00,345,263.25,225,351.45,75,0,150
NIFTY26MAR2012300PE.NFO,07/01/2020,11:34:01,345,263.85,300,351.3,75,0,150
NIFTY26MAR2012300PE.NFO,07/01/2020,11:34:02,345,264.35,600,351.15,75,0,150
NIFTY26MAR2012300PE.NFO,07/01/2020,11:34:03,345,264.95,75,351,75,0,150
NIFTY26MAR2012300PE.NFO,07/01/2020,11:34:04,345,265.45,300,350.85,75,0,150
NIFTY26MAR2012300PE.NFO,07/01/2020,11:34:05,345,266,75,350.7,75,0,150
NIFTY26MAR2012300PE.NFO,07/01/2020,11:34:06,345,266.4,150,350.3,75,0,150
NIFTY26MAR2012300PE.NFO,07/01/2020,11:34:07,345,266.8,150,350.1,150,0,150
NIFTY26MAR2012300PE.NFO,07/01/2020,11:34:08,345,267.2,225,349.85,75,0,150
NIFTY26MAR2012300PE.NFO,07/01/2020,11:34:09,345,267.6,525,349.55,75,0,150
NIFTY26MAR2012300PE.NFO,07/01/2020,11:34:10,345,268.1,75,349.35,75,0,150
NIFTY26MAR2012300PE.NFO,07/01/2020,11:34:11,345,268.5,450,349.1,75,0,150
NIFTY26MAR2012300PE.NFO,07/01/2020,11:34:12,345,269,300,348.9,75,0,150
NIFTY26MAR2012300PE.NFO,07/01/2020,11:34:13,345,269.6,150,348.7,75,0,150
NIFTY26MAR2012300PE.NFO,07/01/2020,11:34:14,345,270.2,450,348.5,75,0,150
NIFTY26MAR2012300PE.NFO,07/01/2020,11:34:15,345,270.7,450,348.35,75,0,150
NIFTY26MAR2012300PE.NFO,07/01/2020,11:34:17,345,271.3,75,348.2,75,0,150
NIFTY26MAR2012300PE.NFO,07/01/2020,11:34:17,345,271.4,225,407.25,225,0,150
NIFTY26MAR2012300PE.NFO,07/01/2020,11:34:18,345,272.2,75,406.5,300,0,150
NIFTY26MAR2012300PE.NFO,07/01/2020,11:34:20,345,273.1,150,405.3,225,0,150
NIFTY26MAR2012300PE.NFO,07/01/2020,11:34:21,345,273.6,150,404.55,225,0,150
NIFTY26MAR2012300PE.NFO,07/01/2020,11:34:22,345,274.1,150,403.8,225,0,150
NIFTY26MAR2012300PE.NFO,07/01/2020,11:34:23,345,274.5,525,403.35,75,0,150
NIFTY26MAR2012300PE.NFO,07/01/2020,11:34:24,345,274.9,75,402.9,75,0,150
NIFTY26MAR2012300PE.NFO,07/01/2020,11:34:26,345,275.7,75,402.05,75,0,150
NIFTY26MAR2012300PE.NFO,07/01/2020,11:34:27,345,276.1,75,401.65,225,0,150
NIFTY26MAR2012300PE.NFO,07/01/2020,11:34:28,345,276.5,75,401.2,75,0,150
NIFTY26MAR2012300PE.NFO,07/01/2020,11:34:29,345,276.9,525,400.75,75,0,150
NIFTY26MAR2012300PE.NFO,07/01/2020,11:34:30,345,277.3,225,400.4,75,0,150
NIFTY26MAR2012300PE.NFO,07/01/2020,11:34:31,345,277.6,300,399.95,75,0,150
NIFTY26MAR2012300PE.NFO,07/01/2020,11:34:32,345,278.1,75,399.5,75,0,150
NIFTY26MAR2012300PE.NFO,07/01/2020,11:34:33,345,278.3,150,399,75,0,150
NIFTY26MAR2012300PE.NFO,07/01/2020,11:34:34,345,278.8,75,398.55,150,0,150
NIFTY26MAR2012300PE.NFO,07/01/2020,11:34:35,345,279.1,300,398.1,150,0,150
NIFTY26MAR2012300PE.NFO,07/01/2020,11:34:36,345,279.5,75,397.65,150,0,150
NIFTY26MAR2012300PE.NFO,07/01/2020,11:34:37,345,279.8,375,397.2,150,0,150
NIFTY26MAR2012300PE.NFO,07/01/2020,11:34:38,345,280.2,75,396.75,150,0,150
NIFTY26MAR2012300PE.NFO,07/01/2020,11:34:39,345,280.6,375,396.2,150,0,150
NIFTY26MAR2012300PE.NFO,07/01/2020,11:34:40,345,280.9,375,395.65,75,0,150
NIFTY26MAR2012300PE.NFO,07/01/2020,11:34:41,345,281.2,375,395.05,75,0,150
NIFTY26MAR2012300PE.NFO,07/01/2020,11:34:42,345,281.5,375,370.85,150,0,150
NIFTY26MAR2012300PE.NFO,07/01/2020,11:34:43,345,282,75,369.75,150,0,150
NIFTY26MAR2012300PE.NFO,07/01/2020,11:34:44,345,282.4,75,369.2,75,0,150
NIFTY26MAR2012300PE.NFO,07/01/2020,11:34:45,345,282.8,75,368.7,150,0,150
NIFTY26MAR2012300PE.NFO,07/01/2020,11:34:46,345,283.2,375,368.2,75,0,150
NIFTY26MAR2012300PE.NFO,07/01/2020,11:34:47,345,283.6,150,367.7,150,0,150
NIFTY26MAR2012300PE.NFO,07/01/2020,11:34:48,345,284.1,75,367.2,300,0,150
NIFTY26MAR2012300PE.NFO,07/01/2020,11:34:49,345,284.5,75,366.65,150,0,150
NIFTY26MAR2012300PE.NFO,07/01/2020,11:34:50,345,284.8,525,366.2,150,0,150
NIFTY26MAR2012300PE.NFO,07/01/2020,11:34:51,345,285.2,600,365.65,75,0,150
NIFTY26MAR2012300PE.NFO,07/01/2020,11:34:52,345,285.7,150,365.15,75,0,150
NIFTY26MAR2012300PE.NFO,07/01/2020,11:34:53,345,286.1,225,364.7,75,0,150
NIFTY26MAR2012300PE.NFO,07/01/2020,11:34:54,345,286.5,300,364.25,75,0,150
NIFTY26MAR2012300PE.NFO,07/01/2020,11:34:55,345,286.9,600,363.7,75,0,150
NIFTY26MAR2012300PE.NFO,07/01/2020,11:34:56,345,287.3,600,363.15,75,0,150
NIFTY26MAR2012300PE.NFO,07/01/2020,11:34:57,345,287.8,75,362.65,225,0,150
NIFTY26MAR2012300PE.NFO,07/01/2020,11:34:58,345,288.2,75,362.05,75,0,150
NIFTY26MAR2012300PE.NFO,07/01/2020,11:34:59,345,288.5,525,361.6,75,0,150
NIFTY26MAR2012300PE.NFO,07/01/2020,11:35:00,345,288.8,525,361.2,75,0,150
NIFTY26MAR2012300PE.NFO,07/01/2020,11:35:01,345,289.3,75,360.7,150,0,150
NIFTY26MAR2012300PE.NFO,07/01/2020,11:35:02,345,289.6,525,360.15,75,0,150
NIFTY26MAR2012300PE.NFO,07/01/2020,11:35:03,345,290,525,359.6,75,0,150
NIFTY26MAR2012300PE.NFO,07/01/2020,11:35:04,345,290.4,600,359.15,75,0,150
NIFTY26MAR2012300PE.NFO,07/01/2020,11:35:05,345,290.9,225,358.65,225,0,150
NIFTY26MAR2012300PE.NFO,07/01/2020,11:35:06,345,291.4,75,358.1,150,0,150
NIFTY26MAR2012300PE.NFO,07/01/2020,11:35:07,345,291.8,600,357.65,150,0,150
NIFTY26MAR2012300PE.NFO,07/01/2020,11:35:08,345,292.3,75,357.05,75,0,150
NIFTY26MAR2012300PE.NFO,07/01/2020,11:35:09,345,292.7,150,356.6,150,0,150
NIFTY26MAR2012300PE.NFO,07/01/2020,11:35:10,345,293.1,75,356,150,0,150
NIFTY26MAR2012300PE.NFO,07/01/2020,11:35:11,345,293.4,300,355.55,150,0,150
NIFTY26MAR2012300PE.NFO,07/01/2020,11:35:12,345,293.8,600,355.05,75,0,150
NIFTY26MAR2012300PE.NFO,07/01/2020,11:35:12,345,294,300,354.9,75,0,150
NIFTY26MAR2012300PE.NFO,07/01/2020,11:35:13,345,294.4,300,354.45,225,0,150
NIFTY26MAR2012300PE.NFO,07/01/2020,11:35:14,345,294.8,525,354.05,75,0,150
NIFTY26MAR2012300PE.NFO,07/01/2020,11:35:15,345,295.3,75,353.8,75,0,150
NIFTY26MAR2012300PE.NFO,07/01/2020,11:35:16,345,295.8,225,353.4,75,0,150
NIFTY26MAR2012300PE.NFO,07/01/2020,11:35:17,345,296.5,150,353.1,75,0,150
NIFTY26MAR2012300PE.NFO,07/01/2020,11:35:18,345,297.1,225,352.7,75,0,150
NIFTY26MAR2012300PE.NFO,07/01/2020,11:35:19,345,297.5,525,352.4,150,0,150
NIFTY26MAR2012300PE.NFO,07/01/2020,11:35:20,345,298,225,352.15,75,0,150
NIFTY26MAR2012300PE.NFO,07/01/2020,11:35:21,345,298.5,75,351.9,150,0,150
NIFTY26MAR2012300PE.NFO,07/01/2020,11:35:22,345,298.9,225,346.8,75,0,150
NIFTY26MAR2012300PE.NFO,07/01/2020,11:35:23,345,299.4,150,351.35,75,0,150
NIFTY26MAR2012300PE.NFO,07/01/2020,11:35:24,345,299.9,75,351.1,150,0,150
NIFTY26MAR2012300PE.NFO,07/01/2020,11:35:25,345,300.4,150,350.8,150,0,150
NIFTY26MAR2012300PE.NFO,07/01/2020,11:35:26,345,300.9,75,350.5,150,0,150
NIFTY26MAR2012300PE.NFO,07/01/2020,11:35:27,345,301.3,525,350.2,75,0,150
NIFTY26MAR2012300PE.NFO,07/01/2020,11:35:28,345,301.8,75,346.75,75,0,150
NIFTY26MAR2012300PE.NFO,07/01/2020,11:35:29,345,302.3,75,346.5,75,0,150
NIFTY26MAR2012300PE.NFO,07/01/2020,11:35:30,345,302.7,150,346.4,75,0,150
NIFTY26MAR2012300PE.NFO,07/01/2020,11:35:31,345,303.1,225,349.35,75,0,150
NIFTY26MAR2012300PE.NFO,07/01/2020,11:35:32,345,303.6,75,349.05,75,0,150
NIFTY26MAR2012300PE.NFO,07/01/2020,11:35:33,345,304.05,75,348.9,75,0,150
NIFTY26MAR2012300PE.NFO,07/01/2020,11:35:34,345,304.45,525,348.65,75,0,150
NIFTY26MAR2012300PE.NFO,07/01/2020,11:35:35,345,304.95,225,348.4,75,0,150
NIFTY26MAR2012300PE.NFO,07/01/2020,11:35:36,345,305.35,525,348.15,75,0,150
NIFTY26MAR2012300PE.NFO,07/01/2020,11:35:37,345,305.85,75,347.8,75,0,150
NIFTY26MAR2012300PE.NFO,07/01/2020,11:35:38,345,306.25,75,347.45,75,0,150
NIFTY26MAR2012300PE.NFO,07/01/2020,11:35:39,345,306.65,450,347.05,225,0,150
NIFTY26MAR2012300PE.NFO,07/01/2020,11:35:41,345,307.45,75,346.6,150,0,150
NIFTY26MAR2012300PE.NFO,07/01/2020,11:35:42,345,307.85,525,346.3,75,0,150
NIFTY26MAR2012300PE.NFO,07/01/2020,11:35:43,345,308.35,525,408.1,300,0,150
NIFTY26MAR2012300PE.NFO,07/01/2020,11:35:44,345,308.85,450,407.4,450,0,150
NIFTY26MAR2012300PE.NFO,07/01/2020,11:35:45,345,309.35,225,406.75,225,0,150
NIFTY26MAR2012300PE.NFO,07/01/2020,11:35:46,345,309.85,225,406.2,150,0,150
NIFTY26MAR2012300PE.NFO,07/01/2020,11:35:47,345,311.2,150,405.6,300,0,150
NIFTY26MAR2012300PE.NFO,07/01/2020,11:35:48,345,311.6,150,404.6,300,0,150
NIFTY26MAR2012300PE.NFO,07/01/2020,11:35:49,345,311.9,225,404.1,75,0,150
NIFTY26MAR2012300PE.NFO,07/01/2020,11:35:51,345,312.9,150,403,75,0,150
NIFTY26MAR2012300PE.NFO,07/01/2020,11:35:52,345,313.4,75,402.45,75,0,150
NIFTY26MAR2012300PE.NFO,07/01/2020,11:35:53,345,313.8,75,402,150,0,150
NIFTY26MAR2012300PE.NFO,07/01/2020,11:35:54,345,314.8,75,401.5,75,0,150
NIFTY26MAR2012300PE.NFO,07/01/2020,11:35:55,345,315.6,150,401,150,0,150
NIFTY26MAR2012300PE.NFO,07/01/2020,11:35:56,345,316.2,75,400.45,225,0,150
NIFTY26MAR2012300PE.NFO,07/01/2020,11:35:57,345,317.1,75,400,75,0,150
NIFTY26MAR2012300PE.NFO,07/01/2020,11:35:58,345,317,75,399.6,225,0,150
NIFTY26MAR2012300PE.NFO,07/01/2020,11:35:59,345,318.1,75,399.05,75,0,150
NIFTY26MAR2012300PE.NFO,07/01/2020,11:36:00,345,318.3,75,398.4,75,0,150
NIFTY26MAR2012300PE.NFO,07/01/2020,11:36:01,345,253.05,75,397.8,150,0,150
NIFTY26MAR2012300PE.NFO,07/01/2020,11:36:02,345,253.4,150,397.35,300,0,150
NIFTY26MAR2012300PE.NFO,07/01/2020,11:36:03,345,253.9,300,396.6,150,0,150
NIFTY26MAR2012300PE.NFO,07/01/2020,11:36:04,345,254.3,150,396.15,300,0,150
NIFTY26MAR2012300PE.NFO,07/01/2020,11:36:05,345,254.8,225,395.6,150,0,150
NIFTY26MAR2012300PE.NFO,07/01/2020,11:36:06,345,255.2,225,395.15,225,0,150
NIFTY26MAR2012300PE.NFO,07/01/2020,11:36:07,345,255.7,225,394.7,75,0,150
NIFTY26MAR2012300PE.NFO,07/01/2020,11:36:08,345,256.1,450,394.2,300,0,150
NIFTY26MAR2012300PE.NFO,07/01/2020,11:36:09,345,256.6,225,393.7,75,0,150
NIFTY26MAR2012300PE.NFO,07/01/2020,11:36:10,345,257.1,150,393.1,150,0,150
NIFTY26MAR2012300PE.NFO,07/01/2020,11:36:11,345,257.5,450,392.5,150,0,150
NIFTY26MAR2012300PE.NFO,07/01/2020,11:36:12,345,258.1,75,391.8,225,0,150
NIFTY26MAR2012300PE.NFO,07/01/2020,11:36:13,345,258.6,150,391.15,75,0,150
NIFTY26MAR2012300PE.NFO,07/01/2020,11:36:14,345,259.1,150,365.65,75,0,150
NIFTY26MAR2012300PE.NFO,07/01/2020,11:36:15,345,259.6,150,365.05,75,0,150
NIFTY26MAR2012300PE.NFO,07/01/2020,11:36:16,345,260.1,150,364.45,75,0,150
NIFTY26MAR2012300PE.NFO,07/01/2020,11:36:17,345,260.6,150,363.9,150,0,150
NIFTY26MAR2012300PE.NFO,07/01/2020,11:36:18,345,261,150,363.35,150,0,150
NIFTY26MAR2012300PE.NFO,07/01/2020,11:36:19,345,261.45,75,362.85,150,0,150
NIFTY26MAR2012300PE.NFO,07/01/2020,11:36:20,345,261.95,75,362.4,225,0,150
NIFTY26MAR2012300PE.NFO,07/01/2020,11:36:21,345,262.45,150,361.9,75,0,150
NIFTY26MAR2012300PE.NFO,07/01/2020,11:36:22,345,262.85,150,353.3,225,0,150
NIFTY26MAR2012300PE.NFO,07/01/2020,11:36:23,345,263.15,225,353,75,0,150
NIFTY26MAR2012300PE.NFO,07/01/2020,11:36:24,345,263.55,150,352.55,75,0,150
NIFTY26MAR2012300PE.NFO,07/01/2020,11:36:25,345,264.15,75,352.2,75,0,150
NIFTY26MAR2012300PE.NFO,07/01/2020,11:36:26,345,264.85,375,351.9,75,0,150
NIFTY26MAR2012300PE.NFO,07/01/2020,11:36:27,345,265.55,375,351.6,150,0,150
NIFTY26MAR2012300PE.NFO,07/01/2020,11:36:28,345,266.15,150,351.3,75,0,150
NIFTY26MAR2012300PE.NFO,07/01/2020,11:36:29,345,266.85,225,350.95,75,0,150
NIFTY26MAR2012300PE.NFO,07/01/2020,11:36:30,345,267.3,75,350.45,75,0,150
NIFTY26MAR2012300PE.NFO,07/01/2020,11:36:31,345,267.7,75,350,75,0,150
NIFTY26MAR2012300PE.NFO,07/01/2020,11:36:32,345,268.2,150,404.2,225,0,150
NIFTY26MAR2012300PE.NFO,07/01/2020,11:36:33,345,268.8,225,403.8,300,0,150
NIFTY26MAR2012300PE.NFO,07/01/2020,11:36:34,345,269.3,225,403.35,150,0,150
NIFTY26MAR2012300PE.NFO,07/01/2020,11:36:35,345,269.8,300,402.95,150,0,150
NIFTY26MAR2012300PE.NFO,07/01/2020,11:36:36,345,270.3,300,402.5,150,0,150
NIFTY26MAR2012300PE.NFO,07/01/2020,11:36:37,345,271.2,375,401.55,225,0,150
NIFTY26MAR2012300PE.NFO,07/01/2020,11:36:38,345,271.7,375,400.85,225,0,150
NIFTY26MAR2012300PE.NFO,07/01/2020,11:36:40,345,272.3,75,398.9,225,0,150
NIFTY26MAR2012300PE.NFO,07/01/2020,11:36:41,345,272.7,225,398.05,225,0,150
NIFTY26MAR2012300PE.NFO,07/01/2020,11:36:42,345,273.1,225,397.15,225,0,150
NIFTY26MAR2012300PE.NFO,07/01/2020,11:36:43,345,273.5,225,396.1,150,0,150
NIFTY26MAR2012300PE.NFO,07/01/2020,11:36:44,345,273.9,225,395.15,225,0,150
NIFTY26MAR2012300PE.NFO,07/01/2020,11:36:45,345,274.4,75,394.25,75,0,150
NIFTY26MAR2012300PE.NFO,07/01/2020,11:36:46,345,274.8,225,393.25,75,0,150
NIFTY26MAR2012300PE.NFO,07/01/2020,11:36:47,345,275.2,225,368.25,75,0,150
NIFTY26MAR2012300PE.NFO,07/01/2020,11:36:48,345,275.7,75,367.7,75,0,150
NIFTY26MAR2012300PE.NFO,07/01/2020,11:36:49,345,276.1,225,367.05,75,0,150
NIFTY26MAR2012300PE.NFO,07/01/2020,11:36:50,345,276.6,75,366.6,150,0,150
NIFTY26MAR2012300PE.NFO,07/01/2020,11:36:51,345,277.1,75,366,75,0,150
NIFTY26MAR2012300PE.NFO,07/01/2020,11:36:53,345,278,75,364.9,75,0,150
NIFTY26MAR2012300PE.NFO,07/01/2020,11:36:54,345,278.4,225,364.35,150,0,150
NIFTY26MAR2012300PE.NFO,07/01/2020,11:36:55,345,278.8,225,363.8,75,0,150
NIFTY26MAR2012300PE.NFO,07/01/2020,11:36:56,345,279.3,75,363.35,75,0,150
NIFTY26MAR2012300PE.NFO,07/01/2020,11:36:57,345,279.7,150,362.7,75,0,150
NIFTY26MAR2012300PE.NFO,07/01/2020,11:36:58,345,280.1,225,362.3,225,0,150
NIFTY26MAR2012300PE.NFO,07/01/2020,11:36:58,345,280.4,150,361.8,75,0,150
NIFTY26MAR2012300PE.NFO,07/01/2020,11:36:59,345,280.9,75,361.2,75,0,150
NIFTY26MAR2012300PE.NFO,07/01/2020,11:37:00,345,281.4,75,360.6,150,0,150
NIFTY26MAR2012300PE.NFO,07/01/2020,11:37:01,345,281.8,75,360.1,225,0,150
NIFTY26MAR2012300PE.NFO,07/01/2020,11:37:02,345,282.3,75,359.5,150,0,150
NIFTY26MAR2012300PE.NFO,07/01/2020,11:37:03,345,282.7,375,359,150,0,150
NIFTY26MAR2012300PE.NFO,07/01/2020,11:37:04,345,283.2,150,358.4,75,0,150
NIFTY26MAR2012300PE.NFO,07/01/2020,11:37:05,345,283.7,225,357.8,75,0,150
NIFTY26MAR2012300PE.NFO,07/01/2020,11:37:06,345,284.2,225,357.25,75,0,150
NIFTY26MAR2012300PE.NFO,07/01/2020,11:37:07,345,284.8,600,356.75,150,0,150
NIFTY26MAR2012300PE.NFO,07/01/2020,11:37:08,345,285.3,375,356.3,75,0,150
NIFTY26MAR2012300PE.NFO,07/01/2020,11:37:09,345,285.8,600,355.75,75,0,150
NIFTY26MAR2012300PE.NFO,07/01/2020,11:37:11,345,286.5,225,355.1,75,0,150
NIFTY26MAR2012300PE.NFO,07/01/2020,11:37:11,345,286.7,150,354.95,150,0,150
NIFTY26MAR2012300PE.NFO,07/01/2020,11:37:13,345,287.6,375,354.05,75,0,150
NIFTY26MAR2012300PE.NFO,07/01/2020,11:37:14,345,288.1,225,351.35,150,0,150
NIFTY26MAR2012300PE.NFO,07/01/2020,11:37:15,345,288.6,225,350.9,75,0,150
NIFTY26MAR2012300PE.NFO,07/01/2020,11:37:15,345,288.7,150,350.85,150,0,150
NIFTY26MAR2012300PE.NFO,07/01/2020,11:37:16,345,289.5,150,412.15,225,0,150
NIFTY26MAR2012300PE.NFO,07/01/2020,11:37:17,345,290.4,75,411.2,225,0,150
NIFTY26MAR2012300PE.NFO,07/01/2020,11:37:18,345,290.9,225,410.15,450,0,150
NIFTY26MAR2012300PE.NFO,07/01/2020,11:37:19,345,291.7,75,409.3,300,0,150
NIFTY26MAR2012300PE.NFO,07/01/2020,11:37:20,345,292.1,150,407.55,375,0,150
NIFTY26MAR2012300PE.NFO,07/01/2020,11:37:21,345,292.6,450,406.1,75,0,150
NIFTY26MAR2012300PE.NFO,07/01/2020,11:37:23,345,293.4,75,405.05,75,0,150
NIFTY26MAR2012300PE.NFO,07/01/2020,11:37:23,345,293.5,225,404.85,75,0,150
NIFTY26MAR2012300PE.NFO,07/01/2020,11:37:24,345,294.2,150,403.95,150,0,150
NIFTY26MAR2012300PE.NFO,07/01/2020,11:37:25,345,294.7,75,403.1,150,0,150
NIFTY26MAR2012300PE.NFO,07/01/2020,11:37:26,345,295.2,150,402.45,150,0,150
NIFTY26MAR2012300PE.NFO,07/01/2020,11:37:27,345,295.7,75,401.55,150,0,150
NIFTY26MAR2012300PE.NFO,07/01/2020,11:37:29,345,296.1,225,400.7,150,0,150
NIFTY26MAR2012300PE.NFO,07/01/2020,11:37:29,345,296.2,150,400.55,75,0,150
NIFTY26MAR2012300PE.NFO,07/01/2020,11:37:30,345,296.7,450,399.7,225,0,150
NIFTY26MAR2012300PE.NFO,07/01/2020,11:37:31,345,297.3,225,398.6,150,0,150
NIFTY26MAR2012300PE.NFO,07/01/2020,11:37:32,345,297.8,75,397.95,150,0,150
NIFTY26MAR2012300PE.NFO,07/01/2020,11:37:33,345,298.4,75,397,150,0,150
NIFTY26MAR2012300PE.NFO,07/01/2020,11:37:34,345,298.8,150,396.1,75,0,150
NIFTY26MAR2012300PE.NFO,07/01/2020,11:37:35,345,299.2,75,395.3,75,0,150
NIFTY26MAR2012300PE.NFO,07/01/2020,11:37:36,345,299.7,75,370.75,75,0,150
NIFTY26MAR2012300PE.NFO,07/01/2020,11:37:37,345,300.2,75,369.6,75,0,150
NIFTY26MAR2012300PE.NFO,07/01/2020,11:37:38,345,300.8,75,368.75,75,0,150
NIFTY26MAR2012300PE.NFO,07/01/2020,11:37:39,345,301.4,75,368.05,75,0,150
NIFTY26MAR2012300PE.NFO,07/01/2020,11:37:40,345,301.9,75,367.3,150,0,150
NIFTY26MAR2012300PE.NFO,07/01/2020,11:37:41,345,302.4,75,366.5,75,0,150
NIFTY26MAR2012300PE.NFO,07/01/2020,11:37:42,345,303.2,75,365.4,75,0,150
NIFTY26MAR2012300PE.NFO,07/01/2020,11:37:43,345,303.7,75,364.65,75,0,150
NIFTY26MAR2012300PE.NFO,07/01/2020,11:37:44,345,304.3,75,363.85,75,0,150
NIFTY26MAR2012300PE.NFO,07/01/2020,11:37:45,345,304.8,75,363.05,75,0,150
NIFTY26MAR2012300PE.NFO,07/01/2020,11:37:46,345,305.5,75,362.25,75,0,150
NIFTY26MAR2012300PE.NFO,07/01/2020,11:37:48,345,306.1,75,361.35,150,0,150
NIFTY26MAR2012300PE.NFO,07/01/2020,11:37:49,345,306.7,75,360.4,75,0,150
NIFTY26MAR2012300PE.NFO,07/01/2020,11:37:50,345,307.2,75,359.7,150,0,150
NIFTY26MAR2012300PE.NFO,07/01/2020,11:37:51,345,307.8,150,359.15,150,0,150
NIFTY26MAR2012300PE.NFO,07/01/2020,11:37:52,345,308.3,75,358.15,75,0,150
NIFTY26MAR2012300PE.NFO,07/01/2020,11:37:53,345,308.8,75,357.35,75,0,150
NIFTY26MAR2012300PE.NFO,07/01/2020,11:37:54,345,309.3,75,356.55,75,0,150
NIFTY26MAR2012300PE.NFO,07/01/2020,11:37:55,345,309.9,75,355.85,150,0,150
NIFTY26MAR2012300PE.NFO,07/01/2020,11:37:56,345,310.4,600,355.15,75,0,150
NIFTY26MAR2012300PE.NFO,07/01/2020,11:37:57,345,311,75,354.55,150,0,150
NIFTY26MAR2012300PE.NFO,07/01/2020,11:37:57,345,311.1,150,354.4,150,0,150
NIFTY26MAR2012300PE.NFO,07/01/2020,11:37:58,345,311.7,225,353.5,75,0,150
NIFTY26MAR2012300PE.NFO,07/01/2020,11:37:59,345,312.5,75,352.95,150,0,150
NIFTY26MAR2012300PE.NFO,07/01/2020,11:38:00,345,313.3,75,352.35,75,0,150
NIFTY26MAR2012300PE.NFO,07/01/2020,11:38:01,345,313.7,225,351.95,75,0,150
NIFTY26MAR2012300PE.NFO,07/01/2020,11:38:02,345,314.4,150,351.55,75,0,150
NIFTY26MAR2012300PE.NFO,07/01/2020,11:38:03,345,316.15,75,351.1,75,0,150
NIFTY26MAR2012300PE.NFO,07/01/2020,11:38:04,345,316.85,75,350.7,75,0,150
NIFTY26MAR2012300PE.NFO,07/01/2020,11:38:05,345,317.45,150,350.3,75,0,150
NIFTY26MAR2012300PE.NFO,07/01/2020,11:38:06,345,318.15,75,350.15,75,0,150
NIFTY26MAR2012300PE.NFO,07/01/2020,11:38:07,345,318.45,75,349.6,75,0,150
NIFTY26MAR2012300PE.NFO,07/01/2020,11:38:08,345,319.05,75,349.35,225,0,150
NIFTY26MAR2012300PE.NFO,07/01/2020,11:38:09,345,319.35,150,348.95,75,0,150
NIFTY26MAR2012300PE.NFO,07/01/2020,11:38:10,345,319.85,75,348.65,75,0,150
NIFTY26MAR2012300PE.NFO,07/01/2020,11:38:12,345,320.45,75,348.4,75,0,150
NIFTY26MAR2012300PE.NFO,07/01/2020,11:38:12,345,320.85,75,348.2,75,0,150
NIFTY26MAR2012300PE.NFO,07/01/2020,11:38:13,345,321.25,150,348.05,75,0,150
NIFTY26MAR2012300PE.NFO,07/01/2020,11:38:15,345,321.75,150,347.85,75,0,150
NIFTY26MAR2012300PE.NFO,07/01/2020,11:38:15,345,321.85,75,347.75,75,0,150
NIFTY26MAR2012300PE.NFO,07/01/2020,11:38:16,345,322.35,75,347.4,75,0,150
NIFTY26MAR2012300PE.NFO,07/01/2020,11:38:17,345,322.95,150,347.1,75,0,150
NIFTY26MAR2012300PE.NFO,07/01/2020,11:38:18,345,323.35,75,346.8,75,0,150
NIFTY26MAR2012300PE.NFO,07/01/2020,11:38:19,345,323.75,225,346.5,75,0,150
NIFTY26MAR2012300PE.NFO,07/01/2020,11:38:20,345,324.05,75,346.05,75,0,150
NIFTY26MAR2012300PE.NFO,07/01/2020,11:38:22,345,324.45,150,345.65,75,0,150
NIFTY26MAR2012300PE.NFO,07/01/2020,11:38:22,345,324.45,225,345.6,75,0,150
NIFTY26MAR2012300PE.NFO,07/01/2020,11:38:23,345,324.65,150,345.3,75,0,150
NIFTY26MAR2012300PE.NFO,07/01/2020,11:38:24,345,254.2,75,345,75,0,150
NIFTY26MAR2012300PE.NFO,07/01/2020,11:38:25,345,254.9,600,344.7,75,0,150
NIFTY26MAR2012300PE.NFO,07/01/2020,11:38:26,345,255.6,375,344.4,75,0,150
NIFTY26MAR2012300PE.NFO,07/01/2020,11:38:27,345,256.2,525,344.1,75,0,150
NIFTY26MAR2012300PE.NFO,07/01/2020,11:38:28,345,256.9,225,343.8,75,0,150
NIFTY26MAR2012300PE.NFO,07/01/2020,11:38:29,345,257.75,75,343.5,75,0,150
NIFTY26MAR2012300PE.NFO,07/01/2020,11:38:31,345,258.95,150,343.2,75,0,150
NIFTY26MAR2012300PE.NFO,07/01/2020,11:38:32,345,259.65,225,342.8,75,0,150
NIFTY26MAR2012300PE.NFO,07/01/2020,11:38:33,345,260.55,150,407.1,300,0,150
NIFTY26MAR2012300PE.NFO,07/01/2020,11:38:33,345,260.9,75,406.5,300,0,150
NIFTY26MAR2012300PE.NFO,07/01/2020,11:38:34,345,261.7,75,404.75,600,0,150
NIFTY26MAR2012300PE.NFO,07/01/2020,11:38:35,345,262.6,75,402.95,225,0,150
NIFTY26MAR2012300PE.NFO,07/01/2020,11:38:36,345,263.35,75,401.35,225,0,150
NIFTY26MAR2012300PE.NFO,07/01/2020,11:38:37,345,263.95,150,400.05,225,0,150
NIFTY26MAR2012300PE.NFO,07/01/2020,11:38:38,345,264.85,75,398.25,75,0,150
NIFTY26MAR2012300PE.NFO,07/01/2020,11:38:40,345,265.6,150,397.15,225,0,150
NIFTY26MAR2012300PE.NFO,07/01/2020,11:38:40,345,265.85,75,396.85,75,0,150
NIFTY26MAR2012300PE.NFO,07/01/2020,11:38:41,345,266.5,150,395.95,150,0,150
NIFTY26MAR2012300PE.NFO,07/01/2020,11:38:42,345,267.3,75,394.65,75,0,150
NIFTY26MAR2012300PE.NFO,07/01/2020,11:38:43,345,267.85,150,369.95,75,0,150
NIFTY26MAR2012300PE.NFO,07/01/2020,11:38:44,345,268.5,75,369.15,75,0,150
NIFTY26MAR2012300PE.NFO,07/01/2020,11:38:46,345,269.1,75,368.15,75,0,150
NIFTY26MAR2012300PE.NFO,07/01/2020,11:38:46,345,269.2,225,368.05,75,0,150
NIFTY26MAR2012300PE.NFO,07/01/2020,11:38:47,345,269.7,225,367.35,300,0,150
NIFTY26MAR2012300PE.NFO,07/01/2020,11:38:48,345,270.3,300,366.65,225,0,150
NIFTY26MAR2012300PE.NFO,07/01/2020,11:38:49,345,270.9,75,365.85,150,0,150
NIFTY26MAR2012300PE.NFO,07/01/2020,11:38:51,345,271.5,75,365.1,75,0,150
NIFTY26MAR2012300PE.NFO,07/01/2020,11:38:52,345,272.1,150,364,75,0,150
NIFTY26MAR2012300PE.NFO,07/01/2020,11:38:52,345,272.2,225,363.9,150,0,150
NIFTY26MAR2012300PE.NFO,07/01/2020,11:38:53,345,273,150,362.9,225,0,150
NIFTY26MAR2012300PE.NFO,07/01/2020,11:38:54,345,273.6,75,362.1,150,0,150
NIFTY26MAR2012300PE.NFO,07/01/2020,11:38:58,345,275.8,225,359.5,150,0,150
NIFTY26MAR2012300PE.NFO,07/01/2020,11:38:58,345,276,75,359.3,150,0,150
NIFTY26MAR2012300PE.NFO,07/01/2020,11:38:59,345,276.8,225,357.7,150,0,150
NIFTY26MAR2012300PE.NFO,07/01/2020,11:39:00,345,277.4,75,356.2,150,0,150
NIFTY26MAR2012300PE.NFO,07/01/2020,11:39:01,345,278,150,355,75,0,150
NIFTY26MAR2012300PE.NFO,07/01/2020,11:39:03,345,278.6,225,354.5,75,0,150
NIFTY26MAR2012300PE.NFO,07/01/2020,11:39:04,345,279.4,75,350.6,75,0,150
NIFTY26MAR2012300PE.NFO,07/01/2020,11:39:04,345,279.55,75,350.6,75,0,150
NIFTY26MAR2012300PE.NFO,07/01/2020,11:39:06,345,280.95,150,353.5,150,0,150
NIFTY26MAR2012300PE.NFO,07/01/2020,11:39:06,345,281.05,225,353.4,225,0,150
NIFTY26MAR2012300PE.NFO,07/01/2020,11:39:07,345,281.85,300,353,75,0,150
NIFTY26MAR2012300PE.NFO,07/01/2020,11:39:08,345,282.65,75,352.5,150,0,150
NIFTY26MAR2012300PE.NFO,07/01/2020,11:39:09,345,283.35,225,352,150,0,150
NIFTY26MAR2012300PE.NFO,07/01/2020,11:39:10,345,284.35,225,351.6,150,0,150
NIFTY26MAR2012300PE.NFO,07/01/2020,11:39:11,345,285.35,75,351.2,150,0,150
NIFTY26MAR2012300PE.NFO,07/01/2020,11:39:13,345,286.3,75,412.25,75,0,150
NIFTY26MAR2012300PE.NFO,07/01/2020,11:39:14,345,287.1,75,350.6,75,0,150
NIFTY26MAR2012300PE.NFO,07/01/2020,11:39:15,345,288.5,75,350.3,75,0,150
NIFTY26MAR2012300PE.NFO,07/01/2020,11:39:16,345,290,75,411.2,75,0,150
NIFTY26MAR2012300PE.NFO,07/01/2020,11:39:16,345,290.3,75,411.05,75,0,150
NIFTY26MAR2012300PE.NFO,07/01/2020,11:39:17,345,291.3,75,409.75,75,0,150
NIFTY26MAR2012300PE.NFO,07/01/2020,11:39:18,345,291.7,150,408.95,75,0,150
NIFTY26MAR2012300PE.NFO,07/01/2020,11:39:19,345,292.3,75,408.05,75,0,150
NIFTY26MAR2012300PE.NFO,07/01/2020,11:39:20,345,292.8,225,407.15,75,0,150
NIFTY26MAR2012300PE.NFO,07/01/2020,11:39:21,345,293.3,375,406.35,75,0,150
NIFTY26MAR2012300PE.NFO,07/01/2020,11:39:22,345,294,75,405.45,150,0,150
NIFTY26MAR2012300PE.NFO,07/01/2020,11:39:23,345,294.5,450,404.75,375,0,150
NIFTY26MAR2012300PE.NFO,07/01/2020,11:39:24,345,295.2,75,403.85,75,0,150
NIFTY26MAR2012300PE.NFO,07/01/2020,11:39:25,345,296,225,402.75,75,0,150
NIFTY26MAR2012300PE.NFO,07/01/2020,11:39:26,345,296.7,75,401.75,150,0,150
NIFTY26MAR2012300PE.NFO,07/01/2020,11:39:27,345,297.2,225,400.95,150,0,150
NIFTY26MAR2012300PE.NFO,07/01/2020,11:39:28,345,297.75,75,399,225,0,150
NIFTY26MAR2012300PE.NFO,07/01/2020,11:39:29,345,298.25,75,396.95,450,0,150
NIFTY26MAR2012300PE.NFO,07/01/2020,11:39:30,345,298.75,75,395.35,75,0,150
NIFTY26MAR2012300PE.NFO,07/01/2020,11:39:31,345,299.25,300,371.55,75,0,150
NIFTY26MAR2012300PE.NFO,07/01/2020,11:39:32,345,300.15,75,370.35,75,0,150
NIFTY26MAR2012300PE.NFO,07/01/2020,11:39:33,345,300.65,300,369.45,75,0,150
NIFTY26MAR2012300PE.NFO,07/01/2020,11:39:35,345,301.65,75,368.15,75,0,150
NIFTY26MAR2012300PE.NFO,07/01/2020,11:39:36,345,302.25,75,367.2,75,0,150
NIFTY26MAR2012300PE.NFO,07/01/2020,11:39:37,345,302.85,75,366.1,75,0,150
NIFTY26MAR2012300PE.NFO,07/01/2020,11:39:37,345,302.95,150,365.9,75,0,150
NIFTY26MAR2012300PE.NFO,07/01/2020,11:39:38,345,303.55,75,364.7,75,0,150
NIFTY26MAR2012300PE.NFO,07/01/2020,11:39:39,345,304.05,75,363.3,75,0,150
NIFTY26MAR2012300PE.NFO,07/01/2020,11:39:40,345,304.5,150,362.4,75,0,150
NIFTY26MAR2012300PE.NFO,07/01/2020,11:39:42,345,305.3,75,361,75,0,150
NIFTY26MAR2012300PE.NFO,07/01/2020,11:39:43,345,305.7,525,360.2,75,0,150
NIFTY26MAR2012300PE.NFO,07/01/2020,11:39:43,345,306.2,225,359.6,75,0,150
NIFTY26MAR2012300PE.NFO,07/01/2020,11:39:44,345,306.8,75,359,150,0,150
NIFTY26MAR2012300PE.NFO,07/01/2020,11:39:45,345,307.3,75,358.3,150,0,150
NIFTY26MAR2012300PE.NFO,07/01/2020,11:39:46,345,307.8,75,357.5,75,0,150
NIFTY26MAR2012300PE.NFO,07/01/2020,11:39:47,345,308.25,75,357,150,0,150
NIFTY26MAR2012300PE.NFO,07/01/2020,11:39:48,345,308.8,150,356.3,75,0,150
NIFTY26MAR2012300PE.NFO,07/01/2020,11:39:49,345,309.3,75,355.6,75,0,150
NIFTY26MAR2012300PE.NFO,07/01/2020,11:39:50,345,309.6,150,355.2,75,0,150
NIFTY26MAR2012300PE.NFO,07/01/2020,11:39:51,345,310,300,354.8,75,0,150
NIFTY26MAR2012300PE.NFO,07/01/2020,11:39:52,345,310.55,75,354.45,75,0,150
NIFTY26MAR2012300PE.NFO,07/01/2020,11:39:53,345,311.25,75,354.3,75,0,150
NIFTY26MAR2012300PE.NFO,07/01/2020,11:39:54,345,311.85,75,354,75,0,150
NIFTY26MAR2012300PE.NFO,07/01/2020,11:39:55,345,312.45,75,353.7,75,0,150
NIFTY26MAR2012300PE.NFO,07/01/2020,11:39:56,345,313.15,150,353.4,75,0,150
NIFTY26MAR2012300PE.NFO,07/01/2020,11:39:57,345,313.75,150,353.1,75,0,150
NIFTY26MAR2012300PE.NFO,07/01/2020,11:39:58,345,314.45,150,352.75,75,0,150
NIFTY26MAR2012300PE.NFO,07/01/2020,11:39:59,345,315.25,75,352.45,75,0,150
NIFTY26MAR2012300PE.NFO,07/01/2020,11:40:00,345,316.15,150,352.3,75,0,150
NIFTY26MAR2012300PE.NFO,07/01/2020,11:40:01,345,316.85,150,352.05,75,0,150
NIFTY26MAR2012300PE.NFO,07/01/2020,11:40:02,345,318.9,150,351.85,75,0,150
NIFTY26MAR2012300PE.NFO,07/01/2020,11:40:03,345,319.4,75,351.7,75,0,150
NIFTY26MAR2012300PE.NFO,07/01/2020,11:40:04,345,320.05,75,351.45,75,0,150
NIFTY26MAR2012300PE.NFO,07/01/2020,11:40:05,345,320.7,150,351.3,75,0,150
NIFTY26MAR2012300PE.NFO,07/01/2020,11:40:06,345,321.3,300,351.1,75,0,150
NIFTY26MAR2012300PE.NFO,07/01/2020,11:40:07,345,322,225,350.9,75,0,150
NIFTY26MAR2012300PE.NFO,07/01/2020,11:40:08,345,323.5,75,350.75,75,0,150
NIFTY26MAR2012300PE.NFO,07/01/2020,11:40:09,345,323.9,150,350.6,75,0,150
NIFTY26MAR2012300PE.NFO,07/01/2020,11:40:10,345,324.4,75,416.75,375,0,150
NIFTY26MAR2012300PE.NFO,07/01/2020,11:40:11,345,324.8,75,416.2,450,0,150
NIFTY26MAR2012300PE.NFO,07/01/2020,11:40:13,345,325.4,75,415,450,0,150
NIFTY26MAR2012300PE.NFO,07/01/2020,11:40:14,345,325.8,150,349.75,75,0,150
NIFTY26MAR2012300PE.NFO,07/01/2020,11:40:15,345,326.2,300,414.1,450,0,150
NIFTY26MAR2012300PE.NFO,07/01/2020,11:40:16,345,326.7,150,413.6,375,0,150
NIFTY26MAR2012300PE.NFO,07/01/2020,11:40:17,345,327,150,349.15,75,0,150
NIFTY26MAR2012300PE.NFO,07/01/2020,11:40:18,345,327.3,225,348.95,75,0,150
NIFTY26MAR2012300PE.NFO,07/01/2020,11:40:19,345,327.5,75,411.75,600,0,150
NIFTY26MAR2012300PE.NFO,07/01/2020,11:40:20,345,327.8,150,411.35,75,0,150
NIFTY26MAR2012300PE.NFO,07/01/2020,11:40:21,345,328,150,348.4,75,0,150
NIFTY26MAR2012300PE.NFO,07/01/2020,11:40:21,345,253,75,410.5,150,0,150
NIFTY26MAR2012300PE.NFO,07/01/2020,11:40:22,345,253.7,75,410,75,0,150
NIFTY26MAR2012300PE.NFO,07/01/2020,11:40:23,345,254.75,150,347.9,75,0,150
NIFTY26MAR2012300PE.NFO,07/01/2020,11:40:24,345,255.65,75,347.75,75,0,150
NIFTY26MAR2012300PE.NFO,07/01/2020,11:40:25,345,256.65,150,408.95,75,0,150
NIFTY26MAR2012300PE.NFO,07/01/2020,11:40:26,345,257.35,150,408.65,75,0,150
NIFTY26MAR2012300PE.NFO,07/01/2020,11:40:27,345,258.25,150,347.15,75,0,150
NIFTY26MAR2012300PE.NFO,07/01/2020,11:40:28,345,259.15,75,408.05,75,0,150
NIFTY26MAR2012300PE.NFO,07/01/2020,11:40:29,345,259.75,150,407.4,75,0,150
NIFTY26MAR2012300PE.NFO,07/01/2020,11:40:30,345,260.35,75,406.75,75,0,150
NIFTY26MAR2012300PE.NFO,07/01/2020,11:40:31,345,261.2,75,405.8,150,0,150
NIFTY26MAR2012300PE.NFO,07/01/2020,11:40:32,345,261.95,75,404.9,75,0,150
NIFTY26MAR2012300PE.NFO,07/01/2020,11:40:33,345,262.75,75,403.9,150,0,150
NIFTY26MAR2012300PE.NFO,07/01/2020,11:40:34,345,263.4,75,403.1,75,0,150
NIFTY26MAR2012300PE.NFO,07/01/2020,11:40:35,345,263.95,75,402.4,150,0,150
NIFTY26MAR2012300PE.NFO,07/01/2020,11:40:36,345,264.45,75,401.5,75,0,150
NIFTY26MAR2012300PE.NFO,07/01/2020,11:40:37,345,265.3,150,400.6,150,0,150
NIFTY26MAR2012300PE.NFO,07/01/2020,11:40:38,345,265.95,75,399.8,75,0,150
NIFTY26MAR2012300PE.NFO,07/01/2020,11:40:39,345,266.4,75,399,75,0,150
NIFTY26MAR2012300PE.NFO,07/01/2020,11:40:40,345,267.05,75,398.25,150,0,150
NIFTY26MAR2012300PE.NFO,07/01/2020,11:40:41,345,267.65,75,373.75,75,0,150
NIFTY26MAR2012300PE.NFO,07/01/2020,11:40:42,345,268.25,75,372.95,75,0,150
NIFTY26MAR2012300PE.NFO,07/01/2020,11:40:43,345,268.85,75,372.1,75,0,150
NIFTY26MAR2012300PE.NFO,07/01/2020,11:40:44,345,269.3,75,370.8,75,0,150
NIFTY26MAR2012300PE.NFO,07/01/2020,11:40:45,345,269.85,75,369.85,75,0,150
NIFTY26MAR2012300PE.NFO,07/01/2020,11:40:46,345,270.5,75,368.65,75,0,150
NIFTY26MAR2012300PE.NFO,07/01/2020,11:40:47,345,271.1,75,367.8,75,0,150
NIFTY26MAR2012300PE.NFO,07/01/2020,11:40:48,345,271.65,75,366.85,75,0,150
NIFTY26MAR2012300PE.NFO,07/01/2020,11:40:49,345,272.15,150,365.95,75,0,150
NIFTY26MAR2012300PE.NFO,07/01/2020,11:40:50,345,272.65,225,364.9,75,0,150
NIFTY26MAR2012300PE.NFO,07/01/2020,11:40:51,345,273.35,75,363.9,75,0,150
NIFTY26MAR2012300PE.NFO,07/01/2020,11:40:52,345,273.75,225,363.15,225,0,150
NIFTY26MAR2012300PE.NFO,07/01/2020,11:40:53,345,274.15,150,362.35,75,0,150
NIFTY26MAR2012300PE.NFO,07/01/2020,11:40:54,345,275.05,75,361.25,75,0,150
NIFTY26MAR2012300PE.NFO,07/01/2020,11:40:55,345,275.55,75,360.3,150,0,150
NIFTY26MAR2012300PE.NFO,07/01/2020,11:40:56,345,276.15,75,359.25,75,0,150
NIFTY26MAR2012300PE.NFO,07/01/2020,11:40:57,345,276.65,75,358.25,75,0,150
NIFTY26MAR2012300PE.NFO,07/01/2020,11:40:58,345,277.35,75,357.3,75,0,150
NIFTY26MAR2012300PE.NFO,07/01/2020,11:40:59,345,277.85,150,356.5,150,0,150
NIFTY26MAR2012300PE.NFO,07/01/2020,11:41:00,345,278.55,75,355.5,75,0,150
NIFTY26MAR2012300PE.NFO,07/01/2020,11:41:01,345,278.85,150,355,150,0,150
NIFTY26MAR2012300PE.NFO,07/01/2020,11:41:02,345,279.55,225,354.25,75,0,150
NIFTY26MAR2012300PE.NFO,07/01/2020,11:41:03,345,280.45,300,354.2,75,0,150
NIFTY26MAR2012300PE.NFO,07/01/2020,11:41:04,345,281.55,225,353.8,75,0,150
NIFTY26MAR2012300PE.NFO,07/01/2020,11:41:05,345,282.55,150,353.55,75,0,150
NIFTY26MAR2012300PE.NFO,07/01/2020,11:41:06,345,283.4,225,353.45,75,0,150
NIFTY26MAR2012300PE.NFO,07/01/2020,11:41:07,345,284.5,225,352.9,75,0,150
NIFTY26MAR2012300PE.NFO,07/01/2020,11:41:09,345,285.5,75,352.6,75,0,150
NIFTY26MAR2012300PE.NFO,07/01/2020,11:41:10,345,286.25,75,352.45,75,0,150
NIFTY26MAR2012300PE.NFO,07/01/2020,11:41:11,345,286.85,300,352.25,75,0,150
NIFTY26MAR2012300PE.NFO,07/01/2020,11:41:12,345,287.65,150,352,75,0,150
NIFTY26MAR2012300PE.NFO,07/01/2020,11:41:13,345,288.55,75,351.8,75,0,150
NIFTY26MAR2012300PE.NFO,07/01/2020,11:41:14,345,289.55,75,351.55,150,0,150
NIFTY26MAR2012300PE.NFO,07/01/2020,11:41:15,345,290.65,150,351.25,75,0,150
NIFTY26MAR2012300PE.NFO,07/01/2020,11:41:16,345,291.65,75,351.05,75,0,150
NIFTY26MAR2012300PE.NFO,07/01/2020,11:41:17,345,292.55,75,350.8,75,0,150
NIFTY26MAR2012300PE.NFO,07/01/2020,11:41:18,345,293.45,75,350.65,150,0,150
NIFTY26MAR2012300PE.NFO,07/01/2020,11:41:19,345,294.35,150,350.45,75,0,150
NIFTY26MAR2012300PE.NFO,07/01/2020,11:41:20,345,295.35,75,350.2,75,0,150
NIFTY26MAR2012300PE.NFO,07/01/2020,11:41:21,345,296.1,75,350,75,0,150
NIFTY26MAR2012300PE.NFO,07/01/2020,11:41:22,345,297.05,75,349.85,150,0,150
NIFTY26MAR2012300PE.NFO,07/01/2020,11:41:23,345,297.8,75,349.65,75,0,150
NIFTY26MAR2012300PE.NFO,07/01/2020,11:41:24,345,298.9,75,418.65,525,0,150
NIFTY26MAR2012300PE.NFO,07/01/2020,11:41:25,345,299.9,75,418.15,600,0,150
NIFTY26MAR2012300PE.NFO,07/01/2020,11:41:26,345,300.9,150,349.1,75,0,150
NIFTY26MAR2012300PE.NFO,07/01/2020,11:41:26,345,301,225,417.65,600,0,150
NIFTY26MAR2012300PE.NFO,07/01/2020,11:41:28,345,302.6,75,416.55,675,0,150
NIFTY26MAR2012300PE.NFO,07/01/2020,11:41:29,345,303.4,75,415.65,300,0,150
NIFTY26MAR2012300PE.NFO,07/01/2020,11:41:30,345,304.05,225,414.45,300,0,150
NIFTY26MAR2012300PE.NFO,07/01/2020,11:41:31,345,304.75,75,413.4,75,0,150
NIFTY26MAR2012300PE.NFO,07/01/2020,11:41:32,345,305.45,75,412.5,150,0,150
NIFTY26MAR2012300PE.NFO,07/01/2020,11:41:33,345,305.95,75,411.5,75,0,150
NIFTY26MAR2012300PE.NFO,07/01/2020,11:41:34,345,306.5,75,410.4,75,0,150
NIFTY26MAR2012300PE.NFO,07/01/2020,11:41:34,345,306.6,225,410.1,75,0,150
NIFTY26MAR2012300PE.NFO,07/01/2020,11:41:36,345,307.6,150,407.5,75,0,150
NIFTY26MAR2012300PE.NFO,07/01/2020,11:41:37,345,308.2,75,406.6,75,0,150
NIFTY26MAR2012300PE.NFO,07/01/2020,11:41:38,345,308.85,75,405.7,75,0,150
NIFTY26MAR2012300PE.NFO,07/01/2020,11:41:39,345,309.5,75,404.8,75,0,150
NIFTY26MAR2012300PE.NFO,07/01/2020,11:41:39,345,309.65,75,404.6,75,0,150
NIFTY26MAR2012300PE.NFO,07/01/2020,11:41:40,345,310.3,375,403.2,75,0,150
NIFTY26MAR2012300PE.NFO,07/01/2020,11:41:41,345,310.85,150,402.55,75,0,150
NIFTY26MAR2012300PE.NFO,07/01/2020,11:41:42,345,311.35,150,401.75,75,0,150
NIFTY26MAR2012300PE.NFO,07/01/2020,11:41:43,345,311.85,150,400.6,75,0,150
NIFTY26MAR2012300PE.NFO,07/01/2020,11:41:44,345,312.35,150,376.3,150,0,150
NIFTY26MAR2012300PE.NFO,07/01/2020,11:41:45,345,312.85,150,375.6,225,0,150
NIFTY26MAR2012300PE.NFO,07/01/2020,11:41:46,345,313.3,75,374.65,75,0,150
NIFTY26MAR2012300PE.NFO,07/01/2020,11:41:47,345,313.75,75,373.9,75,0,150
NIFTY26MAR2012300PE.NFO,07/01/2020,11:41:48,345,314.4,150,372.85,150,0,150
NIFTY26MAR2012300PE.NFO,07/01/2020,11:41:50,345,315.1,75,371.85,75,0,150
NIFTY26MAR2012300PE.NFO,07/01/2020,11:41:51,345,315.7,225,371,75,0,150
NIFTY26MAR2012300PE.NFO,07/01/2020,11:41:51,345,315.8,300,370.9,150,0,150
NIFTY26MAR2012300PE.NFO,07/01/2020,11:41:52,345,316.4,75,370.05,75,0,150
NIFTY26MAR2012300PE.NFO,07/01/2020,11:41:53,345,316.9,150,369.15,150,0,150
NIFTY26MAR2012300PE.NFO,07/01/2020,11:41:54,345,317.4,225,368.05,150,0,150
NIFTY26MAR2012300PE.NFO,07/01/2020,11:41:55,345,317.9,75,367.35,75,0,150
NIFTY26MAR2012300PE.NFO,07/01/2020,11:41:56,345,318.4,150,366.65,150,0,150
NIFTY26MAR2012300PE.NFO,07/01/2020,11:41:57,345,318.8,75,365.6,150,0,150
NIFTY26MAR2012300PE.NFO,07/01/2020,11:41:58,345,319.3,75,364.65,75,0,150
NIFTY26MAR2012300PE.NFO,07/01/2020,11:41:59,345,319.7,225,363.6,75,0,150
NIFTY26MAR2012300PE.NFO,07/01/2020,11:42:00,345,320.2,75,362.65,75,0,150
NIFTY26MAR2012300PE.NFO,07/01/2020,11:42:01,345,320.7,75,361.45,75,0,150
NIFTY26MAR2012300PE.NFO,07/01/2020,11:42:02,345,322.15,225,360.1,75,0,150
NIFTY26MAR2012300PE.NFO,07/01/2020,11:42:03,345,322.75,75,358.55,75,0,150
NIFTY26MAR2012300PE.NFO,07/01/2020,11:42:04,345,323.35,75,357.6,75,0,150
NIFTY26MAR2012300PE.NFO,07/01/2020,11:42:05,345,323.95,75,357,150,0,150
NIFTY26MAR2012300PE.NFO,07/01/2020,11:42:06,345,324.4,75,356.4,150,0,150
NIFTY26MAR2012300PE.NFO,07/01/2020,11:42:07,345,324.95,75,355.75,75,0,150
NIFTY26MAR2012300PE.NFO,07/01/2020,11:42:08,345,325.45,225,354.95,75,0,150
NIFTY26MAR2012300PE.NFO,07/01/2020,11:42:09,345,326.05,150,354.75,75,0,150
NIFTY26MAR2012300PE.NFO,07/01/2020,11:42:10,345,327.3,75,354.45,75,0,150
NIFTY26MAR2012300PE.NFO,07/01/2020,11:42:11,345,327.7,75,354.15,75,0,150
NIFTY26MAR2012300PE.NFO,07/01/2020,11:42:12,345,328.2,75,353.75,75,0,150
NIFTY26MAR2012300PE.NFO,07/01/2020,11:42:13,345,328.6,75,353.45,75,0,150
NIFTY26MAR2012300PE.NFO,07/01/2020,11:42:14,345,328.9,150,353.15,75,0,150
NIFTY26MAR2012300PE.NFO,07/01/2020,11:42:15,345,329.3,75,352.95,75,0,150
NIFTY26MAR2012300PE.NFO,07/01/2020,11:42:16,345,329.6,300,352.55,75,0,150
NIFTY26MAR2012300PE.NFO,07/01/2020,11:42:17,345,330.1,75,352.25,75,0,150
NIFTY26MAR2012300PE.NFO,07/01/2020,11:42:18,345,330.5,150,351.95,75,0,150
NIFTY26MAR2012300PE.NFO,07/01/2020,11:42:19,345,330.8,225,351.65,75,0,150
NIFTY26MAR2012300PE.NFO,07/01/2020,11:42:20,345,331,150,351.35,75,0,150
NIFTY26MAR2012300PE.NFO,07/01/2020,11:42:21,345,331.2,150,351.05,75,0,150
NIFTY26MAR2012300PE.NFO,07/01/2020,11:42:23,345,254.1,75,350.6,75,0,150
NIFTY26MAR2012300PE.NFO,07/01/2020,11:42:24,345,254.9,300,350.25,75,0,150
NIFTY26MAR2012300PE.NFO,07/01/2020,11:42:25,345,255.85,75,419.8,675,0,150
NIFTY26MAR2012300PE.NFO,07/01/2020,11:42:27,345,257.1,150,417.45,675,0,150
NIFTY26MAR2012300PE.NFO,07/01/2020,11:42:28,345,257.6,150,416.15,750,0,150
NIFTY26MAR2012300PE.NFO,07/01/2020,11:42:29,345,258.2,75,414.7,450,0,150
NIFTY26MAR2012300PE.NFO,07/01/2020,11:42:30,345,258.7,300,413.8,225,0,150
NIFTY26MAR2012300PE.NFO,07/01/2020,11:42:31,345,259.3,150,413.1,150,0,150
NIFTY26MAR2012300PE.NFO,07/01/2020,11:42:32,345,260,225,412.2,75,0,150
NIFTY26MAR2012300PE.NFO,07/01/2020,11:42:33,345,260.6,225,411.6,225,0,150
NIFTY26MAR2012300PE.NFO,07/01/2020,11:42:34,345,261.2,150,410.95,300,0,150
NIFTY26MAR2012300PE.NFO,07/01/2020,11:42:35,345,261.75,75,410.35,75,0,150
NIFTY26MAR2012300PE.NFO,07/01/2020,11:42:36,345,262.2,75,409.85,150,0,150
NIFTY26MAR2012300PE.NFO,07/01/2020,11:42:37,345,262.7,150,409.35,225,0,150
NIFTY26MAR2012300PE.NFO,07/01/2020,11:42:38,345,263.2,150,408.7,150,0,150
NIFTY26MAR2012300PE.NFO,07/01/2020,11:42:39,345,263.6,675,407.95,150,0,150
NIFTY26MAR2012300PE.NFO,07/01/2020,11:42:40,345,264,600,407.1,75,0,150
NIFTY26MAR2012300PE.NFO,07/01/2020,11:42:41,345,264.5,525,406.45,75,0,150
NIFTY26MAR2012300PE.NFO,07/01/2020,11:42:42,345,265,150,405.75,75,0,150
NIFTY26MAR2012300PE.NFO,07/01/2020,11:42:43,345,265.5,75,405,75,0,150
NIFTY26MAR2012300PE.NFO,07/01/2020,11:42:43,345,266,75,404.3,150,0,150
NIFTY26MAR2012300PE.NFO,07/01/2020,11:42:45,345,266.6,150,403.3,75,0,150
NIFTY26MAR2012300PE.NFO,07/01/2020,11:42:46,345,267.1,225,402.6,75,0,150
NIFTY26MAR2012300PE.NFO,07/01/2020,11:42:47,345,267.9,75,401.65,150,0,150
NIFTY26MAR2012300PE.NFO,07/01/2020,11:42:47,345,268,450,401.5,150,0,150
NIFTY26MAR2012300PE.NFO,07/01/2020,11:42:48,345,268.5,150,400.6,75,0,150
NIFTY26MAR2012300PE.NFO,07/01/2020,11:42:49,345,269.1,150,376.1,150,0,150
NIFTY26MAR2012300PE.NFO,07/01/2020,11:42:50,345,269.4,75,375.7,75,0,150
NIFTY26MAR2012300PE.NFO,07/01/2020,11:42:51,345,269.8,300,375.05,75,0,150
NIFTY26MAR2012300PE.NFO,07/01/2020,11:42:52,345,270.3,300,374.35,75,0,150
NIFTY26MAR2012300PE.NFO,07/01/2020,11:42:53,345,270.9,150,373.5,75,0,150
NIFTY26MAR2012300PE.NFO,07/01/2020,11:42:54,345,271.3,300,372.75,75,0,150
NIFTY26MAR2012300PE.NFO,07/01/2020,11:42:55,345,271.9,75,371.9,150,0,150
NIFTY26MAR2012300PE.NFO,07/01/2020,11:42:56,345,272.4,150,371.1,150,0,150
NIFTY26MAR2012300PE.NFO,07/01/2020,11:42:57,345,273,150,370.3,75,0,150
NIFTY26MAR2012300PE.NFO,07/01/2020,11:42:58,345,273.5,300,369.2,75,0,150
NIFTY26MAR2012300PE.NFO,07/01/2020,11:42:59,345,274,375,368.1,75,0,150
NIFTY26MAR2012300PE.NFO,07/01/2020,11:43:00,345,274.7,75,367,75,0,150
NIFTY26MAR2012300PE.NFO,07/01/2020,11:43:01,345,275.1,225,366.35,75,0,150
NIFTY26MAR2012300PE.NFO,07/01/2020,11:43:02,345,275.7,75,365.45,75,0,150
NIFTY26MAR2012300PE.NFO,07/01/2020,11:43:03,345,276.2,225,364.7,75,0,150
NIFTY26MAR2012300PE.NFO,07/01/2020,11:43:04,345,276.9,75,363.85,75,0,150
NIFTY26MAR2012300PE.NFO,07/01/2020,11:43:05,345,277.3,600,363,150,0,150
