Ticker,Date,Time,LTP,BuyPrice,BuyQty,SellPrice,SellQty,LTQ,OpenInterest
NIFTY30JAN2011350PE.NFO,07/01/2020,09:20:07,18,12,150,18,75,75,75
NIFTY30JAN2011350PE.NFO,07/01/2020,09:20:07,18,12,150,18,75,0,75
NIFTY30JAN2011350PE.NFO,07/01/2020,09:20:07,18,12,150,18,75,0,75
NIFTY30JAN2011350PE.NFO,07/01/2020,09:20:07,18,12,150,18,75,0,75
NIFTY30JAN2011350PE.NFO,07/01/2020,09:20:10,18,12,150,17.9,150,0,75
NIFTY30JAN2011350PE.NFO,07/01/2020,09:20:15,18,12.5,75,17.9,150,0,75
NIFTY30JAN2011350PE.NFO,07/01/2020,09:20:18,18,12.5,75,17.8,150,0,75
NIFTY30JAN2011350PE.NFO,07/01/2020,09:20:27,18,12.5,75,17.7,150,0,75
NIFTY30JAN2011350PE.NFO,07/01/2020,09:20:31,18,13.5,75,17.7,150,0,75
NIFTY30JAN2011350PE.NFO,07/01/2020,09:20:32,18,13.5,75,17.6,150,0,75
NIFTY30JAN2011350PE.NFO,07/01/2020,09:22:36,18,13.5,75,17,150,0,75
NIFTY30JAN2011350PE.NFO,07/01/2020,09:22:57,18,13.5,75,16.9,150,0,75
NIFTY30JAN2011350PE.NFO,07/01/2020,09:23:31,13.5,12.5,75,16.9,150,75,150
NIFTY30JAN2011350PE.NFO,07/01/2020,09:23:31,13.5,12.5,75,16.9,150,0,150
NIFTY30JAN2011350PE.NFO,07/01/2020,09:23:39,13.5,12.6,75,16.9,150,0,150
NIFTY30JAN2011350PE.NFO,07/01/2020,09:23:41,13.5,12.6,75,16,150,0,150
NIFTY30JAN2011350PE.NFO,07/01/2020,09:24:04,13.5,12.6,75,15.9,75,0,150
NIFTY30JAN2011350PE.NFO,07/01/2020,09:24:07,13.5,12.6,75,15.8,75,0,150
NIFTY30JAN2011350PE.NFO,07/01/2020,09:24:10,13.5,12,150,15.8,75,0,150
NIFTY30JAN2011350PE.NFO,07/01/2020,09:24:37,13.5,12.1,75,15.8,75,0,150
NIFTY30JAN2011350PE.NFO,07/01/2020,09:24:50,13.5,12.1,75,15.5,150,0,150
NIFTY30JAN2011350PE.NFO,07/01/2020,09:26:09,13.5,12.25,150,15.5,150,0,150
NIFTY30JAN2011350PE.NFO,07/01/2020,09:26:23,13.5,13.5,150,15.5,150,0,150
NIFTY30JAN2011350PE.NFO,07/01/2020,09:26:28,13.5,13.5,450,15.5,150,0,150
NIFTY30JAN2011350PE.NFO,07/01/2020,09:30:23,13.5,13.6,75,15.5,150,0,150
NIFTY30JAN2011350PE.NFO,07/01/2020,09:31:24,13.5,13.6,75,17,150,0,150
NIFTY30JAN2011350PE.NFO,07/01/2020,09:32:08,13.5,13.6,75,16.9,75,0,150
NIFTY30JAN2011350PE.NFO,07/01/2020,09:33:43,13.5,13.6,75,16.8,150,0,150
NIFTY30JAN2011350PE.NFO,07/01/2020,09:33:55,13.5,13.6,75,16.5,150,0,150
NIFTY30JAN2011350PE.NFO,07/01/2020,09:36:13,13.5,13.8,75,16.5,150,0,150
NIFTY30JAN2011350PE.NFO,07/01/2020,09:36:59,13.5,13.5,225,16.5,150,0,150
NIFTY30JAN2011350PE.NFO,07/01/2020,09:37:07,13.5,13.5,225,16.4,150,0,150
NIFTY30JAN2011350PE.NFO,07/01/2020,09:39:28,13.5,13.5,225,16.25,150,0,150
NIFTY30JAN2011350PE.NFO,07/01/2020,09:39:32,13.5,13.5,225,16.2,150,0,150
NIFTY30JAN2011350PE.NFO,07/01/2020,09:46:57,13.5,13.5,225,16,150,0,150
NIFTY30JAN2011350PE.NFO,07/01/2020,09:47:28,13.5,13.5,225,15.95,150,0,150
NIFTY30JAN2011350PE.NFO,07/01/2020,09:48:17,13.5,13.5,225,15.9,150,0,150
NIFTY30JAN2011350PE.NFO,07/01/2020,09:49:35,13.5,13.5,225,15.8,150,0,150
NIFTY30JAN2011350PE.NFO,07/01/2020,09:55:26,13.5,13.5,300,15.8,150,0,150
NIFTY30JAN2011350PE.NFO,07/01/2020,09:56:20,13.5,13.5,225,15.8,150,0,150
NIFTY30JAN2011350PE.NFO,07/01/2020,09:57:09,13.5,13.5,225,15.7,150,0,150
NIFTY30JAN2011350PE.NFO,07/01/2020,09:59:11,13.5,13.5,225,15.6,150,0,150
NIFTY30JAN2011350PE.NFO,07/01/2020,10:01:21,13.5,13.5,225,15.7,150,0,150
NIFTY30JAN2011350PE.NFO,07/01/2020,10:03:07,13.5,13.5,225,15.9,150,0,150
NIFTY30JAN2011350PE.NFO,07/01/2020,10:03:08,13.5,13.5,225,16,150,0,150
NIFTY30JAN2011350PE.NFO,07/01/2020,10:03:12,13.5,13.5,225,16.25,150,0,150
NIFTY30JAN2011350PE.NFO,07/01/2020,10:03:13,13.5,13.5,225,16.5,150,0,150
NIFTY30JAN2011350PE.NFO,07/01/2020,10:03:15,13.5,13.5,225,16.8,150,0,150
NIFTY30JAN2011350PE.NFO,07/01/2020,10:03:19,13.5,13.5,225,16.7,150,0,150
NIFTY30JAN2011350PE.NFO,07/01/2020,10:03:29,13.5,13.55,150,16.7,150,0,150
NIFTY30JAN2011350PE.NFO,07/01/2020,10:04:09,13.5,13.55,225,16.7,150,0,150
NIFTY30JAN2011350PE.NFO,07/01/2020,10:05:38,13.5,13.55,225,16.6,150,0,150
NIFTY30JAN2011350PE.NFO,07/01/2020,10:06:01,13.5,13.55,225,16.5,150,0,150
NIFTY30JAN2011350PE.NFO,07/01/2020,10:14:16,13.5,13.6,150,16.5,150,0,150
NIFTY30JAN2011350PE.NFO,07/01/2020,10:15:18,16.5,13.6,150,16.6,150,150,75
NIFTY30JAN2011350PE.NFO,07/01/2020,10:15:27,16.5,13.7,150,16.6,150,0,75
NIFTY30JAN2011350PE.NFO,07/01/2020,10:15:33,16.5,13.7,150,16.5,150,0,75
NIFTY30JAN2011350PE.NFO,07/01/2020,10:24:50,16.5,13.7,150,16.5,75,75,225
NIFTY30JAN2011350PE.NFO,07/01/2020,10:25:22,16.7,13.7,225,16.7,75,300,225
NIFTY30JAN2011350PE.NFO,07/01/2020,10:25:27,16.7,13.7,375,16.7,75,0,225
NIFTY30JAN2011350PE.NFO,07/01/2020,10:25:37,16.7,13.7,375,16.9,75,0,225
NIFTY30JAN2011350PE.NFO,07/01/2020,10:28:39,16.7,13.7,375,16.9,75,0,600
NIFTY30JAN2011350PE.NFO,07/01/2020,10:40:27,16.7,14.05,75,16.9,75,0,600
NIFTY30JAN2011350PE.NFO,07/01/2020,10:41:41,16.7,14.1,150,16.9,75,0,600
NIFTY30JAN2011350PE.NFO,07/01/2020,10:42:24,16.7,14.1,300,16.9,75,0,600
NIFTY30JAN2011350PE.NFO,07/01/2020,10:42:58,16.7,14.1,300,16.8,150,0,600
NIFTY30JAN2011350PE.NFO,07/01/2020,10:43:40,16.7,14.1,300,16.9,75,0,600
NIFTY30JAN2011350PE.NFO,07/01/2020,10:43:45,16.7,14.1,300,17.4,150,0,600
NIFTY30JAN2011350PE.NFO,07/01/2020,10:43:49,16.7,14.1,300,17.25,150,0,600
NIFTY30JAN2011350PE.NFO,07/01/2020,10:44:52,16.7,14.1,300,16.9,150,0,600
NIFTY30JAN2011350PE.NFO,07/01/2020,10:45:18,16.7,14.1,300,17.25,150,0,600
NIFTY30JAN2011350PE.NFO,07/01/2020,10:51:01,16.7,14.1,300,17.4,150,0,600
NIFTY30JAN2011350PE.NFO,07/01/2020,10:55:34,16.7,14.1,300,19.8,300,0,600
NIFTY30JAN2011350PE.NFO,07/01/2020,10:55:35,16.7,14.1,300,19,75,0,600
NIFTY30JAN2011350PE.NFO,07/01/2020,10:56:36,16.7,14.1,450,19,75,0,600
NIFTY30JAN2011350PE.NFO,07/01/2020,11:00:46,16.7,14.1,450,19.8,300,0,600
NIFTY30JAN2011350PE.NFO,07/01/2020,11:00:48,16.7,14.1,450,19.5,150,0,600
NIFTY30JAN2011350PE.NFO,07/01/2020,11:00:55,16.7,15.5,150,19.5,150,0,600
NIFTY30JAN2011350PE.NFO,07/01/2020,11:01:21,16.7,15.5,150,19.9,150,0,600
NIFTY30JAN2011350PE.NFO,07/01/2020,11:02:11,16.7,15.5,150,20.7,150,0,600
NIFTY30JAN2011350PE.NFO,07/01/2020,11:05:08,16.7,15.5,150,21.4,150,0,600
NIFTY30JAN2011350PE.NFO,07/01/2020,11:11:22,16.7,15.5,150,21.9,150,0,600
NIFTY30JAN2011350PE.NFO,07/01/2020,11:12:23,16.7,17,150,21.9,150,0,600
NIFTY30JAN2011350PE.NFO,07/01/2020,11:13:12,16.7,17,150,21.9,225,0,600
NIFTY30JAN2011350PE.NFO,07/01/2020,11:15:27,17,17,75,21.9,150,75,600
NIFTY30JAN2011350PE.NFO,07/01/2020,11:15:40,17,15.5,150,21.9,150,0,600
NIFTY30JAN2011350PE.NFO,07/01/2020,11:15:55,17,17,75,21.9,150,0,600
NIFTY30JAN2011350PE.NFO,07/01/2020,11:16:06,17,17.2,75,21.9,150,0,600
NIFTY30JAN2011350PE.NFO,07/01/2020,11:20:47,17,17.5,75,21.9,150,0,600
NIFTY30JAN2011350PE.NFO,07/01/2020,11:23:44,17,17,75,21.9,150,0,600
NIFTY30JAN2011350PE.NFO,07/01/2020,11:32:32,17,16.2,150,21.9,150,0,600
NIFTY30JAN2011350PE.NFO,07/01/2020,11:34:05,17,16.2,150,21.8,150,0,600
NIFTY30JAN2011350PE.NFO,07/01/2020,11:34:29,17,15.5,150,21.8,150,0,600
NIFTY30JAN2011350PE.NFO,07/01/2020,11:35:22,17,15.5,150,21.75,150,0,600
NIFTY30JAN2011350PE.NFO,07/01/2020,11:35:28,17,15.5,150,21.5,150,0,600
NIFTY30JAN2011350PE.NFO,07/01/2020,11:35:34,17,15.5,150,21.45,150,0,600
NIFTY30JAN2011350PE.NFO,07/01/2020,11:36:01,17,15.2,150,21.45,150,0,600
NIFTY30JAN2011350PE.NFO,07/01/2020,11:36:58,17,15.2,150,21.3,300,0,600
NIFTY30JAN2011350PE.NFO,07/01/2020,11:37:01,17,15.2,150,20.5,75,0,600
NIFTY30JAN2011350PE.NFO,07/01/2020,11:37:04,17,15.2,150,20,75,0,600
NIFTY30JAN2011350PE.NFO,07/01/2020,11:38:46,17,15.8,75,20,75,0,600
NIFTY30JAN2011350PE.NFO,07/01/2020,11:40:38,17,16,150,20,75,0,600
NIFTY30JAN2011350PE.NFO,07/01/2020,11:40:47,17,16,150,19.9,150,0,600
NIFTY30JAN2011350PE.NFO,07/01/2020,11:41:17,17,16,150,19.8,150,0,600
NIFTY30JAN2011350PE.NFO,07/01/2020,11:41:18,17,16,300,19.8,150,0,600
NIFTY30JAN2011350PE.NFO,07/01/2020,11:41:21,17,16,300,19.75,150,0,600
NIFTY30JAN2011350PE.NFO,07/01/2020,11:41:25,17,16,300,19.7,150,0,600
NIFTY30JAN2011350PE.NFO,07/01/2020,11:44:29,17,16.05,150,19.7,150,0,600
NIFTY30JAN2011350PE.NFO,07/01/2020,11:44:33,17,16.1,150,19.7,150,0,600
NIFTY30JAN2011350PE.NFO,07/01/2020,11:45:27,17,16.1,150,20.5,75,0,600
NIFTY30JAN2011350PE.NFO,07/01/2020,11:47:09,17,16,300,20.5,75,0,600
NIFTY30JAN2011350PE.NFO,07/01/2020,11:47:10,17,16.1,150,20.5,75,0,600
NIFTY30JAN2011350PE.NFO,07/01/2020,11:47:12,17,16,300,20.5,75,0,600
NIFTY30JAN2011350PE.NFO,07/01/2020,11:50:30,17,16,300,21.2,150,0,600
NIFTY30JAN2011350PE.NFO,07/01/2020,11:51:26,17,16,300,21.45,150,0,600
NIFTY30JAN2011350PE.NFO,07/01/2020,11:54:15,17,16,300,21,150,0,600
NIFTY30JAN2011350PE.NFO,07/01/2020,11:55:47,17,16,300,20.9,150,0,600
NIFTY30JAN2011350PE.NFO,07/01/2020,11:59:09,17,17,1200,20.9,150,0,600
NIFTY30JAN2011350PE.NFO,07/01/2020,11:59:41,17,16,300,20.9,150,0,600
NIFTY30JAN2011350PE.NFO,07/01/2020,11:59:59,17,16,300,21.5,150,0,600
NIFTY30JAN2011350PE.NFO,07/01/2020,12:00:00,17,16,300,21.4,150,0,600
NIFTY30JAN2011350PE.NFO,07/01/2020,12:00:10,17,17.5,150,21.4,150,0,600
NIFTY30JAN2011350PE.NFO,07/01/2020,12:00:12,17,16,300,21.4,150,0,600
NIFTY30JAN2011350PE.NFO,07/01/2020,12:01:36,17,16.1,75,21.4,150,0,600
NIFTY30JAN2011350PE.NFO,07/01/2020,12:02:10,17,16,300,21.4,150,0,600
NIFTY30JAN2011350PE.NFO,07/01/2020,12:03:23,17,18,75,21.4,150,0,600
NIFTY30JAN2011350PE.NFO,07/01/2020,12:03:26,17,18.1,150,21.4,150,0,600
NIFTY30JAN2011350PE.NFO,07/01/2020,12:03:28,17,18.1,150,21.3,150,0,600
NIFTY30JAN2011350PE.NFO,07/01/2020,12:03:41,17,18.1,150,21.2,150,0,600
NIFTY30JAN2011350PE.NFO,07/01/2020,12:03:45,17,18.1,150,21.1,150,0,600
NIFTY30JAN2011350PE.NFO,07/01/2020,12:04:37,17,18.1,150,21.2,150,0,600
NIFTY30JAN2011350PE.NFO,07/01/2020,12:06:36,17,18.5,75,21.2,150,0,600
NIFTY30JAN2011350PE.NFO,07/01/2020,12:06:53,17,18.55,150,21.2,150,0,600
NIFTY30JAN2011350PE.NFO,07/01/2020,12:07:03,17,18.5,75,21.2,150,0,600
NIFTY30JAN2011350PE.NFO,07/01/2020,12:08:31,17,18.5,75,21,150,0,600
NIFTY30JAN2011350PE.NFO,07/01/2020,12:09:04,17,18.5,75,21,300,0,600
NIFTY30JAN2011350PE.NFO,07/01/2020,12:11:56,17,18.5,75,20.9,150,0,600
NIFTY30JAN2011350PE.NFO,07/01/2020,12:13:08,18.5,18,150,20.9,150,75,600
NIFTY30JAN2011350PE.NFO,07/01/2020,12:13:08,18.5,18,150,20.9,150,0,600
NIFTY30JAN2011350PE.NFO,07/01/2020,12:13:10,18.5,18,150,20.9,150,0,600
NIFTY30JAN2011350PE.NFO,07/01/2020,12:13:28,18.5,17.5,150,20.9,150,0,600
NIFTY30JAN2011350PE.NFO,07/01/2020,12:22:44,18.5,17.5,150,20.8,150,0,600
NIFTY30JAN2011350PE.NFO,07/01/2020,12:27:26,18.5,17.6,150,20.8,150,0,675
NIFTY30JAN2011350PE.NFO,07/01/2020,12:32:13,20.8,17.6,150,20.8,75,75,675
NIFTY30JAN2011350PE.NFO,07/01/2020,12:32:13,20.8,17.6,150,20.8,75,0,675
NIFTY30JAN2011350PE.NFO,07/01/2020,12:32:27,20.8,17.6,150,20.75,75,0,675
NIFTY30JAN2011350PE.NFO,07/01/2020,12:33:03,20.8,17.6,150,20.9,150,0,675
NIFTY30JAN2011350PE.NFO,07/01/2020,12:33:06,20.8,17.6,150,21.45,150,0,675
NIFTY30JAN2011350PE.NFO,07/01/2020,12:33:13,20.8,17.6,150,21.4,150,0,675
NIFTY30JAN2011350PE.NFO,07/01/2020,12:40:12,20.8,17.6,150,20.9,150,0,675
NIFTY30JAN2011350PE.NFO,07/01/2020,12:40:29,20.8,17.6,150,20.8,150,0,675
NIFTY30JAN2011350PE.NFO,07/01/2020,12:40:38,20.8,17.2,225,20.8,150,0,675
NIFTY30JAN2011350PE.NFO,07/01/2020,12:41:47,20.8,17.2,225,20.75,150,0,675
NIFTY30JAN2011350PE.NFO,07/01/2020,12:46:10,20.8,17.15,225,20.75,150,0,675
NIFTY30JAN2011350PE.NFO,07/01/2020,12:46:14,20.8,17.2,150,20.75,150,0,675
NIFTY30JAN2011350PE.NFO,07/01/2020,12:46:15,20.8,17.2,150,20.7,150,0,675
NIFTY30JAN2011350PE.NFO,07/01/2020,12:48:19,20.8,16.6,150,20.7,150,0,675
NIFTY30JAN2011350PE.NFO,07/01/2020,12:48:23,20.8,16.6,150,20.6,150,0,675
NIFTY30JAN2011350PE.NFO,07/01/2020,12:48:24,20.8,16.65,150,20.6,150,0,675
NIFTY30JAN2011350PE.NFO,07/01/2020,12:52:22,20.6,16.65,150,20.6,75,75,750
NIFTY30JAN2011350PE.NFO,07/01/2020,12:52:29,20.6,16.65,150,20.5,150,0,750
NIFTY30JAN2011350PE.NFO,07/01/2020,12:52:38,20.6,16.65,150,20.4,150,0,750
NIFTY30JAN2011350PE.NFO,07/01/2020,12:53:28,20.6,17.2,150,20.4,150,0,750
NIFTY30JAN2011350PE.NFO,07/01/2020,12:57:30,20.6,17.2,150,20.5,150,0,750
NIFTY30JAN2011350PE.NFO,07/01/2020,12:57:54,20.6,17.2,150,20.7,150,0,750
NIFTY30JAN2011350PE.NFO,07/01/2020,12:58:23,20.6,17.2,150,21.3,150,0,750
NIFTY30JAN2011350PE.NFO,07/01/2020,13:00:08,20.6,17.2,150,21.8,150,0,750
NIFTY30JAN2011350PE.NFO,07/01/2020,13:00:10,20.6,17.2,150,21.7,150,0,750
NIFTY30JAN2011350PE.NFO,07/01/2020,13:00:16,20.6,18.5,150,21.7,150,0,750
NIFTY30JAN2011350PE.NFO,07/01/2020,13:00:20,20.6,18.5,150,21.8,150,0,750
NIFTY30JAN2011350PE.NFO,07/01/2020,13:00:28,20.6,18.5,150,21.7,150,0,750
NIFTY30JAN2011350PE.NFO,07/01/2020,13:01:17,20.6,18.5,150,22.5,150,0,750
NIFTY30JAN2011350PE.NFO,07/01/2020,13:01:33,20.6,18.5,150,23.9,150,0,750
NIFTY30JAN2011350PE.NFO,07/01/2020,13:01:35,20.6,18.5,150,23.8,150,0,750
NIFTY30JAN2011350PE.NFO,07/01/2020,13:03:32,20.6,18.5,150,23.5,150,0,750
NIFTY30JAN2011350PE.NFO,07/01/2020,13:03:42,20.6,18.5,150,23.4,150,0,750
NIFTY30JAN2011350PE.NFO,07/01/2020,13:03:44,20.6,18.5,150,23.5,150,0,750
NIFTY30JAN2011350PE.NFO,07/01/2020,13:05:35,20.6,20,150,23.5,150,0,750
NIFTY30JAN2011350PE.NFO,07/01/2020,13:05:38,20.6,18.5,150,23.5,150,0,750
NIFTY30JAN2011350PE.NFO,07/01/2020,13:08:38,20.6,18.5,150,23.8,150,0,750
NIFTY30JAN2011350PE.NFO,07/01/2020,13:08:53,20.6,20,150,23.8,150,0,750
NIFTY30JAN2011350PE.NFO,07/01/2020,13:10:03,23.8,20,150,23.8,75,75,825
NIFTY30JAN2011350PE.NFO,07/01/2020,13:10:03,23.8,20,150,23.8,75,0,825
NIFTY30JAN2011350PE.NFO,07/01/2020,13:10:06,23.8,20,150,24,150,0,825
NIFTY30JAN2011350PE.NFO,07/01/2020,13:10:07,23.8,20,150,25.4,150,0,825
NIFTY30JAN2011350PE.NFO,07/01/2020,13:10:12,23.8,20,150,25,150,0,825
NIFTY30JAN2011350PE.NFO,07/01/2020,13:10:50,20,18.5,150,24.95,75,225,825
NIFTY30JAN2011350PE.NFO,07/01/2020,13:11:02,20,18.5,150,25,150,0,825
NIFTY30JAN2011350PE.NFO,07/01/2020,13:11:06,20,18.5,150,24.8,150,0,825
NIFTY30JAN2011350PE.NFO,07/01/2020,13:11:16,20,20,150,24.8,150,0,825
NIFTY30JAN2011350PE.NFO,07/01/2020,13:11:22,20,21,225,24.8,150,0,825
NIFTY30JAN2011350PE.NFO,07/01/2020,13:11:25,20,21.1,150,24.8,150,0,825
NIFTY30JAN2011350PE.NFO,07/01/2020,13:11:51,20,21.1,300,24.8,150,0,825
NIFTY30JAN2011350PE.NFO,07/01/2020,13:12:05,21.1,21.1,225,24.8,150,75,975
NIFTY30JAN2011350PE.NFO,07/01/2020,13:12:15,21.1,21.1,225,24.8,150,0,975
NIFTY30JAN2011350PE.NFO,07/01/2020,13:12:18,21.1,21.1,150,24.8,150,0,975
NIFTY30JAN2011350PE.NFO,07/01/2020,13:12:40,21.1,21.15,150,24.8,150,0,975
NIFTY30JAN2011350PE.NFO,07/01/2020,13:12:48,21.1,18.5,150,24.8,150,300,975
NIFTY30JAN2011350PE.NFO,07/01/2020,13:12:53,21.1,21,75,24.8,150,0,975
NIFTY30JAN2011350PE.NFO,07/01/2020,13:12:56,21.1,21.05,75,24.8,150,0,975
NIFTY30JAN2011350PE.NFO,07/01/2020,13:13:27,24.8,21.05,75,24.8,75,75,975
NIFTY30JAN2011350PE.NFO,07/01/2020,13:13:27,24.8,21.05,75,24.8,75,0,975
NIFTY30JAN2011350PE.NFO,07/01/2020,13:13:31,24.8,21.05,75,24.8,225,0,975
NIFTY30JAN2011350PE.NFO,07/01/2020,13:13:32,24.8,21.3,75,24.8,225,0,975
NIFTY30JAN2011350PE.NFO,07/01/2020,13:13:34,24.8,21.4,75,24.75,150,0,975
NIFTY30JAN2011350PE.NFO,07/01/2020,13:14:00,24.8,21.6,75,24.75,150,0,975
NIFTY30JAN2011350PE.NFO,07/01/2020,13:14:14,24.8,21.8,75,24.75,150,0,975
NIFTY30JAN2011350PE.NFO,07/01/2020,13:15:01,24.8,21.8,75,25,150,0,975
NIFTY30JAN2011350PE.NFO,07/01/2020,13:15:05,24.8,21.8,75,24.95,150,0,975
NIFTY30JAN2011350PE.NFO,07/01/2020,13:15:06,21.8,21.6,75,24.95,150,75,675
NIFTY30JAN2011350PE.NFO,07/01/2020,13:15:08,21.8,21.6,75,24.8,150,0,675
NIFTY30JAN2011350PE.NFO,07/01/2020,13:15:09,24.8,21.7,75,24.8,75,75,675
NIFTY30JAN2011350PE.NFO,07/01/2020,13:15:10,24.8,21.7,75,24.8,75,0,675
NIFTY30JAN2011350PE.NFO,07/01/2020,13:15:16,24.8,21.7,75,24.75,150,0,675
NIFTY30JAN2011350PE.NFO,07/01/2020,13:15:36,24.75,21.7,75,24.75,75,75,675
NIFTY30JAN2011350PE.NFO,07/01/2020,13:15:38,24.75,21.7,75,24.75,75,0,675
NIFTY30JAN2011350PE.NFO,07/01/2020,13:15:40,24.75,22,150,24.75,75,0,675
NIFTY30JAN2011350PE.NFO,07/01/2020,13:15:53,24.75,22,150,24.95,150,0,675
NIFTY30JAN2011350PE.NFO,07/01/2020,13:15:56,24.75,22,150,26.4,225,0,675
NIFTY30JAN2011350PE.NFO,07/01/2020,13:15:58,24.75,22,150,26,75,0,675
NIFTY30JAN2011350PE.NFO,07/01/2020,13:17:52,26,22,150,26.2,150,75,675
NIFTY30JAN2011350PE.NFO,07/01/2020,13:17:52,26,22,150,26.2,150,0,675
NIFTY30JAN2011350PE.NFO,07/01/2020,13:17:54,26.2,22.1,75,26.2,75,75,675
NIFTY30JAN2011350PE.NFO,07/01/2020,13:17:54,26.2,22.1,75,26.2,75,0,675
NIFTY30JAN2011350PE.NFO,07/01/2020,13:17:59,26.2,22.5,75,26.2,75,0,675
NIFTY30JAN2011350PE.NFO,07/01/2020,13:18:11,26.2,22.5,75,28,150,0,675
NIFTY30JAN2011350PE.NFO,07/01/2020,13:18:14,26.2,22.5,75,27.9,225,0,675
NIFTY30JAN2011350PE.NFO,07/01/2020,13:18:28,26.2,22.5,75,27.8,75,0,675
NIFTY30JAN2011350PE.NFO,07/01/2020,13:19:38,22.5,22.4,150,27.8,75,75,900
NIFTY30JAN2011350PE.NFO,07/01/2020,13:19:41,22.5,22.5,150,27.8,75,0,900
NIFTY30JAN2011350PE.NFO,07/01/2020,13:19:44,22.5,22.6,150,27.8,75,0,900
NIFTY30JAN2011350PE.NFO,07/01/2020,13:19:45,22.5,22.7,150,27.8,75,0,900
NIFTY30JAN2011350PE.NFO,07/01/2020,13:19:46,22.5,22.7,150,27.7,75,0,900
NIFTY30JAN2011350PE.NFO,07/01/2020,13:19:48,22.5,23.1,150,27.7,75,0,900
NIFTY30JAN2011350PE.NFO,07/01/2020,13:19:50,22.5,23.1,150,27.8,75,0,900
NIFTY30JAN2011350PE.NFO,07/01/2020,13:19:51,22.5,23.1,150,27.7,150,0,900
NIFTY30JAN2011350PE.NFO,07/01/2020,13:19:53,22.5,22.7,150,27.6,225,0,900
NIFTY30JAN2011350PE.NFO,07/01/2020,13:19:57,22.5,22.7,150,27.5,150,0,900
NIFTY30JAN2011350PE.NFO,07/01/2020,13:20:55,22.5,22.7,150,27.45,75,0,900
NIFTY30JAN2011350PE.NFO,07/01/2020,13:22:15,22.5,23.5,150,27.45,75,0,900
NIFTY30JAN2011350PE.NFO,07/01/2020,13:23:22,22.5,23.5,150,27.6,75,0,900
NIFTY30JAN2011350PE.NFO,07/01/2020,13:23:24,22.5,23.5,150,27.9,75,0,900
NIFTY30JAN2011350PE.NFO,07/01/2020,13:23:26,22.5,23.5,150,27.8,75,0,900
NIFTY30JAN2011350PE.NFO,07/01/2020,13:25:13,22.5,22.7,150,27.8,75,0,900
NIFTY30JAN2011350PE.NFO,07/01/2020,13:25:19,22.5,22.7,150,27.8,225,0,900
NIFTY30JAN2011350PE.NFO,07/01/2020,13:26:22,22.5,22.5,75,27.8,225,0,900
NIFTY30JAN2011350PE.NFO,07/01/2020,13:26:24,22.5,22.6,150,27.8,225,0,900
NIFTY30JAN2011350PE.NFO,07/01/2020,13:26:25,22.5,22.65,75,27.8,225,0,900
NIFTY30JAN2011350PE.NFO,07/01/2020,13:26:57,22.5,22.65,75,27.5,150,0,900
NIFTY30JAN2011350PE.NFO,07/01/2020,13:27:01,22.5,22.65,75,27.5,300,0,900
NIFTY30JAN2011350PE.NFO,07/01/2020,13:28:01,22.5,22.7,150,27.5,300,0,825
NIFTY30JAN2011350PE.NFO,07/01/2020,13:28:39,22.5,22.7,150,27.5,150,0,825
NIFTY30JAN2011350PE.NFO,07/01/2020,13:29:32,22.5,22.7,150,27.8,225,0,825
NIFTY30JAN2011350PE.NFO,07/01/2020,13:29:33,22.5,22.7,150,27.8,75,0,825
NIFTY30JAN2011350PE.NFO,07/01/2020,13:29:38,22.5,23.5,150,27.8,75,0,825
NIFTY30JAN2011350PE.NFO,07/01/2020,13:29:39,22.5,23.5,150,28,150,0,825
NIFTY30JAN2011350PE.NFO,07/01/2020,13:29:42,22.5,23.5,150,29.8,150,0,825
NIFTY30JAN2011350PE.NFO,07/01/2020,13:29:43,22.5,23.5,150,29.7,75,0,825
NIFTY30JAN2011350PE.NFO,07/01/2020,13:30:16,22.5,24.5,150,29.7,75,0,825
NIFTY30JAN2011350PE.NFO,07/01/2020,13:31:02,22.5,24.5,150,29.8,150,0,825
NIFTY30JAN2011350PE.NFO,07/01/2020,13:31:08,22.5,24.5,150,31.5,150,0,825
NIFTY30JAN2011350PE.NFO,07/01/2020,13:31:09,22.5,24.5,150,29.7,75,0,825
NIFTY30JAN2011350PE.NFO,07/01/2020,13:31:10,22.5,24.5,150,30.7,150,0,825
NIFTY30JAN2011350PE.NFO,07/01/2020,13:31:13,22.5,24.5,150,30.5,75,0,825
NIFTY30JAN2011350PE.NFO,07/01/2020,13:31:18,22.5,25.2,150,30.5,75,0,825
NIFTY30JAN2011350PE.NFO,07/01/2020,13:32:11,22.5,25.2,150,30,150,0,825
NIFTY30JAN2011350PE.NFO,07/01/2020,13:32:23,22.5,25.2,150,30,300,0,825
NIFTY30JAN2011350PE.NFO,07/01/2020,13:32:24,22.5,24.5,150,30,300,0,825
NIFTY30JAN2011350PE.NFO,07/01/2020,13:32:44,22.5,24.5,150,29.9,150,0,825
NIFTY30JAN2011350PE.NFO,07/01/2020,13:32:51,22.5,24.5,150,29.8,150,0,825
NIFTY30JAN2011350PE.NFO,07/01/2020,13:32:55,22.5,23.5,150,29.8,150,0,825
NIFTY30JAN2011350PE.NFO,07/01/2020,13:32:58,22.5,23.6,150,29.8,150,0,825
NIFTY30JAN2011350PE.NFO,07/01/2020,13:33:04,22.5,23.6,150,29.7,150,0,825
NIFTY30JAN2011350PE.NFO,07/01/2020,13:33:37,22.5,23.6,150,29.6,150,0,825
NIFTY30JAN2011350PE.NFO,07/01/2020,13:35:15,22.5,24,75,29.6,150,0,825
NIFTY30JAN2011350PE.NFO,07/01/2020,13:35:20,22.5,24.05,150,29.6,150,0,825
NIFTY30JAN2011350PE.NFO,07/01/2020,13:36:13,22.5,24,75,29.6,150,0,825
NIFTY30JAN2011350PE.NFO,07/01/2020,13:36:23,22.5,24,75,29.5,150,0,825
NIFTY30JAN2011350PE.NFO,07/01/2020,13:36:28,22.5,24,75,29.5,300,0,825
NIFTY30JAN2011350PE.NFO,07/01/2020,13:36:45,22.5,24,75,29.4,150,0,825
NIFTY30JAN2011350PE.NFO,07/01/2020,13:36:55,22.5,24,75,29.4,300,0,825
NIFTY30JAN2011350PE.NFO,07/01/2020,13:36:56,22.5,22.4,150,29.4,300,0,825
NIFTY30JAN2011350PE.NFO,07/01/2020,13:36:58,22.5,23.1,75,29.4,300,0,825
NIFTY30JAN2011350PE.NFO,07/01/2020,13:37:18,22.5,23.1,75,29,150,0,825
NIFTY30JAN2011350PE.NFO,07/01/2020,13:37:23,22.5,23.1,75,28.9,150,0,825
NIFTY30JAN2011350PE.NFO,07/01/2020,13:37:36,22.5,23.1,75,28.8,150,0,825
NIFTY30JAN2011350PE.NFO,07/01/2020,13:37:40,22.5,23.1,75,28.75,150,0,825
NIFTY30JAN2011350PE.NFO,07/01/2020,13:37:46,22.5,22.6,150,28.75,150,0,825
NIFTY30JAN2011350PE.NFO,07/01/2020,13:37:48,22.5,22.7,150,28.75,150,0,825
NIFTY30JAN2011350PE.NFO,07/01/2020,13:38:19,22.5,22.6,150,28.75,150,0,825
NIFTY30JAN2011350PE.NFO,07/01/2020,13:39:22,22.5,22.1,150,28.75,150,0,825
NIFTY30JAN2011350PE.NFO,07/01/2020,13:39:55,22.5,22.5,150,28.75,150,0,825
NIFTY30JAN2011350PE.NFO,07/01/2020,13:41:06,22.5,22.5,150,28.8,150,0,825
NIFTY30JAN2011350PE.NFO,07/01/2020,13:42:09,22.5,22.5,225,28.8,150,0,825
NIFTY30JAN2011350PE.NFO,07/01/2020,13:43:33,22.5,22.5,225,28.75,150,0,825
NIFTY30JAN2011350PE.NFO,07/01/2020,13:43:40,22.5,22.5,225,28.5,150,0,825
NIFTY30JAN2011350PE.NFO,07/01/2020,13:43:44,22.5,22.5,150,28.5,150,0,825
NIFTY30JAN2011350PE.NFO,07/01/2020,13:43:47,22.5,22.5,150,28.4,150,0,825
NIFTY30JAN2011350PE.NFO,07/01/2020,13:44:06,22.5,22.5,150,28.35,150,0,825
NIFTY30JAN2011350PE.NFO,07/01/2020,13:44:13,22.5,22.5,150,28.3,150,0,825
NIFTY30JAN2011350PE.NFO,07/01/2020,13:45:43,22.5,22.5,150,28,150,0,825
NIFTY30JAN2011350PE.NFO,07/01/2020,13:45:45,22.5,22.5,150,27.5,150,0,825
NIFTY30JAN2011350PE.NFO,07/01/2020,13:45:48,22.5,22.1,150,27.5,150,0,825
NIFTY30JAN2011350PE.NFO,07/01/2020,13:45:50,22.5,22.15,75,27.5,150,0,825
NIFTY30JAN2011350PE.NFO,07/01/2020,13:46:00,22.5,22.15,75,27.4,150,0,825
NIFTY30JAN2011350PE.NFO,07/01/2020,13:46:13,22.5,22.2,150,27.4,150,0,825
NIFTY30JAN2011350PE.NFO,07/01/2020,13:46:19,22.5,22.2,150,27,150,0,825
NIFTY30JAN2011350PE.NFO,07/01/2020,13:46:23,22.5,22.2,150,26.95,150,0,825
NIFTY30JAN2011350PE.NFO,07/01/2020,13:46:35,22.5,22.25,75,26.95,150,0,825
NIFTY30JAN2011350PE.NFO,07/01/2020,13:46:36,22.5,22.25,75,26.7,150,0,825
NIFTY30JAN2011350PE.NFO,07/01/2020,13:46:37,22.5,22.2,150,26.7,150,0,825
NIFTY30JAN2011350PE.NFO,07/01/2020,13:46:43,22.5,22.2,150,26.6,150,0,825
NIFTY30JAN2011350PE.NFO,07/01/2020,13:46:53,22.2,20.5,150,26.6,150,150,825
NIFTY30JAN2011350PE.NFO,07/01/2020,13:47:20,22.2,20.5,150,26,150,0,825
NIFTY30JAN2011350PE.NFO,07/01/2020,13:47:41,22.2,20.5,150,25.9,150,0,825
NIFTY30JAN2011350PE.NFO,07/01/2020,13:47:49,22.2,20.6,150,25.9,150,0,825
NIFTY30JAN2011350PE.NFO,07/01/2020,13:47:59,22.2,20.6,150,25.5,150,0,825
NIFTY30JAN2011350PE.NFO,07/01/2020,13:48:08,22.2,20.6,150,25.4,150,0,825
NIFTY30JAN2011350PE.NFO,07/01/2020,13:48:11,22.2,20.6,150,25,150,0,825
NIFTY30JAN2011350PE.NFO,07/01/2020,13:48:16,22.2,20.6,150,24.95,150,0,825
NIFTY30JAN2011350PE.NFO,07/01/2020,13:48:40,22.2,20.5,150,24.95,150,0,825
NIFTY30JAN2011350PE.NFO,07/01/2020,13:49:01,22.2,20.05,150,24.95,150,0,825
NIFTY30JAN2011350PE.NFO,07/01/2020,13:49:04,22.2,19.5,150,24.95,150,0,825
NIFTY30JAN2011350PE.NFO,07/01/2020,13:49:09,22.2,20,75,24.95,150,0,825
NIFTY30JAN2011350PE.NFO,07/01/2020,13:49:17,22.2,20,75,24.9,150,0,825
NIFTY30JAN2011350PE.NFO,07/01/2020,13:49:19,22.2,20,75,24.9,300,0,825
NIFTY30JAN2011350PE.NFO,07/01/2020,13:49:30,22.2,20,75,24.85,150,0,825
NIFTY30JAN2011350PE.NFO,07/01/2020,13:49:38,22.2,20,75,24.7,150,0,825
NIFTY30JAN2011350PE.NFO,07/01/2020,13:49:43,22.2,19.5,150,24.7,150,0,825
NIFTY30JAN2011350PE.NFO,07/01/2020,13:50:14,22.2,20,150,24.7,150,0,825
NIFTY30JAN2011350PE.NFO,07/01/2020,13:50:18,22.2,19.5,150,24.7,150,0,825
NIFTY30JAN2011350PE.NFO,07/01/2020,13:50:19,22.2,19.5,150,24.5,150,0,825
NIFTY30JAN2011350PE.NFO,07/01/2020,13:50:54,22.2,19,150,24.5,150,0,825
NIFTY30JAN2011350PE.NFO,07/01/2020,13:51:43,22.2,18.05,150,24.5,150,0,825
NIFTY30JAN2011350PE.NFO,07/01/2020,13:51:50,22.2,18.5,75,24.5,150,0,825
NIFTY30JAN2011350PE.NFO,07/01/2020,13:52:37,22.2,18.5,75,24.4,150,0,825
NIFTY30JAN2011350PE.NFO,07/01/2020,13:52:39,22.2,18.6,150,24.4,150,0,825
NIFTY30JAN2011350PE.NFO,07/01/2020,13:52:42,22.2,18.6,150,24.3,150,0,825
NIFTY30JAN2011350PE.NFO,07/01/2020,13:53:14,22.2,18.05,150,24.3,150,0,825
NIFTY30JAN2011350PE.NFO,07/01/2020,13:53:15,22.2,18.5,150,24.3,150,0,825
NIFTY30JAN2011350PE.NFO,07/01/2020,13:53:35,22.2,18.5,150,24.4,150,0,825
NIFTY30JAN2011350PE.NFO,07/01/2020,13:54:03,22.2,19,75,24.4,150,0,825
NIFTY30JAN2011350PE.NFO,07/01/2020,13:54:10,22.2,20,75,24.4,150,0,825
NIFTY30JAN2011350PE.NFO,07/01/2020,13:56:10,22.2,20,150,24.4,150,0,825
NIFTY30JAN2011350PE.NFO,07/01/2020,13:56:12,22.2,20,225,24,150,0,825
NIFTY30JAN2011350PE.NFO,07/01/2020,13:56:24,22.2,20,225,24.4,150,0,825
NIFTY30JAN2011350PE.NFO,07/01/2020,13:56:58,22.2,20,225,24.9,150,0,825
NIFTY30JAN2011350PE.NFO,07/01/2020,13:57:00,22.2,20,225,24.8,150,0,825
NIFTY30JAN2011350PE.NFO,07/01/2020,13:57:11,22.2,20,225,24.9,150,0,825
NIFTY30JAN2011350PE.NFO,07/01/2020,14:00:05,22.2,20,225,25.5,150,0,825
NIFTY30JAN2011350PE.NFO,07/01/2020,14:00:13,22.2,20,225,26.7,150,0,825
NIFTY30JAN2011350PE.NFO,07/01/2020,14:00:25,22.2,20,225,26.5,75,0,825
NIFTY30JAN2011350PE.NFO,07/01/2020,14:00:29,22.2,20,225,26.45,150,0,825
NIFTY30JAN2011350PE.NFO,07/01/2020,14:00:38,22.2,20,225,26.4,150,0,825
NIFTY30JAN2011350PE.NFO,07/01/2020,14:00:41,22.2,20,225,26.45,150,0,825
NIFTY30JAN2011350PE.NFO,07/01/2020,14:00:42,22.2,20,225,26.35,150,0,825
NIFTY30JAN2011350PE.NFO,07/01/2020,14:01:19,22.2,20,225,26,150,0,825
NIFTY30JAN2011350PE.NFO,07/01/2020,14:01:27,22.2,20,225,25.9,150,0,825
NIFTY30JAN2011350PE.NFO,07/01/2020,14:01:58,22.2,20,225,25.8,150,0,825
NIFTY30JAN2011350PE.NFO,07/01/2020,14:02:20,22.2,20,225,25.75,150,0,825
NIFTY30JAN2011350PE.NFO,07/01/2020,14:03:02,20,20,150,25.75,150,75,825
NIFTY30JAN2011350PE.NFO,07/01/2020,14:03:06,20,20.1,75,25.75,150,0,825
NIFTY30JAN2011350PE.NFO,07/01/2020,14:03:10,20,20.5,150,25.75,150,0,825
NIFTY30JAN2011350PE.NFO,07/01/2020,14:03:55,20,20,150,25.75,150,0,825
NIFTY30JAN2011350PE.NFO,07/01/2020,14:04:07,20,20,150,25.5,150,0,825
NIFTY30JAN2011350PE.NFO,07/01/2020,14:04:17,20,20,150,25.4,150,0,825
NIFTY30JAN2011350PE.NFO,07/01/2020,14:04:25,20,20,150,25,150,0,825
NIFTY30JAN2011350PE.NFO,07/01/2020,14:05:21,20,20,225,25,150,0,825
NIFTY30JAN2011350PE.NFO,07/01/2020,14:05:31,20,20.05,75,25,150,0,825
NIFTY30JAN2011350PE.NFO,07/01/2020,14:05:36,20,20.4,150,25,150,0,825
NIFTY30JAN2011350PE.NFO,07/01/2020,14:05:37,25,20.4,150,25,75,75,825
NIFTY30JAN2011350PE.NFO,07/01/2020,14:05:38,25,20.4,150,25,75,0,750
NIFTY30JAN2011350PE.NFO,07/01/2020,14:05:40,25,20.5,150,25,75,0,750
NIFTY30JAN2011350PE.NFO,07/01/2020,14:05:41,25,20.5,150,24.9,75,0,750
NIFTY30JAN2011350PE.NFO,07/01/2020,14:05:44,25,20.5,150,24.9,150,0,750
NIFTY30JAN2011350PE.NFO,07/01/2020,14:06:19,25,20.4,150,24.9,150,0,750
NIFTY30JAN2011350PE.NFO,07/01/2020,14:06:50,24.9,20.4,150,24.9,75,75,825
NIFTY30JAN2011350PE.NFO,07/01/2020,14:06:53,24.9,20.4,150,24.8,75,0,825
NIFTY30JAN2011350PE.NFO,07/01/2020,14:06:57,24.9,21,75,24.8,75,0,825
NIFTY30JAN2011350PE.NFO,07/01/2020,14:06:59,24.9,21.1,75,24.8,75,0,825
NIFTY30JAN2011350PE.NFO,07/01/2020,14:07:05,24.9,21,75,24.8,75,0,825
NIFTY30JAN2011350PE.NFO,07/01/2020,14:07:06,24.9,21.1,75,24.8,75,0,825
NIFTY30JAN2011350PE.NFO,07/01/2020,14:07:23,24.9,21.1,75,24.9,150,0,825
NIFTY30JAN2011350PE.NFO,07/01/2020,14:08:20,24.9,21.1,75,24.9,375,0,825
NIFTY30JAN2011350PE.NFO,07/01/2020,14:08:54,24.9,21.1,150,24.9,375,0,825
NIFTY30JAN2011350PE.NFO,07/01/2020,14:09:04,24.9,21.1,150,24.9,150,0,825
NIFTY30JAN2011350PE.NFO,07/01/2020,14:09:21,24.9,21.1,150,24.9,75,75,900
NIFTY30JAN2011350PE.NFO,07/01/2020,14:09:27,24.9,21.1,150,25.8,150,0,900
NIFTY30JAN2011350PE.NFO,07/01/2020,14:09:35,24.9,21.1,150,25.7,150,0,900
NIFTY30JAN2011350PE.NFO,07/01/2020,14:09:36,24.9,22,150,25.7,150,0,900
NIFTY30JAN2011350PE.NFO,07/01/2020,14:09:44,24.9,22.1,75,25.7,150,0,900
NIFTY30JAN2011350PE.NFO,07/01/2020,14:09:46,24.9,22.2,150,25.7,150,0,900
NIFTY30JAN2011350PE.NFO,07/01/2020,14:11:37,24.9,22.2,150,24.9,150,0,900
NIFTY30JAN2011350PE.NFO,07/01/2020,14:12:29,24.9,21.8,150,24.9,150,0,900
NIFTY30JAN2011350PE.NFO,07/01/2020,14:13:57,21.8,21.6,150,24.9,150,150,975
NIFTY30JAN2011350PE.NFO,07/01/2020,14:14:02,21.8,21.65,75,24.9,150,0,975
NIFTY30JAN2011350PE.NFO,07/01/2020,14:14:06,21.8,20.6,225,24.9,150,0,975
NIFTY30JAN2011350PE.NFO,07/01/2020,14:14:10,21.8,20.7,75,24.9,150,0,975
NIFTY30JAN2011350PE.NFO,07/01/2020,14:14:14,21.8,20.7,75,24.8,75,0,975
NIFTY30JAN2011350PE.NFO,07/01/2020,14:14:30,21.8,20.7,75,21.8,150,0,975
NIFTY30JAN2011350PE.NFO,07/01/2020,14:14:41,21.8,20.6,225,21.8,150,0,975
NIFTY30JAN2011350PE.NFO,07/01/2020,14:14:43,21.8,19.05,75,21.8,150,0,975
NIFTY30JAN2011350PE.NFO,07/01/2020,14:14:44,21.8,20,150,21.8,150,0,975
NIFTY30JAN2011350PE.NFO,07/01/2020,14:14:46,21.8,20,150,21.8,75,75,975
NIFTY30JAN2011350PE.NFO,07/01/2020,14:14:47,21.8,20.1,75,21.8,75,0,975
NIFTY30JAN2011350PE.NFO,07/01/2020,14:14:48,21.8,20.1,75,24.75,75,75,975
NIFTY30JAN2011350PE.NFO,07/01/2020,14:14:49,21.8,20.5,75,24.75,75,0,975
NIFTY30JAN2011350PE.NFO,07/01/2020,14:14:56,21.8,20.5,75,24.5,75,0,975
NIFTY30JAN2011350PE.NFO,07/01/2020,14:15:04,21.8,20.5,75,24.4,150,0,975
NIFTY30JAN2011350PE.NFO,07/01/2020,14:15:12,21.8,20.05,75,24.4,150,0,975
NIFTY30JAN2011350PE.NFO,07/01/2020,14:16:13,21.8,20.05,75,22.7,225,0,975
NIFTY30JAN2011350PE.NFO,07/01/2020,14:16:22,21.8,19.05,75,22.7,225,0,975
NIFTY30JAN2011350PE.NFO,07/01/2020,14:16:23,21.8,19.5,75,22.7,225,0,975
NIFTY30JAN2011350PE.NFO,07/01/2020,14:16:32,21.8,19.5,75,24.4,150,0,975
NIFTY30JAN2011350PE.NFO,07/01/2020,14:16:40,21.8,19.5,75,24,150,0,975
NIFTY30JAN2011350PE.NFO,07/01/2020,14:16:41,21.8,19.6,150,24,150,0,975
NIFTY30JAN2011350PE.NFO,07/01/2020,14:16:42,21.8,19.6,150,23.9,150,0,975
NIFTY30JAN2011350PE.NFO,07/01/2020,14:16:46,21.8,20,75,23.9,150,0,975
NIFTY30JAN2011350PE.NFO,07/01/2020,14:18:48,21.8,20,75,24.7,150,0,975
NIFTY30JAN2011350PE.NFO,07/01/2020,14:24:22,21.8,20,150,24.7,150,0,975
NIFTY30JAN2011350PE.NFO,07/01/2020,14:24:36,21.8,20,75,24.7,150,0,975
NIFTY30JAN2011350PE.NFO,07/01/2020,14:26:00,21.8,20,150,24.7,150,0,975
NIFTY30JAN2011350PE.NFO,07/01/2020,14:26:44,21.8,20.1,75,24.7,150,0,975
NIFTY30JAN2011350PE.NFO,07/01/2020,14:27:14,21.8,20,75,24.7,150,0,975
NIFTY30JAN2011350PE.NFO,07/01/2020,14:27:45,21.8,20.1,75,24.7,150,0,975
NIFTY30JAN2011350PE.NFO,07/01/2020,14:27:53,21.8,20.2,75,24.7,150,0,975
NIFTY30JAN2011350PE.NFO,07/01/2020,14:29:32,21.8,19.6,150,24.7,150,0,975
NIFTY30JAN2011350PE.NFO,07/01/2020,14:29:34,21.8,20,75,24.7,150,0,975
NIFTY30JAN2011350PE.NFO,07/01/2020,14:29:44,21.8,20,75,24.6,150,0,975
NIFTY30JAN2011350PE.NFO,07/01/2020,14:30:00,21.8,20,75,24.4,150,0,975
NIFTY30JAN2011350PE.NFO,07/01/2020,14:31:13,21.8,19.6,150,24.4,150,0,975
NIFTY30JAN2011350PE.NFO,07/01/2020,14:31:21,21.8,19.6,150,24,150,0,975
NIFTY30JAN2011350PE.NFO,07/01/2020,14:31:29,21.8,19.6,150,23.5,150,0,975
NIFTY30JAN2011350PE.NFO,07/01/2020,14:31:49,21.8,19.5,75,23.5,150,0,975
NIFTY30JAN2011350PE.NFO,07/01/2020,14:32:45,21.8,19.5,75,21.8,75,0,975
NIFTY30JAN2011350PE.NFO,07/01/2020,14:33:10,21.8,19.55,75,21.8,75,0,975
NIFTY30JAN2011350PE.NFO,07/01/2020,14:34:29,21.8,19.55,75,21.7,75,0,975
NIFTY30JAN2011350PE.NFO,07/01/2020,14:35:43,21.8,19.5,75,21.7,75,0,975
NIFTY30JAN2011350PE.NFO,07/01/2020,14:39:56,21.8,19.5,225,21.7,75,0,975
NIFTY30JAN2011350PE.NFO,07/01/2020,14:41:45,21.8,20,225,21.7,75,0,975
NIFTY30JAN2011350PE.NFO,07/01/2020,14:41:49,20,20,150,23.85,75,75,750
NIFTY30JAN2011350PE.NFO,07/01/2020,14:41:56,20,20.1,75,23.85,75,0,750
NIFTY30JAN2011350PE.NFO,07/01/2020,14:42:01,20,20.15,75,23.85,75,0,750
NIFTY30JAN2011350PE.NFO,07/01/2020,14:42:06,20,20.15,75,23.8,150,0,750
NIFTY30JAN2011350PE.NFO,07/01/2020,14:45:10,20,20.15,75,24,150,0,750
NIFTY30JAN2011350PE.NFO,07/01/2020,14:46:01,20,20.15,75,24.9,150,0,750
NIFTY30JAN2011350PE.NFO,07/01/2020,14:46:03,20,20.15,75,25,225,0,750
NIFTY30JAN2011350PE.NFO,07/01/2020,14:46:11,20,20.15,75,24.9,150,0,750
NIFTY30JAN2011350PE.NFO,07/01/2020,14:50:15,20.15,19.6,150,24.85,75,225,675
NIFTY30JAN2011350PE.NFO,07/01/2020,14:50:19,20.15,20,75,24.85,75,0,675
NIFTY30JAN2011350PE.NFO,07/01/2020,14:50:20,20.15,20,150,24.85,75,0,675
NIFTY30JAN2011350PE.NFO,07/01/2020,14:50:22,20.15,20,150,24.7,150,0,675
NIFTY30JAN2011350PE.NFO,07/01/2020,14:50:26,20.15,20.05,600,24.7,150,0,675
NIFTY30JAN2011350PE.NFO,07/01/2020,14:50:28,20.15,20.1,75,24.7,150,0,675
NIFTY30JAN2011350PE.NFO,07/01/2020,14:50:30,20.15,20.1,225,24.7,150,0,675
NIFTY30JAN2011350PE.NFO,07/01/2020,14:50:32,20.15,20.2,150,24.7,150,0,675
NIFTY30JAN2011350PE.NFO,07/01/2020,14:50:35,20.15,20.25,600,24.7,150,0,675
NIFTY30JAN2011350PE.NFO,07/01/2020,14:50:42,20.15,20.3,75,24.7,150,0,675
NIFTY30JAN2011350PE.NFO,07/01/2020,14:50:45,20.15,20.4,150,24.7,150,0,675
NIFTY30JAN2011350PE.NFO,07/01/2020,14:50:49,20.15,20.5,75,24.7,150,0,675
NIFTY30JAN2011350PE.NFO,07/01/2020,14:51:04,20.15,20.4,150,24.7,150,0,675
NIFTY30JAN2011350PE.NFO,07/01/2020,14:52:00,20.15,20.5,225,24.7,150,0,675
NIFTY30JAN2011350PE.NFO,07/01/2020,14:52:09,20.15,20.6,150,24.7,150,0,675
NIFTY30JAN2011350PE.NFO,07/01/2020,14:53:08,20.15,20.2,150,24.7,150,0,675
NIFTY30JAN2011350PE.NFO,07/01/2020,14:53:50,20.15,20.1,75,24.7,150,0,675
NIFTY30JAN2011350PE.NFO,07/01/2020,14:54:23,20.15,19.6,150,24.7,150,0,675
NIFTY30JAN2011350PE.NFO,07/01/2020,14:57:42,20.15,20,225,24.7,150,0,675
NIFTY30JAN2011350PE.NFO,07/01/2020,14:58:01,20.15,20.1,150,24.7,150,0,675
NIFTY30JAN2011350PE.NFO,07/01/2020,15:00:23,20.15,19,150,24.7,150,0,675
NIFTY30JAN2011350PE.NFO,07/01/2020,15:00:26,20.15,19.1,150,24.7,150,0,675
NIFTY30JAN2011350PE.NFO,07/01/2020,15:00:29,20.15,19.2,75,24.7,150,0,675
NIFTY30JAN2011350PE.NFO,07/01/2020,15:00:38,20.15,19.1,150,24.7,150,0,675
NIFTY30JAN2011350PE.NFO,07/01/2020,15:01:31,20.15,19.25,225,24.7,150,0,675
NIFTY30JAN2011350PE.NFO,07/01/2020,15:01:57,20.15,19.3,75,24.7,150,0,675
NIFTY30JAN2011350PE.NFO,07/01/2020,15:03:11,20.15,19.3,75,24.5,150,0,675
NIFTY30JAN2011350PE.NFO,07/01/2020,15:03:16,20.15,19.3,75,24.4,150,0,675
NIFTY30JAN2011350PE.NFO,07/01/2020,15:03:44,20.15,19.5,225,24.4,150,0,675
NIFTY30JAN2011350PE.NFO,07/01/2020,15:03:58,20.15,19.6,75,24.4,150,0,675
NIFTY30JAN2011350PE.NFO,07/01/2020,15:04:07,20.15,20,225,24.4,150,0,675
NIFTY30JAN2011350PE.NFO,07/01/2020,15:05:34,20.15,20,225,24,150,0,675
NIFTY30JAN2011350PE.NFO,07/01/2020,15:05:37,20.15,20,225,23.9,150,0,675
NIFTY30JAN2011350PE.NFO,07/01/2020,15:05:51,20.15,19.5,225,23.9,150,0,675
NIFTY30JAN2011350PE.NFO,07/01/2020,15:05:57,20.15,19.6,75,23.9,150,0,675
NIFTY30JAN2011350PE.NFO,07/01/2020,15:06:04,20.15,19.7,225,23.9,150,0,675
NIFTY30JAN2011350PE.NFO,07/01/2020,15:07:14,20.15,19.15,225,23.9,150,0,675
NIFTY30JAN2011350PE.NFO,07/01/2020,15:07:58,20.15,19.15,225,23.85,150,0,675
NIFTY30JAN2011350PE.NFO,07/01/2020,15:08:04,20.15,19.15,225,23.8,150,0,675
NIFTY30JAN2011350PE.NFO,07/01/2020,15:08:11,20.15,19.15,225,23.5,150,0,675
NIFTY30JAN2011350PE.NFO,07/01/2020,15:08:33,20.15,19,150,23.5,150,0,675
NIFTY30JAN2011350PE.NFO,07/01/2020,15:09:32,20.15,19,150,23.45,150,0,675
NIFTY30JAN2011350PE.NFO,07/01/2020,15:09:43,20.15,19,150,23.4,225,0,675
NIFTY30JAN2011350PE.NFO,07/01/2020,15:10:43,20.15,18.35,225,23.4,225,0,675
NIFTY30JAN2011350PE.NFO,07/01/2020,15:11:28,20.15,18.35,225,23,75,0,675
NIFTY30JAN2011350PE.NFO,07/01/2020,15:11:50,20.15,18.35,225,23.4,225,0,675
NIFTY30JAN2011350PE.NFO,07/01/2020,15:12:00,20.15,18.35,225,23.25,150,0,675
NIFTY30JAN2011350PE.NFO,07/01/2020,15:12:02,20.15,18.5,225,23.25,150,0,675
NIFTY30JAN2011350PE.NFO,07/01/2020,15:12:26,20.15,18.5,225,23,150,0,675
NIFTY30JAN2011350PE.NFO,07/01/2020,15:12:31,20.15,18.5,225,22.7,150,0,675
NIFTY30JAN2011350PE.NFO,07/01/2020,15:12:38,20.15,18.5,225,22.5,150,0,675
NIFTY30JAN2011350PE.NFO,07/01/2020,15:12:50,20.15,18.5,225,22.7,150,0,675
NIFTY30JAN2011350PE.NFO,07/01/2020,15:13:10,20.15,18.5,150,22.7,150,0,675
NIFTY30JAN2011350PE.NFO,07/01/2020,15:13:17,20.15,19.5,75,22.7,150,0,675
NIFTY30JAN2011350PE.NFO,07/01/2020,15:13:54,20.15,19.5,75,22.5,1500,0,675
NIFTY30JAN2011350PE.NFO,07/01/2020,15:14:28,20.15,19.5,75,22.45,150,0,675
NIFTY30JAN2011350PE.NFO,07/01/2020,15:14:54,19.5,18.5,150,22.45,150,75,600
NIFTY30JAN2011350PE.NFO,07/01/2020,15:15:37,19.5,18.5,150,22.45,150,0,600
NIFTY30JAN2011350PE.NFO,07/01/2020,15:15:43,19.5,18.5,150,22,150,0,600
NIFTY30JAN2011350PE.NFO,07/01/2020,15:15:45,19.5,18.5,150,21.9,150,0,600
NIFTY30JAN2011350PE.NFO,07/01/2020,15:15:48,19.5,18.5,150,21.7,150,0,600
NIFTY30JAN2011350PE.NFO,07/01/2020,15:15:52,19.5,18.5,75,21.6,150,0,600
NIFTY30JAN2011350PE.NFO,07/01/2020,15:15:59,19.5,17.5,75,21.6,150,0,600
NIFTY30JAN2011350PE.NFO,07/01/2020,15:16:36,19.5,17.6,150,21.6,150,0,600
NIFTY30JAN2011350PE.NFO,07/01/2020,15:16:41,19.5,17.6,150,21.5,150,0,600
NIFTY30JAN2011350PE.NFO,07/01/2020,15:16:59,21.5,17.6,150,21.5,75,75,600
NIFTY30JAN2011350PE.NFO,07/01/2020,15:17:03,21.5,18,75,21.5,75,0,600
NIFTY30JAN2011350PE.NFO,07/01/2020,15:17:08,21.5,18,75,21.5,150,0,600
NIFTY30JAN2011350PE.NFO,07/01/2020,15:17:26,21.5,18,75,21.6,150,0,600
NIFTY30JAN2011350PE.NFO,07/01/2020,15:17:48,21.6,18,75,21.6,75,75,600
NIFTY30JAN2011350PE.NFO,07/01/2020,15:17:56,21.6,18.05,75,21.6,75,0,600
NIFTY30JAN2011350PE.NFO,07/01/2020,15:17:58,21.6,18.1,75,21.6,75,0,600
NIFTY30JAN2011350PE.NFO,07/01/2020,15:17:59,21.6,18.1,75,21.5,75,0,600
NIFTY30JAN2011350PE.NFO,07/01/2020,15:18:02,21.6,18.1,75,21.4,75,0,600
NIFTY30JAN2011350PE.NFO,07/01/2020,15:18:03,21.6,18.5,75,21.4,75,0,600
NIFTY30JAN2011350PE.NFO,07/01/2020,15:18:06,21.6,19,75,21.4,75,0,600
NIFTY30JAN2011350PE.NFO,07/01/2020,15:18:09,21.6,19.1,75,21.4,75,0,600
NIFTY30JAN2011350PE.NFO,07/01/2020,15:18:13,21.6,19.25,75,21.4,75,0,600
NIFTY30JAN2011350PE.NFO,07/01/2020,15:18:16,21.6,19.35,75,21.4,75,0,600
NIFTY30JAN2011350PE.NFO,07/01/2020,15:18:17,21.6,19.5,75,21.4,75,0,600
NIFTY30JAN2011350PE.NFO,07/01/2020,15:18:21,21.6,19.5,75,21.9,75,0,600
NIFTY30JAN2011350PE.NFO,07/01/2020,15:18:24,21.6,20,75,21.9,75,0,600
NIFTY30JAN2011350PE.NFO,07/01/2020,15:18:25,21.6,20,75,21.8,150,0,600
NIFTY30JAN2011350PE.NFO,07/01/2020,15:18:28,21.6,20,75,21.7,75,0,600
NIFTY30JAN2011350PE.NFO,07/01/2020,15:18:38,21.6,19.55,75,21.7,75,0,600
NIFTY30JAN2011350PE.NFO,07/01/2020,15:18:39,21.6,19.15,75,21.7,75,0,600
NIFTY30JAN2011350PE.NFO,07/01/2020,15:18:49,21.6,19.2,75,21.7,75,0,600
NIFTY30JAN2011350PE.NFO,07/01/2020,15:18:51,21.6,19.2,75,21.65,150,0,600
NIFTY30JAN2011350PE.NFO,07/01/2020,15:18:53,21.6,19.5,75,21.65,150,0,600
NIFTY30JAN2011350PE.NFO,07/01/2020,15:18:54,21.6,19.5,75,21,75,0,600
NIFTY30JAN2011350PE.NFO,07/01/2020,15:19:13,21.6,19.2,75,21,75,0,600
NIFTY30JAN2011350PE.NFO,07/01/2020,15:19:25,21.6,19.2,75,21,150,0,600
NIFTY30JAN2011350PE.NFO,07/01/2020,15:19:29,19.5,19.15,75,21,150,75,750
NIFTY30JAN2011350PE.NFO,07/01/2020,15:19:33,19.5,17.65,75,19.5,75,0,750
NIFTY30JAN2011350PE.NFO,07/01/2020,15:19:36,19.5,18.05,75,19.5,75,0,750
NIFTY30JAN2011350PE.NFO,07/01/2020,15:19:37,19.5,17.65,75,19.5,75,0,750
NIFTY30JAN2011350PE.NFO,07/01/2020,15:19:38,19.5,18.1,75,19.5,75,0,750
NIFTY30JAN2011350PE.NFO,07/01/2020,15:19:44,19.5,18.1,75,19,75,0,750
NIFTY30JAN2011350PE.NFO,07/01/2020,15:19:48,19.5,18.1,75,20.9,75,0,750
NIFTY30JAN2011350PE.NFO,07/01/2020,15:19:56,19.5,17.7,75,20.9,75,0,750
NIFTY30JAN2011350PE.NFO,07/01/2020,15:20:00,19.5,17.7,150,20.8,225,0,750
NIFTY30JAN2011350PE.NFO,07/01/2020,15:20:02,19.5,17.7,75,20.8,150,0,750
NIFTY30JAN2011350PE.NFO,07/01/2020,15:20:04,19.5,18,75,20.75,75,0,750
NIFTY30JAN2011350PE.NFO,07/01/2020,15:20:07,19.5,18,75,20.7,150,0,750
NIFTY30JAN2011350PE.NFO,07/01/2020,15:20:12,19.5,18.2,75,20.7,150,0,750
NIFTY30JAN2011350PE.NFO,07/01/2020,15:20:14,19.5,18.2,75,20,75,0,750
NIFTY30JAN2011350PE.NFO,07/01/2020,15:20:23,19.5,18.3,75,20,75,0,750
NIFTY30JAN2011350PE.NFO,07/01/2020,15:20:24,19.5,18.3,75,19.5,75,0,750
NIFTY30JAN2011350PE.NFO,07/01/2020,15:20:27,19.5,18.4,75,19.5,75,0,750
NIFTY30JAN2011350PE.NFO,07/01/2020,15:20:34,19.5,18.5,75,19.5,75,0,750
NIFTY30JAN2011350PE.NFO,07/01/2020,15:20:39,19.5,18.55,75,19.5,75,0,750
NIFTY30JAN2011350PE.NFO,07/01/2020,15:20:50,19.5,18.55,75,20.6,75,0,750
NIFTY30JAN2011350PE.NFO,07/01/2020,15:20:55,19.5,18.6,75,20.6,75,0,750
NIFTY30JAN2011350PE.NFO,07/01/2020,15:20:57,19.5,18.65,75,20.6,75,0,750
NIFTY30JAN2011350PE.NFO,07/01/2020,15:20:59,19.5,18.65,75,20.5,150,0,750
NIFTY30JAN2011350PE.NFO,07/01/2020,15:21:02,19.5,18.65,75,20,75,0,750
NIFTY30JAN2011350PE.NFO,07/01/2020,15:21:04,19.5,18.65,75,19.5,75,0,750
NIFTY30JAN2011350PE.NFO,07/01/2020,15:21:10,19.5,19,75,19.5,75,0,750
NIFTY30JAN2011350PE.NFO,07/01/2020,15:21:20,19.5,18.65,75,19.5,75,0,750
NIFTY30JAN2011350PE.NFO,07/01/2020,15:21:23,19.5,18.7,75,19.5,75,0,750
NIFTY30JAN2011350PE.NFO,07/01/2020,15:21:30,19.5,18.7,75,20.45,75,0,750
NIFTY30JAN2011350PE.NFO,07/01/2020,15:21:31,19.5,18.8,75,20.45,75,0,750
NIFTY30JAN2011350PE.NFO,07/01/2020,15:21:32,19.5,18.8,75,20.4,75,0,750
NIFTY30JAN2011350PE.NFO,07/01/2020,15:21:35,19.5,18.85,75,20.25,75,0,750
NIFTY30JAN2011350PE.NFO,07/01/2020,15:21:38,19.5,18.85,75,20,75,0,750
NIFTY30JAN2011350PE.NFO,07/01/2020,15:21:53,19.5,18.85,75,19,75,0,750
NIFTY30JAN2011350PE.NFO,07/01/2020,15:21:56,19,18.85,75,20.25,75,75,750
NIFTY30JAN2011350PE.NFO,07/01/2020,15:21:57,19,17,150,20.25,75,0,750
NIFTY30JAN2011350PE.NFO,07/01/2020,15:21:59,19,17,150,20,75,0,750
NIFTY30JAN2011350PE.NFO,07/01/2020,15:22:02,19,17.1,75,20,75,0,750
NIFTY30JAN2011350PE.NFO,07/01/2020,15:22:04,19,17.1,75,20.25,75,0,750
NIFTY30JAN2011350PE.NFO,07/01/2020,15:22:05,19,17.1,75,21.6,75,0,750
NIFTY30JAN2011350PE.NFO,07/01/2020,15:22:10,19,17.5,150,21.6,75,0,750
NIFTY30JAN2011350PE.NFO,07/01/2020,15:22:13,19,17.55,75,21.6,75,0,750
NIFTY30JAN2011350PE.NFO,07/01/2020,15:23:36,19,17.55,75,21.5,75,0,750
NIFTY30JAN2011350PE.NFO,07/01/2020,15:23:45,19,17.5,150,21.5,75,0,750
NIFTY30JAN2011350PE.NFO,07/01/2020,15:25:24,19,16.65,150,21.5,75,0,750
NIFTY30JAN2011350PE.NFO,07/01/2020,15:25:35,19,17.1,75,21.5,75,0,750
NIFTY30JAN2011350PE.NFO,07/01/2020,15:25:57,19,17,75,21.5,75,0,750
NIFTY30JAN2011350PE.NFO,07/01/2020,15:26:44,19,16.65,150,21.5,75,0,750
NIFTY30JAN2011350PE.NFO,07/01/2020,15:26:49,19,16.75,75,21.5,75,0,750
NIFTY30JAN2011350PE.NFO,07/01/2020,15:28:54,19,16.55,150,21.5,75,0,750
NIFTY30JAN2011350PE.NFO,07/01/2020,15:29:03,19,16.6,75,21.5,75,0,750
NIFTY30JAN2011350PE.NFO,07/01/2020,15:29:46,19,14.05,75,21.5,75,0,750
