Ticker,Date,Time,LTP,BuyPrice,BuyQty,SellPrice,SellQty,LTQ,OpenInterest
NIFTY26MAR2012000CE.NFO,07/01/2020,09:15:10,424.8,416.35,150,433.65,150,75,133575
NIFTY26MAR2012000CE.NFO,07/01/2020,09:15:10,424.8,416.35,150,433.65,150,0,133575
NIFTY26MAR2012000CE.NFO,07/01/2020,09:15:10,424.8,416.35,150,433.65,150,0,133575
NIFTY26MAR2012000CE.NFO,07/01/2020,09:15:10,424.8,416.35,150,433.65,150,0,133575
NIFTY26MAR2012000CE.NFO,07/01/2020,09:15:11,428.1,417.3,225,433,75,75,133575
NIFTY26MAR2012000CE.NFO,07/01/2020,09:15:11,428.1,417.3,225,433,75,0,133575
NIFTY26MAR2012000CE.NFO,07/01/2020,09:15:12,428.1,418.35,225,432.5,150,0,133575
NIFTY26MAR2012000CE.NFO,07/01/2020,09:15:13,428.1,419.85,225,432.1,150,0,133575
NIFTY26MAR2012000CE.NFO,07/01/2020,09:15:13,428.1,419.65,225,432.1,150,0,133575
NIFTY26MAR2012000CE.NFO,07/01/2020,09:15:14,428.1,420.7,225,430.7,150,0,133575
NIFTY26MAR2012000CE.NFO,07/01/2020,09:15:16,428.1,421.7,75,431.5,150,0,133575
NIFTY26MAR2012000CE.NFO,07/01/2020,09:15:17,428.1,422.25,75,430.9,75,0,133575
NIFTY26MAR2012000CE.NFO,07/01/2020,09:15:18,428.1,423.6,150,430.7,75,0,133575
NIFTY26MAR2012000CE.NFO,07/01/2020,09:15:19,428.1,424,225,439.9,150,0,133575
NIFTY26MAR2012000CE.NFO,07/01/2020,09:15:19,428.1,424,225,439.9,225,0,133575
NIFTY26MAR2012000CE.NFO,07/01/2020,09:15:20,428.1,424.45,225,439.3,225,0,133575
NIFTY26MAR2012000CE.NFO,07/01/2020,09:15:21,428.1,424.85,150,438.75,375,0,133575
NIFTY26MAR2012000CE.NFO,07/01/2020,09:15:23,428.1,424.75,225,433.05,75,0,133575
NIFTY26MAR2012000CE.NFO,07/01/2020,09:15:24,428.1,425.45,150,432.9,225,0,133575
NIFTY26MAR2012000CE.NFO,07/01/2020,09:15:25,428.1,425.7,150,432.8,225,0,133575
NIFTY26MAR2012000CE.NFO,07/01/2020,09:15:27,428.1,424.7,150,432.5,225,0,133575
NIFTY26MAR2012000CE.NFO,07/01/2020,09:15:28,428.1,423.5,75,432.3,300,0,133575
NIFTY26MAR2012000CE.NFO,07/01/2020,09:15:30,428.1,423.85,75,431.95,75,0,133575
NIFTY26MAR2012000CE.NFO,07/01/2020,09:15:31,428.1,423.35,225,431.55,150,0,133575
NIFTY26MAR2012000CE.NFO,07/01/2020,09:15:32,428.1,423.8,150,431.35,525,0,133575
NIFTY26MAR2012000CE.NFO,07/01/2020,09:15:33,428.1,422.4,75,430.5,300,0,133575
NIFTY26MAR2012000CE.NFO,07/01/2020,09:15:34,428.1,422.15,225,430.2,300,0,133575
NIFTY26MAR2012000CE.NFO,07/01/2020,09:15:34,428.1,422.35,225,430.2,300,0,133575
NIFTY26MAR2012000CE.NFO,07/01/2020,09:15:35,428.1,423,75,429.8,225,0,133575
NIFTY26MAR2012000CE.NFO,07/01/2020,09:15:36,428.1,423.35,150,429.7,150,0,133575
NIFTY26MAR2012000CE.NFO,07/01/2020,09:15:38,428.1,423.65,150,428,75,0,133575
NIFTY26MAR2012000CE.NFO,07/01/2020,09:15:39,428.1,423.95,150,429.1,150,0,133575
NIFTY26MAR2012000CE.NFO,07/01/2020,09:15:40,428.1,422.2,225,428.9,75,0,133575
NIFTY26MAR2012000CE.NFO,07/01/2020,09:15:41,428.1,423.15,225,428.6,75,0,133575
NIFTY26MAR2012000CE.NFO,07/01/2020,09:15:42,428.1,423.7,75,428.4,75,0,133575
NIFTY26MAR2012000CE.NFO,07/01/2020,09:15:42,428.1,423.85,225,428.4,75,0,133575
NIFTY26MAR2012000CE.NFO,07/01/2020,09:15:43,428.1,424.35,150,428.2,75,0,133575
NIFTY26MAR2012000CE.NFO,07/01/2020,09:15:45,428.1,424.65,75,428,75,0,133575
NIFTY26MAR2012000CE.NFO,07/01/2020,09:15:46,428.1,424.65,75,433.95,225,0,133575
NIFTY26MAR2012000CE.NFO,07/01/2020,09:15:47,428.1,424.8,75,428,75,0,133575
NIFTY26MAR2012000CE.NFO,07/01/2020,09:15:48,428.1,424.75,150,428,75,0,133575
NIFTY26MAR2012000CE.NFO,07/01/2020,09:15:49,428.1,424.9,150,427.9,75,0,133575
NIFTY26MAR2012000CE.NFO,07/01/2020,09:15:50,428.1,424.9,150,428,75,0,133575
NIFTY26MAR2012000CE.NFO,07/01/2020,09:15:51,428.1,424.85,150,428,75,0,133575
NIFTY26MAR2012000CE.NFO,07/01/2020,09:15:52,428.1,424.85,150,427.9,75,0,133575
NIFTY26MAR2012000CE.NFO,07/01/2020,09:15:53,428.1,424.85,150,428,75,0,133575
NIFTY26MAR2012000CE.NFO,07/01/2020,09:15:54,428.1,425.1,75,427.9,75,0,133575
NIFTY26MAR2012000CE.NFO,07/01/2020,09:15:55,428.1,425.05,75,427.85,150,0,133575
NIFTY26MAR2012000CE.NFO,07/01/2020,09:15:56,428.1,424.95,150,427.85,150,0,133575
NIFTY26MAR2012000CE.NFO,07/01/2020,09:15:58,428.1,425.15,150,427.85,150,0,133575
NIFTY26MAR2012000CE.NFO,07/01/2020,09:16:01,428.1,423.85,75,427.85,150,0,133575
NIFTY26MAR2012000CE.NFO,07/01/2020,09:16:02,428.1,423.75,75,427.85,150,0,133575
NIFTY26MAR2012000CE.NFO,07/01/2020,09:16:03,428.1,424,75,427.85,150,0,133575
NIFTY26MAR2012000CE.NFO,07/01/2020,09:16:05,428.1,424.1,75,427.85,150,0,133575
NIFTY26MAR2012000CE.NFO,07/01/2020,09:16:07,428.1,424.45,75,427.85,150,0,133575
NIFTY26MAR2012000CE.NFO,07/01/2020,09:16:08,428.1,424.5,150,427.85,150,0,133575
NIFTY26MAR2012000CE.NFO,07/01/2020,09:16:09,428.1,424.5,150,427.85,225,0,133575
NIFTY26MAR2012000CE.NFO,07/01/2020,09:16:12,428.1,424.5,150,427.8,150,0,133575
NIFTY26MAR2012000CE.NFO,07/01/2020,09:16:13,427.8,424.15,75,427.85,225,75,133575
NIFTY26MAR2012000CE.NFO,07/01/2020,09:16:14,427.8,424.75,300,427.85,150,0,133575
NIFTY26MAR2012000CE.NFO,07/01/2020,09:16:15,427.8,424.65,75,427.85,150,0,133575
NIFTY26MAR2012000CE.NFO,07/01/2020,09:16:17,427.8,424.7,75,427.85,150,0,133575
NIFTY26MAR2012000CE.NFO,07/01/2020,09:16:18,427.8,423.7,300,427.85,150,0,133575
NIFTY26MAR2012000CE.NFO,07/01/2020,09:16:19,427.8,424.4,150,427.85,150,0,133575
NIFTY26MAR2012000CE.NFO,07/01/2020,09:16:20,427.8,424.9,225,427.85,150,0,133575
NIFTY26MAR2012000CE.NFO,07/01/2020,09:16:21,427.8,425.55,75,427.85,150,0,133575
NIFTY26MAR2012000CE.NFO,07/01/2020,09:16:21,427.8,425.65,75,427.85,150,0,133575
NIFTY26MAR2012000CE.NFO,07/01/2020,09:16:23,427.8,426,150,427.85,150,0,133575
NIFTY26MAR2012000CE.NFO,07/01/2020,09:16:24,427.8,425.3,300,427.85,150,0,133575
NIFTY26MAR2012000CE.NFO,07/01/2020,09:16:25,427.8,426.1,300,427.85,150,0,133575
NIFTY26MAR2012000CE.NFO,07/01/2020,09:16:26,427.8,426.25,75,427.85,150,0,133575
NIFTY26MAR2012000CE.NFO,07/01/2020,09:16:26,427.8,426.35,75,427.85,150,0,133575
NIFTY26MAR2012000CE.NFO,07/01/2020,09:16:27,427.85,427,75,428.05,150,75,133575
NIFTY26MAR2012000CE.NFO,07/01/2020,09:16:29,428.05,427.4,75,428.05,150,675,133575
NIFTY26MAR2012000CE.NFO,07/01/2020,09:16:30,428.05,426.9,150,428.05,150,75,133575
NIFTY26MAR2012000CE.NFO,07/01/2020,09:16:31,428.05,427.5,225,428.05,150,0,133575
NIFTY26MAR2012000CE.NFO,07/01/2020,09:16:32,435.15,430.5,75,435.9,75,975,133575
NIFTY26MAR2012000CE.NFO,07/01/2020,09:16:32,435.15,430.5,75,435.9,75,0,133575
NIFTY26MAR2012000CE.NFO,07/01/2020,09:16:32,435.15,430.5,75,435.9,75,0,133575
NIFTY26MAR2012000CE.NFO,07/01/2020,09:16:33,435.15,430.5,150,434.95,75,0,133575
NIFTY26MAR2012000CE.NFO,07/01/2020,09:16:35,435.15,431.85,75,434.65,75,0,133575
NIFTY26MAR2012000CE.NFO,07/01/2020,09:16:36,435.15,432.9,75,434.35,75,0,133575
NIFTY26MAR2012000CE.NFO,07/01/2020,09:16:37,435.15,432.9,150,434,75,0,133575
NIFTY26MAR2012000CE.NFO,07/01/2020,09:16:38,433.7,428.05,75,433.7,75,75,133575
NIFTY26MAR2012000CE.NFO,07/01/2020,09:16:38,433.7,428.25,75,433.7,150,0,133575
NIFTY26MAR2012000CE.NFO,07/01/2020,09:16:39,433.7,427.8,75,434.5,150,0,133575
NIFTY26MAR2012000CE.NFO,07/01/2020,09:16:41,433.7,428.5,75,432.7,150,0,133575
NIFTY26MAR2012000CE.NFO,07/01/2020,09:16:42,433.7,428.95,150,432.7,225,0,133575
NIFTY26MAR2012000CE.NFO,07/01/2020,09:16:43,433.7,429.2,75,432.7,225,0,133575
NIFTY26MAR2012000CE.NFO,07/01/2020,09:16:44,433.7,428.75,300,433.9,75,0,133575
NIFTY26MAR2012000CE.NFO,07/01/2020,09:16:44,433.7,428.75,75,435.8,75,0,133575
NIFTY26MAR2012000CE.NFO,07/01/2020,09:16:46,433.7,429.3,75,433.95,75,0,133575
NIFTY26MAR2012000CE.NFO,07/01/2020,09:16:47,433.7,429.65,75,434.95,150,0,133575
NIFTY26MAR2012000CE.NFO,07/01/2020,09:16:48,433.7,429.9,75,433.8,225,0,133575
NIFTY26MAR2012000CE.NFO,07/01/2020,09:16:49,433.7,430.55,225,433.8,225,0,133575
NIFTY26MAR2012000CE.NFO,07/01/2020,09:16:50,433.7,430.8,75,433.8,75,0,133575
NIFTY26MAR2012000CE.NFO,07/01/2020,09:16:50,433.7,430.75,75,433.8,75,0,133575
NIFTY26MAR2012000CE.NFO,07/01/2020,09:16:52,433.7,430.9,75,434.55,75,0,133575
NIFTY26MAR2012000CE.NFO,07/01/2020,09:16:53,433.7,431.45,75,434.35,225,0,133575
NIFTY26MAR2012000CE.NFO,07/01/2020,09:16:54,433.7,431.2,75,433.95,75,0,133575
NIFTY26MAR2012000CE.NFO,07/01/2020,09:16:55,433.7,431.8,75,435.75,75,0,133575
NIFTY26MAR2012000CE.NFO,07/01/2020,09:16:55,433.7,431.8,75,435.75,150,0,133575
NIFTY26MAR2012000CE.NFO,07/01/2020,09:16:56,431.4,431.45,150,435.45,150,75,133575
NIFTY26MAR2012000CE.NFO,07/01/2020,09:16:58,435.25,432.3,150,435.25,75,75,133575
NIFTY26MAR2012000CE.NFO,07/01/2020,09:16:58,435.25,432.3,150,435.25,75,0,133575
NIFTY26MAR2012000CE.NFO,07/01/2020,09:16:59,435.25,431.7,75,435.65,225,0,133575
NIFTY26MAR2012000CE.NFO,07/01/2020,09:17:00,435.25,431.9,75,435.65,225,0,133575
NIFTY26MAR2012000CE.NFO,07/01/2020,09:17:01,435.25,431.75,75,435.65,225,0,133575
NIFTY26MAR2012000CE.NFO,07/01/2020,09:17:01,435.25,433,75,435.65,225,0,133575
NIFTY26MAR2012000CE.NFO,07/01/2020,09:17:02,435.25,432.55,75,440.5,75,0,133575
NIFTY26MAR2012000CE.NFO,07/01/2020,09:17:04,435.25,432.65,75,439.8,150,0,133575
NIFTY26MAR2012000CE.NFO,07/01/2020,09:17:05,435.25,433.4,75,438.9,150,0,133575
NIFTY26MAR2012000CE.NFO,07/01/2020,09:17:06,435.25,433.45,150,438.4,75,0,133575
NIFTY26MAR2012000CE.NFO,07/01/2020,09:17:07,435.25,434.4,75,437.9,150,0,133575
NIFTY26MAR2012000CE.NFO,07/01/2020,09:17:07,435.25,434.4,75,437.9,75,0,133575
NIFTY26MAR2012000CE.NFO,07/01/2020,09:17:09,435.25,434.4,75,439.2,150,0,133575
NIFTY26MAR2012000CE.NFO,07/01/2020,09:17:10,435.25,434.45,150,438.7,150,0,133575
NIFTY26MAR2012000CE.NFO,07/01/2020,09:17:11,435.25,434.7,75,438.95,150,0,133575
NIFTY26MAR2012000CE.NFO,07/01/2020,09:17:12,435.25,435.1,75,439.15,150,0,133575
NIFTY26MAR2012000CE.NFO,07/01/2020,09:17:13,435.25,436.25,75,440.15,75,0,133575
NIFTY26MAR2012000CE.NFO,07/01/2020,09:17:14,438.25,436.2,150,439.8,75,75,133575
NIFTY26MAR2012000CE.NFO,07/01/2020,09:17:14,438.25,436.2,150,439.8,75,0,133575
NIFTY26MAR2012000CE.NFO,07/01/2020,09:17:15,438.25,436.9,75,440.2,75,0,133575
NIFTY26MAR2012000CE.NFO,07/01/2020,09:17:15,438.25,436.9,75,440.2,150,0,133575
NIFTY26MAR2012000CE.NFO,07/01/2020,09:17:17,438.25,436.95,150,444,150,0,133575
NIFTY26MAR2012000CE.NFO,07/01/2020,09:17:18,438.25,438.2,75,442.25,75,0,133575
NIFTY26MAR2012000CE.NFO,07/01/2020,09:17:19,440.6,438.25,150,441.3,75,150,133575
NIFTY26MAR2012000CE.NFO,07/01/2020,09:17:19,440.6,438.25,150,441.3,75,0,133575
NIFTY26MAR2012000CE.NFO,07/01/2020,09:17:20,440.6,435.85,75,443.3,75,0,133575
NIFTY26MAR2012000CE.NFO,07/01/2020,09:17:21,440.6,436.45,75,442.2,150,0,133575
NIFTY26MAR2012000CE.NFO,07/01/2020,09:17:21,440.6,436.45,75,442.05,75,0,133575
NIFTY26MAR2012000CE.NFO,07/01/2020,09:17:23,440.6,436.5,150,441.25,150,0,133575
NIFTY26MAR2012000CE.NFO,07/01/2020,09:17:24,440.6,438,75,442.65,75,0,133575
NIFTY26MAR2012000CE.NFO,07/01/2020,09:17:25,440.6,438.05,150,442.7,75,0,133575
NIFTY26MAR2012000CE.NFO,07/01/2020,09:17:26,440.6,438.25,75,442.9,75,0,133575
NIFTY26MAR2012000CE.NFO,07/01/2020,09:17:27,440.6,438.05,225,442.35,150,0,133575
NIFTY26MAR2012000CE.NFO,07/01/2020,09:17:29,440.6,437.05,150,440.6,300,0,133575
NIFTY26MAR2012000CE.NFO,07/01/2020,09:17:30,440.6,437.1,75,440.6,300,0,133575
NIFTY26MAR2012000CE.NFO,07/01/2020,09:17:31,440.6,437,75,440.6,300,0,133575
NIFTY26MAR2012000CE.NFO,07/01/2020,09:17:34,440.6,437,75,440.5,150,0,133575
NIFTY26MAR2012000CE.NFO,07/01/2020,09:17:35,440.6,437,75,440.5,300,0,133575
NIFTY26MAR2012000CE.NFO,07/01/2020,09:17:36,440.6,437.05,150,440.45,75,0,133575
NIFTY26MAR2012000CE.NFO,07/01/2020,09:17:37,440.6,437.05,150,440.4,150,0,133575
NIFTY26MAR2012000CE.NFO,07/01/2020,09:17:38,440.6,434.8,225,440.25,150,0,133575
NIFTY26MAR2012000CE.NFO,07/01/2020,09:17:38,440.6,434.8,225,440.1,75,0,133575
NIFTY26MAR2012000CE.NFO,07/01/2020,09:17:40,440.6,434.15,75,440.35,75,0,133575
NIFTY26MAR2012000CE.NFO,07/01/2020,09:17:41,440.6,433.8,75,439.55,150,0,133575
NIFTY26MAR2012000CE.NFO,07/01/2020,09:17:42,440.6,433.7,75,439.7,75,0,133575
NIFTY26MAR2012000CE.NFO,07/01/2020,09:17:43,440.6,433.4,75,439.65,150,0,133575
NIFTY26MAR2012000CE.NFO,07/01/2020,09:17:44,440.6,432.4,150,438.5,75,0,133575
NIFTY26MAR2012000CE.NFO,07/01/2020,09:17:44,440.6,432.4,150,438.35,150,0,133575
NIFTY26MAR2012000CE.NFO,07/01/2020,09:17:46,440.6,432.4,75,439.6,300,0,133575
NIFTY26MAR2012000CE.NFO,07/01/2020,09:17:47,440.6,432.35,75,439.45,150,0,133575
NIFTY26MAR2012000CE.NFO,07/01/2020,09:17:48,440.6,432.45,75,439.35,75,0,133575
NIFTY26MAR2012000CE.NFO,07/01/2020,09:17:49,440.6,432.55,75,439.45,300,0,133575
NIFTY26MAR2012000CE.NFO,07/01/2020,09:17:50,440.6,432.3,75,439.45,300,0,133575
NIFTY26MAR2012000CE.NFO,07/01/2020,09:17:52,440.6,432.05,75,438.85,75,0,133575
NIFTY26MAR2012000CE.NFO,07/01/2020,09:17:53,440.6,432.4,75,439.35,300,0,133575
NIFTY26MAR2012000CE.NFO,07/01/2020,09:17:54,440.6,431.95,75,438.6,75,0,133575
NIFTY26MAR2012000CE.NFO,07/01/2020,09:17:55,440.6,431.85,75,437.8,150,0,133575
NIFTY26MAR2012000CE.NFO,07/01/2020,09:17:55,440.6,431.85,75,437.65,150,0,133575
NIFTY26MAR2012000CE.NFO,07/01/2020,09:17:57,440.6,431.95,75,438,150,0,133575
NIFTY26MAR2012000CE.NFO,07/01/2020,09:17:58,440.6,432.1,75,438.1,75,0,133575
NIFTY26MAR2012000CE.NFO,07/01/2020,09:17:59,440.6,432.2,75,437.3,75,0,133575
NIFTY26MAR2012000CE.NFO,07/01/2020,09:18:00,440.6,432.5,75,437.25,75,0,133575
NIFTY26MAR2012000CE.NFO,07/01/2020,09:18:01,440.6,434.1,75,437.25,75,0,133575
NIFTY26MAR2012000CE.NFO,07/01/2020,09:18:03,440.6,434.8,75,437.25,75,0,133575
NIFTY26MAR2012000CE.NFO,07/01/2020,09:18:04,440.6,435.55,75,437.95,75,0,133575
NIFTY26MAR2012000CE.NFO,07/01/2020,09:18:05,440.6,436,75,437.95,75,0,133575
NIFTY26MAR2012000CE.NFO,07/01/2020,09:18:06,440.6,436.35,75,437.95,75,0,133575
NIFTY26MAR2012000CE.NFO,07/01/2020,09:18:07,440.6,436.15,75,437.85,300,0,133575
NIFTY26MAR2012000CE.NFO,07/01/2020,09:18:09,437.85,436.15,150,440.55,75,150,133575
NIFTY26MAR2012000CE.NFO,07/01/2020,09:18:10,437.85,436.65,75,440.55,75,0,133575
NIFTY26MAR2012000CE.NFO,07/01/2020,09:18:11,437.85,437.1,75,440.55,75,0,133575
NIFTY26MAR2012000CE.NFO,07/01/2020,09:18:12,437.85,437.6,75,440.55,75,0,133575
NIFTY26MAR2012000CE.NFO,07/01/2020,09:18:13,437.85,437.75,75,440.55,75,0,133575
NIFTY26MAR2012000CE.NFO,07/01/2020,09:18:14,437.85,437.85,150,440.55,75,0,133575
NIFTY26MAR2012000CE.NFO,07/01/2020,09:18:15,437.85,437.2,150,440.55,75,0,133575
NIFTY26MAR2012000CE.NFO,07/01/2020,09:18:16,437.85,436.9,75,440.55,75,0,133575
NIFTY26MAR2012000CE.NFO,07/01/2020,09:18:17,437.85,436.95,150,440.55,75,0,133575
NIFTY26MAR2012000CE.NFO,07/01/2020,09:18:18,437.85,436.8,75,440.55,75,0,133575
NIFTY26MAR2012000CE.NFO,07/01/2020,09:18:20,437.85,437.1,75,440.55,75,0,133575
NIFTY26MAR2012000CE.NFO,07/01/2020,09:18:21,437.85,437.4,150,440.45,75,0,133575
NIFTY26MAR2012000CE.NFO,07/01/2020,09:18:22,437.85,437.1,75,440.55,75,0,133575
NIFTY26MAR2012000CE.NFO,07/01/2020,09:18:23,437.85,437.2,75,440.55,75,0,133575
NIFTY26MAR2012000CE.NFO,07/01/2020,09:18:24,437.85,436.85,75,440.55,75,0,133575
NIFTY26MAR2012000CE.NFO,07/01/2020,09:18:25,437.85,437.05,75,440.55,75,0,133575
NIFTY26MAR2012000CE.NFO,07/01/2020,09:18:26,437.85,436.95,75,440.55,75,0,133575
NIFTY26MAR2012000CE.NFO,07/01/2020,09:18:27,437.85,437.05,75,440.55,75,0,133575
NIFTY26MAR2012000CE.NFO,07/01/2020,09:18:28,437.85,436.5,75,440.55,75,0,133575
NIFTY26MAR2012000CE.NFO,07/01/2020,09:18:29,437.85,436.05,75,440.55,75,0,133575
NIFTY26MAR2012000CE.NFO,07/01/2020,09:18:30,437.85,436.5,75,440.55,75,0,133575
NIFTY26MAR2012000CE.NFO,07/01/2020,09:18:31,437.85,437.1,75,440.45,300,0,133575
NIFTY26MAR2012000CE.NFO,07/01/2020,09:18:33,437.85,437.1,75,440.4,75,0,133575
NIFTY26MAR2012000CE.NFO,07/01/2020,09:18:34,437.85,436.25,75,440.4,75,0,133575
NIFTY26MAR2012000CE.NFO,07/01/2020,09:18:35,437.85,436.25,75,440.35,300,0,133575
NIFTY26MAR2012000CE.NFO,07/01/2020,09:18:36,437.85,436.25,75,440.3,75,0,133575
NIFTY26MAR2012000CE.NFO,07/01/2020,09:18:37,437.85,436.3,75,440.15,75,0,133575
NIFTY26MAR2012000CE.NFO,07/01/2020,09:18:38,437.85,434.15,75,440.3,300,0,133575
NIFTY26MAR2012000CE.NFO,07/01/2020,09:18:39,437.85,434.6,75,440.3,300,0,133575
NIFTY26MAR2012000CE.NFO,07/01/2020,09:18:40,437.85,435.2,75,440.3,300,0,133575
NIFTY26MAR2012000CE.NFO,07/01/2020,09:18:41,437.85,433.8,75,440.3,300,0,133575
NIFTY26MAR2012000CE.NFO,07/01/2020,09:18:42,437.85,435,75,440.15,150,0,133575
NIFTY26MAR2012000CE.NFO,07/01/2020,09:18:43,437.85,435,75,440.05,75,0,133575
NIFTY26MAR2012000CE.NFO,07/01/2020,09:18:44,437.85,435.05,75,440.15,75,0,133575
NIFTY26MAR2012000CE.NFO,07/01/2020,09:18:45,437.85,435.2,75,440.05,75,0,133575
NIFTY26MAR2012000CE.NFO,07/01/2020,09:18:46,437.85,435.05,75,439.8,75,0,133575
NIFTY26MAR2012000CE.NFO,07/01/2020,09:18:47,437.85,434.6,75,439.25,75,0,133575
NIFTY26MAR2012000CE.NFO,07/01/2020,09:18:48,437.85,434.6,75,439.6,150,0,133575
NIFTY26MAR2012000CE.NFO,07/01/2020,09:18:49,437.85,434.6,75,439.95,150,0,133575
NIFTY26MAR2012000CE.NFO,07/01/2020,09:18:50,437.85,435.15,150,439.1,75,0,133575
NIFTY26MAR2012000CE.NFO,07/01/2020,09:18:51,437.85,435.15,150,439.55,75,0,133575
NIFTY26MAR2012000CE.NFO,07/01/2020,09:18:53,437.85,435.15,150,439,75,0,133575
NIFTY26MAR2012000CE.NFO,07/01/2020,09:18:54,437.85,433.75,75,438.85,150,0,133575
NIFTY26MAR2012000CE.NFO,07/01/2020,09:18:55,437.85,433.75,75,438.4,75,0,133575
NIFTY26MAR2012000CE.NFO,07/01/2020,09:18:56,437.85,433.8,150,438.8,75,0,133575
NIFTY26MAR2012000CE.NFO,07/01/2020,09:18:57,437.85,433.6,75,438,75,0,133575
NIFTY26MAR2012000CE.NFO,07/01/2020,09:18:58,437.85,433.45,75,438.35,75,0,133575
NIFTY26MAR2012000CE.NFO,07/01/2020,09:18:59,437.85,433.25,150,437.8,150,0,133575
NIFTY26MAR2012000CE.NFO,07/01/2020,09:19:00,437.85,433.45,75,437.8,225,0,133575
NIFTY26MAR2012000CE.NFO,07/01/2020,09:19:01,437.85,433.65,75,437.8,225,0,133575
NIFTY26MAR2012000CE.NFO,07/01/2020,09:19:02,437.85,434.1,75,437.8,225,0,133575
NIFTY26MAR2012000CE.NFO,07/01/2020,09:19:03,437.85,434.65,75,437.8,225,0,133575
NIFTY26MAR2012000CE.NFO,07/01/2020,09:19:04,437.85,435.1,75,437.8,225,0,133575
NIFTY26MAR2012000CE.NFO,07/01/2020,09:19:05,437.85,435.4,75,437.8,225,0,133575
NIFTY26MAR2012000CE.NFO,07/01/2020,09:19:06,437.85,434.8,75,437.8,225,0,133575
NIFTY26MAR2012000CE.NFO,07/01/2020,09:19:07,437.85,435.6,75,437.8,225,0,133575
NIFTY26MAR2012000CE.NFO,07/01/2020,09:19:08,437.85,435.65,150,437.8,225,0,133575
NIFTY26MAR2012000CE.NFO,07/01/2020,09:19:09,437.7,435.35,75,437.8,150,150,133575
NIFTY26MAR2012000CE.NFO,07/01/2020,09:19:10,437.7,435.4,150,437.8,150,0,133575
NIFTY26MAR2012000CE.NFO,07/01/2020,09:19:11,437.7,435.2,75,437.8,150,0,133575
NIFTY26MAR2012000CE.NFO,07/01/2020,09:19:13,437.7,436.25,75,437.8,150,0,133575
NIFTY26MAR2012000CE.NFO,07/01/2020,09:19:14,437.7,435.8,75,437.8,150,0,133575
NIFTY26MAR2012000CE.NFO,07/01/2020,09:19:15,437.7,435.4,75,437.7,75,0,133575
NIFTY26MAR2012000CE.NFO,07/01/2020,09:19:16,437.7,435.65,75,437.8,150,0,133575
NIFTY26MAR2012000CE.NFO,07/01/2020,09:19:17,437.7,435.55,75,437.8,150,0,133575
NIFTY26MAR2012000CE.NFO,07/01/2020,09:19:18,437.7,435.6,150,437.8,150,0,133575
NIFTY26MAR2012000CE.NFO,07/01/2020,09:19:19,440.6,435.85,75,440.55,225,75,133575
NIFTY26MAR2012000CE.NFO,07/01/2020,09:19:20,440.6,435.9,150,440.2,75,0,133575
NIFTY26MAR2012000CE.NFO,07/01/2020,09:19:21,437.7,437.6,75,437.65,150,225,133575
NIFTY26MAR2012000CE.NFO,07/01/2020,09:19:22,437.7,437.6,75,440.5,75,0,133575
NIFTY26MAR2012000CE.NFO,07/01/2020,09:19:23,437.7,437.65,150,440.45,75,0,133575
NIFTY26MAR2012000CE.NFO,07/01/2020,09:19:24,437.7,438.15,75,440.3,75,0,133575
NIFTY26MAR2012000CE.NFO,07/01/2020,09:19:25,437.7,438.15,75,440.1,75,0,133575
NIFTY26MAR2012000CE.NFO,07/01/2020,09:19:26,437.7,436.35,75,440.15,75,0,133575
NIFTY26MAR2012000CE.NFO,07/01/2020,09:19:27,437.7,436.45,150,440.15,75,0,133575
NIFTY26MAR2012000CE.NFO,07/01/2020,09:19:28,437.7,435.15,75,440.15,75,0,133575
NIFTY26MAR2012000CE.NFO,07/01/2020,09:19:29,437.7,435.85,75,440.15,75,0,133575
NIFTY26MAR2012000CE.NFO,07/01/2020,09:19:30,437.7,435.45,75,440.25,150,0,133575
NIFTY26MAR2012000CE.NFO,07/01/2020,09:19:31,437.7,434.7,75,439.85,150,0,133575
NIFTY26MAR2012000CE.NFO,07/01/2020,09:19:32,437.7,435,150,439.85,150,0,133575
NIFTY26MAR2012000CE.NFO,07/01/2020,09:19:33,437.7,435.05,75,439.8,75,0,133575
NIFTY26MAR2012000CE.NFO,07/01/2020,09:19:34,437.7,435,150,439.8,75,0,133575
NIFTY26MAR2012000CE.NFO,07/01/2020,09:19:35,437.7,435.2,75,439.8,75,0,133575
NIFTY26MAR2012000CE.NFO,07/01/2020,09:19:36,437.7,434.95,75,439.8,75,0,133575
NIFTY26MAR2012000CE.NFO,07/01/2020,09:19:37,437.7,434.55,75,439.8,75,0,133575
NIFTY26MAR2012000CE.NFO,07/01/2020,09:19:38,437.7,434.85,75,439.8,75,0,133575
NIFTY26MAR2012000CE.NFO,07/01/2020,09:19:39,437.7,434.7,75,439.8,75,0,133575
NIFTY26MAR2012000CE.NFO,07/01/2020,09:19:40,437.7,435.4,75,439.8,75,0,133575
NIFTY26MAR2012000CE.NFO,07/01/2020,09:19:41,437.7,435.2,75,439.8,75,0,133575
NIFTY26MAR2012000CE.NFO,07/01/2020,09:19:42,437.7,435.75,75,439.85,150,0,133575
NIFTY26MAR2012000CE.NFO,07/01/2020,09:19:43,437.7,435.95,75,439.85,150,0,133575
NIFTY26MAR2012000CE.NFO,07/01/2020,09:19:44,437.7,436.15,150,439.85,150,0,133575
NIFTY26MAR2012000CE.NFO,07/01/2020,09:19:45,437.7,436.3,75,439.85,150,0,133575
NIFTY26MAR2012000CE.NFO,07/01/2020,09:19:46,437.7,436.7,75,439.85,150,0,133575
NIFTY26MAR2012000CE.NFO,07/01/2020,09:19:47,437.7,437,75,439.85,150,0,133575
NIFTY26MAR2012000CE.NFO,07/01/2020,09:19:48,437.7,436.35,150,439.85,150,0,133575
NIFTY26MAR2012000CE.NFO,07/01/2020,09:19:49,437.7,436.35,225,439.85,150,0,133575
NIFTY26MAR2012000CE.NFO,07/01/2020,09:19:50,437.7,436.65,225,439.85,150,0,133575
NIFTY26MAR2012000CE.NFO,07/01/2020,09:19:51,437.7,435.55,75,439.85,150,0,133575
NIFTY26MAR2012000CE.NFO,07/01/2020,09:19:52,437.7,435.75,225,439.85,150,0,133575
NIFTY26MAR2012000CE.NFO,07/01/2020,09:19:53,437.7,436.5,225,439.85,150,0,133575
NIFTY26MAR2012000CE.NFO,07/01/2020,09:19:54,437.7,436.7,225,439.85,150,0,133575
NIFTY26MAR2012000CE.NFO,07/01/2020,09:19:55,437.7,435.45,300,439.85,150,0,133575
NIFTY26MAR2012000CE.NFO,07/01/2020,09:19:56,437.7,435.8,75,440.2,75,0,133575
NIFTY26MAR2012000CE.NFO,07/01/2020,09:19:57,437.7,435.8,300,440.15,75,0,133575
NIFTY26MAR2012000CE.NFO,07/01/2020,09:19:58,437.7,436.1,225,440.55,75,0,133575
NIFTY26MAR2012000CE.NFO,07/01/2020,09:19:59,437.7,436.3,225,440.5,75,0,133575
NIFTY26MAR2012000CE.NFO,07/01/2020,09:20:00,437.7,436.6,225,440.35,75,0,133575
NIFTY26MAR2012000CE.NFO,07/01/2020,09:20:01,437.7,437.05,75,440.5,75,0,133575
NIFTY26MAR2012000CE.NFO,07/01/2020,09:20:02,437.7,437.6,75,440.6,150,0,133575
NIFTY26MAR2012000CE.NFO,07/01/2020,09:20:03,437.7,437.65,300,440.6,150,0,133575
NIFTY26MAR2012000CE.NFO,07/01/2020,09:20:04,437.7,438.5,225,440.6,150,0,133575
NIFTY26MAR2012000CE.NFO,07/01/2020,09:20:05,437.7,438.95,225,440.6,150,0,133575
NIFTY26MAR2012000CE.NFO,07/01/2020,09:20:06,444.5,440.4,75,444.35,75,300,133575
NIFTY26MAR2012000CE.NFO,07/01/2020,09:20:06,444.5,440.4,75,444.35,75,0,133575
NIFTY26MAR2012000CE.NFO,07/01/2020,09:20:07,444.5,440.55,75,443.05,75,0,133575
NIFTY26MAR2012000CE.NFO,07/01/2020,09:20:08,444.5,440.55,75,442.95,75,0,133575
NIFTY26MAR2012000CE.NFO,07/01/2020,09:20:09,444.5,440.55,75,445.55,75,0,133575
NIFTY26MAR2012000CE.NFO,07/01/2020,09:20:10,444.5,440.6,75,443.05,75,0,133575
NIFTY26MAR2012000CE.NFO,07/01/2020,09:20:11,444.5,440.4,75,445.6,75,0,133575
NIFTY26MAR2012000CE.NFO,07/01/2020,09:20:12,444.5,440.4,75,443.25,75,0,133575
NIFTY26MAR2012000CE.NFO,07/01/2020,09:20:13,444.5,440.8,75,443.15,150,0,133575
NIFTY26MAR2012000CE.NFO,07/01/2020,09:20:14,444.5,440.8,75,445.85,450,0,133575
NIFTY26MAR2012000CE.NFO,07/01/2020,09:20:15,444.5,441.1,75,445.35,150,0,133575
NIFTY26MAR2012000CE.NFO,07/01/2020,09:20:16,444.5,441.1,75,443.4,150,0,133575
NIFTY26MAR2012000CE.NFO,07/01/2020,09:20:17,444.5,441.1,75,443.15,75,0,133575
NIFTY26MAR2012000CE.NFO,07/01/2020,09:20:18,444.5,440.95,75,443.45,75,0,133575
NIFTY26MAR2012000CE.NFO,07/01/2020,09:20:19,444.5,441.15,75,443.2,75,0,133575
NIFTY26MAR2012000CE.NFO,07/01/2020,09:20:20,444.5,441.15,75,442.85,75,0,133575
NIFTY26MAR2012000CE.NFO,07/01/2020,09:20:21,444.5,440.8,75,442.5,75,0,133575
NIFTY26MAR2012000CE.NFO,07/01/2020,09:20:22,444.5,440.65,75,445.1,150,0,133575
NIFTY26MAR2012000CE.NFO,07/01/2020,09:20:23,444.5,440.7,75,442.55,75,0,133575
NIFTY26MAR2012000CE.NFO,07/01/2020,09:20:24,444.5,440.7,75,443.95,75,0,133575
NIFTY26MAR2012000CE.NFO,07/01/2020,09:20:25,444.5,440.15,75,442.05,75,0,133575
NIFTY26MAR2012000CE.NFO,07/01/2020,09:20:26,444.5,440.15,75,441.95,75,0,133575
NIFTY26MAR2012000CE.NFO,07/01/2020,09:20:27,444.5,440.45,75,445.25,75,0,133575
NIFTY26MAR2012000CE.NFO,07/01/2020,09:20:28,444.5,440.75,75,442.3,75,0,133575
NIFTY26MAR2012000CE.NFO,07/01/2020,09:20:29,444.5,440.65,75,442.75,150,0,133575
NIFTY26MAR2012000CE.NFO,07/01/2020,09:20:30,444.5,441.05,75,442.45,75,0,133575
NIFTY26MAR2012000CE.NFO,07/01/2020,09:20:31,444.5,441.05,75,443.1,75,0,133575
NIFTY26MAR2012000CE.NFO,07/01/2020,09:20:32,444.5,441.05,75,442.75,75,0,133575
NIFTY26MAR2012000CE.NFO,07/01/2020,09:20:33,444.5,441.05,75,442.25,75,0,133575
NIFTY26MAR2012000CE.NFO,07/01/2020,09:20:34,444.5,441.25,75,441.95,75,0,133575
NIFTY26MAR2012000CE.NFO,07/01/2020,09:20:35,442.05,441.55,75,445.4,150,75,133425
NIFTY26MAR2012000CE.NFO,07/01/2020,09:20:36,442.05,441.9,75,444.85,150,0,133425
NIFTY26MAR2012000CE.NFO,07/01/2020,09:20:37,442.05,441.4,75,442.55,150,0,133425
NIFTY26MAR2012000CE.NFO,07/01/2020,09:20:39,442.05,441.7,75,445.55,75,0,133425
NIFTY26MAR2012000CE.NFO,07/01/2020,09:20:40,442.05,441.7,75,443.05,375,0,133425
NIFTY26MAR2012000CE.NFO,07/01/2020,09:20:41,442.05,441.4,75,445.65,75,0,133425
NIFTY26MAR2012000CE.NFO,07/01/2020,09:20:42,442.05,441.05,75,442.45,150,0,133425
NIFTY26MAR2012000CE.NFO,07/01/2020,09:20:43,442.05,440.65,75,442.85,75,0,133425
NIFTY26MAR2012000CE.NFO,07/01/2020,09:20:44,442.05,440.85,75,444.85,75,0,133425
NIFTY26MAR2012000CE.NFO,07/01/2020,09:20:45,442.05,440.85,75,443.2,75,0,133425
NIFTY26MAR2012000CE.NFO,07/01/2020,09:20:46,442.05,440.85,75,443.25,75,0,133425
NIFTY26MAR2012000CE.NFO,07/01/2020,09:20:48,442.05,441.8,75,445.2,75,0,133425
NIFTY26MAR2012000CE.NFO,07/01/2020,09:20:49,442.05,441.8,75,443.45,75,0,133425
NIFTY26MAR2012000CE.NFO,07/01/2020,09:20:50,442.3,441.55,150,443.5,75,75,133425
NIFTY26MAR2012000CE.NFO,07/01/2020,09:20:51,442.3,441.55,150,443.85,75,0,133425
NIFTY26MAR2012000CE.NFO,07/01/2020,09:20:52,443.45,441.85,75,443.5,225,75,133425
NIFTY26MAR2012000CE.NFO,07/01/2020,09:20:53,443.4,441.9,150,445.85,75,375,133425
NIFTY26MAR2012000CE.NFO,07/01/2020,09:20:54,442.55,442.85,75,445.95,75,75,133425
NIFTY26MAR2012000CE.NFO,07/01/2020,09:20:55,442.55,441.25,225,445.65,75,0,133425
NIFTY26MAR2012000CE.NFO,07/01/2020,09:20:56,442.55,441.65,225,445.15,75,0,133425
NIFTY26MAR2012000CE.NFO,07/01/2020,09:20:57,442.55,441.45,225,445.95,75,0,133425
NIFTY26MAR2012000CE.NFO,07/01/2020,09:20:58,442.55,441.55,225,445.55,75,0,133425
NIFTY26MAR2012000CE.NFO,07/01/2020,09:20:59,442.55,441.55,225,445.1,75,0,133425
NIFTY26MAR2012000CE.NFO,07/01/2020,09:21:01,442.55,440.8,225,445.95,75,0,133425
NIFTY26MAR2012000CE.NFO,07/01/2020,09:21:02,442.55,439.5,225,444.1,75,0,133425
NIFTY26MAR2012000CE.NFO,07/01/2020,09:21:03,442.55,438.9,225,444.65,75,0,133425
NIFTY26MAR2012000CE.NFO,07/01/2020,09:21:04,442.55,438.65,75,443,75,0,133425
NIFTY26MAR2012000CE.NFO,07/01/2020,09:21:05,442.55,438.45,225,443,75,0,133425
NIFTY26MAR2012000CE.NFO,07/01/2020,09:21:06,442.55,438.75,225,443,75,0,133425
NIFTY26MAR2012000CE.NFO,07/01/2020,09:21:07,442.55,438.95,225,443,75,0,133425
NIFTY26MAR2012000CE.NFO,07/01/2020,09:21:08,442.55,439.15,75,443,75,0,133425
NIFTY26MAR2012000CE.NFO,07/01/2020,09:21:09,442.55,440.8,75,443,75,0,133425
NIFTY26MAR2012000CE.NFO,07/01/2020,09:21:10,442.55,440.85,75,443,75,0,133425
NIFTY26MAR2012000CE.NFO,07/01/2020,09:21:11,443,441.95,75,445.85,75,75,133425
NIFTY26MAR2012000CE.NFO,07/01/2020,09:21:12,443,442,225,445.55,75,0,133425
NIFTY26MAR2012000CE.NFO,07/01/2020,09:21:13,443,442,75,445,75,0,133425
NIFTY26MAR2012000CE.NFO,07/01/2020,09:21:14,443,442.3,75,445.65,75,0,133425
NIFTY26MAR2012000CE.NFO,07/01/2020,09:21:15,443,442.35,150,445.2,75,0,133425
NIFTY26MAR2012000CE.NFO,07/01/2020,09:21:16,443,442.25,75,445.35,75,0,133425
NIFTY26MAR2012000CE.NFO,07/01/2020,09:21:17,443,442,225,445.8,75,0,133425
NIFTY26MAR2012000CE.NFO,07/01/2020,09:21:18,443,442.5,75,445.5,75,0,133425
NIFTY26MAR2012000CE.NFO,07/01/2020,09:21:19,443,442.55,150,445.65,75,0,133425
NIFTY26MAR2012000CE.NFO,07/01/2020,09:21:20,443,442.7,75,445.95,75,0,133425
NIFTY26MAR2012000CE.NFO,07/01/2020,09:21:21,443,442.35,75,445.05,75,0,133425
NIFTY26MAR2012000CE.NFO,07/01/2020,09:21:22,443,441.9,75,445.3,150,0,133425
NIFTY26MAR2012000CE.NFO,07/01/2020,09:21:23,443,441.9,75,445.85,300,0,133425
NIFTY26MAR2012000CE.NFO,07/01/2020,09:21:24,443,440.9,75,445.4,150,0,133425
NIFTY26MAR2012000CE.NFO,07/01/2020,09:21:25,443,441,75,444.95,75,0,133425
NIFTY26MAR2012000CE.NFO,07/01/2020,09:21:26,443,441.05,150,444.65,150,0,133425
NIFTY26MAR2012000CE.NFO,07/01/2020,09:21:27,443,441.05,150,444.85,150,0,133425
NIFTY26MAR2012000CE.NFO,07/01/2020,09:21:28,443,441.7,75,444.55,75,0,133425
NIFTY26MAR2012000CE.NFO,07/01/2020,09:21:29,443,441.7,75,445.75,300,0,133425
NIFTY26MAR2012000CE.NFO,07/01/2020,09:21:30,443,441.7,75,444.4,150,0,133425
NIFTY26MAR2012000CE.NFO,07/01/2020,09:21:31,443,441.7,75,444.45,75,0,133425
NIFTY26MAR2012000CE.NFO,07/01/2020,09:21:32,443,440.65,75,444.45,150,0,133425
NIFTY26MAR2012000CE.NFO,07/01/2020,09:21:33,443,440.7,225,443.8,150,0,133425
NIFTY26MAR2012000CE.NFO,07/01/2020,09:21:34,443,440.7,225,444.2,150,0,133425
NIFTY26MAR2012000CE.NFO,07/01/2020,09:21:35,443,440.7,225,444.4,75,0,133425
NIFTY26MAR2012000CE.NFO,07/01/2020,09:21:36,443,440.65,75,445.6,150,0,133425
NIFTY26MAR2012000CE.NFO,07/01/2020,09:21:37,443,440.7,225,445.55,150,0,133425
NIFTY26MAR2012000CE.NFO,07/01/2020,09:21:38,443,440.7,225,444.15,75,0,133425
NIFTY26MAR2012000CE.NFO,07/01/2020,09:21:39,445,440.7,225,445.7,150,225,133425
NIFTY26MAR2012000CE.NFO,07/01/2020,09:21:39,445,440.7,225,445.7,150,0,133425
NIFTY26MAR2012000CE.NFO,07/01/2020,09:21:40,445,440.7,225,445.25,150,0,133425
NIFTY26MAR2012000CE.NFO,07/01/2020,09:21:41,445,440.9,75,444.9,75,0,133425
NIFTY26MAR2012000CE.NFO,07/01/2020,09:21:42,445,441.3,225,445.55,150,0,133425
NIFTY26MAR2012000CE.NFO,07/01/2020,09:21:43,445,442.25,225,445.85,150,0,133425
NIFTY26MAR2012000CE.NFO,07/01/2020,09:21:44,445,442.8,75,445.85,150,0,133425
NIFTY26MAR2012000CE.NFO,07/01/2020,09:21:45,445,442.85,225,445.65,75,0,133425
NIFTY26MAR2012000CE.NFO,07/01/2020,09:21:46,445,442.85,75,445.3,75,0,133425
NIFTY26MAR2012000CE.NFO,07/01/2020,09:21:47,445,442.85,75,445.4,150,0,133425
NIFTY26MAR2012000CE.NFO,07/01/2020,09:21:48,445,442.1,75,445.2,150,0,133425
NIFTY26MAR2012000CE.NFO,07/01/2020,09:21:49,445,441.9,75,444.7,75,0,133425
NIFTY26MAR2012000CE.NFO,07/01/2020,09:21:50,445,441.9,75,444.5,75,0,133425
NIFTY26MAR2012000CE.NFO,07/01/2020,09:21:51,445,443.1,75,445.45,150,0,133425
NIFTY26MAR2012000CE.NFO,07/01/2020,09:21:52,445,442.8,75,445.1,75,0,133425
NIFTY26MAR2012000CE.NFO,07/01/2020,09:21:53,445,442.85,225,445.7,150,0,133425
NIFTY26MAR2012000CE.NFO,07/01/2020,09:21:54,445,442.8,75,445.35,150,0,133425
NIFTY26MAR2012000CE.NFO,07/01/2020,09:21:55,445,442.8,75,445.7,75,0,133425
NIFTY26MAR2012000CE.NFO,07/01/2020,09:21:56,445,443.15,225,445.8,75,0,133425
NIFTY26MAR2012000CE.NFO,07/01/2020,09:21:57,445,443.15,225,445.2,150,0,133425
NIFTY26MAR2012000CE.NFO,07/01/2020,09:21:58,445,443.15,75,445.85,150,0,133425
NIFTY26MAR2012000CE.NFO,07/01/2020,09:21:59,445,443.15,75,445.5,150,0,133425
NIFTY26MAR2012000CE.NFO,07/01/2020,09:22:00,445,443.4,75,445.45,75,0,133425
NIFTY26MAR2012000CE.NFO,07/01/2020,09:22:01,445,443.5,225,445.55,150,0,133425
NIFTY26MAR2012000CE.NFO,07/01/2020,09:22:02,445,443.45,225,445.85,150,0,133425
NIFTY26MAR2012000CE.NFO,07/01/2020,09:22:03,445,443.7,75,445.5,75,0,133425
NIFTY26MAR2012000CE.NFO,07/01/2020,09:22:04,445,444.9,75,446,300,0,133425
NIFTY26MAR2012000CE.NFO,07/01/2020,09:22:05,446,443.45,75,447.9,150,300,133425
NIFTY26MAR2012000CE.NFO,07/01/2020,09:22:05,446,443.45,75,447.9,150,0,133425
NIFTY26MAR2012000CE.NFO,07/01/2020,09:22:06,446,443.65,75,448.05,150,0,133425
NIFTY26MAR2012000CE.NFO,07/01/2020,09:22:07,446,443.8,225,451.8,300,0,133425
NIFTY26MAR2012000CE.NFO,07/01/2020,09:22:08,446,442.6,75,451.55,450,0,133425
NIFTY26MAR2012000CE.NFO,07/01/2020,09:22:09,446,442.85,75,447.45,150,0,133425
NIFTY26MAR2012000CE.NFO,07/01/2020,09:22:10,446,442.9,225,447,75,0,133425
NIFTY26MAR2012000CE.NFO,07/01/2020,09:22:11,446,444.3,75,447.65,75,0,133425
NIFTY26MAR2012000CE.NFO,07/01/2020,09:22:12,445,442.6,75,449.3,150,150,133425
NIFTY26MAR2012000CE.NFO,07/01/2020,09:22:13,445,442.65,225,448.75,300,0,133425
NIFTY26MAR2012000CE.NFO,07/01/2020,09:22:14,445,442.95,75,448.35,150,0,133425
NIFTY26MAR2012000CE.NFO,07/01/2020,09:22:15,445,443.25,75,447.75,75,0,133425
NIFTY26MAR2012000CE.NFO,07/01/2020,09:22:16,445,444.45,75,449.85,75,0,133425
NIFTY26MAR2012000CE.NFO,07/01/2020,09:22:17,445,444.55,225,449.55,75,0,133425
NIFTY26MAR2012000CE.NFO,07/01/2020,09:22:18,445,445.4,75,455.85,75,0,133425
NIFTY26MAR2012000CE.NFO,07/01/2020,09:22:19,445,444.95,225,450.1,75,0,133425
NIFTY26MAR2012000CE.NFO,07/01/2020,09:22:20,445,445.35,75,449.5,75,0,133425
NIFTY26MAR2012000CE.NFO,07/01/2020,09:22:21,445,445.15,225,455.35,75,0,133425
NIFTY26MAR2012000CE.NFO,07/01/2020,09:22:22,445,445.15,225,450.1,75,0,133425
NIFTY26MAR2012000CE.NFO,07/01/2020,09:22:23,445,445.4,75,449.35,75,0,133425
NIFTY26MAR2012000CE.NFO,07/01/2020,09:22:24,445,445.75,75,454.65,75,0,133425
NIFTY26MAR2012000CE.NFO,07/01/2020,09:22:25,445,446.25,75,450.6,75,0,133425
NIFTY26MAR2012000CE.NFO,07/01/2020,09:22:26,445,445.8,225,449.75,75,0,133425
NIFTY26MAR2012000CE.NFO,07/01/2020,09:22:27,445,446.1,75,449.75,75,0,133425
NIFTY26MAR2012000CE.NFO,07/01/2020,09:22:28,445,446.1,225,450.8,75,0,133425
NIFTY26MAR2012000CE.NFO,07/01/2020,09:22:29,445,446.05,75,450.05,75,0,133425
NIFTY26MAR2012000CE.NFO,07/01/2020,09:22:30,445,444.6,75,449.3,75,0,133425
NIFTY26MAR2012000CE.NFO,07/01/2020,09:22:31,445,444.45,225,450.1,75,0,133425
NIFTY26MAR2012000CE.NFO,07/01/2020,09:22:32,445,444.45,225,449.1,75,0,133425
NIFTY26MAR2012000CE.NFO,07/01/2020,09:22:34,445,444.8,225,455.8,75,0,133425
NIFTY26MAR2012000CE.NFO,07/01/2020,09:22:35,445,444.8,225,449.2,75,0,133425
NIFTY26MAR2012000CE.NFO,07/01/2020,09:22:36,445,444.8,225,449.95,75,0,133425
NIFTY26MAR2012000CE.NFO,07/01/2020,09:22:37,445,444.8,225,449.5,75,0,133425
NIFTY26MAR2012000CE.NFO,07/01/2020,09:22:38,445,444.8,225,448.75,75,0,133425
NIFTY26MAR2012000CE.NFO,07/01/2020,09:22:39,445,445.35,225,450.7,75,0,133425
NIFTY26MAR2012000CE.NFO,07/01/2020,09:22:40,445,445.25,225,449.95,75,0,133425
NIFTY26MAR2012000CE.NFO,07/01/2020,09:22:41,445,445.25,225,449.2,75,0,133425
NIFTY26MAR2012000CE.NFO,07/01/2020,09:22:42,445,445.25,225,454.1,75,0,133425
NIFTY26MAR2012000CE.NFO,07/01/2020,09:22:43,445,445.25,225,450.15,75,0,133425
NIFTY26MAR2012000CE.NFO,07/01/2020,09:22:44,445,445.25,225,449.55,75,0,133425
NIFTY26MAR2012000CE.NFO,07/01/2020,09:22:45,445,445.25,225,448.95,75,0,133425
NIFTY26MAR2012000CE.NFO,07/01/2020,09:22:46,445,445.25,225,448.5,75,0,133425
NIFTY26MAR2012000CE.NFO,07/01/2020,09:22:47,445,444.05,225,453.5,75,0,133425
NIFTY26MAR2012000CE.NFO,07/01/2020,09:22:48,445,444.3,75,449.05,75,0,133425
NIFTY26MAR2012000CE.NFO,07/01/2020,09:22:49,445,444.35,225,448.9,75,0,133425
NIFTY26MAR2012000CE.NFO,07/01/2020,09:22:50,445,444.35,225,448.3,75,0,133425
NIFTY26MAR2012000CE.NFO,07/01/2020,09:22:51,445,445.1,225,453,75,0,133425
NIFTY26MAR2012000CE.NFO,07/01/2020,09:22:52,445,445.3,225,449.55,75,0,133425
NIFTY26MAR2012000CE.NFO,07/01/2020,09:22:53,445,445.1,225,453.4,75,0,133425
NIFTY26MAR2012000CE.NFO,07/01/2020,09:22:54,445,445.6,225,450,75,0,133425
NIFTY26MAR2012000CE.NFO,07/01/2020,09:22:55,445,445.85,225,449.95,75,0,133425
NIFTY26MAR2012000CE.NFO,07/01/2020,09:22:56,445,446.25,225,450.7,75,0,133425
NIFTY26MAR2012000CE.NFO,07/01/2020,09:22:57,445,446.25,225,449.85,75,0,133425
NIFTY26MAR2012000CE.NFO,07/01/2020,09:22:58,445,446.25,225,451.25,75,0,133425
NIFTY26MAR2012000CE.NFO,07/01/2020,09:22:59,445,446.25,225,450.7,75,0,133425
NIFTY26MAR2012000CE.NFO,07/01/2020,09:23:00,445,445,225,450.25,75,0,133425
NIFTY26MAR2012000CE.NFO,07/01/2020,09:23:01,445,445.35,225,456.25,75,0,133425
NIFTY26MAR2012000CE.NFO,07/01/2020,09:23:02,445,445.35,225,450.65,75,0,133425
NIFTY26MAR2012000CE.NFO,07/01/2020,09:23:03,445,445.3,75,449.9,75,0,133425
NIFTY26MAR2012000CE.NFO,07/01/2020,09:23:04,445,445.6,75,450.95,75,0,133425
NIFTY26MAR2012000CE.NFO,07/01/2020,09:23:06,445,445.9,225,450,75,0,133425
NIFTY26MAR2012000CE.NFO,07/01/2020,09:23:07,445,445.9,225,456.85,75,0,133425
NIFTY26MAR2012000CE.NFO,07/01/2020,09:23:08,445,445.9,225,450.1,75,0,133425
NIFTY26MAR2012000CE.NFO,07/01/2020,09:23:09,445,445.9,225,456.7,75,0,133425
NIFTY26MAR2012000CE.NFO,07/01/2020,09:23:10,445,443.65,75,449.95,75,0,133425
NIFTY26MAR2012000CE.NFO,07/01/2020,09:23:11,445,443.6,225,455.95,75,0,133425
NIFTY26MAR2012000CE.NFO,07/01/2020,09:23:12,445,443.7,225,455.8,75,0,133425
NIFTY26MAR2012000CE.NFO,07/01/2020,09:23:13,445,444,225,449.95,75,0,133425
NIFTY26MAR2012000CE.NFO,07/01/2020,09:23:14,445,443.2,225,450.55,75,0,133425
NIFTY26MAR2012000CE.NFO,07/01/2020,09:23:15,445,443.5,225,449.9,75,0,133425
NIFTY26MAR2012000CE.NFO,07/01/2020,09:23:16,445,442.75,225,454.9,75,0,133425
NIFTY26MAR2012000CE.NFO,07/01/2020,09:23:17,445,443.05,225,449.8,75,0,133425
NIFTY26MAR2012000CE.NFO,07/01/2020,09:23:18,445,442.15,75,449.35,75,0,133425
NIFTY26MAR2012000CE.NFO,07/01/2020,09:23:19,445,442.8,225,453.65,75,0,133425
NIFTY26MAR2012000CE.NFO,07/01/2020,09:23:20,445,442.8,225,449.95,75,0,133425
NIFTY26MAR2012000CE.NFO,07/01/2020,09:23:21,445,443.2,225,449.4,75,0,133425
NIFTY26MAR2012000CE.NFO,07/01/2020,09:23:22,445,443.5,225,449.65,75,0,133425
NIFTY26MAR2012000CE.NFO,07/01/2020,09:23:23,445,443.8,225,449.65,75,0,133425
NIFTY26MAR2012000CE.NFO,07/01/2020,09:23:24,445,444.1,225,449.95,75,0,133425
NIFTY26MAR2012000CE.NFO,07/01/2020,09:23:25,445,443.75,225,449.95,75,0,133425
NIFTY26MAR2012000CE.NFO,07/01/2020,09:23:26,445,444.05,225,449.8,75,0,133425
NIFTY26MAR2012000CE.NFO,07/01/2020,09:23:27,445,443.45,225,449.65,75,0,133425
NIFTY26MAR2012000CE.NFO,07/01/2020,09:23:28,445,443.65,225,449.95,75,0,133425
NIFTY26MAR2012000CE.NFO,07/01/2020,09:23:29,445,444.05,225,449.95,75,0,133425
NIFTY26MAR2012000CE.NFO,07/01/2020,09:23:30,445,442.25,225,449.8,75,0,133425
NIFTY26MAR2012000CE.NFO,07/01/2020,09:23:31,445,442.2,225,449.8,75,0,133425
NIFTY26MAR2012000CE.NFO,07/01/2020,09:23:32,445,442.85,225,449.8,75,0,133425
NIFTY26MAR2012000CE.NFO,07/01/2020,09:23:33,445,443.25,225,449.95,75,0,133425
NIFTY26MAR2012000CE.NFO,07/01/2020,09:23:34,445,443.7,75,449.8,75,0,133425
NIFTY26MAR2012000CE.NFO,07/01/2020,09:23:35,445,442.6,75,449.8,75,0,133425
NIFTY26MAR2012000CE.NFO,07/01/2020,09:23:36,445,443.1,300,449.65,75,0,133425
NIFTY26MAR2012000CE.NFO,07/01/2020,09:23:37,445,443.55,75,449.8,75,0,133425
NIFTY26MAR2012000CE.NFO,07/01/2020,09:23:38,445,443.55,75,449.95,75,0,133425
NIFTY26MAR2012000CE.NFO,07/01/2020,09:23:39,445,442.95,225,449.7,75,0,133425
NIFTY26MAR2012000CE.NFO,07/01/2020,09:23:40,445,443.3,75,449.9,75,0,133425
NIFTY26MAR2012000CE.NFO,07/01/2020,09:23:41,445,443.85,75,449.5,75,0,133425
NIFTY26MAR2012000CE.NFO,07/01/2020,09:23:42,443,443.05,150,449.25,75,600,133275
NIFTY26MAR2012000CE.NFO,07/01/2020,09:23:43,443,443.75,150,451,150,0,133275
NIFTY26MAR2012000CE.NFO,07/01/2020,09:23:44,443,443.75,150,449.8,75,0,133275
NIFTY26MAR2012000CE.NFO,07/01/2020,09:23:45,443,443.8,75,448.4,75,0,133275
NIFTY26MAR2012000CE.NFO,07/01/2020,09:23:46,443,443.2,75,450.75,75,0,133275
NIFTY26MAR2012000CE.NFO,07/01/2020,09:23:47,443,443.6,75,450.15,75,0,133275
NIFTY26MAR2012000CE.NFO,07/01/2020,09:23:48,443,443.9,75,453.45,75,0,133275
NIFTY26MAR2012000CE.NFO,07/01/2020,09:23:49,443,443.2,75,452.05,75,0,133275
NIFTY26MAR2012000CE.NFO,07/01/2020,09:23:50,443,443.45,150,450.85,75,0,133275
NIFTY26MAR2012000CE.NFO,07/01/2020,09:23:51,443,443.8,75,449.95,75,0,133275
NIFTY26MAR2012000CE.NFO,07/01/2020,09:23:52,443,444.1,75,452.85,225,0,133275
NIFTY26MAR2012000CE.NFO,07/01/2020,09:23:53,443,444.25,75,450.25,75,0,133275
NIFTY26MAR2012000CE.NFO,07/01/2020,09:23:54,443,444.15,225,449.05,75,0,133275
NIFTY26MAR2012000CE.NFO,07/01/2020,09:23:55,443,444.5,225,451.2,75,0,133275
NIFTY26MAR2012000CE.NFO,07/01/2020,09:23:56,443,444.7,225,450,75,0,133275
NIFTY26MAR2012000CE.NFO,07/01/2020,09:23:57,443,444.7,225,451.8,300,0,133275
NIFTY26MAR2012000CE.NFO,07/01/2020,09:23:58,443,444.55,225,450.7,75,0,133275
NIFTY26MAR2012000CE.NFO,07/01/2020,09:23:59,443,445.05,225,449.6,75,0,133275
NIFTY26MAR2012000CE.NFO,07/01/2020,09:24:00,443,444.05,225,451.65,225,0,133275
NIFTY26MAR2012000CE.NFO,07/01/2020,09:24:01,443,444.4,75,450.35,150,0,133275
NIFTY26MAR2012000CE.NFO,07/01/2020,09:24:02,443,443.85,225,451.5,75,0,133275
NIFTY26MAR2012000CE.NFO,07/01/2020,09:24:03,443,444.15,375,450.45,75,0,133275
NIFTY26MAR2012000CE.NFO,07/01/2020,09:24:04,443,444.25,375,449.75,150,0,133275
NIFTY26MAR2012000CE.NFO,07/01/2020,09:24:05,443,444,75,456.55,75,0,133275
NIFTY26MAR2012000CE.NFO,07/01/2020,09:24:06,443,443.95,375,451.4,75,0,133275
NIFTY26MAR2012000CE.NFO,07/01/2020,09:24:07,443,444.1,375,450.2,150,0,133275
NIFTY26MAR2012000CE.NFO,07/01/2020,09:24:08,443,444.1,375,449.3,75,0,133275
NIFTY26MAR2012000CE.NFO,07/01/2020,09:24:09,443,444.1,375,451.1,75,0,133275
NIFTY26MAR2012000CE.NFO,07/01/2020,09:24:10,443,444.3,375,450.05,75,0,133275
NIFTY26MAR2012000CE.NFO,07/01/2020,09:24:11,443,443.05,150,449,75,0,133275
NIFTY26MAR2012000CE.NFO,07/01/2020,09:24:12,443,443.25,375,451.3,150,0,133275
NIFTY26MAR2012000CE.NFO,07/01/2020,09:24:13,443,443.85,525,450.5,75,0,133275
NIFTY26MAR2012000CE.NFO,07/01/2020,09:24:14,443,442.9,600,449.65,75,0,133275
NIFTY26MAR2012000CE.NFO,07/01/2020,09:24:15,443,442.9,600,449.6,75,0,133275
NIFTY26MAR2012000CE.NFO,07/01/2020,09:24:16,443,442.5,150,453.35,75,0,133275
NIFTY26MAR2012000CE.NFO,07/01/2020,09:24:17,443,443.6,375,450.5,75,0,133275
NIFTY26MAR2012000CE.NFO,07/01/2020,09:24:18,443,443.15,375,449.35,150,0,133275
NIFTY26MAR2012000CE.NFO,07/01/2020,09:24:19,443,444.2,375,450.75,150,0,133275
NIFTY26MAR2012000CE.NFO,07/01/2020,09:24:20,443,443.45,375,450.65,75,0,133275
NIFTY26MAR2012000CE.NFO,07/01/2020,09:24:21,443,443.35,375,449.05,150,0,133275
NIFTY26MAR2012000CE.NFO,07/01/2020,09:24:22,443,443.75,375,451.3,75,0,133275
NIFTY26MAR2012000CE.NFO,07/01/2020,09:24:23,443,442.55,300,449.6,75,0,133275
NIFTY26MAR2012000CE.NFO,07/01/2020,09:24:24,443,443.05,150,448.75,75,0,133275
NIFTY26MAR2012000CE.NFO,07/01/2020,09:24:25,443,443.1,75,448.75,75,0,133275
NIFTY26MAR2012000CE.NFO,07/01/2020,09:24:26,443,443.8,450,450.9,75,0,133275
NIFTY26MAR2012000CE.NFO,07/01/2020,09:24:27,443,444.15,375,449.6,75,0,133275
NIFTY26MAR2012000CE.NFO,07/01/2020,09:24:28,443,443.1,300,448.5,75,0,133275
NIFTY26MAR2012000CE.NFO,07/01/2020,09:24:29,443,443.3,450,448.35,75,0,133275
NIFTY26MAR2012000CE.NFO,07/01/2020,09:24:30,443,443.35,450,448.35,75,0,133275
NIFTY26MAR2012000CE.NFO,07/01/2020,09:24:31,448.05,443.95,450,450.75,75,150,133275
NIFTY26MAR2012000CE.NFO,07/01/2020,09:24:31,448.05,443.95,450,450.75,75,0,133275
NIFTY26MAR2012000CE.NFO,07/01/2020,09:24:32,448.05,442.5,375,449.65,75,0,133275
NIFTY26MAR2012000CE.NFO,07/01/2020,09:24:33,448.05,443.05,600,448.8,75,0,133275
NIFTY26MAR2012000CE.NFO,07/01/2020,09:24:34,448.05,441.75,75,452.9,75,0,133275
NIFTY26MAR2012000CE.NFO,07/01/2020,09:24:35,448.05,441.75,450,452.9,75,0,133275
NIFTY26MAR2012000CE.NFO,07/01/2020,09:24:36,448.05,442.9,75,449.8,75,0,133275
NIFTY26MAR2012000CE.NFO,07/01/2020,09:24:37,448.05,442.8,375,448.85,75,0,133275
NIFTY26MAR2012000CE.NFO,07/01/2020,09:24:38,448.05,442.8,375,450.8,150,0,133275
NIFTY26MAR2012000CE.NFO,07/01/2020,09:24:39,448.05,443.1,150,449.55,150,0,133275
NIFTY26MAR2012000CE.NFO,07/01/2020,09:24:40,448.05,443.1,150,449.45,75,0,133275
NIFTY26MAR2012000CE.NFO,07/01/2020,09:24:41,448.05,443.15,375,448.55,75,0,133275
NIFTY26MAR2012000CE.NFO,07/01/2020,09:24:42,448.05,443.15,375,449.4,75,0,133275
NIFTY26MAR2012000CE.NFO,07/01/2020,09:24:43,448.05,440.8,75,448.25,75,0,133275
NIFTY26MAR2012000CE.NFO,07/01/2020,09:24:44,448.05,442.1,150,450.4,225,0,133275
NIFTY26MAR2012000CE.NFO,07/01/2020,09:24:45,448.05,442.15,75,450.3,75,0,133275
NIFTY26MAR2012000CE.NFO,07/01/2020,09:24:46,448.05,442.75,450,449.7,75,0,133275
NIFTY26MAR2012000CE.NFO,07/01/2020,09:24:47,448.05,443.4,375,448.8,75,0,133275
NIFTY26MAR2012000CE.NFO,07/01/2020,09:24:48,448.05,441.9,225,449.85,75,0,133275
NIFTY26MAR2012000CE.NFO,07/01/2020,09:24:49,448.05,442.4,75,449,300,0,133275
NIFTY26MAR2012000CE.NFO,07/01/2020,09:24:51,448.05,443.05,75,451.7,75,0,133275
NIFTY26MAR2012000CE.NFO,07/01/2020,09:24:52,448.05,443.05,75,450.6,75,0,133275
NIFTY26MAR2012000CE.NFO,07/01/2020,09:24:53,448.05,443.05,75,450.1,525,0,133275
NIFTY26MAR2012000CE.NFO,07/01/2020,09:24:54,448.05,442.8,75,449.5,375,0,133275
NIFTY26MAR2012000CE.NFO,07/01/2020,09:24:55,448.05,442.8,75,449.4,75,0,133275
NIFTY26MAR2012000CE.NFO,07/01/2020,09:24:56,448.05,442.6,75,448.9,75,0,133275
NIFTY26MAR2012000CE.NFO,07/01/2020,09:24:57,448.05,442.6,75,450.15,75,0,133275
NIFTY26MAR2012000CE.NFO,07/01/2020,09:24:58,448.05,443.2,75,449.25,75,0,133275
NIFTY26MAR2012000CE.NFO,07/01/2020,09:24:59,448.05,443.15,150,448.3,75,0,133275
NIFTY26MAR2012000CE.NFO,07/01/2020,09:25:00,448.05,443.15,150,448.25,75,0,133275
NIFTY26MAR2012000CE.NFO,07/01/2020,09:25:01,448.05,443.15,150,449.65,75,0,133275
NIFTY26MAR2012000CE.NFO,07/01/2020,09:25:02,448.05,442.8,75,448.55,75,0,133275
NIFTY26MAR2012000CE.NFO,07/01/2020,09:25:03,448.05,443.25,75,451.05,75,0,133275
NIFTY26MAR2012000CE.NFO,07/01/2020,09:25:04,448.05,443.55,75,450.35,375,0,133275
NIFTY26MAR2012000CE.NFO,07/01/2020,09:25:05,448.05,443.55,75,450.25,75,0,133275
NIFTY26MAR2012000CE.NFO,07/01/2020,09:25:06,448.05,443.6,75,449.85,75,0,133275
NIFTY26MAR2012000CE.NFO,07/01/2020,09:25:07,448.05,443,75,451.25,150,0,133275
NIFTY26MAR2012000CE.NFO,07/01/2020,09:25:08,448.05,443.3,75,450.1,75,0,133275
NIFTY26MAR2012000CE.NFO,07/01/2020,09:25:09,448.05,442,150,448.85,75,0,133275
NIFTY26MAR2012000CE.NFO,07/01/2020,09:25:11,448.05,442.4,225,450.95,75,0,133275
NIFTY26MAR2012000CE.NFO,07/01/2020,09:25:12,448.05,443.15,150,450.15,75,0,133275
NIFTY26MAR2012000CE.NFO,07/01/2020,09:25:13,448.05,442.15,225,449.3,300,0,133275
NIFTY26MAR2012000CE.NFO,07/01/2020,09:25:14,448.05,442.15,150,448.1,75,0,133275
NIFTY26MAR2012000CE.NFO,07/01/2020,09:25:15,448.05,442.15,150,448.05,75,0,133275
NIFTY26MAR2012000CE.NFO,07/01/2020,09:25:16,448.05,442.25,150,450.1,150,0,133275
NIFTY26MAR2012000CE.NFO,07/01/2020,09:25:17,448.05,442.45,150,448.75,75,0,133275
NIFTY26MAR2012000CE.NFO,07/01/2020,09:25:18,448.05,442.55,75,451.8,75,0,133275
NIFTY26MAR2012000CE.NFO,07/01/2020,09:25:19,448.05,442.3,150,449.9,75,0,133275
NIFTY26MAR2012000CE.NFO,07/01/2020,09:25:20,448.05,442.7,150,448.4,75,0,133275
NIFTY26MAR2012000CE.NFO,07/01/2020,09:25:21,448.05,442.9,150,450.55,150,0,133275
NIFTY26MAR2012000CE.NFO,07/01/2020,09:25:22,448.05,442.25,150,449.45,75,0,133275
NIFTY26MAR2012000CE.NFO,07/01/2020,09:25:23,448.05,442.65,150,448.35,75,0,133275
NIFTY26MAR2012000CE.NFO,07/01/2020,09:25:24,448.05,442.65,150,450.55,150,0,133275
NIFTY26MAR2012000CE.NFO,07/01/2020,09:25:25,448.05,442.65,150,449.6,75,0,133275
NIFTY26MAR2012000CE.NFO,07/01/2020,09:25:26,448.05,442.5,150,448.3,75,0,133275
NIFTY26MAR2012000CE.NFO,07/01/2020,09:25:27,448.05,442.8,150,450.35,75,0,133275
NIFTY26MAR2012000CE.NFO,07/01/2020,09:25:28,448.05,443.1,150,448.9,75,0,133275
NIFTY26MAR2012000CE.NFO,07/01/2020,09:25:29,448.05,442.85,75,451.95,300,0,133275
NIFTY26MAR2012000CE.NFO,07/01/2020,09:25:30,448.05,443,150,449.3,75,0,133275
NIFTY26MAR2012000CE.NFO,07/01/2020,09:25:31,448.05,442.8,150,448.05,75,0,133275
NIFTY26MAR2012000CE.NFO,07/01/2020,09:25:32,448.05,442.8,150,447.9,75,0,133275
NIFTY26MAR2012000CE.NFO,07/01/2020,09:25:33,448.05,441,150,448.6,75,0,133275
NIFTY26MAR2012000CE.NFO,07/01/2020,09:25:34,448.05,441.65,75,451.25,75,0,133275
NIFTY26MAR2012000CE.NFO,07/01/2020,09:25:35,448.05,441.2,150,449.5,75,0,133275
NIFTY26MAR2012000CE.NFO,07/01/2020,09:25:36,448.05,442.7,150,448.2,75,0,133275
NIFTY26MAR2012000CE.NFO,07/01/2020,09:25:37,448.05,442.7,150,451.75,150,0,133275
NIFTY26MAR2012000CE.NFO,07/01/2020,09:25:38,448.05,442.7,150,448.95,75,0,133275
NIFTY26MAR2012000CE.NFO,07/01/2020,09:25:39,448.05,441.55,150,447.8,75,0,133275
NIFTY26MAR2012000CE.NFO,07/01/2020,09:25:40,448.05,442.05,150,449.4,75,0,133275
NIFTY26MAR2012000CE.NFO,07/01/2020,09:25:41,448.05,441.15,150,448.7,225,0,133275
NIFTY26MAR2012000CE.NFO,07/01/2020,09:25:42,448.05,441.55,150,447.6,75,0,133275
NIFTY26MAR2012000CE.NFO,07/01/2020,09:25:43,448.05,442.35,75,448.6,375,0,133275
NIFTY26MAR2012000CE.NFO,07/01/2020,09:25:44,448.05,442.4,150,448.5,75,0,133275
NIFTY26MAR2012000CE.NFO,07/01/2020,09:25:45,448.05,441.9,150,447.6,75,0,133275
NIFTY26MAR2012000CE.NFO,07/01/2020,09:25:46,448.05,442.05,150,448.35,75,0,133275
NIFTY26MAR2012000CE.NFO,07/01/2020,09:25:47,448.05,442.25,150,449.95,75,0,133275
NIFTY26MAR2012000CE.NFO,07/01/2020,09:25:48,448.05,442.35,150,448.95,375,0,133275
NIFTY26MAR2012000CE.NFO,07/01/2020,09:25:49,448.05,442.35,150,448.85,75,0,133275
NIFTY26MAR2012000CE.NFO,07/01/2020,09:25:50,448.05,442.25,225,451.25,75,0,133275
NIFTY26MAR2012000CE.NFO,07/01/2020,09:25:51,448.05,442.85,150,448.9,75,0,133275
NIFTY26MAR2012000CE.NFO,07/01/2020,09:25:52,448.05,442.7,150,447.85,75,0,133275
NIFTY26MAR2012000CE.NFO,07/01/2020,09:25:53,448.05,444.05,150,448.65,75,0,133275
NIFTY26MAR2012000CE.NFO,07/01/2020,09:25:54,448.05,443.8,150,450.55,75,0,133275
NIFTY26MAR2012000CE.NFO,07/01/2020,09:25:55,448.05,444.3,150,449.6,150,0,133275
NIFTY26MAR2012000CE.NFO,07/01/2020,09:25:56,448.05,444.3,150,449.5,75,0,133275
NIFTY26MAR2012000CE.NFO,07/01/2020,09:25:57,448.05,443.4,150,448.15,75,0,133275
NIFTY26MAR2012000CE.NFO,07/01/2020,09:25:58,448.05,443.4,150,449.9,225,0,133275
NIFTY26MAR2012000CE.NFO,07/01/2020,09:25:59,448.05,443.05,150,448.85,375,0,133275
NIFTY26MAR2012000CE.NFO,07/01/2020,09:26:00,448.05,443.05,150,447.8,225,0,133275
NIFTY26MAR2012000CE.NFO,07/01/2020,09:26:01,448.05,442.2,150,453.2,225,0,133275
NIFTY26MAR2012000CE.NFO,07/01/2020,09:26:02,448.05,442.25,150,449.05,300,0,133275
NIFTY26MAR2012000CE.NFO,07/01/2020,09:26:03,448.05,442.25,150,448.25,75,0,133275
NIFTY26MAR2012000CE.NFO,07/01/2020,09:26:04,448.05,442.25,150,447.35,75,0,133275
NIFTY26MAR2012000CE.NFO,07/01/2020,09:26:05,448.05,442.25,150,448.6,225,0,133275
NIFTY26MAR2012000CE.NFO,07/01/2020,09:26:06,448.05,442.25,150,447.75,75,0,133275
NIFTY26MAR2012000CE.NFO,07/01/2020,09:26:07,448.05,442.35,150,449.7,75,0,133275
NIFTY26MAR2012000CE.NFO,07/01/2020,09:26:08,448.05,442.25,150,448.3,75,0,133275
NIFTY26MAR2012000CE.NFO,07/01/2020,09:26:09,448.05,442.55,150,447.7,225,0,133275
NIFTY26MAR2012000CE.NFO,07/01/2020,09:26:10,448.05,442.95,150,448.55,75,0,133275
NIFTY26MAR2012000CE.NFO,07/01/2020,09:26:11,448.05,443.25,150,447.8,75,0,133275
NIFTY26MAR2012000CE.NFO,07/01/2020,09:26:12,448.05,441.85,150,447.25,300,0,133275
NIFTY26MAR2012000CE.NFO,07/01/2020,09:26:13,448.05,442.45,150,449.15,300,0,133275
NIFTY26MAR2012000CE.NFO,07/01/2020,09:26:14,448.05,443.05,150,448.2,150,0,133275
NIFTY26MAR2012000CE.NFO,07/01/2020,09:26:15,448.05,441.6,150,447.5,300,0,133275
NIFTY26MAR2012000CE.NFO,07/01/2020,09:26:16,448.05,441.6,150,447.4,75,0,133275
NIFTY26MAR2012000CE.NFO,07/01/2020,09:26:17,448.05,442.25,75,448.65,225,0,133275
NIFTY26MAR2012000CE.NFO,07/01/2020,09:26:18,448.05,441.1,75,447.8,75,0,133275
NIFTY26MAR2012000CE.NFO,07/01/2020,09:26:19,448.05,441.45,225,447,225,0,133275
NIFTY26MAR2012000CE.NFO,07/01/2020,09:26:20,448.05,441.85,150,446.5,225,0,133275
NIFTY26MAR2012000CE.NFO,07/01/2020,09:26:21,448.05,442.3,75,448.55,225,0,133275
NIFTY26MAR2012000CE.NFO,07/01/2020,09:26:22,448.05,442.55,150,447.15,225,0,133275
NIFTY26MAR2012000CE.NFO,07/01/2020,09:26:23,448.05,441.15,75,446.6,300,0,133275
NIFTY26MAR2012000CE.NFO,07/01/2020,09:26:24,448.05,441.6,150,446.7,225,0,133275
NIFTY26MAR2012000CE.NFO,07/01/2020,09:26:25,448.05,441.95,75,446.1,225,0,133275
NIFTY26MAR2012000CE.NFO,07/01/2020,09:26:26,448.05,442.5,150,447.2,300,0,133275
NIFTY26MAR2012000CE.NFO,07/01/2020,09:26:27,448.05,442.9,150,452.75,75,0,133275
NIFTY26MAR2012000CE.NFO,07/01/2020,09:26:28,448.05,442.05,150,448.5,75,0,133275
NIFTY26MAR2012000CE.NFO,07/01/2020,09:26:29,448.05,442.4,150,447.65,75,0,133275
NIFTY26MAR2012000CE.NFO,07/01/2020,09:26:30,448.05,442.95,150,449.45,75,0,133275
NIFTY26MAR2012000CE.NFO,07/01/2020,09:26:31,448.05,443,150,448.7,300,0,133275
NIFTY26MAR2012000CE.NFO,07/01/2020,09:26:32,448.05,443.35,150,447.9,75,0,133275
NIFTY26MAR2012000CE.NFO,07/01/2020,09:26:33,448.05,443.1,150,447.35,300,0,133275
NIFTY26MAR2012000CE.NFO,07/01/2020,09:26:34,448.05,442.75,150,449.65,300,0,133275
NIFTY26MAR2012000CE.NFO,07/01/2020,09:26:35,448.05,443.05,150,448.75,225,0,133275
NIFTY26MAR2012000CE.NFO,07/01/2020,09:26:36,448.05,442.35,150,447.9,75,0,133275
NIFTY26MAR2012000CE.NFO,07/01/2020,09:26:37,448.05,442.65,150,447.1,75,0,133275
NIFTY26MAR2012000CE.NFO,07/01/2020,09:26:38,448.05,443.05,150,451.95,225,0,133275
NIFTY26MAR2012000CE.NFO,07/01/2020,09:26:39,448.05,441.45,150,448.7,300,0,133275
NIFTY26MAR2012000CE.NFO,07/01/2020,09:26:40,448.05,441.75,150,447.8,300,0,133275
NIFTY26MAR2012000CE.NFO,07/01/2020,09:26:41,448.05,442.15,150,447,75,0,133275
NIFTY26MAR2012000CE.NFO,07/01/2020,09:26:42,448.05,441.6,150,451.6,600,0,133275
NIFTY26MAR2012000CE.NFO,07/01/2020,09:26:43,448.05,441.6,150,446.45,225,0,133275
NIFTY26MAR2012000CE.NFO,07/01/2020,09:26:44,448.05,442.05,75,448.25,300,0,133275
NIFTY26MAR2012000CE.NFO,07/01/2020,09:26:45,448.05,441.35,150,446.35,75,0,133275
NIFTY26MAR2012000CE.NFO,07/01/2020,09:26:46,448.05,442.05,150,446.8,75,0,133275
NIFTY26MAR2012000CE.NFO,07/01/2020,09:26:47,448.05,442.45,150,446.75,225,0,133275
NIFTY26MAR2012000CE.NFO,07/01/2020,09:26:48,448.05,442.45,150,446.65,75,0,133275
NIFTY26MAR2012000CE.NFO,07/01/2020,09:26:49,448.05,441.75,150,448.6,75,0,133275
NIFTY26MAR2012000CE.NFO,07/01/2020,09:26:50,448.05,442.1,150,447.95,375,0,133275
NIFTY26MAR2012000CE.NFO,07/01/2020,09:26:51,448.05,441.2,150,446.95,300,0,133275
NIFTY26MAR2012000CE.NFO,07/01/2020,09:26:52,448.05,442.35,150,448.25,75,0,133275
NIFTY26MAR2012000CE.NFO,07/01/2020,09:26:53,448.05,442,150,447.3,300,0,133275
NIFTY26MAR2012000CE.NFO,07/01/2020,09:26:54,448.05,442.6,150,446.95,75,0,133275
NIFTY26MAR2012000CE.NFO,07/01/2020,09:26:55,448.05,442.25,150,447.45,75,0,133275
NIFTY26MAR2012000CE.NFO,07/01/2020,09:26:56,448.05,442.65,150,447.5,300,0,133275
NIFTY26MAR2012000CE.NFO,07/01/2020,09:26:57,448.05,442.45,150,446.6,75,0,133275
NIFTY26MAR2012000CE.NFO,07/01/2020,09:26:58,448.05,442.6,150,448.4,225,0,133275
NIFTY26MAR2012000CE.NFO,07/01/2020,09:26:59,448.05,442.05,150,447.35,150,0,133275
NIFTY26MAR2012000CE.NFO,07/01/2020,09:27:00,448.05,442.75,150,452.9,225,0,133275
NIFTY26MAR2012000CE.NFO,07/01/2020,09:27:01,448.05,442.75,150,446.45,75,0,133275
NIFTY26MAR2012000CE.NFO,07/01/2020,09:27:02,448.05,442.45,150,448.05,75,0,133275
NIFTY26MAR2012000CE.NFO,07/01/2020,09:27:03,448.05,442.35,150,447.2,75,0,133275
NIFTY26MAR2012000CE.NFO,07/01/2020,09:27:04,448.05,442.45,150,448.5,75,0,133275
NIFTY26MAR2012000CE.NFO,07/01/2020,09:27:05,448.05,442.55,150,447.45,300,0,133275
NIFTY26MAR2012000CE.NFO,07/01/2020,09:27:06,448.05,442.55,150,447.4,300,0,133275
NIFTY26MAR2012000CE.NFO,07/01/2020,09:27:07,448.05,442.5,75,448.9,225,0,133275
NIFTY26MAR2012000CE.NFO,07/01/2020,09:27:08,448.05,442.45,150,447.55,75,0,133275
NIFTY26MAR2012000CE.NFO,07/01/2020,09:27:09,448.05,442.7,150,448,75,0,133275
NIFTY26MAR2012000CE.NFO,07/01/2020,09:27:10,448.05,442.6,150,447.15,450,0,133275
NIFTY26MAR2012000CE.NFO,07/01/2020,09:27:11,448.05,442.6,150,447.1,300,0,133275
NIFTY26MAR2012000CE.NFO,07/01/2020,09:27:12,448.05,442.25,150,448.95,225,0,133275
NIFTY26MAR2012000CE.NFO,07/01/2020,09:27:13,448.05,442.45,150,447.5,225,0,133275
NIFTY26MAR2012000CE.NFO,07/01/2020,09:27:14,448.05,442.65,150,447.35,75,0,133275
NIFTY26MAR2012000CE.NFO,07/01/2020,09:27:15,448.05,442.45,150,449.25,75,0,133275
NIFTY26MAR2012000CE.NFO,07/01/2020,09:27:16,448.05,442.85,150,447.8,75,0,133275
NIFTY26MAR2012000CE.NFO,07/01/2020,09:27:17,448.05,442.45,150,446.6,75,0,133275
NIFTY26MAR2012000CE.NFO,07/01/2020,09:27:18,448.05,442.25,150,448.05,300,0,133275
NIFTY26MAR2012000CE.NFO,07/01/2020,09:27:19,448.05,442.25,150,447.95,75,0,133275
NIFTY26MAR2012000CE.NFO,07/01/2020,09:27:20,448.05,442.1,225,446.55,75,0,133275
NIFTY26MAR2012000CE.NFO,07/01/2020,09:27:21,448.05,442.3,150,447.4,75,0,133275
NIFTY26MAR2012000CE.NFO,07/01/2020,09:27:22,448.05,442.65,150,446.5,225,0,133275
NIFTY26MAR2012000CE.NFO,07/01/2020,09:27:23,448.05,442.7,150,449.35,375,0,133275
NIFTY26MAR2012000CE.NFO,07/01/2020,09:27:24,448.05,442.8,150,448.4,300,0,133275
NIFTY26MAR2012000CE.NFO,07/01/2020,09:27:25,448.05,442.7,150,446.4,225,0,133275
NIFTY26MAR2012000CE.NFO,07/01/2020,09:27:26,448.05,442.45,150,446.7,75,0,133275
NIFTY26MAR2012000CE.NFO,07/01/2020,09:27:27,448.05,442.45,150,446.55,225,0,133275
NIFTY26MAR2012000CE.NFO,07/01/2020,09:27:28,448.05,442.3,75,446.4,75,0,133275
NIFTY26MAR2012000CE.NFO,07/01/2020,09:27:29,448.05,442.1,150,446.1,150,0,133275
NIFTY26MAR2012000CE.NFO,07/01/2020,09:27:30,448.05,442.15,150,446.9,75,0,133275
NIFTY26MAR2012000CE.NFO,07/01/2020,09:27:31,448.05,442.4,150,446,75,0,133275
NIFTY26MAR2012000CE.NFO,07/01/2020,09:27:32,448.05,441.75,150,445.95,150,0,133275
NIFTY26MAR2012000CE.NFO,07/01/2020,09:27:33,448.05,442.2,150,446.4,150,0,133275
NIFTY26MAR2012000CE.NFO,07/01/2020,09:27:34,448.05,442.3,150,445.85,75,0,133275
NIFTY26MAR2012000CE.NFO,07/01/2020,09:27:35,448.05,442.3,150,446.9,75,0,133275
NIFTY26MAR2012000CE.NFO,07/01/2020,09:27:36,445.85,441.2,75,446.95,225,75,133725
NIFTY26MAR2012000CE.NFO,07/01/2020,09:27:37,445.85,441.55,150,446.7,225,0,133725
NIFTY26MAR2012000CE.NFO,07/01/2020,09:27:38,445.85,442,75,446.4,225,0,133725
NIFTY26MAR2012000CE.NFO,07/01/2020,09:27:39,445.85,442.4,75,446.85,225,0,133725
NIFTY26MAR2012000CE.NFO,07/01/2020,09:27:40,445.85,441.25,75,446.4,225,0,133725
NIFTY26MAR2012000CE.NFO,07/01/2020,09:27:41,445.85,441.85,75,446.85,225,0,133725
NIFTY26MAR2012000CE.NFO,07/01/2020,09:27:42,445.85,442.25,75,446.55,225,0,133725
NIFTY26MAR2012000CE.NFO,07/01/2020,09:27:43,445.85,442.5,150,446.25,225,0,133725
NIFTY26MAR2012000CE.NFO,07/01/2020,09:27:44,445.85,440.75,150,445.95,225,0,133725
NIFTY26MAR2012000CE.NFO,07/01/2020,09:27:45,445.85,441.5,225,446.8,150,0,133725
NIFTY26MAR2012000CE.NFO,07/01/2020,09:27:46,445.85,441.9,150,446.15,150,0,133725
NIFTY26MAR2012000CE.NFO,07/01/2020,09:27:47,445.85,440.15,225,445.7,150,0,133725
NIFTY26MAR2012000CE.NFO,07/01/2020,09:27:49,445.85,441.5,75,446.45,225,0,133725
NIFTY26MAR2012000CE.NFO,07/01/2020,09:27:50,445.85,442.3,150,446.1,225,0,133725
NIFTY26MAR2012000CE.NFO,07/01/2020,09:27:51,445.85,442.9,150,446.15,225,0,133725
NIFTY26MAR2012000CE.NFO,07/01/2020,09:27:52,445.85,442.9,150,446.4,375,0,133725
NIFTY26MAR2012000CE.NFO,07/01/2020,09:27:53,445.85,443.2,150,446.7,225,0,133725
NIFTY26MAR2012000CE.NFO,07/01/2020,09:27:54,445.85,443.2,150,446.3,150,0,133725
NIFTY26MAR2012000CE.NFO,07/01/2020,09:27:55,445.85,443.2,150,445,75,0,133725
NIFTY26MAR2012000CE.NFO,07/01/2020,09:27:56,445.85,442.85,150,445,75,0,133725
NIFTY26MAR2012000CE.NFO,07/01/2020,09:27:59,445.85,442.25,150,445,75,0,133725
NIFTY26MAR2012000CE.NFO,07/01/2020,09:28:00,445.85,440.55,150,444.95,225,0,133725
NIFTY26MAR2012000CE.NFO,07/01/2020,09:28:01,445.85,441.3,150,445,75,0,133725
NIFTY26MAR2012000CE.NFO,07/01/2020,09:28:02,445.85,441.85,150,445,75,0,133725
NIFTY26MAR2012000CE.NFO,07/01/2020,09:28:03,445.85,442.2,150,445,75,0,133725
NIFTY26MAR2012000CE.NFO,07/01/2020,09:28:04,445.85,442,75,445,75,0,133725
NIFTY26MAR2012000CE.NFO,07/01/2020,09:28:05,445.85,442.15,75,445,75,0,133725
NIFTY26MAR2012000CE.NFO,07/01/2020,09:28:06,445.85,442.2,150,445,75,0,133725
NIFTY26MAR2012000CE.NFO,07/01/2020,09:28:07,445.85,441.3,150,445,75,0,133725
NIFTY26MAR2012000CE.NFO,07/01/2020,09:28:08,445.85,441.6,150,445,75,0,133725
NIFTY26MAR2012000CE.NFO,07/01/2020,09:28:09,445.85,441.85,75,445,75,0,133725
NIFTY26MAR2012000CE.NFO,07/01/2020,09:28:10,445.85,442.55,75,445,75,0,133725
NIFTY26MAR2012000CE.NFO,07/01/2020,09:28:11,445.85,441.5,150,444.95,225,0,133725
NIFTY26MAR2012000CE.NFO,07/01/2020,09:28:12,445.85,442.45,75,445,75,0,133725
NIFTY26MAR2012000CE.NFO,07/01/2020,09:28:13,445.85,442.8,150,444.9,150,0,133725
NIFTY26MAR2012000CE.NFO,07/01/2020,09:28:14,445.85,442.5,150,444.9,150,0,133725
NIFTY26MAR2012000CE.NFO,07/01/2020,09:28:15,445.85,440.95,75,444.55,150,0,133725
NIFTY26MAR2012000CE.NFO,07/01/2020,09:28:16,445.85,440.85,75,444.9,150,0,133725
NIFTY26MAR2012000CE.NFO,07/01/2020,09:28:17,445.85,441,75,444.6,150,0,133725
NIFTY26MAR2012000CE.NFO,07/01/2020,09:28:18,445.85,440.25,75,444.35,150,0,133725
NIFTY26MAR2012000CE.NFO,07/01/2020,09:28:19,445.85,439.7,75,444,375,0,133725
NIFTY26MAR2012000CE.NFO,07/01/2020,09:28:20,445.85,440.6,75,443.7,375,0,133725
NIFTY26MAR2012000CE.NFO,07/01/2020,09:28:21,445.85,441.3,75,444.9,150,0,133725
NIFTY26MAR2012000CE.NFO,07/01/2020,09:28:22,445.85,441.35,150,444.5,225,0,133725
NIFTY26MAR2012000CE.NFO,07/01/2020,09:28:23,445.85,440.65,75,444.1,150,0,133725
NIFTY26MAR2012000CE.NFO,07/01/2020,09:28:24,445.85,439.25,75,443.8,150,0,133725
NIFTY26MAR2012000CE.NFO,07/01/2020,09:28:25,445.85,440.1,75,443.4,150,0,133725
NIFTY26MAR2012000CE.NFO,07/01/2020,09:28:26,445.85,439.55,75,443.2,150,0,133725
NIFTY26MAR2012000CE.NFO,07/01/2020,09:28:27,445.85,438.65,75,443.05,225,0,133725
NIFTY26MAR2012000CE.NFO,07/01/2020,09:28:28,445.85,439.9,75,444.65,375,0,133725
NIFTY26MAR2012000CE.NFO,07/01/2020,09:28:29,445.85,440.15,150,444.35,300,0,133725
NIFTY26MAR2012000CE.NFO,07/01/2020,09:28:30,445.85,439.7,75,443.95,225,0,133725
NIFTY26MAR2012000CE.NFO,07/01/2020,09:28:31,445.85,439.75,75,443.65,525,0,133725
NIFTY26MAR2012000CE.NFO,07/01/2020,09:28:32,445.85,439.35,75,443.35,300,0,133725
NIFTY26MAR2012000CE.NFO,07/01/2020,09:28:33,445.85,440.1,75,443,150,0,133725
NIFTY26MAR2012000CE.NFO,07/01/2020,09:28:34,445.85,440.25,75,444.7,375,0,133725
NIFTY26MAR2012000CE.NFO,07/01/2020,09:28:35,445.85,440.5,150,444.3,225,0,133725
NIFTY26MAR2012000CE.NFO,07/01/2020,09:28:36,445.85,440.55,150,443.85,225,0,133725
NIFTY26MAR2012000CE.NFO,07/01/2020,09:28:37,445.85,439.85,75,443.5,150,0,133725
NIFTY26MAR2012000CE.NFO,07/01/2020,09:28:38,445.85,440.35,150,443.15,375,0,133725
NIFTY26MAR2012000CE.NFO,07/01/2020,09:28:39,445.85,440.5,150,444.9,300,0,133725
NIFTY26MAR2012000CE.NFO,07/01/2020,09:28:40,445.85,440.65,150,444.45,225,0,133725
NIFTY26MAR2012000CE.NFO,07/01/2020,09:28:41,445.85,441.25,150,444.1,225,0,133725
NIFTY26MAR2012000CE.NFO,07/01/2020,09:28:42,445.85,441.25,150,443.8,375,0,133725
NIFTY26MAR2012000CE.NFO,07/01/2020,09:28:43,445.85,441.3,150,443.5,375,0,133725
NIFTY26MAR2012000CE.NFO,07/01/2020,09:28:44,445.85,441.3,150,443.2,150,0,133725
NIFTY26MAR2012000CE.NFO,07/01/2020,09:28:45,445.85,441.3,150,444.5,225,0,133725
NIFTY26MAR2012000CE.NFO,07/01/2020,09:28:46,445.85,441.3,150,444,150,0,133725
NIFTY26MAR2012000CE.NFO,07/01/2020,09:28:47,445.85,441.6,75,443.7,150,0,133725
NIFTY26MAR2012000CE.NFO,07/01/2020,09:28:48,445.85,441.65,150,443.4,150,0,133725
NIFTY26MAR2012000CE.NFO,07/01/2020,09:28:49,442,441.95,150,444.85,225,150,133725
NIFTY26MAR2012000CE.NFO,07/01/2020,09:28:50,442,442.3,150,444.45,225,0,133725
NIFTY26MAR2012000CE.NFO,07/01/2020,09:28:51,442,442.6,150,443.95,150,0,133725
NIFTY26MAR2012000CE.NFO,07/01/2020,09:28:52,442,440.1,150,444.7,225,0,133725
NIFTY26MAR2012000CE.NFO,07/01/2020,09:28:53,442,439.55,75,444.3,150,0,133725
NIFTY26MAR2012000CE.NFO,07/01/2020,09:28:54,442,441.25,75,443.95,150,0,133725
NIFTY26MAR2012000CE.NFO,07/01/2020,09:28:55,442,441.15,75,444.4,225,0,133725
NIFTY26MAR2012000CE.NFO,07/01/2020,09:28:56,442,441.3,75,444.3,150,0,133725
NIFTY26MAR2012000CE.NFO,07/01/2020,09:28:57,442,439.9,75,443.8,225,0,133725
NIFTY26MAR2012000CE.NFO,07/01/2020,09:28:58,442,439.65,75,443.55,150,0,133725
NIFTY26MAR2012000CE.NFO,07/01/2020,09:28:59,442,439.95,75,443.5,225,0,133725
NIFTY26MAR2012000CE.NFO,07/01/2020,09:29:00,442,439.05,75,444.45,225,0,133725
NIFTY26MAR2012000CE.NFO,07/01/2020,09:29:01,442,440.2,75,444.15,225,0,133725
NIFTY26MAR2012000CE.NFO,07/01/2020,09:29:02,442,439.5,150,445,75,0,133725
NIFTY26MAR2012000CE.NFO,07/01/2020,09:29:03,442,441,75,444.75,225,0,133725
NIFTY26MAR2012000CE.NFO,07/01/2020,09:29:04,442,439.7,75,444.9,150,0,133725
NIFTY26MAR2012000CE.NFO,07/01/2020,09:29:05,442,441.3,150,444.7,75,0,133725
NIFTY26MAR2012000CE.NFO,07/01/2020,09:29:06,442,442.35,150,444.85,225,0,133725
NIFTY26MAR2012000CE.NFO,07/01/2020,09:29:07,442,441.4,75,444.75,150,0,133725
NIFTY26MAR2012000CE.NFO,07/01/2020,09:29:08,442,440.55,75,444.85,225,0,133725
NIFTY26MAR2012000CE.NFO,07/01/2020,09:29:09,442,441.75,75,444.7,150,0,133725
NIFTY26MAR2012000CE.NFO,07/01/2020,09:29:10,442,441.35,75,444.9,150,0,133725
NIFTY26MAR2012000CE.NFO,07/01/2020,09:29:11,442,441.45,150,444.75,150,0,133725
NIFTY26MAR2012000CE.NFO,07/01/2020,09:29:12,442,440.55,75,444.9,150,0,133725
NIFTY26MAR2012000CE.NFO,07/01/2020,09:29:13,442,441.9,75,444.9,150,0,133725
NIFTY26MAR2012000CE.NFO,07/01/2020,09:29:14,442,441.55,75,445,75,0,133725
NIFTY26MAR2012000CE.NFO,07/01/2020,09:29:15,442,442.65,150,445,75,0,133725
NIFTY26MAR2012000CE.NFO,07/01/2020,09:29:16,442,442.4,150,445,75,0,133725
NIFTY26MAR2012000CE.NFO,07/01/2020,09:29:17,442,442.55,75,445,75,0,133725
NIFTY26MAR2012000CE.NFO,07/01/2020,09:29:18,445,442.2,75,448.75,450,75,133800
NIFTY26MAR2012000CE.NFO,07/01/2020,09:29:19,445,442.35,75,448.7,150,0,133800
NIFTY26MAR2012000CE.NFO,07/01/2020,09:29:20,445,442.65,75,447.45,225,0,133800
NIFTY26MAR2012000CE.NFO,07/01/2020,09:29:21,445,442.3,75,446.9,225,0,133800
NIFTY26MAR2012000CE.NFO,07/01/2020,09:29:22,445,442.05,75,446.4,225,0,133800
NIFTY26MAR2012000CE.NFO,07/01/2020,09:29:23,445,441.75,150,445.95,150,0,133800
NIFTY26MAR2012000CE.NFO,07/01/2020,09:29:24,445,442.75,75,445.65,150,0,133800
NIFTY26MAR2012000CE.NFO,07/01/2020,09:29:25,445,442.4,75,445.15,150,0,133800
NIFTY26MAR2012000CE.NFO,07/01/2020,09:29:26,445,442.4,75,445.15,375,0,133800
NIFTY26MAR2012000CE.NFO,07/01/2020,09:29:27,445,442,75,447.35,225,0,133800
NIFTY26MAR2012000CE.NFO,07/01/2020,09:29:28,445,441.4,150,446.9,225,0,133800
NIFTY26MAR2012000CE.NFO,07/01/2020,09:29:29,445,440.4,75,446.5,225,0,133800
NIFTY26MAR2012000CE.NFO,07/01/2020,09:29:30,445,442,150,446,150,0,133800
NIFTY26MAR2012000CE.NFO,07/01/2020,09:29:31,445,441.55,75,445.5,150,0,133800
NIFTY26MAR2012000CE.NFO,07/01/2020,09:29:32,445,441.65,75,444.9,225,0,133800
NIFTY26MAR2012000CE.NFO,07/01/2020,09:29:33,445,441.75,75,444.2,150,0,133800
NIFTY26MAR2012000CE.NFO,07/01/2020,09:29:34,445,441.8,150,444.15,225,0,133800
NIFTY26MAR2012000CE.NFO,07/01/2020,09:29:35,445,441,75,446.5,225,0,133800
NIFTY26MAR2012000CE.NFO,07/01/2020,09:29:36,445,441.8,75,445.95,225,0,133800
NIFTY26MAR2012000CE.NFO,07/01/2020,09:29:37,445,442,75,445.5,225,0,133800
NIFTY26MAR2012000CE.NFO,07/01/2020,09:29:38,445,441.4,75,444.95,225,0,133800
NIFTY26MAR2012000CE.NFO,07/01/2020,09:29:39,445,442.1,150,444.55,150,0,133800
NIFTY26MAR2012000CE.NFO,07/01/2020,09:29:40,445,442.2,150,447.25,225,0,133800
NIFTY26MAR2012000CE.NFO,07/01/2020,09:29:41,445,441.65,150,446.75,525,0,133800
NIFTY26MAR2012000CE.NFO,07/01/2020,09:29:42,445,441.8,75,446.3,225,0,133800
NIFTY26MAR2012000CE.NFO,07/01/2020,09:29:43,445,441.25,75,445.8,225,0,133800
NIFTY26MAR2012000CE.NFO,07/01/2020,09:29:44,445,441.35,150,445.4,225,0,133800
NIFTY26MAR2012000CE.NFO,07/01/2020,09:29:45,445,441.45,75,445.05,225,0,133800
NIFTY26MAR2012000CE.NFO,07/01/2020,09:29:46,445,440.8,225,444.65,225,0,133800
NIFTY26MAR2012000CE.NFO,07/01/2020,09:29:47,445,441.75,75,447.2,225,0,133800
NIFTY26MAR2012000CE.NFO,07/01/2020,09:29:48,445,442.15,150,446.75,225,0,133800
NIFTY26MAR2012000CE.NFO,07/01/2020,09:29:49,445,441.35,75,446.3,225,0,133800
NIFTY26MAR2012000CE.NFO,07/01/2020,09:29:50,445,441.6,150,445.95,225,0,133800
NIFTY26MAR2012000CE.NFO,07/01/2020,09:29:51,445,441.75,150,445.5,225,0,133800
NIFTY26MAR2012000CE.NFO,07/01/2020,09:29:52,445,442,150,445.1,225,0,133800
NIFTY26MAR2012000CE.NFO,07/01/2020,09:29:53,445,441.85,150,444.65,150,0,133800
NIFTY26MAR2012000CE.NFO,07/01/2020,09:29:54,445,441.85,150,445.5,300,0,133800
NIFTY26MAR2012000CE.NFO,07/01/2020,09:29:55,445,441.1,150,444.95,375,0,133800
NIFTY26MAR2012000CE.NFO,07/01/2020,09:29:56,445,441.2,75,444.8,225,0,133800
NIFTY26MAR2012000CE.NFO,07/01/2020,09:29:57,445,441.5,150,444.4,225,0,133800
NIFTY26MAR2012000CE.NFO,07/01/2020,09:29:58,445,442.35,225,447,225,0,133800
NIFTY26MAR2012000CE.NFO,07/01/2020,09:29:59,445,442.6,150,446.35,375,0,133800
NIFTY26MAR2012000CE.NFO,07/01/2020,09:30:00,445,441.85,150,445.95,225,0,133800
NIFTY26MAR2012000CE.NFO,07/01/2020,09:30:01,445,441.85,150,445.55,225,0,133800
NIFTY26MAR2012000CE.NFO,07/01/2020,09:30:02,445,443.05,150,445.2,150,0,133800
NIFTY26MAR2012000CE.NFO,07/01/2020,09:30:03,445,442.75,75,448.3,150,0,133800
NIFTY26MAR2012000CE.NFO,07/01/2020,09:30:04,445,442.9,75,447.85,300,0,133800
NIFTY26MAR2012000CE.NFO,07/01/2020,09:30:05,445,442.5,75,447.55,225,0,133800
NIFTY26MAR2012000CE.NFO,07/01/2020,09:30:06,445,442.2,150,446.65,150,0,133800
NIFTY26MAR2012000CE.NFO,07/01/2020,09:30:07,445,441.6,75,445.85,225,0,133800
NIFTY26MAR2012000CE.NFO,07/01/2020,09:30:08,445,441.6,75,445.35,75,0,133800
NIFTY26MAR2012000CE.NFO,07/01/2020,09:30:09,445,441.5,75,446.3,225,0,133800
NIFTY26MAR2012000CE.NFO,07/01/2020,09:30:10,445,442.85,75,445.65,75,0,133800
NIFTY26MAR2012000CE.NFO,07/01/2020,09:30:11,445,442.45,75,452.85,150,0,133800
NIFTY26MAR2012000CE.NFO,07/01/2020,09:30:12,445,442.3,75,447.85,225,0,133800
NIFTY26MAR2012000CE.NFO,07/01/2020,09:30:13,445,441.4,150,447.05,225,0,133800
NIFTY26MAR2012000CE.NFO,07/01/2020,09:30:14,445,442.4,225,446,225,0,133800
NIFTY26MAR2012000CE.NFO,07/01/2020,09:30:15,445,442.25,150,448.25,225,0,133800
NIFTY26MAR2012000CE.NFO,07/01/2020,09:30:16,445,441.85,150,447.4,225,0,133800
NIFTY26MAR2012000CE.NFO,07/01/2020,09:30:17,445,442.9,150,446.45,225,0,133800
NIFTY26MAR2012000CE.NFO,07/01/2020,09:30:18,445,442.45,75,445.75,225,0,133800
NIFTY26MAR2012000CE.NFO,07/01/2020,09:30:19,445,441.4,150,445.85,150,0,133800
NIFTY26MAR2012000CE.NFO,07/01/2020,09:30:20,445,442.15,75,446.1,225,0,133800
NIFTY26MAR2012000CE.NFO,07/01/2020,09:30:21,445,442.85,75,445.65,225,0,133800
NIFTY26MAR2012000CE.NFO,07/01/2020,09:30:22,445,442.15,225,447.85,225,0,133800
NIFTY26MAR2012000CE.NFO,07/01/2020,09:30:23,445,443.05,150,447.05,225,0,133800
NIFTY26MAR2012000CE.NFO,07/01/2020,09:30:24,445,442.75,150,446.1,75,0,133800
NIFTY26MAR2012000CE.NFO,07/01/2020,09:30:25,445,442,75,445.8,150,0,133800
NIFTY26MAR2012000CE.NFO,07/01/2020,09:30:26,445,441.65,75,451.6,150,0,133800
NIFTY26MAR2012000CE.NFO,07/01/2020,09:30:27,445,442.4,225,446.4,225,0,133800
NIFTY26MAR2012000CE.NFO,07/01/2020,09:30:28,445,443.15,75,445.95,225,0,133800
NIFTY26MAR2012000CE.NFO,07/01/2020,09:30:29,445,442.2,75,446.2,225,0,133800
NIFTY26MAR2012000CE.NFO,07/01/2020,09:30:30,445,443.1,75,445.75,150,0,133800
NIFTY26MAR2012000CE.NFO,07/01/2020,09:30:31,445,442.95,75,446,75,0,133800
NIFTY26MAR2012000CE.NFO,07/01/2020,09:30:32,445,442.8,150,446,75,0,133800
NIFTY26MAR2012000CE.NFO,07/01/2020,09:30:33,445,442.75,75,446,75,0,133800
NIFTY26MAR2012000CE.NFO,07/01/2020,09:30:34,445,442.95,150,445.9,75,0,133800
NIFTY26MAR2012000CE.NFO,07/01/2020,09:30:35,445,442.25,75,445.75,225,0,133800
NIFTY26MAR2012000CE.NFO,07/01/2020,09:30:36,445,442.8,150,445.75,75,0,133800
NIFTY26MAR2012000CE.NFO,07/01/2020,09:30:37,445,442.25,150,445.5,75,0,133800
NIFTY26MAR2012000CE.NFO,07/01/2020,09:30:38,445,442.3,150,445.7,225,0,133800
NIFTY26MAR2012000CE.NFO,07/01/2020,09:30:39,445,443.3,75,445.65,150,0,133800
NIFTY26MAR2012000CE.NFO,07/01/2020,09:30:40,445,442.65,75,445.65,75,0,133800
NIFTY26MAR2012000CE.NFO,07/01/2020,09:30:41,445,441.85,75,445.55,225,0,133800
NIFTY26MAR2012000CE.NFO,07/01/2020,09:30:42,445,442.7,75,445.55,225,0,133800
NIFTY26MAR2012000CE.NFO,07/01/2020,09:30:43,445,442.05,75,445.7,225,0,133800
NIFTY26MAR2012000CE.NFO,07/01/2020,09:30:44,445,441.7,150,445.45,150,0,133800
NIFTY26MAR2012000CE.NFO,07/01/2020,09:30:45,445,442.7,75,445.85,225,0,133800
NIFTY26MAR2012000CE.NFO,07/01/2020,09:30:46,445,442.15,75,445.7,225,0,133800
NIFTY26MAR2012000CE.NFO,07/01/2020,09:30:47,445,441.85,75,445.5,225,0,133800
NIFTY26MAR2012000CE.NFO,07/01/2020,09:30:48,445,442.6,225,445.65,225,0,133800
NIFTY26MAR2012000CE.NFO,07/01/2020,09:30:49,445,442,75,445.85,225,0,133800
NIFTY26MAR2012000CE.NFO,07/01/2020,09:30:50,445,442.95,150,445.65,150,0,133800
NIFTY26MAR2012000CE.NFO,07/01/2020,09:30:51,445,442.75,150,445.95,225,0,133800
NIFTY26MAR2012000CE.NFO,07/01/2020,09:30:52,445,442.3,75,445.8,225,0,133800
NIFTY26MAR2012000CE.NFO,07/01/2020,09:30:53,445,442.15,75,445.45,75,0,133800
NIFTY26MAR2012000CE.NFO,07/01/2020,09:30:54,445,441.85,225,445.6,75,0,133800
NIFTY26MAR2012000CE.NFO,07/01/2020,09:30:55,445,442.65,150,445.55,225,0,133800
NIFTY26MAR2012000CE.NFO,07/01/2020,09:30:56,445,442.45,75,445.5,75,0,133800
NIFTY26MAR2012000CE.NFO,07/01/2020,09:30:57,445,442.35,150,445.7,225,0,133800
NIFTY26MAR2012000CE.NFO,07/01/2020,09:30:58,445,442.3,225,445,75,0,133800
NIFTY26MAR2012000CE.NFO,07/01/2020,09:31:00,445,442.1,75,445,75,0,133800
NIFTY26MAR2012000CE.NFO,07/01/2020,09:31:01,445,443,75,445,75,0,133800
NIFTY26MAR2012000CE.NFO,07/01/2020,09:31:02,445,443.05,75,445,75,0,133800
NIFTY26MAR2012000CE.NFO,07/01/2020,09:31:03,445,443.15,150,445,75,0,133800
NIFTY26MAR2012000CE.NFO,07/01/2020,09:31:05,445,443.25,150,445,75,0,133800
NIFTY26MAR2012000CE.NFO,07/01/2020,09:31:06,445,443.3,150,445,75,0,133800
NIFTY26MAR2012000CE.NFO,07/01/2020,09:31:07,445,442.95,150,445,75,0,133800
NIFTY26MAR2012000CE.NFO,07/01/2020,09:31:08,445,442.9,150,445,75,0,133800
NIFTY26MAR2012000CE.NFO,07/01/2020,09:31:09,445,443.25,150,445,75,0,133800
NIFTY26MAR2012000CE.NFO,07/01/2020,09:31:10,445,443,150,445,75,0,133800
NIFTY26MAR2012000CE.NFO,07/01/2020,09:31:11,445,443.05,150,445,75,0,133800
NIFTY26MAR2012000CE.NFO,07/01/2020,09:31:12,445,443.45,150,448.3,75,75,133800
NIFTY26MAR2012000CE.NFO,07/01/2020,09:31:13,445,443.9,150,447.25,225,0,133800
NIFTY26MAR2012000CE.NFO,07/01/2020,09:31:14,445,443.9,150,446.4,225,0,133800
NIFTY26MAR2012000CE.NFO,07/01/2020,09:31:15,445,443.95,75,446.25,75,0,133800
NIFTY26MAR2012000CE.NFO,07/01/2020,09:31:16,445,443.5,75,452.6,150,0,133800
NIFTY26MAR2012000CE.NFO,07/01/2020,09:31:17,445,443.55,150,448.75,225,0,133800
NIFTY26MAR2012000CE.NFO,07/01/2020,09:31:18,445,443.8,75,447.65,225,0,133800
NIFTY26MAR2012000CE.NFO,07/01/2020,09:31:19,445,444.2,75,446.7,75,0,133800
NIFTY26MAR2012000CE.NFO,07/01/2020,09:31:20,445,444,75,446.85,225,0,133800
NIFTY26MAR2012000CE.NFO,07/01/2020,09:31:21,445,444.2,150,447.65,225,0,133800
NIFTY26MAR2012000CE.NFO,07/01/2020,09:31:22,445,444.5,150,447.1,150,0,133800
NIFTY26MAR2012000CE.NFO,07/01/2020,09:31:23,445,444.6,150,449.45,225,0,133800
NIFTY26MAR2012000CE.NFO,07/01/2020,09:31:24,445,444.6,150,448.75,225,0,133800
NIFTY26MAR2012000CE.NFO,07/01/2020,09:31:25,443.9,444.35,150,447.7,75,600,133800
NIFTY26MAR2012000CE.NFO,07/01/2020,09:31:26,443.9,444.8,150,446.95,75,0,133800
NIFTY26MAR2012000CE.NFO,07/01/2020,09:31:27,443.9,444.55,150,447,225,0,133800
NIFTY26MAR2012000CE.NFO,07/01/2020,09:31:28,443.9,444.55,150,448.1,225,0,133800
NIFTY26MAR2012000CE.NFO,07/01/2020,09:31:30,443.9,444.6,150,446.95,150,0,133800
NIFTY26MAR2012000CE.NFO,07/01/2020,09:31:30,443.9,444.65,150,446.95,150,0,133800
NIFTY26MAR2012000CE.NFO,07/01/2020,09:31:31,443.9,443.35,75,447.1,225,0,133800
NIFTY26MAR2012000CE.NFO,07/01/2020,09:31:32,443.9,444,75,447.05,75,0,133800
NIFTY26MAR2012000CE.NFO,07/01/2020,09:31:33,443.9,443.5,150,448.4,75,0,133800
NIFTY26MAR2012000CE.NFO,07/01/2020,09:31:34,443.9,443.85,75,447.55,225,0,133800
NIFTY26MAR2012000CE.NFO,07/01/2020,09:31:35,443.9,443,75,447,150,0,133800
NIFTY26MAR2012000CE.NFO,07/01/2020,09:31:36,443.9,442.9,75,448.15,75,0,133800
NIFTY26MAR2012000CE.NFO,07/01/2020,09:31:37,443.9,443.15,75,447.3,225,0,133800
NIFTY26MAR2012000CE.NFO,07/01/2020,09:31:38,443.9,443.55,75,447,225,0,133800
NIFTY26MAR2012000CE.NFO,07/01/2020,09:31:39,443.9,443.2,75,447.7,225,0,133800
NIFTY26MAR2012000CE.NFO,07/01/2020,09:31:40,443.9,443.4,75,447,225,0,133800
NIFTY26MAR2012000CE.NFO,07/01/2020,09:31:41,443.9,443.7,75,446.9,150,0,133800
NIFTY26MAR2012000CE.NFO,07/01/2020,09:31:42,443.9,443.25,75,447.3,150,0,133800
NIFTY26MAR2012000CE.NFO,07/01/2020,09:31:43,443.9,443.25,75,451.05,450,0,133800
NIFTY26MAR2012000CE.NFO,07/01/2020,09:31:45,443.9,443.4,75,448.4,150,0,133800
NIFTY26MAR2012000CE.NFO,07/01/2020,09:31:45,443.9,442.65,75,448.3,150,0,133800
NIFTY26MAR2012000CE.NFO,07/01/2020,09:31:46,443.9,443.1,75,447.45,375,0,133800
NIFTY26MAR2012000CE.NFO,07/01/2020,09:31:47,443.9,443.15,75,450.05,1875,0,133800
NIFTY26MAR2012000CE.NFO,07/01/2020,09:31:48,443.9,442.95,150,448.7,75,0,133800
NIFTY26MAR2012000CE.NFO,07/01/2020,09:31:49,443.9,443.6,75,447.9,225,0,133800
NIFTY26MAR2012000CE.NFO,07/01/2020,09:31:50,443.9,442.85,75,447.3,225,0,133800
NIFTY26MAR2012000CE.NFO,07/01/2020,09:31:51,443.9,443.1,75,447.2,75,0,133800
NIFTY26MAR2012000CE.NFO,07/01/2020,09:31:52,443.9,443.5,75,448.25,225,0,133800
NIFTY26MAR2012000CE.NFO,07/01/2020,09:31:53,443.9,443.25,75,447.7,75,0,133800
NIFTY26MAR2012000CE.NFO,07/01/2020,09:31:54,443.9,443.7,150,447.5,75,0,133800
NIFTY26MAR2012000CE.NFO,07/01/2020,09:31:55,443.9,443.5,75,448.5,375,0,133800
NIFTY26MAR2012000CE.NFO,07/01/2020,09:31:56,443.9,444.15,75,448.1,150,0,133800
NIFTY26MAR2012000CE.NFO,07/01/2020,09:31:57,443.9,444.1,75,447.85,75,0,133800
NIFTY26MAR2012000CE.NFO,07/01/2020,09:31:58,443.9,443.25,150,449.7,150,0,133800
NIFTY26MAR2012000CE.NFO,07/01/2020,09:31:59,443.9,443.75,75,448.85,150,0,133800
NIFTY26MAR2012000CE.NFO,07/01/2020,09:32:00,443.9,444.2,75,448.1,225,0,133800
NIFTY26MAR2012000CE.NFO,07/01/2020,09:32:01,443.9,444.6,75,449.5,300,0,133800
NIFTY26MAR2012000CE.NFO,07/01/2020,09:32:02,443.9,445.1,75,448.7,150,0,133800
NIFTY26MAR2012000CE.NFO,07/01/2020,09:32:03,443.9,444.3,75,448.55,75,0,133800
NIFTY26MAR2012000CE.NFO,07/01/2020,09:32:04,443.9,444.95,75,448.85,150,0,133800
NIFTY26MAR2012000CE.NFO,07/01/2020,09:32:05,443.9,444.25,75,448.9,150,0,133800
NIFTY26MAR2012000CE.NFO,07/01/2020,09:32:06,443.9,445.1,75,451.1,300,0,133800
NIFTY26MAR2012000CE.NFO,07/01/2020,09:32:07,443.9,444.85,75,450.2,75,0,133800
NIFTY26MAR2012000CE.NFO,07/01/2020,09:32:08,443.9,444.7,75,449.45,75,0,133800
NIFTY26MAR2012000CE.NFO,07/01/2020,09:32:09,443.9,445.1,75,448.95,225,0,133800
NIFTY26MAR2012000CE.NFO,07/01/2020,09:32:10,443.9,445.2,75,448.9,150,0,133800
NIFTY26MAR2012000CE.NFO,07/01/2020,09:32:11,443.9,445.1,75,451.2,300,0,133800
NIFTY26MAR2012000CE.NFO,07/01/2020,09:32:12,443.9,445.1,75,450.15,225,0,133800
NIFTY26MAR2012000CE.NFO,07/01/2020,09:32:13,443.9,445.5,75,449.45,300,0,133800
NIFTY26MAR2012000CE.NFO,07/01/2020,09:32:14,443.9,445.55,75,451.2,300,0,133800
NIFTY26MAR2012000CE.NFO,07/01/2020,09:32:15,443.9,445.65,75,450.25,225,0,133800
NIFTY26MAR2012000CE.NFO,07/01/2020,09:32:17,443.9,445.95,75,449.7,75,0,133800
NIFTY26MAR2012000CE.NFO,07/01/2020,09:32:18,443.9,446.25,75,454.15,450,0,133800
NIFTY26MAR2012000CE.NFO,07/01/2020,09:32:19,443.9,446.15,75,451.5,150,0,133800
NIFTY26MAR2012000CE.NFO,07/01/2020,09:32:20,443.9,447.25,75,454.5,150,0,133800
NIFTY26MAR2012000CE.NFO,07/01/2020,09:32:21,443.9,447.8,75,453.8,150,0,133800
NIFTY26MAR2012000CE.NFO,07/01/2020,09:32:22,443.9,445.9,150,453.05,300,0,133800
NIFTY26MAR2012000CE.NFO,07/01/2020,09:32:23,443.9,446.8,75,452.35,225,0,133800
NIFTY26MAR2012000CE.NFO,07/01/2020,09:32:24,443.9,448.25,75,451.95,150,0,133800
NIFTY26MAR2012000CE.NFO,07/01/2020,09:32:25,443.9,446.75,75,453.7,375,0,133800
NIFTY26MAR2012000CE.NFO,07/01/2020,09:32:26,443.9,448.55,75,452.75,150,0,133800
NIFTY26MAR2012000CE.NFO,07/01/2020,09:32:27,443.9,447.4,75,452.9,150,0,133800
NIFTY26MAR2012000CE.NFO,07/01/2020,09:32:28,443.9,448.35,75,452.5,75,0,133800
NIFTY26MAR2012000CE.NFO,07/01/2020,09:32:29,443.9,447.55,75,454.3,300,0,133800
NIFTY26MAR2012000CE.NFO,07/01/2020,09:32:30,443.9,448.15,75,452.85,150,0,133800
NIFTY26MAR2012000CE.NFO,07/01/2020,09:32:31,443.9,447.75,75,454.95,225,0,133800
NIFTY26MAR2012000CE.NFO,07/01/2020,09:32:32,443.9,448.2,75,453.45,150,0,133800
NIFTY26MAR2012000CE.NFO,07/01/2020,09:32:33,443.9,448.15,75,452.75,150,0,133800
NIFTY26MAR2012000CE.NFO,07/01/2020,09:32:34,443.9,448.5,75,455.3,150,0,133800
NIFTY26MAR2012000CE.NFO,07/01/2020,09:32:35,443.9,448.95,75,454.55,225,0,133800
NIFTY26MAR2012000CE.NFO,07/01/2020,09:32:36,443.9,448.5,75,453.85,150,0,133800
NIFTY26MAR2012000CE.NFO,07/01/2020,09:32:36,443.9,448.5,75,453.75,150,0,133800
NIFTY26MAR2012000CE.NFO,07/01/2020,09:32:37,443.9,448.75,75,453.1,150,0,133800
NIFTY26MAR2012000CE.NFO,07/01/2020,09:32:38,443.9,448.9,75,454.35,75,0,133800
NIFTY26MAR2012000CE.NFO,07/01/2020,09:32:39,443.9,450,75,453.75,150,0,133800
NIFTY26MAR2012000CE.NFO,07/01/2020,09:32:40,443.9,450,75,454.4,75,0,133800
NIFTY26MAR2012000CE.NFO,07/01/2020,09:32:41,443.9,449.75,150,454.05,150,0,133800
NIFTY26MAR2012000CE.NFO,07/01/2020,09:32:42,443.9,450.45,75,453.75,225,0,133800
NIFTY26MAR2012000CE.NFO,07/01/2020,09:32:43,443.9,449.85,75,456.2,150,0,133800
NIFTY26MAR2012000CE.NFO,07/01/2020,09:32:44,443.9,449.8,75,455.4,225,0,133800
NIFTY26MAR2012000CE.NFO,07/01/2020,09:32:45,443.9,449.65,75,454.65,225,0,133800
NIFTY26MAR2012000CE.NFO,07/01/2020,09:32:46,443.9,449.95,75,453.95,225,0,133800
NIFTY26MAR2012000CE.NFO,07/01/2020,09:32:47,443.9,449.4,75,453.15,225,0,133800
NIFTY26MAR2012000CE.NFO,07/01/2020,09:32:48,443.9,447.3,75,455.25,150,0,133800
NIFTY26MAR2012000CE.NFO,07/01/2020,09:32:49,443.9,448.7,75,454.95,75,0,133800
NIFTY26MAR2012000CE.NFO,07/01/2020,09:32:50,443.9,446.5,75,454.25,225,0,133800
NIFTY26MAR2012000CE.NFO,07/01/2020,09:32:51,443.9,447.8,75,453.5,225,0,133800
NIFTY26MAR2012000CE.NFO,07/01/2020,09:32:52,443.9,449.25,75,452.8,75,0,133800
NIFTY26MAR2012000CE.NFO,07/01/2020,09:32:53,443.9,448.25,75,458.05,150,0,133800
NIFTY26MAR2012000CE.NFO,07/01/2020,09:32:54,443.9,447.25,75,455.1,225,0,133800
NIFTY26MAR2012000CE.NFO,07/01/2020,09:32:55,443.9,448.9,75,454.3,225,0,133800
NIFTY26MAR2012000CE.NFO,07/01/2020,09:32:56,443.9,447.6,75,453.4,225,0,133800
NIFTY26MAR2012000CE.NFO,07/01/2020,09:32:57,443.9,447.5,75,455.8,225,0,133800
NIFTY26MAR2012000CE.NFO,07/01/2020,09:32:58,443.9,448.75,75,455.1,225,0,133800
NIFTY26MAR2012000CE.NFO,07/01/2020,09:32:59,443.9,449.05,75,453.95,225,0,133800
NIFTY26MAR2012000CE.NFO,07/01/2020,09:33:01,443.9,448.45,75,454.15,225,0,133800
NIFTY26MAR2012000CE.NFO,07/01/2020,09:33:02,443.9,450.35,75,453.75,75,0,133800
NIFTY26MAR2012000CE.NFO,07/01/2020,09:33:03,443.9,449.6,75,457.55,150,0,133800
NIFTY26MAR2012000CE.NFO,07/01/2020,09:33:03,443.9,449.8,150,454.2,300,0,133800
NIFTY26MAR2012000CE.NFO,07/01/2020,09:33:04,443.9,448.95,75,454.2,300,0,133800
NIFTY26MAR2012000CE.NFO,07/01/2020,09:33:05,443.9,448.55,75,453.7,75,0,133800
NIFTY26MAR2012000CE.NFO,07/01/2020,09:33:06,443.9,449.7,75,454.4,150,0,133800
NIFTY26MAR2012000CE.NFO,07/01/2020,09:33:07,443.9,449.7,75,454,75,0,133800
NIFTY26MAR2012000CE.NFO,07/01/2020,09:33:08,443.9,450,75,453.95,75,0,133800
NIFTY26MAR2012000CE.NFO,07/01/2020,09:33:10,443.9,449.55,75,455.2,225,0,133800
NIFTY26MAR2012000CE.NFO,07/01/2020,09:33:11,443.9,450.8,75,454.8,75,0,133800
NIFTY26MAR2012000CE.NFO,07/01/2020,09:33:12,443.9,450.5,75,455.25,150,0,133800
NIFTY26MAR2012000CE.NFO,07/01/2020,09:33:12,443.9,449.7,75,459.9,825,0,133800
NIFTY26MAR2012000CE.NFO,07/01/2020,09:33:13,443.9,451.15,225,454.95,300,0,133800
NIFTY26MAR2012000CE.NFO,07/01/2020,09:33:14,443.9,451.8,225,459.85,375,0,133800
NIFTY26MAR2012000CE.NFO,07/01/2020,09:33:15,443.9,450.45,150,454.9,225,0,133800
NIFTY26MAR2012000CE.NFO,07/01/2020,09:33:16,443.9,451.5,150,455.2,150,0,133800
NIFTY26MAR2012000CE.NFO,07/01/2020,09:33:17,443.9,450.95,150,454.4,150,0,133800
NIFTY26MAR2012000CE.NFO,07/01/2020,09:33:18,443.9,451.8,225,454.65,150,0,133800
NIFTY26MAR2012000CE.NFO,07/01/2020,09:33:19,443.9,450.95,150,454.8,150,0,133800
NIFTY26MAR2012000CE.NFO,07/01/2020,09:33:20,443.9,451.5,75,454.25,75,0,133800
NIFTY26MAR2012000CE.NFO,07/01/2020,09:33:21,443.9,450.15,300,454.65,525,0,133800
NIFTY26MAR2012000CE.NFO,07/01/2020,09:33:22,443.9,450.95,225,454,75,0,133800
NIFTY26MAR2012000CE.NFO,07/01/2020,09:33:23,443.9,448.35,75,454.6,225,0,133800
NIFTY26MAR2012000CE.NFO,07/01/2020,09:33:24,443.9,449.55,75,454.05,225,0,133800
NIFTY26MAR2012000CE.NFO,07/01/2020,09:33:25,443.9,450.4,75,454.75,300,0,133800
NIFTY26MAR2012000CE.NFO,07/01/2020,09:33:26,443.9,451.2,150,459.35,75,0,133800
NIFTY26MAR2012000CE.NFO,07/01/2020,09:33:27,443.9,448.9,75,454.4,150,0,133800
NIFTY26MAR2012000CE.NFO,07/01/2020,09:33:28,443.9,450.6,75,459.3,450,0,133800
NIFTY26MAR2012000CE.NFO,07/01/2020,09:33:29,443.9,451.25,150,454.5,150,0,133800
NIFTY26MAR2012000CE.NFO,07/01/2020,09:33:30,443.9,449.45,75,459.9,1050,0,133800
NIFTY26MAR2012000CE.NFO,07/01/2020,09:33:31,443.9,450.3,300,454.25,75,0,133800
NIFTY26MAR2012000CE.NFO,07/01/2020,09:33:32,443.9,451.05,225,454.9,225,0,133800
NIFTY26MAR2012000CE.NFO,07/01/2020,09:33:33,443.9,451.75,75,459.8,75,0,133800
NIFTY26MAR2012000CE.NFO,07/01/2020,09:33:34,443.9,450.4,75,454.45,300,0,133800
NIFTY26MAR2012000CE.NFO,07/01/2020,09:33:35,443.9,451.2,150,455.05,225,0,133800
NIFTY26MAR2012000CE.NFO,07/01/2020,09:33:36,443.9,449.4,75,454.6,75,0,133800
NIFTY26MAR2012000CE.NFO,07/01/2020,09:33:37,443.9,450.4,75,454.95,300,0,133800
NIFTY26MAR2012000CE.NFO,07/01/2020,09:33:38,443.9,451.15,150,454.35,75,0,133800
NIFTY26MAR2012000CE.NFO,07/01/2020,09:33:40,443.9,451.8,150,454.9,300,0,133800
NIFTY26MAR2012000CE.NFO,07/01/2020,09:33:40,443.9,451.85,150,454.8,150,0,133800
NIFTY26MAR2012000CE.NFO,07/01/2020,09:33:41,443.9,449.4,75,459.8,525,0,133800
NIFTY26MAR2012000CE.NFO,07/01/2020,09:33:42,443.9,451.4,75,455,150,0,133800
NIFTY26MAR2012000CE.NFO,07/01/2020,09:33:43,443.9,452.1,150,455,300,0,133800
NIFTY26MAR2012000CE.NFO,07/01/2020,09:33:45,443.9,450.75,75,455.4,225,0,133800
NIFTY26MAR2012000CE.NFO,07/01/2020,09:33:45,443.9,450.85,75,455.3,375,0,133800
NIFTY26MAR2012000CE.NFO,07/01/2020,09:33:46,443.9,451.75,225,459.75,150,0,133800
NIFTY26MAR2012000CE.NFO,07/01/2020,09:33:48,443.9,451.05,75,454.85,75,0,133800
NIFTY26MAR2012000CE.NFO,07/01/2020,09:33:49,443.9,451.55,150,459.25,525,0,133800
NIFTY26MAR2012000CE.NFO,07/01/2020,09:33:50,443.9,452.2,75,455.25,225,0,133800
NIFTY26MAR2012000CE.NFO,07/01/2020,09:33:51,443.9,450.15,75,455.55,150,0,133800
NIFTY26MAR2012000CE.NFO,07/01/2020,09:33:51,443.9,450.3,75,455.45,225,0,133800
NIFTY26MAR2012000CE.NFO,07/01/2020,09:33:52,443.9,451.65,75,454.85,75,0,133800
NIFTY26MAR2012000CE.NFO,07/01/2020,09:33:53,443.9,452.4,225,454.9,225,0,133800
NIFTY26MAR2012000CE.NFO,07/01/2020,09:33:54,443.9,450.9,75,455.4,150,0,133800
NIFTY26MAR2012000CE.NFO,07/01/2020,09:33:56,443.9,452.2,150,455.95,225,0,133800
NIFTY26MAR2012000CE.NFO,07/01/2020,09:33:57,443.9,452.85,225,459.45,225,0,133800
NIFTY26MAR2012000CE.NFO,07/01/2020,09:33:58,443.9,453.5,150,455.95,150,0,133800
NIFTY26MAR2012000CE.NFO,07/01/2020,09:33:58,443.9,453.6,75,455.85,150,0,133800
NIFTY26MAR2012000CE.NFO,07/01/2020,09:33:59,443.9,451.7,150,456.2,225,0,133800
NIFTY26MAR2012000CE.NFO,07/01/2020,09:34:00,443.9,452.9,75,459.5,75,0,133800
NIFTY26MAR2012000CE.NFO,07/01/2020,09:34:01,443.9,453.7,225,456.8,225,0,133800
NIFTY26MAR2012000CE.NFO,07/01/2020,09:34:03,443.9,452.45,75,457.3,525,0,133800
NIFTY26MAR2012000CE.NFO,07/01/2020,09:34:04,443.9,453.4,75,456.6,225,0,133800
NIFTY26MAR2012000CE.NFO,07/01/2020,09:34:05,443.9,451.4,75,456.2,225,0,133800
NIFTY26MAR2012000CE.NFO,07/01/2020,09:34:05,443.9,451.65,75,456.2,225,0,133800
NIFTY26MAR2012000CE.NFO,07/01/2020,09:34:06,452.55,453.1,75,456.2,225,75,134250
NIFTY26MAR2012000CE.NFO,07/01/2020,09:34:06,452.55,453.1,75,456.2,225,0,134250
NIFTY26MAR2012000CE.NFO,07/01/2020,09:34:07,452.55,451.4,75,455.7,225,0,134250
NIFTY26MAR2012000CE.NFO,07/01/2020,09:34:08,452.55,452.9,150,456.2,150,0,134250
NIFTY26MAR2012000CE.NFO,07/01/2020,09:34:09,452.55,452.6,75,455.75,225,0,134250
NIFTY26MAR2012000CE.NFO,07/01/2020,09:34:10,452.55,452.25,150,456.15,225,0,134250
NIFTY26MAR2012000CE.NFO,07/01/2020,09:34:11,452.55,452.05,75,455.65,225,0,134250
NIFTY26MAR2012000CE.NFO,07/01/2020,09:34:13,452.55,452.05,75,455.95,150,0,134250
NIFTY26MAR2012000CE.NFO,07/01/2020,09:34:14,452.55,453,150,456.35,225,0,134250
NIFTY26MAR2012000CE.NFO,07/01/2020,09:34:15,452.55,450.45,75,455.7,225,0,134250
NIFTY26MAR2012000CE.NFO,07/01/2020,09:34:16,452.55,451.6,225,455.9,300,0,134250
NIFTY26MAR2012000CE.NFO,07/01/2020,09:34:17,452.55,452.5,75,456.75,225,0,134250
NIFTY26MAR2012000CE.NFO,07/01/2020,09:34:18,452.55,450.4,75,456.1,225,0,134250
NIFTY26MAR2012000CE.NFO,07/01/2020,09:34:19,452.55,451.55,75,455.9,225,0,134250
NIFTY26MAR2012000CE.NFO,07/01/2020,09:34:20,452.55,449.05,75,455.25,225,0,134250
NIFTY26MAR2012000CE.NFO,07/01/2020,09:34:21,452.55,450.15,75,456.15,150,0,134250
NIFTY26MAR2012000CE.NFO,07/01/2020,09:34:22,452.55,451.8,75,455.5,225,0,134250
NIFTY26MAR2012000CE.NFO,07/01/2020,09:34:23,452.55,450,75,456,225,0,134250
NIFTY26MAR2012000CE.NFO,07/01/2020,09:34:24,452.55,451.4,75,455.5,225,0,134250
NIFTY26MAR2012000CE.NFO,07/01/2020,09:34:25,452.55,452.25,225,455.95,225,0,134250
NIFTY26MAR2012000CE.NFO,07/01/2020,09:34:26,452.55,450.85,75,455.3,225,0,134250
NIFTY26MAR2012000CE.NFO,07/01/2020,09:34:27,452.55,448.5,75,455,300,0,134250
NIFTY26MAR2012000CE.NFO,07/01/2020,09:34:28,452.55,448.35,75,454.6,225,0,134250
NIFTY26MAR2012000CE.NFO,07/01/2020,09:34:29,452.55,449.95,75,454.3,75,0,134250
NIFTY26MAR2012000CE.NFO,07/01/2020,09:34:29,452.55,450.1,75,458.85,75,0,134250
NIFTY26MAR2012000CE.NFO,07/01/2020,09:34:30,452.55,451,75,454.65,375,0,134250
NIFTY26MAR2012000CE.NFO,07/01/2020,09:34:31,452.55,450.25,75,455.05,375,0,134250
NIFTY26MAR2012000CE.NFO,07/01/2020,09:34:32,452.55,451.15,225,454.25,300,0,134250
NIFTY26MAR2012000CE.NFO,07/01/2020,09:34:34,452.55,448.8,75,453.95,225,0,134250
NIFTY26MAR2012000CE.NFO,07/01/2020,09:34:34,452.55,448.95,75,454,75,0,134250
NIFTY26MAR2012000CE.NFO,07/01/2020,09:34:35,452.55,450,225,459.05,75,0,134250
NIFTY26MAR2012000CE.NFO,07/01/2020,09:34:36,452.25,448.6,75,454.35,225,300,134250
NIFTY26MAR2012000CE.NFO,07/01/2020,09:34:37,452.25,450.3,150,453.75,225,0,134250
NIFTY26MAR2012000CE.NFO,07/01/2020,09:34:39,452.25,448.2,75,454.2,375,0,134250
NIFTY26MAR2012000CE.NFO,07/01/2020,09:34:39,452.25,448.35,75,454.05,75,0,134250
NIFTY26MAR2012000CE.NFO,07/01/2020,09:34:40,452.25,449.95,75,459.65,525,0,134250
NIFTY26MAR2012000CE.NFO,07/01/2020,09:34:41,452.25,450.85,75,453.95,225,0,134250
NIFTY26MAR2012000CE.NFO,07/01/2020,09:34:42,452.25,448.8,75,458.65,75,0,134250
NIFTY26MAR2012000CE.NFO,07/01/2020,09:34:44,452.25,450.6,75,459.6,75,0,134250
NIFTY26MAR2012000CE.NFO,07/01/2020,09:34:44,452.25,450.6,75,459.35,225,0,134250
NIFTY26MAR2012000CE.NFO,07/01/2020,09:34:45,452.25,446.85,75,453.85,150,0,134250
NIFTY26MAR2012000CE.NFO,07/01/2020,09:34:46,452.25,447.75,75,453.5,225,0,134250
NIFTY26MAR2012000CE.NFO,07/01/2020,09:34:47,452.25,449.55,75,453.85,75,0,134250
NIFTY26MAR2012000CE.NFO,07/01/2020,09:34:48,452.25,447.75,75,453.6,225,0,134250
NIFTY26MAR2012000CE.NFO,07/01/2020,09:34:49,452.25,449.2,75,454.4,300,0,134250
NIFTY26MAR2012000CE.NFO,07/01/2020,09:34:50,452.25,450.5,75,454,225,0,134250
NIFTY26MAR2012000CE.NFO,07/01/2020,09:34:51,452.25,448.35,75,454.35,150,0,134250
NIFTY26MAR2012000CE.NFO,07/01/2020,09:34:52,452.25,449.8,75,453.75,225,0,134250
NIFTY26MAR2012000CE.NFO,07/01/2020,09:34:53,452.25,446.8,75,453.4,375,0,134250
NIFTY26MAR2012000CE.NFO,07/01/2020,09:34:54,452.25,447.85,75,453.05,150,0,134250
NIFTY26MAR2012000CE.NFO,07/01/2020,09:34:55,452.25,448.9,225,453.7,150,0,134250
NIFTY26MAR2012000CE.NFO,07/01/2020,09:34:56,452.25,446.85,75,453.3,225,0,134250
NIFTY26MAR2012000CE.NFO,07/01/2020,09:34:57,452.25,447.9,150,456.35,150,0,134250
NIFTY26MAR2012000CE.NFO,07/01/2020,09:34:58,452.25,448.9,75,454.2,75,0,134250
NIFTY26MAR2012000CE.NFO,07/01/2020,09:34:59,452.25,450.25,75,453.75,150,0,134250
NIFTY26MAR2012000CE.NFO,07/01/2020,09:35:00,452.25,451,75,454.65,150,0,134250
NIFTY26MAR2012000CE.NFO,07/01/2020,09:35:01,452.25,451.6,75,454.15,150,0,134250
NIFTY26MAR2012000CE.NFO,07/01/2020,09:35:02,454.1,449.3,75,455.2,150,75,134250
NIFTY26MAR2012000CE.NFO,07/01/2020,09:35:02,454.1,449.3,75,455.2,150,0,134250
NIFTY26MAR2012000CE.NFO,07/01/2020,09:35:03,454.1,449.9,75,454.6,150,0,134250
NIFTY26MAR2012000CE.NFO,07/01/2020,09:35:04,454.1,450.9,75,458.3,75,0,134250
NIFTY26MAR2012000CE.NFO,07/01/2020,09:35:05,454.1,449.25,75,454.9,375,0,134250
NIFTY26MAR2012000CE.NFO,07/01/2020,09:35:06,454.1,450.45,75,454.4,150,0,134250
NIFTY26MAR2012000CE.NFO,07/01/2020,09:35:07,454.1,449.85,75,454.8,225,0,134250
NIFTY26MAR2012000CE.NFO,07/01/2020,09:35:08,454.1,448.95,75,454.1,150,0,134250
NIFTY26MAR2012000CE.NFO,07/01/2020,09:35:09,454.1,448.1,75,453.7,225,0,134250
NIFTY26MAR2012000CE.NFO,07/01/2020,09:35:10,454.1,449.05,75,454.65,150,0,134250
NIFTY26MAR2012000CE.NFO,07/01/2020,09:35:11,454.1,450.25,75,454.15,150,0,134250
NIFTY26MAR2012000CE.NFO,07/01/2020,09:35:12,454.1,450.35,75,454.85,150,0,134250
NIFTY26MAR2012000CE.NFO,07/01/2020,09:35:13,454.1,450.6,75,454.45,225,0,134250
NIFTY26MAR2012000CE.NFO,07/01/2020,09:35:14,454.1,450.9,75,455.35,150,0,134250
NIFTY26MAR2012000CE.NFO,07/01/2020,09:35:15,454.1,450.95,75,454.6,225,0,134250
NIFTY26MAR2012000CE.NFO,07/01/2020,09:35:16,454.1,450.9,75,455.3,300,0,134250
NIFTY26MAR2012000CE.NFO,07/01/2020,09:35:17,454.1,449.45,75,454.65,150,0,134250
NIFTY26MAR2012000CE.NFO,07/01/2020,09:35:18,454.1,450.95,75,455.4,300,0,134250
NIFTY26MAR2012000CE.NFO,07/01/2020,09:35:19,454.1,448.8,75,454.85,225,0,134250
NIFTY26MAR2012000CE.NFO,07/01/2020,09:35:20,454.1,449.5,75,454.4,225,0,134250
NIFTY26MAR2012000CE.NFO,07/01/2020,09:35:21,454.1,449.85,75,457.35,225,0,134250
NIFTY26MAR2012000CE.NFO,07/01/2020,09:35:22,454.1,450.3,75,454.7,300,0,134250
NIFTY26MAR2012000CE.NFO,07/01/2020,09:35:23,454.1,450.15,75,454,150,0,134250
NIFTY26MAR2012000CE.NFO,07/01/2020,09:35:24,454.1,447.8,75,453.55,150,0,134250
NIFTY26MAR2012000CE.NFO,07/01/2020,09:35:25,454.1,449.15,75,454.4,225,0,134250
NIFTY26MAR2012000CE.NFO,07/01/2020,09:35:26,454.1,447.95,75,453.8,225,0,134250
NIFTY26MAR2012000CE.NFO,07/01/2020,09:35:27,454.1,447.7,75,453.4,150,0,134250
NIFTY26MAR2012000CE.NFO,07/01/2020,09:35:28,454.1,449.5,75,453.95,300,0,134250
NIFTY26MAR2012000CE.NFO,07/01/2020,09:35:29,454.1,449.5,75,453.5,225,0,134250
NIFTY26MAR2012000CE.NFO,07/01/2020,09:35:30,454.1,448,75,457.25,450,0,134250
NIFTY26MAR2012000CE.NFO,07/01/2020,09:35:31,454.1,449.4,75,453.95,150,0,134250
NIFTY26MAR2012000CE.NFO,07/01/2020,09:35:32,454.1,446.8,75,453.55,225,0,134250
NIFTY26MAR2012000CE.NFO,07/01/2020,09:35:33,454.1,448.45,75,453.15,150,0,134250
NIFTY26MAR2012000CE.NFO,07/01/2020,09:35:34,454.1,448.1,150,453.85,225,0,134250
NIFTY26MAR2012000CE.NFO,07/01/2020,09:35:35,454.1,447.15,75,453.3,225,0,134250
NIFTY26MAR2012000CE.NFO,07/01/2020,09:35:36,454.1,449.05,75,452.9,150,0,134250
NIFTY26MAR2012000CE.NFO,07/01/2020,09:35:37,454.1,447.25,75,453.85,300,0,134250
NIFTY26MAR2012000CE.NFO,07/01/2020,09:35:38,454.1,448.45,75,453.25,300,0,134250
NIFTY26MAR2012000CE.NFO,07/01/2020,09:35:39,454.1,446.45,75,452.75,225,0,134250
NIFTY26MAR2012000CE.NFO,07/01/2020,09:35:40,454.1,448.8,75,452.35,150,0,134250
NIFTY26MAR2012000CE.NFO,07/01/2020,09:35:41,454.1,448.8,75,452,150,0,134250
NIFTY26MAR2012000CE.NFO,07/01/2020,09:35:42,454.1,448.8,75,455.45,450,0,134250
NIFTY26MAR2012000CE.NFO,07/01/2020,09:35:43,454.1,448.8,75,452.5,150,0,134250
NIFTY26MAR2012000CE.NFO,07/01/2020,09:35:44,454.1,446.6,75,452.15,525,0,134250
NIFTY26MAR2012000CE.NFO,07/01/2020,09:35:45,454.1,445.1,75,451.85,375,0,134250
NIFTY26MAR2012000CE.NFO,07/01/2020,09:35:46,454.1,446.55,75,451.45,375,0,134250
NIFTY26MAR2012000CE.NFO,07/01/2020,09:35:47,454.1,447.8,75,456.75,225,0,134250
NIFTY26MAR2012000CE.NFO,07/01/2020,09:35:48,454.1,446.55,75,452.15,225,0,134250
NIFTY26MAR2012000CE.NFO,07/01/2020,09:35:49,454.1,448.85,75,458.05,225,0,134250
NIFTY26MAR2012000CE.NFO,07/01/2020,09:35:50,454.1,446.85,150,453.1,150,0,134250
NIFTY26MAR2012000CE.NFO,07/01/2020,09:35:51,454.1,448,75,452.7,150,0,134250
NIFTY26MAR2012000CE.NFO,07/01/2020,09:35:52,454.1,446.75,75,453.65,150,0,134250
NIFTY26MAR2012000CE.NFO,07/01/2020,09:35:53,454.1,448.95,75,453.35,375,0,134250
NIFTY26MAR2012000CE.NFO,07/01/2020,09:35:54,454.1,448.4,75,456.5,450,0,134250
NIFTY26MAR2012000CE.NFO,07/01/2020,09:35:55,454.1,449.2,75,453.7,300,0,134250
NIFTY26MAR2012000CE.NFO,07/01/2020,09:35:56,454.1,447.5,75,452.8,150,0,134250
NIFTY26MAR2012000CE.NFO,07/01/2020,09:35:57,454.1,448.5,75,454.15,150,0,134250
NIFTY26MAR2012000CE.NFO,07/01/2020,09:35:58,454.1,448.35,75,459,150,0,134250
NIFTY26MAR2012000CE.NFO,07/01/2020,09:35:59,454.1,448.2,75,453.8,150,0,134250
NIFTY26MAR2012000CE.NFO,07/01/2020,09:36:00,454.1,448.8,75,453.25,150,0,134250
NIFTY26MAR2012000CE.NFO,07/01/2020,09:36:01,454.1,449.1,75,454.3,150,0,134250
NIFTY26MAR2012000CE.NFO,07/01/2020,09:36:02,454.1,449.35,75,453.5,150,0,134250
NIFTY26MAR2012000CE.NFO,07/01/2020,09:36:03,454.1,448.1,75,454.15,150,0,134250
NIFTY26MAR2012000CE.NFO,07/01/2020,09:36:04,454.1,446.65,75,453.55,300,0,134250
NIFTY26MAR2012000CE.NFO,07/01/2020,09:36:05,454.1,448,75,458.95,150,0,134250
NIFTY26MAR2012000CE.NFO,07/01/2020,09:36:07,454.1,447.05,75,453.45,225,0,134250
NIFTY26MAR2012000CE.NFO,07/01/2020,09:36:08,454.1,449.15,75,458.8,600,0,134250
NIFTY26MAR2012000CE.NFO,07/01/2020,09:36:09,454.1,448.7,75,453.55,225,0,134250
NIFTY26MAR2012000CE.NFO,07/01/2020,09:36:10,454.1,449.7,75,458.4,300,0,134250
NIFTY26MAR2012000CE.NFO,07/01/2020,09:36:11,454.1,449.4,75,454,225,0,134250
NIFTY26MAR2012000CE.NFO,07/01/2020,09:36:12,454.1,448.15,75,454.95,150,0,134250
NIFTY26MAR2012000CE.NFO,07/01/2020,09:36:12,454.1,448.95,75,454.6,150,0,134250
NIFTY26MAR2012000CE.NFO,07/01/2020,09:36:13,454.1,450.45,75,458.5,750,0,134250
NIFTY26MAR2012000CE.NFO,07/01/2020,09:36:14,454.1,449.9,75,454.7,150,0,134250
NIFTY26MAR2012000CE.NFO,07/01/2020,09:36:15,454.1,449.7,75,454.15,150,0,134250
NIFTY26MAR2012000CE.NFO,07/01/2020,09:36:16,454.1,448.4,75,457.35,450,0,134250
NIFTY26MAR2012000CE.NFO,07/01/2020,09:36:17,454.1,449.95,75,454.85,150,0,134250
NIFTY26MAR2012000CE.NFO,07/01/2020,09:36:18,454.1,449.85,75,454.25,150,0,134250
NIFTY26MAR2012000CE.NFO,07/01/2020,09:36:19,454.1,449.15,75,458.05,675,0,134250
NIFTY26MAR2012000CE.NFO,07/01/2020,09:36:20,454.1,450.1,75,454.35,225,0,134250
NIFTY26MAR2012000CE.NFO,07/01/2020,09:36:21,454.1,447.3,75,453.65,150,0,134250
NIFTY26MAR2012000CE.NFO,07/01/2020,09:36:22,454.1,449.65,75,453.25,150,0,134250
