Ticker,Date,Time,LTP,BuyPrice,BuyQty,SellPrice,SellQty,LTQ,OpenInterest
NIFTY31DEC2012000CE.NFO,07/01/2020,11:57:53,1001,1001,3675,1008.1,75,75,90600
NIFTY31DEC2012000CE.NFO,07/01/2020,11:57:53,1001,1001,3675,1008.1,75,0,90600
NIFTY31DEC2012000CE.NFO,07/01/2020,11:57:53,1001,1001,3675,1008.1,75,0,90600
NIFTY31DEC2012000CE.NFO,07/01/2020,11:57:53,1001,1001,3675,1008.1,75,0,90600
NIFTY31DEC2012000CE.NFO,07/01/2020,11:57:55,1001,1001,3675,1008,75,0,90600
NIFTY31DEC2012000CE.NFO,07/01/2020,11:57:57,1001,1001,3675,1007.9,75,0,90600
NIFTY31DEC2012000CE.NFO,07/01/2020,11:58:00,1001,1001,3675,1007.8,75,0,90600
NIFTY31DEC2012000CE.NFO,07/01/2020,11:58:04,1001,1001,3675,1007.7,75,0,90600
NIFTY31DEC2012000CE.NFO,07/01/2020,11:58:08,1001,1001,3675,1007.6,75,0,90600
NIFTY31DEC2012000CE.NFO,07/01/2020,11:58:12,1001,1001,3675,1007.5,75,0,90600
NIFTY31DEC2012000CE.NFO,07/01/2020,11:58:15,1001,1001,3675,1007.4,75,0,90600
NIFTY31DEC2012000CE.NFO,07/01/2020,11:58:19,1001,1001,3675,1007.3,75,0,90600
NIFTY31DEC2012000CE.NFO,07/01/2020,11:58:21,1001,1001,3675,1007.2,75,0,90600
NIFTY31DEC2012000CE.NFO,07/01/2020,11:58:25,1001,1001,3675,1007.1,75,0,90600
NIFTY31DEC2012000CE.NFO,07/01/2020,11:58:28,1001,1001,3675,1007,75,0,90600
NIFTY31DEC2012000CE.NFO,07/01/2020,11:58:29,1001,1001,3675,1009,75,0,90600
NIFTY31DEC2012000CE.NFO,07/01/2020,11:58:29,1001,1001,3675,1006.9,75,0,90600
NIFTY31DEC2012000CE.NFO,07/01/2020,11:58:32,1001,1001,3675,1006.8,75,0,90600
NIFTY31DEC2012000CE.NFO,07/01/2020,11:58:34,1001,1001,3675,1006.7,75,0,90600
NIFTY31DEC2012000CE.NFO,07/01/2020,11:58:37,1001,1001,3675,1006.6,75,0,90600
NIFTY31DEC2012000CE.NFO,07/01/2020,11:58:39,1001,1001,3675,1006.5,75,0,90600
NIFTY31DEC2012000CE.NFO,07/01/2020,11:58:42,1001,1001,3675,1006.4,75,0,90600
NIFTY31DEC2012000CE.NFO,07/01/2020,11:58:44,1001,1001,3675,1006.3,75,0,90600
NIFTY31DEC2012000CE.NFO,07/01/2020,11:58:46,1001,1001,3675,1006.2,75,0,90600
NIFTY31DEC2012000CE.NFO,07/01/2020,11:58:48,1001,1001,3675,1006.1,75,0,90600
NIFTY31DEC2012000CE.NFO,07/01/2020,11:58:51,1001,1001,3675,1010.9,900,0,90600
NIFTY31DEC2012000CE.NFO,07/01/2020,11:58:54,1001,1001,3675,1010.75,900,0,90600
NIFTY31DEC2012000CE.NFO,07/01/2020,11:58:56,1001,1001,3675,1010.6,900,0,90600
NIFTY31DEC2012000CE.NFO,07/01/2020,11:58:59,1001,1001,3675,1010.45,900,0,90600
NIFTY31DEC2012000CE.NFO,07/01/2020,11:59:00,1001,1001,3675,1010.5,150,0,90600
NIFTY31DEC2012000CE.NFO,07/01/2020,11:59:01,1001,1001,3675,1010.35,150,0,90600
NIFTY31DEC2012000CE.NFO,07/01/2020,11:59:04,1001,1001,3675,1010.35,75,0,90600
NIFTY31DEC2012000CE.NFO,07/01/2020,11:59:05,1001,1001,3675,1010.4,150,0,90600
NIFTY31DEC2012000CE.NFO,07/01/2020,11:59:06,1001,1001,3675,1010.25,75,0,90600
NIFTY31DEC2012000CE.NFO,07/01/2020,11:59:09,1001,1001,3675,1010.25,900,0,90600
NIFTY31DEC2012000CE.NFO,07/01/2020,11:59:10,1001,1001,3675,1010.15,75,0,90600
NIFTY31DEC2012000CE.NFO,07/01/2020,11:59:11,1001,1001,3675,1010.1,900,0,90600
NIFTY31DEC2012000CE.NFO,07/01/2020,11:59:13,1001,1001,3675,1010,75,0,90600
NIFTY31DEC2012000CE.NFO,07/01/2020,11:59:13,1001,1001,3675,1010,150,0,90600
NIFTY31DEC2012000CE.NFO,07/01/2020,11:59:15,1001,1001,3675,1009.95,75,0,90600
NIFTY31DEC2012000CE.NFO,07/01/2020,11:59:16,1001,1001,3675,1009.9,75,0,90600
NIFTY31DEC2012000CE.NFO,07/01/2020,11:59:17,1001,1001,3675,1009.9,150,0,90600
NIFTY31DEC2012000CE.NFO,07/01/2020,11:59:19,1001,1001,3675,1009.85,75,0,90600
NIFTY31DEC2012000CE.NFO,07/01/2020,11:59:19,1001,1001,3675,1009.8,75,0,90600
NIFTY31DEC2012000CE.NFO,07/01/2020,11:59:21,1001,1001,3675,1009.75,900,0,90600
NIFTY31DEC2012000CE.NFO,07/01/2020,11:59:22,1001,1001,3675,1009.7,900,0,90600
NIFTY31DEC2012000CE.NFO,07/01/2020,11:59:23,1001,1001,3675,1009.65,75,0,90600
NIFTY31DEC2012000CE.NFO,07/01/2020,11:59:24,1001,1001,3675,1009.65,150,0,90600
NIFTY31DEC2012000CE.NFO,07/01/2020,11:59:26,1001,1001,3675,1009.6,75,0,90600
NIFTY31DEC2012000CE.NFO,07/01/2020,11:59:28,1001,1001,3675,1009.55,150,0,90600
NIFTY31DEC2012000CE.NFO,07/01/2020,11:59:31,1001,1001,3675,1009.45,150,0,90600
NIFTY31DEC2012000CE.NFO,07/01/2020,11:59:33,1001,1001,3675,1009.35,150,0,90600
NIFTY31DEC2012000CE.NFO,07/01/2020,11:59:35,1001,1001,3675,1009.25,150,0,90600
NIFTY31DEC2012000CE.NFO,07/01/2020,11:59:39,1001,1001,3675,1009.15,150,0,90600
NIFTY31DEC2012000CE.NFO,07/01/2020,11:59:40,1001,1001,3675,1009.05,150,0,90600
NIFTY31DEC2012000CE.NFO,07/01/2020,11:59:43,1001,1001,3675,1008.95,150,0,90600
NIFTY31DEC2012000CE.NFO,07/01/2020,11:59:46,1001,1001,3675,1008.85,150,0,90600
NIFTY31DEC2012000CE.NFO,07/01/2020,11:59:48,1001,1001,3675,1008.7,900,0,90600
NIFTY31DEC2012000CE.NFO,07/01/2020,11:59:50,1001,1001,3675,1008.65,900,0,90600
NIFTY31DEC2012000CE.NFO,07/01/2020,11:59:52,1001,1001,3675,1008.55,900,0,90600
NIFTY31DEC2012000CE.NFO,07/01/2020,11:59:55,1001,1001,3675,1008.4,900,0,90600
NIFTY31DEC2012000CE.NFO,07/01/2020,11:59:57,1001,1001,3675,1008.25,900,0,90600
NIFTY31DEC2012000CE.NFO,07/01/2020,12:00:00,1001,1001,3675,1008.1,900,0,90600
NIFTY31DEC2012000CE.NFO,07/01/2020,12:00:02,1001,1001,3675,1007.95,900,0,90600
NIFTY31DEC2012000CE.NFO,07/01/2020,12:00:03,1001,1001,3675,1008,750,0,90600
NIFTY31DEC2012000CE.NFO,07/01/2020,12:00:04,1001,1001,3675,1007.85,150,0,90600
NIFTY31DEC2012000CE.NFO,07/01/2020,12:00:08,1001,1001,3675,1007.75,75,0,90600
NIFTY31DEC2012000CE.NFO,07/01/2020,12:00:12,1001,1001,3675,1007.65,150,0,90600
NIFTY31DEC2012000CE.NFO,07/01/2020,12:00:14,1001,1001,3675,1007.65,75,0,90600
NIFTY31DEC2012000CE.NFO,07/01/2020,12:00:15,1001,1001,3675,1007.55,75,0,90600
NIFTY31DEC2012000CE.NFO,07/01/2020,12:00:17,1001,1001,3675,1007.55,150,0,90600
NIFTY31DEC2012000CE.NFO,07/01/2020,12:00:19,1001,1001,3675,1005,75,0,90600
NIFTY31DEC2012000CE.NFO,07/01/2020,12:00:22,1001,1001,3675,1004.9,150,0,90600
NIFTY31DEC2012000CE.NFO,07/01/2020,12:00:25,1001,1001,3675,1004.8,75,0,90600
NIFTY31DEC2012000CE.NFO,07/01/2020,12:00:25,1001,1001,3675,1004.8,150,0,90600
NIFTY31DEC2012000CE.NFO,07/01/2020,12:00:27,1001,1001,3675,1005,75,0,90600
NIFTY31DEC2012000CE.NFO,07/01/2020,12:00:30,1001,1001,3675,1004.9,150,0,90600
NIFTY31DEC2012000CE.NFO,07/01/2020,12:00:33,1001,1001,3675,1004.8,150,0,90600
NIFTY31DEC2012000CE.NFO,07/01/2020,12:00:35,1001,1001,3675,1004.7,150,0,90600
NIFTY31DEC2012000CE.NFO,07/01/2020,12:00:37,1001,1001,3675,1005,75,0,90600
NIFTY31DEC2012000CE.NFO,07/01/2020,12:00:49,1001,1001,3675,1004.9,150,0,90600
NIFTY31DEC2012000CE.NFO,07/01/2020,12:00:52,1001,1001,3675,1004.8,150,0,90600
NIFTY31DEC2012000CE.NFO,07/01/2020,12:00:55,1001,1001,3675,1004.7,150,0,90600
NIFTY31DEC2012000CE.NFO,07/01/2020,12:00:57,1001,1001,3675,1005,75,0,90600
NIFTY31DEC2012000CE.NFO,07/01/2020,12:01:00,1001,1001,3675,1004.9,150,0,90600
NIFTY31DEC2012000CE.NFO,07/01/2020,12:01:00,1001,1001,3675,1005,75,0,90600
NIFTY31DEC2012000CE.NFO,07/01/2020,12:01:08,1001,1001,3675,1004.9,150,0,90600
NIFTY31DEC2012000CE.NFO,07/01/2020,12:01:09,1001,1001,3675,1005,75,0,90600
NIFTY31DEC2012000CE.NFO,07/01/2020,12:01:11,1001,1001,3675,1004.8,150,0,90600
NIFTY31DEC2012000CE.NFO,07/01/2020,12:01:11,1001,1001,3675,1005,75,0,90600
NIFTY31DEC2012000CE.NFO,07/01/2020,12:01:22,1001,1001,3675,1004.9,150,0,90600
NIFTY31DEC2012000CE.NFO,07/01/2020,12:01:24,1001,1001,3675,1004.8,150,0,90600
NIFTY31DEC2012000CE.NFO,07/01/2020,12:01:27,1001,1001,3675,1005,75,0,90600
NIFTY31DEC2012000CE.NFO,07/01/2020,12:01:33,1001,1001,3675,1004.9,150,0,90600
NIFTY31DEC2012000CE.NFO,07/01/2020,12:01:34,1001,1001,3675,1005,75,0,90600
NIFTY31DEC2012000CE.NFO,07/01/2020,12:02:04,1001,1001,3600,1005,75,75,90675
NIFTY31DEC2012000CE.NFO,07/01/2020,12:02:05,1001,1001,3600,1005,75,0,90675
NIFTY31DEC2012000CE.NFO,07/01/2020,12:02:21,1001,1001,3600,1004.9,150,0,90675
NIFTY31DEC2012000CE.NFO,07/01/2020,12:02:23,1001,1001,3600,1004.8,150,0,90675
NIFTY31DEC2012000CE.NFO,07/01/2020,12:02:24,1001,1001,3600,1005,75,0,90675
NIFTY31DEC2012000CE.NFO,07/01/2020,12:02:26,1001,1001,3600,1004.7,150,0,90675
NIFTY31DEC2012000CE.NFO,07/01/2020,12:02:29,1001,1001,3600,1005,75,0,90675
NIFTY31DEC2012000CE.NFO,07/01/2020,12:02:31,1001,1001,3525,1005,75,75,90675
NIFTY31DEC2012000CE.NFO,07/01/2020,12:02:33,1001,1001,3525,1005,75,0,90675
NIFTY31DEC2012000CE.NFO,07/01/2020,12:04:01,1001,1001,3150,1005,75,375,90825
NIFTY31DEC2012000CE.NFO,07/01/2020,12:04:03,1001,1001,3150,1005,75,0,90825
NIFTY31DEC2012000CE.NFO,07/01/2020,12:04:25,1001,1001,2925,1005,75,225,90825
NIFTY31DEC2012000CE.NFO,07/01/2020,12:04:25,1001,1001,2925,1005,75,0,90825
NIFTY31DEC2012000CE.NFO,07/01/2020,12:04:49,1001,1001,2925,1004.9,75,0,90825
NIFTY31DEC2012000CE.NFO,07/01/2020,12:05:04,1001,1001,2850,1004.9,75,75,90825
NIFTY31DEC2012000CE.NFO,07/01/2020,12:05:05,1001,1001,2850,1004.9,75,0,90825
NIFTY31DEC2012000CE.NFO,07/01/2020,12:11:05,1001,1001,2850,1013.2,1200,0,90825
NIFTY31DEC2012000CE.NFO,07/01/2020,12:11:07,1001,1001,2850,1013.1,150,0,90825
NIFTY31DEC2012000CE.NFO,07/01/2020,12:11:10,1001,1001,2850,1014.2,1200,0,90825
NIFTY31DEC2012000CE.NFO,07/01/2020,12:11:12,1001,1001,2850,1014.1,1050,0,90825
NIFTY31DEC2012000CE.NFO,07/01/2020,12:11:13,1001,1001,2850,1013.7,900,0,90825
NIFTY31DEC2012000CE.NFO,07/01/2020,12:11:14,1001,1001,2850,1013.85,750,0,90825
NIFTY31DEC2012000CE.NFO,07/01/2020,12:11:16,1001,1001,2850,1013.2,600,0,90825
NIFTY31DEC2012000CE.NFO,07/01/2020,12:11:18,1001,1001,2850,1013.2,1050,0,90825
NIFTY31DEC2012000CE.NFO,07/01/2020,12:11:20,1001,1001,2850,1013.55,900,0,90825
NIFTY31DEC2012000CE.NFO,07/01/2020,12:11:21,1001,1001,2850,1013.1,150,0,90825
NIFTY31DEC2012000CE.NFO,07/01/2020,12:11:24,1001,1001,2850,1013.45,150,0,90825
NIFTY31DEC2012000CE.NFO,07/01/2020,12:11:27,1001,1001,2850,1013,150,0,90825
NIFTY31DEC2012000CE.NFO,07/01/2020,12:11:30,1001,1001,2850,1013.35,150,0,90825
NIFTY31DEC2012000CE.NFO,07/01/2020,12:11:33,1001,1001,2850,1013.25,150,0,90825
NIFTY31DEC2012000CE.NFO,07/01/2020,12:11:35,1001,1001,2850,1013.15,75,0,90825
NIFTY31DEC2012000CE.NFO,07/01/2020,12:11:39,1001,1001,2850,1013.25,1200,0,90825
NIFTY31DEC2012000CE.NFO,07/01/2020,12:11:41,1001,1001,2850,1013.05,75,0,90825
NIFTY31DEC2012000CE.NFO,07/01/2020,12:11:44,1001,1001,2850,1013.15,75,0,90825
NIFTY31DEC2012000CE.NFO,07/01/2020,12:11:45,1001,1001,2850,1013.1,1200,0,90825
NIFTY31DEC2012000CE.NFO,07/01/2020,12:11:47,1001,1001,2850,1013.1,1050,0,90825
NIFTY31DEC2012000CE.NFO,07/01/2020,12:11:48,1001,1001,2850,1013,75,0,90825
NIFTY31DEC2012000CE.NFO,07/01/2020,12:11:50,1001,1001,2850,1013.1,75,0,90825
NIFTY31DEC2012000CE.NFO,07/01/2020,12:11:53,1001,1001,2850,1013.5,75,0,90825
NIFTY31DEC2012000CE.NFO,07/01/2020,12:12:08,1001,1001,2850,1013.6,750,0,90825
NIFTY31DEC2012000CE.NFO,07/01/2020,12:12:09,1001,1001,2850,1013.65,1200,0,90825
NIFTY31DEC2012000CE.NFO,07/01/2020,12:12:10,1001,1001,2850,1013.5,1200,0,90825
NIFTY31DEC2012000CE.NFO,07/01/2020,12:12:11,1001,1001,2850,1013.4,1125,0,90825
NIFTY31DEC2012000CE.NFO,07/01/2020,12:12:11,1001,1001,2850,1013.35,1200,0,90825
NIFTY31DEC2012000CE.NFO,07/01/2020,12:12:13,1001,1001,2850,1013.3,75,0,90825
NIFTY31DEC2012000CE.NFO,07/01/2020,12:12:16,1001,1001,2850,1013.25,75,0,90825
NIFTY31DEC2012000CE.NFO,07/01/2020,12:12:25,1001,1001,2850,1013.4,75,0,90825
NIFTY31DEC2012000CE.NFO,07/01/2020,12:12:30,1001,1001,2850,1013.45,75,0,90825
NIFTY31DEC2012000CE.NFO,07/01/2020,12:12:35,1001,1001,2850,1013.5,75,0,90825
NIFTY31DEC2012000CE.NFO,07/01/2020,12:12:40,1001,1001,2850,1013.55,75,0,90825
NIFTY31DEC2012000CE.NFO,07/01/2020,12:12:42,1001,1001,2850,1013.4,75,0,90825
NIFTY31DEC2012000CE.NFO,07/01/2020,12:12:44,1001,1001,2850,1013.1,1200,0,90825
NIFTY31DEC2012000CE.NFO,07/01/2020,12:12:47,1001,1001,2850,1013,75,0,90825
NIFTY31DEC2012000CE.NFO,07/01/2020,12:12:52,1001,1001,2850,1013,1275,0,90825
NIFTY31DEC2012000CE.NFO,07/01/2020,12:12:55,1001,1001,2850,1012.9,75,0,90825
NIFTY31DEC2012000CE.NFO,07/01/2020,12:12:58,1001,1001,2850,1012.85,75,0,90825
NIFTY31DEC2012000CE.NFO,07/01/2020,12:13:01,1001,990,3750,1012.85,75,2850,91500
NIFTY31DEC2012000CE.NFO,07/01/2020,12:13:02,1001,990,3750,1012.8,75,0,91500
NIFTY31DEC2012000CE.NFO,07/01/2020,12:13:04,1001,990,3750,1012.75,75,0,91500
NIFTY31DEC2012000CE.NFO,07/01/2020,12:13:07,1001,990,3750,1014.2,1200,0,91500
NIFTY31DEC2012000CE.NFO,07/01/2020,12:13:08,1001,990,3750,1016.95,1200,0,91500
NIFTY31DEC2012000CE.NFO,07/01/2020,12:13:10,1001,990,3750,1017.45,1200,0,91500
NIFTY31DEC2012000CE.NFO,07/01/2020,12:13:11,1001,990,3750,1016.8,900,0,91500
NIFTY31DEC2012000CE.NFO,07/01/2020,12:13:13,1001,990.1,75,1017,1200,0,91500
NIFTY31DEC2012000CE.NFO,07/01/2020,12:13:14,1001,990,3750,1017.25,1200,0,91500
NIFTY31DEC2012000CE.NFO,07/01/2020,12:13:15,1001,990,3750,1016.55,75,0,91500
NIFTY31DEC2012000CE.NFO,07/01/2020,12:13:16,1001,990.2,75,1016.55,75,0,91500
NIFTY31DEC2012000CE.NFO,07/01/2020,12:13:18,1001,990.2,75,1017.15,75,0,91500
NIFTY31DEC2012000CE.NFO,07/01/2020,12:13:20,1001,990.1,75,1017.15,75,0,91500
NIFTY31DEC2012000CE.NFO,07/01/2020,12:13:21,1001,990.1,75,1018.9,75,0,91500
NIFTY31DEC2012000CE.NFO,07/01/2020,12:13:23,1001,990.3,75,1019.25,1200,0,91500
NIFTY31DEC2012000CE.NFO,07/01/2020,12:13:25,1001,990.3,75,1019.15,75,0,91500
NIFTY31DEC2012000CE.NFO,07/01/2020,12:13:26,1001,990.1,75,1018.3,1200,0,91500
NIFTY31DEC2012000CE.NFO,07/01/2020,12:13:27,1001,990.1,75,1018.1,1200,0,91500
NIFTY31DEC2012000CE.NFO,07/01/2020,12:13:29,1001,990.1,75,1018.3,1200,0,91500
NIFTY31DEC2012000CE.NFO,07/01/2020,12:13:30,1001,990.1,75,1017.9,1200,0,91500
NIFTY31DEC2012000CE.NFO,07/01/2020,12:13:31,1001,990.1,75,1001,900,0,91500
NIFTY31DEC2012000CE.NFO,07/01/2020,12:13:37,1001,990.1,75,1018,1200,900,91500
NIFTY31DEC2012000CE.NFO,07/01/2020,12:13:38,1001,990.1,75,1018.15,1200,0,91500
NIFTY31DEC2012000CE.NFO,07/01/2020,12:13:39,1001,990.1,75,1017.9,1200,0,91500
NIFTY31DEC2012000CE.NFO,07/01/2020,12:13:41,1001,990.1,75,1015,900,0,91500
NIFTY31DEC2012000CE.NFO,07/01/2020,12:14:00,1001,990,3750,1015,900,0,91500
NIFTY31DEC2012000CE.NFO,07/01/2020,12:14:04,1001,990,3750,1014.9,75,0,91500
NIFTY31DEC2012000CE.NFO,07/01/2020,12:14:16,1001,990,3750,1014.85,75,0,91500
NIFTY31DEC2012000CE.NFO,07/01/2020,12:14:19,1001,990.05,300,1014.85,75,0,91500
NIFTY31DEC2012000CE.NFO,07/01/2020,12:14:20,1001,990,3750,1014.8,75,0,91500
NIFTY31DEC2012000CE.NFO,07/01/2020,12:14:22,1001,990,3750,1014.9,75,0,91500
NIFTY31DEC2012000CE.NFO,07/01/2020,12:14:27,1001,990,3750,1014.9,1275,0,91500
NIFTY31DEC2012000CE.NFO,07/01/2020,12:14:28,1001,990,3750,1014.35,1200,0,91500
NIFTY31DEC2012000CE.NFO,07/01/2020,12:14:29,1001,990,3750,1014.3,1200,0,91500
NIFTY31DEC2012000CE.NFO,07/01/2020,12:14:31,1001,990,3750,1014.2,75,0,91500
NIFTY31DEC2012000CE.NFO,07/01/2020,12:14:35,1001,990,3750,1014.45,75,0,91500
NIFTY31DEC2012000CE.NFO,07/01/2020,12:14:37,1001,990,3750,1014.1,75,0,91500
NIFTY31DEC2012000CE.NFO,07/01/2020,12:14:40,1001,990,3750,1014.35,75,0,91500
NIFTY31DEC2012000CE.NFO,07/01/2020,12:14:43,1001,990,3750,1014,75,0,91500
NIFTY31DEC2012000CE.NFO,07/01/2020,12:14:45,1001,990,3750,1014.25,75,0,91500
NIFTY31DEC2012000CE.NFO,07/01/2020,12:14:47,1001,990,3750,1013.9,75,0,91500
NIFTY31DEC2012000CE.NFO,07/01/2020,12:14:50,1001,990,3750,1014.15,75,0,91500
NIFTY31DEC2012000CE.NFO,07/01/2020,12:14:52,1001,990,3750,1013.8,75,0,91500
NIFTY31DEC2012000CE.NFO,07/01/2020,12:14:54,1001,990,3750,1014.05,75,0,91500
NIFTY31DEC2012000CE.NFO,07/01/2020,12:14:57,1001,990,3750,1013.7,75,0,91500
NIFTY31DEC2012000CE.NFO,07/01/2020,12:14:59,1001,990,3750,1013.95,75,0,91500
NIFTY31DEC2012000CE.NFO,07/01/2020,12:15:02,1001,990,3750,1013.6,75,0,91500
NIFTY31DEC2012000CE.NFO,07/01/2020,12:15:05,1001,990,3750,1013.5,75,0,91500
NIFTY31DEC2012000CE.NFO,07/01/2020,12:15:09,1001,990,3750,1013.4,75,0,91500
NIFTY31DEC2012000CE.NFO,07/01/2020,12:15:12,1001,990,3750,1013.3,75,0,91500
NIFTY31DEC2012000CE.NFO,07/01/2020,12:15:15,1001,990,3750,1013.2,75,0,91500
NIFTY31DEC2012000CE.NFO,07/01/2020,12:15:18,1001,990,3750,1013.05,750,0,91500
NIFTY31DEC2012000CE.NFO,07/01/2020,12:15:19,1001,990,3750,1009.8,900,0,91500
NIFTY31DEC2012000CE.NFO,07/01/2020,12:15:52,1001,990.1,75,1009.8,900,0,91500
NIFTY31DEC2012000CE.NFO,07/01/2020,12:15:56,1001,990,3750,1009.8,900,0,91500
NIFTY31DEC2012000CE.NFO,07/01/2020,12:16:02,1001,990.1,75,1009.8,900,0,91500
NIFTY31DEC2012000CE.NFO,07/01/2020,12:16:19,1001,992,75,1009.8,900,0,91500
NIFTY31DEC2012000CE.NFO,07/01/2020,12:19:09,1001,992.1,75,1009.8,900,0,91500
NIFTY31DEC2012000CE.NFO,07/01/2020,12:19:24,1001,995,75,1009.8,900,0,91500
NIFTY31DEC2012000CE.NFO,07/01/2020,12:19:38,1001,995,75,1016.95,750,0,91500
NIFTY31DEC2012000CE.NFO,07/01/2020,12:19:41,1001,995,75,1016.9,750,0,91500
NIFTY31DEC2012000CE.NFO,07/01/2020,12:19:42,1001,995,75,1016.8,750,0,91500
NIFTY31DEC2012000CE.NFO,07/01/2020,12:19:45,1001,995,75,1016.65,750,0,91500
NIFTY31DEC2012000CE.NFO,07/01/2020,12:19:47,1001,995,75,1016.6,150,0,91500
NIFTY31DEC2012000CE.NFO,07/01/2020,12:19:48,1001,995,75,1016.45,750,0,91500
NIFTY31DEC2012000CE.NFO,07/01/2020,12:19:49,1001,995,75,1014.65,750,0,91500
NIFTY31DEC2012000CE.NFO,07/01/2020,12:19:56,1001,995,75,1014.5,750,0,91500
NIFTY31DEC2012000CE.NFO,07/01/2020,12:19:57,1001,995,75,1014.65,750,0,91500
NIFTY31DEC2012000CE.NFO,07/01/2020,12:20:00,1001,995,75,1014.55,150,0,91500
NIFTY31DEC2012000CE.NFO,07/01/2020,12:20:01,1001,995,75,1014.65,750,0,91500
NIFTY31DEC2012000CE.NFO,07/01/2020,12:20:03,1001,995,75,1014.55,150,0,91500
NIFTY31DEC2012000CE.NFO,07/01/2020,12:20:04,1001,995,75,1014.5,750,0,91500
NIFTY31DEC2012000CE.NFO,07/01/2020,12:20:05,1001,995,75,1014.65,750,0,91500
NIFTY31DEC2012000CE.NFO,07/01/2020,12:20:17,1001,995,75,1014.5,750,0,91500
NIFTY31DEC2012000CE.NFO,07/01/2020,12:20:19,1001,995,75,1014.45,150,0,91500
NIFTY31DEC2012000CE.NFO,07/01/2020,12:20:20,1001,995,75,1014.4,750,0,91500
NIFTY31DEC2012000CE.NFO,07/01/2020,12:20:22,1001,995,75,1014.3,750,0,91500
NIFTY31DEC2012000CE.NFO,07/01/2020,12:20:25,1001,995,75,1014.15,750,0,91500
NIFTY31DEC2012000CE.NFO,07/01/2020,12:20:27,1001,995,75,1014.65,750,0,91500
NIFTY31DEC2012000CE.NFO,07/01/2020,12:20:28,1001,995,75,1014,750,0,91500
NIFTY31DEC2012000CE.NFO,07/01/2020,12:20:32,1001,995,75,1014.65,750,0,91500
NIFTY31DEC2012000CE.NFO,07/01/2020,12:20:34,1001,995,75,1014.55,150,0,91500
NIFTY31DEC2012000CE.NFO,07/01/2020,12:20:35,1001,995,75,1014.5,750,0,91500
NIFTY31DEC2012000CE.NFO,07/01/2020,12:20:37,1001,995,75,1014.35,750,0,91500
NIFTY31DEC2012000CE.NFO,07/01/2020,12:20:40,1001,995,75,1014.25,750,0,91500
NIFTY31DEC2012000CE.NFO,07/01/2020,12:20:42,1001,995,75,1014.25,900,0,91500
NIFTY31DEC2012000CE.NFO,07/01/2020,12:20:43,1001,995,75,1014.65,750,0,91500
NIFTY31DEC2012000CE.NFO,07/01/2020,12:20:46,1001,995,75,1014.5,750,0,91500
NIFTY31DEC2012000CE.NFO,07/01/2020,12:20:48,1001,995,75,1014.4,150,0,91500
NIFTY31DEC2012000CE.NFO,07/01/2020,12:20:49,1001,995,75,1014.35,750,0,91500
NIFTY31DEC2012000CE.NFO,07/01/2020,12:20:52,1001,995,75,1014.2,750,0,91500
NIFTY31DEC2012000CE.NFO,07/01/2020,12:20:54,1001,995,75,1014.1,750,0,91500
NIFTY31DEC2012000CE.NFO,07/01/2020,12:20:56,1001,995,75,1014.1,900,0,91500
NIFTY31DEC2012000CE.NFO,07/01/2020,12:20:57,1001,995,75,1014.65,750,0,91500
NIFTY31DEC2012000CE.NFO,07/01/2020,12:21:00,1001,995,75,1014.5,750,0,91500
NIFTY31DEC2012000CE.NFO,07/01/2020,12:21:01,1001,995,75,1014.4,750,0,91500
NIFTY31DEC2012000CE.NFO,07/01/2020,12:21:02,1001,995,75,1014.65,750,0,91500
NIFTY31DEC2012000CE.NFO,07/01/2020,12:21:07,1001,995,75,1014.55,150,0,91500
NIFTY31DEC2012000CE.NFO,07/01/2020,12:21:08,1001,995,75,1014.5,750,0,91500
NIFTY31DEC2012000CE.NFO,07/01/2020,12:21:11,1001,995,75,1014.65,750,0,91500
NIFTY31DEC2012000CE.NFO,07/01/2020,12:21:14,1001,995,75,1014.55,150,0,91500
NIFTY31DEC2012000CE.NFO,07/01/2020,12:21:15,1001,995,75,1014.5,750,0,91500
NIFTY31DEC2012000CE.NFO,07/01/2020,12:21:17,1001,995,75,1014.4,150,0,91500
NIFTY31DEC2012000CE.NFO,07/01/2020,12:21:18,1001,995,75,1014.35,750,0,91500
NIFTY31DEC2012000CE.NFO,07/01/2020,12:21:19,1001,990,3750,1014.35,750,0,91500
NIFTY31DEC2012000CE.NFO,07/01/2020,12:21:20,1001,990,3750,1014.25,750,0,91500
NIFTY31DEC2012000CE.NFO,07/01/2020,12:21:23,1001,990,3750,1014.2,750,0,91500
NIFTY31DEC2012000CE.NFO,07/01/2020,12:21:25,1001,990,3750,1014.15,150,0,91500
NIFTY31DEC2012000CE.NFO,07/01/2020,12:21:26,1001,990,3750,1014.1,750,0,91500
NIFTY31DEC2012000CE.NFO,07/01/2020,12:21:28,1001,990,3750,1014.05,150,0,91500
NIFTY31DEC2012000CE.NFO,07/01/2020,12:21:29,1001,990,3750,1014,750,0,91500
NIFTY31DEC2012000CE.NFO,07/01/2020,12:21:30,1001,990,3750,1013.95,750,0,91500
NIFTY31DEC2012000CE.NFO,07/01/2020,12:21:33,1001,990,3750,1013.85,150,0,91500
NIFTY31DEC2012000CE.NFO,07/01/2020,12:21:34,1001,990,3750,1013.8,750,0,91500
NIFTY31DEC2012000CE.NFO,07/01/2020,12:21:36,1001,990,3750,1013.65,750,0,91500
NIFTY31DEC2012000CE.NFO,07/01/2020,12:21:37,1001,991.45,150,1013.65,750,0,91500
NIFTY31DEC2012000CE.NFO,07/01/2020,12:21:38,1001,991.45,150,1013.55,750,0,91500
NIFTY31DEC2012000CE.NFO,07/01/2020,12:21:42,1001,991.45,150,1013.45,750,0,91500
NIFTY31DEC2012000CE.NFO,07/01/2020,12:21:43,1001,991.45,150,1014.65,750,0,91500
NIFTY31DEC2012000CE.NFO,07/01/2020,12:21:44,1001,991.55,75,1014.65,750,0,91500
NIFTY31DEC2012000CE.NFO,07/01/2020,12:21:45,1001,991.55,75,1014.5,750,0,91500
NIFTY31DEC2012000CE.NFO,07/01/2020,12:21:47,1001,991.55,75,1014.4,75,0,91500
NIFTY31DEC2012000CE.NFO,07/01/2020,12:21:48,1001,991.55,75,1014.35,750,0,91500
NIFTY31DEC2012000CE.NFO,07/01/2020,12:21:51,1001,991.55,75,1014.2,750,0,91500
NIFTY31DEC2012000CE.NFO,07/01/2020,12:21:54,1001,991.55,75,1014.1,75,0,91500
NIFTY31DEC2012000CE.NFO,07/01/2020,12:21:55,1001,991.55,75,1014.05,750,0,91500
NIFTY31DEC2012000CE.NFO,07/01/2020,12:21:57,1001,991.55,75,1013.9,750,0,91500
NIFTY31DEC2012000CE.NFO,07/01/2020,12:21:58,1001,990.3,150,1013.9,750,0,91500
NIFTY31DEC2012000CE.NFO,07/01/2020,12:22:00,1001,990.3,150,1013.8,150,0,91500
NIFTY31DEC2012000CE.NFO,07/01/2020,12:22:01,1001,990.3,150,1013.75,750,0,91500
NIFTY31DEC2012000CE.NFO,07/01/2020,12:22:03,1001,990.3,150,1013.6,750,0,91500
NIFTY31DEC2012000CE.NFO,07/01/2020,12:22:06,1001,990.3,150,1013.5,750,0,91500
NIFTY31DEC2012000CE.NFO,07/01/2020,12:22:09,1001,990.3,150,1013.35,750,0,91500
NIFTY31DEC2012000CE.NFO,07/01/2020,12:22:12,1001,990.3,150,1013.25,150,0,91500
NIFTY31DEC2012000CE.NFO,07/01/2020,12:22:13,1001,990.3,150,1013.2,750,0,91500
NIFTY31DEC2012000CE.NFO,07/01/2020,12:22:15,1001,990.3,150,1013.1,75,0,91500
NIFTY31DEC2012000CE.NFO,07/01/2020,12:22:16,1001,990.3,150,1012.95,750,0,91500
NIFTY31DEC2012000CE.NFO,07/01/2020,12:22:17,1001,990.3,150,1014.65,750,0,91500
NIFTY31DEC2012000CE.NFO,07/01/2020,12:22:18,1001,990.3,150,1012.9,750,0,91500
NIFTY31DEC2012000CE.NFO,07/01/2020,12:22:21,1001,990.3,150,1012.75,750,0,91500
NIFTY31DEC2012000CE.NFO,07/01/2020,12:22:22,1001,990.3,150,1014.65,750,0,91500
NIFTY31DEC2012000CE.NFO,07/01/2020,12:22:24,1001,990.4,75,1014.55,75,0,91500
NIFTY31DEC2012000CE.NFO,07/01/2020,12:22:25,1001,990.4,75,1014.5,750,0,91500
NIFTY31DEC2012000CE.NFO,07/01/2020,12:22:27,1001,990.4,75,1014.4,75,0,91500
NIFTY31DEC2012000CE.NFO,07/01/2020,12:22:28,1001,990.4,75,1014.35,750,0,91500
NIFTY31DEC2012000CE.NFO,07/01/2020,12:22:30,1001,990.4,75,1014.2,750,0,91500
NIFTY31DEC2012000CE.NFO,07/01/2020,12:22:33,1001,990.4,75,1014.05,750,0,91500
NIFTY31DEC2012000CE.NFO,07/01/2020,12:22:35,1001,990.4,75,1013.95,75,0,91500
NIFTY31DEC2012000CE.NFO,07/01/2020,12:22:36,1001,990.4,75,1013.9,750,0,91500
NIFTY31DEC2012000CE.NFO,07/01/2020,12:22:37,1001,990.4,75,1013.75,750,0,91500
NIFTY31DEC2012000CE.NFO,07/01/2020,12:22:40,1001,990.4,75,1013.6,750,0,91500
NIFTY31DEC2012000CE.NFO,07/01/2020,12:22:42,1001,990.4,75,1013.45,750,0,91500
NIFTY31DEC2012000CE.NFO,07/01/2020,12:22:45,1001,990.4,75,1013.3,750,0,91500
NIFTY31DEC2012000CE.NFO,07/01/2020,12:22:47,1001,990.3,150,1013.3,750,0,91500
NIFTY31DEC2012000CE.NFO,07/01/2020,12:22:48,1001,990.3,150,1013.2,75,0,91500
NIFTY31DEC2012000CE.NFO,07/01/2020,12:22:49,1001,990.3,150,1013.15,750,0,91500
NIFTY31DEC2012000CE.NFO,07/01/2020,12:22:52,1001,990.3,150,1013.05,75,0,91500
NIFTY31DEC2012000CE.NFO,07/01/2020,12:22:53,1001,990.3,150,1013,750,0,91500
NIFTY31DEC2012000CE.NFO,07/01/2020,12:22:54,1001,990.3,150,1012.85,750,0,91500
NIFTY31DEC2012000CE.NFO,07/01/2020,12:22:57,1001,990.3,150,1012.7,750,0,91500
NIFTY31DEC2012000CE.NFO,07/01/2020,12:22:59,1001,990.3,150,1014.15,750,0,91500
NIFTY31DEC2012000CE.NFO,07/01/2020,12:23:01,1001,990.4,75,1014.05,75,0,91500
NIFTY31DEC2012000CE.NFO,07/01/2020,12:23:02,1001,990.4,75,1014,750,0,91500
NIFTY31DEC2012000CE.NFO,07/01/2020,12:23:04,1001,990.4,75,1013.9,75,0,91500
NIFTY31DEC2012000CE.NFO,07/01/2020,12:23:05,1001,990.4,75,1013.85,750,0,91500
NIFTY31DEC2012000CE.NFO,07/01/2020,12:23:06,1001,990.4,75,1013.7,750,0,91500
NIFTY31DEC2012000CE.NFO,07/01/2020,12:23:09,1001,990.4,75,1013.6,75,0,91500
NIFTY31DEC2012000CE.NFO,07/01/2020,12:23:10,1001,990.4,75,1013.55,750,0,91500
NIFTY31DEC2012000CE.NFO,07/01/2020,12:23:13,1001,990.4,75,1013.4,750,0,91500
NIFTY31DEC2012000CE.NFO,07/01/2020,12:23:15,1001,990.4,75,1013.25,750,0,91500
NIFTY31DEC2012000CE.NFO,07/01/2020,12:23:16,1001,990.4,75,1013.2,750,0,91500
NIFTY31DEC2012000CE.NFO,07/01/2020,12:23:17,1001,991.45,150,1014.15,750,0,91500
NIFTY31DEC2012000CE.NFO,07/01/2020,12:23:18,1001,991.45,150,1014.65,750,0,91500
NIFTY31DEC2012000CE.NFO,07/01/2020,12:23:20,1001,991.55,75,1014.65,750,0,91500
NIFTY31DEC2012000CE.NFO,07/01/2020,12:23:24,1001,991.55,75,1014.5,750,0,91500
NIFTY31DEC2012000CE.NFO,07/01/2020,12:23:27,1001,991.55,75,1014.35,750,0,91500
NIFTY31DEC2012000CE.NFO,07/01/2020,12:23:28,1001,991.55,75,1014.65,750,0,91500
NIFTY31DEC2012000CE.NFO,07/01/2020,12:23:29,1001,991.55,75,1014.55,75,0,91500
NIFTY31DEC2012000CE.NFO,07/01/2020,12:23:30,1001,991.55,75,1014.5,750,0,91500
NIFTY31DEC2012000CE.NFO,07/01/2020,12:23:32,1001,991.55,75,1014.4,75,0,91500
NIFTY31DEC2012000CE.NFO,07/01/2020,12:23:33,1001,991.55,75,1014.35,750,0,91500
NIFTY31DEC2012000CE.NFO,07/01/2020,12:23:34,1001,991.55,75,1014.65,750,0,91500
NIFTY31DEC2012000CE.NFO,07/01/2020,12:23:37,1001,991.55,75,1014.5,750,0,91500
NIFTY31DEC2012000CE.NFO,07/01/2020,12:23:39,1001,991.55,75,1014.4,75,0,91500
NIFTY31DEC2012000CE.NFO,07/01/2020,12:23:40,1001,991.55,75,1014.65,750,0,91500
NIFTY31DEC2012000CE.NFO,07/01/2020,12:23:43,1001,991.55,75,1014.5,750,0,91500
NIFTY31DEC2012000CE.NFO,07/01/2020,12:23:46,1001,991.55,75,1014.65,750,0,91500
NIFTY31DEC2012000CE.NFO,07/01/2020,12:23:48,1001,995,75,1014.65,750,0,91500
NIFTY31DEC2012000CE.NFO,07/01/2020,12:23:55,1001,995,75,1014.55,150,0,91500
NIFTY31DEC2012000CE.NFO,07/01/2020,12:23:56,1001,995,75,1014.65,750,0,91500
NIFTY31DEC2012000CE.NFO,07/01/2020,12:23:59,1001,995,75,1014.5,750,0,91500
NIFTY31DEC2012000CE.NFO,07/01/2020,12:24:00,1001,995,75,1014.65,750,0,91500
NIFTY31DEC2012000CE.NFO,07/01/2020,12:24:01,1001,995,75,1014.55,150,0,91500
NIFTY31DEC2012000CE.NFO,07/01/2020,12:24:02,1001,995,75,1014.5,750,0,91500
NIFTY31DEC2012000CE.NFO,07/01/2020,12:24:03,1001,995,75,1014.65,750,0,91500
NIFTY31DEC2012000CE.NFO,07/01/2020,12:24:35,1001,995,75,1014.55,150,0,91500
NIFTY31DEC2012000CE.NFO,07/01/2020,12:24:36,1001,995,75,1014.5,750,0,91500
NIFTY31DEC2012000CE.NFO,07/01/2020,12:24:37,1001,995,75,1014.65,750,0,91500
NIFTY31DEC2012000CE.NFO,07/01/2020,12:24:39,1001,995,75,1014.5,750,0,91500
NIFTY31DEC2012000CE.NFO,07/01/2020,12:24:40,1001,995,75,1014.65,750,0,91500
NIFTY31DEC2012000CE.NFO,07/01/2020,12:24:43,1001,995,75,1014.35,750,0,91500
NIFTY31DEC2012000CE.NFO,07/01/2020,12:24:46,1001,995,75,1014.45,750,0,91500
NIFTY31DEC2012000CE.NFO,07/01/2020,12:24:47,1001,995,75,1014.65,750,0,91500
NIFTY31DEC2012000CE.NFO,07/01/2020,12:24:50,1001,995,75,1014.5,750,0,91500
NIFTY31DEC2012000CE.NFO,07/01/2020,12:24:53,1001,995,75,1014.35,750,0,91500
NIFTY31DEC2012000CE.NFO,07/01/2020,12:24:56,1001,995,75,1014.2,750,0,91500
NIFTY31DEC2012000CE.NFO,07/01/2020,12:24:59,1001,995,75,1014.1,750,0,91500
NIFTY31DEC2012000CE.NFO,07/01/2020,12:25:01,1001,995,75,1014.05,750,0,91500
NIFTY31DEC2012000CE.NFO,07/01/2020,12:25:04,1001,995,75,1013.95,750,0,91500
NIFTY31DEC2012000CE.NFO,07/01/2020,12:25:06,1001,995,75,1013.9,150,0,91500
NIFTY31DEC2012000CE.NFO,07/01/2020,12:25:07,1001,995,75,1013.85,750,0,91500
NIFTY31DEC2012000CE.NFO,07/01/2020,12:25:08,1001,995,75,1013.8,750,0,91500
NIFTY31DEC2012000CE.NFO,07/01/2020,12:25:09,1001,995,75,1014.65,750,0,91500
NIFTY31DEC2012000CE.NFO,07/01/2020,12:25:11,1001,995,75,1014.55,150,0,91500
NIFTY31DEC2012000CE.NFO,07/01/2020,12:25:12,1001,995,75,1014.5,750,0,91500
NIFTY31DEC2012000CE.NFO,07/01/2020,12:25:14,1001,995,75,1014.35,750,0,91500
NIFTY31DEC2012000CE.NFO,07/01/2020,12:25:17,1001,995,75,1014.25,750,0,91500
NIFTY31DEC2012000CE.NFO,07/01/2020,12:25:19,1001,995,75,1014.2,750,0,91500
NIFTY31DEC2012000CE.NFO,07/01/2020,12:25:22,1001,995,75,1014.1,750,0,91500
NIFTY31DEC2012000CE.NFO,07/01/2020,12:25:25,1001,995,75,1014,750,0,91500
NIFTY31DEC2012000CE.NFO,07/01/2020,12:25:27,1001,995,75,1013.95,150,0,91500
NIFTY31DEC2012000CE.NFO,07/01/2020,12:25:28,1001,995,75,1014.65,750,0,91500
NIFTY31DEC2012000CE.NFO,07/01/2020,12:25:31,1001,995,75,1014.5,750,0,91500
NIFTY31DEC2012000CE.NFO,07/01/2020,12:25:34,1001,995,75,1014.4,150,0,91500
NIFTY31DEC2012000CE.NFO,07/01/2020,12:25:35,1001,995,75,1014.35,750,0,91500
NIFTY31DEC2012000CE.NFO,07/01/2020,12:25:37,1001,995,75,1014.2,750,0,91500
NIFTY31DEC2012000CE.NFO,07/01/2020,12:25:39,1001,995,75,1014.1,150,0,91500
NIFTY31DEC2012000CE.NFO,07/01/2020,12:25:40,1001,995,75,1014,750,0,91500
NIFTY31DEC2012000CE.NFO,07/01/2020,12:25:41,1001,995,75,1014.65,750,0,91500
NIFTY31DEC2012000CE.NFO,07/01/2020,12:26:08,1001,995,75,1014.5,750,0,91500
NIFTY31DEC2012000CE.NFO,07/01/2020,12:26:10,1001,995,75,1014.4,750,0,91500
NIFTY31DEC2012000CE.NFO,07/01/2020,12:26:13,1001,995,75,1014.65,750,0,91500
NIFTY31DEC2012000CE.NFO,07/01/2020,12:26:30,1001,995,75,1014.55,150,0,91500
NIFTY31DEC2012000CE.NFO,07/01/2020,12:26:31,1001,995,75,1014.5,750,0,91500
NIFTY31DEC2012000CE.NFO,07/01/2020,12:26:34,1001,995,75,1014.35,750,0,91500
NIFTY31DEC2012000CE.NFO,07/01/2020,12:26:35,1001,995,75,1014.25,750,0,91500
NIFTY31DEC2012000CE.NFO,07/01/2020,12:26:38,1001,995,75,1014.15,150,0,91500
NIFTY31DEC2012000CE.NFO,07/01/2020,12:26:39,1001,995,75,1014.65,750,0,91500
NIFTY31DEC2012000CE.NFO,07/01/2020,12:26:42,1001,995,75,1014.5,750,0,91500
NIFTY31DEC2012000CE.NFO,07/01/2020,12:26:44,1001,995,75,1014.4,150,0,91500
NIFTY31DEC2012000CE.NFO,07/01/2020,12:26:45,1001,995,75,1014.35,750,0,91500
NIFTY31DEC2012000CE.NFO,07/01/2020,12:26:46,1001,995,75,1014.3,150,0,91500
NIFTY31DEC2012000CE.NFO,07/01/2020,12:26:47,1001,995,75,1014.65,750,0,91500
NIFTY31DEC2012000CE.NFO,07/01/2020,12:26:50,1001,995,75,1014.5,750,0,91500
NIFTY31DEC2012000CE.NFO,07/01/2020,12:26:53,1001,995,75,1014.35,750,0,91500
NIFTY31DEC2012000CE.NFO,07/01/2020,12:26:56,1001,995,75,1014.2,750,0,91500
NIFTY31DEC2012000CE.NFO,07/01/2020,12:26:59,1001,995,75,1014.05,750,0,91500
NIFTY31DEC2012000CE.NFO,07/01/2020,12:27:01,1001,995,75,1014,150,0,91500
NIFTY31DEC2012000CE.NFO,07/01/2020,12:27:02,1001,995,75,1013.95,750,0,91500
NIFTY31DEC2012000CE.NFO,07/01/2020,12:27:04,1001,995,75,1013.95,900,0,91500
NIFTY31DEC2012000CE.NFO,07/01/2020,12:27:05,1001,995,75,1013.9,750,0,91500
NIFTY31DEC2012000CE.NFO,07/01/2020,12:27:07,1001,995,75,1013.8,750,0,91500
NIFTY31DEC2012000CE.NFO,07/01/2020,12:27:08,1001,995,75,1014.65,750,0,91500
NIFTY31DEC2012000CE.NFO,07/01/2020,12:27:11,1001,995,75,1014.5,750,0,91500
NIFTY31DEC2012000CE.NFO,07/01/2020,12:27:13,1001,995,75,1014.35,750,0,91500
NIFTY31DEC2012000CE.NFO,07/01/2020,12:27:16,1001,995,75,1014.25,150,0,91500
NIFTY31DEC2012000CE.NFO,07/01/2020,12:27:17,1001,995,75,1014.65,750,0,91500
NIFTY31DEC2012000CE.NFO,07/01/2020,12:27:27,1001,995,75,1014.5,750,0,91500
NIFTY31DEC2012000CE.NFO,07/01/2020,12:27:28,1001,1001,3750,1014.5,750,0,91500
NIFTY31DEC2012000CE.NFO,07/01/2020,12:27:29,1001,1001,3750,1014.45,150,0,91500
NIFTY31DEC2012000CE.NFO,07/01/2020,12:27:30,1001,1001,3750,1014.4,750,0,91500
NIFTY31DEC2012000CE.NFO,07/01/2020,12:27:31,1001,1001,3750,1014.25,750,0,91500
NIFTY31DEC2012000CE.NFO,07/01/2020,12:27:34,1001,1001,3750,1014.1,750,0,91500
NIFTY31DEC2012000CE.NFO,07/01/2020,12:27:35,1001,1001,3750,1014.65,750,0,91500
NIFTY31DEC2012000CE.NFO,07/01/2020,12:27:38,1001,1001,3750,1014.5,750,0,91500
NIFTY31DEC2012000CE.NFO,07/01/2020,12:27:40,1001,1001,3750,1014.4,150,0,91500
NIFTY31DEC2012000CE.NFO,07/01/2020,12:27:41,1001,1001,3750,1014.35,750,0,91500
NIFTY31DEC2012000CE.NFO,07/01/2020,12:27:43,1001,1001,3750,1014.2,750,0,91500
NIFTY31DEC2012000CE.NFO,07/01/2020,12:27:46,1001,1001,3750,1014.1,150,0,91500
NIFTY31DEC2012000CE.NFO,07/01/2020,12:27:46,1001,1001,3750,1014.05,750,0,91500
NIFTY31DEC2012000CE.NFO,07/01/2020,12:27:48,1001,1001,3750,1013.95,150,0,91500
NIFTY31DEC2012000CE.NFO,07/01/2020,12:27:49,1001,1001,3750,1013.9,750,0,91500
NIFTY31DEC2012000CE.NFO,07/01/2020,12:27:51,1001,1001,3750,1013.85,150,0,91500
NIFTY31DEC2012000CE.NFO,07/01/2020,12:27:52,1001,1001,3750,1013.8,750,0,91500
NIFTY31DEC2012000CE.NFO,07/01/2020,12:27:53,1001,1001,3750,1009.8,900,0,91500
NIFTY31DEC2012000CE.NFO,07/01/2020,12:28:55,1001,1001,3750,1009.75,750,0,91500
NIFTY31DEC2012000CE.NFO,07/01/2020,12:29:26,1001,1001,3750,1009.6,750,0,91500
NIFTY31DEC2012000CE.NFO,07/01/2020,12:29:30,1001,1001,3750,1009.45,750,0,91500
NIFTY31DEC2012000CE.NFO,07/01/2020,12:29:33,1001,1001,3750,1009.3,750,0,91500
NIFTY31DEC2012000CE.NFO,07/01/2020,12:29:36,1001,1001,3750,1009.2,75,0,91500
NIFTY31DEC2012000CE.NFO,07/01/2020,12:29:37,1001,1001,3750,1009.15,750,0,91500
NIFTY31DEC2012000CE.NFO,07/01/2020,12:29:40,1001,1001,3750,1009,750,0,91500
NIFTY31DEC2012000CE.NFO,07/01/2020,12:29:43,1001,1001,3750,1008.95,150,0,91500
NIFTY31DEC2012000CE.NFO,07/01/2020,12:29:45,1001,1001,3750,1008.9,750,0,91500
NIFTY31DEC2012000CE.NFO,07/01/2020,12:29:48,1001,1001,3750,1008.85,750,0,91500
NIFTY31DEC2012000CE.NFO,07/01/2020,12:29:51,1001,1001,3750,1008.8,750,0,91500
NIFTY31DEC2012000CE.NFO,07/01/2020,12:29:52,1001,1001,3750,1008.75,750,0,91500
NIFTY31DEC2012000CE.NFO,07/01/2020,12:29:53,1001,1001,3750,1008.7,750,0,91500
NIFTY31DEC2012000CE.NFO,07/01/2020,12:29:54,1001,1001,3750,1009.75,750,0,91500
NIFTY31DEC2012000CE.NFO,07/01/2020,12:29:55,1001,1001,3750,1008.65,150,0,91500
NIFTY31DEC2012000CE.NFO,07/01/2020,12:29:56,1001,1001,3750,1008.6,750,0,91500
NIFTY31DEC2012000CE.NFO,07/01/2020,12:29:59,1001,1001,3750,1009.6,750,0,91500
NIFTY31DEC2012000CE.NFO,07/01/2020,12:30:02,1001,1001,3750,1008.45,750,0,91500
NIFTY31DEC2012000CE.NFO,07/01/2020,12:30:04,1001,1001,3750,1008.35,750,0,91500
NIFTY31DEC2012000CE.NFO,07/01/2020,12:30:06,1001,1001,3750,1008.35,2250,0,91500
NIFTY31DEC2012000CE.NFO,07/01/2020,12:30:07,1001,1001,3750,1008.1,750,0,91500
NIFTY31DEC2012000CE.NFO,07/01/2020,12:30:08,1001,1001,3750,1008.3,750,0,91500
NIFTY31DEC2012000CE.NFO,07/01/2020,12:30:10,1001,1001,3750,1008,750,0,91500
NIFTY31DEC2012000CE.NFO,07/01/2020,12:30:13,1001,1001,3750,1007.95,150,0,91500
NIFTY31DEC2012000CE.NFO,07/01/2020,12:30:14,1001,1001,3750,1007.9,750,0,91500
NIFTY31DEC2012000CE.NFO,07/01/2020,12:30:17,1001,1001,3750,1007.85,750,0,91500
NIFTY31DEC2012000CE.NFO,07/01/2020,12:30:20,1001,1001,3750,1007.8,150,0,91500
NIFTY31DEC2012000CE.NFO,07/01/2020,12:30:21,1001,1001,3750,1007.75,750,0,91500
NIFTY31DEC2012000CE.NFO,07/01/2020,12:30:24,1001,1001,3750,1007.65,150,0,91500
NIFTY31DEC2012000CE.NFO,07/01/2020,12:30:25,1001,1001,3750,1007.55,750,0,91500
NIFTY31DEC2012000CE.NFO,07/01/2020,12:30:26,1001,1001,3750,1009.75,750,0,91500
NIFTY31DEC2012000CE.NFO,07/01/2020,12:30:28,1001,1001,3750,1009.8,900,0,91500
NIFTY31DEC2012000CE.NFO,07/01/2020,12:30:32,1001,1001,3750,1009.7,150,0,91500
NIFTY31DEC2012000CE.NFO,07/01/2020,12:30:36,1001,1001,3750,1009.6,150,0,91500
NIFTY31DEC2012000CE.NFO,07/01/2020,12:30:40,1001,1001,3750,1009.5,150,0,91500
NIFTY31DEC2012000CE.NFO,07/01/2020,12:30:42,1001,1001,3750,1009.4,150,0,91500
NIFTY31DEC2012000CE.NFO,07/01/2020,12:30:45,1001,1001,3750,1009.3,150,0,91500
NIFTY31DEC2012000CE.NFO,07/01/2020,12:30:48,1001,1001,3750,1009.2,150,0,91500
NIFTY31DEC2012000CE.NFO,07/01/2020,12:30:49,1001,1001,3750,1009.8,900,0,91500
NIFTY31DEC2012000CE.NFO,07/01/2020,12:30:52,1001,1001,3750,1009.7,75,0,91500
NIFTY31DEC2012000CE.NFO,07/01/2020,12:30:54,1001,1001,3750,1009.8,900,0,91500
NIFTY31DEC2012000CE.NFO,07/01/2020,12:31:23,1001,1001,3750,1009.7,150,0,91500
NIFTY31DEC2012000CE.NFO,07/01/2020,12:31:26,1001,1001,3750,1009.6,150,0,91500
NIFTY31DEC2012000CE.NFO,07/01/2020,12:31:28,1001,1001,3750,1009.5,150,0,91500
NIFTY31DEC2012000CE.NFO,07/01/2020,12:31:32,1001,1001,3750,1009.4,150,0,91500
NIFTY31DEC2012000CE.NFO,07/01/2020,12:31:34,1001,1001,3750,1009.3,150,0,91500
NIFTY31DEC2012000CE.NFO,07/01/2020,12:31:35,1001,1001,3750,1009.8,900,0,91500
NIFTY31DEC2012000CE.NFO,07/01/2020,12:31:38,1001,1001,3750,1009.7,150,0,91500
NIFTY31DEC2012000CE.NFO,07/01/2020,12:31:42,1001,1001,3750,1009.6,150,0,91500
NIFTY31DEC2012000CE.NFO,07/01/2020,12:31:45,1001,1001,3750,1009.5,150,0,91500
NIFTY31DEC2012000CE.NFO,07/01/2020,12:31:48,1001,1001,3750,1009.4,150,0,91500
NIFTY31DEC2012000CE.NFO,07/01/2020,12:31:51,1001,1001,3750,1009.3,150,0,91500
NIFTY31DEC2012000CE.NFO,07/01/2020,12:31:54,1001,1001,3750,1009.2,150,0,91500
NIFTY31DEC2012000CE.NFO,07/01/2020,12:31:58,1001,1001,3750,1009.1,150,0,91500
NIFTY31DEC2012000CE.NFO,07/01/2020,12:32:01,1001,1001,3750,1009,150,0,91500
NIFTY31DEC2012000CE.NFO,07/01/2020,12:32:05,1001,1001,3750,1008.9,150,0,91500
NIFTY31DEC2012000CE.NFO,07/01/2020,12:32:07,1001,1001,3750,1008.8,150,0,91500
NIFTY31DEC2012000CE.NFO,07/01/2020,12:32:11,1001,1001,3750,1008.7,150,0,91500
NIFTY31DEC2012000CE.NFO,07/01/2020,12:32:15,1001,1001,3750,1008.6,150,0,91500
NIFTY31DEC2012000CE.NFO,07/01/2020,12:32:18,1001,1001,3750,1008.5,150,0,91500
NIFTY31DEC2012000CE.NFO,07/01/2020,12:32:21,1001,1001,3750,1008.4,150,0,91500
NIFTY31DEC2012000CE.NFO,07/01/2020,12:32:24,1001,1001,3750,1008.3,150,0,91500
NIFTY31DEC2012000CE.NFO,07/01/2020,12:32:27,1001,1001,3750,1008.2,150,0,91500
NIFTY31DEC2012000CE.NFO,07/01/2020,12:32:30,1001,1001,3750,1008.1,150,0,91500
NIFTY31DEC2012000CE.NFO,07/01/2020,12:32:32,1001,1001,3750,1008,2100,0,91500
NIFTY31DEC2012000CE.NFO,07/01/2020,12:32:33,1001,1001,3750,1007.55,2100,0,91500
NIFTY31DEC2012000CE.NFO,07/01/2020,12:32:34,1001,1001,3750,1007.6,2100,0,91500
NIFTY31DEC2012000CE.NFO,07/01/2020,12:32:35,1001,1001,3750,1008,150,0,91500
NIFTY31DEC2012000CE.NFO,07/01/2020,12:32:37,1001,1001,3750,1007.5,150,0,91500
NIFTY31DEC2012000CE.NFO,07/01/2020,12:32:40,1001,1001,3750,1007.9,150,0,91500
NIFTY31DEC2012000CE.NFO,07/01/2020,12:32:42,1001,1001,3750,1007.6,2100,0,91500
NIFTY31DEC2012000CE.NFO,07/01/2020,12:32:43,1001,1001,3750,1007.4,150,0,91500
NIFTY31DEC2012000CE.NFO,07/01/2020,12:32:47,1001,1001,3750,1007.3,150,0,91500
NIFTY31DEC2012000CE.NFO,07/01/2020,12:32:50,1001,1001,3750,1007.2,150,0,91500
NIFTY31DEC2012000CE.NFO,07/01/2020,12:32:54,1001,1001,3750,1008.9,2100,0,91500
NIFTY31DEC2012000CE.NFO,07/01/2020,12:32:57,1001,1001,3750,1008.8,150,0,91500
NIFTY31DEC2012000CE.NFO,07/01/2020,12:33:01,1001,1001,3750,1008.7,150,0,91500
NIFTY31DEC2012000CE.NFO,07/01/2020,12:33:04,1001,1001,3750,1008.6,150,0,91500
NIFTY31DEC2012000CE.NFO,07/01/2020,12:33:07,1001,1001,3750,1008.5,150,0,91500
NIFTY31DEC2012000CE.NFO,07/01/2020,12:33:11,1001,1001,3750,1008.4,150,0,91500
NIFTY31DEC2012000CE.NFO,07/01/2020,12:33:14,1001,1001,3750,1008.3,150,0,91500
NIFTY31DEC2012000CE.NFO,07/01/2020,12:33:18,1001,1001,3750,1008.2,150,0,91500
NIFTY31DEC2012000CE.NFO,07/01/2020,12:33:21,1001,1001,3750,1008.1,150,0,91500
NIFTY31DEC2012000CE.NFO,07/01/2020,12:33:23,1001,1001,3750,1008,150,0,91500
NIFTY31DEC2012000CE.NFO,07/01/2020,12:33:24,1001,1001,3750,1009.2,2100,0,91500
NIFTY31DEC2012000CE.NFO,07/01/2020,12:33:25,1001,1001,3750,1009.8,900,0,91500
NIFTY31DEC2012000CE.NFO,07/01/2020,12:33:27,1001,1001,3750,1009.1,150,0,91500
NIFTY31DEC2012000CE.NFO,07/01/2020,12:33:29,1001,1001,3750,1009,150,0,91500
NIFTY31DEC2012000CE.NFO,07/01/2020,12:33:33,1001,1001,3750,1008.9,150,0,91500
NIFTY31DEC2012000CE.NFO,07/01/2020,12:33:35,1001,1001,3750,1008.8,150,0,91500
NIFTY31DEC2012000CE.NFO,07/01/2020,12:33:39,1001,1001,3750,1008.8,75,0,91500
NIFTY31DEC2012000CE.NFO,07/01/2020,12:33:40,1001,1001,3750,1008.7,75,0,91500
NIFTY31DEC2012000CE.NFO,07/01/2020,12:33:43,1001,1001,3750,1009.6,75,0,91500
NIFTY31DEC2012000CE.NFO,07/01/2020,12:33:46,1001,1001,3750,1009.6,2175,0,91500
NIFTY31DEC2012000CE.NFO,07/01/2020,12:33:48,1001,1001,3750,1009.65,75,0,91500
NIFTY31DEC2012000CE.NFO,07/01/2020,12:33:50,1001,1001,3750,1009.5,75,0,91500
NIFTY31DEC2012000CE.NFO,07/01/2020,12:33:53,1001,1001,3750,1009.2,2100,0,91500
NIFTY31DEC2012000CE.NFO,07/01/2020,12:33:55,1001,1001,3750,1009.1,75,0,91500
NIFTY31DEC2012000CE.NFO,07/01/2020,12:33:59,1001,1001,3750,1008.95,1200,0,91500
NIFTY31DEC2012000CE.NFO,07/01/2020,12:34:00,1001,1001,3750,1009.15,2100,0,91500
NIFTY31DEC2012000CE.NFO,07/01/2020,12:34:02,1001,1001,3750,1008.9,75,0,91500
NIFTY31DEC2012000CE.NFO,07/01/2020,12:34:05,1001,1001,3750,1009.45,2175,0,91500
NIFTY31DEC2012000CE.NFO,07/01/2020,12:34:06,1001,1001,3750,1009.35,2100,0,91500
NIFTY31DEC2012000CE.NFO,07/01/2020,12:34:08,1001,1001,3750,1009.35,75,0,91500
NIFTY31DEC2012000CE.NFO,07/01/2020,12:34:11,1001,1001,3750,1009.45,2100,0,91500
NIFTY31DEC2012000CE.NFO,07/01/2020,12:34:13,1001,1001,3750,1009.35,75,0,91500
NIFTY31DEC2012000CE.NFO,07/01/2020,12:34:14,1001,1001,3750,1009.15,2100,0,91500
NIFTY31DEC2012000CE.NFO,07/01/2020,12:34:15,1001,1001,3750,1009.35,75,0,91500
NIFTY31DEC2012000CE.NFO,07/01/2020,12:34:16,1001,1001,3750,1009.05,75,0,91500
NIFTY31DEC2012000CE.NFO,07/01/2020,12:34:20,1001,1001,3750,1009.2,75,0,91500
NIFTY31DEC2012000CE.NFO,07/01/2020,12:34:25,1001,1001,3750,1009.3,75,0,91500
NIFTY31DEC2012000CE.NFO,07/01/2020,12:34:28,1001,1001,3750,1009.1,75,0,91500
NIFTY31DEC2012000CE.NFO,07/01/2020,12:34:31,1001,1001,3750,1009.65,75,0,91500
NIFTY31DEC2012000CE.NFO,07/01/2020,12:34:34,1001,1001,3750,1009.7,75,0,91500
NIFTY31DEC2012000CE.NFO,07/01/2020,12:34:37,1001,1001,3750,1009.55,75,0,91500
NIFTY31DEC2012000CE.NFO,07/01/2020,12:34:41,1001,1001,3750,1009.6,75,0,91500
NIFTY31DEC2012000CE.NFO,07/01/2020,12:34:44,1001,1001,3750,1009.7,75,0,91500
NIFTY31DEC2012000CE.NFO,07/01/2020,12:34:46,1001,1001,3750,1009.5,75,0,91500
NIFTY31DEC2012000CE.NFO,07/01/2020,12:34:50,1001,1001,3750,1009.7,75,0,91500
NIFTY31DEC2012000CE.NFO,07/01/2020,12:34:55,1001,1002,300,1009.7,75,0,91500
NIFTY31DEC2012000CE.NFO,07/01/2020,12:35:32,1001,1002,300,1009.8,900,0,91500
NIFTY31DEC2012000CE.NFO,07/01/2020,12:35:38,1001,1002,300,1009.7,75,0,91500
NIFTY31DEC2012000CE.NFO,07/01/2020,12:35:47,1001,1001,3750,1009.7,75,0,91500
NIFTY31DEC2012000CE.NFO,07/01/2020,12:36:00,1001,1001,3750,1009.8,900,0,91500
NIFTY31DEC2012000CE.NFO,07/01/2020,12:36:09,1001,1001,3750,1009.7,75,0,91500
NIFTY31DEC2012000CE.NFO,07/01/2020,12:36:10,1001,1001,3750,1009.8,900,0,91500
NIFTY31DEC2012000CE.NFO,07/01/2020,12:36:20,1001,1001,3750,1009.7,75,0,91500
NIFTY31DEC2012000CE.NFO,07/01/2020,12:36:22,1001,1001,3750,1009.8,900,0,91500
NIFTY31DEC2012000CE.NFO,07/01/2020,12:36:27,1001,1002,75,1009.8,900,0,91500
NIFTY31DEC2012000CE.NFO,07/01/2020,12:36:29,1001,1002,75,1009.7,75,0,91500
NIFTY31DEC2012000CE.NFO,07/01/2020,12:36:33,1001,1002,75,1009.8,900,0,91500
NIFTY31DEC2012000CE.NFO,07/01/2020,12:36:47,1001,1002,75,1009.7,75,0,91500
NIFTY31DEC2012000CE.NFO,07/01/2020,12:36:55,1001,1002,75,1009.8,900,0,91500
NIFTY31DEC2012000CE.NFO,07/01/2020,12:37:04,1001,1002,75,1009.7,75,0,91500
NIFTY31DEC2012000CE.NFO,07/01/2020,12:37:08,1001,1002,75,1009.8,900,0,91500
NIFTY31DEC2012000CE.NFO,07/01/2020,12:37:12,1001,1002,75,1009.7,75,0,91500
NIFTY31DEC2012000CE.NFO,07/01/2020,12:37:18,1001,1002,75,1009.8,900,0,91500
NIFTY31DEC2012000CE.NFO,07/01/2020,12:37:22,1001,1002,75,1011.25,2100,0,91500
NIFTY31DEC2012000CE.NFO,07/01/2020,12:37:25,1001,1002,75,1011.15,75,0,91500
NIFTY31DEC2012000CE.NFO,07/01/2020,12:37:27,1001,1002,75,1010.8,2100,0,91500
NIFTY31DEC2012000CE.NFO,07/01/2020,12:37:28,1001,1002,75,1010.6,2100,0,91500
NIFTY31DEC2012000CE.NFO,07/01/2020,12:37:31,1001,1002,75,1010.7,75,0,91500
NIFTY31DEC2012000CE.NFO,07/01/2020,12:37:33,1001,1002,75,1010.5,75,0,91500
NIFTY31DEC2012000CE.NFO,07/01/2020,12:37:36,1001,1002,75,1010.6,75,0,91500
NIFTY31DEC2012000CE.NFO,07/01/2020,12:37:41,1001,1002,75,1011.9,75,0,91500
NIFTY31DEC2012000CE.NFO,07/01/2020,12:37:43,1001,1002,75,1012.45,75,0,91500
NIFTY31DEC2012000CE.NFO,07/01/2020,12:37:48,1001,1002,75,1012.1,2100,0,91500
NIFTY31DEC2012000CE.NFO,07/01/2020,12:37:50,1001,1002,75,1012,75,0,91500
NIFTY31DEC2012000CE.NFO,07/01/2020,12:37:56,1001,1002,75,1012.45,75,0,91500
NIFTY31DEC2012000CE.NFO,07/01/2020,12:37:58,1001,1002,75,1011.9,75,0,91500
NIFTY31DEC2012000CE.NFO,07/01/2020,12:38:02,1001,1002,75,1012.45,75,0,91500
NIFTY31DEC2012000CE.NFO,07/01/2020,12:38:04,1001,1002,75,1013.65,2100,0,91500
NIFTY31DEC2012000CE.NFO,07/01/2020,12:38:06,1001,1002,75,1013.25,75,0,91500
NIFTY31DEC2012000CE.NFO,07/01/2020,12:38:09,1001,1002,75,1013.55,75,0,91500
NIFTY31DEC2012000CE.NFO,07/01/2020,12:38:20,1001,1002,75,1013.85,75,0,91500
NIFTY31DEC2012000CE.NFO,07/01/2020,12:38:23,1001,1002,75,1013.45,75,0,91500
NIFTY31DEC2012000CE.NFO,07/01/2020,12:38:25,1001,1002,75,1013.45,2175,0,91500
NIFTY31DEC2012000CE.NFO,07/01/2020,12:38:26,1001,1002,75,1013.45,2100,0,91500
NIFTY31DEC2012000CE.NFO,07/01/2020,12:38:28,1001,1002,75,1013.1,2100,0,91500
NIFTY31DEC2012000CE.NFO,07/01/2020,12:38:29,1001,1002,75,1013.35,2100,0,91500
NIFTY31DEC2012000CE.NFO,07/01/2020,12:38:29,1001,1002,75,1013.35,75,0,91500
NIFTY31DEC2012000CE.NFO,07/01/2020,12:38:32,1001,1002,75,1013.45,75,0,91500
NIFTY31DEC2012000CE.NFO,07/01/2020,12:38:35,1001,1002,75,1013.25,75,0,91500
NIFTY31DEC2012000CE.NFO,07/01/2020,12:38:39,1001,1002,75,1013.45,75,0,91500
NIFTY31DEC2012000CE.NFO,07/01/2020,12:38:42,1001,1002,75,1013.6,2100,0,91500
NIFTY31DEC2012000CE.NFO,07/01/2020,12:38:44,1001,1002,75,1013.5,75,0,91500
NIFTY31DEC2012000CE.NFO,07/01/2020,12:38:49,1001,1002,75,1014.1,1800,0,91500
NIFTY31DEC2012000CE.NFO,07/01/2020,12:38:49,1001,1002,75,1014.1,2100,0,91500
NIFTY31DEC2012000CE.NFO,07/01/2020,12:38:51,1001,1002,75,1014.1,1800,0,91500
NIFTY31DEC2012000CE.NFO,07/01/2020,12:38:52,1001,1002,75,1014,75,0,91500
NIFTY31DEC2012000CE.NFO,07/01/2020,12:38:55,1001,1002,75,1015.2,2100,0,91500
NIFTY31DEC2012000CE.NFO,07/01/2020,12:38:56,1001,1002,75,1015.3,2100,0,91500
NIFTY31DEC2012000CE.NFO,07/01/2020,12:38:57,1001,1002,75,1015.2,2100,0,91500
NIFTY31DEC2012000CE.NFO,07/01/2020,12:38:58,1001,1002,75,1015,2100,0,91500
NIFTY31DEC2012000CE.NFO,07/01/2020,12:39:00,1001,1002,75,1015.15,75,0,91500
NIFTY31DEC2012000CE.NFO,07/01/2020,12:39:02,1001,1002,75,1014.9,75,0,91500
NIFTY31DEC2012000CE.NFO,07/01/2020,12:39:06,1001,1002,75,1015.25,75,0,91500
NIFTY31DEC2012000CE.NFO,07/01/2020,12:39:07,1001,1002,75,1015.2,2100,0,91500
NIFTY31DEC2012000CE.NFO,07/01/2020,12:39:07,1001,1002,75,1015.25,75,0,91500
NIFTY31DEC2012000CE.NFO,07/01/2020,12:39:08,1001,1002,75,1015.2,75,0,91500
NIFTY31DEC2012000CE.NFO,07/01/2020,12:39:11,1001,1002,75,1015.1,2100,0,91500
NIFTY31DEC2012000CE.NFO,07/01/2020,12:39:12,1001,1002,75,1014.65,1950,0,91500
NIFTY31DEC2012000CE.NFO,07/01/2020,12:39:13,1001,1002,75,1014.65,2100,0,91500
NIFTY31DEC2012000CE.NFO,07/01/2020,12:39:14,1001,1002,75,1014.45,2100,0,91500
NIFTY31DEC2012000CE.NFO,07/01/2020,12:39:16,1001,1002,75,1014.25,2100,0,91500
NIFTY31DEC2012000CE.NFO,07/01/2020,12:39:17,1001,1002,75,1014.45,2100,0,91500
NIFTY31DEC2012000CE.NFO,07/01/2020,12:39:18,1001,1002,75,1014.2,1950,0,91500
NIFTY31DEC2012000CE.NFO,07/01/2020,12:39:19,1001,1002,75,1013.8,2100,0,91500
NIFTY31DEC2012000CE.NFO,07/01/2020,12:39:21,1001,1002,75,1013.75,2100,0,91500
NIFTY31DEC2012000CE.NFO,07/01/2020,12:39:23,1001,1002,75,1013.5,1200,0,91500
NIFTY31DEC2012000CE.NFO,07/01/2020,12:39:24,1001,1002,75,1013.5,1800,0,91500
NIFTY31DEC2012000CE.NFO,07/01/2020,12:39:25,1001,1002,75,1013.65,2175,0,91500
NIFTY31DEC2012000CE.NFO,07/01/2020,12:39:26,1001,1002,75,1013.65,75,0,91500
NIFTY31DEC2012000CE.NFO,07/01/2020,12:39:30,1001,1002,75,1013.8,75,0,91500
NIFTY31DEC2012000CE.NFO,07/01/2020,12:39:33,1001,1002,75,1014.15,75,0,91500
NIFTY31DEC2012000CE.NFO,07/01/2020,12:39:34,1001,1002,75,1014.05,2100,0,91500
NIFTY31DEC2012000CE.NFO,07/01/2020,12:39:35,1001,1002,75,1014.05,1500,0,91500
NIFTY31DEC2012000CE.NFO,07/01/2020,12:39:36,1001,1002,75,1014.1,75,0,91500
NIFTY31DEC2012000CE.NFO,07/01/2020,12:39:39,1001,1002,75,1014.05,75,0,91500
NIFTY31DEC2012000CE.NFO,07/01/2020,12:39:43,1001,1002,75,1014,75,0,91500
NIFTY31DEC2012000CE.NFO,07/01/2020,12:39:46,1001,1002,75,1013.95,75,0,91500
NIFTY31DEC2012000CE.NFO,07/01/2020,12:39:48,1001,1002,75,1013.9,2175,0,91500
NIFTY31DEC2012000CE.NFO,07/01/2020,12:39:49,1001,1002,75,1013.55,2100,0,91500
NIFTY31DEC2012000CE.NFO,07/01/2020,12:39:55,1001,1002,75,1013.45,75,0,91500
NIFTY31DEC2012000CE.NFO,07/01/2020,12:40:00,1001,1002,75,1014.85,2100,0,91500
NIFTY31DEC2012000CE.NFO,07/01/2020,12:40:01,1001,1002,75,1015.1,2100,0,91500
NIFTY31DEC2012000CE.NFO,07/01/2020,12:40:03,1001,1002,75,1014.75,75,0,91500
NIFTY31DEC2012000CE.NFO,07/01/2020,12:40:05,1001,1002,75,1014.75,2175,0,91500
NIFTY31DEC2012000CE.NFO,07/01/2020,12:40:06,1001,1002,75,1014.75,2100,0,91500
NIFTY31DEC2012000CE.NFO,07/01/2020,12:40:08,1001,1002,75,1014.7,2100,0,91500
NIFTY31DEC2012000CE.NFO,07/01/2020,12:40:10,1001,1002,75,1014.65,75,0,91500
NIFTY31DEC2012000CE.NFO,07/01/2020,12:40:13,1001,1002,75,1014.5,2100,0,91500
NIFTY31DEC2012000CE.NFO,07/01/2020,12:40:14,1001,1002,75,1014.65,75,0,91500
NIFTY31DEC2012000CE.NFO,07/01/2020,12:40:15,1001,1002,75,1014.55,2100,0,91500
NIFTY31DEC2012000CE.NFO,07/01/2020,12:40:16,1001,1002,75,1014.4,75,0,91500
NIFTY31DEC2012000CE.NFO,07/01/2020,12:40:19,1001,1002,75,1014.45,75,0,91500
NIFTY31DEC2012000CE.NFO,07/01/2020,12:40:23,1001,1002,75,1014.8,75,0,91500
NIFTY31DEC2012000CE.NFO,07/01/2020,12:40:25,1001,1002,75,1014.6,2100,0,91500
NIFTY31DEC2012000CE.NFO,07/01/2020,12:40:27,1001,1002,75,1014.75,2100,0,91500
NIFTY31DEC2012000CE.NFO,07/01/2020,12:40:28,1001,1002,75,1014.8,75,0,91500
NIFTY31DEC2012000CE.NFO,07/01/2020,12:40:30,1001,1002,75,1014.65,75,0,91500
NIFTY31DEC2012000CE.NFO,07/01/2020,12:40:33,1001,1002,75,1014.5,75,0,91500
NIFTY31DEC2012000CE.NFO,07/01/2020,12:40:36,1001,1002,75,1014.65,75,0,91500
NIFTY31DEC2012000CE.NFO,07/01/2020,12:40:38,1001,1002,75,1014.95,2100,0,91500
NIFTY31DEC2012000CE.NFO,07/01/2020,12:40:41,1001,1002,75,1014.85,75,0,91500
NIFTY31DEC2012000CE.NFO,07/01/2020,12:40:45,1001,1002,75,1014.95,75,0,91500
NIFTY31DEC2012000CE.NFO,07/01/2020,12:40:48,1001,1002,75,1015.25,75,0,91500
NIFTY31DEC2012000CE.NFO,07/01/2020,12:40:51,1001,1002,75,1015.7,75,0,91500
NIFTY31DEC2012000CE.NFO,07/01/2020,12:40:54,1001,1002,75,1015.15,75,0,91500
NIFTY31DEC2012000CE.NFO,07/01/2020,12:40:57,1001,1002,75,1015.75,2100,0,91500
NIFTY31DEC2012000CE.NFO,07/01/2020,12:40:58,1001,1002,75,1015.7,2100,0,91500
NIFTY31DEC2012000CE.NFO,07/01/2020,12:40:59,1001,1002,75,1015.3,2100,0,91500
NIFTY31DEC2012000CE.NFO,07/01/2020,12:41:00,1001,1002,75,1015.25,2100,0,91500
NIFTY31DEC2012000CE.NFO,07/01/2020,12:41:04,1001,1002,75,1014.85,2100,0,91500
NIFTY31DEC2012000CE.NFO,07/01/2020,12:41:05,1001,1002,75,1015.2,75,0,91500
NIFTY31DEC2012000CE.NFO,07/01/2020,12:41:07,1001,1002,75,1014.75,75,0,91500
NIFTY31DEC2012000CE.NFO,07/01/2020,12:41:10,1001,1002,75,1015.1,75,0,91500
NIFTY31DEC2012000CE.NFO,07/01/2020,12:41:13,1001,1002,75,1015.5,75,0,91500
NIFTY31DEC2012000CE.NFO,07/01/2020,12:41:15,1001,1002,75,1015.35,2100,0,91500
NIFTY31DEC2012000CE.NFO,07/01/2020,12:41:15,1001,1002,75,1015.3,2100,0,91500
NIFTY31DEC2012000CE.NFO,07/01/2020,12:41:17,1001,1002,75,1015,75,0,91500
NIFTY31DEC2012000CE.NFO,07/01/2020,12:41:18,1001,1002,75,1015.35,2175,0,91500
NIFTY31DEC2012000CE.NFO,07/01/2020,12:41:22,1001,1002,75,1015.1,2100,0,91500
NIFTY31DEC2012000CE.NFO,07/01/2020,12:41:22,1001,1002,75,1014.9,75,0,91500
NIFTY31DEC2012000CE.NFO,07/01/2020,12:41:26,1001,1002,75,1015,75,0,91500
NIFTY31DEC2012000CE.NFO,07/01/2020,12:41:29,1001,1002,75,1015.25,2175,0,91500
NIFTY31DEC2012000CE.NFO,07/01/2020,12:41:30,1001,1002,75,1015.25,75,0,91500
NIFTY31DEC2012000CE.NFO,07/01/2020,12:41:32,1001,1002,75,1015.2,75,0,91500
NIFTY31DEC2012000CE.NFO,07/01/2020,12:41:38,1001,1002,75,1014.95,2100,0,91500
NIFTY31DEC2012000CE.NFO,07/01/2020,12:41:40,1001,1002,75,1014.65,2100,0,91500
NIFTY31DEC2012000CE.NFO,07/01/2020,12:41:44,1001,1002,75,1014.45,2100,0,91500
NIFTY31DEC2012000CE.NFO,07/01/2020,12:41:44,1001,1002,75,1014.4,2100,0,91500
NIFTY31DEC2012000CE.NFO,07/01/2020,12:41:47,1001,1002,75,1014.35,75,0,91500
NIFTY31DEC2012000CE.NFO,07/01/2020,12:41:50,1001,1002,75,1014.2,2100,0,91500
NIFTY31DEC2012000CE.NFO,07/01/2020,12:41:52,1001,1002,75,1014.4,2100,0,91500
NIFTY31DEC2012000CE.NFO,07/01/2020,12:41:54,1001,1002,75,1014.25,75,0,91500
NIFTY31DEC2012000CE.NFO,07/01/2020,12:41:57,1001,1002,75,1014.3,75,0,91500
NIFTY31DEC2012000CE.NFO,07/01/2020,12:42:00,1001,1002,75,1014.15,2100,0,91500
NIFTY31DEC2012000CE.NFO,07/01/2020,12:42:00,1001,1002,75,1014.15,1950,0,91500
NIFTY31DEC2012000CE.NFO,07/01/2020,12:42:01,1001,1002,75,1014.15,2100,0,91500
NIFTY31DEC2012000CE.NFO,07/01/2020,12:42:02,1001,1002,75,1014.35,75,0,91500
NIFTY31DEC2012000CE.NFO,07/01/2020,12:42:04,1001,1002,75,1014.05,75,0,91500
NIFTY31DEC2012000CE.NFO,07/01/2020,12:42:07,1001,1002,75,1014.25,75,0,91500
NIFTY31DEC2012000CE.NFO,07/01/2020,12:42:10,1001,1002,75,1014.75,75,0,91500
NIFTY31DEC2012000CE.NFO,07/01/2020,12:42:11,1001,1002,75,1014.75,2175,0,91500
NIFTY31DEC2012000CE.NFO,07/01/2020,12:42:12,1001,1002,75,1014.75,75,0,91500
NIFTY31DEC2012000CE.NFO,07/01/2020,12:42:14,1001,1002,75,1014.7,2100,0,91500
NIFTY31DEC2012000CE.NFO,07/01/2020,12:42:16,1001,1002,75,1014.7,75,0,91500
NIFTY31DEC2012000CE.NFO,07/01/2020,12:42:17,1001,1002,75,1014.65,2100,0,91500
NIFTY31DEC2012000CE.NFO,07/01/2020,12:42:18,1001,1002,75,1014.5,2100,0,91500
NIFTY31DEC2012000CE.NFO,07/01/2020,12:42:18,1001,1002,75,1014.55,2100,0,91500
NIFTY31DEC2012000CE.NFO,07/01/2020,12:42:19,1001,1002,75,1014.4,2100,0,91500
NIFTY31DEC2012000CE.NFO,07/01/2020,12:42:21,1001,1002,75,1014.4,2175,0,91500
NIFTY31DEC2012000CE.NFO,07/01/2020,12:42:23,1001,1002,75,1014.3,2100,0,91500
NIFTY31DEC2012000CE.NFO,07/01/2020,12:42:24,1001,1002,75,1014.3,75,0,91500
NIFTY31DEC2012000CE.NFO,07/01/2020,12:42:26,1001,1002,75,1014.25,75,0,91500
NIFTY31DEC2012000CE.NFO,07/01/2020,12:42:29,1001,1002,75,1014.25,2175,0,91500
NIFTY31DEC2012000CE.NFO,07/01/2020,12:42:30,1001,1002,75,1013.85,2100,0,91500
NIFTY31DEC2012000CE.NFO,07/01/2020,12:42:31,1001,1002,75,1013.95,2100,0,91500
NIFTY31DEC2012000CE.NFO,07/01/2020,12:42:32,1001,1002,75,1013.9,2100,0,91500
NIFTY31DEC2012000CE.NFO,07/01/2020,12:42:34,1001,1002,75,1013.65,2100,0,91500
NIFTY31DEC2012000CE.NFO,07/01/2020,12:42:36,1001,1002,75,1013.3,2100,0,91500
NIFTY31DEC2012000CE.NFO,07/01/2020,12:42:39,1001,1002,75,1013.55,75,0,91500
NIFTY31DEC2012000CE.NFO,07/01/2020,12:42:41,1001,1002,75,1012.7,1200,0,91500
NIFTY31DEC2012000CE.NFO,07/01/2020,12:42:43,1001,1002,75,1013.2,75,0,91500
NIFTY31DEC2012000CE.NFO,07/01/2020,12:42:45,1001,1002,75,1013.1,2100,0,91500
NIFTY31DEC2012000CE.NFO,07/01/2020,12:42:47,1001,1002,75,1013.2,2100,0,91500
NIFTY31DEC2012000CE.NFO,07/01/2020,12:42:48,1001,1002,75,1013.1,75,0,91500
NIFTY31DEC2012000CE.NFO,07/01/2020,12:42:50,1001,1002,75,1013.05,2100,0,91500
NIFTY31DEC2012000CE.NFO,07/01/2020,12:42:52,1001,1002,75,1012.9,2100,0,91500
NIFTY31DEC2012000CE.NFO,07/01/2020,12:42:54,1001,1002,75,1012.55,2100,0,91500
NIFTY31DEC2012000CE.NFO,07/01/2020,12:42:55,1001,1002,75,1012.95,75,0,91500
NIFTY31DEC2012000CE.NFO,07/01/2020,12:42:56,1001,1002,75,1012.8,75,0,91500
NIFTY31DEC2012000CE.NFO,07/01/2020,12:42:59,1001,1002,75,1012.95,2100,0,91500
NIFTY31DEC2012000CE.NFO,07/01/2020,12:43:01,1001,1002,75,1013,2175,0,91500
NIFTY31DEC2012000CE.NFO,07/01/2020,12:43:01,1001,1002,75,1012.95,2100,0,91500
NIFTY31DEC2012000CE.NFO,07/01/2020,12:43:02,1001,1002,75,1012.85,75,0,91500
NIFTY31DEC2012000CE.NFO,07/01/2020,12:43:08,1001,1002,75,1012.95,75,0,91500
NIFTY31DEC2012000CE.NFO,07/01/2020,12:43:10,1001,1002,75,1013,75,0,91500
NIFTY31DEC2012000CE.NFO,07/01/2020,12:43:13,1001,1002,75,1012.95,2100,0,91500
NIFTY31DEC2012000CE.NFO,07/01/2020,12:43:14,1001,1002,75,1013,75,0,91500
NIFTY31DEC2012000CE.NFO,07/01/2020,12:43:17,1001,1002,75,1012.85,75,0,91500
NIFTY31DEC2012000CE.NFO,07/01/2020,12:43:19,1001,1002,75,1012.9,75,0,91500
NIFTY31DEC2012000CE.NFO,07/01/2020,12:43:22,1001,1002,75,1013.45,75,0,91500
NIFTY31DEC2012000CE.NFO,07/01/2020,12:43:25,1001,1002,75,1012.8,75,0,91500
NIFTY31DEC2012000CE.NFO,07/01/2020,12:43:28,1001,1002,75,1013.35,75,0,91500
NIFTY31DEC2012000CE.NFO,07/01/2020,12:43:31,1001,1002,75,1012.7,75,0,91500
NIFTY31DEC2012000CE.NFO,07/01/2020,12:43:34,1001,1002,75,1013.7,2100,0,91500
NIFTY31DEC2012000CE.NFO,07/01/2020,12:43:37,1001,1002,75,1012.6,75,0,91500
NIFTY31DEC2012000CE.NFO,07/01/2020,12:43:41,1001,1002,75,1013.6,75,0,91500
NIFTY31DEC2012000CE.NFO,07/01/2020,12:43:43,1001,1002,75,1014.75,1800,0,91500
NIFTY31DEC2012000CE.NFO,07/01/2020,12:43:45,1001,1002,75,1014.75,1950,0,91500
NIFTY31DEC2012000CE.NFO,07/01/2020,12:43:47,1001,1002,75,1014.65,75,0,91500
NIFTY31DEC2012000CE.NFO,07/01/2020,12:43:49,1001,1002,75,1014.6,2100,0,91500
NIFTY31DEC2012000CE.NFO,07/01/2020,12:43:52,1001,1002,75,1014.5,75,0,91500
NIFTY31DEC2012000CE.NFO,07/01/2020,12:43:55,1001,1002,75,1014.45,2100,0,91500
NIFTY31DEC2012000CE.NFO,07/01/2020,12:43:58,1001,1002,75,1014.35,75,0,91500
NIFTY31DEC2012000CE.NFO,07/01/2020,12:44:11,1001,1002,75,1014.9,75,0,91500
NIFTY31DEC2012000CE.NFO,07/01/2020,12:44:14,1001,1002,75,1014.95,75,0,91500
NIFTY31DEC2012000CE.NFO,07/01/2020,12:44:18,1001,1002,75,1015.15,75,0,91500
NIFTY31DEC2012000CE.NFO,07/01/2020,12:44:22,1001,1002,75,1016.15,2100,0,91500
NIFTY31DEC2012000CE.NFO,07/01/2020,12:44:23,1001,1002,75,1016.05,2100,0,91500
NIFTY31DEC2012000CE.NFO,07/01/2020,12:44:24,1001,1002,75,1015.95,2100,0,91500
NIFTY31DEC2012000CE.NFO,07/01/2020,12:44:25,1001,1002,75,1016.05,75,0,91500
NIFTY31DEC2012000CE.NFO,07/01/2020,12:44:28,1001,1002,75,1015.85,75,0,91500
NIFTY31DEC2012000CE.NFO,07/01/2020,12:44:31,1001,1002,75,1016.15,75,0,91500
NIFTY31DEC2012000CE.NFO,07/01/2020,12:44:34,1001,1002,75,1016.05,2100,0,91500
NIFTY31DEC2012000CE.NFO,07/01/2020,12:44:35,1001,1002,75,1016.2,2100,0,91500
NIFTY31DEC2012000CE.NFO,07/01/2020,12:44:37,1001,1002,75,1015.95,75,0,91500
NIFTY31DEC2012000CE.NFO,07/01/2020,12:44:40,1001,1002,75,1016,2100,0,91500
NIFTY31DEC2012000CE.NFO,07/01/2020,12:44:41,1001,1002,75,1016.1,75,0,91500
NIFTY31DEC2012000CE.NFO,07/01/2020,12:44:43,1001,1002,75,1015.9,75,0,91500
NIFTY31DEC2012000CE.NFO,07/01/2020,12:44:46,1001,1002,75,1016,2100,0,91500
NIFTY31DEC2012000CE.NFO,07/01/2020,12:44:49,1001,1002,75,1015.8,75,0,91500
NIFTY31DEC2012000CE.NFO,07/01/2020,12:44:53,1001,1002,75,1016.2,75,0,91500
NIFTY31DEC2012000CE.NFO,07/01/2020,12:44:55,1001,1002,75,1016.15,75,0,91500
NIFTY31DEC2012000CE.NFO,07/01/2020,12:44:59,1001,1002,75,1016.2,75,0,91500
NIFTY31DEC2012000CE.NFO,07/01/2020,12:45:01,1001,1002,75,1016.2,2175,0,91500
NIFTY31DEC2012000CE.NFO,07/01/2020,12:45:02,1001,1002,75,1016.2,75,0,91500
NIFTY31DEC2012000CE.NFO,07/01/2020,12:45:05,1001,1002,75,1016.1,75,0,91500
NIFTY31DEC2012000CE.NFO,07/01/2020,12:45:08,1001,1002,75,1016.15,75,0,91500
NIFTY31DEC2012000CE.NFO,07/01/2020,12:45:11,1001,1002,75,1016,75,0,91500
NIFTY31DEC2012000CE.NFO,07/01/2020,12:45:14,1001,1002,75,1016.2,75,0,91500
NIFTY31DEC2012000CE.NFO,07/01/2020,12:45:17,1001,1002,75,1016.2,2175,0,91500
NIFTY31DEC2012000CE.NFO,07/01/2020,12:45:19,1001,1002,75,1016.15,75,0,91500
NIFTY31DEC2012000CE.NFO,07/01/2020,12:45:22,1001,1002,75,1016.1,75,0,91500
NIFTY31DEC2012000CE.NFO,07/01/2020,12:45:23,1001,1002,75,1016.05,2100,0,91500
NIFTY31DEC2012000CE.NFO,07/01/2020,12:45:24,1001,1002,75,1016.15,2100,0,91500
NIFTY31DEC2012000CE.NFO,07/01/2020,12:45:26,1001,1002,75,1015.8,1500,0,91500
NIFTY31DEC2012000CE.NFO,07/01/2020,12:45:26,1001,1002,75,1016,2100,0,91500
NIFTY31DEC2012000CE.NFO,07/01/2020,12:45:27,1001,1002,75,1015.85,2100,0,91500
NIFTY31DEC2012000CE.NFO,07/01/2020,12:45:29,1001,1002,75,1015.75,2100,0,91500
NIFTY31DEC2012000CE.NFO,07/01/2020,12:45:30,1001,1002,75,1015.8,2100,0,91500
NIFTY31DEC2012000CE.NFO,07/01/2020,12:45:31,1001,1002,75,1015.75,75,0,91500
NIFTY31DEC2012000CE.NFO,07/01/2020,12:45:32,1001,1002,75,1015.65,2100,0,91500
NIFTY31DEC2012000CE.NFO,07/01/2020,12:45:36,1001,1002,75,1015.55,75,0,91500
NIFTY31DEC2012000CE.NFO,07/01/2020,12:45:46,1001,1002,75,1015.85,75,0,91500
NIFTY31DEC2012000CE.NFO,07/01/2020,12:45:49,1001,1002,75,1016.15,75,0,91500
NIFTY31DEC2012000CE.NFO,07/01/2020,12:45:51,1001,1002,75,1018.65,2100,0,91500
NIFTY31DEC2012000CE.NFO,07/01/2020,12:45:52,1001,1002,75,1018.3,2100,0,91500
NIFTY31DEC2012000CE.NFO,07/01/2020,12:45:53,1001,1002,75,1018.4,2100,0,91500
NIFTY31DEC2012000CE.NFO,07/01/2020,12:45:54,1001,1002,75,1017.55,2100,0,91500
NIFTY31DEC2012000CE.NFO,07/01/2020,12:45:56,1001,1002,75,1017.65,2100,0,91500
NIFTY31DEC2012000CE.NFO,07/01/2020,12:46:00,1001,1002,75,1017.55,75,0,91500
NIFTY31DEC2012000CE.NFO,07/01/2020,12:46:06,1001,1002,75,1017.55,2175,0,91500
NIFTY31DEC2012000CE.NFO,07/01/2020,12:46:08,1001,1002,75,1017.5,2100,0,91500
NIFTY31DEC2012000CE.NFO,07/01/2020,12:46:09,1001,1002,75,1017.45,75,0,91500
NIFTY31DEC2012000CE.NFO,07/01/2020,12:46:10,1001,1002,75,1017.35,2100,0,91500
NIFTY31DEC2012000CE.NFO,07/01/2020,12:46:11,1001,1002,75,1017.4,2100,0,91500
NIFTY31DEC2012000CE.NFO,07/01/2020,12:46:12,1001,1002,75,1017.5,75,0,91500
NIFTY31DEC2012000CE.NFO,07/01/2020,12:46:15,1001,1002,75,1017.3,75,0,91500
NIFTY31DEC2012000CE.NFO,07/01/2020,12:46:18,1001,1002,75,1017.5,75,0,91500
NIFTY31DEC2012000CE.NFO,07/01/2020,12:46:21,1001,1002,75,1018.3,1200,0,91500
NIFTY31DEC2012000CE.NFO,07/01/2020,12:46:22,1001,1002,75,1018.7,1200,0,91500
NIFTY31DEC2012000CE.NFO,07/01/2020,12:46:24,1001,1002,75,1018.2,75,0,91500
NIFTY31DEC2012000CE.NFO,07/01/2020,12:46:26,1001,1002,75,1018.6,75,0,91500
NIFTY31DEC2012000CE.NFO,07/01/2020,12:46:27,1001,1002,75,1018.6,1275,0,91500
NIFTY31DEC2012000CE.NFO,07/01/2020,12:46:29,1001,1002,75,1018.45,1200,0,91500
NIFTY31DEC2012000CE.NFO,07/01/2020,12:46:32,1001,1002,75,1018.55,1200,0,91500
NIFTY31DEC2012000CE.NFO,07/01/2020,12:46:33,1001,1002,75,1018.6,1200,0,91500
NIFTY31DEC2012000CE.NFO,07/01/2020,12:46:35,1001,1002,75,1018.7,1200,0,91500
NIFTY31DEC2012000CE.NFO,07/01/2020,12:46:38,1001,1002,75,1018.5,75,0,91500
NIFTY31DEC2012000CE.NFO,07/01/2020,12:46:42,1001,1002,75,1018.5,975,0,91500
NIFTY31DEC2012000CE.NFO,07/01/2020,12:46:43,1001,1002,75,1018.6,75,0,91500
NIFTY31DEC2012000CE.NFO,07/01/2020,12:46:45,1001,1002,75,1018.6,1275,0,91500
NIFTY31DEC2012000CE.NFO,07/01/2020,12:46:46,1001,1002,75,1018.6,75,0,91500
NIFTY31DEC2012000CE.NFO,07/01/2020,12:46:48,1001,1002,75,1018.45,1200,0,91500
NIFTY31DEC2012000CE.NFO,07/01/2020,12:46:50,1001,1002,75,1018.3,900,0,91500
NIFTY31DEC2012000CE.NFO,07/01/2020,12:46:51,1001,1002,75,1018.05,1200,0,91500
NIFTY31DEC2012000CE.NFO,07/01/2020,12:46:53,1001,1002,75,1018.1,1200,0,91500
NIFTY31DEC2012000CE.NFO,07/01/2020,12:46:54,1001,1002,75,1018.35,1275,0,91500
NIFTY31DEC2012000CE.NFO,07/01/2020,12:46:55,1001,1002,75,1018,75,0,91500
NIFTY31DEC2012000CE.NFO,07/01/2020,12:46:58,1001,1002,75,1018.25,75,0,91500
NIFTY31DEC2012000CE.NFO,07/01/2020,12:47:01,1001,1002,75,1018.35,75,0,91500
NIFTY31DEC2012000CE.NFO,07/01/2020,12:47:04,1001,1002,75,1018.15,75,0,91500
NIFTY31DEC2012000CE.NFO,07/01/2020,12:47:07,1001,1002,75,1018.25,1275,0,91500
NIFTY31DEC2012000CE.NFO,07/01/2020,12:47:08,1001,1002,75,1018.1,1200,0,91500
NIFTY31DEC2012000CE.NFO,07/01/2020,12:47:10,1001,1002,75,1018.05,75,0,91500
NIFTY31DEC2012000CE.NFO,07/01/2020,12:47:12,1001,1002,75,1018,75,0,91500
NIFTY31DEC2012000CE.NFO,07/01/2020,12:47:14,1001,1002,75,1018,1275,0,91500
NIFTY31DEC2012000CE.NFO,07/01/2020,12:47:15,1001,1002,75,1017.95,75,0,91500
NIFTY31DEC2012000CE.NFO,07/01/2020,12:47:17,1001,1002,75,1017.9,1200,0,91500
NIFTY31DEC2012000CE.NFO,07/01/2020,12:47:18,1001,1002,75,1017.8,1200,0,91500
NIFTY31DEC2012000CE.NFO,07/01/2020,12:47:20,1001,1002,75,1017.7,1200,0,91500
NIFTY31DEC2012000CE.NFO,07/01/2020,12:47:23,1001,1002,75,1017.6,75,0,91500
NIFTY31DEC2012000CE.NFO,07/01/2020,12:47:26,1001,1002,75,1018.25,75,0,91500
NIFTY31DEC2012000CE.NFO,07/01/2020,12:47:30,1001,1002,75,1018.55,75,0,91500
NIFTY31DEC2012000CE.NFO,07/01/2020,12:47:33,1001,1002,75,1018.6,75,0,91500
NIFTY31DEC2012000CE.NFO,07/01/2020,12:47:36,1001,1002,75,1018.45,75,0,91500
NIFTY31DEC2012000CE.NFO,07/01/2020,12:47:40,1001,1002,75,1018.6,75,0,91500
NIFTY31DEC2012000CE.NFO,07/01/2020,12:47:42,1001,1002,75,1018.5,75,0,91500
NIFTY31DEC2012000CE.NFO,07/01/2020,12:47:45,1001,1002,75,1018.6,1275,0,91500
NIFTY31DEC2012000CE.NFO,07/01/2020,12:47:48,1001,1002,75,1018.6,975,0,91500
NIFTY31DEC2012000CE.NFO,07/01/2020,12:47:48,1001,1002,75,1018.6,75,0,91500
NIFTY31DEC2012000CE.NFO,07/01/2020,12:47:49,1001,1002,75,1018.25,1050,0,91500
NIFTY31DEC2012000CE.NFO,07/01/2020,12:47:51,1001,1002,75,1018.5,975,0,91500
NIFTY31DEC2012000CE.NFO,07/01/2020,12:47:52,1001,1002,75,1018.5,75,0,91500
NIFTY31DEC2012000CE.NFO,07/01/2020,12:47:53,1001,1002,75,1018.15,1275,0,91500
NIFTY31DEC2012000CE.NFO,07/01/2020,12:47:54,1001,1002,75,1018.15,75,0,91500
NIFTY31DEC2012000CE.NFO,07/01/2020,12:47:56,1001,1002,75,1018.45,900,0,91500
NIFTY31DEC2012000CE.NFO,07/01/2020,12:47:58,1001,1002,75,1018.75,900,0,91500
NIFTY31DEC2012000CE.NFO,07/01/2020,12:48:00,1001,1002,75,1019.45,1200,0,91500
NIFTY31DEC2012000CE.NFO,07/01/2020,12:48:01,1001,1002,75,1020.6,1200,0,91500
NIFTY31DEC2012000CE.NFO,07/01/2020,12:48:02,1001,1002,75,1020.25,750,0,91500
NIFTY31DEC2012000CE.NFO,07/01/2020,12:48:04,1001,1002,75,1019.35,75,0,91500
NIFTY31DEC2012000CE.NFO,07/01/2020,12:48:08,1001,1002,75,1021.5,1200,0,91500
NIFTY31DEC2012000CE.NFO,07/01/2020,12:48:11,1001,1002.55,300,1021.4,75,0,91500
NIFTY31DEC2012000CE.NFO,07/01/2020,12:48:12,1001,1002.55,300,1022.35,1200,0,91500
NIFTY31DEC2012000CE.NFO,07/01/2020,12:48:14,1001,1003.8,300,1023.15,1200,0,91500
NIFTY31DEC2012000CE.NFO,07/01/2020,12:48:15,1001,1003.8,300,1023.1,1200,0,91500
NIFTY31DEC2012000CE.NFO,07/01/2020,12:48:16,1001,1003.8,300,1022.7,1200,0,91500
NIFTY31DEC2012000CE.NFO,07/01/2020,12:48:17,1001,1002.6,300,1022.6,1200,0,91500
NIFTY31DEC2012000CE.NFO,07/01/2020,12:48:18,1001,1002.6,300,1022.45,1200,0,91500
NIFTY31DEC2012000CE.NFO,07/01/2020,12:48:20,1001,1002.6,300,1022.05,1200,0,91500
NIFTY31DEC2012000CE.NFO,07/01/2020,12:48:21,1001,1002.6,300,1021.9,1200,0,91500
NIFTY31DEC2012000CE.NFO,07/01/2020,12:48:22,1001,1002.6,300,1021.4,1200,0,91500
NIFTY31DEC2012000CE.NFO,07/01/2020,12:48:23,1001,1002.6,300,1021.95,750,0,91500
NIFTY31DEC2012000CE.NFO,07/01/2020,12:48:24,1001,1002.6,300,1021.65,1200,0,91500
NIFTY31DEC2012000CE.NFO,07/01/2020,12:48:25,1001,1002.6,300,1021.3,75,0,91500
NIFTY31DEC2012000CE.NFO,07/01/2020,12:48:26,1001,1002.6,300,1020.95,1200,0,91500
NIFTY31DEC2012000CE.NFO,07/01/2020,12:48:28,1001,1002.6,300,1021.3,75,0,91500
NIFTY31DEC2012000CE.NFO,07/01/2020,12:48:29,1001,1002.6,300,1021.55,75,0,91500
NIFTY31DEC2012000CE.NFO,07/01/2020,12:48:30,1001,1002.6,300,1021.5,1200,0,91500
NIFTY31DEC2012000CE.NFO,07/01/2020,12:48:31,1001,1002.6,300,1021.4,1200,0,91500
NIFTY31DEC2012000CE.NFO,07/01/2020,12:48:32,1001,1002.6,300,1021.8,75,0,91500
NIFTY31DEC2012000CE.NFO,07/01/2020,12:48:34,1001,1002.6,300,1021.5,1200,0,91500
NIFTY31DEC2012000CE.NFO,07/01/2020,12:48:35,1001,1002.6,300,1021.4,1200,0,91500
NIFTY31DEC2012000CE.NFO,07/01/2020,12:48:37,1001,1002.6,300,1021.4,750,0,91500
NIFTY31DEC2012000CE.NFO,07/01/2020,12:48:38,1001,1002.6,300,1021.5,1200,0,91500
NIFTY31DEC2012000CE.NFO,07/01/2020,12:48:41,1001,1002.6,300,1021.4,900,0,91500
NIFTY31DEC2012000CE.NFO,07/01/2020,12:48:42,1001,1002.6,300,1021.75,1200,0,91500
NIFTY31DEC2012000CE.NFO,07/01/2020,12:48:43,1001,1002.6,300,1021.4,75,0,91500
NIFTY31DEC2012000CE.NFO,07/01/2020,12:48:44,1001,1002,75,1021.3,1200,0,91500
NIFTY31DEC2012000CE.NFO,07/01/2020,12:48:45,1001,1002,75,1020.95,1200,0,91500
NIFTY31DEC2012000CE.NFO,07/01/2020,12:48:46,1001,1002,75,1021.5,1200,0,91500
NIFTY31DEC2012000CE.NFO,07/01/2020,12:48:48,1001,1002.75,300,1021.6,1200,0,91500
NIFTY31DEC2012000CE.NFO,07/01/2020,12:48:50,1001,1002.75,300,1021.4,75,0,91500
NIFTY31DEC2012000CE.NFO,07/01/2020,12:48:53,1001,1002.75,300,1021.5,1200,0,91500
NIFTY31DEC2012000CE.NFO,07/01/2020,12:48:54,1001,1002.75,300,1021.55,1050,0,91500
NIFTY31DEC2012000CE.NFO,07/01/2020,12:48:56,1001,1002.75,300,1021.6,1200,0,91500
NIFTY31DEC2012000CE.NFO,07/01/2020,12:48:57,1001,1002.75,300,1021.5,1200,0,91500
NIFTY31DEC2012000CE.NFO,07/01/2020,12:48:59,1001,1002,75,1021.2,1200,0,91500
NIFTY31DEC2012000CE.NFO,07/01/2020,12:49:01,1001,1002,75,1021.15,1200,0,91500
NIFTY31DEC2012000CE.NFO,07/01/2020,12:49:02,1001,1002,75,1020.35,1050,0,91500
NIFTY31DEC2012000CE.NFO,07/01/2020,12:49:03,1001,1002,75,1020.35,1200,0,91500
NIFTY31DEC2012000CE.NFO,07/01/2020,12:49:04,1001,1002,75,1020.25,1200,0,91500
NIFTY31DEC2012000CE.NFO,07/01/2020,12:49:06,1001,1002,75,1019.85,1200,0,91500
NIFTY31DEC2012000CE.NFO,07/01/2020,12:49:07,1001,1002,75,1020.1,1200,0,91500
NIFTY31DEC2012000CE.NFO,07/01/2020,12:49:08,1001,1002,75,1020.15,75,0,91500
NIFTY31DEC2012000CE.NFO,07/01/2020,12:49:09,1001,1002,75,1019.95,1200,0,91500
NIFTY31DEC2012000CE.NFO,07/01/2020,12:49:10,1001,1002,75,1019.25,1200,0,91500
NIFTY31DEC2012000CE.NFO,07/01/2020,12:49:11,1001,1002,75,1019.95,1050,0,91500
NIFTY31DEC2012000CE.NFO,07/01/2020,12:49:12,1001,1002,75,1020.1,750,0,91500
NIFTY31DEC2012000CE.NFO,07/01/2020,12:49:14,1001,1002,75,1019.75,1200,0,91500
NIFTY31DEC2012000CE.NFO,07/01/2020,12:49:15,1001,1002,75,1019.7,1200,0,91500
NIFTY31DEC2012000CE.NFO,07/01/2020,12:49:16,1001,1002,75,1019.7,1050,0,91500
NIFTY31DEC2012000CE.NFO,07/01/2020,12:49:17,1001,1002,75,1019.7,1200,0,91500
NIFTY31DEC2012000CE.NFO,07/01/2020,12:49:18,1001,1002,75,1019.7,900,0,91500
NIFTY31DEC2012000CE.NFO,07/01/2020,12:49:20,1001,1002,75,1019,1200,0,91500
NIFTY31DEC2012000CE.NFO,07/01/2020,12:49:22,1001,1002,75,1019.6,75,0,91500
NIFTY31DEC2012000CE.NFO,07/01/2020,12:49:25,1001,1002,75,1018.9,75,0,91500
NIFTY31DEC2012000CE.NFO,07/01/2020,12:49:27,1001,1002,75,1019.25,1200,0,91500
NIFTY31DEC2012000CE.NFO,07/01/2020,12:49:29,1001,1002,75,1019.85,1200,0,91500
NIFTY31DEC2012000CE.NFO,07/01/2020,12:49:30,1001,1002,75,1019.95,1200,0,91500
NIFTY31DEC2012000CE.NFO,07/01/2020,12:49:31,1001,1002,75,1019.15,75,0,91500
NIFTY31DEC2012000CE.NFO,07/01/2020,12:49:34,1001,1003,75,1019.25,1200,0,91500
NIFTY31DEC2012000CE.NFO,07/01/2020,12:49:36,1001,1003,75,1019,1200,0,91500
NIFTY31DEC2012000CE.NFO,07/01/2020,12:49:40,1001,1003,75,1019.25,1200,0,91500
NIFTY31DEC2012000CE.NFO,07/01/2020,12:49:47,1001,1003,75,1019.85,900,0,91500
NIFTY31DEC2012000CE.NFO,07/01/2020,12:49:48,1001,1003,75,1019.85,1050,0,91500
NIFTY31DEC2012000CE.NFO,07/01/2020,12:49:49,1001,1003,75,1019.85,900,0,91500
NIFTY31DEC2012000CE.NFO,07/01/2020,12:49:50,1001,1003,75,1019.85,1200,0,91500
NIFTY31DEC2012000CE.NFO,07/01/2020,12:49:51,1001,1003,75,1020.15,1200,0,91500
NIFTY31DEC2012000CE.NFO,07/01/2020,12:49:53,1001,1003,75,1020.3,900,0,91500
NIFTY31DEC2012000CE.NFO,07/01/2020,12:49:55,1001,1003,75,1020.4,1200,0,91500
NIFTY31DEC2012000CE.NFO,07/01/2020,12:49:55,1001,1003,75,1020.35,1200,0,91500
NIFTY31DEC2012000CE.NFO,07/01/2020,12:49:56,1001,1003,75,1020.4,1200,0,91500
NIFTY31DEC2012000CE.NFO,07/01/2020,12:49:57,1001,1003,75,1020.3,75,0,91500
NIFTY31DEC2012000CE.NFO,07/01/2020,12:49:58,1001,1003,75,1020.4,1200,0,91500
NIFTY31DEC2012000CE.NFO,07/01/2020,12:50:00,1001,1003,75,1020.35,1200,0,91500
NIFTY31DEC2012000CE.NFO,07/01/2020,12:50:04,1001,1003,75,1020.4,1200,0,91500
NIFTY31DEC2012000CE.NFO,07/01/2020,12:50:09,1001,1003,75,1020.95,1200,0,91500
NIFTY31DEC2012000CE.NFO,07/01/2020,12:50:10,1001,1003,75,1020.75,1200,0,91500
NIFTY31DEC2012000CE.NFO,07/01/2020,12:50:11,1001,1003,75,1020.85,1200,0,91500
NIFTY31DEC2012000CE.NFO,07/01/2020,12:50:12,1001,1003,75,1020.95,1200,0,91500
NIFTY31DEC2012000CE.NFO,07/01/2020,12:50:18,1001,1003,75,1021.2,1200,0,91500
NIFTY31DEC2012000CE.NFO,07/01/2020,12:50:20,1001,1003,75,1021.5,1200,0,91500
NIFTY31DEC2012000CE.NFO,07/01/2020,12:50:21,1001,1003,75,1021.3,1050,0,91500
NIFTY31DEC2012000CE.NFO,07/01/2020,12:50:21,1001,1003,75,1021.2,1050,0,91500
NIFTY31DEC2012000CE.NFO,07/01/2020,12:50:22,1001,1003,75,1021.2,1200,0,91500
NIFTY31DEC2012000CE.NFO,07/01/2020,12:50:23,1001,1003,75,1021.4,1200,0,91500
NIFTY31DEC2012000CE.NFO,07/01/2020,12:50:24,1001,1003,75,1021.25,1200,0,91500
NIFTY31DEC2012000CE.NFO,07/01/2020,12:50:25,1001,1003,75,1021.3,1200,0,91500
NIFTY31DEC2012000CE.NFO,07/01/2020,12:50:26,1001,1003,75,1020.95,1200,0,91500
NIFTY31DEC2012000CE.NFO,07/01/2020,12:50:27,1001,1003,75,1021.2,1200,0,91500
NIFTY31DEC2012000CE.NFO,07/01/2020,12:50:28,1001,1003,75,1021.3,1200,0,91500
NIFTY31DEC2012000CE.NFO,07/01/2020,12:50:29,1001,1003,75,1021.5,1200,0,91500
NIFTY31DEC2012000CE.NFO,07/01/2020,12:50:30,1001,1003,75,1020.95,1200,0,91500
NIFTY31DEC2012000CE.NFO,07/01/2020,12:50:32,1001,1003,75,1021.2,750,0,91500
NIFTY31DEC2012000CE.NFO,07/01/2020,12:50:33,1001,1003,75,1021.5,1200,0,91500
NIFTY31DEC2012000CE.NFO,07/01/2020,12:50:35,1001,1003,75,1021.4,1200,0,91500
NIFTY31DEC2012000CE.NFO,07/01/2020,12:50:36,1001,1003,75,1021.25,1200,0,91500
NIFTY31DEC2012000CE.NFO,07/01/2020,12:50:40,1001,1003,75,1021.5,1200,0,91500
NIFTY31DEC2012000CE.NFO,07/01/2020,12:50:41,1001,1003,75,1020.95,1200,0,91500
NIFTY31DEC2012000CE.NFO,07/01/2020,12:50:51,1001,1003,75,1020.95,900,0,91500
NIFTY31DEC2012000CE.NFO,07/01/2020,12:50:51,1001,1003,75,1020.95,1200,0,91500
NIFTY31DEC2012000CE.NFO,07/01/2020,12:50:52,1001,1003,75,1020.9,1200,0,91500
NIFTY31DEC2012000CE.NFO,07/01/2020,12:50:53,1001,1003,75,1020.75,1200,0,91500
NIFTY31DEC2012000CE.NFO,07/01/2020,12:50:55,1001,1003,75,1020.95,1200,0,91500
NIFTY31DEC2012000CE.NFO,07/01/2020,12:51:00,1001,1003,75,1020.9,1200,0,91500
NIFTY31DEC2012000CE.NFO,07/01/2020,12:51:01,1001,1003,75,1020.75,1200,0,91500
NIFTY31DEC2012000CE.NFO,07/01/2020,12:51:02,1001,1003,75,1020.9,1200,0,91500
NIFTY31DEC2012000CE.NFO,07/01/2020,12:51:03,1001,1003,75,1020.4,1200,0,91500
NIFTY31DEC2012000CE.NFO,07/01/2020,12:51:07,1001,1003,75,1020.35,1200,0,91500
NIFTY31DEC2012000CE.NFO,07/01/2020,12:51:11,1001,1003,75,1020.3,1200,0,91500
NIFTY31DEC2012000CE.NFO,07/01/2020,12:51:12,1001,1003,75,1020.15,1200,0,91500
NIFTY31DEC2012000CE.NFO,07/01/2020,12:51:13,1001,1003,75,1020.3,1200,0,91500
NIFTY31DEC2012000CE.NFO,07/01/2020,12:51:18,1001,1003,75,1020.35,1200,0,91500
NIFTY31DEC2012000CE.NFO,07/01/2020,12:51:21,1001,1003,75,1020.3,1200,0,91500
NIFTY31DEC2012000CE.NFO,07/01/2020,12:51:23,1001,1003.1,75,1020.3,1200,0,91500
NIFTY31DEC2012000CE.NFO,07/01/2020,12:51:26,1001,1003.1,75,1020,750,0,91500
NIFTY31DEC2012000CE.NFO,07/01/2020,12:51:27,1001,1003.1,75,1020.2,1200,0,91500
NIFTY31DEC2012000CE.NFO,07/01/2020,12:51:28,1001,1003.1,75,1020.3,1200,0,91500
NIFTY31DEC2012000CE.NFO,07/01/2020,12:51:38,1001,1003.1,75,1020.25,1200,0,91500
NIFTY31DEC2012000CE.NFO,07/01/2020,12:51:39,1001,1003.1,75,1020.35,1200,0,91500
NIFTY31DEC2012000CE.NFO,07/01/2020,12:51:41,1001,1003.1,75,1020,750,0,91500
NIFTY31DEC2012000CE.NFO,07/01/2020,12:51:41,1001,1003.1,75,1020,900,0,91500
NIFTY31DEC2012000CE.NFO,07/01/2020,12:51:43,1001,1003.1,75,1019.9,1050,0,91500
NIFTY31DEC2012000CE.NFO,07/01/2020,12:51:43,1001,1003.1,75,1019.95,1200,0,91500
NIFTY31DEC2012000CE.NFO,07/01/2020,12:51:47,1001,1003.1,75,1019.8,1050,0,91500
NIFTY31DEC2012000CE.NFO,07/01/2020,12:51:48,1001,1003.1,75,1019.9,1200,0,91500
NIFTY31DEC2012000CE.NFO,07/01/2020,12:51:49,1001,1003.1,75,1019.7,750,0,91500
NIFTY31DEC2012000CE.NFO,07/01/2020,12:51:50,1001,1003.1,75,1019.75,1200,0,91500
NIFTY31DEC2012000CE.NFO,07/01/2020,12:51:51,1001,1003.1,75,1019.95,1200,0,91500
NIFTY31DEC2012000CE.NFO,07/01/2020,12:51:53,1001,1003.1,75,1019.85,600,0,91500
NIFTY31DEC2012000CE.NFO,07/01/2020,12:51:54,1001,1003.1,75,1019.85,750,0,91500
NIFTY31DEC2012000CE.NFO,07/01/2020,12:51:55,1001,1003.1,75,1019.85,975,0,91500
NIFTY31DEC2012000CE.NFO,07/01/2020,12:51:55,1001,1005,75,1020.2,1200,0,91500
NIFTY31DEC2012000CE.NFO,07/01/2020,12:51:57,1001,1005,75,1020.35,1200,0,91500
NIFTY31DEC2012000CE.NFO,07/01/2020,12:51:58,1001,1005,75,1020.1,1200,0,91500
NIFTY31DEC2012000CE.NFO,07/01/2020,12:52:00,1001,1005,75,1020.3,1200,0,91500
NIFTY31DEC2012000CE.NFO,07/01/2020,12:52:00,1001,1005,75,1020.35,1200,0,91500
NIFTY31DEC2012000CE.NFO,07/01/2020,12:52:01,1001,1005,75,1020.25,1200,0,91500
NIFTY31DEC2012000CE.NFO,07/01/2020,12:52:02,1001,1005,75,1020.15,1200,0,91500
NIFTY31DEC2012000CE.NFO,07/01/2020,12:52:04,1001,1005,75,1020.25,1200,0,91500
NIFTY31DEC2012000CE.NFO,07/01/2020,12:52:04,1001,1005,75,1020.1,750,0,91500
NIFTY31DEC2012000CE.NFO,07/01/2020,12:52:05,1001,1005,75,1020.1,900,0,91500
NIFTY31DEC2012000CE.NFO,07/01/2020,12:52:07,1001,1005,75,1019.9,900,0,91500
NIFTY31DEC2012000CE.NFO,07/01/2020,12:52:08,1001,1005,75,1019.85,1200,0,91500
NIFTY31DEC2012000CE.NFO,07/01/2020,12:52:09,1001,1005,75,1019.85,900,0,91500
NIFTY31DEC2012000CE.NFO,07/01/2020,12:52:10,1001,1005,75,1019.85,1200,0,91500
NIFTY31DEC2012000CE.NFO,07/01/2020,12:52:11,1001,1005,75,1019.9,1200,0,91500
NIFTY31DEC2012000CE.NFO,07/01/2020,12:52:13,1001,1005,75,1020.1,1200,0,91500
NIFTY31DEC2012000CE.NFO,07/01/2020,12:52:14,1001,1005,75,1019.9,1200,0,91500
NIFTY31DEC2012000CE.NFO,07/01/2020,12:52:14,1001,1005,75,1019.85,900,0,91500
NIFTY31DEC2012000CE.NFO,07/01/2020,12:52:16,1001,1005,75,1019.7,1200,0,91500
NIFTY31DEC2012000CE.NFO,07/01/2020,12:52:17,1001,1005,75,1019.85,1200,0,91500
NIFTY31DEC2012000CE.NFO,07/01/2020,12:52:17,1001,1005,75,1019.8,1200,0,91500
NIFTY31DEC2012000CE.NFO,07/01/2020,12:52:19,1001,1005,75,1019.35,1200,0,91500
NIFTY31DEC2012000CE.NFO,07/01/2020,12:52:21,1001,1005,75,1019.25,1200,0,91500
NIFTY31DEC2012000CE.NFO,07/01/2020,12:52:22,1001,1005,75,1019.2,750,0,91500
NIFTY31DEC2012000CE.NFO,07/01/2020,12:52:23,1001,1005,75,1019.25,75,0,91500
NIFTY31DEC2012000CE.NFO,07/01/2020,12:52:27,1001,1005,75,1019.3,75,0,91500
NIFTY31DEC2012000CE.NFO,07/01/2020,12:52:27,1001,1005,75,1018.7,1200,0,91500
NIFTY31DEC2012000CE.NFO,07/01/2020,12:52:28,1001,1005,75,1018.7,750,0,91500
NIFTY31DEC2012000CE.NFO,07/01/2020,12:52:30,1001,1005,75,1019.2,1200,0,91500
NIFTY31DEC2012000CE.NFO,07/01/2020,12:52:30,1001,1005,75,1019.1,1200,0,91500
NIFTY31DEC2012000CE.NFO,07/01/2020,12:52:32,1001,1005,75,1019.05,1200,0,91500
NIFTY31DEC2012000CE.NFO,07/01/2020,12:52:33,1001,1005,75,1019.05,1275,0,91500
NIFTY31DEC2012000CE.NFO,07/01/2020,12:52:37,1001,1005,75,1018.95,1200,0,91500
NIFTY31DEC2012000CE.NFO,07/01/2020,12:52:41,1001,1005,75,1018.75,1200,0,91500
NIFTY31DEC2012000CE.NFO,07/01/2020,12:52:41,1001,1005,75,1018.4,600,0,91500
NIFTY31DEC2012000CE.NFO,07/01/2020,12:52:43,1001,1005,75,1018.7,1200,0,91500
NIFTY31DEC2012000CE.NFO,07/01/2020,12:52:44,1001,1005,75,1018.8,1200,0,91500
NIFTY31DEC2012000CE.NFO,07/01/2020,12:52:45,1001,1005,75,1018.3,75,0,91500
NIFTY31DEC2012000CE.NFO,07/01/2020,12:52:50,1001,1005,75,1018.3,750,0,91500
NIFTY31DEC2012000CE.NFO,07/01/2020,12:52:50,1001,1005,75,1018.3,900,0,91500
NIFTY31DEC2012000CE.NFO,07/01/2020,12:52:52,1001,1005,75,1017.9,1200,0,91500
NIFTY31DEC2012000CE.NFO,07/01/2020,12:52:59,1001,1005,75,1017.9,600,0,91500
NIFTY31DEC2012000CE.NFO,07/01/2020,12:53:00,1001,1005,75,1018.4,1200,0,91500
NIFTY31DEC2012000CE.NFO,07/01/2020,12:53:01,1001,1005,75,1018.4,900,0,91500
NIFTY31DEC2012000CE.NFO,07/01/2020,12:53:03,1001,1005,75,1017.85,1200,0,91500
NIFTY31DEC2012000CE.NFO,07/01/2020,12:53:04,1001,1005,75,1018,1200,0,91500
NIFTY31DEC2012000CE.NFO,07/01/2020,12:53:06,1001,1005,75,1017.75,1200,0,91500
NIFTY31DEC2012000CE.NFO,07/01/2020,12:53:07,1001,1005,75,1017.85,1200,0,91500
NIFTY31DEC2012000CE.NFO,07/01/2020,12:53:09,1001,1005,75,1017.75,75,0,91500
NIFTY31DEC2012000CE.NFO,07/01/2020,12:53:10,1001,1005,75,1017.65,1200,0,91500
NIFTY31DEC2012000CE.NFO,07/01/2020,12:53:12,1001,1005,75,1017.75,75,0,91500
NIFTY31DEC2012000CE.NFO,07/01/2020,12:53:12,1001,1005,75,1018.1,750,0,91500
NIFTY31DEC2012000CE.NFO,07/01/2020,12:53:14,1001,1005,75,1018.15,900,0,91500
NIFTY31DEC2012000CE.NFO,07/01/2020,12:53:15,1001,1005,75,1018.15,1200,0,91500
NIFTY31DEC2012000CE.NFO,07/01/2020,12:53:17,1001,1005,75,1018.1,1200,0,91500
NIFTY31DEC2012000CE.NFO,07/01/2020,12:53:17,1001,1005,75,1018.05,1200,0,91500
NIFTY31DEC2012000CE.NFO,07/01/2020,12:53:18,1001,1005,75,1017.9,1200,0,91500
NIFTY31DEC2012000CE.NFO,07/01/2020,12:53:19,1001,1005,75,1017.6,1200,0,91500
NIFTY31DEC2012000CE.NFO,07/01/2020,12:53:21,1001,1005,75,1018.15,1200,0,91500
NIFTY31DEC2012000CE.NFO,07/01/2020,12:53:24,1001,1005,75,1018.05,1200,0,91500
NIFTY31DEC2012000CE.NFO,07/01/2020,12:53:25,1001,1005,75,1017.95,75,0,91500
NIFTY31DEC2012000CE.NFO,07/01/2020,12:53:28,1001,1005,75,1018.6,1200,0,91500
NIFTY31DEC2012000CE.NFO,07/01/2020,12:53:30,1001,1005,75,1019.1,1200,0,91500
NIFTY31DEC2012000CE.NFO,07/01/2020,12:53:32,1001,1005,75,1019.2,1200,0,91500
NIFTY31DEC2012000CE.NFO,07/01/2020,12:53:34,1001,1005,75,1019.25,1200,0,91500
NIFTY31DEC2012000CE.NFO,07/01/2020,12:53:37,1001,1005,75,1019.5,1200,0,91500
NIFTY31DEC2012000CE.NFO,07/01/2020,12:53:38,1001,1005,75,1019.25,1200,0,91500
NIFTY31DEC2012000CE.NFO,07/01/2020,12:53:41,1001,1005,75,1019.2,1200,0,91500
NIFTY31DEC2012000CE.NFO,07/01/2020,12:53:42,1001,1005,75,1019.3,1200,0,91500
NIFTY31DEC2012000CE.NFO,07/01/2020,12:53:44,1001,1005,75,1019.3,1050,0,91500
NIFTY31DEC2012000CE.NFO,07/01/2020,12:53:45,1001,1005,75,1019.35,600,0,91500
NIFTY31DEC2012000CE.NFO,07/01/2020,12:53:45,1001,1005,75,1019.3,1200,0,91500
NIFTY31DEC2012000CE.NFO,07/01/2020,12:53:47,1001,1005,75,1019.3,600,0,91500
NIFTY31DEC2012000CE.NFO,07/01/2020,12:53:48,1001,1005,75,1019.25,75,0,91500
NIFTY31DEC2012000CE.NFO,07/01/2020,12:53:52,1001,1005,75,1019.2,75,0,91500
NIFTY31DEC2012000CE.NFO,07/01/2020,12:53:54,1001,1005,75,1019.3,1200,0,91500
NIFTY31DEC2012000CE.NFO,07/01/2020,12:53:57,1001,1005,75,1019.2,75,0,91500
NIFTY31DEC2012000CE.NFO,07/01/2020,12:53:59,1001,1005,75,1019.3,75,0,91500
NIFTY31DEC2012000CE.NFO,07/01/2020,12:54:04,1001,1005,75,1019.4,1200,0,91500
NIFTY31DEC2012000CE.NFO,07/01/2020,12:54:08,1001,1005,75,1019.35,1200,0,91500
NIFTY31DEC2012000CE.NFO,07/01/2020,12:54:09,1001,1005,75,1019.2,1200,0,91500
NIFTY31DEC2012000CE.NFO,07/01/2020,12:54:16,1001,1005,75,1019,1050,0,91500
NIFTY31DEC2012000CE.NFO,07/01/2020,12:54:17,1001,1005,75,1018.8,1050,0,91500
NIFTY31DEC2012000CE.NFO,07/01/2020,12:54:18,1001,1005,75,1018.8,1200,0,91500
NIFTY31DEC2012000CE.NFO,07/01/2020,12:54:25,1001,1005,75,1018.7,1200,0,91500
NIFTY31DEC2012000CE.NFO,07/01/2020,12:54:26,1001,1005,75,1018.5,1200,0,91500
NIFTY31DEC2012000CE.NFO,07/01/2020,12:54:30,1001,1005,75,1018.75,1200,0,91500
NIFTY31DEC2012000CE.NFO,07/01/2020,12:54:32,1001,1005,75,1018.35,1200,0,91500
NIFTY31DEC2012000CE.NFO,07/01/2020,12:54:33,1001,1005,75,1018.25,1200,0,91500
NIFTY31DEC2012000CE.NFO,07/01/2020,12:54:36,1001,1005,75,1018.15,1200,0,91500
NIFTY31DEC2012000CE.NFO,07/01/2020,12:54:47,1001,1005,75,1018,1200,0,91500
NIFTY31DEC2012000CE.NFO,07/01/2020,12:54:48,1001,1005,75,1018.95,1200,0,91500
NIFTY31DEC2012000CE.NFO,07/01/2020,12:54:49,1001,1005,75,1019.15,1200,0,91500
NIFTY31DEC2012000CE.NFO,07/01/2020,12:54:50,1001,1005,75,1019.2,1200,0,91500
NIFTY31DEC2012000CE.NFO,07/01/2020,12:54:52,1001,1005,75,1019.25,1200,0,91500
NIFTY31DEC2012000CE.NFO,07/01/2020,12:54:58,1001,1005,75,1019.15,1200,0,91500
NIFTY31DEC2012000CE.NFO,07/01/2020,12:55:02,1001,1005,75,1019.05,1200,0,91500
NIFTY31DEC2012000CE.NFO,07/01/2020,12:55:03,1001,1005,75,1018.7,1200,0,91500
NIFTY31DEC2012000CE.NFO,07/01/2020,12:55:06,1001,1005,75,1018.6,1200,0,91500
NIFTY31DEC2012000CE.NFO,07/01/2020,12:55:08,1001,1005,75,1018.55,1200,0,91500
NIFTY31DEC2012000CE.NFO,07/01/2020,12:55:10,1001,1005,75,1018.6,1200,0,91500
NIFTY31DEC2012000CE.NFO,07/01/2020,12:55:12,1001,1005,75,1018.55,1200,0,91500
NIFTY31DEC2012000CE.NFO,07/01/2020,12:55:13,1001,1005,75,1018.4,1200,0,91500
NIFTY31DEC2012000CE.NFO,07/01/2020,12:55:15,1001,1005,75,1018.35,1200,0,91500
NIFTY31DEC2012000CE.NFO,07/01/2020,12:55:20,1001,1005,75,1017.8,1200,0,91500
NIFTY31DEC2012000CE.NFO,07/01/2020,12:55:20,1001,1005,75,1017.9,1200,0,91500
NIFTY31DEC2012000CE.NFO,07/01/2020,12:55:21,1001,1005,75,1017.4,1200,0,91500
NIFTY31DEC2012000CE.NFO,07/01/2020,12:55:22,1001,1005,75,1017.45,1200,0,91500
NIFTY31DEC2012000CE.NFO,07/01/2020,12:55:25,1001,1005,75,1017.5,1200,0,91500
NIFTY31DEC2012000CE.NFO,07/01/2020,12:55:26,1001,1005,75,1017.55,1200,0,91500
NIFTY31DEC2012000CE.NFO,07/01/2020,12:55:27,1001,1005,75,1017.35,1200,0,91500
NIFTY31DEC2012000CE.NFO,07/01/2020,12:55:28,1001,1005,75,1017,1200,0,91500
NIFTY31DEC2012000CE.NFO,07/01/2020,12:55:31,1001,1005,75,1017.55,1200,0,91500
NIFTY31DEC2012000CE.NFO,07/01/2020,12:55:32,1001,1005,75,1017.6,1200,0,91500
NIFTY31DEC2012000CE.NFO,07/01/2020,12:55:37,1001,1005,75,1017,1200,0,91500
NIFTY31DEC2012000CE.NFO,07/01/2020,12:55:42,1001,1005,75,1017.55,1200,0,91500
NIFTY31DEC2012000CE.NFO,07/01/2020,12:55:43,1001,1005,75,1017.2,1200,0,91500
NIFTY31DEC2012000CE.NFO,07/01/2020,12:55:44,1001,1005,75,1017.1,900,0,91500
NIFTY31DEC2012000CE.NFO,07/01/2020,12:55:46,1001,1005,75,1017.2,1200,0,91500
NIFTY31DEC2012000CE.NFO,07/01/2020,12:55:47,1001,1005,75,1016.95,1200,0,91500
NIFTY31DEC2012000CE.NFO,07/01/2020,12:55:53,1001,1005,75,1017.45,1200,0,91500
NIFTY31DEC2012000CE.NFO,07/01/2020,12:55:54,1001,1005,75,1017.6,1200,0,91500
NIFTY31DEC2012000CE.NFO,07/01/2020,12:55:56,1001,1005,75,1017.35,75,0,91500
NIFTY31DEC2012000CE.NFO,07/01/2020,12:55:57,1001,1005,75,1017.6,1200,0,91500
NIFTY31DEC2012000CE.NFO,07/01/2020,12:56:03,1001,1005,75,1017.5,1200,0,91500
NIFTY31DEC2012000CE.NFO,07/01/2020,12:56:05,1001,1005,75,1017.2,600,0,91500
NIFTY31DEC2012000CE.NFO,07/01/2020,12:56:07,1001,1005,75,1017.15,600,0,91500
NIFTY31DEC2012000CE.NFO,07/01/2020,12:56:07,1001,1005,75,1017.1,1200,0,91500
NIFTY31DEC2012000CE.NFO,07/01/2020,12:56:10,1001,1005,75,1017.05,1200,0,91500
NIFTY31DEC2012000CE.NFO,07/01/2020,12:56:14,1001,1005,75,1017.2,1200,0,91500
NIFTY31DEC2012000CE.NFO,07/01/2020,12:56:18,1001,1005,75,1017.3,1200,0,91500
NIFTY31DEC2012000CE.NFO,07/01/2020,12:56:19,1001,1005,75,1017.25,1200,0,91500
NIFTY31DEC2012000CE.NFO,07/01/2020,12:56:20,1001,1005,75,1017.2,1200,0,91500
NIFTY31DEC2012000CE.NFO,07/01/2020,12:56:21,1001,1005,75,1016.45,600,0,91500
NIFTY31DEC2012000CE.NFO,07/01/2020,12:56:22,1001,1005,75,1016.65,1200,0,91500
NIFTY31DEC2012000CE.NFO,07/01/2020,12:56:24,1001,1005,75,1016.45,1200,0,91500
NIFTY31DEC2012000CE.NFO,07/01/2020,12:56:26,1001,1005,75,1016.2,1200,0,91500
NIFTY31DEC2012000CE.NFO,07/01/2020,12:56:30,1001,1005,75,1015.9,1200,0,91500
NIFTY31DEC2012000CE.NFO,07/01/2020,12:56:33,1001,1005,75,1016.1,1275,0,91500
NIFTY31DEC2012000CE.NFO,07/01/2020,12:56:34,1001,1005,75,1016.1,1125,0,91500
NIFTY31DEC2012000CE.NFO,07/01/2020,12:56:36,1001,1005,75,1015.8,75,0,91500
NIFTY31DEC2012000CE.NFO,07/01/2020,12:56:38,1001,1005,75,1016.45,1200,0,91500
NIFTY31DEC2012000CE.NFO,07/01/2020,12:56:45,1001,1005,75,1016.45,900,0,91500
NIFTY31DEC2012000CE.NFO,07/01/2020,12:56:47,1001,1005,75,1016.45,1050,0,91500
NIFTY31DEC2012000CE.NFO,07/01/2020,12:56:48,1001,1005,75,1016,900,0,91500
NIFTY31DEC2012000CE.NFO,07/01/2020,12:56:49,1001,1005,75,1016,1050,0,91500
NIFTY31DEC2012000CE.NFO,07/01/2020,12:56:51,1001,1005,75,1016.3,1200,0,91500
NIFTY31DEC2012000CE.NFO,07/01/2020,12:56:52,1001,1005,75,1016.2,750,0,91500
NIFTY31DEC2012000CE.NFO,07/01/2020,12:56:53,1001,1005,75,1016.05,1200,0,91500
NIFTY31DEC2012000CE.NFO,07/01/2020,12:56:57,1001,1005,75,1016.1,75,0,91500
NIFTY31DEC2012000CE.NFO,07/01/2020,12:57:00,1001,1005,75,1015.95,75,0,91500
NIFTY31DEC2012000CE.NFO,07/01/2020,12:57:02,1001,1005,75,1016.3,75,0,91500
NIFTY31DEC2012000CE.NFO,07/01/2020,12:57:06,1001,1005,75,1016.45,1200,0,91500
NIFTY31DEC2012000CE.NFO,07/01/2020,12:57:07,1001,1005,75,1016.3,1200,0,91500
NIFTY31DEC2012000CE.NFO,07/01/2020,12:57:08,1001,1005,75,1016.3,1050,0,91500
NIFTY31DEC2012000CE.NFO,07/01/2020,12:57:09,1001,1005,75,1016.3,1200,0,91500
NIFTY31DEC2012000CE.NFO,07/01/2020,12:57:11,1001,1005,75,1016.3,1050,0,91500
NIFTY31DEC2012000CE.NFO,07/01/2020,12:57:12,1001,1005,75,1016.35,75,0,91500
NIFTY31DEC2012000CE.NFO,07/01/2020,12:57:14,1001,1005,75,1016.2,75,0,91500
NIFTY31DEC2012000CE.NFO,07/01/2020,12:57:18,1001,1005,75,1016.3,1200,0,91500
NIFTY31DEC2012000CE.NFO,07/01/2020,12:57:19,1001,1005,75,1016.2,1200,0,91500
NIFTY31DEC2012000CE.NFO,07/01/2020,12:57:20,1001,1005,75,1016.05,1200,0,91500
NIFTY31DEC2012000CE.NFO,07/01/2020,12:57:21,1001,1005,75,1015.8,1200,0,91500
NIFTY31DEC2012000CE.NFO,07/01/2020,12:57:23,1001,1005,75,1015.8,600,0,91500
NIFTY31DEC2012000CE.NFO,07/01/2020,12:57:24,1001,1005,75,1015.55,750,0,91500
NIFTY31DEC2012000CE.NFO,07/01/2020,12:57:24,1001,1005,75,1015.75,1200,0,91500
NIFTY31DEC2012000CE.NFO,07/01/2020,12:57:25,1001,1005,75,1015.7,75,0,91500
NIFTY31DEC2012000CE.NFO,07/01/2020,12:57:27,1001,1005,75,1015.55,900,0,91500
NIFTY31DEC2012000CE.NFO,07/01/2020,12:57:27,1001,1005,75,1015.55,1200,0,91500
NIFTY31DEC2012000CE.NFO,07/01/2020,12:57:29,1001,1005,75,1015.6,1200,0,91500
NIFTY31DEC2012000CE.NFO,07/01/2020,12:57:31,1001,1005,75,1015.35,1200,0,91500
NIFTY31DEC2012000CE.NFO,07/01/2020,12:57:32,1001,1005,75,1015.3,1200,0,91500
NIFTY31DEC2012000CE.NFO,07/01/2020,12:57:33,1001,1005,75,1015.35,1200,0,91500
NIFTY31DEC2012000CE.NFO,07/01/2020,12:57:34,1001,1005,75,1015.25,75,0,91500
NIFTY31DEC2012000CE.NFO,07/01/2020,12:57:36,1001,1005,75,1015,1200,0,91500
NIFTY31DEC2012000CE.NFO,07/01/2020,12:57:36,1001,1005,75,1014.45,1200,0,91500
NIFTY31DEC2012000CE.NFO,07/01/2020,12:57:39,1001,1005,75,1014.1,1200,0,91500
NIFTY31DEC2012000CE.NFO,07/01/2020,12:57:40,1001,1005,75,1014.15,1200,0,91500
NIFTY31DEC2012000CE.NFO,07/01/2020,12:57:41,1001,1005,75,1013.35,900,0,91500
NIFTY31DEC2012000CE.NFO,07/01/2020,12:57:43,1001,1005,75,1013.45,1200,0,91500
NIFTY31DEC2012000CE.NFO,07/01/2020,12:57:44,1001,1005,75,1012.55,1200,0,91500
NIFTY31DEC2012000CE.NFO,07/01/2020,12:57:45,1001,1005,75,1013.6,1200,0,91500
NIFTY31DEC2012000CE.NFO,07/01/2020,12:57:46,1001,1005,75,1013.35,75,0,91500
NIFTY31DEC2012000CE.NFO,07/01/2020,12:57:49,1001,1005,75,1013.5,75,0,91500
NIFTY31DEC2012000CE.NFO,07/01/2020,12:57:52,1001,1005,75,1013.95,75,0,91500
NIFTY31DEC2012000CE.NFO,07/01/2020,12:57:55,1001,1005,75,1013.4,75,0,91500
NIFTY31DEC2012000CE.NFO,07/01/2020,12:57:59,1001,1005,75,1013.2,1200,0,91500
NIFTY31DEC2012000CE.NFO,07/01/2020,12:58:00,1001,1005,75,1012.85,1200,0,91500
NIFTY31DEC2012000CE.NFO,07/01/2020,12:58:02,1001,1005,75,1012.75,750,0,91500
NIFTY31DEC2012000CE.NFO,07/01/2020,12:58:03,1001,1005,75,1012,1200,0,91500
NIFTY31DEC2012000CE.NFO,07/01/2020,12:58:05,1001,1005,75,1012.3,1200,0,91500
NIFTY31DEC2012000CE.NFO,07/01/2020,12:58:06,1001,1005,75,1011.25,1050,0,91500
NIFTY31DEC2012000CE.NFO,07/01/2020,12:58:08,1001,1005,75,1011.3,600,0,91500
NIFTY31DEC2012000CE.NFO,07/01/2020,12:58:10,1001,1005,75,1010.85,1200,0,91500
NIFTY31DEC2012000CE.NFO,07/01/2020,12:58:11,1001,1005,75,1011.4,75,0,91500
NIFTY31DEC2012000CE.NFO,07/01/2020,12:58:15,1001,1005,75,1011.6,75,0,91500
NIFTY31DEC2012000CE.NFO,07/01/2020,12:58:17,1001,1005,75,1011.3,75,0,91500
NIFTY31DEC2012000CE.NFO,07/01/2020,12:58:22,1001,1005,75,1011.4,900,0,91500
NIFTY31DEC2012000CE.NFO,07/01/2020,12:58:23,1001,1005,75,1010.85,1200,0,91500
NIFTY31DEC2012000CE.NFO,07/01/2020,12:58:24,1001,1005,75,1011.2,75,0,91500
NIFTY31DEC2012000CE.NFO,07/01/2020,12:58:28,1001,1005,75,1011.5,75,0,91500
NIFTY31DEC2012000CE.NFO,07/01/2020,12:58:31,1001,1005,75,1011.1,75,0,91500
NIFTY31DEC2012000CE.NFO,07/01/2020,12:58:34,1001,1005,75,1012.3,1200,0,91500
NIFTY31DEC2012000CE.NFO,07/01/2020,12:58:35,1001,1005,75,1012,1200,0,91500
NIFTY31DEC2012000CE.NFO,07/01/2020,12:58:37,1001,1005,75,1012.2,75,0,91500
NIFTY31DEC2012000CE.NFO,07/01/2020,12:58:41,1001,1005,75,1012.25,1200,0,91500
NIFTY31DEC2012000CE.NFO,07/01/2020,12:58:42,1001,1005,75,1012.4,1200,0,91500
NIFTY31DEC2012000CE.NFO,07/01/2020,12:58:43,1001,1005,75,1012.35,1200,0,91500
NIFTY31DEC2012000CE.NFO,07/01/2020,12:58:44,1001,1005,75,1012.25,75,0,91500
NIFTY31DEC2012000CE.NFO,07/01/2020,12:58:46,1001,1005,75,1012.2,1200,0,91500
NIFTY31DEC2012000CE.NFO,07/01/2020,12:58:47,1001,1005,75,1012.15,1200,0,91500
NIFTY31DEC2012000CE.NFO,07/01/2020,12:58:49,1001,1005,75,1012.25,1200,0,91500
NIFTY31DEC2012000CE.NFO,07/01/2020,12:58:50,1001,1005,75,1012.15,75,0,91500
NIFTY31DEC2012000CE.NFO,07/01/2020,12:58:52,1001,1005,75,1012.1,1200,0,91500
NIFTY31DEC2012000CE.NFO,07/01/2020,12:58:53,1001,1005,75,1012.15,75,0,91500
NIFTY31DEC2012000CE.NFO,07/01/2020,12:58:55,1001,1005,75,1012,75,0,91500
NIFTY31DEC2012000CE.NFO,07/01/2020,12:58:59,1001,1005,75,1012.45,75,0,91500
NIFTY31DEC2012000CE.NFO,07/01/2020,12:59:01,1001,1005,75,1012.35,1200,0,91500
NIFTY31DEC2012000CE.NFO,07/01/2020,12:59:02,1001,1005,75,1011.9,75,0,91500
NIFTY31DEC2012000CE.NFO,07/01/2020,12:59:05,1001,1005,75,1012.25,75,0,91500
NIFTY31DEC2012000CE.NFO,07/01/2020,12:59:07,1001,1005,75,1011.95,1050,0,91500
NIFTY31DEC2012000CE.NFO,07/01/2020,12:59:07,1001,1005,75,1012.25,1275,0,91500
NIFTY31DEC2012000CE.NFO,07/01/2020,12:59:09,1001,1005,75,1012.25,1200,0,91500
NIFTY31DEC2012000CE.NFO,07/01/2020,12:59:10,1001,1002,75,1012.25,1050,0,91500
NIFTY31DEC2012000CE.NFO,07/01/2020,12:59:11,1001,1002,75,1011.95,75,0,91500
NIFTY31DEC2012000CE.NFO,07/01/2020,12:59:15,1001,1002,75,1012.15,75,0,91500
NIFTY31DEC2012000CE.NFO,07/01/2020,12:59:19,1001,1002,75,1012.35,75,0,91500
NIFTY31DEC2012000CE.NFO,07/01/2020,12:59:20,1001,1002,75,1012.25,1200,0,91500
NIFTY31DEC2012000CE.NFO,07/01/2020,12:59:21,1001,1002,75,1012.05,75,0,91500
NIFTY31DEC2012000CE.NFO,07/01/2020,12:59:25,1001,1002,75,1012.15,75,0,91500
NIFTY31DEC2012000CE.NFO,07/01/2020,12:59:28,1001,1002,75,1011.75,1200,0,91500
NIFTY31DEC2012000CE.NFO,07/01/2020,12:59:29,1001,1002,75,1012,1200,0,91500
NIFTY31DEC2012000CE.NFO,07/01/2020,12:59:31,1001,1003,75,1012,1200,0,91500
NIFTY31DEC2012000CE.NFO,07/01/2020,12:59:32,1001,1003,75,1011.9,75,0,91500
NIFTY31DEC2012000CE.NFO,07/01/2020,12:59:33,1001,1003,75,1011.6,1200,0,91500
NIFTY31DEC2012000CE.NFO,07/01/2020,12:59:35,1001,1003,75,1011.15,1200,0,91500
NIFTY31DEC2012000CE.NFO,07/01/2020,12:59:36,1001,1003,75,1010.85,1200,0,91500
NIFTY31DEC2012000CE.NFO,07/01/2020,12:59:38,1001,1003,75,1010.9,1200,0,91500
NIFTY31DEC2012000CE.NFO,07/01/2020,12:59:41,1001,1003,75,1010.8,750,0,91500
NIFTY31DEC2012000CE.NFO,07/01/2020,12:59:42,1001,1003,75,1010.45,1200,0,91500
NIFTY31DEC2012000CE.NFO,07/01/2020,12:59:43,1001,1003,75,1010.2,900,0,91500
NIFTY31DEC2012000CE.NFO,07/01/2020,12:59:44,1001,1003,75,1010.45,1200,0,91500
NIFTY31DEC2012000CE.NFO,07/01/2020,12:59:45,1001,1003,75,1010.3,1200,0,91500
NIFTY31DEC2012000CE.NFO,07/01/2020,12:59:46,1001,1003,75,1010.35,75,0,91500
NIFTY31DEC2012000CE.NFO,07/01/2020,12:59:48,1001,1003,75,1010.2,75,0,91500
NIFTY31DEC2012000CE.NFO,07/01/2020,12:59:50,1001,1003,75,1009.95,1200,0,91500
NIFTY31DEC2012000CE.NFO,07/01/2020,12:59:51,1001,1003,75,1010.2,75,0,91500
NIFTY31DEC2012000CE.NFO,07/01/2020,12:59:52,1001,1003,75,1009.9,1200,0,91500
NIFTY31DEC2012000CE.NFO,07/01/2020,12:59:54,1001,1003,75,1009.45,1200,0,91500
NIFTY31DEC2012000CE.NFO,07/01/2020,12:59:55,1001,1003,75,1009.75,1200,0,91500
NIFTY31DEC2012000CE.NFO,07/01/2020,12:59:57,1001,1003,75,1009.75,750,0,91500
NIFTY31DEC2012000CE.NFO,07/01/2020,12:59:58,1001,1003,75,1009.75,1200,0,91500
NIFTY31DEC2012000CE.NFO,07/01/2020,12:59:59,1001,1003,75,1009.65,75,0,91500
NIFTY31DEC2012000CE.NFO,07/01/2020,13:00:02,1001,1003,75,1009.45,1200,0,91500
NIFTY31DEC2012000CE.NFO,07/01/2020,13:00:03,1001,1003,75,1008.9,1200,0,91500
NIFTY31DEC2012000CE.NFO,07/01/2020,13:00:04,1001,1003,75,1008.3,1200,0,91500
NIFTY31DEC2012000CE.NFO,07/01/2020,13:00:05,1001,1003,75,1007.95,1050,0,91500
NIFTY31DEC2012000CE.NFO,07/01/2020,13:00:07,1001,1003,75,1007.35,1200,0,91500
NIFTY31DEC2012000CE.NFO,07/01/2020,13:00:08,1001,1003,75,1006.5,1200,0,91500
NIFTY31DEC2012000CE.NFO,07/01/2020,13:00:09,1001,1003,75,1004.95,1200,0,91500
NIFTY31DEC2012000CE.NFO,07/01/2020,13:00:11,1001,1003,75,1005.1,1200,0,91500
NIFTY31DEC2012000CE.NFO,07/01/2020,13:00:12,1001,1003,75,1003.5,1200,0,91500
NIFTY31DEC2012000CE.NFO,07/01/2020,13:00:14,1003,1002,75,1002.15,75,75,95250
NIFTY31DEC2012000CE.NFO,07/01/2020,13:00:14,1003,1002,75,1002.15,75,0,95250
NIFTY31DEC2012000CE.NFO,07/01/2020,13:00:15,1003,1002,75,1002.15,75,0,95250
NIFTY31DEC2012000CE.NFO,07/01/2020,13:00:18,1002,1001,3750,1004.05,1200,75,95250
NIFTY31DEC2012000CE.NFO,07/01/2020,13:00:19,1002,1001,3750,1003.85,1200,0,95250
NIFTY31DEC2012000CE.NFO,07/01/2020,13:00:21,1002,1001,3750,1003.8,1200,0,95250
NIFTY31DEC2012000CE.NFO,07/01/2020,13:00:22,1002,1001,3750,1004,1200,0,95250
NIFTY31DEC2012000CE.NFO,07/01/2020,13:00:23,1002,1001,3750,1004.15,1200,0,95250
NIFTY31DEC2012000CE.NFO,07/01/2020,13:00:26,1002,1001,3750,1004.75,1200,0,95250
NIFTY31DEC2012000CE.NFO,07/01/2020,13:00:27,1002,1001,3750,1004.75,1050,0,95250
NIFTY31DEC2012000CE.NFO,07/01/2020,13:00:28,1002,1001,3750,1004.75,1200,0,95250
NIFTY31DEC2012000CE.NFO,07/01/2020,13:00:30,1002,1001,3750,1005.3,1200,0,95250
NIFTY31DEC2012000CE.NFO,07/01/2020,13:00:34,1002,1001,3750,1004.75,600,0,95250
NIFTY31DEC2012000CE.NFO,07/01/2020,13:00:35,1002,1001,3750,1004.3,1200,0,95250
NIFTY31DEC2012000CE.NFO,07/01/2020,13:00:36,1002,1001,3750,1004.3,750,0,95250
NIFTY31DEC2012000CE.NFO,07/01/2020,13:00:37,1002,1001,3750,1004.1,1200,0,95250
NIFTY31DEC2012000CE.NFO,07/01/2020,13:00:39,1002,1001,3750,1004.15,1200,0,95250
NIFTY31DEC2012000CE.NFO,07/01/2020,13:00:40,1002,1001,3750,1005.15,900,0,95250
NIFTY31DEC2012000CE.NFO,07/01/2020,13:00:41,1002,1001,3750,1004.85,600,0,95250
NIFTY31DEC2012000CE.NFO,07/01/2020,13:00:43,1002,1001,3750,1005.4,750,0,95250
NIFTY31DEC2012000CE.NFO,07/01/2020,13:00:44,1002,1001,3750,1005.45,1200,0,95250
NIFTY31DEC2012000CE.NFO,07/01/2020,13:00:45,1002,1001,3750,1005.75,750,0,95250
NIFTY31DEC2012000CE.NFO,07/01/2020,13:00:47,1002,1001,3750,1005.95,750,0,95250
NIFTY31DEC2012000CE.NFO,07/01/2020,13:00:49,1002,1001,3750,1005.95,1200,0,95250
NIFTY31DEC2012000CE.NFO,07/01/2020,13:00:50,1002,1002,75,1005.45,1200,0,95250
NIFTY31DEC2012000CE.NFO,07/01/2020,13:00:52,1002,1002,75,1004.85,1200,0,95250
NIFTY31DEC2012000CE.NFO,07/01/2020,13:00:53,1002,1002,75,1004.9,1200,0,95250
NIFTY31DEC2012000CE.NFO,07/01/2020,13:00:54,1002,1002,75,1005.2,1200,0,95250
NIFTY31DEC2012000CE.NFO,07/01/2020,13:00:56,1002,1002,75,1005.15,900,0,95250
NIFTY31DEC2012000CE.NFO,07/01/2020,13:00:57,1002,1002,75,1004.8,1200,0,95250
NIFTY31DEC2012000CE.NFO,07/01/2020,13:00:58,1002,1002,75,1004.85,1200,0,95250
NIFTY31DEC2012000CE.NFO,07/01/2020,13:00:59,1002,1002,75,1004.15,1200,0,95250
NIFTY31DEC2012000CE.NFO,07/01/2020,13:01:01,1002,1002,75,1003.8,1200,0,95250
NIFTY31DEC2012000CE.NFO,07/01/2020,13:01:02,1002,1002,75,1003.05,1200,0,95250
