Ticker,Date,Time,LTP,BuyPrice,BuyQty,SellPrice,SellQty,LTQ,OpenInterest
NIFTY09JAN2012300CE.NFO,07/01/2020,09:15:00,5.95,4.25,225,5,375,2925,2449650
NIFTY09JAN2012300CE.NFO,07/01/2020,09:15:00,5.95,4.25,225,5,375,0,2449650
NIFTY09JAN2012300CE.NFO,07/01/2020,09:15:00,6.2,4.25,225,5,375,0,2449650
NIFTY09JAN2012300CE.NFO,07/01/2020,09:15:00,4.15,4.25,225,5,375,0,2449650
NIFTY09JAN2012300CE.NFO,07/01/2020,09:15:01,5.4,4.9,75,5,75,675,2449650
NIFTY09JAN2012300CE.NFO,07/01/2020,09:15:02,4.4,4.35,75,4.45,75,2625,2449650
NIFTY09JAN2012300CE.NFO,07/01/2020,09:15:03,5.05,5.05,75,5.15,300,3000,2449650
NIFTY09JAN2012300CE.NFO,07/01/2020,09:15:04,5.35,5.3,600,5.4,150,3150,2449650
NIFTY09JAN2012300CE.NFO,07/01/2020,09:15:05,5.6,5.5,75,5.55,75,3675,2449650
NIFTY09JAN2012300CE.NFO,07/01/2020,09:15:06,5.35,5.3,75,5.35,225,4425,2449650
NIFTY09JAN2012300CE.NFO,07/01/2020,09:15:07,5.6,5.5,75,5.6,75,11850,2449650
NIFTY09JAN2012300CE.NFO,07/01/2020,09:15:08,5.6,5.5,75,5.6,225,2025,2449650
NIFTY09JAN2012300CE.NFO,07/01/2020,09:15:09,5.35,5.35,600,5.5,600,6450,2449650
NIFTY09JAN2012300CE.NFO,07/01/2020,09:15:10,5.5,5.45,75,5.5,75,2400,2449650
NIFTY09JAN2012300CE.NFO,07/01/2020,09:15:11,5.7,5.6,75,5.7,75,1875,2449650
NIFTY09JAN2012300CE.NFO,07/01/2020,09:15:12,5.75,5.65,150,5.75,75,1650,2449650
NIFTY09JAN2012300CE.NFO,07/01/2020,09:15:13,5.7,5.7,600,5.8,450,1125,2449650
NIFTY09JAN2012300CE.NFO,07/01/2020,09:15:14,5.75,5.65,750,5.75,525,2850,2449650
NIFTY09JAN2012300CE.NFO,07/01/2020,09:15:15,5.75,5.7,150,5.75,300,3825,2449650
NIFTY09JAN2012300CE.NFO,07/01/2020,09:15:16,5.8,5.65,900,5.75,75,2175,2449650
NIFTY09JAN2012300CE.NFO,07/01/2020,09:15:17,5.85,5.8,300,5.9,375,9150,2449650
NIFTY09JAN2012300CE.NFO,07/01/2020,09:15:18,5.75,5.75,525,5.85,225,6600,2449650
NIFTY09JAN2012300CE.NFO,07/01/2020,09:15:19,5.85,5.8,750,5.9,825,4650,2449650
NIFTY09JAN2012300CE.NFO,07/01/2020,09:15:20,6,6,450,6.1,225,9075,2449650
NIFTY09JAN2012300CE.NFO,07/01/2020,09:15:20,6.3,6,450,6.1,225,0,2449650
NIFTY09JAN2012300CE.NFO,07/01/2020,09:15:21,6.05,6.05,300,6.15,150,2325,2449650
NIFTY09JAN2012300CE.NFO,07/01/2020,09:15:22,6.3,6.3,75,6.35,225,2700,2449650
NIFTY09JAN2012300CE.NFO,07/01/2020,09:15:22,6.45,6.3,75,6.35,225,0,2449650
NIFTY09JAN2012300CE.NFO,07/01/2020,09:15:23,6.4,6.3,450,6.4,900,3150,2449650
NIFTY09JAN2012300CE.NFO,07/01/2020,09:15:24,6.45,6.35,75,6.4,75,2850,2449650
NIFTY09JAN2012300CE.NFO,07/01/2020,09:15:24,6.5,6.35,75,6.4,75,0,2449650
NIFTY09JAN2012300CE.NFO,07/01/2020,09:15:25,6.55,6.55,75,6.65,675,1275,2449650
NIFTY09JAN2012300CE.NFO,07/01/2020,09:15:25,6.6,6.55,75,6.65,675,0,2449650
NIFTY09JAN2012300CE.NFO,07/01/2020,09:15:26,6.6,6.5,825,6.55,75,2400,2449650
NIFTY09JAN2012300CE.NFO,07/01/2020,09:15:26,6.7,6.5,825,6.55,75,0,2449650
NIFTY09JAN2012300CE.NFO,07/01/2020,09:15:27,6.65,6.55,450,6.65,75,3600,2449650
NIFTY09JAN2012300CE.NFO,07/01/2020,09:15:27,6.7,6.6,75,6.7,150,150,2449650
NIFTY09JAN2012300CE.NFO,07/01/2020,09:15:28,6.55,6.55,75,6.6,75,3300,2449650
NIFTY09JAN2012300CE.NFO,07/01/2020,09:15:28,6.75,6.55,75,6.6,75,0,2449650
NIFTY09JAN2012300CE.NFO,07/01/2020,09:15:29,6.6,6.5,975,6.6,75,1575,2449650
NIFTY09JAN2012300CE.NFO,07/01/2020,09:15:30,6.65,6.7,375,6.8,1350,2925,2449650
NIFTY09JAN2012300CE.NFO,07/01/2020,09:15:32,6.6,6.6,450,6.7,75,2925,2449650
NIFTY09JAN2012300CE.NFO,07/01/2020,09:15:32,6.8,6.6,450,6.7,75,0,2449650
NIFTY09JAN2012300CE.NFO,07/01/2020,09:15:33,6.75,6.7,375,6.8,450,750,2449650
NIFTY09JAN2012300CE.NFO,07/01/2020,09:15:34,6.75,6.7,450,6.8,300,2850,2449650
NIFTY09JAN2012300CE.NFO,07/01/2020,09:15:34,6.9,6.7,450,6.8,300,0,2449650
NIFTY09JAN2012300CE.NFO,07/01/2020,09:15:35,6.75,6.8,75,6.85,75,2550,2449650
NIFTY09JAN2012300CE.NFO,07/01/2020,09:15:36,6.85,6.85,825,6.95,525,2550,2449650
NIFTY09JAN2012300CE.NFO,07/01/2020,09:15:37,6.9,6.9,225,6.95,75,2550,2449650
NIFTY09JAN2012300CE.NFO,07/01/2020,09:15:37,7,6.9,225,6.95,75,0,2449650
NIFTY09JAN2012300CE.NFO,07/01/2020,09:15:37,7,6.9,525,7,750,75,2449650
NIFTY09JAN2012300CE.NFO,07/01/2020,09:15:38,6.95,6.95,75,7,1350,5625,2449650
NIFTY09JAN2012300CE.NFO,07/01/2020,09:15:38,7.05,6.95,75,7,1350,0,2449650
NIFTY09JAN2012300CE.NFO,07/01/2020,09:15:39,7,6.95,675,7,375,2325,2449650
NIFTY09JAN2012300CE.NFO,07/01/2020,09:15:40,7.1,7.1,75,7.15,600,675,2449650
NIFTY09JAN2012300CE.NFO,07/01/2020,09:15:40,7.1,7.1,75,7.15,600,0,2449650
NIFTY09JAN2012300CE.NFO,07/01/2020,09:15:42,7.25,7.15,375,7.25,75,14175,2449650
NIFTY09JAN2012300CE.NFO,07/01/2020,09:15:42,7.6,7.15,375,7.25,75,0,2449650
NIFTY09JAN2012300CE.NFO,07/01/2020,09:15:43,7.2,7.15,300,7.25,600,11250,2449650
NIFTY09JAN2012300CE.NFO,07/01/2020,09:15:44,7.15,7.1,75,7.2,300,2400,2449650
NIFTY09JAN2012300CE.NFO,07/01/2020,09:15:45,7,6.95,75,7,525,26025,2449650
NIFTY09JAN2012300CE.NFO,07/01/2020,09:15:45,7.9,6.95,75,7,525,0,2449650
NIFTY09JAN2012300CE.NFO,07/01/2020,09:15:46,7.05,6.9,600,7,600,9975,2449650
NIFTY09JAN2012300CE.NFO,07/01/2020,09:15:47,7.05,7.05,75,7.15,975,2550,2449650
NIFTY09JAN2012300CE.NFO,07/01/2020,09:15:48,7,6.95,300,7,1725,2100,2449650
NIFTY09JAN2012300CE.NFO,07/01/2020,09:15:49,6.9,6.9,1275,6.95,150,1200,2449650
NIFTY09JAN2012300CE.NFO,07/01/2020,09:15:50,7.05,7.05,825,7.15,825,6975,2449650
NIFTY09JAN2012300CE.NFO,07/01/2020,09:15:51,7,6.95,225,7,300,3000,2449650
NIFTY09JAN2012300CE.NFO,07/01/2020,09:15:52,7.1,7.05,3600,7.15,150,4650,2449650
NIFTY09JAN2012300CE.NFO,07/01/2020,09:15:53,7.1,7.05,3150,7.15,1125,675,2449650
NIFTY09JAN2012300CE.NFO,07/01/2020,09:15:54,7.15,7.05,3075,7.15,225,4350,2449650
NIFTY09JAN2012300CE.NFO,07/01/2020,09:15:55,7.15,7.15,300,7.2,1275,4350,2449650
NIFTY09JAN2012300CE.NFO,07/01/2020,09:15:56,7.2,7.1,1575,7.15,75,1125,2449650
NIFTY09JAN2012300CE.NFO,07/01/2020,09:15:57,7.15,7.15,75,7.2,1500,9150,2449650
NIFTY09JAN2012300CE.NFO,07/01/2020,09:15:57,7.15,7.1,75,7.15,75,0,2449650
NIFTY09JAN2012300CE.NFO,07/01/2020,09:15:58,7.15,7.1,675,7.2,2475,6225,2449650
NIFTY09JAN2012300CE.NFO,07/01/2020,09:15:59,7.1,7.1,75,7.15,75,5625,2449650
NIFTY09JAN2012300CE.NFO,07/01/2020,09:16:01,7.05,7.05,675,7.1,75,8175,2449650
NIFTY09JAN2012300CE.NFO,07/01/2020,09:16:02,7.05,7.05,225,7.1,1125,5325,2449650
NIFTY09JAN2012300CE.NFO,07/01/2020,09:16:03,7.1,7.05,150,7.1,2100,1425,2449650
NIFTY09JAN2012300CE.NFO,07/01/2020,09:16:04,7.15,7.1,450,7.15,225,7575,2449650
NIFTY09JAN2012300CE.NFO,07/01/2020,09:16:05,7.1,7.1,150,7.15,1200,2550,2449650
NIFTY09JAN2012300CE.NFO,07/01/2020,09:16:06,7.05,7.05,375,7.1,1050,8475,2449650
NIFTY09JAN2012300CE.NFO,07/01/2020,09:16:07,7.2,7.15,450,7.25,1425,3075,2449650
NIFTY09JAN2012300CE.NFO,07/01/2020,09:16:08,7.1,7.1,1275,7.15,2625,4350,2449650
NIFTY09JAN2012300CE.NFO,07/01/2020,09:16:08,7.1,7.05,975,7.1,600,1200,2449650
NIFTY09JAN2012300CE.NFO,07/01/2020,09:16:09,7.2,7.1,525,7.15,75,10875,2449650
NIFTY09JAN2012300CE.NFO,07/01/2020,09:16:10,7.15,7.1,1050,7.2,1575,4200,2449650
NIFTY09JAN2012300CE.NFO,07/01/2020,09:16:11,7.1,7.05,375,7.1,600,7125,2449650
NIFTY09JAN2012300CE.NFO,07/01/2020,09:16:12,7.25,7.15,450,7.2,300,10650,2449650
NIFTY09JAN2012300CE.NFO,07/01/2020,09:16:13,7.15,7.1,1950,7.2,1050,2550,2449650
NIFTY09JAN2012300CE.NFO,07/01/2020,09:16:15,7.2,7.2,75,7.25,825,3075,2449650
NIFTY09JAN2012300CE.NFO,07/01/2020,09:16:16,7.1,7.1,225,7.15,1350,9600,2449650
NIFTY09JAN2012300CE.NFO,07/01/2020,09:16:17,7.15,7.1,300,7.15,900,4950,2449650
NIFTY09JAN2012300CE.NFO,07/01/2020,09:16:18,7.1,7.1,750,7.2,1425,7950,2449650
NIFTY09JAN2012300CE.NFO,07/01/2020,09:16:19,7.15,7.15,75,7.2,3900,600,2449650
NIFTY09JAN2012300CE.NFO,07/01/2020,09:16:20,7.2,7.2,150,7.25,600,6525,2449650
NIFTY09JAN2012300CE.NFO,07/01/2020,09:16:21,7.2,7.1,300,7.2,1200,10425,2449650
NIFTY09JAN2012300CE.NFO,07/01/2020,09:16:22,7.1,7.1,150,7.2,1425,16125,2449650
NIFTY09JAN2012300CE.NFO,07/01/2020,09:16:23,7.2,7.15,1875,7.2,300,1950,2449650
NIFTY09JAN2012300CE.NFO,07/01/2020,09:16:24,7.2,7.15,75,7.2,600,4275,2449650
NIFTY09JAN2012300CE.NFO,07/01/2020,09:16:25,7.2,7.15,750,7.2,825,1200,2449650
NIFTY09JAN2012300CE.NFO,07/01/2020,09:16:26,7.15,7.15,825,7.2,300,3375,2449650
NIFTY09JAN2012300CE.NFO,07/01/2020,09:16:27,7.15,7.1,825,7.2,825,4500,2449650
NIFTY09JAN2012300CE.NFO,07/01/2020,09:16:28,7.2,7.15,975,7.25,900,975,2449650
NIFTY09JAN2012300CE.NFO,07/01/2020,09:16:29,7.25,7.2,900,7.3,1200,2325,2449650
NIFTY09JAN2012300CE.NFO,07/01/2020,09:16:29,7.25,7.25,750,7.3,375,75,2449650
NIFTY09JAN2012300CE.NFO,07/01/2020,09:16:30,7.25,7.25,525,7.3,375,1050,2449650
NIFTY09JAN2012300CE.NFO,07/01/2020,09:16:31,7.3,7.3,225,7.35,75,4800,2449650
NIFTY09JAN2012300CE.NFO,07/01/2020,09:16:33,7.25,7.25,600,7.3,75,6225,2449650
NIFTY09JAN2012300CE.NFO,07/01/2020,09:16:34,7.3,7.25,600,7.35,1575,4650,2449650
NIFTY09JAN2012300CE.NFO,07/01/2020,09:16:35,7.35,7.3,225,7.35,225,3000,2449650
NIFTY09JAN2012300CE.NFO,07/01/2020,09:16:36,7.4,7.3,1275,7.4,1725,7200,2449650
NIFTY09JAN2012300CE.NFO,07/01/2020,09:16:37,7.35,7.35,375,7.4,1050,2850,2449650
NIFTY09JAN2012300CE.NFO,07/01/2020,09:16:38,7.5,7.45,375,7.5,6075,8100,2449650
NIFTY09JAN2012300CE.NFO,07/01/2020,09:16:39,7.4,7.4,525,7.5,5250,2475,2449650
NIFTY09JAN2012300CE.NFO,07/01/2020,09:16:40,7.45,7.4,300,7.5,6375,1950,2449650
NIFTY09JAN2012300CE.NFO,07/01/2020,09:16:41,7.5,7.45,375,7.5,2250,5250,2449650
NIFTY09JAN2012300CE.NFO,07/01/2020,09:16:42,7.55,7.5,975,7.55,1800,1650,2449650
NIFTY09JAN2012300CE.NFO,07/01/2020,09:16:43,7.5,7.5,150,7.55,1575,5775,2449650
NIFTY09JAN2012300CE.NFO,07/01/2020,09:16:44,7.6,7.55,150,7.6,675,2850,2449650
NIFTY09JAN2012300CE.NFO,07/01/2020,09:16:44,7.55,7.5,975,7.6,1875,450,2449650
NIFTY09JAN2012300CE.NFO,07/01/2020,09:16:45,7.55,7.5,975,7.55,75,13650,2449650
NIFTY09JAN2012300CE.NFO,07/01/2020,09:16:46,7.55,7.5,450,7.55,900,1650,2449650
NIFTY09JAN2012300CE.NFO,07/01/2020,09:16:48,7.6,7.5,2025,7.6,1350,1800,2449650
NIFTY09JAN2012300CE.NFO,07/01/2020,09:16:49,7.55,7.55,1725,7.65,1425,2850,2449650
NIFTY09JAN2012300CE.NFO,07/01/2020,09:16:50,7.7,7.65,450,7.7,600,6600,2449650
NIFTY09JAN2012300CE.NFO,07/01/2020,09:16:51,7.7,7.7,300,7.75,375,1950,2449650
NIFTY09JAN2012300CE.NFO,07/01/2020,09:16:52,7.7,7.65,450,7.75,1650,9975,2449650
NIFTY09JAN2012300CE.NFO,07/01/2020,09:16:53,7.85,7.75,750,7.8,300,1950,2449650
NIFTY09JAN2012300CE.NFO,07/01/2020,09:16:54,7.75,7.75,1725,7.85,750,2925,2449650
NIFTY09JAN2012300CE.NFO,07/01/2020,09:16:55,7.85,7.85,1050,7.9,150,12225,2449650
NIFTY09JAN2012300CE.NFO,07/01/2020,09:16:55,8,7.85,1050,7.9,150,0,2449650
NIFTY09JAN2012300CE.NFO,07/01/2020,09:16:56,7.95,7.85,1500,7.95,900,1350,2449650
NIFTY09JAN2012300CE.NFO,07/01/2020,09:16:56,7.9,7.9,450,7.95,75,600,2449650
NIFTY09JAN2012300CE.NFO,07/01/2020,09:16:57,7.9,7.85,825,7.9,75,6750,2449650
NIFTY09JAN2012300CE.NFO,07/01/2020,09:16:58,7.85,7.85,1950,7.9,75,900,2449650
NIFTY09JAN2012300CE.NFO,07/01/2020,09:16:59,7.8,7.75,225,7.8,375,3000,2449650
NIFTY09JAN2012300CE.NFO,07/01/2020,09:17:01,7.75,7.8,600,7.85,375,600,2449650
NIFTY09JAN2012300CE.NFO,07/01/2020,09:17:02,7.9,7.9,300,7.95,150,8175,2449650
NIFTY09JAN2012300CE.NFO,07/01/2020,09:17:03,7.85,7.9,450,7.95,150,3825,2449650
NIFTY09JAN2012300CE.NFO,07/01/2020,09:17:04,7.95,7.9,450,8,7650,2175,2449650
NIFTY09JAN2012300CE.NFO,07/01/2020,09:17:05,8,7.95,2925,8,4200,2925,2449650
NIFTY09JAN2012300CE.NFO,07/01/2020,09:17:06,7.95,7.9,450,7.95,2325,4950,2449650
NIFTY09JAN2012300CE.NFO,07/01/2020,09:17:07,8,8,1725,8.05,75,7125,2449650
NIFTY09JAN2012300CE.NFO,07/01/2020,09:17:08,8,8,450,8.05,600,4500,2449650
NIFTY09JAN2012300CE.NFO,07/01/2020,09:17:08,8.1,8,450,8.05,600,0,2449650
NIFTY09JAN2012300CE.NFO,07/01/2020,09:17:08,8.05,8,225,8.05,75,1650,2455575
NIFTY09JAN2012300CE.NFO,07/01/2020,09:17:09,8,8,375,8.05,375,7050,2455575
NIFTY09JAN2012300CE.NFO,07/01/2020,09:17:10,8.05,8.05,375,8.1,600,4125,2455575
NIFTY09JAN2012300CE.NFO,07/01/2020,09:17:12,8.05,8,750,8.05,225,5925,2455575
NIFTY09JAN2012300CE.NFO,07/01/2020,09:17:13,8.15,8.1,75,8.15,75,7650,2455575
NIFTY09JAN2012300CE.NFO,07/01/2020,09:17:13,8.2,8.1,75,8.15,75,0,2455575
NIFTY09JAN2012300CE.NFO,07/01/2020,09:17:14,8.1,8.1,1275,8.2,1800,975,2455575
NIFTY09JAN2012300CE.NFO,07/01/2020,09:17:15,8.2,8.1,1500,8.2,525,675,2455575
NIFTY09JAN2012300CE.NFO,07/01/2020,09:17:16,8.25,8.15,75,8.25,1275,3450,2455575
NIFTY09JAN2012300CE.NFO,07/01/2020,09:17:16,8.25,8.15,75,8.25,1275,0,2455575
NIFTY09JAN2012300CE.NFO,07/01/2020,09:17:17,8.25,8.25,2100,8.35,675,8550,2455575
NIFTY09JAN2012300CE.NFO,07/01/2020,09:17:17,8.4,8.25,2100,8.35,675,0,2455575
NIFTY09JAN2012300CE.NFO,07/01/2020,09:17:17,8.25,8.25,675,8.35,675,1800,2455575
NIFTY09JAN2012300CE.NFO,07/01/2020,09:17:19,8.4,8.35,5175,8.4,600,6450,2455575
NIFTY09JAN2012300CE.NFO,07/01/2020,09:17:20,8.25,8.25,750,8.35,600,11550,2455575
NIFTY09JAN2012300CE.NFO,07/01/2020,09:17:20,8.5,8.25,750,8.35,600,0,2455575
NIFTY09JAN2012300CE.NFO,07/01/2020,09:17:21,8.3,8.25,1125,8.35,1050,6675,2455575
NIFTY09JAN2012300CE.NFO,07/01/2020,09:17:22,8.4,8.35,1275,8.4,525,11850,2455575
NIFTY09JAN2012300CE.NFO,07/01/2020,09:17:22,8.4,8.4,3750,8.45,525,1575,2455575
NIFTY09JAN2012300CE.NFO,07/01/2020,09:17:24,8.3,8.3,975,8.4,750,4275,2455575
NIFTY09JAN2012300CE.NFO,07/01/2020,09:17:25,8.5,8.4,75,8.45,675,5100,2455575
NIFTY09JAN2012300CE.NFO,07/01/2020,09:17:26,8.45,8.4,1800,8.5,975,1875,2455575
NIFTY09JAN2012300CE.NFO,07/01/2020,09:17:26,8.55,8.4,1800,8.5,975,0,2455575
NIFTY09JAN2012300CE.NFO,07/01/2020,09:17:27,8.45,8.4,1725,8.45,150,3900,2455575
NIFTY09JAN2012300CE.NFO,07/01/2020,09:17:27,8.45,8.35,1575,8.4,450,525,2455575
NIFTY09JAN2012300CE.NFO,07/01/2020,09:17:29,8.3,8.35,750,8.4,675,6300,2455575
NIFTY09JAN2012300CE.NFO,07/01/2020,09:17:30,8.35,8.35,750,8.4,450,3900,2455575
NIFTY09JAN2012300CE.NFO,07/01/2020,09:17:31,8.3,8.3,750,8.35,75,8025,2455575
NIFTY09JAN2012300CE.NFO,07/01/2020,09:17:32,8.3,8.25,1275,8.3,75,2025,2455575
NIFTY09JAN2012300CE.NFO,07/01/2020,09:17:32,8.25,8.25,975,8.35,900,600,2455575
NIFTY09JAN2012300CE.NFO,07/01/2020,09:17:34,8.2,8.3,375,8.35,750,11925,2455575
NIFTY09JAN2012300CE.NFO,07/01/2020,09:17:35,8.25,8.2,2325,8.25,75,11700,2455575
NIFTY09JAN2012300CE.NFO,07/01/2020,09:17:36,8.3,8.3,525,8.35,525,8625,2455575
NIFTY09JAN2012300CE.NFO,07/01/2020,09:17:37,8.2,8.15,450,8.25,1350,11475,2455575
NIFTY09JAN2012300CE.NFO,07/01/2020,09:17:37,8.2,8.15,975,8.2,150,6825,2455575
NIFTY09JAN2012300CE.NFO,07/01/2020,09:17:39,8.25,8.2,1275,8.25,975,7050,2455575
NIFTY09JAN2012300CE.NFO,07/01/2020,09:17:40,8.15,8.15,975,8.2,75,8400,2455575
NIFTY09JAN2012300CE.NFO,07/01/2020,09:17:41,8.2,8.15,975,8.25,2625,5775,2455575
NIFTY09JAN2012300CE.NFO,07/01/2020,09:17:42,8,8.05,450,8.1,1950,6975,2455575
NIFTY09JAN2012300CE.NFO,07/01/2020,09:17:42,8.1,8.05,525,8.1,825,525,2455575
NIFTY09JAN2012300CE.NFO,07/01/2020,09:17:44,7.95,7.95,525,8,150,13725,2455575
NIFTY09JAN2012300CE.NFO,07/01/2020,09:17:45,7.85,7.85,675,7.95,675,7125,2455575
NIFTY09JAN2012300CE.NFO,07/01/2020,09:17:46,7.85,7.85,450,7.9,5400,1950,2455575
NIFTY09JAN2012300CE.NFO,07/01/2020,09:17:47,7.8,7.8,1500,7.85,150,12375,2455575
NIFTY09JAN2012300CE.NFO,07/01/2020,09:17:47,7.85,7.8,1500,7.9,1725,150,2455575
NIFTY09JAN2012300CE.NFO,07/01/2020,09:17:49,7.9,7.9,1575,7.95,75,5025,2455575
NIFTY09JAN2012300CE.NFO,07/01/2020,09:17:50,8,7.9,75,7.95,750,7125,2455575
NIFTY09JAN2012300CE.NFO,07/01/2020,09:17:51,7.8,7.8,1275,7.9,375,8325,2455575
NIFTY09JAN2012300CE.NFO,07/01/2020,09:17:52,7.75,7.8,300,7.85,2775,5175,2455575
NIFTY09JAN2012300CE.NFO,07/01/2020,09:17:52,7.75,7.8,525,7.85,2775,0,2455575
NIFTY09JAN2012300CE.NFO,07/01/2020,09:17:54,7.8,7.75,2850,7.8,4875,900,2455575
NIFTY09JAN2012300CE.NFO,07/01/2020,09:17:55,7.75,7.7,675,7.75,2025,2550,2455575
NIFTY09JAN2012300CE.NFO,07/01/2020,09:17:56,7.75,7.7,1275,7.75,4875,7875,2455575
NIFTY09JAN2012300CE.NFO,07/01/2020,09:17:57,7.7,7.7,150,7.75,5325,5925,2455575
NIFTY09JAN2012300CE.NFO,07/01/2020,09:17:57,7.65,7.65,750,7.7,75,225,2455575
NIFTY09JAN2012300CE.NFO,07/01/2020,09:17:59,7.7,7.65,1050,7.7,600,5550,2455575
NIFTY09JAN2012300CE.NFO,07/01/2020,09:18:00,7.65,7.65,1275,7.7,450,1950,2455575
NIFTY09JAN2012300CE.NFO,07/01/2020,09:18:01,7.7,7.7,900,7.75,5475,12000,2455575
NIFTY09JAN2012300CE.NFO,07/01/2020,09:18:02,7.75,7.7,1425,7.75,450,10875,2455575
NIFTY09JAN2012300CE.NFO,07/01/2020,09:18:02,7.7,7.7,1275,7.75,375,375,2455575
NIFTY09JAN2012300CE.NFO,07/01/2020,09:18:04,7.75,7.75,825,7.8,2625,5700,2455575
NIFTY09JAN2012300CE.NFO,07/01/2020,09:18:05,7.85,7.8,525,7.85,2625,9675,2455575
NIFTY09JAN2012300CE.NFO,07/01/2020,09:18:06,7.7,7.7,525,7.8,1650,7650,2455575
NIFTY09JAN2012300CE.NFO,07/01/2020,09:18:07,7.75,7.75,1875,7.85,1875,8325,2455575
NIFTY09JAN2012300CE.NFO,07/01/2020,09:18:07,7.75,7.75,1050,7.85,900,150,2455575
NIFTY09JAN2012300CE.NFO,07/01/2020,09:18:09,7.8,7.8,1275,7.9,2100,2025,2455575
NIFTY09JAN2012300CE.NFO,07/01/2020,09:18:10,7.9,7.8,1650,7.9,1200,4500,2455575
NIFTY09JAN2012300CE.NFO,07/01/2020,09:18:11,7.9,7.85,600,7.95,1725,2625,2455575
NIFTY09JAN2012300CE.NFO,07/01/2020,09:18:12,7.95,7.9,1275,8,7950,4200,2455575
NIFTY09JAN2012300CE.NFO,07/01/2020,09:18:12,7.9,7.9,825,8,7725,150,2455575
NIFTY09JAN2012300CE.NFO,07/01/2020,09:18:13,8,7.95,1725,8,2250,4650,2455575
NIFTY09JAN2012300CE.NFO,07/01/2020,09:18:14,8,8,1350,8.05,1425,5775,2455575
NIFTY09JAN2012300CE.NFO,07/01/2020,09:18:15,8,8,2025,8.1,1950,3300,2455575
NIFTY09JAN2012300CE.NFO,07/01/2020,09:18:16,8,8,525,8.05,1800,3450,2455575
NIFTY09JAN2012300CE.NFO,07/01/2020,09:18:17,8,8,75,8.05,450,3075,2455575
NIFTY09JAN2012300CE.NFO,07/01/2020,09:18:18,8,8,75,8.05,1125,2700,2455575
NIFTY09JAN2012300CE.NFO,07/01/2020,09:18:19,8,7.95,825,8,225,1800,2455575
NIFTY09JAN2012300CE.NFO,07/01/2020,09:18:20,8.05,8,2625,8.05,150,6075,2455575
NIFTY09JAN2012300CE.NFO,07/01/2020,09:18:21,7.95,7.95,975,8,5025,3600,2455575
NIFTY09JAN2012300CE.NFO,07/01/2020,09:18:22,8,8,2175,8.05,900,5400,2455575
NIFTY09JAN2012300CE.NFO,07/01/2020,09:18:23,7.95,8,975,8.05,1200,4575,2455575
NIFTY09JAN2012300CE.NFO,07/01/2020,09:18:24,8,8,2550,8.1,1500,2625,2455575
NIFTY09JAN2012300CE.NFO,07/01/2020,09:18:25,8.05,8.05,900,8.1,300,525,2455575
NIFTY09JAN2012300CE.NFO,07/01/2020,09:18:26,8,7.95,1500,8,300,8100,2455575
NIFTY09JAN2012300CE.NFO,07/01/2020,09:18:27,8,7.95,525,8.05,6600,5175,2455575
NIFTY09JAN2012300CE.NFO,07/01/2020,09:18:28,8,8,5625,8.05,5475,1350,2455575
NIFTY09JAN2012300CE.NFO,07/01/2020,09:18:29,7.95,7.95,1350,8,5475,11550,2455575
NIFTY09JAN2012300CE.NFO,07/01/2020,09:18:30,8,7.9,2100,8,9900,2925,2455575
NIFTY09JAN2012300CE.NFO,07/01/2020,09:18:31,7.9,7.9,225,7.95,900,1650,2455575
NIFTY09JAN2012300CE.NFO,07/01/2020,09:18:32,7.9,7.8,2025,7.9,2400,2550,2455575
NIFTY09JAN2012300CE.NFO,07/01/2020,09:18:33,7.9,7.8,1125,7.85,825,150,2455575
NIFTY09JAN2012300CE.NFO,07/01/2020,09:18:34,7.8,7.8,75,7.85,1800,2850,2455575
NIFTY09JAN2012300CE.NFO,07/01/2020,09:18:35,7.8,7.75,2700,7.8,3225,2550,2455575
NIFTY09JAN2012300CE.NFO,07/01/2020,09:18:36,7.75,7.7,1950,7.75,225,3375,2455575
NIFTY09JAN2012300CE.NFO,07/01/2020,09:18:37,7.7,7.7,825,7.75,600,7350,2455575
NIFTY09JAN2012300CE.NFO,07/01/2020,09:18:38,7.7,7.65,1200,7.75,2700,2700,2455575
NIFTY09JAN2012300CE.NFO,07/01/2020,09:18:39,7.65,7.65,1125,7.7,675,1500,2455575
NIFTY09JAN2012300CE.NFO,07/01/2020,09:18:40,7.7,7.6,5850,7.65,375,2025,2455575
NIFTY09JAN2012300CE.NFO,07/01/2020,09:18:42,7.55,7.5,6000,7.55,675,7425,2455575
NIFTY09JAN2012300CE.NFO,07/01/2020,09:18:43,7.55,7.5,675,7.6,1725,9975,2455575
NIFTY09JAN2012300CE.NFO,07/01/2020,09:18:44,7.45,7.45,2100,7.55,600,3075,2455575
NIFTY09JAN2012300CE.NFO,07/01/2020,09:18:45,7.45,7.45,375,7.5,75,7650,2455575
NIFTY09JAN2012300CE.NFO,07/01/2020,09:18:46,7.35,7.35,900,7.45,1725,7800,2455575
NIFTY09JAN2012300CE.NFO,07/01/2020,09:18:47,7.4,7.35,450,7.45,2400,11700,2455575
NIFTY09JAN2012300CE.NFO,07/01/2020,09:18:48,7.35,7.35,150,7.4,750,1275,2455575
NIFTY09JAN2012300CE.NFO,07/01/2020,09:18:49,7.3,7.3,2325,7.4,600,450,2455575
NIFTY09JAN2012300CE.NFO,07/01/2020,09:18:50,7.3,7.25,1500,7.35,1275,2175,2455575
NIFTY09JAN2012300CE.NFO,07/01/2020,09:18:51,7.2,7.2,2250,7.3,2325,4875,2455575
NIFTY09JAN2012300CE.NFO,07/01/2020,09:18:52,7.4,7.25,675,7.3,300,4650,2455575
NIFTY09JAN2012300CE.NFO,07/01/2020,09:18:53,7.25,7.2,1725,7.25,1575,4575,2455575
NIFTY09JAN2012300CE.NFO,07/01/2020,09:18:54,7.25,7.2,1125,7.25,750,3525,2455575
NIFTY09JAN2012300CE.NFO,07/01/2020,09:18:55,7.15,7.2,900,7.3,1650,1200,2455575
NIFTY09JAN2012300CE.NFO,07/01/2020,09:18:56,7.1,7.1,5925,7.2,525,3225,2455575
NIFTY09JAN2012300CE.NFO,07/01/2020,09:18:57,7.1,7.1,3225,7.2,1200,6450,2455575
NIFTY09JAN2012300CE.NFO,07/01/2020,09:18:58,7.1,7.1,3000,7.2,2025,2475,2455575
NIFTY09JAN2012300CE.NFO,07/01/2020,09:18:59,7.25,7.15,900,7.25,1575,2925,2455575
NIFTY09JAN2012300CE.NFO,07/01/2020,09:19:00,7.15,7.2,675,7.25,4950,2025,2455575
NIFTY09JAN2012300CE.NFO,07/01/2020,09:19:01,7.2,7.15,2025,7.25,5550,4425,2455575
NIFTY09JAN2012300CE.NFO,07/01/2020,09:19:01,7.25,7.2,1800,7.25,3975,1500,2455575
NIFTY09JAN2012300CE.NFO,07/01/2020,09:19:02,7.25,7.25,2025,7.3,5775,4050,2455575
NIFTY09JAN2012300CE.NFO,07/01/2020,09:19:03,7.3,7.25,1125,7.3,5475,3375,2455575
NIFTY09JAN2012300CE.NFO,07/01/2020,09:19:04,7.25,7.25,2175,7.3,4650,2250,2455575
NIFTY09JAN2012300CE.NFO,07/01/2020,09:19:06,7.3,7.2,3150,7.3,4200,900,2455575
NIFTY09JAN2012300CE.NFO,07/01/2020,09:19:07,7.25,7.2,2100,7.25,75,825,2455575
NIFTY09JAN2012300CE.NFO,07/01/2020,09:19:08,7.3,7.25,525,7.3,5100,1875,2455575
NIFTY09JAN2012300CE.NFO,07/01/2020,09:19:09,7.35,7.3,975,7.4,2025,5700,2455575
NIFTY09JAN2012300CE.NFO,07/01/2020,09:19:10,7.35,7.35,300,7.4,225,1125,2455575
NIFTY09JAN2012300CE.NFO,07/01/2020,09:19:11,7.35,7.35,75,7.4,750,4050,2455575
NIFTY09JAN2012300CE.NFO,07/01/2020,09:19:12,7.45,7.4,525,7.45,375,4425,2455575
NIFTY09JAN2012300CE.NFO,07/01/2020,09:19:13,7.4,7.4,600,7.45,1050,1950,2455575
NIFTY09JAN2012300CE.NFO,07/01/2020,09:19:14,7.35,7.3,1050,7.4,1500,2400,2455575
NIFTY09JAN2012300CE.NFO,07/01/2020,09:19:15,7.3,7.35,1125,7.45,1950,675,2455575
NIFTY09JAN2012300CE.NFO,07/01/2020,09:19:16,7.4,7.3,1350,7.4,1500,1575,2455575
NIFTY09JAN2012300CE.NFO,07/01/2020,09:19:17,7.4,7.35,975,7.4,1050,525,2455575
NIFTY09JAN2012300CE.NFO,07/01/2020,09:19:18,7.35,7.35,1050,7.4,300,75,2455575
NIFTY09JAN2012300CE.NFO,07/01/2020,09:19:19,7.4,7.4,750,7.5,4575,2550,2455575
NIFTY09JAN2012300CE.NFO,07/01/2020,09:19:20,7.4,7.4,2475,7.5,1425,8775,2455575
NIFTY09JAN2012300CE.NFO,07/01/2020,09:19:21,7.45,7.4,1725,7.45,150,4650,2455575
NIFTY09JAN2012300CE.NFO,07/01/2020,09:19:22,7.5,7.5,1500,7.55,825,1350,2455575
NIFTY09JAN2012300CE.NFO,07/01/2020,09:19:23,7.55,7.55,525,7.6,825,1725,2455575
NIFTY09JAN2012300CE.NFO,07/01/2020,09:19:24,7.5,7.45,2925,7.55,900,825,2455575
NIFTY09JAN2012300CE.NFO,07/01/2020,09:19:25,7.55,7.5,375,7.55,825,2250,2455575
NIFTY09JAN2012300CE.NFO,07/01/2020,09:19:26,7.55,7.5,375,7.55,825,0,2455575
NIFTY09JAN2012300CE.NFO,07/01/2020,09:19:27,7.55,7.55,750,7.6,75,1350,2455575
NIFTY09JAN2012300CE.NFO,07/01/2020,09:19:28,7.55,7.5,900,7.55,75,150,2455575
NIFTY09JAN2012300CE.NFO,07/01/2020,09:19:29,7.6,7.5,675,7.6,2250,4950,2455575
NIFTY09JAN2012300CE.NFO,07/01/2020,09:19:30,7.5,7.5,300,7.55,1125,150,2455575
NIFTY09JAN2012300CE.NFO,07/01/2020,09:19:31,7.5,7.45,300,7.55,2700,1650,2455575
NIFTY09JAN2012300CE.NFO,07/01/2020,09:19:32,7.55,7.45,750,7.5,825,900,2455575
NIFTY09JAN2012300CE.NFO,07/01/2020,09:19:33,7.5,7.4,5625,7.5,1275,1500,2455575
NIFTY09JAN2012300CE.NFO,07/01/2020,09:19:34,7.4,7.4,4950,7.45,1500,1500,2455575
NIFTY09JAN2012300CE.NFO,07/01/2020,09:19:35,7.4,7.4,4950,7.45,4575,150,2455575
NIFTY09JAN2012300CE.NFO,07/01/2020,09:19:36,7.4,7.35,4950,7.4,4950,6975,2455575
NIFTY09JAN2012300CE.NFO,07/01/2020,09:19:37,7.35,7.3,900,7.35,525,9075,2455575
NIFTY09JAN2012300CE.NFO,07/01/2020,09:19:38,7.3,7.3,1425,7.4,2250,2850,2455575
NIFTY09JAN2012300CE.NFO,07/01/2020,09:19:39,7.35,7.35,300,7.4,1800,1275,2455575
NIFTY09JAN2012300CE.NFO,07/01/2020,09:19:40,7.35,7.35,600,7.4,2100,450,2455575
NIFTY09JAN2012300CE.NFO,07/01/2020,09:19:41,7.4,7.35,2400,7.45,4575,3675,2455575
NIFTY09JAN2012300CE.NFO,07/01/2020,09:19:42,7.45,7.35,3225,7.45,4650,2325,2455575
NIFTY09JAN2012300CE.NFO,07/01/2020,09:19:43,7.45,7.45,75,7.5,2250,4575,2455575
NIFTY09JAN2012300CE.NFO,07/01/2020,09:19:44,7.45,7.45,750,7.5,150,3900,2455575
NIFTY09JAN2012300CE.NFO,07/01/2020,09:19:45,7.45,7.45,1125,7.5,225,0,2455575
NIFTY09JAN2012300CE.NFO,07/01/2020,09:19:46,7.55,7.5,825,7.6,7200,900,2455575
NIFTY09JAN2012300CE.NFO,07/01/2020,09:19:47,7.5,7.5,975,7.55,150,2400,2455575
NIFTY09JAN2012300CE.NFO,07/01/2020,09:19:48,7.45,7.45,2250,7.55,975,825,2455575
NIFTY09JAN2012300CE.NFO,07/01/2020,09:19:49,7.5,7.45,300,7.5,975,5625,2455575
NIFTY09JAN2012300CE.NFO,07/01/2020,09:19:50,7.5,7.4,2775,7.5,3900,3600,2455575
NIFTY09JAN2012300CE.NFO,07/01/2020,09:19:51,7.5,7.4,2550,7.5,3450,675,2455575
NIFTY09JAN2012300CE.NFO,07/01/2020,09:19:52,7.5,7.5,675,7.55,2100,6825,2455575
NIFTY09JAN2012300CE.NFO,07/01/2020,09:19:53,7.5,7.5,1650,7.6,6450,3000,2455575
NIFTY09JAN2012300CE.NFO,07/01/2020,09:19:54,7.5,7.45,300,7.55,2250,3900,2455575
NIFTY09JAN2012300CE.NFO,07/01/2020,09:19:55,7.55,7.5,2175,7.55,1125,225,2455575
NIFTY09JAN2012300CE.NFO,07/01/2020,09:19:56,7.5,7.45,1050,7.5,75,4425,2455575
NIFTY09JAN2012300CE.NFO,07/01/2020,09:19:57,7.5,7.45,1800,7.5,825,600,2455575
NIFTY09JAN2012300CE.NFO,07/01/2020,09:19:58,7.5,7.45,1800,7.5,825,0,2455575
NIFTY09JAN2012300CE.NFO,07/01/2020,09:19:59,7.55,7.5,1350,7.55,3975,2625,2455575
NIFTY09JAN2012300CE.NFO,07/01/2020,09:20:00,7.6,7.55,2325,7.6,3675,5250,2455575
NIFTY09JAN2012300CE.NFO,07/01/2020,09:20:01,7.65,7.65,300,7.7,1950,6375,2455575
NIFTY09JAN2012300CE.NFO,07/01/2020,09:20:02,7.75,7.65,1350,7.75,375,1800,2455575
NIFTY09JAN2012300CE.NFO,07/01/2020,09:20:03,7.75,7.65,1350,7.75,525,0,2455575
NIFTY09JAN2012300CE.NFO,07/01/2020,09:20:04,7.75,7.75,150,7.8,1350,4725,2455575
NIFTY09JAN2012300CE.NFO,07/01/2020,09:20:05,7.7,7.75,600,7.8,525,900,2455575
NIFTY09JAN2012300CE.NFO,07/01/2020,09:20:06,7.85,7.8,1950,7.85,1050,1125,2455575
NIFTY09JAN2012300CE.NFO,07/01/2020,09:20:07,7.85,7.85,75,7.9,1950,2550,2455575
NIFTY09JAN2012300CE.NFO,07/01/2020,09:20:08,7.85,7.85,600,7.9,1950,375,2455575
NIFTY09JAN2012300CE.NFO,07/01/2020,09:20:09,7.9,7.8,2250,7.9,975,7350,2455575
NIFTY09JAN2012300CE.NFO,07/01/2020,09:20:10,8,7.95,1200,8,2175,10050,2461875
NIFTY09JAN2012300CE.NFO,07/01/2020,09:20:11,7.85,7.85,525,7.95,2025,5475,2461875
NIFTY09JAN2012300CE.NFO,07/01/2020,09:20:12,7.85,7.85,1725,7.9,375,2025,2461875
NIFTY09JAN2012300CE.NFO,07/01/2020,09:20:13,7.9,7.85,1350,7.95,1125,975,2461875
NIFTY09JAN2012300CE.NFO,07/01/2020,09:20:14,8,7.95,450,8,300,4800,2461875
NIFTY09JAN2012300CE.NFO,07/01/2020,09:20:15,7.95,7.95,825,8,75,4275,2461875
NIFTY09JAN2012300CE.NFO,07/01/2020,09:20:16,8,7.95,825,8,600,7425,2461875
NIFTY09JAN2012300CE.NFO,07/01/2020,09:20:17,8.05,7.95,900,8,825,600,2461875
NIFTY09JAN2012300CE.NFO,07/01/2020,09:20:18,7.95,7.95,750,8,450,375,2461875
NIFTY09JAN2012300CE.NFO,07/01/2020,09:20:19,8,8,75,8.05,975,1650,2461875
NIFTY09JAN2012300CE.NFO,07/01/2020,09:20:20,8,8,4650,8.05,75,225,2461875
NIFTY09JAN2012300CE.NFO,07/01/2020,09:20:21,8,7.95,525,8,1275,4575,2461875
NIFTY09JAN2012300CE.NFO,07/01/2020,09:20:22,8,7.95,75,8,750,1725,2461875
NIFTY09JAN2012300CE.NFO,07/01/2020,09:20:23,8,7.95,225,8,225,1050,2461875
NIFTY09JAN2012300CE.NFO,07/01/2020,09:20:24,8,7.95,1350,8,2100,3900,2461875
NIFTY09JAN2012300CE.NFO,07/01/2020,09:20:25,7.95,7.85,3825,7.95,5475,600,2461875
NIFTY09JAN2012300CE.NFO,07/01/2020,09:20:26,7.9,7.85,3525,7.95,3075,2850,2461875
NIFTY09JAN2012300CE.NFO,07/01/2020,09:20:27,7.9,7.9,225,7.95,3150,225,2461875
NIFTY09JAN2012300CE.NFO,07/01/2020,09:20:28,7.95,7.9,1125,7.95,3600,300,2461875
NIFTY09JAN2012300CE.NFO,07/01/2020,09:20:29,7.9,7.9,900,7.95,2850,375,2461875
NIFTY09JAN2012300CE.NFO,07/01/2020,09:20:30,7.95,7.9,1875,7.95,975,2175,2461875
NIFTY09JAN2012300CE.NFO,07/01/2020,09:20:31,8,7.9,2400,8,5100,1725,2461875
NIFTY09JAN2012300CE.NFO,07/01/2020,09:20:32,8,7.9,2550,8,4725,825,2461875
NIFTY09JAN2012300CE.NFO,07/01/2020,09:20:33,7.95,7.95,600,8,5025,4575,2461875
NIFTY09JAN2012300CE.NFO,07/01/2020,09:20:34,7.95,7.9,750,8,5775,4125,2461875
NIFTY09JAN2012300CE.NFO,07/01/2020,09:20:35,7.95,7.95,300,8,8400,3525,2461875
NIFTY09JAN2012300CE.NFO,07/01/2020,09:20:36,8,7.95,1275,8,2700,8025,2461875
NIFTY09JAN2012300CE.NFO,07/01/2020,09:20:37,7.95,7.95,375,8,2925,75,2461875
NIFTY09JAN2012300CE.NFO,07/01/2020,09:20:38,7.95,7.9,375,7.95,225,3750,2461875
NIFTY09JAN2012300CE.NFO,07/01/2020,09:20:39,7.95,7.9,375,7.95,1050,4500,2461875
NIFTY09JAN2012300CE.NFO,07/01/2020,09:20:40,7.95,7.9,1125,7.95,75,3600,2461875
NIFTY09JAN2012300CE.NFO,07/01/2020,09:20:41,7.95,7.95,825,8,2550,4125,2461875
NIFTY09JAN2012300CE.NFO,07/01/2020,09:20:42,7.9,7.85,75,7.9,2775,1875,2461875
NIFTY09JAN2012300CE.NFO,07/01/2020,09:20:43,7.85,7.85,900,7.95,1200,1950,2461875
NIFTY09JAN2012300CE.NFO,07/01/2020,09:20:44,7.9,7.9,450,7.95,750,4575,2461875
NIFTY09JAN2012300CE.NFO,07/01/2020,09:20:45,8,7.95,375,8,4050,5775,2461875
NIFTY09JAN2012300CE.NFO,07/01/2020,09:20:46,8,7.9,2925,8,2250,2625,2461875
NIFTY09JAN2012300CE.NFO,07/01/2020,09:20:47,7.9,7.9,3225,8,2325,975,2461875
NIFTY09JAN2012300CE.NFO,07/01/2020,09:20:48,7.95,7.9,1050,8,1500,2850,2461875
NIFTY09JAN2012300CE.NFO,07/01/2020,09:20:49,7.9,7.9,450,7.95,450,2400,2461875
NIFTY09JAN2012300CE.NFO,07/01/2020,09:20:50,7.95,7.9,75,7.95,750,4125,2461875
NIFTY09JAN2012300CE.NFO,07/01/2020,09:20:51,7.9,7.9,75,7.95,300,1875,2461875
NIFTY09JAN2012300CE.NFO,07/01/2020,09:20:52,7.95,7.9,1050,7.95,75,1800,2461875
NIFTY09JAN2012300CE.NFO,07/01/2020,09:20:53,8.05,8,1275,8.1,5625,3600,2461875
NIFTY09JAN2012300CE.NFO,07/01/2020,09:20:54,8.1,8,6675,8.1,4500,2775,2461875
NIFTY09JAN2012300CE.NFO,07/01/2020,09:20:55,8.15,8.1,1125,8.2,1650,8925,2461875
NIFTY09JAN2012300CE.NFO,07/01/2020,09:20:56,8.15,8.15,600,8.2,1875,600,2461875
NIFTY09JAN2012300CE.NFO,07/01/2020,09:20:57,8.15,8.15,1425,8.2,825,300,2461875
NIFTY09JAN2012300CE.NFO,07/01/2020,09:20:58,8.2,8.15,675,8.25,1425,3225,2461875
NIFTY09JAN2012300CE.NFO,07/01/2020,09:20:59,8.15,8.15,525,8.2,675,75,2461875
NIFTY09JAN2012300CE.NFO,07/01/2020,09:21:00,8.15,8.1,3000,8.15,75,8925,2461875
NIFTY09JAN2012300CE.NFO,07/01/2020,09:21:01,8.05,8,4125,8.05,75,3825,2461875
NIFTY09JAN2012300CE.NFO,07/01/2020,09:21:02,8.05,7.95,5850,8.05,1500,6375,2461875
NIFTY09JAN2012300CE.NFO,07/01/2020,09:21:03,8,7.95,5025,8,1575,1350,2461875
NIFTY09JAN2012300CE.NFO,07/01/2020,09:21:04,7.9,7.9,675,7.95,975,10050,2461875
NIFTY09JAN2012300CE.NFO,07/01/2020,09:21:05,7.9,7.85,825,7.9,3600,2250,2461875
NIFTY09JAN2012300CE.NFO,07/01/2020,09:21:06,7.9,7.85,375,7.9,2925,6075,2461875
NIFTY09JAN2012300CE.NFO,07/01/2020,09:21:07,7.85,7.8,3075,7.9,4350,900,2461875
NIFTY09JAN2012300CE.NFO,07/01/2020,09:21:08,7.8,7.8,2550,7.9,3825,1725,2461875
NIFTY09JAN2012300CE.NFO,07/01/2020,09:21:09,8,7.95,675,8,4200,8550,2461875
NIFTY09JAN2012300CE.NFO,07/01/2020,09:21:10,8,7.95,2850,8,1650,7425,2461875
NIFTY09JAN2012300CE.NFO,07/01/2020,09:21:11,8.05,8.05,1425,8.1,300,2175,2461875
NIFTY09JAN2012300CE.NFO,07/01/2020,09:21:12,8.15,8.15,750,8.2,3225,2325,2461875
NIFTY09JAN2012300CE.NFO,07/01/2020,09:21:13,8.1,8.1,675,8.15,2550,6900,2461875
NIFTY09JAN2012300CE.NFO,07/01/2020,09:21:14,8.1,8.1,2625,8.15,1575,2175,2461875
NIFTY09JAN2012300CE.NFO,07/01/2020,09:21:15,8.1,8.1,675,8.15,2700,6375,2461875
NIFTY09JAN2012300CE.NFO,07/01/2020,09:21:16,8.1,8.05,975,8.1,225,10050,2461875
NIFTY09JAN2012300CE.NFO,07/01/2020,09:21:17,8.1,8.05,675,8.1,300,1125,2461875
NIFTY09JAN2012300CE.NFO,07/01/2020,09:21:18,8.15,8.1,675,8.15,750,1650,2461875
NIFTY09JAN2012300CE.NFO,07/01/2020,09:21:19,8.05,8.05,2550,8.15,1275,1200,2461875
NIFTY09JAN2012300CE.NFO,07/01/2020,09:21:20,8.05,8.05,675,8.1,375,225,2461875
NIFTY09JAN2012300CE.NFO,07/01/2020,09:21:21,8.1,8,2100,8.1,1575,1350,2461875
NIFTY09JAN2012300CE.NFO,07/01/2020,09:21:22,8,7.95,825,8,1125,2700,2461875
NIFTY09JAN2012300CE.NFO,07/01/2020,09:21:23,8,7.95,750,8,1500,2100,2461875
NIFTY09JAN2012300CE.NFO,07/01/2020,09:21:24,7.95,7.9,3450,8,1950,3225,2461875
NIFTY09JAN2012300CE.NFO,07/01/2020,09:21:25,7.95,7.9,1200,7.95,5025,1350,2461875
NIFTY09JAN2012300CE.NFO,07/01/2020,09:21:26,7.9,7.9,375,7.95,5475,1425,2461875
NIFTY09JAN2012300CE.NFO,07/01/2020,09:21:27,7.9,7.85,6600,7.95,4875,2400,2461875
NIFTY09JAN2012300CE.NFO,07/01/2020,09:21:28,7.95,7.9,1875,7.95,75,5400,2461875
NIFTY09JAN2012300CE.NFO,07/01/2020,09:21:29,8,7.95,825,8,825,3150,2461875
NIFTY09JAN2012300CE.NFO,07/01/2020,09:21:30,7.9,7.85,4725,7.9,75,3375,2461875
NIFTY09JAN2012300CE.NFO,07/01/2020,09:21:31,7.85,7.85,4500,7.9,750,1125,2461875
NIFTY09JAN2012300CE.NFO,07/01/2020,09:21:32,7.9,7.85,3450,7.9,2175,225,2461875
NIFTY09JAN2012300CE.NFO,07/01/2020,09:21:33,7.75,7.75,525,7.8,1725,9450,2461875
NIFTY09JAN2012300CE.NFO,07/01/2020,09:21:34,7.75,7.75,3675,7.85,1500,3375,2461875
NIFTY09JAN2012300CE.NFO,07/01/2020,09:21:35,7.85,7.8,1200,7.9,3675,75,2461875
NIFTY09JAN2012300CE.NFO,07/01/2020,09:21:36,7.8,7.8,675,7.85,1125,450,2461875
NIFTY09JAN2012300CE.NFO,07/01/2020,09:21:37,7.85,7.8,1125,7.85,3150,675,2461875
NIFTY09JAN2012300CE.NFO,07/01/2020,09:21:38,7.8,7.75,2700,7.8,75,1650,2461875
NIFTY09JAN2012300CE.NFO,07/01/2020,09:21:39,7.8,7.75,1875,7.8,2250,3075,2461875
NIFTY09JAN2012300CE.NFO,07/01/2020,09:21:40,7.75,7.8,1050,7.9,3450,9225,2461875
NIFTY09JAN2012300CE.NFO,07/01/2020,09:21:41,7.85,7.85,300,7.9,2175,5175,2461875
NIFTY09JAN2012300CE.NFO,07/01/2020,09:21:42,7.95,7.85,3000,7.95,2100,7650,2461875
NIFTY09JAN2012300CE.NFO,07/01/2020,09:21:43,8,8,675,8.05,2250,2325,2461875
NIFTY09JAN2012300CE.NFO,07/01/2020,09:21:44,8,7.95,75,8,2250,7725,2461875
NIFTY09JAN2012300CE.NFO,07/01/2020,09:21:45,7.9,7.95,750,8,375,3900,2461875
NIFTY09JAN2012300CE.NFO,07/01/2020,09:21:46,8.05,8,2100,8.05,1200,300,2461875
NIFTY09JAN2012300CE.NFO,07/01/2020,09:21:47,8.05,7.95,2100,8.05,750,4275,2461875
NIFTY09JAN2012300CE.NFO,07/01/2020,09:21:48,8.1,7.95,4275,8.1,6150,825,2461875
NIFTY09JAN2012300CE.NFO,07/01/2020,09:21:49,7.95,7.95,525,8,2625,150,2461875
NIFTY09JAN2012300CE.NFO,07/01/2020,09:21:50,8,7.95,75,8,2025,150,2461875
NIFTY09JAN2012300CE.NFO,07/01/2020,09:21:51,8.1,8.05,825,8.1,4275,2325,2461875
NIFTY09JAN2012300CE.NFO,07/01/2020,09:21:52,8.1,7.95,3525,8.05,1575,75,2461875
NIFTY09JAN2012300CE.NFO,07/01/2020,09:21:53,7.95,8,750,8.05,1950,525,2461875
NIFTY09JAN2012300CE.NFO,07/01/2020,09:21:54,7.95,7.95,1275,8,1050,600,2461875
NIFTY09JAN2012300CE.NFO,07/01/2020,09:21:55,7.95,7.95,825,8,825,150,2461875
NIFTY09JAN2012300CE.NFO,07/01/2020,09:21:56,7.95,7.95,975,8,1500,825,2461875
NIFTY09JAN2012300CE.NFO,07/01/2020,09:21:57,8,7.95,3450,8.05,2550,5325,2461875
NIFTY09JAN2012300CE.NFO,07/01/2020,09:21:58,8,8,825,8.05,225,1275,2461875
NIFTY09JAN2012300CE.NFO,07/01/2020,09:21:59,8.1,8,1800,8.1,6600,150,2461875
NIFTY09JAN2012300CE.NFO,07/01/2020,09:22:00,8.05,8,2325,8.1,5625,300,2461875
NIFTY09JAN2012300CE.NFO,07/01/2020,09:22:01,8.05,8.05,750,8.1,75,6600,2461875
NIFTY09JAN2012300CE.NFO,07/01/2020,09:22:02,8.1,8,1350,8.05,750,1050,2461875
NIFTY09JAN2012300CE.NFO,07/01/2020,09:22:03,8.05,8.05,150,8.1,375,750,2461875
NIFTY09JAN2012300CE.NFO,07/01/2020,09:22:04,8.25,8.2,1050,8.3,1575,8850,2461875
NIFTY09JAN2012300CE.NFO,07/01/2020,09:22:05,8.35,8.3,225,8.35,1500,9600,2461875
NIFTY09JAN2012300CE.NFO,07/01/2020,09:22:06,8.35,8.35,1125,8.4,150,1500,2461875
NIFTY09JAN2012300CE.NFO,07/01/2020,09:22:07,8.35,8.4,225,8.45,2400,450,2461875
NIFTY09JAN2012300CE.NFO,07/01/2020,09:22:08,8.45,8.35,2700,8.45,1500,1500,2461875
NIFTY09JAN2012300CE.NFO,07/01/2020,09:22:09,8.4,8.35,825,8.4,150,3750,2461875
NIFTY09JAN2012300CE.NFO,07/01/2020,09:22:10,8.25,8.25,1350,8.35,3000,1350,2461875
NIFTY09JAN2012300CE.NFO,07/01/2020,09:22:11,8.25,8.25,1650,8.3,1125,2700,2461875
NIFTY09JAN2012300CE.NFO,07/01/2020,09:22:12,8.3,8.25,1800,8.35,3375,3225,2461875
NIFTY09JAN2012300CE.NFO,07/01/2020,09:22:13,7.9,7.85,600,7.9,75,66975,2461875
NIFTY09JAN2012300CE.NFO,07/01/2020,09:22:14,8,7.9,2100,8,85200,21975,2461875
NIFTY09JAN2012300CE.NFO,07/01/2020,09:22:15,8,7.9,2250,8,82425,3525,2461875
NIFTY09JAN2012300CE.NFO,07/01/2020,09:22:16,8,7.95,2100,8,75825,7050,2461875
NIFTY09JAN2012300CE.NFO,07/01/2020,09:22:17,8,7.95,3450,8,57000,18525,2461875
NIFTY09JAN2012300CE.NFO,07/01/2020,09:22:18,8,7.95,2700,8,45225,11850,2461875
NIFTY09JAN2012300CE.NFO,07/01/2020,09:22:19,8,7.9,1050,8,36450,12225,2461875
NIFTY09JAN2012300CE.NFO,07/01/2020,09:22:20,7.95,7.9,1275,7.95,1650,8775,2461875
NIFTY09JAN2012300CE.NFO,07/01/2020,09:22:21,8,7.95,300,8,34200,3000,2461875
NIFTY09JAN2012300CE.NFO,07/01/2020,09:22:22,8,7.95,1125,8,32775,600,2461875
NIFTY09JAN2012300CE.NFO,07/01/2020,09:22:23,8,7.95,900,8,31425,1575,2461875
NIFTY09JAN2012300CE.NFO,07/01/2020,09:22:24,8,7.95,2700,8,450,31575,2461875
NIFTY09JAN2012300CE.NFO,07/01/2020,09:22:25,8.1,8.05,6300,8.1,900,2925,2461875
NIFTY09JAN2012300CE.NFO,07/01/2020,09:22:26,8.1,8.1,1950,8.15,450,4800,2461875
NIFTY09JAN2012300CE.NFO,07/01/2020,09:22:27,8.15,8.1,1950,8.2,3525,3300,2461875
NIFTY09JAN2012300CE.NFO,07/01/2020,09:22:28,8.05,8.05,4425,8.1,1500,1875,2461875
NIFTY09JAN2012300CE.NFO,07/01/2020,09:22:29,8.1,8.1,675,8.15,2250,6675,2461875
NIFTY09JAN2012300CE.NFO,07/01/2020,09:22:30,8.1,8.05,4875,8.15,2325,750,2461875
NIFTY09JAN2012300CE.NFO,07/01/2020,09:22:31,8.1,8.05,5175,8.1,825,3900,2461875
NIFTY09JAN2012300CE.NFO,07/01/2020,09:22:32,8.1,8.05,1575,8.1,450,8475,2461875
NIFTY09JAN2012300CE.NFO,07/01/2020,09:22:33,8.05,8.05,1950,8.1,75,1200,2461875
NIFTY09JAN2012300CE.NFO,07/01/2020,09:22:34,8.1,8.1,1050,8.15,1875,375,2461875
NIFTY09JAN2012300CE.NFO,07/01/2020,09:22:35,8.1,8.1,975,8.15,1875,0,2461875
NIFTY09JAN2012300CE.NFO,07/01/2020,09:22:36,8.1,8.05,1125,8.1,75,5625,2461875
NIFTY09JAN2012300CE.NFO,07/01/2020,09:22:37,8.15,8.1,2175,8.15,300,1800,2461875
NIFTY09JAN2012300CE.NFO,07/01/2020,09:22:38,8.15,8.15,975,8.2,375,6225,2461875
NIFTY09JAN2012300CE.NFO,07/01/2020,09:22:39,8.2,8.2,150,8.25,2100,4500,2461875
NIFTY09JAN2012300CE.NFO,07/01/2020,09:22:40,8.2,8.15,450,8.2,1875,1350,2461875
NIFTY09JAN2012300CE.NFO,07/01/2020,09:22:41,8.15,8.15,450,8.2,750,675,2461875
NIFTY09JAN2012300CE.NFO,07/01/2020,09:22:42,8.15,8.1,2025,8.15,150,3975,2461875
NIFTY09JAN2012300CE.NFO,07/01/2020,09:22:43,8.2,8.1,2550,8.2,2775,1875,2461875
NIFTY09JAN2012300CE.NFO,07/01/2020,09:22:44,8.15,8.1,1725,8.15,1350,900,2461875
NIFTY09JAN2012300CE.NFO,07/01/2020,09:22:45,8.1,8.1,1500,8.15,1650,900,2461875
NIFTY09JAN2012300CE.NFO,07/01/2020,09:22:46,8.1,8.1,75,8.15,525,1350,2461875
NIFTY09JAN2012300CE.NFO,07/01/2020,09:22:47,8.1,8.05,450,8.1,1500,2625,2461875
NIFTY09JAN2012300CE.NFO,07/01/2020,09:22:48,8.05,8,12900,8.1,2250,3525,2461875
NIFTY09JAN2012300CE.NFO,07/01/2020,09:22:49,8.15,8.05,3375,8.15,3900,5400,2461875
NIFTY09JAN2012300CE.NFO,07/01/2020,09:22:50,8.15,8.05,1800,8.15,2850,975,2461875
NIFTY09JAN2012300CE.NFO,07/01/2020,09:22:51,8.15,8.1,1125,8.15,300,1800,2461875
NIFTY09JAN2012300CE.NFO,07/01/2020,09:22:52,8.2,8.1,2775,8.2,2625,750,2461875
NIFTY09JAN2012300CE.NFO,07/01/2020,09:22:53,8.15,8.15,1050,8.2,1575,1275,2461875
NIFTY09JAN2012300CE.NFO,07/01/2020,09:22:54,8.2,8.15,3525,8.25,2550,1275,2461875
NIFTY09JAN2012300CE.NFO,07/01/2020,09:22:55,8.25,8.2,3000,8.3,5775,3525,2461875
NIFTY09JAN2012300CE.NFO,07/01/2020,09:22:56,8.2,8.15,3150,8.2,1350,7125,2461875
NIFTY09JAN2012300CE.NFO,07/01/2020,09:22:57,8.25,8.2,3375,8.3,2925,3300,2461875
NIFTY09JAN2012300CE.NFO,07/01/2020,09:22:58,8.25,8.2,1275,8.25,1050,3750,2461875
NIFTY09JAN2012300CE.NFO,07/01/2020,09:22:59,8.2,8.15,2025,8.2,825,375,2461875
NIFTY09JAN2012300CE.NFO,07/01/2020,09:23:00,8.1,8.1,2325,8.15,1650,5625,2461875
NIFTY09JAN2012300CE.NFO,07/01/2020,09:23:01,8.15,8.15,975,8.2,75,2250,2461875
NIFTY09JAN2012300CE.NFO,07/01/2020,09:23:02,8.15,8.05,3300,8.15,1725,3150,2461875
NIFTY09JAN2012300CE.NFO,07/01/2020,09:23:03,8.15,8.15,1350,8.2,2175,1875,2461875
NIFTY09JAN2012300CE.NFO,07/01/2020,09:23:04,8.15,8.1,2175,8.2,1650,1950,2461875
NIFTY09JAN2012300CE.NFO,07/01/2020,09:23:05,8.2,8.15,4500,8.2,3150,675,2461875
NIFTY09JAN2012300CE.NFO,07/01/2020,09:23:06,8.25,8.2,75,8.25,1200,675,2461875
NIFTY09JAN2012300CE.NFO,07/01/2020,09:23:07,8.25,8.25,2625,8.3,5325,3825,2461875
NIFTY09JAN2012300CE.NFO,07/01/2020,09:23:08,8.2,8.2,1425,8.25,225,2925,2461875
NIFTY09JAN2012300CE.NFO,07/01/2020,09:23:09,8.15,8.15,4575,8.25,3150,750,2461875
NIFTY09JAN2012300CE.NFO,07/01/2020,09:23:10,8.15,8.15,4050,8.2,1500,225,2450850
NIFTY09JAN2012300CE.NFO,07/01/2020,09:23:11,8.2,8.1,1350,8.2,4050,3525,2450850
NIFTY09JAN2012300CE.NFO,07/01/2020,09:23:12,8.15,8.1,1725,8.2,2850,225,2450850
NIFTY09JAN2012300CE.NFO,07/01/2020,09:23:13,8.1,8.1,600,8.15,825,525,2450850
NIFTY09JAN2012300CE.NFO,07/01/2020,09:23:14,8.1,8.05,2325,8.1,150,1650,2450850
NIFTY09JAN2012300CE.NFO,07/01/2020,09:23:15,8.1,8.05,225,8.1,2925,3225,2450850
NIFTY09JAN2012300CE.NFO,07/01/2020,09:23:16,8,8,19875,8.1,2025,5175,2450850
NIFTY09JAN2012300CE.NFO,07/01/2020,09:23:17,8.05,8,9525,8.1,1875,13575,2450850
NIFTY09JAN2012300CE.NFO,07/01/2020,09:23:18,8,8,8475,8.1,975,1875,2450850
NIFTY09JAN2012300CE.NFO,07/01/2020,09:23:19,8.1,8.05,1950,8.15,1500,1875,2450850
NIFTY09JAN2012300CE.NFO,07/01/2020,09:23:20,8.15,8.15,300,8.2,975,2025,2450850
NIFTY09JAN2012300CE.NFO,07/01/2020,09:23:21,8.15,8.15,675,8.2,750,975,2450850
NIFTY09JAN2012300CE.NFO,07/01/2020,09:23:22,8.2,8.15,1950,8.2,300,2250,2450850
NIFTY09JAN2012300CE.NFO,07/01/2020,09:23:23,8.2,8.15,675,8.2,450,1725,2450850
NIFTY09JAN2012300CE.NFO,07/01/2020,09:23:24,8.25,8.2,600,8.25,225,3900,2450850
NIFTY09JAN2012300CE.NFO,07/01/2020,09:23:25,8.2,8.15,825,8.2,375,825,2450850
NIFTY09JAN2012300CE.NFO,07/01/2020,09:23:26,8.15,8.15,975,8.2,3450,300,2450850
NIFTY09JAN2012300CE.NFO,07/01/2020,09:23:27,8.1,8.1,750,8.15,225,3450,2450850
NIFTY09JAN2012300CE.NFO,07/01/2020,09:23:28,8.1,8.1,2475,8.2,2175,375,2450850
NIFTY09JAN2012300CE.NFO,07/01/2020,09:23:29,8.2,8.1,2775,8.2,2850,1575,2450850
NIFTY09JAN2012300CE.NFO,07/01/2020,09:23:30,8.2,8.15,1800,8.2,525,3150,2450850
NIFTY09JAN2012300CE.NFO,07/01/2020,09:23:31,8.2,8.15,1425,8.2,3075,4725,2450850
NIFTY09JAN2012300CE.NFO,07/01/2020,09:23:32,8.25,8.15,2250,8.25,6600,3075,2450850
NIFTY09JAN2012300CE.NFO,07/01/2020,09:23:33,8.2,8.15,525,8.2,1500,6450,2450850
NIFTY09JAN2012300CE.NFO,07/01/2020,09:23:34,8.15,8.15,1275,8.2,825,75,2450850
NIFTY09JAN2012300CE.NFO,07/01/2020,09:23:35,8.2,8.15,1875,8.2,5175,150,2450850
NIFTY09JAN2012300CE.NFO,07/01/2020,09:23:36,8.2,8.2,3000,8.25,2175,5025,2450850
NIFTY09JAN2012300CE.NFO,07/01/2020,09:23:37,8.2,8.2,225,8.25,2700,150,2450850
NIFTY09JAN2012300CE.NFO,07/01/2020,09:23:38,8.25,8.2,2400,8.25,1950,75,2450850
NIFTY09JAN2012300CE.NFO,07/01/2020,09:23:39,8.15,8.1,4725,8.2,4200,4800,2450850
NIFTY09JAN2012300CE.NFO,07/01/2020,09:23:40,8.15,8.1,4575,8.2,2925,600,2450850
NIFTY09JAN2012300CE.NFO,07/01/2020,09:23:41,8.1,8.1,1500,8.15,1575,1125,2450850
NIFTY09JAN2012300CE.NFO,07/01/2020,09:23:42,8.15,8.1,5700,8.15,600,825,2450850
NIFTY09JAN2012300CE.NFO,07/01/2020,09:23:43,8.1,8.1,225,8.15,2625,5625,2450850
NIFTY09JAN2012300CE.NFO,07/01/2020,09:23:44,8.1,8.1,225,8.15,2400,0,2450850
NIFTY09JAN2012300CE.NFO,07/01/2020,09:23:45,8.05,8.05,4125,8.1,2025,2625,2450850
NIFTY09JAN2012300CE.NFO,07/01/2020,09:23:46,8.05,8.05,4125,8.15,6000,2325,2450850
NIFTY09JAN2012300CE.NFO,07/01/2020,09:23:47,8.1,8.1,3975,8.15,975,1350,2450850
NIFTY09JAN2012300CE.NFO,07/01/2020,09:23:48,8.15,8.1,4800,8.2,2925,4875,2450850
NIFTY09JAN2012300CE.NFO,07/01/2020,09:23:49,8.15,8.1,4275,8.2,4050,150,2450850
NIFTY09JAN2012300CE.NFO,07/01/2020,09:23:50,8.15,8.15,2250,8.2,2175,750,2450850
NIFTY09JAN2012300CE.NFO,07/01/2020,09:23:51,8.2,8.15,4500,8.25,5850,2325,2450850
NIFTY09JAN2012300CE.NFO,07/01/2020,09:23:52,8.25,8.2,4200,8.3,5175,3750,2450850
NIFTY09JAN2012300CE.NFO,07/01/2020,09:23:53,8.3,8.25,825,8.3,3675,825,2450850
NIFTY09JAN2012300CE.NFO,07/01/2020,09:23:54,8.3,8.25,3600,8.35,2550,9450,2450850
NIFTY09JAN2012300CE.NFO,07/01/2020,09:23:55,8.35,8.3,2325,8.35,675,1875,2450850
NIFTY09JAN2012300CE.NFO,07/01/2020,09:23:56,8.35,8.35,75,8.4,16800,1200,2450850
NIFTY09JAN2012300CE.NFO,07/01/2020,09:23:57,8.4,8.35,2100,8.4,14475,1500,2450850
NIFTY09JAN2012300CE.NFO,07/01/2020,09:23:58,8.4,8.4,450,8.45,1275,15225,2450850
NIFTY09JAN2012300CE.NFO,07/01/2020,09:23:59,8.35,8.35,3450,8.45,3675,1500,2450850
NIFTY09JAN2012300CE.NFO,07/01/2020,09:24:00,8.4,8.35,3000,8.45,4200,1125,2450850
NIFTY09JAN2012300CE.NFO,07/01/2020,09:24:01,8.4,8.35,4050,8.45,5325,750,2450850
NIFTY09JAN2012300CE.NFO,07/01/2020,09:24:02,8.45,8.4,1650,8.45,825,825,2450850
NIFTY09JAN2012300CE.NFO,07/01/2020,09:24:03,8.4,8.4,3075,8.45,150,2775,2450850
NIFTY09JAN2012300CE.NFO,07/01/2020,09:24:04,8.35,8.3,2550,8.4,3450,2025,2450850
NIFTY09JAN2012300CE.NFO,07/01/2020,09:24:05,8.3,8.25,2250,8.3,375,4125,2450850
NIFTY09JAN2012300CE.NFO,07/01/2020,09:24:06,8.3,8.3,2475,8.4,2550,375,2450850
NIFTY09JAN2012300CE.NFO,07/01/2020,09:24:07,8.3,8.3,1575,8.35,525,750,2450850
NIFTY09JAN2012300CE.NFO,07/01/2020,09:24:08,8.4,8.3,1950,8.4,6300,3000,2450850
NIFTY09JAN2012300CE.NFO,07/01/2020,09:24:09,8.25,8.25,1200,8.3,975,1725,2450850
NIFTY09JAN2012300CE.NFO,07/01/2020,09:24:10,8.3,8.2,2175,8.25,375,1050,2450850
NIFTY09JAN2012300CE.NFO,07/01/2020,09:24:11,8.2,8.2,450,8.25,2100,1950,2450850
NIFTY09JAN2012300CE.NFO,07/01/2020,09:24:12,8.2,8.15,2325,8.2,4350,2100,2450850
NIFTY09JAN2012300CE.NFO,07/01/2020,09:24:13,8.2,8.15,1575,8.2,4725,0,2450850
NIFTY09JAN2012300CE.NFO,07/01/2020,09:24:14,8.25,8.2,2400,8.25,600,5625,2450850
NIFTY09JAN2012300CE.NFO,07/01/2020,09:24:15,8.15,8.15,1425,8.2,1050,600,2450850
NIFTY09JAN2012300CE.NFO,07/01/2020,09:24:16,8.15,8.15,2175,8.2,375,1500,2450850
NIFTY09JAN2012300CE.NFO,07/01/2020,09:24:17,8.1,8.1,3000,8.15,1875,2325,2450850
NIFTY09JAN2012300CE.NFO,07/01/2020,09:24:18,8.1,8.1,5100,8.2,4275,0,2450850
NIFTY09JAN2012300CE.NFO,07/01/2020,09:24:19,8.15,8.1,3450,8.15,2025,1500,2450850
NIFTY09JAN2012300CE.NFO,07/01/2020,09:24:20,8.15,8.05,3375,8.15,2550,5925,2450850
NIFTY09JAN2012300CE.NFO,07/01/2020,09:24:21,8.1,8.05,2550,8.1,1050,2025,2450850
NIFTY09JAN2012300CE.NFO,07/01/2020,09:24:22,8.15,8.1,825,8.15,4950,1575,2450850
NIFTY09JAN2012300CE.NFO,07/01/2020,09:24:23,8.1,8.1,750,8.15,4875,75,2450850
NIFTY09JAN2012300CE.NFO,07/01/2020,09:24:24,8.15,8.1,1275,8.15,4500,5250,2450850
NIFTY09JAN2012300CE.NFO,07/01/2020,09:24:25,8.1,8.05,8250,8.15,8025,3300,2450850
NIFTY09JAN2012300CE.NFO,07/01/2020,09:24:26,8.05,8.1,75,8.15,7425,1425,2450850
NIFTY09JAN2012300CE.NFO,07/01/2020,09:24:27,8.1,8.05,6825,8.1,1650,3750,2450850
NIFTY09JAN2012300CE.NFO,07/01/2020,09:24:28,8.1,8.1,2625,8.15,8625,1875,2450850
NIFTY09JAN2012300CE.NFO,07/01/2020,09:24:29,8.1,8.05,450,8.1,1800,8025,2450850
NIFTY09JAN2012300CE.NFO,07/01/2020,09:24:30,8.1,8,26850,8.05,1950,4800,2450850
NIFTY09JAN2012300CE.NFO,07/01/2020,09:24:31,8,8,19050,8.05,975,8325,2450850
NIFTY09JAN2012300CE.NFO,07/01/2020,09:24:32,8,8,16725,8.05,975,2100,2450850
NIFTY09JAN2012300CE.NFO,07/01/2020,09:24:33,8,8,16725,8.05,825,0,2450850
NIFTY09JAN2012300CE.NFO,07/01/2020,09:24:34,8,7.95,2400,8,450,16650,2450850
NIFTY09JAN2012300CE.NFO,07/01/2020,09:24:35,8,8,600,8.05,2550,9000,2450850
NIFTY09JAN2012300CE.NFO,07/01/2020,09:24:36,7.95,7.95,2475,8.05,2625,1050,2450850
NIFTY09JAN2012300CE.NFO,07/01/2020,09:24:37,8,8,375,8.05,3675,600,2450850
NIFTY09JAN2012300CE.NFO,07/01/2020,09:24:38,8,8,375,8.05,1875,0,2450850
NIFTY09JAN2012300CE.NFO,07/01/2020,09:24:39,8,8,2625,8.05,2400,3600,2450850
NIFTY09JAN2012300CE.NFO,07/01/2020,09:24:40,8,7.95,2625,8,225,1050,2450850
NIFTY09JAN2012300CE.NFO,07/01/2020,09:24:41,8,8,975,8.05,1050,1350,2450850
NIFTY09JAN2012300CE.NFO,07/01/2020,09:24:42,8,8,150,8.05,2100,5550,2450850
NIFTY09JAN2012300CE.NFO,07/01/2020,09:24:43,8,8,75,8.05,2100,0,2450850
NIFTY09JAN2012300CE.NFO,07/01/2020,09:24:44,8,8,150,8.05,3525,1200,2450850
NIFTY09JAN2012300CE.NFO,07/01/2020,09:24:45,8,7.95,900,8.05,5550,2175,2450850
NIFTY09JAN2012300CE.NFO,07/01/2020,09:24:46,8,8,75,8.05,1575,675,2450850
NIFTY09JAN2012300CE.NFO,07/01/2020,09:24:47,8.05,8,2175,8.1,8925,300,2450850
NIFTY09JAN2012300CE.NFO,07/01/2020,09:24:48,8.05,8,2325,8.1,8325,0,2450850
NIFTY09JAN2012300CE.NFO,07/01/2020,09:24:49,8,8,450,8.05,600,675,2450850
NIFTY09JAN2012300CE.NFO,07/01/2020,09:24:50,8,8.05,2550,8.1,5025,450,2450850
NIFTY09JAN2012300CE.NFO,07/01/2020,09:24:51,8.05,8.05,2475,8.1,5175,525,2450850
NIFTY09JAN2012300CE.NFO,07/01/2020,09:24:52,8.05,8,4875,8.05,75,5775,2450850
NIFTY09JAN2012300CE.NFO,07/01/2020,09:24:53,8.1,8,5100,8.1,10650,300,2450850
NIFTY09JAN2012300CE.NFO,07/01/2020,09:24:54,8,8,750,8.05,375,6525,2450850
NIFTY09JAN2012300CE.NFO,07/01/2020,09:24:55,8.05,7.95,4800,8.05,1725,3000,2450850
NIFTY09JAN2012300CE.NFO,07/01/2020,09:24:56,8,7.95,3075,8,900,1200,2450850
NIFTY09JAN2012300CE.NFO,07/01/2020,09:24:57,8,8,3075,8.05,300,1050,2450850
NIFTY09JAN2012300CE.NFO,07/01/2020,09:24:58,8.05,8,2925,8.05,600,900,2450850
NIFTY09JAN2012300CE.NFO,07/01/2020,09:24:59,7.95,7.95,1950,8,225,3975,2450850
NIFTY09JAN2012300CE.NFO,07/01/2020,09:25:00,8,8,525,8.05,825,525,2450850
NIFTY09JAN2012300CE.NFO,07/01/2020,09:25:01,8.05,8,7650,8.1,8100,750,2450850
NIFTY09JAN2012300CE.NFO,07/01/2020,09:25:02,8.1,8.05,2850,8.1,5175,225,2450850
NIFTY09JAN2012300CE.NFO,07/01/2020,09:25:03,8.1,8.05,4125,8.15,5250,6150,2450850
NIFTY09JAN2012300CE.NFO,07/01/2020,09:25:04,8.1,8.05,1050,8.1,150,900,2450850
NIFTY09JAN2012300CE.NFO,07/01/2020,09:25:05,8.1,8.1,1800,8.15,4800,2475,2450850
NIFTY09JAN2012300CE.NFO,07/01/2020,09:25:06,8.1,8.05,3900,8.15,5175,975,2450850
NIFTY09JAN2012300CE.NFO,07/01/2020,09:25:07,8.1,8.05,1350,8.1,900,3375,2450850
NIFTY09JAN2012300CE.NFO,07/01/2020,09:25:08,8.1,8.05,1800,8.1,300,0,2450850
NIFTY09JAN2012300CE.NFO,07/01/2020,09:25:09,8.05,8,2325,8.05,525,1050,2450850
NIFTY09JAN2012300CE.NFO,07/01/2020,09:25:10,8.05,8,4500,8.05,225,675,2450850
NIFTY09JAN2012300CE.NFO,07/01/2020,09:25:11,8,8,6150,8.05,1575,225,2450850
NIFTY09JAN2012300CE.NFO,07/01/2020,09:25:12,8.05,8.05,1200,8.1,24525,1050,2450850
NIFTY09JAN2012300CE.NFO,07/01/2020,09:25:13,8,8,5250,8.05,1125,1950,2450850
NIFTY09JAN2012300CE.NFO,07/01/2020,09:25:14,8,8,4725,8.05,2550,900,2450850
NIFTY09JAN2012300CE.NFO,07/01/2020,09:25:15,8.05,8,4050,8.05,2025,1275,2450850
NIFTY09JAN2012300CE.NFO,07/01/2020,09:25:16,8,8,6300,8.05,675,600,2450850
NIFTY09JAN2012300CE.NFO,07/01/2020,09:25:17,8,8,5475,8.05,1050,1725,2450850
NIFTY09JAN2012300CE.NFO,07/01/2020,09:25:18,8,8,5625,8.05,375,150,2450850
NIFTY09JAN2012300CE.NFO,07/01/2020,09:25:19,8.05,8,7500,8.05,150,1200,2450850
NIFTY09JAN2012300CE.NFO,07/01/2020,09:25:20,8.05,8,8025,8.1,28650,1050,2450850
NIFTY09JAN2012300CE.NFO,07/01/2020,09:25:21,8.05,8.05,375,8.1,23175,2325,2450850
NIFTY09JAN2012300CE.NFO,07/01/2020,09:25:22,8.1,8.05,2175,8.1,21000,3000,2450850
NIFTY09JAN2012300CE.NFO,07/01/2020,09:25:23,8.05,8.05,300,8.1,20550,450,2450850
NIFTY09JAN2012300CE.NFO,07/01/2020,09:25:24,8.05,8.05,600,8.1,20700,375,2450850
NIFTY09JAN2012300CE.NFO,07/01/2020,09:25:25,8.05,8,11025,8.1,20250,1350,2450850
NIFTY09JAN2012300CE.NFO,07/01/2020,09:25:26,8,8,9375,8.05,2850,3000,2450850
NIFTY09JAN2012300CE.NFO,07/01/2020,09:25:27,8.05,8,7725,8.05,600,1050,2450850
NIFTY09JAN2012300CE.NFO,07/01/2020,09:25:28,8,8,4275,8.05,675,3150,2450850
NIFTY09JAN2012300CE.NFO,07/01/2020,09:25:29,8.05,8,4650,8.05,150,900,2450850
NIFTY09JAN2012300CE.NFO,07/01/2020,09:25:30,8.1,8,4950,8.1,21375,375,2450850
NIFTY09JAN2012300CE.NFO,07/01/2020,09:25:31,8,8,225,8.05,825,4875,2450850
NIFTY09JAN2012300CE.NFO,07/01/2020,09:25:32,8,7.95,5325,8.05,8625,4575,2450850
NIFTY09JAN2012300CE.NFO,07/01/2020,09:25:33,8,7.95,4275,8.05,8025,1125,2450850
NIFTY09JAN2012300CE.NFO,07/01/2020,09:25:34,8.05,8,150,8.05,7575,3675,2450850
NIFTY09JAN2012300CE.NFO,07/01/2020,09:25:35,8,7.95,2925,8,75,2175,2450850
NIFTY09JAN2012300CE.NFO,07/01/2020,09:25:36,8.05,7.95,3375,8,1350,1200,2450850
NIFTY09JAN2012300CE.NFO,07/01/2020,09:25:37,8,7.95,1725,8,1650,750,2450850
NIFTY09JAN2012300CE.NFO,07/01/2020,09:25:38,7.95,7.95,75,8,3525,2625,2450850
NIFTY09JAN2012300CE.NFO,07/01/2020,09:25:39,8,7.95,3150,8,1800,1350,2450850
NIFTY09JAN2012300CE.NFO,07/01/2020,09:25:40,8,7.95,1200,8,225,3750,2450850
NIFTY09JAN2012300CE.NFO,07/01/2020,09:25:41,8,7.95,3150,8,225,0,2450850
NIFTY09JAN2012300CE.NFO,07/01/2020,09:25:42,8.05,8,2250,8.05,6825,750,2450850
NIFTY09JAN2012300CE.NFO,07/01/2020,09:25:43,7.95,7.95,4725,8,150,600,2450850
NIFTY09JAN2012300CE.NFO,07/01/2020,09:25:44,8,7.95,4350,8.05,7050,525,2450850
NIFTY09JAN2012300CE.NFO,07/01/2020,09:25:45,8,7.95,675,8,3300,1050,2450850
NIFTY09JAN2012300CE.NFO,07/01/2020,09:25:46,7.95,7.95,3075,8,1425,1050,2450850
NIFTY09JAN2012300CE.NFO,07/01/2020,09:25:47,7.95,7.95,150,8,4200,975,2450850
NIFTY09JAN2012300CE.NFO,07/01/2020,09:25:48,8.05,8,1950,8.05,6750,4650,2450850
NIFTY09JAN2012300CE.NFO,07/01/2020,09:25:49,8.05,8,3975,8.05,225,13725,2450850
NIFTY09JAN2012300CE.NFO,07/01/2020,09:25:50,8.05,8,2025,8.05,1950,5250,2450850
NIFTY09JAN2012300CE.NFO,07/01/2020,09:25:51,7.95,7.95,4875,8.05,3900,450,2450850
NIFTY09JAN2012300CE.NFO,07/01/2020,09:25:52,8.05,8,4500,8.05,3600,4200,2450850
NIFTY09JAN2012300CE.NFO,07/01/2020,09:25:53,8,8,4425,8.05,1875,75,2450850
NIFTY09JAN2012300CE.NFO,07/01/2020,09:25:54,8,7.95,3375,8,75,4275,2450850
NIFTY09JAN2012300CE.NFO,07/01/2020,09:25:55,8.05,8,150,8.05,3600,300,2450850
NIFTY09JAN2012300CE.NFO,07/01/2020,09:25:56,8,7.95,4275,8.05,3000,450,2450850
NIFTY09JAN2012300CE.NFO,07/01/2020,09:25:57,7.95,7.95,2700,8,1200,975,2450850
NIFTY09JAN2012300CE.NFO,07/01/2020,09:25:58,8,7.95,300,8,3150,150,2450850
NIFTY09JAN2012300CE.NFO,07/01/2020,09:25:59,7.95,7.9,3450,7.95,2025,2475,2450850
NIFTY09JAN2012300CE.NFO,07/01/2020,09:26:00,7.95,7.9,3300,7.95,2550,1500,2450850
NIFTY09JAN2012300CE.NFO,07/01/2020,09:26:01,7.9,7.85,3675,7.9,900,5625,2450850
NIFTY09JAN2012300CE.NFO,07/01/2020,09:26:02,7.8,7.8,8475,7.85,2025,5250,2450850
NIFTY09JAN2012300CE.NFO,07/01/2020,09:26:03,7.8,7.8,6300,7.85,5325,1800,2450850
NIFTY09JAN2012300CE.NFO,07/01/2020,09:26:04,7.85,7.8,6900,7.85,2250,1950,2450850
NIFTY09JAN2012300CE.NFO,07/01/2020,09:26:05,7.85,7.8,3900,7.85,1050,2025,2450850
NIFTY09JAN2012300CE.NFO,07/01/2020,09:26:06,7.8,7.8,3150,7.85,375,1200,2450850
NIFTY09JAN2012300CE.NFO,07/01/2020,09:26:07,7.8,7.8,1875,7.85,1950,900,2450850
NIFTY09JAN2012300CE.NFO,07/01/2020,09:26:08,7.8,7.8,75,7.85,3750,2625,2450850
NIFTY09JAN2012300CE.NFO,07/01/2020,09:26:09,7.75,7.8,75,7.85,3000,1725,2450850
NIFTY09JAN2012300CE.NFO,07/01/2020,09:26:10,7.8,7.75,4275,7.8,1050,375,2450850
NIFTY09JAN2012300CE.NFO,07/01/2020,09:26:11,7.8,7.8,2850,7.85,675,2700,2450325
NIFTY09JAN2012300CE.NFO,07/01/2020,09:26:12,7.8,7.8,975,7.85,2025,0,2450325
NIFTY09JAN2012300CE.NFO,07/01/2020,09:26:13,7.8,7.8,75,7.85,2100,1050,2450325
NIFTY09JAN2012300CE.NFO,07/01/2020,09:26:14,7.8,7.75,3000,7.8,525,1425,2450325
NIFTY09JAN2012300CE.NFO,07/01/2020,09:26:15,7.8,7.75,2625,7.8,600,300,2450325
NIFTY09JAN2012300CE.NFO,07/01/2020,09:26:16,7.75,7.7,4275,7.8,6675,1500,2450325
NIFTY09JAN2012300CE.NFO,07/01/2020,09:26:17,7.7,7.7,1425,7.75,300,6975,2450325
NIFTY09JAN2012300CE.NFO,07/01/2020,09:26:18,7.7,7.65,2325,7.7,225,5550,2450325
NIFTY09JAN2012300CE.NFO,07/01/2020,09:26:19,7.7,7.65,2775,7.7,1275,450,2450325
NIFTY09JAN2012300CE.NFO,07/01/2020,09:26:20,7.65,7.65,3900,7.7,75,3300,2450325
NIFTY09JAN2012300CE.NFO,07/01/2020,09:26:21,7.7,7.65,3600,7.75,3675,1875,2450325
NIFTY09JAN2012300CE.NFO,07/01/2020,09:26:22,7.65,7.65,600,7.7,2625,450,2450325
NIFTY09JAN2012300CE.NFO,07/01/2020,09:26:23,7.65,7.6,3300,7.65,150,2400,2450325
NIFTY09JAN2012300CE.NFO,07/01/2020,09:26:24,7.65,7.6,3075,7.65,225,1200,2450325
NIFTY09JAN2012300CE.NFO,07/01/2020,09:26:25,7.65,7.65,150,7.7,1650,2400,2450325
NIFTY09JAN2012300CE.NFO,07/01/2020,09:26:26,7.7,7.65,1500,7.7,1950,900,2450325
NIFTY09JAN2012300CE.NFO,07/01/2020,09:26:27,7.65,7.65,2925,7.7,750,2550,2450325
NIFTY09JAN2012300CE.NFO,07/01/2020,09:26:28,7.7,7.65,3825,7.7,3150,3525,2450325
NIFTY09JAN2012300CE.NFO,07/01/2020,09:26:29,7.7,7.7,1575,7.75,1650,2775,2450325
NIFTY09JAN2012300CE.NFO,07/01/2020,09:26:30,7.75,7.7,375,7.75,2025,1125,2450325
NIFTY09JAN2012300CE.NFO,07/01/2020,09:26:31,7.75,7.7,2325,7.8,10575,2475,2450325
NIFTY09JAN2012300CE.NFO,07/01/2020,09:26:32,7.75,7.75,2775,7.8,2700,9300,2450325
NIFTY09JAN2012300CE.NFO,07/01/2020,09:26:33,7.8,7.75,750,7.8,2850,1050,2450325
NIFTY09JAN2012300CE.NFO,07/01/2020,09:26:34,7.8,7.75,675,7.8,3825,375,2450325
NIFTY09JAN2012300CE.NFO,07/01/2020,09:26:35,7.8,7.75,675,7.8,3000,1800,2450325
NIFTY09JAN2012300CE.NFO,07/01/2020,09:26:36,7.75,7.7,300,7.75,2925,1275,2450325
NIFTY09JAN2012300CE.NFO,07/01/2020,09:26:37,7.65,7.6,3300,7.7,5100,3825,2450325
NIFTY09JAN2012300CE.NFO,07/01/2020,09:26:38,7.6,7.6,1725,7.65,2025,225,2450325
NIFTY09JAN2012300CE.NFO,07/01/2020,09:26:39,7.6,7.6,2475,7.65,75,1650,2450325
NIFTY09JAN2012300CE.NFO,07/01/2020,09:26:40,7.6,7.55,2325,7.6,1725,2250,2450325
NIFTY09JAN2012300CE.NFO,07/01/2020,09:26:41,7.6,7.55,900,7.6,1725,375,2450325
NIFTY09JAN2012300CE.NFO,07/01/2020,09:26:42,7.6,7.55,2850,7.6,5100,450,2450325
NIFTY09JAN2012300CE.NFO,07/01/2020,09:26:43,7.6,7.55,3900,7.6,3600,2400,2450325
NIFTY09JAN2012300CE.NFO,07/01/2020,09:26:44,7.65,7.6,150,7.65,1575,4125,2450325
NIFTY09JAN2012300CE.NFO,07/01/2020,09:26:45,7.65,7.6,3675,7.65,150,525,2450325
NIFTY09JAN2012300CE.NFO,07/01/2020,09:26:46,7.6,7.6,3825,7.65,675,150,2450325
NIFTY09JAN2012300CE.NFO,07/01/2020,09:26:47,7.7,7.65,150,7.7,1950,1800,2450325
NIFTY09JAN2012300CE.NFO,07/01/2020,09:26:48,7.65,7.6,1425,7.65,3525,2625,2450325
NIFTY09JAN2012300CE.NFO,07/01/2020,09:26:49,7.55,7.6,75,7.65,5775,1950,2450325
NIFTY09JAN2012300CE.NFO,07/01/2020,09:26:50,7.6,7.55,3825,7.6,75,1125,2450325
NIFTY09JAN2012300CE.NFO,07/01/2020,09:26:51,7.6,7.55,2325,7.6,3225,0,2450325
NIFTY09JAN2012300CE.NFO,07/01/2020,09:26:52,7.55,7.5,8925,7.55,300,2325,2450325
NIFTY09JAN2012300CE.NFO,07/01/2020,09:26:53,7.5,7.5,7200,7.55,300,1950,2450325
NIFTY09JAN2012300CE.NFO,07/01/2020,09:26:54,7.6,7.55,1800,7.6,2100,675,2450325
NIFTY09JAN2012300CE.NFO,07/01/2020,09:26:55,7.5,7.55,1125,7.6,4200,4200,2450325
NIFTY09JAN2012300CE.NFO,07/01/2020,09:26:56,7.6,7.55,1650,7.6,4800,900,2450325
NIFTY09JAN2012300CE.NFO,07/01/2020,09:26:57,7.55,7.5,5325,7.55,825,3600,2450325
NIFTY09JAN2012300CE.NFO,07/01/2020,09:26:58,7.5,7.5,2775,7.55,2625,3525,2450325
NIFTY09JAN2012300CE.NFO,07/01/2020,09:26:59,7.55,7.5,2775,7.55,150,2850,2450325
NIFTY09JAN2012300CE.NFO,07/01/2020,09:27:00,7.55,7.5,2625,7.55,825,3825,2450325
NIFTY09JAN2012300CE.NFO,07/01/2020,09:27:01,7.55,7.5,225,7.55,2850,4125,2450325
NIFTY09JAN2012300CE.NFO,07/01/2020,09:27:02,7.55,7.55,900,7.6,10125,450,2450325
NIFTY09JAN2012300CE.NFO,07/01/2020,09:27:03,7.55,7.55,975,7.6,11100,1500,2450325
NIFTY09JAN2012300CE.NFO,07/01/2020,09:27:04,7.55,7.55,75,7.6,11100,0,2450325
NIFTY09JAN2012300CE.NFO,07/01/2020,09:27:05,7.5,7.5,1950,7.55,1350,525,2450325
NIFTY09JAN2012300CE.NFO,07/01/2020,09:27:06,7.55,7.5,4125,7.6,8550,900,2450325
NIFTY09JAN2012300CE.NFO,07/01/2020,09:27:07,7.5,7.5,600,7.55,150,4200,2450325
NIFTY09JAN2012300CE.NFO,07/01/2020,09:27:08,7.55,7.55,600,7.6,12600,1200,2450325
NIFTY09JAN2012300CE.NFO,07/01/2020,09:27:09,7.55,7.55,600,7.6,12900,0,2450325
NIFTY09JAN2012300CE.NFO,07/01/2020,09:27:10,7.55,7.5,3300,7.55,75,2625,2450325
NIFTY09JAN2012300CE.NFO,07/01/2020,09:27:11,7.55,7.5,1875,7.55,2325,0,2450325
NIFTY09JAN2012300CE.NFO,07/01/2020,09:27:12,7.5,7.5,150,7.55,4125,4350,2450325
NIFTY09JAN2012300CE.NFO,07/01/2020,09:27:13,7.5,7.5,1125,7.55,2475,2250,2450325
NIFTY09JAN2012300CE.NFO,07/01/2020,09:27:14,7.5,7.5,1350,7.55,3000,750,2450325
NIFTY09JAN2012300CE.NFO,07/01/2020,09:27:15,7.55,7.5,975,7.55,1500,3075,2450325
NIFTY09JAN2012300CE.NFO,07/01/2020,09:27:16,7.55,7.5,5775,7.55,1050,0,2450325
NIFTY09JAN2012300CE.NFO,07/01/2020,09:27:17,7.5,7.5,3150,7.55,2550,2475,2450325
NIFTY09JAN2012300CE.NFO,07/01/2020,09:27:18,7.5,7.5,3150,7.55,2625,300,2450325
NIFTY09JAN2012300CE.NFO,07/01/2020,09:27:19,7.5,7.45,750,7.5,1725,3900,2450325
NIFTY09JAN2012300CE.NFO,07/01/2020,09:27:20,7.5,7.45,3675,7.5,150,2625,2450325
NIFTY09JAN2012300CE.NFO,07/01/2020,09:27:21,7.5,7.45,3675,7.5,150,0,2450325
NIFTY09JAN2012300CE.NFO,07/01/2020,09:27:22,7.5,7.45,3600,7.5,675,1125,2450325
NIFTY09JAN2012300CE.NFO,07/01/2020,09:27:23,7.5,7.5,300,7.55,2025,2775,2450325
NIFTY09JAN2012300CE.NFO,07/01/2020,09:27:24,7.55,7.5,150,7.55,5250,225,2450325
NIFTY09JAN2012300CE.NFO,07/01/2020,09:27:25,7.5,7.45,3750,7.5,450,3150,2450325
NIFTY09JAN2012300CE.NFO,07/01/2020,09:27:26,7.5,7.45,3750,7.5,975,4950,2450325
NIFTY09JAN2012300CE.NFO,07/01/2020,09:27:27,7.5,7.4,4575,7.5,3900,3150,2450325
NIFTY09JAN2012300CE.NFO,07/01/2020,09:27:28,7.45,7.35,6225,7.4,225,5475,2450325
NIFTY09JAN2012300CE.NFO,07/01/2020,09:27:29,7.45,7.35,5925,7.4,225,0,2450325
NIFTY09JAN2012300CE.NFO,07/01/2020,09:27:30,7.35,7.35,4050,7.4,300,1425,2450325
NIFTY09JAN2012300CE.NFO,07/01/2020,09:27:31,7.35,7.35,3150,7.4,2100,0,2450325
NIFTY09JAN2012300CE.NFO,07/01/2020,09:27:32,7.35,7.35,3525,7.4,900,450,2450325
NIFTY09JAN2012300CE.NFO,07/01/2020,09:27:33,7.3,7.3,1050,7.35,1050,2925,2450325
NIFTY09JAN2012300CE.NFO,07/01/2020,09:27:34,7.3,7.25,3675,7.3,75,450,2450325
NIFTY09JAN2012300CE.NFO,07/01/2020,09:27:35,7.35,7.3,5100,7.4,3750,1050,2450325
NIFTY09JAN2012300CE.NFO,07/01/2020,09:27:36,7.35,7.35,75,7.4,3600,1575,2450325
NIFTY09JAN2012300CE.NFO,07/01/2020,09:27:37,7.3,7.3,2475,7.35,450,4800,2450325
NIFTY09JAN2012300CE.NFO,07/01/2020,09:27:38,7.3,7.3,2475,7.35,75,1875,2450325
NIFTY09JAN2012300CE.NFO,07/01/2020,09:27:39,7.3,7.25,1950,7.3,150,3375,2450325
NIFTY09JAN2012300CE.NFO,07/01/2020,09:27:40,7.25,7.25,3750,7.3,75,750,2450325
NIFTY09JAN2012300CE.NFO,07/01/2020,09:27:41,7.25,7.25,450,7.3,3675,0,2450325
NIFTY09JAN2012300CE.NFO,07/01/2020,09:27:42,7.25,7.2,5625,7.25,300,5625,2450325
NIFTY09JAN2012300CE.NFO,07/01/2020,09:27:43,7.2,7.15,2700,7.2,600,1650,2450325
NIFTY09JAN2012300CE.NFO,07/01/2020,09:27:44,7.2,7.15,1875,7.2,2550,1575,2450325
NIFTY09JAN2012300CE.NFO,07/01/2020,09:27:45,7.15,7.1,7500,7.15,1500,1200,2450325
NIFTY09JAN2012300CE.NFO,07/01/2020,09:27:46,7.1,7.1,3750,7.15,2475,5250,2450325
NIFTY09JAN2012300CE.NFO,07/01/2020,09:27:47,7.15,7.1,825,7.15,825,2550,2450325
NIFTY09JAN2012300CE.NFO,07/01/2020,09:27:48,7.1,7.1,1725,7.15,1500,300,2450325
NIFTY09JAN2012300CE.NFO,07/01/2020,09:27:49,7.15,7.15,1200,7.2,3450,1575,2450325
NIFTY09JAN2012300CE.NFO,07/01/2020,09:27:50,7.2,7.15,3675,7.2,1200,825,2450325
NIFTY09JAN2012300CE.NFO,07/01/2020,09:27:51,7.2,7.15,2925,7.2,1050,3150,2450325
NIFTY09JAN2012300CE.NFO,07/01/2020,09:27:52,7.2,7.2,3000,7.25,4275,2025,2450325
NIFTY09JAN2012300CE.NFO,07/01/2020,09:27:53,7.2,7.15,5625,7.2,75,4875,2450325
NIFTY09JAN2012300CE.NFO,07/01/2020,09:27:54,7.25,7.15,6900,7.2,75,2475,2450325
NIFTY09JAN2012300CE.NFO,07/01/2020,09:27:55,7.15,7.15,5175,7.2,150,5925,2450325
NIFTY09JAN2012300CE.NFO,07/01/2020,09:27:56,7.2,7.15,3375,7.2,4575,75,2450325
NIFTY09JAN2012300CE.NFO,07/01/2020,09:27:57,7.1,7.15,300,7.2,1725,8025,2450325
NIFTY09JAN2012300CE.NFO,07/01/2020,09:27:58,7.2,7.1,5250,7.2,3675,150,2450325
NIFTY09JAN2012300CE.NFO,07/01/2020,09:27:59,7.1,7.05,4050,7.1,1500,3225,2450325
NIFTY09JAN2012300CE.NFO,07/01/2020,09:28:00,7.1,7.05,3750,7.1,2175,0,2450325
NIFTY09JAN2012300CE.NFO,07/01/2020,09:28:01,7.05,7,2925,7.1,4050,21525,2450325
NIFTY09JAN2012300CE.NFO,07/01/2020,09:28:02,7.1,7.05,2175,7.15,4050,6375,2450325
NIFTY09JAN2012300CE.NFO,07/01/2020,09:28:03,7.1,7.05,1950,7.1,75,3225,2450325
NIFTY09JAN2012300CE.NFO,07/01/2020,09:28:04,7.1,7.05,525,7.1,2850,1500,2450325
NIFTY09JAN2012300CE.NFO,07/01/2020,09:28:05,7.05,7.05,975,7.1,1575,150,2450325
NIFTY09JAN2012300CE.NFO,07/01/2020,09:28:06,7.05,7,2475,7.05,3300,2175,2450325
NIFTY09JAN2012300CE.NFO,07/01/2020,09:28:07,7,6.95,3225,7,75,3600,2450325
NIFTY09JAN2012300CE.NFO,07/01/2020,09:28:08,7.05,6.95,3450,7.05,4050,375,2450325
NIFTY09JAN2012300CE.NFO,07/01/2020,09:28:09,7,7,375,7.05,3825,2025,2450325
NIFTY09JAN2012300CE.NFO,07/01/2020,09:28:10,7,6.95,375,7,1575,4425,2450325
NIFTY09JAN2012300CE.NFO,07/01/2020,09:28:11,7,6.9,300,7,6000,10575,2450325
NIFTY09JAN2012300CE.NFO,07/01/2020,09:28:12,6.95,6.9,1800,6.95,450,525,2450325
NIFTY09JAN2012300CE.NFO,07/01/2020,09:28:13,6.95,6.95,1425,7,900,975,2450325
NIFTY09JAN2012300CE.NFO,07/01/2020,09:28:14,7,6.95,4125,7,75,1350,2450325
NIFTY09JAN2012300CE.NFO,07/01/2020,09:28:15,6.95,6.9,75,6.95,2025,1950,2450325
NIFTY09JAN2012300CE.NFO,07/01/2020,09:28:16,6.9,6.9,150,6.95,3900,1800,2450325
NIFTY09JAN2012300CE.NFO,07/01/2020,09:28:17,6.9,6.85,1950,6.9,75,150,2450325
NIFTY09JAN2012300CE.NFO,07/01/2020,09:28:18,6.9,6.85,1950,6.9,150,825,2450325
NIFTY09JAN2012300CE.NFO,07/01/2020,09:28:19,6.75,6.75,1800,6.8,750,2625,2450325
NIFTY09JAN2012300CE.NFO,07/01/2020,09:28:20,6.85,6.8,1650,6.85,375,150,2450325
NIFTY09JAN2012300CE.NFO,07/01/2020,09:28:21,6.8,6.8,3375,6.85,150,600,2450325
NIFTY09JAN2012300CE.NFO,07/01/2020,09:28:22,6.8,6.8,2400,6.85,150,300,2450325
NIFTY09JAN2012300CE.NFO,07/01/2020,09:28:23,6.8,6.75,2325,6.8,1050,525,2450325
NIFTY09JAN2012300CE.NFO,07/01/2020,09:28:24,6.8,6.75,2325,6.8,1050,225,2450325
NIFTY09JAN2012300CE.NFO,07/01/2020,09:28:25,6.8,6.75,225,6.8,3075,2175,2450325
NIFTY09JAN2012300CE.NFO,07/01/2020,09:28:26,6.75,6.7,1275,6.75,1950,3675,2450325
NIFTY09JAN2012300CE.NFO,07/01/2020,09:28:27,6.7,6.7,375,6.75,2625,900,2450325
NIFTY09JAN2012300CE.NFO,07/01/2020,09:28:28,6.7,6.65,2175,6.7,1350,675,2450325
NIFTY09JAN2012300CE.NFO,07/01/2020,09:28:29,6.6,6.6,3750,6.7,5100,450,2450325
NIFTY09JAN2012300CE.NFO,07/01/2020,09:28:30,6.65,6.65,975,6.7,4725,1125,2450325
NIFTY09JAN2012300CE.NFO,07/01/2020,09:28:31,6.6,6.6,450,6.65,2025,1125,2450325
NIFTY09JAN2012300CE.NFO,07/01/2020,09:28:32,6.65,6.6,525,6.65,1275,900,2450325
NIFTY09JAN2012300CE.NFO,07/01/2020,09:28:33,6.7,6.7,300,6.75,2250,5325,2450325
NIFTY09JAN2012300CE.NFO,07/01/2020,09:28:34,6.7,6.65,4350,6.75,3450,525,2450325
NIFTY09JAN2012300CE.NFO,07/01/2020,09:28:35,6.7,6.7,375,6.75,2025,975,2450325
NIFTY09JAN2012300CE.NFO,07/01/2020,09:28:36,6.75,6.7,2250,6.75,300,3450,2450325
NIFTY09JAN2012300CE.NFO,07/01/2020,09:28:37,6.75,6.75,375,6.8,3300,3975,2450325
NIFTY09JAN2012300CE.NFO,07/01/2020,09:28:38,6.75,6.75,1050,6.8,2100,3000,2450325
NIFTY09JAN2012300CE.NFO,07/01/2020,09:28:39,6.75,6.75,4050,6.8,225,1050,2450325
NIFTY09JAN2012300CE.NFO,07/01/2020,09:28:40,6.75,6.75,2550,6.8,225,2625,2450325
NIFTY09JAN2012300CE.NFO,07/01/2020,09:28:41,6.8,6.75,1725,6.8,975,2325,2450325
NIFTY09JAN2012300CE.NFO,07/01/2020,09:28:42,6.8,6.75,2775,6.8,1350,2025,2450325
NIFTY09JAN2012300CE.NFO,07/01/2020,09:28:43,6.8,6.75,4200,6.8,375,750,2450325
NIFTY09JAN2012300CE.NFO,07/01/2020,09:28:44,6.8,6.75,2025,6.8,6300,300,2450325
NIFTY09JAN2012300CE.NFO,07/01/2020,09:28:45,6.8,6.75,3150,6.8,6225,1125,2450325
NIFTY09JAN2012300CE.NFO,07/01/2020,09:28:46,6.8,6.75,3375,6.8,4200,1725,2450325
NIFTY09JAN2012300CE.NFO,07/01/2020,09:28:47,6.8,6.8,2700,6.85,2175,5250,2450325
NIFTY09JAN2012300CE.NFO,07/01/2020,09:28:48,6.85,6.8,6825,6.9,5400,1350,2450325
NIFTY09JAN2012300CE.NFO,07/01/2020,09:28:49,6.8,6.8,7950,6.9,2850,1425,2450325
NIFTY09JAN2012300CE.NFO,07/01/2020,09:28:50,6.85,6.85,3225,6.9,450,750,2450325
NIFTY09JAN2012300CE.NFO,07/01/2020,09:28:51,6.95,6.9,75,6.95,1650,2100,2450325
NIFTY09JAN2012300CE.NFO,07/01/2020,09:28:52,6.85,6.85,2250,6.9,825,1500,2450325
NIFTY09JAN2012300CE.NFO,07/01/2020,09:28:53,6.9,6.85,3975,6.9,150,675,2450325
NIFTY09JAN2012300CE.NFO,07/01/2020,09:28:54,6.9,6.85,2925,6.9,450,300,2450325
NIFTY09JAN2012300CE.NFO,07/01/2020,09:28:55,6.85,6.85,600,6.9,2025,1500,2450325
NIFTY09JAN2012300CE.NFO,07/01/2020,09:28:56,6.85,6.8,3300,6.85,1800,450,2450325
NIFTY09JAN2012300CE.NFO,07/01/2020,09:28:57,6.85,6.8,2925,6.85,2625,1425,2450325
NIFTY09JAN2012300CE.NFO,07/01/2020,09:28:58,6.85,6.8,3375,6.85,1350,375,2450325
NIFTY09JAN2012300CE.NFO,07/01/2020,09:28:59,6.8,6.8,3300,6.85,2550,375,2450325
NIFTY09JAN2012300CE.NFO,07/01/2020,09:29:00,6.85,6.8,3525,6.85,675,1800,2450325
NIFTY09JAN2012300CE.NFO,07/01/2020,09:29:01,6.85,6.8,2250,6.85,1650,825,2450325
NIFTY09JAN2012300CE.NFO,07/01/2020,09:29:02,6.85,6.8,3150,6.9,5175,1575,2450325
NIFTY09JAN2012300CE.NFO,07/01/2020,09:29:03,6.9,6.9,1800,6.95,1950,4125,2450325
NIFTY09JAN2012300CE.NFO,07/01/2020,09:29:04,6.95,6.9,150,6.95,3750,900,2450325
NIFTY09JAN2012300CE.NFO,07/01/2020,09:29:05,6.95,6.95,2550,7,11175,1425,2450325
NIFTY09JAN2012300CE.NFO,07/01/2020,09:29:06,7,6.9,4500,7,12900,5325,2450325
NIFTY09JAN2012300CE.NFO,07/01/2020,09:29:07,7,6.9,4650,7,12450,1875,2450325
NIFTY09JAN2012300CE.NFO,07/01/2020,09:29:08,7,6.9,4950,7,8925,2775,2450325
NIFTY09JAN2012300CE.NFO,07/01/2020,09:29:09,7,6.95,225,7,8925,1050,2450325
NIFTY09JAN2012300CE.NFO,07/01/2020,09:29:10,7,6.95,2400,7,4500,3825,2450325
NIFTY09JAN2012300CE.NFO,07/01/2020,09:29:11,7,6.95,2550,7,2250,2100,2462250
NIFTY09JAN2012300CE.NFO,07/01/2020,09:29:12,7,6.95,3900,7,750,3975,2462250
NIFTY09JAN2012300CE.NFO,07/01/2020,09:29:13,7,6.95,2475,7,2325,1500,2462250
NIFTY09JAN2012300CE.NFO,07/01/2020,09:29:14,6.95,6.95,2400,7,225,75,2462250
NIFTY09JAN2012300CE.NFO,07/01/2020,09:29:15,7,7,750,7.05,6075,600,2462250
NIFTY09JAN2012300CE.NFO,07/01/2020,09:29:16,7.05,7.05,3000,7.1,900,2625,2462250
NIFTY09JAN2012300CE.NFO,07/01/2020,09:29:17,7.1,7.05,4275,7.1,150,1125,2462250
NIFTY09JAN2012300CE.NFO,07/01/2020,09:29:18,7.1,7.1,75,7.15,6000,1875,2462250
NIFTY09JAN2012300CE.NFO,07/01/2020,09:29:19,7.05,7.05,4275,7.15,1800,4500,2462250
NIFTY09JAN2012300CE.NFO,07/01/2020,09:29:20,7.05,7.05,2925,7.1,375,375,2462250
NIFTY09JAN2012300CE.NFO,07/01/2020,09:29:21,7.05,7.05,1575,7.1,2025,150,2462250
NIFTY09JAN2012300CE.NFO,07/01/2020,09:29:22,7.05,7.05,1050,7.1,3525,0,2462250
NIFTY09JAN2012300CE.NFO,07/01/2020,09:29:23,7.1,7.05,675,7.1,2400,1350,2462250
NIFTY09JAN2012300CE.NFO,07/01/2020,09:29:24,7.05,7.05,3975,7.1,1050,300,2462250
NIFTY09JAN2012300CE.NFO,07/01/2020,09:29:25,7.1,7.05,2625,7.1,375,1200,2462250
NIFTY09JAN2012300CE.NFO,07/01/2020,09:29:26,7.05,7.05,2100,7.1,1650,75,2462250
NIFTY09JAN2012300CE.NFO,07/01/2020,09:29:27,7.1,7.05,975,7.1,2325,2100,2462250
NIFTY09JAN2012300CE.NFO,07/01/2020,09:29:28,7.05,7,2175,7.05,1950,1050,2462250
NIFTY09JAN2012300CE.NFO,07/01/2020,09:29:29,7,6.95,2550,7,150,2250,2462250
NIFTY09JAN2012300CE.NFO,07/01/2020,09:29:30,7,7,150,7.05,6300,900,2462250
NIFTY09JAN2012300CE.NFO,07/01/2020,09:29:31,7,6.95,2625,7,225,375,2462250
NIFTY09JAN2012300CE.NFO,07/01/2020,09:29:32,6.95,6.95,1500,7,2175,150,2462250
NIFTY09JAN2012300CE.NFO,07/01/2020,09:29:33,7,6.95,2850,7,525,750,2462250
NIFTY09JAN2012300CE.NFO,07/01/2020,09:29:34,7,6.95,1725,7,1350,0,2462250
NIFTY09JAN2012300CE.NFO,07/01/2020,09:29:35,7,6.95,3000,7,1200,2550,2462250
NIFTY09JAN2012300CE.NFO,07/01/2020,09:29:36,7,6.95,4500,7,75,1275,2462250
NIFTY09JAN2012300CE.NFO,07/01/2020,09:29:37,7,7,375,7.05,3225,675,2462250
NIFTY09JAN2012300CE.NFO,07/01/2020,09:29:38,7.05,7.05,150,7.1,2400,2850,2462250
NIFTY09JAN2012300CE.NFO,07/01/2020,09:29:39,7.05,7.05,1875,7.1,1050,1125,2462250
NIFTY09JAN2012300CE.NFO,07/01/2020,09:29:40,7.05,7.05,150,7.1,3600,2775,2462250
NIFTY09JAN2012300CE.NFO,07/01/2020,09:29:41,7.05,7.05,150,7.1,3750,0,2462250
NIFTY09JAN2012300CE.NFO,07/01/2020,09:29:42,7,6.95,2325,7,1950,1500,2462250
NIFTY09JAN2012300CE.NFO,07/01/2020,09:29:43,7,6.95,525,7,4575,0,2462250
NIFTY09JAN2012300CE.NFO,07/01/2020,09:29:44,7,6.95,2025,7,1800,0,2462250
NIFTY09JAN2012300CE.NFO,07/01/2020,09:29:45,6.95,6.95,600,7,1725,150,2462250
NIFTY09JAN2012300CE.NFO,07/01/2020,09:29:46,7,6.95,3150,7,300,1425,2462250
NIFTY09JAN2012300CE.NFO,07/01/2020,09:29:47,7.05,7,2925,7.05,150,825,2462250
NIFTY09JAN2012300CE.NFO,07/01/2020,09:29:48,7,7,1725,7.05,1800,750,2462250
NIFTY09JAN2012300CE.NFO,07/01/2020,09:29:49,7,7,150,7.05,4050,2325,2462250
NIFTY09JAN2012300CE.NFO,07/01/2020,09:29:50,7,7,225,7.05,2775,0,2462250
NIFTY09JAN2012300CE.NFO,07/01/2020,09:29:51,7,6.95,1950,7,375,600,2462250
NIFTY09JAN2012300CE.NFO,07/01/2020,09:29:52,6.95,6.95,2025,7,450,900,2462250
NIFTY09JAN2012300CE.NFO,07/01/2020,09:29:53,7,6.95,1275,7,1725,3225,2462250
NIFTY09JAN2012300CE.NFO,07/01/2020,09:29:54,7,6.95,300,7,2925,1950,2462250
NIFTY09JAN2012300CE.NFO,07/01/2020,09:29:55,6.95,6.95,1200,7,2325,675,2462250
NIFTY09JAN2012300CE.NFO,07/01/2020,09:29:56,6.95,6.95,1725,7,1950,0,2462250
NIFTY09JAN2012300CE.NFO,07/01/2020,09:29:57,7,6.95,225,7,3825,975,2462250
NIFTY09JAN2012300CE.NFO,07/01/2020,09:29:58,7,6.95,3000,7.05,4800,0,2462250
NIFTY09JAN2012300CE.NFO,07/01/2020,09:29:59,7,7,375,7.05,3300,300,2462250
NIFTY09JAN2012300CE.NFO,07/01/2020,09:30:00,7.05,7,3300,7.05,450,150,2462250
NIFTY09JAN2012300CE.NFO,07/01/2020,09:30:01,7.1,7.1,150,7.15,2775,2925,2462250
NIFTY09JAN2012300CE.NFO,07/01/2020,09:30:02,7.15,7.1,1800,7.15,375,1050,2462250
NIFTY09JAN2012300CE.NFO,07/01/2020,09:30:03,7.1,7.1,150,7.15,2175,1575,2462250
NIFTY09JAN2012300CE.NFO,07/01/2020,09:30:04,7.05,7,4275,7.1,3375,3975,2462250
NIFTY09JAN2012300CE.NFO,07/01/2020,09:30:05,7.05,7.05,75,7.1,4125,225,2462250
NIFTY09JAN2012300CE.NFO,07/01/2020,09:30:06,7.05,7.05,1275,7.1,1950,0,2462250
NIFTY09JAN2012300CE.NFO,07/01/2020,09:30:07,7.05,7,450,7.05,2175,75,2462250
NIFTY09JAN2012300CE.NFO,07/01/2020,09:30:08,7,6.95,4050,7,450,675,2462250
NIFTY09JAN2012300CE.NFO,07/01/2020,09:30:09,7.05,7,300,7.05,3900,150,2462250
NIFTY09JAN2012300CE.NFO,07/01/2020,09:30:10,7.05,7,3750,7.05,1350,225,2462250
NIFTY09JAN2012300CE.NFO,07/01/2020,09:30:11,7.1,7.1,375,7.15,3150,5925,2462250
NIFTY09JAN2012300CE.NFO,07/01/2020,09:30:12,7.1,7.05,2250,7.1,525,150,2462250
NIFTY09JAN2012300CE.NFO,07/01/2020,09:30:13,7.05,7.05,300,7.1,750,1125,2462250
NIFTY09JAN2012300CE.NFO,07/01/2020,09:30:14,7.1,7.05,2175,7.1,300,600,2462250
NIFTY09JAN2012300CE.NFO,07/01/2020,09:30:15,7.05,7.05,150,7.1,2475,750,2462250
NIFTY09JAN2012300CE.NFO,07/01/2020,09:30:16,7.05,7.05,3375,7.1,150,2550,2462250
NIFTY09JAN2012300CE.NFO,07/01/2020,09:30:17,7.1,7.05,600,7.1,1200,150,2462250
NIFTY09JAN2012300CE.NFO,07/01/2020,09:30:18,7.05,7.05,1650,7.1,1875,1050,2462250
NIFTY09JAN2012300CE.NFO,07/01/2020,09:30:19,7.05,7,3000,7.05,2550,525,2462250
NIFTY09JAN2012300CE.NFO,07/01/2020,09:30:20,7,7,3000,7.05,4125,825,2462250
NIFTY09JAN2012300CE.NFO,07/01/2020,09:30:21,7.05,7,3750,7.05,3150,450,2462250
NIFTY09JAN2012300CE.NFO,07/01/2020,09:30:22,7.1,7,5550,7.1,4125,2400,2462250
NIFTY09JAN2012300CE.NFO,07/01/2020,09:30:23,7.05,7.05,75,7.1,3525,450,2462250
NIFTY09JAN2012300CE.NFO,07/01/2020,09:30:24,7.15,7.1,75,7.15,2100,675,2462250
NIFTY09JAN2012300CE.NFO,07/01/2020,09:30:25,7.05,7,5250,7.1,3900,1575,2462250
NIFTY09JAN2012300CE.NFO,07/01/2020,09:30:26,7.05,7,3750,7.05,75,0,2462250
NIFTY09JAN2012300CE.NFO,07/01/2020,09:30:27,7,7,3375,7.05,1725,375,2462250
NIFTY09JAN2012300CE.NFO,07/01/2020,09:30:28,7.05,7,4275,7.05,1875,150,2462250
NIFTY09JAN2012300CE.NFO,07/01/2020,09:30:29,7.05,7,2550,7.05,975,1275,2462250
NIFTY09JAN2012300CE.NFO,07/01/2020,09:30:30,7.05,7.05,3600,7.1,2175,975,2462250
NIFTY09JAN2012300CE.NFO,07/01/2020,09:30:31,7.1,7.05,3900,7.1,1350,300,2462250
NIFTY09JAN2012300CE.NFO,07/01/2020,09:30:32,7.1,7.05,5475,7.1,75,3525,2462250
NIFTY09JAN2012300CE.NFO,07/01/2020,09:30:33,7.1,7.05,3375,7.1,900,525,2462250
NIFTY09JAN2012300CE.NFO,07/01/2020,09:30:34,7.05,7,5550,7.1,6300,3150,2462250
NIFTY09JAN2012300CE.NFO,07/01/2020,09:30:35,7.05,7,4350,7.05,1200,300,2462250
NIFTY09JAN2012300CE.NFO,07/01/2020,09:30:36,7.05,7,4575,7.1,6675,450,2462250
NIFTY09JAN2012300CE.NFO,07/01/2020,09:30:37,7.05,7,2850,7.05,1200,450,2462250
NIFTY09JAN2012300CE.NFO,07/01/2020,09:30:38,7,7,2550,7.05,2175,675,2462250
NIFTY09JAN2012300CE.NFO,07/01/2020,09:30:39,7.05,7,2475,7.05,1350,3225,2462250
NIFTY09JAN2012300CE.NFO,07/01/2020,09:30:40,7.05,7,1950,7.05,675,1200,2462250
NIFTY09JAN2012300CE.NFO,07/01/2020,09:30:41,7.05,7,2700,7.05,4575,450,2462250
NIFTY09JAN2012300CE.NFO,07/01/2020,09:30:42,7.05,7,2175,7.05,5100,75,2462250
NIFTY09JAN2012300CE.NFO,07/01/2020,09:30:43,7,6.95,5175,7.05,6375,3225,2462250
NIFTY09JAN2012300CE.NFO,07/01/2020,09:30:44,7,6.95,4500,7,525,975,2462250
NIFTY09JAN2012300CE.NFO,07/01/2020,09:30:45,7,7,450,7.05,5925,1950,2462250
NIFTY09JAN2012300CE.NFO,07/01/2020,09:30:46,7.05,7,1125,7.05,5175,1200,2462250
NIFTY09JAN2012300CE.NFO,07/01/2020,09:30:47,7,6.95,3750,7,225,1575,2462250
NIFTY09JAN2012300CE.NFO,07/01/2020,09:30:48,7,7,225,7.05,5325,375,2462250
NIFTY09JAN2012300CE.NFO,07/01/2020,09:30:49,7,7,2475,7.05,5025,75,2462250
NIFTY09JAN2012300CE.NFO,07/01/2020,09:30:50,7,7,2250,7.05,4425,375,2462250
NIFTY09JAN2012300CE.NFO,07/01/2020,09:30:51,7.05,7,3000,7.05,5625,225,2462250
NIFTY09JAN2012300CE.NFO,07/01/2020,09:30:52,7.05,7,1050,7.05,5100,1500,2462250
NIFTY09JAN2012300CE.NFO,07/01/2020,09:30:53,7,7,600,7.05,5550,225,2462250
NIFTY09JAN2012300CE.NFO,07/01/2020,09:30:54,7.05,7,2325,7.05,1950,1875,2462250
NIFTY09JAN2012300CE.NFO,07/01/2020,09:30:55,7,7,825,7.05,3300,75,2462250
NIFTY09JAN2012300CE.NFO,07/01/2020,09:30:56,7,7,825,7.05,4350,150,2462250
NIFTY09JAN2012300CE.NFO,07/01/2020,09:30:57,7,7,1200,7.05,5775,0,2462250
NIFTY09JAN2012300CE.NFO,07/01/2020,09:30:58,7,6.95,4500,7,300,1875,2462250
NIFTY09JAN2012300CE.NFO,07/01/2020,09:30:59,7,7,1200,7.05,4725,1425,2462250
NIFTY09JAN2012300CE.NFO,07/01/2020,09:31:00,7.05,7,900,7.05,3600,5925,2462250
NIFTY09JAN2012300CE.NFO,07/01/2020,09:31:01,7.05,7.05,150,7.1,6075,7200,2462250
NIFTY09JAN2012300CE.NFO,07/01/2020,09:31:02,7.1,7.05,1275,7.1,3675,1500,2462250
NIFTY09JAN2012300CE.NFO,07/01/2020,09:31:03,7.1,7.05,2025,7.1,1950,975,2462250
NIFTY09JAN2012300CE.NFO,07/01/2020,09:31:04,7.05,7.05,3300,7.1,150,1950,2462250
NIFTY09JAN2012300CE.NFO,07/01/2020,09:31:05,7.05,7.05,375,7.1,3975,5100,2462250
NIFTY09JAN2012300CE.NFO,07/01/2020,09:31:06,7.05,7,3750,7.05,75,1050,2462250
NIFTY09JAN2012300CE.NFO,07/01/2020,09:31:07,7,7,3000,7.05,225,300,2462250
NIFTY09JAN2012300CE.NFO,07/01/2020,09:31:08,7.05,7.05,75,7.1,7050,75,2462250
NIFTY09JAN2012300CE.NFO,07/01/2020,09:31:09,7,7,4875,7.1,5400,675,2462250
NIFTY09JAN2012300CE.NFO,07/01/2020,09:31:10,7.05,7,3225,7.05,225,825,2462250
NIFTY09JAN2012300CE.NFO,07/01/2020,09:31:11,7.1,7.05,75,7.1,4575,1425,2462250
NIFTY09JAN2012300CE.NFO,07/01/2020,09:31:12,7.1,7.05,1725,7.1,4350,375,2462250
NIFTY09JAN2012300CE.NFO,07/01/2020,09:31:13,7.1,7,1725,7.05,225,675,2462250
NIFTY09JAN2012300CE.NFO,07/01/2020,09:31:14,7.1,7,2550,7.1,7425,450,2462250
NIFTY09JAN2012300CE.NFO,07/01/2020,09:31:15,7.05,7.05,150,7.1,6300,600,2462250
NIFTY09JAN2012300CE.NFO,07/01/2020,09:31:16,7.1,7.05,1725,7.1,5400,975,2462250
NIFTY09JAN2012300CE.NFO,07/01/2020,09:31:17,7.1,7.05,2925,7.1,1875,225,2462250
NIFTY09JAN2012300CE.NFO,07/01/2020,09:31:18,7.1,7.05,3525,7.1,1725,525,2462250
NIFTY09JAN2012300CE.NFO,07/01/2020,09:31:19,7.15,7.1,3450,7.15,300,2325,2462250
NIFTY09JAN2012300CE.NFO,07/01/2020,09:31:20,7.1,7.1,600,7.15,3675,4575,2462250
NIFTY09JAN2012300CE.NFO,07/01/2020,09:31:21,7.15,7.1,2850,7.2,7575,1350,2462250
NIFTY09JAN2012300CE.NFO,07/01/2020,09:31:22,7.1,7.15,225,7.2,2625,2550,2462250
NIFTY09JAN2012300CE.NFO,07/01/2020,09:31:24,7.15,7.1,150,7.15,3150,675,2462250
NIFTY09JAN2012300CE.NFO,07/01/2020,09:31:25,7.15,7.1,1350,7.2,4650,375,2462250
NIFTY09JAN2012300CE.NFO,07/01/2020,09:31:26,7.2,7.1,2100,7.2,3000,225,2462250
NIFTY09JAN2012300CE.NFO,07/01/2020,09:31:26,7.2,7.1,2175,7.2,3000,0,2462250
NIFTY09JAN2012300CE.NFO,07/01/2020,09:31:27,7.15,7.15,375,7.2,2775,3375,2462250
NIFTY09JAN2012300CE.NFO,07/01/2020,09:31:28,7.2,7.15,525,7.2,3000,750,2462250
NIFTY09JAN2012300CE.NFO,07/01/2020,09:31:29,7.15,7.15,375,7.2,2550,300,2462250
NIFTY09JAN2012300CE.NFO,07/01/2020,09:31:31,7.15,7.15,300,7.2,2775,150,2462250
NIFTY09JAN2012300CE.NFO,07/01/2020,09:31:32,7.2,7.15,375,7.2,1050,3150,2462250
NIFTY09JAN2012300CE.NFO,07/01/2020,09:31:32,7.2,7.15,525,7.2,1050,0,2462250
NIFTY09JAN2012300CE.NFO,07/01/2020,09:31:33,7.2,7.15,450,7.2,1050,0,2462250
NIFTY09JAN2012300CE.NFO,07/01/2020,09:31:34,7.15,7.15,75,7.2,2025,750,2462250
NIFTY09JAN2012300CE.NFO,07/01/2020,09:31:36,7.15,7.1,1650,7.15,1125,1950,2462250
NIFTY09JAN2012300CE.NFO,07/01/2020,09:31:37,7.25,7.15,2175,7.2,75,2100,2462250
NIFTY09JAN2012300CE.NFO,07/01/2020,09:31:37,7.25,7.15,2175,7.2,75,0,2462250
NIFTY09JAN2012300CE.NFO,07/01/2020,09:31:38,7.25,7.2,375,7.25,3150,300,2462250
NIFTY09JAN2012300CE.NFO,07/01/2020,09:31:39,7.25,7.25,1425,7.3,5325,2025,2462250
NIFTY09JAN2012300CE.NFO,07/01/2020,09:31:40,7.3,7.25,1425,7.3,2175,450,2462250
NIFTY09JAN2012300CE.NFO,07/01/2020,09:31:41,7.25,7.25,1725,7.3,150,150,2462250
NIFTY09JAN2012300CE.NFO,07/01/2020,09:31:42,7.25,7.25,1125,7.3,450,600,2462250
NIFTY09JAN2012300CE.NFO,07/01/2020,09:31:44,7.25,7.25,600,7.3,750,75,2462250
NIFTY09JAN2012300CE.NFO,07/01/2020,09:31:44,7.25,7.25,600,7.3,2175,0,2462250
NIFTY09JAN2012300CE.NFO,07/01/2020,09:31:45,7.2,7.2,4875,7.25,1500,4050,2462250
NIFTY09JAN2012300CE.NFO,07/01/2020,09:31:46,7.25,7.25,75,7.3,4725,450,2462250
NIFTY09JAN2012300CE.NFO,07/01/2020,09:31:47,7.25,7.2,4650,7.25,300,75,2462250
NIFTY09JAN2012300CE.NFO,07/01/2020,09:31:49,7.25,7.2,5625,7.25,225,750,2462250
NIFTY09JAN2012300CE.NFO,07/01/2020,09:31:50,7.25,7.2,5475,7.25,75,1800,2462250
NIFTY09JAN2012300CE.NFO,07/01/2020,09:31:51,7.3,7.25,2700,7.35,4425,900,2462250
NIFTY09JAN2012300CE.NFO,07/01/2020,09:31:52,7.25,7.25,150,7.3,3225,525,2462250
NIFTY09JAN2012300CE.NFO,07/01/2020,09:31:53,7.25,7.25,1875,7.3,1500,150,2462250
NIFTY09JAN2012300CE.NFO,07/01/2020,09:31:54,7.25,7.25,7575,7.3,75,75,2462250
NIFTY09JAN2012300CE.NFO,07/01/2020,09:31:55,7.3,7.3,1650,7.35,900,225,2462250
NIFTY09JAN2012300CE.NFO,07/01/2020,09:31:56,7.35,7.35,225,7.4,1875,1650,2462250
NIFTY09JAN2012300CE.NFO,07/01/2020,09:31:57,7.3,7.3,2250,7.35,2400,1350,2462250
NIFTY09JAN2012300CE.NFO,07/01/2020,09:31:58,7.35,7.3,1800,7.35,75,75,2462250
NIFTY09JAN2012300CE.NFO,07/01/2020,09:31:59,7.4,7.35,1050,7.4,1125,3825,2462250
NIFTY09JAN2012300CE.NFO,07/01/2020,09:32:00,7.45,7.4,75,7.45,3450,1800,2462250
NIFTY09JAN2012300CE.NFO,07/01/2020,09:32:01,7.4,7.35,5175,7.45,5400,4950,2462250
NIFTY09JAN2012300CE.NFO,07/01/2020,09:32:02,7.45,7.45,225,7.5,4725,225,2462250
NIFTY09JAN2012300CE.NFO,07/01/2020,09:32:03,7.45,7.45,150,7.5,5775,450,2462250
NIFTY09JAN2012300CE.NFO,07/01/2020,09:32:05,7.45,7.45,675,7.5,3750,225,2462250
NIFTY09JAN2012300CE.NFO,07/01/2020,09:32:06,7.45,7.45,450,7.5,3900,600,2462250
NIFTY09JAN2012300CE.NFO,07/01/2020,09:32:07,7.5,7.4,2175,7.45,750,3300,2462250
NIFTY09JAN2012300CE.NFO,07/01/2020,09:32:08,7.4,7.35,3150,7.4,375,3750,2462250
NIFTY09JAN2012300CE.NFO,07/01/2020,09:32:09,7.45,7.45,300,7.5,3150,450,2462250
NIFTY09JAN2012300CE.NFO,07/01/2020,09:32:10,7.5,7.5,375,7.55,2325,3600,2462250
NIFTY09JAN2012300CE.NFO,07/01/2020,09:32:11,7.5,7.5,2775,7.55,75,1275,2462250
NIFTY09JAN2012300CE.NFO,07/01/2020,09:32:12,7.55,7.5,3225,7.55,150,2550,2462250
NIFTY09JAN2012300CE.NFO,07/01/2020,09:32:13,7.55,7.55,1275,7.6,525,3975,2479575
NIFTY09JAN2012300CE.NFO,07/01/2020,09:32:14,7.6,7.55,2250,7.65,3375,6450,2479575
NIFTY09JAN2012300CE.NFO,07/01/2020,09:32:15,7.55,7.55,3075,7.6,75,1275,2479575
NIFTY09JAN2012300CE.NFO,07/01/2020,09:32:15,7.55,7.55,2925,7.6,75,525,2479575
NIFTY09JAN2012300CE.NFO,07/01/2020,09:32:16,7.6,7.55,3375,7.65,2025,4725,2479575
NIFTY09JAN2012300CE.NFO,07/01/2020,09:32:17,7.6,7.6,1950,7.65,150,225,2479575
NIFTY09JAN2012300CE.NFO,07/01/2020,09:32:18,7.6,7.55,2550,7.65,2025,4500,2479575
NIFTY09JAN2012300CE.NFO,07/01/2020,09:32:19,7.75,7.7,525,7.75,1200,9600,2479575
NIFTY09JAN2012300CE.NFO,07/01/2020,09:32:20,7.7,7.65,1950,7.7,300,1350,2479575
NIFTY09JAN2012300CE.NFO,07/01/2020,09:32:21,7.65,7.6,2925,7.7,2475,4350,2479575
NIFTY09JAN2012300CE.NFO,07/01/2020,09:32:22,7.75,7.7,525,7.75,1050,2625,2479575
NIFTY09JAN2012300CE.NFO,07/01/2020,09:32:23,7.75,7.75,1050,7.8,4500,2175,2479575
NIFTY09JAN2012300CE.NFO,07/01/2020,09:32:24,7.7,7.7,750,7.75,1575,1125,2479575
NIFTY09JAN2012300CE.NFO,07/01/2020,09:32:25,7.85,7.75,1500,7.85,1875,4275,2479575
NIFTY09JAN2012300CE.NFO,07/01/2020,09:32:26,7.8,7.8,1200,7.85,2175,525,2479575
NIFTY09JAN2012300CE.NFO,07/01/2020,09:32:27,7.9,7.85,225,7.9,2250,900,2479575
NIFTY09JAN2012300CE.NFO,07/01/2020,09:32:28,7.9,7.8,1950,7.9,4350,675,2479575
NIFTY09JAN2012300CE.NFO,07/01/2020,09:32:29,7.85,7.8,3450,7.9,2100,450,2479575
NIFTY09JAN2012300CE.NFO,07/01/2020,09:32:30,7.9,7.85,300,7.9,2100,1050,2479575
NIFTY09JAN2012300CE.NFO,07/01/2020,09:32:31,7.8,7.8,1200,7.85,225,3900,2479575
NIFTY09JAN2012300CE.NFO,07/01/2020,09:32:32,7.8,7.8,975,7.85,1425,1650,2479575
NIFTY09JAN2012300CE.NFO,07/01/2020,09:32:33,7.85,7.85,975,7.9,1500,1950,2479575
NIFTY09JAN2012300CE.NFO,07/01/2020,09:32:34,7.85,7.85,75,7.9,3975,1425,2479575
NIFTY09JAN2012300CE.NFO,07/01/2020,09:32:35,7.9,7.9,150,7.95,6450,1050,2479575
NIFTY09JAN2012300CE.NFO,07/01/2020,09:32:36,7.95,7.9,375,7.95,3600,2550,2479575
NIFTY09JAN2012300CE.NFO,07/01/2020,09:32:37,7.95,7.9,2325,7.95,2550,750,2479575
NIFTY09JAN2012300CE.NFO,07/01/2020,09:32:38,7.95,7.95,1350,8,14550,10125,2479575
NIFTY09JAN2012300CE.NFO,07/01/2020,09:32:39,8,8,450,8.05,2325,20850,2479575
NIFTY09JAN2012300CE.NFO,07/01/2020,09:32:40,8.1,8.05,975,8.1,24450,3450,2479575
NIFTY09JAN2012300CE.NFO,07/01/2020,09:32:41,8.05,8,2325,8.05,750,900,2479575
NIFTY09JAN2012300CE.NFO,07/01/2020,09:32:42,8.05,8,300,8.05,2700,2175,2479575
NIFTY09JAN2012300CE.NFO,07/01/2020,09:32:43,8,7.95,3225,8.05,3375,2400,2479575
NIFTY09JAN2012300CE.NFO,07/01/2020,09:32:44,7.95,7.95,1950,8,1575,975,2479575
NIFTY09JAN2012300CE.NFO,07/01/2020,09:32:45,7.95,7.95,1650,8,1950,150,2479575
NIFTY09JAN2012300CE.NFO,07/01/2020,09:32:46,8,7.95,2400,8,75,600,2479575
NIFTY09JAN2012300CE.NFO,07/01/2020,09:32:48,7.9,7.85,2775,7.9,525,9750,2479575
NIFTY09JAN2012300CE.NFO,07/01/2020,09:32:49,7.9,7.85,3075,7.9,300,225,2479575
NIFTY09JAN2012300CE.NFO,07/01/2020,09:32:50,7.95,7.85,4650,7.95,4350,2475,2479575
NIFTY09JAN2012300CE.NFO,07/01/2020,09:32:51,7.95,7.9,2925,8,3900,1575,2479575
NIFTY09JAN2012300CE.NFO,07/01/2020,09:32:52,8,7.95,75,8,2175,975,2479575
NIFTY09JAN2012300CE.NFO,07/01/2020,09:32:53,7.9,7.9,3450,7.95,75,2925,2479575
NIFTY09JAN2012300CE.NFO,07/01/2020,09:32:54,7.95,7.95,450,8,1875,900,2479575
NIFTY09JAN2012300CE.NFO,07/01/2020,09:32:55,7.95,7.95,75,8,1800,1050,2479575
NIFTY09JAN2012300CE.NFO,07/01/2020,09:32:56,7.95,7.9,525,7.95,2325,2175,2479575
NIFTY09JAN2012300CE.NFO,07/01/2020,09:32:56,7.95,7.9,2625,7.95,150,0,2479575
NIFTY09JAN2012300CE.NFO,07/01/2020,09:32:57,8,7.95,2175,8,525,525,2479575
NIFTY09JAN2012300CE.NFO,07/01/2020,09:32:58,8.05,8,1650,8.05,825,150,2479575
NIFTY09JAN2012300CE.NFO,07/01/2020,09:32:59,8.05,8,3600,8.05,1050,975,2479575
NIFTY09JAN2012300CE.NFO,07/01/2020,09:33:00,8.05,8,5850,8.05,75,1500,2479575
NIFTY09JAN2012300CE.NFO,07/01/2020,09:33:01,8.05,8,4575,8.05,825,1575,2479575
NIFTY09JAN2012300CE.NFO,07/01/2020,09:33:02,8.05,8.05,75,8.1,21825,300,2479575
NIFTY09JAN2012300CE.NFO,07/01/2020,09:33:03,8.05,8.05,2250,8.1,20400,2700,2479575
NIFTY09JAN2012300CE.NFO,07/01/2020,09:33:04,8.05,8,8850,8.05,225,1425,2479575
NIFTY09JAN2012300CE.NFO,07/01/2020,09:33:06,8.05,8,7575,8.05,150,825,2479575
NIFTY09JAN2012300CE.NFO,07/01/2020,09:33:07,8,8,8850,8.05,75,300,2479575
NIFTY09JAN2012300CE.NFO,07/01/2020,09:33:08,8.05,8.05,3750,8.1,20625,375,2479575
NIFTY09JAN2012300CE.NFO,07/01/2020,09:33:08,8.05,8.05,750,8.1,20550,300,2479575
NIFTY09JAN2012300CE.NFO,07/01/2020,09:33:09,8.1,8.05,3525,8.1,15375,6000,2479575
NIFTY09JAN2012300CE.NFO,07/01/2020,09:33:10,8.1,8.05,3675,8.1,75,16500,2479575
NIFTY09JAN2012300CE.NFO,07/01/2020,09:33:11,8.1,8.1,3375,8.15,450,525,2479575
NIFTY09JAN2012300CE.NFO,07/01/2020,09:33:12,8.15,8.15,75,8.2,3750,1500,2479575
NIFTY09JAN2012300CE.NFO,07/01/2020,09:33:13,8.2,8.15,1575,8.2,1275,5100,2479575
NIFTY09JAN2012300CE.NFO,07/01/2020,09:33:14,8.25,8.15,4350,8.25,4200,2475,2479575
NIFTY09JAN2012300CE.NFO,07/01/2020,09:33:15,8.2,8.15,900,8.2,300,7125,2479575
NIFTY09JAN2012300CE.NFO,07/01/2020,09:33:16,8.15,8.15,3225,8.2,375,75,2479575
NIFTY09JAN2012300CE.NFO,07/01/2020,09:33:17,8.15,8.1,3375,8.15,3075,1500,2479575
NIFTY09JAN2012300CE.NFO,07/01/2020,09:33:18,8.15,8.1,2100,8.15,3900,900,2479575
NIFTY09JAN2012300CE.NFO,07/01/2020,09:33:19,8.1,8.05,4650,8.1,75,7575,2479575
NIFTY09JAN2012300CE.NFO,07/01/2020,09:33:20,8.1,8.05,5550,8.1,3900,1125,2479575
NIFTY09JAN2012300CE.NFO,07/01/2020,09:33:21,8.05,8.05,2550,8.1,3150,4275,2479575
NIFTY09JAN2012300CE.NFO,07/01/2020,09:33:22,8.05,8,13800,8.05,75,3975,2479575
NIFTY09JAN2012300CE.NFO,07/01/2020,09:33:23,8.05,8,13650,8.05,3450,1875,2479575
NIFTY09JAN2012300CE.NFO,07/01/2020,09:33:24,8.05,8,12300,8.05,1650,1800,2479575
NIFTY09JAN2012300CE.NFO,07/01/2020,09:33:25,8.05,8,12000,8.05,1800,1350,2479575
NIFTY09JAN2012300CE.NFO,07/01/2020,09:33:26,8.05,8.05,1650,8.1,2025,2175,2479575
NIFTY09JAN2012300CE.NFO,07/01/2020,09:33:27,8.05,8.05,6600,8.1,225,1575,2479575
NIFTY09JAN2012300CE.NFO,07/01/2020,09:33:28,8.1,8,12375,8.1,3375,5325,2479575
NIFTY09JAN2012300CE.NFO,07/01/2020,09:33:29,8.1,8.05,225,8.1,2625,1125,2479575
NIFTY09JAN2012300CE.NFO,07/01/2020,09:33:30,8.05,8.05,3675,8.1,1125,2400,2479575
NIFTY09JAN2012300CE.NFO,07/01/2020,09:33:31,8.1,8.05,3750,8.1,2400,150,2479575
NIFTY09JAN2012300CE.NFO,07/01/2020,09:33:32,8.15,8.05,3750,8.1,1350,7650,2479575
NIFTY09JAN2012300CE.NFO,07/01/2020,09:33:33,8.1,8.05,375,8.1,1200,4425,2479575
NIFTY09JAN2012300CE.NFO,07/01/2020,09:33:34,8,8,12300,8.1,5025,675,2479575
NIFTY09JAN2012300CE.NFO,07/01/2020,09:33:35,8.1,8.05,3675,8.1,525,2925,2479575
NIFTY09JAN2012300CE.NFO,07/01/2020,09:33:36,8.1,8.05,825,8.1,1425,4650,2479575
NIFTY09JAN2012300CE.NFO,07/01/2020,09:33:37,8.15,8.05,2775,8.15,8775,2625,2479575
NIFTY09JAN2012300CE.NFO,07/01/2020,09:33:38,8.1,8.1,150,8.15,8850,4725,2479575
NIFTY09JAN2012300CE.NFO,07/01/2020,09:33:39,8.15,8.1,750,8.15,6750,375,2479575
NIFTY09JAN2012300CE.NFO,07/01/2020,09:33:40,8.15,8.15,75,8.2,4575,7425,2479575
NIFTY09JAN2012300CE.NFO,07/01/2020,09:33:41,8.15,8.15,2625,8.2,4350,825,2479575
NIFTY09JAN2012300CE.NFO,07/01/2020,09:33:43,8.25,8.2,1950,8.25,7575,5100,2479575
NIFTY09JAN2012300CE.NFO,07/01/2020,09:33:43,8.25,8.2,375,8.25,8400,0,2479575
NIFTY09JAN2012300CE.NFO,07/01/2020,09:33:44,8.2,8.2,3750,8.25,7275,375,2479575
NIFTY09JAN2012300CE.NFO,07/01/2020,09:33:45,8.15,8.15,450,8.2,1500,3075,2479575
NIFTY09JAN2012300CE.NFO,07/01/2020,09:33:46,8.15,8.1,2850,8.15,2400,1050,2479575
NIFTY09JAN2012300CE.NFO,07/01/2020,09:33:47,8.15,8.1,5025,8.2,6300,225,2479575
NIFTY09JAN2012300CE.NFO,07/01/2020,09:33:48,8.2,8.15,375,8.2,5625,150,2479575
NIFTY09JAN2012300CE.NFO,07/01/2020,09:33:49,8.2,8.15,1950,8.2,2550,1875,2479575
NIFTY09JAN2012300CE.NFO,07/01/2020,09:33:50,8.2,8.15,4500,8.25,8475,3525,2479575
NIFTY09JAN2012300CE.NFO,07/01/2020,09:33:51,8.25,8.2,75,8.25,8250,375,2479575
NIFTY09JAN2012300CE.NFO,07/01/2020,09:33:52,8.2,8.15,1275,8.2,2250,525,2479575
NIFTY09JAN2012300CE.NFO,07/01/2020,09:33:54,8.15,8.15,450,8.2,4275,1500,2479575
NIFTY09JAN2012300CE.NFO,07/01/2020,09:33:54,8.2,8.15,2325,8.2,1425,1125,2479575
NIFTY09JAN2012300CE.NFO,07/01/2020,09:33:55,8.25,8.2,75,8.25,6750,1950,2479575
NIFTY09JAN2012300CE.NFO,07/01/2020,09:33:56,8.2,8.15,3375,8.25,7800,1050,2479575
NIFTY09JAN2012300CE.NFO,07/01/2020,09:33:57,8.25,8.2,1650,8.25,4800,900,2479575
NIFTY09JAN2012300CE.NFO,07/01/2020,09:33:58,8.2,8.2,1725,8.25,4275,2550,2479575
NIFTY09JAN2012300CE.NFO,07/01/2020,09:33:59,8.3,8.25,975,8.3,5100,6150,2479575
NIFTY09JAN2012300CE.NFO,07/01/2020,09:34:01,8.25,8.25,2325,8.3,1275,2775,2479575
NIFTY09JAN2012300CE.NFO,07/01/2020,09:34:01,8.3,8.3,2400,8.35,1350,1875,2479575
NIFTY09JAN2012300CE.NFO,07/01/2020,09:34:02,8.35,8.35,5775,8.4,5025,2700,2479575
NIFTY09JAN2012300CE.NFO,07/01/2020,09:34:03,8.3,8.3,825,8.35,1650,8775,2479575
NIFTY09JAN2012300CE.NFO,07/01/2020,09:34:04,8.3,8.25,2100,8.3,1425,975,2479575
NIFTY09JAN2012300CE.NFO,07/01/2020,09:34:05,8.3,8.3,150,8.35,3300,1350,2479575
NIFTY09JAN2012300CE.NFO,07/01/2020,09:34:06,8.2,8.2,3975,8.25,150,4125,2479575
NIFTY09JAN2012300CE.NFO,07/01/2020,09:34:08,8.2,8.1,13350,8.2,4725,7950,2479575
NIFTY09JAN2012300CE.NFO,07/01/2020,09:34:08,8.2,8.1,13425,8.2,4725,75,2479575
NIFTY09JAN2012300CE.NFO,07/01/2020,09:34:09,8.2,8.15,225,8.2,1800,975,2479575
NIFTY09JAN2012300CE.NFO,07/01/2020,09:34:10,8.2,8.15,1875,8.2,525,3975,2479575
NIFTY09JAN2012300CE.NFO,07/01/2020,09:34:11,8.2,8.15,1575,8.2,750,4125,2479575
NIFTY09JAN2012300CE.NFO,07/01/2020,09:34:12,8.2,8.15,1575,8.2,1425,9525,2479575
NIFTY09JAN2012300CE.NFO,07/01/2020,09:34:13,8.2,8.2,450,8.25,2025,1575,2479575
NIFTY09JAN2012300CE.NFO,07/01/2020,09:34:14,8.25,8.15,2775,8.25,1950,300,2479575
NIFTY09JAN2012300CE.NFO,07/01/2020,09:34:15,8.2,8.15,1725,8.2,2100,150,2479575
NIFTY09JAN2012300CE.NFO,07/01/2020,09:34:16,8.15,8.15,375,8.2,2925,225,2479575
NIFTY09JAN2012300CE.NFO,07/01/2020,09:34:17,8.2,8.1,3300,8.2,4125,7650,2479575
NIFTY09JAN2012300CE.NFO,07/01/2020,09:34:18,8.1,8.05,3225,8.15,4200,1950,2479575
NIFTY09JAN2012300CE.NFO,07/01/2020,09:34:19,8.05,8,14325,8.05,3000,1275,2479575
NIFTY09JAN2012300CE.NFO,07/01/2020,09:34:20,8,8,5475,8.1,4950,10950,2479575
NIFTY09JAN2012300CE.NFO,07/01/2020,09:34:21,8,8,5025,8.05,300,150,2479575
NIFTY09JAN2012300CE.NFO,07/01/2020,09:34:22,8,7.95,3300,8.05,4725,3375,2479575
NIFTY09JAN2012300CE.NFO,07/01/2020,09:34:23,8,8,375,8.05,975,750,2479575
NIFTY09JAN2012300CE.NFO,07/01/2020,09:34:24,8.1,8.05,225,8.1,2550,1650,2479575
NIFTY09JAN2012300CE.NFO,07/01/2020,09:34:25,8.05,8,3825,8.1,2025,4125,2479575
NIFTY09JAN2012300CE.NFO,07/01/2020,09:34:26,8,7.95,375,8,1350,675,2479575
NIFTY09JAN2012300CE.NFO,07/01/2020,09:34:27,7.95,7.85,5100,7.95,2475,2925,2479575
NIFTY09JAN2012300CE.NFO,07/01/2020,09:34:28,7.85,7.85,3525,7.9,1125,4575,2479575
NIFTY09JAN2012300CE.NFO,07/01/2020,09:34:29,7.85,7.8,2175,7.9,3450,5775,2479575
NIFTY09JAN2012300CE.NFO,07/01/2020,09:34:31,7.85,7.8,3000,7.85,1200,450,2479575
NIFTY09JAN2012300CE.NFO,07/01/2020,09:34:31,7.8,7.8,525,7.85,2625,525,2479575
NIFTY09JAN2012300CE.NFO,07/01/2020,09:34:32,7.8,7.75,1350,7.8,1125,2325,2479575
NIFTY09JAN2012300CE.NFO,07/01/2020,09:34:33,7.75,7.75,150,7.8,5325,1050,2479575
NIFTY09JAN2012300CE.NFO,07/01/2020,09:34:34,7.75,7.7,750,7.75,2025,8400,2479575
NIFTY09JAN2012300CE.NFO,07/01/2020,09:34:36,7.75,7.7,3000,7.8,2475,2925,2479575
NIFTY09JAN2012300CE.NFO,07/01/2020,09:34:36,7.75,7.7,2700,7.8,3225,600,2479575
NIFTY09JAN2012300CE.NFO,07/01/2020,09:34:37,7.8,7.75,2100,7.8,1650,375,2479575
NIFTY09JAN2012300CE.NFO,07/01/2020,09:34:38,7.8,7.8,975,7.85,1050,3750,2479575
NIFTY09JAN2012300CE.NFO,07/01/2020,09:34:39,7.7,7.75,150,7.8,3450,1200,2479575
NIFTY09JAN2012300CE.NFO,07/01/2020,09:34:41,7.7,7.7,1950,7.75,1125,1800,2479575
NIFTY09JAN2012300CE.NFO,07/01/2020,09:34:41,7.7,7.7,975,7.75,2400,75,2479575
NIFTY09JAN2012300CE.NFO,07/01/2020,09:34:42,7.75,7.7,3075,7.75,2100,1425,2479575
NIFTY09JAN2012300CE.NFO,07/01/2020,09:34:43,7.7,7.7,1650,7.75,2100,675,2479575
NIFTY09JAN2012300CE.NFO,07/01/2020,09:34:44,7.65,7.6,1650,7.65,1350,2850,2479575
NIFTY09JAN2012300CE.NFO,07/01/2020,09:34:45,7.65,7.6,2700,7.7,3600,75,2479575
NIFTY09JAN2012300CE.NFO,07/01/2020,09:34:46,7.65,7.6,75,7.65,975,300,2479575
NIFTY09JAN2012300CE.NFO,07/01/2020,09:34:47,7.6,7.6,2100,7.65,675,2175,2479575
NIFTY09JAN2012300CE.NFO,07/01/2020,09:34:48,7.7,7.6,2325,7.7,2550,2100,2479575
NIFTY09JAN2012300CE.NFO,07/01/2020,09:34:49,7.6,7.6,3450,7.7,3825,225,2479575
NIFTY09JAN2012300CE.NFO,07/01/2020,09:34:50,7.6,7.6,75,7.65,3525,300,2479575
NIFTY09JAN2012300CE.NFO,07/01/2020,09:34:51,7.6,7.55,1200,7.6,975,450,2479575
NIFTY09JAN2012300CE.NFO,07/01/2020,09:34:52,7.5,7.5,75,7.55,2250,8850,2479575
NIFTY09JAN2012300CE.NFO,07/01/2020,09:34:53,7.5,7.5,75,7.55,1725,225,2479575
NIFTY09JAN2012300CE.NFO,07/01/2020,09:34:54,7.45,7.45,2325,7.5,675,3075,2479575
NIFTY09JAN2012300CE.NFO,07/01/2020,09:34:55,7.55,7.5,1650,7.55,825,900,2479575
NIFTY09JAN2012300CE.NFO,07/01/2020,09:34:56,7.5,7.5,2100,7.55,525,1350,2479575
NIFTY09JAN2012300CE.NFO,07/01/2020,09:34:57,7.55,7.55,1650,7.6,1425,150,2479575
NIFTY09JAN2012300CE.NFO,07/01/2020,09:34:58,7.65,7.6,3450,7.7,3300,825,2479575
NIFTY09JAN2012300CE.NFO,07/01/2020,09:34:59,7.65,7.65,1200,7.7,2100,900,2479575
NIFTY09JAN2012300CE.NFO,07/01/2020,09:35:00,7.7,7.7,375,7.75,2400,5325,2479575
NIFTY09JAN2012300CE.NFO,07/01/2020,09:35:01,7.7,7.7,225,7.75,2400,0,2479575
NIFTY09JAN2012300CE.NFO,07/01/2020,09:35:02,7.7,7.7,75,7.75,3000,3600,2479575
NIFTY09JAN2012300CE.NFO,07/01/2020,09:35:03,7.7,7.7,2475,7.75,1125,600,2479575
NIFTY09JAN2012300CE.NFO,07/01/2020,09:35:04,7.75,7.65,2400,7.7,2550,5025,2479575
NIFTY09JAN2012300CE.NFO,07/01/2020,09:35:05,7.65,7.65,4275,7.75,2925,5700,2479575
NIFTY09JAN2012300CE.NFO,07/01/2020,09:35:06,7.75,7.7,75,7.75,1950,3525,2479575
NIFTY09JAN2012300CE.NFO,07/01/2020,09:35:07,7.65,7.6,1500,7.65,975,2175,2479575
NIFTY09JAN2012300CE.NFO,07/01/2020,09:35:08,7.65,7.6,75,7.65,3375,2325,2479575
NIFTY09JAN2012300CE.NFO,07/01/2020,09:35:09,7.65,7.6,2475,7.65,300,75,2479575
NIFTY09JAN2012300CE.NFO,07/01/2020,09:35:10,7.7,7.7,1575,7.75,2100,4575,2479575
NIFTY09JAN2012300CE.NFO,07/01/2020,09:35:11,7.7,7.7,2025,7.75,2175,150,2479575
NIFTY09JAN2012300CE.NFO,07/01/2020,09:35:12,7.65,7.6,4125,7.7,6150,1575,2470050
NIFTY09JAN2012300CE.NFO,07/01/2020,09:35:13,7.7,7.65,1350,7.7,3375,225,2470050
NIFTY09JAN2012300CE.NFO,07/01/2020,09:35:14,7.7,7.7,2325,7.75,1425,2475,2470050
NIFTY09JAN2012300CE.NFO,07/01/2020,09:35:15,7.75,7.7,1350,7.75,1725,1500,2470050
NIFTY09JAN2012300CE.NFO,07/01/2020,09:35:16,7.8,7.75,1425,7.8,2025,750,2470050
NIFTY09JAN2012300CE.NFO,07/01/2020,09:35:17,7.75,7.75,1575,7.8,375,1125,2470050
NIFTY09JAN2012300CE.NFO,07/01/2020,09:35:18,7.8,7.75,2175,7.8,1275,1350,2470050
NIFTY09JAN2012300CE.NFO,07/01/2020,09:35:19,7.75,7.7,2175,7.8,2925,825,2470050
NIFTY09JAN2012300CE.NFO,07/01/2020,09:35:20,7.75,7.7,1125,7.75,1200,375,2470050
NIFTY09JAN2012300CE.NFO,07/01/2020,09:35:21,7.7,7.65,2175,7.75,4950,375,2470050
NIFTY09JAN2012300CE.NFO,07/01/2020,09:35:22,7.65,7.65,900,7.7,2250,150,2470050
NIFTY09JAN2012300CE.NFO,07/01/2020,09:35:23,7.7,7.65,375,7.7,3675,300,2470050
NIFTY09JAN2012300CE.NFO,07/01/2020,09:35:24,7.7,7.65,525,7.7,1650,75,2470050
NIFTY09JAN2012300CE.NFO,07/01/2020,09:35:25,7.65,7.6,3525,7.65,75,3300,2470050
NIFTY09JAN2012300CE.NFO,07/01/2020,09:35:26,7.65,7.6,1200,7.65,2550,4650,2470050
NIFTY09JAN2012300CE.NFO,07/01/2020,09:35:27,7.6,7.55,6000,7.65,2250,3225,2470050
NIFTY09JAN2012300CE.NFO,07/01/2020,09:35:28,7.55,7.6,150,7.65,4725,1200,2470050
NIFTY09JAN2012300CE.NFO,07/01/2020,09:35:29,7.6,7.55,5325,7.65,2475,900,2470050
NIFTY09JAN2012300CE.NFO,07/01/2020,09:35:30,7.55,7.55,2325,7.6,525,1275,2470050
NIFTY09JAN2012300CE.NFO,07/01/2020,09:35:31,7.55,7.5,8400,7.6,2475,4050,2470050
NIFTY09JAN2012300CE.NFO,07/01/2020,09:35:32,7.6,7.55,900,7.6,150,2625,2470050
NIFTY09JAN2012300CE.NFO,07/01/2020,09:35:33,7.6,7.55,1650,7.6,4725,825,2470050
NIFTY09JAN2012300CE.NFO,07/01/2020,09:35:34,7.55,7.55,225,7.6,6150,300,2470050
NIFTY09JAN2012300CE.NFO,07/01/2020,09:35:35,7.6,7.55,75,7.6,5850,3375,2470050
NIFTY09JAN2012300CE.NFO,07/01/2020,09:35:36,7.6,7.55,75,7.6,3600,3675,2470050
