Ticker,Date,Time,LTP,BuyPrice,BuyQty,SellPrice,SellQty,LTQ,OpenInterest
NIFTY16JAN2011800CE.NFO,07/01/2020,09:33:55,360,353.5,75,366.2,75,75,375
NIFTY16JAN2011800CE.NFO,07/01/2020,09:33:55,360,353.5,75,366.2,75,0,375
NIFTY16JAN2011800CE.NFO,07/01/2020,09:33:55,360,353.5,75,366.2,75,0,375
NIFTY16JAN2011800CE.NFO,07/01/2020,09:33:55,360,353.5,75,366.2,75,0,375
NIFTY16JAN2011800CE.NFO,07/01/2020,09:33:56,360,353.7,75,366.2,75,0,375
NIFTY16JAN2011800CE.NFO,07/01/2020,09:34:01,360,353.9,75,366.2,75,0,375
NIFTY16JAN2011800CE.NFO,07/01/2020,09:34:02,360,354.2,75,366.2,75,0,375
NIFTY16JAN2011800CE.NFO,07/01/2020,09:34:03,360,354.75,75,366.2,75,0,375
NIFTY16JAN2011800CE.NFO,07/01/2020,09:34:06,360,354.85,75,366.2,75,0,375
NIFTY16JAN2011800CE.NFO,07/01/2020,09:34:09,360,354.85,75,368.45,75,0,375
NIFTY16JAN2011800CE.NFO,07/01/2020,09:34:11,360,354.85,75,368.4,75,0,375
NIFTY16JAN2011800CE.NFO,07/01/2020,09:34:14,360,353.85,75,368.4,75,0,375
NIFTY16JAN2011800CE.NFO,07/01/2020,09:34:15,360,354.15,75,368.4,75,0,375
NIFTY16JAN2011800CE.NFO,07/01/2020,09:34:16,360,354.15,75,368.05,75,0,375
NIFTY16JAN2011800CE.NFO,07/01/2020,09:34:19,360,353.45,150,367.45,75,0,375
NIFTY16JAN2011800CE.NFO,07/01/2020,09:34:21,360,353.5,75,367.45,75,0,375
NIFTY16JAN2011800CE.NFO,07/01/2020,09:34:25,360,353.5,75,367.3,75,0,375
NIFTY16JAN2011800CE.NFO,07/01/2020,09:34:27,360,353.45,150,367.25,75,0,375
NIFTY16JAN2011800CE.NFO,07/01/2020,09:34:28,360,353.45,150,367,75,0,375
NIFTY16JAN2011800CE.NFO,07/01/2020,09:34:29,360,351.35,225,366.35,75,0,375
NIFTY16JAN2011800CE.NFO,07/01/2020,09:34:30,360,351.35,225,366.2,75,0,375
NIFTY16JAN2011800CE.NFO,07/01/2020,09:34:31,360,351.35,225,365.95,75,0,375
NIFTY16JAN2011800CE.NFO,07/01/2020,09:34:33,360,351.35,225,365.9,75,0,375
NIFTY16JAN2011800CE.NFO,07/01/2020,09:34:34,360,351.35,225,365.45,75,0,375
NIFTY16JAN2011800CE.NFO,07/01/2020,09:34:35,360,351.4,75,364.75,75,0,375
NIFTY16JAN2011800CE.NFO,07/01/2020,09:34:47,360,351.35,150,364.65,75,0,375
NIFTY16JAN2011800CE.NFO,07/01/2020,09:34:50,360,351.4,75,364.65,75,0,375
NIFTY16JAN2011800CE.NFO,07/01/2020,09:34:53,360,351.35,150,364.55,75,0,375
NIFTY16JAN2011800CE.NFO,07/01/2020,09:34:55,360,351.35,150,364.25,75,0,375
NIFTY16JAN2011800CE.NFO,07/01/2020,09:34:57,360,351.35,150,364.15,75,0,375
NIFTY16JAN2011800CE.NFO,07/01/2020,09:34:59,360,351.4,75,364.15,75,0,375
NIFTY16JAN2011800CE.NFO,07/01/2020,09:35:08,360,351.35,150,364.15,75,0,375
NIFTY16JAN2011800CE.NFO,07/01/2020,09:35:11,360,351.4,75,364.15,75,0,375
NIFTY16JAN2011800CE.NFO,07/01/2020,09:35:12,360,351.35,150,364.15,75,0,375
NIFTY16JAN2011800CE.NFO,07/01/2020,09:35:18,360,349.2,75,364.15,75,0,375
NIFTY16JAN2011800CE.NFO,07/01/2020,09:35:19,360,350,75,364.15,75,0,375
NIFTY16JAN2011800CE.NFO,07/01/2020,09:35:20,360,350,75,364.1,75,0,375
NIFTY16JAN2011800CE.NFO,07/01/2020,09:35:22,360,350,75,364.1,225,0,375
NIFTY16JAN2011800CE.NFO,07/01/2020,09:35:24,360,350,75,364,75,0,375
NIFTY16JAN2011800CE.NFO,07/01/2020,09:35:29,360,350,75,363.5,75,0,375
NIFTY16JAN2011800CE.NFO,07/01/2020,09:35:35,360,349.2,75,363.5,75,0,375
NIFTY16JAN2011800CE.NFO,07/01/2020,09:35:36,360,349.2,75,363.35,75,0,375
NIFTY16JAN2011800CE.NFO,07/01/2020,09:35:37,360,349.2,75,363.3,75,0,375
NIFTY16JAN2011800CE.NFO,07/01/2020,09:35:39,360,349.2,75,363.2,75,0,375
NIFTY16JAN2011800CE.NFO,07/01/2020,09:35:40,360,349.15,150,363.15,75,0,375
NIFTY16JAN2011800CE.NFO,07/01/2020,09:35:41,360,349.15,150,362.65,75,0,375
NIFTY16JAN2011800CE.NFO,07/01/2020,09:35:42,360,349.15,150,362.15,75,0,375
NIFTY16JAN2011800CE.NFO,07/01/2020,09:35:43,360,349.15,150,361.95,75,0,375
NIFTY16JAN2011800CE.NFO,07/01/2020,09:35:44,360,345.3,75,361.05,75,0,375
NIFTY16JAN2011800CE.NFO,07/01/2020,09:35:46,360,345.45,75,361.05,75,0,375
NIFTY16JAN2011800CE.NFO,07/01/2020,09:35:47,360,345.45,75,360.9,75,0,375
NIFTY16JAN2011800CE.NFO,07/01/2020,09:35:49,360,345.95,75,360.9,75,0,375
NIFTY16JAN2011800CE.NFO,07/01/2020,09:35:50,360,346.95,75,360.9,75,0,375
NIFTY16JAN2011800CE.NFO,07/01/2020,09:35:53,360,347.15,75,362.9,75,0,375
NIFTY16JAN2011800CE.NFO,07/01/2020,09:35:55,360,347.25,75,362.9,75,0,375
NIFTY16JAN2011800CE.NFO,07/01/2020,09:35:57,360,347.9,75,362.85,75,0,375
NIFTY16JAN2011800CE.NFO,07/01/2020,09:35:58,360,348.05,75,362.85,75,0,375
NIFTY16JAN2011800CE.NFO,07/01/2020,09:36:03,360,348.25,75,362.85,75,0,375
NIFTY16JAN2011800CE.NFO,07/01/2020,09:36:07,360,348.3,75,362.85,75,0,375
NIFTY16JAN2011800CE.NFO,07/01/2020,09:36:09,360,348.6,75,362.85,75,0,375
NIFTY16JAN2011800CE.NFO,07/01/2020,09:36:12,360,349.35,75,362.85,75,0,375
NIFTY16JAN2011800CE.NFO,07/01/2020,09:36:13,360,349.4,75,364.9,225,0,375
NIFTY16JAN2011800CE.NFO,07/01/2020,09:36:14,360,349.55,75,364.85,75,0,375
NIFTY16JAN2011800CE.NFO,07/01/2020,09:36:16,360,349.55,75,364.55,75,0,375
NIFTY16JAN2011800CE.NFO,07/01/2020,09:36:17,360,349.55,75,364.35,75,0,375
NIFTY16JAN2011800CE.NFO,07/01/2020,09:36:18,360,349.55,75,363.1,75,0,375
NIFTY16JAN2011800CE.NFO,07/01/2020,09:36:38,360,349.65,75,363.1,75,0,375
NIFTY16JAN2011800CE.NFO,07/01/2020,09:36:43,360,349.7,75,363.1,75,0,375
NIFTY16JAN2011800CE.NFO,07/01/2020,09:36:50,360,349.7,75,364.65,75,0,375
NIFTY16JAN2011800CE.NFO,07/01/2020,09:36:51,360,349.75,75,364.65,75,0,375
NIFTY16JAN2011800CE.NFO,07/01/2020,09:36:52,360,350,75,364.65,75,0,375
NIFTY16JAN2011800CE.NFO,07/01/2020,09:36:53,360,350.25,75,364.65,75,0,375
NIFTY16JAN2011800CE.NFO,07/01/2020,09:36:55,360,350.55,75,364.65,75,0,375
NIFTY16JAN2011800CE.NFO,07/01/2020,09:37:28,360,350.55,75,364.5,75,0,375
NIFTY16JAN2011800CE.NFO,07/01/2020,09:37:29,360,348.45,150,364.5,75,0,375
NIFTY16JAN2011800CE.NFO,07/01/2020,09:37:30,360,349.35,75,364.5,75,0,375
NIFTY16JAN2011800CE.NFO,07/01/2020,09:37:31,360,349.35,75,364.45,75,0,375
NIFTY16JAN2011800CE.NFO,07/01/2020,09:37:34,360,349.35,75,363.65,75,0,375
NIFTY16JAN2011800CE.NFO,07/01/2020,09:37:42,360,349.45,75,363.65,75,0,375
NIFTY16JAN2011800CE.NFO,07/01/2020,09:37:49,360,349.65,75,363.65,75,0,375
NIFTY16JAN2011800CE.NFO,07/01/2020,09:37:53,360,350,75,363.65,75,0,375
NIFTY16JAN2011800CE.NFO,07/01/2020,09:38:09,360,350,75,363.6,75,0,375
NIFTY16JAN2011800CE.NFO,07/01/2020,09:38:26,360,348.5,75,363.6,75,0,375
NIFTY16JAN2011800CE.NFO,07/01/2020,09:38:29,360,348.55,75,363.4,75,0,375
NIFTY16JAN2011800CE.NFO,07/01/2020,09:38:30,360,348.55,75,362.8,75,0,375
NIFTY16JAN2011800CE.NFO,07/01/2020,09:38:41,360,348.55,75,362.6,75,0,375
NIFTY16JAN2011800CE.NFO,07/01/2020,09:38:47,360,348.45,150,362.5,75,0,375
NIFTY16JAN2011800CE.NFO,07/01/2020,09:38:48,360,348.45,150,361.55,75,0,375
NIFTY16JAN2011800CE.NFO,07/01/2020,09:38:52,360,348.45,150,361.5,75,0,375
NIFTY16JAN2011800CE.NFO,07/01/2020,09:39:09,360,348.5,75,361.5,75,0,375
NIFTY16JAN2011800CE.NFO,07/01/2020,09:39:13,360,348.5,75,363.65,75,0,375
NIFTY16JAN2011800CE.NFO,07/01/2020,09:39:15,360,348.75,75,363.65,75,0,375
NIFTY16JAN2011800CE.NFO,07/01/2020,09:39:19,360,348.8,75,363.65,75,0,375
NIFTY16JAN2011800CE.NFO,07/01/2020,09:39:19,360,349.25,75,363.65,75,0,375
NIFTY16JAN2011800CE.NFO,07/01/2020,09:39:20,360,349.4,75,363.65,75,0,375
NIFTY16JAN2011800CE.NFO,07/01/2020,09:39:21,360,349.65,75,363.65,75,0,375
NIFTY16JAN2011800CE.NFO,07/01/2020,09:39:25,360,349.65,75,365,75,0,375
NIFTY16JAN2011800CE.NFO,07/01/2020,09:39:27,360,349.85,75,365,75,0,375
NIFTY16JAN2011800CE.NFO,07/01/2020,09:39:29,360,349.95,75,365,75,0,375
NIFTY16JAN2011800CE.NFO,07/01/2020,09:39:37,360,350,75,365,75,0,375
NIFTY16JAN2011800CE.NFO,07/01/2020,09:39:40,360,350.05,75,365,75,0,375
NIFTY16JAN2011800CE.NFO,07/01/2020,09:39:41,360,350.1,75,365,75,0,375
NIFTY16JAN2011800CE.NFO,07/01/2020,09:39:45,360,350.85,75,365,75,0,375
NIFTY16JAN2011800CE.NFO,07/01/2020,09:39:49,360,350.9,75,365,75,0,375
NIFTY16JAN2011800CE.NFO,07/01/2020,09:39:51,360,350.95,75,365,75,0,375
NIFTY16JAN2011800CE.NFO,07/01/2020,09:40:00,360,350.95,225,365.8,75,0,375
NIFTY16JAN2011800CE.NFO,07/01/2020,09:40:01,360,352.5,75,365.85,150,0,375
NIFTY16JAN2011800CE.NFO,07/01/2020,09:40:04,360,352.95,75,367.95,75,0,375
NIFTY16JAN2011800CE.NFO,07/01/2020,09:40:05,360,353.15,75,367.95,75,0,375
NIFTY16JAN2011800CE.NFO,07/01/2020,09:40:06,360,354.65,75,368.45,75,0,375
NIFTY16JAN2011800CE.NFO,07/01/2020,09:40:08,360,355.15,75,368.5,150,0,375
NIFTY16JAN2011800CE.NFO,07/01/2020,09:40:10,360,355.15,75,368.45,75,0,375
NIFTY16JAN2011800CE.NFO,07/01/2020,09:40:16,360,352.8,75,368.45,75,0,375
NIFTY16JAN2011800CE.NFO,07/01/2020,09:40:18,360,352.8,225,368.4,75,0,375
NIFTY16JAN2011800CE.NFO,07/01/2020,09:40:19,360,352.8,225,368.3,75,0,375
NIFTY16JAN2011800CE.NFO,07/01/2020,09:40:20,360,352.8,225,367.45,75,0,375
NIFTY16JAN2011800CE.NFO,07/01/2020,09:40:23,360,352.8,225,367.35,75,0,375
NIFTY16JAN2011800CE.NFO,07/01/2020,09:40:31,360,353,75,367.35,75,0,375
NIFTY16JAN2011800CE.NFO,07/01/2020,09:40:32,360,353,75,367.3,75,0,375
NIFTY16JAN2011800CE.NFO,07/01/2020,09:40:35,360,353,75,367.25,75,0,375
NIFTY16JAN2011800CE.NFO,07/01/2020,09:40:36,360,353,75,366.6,75,0,375
NIFTY16JAN2011800CE.NFO,07/01/2020,09:40:59,360,353,75,366.45,75,0,375
NIFTY16JAN2011800CE.NFO,07/01/2020,09:41:00,360,353,75,367.65,75,0,375
NIFTY16JAN2011800CE.NFO,07/01/2020,09:41:01,360,353,75,367.15,75,0,375
NIFTY16JAN2011800CE.NFO,07/01/2020,09:41:05,360,352.8,150,367.1,75,0,375
NIFTY16JAN2011800CE.NFO,07/01/2020,09:41:06,360,352.85,75,366.9,75,0,375
NIFTY16JAN2011800CE.NFO,07/01/2020,09:41:10,360,352.85,75,366.65,75,0,375
NIFTY16JAN2011800CE.NFO,07/01/2020,09:41:11,360,352.85,75,366.5,75,0,375
NIFTY16JAN2011800CE.NFO,07/01/2020,09:41:13,360,352.85,75,366.45,75,0,375
NIFTY16JAN2011800CE.NFO,07/01/2020,09:41:25,360,352.85,75,366.4,75,0,375
NIFTY16JAN2011800CE.NFO,07/01/2020,09:41:26,360,352.85,75,366.4,225,0,375
NIFTY16JAN2011800CE.NFO,07/01/2020,09:41:27,360,352.85,75,366.35,75,0,375
NIFTY16JAN2011800CE.NFO,07/01/2020,09:41:37,360,352.9,75,366.35,75,0,375
NIFTY16JAN2011800CE.NFO,07/01/2020,09:41:42,360,353,75,366.35,75,0,375
NIFTY16JAN2011800CE.NFO,07/01/2020,09:41:51,360,353.05,75,366.35,75,0,375
NIFTY16JAN2011800CE.NFO,07/01/2020,09:42:01,360,353.05,75,366.25,75,0,375
NIFTY16JAN2011800CE.NFO,07/01/2020,09:42:02,360,353.05,75,366.2,75,0,375
NIFTY16JAN2011800CE.NFO,07/01/2020,09:42:04,360,353.05,75,366.15,75,0,375
NIFTY16JAN2011800CE.NFO,07/01/2020,09:42:08,360,353.05,75,366.1,75,0,375
NIFTY16JAN2011800CE.NFO,07/01/2020,09:42:13,360,353.05,75,365.9,75,0,375
NIFTY16JAN2011800CE.NFO,07/01/2020,09:42:22,360,353.05,75,365.8,75,0,375
NIFTY16JAN2011800CE.NFO,07/01/2020,09:42:26,360,353.4,75,366.35,75,0,375
NIFTY16JAN2011800CE.NFO,07/01/2020,09:42:28,360,353.9,75,366.35,75,0,375
NIFTY16JAN2011800CE.NFO,07/01/2020,09:42:29,360,353.95,75,368.45,75,0,375
NIFTY16JAN2011800CE.NFO,07/01/2020,09:42:30,360,354.05,75,368.45,75,0,375
NIFTY16JAN2011800CE.NFO,07/01/2020,09:42:31,360,354.1,75,368.25,75,0,375
NIFTY16JAN2011800CE.NFO,07/01/2020,09:42:32,360,354.35,75,368.25,75,0,375
NIFTY16JAN2011800CE.NFO,07/01/2020,09:42:34,360,355,75,368.25,75,0,375
NIFTY16JAN2011800CE.NFO,07/01/2020,09:42:35,360,355.1,75,368.25,75,0,375
NIFTY16JAN2011800CE.NFO,07/01/2020,09:42:36,360,355.2,75,368.25,75,0,375
NIFTY16JAN2011800CE.NFO,07/01/2020,09:42:38,360,355.35,75,368.25,75,0,375
NIFTY16JAN2011800CE.NFO,07/01/2020,09:42:39,360,355.85,75,368.25,75,0,375
NIFTY16JAN2011800CE.NFO,07/01/2020,09:42:45,360,353.85,75,368.25,75,0,375
NIFTY16JAN2011800CE.NFO,07/01/2020,09:42:47,360,353.85,75,368.05,75,0,375
NIFTY16JAN2011800CE.NFO,07/01/2020,09:42:48,360,353.85,75,367.75,75,0,375
NIFTY16JAN2011800CE.NFO,07/01/2020,09:42:50,360,353.85,75,367.2,75,0,375
NIFTY16JAN2011800CE.NFO,07/01/2020,09:42:51,360,353.85,75,367.15,75,0,375
NIFTY16JAN2011800CE.NFO,07/01/2020,09:42:53,360,353.85,75,367.1,75,0,375
NIFTY16JAN2011800CE.NFO,07/01/2020,09:42:54,360,353.85,75,366.95,75,0,375
NIFTY16JAN2011800CE.NFO,07/01/2020,09:43:00,360,353.85,75,366.9,75,0,375
NIFTY16JAN2011800CE.NFO,07/01/2020,09:43:01,360,353.85,75,366.4,75,0,375
NIFTY16JAN2011800CE.NFO,07/01/2020,09:43:06,360,353.85,75,366.2,75,0,375
NIFTY16JAN2011800CE.NFO,07/01/2020,09:43:09,360,352.85,75,366,75,0,375
NIFTY16JAN2011800CE.NFO,07/01/2020,09:43:22,360,353.15,75,366,75,0,375
NIFTY16JAN2011800CE.NFO,07/01/2020,09:43:24,360,353.2,75,366,75,0,375
NIFTY16JAN2011800CE.NFO,07/01/2020,09:43:53,360,353.5,75,368.25,75,0,375
NIFTY16JAN2011800CE.NFO,07/01/2020,09:43:54,360,353.55,75,368.05,75,0,375
NIFTY16JAN2011800CE.NFO,07/01/2020,09:43:56,360,353.55,75,367.55,75,0,375
NIFTY16JAN2011800CE.NFO,07/01/2020,09:43:57,360,353.55,75,367.45,75,0,375
NIFTY16JAN2011800CE.NFO,07/01/2020,09:44:01,360,353.6,75,367.45,75,0,375
NIFTY16JAN2011800CE.NFO,07/01/2020,09:44:04,360,354.25,75,367.45,75,0,375
NIFTY16JAN2011800CE.NFO,07/01/2020,09:44:12,360,354.35,75,367.45,75,0,375
NIFTY16JAN2011800CE.NFO,07/01/2020,09:44:14,360,354.4,75,367.45,75,0,375
NIFTY16JAN2011800CE.NFO,07/01/2020,09:44:15,360,354.45,75,367.45,75,0,375
NIFTY16JAN2011800CE.NFO,07/01/2020,09:44:16,360,354.5,75,367.45,75,0,375
NIFTY16JAN2011800CE.NFO,07/01/2020,09:44:17,360,354.75,75,367.45,75,0,375
NIFTY16JAN2011800CE.NFO,07/01/2020,09:44:18,360,354.8,75,367.45,75,0,375
NIFTY16JAN2011800CE.NFO,07/01/2020,09:44:19,360,355.15,75,367.45,75,0,375
NIFTY16JAN2011800CE.NFO,07/01/2020,09:44:21,360,355.15,75,368.45,75,0,375
NIFTY16JAN2011800CE.NFO,07/01/2020,09:44:27,360,355.2,75,368.45,75,0,375
NIFTY16JAN2011800CE.NFO,07/01/2020,09:44:28,360,355.2,75,368,75,0,375
NIFTY16JAN2011800CE.NFO,07/01/2020,09:44:33,360,355.2,375,367.9,75,0,375
NIFTY16JAN2011800CE.NFO,07/01/2020,09:44:36,360,355.2,300,367.85,75,0,375
NIFTY16JAN2011800CE.NFO,07/01/2020,09:44:37,360,355.25,75,367.85,75,0,375
NIFTY16JAN2011800CE.NFO,07/01/2020,09:45:03,360,355.25,75,368.45,75,0,375
NIFTY16JAN2011800CE.NFO,07/01/2020,09:45:05,360,355.3,75,368.45,75,0,375
NIFTY16JAN2011800CE.NFO,07/01/2020,09:45:06,360,355.55,75,368.45,75,0,375
NIFTY16JAN2011800CE.NFO,07/01/2020,09:45:07,360,356.05,75,368.5,300,0,375
NIFTY16JAN2011800CE.NFO,07/01/2020,09:45:09,360,356.15,75,370.55,300,0,375
NIFTY16JAN2011800CE.NFO,07/01/2020,09:45:10,360,358,75,370.5,75,0,375
NIFTY16JAN2011800CE.NFO,07/01/2020,09:45:12,360,356.75,75,370.5,75,0,375
NIFTY16JAN2011800CE.NFO,07/01/2020,09:45:13,360,356.85,75,370.5,75,0,375
NIFTY16JAN2011800CE.NFO,07/01/2020,09:45:14,360,357.05,75,370.5,75,0,375
NIFTY16JAN2011800CE.NFO,07/01/2020,09:45:16,360,357.95,75,370.5,75,0,375
NIFTY16JAN2011800CE.NFO,07/01/2020,09:45:17,360,358.35,75,370.55,300,0,375
NIFTY16JAN2011800CE.NFO,07/01/2020,09:45:20,360,358.35,75,370.5,75,0,375
NIFTY16JAN2011800CE.NFO,07/01/2020,09:45:42,360,358.35,375,370.5,75,0,375
NIFTY16JAN2011800CE.NFO,07/01/2020,09:45:48,360,358.35,375,372.6,300,0,375
NIFTY16JAN2011800CE.NFO,07/01/2020,09:45:49,360,358.35,375,371.5,75,0,375
NIFTY16JAN2011800CE.NFO,07/01/2020,09:45:50,360,358.35,375,371.3,75,0,375
NIFTY16JAN2011800CE.NFO,07/01/2020,09:46:02,360,358.4,75,371,75,0,375
NIFTY16JAN2011800CE.NFO,07/01/2020,09:46:08,360,358.4,75,370.8,75,0,375
NIFTY16JAN2011800CE.NFO,07/01/2020,09:46:17,360,358.35,300,370.8,75,0,375
NIFTY16JAN2011800CE.NFO,07/01/2020,09:46:20,360,358.35,300,370.4,75,0,375
NIFTY16JAN2011800CE.NFO,07/01/2020,09:46:27,360,356.3,75,370.4,75,0,375
NIFTY16JAN2011800CE.NFO,07/01/2020,09:46:28,360,356.3,75,370.1,75,0,375
NIFTY16JAN2011800CE.NFO,07/01/2020,09:46:30,360,356.3,375,370.1,75,0,375
NIFTY16JAN2011800CE.NFO,07/01/2020,09:46:32,360,356.3,375,370,75,0,375
NIFTY16JAN2011800CE.NFO,07/01/2020,09:46:34,360,356.3,375,369.6,75,0,375
NIFTY16JAN2011800CE.NFO,07/01/2020,09:46:36,360,356.3,375,369.5,75,0,375
NIFTY16JAN2011800CE.NFO,07/01/2020,09:46:38,360,356.3,375,369.3,75,0,375
NIFTY16JAN2011800CE.NFO,07/01/2020,09:46:39,360,356.3,300,369.3,75,0,375
NIFTY16JAN2011800CE.NFO,07/01/2020,09:46:42,360,356.3,300,368.6,75,0,375
NIFTY16JAN2011800CE.NFO,07/01/2020,09:46:46,360,353.75,75,368.6,75,0,375
NIFTY16JAN2011800CE.NFO,07/01/2020,09:46:47,360,353.75,75,368.2,75,0,375
NIFTY16JAN2011800CE.NFO,07/01/2020,09:46:48,360,353.75,75,368.15,75,0,375
NIFTY16JAN2011800CE.NFO,07/01/2020,09:46:49,360,353.75,75,367.7,75,0,375
NIFTY16JAN2011800CE.NFO,07/01/2020,09:46:50,360,353.9,75,367.7,75,0,375
NIFTY16JAN2011800CE.NFO,07/01/2020,09:46:53,360,353.9,75,367.6,75,0,375
NIFTY16JAN2011800CE.NFO,07/01/2020,09:46:57,360,353.9,75,367.2,75,0,375
NIFTY16JAN2011800CE.NFO,07/01/2020,09:47:04,360,353.9,75,367.05,75,0,375
NIFTY16JAN2011800CE.NFO,07/01/2020,09:47:14,360,353.9,75,367.85,75,0,375
NIFTY16JAN2011800CE.NFO,07/01/2020,09:47:15,360,353.9,75,367.8,75,0,375
NIFTY16JAN2011800CE.NFO,07/01/2020,09:47:26,360,354.05,75,367.8,75,0,375
NIFTY16JAN2011800CE.NFO,07/01/2020,09:47:27,360,354.4,75,367.8,75,0,375
NIFTY16JAN2011800CE.NFO,07/01/2020,09:47:28,360,354.5,75,367.8,75,0,375
NIFTY16JAN2011800CE.NFO,07/01/2020,09:47:33,360,354.7,75,367.8,75,0,375
NIFTY16JAN2011800CE.NFO,07/01/2020,09:47:35,360,354.85,75,367.8,75,0,375
NIFTY16JAN2011800CE.NFO,07/01/2020,09:47:37,360,354.9,375,367.8,75,0,375
NIFTY16JAN2011800CE.NFO,07/01/2020,09:47:42,360,354.95,75,367.8,75,0,375
NIFTY16JAN2011800CE.NFO,07/01/2020,09:47:44,360,355,75,367.8,75,0,375
NIFTY16JAN2011800CE.NFO,07/01/2020,09:47:45,360,355.05,75,367.8,75,0,375
NIFTY16JAN2011800CE.NFO,07/01/2020,09:47:46,360,355.1,75,369.25,75,0,375
NIFTY16JAN2011800CE.NFO,07/01/2020,09:47:47,360,355.75,75,369.25,75,0,375
NIFTY16JAN2011800CE.NFO,07/01/2020,09:47:52,360,356,75,369.25,75,0,375
NIFTY16JAN2011800CE.NFO,07/01/2020,09:47:55,360,356.1,75,369.25,75,0,375
NIFTY16JAN2011800CE.NFO,07/01/2020,09:47:56,360,356.1,75,369,75,0,375
NIFTY16JAN2011800CE.NFO,07/01/2020,09:48:00,360,356.1,75,368.6,75,0,375
NIFTY16JAN2011800CE.NFO,07/01/2020,09:48:05,360,354.95,75,368.6,75,0,375
NIFTY16JAN2011800CE.NFO,07/01/2020,09:48:14,360,355,75,368.6,75,0,375
NIFTY16JAN2011800CE.NFO,07/01/2020,09:48:15,360,355,75,368.3,75,0,375
NIFTY16JAN2011800CE.NFO,07/01/2020,09:48:16,360,355,75,368.25,75,0,375
NIFTY16JAN2011800CE.NFO,07/01/2020,09:48:17,360,355,75,368.2,75,0,375
NIFTY16JAN2011800CE.NFO,07/01/2020,09:48:20,360,355,75,367.85,75,0,375
NIFTY16JAN2011800CE.NFO,07/01/2020,09:48:23,360,355,75,367.75,75,0,375
NIFTY16JAN2011800CE.NFO,07/01/2020,09:48:25,360,355,75,367.55,75,0,375
NIFTY16JAN2011800CE.NFO,07/01/2020,09:48:28,360,355,75,367.45,75,0,375
NIFTY16JAN2011800CE.NFO,07/01/2020,09:48:29,360,355,75,367.35,75,0,375
NIFTY16JAN2011800CE.NFO,07/01/2020,09:48:35,360,352.85,75,367.3,75,0,375
NIFTY16JAN2011800CE.NFO,07/01/2020,09:48:36,360,352.9,75,367.3,75,0,375
NIFTY16JAN2011800CE.NFO,07/01/2020,09:48:38,360,353,75,367.3,75,0,375
NIFTY16JAN2011800CE.NFO,07/01/2020,09:48:39,360,353,75,366.85,75,0,375
NIFTY16JAN2011800CE.NFO,07/01/2020,09:48:40,360,353,75,366.55,75,0,375
NIFTY16JAN2011800CE.NFO,07/01/2020,09:48:43,360,353,75,366.4,75,0,375
NIFTY16JAN2011800CE.NFO,07/01/2020,09:48:57,360,353,75,366.35,75,0,375
NIFTY16JAN2011800CE.NFO,07/01/2020,09:49:00,360,353,75,366.3,75,0,375
NIFTY16JAN2011800CE.NFO,07/01/2020,09:49:01,360,353,75,365.7,75,0,375
NIFTY16JAN2011800CE.NFO,07/01/2020,09:49:15,360,353.1,75,365.7,75,0,375
NIFTY16JAN2011800CE.NFO,07/01/2020,09:49:24,360,350.8,300,365.35,75,0,375
NIFTY16JAN2011800CE.NFO,07/01/2020,09:49:26,360,350.85,75,363.2,75,0,375
NIFTY16JAN2011800CE.NFO,07/01/2020,09:49:27,360,350.8,300,363.2,75,0,375
NIFTY16JAN2011800CE.NFO,07/01/2020,09:49:29,360,350.8,300,363.1,75,0,375
NIFTY16JAN2011800CE.NFO,07/01/2020,09:49:32,360,350.85,75,363.1,75,0,375
NIFTY16JAN2011800CE.NFO,07/01/2020,09:49:34,360,350.85,75,363,75,0,375
NIFTY16JAN2011800CE.NFO,07/01/2020,09:49:35,360,350.8,300,362.95,75,0,375
NIFTY16JAN2011800CE.NFO,07/01/2020,09:49:37,360,350.8,300,362.9,75,0,375
NIFTY16JAN2011800CE.NFO,07/01/2020,09:49:42,360,350.85,75,362.9,75,0,375
NIFTY16JAN2011800CE.NFO,07/01/2020,09:49:43,360,350.85,75,364.95,75,0,375
NIFTY16JAN2011800CE.NFO,07/01/2020,09:49:45,360,350.85,75,364.9,75,0,375
NIFTY16JAN2011800CE.NFO,07/01/2020,09:49:55,360,351,75,364.9,75,0,375
NIFTY16JAN2011800CE.NFO,07/01/2020,09:49:56,360,351.05,75,364.9,75,0,375
NIFTY16JAN2011800CE.NFO,07/01/2020,09:49:57,360,351.1,75,364.9,75,0,375
NIFTY16JAN2011800CE.NFO,07/01/2020,09:49:58,360,351.3,75,364.9,75,0,375
NIFTY16JAN2011800CE.NFO,07/01/2020,09:50:00,360,351.9,75,364.9,75,0,375
NIFTY16JAN2011800CE.NFO,07/01/2020,09:50:09,360,351.9,75,364.9,375,0,375
NIFTY16JAN2011800CE.NFO,07/01/2020,09:50:10,360,350.85,75,364.85,75,0,375
NIFTY16JAN2011800CE.NFO,07/01/2020,09:50:12,360,350.85,75,363.85,75,0,375
NIFTY16JAN2011800CE.NFO,07/01/2020,09:50:19,360,350.85,75,363.7,75,0,375
NIFTY16JAN2011800CE.NFO,07/01/2020,09:50:29,360,350.85,75,363.55,75,0,375
NIFTY16JAN2011800CE.NFO,07/01/2020,09:50:37,360,350.85,75,363.2,75,0,375
NIFTY16JAN2011800CE.NFO,07/01/2020,09:50:38,360,348.8,75,362.55,375,0,375
NIFTY16JAN2011800CE.NFO,07/01/2020,09:50:39,360,348.8,75,361.65,75,0,375
NIFTY16JAN2011800CE.NFO,07/01/2020,09:50:44,360,348.75,300,361.65,75,0,375
NIFTY16JAN2011800CE.NFO,07/01/2020,09:50:46,360,348.8,75,361.25,75,0,375
NIFTY16JAN2011800CE.NFO,07/01/2020,09:50:56,360,348.85,75,361.25,75,0,375
NIFTY16JAN2011800CE.NFO,07/01/2020,09:50:57,360,348.8,75,361.25,75,0,375
NIFTY16JAN2011800CE.NFO,07/01/2020,09:50:58,360,348.85,75,361.25,75,0,375
NIFTY16JAN2011800CE.NFO,07/01/2020,09:51:01,360,346.75,75,361.25,75,0,375
NIFTY16JAN2011800CE.NFO,07/01/2020,09:51:02,360,347.5,375,361.25,75,0,375
NIFTY16JAN2011800CE.NFO,07/01/2020,09:51:03,360,347.6,75,361.25,75,0,375
NIFTY16JAN2011800CE.NFO,07/01/2020,09:51:06,360,347.75,75,361.2,75,0,375
NIFTY16JAN2011800CE.NFO,07/01/2020,09:51:07,360,347.8,75,361.2,75,0,375
NIFTY16JAN2011800CE.NFO,07/01/2020,09:51:08,360,347.55,75,361.2,75,0,375
NIFTY16JAN2011800CE.NFO,07/01/2020,09:51:12,360,347.55,75,361.05,75,0,375
NIFTY16JAN2011800CE.NFO,07/01/2020,09:51:24,360,347.55,75,361,75,0,375
NIFTY16JAN2011800CE.NFO,07/01/2020,09:51:26,360,348,75,361,75,0,375
NIFTY16JAN2011800CE.NFO,07/01/2020,09:51:30,360,348.05,75,361,75,0,375
NIFTY16JAN2011800CE.NFO,07/01/2020,09:51:31,360,348.35,75,362.5,75,0,375
NIFTY16JAN2011800CE.NFO,07/01/2020,09:51:32,360,348.55,75,362.5,75,0,375
NIFTY16JAN2011800CE.NFO,07/01/2020,09:51:33,360,348.55,75,362.45,75,0,375
NIFTY16JAN2011800CE.NFO,07/01/2020,09:51:40,360,348.6,75,362.45,75,0,375
NIFTY16JAN2011800CE.NFO,07/01/2020,09:51:41,360,348.65,75,362.45,75,0,375
NIFTY16JAN2011800CE.NFO,07/01/2020,09:51:43,360,348.85,75,362.45,75,0,375
NIFTY16JAN2011800CE.NFO,07/01/2020,09:51:45,360,349.1,75,362.45,75,0,375
NIFTY16JAN2011800CE.NFO,07/01/2020,09:51:46,360,349.15,75,362.45,75,0,375
NIFTY16JAN2011800CE.NFO,07/01/2020,09:51:47,360,349.2,75,362.45,75,0,375
NIFTY16JAN2011800CE.NFO,07/01/2020,09:51:48,360,349.35,75,362.55,300,0,375
NIFTY16JAN2011800CE.NFO,07/01/2020,09:51:50,360,349.65,75,362.5,75,0,375
NIFTY16JAN2011800CE.NFO,07/01/2020,09:51:56,360,350.1,75,362.55,300,0,375
NIFTY16JAN2011800CE.NFO,07/01/2020,09:51:58,360,350.1,75,362.5,75,0,375
NIFTY16JAN2011800CE.NFO,07/01/2020,09:51:59,360,350.1,75,362.55,300,0,375
NIFTY16JAN2011800CE.NFO,07/01/2020,09:52:00,360,350.1,75,362.5,75,0,375
NIFTY16JAN2011800CE.NFO,07/01/2020,09:52:10,360,348.45,75,362.5,75,0,375
NIFTY16JAN2011800CE.NFO,07/01/2020,09:52:12,360,349.1,75,362.5,75,0,375
NIFTY16JAN2011800CE.NFO,07/01/2020,09:52:14,360,349.85,75,362.5,75,0,375
NIFTY16JAN2011800CE.NFO,07/01/2020,09:52:24,360,347.65,75,362.5,75,0,375
NIFTY16JAN2011800CE.NFO,07/01/2020,09:52:25,360,347.7,75,362.3,75,0,375
NIFTY16JAN2011800CE.NFO,07/01/2020,09:52:26,360,347.7,75,361.25,75,0,375
NIFTY16JAN2011800CE.NFO,07/01/2020,09:52:27,360,348.55,75,361.1,75,0,375
NIFTY16JAN2011800CE.NFO,07/01/2020,09:52:37,360,348.7,75,361.1,75,0,375
NIFTY16JAN2011800CE.NFO,07/01/2020,09:52:40,360,348.8,75,361.1,75,0,375
NIFTY16JAN2011800CE.NFO,07/01/2020,09:52:43,360,348.8,75,362.55,300,0,375
NIFTY16JAN2011800CE.NFO,07/01/2020,09:52:44,360,349,75,362.45,75,0,375
NIFTY16JAN2011800CE.NFO,07/01/2020,09:52:45,360,349.05,75,362.45,75,0,375
NIFTY16JAN2011800CE.NFO,07/01/2020,09:52:48,360,349.2,75,362.45,75,0,375
NIFTY16JAN2011800CE.NFO,07/01/2020,09:52:51,360,349.3,75,362.45,75,0,375
NIFTY16JAN2011800CE.NFO,07/01/2020,09:52:52,360,349.4,75,362.45,75,0,375
NIFTY16JAN2011800CE.NFO,07/01/2020,09:52:59,360,349.4,75,362.4,75,0,375
NIFTY16JAN2011800CE.NFO,07/01/2020,09:53:00,360,349.45,75,362.4,75,0,375
NIFTY16JAN2011800CE.NFO,07/01/2020,09:53:03,360,347.55,75,362.4,75,0,375
NIFTY16JAN2011800CE.NFO,07/01/2020,09:53:04,360,347.65,75,362.4,75,0,375
NIFTY16JAN2011800CE.NFO,07/01/2020,09:53:06,360,348.2,75,362.4,75,0,375
NIFTY16JAN2011800CE.NFO,07/01/2020,09:53:11,360,348.65,75,362.4,75,0,375
NIFTY16JAN2011800CE.NFO,07/01/2020,09:53:12,360,348.85,75,362.4,75,0,375
NIFTY16JAN2011800CE.NFO,07/01/2020,09:53:21,360,347.55,75,361.25,75,0,375
NIFTY16JAN2011800CE.NFO,07/01/2020,09:53:25,360,347.55,75,360.85,75,0,375
NIFTY16JAN2011800CE.NFO,07/01/2020,09:53:31,360,347.55,75,360.75,75,0,375
NIFTY16JAN2011800CE.NFO,07/01/2020,09:53:32,360,347.65,75,360.75,75,0,375
NIFTY16JAN2011800CE.NFO,07/01/2020,09:53:39,360,347.55,75,360.75,75,0,375
NIFTY16JAN2011800CE.NFO,07/01/2020,09:53:44,360,347.55,75,360.35,75,0,375
NIFTY16JAN2011800CE.NFO,07/01/2020,09:53:50,360,347.55,75,360.2,75,0,375
NIFTY16JAN2011800CE.NFO,07/01/2020,09:53:53,360,347.5,300,360.2,75,0,375
NIFTY16JAN2011800CE.NFO,07/01/2020,09:53:54,360,347.5,300,360.2,375,0,375
NIFTY16JAN2011800CE.NFO,07/01/2020,09:53:56,360,347.55,75,360.2,375,0,375
NIFTY16JAN2011800CE.NFO,07/01/2020,09:53:57,360,347.5,300,360.2,375,0,375
NIFTY16JAN2011800CE.NFO,07/01/2020,09:54:00,360,347.55,75,360.2,375,0,375
NIFTY16JAN2011800CE.NFO,07/01/2020,09:54:04,360,347.5,300,360.2,375,0,375
NIFTY16JAN2011800CE.NFO,07/01/2020,09:54:05,360,347.5,300,359.95,75,0,375
NIFTY16JAN2011800CE.NFO,07/01/2020,09:54:13,360,347.5,300,359.65,75,0,375
NIFTY16JAN2011800CE.NFO,07/01/2020,09:54:14,360,345.65,75,359.5,75,0,375
NIFTY16JAN2011800CE.NFO,07/01/2020,09:54:16,360,345.8,75,359.5,75,0,375
NIFTY16JAN2011800CE.NFO,07/01/2020,09:54:19,360,346.85,75,359.5,75,0,375
NIFTY16JAN2011800CE.NFO,07/01/2020,09:54:24,360,345.6,300,359.5,75,0,375
NIFTY16JAN2011800CE.NFO,07/01/2020,09:54:25,360,345.65,75,358.45,75,0,375
NIFTY16JAN2011800CE.NFO,07/01/2020,09:54:26,360,345.7,75,360.15,75,0,375
NIFTY16JAN2011800CE.NFO,07/01/2020,09:54:28,360,345.85,75,360.15,75,0,375
NIFTY16JAN2011800CE.NFO,07/01/2020,09:54:34,360,345.85,75,360.05,75,0,375
NIFTY16JAN2011800CE.NFO,07/01/2020,09:54:36,360,346.2,75,360.05,75,0,375
NIFTY16JAN2011800CE.NFO,07/01/2020,09:54:38,360,346.8,75,362.05,300,0,375
NIFTY16JAN2011800CE.NFO,07/01/2020,09:54:39,360,347.15,75,362,75,0,375
NIFTY16JAN2011800CE.NFO,07/01/2020,09:54:40,360,347.15,75,361.95,75,0,375
NIFTY16JAN2011800CE.NFO,07/01/2020,09:54:41,360,347.15,75,361.9,75,0,375
NIFTY16JAN2011800CE.NFO,07/01/2020,09:54:43,360,348.1,75,361.9,75,0,375
NIFTY16JAN2011800CE.NFO,07/01/2020,09:54:44,360,348.1,75,361.85,75,0,375
NIFTY16JAN2011800CE.NFO,07/01/2020,09:54:46,360,348.1,75,361.8,75,0,375
NIFTY16JAN2011800CE.NFO,07/01/2020,09:54:49,360,348.1,75,361.05,75,0,375
NIFTY16JAN2011800CE.NFO,07/01/2020,09:54:50,360,348.1,75,360.85,75,0,375
NIFTY16JAN2011800CE.NFO,07/01/2020,09:54:52,360,348.1,75,360.8,75,0,375
NIFTY16JAN2011800CE.NFO,07/01/2020,09:54:54,360,348.1,75,362,75,0,375
NIFTY16JAN2011800CE.NFO,07/01/2020,09:54:57,360,348.35,75,362,75,0,375
NIFTY16JAN2011800CE.NFO,07/01/2020,09:55:01,360,349,75,362.05,300,0,375
NIFTY16JAN2011800CE.NFO,07/01/2020,09:55:03,360,349.1,75,362.05,300,0,375
NIFTY16JAN2011800CE.NFO,07/01/2020,09:55:04,360,349.2,75,362.05,300,0,375
NIFTY16JAN2011800CE.NFO,07/01/2020,09:55:05,360,349.25,75,364.1,75,0,375
NIFTY16JAN2011800CE.NFO,07/01/2020,09:55:06,360,350.55,75,364.1,375,0,375
NIFTY16JAN2011800CE.NFO,07/01/2020,09:55:07,360,350.6,75,364.1,375,0,375
NIFTY16JAN2011800CE.NFO,07/01/2020,09:55:09,360,350.95,75,364.1,375,0,375
NIFTY16JAN2011800CE.NFO,07/01/2020,09:55:17,360,351.55,75,364.1,375,0,375
NIFTY16JAN2011800CE.NFO,07/01/2020,09:55:20,360,351.55,75,364.1,300,0,375
NIFTY16JAN2011800CE.NFO,07/01/2020,09:55:23,360,351.55,75,364.05,75,0,375
NIFTY16JAN2011800CE.NFO,07/01/2020,09:55:33,360,351.6,75,364.05,75,0,375
NIFTY16JAN2011800CE.NFO,07/01/2020,09:55:38,360,351.65,75,364.1,300,0,375
NIFTY16JAN2011800CE.NFO,07/01/2020,09:55:39,360,352.05,75,364.1,300,0,375
NIFTY16JAN2011800CE.NFO,07/01/2020,09:55:41,360,352.5,75,366.05,75,0,375
NIFTY16JAN2011800CE.NFO,07/01/2020,09:55:47,360,352.55,75,366.05,75,0,375
NIFTY16JAN2011800CE.NFO,07/01/2020,09:55:50,360,352.75,75,366.05,75,0,375
NIFTY16JAN2011800CE.NFO,07/01/2020,09:56:01,360,352.75,75,365.4,75,0,375
NIFTY16JAN2011800CE.NFO,07/01/2020,09:56:02,360,352.75,75,365.35,75,0,375
NIFTY16JAN2011800CE.NFO,07/01/2020,09:56:06,360,350.5,75,365.35,75,0,375
NIFTY16JAN2011800CE.NFO,07/01/2020,09:56:07,360,350.6,75,365.35,75,0,375
NIFTY16JAN2011800CE.NFO,07/01/2020,09:56:08,360,350.65,75,364.4,75,0,375
NIFTY16JAN2011800CE.NFO,07/01/2020,09:56:17,360,350.75,75,364.4,75,0,375
NIFTY16JAN2011800CE.NFO,07/01/2020,09:56:19,360,350.8,75,364.4,75,0,375
NIFTY16JAN2011800CE.NFO,07/01/2020,09:56:21,360,350.5,75,364.4,75,0,375
NIFTY16JAN2011800CE.NFO,07/01/2020,09:56:25,360,350.5,75,364.15,75,0,375
NIFTY16JAN2011800CE.NFO,07/01/2020,09:56:27,360,350.5,75,364.05,75,0,375
NIFTY16JAN2011800CE.NFO,07/01/2020,09:56:32,360,351.55,75,365.25,75,0,375
NIFTY16JAN2011800CE.NFO,07/01/2020,09:56:50,360,351.55,75,365.2,75,0,375
NIFTY16JAN2011800CE.NFO,07/01/2020,09:56:52,360,351.55,75,365.15,75,0,375
NIFTY16JAN2011800CE.NFO,07/01/2020,09:56:54,360,351.2,75,365.1,75,0,375
NIFTY16JAN2011800CE.NFO,07/01/2020,09:56:55,360,351.2,75,364.55,75,0,375
NIFTY16JAN2011800CE.NFO,07/01/2020,09:57:00,360,351.2,75,364.4,75,0,375
NIFTY16JAN2011800CE.NFO,07/01/2020,09:57:02,360,351.25,75,364.4,75,0,375
NIFTY16JAN2011800CE.NFO,07/01/2020,09:57:05,360,351.35,75,364.4,75,0,375
NIFTY16JAN2011800CE.NFO,07/01/2020,09:57:09,360,351.85,75,364.4,75,0,375
NIFTY16JAN2011800CE.NFO,07/01/2020,09:57:38,360,351.85,75,365.25,75,0,375
NIFTY16JAN2011800CE.NFO,07/01/2020,09:57:57,360,351.85,75,365.25,375,0,375
NIFTY16JAN2011800CE.NFO,07/01/2020,09:58:00,360,351.85,75,365.25,75,0,375
NIFTY16JAN2011800CE.NFO,07/01/2020,09:58:02,360,351.85,375,365.25,75,0,375
NIFTY16JAN2011800CE.NFO,07/01/2020,09:58:21,360,351.85,375,365.1,75,0,375
NIFTY16JAN2011800CE.NFO,07/01/2020,09:58:23,360,351.85,375,364.9,75,0,375
NIFTY16JAN2011800CE.NFO,07/01/2020,09:58:25,360,351.85,375,364.4,75,0,375
NIFTY16JAN2011800CE.NFO,07/01/2020,09:58:27,360,351.85,300,364.4,75,0,375
NIFTY16JAN2011800CE.NFO,07/01/2020,09:58:30,360,349.85,375,364.4,75,0,375
NIFTY16JAN2011800CE.NFO,07/01/2020,09:58:35,360,349.85,375,364.35,75,0,375
NIFTY16JAN2011800CE.NFO,07/01/2020,09:58:36,360,349.85,375,363.95,75,0,375
NIFTY16JAN2011800CE.NFO,07/01/2020,09:58:38,360,349.85,375,363.85,75,0,375
NIFTY16JAN2011800CE.NFO,07/01/2020,09:58:39,360,349.85,375,363.4,75,0,375
NIFTY16JAN2011800CE.NFO,07/01/2020,09:58:40,360,349.85,300,362.45,75,0,375
NIFTY16JAN2011800CE.NFO,07/01/2020,09:58:42,360,349.85,300,362.05,75,0,375
NIFTY16JAN2011800CE.NFO,07/01/2020,09:58:43,360,349.85,300,361.85,75,0,375
NIFTY16JAN2011800CE.NFO,07/01/2020,09:58:44,360,347.6,75,361.7,75,0,375
NIFTY16JAN2011800CE.NFO,07/01/2020,09:58:45,360,347.6,75,361.45,75,0,375
NIFTY16JAN2011800CE.NFO,07/01/2020,09:58:47,360,347.6,75,360.85,75,0,375
NIFTY16JAN2011800CE.NFO,07/01/2020,09:58:48,360,347.6,75,360.55,75,0,375
NIFTY16JAN2011800CE.NFO,07/01/2020,09:58:49,360,347.55,300,360.55,75,0,375
NIFTY16JAN2011800CE.NFO,07/01/2020,09:58:50,360,347.55,300,360.4,75,0,375
NIFTY16JAN2011800CE.NFO,07/01/2020,09:58:52,360,347.55,300,359.65,75,0,375
NIFTY16JAN2011800CE.NFO,07/01/2020,09:58:56,360,347.6,75,359.6,75,0,375
NIFTY16JAN2011800CE.NFO,07/01/2020,09:58:58,360,345.55,75,359.6,75,0,375
NIFTY16JAN2011800CE.NFO,07/01/2020,09:58:59,360,345.6,75,359.6,75,0,375
NIFTY16JAN2011800CE.NFO,07/01/2020,09:59:01,360,345.95,75,359.6,75,0,375
NIFTY16JAN2011800CE.NFO,07/01/2020,09:59:04,360,346.4,75,361.25,75,0,375
NIFTY16JAN2011800CE.NFO,07/01/2020,09:59:05,360,346.4,75,361.2,75,0,375
NIFTY16JAN2011800CE.NFO,07/01/2020,09:59:07,360,346.4,75,360.7,75,0,375
NIFTY16JAN2011800CE.NFO,07/01/2020,09:59:09,360,346.5,75,359.85,75,0,375
NIFTY16JAN2011800CE.NFO,07/01/2020,09:59:12,360,345.7,75,359.35,75,0,375
NIFTY16JAN2011800CE.NFO,07/01/2020,09:59:14,360,345.7,75,359.3,75,0,375
NIFTY16JAN2011800CE.NFO,07/01/2020,09:59:19,360,345.7,75,358.5,75,0,375
NIFTY16JAN2011800CE.NFO,07/01/2020,09:59:22,360,345.7,75,358.3,75,0,375
NIFTY16JAN2011800CE.NFO,07/01/2020,09:59:23,360,345.65,300,358.3,75,0,375
NIFTY16JAN2011800CE.NFO,07/01/2020,09:59:24,360,345.7,75,358.3,75,0,375
NIFTY16JAN2011800CE.NFO,07/01/2020,09:59:27,360,345.7,75,358.2,75,0,375
NIFTY16JAN2011800CE.NFO,07/01/2020,09:59:28,360,345.65,300,357.8,75,0,375
NIFTY16JAN2011800CE.NFO,07/01/2020,09:59:30,360,345.7,75,357.8,75,0,375
NIFTY16JAN2011800CE.NFO,07/01/2020,09:59:34,360,344.4,75,357.8,75,0,375
NIFTY16JAN2011800CE.NFO,07/01/2020,09:59:36,360,344.6,75,357.8,75,0,375
NIFTY16JAN2011800CE.NFO,07/01/2020,09:59:38,360,345.9,75,360.05,75,0,375
NIFTY16JAN2011800CE.NFO,07/01/2020,09:59:42,360,346.1,75,360.05,75,0,375
NIFTY16JAN2011800CE.NFO,07/01/2020,09:59:45,360,346.25,75,360.05,75,0,375
NIFTY16JAN2011800CE.NFO,07/01/2020,09:59:47,360,346.35,75,360.05,75,0,375
NIFTY16JAN2011800CE.NFO,07/01/2020,09:59:51,360,347.25,75,360.05,75,0,375
NIFTY16JAN2011800CE.NFO,07/01/2020,10:00:00,360,346.15,75,360.05,75,0,375
NIFTY16JAN2011800CE.NFO,07/01/2020,10:00:04,360,346.15,75,359.95,75,0,375
NIFTY16JAN2011800CE.NFO,07/01/2020,10:00:08,360,346.15,75,359.7,75,0,375
NIFTY16JAN2011800CE.NFO,07/01/2020,10:00:10,360,345.2,75,359.25,75,0,375
NIFTY16JAN2011800CE.NFO,07/01/2020,10:00:12,360,345.2,75,359.15,75,0,375
NIFTY16JAN2011800CE.NFO,07/01/2020,10:00:13,360,345.2,75,359.05,75,0,375
NIFTY16JAN2011800CE.NFO,07/01/2020,10:00:17,360,345.25,75,359.05,75,0,375
NIFTY16JAN2011800CE.NFO,07/01/2020,10:00:18,360,345.3,75,359.05,75,0,375
NIFTY16JAN2011800CE.NFO,07/01/2020,10:00:19,360,345.3,75,359,75,0,375
NIFTY16JAN2011800CE.NFO,07/01/2020,10:00:20,360,345.3,75,358.95,75,0,375
NIFTY16JAN2011800CE.NFO,07/01/2020,10:00:22,360,345.3,75,358.9,75,0,375
NIFTY16JAN2011800CE.NFO,07/01/2020,10:00:23,360,345.3,75,358.25,75,0,375
NIFTY16JAN2011800CE.NFO,07/01/2020,10:00:25,360,345.3,75,358.05,75,0,375
NIFTY16JAN2011800CE.NFO,07/01/2020,10:00:28,360,345.3,75,357.75,75,0,375
NIFTY16JAN2011800CE.NFO,07/01/2020,10:00:29,360,345.15,300,357.3,75,0,375
NIFTY16JAN2011800CE.NFO,07/01/2020,10:00:38,360,345.2,75,357.3,75,0,375
NIFTY16JAN2011800CE.NFO,07/01/2020,10:00:39,360,345.15,300,357.3,75,0,375
NIFTY16JAN2011800CE.NFO,07/01/2020,10:00:40,360,342.7,75,357.3,75,0,375
NIFTY16JAN2011800CE.NFO,07/01/2020,10:00:41,360,342.7,75,355.95,75,0,375
NIFTY16JAN2011800CE.NFO,07/01/2020,10:00:43,360,341.4,75,355.95,75,0,375
NIFTY16JAN2011800CE.NFO,07/01/2020,10:00:45,360,341.4,75,355,75,0,375
NIFTY16JAN2011800CE.NFO,07/01/2020,10:00:49,360,341.4,75,354.9,75,0,375
NIFTY16JAN2011800CE.NFO,07/01/2020,10:00:50,360,341.4,75,354.8,75,0,375
NIFTY16JAN2011800CE.NFO,07/01/2020,10:00:51,360,341.4,75,354.5,75,0,375
NIFTY16JAN2011800CE.NFO,07/01/2020,10:00:53,360,341.4,75,354.05,75,0,375
NIFTY16JAN2011800CE.NFO,07/01/2020,10:00:56,360,341.35,300,354,75,0,375
NIFTY16JAN2011800CE.NFO,07/01/2020,10:00:57,360,341.35,300,353.45,75,0,375
NIFTY16JAN2011800CE.NFO,07/01/2020,10:00:59,360,341.4,75,353.45,75,0,375
NIFTY16JAN2011800CE.NFO,07/01/2020,10:01:00,360,341.4,75,353.4,75,0,375
NIFTY16JAN2011800CE.NFO,07/01/2020,10:01:01,360,341.4,75,355.65,75,0,375
NIFTY16JAN2011800CE.NFO,07/01/2020,10:01:02,360,341.4,75,354.3,75,0,375
NIFTY16JAN2011800CE.NFO,07/01/2020,10:01:09,360,341.4,75,354.2,75,0,375
NIFTY16JAN2011800CE.NFO,07/01/2020,10:01:12,360,341.35,300,354.15,75,0,375
NIFTY16JAN2011800CE.NFO,07/01/2020,10:01:13,360,341.4,75,353.9,75,0,375
NIFTY16JAN2011800CE.NFO,07/01/2020,10:01:14,360,341.35,300,353.85,75,0,375
NIFTY16JAN2011800CE.NFO,07/01/2020,10:01:15,360,339.35,375,353.85,75,0,375
NIFTY16JAN2011800CE.NFO,07/01/2020,10:01:18,360,340.1,75,353.45,75,0,375
NIFTY16JAN2011800CE.NFO,07/01/2020,10:01:19,360,339.4,75,353.45,75,0,375
NIFTY16JAN2011800CE.NFO,07/01/2020,10:01:20,360,339.85,75,352.6,75,0,375
NIFTY16JAN2011800CE.NFO,07/01/2020,10:01:27,360,339.85,75,352.55,75,0,375
NIFTY16JAN2011800CE.NFO,07/01/2020,10:01:32,360,339.4,75,352.55,75,0,375
NIFTY16JAN2011800CE.NFO,07/01/2020,10:01:34,360,339.4,75,352.5,375,0,375
NIFTY16JAN2011800CE.NFO,07/01/2020,10:01:36,360,339.4,75,351.65,75,0,375
NIFTY16JAN2011800CE.NFO,07/01/2020,10:01:37,360,339.35,300,351.65,75,0,375
NIFTY16JAN2011800CE.NFO,07/01/2020,10:01:38,360,337.45,75,351.65,75,0,375
NIFTY16JAN2011800CE.NFO,07/01/2020,10:01:39,360,337.45,75,351.5,75,0,375
NIFTY16JAN2011800CE.NFO,07/01/2020,10:01:41,360,337.65,75,351.5,75,0,375
NIFTY16JAN2011800CE.NFO,07/01/2020,10:01:42,360,338.45,75,351.5,75,0,375
NIFTY16JAN2011800CE.NFO,07/01/2020,10:01:43,360,338.45,75,352.45,75,0,375
NIFTY16JAN2011800CE.NFO,07/01/2020,10:01:48,360,338.45,75,352.4,75,0,375
NIFTY16JAN2011800CE.NFO,07/01/2020,10:01:49,360,338.45,75,351.75,75,0,375
NIFTY16JAN2011800CE.NFO,07/01/2020,10:01:50,360,338.45,75,351.7,75,0,375
NIFTY16JAN2011800CE.NFO,07/01/2020,10:01:53,360,338.45,75,351.1,75,0,375
NIFTY16JAN2011800CE.NFO,07/01/2020,10:01:59,360,338.45,75,351.05,75,0,375
NIFTY16JAN2011800CE.NFO,07/01/2020,10:02:09,360,338.55,75,352.45,75,0,375
NIFTY16JAN2011800CE.NFO,07/01/2020,10:02:10,360,339.15,75,352.45,75,0,375
NIFTY16JAN2011800CE.NFO,07/01/2020,10:02:12,360,340.2,75,352.5,300,0,375
NIFTY16JAN2011800CE.NFO,07/01/2020,10:02:14,360,340.2,75,352.45,75,0,375
NIFTY16JAN2011800CE.NFO,07/01/2020,10:02:15,360,340.2,75,352.5,300,0,375
NIFTY16JAN2011800CE.NFO,07/01/2020,10:02:16,360,340.2,75,354.5,375,0,375
NIFTY16JAN2011800CE.NFO,07/01/2020,10:02:17,360,340.4,75,354.5,375,0,375
NIFTY16JAN2011800CE.NFO,07/01/2020,10:02:18,360,340.4,375,354.5,375,0,375
NIFTY16JAN2011800CE.NFO,07/01/2020,10:02:19,360,340.4,375,353.65,75,0,375
NIFTY16JAN2011800CE.NFO,07/01/2020,10:02:21,360,340.4,375,353.6,75,0,375
NIFTY16JAN2011800CE.NFO,07/01/2020,10:02:22,360,340.4,375,353.5,75,0,375
NIFTY16JAN2011800CE.NFO,07/01/2020,10:02:23,360,340.4,375,353.2,75,0,375
NIFTY16JAN2011800CE.NFO,07/01/2020,10:02:24,360,340.4,75,353.2,75,0,375
NIFTY16JAN2011800CE.NFO,07/01/2020,10:02:25,360,338,75,353.1,75,0,375
NIFTY16JAN2011800CE.NFO,07/01/2020,10:02:27,360,338.7,75,352.75,75,0,375
NIFTY16JAN2011800CE.NFO,07/01/2020,10:02:29,360,338.7,75,352.7,75,0,375
NIFTY16JAN2011800CE.NFO,07/01/2020,10:02:30,360,338.85,75,352.7,75,0,375
NIFTY16JAN2011800CE.NFO,07/01/2020,10:02:34,360,338.95,75,352.7,75,0,375
NIFTY16JAN2011800CE.NFO,07/01/2020,10:02:35,360,339.4,75,352.7,75,0,375
NIFTY16JAN2011800CE.NFO,07/01/2020,10:02:36,360,339.6,75,352.7,75,0,375
NIFTY16JAN2011800CE.NFO,07/01/2020,10:02:40,360,339.7,75,352.7,75,0,375
NIFTY16JAN2011800CE.NFO,07/01/2020,10:02:42,360,339.8,75,354.45,75,0,375
NIFTY16JAN2011800CE.NFO,07/01/2020,10:02:44,360,339.9,75,354.45,75,0,375
NIFTY16JAN2011800CE.NFO,07/01/2020,10:02:45,360,340.25,75,354.45,75,0,375
NIFTY16JAN2011800CE.NFO,07/01/2020,10:02:47,360,340.3,75,354.45,75,0,375
NIFTY16JAN2011800CE.NFO,07/01/2020,10:02:53,360,340.6,75,354.45,75,0,375
NIFTY16JAN2011800CE.NFO,07/01/2020,10:02:54,360,341.1,75,354.5,300,0,375
NIFTY16JAN2011800CE.NFO,07/01/2020,10:02:56,360,341.15,75,354.5,300,0,375
NIFTY16JAN2011800CE.NFO,07/01/2020,10:02:57,360,341.75,75,354.5,300,0,375
NIFTY16JAN2011800CE.NFO,07/01/2020,10:03:02,360,342.05,75,356.6,375,0,375
NIFTY16JAN2011800CE.NFO,07/01/2020,10:03:03,360,342.1,75,356.6,375,0,375
NIFTY16JAN2011800CE.NFO,07/01/2020,10:03:04,360,342.1,75,356.1,75,0,375
NIFTY16JAN2011800CE.NFO,07/01/2020,10:03:12,360,342.1,75,354.9,75,0,375
NIFTY16JAN2011800CE.NFO,07/01/2020,10:03:22,360,340.1,75,354.9,75,0,375
NIFTY16JAN2011800CE.NFO,07/01/2020,10:03:23,360,340.2,75,354.9,75,0,375
NIFTY16JAN2011800CE.NFO,07/01/2020,10:03:25,360,340.3,75,354.4,75,0,375
NIFTY16JAN2011800CE.NFO,07/01/2020,10:03:26,360,340.3,75,354.1,75,0,375
NIFTY16JAN2011800CE.NFO,07/01/2020,10:03:28,360,340.3,75,353.35,75,0,375
NIFTY16JAN2011800CE.NFO,07/01/2020,10:03:30,360,340.3,75,353.25,75,0,375
NIFTY16JAN2011800CE.NFO,07/01/2020,10:03:45,360,340.15,300,353.1,75,0,375
NIFTY16JAN2011800CE.NFO,07/01/2020,10:03:46,360,340.15,300,352.85,75,0,375
NIFTY16JAN2011800CE.NFO,07/01/2020,10:03:48,360,340.15,300,352.4,75,0,375
NIFTY16JAN2011800CE.NFO,07/01/2020,10:03:49,360,340.15,300,352.35,75,0,375
NIFTY16JAN2011800CE.NFO,07/01/2020,10:03:51,360,338.15,75,352.35,75,0,375
NIFTY16JAN2011800CE.NFO,07/01/2020,10:03:52,360,338.8,75,352.35,75,0,375
NIFTY16JAN2011800CE.NFO,07/01/2020,10:03:54,360,339.65,75,352.35,75,0,375
NIFTY16JAN2011800CE.NFO,07/01/2020,10:03:55,360,339.7,75,352.35,75,0,375
NIFTY16JAN2011800CE.NFO,07/01/2020,10:03:56,360,340.1,75,354.55,375,0,375
NIFTY16JAN2011800CE.NFO,07/01/2020,10:03:59,360,340.6,75,354.55,375,0,375
NIFTY16JAN2011800CE.NFO,07/01/2020,10:04:02,360,340.6,75,354.45,75,0,375
NIFTY16JAN2011800CE.NFO,07/01/2020,10:04:04,360,341.4,75,354.45,75,0,375
NIFTY16JAN2011800CE.NFO,07/01/2020,10:04:07,360,341.4,75,353.75,75,0,375
NIFTY16JAN2011800CE.NFO,07/01/2020,10:04:10,360,340.05,75,353.7,75,0,375
NIFTY16JAN2011800CE.NFO,07/01/2020,10:04:20,360,340.2,75,353.7,75,0,375
NIFTY16JAN2011800CE.NFO,07/01/2020,10:04:21,360,340.5,75,353.7,75,0,375
NIFTY16JAN2011800CE.NFO,07/01/2020,10:04:25,360,340.85,75,353.7,75,0,375
NIFTY16JAN2011800CE.NFO,07/01/2020,10:04:30,360,341.45,75,354.5,75,0,375
NIFTY16JAN2011800CE.NFO,07/01/2020,10:04:32,360,341.75,75,354.5,75,0,375
NIFTY16JAN2011800CE.NFO,07/01/2020,10:04:35,360,342.35,75,354.55,300,0,375
NIFTY16JAN2011800CE.NFO,07/01/2020,10:04:39,360,342.35,75,354.5,75,0,375
NIFTY16JAN2011800CE.NFO,07/01/2020,10:04:43,360,342.35,75,354.55,300,0,375
NIFTY16JAN2011800CE.NFO,07/01/2020,10:04:44,360,342.35,75,354.5,75,0,375
NIFTY16JAN2011800CE.NFO,07/01/2020,10:04:48,360,340.35,75,354.5,75,0,375
NIFTY16JAN2011800CE.NFO,07/01/2020,10:04:49,360,341.35,75,354.5,75,0,375
NIFTY16JAN2011800CE.NFO,07/01/2020,10:04:52,360,341.4,75,354.5,75,0,375
NIFTY16JAN2011800CE.NFO,07/01/2020,10:05:09,360,340.05,75,354.45,75,0,375
NIFTY16JAN2011800CE.NFO,07/01/2020,10:05:10,360,340.05,75,354.1,75,0,375
NIFTY16JAN2011800CE.NFO,07/01/2020,10:05:13,360,340.05,75,354,75,0,375
NIFTY16JAN2011800CE.NFO,07/01/2020,10:05:14,360,340.05,75,353.9,75,0,375
NIFTY16JAN2011800CE.NFO,07/01/2020,10:05:18,360,340.05,75,353.5,75,0,375
NIFTY16JAN2011800CE.NFO,07/01/2020,10:05:24,360,340.05,75,353.45,75,0,375
NIFTY16JAN2011800CE.NFO,07/01/2020,10:05:29,360,340.05,75,353.4,75,0,375
NIFTY16JAN2011800CE.NFO,07/01/2020,10:05:31,360,340,300,352.45,75,0,375
NIFTY16JAN2011800CE.NFO,07/01/2020,10:05:32,360,338,75,351.65,75,0,375
NIFTY16JAN2011800CE.NFO,07/01/2020,10:05:33,360,338,75,351,75,0,375
NIFTY16JAN2011800CE.NFO,07/01/2020,10:05:42,360,338.25,75,353.45,75,0,375
NIFTY16JAN2011800CE.NFO,07/01/2020,10:05:45,360,338.25,75,352.35,75,0,375
NIFTY16JAN2011800CE.NFO,07/01/2020,10:05:46,360,338.85,75,352.35,75,0,375
NIFTY16JAN2011800CE.NFO,07/01/2020,10:05:47,360,339.6,75,354.5,75,0,375
NIFTY16JAN2011800CE.NFO,07/01/2020,10:05:48,360,339.5,75,354.5,75,0,375
NIFTY16JAN2011800CE.NFO,07/01/2020,10:05:50,360,339.5,75,354.35,75,0,375
NIFTY16JAN2011800CE.NFO,07/01/2020,10:05:52,360,339.5,75,353.45,75,0,375
NIFTY16JAN2011800CE.NFO,07/01/2020,10:05:55,360,337.45,75,352.5,75,0,375
NIFTY16JAN2011800CE.NFO,07/01/2020,10:05:56,360,337.8,75,352.5,75,0,375
NIFTY16JAN2011800CE.NFO,07/01/2020,10:05:58,360,338.1,75,352.5,75,0,375
NIFTY16JAN2011800CE.NFO,07/01/2020,10:06:00,360,338.3,75,352.5,75,0,375
NIFTY16JAN2011800CE.NFO,07/01/2020,10:06:01,360,338.4,75,352.5,75,0,375
NIFTY16JAN2011800CE.NFO,07/01/2020,10:06:04,360,338.4,75,351.6,75,0,375
NIFTY16JAN2011800CE.NFO,07/01/2020,10:06:07,360,338.4,75,351.05,75,0,375
NIFTY16JAN2011800CE.NFO,07/01/2020,10:06:12,360,338.4,75,350.85,75,0,375
NIFTY16JAN2011800CE.NFO,07/01/2020,10:06:17,360,337.45,75,350.85,75,0,375
NIFTY16JAN2011800CE.NFO,07/01/2020,10:06:18,360,337.45,75,350.2,75,0,375
NIFTY16JAN2011800CE.NFO,07/01/2020,10:06:20,360,337.45,75,350.15,75,0,375
NIFTY16JAN2011800CE.NFO,07/01/2020,10:06:22,360,337.4,300,349.95,75,0,375
NIFTY16JAN2011800CE.NFO,07/01/2020,10:06:24,360,337.4,300,348.8,75,0,375
NIFTY16JAN2011800CE.NFO,07/01/2020,10:06:31,360,337.45,75,348.8,75,0,375
NIFTY16JAN2011800CE.NFO,07/01/2020,10:06:32,360,337.4,300,348.8,75,0,375
NIFTY16JAN2011800CE.NFO,07/01/2020,10:06:35,360,335.4,75,348.8,75,0,375
NIFTY16JAN2011800CE.NFO,07/01/2020,10:06:36,360,335.5,75,348.8,75,0,375
NIFTY16JAN2011800CE.NFO,07/01/2020,10:06:41,360,335.45,300,348,75,0,375
NIFTY16JAN2011800CE.NFO,07/01/2020,10:06:42,360,335.5,75,348,75,0,375
NIFTY16JAN2011800CE.NFO,07/01/2020,10:06:43,360,335.5,75,347.8,75,0,375
NIFTY16JAN2011800CE.NFO,07/01/2020,10:06:45,360,333.45,75,347.75,75,0,375
NIFTY16JAN2011800CE.NFO,07/01/2020,10:06:46,360,331.9,75,346.4,75,0,375
NIFTY16JAN2011800CE.NFO,07/01/2020,10:06:47,360,332,75,346.4,75,0,375
NIFTY16JAN2011800CE.NFO,07/01/2020,10:06:49,360,332.1,75,346.4,75,0,375
NIFTY16JAN2011800CE.NFO,07/01/2020,10:06:50,360,332.25,75,346.4,75,0,375
NIFTY16JAN2011800CE.NFO,07/01/2020,10:06:51,360,332.8,75,346.4,75,0,375
NIFTY16JAN2011800CE.NFO,07/01/2020,10:06:53,360,333.1,75,346.4,75,0,375
NIFTY16JAN2011800CE.NFO,07/01/2020,10:06:54,360,333.45,75,346.4,75,0,375
NIFTY16JAN2011800CE.NFO,07/01/2020,10:06:55,360,333.5,75,346.4,75,0,375
NIFTY16JAN2011800CE.NFO,07/01/2020,10:06:59,360,333.7,75,346.4,75,0,375
NIFTY16JAN2011800CE.NFO,07/01/2020,10:07:02,360,333.7,75,347.6,75,0,375
NIFTY16JAN2011800CE.NFO,07/01/2020,10:07:04,360,333.75,75,346.9,75,0,375
NIFTY16JAN2011800CE.NFO,07/01/2020,10:07:05,360,333.75,75,346.85,75,0,375
NIFTY16JAN2011800CE.NFO,07/01/2020,10:07:10,360,333.75,75,346.45,75,0,375
NIFTY16JAN2011800CE.NFO,07/01/2020,10:07:11,360,333.1,75,345.95,75,0,375
NIFTY16JAN2011800CE.NFO,07/01/2020,10:07:13,360,333.1,75,345.9,75,0,375
NIFTY16JAN2011800CE.NFO,07/01/2020,10:07:15,360,333.05,300,345.3,75,0,375
NIFTY16JAN2011800CE.NFO,07/01/2020,10:07:16,360,331,75,344.95,75,0,375
NIFTY16JAN2011800CE.NFO,07/01/2020,10:07:19,360,331.1,75,344.95,75,0,375
NIFTY16JAN2011800CE.NFO,07/01/2020,10:07:20,360,331.75,75,344.95,75,0,375
NIFTY16JAN2011800CE.NFO,07/01/2020,10:07:21,360,331.95,75,344.95,75,0,375
NIFTY16JAN2011800CE.NFO,07/01/2020,10:07:22,360,332.45,75,344.95,75,0,375
NIFTY16JAN2011800CE.NFO,07/01/2020,10:07:24,360,332.6,75,344.95,75,0,375
NIFTY16JAN2011800CE.NFO,07/01/2020,10:07:25,360,332.9,75,346.95,75,0,375
NIFTY16JAN2011800CE.NFO,07/01/2020,10:07:26,360,333.25,75,346.95,75,0,375
NIFTY16JAN2011800CE.NFO,07/01/2020,10:07:30,360,333.25,75,346.4,75,0,375
NIFTY16JAN2011800CE.NFO,07/01/2020,10:07:31,360,333.25,75,346.1,75,0,375
NIFTY16JAN2011800CE.NFO,07/01/2020,10:07:39,360,333.6,75,346.1,75,0,375
NIFTY16JAN2011800CE.NFO,07/01/2020,10:07:41,360,334.05,75,347.65,75,0,375
NIFTY16JAN2011800CE.NFO,07/01/2020,10:07:42,360,334.2,75,347.65,75,0,375
NIFTY16JAN2011800CE.NFO,07/01/2020,10:07:43,360,335.05,75,347.65,75,0,375
NIFTY16JAN2011800CE.NFO,07/01/2020,10:07:46,360,335.1,375,347.65,75,0,375
NIFTY16JAN2011800CE.NFO,07/01/2020,10:07:47,360,335.55,75,349.65,75,0,375
NIFTY16JAN2011800CE.NFO,07/01/2020,10:07:50,360,335.7,75,349.65,75,0,375
NIFTY16JAN2011800CE.NFO,07/01/2020,10:07:51,360,335.75,75,349.65,75,0,375
NIFTY16JAN2011800CE.NFO,07/01/2020,10:07:56,360,335.75,75,349.6,75,0,375
NIFTY16JAN2011800CE.NFO,07/01/2020,10:07:57,360,335.75,75,349.25,75,0,375
NIFTY16JAN2011800CE.NFO,07/01/2020,10:08:14,360,336.5,75,349.9,300,0,375
NIFTY16JAN2011800CE.NFO,07/01/2020,10:08:16,360,336.55,75,349.85,75,0,375
NIFTY16JAN2011800CE.NFO,07/01/2020,10:08:18,360,336.55,75,349.8,75,0,375
NIFTY16JAN2011800CE.NFO,07/01/2020,10:08:22,360,336.65,75,349.8,75,0,375
NIFTY16JAN2011800CE.NFO,07/01/2020,10:08:25,360,337.35,75,352.55,75,0,375
NIFTY16JAN2011800CE.NFO,07/01/2020,10:08:28,360,337.35,75,352.45,75,0,375
NIFTY16JAN2011800CE.NFO,07/01/2020,10:08:29,360,337.35,75,351.85,75,0,375
NIFTY16JAN2011800CE.NFO,07/01/2020,10:08:30,360,337.5,75,351.85,75,0,375
NIFTY16JAN2011800CE.NFO,07/01/2020,10:08:32,360,339.25,75,351.85,75,0,375
NIFTY16JAN2011800CE.NFO,07/01/2020,10:08:35,360,339.25,75,352.45,75,0,375
NIFTY16JAN2011800CE.NFO,07/01/2020,10:08:37,360,339.3,75,352.45,75,0,375
NIFTY16JAN2011800CE.NFO,07/01/2020,10:08:39,360,337.4,75,352.45,75,0,375
NIFTY16JAN2011800CE.NFO,07/01/2020,10:08:40,360,337.4,75,352.3,75,0,375
NIFTY16JAN2011800CE.NFO,07/01/2020,10:08:42,360,337.65,75,352.3,75,0,375
NIFTY16JAN2011800CE.NFO,07/01/2020,10:08:44,360,337.95,75,352.3,75,0,375
NIFTY16JAN2011800CE.NFO,07/01/2020,10:08:45,360,338.5,75,352.3,75,0,375
NIFTY16JAN2011800CE.NFO,07/01/2020,10:08:47,360,339.35,75,352.3,75,0,375
NIFTY16JAN2011800CE.NFO,07/01/2020,10:08:49,360,339.75,75,352.5,300,0,375
NIFTY16JAN2011800CE.NFO,07/01/2020,10:08:50,360,339.75,75,352.45,75,0,375
NIFTY16JAN2011800CE.NFO,07/01/2020,10:08:51,360,339.8,75,352.45,75,0,375
NIFTY16JAN2011800CE.NFO,07/01/2020,10:08:52,360,339.85,75,352.45,75,0,375
NIFTY16JAN2011800CE.NFO,07/01/2020,10:08:55,360,339.85,75,352.5,300,0,375
NIFTY16JAN2011800CE.NFO,07/01/2020,10:08:56,360,339.85,75,352.45,75,0,375
NIFTY16JAN2011800CE.NFO,07/01/2020,10:08:58,360,339.85,75,352.5,300,0,375
NIFTY16JAN2011800CE.NFO,07/01/2020,10:08:59,360,339.85,75,352.45,75,0,375
NIFTY16JAN2011800CE.NFO,07/01/2020,10:09:40,360,337.65,75,352.45,75,0,375
NIFTY16JAN2011800CE.NFO,07/01/2020,10:09:41,360,338.1,75,352.2,75,0,375
NIFTY16JAN2011800CE.NFO,07/01/2020,10:09:43,360,338.1,75,352.05,75,0,375
NIFTY16JAN2011800CE.NFO,07/01/2020,10:09:46,360,338.1,75,352,75,0,375
NIFTY16JAN2011800CE.NFO,07/01/2020,10:09:53,360,338.35,75,352,75,0,375
NIFTY16JAN2011800CE.NFO,07/01/2020,10:09:54,360,338.75,75,352,75,0,375
NIFTY16JAN2011800CE.NFO,07/01/2020,10:09:55,360,339.35,75,352.45,75,0,375
NIFTY16JAN2011800CE.NFO,07/01/2020,10:09:58,360,340.15,75,354.5,75,0,375
NIFTY16JAN2011800CE.NFO,07/01/2020,10:10:02,360,340.4,75,354.5,75,0,375
NIFTY16JAN2011800CE.NFO,07/01/2020,10:10:03,360,341.35,75,354.5,75,0,375
NIFTY16JAN2011800CE.NFO,07/01/2020,10:10:05,360,341.4,75,354.5,75,0,375
NIFTY16JAN2011800CE.NFO,07/01/2020,10:10:06,360,341.9,75,354.5,75,0,375
NIFTY16JAN2011800CE.NFO,07/01/2020,10:10:07,360,342.15,75,354.5,75,0,375
NIFTY16JAN2011800CE.NFO,07/01/2020,10:10:11,360,340.2,75,354.3,75,0,375
NIFTY16JAN2011800CE.NFO,07/01/2020,10:10:12,360,340.2,75,354.05,75,0,375
NIFTY16JAN2011800CE.NFO,07/01/2020,10:10:15,360,340.2,75,354,75,0,375
NIFTY16JAN2011800CE.NFO,07/01/2020,10:10:18,360,340.6,75,354,75,0,375
NIFTY16JAN2011800CE.NFO,07/01/2020,10:10:29,360,340.6,75,353.85,75,0,375
NIFTY16JAN2011800CE.NFO,07/01/2020,10:10:31,360,340.95,75,353.85,75,0,375
NIFTY16JAN2011800CE.NFO,07/01/2020,10:10:33,360,341,75,353.85,75,0,375
NIFTY16JAN2011800CE.NFO,07/01/2020,10:10:34,360,341.05,75,353.85,75,0,375
NIFTY16JAN2011800CE.NFO,07/01/2020,10:10:35,360,341.15,75,354.5,75,0,375
NIFTY16JAN2011800CE.NFO,07/01/2020,10:10:36,360,341.85,75,354.5,75,0,375
NIFTY16JAN2011800CE.NFO,07/01/2020,10:10:48,360,342.3,75,354.5,75,0,375
NIFTY16JAN2011800CE.NFO,07/01/2020,10:10:57,360,342.3,75,354.55,300,0,375
NIFTY16JAN2011800CE.NFO,07/01/2020,10:11:02,360,342.7,75,356.65,75,0,375
NIFTY16JAN2011800CE.NFO,07/01/2020,10:11:03,360,342.75,75,356.65,75,0,375
NIFTY16JAN2011800CE.NFO,07/01/2020,10:11:07,360,342.75,75,356.45,75,0,375
NIFTY16JAN2011800CE.NFO,07/01/2020,10:11:08,360,342.75,75,356.4,75,0,375
NIFTY16JAN2011800CE.NFO,07/01/2020,10:11:09,360,342.75,75,356.35,75,0,375
NIFTY16JAN2011800CE.NFO,07/01/2020,10:11:12,360,343.4,75,356.35,75,0,375
NIFTY16JAN2011800CE.NFO,07/01/2020,10:11:19,360,343.45,75,356.35,75,0,375
NIFTY16JAN2011800CE.NFO,07/01/2020,10:11:23,360,343.5,75,356.35,75,0,375
NIFTY16JAN2011800CE.NFO,07/01/2020,10:11:33,360,343.7,75,356.35,75,0,375
NIFTY16JAN2011800CE.NFO,07/01/2020,10:11:34,360,343.8,75,356.35,75,0,375
NIFTY16JAN2011800CE.NFO,07/01/2020,10:11:36,360,343.8,75,356.7,300,0,375
NIFTY16JAN2011800CE.NFO,07/01/2020,10:11:37,360,343.8,375,356.7,300,0,375
NIFTY16JAN2011800CE.NFO,07/01/2020,10:11:39,360,344.1,75,356.7,300,0,375
NIFTY16JAN2011800CE.NFO,07/01/2020,10:11:42,360,344.1,75,358.85,375,0,375
NIFTY16JAN2011800CE.NFO,07/01/2020,10:11:44,360,345.1,75,357.9,75,0,375
NIFTY16JAN2011800CE.NFO,07/01/2020,10:11:54,360,345.1,75,358.85,300,0,375
NIFTY16JAN2011800CE.NFO,07/01/2020,10:11:55,360,345.1,75,358.8,75,0,375
NIFTY16JAN2011800CE.NFO,07/01/2020,10:11:58,360,345.15,75,358.8,75,0,375
NIFTY16JAN2011800CE.NFO,07/01/2020,10:11:59,360,343.85,75,358.8,75,0,375
NIFTY16JAN2011800CE.NFO,07/01/2020,10:12:00,360,344.1,75,358.8,75,0,375
NIFTY16JAN2011800CE.NFO,07/01/2020,10:12:02,360,345.05,75,358.8,75,0,375
NIFTY16JAN2011800CE.NFO,07/01/2020,10:12:04,360,345.65,75,358.8,75,0,375
NIFTY16JAN2011800CE.NFO,07/01/2020,10:12:10,360,346.1,75,358.8,75,0,375
NIFTY16JAN2011800CE.NFO,07/01/2020,10:12:32,360,346.35,75,358.8,75,0,375
NIFTY16JAN2011800CE.NFO,07/01/2020,10:12:54,360,346.35,375,358.8,75,0,375
NIFTY16JAN2011800CE.NFO,07/01/2020,10:13:09,360,346.35,300,358.8,75,0,375
NIFTY16JAN2011800CE.NFO,07/01/2020,10:13:12,360,346.35,300,358.4,75,0,375
NIFTY16JAN2011800CE.NFO,07/01/2020,10:13:15,360,346.4,75,358.4,75,0,375
NIFTY16JAN2011800CE.NFO,07/01/2020,10:13:16,360,344.15,75,358.4,75,0,375
NIFTY16JAN2011800CE.NFO,07/01/2020,10:13:17,360,345.1,75,358.25,75,0,375
NIFTY16JAN2011800CE.NFO,07/01/2020,10:13:20,360,345.1,75,358.2,75,0,375
NIFTY16JAN2011800CE.NFO,07/01/2020,10:13:22,360,345.1,75,357.8,75,0,375
NIFTY16JAN2011800CE.NFO,07/01/2020,10:13:23,360,344.1,300,357.55,75,0,375
NIFTY16JAN2011800CE.NFO,07/01/2020,10:13:24,360,344.15,75,356.95,75,0,375
NIFTY16JAN2011800CE.NFO,07/01/2020,10:13:33,360,344.25,75,356.95,75,0,375
NIFTY16JAN2011800CE.NFO,07/01/2020,10:13:44,360,344.75,75,358.8,75,0,375
NIFTY16JAN2011800CE.NFO,07/01/2020,10:13:47,360,346.75,75,358.85,300,0,375
NIFTY16JAN2011800CE.NFO,07/01/2020,10:13:50,360,346.75,75,358.8,75,0,375
NIFTY16JAN2011800CE.NFO,07/01/2020,10:13:51,360,346.75,75,358.85,300,0,375
NIFTY16JAN2011800CE.NFO,07/01/2020,10:13:52,360,347.05,75,361.2,75,0,375
NIFTY16JAN2011800CE.NFO,07/01/2020,10:13:54,360,347.05,75,361.1,75,0,375
NIFTY16JAN2011800CE.NFO,07/01/2020,10:14:01,360,347.1,75,361.1,75,0,375
NIFTY16JAN2011800CE.NFO,07/01/2020,10:14:03,360,347.6,75,361.1,75,0,375
NIFTY16JAN2011800CE.NFO,07/01/2020,10:14:14,360,348.05,75,361.1,75,0,375
NIFTY16JAN2011800CE.NFO,07/01/2020,10:14:20,360,348.6,75,361.1,75,0,375
NIFTY16JAN2011800CE.NFO,07/01/2020,10:14:34,360,348.6,75,362.55,75,0,375
NIFTY16JAN2011800CE.NFO,07/01/2020,10:14:40,360,348.6,75,362.4,75,0,375
NIFTY16JAN2011800CE.NFO,07/01/2020,10:14:41,360,348.6,375,362.4,75,0,375
NIFTY16JAN2011800CE.NFO,07/01/2020,10:14:48,360,348.95,75,362.4,75,0,375
NIFTY16JAN2011800CE.NFO,07/01/2020,10:14:49,360,349,75,362.4,75,0,375
NIFTY16JAN2011800CE.NFO,07/01/2020,10:15:03,360,349.05,75,362.4,75,0,375
NIFTY16JAN2011800CE.NFO,07/01/2020,10:15:15,360,349.15,75,362.4,75,0,375
NIFTY16JAN2011800CE.NFO,07/01/2020,10:15:16,360,349.35,75,362.4,75,0,375
NIFTY16JAN2011800CE.NFO,07/01/2020,10:15:17,360,349.75,75,362.4,75,0,375
NIFTY16JAN2011800CE.NFO,07/01/2020,10:15:20,360,349.8,75,362.4,75,0,375
NIFTY16JAN2011800CE.NFO,07/01/2020,10:15:21,360,349.8,75,364.35,75,0,375
NIFTY16JAN2011800CE.NFO,07/01/2020,10:15:27,360,350.45,75,364.35,75,0,375
NIFTY16JAN2011800CE.NFO,07/01/2020,10:15:29,360,350.45,75,364,75,0,375
NIFTY16JAN2011800CE.NFO,07/01/2020,10:15:30,360,350.45,75,363.6,75,0,375
NIFTY16JAN2011800CE.NFO,07/01/2020,10:15:31,360,348.65,75,362.85,75,0,375
NIFTY16JAN2011800CE.NFO,07/01/2020,10:15:32,360,348.65,75,362.6,75,0,375
NIFTY16JAN2011800CE.NFO,07/01/2020,10:15:34,360,348.65,75,362.25,75,0,375
NIFTY16JAN2011800CE.NFO,07/01/2020,10:15:43,360,348.65,75,361.8,75,0,375
NIFTY16JAN2011800CE.NFO,07/01/2020,10:15:44,360,348.65,75,361.75,75,0,375
NIFTY16JAN2011800CE.NFO,07/01/2020,10:15:45,360,348.6,300,360.95,75,0,375
NIFTY16JAN2011800CE.NFO,07/01/2020,10:15:49,360,344.95,75,360.6,75,0,375
NIFTY16JAN2011800CE.NFO,07/01/2020,10:15:50,360,346.15,75,360.6,75,0,375
NIFTY16JAN2011800CE.NFO,07/01/2020,10:15:53,360,346.15,75,360.25,75,0,375
NIFTY16JAN2011800CE.NFO,07/01/2020,10:16:02,360,346.15,75,360.2,75,0,375
NIFTY16JAN2011800CE.NFO,07/01/2020,10:16:04,360,346.15,75,360.05,75,0,375
NIFTY16JAN2011800CE.NFO,07/01/2020,10:16:09,360,346.15,75,360,75,0,375
NIFTY16JAN2011800CE.NFO,07/01/2020,10:16:11,360,346.35,75,359.9,75,0,375
NIFTY16JAN2011800CE.NFO,07/01/2020,10:16:27,360,347.45,75,361.95,375,0,375
NIFTY16JAN2011800CE.NFO,07/01/2020,10:16:30,360,347.5,75,361.95,375,0,375
NIFTY16JAN2011800CE.NFO,07/01/2020,10:16:31,360,347.55,75,361.8,75,0,375
NIFTY16JAN2011800CE.NFO,07/01/2020,10:16:36,360,347.55,75,361.55,75,0,375
NIFTY16JAN2011800CE.NFO,07/01/2020,10:16:37,360,347.55,75,360.7,75,0,375
NIFTY16JAN2011800CE.NFO,07/01/2020,10:16:53,360,347.55,75,361.9,75,0,375
NIFTY16JAN2011800CE.NFO,07/01/2020,10:16:56,360,348.1,75,361.9,75,0,375
NIFTY16JAN2011800CE.NFO,07/01/2020,10:17:00,360,348.7,75,361.9,75,0,375
NIFTY16JAN2011800CE.NFO,07/01/2020,10:17:03,360,348.85,75,361.9,75,0,375
NIFTY16JAN2011800CE.NFO,07/01/2020,10:17:09,360,348.9,75,361.9,75,0,375
NIFTY16JAN2011800CE.NFO,07/01/2020,10:17:26,360,348.9,75,361.85,75,0,375
NIFTY16JAN2011800CE.NFO,07/01/2020,10:17:28,360,348.9,75,361.65,75,0,375
NIFTY16JAN2011800CE.NFO,07/01/2020,10:17:29,360,346,75,361.1,75,0,375
NIFTY16JAN2011800CE.NFO,07/01/2020,10:17:30,360,346.15,75,361.15,75,0,375
NIFTY16JAN2011800CE.NFO,07/01/2020,10:17:32,360,346.15,75,361.05,75,0,375
NIFTY16JAN2011800CE.NFO,07/01/2020,10:17:34,360,347.1,75,361,75,0,375
NIFTY16JAN2011800CE.NFO,07/01/2020,10:17:50,360,346.1,75,360.85,75,0,375
NIFTY16JAN2011800CE.NFO,07/01/2020,10:17:52,360,346.65,75,360.8,75,0,375
NIFTY16JAN2011800CE.NFO,07/01/2020,10:17:56,360,346.85,75,360.8,75,0,375
NIFTY16JAN2011800CE.NFO,07/01/2020,10:18:00,360,346.85,75,359.9,75,0,375
NIFTY16JAN2011800CE.NFO,07/01/2020,10:18:09,360,346.95,75,359.9,75,0,375
NIFTY16JAN2011800CE.NFO,07/01/2020,10:18:29,360,347,75,361.9,75,0,375
NIFTY16JAN2011800CE.NFO,07/01/2020,10:18:30,360,347.55,75,361.9,75,0,375
NIFTY16JAN2011800CE.NFO,07/01/2020,10:18:32,360,348.05,75,361.9,75,0,375
NIFTY16JAN2011800CE.NFO,07/01/2020,10:18:34,360,346.2,75,361.5,75,0,375
NIFTY16JAN2011800CE.NFO,07/01/2020,10:18:35,360,346.2,75,361,75,0,375
NIFTY16JAN2011800CE.NFO,07/01/2020,10:18:37,360,346.2,75,360.95,75,0,375
NIFTY16JAN2011800CE.NFO,07/01/2020,10:18:38,360,346.2,75,360.05,75,0,375
NIFTY16JAN2011800CE.NFO,07/01/2020,10:18:39,360,346.2,75,359,75,0,375
NIFTY16JAN2011800CE.NFO,07/01/2020,10:18:43,360,346.1,75,358.95,75,0,375
NIFTY16JAN2011800CE.NFO,07/01/2020,10:18:47,360,346.1,75,361,75,0,375
NIFTY16JAN2011800CE.NFO,07/01/2020,10:18:48,360,346.1,75,360.95,75,0,375
NIFTY16JAN2011800CE.NFO,07/01/2020,10:18:49,360,346.1,75,359.15,75,0,375
NIFTY16JAN2011800CE.NFO,07/01/2020,10:18:52,360,346.05,300,358.25,75,0,375
NIFTY16JAN2011800CE.NFO,07/01/2020,10:18:53,360,343.85,75,358.25,75,0,375
NIFTY16JAN2011800CE.NFO,07/01/2020,10:18:56,360,344.15,75,358.25,75,0,375
NIFTY16JAN2011800CE.NFO,07/01/2020,10:18:58,360,344.2,75,358.25,75,0,375
NIFTY16JAN2011800CE.NFO,07/01/2020,10:18:59,360,344.3,75,358.25,75,0,375
NIFTY16JAN2011800CE.NFO,07/01/2020,10:19:01,360,344.35,75,360.3,75,0,375
NIFTY16JAN2011800CE.NFO,07/01/2020,10:19:02,360,344.65,75,360.25,75,0,375
NIFTY16JAN2011800CE.NFO,07/01/2020,10:19:06,360,344.65,75,359.7,75,0,375
NIFTY16JAN2011800CE.NFO,07/01/2020,10:19:12,360,344.65,75,359.65,75,0,375
NIFTY16JAN2011800CE.NFO,07/01/2020,10:19:13,360,344.65,75,359.6,75,0,375
NIFTY16JAN2011800CE.NFO,07/01/2020,10:19:14,360,344.65,75,359.25,75,0,375
NIFTY16JAN2011800CE.NFO,07/01/2020,10:19:15,360,344.65,75,359.05,75,0,375
NIFTY16JAN2011800CE.NFO,07/01/2020,10:19:17,360,344.65,75,358.4,75,0,375
NIFTY16JAN2011800CE.NFO,07/01/2020,10:19:20,360,345.45,75,358.4,75,0,375
NIFTY16JAN2011800CE.NFO,07/01/2020,10:19:21,360,343.85,75,358.4,75,0,375
NIFTY16JAN2011800CE.NFO,07/01/2020,10:19:25,360,344.75,75,358.4,75,0,375
NIFTY16JAN2011800CE.NFO,07/01/2020,10:19:26,360,344.9,75,358.4,75,0,375
NIFTY16JAN2011800CE.NFO,07/01/2020,10:19:27,360,345.2,75,360.45,75,0,375
NIFTY16JAN2011800CE.NFO,07/01/2020,10:19:29,360,345.2,75,360.25,75,0,375
NIFTY16JAN2011800CE.NFO,07/01/2020,10:19:32,360,345.6,75,360.25,75,0,375
NIFTY16JAN2011800CE.NFO,07/01/2020,10:19:33,360,346.15,75,360.25,75,0,375
NIFTY16JAN2011800CE.NFO,07/01/2020,10:19:36,360,346.15,75,360.2,75,0,375
NIFTY16JAN2011800CE.NFO,07/01/2020,10:19:37,360,346.15,75,360.15,75,0,375
NIFTY16JAN2011800CE.NFO,07/01/2020,10:19:38,360,346.15,75,360.1,75,0,375
NIFTY16JAN2011800CE.NFO,07/01/2020,10:19:40,360,346.15,75,360.05,75,0,375
NIFTY16JAN2011800CE.NFO,07/01/2020,10:19:41,360,346.15,75,358.8,75,0,375
NIFTY16JAN2011800CE.NFO,07/01/2020,10:19:46,360,343.85,75,358.8,75,0,375
NIFTY16JAN2011800CE.NFO,07/01/2020,10:19:50,360,345,75,358.8,75,0,375
NIFTY16JAN2011800CE.NFO,07/01/2020,10:19:51,360,345.8,75,358.8,75,0,375
NIFTY16JAN2011800CE.NFO,07/01/2020,10:19:52,360,346.05,375,361,75,0,375
NIFTY16JAN2011800CE.NFO,07/01/2020,10:19:53,360,346.1,75,360.95,75,0,375
NIFTY16JAN2011800CE.NFO,07/01/2020,10:20:02,360,346.55,75,360.95,75,0,375
NIFTY16JAN2011800CE.NFO,07/01/2020,10:20:04,360,346.55,75,360.25,75,0,375
NIFTY16JAN2011800CE.NFO,07/01/2020,10:20:19,360,346.55,75,360.2,75,0,375
NIFTY16JAN2011800CE.NFO,07/01/2020,10:20:25,360,346.55,75,359.45,75,0,375
NIFTY16JAN2011800CE.NFO,07/01/2020,10:20:26,360,346.55,75,359.4,75,0,375
NIFTY16JAN2011800CE.NFO,07/01/2020,10:20:41,360,346.55,75,359.4,375,0,375
NIFTY16JAN2011800CE.NFO,07/01/2020,10:20:42,360,346.1,75,359.35,75,0,375
NIFTY16JAN2011800CE.NFO,07/01/2020,10:20:58,360,346.25,75,359.35,75,0,375
NIFTY16JAN2011800CE.NFO,07/01/2020,10:21:02,360,346.35,75,359.35,75,0,375
NIFTY16JAN2011800CE.NFO,07/01/2020,10:21:05,360,347.1,75,361.95,75,0,375
NIFTY16JAN2011800CE.NFO,07/01/2020,10:21:06,360,347.15,75,361.95,75,0,375
NIFTY16JAN2011800CE.NFO,07/01/2020,10:21:07,360,347.3,75,361.9,75,0,375
NIFTY16JAN2011800CE.NFO,07/01/2020,10:21:09,360,347.3,75,361.85,75,0,375
NIFTY16JAN2011800CE.NFO,07/01/2020,10:21:12,360,347.3,75,361.7,75,0,375
NIFTY16JAN2011800CE.NFO,07/01/2020,10:21:13,360,347.3,75,361.35,75,0,375
NIFTY16JAN2011800CE.NFO,07/01/2020,10:21:19,360,347.55,75,361.35,75,0,375
NIFTY16JAN2011800CE.NFO,07/01/2020,10:21:22,360,347.6,75,360.35,75,0,375
NIFTY16JAN2011800CE.NFO,07/01/2020,10:22:03,360,346.1,75,360.35,75,0,375
NIFTY16JAN2011800CE.NFO,07/01/2020,10:22:07,360,346.1,75,360.15,75,0,375
NIFTY16JAN2011800CE.NFO,07/01/2020,10:22:09,360,346.1,75,359.55,75,0,375
NIFTY16JAN2011800CE.NFO,07/01/2020,10:22:12,360,346.1,75,359.5,75,0,375
NIFTY16JAN2011800CE.NFO,07/01/2020,10:22:21,360,346.15,75,359.5,75,0,375
NIFTY16JAN2011800CE.NFO,07/01/2020,10:22:25,360,346.9,75,359.5,75,0,375
NIFTY16JAN2011800CE.NFO,07/01/2020,10:22:37,360,346.9,75,359.5,375,0,375
NIFTY16JAN2011800CE.NFO,07/01/2020,10:22:40,360,346.05,300,359.5,375,0,375
NIFTY16JAN2011800CE.NFO,07/01/2020,10:22:41,360,346.1,75,359.5,375,0,375
NIFTY16JAN2011800CE.NFO,07/01/2020,10:22:43,360,346.05,300,358.5,75,0,375
NIFTY16JAN2011800CE.NFO,07/01/2020,10:22:44,360,346.05,300,358.2,75,0,375
NIFTY16JAN2011800CE.NFO,07/01/2020,10:22:54,360,343.95,375,357.5,75,0,375
NIFTY16JAN2011800CE.NFO,07/01/2020,10:23:00,360,344.75,75,359.5,300,0,375
NIFTY16JAN2011800CE.NFO,07/01/2020,10:23:02,360,344.8,75,359.45,75,0,375
NIFTY16JAN2011800CE.NFO,07/01/2020,10:23:03,360,344.85,75,359.45,75,0,375
NIFTY16JAN2011800CE.NFO,07/01/2020,10:23:04,360,344.9,75,359.45,75,0,375
NIFTY16JAN2011800CE.NFO,07/01/2020,10:23:05,360,344.95,75,359.45,75,0,375
NIFTY16JAN2011800CE.NFO,07/01/2020,10:23:06,360,345.15,75,359.45,75,0,375
NIFTY16JAN2011800CE.NFO,07/01/2020,10:23:11,360,345.75,75,359.45,75,0,375
NIFTY16JAN2011800CE.NFO,07/01/2020,10:23:12,360,345.75,75,359.1,75,0,375
NIFTY16JAN2011800CE.NFO,07/01/2020,10:23:15,360,345.85,75,359.1,75,0,375
NIFTY16JAN2011800CE.NFO,07/01/2020,10:23:24,360,346.4,75,359.1,75,0,375
NIFTY16JAN2011800CE.NFO,07/01/2020,10:23:29,360,344.95,75,359.1,75,0,375
NIFTY16JAN2011800CE.NFO,07/01/2020,10:23:32,360,344.95,75,358.95,75,0,375
NIFTY16JAN2011800CE.NFO,07/01/2020,10:23:36,360,344.95,75,358.15,75,0,375
NIFTY16JAN2011800CE.NFO,07/01/2020,10:23:38,360,344,75,358.1,75,0,375
NIFTY16JAN2011800CE.NFO,07/01/2020,10:23:39,360,344,75,357.15,75,0,375
NIFTY16JAN2011800CE.NFO,07/01/2020,10:23:40,360,343.95,300,356.25,75,0,375
NIFTY16JAN2011800CE.NFO,07/01/2020,10:23:45,360,344,75,356.25,75,0,375
NIFTY16JAN2011800CE.NFO,07/01/2020,10:23:58,360,343.95,300,356.25,75,0,375
NIFTY16JAN2011800CE.NFO,07/01/2020,10:24:01,360,344,75,356.25,75,0,375
NIFTY16JAN2011800CE.NFO,07/01/2020,10:24:07,360,344,75,357.5,75,0,375
NIFTY16JAN2011800CE.NFO,07/01/2020,10:24:08,360,344,75,357.1,75,0,375
NIFTY16JAN2011800CE.NFO,07/01/2020,10:24:09,360,344,75,357,75,0,375
NIFTY16JAN2011800CE.NFO,07/01/2020,10:24:10,360,344,75,356.95,75,0,375
NIFTY16JAN2011800CE.NFO,07/01/2020,10:24:11,360,343.95,300,356.75,75,0,375
NIFTY16JAN2011800CE.NFO,07/01/2020,10:24:12,360,343.95,300,356.3,75,0,375
NIFTY16JAN2011800CE.NFO,07/01/2020,10:24:13,360,343.95,300,356.1,75,0,375
NIFTY16JAN2011800CE.NFO,07/01/2020,10:24:15,360,341.65,75,356,75,0,375
NIFTY16JAN2011800CE.NFO,07/01/2020,10:24:22,360,342.05,75,356,75,0,375
NIFTY16JAN2011800CE.NFO,07/01/2020,10:24:23,360,342.1,75,356,75,0,375
NIFTY16JAN2011800CE.NFO,07/01/2020,10:24:24,360,342.3,75,356,75,0,375
NIFTY16JAN2011800CE.NFO,07/01/2020,10:24:31,360,342.5,75,356,75,0,375
NIFTY16JAN2011800CE.NFO,07/01/2020,10:24:55,360,342.5,75,356,375,0,375
NIFTY16JAN2011800CE.NFO,07/01/2020,10:25:06,360,342.5,75,355.95,75,0,375
NIFTY16JAN2011800CE.NFO,07/01/2020,10:25:07,360,342.5,75,355.65,75,0,375
NIFTY16JAN2011800CE.NFO,07/01/2020,10:25:14,360,342.5,75,355.35,75,0,375
NIFTY16JAN2011800CE.NFO,07/01/2020,10:25:18,360,342.05,75,355.1,75,0,375
NIFTY16JAN2011800CE.NFO,07/01/2020,10:25:19,360,342.05,75,354.9,75,0,375
NIFTY16JAN2011800CE.NFO,07/01/2020,10:25:23,360,342.05,75,354.8,75,0,375
NIFTY16JAN2011800CE.NFO,07/01/2020,10:25:24,360,342,300,354.6,75,0,375
NIFTY16JAN2011800CE.NFO,07/01/2020,10:25:26,360,342.05,75,354.2,75,0,375
NIFTY16JAN2011800CE.NFO,07/01/2020,10:25:28,360,339.95,75,354.2,75,0,375
NIFTY16JAN2011800CE.NFO,07/01/2020,10:25:31,360,339.95,75,354,75,0,375
NIFTY16JAN2011800CE.NFO,07/01/2020,10:25:33,360,339.9,300,352.5,75,0,375
NIFTY16JAN2011800CE.NFO,07/01/2020,10:25:35,360,339.95,75,352.5,75,0,375
NIFTY16JAN2011800CE.NFO,07/01/2020,10:25:36,360,339.9,300,352.5,75,0,375
NIFTY16JAN2011800CE.NFO,07/01/2020,10:25:40,360,339.9,300,352.35,75,0,375
NIFTY16JAN2011800CE.NFO,07/01/2020,10:25:41,360,339.9,300,351.6,75,0,375
NIFTY16JAN2011800CE.NFO,07/01/2020,10:25:48,360,337.95,75,351.6,75,0,375
NIFTY16JAN2011800CE.NFO,07/01/2020,10:25:49,360,338.45,75,351.6,75,0,375
NIFTY16JAN2011800CE.NFO,07/01/2020,10:25:52,360,338.65,75,351.6,75,0,375
NIFTY16JAN2011800CE.NFO,07/01/2020,10:26:00,360,338.9,75,351.6,75,0,375
NIFTY16JAN2011800CE.NFO,07/01/2020,10:26:02,360,339.05,75,351.6,75,0,375
NIFTY16JAN2011800CE.NFO,07/01/2020,10:26:03,360,339.35,75,351.6,75,0,375
NIFTY16JAN2011800CE.NFO,07/01/2020,10:27:18,360,339.35,75,351.55,75,0,375
NIFTY16JAN2011800CE.NFO,07/01/2020,10:27:31,360,337.95,75,351.5,375,0,375
NIFTY16JAN2011800CE.NFO,07/01/2020,10:27:38,360,338,75,351.5,375,0,375
NIFTY16JAN2011800CE.NFO,07/01/2020,10:27:39,360,338.35,75,351.5,375,0,375
NIFTY16JAN2011800CE.NFO,07/01/2020,10:27:43,360,338.55,75,351.5,375,0,375
NIFTY16JAN2011800CE.NFO,07/01/2020,10:27:50,360,338.55,75,351.4,75,0,375
NIFTY16JAN2011800CE.NFO,07/01/2020,10:27:58,360,338.55,75,351.35,75,0,375
NIFTY16JAN2011800CE.NFO,07/01/2020,10:27:59,360,337.95,75,351.3,75,0,375
NIFTY16JAN2011800CE.NFO,07/01/2020,10:28:05,360,338,75,351.3,75,0,375
NIFTY16JAN2011800CE.NFO,07/01/2020,10:28:10,360,338,75,351.2,75,0,375
NIFTY16JAN2011800CE.NFO,07/01/2020,10:28:13,360,338.45,75,351.2,75,0,375
NIFTY16JAN2011800CE.NFO,07/01/2020,10:28:23,360,338.6,75,351.2,75,0,375
NIFTY16JAN2011800CE.NFO,07/01/2020,10:28:25,360,338.7,75,351.2,75,0,375
NIFTY16JAN2011800CE.NFO,07/01/2020,10:28:26,360,339.65,75,353.45,375,0,375
NIFTY16JAN2011800CE.NFO,07/01/2020,10:28:28,360,339.75,75,353.45,375,0,375
NIFTY16JAN2011800CE.NFO,07/01/2020,10:28:30,360,339.9,75,353.45,375,0,375
NIFTY16JAN2011800CE.NFO,07/01/2020,10:28:32,360,340.45,75,353.45,300,0,375
NIFTY16JAN2011800CE.NFO,07/01/2020,10:28:35,360,340.75,75,353.45,300,0,375
NIFTY16JAN2011800CE.NFO,07/01/2020,10:28:42,360,341,75,355.4,75,0,375
NIFTY16JAN2011800CE.NFO,07/01/2020,10:28:44,360,341,75,354.95,75,0,375
NIFTY16JAN2011800CE.NFO,07/01/2020,10:28:45,360,341,75,354.9,75,0,375
NIFTY16JAN2011800CE.NFO,07/01/2020,10:28:47,360,341,75,354,75,0,375
NIFTY16JAN2011800CE.NFO,07/01/2020,10:28:52,360,341.5,75,354,75,0,375
NIFTY16JAN2011800CE.NFO,07/01/2020,10:29:01,360,341.5,75,355.1,75,0,375
NIFTY16JAN2011800CE.NFO,07/01/2020,10:29:21,360,339.35,300,355.1,75,0,375
NIFTY16JAN2011800CE.NFO,07/01/2020,10:29:22,360,339.65,75,355.1,75,0,375
NIFTY16JAN2011800CE.NFO,07/01/2020,10:29:24,360,339.85,75,355.1,75,0,375
NIFTY16JAN2011800CE.NFO,07/01/2020,10:29:25,360,339.85,75,354.6,75,0,375
NIFTY16JAN2011800CE.NFO,07/01/2020,10:29:28,360,340,75,354.6,75,0,375
NIFTY16JAN2011800CE.NFO,07/01/2020,10:29:29,360,340,75,354.15,75,0,375
NIFTY16JAN2011800CE.NFO,07/01/2020,10:29:38,360,340,75,354,75,0,375
NIFTY16JAN2011800CE.NFO,07/01/2020,10:29:40,360,340,75,353.65,75,0,375
NIFTY16JAN2011800CE.NFO,07/01/2020,10:29:44,360,340,75,353.1,75,0,375
NIFTY16JAN2011800CE.NFO,07/01/2020,10:30:01,360,340.05,75,353.1,75,0,375
NIFTY16JAN2011800CE.NFO,07/01/2020,10:30:02,360,340.5,75,355,75,0,375
NIFTY16JAN2011800CE.NFO,07/01/2020,10:30:03,360,340.5,75,354.7,75,0,375
NIFTY16JAN2011800CE.NFO,07/01/2020,10:30:05,360,340.8,75,354.7,75,0,375
NIFTY16JAN2011800CE.NFO,07/01/2020,10:30:07,360,340.8,75,354.65,75,0,375
NIFTY16JAN2011800CE.NFO,07/01/2020,10:30:10,360,340.8,75,354.6,75,0,375
NIFTY16JAN2011800CE.NFO,07/01/2020,10:30:24,360,340.85,75,354.6,75,0,375
NIFTY16JAN2011800CE.NFO,07/01/2020,10:30:26,360,340.85,75,354.25,75,0,375
NIFTY16JAN2011800CE.NFO,07/01/2020,10:30:33,360,340.85,75,353.8,75,0,375
NIFTY16JAN2011800CE.NFO,07/01/2020,10:30:44,360,340.85,75,353.75,75,0,375
NIFTY16JAN2011800CE.NFO,07/01/2020,10:30:47,360,340.85,75,353.65,75,0,375
NIFTY16JAN2011800CE.NFO,07/01/2020,10:30:55,360,338.75,75,353.65,75,0,375
NIFTY16JAN2011800CE.NFO,07/01/2020,10:30:56,360,339.35,75,353.65,75,0,375
NIFTY16JAN2011800CE.NFO,07/01/2020,10:30:58,360,339.45,75,353.65,75,0,375
NIFTY16JAN2011800CE.NFO,07/01/2020,10:31:04,360,339.5,75,353.65,75,0,375
NIFTY16JAN2011800CE.NFO,07/01/2020,10:31:05,360,339.55,75,353.65,75,0,375
NIFTY16JAN2011800CE.NFO,07/01/2020,10:31:06,360,339.6,75,353.65,75,0,375
NIFTY16JAN2011800CE.NFO,07/01/2020,10:31:08,360,340,75,353.65,75,0,375
NIFTY16JAN2011800CE.NFO,07/01/2020,10:31:13,360,340.3,75,353.65,75,0,375
NIFTY16JAN2011800CE.NFO,07/01/2020,10:31:15,360,340.7,75,353.65,75,0,375
NIFTY16JAN2011800CE.NFO,07/01/2020,10:31:32,360,340.7,75,353.55,75,0,375
NIFTY16JAN2011800CE.NFO,07/01/2020,10:31:33,360,340.7,75,353.45,75,0,375
NIFTY16JAN2011800CE.NFO,07/01/2020,10:31:35,360,339.45,75,352.85,75,0,375
NIFTY16JAN2011800CE.NFO,07/01/2020,10:31:41,360,339.45,75,352.8,75,0,375
NIFTY16JAN2011800CE.NFO,07/01/2020,10:31:42,360,339.45,75,352.25,75,0,375
NIFTY16JAN2011800CE.NFO,07/01/2020,10:31:43,360,339.45,75,352.2,75,0,375
NIFTY16JAN2011800CE.NFO,07/01/2020,10:31:45,360,339.4,300,352.2,75,0,375
NIFTY16JAN2011800CE.NFO,07/01/2020,10:31:46,360,339.45,75,352.1,75,0,375
NIFTY16JAN2011800CE.NFO,07/01/2020,10:31:59,360,339.4,300,351.8,75,0,375
NIFTY16JAN2011800CE.NFO,07/01/2020,10:32:00,360,339.4,300,351.65,75,0,375
NIFTY16JAN2011800CE.NFO,07/01/2020,10:32:04,360,339.4,300,351.55,75,0,375
NIFTY16JAN2011800CE.NFO,07/01/2020,10:32:06,360,339.4,300,351.45,75,0,375
NIFTY16JAN2011800CE.NFO,07/01/2020,10:32:10,360,337.25,75,351.45,75,0,375
NIFTY16JAN2011800CE.NFO,07/01/2020,10:32:11,360,337.25,75,351.1,75,0,375
NIFTY16JAN2011800CE.NFO,07/01/2020,10:32:12,360,337.25,75,350.8,75,0,375
NIFTY16JAN2011800CE.NFO,07/01/2020,10:32:13,360,337.25,75,350.7,75,0,375
NIFTY16JAN2011800CE.NFO,07/01/2020,10:32:16,360,337.25,75,350.65,75,0,375
NIFTY16JAN2011800CE.NFO,07/01/2020,10:32:17,360,337.25,75,350.6,75,0,375
NIFTY16JAN2011800CE.NFO,07/01/2020,10:32:20,360,337.2,300,350.4,75,0,375
NIFTY16JAN2011800CE.NFO,07/01/2020,10:32:21,360,337.25,75,349.8,75,0,375
NIFTY16JAN2011800CE.NFO,07/01/2020,10:32:22,360,337.2,300,349.8,75,0,375
NIFTY16JAN2011800CE.NFO,07/01/2020,10:32:25,360,337.25,75,349.8,75,0,375
NIFTY16JAN2011800CE.NFO,07/01/2020,10:32:27,360,337.2,300,349.8,75,0,375
NIFTY16JAN2011800CE.NFO,07/01/2020,10:32:31,360,337.25,75,349.8,75,0,375
NIFTY16JAN2011800CE.NFO,07/01/2020,10:32:32,360,337.2,300,349.8,75,0,375
NIFTY16JAN2011800CE.NFO,07/01/2020,10:32:35,360,337.25,75,349.8,75,0,375
NIFTY16JAN2011800CE.NFO,07/01/2020,10:32:36,360,335.7,75,349,75,0,375
NIFTY16JAN2011800CE.NFO,07/01/2020,10:32:40,360,335.7,375,349,75,0,375
NIFTY16JAN2011800CE.NFO,07/01/2020,10:32:42,360,336.15,75,351,75,0,375
NIFTY16JAN2011800CE.NFO,07/01/2020,10:32:43,360,336.45,75,351,75,0,375
NIFTY16JAN2011800CE.NFO,07/01/2020,10:32:44,360,337.05,75,351,75,0,375
NIFTY16JAN2011800CE.NFO,07/01/2020,10:32:50,360,337.4,75,351,75,0,375
NIFTY16JAN2011800CE.NFO,07/01/2020,10:32:55,360,337.45,75,351,75,0,375
NIFTY16JAN2011800CE.NFO,07/01/2020,10:32:57,360,337.5,75,351,75,0,375
NIFTY16JAN2011800CE.NFO,07/01/2020,10:33:11,360,337.75,75,351,75,0,375
NIFTY16JAN2011800CE.NFO,07/01/2020,10:33:15,360,338.1,75,351,75,0,375
NIFTY16JAN2011800CE.NFO,07/01/2020,10:33:17,360,338.6,75,351,75,0,375
NIFTY16JAN2011800CE.NFO,07/01/2020,10:33:20,360,338.65,75,351,75,0,375
NIFTY16JAN2011800CE.NFO,07/01/2020,10:33:21,360,338.65,75,353.05,75,0,375
NIFTY16JAN2011800CE.NFO,07/01/2020,10:33:22,360,338.65,75,353,75,0,375
NIFTY16JAN2011800CE.NFO,07/01/2020,10:33:23,360,338.95,75,353,375,0,375
NIFTY16JAN2011800CE.NFO,07/01/2020,10:33:25,360,339.15,75,353,375,0,375
NIFTY16JAN2011800CE.NFO,07/01/2020,10:33:29,360,339.25,75,353,375,0,375
NIFTY16JAN2011800CE.NFO,07/01/2020,10:33:35,360,339.65,75,353,375,0,375
NIFTY16JAN2011800CE.NFO,07/01/2020,10:34:21,360,339.8,75,353,375,0,375
NIFTY16JAN2011800CE.NFO,07/01/2020,10:34:21,360,340.5,75,355.1,375,0,375
NIFTY16JAN2011800CE.NFO,07/01/2020,10:34:23,360,340.7,75,355.1,375,0,375
NIFTY16JAN2011800CE.NFO,07/01/2020,10:34:26,360,340.8,75,355.1,375,0,375
NIFTY16JAN2011800CE.NFO,07/01/2020,10:34:27,360,341.1,75,355.1,375,0,375
NIFTY16JAN2011800CE.NFO,07/01/2020,10:34:30,360,341.25,75,355.1,375,0,375
NIFTY16JAN2011800CE.NFO,07/01/2020,10:34:35,360,341.25,75,355.05,75,0,375
NIFTY16JAN2011800CE.NFO,07/01/2020,10:34:37,360,341.6,75,355.05,75,0,375
NIFTY16JAN2011800CE.NFO,07/01/2020,10:34:38,360,341.75,75,355.05,75,0,375
NIFTY16JAN2011800CE.NFO,07/01/2020,10:34:41,360,342.1,75,355.05,75,0,375
NIFTY16JAN2011800CE.NFO,07/01/2020,10:34:42,360,342.35,75,355.05,75,0,375
NIFTY16JAN2011800CE.NFO,07/01/2020,10:34:43,360,342.6,75,355.05,75,0,375
NIFTY16JAN2011800CE.NFO,07/01/2020,10:34:44,360,342.8,75,355.1,300,0,375
NIFTY16JAN2011800CE.NFO,07/01/2020,10:34:45,360,342.9,75,355.1,300,0,375
NIFTY16JAN2011800CE.NFO,07/01/2020,10:34:49,360,343.05,75,355.1,300,0,375
NIFTY16JAN2011800CE.NFO,07/01/2020,10:34:52,360,341.05,75,355.1,300,0,375
NIFTY16JAN2011800CE.NFO,07/01/2020,10:34:53,360,341.15,75,355.05,75,0,375
NIFTY16JAN2011800CE.NFO,07/01/2020,10:34:54,360,341.5,75,355.05,75,0,375
NIFTY16JAN2011800CE.NFO,07/01/2020,10:34:55,360,341.65,75,355.1,300,0,375
NIFTY16JAN2011800CE.NFO,07/01/2020,10:35:00,360,341.65,75,355.05,75,0,375
NIFTY16JAN2011800CE.NFO,07/01/2020,10:35:06,360,342.2,75,355.05,75,0,375
NIFTY16JAN2011800CE.NFO,07/01/2020,10:35:11,360,342.5,75,355.05,75,0,375
NIFTY16JAN2011800CE.NFO,07/01/2020,10:35:13,360,342.6,75,355.1,300,0,375
NIFTY16JAN2011800CE.NFO,07/01/2020,10:35:14,360,342.7,75,355.1,300,0,375
NIFTY16JAN2011800CE.NFO,07/01/2020,10:35:15,360,343.4,75,357.55,75,0,375
NIFTY16JAN2011800CE.NFO,07/01/2020,10:35:18,360,343.6,75,357.55,75,0,375
NIFTY16JAN2011800CE.NFO,07/01/2020,10:35:19,360,343.7,75,357.55,75,0,375
NIFTY16JAN2011800CE.NFO,07/01/2020,10:35:24,360,341.8,75,357.5,75,0,375
NIFTY16JAN2011800CE.NFO,07/01/2020,10:35:25,360,341.8,75,357.15,75,0,375
NIFTY16JAN2011800CE.NFO,07/01/2020,10:35:28,360,343.55,75,357.15,75,0,375
NIFTY16JAN2011800CE.NFO,07/01/2020,10:35:33,360,343.55,75,357.1,75,0,375
NIFTY16JAN2011800CE.NFO,07/01/2020,10:35:34,360,343.55,75,357.05,75,0,375
NIFTY16JAN2011800CE.NFO,07/01/2020,10:35:38,360,343.6,75,357.05,75,0,375
NIFTY16JAN2011800CE.NFO,07/01/2020,10:35:48,360,343.6,75,356.85,75,0,375
NIFTY16JAN2011800CE.NFO,07/01/2020,10:35:55,360,343.65,75,356.85,75,0,375
NIFTY16JAN2011800CE.NFO,07/01/2020,10:35:57,360,343.8,75,356.85,75,0,375
NIFTY16JAN2011800CE.NFO,07/01/2020,10:36:01,360,343.85,75,356.85,75,0,375
NIFTY16JAN2011800CE.NFO,07/01/2020,10:36:12,360,341.95,75,356.85,75,0,375
NIFTY16JAN2011800CE.NFO,07/01/2020,10:36:13,360,342,75,356.85,75,0,375
NIFTY16JAN2011800CE.NFO,07/01/2020,10:36:14,360,342.05,75,356.85,75,0,375
NIFTY16JAN2011800CE.NFO,07/01/2020,10:36:15,360,342.4,75,356.85,75,0,375
NIFTY16JAN2011800CE.NFO,07/01/2020,10:36:16,360,342.55,75,356.85,75,0,375
NIFTY16JAN2011800CE.NFO,07/01/2020,10:36:17,360,342.7,75,356.85,75,0,375
NIFTY16JAN2011800CE.NFO,07/01/2020,10:36:18,360,342.9,75,356.85,75,0,375
NIFTY16JAN2011800CE.NFO,07/01/2020,10:36:19,360,343,75,356.85,75,0,375
NIFTY16JAN2011800CE.NFO,07/01/2020,10:36:43,360,343.6,75,356.85,75,0,375
NIFTY16JAN2011800CE.NFO,07/01/2020,10:36:50,360,343.8,75,356.85,75,0,375
NIFTY16JAN2011800CE.NFO,07/01/2020,10:36:55,360,344.1,75,356.85,75,0,375
NIFTY16JAN2011800CE.NFO,07/01/2020,10:37:14,360,341.95,75,356.85,75,0,375
NIFTY16JAN2011800CE.NFO,07/01/2020,10:37:15,360,341.95,75,356.75,75,0,375
NIFTY16JAN2011800CE.NFO,07/01/2020,10:37:19,360,341.95,75,356.25,75,0,375
NIFTY16JAN2011800CE.NFO,07/01/2020,10:37:20,360,341.95,75,356.2,75,0,375
NIFTY16JAN2011800CE.NFO,07/01/2020,10:37:22,360,341.95,75,355.85,75,0,375
NIFTY16JAN2011800CE.NFO,07/01/2020,10:37:23,360,341.95,75,355.7,75,0,375
NIFTY16JAN2011800CE.NFO,07/01/2020,10:37:24,360,341.95,75,355.6,75,0,375
NIFTY16JAN2011800CE.NFO,07/01/2020,10:37:35,360,341.95,75,355.55,75,0,375
NIFTY16JAN2011800CE.NFO,07/01/2020,10:37:36,360,341.95,75,355.1,75,0,375
NIFTY16JAN2011800CE.NFO,07/01/2020,10:37:37,360,341.95,75,354.55,75,0,375
NIFTY16JAN2011800CE.NFO,07/01/2020,10:37:45,360,341.95,75,354.5,75,0,375
NIFTY16JAN2011800CE.NFO,07/01/2020,10:37:57,360,341.95,75,356.15,75,0,375
NIFTY16JAN2011800CE.NFO,07/01/2020,10:38:07,360,342,75,356.15,75,0,375
NIFTY16JAN2011800CE.NFO,07/01/2020,10:38:21,360,342.1,75,356.1,75,0,375
NIFTY16JAN2011800CE.NFO,07/01/2020,10:38:25,360,342.1,75,356,75,0,375
NIFTY16JAN2011800CE.NFO,07/01/2020,10:38:26,360,342.1,75,355.85,75,0,375
NIFTY16JAN2011800CE.NFO,07/01/2020,10:38:34,360,342.1,75,355.45,75,0,375
NIFTY16JAN2011800CE.NFO,07/01/2020,10:38:34,360,342.1,75,355.2,75,0,375
NIFTY16JAN2011800CE.NFO,07/01/2020,10:39:00,360,342.7,75,356.15,75,0,375
NIFTY16JAN2011800CE.NFO,07/01/2020,10:39:01,360,343.05,75,356.15,75,0,375
NIFTY16JAN2011800CE.NFO,07/01/2020,10:39:04,360,343.45,75,356.15,75,0,375
NIFTY16JAN2011800CE.NFO,07/01/2020,10:39:12,360,343.45,75,356.05,75,0,375
NIFTY16JAN2011800CE.NFO,07/01/2020,10:39:13,360,341.9,300,355.95,75,0,375
NIFTY16JAN2011800CE.NFO,07/01/2020,10:39:14,360,341.95,75,355.9,75,0,375
NIFTY16JAN2011800CE.NFO,07/01/2020,10:39:17,360,341.95,75,355.8,75,0,375
NIFTY16JAN2011800CE.NFO,07/01/2020,10:39:18,360,341.95,75,355.3,75,0,375
NIFTY16JAN2011800CE.NFO,07/01/2020,10:39:20,360,341.95,75,355.25,75,0,375
NIFTY16JAN2011800CE.NFO,07/01/2020,10:39:43,360,341.95,75,355.2,75,0,375
NIFTY16JAN2011800CE.NFO,07/01/2020,10:39:48,360,341.95,75,354.55,75,0,375
NIFTY16JAN2011800CE.NFO,07/01/2020,10:39:55,360,341.95,75,354.3,75,0,375
NIFTY16JAN2011800CE.NFO,07/01/2020,10:40:00,360,341.95,75,354.2,75,0,375
NIFTY16JAN2011800CE.NFO,07/01/2020,10:40:05,360,341.95,75,355.95,75,0,375
NIFTY16JAN2011800CE.NFO,07/01/2020,10:40:08,360,342.5,75,355.95,75,0,375
NIFTY16JAN2011800CE.NFO,07/01/2020,10:40:09,360,343,75,355.95,75,0,375
NIFTY16JAN2011800CE.NFO,07/01/2020,10:40:33,360,343,75,355.65,75,0,375
NIFTY16JAN2011800CE.NFO,07/01/2020,10:40:40,360,343,75,355.35,75,0,375
NIFTY16JAN2011800CE.NFO,07/01/2020,10:41:10,360,343,75,356.15,75,0,375
NIFTY16JAN2011800CE.NFO,07/01/2020,10:41:20,360,343.05,75,356.15,75,0,375
NIFTY16JAN2011800CE.NFO,07/01/2020,10:41:21,360,343.7,75,356.2,300,0,375
NIFTY16JAN2011800CE.NFO,07/01/2020,10:41:26,360,344.1,75,356.2,300,0,375
NIFTY16JAN2011800CE.NFO,07/01/2020,10:41:29,360,344.25,75,356.2,300,0,375
NIFTY16JAN2011800CE.NFO,07/01/2020,10:41:34,360,344.25,75,358.65,300,0,375
NIFTY16JAN2011800CE.NFO,07/01/2020,10:41:35,360,344.25,75,358.15,75,0,375
NIFTY16JAN2011800CE.NFO,07/01/2020,10:41:37,360,344.8,75,358.15,75,0,375
NIFTY16JAN2011800CE.NFO,07/01/2020,10:41:59,360,345.45,75,358.6,75,0,375
NIFTY16JAN2011800CE.NFO,07/01/2020,10:42:05,360,346.05,75,358.6,75,0,375
NIFTY16JAN2011800CE.NFO,07/01/2020,10:42:06,360,346.55,75,358.6,75,0,375
NIFTY16JAN2011800CE.NFO,07/01/2020,10:42:07,360,345.25,75,358.6,75,0,375
NIFTY16JAN2011800CE.NFO,07/01/2020,10:42:13,360,345.25,75,358.1,75,0,375
NIFTY16JAN2011800CE.NFO,07/01/2020,10:42:19,360,345.25,75,358.05,75,0,375
NIFTY16JAN2011800CE.NFO,07/01/2020,10:42:29,360,343,75,357.95,75,0,375
NIFTY16JAN2011800CE.NFO,07/01/2020,10:42:30,360,343,75,357.85,75,0,375
NIFTY16JAN2011800CE.NFO,07/01/2020,10:42:34,360,343,75,357.45,75,0,375
NIFTY16JAN2011800CE.NFO,07/01/2020,10:42:35,360,343,75,357.2,75,0,375
NIFTY16JAN2011800CE.NFO,07/01/2020,10:42:37,360,343,75,357.15,75,0,375
NIFTY16JAN2011800CE.NFO,07/01/2020,10:42:40,360,343.3,75,357.15,75,0,375
NIFTY16JAN2011800CE.NFO,07/01/2020,10:42:41,360,343.3,75,357,75,0,375
NIFTY16JAN2011800CE.NFO,07/01/2020,10:42:47,360,343.3,75,356.6,75,0,375
NIFTY16JAN2011800CE.NFO,07/01/2020,10:42:52,360,343.3,75,356.55,75,0,375
NIFTY16JAN2011800CE.NFO,07/01/2020,10:43:01,360,343.3,75,356.5,75,0,375
NIFTY16JAN2011800CE.NFO,07/01/2020,10:43:12,360,343.3,75,356.1,75,0,375
NIFTY16JAN2011800CE.NFO,07/01/2020,10:43:22,360,343.3,75,356.05,75,0,375
NIFTY16JAN2011800CE.NFO,07/01/2020,10:43:25,360,343.35,75,356.05,75,0,375
NIFTY16JAN2011800CE.NFO,07/01/2020,10:43:34,360,343.35,75,356.05,375,0,375
NIFTY16JAN2011800CE.NFO,07/01/2020,10:43:38,360,341.25,75,355.95,75,0,375
NIFTY16JAN2011800CE.NFO,07/01/2020,10:43:39,360,341.25,75,355.85,75,0,375
NIFTY16JAN2011800CE.NFO,07/01/2020,10:43:41,360,341.25,75,355.3,75,0,375
NIFTY16JAN2011800CE.NFO,07/01/2020,10:43:43,360,341.25,75,354.85,75,0,375
NIFTY16JAN2011800CE.NFO,07/01/2020,10:43:44,360,341.25,75,354,75,0,375
NIFTY16JAN2011800CE.NFO,07/01/2020,10:43:47,360,341.25,75,353.95,75,0,375
NIFTY16JAN2011800CE.NFO,07/01/2020,10:43:48,360,341.25,75,353.9,75,0,375
NIFTY16JAN2011800CE.NFO,07/01/2020,10:43:49,360,339.5,75,353.9,75,0,375
NIFTY16JAN2011800CE.NFO,07/01/2020,10:43:51,360,339.5,75,353.7,75,0,375
NIFTY16JAN2011800CE.NFO,07/01/2020,10:43:54,360,339.6,75,353.7,75,0,375
NIFTY16JAN2011800CE.NFO,07/01/2020,10:43:55,360,340.25,75,353.7,75,0,375
NIFTY16JAN2011800CE.NFO,07/01/2020,10:43:58,360,340.25,75,353.65,75,0,375
NIFTY16JAN2011800CE.NFO,07/01/2020,10:44:07,360,340.3,75,353.65,75,0,375
NIFTY16JAN2011800CE.NFO,07/01/2020,10:44:08,360,340.6,75,353.65,75,0,375
NIFTY16JAN2011800CE.NFO,07/01/2020,10:44:18,360,340.65,75,353.65,75,0,375
NIFTY16JAN2011800CE.NFO,07/01/2020,10:44:23,360,340.65,75,353.65,375,0,375
NIFTY16JAN2011800CE.NFO,07/01/2020,10:44:58,360,340.65,75,353.45,75,0,375
NIFTY16JAN2011800CE.NFO,07/01/2020,10:44:59,360,339.3,75,352.3,75,0,375
NIFTY16JAN2011800CE.NFO,07/01/2020,10:45:00,360,339.3,75,352.25,75,0,375
NIFTY16JAN2011800CE.NFO,07/01/2020,10:45:12,360,339.35,75,352.25,75,0,375
NIFTY16JAN2011800CE.NFO,07/01/2020,10:45:13,360,339.45,75,353.6,75,0,375
NIFTY16JAN2011800CE.NFO,07/01/2020,10:45:16,360,339.65,75,353.45,75,0,375
NIFTY16JAN2011800CE.NFO,07/01/2020,10:45:18,360,339.95,75,353.45,75,0,375
NIFTY16JAN2011800CE.NFO,07/01/2020,10:45:20,360,340.15,75,353.45,75,0,375
NIFTY16JAN2011800CE.NFO,07/01/2020,10:45:46,360,340.15,75,353.65,300,0,375
NIFTY16JAN2011800CE.NFO,07/01/2020,10:45:47,360,340.25,75,353.6,75,0,375
NIFTY16JAN2011800CE.NFO,07/01/2020,10:45:48,360,340.7,75,353.6,75,0,375
NIFTY16JAN2011800CE.NFO,07/01/2020,10:45:48,360,340.75,75,353.6,75,0,375
NIFTY16JAN2011800CE.NFO,07/01/2020,10:45:49,360,340.8,75,353.6,75,0,375
NIFTY16JAN2011800CE.NFO,07/01/2020,10:45:51,360,340.85,75,353.65,300,0,375
NIFTY16JAN2011800CE.NFO,07/01/2020,10:45:54,360,340.85,75,356.15,75,0,375
NIFTY16JAN2011800CE.NFO,07/01/2020,10:45:55,360,340.85,75,356.1,75,0,375
NIFTY16JAN2011800CE.NFO,07/01/2020,10:45:57,360,341.05,75,356.1,75,0,375
NIFTY16JAN2011800CE.NFO,07/01/2020,10:45:58,360,341.15,75,356.1,75,0,375
NIFTY16JAN2011800CE.NFO,07/01/2020,10:45:59,360,341.25,75,356.1,75,0,375
NIFTY16JAN2011800CE.NFO,07/01/2020,10:46:00,360,341.95,75,355.95,75,0,375
NIFTY16JAN2011800CE.NFO,07/01/2020,10:46:01,360,341.95,75,355.9,75,0,375
NIFTY16JAN2011800CE.NFO,07/01/2020,10:46:04,360,341.95,75,355.75,75,0,375
NIFTY16JAN2011800CE.NFO,07/01/2020,10:46:20,360,341.95,75,355.4,75,0,375
NIFTY16JAN2011800CE.NFO,07/01/2020,10:46:21,360,341.95,75,355.35,75,0,375
NIFTY16JAN2011800CE.NFO,07/01/2020,10:46:39,360,341.95,75,355.2,75,0,375
NIFTY16JAN2011800CE.NFO,07/01/2020,10:47:05,360,341.95,75,355,75,0,375
NIFTY16JAN2011800CE.NFO,07/01/2020,10:47:06,360,341.95,75,354.95,75,0,375
NIFTY16JAN2011800CE.NFO,07/01/2020,10:47:15,360,343.25,75,356.15,75,0,375
NIFTY16JAN2011800CE.NFO,07/01/2020,10:47:29,360,343.25,75,356,75,0,375
NIFTY16JAN2011800CE.NFO,07/01/2020,10:48:09,360,343.25,75,355.95,75,0,375
NIFTY16JAN2011800CE.NFO,07/01/2020,10:48:31,360,341,300,355.9,75,0,375
NIFTY16JAN2011800CE.NFO,07/01/2020,10:48:31,360,341.05,75,355.9,75,0,375
NIFTY16JAN2011800CE.NFO,07/01/2020,10:48:33,360,341.05,75,355.55,75,0,375
NIFTY16JAN2011800CE.NFO,07/01/2020,10:48:34,360,341.05,75,354.6,75,0,375
NIFTY16JAN2011800CE.NFO,07/01/2020,10:48:38,360,341.05,75,354.55,75,0,375
NIFTY16JAN2011800CE.NFO,07/01/2020,10:48:47,360,341.05,75,354.3,75,0,375
NIFTY16JAN2011800CE.NFO,07/01/2020,10:48:53,360,341.05,75,354.25,75,0,375
NIFTY16JAN2011800CE.NFO,07/01/2020,10:48:54,360,341.05,75,354.2,75,0,375
NIFTY16JAN2011800CE.NFO,07/01/2020,10:48:55,360,341,300,353.3,75,0,375
NIFTY16JAN2011800CE.NFO,07/01/2020,10:49:04,360,338.9,375,353.3,75,0,375
NIFTY16JAN2011800CE.NFO,07/01/2020,10:49:07,360,339.15,75,353.3,75,0,375
NIFTY16JAN2011800CE.NFO,07/01/2020,10:49:12,360,339.2,75,353.3,75,0,375
NIFTY16JAN2011800CE.NFO,07/01/2020,10:49:20,360,339.2,75,353.2,75,0,375
NIFTY16JAN2011800CE.NFO,07/01/2020,10:49:34,360,339.2,75,353,75,0,375
NIFTY16JAN2011800CE.NFO,07/01/2020,10:49:35,360,339.2,75,352.9,75,0,375
NIFTY16JAN2011800CE.NFO,07/01/2020,10:49:36,360,339.2,75,352.8,75,0,375
NIFTY16JAN2011800CE.NFO,07/01/2020,10:49:41,360,339.2,75,352.2,75,0,375
NIFTY16JAN2011800CE.NFO,07/01/2020,10:49:42,360,339.2,75,352.15,75,0,375
NIFTY16JAN2011800CE.NFO,07/01/2020,10:49:48,360,339.2,75,351.55,75,0,375
NIFTY16JAN2011800CE.NFO,07/01/2020,10:49:50,360,338.95,75,351.5,75,0,375
NIFTY16JAN2011800CE.NFO,07/01/2020,10:49:53,360,338.95,75,351.1,75,0,375
NIFTY16JAN2011800CE.NFO,07/01/2020,10:49:55,360,338.9,300,350.95,75,0,375
NIFTY16JAN2011800CE.NFO,07/01/2020,10:49:56,360,336.65,75,349.3,75,0,375
NIFTY16JAN2011800CE.NFO,07/01/2020,10:49:58,360,336.65,75,349.25,75,0,375
NIFTY16JAN2011800CE.NFO,07/01/2020,10:50:01,360,336.65,75,348.85,75,0,375
NIFTY16JAN2011800CE.NFO,07/01/2020,10:50:03,360,336.6,300,348.6,75,0,375
NIFTY16JAN2011800CE.NFO,07/01/2020,10:50:04,360,336.65,75,350.35,75,0,375
NIFTY16JAN2011800CE.NFO,07/01/2020,10:50:05,360,336.65,75,350.15,75,0,375
NIFTY16JAN2011800CE.NFO,07/01/2020,10:50:11,360,337.1,75,352.1,75,0,375
NIFTY16JAN2011800CE.NFO,07/01/2020,10:50:12,360,337.35,75,351.3,75,0,375
NIFTY16JAN2011800CE.NFO,07/01/2020,10:50:13,360,337.45,75,351.3,75,0,375
NIFTY16JAN2011800CE.NFO,07/01/2020,10:50:14,360,338.35,75,352.15,75,0,375
NIFTY16JAN2011800CE.NFO,07/01/2020,10:50:16,360,338.9,75,352.15,75,0,375
NIFTY16JAN2011800CE.NFO,07/01/2020,10:50:34,360,338.9,75,351.95,75,0,375
NIFTY16JAN2011800CE.NFO,07/01/2020,10:50:35,360,338.9,75,351.7,75,0,375
NIFTY16JAN2011800CE.NFO,07/01/2020,10:50:36,360,336.9,75,351.4,75,0,375
NIFTY16JAN2011800CE.NFO,07/01/2020,10:50:39,360,338.35,75,351.4,75,0,375
NIFTY16JAN2011800CE.NFO,07/01/2020,10:50:40,360,338.4,75,351.4,75,0,375
NIFTY16JAN2011800CE.NFO,07/01/2020,10:51:38,360,338.8,75,352.15,75,0,375
NIFTY16JAN2011800CE.NFO,07/01/2020,10:51:40,360,338.85,75,352.15,75,0,375
NIFTY16JAN2011800CE.NFO,07/01/2020,10:51:42,360,339.3,75,352.2,300,0,375
NIFTY16JAN2011800CE.NFO,07/01/2020,10:51:43,360,339.4,75,352.15,75,0,375
NIFTY16JAN2011800CE.NFO,07/01/2020,10:51:45,360,339.4,75,352.2,300,0,375
NIFTY16JAN2011800CE.NFO,07/01/2020,10:51:46,360,339.45,75,352.2,300,0,375
NIFTY16JAN2011800CE.NFO,07/01/2020,10:51:47,360,339.7,75,354.2,375,0,375
NIFTY16JAN2011800CE.NFO,07/01/2020,10:51:48,360,340.15,75,354.2,375,0,375
NIFTY16JAN2011800CE.NFO,07/01/2020,10:51:51,360,340.15,75,354.15,75,0,375
NIFTY16JAN2011800CE.NFO,07/01/2020,10:51:53,360,340.15,75,353.45,75,0,375
NIFTY16JAN2011800CE.NFO,07/01/2020,10:51:54,360,340.15,75,353.3,75,0,375
NIFTY16JAN2011800CE.NFO,07/01/2020,10:51:55,360,338.9,75,352.7,75,0,375
NIFTY16JAN2011800CE.NFO,07/01/2020,10:51:57,360,338.9,75,352.4,75,0,375
NIFTY16JAN2011800CE.NFO,07/01/2020,10:51:58,360,338.9,75,352.15,75,0,375
NIFTY16JAN2011800CE.NFO,07/01/2020,10:52:09,360,338.9,75,351.7,75,0,375
NIFTY16JAN2011800CE.NFO,07/01/2020,10:52:23,360,338.85,300,351.6,75,0,375
NIFTY16JAN2011800CE.NFO,07/01/2020,10:52:24,360,338.85,300,351.5,75,0,375
NIFTY16JAN2011800CE.NFO,07/01/2020,10:52:25,360,336.85,75,351.3,75,0,375
NIFTY16JAN2011800CE.NFO,07/01/2020,10:52:27,360,336.85,75,351.05,75,0,375
NIFTY16JAN2011800CE.NFO,07/01/2020,10:52:36,360,337.15,75,351.05,75,0,375
NIFTY16JAN2011800CE.NFO,07/01/2020,10:52:37,360,337.7,75,351.05,75,0,375
NIFTY16JAN2011800CE.NFO,07/01/2020,10:52:38,360,338.05,75,351.05,75,0,375
NIFTY16JAN2011800CE.NFO,07/01/2020,10:52:53,360,336.85,75,351.05,75,0,375
NIFTY16JAN2011800CE.NFO,07/01/2020,10:52:54,360,336.85,75,351,75,0,375
NIFTY16JAN2011800CE.NFO,07/01/2020,10:52:55,360,336.85,75,350.95,75,0,375
NIFTY16JAN2011800CE.NFO,07/01/2020,10:52:57,360,336.85,75,350.55,75,0,375
NIFTY16JAN2011800CE.NFO,07/01/2020,10:52:58,360,336.85,75,350.5,75,0,375
NIFTY16JAN2011800CE.NFO,07/01/2020,10:52:59,360,336.8,300,348.75,75,0,375
NIFTY16JAN2011800CE.NFO,07/01/2020,10:53:05,360,335.8,375,348.75,75,0,375
NIFTY16JAN2011800CE.NFO,07/01/2020,10:53:09,360,335.8,375,348.5,75,0,375
NIFTY16JAN2011800CE.NFO,07/01/2020,10:53:12,360,335.8,300,348.5,75,0,375
NIFTY16JAN2011800CE.NFO,07/01/2020,10:53:13,360,333.85,75,347.85,75,0,375
NIFTY16JAN2011800CE.NFO,07/01/2020,10:53:14,360,333.85,75,347.75,75,0,375
NIFTY16JAN2011800CE.NFO,07/01/2020,10:53:15,360,333.95,75,347.75,75,0,375
NIFTY16JAN2011800CE.NFO,07/01/2020,10:53:24,360,333.95,75,347.4,75,0,375
NIFTY16JAN2011800CE.NFO,07/01/2020,10:53:25,360,333.95,75,347.15,75,0,375
NIFTY16JAN2011800CE.NFO,07/01/2020,10:53:26,360,333.95,75,347.05,75,0,375
NIFTY16JAN2011800CE.NFO,07/01/2020,10:53:27,360,333.95,75,346.9,75,0,375
NIFTY16JAN2011800CE.NFO,07/01/2020,10:53:28,360,333.95,75,346.7,75,0,375
NIFTY16JAN2011800CE.NFO,07/01/2020,10:53:38,360,333.95,75,348.7,75,0,375
NIFTY16JAN2011800CE.NFO,07/01/2020,10:53:40,360,334.35,75,348.7,75,0,375
NIFTY16JAN2011800CE.NFO,07/01/2020,10:53:43,360,334.35,75,347.9,75,0,375
NIFTY16JAN2011800CE.NFO,07/01/2020,10:53:48,360,333,75,346.6,75,0,375
NIFTY16JAN2011800CE.NFO,07/01/2020,10:53:50,360,333,75,346.05,75,0,375
NIFTY16JAN2011800CE.NFO,07/01/2020,10:53:51,360,332.95,300,345,75,0,375
NIFTY16JAN2011800CE.NFO,07/01/2020,10:53:52,360,330.95,75,344.7,75,0,375
NIFTY16JAN2011800CE.NFO,07/01/2020,10:53:54,360,330.95,75,344.65,75,0,375
NIFTY16JAN2011800CE.NFO,07/01/2020,10:53:57,360,330.95,75,344.6,75,0,375
NIFTY16JAN2011800CE.NFO,07/01/2020,10:53:58,360,330.95,75,344.5,75,0,375
NIFTY16JAN2011800CE.NFO,07/01/2020,10:54:00,360,331.3,75,344.5,75,0,375
NIFTY16JAN2011800CE.NFO,07/01/2020,10:54:02,360,331.35,75,346.4,75,0,375
NIFTY16JAN2011800CE.NFO,07/01/2020,10:54:03,360,331.35,75,345.3,75,0,375
NIFTY16JAN2011800CE.NFO,07/01/2020,10:54:08,360,332.2,75,345.3,75,0,375
NIFTY16JAN2011800CE.NFO,07/01/2020,10:54:12,360,333.7,75,347.35,75,0,375
NIFTY16JAN2011800CE.NFO,07/01/2020,10:54:15,360,333.7,75,347.35,225,0,375
NIFTY16JAN2011800CE.NFO,07/01/2020,10:54:17,360,333.75,75,347.35,225,0,375
NIFTY16JAN2011800CE.NFO,07/01/2020,10:54:18,360,333.9,75,347.35,225,0,375
NIFTY16JAN2011800CE.NFO,07/01/2020,10:54:19,360,334.05,75,347.35,225,0,375
NIFTY16JAN2011800CE.NFO,07/01/2020,10:54:20,360,334.1,75,347.35,225,0,375
NIFTY16JAN2011800CE.NFO,07/01/2020,10:54:32,360,334.1,225,347.35,225,0,375
NIFTY16JAN2011800CE.NFO,07/01/2020,10:54:50,360,334.9,75,347.35,150,0,375
NIFTY16JAN2011800CE.NFO,07/01/2020,10:54:51,360,335.35,75,349.4,75,0,375
NIFTY16JAN2011800CE.NFO,07/01/2020,10:54:59,360,335.35,75,349.35,75,0,375
NIFTY16JAN2011800CE.NFO,07/01/2020,10:55:00,360,335.35,75,349.25,150,0,375
NIFTY16JAN2011800CE.NFO,07/01/2020,10:55:02,360,335.35,75,349.2,75,0,375
NIFTY16JAN2011800CE.NFO,07/01/2020,10:55:03,360,335.35,75,349,75,0,375
NIFTY16JAN2011800CE.NFO,07/01/2020,10:55:11,360,335.35,75,348.8,75,0,375
NIFTY16JAN2011800CE.NFO,07/01/2020,10:55:15,360,335.35,75,348.35,75,0,375
NIFTY16JAN2011800CE.NFO,07/01/2020,10:55:16,360,335.35,75,348.3,75,0,375
NIFTY16JAN2011800CE.NFO,07/01/2020,10:55:17,360,335.35,75,348.25,75,0,375
NIFTY16JAN2011800CE.NFO,07/01/2020,10:55:17,360,335.35,75,348.2,75,0,375
NIFTY16JAN2011800CE.NFO,07/01/2020,10:55:23,360,335.35,75,348.1,75,0,375
NIFTY16JAN2011800CE.NFO,07/01/2020,10:55:24,360,334.15,75,347.3,75,0,375
NIFTY16JAN2011800CE.NFO,07/01/2020,10:55:25,360,334.15,75,347.2,75,0,375
NIFTY16JAN2011800CE.NFO,07/01/2020,10:55:27,360,334.15,75,347.1,75,0,375
NIFTY16JAN2011800CE.NFO,07/01/2020,10:55:29,360,334.15,75,346.85,75,0,375
NIFTY16JAN2011800CE.NFO,07/01/2020,10:55:30,360,334.1,150,346.4,75,0,375
NIFTY16JAN2011800CE.NFO,07/01/2020,10:55:31,360,334.1,150,346.35,75,0,375
NIFTY16JAN2011800CE.NFO,07/01/2020,10:55:32,360,332.1,75,346.25,75,0,375
NIFTY16JAN2011800CE.NFO,07/01/2020,10:55:34,360,332.25,75,346.25,75,0,375
NIFTY16JAN2011800CE.NFO,07/01/2020,10:55:36,360,333,75,346.25,75,0,375
NIFTY16JAN2011800CE.NFO,07/01/2020,10:55:38,360,333.05,75,346.25,75,0,375
NIFTY16JAN2011800CE.NFO,07/01/2020,10:55:39,360,333.1,75,346.25,75,0,375
NIFTY16JAN2011800CE.NFO,07/01/2020,10:55:40,360,333.55,75,348.65,75,0,375
NIFTY16JAN2011800CE.NFO,07/01/2020,10:55:43,360,333.55,75,348.35,75,0,375
NIFTY16JAN2011800CE.NFO,07/01/2020,10:55:44,360,333.55,75,348.1,75,0,375
NIFTY16JAN2011800CE.NFO,07/01/2020,10:55:45,360,333.55,75,347.75,75,0,375
NIFTY16JAN2011800CE.NFO,07/01/2020,10:55:52,360,333.55,75,347.1,75,0,375
NIFTY16JAN2011800CE.NFO,07/01/2020,10:55:55,360,333.7,75,347.1,75,0,375
NIFTY16JAN2011800CE.NFO,07/01/2020,10:56:02,360,333.9,75,347.1,75,0,375
NIFTY16JAN2011800CE.NFO,07/01/2020,10:56:04,360,334.05,75,347.1,75,0,375
NIFTY16JAN2011800CE.NFO,07/01/2020,10:56:06,360,334.45,75,347.1,75,0,375
NIFTY16JAN2011800CE.NFO,07/01/2020,10:56:08,360,335,75,349.2,75,0,375
NIFTY16JAN2011800CE.NFO,07/01/2020,10:56:09,360,335.45,75,349.2,75,0,375
NIFTY16JAN2011800CE.NFO,07/01/2020,10:56:17,360,335.85,75,349.2,75,0,375
NIFTY16JAN2011800CE.NFO,07/01/2020,10:56:29,360,335,150,348.65,75,0,375
NIFTY16JAN2011800CE.NFO,07/01/2020,10:56:31,360,335,150,348,75,0,375
NIFTY16JAN2011800CE.NFO,07/01/2020,10:56:32,360,333.05,75,347.8,75,0,375
NIFTY16JAN2011800CE.NFO,07/01/2020,10:56:33,360,333.05,75,347.4,75,0,375
NIFTY16JAN2011800CE.NFO,07/01/2020,10:56:34,360,333.05,75,346.95,75,0,375
NIFTY16JAN2011800CE.NFO,07/01/2020,10:56:35,360,333.05,225,346.95,75,0,375
NIFTY16JAN2011800CE.NFO,07/01/2020,10:56:36,360,333.25,75,346.95,75,0,375
NIFTY16JAN2011800CE.NFO,07/01/2020,10:56:37,360,333.65,75,348.85,75,0,375
NIFTY16JAN2011800CE.NFO,07/01/2020,10:56:39,360,333.9,75,348.8,75,0,375
NIFTY16JAN2011800CE.NFO,07/01/2020,10:56:40,360,333.9,75,348.75,75,0,375
NIFTY16JAN2011800CE.NFO,07/01/2020,10:56:41,360,333.9,75,348.65,75,0,375
NIFTY16JAN2011800CE.NFO,07/01/2020,10:56:42,360,334,75,348.6,75,0,375
NIFTY16JAN2011800CE.NFO,07/01/2020,10:56:43,360,334,75,348.45,75,0,375
NIFTY16JAN2011800CE.NFO,07/01/2020,10:56:44,360,334,75,348.4,75,0,375
NIFTY16JAN2011800CE.NFO,07/01/2020,10:56:45,360,334,75,348.3,75,0,375
NIFTY16JAN2011800CE.NFO,07/01/2020,10:56:46,360,334,75,348.2,75,0,375
NIFTY16JAN2011800CE.NFO,07/01/2020,10:56:47,360,334,75,348.1,75,0,375
NIFTY16JAN2011800CE.NFO,07/01/2020,10:56:49,360,334,75,347.95,75,0,375
NIFTY16JAN2011800CE.NFO,07/01/2020,10:56:49,360,334,75,347.5,75,0,375
NIFTY16JAN2011800CE.NFO,07/01/2020,10:56:51,360,334,75,347.4,75,0,375
NIFTY16JAN2011800CE.NFO,07/01/2020,10:56:52,360,334,75,346.95,75,0,375
NIFTY16JAN2011800CE.NFO,07/01/2020,10:56:53,360,333.05,150,345.4,75,0,375
NIFTY16JAN2011800CE.NFO,07/01/2020,10:56:55,360,331,75,345.4,75,0,375
NIFTY16JAN2011800CE.NFO,07/01/2020,10:56:57,360,331.3,75,345.4,75,0,375
NIFTY16JAN2011800CE.NFO,07/01/2020,10:56:58,360,331.5,75,345.4,75,0,375
NIFTY16JAN2011800CE.NFO,07/01/2020,10:57:02,360,331.5,75,345.3,75,0,375
NIFTY16JAN2011800CE.NFO,07/01/2020,10:57:08,360,330.9,150,344.35,75,0,375
NIFTY16JAN2011800CE.NFO,07/01/2020,10:57:09,360,328.85,225,343.05,75,0,375
NIFTY16JAN2011800CE.NFO,07/01/2020,10:57:10,360,328.9,75,342.95,75,0,375
NIFTY16JAN2011800CE.NFO,07/01/2020,10:57:12,360,328.9,75,342.5,75,0,375
NIFTY16JAN2011800CE.NFO,07/01/2020,10:57:13,360,329.3,75,342.45,75,0,375
NIFTY16JAN2011800CE.NFO,07/01/2020,10:57:14,360,329.3,75,342.35,75,0,375
NIFTY16JAN2011800CE.NFO,07/01/2020,10:57:16,360,329.3,75,342.25,75,0,375
NIFTY16JAN2011800CE.NFO,07/01/2020,10:57:18,360,328.85,150,340.45,75,0,375
NIFTY16JAN2011800CE.NFO,07/01/2020,10:57:19,360,326.8,75,339.6,75,0,375
NIFTY16JAN2011800CE.NFO,07/01/2020,10:57:20,360,326.8,225,339.6,75,0,375
NIFTY16JAN2011800CE.NFO,07/01/2020,10:57:23,360,326.8,150,339.6,75,0,375
NIFTY16JAN2011800CE.NFO,07/01/2020,10:57:24,360,326.8,150,339.1,75,0,375
NIFTY16JAN2011800CE.NFO,07/01/2020,10:57:26,360,324.85,225,338.55,75,0,375
NIFTY16JAN2011800CE.NFO,07/01/2020,10:57:27,360,324.85,225,338.25,75,0,375
NIFTY16JAN2011800CE.NFO,07/01/2020,10:57:31,360,325.2,75,338.25,75,0,375
NIFTY16JAN2011800CE.NFO,07/01/2020,10:57:33,360,325.2,75,339.7,75,0,375
NIFTY16JAN2011800CE.NFO,07/01/2020,10:57:35,360,325.5,75,339.65,75,0,375
NIFTY16JAN2011800CE.NFO,07/01/2020,10:57:37,360,325.75,75,339.65,75,0,375
NIFTY16JAN2011800CE.NFO,07/01/2020,10:57:40,360,325.95,75,339.65,75,0,375
NIFTY16JAN2011800CE.NFO,07/01/2020,10:57:44,360,326.55,75,339.65,75,0,375
NIFTY16JAN2011800CE.NFO,07/01/2020,10:57:48,360,326.85,75,339.65,75,0,375
NIFTY16JAN2011800CE.NFO,07/01/2020,10:57:50,360,326.85,75,339.65,225,0,375
NIFTY16JAN2011800CE.NFO,07/01/2020,10:58:10,360,325.8,75,339.65,225,0,375
NIFTY16JAN2011800CE.NFO,07/01/2020,10:58:13,360,326.2,75,339.65,225,0,375
