Ticker,Date,Time,LTP,BuyPrice,BuyQty,SellPrice,SellQty,LTQ,OpenInterest
NIFTY16JAN2011900CE.NFO,07/01/2020,09:15:16,259,200.75,75,278.35,75,150,6600
NIFTY16JAN2011900CE.NFO,07/01/2020,09:15:16,259,200.75,75,278.35,75,0,6600
NIFTY16JAN2011900CE.NFO,07/01/2020,09:15:16,259,200.75,75,278.35,75,0,6600
NIFTY16JAN2011900CE.NFO,07/01/2020,09:15:16,259,200.75,75,278.35,75,0,6600
NIFTY16JAN2011900CE.NFO,07/01/2020,09:15:17,259,206.35,75,273.55,150,0,6600
NIFTY16JAN2011900CE.NFO,07/01/2020,09:15:18,259,212,75,270.8,75,0,6600
NIFTY16JAN2011900CE.NFO,07/01/2020,09:15:19,269.35,214.9,75,269.4,600,75,6600
NIFTY16JAN2011900CE.NFO,07/01/2020,09:15:19,269.35,214.9,75,269.4,600,0,6600
NIFTY16JAN2011900CE.NFO,07/01/2020,09:15:19,269.35,214.9,75,269.4,600,0,6600
NIFTY16JAN2011900CE.NFO,07/01/2020,09:15:20,269.35,215.5,150,269.2,600,0,6600
NIFTY16JAN2011900CE.NFO,07/01/2020,09:15:21,269.35,216.2,150,268.85,600,0,6600
NIFTY16JAN2011900CE.NFO,07/01/2020,09:15:22,269.35,217.1,150,268.65,600,0,6600
NIFTY16JAN2011900CE.NFO,07/01/2020,09:15:23,269.35,218,150,268,75,0,6600
NIFTY16JAN2011900CE.NFO,07/01/2020,09:15:24,269.35,218.8,150,267.6,75,0,6600
NIFTY16JAN2011900CE.NFO,07/01/2020,09:15:25,269.35,219.7,150,266.8,75,0,6600
NIFTY16JAN2011900CE.NFO,07/01/2020,09:15:27,269.35,220.8,600,290.1,600,0,6600
NIFTY16JAN2011900CE.NFO,07/01/2020,09:15:28,269.35,221.7,600,286.9,600,0,6600
NIFTY16JAN2011900CE.NFO,07/01/2020,09:15:29,269.35,222.85,75,285.95,75,0,6600
NIFTY16JAN2011900CE.NFO,07/01/2020,09:15:30,269.35,224.35,75,284.75,75,0,6600
NIFTY16JAN2011900CE.NFO,07/01/2020,09:15:31,269.35,225.05,75,284.35,75,0,6600
NIFTY16JAN2011900CE.NFO,07/01/2020,09:15:31,269.35,225.05,150,284.35,75,0,6600
NIFTY16JAN2011900CE.NFO,07/01/2020,09:15:32,269.35,225.35,150,284.35,75,0,6600
NIFTY16JAN2011900CE.NFO,07/01/2020,09:15:33,269.35,225.55,150,270,75,0,6600
NIFTY16JAN2011900CE.NFO,07/01/2020,09:15:35,269.35,226.05,75,270,75,0,6600
NIFTY16JAN2011900CE.NFO,07/01/2020,09:15:36,269.35,226.25,75,270,75,0,6600
NIFTY16JAN2011900CE.NFO,07/01/2020,09:15:37,269.35,226.55,75,270,75,0,6600
NIFTY16JAN2011900CE.NFO,07/01/2020,09:15:38,269.35,226.85,75,270,75,0,6600
NIFTY16JAN2011900CE.NFO,07/01/2020,09:15:39,270,227.65,75,285.05,75,75,6600
NIFTY16JAN2011900CE.NFO,07/01/2020,09:15:39,270,227.65,75,285.05,75,0,6600
NIFTY16JAN2011900CE.NFO,07/01/2020,09:15:40,270,227.95,75,284.95,75,0,6600
NIFTY16JAN2011900CE.NFO,07/01/2020,09:15:41,270,228.35,75,284.05,75,0,6600
NIFTY16JAN2011900CE.NFO,07/01/2020,09:15:42,270,228.65,525,284.05,75,0,6600
NIFTY16JAN2011900CE.NFO,07/01/2020,09:15:43,270,228.85,75,284.05,75,0,6600
NIFTY16JAN2011900CE.NFO,07/01/2020,09:15:44,270,230.95,75,284.05,75,0,6600
NIFTY16JAN2011900CE.NFO,07/01/2020,09:15:45,270,231.7,75,284.05,75,0,6600
NIFTY16JAN2011900CE.NFO,07/01/2020,09:15:46,270,231.95,75,284.05,75,0,6600
NIFTY16JAN2011900CE.NFO,07/01/2020,09:15:47,201.35,205.35,75,284.05,75,75,6600
NIFTY16JAN2011900CE.NFO,07/01/2020,09:15:47,201.35,205.35,75,284.05,75,0,6600
NIFTY16JAN2011900CE.NFO,07/01/2020,09:15:47,201.35,206.05,75,284.05,75,0,6600
NIFTY16JAN2011900CE.NFO,07/01/2020,09:15:48,201.35,211.95,75,284.05,75,0,6600
NIFTY16JAN2011900CE.NFO,07/01/2020,09:15:49,201.35,221.55,75,284.05,75,0,6600
NIFTY16JAN2011900CE.NFO,07/01/2020,09:15:50,201.35,223.55,150,284.05,75,0,6600
NIFTY16JAN2011900CE.NFO,07/01/2020,09:15:51,201.35,225.3,150,284.05,75,0,6600
NIFTY16JAN2011900CE.NFO,07/01/2020,09:15:52,201.35,225.7,150,284.05,75,0,6600
NIFTY16JAN2011900CE.NFO,07/01/2020,09:15:53,201.35,227.15,75,284.05,75,0,6600
NIFTY16JAN2011900CE.NFO,07/01/2020,09:15:54,201.35,227.45,75,284.05,75,0,6600
NIFTY16JAN2011900CE.NFO,07/01/2020,09:15:55,201.35,227.85,75,284.05,75,0,6600
NIFTY16JAN2011900CE.NFO,07/01/2020,09:15:57,201.35,228.5,450,284.05,75,0,6600
NIFTY16JAN2011900CE.NFO,07/01/2020,09:15:58,201.35,228.95,75,284.05,75,0,6600
NIFTY16JAN2011900CE.NFO,07/01/2020,09:15:59,201.35,229.25,75,284.05,75,0,6600
NIFTY16JAN2011900CE.NFO,07/01/2020,09:16:00,201.35,229.75,75,284.05,75,0,6600
NIFTY16JAN2011900CE.NFO,07/01/2020,09:16:01,270,230.15,75,293.85,75,75,6600
NIFTY16JAN2011900CE.NFO,07/01/2020,09:16:02,270,230.45,75,289.85,75,0,6600
NIFTY16JAN2011900CE.NFO,07/01/2020,09:16:03,270,198.85,150,288.05,150,0,6600
NIFTY16JAN2011900CE.NFO,07/01/2020,09:16:04,275.65,216.3,150,287.65,150,300,6600
NIFTY16JAN2011900CE.NFO,07/01/2020,09:16:04,275.65,216.3,150,287.65,150,0,6600
NIFTY16JAN2011900CE.NFO,07/01/2020,09:16:04,275.65,220.7,75,287.65,150,0,6600
NIFTY16JAN2011900CE.NFO,07/01/2020,09:16:05,275.65,224.3,150,287.65,150,0,6600
NIFTY16JAN2011900CE.NFO,07/01/2020,09:16:06,275.65,225,150,287.65,150,0,6600
NIFTY16JAN2011900CE.NFO,07/01/2020,09:16:08,275.65,225.9,75,287.55,75,0,6600
NIFTY16JAN2011900CE.NFO,07/01/2020,09:16:09,275.65,226.2,75,287.05,75,0,6600
NIFTY16JAN2011900CE.NFO,07/01/2020,09:16:10,275.65,226.5,75,287.05,75,0,6600
NIFTY16JAN2011900CE.NFO,07/01/2020,09:16:11,275.65,226.7,75,287.05,75,0,6600
NIFTY16JAN2011900CE.NFO,07/01/2020,09:16:12,275.65,227.2,75,287.05,75,0,6600
NIFTY16JAN2011900CE.NFO,07/01/2020,09:16:13,275.65,227.8,75,287.05,75,0,6600
NIFTY16JAN2011900CE.NFO,07/01/2020,09:16:14,275.65,228,75,287.05,75,0,6600
NIFTY16JAN2011900CE.NFO,07/01/2020,09:16:15,275.65,229.4,75,287.05,75,0,6600
NIFTY16JAN2011900CE.NFO,07/01/2020,09:16:16,275.65,230.5,150,287.05,75,0,6600
NIFTY16JAN2011900CE.NFO,07/01/2020,09:16:17,275.65,231.5,150,292.45,75,0,6600
NIFTY16JAN2011900CE.NFO,07/01/2020,09:16:18,273,232.8,75,284.95,75,150,6600
NIFTY16JAN2011900CE.NFO,07/01/2020,09:16:18,284.95,232.8,75,284.95,75,0,6600
NIFTY16JAN2011900CE.NFO,07/01/2020,09:16:19,273,235.9,75,284.95,75,0,6600
NIFTY16JAN2011900CE.NFO,07/01/2020,09:16:19,273,221.95,150,284.95,75,0,6600
NIFTY16JAN2011900CE.NFO,07/01/2020,09:16:20,273,230.55,75,284.95,75,0,6600
NIFTY16JAN2011900CE.NFO,07/01/2020,09:16:21,270,232.5,75,284.95,75,150,6600
NIFTY16JAN2011900CE.NFO,07/01/2020,09:16:22,270,232.8,75,284.95,75,0,6600
NIFTY16JAN2011900CE.NFO,07/01/2020,09:16:24,270,234,75,284.95,75,0,6600
NIFTY16JAN2011900CE.NFO,07/01/2020,09:16:24,270,234,525,284.95,75,0,6600
NIFTY16JAN2011900CE.NFO,07/01/2020,09:16:25,234,227.2,75,284.95,75,75,6600
NIFTY16JAN2011900CE.NFO,07/01/2020,09:16:26,234,227.3,75,284.95,75,0,6600
NIFTY16JAN2011900CE.NFO,07/01/2020,09:16:28,234,228.4,75,284.95,75,0,6600
NIFTY16JAN2011900CE.NFO,07/01/2020,09:16:29,234,228.7,75,284.95,75,0,6600
NIFTY16JAN2011900CE.NFO,07/01/2020,09:16:30,234,229.8,75,284.55,75,0,6600
NIFTY16JAN2011900CE.NFO,07/01/2020,09:16:31,234,232.7,75,283.65,75,0,6600
NIFTY16JAN2011900CE.NFO,07/01/2020,09:16:32,234,234.3,75,278.95,75,0,6600
NIFTY16JAN2011900CE.NFO,07/01/2020,09:16:33,234,235.9,75,282.45,75,0,6600
NIFTY16JAN2011900CE.NFO,07/01/2020,09:16:34,234,236.65,600,280.15,75,0,6600
NIFTY16JAN2011900CE.NFO,07/01/2020,09:16:35,234,228.5,75,277.35,75,0,6600
NIFTY16JAN2011900CE.NFO,07/01/2020,09:16:36,284.35,233.8,75,284.35,75,75,6600
NIFTY16JAN2011900CE.NFO,07/01/2020,09:16:37,284.35,239.1,75,278.85,75,0,6600
NIFTY16JAN2011900CE.NFO,07/01/2020,09:16:38,284.35,239.7,75,278.15,75,0,6600
NIFTY16JAN2011900CE.NFO,07/01/2020,09:16:39,284.35,241,75,277,75,0,6600
NIFTY16JAN2011900CE.NFO,07/01/2020,09:16:40,284.35,225.2,75,280.55,75,0,6600
NIFTY16JAN2011900CE.NFO,07/01/2020,09:16:41,280.55,231.8,75,278.15,75,75,6600
NIFTY16JAN2011900CE.NFO,07/01/2020,09:16:43,280.55,235.05,450,283.45,75,0,6600
NIFTY16JAN2011900CE.NFO,07/01/2020,09:16:44,280.55,237.4,75,281.25,75,0,6600
NIFTY16JAN2011900CE.NFO,07/01/2020,09:16:45,239.6,239.6,75,281.05,75,75,6600
NIFTY16JAN2011900CE.NFO,07/01/2020,09:16:46,281.05,242.4,75,282.45,75,75,6600
NIFTY16JAN2011900CE.NFO,07/01/2020,09:16:47,281.05,220.75,75,283.45,75,0,6600
NIFTY16JAN2011900CE.NFO,07/01/2020,09:16:48,281.05,231.25,150,282.65,75,0,6600
NIFTY16JAN2011900CE.NFO,07/01/2020,09:16:49,281.05,234.45,75,282.15,75,0,6600
NIFTY16JAN2011900CE.NFO,07/01/2020,09:16:50,281.05,235.75,75,281.75,75,0,6600
NIFTY16JAN2011900CE.NFO,07/01/2020,09:16:51,281.05,240.1,600,282.8,525,0,6600
NIFTY16JAN2011900CE.NFO,07/01/2020,09:16:51,281.05,240.15,75,282.75,75,0,6600
NIFTY16JAN2011900CE.NFO,07/01/2020,09:16:53,281.05,241.95,75,284.55,75,0,6600
NIFTY16JAN2011900CE.NFO,07/01/2020,09:16:55,281.05,244.25,75,282.35,75,0,6600
NIFTY16JAN2011900CE.NFO,07/01/2020,09:16:56,281.05,245.15,75,284.45,75,0,6600
NIFTY16JAN2011900CE.NFO,07/01/2020,09:16:57,281.05,248.35,75,283.85,75,0,6600
NIFTY16JAN2011900CE.NFO,07/01/2020,09:16:58,281.05,238.15,525,281.65,75,0,6600
NIFTY16JAN2011900CE.NFO,07/01/2020,09:16:59,281.05,239.95,75,275.15,150,0,6600
NIFTY16JAN2011900CE.NFO,07/01/2020,09:17:00,281.05,240.25,150,276.5,150,0,6600
NIFTY16JAN2011900CE.NFO,07/01/2020,09:17:01,281.05,240.95,75,273.95,75,0,6600
NIFTY16JAN2011900CE.NFO,07/01/2020,09:17:02,281.05,241.65,150,265.05,75,0,6600
NIFTY16JAN2011900CE.NFO,07/01/2020,09:17:02,281.05,241.65,150,265.1,150,0,6600
NIFTY16JAN2011900CE.NFO,07/01/2020,09:17:03,281.05,243.15,150,266.2,150,0,6600
NIFTY16JAN2011900CE.NFO,07/01/2020,09:17:04,281.05,243.45,150,267,75,0,6600
NIFTY16JAN2011900CE.NFO,07/01/2020,09:17:05,281.05,244.35,150,267,75,0,6600
NIFTY16JAN2011900CE.NFO,07/01/2020,09:17:07,281.05,245,150,266.4,75,0,6600
NIFTY16JAN2011900CE.NFO,07/01/2020,09:17:08,281.05,245.55,150,266.1,75,0,6600
NIFTY16JAN2011900CE.NFO,07/01/2020,09:17:09,281.05,246.75,150,266.05,75,0,6600
NIFTY16JAN2011900CE.NFO,07/01/2020,09:17:10,281.05,247.1,150,263.9,150,0,6600
NIFTY16JAN2011900CE.NFO,07/01/2020,09:17:11,281.05,248.25,75,264.25,150,0,6600
NIFTY16JAN2011900CE.NFO,07/01/2020,09:17:12,281.05,248.55,75,264.4,75,0,6600
NIFTY16JAN2011900CE.NFO,07/01/2020,09:17:13,281.05,237.2,150,264.3,75,0,6600
NIFTY16JAN2011900CE.NFO,07/01/2020,09:17:14,281.05,238.5,150,264.75,75,0,6600
NIFTY16JAN2011900CE.NFO,07/01/2020,09:17:15,281.05,241.1,75,265.55,75,0,6600
NIFTY16JAN2011900CE.NFO,07/01/2020,09:17:16,281.05,242.6,150,265.75,75,0,6600
NIFTY16JAN2011900CE.NFO,07/01/2020,09:17:16,281.05,242.6,150,266.1,75,0,6600
NIFTY16JAN2011900CE.NFO,07/01/2020,09:17:18,281.05,244.1,150,266.75,75,0,6600
NIFTY16JAN2011900CE.NFO,07/01/2020,09:17:19,281.05,247.25,75,266.45,75,0,6600
NIFTY16JAN2011900CE.NFO,07/01/2020,09:17:20,281.05,248.75,75,266.7,75,0,6600
NIFTY16JAN2011900CE.NFO,07/01/2020,09:17:21,281.05,249.8,75,266.8,75,0,6600
NIFTY16JAN2011900CE.NFO,07/01/2020,09:17:21,281.05,249.8,150,265.8,75,0,6600
NIFTY16JAN2011900CE.NFO,07/01/2020,09:17:23,281.05,249.8,150,266.75,75,0,6600
NIFTY16JAN2011900CE.NFO,07/01/2020,09:17:24,281.05,249.8,150,266.15,75,0,6600
NIFTY16JAN2011900CE.NFO,07/01/2020,09:17:25,281.05,249.8,150,266.35,75,0,6600
NIFTY16JAN2011900CE.NFO,07/01/2020,09:17:26,281.05,249.8,150,268,75,0,6600
NIFTY16JAN2011900CE.NFO,07/01/2020,09:17:27,281.05,249.8,150,266.05,75,0,6600
NIFTY16JAN2011900CE.NFO,07/01/2020,09:17:27,281.05,249.8,150,265.7,75,0,6600
NIFTY16JAN2011900CE.NFO,07/01/2020,09:17:29,281.05,249.8,150,265.7,150,0,6600
NIFTY16JAN2011900CE.NFO,07/01/2020,09:17:30,281.05,249.8,150,264.35,75,0,6600
NIFTY16JAN2011900CE.NFO,07/01/2020,09:17:31,281.05,249.8,150,264.8,75,0,6600
NIFTY16JAN2011900CE.NFO,07/01/2020,09:17:32,281.05,249.8,150,264.9,75,0,6600
NIFTY16JAN2011900CE.NFO,07/01/2020,09:17:33,281.05,249.8,150,264.6,150,0,6600
NIFTY16JAN2011900CE.NFO,07/01/2020,09:17:35,281.05,249.8,150,264.15,150,0,6600
NIFTY16JAN2011900CE.NFO,07/01/2020,09:17:37,281.05,250.1,150,263.4,150,0,6600
NIFTY16JAN2011900CE.NFO,07/01/2020,09:17:38,281.05,245.95,75,262.75,150,0,6600
NIFTY16JAN2011900CE.NFO,07/01/2020,09:17:39,281.05,248.25,75,262.75,150,0,6600
NIFTY16JAN2011900CE.NFO,07/01/2020,09:17:39,281.05,248.75,75,262.75,150,0,6600
NIFTY16JAN2011900CE.NFO,07/01/2020,09:17:41,281.05,249.25,75,261.7,150,0,6600
NIFTY16JAN2011900CE.NFO,07/01/2020,09:17:42,281.05,250.4,75,263.6,225,0,6600
NIFTY16JAN2011900CE.NFO,07/01/2020,09:17:43,281.05,250.7,150,261.45,225,0,6600
NIFTY16JAN2011900CE.NFO,07/01/2020,09:17:44,281.05,251.2,675,259.9,150,0,6600
NIFTY16JAN2011900CE.NFO,07/01/2020,09:17:44,281.05,251.2,675,259.85,150,0,6600
NIFTY16JAN2011900CE.NFO,07/01/2020,09:17:46,281.05,251.5,675,259.85,150,0,6600
NIFTY16JAN2011900CE.NFO,07/01/2020,09:17:47,281.05,251.85,675,259.45,150,0,6600
NIFTY16JAN2011900CE.NFO,07/01/2020,09:17:48,281.05,252.2,675,259.45,150,0,6600
NIFTY16JAN2011900CE.NFO,07/01/2020,09:17:49,281.05,252.4,675,259.45,150,0,6600
NIFTY16JAN2011900CE.NFO,07/01/2020,09:17:50,252.65,250.4,75,259.1,225,600,6675
NIFTY16JAN2011900CE.NFO,07/01/2020,09:17:50,252.65,250.4,150,259.1,225,0,6675
NIFTY16JAN2011900CE.NFO,07/01/2020,09:17:52,252.65,250.3,150,259.1,150,0,6675
NIFTY16JAN2011900CE.NFO,07/01/2020,09:17:53,252.65,250.9,600,258.55,225,0,6675
NIFTY16JAN2011900CE.NFO,07/01/2020,09:17:54,252.65,250.65,75,258.55,225,0,6675
NIFTY16JAN2011900CE.NFO,07/01/2020,09:17:55,252.65,250.5,600,258.55,225,0,6675
NIFTY16JAN2011900CE.NFO,07/01/2020,09:17:56,252.65,250.2,600,258.55,225,0,6675
NIFTY16JAN2011900CE.NFO,07/01/2020,09:17:56,252.65,250.25,75,258.55,225,0,6675
NIFTY16JAN2011900CE.NFO,07/01/2020,09:17:59,252.65,250.45,75,252.65,75,0,6675
NIFTY16JAN2011900CE.NFO,07/01/2020,09:18:00,252.65,250.45,150,252.65,75,0,6675
NIFTY16JAN2011900CE.NFO,07/01/2020,09:18:01,252.65,250.9,150,258.45,225,75,6675
NIFTY16JAN2011900CE.NFO,07/01/2020,09:18:02,252.65,253.15,600,255.95,150,0,6675
NIFTY16JAN2011900CE.NFO,07/01/2020,09:18:02,252.65,253.25,150,255.95,150,0,6675
NIFTY16JAN2011900CE.NFO,07/01/2020,09:18:04,252.65,253.65,225,256.6,150,0,6675
NIFTY16JAN2011900CE.NFO,07/01/2020,09:18:05,252.65,254.65,75,257.65,150,0,6675
NIFTY16JAN2011900CE.NFO,07/01/2020,09:18:06,252.65,254.7,75,259.8,75,0,6675
NIFTY16JAN2011900CE.NFO,07/01/2020,09:18:07,256.05,254.5,600,260,75,75,6675
NIFTY16JAN2011900CE.NFO,07/01/2020,09:18:08,256.05,254.8,600,257.75,150,0,6675
NIFTY16JAN2011900CE.NFO,07/01/2020,09:18:08,256.05,254.9,150,257.75,150,0,6675
NIFTY16JAN2011900CE.NFO,07/01/2020,09:18:10,256.05,255.25,150,259.6,150,0,6675
NIFTY16JAN2011900CE.NFO,07/01/2020,09:18:11,256.05,255.65,150,260.5,75,0,6675
NIFTY16JAN2011900CE.NFO,07/01/2020,09:18:12,256.05,255.8,600,259.65,300,0,6675
NIFTY16JAN2011900CE.NFO,07/01/2020,09:18:13,256.05,255.65,450,258.85,225,0,6675
NIFTY16JAN2011900CE.NFO,07/01/2020,09:18:14,256.05,255.4,600,259.6,300,0,6675
NIFTY16JAN2011900CE.NFO,07/01/2020,09:18:15,256.05,255.55,150,258.7,150,0,6675
NIFTY16JAN2011900CE.NFO,07/01/2020,09:18:16,256.05,255.75,600,258.7,150,0,6675
NIFTY16JAN2011900CE.NFO,07/01/2020,09:18:17,256.05,256,600,258.7,150,0,6675
NIFTY16JAN2011900CE.NFO,07/01/2020,09:18:18,256.05,256,450,258.25,150,0,6675
NIFTY16JAN2011900CE.NFO,07/01/2020,09:18:19,256.05,255.8,150,259.85,75,0,6675
NIFTY16JAN2011900CE.NFO,07/01/2020,09:18:20,256.05,256.05,150,261.75,75,0,6675
NIFTY16JAN2011900CE.NFO,07/01/2020,09:18:21,256.05,256.5,150,259.2,75,0,6675
NIFTY16JAN2011900CE.NFO,07/01/2020,09:18:22,256.05,255.35,150,258.55,150,0,6675
NIFTY16JAN2011900CE.NFO,07/01/2020,09:18:23,256.05,256.35,600,258.55,150,0,6675
NIFTY16JAN2011900CE.NFO,07/01/2020,09:18:24,256.05,256,600,258.3,75,0,6675
NIFTY16JAN2011900CE.NFO,07/01/2020,09:18:25,256.05,256.55,600,258.65,75,0,6675
NIFTY16JAN2011900CE.NFO,07/01/2020,09:18:26,256.05,256.3,600,258.15,150,0,6675
NIFTY16JAN2011900CE.NFO,07/01/2020,09:18:27,256.05,255.45,600,258.15,150,0,6675
NIFTY16JAN2011900CE.NFO,07/01/2020,09:18:28,256.05,256,600,258.45,150,0,6675
NIFTY16JAN2011900CE.NFO,07/01/2020,09:18:29,256.05,256.05,600,258.45,225,0,6675
NIFTY16JAN2011900CE.NFO,07/01/2020,09:18:30,256.05,255.75,150,258.35,300,0,6675
NIFTY16JAN2011900CE.NFO,07/01/2020,09:18:31,256.05,255.6,600,257.35,75,0,6675
NIFTY16JAN2011900CE.NFO,07/01/2020,09:18:32,256.05,255.05,600,257.65,75,0,6675
NIFTY16JAN2011900CE.NFO,07/01/2020,09:18:33,256.05,253.25,150,256.5,150,0,6675
NIFTY16JAN2011900CE.NFO,07/01/2020,09:18:34,256.05,253.45,150,256.5,225,0,6675
NIFTY16JAN2011900CE.NFO,07/01/2020,09:18:35,256.05,253.25,600,256.3,225,0,6675
NIFTY16JAN2011900CE.NFO,07/01/2020,09:18:36,256.05,253.2,600,256.3,225,0,6675
NIFTY16JAN2011900CE.NFO,07/01/2020,09:18:37,256.05,252.25,600,255.65,225,0,6675
NIFTY16JAN2011900CE.NFO,07/01/2020,09:18:38,256.05,252.25,225,255.65,150,0,6675
NIFTY16JAN2011900CE.NFO,07/01/2020,09:18:39,256.05,252.3,600,255.3,225,0,6675
NIFTY16JAN2011900CE.NFO,07/01/2020,09:18:40,256.05,252.45,150,255.3,300,0,6675
NIFTY16JAN2011900CE.NFO,07/01/2020,09:18:41,256.05,251.7,600,254.75,225,0,6675
NIFTY16JAN2011900CE.NFO,07/01/2020,09:18:42,254.15,252.15,600,254.15,75,75,6675
NIFTY16JAN2011900CE.NFO,07/01/2020,09:18:43,254.15,252.35,600,254.4,150,0,6675
NIFTY16JAN2011900CE.NFO,07/01/2020,09:18:44,254.15,252.75,150,255.05,150,0,6675
NIFTY16JAN2011900CE.NFO,07/01/2020,09:18:45,254.15,253.9,600,256.05,300,0,6675
NIFTY16JAN2011900CE.NFO,07/01/2020,09:18:46,254.15,251.7,600,256.05,300,0,6675
NIFTY16JAN2011900CE.NFO,07/01/2020,09:18:47,254.15,251.25,150,254.9,225,0,6675
NIFTY16JAN2011900CE.NFO,07/01/2020,09:18:48,254.15,250.95,600,253.8,150,0,6675
NIFTY16JAN2011900CE.NFO,07/01/2020,09:18:50,254.15,251.7,600,253.65,75,0,6675
NIFTY16JAN2011900CE.NFO,07/01/2020,09:18:51,254.15,250.7,600,252.6,150,0,6675
NIFTY16JAN2011900CE.NFO,07/01/2020,09:18:52,254.15,250.55,600,252.6,75,0,6675
NIFTY16JAN2011900CE.NFO,07/01/2020,09:18:53,254.15,250.2,600,252.85,225,0,6675
NIFTY16JAN2011900CE.NFO,07/01/2020,09:18:54,254.15,250.05,600,252.85,300,0,6675
NIFTY16JAN2011900CE.NFO,07/01/2020,09:18:55,254.15,250.1,600,251.8,225,0,6675
NIFTY16JAN2011900CE.NFO,07/01/2020,09:18:56,254.15,250.05,600,251.8,225,0,6675
NIFTY16JAN2011900CE.NFO,07/01/2020,09:18:57,254.15,250.05,525,251.8,150,0,6675
NIFTY16JAN2011900CE.NFO,07/01/2020,09:18:58,254.15,250.05,600,251.3,150,0,6675
NIFTY16JAN2011900CE.NFO,07/01/2020,09:18:59,254.15,250.35,600,251.3,150,0,6675
NIFTY16JAN2011900CE.NFO,07/01/2020,09:19:00,254.15,250.05,525,251.3,150,0,6675
NIFTY16JAN2011900CE.NFO,07/01/2020,09:19:01,254.15,250.05,525,251.8,150,0,6675
NIFTY16JAN2011900CE.NFO,07/01/2020,09:19:02,254.15,250.6,600,252.45,150,0,6675
NIFTY16JAN2011900CE.NFO,07/01/2020,09:19:03,254.15,250.3,450,252.3,75,0,6675
NIFTY16JAN2011900CE.NFO,07/01/2020,09:19:04,254.15,250.35,600,253.05,150,0,6675
NIFTY16JAN2011900CE.NFO,07/01/2020,09:19:05,254.15,250.5,600,253.05,150,0,6675
NIFTY16JAN2011900CE.NFO,07/01/2020,09:19:06,254.15,250.05,600,252.6,75,0,6675
NIFTY16JAN2011900CE.NFO,07/01/2020,09:19:07,254.15,250.1,600,252.65,75,0,6675
NIFTY16JAN2011900CE.NFO,07/01/2020,09:19:08,254.15,250.45,600,252.65,75,0,6675
NIFTY16JAN2011900CE.NFO,07/01/2020,09:19:09,254.15,250.65,600,253.5,75,0,6675
NIFTY16JAN2011900CE.NFO,07/01/2020,09:19:10,254.15,250.85,600,252.85,75,0,6675
NIFTY16JAN2011900CE.NFO,07/01/2020,09:19:11,254.15,250.8,450,254.25,150,0,6675
NIFTY16JAN2011900CE.NFO,07/01/2020,09:19:12,254.15,251.35,600,253.75,225,0,6675
NIFTY16JAN2011900CE.NFO,07/01/2020,09:19:12,254.15,251.15,600,253.75,225,0,6675
NIFTY16JAN2011900CE.NFO,07/01/2020,09:19:14,251.2,251.25,600,253.25,75,75,6675
NIFTY16JAN2011900CE.NFO,07/01/2020,09:19:14,251.2,250.55,600,252.85,75,0,6675
NIFTY16JAN2011900CE.NFO,07/01/2020,09:19:15,251.2,251.45,600,253.6,150,0,6675
NIFTY16JAN2011900CE.NFO,07/01/2020,09:19:16,251.2,251.1,600,254.15,375,0,6675
NIFTY16JAN2011900CE.NFO,07/01/2020,09:19:17,251.2,251.75,600,254.15,225,0,6675
NIFTY16JAN2011900CE.NFO,07/01/2020,09:19:18,251.2,251.9,600,253.65,150,0,6675
NIFTY16JAN2011900CE.NFO,07/01/2020,09:19:19,251.2,252.7,600,256.05,225,0,6675
NIFTY16JAN2011900CE.NFO,07/01/2020,09:19:20,251.2,252.25,525,255.05,150,0,6675
NIFTY16JAN2011900CE.NFO,07/01/2020,09:19:21,251.2,252.25,600,254.75,75,0,6675
NIFTY16JAN2011900CE.NFO,07/01/2020,09:19:22,251.2,253.25,600,256.1,75,0,6675
NIFTY16JAN2011900CE.NFO,07/01/2020,09:19:23,251.2,253.1,600,256.25,225,0,6675
NIFTY16JAN2011900CE.NFO,07/01/2020,09:19:25,251.2,252.55,675,256.25,450,0,6675
NIFTY16JAN2011900CE.NFO,07/01/2020,09:19:26,251.2,254.1,600,256.4,150,0,6675
NIFTY16JAN2011900CE.NFO,07/01/2020,09:19:27,251.2,254.05,525,256.85,225,0,6675
NIFTY16JAN2011900CE.NFO,07/01/2020,09:19:28,251.2,253.8,600,256.85,450,0,6675
NIFTY16JAN2011900CE.NFO,07/01/2020,09:19:29,251.2,253.4,150,256.35,225,0,6675
NIFTY16JAN2011900CE.NFO,07/01/2020,09:19:30,251.2,252.55,150,255.8,375,0,6675
NIFTY16JAN2011900CE.NFO,07/01/2020,09:19:31,251.2,252.75,450,255,225,0,6675
NIFTY16JAN2011900CE.NFO,07/01/2020,09:19:32,251.2,253.05,600,255.8,150,0,6675
NIFTY16JAN2011900CE.NFO,07/01/2020,09:19:33,251.2,252.7,525,255.8,450,0,6675
NIFTY16JAN2011900CE.NFO,07/01/2020,09:19:34,251.2,252,600,255.3,300,0,6675
NIFTY16JAN2011900CE.NFO,07/01/2020,09:19:35,251.2,252,600,254.75,225,0,6675
NIFTY16JAN2011900CE.NFO,07/01/2020,09:19:36,251.2,252.95,600,254.75,75,0,6675
NIFTY16JAN2011900CE.NFO,07/01/2020,09:19:37,253,252.05,150,254.35,75,150,6675
NIFTY16JAN2011900CE.NFO,07/01/2020,09:19:38,253,252.1,600,254.95,75,0,6675
NIFTY16JAN2011900CE.NFO,07/01/2020,09:19:39,253,252.05,600,254.95,75,0,6675
NIFTY16JAN2011900CE.NFO,07/01/2020,09:19:40,253,252.5,600,254.45,150,0,6675
NIFTY16JAN2011900CE.NFO,07/01/2020,09:19:41,253,252.6,600,255.3,150,0,6675
NIFTY16JAN2011900CE.NFO,07/01/2020,09:19:42,253,252.85,150,255.3,150,0,6675
NIFTY16JAN2011900CE.NFO,07/01/2020,09:19:43,253,253.3,600,255.3,150,0,6675
NIFTY16JAN2011900CE.NFO,07/01/2020,09:19:44,253,253.2,150,255.3,150,0,6675
NIFTY16JAN2011900CE.NFO,07/01/2020,09:19:45,253,253.4,150,255.3,150,0,6675
NIFTY16JAN2011900CE.NFO,07/01/2020,09:19:46,253,253.95,150,255.55,150,0,6675
NIFTY16JAN2011900CE.NFO,07/01/2020,09:19:47,253,253.8,600,255.65,225,0,6675
NIFTY16JAN2011900CE.NFO,07/01/2020,09:19:48,253,253.8,600,256,225,0,6675
NIFTY16JAN2011900CE.NFO,07/01/2020,09:19:49,253,253.7,600,255.5,75,0,6675
NIFTY16JAN2011900CE.NFO,07/01/2020,09:19:50,253,253.1,600,255.3,75,0,6675
NIFTY16JAN2011900CE.NFO,07/01/2020,09:19:51,253,253,600,255.4,150,0,6675
NIFTY16JAN2011900CE.NFO,07/01/2020,09:19:52,253,252.6,600,255,75,0,6675
NIFTY16JAN2011900CE.NFO,07/01/2020,09:19:53,253,253.95,600,257.25,75,0,6675
NIFTY16JAN2011900CE.NFO,07/01/2020,09:19:54,253,253.9,600,256.6,75,0,6675
NIFTY16JAN2011900CE.NFO,07/01/2020,09:19:55,253,253.65,600,256.7,75,0,6675
NIFTY16JAN2011900CE.NFO,07/01/2020,09:19:56,253,253.1,600,255.45,75,0,6675
NIFTY16JAN2011900CE.NFO,07/01/2020,09:19:57,253,253.2,600,255.45,75,0,6675
NIFTY16JAN2011900CE.NFO,07/01/2020,09:19:59,253,253.35,600,255.45,75,0,6675
NIFTY16JAN2011900CE.NFO,07/01/2020,09:20:00,253,253.05,150,255.25,75,0,6675
NIFTY16JAN2011900CE.NFO,07/01/2020,09:20:01,253,253.75,150,255.35,75,0,6675
NIFTY16JAN2011900CE.NFO,07/01/2020,09:20:02,253,253.85,150,255.7,225,0,6675
NIFTY16JAN2011900CE.NFO,07/01/2020,09:20:03,253,254.5,150,255.85,150,0,6675
NIFTY16JAN2011900CE.NFO,07/01/2020,09:20:04,253,254.45,600,256.25,225,0,6675
NIFTY16JAN2011900CE.NFO,07/01/2020,09:20:05,253,254.05,600,256.45,225,0,6675
NIFTY16JAN2011900CE.NFO,07/01/2020,09:20:06,253,254.6,150,256.8,75,0,6675
NIFTY16JAN2011900CE.NFO,07/01/2020,09:20:07,253,254,150,256.75,300,0,6675
NIFTY16JAN2011900CE.NFO,07/01/2020,09:20:08,253,253.8,225,256.4,75,0,6675
NIFTY16JAN2011900CE.NFO,07/01/2020,09:20:09,253,254.15,600,256.1,225,0,6675
NIFTY16JAN2011900CE.NFO,07/01/2020,09:20:10,253,253.7,600,256.05,225,0,6675
NIFTY16JAN2011900CE.NFO,07/01/2020,09:20:11,253,253.75,525,256.15,225,0,6675
NIFTY16JAN2011900CE.NFO,07/01/2020,09:20:12,253,254.1,600,255.9,375,0,6675
NIFTY16JAN2011900CE.NFO,07/01/2020,09:20:13,253,253.6,150,255.75,150,0,6675
NIFTY16JAN2011900CE.NFO,07/01/2020,09:20:14,255.55,253.75,600,255.6,150,300,6675
NIFTY16JAN2011900CE.NFO,07/01/2020,09:20:15,255.55,254.15,600,256.1,150,0,6675
NIFTY16JAN2011900CE.NFO,07/01/2020,09:20:16,255.55,253.6,150,256.25,225,0,6675
NIFTY16JAN2011900CE.NFO,07/01/2020,09:20:17,255.55,253.15,75,255.85,150,0,6675
NIFTY16JAN2011900CE.NFO,07/01/2020,09:20:18,255.55,253.05,150,256.25,225,0,6675
NIFTY16JAN2011900CE.NFO,07/01/2020,09:20:19,255.55,253.05,225,256.25,225,0,6675
NIFTY16JAN2011900CE.NFO,07/01/2020,09:20:20,255.55,253.05,225,256.85,150,0,6675
NIFTY16JAN2011900CE.NFO,07/01/2020,09:20:21,255.55,253.05,150,256.2,300,0,6675
NIFTY16JAN2011900CE.NFO,07/01/2020,09:20:22,255.55,253.05,150,256.2,375,0,6675
NIFTY16JAN2011900CE.NFO,07/01/2020,09:20:23,255.55,252.5,150,255.7,150,0,6675
NIFTY16JAN2011900CE.NFO,07/01/2020,09:20:24,255.55,252.85,150,256.2,300,0,6675
NIFTY16JAN2011900CE.NFO,07/01/2020,09:20:25,255.55,252.45,150,255.7,375,0,6675
NIFTY16JAN2011900CE.NFO,07/01/2020,09:20:26,255.55,252.45,225,255.35,75,0,6675
NIFTY16JAN2011900CE.NFO,07/01/2020,09:20:27,255.55,253,75,255.35,75,0,6675
NIFTY16JAN2011900CE.NFO,07/01/2020,09:20:28,255.55,253,75,258,75,0,6675
NIFTY16JAN2011900CE.NFO,07/01/2020,09:20:29,255.55,253,75,256.05,75,0,6675
NIFTY16JAN2011900CE.NFO,07/01/2020,09:20:30,255.55,253,75,255.9,75,0,6675
NIFTY16JAN2011900CE.NFO,07/01/2020,09:20:31,255.55,253.55,75,256.35,75,0,6675
NIFTY16JAN2011900CE.NFO,07/01/2020,09:20:32,255.55,253.55,75,256.3,75,0,6675
NIFTY16JAN2011900CE.NFO,07/01/2020,09:20:33,255.55,253.55,75,256.5,75,0,6675
NIFTY16JAN2011900CE.NFO,07/01/2020,09:20:34,255.55,254.15,75,257.6,75,0,6675
NIFTY16JAN2011900CE.NFO,07/01/2020,09:20:35,255.55,254.3,75,256.85,75,0,6675
NIFTY16JAN2011900CE.NFO,07/01/2020,09:20:37,255.55,253.05,75,256.05,75,0,6675
NIFTY16JAN2011900CE.NFO,07/01/2020,09:20:38,255.55,253.75,75,257.85,75,0,6675
NIFTY16JAN2011900CE.NFO,07/01/2020,09:20:39,255.55,253.75,75,257.15,75,0,6675
NIFTY16JAN2011900CE.NFO,07/01/2020,09:20:40,255.55,254.35,75,256.95,75,0,6675
NIFTY16JAN2011900CE.NFO,07/01/2020,09:20:41,255.55,253.75,75,256.35,75,0,6675
NIFTY16JAN2011900CE.NFO,07/01/2020,09:20:42,255.55,253.75,75,256.5,75,0,6675
NIFTY16JAN2011900CE.NFO,07/01/2020,09:20:43,255.55,253.75,75,256.75,150,0,6675
NIFTY16JAN2011900CE.NFO,07/01/2020,09:20:44,255.55,254.35,75,256.8,75,0,6675
NIFTY16JAN2011900CE.NFO,07/01/2020,09:20:49,255.55,254.35,75,257.1,150,0,6675
NIFTY16JAN2011900CE.NFO,07/01/2020,09:20:50,255.55,254.95,75,257.3,75,0,6675
NIFTY16JAN2011900CE.NFO,07/01/2020,09:20:51,255.55,254.9,75,257.4,75,0,6675
NIFTY16JAN2011900CE.NFO,07/01/2020,09:20:53,255.55,254.9,75,257.7,75,0,6675
NIFTY16JAN2011900CE.NFO,07/01/2020,09:20:54,255.55,254.5,75,260.15,150,0,6675
NIFTY16JAN2011900CE.NFO,07/01/2020,09:20:55,255.55,255.15,75,259.25,75,0,6675
NIFTY16JAN2011900CE.NFO,07/01/2020,09:20:56,255.55,255.7,75,262.35,75,0,6675
NIFTY16JAN2011900CE.NFO,07/01/2020,09:20:57,255.55,255.2,75,259.4,75,0,6675
NIFTY16JAN2011900CE.NFO,07/01/2020,09:20:58,255.55,255.5,75,259.25,75,0,6675
NIFTY16JAN2011900CE.NFO,07/01/2020,09:20:59,255.55,255.6,150,259.25,75,0,6675
NIFTY16JAN2011900CE.NFO,07/01/2020,09:21:00,255.55,255.45,75,258.75,75,0,6675
NIFTY16JAN2011900CE.NFO,07/01/2020,09:21:01,255.55,255,75,258.3,75,0,6675
NIFTY16JAN2011900CE.NFO,07/01/2020,09:21:02,256.8,253.75,75,257.3,75,75,6675
NIFTY16JAN2011900CE.NFO,07/01/2020,09:21:03,256.8,254.2,75,257.3,75,0,6675
NIFTY16JAN2011900CE.NFO,07/01/2020,09:21:04,256.8,253.1,75,257.3,150,0,6675
NIFTY16JAN2011900CE.NFO,07/01/2020,09:21:05,256.8,253.1,75,256.25,75,0,6675
NIFTY16JAN2011900CE.NFO,07/01/2020,09:21:06,256.8,253.1,75,255.75,75,0,6675
NIFTY16JAN2011900CE.NFO,07/01/2020,09:21:07,256.8,253.1,75,255.9,75,0,6675
NIFTY16JAN2011900CE.NFO,07/01/2020,09:21:09,256.8,253.75,150,257.1,75,0,6675
NIFTY16JAN2011900CE.NFO,07/01/2020,09:21:10,256.8,254.2,75,257.25,75,0,6675
NIFTY16JAN2011900CE.NFO,07/01/2020,09:21:11,256.8,255.7,75,258.7,75,0,6675
NIFTY16JAN2011900CE.NFO,07/01/2020,09:21:12,256.8,256.7,75,259.7,75,0,6675
NIFTY16JAN2011900CE.NFO,07/01/2020,09:21:14,256.8,256.2,75,259.2,75,0,6675
NIFTY16JAN2011900CE.NFO,07/01/2020,09:21:15,256.8,256.7,75,259.65,75,0,6675
NIFTY16JAN2011900CE.NFO,07/01/2020,09:21:16,256.8,256.35,75,259.15,75,0,6675
NIFTY16JAN2011900CE.NFO,07/01/2020,09:21:17,256.8,256.35,75,259.65,75,0,6675
NIFTY16JAN2011900CE.NFO,07/01/2020,09:21:18,257.05,257.2,75,259.5,75,75,6675
NIFTY16JAN2011900CE.NFO,07/01/2020,09:21:19,257.05,256.35,75,259.5,75,0,6675
NIFTY16JAN2011900CE.NFO,07/01/2020,09:21:20,257.05,256.75,150,259.2,150,0,6675
NIFTY16JAN2011900CE.NFO,07/01/2020,09:21:22,257.05,256.3,150,258.95,150,0,6675
NIFTY16JAN2011900CE.NFO,07/01/2020,09:21:23,257.05,255.15,150,258.3,150,0,6675
NIFTY16JAN2011900CE.NFO,07/01/2020,09:21:24,257.05,255.6,150,258.3,150,0,6675
NIFTY16JAN2011900CE.NFO,07/01/2020,09:21:25,257.05,255.15,150,258.05,150,0,6675
NIFTY16JAN2011900CE.NFO,07/01/2020,09:21:26,257.05,255.1,225,258.05,150,0,6675
NIFTY16JAN2011900CE.NFO,07/01/2020,09:21:27,257.05,255.1,150,258.05,150,0,6675
NIFTY16JAN2011900CE.NFO,07/01/2020,09:21:28,257.05,255.1,225,258.05,150,0,6675
NIFTY16JAN2011900CE.NFO,07/01/2020,09:21:29,257.05,255.55,150,258.3,150,0,6675
NIFTY16JAN2011900CE.NFO,07/01/2020,09:21:30,257.05,255.55,150,258.55,225,0,6675
NIFTY16JAN2011900CE.NFO,07/01/2020,09:21:31,257.05,255.1,150,258.05,150,0,6675
NIFTY16JAN2011900CE.NFO,07/01/2020,09:21:32,257.05,255.1,150,257.5,150,0,6675
NIFTY16JAN2011900CE.NFO,07/01/2020,09:21:33,257.05,253.9,75,257.45,375,0,6675
NIFTY16JAN2011900CE.NFO,07/01/2020,09:21:34,257.05,253.7,150,256.5,150,0,6675
NIFTY16JAN2011900CE.NFO,07/01/2020,09:21:35,257.05,254.15,150,256.55,150,0,6675
NIFTY16JAN2011900CE.NFO,07/01/2020,09:21:36,257.05,254.15,150,257,150,0,6675
NIFTY16JAN2011900CE.NFO,07/01/2020,09:21:40,257.05,254.6,150,257,150,0,6675
NIFTY16JAN2011900CE.NFO,07/01/2020,09:21:41,257.05,255.3,150,257.85,75,0,6675
NIFTY16JAN2011900CE.NFO,07/01/2020,09:21:42,257.05,255.3,150,258.05,75,0,6675
NIFTY16JAN2011900CE.NFO,07/01/2020,09:21:43,257.05,255.75,150,258.55,150,0,6675
NIFTY16JAN2011900CE.NFO,07/01/2020,09:21:44,257.05,255.85,150,261.2,150,0,6675
NIFTY16JAN2011900CE.NFO,07/01/2020,09:21:45,257.05,256.25,150,258.8,150,0,6675
NIFTY16JAN2011900CE.NFO,07/01/2020,09:21:46,257.05,256.25,150,258.85,150,0,6675
NIFTY16JAN2011900CE.NFO,07/01/2020,09:21:49,257.05,255.45,150,258.4,150,0,6675
NIFTY16JAN2011900CE.NFO,07/01/2020,09:21:50,257.05,255.6,225,258.4,150,0,6675
NIFTY16JAN2011900CE.NFO,07/01/2020,09:21:51,257.05,255.6,375,258.85,150,0,6675
NIFTY16JAN2011900CE.NFO,07/01/2020,09:21:52,257.05,256.1,150,258.85,225,0,6675
NIFTY16JAN2011900CE.NFO,07/01/2020,09:21:53,257.05,256.1,150,258.4,150,0,6675
NIFTY16JAN2011900CE.NFO,07/01/2020,09:21:54,257.05,256.05,150,258.4,150,0,6675
NIFTY16JAN2011900CE.NFO,07/01/2020,09:21:55,257.05,255.6,150,258.4,150,0,6675
NIFTY16JAN2011900CE.NFO,07/01/2020,09:21:57,257.05,255.6,150,257.95,150,0,6675
NIFTY16JAN2011900CE.NFO,07/01/2020,09:21:58,257.05,256.05,150,258.85,150,0,6675
NIFTY16JAN2011900CE.NFO,07/01/2020,09:21:59,257.05,256.05,150,259.25,225,0,6675
NIFTY16JAN2011900CE.NFO,07/01/2020,09:22:00,257.05,256.55,150,259.65,150,0,6675
NIFTY16JAN2011900CE.NFO,07/01/2020,09:22:01,257.05,256.55,150,259.5,150,0,6675
NIFTY16JAN2011900CE.NFO,07/01/2020,09:22:02,257.05,257.05,75,259.7,75,0,6675
NIFTY16JAN2011900CE.NFO,07/01/2020,09:22:03,257.05,257.1,75,259.75,75,0,6675
NIFTY16JAN2011900CE.NFO,07/01/2020,09:22:04,257.05,256.8,150,259.9,75,0,6675
NIFTY16JAN2011900CE.NFO,07/01/2020,09:22:05,257.05,258.85,75,261.9,75,0,6675
NIFTY16JAN2011900CE.NFO,07/01/2020,09:22:06,257.05,259.7,75,261.65,75,0,6675
NIFTY16JAN2011900CE.NFO,07/01/2020,09:22:07,257.05,259.7,75,261.8,75,0,6675
NIFTY16JAN2011900CE.NFO,07/01/2020,09:22:09,257.05,258.3,75,261.3,75,0,6675
NIFTY16JAN2011900CE.NFO,07/01/2020,09:22:10,257.05,257.45,75,260.55,75,0,6675
NIFTY16JAN2011900CE.NFO,07/01/2020,09:22:11,257.05,257.95,150,260.75,225,0,6675
NIFTY16JAN2011900CE.NFO,07/01/2020,09:22:12,257.05,259.2,75,261.95,75,0,6675
NIFTY16JAN2011900CE.NFO,07/01/2020,09:22:13,257.05,256.9,225,261,225,0,6675
NIFTY16JAN2011900CE.NFO,07/01/2020,09:22:14,257.05,258.25,75,261.05,75,0,6675
NIFTY16JAN2011900CE.NFO,07/01/2020,09:22:15,257.05,258.75,75,261.65,75,0,6675
NIFTY16JAN2011900CE.NFO,07/01/2020,09:22:16,257.05,259.9,75,262.5,75,0,6675
NIFTY16JAN2011900CE.NFO,07/01/2020,09:22:17,257.05,260.5,75,263.3,75,0,6675
NIFTY16JAN2011900CE.NFO,07/01/2020,09:22:18,257.05,260.5,75,263.5,75,0,6675
NIFTY16JAN2011900CE.NFO,07/01/2020,09:22:19,257.05,259.4,75,264.25,75,0,6675
NIFTY16JAN2011900CE.NFO,07/01/2020,09:22:20,257.05,260,75,263.15,75,0,6675
NIFTY16JAN2011900CE.NFO,07/01/2020,09:22:21,257.05,260.6,75,263.7,75,0,6675
NIFTY16JAN2011900CE.NFO,07/01/2020,09:22:22,257.05,260,75,262.45,75,0,6675
NIFTY16JAN2011900CE.NFO,07/01/2020,09:22:23,263.2,261.2,75,265.95,75,150,6675
NIFTY16JAN2011900CE.NFO,07/01/2020,09:22:24,263.2,261.2,75,264.25,75,0,6675
NIFTY16JAN2011900CE.NFO,07/01/2020,09:22:25,263.2,261.8,75,265.65,75,0,6675
NIFTY16JAN2011900CE.NFO,07/01/2020,09:22:26,263.2,261.8,75,264.8,75,0,6675
NIFTY16JAN2011900CE.NFO,07/01/2020,09:22:27,263.2,261.8,75,264.6,75,0,6675
NIFTY16JAN2011900CE.NFO,07/01/2020,09:22:28,263.2,261.8,75,264.5,75,0,6675
NIFTY16JAN2011900CE.NFO,07/01/2020,09:22:29,263.2,260.6,75,263.35,75,0,6675
NIFTY16JAN2011900CE.NFO,07/01/2020,09:22:30,263.2,260.6,75,263.25,75,0,6675
NIFTY16JAN2011900CE.NFO,07/01/2020,09:22:32,263.2,260.4,75,262.95,150,0,6675
NIFTY16JAN2011900CE.NFO,07/01/2020,09:22:33,263.2,260.4,75,262.85,75,0,6675
NIFTY16JAN2011900CE.NFO,07/01/2020,09:22:34,263.2,260.4,75,263.3,75,0,6675
NIFTY16JAN2011900CE.NFO,07/01/2020,09:22:35,263.2,260.4,75,263.2,75,0,6675
NIFTY16JAN2011900CE.NFO,07/01/2020,09:22:36,263.2,260.4,75,263.1,75,0,6675
NIFTY16JAN2011900CE.NFO,07/01/2020,09:22:37,263.2,259.95,75,263,150,0,6675
NIFTY16JAN2011900CE.NFO,07/01/2020,09:22:38,263.2,260.6,75,263.7,150,0,6675
NIFTY16JAN2011900CE.NFO,07/01/2020,09:22:40,263.2,259.95,75,263,75,0,6675
NIFTY16JAN2011900CE.NFO,07/01/2020,09:22:41,263.2,260.3,75,263.15,75,0,6675
NIFTY16JAN2011900CE.NFO,07/01/2020,09:22:42,263.2,259.95,75,262.8,75,0,6675
NIFTY16JAN2011900CE.NFO,07/01/2020,09:22:43,263.2,260.3,75,262.8,75,0,6675
NIFTY16JAN2011900CE.NFO,07/01/2020,09:22:44,263.2,260.3,75,262.6,75,0,6675
NIFTY16JAN2011900CE.NFO,07/01/2020,09:22:45,263.2,260.3,75,262.8,75,0,6675
NIFTY16JAN2011900CE.NFO,07/01/2020,09:22:46,263.2,260.05,75,262.75,75,0,6675
NIFTY16JAN2011900CE.NFO,07/01/2020,09:22:47,263.2,260,750,262.75,75,0,6675
NIFTY16JAN2011900CE.NFO,07/01/2020,09:22:48,263.2,260.05,75,262.1,75,0,6675
NIFTY16JAN2011900CE.NFO,07/01/2020,09:22:49,263.2,260.05,75,262.6,75,0,6675
NIFTY16JAN2011900CE.NFO,07/01/2020,09:22:50,263.2,260.25,75,263.3,75,0,6675
NIFTY16JAN2011900CE.NFO,07/01/2020,09:22:51,263.2,260.9,75,263.5,75,0,6675
NIFTY16JAN2011900CE.NFO,07/01/2020,09:22:52,263.2,260.9,75,263.45,75,0,6675
NIFTY16JAN2011900CE.NFO,07/01/2020,09:22:53,263.2,260.9,75,263.4,150,0,6675
NIFTY16JAN2011900CE.NFO,07/01/2020,09:22:54,263.2,261.55,75,264.05,75,0,6675
NIFTY16JAN2011900CE.NFO,07/01/2020,09:22:55,263.2,261.55,75,264.05,150,0,6675
NIFTY16JAN2011900CE.NFO,07/01/2020,09:22:56,263.2,261.55,75,263.9,75,0,6675
NIFTY16JAN2011900CE.NFO,07/01/2020,09:22:57,263.2,260.9,75,263.6,75,0,6675
NIFTY16JAN2011900CE.NFO,07/01/2020,09:22:58,261,260.75,75,263.55,75,150,6675
NIFTY16JAN2011900CE.NFO,07/01/2020,09:22:59,261,260.65,75,263.4,150,0,6675
NIFTY16JAN2011900CE.NFO,07/01/2020,09:23:00,261,260.25,75,263.4,150,0,6675
NIFTY16JAN2011900CE.NFO,07/01/2020,09:23:01,261,260.2,75,262.9,75,0,6675
NIFTY16JAN2011900CE.NFO,07/01/2020,09:23:02,261,260.2,75,262.65,150,0,6675
NIFTY16JAN2011900CE.NFO,07/01/2020,09:23:03,261,260.55,150,262.95,150,0,6675
NIFTY16JAN2011900CE.NFO,07/01/2020,09:23:04,261,260.55,150,262.65,150,0,6675
NIFTY16JAN2011900CE.NFO,07/01/2020,09:23:05,261,260.55,150,262.9,150,0,6675
NIFTY16JAN2011900CE.NFO,07/01/2020,09:23:06,261,260.55,150,263.35,75,0,6675
NIFTY16JAN2011900CE.NFO,07/01/2020,09:23:07,261,260.55,150,262.9,150,0,6675
NIFTY16JAN2011900CE.NFO,07/01/2020,09:23:08,261,260.2,75,262.9,150,0,6675
NIFTY16JAN2011900CE.NFO,07/01/2020,09:23:09,261,260.2,75,262.8,225,0,6675
NIFTY16JAN2011900CE.NFO,07/01/2020,09:23:10,261,260.2,75,262.55,150,0,6675
NIFTY16JAN2011900CE.NFO,07/01/2020,09:23:11,261,260,750,262.1,150,0,6675
NIFTY16JAN2011900CE.NFO,07/01/2020,09:23:12,261,260.5,150,262.95,75,0,6675
NIFTY16JAN2011900CE.NFO,07/01/2020,09:23:13,261,260.2,150,263,225,0,6675
NIFTY16JAN2011900CE.NFO,07/01/2020,09:23:15,261,260.2,150,262.45,225,0,6675
NIFTY16JAN2011900CE.NFO,07/01/2020,09:23:16,261,260.2,150,262.9,75,0,6675
NIFTY16JAN2011900CE.NFO,07/01/2020,09:23:17,261,260.1,150,262.1,75,0,6675
NIFTY16JAN2011900CE.NFO,07/01/2020,09:23:18,261,260.1,150,265,75,0,6675
NIFTY16JAN2011900CE.NFO,07/01/2020,09:23:19,261,260.1,150,265.85,75,0,6675
NIFTY16JAN2011900CE.NFO,07/01/2020,09:23:20,261,260.6,150,263.05,150,0,6675
NIFTY16JAN2011900CE.NFO,07/01/2020,09:23:21,261,260.6,150,262.95,75,0,6675
NIFTY16JAN2011900CE.NFO,07/01/2020,09:23:22,261,260.1,150,262.8,225,0,6675
NIFTY16JAN2011900CE.NFO,07/01/2020,09:23:24,261,260.1,150,262.8,150,0,6675
NIFTY16JAN2011900CE.NFO,07/01/2020,09:23:25,261,260.65,150,263.25,150,0,6675
NIFTY16JAN2011900CE.NFO,07/01/2020,09:23:26,261,260.1,150,263.25,225,0,6675
NIFTY16JAN2011900CE.NFO,07/01/2020,09:23:27,261,260.1,150,262.85,150,0,6675
NIFTY16JAN2011900CE.NFO,07/01/2020,09:23:28,261,260.1,150,262.4,150,0,6675
NIFTY16JAN2011900CE.NFO,07/01/2020,09:23:29,261,260.1,150,262.85,150,0,6675
NIFTY16JAN2011900CE.NFO,07/01/2020,09:23:30,261,260.1,150,262.65,150,0,6675
NIFTY16JAN2011900CE.NFO,07/01/2020,09:23:31,261,260.1,150,263.4,225,0,6675
NIFTY16JAN2011900CE.NFO,07/01/2020,09:23:33,261,260.1,150,263,150,0,6675
NIFTY16JAN2011900CE.NFO,07/01/2020,09:23:34,261,260.1,150,263,225,0,6675
NIFTY16JAN2011900CE.NFO,07/01/2020,09:23:35,261,260.1,150,262.9,150,0,6675
NIFTY16JAN2011900CE.NFO,07/01/2020,09:23:36,261,260.1,150,262.95,150,0,6675
NIFTY16JAN2011900CE.NFO,07/01/2020,09:23:37,261,260.1,150,263.2,150,0,6675
NIFTY16JAN2011900CE.NFO,07/01/2020,09:23:38,261,260.1,150,262.75,150,0,6675
NIFTY16JAN2011900CE.NFO,07/01/2020,09:23:39,262.75,260.3,150,262.85,150,75,6600
NIFTY16JAN2011900CE.NFO,07/01/2020,09:23:40,262.75,260.3,75,262.9,75,0,6600
NIFTY16JAN2011900CE.NFO,07/01/2020,09:23:41,262.75,260.3,75,263,75,0,6600
NIFTY16JAN2011900CE.NFO,07/01/2020,09:23:44,262.75,260.3,75,262.6,75,0,6600
NIFTY16JAN2011900CE.NFO,07/01/2020,09:23:46,262.75,260.3,75,262.75,225,0,6600
NIFTY16JAN2011900CE.NFO,07/01/2020,09:23:47,262.75,260.3,75,262.65,150,0,6600
NIFTY16JAN2011900CE.NFO,07/01/2020,09:23:48,262.75,260.3,75,262.8,75,0,6600
NIFTY16JAN2011900CE.NFO,07/01/2020,09:23:49,262.75,260.9,150,263.4,75,0,6600
NIFTY16JAN2011900CE.NFO,07/01/2020,09:23:50,262.75,260.9,150,263.2,150,0,6600
NIFTY16JAN2011900CE.NFO,07/01/2020,09:23:51,262.75,260.9,150,263.3,150,0,6600
NIFTY16JAN2011900CE.NFO,07/01/2020,09:23:52,262.75,260.9,150,263.5,75,0,6600
NIFTY16JAN2011900CE.NFO,07/01/2020,09:23:53,262.75,260.9,150,264.15,225,0,6600
NIFTY16JAN2011900CE.NFO,07/01/2020,09:23:54,262.75,260.9,150,263.9,150,0,6600
NIFTY16JAN2011900CE.NFO,07/01/2020,09:23:55,262.75,261.5,150,264.4,75,0,6600
NIFTY16JAN2011900CE.NFO,07/01/2020,09:23:56,262.75,261.5,150,264.5,75,0,6600
NIFTY16JAN2011900CE.NFO,07/01/2020,09:23:58,262.75,261.5,150,264.85,225,0,6600
NIFTY16JAN2011900CE.NFO,07/01/2020,09:23:59,262.75,261.5,150,264.35,75,0,6600
NIFTY16JAN2011900CE.NFO,07/01/2020,09:24:00,262.75,261.5,150,264.5,75,0,6600
NIFTY16JAN2011900CE.NFO,07/01/2020,09:24:01,262.75,261.5,150,264.35,75,0,6600
NIFTY16JAN2011900CE.NFO,07/01/2020,09:24:02,262.75,261.5,75,264.8,75,0,6600
NIFTY16JAN2011900CE.NFO,07/01/2020,09:24:04,262.75,260.3,75,263.35,75,0,6600
NIFTY16JAN2011900CE.NFO,07/01/2020,09:24:05,262.75,260.5,75,264,75,0,6600
NIFTY16JAN2011900CE.NFO,07/01/2020,09:24:06,262.75,260.9,75,264.5,75,0,6600
NIFTY16JAN2011900CE.NFO,07/01/2020,09:24:07,262.75,261.5,75,264.8,75,0,6600
NIFTY16JAN2011900CE.NFO,07/01/2020,09:24:09,262.75,261.5,75,264.35,75,0,6600
NIFTY16JAN2011900CE.NFO,07/01/2020,09:24:10,262.75,260.9,75,264.4,75,0,6600
NIFTY16JAN2011900CE.NFO,07/01/2020,09:24:11,262.75,260.9,75,264,75,0,6600
NIFTY16JAN2011900CE.NFO,07/01/2020,09:24:12,262.75,260.9,75,264.1,150,0,6600
NIFTY16JAN2011900CE.NFO,07/01/2020,09:24:13,262.75,260.9,75,264.05,75,0,6600
NIFTY16JAN2011900CE.NFO,07/01/2020,09:24:14,262.75,260.9,75,264,75,0,6600
NIFTY16JAN2011900CE.NFO,07/01/2020,09:24:15,262.75,261.05,75,264.3,75,0,6600
NIFTY16JAN2011900CE.NFO,07/01/2020,09:24:16,262.75,261.05,75,264.2,75,0,6600
NIFTY16JAN2011900CE.NFO,07/01/2020,09:24:17,262.75,261.05,75,264.1,75,0,6600
NIFTY16JAN2011900CE.NFO,07/01/2020,09:24:18,262.75,260.9,75,264.25,300,0,6600
NIFTY16JAN2011900CE.NFO,07/01/2020,09:24:19,262.75,260.9,75,263.95,150,0,6600
NIFTY16JAN2011900CE.NFO,07/01/2020,09:24:20,262.75,260.9,75,263.7,75,0,6600
NIFTY16JAN2011900CE.NFO,07/01/2020,09:24:21,262.75,260.9,75,263.6,75,0,6600
NIFTY16JAN2011900CE.NFO,07/01/2020,09:24:22,262.75,260.9,75,263.8,75,0,6600
NIFTY16JAN2011900CE.NFO,07/01/2020,09:24:23,262.75,260.9,75,263.95,150,0,6600
NIFTY16JAN2011900CE.NFO,07/01/2020,09:24:25,262.75,260.45,75,263.85,75,0,6600
NIFTY16JAN2011900CE.NFO,07/01/2020,09:24:26,262.75,260.45,75,263.9,75,0,6600
NIFTY16JAN2011900CE.NFO,07/01/2020,09:24:27,262.75,260.65,75,263.9,75,0,6600
NIFTY16JAN2011900CE.NFO,07/01/2020,09:24:28,262.75,260.65,75,263.75,75,0,6600
NIFTY16JAN2011900CE.NFO,07/01/2020,09:24:30,262.75,260.45,75,263.65,75,0,6600
NIFTY16JAN2011900CE.NFO,07/01/2020,09:24:31,262.75,260.45,75,263.95,75,0,6600
NIFTY16JAN2011900CE.NFO,07/01/2020,09:24:32,262.75,260.45,75,263.75,75,0,6600
NIFTY16JAN2011900CE.NFO,07/01/2020,09:24:33,262.75,260.05,75,263.7,75,0,6600
NIFTY16JAN2011900CE.NFO,07/01/2020,09:24:34,262.5,259.25,75,266.35,225,150,6600
NIFTY16JAN2011900CE.NFO,07/01/2020,09:24:35,262.5,259.8,75,264.65,75,0,6600
NIFTY16JAN2011900CE.NFO,07/01/2020,09:24:38,262.5,260.6,75,264.65,75,0,6600
NIFTY16JAN2011900CE.NFO,07/01/2020,09:24:39,262.5,260.3,75,264,150,0,6600
NIFTY16JAN2011900CE.NFO,07/01/2020,09:24:40,262.5,260.4,150,262.7,150,0,6600
NIFTY16JAN2011900CE.NFO,07/01/2020,09:24:42,262.5,260.9,150,262.8,150,0,6600
NIFTY16JAN2011900CE.NFO,07/01/2020,09:24:43,262.5,260.75,150,262.8,150,0,6600
NIFTY16JAN2011900CE.NFO,07/01/2020,09:24:44,262.5,260.5,150,262.8,225,0,6600
NIFTY16JAN2011900CE.NFO,07/01/2020,09:24:45,262.5,260.4,150,262.35,150,0,6600
NIFTY16JAN2011900CE.NFO,07/01/2020,09:24:46,262.5,260.3,75,262.35,225,0,6600
NIFTY16JAN2011900CE.NFO,07/01/2020,09:24:48,262.5,260.4,150,262.35,150,0,6600
NIFTY16JAN2011900CE.NFO,07/01/2020,09:24:49,262.5,260.4,150,262.45,225,0,6600
NIFTY16JAN2011900CE.NFO,07/01/2020,09:24:50,262.5,260.4,150,262.7,75,0,6600
NIFTY16JAN2011900CE.NFO,07/01/2020,09:24:51,262.5,260.4,150,263.2,75,0,6600
NIFTY16JAN2011900CE.NFO,07/01/2020,09:24:52,262.5,260.4,150,263,75,0,6600
NIFTY16JAN2011900CE.NFO,07/01/2020,09:24:53,262.5,260.1,150,262.45,75,0,6600
NIFTY16JAN2011900CE.NFO,07/01/2020,09:24:54,262.5,260.1,150,263.2,300,0,6600
NIFTY16JAN2011900CE.NFO,07/01/2020,09:24:55,262.5,258.25,75,262.95,75,0,6600
NIFTY16JAN2011900CE.NFO,07/01/2020,09:24:56,262.5,259.75,150,262.7,150,0,6600
NIFTY16JAN2011900CE.NFO,07/01/2020,09:24:57,262.5,259.75,150,262.55,75,0,6600
NIFTY16JAN2011900CE.NFO,07/01/2020,09:24:58,262.5,259.75,150,262.85,75,0,6600
NIFTY16JAN2011900CE.NFO,07/01/2020,09:24:59,262.5,259.35,75,262.6,75,0,6600
NIFTY16JAN2011900CE.NFO,07/01/2020,09:25:00,262.5,259.8,150,262.9,75,0,6600
NIFTY16JAN2011900CE.NFO,07/01/2020,09:25:03,262.5,260.75,150,263.95,75,0,6600
NIFTY16JAN2011900CE.NFO,07/01/2020,09:25:04,262.5,260.75,150,263.8,75,0,6600
NIFTY16JAN2011900CE.NFO,07/01/2020,09:25:05,262.5,260.75,150,263.75,75,0,6600
NIFTY16JAN2011900CE.NFO,07/01/2020,09:25:07,262.5,260.75,150,263.65,75,0,6600
NIFTY16JAN2011900CE.NFO,07/01/2020,09:25:08,262.5,260.75,150,263.45,75,0,6600
NIFTY16JAN2011900CE.NFO,07/01/2020,09:25:09,262.5,261,150,263.25,225,0,6600
NIFTY16JAN2011900CE.NFO,07/01/2020,09:25:10,262.5,261.4,150,263.35,150,0,6600
NIFTY16JAN2011900CE.NFO,07/01/2020,09:25:11,262.5,261.2,150,263,150,0,6600
NIFTY16JAN2011900CE.NFO,07/01/2020,09:25:12,262.5,261.1,300,264.85,150,0,6600
NIFTY16JAN2011900CE.NFO,07/01/2020,09:25:13,262.5,261.1,150,263.25,150,0,6600
NIFTY16JAN2011900CE.NFO,07/01/2020,09:25:15,262.5,261.1,150,263.05,150,0,6600
NIFTY16JAN2011900CE.NFO,07/01/2020,09:25:16,262.5,261.15,150,263,225,0,6600
NIFTY16JAN2011900CE.NFO,07/01/2020,09:25:17,262.5,261.15,150,263,75,0,6600
NIFTY16JAN2011900CE.NFO,07/01/2020,09:25:18,262.5,259.75,75,263.05,75,0,6600
NIFTY16JAN2011900CE.NFO,07/01/2020,09:25:19,262.5,260.2,150,263.05,75,0,6600
NIFTY16JAN2011900CE.NFO,07/01/2020,09:25:20,262.5,260.2,150,263.2,300,0,6600
NIFTY16JAN2011900CE.NFO,07/01/2020,09:25:21,262.5,260.2,150,263.2,150,0,6600
NIFTY16JAN2011900CE.NFO,07/01/2020,09:25:22,262.5,260.65,150,263.2,150,0,6600
NIFTY16JAN2011900CE.NFO,07/01/2020,09:25:23,262.5,261.15,150,268,75,0,6600
NIFTY16JAN2011900CE.NFO,07/01/2020,09:25:24,262.5,261.15,150,263.6,75,0,6600
NIFTY16JAN2011900CE.NFO,07/01/2020,09:25:25,262.5,261.15,150,263.4,150,0,6600
NIFTY16JAN2011900CE.NFO,07/01/2020,09:25:26,262.5,261.15,150,263.4,225,0,6600
NIFTY16JAN2011900CE.NFO,07/01/2020,09:25:28,262.5,260.85,150,263.15,150,0,6600
NIFTY16JAN2011900CE.NFO,07/01/2020,09:25:30,262.5,260.65,150,262.8,150,0,6600
NIFTY16JAN2011900CE.NFO,07/01/2020,09:25:33,262.5,259.7,300,262.65,225,0,6600
NIFTY16JAN2011900CE.NFO,07/01/2020,09:25:34,262.5,259.45,150,262.5,150,0,6600
NIFTY16JAN2011900CE.NFO,07/01/2020,09:25:35,262.5,259.95,150,262.6,300,0,6600
NIFTY16JAN2011900CE.NFO,07/01/2020,09:25:36,262.5,259.95,150,262.6,150,0,6600
NIFTY16JAN2011900CE.NFO,07/01/2020,09:25:37,262.5,259.95,150,262.55,150,0,6600
NIFTY16JAN2011900CE.NFO,07/01/2020,09:25:38,262.5,259.95,150,262.65,225,0,6600
NIFTY16JAN2011900CE.NFO,07/01/2020,09:25:39,262.5,259.45,150,262.6,75,0,6600
NIFTY16JAN2011900CE.NFO,07/01/2020,09:25:40,262.5,259.45,150,262.55,150,0,6600
NIFTY16JAN2011900CE.NFO,07/01/2020,09:25:41,262.5,259.45,150,262.45,150,0,6600
NIFTY16JAN2011900CE.NFO,07/01/2020,09:25:42,262.5,259.5,150,262.85,225,0,6600
NIFTY16JAN2011900CE.NFO,07/01/2020,09:25:43,262.5,259.5,150,262.7,75,0,6600
NIFTY16JAN2011900CE.NFO,07/01/2020,09:25:46,262.5,259.45,150,262.5,75,0,6600
NIFTY16JAN2011900CE.NFO,07/01/2020,09:25:47,262.5,259.45,150,262.45,225,0,6600
NIFTY16JAN2011900CE.NFO,07/01/2020,09:25:48,262.5,259.9,150,263.05,75,0,6600
NIFTY16JAN2011900CE.NFO,07/01/2020,09:25:49,262.5,260.45,150,263.3,225,0,6600
NIFTY16JAN2011900CE.NFO,07/01/2020,09:25:50,262.5,260.45,150,263.05,75,0,6600
NIFTY16JAN2011900CE.NFO,07/01/2020,09:25:51,262.5,260.45,150,262.9,75,0,6600
NIFTY16JAN2011900CE.NFO,07/01/2020,09:25:52,262.5,260.45,150,262.6,75,0,6600
NIFTY16JAN2011900CE.NFO,07/01/2020,09:25:54,262.5,260.45,150,262.45,75,0,6600
NIFTY16JAN2011900CE.NFO,07/01/2020,09:25:55,262.5,260.45,150,262.7,75,0,6600
NIFTY16JAN2011900CE.NFO,07/01/2020,09:25:56,262.5,260.45,150,262.85,75,0,6600
NIFTY16JAN2011900CE.NFO,07/01/2020,09:25:57,262.5,260.45,150,262.7,75,0,6600
NIFTY16JAN2011900CE.NFO,07/01/2020,09:25:58,262.5,260.45,150,262.5,75,0,6600
NIFTY16JAN2011900CE.NFO,07/01/2020,09:25:59,262.5,259.9,150,262.1,75,0,6600
NIFTY16JAN2011900CE.NFO,07/01/2020,09:26:00,262.5,259.2,150,261.9,75,0,6600
NIFTY16JAN2011900CE.NFO,07/01/2020,09:26:01,262.5,258.9,150,261.05,75,0,6600
NIFTY16JAN2011900CE.NFO,07/01/2020,09:26:02,262.5,259.4,150,260.95,75,0,6600
NIFTY16JAN2011900CE.NFO,07/01/2020,09:26:03,262.5,258.15,150,261.05,75,0,6600
NIFTY16JAN2011900CE.NFO,07/01/2020,09:26:05,262.5,258.3,225,261.3,75,0,6600
NIFTY16JAN2011900CE.NFO,07/01/2020,09:26:06,262.5,259.05,150,261.35,75,0,6600
NIFTY16JAN2011900CE.NFO,07/01/2020,09:26:09,262.5,259.05,150,261.5,75,0,6600
NIFTY16JAN2011900CE.NFO,07/01/2020,09:26:10,262.5,258.85,150,261.15,75,0,6600
NIFTY16JAN2011900CE.NFO,07/01/2020,09:26:11,262.5,258.55,150,261.4,75,0,6600
NIFTY16JAN2011900CE.NFO,07/01/2020,09:26:12,262.5,258.55,150,261.65,75,0,6600
NIFTY16JAN2011900CE.NFO,07/01/2020,09:26:13,262.5,258.55,150,261.5,75,0,6600
NIFTY16JAN2011900CE.NFO,07/01/2020,09:26:14,262.5,258.55,150,261.1,75,0,6600
NIFTY16JAN2011900CE.NFO,07/01/2020,09:26:15,262.5,258.55,150,261.2,75,0,6600
NIFTY16JAN2011900CE.NFO,07/01/2020,09:26:16,262.5,258.55,150,261.45,75,0,6600
NIFTY16JAN2011900CE.NFO,07/01/2020,09:26:17,262.5,258.55,150,261.3,75,0,6600
NIFTY16JAN2011900CE.NFO,07/01/2020,09:26:18,262.5,257.85,75,260.75,75,0,6600
NIFTY16JAN2011900CE.NFO,07/01/2020,09:26:19,262.5,258.05,75,260.9,75,0,6600
NIFTY16JAN2011900CE.NFO,07/01/2020,09:26:20,262.5,258.25,75,261.05,75,0,6600
NIFTY16JAN2011900CE.NFO,07/01/2020,09:26:21,262.5,259.2,150,260.85,75,0,6600
NIFTY16JAN2011900CE.NFO,07/01/2020,09:26:22,262.5,259.2,150,261.25,75,0,6600
NIFTY16JAN2011900CE.NFO,07/01/2020,09:26:23,262.5,258.75,150,260.55,75,0,6600
NIFTY16JAN2011900CE.NFO,07/01/2020,09:26:24,262.5,258.75,150,260.75,75,0,6600
NIFTY16JAN2011900CE.NFO,07/01/2020,09:26:25,262.5,258.75,150,261,75,0,6600
NIFTY16JAN2011900CE.NFO,07/01/2020,09:26:26,262.5,258.75,150,261.35,75,0,6600
NIFTY16JAN2011900CE.NFO,07/01/2020,09:26:27,262.5,258.75,150,261.4,75,0,6600
NIFTY16JAN2011900CE.NFO,07/01/2020,09:26:28,262.5,258.75,150,262.15,75,0,6600
NIFTY16JAN2011900CE.NFO,07/01/2020,09:26:29,262.5,258.75,150,261.6,75,0,6600
NIFTY16JAN2011900CE.NFO,07/01/2020,09:26:30,262.5,259.25,225,262.15,75,0,6600
NIFTY16JAN2011900CE.NFO,07/01/2020,09:26:31,262.5,259.75,75,262.4,75,0,6600
NIFTY16JAN2011900CE.NFO,07/01/2020,09:26:32,262.5,259.75,75,262.7,75,0,6600
NIFTY16JAN2011900CE.NFO,07/01/2020,09:26:33,262.5,259.75,75,262.6,75,0,6600
NIFTY16JAN2011900CE.NFO,07/01/2020,09:26:34,262.5,259.75,75,262.55,75,0,6600
NIFTY16JAN2011900CE.NFO,07/01/2020,09:26:35,262.5,259.75,75,262.45,75,0,6600
NIFTY16JAN2011900CE.NFO,07/01/2020,09:26:36,262.5,259.5,75,261.25,75,0,6600
NIFTY16JAN2011900CE.NFO,07/01/2020,09:26:37,262.5,257.8,75,261.1,75,0,6600
NIFTY16JAN2011900CE.NFO,07/01/2020,09:26:38,262.5,258.85,75,261,75,0,6600
NIFTY16JAN2011900CE.NFO,07/01/2020,09:26:39,262.5,258.85,75,261.15,75,0,6600
NIFTY16JAN2011900CE.NFO,07/01/2020,09:26:40,262.5,258.85,75,260.85,75,0,6600
NIFTY16JAN2011900CE.NFO,07/01/2020,09:26:41,262.5,257.65,75,260.4,75,0,6600
NIFTY16JAN2011900CE.NFO,07/01/2020,09:26:42,262.5,257.65,75,260.45,75,0,6600
NIFTY16JAN2011900CE.NFO,07/01/2020,09:26:43,262.5,257.85,75,260.9,75,0,6600
NIFTY16JAN2011900CE.NFO,07/01/2020,09:26:44,262.5,258.75,75,261.3,75,0,6600
NIFTY16JAN2011900CE.NFO,07/01/2020,09:26:45,262.5,258.25,450,261.2,75,0,6600
NIFTY16JAN2011900CE.NFO,07/01/2020,09:26:46,262.5,258.5,150,261.6,75,0,6600
NIFTY16JAN2011900CE.NFO,07/01/2020,09:26:47,262.5,258.5,75,260.9,75,0,6600
NIFTY16JAN2011900CE.NFO,07/01/2020,09:26:48,262.5,258.5,75,260.6,75,0,6600
NIFTY16JAN2011900CE.NFO,07/01/2020,09:26:49,262.5,258.7,75,261,75,0,6600
NIFTY16JAN2011900CE.NFO,07/01/2020,09:26:50,262.5,258.7,75,261.2,75,0,6600
NIFTY16JAN2011900CE.NFO,07/01/2020,09:26:51,262.5,258.7,75,261,75,0,6600
NIFTY16JAN2011900CE.NFO,07/01/2020,09:26:53,262.5,258.5,75,260.9,75,0,6600
NIFTY16JAN2011900CE.NFO,07/01/2020,09:26:55,262.5,258.7,75,261.25,75,0,6600
NIFTY16JAN2011900CE.NFO,07/01/2020,09:26:56,262.5,258.7,75,261.1,75,0,6600
NIFTY16JAN2011900CE.NFO,07/01/2020,09:26:57,262.5,258.7,75,260.85,75,0,6600
NIFTY16JAN2011900CE.NFO,07/01/2020,09:26:58,262.5,258.7,75,260.9,75,0,6600
NIFTY16JAN2011900CE.NFO,07/01/2020,09:26:59,262.5,257.9,75,260.6,75,0,6600
NIFTY16JAN2011900CE.NFO,07/01/2020,09:27:00,262.5,257.9,75,260.7,75,0,6600
NIFTY16JAN2011900CE.NFO,07/01/2020,09:27:01,262.5,257.9,75,260.75,75,0,6600
NIFTY16JAN2011900CE.NFO,07/01/2020,09:27:03,262.5,258.1,75,260.6,75,0,6600
NIFTY16JAN2011900CE.NFO,07/01/2020,09:27:04,262.5,258.1,75,260.75,75,0,6600
NIFTY16JAN2011900CE.NFO,07/01/2020,09:27:05,262.5,258.1,75,260.45,75,0,6600
NIFTY16JAN2011900CE.NFO,07/01/2020,09:27:06,262.5,258.65,75,260.8,75,0,6600
NIFTY16JAN2011900CE.NFO,07/01/2020,09:27:07,262.5,258.65,75,260.75,75,0,6600
NIFTY16JAN2011900CE.NFO,07/01/2020,09:27:08,262.5,258.65,75,260.9,75,0,6600
NIFTY16JAN2011900CE.NFO,07/01/2020,09:27:10,262.5,258.65,75,261.3,75,0,6600
NIFTY16JAN2011900CE.NFO,07/01/2020,09:27:11,262.5,258.65,75,261.25,75,0,6600
NIFTY16JAN2011900CE.NFO,07/01/2020,09:27:12,262.5,258.65,75,261.15,75,0,6600
NIFTY16JAN2011900CE.NFO,07/01/2020,09:27:13,262.5,258.65,75,261.2,75,0,6600
NIFTY16JAN2011900CE.NFO,07/01/2020,09:27:14,262.5,258.7,75,261,75,0,6600
NIFTY16JAN2011900CE.NFO,07/01/2020,09:27:15,262.5,258.7,75,261.25,75,0,6600
NIFTY16JAN2011900CE.NFO,07/01/2020,09:27:16,262.5,258.7,75,261.3,75,0,6600
NIFTY16JAN2011900CE.NFO,07/01/2020,09:27:17,262.5,258.7,75,260.9,75,0,6600
NIFTY16JAN2011900CE.NFO,07/01/2020,09:27:18,262.5,258.15,150,260.75,75,0,6600
NIFTY16JAN2011900CE.NFO,07/01/2020,09:27:19,262.5,258.45,75,260.55,75,0,6600
NIFTY16JAN2011900CE.NFO,07/01/2020,09:27:20,262.5,258.45,75,260.65,75,0,6600
NIFTY16JAN2011900CE.NFO,07/01/2020,09:27:21,262.5,258.7,75,260.95,75,0,6600
NIFTY16JAN2011900CE.NFO,07/01/2020,09:27:24,262.5,259.3,75,261.5,75,0,6600
NIFTY16JAN2011900CE.NFO,07/01/2020,09:27:25,262.5,259.25,150,261.2,75,0,6600
NIFTY16JAN2011900CE.NFO,07/01/2020,09:27:26,262.5,258.95,75,261.4,75,0,6600
NIFTY16JAN2011900CE.NFO,07/01/2020,09:27:27,262.5,258.1,75,260.1,75,0,6600
NIFTY16JAN2011900CE.NFO,07/01/2020,09:27:28,262.5,258.1,75,260.2,75,0,6600
NIFTY16JAN2011900CE.NFO,07/01/2020,09:27:29,262.5,258.1,75,260.4,75,0,6600
NIFTY16JAN2011900CE.NFO,07/01/2020,09:27:30,262.5,258.1,75,260.35,75,0,6600
NIFTY16JAN2011900CE.NFO,07/01/2020,09:27:31,262.5,257.65,225,259.95,75,0,6600
NIFTY16JAN2011900CE.NFO,07/01/2020,09:27:32,262.5,258.25,75,260.35,75,0,6600
NIFTY16JAN2011900CE.NFO,07/01/2020,09:27:33,258.55,258.25,150,260.25,75,75,6600
NIFTY16JAN2011900CE.NFO,07/01/2020,09:27:34,258.55,257.1,75,259.35,75,0,6675
NIFTY16JAN2011900CE.NFO,07/01/2020,09:27:35,258.55,257.1,75,259.3,75,0,6675
NIFTY16JAN2011900CE.NFO,07/01/2020,09:27:36,258.55,257.1,150,259.9,75,0,6675
NIFTY16JAN2011900CE.NFO,07/01/2020,09:27:37,258.55,257.65,75,260.4,75,0,6675
NIFTY16JAN2011900CE.NFO,07/01/2020,09:27:38,258.55,257.85,75,260.45,75,0,6675
NIFTY16JAN2011900CE.NFO,07/01/2020,09:27:40,258.55,257.85,75,260.35,75,0,6675
NIFTY16JAN2011900CE.NFO,07/01/2020,09:27:41,258.55,257.85,75,260.45,75,0,6675
NIFTY16JAN2011900CE.NFO,07/01/2020,09:27:42,258.55,257.85,75,260.25,75,0,6675
NIFTY16JAN2011900CE.NFO,07/01/2020,09:27:43,258.4,256.15,75,259.65,75,225,6675
NIFTY16JAN2011900CE.NFO,07/01/2020,09:27:44,258.4,256.6,75,259.5,75,0,6675
NIFTY16JAN2011900CE.NFO,07/01/2020,09:27:45,258.4,256.6,75,259.05,75,0,6675
NIFTY16JAN2011900CE.NFO,07/01/2020,09:27:46,258.4,256.15,75,258.5,75,0,6675
NIFTY16JAN2011900CE.NFO,07/01/2020,09:27:47,258.4,256.65,75,258.4,75,0,6675
NIFTY16JAN2011900CE.NFO,07/01/2020,09:27:48,258.4,256.2,150,258.5,75,0,6675
NIFTY16JAN2011900CE.NFO,07/01/2020,09:27:49,258.4,256.25,75,258.4,75,0,6675
NIFTY16JAN2011900CE.NFO,07/01/2020,09:27:50,258.4,257.45,75,259.7,75,0,6675
NIFTY16JAN2011900CE.NFO,07/01/2020,09:27:52,258.4,257.6,75,260.15,75,0,6675
NIFTY16JAN2011900CE.NFO,07/01/2020,09:27:53,258.4,257.8,75,260.3,75,0,6675
NIFTY16JAN2011900CE.NFO,07/01/2020,09:27:54,258.4,258.1,75,259.9,75,0,6675
NIFTY16JAN2011900CE.NFO,07/01/2020,09:27:55,258.4,258.1,75,260.2,75,0,6675
NIFTY16JAN2011900CE.NFO,07/01/2020,09:27:56,258.4,258.1,75,259.95,75,0,6675
NIFTY16JAN2011900CE.NFO,07/01/2020,09:27:57,258.4,257.4,75,259.55,75,0,6675
NIFTY16JAN2011900CE.NFO,07/01/2020,09:27:58,258.4,256.9,75,259.1,75,0,6675
NIFTY16JAN2011900CE.NFO,07/01/2020,09:27:59,258.4,256.65,75,258.2,75,0,6675
NIFTY16JAN2011900CE.NFO,07/01/2020,09:28:00,258.4,255.15,75,257.1,75,0,6675
NIFTY16JAN2011900CE.NFO,07/01/2020,09:28:01,258.4,255.15,75,257.05,75,0,6675
NIFTY16JAN2011900CE.NFO,07/01/2020,09:28:02,258.4,256.1,75,257.95,75,0,6675
NIFTY16JAN2011900CE.NFO,07/01/2020,09:28:03,258.4,256.8,75,259.35,75,0,6675
NIFTY16JAN2011900CE.NFO,07/01/2020,09:28:04,258.4,256.05,75,259.25,75,0,6675
NIFTY16JAN2011900CE.NFO,07/01/2020,09:28:05,258.4,256.85,75,259.35,75,0,6675
NIFTY16JAN2011900CE.NFO,07/01/2020,09:28:06,258.4,256.25,75,258.95,75,0,6675
NIFTY16JAN2011900CE.NFO,07/01/2020,09:28:07,258.4,255.6,75,258.2,75,0,6675
NIFTY16JAN2011900CE.NFO,07/01/2020,09:28:08,258.4,256.3,150,259.15,75,0,6675
NIFTY16JAN2011900CE.NFO,07/01/2020,09:28:09,258.4,256.3,75,259.15,75,0,6675
NIFTY16JAN2011900CE.NFO,07/01/2020,09:28:10,258.4,256.15,75,258.45,75,0,6675
NIFTY16JAN2011900CE.NFO,07/01/2020,09:28:11,258.4,255.65,75,257.6,75,0,6675
NIFTY16JAN2011900CE.NFO,07/01/2020,09:28:12,258.4,255.8,75,257.75,75,0,6675
NIFTY16JAN2011900CE.NFO,07/01/2020,09:28:13,258.4,256.1,75,258.3,75,0,6675
NIFTY16JAN2011900CE.NFO,07/01/2020,09:28:14,258.4,255.8,75,257.9,75,0,6675
NIFTY16JAN2011900CE.NFO,07/01/2020,09:28:15,258.4,255.3,75,257.1,75,0,6675
NIFTY16JAN2011900CE.NFO,07/01/2020,09:28:16,258.4,255.3,75,257.5,75,0,6675
NIFTY16JAN2011900CE.NFO,07/01/2020,09:28:17,258.4,255.3,75,257.15,75,0,6675
NIFTY16JAN2011900CE.NFO,07/01/2020,09:28:18,258.4,255,75,256.6,75,0,6675
NIFTY16JAN2011900CE.NFO,07/01/2020,09:28:19,258.4,255.05,75,257,75,0,6675
NIFTY16JAN2011900CE.NFO,07/01/2020,09:28:20,258.4,255.05,75,257.05,75,0,6675
NIFTY16JAN2011900CE.NFO,07/01/2020,09:28:21,258.4,255.05,75,257.45,75,0,6675
NIFTY16JAN2011900CE.NFO,07/01/2020,09:28:22,258.4,255,75,256.4,75,0,6675
NIFTY16JAN2011900CE.NFO,07/01/2020,09:28:23,258.4,255.05,150,256.45,75,0,6675
NIFTY16JAN2011900CE.NFO,07/01/2020,09:28:24,258.4,255,75,256.05,75,0,6675
NIFTY16JAN2011900CE.NFO,07/01/2020,09:28:25,255,253.45,75,256.75,75,75,6675
NIFTY16JAN2011900CE.NFO,07/01/2020,09:28:26,255,254.05,75,256.55,75,0,6675
NIFTY16JAN2011900CE.NFO,07/01/2020,09:28:27,255,254.05,75,255.95,75,0,6675
NIFTY16JAN2011900CE.NFO,07/01/2020,09:28:28,255,253.55,75,256.05,75,0,6675
NIFTY16JAN2011900CE.NFO,07/01/2020,09:28:29,255,253.55,75,255.8,75,0,6675
NIFTY16JAN2011900CE.NFO,07/01/2020,09:28:30,255,253.55,75,255.55,75,0,6675
NIFTY16JAN2011900CE.NFO,07/01/2020,09:28:31,255,253.55,75,255.8,75,0,6675
NIFTY16JAN2011900CE.NFO,07/01/2020,09:28:32,255,253.55,75,255.9,75,0,6675
NIFTY16JAN2011900CE.NFO,07/01/2020,09:28:33,255,254.05,75,255.95,75,0,6675
NIFTY16JAN2011900CE.NFO,07/01/2020,09:28:34,255,254.05,75,256.3,75,0,6675
NIFTY16JAN2011900CE.NFO,07/01/2020,09:28:35,255,254.05,75,256.4,75,0,6675
NIFTY16JAN2011900CE.NFO,07/01/2020,09:28:36,255,254.65,75,256.65,75,0,6675
NIFTY16JAN2011900CE.NFO,07/01/2020,09:28:37,255,254.05,75,256.4,75,0,6675
NIFTY16JAN2011900CE.NFO,07/01/2020,09:28:38,255,254.2,75,256.85,75,0,6675
NIFTY16JAN2011900CE.NFO,07/01/2020,09:28:39,255,254.6,75,256.85,75,0,6675
NIFTY16JAN2011900CE.NFO,07/01/2020,09:28:40,255,254.6,75,256.95,75,0,6675
NIFTY16JAN2011900CE.NFO,07/01/2020,09:28:41,255,254.6,75,257.35,75,0,6675
NIFTY16JAN2011900CE.NFO,07/01/2020,09:28:42,255,254.6,75,257.1,75,0,6675
NIFTY16JAN2011900CE.NFO,07/01/2020,09:28:43,255,254.6,75,257.15,75,0,6675
NIFTY16JAN2011900CE.NFO,07/01/2020,09:28:44,255,254.6,75,257.05,75,0,6675
NIFTY16JAN2011900CE.NFO,07/01/2020,09:28:45,255,254.6,75,257.1,75,0,6675
NIFTY16JAN2011900CE.NFO,07/01/2020,09:28:46,255,254.6,75,256.8,75,0,6675
NIFTY16JAN2011900CE.NFO,07/01/2020,09:28:47,255,254.95,75,257.25,75,0,6675
NIFTY16JAN2011900CE.NFO,07/01/2020,09:28:48,255,254.95,75,257.6,75,0,6675
NIFTY16JAN2011900CE.NFO,07/01/2020,09:28:49,255,255.1,75,257.7,75,0,6675
NIFTY16JAN2011900CE.NFO,07/01/2020,09:28:50,255,256.05,150,258.35,75,0,6675
NIFTY16JAN2011900CE.NFO,07/01/2020,09:28:52,255,256.05,150,258.8,75,0,6675
NIFTY16JAN2011900CE.NFO,07/01/2020,09:28:53,255,256.05,75,258.85,75,0,6675
NIFTY16JAN2011900CE.NFO,07/01/2020,09:28:54,255,256.05,75,258.8,75,0,6675
NIFTY16JAN2011900CE.NFO,07/01/2020,09:28:56,255,256.05,75,258.5,75,0,6675
NIFTY16JAN2011900CE.NFO,07/01/2020,09:28:57,255,255.95,75,257.65,75,0,6675
NIFTY16JAN2011900CE.NFO,07/01/2020,09:28:59,255,255.95,75,257.6,75,0,6675
NIFTY16JAN2011900CE.NFO,07/01/2020,09:29:00,255,255.95,75,258,75,0,6675
NIFTY16JAN2011900CE.NFO,07/01/2020,09:29:01,255,255.95,75,258.15,75,0,6675
NIFTY16JAN2011900CE.NFO,07/01/2020,09:29:02,255,255.95,75,258.5,75,0,6675
NIFTY16JAN2011900CE.NFO,07/01/2020,09:29:03,255,256.55,75,258.9,75,0,6675
NIFTY16JAN2011900CE.NFO,07/01/2020,09:29:04,255,257.15,75,259.3,75,0,6675
NIFTY16JAN2011900CE.NFO,07/01/2020,09:29:05,255,257.6,75,259.75,75,0,6675
NIFTY16JAN2011900CE.NFO,07/01/2020,09:29:06,255,256.75,75,259.25,75,0,6675
NIFTY16JAN2011900CE.NFO,07/01/2020,09:29:07,255,256.75,75,259.05,75,0,6675
NIFTY16JAN2011900CE.NFO,07/01/2020,09:29:08,255,256.75,75,259.15,75,0,6675
NIFTY16JAN2011900CE.NFO,07/01/2020,09:29:09,255,256.65,75,258.7,75,0,6675
NIFTY16JAN2011900CE.NFO,07/01/2020,09:29:11,255,256.65,75,259.4,75,0,6675
NIFTY16JAN2011900CE.NFO,07/01/2020,09:29:13,255,256.65,75,259.2,75,0,6675
NIFTY16JAN2011900CE.NFO,07/01/2020,09:29:14,255,256.95,75,259,75,0,6675
NIFTY16JAN2011900CE.NFO,07/01/2020,09:29:15,255,256.95,75,259.15,75,0,6675
NIFTY16JAN2011900CE.NFO,07/01/2020,09:29:16,255,257.4,75,259.65,75,0,6675
NIFTY16JAN2011900CE.NFO,07/01/2020,09:29:17,255,257.6,75,259.8,75,0,6675
NIFTY16JAN2011900CE.NFO,07/01/2020,09:29:18,255,257.55,75,259.75,75,0,6675
NIFTY16JAN2011900CE.NFO,07/01/2020,09:29:19,255,257.55,75,259.35,75,0,6675
NIFTY16JAN2011900CE.NFO,07/01/2020,09:29:20,255,257.4,75,259.2,75,0,6675
NIFTY16JAN2011900CE.NFO,07/01/2020,09:29:21,255,257.4,75,259.15,75,0,6675
NIFTY16JAN2011900CE.NFO,07/01/2020,09:29:22,255,257.5,75,259.2,75,0,6675
NIFTY16JAN2011900CE.NFO,07/01/2020,09:29:24,255,257.5,75,259.75,75,0,6675
NIFTY16JAN2011900CE.NFO,07/01/2020,09:29:25,255,257.5,75,259.45,75,0,6675
NIFTY16JAN2011900CE.NFO,07/01/2020,09:29:26,255,256.95,75,259.25,75,0,6675
NIFTY16JAN2011900CE.NFO,07/01/2020,09:29:28,255,256.95,75,259.05,75,0,6675
NIFTY16JAN2011900CE.NFO,07/01/2020,09:29:29,255,256.6,75,258.45,75,0,6675
NIFTY16JAN2011900CE.NFO,07/01/2020,09:29:30,255,256.6,75,258.7,75,0,6675
NIFTY16JAN2011900CE.NFO,07/01/2020,09:29:31,255,256.6,75,258.65,75,0,6675
NIFTY16JAN2011900CE.NFO,07/01/2020,09:29:32,255,256.6,75,258.15,75,0,6675
NIFTY16JAN2011900CE.NFO,07/01/2020,09:29:33,255,256.6,75,258.35,75,0,6675
NIFTY16JAN2011900CE.NFO,07/01/2020,09:29:34,255,256.6,75,258.6,75,0,6675
NIFTY16JAN2011900CE.NFO,07/01/2020,09:29:36,255,256.6,75,258.7,75,0,6675
NIFTY16JAN2011900CE.NFO,07/01/2020,09:29:37,255,257.15,75,258.75,75,0,6675
NIFTY16JAN2011900CE.NFO,07/01/2020,09:29:38,255,257.15,75,258.8,75,0,6675
NIFTY16JAN2011900CE.NFO,07/01/2020,09:29:39,255,257,75,259.1,75,0,6675
NIFTY16JAN2011900CE.NFO,07/01/2020,09:29:40,255,257,75,259,75,0,6675
NIFTY16JAN2011900CE.NFO,07/01/2020,09:29:41,255,257,75,258.7,75,0,6675
NIFTY16JAN2011900CE.NFO,07/01/2020,09:29:42,255,256.6,75,258.7,75,0,6675
NIFTY16JAN2011900CE.NFO,07/01/2020,09:29:43,255,256.45,75,258.25,75,0,6675
NIFTY16JAN2011900CE.NFO,07/01/2020,09:29:45,255,256.45,75,258.3,75,0,6675
NIFTY16JAN2011900CE.NFO,07/01/2020,09:29:46,255,256.45,75,258.55,75,0,6675
NIFTY16JAN2011900CE.NFO,07/01/2020,09:29:47,255,256.6,75,259,75,0,6675
NIFTY16JAN2011900CE.NFO,07/01/2020,09:29:48,255,257.3,75,259,75,0,6675
NIFTY16JAN2011900CE.NFO,07/01/2020,09:29:51,255,256.55,75,258.4,75,0,6675
NIFTY16JAN2011900CE.NFO,07/01/2020,09:29:52,255,256.55,75,258.95,75,0,6675
NIFTY16JAN2011900CE.NFO,07/01/2020,09:29:53,255,256.55,225,259,75,0,6675
NIFTY16JAN2011900CE.NFO,07/01/2020,09:29:54,255,257,75,258.75,75,0,6675
NIFTY16JAN2011900CE.NFO,07/01/2020,09:29:55,255,257,75,259,75,0,6675
NIFTY16JAN2011900CE.NFO,07/01/2020,09:29:57,255,257,75,258.9,75,0,6675
NIFTY16JAN2011900CE.NFO,07/01/2020,09:29:58,255,257,75,259,75,0,6675
NIFTY16JAN2011900CE.NFO,07/01/2020,09:30:00,255,257,75,258.95,75,0,6675
NIFTY16JAN2011900CE.NFO,07/01/2020,09:30:01,255,257.45,75,259.8,75,0,6675
NIFTY16JAN2011900CE.NFO,07/01/2020,09:30:02,255,257.45,75,260,75,0,6675
NIFTY16JAN2011900CE.NFO,07/01/2020,09:30:03,255,258,150,260,75,0,6675
NIFTY16JAN2011900CE.NFO,07/01/2020,09:30:04,255,257,75,259.55,75,0,6675
NIFTY16JAN2011900CE.NFO,07/01/2020,09:30:05,255,257.5,150,259.55,75,0,6675
NIFTY16JAN2011900CE.NFO,07/01/2020,09:30:06,255,258,150,259.9,75,0,6675
NIFTY16JAN2011900CE.NFO,07/01/2020,09:30:07,255,257.8,150,259.45,75,0,6675
NIFTY16JAN2011900CE.NFO,07/01/2020,09:30:08,255,257.5,150,259.55,75,0,6675
NIFTY16JAN2011900CE.NFO,07/01/2020,09:30:11,255,258.5,150,260.5,75,0,6675
NIFTY16JAN2011900CE.NFO,07/01/2020,09:30:12,255,258,150,260.4,75,0,6675
NIFTY16JAN2011900CE.NFO,07/01/2020,09:30:13,255,257.65,150,260.25,75,0,6675
NIFTY16JAN2011900CE.NFO,07/01/2020,09:30:14,255,257.15,225,260.05,75,0,6675
NIFTY16JAN2011900CE.NFO,07/01/2020,09:30:15,255,257.6,150,260.05,75,0,6675
NIFTY16JAN2011900CE.NFO,07/01/2020,09:30:16,255,258.1,150,260.05,75,0,6675
NIFTY16JAN2011900CE.NFO,07/01/2020,09:30:17,255,258.1,150,260.5,75,0,6675
NIFTY16JAN2011900CE.NFO,07/01/2020,09:30:18,255,257.15,150,259.45,75,0,6675
NIFTY16JAN2011900CE.NFO,07/01/2020,09:30:20,255,257.15,225,259.55,75,0,6675
NIFTY16JAN2011900CE.NFO,07/01/2020,09:30:21,255,257.6,150,259.9,75,0,6675
NIFTY16JAN2011900CE.NFO,07/01/2020,09:30:22,255,257.6,150,259.75,75,0,6675
NIFTY16JAN2011900CE.NFO,07/01/2020,09:30:23,255,258.05,150,260.05,75,0,6675
NIFTY16JAN2011900CE.NFO,07/01/2020,09:30:24,255,257.75,150,259.7,75,0,6675
NIFTY16JAN2011900CE.NFO,07/01/2020,09:30:25,255,257.6,150,259.55,75,0,6675
NIFTY16JAN2011900CE.NFO,07/01/2020,09:30:26,255,257.6,150,259.6,75,0,6675
NIFTY16JAN2011900CE.NFO,07/01/2020,09:30:27,255,257.6,150,259.65,75,0,6675
NIFTY16JAN2011900CE.NFO,07/01/2020,09:30:30,255,257.6,150,260.05,75,0,6675
NIFTY16JAN2011900CE.NFO,07/01/2020,09:30:32,255,257.6,150,259.75,75,0,6675
NIFTY16JAN2011900CE.NFO,07/01/2020,09:30:33,255,257.6,150,259.5,75,0,6675
NIFTY16JAN2011900CE.NFO,07/01/2020,09:30:34,255,257.6,75,259.2,75,0,6675
NIFTY16JAN2011900CE.NFO,07/01/2020,09:30:35,255,257.2,75,258.6,75,0,6675
NIFTY16JAN2011900CE.NFO,07/01/2020,09:30:36,255,257.2,75,258.9,75,0,6675
NIFTY16JAN2011900CE.NFO,07/01/2020,09:30:37,255,257.15,75,258.5,75,0,6675
NIFTY16JAN2011900CE.NFO,07/01/2020,09:30:38,255,257.15,75,259,75,0,6675
NIFTY16JAN2011900CE.NFO,07/01/2020,09:30:39,255,257.15,75,259.1,75,0,6675
NIFTY16JAN2011900CE.NFO,07/01/2020,09:30:40,255,257.15,75,258.45,75,0,6675
NIFTY16JAN2011900CE.NFO,07/01/2020,09:30:42,255,257.15,75,258.35,75,0,6675
NIFTY16JAN2011900CE.NFO,07/01/2020,09:30:45,255,257.65,75,258.35,75,0,6675
NIFTY16JAN2011900CE.NFO,07/01/2020,09:30:46,258.35,257.15,75,258.35,75,75,6675
NIFTY16JAN2011900CE.NFO,07/01/2020,09:30:47,258.35,257.15,75,258.35,75,0,6675
NIFTY16JAN2011900CE.NFO,07/01/2020,09:30:48,258.35,257.15,75,258.25,75,0,6675
NIFTY16JAN2011900CE.NFO,07/01/2020,09:30:51,258.35,257.65,75,258.35,75,0,6675
NIFTY16JAN2011900CE.NFO,07/01/2020,09:30:53,258.35,257.65,75,258.65,75,0,6675
NIFTY16JAN2011900CE.NFO,07/01/2020,09:30:54,258.35,257.15,75,258.65,75,0,6675
NIFTY16JAN2011900CE.NFO,07/01/2020,09:30:55,258.35,257.65,75,258.65,75,0,6675
NIFTY16JAN2011900CE.NFO,07/01/2020,09:30:57,258.35,257.65,75,258.35,75,0,6675
NIFTY16JAN2011900CE.NFO,07/01/2020,09:30:58,258.35,257.15,75,258.35,75,0,6675
NIFTY16JAN2011900CE.NFO,07/01/2020,09:30:59,258.35,257.65,75,258.35,75,150,6675
NIFTY16JAN2011900CE.NFO,07/01/2020,09:31:00,258.35,257.65,75,258.35,75,375,6675
NIFTY16JAN2011900CE.NFO,07/01/2020,09:31:01,258.4,258.15,75,259,75,225,6675
NIFTY16JAN2011900CE.NFO,07/01/2020,09:31:02,258.4,257.95,75,259.7,75,0,6675
NIFTY16JAN2011900CE.NFO,07/01/2020,09:31:03,258.4,258.05,75,259.7,75,0,6675
NIFTY16JAN2011900CE.NFO,07/01/2020,09:31:04,258.4,258.2,75,259.6,75,0,6675
NIFTY16JAN2011900CE.NFO,07/01/2020,09:31:05,258.4,257.85,150,259.6,75,0,6675
NIFTY16JAN2011900CE.NFO,07/01/2020,09:31:06,258.4,257.5,75,259.55,75,0,6675
NIFTY16JAN2011900CE.NFO,07/01/2020,09:31:07,258.4,257.6,150,259.2,75,0,6675
NIFTY16JAN2011900CE.NFO,07/01/2020,09:31:08,258.4,257.65,75,259.2,75,0,6675
NIFTY16JAN2011900CE.NFO,07/01/2020,09:31:09,258.4,258.05,75,259,75,0,6675
NIFTY16JAN2011900CE.NFO,07/01/2020,09:31:10,258.4,257.8,150,259.35,75,0,6675
NIFTY16JAN2011900CE.NFO,07/01/2020,09:31:12,259.35,258.45,75,260.5,75,75,6675
NIFTY16JAN2011900CE.NFO,07/01/2020,09:31:13,259.35,258.35,75,260.5,75,0,6675
NIFTY16JAN2011900CE.NFO,07/01/2020,09:31:14,259.35,258.75,75,260.6,75,0,6675
NIFTY16JAN2011900CE.NFO,07/01/2020,09:31:15,259.35,259.25,75,261.4,75,0,6675
NIFTY16JAN2011900CE.NFO,07/01/2020,09:31:19,259.35,259.75,75,261.65,75,0,6675
NIFTY16JAN2011900CE.NFO,07/01/2020,09:31:20,259.35,259.25,75,261.65,75,0,6675
NIFTY16JAN2011900CE.NFO,07/01/2020,09:31:21,259.35,259.4,75,261.65,75,0,6675
NIFTY16JAN2011900CE.NFO,07/01/2020,09:31:23,259.35,259.4,150,260.7,75,0,6675
NIFTY16JAN2011900CE.NFO,07/01/2020,09:31:23,259.35,259.85,75,260.7,75,0,6675
NIFTY16JAN2011900CE.NFO,07/01/2020,09:31:24,259.35,259.85,75,260.95,75,0,6675
NIFTY16JAN2011900CE.NFO,07/01/2020,09:31:26,259.35,260.35,75,261.25,75,0,6675
NIFTY16JAN2011900CE.NFO,07/01/2020,09:31:29,259.35,259.85,75,261.15,75,0,6675
NIFTY16JAN2011900CE.NFO,07/01/2020,09:31:30,259.35,259.85,75,260.6,75,0,6675
NIFTY16JAN2011900CE.NFO,07/01/2020,09:31:31,260.6,259.85,75,261.8,150,75,6675
NIFTY16JAN2011900CE.NFO,07/01/2020,09:31:32,260.6,259.85,75,261.8,150,0,6675
NIFTY16JAN2011900CE.NFO,07/01/2020,09:31:33,260.6,259.45,225,261.7,150,0,6675
NIFTY16JAN2011900CE.NFO,07/01/2020,09:31:34,260.6,259.45,225,261.75,150,0,6675
NIFTY16JAN2011900CE.NFO,07/01/2020,09:31:35,260.6,259.9,150,261.95,75,0,6675
NIFTY16JAN2011900CE.NFO,07/01/2020,09:31:36,260.6,259.9,150,260.8,75,0,6675
NIFTY16JAN2011900CE.NFO,07/01/2020,09:31:37,260.6,259.9,150,261.3,75,0,6675
NIFTY16JAN2011900CE.NFO,07/01/2020,09:31:39,260.6,260.35,150,261.3,75,0,6675
NIFTY16JAN2011900CE.NFO,07/01/2020,09:31:42,260.6,260.35,150,261.45,75,0,6675
NIFTY16JAN2011900CE.NFO,07/01/2020,09:31:43,260.6,260.35,150,261.85,75,0,6675
NIFTY16JAN2011900CE.NFO,07/01/2020,09:31:45,260.6,260.35,150,261.65,225,0,6675
NIFTY16JAN2011900CE.NFO,07/01/2020,09:31:48,260.6,260.35,150,261.35,75,0,6675
NIFTY16JAN2011900CE.NFO,07/01/2020,09:31:49,260.6,260.8,150,261.35,75,0,6675
NIFTY16JAN2011900CE.NFO,07/01/2020,09:31:50,260.6,260.8,150,261.7,75,0,6675
NIFTY16JAN2011900CE.NFO,07/01/2020,09:31:52,260.6,261.25,150,261.7,75,0,6675
NIFTY16JAN2011900CE.NFO,07/01/2020,09:31:54,261.7,261.25,150,265.25,525,75,6675
NIFTY16JAN2011900CE.NFO,07/01/2020,09:31:55,261.7,261.25,150,263.45,150,0,6675
NIFTY16JAN2011900CE.NFO,07/01/2020,09:31:56,261.7,261.7,150,263.55,150,0,6675
NIFTY16JAN2011900CE.NFO,07/01/2020,09:31:57,261.7,261.35,150,263.55,150,0,6675
NIFTY16JAN2011900CE.NFO,07/01/2020,09:31:58,261.7,261.25,150,263.55,150,0,6675
NIFTY16JAN2011900CE.NFO,07/01/2020,09:32:00,261.7,261.7,150,263.55,150,0,6675
NIFTY16JAN2011900CE.NFO,07/01/2020,09:32:01,262.4,261.7,150,264,150,75,6675
NIFTY16JAN2011900CE.NFO,07/01/2020,09:32:02,262.4,262.15,150,264,150,0,6675
NIFTY16JAN2011900CE.NFO,07/01/2020,09:32:03,262.4,262.15,150,264.05,150,0,6675
NIFTY16JAN2011900CE.NFO,07/01/2020,09:32:05,262.4,262.6,150,264.4,450,0,6675
NIFTY16JAN2011900CE.NFO,07/01/2020,09:32:06,262.4,262.6,150,264.35,150,0,6675
NIFTY16JAN2011900CE.NFO,07/01/2020,09:32:07,262.4,261.55,150,263.8,150,0,6675
NIFTY16JAN2011900CE.NFO,07/01/2020,09:32:08,262.4,261.55,225,264.2,300,0,6675
NIFTY16JAN2011900CE.NFO,07/01/2020,09:32:09,262.4,262.5,150,264.2,300,0,6675
NIFTY16JAN2011900CE.NFO,07/01/2020,09:32:10,262.4,262.5,150,264.2,150,0,6675
NIFTY16JAN2011900CE.NFO,07/01/2020,09:32:11,262.4,262.5,150,264.35,150,0,6675
NIFTY16JAN2011900CE.NFO,07/01/2020,09:32:12,262.4,262.5,150,264.55,150,0,6675
NIFTY16JAN2011900CE.NFO,07/01/2020,09:32:14,262.4,262.5,150,264.9,675,0,6675
NIFTY16JAN2011900CE.NFO,07/01/2020,09:32:15,262.4,262.95,150,264.9,150,0,6675
NIFTY16JAN2011900CE.NFO,07/01/2020,09:32:16,262.4,262.95,150,265.5,150,0,6675
NIFTY16JAN2011900CE.NFO,07/01/2020,09:32:17,262.4,263.4,150,265.85,525,0,6675
NIFTY16JAN2011900CE.NFO,07/01/2020,09:32:18,262.4,263.4,150,265.8,150,0,6675
NIFTY16JAN2011900CE.NFO,07/01/2020,09:32:19,262.4,264.95,150,267.8,150,0,6675
NIFTY16JAN2011900CE.NFO,07/01/2020,09:32:20,262.4,264.95,150,267.8,225,0,6675
NIFTY16JAN2011900CE.NFO,07/01/2020,09:32:21,262.4,264.95,150,267.05,150,0,6675
NIFTY16JAN2011900CE.NFO,07/01/2020,09:32:22,262.4,265.4,150,267.25,150,0,6675
NIFTY16JAN2011900CE.NFO,07/01/2020,09:32:23,262.4,265.4,225,268,150,0,6675
NIFTY16JAN2011900CE.NFO,07/01/2020,09:32:24,262.4,265.55,150,267.8,150,0,6675
NIFTY16JAN2011900CE.NFO,07/01/2020,09:32:25,262.4,265.55,225,268.25,150,0,6675
NIFTY16JAN2011900CE.NFO,07/01/2020,09:32:26,262.4,266,150,268.25,150,0,6675
NIFTY16JAN2011900CE.NFO,07/01/2020,09:32:28,262.4,266,150,268.45,150,0,6675
NIFTY16JAN2011900CE.NFO,07/01/2020,09:32:29,262.4,266.2,150,268.4,150,0,6675
NIFTY16JAN2011900CE.NFO,07/01/2020,09:32:30,262.4,266.2,225,268.6,150,0,6675
NIFTY16JAN2011900CE.NFO,07/01/2020,09:32:31,262.4,266.2,150,268.6,150,0,6675
NIFTY16JAN2011900CE.NFO,07/01/2020,09:32:33,262.4,266.2,150,268.95,150,0,6675
NIFTY16JAN2011900CE.NFO,07/01/2020,09:32:34,262.4,266.7,150,268.95,150,0,6675
NIFTY16JAN2011900CE.NFO,07/01/2020,09:32:35,262.4,266.7,150,269.05,150,0,6675
NIFTY16JAN2011900CE.NFO,07/01/2020,09:32:36,262.4,267.2,150,269.2,150,0,6675
NIFTY16JAN2011900CE.NFO,07/01/2020,09:32:38,262.4,267.2,150,269.4,300,0,6675
NIFTY16JAN2011900CE.NFO,07/01/2020,09:32:39,262.4,267.75,150,270,75,0,6675
NIFTY16JAN2011900CE.NFO,07/01/2020,09:32:40,262.4,268.25,150,269.95,150,0,6675
NIFTY16JAN2011900CE.NFO,07/01/2020,09:32:44,262.4,267.75,150,269.9,150,0,6675
NIFTY16JAN2011900CE.NFO,07/01/2020,09:32:45,262.4,267.8,75,269.9,150,0,6675
NIFTY16JAN2011900CE.NFO,07/01/2020,09:32:46,262.4,268.2,150,269.95,150,0,6675
NIFTY16JAN2011900CE.NFO,07/01/2020,09:32:47,262.4,267.7,150,269.7,150,0,6675
NIFTY16JAN2011900CE.NFO,07/01/2020,09:32:48,262.4,267.15,150,269.7,150,0,6675
NIFTY16JAN2011900CE.NFO,07/01/2020,09:32:49,262.4,267.2,150,269,150,0,6675
NIFTY16JAN2011900CE.NFO,07/01/2020,09:32:50,262.4,267.35,150,269.1,150,0,6675
NIFTY16JAN2011900CE.NFO,07/01/2020,09:32:51,262.4,267.35,225,269.65,150,0,6675
NIFTY16JAN2011900CE.NFO,07/01/2020,09:32:52,262.4,267.35,150,269.55,150,0,6675
NIFTY16JAN2011900CE.NFO,07/01/2020,09:32:53,262.4,267.35,150,269.3,150,0,6675
NIFTY16JAN2011900CE.NFO,07/01/2020,09:32:54,262.4,267.35,150,269.5,150,0,6675
NIFTY16JAN2011900CE.NFO,07/01/2020,09:32:55,262.4,267.35,150,269.4,150,0,6675
NIFTY16JAN2011900CE.NFO,07/01/2020,09:32:56,262.4,267.15,225,269.35,300,0,6675
NIFTY16JAN2011900CE.NFO,07/01/2020,09:32:57,262.4,267.15,225,269.4,150,0,6675
NIFTY16JAN2011900CE.NFO,07/01/2020,09:32:58,262.4,267.65,150,269.95,150,0,6675
NIFTY16JAN2011900CE.NFO,07/01/2020,09:32:59,262.4,267.65,225,269.95,150,0,6675
NIFTY16JAN2011900CE.NFO,07/01/2020,09:33:00,262.4,268.15,150,269.95,150,0,6675
NIFTY16JAN2011900CE.NFO,07/01/2020,09:33:01,262.4,268.15,150,270,75,0,6675
NIFTY16JAN2011900CE.NFO,07/01/2020,09:33:03,262.4,267.65,375,269.95,150,0,6675
NIFTY16JAN2011900CE.NFO,07/01/2020,09:33:04,262.4,267.75,75,269.95,225,0,6675
NIFTY16JAN2011900CE.NFO,07/01/2020,09:33:05,262.4,267.65,225,269.85,75,0,6675
NIFTY16JAN2011900CE.NFO,07/01/2020,09:33:07,262.4,267.7,75,269.95,225,0,6675
NIFTY16JAN2011900CE.NFO,07/01/2020,09:33:09,267.7,265.6,150,270,75,75,6600
NIFTY16JAN2011900CE.NFO,07/01/2020,09:33:10,267.7,265.6,150,270,75,0,6600
NIFTY16JAN2011900CE.NFO,07/01/2020,09:33:11,267.7,265.65,75,270,75,0,6600
NIFTY16JAN2011900CE.NFO,07/01/2020,09:33:12,267.7,265.65,75,269.95,75,0,6600
NIFTY16JAN2011900CE.NFO,07/01/2020,09:33:15,270,265.65,75,270.7,150,75,6600
NIFTY16JAN2011900CE.NFO,07/01/2020,09:33:16,270,265.65,75,270.7,150,0,6600
NIFTY16JAN2011900CE.NFO,07/01/2020,09:33:17,270,265.65,75,270.65,75,0,6600
NIFTY16JAN2011900CE.NFO,07/01/2020,09:33:25,270.65,265.65,75,270.65,75,75,6600
NIFTY16JAN2011900CE.NFO,07/01/2020,09:33:26,270.65,265.65,75,270.7,150,0,6600
NIFTY16JAN2011900CE.NFO,07/01/2020,09:33:28,270.65,265.65,75,270.7,225,0,6600
NIFTY16JAN2011900CE.NFO,07/01/2020,09:33:29,270.65,265.65,75,270.75,150,0,6600
NIFTY16JAN2011900CE.NFO,07/01/2020,09:33:33,270.65,265.65,75,271.4,75,0,6600
NIFTY16JAN2011900CE.NFO,07/01/2020,09:33:34,270.65,265.65,75,271.35,75,0,6600
NIFTY16JAN2011900CE.NFO,07/01/2020,09:33:35,270.65,265.65,75,271.4,75,0,6600
NIFTY16JAN2011900CE.NFO,07/01/2020,09:33:39,270.65,265.65,75,270.8,75,0,6600
NIFTY16JAN2011900CE.NFO,07/01/2020,09:33:40,270.65,265.65,75,271.35,150,0,6600
NIFTY16JAN2011900CE.NFO,07/01/2020,09:33:41,270.65,265.65,75,271.75,75,0,6600
NIFTY16JAN2011900CE.NFO,07/01/2020,09:33:50,271,265.65,75,272,75,150,6600
NIFTY16JAN2011900CE.NFO,07/01/2020,09:33:51,271,265.65,75,271.95,225,0,6600
NIFTY16JAN2011900CE.NFO,07/01/2020,09:33:52,271,265.65,75,271.85,75,0,6600
NIFTY16JAN2011900CE.NFO,07/01/2020,09:33:54,271,265.65,75,271.95,150,0,6600
NIFTY16JAN2011900CE.NFO,07/01/2020,09:34:01,271,266.1,75,272.05,150,0,6600
NIFTY16JAN2011900CE.NFO,07/01/2020,09:34:02,271,266.55,75,273.2,150,0,6600
NIFTY16JAN2011900CE.NFO,07/01/2020,09:34:03,271,266.65,150,273.1,150,0,6600
NIFTY16JAN2011900CE.NFO,07/01/2020,09:34:04,271,266.75,75,273,150,0,6600
NIFTY16JAN2011900CE.NFO,07/01/2020,09:34:06,271,266.7,75,272.05,75,0,6600
NIFTY16JAN2011900CE.NFO,07/01/2020,09:34:08,271,266.8,75,270.95,75,0,6600
NIFTY16JAN2011900CE.NFO,07/01/2020,09:34:09,271,266.8,75,271.4,525,0,6600
NIFTY16JAN2011900CE.NFO,07/01/2020,09:34:10,271,266.7,75,271.75,75,0,6600
NIFTY16JAN2011900CE.NFO,07/01/2020,09:34:11,271,266.7,75,271.45,75,0,6600
NIFTY16JAN2011900CE.NFO,07/01/2020,09:34:12,271,266.7,75,271.4,75,0,6600
NIFTY16JAN2011900CE.NFO,07/01/2020,09:34:14,271,266.7,225,271.85,75,0,6600
NIFTY16JAN2011900CE.NFO,07/01/2020,09:34:15,271,266.7,75,271.1,75,0,6600
NIFTY16JAN2011900CE.NFO,07/01/2020,09:34:16,271,266.7,450,271.15,75,0,6600
NIFTY16JAN2011900CE.NFO,07/01/2020,09:34:17,271,266.8,75,271.35,75,0,6600
NIFTY16JAN2011900CE.NFO,07/01/2020,09:34:19,271,267.05,75,270.6,75,0,6600
NIFTY16JAN2011900CE.NFO,07/01/2020,09:34:21,271,264.1,75,270.7,75,0,6600
NIFTY16JAN2011900CE.NFO,07/01/2020,09:34:22,271,264.3,225,270.7,150,0,6600
NIFTY16JAN2011900CE.NFO,07/01/2020,09:34:23,271,264.3,225,270.7,75,0,6600
NIFTY16JAN2011900CE.NFO,07/01/2020,09:34:25,271,265,75,270.45,75,0,6600
NIFTY16JAN2011900CE.NFO,07/01/2020,09:34:27,271,264.55,75,269.75,75,0,6600
NIFTY16JAN2011900CE.NFO,07/01/2020,09:34:28,271,264.7,75,269.1,150,0,6600
NIFTY16JAN2011900CE.NFO,07/01/2020,09:34:29,271,265.6,75,269.15,75,0,6600
NIFTY16JAN2011900CE.NFO,07/01/2020,09:34:30,271,263.5,75,269.05,75,0,6600
NIFTY16JAN2011900CE.NFO,07/01/2020,09:34:31,271,263.5,75,268.6,75,0,6600
NIFTY16JAN2011900CE.NFO,07/01/2020,09:34:34,271,263.7,75,267.9,75,0,6600
NIFTY16JAN2011900CE.NFO,07/01/2020,09:34:35,271,261.85,75,267.95,150,0,6600
NIFTY16JAN2011900CE.NFO,07/01/2020,09:34:36,271,261.8,75,268.7,1200,0,6600
NIFTY16JAN2011900CE.NFO,07/01/2020,09:34:37,271,262.5,150,269.05,150,0,6600
NIFTY16JAN2011900CE.NFO,07/01/2020,09:34:38,271,266.25,150,269.05,75,0,6600
NIFTY16JAN2011900CE.NFO,07/01/2020,09:34:40,271,266.05,150,268.4,225,0,6600
NIFTY16JAN2011900CE.NFO,07/01/2020,09:34:41,271,265.1,75,268,150,0,6600
NIFTY16JAN2011900CE.NFO,07/01/2020,09:34:42,271,265.6,75,268,150,0,6600
NIFTY16JAN2011900CE.NFO,07/01/2020,09:34:45,271,265.1,150,267.2,150,0,6600
NIFTY16JAN2011900CE.NFO,07/01/2020,09:34:48,271,265.7,150,268.9,75,0,6600
NIFTY16JAN2011900CE.NFO,07/01/2020,09:34:50,271,265.35,150,268.25,225,0,6600
NIFTY16JAN2011900CE.NFO,07/01/2020,09:34:51,271,264.9,225,267.65,150,0,6600
NIFTY16JAN2011900CE.NFO,07/01/2020,09:34:52,271,264.9,225,268.05,225,0,6600
NIFTY16JAN2011900CE.NFO,07/01/2020,09:34:53,271,264.65,150,267.05,150,0,6600
NIFTY16JAN2011900CE.NFO,07/01/2020,09:34:54,271,264.65,225,267.75,150,0,6600
NIFTY16JAN2011900CE.NFO,07/01/2020,09:34:55,271,264,150,266.3,150,0,6600
NIFTY16JAN2011900CE.NFO,07/01/2020,09:34:56,271,264.4,150,267.35,150,0,6600
NIFTY16JAN2011900CE.NFO,07/01/2020,09:34:58,271,265,150,267.35,150,0,6600
NIFTY16JAN2011900CE.NFO,07/01/2020,09:34:59,271,265,225,267.65,150,0,6600
NIFTY16JAN2011900CE.NFO,07/01/2020,09:35:00,271,265.45,150,268,150,0,6600
NIFTY16JAN2011900CE.NFO,07/01/2020,09:35:01,271,265.65,225,268.45,150,0,6600
NIFTY16JAN2011900CE.NFO,07/01/2020,09:35:02,271,265.55,150,268.45,150,0,6600
NIFTY16JAN2011900CE.NFO,07/01/2020,09:35:03,271,264.6,75,268.05,150,0,6600
NIFTY16JAN2011900CE.NFO,07/01/2020,09:35:04,271,264.9,75,268.05,150,0,6600
NIFTY16JAN2011900CE.NFO,07/01/2020,09:35:06,271,265.05,75,268.05,150,0,6600
NIFTY16JAN2011900CE.NFO,07/01/2020,09:35:08,271,264.35,75,267.45,150,0,6600
NIFTY16JAN2011900CE.NFO,07/01/2020,09:35:09,271,264.15,75,266.85,150,0,6600
NIFTY16JAN2011900CE.NFO,07/01/2020,09:35:10,271,264.55,225,266.85,150,0,6600
NIFTY16JAN2011900CE.NFO,07/01/2020,09:35:11,271,264.55,225,267.45,150,0,6600
NIFTY16JAN2011900CE.NFO,07/01/2020,09:35:12,271,264.8,150,267.45,150,0,6600
NIFTY16JAN2011900CE.NFO,07/01/2020,09:35:13,271,264.8,225,267.75,150,0,6600
NIFTY16JAN2011900CE.NFO,07/01/2020,09:35:14,271,265.9,150,268.55,225,0,6600
NIFTY16JAN2011900CE.NFO,07/01/2020,09:35:15,271,265.9,150,270.45,75,0,6600
NIFTY16JAN2011900CE.NFO,07/01/2020,09:35:16,271,265.9,150,268.55,150,0,6600
NIFTY16JAN2011900CE.NFO,07/01/2020,09:35:18,271,266.1,150,268.45,150,0,6600
NIFTY16JAN2011900CE.NFO,07/01/2020,09:35:20,271,265.9,150,268.45,225,0,6600
NIFTY16JAN2011900CE.NFO,07/01/2020,09:35:21,271,265.5,150,267.85,150,0,6600
NIFTY16JAN2011900CE.NFO,07/01/2020,09:35:22,271,265.5,150,267.5,150,0,6600
NIFTY16JAN2011900CE.NFO,07/01/2020,09:35:24,271,264.8,225,267.5,150,0,6600
NIFTY16JAN2011900CE.NFO,07/01/2020,09:35:25,271,264.8,150,267.5,150,0,6600
NIFTY16JAN2011900CE.NFO,07/01/2020,09:35:26,271,264.8,150,267.25,150,0,6600
NIFTY16JAN2011900CE.NFO,07/01/2020,09:35:27,271,264.8,150,267.25,225,0,6600
NIFTY16JAN2011900CE.NFO,07/01/2020,09:35:29,271,264.2,150,266.65,150,0,6600
NIFTY16JAN2011900CE.NFO,07/01/2020,09:35:30,271,264.55,150,266.85,150,0,6600
NIFTY16JAN2011900CE.NFO,07/01/2020,09:35:32,271,264.2,150,266.85,150,0,6600
NIFTY16JAN2011900CE.NFO,07/01/2020,09:35:34,271,264.05,225,266.85,150,0,6600
NIFTY16JAN2011900CE.NFO,07/01/2020,09:35:36,271,264.5,150,266.85,150,0,6600
NIFTY16JAN2011900CE.NFO,07/01/2020,09:35:37,271,264.05,150,266.85,150,0,6600
NIFTY16JAN2011900CE.NFO,07/01/2020,09:35:39,271,263.75,150,266.3,150,0,6600
NIFTY16JAN2011900CE.NFO,07/01/2020,09:35:41,271,263.25,150,265.7,150,0,6600
NIFTY16JAN2011900CE.NFO,07/01/2020,09:35:42,271,262.85,75,265.7,150,0,6600
NIFTY16JAN2011900CE.NFO,07/01/2020,09:35:43,271,262.9,75,265.1,150,0,6600
NIFTY16JAN2011900CE.NFO,07/01/2020,09:35:44,271,261.9,75,264.45,150,0,6600
NIFTY16JAN2011900CE.NFO,07/01/2020,09:35:46,271,262.05,150,264.8,150,0,6600
NIFTY16JAN2011900CE.NFO,07/01/2020,09:35:47,271,260.25,75,264.8,375,0,6600
NIFTY16JAN2011900CE.NFO,07/01/2020,09:35:48,271,262.55,150,265.1,150,0,6600
NIFTY16JAN2011900CE.NFO,07/01/2020,09:35:49,271,262.55,225,268,150,0,6600
NIFTY16JAN2011900CE.NFO,07/01/2020,09:35:50,271,263.2,150,265.95,150,0,6600
NIFTY16JAN2011900CE.NFO,07/01/2020,09:35:51,271,263.8,150,266.4,225,0,6600
NIFTY16JAN2011900CE.NFO,07/01/2020,09:35:53,271,263.8,150,268.2,75,0,6600
NIFTY16JAN2011900CE.NFO,07/01/2020,09:35:54,271,263.85,150,266.4,150,0,6600
NIFTY16JAN2011900CE.NFO,07/01/2020,09:35:55,271,263.85,225,266.7,150,0,6600
NIFTY16JAN2011900CE.NFO,07/01/2020,09:35:56,271,262.95,225,265.65,150,0,6600
NIFTY16JAN2011900CE.NFO,07/01/2020,09:35:57,271,263.75,150,266.55,150,0,6600
NIFTY16JAN2011900CE.NFO,07/01/2020,09:35:58,271,263.75,150,266.55,225,0,6600
NIFTY16JAN2011900CE.NFO,07/01/2020,09:35:59,271,264.05,150,266.55,150,0,6600
NIFTY16JAN2011900CE.NFO,07/01/2020,09:36:00,271,263.1,75,266.55,150,0,6600
NIFTY16JAN2011900CE.NFO,07/01/2020,09:36:02,271,263.8,150,266.45,150,0,6600
NIFTY16JAN2011900CE.NFO,07/01/2020,09:36:03,271,263.8,150,266.45,225,0,6600
NIFTY16JAN2011900CE.NFO,07/01/2020,09:36:04,271,263.3,150,265.85,150,0,6600
NIFTY16JAN2011900CE.NFO,07/01/2020,09:36:05,271,262.35,300,265.85,150,0,6600
NIFTY16JAN2011900CE.NFO,07/01/2020,09:36:06,271,262.95,225,265.85,150,0,6600
NIFTY16JAN2011900CE.NFO,07/01/2020,09:36:07,271,263.55,150,265.85,150,0,6600
NIFTY16JAN2011900CE.NFO,07/01/2020,09:36:09,271,264.15,150,266.95,75,0,6600
NIFTY16JAN2011900CE.NFO,07/01/2020,09:36:10,271,264.15,150,266.7,150,0,6600
NIFTY16JAN2011900CE.NFO,07/01/2020,09:36:12,271,264.2,150,267.85,150,0,6600
NIFTY16JAN2011900CE.NFO,07/01/2020,09:36:13,271,264.2,225,267.25,150,0,6600
NIFTY16JAN2011900CE.NFO,07/01/2020,09:36:14,271,265.35,150,267.85,225,0,6600
NIFTY16JAN2011900CE.NFO,07/01/2020,09:36:15,271,265.35,150,267.8,150,0,6600
NIFTY16JAN2011900CE.NFO,07/01/2020,09:36:16,271,264.4,150,267.25,150,0,6600
NIFTY16JAN2011900CE.NFO,07/01/2020,09:36:18,271,264.75,150,267.25,75,0,6600
NIFTY16JAN2011900CE.NFO,07/01/2020,09:36:19,271,264.3,150,267.25,75,0,6600
NIFTY16JAN2011900CE.NFO,07/01/2020,09:36:20,271,264.3,150,266.65,150,0,6600
NIFTY16JAN2011900CE.NFO,07/01/2020,09:36:21,271,263.35,150,266.1,150,0,6600
NIFTY16JAN2011900CE.NFO,07/01/2020,09:36:22,271,263.15,75,266.1,150,0,6600
NIFTY16JAN2011900CE.NFO,07/01/2020,09:36:24,271,263,75,265.9,75,0,6600
NIFTY16JAN2011900CE.NFO,07/01/2020,09:36:25,271,263,75,266.65,150,0,6600
NIFTY16JAN2011900CE.NFO,07/01/2020,09:36:26,271,263,75,266.65,75,0,6600
NIFTY16JAN2011900CE.NFO,07/01/2020,09:36:30,271,263,75,266.85,75,0,6600
NIFTY16JAN2011900CE.NFO,07/01/2020,09:36:32,271,263,75,267.25,75,0,6600
NIFTY16JAN2011900CE.NFO,07/01/2020,09:36:38,271,263,75,267.05,75,0,6600
NIFTY16JAN2011900CE.NFO,07/01/2020,09:36:42,271,263,75,266.8,75,0,6600
NIFTY16JAN2011900CE.NFO,07/01/2020,09:36:43,271,260.75,75,266.8,75,0,6600
NIFTY16JAN2011900CE.NFO,07/01/2020,09:36:44,271,261.05,75,266.8,75,0,6600
NIFTY16JAN2011900CE.NFO,07/01/2020,09:36:45,271,261.3,75,266.8,75,0,6600
NIFTY16JAN2011900CE.NFO,07/01/2020,09:36:46,271,264.3,150,267.05,225,0,6600
NIFTY16JAN2011900CE.NFO,07/01/2020,09:36:47,271,264.3,150,267.1,150,0,6600
NIFTY16JAN2011900CE.NFO,07/01/2020,09:36:50,271,265.25,150,267.7,150,0,6600
NIFTY16JAN2011900CE.NFO,07/01/2020,09:36:52,271,265.65,150,268.1,150,0,6600
NIFTY16JAN2011900CE.NFO,07/01/2020,09:36:56,271,265.75,150,271.6,150,0,6600
NIFTY16JAN2011900CE.NFO,07/01/2020,09:36:58,271,265.65,150,268.1,150,0,6600
NIFTY16JAN2011900CE.NFO,07/01/2020,09:36:59,271,263.4,150,268.1,225,0,6600
NIFTY16JAN2011900CE.NFO,07/01/2020,09:37:00,271,264.95,150,267.65,225,0,6600
NIFTY16JAN2011900CE.NFO,07/01/2020,09:37:02,271,265.4,150,267.65,150,0,6600
NIFTY16JAN2011900CE.NFO,07/01/2020,09:37:03,271,264.55,75,267.65,75,0,6600
NIFTY16JAN2011900CE.NFO,07/01/2020,09:37:07,271,264.55,300,267.65,75,0,6600
NIFTY16JAN2011900CE.NFO,07/01/2020,09:37:09,271,264.55,300,267.9,75,0,6600
NIFTY16JAN2011900CE.NFO,07/01/2020,09:37:14,271,264.55,75,267.45,75,0,6600
NIFTY16JAN2011900CE.NFO,07/01/2020,09:37:24,271,264.5,225,267.45,75,0,6600
NIFTY16JAN2011900CE.NFO,07/01/2020,09:37:25,271,262.95,75,267.45,75,0,6600
NIFTY16JAN2011900CE.NFO,07/01/2020,09:37:28,271,262.95,75,266.95,75,0,6600
NIFTY16JAN2011900CE.NFO,07/01/2020,09:37:42,271,262.95,75,267.85,225,0,6600
NIFTY16JAN2011900CE.NFO,07/01/2020,09:37:43,271,262.95,75,267.5,75,0,6600
NIFTY16JAN2011900CE.NFO,07/01/2020,09:37:48,271,262.95,75,267,75,0,6600
NIFTY16JAN2011900CE.NFO,07/01/2020,09:37:49,271,262.95,75,267.5,75,0,6600
NIFTY16JAN2011900CE.NFO,07/01/2020,09:37:54,271,263.1,75,266.95,75,0,6600
NIFTY16JAN2011900CE.NFO,07/01/2020,09:37:55,271,261.5,75,266.65,75,0,6600
NIFTY16JAN2011900CE.NFO,07/01/2020,09:37:56,271,262.3,75,266.65,75,0,6600
NIFTY16JAN2011900CE.NFO,07/01/2020,09:37:57,271,263.45,75,266.9,150,0,6600
NIFTY16JAN2011900CE.NFO,07/01/2020,09:37:59,271,264.6,150,266.8,150,0,6600
NIFTY16JAN2011900CE.NFO,07/01/2020,09:37:59,271,264.6,150,267.2,75,0,6600
NIFTY16JAN2011900CE.NFO,07/01/2020,09:38:00,271,264.6,225,267.5,75,0,6600
NIFTY16JAN2011900CE.NFO,07/01/2020,09:38:01,271,265.15,150,267.55,150,0,6600
NIFTY16JAN2011900CE.NFO,07/01/2020,09:38:03,271,265.15,150,267.55,75,0,6600
NIFTY16JAN2011900CE.NFO,07/01/2020,09:38:06,271,264.6,225,267.55,75,0,6600
NIFTY16JAN2011900CE.NFO,07/01/2020,09:38:09,271,264.6,150,267.1,75,0,6600
NIFTY16JAN2011900CE.NFO,07/01/2020,09:38:13,271,264.6,225,267.1,75,0,6600
NIFTY16JAN2011900CE.NFO,07/01/2020,09:38:15,271,264.6,150,267.1,75,0,6600
NIFTY16JAN2011900CE.NFO,07/01/2020,09:38:16,271,264.6,225,267.1,75,0,6600
NIFTY16JAN2011900CE.NFO,07/01/2020,09:38:17,271,264.6,150,267.55,75,0,6600
NIFTY16JAN2011900CE.NFO,07/01/2020,09:38:19,271,264.8,75,267.55,75,0,6600
NIFTY16JAN2011900CE.NFO,07/01/2020,09:38:21,271,264.9,75,267.55,75,0,6600
NIFTY16JAN2011900CE.NFO,07/01/2020,09:38:25,271,264.9,75,267.05,75,0,6600
NIFTY16JAN2011900CE.NFO,07/01/2020,09:38:26,271,264.1,75,267.1,75,0,6600
NIFTY16JAN2011900CE.NFO,07/01/2020,09:38:27,271,264.3,75,267.1,75,0,6600
NIFTY16JAN2011900CE.NFO,07/01/2020,09:38:28,271,264.1,75,267.1,75,0,6600
NIFTY16JAN2011900CE.NFO,07/01/2020,09:38:29,271,263.1,75,266.6,75,0,6600
NIFTY16JAN2011900CE.NFO,07/01/2020,09:38:30,271,263.2,75,266.1,75,0,6600
NIFTY16JAN2011900CE.NFO,07/01/2020,09:38:31,271,262.75,75,266.1,75,0,6600
NIFTY16JAN2011900CE.NFO,07/01/2020,09:38:32,271,263.35,75,266.1,75,0,6600
NIFTY16JAN2011900CE.NFO,07/01/2020,09:38:34,271,263.8,150,266.6,75,0,6600
NIFTY16JAN2011900CE.NFO,07/01/2020,09:38:35,271,263.8,225,266.6,75,0,6600
NIFTY16JAN2011900CE.NFO,07/01/2020,09:38:36,271,264.25,150,266.6,75,0,6600
NIFTY16JAN2011900CE.NFO,07/01/2020,09:38:41,271,263.4,225,266.15,150,0,6600
NIFTY16JAN2011900CE.NFO,07/01/2020,09:38:41,271,263.9,150,267.75,75,0,6600
NIFTY16JAN2011900CE.NFO,07/01/2020,09:38:42,271,263.65,150,266.3,150,0,6600
NIFTY16JAN2011900CE.NFO,07/01/2020,09:38:44,271,263.65,150,265.85,150,0,6600
NIFTY16JAN2011900CE.NFO,07/01/2020,09:38:47,271,262.75,150,265.4,150,0,6600
NIFTY16JAN2011900CE.NFO,07/01/2020,09:38:48,271,263.25,150,265.65,150,0,6600
NIFTY16JAN2011900CE.NFO,07/01/2020,09:38:52,271,263.7,150,266.95,150,0,6600
NIFTY16JAN2011900CE.NFO,07/01/2020,09:38:53,271,263.7,225,266.45,150,0,6600
NIFTY16JAN2011900CE.NFO,07/01/2020,09:38:54,271,263.8,150,266.45,150,0,6600
NIFTY16JAN2011900CE.NFO,07/01/2020,09:38:55,271,263.45,150,265.85,150,0,6600
NIFTY16JAN2011900CE.NFO,07/01/2020,09:38:57,271,263.35,150,265.4,150,0,6600
NIFTY16JAN2011900CE.NFO,07/01/2020,09:39:00,271,263.35,150,266.35,225,0,6600
NIFTY16JAN2011900CE.NFO,07/01/2020,09:39:01,271,263.8,150,266.35,225,0,6600
NIFTY16JAN2011900CE.NFO,07/01/2020,09:39:02,271,263.8,150,266.35,150,0,6600
NIFTY16JAN2011900CE.NFO,07/01/2020,09:39:03,271,264.25,150,266.85,150,0,6600
NIFTY16JAN2011900CE.NFO,07/01/2020,09:39:04,271,263.8,150,266.4,150,0,6600
NIFTY16JAN2011900CE.NFO,07/01/2020,09:39:05,271,263.8,150,266.4,225,0,6600
NIFTY16JAN2011900CE.NFO,07/01/2020,09:39:06,271,263.8,150,265.95,150,0,6600
NIFTY16JAN2011900CE.NFO,07/01/2020,09:39:07,271,264.25,150,266.4,150,0,6600
NIFTY16JAN2011900CE.NFO,07/01/2020,09:39:12,271,264.25,150,266.85,150,0,6600
NIFTY16JAN2011900CE.NFO,07/01/2020,09:39:13,271,264.75,150,267.6,75,0,6600
NIFTY16JAN2011900CE.NFO,07/01/2020,09:39:14,271,265.15,150,267.4,75,0,6600
NIFTY16JAN2011900CE.NFO,07/01/2020,09:39:15,271,265.65,150,267.6,75,0,6600
NIFTY16JAN2011900CE.NFO,07/01/2020,09:39:17,271,265.65,150,268.45,150,0,6600
NIFTY16JAN2011900CE.NFO,07/01/2020,09:39:19,271,266.55,150,270.35,150,0,6600
NIFTY16JAN2011900CE.NFO,07/01/2020,09:39:19,271,266.55,150,270.3,75,0,6600
NIFTY16JAN2011900CE.NFO,07/01/2020,09:39:20,271,266.55,150,269.3,75,0,6600
NIFTY16JAN2011900CE.NFO,07/01/2020,09:39:21,271,266.8,150,269.1,75,0,6600
NIFTY16JAN2011900CE.NFO,07/01/2020,09:39:22,271,266.8,150,269.05,75,0,6600
NIFTY16JAN2011900CE.NFO,07/01/2020,09:39:23,271,266.8,150,268.85,150,0,6600
NIFTY16JAN2011900CE.NFO,07/01/2020,09:39:25,271,266.8,150,269.1,75,0,6600
NIFTY16JAN2011900CE.NFO,07/01/2020,09:39:27,271,266.9,225,269.1,75,0,6600
NIFTY16JAN2011900CE.NFO,07/01/2020,09:39:28,271,267.15,150,269.3,75,0,6600
NIFTY16JAN2011900CE.NFO,07/01/2020,09:39:30,271,267.05,150,269.3,75,0,6600
NIFTY16JAN2011900CE.NFO,07/01/2020,09:39:32,271,267,150,268.95,150,0,6600
NIFTY16JAN2011900CE.NFO,07/01/2020,09:39:33,271,267.25,150,269.3,75,0,6600
NIFTY16JAN2011900CE.NFO,07/01/2020,09:39:34,271,267.25,300,270.1,150,0,6600
NIFTY16JAN2011900CE.NFO,07/01/2020,09:39:35,271,267.3,75,269.5,150,0,6600
NIFTY16JAN2011900CE.NFO,07/01/2020,09:39:36,271,267.3,150,269.5,150,0,6600
NIFTY16JAN2011900CE.NFO,07/01/2020,09:39:38,271,266.9,150,268.95,150,0,6600
NIFTY16JAN2011900CE.NFO,07/01/2020,09:39:39,271,266.55,150,268.95,150,0,6600
NIFTY16JAN2011900CE.NFO,07/01/2020,09:39:40,271,265.75,75,268.4,150,0,6600
NIFTY16JAN2011900CE.NFO,07/01/2020,09:39:41,271,266.05,150,268.4,150,0,6600
NIFTY16JAN2011900CE.NFO,07/01/2020,09:39:42,271,266.05,225,268.95,150,0,6600
NIFTY16JAN2011900CE.NFO,07/01/2020,09:39:43,271,266.65,150,269.25,150,0,6600
NIFTY16JAN2011900CE.NFO,07/01/2020,09:39:44,271,266.65,150,268.95,150,0,6600
NIFTY16JAN2011900CE.NFO,07/01/2020,09:39:45,271,267.05,150,269.25,150,0,6600
NIFTY16JAN2011900CE.NFO,07/01/2020,09:39:47,271,267.05,150,269.3,150,0,6600
NIFTY16JAN2011900CE.NFO,07/01/2020,09:39:48,271,267.05,150,270.55,75,0,6600
NIFTY16JAN2011900CE.NFO,07/01/2020,09:39:49,271,267.05,150,269.55,150,0,6600
NIFTY16JAN2011900CE.NFO,07/01/2020,09:39:50,271,267.5,150,269.55,150,0,6600
NIFTY16JAN2011900CE.NFO,07/01/2020,09:39:51,271,267.05,150,269.55,150,0,6600
NIFTY16JAN2011900CE.NFO,07/01/2020,09:39:52,271,267.05,150,269,150,0,6600
NIFTY16JAN2011900CE.NFO,07/01/2020,09:39:54,271,267.05,150,269.35,150,0,6600
NIFTY16JAN2011900CE.NFO,07/01/2020,09:39:55,271,267.75,150,269.8,150,0,6600
NIFTY16JAN2011900CE.NFO,07/01/2020,09:39:56,271,267.75,150,269.9,150,0,6600
NIFTY16JAN2011900CE.NFO,07/01/2020,09:39:58,271,267.05,150,269.35,150,0,6600
NIFTY16JAN2011900CE.NFO,07/01/2020,09:39:59,271,267.5,150,269.35,150,0,6600
NIFTY16JAN2011900CE.NFO,07/01/2020,09:40:00,271,268.8,150,270.35,75,0,6600
NIFTY16JAN2011900CE.NFO,07/01/2020,09:40:01,268.8,269.05,225,271.25,150,150,6450
NIFTY16JAN2011900CE.NFO,07/01/2020,09:40:03,268.8,269.25,225,271.75,75,0,6450
NIFTY16JAN2011900CE.NFO,07/01/2020,09:40:04,268.8,269.45,75,272,75,0,6450
NIFTY16JAN2011900CE.NFO,07/01/2020,09:40:05,268.8,269.45,75,272.3,75,0,6450
NIFTY16JAN2011900CE.NFO,07/01/2020,09:40:06,268.8,269.65,75,272.25,75,0,6450
NIFTY16JAN2011900CE.NFO,07/01/2020,09:40:08,268.8,270.15,75,273.35,75,0,6450
NIFTY16JAN2011900CE.NFO,07/01/2020,09:40:10,268.8,269.6,75,272.7,75,0,6450
NIFTY16JAN2011900CE.NFO,07/01/2020,09:40:16,268.8,266.3,75,271.95,75,0,6450
NIFTY16JAN2011900CE.NFO,07/01/2020,09:40:17,268.8,266.75,75,271.45,75,0,6450
NIFTY16JAN2011900CE.NFO,07/01/2020,09:40:19,268.8,266.75,75,270.8,75,0,6450
NIFTY16JAN2011900CE.NFO,07/01/2020,09:40:22,268.8,266.75,75,270.25,75,0,6450
NIFTY16JAN2011900CE.NFO,07/01/2020,09:40:24,268.8,266.75,75,270.8,75,0,6450
NIFTY16JAN2011900CE.NFO,07/01/2020,09:40:25,268.8,266.75,75,270.9,75,0,6450
NIFTY16JAN2011900CE.NFO,07/01/2020,09:40:26,268.8,266.75,75,271.15,75,0,6450
NIFTY16JAN2011900CE.NFO,07/01/2020,09:40:29,268.8,266.75,75,270.85,75,0,6450
NIFTY16JAN2011900CE.NFO,07/01/2020,09:40:30,268.8,266.75,75,270.45,75,0,6450
NIFTY16JAN2011900CE.NFO,07/01/2020,09:40:32,268.8,266.8,225,270,75,0,6450
NIFTY16JAN2011900CE.NFO,07/01/2020,09:40:34,268.8,267.35,225,270,75,0,6450
NIFTY16JAN2011900CE.NFO,07/01/2020,09:40:35,268.8,266.75,150,269.9,150,0,6450
NIFTY16JAN2011900CE.NFO,07/01/2020,09:40:36,268.8,267.3,150,269.7,150,0,6450
NIFTY16JAN2011900CE.NFO,07/01/2020,09:40:37,268.8,267.85,150,270.3,150,0,6450
NIFTY16JAN2011900CE.NFO,07/01/2020,09:40:39,268.8,268.45,150,271.05,150,0,6450
NIFTY16JAN2011900CE.NFO,07/01/2020,09:40:40,268.8,268.1,150,270.05,150,0,6450
NIFTY16JAN2011900CE.NFO,07/01/2020,09:40:42,268.8,267.85,150,270.05,150,0,6450
NIFTY16JAN2011900CE.NFO,07/01/2020,09:40:43,268.8,268.45,300,270.9,150,0,6450
NIFTY16JAN2011900CE.NFO,07/01/2020,09:40:44,268.8,268.45,375,271.3,150,0,6450
NIFTY16JAN2011900CE.NFO,07/01/2020,09:40:45,268.8,269.05,300,271.65,75,0,6450
NIFTY16JAN2011900CE.NFO,07/01/2020,09:40:46,268.8,269.05,300,271.3,150,0,6450
NIFTY16JAN2011900CE.NFO,07/01/2020,09:40:48,268.8,268.7,150,270.75,150,0,6450
NIFTY16JAN2011900CE.NFO,07/01/2020,09:40:49,268.8,268.5,150,270.75,150,0,6450
NIFTY16JAN2011900CE.NFO,07/01/2020,09:40:50,268.8,267.8,150,270.2,150,0,6450
NIFTY16JAN2011900CE.NFO,07/01/2020,09:40:51,268.8,268.25,150,270.75,150,0,6450
NIFTY16JAN2011900CE.NFO,07/01/2020,09:40:52,268.8,267.8,150,270.2,75,0,6450
NIFTY16JAN2011900CE.NFO,07/01/2020,09:40:53,268.8,267.8,150,270,75,0,6450
NIFTY16JAN2011900CE.NFO,07/01/2020,09:40:54,268.8,267.3,75,270,75,0,6450
NIFTY16JAN2011900CE.NFO,07/01/2020,09:40:55,268.8,266.8,75,270,75,0,6450
NIFTY16JAN2011900CE.NFO,07/01/2020,09:40:57,268.8,266.85,150,270,75,0,6450
NIFTY16JAN2011900CE.NFO,07/01/2020,09:40:58,268.8,267.1,75,270,75,0,6450
NIFTY16JAN2011900CE.NFO,07/01/2020,09:40:59,268.8,267.5,75,270.4,75,0,6450
NIFTY16JAN2011900CE.NFO,07/01/2020,09:41:00,268.8,266.9,225,269.65,150,0,6450
NIFTY16JAN2011900CE.NFO,07/01/2020,09:41:01,268.8,267,150,269.65,150,0,6450
NIFTY16JAN2011900CE.NFO,07/01/2020,09:41:02,268.8,267.1,150,269.65,150,0,6450
NIFTY16JAN2011900CE.NFO,07/01/2020,09:41:03,268.8,267.45,150,269.65,150,0,6450
NIFTY16JAN2011900CE.NFO,07/01/2020,09:41:05,268.8,267.2,75,270,150,0,6450
NIFTY16JAN2011900CE.NFO,07/01/2020,09:41:06,268.8,266.55,225,269.4,150,0,6450
NIFTY16JAN2011900CE.NFO,07/01/2020,09:41:07,268.8,267.1,150,269.4,150,0,6450
NIFTY16JAN2011900CE.NFO,07/01/2020,09:41:08,268.8,267.1,150,269.6,150,0,6450
NIFTY16JAN2011900CE.NFO,07/01/2020,09:41:09,268.8,267.5,150,269.6,150,0,6450
NIFTY16JAN2011900CE.NFO,07/01/2020,09:41:10,268.8,267.3,150,269.6,150,0,6450
NIFTY16JAN2011900CE.NFO,07/01/2020,09:41:11,268.8,267.5,150,269.6,150,0,6450
NIFTY16JAN2011900CE.NFO,07/01/2020,09:41:13,268.8,267.5,150,269.75,150,0,6450
NIFTY16JAN2011900CE.NFO,07/01/2020,09:41:15,268.8,267.45,225,269.75,150,0,6450
NIFTY16JAN2011900CE.NFO,07/01/2020,09:41:16,268.8,266.9,75,269.75,150,0,6450
NIFTY16JAN2011900CE.NFO,07/01/2020,09:41:17,268.8,267.45,75,269.95,75,0,6450
NIFTY16JAN2011900CE.NFO,07/01/2020,09:41:18,268.8,267.5,75,269.95,75,0,6450
NIFTY16JAN2011900CE.NFO,07/01/2020,09:41:19,268.8,267.8,150,269.95,75,0,6450
NIFTY16JAN2011900CE.NFO,07/01/2020,09:41:21,268.8,267.8,225,270.25,150,0,6450
NIFTY16JAN2011900CE.NFO,07/01/2020,09:41:22,268.8,267.9,150,270.25,150,0,6450
NIFTY16JAN2011900CE.NFO,07/01/2020,09:41:24,268.8,267.9,150,270.35,300,0,6450
NIFTY16JAN2011900CE.NFO,07/01/2020,09:41:25,268.8,267.9,150,269.8,150,0,6450
NIFTY16JAN2011900CE.NFO,07/01/2020,09:41:26,268.8,267.4,150,269.8,150,0,6450
NIFTY16JAN2011900CE.NFO,07/01/2020,09:41:30,268.8,267.75,150,269.8,150,0,6450
NIFTY16JAN2011900CE.NFO,07/01/2020,09:41:31,268.8,267.75,150,270.4,225,0,6450
NIFTY16JAN2011900CE.NFO,07/01/2020,09:41:34,268.8,267.75,225,270.4,75,0,6450
NIFTY16JAN2011900CE.NFO,07/01/2020,09:41:35,268.8,267.75,225,270.65,75,0,6450
NIFTY16JAN2011900CE.NFO,07/01/2020,09:41:44,268.8,267.75,225,270.8,75,0,6450
NIFTY16JAN2011900CE.NFO,07/01/2020,09:41:46,268.8,267.75,375,270.8,75,0,6450
NIFTY16JAN2011900CE.NFO,07/01/2020,09:41:49,268.8,267.5,75,270.65,75,0,6450
NIFTY16JAN2011900CE.NFO,07/01/2020,09:41:50,268.8,267.5,75,270.9,75,0,6450
NIFTY16JAN2011900CE.NFO,07/01/2020,09:41:51,268.8,266.4,75,270.25,75,0,6450
NIFTY16JAN2011900CE.NFO,07/01/2020,09:41:53,268.8,266.1,75,270.25,75,0,6450
NIFTY16JAN2011900CE.NFO,07/01/2020,09:41:57,268.8,266.55,75,269.35,75,0,6450
NIFTY16JAN2011900CE.NFO,07/01/2020,09:41:58,268.8,266.5,75,269.35,75,0,6450
NIFTY16JAN2011900CE.NFO,07/01/2020,09:41:59,268.8,266.15,75,269.35,75,0,6450
NIFTY16JAN2011900CE.NFO,07/01/2020,09:42:01,268.8,264.1,75,269.35,75,0,6450
NIFTY16JAN2011900CE.NFO,07/01/2020,09:42:02,268.8,264.7,75,269.35,75,0,6450
NIFTY16JAN2011900CE.NFO,07/01/2020,09:42:03,268.8,264.9,150,269.35,75,0,6450
