Ticker,Date,Time,LTP,BuyPrice,BuyQty,SellPrice,SellQty,LTQ,OpenInterest
NIFTY30JAN2012100PE.NFO,07/01/2020,09:15:01,150,136.35,600,153.9,75,75,1061325
NIFTY30JAN2012100PE.NFO,07/01/2020,09:15:01,150,136.35,600,153.9,75,0,1061325
NIFTY30JAN2012100PE.NFO,07/01/2020,09:15:01,150,136.35,600,153.9,75,0,1061325
NIFTY30JAN2012100PE.NFO,07/01/2020,09:15:01,150,136.35,600,153.9,75,0,1061325
NIFTY30JAN2012100PE.NFO,07/01/2020,09:15:01,150,137.7,600,153.9,75,0,1061325
NIFTY30JAN2012100PE.NFO,07/01/2020,09:15:03,137.8,137.5,675,152.45,225,75,1061325
NIFTY30JAN2012100PE.NFO,07/01/2020,09:15:03,137.8,137.5,675,152.45,225,0,1061325
NIFTY30JAN2012100PE.NFO,07/01/2020,09:15:04,137.8,136.85,150,149.85,300,0,1061325
NIFTY30JAN2012100PE.NFO,07/01/2020,09:15:05,137.8,136.85,150,148.85,225,0,1061325
NIFTY30JAN2012100PE.NFO,07/01/2020,09:15:06,137.8,136.9,225,146.9,75,0,1061325
NIFTY30JAN2012100PE.NFO,07/01/2020,09:15:06,137.8,136.9,225,146.85,225,0,1061325
NIFTY30JAN2012100PE.NFO,07/01/2020,09:15:07,137.2,137,75,144.75,150,150,1061325
NIFTY30JAN2012100PE.NFO,07/01/2020,09:15:07,137.2,137,75,144.75,150,0,1061325
NIFTY30JAN2012100PE.NFO,07/01/2020,09:15:09,137.2,133.75,150,137.5,150,975,1061325
NIFTY30JAN2012100PE.NFO,07/01/2020,09:15:09,133.7,133.75,150,137.5,150,0,1061325
NIFTY30JAN2012100PE.NFO,07/01/2020,09:15:10,137.3,135.15,75,137.3,225,675,1061325
NIFTY30JAN2012100PE.NFO,07/01/2020,09:15:11,139.95,136.3,75,140,1650,600,1061325
NIFTY30JAN2012100PE.NFO,07/01/2020,09:15:12,139.95,137,75,140,1575,0,1061325
NIFTY30JAN2012100PE.NFO,07/01/2020,09:15:13,137.45,137.25,150,139.7,75,900,1061325
NIFTY30JAN2012100PE.NFO,07/01/2020,09:15:13,137.45,137.35,225,139.4,75,0,1061325
NIFTY30JAN2012100PE.NFO,07/01/2020,09:15:14,138.8,137.8,75,138.8,375,450,1061325
NIFTY30JAN2012100PE.NFO,07/01/2020,09:15:15,140.05,137.5,375,139.75,225,3525,1061325
NIFTY30JAN2012100PE.NFO,07/01/2020,09:15:17,138.4,138,300,139.95,75,2175,1061325
NIFTY30JAN2012100PE.NFO,07/01/2020,09:15:18,137.5,137.15,150,139.7,225,675,1061325
NIFTY30JAN2012100PE.NFO,07/01/2020,09:15:19,137.45,135.35,450,137.35,75,975,1061325
NIFTY30JAN2012100PE.NFO,07/01/2020,09:15:20,135.4,135,300,136.85,375,1950,1061325
NIFTY30JAN2012100PE.NFO,07/01/2020,09:15:20,135.4,135,300,136.55,225,0,1061325
NIFTY30JAN2012100PE.NFO,07/01/2020,09:15:21,136.05,135,150,136,150,900,1061325
NIFTY30JAN2012100PE.NFO,07/01/2020,09:15:23,139.4,134.65,150,139.55,225,3300,1061325
NIFTY30JAN2012100PE.NFO,07/01/2020,09:15:24,134.1,133.7,225,134.8,75,1725,1061325
NIFTY30JAN2012100PE.NFO,07/01/2020,09:15:25,133.95,133.25,75,133.9,75,1125,1061325
NIFTY30JAN2012100PE.NFO,07/01/2020,09:15:26,133.95,131.2,225,133.25,150,0,1061325
NIFTY30JAN2012100PE.NFO,07/01/2020,09:15:27,131.2,130.15,225,132.1,225,75,1061325
NIFTY30JAN2012100PE.NFO,07/01/2020,09:15:27,131.2,130.15,225,132.1,225,0,1061325
NIFTY30JAN2012100PE.NFO,07/01/2020,09:15:27,131.2,130.15,225,132.1,225,0,1061325
NIFTY30JAN2012100PE.NFO,07/01/2020,09:15:28,131.5,130.1,225,131.55,75,600,1061325
NIFTY30JAN2012100PE.NFO,07/01/2020,09:15:28,130.15,130.1,225,131.55,75,0,1061325
NIFTY30JAN2012100PE.NFO,07/01/2020,09:15:30,130,130,225,131.05,675,1425,1061325
NIFTY30JAN2012100PE.NFO,07/01/2020,09:15:30,130,130,225,131.05,675,0,1061325
NIFTY30JAN2012100PE.NFO,07/01/2020,09:15:31,131,130.05,225,131,150,1050,1061325
NIFTY30JAN2012100PE.NFO,07/01/2020,09:15:32,130.95,130.8,75,130.9,75,450,1061325
NIFTY30JAN2012100PE.NFO,07/01/2020,09:15:33,130.7,130.75,225,131.5,225,300,1061325
NIFTY30JAN2012100PE.NFO,07/01/2020,09:15:34,130.35,130.35,300,131.05,150,2025,1061325
NIFTY30JAN2012100PE.NFO,07/01/2020,09:15:35,130.55,130.55,75,130.9,75,525,1061325
NIFTY30JAN2012100PE.NFO,07/01/2020,09:15:35,130.9,130.4,300,130.95,75,75,1061325
NIFTY30JAN2012100PE.NFO,07/01/2020,09:15:36,130,130,150,130.6,75,450,1061325
NIFTY30JAN2012100PE.NFO,07/01/2020,09:15:38,130.85,130.3,300,130.85,300,4725,1061325
NIFTY30JAN2012100PE.NFO,07/01/2020,09:15:39,130.8,130.05,300,130.65,300,75,1061325
NIFTY30JAN2012100PE.NFO,07/01/2020,09:15:40,130.5,130.35,75,130.8,75,150,1061325
NIFTY30JAN2012100PE.NFO,07/01/2020,09:15:41,130.05,130,150,130.3,300,300,1061325
NIFTY30JAN2012100PE.NFO,07/01/2020,09:15:42,130.05,129.15,225,130.05,75,600,1061325
NIFTY30JAN2012100PE.NFO,07/01/2020,09:15:43,128.5,128.75,225,129.25,300,975,1061325
NIFTY30JAN2012100PE.NFO,07/01/2020,09:15:43,128.5,128.75,225,129.25,300,0,1061325
NIFTY30JAN2012100PE.NFO,07/01/2020,09:15:43,129.4,128.85,225,129.4,300,375,1061325
NIFTY30JAN2012100PE.NFO,07/01/2020,09:15:45,129.2,128.65,1125,129.2,300,900,1061325
NIFTY30JAN2012100PE.NFO,07/01/2020,09:15:46,129.25,128.9,150,129.4,225,675,1061325
NIFTY30JAN2012100PE.NFO,07/01/2020,09:15:47,129.05,128.65,1650,129.35,225,525,1061325
NIFTY30JAN2012100PE.NFO,07/01/2020,09:15:48,128.8,128.8,1350,129.55,225,450,1061325
NIFTY30JAN2012100PE.NFO,07/01/2020,09:15:49,129.3,128.6,225,129.15,150,225,1061325
NIFTY30JAN2012100PE.NFO,07/01/2020,09:15:49,129.3,128.45,225,129.1,375,0,1061325
NIFTY30JAN2012100PE.NFO,07/01/2020,09:15:50,128.4,128.3,450,128.8,150,225,1061325
NIFTY30JAN2012100PE.NFO,07/01/2020,09:15:50,128.4,128.3,450,128.8,150,0,1061325
NIFTY30JAN2012100PE.NFO,07/01/2020,09:15:52,128.8,127.75,225,128.7,1725,375,1061325
NIFTY30JAN2012100PE.NFO,07/01/2020,09:15:53,128.2,127.5,450,128.1,1425,975,1061325
NIFTY30JAN2012100PE.NFO,07/01/2020,09:15:53,128,127.5,450,128.1,1425,0,1061325
NIFTY30JAN2012100PE.NFO,07/01/2020,09:15:54,128.3,127.65,1125,128.4,300,225,1061325
NIFTY30JAN2012100PE.NFO,07/01/2020,09:15:55,127.65,127,225,127.8,150,900,1061325
NIFTY30JAN2012100PE.NFO,07/01/2020,09:15:55,127.65,127,225,127.8,150,0,1061325
NIFTY30JAN2012100PE.NFO,07/01/2020,09:15:56,127.8,127.55,1500,128.25,75,1425,1061325
NIFTY30JAN2012100PE.NFO,07/01/2020,09:15:56,127.1,127.55,1500,128.25,75,0,1061325
NIFTY30JAN2012100PE.NFO,07/01/2020,09:15:56,127.8,127.55,1500,128.25,75,0,1061325
NIFTY30JAN2012100PE.NFO,07/01/2020,09:15:57,128.4,128.2,1125,128.8,75,450,1061325
NIFTY30JAN2012100PE.NFO,07/01/2020,09:15:59,128.1,127.5,525,128.05,75,1425,1061325
NIFTY30JAN2012100PE.NFO,07/01/2020,09:16:00,128,127.65,150,128.25,150,750,1061325
NIFTY30JAN2012100PE.NFO,07/01/2020,09:16:01,127.75,127.85,75,128.5,300,525,1061325
NIFTY30JAN2012100PE.NFO,07/01/2020,09:16:02,127.85,127.4,225,128.15,825,750,1061325
NIFTY30JAN2012100PE.NFO,07/01/2020,09:16:03,128.55,127.65,150,128.35,150,375,1061325
NIFTY30JAN2012100PE.NFO,07/01/2020,09:16:03,128.55,127.7,1350,128.35,600,0,1061325
NIFTY30JAN2012100PE.NFO,07/01/2020,09:16:04,128.55,127.55,150,128.05,150,0,1061325
NIFTY30JAN2012100PE.NFO,07/01/2020,09:16:06,128,127.5,225,127.9,675,225,1061325
NIFTY30JAN2012100PE.NFO,07/01/2020,09:16:07,127.8,127,75,127.65,375,1650,1061325
NIFTY30JAN2012100PE.NFO,07/01/2020,09:16:08,127.1,127.1,150,127.6,150,300,1061325
NIFTY30JAN2012100PE.NFO,07/01/2020,09:16:08,127,127.1,150,127.6,150,0,1061325
NIFTY30JAN2012100PE.NFO,07/01/2020,09:16:09,127.55,127,825,127.5,150,375,1061325
NIFTY30JAN2012100PE.NFO,07/01/2020,09:16:09,127.55,127.1,150,127.5,150,0,1061325
NIFTY30JAN2012100PE.NFO,07/01/2020,09:16:10,127.7,127.2,75,127.8,150,5175,1061325
NIFTY30JAN2012100PE.NFO,07/01/2020,09:16:12,126.95,127.05,150,127.6,1875,150,1061325
NIFTY30JAN2012100PE.NFO,07/01/2020,09:16:12,126.95,127.05,150,127.6,1875,0,1061325
NIFTY30JAN2012100PE.NFO,07/01/2020,09:16:13,127.25,126.8,150,127.4,75,75,1061325
NIFTY30JAN2012100PE.NFO,07/01/2020,09:16:14,128,126.75,300,127.25,75,5325,1061325
NIFTY30JAN2012100PE.NFO,07/01/2020,09:16:15,126.9,126.7,75,126.95,75,375,1061325
NIFTY30JAN2012100PE.NFO,07/01/2020,09:16:15,126.35,126.7,75,126.95,75,0,1061325
NIFTY30JAN2012100PE.NFO,07/01/2020,09:16:15,126.7,126.6,525,127.3,75,150,1061325
NIFTY30JAN2012100PE.NFO,07/01/2020,09:16:16,126.55,126.55,1200,127.2,75,1425,1061325
NIFTY30JAN2012100PE.NFO,07/01/2020,09:16:18,127.15,126.65,300,127.3,75,825,1061325
NIFTY30JAN2012100PE.NFO,07/01/2020,09:16:19,127.15,127.25,300,127.95,75,6225,1061325
NIFTY30JAN2012100PE.NFO,07/01/2020,09:16:20,127.25,127.15,375,127.95,300,525,1061325
NIFTY30JAN2012100PE.NFO,07/01/2020,09:16:21,127.3,126.8,300,127.55,300,2100,1061325
NIFTY30JAN2012100PE.NFO,07/01/2020,09:16:21,127.15,127.05,300,127.4,75,525,1061325
NIFTY30JAN2012100PE.NFO,07/01/2020,09:16:23,127.75,127.2,75,128,75,4200,1061325
NIFTY30JAN2012100PE.NFO,07/01/2020,09:16:24,127.35,127.15,150,127.7,75,450,1061325
NIFTY30JAN2012100PE.NFO,07/01/2020,09:16:25,127.15,127.15,225,127.7,75,375,1061325
NIFTY30JAN2012100PE.NFO,07/01/2020,09:16:26,127,127,2625,127.5,150,450,1061325
NIFTY30JAN2012100PE.NFO,07/01/2020,09:16:27,127,126.4,225,127,375,13350,1061325
NIFTY30JAN2012100PE.NFO,07/01/2020,09:16:27,127,126.4,225,127,375,0,1061325
NIFTY30JAN2012100PE.NFO,07/01/2020,09:16:29,126.9,126.4,75,126.9,300,1425,1061325
NIFTY30JAN2012100PE.NFO,07/01/2020,09:16:30,126.55,126.1,150,126.5,75,900,1061325
NIFTY30JAN2012100PE.NFO,07/01/2020,09:16:30,126.15,126.1,150,126.5,75,0,1061325
NIFTY30JAN2012100PE.NFO,07/01/2020,09:16:31,126.6,126.4,75,127.1,150,5850,1061325
NIFTY30JAN2012100PE.NFO,07/01/2020,09:16:32,126.4,126.45,150,127.3,75,2475,1061325
NIFTY30JAN2012100PE.NFO,07/01/2020,09:16:33,127.6,126.85,1500,127.5,75,2025,1061325
NIFTY30JAN2012100PE.NFO,07/01/2020,09:16:33,127.35,126.9,375,127.5,75,150,1061325
NIFTY30JAN2012100PE.NFO,07/01/2020,09:16:35,126.7,126.85,75,127.5,150,975,1061325
NIFTY30JAN2012100PE.NFO,07/01/2020,09:16:36,126.5,126.5,150,127.2,600,975,1061325
NIFTY30JAN2012100PE.NFO,07/01/2020,09:16:37,126.75,126.65,1275,127.25,75,975,1061325
NIFTY30JAN2012100PE.NFO,07/01/2020,09:16:38,126.35,126.5,300,126.8,75,2325,1061325
NIFTY30JAN2012100PE.NFO,07/01/2020,09:16:39,126.8,126.55,75,127.05,450,1275,1061325
NIFTY30JAN2012100PE.NFO,07/01/2020,09:16:39,126.05,126.55,75,127.05,450,0,1061325
NIFTY30JAN2012100PE.NFO,07/01/2020,09:16:39,127.05,126.65,1050,127.25,150,300,1061325
NIFTY30JAN2012100PE.NFO,07/01/2020,09:16:41,126.65,126.4,150,127,300,375,1061325
NIFTY30JAN2012100PE.NFO,07/01/2020,09:16:42,126.05,126,150,126.45,75,1050,1061325
NIFTY30JAN2012100PE.NFO,07/01/2020,09:16:43,126.35,126.05,75,126.6,300,225,1061325
NIFTY30JAN2012100PE.NFO,07/01/2020,09:16:44,126.6,126,150,126.55,375,225,1061325
NIFTY30JAN2012100PE.NFO,07/01/2020,09:16:44,126.6,126,225,126.55,375,0,1061325
NIFTY30JAN2012100PE.NFO,07/01/2020,09:16:45,125.5,125.4,225,125.95,75,900,1061325
NIFTY30JAN2012100PE.NFO,07/01/2020,09:16:45,125.5,125.4,225,125.95,75,0,1061325
NIFTY30JAN2012100PE.NFO,07/01/2020,09:16:47,126.2,125.7,150,126.1,225,1050,1061325
NIFTY30JAN2012100PE.NFO,07/01/2020,09:16:48,125.1,125.2,75,125.75,150,300,1061325
NIFTY30JAN2012100PE.NFO,07/01/2020,09:16:48,125.1,125.2,75,125.75,150,0,1061325
NIFTY30JAN2012100PE.NFO,07/01/2020,09:16:49,125,124.55,150,125.2,225,975,1061325
NIFTY30JAN2012100PE.NFO,07/01/2020,09:16:49,125,124.55,150,125.2,225,0,1061325
NIFTY30JAN2012100PE.NFO,07/01/2020,09:16:50,125.1,124.55,75,125.15,225,75,1061325
NIFTY30JAN2012100PE.NFO,07/01/2020,09:16:50,125.5,124.85,225,125.4,225,1500,1061325
NIFTY30JAN2012100PE.NFO,07/01/2020,09:16:51,124.9,124.85,150,125.55,225,1950,1061325
NIFTY30JAN2012100PE.NFO,07/01/2020,09:16:51,124.65,124.85,150,125.55,225,0,1061325
NIFTY30JAN2012100PE.NFO,07/01/2020,09:16:53,125.05,125.05,150,125.65,75,1125,1061325
NIFTY30JAN2012100PE.NFO,07/01/2020,09:16:54,125.45,124.7,300,125.2,225,450,1061325
NIFTY30JAN2012100PE.NFO,07/01/2020,09:16:55,125,125,150,125.3,150,225,1061325
NIFTY30JAN2012100PE.NFO,07/01/2020,09:16:56,125,124.7,150,125.4,75,525,1061325
NIFTY30JAN2012100PE.NFO,07/01/2020,09:16:56,125.4,125,300,125.3,150,75,1061325
NIFTY30JAN2012100PE.NFO,07/01/2020,09:16:58,124.95,124.65,300,125.1,75,975,1061325
NIFTY30JAN2012100PE.NFO,07/01/2020,09:16:58,124.6,124.65,300,125.1,75,0,1061325
NIFTY30JAN2012100PE.NFO,07/01/2020,09:16:59,125.4,124.9,150,125.45,75,675,1061325
NIFTY30JAN2012100PE.NFO,07/01/2020,09:17:00,124.55,124.55,75,125,150,1200,1061325
NIFTY30JAN2012100PE.NFO,07/01/2020,09:17:00,124.55,124.55,75,125,150,0,1061325
NIFTY30JAN2012100PE.NFO,07/01/2020,09:17:01,125.1,124.5,1200,125.05,75,900,1061325
NIFTY30JAN2012100PE.NFO,07/01/2020,09:17:01,124.45,124.5,1200,125.05,75,0,1061325
NIFTY30JAN2012100PE.NFO,07/01/2020,09:17:02,125.1,124.3,225,125.05,1425,2175,1061325
NIFTY30JAN2012100PE.NFO,07/01/2020,09:17:02,124.3,124.3,225,125.05,1425,0,1061325
NIFTY30JAN2012100PE.NFO,07/01/2020,09:17:02,125.05,124.3,300,125,75,300,1061325
NIFTY30JAN2012100PE.NFO,07/01/2020,09:17:04,124.7,124.2,225,124.65,150,675,1061325
NIFTY30JAN2012100PE.NFO,07/01/2020,09:17:05,124.3,123.95,75,124.3,75,300,1061325
NIFTY30JAN2012100PE.NFO,07/01/2020,09:17:05,124,123.95,75,124.3,75,0,1061325
NIFTY30JAN2012100PE.NFO,07/01/2020,09:17:06,123.95,123.4,150,123.95,300,1275,1061325
NIFTY30JAN2012100PE.NFO,07/01/2020,09:17:06,123.4,123.4,150,123.95,300,0,1061325
NIFTY30JAN2012100PE.NFO,07/01/2020,09:17:07,123.3,123.15,150,123.8,75,300,1061325
NIFTY30JAN2012100PE.NFO,07/01/2020,09:17:07,123.3,123.15,150,123.8,75,0,1061325
NIFTY30JAN2012100PE.NFO,07/01/2020,09:17:08,123.15,123.45,150,124,1500,75,1061325
NIFTY30JAN2012100PE.NFO,07/01/2020,09:17:08,123.15,123.45,150,124,1500,0,1061325
NIFTY30JAN2012100PE.NFO,07/01/2020,09:17:08,123.15,123.4,75,123.95,300,0,1061325
NIFTY30JAN2012100PE.NFO,07/01/2020,09:17:10,123.2,123.5,75,123.75,225,300,1061325
NIFTY30JAN2012100PE.NFO,07/01/2020,09:17:11,123.2,122.85,675,123.4,225,600,1076400
NIFTY30JAN2012100PE.NFO,07/01/2020,09:17:11,123,122.85,675,123.4,225,0,1076400
NIFTY30JAN2012100PE.NFO,07/01/2020,09:17:12,123.2,122.8,150,123.4,600,525,1076400
NIFTY30JAN2012100PE.NFO,07/01/2020,09:17:12,122.9,122.8,150,123.4,600,0,1076400
NIFTY30JAN2012100PE.NFO,07/01/2020,09:17:13,122.85,122.3,75,122.85,300,1125,1076400
NIFTY30JAN2012100PE.NFO,07/01/2020,09:17:13,122.15,122.3,75,122.85,300,0,1076400
NIFTY30JAN2012100PE.NFO,07/01/2020,09:17:14,122.35,121.95,75,122.5,75,300,1076400
NIFTY30JAN2012100PE.NFO,07/01/2020,09:17:15,122,121.55,75,122,75,300,1076400
NIFTY30JAN2012100PE.NFO,07/01/2020,09:17:15,122,121.55,75,122,75,0,1076400
NIFTY30JAN2012100PE.NFO,07/01/2020,09:17:16,122.25,121.8,150,122.15,75,225,1076400
NIFTY30JAN2012100PE.NFO,07/01/2020,09:17:16,122.15,121.55,75,122.2,150,75,1076400
NIFTY30JAN2012100PE.NFO,07/01/2020,09:17:18,121.7,121.2,225,121.7,75,525,1076400
NIFTY30JAN2012100PE.NFO,07/01/2020,09:17:18,121.1,121.2,225,121.7,75,0,1076400
NIFTY30JAN2012100PE.NFO,07/01/2020,09:17:19,121.45,121.15,150,121.55,300,525,1076400
NIFTY30JAN2012100PE.NFO,07/01/2020,09:17:20,121.7,121.55,75,122.3,150,1950,1076400
NIFTY30JAN2012100PE.NFO,07/01/2020,09:17:20,121,121.55,75,122.3,150,0,1076400
NIFTY30JAN2012100PE.NFO,07/01/2020,09:17:21,121.6,121.55,75,122.1,150,750,1076400
NIFTY30JAN2012100PE.NFO,07/01/2020,09:17:21,122.15,122.15,1125,122.75,150,375,1076400
NIFTY30JAN2012100PE.NFO,07/01/2020,09:17:23,121.7,121.15,150,121.8,1125,1875,1076400
NIFTY30JAN2012100PE.NFO,07/01/2020,09:17:24,121.35,121.25,75,121.7,75,450,1076400
NIFTY30JAN2012100PE.NFO,07/01/2020,09:17:25,121.35,121.3,150,122,75,375,1076400
NIFTY30JAN2012100PE.NFO,07/01/2020,09:17:25,120.95,121.3,150,122,75,0,1076400
NIFTY30JAN2012100PE.NFO,07/01/2020,09:17:26,121.45,121.1,450,121.7,225,675,1076400
NIFTY30JAN2012100PE.NFO,07/01/2020,09:17:26,121.45,121.1,225,121.6,225,0,1076400
NIFTY30JAN2012100PE.NFO,07/01/2020,09:17:28,121.6,121.45,375,122.15,225,675,1076400
NIFTY30JAN2012100PE.NFO,07/01/2020,09:17:29,122.05,121.6,150,122.3,75,150,1076400
NIFTY30JAN2012100PE.NFO,07/01/2020,09:17:30,122.5,122.1,675,122.8,75,825,1076400
NIFTY30JAN2012100PE.NFO,07/01/2020,09:17:31,122.05,122,450,122.65,300,675,1076400
NIFTY30JAN2012100PE.NFO,07/01/2020,09:17:31,122.85,122.05,225,122.75,75,750,1076400
NIFTY30JAN2012100PE.NFO,07/01/2020,09:17:33,122.05,122.15,75,122.5,75,10275,1076400
NIFTY30JAN2012100PE.NFO,07/01/2020,09:17:33,120,122.15,75,122.5,75,0,1076400
NIFTY30JAN2012100PE.NFO,07/01/2020,09:17:34,122.15,122.3,75,122.85,300,2700,1076400
NIFTY30JAN2012100PE.NFO,07/01/2020,09:17:35,122.95,122.25,300,122.8,450,150,1076400
NIFTY30JAN2012100PE.NFO,07/01/2020,09:17:36,122.35,122.25,150,122.95,75,2100,1076400
NIFTY30JAN2012100PE.NFO,07/01/2020,09:17:36,122.35,122.25,375,123,75,0,1076400
NIFTY30JAN2012100PE.NFO,07/01/2020,09:17:38,122.55,122.5,75,123.15,150,225,1076400
NIFTY30JAN2012100PE.NFO,07/01/2020,09:17:39,122.7,122.65,150,123.25,75,2550,1076400
NIFTY30JAN2012100PE.NFO,07/01/2020,09:17:40,123.35,122.8,75,123.35,75,1050,1076400
NIFTY30JAN2012100PE.NFO,07/01/2020,09:17:41,123.75,123.1,225,123.75,150,1350,1076400
NIFTY30JAN2012100PE.NFO,07/01/2020,09:17:41,122.95,122.85,75,123.3,225,375,1076400
NIFTY30JAN2012100PE.NFO,07/01/2020,09:17:43,123.7,123.2,225,123.7,75,375,1076400
NIFTY30JAN2012100PE.NFO,07/01/2020,09:17:44,123.75,123.3,225,123.95,450,1875,1076400
NIFTY30JAN2012100PE.NFO,07/01/2020,09:17:45,123.75,123.45,75,124.1,150,0,1076400
NIFTY30JAN2012100PE.NFO,07/01/2020,09:17:46,124.35,123.7,150,124.35,75,4950,1076400
NIFTY30JAN2012100PE.NFO,07/01/2020,09:17:46,124.35,123.7,150,124.35,75,0,1076400
NIFTY30JAN2012100PE.NFO,07/01/2020,09:17:48,124.15,123.6,150,124.25,300,75,1076400
NIFTY30JAN2012100PE.NFO,07/01/2020,09:17:49,124,124,3525,124.35,450,600,1076400
NIFTY30JAN2012100PE.NFO,07/01/2020,09:17:50,124.35,124.35,1350,124.5,150,3450,1076400
NIFTY30JAN2012100PE.NFO,07/01/2020,09:17:51,124.35,124.35,1125,124.75,750,300,1076400
NIFTY30JAN2012100PE.NFO,07/01/2020,09:17:51,124.35,124.35,900,124.75,750,225,1076400
NIFTY30JAN2012100PE.NFO,07/01/2020,09:17:53,124.4,124.4,300,124.9,150,525,1076400
NIFTY30JAN2012100PE.NFO,07/01/2020,09:17:54,124.5,124.4,450,124.8,300,375,1076400
NIFTY30JAN2012100PE.NFO,07/01/2020,09:17:55,124.65,124.1,225,124.65,75,450,1076400
NIFTY30JAN2012100PE.NFO,07/01/2020,09:17:56,124.05,124,3525,124.65,75,525,1076400
NIFTY30JAN2012100PE.NFO,07/01/2020,09:17:56,124.05,124,3525,124.65,150,0,1076400
NIFTY30JAN2012100PE.NFO,07/01/2020,09:17:58,124,124,3750,124.45,450,3525,1076400
NIFTY30JAN2012100PE.NFO,07/01/2020,09:17:59,124,124.05,450,124.55,225,0,1076400
NIFTY30JAN2012100PE.NFO,07/01/2020,09:18:00,124.1,124,3750,124.3,75,225,1076400
NIFTY30JAN2012100PE.NFO,07/01/2020,09:18:01,124,123.85,150,123.95,375,3975,1076400
NIFTY30JAN2012100PE.NFO,07/01/2020,09:18:01,124.25,124,75,124.2,225,1500,1076400
NIFTY30JAN2012100PE.NFO,07/01/2020,09:18:03,123.35,123.2,750,123.6,150,10950,1076400
NIFTY30JAN2012100PE.NFO,07/01/2020,09:18:04,123.5,123.2,450,123.5,450,450,1076400
NIFTY30JAN2012100PE.NFO,07/01/2020,09:18:05,123,123,4950,123.45,150,3225,1076400
NIFTY30JAN2012100PE.NFO,07/01/2020,09:18:06,123,123,4275,123.4,225,750,1076400
NIFTY30JAN2012100PE.NFO,07/01/2020,09:18:06,123,123,4275,123.4,225,0,1076400
NIFTY30JAN2012100PE.NFO,07/01/2020,09:18:08,123.5,123,3525,123.5,450,1500,1076400
NIFTY30JAN2012100PE.NFO,07/01/2020,09:18:09,123.05,123.05,375,123.45,300,1125,1076400
NIFTY30JAN2012100PE.NFO,07/01/2020,09:18:10,123.05,123,3000,123.5,150,1200,1076400
NIFTY30JAN2012100PE.NFO,07/01/2020,09:18:11,123.25,123.15,225,123.55,225,600,1076400
NIFTY30JAN2012100PE.NFO,07/01/2020,09:18:11,123.25,123.15,225,123.5,150,0,1076400
NIFTY30JAN2012100PE.NFO,07/01/2020,09:18:13,123.15,123.05,75,123.3,225,3525,1076400
NIFTY30JAN2012100PE.NFO,07/01/2020,09:18:14,122.65,122.7,300,123.3,75,525,1076400
NIFTY30JAN2012100PE.NFO,07/01/2020,09:18:15,122.95,122.9,525,123.55,75,750,1076400
NIFTY30JAN2012100PE.NFO,07/01/2020,09:18:16,123.05,123.05,225,123.6,300,225,1076400
NIFTY30JAN2012100PE.NFO,07/01/2020,09:18:17,123.15,123,225,123.5,450,150,1076400
NIFTY30JAN2012100PE.NFO,07/01/2020,09:18:18,123.35,123.5,75,123.9,150,375,1076400
NIFTY30JAN2012100PE.NFO,07/01/2020,09:18:19,123.3,123.2,450,123.8,150,75,1076400
NIFTY30JAN2012100PE.NFO,07/01/2020,09:18:20,123.35,123.35,300,123.8,225,75,1076400
NIFTY30JAN2012100PE.NFO,07/01/2020,09:18:21,122.95,122.75,75,123.45,150,225,1076400
NIFTY30JAN2012100PE.NFO,07/01/2020,09:18:22,123.55,123.15,75,123.65,75,750,1076400
NIFTY30JAN2012100PE.NFO,07/01/2020,09:18:23,123.5,123.15,75,123.65,75,525,1076400
NIFTY30JAN2012100PE.NFO,07/01/2020,09:18:24,123.5,123.4,150,123.95,225,1575,1076400
NIFTY30JAN2012100PE.NFO,07/01/2020,09:18:25,123.3,123.5,525,123.65,375,450,1076400
NIFTY30JAN2012100PE.NFO,07/01/2020,09:18:26,123.2,123.25,300,123.8,225,300,1076400
NIFTY30JAN2012100PE.NFO,07/01/2020,09:18:27,123.4,123.55,750,124,300,225,1076400
NIFTY30JAN2012100PE.NFO,07/01/2020,09:18:28,123.5,123.4,1200,123.85,225,375,1076400
NIFTY30JAN2012100PE.NFO,07/01/2020,09:18:29,123.4,123.5,1125,123.9,2025,150,1076400
NIFTY30JAN2012100PE.NFO,07/01/2020,09:18:30,123.9,123.6,1125,123.9,1425,600,1076400
NIFTY30JAN2012100PE.NFO,07/01/2020,09:18:31,123.6,123.7,975,123.9,1350,225,1076400
NIFTY30JAN2012100PE.NFO,07/01/2020,09:18:32,123.6,123.65,75,124,1650,2250,1076400
NIFTY30JAN2012100PE.NFO,07/01/2020,09:18:33,124,124.2,1125,124.65,225,1800,1076400
NIFTY30JAN2012100PE.NFO,07/01/2020,09:18:34,124,124.65,1125,124.95,675,0,1076400
NIFTY30JAN2012100PE.NFO,07/01/2020,09:18:35,124.8,124.45,1125,124.9,150,75,1076400
NIFTY30JAN2012100PE.NFO,07/01/2020,09:18:36,125,125,1125,125.3,225,1350,1076400
NIFTY30JAN2012100PE.NFO,07/01/2020,09:18:37,125.7,125.25,75,125.85,450,375,1076400
NIFTY30JAN2012100PE.NFO,07/01/2020,09:18:38,125.9,125.1,75,125.5,150,750,1076400
NIFTY30JAN2012100PE.NFO,07/01/2020,09:18:39,125.55,125.4,75,125.7,75,300,1076400
NIFTY30JAN2012100PE.NFO,07/01/2020,09:18:40,125.55,125.5,75,125.7,75,0,1076400
NIFTY30JAN2012100PE.NFO,07/01/2020,09:18:41,125.7,125.65,75,126.1,150,75,1076400
NIFTY30JAN2012100PE.NFO,07/01/2020,09:18:42,125.7,125.7,75,126.1,75,150,1076400
NIFTY30JAN2012100PE.NFO,07/01/2020,09:18:43,126.05,125.6,375,126.1,375,450,1076400
NIFTY30JAN2012100PE.NFO,07/01/2020,09:18:44,125.75,125.5,75,125.75,300,75,1076400
NIFTY30JAN2012100PE.NFO,07/01/2020,09:18:45,125.3,125.15,75,125.55,450,225,1076400
NIFTY30JAN2012100PE.NFO,07/01/2020,09:18:46,126.1,125.6,75,126.15,75,225,1076400
NIFTY30JAN2012100PE.NFO,07/01/2020,09:18:47,125.95,125.6,525,126.1,75,225,1076400
NIFTY30JAN2012100PE.NFO,07/01/2020,09:18:48,125.95,125.7,375,126.15,150,0,1076400
NIFTY30JAN2012100PE.NFO,07/01/2020,09:18:49,125.8,125.8,75,126.15,225,75,1076400
NIFTY30JAN2012100PE.NFO,07/01/2020,09:18:50,125.8,126,75,126.4,150,0,1076400
NIFTY30JAN2012100PE.NFO,07/01/2020,09:18:51,126.55,126.45,300,126.95,75,150,1076400
NIFTY30JAN2012100PE.NFO,07/01/2020,09:18:52,126.55,126.65,450,127.1,675,0,1076400
NIFTY30JAN2012100PE.NFO,07/01/2020,09:18:53,126.95,127.25,75,127.4,75,75,1076400
NIFTY30JAN2012100PE.NFO,07/01/2020,09:18:54,127.25,127.35,375,127.75,75,525,1076400
NIFTY30JAN2012100PE.NFO,07/01/2020,09:18:55,127.55,127.75,300,128.15,300,75,1076400
NIFTY30JAN2012100PE.NFO,07/01/2020,09:18:56,127.55,127.5,375,127.8,75,0,1076400
NIFTY30JAN2012100PE.NFO,07/01/2020,09:18:57,127.9,127.85,300,128.15,75,150,1076400
NIFTY30JAN2012100PE.NFO,07/01/2020,09:18:58,128.25,127.8,75,128.25,150,150,1076400
NIFTY30JAN2012100PE.NFO,07/01/2020,09:18:59,128.25,127.55,225,127.95,75,0,1076400
NIFTY30JAN2012100PE.NFO,07/01/2020,09:19:00,127.5,127.6,75,128.2,150,450,1076400
NIFTY30JAN2012100PE.NFO,07/01/2020,09:19:00,127.5,127.55,150,128.1,225,0,1076400
NIFTY30JAN2012100PE.NFO,07/01/2020,09:19:02,127.6,127.05,225,127.7,525,1200,1076400
NIFTY30JAN2012100PE.NFO,07/01/2020,09:19:03,127.15,127.1,150,127.65,150,1125,1076400
NIFTY30JAN2012100PE.NFO,07/01/2020,09:19:04,127.6,127.2,150,127.65,75,600,1076400
NIFTY30JAN2012100PE.NFO,07/01/2020,09:19:05,127.65,127.2,375,127.6,75,75,1076400
NIFTY30JAN2012100PE.NFO,07/01/2020,09:19:06,127.6,127.5,750,127.95,150,600,1076400
NIFTY30JAN2012100PE.NFO,07/01/2020,09:19:07,127.55,127.55,225,127.9,75,450,1076400
NIFTY30JAN2012100PE.NFO,07/01/2020,09:19:08,127.55,127.5,225,127.95,300,0,1076400
NIFTY30JAN2012100PE.NFO,07/01/2020,09:19:09,127.05,127.05,75,127.65,300,300,1076400
NIFTY30JAN2012100PE.NFO,07/01/2020,09:19:10,127.65,127.05,225,127.55,225,150,1076400
NIFTY30JAN2012100PE.NFO,07/01/2020,09:19:11,127.5,127.1,300,127.6,150,900,1076400
NIFTY30JAN2012100PE.NFO,07/01/2020,09:19:12,127.5,126.75,225,127.25,600,0,1076400
NIFTY30JAN2012100PE.NFO,07/01/2020,09:19:13,127.35,126.75,75,127.4,750,225,1076400
NIFTY30JAN2012100PE.NFO,07/01/2020,09:19:14,127.3,127.15,150,127.7,75,600,1076400
NIFTY30JAN2012100PE.NFO,07/01/2020,09:19:15,127.1,127.1,75,127.35,75,150,1076400
NIFTY30JAN2012100PE.NFO,07/01/2020,09:19:16,126.8,126.85,75,127.2,75,675,1076400
NIFTY30JAN2012100PE.NFO,07/01/2020,09:19:17,127.2,126.75,450,127.2,150,150,1076400
NIFTY30JAN2012100PE.NFO,07/01/2020,09:19:18,126.65,126.6,75,127.1,450,150,1076400
NIFTY30JAN2012100PE.NFO,07/01/2020,09:19:19,126.95,126.6,75,127.05,150,300,1076400
NIFTY30JAN2012100PE.NFO,07/01/2020,09:19:20,126.2,126.05,75,126.5,75,600,1076400
NIFTY30JAN2012100PE.NFO,07/01/2020,09:19:21,126,125.95,75,126.4,150,300,1076400
NIFTY30JAN2012100PE.NFO,07/01/2020,09:19:22,126.15,125.55,150,125.9,150,150,1076400
NIFTY30JAN2012100PE.NFO,07/01/2020,09:19:23,125.85,125.6,150,125.95,450,150,1076400
NIFTY30JAN2012100PE.NFO,07/01/2020,09:19:24,126.2,125.7,225,126.1,150,1200,1076400
NIFTY30JAN2012100PE.NFO,07/01/2020,09:19:25,125.65,125.6,75,126.1,75,450,1076400
NIFTY30JAN2012100PE.NFO,07/01/2020,09:19:26,125.65,125.6,150,126.1,75,0,1076400
NIFTY30JAN2012100PE.NFO,07/01/2020,09:19:27,125.65,125.35,75,126,525,0,1076400
NIFTY30JAN2012100PE.NFO,07/01/2020,09:19:28,125.65,125.65,75,126.1,300,0,1076400
NIFTY30JAN2012100PE.NFO,07/01/2020,09:19:29,126.05,126.05,75,126.5,150,375,1076400
NIFTY30JAN2012100PE.NFO,07/01/2020,09:19:30,125.95,126,75,126.5,75,375,1076400
NIFTY30JAN2012100PE.NFO,07/01/2020,09:19:31,126.3,126.3,75,126.8,150,525,1076400
NIFTY30JAN2012100PE.NFO,07/01/2020,09:19:32,126.2,126.3,450,126.7,75,3375,1076400
NIFTY30JAN2012100PE.NFO,07/01/2020,09:19:33,126.5,126.55,225,127.15,525,300,1076400
NIFTY30JAN2012100PE.NFO,07/01/2020,09:19:34,127.25,126.85,375,127.35,675,825,1076400
NIFTY30JAN2012100PE.NFO,07/01/2020,09:19:35,127.2,127.1,150,127.35,675,1275,1076400
NIFTY30JAN2012100PE.NFO,07/01/2020,09:19:36,127.2,127.3,600,127.75,150,4650,1076400
NIFTY30JAN2012100PE.NFO,07/01/2020,09:19:37,127.4,127.35,450,127.75,75,150,1076400
NIFTY30JAN2012100PE.NFO,07/01/2020,09:19:38,127.35,127.25,1200,127.75,75,1200,1076400
NIFTY30JAN2012100PE.NFO,07/01/2020,09:19:39,127.35,127.15,75,127.55,450,0,1076400
NIFTY30JAN2012100PE.NFO,07/01/2020,09:19:40,127.55,127.25,150,127.7,150,975,1076400
NIFTY30JAN2012100PE.NFO,07/01/2020,09:19:41,127.55,127.1,225,127.6,150,600,1076400
NIFTY30JAN2012100PE.NFO,07/01/2020,09:19:42,126.95,126.9,300,127.4,225,1125,1076400
NIFTY30JAN2012100PE.NFO,07/01/2020,09:19:43,127.15,126.9,375,127.35,75,375,1076400
NIFTY30JAN2012100PE.NFO,07/01/2020,09:19:44,126.9,126.9,225,127.4,75,150,1076400
NIFTY30JAN2012100PE.NFO,07/01/2020,09:19:45,126.8,126.75,225,127.2,150,75,1076400
NIFTY30JAN2012100PE.NFO,07/01/2020,09:19:46,126.5,126.45,300,126.8,525,375,1076400
NIFTY30JAN2012100PE.NFO,07/01/2020,09:19:47,126.8,126.55,75,126.9,225,525,1076400
NIFTY30JAN2012100PE.NFO,07/01/2020,09:19:48,126.8,126.65,225,127,600,0,1076400
NIFTY30JAN2012100PE.NFO,07/01/2020,09:19:49,127,126.8,1200,127.25,225,900,1076400
NIFTY30JAN2012100PE.NFO,07/01/2020,09:19:50,127,126.7,150,127.3,600,0,1076400
NIFTY30JAN2012100PE.NFO,07/01/2020,09:19:51,126.85,126.8,75,127.2,150,75,1076400
NIFTY30JAN2012100PE.NFO,07/01/2020,09:19:52,126.85,127,900,127.25,225,150,1076400
NIFTY30JAN2012100PE.NFO,07/01/2020,09:19:53,126.5,126.5,825,126.85,75,1425,1076400
NIFTY30JAN2012100PE.NFO,07/01/2020,09:19:54,126.95,126.6,150,127,75,225,1076400
NIFTY30JAN2012100PE.NFO,07/01/2020,09:19:55,126.6,126.85,75,127.3,450,150,1076400
NIFTY30JAN2012100PE.NFO,07/01/2020,09:19:56,127,127,2700,127.45,225,300,1076400
NIFTY30JAN2012100PE.NFO,07/01/2020,09:19:57,127,127.05,450,127.45,225,0,1076400
NIFTY30JAN2012100PE.NFO,07/01/2020,09:19:58,127.25,127.3,225,127.6,75,5175,1076400
NIFTY30JAN2012100PE.NFO,07/01/2020,09:19:59,127.15,127.1,75,127.55,450,975,1076400
NIFTY30JAN2012100PE.NFO,07/01/2020,09:20:00,126.5,126.55,75,127.05,75,3375,1076400
NIFTY30JAN2012100PE.NFO,07/01/2020,09:20:01,126.5,126.25,150,126.6,75,750,1076400
NIFTY30JAN2012100PE.NFO,07/01/2020,09:20:02,125.9,125.95,450,126.3,150,2325,1076400
NIFTY30JAN2012100PE.NFO,07/01/2020,09:20:03,125.25,125.25,450,125.9,150,4425,1076400
NIFTY30JAN2012100PE.NFO,07/01/2020,09:20:04,125.2,125.25,75,125.8,375,750,1076400
NIFTY30JAN2012100PE.NFO,07/01/2020,09:20:05,125.2,125.15,75,125.55,150,75,1076400
NIFTY30JAN2012100PE.NFO,07/01/2020,09:20:06,125.1,125.05,75,125.65,150,975,1076400
NIFTY30JAN2012100PE.NFO,07/01/2020,09:20:07,125.1,125,825,125.45,450,0,1076400
NIFTY30JAN2012100PE.NFO,07/01/2020,09:20:08,125,125,525,125.45,75,300,1076400
NIFTY30JAN2012100PE.NFO,07/01/2020,09:20:09,125.05,125.05,375,125.45,75,450,1076400
NIFTY30JAN2012100PE.NFO,07/01/2020,09:20:10,125,125,375,125.4,75,75,1076400
NIFTY30JAN2012100PE.NFO,07/01/2020,09:20:11,125.1,124.85,75,125.45,150,1125,1105875
NIFTY30JAN2012100PE.NFO,07/01/2020,09:20:12,125.1,124.75,150,125.2,75,0,1105875
NIFTY30JAN2012100PE.NFO,07/01/2020,09:20:13,125.7,125.15,75,125.75,225,1575,1105875
NIFTY30JAN2012100PE.NFO,07/01/2020,09:20:14,125.35,125,2475,125.4,450,225,1105875
NIFTY30JAN2012100PE.NFO,07/01/2020,09:20:15,124.9,124.9,150,125.35,75,4500,1105875
NIFTY30JAN2012100PE.NFO,07/01/2020,09:20:16,125.4,124.85,225,125.45,300,75,1105875
NIFTY30JAN2012100PE.NFO,07/01/2020,09:20:17,125.4,124.8,225,125.3,75,0,1105875
NIFTY30JAN2012100PE.NFO,07/01/2020,09:20:18,125.4,125,150,125.35,75,0,1105875
NIFTY30JAN2012100PE.NFO,07/01/2020,09:20:19,125,125,75,125.35,75,750,1105875
NIFTY30JAN2012100PE.NFO,07/01/2020,09:20:20,124.8,124.9,75,125.3,75,2400,1105875
NIFTY30JAN2012100PE.NFO,07/01/2020,09:20:21,125.25,125,450,125.4,75,300,1105875
NIFTY30JAN2012100PE.NFO,07/01/2020,09:20:22,125,125,75,125.4,75,825,1105875
NIFTY30JAN2012100PE.NFO,07/01/2020,09:20:23,125.4,125.3,75,125.9,375,300,1105875
NIFTY30JAN2012100PE.NFO,07/01/2020,09:20:24,125.45,125.1,75,125.55,225,150,1105875
NIFTY30JAN2012100PE.NFO,07/01/2020,09:20:25,125.45,125.5,150,125.95,150,0,1105875
NIFTY30JAN2012100PE.NFO,07/01/2020,09:20:26,125.65,125.4,75,125.85,225,450,1105875
NIFTY30JAN2012100PE.NFO,07/01/2020,09:20:27,125.65,125.3,150,125.55,75,0,1105875
NIFTY30JAN2012100PE.NFO,07/01/2020,09:20:28,125.3,125.05,450,125.4,225,150,1105875
NIFTY30JAN2012100PE.NFO,07/01/2020,09:20:29,125.05,125.05,225,125.3,525,150,1105875
NIFTY30JAN2012100PE.NFO,07/01/2020,09:20:30,125,124.8,150,125.25,150,750,1105875
NIFTY30JAN2012100PE.NFO,07/01/2020,09:20:31,125,125,600,125.1,300,300,1105875
NIFTY30JAN2012100PE.NFO,07/01/2020,09:20:32,125,124.55,225,124.85,150,750,1105875
NIFTY30JAN2012100PE.NFO,07/01/2020,09:20:33,124.55,124.3,600,124.8,375,75,1105875
NIFTY30JAN2012100PE.NFO,07/01/2020,09:20:34,124.85,124.15,150,124.65,225,75,1105875
NIFTY30JAN2012100PE.NFO,07/01/2020,09:20:35,124.85,124.25,150,124.55,150,0,1105875
NIFTY30JAN2012100PE.NFO,07/01/2020,09:20:36,124.25,124.2,75,124.4,75,750,1105875
NIFTY30JAN2012100PE.NFO,07/01/2020,09:20:37,124.25,124.2,75,124.4,75,0,1105875
NIFTY30JAN2012100PE.NFO,07/01/2020,09:20:38,124.75,124.4,75,124.85,75,525,1105875
NIFTY30JAN2012100PE.NFO,07/01/2020,09:20:39,124.25,124.3,75,124.8,150,525,1105875
NIFTY30JAN2012100PE.NFO,07/01/2020,09:20:40,124.2,124.25,75,124.75,300,525,1105875
NIFTY30JAN2012100PE.NFO,07/01/2020,09:20:41,124.2,124.2,450,124.6,75,0,1105875
NIFTY30JAN2012100PE.NFO,07/01/2020,09:20:42,124.25,124.35,225,124.85,75,2550,1105875
NIFTY30JAN2012100PE.NFO,07/01/2020,09:20:43,124.8,124.55,75,124.9,600,75,1105875
NIFTY30JAN2012100PE.NFO,07/01/2020,09:20:44,124.5,124.3,75,124.75,150,150,1105875
NIFTY30JAN2012100PE.NFO,07/01/2020,09:20:45,124.7,124.05,75,124.5,75,75,1105875
NIFTY30JAN2012100PE.NFO,07/01/2020,09:20:46,124.05,123.85,75,124.35,225,75,1105875
NIFTY30JAN2012100PE.NFO,07/01/2020,09:20:47,124.25,123.85,150,124.35,150,75,1105875
NIFTY30JAN2012100PE.NFO,07/01/2020,09:20:48,123.9,124.05,225,124.4,75,975,1105875
NIFTY30JAN2012100PE.NFO,07/01/2020,09:20:49,124.15,123.65,225,124.05,75,75,1105875
NIFTY30JAN2012100PE.NFO,07/01/2020,09:20:50,124.15,123.55,150,123.95,375,0,1105875
NIFTY30JAN2012100PE.NFO,07/01/2020,09:20:51,123.55,123.5,150,123.8,525,75,1105875
NIFTY30JAN2012100PE.NFO,07/01/2020,09:20:52,123.25,123.35,150,123.75,450,450,1105875
NIFTY30JAN2012100PE.NFO,07/01/2020,09:20:53,123.3,123,75,123.25,450,450,1105875
NIFTY30JAN2012100PE.NFO,07/01/2020,09:20:54,122.9,122.6,450,123,150,150,1105875
NIFTY30JAN2012100PE.NFO,07/01/2020,09:20:55,122.55,122.35,150,122.8,75,825,1105875
NIFTY30JAN2012100PE.NFO,07/01/2020,09:20:56,122.65,122.6,75,123,150,225,1105875
NIFTY30JAN2012100PE.NFO,07/01/2020,09:20:57,122.5,122.4,150,122.9,375,1050,1105875
NIFTY30JAN2012100PE.NFO,07/01/2020,09:20:58,123,122.6,750,123,75,2700,1105875
NIFTY30JAN2012100PE.NFO,07/01/2020,09:20:59,122.85,122.65,300,123.15,75,525,1105875
NIFTY30JAN2012100PE.NFO,07/01/2020,09:21:00,123,122.55,150,122.95,75,300,1105875
NIFTY30JAN2012100PE.NFO,07/01/2020,09:21:01,122.85,123,150,123.65,75,150,1105875
NIFTY30JAN2012100PE.NFO,07/01/2020,09:21:02,123.4,123.4,75,123.75,375,450,1105875
NIFTY30JAN2012100PE.NFO,07/01/2020,09:21:03,123.4,123.45,75,123.95,225,0,1105875
NIFTY30JAN2012100PE.NFO,07/01/2020,09:21:04,123.65,123.7,600,124,375,300,1105875
NIFTY30JAN2012100PE.NFO,07/01/2020,09:21:05,124,123.85,150,124.35,75,375,1105875
NIFTY30JAN2012100PE.NFO,07/01/2020,09:21:06,124,124.05,150,124.5,75,600,1105875
NIFTY30JAN2012100PE.NFO,07/01/2020,09:21:07,124,124.05,300,124.5,300,0,1105875
NIFTY30JAN2012100PE.NFO,07/01/2020,09:21:08,124.05,124.05,75,124.45,225,300,1105875
NIFTY30JAN2012100PE.NFO,07/01/2020,09:21:09,123.85,123.5,225,123.9,150,2550,1105875
NIFTY30JAN2012100PE.NFO,07/01/2020,09:21:10,123.85,123.1,75,123.5,225,0,1105875
NIFTY30JAN2012100PE.NFO,07/01/2020,09:21:11,123.35,122.75,75,123.25,450,300,1105875
NIFTY30JAN2012100PE.NFO,07/01/2020,09:21:12,123,122.5,75,122.7,300,825,1105875
NIFTY30JAN2012100PE.NFO,07/01/2020,09:21:13,122.45,122.3,150,122.75,150,900,1105875
NIFTY30JAN2012100PE.NFO,07/01/2020,09:21:14,122.75,122.2,150,122.65,225,75,1105875
NIFTY30JAN2012100PE.NFO,07/01/2020,09:21:15,122.05,122.1,525,122.55,75,975,1105875
NIFTY30JAN2012100PE.NFO,07/01/2020,09:21:16,122.25,122.05,150,122.3,150,225,1105875
NIFTY30JAN2012100PE.NFO,07/01/2020,09:21:17,122.1,122.05,75,122.35,150,225,1105875
NIFTY30JAN2012100PE.NFO,07/01/2020,09:21:18,122.35,122,150,122.4,150,225,1105875
NIFTY30JAN2012100PE.NFO,07/01/2020,09:21:19,122.45,122.15,75,122.6,150,75,1105875
NIFTY30JAN2012100PE.NFO,07/01/2020,09:21:20,122.45,122.25,75,122.7,75,0,1105875
NIFTY30JAN2012100PE.NFO,07/01/2020,09:21:21,122.35,122.35,75,122.8,150,225,1105875
NIFTY30JAN2012100PE.NFO,07/01/2020,09:21:22,122.9,122.55,225,123.05,225,75,1105875
NIFTY30JAN2012100PE.NFO,07/01/2020,09:21:23,122.9,122.9,75,123.35,225,0,1105875
NIFTY30JAN2012100PE.NFO,07/01/2020,09:21:24,123.35,122.95,300,123.45,225,225,1105875
NIFTY30JAN2012100PE.NFO,07/01/2020,09:21:25,123.35,123.05,300,123.45,75,0,1105875
NIFTY30JAN2012100PE.NFO,07/01/2020,09:21:27,123.35,123.1,225,123.55,75,0,1105875
NIFTY30JAN2012100PE.NFO,07/01/2020,09:21:28,123.2,123,225,123.5,75,300,1105875
NIFTY30JAN2012100PE.NFO,07/01/2020,09:21:29,123,122.9,150,123.3,75,150,1105875
NIFTY30JAN2012100PE.NFO,07/01/2020,09:21:30,122.85,122.85,600,123.35,75,450,1105875
NIFTY30JAN2012100PE.NFO,07/01/2020,09:21:31,123.55,123.4,75,123.85,450,975,1105875
NIFTY30JAN2012100PE.NFO,07/01/2020,09:21:32,124,123.45,150,123.95,75,300,1105875
NIFTY30JAN2012100PE.NFO,07/01/2020,09:21:33,123.65,123.9,75,124.2,75,75,1105875
NIFTY30JAN2012100PE.NFO,07/01/2020,09:21:34,124.25,123.9,75,124.25,75,75,1105875
NIFTY30JAN2012100PE.NFO,07/01/2020,09:21:35,124.4,123.85,450,124.35,375,525,1105875
NIFTY30JAN2012100PE.NFO,07/01/2020,09:21:36,124.35,123.85,75,124.25,75,375,1105875
NIFTY30JAN2012100PE.NFO,07/01/2020,09:21:37,124.35,124,75,124.35,150,0,1105875
NIFTY30JAN2012100PE.NFO,07/01/2020,09:21:38,124.35,123.85,75,124.25,150,0,1105875
NIFTY30JAN2012100PE.NFO,07/01/2020,09:21:39,124.3,124.05,75,124.45,75,300,1105875
NIFTY30JAN2012100PE.NFO,07/01/2020,09:21:40,124,123.6,150,124.15,600,150,1105875
NIFTY30JAN2012100PE.NFO,07/01/2020,09:21:41,123.65,123.55,150,124,75,900,1105875
NIFTY30JAN2012100PE.NFO,07/01/2020,09:21:42,123.55,123.1,150,123.55,375,300,1105875
NIFTY30JAN2012100PE.NFO,07/01/2020,09:21:43,123.05,122.75,300,123.2,75,900,1105875
NIFTY30JAN2012100PE.NFO,07/01/2020,09:21:44,123,123,75,123.2,225,150,1105875
NIFTY30JAN2012100PE.NFO,07/01/2020,09:21:45,123,123,150,123.3,300,0,1105875
NIFTY30JAN2012100PE.NFO,07/01/2020,09:21:46,123,122.95,750,123.15,525,150,1105875
NIFTY30JAN2012100PE.NFO,07/01/2020,09:21:47,122.95,122.95,675,123.1,75,75,1105875
NIFTY30JAN2012100PE.NFO,07/01/2020,09:21:48,123.1,123,75,123.35,75,75,1105875
NIFTY30JAN2012100PE.NFO,07/01/2020,09:21:49,122.95,122.95,600,123.25,75,375,1105875
NIFTY30JAN2012100PE.NFO,07/01/2020,09:21:50,122.9,122.75,150,123.15,150,825,1105875
NIFTY30JAN2012100PE.NFO,07/01/2020,09:21:51,122.65,122.5,450,122.9,525,300,1105875
NIFTY30JAN2012100PE.NFO,07/01/2020,09:21:52,123.1,122.75,225,123.15,150,150,1105875
NIFTY30JAN2012100PE.NFO,07/01/2020,09:21:53,123.15,122.75,450,123.2,525,75,1105875
NIFTY30JAN2012100PE.NFO,07/01/2020,09:21:54,123.1,123,750,123.2,300,375,1105875
NIFTY30JAN2012100PE.NFO,07/01/2020,09:21:55,122.9,122.9,225,123.2,300,2775,1105875
NIFTY30JAN2012100PE.NFO,07/01/2020,09:21:56,123.15,122.95,225,123.2,300,75,1105875
NIFTY30JAN2012100PE.NFO,07/01/2020,09:21:57,123.05,122.65,150,123.1,150,525,1105875
NIFTY30JAN2012100PE.NFO,07/01/2020,09:21:58,123.05,122.4,75,122.8,150,0,1105875
NIFTY30JAN2012100PE.NFO,07/01/2020,09:21:59,123.05,122.4,375,122.85,150,0,1105875
NIFTY30JAN2012100PE.NFO,07/01/2020,09:22:00,123.05,122.4,300,122.85,150,0,1105875
NIFTY30JAN2012100PE.NFO,07/01/2020,09:22:01,122.4,122.1,75,122.5,75,1275,1105875
NIFTY30JAN2012100PE.NFO,07/01/2020,09:22:02,122.1,122.15,225,122.65,150,225,1105875
NIFTY30JAN2012100PE.NFO,07/01/2020,09:22:03,122.1,122.05,675,122.45,75,0,1105875
NIFTY30JAN2012100PE.NFO,07/01/2020,09:22:04,121.1,120.95,450,121.7,150,2475,1105875
NIFTY30JAN2012100PE.NFO,07/01/2020,09:22:05,120.55,120.6,75,120.95,150,900,1105875
NIFTY30JAN2012100PE.NFO,07/01/2020,09:22:06,120.75,120.5,150,120.95,300,1275,1105875
NIFTY30JAN2012100PE.NFO,07/01/2020,09:22:07,120.75,120.4,75,120.8,75,0,1105875
NIFTY30JAN2012100PE.NFO,07/01/2020,09:22:08,120.95,120.5,150,121,375,900,1105875
NIFTY30JAN2012100PE.NFO,07/01/2020,09:22:09,120.75,120.65,450,121,150,150,1105875
NIFTY30JAN2012100PE.NFO,07/01/2020,09:22:10,121.2,121.15,375,121.55,75,1050,1105875
NIFTY30JAN2012100PE.NFO,07/01/2020,09:22:11,121.4,121.25,75,121.7,300,150,1105875
NIFTY30JAN2012100PE.NFO,07/01/2020,09:22:12,121.4,121.2,225,121.55,225,0,1105875
NIFTY30JAN2012100PE.NFO,07/01/2020,09:22:13,121.55,121.5,75,121.95,150,225,1105875
NIFTY30JAN2012100PE.NFO,07/01/2020,09:22:14,121.55,121.5,75,121.9,75,0,1105875
NIFTY30JAN2012100PE.NFO,07/01/2020,09:22:15,121.6,121.55,75,121.85,75,225,1105875
NIFTY30JAN2012100PE.NFO,07/01/2020,09:22:16,121.25,120.85,300,121.15,150,225,1105875
NIFTY30JAN2012100PE.NFO,07/01/2020,09:22:17,120.75,120.6,75,121.05,150,2025,1105875
NIFTY30JAN2012100PE.NFO,07/01/2020,09:22:18,120.15,120.1,75,120.4,75,225,1105875
NIFTY30JAN2012100PE.NFO,07/01/2020,09:22:19,120.2,120.05,75,120.45,525,1500,1105875
NIFTY30JAN2012100PE.NFO,07/01/2020,09:22:20,120.65,120.25,150,120.65,75,300,1105875
NIFTY30JAN2012100PE.NFO,07/01/2020,09:22:21,120.65,120.15,75,120.55,75,0,1105875
NIFTY30JAN2012100PE.NFO,07/01/2020,09:22:22,120.85,120.55,75,120.85,75,375,1105875
NIFTY30JAN2012100PE.NFO,07/01/2020,09:22:23,120.25,120.2,225,120.6,300,225,1105875
NIFTY30JAN2012100PE.NFO,07/01/2020,09:22:24,120.2,120.1,75,120.4,225,75,1105875
NIFTY30JAN2012100PE.NFO,07/01/2020,09:22:25,120,120,2625,120.25,150,1500,1105875
NIFTY30JAN2012100PE.NFO,07/01/2020,09:22:26,120,119.65,75,120.05,75,2925,1105875
NIFTY30JAN2012100PE.NFO,07/01/2020,09:22:26,119.65,119.65,75,120.05,75,0,1105875
NIFTY30JAN2012100PE.NFO,07/01/2020,09:22:27,120,119.65,75,120.1,375,0,1105875
NIFTY30JAN2012100PE.NFO,07/01/2020,09:22:28,120.15,120.15,75,120.4,300,150,1105875
NIFTY30JAN2012100PE.NFO,07/01/2020,09:22:29,120.4,120.15,75,120.4,150,75,1105875
NIFTY30JAN2012100PE.NFO,07/01/2020,09:22:30,120.4,120.4,75,120.85,525,300,1105875
NIFTY30JAN2012100PE.NFO,07/01/2020,09:22:31,120.85,120.5,450,120.9,225,150,1105875
NIFTY30JAN2012100PE.NFO,07/01/2020,09:22:32,120.5,120.5,300,120.95,150,1125,1105875
NIFTY30JAN2012100PE.NFO,07/01/2020,09:22:33,120.9,120.55,300,120.9,75,150,1105875
NIFTY30JAN2012100PE.NFO,07/01/2020,09:22:34,120.95,120.5,300,121.05,75,450,1105875
NIFTY30JAN2012100PE.NFO,07/01/2020,09:22:35,120.95,120.7,150,121.15,75,0,1105875
NIFTY30JAN2012100PE.NFO,07/01/2020,09:22:36,120.95,120.75,225,121.15,300,0,1105875
NIFTY30JAN2012100PE.NFO,07/01/2020,09:22:37,120.65,120.65,150,120.9,75,300,1105875
NIFTY30JAN2012100PE.NFO,07/01/2020,09:22:38,120.65,120.15,75,120.7,300,1275,1105875
NIFTY30JAN2012100PE.NFO,07/01/2020,09:22:39,121,120.5,525,120.9,225,3225,1105875
NIFTY30JAN2012100PE.NFO,07/01/2020,09:22:40,120.8,120.8,525,121.1,75,150,1105875
NIFTY30JAN2012100PE.NFO,07/01/2020,09:22:41,120.8,120.85,450,121.25,450,525,1105875
NIFTY30JAN2012100PE.NFO,07/01/2020,09:22:42,120.85,120.85,150,121.15,75,75,1105875
NIFTY30JAN2012100PE.NFO,07/01/2020,09:22:43,120.8,120.85,600,121.2,75,225,1105875
NIFTY30JAN2012100PE.NFO,07/01/2020,09:22:44,121,121,150,121.4,150,450,1105875
NIFTY30JAN2012100PE.NFO,07/01/2020,09:22:45,121.35,120.9,300,121.3,300,3150,1105875
NIFTY30JAN2012100PE.NFO,07/01/2020,09:22:46,121.35,121.05,75,121.35,75,0,1105875
NIFTY30JAN2012100PE.NFO,07/01/2020,09:22:47,121.3,121.3,150,121.6,300,300,1105875
NIFTY30JAN2012100PE.NFO,07/01/2020,09:22:48,121.6,121.2,225,121.6,150,375,1105875
NIFTY30JAN2012100PE.NFO,07/01/2020,09:22:49,121.25,121.05,75,121.3,225,75,1105875
NIFTY30JAN2012100PE.NFO,07/01/2020,09:22:50,121.4,120.9,75,121.3,75,150,1105875
NIFTY30JAN2012100PE.NFO,07/01/2020,09:22:51,121.35,120.8,150,121.3,75,150,1105875
NIFTY30JAN2012100PE.NFO,07/01/2020,09:22:52,120.85,120.5,225,120.95,525,75,1105875
NIFTY30JAN2012100PE.NFO,07/01/2020,09:22:53,121.15,120.7,75,121,75,300,1105875
NIFTY30JAN2012100PE.NFO,07/01/2020,09:22:54,121.15,120.45,225,120.85,225,0,1105875
NIFTY30JAN2012100PE.NFO,07/01/2020,09:22:55,120.3,120.25,150,120.75,150,1200,1105875
NIFTY30JAN2012100PE.NFO,07/01/2020,09:22:56,120.45,120.35,450,120.75,75,300,1105875
NIFTY30JAN2012100PE.NFO,07/01/2020,09:22:57,120.8,120.4,75,120.85,525,150,1105875
NIFTY30JAN2012100PE.NFO,07/01/2020,09:22:58,120.85,120.55,150,120.85,675,600,1105875
NIFTY30JAN2012100PE.NFO,07/01/2020,09:22:59,120.85,120.55,150,120.9,75,300,1105875
NIFTY30JAN2012100PE.NFO,07/01/2020,09:23:00,120.85,120.65,75,120.95,300,0,1105875
NIFTY30JAN2012100PE.NFO,07/01/2020,09:23:01,120.65,120.55,150,120.8,75,300,1105875
NIFTY30JAN2012100PE.NFO,07/01/2020,09:23:02,120.65,120.6,75,120.85,75,0,1105875
NIFTY30JAN2012100PE.NFO,07/01/2020,09:23:03,120.95,120.6,75,120.9,75,225,1105875
NIFTY30JAN2012100PE.NFO,07/01/2020,09:23:04,120.85,120.8,150,121.1,225,300,1105875
NIFTY30JAN2012100PE.NFO,07/01/2020,09:23:05,120.85,120.85,75,121.3,225,0,1105875
NIFTY30JAN2012100PE.NFO,07/01/2020,09:23:06,121,121,1725,121.15,225,1275,1105875
NIFTY30JAN2012100PE.NFO,07/01/2020,09:23:07,121,121,1725,121.25,225,0,1105875
NIFTY30JAN2012100PE.NFO,07/01/2020,09:23:08,121,121,1875,121.35,1125,0,1105875
NIFTY30JAN2012100PE.NFO,07/01/2020,09:23:09,121.35,121.15,75,121.5,225,900,1105875
NIFTY30JAN2012100PE.NFO,07/01/2020,09:23:10,121.2,121.15,300,121.5,150,225,1105875
NIFTY30JAN2012100PE.NFO,07/01/2020,09:23:11,121.65,121.45,75,121.8,75,375,1118400
NIFTY30JAN2012100PE.NFO,07/01/2020,09:23:12,121.8,121.2,75,121.7,75,525,1118400
NIFTY30JAN2012100PE.NFO,07/01/2020,09:23:13,121.7,121.45,75,121.7,75,375,1118400
NIFTY30JAN2012100PE.NFO,07/01/2020,09:23:14,121.5,121.25,75,121.5,1350,225,1118400
NIFTY30JAN2012100PE.NFO,07/01/2020,09:23:15,121.9,121.45,75,121.85,150,1875,1118400
NIFTY30JAN2012100PE.NFO,07/01/2020,09:23:16,122,121.55,75,122.05,75,1350,1118400
NIFTY30JAN2012100PE.NFO,07/01/2020,09:23:17,122.3,122,75,122.3,225,1200,1118400
NIFTY30JAN2012100PE.NFO,07/01/2020,09:23:18,122.3,121.95,300,122.35,150,900,1118400
NIFTY30JAN2012100PE.NFO,07/01/2020,09:23:19,122.15,121.6,300,122.1,375,225,1118400
NIFTY30JAN2012100PE.NFO,07/01/2020,09:23:20,122.1,121.35,375,121.85,225,75,1118400
NIFTY30JAN2012100PE.NFO,07/01/2020,09:23:21,121.75,121.4,75,121.8,375,150,1118400
NIFTY30JAN2012100PE.NFO,07/01/2020,09:23:22,121.25,121.35,75,121.85,450,300,1118400
NIFTY30JAN2012100PE.NFO,07/01/2020,09:23:23,121.3,121.35,150,121.75,900,150,1118400
NIFTY30JAN2012100PE.NFO,07/01/2020,09:23:24,121.3,121.2,75,121.45,75,0,1118400
NIFTY30JAN2012100PE.NFO,07/01/2020,09:23:25,121.65,121.2,150,121.6,450,75,1118400
NIFTY30JAN2012100PE.NFO,07/01/2020,09:23:26,121.65,121.2,75,121.55,300,0,1118400
NIFTY30JAN2012100PE.NFO,07/01/2020,09:23:27,121.55,121.55,375,121.75,825,75,1118400
NIFTY30JAN2012100PE.NFO,07/01/2020,09:23:28,121.6,121.6,225,121.9,150,1500,1118400
NIFTY30JAN2012100PE.NFO,07/01/2020,09:23:29,121.6,121.55,600,122,375,225,1118400
NIFTY30JAN2012100PE.NFO,07/01/2020,09:23:30,121.85,121.25,150,121.65,525,1050,1118400
NIFTY30JAN2012100PE.NFO,07/01/2020,09:23:31,121.85,121.5,75,121.9,300,0,1118400
NIFTY30JAN2012100PE.NFO,07/01/2020,09:23:32,121.85,121.5,75,121.9,525,0,1118400
NIFTY30JAN2012100PE.NFO,07/01/2020,09:23:33,121.85,121.55,75,121.8,225,0,1118400
NIFTY30JAN2012100PE.NFO,07/01/2020,09:23:34,121.85,121.6,75,121.95,525,0,1118400
NIFTY30JAN2012100PE.NFO,07/01/2020,09:23:35,121.65,121.6,75,121.9,150,75,1118400
NIFTY30JAN2012100PE.NFO,07/01/2020,09:23:36,121.65,121.4,75,121.8,225,0,1118400
NIFTY30JAN2012100PE.NFO,07/01/2020,09:23:37,121.65,121.35,150,121.75,300,0,1118400
NIFTY30JAN2012100PE.NFO,07/01/2020,09:23:38,121.75,121.4,75,121.75,75,150,1118400
NIFTY30JAN2012100PE.NFO,07/01/2020,09:23:39,121.45,121.55,300,122,300,525,1118400
NIFTY30JAN2012100PE.NFO,07/01/2020,09:23:40,121.7,121.7,525,122,300,150,1118400
NIFTY30JAN2012100PE.NFO,07/01/2020,09:23:41,121.7,121.75,75,122,300,0,1118400
NIFTY30JAN2012100PE.NFO,07/01/2020,09:23:42,121.8,121.8,225,122.2,75,450,1118400
NIFTY30JAN2012100PE.NFO,07/01/2020,09:23:43,121.8,121.85,300,122.35,525,0,1118400
NIFTY30JAN2012100PE.NFO,07/01/2020,09:23:44,121.8,121.85,225,122.3,150,0,1118400
NIFTY30JAN2012100PE.NFO,07/01/2020,09:23:45,122.45,121.9,150,122.4,75,450,1118400
NIFTY30JAN2012100PE.NFO,07/01/2020,09:23:46,122.25,121.8,225,122.25,225,375,1118400
NIFTY30JAN2012100PE.NFO,07/01/2020,09:23:47,122.25,121.85,150,122.3,75,0,1118400
NIFTY30JAN2012100PE.NFO,07/01/2020,09:23:48,121.8,121.55,75,121.95,375,75,1118400
NIFTY30JAN2012100PE.NFO,07/01/2020,09:23:49,121.55,121.5,1200,121.85,75,75,1118400
NIFTY30JAN2012100PE.NFO,07/01/2020,09:23:50,121.5,121.5,975,121.8,450,150,1118400
NIFTY30JAN2012100PE.NFO,07/01/2020,09:23:51,121.75,121.5,1050,121.75,300,75,1118400
NIFTY30JAN2012100PE.NFO,07/01/2020,09:23:52,121.5,121.25,2625,121.55,225,1125,1118400
NIFTY30JAN2012100PE.NFO,07/01/2020,09:23:53,121.5,121.25,2400,121.45,450,0,1118400
NIFTY30JAN2012100PE.NFO,07/01/2020,09:23:54,121.5,121.25,2475,121.5,450,0,1118400
NIFTY30JAN2012100PE.NFO,07/01/2020,09:23:55,121.25,121.25,2250,121.45,450,3300,1118400
NIFTY30JAN2012100PE.NFO,07/01/2020,09:23:56,121.25,121.25,300,121.4,75,1950,1118400
NIFTY30JAN2012100PE.NFO,07/01/2020,09:23:57,121.25,121.1,225,121.3,75,300,1118400
NIFTY30JAN2012100PE.NFO,07/01/2020,09:23:58,121.15,121,1725,121.1,75,150,1118400
NIFTY30JAN2012100PE.NFO,07/01/2020,09:23:59,121,121,225,121.2,75,1575,1118400
NIFTY30JAN2012100PE.NFO,07/01/2020,09:24:00,121,121,225,121.2,300,0,1118400
NIFTY30JAN2012100PE.NFO,07/01/2020,09:24:01,121,120.85,75,121.2,375,1500,1118400
NIFTY30JAN2012100PE.NFO,07/01/2020,09:24:02,121,120.75,75,121.1,75,0,1118400
NIFTY30JAN2012100PE.NFO,07/01/2020,09:24:03,120.8,120.75,450,121.3,1425,1050,1118400
NIFTY30JAN2012100PE.NFO,07/01/2020,09:24:04,121,121,75,121.4,75,75,1118400
NIFTY30JAN2012100PE.NFO,07/01/2020,09:24:05,121.5,121.55,525,121.9,225,225,1118400
NIFTY30JAN2012100PE.NFO,07/01/2020,09:24:06,121.3,121.25,600,121.65,75,675,1118400
NIFTY30JAN2012100PE.NFO,07/01/2020,09:24:07,121.05,121.05,600,121.5,525,75,1118400
NIFTY30JAN2012100PE.NFO,07/01/2020,09:24:08,121.05,121.2,75,121.4,75,0,1118400
NIFTY30JAN2012100PE.NFO,07/01/2020,09:24:09,121.05,121.15,75,121.6,375,0,1118400
NIFTY30JAN2012100PE.NFO,07/01/2020,09:24:10,121.05,121.35,600,121.7,225,0,1118400
NIFTY30JAN2012100PE.NFO,07/01/2020,09:24:11,121.05,121.4,75,121.8,525,0,1118400
NIFTY30JAN2012100PE.NFO,07/01/2020,09:24:13,121.8,121.7,75,122,150,225,1118400
NIFTY30JAN2012100PE.NFO,07/01/2020,09:24:14,121.45,121.4,150,121.95,375,375,1118400
NIFTY30JAN2012100PE.NFO,07/01/2020,09:24:15,121.95,121.6,150,122.05,375,75,1118400
NIFTY30JAN2012100PE.NFO,07/01/2020,09:24:16,121.65,121.65,300,121.95,150,525,1118400
NIFTY30JAN2012100PE.NFO,07/01/2020,09:24:17,121.65,121.65,300,122,150,0,1118400
NIFTY30JAN2012100PE.NFO,07/01/2020,09:24:18,121.65,121.55,75,121.95,75,0,1118400
NIFTY30JAN2012100PE.NFO,07/01/2020,09:24:19,122.05,121.7,75,122.15,225,300,1118400
NIFTY30JAN2012100PE.NFO,07/01/2020,09:24:20,122.05,121.7,150,122.1,225,0,1118400
NIFTY30JAN2012100PE.NFO,07/01/2020,09:24:21,121.95,121.95,450,122.2,375,1950,1118400
NIFTY30JAN2012100PE.NFO,07/01/2020,09:24:22,121.95,121.95,450,122.2,375,0,1118400
NIFTY30JAN2012100PE.NFO,07/01/2020,09:24:23,122.2,121.95,75,122.3,450,1650,1118400
NIFTY30JAN2012100PE.NFO,07/01/2020,09:24:24,122.2,122,75,122.45,225,0,1118400
NIFTY30JAN2012100PE.NFO,07/01/2020,09:24:25,122.45,121.95,75,122.35,75,75,1118400
NIFTY30JAN2012100PE.NFO,07/01/2020,09:24:26,122.1,122.2,75,122.4,150,150,1118400
NIFTY30JAN2012100PE.NFO,07/01/2020,09:24:27,122.4,122.2,75,122.4,75,75,1118400
NIFTY30JAN2012100PE.NFO,07/01/2020,09:24:28,122.4,122.25,75,122.6,150,0,1118400
NIFTY30JAN2012100PE.NFO,07/01/2020,09:24:29,122.4,122.25,75,122.5,75,0,1118400
NIFTY30JAN2012100PE.NFO,07/01/2020,09:24:30,122.55,122.3,525,122.75,525,375,1118400
NIFTY30JAN2012100PE.NFO,07/01/2020,09:24:31,122.55,122.25,75,122.55,75,0,1118400
NIFTY30JAN2012100PE.NFO,07/01/2020,09:24:33,122.65,122.35,75,122.65,375,225,1118400
NIFTY30JAN2012100PE.NFO,07/01/2020,09:24:34,122.6,122.6,300,123,1275,675,1118400
NIFTY30JAN2012100PE.NFO,07/01/2020,09:24:35,123,122.6,375,123,900,600,1118400
NIFTY30JAN2012100PE.NFO,07/01/2020,09:24:36,122.75,122.65,75,123.05,675,975,1118400
NIFTY30JAN2012100PE.NFO,07/01/2020,09:24:37,122.75,122.65,150,123.05,675,0,1118400
NIFTY30JAN2012100PE.NFO,07/01/2020,09:24:38,122.55,122.5,450,122.95,75,150,1118400
NIFTY30JAN2012100PE.NFO,07/01/2020,09:24:39,122.95,122.65,75,123.1,450,150,1118400
NIFTY30JAN2012100PE.NFO,07/01/2020,09:24:40,122.95,122.8,150,123.15,150,0,1118400
NIFTY30JAN2012100PE.NFO,07/01/2020,09:24:41,123.15,122.65,750,123.05,225,600,1118400
NIFTY30JAN2012100PE.NFO,07/01/2020,09:24:42,123.15,122.65,825,123,75,0,1118400
NIFTY30JAN2012100PE.NFO,07/01/2020,09:24:43,122.65,122.7,675,123,75,150,1118400
NIFTY30JAN2012100PE.NFO,07/01/2020,09:24:44,122.85,122.85,300,123.25,75,450,1118400
NIFTY30JAN2012100PE.NFO,07/01/2020,09:24:45,123.3,122.95,675,123.35,75,600,1118400
NIFTY30JAN2012100PE.NFO,07/01/2020,09:24:46,123.4,123,150,123.4,225,150,1118400
NIFTY30JAN2012100PE.NFO,07/01/2020,09:24:47,123.4,123,150,123.4,75,0,1118400
NIFTY30JAN2012100PE.NFO,07/01/2020,09:24:48,123,123,75,123.45,75,75,1118400
NIFTY30JAN2012100PE.NFO,07/01/2020,09:24:49,123,123,75,123.3,150,0,1118400
NIFTY30JAN2012100PE.NFO,07/01/2020,09:24:50,123.35,122.85,600,123.3,75,225,1118400
NIFTY30JAN2012100PE.NFO,07/01/2020,09:24:51,123.3,123.05,150,123.35,525,150,1118400
NIFTY30JAN2012100PE.NFO,07/01/2020,09:24:52,123.05,123,75,123.35,525,75,1118400
NIFTY30JAN2012100PE.NFO,07/01/2020,09:24:53,123.5,123,75,123.4,75,300,1118400
NIFTY30JAN2012100PE.NFO,07/01/2020,09:24:54,123.4,123.1,450,123.65,150,675,1118400
NIFTY30JAN2012100PE.NFO,07/01/2020,09:24:55,123.4,123.1,75,123.4,75,0,1118400
NIFTY30JAN2012100PE.NFO,07/01/2020,09:24:56,123.4,123.15,225,123.45,75,0,1118400
NIFTY30JAN2012100PE.NFO,07/01/2020,09:24:58,123.55,123.15,225,123.6,150,5100,1118400
NIFTY30JAN2012100PE.NFO,07/01/2020,09:24:59,123.9,123.35,300,123.75,75,525,1118400
NIFTY30JAN2012100PE.NFO,07/01/2020,09:25:00,123.65,123.65,4200,123.9,375,450,1118400
NIFTY30JAN2012100PE.NFO,07/01/2020,09:25:01,123.65,123.15,75,123.55,450,4200,1118400
NIFTY30JAN2012100PE.NFO,07/01/2020,09:25:02,123.65,123.1,75,123.45,450,0,1118400
NIFTY30JAN2012100PE.NFO,07/01/2020,09:25:03,123,123,2400,123.25,300,225,1118400
NIFTY30JAN2012100PE.NFO,07/01/2020,09:25:04,123,123,2100,123.15,450,300,1118400
NIFTY30JAN2012100PE.NFO,07/01/2020,09:25:05,122.85,122.85,375,123.15,375,2325,1118400
NIFTY30JAN2012100PE.NFO,07/01/2020,09:25:06,123.2,122.85,300,123.15,75,150,1118400
NIFTY30JAN2012100PE.NFO,07/01/2020,09:25:07,123.2,122.85,300,122.95,75,0,1118400
NIFTY30JAN2012100PE.NFO,07/01/2020,09:25:08,122.85,122.85,225,123.15,1125,375,1118400
NIFTY30JAN2012100PE.NFO,07/01/2020,09:25:09,123,123.1,75,123.55,1350,825,1118400
NIFTY30JAN2012100PE.NFO,07/01/2020,09:25:10,123.5,123.15,150,123.5,225,75,1118400
NIFTY30JAN2012100PE.NFO,07/01/2020,09:25:11,123.5,123.2,75,123.45,225,0,1118400
NIFTY30JAN2012100PE.NFO,07/01/2020,09:25:12,123.15,123.1,525,123.45,1500,150,1118400
NIFTY30JAN2012100PE.NFO,07/01/2020,09:25:13,123.15,123.1,525,123.45,1500,0,1118400
NIFTY30JAN2012100PE.NFO,07/01/2020,09:25:14,123.15,123.15,75,123.45,1350,0,1118400
NIFTY30JAN2012100PE.NFO,07/01/2020,09:25:15,123.45,123.3,600,123.7,1125,450,1118400
NIFTY30JAN2012100PE.NFO,07/01/2020,09:25:16,123.45,123.45,225,123.7,1350,300,1118400
NIFTY30JAN2012100PE.NFO,07/01/2020,09:25:17,123.75,123.45,450,123.85,300,525,1118400
NIFTY30JAN2012100PE.NFO,07/01/2020,09:25:18,123.6,123.4,450,123.8,675,225,1118400
NIFTY30JAN2012100PE.NFO,07/01/2020,09:25:19,123.5,123.35,75,123.65,975,450,1118400
NIFTY30JAN2012100PE.NFO,07/01/2020,09:25:20,123.5,123.4,450,123.65,225,0,1118400
NIFTY30JAN2012100PE.NFO,07/01/2020,09:25:21,123.4,123.35,75,123.65,225,150,1118400
NIFTY30JAN2012100PE.NFO,07/01/2020,09:25:22,123.35,123.2,300,123.55,225,75,1118400
NIFTY30JAN2012100PE.NFO,07/01/2020,09:25:23,123.35,123.15,525,123.45,75,300,1118400
NIFTY30JAN2012100PE.NFO,07/01/2020,09:25:24,123.15,123.05,75,123.35,225,975,1118400
NIFTY30JAN2012100PE.NFO,07/01/2020,09:25:25,123.15,123.1,75,123.5,225,0,1118400
NIFTY30JAN2012100PE.NFO,07/01/2020,09:25:26,123.5,123.2,75,123.5,150,75,1118400
NIFTY30JAN2012100PE.NFO,07/01/2020,09:25:27,123.3,123.3,75,123.75,300,75,1118400
NIFTY30JAN2012100PE.NFO,07/01/2020,09:25:28,123.4,123.25,375,123.7,75,75,1118400
NIFTY30JAN2012100PE.NFO,07/01/2020,09:25:29,123.4,123.35,75,123.75,300,0,1118400
NIFTY30JAN2012100PE.NFO,07/01/2020,09:25:30,123.25,123.25,75,123.7,300,750,1118400
NIFTY30JAN2012100PE.NFO,07/01/2020,09:25:31,123.5,123.4,150,123.8,75,75,1118400
NIFTY30JAN2012100PE.NFO,07/01/2020,09:25:32,123.8,123.55,150,123.95,75,75,1118400
NIFTY30JAN2012100PE.NFO,07/01/2020,09:25:33,123.8,123.55,75,123.95,300,0,1118400
NIFTY30JAN2012100PE.NFO,07/01/2020,09:25:34,123.4,123.45,150,123.9,225,2325,1118400
NIFTY30JAN2012100PE.NFO,07/01/2020,09:25:35,123.4,123.5,75,123.85,225,0,1118400
NIFTY30JAN2012100PE.NFO,07/01/2020,09:25:36,123.4,123.45,75,123.85,225,0,1118400
NIFTY30JAN2012100PE.NFO,07/01/2020,09:25:37,123.4,123.5,75,123.85,225,0,1118400
NIFTY30JAN2012100PE.NFO,07/01/2020,09:25:38,123.4,123.55,75,123.85,225,0,1118400
NIFTY30JAN2012100PE.NFO,07/01/2020,09:25:39,124,123.7,75,124,300,75,1118400
NIFTY30JAN2012100PE.NFO,07/01/2020,09:25:40,124,123.65,75,124,300,0,1118400
NIFTY30JAN2012100PE.NFO,07/01/2020,09:25:41,123.95,123.4,225,123.9,150,150,1118400
NIFTY30JAN2012100PE.NFO,07/01/2020,09:25:42,123.95,123.4,300,123.85,150,0,1118400
NIFTY30JAN2012100PE.NFO,07/01/2020,09:25:43,123.85,123.45,150,123.85,525,150,1118400
NIFTY30JAN2012100PE.NFO,07/01/2020,09:25:44,123.85,123.45,150,123.8,150,0,1118400
NIFTY30JAN2012100PE.NFO,07/01/2020,09:25:45,123.8,123.65,300,123.95,450,225,1118400
NIFTY30JAN2012100PE.NFO,07/01/2020,09:25:46,123.8,123.65,300,123.95,525,0,1118400
NIFTY30JAN2012100PE.NFO,07/01/2020,09:25:47,123.65,123.45,150,123.55,525,300,1118400
NIFTY30JAN2012100PE.NFO,07/01/2020,09:25:48,123.45,123.05,225,123.5,150,150,1118400
NIFTY30JAN2012100PE.NFO,07/01/2020,09:25:49,123.4,123,450,123.4,150,1200,1118400
NIFTY30JAN2012100PE.NFO,07/01/2020,09:25:50,123.55,123.25,75,123.55,450,150,1118400
NIFTY30JAN2012100PE.NFO,07/01/2020,09:25:51,123.15,123.2,300,123.55,450,375,1118400
NIFTY30JAN2012100PE.NFO,07/01/2020,09:25:52,123.15,123.2,300,123.55,450,0,1118400
NIFTY30JAN2012100PE.NFO,07/01/2020,09:25:53,123.15,123.15,75,123.45,75,0,1118400
NIFTY30JAN2012100PE.NFO,07/01/2020,09:25:54,123.55,123.2,75,123.6,450,825,1118400
NIFTY30JAN2012100PE.NFO,07/01/2020,09:25:55,123.4,123.4,1200,123.6,225,600,1118400
NIFTY30JAN2012100PE.NFO,07/01/2020,09:25:56,123.5,123.5,600,123.9,300,225,1118400
NIFTY30JAN2012100PE.NFO,07/01/2020,09:25:57,123.95,123.7,150,123.95,75,75,1118400
NIFTY30JAN2012100PE.NFO,07/01/2020,09:25:58,123.95,123.8,75,124,75,75,1118400
NIFTY30JAN2012100PE.NFO,07/01/2020,09:25:59,123.8,123.75,75,124,75,75,1118400
NIFTY30JAN2012100PE.NFO,07/01/2020,09:26:00,124.1,124.1,300,124.35,300,525,1118400
NIFTY30JAN2012100PE.NFO,07/01/2020,09:26:01,124.5,124.35,75,124.65,225,150,1118400
NIFTY30JAN2012100PE.NFO,07/01/2020,09:26:02,124.3,124.25,375,124.6,300,1125,1118400
NIFTY30JAN2012100PE.NFO,07/01/2020,09:26:03,124.25,124.4,150,124.9,975,225,1118400
NIFTY30JAN2012100PE.NFO,07/01/2020,09:26:04,124.5,124.45,75,124.85,75,150,1118400
NIFTY30JAN2012100PE.NFO,07/01/2020,09:26:05,124.5,124.4,300,124.55,150,750,1118400
NIFTY30JAN2012100PE.NFO,07/01/2020,09:26:06,124.8,124.4,150,124.65,150,750,1118400
NIFTY30JAN2012100PE.NFO,07/01/2020,09:26:07,124.35,124.3,225,124.75,75,300,1118400
NIFTY30JAN2012100PE.NFO,07/01/2020,09:26:08,124.35,124.4,75,124.75,150,0,1118400
NIFTY30JAN2012100PE.NFO,07/01/2020,09:26:09,124.8,124.45,150,124.85,75,75,1118400
NIFTY30JAN2012100PE.NFO,07/01/2020,09:26:10,124.75,124.55,75,124.85,450,75,1118400
NIFTY30JAN2012100PE.NFO,07/01/2020,09:26:11,124.75,124.45,75,124.8,150,0,1118400
NIFTY30JAN2012100PE.NFO,07/01/2020,09:26:12,124.75,124.6,300,124.85,75,5025,1136700
NIFTY30JAN2012100PE.NFO,07/01/2020,09:26:13,124.9,124.9,75,125.1,150,1575,1136700
NIFTY30JAN2012100PE.NFO,07/01/2020,09:26:14,125.15,125.05,450,125.4,150,375,1136700
NIFTY30JAN2012100PE.NFO,07/01/2020,09:26:15,125.4,125.3,75,125.65,75,150,1136700
NIFTY30JAN2012100PE.NFO,07/01/2020,09:26:16,125,124.95,225,125.4,75,3225,1136700
NIFTY30JAN2012100PE.NFO,07/01/2020,09:26:17,125.15,125.05,75,125.4,75,75,1136700
NIFTY30JAN2012100PE.NFO,07/01/2020,09:26:18,125.35,125.35,450,125.75,75,75,1136700
NIFTY30JAN2012100PE.NFO,07/01/2020,09:26:19,125.75,125.35,375,125.75,150,225,1136700
NIFTY30JAN2012100PE.NFO,07/01/2020,09:26:20,125.4,125.3,300,125.8,150,300,1136700
NIFTY30JAN2012100PE.NFO,07/01/2020,09:26:21,125.4,125.3,300,125.75,225,300,1136700
NIFTY30JAN2012100PE.NFO,07/01/2020,09:26:22,125.45,125.45,225,125.85,75,225,1136700
NIFTY30JAN2012100PE.NFO,07/01/2020,09:26:23,125.95,125.55,75,125.95,600,675,1136700
NIFTY30JAN2012100PE.NFO,07/01/2020,09:26:24,125.8,125.45,75,125.85,75,225,1136700
NIFTY30JAN2012100PE.NFO,07/01/2020,09:26:25,125.8,125.4,75,125.65,675,0,1136700
NIFTY30JAN2012100PE.NFO,07/01/2020,09:26:26,125.15,125,150,125.35,525,525,1136700
NIFTY30JAN2012100PE.NFO,07/01/2020,09:26:27,125.45,125.05,225,125.55,75,75,1136700
NIFTY30JAN2012100PE.NFO,07/01/2020,09:26:28,125.45,125,225,125.35,525,0,1136700
NIFTY30JAN2012100PE.NFO,07/01/2020,09:26:29,125,124.9,150,125.1,225,225,1136700
NIFTY30JAN2012100PE.NFO,07/01/2020,09:26:30,124.75,124.5,225,124.65,150,450,1136700
NIFTY30JAN2012100PE.NFO,07/01/2020,09:26:31,124.65,124.55,75,124.95,150,150,1136700
NIFTY30JAN2012100PE.NFO,07/01/2020,09:26:32,124.65,124.35,75,124.7,525,0,1136700
NIFTY30JAN2012100PE.NFO,07/01/2020,09:26:33,124.95,124.4,150,124.85,150,1050,1136700
NIFTY30JAN2012100PE.NFO,07/01/2020,09:26:34,124.95,124.5,150,124.95,150,0,1136700
NIFTY30JAN2012100PE.NFO,07/01/2020,09:26:35,124.95,124.45,150,124.8,150,0,1136700
NIFTY30JAN2012100PE.NFO,07/01/2020,09:26:36,124.95,124.55,225,124.95,150,0,1136700
NIFTY30JAN2012100PE.NFO,07/01/2020,09:26:37,125.25,125.15,75,125.4,75,1950,1136700
NIFTY30JAN2012100PE.NFO,07/01/2020,09:26:38,125.15,125.3,525,125.75,225,75,1136700
NIFTY30JAN2012100PE.NFO,07/01/2020,09:26:39,125.5,125.55,75,125.9,150,75,1136700
NIFTY30JAN2012100PE.NFO,07/01/2020,09:26:40,125.5,125.85,450,126,375,0,1136700
NIFTY30JAN2012100PE.NFO,07/01/2020,09:26:41,125.9,125.95,75,126.15,450,450,1136700
NIFTY30JAN2012100PE.NFO,07/01/2020,09:26:42,125.85,126,75,126.35,75,1425,1136700
NIFTY30JAN2012100PE.NFO,07/01/2020,09:26:43,126.1,126.05,75,126.35,300,3000,1136700
NIFTY30JAN2012100PE.NFO,07/01/2020,09:26:44,126.25,125.8,300,126.25,225,75,1136700
NIFTY30JAN2012100PE.NFO,07/01/2020,09:26:45,125.85,125.65,75,126.05,75,225,1136700
NIFTY30JAN2012100PE.NFO,07/01/2020,09:26:46,125.85,125.6,375,126.05,150,0,1136700
NIFTY30JAN2012100PE.NFO,07/01/2020,09:26:47,125.95,125.5,225,125.85,75,975,1136700
NIFTY30JAN2012100PE.NFO,07/01/2020,09:26:48,125.75,125.65,150,126,750,75,1136700
NIFTY30JAN2012100PE.NFO,07/01/2020,09:26:49,125.75,125.7,450,126,750,0,1136700
NIFTY30JAN2012100PE.NFO,07/01/2020,09:26:50,125.75,125.6,750,126,825,0,1136700
NIFTY30JAN2012100PE.NFO,07/01/2020,09:26:51,126,125.8,150,126,525,225,1136700
NIFTY30JAN2012100PE.NFO,07/01/2020,09:26:52,126,125.9,1050,126,525,0,1136700
NIFTY30JAN2012100PE.NFO,07/01/2020,09:26:54,126,125.9,1050,126.3,600,525,1136700
NIFTY30JAN2012100PE.NFO,07/01/2020,09:26:55,125.9,125.75,300,126,75,1050,1136700
NIFTY30JAN2012100PE.NFO,07/01/2020,09:26:56,125.9,125.75,75,126,150,0,1136700
NIFTY30JAN2012100PE.NFO,07/01/2020,09:26:57,125.9,125.75,300,126,150,0,1136700
NIFTY30JAN2012100PE.NFO,07/01/2020,09:26:58,126.05,125.8,75,126.15,525,150,1136700
NIFTY30JAN2012100PE.NFO,07/01/2020,09:26:59,126.05,125.8,300,126.15,525,0,1136700
NIFTY30JAN2012100PE.NFO,07/01/2020,09:27:00,126.05,126,75,126.25,75,0,1136700
NIFTY30JAN2012100PE.NFO,07/01/2020,09:27:01,126.05,126,300,126.3,75,0,1136700
NIFTY30JAN2012100PE.NFO,07/01/2020,09:27:02,125.75,125.6,300,125.9,75,375,1136700
NIFTY30JAN2012100PE.NFO,07/01/2020,09:27:03,125.75,125.75,300,126.2,75,0,1136700
NIFTY30JAN2012100PE.NFO,07/01/2020,09:27:04,125.75,125.75,300,126.15,75,0,1136700
NIFTY30JAN2012100PE.NFO,07/01/2020,09:27:05,125.75,125.85,225,126.15,525,0,1136700
NIFTY30JAN2012100PE.NFO,07/01/2020,09:27:06,125.75,125.65,225,125.9,75,0,1136700
NIFTY30JAN2012100PE.NFO,07/01/2020,09:27:07,126.15,125.8,450,126.2,75,150,1136700
NIFTY30JAN2012100PE.NFO,07/01/2020,09:27:08,126,125.7,450,126.1,150,375,1136700
NIFTY30JAN2012100PE.NFO,07/01/2020,09:27:09,126,125.7,450,126.1,150,0,1136700
NIFTY30JAN2012100PE.NFO,07/01/2020,09:27:10,125.6,125.5,375,125.95,150,600,1136700
NIFTY30JAN2012100PE.NFO,07/01/2020,09:27:11,125.6,125.55,450,126,75,0,1136700
NIFTY30JAN2012100PE.NFO,07/01/2020,09:27:12,125.55,125.5,375,125.95,75,75,1136700
NIFTY30JAN2012100PE.NFO,07/01/2020,09:27:13,125.55,125.6,600,125.95,75,0,1136700
NIFTY30JAN2012100PE.NFO,07/01/2020,09:27:14,125.65,125.65,1200,126.1,75,4200,1136700
NIFTY30JAN2012100PE.NFO,07/01/2020,09:27:15,125.65,125.7,225,126,75,0,1136700
NIFTY30JAN2012100PE.NFO,07/01/2020,09:27:16,126.1,125.75,75,126.15,75,150,1136700
NIFTY30JAN2012100PE.NFO,07/01/2020,09:27:17,126.1,125.75,225,126.2,75,0,1136700
NIFTY30JAN2012100PE.NFO,07/01/2020,09:27:18,126.1,125.95,450,126.35,75,0,1136700
NIFTY30JAN2012100PE.NFO,07/01/2020,09:27:19,126,125.9,150,126.35,75,1050,1136700
NIFTY30JAN2012100PE.NFO,07/01/2020,09:27:20,126,125.85,300,126.25,150,0,1136700
NIFTY30JAN2012100PE.NFO,07/01/2020,09:27:21,126,125.85,75,126.25,75,0,1136700
NIFTY30JAN2012100PE.NFO,07/01/2020,09:27:22,125.85,125.8,525,126.25,75,75,1136700
NIFTY30JAN2012100PE.NFO,07/01/2020,09:27:23,125.7,125.5,150,125.7,75,1050,1136700
NIFTY30JAN2012100PE.NFO,07/01/2020,09:27:24,125.6,125.35,450,125.6,150,75,1136700
NIFTY30JAN2012100PE.NFO,07/01/2020,09:27:25,125.7,125.7,150,126.05,150,450,1136700
NIFTY30JAN2012100PE.NFO,07/01/2020,09:27:26,125.7,125.75,75,126,75,0,1136700
NIFTY30JAN2012100PE.NFO,07/01/2020,09:27:27,126.2,125.95,75,126.35,225,375,1136700
NIFTY30JAN2012100PE.NFO,07/01/2020,09:27:28,126.2,126,75,126.35,75,0,1136700
NIFTY30JAN2012100PE.NFO,07/01/2020,09:27:29,126.2,126,225,126.35,75,0,1136700
NIFTY30JAN2012100PE.NFO,07/01/2020,09:27:30,126.5,126.25,150,126.65,450,150,1136700
NIFTY30JAN2012100PE.NFO,07/01/2020,09:27:31,126.4,126.3,75,126.6,75,75,1136700
NIFTY30JAN2012100PE.NFO,07/01/2020,09:27:32,126.4,126.3,75,126.55,150,0,1136700
NIFTY30JAN2012100PE.NFO,07/01/2020,09:27:33,126.4,126.35,525,126.75,150,0,1136700
NIFTY30JAN2012100PE.NFO,07/01/2020,09:27:34,126.4,126.35,675,126.65,75,300,1136700
NIFTY30JAN2012100PE.NFO,07/01/2020,09:27:35,126.4,126.4,450,126.85,150,750,1136700
NIFTY30JAN2012100PE.NFO,07/01/2020,09:27:36,126.6,126.35,600,126.7,75,150,1136700
NIFTY30JAN2012100PE.NFO,07/01/2020,09:27:37,126.35,126.2,75,126.5,225,600,1136700
NIFTY30JAN2012100PE.NFO,07/01/2020,09:27:38,126.25,126.1,75,126.3,75,150,1136700
NIFTY30JAN2012100PE.NFO,07/01/2020,09:27:39,126.15,126.15,600,126.4,75,225,1136700
NIFTY30JAN2012100PE.NFO,07/01/2020,09:27:40,126.15,126.2,75,126.35,75,0,1136700
NIFTY30JAN2012100PE.NFO,07/01/2020,09:27:41,126.3,126.25,150,126.45,75,675,1136700
NIFTY30JAN2012100PE.NFO,07/01/2020,09:27:42,126.35,126.2,75,126.45,150,675,1136700
NIFTY30JAN2012100PE.NFO,07/01/2020,09:27:43,126.6,126.4,75,126.85,450,525,1136700
NIFTY30JAN2012100PE.NFO,07/01/2020,09:27:44,126.4,126.35,300,126.75,75,225,1136700
NIFTY30JAN2012100PE.NFO,07/01/2020,09:27:45,126.4,126.45,75,126.85,225,0,1136700
NIFTY30JAN2012100PE.NFO,07/01/2020,09:27:47,126.4,126.55,150,126.9,150,0,1136700
NIFTY30JAN2012100PE.NFO,07/01/2020,09:27:48,126.65,126.6,75,126.85,150,375,1136700
NIFTY30JAN2012100PE.NFO,07/01/2020,09:27:49,126.75,126.45,150,126.85,225,375,1136700
NIFTY30JAN2012100PE.NFO,07/01/2020,09:27:50,126.3,126.2,75,126.5,450,525,1136700
NIFTY30JAN2012100PE.NFO,07/01/2020,09:27:51,126.3,126.2,75,126.5,450,0,1136700
NIFTY30JAN2012100PE.NFO,07/01/2020,09:27:52,126.4,126.2,75,126.55,150,225,1136700
NIFTY30JAN2012100PE.NFO,07/01/2020,09:27:53,126.3,126.1,75,126.5,375,150,1136700
NIFTY30JAN2012100PE.NFO,07/01/2020,09:27:54,126.3,126.15,75,126.5,75,0,1136700
NIFTY30JAN2012100PE.NFO,07/01/2020,09:27:55,126.2,126.05,300,126.15,75,225,1136700
NIFTY30JAN2012100PE.NFO,07/01/2020,09:27:56,126.2,126.1,75,126.5,75,0,1136700
NIFTY30JAN2012100PE.NFO,07/01/2020,09:27:57,126.25,126.15,75,126.55,450,150,1136700
NIFTY30JAN2012100PE.NFO,07/01/2020,09:27:58,126.25,126.2,900,126.6,750,0,1136700
NIFTY30JAN2012100PE.NFO,07/01/2020,09:27:59,126.6,126.55,150,126.9,75,750,1136700
NIFTY30JAN2012100PE.NFO,07/01/2020,09:28:00,127.05,127.05,150,127.3,75,10125,1136700
NIFTY30JAN2012100PE.NFO,07/01/2020,09:28:01,127.05,127.2,150,127.4,75,0,1136700
NIFTY30JAN2012100PE.NFO,07/01/2020,09:28:02,126.95,126.6,300,126.85,150,450,1136700
NIFTY30JAN2012100PE.NFO,07/01/2020,09:28:03,126.5,126.25,75,126.6,75,375,1136700
NIFTY30JAN2012100PE.NFO,07/01/2020,09:28:04,126.5,126.3,150,126.7,75,0,1136700
NIFTY30JAN2012100PE.NFO,07/01/2020,09:28:05,126.5,126.25,75,126.55,75,0,1136700
NIFTY30JAN2012100PE.NFO,07/01/2020,09:28:06,126.25,126.2,525,126.6,75,150,1136700
NIFTY30JAN2012100PE.NFO,07/01/2020,09:28:07,126.75,126.7,75,127,75,375,1136700
NIFTY30JAN2012100PE.NFO,07/01/2020,09:28:08,126.75,126.4,75,126.8,75,0,1136700
NIFTY30JAN2012100PE.NFO,07/01/2020,09:28:09,126.95,126.7,75,127,75,525,1136700
NIFTY30JAN2012100PE.NFO,07/01/2020,09:28:10,126.95,126.6,300,127,150,0,1136700
NIFTY30JAN2012100PE.NFO,07/01/2020,09:28:11,126.95,126.8,375,127,75,0,1136700
NIFTY30JAN2012100PE.NFO,07/01/2020,09:28:12,127,126.8,375,127.2,375,75,1136700
NIFTY30JAN2012100PE.NFO,07/01/2020,09:28:13,127,126.65,450,127.1,300,0,1136700
NIFTY30JAN2012100PE.NFO,07/01/2020,09:28:14,126.7,126.65,225,127.2,75,3300,1136700
NIFTY30JAN2012100PE.NFO,07/01/2020,09:28:15,126.7,127,450,127.3,75,0,1136700
NIFTY30JAN2012100PE.NFO,07/01/2020,09:28:16,127,126.95,300,127.3,75,825,1136700
NIFTY30JAN2012100PE.NFO,07/01/2020,09:28:17,127,127.05,75,127.4,75,0,1136700
NIFTY30JAN2012100PE.NFO,07/01/2020,09:28:18,127.05,127.05,75,127.4,75,75,1136700
NIFTY30JAN2012100PE.NFO,07/01/2020,09:28:19,127.5,127.4,75,127.8,150,525,1136700
NIFTY30JAN2012100PE.NFO,07/01/2020,09:28:20,127.5,127.25,75,127.6,150,0,1136700
NIFTY30JAN2012100PE.NFO,07/01/2020,09:28:21,127.5,127.4,75,127.8,375,0,1136700
NIFTY30JAN2012100PE.NFO,07/01/2020,09:28:22,127.55,127.55,225,127.85,75,75,1136700
NIFTY30JAN2012100PE.NFO,07/01/2020,09:28:23,127.7,127.5,75,127.7,75,675,1136700
NIFTY30JAN2012100PE.NFO,07/01/2020,09:28:24,127.7,127.45,450,127.7,75,0,1136700
NIFTY30JAN2012100PE.NFO,07/01/2020,09:28:25,127.9,127.55,75,127.9,150,225,1136700
NIFTY30JAN2012100PE.NFO,07/01/2020,09:28:26,128.2,127.95,525,128.2,150,1275,1136700
NIFTY30JAN2012100PE.NFO,07/01/2020,09:28:27,128,128,75,128.2,75,150,1136700
NIFTY30JAN2012100PE.NFO,07/01/2020,09:28:28,128.05,128.05,75,128.45,75,75,1136700
NIFTY30JAN2012100PE.NFO,07/01/2020,09:28:29,128.05,128,525,128.45,150,0,1136700
NIFTY30JAN2012100PE.NFO,07/01/2020,09:28:30,128.05,128.1,225,128.5,525,0,1136700
NIFTY30JAN2012100PE.NFO,07/01/2020,09:28:31,128.35,128.35,75,128.7,375,150,1136700
NIFTY30JAN2012100PE.NFO,07/01/2020,09:28:32,128.35,128.1,375,128.55,150,0,1136700
NIFTY30JAN2012100PE.NFO,07/01/2020,09:28:33,128.65,128.05,150,128.35,75,300,1136700
NIFTY30JAN2012100PE.NFO,07/01/2020,09:28:34,128.4,128.05,75,128.4,375,225,1136700
NIFTY30JAN2012100PE.NFO,07/01/2020,09:28:35,128.2,128.2,600,128.5,75,450,1136700
NIFTY30JAN2012100PE.NFO,07/01/2020,09:28:36,127.9,127.8,75,128.2,225,1050,1136700
NIFTY30JAN2012100PE.NFO,07/01/2020,09:28:37,127.8,127.8,75,128,300,300,1136700
NIFTY30JAN2012100PE.NFO,07/01/2020,09:28:38,128,127.75,450,128,225,225,1136700
NIFTY30JAN2012100PE.NFO,07/01/2020,09:28:39,127.65,127.65,450,128,225,150,1136700
NIFTY30JAN2012100PE.NFO,07/01/2020,09:28:40,127.95,127.55,450,127.95,75,300,1136700
NIFTY30JAN2012100PE.NFO,07/01/2020,09:28:41,127.65,127.65,300,128,150,225,1136700
NIFTY30JAN2012100PE.NFO,07/01/2020,09:28:42,127.85,127.55,675,128,150,75,1136700
NIFTY30JAN2012100PE.NFO,07/01/2020,09:28:43,127.5,127.4,300,127.9,150,450,1136700
NIFTY30JAN2012100PE.NFO,07/01/2020,09:28:44,127.4,127.35,675,127.8,75,75,1136700
NIFTY30JAN2012100PE.NFO,07/01/2020,09:28:45,127.4,127.35,675,127.8,75,0,1136700
NIFTY30JAN2012100PE.NFO,07/01/2020,09:28:46,127.4,127.35,150,127.8,75,225,1136700
NIFTY30JAN2012100PE.NFO,07/01/2020,09:28:47,127.55,127.55,150,127.75,150,300,1136700
NIFTY30JAN2012100PE.NFO,07/01/2020,09:28:48,127.55,127.3,375,127.7,525,225,1136700
NIFTY30JAN2012100PE.NFO,07/01/2020,09:28:49,127.35,127.15,375,127.55,75,150,1136700
NIFTY30JAN2012100PE.NFO,07/01/2020,09:28:50,127.15,127.1,150,127.5,150,225,1136700
NIFTY30JAN2012100PE.NFO,07/01/2020,09:28:51,127.2,127,450,127.3,75,300,1136700
NIFTY30JAN2012100PE.NFO,07/01/2020,09:28:52,127.2,127,450,127.4,375,0,1136700
NIFTY30JAN2012100PE.NFO,07/01/2020,09:28:53,127.2,127,450,127.3,300,0,1136700
NIFTY30JAN2012100PE.NFO,07/01/2020,09:28:54,127,127,225,127.15,75,225,1136700
NIFTY30JAN2012100PE.NFO,07/01/2020,09:28:55,126.8,127,75,127.3,375,375,1136700
NIFTY30JAN2012100PE.NFO,07/01/2020,09:28:56,126.8,127.05,375,127.2,75,0,1136700
NIFTY30JAN2012100PE.NFO,07/01/2020,09:28:57,127.2,127.05,225,127.45,375,150,1136700
NIFTY30JAN2012100PE.NFO,07/01/2020,09:28:58,127.2,127.35,75,127.6,225,0,1136700
NIFTY30JAN2012100PE.NFO,07/01/2020,09:28:59,127.6,127.25,75,127.55,450,150,1136700
NIFTY30JAN2012100PE.NFO,07/01/2020,09:29:00,127.15,127,150,127.4,225,75,1136700
NIFTY30JAN2012100PE.NFO,07/01/2020,09:29:01,127.15,127,75,127.35,75,0,1136700
NIFTY30JAN2012100PE.NFO,07/01/2020,09:29:02,127.15,127.1,150,127.45,75,0,1136700
NIFTY30JAN2012100PE.NFO,07/01/2020,09:29:03,126.4,126.1,150,126.65,75,5925,1136700
NIFTY30JAN2012100PE.NFO,07/01/2020,09:29:04,126.45,126.05,150,126.6,75,375,1136700
NIFTY30JAN2012100PE.NFO,07/01/2020,09:29:05,126.45,125.8,150,126.25,150,0,1136700
NIFTY30JAN2012100PE.NFO,07/01/2020,09:29:06,126.45,126.25,225,126.6,225,1050,1136700
NIFTY30JAN2012100PE.NFO,07/01/2020,09:29:07,126.3,126.3,150,126.7,75,75,1136700
NIFTY30JAN2012100PE.NFO,07/01/2020,09:29:08,126.3,126.3,150,126.75,675,75,1136700
NIFTY30JAN2012100PE.NFO,07/01/2020,09:29:09,126.45,126.35,75,126.7,150,375,1136700
NIFTY30JAN2012100PE.NFO,07/01/2020,09:29:10,126.45,126.3,225,126.7,150,0,1136700
NIFTY30JAN2012100PE.NFO,07/01/2020,09:29:11,126.65,126.4,75,126.8,525,150,1136700
NIFTY30JAN2012100PE.NFO,07/01/2020,09:29:12,126.65,126.4,300,126.75,150,0,1136700
NIFTY30JAN2012100PE.NFO,07/01/2020,09:29:13,126.65,126.25,225,126.6,75,0,1136700
NIFTY30JAN2012100PE.NFO,07/01/2020,09:29:14,126.65,126.2,525,126.6,225,0,1136700
NIFTY30JAN2012100PE.NFO,07/01/2020,09:29:16,126.65,126.1,150,126.6,75,825,1136700
NIFTY30JAN2012100PE.NFO,07/01/2020,09:29:17,126.65,125.85,225,126.35,75,0,1151025
NIFTY30JAN2012100PE.NFO,07/01/2020,09:29:18,126.4,126.1,75,126.4,75,75,1151025
NIFTY30JAN2012100PE.NFO,07/01/2020,09:29:19,126.4,126.25,75,126.6,225,0,1151025
NIFTY30JAN2012100PE.NFO,07/01/2020,09:29:20,126.4,126.3,75,126.55,150,0,1151025
NIFTY30JAN2012100PE.NFO,07/01/2020,09:29:21,126.4,126.3,75,126.6,75,150,1151025
NIFTY30JAN2012100PE.NFO,07/01/2020,09:29:22,126.4,126.25,75,126.6,75,0,1151025
NIFTY30JAN2012100PE.NFO,07/01/2020,09:29:23,126.4,126.3,75,126.6,75,0,1151025
NIFTY30JAN2012100PE.NFO,07/01/2020,09:29:24,126.4,125.95,225,126.4,75,0,1151025
NIFTY30JAN2012100PE.NFO,07/01/2020,09:29:25,126.4,126.3,75,126.55,75,0,1151025
NIFTY30JAN2012100PE.NFO,07/01/2020,09:29:26,126.55,126.5,75,126.95,75,375,1151025
NIFTY30JAN2012100PE.NFO,07/01/2020,09:29:27,126.45,126.4,375,126.85,150,225,1151025
NIFTY30JAN2012100PE.NFO,07/01/2020,09:29:28,126.7,126.65,450,126.95,75,75,1151025
NIFTY30JAN2012100PE.NFO,07/01/2020,09:29:29,126.7,126.7,75,126.9,300,0,1151025
NIFTY30JAN2012100PE.NFO,07/01/2020,09:29:30,126.7,126.65,75,126.75,75,75,1151025
NIFTY30JAN2012100PE.NFO,07/01/2020,09:29:31,126.9,126.8,75,127,75,300,1151025
NIFTY30JAN2012100PE.NFO,07/01/2020,09:29:32,126.9,126.7,75,127.2,150,0,1151025
NIFTY30JAN2012100PE.NFO,07/01/2020,09:29:33,126.9,126.95,525,127.35,375,0,1151025
NIFTY30JAN2012100PE.NFO,07/01/2020,09:29:34,126.9,126.95,75,127.25,150,0,1151025
NIFTY30JAN2012100PE.NFO,07/01/2020,09:29:35,126.7,126.7,75,126.9,75,300,1151025
NIFTY30JAN2012100PE.NFO,07/01/2020,09:29:36,126.85,126.65,75,126.9,75,225,1151025
NIFTY30JAN2012100PE.NFO,07/01/2020,09:29:37,126.9,126.75,75,126.95,75,150,1151025
NIFTY30JAN2012100PE.NFO,07/01/2020,09:29:38,126.9,126.65,75,127,75,0,1151025
NIFTY30JAN2012100PE.NFO,07/01/2020,09:29:39,126.6,126.5,675,126.85,150,75,1151025
NIFTY30JAN2012100PE.NFO,07/01/2020,09:29:40,126.6,126.5,675,126.9,150,0,1151025
NIFTY30JAN2012100PE.NFO,07/01/2020,09:29:41,126.6,126.5,675,126.95,225,0,1151025
NIFTY30JAN2012100PE.NFO,07/01/2020,09:29:42,126.6,126.8,75,127.15,75,0,1151025
NIFTY30JAN2012100PE.NFO,07/01/2020,09:29:43,126.6,126.8,150,127.25,150,0,1151025
NIFTY30JAN2012100PE.NFO,07/01/2020,09:29:44,127.15,126.8,150,127.2,75,75,1151025
NIFTY30JAN2012100PE.NFO,07/01/2020,09:29:45,127.15,126.95,75,127.35,525,0,1151025
NIFTY30JAN2012100PE.NFO,07/01/2020,09:29:46,127.15,126.9,75,127.3,300,0,1151025
NIFTY30JAN2012100PE.NFO,07/01/2020,09:29:47,126.8,126.6,150,127,225,900,1151025
NIFTY30JAN2012100PE.NFO,07/01/2020,09:29:48,126.6,126.6,450,126.8,75,375,1151025
NIFTY30JAN2012100PE.NFO,07/01/2020,09:29:49,127.1,126.65,75,127.1,225,150,1151025
NIFTY30JAN2012100PE.NFO,07/01/2020,09:29:50,127.1,126.65,75,127.1,150,0,1151025
NIFTY30JAN2012100PE.NFO,07/01/2020,09:29:51,127,126.7,225,126.9,150,225,1151025
NIFTY30JAN2012100PE.NFO,07/01/2020,09:29:52,126.7,126.7,150,127,75,150,1151025
NIFTY30JAN2012100PE.NFO,07/01/2020,09:29:53,127,126.85,75,127.3,450,75,1151025
NIFTY30JAN2012100PE.NFO,07/01/2020,09:29:54,127,126.9,375,127.2,450,75,1151025
NIFTY30JAN2012100PE.NFO,07/01/2020,09:29:55,127,126.9,450,127.3,75,0,1151025
NIFTY30JAN2012100PE.NFO,07/01/2020,09:29:56,126.9,126.9,225,127.25,75,75,1151025
NIFTY30JAN2012100PE.NFO,07/01/2020,09:29:57,126.9,126.9,225,127.25,75,0,1151025
NIFTY30JAN2012100PE.NFO,07/01/2020,09:29:58,126.9,126.7,75,127.05,450,225,1151025
NIFTY30JAN2012100PE.NFO,07/01/2020,09:29:59,126.75,126.75,75,127.25,225,75,1151025
NIFTY30JAN2012100PE.NFO,07/01/2020,09:30:00,127.3,126.9,225,127.3,75,450,1151025
NIFTY30JAN2012100PE.NFO,07/01/2020,09:30:01,126.65,126.6,150,126.75,75,675,1151025
NIFTY30JAN2012100PE.NFO,07/01/2020,09:30:02,126.3,126.15,75,126.55,75,1950,1151025
NIFTY30JAN2012100PE.NFO,07/01/2020,09:30:03,126.3,126.15,75,126.55,75,0,1151025
NIFTY30JAN2012100PE.NFO,07/01/2020,09:30:04,126.3,126.35,375,126.7,75,0,1151025
NIFTY30JAN2012100PE.NFO,07/01/2020,09:30:05,126.3,126.4,75,126.65,150,0,1151025
NIFTY30JAN2012100PE.NFO,07/01/2020,09:30:06,126.45,126.2,75,126.6,75,225,1151025
NIFTY30JAN2012100PE.NFO,07/01/2020,09:30:07,126.6,126.6,150,127,225,75,1151025
NIFTY30JAN2012100PE.NFO,07/01/2020,09:30:08,126.6,126.6,75,127,225,0,1151025
NIFTY30JAN2012100PE.NFO,07/01/2020,09:30:09,126.6,126.35,75,126.75,450,0,1151025
NIFTY30JAN2012100PE.NFO,07/01/2020,09:30:10,126.6,126.1,450,126.4,75,0,1151025
NIFTY30JAN2012100PE.NFO,07/01/2020,09:30:11,126.7,126.5,150,126.75,225,225,1151025
NIFTY30JAN2012100PE.NFO,07/01/2020,09:30:12,126.55,126.5,75,126.85,450,600,1151025
NIFTY30JAN2012100PE.NFO,07/01/2020,09:30:13,126.55,126.25,525,126.6,75,375,1151025
NIFTY30JAN2012100PE.NFO,07/01/2020,09:30:14,126.55,126.4,75,126.85,75,0,1151025
NIFTY30JAN2012100PE.NFO,07/01/2020,09:30:15,126.7,126.3,75,126.7,75,75,1151025
NIFTY30JAN2012100PE.NFO,07/01/2020,09:30:16,126.7,126.25,75,126.6,75,0,1151025
NIFTY30JAN2012100PE.NFO,07/01/2020,09:30:17,126.7,126.05,225,126.45,75,0,1151025
NIFTY30JAN2012100PE.NFO,07/01/2020,09:30:18,126.7,126.4,75,126.75,75,0,1151025
NIFTY30JAN2012100PE.NFO,07/01/2020,09:30:19,126.55,126.35,300,126.75,150,150,1151025
NIFTY30JAN2012100PE.NFO,07/01/2020,09:30:20,126.55,126.4,300,126.8,75,0,1151025
NIFTY30JAN2012100PE.NFO,07/01/2020,09:30:21,126.55,126.25,300,126.7,150,0,1151025
NIFTY30JAN2012100PE.NFO,07/01/2020,09:30:22,126.75,126.4,75,126.85,75,75,1151025
NIFTY30JAN2012100PE.NFO,07/01/2020,09:30:23,126.75,126.2,225,126.5,525,0,1151025
NIFTY30JAN2012100PE.NFO,07/01/2020,09:30:24,126.7,126.35,300,126.75,450,450,1151025
NIFTY30JAN2012100PE.NFO,07/01/2020,09:30:25,126.7,126.4,300,126.8,225,0,1151025
NIFTY30JAN2012100PE.NFO,07/01/2020,09:30:26,126.35,126.25,300,126.55,450,600,1151025
NIFTY30JAN2012100PE.NFO,07/01/2020,09:30:27,126.35,126.15,300,126.5,150,0,1151025
NIFTY30JAN2012100PE.NFO,07/01/2020,09:30:28,126.35,126.1,450,126.45,75,0,1151025
NIFTY30JAN2012100PE.NFO,07/01/2020,09:30:29,126.05,125.95,225,126.15,75,525,1151025
NIFTY30JAN2012100PE.NFO,07/01/2020,09:30:30,126.05,126.1,75,126.5,150,0,1151025
NIFTY30JAN2012100PE.NFO,07/01/2020,09:30:31,126.05,125.95,225,126.4,375,0,1151025
NIFTY30JAN2012100PE.NFO,07/01/2020,09:30:32,126.3,125.95,450,126.35,150,75,1151025
NIFTY30JAN2012100PE.NFO,07/01/2020,09:30:33,125.95,125.95,150,126.35,225,75,1151025
NIFTY30JAN2012100PE.NFO,07/01/2020,09:30:34,126.35,126,300,126.45,75,75,1151025
NIFTY30JAN2012100PE.NFO,07/01/2020,09:30:35,126.35,126.1,75,126.55,75,0,1151025
NIFTY30JAN2012100PE.NFO,07/01/2020,09:30:36,126.1,126.2,150,126.6,75,75,1151025
NIFTY30JAN2012100PE.NFO,07/01/2020,09:30:38,126,126.15,75,126.5,450,3000,1151025
NIFTY30JAN2012100PE.NFO,07/01/2020,09:30:38,126.55,126.2,75,126.65,225,150,1151025
NIFTY30JAN2012100PE.NFO,07/01/2020,09:30:39,126.45,126.1,75,126.55,75,150,1151025
NIFTY30JAN2012100PE.NFO,07/01/2020,09:30:41,126.45,126.15,75,126.6,375,0,1151025
NIFTY30JAN2012100PE.NFO,07/01/2020,09:30:42,126.45,126.15,150,126.6,75,0,1151025
NIFTY30JAN2012100PE.NFO,07/01/2020,09:30:43,126.45,126.1,75,126.5,225,0,1151025
NIFTY30JAN2012100PE.NFO,07/01/2020,09:30:44,126.25,126.15,450,126.5,75,1200,1151025
NIFTY30JAN2012100PE.NFO,07/01/2020,09:30:45,126.15,126.05,75,126.1,75,75,1151025
NIFTY30JAN2012100PE.NFO,07/01/2020,09:30:46,126.05,125.85,225,126.1,75,150,1151025
NIFTY30JAN2012100PE.NFO,07/01/2020,09:30:47,126.1,126,75,126.2,75,75,1151025
NIFTY30JAN2012100PE.NFO,07/01/2020,09:30:48,126.15,126.1,225,126.35,75,300,1151025
NIFTY30JAN2012100PE.NFO,07/01/2020,09:30:49,126.15,125.95,600,126.25,75,0,1151025
NIFTY30JAN2012100PE.NFO,07/01/2020,09:30:50,126.15,125.8,675,126.05,75,0,1151025
NIFTY30JAN2012100PE.NFO,07/01/2020,09:30:51,126.15,125.8,225,125.95,75,0,1151025
NIFTY30JAN2012100PE.NFO,07/01/2020,09:30:52,126.05,125.7,450,126,75,1200,1151025
NIFTY30JAN2012100PE.NFO,07/01/2020,09:30:53,125.8,125.75,225,126.2,150,675,1151025
NIFTY30JAN2012100PE.NFO,07/01/2020,09:30:54,126.2,125.75,375,126.25,75,375,1151025
NIFTY30JAN2012100PE.NFO,07/01/2020,09:30:55,126.1,125.7,450,126.15,150,75,1151025
NIFTY30JAN2012100PE.NFO,07/01/2020,09:30:56,126.2,126,450,126.3,75,150,1151025
NIFTY30JAN2012100PE.NFO,07/01/2020,09:30:57,126.2,126.05,300,126.3,75,0,1151025
NIFTY30JAN2012100PE.NFO,07/01/2020,09:30:58,126.2,126.1,450,126.45,75,0,1151025
NIFTY30JAN2012100PE.NFO,07/01/2020,09:30:58,126.2,126.05,300,126.4,75,0,1151025
NIFTY30JAN2012100PE.NFO,07/01/2020,09:30:59,126.05,126.05,225,126.25,75,75,1151025
NIFTY30JAN2012100PE.NFO,07/01/2020,09:31:00,125.85,125.7,150,125.85,75,1275,1151025
NIFTY30JAN2012100PE.NFO,07/01/2020,09:31:01,125.85,125.35,225,125.65,75,600,1151025
NIFTY30JAN2012100PE.NFO,07/01/2020,09:31:02,125.85,125.35,225,125.6,75,0,1151025
NIFTY30JAN2012100PE.NFO,07/01/2020,09:31:03,125.85,125.25,150,125.6,75,0,1151025
NIFTY30JAN2012100PE.NFO,07/01/2020,09:31:04,125.85,125.15,225,125.45,450,0,1151025
NIFTY30JAN2012100PE.NFO,07/01/2020,09:31:05,125.15,125.25,225,125.8,225,75,1151025
NIFTY30JAN2012100PE.NFO,07/01/2020,09:31:06,125.35,125.3,375,125.7,75,75,1151025
NIFTY30JAN2012100PE.NFO,07/01/2020,09:31:07,125.35,125.3,300,125.65,75,0,1151025
NIFTY30JAN2012100PE.NFO,07/01/2020,09:31:08,125.55,125.05,150,125.55,75,675,1151025
NIFTY30JAN2012100PE.NFO,07/01/2020,09:31:09,125.55,125.2,150,125.7,150,0,1151025
NIFTY30JAN2012100PE.NFO,07/01/2020,09:31:10,125.55,125.05,300,125.45,75,0,1151025
NIFTY30JAN2012100PE.NFO,07/01/2020,09:31:11,125.05,125.05,225,125.35,150,75,1151025
NIFTY30JAN2012100PE.NFO,07/01/2020,09:31:12,125.15,125,2250,125.25,75,1875,1151025
NIFTY30JAN2012100PE.NFO,07/01/2020,09:31:13,125.15,125,2250,125.25,75,0,1151025
NIFTY30JAN2012100PE.NFO,07/01/2020,09:31:14,125,125,2175,125.2,150,75,1151025
NIFTY30JAN2012100PE.NFO,07/01/2020,09:31:15,124.75,124.55,375,124.8,75,3225,1151025
NIFTY30JAN2012100PE.NFO,07/01/2020,09:31:16,124.7,124.6,450,124.7,75,5475,1151025
NIFTY30JAN2012100PE.NFO,07/01/2020,09:31:17,124.5,124.45,225,124.7,75,225,1151025
NIFTY30JAN2012100PE.NFO,07/01/2020,09:31:18,124.55,124.35,150,124.65,75,225,1151025
NIFTY30JAN2012100PE.NFO,07/01/2020,09:31:19,124.4,124.05,225,124.45,75,525,1151025
NIFTY30JAN2012100PE.NFO,07/01/2020,09:31:20,124.4,124.25,150,124.55,75,0,1151025
NIFTY30JAN2012100PE.NFO,07/01/2020,09:31:21,124.05,124.35,150,124.5,75,75,1151025
NIFTY30JAN2012100PE.NFO,07/01/2020,09:31:22,124.4,124.2,150,124.4,300,225,1151025
NIFTY30JAN2012100PE.NFO,07/01/2020,09:31:24,124.2,124.15,150,124.45,375,225,1151025
NIFTY30JAN2012100PE.NFO,07/01/2020,09:31:25,124.2,124.1,450,124.4,300,0,1151025
NIFTY30JAN2012100PE.NFO,07/01/2020,09:31:26,124.25,124.05,225,124.3,75,75,1151025
NIFTY30JAN2012100PE.NFO,07/01/2020,09:31:26,124.25,124.05,75,124.3,75,0,1151025
NIFTY30JAN2012100PE.NFO,07/01/2020,09:31:27,124.25,124.05,225,124.3,75,0,1151025
NIFTY30JAN2012100PE.NFO,07/01/2020,09:31:28,124.25,124,225,124.35,150,0,1151025
NIFTY30JAN2012100PE.NFO,07/01/2020,09:31:29,124.25,124,225,124.35,75,0,1151025
NIFTY30JAN2012100PE.NFO,07/01/2020,09:31:31,124.25,124,450,124.4,75,0,1151025
NIFTY30JAN2012100PE.NFO,07/01/2020,09:31:32,124.25,124.1,75,124.4,75,0,1151025
NIFTY30JAN2012100PE.NFO,07/01/2020,09:31:33,124.25,124.05,225,124.5,75,150,1151025
NIFTY30JAN2012100PE.NFO,07/01/2020,09:31:34,124.6,124.05,150,124.55,225,600,1151025
NIFTY30JAN2012100PE.NFO,07/01/2020,09:31:36,124.1,124,75,124.4,75,75,1151025
NIFTY30JAN2012100PE.NFO,07/01/2020,09:31:37,124.1,124,75,124.35,75,0,1151025
NIFTY30JAN2012100PE.NFO,07/01/2020,09:31:37,123.95,123.85,225,124.05,75,150,1151025
NIFTY30JAN2012100PE.NFO,07/01/2020,09:31:38,124.3,123.8,450,124.15,75,4950,1151025
NIFTY30JAN2012100PE.NFO,07/01/2020,09:31:39,123.9,123.8,525,124.15,75,150,1151025
NIFTY30JAN2012100PE.NFO,07/01/2020,09:31:40,123.9,123.75,525,124.05,75,0,1151025
NIFTY30JAN2012100PE.NFO,07/01/2020,09:31:41,124.15,123.7,450,123.95,75,150,1151025
NIFTY30JAN2012100PE.NFO,07/01/2020,09:31:42,124.15,123.7,525,124,75,0,1151025
NIFTY30JAN2012100PE.NFO,07/01/2020,09:31:44,124.15,123.75,600,124,75,0,1151025
NIFTY30JAN2012100PE.NFO,07/01/2020,09:31:44,124.15,123.75,600,124,300,0,1151025
NIFTY30JAN2012100PE.NFO,07/01/2020,09:31:45,124.15,123.8,450,124,225,0,1151025
NIFTY30JAN2012100PE.NFO,07/01/2020,09:31:46,123.9,123.75,600,124,75,1950,1151025
NIFTY30JAN2012100PE.NFO,07/01/2020,09:31:47,123.5,123.5,75,123.85,150,1800,1151025
NIFTY30JAN2012100PE.NFO,07/01/2020,09:31:48,123.5,123.4,225,123.8,300,0,1151025
NIFTY30JAN2012100PE.NFO,07/01/2020,09:31:49,123.9,123.4,225,123.75,75,150,1151025
NIFTY30JAN2012100PE.NFO,07/01/2020,09:31:50,123.9,123.4,75,123.75,75,0,1151025
NIFTY30JAN2012100PE.NFO,07/01/2020,09:31:51,123.9,123.15,225,123.55,75,0,1151025
NIFTY30JAN2012100PE.NFO,07/01/2020,09:31:52,123.9,123.25,75,123.65,450,0,1151025
NIFTY30JAN2012100PE.NFO,07/01/2020,09:31:53,123.15,123.15,75,123.55,75,225,1151025
NIFTY30JAN2012100PE.NFO,07/01/2020,09:31:54,123.15,123.05,525,123.5,225,75,1151025
NIFTY30JAN2012100PE.NFO,07/01/2020,09:31:55,123.15,123.05,300,123.4,150,0,1151025
NIFTY30JAN2012100PE.NFO,07/01/2020,09:31:56,123.05,123.05,150,123.4,225,150,1151025
NIFTY30JAN2012100PE.NFO,07/01/2020,09:31:57,123.45,123.15,150,123.5,75,75,1151025
NIFTY30JAN2012100PE.NFO,07/01/2020,09:31:58,123.2,123.15,150,123.6,75,150,1151025
NIFTY30JAN2012100PE.NFO,07/01/2020,09:31:59,123.2,123.1,450,123.45,75,0,1151025
NIFTY30JAN2012100PE.NFO,07/01/2020,09:32:00,123.05,123.05,75,123.3,75,150,1151025
NIFTY30JAN2012100PE.NFO,07/01/2020,09:32:01,123.05,122.8,150,123.05,75,2475,1151025
NIFTY30JAN2012100PE.NFO,07/01/2020,09:32:02,123.05,122.7,525,123.05,300,0,1151025
NIFTY30JAN2012100PE.NFO,07/01/2020,09:32:03,123.05,122.6,525,123,525,225,1151025
NIFTY30JAN2012100PE.NFO,07/01/2020,09:32:05,122.45,122.5,450,122.9,75,675,1151025
NIFTY30JAN2012100PE.NFO,07/01/2020,09:32:06,122.45,122.5,450,122.9,300,0,1151025
NIFTY30JAN2012100PE.NFO,07/01/2020,09:32:07,122.45,122.85,75,123,300,0,1151025
NIFTY30JAN2012100PE.NFO,07/01/2020,09:32:08,123,122.75,75,123.15,75,300,1151025
NIFTY30JAN2012100PE.NFO,07/01/2020,09:32:09,122.7,122.4,150,122.7,150,450,1151025
NIFTY30JAN2012100PE.NFO,07/01/2020,09:32:10,122.7,122.35,150,122.7,150,0,1151025
NIFTY30JAN2012100PE.NFO,07/01/2020,09:32:11,122.7,122.55,300,122.7,150,0,1151025
NIFTY30JAN2012100PE.NFO,07/01/2020,09:32:12,122.55,122.25,75,122.55,150,300,1151025
NIFTY30JAN2012100PE.NFO,07/01/2020,09:32:13,122.25,122.15,525,122.5,75,75,1151025
NIFTY30JAN2012100PE.NFO,07/01/2020,09:32:14,122.05,122,375,122.35,75,150,1160325
NIFTY30JAN2012100PE.NFO,07/01/2020,09:32:15,122,121.85,75,122.2,225,75,1160325
NIFTY30JAN2012100PE.NFO,07/01/2020,09:32:15,122,121.8,225,122,1350,225,1160325
NIFTY30JAN2012100PE.NFO,07/01/2020,09:32:16,121.95,121.65,525,121.95,150,75,1160325
NIFTY30JAN2012100PE.NFO,07/01/2020,09:32:17,121.7,121.65,300,121.85,450,225,1160325
NIFTY30JAN2012100PE.NFO,07/01/2020,09:32:18,121.85,121.65,300,121.9,600,75,1160325
NIFTY30JAN2012100PE.NFO,07/01/2020,09:32:19,120.8,120.3,225,120.8,75,3375,1160325
NIFTY30JAN2012100PE.NFO,07/01/2020,09:32:20,120.5,120.55,75,121.05,450,2175,1160325
NIFTY30JAN2012100PE.NFO,07/01/2020,09:32:21,120.55,120.55,1200,120.9,150,150,1160325
NIFTY30JAN2012100PE.NFO,07/01/2020,09:32:22,120.75,120.45,450,120.85,75,225,1160325
NIFTY30JAN2012100PE.NFO,07/01/2020,09:32:23,120.35,120.1,525,120.55,75,750,1160325
NIFTY30JAN2012100PE.NFO,07/01/2020,09:32:24,120.35,120.35,1350,120.4,75,3300,1160325
NIFTY30JAN2012100PE.NFO,07/01/2020,09:32:25,120,120,1050,120.35,75,300,1160325
NIFTY30JAN2012100PE.NFO,07/01/2020,09:32:26,120,119.8,375,120.25,75,1650,1160325
NIFTY30JAN2012100PE.NFO,07/01/2020,09:32:27,120.2,119.9,300,120.35,75,300,1160325
NIFTY30JAN2012100PE.NFO,07/01/2020,09:32:28,120.2,119.9,300,120.35,150,0,1160325
NIFTY30JAN2012100PE.NFO,07/01/2020,09:32:29,120.5,119.8,375,120.25,75,9450,1160325
NIFTY30JAN2012100PE.NFO,07/01/2020,09:32:29,119.5,119.8,375,120.25,75,0,1160325
NIFTY30JAN2012100PE.NFO,07/01/2020,09:32:30,119.8,119.85,75,120.15,150,75,1160325
NIFTY30JAN2012100PE.NFO,07/01/2020,09:32:31,119.8,119.8,300,120.15,75,300,1160325
NIFTY30JAN2012100PE.NFO,07/01/2020,09:32:32,119.75,119.75,150,120,75,225,1160325
NIFTY30JAN2012100PE.NFO,07/01/2020,09:32:33,119.85,119.65,375,120.1,75,225,1160325
NIFTY30JAN2012100PE.NFO,07/01/2020,09:32:34,119.85,119.7,225,120.05,150,300,1160325
NIFTY30JAN2012100PE.NFO,07/01/2020,09:32:35,119.85,119.55,225,119.85,600,375,1160325
NIFTY30JAN2012100PE.NFO,07/01/2020,09:32:36,119.8,119.6,600,119.8,75,300,1160325
NIFTY30JAN2012100PE.NFO,07/01/2020,09:32:37,119.75,119.7,75,119.8,75,525,1160325
NIFTY30JAN2012100PE.NFO,07/01/2020,09:32:38,119.15,119,375,119.65,150,525,1160325
NIFTY30JAN2012100PE.NFO,07/01/2020,09:32:38,119.15,119,375,119.65,150,0,1160325
NIFTY30JAN2012100PE.NFO,07/01/2020,09:32:39,118.85,118.5,150,118.85,75,19950,1160325
NIFTY30JAN2012100PE.NFO,07/01/2020,09:32:39,117.7,118.5,150,118.85,75,0,1160325
NIFTY30JAN2012100PE.NFO,07/01/2020,09:32:40,118.5,118.4,150,118.85,75,450,1160325
NIFTY30JAN2012100PE.NFO,07/01/2020,09:32:41,118.5,118.4,150,118.85,600,1650,1160325
NIFTY30JAN2012100PE.NFO,07/01/2020,09:32:42,118.9,118.5,150,119,975,2700,1160325
NIFTY30JAN2012100PE.NFO,07/01/2020,09:32:43,118.45,118.5,75,118.95,75,1350,1160325
NIFTY30JAN2012100PE.NFO,07/01/2020,09:32:44,119.05,118.85,600,119.3,75,300,1160325
NIFTY30JAN2012100PE.NFO,07/01/2020,09:32:45,119.4,118.95,75,119.45,225,1650,1160325
NIFTY30JAN2012100PE.NFO,07/01/2020,09:32:46,119.35,119.05,75,119.35,75,150,1160325
NIFTY30JAN2012100PE.NFO,07/01/2020,09:32:48,119.25,119.35,75,119.75,375,750,1160325
NIFTY30JAN2012100PE.NFO,07/01/2020,09:32:49,119.45,119.45,150,119.75,225,150,1160325
NIFTY30JAN2012100PE.NFO,07/01/2020,09:32:50,119.45,119.4,75,119.8,375,0,1160325
NIFTY30JAN2012100PE.NFO,07/01/2020,09:32:51,119.95,119.55,75,119.75,75,3300,1160325
NIFTY30JAN2012100PE.NFO,07/01/2020,09:32:52,119.75,119.6,75,119.85,75,375,1160325
NIFTY30JAN2012100PE.NFO,07/01/2020,09:32:53,119.75,119.45,150,119.75,75,0,1160325
NIFTY30JAN2012100PE.NFO,07/01/2020,09:32:54,119,119.45,75,119.65,150,1425,1160325
NIFTY30JAN2012100PE.NFO,07/01/2020,09:32:55,119,119.45,75,119.65,150,0,1160325
NIFTY30JAN2012100PE.NFO,07/01/2020,09:32:56,119.45,119.4,300,119.75,75,150,1160325
NIFTY30JAN2012100PE.NFO,07/01/2020,09:32:56,119.45,119.3,75,119.65,75,0,1160325
NIFTY30JAN2012100PE.NFO,07/01/2020,09:32:57,119.45,119.2,150,119.5,600,0,1160325
NIFTY30JAN2012100PE.NFO,07/01/2020,09:32:58,119.45,119.1,75,119.4,75,0,1160325
NIFTY30JAN2012100PE.NFO,07/01/2020,09:32:59,119.3,119,5100,119.3,750,75,1160325
NIFTY30JAN2012100PE.NFO,07/01/2020,09:33:00,119,119,4050,119.25,75,750,1160325
NIFTY30JAN2012100PE.NFO,07/01/2020,09:33:01,119.05,119,4275,119.2,75,300,1160325
NIFTY30JAN2012100PE.NFO,07/01/2020,09:33:02,119.05,119,4575,119.25,150,0,1160325
NIFTY30JAN2012100PE.NFO,07/01/2020,09:33:03,119.05,119,4575,119.2,675,0,1160325
NIFTY30JAN2012100PE.NFO,07/01/2020,09:33:04,119,119,4500,119.35,600,75,1160325
NIFTY30JAN2012100PE.NFO,07/01/2020,09:33:06,119.15,119.15,375,119.5,675,75,1160325
NIFTY30JAN2012100PE.NFO,07/01/2020,09:33:07,119.15,119,4500,119.25,75,0,1160325
NIFTY30JAN2012100PE.NFO,07/01/2020,09:33:08,119,119,4275,119.25,75,1800,1160325
NIFTY30JAN2012100PE.NFO,07/01/2020,09:33:08,119,119.05,375,119.45,600,0,1160325
NIFTY30JAN2012100PE.NFO,07/01/2020,09:33:09,118.85,118.65,75,119,300,4575,1160325
NIFTY30JAN2012100PE.NFO,07/01/2020,09:33:10,118.95,118.45,900,118.9,150,975,1160325
NIFTY30JAN2012100PE.NFO,07/01/2020,09:33:11,118.95,118.5,75,118.95,750,300,1160325
NIFTY30JAN2012100PE.NFO,07/01/2020,09:33:12,118.95,118.4,375,118.85,150,0,1160325
NIFTY30JAN2012100PE.NFO,07/01/2020,09:33:13,118.95,118.2,225,118.7,225,0,1160325
NIFTY30JAN2012100PE.NFO,07/01/2020,09:33:14,118.5,118.35,600,118.75,450,375,1160325
NIFTY30JAN2012100PE.NFO,07/01/2020,09:33:15,118.7,118.4,75,118.75,600,600,1160325
NIFTY30JAN2012100PE.NFO,07/01/2020,09:33:16,118.7,118.55,75,118.7,75,0,1160325
NIFTY30JAN2012100PE.NFO,07/01/2020,09:33:17,118.6,118.5,75,118.85,75,375,1160325
NIFTY30JAN2012100PE.NFO,07/01/2020,09:33:18,118.75,118.55,150,118.75,75,750,1160325
NIFTY30JAN2012100PE.NFO,07/01/2020,09:33:19,118.8,118.6,675,118.85,75,750,1160325
NIFTY30JAN2012100PE.NFO,07/01/2020,09:33:20,118.65,118.55,150,118.85,150,375,1160325
NIFTY30JAN2012100PE.NFO,07/01/2020,09:33:21,118.6,118.6,300,119,150,825,1160325
NIFTY30JAN2012100PE.NFO,07/01/2020,09:33:22,118.6,118.75,225,119.15,225,0,1160325
NIFTY30JAN2012100PE.NFO,07/01/2020,09:33:23,119,118.65,150,118.8,75,150,1160325
NIFTY30JAN2012100PE.NFO,07/01/2020,09:33:24,119,118.6,75,118.9,75,0,1160325
NIFTY30JAN2012100PE.NFO,07/01/2020,09:33:25,119,118.45,75,118.9,150,0,1160325
NIFTY30JAN2012100PE.NFO,07/01/2020,09:33:26,118.4,118.35,75,118.5,75,150,1160325
NIFTY30JAN2012100PE.NFO,07/01/2020,09:33:27,118.3,118.25,150,118.35,75,150,1160325
NIFTY30JAN2012100PE.NFO,07/01/2020,09:33:28,118.5,118.3,375,118.5,75,1200,1160325
NIFTY30JAN2012100PE.NFO,07/01/2020,09:33:29,118.45,118.3,75,118.5,75,450,1160325
NIFTY30JAN2012100PE.NFO,07/01/2020,09:33:30,118.7,118.15,150,118.5,750,750,1160325
NIFTY30JAN2012100PE.NFO,07/01/2020,09:33:31,118.5,118.1,825,118.55,75,375,1160325
NIFTY30JAN2012100PE.NFO,07/01/2020,09:33:32,118.5,118.2,75,118.45,75,375,1160325
NIFTY30JAN2012100PE.NFO,07/01/2020,09:33:33,118.1,118.05,150,118.45,75,150,1160325
NIFTY30JAN2012100PE.NFO,07/01/2020,09:33:34,118.5,118.15,75,118.5,600,675,1160325
NIFTY30JAN2012100PE.NFO,07/01/2020,09:33:35,118.25,118.15,75,118.55,75,375,1160325
NIFTY30JAN2012100PE.NFO,07/01/2020,09:33:36,118.25,118.2,150,118.55,75,225,1160325
NIFTY30JAN2012100PE.NFO,07/01/2020,09:33:37,118.2,118.2,75,118.6,75,525,1160325
NIFTY30JAN2012100PE.NFO,07/01/2020,09:33:38,118.6,118.3,675,118.45,75,150,1160325
NIFTY30JAN2012100PE.NFO,07/01/2020,09:33:39,118.45,118.3,675,118.5,75,525,1160325
NIFTY30JAN2012100PE.NFO,07/01/2020,09:33:40,118.2,118.05,75,118.25,75,975,1160325
NIFTY30JAN2012100PE.NFO,07/01/2020,09:33:42,118.2,118.05,150,118.3,150,0,1160325
NIFTY30JAN2012100PE.NFO,07/01/2020,09:33:42,118.2,118.05,75,118.2,225,0,1160325
NIFTY30JAN2012100PE.NFO,07/01/2020,09:33:43,118.2,118.05,75,118.25,600,75,1160325
NIFTY30JAN2012100PE.NFO,07/01/2020,09:33:44,118.3,117.95,675,118.3,525,1125,1160325
NIFTY30JAN2012100PE.NFO,07/01/2020,09:33:45,118.3,118.15,75,118.5,75,0,1160325
NIFTY30JAN2012100PE.NFO,07/01/2020,09:33:46,118.35,118.3,75,118.4,75,450,1160325
NIFTY30JAN2012100PE.NFO,07/01/2020,09:33:47,118.4,118.3,75,118.35,75,450,1160325
NIFTY30JAN2012100PE.NFO,07/01/2020,09:33:48,118.45,118.3,75,118.65,150,225,1160325
NIFTY30JAN2012100PE.NFO,07/01/2020,09:33:49,118.45,118.15,75,118.5,150,0,1160325
NIFTY30JAN2012100PE.NFO,07/01/2020,09:33:50,118.45,118.05,75,118.4,600,0,1160325
NIFTY30JAN2012100PE.NFO,07/01/2020,09:33:51,118.05,117.95,375,118.4,675,75,1160325
NIFTY30JAN2012100PE.NFO,07/01/2020,09:33:52,118.05,118.1,75,118.6,600,0,1160325
NIFTY30JAN2012100PE.NFO,07/01/2020,09:33:54,118.05,118,300,118.4,600,0,1160325
NIFTY30JAN2012100PE.NFO,07/01/2020,09:33:55,118.15,117.85,75,118.25,75,375,1160325
NIFTY30JAN2012100PE.NFO,07/01/2020,09:33:56,118.05,117.8,375,118.15,75,150,1160325
NIFTY30JAN2012100PE.NFO,07/01/2020,09:33:57,118.15,117.9,150,118.15,75,75,1160325
NIFTY30JAN2012100PE.NFO,07/01/2020,09:33:58,118.15,117.85,150,118.15,150,75,1160325
NIFTY30JAN2012100PE.NFO,07/01/2020,09:33:59,117.75,117.55,150,117.9,150,75,1160325
NIFTY30JAN2012100PE.NFO,07/01/2020,09:34:01,117.75,117.5,75,117.8,75,0,1160325
NIFTY30JAN2012100PE.NFO,07/01/2020,09:34:01,117.5,117.2,150,117.65,825,75,1160325
NIFTY30JAN2012100PE.NFO,07/01/2020,09:34:01,117.5,117.2,150,117.65,825,0,1160325
NIFTY30JAN2012100PE.NFO,07/01/2020,09:34:02,117.2,117.15,600,117.5,75,225,1160325
NIFTY30JAN2012100PE.NFO,07/01/2020,09:34:02,117.2,117.15,600,117.5,75,0,1160325
NIFTY30JAN2012100PE.NFO,07/01/2020,09:34:03,117.4,117.25,75,117.65,75,1950,1160325
NIFTY30JAN2012100PE.NFO,07/01/2020,09:34:03,117.1,117.25,75,117.65,75,0,1160325
NIFTY30JAN2012100PE.NFO,07/01/2020,09:34:04,117.55,117.45,300,117.95,75,450,1160325
NIFTY30JAN2012100PE.NFO,07/01/2020,09:34:05,117.55,117.6,75,118,300,150,1160325
NIFTY30JAN2012100PE.NFO,07/01/2020,09:34:06,118.05,118,75,118.35,225,3000,1160325
NIFTY30JAN2012100PE.NFO,07/01/2020,09:34:08,118.45,118.45,75,118.75,300,375,1160325
NIFTY30JAN2012100PE.NFO,07/01/2020,09:34:08,118.45,118.4,75,118.75,75,150,1160325
NIFTY30JAN2012100PE.NFO,07/01/2020,09:34:09,118.25,118.2,600,118.65,75,975,1160325
NIFTY30JAN2012100PE.NFO,07/01/2020,09:34:10,118,117.95,75,118.45,600,1650,1160325
NIFTY30JAN2012100PE.NFO,07/01/2020,09:34:11,118.4,118.05,150,118.5,150,1275,1160325
NIFTY30JAN2012100PE.NFO,07/01/2020,09:34:12,118.4,118.1,75,118.55,75,3300,1160325
NIFTY30JAN2012100PE.NFO,07/01/2020,09:34:13,118,117.8,150,118.2,675,1500,1160325
NIFTY30JAN2012100PE.NFO,07/01/2020,09:34:14,118.4,117.85,75,118.4,150,225,1160325
NIFTY30JAN2012100PE.NFO,07/01/2020,09:34:15,118.45,117.95,300,118.4,150,225,1160325
NIFTY30JAN2012100PE.NFO,07/01/2020,09:34:16,118.55,118.15,75,118.45,75,1200,1160325
NIFTY30JAN2012100PE.NFO,07/01/2020,09:34:17,118.55,118.2,150,118.45,75,0,1160325
NIFTY30JAN2012100PE.NFO,07/01/2020,09:34:18,118.55,118.2,150,118.7,450,0,1160325
NIFTY30JAN2012100PE.NFO,07/01/2020,09:34:19,118.75,118.6,375,119,225,675,1160325
NIFTY30JAN2012100PE.NFO,07/01/2020,09:34:20,118.2,118.3,150,118.8,150,600,1160325
NIFTY30JAN2012100PE.NFO,07/01/2020,09:34:21,118.65,118.4,75,118.8,75,75,1160325
NIFTY30JAN2012100PE.NFO,07/01/2020,09:34:22,118.4,118.4,75,118.75,75,300,1160325
NIFTY30JAN2012100PE.NFO,07/01/2020,09:34:23,118.2,118.25,75,118.7,75,825,1160325
NIFTY30JAN2012100PE.NFO,07/01/2020,09:34:24,118.7,118.3,150,118.75,225,75,1160325
NIFTY30JAN2012100PE.NFO,07/01/2020,09:34:25,118.85,118.4,75,118.9,150,975,1160325
NIFTY30JAN2012100PE.NFO,07/01/2020,09:34:26,119.15,118.85,75,119.2,75,75,1160325
NIFTY30JAN2012100PE.NFO,07/01/2020,09:34:27,119.15,119.15,75,119.5,375,0,1160325
NIFTY30JAN2012100PE.NFO,07/01/2020,09:34:28,119.65,119.15,300,119.6,600,450,1160325
NIFTY30JAN2012100PE.NFO,07/01/2020,09:34:29,119.65,119.55,75,119.95,75,2475,1160325
NIFTY30JAN2012100PE.NFO,07/01/2020,09:34:31,119.65,119.45,150,119.9,225,0,1160325
NIFTY30JAN2012100PE.NFO,07/01/2020,09:34:31,119.65,119.55,600,119.9,75,0,1160325
