Ticker,Date,Time,LTP,BuyPrice,BuyQty,SellPrice,SellQty,LTQ,OpenInterest
NIFTY27FEB2012600CE.NFO,07/01/2020,09:15:16,84.15,74.15,300,84.05,75,75,74400
NIFTY27FEB2012600CE.NFO,07/01/2020,09:15:16,84.15,74.15,300,84.05,75,0,74400
NIFTY27FEB2012600CE.NFO,07/01/2020,09:15:16,84.15,74.15,300,84.05,75,0,74400
NIFTY27FEB2012600CE.NFO,07/01/2020,09:15:16,84.15,74.15,300,84.05,75,0,74400
NIFTY27FEB2012600CE.NFO,07/01/2020,09:15:18,84.15,74.3,225,83.9,150,0,74400
NIFTY27FEB2012600CE.NFO,07/01/2020,09:15:19,84.15,73,225,83.7,75,0,74400
NIFTY27FEB2012600CE.NFO,07/01/2020,09:15:20,84.15,73.5,450,83.5,75,0,74400
NIFTY27FEB2012600CE.NFO,07/01/2020,09:15:21,84.15,74,225,83.25,75,0,74400
NIFTY27FEB2012600CE.NFO,07/01/2020,09:15:22,84.15,74.65,225,83.1,75,0,74400
NIFTY27FEB2012600CE.NFO,07/01/2020,09:15:24,84.15,72.7,75,82.95,150,0,74400
NIFTY27FEB2012600CE.NFO,07/01/2020,09:15:25,84.15,72.25,75,82.7,75,0,74400
NIFTY27FEB2012600CE.NFO,07/01/2020,09:15:27,84.15,72.75,225,82.5,150,0,74400
NIFTY27FEB2012600CE.NFO,07/01/2020,09:15:28,84.15,73.6,150,82.3,75,0,74400
NIFTY27FEB2012600CE.NFO,07/01/2020,09:15:29,84.15,73.8,225,82.05,75,0,74400
NIFTY27FEB2012600CE.NFO,07/01/2020,09:15:30,84.15,73.95,75,81.8,75,0,74400
NIFTY27FEB2012600CE.NFO,07/01/2020,09:15:32,84.15,70,150,81.6,150,0,74400
NIFTY27FEB2012600CE.NFO,07/01/2020,09:15:33,84.15,73.4,150,81.3,75,0,74400
NIFTY27FEB2012600CE.NFO,07/01/2020,09:15:34,84.15,73.9,150,81.1,75,0,74400
NIFTY27FEB2012600CE.NFO,07/01/2020,09:15:35,84.15,74.15,150,80.9,75,0,74400
NIFTY27FEB2012600CE.NFO,07/01/2020,09:15:36,84.15,75,225,80.65,75,0,74400
NIFTY27FEB2012600CE.NFO,07/01/2020,09:15:37,84.15,75,225,80.45,75,0,74400
NIFTY27FEB2012600CE.NFO,07/01/2020,09:15:38,84.15,75,225,80.2,75,0,74400
NIFTY27FEB2012600CE.NFO,07/01/2020,09:15:39,84.15,75,225,80.1,150,0,74400
NIFTY27FEB2012600CE.NFO,07/01/2020,09:15:39,84.15,75,225,79.95,150,0,74400
NIFTY27FEB2012600CE.NFO,07/01/2020,09:15:41,84.15,75,225,79.6,75,0,74400
NIFTY27FEB2012600CE.NFO,07/01/2020,09:15:41,84.15,75,225,79.45,75,0,74400
NIFTY27FEB2012600CE.NFO,07/01/2020,09:15:43,84.15,75,225,82,150,0,74400
NIFTY27FEB2012600CE.NFO,07/01/2020,09:15:44,84.15,75,225,81.75,75,0,74400
NIFTY27FEB2012600CE.NFO,07/01/2020,09:15:46,84.15,75,225,81.4,75,0,74400
NIFTY27FEB2012600CE.NFO,07/01/2020,09:15:47,84.15,75,225,81.1,75,0,74400
NIFTY27FEB2012600CE.NFO,07/01/2020,09:15:48,84.15,75,225,80.8,75,0,74400
NIFTY27FEB2012600CE.NFO,07/01/2020,09:15:49,84.15,75,225,80.55,150,0,74400
NIFTY27FEB2012600CE.NFO,07/01/2020,09:15:50,84.15,75,225,80.4,75,0,74400
NIFTY27FEB2012600CE.NFO,07/01/2020,09:15:50,84.15,75.05,225,80.15,75,0,74400
NIFTY27FEB2012600CE.NFO,07/01/2020,09:15:52,84.15,75.05,75,79.75,75,0,74400
NIFTY27FEB2012600CE.NFO,07/01/2020,09:15:53,84.15,75.05,75,79.45,75,0,74400
NIFTY27FEB2012600CE.NFO,07/01/2020,09:15:54,84.15,75.1,150,79.75,75,0,74400
NIFTY27FEB2012600CE.NFO,07/01/2020,09:15:55,84.15,75.05,75,79.7,300,0,74400
NIFTY27FEB2012600CE.NFO,07/01/2020,09:15:56,84.15,75.05,75,79.65,75,0,74400
NIFTY27FEB2012600CE.NFO,07/01/2020,09:15:58,84.15,75.05,75,79.4,375,0,74400
NIFTY27FEB2012600CE.NFO,07/01/2020,09:15:59,84.15,75.05,75,79.3,75,0,74400
NIFTY27FEB2012600CE.NFO,07/01/2020,09:16:00,84.15,75.05,75,79.15,75,0,74400
NIFTY27FEB2012600CE.NFO,07/01/2020,09:16:01,75.05,75,150,79.45,300,75,74400
NIFTY27FEB2012600CE.NFO,07/01/2020,09:16:01,75.05,75,150,79.45,300,0,74400
NIFTY27FEB2012600CE.NFO,07/01/2020,09:16:03,75.05,75,150,79.35,375,0,74400
NIFTY27FEB2012600CE.NFO,07/01/2020,09:16:04,75.05,75,150,79.45,375,0,74400
NIFTY27FEB2012600CE.NFO,07/01/2020,09:16:05,75.05,75,150,79.6,300,0,74400
NIFTY27FEB2012600CE.NFO,07/01/2020,09:16:06,75.05,75,150,79.5,375,0,74400
NIFTY27FEB2012600CE.NFO,07/01/2020,09:16:07,75.05,75,150,79.35,375,0,74400
NIFTY27FEB2012600CE.NFO,07/01/2020,09:16:09,75.05,75,150,79.35,300,0,74400
NIFTY27FEB2012600CE.NFO,07/01/2020,09:16:11,75.05,75,150,79.6,75,0,74400
NIFTY27FEB2012600CE.NFO,07/01/2020,09:16:12,75.05,75,150,79.55,75,0,74400
NIFTY27FEB2012600CE.NFO,07/01/2020,09:16:13,75.05,75,150,79.7,375,0,74400
NIFTY27FEB2012600CE.NFO,07/01/2020,09:16:14,75.05,75,150,79.55,75,0,74400
NIFTY27FEB2012600CE.NFO,07/01/2020,09:16:15,75.05,75,300,79.65,300,0,74400
NIFTY27FEB2012600CE.NFO,07/01/2020,09:16:16,75.05,75,150,79.55,150,0,74400
NIFTY27FEB2012600CE.NFO,07/01/2020,09:16:17,75.05,75,150,79.55,75,0,74400
NIFTY27FEB2012600CE.NFO,07/01/2020,09:16:18,75.05,75,300,79.6,75,0,74400
NIFTY27FEB2012600CE.NFO,07/01/2020,09:16:19,75.05,75,150,79.65,75,0,74400
NIFTY27FEB2012600CE.NFO,07/01/2020,09:16:20,75.05,75,150,79.7,75,0,74400
NIFTY27FEB2012600CE.NFO,07/01/2020,09:16:22,75.05,75,150,79.8,375,0,74400
NIFTY27FEB2012600CE.NFO,07/01/2020,09:16:23,75.05,75.15,150,79.8,375,0,74400
NIFTY27FEB2012600CE.NFO,07/01/2020,09:16:25,75.05,75.35,150,79.95,375,0,74400
NIFTY27FEB2012600CE.NFO,07/01/2020,09:16:26,75.05,75,150,79.95,450,0,74400
NIFTY27FEB2012600CE.NFO,07/01/2020,09:16:27,75.05,75,150,81.65,75,0,74400
NIFTY27FEB2012600CE.NFO,07/01/2020,09:16:28,75.05,75.45,150,80.3,375,0,74400
NIFTY27FEB2012600CE.NFO,07/01/2020,09:16:30,75.05,75.65,150,80.35,75,0,74400
NIFTY27FEB2012600CE.NFO,07/01/2020,09:16:31,75.05,75.5,150,80.55,150,0,74400
NIFTY27FEB2012600CE.NFO,07/01/2020,09:16:32,80,80,75,83.4,75,75,74400
NIFTY27FEB2012600CE.NFO,07/01/2020,09:16:33,80,80,75,80.7,375,0,74400
NIFTY27FEB2012600CE.NFO,07/01/2020,09:16:35,80,80,75,83.6,75,0,74400
NIFTY27FEB2012600CE.NFO,07/01/2020,09:16:36,80,80,75,83.45,75,0,74400
NIFTY27FEB2012600CE.NFO,07/01/2020,09:16:37,80,80,75,80.85,375,0,74400
NIFTY27FEB2012600CE.NFO,07/01/2020,09:16:39,80,80,75,83.35,75,0,74400
NIFTY27FEB2012600CE.NFO,07/01/2020,09:16:40,80,80,75,80.9,300,0,74400
NIFTY27FEB2012600CE.NFO,07/01/2020,09:16:41,80,80,75,80.8,300,0,74400
NIFTY27FEB2012600CE.NFO,07/01/2020,09:16:42,80,80,75,80.95,375,0,74400
NIFTY27FEB2012600CE.NFO,07/01/2020,09:16:43,80,80,75,81.2,300,0,74400
NIFTY27FEB2012600CE.NFO,07/01/2020,09:16:44,80,80,75,81.3,450,0,74400
NIFTY27FEB2012600CE.NFO,07/01/2020,09:16:45,80,80,75,81.3,75,0,74400
NIFTY27FEB2012600CE.NFO,07/01/2020,09:16:46,80,80,75,81.45,75,0,74400
NIFTY27FEB2012600CE.NFO,07/01/2020,09:16:48,80,80,75,81.5,75,0,74400
NIFTY27FEB2012600CE.NFO,07/01/2020,09:16:49,80,80,75,81.65,75,0,74400
NIFTY27FEB2012600CE.NFO,07/01/2020,09:16:50,81.75,76.7,375,81.8,525,300,74400
NIFTY27FEB2012600CE.NFO,07/01/2020,09:16:51,81.75,77.2,375,82.2,150,0,74400
NIFTY27FEB2012600CE.NFO,07/01/2020,09:16:52,81.75,77.25,225,82.05,225,0,74400
NIFTY27FEB2012600CE.NFO,07/01/2020,09:16:53,81.75,77.55,375,82.05,75,0,74400
NIFTY27FEB2012600CE.NFO,07/01/2020,09:16:54,81.1,77.55,225,82.05,225,300,74400
NIFTY27FEB2012600CE.NFO,07/01/2020,09:16:55,81.1,77.55,375,82.05,225,0,74400
NIFTY27FEB2012600CE.NFO,07/01/2020,09:16:56,81.1,77.75,375,82.2,75,0,74400
NIFTY27FEB2012600CE.NFO,07/01/2020,09:17:00,81.1,77.75,375,82.4,75,0,74400
NIFTY27FEB2012600CE.NFO,07/01/2020,09:17:01,81.1,77.85,300,82.4,75,0,74400
NIFTY27FEB2012600CE.NFO,07/01/2020,09:17:02,81.1,77.9,225,82.4,75,0,74400
NIFTY27FEB2012600CE.NFO,07/01/2020,09:17:03,81.1,77.9,375,82.4,75,0,74400
NIFTY27FEB2012600CE.NFO,07/01/2020,09:17:04,81.1,82,75,82.6,75,0,74400
NIFTY27FEB2012600CE.NFO,07/01/2020,09:17:07,81.1,82,75,82.8,75,0,74400
NIFTY27FEB2012600CE.NFO,07/01/2020,09:17:08,81.1,82,75,83,75,0,74400
NIFTY27FEB2012600CE.NFO,07/01/2020,09:17:09,82,78.25,225,83,75,75,74700
NIFTY27FEB2012600CE.NFO,07/01/2020,09:17:10,82,81.3,75,83.2,75,0,74700
NIFTY27FEB2012600CE.NFO,07/01/2020,09:17:11,82,81.3,225,82.05,75,0,74700
NIFTY27FEB2012600CE.NFO,07/01/2020,09:17:12,82,81.15,75,81.9,150,0,74700
NIFTY27FEB2012600CE.NFO,07/01/2020,09:17:13,82,81.35,75,81.9,150,0,74700
NIFTY27FEB2012600CE.NFO,07/01/2020,09:17:15,82.2,81.55,225,82.3,75,150,74700
NIFTY27FEB2012600CE.NFO,07/01/2020,09:17:16,82.2,81.7,225,82.3,75,0,74700
NIFTY27FEB2012600CE.NFO,07/01/2020,09:17:17,82.2,81.55,225,82.3,75,0,74700
NIFTY27FEB2012600CE.NFO,07/01/2020,09:17:18,82.2,81.55,75,82.15,75,0,74700
NIFTY27FEB2012600CE.NFO,07/01/2020,09:17:19,82.3,81.55,75,82.1,75,150,74700
NIFTY27FEB2012600CE.NFO,07/01/2020,09:17:20,82.3,81.55,75,82.25,75,0,74700
NIFTY27FEB2012600CE.NFO,07/01/2020,09:17:21,82.3,81.55,300,82.25,75,0,74700
NIFTY27FEB2012600CE.NFO,07/01/2020,09:17:22,82.15,81.75,75,82.4,75,225,74700
NIFTY27FEB2012600CE.NFO,07/01/2020,09:17:23,82.65,81.9,75,82.6,75,150,74700
NIFTY27FEB2012600CE.NFO,07/01/2020,09:17:25,82.65,81.75,75,82.35,75,0,74700
NIFTY27FEB2012600CE.NFO,07/01/2020,09:17:26,82.65,81.9,75,82.5,75,0,74700
NIFTY27FEB2012600CE.NFO,07/01/2020,09:17:27,82.65,81.75,75,82.5,75,150,74700
NIFTY27FEB2012600CE.NFO,07/01/2020,09:17:28,82.65,81.9,75,82.5,75,0,74700
NIFTY27FEB2012600CE.NFO,07/01/2020,09:17:32,82.65,81.75,75,82.35,75,0,74700
NIFTY27FEB2012600CE.NFO,07/01/2020,09:17:33,82.65,81.95,150,82.35,75,0,74700
NIFTY27FEB2012600CE.NFO,07/01/2020,09:17:34,82.65,81.8,150,82.15,75,0,74700
NIFTY27FEB2012600CE.NFO,07/01/2020,09:17:35,82.65,81.6,150,82.15,75,0,74700
NIFTY27FEB2012600CE.NFO,07/01/2020,09:17:36,82.65,81.6,150,81.95,75,0,74700
NIFTY27FEB2012600CE.NFO,07/01/2020,09:17:37,82.65,81.55,150,81.95,75,0,74700
NIFTY27FEB2012600CE.NFO,07/01/2020,09:17:38,82.65,81.35,150,81.95,75,0,74700
NIFTY27FEB2012600CE.NFO,07/01/2020,09:17:39,82.65,81.6,150,81.8,75,0,74700
NIFTY27FEB2012600CE.NFO,07/01/2020,09:17:40,81.6,81.1,75,81.8,75,75,74700
NIFTY27FEB2012600CE.NFO,07/01/2020,09:17:41,81.6,81.55,225,82.2,225,0,74700
NIFTY27FEB2012600CE.NFO,07/01/2020,09:17:42,81.65,81.1,75,81.85,225,150,74700
NIFTY27FEB2012600CE.NFO,07/01/2020,09:17:43,81.65,81.25,75,81.85,75,0,74700
NIFTY27FEB2012600CE.NFO,07/01/2020,09:17:44,81.65,81.35,150,81.85,75,0,74700
NIFTY27FEB2012600CE.NFO,07/01/2020,09:17:45,81.65,81.25,150,81.6,75,0,74700
NIFTY27FEB2012600CE.NFO,07/01/2020,09:17:46,81.65,81.3,150,81.6,75,0,74700
NIFTY27FEB2012600CE.NFO,07/01/2020,09:17:47,81.85,81.25,150,82.05,225,150,74700
NIFTY27FEB2012600CE.NFO,07/01/2020,09:17:48,81.85,81.35,150,81.9,75,0,74700
NIFTY27FEB2012600CE.NFO,07/01/2020,09:17:49,81.85,81.4,225,82.05,225,0,74700
NIFTY27FEB2012600CE.NFO,07/01/2020,09:17:50,81.85,81.4,75,82.05,225,0,74700
NIFTY27FEB2012600CE.NFO,07/01/2020,09:17:50,81.85,81.6,75,82.2,225,0,74700
NIFTY27FEB2012600CE.NFO,07/01/2020,09:17:51,81.85,81.6,75,82.2,75,0,74700
NIFTY27FEB2012600CE.NFO,07/01/2020,09:17:52,81.85,81.45,75,82.1,225,0,74700
NIFTY27FEB2012600CE.NFO,07/01/2020,09:17:57,81.85,81.65,75,82.35,225,0,74700
NIFTY27FEB2012600CE.NFO,07/01/2020,09:17:57,81.85,81.65,75,82.2,75,0,74700
NIFTY27FEB2012600CE.NFO,07/01/2020,09:18:01,81.85,81.5,225,82.2,225,0,74700
NIFTY27FEB2012600CE.NFO,07/01/2020,09:18:01,81.85,82.05,75,82.8,225,0,74700
NIFTY27FEB2012600CE.NFO,07/01/2020,09:18:02,81.85,82.2,75,82.95,225,0,74700
NIFTY27FEB2012600CE.NFO,07/01/2020,09:18:04,81.85,82.2,75,82.95,75,0,74700
NIFTY27FEB2012600CE.NFO,07/01/2020,09:18:06,81.85,82.2,75,82.95,225,0,74700
NIFTY27FEB2012600CE.NFO,07/01/2020,09:18:07,81.85,82.35,75,82.95,75,0,74700
NIFTY27FEB2012600CE.NFO,07/01/2020,09:18:08,81.85,82.35,150,82.95,75,0,74700
NIFTY27FEB2012600CE.NFO,07/01/2020,09:18:12,83.3,82.65,75,83.25,75,300,74700
NIFTY27FEB2012600CE.NFO,07/01/2020,09:18:13,83.25,82.6,150,83.35,225,150,74700
NIFTY27FEB2012600CE.NFO,07/01/2020,09:18:14,82.6,82.6,150,83.2,75,75,74700
NIFTY27FEB2012600CE.NFO,07/01/2020,09:18:15,82.6,82.5,75,83.2,225,0,74700
NIFTY27FEB2012600CE.NFO,07/01/2020,09:18:16,82.6,82.6,150,83.2,225,0,74700
NIFTY27FEB2012600CE.NFO,07/01/2020,09:18:16,82.6,82.6,150,83.2,75,0,74700
NIFTY27FEB2012600CE.NFO,07/01/2020,09:18:18,82.6,82.85,225,83.5,75,0,74700
NIFTY27FEB2012600CE.NFO,07/01/2020,09:18:18,82.6,82.85,150,83.5,75,0,74700
NIFTY27FEB2012600CE.NFO,07/01/2020,09:18:19,82.6,82.85,225,83.5,75,0,74700
NIFTY27FEB2012600CE.NFO,07/01/2020,09:18:21,82.6,83.15,150,83.75,150,0,74700
NIFTY27FEB2012600CE.NFO,07/01/2020,09:18:24,82.6,83.05,75,83.65,75,0,74700
NIFTY27FEB2012600CE.NFO,07/01/2020,09:18:26,82.6,83.15,75,83.65,75,0,74700
NIFTY27FEB2012600CE.NFO,07/01/2020,09:18:27,82.6,83.15,75,83.7,75,0,74700
NIFTY27FEB2012600CE.NFO,07/01/2020,09:18:28,82.6,82.9,75,83.5,225,0,74700
NIFTY27FEB2012600CE.NFO,07/01/2020,09:18:29,82.6,83,75,83.5,150,0,74700
NIFTY27FEB2012600CE.NFO,07/01/2020,09:18:30,82.6,82.8,75,83.4,225,0,74700
NIFTY27FEB2012600CE.NFO,07/01/2020,09:18:32,82.6,82.8,75,83.3,150,0,74700
NIFTY27FEB2012600CE.NFO,07/01/2020,09:18:33,82.6,82.65,75,83.2,75,0,74700
NIFTY27FEB2012600CE.NFO,07/01/2020,09:18:33,82.6,82.35,150,82.95,75,0,74700
NIFTY27FEB2012600CE.NFO,07/01/2020,09:18:36,82.6,82.35,75,82.95,75,0,74700
NIFTY27FEB2012600CE.NFO,07/01/2020,09:18:39,82.6,82.2,150,82.8,75,0,74700
NIFTY27FEB2012600CE.NFO,07/01/2020,09:18:40,82.6,82.2,75,82.8,75,0,74700
NIFTY27FEB2012600CE.NFO,07/01/2020,09:18:43,82.6,82.2,150,82.95,225,0,74700
NIFTY27FEB2012600CE.NFO,07/01/2020,09:18:43,82.6,82.05,150,82.7,225,0,74700
NIFTY27FEB2012600CE.NFO,07/01/2020,09:18:45,82.6,82.2,150,82.85,225,0,74700
NIFTY27FEB2012600CE.NFO,07/01/2020,09:18:46,82.85,82.35,75,82.95,75,75,74700
NIFTY27FEB2012600CE.NFO,07/01/2020,09:18:47,82.85,81.9,75,82.5,75,0,74700
NIFTY27FEB2012600CE.NFO,07/01/2020,09:18:48,82.85,82.2,75,82.8,225,0,74700
NIFTY27FEB2012600CE.NFO,07/01/2020,09:18:49,82.85,82.2,150,82.8,75,0,74700
NIFTY27FEB2012600CE.NFO,07/01/2020,09:18:51,82.85,82.2,75,82.8,225,0,74700
NIFTY27FEB2012600CE.NFO,07/01/2020,09:18:51,82.85,82.05,150,82.8,225,0,74700
NIFTY27FEB2012600CE.NFO,07/01/2020,09:18:54,82.8,82.05,225,82.8,75,150,74700
NIFTY27FEB2012600CE.NFO,07/01/2020,09:18:55,82.8,82.05,225,82.8,75,0,74700
NIFTY27FEB2012600CE.NFO,07/01/2020,09:18:58,82.8,82.2,75,82.8,225,0,74700
NIFTY27FEB2012600CE.NFO,07/01/2020,09:18:58,82.8,82.2,75,82.8,300,0,74700
NIFTY27FEB2012600CE.NFO,07/01/2020,09:18:59,82.8,82.2,75,82.8,225,0,74700
NIFTY27FEB2012600CE.NFO,07/01/2020,09:19:00,82.8,82.2,225,82.95,75,0,74700
NIFTY27FEB2012600CE.NFO,07/01/2020,09:19:01,82.8,82.05,75,82.75,75,0,74700
NIFTY27FEB2012600CE.NFO,07/01/2020,09:19:03,82.8,82.05,75,82.75,225,0,74700
NIFTY27FEB2012600CE.NFO,07/01/2020,09:19:04,82.8,81.95,225,82.75,225,0,74700
NIFTY27FEB2012600CE.NFO,07/01/2020,09:19:04,82.8,82.1,225,82.75,225,0,74700
NIFTY27FEB2012600CE.NFO,07/01/2020,09:19:07,82.8,81.8,225,82.45,225,0,74700
NIFTY27FEB2012600CE.NFO,07/01/2020,09:19:08,82.8,81.8,225,81.95,75,0,74700
NIFTY27FEB2012600CE.NFO,07/01/2020,09:19:09,81.95,81.8,75,82.5,75,75,74700
NIFTY27FEB2012600CE.NFO,07/01/2020,09:19:10,81.95,81.95,75,82.65,75,0,74700
NIFTY27FEB2012600CE.NFO,07/01/2020,09:19:11,81.95,81.95,225,82.65,225,0,74700
NIFTY27FEB2012600CE.NFO,07/01/2020,09:19:13,81.95,82.1,75,82.5,75,0,74700
NIFTY27FEB2012600CE.NFO,07/01/2020,09:19:16,81.95,81.95,75,82.5,75,0,74700
NIFTY27FEB2012600CE.NFO,07/01/2020,09:19:19,81.95,81.5,300,82.15,75,0,74700
NIFTY27FEB2012600CE.NFO,07/01/2020,09:19:20,83,82,225,82.65,75,750,74700
NIFTY27FEB2012600CE.NFO,07/01/2020,09:19:21,83,81.9,75,82.5,75,0,74700
NIFTY27FEB2012600CE.NFO,07/01/2020,09:19:22,83,82,150,82.65,75,0,74700
NIFTY27FEB2012600CE.NFO,07/01/2020,09:19:23,83,82,225,82.65,75,0,74700
NIFTY27FEB2012600CE.NFO,07/01/2020,09:19:24,83,81.85,225,82.35,75,0,74700
NIFTY27FEB2012600CE.NFO,07/01/2020,09:19:26,83,81.9,225,82.2,75,0,74700
NIFTY27FEB2012600CE.NFO,07/01/2020,09:19:27,83,81.85,75,82.2,75,0,74700
NIFTY27FEB2012600CE.NFO,07/01/2020,09:19:28,83,81.75,75,82.2,75,0,74700
NIFTY27FEB2012600CE.NFO,07/01/2020,09:19:30,83,81.8,225,82.2,75,0,74700
NIFTY27FEB2012600CE.NFO,07/01/2020,09:19:31,83,81.8,75,82.45,75,0,74700
NIFTY27FEB2012600CE.NFO,07/01/2020,09:19:32,83,81.8,150,82.45,75,0,74700
NIFTY27FEB2012600CE.NFO,07/01/2020,09:19:34,83,81.7,225,82.45,75,0,74700
NIFTY27FEB2012600CE.NFO,07/01/2020,09:19:35,83,81.7,150,82.3,75,0,74700
NIFTY27FEB2012600CE.NFO,07/01/2020,09:19:36,83,81.8,75,82.45,75,0,74700
NIFTY27FEB2012600CE.NFO,07/01/2020,09:19:37,83,82.1,225,82.75,75,375,74700
NIFTY27FEB2012600CE.NFO,07/01/2020,09:19:38,83,82.4,225,83.05,75,0,74700
NIFTY27FEB2012600CE.NFO,07/01/2020,09:19:39,83,82.4,75,83.05,75,0,74700
NIFTY27FEB2012600CE.NFO,07/01/2020,09:19:40,83,82.3,75,82.95,75,0,74700
NIFTY27FEB2012600CE.NFO,07/01/2020,09:19:41,83,82,225,82.65,75,0,74700
NIFTY27FEB2012600CE.NFO,07/01/2020,09:19:43,83,82.15,75,82.8,75,0,74700
NIFTY27FEB2012600CE.NFO,07/01/2020,09:19:44,83,82.15,150,82.8,75,0,74700
NIFTY27FEB2012600CE.NFO,07/01/2020,09:19:45,83,82.15,300,82.8,75,0,74700
NIFTY27FEB2012600CE.NFO,07/01/2020,09:19:50,82.8,82.3,150,82.95,75,75,74700
NIFTY27FEB2012600CE.NFO,07/01/2020,09:19:51,82.8,82.3,150,82.95,75,0,74700
NIFTY27FEB2012600CE.NFO,07/01/2020,09:19:52,82.8,82.2,75,82.8,75,0,74700
NIFTY27FEB2012600CE.NFO,07/01/2020,09:19:53,82.8,82.35,75,82.9,75,0,74700
NIFTY27FEB2012600CE.NFO,07/01/2020,09:19:54,82.8,82.35,225,83.05,75,0,74700
NIFTY27FEB2012600CE.NFO,07/01/2020,09:19:55,82.8,82.2,75,82.75,75,0,74700
NIFTY27FEB2012600CE.NFO,07/01/2020,09:19:57,82.8,82.15,150,82.75,75,0,74700
NIFTY27FEB2012600CE.NFO,07/01/2020,09:19:58,82.8,82.35,300,83.05,75,0,74700
NIFTY27FEB2012600CE.NFO,07/01/2020,09:20:02,82.8,82.5,150,83.05,75,0,74700
NIFTY27FEB2012600CE.NFO,07/01/2020,09:20:03,82.8,82.65,150,83.2,75,0,74700
NIFTY27FEB2012600CE.NFO,07/01/2020,09:20:05,82.8,82.55,225,83.2,75,0,74700
NIFTY27FEB2012600CE.NFO,07/01/2020,09:20:06,82.55,82.5,75,83.2,150,150,74700
NIFTY27FEB2012600CE.NFO,07/01/2020,09:20:08,82.55,82.5,375,83.2,150,0,74700
NIFTY27FEB2012600CE.NFO,07/01/2020,09:20:09,82.55,82.5,75,83.05,75,0,74700
NIFTY27FEB2012600CE.NFO,07/01/2020,09:20:10,82.55,82.5,75,83.2,150,0,74700
NIFTY27FEB2012600CE.NFO,07/01/2020,09:20:11,82.55,82.5,75,83.05,75,0,74700
NIFTY27FEB2012600CE.NFO,07/01/2020,09:20:13,82.55,82.35,375,83.05,150,0,74700
NIFTY27FEB2012600CE.NFO,07/01/2020,09:20:15,83.05,82.55,150,83.05,75,75,76350
NIFTY27FEB2012600CE.NFO,07/01/2020,09:20:15,83.05,82.55,150,83.05,75,0,76350
NIFTY27FEB2012600CE.NFO,07/01/2020,09:20:18,82.55,82.35,225,83.05,75,150,76350
NIFTY27FEB2012600CE.NFO,07/01/2020,09:20:19,82.55,82.45,150,83.05,150,0,76350
NIFTY27FEB2012600CE.NFO,07/01/2020,09:20:20,82.55,82.4,300,83.05,150,0,76350
NIFTY27FEB2012600CE.NFO,07/01/2020,09:20:21,82.55,82.45,150,82.9,75,0,76350
NIFTY27FEB2012600CE.NFO,07/01/2020,09:20:22,82.55,82.35,150,82.75,75,0,76350
NIFTY27FEB2012600CE.NFO,07/01/2020,09:20:24,82.55,82.55,75,83.2,150,0,76350
NIFTY27FEB2012600CE.NFO,07/01/2020,09:20:25,82.55,82.4,225,83.05,150,0,76350
NIFTY27FEB2012600CE.NFO,07/01/2020,09:20:31,82.55,82.4,375,83.05,150,0,76350
NIFTY27FEB2012600CE.NFO,07/01/2020,09:20:31,82.55,82.4,225,83.05,150,0,76350
NIFTY27FEB2012600CE.NFO,07/01/2020,09:20:33,82.55,82.4,225,83.05,75,0,76350
NIFTY27FEB2012600CE.NFO,07/01/2020,09:20:34,82.55,82.4,375,83.05,75,0,76350
NIFTY27FEB2012600CE.NFO,07/01/2020,09:20:35,82.55,82.55,225,83.2,75,0,76350
NIFTY27FEB2012600CE.NFO,07/01/2020,09:20:38,82.55,82.45,75,83.05,75,0,76350
NIFTY27FEB2012600CE.NFO,07/01/2020,09:20:39,82.55,82.15,225,83.05,75,0,76350
NIFTY27FEB2012600CE.NFO,07/01/2020,09:20:40,82.4,82.35,75,83.05,75,75,76350
NIFTY27FEB2012600CE.NFO,07/01/2020,09:20:41,82.4,82.35,75,83.05,75,0,76350
NIFTY27FEB2012600CE.NFO,07/01/2020,09:20:42,82.4,82.2,75,82.75,75,0,76350
NIFTY27FEB2012600CE.NFO,07/01/2020,09:20:44,82.4,82.3,75,82.9,75,0,76350
NIFTY27FEB2012600CE.NFO,07/01/2020,09:20:46,82.4,82.3,75,83.05,75,0,76350
NIFTY27FEB2012600CE.NFO,07/01/2020,09:20:47,82.4,82.45,75,83.05,75,0,76350
NIFTY27FEB2012600CE.NFO,07/01/2020,09:20:48,82.4,82.3,225,83.05,75,0,76350
NIFTY27FEB2012600CE.NFO,07/01/2020,09:20:49,82.55,82.3,75,82.55,150,150,76350
NIFTY27FEB2012600CE.NFO,07/01/2020,09:20:50,82.55,82.3,225,83.05,75,150,76350
NIFTY27FEB2012600CE.NFO,07/01/2020,09:20:51,82.55,82.45,75,83.05,75,0,76350
NIFTY27FEB2012600CE.NFO,07/01/2020,09:20:52,82.55,82.7,75,82.9,75,0,76350
NIFTY27FEB2012600CE.NFO,07/01/2020,09:20:54,82.55,82.7,75,83,75,0,76350
NIFTY27FEB2012600CE.NFO,07/01/2020,09:20:55,82.55,82.7,75,83.2,75,0,76350
NIFTY27FEB2012600CE.NFO,07/01/2020,09:20:56,82.55,82.7,75,83.05,75,0,76350
NIFTY27FEB2012600CE.NFO,07/01/2020,09:21:01,82.55,82.7,75,83.2,75,0,76350
NIFTY27FEB2012600CE.NFO,07/01/2020,09:21:02,82.55,82.7,75,82.9,75,0,76350
NIFTY27FEB2012600CE.NFO,07/01/2020,09:21:03,82.55,82.7,75,83.05,150,0,76350
NIFTY27FEB2012600CE.NFO,07/01/2020,09:21:04,82.7,82.3,75,82.9,150,75,76350
NIFTY27FEB2012600CE.NFO,07/01/2020,09:21:05,82.7,82.15,225,82.9,150,0,76350
NIFTY27FEB2012600CE.NFO,07/01/2020,09:21:06,82.7,82.5,75,83,75,0,76350
NIFTY27FEB2012600CE.NFO,07/01/2020,09:21:08,82.7,82.5,225,83.15,75,0,76350
NIFTY27FEB2012600CE.NFO,07/01/2020,09:21:09,82.7,82.45,75,83.05,150,0,76350
NIFTY27FEB2012600CE.NFO,07/01/2020,09:21:10,82.7,82.45,225,83.2,150,0,76350
NIFTY27FEB2012600CE.NFO,07/01/2020,09:21:11,82.7,82.65,225,83.35,150,0,76350
NIFTY27FEB2012600CE.NFO,07/01/2020,09:21:12,82.7,82.8,75,83.35,150,0,76350
NIFTY27FEB2012600CE.NFO,07/01/2020,09:21:14,82.7,82.65,225,83.35,150,0,76350
NIFTY27FEB2012600CE.NFO,07/01/2020,09:21:15,82.7,82.95,225,83.6,75,0,76350
NIFTY27FEB2012600CE.NFO,07/01/2020,09:21:16,82.7,83.05,225,83.7,75,0,76350
NIFTY27FEB2012600CE.NFO,07/01/2020,09:21:18,82.7,83.7,75,84.3,75,0,76350
NIFTY27FEB2012600CE.NFO,07/01/2020,09:21:19,83,83.8,75,84.4,75,675,76350
NIFTY27FEB2012600CE.NFO,07/01/2020,09:21:21,83,83.8,75,84.25,75,0,76350
NIFTY27FEB2012600CE.NFO,07/01/2020,09:21:22,83,83.65,75,84.1,75,0,76350
NIFTY27FEB2012600CE.NFO,07/01/2020,09:21:23,83,83.65,75,84.25,75,0,76350
NIFTY27FEB2012600CE.NFO,07/01/2020,09:21:24,83,83.65,75,84.1,75,0,76350
NIFTY27FEB2012600CE.NFO,07/01/2020,09:21:25,83,83.65,75,84.25,75,0,76350
NIFTY27FEB2012600CE.NFO,07/01/2020,09:21:26,83,83.65,75,84.15,75,0,76350
NIFTY27FEB2012600CE.NFO,07/01/2020,09:21:27,83,83.65,75,84,75,0,76350
NIFTY27FEB2012600CE.NFO,07/01/2020,09:21:29,83,83.8,75,84.4,75,0,76350
NIFTY27FEB2012600CE.NFO,07/01/2020,09:21:31,83,83.65,75,84.05,75,0,76350
NIFTY27FEB2012600CE.NFO,07/01/2020,09:21:32,83,83.65,75,84.35,75,0,76350
NIFTY27FEB2012600CE.NFO,07/01/2020,09:21:33,83,83.65,75,84.2,75,0,76350
NIFTY27FEB2012600CE.NFO,07/01/2020,09:21:34,83,83.65,75,84.05,75,0,76350
NIFTY27FEB2012600CE.NFO,07/01/2020,09:21:36,83,83.65,75,83.9,75,0,76350
NIFTY27FEB2012600CE.NFO,07/01/2020,09:21:37,83,83.55,75,83.95,75,0,76350
NIFTY27FEB2012600CE.NFO,07/01/2020,09:21:38,83,83.55,75,84.2,75,0,76350
NIFTY27FEB2012600CE.NFO,07/01/2020,09:21:40,83,83.75,75,84.35,75,0,76350
NIFTY27FEB2012600CE.NFO,07/01/2020,09:21:42,83,83.9,75,84.4,75,0,76350
NIFTY27FEB2012600CE.NFO,07/01/2020,09:21:44,83,83.9,75,84.55,75,0,76350
NIFTY27FEB2012600CE.NFO,07/01/2020,09:21:45,83,83.9,150,84.55,75,0,76350
NIFTY27FEB2012600CE.NFO,07/01/2020,09:21:46,83,84.05,75,84.55,75,0,76350
NIFTY27FEB2012600CE.NFO,07/01/2020,09:21:47,83,84.05,150,84.7,75,0,76350
NIFTY27FEB2012600CE.NFO,07/01/2020,09:21:54,83,83.9,150,84.5,75,0,76350
NIFTY27FEB2012600CE.NFO,07/01/2020,09:21:55,83,83.9,150,84.55,225,0,76350
NIFTY27FEB2012600CE.NFO,07/01/2020,09:21:56,83,83.9,75,84.55,225,0,76350
NIFTY27FEB2012600CE.NFO,07/01/2020,09:21:58,84,83.9,75,84,525,75,76350
NIFTY27FEB2012600CE.NFO,07/01/2020,09:22:00,84,83.85,75,84,225,300,76350
NIFTY27FEB2012600CE.NFO,07/01/2020,09:22:01,84,83.85,75,84,225,0,76350
NIFTY27FEB2012600CE.NFO,07/01/2020,09:22:03,84,83.85,75,84,150,75,76350
NIFTY27FEB2012600CE.NFO,07/01/2020,09:22:05,84,84.2,75,84.85,225,150,76350
NIFTY27FEB2012600CE.NFO,07/01/2020,09:22:06,84,84.05,150,84.7,225,0,76350
NIFTY27FEB2012600CE.NFO,07/01/2020,09:22:07,84,84.05,75,84.7,225,0,76350
NIFTY27FEB2012600CE.NFO,07/01/2020,09:22:10,84,84,150,84.7,225,0,76350
NIFTY27FEB2012600CE.NFO,07/01/2020,09:22:12,84,84,150,84.7,75,0,76350
NIFTY27FEB2012600CE.NFO,07/01/2020,09:22:17,84,84.15,75,84.7,75,0,76350
NIFTY27FEB2012600CE.NFO,07/01/2020,09:22:18,84,84.3,150,85,300,0,76350
NIFTY27FEB2012600CE.NFO,07/01/2020,09:22:19,84,84.45,75,85,300,0,76350
NIFTY27FEB2012600CE.NFO,07/01/2020,09:22:20,84,84.45,75,85,75,0,76350
NIFTY27FEB2012600CE.NFO,07/01/2020,09:22:22,84,84.6,75,85,75,0,76350
NIFTY27FEB2012600CE.NFO,07/01/2020,09:22:24,84,84.8,75,85,75,0,76350
NIFTY27FEB2012600CE.NFO,07/01/2020,09:22:25,84,84.65,75,85,75,0,76350
NIFTY27FEB2012600CE.NFO,07/01/2020,09:22:26,84,84.8,75,85,75,0,76350
NIFTY27FEB2012600CE.NFO,07/01/2020,09:22:29,84,84.6,75,85,75,0,76350
NIFTY27FEB2012600CE.NFO,07/01/2020,09:22:30,84,84.75,75,85,75,0,76350
NIFTY27FEB2012600CE.NFO,07/01/2020,09:22:33,84,84.6,75,85,75,0,76350
NIFTY27FEB2012600CE.NFO,07/01/2020,09:22:35,84,84.75,75,85,75,0,76350
NIFTY27FEB2012600CE.NFO,07/01/2020,09:22:36,84,84.6,75,85,75,0,76350
NIFTY27FEB2012600CE.NFO,07/01/2020,09:22:37,85,84.9,150,85.55,75,75,76350
NIFTY27FEB2012600CE.NFO,07/01/2020,09:22:37,85,84.9,150,85.55,75,0,76350
NIFTY27FEB2012600CE.NFO,07/01/2020,09:22:38,85,84.75,150,85.4,75,0,76350
NIFTY27FEB2012600CE.NFO,07/01/2020,09:22:41,84.75,84.75,150,85.4,75,75,76350
NIFTY27FEB2012600CE.NFO,07/01/2020,09:22:42,84.75,84.3,75,84.75,75,0,76350
NIFTY27FEB2012600CE.NFO,07/01/2020,09:22:43,84.75,84.6,150,85.25,75,75,76350
NIFTY27FEB2012600CE.NFO,07/01/2020,09:22:44,84.75,84.3,75,84.9,75,0,76350
NIFTY27FEB2012600CE.NFO,07/01/2020,09:22:48,84.75,84.3,150,85.05,75,0,76350
NIFTY27FEB2012600CE.NFO,07/01/2020,09:22:50,84.75,84.45,75,85.05,75,0,76350
NIFTY27FEB2012600CE.NFO,07/01/2020,09:22:52,84.75,84.6,150,85.25,75,0,76350
NIFTY27FEB2012600CE.NFO,07/01/2020,09:22:55,84.75,84.6,75,85.25,75,0,76350
NIFTY27FEB2012600CE.NFO,07/01/2020,09:22:56,84.75,84.75,150,85.4,75,0,76350
NIFTY27FEB2012600CE.NFO,07/01/2020,09:22:57,84.75,84.75,75,85.4,75,0,76350
NIFTY27FEB2012600CE.NFO,07/01/2020,09:22:59,84.75,84.95,150,85.65,75,0,76350
NIFTY27FEB2012600CE.NFO,07/01/2020,09:23:01,84.75,85.1,75,85.65,75,0,76350
NIFTY27FEB2012600CE.NFO,07/01/2020,09:23:02,84.75,85.1,75,85.7,150,0,76350
NIFTY27FEB2012600CE.NFO,07/01/2020,09:23:04,84.75,85.1,75,85.8,75,0,76350
NIFTY27FEB2012600CE.NFO,07/01/2020,09:23:05,84.75,85.1,150,85.7,75,0,76350
NIFTY27FEB2012600CE.NFO,07/01/2020,09:23:06,84.75,85.1,150,85.85,75,0,76350
NIFTY27FEB2012600CE.NFO,07/01/2020,09:23:07,84.75,85.25,75,85.8,75,0,76350
NIFTY27FEB2012600CE.NFO,07/01/2020,09:23:08,84.75,85.25,150,85.95,75,0,76350
NIFTY27FEB2012600CE.NFO,07/01/2020,09:23:09,84.75,85.25,75,85.95,75,0,76350
NIFTY27FEB2012600CE.NFO,07/01/2020,09:23:11,85.15,85.1,75,85.7,75,150,74175
NIFTY27FEB2012600CE.NFO,07/01/2020,09:23:11,85.15,85.1,75,85.7,75,0,74175
NIFTY27FEB2012600CE.NFO,07/01/2020,09:23:12,85.15,85.1,75,85.7,150,0,74175
NIFTY27FEB2012600CE.NFO,07/01/2020,09:23:13,85.15,84.95,150,85.65,75,0,74175
NIFTY27FEB2012600CE.NFO,07/01/2020,09:23:14,85.15,85.1,75,85.65,75,0,74175
NIFTY27FEB2012600CE.NFO,07/01/2020,09:23:15,85.15,84.95,150,85.65,75,0,74175
NIFTY27FEB2012600CE.NFO,07/01/2020,09:23:17,85.15,84.95,75,85.55,75,0,74175
NIFTY27FEB2012600CE.NFO,07/01/2020,09:23:18,85.15,84.95,150,85.65,75,0,74175
NIFTY27FEB2012600CE.NFO,07/01/2020,09:23:19,85.15,84.95,150,85.7,75,0,74175
NIFTY27FEB2012600CE.NFO,07/01/2020,09:23:20,85.15,85.1,150,85.85,150,0,74175
NIFTY27FEB2012600CE.NFO,07/01/2020,09:23:22,85.15,85.25,75,85.85,75,0,74175
NIFTY27FEB2012600CE.NFO,07/01/2020,09:23:23,85.15,85.25,150,85.95,75,0,74175
NIFTY27FEB2012600CE.NFO,07/01/2020,09:23:24,85.15,85.4,150,86.1,75,0,74175
NIFTY27FEB2012600CE.NFO,07/01/2020,09:23:25,85.15,85.55,75,86.1,75,0,74175
NIFTY27FEB2012600CE.NFO,07/01/2020,09:23:28,85.15,85.55,75,86.25,75,0,74175
NIFTY27FEB2012600CE.NFO,07/01/2020,09:23:30,85.15,85.25,150,86,150,0,74175
NIFTY27FEB2012600CE.NFO,07/01/2020,09:23:32,85.15,85.25,150,86,75,0,74175
NIFTY27FEB2012600CE.NFO,07/01/2020,09:23:33,85.15,85.4,150,86.1,75,0,74175
NIFTY27FEB2012600CE.NFO,07/01/2020,09:23:36,85.15,85.55,75,86.1,75,0,74175
NIFTY27FEB2012600CE.NFO,07/01/2020,09:23:37,85.15,85.55,150,86.25,75,0,74175
NIFTY27FEB2012600CE.NFO,07/01/2020,09:23:38,85.15,85.55,150,86.1,75,0,74175
NIFTY27FEB2012600CE.NFO,07/01/2020,09:23:39,85.15,85.55,75,86.35,75,0,74175
NIFTY27FEB2012600CE.NFO,07/01/2020,09:23:40,85.15,85.55,150,86.2,75,0,74175
NIFTY27FEB2012600CE.NFO,07/01/2020,09:23:45,85.15,85.4,150,86,75,0,74175
NIFTY27FEB2012600CE.NFO,07/01/2020,09:23:46,86,85.4,150,86,75,75,74175
NIFTY27FEB2012600CE.NFO,07/01/2020,09:23:46,86,85.4,150,86,75,0,74175
NIFTY27FEB2012600CE.NFO,07/01/2020,09:23:47,86,85.3,150,86,75,0,74175
NIFTY27FEB2012600CE.NFO,07/01/2020,09:23:48,86,85.15,75,85.8,75,0,74175
NIFTY27FEB2012600CE.NFO,07/01/2020,09:23:49,86,85.15,150,85.8,75,0,74175
NIFTY27FEB2012600CE.NFO,07/01/2020,09:23:50,86,85.45,75,86.05,75,0,74175
NIFTY27FEB2012600CE.NFO,07/01/2020,09:23:51,86,85.3,75,85.9,75,0,74175
NIFTY27FEB2012600CE.NFO,07/01/2020,09:23:53,86,85.45,75,86.05,75,0,74175
NIFTY27FEB2012600CE.NFO,07/01/2020,09:23:54,86,85.45,150,86.2,75,0,74175
NIFTY27FEB2012600CE.NFO,07/01/2020,09:23:56,86,85.6,75,86.2,75,0,74175
NIFTY27FEB2012600CE.NFO,07/01/2020,09:23:58,86,85.75,150,86.4,75,0,74175
NIFTY27FEB2012600CE.NFO,07/01/2020,09:24:01,86,85.75,150,86.35,75,0,74175
NIFTY27FEB2012600CE.NFO,07/01/2020,09:24:02,86,85.9,75,86.5,75,0,74175
NIFTY27FEB2012600CE.NFO,07/01/2020,09:24:05,86,85.45,150,86.35,75,0,74175
NIFTY27FEB2012600CE.NFO,07/01/2020,09:24:06,86,85.6,150,86.25,75,0,74175
NIFTY27FEB2012600CE.NFO,07/01/2020,09:24:07,86,85.6,150,86.25,150,0,74175
NIFTY27FEB2012600CE.NFO,07/01/2020,09:24:09,86,85.6,75,86.2,75,0,74175
NIFTY27FEB2012600CE.NFO,07/01/2020,09:24:14,86,85.45,150,86.1,75,0,74175
NIFTY27FEB2012600CE.NFO,07/01/2020,09:24:15,86,85.45,150,86.1,150,0,74175
NIFTY27FEB2012600CE.NFO,07/01/2020,09:24:17,86,85.45,150,86.1,75,0,74175
NIFTY27FEB2012600CE.NFO,07/01/2020,09:24:18,86,85.3,75,85.9,75,0,74175
NIFTY27FEB2012600CE.NFO,07/01/2020,09:24:21,86,85.55,75,86.2,75,0,74175
NIFTY27FEB2012600CE.NFO,07/01/2020,09:24:22,86,85.55,75,86.1,150,0,74175
NIFTY27FEB2012600CE.NFO,07/01/2020,09:24:23,86,85.55,150,86.2,75,0,74175
NIFTY27FEB2012600CE.NFO,07/01/2020,09:24:24,86,85.3,150,86,75,0,74175
NIFTY27FEB2012600CE.NFO,07/01/2020,09:24:25,86,85.3,75,85.85,75,0,74175
NIFTY27FEB2012600CE.NFO,07/01/2020,09:24:26,86,85.35,150,86,75,150,74175
NIFTY27FEB2012600CE.NFO,07/01/2020,09:24:27,86,85.15,150,85.8,75,0,74175
NIFTY27FEB2012600CE.NFO,07/01/2020,09:24:31,86,85.3,75,85.85,75,0,74175
NIFTY27FEB2012600CE.NFO,07/01/2020,09:24:33,86,85.2,150,85.85,75,0,74175
NIFTY27FEB2012600CE.NFO,07/01/2020,09:24:34,86,85.05,150,85.7,75,0,74175
NIFTY27FEB2012600CE.NFO,07/01/2020,09:24:38,86,85.05,150,85.85,75,0,74175
NIFTY27FEB2012600CE.NFO,07/01/2020,09:24:40,86,85.05,150,85.7,75,0,74175
NIFTY27FEB2012600CE.NFO,07/01/2020,09:24:46,86,85.2,75,85.85,75,0,74175
NIFTY27FEB2012600CE.NFO,07/01/2020,09:24:47,86,85.2,150,85.85,75,0,74175
NIFTY27FEB2012600CE.NFO,07/01/2020,09:24:49,86,85.2,75,85.85,75,0,74175
NIFTY27FEB2012600CE.NFO,07/01/2020,09:24:50,86,85.05,150,85.6,75,0,74175
NIFTY27FEB2012600CE.NFO,07/01/2020,09:24:51,86,85.05,150,85.75,75,0,74175
NIFTY27FEB2012600CE.NFO,07/01/2020,09:24:54,86,85.15,75,85.75,75,0,74175
NIFTY27FEB2012600CE.NFO,07/01/2020,09:24:55,86,85.15,75,85.85,75,0,74175
NIFTY27FEB2012600CE.NFO,07/01/2020,09:24:56,86,85.15,150,85.85,75,0,74175
NIFTY27FEB2012600CE.NFO,07/01/2020,09:24:59,86,85.15,75,85.85,75,0,74175
NIFTY27FEB2012600CE.NFO,07/01/2020,09:25:00,86,85.3,150,86,75,0,74175
NIFTY27FEB2012600CE.NFO,07/01/2020,09:25:01,86,85.45,150,86.15,75,0,74175
NIFTY27FEB2012600CE.NFO,07/01/2020,09:25:03,86,85.6,75,86.15,75,0,74175
NIFTY27FEB2012600CE.NFO,07/01/2020,09:25:05,86,85.6,150,86.25,75,0,74175
NIFTY27FEB2012600CE.NFO,07/01/2020,09:25:06,86,85.6,75,86.25,75,0,74175
NIFTY27FEB2012600CE.NFO,07/01/2020,09:25:10,86,85.6,150,86.25,75,0,74175
NIFTY27FEB2012600CE.NFO,07/01/2020,09:25:12,86,85.45,75,86.1,75,0,74175
NIFTY27FEB2012600CE.NFO,07/01/2020,09:25:17,86,85.45,150,86.1,75,0,74175
NIFTY27FEB2012600CE.NFO,07/01/2020,09:25:19,86,85.45,300,86.1,75,0,74175
NIFTY27FEB2012600CE.NFO,07/01/2020,09:25:20,86,85.45,150,86.1,75,0,74175
NIFTY27FEB2012600CE.NFO,07/01/2020,09:25:21,86,85.55,150,86.25,150,0,74175
NIFTY27FEB2012600CE.NFO,07/01/2020,09:25:22,86,85.5,225,86.25,150,0,74175
NIFTY27FEB2012600CE.NFO,07/01/2020,09:25:24,86,85.55,225,86.25,150,0,74175
NIFTY27FEB2012600CE.NFO,07/01/2020,09:25:25,86,85.5,225,86.1,75,0,74175
NIFTY27FEB2012600CE.NFO,07/01/2020,09:25:26,86,85.5,75,86.1,150,0,74175
NIFTY27FEB2012600CE.NFO,07/01/2020,09:25:27,86,85.45,225,86.1,150,0,74175
NIFTY27FEB2012600CE.NFO,07/01/2020,09:25:30,86,85.45,150,86.1,75,0,74175
NIFTY27FEB2012600CE.NFO,07/01/2020,09:25:32,86,85.45,150,86.1,150,0,74175
NIFTY27FEB2012600CE.NFO,07/01/2020,09:25:34,86,85.45,75,86.1,150,0,74175
NIFTY27FEB2012600CE.NFO,07/01/2020,09:25:36,86,85.45,75,86.05,75,0,74175
NIFTY27FEB2012600CE.NFO,07/01/2020,09:25:37,86,85.45,150,86.1,150,0,74175
NIFTY27FEB2012600CE.NFO,07/01/2020,09:25:39,86,85.45,150,86.2,75,0,74175
NIFTY27FEB2012600CE.NFO,07/01/2020,09:25:40,86,85.45,75,86.1,75,0,74175
NIFTY27FEB2012600CE.NFO,07/01/2020,09:25:41,86,85.45,150,86.1,75,0,74175
NIFTY27FEB2012600CE.NFO,07/01/2020,09:25:44,86,85.6,75,86.2,75,0,74175
NIFTY27FEB2012600CE.NFO,07/01/2020,09:25:48,86,85.8,75,86.35,150,0,74175
NIFTY27FEB2012600CE.NFO,07/01/2020,09:25:49,86,85.8,75,86.35,75,0,74175
NIFTY27FEB2012600CE.NFO,07/01/2020,09:25:51,86,85.75,75,86.35,225,0,74175
NIFTY27FEB2012600CE.NFO,07/01/2020,09:25:52,86,85.6,150,86.35,225,0,74175
NIFTY27FEB2012600CE.NFO,07/01/2020,09:25:54,86,85.75,75,86.35,75,0,74175
NIFTY27FEB2012600CE.NFO,07/01/2020,09:25:56,86,85.6,75,86.35,75,0,74175
NIFTY27FEB2012600CE.NFO,07/01/2020,09:25:57,86,85.6,150,86.3,75,0,74175
NIFTY27FEB2012600CE.NFO,07/01/2020,09:25:58,86,85.75,75,86.35,150,0,74175
NIFTY27FEB2012600CE.NFO,07/01/2020,09:25:59,86,85.75,75,86.3,75,0,74175
NIFTY27FEB2012600CE.NFO,07/01/2020,09:26:00,86,85.6,150,86.15,75,0,74175
NIFTY27FEB2012600CE.NFO,07/01/2020,09:26:01,86,85.6,75,86.2,150,0,74175
NIFTY27FEB2012600CE.NFO,07/01/2020,09:26:03,86,85.45,150,86.15,75,0,74175
NIFTY27FEB2012600CE.NFO,07/01/2020,09:26:06,86,85.45,75,86.15,75,0,74175
NIFTY27FEB2012600CE.NFO,07/01/2020,09:26:07,86,85.45,75,86.05,150,0,74175
NIFTY27FEB2012600CE.NFO,07/01/2020,09:26:08,86,85.3,300,86.05,75,0,74175
NIFTY27FEB2012600CE.NFO,07/01/2020,09:26:10,86,85.45,75,86.05,75,0,74175
NIFTY27FEB2012600CE.NFO,07/01/2020,09:26:12,86,85.45,75,86,75,0,74175
NIFTY27FEB2012600CE.NFO,07/01/2020,09:26:14,86,85.45,150,86.15,75,0,74175
NIFTY27FEB2012600CE.NFO,07/01/2020,09:26:15,86,85.45,75,86.15,75,0,74175
NIFTY27FEB2012600CE.NFO,07/01/2020,09:26:17,86,85.45,150,86.15,75,0,74175
NIFTY27FEB2012600CE.NFO,07/01/2020,09:26:18,86,85.45,75,86,75,0,74175
NIFTY27FEB2012600CE.NFO,07/01/2020,09:26:19,86,85.3,150,86,75,0,74175
NIFTY27FEB2012600CE.NFO,07/01/2020,09:26:20,86,85.15,150,85.8,75,0,74175
NIFTY27FEB2012600CE.NFO,07/01/2020,09:26:21,86,85.3,225,86,75,0,74175
NIFTY27FEB2012600CE.NFO,07/01/2020,09:26:23,86,85.3,150,86.05,150,0,74175
NIFTY27FEB2012600CE.NFO,07/01/2020,09:26:26,86,85.45,75,86,75,0,74175
NIFTY27FEB2012600CE.NFO,07/01/2020,09:26:28,86,85.45,225,86,75,0,74175
NIFTY27FEB2012600CE.NFO,07/01/2020,09:26:29,86,85.45,75,86,75,0,74175
NIFTY27FEB2012600CE.NFO,07/01/2020,09:26:31,86,85.6,225,86,75,0,74175
NIFTY27FEB2012600CE.NFO,07/01/2020,09:26:32,86,85.65,150,86,75,0,74175
NIFTY27FEB2012600CE.NFO,07/01/2020,09:26:33,86,85.6,225,86,75,0,74175
NIFTY27FEB2012600CE.NFO,07/01/2020,09:26:36,86,85.6,75,86,75,0,74175
NIFTY27FEB2012600CE.NFO,07/01/2020,09:26:39,86,85.45,75,86,75,0,74175
NIFTY27FEB2012600CE.NFO,07/01/2020,09:26:40,85.9,85.3,150,85.95,75,75,74025
NIFTY27FEB2012600CE.NFO,07/01/2020,09:26:41,85.9,85.3,150,86,225,0,74025
NIFTY27FEB2012600CE.NFO,07/01/2020,09:26:42,85.9,85.45,75,86,75,0,74025
NIFTY27FEB2012600CE.NFO,07/01/2020,09:26:44,85.9,85.45,225,86,75,0,74025
NIFTY27FEB2012600CE.NFO,07/01/2020,09:26:45,85.9,85.6,75,86,75,0,74025
NIFTY27FEB2012600CE.NFO,07/01/2020,09:26:47,85.9,85.6,225,86,75,0,74025
NIFTY27FEB2012600CE.NFO,07/01/2020,09:26:48,85.9,85.6,75,86,75,0,74025
NIFTY27FEB2012600CE.NFO,07/01/2020,09:26:50,85.9,85.6,225,86,75,0,74025
NIFTY27FEB2012600CE.NFO,07/01/2020,09:26:51,85.9,85.6,75,86,75,0,74025
NIFTY27FEB2012600CE.NFO,07/01/2020,09:26:53,86,85.45,150,86.05,75,75,74025
NIFTY27FEB2012600CE.NFO,07/01/2020,09:26:54,86,85.35,150,85.9,75,0,74025
NIFTY27FEB2012600CE.NFO,07/01/2020,09:26:55,86,85.5,225,86.2,225,0,74025
NIFTY27FEB2012600CE.NFO,07/01/2020,09:26:58,86,85.65,150,86.05,75,0,74025
NIFTY27FEB2012600CE.NFO,07/01/2020,09:26:59,86,85.5,150,86.05,75,0,74025
NIFTY27FEB2012600CE.NFO,07/01/2020,09:27:01,86,85.45,300,86.05,75,0,74025
NIFTY27FEB2012600CE.NFO,07/01/2020,09:27:02,86,85.5,150,86.05,75,0,74025
NIFTY27FEB2012600CE.NFO,07/01/2020,09:27:12,86,85.65,150,86.2,225,0,74025
NIFTY27FEB2012600CE.NFO,07/01/2020,09:27:13,86,85.5,150,86.2,300,0,74025
NIFTY27FEB2012600CE.NFO,07/01/2020,09:27:14,86,85.45,75,86.05,225,0,74025
NIFTY27FEB2012600CE.NFO,07/01/2020,09:27:15,86,85.5,150,86.05,75,0,74025
NIFTY27FEB2012600CE.NFO,07/01/2020,09:27:16,86,85.45,300,86.2,300,0,74025
NIFTY27FEB2012600CE.NFO,07/01/2020,09:27:17,86,85.45,150,86.15,225,0,74025
NIFTY27FEB2012600CE.NFO,07/01/2020,09:27:18,86,85.45,150,86.2,300,0,74025
NIFTY27FEB2012600CE.NFO,07/01/2020,09:27:20,86,85.45,150,86.15,225,0,74025
NIFTY27FEB2012600CE.NFO,07/01/2020,09:27:23,86,85.5,150,86.2,225,0,74025
NIFTY27FEB2012600CE.NFO,07/01/2020,09:27:24,86,85.5,225,86.2,225,0,74025
NIFTY27FEB2012600CE.NFO,07/01/2020,09:27:25,86,85.45,75,86.05,75,0,74025
NIFTY27FEB2012600CE.NFO,07/01/2020,09:27:26,86,85.5,75,86.05,150,0,74025
NIFTY27FEB2012600CE.NFO,07/01/2020,09:27:27,86,85.5,75,86.05,75,0,74025
NIFTY27FEB2012600CE.NFO,07/01/2020,09:27:29,86,85.3,150,86.05,300,0,74025
NIFTY27FEB2012600CE.NFO,07/01/2020,09:27:30,86,85.45,75,86,75,0,74025
NIFTY27FEB2012600CE.NFO,07/01/2020,09:27:38,86,85.45,150,86.05,150,0,74025
NIFTY27FEB2012600CE.NFO,07/01/2020,09:27:39,86,85.45,75,86,75,0,74025
NIFTY27FEB2012600CE.NFO,07/01/2020,09:27:42,86,85.45,150,86.15,75,0,74025
NIFTY27FEB2012600CE.NFO,07/01/2020,09:27:44,86,85.3,75,85.85,75,0,74025
NIFTY27FEB2012600CE.NFO,07/01/2020,09:27:45,86,85.45,75,85.95,75,0,74025
NIFTY27FEB2012600CE.NFO,07/01/2020,09:27:50,86,85.45,75,86.1,75,0,74025
NIFTY27FEB2012600CE.NFO,07/01/2020,09:27:55,86,85.6,75,86.1,75,0,74025
NIFTY27FEB2012600CE.NFO,07/01/2020,09:28:00,86,85.3,75,85.85,75,0,74025
NIFTY27FEB2012600CE.NFO,07/01/2020,09:28:01,86,85.3,75,86,75,0,74025
NIFTY27FEB2012600CE.NFO,07/01/2020,09:28:02,86,85.45,75,86,75,0,74025
NIFTY27FEB2012600CE.NFO,07/01/2020,09:28:04,86,85.45,75,85.95,75,0,74025
NIFTY27FEB2012600CE.NFO,07/01/2020,09:28:05,86,85.3,75,85.95,75,0,74025
NIFTY27FEB2012600CE.NFO,07/01/2020,09:28:06,85.95,85.3,75,85.95,75,75,74025
NIFTY27FEB2012600CE.NFO,07/01/2020,09:28:07,85.95,85.15,75,85.85,75,0,74025
NIFTY27FEB2012600CE.NFO,07/01/2020,09:28:08,85.95,85.3,75,85.85,75,0,74025
NIFTY27FEB2012600CE.NFO,07/01/2020,09:28:10,85.95,85.45,75,85.95,75,0,74025
NIFTY27FEB2012600CE.NFO,07/01/2020,09:28:18,85.95,85.3,75,85.85,75,0,74025
NIFTY27FEB2012600CE.NFO,07/01/2020,09:28:19,85.95,85,150,85.65,75,0,74025
NIFTY27FEB2012600CE.NFO,07/01/2020,09:28:23,85.95,85,75,85.35,75,0,74025
NIFTY27FEB2012600CE.NFO,07/01/2020,09:28:24,85.95,85,75,85.15,75,0,74025
NIFTY27FEB2012600CE.NFO,07/01/2020,09:28:25,85,84.7,75,85.25,75,75,74025
NIFTY27FEB2012600CE.NFO,07/01/2020,09:28:26,85,84.6,75,85.15,75,0,74025
NIFTY27FEB2012600CE.NFO,07/01/2020,09:28:30,85,84.6,75,84.95,75,0,74025
NIFTY27FEB2012600CE.NFO,07/01/2020,09:28:31,85,84.4,75,84.9,75,0,74025
NIFTY27FEB2012600CE.NFO,07/01/2020,09:28:32,85,84.4,75,84.7,75,0,74025
NIFTY27FEB2012600CE.NFO,07/01/2020,09:28:34,85,84.55,75,84.95,75,0,74025
NIFTY27FEB2012600CE.NFO,07/01/2020,09:28:51,85,84.7,75,85.35,225,150,74025
NIFTY27FEB2012600CE.NFO,07/01/2020,09:28:52,85,84.7,75,85.35,225,0,74025
NIFTY27FEB2012600CE.NFO,07/01/2020,09:28:53,85,84.55,75,85.15,75,0,74025
NIFTY27FEB2012600CE.NFO,07/01/2020,09:28:54,85,84.4,75,85.15,225,0,74025
NIFTY27FEB2012600CE.NFO,07/01/2020,09:28:55,85,84.55,75,85.15,225,0,74025
NIFTY27FEB2012600CE.NFO,07/01/2020,09:29:00,85,84.55,75,85.3,225,0,74025
NIFTY27FEB2012600CE.NFO,07/01/2020,09:29:03,85.55,85,75,85.55,75,75,74025
NIFTY27FEB2012600CE.NFO,07/01/2020,09:29:04,85.55,85,75,85.7,225,0,74025
NIFTY27FEB2012600CE.NFO,07/01/2020,09:29:06,85,84.8,75,85.5,225,75,74025
NIFTY27FEB2012600CE.NFO,07/01/2020,09:29:07,85,84.8,75,85.5,225,0,74025
NIFTY27FEB2012600CE.NFO,07/01/2020,09:29:09,85,84.55,75,85.25,225,0,74025
NIFTY27FEB2012600CE.NFO,07/01/2020,09:29:10,84.1,84.6,75,85.25,225,450,74025
NIFTY27FEB2012600CE.NFO,07/01/2020,09:29:11,84.1,84.6,75,85.25,225,0,74025
NIFTY27FEB2012600CE.NFO,07/01/2020,09:29:12,84.1,84.75,75,85,75,0,74025
NIFTY27FEB2012600CE.NFO,07/01/2020,09:29:21,84.1,84.75,75,85,225,0,74025
NIFTY27FEB2012600CE.NFO,07/01/2020,09:29:23,84.1,84.6,75,85,225,0,74025
NIFTY27FEB2012600CE.NFO,07/01/2020,09:29:26,84.1,84.65,75,85,225,0,74025
NIFTY27FEB2012600CE.NFO,07/01/2020,09:29:41,84.1,84.5,75,85,225,0,74025
NIFTY27FEB2012600CE.NFO,07/01/2020,09:29:43,84.1,84.65,75,85,225,0,74025
NIFTY27FEB2012600CE.NFO,07/01/2020,09:29:57,84.1,84.5,75,85,225,0,74025
NIFTY27FEB2012600CE.NFO,07/01/2020,09:29:59,84.1,84.65,75,85,225,0,74025
NIFTY27FEB2012600CE.NFO,07/01/2020,09:30:02,84.1,84.8,75,85,225,0,74025
NIFTY27FEB2012600CE.NFO,07/01/2020,09:30:03,85,84.8,75,85.5,225,225,74700
NIFTY27FEB2012600CE.NFO,07/01/2020,09:30:04,85,84.8,75,85.35,75,0,74700
NIFTY27FEB2012600CE.NFO,07/01/2020,09:30:05,85,84.65,225,85.35,225,0,74700
NIFTY27FEB2012600CE.NFO,07/01/2020,09:30:06,85,84.65,75,85.2,75,0,74700
NIFTY27FEB2012600CE.NFO,07/01/2020,09:30:08,85,84.5,75,85.05,75,0,74700
NIFTY27FEB2012600CE.NFO,07/01/2020,09:30:09,85,84.65,75,85.2,75,0,74700
NIFTY27FEB2012600CE.NFO,07/01/2020,09:30:10,85,84.85,75,85.5,225,0,74700
NIFTY27FEB2012600CE.NFO,07/01/2020,09:30:11,85,84.8,150,85.35,75,0,74700
NIFTY27FEB2012600CE.NFO,07/01/2020,09:30:14,85,84.8,75,85.5,225,0,74700
NIFTY27FEB2012600CE.NFO,07/01/2020,09:30:15,85,84.65,75,85.3,75,0,74700
NIFTY27FEB2012600CE.NFO,07/01/2020,09:30:16,85,84.8,150,85.15,75,0,74700
NIFTY27FEB2012600CE.NFO,07/01/2020,09:30:19,85,84.65,150,85,75,0,74700
NIFTY27FEB2012600CE.NFO,07/01/2020,09:30:20,85,84.5,150,85,75,0,74700
NIFTY27FEB2012600CE.NFO,07/01/2020,09:30:21,85,84.55,150,85.15,75,0,74700
NIFTY27FEB2012600CE.NFO,07/01/2020,09:30:23,85,84.6,150,85.15,75,0,74700
NIFTY27FEB2012600CE.NFO,07/01/2020,09:30:24,85,84.65,75,85.3,75,0,74700
NIFTY27FEB2012600CE.NFO,07/01/2020,09:30:26,85,84.5,225,85.15,225,0,74700
NIFTY27FEB2012600CE.NFO,07/01/2020,09:30:27,85,84.55,150,85.15,225,0,74700
NIFTY27FEB2012600CE.NFO,07/01/2020,09:30:28,85,84.6,150,85.15,225,0,74700
NIFTY27FEB2012600CE.NFO,07/01/2020,09:30:29,85,84.6,150,85.15,75,0,74700
NIFTY27FEB2012600CE.NFO,07/01/2020,09:30:30,85,84.65,150,85.15,75,0,74700
NIFTY27FEB2012600CE.NFO,07/01/2020,09:30:31,85,84.65,150,85.5,225,0,74700
NIFTY27FEB2012600CE.NFO,07/01/2020,09:30:33,85,84.9,75,85.5,75,0,74700
NIFTY27FEB2012600CE.NFO,07/01/2020,09:30:37,85,84.8,75,85.5,225,0,74700
NIFTY27FEB2012600CE.NFO,07/01/2020,09:30:44,85,85.05,75,85.65,75,0,74700
NIFTY27FEB2012600CE.NFO,07/01/2020,09:30:47,85,85,75,85.65,75,0,74700
NIFTY27FEB2012600CE.NFO,07/01/2020,09:30:48,85,85,75,85.65,225,0,74700
NIFTY27FEB2012600CE.NFO,07/01/2020,09:30:51,85,85.15,75,85.7,75,0,74700
NIFTY27FEB2012600CE.NFO,07/01/2020,09:30:52,85,85,75,85.7,225,0,74700
NIFTY27FEB2012600CE.NFO,07/01/2020,09:30:56,85,84.8,75,85.55,225,0,74700
NIFTY27FEB2012600CE.NFO,07/01/2020,09:31:01,85,85.1,75,85.7,225,0,74700
NIFTY27FEB2012600CE.NFO,07/01/2020,09:31:05,85,84.95,75,85.7,225,0,74700
NIFTY27FEB2012600CE.NFO,07/01/2020,09:31:06,85,84.95,75,85.55,75,0,74700
NIFTY27FEB2012600CE.NFO,07/01/2020,09:31:08,85,84.95,75,85.7,225,0,74700
NIFTY27FEB2012600CE.NFO,07/01/2020,09:31:09,85,85.1,75,85.7,75,0,74700
NIFTY27FEB2012600CE.NFO,07/01/2020,09:31:12,85,85.1,75,85.85,225,0,74700
NIFTY27FEB2012600CE.NFO,07/01/2020,09:31:15,85,85.25,75,85.85,225,0,74700
NIFTY27FEB2012600CE.NFO,07/01/2020,09:31:16,85,85.1,75,85.85,225,0,74700
NIFTY27FEB2012600CE.NFO,07/01/2020,09:31:18,85,85.1,225,85.85,225,0,74700
NIFTY27FEB2012600CE.NFO,07/01/2020,09:31:19,85,85.15,150,85.85,225,0,74700
NIFTY27FEB2012600CE.NFO,07/01/2020,09:31:21,85,85.1,225,85.85,225,0,74700
NIFTY27FEB2012600CE.NFO,07/01/2020,09:31:23,85,85.1,225,85.7,75,0,74700
NIFTY27FEB2012600CE.NFO,07/01/2020,09:31:26,85,85.25,75,85.85,75,0,74700
NIFTY27FEB2012600CE.NFO,07/01/2020,09:31:27,85.1,85,150,85.45,75,150,74700
NIFTY27FEB2012600CE.NFO,07/01/2020,09:31:28,85.1,85,150,85.45,75,0,74700
NIFTY27FEB2012600CE.NFO,07/01/2020,09:31:30,85.1,84.8,75,85.45,75,0,74700
NIFTY27FEB2012600CE.NFO,07/01/2020,09:31:31,85.1,85,150,85.45,75,0,74700
NIFTY27FEB2012600CE.NFO,07/01/2020,09:31:35,85.1,85,150,85.55,225,0,74700
NIFTY27FEB2012600CE.NFO,07/01/2020,09:31:39,85.1,85,150,85.55,75,0,74700
NIFTY27FEB2012600CE.NFO,07/01/2020,09:31:40,85.1,85.15,150,85.55,75,0,74700
NIFTY27FEB2012600CE.NFO,07/01/2020,09:31:45,85.1,85,150,85.55,75,0,74700
NIFTY27FEB2012600CE.NFO,07/01/2020,09:31:52,85.1,85.15,150,85.7,75,0,74700
NIFTY27FEB2012600CE.NFO,07/01/2020,09:31:54,85.1,85.3,150,85.7,75,0,74700
NIFTY27FEB2012600CE.NFO,07/01/2020,09:31:56,85.1,85.3,150,85.85,225,0,74700
NIFTY27FEB2012600CE.NFO,07/01/2020,09:31:57,85.1,85.15,150,85.85,225,0,74700
NIFTY27FEB2012600CE.NFO,07/01/2020,09:31:58,85.1,85.3,150,85.85,75,0,74700
NIFTY27FEB2012600CE.NFO,07/01/2020,09:32:02,85.1,85.4,150,86,225,0,74700
NIFTY27FEB2012600CE.NFO,07/01/2020,09:32:03,85.1,85.45,150,86,75,0,74700
NIFTY27FEB2012600CE.NFO,07/01/2020,09:32:04,85.1,85.45,150,85.85,75,0,74700
NIFTY27FEB2012600CE.NFO,07/01/2020,09:32:07,85.1,85.3,150,85.85,75,0,74700
NIFTY27FEB2012600CE.NFO,07/01/2020,09:32:08,85.1,85.3,150,85.85,225,0,74700
NIFTY27FEB2012600CE.NFO,07/01/2020,09:32:09,85.1,85.45,150,85.85,75,0,74700
NIFTY27FEB2012600CE.NFO,07/01/2020,09:32:13,85.45,85.25,75,85.85,75,75,75075
NIFTY27FEB2012600CE.NFO,07/01/2020,09:32:14,85.45,85.65,150,85.85,75,0,75075
NIFTY27FEB2012600CE.NFO,07/01/2020,09:32:15,85.45,85.6,150,85.85,75,0,75075
NIFTY27FEB2012600CE.NFO,07/01/2020,09:32:16,85.75,85.75,75,85.85,75,75,75075
NIFTY27FEB2012600CE.NFO,07/01/2020,09:32:17,85.75,85.25,75,85.85,75,75,75075
NIFTY27FEB2012600CE.NFO,07/01/2020,09:32:19,85.75,85.25,75,86,75,0,75075
NIFTY27FEB2012600CE.NFO,07/01/2020,09:32:20,85.75,85.75,75,86.35,75,0,75075
NIFTY27FEB2012600CE.NFO,07/01/2020,09:32:23,85.75,85.75,75,86.55,75,0,75075
NIFTY27FEB2012600CE.NFO,07/01/2020,09:32:24,85.75,85.9,75,86.55,75,0,75075
NIFTY27FEB2012600CE.NFO,07/01/2020,09:32:26,85.75,86.05,75,86.7,225,0,75075
NIFTY27FEB2012600CE.NFO,07/01/2020,09:32:28,85.75,85.9,75,86.5,75,0,75075
NIFTY27FEB2012600CE.NFO,07/01/2020,09:32:29,85.75,85.9,75,86.65,225,0,75075
NIFTY27FEB2012600CE.NFO,07/01/2020,09:32:34,85.75,86.35,75,87,75,0,75075
NIFTY27FEB2012600CE.NFO,07/01/2020,09:32:39,85.75,86.5,75,87.25,75,0,75075
NIFTY27FEB2012600CE.NFO,07/01/2020,09:32:41,85.75,86.5,75,87.15,225,0,75075
NIFTY27FEB2012600CE.NFO,07/01/2020,09:32:43,85.75,86.65,75,87.3,75,0,75075
NIFTY27FEB2012600CE.NFO,07/01/2020,09:32:44,85.75,86.5,75,87.15,75,0,75075
NIFTY27FEB2012600CE.NFO,07/01/2020,09:32:45,87.05,87.05,150,87.15,75,225,75075
NIFTY27FEB2012600CE.NFO,07/01/2020,09:32:45,87.05,87.05,150,87.15,75,0,75075
NIFTY27FEB2012600CE.NFO,07/01/2020,09:32:47,87.05,87.05,150,87.15,75,0,75075
NIFTY27FEB2012600CE.NFO,07/01/2020,09:32:48,87.05,87.05,75,87.2,225,75,75075
NIFTY27FEB2012600CE.NFO,07/01/2020,09:32:49,87.05,87.05,75,87.2,225,0,75075
NIFTY27FEB2012600CE.NFO,07/01/2020,09:32:52,87.05,87.05,75,87.35,75,0,75075
NIFTY27FEB2012600CE.NFO,07/01/2020,09:33:01,87.05,87.05,75,87.5,75,0,75075
NIFTY27FEB2012600CE.NFO,07/01/2020,09:33:10,87.05,87.05,75,87.6,75,0,75075
NIFTY27FEB2012600CE.NFO,07/01/2020,09:33:11,87.05,87.05,75,87.75,225,0,75075
NIFTY27FEB2012600CE.NFO,07/01/2020,09:33:13,87.05,87.05,75,87.55,75,0,75075
NIFTY27FEB2012600CE.NFO,07/01/2020,09:33:16,87.05,87,75,87.75,225,0,75075
NIFTY27FEB2012600CE.NFO,07/01/2020,09:33:17,87.05,86.85,75,87.6,225,0,75075
NIFTY27FEB2012600CE.NFO,07/01/2020,09:33:19,87.05,86.7,75,87.45,225,0,75075
NIFTY27FEB2012600CE.NFO,07/01/2020,09:33:22,87.05,86.95,75,87.75,225,0,75075
NIFTY27FEB2012600CE.NFO,07/01/2020,09:33:23,87.05,87.1,75,87.75,225,0,75075
NIFTY27FEB2012600CE.NFO,07/01/2020,09:33:25,87.05,87.15,75,87.95,225,0,75075
NIFTY27FEB2012600CE.NFO,07/01/2020,09:33:27,87.05,87.3,75,87.95,75,0,75075
NIFTY27FEB2012600CE.NFO,07/01/2020,09:33:29,87.95,87.3,75,87.95,225,75,75075
NIFTY27FEB2012600CE.NFO,07/01/2020,09:33:29,87.95,87.3,75,87.95,225,0,75075
NIFTY27FEB2012600CE.NFO,07/01/2020,09:33:30,87.95,87.3,75,87.95,225,0,75075
NIFTY27FEB2012600CE.NFO,07/01/2020,09:33:34,87.95,87.15,75,87.95,225,0,75075
NIFTY27FEB2012600CE.NFO,07/01/2020,09:33:36,87.95,87.3,75,87.95,225,0,75075
NIFTY27FEB2012600CE.NFO,07/01/2020,09:33:39,87.95,87.15,75,87.95,225,0,75075
NIFTY27FEB2012600CE.NFO,07/01/2020,09:33:40,87.95,87.3,75,87.95,75,0,75075
NIFTY27FEB2012600CE.NFO,07/01/2020,09:33:44,87.95,87.15,75,87.95,225,0,75075
NIFTY27FEB2012600CE.NFO,07/01/2020,09:33:46,87.95,87.1,75,87.8,225,0,75075
NIFTY27FEB2012600CE.NFO,07/01/2020,09:33:48,87.95,87.25,75,87.95,225,0,75075
NIFTY27FEB2012600CE.NFO,07/01/2020,09:33:52,87.95,87.4,75,87.95,225,0,75075
NIFTY27FEB2012600CE.NFO,07/01/2020,09:33:53,87.95,87.4,75,87.95,75,0,75075
NIFTY27FEB2012600CE.NFO,07/01/2020,09:33:54,87.95,87.4,75,88,225,0,75075
NIFTY27FEB2012600CE.NFO,07/01/2020,09:33:55,87.95,87.4,75,88,75,0,75075
NIFTY27FEB2012600CE.NFO,07/01/2020,09:33:58,87.95,87.7,75,88,75,0,75075
NIFTY27FEB2012600CE.NFO,07/01/2020,09:34:01,88,87.85,75,88.55,75,75,75075
NIFTY27FEB2012600CE.NFO,07/01/2020,09:34:01,88,87.85,75,88.55,75,0,75075
NIFTY27FEB2012600CE.NFO,07/01/2020,09:34:02,88,88,75,88.6,75,0,75075
NIFTY27FEB2012600CE.NFO,07/01/2020,09:34:04,88,87.85,75,88.6,75,0,75075
NIFTY27FEB2012600CE.NFO,07/01/2020,09:34:06,88,87.7,75,88.45,75,0,75075
NIFTY27FEB2012600CE.NFO,07/01/2020,09:34:07,88,87.95,75,88.3,75,0,75075
NIFTY27FEB2012600CE.NFO,07/01/2020,09:34:12,88,87.95,75,88.45,75,0,75075
NIFTY27FEB2012600CE.NFO,07/01/2020,09:34:13,88,87.95,75,88.3,75,0,75075
NIFTY27FEB2012600CE.NFO,07/01/2020,09:34:14,88,87.95,75,88.45,75,0,75075
NIFTY27FEB2012600CE.NFO,07/01/2020,09:34:19,88,88,75,88.45,75,0,75075
NIFTY27FEB2012600CE.NFO,07/01/2020,09:34:20,87.95,87.55,75,88.1,225,150,75075
NIFTY27FEB2012600CE.NFO,07/01/2020,09:34:21,87.95,87.55,75,88.25,225,0,75075
NIFTY27FEB2012600CE.NFO,07/01/2020,09:34:25,87.95,87.75,75,88.3,75,0,75075
NIFTY27FEB2012600CE.NFO,07/01/2020,09:34:26,87.95,87.55,75,88.15,75,0,75075
NIFTY27FEB2012600CE.NFO,07/01/2020,09:34:27,87.95,87.4,75,88.15,225,0,75075
NIFTY27FEB2012600CE.NFO,07/01/2020,09:34:28,87.95,87.4,75,88,75,0,75075
NIFTY27FEB2012600CE.NFO,07/01/2020,09:34:30,87.95,87.25,75,87.85,75,0,75075
NIFTY27FEB2012600CE.NFO,07/01/2020,09:34:31,87.95,87.25,75,88,225,0,75075
NIFTY27FEB2012600CE.NFO,07/01/2020,09:34:34,87.95,87.1,75,87.85,225,0,75075
NIFTY27FEB2012600CE.NFO,07/01/2020,09:34:37,87.95,87.25,75,87.85,225,0,75075
NIFTY27FEB2012600CE.NFO,07/01/2020,09:34:38,87.95,87.25,75,88,225,0,75075
NIFTY27FEB2012600CE.NFO,07/01/2020,09:34:41,87.95,87.4,75,88,75,0,75075
NIFTY27FEB2012600CE.NFO,07/01/2020,09:34:48,87.95,87.25,75,88,225,0,75075
NIFTY27FEB2012600CE.NFO,07/01/2020,09:34:49,87.95,87.4,75,88,75,0,75075
NIFTY27FEB2012600CE.NFO,07/01/2020,09:34:50,87.95,87.4,75,88.15,225,0,75075
NIFTY27FEB2012600CE.NFO,07/01/2020,09:34:51,87.95,87.55,75,88.15,225,0,75075
NIFTY27FEB2012600CE.NFO,07/01/2020,09:34:52,87.95,87.4,75,88.15,225,0,75075
NIFTY27FEB2012600CE.NFO,07/01/2020,09:34:54,87.95,87.4,75,88,75,0,75075
NIFTY27FEB2012600CE.NFO,07/01/2020,09:34:57,87.95,87.55,75,88.15,225,0,75075
NIFTY27FEB2012600CE.NFO,07/01/2020,09:34:58,87.95,87.8,75,88.45,225,0,75075
NIFTY27FEB2012600CE.NFO,07/01/2020,09:35:00,87.95,87.95,75,88.6,225,0,75075
NIFTY27FEB2012600CE.NFO,07/01/2020,09:35:03,87.95,87.95,75,88.75,75,0,75075
NIFTY27FEB2012600CE.NFO,07/01/2020,09:35:04,87.95,88.1,75,88.75,75,0,75075
NIFTY27FEB2012600CE.NFO,07/01/2020,09:35:06,87.95,87.8,75,88.5,225,0,75075
NIFTY27FEB2012600CE.NFO,07/01/2020,09:35:13,87.95,87.55,75,88.35,225,0,75075
NIFTY27FEB2012600CE.NFO,07/01/2020,09:35:14,87.95,87.55,75,88.2,225,0,75075
NIFTY27FEB2012600CE.NFO,07/01/2020,09:35:15,87.95,87.55,225,88.2,225,0,75075
NIFTY27FEB2012600CE.NFO,07/01/2020,09:35:16,87.95,87.6,150,88.35,225,0,75075
NIFTY27FEB2012600CE.NFO,07/01/2020,09:35:17,87.95,87.55,75,88.35,225,0,75075
NIFTY27FEB2012600CE.NFO,07/01/2020,09:35:18,87.95,87.55,225,88.35,225,0,75075
NIFTY27FEB2012600CE.NFO,07/01/2020,09:35:19,87.95,87.55,75,88.2,225,0,75075
NIFTY27FEB2012600CE.NFO,07/01/2020,09:35:23,87.95,87.4,75,88.05,75,0,75075
NIFTY27FEB2012600CE.NFO,07/01/2020,09:35:25,87.95,87.4,75,88.05,225,0,75075
NIFTY27FEB2012600CE.NFO,07/01/2020,09:35:28,87.95,87.55,75,88.2,225,0,75075
NIFTY27FEB2012600CE.NFO,07/01/2020,09:35:29,87.95,87.7,75,88.35,225,0,75075
NIFTY27FEB2012600CE.NFO,07/01/2020,09:35:31,87.95,87.55,75,88.2,225,0,75075
NIFTY27FEB2012600CE.NFO,07/01/2020,09:35:36,87.95,87.45,75,88.05,225,75,75225
NIFTY27FEB2012600CE.NFO,07/01/2020,09:35:37,87.95,87.45,75,88.05,225,0,75225
NIFTY27FEB2012600CE.NFO,07/01/2020,09:35:38,87.95,87.45,75,88.2,225,0,75225
NIFTY27FEB2012600CE.NFO,07/01/2020,09:35:40,87.95,87.45,75,88.05,75,0,75225
NIFTY27FEB2012600CE.NFO,07/01/2020,09:35:44,87.95,87.3,75,88.05,225,0,75225
NIFTY27FEB2012600CE.NFO,07/01/2020,09:35:45,87.95,87.1,75,87.7,75,0,75225
NIFTY27FEB2012600CE.NFO,07/01/2020,09:35:48,87.95,87.45,75,88.05,75,0,75225
NIFTY27FEB2012600CE.NFO,07/01/2020,09:35:50,87.95,87.6,75,88.35,225,0,75225
NIFTY27FEB2012600CE.NFO,07/01/2020,09:35:51,87.95,87.75,75,88.35,225,0,75225
NIFTY27FEB2012600CE.NFO,07/01/2020,09:35:52,87.95,87.9,75,88.5,225,0,75225
NIFTY27FEB2012600CE.NFO,07/01/2020,09:35:55,87.75,87.6,75,88.35,225,75,75225
NIFTY27FEB2012600CE.NFO,07/01/2020,09:35:57,87.75,87.85,75,88.5,225,0,75225
NIFTY27FEB2012600CE.NFO,07/01/2020,09:36:04,87.75,87.85,75,88.5,75,0,75225
NIFTY27FEB2012600CE.NFO,07/01/2020,09:36:05,87.75,87.85,75,88.5,225,0,75225
NIFTY27FEB2012600CE.NFO,07/01/2020,09:36:06,87.75,88.25,75,88.9,225,0,75225
NIFTY27FEB2012600CE.NFO,07/01/2020,09:36:12,87.75,88.25,75,88.9,75,0,75225
NIFTY27FEB2012600CE.NFO,07/01/2020,09:36:13,87.75,88.1,75,88.9,75,0,75225
NIFTY27FEB2012600CE.NFO,07/01/2020,09:36:14,87.75,88.3,75,88.9,75,0,75225
NIFTY27FEB2012600CE.NFO,07/01/2020,09:36:17,87.75,88.15,75,88.9,75,0,75225
NIFTY27FEB2012600CE.NFO,07/01/2020,09:36:23,87.75,88.15,75,88.75,75,0,75225
NIFTY27FEB2012600CE.NFO,07/01/2020,09:36:24,87.75,88.15,75,88.9,225,0,75225
NIFTY27FEB2012600CE.NFO,07/01/2020,09:36:30,87.75,88.2,225,88.9,225,0,75225
NIFTY27FEB2012600CE.NFO,07/01/2020,09:36:34,87.75,88.3,75,88.95,75,0,75225
NIFTY27FEB2012600CE.NFO,07/01/2020,09:36:35,87.75,88.3,75,88.95,225,0,75225
NIFTY27FEB2012600CE.NFO,07/01/2020,09:36:43,87.75,88.3,75,89.1,225,0,75225
NIFTY27FEB2012600CE.NFO,07/01/2020,09:36:44,87.75,88.45,75,89.1,75,0,75225
NIFTY27FEB2012600CE.NFO,07/01/2020,09:36:45,87.75,88.45,75,89.1,225,0,75225
NIFTY27FEB2012600CE.NFO,07/01/2020,09:36:47,87.75,88.3,75,89.1,225,0,75225
NIFTY27FEB2012600CE.NFO,07/01/2020,09:36:48,87.75,88.15,75,88.95,225,0,75225
NIFTY27FEB2012600CE.NFO,07/01/2020,09:36:49,87.75,88.3,75,88.95,225,0,75225
NIFTY27FEB2012600CE.NFO,07/01/2020,09:36:52,87.75,88.2,225,88.95,225,0,75225
NIFTY27FEB2012600CE.NFO,07/01/2020,09:36:53,87.75,88.35,225,88.95,75,0,75225
NIFTY27FEB2012600CE.NFO,07/01/2020,09:36:55,87.75,88.2,225,88.95,225,0,75225
NIFTY27FEB2012600CE.NFO,07/01/2020,09:36:57,87.75,88.35,225,88.95,225,0,75225
NIFTY27FEB2012600CE.NFO,07/01/2020,09:36:59,87.75,88.15,75,88.8,225,0,75225
NIFTY27FEB2012600CE.NFO,07/01/2020,09:37:02,87.75,88.35,75,89.1,225,0,75225
NIFTY27FEB2012600CE.NFO,07/01/2020,09:37:04,87.75,88.35,75,88.95,75,0,75225
NIFTY27FEB2012600CE.NFO,07/01/2020,09:37:08,87.75,88.35,75,89.1,75,0,75225
NIFTY27FEB2012600CE.NFO,07/01/2020,09:37:09,87.75,88.35,75,88.95,75,0,75225
NIFTY27FEB2012600CE.NFO,07/01/2020,09:37:11,87.75,88.35,75,89.1,75,0,75225
NIFTY27FEB2012600CE.NFO,07/01/2020,09:37:14,87.75,88.55,75,89.1,75,0,75225
NIFTY27FEB2012600CE.NFO,07/01/2020,09:37:16,87.75,88.4,75,89.1,75,0,75225
NIFTY27FEB2012600CE.NFO,07/01/2020,09:37:22,87.75,88.4,75,88.95,75,0,75225
NIFTY27FEB2012600CE.NFO,07/01/2020,09:37:24,87.75,88.2,75,88.95,75,0,75225
NIFTY27FEB2012600CE.NFO,07/01/2020,09:37:27,87.75,88.2,75,88.8,75,0,75225
NIFTY27FEB2012600CE.NFO,07/01/2020,09:37:30,87.75,88.15,75,88.8,75,0,75225
NIFTY27FEB2012600CE.NFO,07/01/2020,09:37:32,87.75,88.15,75,88.9,75,0,75225
NIFTY27FEB2012600CE.NFO,07/01/2020,09:37:33,87.75,88.15,75,88.75,75,0,75225
NIFTY27FEB2012600CE.NFO,07/01/2020,09:37:36,87.75,88.15,75,88.9,75,0,75225
NIFTY27FEB2012600CE.NFO,07/01/2020,09:37:38,87.75,88.2,225,88.9,75,0,75225
NIFTY27FEB2012600CE.NFO,07/01/2020,09:37:39,87.75,88.35,225,88.9,75,0,75225
NIFTY27FEB2012600CE.NFO,07/01/2020,09:37:40,87.75,88.3,75,88.9,75,0,75225
NIFTY27FEB2012600CE.NFO,07/01/2020,09:37:41,87.75,88.2,225,88.9,75,0,75225
NIFTY27FEB2012600CE.NFO,07/01/2020,09:37:47,87.75,88.3,75,88.9,75,0,75225
NIFTY27FEB2012600CE.NFO,07/01/2020,09:37:53,87.75,88.35,75,89.1,75,0,75225
NIFTY27FEB2012600CE.NFO,07/01/2020,09:37:55,87.75,88.25,225,88.8,75,0,75225
NIFTY27FEB2012600CE.NFO,07/01/2020,09:37:56,87.75,88.15,75,88.8,75,0,75225
NIFTY27FEB2012600CE.NFO,07/01/2020,09:37:57,87.75,88.05,225,88.65,75,0,75225
NIFTY27FEB2012600CE.NFO,07/01/2020,09:38:02,87.75,88,75,88.65,75,0,75225
NIFTY27FEB2012600CE.NFO,07/01/2020,09:38:07,87.75,88.05,225,88.65,75,0,75225
NIFTY27FEB2012600CE.NFO,07/01/2020,09:38:08,87.75,88,75,88.65,75,0,75225
NIFTY27FEB2012600CE.NFO,07/01/2020,09:38:09,87.75,88.05,225,88.65,75,0,75225
NIFTY27FEB2012600CE.NFO,07/01/2020,09:38:13,87.75,88.15,75,88.8,75,0,75225
NIFTY27FEB2012600CE.NFO,07/01/2020,09:38:14,87.75,88.2,225,88.8,75,0,75225
NIFTY27FEB2012600CE.NFO,07/01/2020,09:38:17,87.75,88.15,75,88.8,75,0,75225
NIFTY27FEB2012600CE.NFO,07/01/2020,09:38:18,87.75,88.3,75,88.95,225,0,75225
NIFTY27FEB2012600CE.NFO,07/01/2020,09:38:23,87.75,88.45,75,89.1,225,0,75225
NIFTY27FEB2012600CE.NFO,07/01/2020,09:38:24,87.75,88.3,75,88.95,225,0,75225
NIFTY27FEB2012600CE.NFO,07/01/2020,09:38:25,87.75,88.15,75,88.95,225,0,75225
NIFTY27FEB2012600CE.NFO,07/01/2020,09:38:26,87.75,88.15,75,88.8,225,0,75225
NIFTY27FEB2012600CE.NFO,07/01/2020,09:38:28,87.75,88,75,88.8,225,0,75225
NIFTY27FEB2012600CE.NFO,07/01/2020,09:38:30,87.75,88,75,88.65,225,0,75225
NIFTY27FEB2012600CE.NFO,07/01/2020,09:38:33,87.75,88.05,225,88.65,75,0,75225
NIFTY27FEB2012600CE.NFO,07/01/2020,09:38:36,87.75,88,75,88.65,225,0,75225
NIFTY27FEB2012600CE.NFO,07/01/2020,09:38:37,87.75,88.05,225,88.65,225,0,75225
NIFTY27FEB2012600CE.NFO,07/01/2020,09:38:38,87.75,88.05,225,88.65,75,0,75225
NIFTY27FEB2012600CE.NFO,07/01/2020,09:38:42,87.75,88.05,225,88.65,225,0,75225
NIFTY27FEB2012600CE.NFO,07/01/2020,09:38:45,87.75,88,75,88.65,225,0,75225
NIFTY27FEB2012600CE.NFO,07/01/2020,09:38:46,87.75,88,225,88.65,225,0,75225
NIFTY27FEB2012600CE.NFO,07/01/2020,09:38:47,87.75,87.9,225,88.5,75,0,75225
NIFTY27FEB2012600CE.NFO,07/01/2020,09:38:50,87.75,87.9,225,88.65,225,0,75225
NIFTY27FEB2012600CE.NFO,07/01/2020,09:38:51,87.75,88.2,225,88.8,225,0,75225
NIFTY27FEB2012600CE.NFO,07/01/2020,09:38:54,87.75,88.15,75,88.8,225,0,75225
NIFTY27FEB2012600CE.NFO,07/01/2020,09:38:57,87.75,88.15,75,88.8,75,0,75225
NIFTY27FEB2012600CE.NFO,07/01/2020,09:38:58,87.75,88.15,75,88.8,225,0,75225
NIFTY27FEB2012600CE.NFO,07/01/2020,09:38:59,87.75,88.15,75,88.95,225,0,75225
NIFTY27FEB2012600CE.NFO,07/01/2020,09:39:00,87.75,88.3,75,88.95,75,0,75225
NIFTY27FEB2012600CE.NFO,07/01/2020,09:39:01,87.75,88.3,75,88.95,225,0,75225
NIFTY27FEB2012600CE.NFO,07/01/2020,09:39:06,87.75,88.15,75,88.8,225,0,75225
NIFTY27FEB2012600CE.NFO,07/01/2020,09:39:07,88.95,88.45,225,89.2,225,525,75300
NIFTY27FEB2012600CE.NFO,07/01/2020,09:39:07,88.95,88.45,225,89.2,225,0,75300
NIFTY27FEB2012600CE.NFO,07/01/2020,09:39:08,88.95,88.45,225,89.2,225,0,75300
NIFTY27FEB2012600CE.NFO,07/01/2020,09:39:13,88.95,88.6,225,89.35,225,0,75300
NIFTY27FEB2012600CE.NFO,07/01/2020,09:39:15,88.95,88.6,225,89.3,225,0,75300
NIFTY27FEB2012600CE.NFO,07/01/2020,09:39:20,88.95,88.65,225,89.2,75,0,75300
NIFTY27FEB2012600CE.NFO,07/01/2020,09:39:22,88.95,88.7,225,89.2,75,0,75300
NIFTY27FEB2012600CE.NFO,07/01/2020,09:39:24,88.95,88.8,225,89.2,75,0,75300
NIFTY27FEB2012600CE.NFO,07/01/2020,09:39:25,88.95,88.75,225,89.2,75,0,75300
NIFTY27FEB2012600CE.NFO,07/01/2020,09:39:26,88.95,88.7,225,89.2,75,0,75300
NIFTY27FEB2012600CE.NFO,07/01/2020,09:39:27,88.95,88.75,375,89.35,225,0,75300
NIFTY27FEB2012600CE.NFO,07/01/2020,09:39:29,88.95,88.8,225,89.35,225,0,75300
NIFTY27FEB2012600CE.NFO,07/01/2020,09:39:30,88.95,88.75,225,89.35,225,0,75300
NIFTY27FEB2012600CE.NFO,07/01/2020,09:39:31,88.95,88.8,225,89.35,225,0,75300
NIFTY27FEB2012600CE.NFO,07/01/2020,09:39:36,88.95,88.85,225,89.35,75,0,75300
NIFTY27FEB2012600CE.NFO,07/01/2020,09:39:39,88.95,88.8,225,89.35,75,0,75300
NIFTY27FEB2012600CE.NFO,07/01/2020,09:39:40,88.95,88.7,375,89.35,225,0,75300
NIFTY27FEB2012600CE.NFO,07/01/2020,09:39:41,88.95,88.65,525,89.35,225,0,75300
NIFTY27FEB2012600CE.NFO,07/01/2020,09:39:42,88.95,88.8,225,89.2,75,0,75300
NIFTY27FEB2012600CE.NFO,07/01/2020,09:39:43,88.95,88.7,375,89.2,75,0,75300
NIFTY27FEB2012600CE.NFO,07/01/2020,09:39:44,88.95,88.75,225,89.2,75,0,75300
NIFTY27FEB2012600CE.NFO,07/01/2020,09:39:46,88.95,88.85,225,89.35,75,0,75300
NIFTY27FEB2012600CE.NFO,07/01/2020,09:39:47,88.95,88.9,150,89.35,75,0,75300
NIFTY27FEB2012600CE.NFO,07/01/2020,09:39:48,88.95,88.95,225,89.35,75,0,75300
NIFTY27FEB2012600CE.NFO,07/01/2020,09:39:51,88.95,88.85,225,89.35,75,0,75300
NIFTY27FEB2012600CE.NFO,07/01/2020,09:39:52,88.95,88.9,225,89.5,225,0,75300
NIFTY27FEB2012600CE.NFO,07/01/2020,09:39:53,88.95,88.9,375,89.5,225,0,75300
NIFTY27FEB2012600CE.NFO,07/01/2020,09:39:54,88.95,89,225,89.5,75,0,75300
NIFTY27FEB2012600CE.NFO,07/01/2020,09:39:55,88.95,88.95,375,89.5,75,0,75300
NIFTY27FEB2012600CE.NFO,07/01/2020,09:39:56,88.95,89.05,225,89.5,75,0,75300
NIFTY27FEB2012600CE.NFO,07/01/2020,09:39:57,88.95,89,225,89.35,75,0,75300
NIFTY27FEB2012600CE.NFO,07/01/2020,09:39:58,88.9,88.85,300,89.35,75,300,75300
NIFTY27FEB2012600CE.NFO,07/01/2020,09:39:58,89,88.85,300,89.35,75,0,75300
NIFTY27FEB2012600CE.NFO,07/01/2020,09:39:59,88.9,88.9,225,89.35,75,0,75300
NIFTY27FEB2012600CE.NFO,07/01/2020,09:40:00,88.9,89.25,225,89.65,75,0,75300
NIFTY27FEB2012600CE.NFO,07/01/2020,09:40:02,88.9,89.55,225,89.8,75,0,75300
NIFTY27FEB2012600CE.NFO,07/01/2020,09:40:03,88.9,89.45,225,89.8,75,0,75300
NIFTY27FEB2012600CE.NFO,07/01/2020,09:40:04,89.8,89.25,375,89.95,75,150,75300
NIFTY27FEB2012600CE.NFO,07/01/2020,09:40:04,89.8,89.25,375,89.95,75,0,75300
NIFTY27FEB2012600CE.NFO,07/01/2020,09:40:06,89.8,89.55,225,90.15,75,0,75300
NIFTY27FEB2012600CE.NFO,07/01/2020,09:40:07,89.8,89.6,225,90.15,75,0,75300
NIFTY27FEB2012600CE.NFO,07/01/2020,09:40:08,89.8,89.75,375,90.3,75,0,75300
NIFTY27FEB2012600CE.NFO,07/01/2020,09:40:09,89.8,89.6,375,90.3,75,0,75300
NIFTY27FEB2012600CE.NFO,07/01/2020,09:40:11,89.8,89.75,375,90.3,75,0,75300
NIFTY27FEB2012600CE.NFO,07/01/2020,09:40:12,89.8,89.9,225,90.3,75,0,75300
NIFTY27FEB2012600CE.NFO,07/01/2020,09:40:13,89.8,89.85,225,90.3,75,0,75300
NIFTY27FEB2012600CE.NFO,07/01/2020,09:40:14,89.8,89.6,225,90.15,75,0,75300
NIFTY27FEB2012600CE.NFO,07/01/2020,09:40:15,89.8,89.4,225,90,225,0,75300
NIFTY27FEB2012600CE.NFO,07/01/2020,09:40:16,89.8,89.25,225,89.85,75,0,75300
NIFTY27FEB2012600CE.NFO,07/01/2020,09:40:17,89.8,89.35,75,90,225,0,75300
NIFTY27FEB2012600CE.NFO,07/01/2020,09:40:19,89.8,89.4,225,90,225,0,75300
NIFTY27FEB2012600CE.NFO,07/01/2020,09:40:20,89.8,89.4,225,89.85,75,0,75300
NIFTY27FEB2012600CE.NFO,07/01/2020,09:40:21,89.8,89.25,225,89.85,75,0,75300
NIFTY27FEB2012600CE.NFO,07/01/2020,09:40:24,89.8,89.4,225,90,75,0,75300
NIFTY27FEB2012600CE.NFO,07/01/2020,09:40:32,89.8,89.25,225,89.85,75,0,75300
NIFTY27FEB2012600CE.NFO,07/01/2020,09:40:35,89.8,89.25,225,89.7,75,0,75300
NIFTY27FEB2012600CE.NFO,07/01/2020,09:40:37,89.8,89.1,375,89.85,225,0,75300
NIFTY27FEB2012600CE.NFO,07/01/2020,09:40:41,89.8,89.1,225,89.85,225,0,75300
NIFTY27FEB2012600CE.NFO,07/01/2020,09:40:42,89.8,89.2,150,89.85,225,0,75300
NIFTY27FEB2012600CE.NFO,07/01/2020,09:40:43,89.8,89.2,225,89.85,225,0,75300
NIFTY27FEB2012600CE.NFO,07/01/2020,09:40:44,89.85,89.25,225,90,75,225,75300
NIFTY27FEB2012600CE.NFO,07/01/2020,09:40:44,89.85,89.25,225,90,75,0,75300
NIFTY27FEB2012600CE.NFO,07/01/2020,09:40:45,89.85,89.25,375,90,75,0,75300
NIFTY27FEB2012600CE.NFO,07/01/2020,09:40:51,89.85,89.3,375,90,75,0,75300
NIFTY27FEB2012600CE.NFO,07/01/2020,09:40:52,89.85,89.4,225,90,75,0,75300
NIFTY27FEB2012600CE.NFO,07/01/2020,09:40:59,89.85,89.3,225,89.85,75,0,75300
NIFTY27FEB2012600CE.NFO,07/01/2020,09:41:03,89.85,89.25,225,89.85,75,0,75300
NIFTY27FEB2012600CE.NFO,07/01/2020,09:41:04,89.85,89.15,225,89.85,75,0,75300
NIFTY27FEB2012600CE.NFO,07/01/2020,09:41:05,89.85,89.15,225,89.7,75,0,75300
NIFTY27FEB2012600CE.NFO,07/01/2020,09:41:08,89.85,89.1,225,89.7,75,0,75300
NIFTY27FEB2012600CE.NFO,07/01/2020,09:41:11,89.85,89.5,75,89.7,75,0,75300
NIFTY27FEB2012600CE.NFO,07/01/2020,09:41:13,89.85,89.55,225,89.85,75,0,75300
NIFTY27FEB2012600CE.NFO,07/01/2020,09:41:15,89.85,89.55,225,90,75,0,75300
NIFTY27FEB2012600CE.NFO,07/01/2020,09:41:16,89.85,89.55,225,89.85,75,0,75300
NIFTY27FEB2012600CE.NFO,07/01/2020,09:41:19,89.85,89.55,225,90,75,0,75300
NIFTY27FEB2012600CE.NFO,07/01/2020,09:41:24,89.85,89.55,225,89.8,75,0,75300
NIFTY27FEB2012600CE.NFO,07/01/2020,09:41:33,89.85,89.55,225,89.95,75,0,75300
NIFTY27FEB2012600CE.NFO,07/01/2020,09:41:34,89.85,89.55,225,90.15,75,0,75300
NIFTY27FEB2012600CE.NFO,07/01/2020,09:41:37,89.85,89.55,225,90,75,0,75300
NIFTY27FEB2012600CE.NFO,07/01/2020,09:41:40,89.85,89.55,225,89.85,75,0,75300
NIFTY27FEB2012600CE.NFO,07/01/2020,09:41:43,89.85,89.5,75,89.85,75,0,75300
NIFTY27FEB2012600CE.NFO,07/01/2020,09:41:44,89.85,89.55,150,90,75,75,75375
NIFTY27FEB2012600CE.NFO,07/01/2020,09:41:45,89.85,89.5,75,89.85,75,0,75375
NIFTY27FEB2012600CE.NFO,07/01/2020,09:41:46,89.85,89.55,75,90,75,75,75375
NIFTY27FEB2012600CE.NFO,07/01/2020,09:41:47,90,90,75,90.15,75,75,75375
NIFTY27FEB2012600CE.NFO,07/01/2020,09:41:47,90,90,75,90.15,75,0,75375
NIFTY27FEB2012600CE.NFO,07/01/2020,09:41:49,90,89.55,75,90.15,75,75,75375
NIFTY27FEB2012600CE.NFO,07/01/2020,09:41:50,90,89.5,225,90.15,75,0,75375
NIFTY27FEB2012600CE.NFO,07/01/2020,09:41:51,90,89.5,75,90,75,0,75375
NIFTY27FEB2012600CE.NFO,07/01/2020,09:41:56,90,89.5,225,90.25,75,0,75375
NIFTY27FEB2012600CE.NFO,07/01/2020,09:41:57,90,89.55,225,90.25,75,0,75375
NIFTY27FEB2012600CE.NFO,07/01/2020,09:41:59,90,89.55,75,90,150,0,75375
NIFTY27FEB2012600CE.NFO,07/01/2020,09:42:00,90,89.5,75,90,150,0,75375
NIFTY27FEB2012600CE.NFO,07/01/2020,09:42:02,90,89.6,75,90,150,0,75375
NIFTY27FEB2012600CE.NFO,07/01/2020,09:42:03,90,89.5,75,90,150,0,75375
NIFTY27FEB2012600CE.NFO,07/01/2020,09:42:14,89.5,89.45,75,90.15,75,150,75375
NIFTY27FEB2012600CE.NFO,07/01/2020,09:42:18,89.5,89.45,225,90,75,0,75375
NIFTY27FEB2012600CE.NFO,07/01/2020,09:42:22,89.5,89.75,75,90,75,0,75375
NIFTY27FEB2012600CE.NFO,07/01/2020,09:42:23,89.5,89.9,75,90,75,0,75375
NIFTY27FEB2012600CE.NFO,07/01/2020,09:42:25,90,89.75,225,90.45,75,75,75375
NIFTY27FEB2012600CE.NFO,07/01/2020,09:42:26,90,89.9,225,90.6,75,0,75375
NIFTY27FEB2012600CE.NFO,07/01/2020,09:42:28,90,90.05,225,90.75,75,0,75375
NIFTY27FEB2012600CE.NFO,07/01/2020,09:42:31,90,90.05,225,90.6,75,0,75375
NIFTY27FEB2012600CE.NFO,07/01/2020,09:42:32,90,89.9,225,90.6,75,0,75375
NIFTY27FEB2012600CE.NFO,07/01/2020,09:42:33,90,90.05,75,90.6,75,0,75375
NIFTY27FEB2012600CE.NFO,07/01/2020,09:42:34,90,90.05,225,90.75,75,0,75375
NIFTY27FEB2012600CE.NFO,07/01/2020,09:42:35,90,90.05,150,90.6,75,0,75375
NIFTY27FEB2012600CE.NFO,07/01/2020,09:42:39,90,90.25,150,90.6,75,0,75375
NIFTY27FEB2012600CE.NFO,07/01/2020,09:42:41,90,90.3,150,90.6,75,0,75375
NIFTY27FEB2012600CE.NFO,07/01/2020,09:42:42,90.35,90.35,150,90.6,75,75,75375
NIFTY27FEB2012600CE.NFO,07/01/2020,09:42:42,90.35,90.35,150,90.6,75,0,75375
NIFTY27FEB2012600CE.NFO,07/01/2020,09:42:43,90.35,90.3,150,90.45,75,150,75375
NIFTY27FEB2012600CE.NFO,07/01/2020,09:42:43,90.4,90.3,150,90.45,75,0,75375
NIFTY27FEB2012600CE.NFO,07/01/2020,09:42:44,90.35,90.35,150,90.45,75,0,75375
NIFTY27FEB2012600CE.NFO,07/01/2020,09:42:46,90.3,89.75,225,90.45,75,75,75375
NIFTY27FEB2012600CE.NFO,07/01/2020,09:42:47,90.3,90.25,75,90.45,75,0,75375
NIFTY27FEB2012600CE.NFO,07/01/2020,09:42:48,90.25,89.9,75,90.6,75,75,75375
NIFTY27FEB2012600CE.NFO,07/01/2020,09:42:49,90.25,89.75,225,90.45,75,0,75375
NIFTY27FEB2012600CE.NFO,07/01/2020,09:42:50,90.25,89.6,225,90.3,75,0,75375
NIFTY27FEB2012600CE.NFO,07/01/2020,09:42:54,90.25,89.45,225,90.25,75,0,75375
NIFTY27FEB2012600CE.NFO,07/01/2020,09:42:55,90.25,89.45,225,90.1,75,0,75375
NIFTY27FEB2012600CE.NFO,07/01/2020,09:42:56,90.25,89.45,150,90.1,75,0,75375
NIFTY27FEB2012600CE.NFO,07/01/2020,09:43:00,90.25,89.55,75,90.25,75,0,75375
NIFTY27FEB2012600CE.NFO,07/01/2020,09:43:01,90.25,89.55,225,90.25,75,0,75375
NIFTY27FEB2012600CE.NFO,07/01/2020,09:43:02,90.25,89.55,75,90.1,75,0,75375
NIFTY27FEB2012600CE.NFO,07/01/2020,09:43:05,90.25,89.55,225,90.25,75,0,75375
NIFTY27FEB2012600CE.NFO,07/01/2020,09:43:07,90.25,89.4,225,90.1,75,0,75375
NIFTY27FEB2012600CE.NFO,07/01/2020,09:43:10,90.25,89.4,75,90.1,75,0,75375
NIFTY27FEB2012600CE.NFO,07/01/2020,09:43:11,90.25,89.4,225,90.1,75,0,75375
NIFTY27FEB2012600CE.NFO,07/01/2020,09:43:13,90.25,89.45,150,90.1,75,0,75375
NIFTY27FEB2012600CE.NFO,07/01/2020,09:43:15,90.25,89.45,300,90.1,75,0,75375
NIFTY27FEB2012600CE.NFO,07/01/2020,09:43:16,90.25,89.55,375,90.25,75,0,75375
NIFTY27FEB2012600CE.NFO,07/01/2020,09:43:17,90.25,89.55,225,90.1,75,0,75375
NIFTY27FEB2012600CE.NFO,07/01/2020,09:43:19,90.25,89.6,150,90.1,75,0,75375
NIFTY27FEB2012600CE.NFO,07/01/2020,09:43:22,90.25,89.85,75,90.1,75,0,75375
NIFTY27FEB2012600CE.NFO,07/01/2020,09:43:27,90.1,90.05,75,90.6,75,75,75375
NIFTY27FEB2012600CE.NFO,07/01/2020,09:43:28,90.1,89.9,225,90.6,75,0,75375
NIFTY27FEB2012600CE.NFO,07/01/2020,09:43:33,90.1,90.05,225,90.75,75,0,75375
NIFTY27FEB2012600CE.NFO,07/01/2020,09:43:37,90.1,90.05,225,90.6,75,0,75375
NIFTY27FEB2012600CE.NFO,07/01/2020,09:43:40,90.1,90.05,75,90.6,75,0,75375
NIFTY27FEB2012600CE.NFO,07/01/2020,09:43:45,89.9,89.9,75,90.45,75,150,75375
NIFTY27FEB2012600CE.NFO,07/01/2020,09:43:46,89.9,89.9,75,90.6,75,0,75375
NIFTY27FEB2012600CE.NFO,07/01/2020,09:43:49,89.9,89.9,225,90.6,75,0,75375
NIFTY27FEB2012600CE.NFO,07/01/2020,09:43:51,89.9,90.05,75,90.6,75,0,75375
NIFTY27FEB2012600CE.NFO,07/01/2020,09:43:53,89.9,90.2,225,90.9,75,0,75375
NIFTY27FEB2012600CE.NFO,07/01/2020,09:43:54,89.9,90.2,75,90.9,75,0,75375
NIFTY27FEB2012600CE.NFO,07/01/2020,09:43:55,89.9,90.05,75,90.75,75,0,75375
NIFTY27FEB2012600CE.NFO,07/01/2020,09:44:00,89.9,90.25,75,90.9,75,0,75375
NIFTY27FEB2012600CE.NFO,07/01/2020,09:44:03,89.9,90.25,225,91.05,75,0,75375
NIFTY27FEB2012600CE.NFO,07/01/2020,09:44:04,89.9,90.25,75,90.9,75,0,75375
NIFTY27FEB2012600CE.NFO,07/01/2020,09:44:10,89.9,90.1,225,90.75,75,0,75375
NIFTY27FEB2012600CE.NFO,07/01/2020,09:44:11,89.9,90.15,150,90.75,75,0,75375
NIFTY27FEB2012600CE.NFO,07/01/2020,09:44:13,89.9,90.1,225,90.75,75,0,75375
NIFTY27FEB2012600CE.NFO,07/01/2020,09:44:14,89.9,90.1,75,90.75,75,0,75375
NIFTY27FEB2012600CE.NFO,07/01/2020,09:44:15,89.9,90.1,225,90.75,75,0,75375
NIFTY27FEB2012600CE.NFO,07/01/2020,09:44:16,89.9,90.1,225,90.9,75,0,75375
NIFTY27FEB2012600CE.NFO,07/01/2020,09:44:17,89.9,90.2,150,90.9,75,0,75375
NIFTY27FEB2012600CE.NFO,07/01/2020,09:44:19,89.9,90.25,150,90.9,75,0,75375
NIFTY27FEB2012600CE.NFO,07/01/2020,09:44:22,89.9,90.25,150,90.75,75,0,75375
NIFTY27FEB2012600CE.NFO,07/01/2020,09:44:24,89.9,90.25,150,90.6,75,0,75375
NIFTY27FEB2012600CE.NFO,07/01/2020,09:44:27,89.9,90.05,225,90.75,75,0,75375
NIFTY27FEB2012600CE.NFO,07/01/2020,09:44:31,89.9,90.2,75,90.75,75,0,75375
NIFTY27FEB2012600CE.NFO,07/01/2020,09:44:32,90.2,90.2,75,90.75,75,75,76125
NIFTY27FEB2012600CE.NFO,07/01/2020,09:44:33,90.2,90.3,525,90.9,75,0,76125
NIFTY27FEB2012600CE.NFO,07/01/2020,09:44:34,90.2,90.35,525,90.9,75,0,76125
NIFTY27FEB2012600CE.NFO,07/01/2020,09:44:36,90.2,90.4,525,91.05,75,0,76125
NIFTY27FEB2012600CE.NFO,07/01/2020,09:44:37,90.2,90.5,525,91.05,75,0,76125
NIFTY27FEB2012600CE.NFO,07/01/2020,09:44:39,90.2,90.55,525,91.05,75,0,76125
NIFTY27FEB2012600CE.NFO,07/01/2020,09:44:40,90.2,90.5,525,91.05,75,0,76125
NIFTY27FEB2012600CE.NFO,07/01/2020,09:44:42,90.2,90.45,150,91.05,75,0,76125
NIFTY27FEB2012600CE.NFO,07/01/2020,09:44:43,90.2,90.4,525,91.05,75,0,76125
NIFTY27FEB2012600CE.NFO,07/01/2020,09:44:44,90.2,90.55,75,91.3,75,0,76125
NIFTY27FEB2012600CE.NFO,07/01/2020,09:44:47,90.2,90.55,75,91.15,75,0,76125
NIFTY27FEB2012600CE.NFO,07/01/2020,09:44:48,90.2,90.55,75,91.3,75,0,76125
NIFTY27FEB2012600CE.NFO,07/01/2020,09:44:49,90.2,90.55,75,91.25,75,0,76125
NIFTY27FEB2012600CE.NFO,07/01/2020,09:44:50,90.2,90.55,75,91.2,75,0,76125
NIFTY27FEB2012600CE.NFO,07/01/2020,09:44:54,90.2,90.6,375,91.35,75,0,76125
NIFTY27FEB2012600CE.NFO,07/01/2020,09:44:55,90.2,90.55,450,91.35,75,0,76125
NIFTY27FEB2012600CE.NFO,07/01/2020,09:44:56,90.2,90.55,75,91.2,75,0,76125
NIFTY27FEB2012600CE.NFO,07/01/2020,09:44:58,90.2,90.6,375,91.2,75,0,76125
NIFTY27FEB2012600CE.NFO,07/01/2020,09:44:59,90.2,90.65,300,91.2,75,0,76125
NIFTY27FEB2012600CE.NFO,07/01/2020,09:45:00,90.2,90.7,375,91.2,75,0,76125
NIFTY27FEB2012600CE.NFO,07/01/2020,09:45:01,90.2,90.75,375,91.35,75,0,76125
NIFTY27FEB2012600CE.NFO,07/01/2020,09:45:03,90.2,90.9,375,91.35,75,0,76125
NIFTY27FEB2012600CE.NFO,07/01/2020,09:45:04,90.2,91,375,91.2,75,0,76125
NIFTY27FEB2012600CE.NFO,07/01/2020,09:45:05,90.2,90.9,375,91.2,75,0,76125
NIFTY27FEB2012600CE.NFO,07/01/2020,09:45:06,90.2,90.95,150,91.35,75,0,76125
NIFTY27FEB2012600CE.NFO,07/01/2020,09:45:08,91.1,90.7,150,91.2,75,450,76125
NIFTY27FEB2012600CE.NFO,07/01/2020,09:45:08,91.2,90.7,150,91.2,75,0,76125
NIFTY27FEB2012600CE.NFO,07/01/2020,09:45:09,91.2,91.2,375,91.75,75,75,76125
NIFTY27FEB2012600CE.NFO,07/01/2020,09:45:11,91.2,91.2,375,91.6,75,0,76125
NIFTY27FEB2012600CE.NFO,07/01/2020,09:45:12,91.45,91.1,75,91.6,75,150,76125
NIFTY27FEB2012600CE.NFO,07/01/2020,09:45:12,91.45,91.1,75,91.6,75,0,76125
NIFTY27FEB2012600CE.NFO,07/01/2020,09:45:14,91.45,91.2,75,91.6,75,0,76125
NIFTY27FEB2012600CE.NFO,07/01/2020,09:45:15,91.45,91.2,75,91.75,75,0,76125
NIFTY27FEB2012600CE.NFO,07/01/2020,09:45:16,91.45,91.4,225,91.75,75,0,76125
NIFTY27FEB2012600CE.NFO,07/01/2020,09:45:19,91.45,91.45,150,91.75,75,0,76125
NIFTY27FEB2012600CE.NFO,07/01/2020,09:45:20,91.45,91.4,225,91.75,75,0,76125
NIFTY27FEB2012600CE.NFO,07/01/2020,09:45:21,91.45,91.2,225,91.6,75,0,76125
NIFTY27FEB2012600CE.NFO,07/01/2020,09:45:22,91.45,91.2,150,91.6,75,75,76125
NIFTY27FEB2012600CE.NFO,07/01/2020,09:45:24,91.45,91.2,150,91.6,75,0,76125
NIFTY27FEB2012600CE.NFO,07/01/2020,09:45:29,91.45,91.25,150,91.45,75,0,76125
NIFTY27FEB2012600CE.NFO,07/01/2020,09:45:33,91.45,91.2,150,91.45,75,0,76125
NIFTY27FEB2012600CE.NFO,07/01/2020,09:45:34,91.45,91.25,150,91.45,75,0,76125
NIFTY27FEB2012600CE.NFO,07/01/2020,09:45:36,91.45,91.25,150,91.6,75,0,76125
NIFTY27FEB2012600CE.NFO,07/01/2020,09:45:38,91.45,91,150,91.6,75,0,76125
NIFTY27FEB2012600CE.NFO,07/01/2020,09:45:40,91.45,91.25,150,91.6,75,0,76125
NIFTY27FEB2012600CE.NFO,07/01/2020,09:45:41,91.6,91.4,150,91.9,75,75,76125
NIFTY27FEB2012600CE.NFO,07/01/2020,09:45:41,91.6,91.4,150,91.9,75,0,76125
NIFTY27FEB2012600CE.NFO,07/01/2020,09:45:43,91.6,91.4,150,91.7,75,0,76125
NIFTY27FEB2012600CE.NFO,07/01/2020,09:45:45,91.6,91.4,150,91.85,75,0,76125
NIFTY27FEB2012600CE.NFO,07/01/2020,09:45:47,91.6,91.6,150,91.85,75,0,76125
NIFTY27FEB2012600CE.NFO,07/01/2020,09:45:48,91.6,91.6,150,92,225,0,76125
NIFTY27FEB2012600CE.NFO,07/01/2020,09:45:49,91.6,91.4,450,92,300,0,76125
NIFTY27FEB2012600CE.NFO,07/01/2020,09:45:51,91.6,91.5,450,92,225,0,76125
NIFTY27FEB2012600CE.NFO,07/01/2020,09:45:52,91.6,91.4,525,91.95,75,0,76125
NIFTY27FEB2012600CE.NFO,07/01/2020,09:45:53,91.6,91.3,525,91.95,75,0,76125
NIFTY27FEB2012600CE.NFO,07/01/2020,09:45:54,91.6,91.45,150,91.95,75,0,76125
NIFTY27FEB2012600CE.NFO,07/01/2020,09:45:55,91.6,91.5,150,92,225,0,76125
NIFTY27FEB2012600CE.NFO,07/01/2020,09:45:57,91.6,91.55,150,92,225,0,76125
NIFTY27FEB2012600CE.NFO,07/01/2020,09:45:58,91.6,91.65,150,92,225,0,76125
NIFTY27FEB2012600CE.NFO,07/01/2020,09:45:59,91.65,91.4,375,91.95,75,225,76125
NIFTY27FEB2012600CE.NFO,07/01/2020,09:45:59,91.7,91.4,375,91.95,75,0,76125
NIFTY27FEB2012600CE.NFO,07/01/2020,09:46:00,91.65,91.4,375,91.95,75,0,76125
NIFTY27FEB2012600CE.NFO,07/01/2020,09:46:01,91.65,91.65,75,91.95,75,0,76125
NIFTY27FEB2012600CE.NFO,07/01/2020,09:46:04,91.65,91.65,75,92,225,0,76125
NIFTY27FEB2012600CE.NFO,07/01/2020,09:46:08,91.65,91.5,75,92,225,0,76125
NIFTY27FEB2012600CE.NFO,07/01/2020,09:46:09,91.65,91.4,75,92,225,0,76125
NIFTY27FEB2012600CE.NFO,07/01/2020,09:46:10,91.65,91.6,75,92,225,0,76125
NIFTY27FEB2012600CE.NFO,07/01/2020,09:46:11,91.65,91.4,75,92,225,0,76125
NIFTY27FEB2012600CE.NFO,07/01/2020,09:46:12,91.65,91.45,75,92,225,0,76125
NIFTY27FEB2012600CE.NFO,07/01/2020,09:46:13,91.65,91.5,75,92,225,0,76125
NIFTY27FEB2012600CE.NFO,07/01/2020,09:46:14,91.65,91.45,150,92,225,0,76125
NIFTY27FEB2012600CE.NFO,07/01/2020,09:46:16,91.65,91.35,75,91.95,75,0,76125
NIFTY27FEB2012600CE.NFO,07/01/2020,09:46:19,91.65,91.4,150,91.95,75,0,76125
NIFTY27FEB2012600CE.NFO,07/01/2020,09:46:20,91.65,91.25,225,91.85,75,0,76125
NIFTY27FEB2012600CE.NFO,07/01/2020,09:46:21,91.2,91.5,150,91.85,75,150,76125
NIFTY27FEB2012600CE.NFO,07/01/2020,09:46:22,91.2,91.5,150,91.95,75,0,76125
NIFTY27FEB2012600CE.NFO,07/01/2020,09:46:24,91.2,91.4,150,91.95,75,0,76125
NIFTY27FEB2012600CE.NFO,07/01/2020,09:46:25,91.2,91.5,150,91.95,75,0,76125
NIFTY27FEB2012600CE.NFO,07/01/2020,09:46:26,91.2,91.35,150,91.95,75,0,76125
NIFTY27FEB2012600CE.NFO,07/01/2020,09:46:27,91.2,91.3,150,91.95,75,0,76125
NIFTY27FEB2012600CE.NFO,07/01/2020,09:46:28,91.2,91.4,150,91.95,75,0,76125
NIFTY27FEB2012600CE.NFO,07/01/2020,09:46:29,91.2,91.35,75,91.95,75,0,76125
NIFTY27FEB2012600CE.NFO,07/01/2020,09:46:32,91.2,91.2,225,91.95,75,0,76125
NIFTY27FEB2012600CE.NFO,07/01/2020,09:46:33,91.2,91.2,225,91.8,75,0,76125
NIFTY27FEB2012600CE.NFO,07/01/2020,09:46:34,91.2,91,375,91.65,75,0,76125
NIFTY27FEB2012600CE.NFO,07/01/2020,09:46:35,91.2,91.1,150,91.65,75,0,76125
NIFTY27FEB2012600CE.NFO,07/01/2020,09:46:38,91.2,91,300,91.65,75,0,76125
NIFTY27FEB2012600CE.NFO,07/01/2020,09:46:39,91.2,90.85,375,91.5,75,0,76125
NIFTY27FEB2012600CE.NFO,07/01/2020,09:46:41,91.2,90.85,225,91.5,75,0,76125
NIFTY27FEB2012600CE.NFO,07/01/2020,09:46:42,91.2,90.7,75,91.35,75,0,76125
NIFTY27FEB2012600CE.NFO,07/01/2020,09:46:45,91.2,90.7,375,91.35,75,0,76125
NIFTY27FEB2012600CE.NFO,07/01/2020,09:46:46,91.35,90.7,375,91.35,75,75,76125
NIFTY27FEB2012600CE.NFO,07/01/2020,09:46:47,91.35,90.75,150,91.35,75,0,76125
NIFTY27FEB2012600CE.NFO,07/01/2020,09:46:51,91.35,90.7,150,91.2,75,0,76125
NIFTY27FEB2012600CE.NFO,07/01/2020,09:46:52,91.35,90.75,300,91.5,75,0,76125
NIFTY27FEB2012600CE.NFO,07/01/2020,09:46:53,91.35,90.7,225,91.35,75,0,76125
NIFTY27FEB2012600CE.NFO,07/01/2020,09:46:55,91.35,90.55,225,91.35,75,0,76125
NIFTY27FEB2012600CE.NFO,07/01/2020,09:46:56,91.35,90.55,75,91.35,75,0,76125
NIFTY27FEB2012600CE.NFO,07/01/2020,09:46:58,91.35,90.55,225,91.2,75,0,76125
NIFTY27FEB2012600CE.NFO,07/01/2020,09:46:59,91.35,90.55,75,91.2,75,0,76125
NIFTY27FEB2012600CE.NFO,07/01/2020,09:47:02,91.35,90.45,150,91.05,75,0,76125
NIFTY27FEB2012600CE.NFO,07/01/2020,09:47:03,91.35,90.55,75,91.2,75,0,76125
NIFTY27FEB2012600CE.NFO,07/01/2020,09:47:04,91.35,90.55,150,91,75,0,76125
NIFTY27FEB2012600CE.NFO,07/01/2020,09:47:06,91.35,90.45,150,91,75,0,76125
NIFTY27FEB2012600CE.NFO,07/01/2020,09:47:08,91.35,90.4,150,90.85,75,0,76125
NIFTY27FEB2012600CE.NFO,07/01/2020,09:47:10,91.35,90.35,150,91,75,0,76125
NIFTY27FEB2012600CE.NFO,07/01/2020,09:47:10,91.35,90.4,75,91,75,0,76125
NIFTY27FEB2012600CE.NFO,07/01/2020,09:47:12,91.35,90.3,150,90.85,75,0,76125
NIFTY27FEB2012600CE.NFO,07/01/2020,09:47:15,91.35,90.45,150,90.85,75,0,76125
NIFTY27FEB2012600CE.NFO,07/01/2020,09:47:16,91.35,90.4,150,90.85,75,0,76125
NIFTY27FEB2012600CE.NFO,07/01/2020,09:47:17,91.35,90.45,150,90.85,75,0,76125
NIFTY27FEB2012600CE.NFO,07/01/2020,09:47:18,91.35,90.55,150,91,75,0,76125
NIFTY27FEB2012600CE.NFO,07/01/2020,09:47:19,91.35,90.5,150,91,75,0,76125
NIFTY27FEB2012600CE.NFO,07/01/2020,09:47:20,91.35,90.55,150,91,75,0,76125
NIFTY27FEB2012600CE.NFO,07/01/2020,09:47:22,91.35,90.6,150,91,75,0,76125
NIFTY27FEB2012600CE.NFO,07/01/2020,09:47:23,91.35,90.45,225,91,75,0,76125
NIFTY27FEB2012600CE.NFO,07/01/2020,09:47:23,91.35,90.45,75,91.15,75,0,76125
NIFTY27FEB2012600CE.NFO,07/01/2020,09:47:24,91.35,90.55,150,91.15,75,0,76125
NIFTY27FEB2012600CE.NFO,07/01/2020,09:47:25,91.35,90.6,225,91.2,75,0,76125
NIFTY27FEB2012600CE.NFO,07/01/2020,09:47:26,91.35,90.6,225,91.35,75,0,76125
NIFTY27FEB2012600CE.NFO,07/01/2020,09:47:28,91.35,90.6,75,91.2,75,0,76125
NIFTY27FEB2012600CE.NFO,07/01/2020,09:47:29,91.35,90.5,300,91.2,75,0,76125
NIFTY27FEB2012600CE.NFO,07/01/2020,09:47:30,91.35,90.45,375,91.2,75,0,76125
NIFTY27FEB2012600CE.NFO,07/01/2020,09:47:32,91.35,90.55,150,91.2,75,0,76125
NIFTY27FEB2012600CE.NFO,07/01/2020,09:47:33,91.35,90.45,375,91.2,75,0,76125
NIFTY27FEB2012600CE.NFO,07/01/2020,09:47:34,91.35,90.6,75,91.2,75,0,76125
NIFTY27FEB2012600CE.NFO,07/01/2020,09:47:35,91.35,90.65,150,91.35,75,0,76125
NIFTY27FEB2012600CE.NFO,07/01/2020,09:47:36,91.35,90.75,75,91.5,75,0,76125
NIFTY27FEB2012600CE.NFO,07/01/2020,09:47:37,90.9,90.75,225,91.5,75,75,77175
NIFTY27FEB2012600CE.NFO,07/01/2020,09:47:38,90.9,90.75,225,91.5,75,0,77175
NIFTY27FEB2012600CE.NFO,07/01/2020,09:47:39,90.9,90.9,75,91.5,75,0,77175
NIFTY27FEB2012600CE.NFO,07/01/2020,09:47:42,90.9,90.9,225,91.65,75,0,77175
NIFTY27FEB2012600CE.NFO,07/01/2020,09:47:46,90.9,91.05,75,91.65,75,0,77175
NIFTY27FEB2012600CE.NFO,07/01/2020,09:47:47,90.9,91.2,75,91.9,75,0,77175
NIFTY27FEB2012600CE.NFO,07/01/2020,09:47:53,90.9,91.2,225,91.9,75,0,77175
NIFTY27FEB2012600CE.NFO,07/01/2020,09:47:55,90.9,91.2,225,91.85,75,0,77175
NIFTY27FEB2012600CE.NFO,07/01/2020,09:47:56,90.9,91.05,225,91.7,75,0,77175
NIFTY27FEB2012600CE.NFO,07/01/2020,09:47:57,90.9,90.9,225,91.7,75,0,77175
NIFTY27FEB2012600CE.NFO,07/01/2020,09:48:00,90.9,90.9,75,91.55,75,0,77175
NIFTY27FEB2012600CE.NFO,07/01/2020,09:48:01,90.9,91,75,91.55,75,0,77175
NIFTY27FEB2012600CE.NFO,07/01/2020,09:48:12,90.9,91.05,75,91.7,75,0,77175
NIFTY27FEB2012600CE.NFO,07/01/2020,09:48:13,90.9,91.05,225,91.7,75,0,77175
NIFTY27FEB2012600CE.NFO,07/01/2020,09:48:14,90.9,91,75,91.45,75,0,77175
NIFTY27FEB2012600CE.NFO,07/01/2020,09:48:27,90.9,91,75,91.3,75,0,77175
NIFTY27FEB2012600CE.NFO,07/01/2020,09:48:30,90.9,91,75,91.15,75,0,77175
NIFTY27FEB2012600CE.NFO,07/01/2020,09:48:33,91,90.45,225,91.15,75,75,77175
NIFTY27FEB2012600CE.NFO,07/01/2020,09:48:34,91,90.45,225,91.15,75,0,77175
NIFTY27FEB2012600CE.NFO,07/01/2020,09:48:43,91,90.45,75,91.15,75,0,77175
NIFTY27FEB2012600CE.NFO,07/01/2020,09:48:44,91,90.45,225,91.15,75,0,77175
NIFTY27FEB2012600CE.NFO,07/01/2020,09:48:49,91,90.3,225,90.95,75,0,77175
NIFTY27FEB2012600CE.NFO,07/01/2020,09:48:50,91,90.45,225,91.1,75,0,77175
NIFTY27FEB2012600CE.NFO,07/01/2020,09:48:51,91,90.45,225,91.15,75,0,77175
NIFTY27FEB2012600CE.NFO,07/01/2020,09:48:55,91,90.5,225,91.15,75,0,77175
NIFTY27FEB2012600CE.NFO,07/01/2020,09:48:56,91,90.35,225,91,75,0,77175
NIFTY27FEB2012600CE.NFO,07/01/2020,09:48:57,91,90.3,225,91,75,0,77175
NIFTY27FEB2012600CE.NFO,07/01/2020,09:48:59,91,90.15,225,90.85,75,0,77175
NIFTY27FEB2012600CE.NFO,07/01/2020,09:49:01,91,89.85,75,90.65,75,0,77175
NIFTY27FEB2012600CE.NFO,07/01/2020,09:49:03,91,90.05,75,90.65,75,0,77175
NIFTY27FEB2012600CE.NFO,07/01/2020,09:49:04,91,89.9,75,90.65,75,0,77175
NIFTY27FEB2012600CE.NFO,07/01/2020,09:49:05,91,89.9,225,90.65,75,0,77175
NIFTY27FEB2012600CE.NFO,07/01/2020,09:49:06,91,90,225,90.65,75,0,77175
NIFTY27FEB2012600CE.NFO,07/01/2020,09:49:07,91,90,75,90.5,75,0,77175
NIFTY27FEB2012600CE.NFO,07/01/2020,09:49:10,91,90,225,90.65,75,0,77175
NIFTY27FEB2012600CE.NFO,07/01/2020,09:49:11,91,90,75,90.5,75,0,77175
NIFTY27FEB2012600CE.NFO,07/01/2020,09:49:13,91,90,225,90.65,75,0,77175
NIFTY27FEB2012600CE.NFO,07/01/2020,09:49:15,91,90.05,75,90.65,75,0,77175
NIFTY27FEB2012600CE.NFO,07/01/2020,09:49:18,91,90,225,90.65,75,0,77175
NIFTY27FEB2012600CE.NFO,07/01/2020,09:49:23,91,90,75,90.3,75,0,77175
NIFTY27FEB2012600CE.NFO,07/01/2020,09:49:25,90,88.9,75,89.6,75,75,77175
NIFTY27FEB2012600CE.NFO,07/01/2020,09:49:26,90,88.9,75,89.6,75,0,77175
NIFTY27FEB2012600CE.NFO,07/01/2020,09:49:28,90,88.75,75,89.45,75,0,77175
NIFTY27FEB2012600CE.NFO,07/01/2020,09:49:31,90,88.6,75,89.3,75,0,77175
NIFTY27FEB2012600CE.NFO,07/01/2020,09:49:38,90,88.75,75,89.45,75,0,77175
NIFTY27FEB2012600CE.NFO,07/01/2020,09:49:43,90,88.9,75,89.6,75,0,77175
NIFTY27FEB2012600CE.NFO,07/01/2020,09:49:51,90,89.05,75,89.75,75,0,77175
NIFTY27FEB2012600CE.NFO,07/01/2020,09:49:59,90,88.9,75,89.75,75,0,77175
NIFTY27FEB2012600CE.NFO,07/01/2020,09:50:00,90,88.6,75,89.3,75,0,77175
NIFTY27FEB2012600CE.NFO,07/01/2020,09:50:03,90,88.5,150,89.15,75,0,77175
NIFTY27FEB2012600CE.NFO,07/01/2020,09:50:04,90,88.45,225,89.15,75,0,77175
NIFTY27FEB2012600CE.NFO,07/01/2020,09:50:06,90,88.3,75,89,75,0,77175
NIFTY27FEB2012600CE.NFO,07/01/2020,09:50:08,90,88.3,75,88.95,75,0,77175
NIFTY27FEB2012600CE.NFO,07/01/2020,09:50:12,90,88.15,75,88.8,75,0,77175
NIFTY27FEB2012600CE.NFO,07/01/2020,09:50:20,90,88.3,75,88.95,75,0,77175
NIFTY27FEB2012600CE.NFO,07/01/2020,09:50:27,90,88.45,75,89.1,75,0,77175
NIFTY27FEB2012600CE.NFO,07/01/2020,09:50:34,90,88.45,225,89.1,75,0,77175
NIFTY27FEB2012600CE.NFO,07/01/2020,09:50:35,90,88.45,75,89.1,75,0,77175
NIFTY27FEB2012600CE.NFO,07/01/2020,09:50:36,90,88.15,225,88.8,75,0,77175
NIFTY27FEB2012600CE.NFO,07/01/2020,09:50:37,90,87.85,225,88.5,75,0,77175
NIFTY27FEB2012600CE.NFO,07/01/2020,09:50:38,90,87.7,75,88.35,75,0,77175
NIFTY27FEB2012600CE.NFO,07/01/2020,09:50:40,90,87.55,225,88.2,75,0,77175
NIFTY27FEB2012600CE.NFO,07/01/2020,09:50:41,90,87.85,225,88.5,75,0,77175
NIFTY27FEB2012600CE.NFO,07/01/2020,09:50:44,90,87.7,225,88.35,75,0,77175
NIFTY27FEB2012600CE.NFO,07/01/2020,09:50:46,90,87.85,225,88.5,75,0,77175
NIFTY27FEB2012600CE.NFO,07/01/2020,09:50:55,90,88,225,88.65,75,0,77175
NIFTY27FEB2012600CE.NFO,07/01/2020,09:50:57,90,88,75,88.65,75,0,77175
NIFTY27FEB2012600CE.NFO,07/01/2020,09:50:59,90,88,225,88.65,75,0,77175
NIFTY27FEB2012600CE.NFO,07/01/2020,09:51:01,90,87.85,75,88.5,75,0,77175
NIFTY27FEB2012600CE.NFO,07/01/2020,09:51:02,90,88,225,88.65,75,0,77175
NIFTY27FEB2012600CE.NFO,07/01/2020,09:51:04,90,87.7,75,88.3,75,0,77175
NIFTY27FEB2012600CE.NFO,07/01/2020,09:51:05,90,87.7,225,88.35,75,0,77175
NIFTY27FEB2012600CE.NFO,07/01/2020,09:51:06,90,87.7,225,88.5,75,0,77175
NIFTY27FEB2012600CE.NFO,07/01/2020,09:51:08,90,87.55,75,88.25,75,0,77175
NIFTY27FEB2012600CE.NFO,07/01/2020,09:51:10,90,87.55,225,88.25,75,0,77175
NIFTY27FEB2012600CE.NFO,07/01/2020,09:51:16,90,87.55,75,88.2,75,0,77175
NIFTY27FEB2012600CE.NFO,07/01/2020,09:51:17,90,87.55,225,88.2,75,0,77175
NIFTY27FEB2012600CE.NFO,07/01/2020,09:51:18,90,87.55,75,88.2,75,0,77175
NIFTY27FEB2012600CE.NFO,07/01/2020,09:51:22,90,87.6,75,88.4,75,0,77175
NIFTY27FEB2012600CE.NFO,07/01/2020,09:51:24,90,87.6,75,88.25,75,0,77175
NIFTY27FEB2012600CE.NFO,07/01/2020,09:51:25,90,87.75,75,88.4,75,0,77175
NIFTY27FEB2012600CE.NFO,07/01/2020,09:51:29,90,87.75,75,88.5,75,0,77175
NIFTY27FEB2012600CE.NFO,07/01/2020,09:51:30,90,87.8,300,88.5,75,0,77175
NIFTY27FEB2012600CE.NFO,07/01/2020,09:51:31,90,87.9,75,88.5,75,0,77175
NIFTY27FEB2012600CE.NFO,07/01/2020,09:51:34,90,87.75,75,88.5,75,0,77175
NIFTY27FEB2012600CE.NFO,07/01/2020,09:51:35,90,87.9,75,88.5,75,0,77175
NIFTY27FEB2012600CE.NFO,07/01/2020,09:51:40,90,87.9,375,88.5,75,0,77175
NIFTY27FEB2012600CE.NFO,07/01/2020,09:51:41,90,87.95,300,88.5,75,0,77175
NIFTY27FEB2012600CE.NFO,07/01/2020,09:51:42,90,87.95,300,88.65,75,0,77175
NIFTY27FEB2012600CE.NFO,07/01/2020,09:51:43,90,88,300,88.5,75,0,77175
NIFTY27FEB2012600CE.NFO,07/01/2020,09:51:47,90,88.05,300,88.5,75,0,77175
NIFTY27FEB2012600CE.NFO,07/01/2020,09:51:48,90,88.15,150,88.5,75,0,77175
NIFTY27FEB2012600CE.NFO,07/01/2020,09:51:49,90,88.15,300,88.65,75,0,77175
NIFTY27FEB2012600CE.NFO,07/01/2020,09:51:51,90,88.1,300,88.65,75,0,77175
NIFTY27FEB2012600CE.NFO,07/01/2020,09:51:52,90,88.05,300,88.65,75,0,77175
NIFTY27FEB2012600CE.NFO,07/01/2020,09:51:53,90,88.1,300,88.65,75,0,77175
NIFTY27FEB2012600CE.NFO,07/01/2020,09:51:54,90,88.05,150,88.65,75,0,77175
NIFTY27FEB2012600CE.NFO,07/01/2020,09:51:56,90,88.05,75,88.65,75,0,77175
NIFTY27FEB2012600CE.NFO,07/01/2020,09:51:57,90,88.05,525,88.65,75,0,77175
NIFTY27FEB2012600CE.NFO,07/01/2020,09:51:59,90,88.05,225,88.65,75,0,77175
NIFTY27FEB2012600CE.NFO,07/01/2020,09:52:00,90,88.05,375,88.65,75,0,77175
NIFTY27FEB2012600CE.NFO,07/01/2020,09:52:01,90,88,150,88.65,75,0,77175
NIFTY27FEB2012600CE.NFO,07/01/2020,09:52:02,90,88,450,88.65,75,0,77175
NIFTY27FEB2012600CE.NFO,07/01/2020,09:52:04,90,88.05,300,88.65,75,0,77175
NIFTY27FEB2012600CE.NFO,07/01/2020,09:52:05,90,87.95,450,88.65,75,0,77175
NIFTY27FEB2012600CE.NFO,07/01/2020,09:52:06,90,87.9,225,88.65,75,0,77175
NIFTY27FEB2012600CE.NFO,07/01/2020,09:52:08,90,87.9,225,88.8,75,0,77175
NIFTY27FEB2012600CE.NFO,07/01/2020,09:52:09,90,87.9,225,88.6,75,0,77175
NIFTY27FEB2012600CE.NFO,07/01/2020,09:52:11,90,87.9,525,88.6,75,0,77175
NIFTY27FEB2012600CE.NFO,07/01/2020,09:52:12,90,88.05,75,88.6,75,0,77175
NIFTY27FEB2012600CE.NFO,07/01/2020,09:52:13,90,88.05,225,88.75,75,0,77175
NIFTY27FEB2012600CE.NFO,07/01/2020,09:52:16,90,87.9,225,88.6,75,0,77175
NIFTY27FEB2012600CE.NFO,07/01/2020,09:52:23,90,87.9,75,88.6,75,0,77175
NIFTY27FEB2012600CE.NFO,07/01/2020,09:52:27,90,87.75,75,88.55,75,0,77175
NIFTY27FEB2012600CE.NFO,07/01/2020,09:52:28,90,87.75,75,88.35,75,0,77175
NIFTY27FEB2012600CE.NFO,07/01/2020,09:52:31,90,87.75,75,88.5,75,0,77175
NIFTY27FEB2012600CE.NFO,07/01/2020,09:52:33,90,87.75,75,88.35,75,0,77175
NIFTY27FEB2012600CE.NFO,07/01/2020,09:52:34,90,87.6,75,88.35,75,0,77175
NIFTY27FEB2012600CE.NFO,07/01/2020,09:52:37,90,87.75,75,88.35,75,0,77175
NIFTY27FEB2012600CE.NFO,07/01/2020,09:52:40,90,87.6,75,88.35,75,0,77175
NIFTY27FEB2012600CE.NFO,07/01/2020,09:52:41,90,87.75,75,88.35,75,0,77175
NIFTY27FEB2012600CE.NFO,07/01/2020,09:52:42,90,87.75,375,88.35,75,0,77175
NIFTY27FEB2012600CE.NFO,07/01/2020,09:52:43,90,87.9,300,88.35,75,0,77175
NIFTY27FEB2012600CE.NFO,07/01/2020,09:52:44,90,88.05,75,88.75,75,0,77175
NIFTY27FEB2012600CE.NFO,07/01/2020,09:52:50,90,88.2,75,88.75,75,0,77175
NIFTY27FEB2012600CE.NFO,07/01/2020,09:52:51,90,88.2,75,88.8,75,0,77175
NIFTY27FEB2012600CE.NFO,07/01/2020,09:52:53,90,88.2,75,88.95,75,0,77175
NIFTY27FEB2012600CE.NFO,07/01/2020,09:52:54,90,88.2,375,88.95,75,0,77175
NIFTY27FEB2012600CE.NFO,07/01/2020,09:52:55,88.25,88.2,375,88.75,75,75,76575
NIFTY27FEB2012600CE.NFO,07/01/2020,09:52:56,88.25,88.2,375,88.75,75,0,76575
NIFTY27FEB2012600CE.NFO,07/01/2020,09:52:58,88.25,88.2,300,88.75,75,0,76575
NIFTY27FEB2012600CE.NFO,07/01/2020,09:52:59,88.25,88.3,75,88.95,75,0,76575
NIFTY27FEB2012600CE.NFO,07/01/2020,09:53:03,88.25,88,75,88.65,75,0,76575
NIFTY27FEB2012600CE.NFO,07/01/2020,09:53:05,88.25,87.85,75,88.65,75,0,76575
NIFTY27FEB2012600CE.NFO,07/01/2020,09:53:11,88.25,87.85,75,88.5,75,0,76575
NIFTY27FEB2012600CE.NFO,07/01/2020,09:53:12,88.25,88,75,88.65,75,0,76575
NIFTY27FEB2012600CE.NFO,07/01/2020,09:53:18,88.25,87.85,75,88.65,75,0,76575
NIFTY27FEB2012600CE.NFO,07/01/2020,09:53:20,88.25,87.6,75,88.65,75,0,76575
NIFTY27FEB2012600CE.NFO,07/01/2020,09:53:22,88.25,87.65,300,88.25,75,0,76575
NIFTY27FEB2012600CE.NFO,07/01/2020,09:53:23,88.25,87.65,300,88.4,75,0,76575
NIFTY27FEB2012600CE.NFO,07/01/2020,09:53:24,88.25,87.6,375,88.4,75,0,76575
NIFTY27FEB2012600CE.NFO,07/01/2020,09:53:26,88.25,87.75,75,88.4,75,0,76575
NIFTY27FEB2012600CE.NFO,07/01/2020,09:53:30,88.25,87.9,75,88.55,75,0,76575
NIFTY27FEB2012600CE.NFO,07/01/2020,09:53:33,88.25,87.75,75,88.4,75,0,76575
NIFTY27FEB2012600CE.NFO,07/01/2020,09:53:40,88.25,87.6,75,88.25,75,0,76575
NIFTY27FEB2012600CE.NFO,07/01/2020,09:53:42,88.25,87.75,75,88.4,75,0,76575
NIFTY27FEB2012600CE.NFO,07/01/2020,09:53:45,88.25,87.9,75,88.55,75,0,76575
NIFTY27FEB2012600CE.NFO,07/01/2020,09:53:48,88.25,87.75,75,88.55,75,0,76575
NIFTY27FEB2012600CE.NFO,07/01/2020,09:53:49,88.25,87.75,75,88.4,75,0,76575
NIFTY27FEB2012600CE.NFO,07/01/2020,09:54:00,88.25,87.9,75,88.55,75,0,76575
NIFTY27FEB2012600CE.NFO,07/01/2020,09:54:06,88.25,87.75,75,88.4,75,0,76575
NIFTY27FEB2012600CE.NFO,07/01/2020,09:54:07,88.25,87.45,75,88.4,75,0,76575
NIFTY27FEB2012600CE.NFO,07/01/2020,09:54:08,88.25,87.65,75,88.3,75,0,76575
NIFTY27FEB2012600CE.NFO,07/01/2020,09:54:09,88.25,87.5,75,88.15,75,0,76575
NIFTY27FEB2012600CE.NFO,07/01/2020,09:54:17,88.25,87.5,75,88.3,75,0,76575
NIFTY27FEB2012600CE.NFO,07/01/2020,09:54:18,88.25,87.65,75,88.3,75,0,76575
NIFTY27FEB2012600CE.NFO,07/01/2020,09:54:24,88.25,87.3,75,88,75,0,76575
NIFTY27FEB2012600CE.NFO,07/01/2020,09:54:25,88.25,87.65,75,88.3,75,0,76575
NIFTY27FEB2012600CE.NFO,07/01/2020,09:54:27,88.25,87.8,75,88.55,75,0,76575
NIFTY27FEB2012600CE.NFO,07/01/2020,09:54:28,88.25,87.8,75,88.4,75,0,76575
NIFTY27FEB2012600CE.NFO,07/01/2020,09:54:36,88.25,87.8,75,88.55,75,0,76575
NIFTY27FEB2012600CE.NFO,07/01/2020,09:54:37,88.25,88.1,75,88.7,75,0,76575
NIFTY27FEB2012600CE.NFO,07/01/2020,09:54:46,88.25,87.95,75,88.7,75,0,76575
NIFTY27FEB2012600CE.NFO,07/01/2020,09:54:50,88.25,87.95,75,88.55,75,0,76575
NIFTY27FEB2012600CE.NFO,07/01/2020,09:54:52,88.25,87.95,75,88.7,75,0,76575
NIFTY27FEB2012600CE.NFO,07/01/2020,09:54:54,88.25,88.1,75,88.85,75,0,76575
NIFTY27FEB2012600CE.NFO,07/01/2020,09:54:55,88.25,88.1,75,88.7,75,0,76575
NIFTY27FEB2012600CE.NFO,07/01/2020,09:55:02,88.25,88.2,300,88.7,75,0,76575
NIFTY27FEB2012600CE.NFO,07/01/2020,09:55:04,88.7,88.1,375,88.85,75,75,76575
NIFTY27FEB2012600CE.NFO,07/01/2020,09:55:05,88.7,88.3,300,88.85,75,0,76650
NIFTY27FEB2012600CE.NFO,07/01/2020,09:55:07,88.7,88.35,300,89,75,0,76650
NIFTY27FEB2012600CE.NFO,07/01/2020,09:55:08,88.7,88.4,300,89,75,0,76650
NIFTY27FEB2012600CE.NFO,07/01/2020,09:55:09,88.7,88.35,300,88.85,75,0,76650
NIFTY27FEB2012600CE.NFO,07/01/2020,09:55:12,88.7,88.3,300,88.85,75,0,76650
NIFTY27FEB2012600CE.NFO,07/01/2020,09:55:13,88.7,88.45,300,88.85,75,0,76650
NIFTY27FEB2012600CE.NFO,07/01/2020,09:55:14,88.7,88.4,300,88.85,75,0,76650
NIFTY27FEB2012600CE.NFO,07/01/2020,09:55:15,88.7,88.55,300,88.85,75,0,76650
NIFTY27FEB2012600CE.NFO,07/01/2020,09:55:16,88.7,88.5,300,88.85,75,0,76650
NIFTY27FEB2012600CE.NFO,07/01/2020,09:55:17,88.7,88.65,300,88.85,75,0,76650
NIFTY27FEB2012600CE.NFO,07/01/2020,09:55:21,88.7,88.7,300,88.85,75,0,76650
NIFTY27FEB2012600CE.NFO,07/01/2020,09:55:22,88.7,88.5,300,88.7,75,0,76650
NIFTY27FEB2012600CE.NFO,07/01/2020,09:55:23,88.7,88.55,300,88.7,75,0,76650
NIFTY27FEB2012600CE.NFO,07/01/2020,09:55:24,88.7,88.45,300,88.7,75,0,76650
NIFTY27FEB2012600CE.NFO,07/01/2020,09:55:27,88.7,88.25,300,88.7,75,0,76650
NIFTY27FEB2012600CE.NFO,07/01/2020,09:55:28,88.7,88.5,300,88.85,75,0,76650
NIFTY27FEB2012600CE.NFO,07/01/2020,09:55:33,88.7,88.6,300,88.85,75,0,76650
NIFTY27FEB2012600CE.NFO,07/01/2020,09:55:38,88.7,88.65,300,88.85,75,0,76650
NIFTY27FEB2012600CE.NFO,07/01/2020,09:55:40,88.7,88.6,300,88.85,75,0,76650
NIFTY27FEB2012600CE.NFO,07/01/2020,09:55:41,88.7,88.55,300,88.85,75,0,76650
NIFTY27FEB2012600CE.NFO,07/01/2020,09:55:42,88.7,88.75,300,89.15,75,0,76650
NIFTY27FEB2012600CE.NFO,07/01/2020,09:55:44,88.7,88.65,300,89.15,75,0,76650
NIFTY27FEB2012600CE.NFO,07/01/2020,09:55:45,88.7,88.7,150,89.15,75,0,76650
NIFTY27FEB2012600CE.NFO,07/01/2020,09:55:46,88.7,88.8,75,89,75,0,76650
NIFTY27FEB2012600CE.NFO,07/01/2020,09:55:49,88.7,88.8,375,89,75,0,76650
NIFTY27FEB2012600CE.NFO,07/01/2020,09:55:52,88.7,88.8,75,89,75,0,76650
NIFTY27FEB2012600CE.NFO,07/01/2020,09:55:53,88.7,88.8,75,89.15,75,0,76650
NIFTY27FEB2012600CE.NFO,07/01/2020,09:56:00,88.7,88.6,75,89.15,75,0,76650
NIFTY27FEB2012600CE.NFO,07/01/2020,09:56:01,88.7,88.45,225,89.15,75,0,76650
NIFTY27FEB2012600CE.NFO,07/01/2020,09:56:03,88.7,88.6,225,89.3,75,0,76650
NIFTY27FEB2012600CE.NFO,07/01/2020,09:56:04,88.7,88.65,450,89.3,75,0,76650
NIFTY27FEB2012600CE.NFO,07/01/2020,09:56:05,88.7,88.65,150,89.3,75,0,76650
NIFTY27FEB2012600CE.NFO,07/01/2020,09:56:06,88.7,88.45,225,89.15,75,0,76650
NIFTY27FEB2012600CE.NFO,07/01/2020,09:56:09,88.7,88.55,75,89.15,75,0,76650
NIFTY27FEB2012600CE.NFO,07/01/2020,09:56:10,88.7,88.55,225,89.3,75,0,76650
NIFTY27FEB2012600CE.NFO,07/01/2020,09:56:11,88.7,88.4,225,89.15,75,0,76650
NIFTY27FEB2012600CE.NFO,07/01/2020,09:56:13,88.7,88.4,525,89.15,75,0,76650
NIFTY27FEB2012600CE.NFO,07/01/2020,09:56:14,88.7,88.4,75,89,75,0,76650
NIFTY27FEB2012600CE.NFO,07/01/2020,09:56:15,88.7,88.55,75,89.15,75,0,76650
NIFTY27FEB2012600CE.NFO,07/01/2020,09:56:16,88.7,88.6,300,89.3,75,0,76650
NIFTY27FEB2012600CE.NFO,07/01/2020,09:56:18,88.7,88.7,75,89.3,75,0,76650
NIFTY27FEB2012600CE.NFO,07/01/2020,09:56:19,88.7,88.7,225,89.45,75,0,76650
NIFTY27FEB2012600CE.NFO,07/01/2020,09:56:20,88.7,88.9,75,89.6,75,0,76650
NIFTY27FEB2012600CE.NFO,07/01/2020,09:56:26,88.7,88.75,225,89.45,75,0,76650
NIFTY27FEB2012600CE.NFO,07/01/2020,09:56:27,88.7,88.9,75,89.45,75,0,76650
NIFTY27FEB2012600CE.NFO,07/01/2020,09:56:28,88.7,88.9,225,89.6,75,0,76650
NIFTY27FEB2012600CE.NFO,07/01/2020,09:56:32,88.7,88.95,225,89.75,75,0,76650
NIFTY27FEB2012600CE.NFO,07/01/2020,09:56:35,88.7,88.95,225,89.6,75,0,76650
NIFTY27FEB2012600CE.NFO,07/01/2020,09:56:37,88.7,88.95,75,89.6,75,0,76650
NIFTY27FEB2012600CE.NFO,07/01/2020,09:56:39,88.7,88.8,225,89.6,75,0,76650
NIFTY27FEB2012600CE.NFO,07/01/2020,09:56:41,88.7,88.8,225,89.45,75,0,76650
NIFTY27FEB2012600CE.NFO,07/01/2020,09:56:43,88.7,88.8,75,89.45,75,0,76650
NIFTY27FEB2012600CE.NFO,07/01/2020,09:56:49,88.7,88.7,75,89.3,75,0,76650
NIFTY27FEB2012600CE.NFO,07/01/2020,09:56:55,88.7,88.55,75,89.3,75,0,76650
NIFTY27FEB2012600CE.NFO,07/01/2020,09:57:01,88.7,88.7,225,89.45,75,0,76650
NIFTY27FEB2012600CE.NFO,07/01/2020,09:57:09,88.7,88.85,75,89.45,75,0,76650
NIFTY27FEB2012600CE.NFO,07/01/2020,09:57:12,88.7,88.7,225,89.45,75,0,76650
NIFTY27FEB2012600CE.NFO,07/01/2020,09:57:21,88.7,88.75,225,89.45,75,0,76650
NIFTY27FEB2012600CE.NFO,07/01/2020,09:57:22,88.7,88.75,75,89.45,75,0,76650
NIFTY27FEB2012600CE.NFO,07/01/2020,09:57:23,88.7,88.75,225,89.45,75,0,76650
NIFTY27FEB2012600CE.NFO,07/01/2020,09:57:24,88.7,88.75,225,89.3,75,0,76650
NIFTY27FEB2012600CE.NFO,07/01/2020,09:57:30,88.7,88.75,75,89.3,75,0,76650
NIFTY27FEB2012600CE.NFO,07/01/2020,09:57:31,88.7,89,150,89.3,75,0,76650
NIFTY27FEB2012600CE.NFO,07/01/2020,09:57:34,88.7,89,150,89.45,75,0,76650
NIFTY27FEB2012600CE.NFO,07/01/2020,09:57:42,88.7,89,150,89.6,75,0,76650
NIFTY27FEB2012600CE.NFO,07/01/2020,09:57:51,88.7,89.4,150,89.6,75,0,76650
NIFTY27FEB2012600CE.NFO,07/01/2020,09:57:56,89.4,89,150,89.45,75,150,76275
NIFTY27FEB2012600CE.NFO,07/01/2020,09:57:57,89.4,88.7,225,89.45,75,0,76275
NIFTY27FEB2012600CE.NFO,07/01/2020,09:58:00,89.4,88.85,75,89.6,75,0,76275
NIFTY27FEB2012600CE.NFO,07/01/2020,09:58:01,89.4,88.85,225,89.6,75,0,76275
NIFTY27FEB2012600CE.NFO,07/01/2020,09:58:03,89.4,89,75,89.6,75,0,76275
