Ticker,Date,Time,LTP,BuyPrice,BuyQty,SellPrice,SellQty,LTQ,OpenInterest
NIFTY30JAN2010800PE.NFO,07/01/2020,09:16:22,5,0,0,7.75,1050,75,30075
NIFTY30JAN2010800PE.NFO,07/01/2020,09:16:22,5,0,0,7.75,1050,0,30075
NIFTY30JAN2010800PE.NFO,07/01/2020,09:16:22,5,0,0,7.75,1050,0,30075
NIFTY30JAN2010800PE.NFO,07/01/2020,09:16:22,5,0,0,7.75,1050,0,30075
NIFTY30JAN2010800PE.NFO,07/01/2020,09:16:49,5,0,0,8,150,0,30075
NIFTY30JAN2010800PE.NFO,07/01/2020,09:16:51,5,0,0,7.9,150,0,30075
NIFTY30JAN2010800PE.NFO,07/01/2020,09:17:22,5,0,0,7,225,0,30075
NIFTY30JAN2010800PE.NFO,07/01/2020,09:17:27,5,0,0,6.9,300,0,30075
NIFTY30JAN2010800PE.NFO,07/01/2020,09:18:14,5,0,0,6.5,75,0,30075
NIFTY30JAN2010800PE.NFO,07/01/2020,09:19:18,5,0,0,5,75,0,30075
NIFTY30JAN2010800PE.NFO,07/01/2020,09:19:58,5,0,0,6.5,75,75,30000
NIFTY30JAN2010800PE.NFO,07/01/2020,09:20:04,5,0,0,6.4,1200,0,30000
NIFTY30JAN2010800PE.NFO,07/01/2020,09:21:18,6.4,0,0,6.4,1050,150,30000
NIFTY30JAN2010800PE.NFO,07/01/2020,09:21:18,6.4,0,0,6.4,1050,0,30000
NIFTY30JAN2010800PE.NFO,07/01/2020,09:21:23,6.4,0,0,6.35,150,0,30000
NIFTY30JAN2010800PE.NFO,07/01/2020,09:21:29,6.4,0,0,6.3,75,0,30000
NIFTY30JAN2010800PE.NFO,07/01/2020,09:21:30,6.4,0,0,6.3,225,0,30000
NIFTY30JAN2010800PE.NFO,07/01/2020,09:21:48,6.3,5.15,75,6.3,150,150,30000
NIFTY30JAN2010800PE.NFO,07/01/2020,09:21:53,6.3,5.15,75,6.2,600,0,30000
NIFTY30JAN2010800PE.NFO,07/01/2020,09:21:55,5.5,5.15,75,6.2,600,75,30000
NIFTY30JAN2010800PE.NFO,07/01/2020,09:21:58,5.5,5.15,75,6,75,0,30000
NIFTY30JAN2010800PE.NFO,07/01/2020,09:22:01,5.5,5.15,75,6,75,75,30000
NIFTY30JAN2010800PE.NFO,07/01/2020,09:22:03,5.5,0,0,6,75,0,30000
NIFTY30JAN2010800PE.NFO,07/01/2020,09:22:10,5.5,4.3,750,6,75,0,30000
NIFTY30JAN2010800PE.NFO,07/01/2020,09:22:11,4.3,4.3,600,6,75,150,30000
NIFTY30JAN2010800PE.NFO,07/01/2020,09:22:11,4.3,4.3,600,6,75,0,30000
NIFTY30JAN2010800PE.NFO,07/01/2020,09:22:17,4.3,4.35,150,6,75,0,30000
NIFTY30JAN2010800PE.NFO,07/01/2020,09:22:19,4.3,4.4,300,6,75,0,30000
NIFTY30JAN2010800PE.NFO,07/01/2020,09:22:22,4.3,4.4,300,5.9,750,0,30000
NIFTY30JAN2010800PE.NFO,07/01/2020,09:22:25,4.3,4.4,300,5.9,975,0,30000
NIFTY30JAN2010800PE.NFO,07/01/2020,09:22:26,4.3,4.4,300,5.8,75,0,30000
NIFTY30JAN2010800PE.NFO,07/01/2020,09:22:28,4.3,4.4,300,5.8,675,0,30000
NIFTY30JAN2010800PE.NFO,07/01/2020,09:22:34,4.3,4.4,300,5.75,150,0,30000
NIFTY30JAN2010800PE.NFO,07/01/2020,09:23:05,4.3,4.4,300,5.7,75,0,30000
NIFTY30JAN2010800PE.NFO,07/01/2020,09:23:11,4.4,4.4,225,5.7,75,75,30000
NIFTY30JAN2010800PE.NFO,07/01/2020,09:23:13,4.4,4.4,225,5.7,75,0,30000
NIFTY30JAN2010800PE.NFO,07/01/2020,09:23:14,4.4,4.4,225,5,75,0,30000
NIFTY30JAN2010800PE.NFO,07/01/2020,09:23:17,4.4,4.35,150,5,75,0,30000
NIFTY30JAN2010800PE.NFO,07/01/2020,09:23:31,4.4,4.35,150,4.4,825,0,30000
NIFTY30JAN2010800PE.NFO,07/01/2020,09:23:32,4.4,4.35,150,5,75,825,29925
NIFTY30JAN2010800PE.NFO,07/01/2020,09:23:34,4.4,4.4,75,5,75,0,29925
NIFTY30JAN2010800PE.NFO,07/01/2020,09:23:40,5,4.4,75,5.7,75,75,29925
NIFTY30JAN2010800PE.NFO,07/01/2020,09:23:48,5,4.5,300,5.7,75,0,29925
NIFTY30JAN2010800PE.NFO,07/01/2020,09:24:26,5,4.55,75,5.7,75,0,29925
NIFTY30JAN2010800PE.NFO,07/01/2020,09:24:31,5,5,75,5.7,75,0,29925
NIFTY30JAN2010800PE.NFO,07/01/2020,09:24:41,5,4.55,75,5.7,75,75,29925
NIFTY30JAN2010800PE.NFO,07/01/2020,09:25:42,5,4.55,75,5.65,150,0,29925
NIFTY30JAN2010800PE.NFO,07/01/2020,09:25:44,5,4.65,75,5.65,150,0,29925
NIFTY30JAN2010800PE.NFO,07/01/2020,09:25:48,5,4.65,75,5.6,150,0,29925
NIFTY30JAN2010800PE.NFO,07/01/2020,09:25:52,5,4.65,75,5.55,150,0,29925
NIFTY30JAN2010800PE.NFO,07/01/2020,09:26:03,5,5,225,5.55,150,0,29925
NIFTY30JAN2010800PE.NFO,07/01/2020,09:26:52,5,5,75,5.55,150,150,30600
NIFTY30JAN2010800PE.NFO,07/01/2020,09:27:24,5,4.65,75,5,75,75,30600
NIFTY30JAN2010800PE.NFO,07/01/2020,09:27:33,5,4.65,75,5,75,0,30600
NIFTY30JAN2010800PE.NFO,07/01/2020,09:28:57,5,4.65,75,5.75,150,75,30600
NIFTY30JAN2010800PE.NFO,07/01/2020,09:29:06,5,4.65,75,5.7,75,0,30600
NIFTY30JAN2010800PE.NFO,07/01/2020,09:29:14,5,5,75,5.7,75,0,30600
NIFTY30JAN2010800PE.NFO,07/01/2020,09:29:41,5,5,75,5.65,150,0,30600
NIFTY30JAN2010800PE.NFO,07/01/2020,09:29:45,5,5,75,5.6,75,0,30600
NIFTY30JAN2010800PE.NFO,07/01/2020,09:30:34,5,5.2,600,5.6,75,0,30600
NIFTY30JAN2010800PE.NFO,07/01/2020,09:30:38,5,5.2,600,5.65,150,0,30600
NIFTY30JAN2010800PE.NFO,07/01/2020,09:30:52,5,5.2,600,5.9,750,0,30600
NIFTY30JAN2010800PE.NFO,07/01/2020,09:30:57,5,5.2,600,5.85,150,0,30600
NIFTY30JAN2010800PE.NFO,07/01/2020,09:31:45,5,5.2,600,5.8,75,0,30600
NIFTY30JAN2010800PE.NFO,07/01/2020,09:32:09,5,5.2,600,5.75,150,0,30600
NIFTY30JAN2010800PE.NFO,07/01/2020,09:32:57,5,4.45,75,5.75,150,0,30600
NIFTY30JAN2010800PE.NFO,07/01/2020,09:33:52,5,4.55,75,5.75,150,0,30600
NIFTY30JAN2010800PE.NFO,07/01/2020,09:35:57,5,4.5,300,5.75,150,0,30600
NIFTY30JAN2010800PE.NFO,07/01/2020,09:36:21,5,4.1,300,5.75,150,0,30600
NIFTY30JAN2010800PE.NFO,07/01/2020,09:37:15,5,4.1,300,5.7,75,0,30600
NIFTY30JAN2010800PE.NFO,07/01/2020,09:37:56,5,4.15,75,5.7,75,0,30600
NIFTY30JAN2010800PE.NFO,07/01/2020,09:38:06,5,4.3,75,5.7,75,0,30600
NIFTY30JAN2010800PE.NFO,07/01/2020,09:38:20,5,4.4,75,5.7,75,0,30600
NIFTY30JAN2010800PE.NFO,07/01/2020,09:41:30,5,4.4,75,5.9,75,0,30600
NIFTY30JAN2010800PE.NFO,07/01/2020,09:41:38,5,4.5,75,5.9,75,0,30600
NIFTY30JAN2010800PE.NFO,07/01/2020,09:41:39,5,4.5,375,5.9,75,0,30600
NIFTY30JAN2010800PE.NFO,07/01/2020,09:41:42,5,4.5,375,5.8,1200,0,30600
NIFTY30JAN2010800PE.NFO,07/01/2020,09:41:45,5,4.5,375,5.75,75,0,30600
NIFTY30JAN2010800PE.NFO,07/01/2020,09:41:56,5,4.5,375,5.5,150,0,30600
NIFTY30JAN2010800PE.NFO,07/01/2020,09:42:33,5,4.5,75,5.5,150,0,30600
NIFTY30JAN2010800PE.NFO,07/01/2020,09:43:11,5,4.5,75,5.45,150,0,30600
NIFTY30JAN2010800PE.NFO,07/01/2020,09:45:37,5,4.5,75,5.25,75,0,30600
NIFTY30JAN2010800PE.NFO,07/01/2020,09:46:06,5,4.75,75,5.25,75,0,30600
NIFTY30JAN2010800PE.NFO,07/01/2020,09:46:11,5,4.75,75,5.4,75,0,30600
NIFTY30JAN2010800PE.NFO,07/01/2020,09:47:06,5,4.05,75,5.4,75,75,30525
NIFTY30JAN2010800PE.NFO,07/01/2020,09:47:35,5,4.05,75,5.4,75,0,30525
NIFTY30JAN2010800PE.NFO,07/01/2020,09:48:27,5,4.05,150,5.4,75,0,30525
NIFTY30JAN2010800PE.NFO,07/01/2020,09:50:30,5,4.2,75,5.4,75,0,30525
NIFTY30JAN2010800PE.NFO,07/01/2020,09:50:59,5,4.3,75,5.4,75,0,30525
NIFTY30JAN2010800PE.NFO,07/01/2020,09:51:35,5,4.3,150,5.4,75,0,30525
NIFTY30JAN2010800PE.NFO,07/01/2020,09:52:15,5,4.3,150,5,75,0,30525
NIFTY30JAN2010800PE.NFO,07/01/2020,09:52:28,5,4.3,150,5.4,75,0,30525
NIFTY30JAN2010800PE.NFO,07/01/2020,09:55:21,5,4.3,150,5,75,0,30525
NIFTY30JAN2010800PE.NFO,07/01/2020,09:55:24,5,4.3,150,5.4,75,0,30525
NIFTY30JAN2010800PE.NFO,07/01/2020,09:55:36,5,4.3,150,5,75,0,30525
NIFTY30JAN2010800PE.NFO,07/01/2020,09:55:40,5,4.3,150,5.4,75,0,30525
NIFTY30JAN2010800PE.NFO,07/01/2020,09:55:58,5,4.3,150,5.25,75,0,30525
NIFTY30JAN2010800PE.NFO,07/01/2020,09:56:08,5,4.3,150,5.4,75,0,30525
NIFTY30JAN2010800PE.NFO,07/01/2020,10:00:23,5,4.3,150,5.45,150,0,30525
NIFTY30JAN2010800PE.NFO,07/01/2020,10:08:13,4.3,4.3,75,5.4,75,75,30450
NIFTY30JAN2010800PE.NFO,07/01/2020,10:08:19,4.3,4.3,225,5.4,75,0,30450
NIFTY30JAN2010800PE.NFO,07/01/2020,10:08:24,4.3,4.35,300,5.4,75,0,30450
NIFTY30JAN2010800PE.NFO,07/01/2020,10:08:27,4.3,4.4,150,5.4,75,0,30450
NIFTY30JAN2010800PE.NFO,07/01/2020,10:09:33,4.3,4.35,300,5.4,75,0,30450
NIFTY30JAN2010800PE.NFO,07/01/2020,10:09:39,4.3,4.35,300,5.3,75,0,30450
NIFTY30JAN2010800PE.NFO,07/01/2020,10:09:53,4.3,4.4,75,5.3,75,0,30450
NIFTY30JAN2010800PE.NFO,07/01/2020,10:10:32,4.3,4.35,300,5.3,75,0,30450
NIFTY30JAN2010800PE.NFO,07/01/2020,10:10:36,4.3,4.4,75,5.3,75,0,30450
NIFTY30JAN2010800PE.NFO,07/01/2020,10:11:33,4.3,4.5,300,5.3,75,0,30450
NIFTY30JAN2010800PE.NFO,07/01/2020,10:22:43,4.3,4.55,75,5.3,75,0,30450
NIFTY30JAN2010800PE.NFO,07/01/2020,10:25:23,4.3,4.55,75,5.4,75,0,30450
NIFTY30JAN2010800PE.NFO,07/01/2020,10:33:53,4.3,4.55,75,5.25,75,0,30375
NIFTY30JAN2010800PE.NFO,07/01/2020,10:42:04,4.3,4.5,300,5.25,75,0,30375
NIFTY30JAN2010800PE.NFO,07/01/2020,10:42:05,4.3,4.55,75,5.25,75,0,30375
NIFTY30JAN2010800PE.NFO,07/01/2020,10:49:30,4.3,4.55,75,5.4,75,0,30375
NIFTY30JAN2010800PE.NFO,07/01/2020,10:57:18,4.3,4.55,75,5.45,150,0,30375
NIFTY30JAN2010800PE.NFO,07/01/2020,10:57:21,4.3,4.55,75,5.4,75,0,30375
NIFTY30JAN2010800PE.NFO,07/01/2020,10:57:25,4.3,4.55,75,5.45,150,0,30375
NIFTY30JAN2010800PE.NFO,07/01/2020,10:57:30,4.3,4.55,75,5.4,75,0,30375
NIFTY30JAN2010800PE.NFO,07/01/2020,10:57:33,4.3,4.55,75,5.45,150,0,30375
NIFTY30JAN2010800PE.NFO,07/01/2020,10:57:34,4.3,4.55,75,5.4,75,0,30375
NIFTY30JAN2010800PE.NFO,07/01/2020,10:59:07,4.3,4.55,75,5.45,150,0,30375
NIFTY30JAN2010800PE.NFO,07/01/2020,10:59:15,4.3,4.55,75,5.4,75,0,30375
NIFTY30JAN2010800PE.NFO,07/01/2020,10:59:44,4.3,4.55,675,5.4,75,0,30375
NIFTY30JAN2010800PE.NFO,07/01/2020,11:00:07,4.3,4.55,675,5.35,150,0,30375
NIFTY30JAN2010800PE.NFO,07/01/2020,11:01:00,5.35,4.55,675,5.35,75,75,30375
NIFTY30JAN2010800PE.NFO,07/01/2020,11:01:25,5.35,5.35,375,5.5,75,75,30375
NIFTY30JAN2010800PE.NFO,07/01/2020,11:01:46,5.35,5.35,375,5.5,75,0,30375
NIFTY30JAN2010800PE.NFO,07/01/2020,11:02:12,5.35,5.35,375,5.45,75,0,30375
NIFTY30JAN2010800PE.NFO,07/01/2020,11:02:31,5.35,5.35,375,5.5,75,0,30375
NIFTY30JAN2010800PE.NFO,07/01/2020,11:03:16,5.35,4.6,75,5.5,75,375,30375
NIFTY30JAN2010800PE.NFO,07/01/2020,11:05:26,5.35,4.6,75,5.5,75,0,30375
NIFTY30JAN2010800PE.NFO,07/01/2020,11:06:33,5.35,4.6,75,5.4,75,0,30375
NIFTY30JAN2010800PE.NFO,07/01/2020,11:08:36,5.4,5.4,75,5.5,75,75,30675
NIFTY30JAN2010800PE.NFO,07/01/2020,11:09:01,5.5,4.6,75,7.5,75,75,30675
NIFTY30JAN2010800PE.NFO,07/01/2020,11:09:05,5.5,4.6,75,6.9,3000,0,30675
NIFTY30JAN2010800PE.NFO,07/01/2020,11:09:08,5.5,4.6,75,6.8,75,0,30675
NIFTY30JAN2010800PE.NFO,07/01/2020,11:10:34,5.5,4.6,75,6.7,75,0,30675
NIFTY30JAN2010800PE.NFO,07/01/2020,11:10:59,5.5,4.6,75,6.6,75,0,30675
NIFTY30JAN2010800PE.NFO,07/01/2020,11:11:02,5.5,4.6,75,6.5,75,0,30675
NIFTY30JAN2010800PE.NFO,07/01/2020,11:11:14,5.5,4.6,75,6.4,75,0,30675
NIFTY30JAN2010800PE.NFO,07/01/2020,11:12:20,5.5,4.6,75,6.8,75,0,30675
NIFTY30JAN2010800PE.NFO,07/01/2020,11:12:44,5.5,4.6,75,6.85,750,0,30675
NIFTY30JAN2010800PE.NFO,07/01/2020,11:14:33,5.5,4.6,75,6.8,150,0,30675
NIFTY30JAN2010800PE.NFO,07/01/2020,11:14:37,5.5,4.6,75,6.7,75,0,30675
NIFTY30JAN2010800PE.NFO,07/01/2020,11:16:41,5.5,5.5,75,6.7,75,0,30675
NIFTY30JAN2010800PE.NFO,07/01/2020,11:16:47,5.5,5.5,75,6.8,150,0,30675
NIFTY30JAN2010800PE.NFO,07/01/2020,11:18:44,5.5,5.5,75,6.7,75,0,30675
NIFTY30JAN2010800PE.NFO,07/01/2020,11:18:45,5.5,5.5,75,6,75,0,30675
NIFTY30JAN2010800PE.NFO,07/01/2020,11:21:39,5.5,5.55,75,6,75,0,30675
NIFTY30JAN2010800PE.NFO,07/01/2020,11:21:59,5.5,5.55,75,6.25,75,0,30675
NIFTY30JAN2010800PE.NFO,07/01/2020,11:23:39,5.5,5.5,75,6.25,75,0,30675
NIFTY30JAN2010800PE.NFO,07/01/2020,11:23:45,5.5,5.5,75,6.2,75,0,30675
NIFTY30JAN2010800PE.NFO,07/01/2020,11:24:14,5.5,5.5,75,6,75,0,30675
NIFTY30JAN2010800PE.NFO,07/01/2020,11:25:23,5.5,5.55,75,6,75,0,30675
NIFTY30JAN2010800PE.NFO,07/01/2020,11:26:57,5.5,5.55,75,6.7,75,0,30675
NIFTY30JAN2010800PE.NFO,07/01/2020,11:28:23,5.5,5.55,75,6.7,75,0,30825
NIFTY30JAN2010800PE.NFO,07/01/2020,11:29:31,5.5,5.55,75,6.7,1575,0,30825
NIFTY30JAN2010800PE.NFO,07/01/2020,11:29:48,5.5,5.55,75,6.7,75,0,30825
NIFTY30JAN2010800PE.NFO,07/01/2020,11:30:24,5.5,5.55,75,6.8,150,0,30825
NIFTY30JAN2010800PE.NFO,07/01/2020,11:34:08,5.5,5.5,75,6.8,150,0,30825
NIFTY30JAN2010800PE.NFO,07/01/2020,11:34:16,5.5,5.55,75,6.8,150,0,30825
NIFTY30JAN2010800PE.NFO,07/01/2020,11:34:22,5.5,5.5,75,6.8,150,0,30825
NIFTY30JAN2010800PE.NFO,07/01/2020,11:34:47,5.5,5.55,75,6.8,150,0,30825
NIFTY30JAN2010800PE.NFO,07/01/2020,11:35:20,5.5,5.5,75,6.8,150,0,30825
NIFTY30JAN2010800PE.NFO,07/01/2020,11:35:45,5.5,5.55,75,6.8,150,0,30825
NIFTY30JAN2010800PE.NFO,07/01/2020,11:35:47,5.5,5.5,75,6.8,150,0,30825
NIFTY30JAN2010800PE.NFO,07/01/2020,11:35:56,5.5,5.55,75,6.8,150,0,30825
NIFTY30JAN2010800PE.NFO,07/01/2020,11:37:24,5.5,5.55,75,6.7,75,0,30825
NIFTY30JAN2010800PE.NFO,07/01/2020,11:50:04,5.5,5.55,75,6.7,675,0,30825
NIFTY30JAN2010800PE.NFO,07/01/2020,11:50:14,5.55,5.5,150,6.65,75,150,30825
NIFTY30JAN2010800PE.NFO,07/01/2020,11:50:14,6.7,5.5,150,6.65,75,0,30825
NIFTY30JAN2010800PE.NFO,07/01/2020,11:50:20,5.55,5.55,75,6.65,75,0,30825
NIFTY30JAN2010800PE.NFO,07/01/2020,11:51:54,5.55,5.6,75,6.65,75,0,30825
NIFTY30JAN2010800PE.NFO,07/01/2020,11:51:58,5.55,5.7,75,6.65,75,0,30825
NIFTY30JAN2010800PE.NFO,07/01/2020,11:53:07,5.55,5.55,75,6.65,75,0,30825
NIFTY30JAN2010800PE.NFO,07/01/2020,11:53:42,5.55,5.65,75,6.65,75,0,30825
NIFTY30JAN2010800PE.NFO,07/01/2020,12:02:40,5.55,5.5,150,6.65,75,0,30825
NIFTY30JAN2010800PE.NFO,07/01/2020,12:02:44,5.55,5.55,75,6.65,75,0,30825
NIFTY30JAN2010800PE.NFO,07/01/2020,12:07:00,5.55,5.55,75,6.55,75,0,30825
NIFTY30JAN2010800PE.NFO,07/01/2020,12:11:10,5.55,5.55,75,6.55,150,0,30825
NIFTY30JAN2010800PE.NFO,07/01/2020,12:11:16,5.55,5.55,75,6.55,75,0,30825
NIFTY30JAN2010800PE.NFO,07/01/2020,12:13:08,5.55,5.5,150,6.55,75,0,30825
NIFTY30JAN2010800PE.NFO,07/01/2020,12:13:27,5.55,5.55,75,6.55,75,0,30825
NIFTY30JAN2010800PE.NFO,07/01/2020,12:24:12,5.55,5.5,150,6.55,75,0,30825
NIFTY30JAN2010800PE.NFO,07/01/2020,12:24:16,5.55,5.55,75,6.55,75,0,30825
NIFTY30JAN2010800PE.NFO,07/01/2020,12:28:56,5.55,5.55,75,6.75,75,0,30525
NIFTY30JAN2010800PE.NFO,07/01/2020,12:35:14,5.55,5.55,75,6.75,150,0,30525
NIFTY30JAN2010800PE.NFO,07/01/2020,12:51:06,5.55,5.55,75,6.75,75,0,30525
NIFTY30JAN2010800PE.NFO,07/01/2020,12:58:07,5.55,5.55,75,6.8,225,0,30525
NIFTY30JAN2010800PE.NFO,07/01/2020,12:58:10,5.55,5.55,75,6.75,75,0,30525
NIFTY30JAN2010800PE.NFO,07/01/2020,12:58:15,5.55,5.55,75,6.8,225,0,30525
NIFTY30JAN2010800PE.NFO,07/01/2020,12:58:25,5.55,5.55,75,6.75,75,0,30525
NIFTY30JAN2010800PE.NFO,07/01/2020,13:00:04,5.55,5.55,75,6.8,225,0,30525
NIFTY30JAN2010800PE.NFO,07/01/2020,13:02:37,5.55,5.55,75,6.8,150,0,30525
NIFTY30JAN2010800PE.NFO,07/01/2020,13:05:40,5.55,5.65,75,6.75,75,0,30525
NIFTY30JAN2010800PE.NFO,07/01/2020,13:06:37,5.55,5.65,75,6.8,150,0,30525
NIFTY30JAN2010800PE.NFO,07/01/2020,13:06:38,5.55,5.65,75,6.75,75,0,30525
NIFTY30JAN2010800PE.NFO,07/01/2020,13:08:15,6.75,5.65,75,6.8,150,75,30525
NIFTY30JAN2010800PE.NFO,07/01/2020,13:08:15,6.75,5.65,75,6.8,150,0,30525
NIFTY30JAN2010800PE.NFO,07/01/2020,13:08:19,6.8,5.65,75,7.9,150,150,30525
NIFTY30JAN2010800PE.NFO,07/01/2020,13:08:19,6.8,5.65,75,7.9,150,0,30525
NIFTY30JAN2010800PE.NFO,07/01/2020,13:08:22,6.8,5.65,75,7.85,75,0,30525
NIFTY30JAN2010800PE.NFO,07/01/2020,13:08:25,6.8,6,150,7.85,75,0,30525
NIFTY30JAN2010800PE.NFO,07/01/2020,13:08:50,6.8,6.05,75,7.9,150,0,30525
NIFTY30JAN2010800PE.NFO,07/01/2020,13:09:07,6.8,6.25,150,7.9,150,0,30525
NIFTY30JAN2010800PE.NFO,07/01/2020,13:09:18,6.8,6.25,150,8.9,3000,0,30525
NIFTY30JAN2010800PE.NFO,07/01/2020,13:09:21,6.8,6.25,150,8.8,75,0,30525
NIFTY30JAN2010800PE.NFO,07/01/2020,13:10:17,6.8,6.3,75,8.45,75,0,30525
NIFTY30JAN2010800PE.NFO,07/01/2020,13:10:27,6.8,6.6,150,8.45,75,0,30525
NIFTY30JAN2010800PE.NFO,07/01/2020,13:12:05,6.8,6.6,225,8.45,75,0,30525
NIFTY30JAN2010800PE.NFO,07/01/2020,13:12:07,6.8,6.6,75,8.45,75,0,30525
NIFTY30JAN2010800PE.NFO,07/01/2020,13:12:40,6.8,6.6,75,8.45,150,0,30525
NIFTY30JAN2010800PE.NFO,07/01/2020,13:13:24,6.8,5.65,75,8.45,150,0,30525
NIFTY30JAN2010800PE.NFO,07/01/2020,13:14:28,6.8,5.65,75,8.45,75,0,30525
NIFTY30JAN2010800PE.NFO,07/01/2020,13:24:58,6.8,6.8,1425,8.45,75,0,30525
NIFTY30JAN2010800PE.NFO,07/01/2020,13:25:26,8.45,6.8,1425,9.4,3000,75,30600
NIFTY30JAN2010800PE.NFO,07/01/2020,13:25:26,8.45,6.8,1425,9.4,3000,0,30600
NIFTY30JAN2010800PE.NFO,07/01/2020,13:25:30,8.45,6.8,1425,8.4,75,0,30600
NIFTY30JAN2010800PE.NFO,07/01/2020,13:26:08,8.45,5.65,75,8.4,75,0,30600
NIFTY30JAN2010800PE.NFO,07/01/2020,13:28:49,8.45,5.65,75,8.4,75,0,30525
NIFTY30JAN2010800PE.NFO,07/01/2020,13:29:58,8.45,5.65,75,9.4,3000,0,30525
NIFTY30JAN2010800PE.NFO,07/01/2020,13:30:25,8.45,5.65,150,9.4,3000,0,30525
NIFTY30JAN2010800PE.NFO,07/01/2020,13:30:34,5.6,5.5,75,9.35,75,375,30525
NIFTY30JAN2010800PE.NFO,07/01/2020,13:30:40,5.6,5.6,75,9.35,75,0,30525
NIFTY30JAN2010800PE.NFO,07/01/2020,13:30:42,5.6,5.6,675,9.35,75,0,30525
NIFTY30JAN2010800PE.NFO,07/01/2020,13:30:43,5.6,5.6,675,8.85,75,0,30525
NIFTY30JAN2010800PE.NFO,07/01/2020,13:30:47,5.6,5.6,675,8.5,75,0,30525
NIFTY30JAN2010800PE.NFO,07/01/2020,13:31:06,5.6,6,75,8.85,75,0,30525
NIFTY30JAN2010800PE.NFO,07/01/2020,13:31:12,5.6,6,75,8.7,75,0,30525
NIFTY30JAN2010800PE.NFO,07/01/2020,13:31:26,8.5,6,75,8.45,75,75,30525
NIFTY30JAN2010800PE.NFO,07/01/2020,13:31:26,8.5,6,75,8.45,75,0,30525
NIFTY30JAN2010800PE.NFO,07/01/2020,13:31:28,8.5,6,75,8.45,75,0,30525
NIFTY30JAN2010800PE.NFO,07/01/2020,13:31:59,8.5,5.6,2475,8.45,75,0,30525
NIFTY30JAN2010800PE.NFO,07/01/2020,13:32:15,8.5,5.65,75,8.45,75,0,30525
NIFTY30JAN2010800PE.NFO,07/01/2020,13:32:20,8.5,5.65,150,8.45,75,0,30525
NIFTY30JAN2010800PE.NFO,07/01/2020,13:33:40,8.5,5.65,150,8.35,75,0,30525
NIFTY30JAN2010800PE.NFO,07/01/2020,13:34:38,8.5,5.65,150,8.25,75,0,30525
NIFTY30JAN2010800PE.NFO,07/01/2020,13:34:43,8.5,5.65,150,8.1,75,0,30525
NIFTY30JAN2010800PE.NFO,07/01/2020,13:36:22,8.5,8,75,8.1,75,0,30525
NIFTY30JAN2010800PE.NFO,07/01/2020,13:36:25,8,5.7,75,8.1,75,75,30450
NIFTY30JAN2010800PE.NFO,07/01/2020,13:36:31,8,5.7,150,7.95,75,0,30450
NIFTY30JAN2010800PE.NFO,07/01/2020,13:36:38,8,5.7,150,7.85,75,0,30450
NIFTY30JAN2010800PE.NFO,07/01/2020,13:36:41,8,5.7,150,7.75,75,0,30450
NIFTY30JAN2010800PE.NFO,07/01/2020,13:41:15,5.7,5.7,75,7.75,75,75,30450
NIFTY30JAN2010800PE.NFO,07/01/2020,13:41:32,5.7,5.7,75,7.75,75,0,30450
NIFTY30JAN2010800PE.NFO,07/01/2020,13:41:48,5.7,6,75,7.75,75,0,30450
NIFTY30JAN2010800PE.NFO,07/01/2020,13:42:39,7.75,7.75,675,8.3,75,75,30450
NIFTY30JAN2010800PE.NFO,07/01/2020,13:42:40,7.75,6,75,8.3,75,675,30450
NIFTY30JAN2010800PE.NFO,07/01/2020,13:42:43,7.75,6.05,75,8,75,0,30450
NIFTY30JAN2010800PE.NFO,07/01/2020,13:44:19,7.75,6.05,75,7.95,75,0,30450
NIFTY30JAN2010800PE.NFO,07/01/2020,13:44:24,7.75,6.05,75,7.85,75,0,30450
NIFTY30JAN2010800PE.NFO,07/01/2020,13:44:27,7.75,6.05,75,7.7,75,0,30450
NIFTY30JAN2010800PE.NFO,07/01/2020,13:44:29,7.75,6.15,75,7.7,75,0,30450
NIFTY30JAN2010800PE.NFO,07/01/2020,13:45:19,7.75,6.25,75,7.7,75,0,30450
NIFTY30JAN2010800PE.NFO,07/01/2020,13:45:52,7.75,6.3,75,7.7,75,0,30450
NIFTY30JAN2010800PE.NFO,07/01/2020,13:46:25,7.75,6.25,75,7.7,75,0,30450
NIFTY30JAN2010800PE.NFO,07/01/2020,13:46:45,7.75,6.2,75,7.7,75,0,30450
NIFTY30JAN2010800PE.NFO,07/01/2020,13:46:50,7.75,6.25,75,7.7,75,0,30450
NIFTY30JAN2010800PE.NFO,07/01/2020,13:46:53,7.75,6.2,75,7.7,75,0,30450
NIFTY30JAN2010800PE.NFO,07/01/2020,13:47:09,7.75,6.25,75,7.7,75,0,30450
NIFTY30JAN2010800PE.NFO,07/01/2020,13:47:55,7.75,6.05,75,7.7,75,0,30450
NIFTY30JAN2010800PE.NFO,07/01/2020,13:48:03,7.75,6.05,75,7.6,75,0,30450
NIFTY30JAN2010800PE.NFO,07/01/2020,13:49:09,7.75,6,75,7.65,150,0,30450
NIFTY30JAN2010800PE.NFO,07/01/2020,13:49:23,7.75,6,75,7.45,75,0,30450
NIFTY30JAN2010800PE.NFO,07/01/2020,13:51:20,7.45,6,75,7.65,150,75,31050
NIFTY30JAN2010800PE.NFO,07/01/2020,13:51:25,7.45,6,75,7.5,75,0,31050
NIFTY30JAN2010800PE.NFO,07/01/2020,13:55:30,7.5,6,75,7.65,150,75,31125
NIFTY30JAN2010800PE.NFO,07/01/2020,13:55:37,7.5,7,75,7.65,150,0,31125
NIFTY30JAN2010800PE.NFO,07/01/2020,13:59:49,7.5,6.5,75,7.65,150,0,31125
NIFTY30JAN2010800PE.NFO,07/01/2020,14:00:37,7.5,5.65,75,7.65,150,0,31125
NIFTY30JAN2010800PE.NFO,07/01/2020,14:01:39,7.5,6,150,7.65,150,0,31125
NIFTY30JAN2010800PE.NFO,07/01/2020,14:07:49,7.5,6.5,150,7.65,150,0,31125
NIFTY30JAN2010800PE.NFO,07/01/2020,14:12:00,7.5,7.5,75,7.65,150,0,31125
NIFTY30JAN2010800PE.NFO,07/01/2020,14:12:04,7.5,6.5,150,7.65,150,75,31200
NIFTY30JAN2010800PE.NFO,07/01/2020,14:13:12,7.5,6.5,150,7.65,150,0,31200
NIFTY30JAN2010800PE.NFO,07/01/2020,14:15:33,7.5,6.1,75,7.65,150,0,31200
NIFTY30JAN2010800PE.NFO,07/01/2020,14:16:54,7.5,6.2,150,7.65,150,0,31200
NIFTY30JAN2010800PE.NFO,07/01/2020,14:18:42,7.5,6.5,150,7.65,150,0,31200
NIFTY30JAN2010800PE.NFO,07/01/2020,14:18:46,7.65,6.5,150,7.65,75,75,31275
NIFTY30JAN2010800PE.NFO,07/01/2020,14:18:54,7.65,6.5,150,7.65,75,0,31275
NIFTY30JAN2010800PE.NFO,07/01/2020,14:19:18,7.65,6.55,75,7.6,600,0,31275
NIFTY30JAN2010800PE.NFO,07/01/2020,14:19:22,7.65,6.6,150,7.6,600,0,31275
NIFTY30JAN2010800PE.NFO,07/01/2020,14:19:23,7.6,6.6,150,7.6,525,75,31275
NIFTY30JAN2010800PE.NFO,07/01/2020,14:19:27,7.6,7,75,7.6,525,0,31275
NIFTY30JAN2010800PE.NFO,07/01/2020,14:19:32,7.6,7.05,150,7.6,525,0,31275
NIFTY30JAN2010800PE.NFO,07/01/2020,14:19:35,7.05,7,75,7.6,525,150,31275
NIFTY30JAN2010800PE.NFO,07/01/2020,14:19:36,7.05,7,75,7.5,1500,0,31275
NIFTY30JAN2010800PE.NFO,07/01/2020,14:19:45,7.05,7.05,75,7.5,1500,0,31275
NIFTY30JAN2010800PE.NFO,07/01/2020,14:19:46,7.05,6.15,75,7.5,1500,75,31275
NIFTY30JAN2010800PE.NFO,07/01/2020,14:21:03,7.05,6.15,75,7.4,75,0,31275
NIFTY30JAN2010800PE.NFO,07/01/2020,14:21:08,7.05,6.15,75,7.3,75,0,31275
NIFTY30JAN2010800PE.NFO,07/01/2020,14:21:11,7.05,6.15,75,7.4,75,0,31275
NIFTY30JAN2010800PE.NFO,07/01/2020,14:24:07,7.05,6.15,75,7.45,75,0,31275
NIFTY30JAN2010800PE.NFO,07/01/2020,14:30:03,7.05,6.3,75,7.45,75,0,31350
NIFTY30JAN2010800PE.NFO,07/01/2020,14:30:07,7.05,6.3,75,7.35,75,0,31350
NIFTY30JAN2010800PE.NFO,07/01/2020,14:30:10,7.05,6.3,75,7,75,0,31350
NIFTY30JAN2010800PE.NFO,07/01/2020,14:30:25,7.05,6.25,75,6.95,75,0,31350
NIFTY30JAN2010800PE.NFO,07/01/2020,14:35:07,7.05,6.3,75,6.95,75,0,31350
NIFTY30JAN2010800PE.NFO,07/01/2020,14:35:23,7.05,6.3,75,7,75,0,31350
NIFTY30JAN2010800PE.NFO,07/01/2020,14:36:36,7.05,6.45,75,7,75,0,31350
NIFTY30JAN2010800PE.NFO,07/01/2020,14:36:41,7.05,6.45,75,6.95,75,0,31350
NIFTY30JAN2010800PE.NFO,07/01/2020,14:36:48,7.05,6.45,75,7.35,75,0,31350
NIFTY30JAN2010800PE.NFO,07/01/2020,14:37:11,7.35,6.45,75,7.4,75,75,31350
NIFTY30JAN2010800PE.NFO,07/01/2020,14:39:40,7.35,6.45,75,7.4,75,0,31350
NIFTY30JAN2010800PE.NFO,07/01/2020,14:44:16,7.35,6.4,75,7.4,75,0,31350
NIFTY30JAN2010800PE.NFO,07/01/2020,14:44:18,7.35,6.45,75,7.4,75,0,31350
NIFTY30JAN2010800PE.NFO,07/01/2020,14:47:44,7.35,6.45,75,8.7,225,0,31350
NIFTY30JAN2010800PE.NFO,07/01/2020,14:48:46,7.35,6.45,75,8.5,75,0,31350
NIFTY30JAN2010800PE.NFO,07/01/2020,14:49:29,7.35,6.45,75,8.5,150,0,31350
NIFTY30JAN2010800PE.NFO,07/01/2020,14:50:37,7.35,6.45,75,8,75,0,31350
NIFTY30JAN2010800PE.NFO,07/01/2020,14:53:25,7.35,6.4,75,8,75,0,31350
NIFTY30JAN2010800PE.NFO,07/01/2020,14:53:35,7.35,6.45,75,8,75,0,31350
NIFTY30JAN2010800PE.NFO,07/01/2020,14:53:45,7.35,6.4,75,8,75,0,31350
NIFTY30JAN2010800PE.NFO,07/01/2020,14:54:06,7.35,6.45,75,8,75,0,31350
NIFTY30JAN2010800PE.NFO,07/01/2020,14:54:23,7.35,6.45,75,7.95,75,0,31350
NIFTY30JAN2010800PE.NFO,07/01/2020,14:54:45,7.35,6.45,75,7.8,75,0,31350
NIFTY30JAN2010800PE.NFO,07/01/2020,14:54:59,7.35,6.45,75,7.6,75,0,31350
NIFTY30JAN2010800PE.NFO,07/01/2020,14:55:03,7.35,6.45,75,7.35,75,0,31350
NIFTY30JAN2010800PE.NFO,07/01/2020,14:55:08,7.35,6.45,75,7.6,75,0,31350
NIFTY30JAN2010800PE.NFO,07/01/2020,14:55:35,7.35,6.45,75,7.55,75,0,31350
NIFTY30JAN2010800PE.NFO,07/01/2020,15:02:20,7.35,6.6,75,7.55,75,0,31350
NIFTY30JAN2010800PE.NFO,07/01/2020,15:06:36,7.35,6.4,75,7.55,75,0,31350
NIFTY30JAN2010800PE.NFO,07/01/2020,15:06:37,7.35,6.45,75,7.55,75,0,31350
NIFTY30JAN2010800PE.NFO,07/01/2020,15:06:46,7.35,6.6,75,7.55,75,0,31350
NIFTY30JAN2010800PE.NFO,07/01/2020,15:06:50,7.35,6.75,75,7.55,75,0,31350
NIFTY30JAN2010800PE.NFO,07/01/2020,15:06:54,7.35,6.75,75,7.4,75,0,31350
NIFTY30JAN2010800PE.NFO,07/01/2020,15:12:13,7.35,6.75,75,7.35,450,0,31350
NIFTY30JAN2010800PE.NFO,07/01/2020,15:12:26,7.35,6.8,75,7.35,450,0,31350
NIFTY30JAN2010800PE.NFO,07/01/2020,15:12:57,6.8,6.75,75,7.35,450,75,30600
NIFTY30JAN2010800PE.NFO,07/01/2020,15:13:04,6.75,6.4,75,7.35,450,75,30600
NIFTY30JAN2010800PE.NFO,07/01/2020,15:13:06,6.75,6.4,75,7.3,75,0,30600
NIFTY30JAN2010800PE.NFO,07/01/2020,15:14:38,6.75,6.45,75,7.3,75,0,30600
NIFTY30JAN2010800PE.NFO,07/01/2020,15:15:14,6.75,6.4,75,7.3,75,0,30600
NIFTY30JAN2010800PE.NFO,07/01/2020,15:15:27,6.75,6.45,75,7.3,75,0,30600
NIFTY30JAN2010800PE.NFO,07/01/2020,15:15:36,6.75,6.4,75,7.3,75,0,30600
NIFTY30JAN2010800PE.NFO,07/01/2020,15:16:04,7.3,6.4,75,7.35,450,75,30675
NIFTY30JAN2010800PE.NFO,07/01/2020,15:16:08,7.3,6.4,75,7.3,75,0,30675
NIFTY30JAN2010800PE.NFO,07/01/2020,15:16:13,7.3,6.4,75,7.3,675,0,30675
NIFTY30JAN2010800PE.NFO,07/01/2020,15:16:18,7.3,6.4,75,7.25,900,0,30675
NIFTY30JAN2010800PE.NFO,07/01/2020,15:16:22,7.3,6.4,75,7.2,75,0,30675
NIFTY30JAN2010800PE.NFO,07/01/2020,15:16:25,7.3,6.4,75,7.15,600,0,30675
NIFTY30JAN2010800PE.NFO,07/01/2020,15:16:26,7.3,6.45,75,7.15,600,0,30675
NIFTY30JAN2010800PE.NFO,07/01/2020,15:17:31,7.3,6.45,75,7,75,0,30675
NIFTY30JAN2010800PE.NFO,07/01/2020,15:18:00,7,6.4,75,7.15,600,75,30675
NIFTY30JAN2010800PE.NFO,07/01/2020,15:18:08,7,6.4,75,7,1500,0,30675
NIFTY30JAN2010800PE.NFO,07/01/2020,15:18:13,7,6.4,75,7.2,75,0,30675
NIFTY30JAN2010800PE.NFO,07/01/2020,15:18:18,7,6.4,75,7,150,0,30675
NIFTY30JAN2010800PE.NFO,07/01/2020,15:18:21,7,6.4,75,7.2,75,0,30675
NIFTY30JAN2010800PE.NFO,07/01/2020,15:18:32,7.2,6.4,75,7.25,900,75,30750
NIFTY30JAN2010800PE.NFO,07/01/2020,15:18:36,7.2,7,75,7.25,900,0,30750
NIFTY30JAN2010800PE.NFO,07/01/2020,15:18:38,7,6.4,75,7.25,900,75,30750
NIFTY30JAN2010800PE.NFO,07/01/2020,15:20:00,7,6.4,75,7.25,900,0,30750
NIFTY30JAN2010800PE.NFO,07/01/2020,15:21:14,7,6.4,75,7.25,1350,0,30750
NIFTY30JAN2010800PE.NFO,07/01/2020,15:24:08,7,6.4,75,7,150,0,30750
NIFTY30JAN2010800PE.NFO,07/01/2020,15:24:09,7,5.6,300,7,150,0,30750
NIFTY30JAN2010800PE.NFO,07/01/2020,15:24:30,7,6,225,7,150,0,30750
NIFTY30JAN2010800PE.NFO,07/01/2020,15:25:19,7,6.05,75,7,150,0,30750
NIFTY30JAN2010800PE.NFO,07/01/2020,15:25:25,7,6,225,7,150,0,30750
NIFTY30JAN2010800PE.NFO,07/01/2020,15:25:57,7,6,225,6.95,225,0,30750
NIFTY30JAN2010800PE.NFO,07/01/2020,15:27:23,7,6.05,75,6.95,225,0,30750
NIFTY30JAN2010800PE.NFO,07/01/2020,15:28:32,6.95,6,225,6.95,150,75,30750
NIFTY30JAN2010800PE.NFO,07/01/2020,15:29:08,6.95,6,225,6.95,150,0,30750
