Ticker,Date,Time,LTP,BuyPrice,BuyQty,SellPrice,SellQty,LTQ,OpenInterest
NIFTY30JAN2012450PE.NFO,07/01/2020,09:15:40,343.3,342.1,75,343.1,75,75,4875
NIFTY30JAN2012450PE.NFO,07/01/2020,09:15:40,343.3,342.1,75,343.1,75,0,4875
NIFTY30JAN2012450PE.NFO,07/01/2020,09:15:40,343.3,342.1,75,343.1,75,0,4875
NIFTY30JAN2012450PE.NFO,07/01/2020,09:15:40,343.3,342.1,75,343.1,75,0,4875
NIFTY30JAN2012450PE.NFO,07/01/2020,09:15:41,343.3,342.1,75,343.1,75,0,4875
NIFTY30JAN2012450PE.NFO,07/01/2020,09:15:42,343.3,342.1,75,342.65,75,0,4875
NIFTY30JAN2012450PE.NFO,07/01/2020,09:15:42,342.1,339.6,75,343.05,75,75,4875
NIFTY30JAN2012450PE.NFO,07/01/2020,09:15:42,342.1,339.6,75,343.05,75,0,4875
NIFTY30JAN2012450PE.NFO,07/01/2020,09:15:44,342.1,339.6,75,343.05,75,0,4875
NIFTY30JAN2012450PE.NFO,07/01/2020,09:15:45,342.1,339.6,75,342.9,75,0,4875
NIFTY30JAN2012450PE.NFO,07/01/2020,09:15:46,342.1,339.6,75,342.85,75,0,4875
NIFTY30JAN2012450PE.NFO,07/01/2020,09:15:48,342.1,339.6,75,342.9,75,0,4875
NIFTY30JAN2012450PE.NFO,07/01/2020,09:15:50,342.1,339.6,75,342.7,75,0,4875
NIFTY30JAN2012450PE.NFO,07/01/2020,09:15:54,342.1,339.6,75,342.65,75,0,4875
NIFTY30JAN2012450PE.NFO,07/01/2020,09:15:55,342.1,339.6,75,341.95,75,0,4875
NIFTY30JAN2012450PE.NFO,07/01/2020,09:15:58,342.1,339.6,75,342.45,75,0,4875
NIFTY30JAN2012450PE.NFO,07/01/2020,09:15:59,342.1,339.6,75,342.4,75,0,4875
NIFTY30JAN2012450PE.NFO,07/01/2020,09:16:00,342.1,339.6,75,342.3,75,0,4875
NIFTY30JAN2012450PE.NFO,07/01/2020,09:16:02,336.95,336.95,375,342.3,75,150,4875
NIFTY30JAN2012450PE.NFO,07/01/2020,09:16:02,336.95,336.95,375,342.3,75,0,4875
NIFTY30JAN2012450PE.NFO,07/01/2020,09:16:03,336.95,336.95,375,342.3,75,0,4875
NIFTY30JAN2012450PE.NFO,07/01/2020,09:16:05,336.95,336.95,375,342.05,75,0,4875
NIFTY30JAN2012450PE.NFO,07/01/2020,09:16:06,336.95,336.95,375,342.1,75,0,4875
NIFTY30JAN2012450PE.NFO,07/01/2020,09:16:07,336.95,336.95,225,341.65,75,150,4875
NIFTY30JAN2012450PE.NFO,07/01/2020,09:16:08,336.95,336.95,225,342.1,75,0,4875
NIFTY30JAN2012450PE.NFO,07/01/2020,09:16:10,336.95,336.95,225,340.6,75,0,4875
NIFTY30JAN2012450PE.NFO,07/01/2020,09:16:20,336.95,336.95,225,340.35,75,0,4875
NIFTY30JAN2012450PE.NFO,07/01/2020,09:16:21,336.95,336.95,225,339.05,75,0,4875
NIFTY30JAN2012450PE.NFO,07/01/2020,09:16:22,336.95,336.95,225,339.2,75,0,4875
NIFTY30JAN2012450PE.NFO,07/01/2020,09:16:25,336.95,336.95,75,339.2,75,150,4875
NIFTY30JAN2012450PE.NFO,07/01/2020,09:16:26,336.95,336.95,75,340.55,75,0,4875
NIFTY30JAN2012450PE.NFO,07/01/2020,09:16:27,336.95,336.95,75,340.45,75,0,4875
NIFTY30JAN2012450PE.NFO,07/01/2020,09:16:28,336.95,336.65,75,340.45,75,75,4875
NIFTY30JAN2012450PE.NFO,07/01/2020,09:16:30,336.95,336.65,75,340.3,75,0,4875
NIFTY30JAN2012450PE.NFO,07/01/2020,09:16:31,336.65,334.15,75,338.5,75,75,4875
NIFTY30JAN2012450PE.NFO,07/01/2020,09:16:31,336.65,334.15,75,338.5,75,0,4875
NIFTY30JAN2012450PE.NFO,07/01/2020,09:16:32,336.65,334.15,75,337.75,75,0,4875
NIFTY30JAN2012450PE.NFO,07/01/2020,09:16:35,336.65,334.15,75,337.5,75,0,4875
NIFTY30JAN2012450PE.NFO,07/01/2020,09:16:36,336.65,334.15,75,338.4,75,0,4875
NIFTY30JAN2012450PE.NFO,07/01/2020,09:16:39,336.65,334.15,75,337.75,75,0,4875
NIFTY30JAN2012450PE.NFO,07/01/2020,09:16:45,334.15,334,75,337.75,75,75,4875
NIFTY30JAN2012450PE.NFO,07/01/2020,09:16:45,334.15,334,75,337.75,75,0,4875
NIFTY30JAN2012450PE.NFO,07/01/2020,09:16:48,334.15,334,75,337.75,75,0,4875
NIFTY30JAN2012450PE.NFO,07/01/2020,09:16:50,334,333.9,150,337.75,75,75,4875
NIFTY30JAN2012450PE.NFO,07/01/2020,09:16:50,334,333.9,150,337.75,75,0,4875
NIFTY30JAN2012450PE.NFO,07/01/2020,09:16:51,334,333.9,150,336.45,75,0,4875
NIFTY30JAN2012450PE.NFO,07/01/2020,09:16:52,334,333.9,150,340.5,75,0,4875
NIFTY30JAN2012450PE.NFO,07/01/2020,09:16:53,334,333.9,150,336.7,75,0,4875
NIFTY30JAN2012450PE.NFO,07/01/2020,09:16:54,333.9,323,75,340.5,75,150,4875
NIFTY30JAN2012450PE.NFO,07/01/2020,09:16:54,333.9,323,75,340.5,75,0,4875
NIFTY30JAN2012450PE.NFO,07/01/2020,09:16:55,333.9,320.6,75,337.45,75,0,4875
NIFTY30JAN2012450PE.NFO,07/01/2020,09:16:56,333.9,321.8,75,335,75,0,4875
NIFTY30JAN2012450PE.NFO,07/01/2020,09:16:58,333.9,320.5,75,334.85,75,0,4875
NIFTY30JAN2012450PE.NFO,07/01/2020,09:16:59,333.9,320.5,75,338,75,0,4875
NIFTY30JAN2012450PE.NFO,07/01/2020,09:17:00,333.9,320.6,75,340.4,75,0,4875
NIFTY30JAN2012450PE.NFO,07/01/2020,09:17:01,333.9,322.7,75,335.5,75,0,4875
NIFTY30JAN2012450PE.NFO,07/01/2020,09:17:03,333.9,320.5,75,337.45,75,0,4875
NIFTY30JAN2012450PE.NFO,07/01/2020,09:17:04,333.9,320.5,75,340.45,75,0,4875
NIFTY30JAN2012450PE.NFO,07/01/2020,09:17:06,333.9,314.15,75,335.65,75,0,4875
NIFTY30JAN2012450PE.NFO,07/01/2020,09:17:07,333.9,318.05,75,333.65,75,0,4875
NIFTY30JAN2012450PE.NFO,07/01/2020,09:17:09,333.9,307.3,75,332.5,75,0,4875
NIFTY30JAN2012450PE.NFO,07/01/2020,09:17:10,333.9,317,75,332.1,75,0,4875
NIFTY30JAN2012450PE.NFO,07/01/2020,09:17:11,333.9,310,75,334.1,75,0,4875
NIFTY30JAN2012450PE.NFO,07/01/2020,09:17:12,333.9,317.45,75,332.15,75,0,4875
NIFTY30JAN2012450PE.NFO,07/01/2020,09:17:13,333.9,288.05,525,333.25,75,0,4875
NIFTY30JAN2012450PE.NFO,07/01/2020,09:17:15,333.9,315.3,75,331.65,75,0,4875
NIFTY30JAN2012450PE.NFO,07/01/2020,09:17:16,333.9,300.85,75,330.95,75,0,4875
NIFTY30JAN2012450PE.NFO,07/01/2020,09:17:17,333.9,283.7,75,330.95,75,0,4875
NIFTY30JAN2012450PE.NFO,07/01/2020,09:17:18,333.9,309.05,75,330.95,75,0,4875
NIFTY30JAN2012450PE.NFO,07/01/2020,09:17:19,333.9,308.3,75,330.8,75,0,4875
NIFTY30JAN2012450PE.NFO,07/01/2020,09:17:20,333.9,312.2,75,334.95,75,0,4875
NIFTY30JAN2012450PE.NFO,07/01/2020,09:17:21,333.9,283.65,75,330.1,75,0,4875
NIFTY30JAN2012450PE.NFO,07/01/2020,09:17:22,333.9,310.85,75,332.3,75,0,4875
NIFTY30JAN2012450PE.NFO,07/01/2020,09:17:24,333.9,300.8,75,340.45,75,0,4875
NIFTY30JAN2012450PE.NFO,07/01/2020,09:17:25,333.9,313.55,75,340.2,75,0,4875
NIFTY30JAN2012450PE.NFO,07/01/2020,09:17:26,333.9,288.65,75,340.5,75,0,4875
NIFTY30JAN2012450PE.NFO,07/01/2020,09:17:27,333.9,315,75,330.95,75,0,4875
NIFTY30JAN2012450PE.NFO,07/01/2020,09:17:28,333.9,315.1,75,340.55,75,0,4875
NIFTY30JAN2012450PE.NFO,07/01/2020,09:17:29,333.9,301.6,75,332.7,75,0,4875
NIFTY30JAN2012450PE.NFO,07/01/2020,09:17:30,333.9,310.25,75,331.6,75,0,4875
NIFTY30JAN2012450PE.NFO,07/01/2020,09:17:31,333.9,302.05,75,332.6,75,0,4875
NIFTY30JAN2012450PE.NFO,07/01/2020,09:17:32,333.9,310.75,75,340.5,75,0,4875
NIFTY30JAN2012450PE.NFO,07/01/2020,09:17:33,333.9,317.65,75,332.35,75,0,4875
NIFTY30JAN2012450PE.NFO,07/01/2020,09:17:34,333.9,303.6,75,332,75,0,4875
NIFTY30JAN2012450PE.NFO,07/01/2020,09:17:35,333.9,316.1,75,334.05,75,0,4875
NIFTY30JAN2012450PE.NFO,07/01/2020,09:17:36,333.9,283.55,75,340.55,75,0,4875
NIFTY30JAN2012450PE.NFO,07/01/2020,09:17:37,333.9,315.65,75,334.4,75,0,4875
NIFTY30JAN2012450PE.NFO,07/01/2020,09:17:38,333.9,316.25,75,336.1,75,0,4875
NIFTY30JAN2012450PE.NFO,07/01/2020,09:17:39,333.9,318.4,75,333.35,75,0,4875
NIFTY30JAN2012450PE.NFO,07/01/2020,09:17:40,333.9,296.85,75,332.85,75,0,4875
NIFTY30JAN2012450PE.NFO,07/01/2020,09:17:41,333.9,316.1,75,334.85,75,0,4875
NIFTY30JAN2012450PE.NFO,07/01/2020,09:17:42,333.9,320.7,75,333.65,75,0,4875
NIFTY30JAN2012450PE.NFO,07/01/2020,09:17:43,333.9,313.5,75,335,75,0,4875
NIFTY30JAN2012450PE.NFO,07/01/2020,09:17:44,333.9,283.55,75,333.2,75,0,4875
NIFTY30JAN2012450PE.NFO,07/01/2020,09:17:45,333.9,321.6,75,340.5,75,0,4875
NIFTY30JAN2012450PE.NFO,07/01/2020,09:17:46,333.9,303.65,75,335.8,75,0,4875
NIFTY30JAN2012450PE.NFO,07/01/2020,09:17:47,333.9,318.3,75,337.1,75,0,4875
NIFTY30JAN2012450PE.NFO,07/01/2020,09:17:48,333.9,305,75,334.75,75,0,4875
NIFTY30JAN2012450PE.NFO,07/01/2020,09:17:49,333.9,314.25,75,340.5,75,0,4875
NIFTY30JAN2012450PE.NFO,07/01/2020,09:17:50,333.9,321.15,75,335.9,75,0,4875
NIFTY30JAN2012450PE.NFO,07/01/2020,09:17:50,333.9,319.2,75,340.5,75,0,4875
NIFTY30JAN2012450PE.NFO,07/01/2020,09:17:52,333.9,321.3,75,335.85,75,0,4875
NIFTY30JAN2012450PE.NFO,07/01/2020,09:17:53,333.9,320.15,75,335.95,75,0,4875
NIFTY30JAN2012450PE.NFO,07/01/2020,09:17:54,333.9,300.1,75,335.05,75,0,4875
NIFTY30JAN2012450PE.NFO,07/01/2020,09:17:54,333.9,312.8,75,340.5,75,0,4875
NIFTY30JAN2012450PE.NFO,07/01/2020,09:17:56,333.9,318.1,75,335.45,75,0,4875
NIFTY30JAN2012450PE.NFO,07/01/2020,09:17:57,333.9,312.9,75,336.8,75,0,4875
NIFTY30JAN2012450PE.NFO,07/01/2020,09:18:05,333.9,313,75,333.95,75,0,4875
NIFTY30JAN2012450PE.NFO,07/01/2020,09:18:06,333.9,318.2,75,331.75,75,0,4875
NIFTY30JAN2012450PE.NFO,07/01/2020,09:18:07,333.9,311.85,75,334.6,75,0,4875
NIFTY30JAN2012450PE.NFO,07/01/2020,09:18:11,333.9,316,75,332.9,75,0,4875
NIFTY30JAN2012450PE.NFO,07/01/2020,09:18:12,333.9,316.1,75,332.35,75,0,4875
NIFTY30JAN2012450PE.NFO,07/01/2020,09:18:13,333.9,311.8,75,330.9,75,0,4875
NIFTY30JAN2012450PE.NFO,07/01/2020,09:18:14,333.9,310.75,75,333.9,75,0,4875
NIFTY30JAN2012450PE.NFO,07/01/2020,09:18:15,333.9,310.85,75,333.85,75,0,4875
NIFTY30JAN2012450PE.NFO,07/01/2020,09:18:17,333.9,310.9,75,330.95,75,0,4875
NIFTY30JAN2012450PE.NFO,07/01/2020,09:18:19,333.9,315.05,75,333.35,75,0,4875
NIFTY30JAN2012450PE.NFO,07/01/2020,09:18:20,333.9,311.35,75,332,75,0,4875
NIFTY30JAN2012450PE.NFO,07/01/2020,09:18:21,333.9,316.7,75,334.8,75,0,4875
NIFTY30JAN2012450PE.NFO,07/01/2020,09:18:22,333.9,313.85,75,329.75,75,0,4875
NIFTY30JAN2012450PE.NFO,07/01/2020,09:18:23,333.9,309.95,75,340.5,75,0,4875
NIFTY30JAN2012450PE.NFO,07/01/2020,09:18:24,333.9,291.15,675,331.5,75,0,4875
NIFTY30JAN2012450PE.NFO,07/01/2020,09:18:25,333.9,292.05,600,330.4,75,0,4875
NIFTY30JAN2012450PE.NFO,07/01/2020,09:18:26,333.9,315.95,75,340.4,75,0,4875
NIFTY30JAN2012450PE.NFO,07/01/2020,09:18:27,333.9,317.45,75,335.2,75,0,4875
NIFTY30JAN2012450PE.NFO,07/01/2020,09:18:28,333.9,287.05,75,335.05,75,0,4875
NIFTY30JAN2012450PE.NFO,07/01/2020,09:18:29,333.9,315.55,75,331.05,75,0,4875
NIFTY30JAN2012450PE.NFO,07/01/2020,09:18:30,333.9,316.05,75,335.85,75,0,4875
NIFTY30JAN2012450PE.NFO,07/01/2020,09:18:31,333.9,303.45,75,331.95,75,0,4875
NIFTY30JAN2012450PE.NFO,07/01/2020,09:18:31,333.9,316.5,75,331.6,75,0,4875
NIFTY30JAN2012450PE.NFO,07/01/2020,09:18:33,333.9,318.85,75,333.9,75,0,4875
NIFTY30JAN2012450PE.NFO,07/01/2020,09:18:34,333.9,320.75,75,333.6,75,0,4875
NIFTY30JAN2012450PE.NFO,07/01/2020,09:18:35,333.9,309.1,75,337.2,75,0,4875
NIFTY30JAN2012450PE.NFO,07/01/2020,09:18:36,333.9,319.5,75,334.65,75,0,4875
NIFTY30JAN2012450PE.NFO,07/01/2020,09:18:37,333.9,321.3,75,340.4,75,0,4875
NIFTY30JAN2012450PE.NFO,07/01/2020,09:18:38,333.9,310.3,75,335.75,75,0,4875
NIFTY30JAN2012450PE.NFO,07/01/2020,09:18:39,333.9,310.8,75,335.2,75,0,4875
NIFTY30JAN2012450PE.NFO,07/01/2020,09:18:40,333.9,322.7,75,337.8,75,0,4875
NIFTY30JAN2012450PE.NFO,07/01/2020,09:18:41,333.9,315.25,75,340.5,75,0,4875
NIFTY30JAN2012450PE.NFO,07/01/2020,09:18:41,333.9,319.95,75,337.8,75,0,4875
NIFTY30JAN2012450PE.NFO,07/01/2020,09:18:43,333.9,306.65,75,335.1,75,0,4875
NIFTY30JAN2012450PE.NFO,07/01/2020,09:18:44,333.9,307.1,75,334.85,75,0,4875
NIFTY30JAN2012450PE.NFO,07/01/2020,09:18:45,333.9,315.7,75,337.4,75,0,4875
NIFTY30JAN2012450PE.NFO,07/01/2020,09:18:46,333.9,315.75,75,336.05,75,0,4875
NIFTY30JAN2012450PE.NFO,07/01/2020,09:18:47,333.9,322.85,75,340.55,75,0,4875
NIFTY30JAN2012450PE.NFO,07/01/2020,09:18:48,333.9,322.35,75,340.5,75,0,4875
NIFTY30JAN2012450PE.NFO,07/01/2020,09:18:49,333.9,318.45,75,337.95,75,0,4875
NIFTY30JAN2012450PE.NFO,07/01/2020,09:18:50,333.9,323.45,75,336.05,75,0,4875
NIFTY30JAN2012450PE.NFO,07/01/2020,09:18:51,333.9,299.65,75,340.5,75,0,4875
NIFTY30JAN2012450PE.NFO,07/01/2020,09:18:52,333.9,319.15,75,337.35,75,0,4875
NIFTY30JAN2012450PE.NFO,07/01/2020,09:18:53,333.9,294.8,75,338.4,75,0,4875
NIFTY30JAN2012450PE.NFO,07/01/2020,09:18:54,333.9,325.85,75,337.4,75,0,4875
NIFTY30JAN2012450PE.NFO,07/01/2020,09:18:55,333.9,326.25,75,340.4,75,0,4875
NIFTY30JAN2012450PE.NFO,07/01/2020,09:18:56,333.9,326.15,75,338.7,75,0,4875
NIFTY30JAN2012450PE.NFO,07/01/2020,09:18:56,333.9,319.4,150,337.55,75,0,4875
NIFTY30JAN2012450PE.NFO,07/01/2020,09:18:58,333.9,325.8,75,337.3,75,0,4875
NIFTY30JAN2012450PE.NFO,07/01/2020,09:18:59,333.9,326.25,75,340.55,75,0,4875
NIFTY30JAN2012450PE.NFO,07/01/2020,09:19:00,333.9,326.45,75,340.45,75,0,4875
NIFTY30JAN2012450PE.NFO,07/01/2020,09:19:01,333.9,325.1,75,337.4,75,0,4875
NIFTY30JAN2012450PE.NFO,07/01/2020,09:19:02,333.9,325.65,75,336.1,75,0,4875
NIFTY30JAN2012450PE.NFO,07/01/2020,09:19:03,333.9,325.65,75,337.25,75,0,4875
NIFTY30JAN2012450PE.NFO,07/01/2020,09:19:03,333.9,327.1,75,337.6,75,0,4875
NIFTY30JAN2012450PE.NFO,07/01/2020,09:19:05,333.9,325.75,75,337.25,75,0,4875
NIFTY30JAN2012450PE.NFO,07/01/2020,09:19:06,333.9,325.75,75,338.45,75,0,4875
NIFTY30JAN2012450PE.NFO,07/01/2020,09:19:07,333.9,327.4,75,337.7,75,0,4875
NIFTY30JAN2012450PE.NFO,07/01/2020,09:19:08,333.9,327.4,75,340.55,75,0,4875
NIFTY30JAN2012450PE.NFO,07/01/2020,09:19:09,333.9,324.2,75,337.55,75,0,4875
NIFTY30JAN2012450PE.NFO,07/01/2020,09:19:10,333.9,325.6,75,337.4,75,0,4875
NIFTY30JAN2012450PE.NFO,07/01/2020,09:19:11,333.9,325.6,75,337.25,75,0,4875
NIFTY30JAN2012450PE.NFO,07/01/2020,09:19:12,333.9,322.4,75,338.75,75,0,4875
NIFTY30JAN2012450PE.NFO,07/01/2020,09:19:13,333.9,319.1,75,335,75,0,4875
NIFTY30JAN2012450PE.NFO,07/01/2020,09:19:14,333.9,318.2,75,336.8,75,0,4875
NIFTY30JAN2012450PE.NFO,07/01/2020,09:19:15,333.9,325,75,337,75,0,4875
NIFTY30JAN2012450PE.NFO,07/01/2020,09:19:16,337,325.5,75,336.15,75,75,4725
NIFTY30JAN2012450PE.NFO,07/01/2020,09:19:17,337,325.5,75,337.7,75,0,4725
NIFTY30JAN2012450PE.NFO,07/01/2020,09:19:18,337,319,75,335.3,75,0,4725
NIFTY30JAN2012450PE.NFO,07/01/2020,09:19:19,337,323.95,75,334.95,75,0,4725
NIFTY30JAN2012450PE.NFO,07/01/2020,09:19:20,337,324.65,75,336.3,75,0,4725
NIFTY30JAN2012450PE.NFO,07/01/2020,09:19:21,337,324.85,75,334.15,75,0,4725
NIFTY30JAN2012450PE.NFO,07/01/2020,09:19:22,337,323.2,75,335.5,75,0,4725
NIFTY30JAN2012450PE.NFO,07/01/2020,09:19:23,337,323.3,75,333.55,75,0,4725
NIFTY30JAN2012450PE.NFO,07/01/2020,09:19:24,337,323.3,75,335.3,75,0,4725
NIFTY30JAN2012450PE.NFO,07/01/2020,09:19:25,337,317.2,75,339.95,75,0,4725
NIFTY30JAN2012450PE.NFO,07/01/2020,09:19:26,337,321.9,75,335,75,0,4725
NIFTY30JAN2012450PE.NFO,07/01/2020,09:19:27,337,323.05,75,334.65,75,0,4725
NIFTY30JAN2012450PE.NFO,07/01/2020,09:19:28,337,323,75,335.3,75,0,4725
NIFTY30JAN2012450PE.NFO,07/01/2020,09:19:29,337,323.75,75,334.85,75,0,4725
NIFTY30JAN2012450PE.NFO,07/01/2020,09:19:30,337,323.9,75,334.8,75,0,4725
NIFTY30JAN2012450PE.NFO,07/01/2020,09:19:31,337,324.85,75,340.5,75,0,4725
NIFTY30JAN2012450PE.NFO,07/01/2020,09:19:32,337,318.45,75,336.05,75,0,4725
NIFTY30JAN2012450PE.NFO,07/01/2020,09:19:33,337,325.05,75,334.5,75,0,4725
NIFTY30JAN2012450PE.NFO,07/01/2020,09:19:34,337,325.4,75,337.05,75,0,4725
NIFTY30JAN2012450PE.NFO,07/01/2020,09:19:35,337,321.9,75,336.95,75,0,4725
NIFTY30JAN2012450PE.NFO,07/01/2020,09:19:36,337,325,75,340.5,75,0,4725
NIFTY30JAN2012450PE.NFO,07/01/2020,09:19:37,337,326.5,150,335.95,75,0,4725
NIFTY30JAN2012450PE.NFO,07/01/2020,09:19:38,337,324.75,75,337.5,75,0,4725
NIFTY30JAN2012450PE.NFO,07/01/2020,09:19:39,337,325.75,75,335.8,75,0,4725
NIFTY30JAN2012450PE.NFO,07/01/2020,09:19:40,337,322.45,75,337.1,75,0,4725
NIFTY30JAN2012450PE.NFO,07/01/2020,09:19:41,337,325.65,75,337.75,75,0,4725
NIFTY30JAN2012450PE.NFO,07/01/2020,09:19:42,337,325.65,75,336.65,75,0,4725
NIFTY30JAN2012450PE.NFO,07/01/2020,09:19:43,337,325.3,75,334.85,75,0,4725
NIFTY30JAN2012450PE.NFO,07/01/2020,09:19:44,337,318.9,75,340.5,75,0,4725
NIFTY30JAN2012450PE.NFO,07/01/2020,09:19:46,337,325,150,340.5,75,0,4725
NIFTY30JAN2012450PE.NFO,07/01/2020,09:19:47,337,325,150,336.4,75,0,4725
NIFTY30JAN2012450PE.NFO,07/01/2020,09:19:48,337,325,150,334.65,75,0,4725
NIFTY30JAN2012450PE.NFO,07/01/2020,09:19:49,337,325,150,340.5,75,0,4725
NIFTY30JAN2012450PE.NFO,07/01/2020,09:19:50,337,325,150,336.25,75,0,4725
NIFTY30JAN2012450PE.NFO,07/01/2020,09:19:51,337,325,150,336.05,75,0,4725
NIFTY30JAN2012450PE.NFO,07/01/2020,09:19:52,337,325,150,334.55,75,0,4725
NIFTY30JAN2012450PE.NFO,07/01/2020,09:19:53,337,325.2,75,336.95,75,0,4725
NIFTY30JAN2012450PE.NFO,07/01/2020,09:19:54,337,325.2,75,334.7,75,0,4725
NIFTY30JAN2012450PE.NFO,07/01/2020,09:19:55,337,325.8,75,336.2,75,0,4725
NIFTY30JAN2012450PE.NFO,07/01/2020,09:19:56,337,325.8,150,338.4,75,0,4725
NIFTY30JAN2012450PE.NFO,07/01/2020,09:19:57,337,325.8,150,335.1,75,0,4725
NIFTY30JAN2012450PE.NFO,07/01/2020,09:19:58,337,319,75,337.15,75,0,4725
NIFTY30JAN2012450PE.NFO,07/01/2020,09:19:59,337,323.75,75,336.3,75,0,4725
NIFTY30JAN2012450PE.NFO,07/01/2020,09:20:00,337,324.4,75,336.05,75,0,4725
NIFTY30JAN2012450PE.NFO,07/01/2020,09:20:01,337,317.75,75,334.15,75,0,4725
NIFTY30JAN2012450PE.NFO,07/01/2020,09:20:02,337,323.9,75,333.5,75,0,4725
NIFTY30JAN2012450PE.NFO,07/01/2020,09:20:03,337,321.9,75,332.75,75,0,4725
NIFTY30JAN2012450PE.NFO,07/01/2020,09:20:04,337,322.95,75,332.5,75,0,4725
NIFTY30JAN2012450PE.NFO,07/01/2020,09:20:05,337,323.25,150,333.85,75,0,4725
NIFTY30JAN2012450PE.NFO,07/01/2020,09:20:06,337,316.85,75,333.75,75,0,4725
NIFTY30JAN2012450PE.NFO,07/01/2020,09:20:07,337,322.45,75,331.6,75,0,4725
NIFTY30JAN2012450PE.NFO,07/01/2020,09:20:09,337,322.45,75,334.15,75,0,4725
NIFTY30JAN2012450PE.NFO,07/01/2020,09:20:10,337,322,75,331.6,75,0,4725
NIFTY30JAN2012450PE.NFO,07/01/2020,09:20:11,337,322.25,150,333.2,75,0,4725
NIFTY30JAN2012450PE.NFO,07/01/2020,09:20:12,337,322.25,150,332.4,75,0,4725
NIFTY30JAN2012450PE.NFO,07/01/2020,09:20:12,337,322.25,150,331.9,75,0,4725
NIFTY30JAN2012450PE.NFO,07/01/2020,09:20:14,337,322.25,150,335.15,75,0,4725
NIFTY30JAN2012450PE.NFO,07/01/2020,09:20:15,337,322.25,150,331.65,75,0,4725
NIFTY30JAN2012450PE.NFO,07/01/2020,09:20:16,337,322.25,150,333.1,75,0,4725
NIFTY30JAN2012450PE.NFO,07/01/2020,09:20:17,337,322.25,150,334.85,75,0,4725
NIFTY30JAN2012450PE.NFO,07/01/2020,09:20:18,337,322.25,150,333.4,75,0,4725
NIFTY30JAN2012450PE.NFO,07/01/2020,09:20:19,337,322.25,150,333.2,75,0,4725
NIFTY30JAN2012450PE.NFO,07/01/2020,09:20:20,337,316.35,75,332.95,75,0,4725
NIFTY30JAN2012450PE.NFO,07/01/2020,09:20:21,337,321.25,75,332.95,75,0,4725
NIFTY30JAN2012450PE.NFO,07/01/2020,09:20:22,337,319.4,75,335.1,75,0,4725
NIFTY30JAN2012450PE.NFO,07/01/2020,09:20:23,337,322.95,150,333.4,75,0,4725
NIFTY30JAN2012450PE.NFO,07/01/2020,09:20:24,337,322.95,150,331.95,75,0,4725
NIFTY30JAN2012450PE.NFO,07/01/2020,09:20:25,337,322.95,150,332.2,75,0,4725
NIFTY30JAN2012450PE.NFO,07/01/2020,09:20:26,337,322.95,150,332.15,75,0,4725
NIFTY30JAN2012450PE.NFO,07/01/2020,09:20:27,337,322.95,150,333.55,75,0,4725
NIFTY30JAN2012450PE.NFO,07/01/2020,09:20:28,337,322.95,150,333.45,75,0,4725
NIFTY30JAN2012450PE.NFO,07/01/2020,09:20:30,337,322.95,150,333.3,75,0,4725
NIFTY30JAN2012450PE.NFO,07/01/2020,09:20:31,337,322.95,150,331.55,75,0,4725
NIFTY30JAN2012450PE.NFO,07/01/2020,09:20:32,337,322.95,150,333.1,75,0,4725
NIFTY30JAN2012450PE.NFO,07/01/2020,09:20:33,337,321.6,75,332.85,75,0,4725
NIFTY30JAN2012450PE.NFO,07/01/2020,09:20:34,337,322.4,75,332.7,75,0,4725
NIFTY30JAN2012450PE.NFO,07/01/2020,09:20:35,337,319.5,75,332.2,75,0,4725
NIFTY30JAN2012450PE.NFO,07/01/2020,09:20:36,337,319.55,75,330.3,75,0,4725
NIFTY30JAN2012450PE.NFO,07/01/2020,09:20:37,337,320.55,75,330.2,75,0,4725
NIFTY30JAN2012450PE.NFO,07/01/2020,09:20:38,337,321.6,75,334.2,75,0,4725
NIFTY30JAN2012450PE.NFO,07/01/2020,09:20:39,337,318.85,75,333.05,75,0,4725
NIFTY30JAN2012450PE.NFO,07/01/2020,09:20:40,337,321.7,75,330.9,75,0,4725
NIFTY30JAN2012450PE.NFO,07/01/2020,09:20:41,337,321.45,75,332.4,75,0,4725
NIFTY30JAN2012450PE.NFO,07/01/2020,09:20:42,337,322.05,150,334.55,75,0,4725
NIFTY30JAN2012450PE.NFO,07/01/2020,09:20:43,337,322.05,150,333.7,75,0,4725
NIFTY30JAN2012450PE.NFO,07/01/2020,09:20:44,337,315.75,75,331.35,75,0,4725
NIFTY30JAN2012450PE.NFO,07/01/2020,09:20:45,337,321.75,75,332.6,75,0,4725
NIFTY30JAN2012450PE.NFO,07/01/2020,09:20:46,337,321.8,75,332.25,75,0,4725
NIFTY30JAN2012450PE.NFO,07/01/2020,09:20:47,337,321.25,75,332.1,75,0,4725
NIFTY30JAN2012450PE.NFO,07/01/2020,09:20:48,337,320.95,75,332.85,75,0,4725
NIFTY30JAN2012450PE.NFO,07/01/2020,09:20:49,337,321.85,75,332.1,75,0,4725
NIFTY30JAN2012450PE.NFO,07/01/2020,09:20:50,337,320.2,75,331.6,75,0,4725
NIFTY30JAN2012450PE.NFO,07/01/2020,09:20:51,337,320.75,150,331.3,75,0,4725
NIFTY30JAN2012450PE.NFO,07/01/2020,09:20:53,337,320.15,75,331.25,75,0,4725
NIFTY30JAN2012450PE.NFO,07/01/2020,09:20:54,337,318.1,75,328.4,75,0,4725
NIFTY30JAN2012450PE.NFO,07/01/2020,09:20:55,337,318.55,75,329.9,75,0,4725
NIFTY30JAN2012450PE.NFO,07/01/2020,09:20:56,337,318.55,75,329.5,75,0,4725
NIFTY30JAN2012450PE.NFO,07/01/2020,09:20:57,337,318.55,150,329.05,75,0,4725
NIFTY30JAN2012450PE.NFO,07/01/2020,09:20:58,337,318.55,150,328.4,75,0,4725
NIFTY30JAN2012450PE.NFO,07/01/2020,09:20:59,337,319.4,75,330,75,0,4725
NIFTY30JAN2012450PE.NFO,07/01/2020,09:21:01,337,318.45,75,330.2,75,0,4725
NIFTY30JAN2012450PE.NFO,07/01/2020,09:21:02,337,320.15,75,330.7,75,0,4725
NIFTY30JAN2012450PE.NFO,07/01/2020,09:21:03,337,318.65,75,330.05,75,0,4725
NIFTY30JAN2012450PE.NFO,07/01/2020,09:21:04,337,320.8,75,329.8,75,0,4725
NIFTY30JAN2012450PE.NFO,07/01/2020,09:21:05,337,320.5,75,331.4,75,0,4725
NIFTY30JAN2012450PE.NFO,07/01/2020,09:21:07,337,314.25,75,338.65,75,0,4725
NIFTY30JAN2012450PE.NFO,07/01/2020,09:21:08,337,320.5,150,332.45,75,0,4725
NIFTY30JAN2012450PE.NFO,07/01/2020,09:21:09,337,319.95,75,331.9,75,0,4725
NIFTY30JAN2012450PE.NFO,07/01/2020,09:21:10,337,319.95,150,329.7,75,0,4725
NIFTY30JAN2012450PE.NFO,07/01/2020,09:21:11,337,316.85,75,328.65,75,0,4725
NIFTY30JAN2012450PE.NFO,07/01/2020,09:21:12,337,318.6,75,328.25,75,0,4725
NIFTY30JAN2012450PE.NFO,07/01/2020,09:21:14,337,318.9,75,328.05,75,0,4725
NIFTY30JAN2012450PE.NFO,07/01/2020,09:21:15,337,318.9,75,329.45,75,0,4725
NIFTY30JAN2012450PE.NFO,07/01/2020,09:21:16,337,318.9,75,329.35,75,0,4725
NIFTY30JAN2012450PE.NFO,07/01/2020,09:21:17,337,318.9,75,329.2,75,0,4725
NIFTY30JAN2012450PE.NFO,07/01/2020,09:21:18,337,318.9,75,329,75,0,4725
NIFTY30JAN2012450PE.NFO,07/01/2020,09:21:20,337,318.9,75,327.35,75,0,4725
NIFTY30JAN2012450PE.NFO,07/01/2020,09:21:21,337,318.9,75,331.05,75,0,4725
NIFTY30JAN2012450PE.NFO,07/01/2020,09:21:22,337,318.9,150,328.2,75,0,4725
NIFTY30JAN2012450PE.NFO,07/01/2020,09:21:23,337,319.4,75,329.75,75,0,4725
NIFTY30JAN2012450PE.NFO,07/01/2020,09:21:24,337,319.75,75,330.2,75,0,4725
NIFTY30JAN2012450PE.NFO,07/01/2020,09:21:25,337,319.75,75,329.45,75,0,4725
NIFTY30JAN2012450PE.NFO,07/01/2020,09:21:26,337,320.65,75,330.8,75,0,4725
NIFTY30JAN2012450PE.NFO,07/01/2020,09:21:28,337,318.3,75,330.8,75,0,4725
NIFTY30JAN2012450PE.NFO,07/01/2020,09:21:29,337,320.6,75,330.75,75,0,4725
NIFTY30JAN2012450PE.NFO,07/01/2020,09:21:30,337,318.9,75,331.05,75,0,4725
NIFTY30JAN2012450PE.NFO,07/01/2020,09:21:31,337,320.8,75,330.35,75,0,4725
NIFTY30JAN2012450PE.NFO,07/01/2020,09:21:32,337,320.8,75,331.6,75,0,4725
NIFTY30JAN2012450PE.NFO,07/01/2020,09:21:33,337,320.8,75,330.6,75,0,4725
NIFTY30JAN2012450PE.NFO,07/01/2020,09:21:35,337,320.5,75,330.1,75,0,4725
NIFTY30JAN2012450PE.NFO,07/01/2020,09:21:36,337,320.75,75,337.95,75,0,4725
NIFTY30JAN2012450PE.NFO,07/01/2020,09:21:37,337,321.65,75,332.35,75,0,4725
NIFTY30JAN2012450PE.NFO,07/01/2020,09:21:38,337,321.65,75,331.95,75,0,4725
NIFTY30JAN2012450PE.NFO,07/01/2020,09:21:39,337,321.65,75,331.75,75,0,4725
NIFTY30JAN2012450PE.NFO,07/01/2020,09:21:40,337,321.7,75,331.75,75,0,4725
NIFTY30JAN2012450PE.NFO,07/01/2020,09:21:41,337,320.75,75,331.3,75,0,4725
NIFTY30JAN2012450PE.NFO,07/01/2020,09:21:42,337,319.55,75,331,75,0,4725
NIFTY30JAN2012450PE.NFO,07/01/2020,09:21:44,337,319.75,75,328.95,75,0,4725
NIFTY30JAN2012450PE.NFO,07/01/2020,09:21:45,337,317.4,75,337.05,75,0,4725
NIFTY30JAN2012450PE.NFO,07/01/2020,09:21:46,337,319.35,75,329.75,75,0,4725
NIFTY30JAN2012450PE.NFO,07/01/2020,09:21:47,337,319.35,75,327.95,75,0,4725
NIFTY30JAN2012450PE.NFO,07/01/2020,09:21:48,337,319.35,75,329.75,75,0,4725
NIFTY30JAN2012450PE.NFO,07/01/2020,09:21:49,337,319.35,75,331.15,75,0,4725
NIFTY30JAN2012450PE.NFO,07/01/2020,09:21:50,337,319.55,75,328.55,75,0,4725
NIFTY30JAN2012450PE.NFO,07/01/2020,09:21:52,337,319.55,75,330.1,75,0,4725
NIFTY30JAN2012450PE.NFO,07/01/2020,09:21:53,337,319.55,75,329.85,75,0,4725
NIFTY30JAN2012450PE.NFO,07/01/2020,09:21:54,337,319.55,75,329.8,75,0,4725
NIFTY30JAN2012450PE.NFO,07/01/2020,09:21:55,337,319.55,75,331.3,75,0,4725
NIFTY30JAN2012450PE.NFO,07/01/2020,09:21:56,337,319.55,75,330.6,75,0,4725
NIFTY30JAN2012450PE.NFO,07/01/2020,09:21:57,337,318.45,75,328.15,75,0,4725
NIFTY30JAN2012450PE.NFO,07/01/2020,09:21:58,337,319.25,75,329.7,75,0,4725
NIFTY30JAN2012450PE.NFO,07/01/2020,09:22:00,337,319.25,75,329.45,75,0,4725
NIFTY30JAN2012450PE.NFO,07/01/2020,09:22:01,337,319.25,75,330.1,75,0,4725
NIFTY30JAN2012450PE.NFO,07/01/2020,09:22:02,337,319.25,75,327.8,75,0,4725
NIFTY30JAN2012450PE.NFO,07/01/2020,09:22:03,337,319.25,75,329.25,75,0,4725
NIFTY30JAN2012450PE.NFO,07/01/2020,09:22:05,337,308.7,150,324.25,75,0,4725
NIFTY30JAN2012450PE.NFO,07/01/2020,09:22:06,337,308.65,75,325.7,75,0,4725
NIFTY30JAN2012450PE.NFO,07/01/2020,09:22:07,337,314.65,75,327.25,75,0,4725
NIFTY30JAN2012450PE.NFO,07/01/2020,09:22:09,337,314.65,75,324.7,75,0,4725
NIFTY30JAN2012450PE.NFO,07/01/2020,09:22:10,337,315.95,75,326.75,75,0,4725
NIFTY30JAN2012450PE.NFO,07/01/2020,09:22:11,337,315.95,75,327.15,75,0,4725
NIFTY30JAN2012450PE.NFO,07/01/2020,09:22:12,337,315.95,150,326.35,75,0,4725
NIFTY30JAN2012450PE.NFO,07/01/2020,09:22:13,337,315.95,150,327.5,75,0,4725
NIFTY30JAN2012450PE.NFO,07/01/2020,09:22:14,337,315.95,150,327.2,75,0,4725
NIFTY30JAN2012450PE.NFO,07/01/2020,09:22:17,337,310.2,75,326.85,75,0,4725
NIFTY30JAN2012450PE.NFO,07/01/2020,09:22:18,337,315.5,75,325.7,75,0,4725
NIFTY30JAN2012450PE.NFO,07/01/2020,09:22:19,337,314.45,75,331.65,75,0,4725
NIFTY30JAN2012450PE.NFO,07/01/2020,09:22:20,337,314.6,75,324.55,75,0,4725
NIFTY30JAN2012450PE.NFO,07/01/2020,09:22:21,337,314.6,75,325.8,75,0,4725
NIFTY30JAN2012450PE.NFO,07/01/2020,09:22:23,337,314.3,75,325.95,75,0,4725
NIFTY30JAN2012450PE.NFO,07/01/2020,09:22:24,337,314.8,75,323.95,75,0,4725
NIFTY30JAN2012450PE.NFO,07/01/2020,09:22:25,337,314.8,75,325.4,75,0,4725
NIFTY30JAN2012450PE.NFO,07/01/2020,09:22:26,337,313.05,75,323.3,75,0,4725
NIFTY30JAN2012450PE.NFO,07/01/2020,09:22:27,337,313.9,75,323.2,75,0,4725
NIFTY30JAN2012450PE.NFO,07/01/2020,09:22:28,337,313.9,75,324.7,75,0,4725
NIFTY30JAN2012450PE.NFO,07/01/2020,09:22:29,337,314.55,150,328.85,75,0,4725
NIFTY30JAN2012450PE.NFO,07/01/2020,09:22:31,337,309.6,75,324.15,75,0,4725
NIFTY30JAN2012450PE.NFO,07/01/2020,09:22:32,337,314.8,75,325.85,75,0,4725
NIFTY30JAN2012450PE.NFO,07/01/2020,09:22:33,337,314.15,75,332.25,75,0,4725
NIFTY30JAN2012450PE.NFO,07/01/2020,09:22:34,337,314.7,75,324,75,0,4725
NIFTY30JAN2012450PE.NFO,07/01/2020,09:22:35,337,311.8,75,323.65,75,0,4725
NIFTY30JAN2012450PE.NFO,07/01/2020,09:22:36,337,315.6,75,328.9,75,0,4725
NIFTY30JAN2012450PE.NFO,07/01/2020,09:22:37,337,314.1,75,327.35,75,0,4725
NIFTY30JAN2012450PE.NFO,07/01/2020,09:22:39,337,315.05,75,324.5,75,0,4725
NIFTY30JAN2012450PE.NFO,07/01/2020,09:22:40,337,314.75,75,326.65,75,0,4725
NIFTY30JAN2012450PE.NFO,07/01/2020,09:22:41,337,315.05,75,326.25,75,0,4725
NIFTY30JAN2012450PE.NFO,07/01/2020,09:22:42,337,308.95,75,324.6,75,0,4725
NIFTY30JAN2012450PE.NFO,07/01/2020,09:22:43,337,314.5,75,325.85,75,0,4725
NIFTY30JAN2012450PE.NFO,07/01/2020,09:22:44,337,316.05,75,325.65,75,0,4725
NIFTY30JAN2012450PE.NFO,07/01/2020,09:22:46,337,316.05,150,326.9,75,0,4725
NIFTY30JAN2012450PE.NFO,07/01/2020,09:22:47,337,316.05,150,326.95,75,0,4725
NIFTY30JAN2012450PE.NFO,07/01/2020,09:22:48,337,316.05,150,328.9,75,0,4725
NIFTY30JAN2012450PE.NFO,07/01/2020,09:22:49,337,316.05,150,327.4,75,0,4725
NIFTY30JAN2012450PE.NFO,07/01/2020,09:22:50,337,316.05,150,327,75,0,4725
NIFTY30JAN2012450PE.NFO,07/01/2020,09:22:51,337,316.05,150,329.95,75,0,4725
NIFTY30JAN2012450PE.NFO,07/01/2020,09:22:52,337,315.05,75,326.3,75,0,4725
NIFTY30JAN2012450PE.NFO,07/01/2020,09:22:54,337,313.85,75,332.6,75,0,4725
NIFTY30JAN2012450PE.NFO,07/01/2020,09:22:55,337,309.1,75,329.15,75,0,4725
NIFTY30JAN2012450PE.NFO,07/01/2020,09:22:56,337,314.65,75,325.9,75,0,4725
NIFTY30JAN2012450PE.NFO,07/01/2020,09:22:57,337,315.85,75,328.85,75,0,4725
NIFTY30JAN2012450PE.NFO,07/01/2020,09:22:58,337,315.85,75,326.15,75,0,4725
NIFTY30JAN2012450PE.NFO,07/01/2020,09:22:59,337,315.15,75,325.9,75,0,4725
NIFTY30JAN2012450PE.NFO,07/01/2020,09:23:00,337,314.7,75,325.6,75,0,4725
NIFTY30JAN2012450PE.NFO,07/01/2020,09:23:01,337,315.35,75,326.1,75,0,4725
NIFTY30JAN2012450PE.NFO,07/01/2020,09:23:03,337,315.35,75,325.15,75,0,4725
NIFTY30JAN2012450PE.NFO,07/01/2020,09:23:04,337,315.35,75,324.8,75,0,4725
NIFTY30JAN2012450PE.NFO,07/01/2020,09:23:05,337,311.45,75,326.55,75,0,4725
NIFTY30JAN2012450PE.NFO,07/01/2020,09:23:06,337,315.85,75,324.95,75,0,4725
NIFTY30JAN2012450PE.NFO,07/01/2020,09:23:07,337,315.95,75,326.75,75,0,4725
NIFTY30JAN2012450PE.NFO,07/01/2020,09:23:08,337,316.05,75,325.05,75,0,4725
NIFTY30JAN2012450PE.NFO,07/01/2020,09:23:09,337,315.15,75,324.55,75,0,4725
NIFTY30JAN2012450PE.NFO,07/01/2020,09:23:11,337,316,75,325.05,75,0,4725
NIFTY30JAN2012450PE.NFO,07/01/2020,09:23:12,337,314.55,75,326.25,75,0,4725
NIFTY30JAN2012450PE.NFO,07/01/2020,09:23:13,337,316.05,75,325.3,75,0,4725
NIFTY30JAN2012450PE.NFO,07/01/2020,09:23:14,337,316.05,150,327.7,75,0,4725
NIFTY30JAN2012450PE.NFO,07/01/2020,09:23:16,337,316.05,150,327.55,75,0,4725
NIFTY30JAN2012450PE.NFO,07/01/2020,09:23:17,337,316.05,150,334.2,75,0,4725
NIFTY30JAN2012450PE.NFO,07/01/2020,09:23:18,337,316.05,150,328.2,75,0,4725
NIFTY30JAN2012450PE.NFO,07/01/2020,09:23:19,337,316.05,150,326.05,75,0,4725
NIFTY30JAN2012450PE.NFO,07/01/2020,09:23:21,337,316.05,150,327.55,75,0,4725
NIFTY30JAN2012450PE.NFO,07/01/2020,09:23:22,337,316.05,150,325.2,75,0,4725
NIFTY30JAN2012450PE.NFO,07/01/2020,09:23:23,337,316.05,150,325.1,75,0,4725
NIFTY30JAN2012450PE.NFO,07/01/2020,09:23:24,337,316.05,75,326.15,75,0,4725
NIFTY30JAN2012450PE.NFO,07/01/2020,09:23:25,337,315.6,75,326.9,75,0,4725
NIFTY30JAN2012450PE.NFO,07/01/2020,09:23:26,337,314.4,75,326.65,75,0,4725
NIFTY30JAN2012450PE.NFO,07/01/2020,09:23:27,337,309.8,75,329.8,75,0,4725
NIFTY30JAN2012450PE.NFO,07/01/2020,09:23:29,337,315.65,150,325.75,75,0,4725
NIFTY30JAN2012450PE.NFO,07/01/2020,09:23:30,337,315.65,150,327.15,75,0,4725
NIFTY30JAN2012450PE.NFO,07/01/2020,09:23:31,337,316.6,75,327.4,75,0,4725
NIFTY30JAN2012450PE.NFO,07/01/2020,09:23:32,337,316.15,75,326.95,75,0,4725
NIFTY30JAN2012450PE.NFO,07/01/2020,09:23:34,337,316.15,150,325.55,75,0,4725
NIFTY30JAN2012450PE.NFO,07/01/2020,09:23:35,337,316.15,150,326.95,75,0,4725
NIFTY30JAN2012450PE.NFO,07/01/2020,09:23:36,337,316.15,150,327,75,0,4725
NIFTY30JAN2012450PE.NFO,07/01/2020,09:23:37,337,316.15,150,327.5,75,0,4725
NIFTY30JAN2012450PE.NFO,07/01/2020,09:23:38,337,316.15,150,326.85,75,0,4725
NIFTY30JAN2012450PE.NFO,07/01/2020,09:23:39,337,315.9,150,333,75,0,4725
NIFTY30JAN2012450PE.NFO,07/01/2020,09:23:40,337,315.9,150,326,75,0,4725
NIFTY30JAN2012450PE.NFO,07/01/2020,09:23:42,337,315.9,150,327.05,75,0,4725
NIFTY30JAN2012450PE.NFO,07/01/2020,09:23:43,337,315.9,150,326,75,0,4725
NIFTY30JAN2012450PE.NFO,07/01/2020,09:23:44,337,315.9,150,327.05,75,0,4725
NIFTY30JAN2012450PE.NFO,07/01/2020,09:23:45,337,315.9,150,330.25,75,0,4725
NIFTY30JAN2012450PE.NFO,07/01/2020,09:23:46,337,315.9,150,325.85,75,0,4725
NIFTY30JAN2012450PE.NFO,07/01/2020,09:23:47,337,315.9,150,327.3,75,0,4725
NIFTY30JAN2012450PE.NFO,07/01/2020,09:23:48,337,315.9,150,327.15,75,0,4725
NIFTY30JAN2012450PE.NFO,07/01/2020,09:23:49,337,315.9,150,327.05,75,0,4725
NIFTY30JAN2012450PE.NFO,07/01/2020,09:23:51,337,315.9,150,327.35,75,0,4725
NIFTY30JAN2012450PE.NFO,07/01/2020,09:23:52,337,315.9,150,326,75,0,4725
NIFTY30JAN2012450PE.NFO,07/01/2020,09:23:53,337,315.9,150,326.75,75,0,4725
NIFTY30JAN2012450PE.NFO,07/01/2020,09:23:54,337,315.75,75,325.9,75,0,4725
NIFTY30JAN2012450PE.NFO,07/01/2020,09:23:55,337,315.75,150,325.15,75,0,4725
NIFTY30JAN2012450PE.NFO,07/01/2020,09:23:56,337,315.75,150,326.45,75,0,4725
NIFTY30JAN2012450PE.NFO,07/01/2020,09:23:57,337,315.75,150,325.15,75,0,4725
NIFTY30JAN2012450PE.NFO,07/01/2020,09:23:58,337,315.3,75,326.25,75,0,4725
NIFTY30JAN2012450PE.NFO,07/01/2020,09:24:00,337,315.3,150,325.5,75,0,4725
NIFTY30JAN2012450PE.NFO,07/01/2020,09:24:01,337,315.3,150,325.4,75,0,4725
NIFTY30JAN2012450PE.NFO,07/01/2020,09:24:03,337,315.05,75,325.45,75,0,4725
NIFTY30JAN2012450PE.NFO,07/01/2020,09:24:04,337,314.95,75,325.3,75,0,4725
NIFTY30JAN2012450PE.NFO,07/01/2020,09:24:05,337,315.7,75,324.8,75,0,4725
NIFTY30JAN2012450PE.NFO,07/01/2020,09:24:06,337,316.1,75,325.8,75,0,4725
NIFTY30JAN2012450PE.NFO,07/01/2020,09:24:07,337,314.9,75,326.5,75,0,4725
NIFTY30JAN2012450PE.NFO,07/01/2020,09:24:08,337,315.6,75,329.05,75,0,4725
NIFTY30JAN2012450PE.NFO,07/01/2020,09:24:09,337,315.7,75,326.85,75,0,4725
NIFTY30JAN2012450PE.NFO,07/01/2020,09:24:10,337,315.9,150,326.3,75,0,4725
NIFTY30JAN2012450PE.NFO,07/01/2020,09:24:12,337,316.05,75,325.6,75,0,4725
NIFTY30JAN2012450PE.NFO,07/01/2020,09:24:13,337,316.2,75,326.4,75,0,4725
NIFTY30JAN2012450PE.NFO,07/01/2020,09:24:14,337,316.35,75,326.55,75,0,4725
NIFTY30JAN2012450PE.NFO,07/01/2020,09:24:15,337,316.35,75,326.3,75,0,4725
NIFTY30JAN2012450PE.NFO,07/01/2020,09:24:16,337,316.35,75,327.75,75,0,4725
NIFTY30JAN2012450PE.NFO,07/01/2020,09:24:17,337,316.35,75,327.2,75,0,4725
NIFTY30JAN2012450PE.NFO,07/01/2020,09:24:18,337,316.45,75,327.15,75,0,4725
NIFTY30JAN2012450PE.NFO,07/01/2020,09:24:20,337,316.9,75,327.3,75,0,4725
NIFTY30JAN2012450PE.NFO,07/01/2020,09:24:21,337,313.15,75,333.45,75,0,4725
NIFTY30JAN2012450PE.NFO,07/01/2020,09:24:22,337,316.25,75,327.85,75,0,4725
NIFTY30JAN2012450PE.NFO,07/01/2020,09:24:23,337,315.65,75,325.1,75,0,4725
NIFTY30JAN2012450PE.NFO,07/01/2020,09:24:24,337,316.5,75,326.45,75,0,4725
NIFTY30JAN2012450PE.NFO,07/01/2020,09:24:25,337,316.5,75,325.9,75,0,4725
NIFTY30JAN2012450PE.NFO,07/01/2020,09:24:26,337,316.5,150,327.5,75,0,4725
NIFTY30JAN2012450PE.NFO,07/01/2020,09:24:28,337,316.9,75,333.65,75,0,4725
NIFTY30JAN2012450PE.NFO,07/01/2020,09:24:29,337,317.3,75,330.3,75,0,4725
NIFTY30JAN2012450PE.NFO,07/01/2020,09:24:30,337,312.25,75,325.8,75,0,4725
NIFTY30JAN2012450PE.NFO,07/01/2020,09:24:31,337,317.4,75,327.9,75,0,4725
NIFTY30JAN2012450PE.NFO,07/01/2020,09:24:34,337,317.5,150,328.85,75,0,4725
NIFTY30JAN2012450PE.NFO,07/01/2020,09:24:36,337,317.75,75,326.7,75,0,4725
NIFTY30JAN2012450PE.NFO,07/01/2020,09:24:37,337,318.2,75,328.3,75,0,4725
NIFTY30JAN2012450PE.NFO,07/01/2020,09:24:38,337,311.4,75,326.35,75,0,4725
NIFTY30JAN2012450PE.NFO,07/01/2020,09:24:39,337,317.75,75,328.25,75,0,4725
NIFTY30JAN2012450PE.NFO,07/01/2020,09:24:40,337,317.35,75,329.55,75,0,4725
NIFTY30JAN2012450PE.NFO,07/01/2020,09:24:41,337,317.95,75,328.2,75,0,4725
NIFTY30JAN2012450PE.NFO,07/01/2020,09:24:42,337,317.75,75,331.3,75,0,4725
NIFTY30JAN2012450PE.NFO,07/01/2020,09:24:43,337,318.2,75,328.5,75,0,4725
NIFTY30JAN2012450PE.NFO,07/01/2020,09:24:45,337,318.2,75,328.25,75,0,4725
NIFTY30JAN2012450PE.NFO,07/01/2020,09:24:46,337,317.6,75,326.85,75,0,4725
NIFTY30JAN2012450PE.NFO,07/01/2020,09:24:47,337,315.2,75,328.5,75,0,4725
NIFTY30JAN2012450PE.NFO,07/01/2020,09:24:48,337,318.15,75,329,75,0,4725
NIFTY30JAN2012450PE.NFO,07/01/2020,09:24:49,337,318.45,75,329,75,0,4725
NIFTY30JAN2012450PE.NFO,07/01/2020,09:24:50,337,315.2,75,327.3,75,0,4725
NIFTY30JAN2012450PE.NFO,07/01/2020,09:24:51,337,314.85,75,329.1,75,0,4725
NIFTY30JAN2012450PE.NFO,07/01/2020,09:24:53,337,312.4,75,330.3,75,0,4725
NIFTY30JAN2012450PE.NFO,07/01/2020,09:24:54,337,317.75,75,334.85,75,0,4725
NIFTY30JAN2012450PE.NFO,07/01/2020,09:24:55,337,312.75,75,329.6,75,0,4725
NIFTY30JAN2012450PE.NFO,07/01/2020,09:24:56,337,308.2,75,334.4,75,0,4725
NIFTY30JAN2012450PE.NFO,07/01/2020,09:24:57,337,316.3,75,329.6,75,0,4725
NIFTY30JAN2012450PE.NFO,07/01/2020,09:24:58,337,312.95,75,334.65,75,0,4725
NIFTY30JAN2012450PE.NFO,07/01/2020,09:24:59,337,315.8,75,329.7,75,0,4725
NIFTY30JAN2012450PE.NFO,07/01/2020,09:25:00,337,313,75,334.5,75,0,4725
NIFTY30JAN2012450PE.NFO,07/01/2020,09:25:02,337,307.5,75,329.45,75,0,4725
NIFTY30JAN2012450PE.NFO,07/01/2020,09:25:03,337,315.45,75,340.3,75,0,4725
NIFTY30JAN2012450PE.NFO,07/01/2020,09:25:04,337,306.7,75,328.95,75,0,4725
NIFTY30JAN2012450PE.NFO,07/01/2020,09:25:05,337,316.35,75,333.9,75,0,4725
NIFTY30JAN2012450PE.NFO,07/01/2020,09:25:06,337,312.15,75,329.25,75,0,4725
NIFTY30JAN2012450PE.NFO,07/01/2020,09:25:07,337,315.55,75,328,75,0,4725
NIFTY30JAN2012450PE.NFO,07/01/2020,09:25:09,337,316.45,75,331.05,75,0,4725
NIFTY30JAN2012450PE.NFO,07/01/2020,09:25:10,337,317.15,75,329.2,75,0,4725
NIFTY30JAN2012450PE.NFO,07/01/2020,09:25:11,337,317.6,75,334,75,0,4725
NIFTY30JAN2012450PE.NFO,07/01/2020,09:25:12,337,312.6,75,329,75,0,4725
NIFTY30JAN2012450PE.NFO,07/01/2020,09:25:13,337,317.5,75,334.05,75,0,4725
NIFTY30JAN2012450PE.NFO,07/01/2020,09:25:14,337,317.25,75,328.65,75,0,4725
NIFTY30JAN2012450PE.NFO,07/01/2020,09:25:15,337,316.4,75,329.75,75,0,4725
NIFTY30JAN2012450PE.NFO,07/01/2020,09:25:16,337,315.1,75,328.7,75,0,4725
NIFTY30JAN2012450PE.NFO,07/01/2020,09:25:17,337,312.6,75,329.65,75,0,4725
NIFTY30JAN2012450PE.NFO,07/01/2020,09:25:18,337,307.8,75,329.75,75,0,4725
NIFTY30JAN2012450PE.NFO,07/01/2020,09:25:19,337,312.9,75,333.55,75,0,4725
NIFTY30JAN2012450PE.NFO,07/01/2020,09:25:20,337,317.1,75,328.85,75,0,4725
NIFTY30JAN2012450PE.NFO,07/01/2020,09:25:21,337,312.6,75,329.9,75,0,4725
NIFTY30JAN2012450PE.NFO,07/01/2020,09:25:23,337,317.7,75,329.2,75,0,4725
NIFTY30JAN2012450PE.NFO,07/01/2020,09:25:24,337,312.85,75,331.65,75,0,4725
NIFTY30JAN2012450PE.NFO,07/01/2020,09:25:25,337,318.1,75,329.45,75,0,4725
NIFTY30JAN2012450PE.NFO,07/01/2020,09:25:26,337,317.15,75,334.6,75,0,4725
NIFTY30JAN2012450PE.NFO,07/01/2020,09:25:27,337,317.9,75,331.6,75,0,4725
NIFTY30JAN2012450PE.NFO,07/01/2020,09:25:28,337,317.65,75,331.95,75,0,4725
NIFTY30JAN2012450PE.NFO,07/01/2020,09:25:29,337,317.65,75,334.5,75,0,4725
NIFTY30JAN2012450PE.NFO,07/01/2020,09:25:31,337,317.35,75,330.2,75,0,4725
NIFTY30JAN2012450PE.NFO,07/01/2020,09:25:32,337,317.1,75,330.5,75,0,4725
NIFTY30JAN2012450PE.NFO,07/01/2020,09:25:33,337,315.9,75,330.4,75,0,4725
NIFTY30JAN2012450PE.NFO,07/01/2020,09:25:34,337,317.45,75,340.4,75,0,4725
NIFTY30JAN2012450PE.NFO,07/01/2020,09:25:35,337,317.8,75,330.15,75,0,4725
NIFTY30JAN2012450PE.NFO,07/01/2020,09:25:36,337,311.2,75,332,75,0,4725
NIFTY30JAN2012450PE.NFO,07/01/2020,09:25:37,337,313.35,75,330.45,75,0,4725
NIFTY30JAN2012450PE.NFO,07/01/2020,09:25:38,337,308.1,75,331.85,75,0,4725
NIFTY30JAN2012450PE.NFO,07/01/2020,09:25:39,337,308.1,75,334.55,75,0,4725
NIFTY30JAN2012450PE.NFO,07/01/2020,09:25:40,337,317.65,75,331.6,75,0,4725
NIFTY30JAN2012450PE.NFO,07/01/2020,09:25:42,337,308.2,75,331.5,75,0,4725
NIFTY30JAN2012450PE.NFO,07/01/2020,09:25:43,337,318.2,75,340.45,75,0,4725
NIFTY30JAN2012450PE.NFO,07/01/2020,09:25:44,337,317.65,75,330.4,75,0,4725
NIFTY30JAN2012450PE.NFO,07/01/2020,09:25:45,337,313.6,75,331.75,75,0,4725
NIFTY30JAN2012450PE.NFO,07/01/2020,09:25:47,337,317.85,75,331.7,75,0,4725
NIFTY30JAN2012450PE.NFO,07/01/2020,09:25:48,337,313.85,75,334.05,75,0,4725
NIFTY30JAN2012450PE.NFO,07/01/2020,09:25:49,337,308.1,75,329.25,75,0,4725
NIFTY30JAN2012450PE.NFO,07/01/2020,09:25:50,337,313.2,75,333.8,75,0,4725
NIFTY30JAN2012450PE.NFO,07/01/2020,09:25:51,337,315.65,75,329.1,75,0,4725
NIFTY30JAN2012450PE.NFO,07/01/2020,09:25:52,337,316.05,75,329.8,75,0,4725
NIFTY30JAN2012450PE.NFO,07/01/2020,09:25:53,337,315.45,75,335.45,75,0,4725
NIFTY30JAN2012450PE.NFO,07/01/2020,09:25:55,337,315.6,75,328.9,75,0,4725
NIFTY30JAN2012450PE.NFO,07/01/2020,09:25:56,337,315.8,75,340.4,75,0,4725
NIFTY30JAN2012450PE.NFO,07/01/2020,09:25:57,337,315.9,75,331.9,75,0,4725
NIFTY30JAN2012450PE.NFO,07/01/2020,09:25:58,337,316.2,75,334.95,75,0,4725
NIFTY30JAN2012450PE.NFO,07/01/2020,09:25:59,337,316.15,75,329.8,75,0,4725
NIFTY30JAN2012450PE.NFO,07/01/2020,09:26:00,337,313.55,75,331.65,75,0,4725
NIFTY30JAN2012450PE.NFO,07/01/2020,09:26:01,337,317.75,75,330.25,75,0,4725
NIFTY30JAN2012450PE.NFO,07/01/2020,09:26:03,337,316.6,75,340.4,75,0,4725
NIFTY30JAN2012450PE.NFO,07/01/2020,09:26:04,337,317.25,75,330.75,75,0,4725
NIFTY30JAN2012450PE.NFO,07/01/2020,09:26:05,337,318.05,75,331.4,75,0,4725
NIFTY30JAN2012450PE.NFO,07/01/2020,09:26:06,337,309.55,75,331.4,75,0,4725
NIFTY30JAN2012450PE.NFO,07/01/2020,09:26:07,337,314.65,75,335.05,75,0,4725
NIFTY30JAN2012450PE.NFO,07/01/2020,09:26:09,337,319,75,331.3,75,0,4725
NIFTY30JAN2012450PE.NFO,07/01/2020,09:26:10,337,314.7,75,340.5,75,0,4725
NIFTY30JAN2012450PE.NFO,07/01/2020,09:26:11,337,317.6,75,332.1,75,0,4725
NIFTY30JAN2012450PE.NFO,07/01/2020,09:26:13,337,317.9,75,333.4,75,0,4725
NIFTY30JAN2012450PE.NFO,07/01/2020,09:26:14,337,319.55,75,333.5,75,0,4725
NIFTY30JAN2012450PE.NFO,07/01/2020,09:26:15,337,317.95,75,331.75,75,0,4725
NIFTY30JAN2012450PE.NFO,07/01/2020,09:26:16,337,320,75,331.85,75,0,4725
NIFTY30JAN2012450PE.NFO,07/01/2020,09:26:17,337,310.25,75,340.5,75,0,4725
NIFTY30JAN2012450PE.NFO,07/01/2020,09:26:18,337,316.1,75,332.2,75,0,4725
NIFTY30JAN2012450PE.NFO,07/01/2020,09:26:19,337,311.1,75,333.85,75,0,4725
NIFTY30JAN2012450PE.NFO,07/01/2020,09:26:20,337,311.1,75,336.45,75,0,4725
NIFTY30JAN2012450PE.NFO,07/01/2020,09:26:21,337,317.1,75,332.75,75,0,4725
NIFTY30JAN2012450PE.NFO,07/01/2020,09:26:22,337,316.7,75,333.9,75,0,4725
NIFTY30JAN2012450PE.NFO,07/01/2020,09:26:23,337,321.05,75,332.9,75,0,4725
NIFTY30JAN2012450PE.NFO,07/01/2020,09:26:24,337,319.7,75,334.15,75,0,4725
NIFTY30JAN2012450PE.NFO,07/01/2020,09:26:25,337,319.5,75,340.5,75,0,4725
NIFTY30JAN2012450PE.NFO,07/01/2020,09:26:26,337,319.15,75,332.5,75,0,4725
NIFTY30JAN2012450PE.NFO,07/01/2020,09:26:27,337,318.95,75,334.05,75,0,4725
NIFTY30JAN2012450PE.NFO,07/01/2020,09:26:28,337,320.3,75,332.9,75,0,4725
NIFTY30JAN2012450PE.NFO,07/01/2020,09:26:29,337,319.15,75,332.4,75,0,4725
NIFTY30JAN2012450PE.NFO,07/01/2020,09:26:30,337,315.5,75,331.8,75,0,4725
NIFTY30JAN2012450PE.NFO,07/01/2020,09:26:31,337,318.2,75,340.2,75,0,4725
NIFTY30JAN2012450PE.NFO,07/01/2020,09:26:32,337,314.95,75,333.25,75,0,4725
NIFTY30JAN2012450PE.NFO,07/01/2020,09:26:33,337,315.3,75,331.45,75,0,4725
NIFTY30JAN2012450PE.NFO,07/01/2020,09:26:34,337,314.85,75,331.85,75,0,4725
NIFTY30JAN2012450PE.NFO,07/01/2020,09:26:35,337,317.35,75,331.9,75,0,4725
NIFTY30JAN2012450PE.NFO,07/01/2020,09:26:36,337,317.25,75,335.35,75,0,4725
NIFTY30JAN2012450PE.NFO,07/01/2020,09:26:37,337,317.65,75,332.85,75,0,4725
NIFTY30JAN2012450PE.NFO,07/01/2020,09:26:38,337,315.6,75,336.15,75,0,4725
NIFTY30JAN2012450PE.NFO,07/01/2020,09:26:39,337,310.65,75,333.1,75,0,4725
NIFTY30JAN2012450PE.NFO,07/01/2020,09:26:40,337,318.85,75,340.2,75,0,4725
NIFTY30JAN2012450PE.NFO,07/01/2020,09:26:41,337,316.55,75,336.35,75,0,4725
NIFTY30JAN2012450PE.NFO,07/01/2020,09:26:42,337,319.4,75,334.4,75,0,4725
NIFTY30JAN2012450PE.NFO,07/01/2020,09:26:43,337,320.7,75,334.4,75,0,4725
NIFTY30JAN2012450PE.NFO,07/01/2020,09:26:44,337,319.55,75,340.5,75,0,4725
NIFTY30JAN2012450PE.NFO,07/01/2020,09:26:45,337,316.25,75,336.25,75,0,4725
NIFTY30JAN2012450PE.NFO,07/01/2020,09:26:46,337,316.25,75,333.25,75,0,4725
NIFTY30JAN2012450PE.NFO,07/01/2020,09:26:47,337,318.85,75,340.5,75,0,4725
NIFTY30JAN2012450PE.NFO,07/01/2020,09:26:48,337,311.25,75,340.5,75,0,4725
NIFTY30JAN2012450PE.NFO,07/01/2020,09:26:49,337,316.55,75,332.85,75,0,4725
NIFTY30JAN2012450PE.NFO,07/01/2020,09:26:50,337,316.85,75,335.95,75,0,4725
NIFTY30JAN2012450PE.NFO,07/01/2020,09:26:51,337,313.8,75,336.35,75,0,4725
NIFTY30JAN2012450PE.NFO,07/01/2020,09:26:52,337,311.35,75,332.8,75,0,4725
NIFTY30JAN2012450PE.NFO,07/01/2020,09:26:53,337,311.4,75,336.35,75,0,4725
NIFTY30JAN2012450PE.NFO,07/01/2020,09:26:54,337,316.85,75,333.45,75,0,4725
NIFTY30JAN2012450PE.NFO,07/01/2020,09:26:55,337,316.5,75,340.2,75,0,4725
NIFTY30JAN2012450PE.NFO,07/01/2020,09:26:56,337,319.25,75,334.2,75,0,4725
NIFTY30JAN2012450PE.NFO,07/01/2020,09:26:57,337,311.2,75,333.2,75,0,4725
NIFTY30JAN2012450PE.NFO,07/01/2020,09:26:58,337,311.05,75,332.85,75,0,4725
NIFTY30JAN2012450PE.NFO,07/01/2020,09:26:59,337,316.15,75,332.9,75,0,4725
NIFTY30JAN2012450PE.NFO,07/01/2020,09:27:00,337,316.6,75,336,75,0,4725
NIFTY30JAN2012450PE.NFO,07/01/2020,09:27:01,337,311.45,75,340.5,75,0,4725
NIFTY30JAN2012450PE.NFO,07/01/2020,09:27:03,337,319.3,75,340.4,75,0,4725
NIFTY30JAN2012450PE.NFO,07/01/2020,09:27:04,337,320.5,75,333.35,75,0,4725
NIFTY30JAN2012450PE.NFO,07/01/2020,09:27:05,337,319.1,75,333.05,75,0,4725
NIFTY30JAN2012450PE.NFO,07/01/2020,09:27:06,337,319,75,333.25,75,0,4725
NIFTY30JAN2012450PE.NFO,07/01/2020,09:27:07,337,319.2,75,340.4,75,0,4725
NIFTY30JAN2012450PE.NFO,07/01/2020,09:27:08,337,319.4,75,336.4,75,0,4725
NIFTY30JAN2012450PE.NFO,07/01/2020,09:27:09,337,316.75,75,336.15,75,0,4725
NIFTY30JAN2012450PE.NFO,07/01/2020,09:27:10,337,319.3,75,336.1,75,0,4725
NIFTY30JAN2012450PE.NFO,07/01/2020,09:27:11,337,319.4,75,340.2,75,0,4725
NIFTY30JAN2012450PE.NFO,07/01/2020,09:27:12,337,316.75,75,333.4,75,0,4725
NIFTY30JAN2012450PE.NFO,07/01/2020,09:27:13,337,319.4,75,332.75,75,0,4725
NIFTY30JAN2012450PE.NFO,07/01/2020,09:27:14,337,316.7,75,333.55,75,0,4725
NIFTY30JAN2012450PE.NFO,07/01/2020,09:27:15,337,319.65,75,334.3,75,0,4725
NIFTY30JAN2012450PE.NFO,07/01/2020,09:27:16,337,310.8,75,334.2,75,0,4725
NIFTY30JAN2012450PE.NFO,07/01/2020,09:27:17,337,320.4,75,334.45,75,0,4725
NIFTY30JAN2012450PE.NFO,07/01/2020,09:27:18,337,319.4,75,333.35,75,0,4725
NIFTY30JAN2012450PE.NFO,07/01/2020,09:27:19,337,316.85,75,340.15,75,0,4725
NIFTY30JAN2012450PE.NFO,07/01/2020,09:27:20,337,317.25,75,332.9,75,0,4725
NIFTY30JAN2012450PE.NFO,07/01/2020,09:27:21,337,317.25,75,334.05,75,0,4725
NIFTY30JAN2012450PE.NFO,07/01/2020,09:27:22,337,319.6,75,340.1,75,0,4725
NIFTY30JAN2012450PE.NFO,07/01/2020,09:27:23,337,319.75,75,332.9,75,0,4725
NIFTY30JAN2012450PE.NFO,07/01/2020,09:27:24,337,316.8,75,339.35,75,0,4725
NIFTY30JAN2012450PE.NFO,07/01/2020,09:27:25,337,319.4,75,334.15,75,0,4725
NIFTY30JAN2012450PE.NFO,07/01/2020,09:27:26,337,311.55,75,333.2,75,0,4725
NIFTY30JAN2012450PE.NFO,07/01/2020,09:27:27,337,311.65,75,333.2,75,0,4725
NIFTY30JAN2012450PE.NFO,07/01/2020,09:27:28,337,320.35,75,340.2,75,0,4725
NIFTY30JAN2012450PE.NFO,07/01/2020,09:27:29,337,320.85,75,334.5,75,0,4725
NIFTY30JAN2012450PE.NFO,07/01/2020,09:27:30,337,317.25,75,340,75,0,4725
NIFTY30JAN2012450PE.NFO,07/01/2020,09:27:31,337,319.9,75,334.65,75,0,4725
NIFTY30JAN2012450PE.NFO,07/01/2020,09:27:32,337,312.1,75,340.1,75,0,4725
NIFTY30JAN2012450PE.NFO,07/01/2020,09:27:33,337,312,75,333.7,75,0,4725
NIFTY30JAN2012450PE.NFO,07/01/2020,09:27:34,337,319.85,75,333.25,75,0,4725
NIFTY30JAN2012450PE.NFO,07/01/2020,09:27:35,337,312,75,335.1,75,0,4725
NIFTY30JAN2012450PE.NFO,07/01/2020,09:27:36,337,317.85,75,334.15,75,0,4725
NIFTY30JAN2012450PE.NFO,07/01/2020,09:27:37,337,321.7,75,336.75,75,0,4725
NIFTY30JAN2012450PE.NFO,07/01/2020,09:27:38,337,312.25,75,334.15,75,0,4725
NIFTY30JAN2012450PE.NFO,07/01/2020,09:27:39,337,312,75,336.75,75,0,4725
NIFTY30JAN2012450PE.NFO,07/01/2020,09:27:40,337,317.65,75,334.1,75,0,4725
NIFTY30JAN2012450PE.NFO,07/01/2020,09:27:41,337,321.65,75,335.15,75,0,4725
NIFTY30JAN2012450PE.NFO,07/01/2020,09:27:42,337,322.1,75,333.8,75,0,4725
NIFTY30JAN2012450PE.NFO,07/01/2020,09:27:43,337,319.8,75,335.05,75,0,4725
NIFTY30JAN2012450PE.NFO,07/01/2020,09:27:44,337,312.35,75,334.2,75,0,4725
NIFTY30JAN2012450PE.NFO,07/01/2020,09:27:45,337,317.9,75,337.1,75,0,4725
NIFTY30JAN2012450PE.NFO,07/01/2020,09:27:46,337,318.25,75,334.45,75,0,4725
NIFTY30JAN2012450PE.NFO,07/01/2020,09:27:47,337,318.35,75,336.9,75,0,4725
NIFTY30JAN2012450PE.NFO,07/01/2020,09:27:48,337,321,75,335.45,75,0,4725
NIFTY30JAN2012450PE.NFO,07/01/2020,09:27:49,337,313.3,75,334.3,75,0,4725
NIFTY30JAN2012450PE.NFO,07/01/2020,09:27:50,337,313.3,75,340.45,75,0,4725
NIFTY30JAN2012450PE.NFO,07/01/2020,09:27:51,337,312.65,75,334.5,75,0,4725
NIFTY30JAN2012450PE.NFO,07/01/2020,09:27:52,337,317.7,75,334.05,75,0,4725
NIFTY30JAN2012450PE.NFO,07/01/2020,09:27:53,337,317.45,75,335.15,75,0,4725
NIFTY30JAN2012450PE.NFO,07/01/2020,09:27:54,337,320.05,75,334.35,75,0,4725
NIFTY30JAN2012450PE.NFO,07/01/2020,09:27:55,337,320.1,75,333.65,75,0,4725
NIFTY30JAN2012450PE.NFO,07/01/2020,09:27:56,337,317.15,75,334.1,75,0,4725
NIFTY30JAN2012450PE.NFO,07/01/2020,09:27:57,337,319.85,75,335.1,75,0,4725
NIFTY30JAN2012450PE.NFO,07/01/2020,09:27:58,337,319.85,75,337.05,75,0,4725
NIFTY30JAN2012450PE.NFO,07/01/2020,09:27:59,337,321.4,75,337.05,75,0,4725
NIFTY30JAN2012450PE.NFO,07/01/2020,09:28:00,337,311.7,75,340.5,75,0,4725
NIFTY30JAN2012450PE.NFO,07/01/2020,09:28:01,337,323.3,75,336.55,75,0,4725
NIFTY30JAN2012450PE.NFO,07/01/2020,09:28:02,337,318.65,75,335.75,75,0,4725
NIFTY30JAN2012450PE.NFO,07/01/2020,09:28:03,337,322.05,75,334.8,75,0,4725
NIFTY30JAN2012450PE.NFO,07/01/2020,09:28:04,337,318.3,75,336.9,75,0,4725
NIFTY30JAN2012450PE.NFO,07/01/2020,09:28:05,337,317.85,75,340.5,75,0,4725
NIFTY30JAN2012450PE.NFO,07/01/2020,09:28:06,337,322,75,336.85,75,0,4725
NIFTY30JAN2012450PE.NFO,07/01/2020,09:28:07,337,318.25,75,336.7,75,0,4725
NIFTY30JAN2012450PE.NFO,07/01/2020,09:28:08,337,318.6,75,335.55,75,0,4725
NIFTY30JAN2012450PE.NFO,07/01/2020,09:28:09,337,322.3,75,334.75,75,0,4725
NIFTY30JAN2012450PE.NFO,07/01/2020,09:28:10,337,318.75,75,337.4,75,0,4725
NIFTY30JAN2012450PE.NFO,07/01/2020,09:28:11,337,312.85,75,334.85,75,0,4725
NIFTY30JAN2012450PE.NFO,07/01/2020,09:28:12,337,320.8,75,333.95,75,0,4725
NIFTY30JAN2012450PE.NFO,07/01/2020,09:28:13,337,321.2,75,337.2,75,0,4725
NIFTY30JAN2012450PE.NFO,07/01/2020,09:28:14,337,322.35,75,337.1,75,0,4725
NIFTY30JAN2012450PE.NFO,07/01/2020,09:28:16,337,321.45,75,334.65,75,0,4725
NIFTY30JAN2012450PE.NFO,07/01/2020,09:28:17,337,322.4,75,334.9,75,0,4725
NIFTY30JAN2012450PE.NFO,07/01/2020,09:28:18,337,322.65,75,335.15,75,0,4725
NIFTY30JAN2012450PE.NFO,07/01/2020,09:28:19,337,321.75,75,336.1,75,0,4725
NIFTY30JAN2012450PE.NFO,07/01/2020,09:28:20,337,319.35,75,335.2,75,0,4725
NIFTY30JAN2012450PE.NFO,07/01/2020,09:28:22,337,319.75,75,335.95,75,0,4725
NIFTY30JAN2012450PE.NFO,07/01/2020,09:28:23,337,319.95,75,336.65,75,0,4725
NIFTY30JAN2012450PE.NFO,07/01/2020,09:28:24,337,322.25,75,335.55,75,0,4725
NIFTY30JAN2012450PE.NFO,07/01/2020,09:28:25,337,320.3,75,336.6,75,0,4725
NIFTY30JAN2012450PE.NFO,07/01/2020,09:28:26,337,320.35,75,340.55,75,0,4725
NIFTY30JAN2012450PE.NFO,07/01/2020,09:28:28,337,315.55,75,338,75,0,4725
NIFTY30JAN2012450PE.NFO,07/01/2020,09:28:29,337,315.55,75,338.85,75,0,4725
NIFTY30JAN2012450PE.NFO,07/01/2020,09:28:30,337,325.45,75,337.4,75,0,4725
NIFTY30JAN2012450PE.NFO,07/01/2020,09:28:31,337,324.25,75,338.15,75,0,4725
NIFTY30JAN2012450PE.NFO,07/01/2020,09:28:32,337,321.4,75,338.25,75,0,4725
NIFTY30JAN2012450PE.NFO,07/01/2020,09:28:34,337,320.9,75,337.15,75,0,4725
NIFTY30JAN2012450PE.NFO,07/01/2020,09:28:35,337,323.35,75,337.1,75,0,4725
NIFTY30JAN2012450PE.NFO,07/01/2020,09:28:36,337,324.4,75,336.45,75,0,4725
NIFTY30JAN2012450PE.NFO,07/01/2020,09:28:37,337,324.35,75,337.35,75,0,4725
NIFTY30JAN2012450PE.NFO,07/01/2020,09:28:38,337,323.25,75,340.2,75,0,4725
NIFTY30JAN2012450PE.NFO,07/01/2020,09:28:39,337,322.95,75,339.85,75,0,4725
NIFTY30JAN2012450PE.NFO,07/01/2020,09:28:41,337,320.85,75,337.7,75,0,4725
NIFTY30JAN2012450PE.NFO,07/01/2020,09:28:42,337,323.05,75,336.6,75,0,4725
NIFTY30JAN2012450PE.NFO,07/01/2020,09:28:43,337,322.7,75,340.5,75,0,4725
NIFTY30JAN2012450PE.NFO,07/01/2020,09:28:44,337,320.2,75,337.6,75,0,4725
NIFTY30JAN2012450PE.NFO,07/01/2020,09:28:45,337,320.2,75,340.55,75,0,4725
NIFTY30JAN2012450PE.NFO,07/01/2020,09:28:46,337,323.95,75,340.5,75,0,4725
NIFTY30JAN2012450PE.NFO,07/01/2020,09:28:47,337,322.9,75,336.35,75,0,4725
NIFTY30JAN2012450PE.NFO,07/01/2020,09:28:49,337,323.95,75,335.9,75,0,4725
NIFTY30JAN2012450PE.NFO,07/01/2020,09:28:50,337,322.7,75,336,75,0,4725
NIFTY30JAN2012450PE.NFO,07/01/2020,09:28:51,337,319.7,75,335,75,0,4725
NIFTY30JAN2012450PE.NFO,07/01/2020,09:28:52,337,321.9,75,340.3,75,0,4725
NIFTY30JAN2012450PE.NFO,07/01/2020,09:28:53,337,319.05,75,335.25,75,0,4725
NIFTY30JAN2012450PE.NFO,07/01/2020,09:28:55,337,321.55,75,335.1,75,0,4725
NIFTY30JAN2012450PE.NFO,07/01/2020,09:28:56,337,321.65,75,335.45,75,0,4725
NIFTY30JAN2012450PE.NFO,07/01/2020,09:28:57,337,321.9,75,337.25,75,0,4725
NIFTY30JAN2012450PE.NFO,07/01/2020,09:28:58,337,319.5,75,337.6,75,0,4725
NIFTY30JAN2012450PE.NFO,07/01/2020,09:28:59,337,315.5,75,335.15,75,0,4725
NIFTY30JAN2012450PE.NFO,07/01/2020,09:29:00,337,320,75,335.2,75,0,4725
NIFTY30JAN2012450PE.NFO,07/01/2020,09:29:01,337,324.15,75,340.1,75,0,4725
NIFTY30JAN2012450PE.NFO,07/01/2020,09:29:02,337,319.35,75,335.4,75,0,4725
NIFTY30JAN2012450PE.NFO,07/01/2020,09:29:03,337,321.75,75,335.3,75,0,4725
NIFTY30JAN2012450PE.NFO,07/01/2020,09:29:05,337,312.85,75,334.2,75,0,4725
NIFTY30JAN2012450PE.NFO,07/01/2020,09:29:06,337,320.35,75,335.15,75,0,4725
NIFTY30JAN2012450PE.NFO,07/01/2020,09:29:07,337,321.6,75,334.3,75,0,4725
NIFTY30JAN2012450PE.NFO,07/01/2020,09:29:08,337,321.15,75,334.25,75,0,4725
NIFTY30JAN2012450PE.NFO,07/01/2020,09:29:09,337,320.45,75,335,75,0,4725
NIFTY30JAN2012450PE.NFO,07/01/2020,09:29:10,337,312.3,75,333.8,75,0,4725
NIFTY30JAN2012450PE.NFO,07/01/2020,09:29:11,337,317.9,75,333.8,75,0,4725
NIFTY30JAN2012450PE.NFO,07/01/2020,09:29:12,337,320.55,75,333.8,75,0,4725
NIFTY30JAN2012450PE.NFO,07/01/2020,09:29:13,337,320.25,75,334,75,0,4725
NIFTY30JAN2012450PE.NFO,07/01/2020,09:29:14,337,320,75,334.3,75,0,4725
NIFTY30JAN2012450PE.NFO,07/01/2020,09:29:15,337,312.8,75,335.3,75,0,4725
NIFTY30JAN2012450PE.NFO,07/01/2020,09:29:16,337,320.85,75,333.2,75,0,4725
NIFTY30JAN2012450PE.NFO,07/01/2020,09:29:17,337,319.15,75,336.45,75,0,4725
NIFTY30JAN2012450PE.NFO,07/01/2020,09:29:18,337,312.3,75,333.55,75,0,4725
NIFTY30JAN2012450PE.NFO,07/01/2020,09:29:19,337,312.3,75,332.7,75,0,4725
NIFTY30JAN2012450PE.NFO,07/01/2020,09:29:20,337,320.8,75,339.6,75,0,4725
NIFTY30JAN2012450PE.NFO,07/01/2020,09:29:21,337,312.3,75,335.35,75,0,4725
NIFTY30JAN2012450PE.NFO,07/01/2020,09:29:22,337,320.7,75,335.2,75,0,4725
NIFTY30JAN2012450PE.NFO,07/01/2020,09:29:23,337,320.3,75,332.6,75,0,4725
NIFTY30JAN2012450PE.NFO,07/01/2020,09:29:24,337,313.8,75,332.7,75,0,4725
NIFTY30JAN2012450PE.NFO,07/01/2020,09:29:25,337,321.1,75,334.2,75,0,4725
NIFTY30JAN2012450PE.NFO,07/01/2020,09:29:26,337,319.15,75,332.35,75,0,4725
NIFTY30JAN2012450PE.NFO,07/01/2020,09:29:27,337,312.3,75,334.75,75,0,4725
NIFTY30JAN2012450PE.NFO,07/01/2020,09:29:28,337,321.35,75,336.15,75,0,4725
NIFTY30JAN2012450PE.NFO,07/01/2020,09:29:29,337,321.35,75,334.55,75,0,4725
NIFTY30JAN2012450PE.NFO,07/01/2020,09:29:30,337,320.15,75,333.2,75,0,4725
NIFTY30JAN2012450PE.NFO,07/01/2020,09:29:31,337,320.15,75,334.1,75,0,4725
NIFTY30JAN2012450PE.NFO,07/01/2020,09:29:32,337,320.05,75,333.25,75,0,4725
NIFTY30JAN2012450PE.NFO,07/01/2020,09:29:33,337,317.9,75,334,75,0,4725
NIFTY30JAN2012450PE.NFO,07/01/2020,09:29:34,337,320.25,75,334.15,75,0,4725
NIFTY30JAN2012450PE.NFO,07/01/2020,09:29:35,337,313.3,75,336.05,75,0,4725
NIFTY30JAN2012450PE.NFO,07/01/2020,09:29:36,337,320.2,75,333.65,75,0,4725
NIFTY30JAN2012450PE.NFO,07/01/2020,09:29:37,337,313.4,75,340.1,75,0,4725
NIFTY30JAN2012450PE.NFO,07/01/2020,09:29:38,337,321.15,75,333.1,75,0,4725
NIFTY30JAN2012450PE.NFO,07/01/2020,09:29:39,337,319.8,75,334.3,75,0,4725
NIFTY30JAN2012450PE.NFO,07/01/2020,09:29:41,337,319.5,75,340.5,75,0,4725
NIFTY30JAN2012450PE.NFO,07/01/2020,09:29:42,337,321.65,75,334.45,75,0,4725
NIFTY30JAN2012450PE.NFO,07/01/2020,09:29:43,337,321.3,75,333.5,75,0,4725
NIFTY30JAN2012450PE.NFO,07/01/2020,09:29:44,337,321.25,75,333.45,75,0,4725
NIFTY30JAN2012450PE.NFO,07/01/2020,09:29:45,337,321.55,75,340.4,75,0,4725
NIFTY30JAN2012450PE.NFO,07/01/2020,09:29:46,337,322.15,75,336.65,75,0,4725
NIFTY30JAN2012450PE.NFO,07/01/2020,09:29:47,337,313,75,333.5,75,0,4725
NIFTY30JAN2012450PE.NFO,07/01/2020,09:29:48,337,322.3,75,333.85,75,0,4725
NIFTY30JAN2012450PE.NFO,07/01/2020,09:29:49,337,313.45,75,334.05,75,0,4725
NIFTY30JAN2012450PE.NFO,07/01/2020,09:29:50,337,321.6,75,334,75,0,4725
NIFTY30JAN2012450PE.NFO,07/01/2020,09:29:51,337,320.65,75,334.05,75,0,4725
NIFTY30JAN2012450PE.NFO,07/01/2020,09:29:52,337,322,75,336.35,75,0,4725
NIFTY30JAN2012450PE.NFO,07/01/2020,09:29:53,337,322.3,75,334.1,75,0,4725
NIFTY30JAN2012450PE.NFO,07/01/2020,09:29:54,337,322.65,75,335.1,75,0,4725
NIFTY30JAN2012450PE.NFO,07/01/2020,09:29:55,337,322.7,75,337,75,0,4725
NIFTY30JAN2012450PE.NFO,07/01/2020,09:29:56,337,315.7,75,336.8,75,0,4725
NIFTY30JAN2012450PE.NFO,07/01/2020,09:29:57,337,319.7,75,333.85,75,0,4725
NIFTY30JAN2012450PE.NFO,07/01/2020,09:29:58,337,318.25,75,333.85,75,0,4725
NIFTY30JAN2012450PE.NFO,07/01/2020,09:29:59,337,318.6,75,333.85,75,0,4725
NIFTY30JAN2012450PE.NFO,07/01/2020,09:30:00,337,322.15,75,340.25,75,0,4725
NIFTY30JAN2012450PE.NFO,07/01/2020,09:30:01,337,322.1,75,334.75,75,0,4725
NIFTY30JAN2012450PE.NFO,07/01/2020,09:30:02,337,320.3,75,340.3,75,0,4725
NIFTY30JAN2012450PE.NFO,07/01/2020,09:30:03,337,317.45,75,334.35,75,0,4725
NIFTY30JAN2012450PE.NFO,07/01/2020,09:30:04,337,316.6,75,333.05,75,0,4725
NIFTY30JAN2012450PE.NFO,07/01/2020,09:30:05,337,316.8,75,334.3,75,0,4725
NIFTY30JAN2012450PE.NFO,07/01/2020,09:30:06,337,319.35,75,336,75,0,4725
NIFTY30JAN2012450PE.NFO,07/01/2020,09:30:07,337,316.8,75,335.65,75,0,4725
NIFTY30JAN2012450PE.NFO,07/01/2020,09:30:08,337,317.4,75,334.6,75,0,4725
NIFTY30JAN2012450PE.NFO,07/01/2020,09:30:09,337,320.15,75,336.4,75,0,4725
NIFTY30JAN2012450PE.NFO,07/01/2020,09:30:10,337,313.3,75,333.3,75,0,4725
NIFTY30JAN2012450PE.NFO,07/01/2020,09:30:11,337,319.8,75,334.6,75,0,4725
NIFTY30JAN2012450PE.NFO,07/01/2020,09:30:12,337,311.3,75,334.75,75,0,4725
NIFTY30JAN2012450PE.NFO,07/01/2020,09:30:13,337,320.2,75,340.35,75,0,4725
NIFTY30JAN2012450PE.NFO,07/01/2020,09:30:14,337,319.35,75,339.45,75,0,4725
NIFTY30JAN2012450PE.NFO,07/01/2020,09:30:15,337,317.85,75,334.85,75,0,4725
NIFTY30JAN2012450PE.NFO,07/01/2020,09:30:16,337,319.9,75,333.15,75,0,4725
NIFTY30JAN2012450PE.NFO,07/01/2020,09:30:17,337,311.9,75,333.75,75,0,4725
NIFTY30JAN2012450PE.NFO,07/01/2020,09:30:18,337,319.95,75,336.75,75,0,4725
NIFTY30JAN2012450PE.NFO,07/01/2020,09:30:19,337,317.4,75,334.5,75,0,4725
NIFTY30JAN2012450PE.NFO,07/01/2020,09:30:20,337,321.55,75,333.95,75,0,4725
NIFTY30JAN2012450PE.NFO,07/01/2020,09:30:21,337,319.75,75,335.05,75,0,4725
NIFTY30JAN2012450PE.NFO,07/01/2020,09:30:22,337,312.25,75,333.8,75,0,4725
NIFTY30JAN2012450PE.NFO,07/01/2020,09:30:23,337,320.45,75,334.95,75,0,4725
NIFTY30JAN2012450PE.NFO,07/01/2020,09:30:24,337,318.85,75,333.15,75,0,4725
NIFTY30JAN2012450PE.NFO,07/01/2020,09:30:25,337,311.85,75,333.25,75,0,4725
NIFTY30JAN2012450PE.NFO,07/01/2020,09:30:26,337,316.5,75,334.15,75,0,4725
NIFTY30JAN2012450PE.NFO,07/01/2020,09:30:27,337,320.5,75,334.85,75,0,4725
NIFTY30JAN2012450PE.NFO,07/01/2020,09:30:28,337,321.7,75,333.75,75,0,4725
NIFTY30JAN2012450PE.NFO,07/01/2020,09:30:29,337,322.65,75,334.4,75,0,4725
NIFTY30JAN2012450PE.NFO,07/01/2020,09:30:30,337,318.95,75,333.55,75,0,4725
NIFTY30JAN2012450PE.NFO,07/01/2020,09:30:31,337,321.9,75,333.65,75,0,4725
NIFTY30JAN2012450PE.NFO,07/01/2020,09:30:32,337,321.9,75,331.45,75,0,4725
NIFTY30JAN2012450PE.NFO,07/01/2020,09:30:33,337,321.9,75,334,75,0,4725
NIFTY30JAN2012450PE.NFO,07/01/2020,09:30:34,337,321.9,75,334.9,75,0,4725
NIFTY30JAN2012450PE.NFO,07/01/2020,09:30:35,337,322.25,75,333.6,75,0,4725
NIFTY30JAN2012450PE.NFO,07/01/2020,09:30:36,337,321.4,75,333.9,75,0,4725
NIFTY30JAN2012450PE.NFO,07/01/2020,09:30:37,337,322.65,75,333.5,75,0,4725
NIFTY30JAN2012450PE.NFO,07/01/2020,09:30:38,337,322.8,75,334.65,75,0,4725
NIFTY30JAN2012450PE.NFO,07/01/2020,09:30:39,337,322.8,75,334,75,0,4725
NIFTY30JAN2012450PE.NFO,07/01/2020,09:30:40,337,322.8,75,333.9,75,0,4725
NIFTY30JAN2012450PE.NFO,07/01/2020,09:30:41,337,322.8,75,333.6,75,0,4725
NIFTY30JAN2012450PE.NFO,07/01/2020,09:30:42,337,322.8,75,334.05,75,0,4725
NIFTY30JAN2012450PE.NFO,07/01/2020,09:30:43,337,322.8,75,332.15,75,0,4725
NIFTY30JAN2012450PE.NFO,07/01/2020,09:30:44,337,321.8,75,331.8,75,0,4725
NIFTY30JAN2012450PE.NFO,07/01/2020,09:30:45,337,321.8,150,333.35,75,0,4725
NIFTY30JAN2012450PE.NFO,07/01/2020,09:30:46,337,321.8,150,333.05,75,0,4725
NIFTY30JAN2012450PE.NFO,07/01/2020,09:30:47,337,321.85,75,332.95,75,0,4725
NIFTY30JAN2012450PE.NFO,07/01/2020,09:30:48,337,320.65,75,332.4,75,0,4725
NIFTY30JAN2012450PE.NFO,07/01/2020,09:30:49,337,321.85,75,331.4,75,0,4725
NIFTY30JAN2012450PE.NFO,07/01/2020,09:30:50,337,321.85,75,332.8,75,0,4725
NIFTY30JAN2012450PE.NFO,07/01/2020,09:30:52,337,321.85,150,334.4,75,0,4725
NIFTY30JAN2012450PE.NFO,07/01/2020,09:30:53,337,321.85,150,332.45,75,0,4725
NIFTY30JAN2012450PE.NFO,07/01/2020,09:30:54,337,322.2,75,333.7,75,0,4725
NIFTY30JAN2012450PE.NFO,07/01/2020,09:30:55,337,322.2,150,333.7,75,0,4725
NIFTY30JAN2012450PE.NFO,07/01/2020,09:30:56,337,322.2,150,332,75,0,4725
NIFTY30JAN2012450PE.NFO,07/01/2020,09:30:57,337,322.2,150,333.75,75,0,4725
NIFTY30JAN2012450PE.NFO,07/01/2020,09:30:58,337,322.2,150,334.25,75,0,4725
NIFTY30JAN2012450PE.NFO,07/01/2020,09:30:59,337,322.2,150,334.05,75,0,4725
NIFTY30JAN2012450PE.NFO,07/01/2020,09:31:00,337,322.2,150,331.85,75,0,4725
NIFTY30JAN2012450PE.NFO,07/01/2020,09:31:01,337,319,75,331.6,75,0,4725
NIFTY30JAN2012450PE.NFO,07/01/2020,09:31:02,337,322.05,75,332.9,75,0,4725
NIFTY30JAN2012450PE.NFO,07/01/2020,09:31:03,337,321,75,331.3,75,0,4725
NIFTY30JAN2012450PE.NFO,07/01/2020,09:31:04,337,321,75,332.7,75,0,4725
NIFTY30JAN2012450PE.NFO,07/01/2020,09:31:05,337,316.3,75,332.65,75,0,4725
NIFTY30JAN2012450PE.NFO,07/01/2020,09:31:07,337,321.05,75,332.45,75,0,4725
NIFTY30JAN2012450PE.NFO,07/01/2020,09:31:09,337,321.05,75,332.3,75,0,4725
NIFTY30JAN2012450PE.NFO,07/01/2020,09:31:10,337,321.05,75,330.7,75,0,4725
NIFTY30JAN2012450PE.NFO,07/01/2020,09:31:11,337,321.05,75,330.65,75,0,4725
NIFTY30JAN2012450PE.NFO,07/01/2020,09:31:12,337,319,75,338.8,75,0,4725
NIFTY30JAN2012450PE.NFO,07/01/2020,09:31:12,337,320.25,75,330.8,75,0,4725
NIFTY30JAN2012450PE.NFO,07/01/2020,09:31:13,337,318.8,75,330.8,75,0,4725
NIFTY30JAN2012450PE.NFO,07/01/2020,09:31:14,337,320.15,150,331.15,75,0,4725
NIFTY30JAN2012450PE.NFO,07/01/2020,09:31:15,337,320.15,150,330.6,75,0,4725
NIFTY30JAN2012450PE.NFO,07/01/2020,09:31:17,337,320.15,150,330.35,75,0,4725
NIFTY30JAN2012450PE.NFO,07/01/2020,09:31:18,337,320.15,150,330.3,75,0,4725
NIFTY30JAN2012450PE.NFO,07/01/2020,09:31:25,337,320.15,150,331.1,75,0,4725
NIFTY30JAN2012450PE.NFO,07/01/2020,09:31:26,337,320.15,150,330.7,75,0,4725
NIFTY30JAN2012450PE.NFO,07/01/2020,09:31:27,337,320.15,150,330.25,75,0,4725
NIFTY30JAN2012450PE.NFO,07/01/2020,09:31:30,337,319.95,75,330.15,75,0,4725
NIFTY30JAN2012450PE.NFO,07/01/2020,09:31:31,337,319.95,150,330.05,75,0,4725
NIFTY30JAN2012450PE.NFO,07/01/2020,09:31:34,337,319.95,150,330.1,75,0,4725
NIFTY30JAN2012450PE.NFO,07/01/2020,09:31:35,337,319.6,75,329.95,75,0,4725
NIFTY30JAN2012450PE.NFO,07/01/2020,09:31:36,337,319.6,75,329.8,75,0,4725
NIFTY30JAN2012450PE.NFO,07/01/2020,09:31:38,337,317.8,75,329.8,75,0,4725
NIFTY30JAN2012450PE.NFO,07/01/2020,09:31:39,337,319.3,75,329.5,75,0,4725
NIFTY30JAN2012450PE.NFO,07/01/2020,09:31:40,337,319.3,75,327.9,75,0,4725
NIFTY30JAN2012450PE.NFO,07/01/2020,09:31:41,337,319.3,75,329.4,75,0,4725
NIFTY30JAN2012450PE.NFO,07/01/2020,09:31:44,337,319.3,75,329.35,75,0,4725
NIFTY30JAN2012450PE.NFO,07/01/2020,09:31:45,337,318.2,150,329,75,0,4725
NIFTY30JAN2012450PE.NFO,07/01/2020,09:31:47,337,318.2,150,328.8,75,0,4725
NIFTY30JAN2012450PE.NFO,07/01/2020,09:31:48,337,318.2,150,328.7,75,0,4725
NIFTY30JAN2012450PE.NFO,07/01/2020,09:31:50,337,315.5,75,328.65,75,0,4725
NIFTY30JAN2012450PE.NFO,07/01/2020,09:31:51,337,317.35,75,327.05,75,0,4725
NIFTY30JAN2012450PE.NFO,07/01/2020,09:31:52,337,318.25,150,331.65,75,0,4725
NIFTY30JAN2012450PE.NFO,07/01/2020,09:31:53,337,317.25,75,327.05,75,0,4725
NIFTY30JAN2012450PE.NFO,07/01/2020,09:31:55,337,317.1,75,328.4,75,0,4725
NIFTY30JAN2012450PE.NFO,07/01/2020,09:31:56,337,314.8,75,327.95,75,0,4725
NIFTY30JAN2012450PE.NFO,07/01/2020,09:31:57,337,311.1,75,327.95,75,0,4725
NIFTY30JAN2012450PE.NFO,07/01/2020,09:31:58,337,314.5,75,327.85,75,0,4725
NIFTY30JAN2012450PE.NFO,07/01/2020,09:31:59,337,317.3,150,327.55,75,0,4725
NIFTY30JAN2012450PE.NFO,07/01/2020,09:32:01,337,316.3,75,325.95,75,0,4725
NIFTY30JAN2012450PE.NFO,07/01/2020,09:32:02,337,316.75,75,325.7,75,0,4725
NIFTY30JAN2012450PE.NFO,07/01/2020,09:32:03,337,316.6,150,327.15,75,0,4725
NIFTY30JAN2012450PE.NFO,07/01/2020,09:32:04,337,312.7,75,326.75,75,0,4725
NIFTY30JAN2012450PE.NFO,07/01/2020,09:32:06,337,316,75,326.9,75,0,4725
NIFTY30JAN2012450PE.NFO,07/01/2020,09:32:07,337,313.25,75,325.15,75,0,4725
NIFTY30JAN2012450PE.NFO,07/01/2020,09:32:08,337,316.3,75,325.2,75,0,4725
NIFTY30JAN2012450PE.NFO,07/01/2020,09:32:09,337,315.85,75,325.15,75,0,4725
NIFTY30JAN2012450PE.NFO,07/01/2020,09:32:10,337,316.25,75,325.15,75,0,4725
NIFTY30JAN2012450PE.NFO,07/01/2020,09:32:12,337,315.95,150,324.55,75,0,4725
NIFTY30JAN2012450PE.NFO,07/01/2020,09:32:13,337,315.95,150,326.05,75,0,4725
NIFTY30JAN2012450PE.NFO,07/01/2020,09:32:14,337,315.35,75,329.45,75,0,4725
NIFTY30JAN2012450PE.NFO,07/01/2020,09:32:15,337,315.65,150,325.4,75,0,4725
NIFTY30JAN2012450PE.NFO,07/01/2020,09:32:16,337,315.65,150,325.9,75,0,4725
NIFTY30JAN2012450PE.NFO,07/01/2020,09:32:18,337,315.65,150,326.55,75,0,4725
NIFTY30JAN2012450PE.NFO,07/01/2020,09:32:19,337,312.65,75,325.95,75,0,4725
NIFTY30JAN2012450PE.NFO,07/01/2020,09:32:20,337,312.55,75,323.5,75,0,4725
NIFTY30JAN2012450PE.NFO,07/01/2020,09:32:22,337,312.75,150,323.4,75,0,4725
NIFTY30JAN2012450PE.NFO,07/01/2020,09:32:23,337,311.2,75,321.7,75,0,4725
NIFTY30JAN2012450PE.NFO,07/01/2020,09:32:24,337,312.5,75,321.6,75,0,4725
NIFTY30JAN2012450PE.NFO,07/01/2020,09:32:25,337,309.1,75,323.1,75,0,4725
NIFTY30JAN2012450PE.NFO,07/01/2020,09:32:27,337,311.8,75,322.7,75,0,4725
NIFTY30JAN2012450PE.NFO,07/01/2020,09:32:28,337,311.8,75,321.1,75,0,4725
NIFTY30JAN2012450PE.NFO,07/01/2020,09:32:29,337,311.8,75,322.55,75,0,4725
NIFTY30JAN2012450PE.NFO,07/01/2020,09:32:30,337,311.8,75,321.05,75,0,4725
NIFTY30JAN2012450PE.NFO,07/01/2020,09:32:32,337,310.4,75,328.95,75,0,4725
NIFTY30JAN2012450PE.NFO,07/01/2020,09:32:33,337,311.75,75,320.95,75,0,4725
NIFTY30JAN2012450PE.NFO,07/01/2020,09:32:34,337,311.5,150,321.8,75,0,4725
NIFTY30JAN2012450PE.NFO,07/01/2020,09:32:35,337,311.5,150,324.85,75,0,4725
NIFTY30JAN2012450PE.NFO,07/01/2020,09:32:36,337,311.5,150,322.05,75,0,4725
NIFTY30JAN2012450PE.NFO,07/01/2020,09:32:38,337,311.5,150,320.4,75,0,4725
NIFTY30JAN2012450PE.NFO,07/01/2020,09:32:39,337,310.15,75,319.6,75,0,4725
NIFTY30JAN2012450PE.NFO,07/01/2020,09:32:40,337,308.2,75,321.05,75,0,4725
NIFTY30JAN2012450PE.NFO,07/01/2020,09:32:42,337,309.75,75,320.75,75,0,4725
NIFTY30JAN2012450PE.NFO,07/01/2020,09:32:43,337,308.45,75,321.8,75,0,4725
NIFTY30JAN2012450PE.NFO,07/01/2020,09:32:44,337,310.3,75,320.85,75,0,4725
NIFTY30JAN2012450PE.NFO,07/01/2020,09:32:46,337,304.45,75,321,75,0,4725
NIFTY30JAN2012450PE.NFO,07/01/2020,09:32:47,337,310.65,150,321.6,75,0,4725
NIFTY30JAN2012450PE.NFO,07/01/2020,09:32:48,337,311.2,75,328,75,0,4725
NIFTY30JAN2012450PE.NFO,07/01/2020,09:32:49,337,309.9,75,322.95,75,0,4725
NIFTY30JAN2012450PE.NFO,07/01/2020,09:32:51,337,310.45,75,320.15,75,0,4725
NIFTY30JAN2012450PE.NFO,07/01/2020,09:32:52,337,310.7,150,321.8,75,0,4725
NIFTY30JAN2012450PE.NFO,07/01/2020,09:32:53,337,307.8,75,319.95,75,0,4725
NIFTY30JAN2012450PE.NFO,07/01/2020,09:32:54,337,310.8,150,319.95,75,0,4725
NIFTY30JAN2012450PE.NFO,07/01/2020,09:32:55,337,307.65,75,320.2,75,0,4725
NIFTY30JAN2012450PE.NFO,07/01/2020,09:32:56,337,311,75,321.8,75,0,4725
NIFTY30JAN2012450PE.NFO,07/01/2020,09:32:57,337,310.55,75,321.6,75,0,4725
NIFTY30JAN2012450PE.NFO,07/01/2020,09:32:59,337,310.9,75,320.15,75,0,4725
NIFTY30JAN2012450PE.NFO,07/01/2020,09:33:00,337,310.9,150,321.65,75,0,4725
NIFTY30JAN2012450PE.NFO,07/01/2020,09:33:01,337,310.9,75,321.5,75,0,4725
NIFTY30JAN2012450PE.NFO,07/01/2020,09:33:02,337,306.8,75,320.95,75,0,4725
NIFTY30JAN2012450PE.NFO,07/01/2020,09:33:03,337,309.9,75,319.3,75,0,4725
NIFTY30JAN2012450PE.NFO,07/01/2020,09:33:04,337,309.9,75,319.05,75,0,4725
NIFTY30JAN2012450PE.NFO,07/01/2020,09:33:06,337,308.65,75,319.25,75,0,4725
NIFTY30JAN2012450PE.NFO,07/01/2020,09:33:07,337,304.35,75,319.95,75,0,4725
NIFTY30JAN2012450PE.NFO,07/01/2020,09:33:08,337,309.3,75,320.85,75,0,4725
NIFTY30JAN2012450PE.NFO,07/01/2020,09:33:09,337,308.65,75,320.25,75,0,4725
NIFTY30JAN2012450PE.NFO,07/01/2020,09:33:10,337,308.8,75,318,75,0,4725
NIFTY30JAN2012450PE.NFO,07/01/2020,09:33:12,337,308.75,75,318.65,75,0,4725
NIFTY30JAN2012450PE.NFO,07/01/2020,09:33:13,337,309.25,75,318.45,75,0,4725
NIFTY30JAN2012450PE.NFO,07/01/2020,09:33:14,337,306.4,75,318,75,0,4725
NIFTY30JAN2012450PE.NFO,07/01/2020,09:33:15,337,308.95,75,322.8,75,0,4725
NIFTY30JAN2012450PE.NFO,07/01/2020,09:33:16,337,308.35,75,319.55,75,0,4725
NIFTY30JAN2012450PE.NFO,07/01/2020,09:33:18,337,309.15,150,320.6,75,0,4725
NIFTY30JAN2012450PE.NFO,07/01/2020,09:33:19,337,309.15,150,318.4,75,0,4725
NIFTY30JAN2012450PE.NFO,07/01/2020,09:33:20,337,309.15,150,318.85,75,0,4725
NIFTY30JAN2012450PE.NFO,07/01/2020,09:33:21,337,309.15,150,319.05,75,0,4725
NIFTY30JAN2012450PE.NFO,07/01/2020,09:33:22,337,309.15,150,327.05,75,0,4725
NIFTY30JAN2012450PE.NFO,07/01/2020,09:33:24,337,309.15,150,319.2,75,0,4725
NIFTY30JAN2012450PE.NFO,07/01/2020,09:33:25,337,309.15,150,319.25,75,0,4725
NIFTY30JAN2012450PE.NFO,07/01/2020,09:33:26,337,309.15,150,323.9,75,0,4725
NIFTY30JAN2012450PE.NFO,07/01/2020,09:33:27,337,309.15,150,320,75,0,4725
NIFTY30JAN2012450PE.NFO,07/01/2020,09:33:28,337,309.15,150,321.6,75,0,4725
NIFTY30JAN2012450PE.NFO,07/01/2020,09:33:29,337,309.5,75,318.2,75,0,4725
NIFTY30JAN2012450PE.NFO,07/01/2020,09:33:31,337,309.5,75,326.6,75,0,4725
NIFTY30JAN2012450PE.NFO,07/01/2020,09:33:32,337,306.5,75,318.05,75,0,4725
NIFTY30JAN2012450PE.NFO,07/01/2020,09:33:33,337,308.25,75,318.55,75,0,4725
NIFTY30JAN2012450PE.NFO,07/01/2020,09:33:34,337,309,75,323.3,75,0,4725
NIFTY30JAN2012450PE.NFO,07/01/2020,09:33:35,337,309.15,75,319.3,75,0,4725
NIFTY30JAN2012450PE.NFO,07/01/2020,09:33:36,337,309.25,75,320.85,75,0,4725
NIFTY30JAN2012450PE.NFO,07/01/2020,09:33:37,337,309.5,75,318.6,75,0,4725
NIFTY30JAN2012450PE.NFO,07/01/2020,09:33:38,337,309.05,75,320.1,75,0,4725
NIFTY30JAN2012450PE.NFO,07/01/2020,09:33:39,337,308.8,75,318.05,75,0,4725
NIFTY30JAN2012450PE.NFO,07/01/2020,09:33:40,337,309.05,75,318.05,75,0,4725
NIFTY30JAN2012450PE.NFO,07/01/2020,09:33:41,337,308.05,75,319.55,75,0,4725
NIFTY30JAN2012450PE.NFO,07/01/2020,09:33:43,337,309,75,317.75,75,0,4725
NIFTY30JAN2012450PE.NFO,07/01/2020,09:33:44,337,307.3,75,317.75,75,0,4725
NIFTY30JAN2012450PE.NFO,07/01/2020,09:33:45,337,302.35,75,317.75,75,0,4725
NIFTY30JAN2012450PE.NFO,07/01/2020,09:33:46,337,307.2,75,319.3,75,0,4725
NIFTY30JAN2012450PE.NFO,07/01/2020,09:33:47,337,309.3,75,319.3,75,0,4725
NIFTY30JAN2012450PE.NFO,07/01/2020,09:33:48,337,308.6,75,325.85,75,0,4725
NIFTY30JAN2012450PE.NFO,07/01/2020,09:33:49,337,303.8,75,317.9,75,0,4725
NIFTY30JAN2012450PE.NFO,07/01/2020,09:33:50,337,308.5,150,317.15,75,0,4725
NIFTY30JAN2012450PE.NFO,07/01/2020,09:33:51,337,308.5,150,319.65,75,0,4725
NIFTY30JAN2012450PE.NFO,07/01/2020,09:33:52,337,308.5,150,318.05,75,0,4725
NIFTY30JAN2012450PE.NFO,07/01/2020,09:33:53,337,308.5,150,319.65,75,0,4725
NIFTY30JAN2012450PE.NFO,07/01/2020,09:33:54,337,308.55,75,326,75,0,4725
NIFTY30JAN2012450PE.NFO,07/01/2020,09:33:55,337,308.75,75,318.7,75,0,4725
NIFTY30JAN2012450PE.NFO,07/01/2020,09:33:57,337,308.75,75,317.95,75,0,4725
NIFTY30JAN2012450PE.NFO,07/01/2020,09:33:58,337,308.75,75,319.35,75,0,4725
NIFTY30JAN2012450PE.NFO,07/01/2020,09:34:00,337,307.9,75,318.85,75,0,4725
NIFTY30JAN2012450PE.NFO,07/01/2020,09:34:01,337,307.9,75,316.9,75,0,4725
NIFTY30JAN2012450PE.NFO,07/01/2020,09:34:03,337,307.9,75,316.85,75,0,4725
NIFTY30JAN2012450PE.NFO,07/01/2020,09:34:04,337,307.75,75,316.4,75,0,4725
NIFTY30JAN2012450PE.NFO,07/01/2020,09:34:05,337,305,75,324.8,75,0,4725
NIFTY30JAN2012450PE.NFO,07/01/2020,09:34:06,337,308.45,75,317,75,0,4725
NIFTY30JAN2012450PE.NFO,07/01/2020,09:34:07,337,308.15,75,325.7,75,0,4725
NIFTY30JAN2012450PE.NFO,07/01/2020,09:34:08,337,308.55,75,320.1,75,0,4725
NIFTY30JAN2012450PE.NFO,07/01/2020,09:34:10,337,306.8,75,318.25,75,0,4725
NIFTY30JAN2012450PE.NFO,07/01/2020,09:34:11,337,308.8,150,319.45,75,0,4725
NIFTY30JAN2012450PE.NFO,07/01/2020,09:34:12,337,305.55,75,319.45,75,0,4725
NIFTY30JAN2012450PE.NFO,07/01/2020,09:34:13,337,309.1,75,318.15,75,0,4725
NIFTY30JAN2012450PE.NFO,07/01/2020,09:34:14,337,308.05,150,319.6,75,0,4725
NIFTY30JAN2012450PE.NFO,07/01/2020,09:34:15,337,308.05,150,318,75,0,4725
NIFTY30JAN2012450PE.NFO,07/01/2020,09:34:16,337,308.05,150,317.95,75,0,4725
NIFTY30JAN2012450PE.NFO,07/01/2020,09:34:18,337,308.05,150,317.85,75,0,4725
NIFTY30JAN2012450PE.NFO,07/01/2020,09:34:19,337,308.05,150,317.65,75,0,4725
NIFTY30JAN2012450PE.NFO,07/01/2020,09:34:20,337,309.4,75,317.45,75,0,4725
NIFTY30JAN2012450PE.NFO,07/01/2020,09:34:21,337,309.3,75,321.4,75,0,4725
NIFTY30JAN2012450PE.NFO,07/01/2020,09:34:22,337,309.3,75,320.5,75,0,4725
NIFTY30JAN2012450PE.NFO,07/01/2020,09:34:24,337,309.3,75,318.55,75,0,4725
NIFTY30JAN2012450PE.NFO,07/01/2020,09:34:25,337,309.2,75,318.05,75,0,4725
NIFTY30JAN2012450PE.NFO,07/01/2020,09:34:26,337,309.85,75,322.05,75,0,4725
NIFTY30JAN2012450PE.NFO,07/01/2020,09:34:27,337,310.2,75,318.55,75,0,4725
NIFTY30JAN2012450PE.NFO,07/01/2020,09:34:28,337,310.35,75,321,75,0,4725
NIFTY30JAN2012450PE.NFO,07/01/2020,09:34:30,337,311.15,75,320.9,75,0,4725
NIFTY30JAN2012450PE.NFO,07/01/2020,09:34:31,337,311.05,75,320.15,75,0,4725
NIFTY30JAN2012450PE.NFO,07/01/2020,09:34:32,337,311.3,75,322.65,75,0,4725
NIFTY30JAN2012450PE.NFO,07/01/2020,09:34:33,337,311.6,75,319.8,75,0,4725
NIFTY30JAN2012450PE.NFO,07/01/2020,09:34:34,337,312.1,75,325.5,75,0,4725
NIFTY30JAN2012450PE.NFO,07/01/2020,09:34:36,337,309.65,75,321.35,75,0,4725
NIFTY30JAN2012450PE.NFO,07/01/2020,09:34:37,337,311.8,75,321,75,0,4725
NIFTY30JAN2012450PE.NFO,07/01/2020,09:34:38,337,308.7,75,321,75,0,4725
NIFTY30JAN2012450PE.NFO,07/01/2020,09:34:39,337,312,75,322.3,75,0,4725
NIFTY30JAN2012450PE.NFO,07/01/2020,09:34:40,337,312.2,75,322.2,75,0,4725
NIFTY30JAN2012450PE.NFO,07/01/2020,09:34:43,337,312.2,150,321.65,75,0,4725
NIFTY30JAN2012450PE.NFO,07/01/2020,09:34:44,337,312.2,150,322.85,75,0,4725
NIFTY30JAN2012450PE.NFO,07/01/2020,09:34:46,337,312.2,150,322.75,75,0,4725
NIFTY30JAN2012450PE.NFO,07/01/2020,09:34:47,337,312.2,150,321.6,75,0,4725
NIFTY30JAN2012450PE.NFO,07/01/2020,09:34:48,337,312.2,150,323.25,75,0,4725
NIFTY30JAN2012450PE.NFO,07/01/2020,09:34:49,337,312.2,150,323.3,75,0,4725
NIFTY30JAN2012450PE.NFO,07/01/2020,09:34:50,337,312.2,150,321.35,75,0,4725
NIFTY30JAN2012450PE.NFO,07/01/2020,09:34:51,337,312.2,150,321.25,75,0,4725
NIFTY30JAN2012450PE.NFO,07/01/2020,09:34:52,337,312.2,150,322.75,75,0,4725
NIFTY30JAN2012450PE.NFO,07/01/2020,09:34:53,337,312.2,150,323.1,75,0,4725
NIFTY30JAN2012450PE.NFO,07/01/2020,09:34:55,337,312.2,150,330.55,75,0,4725
NIFTY30JAN2012450PE.NFO,07/01/2020,09:34:56,337,312.2,150,325.55,75,0,4725
NIFTY30JAN2012450PE.NFO,07/01/2020,09:34:57,337,312.2,150,324.3,75,0,4725
NIFTY30JAN2012450PE.NFO,07/01/2020,09:34:58,337,312.2,150,322.45,75,0,4725
NIFTY30JAN2012450PE.NFO,07/01/2020,09:34:59,337,312.2,150,321.75,75,0,4725
NIFTY30JAN2012450PE.NFO,07/01/2020,09:35:01,337,312.2,75,322.85,75,0,4725
NIFTY30JAN2012450PE.NFO,07/01/2020,09:35:02,337,310.8,75,325.8,75,0,4725
NIFTY30JAN2012450PE.NFO,07/01/2020,09:35:03,337,312.6,150,324.2,75,0,4725
NIFTY30JAN2012450PE.NFO,07/01/2020,09:35:04,337,311.9,75,322.85,75,0,4725
NIFTY30JAN2012450PE.NFO,07/01/2020,09:35:05,337,312.55,75,322.75,75,0,4725
NIFTY30JAN2012450PE.NFO,07/01/2020,09:35:06,337,312.15,75,323.35,75,0,4725
NIFTY30JAN2012450PE.NFO,07/01/2020,09:35:07,337,311.4,75,323.1,75,0,4725
NIFTY30JAN2012450PE.NFO,07/01/2020,09:35:08,337,313.05,75,322.85,75,0,4725
NIFTY30JAN2012450PE.NFO,07/01/2020,09:35:09,337,311.6,75,324.05,75,0,4725
NIFTY30JAN2012450PE.NFO,07/01/2020,09:35:11,337,312.95,75,323.35,75,0,4725
NIFTY30JAN2012450PE.NFO,07/01/2020,09:35:12,337,313.35,75,325.4,75,0,4725
NIFTY30JAN2012450PE.NFO,07/01/2020,09:35:13,337,312.3,75,322.95,75,0,4725
NIFTY30JAN2012450PE.NFO,07/01/2020,09:35:14,337,312.85,75,324.05,75,0,4725
NIFTY30JAN2012450PE.NFO,07/01/2020,09:35:15,337,312.2,75,322.35,75,0,4725
NIFTY30JAN2012450PE.NFO,07/01/2020,09:35:16,337,313.1,75,323.65,75,0,4725
NIFTY30JAN2012450PE.NFO,07/01/2020,09:35:17,337,312.85,75,323.45,75,0,4725
NIFTY30JAN2012450PE.NFO,07/01/2020,09:35:18,337,312.85,75,324.65,75,0,4725
NIFTY30JAN2012450PE.NFO,07/01/2020,09:35:19,337,312.85,75,322.5,75,0,4725
NIFTY30JAN2012450PE.NFO,07/01/2020,09:35:20,337,312.85,75,325.55,75,0,4725
NIFTY30JAN2012450PE.NFO,07/01/2020,09:35:21,337,312.85,150,323.95,75,0,4725
NIFTY30JAN2012450PE.NFO,07/01/2020,09:35:23,337,312.85,150,325.3,75,0,4725
NIFTY30JAN2012450PE.NFO,07/01/2020,09:35:24,337,312.85,150,324.4,75,0,4725
NIFTY30JAN2012450PE.NFO,07/01/2020,09:35:25,337,312.85,150,324.65,75,0,4725
NIFTY30JAN2012450PE.NFO,07/01/2020,09:35:26,337,312.85,150,325.9,75,0,4725
NIFTY30JAN2012450PE.NFO,07/01/2020,09:35:27,337,312.85,150,324.5,75,0,4725
NIFTY30JAN2012450PE.NFO,07/01/2020,09:35:28,337,312.85,150,325.25,75,0,4725
NIFTY30JAN2012450PE.NFO,07/01/2020,09:35:29,337,312.85,150,324.75,75,0,4725
NIFTY30JAN2012450PE.NFO,07/01/2020,09:35:30,337,312.85,150,324.9,75,0,4725
NIFTY30JAN2012450PE.NFO,07/01/2020,09:35:31,337,312.85,150,325,75,0,4725
NIFTY30JAN2012450PE.NFO,07/01/2020,09:35:33,337,312.85,150,323.3,75,0,4725
NIFTY30JAN2012450PE.NFO,07/01/2020,09:35:34,337,312.85,150,324.55,75,0,4725
NIFTY30JAN2012450PE.NFO,07/01/2020,09:35:35,337,312.85,150,327.35,75,0,4725
NIFTY30JAN2012450PE.NFO,07/01/2020,09:35:36,337,312.85,150,325.45,75,0,4725
NIFTY30JAN2012450PE.NFO,07/01/2020,09:35:37,337,312.85,150,325.2,75,0,4725
NIFTY30JAN2012450PE.NFO,07/01/2020,09:35:38,337,312.85,150,323.35,75,0,4725
NIFTY30JAN2012450PE.NFO,07/01/2020,09:35:39,337,312.85,150,326.5,75,0,4725
NIFTY30JAN2012450PE.NFO,07/01/2020,09:35:40,337,312.9,75,325.55,75,0,4725
NIFTY30JAN2012450PE.NFO,07/01/2020,09:35:41,337,312.55,75,323.7,75,0,4725
NIFTY30JAN2012450PE.NFO,07/01/2020,09:35:43,337,315.1,75,324.6,75,0,4725
NIFTY30JAN2012450PE.NFO,07/01/2020,09:35:44,337,308.75,75,324.3,75,0,4725
NIFTY30JAN2012450PE.NFO,07/01/2020,09:35:45,337,315.8,75,328.8,75,0,4725
NIFTY30JAN2012450PE.NFO,07/01/2020,09:35:46,337,316.05,75,326.9,75,0,4725
NIFTY30JAN2012450PE.NFO,07/01/2020,09:35:47,337,312.8,75,326.85,75,0,4725
NIFTY30JAN2012450PE.NFO,07/01/2020,09:35:49,337,315.65,75,326.6,75,0,4725
NIFTY30JAN2012450PE.NFO,07/01/2020,09:35:50,337,314.55,75,324.5,75,0,4725
NIFTY30JAN2012450PE.NFO,07/01/2020,09:35:52,337,314.5,75,323.8,75,0,4725
NIFTY30JAN2012450PE.NFO,07/01/2020,09:35:53,337,314.25,150,325.05,75,0,4725
NIFTY30JAN2012450PE.NFO,07/01/2020,09:35:54,337,314.25,150,324.15,75,0,4725
NIFTY30JAN2012450PE.NFO,07/01/2020,09:35:56,337,314.25,150,328.5,75,0,4725
NIFTY30JAN2012450PE.NFO,07/01/2020,09:35:57,337,312.9,75,324.7,75,0,4725
NIFTY30JAN2012450PE.NFO,07/01/2020,09:35:58,337,314.1,75,324.5,75,0,4725
NIFTY30JAN2012450PE.NFO,07/01/2020,09:35:59,337,314.1,75,324.3,75,0,4725
NIFTY30JAN2012450PE.NFO,07/01/2020,09:36:01,337,313.35,75,330.75,75,0,4725
NIFTY30JAN2012450PE.NFO,07/01/2020,09:36:02,337,313.65,150,324.2,75,0,4725
NIFTY30JAN2012450PE.NFO,07/01/2020,09:36:03,337,313.2,75,324.2,75,0,4725
NIFTY30JAN2012450PE.NFO,07/01/2020,09:36:04,337,312,75,324.2,75,0,4725
NIFTY30JAN2012450PE.NFO,07/01/2020,09:36:05,337,313.75,75,324.2,75,0,4725
NIFTY30JAN2012450PE.NFO,07/01/2020,09:36:07,337,312.95,75,324.05,75,0,4725
NIFTY30JAN2012450PE.NFO,07/01/2020,09:36:08,337,313.5,150,323.9,75,0,4725
NIFTY30JAN2012450PE.NFO,07/01/2020,09:36:09,337,307.4,75,330.5,75,0,4725
NIFTY30JAN2012450PE.NFO,07/01/2020,09:36:10,337,313.05,75,325.4,75,0,4725
NIFTY30JAN2012450PE.NFO,07/01/2020,09:36:11,337,312.8,75,322.2,75,0,4725
NIFTY30JAN2012450PE.NFO,07/01/2020,09:36:12,337,312.8,75,321.5,75,0,4725
NIFTY30JAN2012450PE.NFO,07/01/2020,09:36:13,337,306.95,75,321.4,75,0,4725
NIFTY30JAN2012450PE.NFO,07/01/2020,09:36:15,337,312.45,75,324.5,75,0,4725
NIFTY30JAN2012450PE.NFO,07/01/2020,09:36:16,337,312.6,75,321.55,75,0,4725
NIFTY30JAN2012450PE.NFO,07/01/2020,09:36:17,337,312.8,75,323,75,0,4725
NIFTY30JAN2012450PE.NFO,07/01/2020,09:36:18,337,312.8,75,322.9,75,0,4725
NIFTY30JAN2012450PE.NFO,07/01/2020,09:36:19,337,312.8,75,324.8,75,0,4725
NIFTY30JAN2012450PE.NFO,07/01/2020,09:36:20,337,312.8,75,323.1,75,0,4725
NIFTY30JAN2012450PE.NFO,07/01/2020,09:36:21,337,312.8,75,322.85,75,0,4725
NIFTY30JAN2012450PE.NFO,07/01/2020,09:36:22,337,313,75,322.85,75,0,4725
NIFTY30JAN2012450PE.NFO,07/01/2020,09:36:23,337,313.25,75,323.8,75,0,4725
NIFTY30JAN2012450PE.NFO,07/01/2020,09:36:24,337,313.05,75,325.25,75,0,4725
NIFTY30JAN2012450PE.NFO,07/01/2020,09:36:25,337,312.85,75,321.85,75,0,4725
NIFTY30JAN2012450PE.NFO,07/01/2020,09:36:27,337,312.85,75,323.05,75,0,4725
NIFTY30JAN2012450PE.NFO,07/01/2020,09:36:28,337,312.85,75,321.35,75,0,4725
NIFTY30JAN2012450PE.NFO,07/01/2020,09:36:28,337,312.85,75,321.55,75,0,4725
NIFTY30JAN2012450PE.NFO,07/01/2020,09:36:29,337,312.85,75,323.05,75,0,4725
NIFTY30JAN2012450PE.NFO,07/01/2020,09:36:30,337,310.2,75,322.3,75,0,4725
NIFTY30JAN2012450PE.NFO,07/01/2020,09:36:32,337,312.6,75,329.55,75,0,4725
NIFTY30JAN2012450PE.NFO,07/01/2020,09:36:33,337,312.6,75,323.35,75,0,4725
NIFTY30JAN2012450PE.NFO,07/01/2020,09:36:34,337,312.6,75,326.45,75,0,4725
NIFTY30JAN2012450PE.NFO,07/01/2020,09:36:35,337,312.6,75,321.45,75,0,4725
NIFTY30JAN2012450PE.NFO,07/01/2020,09:36:36,337,312.6,150,322.8,75,0,4725
NIFTY30JAN2012450PE.NFO,07/01/2020,09:36:37,337,312.6,150,322.7,75,0,4725
NIFTY30JAN2012450PE.NFO,07/01/2020,09:36:38,337,312.6,150,322.6,75,0,4725
NIFTY30JAN2012450PE.NFO,07/01/2020,09:36:40,337,312.6,150,321.9,75,0,4725
NIFTY30JAN2012450PE.NFO,07/01/2020,09:36:41,337,312.5,75,322.55,75,0,4725
NIFTY30JAN2012450PE.NFO,07/01/2020,09:36:42,337,312.5,75,322.5,75,0,4725
NIFTY30JAN2012450PE.NFO,07/01/2020,09:36:43,337,312.5,75,322.4,75,0,4725
NIFTY30JAN2012450PE.NFO,07/01/2020,09:36:45,337,312.3,75,323.25,75,0,4725
NIFTY30JAN2012450PE.NFO,07/01/2020,09:36:45,337,312.3,75,322.4,75,0,4725
NIFTY30JAN2012450PE.NFO,07/01/2020,09:36:46,337,312.3,75,322.45,75,0,4725
NIFTY30JAN2012450PE.NFO,07/01/2020,09:36:47,337,312.3,150,324.3,75,0,4725
NIFTY30JAN2012450PE.NFO,07/01/2020,09:36:48,337,312.45,75,322.5,75,0,4725
NIFTY30JAN2012450PE.NFO,07/01/2020,09:36:49,337,312.3,75,322.7,75,0,4725
NIFTY30JAN2012450PE.NFO,07/01/2020,09:36:51,337,311.75,75,325.7,75,0,4725
NIFTY30JAN2012450PE.NFO,07/01/2020,09:36:52,337,305.55,75,322.5,75,0,4725
NIFTY30JAN2012450PE.NFO,07/01/2020,09:36:53,337,311.05,150,321.7,75,0,4725
NIFTY30JAN2012450PE.NFO,07/01/2020,09:36:54,337,311.15,75,322.55,75,0,4725
NIFTY30JAN2012450PE.NFO,07/01/2020,09:36:55,337,311.15,75,322.4,75,0,4725
NIFTY30JAN2012450PE.NFO,07/01/2020,09:36:56,337,310.15,75,322.35,75,0,4725
NIFTY30JAN2012450PE.NFO,07/01/2020,09:36:57,337,310.85,75,321.85,75,0,4725
NIFTY30JAN2012450PE.NFO,07/01/2020,09:36:58,337,311.25,75,321.8,75,0,4725
NIFTY30JAN2012450PE.NFO,07/01/2020,09:36:59,337,311.25,150,325.2,75,0,4725
NIFTY30JAN2012450PE.NFO,07/01/2020,09:37:00,337,311.25,150,322.1,75,0,4725
NIFTY30JAN2012450PE.NFO,07/01/2020,09:37:03,337,309,75,323.85,75,0,4725
NIFTY30JAN2012450PE.NFO,07/01/2020,09:37:04,337,312,150,322.9,75,0,4725
NIFTY30JAN2012450PE.NFO,07/01/2020,09:37:05,337,312,150,322.2,75,0,4725
NIFTY30JAN2012450PE.NFO,07/01/2020,09:37:06,337,308.3,75,322.35,75,0,4725
NIFTY30JAN2012450PE.NFO,07/01/2020,09:37:08,337,311.35,75,320.05,75,0,4725
NIFTY30JAN2012450PE.NFO,07/01/2020,09:37:09,337,311.35,75,325.55,75,0,4725
NIFTY30JAN2012450PE.NFO,07/01/2020,09:37:10,337,311.35,75,322.7,75,0,4725
NIFTY30JAN2012450PE.NFO,07/01/2020,09:37:11,337,311.35,75,322.45,75,0,4725
NIFTY30JAN2012450PE.NFO,07/01/2020,09:37:12,337,311.35,75,320.7,75,0,4725
NIFTY30JAN2012450PE.NFO,07/01/2020,09:37:13,337,311.55,75,322.2,75,0,4725
NIFTY30JAN2012450PE.NFO,07/01/2020,09:37:14,337,311.1,75,321.7,75,0,4725
NIFTY30JAN2012450PE.NFO,07/01/2020,09:37:15,337,311.45,75,321.45,75,0,4725
NIFTY30JAN2012450PE.NFO,07/01/2020,09:37:17,337,311.15,75,327.75,75,0,4725
NIFTY30JAN2012450PE.NFO,07/01/2020,09:37:17,337,311.3,75,321.55,75,0,4725
NIFTY30JAN2012450PE.NFO,07/01/2020,09:37:18,337,311.3,75,321.4,75,0,4725
NIFTY30JAN2012450PE.NFO,07/01/2020,09:37:19,337,311.3,75,325.05,75,0,4725
NIFTY30JAN2012450PE.NFO,07/01/2020,09:37:20,337,311.3,150,321.1,75,0,4725
NIFTY30JAN2012450PE.NFO,07/01/2020,09:37:21,337,311.3,150,322.35,75,0,4725
NIFTY30JAN2012450PE.NFO,07/01/2020,09:37:24,337,311.3,150,322.25,75,0,4725
NIFTY30JAN2012450PE.NFO,07/01/2020,09:37:25,337,311.3,150,322.15,75,0,4725
NIFTY30JAN2012450PE.NFO,07/01/2020,09:37:26,337,311.3,150,328.65,75,0,4725
NIFTY30JAN2012450PE.NFO,07/01/2020,09:37:28,337,311.3,150,323.75,75,0,4725
NIFTY30JAN2012450PE.NFO,07/01/2020,09:37:29,337,311.3,150,322.85,75,0,4725
NIFTY30JAN2012450PE.NFO,07/01/2020,09:37:30,337,311.3,150,329.55,75,0,4725
NIFTY30JAN2012450PE.NFO,07/01/2020,09:37:31,337,311.3,150,321.75,75,0,4725
NIFTY30JAN2012450PE.NFO,07/01/2020,09:37:32,337,311.3,150,323.1,75,0,4725
NIFTY30JAN2012450PE.NFO,07/01/2020,09:37:33,337,311.3,150,321.7,75,0,4725
NIFTY30JAN2012450PE.NFO,07/01/2020,09:37:34,337,311.3,150,323.15,75,0,4725
NIFTY30JAN2012450PE.NFO,07/01/2020,09:37:38,337,311.3,150,322.85,75,0,4725
NIFTY30JAN2012450PE.NFO,07/01/2020,09:37:42,337,311.3,150,322.5,75,0,4725
NIFTY30JAN2012450PE.NFO,07/01/2020,09:37:43,337,311.3,150,322.3,75,0,4725
NIFTY30JAN2012450PE.NFO,07/01/2020,09:37:49,337,311.3,150,322.05,75,0,4725
NIFTY30JAN2012450PE.NFO,07/01/2020,09:37:50,337,311.3,150,322.4,75,0,4725
NIFTY30JAN2012450PE.NFO,07/01/2020,09:37:50,337,311.3,150,322.25,75,0,4725
NIFTY30JAN2012450PE.NFO,07/01/2020,09:37:53,337,311.3,150,323.15,75,0,4725
NIFTY30JAN2012450PE.NFO,07/01/2020,09:37:53,337,311.3,150,320.8,75,0,4725
NIFTY30JAN2012450PE.NFO,07/01/2020,09:37:55,337,311.3,150,322.8,75,0,4725
NIFTY30JAN2012450PE.NFO,07/01/2020,09:37:56,337,312.2,75,323.25,75,0,4725
NIFTY30JAN2012450PE.NFO,07/01/2020,09:37:57,337,312.7,75,323.05,75,0,4725
NIFTY30JAN2012450PE.NFO,07/01/2020,09:37:58,337,312.25,75,322.1,75,0,4725
NIFTY30JAN2012450PE.NFO,07/01/2020,09:37:59,337,312.25,75,323.45,75,0,4725
NIFTY30JAN2012450PE.NFO,07/01/2020,09:38:00,337,312.25,75,323.35,75,0,4725
NIFTY30JAN2012450PE.NFO,07/01/2020,09:38:01,337,312.25,75,323.65,75,0,4725
NIFTY30JAN2012450PE.NFO,07/01/2020,09:38:02,337,312.35,75,321.75,75,0,4725
NIFTY30JAN2012450PE.NFO,07/01/2020,09:38:03,337,312.35,75,323.25,75,0,4725
NIFTY30JAN2012450PE.NFO,07/01/2020,09:38:04,337,312.35,75,321.65,75,0,4725
NIFTY30JAN2012450PE.NFO,07/01/2020,09:38:05,337,312.35,75,323.55,75,0,4725
NIFTY30JAN2012450PE.NFO,07/01/2020,09:38:07,337,312.35,75,323.25,75,0,4725
NIFTY30JAN2012450PE.NFO,07/01/2020,09:38:08,337,309.8,75,322.5,75,0,4725
NIFTY30JAN2012450PE.NFO,07/01/2020,09:38:10,337,312.45,75,321.85,75,0,4725
NIFTY30JAN2012450PE.NFO,07/01/2020,09:38:11,337,312.45,75,323.3,75,0,4725
NIFTY30JAN2012450PE.NFO,07/01/2020,09:38:12,337,312.85,75,323.55,75,0,4725
NIFTY30JAN2012450PE.NFO,07/01/2020,09:38:13,337,312.25,75,323.3,75,0,4725
NIFTY30JAN2012450PE.NFO,07/01/2020,09:38:13,337,312.25,75,324.85,75,0,4725
NIFTY30JAN2012450PE.NFO,07/01/2020,09:38:14,337,312.25,75,321.75,75,0,4725
NIFTY30JAN2012450PE.NFO,07/01/2020,09:38:15,337,312.25,150,323.3,75,0,4725
NIFTY30JAN2012450PE.NFO,07/01/2020,09:38:16,337,312.25,150,323.95,75,0,4725
NIFTY30JAN2012450PE.NFO,07/01/2020,09:38:17,337,312.25,150,323.1,75,0,4725
NIFTY30JAN2012450PE.NFO,07/01/2020,09:38:18,337,312.25,150,324,75,0,4725
NIFTY30JAN2012450PE.NFO,07/01/2020,09:38:19,337,312.6,150,322.4,75,0,4725
NIFTY30JAN2012450PE.NFO,07/01/2020,09:38:20,337,312.6,150,321.05,75,0,4725
NIFTY30JAN2012450PE.NFO,07/01/2020,09:38:21,337,312.6,75,322.85,75,0,4725
NIFTY30JAN2012450PE.NFO,07/01/2020,09:38:22,337,312.25,75,321.05,75,0,4725
NIFTY30JAN2012450PE.NFO,07/01/2020,09:38:23,337,312.45,75,322.5,75,0,4725
NIFTY30JAN2012450PE.NFO,07/01/2020,09:38:24,337,312.45,150,325.1,75,0,4725
NIFTY30JAN2012450PE.NFO,07/01/2020,09:38:25,337,313.1,75,323.7,75,0,4725
NIFTY30JAN2012450PE.NFO,07/01/2020,09:38:27,337,313.1,75,322.4,75,0,4725
NIFTY30JAN2012450PE.NFO,07/01/2020,09:38:28,337,313.1,75,323.95,75,0,4725
NIFTY30JAN2012450PE.NFO,07/01/2020,09:38:29,337,313.35,150,324.75,75,0,4725
NIFTY30JAN2012450PE.NFO,07/01/2020,09:38:30,337,313.65,75,323.95,75,0,4725
NIFTY30JAN2012450PE.NFO,07/01/2020,09:38:31,337,313.25,150,322.55,75,0,4725
NIFTY30JAN2012450PE.NFO,07/01/2020,09:38:32,337,313.25,150,323.95,75,0,4725
NIFTY30JAN2012450PE.NFO,07/01/2020,09:38:34,337,313.25,150,324.85,75,0,4725
NIFTY30JAN2012450PE.NFO,07/01/2020,09:38:35,337,313.25,150,324.1,75,0,4725
NIFTY30JAN2012450PE.NFO,07/01/2020,09:38:37,337,313.25,150,323.7,75,0,4725
NIFTY30JAN2012450PE.NFO,07/01/2020,09:38:38,337,313.25,150,324.4,75,0,4725
NIFTY30JAN2012450PE.NFO,07/01/2020,09:38:39,337,313.25,150,322.7,75,0,4725
NIFTY30JAN2012450PE.NFO,07/01/2020,09:38:40,337,313.25,150,322.8,75,0,4725
NIFTY30JAN2012450PE.NFO,07/01/2020,09:38:41,337,314.5,75,326.05,75,0,4725
NIFTY30JAN2012450PE.NFO,07/01/2020,09:38:42,337,313.4,75,324.4,75,0,4725
NIFTY30JAN2012450PE.NFO,07/01/2020,09:38:43,337,313.95,75,324.4,75,0,4725
NIFTY30JAN2012450PE.NFO,07/01/2020,09:38:44,337,313.95,150,324.4,75,0,4725
NIFTY30JAN2012450PE.NFO,07/01/2020,09:38:45,337,313.95,150,324.3,75,0,4725
NIFTY30JAN2012450PE.NFO,07/01/2020,09:38:46,337,313.95,150,332.15,75,0,4725
NIFTY30JAN2012450PE.NFO,07/01/2020,09:38:47,337,315.4,75,326.15,75,0,4725
NIFTY30JAN2012450PE.NFO,07/01/2020,09:38:48,337,315.4,75,325.8,75,0,4725
NIFTY30JAN2012450PE.NFO,07/01/2020,09:38:51,337,312.6,75,324,75,0,4725
NIFTY30JAN2012450PE.NFO,07/01/2020,09:38:52,337,314.7,75,325.35,75,0,4725
NIFTY30JAN2012450PE.NFO,07/01/2020,09:38:54,337,314.5,75,326.05,75,0,4725
NIFTY30JAN2012450PE.NFO,07/01/2020,09:38:55,337,314.5,75,325.8,75,0,4725
NIFTY30JAN2012450PE.NFO,07/01/2020,09:38:56,337,314.5,75,326.05,75,0,4725
NIFTY30JAN2012450PE.NFO,07/01/2020,09:38:57,337,314.2,75,323.85,75,0,4725
NIFTY30JAN2012450PE.NFO,07/01/2020,09:38:58,337,314.4,150,325.35,75,0,4725
NIFTY30JAN2012450PE.NFO,07/01/2020,09:39:00,337,311.85,75,325.9,75,0,4725
NIFTY30JAN2012450PE.NFO,07/01/2020,09:39:01,337,314.45,75,325.45,75,0,4725
NIFTY30JAN2012450PE.NFO,07/01/2020,09:39:02,337,313.85,75,325.3,75,0,4725
NIFTY30JAN2012450PE.NFO,07/01/2020,09:39:04,337,313.6,75,325.3,75,0,4725
NIFTY30JAN2012450PE.NFO,07/01/2020,09:39:05,337,313.75,150,326.95,75,0,4725
NIFTY30JAN2012450PE.NFO,07/01/2020,09:39:06,337,314.9,75,323.9,75,0,4725
NIFTY30JAN2012450PE.NFO,07/01/2020,09:39:07,337,314.1,75,326.9,75,0,4725
NIFTY30JAN2012450PE.NFO,07/01/2020,09:39:08,337,314.85,150,325.7,75,0,4725
NIFTY30JAN2012450PE.NFO,07/01/2020,09:39:09,337,314.85,150,331.5,75,0,4725
NIFTY30JAN2012450PE.NFO,07/01/2020,09:39:10,337,314.85,150,325.9,75,0,4725
NIFTY30JAN2012450PE.NFO,07/01/2020,09:39:11,337,314.85,150,323.7,75,0,4725
NIFTY30JAN2012450PE.NFO,07/01/2020,09:39:13,337,313.05,75,324.75,75,0,4725
NIFTY30JAN2012450PE.NFO,07/01/2020,09:39:14,337,311.75,75,324.3,75,0,4725
NIFTY30JAN2012450PE.NFO,07/01/2020,09:39:15,337,313.2,75,323.95,75,0,4725
NIFTY30JAN2012450PE.NFO,07/01/2020,09:39:16,337,312.7,75,321.95,75,0,4725
NIFTY30JAN2012450PE.NFO,07/01/2020,09:39:17,337,312.7,150,326.3,75,0,4725
NIFTY30JAN2012450PE.NFO,07/01/2020,09:39:18,337,312.7,150,323.25,75,0,4725
NIFTY30JAN2012450PE.NFO,07/01/2020,09:39:19,337,311.5,75,323.05,75,0,4725
NIFTY30JAN2012450PE.NFO,07/01/2020,09:39:20,337,312,75,322.7,75,0,4725
NIFTY30JAN2012450PE.NFO,07/01/2020,09:39:21,337,312,75,324.2,75,0,4725
NIFTY30JAN2012450PE.NFO,07/01/2020,09:39:22,337,312,75,321.45,75,0,4725
NIFTY30JAN2012450PE.NFO,07/01/2020,09:39:23,337,312,75,329.35,75,0,4725
NIFTY30JAN2012450PE.NFO,07/01/2020,09:39:24,337,312,75,322.8,75,0,4725
NIFTY30JAN2012450PE.NFO,07/01/2020,09:39:25,337,311.25,75,322.55,75,0,4725
NIFTY30JAN2012450PE.NFO,07/01/2020,09:39:26,337,311.25,75,321,75,0,4725
NIFTY30JAN2012450PE.NFO,07/01/2020,09:39:28,337,311.25,75,320.8,75,0,4725
NIFTY30JAN2012450PE.NFO,07/01/2020,09:39:29,337,311.25,75,320.55,75,0,4725
NIFTY30JAN2012450PE.NFO,07/01/2020,09:39:30,337,311.35,75,321.75,75,0,4725
NIFTY30JAN2012450PE.NFO,07/01/2020,09:39:31,337,311.5,75,322.15,150,0,4725
NIFTY30JAN2012450PE.NFO,07/01/2020,09:39:32,337,311.5,75,320.35,75,0,4725
NIFTY30JAN2012450PE.NFO,07/01/2020,09:39:34,337,311.55,150,322.15,75,0,4725
NIFTY30JAN2012450PE.NFO,07/01/2020,09:39:35,337,311.55,150,322.1,75,0,4725
NIFTY30JAN2012450PE.NFO,07/01/2020,09:39:35,337,311.55,150,322.05,75,0,4725
NIFTY30JAN2012450PE.NFO,07/01/2020,09:39:36,337,311.55,150,321.8,75,0,4725
NIFTY30JAN2012450PE.NFO,07/01/2020,09:39:40,337,311.55,75,321.8,75,0,4725
NIFTY30JAN2012450PE.NFO,07/01/2020,09:39:41,337,311.55,150,321.8,75,0,4725
NIFTY30JAN2012450PE.NFO,07/01/2020,09:39:42,337,311.55,75,321.8,75,0,4725
NIFTY30JAN2012450PE.NFO,07/01/2020,09:39:42,337,311.85,75,321.8,75,0,4725
NIFTY30JAN2012450PE.NFO,07/01/2020,09:39:44,337,312.3,75,321.8,75,0,4725
NIFTY30JAN2012450PE.NFO,07/01/2020,09:39:46,337,312.3,75,321.45,75,0,4725
NIFTY30JAN2012450PE.NFO,07/01/2020,09:39:47,337,312.3,75,321.3,75,0,4725
NIFTY30JAN2012450PE.NFO,07/01/2020,09:39:50,337,312.3,75,321.2,75,0,4725
NIFTY30JAN2012450PE.NFO,07/01/2020,09:39:51,337,312.3,75,324.25,75,0,4725
NIFTY30JAN2012450PE.NFO,07/01/2020,09:39:52,337,312.3,75,319.75,75,0,4725
NIFTY30JAN2012450PE.NFO,07/01/2020,09:39:53,337,312.3,75,322.9,150,0,4725
NIFTY30JAN2012450PE.NFO,07/01/2020,09:39:54,337,312.3,75,319.85,75,0,4725
NIFTY30JAN2012450PE.NFO,07/01/2020,09:39:55,337,312.3,75,321.4,75,0,4725
NIFTY30JAN2012450PE.NFO,07/01/2020,09:39:57,337,312.3,75,321.3,75,0,4725
NIFTY30JAN2012450PE.NFO,07/01/2020,09:39:59,337,312.3,75,324.05,75,0,4725
NIFTY30JAN2012450PE.NFO,07/01/2020,09:40:01,337,309.95,75,321.9,75,0,4725
NIFTY30JAN2012450PE.NFO,07/01/2020,09:40:02,337,309.95,75,320.95,75,0,4725
NIFTY30JAN2012450PE.NFO,07/01/2020,09:40:03,337,309.95,75,318.15,75,0,4725
NIFTY30JAN2012450PE.NFO,07/01/2020,09:40:04,337,309.95,75,319.45,75,0,4725
NIFTY30JAN2012450PE.NFO,07/01/2020,09:40:06,337,307.85,75,319.35,75,0,4725
NIFTY30JAN2012450PE.NFO,07/01/2020,09:40:07,337,301.3,75,318.45,75,0,4725
NIFTY30JAN2012450PE.NFO,07/01/2020,09:40:08,337,307.1,75,316.4,75,0,4725
NIFTY30JAN2012450PE.NFO,07/01/2020,09:40:10,337,306.9,75,316.65,75,0,4725
NIFTY30JAN2012450PE.NFO,07/01/2020,09:40:11,337,306.8,75,318.4,75,0,4725
NIFTY30JAN2012450PE.NFO,07/01/2020,09:40:12,337,307.05,75,317.9,75,0,4725
NIFTY30JAN2012450PE.NFO,07/01/2020,09:40:13,337,307.05,75,317.8,75,0,4725
NIFTY30JAN2012450PE.NFO,07/01/2020,09:40:14,337,307.25,75,317.75,75,0,4725
NIFTY30JAN2012450PE.NFO,07/01/2020,09:40:15,337,307.65,75,317.5,75,0,4725
NIFTY30JAN2012450PE.NFO,07/01/2020,09:40:16,337,305.8,75,321.15,75,0,4725
NIFTY30JAN2012450PE.NFO,07/01/2020,09:40:18,337,307.7,75,318.15,75,0,4725
NIFTY30JAN2012450PE.NFO,07/01/2020,09:40:19,337,308.8,150,319.6,75,0,4725
NIFTY30JAN2012450PE.NFO,07/01/2020,09:40:20,337,309.6,75,320.95,75,0,4725
NIFTY30JAN2012450PE.NFO,07/01/2020,09:40:21,337,309.8,75,321,75,0,4725
NIFTY30JAN2012450PE.NFO,07/01/2020,09:40:22,337,309.8,75,320.75,75,0,4725
NIFTY30JAN2012450PE.NFO,07/01/2020,09:40:23,337,309.8,75,320.45,75,0,4725
NIFTY30JAN2012450PE.NFO,07/01/2020,09:40:24,337,309.8,75,318.2,75,0,4725
NIFTY30JAN2012450PE.NFO,07/01/2020,09:40:26,337,309.8,75,319.7,75,0,4725
NIFTY30JAN2012450PE.NFO,07/01/2020,09:40:27,337,309.8,75,319.65,75,0,4725
NIFTY30JAN2012450PE.NFO,07/01/2020,09:40:28,337,309.8,75,318.1,75,0,4725
NIFTY30JAN2012450PE.NFO,07/01/2020,09:40:29,337,309.8,75,319.5,75,0,4725
NIFTY30JAN2012450PE.NFO,07/01/2020,09:40:31,337,309.8,75,319.6,75,0,4725
NIFTY30JAN2012450PE.NFO,07/01/2020,09:40:32,337,309.8,75,320.3,75,0,4725
NIFTY30JAN2012450PE.NFO,07/01/2020,09:40:33,337,309.8,75,320.7,75,0,4725
NIFTY30JAN2012450PE.NFO,07/01/2020,09:40:34,337,309.9,75,321.1,75,0,4725
NIFTY30JAN2012450PE.NFO,07/01/2020,09:40:35,337,309.9,75,320.65,75,0,4725
NIFTY30JAN2012450PE.NFO,07/01/2020,09:40:36,337,309.9,75,320.4,75,0,4725
NIFTY30JAN2012450PE.NFO,07/01/2020,09:40:39,337,309.9,75,318.9,75,0,4725
NIFTY30JAN2012450PE.NFO,07/01/2020,09:40:41,337,309.9,75,320,75,0,4725
NIFTY30JAN2012450PE.NFO,07/01/2020,09:40:42,337,308.45,75,318,75,0,4725
NIFTY30JAN2012450PE.NFO,07/01/2020,09:40:43,337,305.9,75,319.55,75,0,4725
NIFTY30JAN2012450PE.NFO,07/01/2020,09:40:44,337,308.8,150,318.3,75,0,4725
NIFTY30JAN2012450PE.NFO,07/01/2020,09:40:47,337,308.8,150,318.15,75,0,4725
NIFTY30JAN2012450PE.NFO,07/01/2020,09:40:47,337,308.8,150,318.2,75,0,4725
NIFTY30JAN2012450PE.NFO,07/01/2020,09:40:49,337,308.8,150,321.25,75,0,4725
NIFTY30JAN2012450PE.NFO,07/01/2020,09:40:50,337,308.8,150,318.2,75,0,4725
NIFTY30JAN2012450PE.NFO,07/01/2020,09:40:51,337,308.85,75,318.25,75,0,4725
NIFTY30JAN2012450PE.NFO,07/01/2020,09:40:52,337,309.4,75,319.5,75,0,4725
NIFTY30JAN2012450PE.NFO,07/01/2020,09:40:53,337,309.3,150,321,75,0,4725
NIFTY30JAN2012450PE.NFO,07/01/2020,09:40:54,337,309.3,150,319.45,75,0,4725
NIFTY30JAN2012450PE.NFO,07/01/2020,09:40:55,337,309.55,75,319.75,75,0,4725
NIFTY30JAN2012450PE.NFO,07/01/2020,09:40:56,337,309.55,75,318.55,75,0,4725
NIFTY30JAN2012450PE.NFO,07/01/2020,09:40:57,337,309.9,75,320,75,0,4725
NIFTY30JAN2012450PE.NFO,07/01/2020,09:40:58,337,309.9,75,319.1,75,0,4725
NIFTY30JAN2012450PE.NFO,07/01/2020,09:40:59,337,309.9,75,320.15,75,0,4725
NIFTY30JAN2012450PE.NFO,07/01/2020,09:41:01,337,310.05,150,318.8,75,0,4725
NIFTY30JAN2012450PE.NFO,07/01/2020,09:41:02,337,310.05,75,318.65,75,0,4725
NIFTY30JAN2012450PE.NFO,07/01/2020,09:41:03,337,310.05,75,320.85,150,0,4725
NIFTY30JAN2012450PE.NFO,07/01/2020,09:41:04,337,310.05,75,320.1,75,0,4725
NIFTY30JAN2012450PE.NFO,07/01/2020,09:41:05,337,310.35,75,320.5,75,0,4725
NIFTY30JAN2012450PE.NFO,07/01/2020,09:41:06,337,310.35,75,320.15,75,0,4725
NIFTY30JAN2012450PE.NFO,07/01/2020,09:41:08,337,310.35,150,320.8,75,0,4725
NIFTY30JAN2012450PE.NFO,07/01/2020,09:41:09,337,310.35,150,319.25,75,0,4725
NIFTY30JAN2012450PE.NFO,07/01/2020,09:41:10,337,310.35,150,320.65,75,0,4725
NIFTY30JAN2012450PE.NFO,07/01/2020,09:41:11,337,310.9,150,322.7,75,0,4725
NIFTY30JAN2012450PE.NFO,07/01/2020,09:41:12,337,310.9,75,319.15,75,0,4725
NIFTY30JAN2012450PE.NFO,07/01/2020,09:41:13,337,310.9,75,319.5,75,0,4725
NIFTY30JAN2012450PE.NFO,07/01/2020,09:41:14,337,310.9,75,320.65,75,0,4725
NIFTY30JAN2012450PE.NFO,07/01/2020,09:41:15,337,310.9,75,319.9,75,0,4725
NIFTY30JAN2012450PE.NFO,07/01/2020,09:41:17,337,310.9,75,321.45,75,0,4725
NIFTY30JAN2012450PE.NFO,07/01/2020,09:41:18,337,310.9,75,320.55,75,0,4725
NIFTY30JAN2012450PE.NFO,07/01/2020,09:41:19,337,310.9,75,320.4,75,0,4725
NIFTY30JAN2012450PE.NFO,07/01/2020,09:41:20,337,310.9,75,321.1,75,0,4725
NIFTY30JAN2012450PE.NFO,07/01/2020,09:41:21,337,310.9,75,323.4,75,0,4725
NIFTY30JAN2012450PE.NFO,07/01/2020,09:41:22,337,310.9,75,318.75,75,0,4725
NIFTY30JAN2012450PE.NFO,07/01/2020,09:41:23,337,310.9,75,319.05,75,0,4725
