Ticker,Date,Time,LTP,BuyPrice,BuyQty,SellPrice,SellQty,LTQ,OpenInterest
NIFTY26MAR2010000CE.NFO,07/01/2020,09:17:10,2220.1,2202.55,75,2220.1,675,75,1136325
NIFTY26MAR2010000CE.NFO,07/01/2020,09:17:10,2220.1,2202.55,75,2220.1,675,0,1136325
NIFTY26MAR2010000CE.NFO,07/01/2020,09:17:10,2220.1,2202.55,75,2220.1,675,0,1136325
NIFTY26MAR2010000CE.NFO,07/01/2020,09:17:10,2220.1,2202.55,75,2220.1,675,0,1136325
NIFTY26MAR2010000CE.NFO,07/01/2020,09:17:11,2220.1,2203.65,75,2220.1,675,0,1136325
NIFTY26MAR2010000CE.NFO,07/01/2020,09:17:12,2220.1,2208.95,375,2220.1,675,0,1136325
NIFTY26MAR2010000CE.NFO,07/01/2020,09:17:14,2220.1,2209.05,75,2220.1,675,0,1136325
NIFTY26MAR2010000CE.NFO,07/01/2020,09:17:17,2220.1,2209.05,150,2220.1,675,0,1136325
NIFTY26MAR2010000CE.NFO,07/01/2020,09:17:18,2220.1,2209.15,75,2220.1,675,0,1136325
NIFTY26MAR2010000CE.NFO,07/01/2020,09:17:19,2220.1,2209.15,300,2220.1,675,0,1136325
NIFTY26MAR2010000CE.NFO,07/01/2020,09:17:20,2220.1,2209.25,75,2220.1,675,0,1136325
NIFTY26MAR2010000CE.NFO,07/01/2020,09:17:23,2220.1,2209.3,75,2220.1,675,0,1136325
NIFTY26MAR2010000CE.NFO,07/01/2020,09:17:24,2220.1,2209.45,75,2220.1,675,0,1136325
NIFTY26MAR2010000CE.NFO,07/01/2020,09:17:27,2220.1,2209.65,75,2220.1,675,0,1136325
NIFTY26MAR2010000CE.NFO,07/01/2020,09:17:29,2220.1,2209.65,75,2220.1,525,150,1136325
NIFTY26MAR2010000CE.NFO,07/01/2020,09:17:30,2220.1,2209.75,150,2220.1,525,0,1136325
NIFTY26MAR2010000CE.NFO,07/01/2020,09:17:31,2220.1,2209.85,75,2220.1,525,0,1136325
NIFTY26MAR2010000CE.NFO,07/01/2020,09:17:33,2220.1,2209.85,75,2228.1,525,0,1136325
NIFTY26MAR2010000CE.NFO,07/01/2020,09:17:35,2220.1,2209.95,225,2228.1,525,0,1136325
NIFTY26MAR2010000CE.NFO,07/01/2020,09:17:38,2220.1,2210.05,225,2228.1,525,0,1136325
NIFTY26MAR2010000CE.NFO,07/01/2020,09:17:41,2220.1,2210.15,150,2228.1,525,0,1136325
NIFTY26MAR2010000CE.NFO,07/01/2020,09:17:42,2220.1,2210.15,225,2228.1,525,0,1136325
NIFTY26MAR2010000CE.NFO,07/01/2020,09:17:45,2220.1,2210.25,150,2228.1,525,0,1136325
NIFTY26MAR2010000CE.NFO,07/01/2020,09:17:47,2220.1,2210.25,225,2228.1,525,0,1136325
NIFTY26MAR2010000CE.NFO,07/01/2020,09:17:50,2220.1,2210.35,75,2228.1,525,0,1136325
NIFTY26MAR2010000CE.NFO,07/01/2020,09:17:51,2220.1,2210.35,225,2228.1,525,0,1136325
NIFTY26MAR2010000CE.NFO,07/01/2020,09:17:54,2220.1,2210.45,225,2228.1,525,0,1136325
NIFTY26MAR2010000CE.NFO,07/01/2020,09:17:57,2220.1,2210.55,225,2228.1,525,0,1136325
NIFTY26MAR2010000CE.NFO,07/01/2020,09:18:01,2220.1,2210.65,225,2228.1,525,0,1136325
NIFTY26MAR2010000CE.NFO,07/01/2020,09:18:04,2220.1,2210.75,225,2228.1,525,0,1136325
NIFTY26MAR2010000CE.NFO,07/01/2020,09:18:07,2220.1,2210.85,225,2228.1,525,0,1136325
NIFTY26MAR2010000CE.NFO,07/01/2020,09:18:09,2220.1,2210.95,75,2228.1,525,0,1136325
NIFTY26MAR2010000CE.NFO,07/01/2020,09:18:10,2220.1,2210.85,225,2228.1,525,0,1136325
NIFTY26MAR2010000CE.NFO,07/01/2020,09:18:11,2220.1,2210.95,225,2228.1,525,0,1136325
NIFTY26MAR2010000CE.NFO,07/01/2020,09:18:13,2220.1,2211.05,75,2228.1,525,0,1136325
NIFTY26MAR2010000CE.NFO,07/01/2020,09:18:15,2220.1,2211.15,75,2228.1,525,0,1136325
NIFTY26MAR2010000CE.NFO,07/01/2020,09:18:18,2220.1,2211.15,450,2228.1,525,0,1136325
NIFTY26MAR2010000CE.NFO,07/01/2020,09:18:19,2220.1,2211.2,150,2228.1,525,0,1136325
NIFTY26MAR2010000CE.NFO,07/01/2020,09:18:21,2220.1,2211.3,75,2228.1,525,0,1136325
NIFTY26MAR2010000CE.NFO,07/01/2020,09:18:23,2220.1,2211.4,75,2228.1,525,0,1136325
NIFTY26MAR2010000CE.NFO,07/01/2020,09:18:26,2220.1,2211.5,75,2228.1,525,0,1136325
NIFTY26MAR2010000CE.NFO,07/01/2020,09:18:29,2220.1,2211.6,75,2228.1,525,0,1136325
NIFTY26MAR2010000CE.NFO,07/01/2020,09:18:33,2220.1,2211.7,150,2228.1,525,0,1136325
NIFTY26MAR2010000CE.NFO,07/01/2020,09:18:35,2220.1,2211.7,150,2225,75,0,1136325
NIFTY26MAR2010000CE.NFO,07/01/2020,09:18:37,2220.1,2211.8,75,2225,75,0,1136325
NIFTY26MAR2010000CE.NFO,07/01/2020,09:18:38,2220.1,2211.8,225,2225,75,0,1136325
NIFTY26MAR2010000CE.NFO,07/01/2020,09:18:41,2220.1,2211.9,225,2225,75,0,1136325
NIFTY26MAR2010000CE.NFO,07/01/2020,09:18:46,2220.1,2212,225,2225,75,0,1136325
NIFTY26MAR2010000CE.NFO,07/01/2020,09:18:50,2220.1,2212.1,225,2225,75,0,1136325
NIFTY26MAR2010000CE.NFO,07/01/2020,09:18:53,2220.1,2212.2,225,2225,75,0,1136325
NIFTY26MAR2010000CE.NFO,07/01/2020,09:18:54,2220.1,2212.2,150,2225,75,0,1136325
NIFTY26MAR2010000CE.NFO,07/01/2020,09:18:58,2220.1,2212.3,150,2225,75,0,1136325
NIFTY26MAR2010000CE.NFO,07/01/2020,09:19:01,2220.1,2205.6,75,2225,75,0,1136325
NIFTY26MAR2010000CE.NFO,07/01/2020,09:19:02,2220.1,2204.6,75,2225,75,0,1136325
NIFTY26MAR2010000CE.NFO,07/01/2020,09:19:05,2220.1,2205.7,300,2225,75,0,1136325
NIFTY26MAR2010000CE.NFO,07/01/2020,09:19:09,2220.1,2205.8,150,2225,75,0,1136325
NIFTY26MAR2010000CE.NFO,07/01/2020,09:19:12,2220.1,2205.8,450,2225,75,0,1136325
NIFTY26MAR2010000CE.NFO,07/01/2020,09:19:13,2220.1,2205.9,75,2225,75,0,1136325
NIFTY26MAR2010000CE.NFO,07/01/2020,09:19:16,2220.1,2206,75,2225,75,0,1136325
NIFTY26MAR2010000CE.NFO,07/01/2020,09:19:17,2220.1,2206,150,2225,75,0,1136325
NIFTY26MAR2010000CE.NFO,07/01/2020,09:19:19,2220.1,2206,450,2225,75,0,1136325
NIFTY26MAR2010000CE.NFO,07/01/2020,09:19:20,2220.1,2206.1,225,2225,75,0,1136325
NIFTY26MAR2010000CE.NFO,07/01/2020,09:19:21,2220.1,2206.2,75,2225,75,0,1136325
NIFTY26MAR2010000CE.NFO,07/01/2020,09:19:25,2220.1,2206.3,75,2225,75,0,1136325
NIFTY26MAR2010000CE.NFO,07/01/2020,09:19:27,2220.1,2206.35,75,2225,75,0,1136325
NIFTY26MAR2010000CE.NFO,07/01/2020,09:19:28,2220.1,2206.4,75,2225,75,0,1136325
NIFTY26MAR2010000CE.NFO,07/01/2020,09:19:31,2220.1,2206.35,150,2225,75,0,1136325
NIFTY26MAR2010000CE.NFO,07/01/2020,09:19:32,2220.1,2206.45,300,2225,75,0,1136325
NIFTY26MAR2010000CE.NFO,07/01/2020,09:19:33,2220.1,2206.6,75,2225,75,0,1136325
NIFTY26MAR2010000CE.NFO,07/01/2020,09:19:34,2220.1,2206.5,150,2225,75,0,1136325
NIFTY26MAR2010000CE.NFO,07/01/2020,09:19:35,2220.1,2206.5,450,2225,75,0,1136325
NIFTY26MAR2010000CE.NFO,07/01/2020,09:19:36,2220.1,2206.55,150,2225,75,0,1136325
NIFTY26MAR2010000CE.NFO,07/01/2020,09:19:39,2220.1,2206.6,150,2225,75,0,1136325
NIFTY26MAR2010000CE.NFO,07/01/2020,09:19:40,2220.1,2206.6,300,2225,75,0,1136325
NIFTY26MAR2010000CE.NFO,07/01/2020,09:19:43,2220.1,2206.65,300,2225,75,0,1136325
NIFTY26MAR2010000CE.NFO,07/01/2020,09:19:45,2220.1,2206.7,150,2225,75,0,1136325
NIFTY26MAR2010000CE.NFO,07/01/2020,09:19:47,2220.1,2206.8,75,2225,75,0,1136325
NIFTY26MAR2010000CE.NFO,07/01/2020,09:19:49,2220.1,2206.75,150,2225,75,0,1136325
NIFTY26MAR2010000CE.NFO,07/01/2020,09:19:51,2220.1,2206.85,75,2225,75,0,1136325
NIFTY26MAR2010000CE.NFO,07/01/2020,09:19:52,2220.1,2207,75,2225,75,0,1136325
NIFTY26MAR2010000CE.NFO,07/01/2020,09:19:56,2220.1,2207.1,150,2225,75,0,1136325
NIFTY26MAR2010000CE.NFO,07/01/2020,09:19:59,2220.1,2207.1,450,2225,75,0,1136325
NIFTY26MAR2010000CE.NFO,07/01/2020,09:20:00,2220.1,2207.1,300,2225,75,0,1136325
NIFTY26MAR2010000CE.NFO,07/01/2020,09:20:01,2220.1,2207.2,75,2225,75,0,1136325
NIFTY26MAR2010000CE.NFO,07/01/2020,09:20:02,2220.1,2207.25,75,2225,75,0,1136325
NIFTY26MAR2010000CE.NFO,07/01/2020,09:20:03,2220.1,2207.3,75,2225,75,0,1136325
NIFTY26MAR2010000CE.NFO,07/01/2020,09:20:06,2220.1,2207.35,300,2225,75,0,1136325
NIFTY26MAR2010000CE.NFO,07/01/2020,09:20:07,2220.1,2207.45,75,2225,75,0,1136325
NIFTY26MAR2010000CE.NFO,07/01/2020,09:20:09,2220.1,2207.5,75,2225,75,0,1136325
NIFTY26MAR2010000CE.NFO,07/01/2020,09:20:12,2220.1,2207.65,75,2225,75,0,1136325
NIFTY26MAR2010000CE.NFO,07/01/2020,09:20:14,2220.1,2207.7,75,2225,75,0,1136325
NIFTY26MAR2010000CE.NFO,07/01/2020,09:20:18,2220.1,2207.85,75,2225,75,0,1136325
NIFTY26MAR2010000CE.NFO,07/01/2020,09:20:21,2220.1,2207.9,75,2225,75,0,1136325
NIFTY26MAR2010000CE.NFO,07/01/2020,09:20:24,2220.1,2208.05,75,2225,75,0,1136325
NIFTY26MAR2010000CE.NFO,07/01/2020,09:20:26,2220.1,2208.1,75,2225,75,0,1136325
NIFTY26MAR2010000CE.NFO,07/01/2020,09:20:29,2220.1,2208.25,75,2225,75,0,1136325
NIFTY26MAR2010000CE.NFO,07/01/2020,09:20:31,2220.1,2208.3,75,2225,75,0,1136325
NIFTY26MAR2010000CE.NFO,07/01/2020,09:20:35,2220.1,2208.5,75,2225,75,0,1136325
NIFTY26MAR2010000CE.NFO,07/01/2020,09:20:38,2220.1,2208.6,150,2225,75,0,1136325
NIFTY26MAR2010000CE.NFO,07/01/2020,09:20:39,2220.1,2208.7,75,2225,75,0,1136325
NIFTY26MAR2010000CE.NFO,07/01/2020,09:20:42,2220.1,2208.9,75,2225,75,0,1136325
NIFTY26MAR2010000CE.NFO,07/01/2020,09:20:47,2220.1,2209.1,75,2225,75,0,1136325
NIFTY26MAR2010000CE.NFO,07/01/2020,09:20:51,2220.1,2209.3,75,2225,75,0,1136325
NIFTY26MAR2010000CE.NFO,07/01/2020,09:20:55,2220.1,2209.5,75,2225,75,0,1136325
NIFTY26MAR2010000CE.NFO,07/01/2020,09:20:58,2220.1,2209.6,300,2225,75,0,1136325
NIFTY26MAR2010000CE.NFO,07/01/2020,09:21:00,2220.1,2209.7,75,2225,75,0,1136325
NIFTY26MAR2010000CE.NFO,07/01/2020,09:21:02,2220.1,2209.7,450,2225,75,0,1136325
NIFTY26MAR2010000CE.NFO,07/01/2020,09:21:03,2220.1,2209.8,75,2225,75,0,1136325
NIFTY26MAR2010000CE.NFO,07/01/2020,09:21:07,2220.1,2209.9,75,2225,75,0,1136325
NIFTY26MAR2010000CE.NFO,07/01/2020,09:21:10,2220.1,2209.95,150,2225,75,0,1136325
NIFTY26MAR2010000CE.NFO,07/01/2020,09:21:11,2220.1,2210.05,75,2225,75,0,1136325
NIFTY26MAR2010000CE.NFO,07/01/2020,09:21:14,2220.1,2210.1,75,2225,75,0,1136325
NIFTY26MAR2010000CE.NFO,07/01/2020,09:21:15,2220.1,2210.25,75,2225,75,0,1136325
NIFTY26MAR2010000CE.NFO,07/01/2020,09:21:18,2220.1,2210.25,225,2225,75,0,1136325
NIFTY26MAR2010000CE.NFO,07/01/2020,09:21:20,2220.1,2210.35,75,2225,75,0,1136325
NIFTY26MAR2010000CE.NFO,07/01/2020,09:21:22,2220.1,2210.45,75,2225,75,0,1136325
NIFTY26MAR2010000CE.NFO,07/01/2020,09:21:23,2220.1,2210.55,75,2225,75,0,1136325
NIFTY26MAR2010000CE.NFO,07/01/2020,09:21:26,2220.1,2210.55,225,2225,75,0,1136325
NIFTY26MAR2010000CE.NFO,07/01/2020,09:21:28,2220.1,2210.65,75,2225,75,0,1136325
NIFTY26MAR2010000CE.NFO,07/01/2020,09:21:29,2220.1,2210.65,225,2225,75,0,1136325
NIFTY26MAR2010000CE.NFO,07/01/2020,09:21:30,2220.1,2210.75,75,2225,75,0,1136325
NIFTY26MAR2010000CE.NFO,07/01/2020,09:21:31,2220.1,2210.85,75,2225,75,0,1136325
NIFTY26MAR2010000CE.NFO,07/01/2020,09:21:35,2220.1,2210.95,75,2225,75,0,1136325
NIFTY26MAR2010000CE.NFO,07/01/2020,09:21:37,2220.1,2211.05,75,2225,75,0,1136325
NIFTY26MAR2010000CE.NFO,07/01/2020,09:21:39,2225,2211.15,75,2228.1,525,75,1136325
NIFTY26MAR2010000CE.NFO,07/01/2020,09:21:39,2225,2211.15,75,2228.1,525,0,1136325
NIFTY26MAR2010000CE.NFO,07/01/2020,09:21:40,2225,2211.15,75,2228.1,525,0,1136325
NIFTY26MAR2010000CE.NFO,07/01/2020,09:21:41,2225,2211.15,225,2228.1,525,0,1136325
NIFTY26MAR2010000CE.NFO,07/01/2020,09:21:43,2225,2211.25,75,2228.1,525,0,1136325
NIFTY26MAR2010000CE.NFO,07/01/2020,09:21:44,2225,2211.3,75,2228.1,525,0,1136325
NIFTY26MAR2010000CE.NFO,07/01/2020,09:21:45,2225,2211.35,75,2228.1,525,0,1136325
NIFTY26MAR2010000CE.NFO,07/01/2020,09:21:46,2225,2211.35,225,2228.1,525,0,1136325
NIFTY26MAR2010000CE.NFO,07/01/2020,09:21:47,2225,2211.45,75,2228.1,525,0,1136325
NIFTY26MAR2010000CE.NFO,07/01/2020,09:21:49,2225,2211.45,225,2228.1,525,0,1136325
NIFTY26MAR2010000CE.NFO,07/01/2020,09:21:51,2225,2211.55,75,2228.1,525,0,1136325
NIFTY26MAR2010000CE.NFO,07/01/2020,09:21:53,2225,2211.65,75,2228.1,525,0,1136325
NIFTY26MAR2010000CE.NFO,07/01/2020,09:21:54,2225,2211.65,375,2228.1,525,0,1136325
NIFTY26MAR2010000CE.NFO,07/01/2020,09:21:55,2225,2211.75,75,2228.1,525,0,1136325
NIFTY26MAR2010000CE.NFO,07/01/2020,09:21:59,2225,2211.85,300,2228.1,525,0,1136325
NIFTY26MAR2010000CE.NFO,07/01/2020,09:22:00,2225,2211.95,75,2228.1,525,0,1136325
NIFTY26MAR2010000CE.NFO,07/01/2020,09:22:02,2225,2212.05,75,2228.1,525,0,1136325
NIFTY26MAR2010000CE.NFO,07/01/2020,09:22:05,2225,2212.1,75,2228.1,525,0,1136325
NIFTY26MAR2010000CE.NFO,07/01/2020,09:22:06,2225,2212.5,75,2228.1,525,0,1136325
NIFTY26MAR2010000CE.NFO,07/01/2020,09:22:10,2225,2212.6,75,2228.1,525,0,1136325
NIFTY26MAR2010000CE.NFO,07/01/2020,09:22:12,2225,2212.7,75,2228.1,525,0,1136325
NIFTY26MAR2010000CE.NFO,07/01/2020,09:22:16,2225,2212.8,75,2228.1,525,0,1136325
NIFTY26MAR2010000CE.NFO,07/01/2020,09:22:17,2225,2212.9,75,2228.1,525,0,1136325
NIFTY26MAR2010000CE.NFO,07/01/2020,09:22:18,2225,2213.6,75,2228.1,525,0,1136325
NIFTY26MAR2010000CE.NFO,07/01/2020,09:22:20,2225,2220.1,75,2228.1,525,0,1136325
NIFTY26MAR2010000CE.NFO,07/01/2020,09:22:26,2225,2220.2,300,2228.1,525,0,1136325
NIFTY26MAR2010000CE.NFO,07/01/2020,09:22:27,2228.1,2220.2,300,2228.1,375,150,1136325
NIFTY26MAR2010000CE.NFO,07/01/2020,09:22:27,2228.1,2220.2,300,2228.1,375,0,1136325
NIFTY26MAR2010000CE.NFO,07/01/2020,09:22:28,2228.1,2220.3,75,2228.1,375,0,1136325
NIFTY26MAR2010000CE.NFO,07/01/2020,09:22:31,2228.1,2220.35,75,2228.1,300,75,1136325
NIFTY26MAR2010000CE.NFO,07/01/2020,09:22:32,2228.1,2220.35,75,2228.1,300,0,1136325
NIFTY26MAR2010000CE.NFO,07/01/2020,09:22:34,2228.1,2220.5,75,2228.1,300,0,1136325
NIFTY26MAR2010000CE.NFO,07/01/2020,09:22:39,2228.1,2220.55,150,2228.1,300,0,1136325
NIFTY26MAR2010000CE.NFO,07/01/2020,09:22:42,2228.1,2220.6,450,2228.1,300,0,1136325
NIFTY26MAR2010000CE.NFO,07/01/2020,09:22:46,2228.1,2220.65,150,2228.1,300,0,1136325
NIFTY26MAR2010000CE.NFO,07/01/2020,09:22:47,2228.1,2220.65,450,2228.1,300,0,1136325
NIFTY26MAR2010000CE.NFO,07/01/2020,09:22:50,2228.1,2220.7,450,2228.1,300,0,1136325
NIFTY26MAR2010000CE.NFO,07/01/2020,09:22:54,2228.1,2220.8,75,2228.1,300,0,1136325
NIFTY26MAR2010000CE.NFO,07/01/2020,09:22:57,2228.1,2220.9,75,2228.1,300,0,1136325
NIFTY26MAR2010000CE.NFO,07/01/2020,09:22:59,2228.1,2221,75,2228.1,300,0,1136325
NIFTY26MAR2010000CE.NFO,07/01/2020,09:23:02,2228.1,2220.9,375,2228.1,300,0,1136325
NIFTY26MAR2010000CE.NFO,07/01/2020,09:23:03,2228.1,2221,75,2228.1,300,0,1136325
NIFTY26MAR2010000CE.NFO,07/01/2020,09:23:04,2228.1,2221.1,225,2228.1,300,0,1136325
NIFTY26MAR2010000CE.NFO,07/01/2020,09:23:05,2228.1,2221.1,75,2228.1,300,0,1136325
NIFTY26MAR2010000CE.NFO,07/01/2020,09:23:08,2228.1,2221,75,2228.1,300,0,1136325
NIFTY26MAR2010000CE.NFO,07/01/2020,09:23:11,2228.1,2221.2,150,2228.1,300,0,1136325
NIFTY26MAR2010000CE.NFO,07/01/2020,09:23:14,2228.1,2221.4,75,2228.1,300,0,1136325
NIFTY26MAR2010000CE.NFO,07/01/2020,09:23:17,2228.1,2221.3,375,2228.1,300,0,1136325
NIFTY26MAR2010000CE.NFO,07/01/2020,09:23:18,2228.1,2221.4,150,2228.1,300,0,1136325
NIFTY26MAR2010000CE.NFO,07/01/2020,09:23:19,2228.1,2221.5,75,2228.1,300,0,1136325
NIFTY26MAR2010000CE.NFO,07/01/2020,09:23:21,2228.1,2221.45,150,2228.1,300,0,1136325
NIFTY26MAR2010000CE.NFO,07/01/2020,09:23:22,2228.1,2221.5,75,2228.1,300,0,1136325
NIFTY26MAR2010000CE.NFO,07/01/2020,09:23:25,2228.1,2221.6,75,2228.1,300,0,1136325
NIFTY26MAR2010000CE.NFO,07/01/2020,09:23:29,2228.1,2221.6,225,2228.1,300,0,1136325
NIFTY26MAR2010000CE.NFO,07/01/2020,09:23:30,2228.1,2221.6,150,2228.1,300,0,1136325
NIFTY26MAR2010000CE.NFO,07/01/2020,09:23:33,2228.1,2221.7,225,2228.1,300,0,1136325
NIFTY26MAR2010000CE.NFO,07/01/2020,09:23:37,2228.1,2221.8,225,2228.1,300,0,1136325
NIFTY26MAR2010000CE.NFO,07/01/2020,09:23:40,2228.1,2221.9,225,2228.1,300,0,1136325
NIFTY26MAR2010000CE.NFO,07/01/2020,09:23:45,2228.1,2222,75,2228.1,300,0,1136325
NIFTY26MAR2010000CE.NFO,07/01/2020,09:23:48,2228.1,2222.1,75,2228.1,300,0,1136325
NIFTY26MAR2010000CE.NFO,07/01/2020,09:23:52,2228.1,2220.2,75,2228.1,300,0,1136325
NIFTY26MAR2010000CE.NFO,07/01/2020,09:23:54,2228.1,2222.2,75,2228.1,300,0,1136325
NIFTY26MAR2010000CE.NFO,07/01/2020,09:23:57,2228.1,2222.3,75,2228.1,300,0,1136325
NIFTY26MAR2010000CE.NFO,07/01/2020,09:24:01,2228.1,2222.4,75,2228.1,300,0,1136325
NIFTY26MAR2010000CE.NFO,07/01/2020,09:24:05,2228.1,2222.5,75,2228.1,300,0,1136325
NIFTY26MAR2010000CE.NFO,07/01/2020,09:24:06,2228.1,2222.5,300,2228.1,300,0,1136325
NIFTY26MAR2010000CE.NFO,07/01/2020,09:24:07,2228.1,2222.5,150,2228.1,300,0,1136325
NIFTY26MAR2010000CE.NFO,07/01/2020,09:24:09,2228.1,2222.5,75,2228.1,300,0,1136325
NIFTY26MAR2010000CE.NFO,07/01/2020,09:24:11,2228.1,2220.2,150,2228.1,300,0,1136325
NIFTY26MAR2010000CE.NFO,07/01/2020,09:24:12,2228.1,2220.2,75,2228.1,300,0,1136325
NIFTY26MAR2010000CE.NFO,07/01/2020,09:24:13,2228.1,2222.6,75,2228.1,300,0,1136325
NIFTY26MAR2010000CE.NFO,07/01/2020,09:24:15,2228.1,2220.3,150,2228.1,300,0,1136325
NIFTY26MAR2010000CE.NFO,07/01/2020,09:24:16,2228.1,2220.2,75,2228.1,300,0,1136325
NIFTY26MAR2010000CE.NFO,07/01/2020,09:24:20,2228.1,2222.7,75,2228.1,300,0,1136325
NIFTY26MAR2010000CE.NFO,07/01/2020,09:24:23,2228.1,2220.3,75,2228.1,300,0,1136325
NIFTY26MAR2010000CE.NFO,07/01/2020,09:24:27,2228.1,2222.8,75,2228.1,300,0,1136325
NIFTY26MAR2010000CE.NFO,07/01/2020,09:24:30,2228.1,2220.4,75,2228.1,300,0,1136325
NIFTY26MAR2010000CE.NFO,07/01/2020,09:24:33,2228.1,2220.5,75,2228.1,300,0,1136325
NIFTY26MAR2010000CE.NFO,07/01/2020,09:24:37,2228.1,2220.6,150,2228.1,300,0,1136325
NIFTY26MAR2010000CE.NFO,07/01/2020,09:24:40,2228.1,2220.7,150,2228.1,300,0,1136325
NIFTY26MAR2010000CE.NFO,07/01/2020,09:24:44,2228.1,2220.8,150,2228.1,300,0,1136325
NIFTY26MAR2010000CE.NFO,07/01/2020,09:24:48,2228.1,2220.9,75,2228.1,300,0,1136325
NIFTY26MAR2010000CE.NFO,07/01/2020,09:24:52,2228.1,2221,75,2228.1,300,0,1136325
NIFTY26MAR2010000CE.NFO,07/01/2020,09:24:55,2228.1,2220.2,75,2228.1,300,0,1136325
NIFTY26MAR2010000CE.NFO,07/01/2020,09:25:05,2228.1,2220.3,75,2228.1,300,0,1136325
NIFTY26MAR2010000CE.NFO,07/01/2020,09:25:09,2228.1,2220.2,75,2228.1,300,0,1136325
NIFTY26MAR2010000CE.NFO,07/01/2020,09:25:10,2228.1,2220.1,75,2228.1,300,0,1136325
NIFTY26MAR2010000CE.NFO,07/01/2020,09:25:12,2228.1,2220.3,75,2228.1,300,0,1136325
NIFTY26MAR2010000CE.NFO,07/01/2020,09:25:16,2228.1,2220.2,75,2228.1,300,0,1136325
NIFTY26MAR2010000CE.NFO,07/01/2020,09:25:20,2228.1,2220.4,75,2228.1,300,0,1136325
NIFTY26MAR2010000CE.NFO,07/01/2020,09:25:23,2228.1,2220.3,75,2228.1,300,0,1136325
NIFTY26MAR2010000CE.NFO,07/01/2020,09:25:25,2228.1,2220.5,75,2228.1,300,0,1136325
NIFTY26MAR2010000CE.NFO,07/01/2020,09:25:28,2228.1,2220.4,75,2228.1,300,0,1136325
NIFTY26MAR2010000CE.NFO,07/01/2020,09:25:32,2228.1,2220.6,75,2228.1,300,0,1136325
NIFTY26MAR2010000CE.NFO,07/01/2020,09:25:35,2228.1,2220.5,75,2228.1,300,0,1136325
NIFTY26MAR2010000CE.NFO,07/01/2020,09:25:37,2228.1,2220.2,75,2228.1,300,0,1136325
NIFTY26MAR2010000CE.NFO,07/01/2020,09:25:41,2228.1,2220.6,75,2228.1,300,0,1136325
NIFTY26MAR2010000CE.NFO,07/01/2020,09:25:45,2228.1,2220.3,75,2228.1,300,0,1136325
NIFTY26MAR2010000CE.NFO,07/01/2020,09:25:48,2228.1,2220.7,75,2228.1,300,0,1136325
NIFTY26MAR2010000CE.NFO,07/01/2020,09:25:51,2228.1,2220.4,75,2228.1,300,0,1136325
NIFTY26MAR2010000CE.NFO,07/01/2020,09:25:54,2228.1,2220.8,75,2228.1,300,0,1136325
NIFTY26MAR2010000CE.NFO,07/01/2020,09:25:55,2228.1,2220.8,150,2228.1,300,0,1136325
NIFTY26MAR2010000CE.NFO,07/01/2020,09:25:57,2228.1,2220.8,75,2228.1,300,0,1136325
NIFTY26MAR2010000CE.NFO,07/01/2020,09:25:58,2228.1,2220.5,150,2228.1,300,0,1136325
NIFTY26MAR2010000CE.NFO,07/01/2020,09:25:59,2228.1,2220.9,75,2228.1,300,0,1136325
NIFTY26MAR2010000CE.NFO,07/01/2020,09:26:00,2228.1,2220.5,75,2228.1,300,0,1136325
NIFTY26MAR2010000CE.NFO,07/01/2020,09:26:01,2228.1,2220.9,75,2228.1,300,0,1136325
NIFTY26MAR2010000CE.NFO,07/01/2020,09:26:04,2228.1,2220.1,75,2228.1,300,0,1136325
NIFTY26MAR2010000CE.NFO,07/01/2020,09:31:37,2228.1,2220.2,75,2228.1,300,0,1136325
NIFTY26MAR2010000CE.NFO,07/01/2020,09:32:04,2228.1,2220.3,75,2228.1,300,0,1136325
NIFTY26MAR2010000CE.NFO,07/01/2020,09:32:08,2228.1,2220.4,75,2228.1,300,0,1136325
NIFTY26MAR2010000CE.NFO,07/01/2020,09:32:12,2228.1,2220.5,150,2228.1,300,0,1136325
NIFTY26MAR2010000CE.NFO,07/01/2020,09:32:15,2228.1,2220.6,225,2228.1,300,0,1136325
NIFTY26MAR2010000CE.NFO,07/01/2020,09:32:19,2228.1,2220.75,75,2228.1,300,0,1136325
NIFTY26MAR2010000CE.NFO,07/01/2020,09:32:20,2228.1,2220.95,75,2228.1,300,0,1136325
NIFTY26MAR2010000CE.NFO,07/01/2020,09:32:22,2228.1,2221,75,2228.1,300,0,1136325
NIFTY26MAR2010000CE.NFO,07/01/2020,09:32:23,2228.1,2221.25,75,2228.1,300,0,1136325
NIFTY26MAR2010000CE.NFO,07/01/2020,09:32:24,2228.1,2221.45,75,2228.1,300,0,1136325
NIFTY26MAR2010000CE.NFO,07/01/2020,09:32:25,2228.1,2221.6,75,2228.1,300,0,1136325
NIFTY26MAR2010000CE.NFO,07/01/2020,09:32:27,2228.1,2221.75,75,2228.1,300,0,1136325
NIFTY26MAR2010000CE.NFO,07/01/2020,09:32:28,2228.1,2222.2,75,2228.1,300,0,1136325
NIFTY26MAR2010000CE.NFO,07/01/2020,09:32:29,2228.1,2222.35,75,2228.1,300,0,1136325
NIFTY26MAR2010000CE.NFO,07/01/2020,09:32:31,2228.1,2222.5,75,2228.1,225,75,1136325
NIFTY26MAR2010000CE.NFO,07/01/2020,09:32:32,2228.1,2222.8,75,2228.1,225,0,1136325
NIFTY26MAR2010000CE.NFO,07/01/2020,09:32:33,2228.1,2222.95,75,2228.1,225,0,1136325
NIFTY26MAR2010000CE.NFO,07/01/2020,09:32:34,2228.1,2223.1,75,2228.1,225,0,1136325
NIFTY26MAR2010000CE.NFO,07/01/2020,09:32:35,2228.1,2223.25,75,2228.1,225,0,1136325
NIFTY26MAR2010000CE.NFO,07/01/2020,09:32:37,2228.1,2223.4,75,2228.1,225,0,1136325
NIFTY26MAR2010000CE.NFO,07/01/2020,09:32:38,2228.1,2223.55,75,2228.1,225,0,1136325
NIFTY26MAR2010000CE.NFO,07/01/2020,09:32:39,2228.1,2223.85,75,2228.1,225,0,1136325
NIFTY26MAR2010000CE.NFO,07/01/2020,09:32:40,2228.1,2224.15,75,2228.1,225,0,1136325
NIFTY26MAR2010000CE.NFO,07/01/2020,09:32:42,2228.1,2224.3,75,2228.1,225,0,1136325
NIFTY26MAR2010000CE.NFO,07/01/2020,09:32:43,2228.1,2224.6,75,2228.1,225,0,1136325
NIFTY26MAR2010000CE.NFO,07/01/2020,09:32:44,2228.1,2224.75,75,2228.1,225,0,1136325
NIFTY26MAR2010000CE.NFO,07/01/2020,09:32:46,2228.1,2224.9,75,2228.1,225,0,1136325
NIFTY26MAR2010000CE.NFO,07/01/2020,09:32:47,2228.1,2225.05,75,2228.1,150,75,1136325
NIFTY26MAR2010000CE.NFO,07/01/2020,09:32:48,2228.1,2225.35,75,2228.1,150,0,1136325
NIFTY26MAR2010000CE.NFO,07/01/2020,09:32:49,2228.1,2224.4,225,2228.1,150,0,1136325
NIFTY26MAR2010000CE.NFO,07/01/2020,09:32:51,2228.1,2225,225,2228.1,150,0,1136325
NIFTY26MAR2010000CE.NFO,07/01/2020,09:32:52,2228.1,2225.05,75,2228.1,150,0,1136325
NIFTY26MAR2010000CE.NFO,07/01/2020,09:32:54,2228.1,2225.2,75,2228.1,150,0,1136325
NIFTY26MAR2010000CE.NFO,07/01/2020,09:32:55,2228.1,2224.55,75,2228.1,150,0,1136325
NIFTY26MAR2010000CE.NFO,07/01/2020,09:32:56,2228.1,2224.7,75,2228.1,150,0,1136325
NIFTY26MAR2010000CE.NFO,07/01/2020,09:32:57,2228.1,2224.85,75,2228.1,150,0,1136325
NIFTY26MAR2010000CE.NFO,07/01/2020,09:32:59,2228.1,2225.2,75,2228.1,150,0,1136325
NIFTY26MAR2010000CE.NFO,07/01/2020,09:33:00,2228.1,2225.3,75,2228.1,150,0,1136325
NIFTY26MAR2010000CE.NFO,07/01/2020,09:33:01,2228.1,2225.2,75,2228.1,150,0,1136325
NIFTY26MAR2010000CE.NFO,07/01/2020,09:33:02,2228.1,2225.5,75,2228.1,150,0,1136325
NIFTY26MAR2010000CE.NFO,07/01/2020,09:33:03,2228.1,2225.65,75,2228.1,150,0,1136325
NIFTY26MAR2010000CE.NFO,07/01/2020,09:33:04,2228.1,2225.4,75,2228.1,150,0,1136325
NIFTY26MAR2010000CE.NFO,07/01/2020,09:33:06,2228.1,2225.55,75,2228.1,150,0,1136325
NIFTY26MAR2010000CE.NFO,07/01/2020,09:33:07,2228.1,2225.7,75,2228.1,150,0,1136325
NIFTY26MAR2010000CE.NFO,07/01/2020,09:33:08,2228.1,2225.75,75,2228.1,150,0,1136325
NIFTY26MAR2010000CE.NFO,07/01/2020,09:33:09,2228.1,2225.9,75,2228.1,150,0,1136325
NIFTY26MAR2010000CE.NFO,07/01/2020,09:33:10,2228.1,2226.05,75,2228.1,150,0,1136325
NIFTY26MAR2010000CE.NFO,07/01/2020,09:33:12,2228.1,2225.9,75,2228.1,150,0,1136325
NIFTY26MAR2010000CE.NFO,07/01/2020,09:33:14,2228.1,2226.15,75,2228.1,150,0,1136325
NIFTY26MAR2010000CE.NFO,07/01/2020,09:33:15,2228.1,2226.05,75,2228.1,150,0,1136325
NIFTY26MAR2010000CE.NFO,07/01/2020,09:33:17,2228.1,2226.25,75,2256.05,2475,150,1136325
NIFTY26MAR2010000CE.NFO,07/01/2020,09:33:18,2228.1,2226.45,75,2254.8,2475,0,1136325
NIFTY26MAR2010000CE.NFO,07/01/2020,09:33:19,2228.1,2226.6,150,2254.8,2475,0,1136325
NIFTY26MAR2010000CE.NFO,07/01/2020,09:33:20,2228.1,2226.05,75,2254.8,2475,0,1136325
NIFTY26MAR2010000CE.NFO,07/01/2020,09:33:21,2228.1,2226.2,75,2254.8,2475,0,1136325
NIFTY26MAR2010000CE.NFO,07/01/2020,09:33:22,2228.1,2226.35,225,2254.8,2475,0,1136325
NIFTY26MAR2010000CE.NFO,07/01/2020,09:33:24,2228.1,2226.4,75,2254.8,2475,0,1136325
NIFTY26MAR2010000CE.NFO,07/01/2020,09:33:26,2228.1,2226.4,75,2254.7,150,0,1136325
NIFTY26MAR2010000CE.NFO,07/01/2020,09:33:27,2228.1,2226.5,75,2254.7,150,0,1136325
NIFTY26MAR2010000CE.NFO,07/01/2020,09:33:28,2228.1,2226.65,75,2254.7,150,0,1136325
NIFTY26MAR2010000CE.NFO,07/01/2020,09:33:29,2228.1,2226.8,75,2255.85,2475,0,1136325
NIFTY26MAR2010000CE.NFO,07/01/2020,09:33:31,2228.1,2226.55,75,2255.85,2475,0,1136325
NIFTY26MAR2010000CE.NFO,07/01/2020,09:33:33,2228.1,2226.7,75,2255.85,2475,0,1136325
NIFTY26MAR2010000CE.NFO,07/01/2020,09:33:34,2228.1,2226.9,225,2255.75,150,0,1136325
NIFTY26MAR2010000CE.NFO,07/01/2020,09:33:35,2228.1,2226.95,75,2255.75,150,0,1136325
NIFTY26MAR2010000CE.NFO,07/01/2020,09:33:42,2228.1,2227.2,75,2255.65,150,0,1136325
NIFTY26MAR2010000CE.NFO,07/01/2020,09:33:43,2228.1,2227.35,75,2255.55,150,0,1136325
NIFTY26MAR2010000CE.NFO,07/01/2020,09:33:44,2228.1,2227.65,75,2255.55,150,0,1136325
NIFTY26MAR2010000CE.NFO,07/01/2020,09:33:45,2228.1,2227.15,75,2255.55,150,0,1136325
NIFTY26MAR2010000CE.NFO,07/01/2020,09:33:46,2228.1,2227.35,75,2255.55,150,0,1136325
NIFTY26MAR2010000CE.NFO,07/01/2020,09:33:47,2228.1,2227.6,150,2255.45,150,0,1136325
NIFTY26MAR2010000CE.NFO,07/01/2020,09:33:48,2228.1,2227.35,75,2255.45,150,0,1136325
NIFTY26MAR2010000CE.NFO,07/01/2020,09:33:49,2228.1,2227.5,75,2255.45,150,0,1136325
NIFTY26MAR2010000CE.NFO,07/01/2020,09:33:50,2228.1,2227.65,75,2255.45,150,0,1136325
NIFTY26MAR2010000CE.NFO,07/01/2020,09:33:51,2228.1,2227.55,75,2256.15,525,0,1136325
NIFTY26MAR2010000CE.NFO,07/01/2020,09:33:52,2228.1,2227.7,75,2256.15,525,0,1136325
NIFTY26MAR2010000CE.NFO,07/01/2020,09:33:53,2228.1,2227.55,75,2256.15,525,0,1136325
NIFTY26MAR2010000CE.NFO,07/01/2020,09:33:54,2228.1,2227.8,75,2256.15,525,0,1136325
NIFTY26MAR2010000CE.NFO,07/01/2020,09:33:55,2228.1,2227.75,75,2256.05,150,0,1136325
NIFTY26MAR2010000CE.NFO,07/01/2020,09:33:57,2228.1,2227.9,75,2256.05,150,0,1136325
NIFTY26MAR2010000CE.NFO,07/01/2020,09:33:58,2228.1,2228.05,75,2256.05,150,0,1136325
NIFTY26MAR2010000CE.NFO,07/01/2020,09:33:59,2228.1,2228.35,75,2255.95,150,0,1136325
NIFTY26MAR2010000CE.NFO,07/01/2020,09:34:00,2228.1,2228.5,75,2256.05,150,0,1136325
NIFTY26MAR2010000CE.NFO,07/01/2020,09:34:01,2228.1,2228.8,75,2256.05,150,0,1136325
NIFTY26MAR2010000CE.NFO,07/01/2020,09:34:03,2228.1,2228.95,75,2255.95,150,0,1136325
NIFTY26MAR2010000CE.NFO,07/01/2020,09:34:04,2228.1,2229.1,75,2255.95,150,0,1136325
NIFTY26MAR2010000CE.NFO,07/01/2020,09:34:05,2228.1,2229.4,75,2255.95,150,0,1136325
NIFTY26MAR2010000CE.NFO,07/01/2020,09:34:06,2228.1,2228.7,75,2255.95,150,0,1136325
NIFTY26MAR2010000CE.NFO,07/01/2020,09:34:07,2228.1,2228.85,75,2256.95,2475,0,1136325
NIFTY26MAR2010000CE.NFO,07/01/2020,09:34:09,2228.1,2228.65,75,2255.85,150,0,1136325
NIFTY26MAR2010000CE.NFO,07/01/2020,09:34:11,2228.1,2228.7,75,2255.85,300,0,1136325
NIFTY26MAR2010000CE.NFO,07/01/2020,09:34:12,2228.1,2228.7,75,2255.75,150,0,1136325
NIFTY26MAR2010000CE.NFO,07/01/2020,09:34:13,2228.1,2228.65,225,2255.75,150,0,1136325
NIFTY26MAR2010000CE.NFO,07/01/2020,09:34:14,2228.1,2228.8,75,2255.75,150,0,1136325
NIFTY26MAR2010000CE.NFO,07/01/2020,09:34:15,2228.1,2228.8,75,2255.65,150,0,1136325
NIFTY26MAR2010000CE.NFO,07/01/2020,09:34:17,2228.1,2228.75,150,2255.65,150,0,1136325
NIFTY26MAR2010000CE.NFO,07/01/2020,09:34:18,2228.1,2228.8,75,2255.65,150,0,1136325
NIFTY26MAR2010000CE.NFO,07/01/2020,09:34:19,2228.1,2228.8,150,2255.65,150,0,1136325
NIFTY26MAR2010000CE.NFO,07/01/2020,09:34:20,2228.1,2228.75,225,2255.55,150,0,1136325
NIFTY26MAR2010000CE.NFO,07/01/2020,09:34:24,2228.1,2228.9,75,2255.55,150,0,1136325
NIFTY26MAR2010000CE.NFO,07/01/2020,09:34:25,2228.1,2228.95,75,2255.45,150,0,1136325
NIFTY26MAR2010000CE.NFO,07/01/2020,09:34:26,2228.1,2228.9,75,2255.45,150,0,1136325
NIFTY26MAR2010000CE.NFO,07/01/2020,09:34:27,2228.1,2223.65,75,2254.75,450,0,1136325
NIFTY26MAR2010000CE.NFO,07/01/2020,09:34:29,2228.1,2223.85,75,2254.95,450,0,1136325
NIFTY26MAR2010000CE.NFO,07/01/2020,09:34:30,2228.1,2224.15,75,2253.95,450,0,1136325
NIFTY26MAR2010000CE.NFO,07/01/2020,09:34:31,2228.1,2224.7,75,2254.2,525,0,1136325
NIFTY26MAR2010000CE.NFO,07/01/2020,09:34:32,2228.1,2224.9,75,2253.95,450,0,1136325
NIFTY26MAR2010000CE.NFO,07/01/2020,09:34:33,2228.1,2223.95,75,2253.95,450,0,1136325
NIFTY26MAR2010000CE.NFO,07/01/2020,09:34:34,2228.1,2223.95,75,2253.3,450,0,1136325
NIFTY26MAR2010000CE.NFO,07/01/2020,09:34:36,2228.1,2224.6,75,2253.55,450,0,1136325
NIFTY26MAR2010000CE.NFO,07/01/2020,09:34:38,2228.1,2224.85,75,2253.55,450,0,1136325
NIFTY26MAR2010000CE.NFO,07/01/2020,09:34:39,2228.1,2224.75,75,2253.6,450,0,1136325
NIFTY26MAR2010000CE.NFO,07/01/2020,09:34:40,2228.1,2224.75,75,2253,450,0,1136325
NIFTY26MAR2010000CE.NFO,07/01/2020,09:34:42,2228.1,2224.75,75,2253.15,150,0,1136325
NIFTY26MAR2010000CE.NFO,07/01/2020,09:34:43,2228.1,2225.05,75,2253.3,450,0,1136325
NIFTY26MAR2010000CE.NFO,07/01/2020,09:34:44,2228.1,2225,225,2252.7,450,0,1136325
NIFTY26MAR2010000CE.NFO,07/01/2020,09:34:46,2228.1,2225.05,75,2250.9,450,0,1136325
NIFTY26MAR2010000CE.NFO,07/01/2020,09:34:48,2228.1,2225.2,75,2250.9,450,0,1136325
NIFTY26MAR2010000CE.NFO,07/01/2020,09:34:51,2228.1,2225.3,300,2250.8,150,0,1136325
NIFTY26MAR2010000CE.NFO,07/01/2020,09:34:52,2228.1,2225.35,75,2250.8,150,0,1136325
NIFTY26MAR2010000CE.NFO,07/01/2020,09:34:53,2228.1,2225.3,225,2250.8,150,0,1136325
NIFTY26MAR2010000CE.NFO,07/01/2020,09:34:56,2228.1,2220.6,75,2250.8,150,0,1136325
NIFTY26MAR2010000CE.NFO,07/01/2020,09:34:57,2228.1,2221.1,75,2250.8,150,0,1136325
NIFTY26MAR2010000CE.NFO,07/01/2020,09:34:58,2228.1,2221.45,75,2250.8,150,0,1136325
NIFTY26MAR2010000CE.NFO,07/01/2020,09:34:59,2228.1,2221.75,75,2250.8,150,0,1136325
NIFTY26MAR2010000CE.NFO,07/01/2020,09:35:01,2228.1,2221.9,75,2250.8,150,0,1136325
NIFTY26MAR2010000CE.NFO,07/01/2020,09:35:02,2228.1,2222.05,75,2250.8,150,0,1136325
NIFTY26MAR2010000CE.NFO,07/01/2020,09:35:03,2228.1,2222.35,75,2250.8,150,0,1136325
NIFTY26MAR2010000CE.NFO,07/01/2020,09:35:04,2228.1,2222.5,75,2250.8,150,0,1136325
NIFTY26MAR2010000CE.NFO,07/01/2020,09:35:05,2228.1,2222.8,75,2250.8,150,0,1136325
NIFTY26MAR2010000CE.NFO,07/01/2020,09:35:06,2228.1,2222.95,75,2252.1,150,0,1136325
NIFTY26MAR2010000CE.NFO,07/01/2020,09:35:07,2228.1,2223.1,75,2252.1,150,0,1136325
NIFTY26MAR2010000CE.NFO,07/01/2020,09:35:08,2228.1,2223.25,75,2252.1,150,0,1136325
NIFTY26MAR2010000CE.NFO,07/01/2020,09:35:10,2228.1,2223.55,75,2252.1,150,0,1136325
NIFTY26MAR2010000CE.NFO,07/01/2020,09:35:11,2228.1,2223.85,75,2250.7,150,0,1136325
NIFTY26MAR2010000CE.NFO,07/01/2020,09:35:12,2228.1,2224.15,75,2250.7,150,0,1136325
NIFTY26MAR2010000CE.NFO,07/01/2020,09:35:13,2228.1,2224.7,75,2250.7,150,0,1136325
NIFTY26MAR2010000CE.NFO,07/01/2020,09:35:14,2228.1,2223.1,75,2252,150,0,1136325
NIFTY26MAR2010000CE.NFO,07/01/2020,09:35:15,2228.1,2223.25,75,2252,150,0,1136325
NIFTY26MAR2010000CE.NFO,07/01/2020,09:35:16,2228.1,2224.3,75,2250.6,150,0,1136325
NIFTY26MAR2010000CE.NFO,07/01/2020,09:35:17,2228.1,2224.6,75,2250.6,150,0,1136325
NIFTY26MAR2010000CE.NFO,07/01/2020,09:35:18,2228.1,2224.3,75,2250.6,300,0,1136325
NIFTY26MAR2010000CE.NFO,07/01/2020,09:35:19,2228.1,2224.35,150,2250.6,150,0,1136325
NIFTY26MAR2010000CE.NFO,07/01/2020,09:35:20,2228.1,2224.4,75,2250.6,150,0,1136325
NIFTY26MAR2010000CE.NFO,07/01/2020,09:35:22,2228.1,2224.4,75,2250.5,150,0,1136325
NIFTY26MAR2010000CE.NFO,07/01/2020,09:35:24,2228.1,2224.4,300,2250.5,300,0,1136325
NIFTY26MAR2010000CE.NFO,07/01/2020,09:35:25,2228.1,2224.45,75,2250.5,150,0,1136325
NIFTY26MAR2010000CE.NFO,07/01/2020,09:35:26,2228.1,2224.4,225,2250.5,150,0,1136325
NIFTY26MAR2010000CE.NFO,07/01/2020,09:35:28,2228.1,2224.45,225,2250.4,150,0,1136325
NIFTY26MAR2010000CE.NFO,07/01/2020,09:35:29,2228.1,2224.45,225,2250.4,300,0,1136325
NIFTY26MAR2010000CE.NFO,07/01/2020,09:35:31,2228.1,2224.6,75,2250.3,150,0,1136325
NIFTY26MAR2010000CE.NFO,07/01/2020,09:35:33,2228.1,2224.6,75,2250.3,300,0,1136325
NIFTY26MAR2010000CE.NFO,07/01/2020,09:35:36,2228.1,2224.55,75,2250.2,150,0,1136325
NIFTY26MAR2010000CE.NFO,07/01/2020,09:35:37,2228.1,2224.55,75,2250.05,525,0,1136325
NIFTY26MAR2010000CE.NFO,07/01/2020,09:35:40,2228.1,2224.7,75,2250.05,525,0,1136325
NIFTY26MAR2010000CE.NFO,07/01/2020,09:35:42,2228.1,2224.7,75,2249.95,150,0,1136325
NIFTY26MAR2010000CE.NFO,07/01/2020,09:35:43,2228.1,2224.7,75,2249.9,450,0,1136325
NIFTY26MAR2010000CE.NFO,07/01/2020,09:35:44,2228.1,2220.4,75,2249.85,450,0,1136325
NIFTY26MAR2010000CE.NFO,07/01/2020,09:35:45,2228.1,2220.65,75,2249,450,0,1136325
NIFTY26MAR2010000CE.NFO,07/01/2020,09:35:46,2228.1,2220.15,75,2249.1,450,0,1136325
NIFTY26MAR2010000CE.NFO,07/01/2020,09:35:47,2228.1,2220.3,75,2248.85,450,0,1136325
NIFTY26MAR2010000CE.NFO,07/01/2020,09:35:49,2228.1,2220.55,75,2249.5,150,0,1136325
NIFTY26MAR2010000CE.NFO,07/01/2020,09:35:50,2228.1,2220.55,75,2249.5,300,0,1136325
NIFTY26MAR2010000CE.NFO,07/01/2020,09:35:51,2228.1,2220.85,75,2249.5,300,0,1136325
NIFTY26MAR2010000CE.NFO,07/01/2020,09:35:52,2228.1,2221,75,2249.5,300,0,1136325
NIFTY26MAR2010000CE.NFO,07/01/2020,09:35:53,2228.1,2221.15,75,2249.05,150,0,1136325
NIFTY26MAR2010000CE.NFO,07/01/2020,09:35:55,2228.1,2221.3,75,2249.4,150,0,1136325
NIFTY26MAR2010000CE.NFO,07/01/2020,09:35:56,2228.1,2221.45,75,2249.4,150,0,1136325
NIFTY26MAR2010000CE.NFO,07/01/2020,09:35:57,2228.1,2221.6,75,2249.4,150,0,1136325
NIFTY26MAR2010000CE.NFO,07/01/2020,09:35:58,2228.1,2221.9,75,2249.9,150,0,1136325
NIFTY26MAR2010000CE.NFO,07/01/2020,09:35:59,2228.1,2222.05,75,2249.9,150,0,1136325
NIFTY26MAR2010000CE.NFO,07/01/2020,09:36:00,2228.1,2222.3,75,2249.9,150,0,1136325
NIFTY26MAR2010000CE.NFO,07/01/2020,09:36:01,2228.1,2221.75,75,2249.3,300,0,1136325
NIFTY26MAR2010000CE.NFO,07/01/2020,09:36:02,2228.1,2221.9,75,2248.6,450,0,1136325
NIFTY26MAR2010000CE.NFO,07/01/2020,09:36:03,2228.1,2222.05,75,2248.6,450,0,1136325
NIFTY26MAR2010000CE.NFO,07/01/2020,09:36:04,2228.1,2222.35,75,2248.6,450,0,1136325
NIFTY26MAR2010000CE.NFO,07/01/2020,09:36:06,2228.1,2222.5,75,2248.6,450,0,1136325
NIFTY26MAR2010000CE.NFO,07/01/2020,09:36:07,2228.1,2222.5,75,2249.8,150,0,1136325
NIFTY26MAR2010000CE.NFO,07/01/2020,09:36:09,2228.1,2222.8,75,2250,75,0,1136325
NIFTY26MAR2010000CE.NFO,07/01/2020,09:36:10,2228.1,2222.95,75,2250,75,0,1136325
NIFTY26MAR2010000CE.NFO,07/01/2020,09:36:11,2228.1,2223.25,75,2250,75,0,1136325
NIFTY26MAR2010000CE.NFO,07/01/2020,09:36:12,2228.1,2223.4,75,2250,75,0,1136325
NIFTY26MAR2010000CE.NFO,07/01/2020,09:36:13,2228.1,2222.9,75,2249.9,150,0,1136325
NIFTY26MAR2010000CE.NFO,07/01/2020,09:36:15,2228.1,2223.05,75,2249.9,150,0,1136325
NIFTY26MAR2010000CE.NFO,07/01/2020,09:36:16,2228.1,2223.35,75,2249.9,150,0,1136325
NIFTY26MAR2010000CE.NFO,07/01/2020,09:36:17,2228.1,2223.5,150,2249.9,150,0,1136325
NIFTY26MAR2010000CE.NFO,07/01/2020,09:36:18,2228.1,2223.55,75,2249.9,150,0,1136325
NIFTY26MAR2010000CE.NFO,07/01/2020,09:36:21,2228.1,2223.5,75,2249.9,150,0,1136325
NIFTY26MAR2010000CE.NFO,07/01/2020,09:36:24,2228.1,2223.65,75,2249.9,150,0,1136325
NIFTY26MAR2010000CE.NFO,07/01/2020,09:36:25,2228.1,2223.85,75,2249.8,150,0,1136325
NIFTY26MAR2010000CE.NFO,07/01/2020,09:36:28,2228.1,2223.7,75,2249.8,150,0,1136325
NIFTY26MAR2010000CE.NFO,07/01/2020,09:36:29,2228.1,2223.85,75,2249.8,150,0,1136325
NIFTY26MAR2010000CE.NFO,07/01/2020,09:36:29,2228.1,2223.75,75,2249.8,150,0,1136325
NIFTY26MAR2010000CE.NFO,07/01/2020,09:36:30,2228.1,2223.75,75,2249.7,300,0,1136325
NIFTY26MAR2010000CE.NFO,07/01/2020,09:36:32,2228.1,2223.75,225,2249.7,300,0,1136325
NIFTY26MAR2010000CE.NFO,07/01/2020,09:36:33,2228.1,2224,75,2249.6,300,0,1136325
NIFTY26MAR2010000CE.NFO,07/01/2020,09:36:35,2228.1,2224.2,75,2249.6,150,0,1136325
NIFTY26MAR2010000CE.NFO,07/01/2020,09:36:36,2228.1,2224,75,2249.6,150,0,1136325
NIFTY26MAR2010000CE.NFO,07/01/2020,09:36:36,2228.1,2224.15,75,2249.5,150,0,1136325
NIFTY26MAR2010000CE.NFO,07/01/2020,09:36:37,2228.1,2224.3,75,2249.5,150,0,1136325
NIFTY26MAR2010000CE.NFO,07/01/2020,09:36:38,2228.1,2224.1,150,2249.5,150,0,1136325
NIFTY26MAR2010000CE.NFO,07/01/2020,09:36:39,2228.1,2224.25,75,2249.5,150,0,1136325
NIFTY26MAR2010000CE.NFO,07/01/2020,09:36:40,2228.1,2224.15,75,2249.9,150,0,1136325
NIFTY26MAR2010000CE.NFO,07/01/2020,09:36:41,2228.1,2224.3,75,2249.9,150,0,1136325
NIFTY26MAR2010000CE.NFO,07/01/2020,09:36:42,2228.1,2224.4,75,2249.9,150,0,1136325
NIFTY26MAR2010000CE.NFO,07/01/2020,09:36:46,2228.1,2224.55,75,2249.9,150,0,1136325
NIFTY26MAR2010000CE.NFO,07/01/2020,09:36:51,2228.1,2224.65,75,2250,75,0,1136325
NIFTY26MAR2010000CE.NFO,07/01/2020,09:36:53,2228.1,2224.65,225,2250,75,0,1136325
NIFTY26MAR2010000CE.NFO,07/01/2020,09:36:54,2228.1,2224.8,75,2250,75,0,1136325
NIFTY26MAR2010000CE.NFO,07/01/2020,09:36:55,2228.1,2224.7,75,2250,75,0,1136325
NIFTY26MAR2010000CE.NFO,07/01/2020,09:36:56,2228.1,2224.85,75,2250,75,0,1136325
NIFTY26MAR2010000CE.NFO,07/01/2020,09:36:57,2228.1,2224.95,75,2250,75,0,1136325
NIFTY26MAR2010000CE.NFO,07/01/2020,09:37:00,2228.1,2225.05,75,2250,75,0,1136325
NIFTY26MAR2010000CE.NFO,07/01/2020,09:37:03,2228.1,2225.1,225,2249.9,150,0,1136325
NIFTY26MAR2010000CE.NFO,07/01/2020,09:37:04,2228.1,2225.15,75,2249.9,150,0,1136325
NIFTY26MAR2010000CE.NFO,07/01/2020,09:37:06,2228.1,2225.15,300,2250,75,0,1136325
NIFTY26MAR2010000CE.NFO,07/01/2020,09:37:07,2228.1,2225.25,75,2250,75,0,1136325
NIFTY26MAR2010000CE.NFO,07/01/2020,09:37:08,2228.1,2225.55,75,2250,75,0,1136325
NIFTY26MAR2010000CE.NFO,07/01/2020,09:37:09,2228.1,2225.25,150,2250,75,0,1136325
NIFTY26MAR2010000CE.NFO,07/01/2020,09:37:10,2228.1,2225.3,75,2250,75,0,1136325
NIFTY26MAR2010000CE.NFO,07/01/2020,09:37:12,2228.1,2225.3,75,2249.9,150,0,1136325
NIFTY26MAR2010000CE.NFO,07/01/2020,09:37:13,2228.1,2225.7,75,2249.9,150,0,1136325
NIFTY26MAR2010000CE.NFO,07/01/2020,09:37:17,2228.1,2225.75,225,2249.9,150,0,1136325
NIFTY26MAR2010000CE.NFO,07/01/2020,09:37:18,2228.1,2225.8,75,2249.9,150,0,1136325
NIFTY26MAR2010000CE.NFO,07/01/2020,09:37:19,2228.1,2225.8,75,2250,75,0,1136325
NIFTY26MAR2010000CE.NFO,07/01/2020,09:37:20,2228.1,2225.85,75,2250,75,0,1136325
NIFTY26MAR2010000CE.NFO,07/01/2020,09:37:21,2228.1,2225.6,75,2250,75,0,1136325
NIFTY26MAR2010000CE.NFO,07/01/2020,09:37:23,2228.1,2225.9,75,2250,75,0,1136325
NIFTY26MAR2010000CE.NFO,07/01/2020,09:37:23,2228.1,2225.95,75,2250,75,0,1136325
NIFTY26MAR2010000CE.NFO,07/01/2020,09:37:27,2228.1,2226,150,2250,75,0,1136325
NIFTY26MAR2010000CE.NFO,07/01/2020,09:37:28,2228.1,2226.05,225,2250,75,0,1136325
NIFTY26MAR2010000CE.NFO,07/01/2020,09:37:29,2228.1,2226.05,75,2249.9,150,0,1136325
NIFTY26MAR2010000CE.NFO,07/01/2020,09:37:32,2228.1,2226.1,75,2249.9,150,0,1136325
NIFTY26MAR2010000CE.NFO,07/01/2020,09:37:33,2228.1,2226.1,225,2249.9,150,0,1136325
NIFTY26MAR2010000CE.NFO,07/01/2020,09:37:35,2228.1,2226.15,75,2249.9,150,0,1136325
NIFTY26MAR2010000CE.NFO,07/01/2020,09:37:36,2228.1,2226.15,225,2249.9,150,0,1136325
NIFTY26MAR2010000CE.NFO,07/01/2020,09:37:39,2228.1,2226.2,75,2249.9,150,0,1136325
NIFTY26MAR2010000CE.NFO,07/01/2020,09:37:40,2228.1,2226.2,225,2249.9,150,0,1136325
NIFTY26MAR2010000CE.NFO,07/01/2020,09:37:42,2228.1,2226.25,75,2249.9,150,0,1136325
NIFTY26MAR2010000CE.NFO,07/01/2020,09:37:43,2228.1,2226.25,225,2249.9,150,0,1136325
NIFTY26MAR2010000CE.NFO,07/01/2020,09:37:44,2228.1,2226.25,75,2249.9,150,0,1136325
NIFTY26MAR2010000CE.NFO,07/01/2020,09:37:45,2228.1,2226.3,75,2249.9,150,0,1136325
NIFTY26MAR2010000CE.NFO,07/01/2020,09:37:46,2228.1,2226.3,75,2248,75,0,1136325
NIFTY26MAR2010000CE.NFO,07/01/2020,09:37:47,2228.1,2226.3,225,2248,75,0,1136325
NIFTY26MAR2010000CE.NFO,07/01/2020,09:37:48,2228.1,2226.3,150,2248,75,0,1136325
NIFTY26MAR2010000CE.NFO,07/01/2020,09:37:50,2228.1,2226.35,150,2248,75,0,1136325
NIFTY26MAR2010000CE.NFO,07/01/2020,09:37:51,2228.1,2226.4,75,2248,75,0,1136325
NIFTY26MAR2010000CE.NFO,07/01/2020,09:37:55,2228.1,2223.05,150,2248,75,0,1136325
NIFTY26MAR2010000CE.NFO,07/01/2020,09:37:56,2228.1,2223.45,75,2248,75,0,1136325
NIFTY26MAR2010000CE.NFO,07/01/2020,09:37:57,2228.1,2226.45,150,2248,75,0,1136325
NIFTY26MAR2010000CE.NFO,07/01/2020,09:38:00,2228.1,2220.3,75,2248,75,0,1136325
NIFTY26MAR2010000CE.NFO,07/01/2020,09:38:01,2228.1,2220.55,75,2248,75,0,1136325
NIFTY26MAR2010000CE.NFO,07/01/2020,09:38:02,2228.1,2220.2,75,2248,75,0,1136325
NIFTY26MAR2010000CE.NFO,07/01/2020,09:38:04,2228.1,2220.5,75,2248,75,0,1136325
NIFTY26MAR2010000CE.NFO,07/01/2020,09:38:07,2228.1,2220.55,75,2248,75,0,1136325
NIFTY26MAR2010000CE.NFO,07/01/2020,09:38:09,2228.1,2220.85,75,2248,75,0,1136325
NIFTY26MAR2010000CE.NFO,07/01/2020,09:38:10,2228.1,2221,75,2248,75,0,1136325
NIFTY26MAR2010000CE.NFO,07/01/2020,09:38:11,2228.1,2221.3,75,2248,75,0,1136325
NIFTY26MAR2010000CE.NFO,07/01/2020,09:38:12,2228.1,2221.6,75,2248,75,0,1136325
NIFTY26MAR2010000CE.NFO,07/01/2020,09:38:13,2228.1,2221.9,75,2248,75,0,1136325
NIFTY26MAR2010000CE.NFO,07/01/2020,09:38:14,2228.1,2222.2,75,2248,75,0,1136325
NIFTY26MAR2010000CE.NFO,07/01/2020,09:38:14,2228.1,2222.5,75,2248,75,0,1136325
NIFTY26MAR2010000CE.NFO,07/01/2020,09:38:15,2228.1,2222.8,75,2248,75,0,1136325
NIFTY26MAR2010000CE.NFO,07/01/2020,09:38:16,2228.1,2223.1,75,2248,75,0,1136325
NIFTY26MAR2010000CE.NFO,07/01/2020,09:38:17,2228.1,2223.55,75,2248,75,0,1136325
NIFTY26MAR2010000CE.NFO,07/01/2020,09:38:18,2228.1,2223.85,75,2248,75,0,1136325
NIFTY26MAR2010000CE.NFO,07/01/2020,09:38:19,2228.1,2223.9,75,2248,75,0,1136325
NIFTY26MAR2010000CE.NFO,07/01/2020,09:38:20,2228.1,2223.4,150,2248,75,0,1136325
NIFTY26MAR2010000CE.NFO,07/01/2020,09:38:21,2228.1,2223.7,75,2248,75,0,1136325
NIFTY26MAR2010000CE.NFO,07/01/2020,09:38:22,2228.1,2223.95,75,2248,75,0,1136325
NIFTY26MAR2010000CE.NFO,07/01/2020,09:38:23,2228.1,2223.8,75,2248,75,0,1136325
NIFTY26MAR2010000CE.NFO,07/01/2020,09:38:24,2228.1,2223.95,75,2248,75,0,1136325
NIFTY26MAR2010000CE.NFO,07/01/2020,09:38:26,2228.1,2223.85,75,2248,75,0,1136325
NIFTY26MAR2010000CE.NFO,07/01/2020,09:38:29,2228.1,2224.05,225,2248,75,0,1136325
NIFTY26MAR2010000CE.NFO,07/01/2020,09:38:31,2228.1,2223.95,75,2247.9,150,0,1136325
NIFTY26MAR2010000CE.NFO,07/01/2020,09:38:34,2228.1,2224.2,75,2247.9,150,0,1136325
NIFTY26MAR2010000CE.NFO,07/01/2020,09:38:37,2228.1,2224.2,150,2247.9,150,0,1136325
NIFTY26MAR2010000CE.NFO,07/01/2020,09:38:37,2228.1,2224.25,75,2247.9,150,0,1136325
NIFTY26MAR2010000CE.NFO,07/01/2020,09:38:39,2228.1,2224.3,75,2247.9,150,0,1136325
NIFTY26MAR2010000CE.NFO,07/01/2020,09:38:43,2228.1,2224.4,75,2247.9,150,0,1136325
NIFTY26MAR2010000CE.NFO,07/01/2020,09:38:45,2228.1,2224.35,75,2247.9,150,0,1136325
NIFTY26MAR2010000CE.NFO,07/01/2020,09:38:46,2228.1,2220.35,75,2247.9,150,0,1136325
NIFTY26MAR2010000CE.NFO,07/01/2020,09:38:47,2228.1,2220.15,75,2247.9,150,0,1136325
NIFTY26MAR2010000CE.NFO,07/01/2020,09:38:48,2228.1,2221.65,75,2247.7,75,0,1136325
NIFTY26MAR2010000CE.NFO,07/01/2020,09:38:51,2228.1,2220.95,75,2247.6,150,0,1136325
NIFTY26MAR2010000CE.NFO,07/01/2020,09:38:53,2228.1,2221.25,75,2247.6,150,0,1136325
NIFTY26MAR2010000CE.NFO,07/01/2020,09:38:54,2228.1,2221.75,225,2247.6,150,0,1136325
NIFTY26MAR2010000CE.NFO,07/01/2020,09:38:55,2228.1,2222.1,75,2247.6,150,0,1136325
NIFTY26MAR2010000CE.NFO,07/01/2020,09:38:56,2228.1,2221.75,225,2247.6,150,0,1136325
NIFTY26MAR2010000CE.NFO,07/01/2020,09:38:57,2228.1,2221.8,75,2247.6,150,0,1136325
NIFTY26MAR2010000CE.NFO,07/01/2020,09:38:59,2228.1,2222.25,75,2247.6,150,0,1136325
NIFTY26MAR2010000CE.NFO,07/01/2020,09:39:00,2228.1,2221.95,75,2247.6,150,0,1136325
NIFTY26MAR2010000CE.NFO,07/01/2020,09:39:01,2228.1,2222.25,75,2247.6,150,0,1136325
NIFTY26MAR2010000CE.NFO,07/01/2020,09:39:02,2228.1,2222.4,75,2247.6,150,0,1136325
NIFTY26MAR2010000CE.NFO,07/01/2020,09:39:05,2228.1,2222.7,75,2247.6,150,0,1136325
NIFTY26MAR2010000CE.NFO,07/01/2020,09:39:06,2228.1,2222.55,75,2247.6,150,0,1136325
NIFTY26MAR2010000CE.NFO,07/01/2020,09:39:08,2228.1,2222.7,75,2247.6,150,0,1136325
NIFTY26MAR2010000CE.NFO,07/01/2020,09:39:12,2228.1,2222.85,75,2247.6,150,0,1136325
NIFTY26MAR2010000CE.NFO,07/01/2020,09:39:13,2228.1,2222.85,75,2247.7,75,0,1136325
NIFTY26MAR2010000CE.NFO,07/01/2020,09:39:14,2228.1,2223.15,75,2247.7,75,0,1136325
NIFTY26MAR2010000CE.NFO,07/01/2020,09:39:15,2228.1,2223.1,150,2247.7,75,0,1136325
NIFTY26MAR2010000CE.NFO,07/01/2020,09:39:16,2228.1,2223.45,75,2247.7,75,0,1136325
NIFTY26MAR2010000CE.NFO,07/01/2020,09:39:17,2228.1,2223.75,75,2247.7,75,0,1136325
NIFTY26MAR2010000CE.NFO,07/01/2020,09:39:18,2228.1,2224.2,75,2247.7,75,0,1136325
NIFTY26MAR2010000CE.NFO,07/01/2020,09:39:20,2228.1,2224.65,75,2247.7,75,0,1136325
NIFTY26MAR2010000CE.NFO,07/01/2020,09:39:21,2228.1,2225.05,75,2247.7,75,0,1136325
NIFTY26MAR2010000CE.NFO,07/01/2020,09:39:22,2228.1,2225.35,75,2247.7,75,0,1136325
NIFTY26MAR2010000CE.NFO,07/01/2020,09:39:23,2228.1,2225.55,75,2247.7,75,0,1136325
NIFTY26MAR2010000CE.NFO,07/01/2020,09:39:25,2228.1,2224.9,225,2247.7,75,0,1136325
NIFTY26MAR2010000CE.NFO,07/01/2020,09:39:26,2228.1,2225.25,75,2247.7,75,0,1136325
NIFTY26MAR2010000CE.NFO,07/01/2020,09:39:27,2228.1,2225.55,75,2247.7,75,0,1136325
NIFTY26MAR2010000CE.NFO,07/01/2020,09:39:28,2228.1,2225.7,75,2247.7,75,0,1136325
NIFTY26MAR2010000CE.NFO,07/01/2020,09:39:29,2228.1,2224.35,75,2247.7,75,0,1136325
NIFTY26MAR2010000CE.NFO,07/01/2020,09:39:30,2228.1,2224.65,75,2247.7,75,0,1136325
NIFTY26MAR2010000CE.NFO,07/01/2020,09:39:31,2228.1,2225.8,75,2247.7,75,0,1136325
NIFTY26MAR2010000CE.NFO,07/01/2020,09:39:32,2228.1,2225.95,75,2247.7,75,0,1136325
NIFTY26MAR2010000CE.NFO,07/01/2020,09:39:33,2228.1,2225.9,75,2247.7,75,0,1136325
NIFTY26MAR2010000CE.NFO,07/01/2020,09:39:36,2228.1,2225.95,75,2247.7,75,0,1136325
NIFTY26MAR2010000CE.NFO,07/01/2020,09:39:39,2228.1,2226,225,2247.7,75,0,1136325
NIFTY26MAR2010000CE.NFO,07/01/2020,09:39:40,2228.1,2226.05,75,2247.7,75,0,1136325
NIFTY26MAR2010000CE.NFO,07/01/2020,09:39:43,2228.1,2226.05,225,2247.7,75,0,1136325
NIFTY26MAR2010000CE.NFO,07/01/2020,09:39:44,2228.1,2226.1,75,2247.7,75,0,1136325
NIFTY26MAR2010000CE.NFO,07/01/2020,09:39:46,2228.1,2226.2,75,2247.7,75,0,1136325
NIFTY26MAR2010000CE.NFO,07/01/2020,09:39:50,2228.1,2226.55,75,2247.7,75,0,1136325
NIFTY26MAR2010000CE.NFO,07/01/2020,09:39:51,2228.1,2226.35,75,2247.7,75,0,1136325
NIFTY26MAR2010000CE.NFO,07/01/2020,09:39:53,2228.1,2226.3,150,2247.7,75,0,1136325
NIFTY26MAR2010000CE.NFO,07/01/2020,09:39:53,2228.1,2226.6,75,2247.7,75,0,1136325
NIFTY26MAR2010000CE.NFO,07/01/2020,09:39:54,2228.1,2226.5,75,2247.7,75,0,1136325
NIFTY26MAR2010000CE.NFO,07/01/2020,09:39:57,2228.1,2226.6,75,2247.7,75,0,1136325
NIFTY26MAR2010000CE.NFO,07/01/2020,09:39:58,2228.1,2226.6,300,2247.7,75,0,1136325
NIFTY26MAR2010000CE.NFO,07/01/2020,09:39:59,2228.1,2226.65,75,2247.7,75,0,1136325
NIFTY26MAR2010000CE.NFO,07/01/2020,09:40:01,2228.1,2226.7,75,2247.7,75,0,1136325
NIFTY26MAR2010000CE.NFO,07/01/2020,09:40:02,2228.1,2227.1,75,2247.7,75,0,1136325
NIFTY26MAR2010000CE.NFO,07/01/2020,09:40:03,2228.1,2227.4,75,2247.7,75,0,1136325
NIFTY26MAR2010000CE.NFO,07/01/2020,09:40:05,2228.1,2227.7,75,2250,75,0,1136325
NIFTY26MAR2010000CE.NFO,07/01/2020,09:40:06,2228.1,2228,75,2250,75,0,1136325
NIFTY26MAR2010000CE.NFO,07/01/2020,09:40:07,2228.1,2228.6,75,2250,75,0,1136325
NIFTY26MAR2010000CE.NFO,07/01/2020,09:40:08,2228.1,2228.9,75,2250,75,0,1136325
NIFTY26MAR2010000CE.NFO,07/01/2020,09:40:10,2228.1,2229.35,75,2250,75,0,1136325
NIFTY26MAR2010000CE.NFO,07/01/2020,09:40:11,2228.1,2229.65,75,2250,75,0,1136325
NIFTY26MAR2010000CE.NFO,07/01/2020,09:40:12,2228.1,2230.35,75,2250,75,0,1136325
NIFTY26MAR2010000CE.NFO,07/01/2020,09:40:13,2228.1,2230.65,75,2250,75,0,1136325
NIFTY26MAR2010000CE.NFO,07/01/2020,09:40:14,2228.1,2229.6,75,2250,75,0,1136325
NIFTY26MAR2010000CE.NFO,07/01/2020,09:40:15,2228.1,2230.1,75,2250,75,0,1136325
NIFTY26MAR2010000CE.NFO,07/01/2020,09:40:16,2228.1,2230.05,150,2250,75,0,1136325
NIFTY26MAR2010000CE.NFO,07/01/2020,09:40:18,2228.1,2230.75,75,2250,75,0,1136325
NIFTY26MAR2010000CE.NFO,07/01/2020,09:40:21,2228.1,2225.25,75,2250,75,0,1136325
NIFTY26MAR2010000CE.NFO,07/01/2020,09:40:22,2228.1,2225.55,75,2250,75,0,1136325
NIFTY26MAR2010000CE.NFO,07/01/2020,09:40:23,2228.1,2221.5,75,2250,75,0,1136325
NIFTY26MAR2010000CE.NFO,07/01/2020,09:40:25,2228.1,2225.35,225,2250,75,0,1136325
NIFTY26MAR2010000CE.NFO,07/01/2020,09:40:26,2228.1,2225.55,75,2250,75,0,1136325
NIFTY26MAR2010000CE.NFO,07/01/2020,09:40:27,2228.1,2225.85,75,2250,75,0,1136325
NIFTY26MAR2010000CE.NFO,07/01/2020,09:40:29,2228.1,2226.7,75,2250,75,0,1136325
NIFTY26MAR2010000CE.NFO,07/01/2020,09:40:30,2228.1,2227.2,75,2250,75,0,1136325
NIFTY26MAR2010000CE.NFO,07/01/2020,09:40:31,2228.1,2227.5,75,2250,75,0,1136325
NIFTY26MAR2010000CE.NFO,07/01/2020,09:40:32,2228.1,2227.95,75,2250,75,0,1136325
NIFTY26MAR2010000CE.NFO,07/01/2020,09:40:33,2228.1,2226.4,75,2250,75,0,1136325
NIFTY26MAR2010000CE.NFO,07/01/2020,09:40:34,2228.1,2227.65,75,2250,75,0,1136325
NIFTY26MAR2010000CE.NFO,07/01/2020,09:40:35,2228.1,2227.5,75,2250,75,0,1136325
NIFTY26MAR2010000CE.NFO,07/01/2020,09:40:38,2228.1,2226.55,75,2250,75,0,1136325
NIFTY26MAR2010000CE.NFO,07/01/2020,09:40:39,2228.1,2227.8,75,2250,75,0,1136325
NIFTY26MAR2010000CE.NFO,07/01/2020,09:40:40,2228.1,2227.1,75,2250,75,0,1136325
NIFTY26MAR2010000CE.NFO,07/01/2020,09:40:41,2228.1,2227.85,75,2250,75,0,1136325
NIFTY26MAR2010000CE.NFO,07/01/2020,09:40:42,2228.1,2228,75,2250,75,0,1136325
NIFTY26MAR2010000CE.NFO,07/01/2020,09:40:43,2228.1,2228.35,75,2250,75,0,1136325
NIFTY26MAR2010000CE.NFO,07/01/2020,09:40:44,2228.1,2228.65,75,2250,75,0,1136325
NIFTY26MAR2010000CE.NFO,07/01/2020,09:40:46,2228.1,2227.4,75,2250,75,0,1136325
NIFTY26MAR2010000CE.NFO,07/01/2020,09:40:47,2228.1,2227.7,75,2250,75,0,1136325
NIFTY26MAR2010000CE.NFO,07/01/2020,09:40:48,2228.1,2228.45,225,2250,75,0,1136325
NIFTY26MAR2010000CE.NFO,07/01/2020,09:40:49,2228.1,2228.65,150,2250,75,0,1136325
NIFTY26MAR2010000CE.NFO,07/01/2020,09:40:50,2228.1,2228.5,75,2250,75,0,1136325
NIFTY26MAR2010000CE.NFO,07/01/2020,09:40:51,2228.1,2228.65,75,2250,75,0,1136325
NIFTY26MAR2010000CE.NFO,07/01/2020,09:40:52,2228.1,2228,75,2250,75,0,1136325
NIFTY26MAR2010000CE.NFO,07/01/2020,09:40:53,2228.1,2228.55,75,2250,75,0,1136325
NIFTY26MAR2010000CE.NFO,07/01/2020,09:40:54,2228.1,2228.75,75,2250,75,0,1136325
NIFTY26MAR2010000CE.NFO,07/01/2020,09:40:56,2228.1,2228.65,75,2250,75,0,1136325
NIFTY26MAR2010000CE.NFO,07/01/2020,09:40:57,2228.1,2228.7,75,2250,75,0,1136325
NIFTY26MAR2010000CE.NFO,07/01/2020,09:40:59,2228.1,2228.65,225,2250,75,0,1136325
NIFTY26MAR2010000CE.NFO,07/01/2020,09:41:01,2228.1,2228.75,225,2250,75,0,1136325
NIFTY26MAR2010000CE.NFO,07/01/2020,09:41:02,2228.1,2228.8,75,2250,75,0,1136325
NIFTY26MAR2010000CE.NFO,07/01/2020,09:41:04,2228.1,2228.8,150,2250,75,0,1136325
NIFTY26MAR2010000CE.NFO,07/01/2020,09:41:08,2228.1,2228.9,75,2250,75,0,1136325
NIFTY26MAR2010000CE.NFO,07/01/2020,09:41:11,2228.1,2228.95,225,2250,75,0,1136325
NIFTY26MAR2010000CE.NFO,07/01/2020,09:41:14,2228.1,2229,225,2250,75,0,1136325
NIFTY26MAR2010000CE.NFO,07/01/2020,09:41:17,2228.1,2229.05,75,2250,75,0,1136325
NIFTY26MAR2010000CE.NFO,07/01/2020,09:41:18,2228.1,2229.05,225,2250,75,0,1136325
NIFTY26MAR2010000CE.NFO,07/01/2020,09:41:20,2228.1,2229.1,225,2250,75,0,1136325
NIFTY26MAR2010000CE.NFO,07/01/2020,09:41:22,2228.1,2229.15,75,2250,75,0,1136325
NIFTY26MAR2010000CE.NFO,07/01/2020,09:41:23,2228.1,2229.15,225,2250,75,0,1136325
NIFTY26MAR2010000CE.NFO,07/01/2020,09:41:25,2228.1,2229.2,75,2250,75,0,1136325
NIFTY26MAR2010000CE.NFO,07/01/2020,09:41:26,2228.1,2229.2,225,2250,75,0,1136325
NIFTY26MAR2010000CE.NFO,07/01/2020,09:41:27,2228.1,2229.25,75,2250,75,0,1136325
NIFTY26MAR2010000CE.NFO,07/01/2020,09:41:29,2228.1,2229.25,225,2250,75,0,1136325
NIFTY26MAR2010000CE.NFO,07/01/2020,09:41:30,2228.1,2229.3,75,2250,75,0,1136325
NIFTY26MAR2010000CE.NFO,07/01/2020,09:41:32,2228.1,2229.3,225,2250,75,0,1136325
NIFTY26MAR2010000CE.NFO,07/01/2020,09:41:33,2228.1,2229.35,75,2250,75,0,1136325
NIFTY26MAR2010000CE.NFO,07/01/2020,09:41:36,2228.1,2229.4,75,2250,75,0,1136325
NIFTY26MAR2010000CE.NFO,07/01/2020,09:41:37,2228.1,2229.45,225,2250,75,0,1136325
NIFTY26MAR2010000CE.NFO,07/01/2020,09:41:38,2228.1,2229.5,75,2250,75,0,1136325
NIFTY26MAR2010000CE.NFO,07/01/2020,09:41:40,2228.1,2229.6,75,2250,75,0,1136325
NIFTY26MAR2010000CE.NFO,07/01/2020,09:41:43,2228.1,2229.65,75,2250,75,0,1136325
NIFTY26MAR2010000CE.NFO,07/01/2020,09:41:45,2228.1,2229.7,75,2250,75,0,1136325
NIFTY26MAR2010000CE.NFO,07/01/2020,09:41:47,2228.1,2229.75,75,2250,75,0,1136325
NIFTY26MAR2010000CE.NFO,07/01/2020,09:41:49,2228.1,2229.85,75,2250,75,0,1136325
NIFTY26MAR2010000CE.NFO,07/01/2020,09:41:51,2228.1,2229.8,225,2250,75,0,1136325
NIFTY26MAR2010000CE.NFO,07/01/2020,09:41:52,2228.1,2229.95,75,2250,75,0,1136325
NIFTY26MAR2010000CE.NFO,07/01/2020,09:41:55,2228.1,2229.9,75,2250,75,0,1136325
NIFTY26MAR2010000CE.NFO,07/01/2020,09:41:58,2228.1,2229.95,150,2250,75,0,1136325
NIFTY26MAR2010000CE.NFO,07/01/2020,09:42:01,2228.1,2230,75,2250,75,0,1136325
NIFTY26MAR2010000CE.NFO,07/01/2020,09:42:04,2228.1,2230.05,75,2250,75,0,1136325
NIFTY26MAR2010000CE.NFO,07/01/2020,09:42:05,2228.1,2230.05,225,2250,75,0,1136325
NIFTY26MAR2010000CE.NFO,07/01/2020,09:42:06,2228.1,2230.1,75,2250,75,0,1136325
NIFTY26MAR2010000CE.NFO,07/01/2020,09:42:07,2228.1,2230.1,225,2250,75,0,1136325
NIFTY26MAR2010000CE.NFO,07/01/2020,09:42:09,2228.1,2230.15,75,2250,75,0,1136325
NIFTY26MAR2010000CE.NFO,07/01/2020,09:42:10,2228.1,2230.15,225,2250,75,0,1136325
NIFTY26MAR2010000CE.NFO,07/01/2020,09:42:13,2228.1,2230.2,75,2250,75,0,1136325
NIFTY26MAR2010000CE.NFO,07/01/2020,09:42:16,2228.1,2230.25,75,2250,75,0,1136325
NIFTY26MAR2010000CE.NFO,07/01/2020,09:42:19,2228.1,2230.3,75,2250,75,0,1136325
NIFTY26MAR2010000CE.NFO,07/01/2020,09:42:22,2228.1,2227.8,150,2250,75,0,1136325
NIFTY26MAR2010000CE.NFO,07/01/2020,09:42:24,2228.1,2228.05,75,2250,75,0,1136325
NIFTY26MAR2010000CE.NFO,07/01/2020,09:42:25,2228.1,2230.35,150,2250,75,0,1136325
NIFTY26MAR2010000CE.NFO,07/01/2020,09:42:27,2228.1,2230.4,75,2250,75,0,1136325
NIFTY26MAR2010000CE.NFO,07/01/2020,09:42:28,2228.1,2228.7,75,2250,75,0,1136325
NIFTY26MAR2010000CE.NFO,07/01/2020,09:42:30,2228.1,2229,75,2250,75,0,1136325
NIFTY26MAR2010000CE.NFO,07/01/2020,09:42:31,2228.1,2229.45,75,2250,75,0,1136325
NIFTY26MAR2010000CE.NFO,07/01/2020,09:42:32,2228.1,2230.55,75,2250,75,0,1136325
NIFTY26MAR2010000CE.NFO,07/01/2020,09:42:35,2228.1,2230.95,75,2250,75,0,1136325
NIFTY26MAR2010000CE.NFO,07/01/2020,09:42:36,2228.1,2231.3,75,2250,75,0,1136325
NIFTY26MAR2010000CE.NFO,07/01/2020,09:42:37,2228.1,2230.75,75,2250,75,0,1136325
NIFTY26MAR2010000CE.NFO,07/01/2020,09:42:38,2228.1,2231.05,75,2250,75,0,1136325
NIFTY26MAR2010000CE.NFO,07/01/2020,09:42:40,2228.1,2231.35,75,2250,75,0,1136325
NIFTY26MAR2010000CE.NFO,07/01/2020,09:42:41,2228.1,2231.7,75,2250,75,0,1136325
NIFTY26MAR2010000CE.NFO,07/01/2020,09:42:42,2228.1,2231.3,75,2250,75,0,1136325
NIFTY26MAR2010000CE.NFO,07/01/2020,09:42:43,2228.1,2230.9,75,2250,75,0,1136325
NIFTY26MAR2010000CE.NFO,07/01/2020,09:42:45,2228.1,2231.75,225,2250,75,0,1136325
NIFTY26MAR2010000CE.NFO,07/01/2020,09:42:48,2228.1,2231,75,2250,75,0,1136325
NIFTY26MAR2010000CE.NFO,07/01/2020,09:42:52,2228.1,2228.8,75,2250,75,0,1136325
NIFTY26MAR2010000CE.NFO,07/01/2020,09:42:53,2228.1,2229.05,75,2250,75,0,1136325
NIFTY26MAR2010000CE.NFO,07/01/2020,09:42:54,2228.1,2226.05,75,2250,75,0,1136325
NIFTY26MAR2010000CE.NFO,07/01/2020,09:42:55,2228.1,2229.2,75,2250,75,0,1136325
NIFTY26MAR2010000CE.NFO,07/01/2020,09:43:00,2228.1,2226.7,75,2250,75,0,1136325
NIFTY26MAR2010000CE.NFO,07/01/2020,09:43:01,2228.1,2227.25,75,2250,75,0,1136325
NIFTY26MAR2010000CE.NFO,07/01/2020,09:43:02,2228.1,2229.35,75,2250,75,0,1136325
NIFTY26MAR2010000CE.NFO,07/01/2020,09:43:05,2228.1,2229.45,75,2250,75,0,1136325
NIFTY26MAR2010000CE.NFO,07/01/2020,09:43:07,2228.1,2229.55,225,2250,75,0,1136325
NIFTY26MAR2010000CE.NFO,07/01/2020,09:43:08,2228.1,2229.6,75,2250,75,0,1136325
NIFTY26MAR2010000CE.NFO,07/01/2020,09:43:09,2228.1,2229.55,225,2250,75,0,1136325
NIFTY26MAR2010000CE.NFO,07/01/2020,09:43:10,2228.1,2229.7,75,2250,75,0,1136325
NIFTY26MAR2010000CE.NFO,07/01/2020,09:43:11,2228.1,2229.75,75,2250,75,0,1136325
NIFTY26MAR2010000CE.NFO,07/01/2020,09:43:13,2228.1,2229.7,75,2250,75,0,1136325
NIFTY26MAR2010000CE.NFO,07/01/2020,09:43:14,2228.1,2229.85,75,2250,75,0,1136325
NIFTY26MAR2010000CE.NFO,07/01/2020,09:43:16,2228.1,2229.9,75,2250,75,0,1136325
NIFTY26MAR2010000CE.NFO,07/01/2020,09:43:18,2228.1,2230,75,2250,75,0,1136325
NIFTY26MAR2010000CE.NFO,07/01/2020,09:43:21,2228.1,2230.15,75,2250,75,0,1136325
NIFTY26MAR2010000CE.NFO,07/01/2020,09:43:22,2228.1,2230.25,75,2250,75,0,1136325
NIFTY26MAR2010000CE.NFO,07/01/2020,09:43:23,2228.1,2230.15,75,2250,75,0,1136325
NIFTY26MAR2010000CE.NFO,07/01/2020,09:43:24,2228.1,2230.15,150,2250,75,0,1136325
NIFTY26MAR2010000CE.NFO,07/01/2020,09:43:25,2228.1,2230.2,75,2250,75,0,1136325
NIFTY26MAR2010000CE.NFO,07/01/2020,09:43:26,2228.1,2230.3,75,2250,75,0,1136325
NIFTY26MAR2010000CE.NFO,07/01/2020,09:43:30,2228.1,2230.35,75,2250,75,0,1136325
NIFTY26MAR2010000CE.NFO,07/01/2020,09:43:30,2228.1,2230.4,150,2250,75,0,1136325
NIFTY26MAR2010000CE.NFO,07/01/2020,09:43:32,2228.1,2230.45,75,2250,75,0,1136325
NIFTY26MAR2010000CE.NFO,07/01/2020,09:43:33,2228.1,2230.5,75,2250,75,0,1136325
NIFTY26MAR2010000CE.NFO,07/01/2020,09:43:34,2228.1,2230.45,75,2250,75,0,1136325
NIFTY26MAR2010000CE.NFO,07/01/2020,09:43:36,2228.1,2230.55,75,2250,75,0,1136325
NIFTY26MAR2010000CE.NFO,07/01/2020,09:43:37,2228.1,2230.5,225,2250,75,0,1136325
NIFTY26MAR2010000CE.NFO,07/01/2020,09:43:38,2228.1,2230.65,75,2250,75,0,1136325
NIFTY26MAR2010000CE.NFO,07/01/2020,09:43:40,2228.1,2230.6,150,2250,75,0,1136325
NIFTY26MAR2010000CE.NFO,07/01/2020,09:43:42,2228.1,2230.8,75,2250,75,0,1136325
NIFTY26MAR2010000CE.NFO,07/01/2020,09:43:45,2228.1,2230.75,75,2250,75,0,1136325
NIFTY26MAR2010000CE.NFO,07/01/2020,09:43:49,2228.1,2230.9,300,2250,75,0,1136325
NIFTY26MAR2010000CE.NFO,07/01/2020,09:43:49,2228.1,2230.95,75,2250,75,0,1136325
NIFTY26MAR2010000CE.NFO,07/01/2020,09:43:51,2228.1,2230.9,75,2250,75,0,1136325
NIFTY26MAR2010000CE.NFO,07/01/2020,09:43:54,2228.1,2231.2,75,2250,75,0,1136325
NIFTY26MAR2010000CE.NFO,07/01/2020,09:43:55,2228.1,2231.05,225,2250,75,0,1136325
NIFTY26MAR2010000CE.NFO,07/01/2020,09:43:56,2228.1,2231,75,2250,75,0,1136325
NIFTY26MAR2010000CE.NFO,07/01/2020,09:44:00,2228.1,2231.15,75,2250,75,0,1136325
NIFTY26MAR2010000CE.NFO,07/01/2020,09:44:01,2228.1,2231.2,75,2250,75,0,1136325
NIFTY26MAR2010000CE.NFO,07/01/2020,09:44:03,2228.1,2231.35,75,2250,75,0,1136325
NIFTY26MAR2010000CE.NFO,07/01/2020,09:44:07,2228.1,2231.5,75,2250,75,0,1136325
NIFTY26MAR2010000CE.NFO,07/01/2020,09:44:09,2228.1,2231.65,75,2250,75,0,1136325
NIFTY26MAR2010000CE.NFO,07/01/2020,09:44:13,2228.1,2231.8,75,2250,75,0,1136325
NIFTY26MAR2010000CE.NFO,07/01/2020,09:44:16,2228.1,2231.9,300,2250,75,0,1136325
NIFTY26MAR2010000CE.NFO,07/01/2020,09:44:18,2228.1,2231.95,75,2250,75,0,1136325
NIFTY26MAR2010000CE.NFO,07/01/2020,09:44:20,2228.1,2232.05,75,2250,75,0,1136325
NIFTY26MAR2010000CE.NFO,07/01/2020,09:44:21,2228.1,2232.2,75,2250,75,0,1136325
NIFTY26MAR2010000CE.NFO,07/01/2020,09:44:23,2228.1,2232.25,75,2250,75,0,1136325
NIFTY26MAR2010000CE.NFO,07/01/2020,09:44:25,2228.1,2232.25,225,2250,75,0,1136325
NIFTY26MAR2010000CE.NFO,07/01/2020,09:44:26,2228.1,2232.3,150,2250,75,0,1136325
NIFTY26MAR2010000CE.NFO,07/01/2020,09:44:27,2228.1,2232.35,75,2250,75,0,1136325
NIFTY26MAR2010000CE.NFO,07/01/2020,09:44:29,2228.1,2232.45,150,2250,75,0,1136325
NIFTY26MAR2010000CE.NFO,07/01/2020,09:44:30,2228.1,2232.35,75,2250,75,0,1136325
NIFTY26MAR2010000CE.NFO,07/01/2020,09:44:32,2228.1,2232.4,225,2250,75,0,1136325
NIFTY26MAR2010000CE.NFO,07/01/2020,09:44:35,2228.1,2232.45,225,2250,75,0,1136325
NIFTY26MAR2010000CE.NFO,07/01/2020,09:44:39,2228.1,2232.5,225,2250,75,0,1136325
NIFTY26MAR2010000CE.NFO,07/01/2020,09:44:40,2228.1,2232.55,75,2250,75,0,1136325
NIFTY26MAR2010000CE.NFO,07/01/2020,09:44:41,2228.1,2232.55,225,2250,75,0,1136325
NIFTY26MAR2010000CE.NFO,07/01/2020,09:44:42,2228.1,2232.6,75,2250,75,0,1136325
NIFTY26MAR2010000CE.NFO,07/01/2020,09:44:43,2228.1,2232.55,225,2250,75,0,1136325
NIFTY26MAR2010000CE.NFO,07/01/2020,09:44:44,2228.1,2232.6,225,2250,75,0,1136325
NIFTY26MAR2010000CE.NFO,07/01/2020,09:44:47,2228.1,2232.65,225,2250,75,0,1136325
NIFTY26MAR2010000CE.NFO,07/01/2020,09:44:51,2228.1,2232.7,75,2250,75,0,1136325
NIFTY26MAR2010000CE.NFO,07/01/2020,09:44:52,2228.1,2232.75,75,2250,75,0,1136325
NIFTY26MAR2010000CE.NFO,07/01/2020,09:44:54,2228.1,2232.75,225,2250,75,0,1136325
NIFTY26MAR2010000CE.NFO,07/01/2020,09:44:55,2228.1,2232.8,150,2250,75,0,1136325
NIFTY26MAR2010000CE.NFO,07/01/2020,09:44:57,2228.1,2232.8,225,2250,75,0,1136325
NIFTY26MAR2010000CE.NFO,07/01/2020,09:44:58,2228.1,2232.8,75,2250,75,0,1136325
NIFTY26MAR2010000CE.NFO,07/01/2020,09:45:00,2228.1,2232.9,75,2250,75,0,1136325
NIFTY26MAR2010000CE.NFO,07/01/2020,09:45:03,2228.1,2232.95,75,2250,75,0,1136325
NIFTY26MAR2010000CE.NFO,07/01/2020,09:45:04,2228.1,2233,75,2250,75,0,1136325
NIFTY26MAR2010000CE.NFO,07/01/2020,09:45:05,2228.1,2233.05,75,2250,75,0,1136325
NIFTY26MAR2010000CE.NFO,07/01/2020,09:45:08,2228.1,2233.6,75,2250,75,0,1136325
NIFTY26MAR2010000CE.NFO,07/01/2020,09:45:09,2228.1,2233.8,75,2250,75,0,1136325
NIFTY26MAR2010000CE.NFO,07/01/2020,09:45:11,2228.1,2234.1,75,2250,75,0,1136325
NIFTY26MAR2010000CE.NFO,07/01/2020,09:45:12,2228.1,2233.85,75,2250,75,0,1136325
NIFTY26MAR2010000CE.NFO,07/01/2020,09:45:14,2228.1,2234.15,75,2250,75,0,1136325
NIFTY26MAR2010000CE.NFO,07/01/2020,09:45:15,2228.1,2234.55,75,2250,75,0,1136325
NIFTY26MAR2010000CE.NFO,07/01/2020,09:45:16,2228.1,2233.95,75,2250,75,0,1136325
NIFTY26MAR2010000CE.NFO,07/01/2020,09:45:18,2228.1,2234.25,75,2250,75,0,1136325
NIFTY26MAR2010000CE.NFO,07/01/2020,09:45:19,2228.1,2234.75,75,2250,75,0,1136325
NIFTY26MAR2010000CE.NFO,07/01/2020,09:45:20,2228.1,2235.2,75,2250,75,0,1136325
NIFTY26MAR2010000CE.NFO,07/01/2020,09:45:23,2228.1,2234.65,75,2250,75,0,1136325
NIFTY26MAR2010000CE.NFO,07/01/2020,09:45:24,2228.1,2234.4,75,2250,75,0,1136325
NIFTY26MAR2010000CE.NFO,07/01/2020,09:45:25,2228.1,2235.3,75,2250,75,0,1136325
NIFTY26MAR2010000CE.NFO,07/01/2020,09:45:26,2228.1,2235.35,75,2250,75,0,1136325
NIFTY26MAR2010000CE.NFO,07/01/2020,09:45:30,2228.1,2234.85,75,2250,75,0,1136325
NIFTY26MAR2010000CE.NFO,07/01/2020,09:45:31,2228.1,2234.7,75,2250,75,0,1136325
NIFTY26MAR2010000CE.NFO,07/01/2020,09:45:32,2228.1,2235.45,225,2250,75,0,1136325
NIFTY26MAR2010000CE.NFO,07/01/2020,09:45:33,2228.1,2235.5,75,2250,75,0,1136325
NIFTY26MAR2010000CE.NFO,07/01/2020,09:45:35,2228.1,2234.8,225,2250,75,0,1136325
NIFTY26MAR2010000CE.NFO,07/01/2020,09:45:37,2228.1,2234.85,75,2250,75,0,1136325
NIFTY26MAR2010000CE.NFO,07/01/2020,09:45:39,2228.1,2235.65,75,2250,75,0,1136325
NIFTY26MAR2010000CE.NFO,07/01/2020,09:45:42,2228.1,2235.65,75,2262.5,525,0,1136325
NIFTY26MAR2010000CE.NFO,07/01/2020,09:45:44,2228.1,2235.15,75,2255,75,0,1136325
NIFTY26MAR2010000CE.NFO,07/01/2020,09:45:47,2228.1,2235.75,75,2255,75,0,1136325
NIFTY26MAR2010000CE.NFO,07/01/2020,09:45:48,2228.1,2235.8,75,2255,75,0,1136325
NIFTY26MAR2010000CE.NFO,07/01/2020,09:45:51,2228.1,2235.85,75,2255,75,0,1136325
NIFTY26MAR2010000CE.NFO,07/01/2020,09:45:52,2228.1,2235.8,225,2255,75,0,1136325
NIFTY26MAR2010000CE.NFO,07/01/2020,09:45:53,2228.1,2235.9,75,2255,75,0,1136325
NIFTY26MAR2010000CE.NFO,07/01/2020,09:45:57,2228.1,2235.95,225,2255,75,0,1136325
NIFTY26MAR2010000CE.NFO,07/01/2020,09:46:00,2228.1,2236,225,2255,75,0,1136325
NIFTY26MAR2010000CE.NFO,07/01/2020,09:46:03,2228.1,2236,150,2255,75,0,1136325
NIFTY26MAR2010000CE.NFO,07/01/2020,09:46:05,2228.1,2236.05,150,2255,75,0,1136325
NIFTY26MAR2010000CE.NFO,07/01/2020,09:46:07,2228.1,2228.15,150,2255,75,0,1136325
NIFTY26MAR2010000CE.NFO,07/01/2020,09:46:08,2228.1,2233.15,75,2255,75,0,1136325
NIFTY26MAR2010000CE.NFO,07/01/2020,09:46:09,2228.1,2233.7,75,2255,75,0,1136325
NIFTY26MAR2010000CE.NFO,07/01/2020,09:46:10,2228.1,2234,75,2255,75,0,1136325
NIFTY26MAR2010000CE.NFO,07/01/2020,09:46:11,2228.1,2233.05,75,2255,75,0,1136325
NIFTY26MAR2010000CE.NFO,07/01/2020,09:46:13,2228.1,2233.35,75,2255,75,0,1136325
NIFTY26MAR2010000CE.NFO,07/01/2020,09:46:14,2228.1,2234.15,75,2255,75,0,1136325
NIFTY26MAR2010000CE.NFO,07/01/2020,09:46:15,2228.1,2233.85,75,2255,75,0,1136325
NIFTY26MAR2010000CE.NFO,07/01/2020,09:46:15,2228.1,2234.1,75,2255,75,0,1136325
NIFTY26MAR2010000CE.NFO,07/01/2020,09:46:17,2228.1,2233.95,75,2255,75,0,1136325
NIFTY26MAR2010000CE.NFO,07/01/2020,09:46:18,2228.1,2233.5,75,2255,75,0,1136325
NIFTY26MAR2010000CE.NFO,07/01/2020,09:46:19,2228.1,2234.25,75,2255,75,0,1136325
NIFTY26MAR2010000CE.NFO,07/01/2020,09:46:23,2228.1,2234.35,75,2255,75,0,1136325
NIFTY26MAR2010000CE.NFO,07/01/2020,09:46:24,2228.1,2234.3,225,2255,75,0,1136325
NIFTY26MAR2010000CE.NFO,07/01/2020,09:46:25,2228.1,2234.35,225,2255,75,0,1136325
NIFTY26MAR2010000CE.NFO,07/01/2020,09:46:27,2228.1,2234.45,225,2255,75,0,1136325
NIFTY26MAR2010000CE.NFO,07/01/2020,09:46:28,2228.1,2234.45,75,2255,75,0,1136325
NIFTY26MAR2010000CE.NFO,07/01/2020,09:46:31,2228.1,2234.55,75,2255,75,0,1136325
NIFTY26MAR2010000CE.NFO,07/01/2020,09:46:33,2228.1,2227.1,150,2255,75,0,1136325
NIFTY26MAR2010000CE.NFO,07/01/2020,09:46:34,2228.1,2235.05,1725,2254.95,150,0,1136325
NIFTY26MAR2010000CE.NFO,07/01/2020,09:46:37,2228.1,2234.85,150,2254.95,150,0,1136325
NIFTY26MAR2010000CE.NFO,07/01/2020,09:46:38,2228.1,2234.25,150,2254.95,150,0,1136325
NIFTY26MAR2010000CE.NFO,07/01/2020,09:46:39,2228.1,2234.5,150,2254.95,150,0,1136325
NIFTY26MAR2010000CE.NFO,07/01/2020,09:46:40,2228.1,2234.35,150,2254.95,150,0,1136325
NIFTY26MAR2010000CE.NFO,07/01/2020,09:46:41,2228.1,2233.6,150,2254.95,150,0,1136325
NIFTY26MAR2010000CE.NFO,07/01/2020,09:46:43,2228.1,2233.05,150,2254.9,225,0,1136325
NIFTY26MAR2010000CE.NFO,07/01/2020,09:46:44,2228.1,2233,150,2254.9,225,0,1136325
NIFTY26MAR2010000CE.NFO,07/01/2020,09:46:46,2228.1,2233.25,150,2254.9,225,0,1136325
NIFTY26MAR2010000CE.NFO,07/01/2020,09:46:49,2228.1,2233.5,150,2254.9,225,0,1136325
NIFTY26MAR2010000CE.NFO,07/01/2020,09:46:50,2228.1,2233.5,600,2252,75,0,1136325
NIFTY26MAR2010000CE.NFO,07/01/2020,09:46:51,2228.1,2233,600,2251.95,150,0,1136325
NIFTY26MAR2010000CE.NFO,07/01/2020,09:47:01,2228.1,2232.7,600,2251.95,150,0,1136325
NIFTY26MAR2010000CE.NFO,07/01/2020,09:47:02,2228.1,2232.4,600,2251.95,150,0,1136325
NIFTY26MAR2010000CE.NFO,07/01/2020,09:47:03,2228.1,2232.65,600,2251.95,150,0,1136325
NIFTY26MAR2010000CE.NFO,07/01/2020,09:47:05,2228.1,2232.8,600,2251.95,150,0,1136325
NIFTY26MAR2010000CE.NFO,07/01/2020,09:47:08,2228.1,2232.25,600,2251.95,150,0,1136325
NIFTY26MAR2010000CE.NFO,07/01/2020,09:47:10,2228.1,2231.8,600,2251.95,150,0,1136325
NIFTY26MAR2010000CE.NFO,07/01/2020,09:47:12,2228.1,2232.05,600,2251.95,150,0,1136325
NIFTY26MAR2010000CE.NFO,07/01/2020,09:47:15,2228.1,2232.3,600,2251.95,150,0,1136325
NIFTY26MAR2010000CE.NFO,07/01/2020,09:47:17,2228.1,2232.55,600,2251.95,150,0,1136325
NIFTY26MAR2010000CE.NFO,07/01/2020,09:47:18,2228.1,2232.8,600,2251.95,150,0,1136325
NIFTY26MAR2010000CE.NFO,07/01/2020,09:47:27,2228.1,2232.75,600,2251.95,150,0,1136325
NIFTY26MAR2010000CE.NFO,07/01/2020,09:47:28,2228.1,2232.4,600,2251.95,150,0,1136325
NIFTY26MAR2010000CE.NFO,07/01/2020,09:47:29,2228.1,2233.2,600,2251.95,150,0,1136325
NIFTY26MAR2010000CE.NFO,07/01/2020,09:47:32,2228.1,2233.45,600,2251.95,150,0,1136325
NIFTY26MAR2010000CE.NFO,07/01/2020,09:47:33,2228.1,2233.65,600,2251.95,150,0,1136325
NIFTY26MAR2010000CE.NFO,07/01/2020,09:47:36,2228.1,2233.6,600,2251.95,150,0,1136325
NIFTY26MAR2010000CE.NFO,07/01/2020,09:47:38,2228.1,2234.1,600,2251.95,150,0,1136325
NIFTY26MAR2010000CE.NFO,07/01/2020,09:47:39,2228.1,2234.35,600,2251.95,150,0,1136325
NIFTY26MAR2010000CE.NFO,07/01/2020,09:47:41,2228.1,2234.05,600,2251.95,150,0,1136325
NIFTY26MAR2010000CE.NFO,07/01/2020,09:47:42,2228.1,2233.95,600,2251.95,150,0,1136325
NIFTY26MAR2010000CE.NFO,07/01/2020,09:47:43,2228.1,2233.9,600,2251.95,150,0,1136325
NIFTY26MAR2010000CE.NFO,07/01/2020,09:47:44,2228.1,2234.45,600,2251.95,150,0,1136325
NIFTY26MAR2010000CE.NFO,07/01/2020,09:47:47,2228.1,2234.15,600,2251.95,150,0,1136325
NIFTY26MAR2010000CE.NFO,07/01/2020,09:47:50,2228.1,2234.4,600,2251.95,150,0,1136325
NIFTY26MAR2010000CE.NFO,07/01/2020,09:47:52,2228.1,2234.1,600,2251.95,150,0,1136325
NIFTY26MAR2010000CE.NFO,07/01/2020,09:47:56,2228.1,2233.4,600,2251.95,150,0,1136325
NIFTY26MAR2010000CE.NFO,07/01/2020,09:48:02,2228.1,2233.15,600,2251.95,150,0,1136325
NIFTY26MAR2010000CE.NFO,07/01/2020,09:48:09,2228.1,2233.3,600,2251.95,150,0,1136325
NIFTY26MAR2010000CE.NFO,07/01/2020,09:48:11,2228.1,2233.05,600,2251.95,150,0,1136325
NIFTY26MAR2010000CE.NFO,07/01/2020,09:48:15,2228.1,2232.7,600,2251.95,150,0,1136325
NIFTY26MAR2010000CE.NFO,07/01/2020,09:48:16,2228.1,2232.1,600,2251.95,150,0,1136325
NIFTY26MAR2010000CE.NFO,07/01/2020,09:48:19,2228.1,2232.2,75,2251.95,150,0,1136325
NIFTY26MAR2010000CE.NFO,07/01/2020,09:48:23,2228.1,2232.05,600,2251.95,150,0,1136325
NIFTY26MAR2010000CE.NFO,07/01/2020,09:48:24,2228.1,2232.2,600,2251.95,150,0,1136325
NIFTY26MAR2010000CE.NFO,07/01/2020,09:48:26,2228.1,2231.95,600,2251.95,150,0,1136325
NIFTY26MAR2010000CE.NFO,07/01/2020,09:48:27,2228.1,2231.45,600,2251.95,150,0,1136325
NIFTY26MAR2010000CE.NFO,07/01/2020,09:48:28,2228.1,2232.05,675,2251.95,150,0,1136325
NIFTY26MAR2010000CE.NFO,07/01/2020,09:48:31,2228.1,2231.6,600,2251.95,150,0,1136325
NIFTY26MAR2010000CE.NFO,07/01/2020,09:48:32,2228.1,2231.6,600,2249.95,150,0,1136325
NIFTY26MAR2010000CE.NFO,07/01/2020,09:48:33,2228.1,2231.65,1575,2249.95,150,0,1136325
NIFTY26MAR2010000CE.NFO,07/01/2020,09:48:34,2228.1,2231.75,600,2249.95,150,0,1136325
NIFTY26MAR2010000CE.NFO,07/01/2020,09:48:35,2228.1,2231.8,1575,2249.95,150,0,1136325
NIFTY26MAR2010000CE.NFO,07/01/2020,09:48:39,2228.1,2231.5,600,2249.95,150,0,1136325
NIFTY26MAR2010000CE.NFO,07/01/2020,09:48:40,2228.1,2231,600,2249.95,150,0,1136325
NIFTY26MAR2010000CE.NFO,07/01/2020,09:48:41,2228.1,2230.95,600,2249.95,150,0,1136325
NIFTY26MAR2010000CE.NFO,07/01/2020,09:48:42,2228.1,2231.1,600,2249.95,150,0,1136325
NIFTY26MAR2010000CE.NFO,07/01/2020,09:48:43,2228.1,2231.35,600,2249.95,150,0,1136325
NIFTY26MAR2010000CE.NFO,07/01/2020,09:48:47,2228.1,2231.05,600,2249.95,150,0,1136325
NIFTY26MAR2010000CE.NFO,07/01/2020,09:48:48,2228.1,2231.55,600,2249.95,150,0,1136325
NIFTY26MAR2010000CE.NFO,07/01/2020,09:48:49,2228.1,2231.8,600,2249.95,150,0,1136325
NIFTY26MAR2010000CE.NFO,07/01/2020,09:48:50,2228.1,2231.25,600,2249.95,150,0,1136325
NIFTY26MAR2010000CE.NFO,07/01/2020,09:48:51,2228.1,2231,600,2249.95,150,0,1136325
NIFTY26MAR2010000CE.NFO,07/01/2020,09:48:54,2228.1,2231.25,600,2249.95,150,0,1136325
NIFTY26MAR2010000CE.NFO,07/01/2020,09:48:55,2228.1,2230.75,600,2249.95,150,0,1136325
NIFTY26MAR2010000CE.NFO,07/01/2020,09:48:56,2228.1,2231.25,600,2249.95,150,0,1136325
NIFTY26MAR2010000CE.NFO,07/01/2020,09:48:57,2228.1,2230.95,600,2249.95,150,0,1136325
NIFTY26MAR2010000CE.NFO,07/01/2020,09:48:59,2228.1,2230.6,600,2249.95,150,0,1136325
NIFTY26MAR2010000CE.NFO,07/01/2020,09:49:00,2228.1,2230.05,600,2249.95,150,0,1136325
NIFTY26MAR2010000CE.NFO,07/01/2020,09:49:02,2228.1,2229.8,600,2249.95,150,0,1136325
NIFTY26MAR2010000CE.NFO,07/01/2020,09:49:03,2228.1,2230.55,600,2249.95,150,0,1136325
NIFTY26MAR2010000CE.NFO,07/01/2020,09:49:04,2228.1,2231,600,2249.95,150,0,1136325
NIFTY26MAR2010000CE.NFO,07/01/2020,09:49:05,2228.1,2230.7,600,2249.95,150,0,1136325
NIFTY26MAR2010000CE.NFO,07/01/2020,09:49:09,2228.1,2230.75,600,2249.95,150,0,1136325
NIFTY26MAR2010000CE.NFO,07/01/2020,09:49:11,2228.1,2230.3,600,2249.95,150,0,1136325
NIFTY26MAR2010000CE.NFO,07/01/2020,09:49:12,2228.1,2230.55,600,2249.95,150,0,1136325
NIFTY26MAR2010000CE.NFO,07/01/2020,09:49:13,2228.1,2230.8,600,2249.95,150,0,1136325
NIFTY26MAR2010000CE.NFO,07/01/2020,09:49:14,2228.1,2231.3,600,2249.95,150,0,1136325
NIFTY26MAR2010000CE.NFO,07/01/2020,09:49:17,2228.1,2231.05,600,2249.95,150,0,1136325
NIFTY26MAR2010000CE.NFO,07/01/2020,09:49:17,2228.1,2231.5,600,2249.95,150,0,1136325
NIFTY26MAR2010000CE.NFO,07/01/2020,09:49:19,2228.1,2230.3,600,2249.95,150,0,1136325
NIFTY26MAR2010000CE.NFO,07/01/2020,09:49:20,2230.55,2230.55,600,2249.95,150,75,1136325
NIFTY26MAR2010000CE.NFO,07/01/2020,09:49:20,2230.55,2230.55,600,2249.95,150,0,1136325
NIFTY26MAR2010000CE.NFO,07/01/2020,09:49:21,2230.55,2230.55,600,2249.95,150,0,1136325
NIFTY26MAR2010000CE.NFO,07/01/2020,09:49:22,2230.55,2230.3,600,2249.95,150,0,1136325
NIFTY26MAR2010000CE.NFO,07/01/2020,09:49:23,2230.55,2229.8,600,2249.95,150,0,1136325
NIFTY26MAR2010000CE.NFO,07/01/2020,09:49:24,2230.55,2229.95,600,2249.95,150,0,1136325
NIFTY26MAR2010000CE.NFO,07/01/2020,09:49:25,2230.55,2226.55,600,2249.95,150,0,1136325
NIFTY26MAR2010000CE.NFO,07/01/2020,09:49:27,2230.55,2226.8,600,2249.9,225,0,1136325
NIFTY26MAR2010000CE.NFO,07/01/2020,09:49:28,2230.55,2227.3,600,2248.15,75,0,1136325
NIFTY26MAR2010000CE.NFO,07/01/2020,09:49:29,2230.55,2227.55,600,2248.1,150,0,1136325
NIFTY26MAR2010000CE.NFO,07/01/2020,09:49:30,2230.55,2228.05,600,2248.1,150,0,1136325
NIFTY26MAR2010000CE.NFO,07/01/2020,09:49:31,2230.55,2227.8,600,2248.1,150,0,1136325
NIFTY26MAR2010000CE.NFO,07/01/2020,09:49:33,2230.55,2227.2,600,2247.85,75,0,1136325
NIFTY26MAR2010000CE.NFO,07/01/2020,09:49:34,2230.55,2227.2,600,2247.8,150,0,1136325
NIFTY26MAR2010000CE.NFO,07/01/2020,09:49:35,2230.55,2227.7,600,2247.8,150,0,1136325
NIFTY26MAR2010000CE.NFO,07/01/2020,09:49:36,2230.55,2227.6,600,2247.8,150,0,1136325
NIFTY26MAR2010000CE.NFO,07/01/2020,09:49:39,2230.55,2227.9,600,2247.8,150,0,1136325
NIFTY26MAR2010000CE.NFO,07/01/2020,09:49:41,2230.55,2227.6,600,2247.8,150,0,1136325
NIFTY26MAR2010000CE.NFO,07/01/2020,09:49:42,2230.55,2228.1,600,2247.8,150,0,1136325
NIFTY26MAR2010000CE.NFO,07/01/2020,09:49:43,2230.55,2228.6,600,2247.8,150,0,1136325
NIFTY26MAR2010000CE.NFO,07/01/2020,09:49:45,2230.55,2228.5,600,2247.8,150,0,1136325
NIFTY26MAR2010000CE.NFO,07/01/2020,09:49:47,2230.55,2228.75,600,2247.8,150,0,1136325
NIFTY26MAR2010000CE.NFO,07/01/2020,09:49:49,2230.55,2229,600,2247.8,150,0,1136325
NIFTY26MAR2010000CE.NFO,07/01/2020,09:49:51,2230.55,2229.25,600,2247.8,150,0,1136325
NIFTY26MAR2010000CE.NFO,07/01/2020,09:49:53,2230.55,2229.5,600,2247.8,150,0,1136325
NIFTY26MAR2010000CE.NFO,07/01/2020,09:49:54,2230.55,2229.55,600,2247.8,150,0,1136325
NIFTY26MAR2010000CE.NFO,07/01/2020,09:49:59,2230.55,2229.5,600,2247.8,150,0,1136325
NIFTY26MAR2010000CE.NFO,07/01/2020,09:50:02,2230.55,2229.25,600,2247.8,150,0,1136325
NIFTY26MAR2010000CE.NFO,07/01/2020,09:50:04,2230.55,2229.05,600,2247.8,150,0,1136325
NIFTY26MAR2010000CE.NFO,07/01/2020,09:50:05,2230.55,2229.6,600,2247.8,150,0,1136325
NIFTY26MAR2010000CE.NFO,07/01/2020,09:50:06,2230.55,2228.8,600,2247.8,150,0,1136325
NIFTY26MAR2010000CE.NFO,07/01/2020,09:50:08,2230.55,2228.9,675,2247.8,150,0,1136325
NIFTY26MAR2010000CE.NFO,07/01/2020,09:50:10,2230.55,2228.1,600,2247.8,150,0,1136325
NIFTY26MAR2010000CE.NFO,07/01/2020,09:50:11,2230.55,2228.35,600,2247.8,150,0,1136325
NIFTY26MAR2010000CE.NFO,07/01/2020,09:50:12,2230.55,2228.1,600,2247.8,150,0,1136325
NIFTY26MAR2010000CE.NFO,07/01/2020,09:50:13,2230.55,2228.35,600,2247.8,150,0,1136325
NIFTY26MAR2010000CE.NFO,07/01/2020,09:50:17,2230.55,2227.8,600,2247.8,150,0,1136325
NIFTY26MAR2010000CE.NFO,07/01/2020,09:50:18,2230.55,2228.65,600,2247.8,150,0,1136325
NIFTY26MAR2010000CE.NFO,07/01/2020,09:50:19,2230.55,2228.3,600,2247.8,150,0,1136325
NIFTY26MAR2010000CE.NFO,07/01/2020,09:50:26,2230.55,2228.85,600,2247.8,150,0,1136325
NIFTY26MAR2010000CE.NFO,07/01/2020,09:50:29,2230.55,2228.55,600,2247.8,150,0,1136325
NIFTY26MAR2010000CE.NFO,07/01/2020,09:50:31,2230.55,2228.8,600,2247.8,150,0,1136325
NIFTY26MAR2010000CE.NFO,07/01/2020,09:50:32,2230.55,2228.55,600,2247.8,150,0,1136325
NIFTY26MAR2010000CE.NFO,07/01/2020,09:50:33,2230.55,2228.8,600,2247.8,150,0,1136325
NIFTY26MAR2010000CE.NFO,07/01/2020,09:50:36,2230.55,2227.5,600,2247.8,150,0,1136325
NIFTY26MAR2010000CE.NFO,07/01/2020,09:50:37,2230.55,2227.45,600,2247.65,75,0,1136325
NIFTY26MAR2010000CE.NFO,07/01/2020,09:50:39,2230.55,2226.75,600,2247.65,75,0,1136325
NIFTY26MAR2010000CE.NFO,07/01/2020,09:50:40,2230.55,2226.95,600,2247.65,75,0,1136325
NIFTY26MAR2010000CE.NFO,07/01/2020,09:50:41,2230.55,2227.2,600,2247.8,150,0,1136325
NIFTY26MAR2010000CE.NFO,07/01/2020,09:50:43,2230.55,2226.75,600,2247.3,75,0,1136325
NIFTY26MAR2010000CE.NFO,07/01/2020,09:50:44,2230.55,2226.15,1575,2247.25,300,0,1136325
NIFTY26MAR2010000CE.NFO,07/01/2020,09:50:45,2230.55,2226.7,600,2246.7,75,0,1136325
NIFTY26MAR2010000CE.NFO,07/01/2020,09:50:46,2230.55,2226.95,600,2247,150,0,1136325
NIFTY26MAR2010000CE.NFO,07/01/2020,09:50:48,2230.55,2227.25,600,2247,150,0,1136325
NIFTY26MAR2010000CE.NFO,07/01/2020,09:50:49,2230.55,2227.5,600,2247,150,0,1136325
NIFTY26MAR2010000CE.NFO,07/01/2020,09:50:50,2230.55,2227.25,600,2247,150,0,1136325
NIFTY26MAR2010000CE.NFO,07/01/2020,09:50:51,2230.55,2226.95,600,2247,150,0,1136325
NIFTY26MAR2010000CE.NFO,07/01/2020,09:50:53,2230.55,2227.2,600,2247,150,0,1136325
NIFTY26MAR2010000CE.NFO,07/01/2020,09:50:54,2230.55,2227.45,600,2247,150,0,1136325
NIFTY26MAR2010000CE.NFO,07/01/2020,09:50:55,2230.55,2227.55,600,2247,150,0,1136325
NIFTY26MAR2010000CE.NFO,07/01/2020,09:50:58,2230.55,2227.8,600,2247,150,0,1136325
NIFTY26MAR2010000CE.NFO,07/01/2020,09:50:59,2230.55,2227.7,600,2247,150,0,1136325
NIFTY26MAR2010000CE.NFO,07/01/2020,09:51:00,2230.55,2227.05,600,2247,150,0,1136325
NIFTY26MAR2010000CE.NFO,07/01/2020,09:51:01,2230.55,2226.55,600,2246.95,150,0,1136325
NIFTY26MAR2010000CE.NFO,07/01/2020,09:51:03,2230.55,2227.05,600,2247,150,0,1136325
NIFTY26MAR2010000CE.NFO,07/01/2020,09:51:04,2230.55,2226.85,600,2247,225,0,1136325
NIFTY26MAR2010000CE.NFO,07/01/2020,09:51:05,2230.55,2226.95,600,2246.95,150,0,1136325
NIFTY26MAR2010000CE.NFO,07/01/2020,09:51:06,2230.55,2226.45,600,2246.95,150,0,1136325
NIFTY26MAR2010000CE.NFO,07/01/2020,09:51:09,2230.55,2226.5,600,2246.6,150,0,1136325
NIFTY26MAR2010000CE.NFO,07/01/2020,09:51:10,2230.55,2226.75,600,2246.6,150,0,1136325
NIFTY26MAR2010000CE.NFO,07/01/2020,09:51:11,2230.55,2226.6,600,2246.6,150,0,1136325
NIFTY26MAR2010000CE.NFO,07/01/2020,09:51:12,2230.55,2226,600,2246.6,150,0,1136325
NIFTY26MAR2010000CE.NFO,07/01/2020,09:51:14,2230.55,2225.85,600,2246.3,75,0,1136325
NIFTY26MAR2010000CE.NFO,07/01/2020,09:51:15,2230.55,2225.6,600,2246.25,300,0,1136325
NIFTY26MAR2010000CE.NFO,07/01/2020,09:51:16,2230.55,2225.25,600,2246,75,0,1136325
NIFTY26MAR2010000CE.NFO,07/01/2020,09:51:17,2230.55,2225.9,600,2245.95,300,0,1136325
NIFTY26MAR2010000CE.NFO,07/01/2020,09:51:18,2230.55,2225.9,600,2245.7,75,0,1136325
NIFTY26MAR2010000CE.NFO,07/01/2020,09:51:19,2230.55,2225.9,600,2245.65,300,0,1136325
NIFTY26MAR2010000CE.NFO,07/01/2020,09:51:20,2230.55,2225.55,600,2245.65,300,0,1136325
NIFTY26MAR2010000CE.NFO,07/01/2020,09:51:21,2230.55,2226.05,600,2245.65,300,0,1136325
NIFTY26MAR2010000CE.NFO,07/01/2020,09:51:22,2230.55,2226.3,600,2245.65,300,0,1136325
NIFTY26MAR2010000CE.NFO,07/01/2020,09:51:23,2230.55,2225.75,600,2245.65,150,0,1136325
NIFTY26MAR2010000CE.NFO,07/01/2020,09:51:24,2230.55,2226.55,600,2245.65,150,0,1136325
NIFTY26MAR2010000CE.NFO,07/01/2020,09:51:26,2230.55,2226.5,600,2245.65,150,0,1136325
NIFTY26MAR2010000CE.NFO,07/01/2020,09:51:27,2230.55,2226.75,600,2245.65,150,0,1136325
NIFTY26MAR2010000CE.NFO,07/01/2020,09:51:28,2230.55,2227,600,2245.65,150,0,1136325
NIFTY26MAR2010000CE.NFO,07/01/2020,09:51:29,2230.55,2227.25,600,2245.65,150,0,1136325
NIFTY26MAR2010000CE.NFO,07/01/2020,09:51:31,2230.55,2228,600,2245.65,150,0,1136325
NIFTY26MAR2010000CE.NFO,07/01/2020,09:51:33,2230.55,2227.25,600,2245.65,150,0,1136325
NIFTY26MAR2010000CE.NFO,07/01/2020,09:51:34,2230.55,2227.6,600,2245.65,150,0,1136325
NIFTY26MAR2010000CE.NFO,07/01/2020,09:51:35,2230.55,2227.85,600,2245.65,150,0,1136325
NIFTY26MAR2010000CE.NFO,07/01/2020,09:51:37,2230.55,2227.6,600,2245.65,150,0,1136325
NIFTY26MAR2010000CE.NFO,07/01/2020,09:51:40,2230.55,2228.45,600,2245.65,150,0,1136325
NIFTY26MAR2010000CE.NFO,07/01/2020,09:51:42,2230.55,2228.7,600,2245.65,150,0,1136325
NIFTY26MAR2010000CE.NFO,07/01/2020,09:51:45,2230.55,2228.95,600,2245.65,150,0,1136325
NIFTY26MAR2010000CE.NFO,07/01/2020,09:51:46,2230.55,2229.2,600,2245.65,150,0,1136325
NIFTY26MAR2010000CE.NFO,07/01/2020,09:51:48,2230.55,2229.45,600,2245.65,150,0,1136325
NIFTY26MAR2010000CE.NFO,07/01/2020,09:51:49,2230.55,2229.2,600,2245.65,150,0,1136325
NIFTY26MAR2010000CE.NFO,07/01/2020,09:51:50,2230.55,2228.95,600,2245.65,150,0,1136325
NIFTY26MAR2010000CE.NFO,07/01/2020,09:51:52,2230.55,2229.2,600,2245.65,150,0,1136325
NIFTY26MAR2010000CE.NFO,07/01/2020,09:51:53,2230.55,2228.9,600,2245.65,150,0,1136325
NIFTY26MAR2010000CE.NFO,07/01/2020,09:51:59,2230.55,2229.15,600,2245.65,150,0,1136325
NIFTY26MAR2010000CE.NFO,07/01/2020,09:52:01,2230.55,2228.6,600,2245.65,150,0,1136325
NIFTY26MAR2010000CE.NFO,07/01/2020,09:52:02,2230.55,2228.85,600,2245.65,150,0,1136325
NIFTY26MAR2010000CE.NFO,07/01/2020,09:52:03,2230.55,2229.15,600,2245.65,150,0,1136325
NIFTY26MAR2010000CE.NFO,07/01/2020,09:52:04,2230.55,2228.9,600,2245.65,150,0,1136325
NIFTY26MAR2010000CE.NFO,07/01/2020,09:52:07,2230.55,2228.4,600,2245.65,150,0,1136325
NIFTY26MAR2010000CE.NFO,07/01/2020,09:52:09,2230.55,2228.35,600,2245.65,150,0,1136325
NIFTY26MAR2010000CE.NFO,07/01/2020,09:52:10,2230.55,2228.25,600,2245.65,150,0,1136325
NIFTY26MAR2010000CE.NFO,07/01/2020,09:52:14,2230.55,2228.4,600,2245.65,150,0,1136325
NIFTY26MAR2010000CE.NFO,07/01/2020,09:52:15,2230.55,2228.55,600,2245.65,150,0,1136325
NIFTY26MAR2010000CE.NFO,07/01/2020,09:52:16,2230.55,2227.8,600,2245.65,150,0,1136325
NIFTY26MAR2010000CE.NFO,07/01/2020,09:52:18,2230.55,2227.25,600,2245.65,150,0,1136325
NIFTY26MAR2010000CE.NFO,07/01/2020,09:52:21,2230.55,2227.5,600,2245.65,150,0,1136325
NIFTY26MAR2010000CE.NFO,07/01/2020,09:52:24,2230.55,2226.85,600,2245.65,150,0,1136325
NIFTY26MAR2010000CE.NFO,07/01/2020,09:52:26,2230.55,2226.4,600,2245.65,150,0,1136325
NIFTY26MAR2010000CE.NFO,07/01/2020,09:52:27,2230.55,2227.05,600,2245.65,150,0,1136325
NIFTY26MAR2010000CE.NFO,07/01/2020,09:52:30,2230.55,2227.3,600,2245.65,150,0,1136325
NIFTY26MAR2010000CE.NFO,07/01/2020,09:52:32,2230.55,2227.55,600,2245.65,150,0,1136325
NIFTY26MAR2010000CE.NFO,07/01/2020,09:52:33,2230.55,2227.25,600,2245.65,150,0,1136325
NIFTY26MAR2010000CE.NFO,07/01/2020,09:52:34,2230.55,2227.65,600,2245.65,150,0,1136325
NIFTY26MAR2010000CE.NFO,07/01/2020,09:52:35,2230.55,2227.7,600,2245.65,150,0,1136325
NIFTY26MAR2010000CE.NFO,07/01/2020,09:52:38,2230.55,2227.95,600,2245.65,150,0,1136325
NIFTY26MAR2010000CE.NFO,07/01/2020,09:52:39,2230.55,2227.65,600,2245.65,150,0,1136325
NIFTY26MAR2010000CE.NFO,07/01/2020,09:52:40,2230.55,2227.55,600,2245.65,150,0,1136325
NIFTY26MAR2010000CE.NFO,07/01/2020,09:52:41,2230.55,2227.5,600,2245.65,150,0,1136325
NIFTY26MAR2010000CE.NFO,07/01/2020,09:52:42,2230.55,2228,600,2245.65,150,0,1136325
NIFTY26MAR2010000CE.NFO,07/01/2020,09:52:43,2230.55,2227.9,600,2245.65,150,0,1136325
NIFTY26MAR2010000CE.NFO,07/01/2020,09:52:45,2230.55,2228.4,600,2245.65,150,0,1136325
NIFTY26MAR2010000CE.NFO,07/01/2020,09:52:46,2230.55,2228.15,600,2245.65,150,0,1136325
NIFTY26MAR2010000CE.NFO,07/01/2020,09:52:48,2230.55,2228.55,600,2245.65,150,0,1136325
NIFTY26MAR2010000CE.NFO,07/01/2020,09:52:49,2230.55,2228.15,600,2245.65,150,0,1136325
NIFTY26MAR2010000CE.NFO,07/01/2020,09:52:51,2230.55,2228.65,600,2245.65,150,0,1136325
NIFTY26MAR2010000CE.NFO,07/01/2020,09:52:52,2230.55,2228.85,600,2245.65,150,0,1136325
NIFTY26MAR2010000CE.NFO,07/01/2020,09:52:53,2230.55,2229.1,600,2245.65,150,0,1136325
NIFTY26MAR2010000CE.NFO,07/01/2020,09:52:54,2230.55,2228.85,600,2245.65,150,0,1136325
NIFTY26MAR2010000CE.NFO,07/01/2020,09:52:57,2230.55,2228.8,600,2245.65,150,0,1136325
NIFTY26MAR2010000CE.NFO,07/01/2020,09:52:59,2230.55,2227.95,600,2245.65,150,0,1136325
NIFTY26MAR2010000CE.NFO,07/01/2020,09:53:01,2230.55,2228.2,600,2245.65,150,0,1136325
NIFTY26MAR2010000CE.NFO,07/01/2020,09:53:02,2230.55,2226.95,600,2245.65,150,0,1136325
NIFTY26MAR2010000CE.NFO,07/01/2020,09:53:03,2230.55,2227,600,2245.65,150,0,1136325
NIFTY26MAR2010000CE.NFO,07/01/2020,09:53:07,2230.55,2226.95,600,2245.65,150,0,1136325
NIFTY26MAR2010000CE.NFO,07/01/2020,09:53:10,2230.55,2226.65,600,2245.65,150,0,1136325
NIFTY26MAR2010000CE.NFO,07/01/2020,09:53:12,2230.55,2226.8,600,2245.65,150,0,1136325
NIFTY26MAR2010000CE.NFO,07/01/2020,09:53:13,2230.55,2227.05,600,2245.65,150,0,1136325
NIFTY26MAR2010000CE.NFO,07/01/2020,09:53:14,2230.55,2227.1,600,2245.65,150,0,1136325
NIFTY26MAR2010000CE.NFO,07/01/2020,09:53:16,2230.55,2226.9,600,2245.65,150,0,1136325
NIFTY26MAR2010000CE.NFO,07/01/2020,09:53:21,2230.55,2226.1,600,2245.65,150,0,1136325
NIFTY26MAR2010000CE.NFO,07/01/2020,09:53:22,2230.55,2226.25,600,2245.65,150,0,1136325
NIFTY26MAR2010000CE.NFO,07/01/2020,09:53:24,2230.55,2226.65,600,2245.65,150,0,1136325
NIFTY26MAR2010000CE.NFO,07/01/2020,09:53:25,2230.55,2226.4,600,2245.65,150,0,1136325
NIFTY26MAR2010000CE.NFO,07/01/2020,09:53:27,2230.55,2226.45,600,2245.65,150,0,1136325
NIFTY26MAR2010000CE.NFO,07/01/2020,09:53:28,2230.55,2226.1,600,2245.65,150,0,1136325
NIFTY26MAR2010000CE.NFO,07/01/2020,09:53:31,2230.55,2226.45,600,2245.65,150,0,1136325
NIFTY26MAR2010000CE.NFO,07/01/2020,09:53:32,2230.55,2226.1,600,2245.65,150,0,1136325
NIFTY26MAR2010000CE.NFO,07/01/2020,09:53:34,2230.55,2225.55,600,2245.65,150,0,1136325
NIFTY26MAR2010000CE.NFO,07/01/2020,09:53:36,2230.55,2226.3,600,2245.65,150,0,1136325
NIFTY26MAR2010000CE.NFO,07/01/2020,09:53:40,2230.55,2226,600,2245.65,150,0,1136325
NIFTY26MAR2010000CE.NFO,07/01/2020,09:53:41,2230.55,2226.25,600,2245.65,150,0,1136325
NIFTY26MAR2010000CE.NFO,07/01/2020,09:53:43,2230.55,2226,600,2245.65,150,0,1136325
NIFTY26MAR2010000CE.NFO,07/01/2020,09:53:47,2230.55,2225.75,600,2245.65,150,0,1136325
NIFTY26MAR2010000CE.NFO,07/01/2020,09:53:48,2230.55,2225.5,600,2245.65,150,0,1136325
NIFTY26MAR2010000CE.NFO,07/01/2020,09:53:51,2230.55,2225.4,600,2245.65,150,0,1136325
NIFTY26MAR2010000CE.NFO,07/01/2020,09:53:53,2230.55,2225,600,2245.45,75,0,1136325
NIFTY26MAR2010000CE.NFO,07/01/2020,09:53:54,2230.55,2224.75,600,2245.4,300,0,1136325
NIFTY26MAR2010000CE.NFO,07/01/2020,09:53:56,2230.55,2224.75,600,2245.15,75,0,1136325
NIFTY26MAR2010000CE.NFO,07/01/2020,09:53:57,2230.55,2225,600,2245.1,300,0,1136325
NIFTY26MAR2010000CE.NFO,07/01/2020,09:53:58,2230.55,2225,600,2245.1,150,0,1136325
NIFTY26MAR2010000CE.NFO,07/01/2020,09:53:59,2230.55,2225.9,600,2245.1,150,0,1136325
NIFTY26MAR2010000CE.NFO,07/01/2020,09:54:02,2230.55,2225.65,600,2245.1,150,0,1136325
NIFTY26MAR2010000CE.NFO,07/01/2020,09:54:03,2230.55,2225.15,600,2245.1,150,0,1136325
NIFTY26MAR2010000CE.NFO,07/01/2020,09:54:04,2230.55,2224.85,600,2245.05,150,0,1136325
NIFTY26MAR2010000CE.NFO,07/01/2020,09:54:07,2230.55,2224.85,600,2244.75,300,0,1136325
NIFTY26MAR2010000CE.NFO,07/01/2020,09:54:08,2230.55,2224.6,600,2244.35,75,0,1136325
NIFTY26MAR2010000CE.NFO,07/01/2020,09:54:09,2230.55,2224.35,600,2244.3,300,0,1136325
NIFTY26MAR2010000CE.NFO,07/01/2020,09:54:11,2230.55,2224.6,600,2244.3,300,0,1136325
NIFTY26MAR2010000CE.NFO,07/01/2020,09:54:12,2230.55,2224.85,600,2244.3,300,0,1136325
NIFTY26MAR2010000CE.NFO,07/01/2020,09:54:13,2230.55,2224.6,600,2244.3,300,0,1136325
NIFTY26MAR2010000CE.NFO,07/01/2020,09:54:14,2230.55,2224.35,600,2244.3,300,0,1136325
NIFTY26MAR2010000CE.NFO,07/01/2020,09:54:15,2230.55,2225,600,2244.3,300,0,1136325
NIFTY26MAR2010000CE.NFO,07/01/2020,09:54:18,2230.55,2224.95,600,2244.3,300,0,1136325
NIFTY26MAR2010000CE.NFO,07/01/2020,09:54:19,2230.55,2224.7,600,2244.3,300,0,1136325
NIFTY26MAR2010000CE.NFO,07/01/2020,09:54:20,2230.55,2224.45,600,2244.3,300,0,1136325
NIFTY26MAR2010000CE.NFO,07/01/2020,09:54:21,2230.55,2224.2,600,2244.3,300,0,1136325
NIFTY26MAR2010000CE.NFO,07/01/2020,09:54:22,2230.55,2224.2,600,2244.05,75,0,1136325
NIFTY26MAR2010000CE.NFO,07/01/2020,09:54:23,2230.55,2224.2,600,2244,300,0,1136325
NIFTY26MAR2010000CE.NFO,07/01/2020,09:54:24,2230.55,2223.8,600,2243.7,75,0,1136325
NIFTY26MAR2010000CE.NFO,07/01/2020,09:54:26,2230.55,2224.75,600,2243.95,75,0,1136325
NIFTY26MAR2010000CE.NFO,07/01/2020,09:54:27,2230.55,2224.9,600,2243.95,75,0,1136325
NIFTY26MAR2010000CE.NFO,07/01/2020,09:54:28,2230.55,2224.75,600,2243.95,75,0,1136325
NIFTY26MAR2010000CE.NFO,07/01/2020,09:54:30,2230.55,2225,600,2243.95,75,0,1136325
NIFTY26MAR2010000CE.NFO,07/01/2020,09:54:32,2230.55,2224.75,600,2243.95,75,0,1136325
NIFTY26MAR2010000CE.NFO,07/01/2020,09:54:34,2230.55,2225,600,2243.95,75,0,1136325
NIFTY26MAR2010000CE.NFO,07/01/2020,09:54:35,2230.55,2225.5,600,2243.95,75,0,1136325
NIFTY26MAR2010000CE.NFO,07/01/2020,09:54:36,2230.55,2225.75,600,2243.95,75,0,1136325
NIFTY26MAR2010000CE.NFO,07/01/2020,09:54:37,2230.55,2226.3,600,2243.95,75,0,1136325
NIFTY26MAR2010000CE.NFO,07/01/2020,09:54:38,2230.55,2226.8,600,2244,150,0,1136325
NIFTY26MAR2010000CE.NFO,07/01/2020,09:54:40,2230.55,2226.55,600,2244,150,0,1136325
NIFTY26MAR2010000CE.NFO,07/01/2020,09:54:41,2230.55,2226.45,600,2244,150,0,1136325
NIFTY26MAR2010000CE.NFO,07/01/2020,09:54:42,2230.55,2227.2,600,2244,150,0,1136325
NIFTY26MAR2010000CE.NFO,07/01/2020,09:54:43,2230.55,2226.95,600,2244,150,0,1136325
NIFTY26MAR2010000CE.NFO,07/01/2020,09:54:45,2230.55,2226.65,600,2244,150,0,1136325
NIFTY26MAR2010000CE.NFO,07/01/2020,09:54:46,2230.55,2226.9,600,2244,150,0,1136325
NIFTY26MAR2010000CE.NFO,07/01/2020,09:54:47,2230.55,2226.65,600,2244,150,0,1136325
NIFTY26MAR2010000CE.NFO,07/01/2020,09:54:48,2230.55,2226.5,600,2244,150,0,1136325
NIFTY26MAR2010000CE.NFO,07/01/2020,09:54:49,2230.55,2226.3,600,2244,150,0,1136325
NIFTY26MAR2010000CE.NFO,07/01/2020,09:54:50,2230.55,2225.95,600,2244,150,0,1136325
NIFTY26MAR2010000CE.NFO,07/01/2020,09:54:52,2230.55,2225.7,600,2244,150,0,1136325
NIFTY26MAR2010000CE.NFO,07/01/2020,09:54:53,2230.55,2225.95,600,2244,150,0,1136325
NIFTY26MAR2010000CE.NFO,07/01/2020,09:54:54,2230.55,2227.55,600,2244,150,0,1136325
NIFTY26MAR2010000CE.NFO,07/01/2020,09:54:56,2230.55,2228.05,600,2244,150,0,1136325
NIFTY26MAR2010000CE.NFO,07/01/2020,09:54:57,2230.55,2227.3,600,2244,150,0,1136325
NIFTY26MAR2010000CE.NFO,07/01/2020,09:54:59,2230.55,2227.8,600,2244,150,0,1136325
NIFTY26MAR2010000CE.NFO,07/01/2020,09:55:01,2230.55,2228.3,600,2244,150,0,1136325
NIFTY26MAR2010000CE.NFO,07/01/2020,09:55:02,2230.55,2229.05,600,2244,150,0,1136325
NIFTY26MAR2010000CE.NFO,07/01/2020,09:55:05,2230.55,2229,600,2244,150,0,1136325
NIFTY26MAR2010000CE.NFO,07/01/2020,09:55:06,2230.55,2230.75,1575,2244,150,0,1136325
NIFTY26MAR2010000CE.NFO,07/01/2020,09:55:07,2230.55,2230.8,600,2244,150,0,1136325
NIFTY26MAR2010000CE.NFO,07/01/2020,09:55:08,2230.55,2231.05,600,2244,150,0,1136325
NIFTY26MAR2010000CE.NFO,07/01/2020,09:55:09,2230.55,2230.2,600,2244,150,0,1136325
NIFTY26MAR2010000CE.NFO,07/01/2020,09:55:11,2230.55,2230.65,600,2244,150,0,1136325
NIFTY26MAR2010000CE.NFO,07/01/2020,09:55:12,2230.55,2230.9,600,2244,150,0,1136325
NIFTY26MAR2010000CE.NFO,07/01/2020,09:55:13,2230.55,2230.75,600,2244,150,0,1136325
NIFTY26MAR2010000CE.NFO,07/01/2020,09:55:14,2230.55,2230.5,600,2244,150,0,1136325
NIFTY26MAR2010000CE.NFO,07/01/2020,09:55:15,2230.55,2231,600,2244,150,0,1136325
NIFTY26MAR2010000CE.NFO,07/01/2020,09:55:18,2230.55,2230.9,600,2244,150,0,1136325
NIFTY26MAR2010000CE.NFO,07/01/2020,09:55:19,2230.55,2231.4,600,2248.65,150,0,1136325
NIFTY26MAR2010000CE.NFO,07/01/2020,09:55:20,2230.55,2231.15,600,2248.65,150,0,1136325
NIFTY26MAR2010000CE.NFO,07/01/2020,09:55:21,2230.55,2231.4,600,2248.65,150,0,1136325
NIFTY26MAR2010000CE.NFO,07/01/2020,09:55:22,2230.55,2230.6,600,2248.65,150,0,1136325
NIFTY26MAR2010000CE.NFO,07/01/2020,09:55:23,2230.55,2230.45,600,2248.65,150,0,1136325
NIFTY26MAR2010000CE.NFO,07/01/2020,09:55:26,2230.55,2230.45,600,2248.6,150,0,1136325
NIFTY26MAR2010000CE.NFO,07/01/2020,09:55:27,2230.55,2230.2,600,2248.6,150,0,1136325
NIFTY26MAR2010000CE.NFO,07/01/2020,09:55:28,2230.55,2230.7,600,2248.6,150,0,1136325
NIFTY26MAR2010000CE.NFO,07/01/2020,09:55:30,2230.55,2230.95,600,2248.65,150,0,1136325
NIFTY26MAR2010000CE.NFO,07/01/2020,09:55:31,2230.55,2231.2,600,2248.65,150,0,1136325
NIFTY26MAR2010000CE.NFO,07/01/2020,09:55:33,2230.55,2232.05,600,2248.65,150,0,1136325
NIFTY26MAR2010000CE.NFO,07/01/2020,09:55:39,2230.55,2232.6,600,2248.65,150,0,1136325
NIFTY26MAR2010000CE.NFO,07/01/2020,09:55:41,2230.55,2233.25,600,2248.65,150,0,1136325
NIFTY26MAR2010000CE.NFO,07/01/2020,09:55:44,2230.55,2233.1,600,2248.65,150,0,1136325
NIFTY26MAR2010000CE.NFO,07/01/2020,09:55:47,2230.55,2233.6,600,2248.65,150,0,1136325
NIFTY26MAR2010000CE.NFO,07/01/2020,09:55:48,2230.55,2234.1,600,2248.65,150,0,1136325
NIFTY26MAR2010000CE.NFO,07/01/2020,09:55:50,2230.55,2234.35,600,2248.65,150,0,1136325
NIFTY26MAR2010000CE.NFO,07/01/2020,09:55:51,2230.55,2234.05,600,2248.65,150,0,1136325
NIFTY26MAR2010000CE.NFO,07/01/2020,09:55:52,2230.55,2233.55,600,2248.65,150,0,1136325
NIFTY26MAR2010000CE.NFO,07/01/2020,09:55:54,2230.55,2233,600,2248.65,150,0,1136325
NIFTY26MAR2010000CE.NFO,07/01/2020,09:55:57,2230.55,2233.25,600,2248.65,150,0,1136325
NIFTY26MAR2010000CE.NFO,07/01/2020,09:55:58,2230.55,2233.1,600,2248.65,150,0,1136325
NIFTY26MAR2010000CE.NFO,07/01/2020,09:55:59,2230.55,2232.85,600,2248.65,150,0,1136325
NIFTY26MAR2010000CE.NFO,07/01/2020,09:56:00,2230.55,2232.55,600,2248.65,150,0,1136325
NIFTY26MAR2010000CE.NFO,07/01/2020,09:56:03,2230.55,2233.05,600,2248.65,150,0,1136325
NIFTY26MAR2010000CE.NFO,07/01/2020,09:56:04,2230.55,2233.3,600,2248.65,150,0,1136325
NIFTY26MAR2010000CE.NFO,07/01/2020,09:56:05,2230.55,2232.15,600,2248.65,150,0,1136325
NIFTY26MAR2010000CE.NFO,07/01/2020,09:56:07,2230.55,2231.3,600,2248.65,150,0,1136325
NIFTY26MAR2010000CE.NFO,07/01/2020,09:56:08,2230.55,2232.3,600,2248.65,150,0,1136325
NIFTY26MAR2010000CE.NFO,07/01/2020,09:56:09,2230.55,2232,600,2248.65,150,0,1136325
NIFTY26MAR2010000CE.NFO,07/01/2020,09:56:12,2230.55,2231.45,600,2248.65,150,0,1136325
NIFTY26MAR2010000CE.NFO,07/01/2020,09:56:15,2230.55,2231.7,600,2248.65,150,0,1136325
NIFTY26MAR2010000CE.NFO,07/01/2020,09:56:17,2230.55,2231.15,600,2248.65,150,0,1136325
NIFTY26MAR2010000CE.NFO,07/01/2020,09:56:18,2230.55,2231.5,600,2248.65,150,0,1136325
NIFTY26MAR2010000CE.NFO,07/01/2020,09:56:19,2230.55,2232,600,2248.65,150,0,1136325
NIFTY26MAR2010000CE.NFO,07/01/2020,09:56:20,2230.55,2231.7,600,2248.65,150,0,1136325
NIFTY26MAR2010000CE.NFO,07/01/2020,09:56:22,2230.55,2232.45,600,2248.65,150,0,1136325
NIFTY26MAR2010000CE.NFO,07/01/2020,09:56:23,2230.55,2232.2,600,2248.65,150,0,1136325
NIFTY26MAR2010000CE.NFO,07/01/2020,09:56:24,2230.55,2231.65,600,2248.65,150,0,1136325
NIFTY26MAR2010000CE.NFO,07/01/2020,09:56:25,2230.55,2231.4,600,2248.65,150,0,1136325
NIFTY26MAR2010000CE.NFO,07/01/2020,09:56:26,2230.55,2231.35,600,2248.65,150,0,1136325
NIFTY26MAR2010000CE.NFO,07/01/2020,09:56:27,2230.55,2231.6,600,2248.65,150,0,1136325
NIFTY26MAR2010000CE.NFO,07/01/2020,09:56:29,2230.55,2231.85,600,2248.65,150,0,1136325
NIFTY26MAR2010000CE.NFO,07/01/2020,09:56:30,2230.55,2232.1,600,2248.65,150,0,1136325
NIFTY26MAR2010000CE.NFO,07/01/2020,09:56:33,2230.55,2232.6,600,2248.65,150,0,1136325
NIFTY26MAR2010000CE.NFO,07/01/2020,09:56:34,2230.55,2232.3,600,2248.65,150,0,1136325
NIFTY26MAR2010000CE.NFO,07/01/2020,09:56:35,2230.55,2232.05,600,2248.65,150,0,1136325
NIFTY26MAR2010000CE.NFO,07/01/2020,09:56:36,2230.55,2231.65,600,2248.65,150,0,1136325
NIFTY26MAR2010000CE.NFO,07/01/2020,09:56:38,2230.55,2231.4,600,2248.65,150,0,1136325
NIFTY26MAR2010000CE.NFO,07/01/2020,09:56:39,2230.55,2231.15,600,2248.65,150,0,1136325
NIFTY26MAR2010000CE.NFO,07/01/2020,09:56:41,2230.55,2231.4,600,2248.65,150,0,1136325
NIFTY26MAR2010000CE.NFO,07/01/2020,09:56:49,2230.55,2231.15,600,2248.65,150,0,1136325
NIFTY26MAR2010000CE.NFO,07/01/2020,09:57:01,2230.55,2231.65,600,2248.65,150,0,1136325
NIFTY26MAR2010000CE.NFO,07/01/2020,09:57:02,2230.55,2231.9,600,2248.65,150,0,1136325
NIFTY26MAR2010000CE.NFO,07/01/2020,09:57:05,2230.55,2232.15,600,2248.65,150,0,1136325
NIFTY26MAR2010000CE.NFO,07/01/2020,09:57:09,2230.55,2232.4,600,2248.65,150,0,1136325
NIFTY26MAR2010000CE.NFO,07/01/2020,09:57:13,2230.55,2232.25,600,2248.65,150,0,1136325
NIFTY26MAR2010000CE.NFO,07/01/2020,09:57:14,2230.55,2232.5,600,2248.65,150,0,1136325
NIFTY26MAR2010000CE.NFO,07/01/2020,09:57:16,2230.55,2232.55,600,2248.65,150,0,1136325
NIFTY26MAR2010000CE.NFO,07/01/2020,09:57:18,2230.55,2232.25,600,2248.65,150,0,1136325
NIFTY26MAR2010000CE.NFO,07/01/2020,09:57:22,2230.55,2232.5,600,2248.65,150,0,1136325
NIFTY26MAR2010000CE.NFO,07/01/2020,09:57:25,2230.55,2232.75,600,2248.65,150,0,1136325
NIFTY26MAR2010000CE.NFO,07/01/2020,09:57:29,2230.55,2232.6,600,2248.65,150,0,1136325
NIFTY26MAR2010000CE.NFO,07/01/2020,09:57:31,2230.55,2232.85,600,2248.65,150,0,1136325
NIFTY26MAR2010000CE.NFO,07/01/2020,09:57:32,2230.55,2232.55,600,2248.65,150,0,1136325
NIFTY26MAR2010000CE.NFO,07/01/2020,09:57:41,2230.55,2232.3,600,2248.65,150,0,1136325
NIFTY26MAR2010000CE.NFO,07/01/2020,09:57:44,2230.55,2232.55,600,2248.65,150,0,1136325
NIFTY26MAR2010000CE.NFO,07/01/2020,09:57:46,2230.55,2232.8,600,2248.65,150,0,1136325
NIFTY26MAR2010000CE.NFO,07/01/2020,09:57:47,2230.55,2232.55,600,2248.65,150,0,1136325
NIFTY26MAR2010000CE.NFO,07/01/2020,09:57:48,2230.55,2232.8,600,2248.65,150,0,1136325
NIFTY26MAR2010000CE.NFO,07/01/2020,09:57:49,2230.55,2232.55,600,2248.65,150,0,1136325
NIFTY26MAR2010000CE.NFO,07/01/2020,09:57:55,2230.55,2232.3,600,2248.65,150,0,1136325
NIFTY26MAR2010000CE.NFO,07/01/2020,09:57:56,2230.55,2231.7,600,2248.65,150,0,1136325
NIFTY26MAR2010000CE.NFO,07/01/2020,09:57:58,2230.55,2231.95,600,2248.6,150,0,1136325
NIFTY26MAR2010000CE.NFO,07/01/2020,09:58:01,2230.55,2232.2,600,2247.9,75,0,1136325
NIFTY26MAR2010000CE.NFO,07/01/2020,09:58:02,2230.55,2232.7,600,2247.85,300,0,1136325
NIFTY26MAR2010000CE.NFO,07/01/2020,09:58:06,2230.55,2232.35,600,2247.85,300,0,1136325
NIFTY26MAR2010000CE.NFO,07/01/2020,09:58:07,2230.55,2232.05,600,2247.85,300,0,1136325
NIFTY26MAR2010000CE.NFO,07/01/2020,09:58:08,2230.55,2231.9,600,2247.85,300,0,1136325
NIFTY26MAR2010000CE.NFO,07/01/2020,09:58:09,2230.55,2231.8,600,2247.85,300,0,1136325
NIFTY26MAR2010000CE.NFO,07/01/2020,09:58:12,2230.55,2231.8,600,2246.85,75,0,1136325
NIFTY26MAR2010000CE.NFO,07/01/2020,09:58:14,2230.55,2231.8,600,2246.8,150,0,1136325
NIFTY26MAR2010000CE.NFO,07/01/2020,09:58:16,2230.55,2231.55,600,2246.8,150,0,1136325
NIFTY26MAR2010000CE.NFO,07/01/2020,09:58:22,2230.55,2231.3,600,2246.8,150,0,1136325
NIFTY26MAR2010000CE.NFO,07/01/2020,09:58:24,2230.55,2230.55,600,2246.8,150,0,1136325
NIFTY26MAR2010000CE.NFO,07/01/2020,09:58:26,2230.55,2231.3,600,2246.8,150,0,1136325
NIFTY26MAR2010000CE.NFO,07/01/2020,09:58:27,2230.55,2230.6,600,2246.8,150,0,1136325
NIFTY26MAR2010000CE.NFO,07/01/2020,09:58:28,2230.55,2230.85,600,2246.8,150,0,1136325
NIFTY26MAR2010000CE.NFO,07/01/2020,09:58:31,2230.55,2230.6,600,2246.8,150,0,1136325
NIFTY26MAR2010000CE.NFO,07/01/2020,09:58:33,2230.55,2230.25,600,2246.8,150,0,1136325
NIFTY26MAR2010000CE.NFO,07/01/2020,09:58:38,2230.55,2229.55,600,2246.5,150,0,1136325
NIFTY26MAR2010000CE.NFO,07/01/2020,09:58:40,2230.55,2228.7,600,2246.05,75,0,1136325
NIFTY26MAR2010000CE.NFO,07/01/2020,09:58:41,2230.55,2229.45,600,2246,300,0,1136325
NIFTY26MAR2010000CE.NFO,07/01/2020,09:58:42,2230.55,2228.25,600,2246,300,0,1136325
NIFTY26MAR2010000CE.NFO,07/01/2020,09:58:44,2230.55,2228.05,600,2245.55,75,0,1136325
NIFTY26MAR2010000CE.NFO,07/01/2020,09:58:45,2230.55,2227.75,600,2245.1,75,0,1136325
