Ticker,Date,Time,LTP,BuyPrice,BuyQty,SellPrice,SellQty,LTQ,OpenInterest
NIFTY09JAN2012600CE.NFO,07/01/2020,09:15:03,0.85,0.75,2400,0.85,825,750,274950
NIFTY09JAN2012600CE.NFO,07/01/2020,09:15:03,0.85,0.75,2400,0.85,825,0,274950
NIFTY09JAN2012600CE.NFO,07/01/2020,09:15:03,0.85,0.75,2400,0.85,825,0,274950
NIFTY09JAN2012600CE.NFO,07/01/2020,09:15:03,0.85,0.75,2400,0.85,825,0,274950
NIFTY09JAN2012600CE.NFO,07/01/2020,09:15:12,0.85,0.75,3600,0.85,825,0,274950
NIFTY09JAN2012600CE.NFO,07/01/2020,09:15:20,0.85,0.75,3600,0.85,150,675,274950
NIFTY09JAN2012600CE.NFO,07/01/2020,09:15:22,0.85,0.8,225,0.85,150,0,274950
NIFTY09JAN2012600CE.NFO,07/01/2020,09:15:23,0.85,0.8,225,0.85,75,0,274950
NIFTY09JAN2012600CE.NFO,07/01/2020,09:15:27,0.85,0.85,2250,0.9,1800,75,274950
NIFTY09JAN2012600CE.NFO,07/01/2020,09:15:30,0.9,0.85,2250,0.9,1725,75,274950
NIFTY09JAN2012600CE.NFO,07/01/2020,09:15:30,0.9,0.85,2250,0.9,1725,0,274950
NIFTY09JAN2012600CE.NFO,07/01/2020,09:15:41,0.9,0.85,2250,0.9,1725,0,274950
NIFTY09JAN2012600CE.NFO,07/01/2020,09:15:42,0.9,0.85,2325,0.9,1725,0,274950
NIFTY09JAN2012600CE.NFO,07/01/2020,09:15:43,0.9,0.85,2250,0.9,1725,0,274950
NIFTY09JAN2012600CE.NFO,07/01/2020,09:15:45,0.9,0.85,2250,0.9,1650,75,274950
NIFTY09JAN2012600CE.NFO,07/01/2020,09:15:49,0.9,0.85,2250,0.9,1650,0,274950
NIFTY09JAN2012600CE.NFO,07/01/2020,09:16:02,0.9,0.85,2325,0.9,1650,0,274950
NIFTY09JAN2012600CE.NFO,07/01/2020,09:16:08,0.9,0.85,900,0.9,225,1425,274950
NIFTY09JAN2012600CE.NFO,07/01/2020,09:16:12,0.9,0.85,825,0.9,225,0,274950
NIFTY09JAN2012600CE.NFO,07/01/2020,09:16:13,0.9,0.85,900,0.9,225,0,274950
NIFTY09JAN2012600CE.NFO,07/01/2020,09:16:14,0.9,0.85,900,0.9,150,75,274950
NIFTY09JAN2012600CE.NFO,07/01/2020,09:16:16,0.9,0.85,900,0.9,150,0,274950
NIFTY09JAN2012600CE.NFO,07/01/2020,09:16:17,1,0.9,150,1,1800,300,274950
NIFTY09JAN2012600CE.NFO,07/01/2020,09:16:17,1,0.9,150,1,1800,0,274950
NIFTY09JAN2012600CE.NFO,07/01/2020,09:16:18,1,0.9,150,1,1800,0,274950
NIFTY09JAN2012600CE.NFO,07/01/2020,09:16:29,1,0.9,150,1,1725,75,274950
NIFTY09JAN2012600CE.NFO,07/01/2020,09:16:30,1,0.9,150,1,1725,0,274950
NIFTY09JAN2012600CE.NFO,07/01/2020,09:16:31,0.9,0.9,150,1,1725,225,274950
NIFTY09JAN2012600CE.NFO,07/01/2020,09:16:33,0.9,0.9,150,0.95,900,0,274950
NIFTY09JAN2012600CE.NFO,07/01/2020,09:16:35,0.9,0.9,150,0.95,975,0,274950
NIFTY09JAN2012600CE.NFO,07/01/2020,09:16:48,0.9,0.9,75,0.95,975,0,274950
NIFTY09JAN2012600CE.NFO,07/01/2020,09:16:54,0.9,0.9,5250,0.95,525,900,274950
NIFTY09JAN2012600CE.NFO,07/01/2020,09:16:55,0.9,0.9,5250,0.95,450,0,274950
NIFTY09JAN2012600CE.NFO,07/01/2020,09:16:56,0.95,0.9,5250,0.95,225,225,274950
NIFTY09JAN2012600CE.NFO,07/01/2020,09:17:04,0.95,0.9,5250,0.95,225,0,274950
NIFTY09JAN2012600CE.NFO,07/01/2020,09:17:13,0.9,0.9,5175,0.95,225,75,278475
NIFTY09JAN2012600CE.NFO,07/01/2020,09:17:14,0.9,0.9,5175,0.95,225,0,278475
NIFTY09JAN2012600CE.NFO,07/01/2020,09:17:19,0.95,0.95,1575,1,1650,225,278475
NIFTY09JAN2012600CE.NFO,07/01/2020,09:17:20,0.95,0.95,1575,1,1650,0,278475
NIFTY09JAN2012600CE.NFO,07/01/2020,09:17:24,1,1.05,150,1.15,75,1650,278475
NIFTY09JAN2012600CE.NFO,07/01/2020,09:17:25,1,1.05,150,1.15,75,0,278475
NIFTY09JAN2012600CE.NFO,07/01/2020,09:17:27,1.15,1.05,150,1.1,2400,75,278475
NIFTY09JAN2012600CE.NFO,07/01/2020,09:17:27,1.15,1.05,150,1.1,2400,0,278475
NIFTY09JAN2012600CE.NFO,07/01/2020,09:17:28,1.15,1.05,150,1.1,2400,0,278475
NIFTY09JAN2012600CE.NFO,07/01/2020,09:17:30,1.1,1.05,150,1.1,2325,75,278475
NIFTY09JAN2012600CE.NFO,07/01/2020,09:17:31,1.05,1,1275,1.1,2325,75,278475
NIFTY09JAN2012600CE.NFO,07/01/2020,09:17:32,1.05,1,1275,1.1,2325,0,278475
NIFTY09JAN2012600CE.NFO,07/01/2020,09:17:36,1.05,1,825,1.1,2325,0,278475
NIFTY09JAN2012600CE.NFO,07/01/2020,09:17:38,1.05,1,1275,1.1,2325,75,278475
NIFTY09JAN2012600CE.NFO,07/01/2020,09:17:39,1.05,1,825,1.1,2325,0,278475
NIFTY09JAN2012600CE.NFO,07/01/2020,09:17:43,1.05,1,1350,1.1,2325,0,278475
NIFTY09JAN2012600CE.NFO,07/01/2020,09:17:44,1.05,1,825,1.1,75,975,278475
NIFTY09JAN2012600CE.NFO,07/01/2020,09:17:45,1.1,1,825,1.15,75,75,278475
NIFTY09JAN2012600CE.NFO,07/01/2020,09:17:46,1.05,1,1275,1.05,750,3150,278475
NIFTY09JAN2012600CE.NFO,07/01/2020,09:17:46,1.35,1,1275,1.05,750,0,278475
NIFTY09JAN2012600CE.NFO,07/01/2020,09:17:48,1.15,1.05,525,1.35,450,675,278475
NIFTY09JAN2012600CE.NFO,07/01/2020,09:17:49,1.15,1.05,525,1.35,975,0,278475
NIFTY09JAN2012600CE.NFO,07/01/2020,09:17:51,1.15,1.05,525,1.25,75,0,278475
NIFTY09JAN2012600CE.NFO,07/01/2020,09:17:52,1.15,1.05,525,1.25,450,0,278475
NIFTY09JAN2012600CE.NFO,07/01/2020,09:17:54,1.15,1.05,525,1.25,2550,0,278475
NIFTY09JAN2012600CE.NFO,07/01/2020,09:17:55,1.15,1.05,525,1.25,1950,0,278475
NIFTY09JAN2012600CE.NFO,07/01/2020,09:17:56,1.15,1,1275,1.15,450,0,278475
NIFTY09JAN2012600CE.NFO,07/01/2020,09:17:57,1.05,1,1275,1.15,450,75,278475
NIFTY09JAN2012600CE.NFO,07/01/2020,09:17:59,1.05,1,1275,1.15,450,0,278475
NIFTY09JAN2012600CE.NFO,07/01/2020,09:18:03,1.05,1,2250,1.1,2475,0,278475
NIFTY09JAN2012600CE.NFO,07/01/2020,09:18:05,1.05,1,1725,1.05,1275,0,278475
NIFTY09JAN2012600CE.NFO,07/01/2020,09:18:07,1.05,1,2250,1.05,1275,0,278475
NIFTY09JAN2012600CE.NFO,07/01/2020,09:18:09,1.05,1,1725,1.05,1275,0,278475
NIFTY09JAN2012600CE.NFO,07/01/2020,09:18:11,1.05,1,1725,1.1,2550,0,278475
NIFTY09JAN2012600CE.NFO,07/01/2020,09:18:12,1,1,1500,1.1,2550,225,278475
NIFTY09JAN2012600CE.NFO,07/01/2020,09:18:13,1,1,1500,1.05,75,0,278475
NIFTY09JAN2012600CE.NFO,07/01/2020,09:18:15,1,1,1500,1.1,2550,0,278475
NIFTY09JAN2012600CE.NFO,07/01/2020,09:18:16,1,1,1500,1.05,75,0,278475
NIFTY09JAN2012600CE.NFO,07/01/2020,09:18:20,1,1,1425,1.05,75,75,278475
NIFTY09JAN2012600CE.NFO,07/01/2020,09:18:21,1,1,1425,1.05,75,0,278475
NIFTY09JAN2012600CE.NFO,07/01/2020,09:18:22,0.95,0.95,3975,1.05,1050,1500,278475
NIFTY09JAN2012600CE.NFO,07/01/2020,09:18:23,0.95,0.95,3375,1.05,6150,0,278475
NIFTY09JAN2012600CE.NFO,07/01/2020,09:18:24,1,0.95,3450,1.05,6150,75,278475
NIFTY09JAN2012600CE.NFO,07/01/2020,09:18:25,1,0.95,3450,1.05,6150,0,278475
NIFTY09JAN2012600CE.NFO,07/01/2020,09:18:34,1,0.95,3450,1.05,6525,0,278475
NIFTY09JAN2012600CE.NFO,07/01/2020,09:18:39,1,0.95,3450,1,1650,0,278475
NIFTY09JAN2012600CE.NFO,07/01/2020,09:18:40,1,0.95,3450,1,975,0,278475
NIFTY09JAN2012600CE.NFO,07/01/2020,09:18:46,1,0.95,2475,1,1650,0,278475
NIFTY09JAN2012600CE.NFO,07/01/2020,09:18:47,1,0.95,2475,1,2025,0,278475
NIFTY09JAN2012600CE.NFO,07/01/2020,09:18:48,1,0.95,1575,1,2025,0,278475
NIFTY09JAN2012600CE.NFO,07/01/2020,09:18:49,0.95,0.95,975,1,2025,600,278475
NIFTY09JAN2012600CE.NFO,07/01/2020,09:18:49,0.95,0.95,975,1,2025,0,278475
NIFTY09JAN2012600CE.NFO,07/01/2020,09:18:51,0.95,0.9,3150,0.95,2625,975,278475
NIFTY09JAN2012600CE.NFO,07/01/2020,09:18:55,0.95,0.9,2175,0.95,2625,0,278475
NIFTY09JAN2012600CE.NFO,07/01/2020,09:19:02,0.95,0.9,2925,0.95,2625,0,278475
NIFTY09JAN2012600CE.NFO,07/01/2020,09:19:03,0.95,0.9,2925,0.95,3375,0,278475
NIFTY09JAN2012600CE.NFO,07/01/2020,09:19:04,0.95,0.9,3750,0.95,3375,0,278475
NIFTY09JAN2012600CE.NFO,07/01/2020,09:19:06,0.95,0.9,2925,0.95,3375,0,278475
NIFTY09JAN2012600CE.NFO,07/01/2020,09:19:09,0.95,0.9,3825,0.95,3375,0,278475
NIFTY09JAN2012600CE.NFO,07/01/2020,09:19:11,0.95,0.9,2925,0.95,3375,0,278475
NIFTY09JAN2012600CE.NFO,07/01/2020,09:19:12,0.95,0.9,3825,0.95,3375,0,278475
NIFTY09JAN2012600CE.NFO,07/01/2020,09:19:14,0.95,0.9,2925,0.95,3375,0,278475
NIFTY09JAN2012600CE.NFO,07/01/2020,09:19:16,0.95,0.9,2925,0.95,3300,0,278475
NIFTY09JAN2012600CE.NFO,07/01/2020,09:19:19,0.95,0.9,3900,0.95,3300,0,278475
NIFTY09JAN2012600CE.NFO,07/01/2020,09:19:25,0.95,0.9,2625,0.95,3300,0,278475
NIFTY09JAN2012600CE.NFO,07/01/2020,09:19:26,0.95,0.9,3675,0.95,3225,75,278475
NIFTY09JAN2012600CE.NFO,07/01/2020,09:19:27,0.95,0.9,3675,0.95,3225,0,278475
NIFTY09JAN2012600CE.NFO,07/01/2020,09:19:28,0.95,0.9,2625,0.95,3225,0,278475
NIFTY09JAN2012600CE.NFO,07/01/2020,09:19:30,0.95,0.9,2625,0.95,4275,0,278475
NIFTY09JAN2012600CE.NFO,07/01/2020,09:19:35,0.95,0.9,2625,0.95,3225,0,278475
NIFTY09JAN2012600CE.NFO,07/01/2020,09:19:37,0.95,0.9,2625,0.95,4275,0,278475
NIFTY09JAN2012600CE.NFO,07/01/2020,09:19:38,0.95,0.9,2625,0.95,3225,0,278475
NIFTY09JAN2012600CE.NFO,07/01/2020,09:19:39,0.95,0.9,2625,0.95,4275,0,278475
NIFTY09JAN2012600CE.NFO,07/01/2020,09:19:40,0.95,0.9,2625,0.95,3225,0,278475
NIFTY09JAN2012600CE.NFO,07/01/2020,09:19:42,0.95,0.9,3675,0.95,3225,0,278475
NIFTY09JAN2012600CE.NFO,07/01/2020,09:19:49,0.95,0.9,2625,0.95,3225,0,278475
NIFTY09JAN2012600CE.NFO,07/01/2020,09:19:51,0.95,0.9,2625,0.95,4200,0,278475
NIFTY09JAN2012600CE.NFO,07/01/2020,09:19:53,0.95,0.9,2625,0.95,3225,0,278475
NIFTY09JAN2012600CE.NFO,07/01/2020,09:19:55,0.95,0.9,2625,0.95,4200,0,278475
NIFTY09JAN2012600CE.NFO,07/01/2020,09:19:56,0.95,0.9,2625,0.95,3225,0,278475
NIFTY09JAN2012600CE.NFO,07/01/2020,09:19:57,0.95,0.9,3600,0.95,3225,0,278475
NIFTY09JAN2012600CE.NFO,07/01/2020,09:20:01,0.9,0.9,2850,0.95,3225,750,278475
NIFTY09JAN2012600CE.NFO,07/01/2020,09:20:02,0.9,0.9,1875,0.95,3225,0,278475
NIFTY09JAN2012600CE.NFO,07/01/2020,09:20:05,0.9,0.9,2625,0.95,3225,0,278475
NIFTY09JAN2012600CE.NFO,07/01/2020,09:20:07,0.9,0.9,2325,0.95,2250,0,278475
NIFTY09JAN2012600CE.NFO,07/01/2020,09:20:08,0.9,0.9,2700,0.95,2250,0,278475
NIFTY09JAN2012600CE.NFO,07/01/2020,09:20:09,0.9,0.9,1875,0.95,2250,0,278475
NIFTY09JAN2012600CE.NFO,07/01/2020,09:20:10,0.9,0.9,2625,0.95,2250,0,278475
NIFTY09JAN2012600CE.NFO,07/01/2020,09:20:11,0.9,0.9,1875,0.95,2250,0,278475
NIFTY09JAN2012600CE.NFO,07/01/2020,09:20:14,0.9,0.9,2625,0.95,2250,0,278475
NIFTY09JAN2012600CE.NFO,07/01/2020,09:20:17,0.9,0.9,4725,0.95,2250,0,278475
NIFTY09JAN2012600CE.NFO,07/01/2020,09:20:21,0.9,0.9,3975,0.95,3900,0,278475
NIFTY09JAN2012600CE.NFO,07/01/2020,09:20:23,0.9,0.9,3975,0.95,3225,0,278475
NIFTY09JAN2012600CE.NFO,07/01/2020,09:20:24,0.9,0.9,225,0.95,3225,3750,279225
NIFTY09JAN2012600CE.NFO,07/01/2020,09:20:28,0.9,0.9,1650,0.95,3225,0,279225
NIFTY09JAN2012600CE.NFO,07/01/2020,09:20:31,0.9,0.9,975,0.95,3525,0,279225
NIFTY09JAN2012600CE.NFO,07/01/2020,09:20:32,0.9,0.9,1650,0.95,3525,0,279225
NIFTY09JAN2012600CE.NFO,07/01/2020,09:20:34,0.9,0.85,4500,0.9,3000,1650,279225
NIFTY09JAN2012600CE.NFO,07/01/2020,09:20:42,0.85,0.75,3000,0.85,1575,750,279225
NIFTY09JAN2012600CE.NFO,07/01/2020,09:20:43,0.85,0.8,675,0.85,900,0,279225
NIFTY09JAN2012600CE.NFO,07/01/2020,09:20:45,0.85,0.8,2250,0.85,825,0,279225
NIFTY09JAN2012600CE.NFO,07/01/2020,09:20:57,0.85,0.8,2100,0.85,900,0,279225
NIFTY09JAN2012600CE.NFO,07/01/2020,09:20:58,0.85,0.8,1500,0.85,900,0,279225
NIFTY09JAN2012600CE.NFO,07/01/2020,09:21:00,0.85,0.8,1500,0.85,825,0,279225
NIFTY09JAN2012600CE.NFO,07/01/2020,09:21:01,0.85,0.8,1500,0.85,1500,0,279225
NIFTY09JAN2012600CE.NFO,07/01/2020,09:21:05,0.85,0.8,1500,0.85,2400,75,279225
NIFTY09JAN2012600CE.NFO,07/01/2020,09:21:06,0.85,0.8,1500,0.85,2325,75,279225
NIFTY09JAN2012600CE.NFO,07/01/2020,09:21:09,0.85,0.8,2100,0.85,1725,0,279225
NIFTY09JAN2012600CE.NFO,07/01/2020,09:21:20,0.8,0.8,300,0.85,2325,1200,279225
NIFTY09JAN2012600CE.NFO,07/01/2020,09:21:20,0.8,0.8,300,0.85,2325,0,279225
NIFTY09JAN2012600CE.NFO,07/01/2020,09:21:21,0.8,0.8,300,0.85,1725,0,279225
NIFTY09JAN2012600CE.NFO,07/01/2020,09:21:22,0.8,0.8,300,0.85,2325,0,279225
NIFTY09JAN2012600CE.NFO,07/01/2020,09:21:23,0.8,0.75,4425,0.8,975,300,279225
NIFTY09JAN2012600CE.NFO,07/01/2020,09:21:24,0.8,0.75,3825,0.8,975,0,279225
NIFTY09JAN2012600CE.NFO,07/01/2020,09:21:30,0.8,0.75,3825,0.8,1650,0,279225
NIFTY09JAN2012600CE.NFO,07/01/2020,09:21:36,0.8,0.75,3900,0.8,900,0,279225
NIFTY09JAN2012600CE.NFO,07/01/2020,09:21:37,0.8,0.75,3825,0.8,1575,0,279225
NIFTY09JAN2012600CE.NFO,07/01/2020,09:21:39,0.8,0.75,3825,0.8,900,0,279225
NIFTY09JAN2012600CE.NFO,07/01/2020,09:21:43,0.8,0.75,3900,0.8,900,0,279225
NIFTY09JAN2012600CE.NFO,07/01/2020,09:21:50,0.8,0.75,3825,0.8,1650,0,279225
NIFTY09JAN2012600CE.NFO,07/01/2020,09:21:51,0.8,0.75,3825,0.8,975,0,279225
NIFTY09JAN2012600CE.NFO,07/01/2020,09:21:52,0.8,0.75,3825,0.8,900,0,279225
NIFTY09JAN2012600CE.NFO,07/01/2020,09:21:53,0.8,0.75,3900,0.8,1575,0,279225
NIFTY09JAN2012600CE.NFO,07/01/2020,09:21:55,0.8,0.75,3900,0.8,675,0,279225
NIFTY09JAN2012600CE.NFO,07/01/2020,09:21:56,0.8,0.8,525,0.85,3600,675,279225
NIFTY09JAN2012600CE.NFO,07/01/2020,09:22:01,0.8,0.8,1950,0.85,3600,0,279225
NIFTY09JAN2012600CE.NFO,07/01/2020,09:22:02,0.8,0.8,1275,0.85,3600,0,279225
NIFTY09JAN2012600CE.NFO,07/01/2020,09:22:04,0.8,0.8,1950,0.85,3225,0,279225
NIFTY09JAN2012600CE.NFO,07/01/2020,09:22:06,0.8,0.8,1800,0.85,2325,150,279225
NIFTY09JAN2012600CE.NFO,07/01/2020,09:22:09,0.8,0.8,1050,0.85,2325,75,279225
NIFTY09JAN2012600CE.NFO,07/01/2020,09:22:10,0.8,0.8,1050,0.85,3975,0,279225
NIFTY09JAN2012600CE.NFO,07/01/2020,09:22:11,0.8,0.8,3450,0.85,3300,0,279225
NIFTY09JAN2012600CE.NFO,07/01/2020,09:22:14,0.8,0.8,9375,0.85,3300,1275,279225
NIFTY09JAN2012600CE.NFO,07/01/2020,09:22:15,0.8,0.8,9150,0.85,3300,675,279225
NIFTY09JAN2012600CE.NFO,07/01/2020,09:22:16,0.8,0.8,7950,0.85,3300,0,279225
NIFTY09JAN2012600CE.NFO,07/01/2020,09:22:25,0.8,0.8,8025,0.85,2325,0,279225
NIFTY09JAN2012600CE.NFO,07/01/2020,09:22:30,0.8,0.8,8025,0.85,3150,0,279225
NIFTY09JAN2012600CE.NFO,07/01/2020,09:22:34,0.8,0.8,8025,0.85,2325,0,279225
NIFTY09JAN2012600CE.NFO,07/01/2020,09:22:35,0.8,0.8,8025,0.85,4200,0,279225
NIFTY09JAN2012600CE.NFO,07/01/2020,09:22:37,0.8,0.8,8025,0.85,3300,0,279225
NIFTY09JAN2012600CE.NFO,07/01/2020,09:22:45,0.8,0.8,8025,0.85,4200,0,279225
NIFTY09JAN2012600CE.NFO,07/01/2020,09:22:50,0.8,0.8,8025,0.85,3300,0,279225
NIFTY09JAN2012600CE.NFO,07/01/2020,09:22:58,0.8,0.8,8025,0.85,1800,0,279225
NIFTY09JAN2012600CE.NFO,07/01/2020,09:23:02,0.8,0.8,7950,0.85,2775,75,279225
NIFTY09JAN2012600CE.NFO,07/01/2020,09:23:03,0.8,0.8,7200,0.85,2775,750,279225
NIFTY09JAN2012600CE.NFO,07/01/2020,09:23:04,0.8,0.8,6600,0.85,2775,600,279225
NIFTY09JAN2012600CE.NFO,07/01/2020,09:23:06,0.8,0.8,6600,0.85,1800,0,279225
NIFTY09JAN2012600CE.NFO,07/01/2020,09:23:07,0.85,0.85,375,0.9,2700,1725,279225
NIFTY09JAN2012600CE.NFO,07/01/2020,09:23:09,0.85,0.8,6750,0.9,2700,2850,279225
NIFTY09JAN2012600CE.NFO,07/01/2020,09:23:11,0.85,0.85,750,0.9,2700,0,279225
NIFTY09JAN2012600CE.NFO,07/01/2020,09:23:12,0.85,0.85,750,0.9,4200,0,279225
NIFTY09JAN2012600CE.NFO,07/01/2020,09:23:13,0.85,0.8,6750,0.85,1650,750,281325
NIFTY09JAN2012600CE.NFO,07/01/2020,09:23:16,0.85,0.8,6675,0.85,3375,0,281325
NIFTY09JAN2012600CE.NFO,07/01/2020,09:23:18,0.85,0.8,6675,0.85,2475,0,281325
NIFTY09JAN2012600CE.NFO,07/01/2020,09:23:28,0.85,0.8,6675,0.85,3375,0,281325
NIFTY09JAN2012600CE.NFO,07/01/2020,09:23:29,0.85,0.8,6675,0.85,2475,0,281325
NIFTY09JAN2012600CE.NFO,07/01/2020,09:23:41,0.85,0.8,6675,0.85,3375,0,281325
NIFTY09JAN2012600CE.NFO,07/01/2020,09:23:49,0.85,0.8,6675,0.85,2475,0,281325
NIFTY09JAN2012600CE.NFO,07/01/2020,09:24:03,0.85,0.8,6675,0.85,2400,0,281325
NIFTY09JAN2012600CE.NFO,07/01/2020,09:24:04,0.85,0.8,6675,0.85,3300,0,281325
NIFTY09JAN2012600CE.NFO,07/01/2020,09:24:05,0.85,0.8,6675,0.85,3375,0,281325
NIFTY09JAN2012600CE.NFO,07/01/2020,09:24:06,0.85,0.8,6675,0.85,2475,0,281325
NIFTY09JAN2012600CE.NFO,07/01/2020,09:24:08,0.85,0.8,6675,0.85,2400,0,281325
NIFTY09JAN2012600CE.NFO,07/01/2020,09:24:10,0.85,0.8,6675,0.85,3375,0,281325
NIFTY09JAN2012600CE.NFO,07/01/2020,09:24:23,0.85,0.8,6675,0.85,2475,0,281325
NIFTY09JAN2012600CE.NFO,07/01/2020,09:24:24,0.85,0.8,6675,0.85,3375,0,281325
NIFTY09JAN2012600CE.NFO,07/01/2020,09:24:26,0.85,0.8,6675,0.85,2400,0,281325
NIFTY09JAN2012600CE.NFO,07/01/2020,09:24:28,0.85,0.8,6675,0.85,3300,0,281325
NIFTY09JAN2012600CE.NFO,07/01/2020,09:24:31,0.85,0.8,6675,0.85,3450,0,281325
NIFTY09JAN2012600CE.NFO,07/01/2020,09:24:35,0.85,0.8,8175,0.85,2400,0,281325
NIFTY09JAN2012600CE.NFO,07/01/2020,09:24:38,0.85,0.8,8325,0.85,2325,75,281325
NIFTY09JAN2012600CE.NFO,07/01/2020,09:24:39,0.9,0.85,1650,0.9,2550,3000,281325
NIFTY09JAN2012600CE.NFO,07/01/2020,09:24:40,0.9,0.85,750,0.9,3600,0,281325
NIFTY09JAN2012600CE.NFO,07/01/2020,09:24:44,0.85,0.8,8325,0.85,1200,750,281325
NIFTY09JAN2012600CE.NFO,07/01/2020,09:24:46,0.85,0.8,8325,0.85,1200,0,281325
NIFTY09JAN2012600CE.NFO,07/01/2020,09:24:54,0.85,0.8,8175,0.85,2325,0,281325
NIFTY09JAN2012600CE.NFO,07/01/2020,09:24:55,0.85,0.8,8175,0.85,1200,0,281325
NIFTY09JAN2012600CE.NFO,07/01/2020,09:24:56,0.85,0.8,8325,0.85,1200,0,281325
NIFTY09JAN2012600CE.NFO,07/01/2020,09:24:57,0.85,0.8,8175,0.85,2325,0,281325
NIFTY09JAN2012600CE.NFO,07/01/2020,09:24:58,0.85,0.8,8175,0.85,1200,0,281325
NIFTY09JAN2012600CE.NFO,07/01/2020,09:25:00,0.85,0.8,8325,0.85,1200,0,281325
NIFTY09JAN2012600CE.NFO,07/01/2020,09:25:01,0.85,0.8,8175,0.85,1200,0,281325
NIFTY09JAN2012600CE.NFO,07/01/2020,09:25:04,0.85,0.8,8325,0.85,1200,0,281325
NIFTY09JAN2012600CE.NFO,07/01/2020,09:25:09,0.85,0.8,8325,0.85,2400,0,281325
NIFTY09JAN2012600CE.NFO,07/01/2020,09:25:10,0.9,0.8,8325,0.9,3300,3000,281325
NIFTY09JAN2012600CE.NFO,07/01/2020,09:25:14,0.9,0.85,750,0.9,1800,0,281325
NIFTY09JAN2012600CE.NFO,07/01/2020,09:25:21,0.9,0.85,750,0.9,600,0,281325
NIFTY09JAN2012600CE.NFO,07/01/2020,09:25:22,0.9,0.85,750,0.9,1725,0,281325
NIFTY09JAN2012600CE.NFO,07/01/2020,09:25:29,0.9,0.85,750,0.9,975,0,281325
NIFTY09JAN2012600CE.NFO,07/01/2020,09:25:30,0.9,0.85,750,0.9,1725,0,281325
NIFTY09JAN2012600CE.NFO,07/01/2020,09:25:39,0.9,0.85,750,0.9,600,0,281325
NIFTY09JAN2012600CE.NFO,07/01/2020,09:25:42,0.9,0.85,1875,0.9,600,0,281325
NIFTY09JAN2012600CE.NFO,07/01/2020,09:25:46,0.9,0.85,1875,0.9,450,0,281325
NIFTY09JAN2012600CE.NFO,07/01/2020,09:25:47,0.9,0.85,750,0.9,1725,0,281325
NIFTY09JAN2012600CE.NFO,07/01/2020,09:25:49,0.9,0.85,1875,0.9,450,0,281325
NIFTY09JAN2012600CE.NFO,07/01/2020,09:25:50,0.9,0.85,750,0.9,1725,0,281325
NIFTY09JAN2012600CE.NFO,07/01/2020,09:25:51,0.9,0.85,1875,0.9,1725,0,281325
NIFTY09JAN2012600CE.NFO,07/01/2020,09:25:54,0.9,0.85,750,0.9,1725,0,281325
NIFTY09JAN2012600CE.NFO,07/01/2020,09:26:05,0.9,0.85,750,0.9,600,0,281325
NIFTY09JAN2012600CE.NFO,07/01/2020,09:26:06,0.9,0.85,750,0.9,1725,0,281325
NIFTY09JAN2012600CE.NFO,07/01/2020,09:26:08,0.9,0.85,750,0.9,600,0,281325
NIFTY09JAN2012600CE.NFO,07/01/2020,09:26:09,0.9,0.85,750,0.9,1725,0,281325
NIFTY09JAN2012600CE.NFO,07/01/2020,09:26:11,0.9,0.85,750,0.9,600,0,281325
NIFTY09JAN2012600CE.NFO,07/01/2020,09:26:14,0.9,0.85,750,0.9,1725,0,281325
NIFTY09JAN2012600CE.NFO,07/01/2020,09:26:16,0.9,0.85,750,0.9,1800,0,281325
NIFTY09JAN2012600CE.NFO,07/01/2020,09:26:18,0.9,0.85,1875,0.9,1800,0,281325
NIFTY09JAN2012600CE.NFO,07/01/2020,09:26:23,0.9,0.85,750,0.9,1875,0,281325
NIFTY09JAN2012600CE.NFO,07/01/2020,09:26:24,0.9,0.85,750,0.9,2025,0,281325
NIFTY09JAN2012600CE.NFO,07/01/2020,09:26:25,0.9,0.85,1875,0.9,1800,0,281325
NIFTY09JAN2012600CE.NFO,07/01/2020,09:26:49,0.9,0.85,750,0.9,1800,0,281325
NIFTY09JAN2012600CE.NFO,07/01/2020,09:26:51,0.9,0.85,750,0.9,3000,0,281325
NIFTY09JAN2012600CE.NFO,07/01/2020,09:26:56,0.9,0.85,750,0.9,1800,0,281325
NIFTY09JAN2012600CE.NFO,07/01/2020,09:26:59,0.9,0.85,750,0.9,3000,0,281325
NIFTY09JAN2012600CE.NFO,07/01/2020,09:27:01,0.9,0.85,750,0.9,2550,600,284175
NIFTY09JAN2012600CE.NFO,07/01/2020,09:27:06,0.9,0.85,750,0.9,2550,0,284175
NIFTY09JAN2012600CE.NFO,07/01/2020,09:27:12,0.9,0.85,750,0.9,2475,0,284175
NIFTY09JAN2012600CE.NFO,07/01/2020,09:27:16,0.9,0.85,1875,0.9,1200,0,284175
NIFTY09JAN2012600CE.NFO,07/01/2020,09:27:17,0.9,0.85,2025,0.9,1200,0,284175
NIFTY09JAN2012600CE.NFO,07/01/2020,09:27:21,0.9,0.85,1875,0.9,2475,0,284175
NIFTY09JAN2012600CE.NFO,07/01/2020,09:27:22,0.9,0.85,2025,0.9,1200,0,284175
NIFTY09JAN2012600CE.NFO,07/01/2020,09:27:23,0.9,0.85,1875,0.9,1200,0,284175
NIFTY09JAN2012600CE.NFO,07/01/2020,09:27:27,0.9,0.85,750,0.9,2475,0,284175
NIFTY09JAN2012600CE.NFO,07/01/2020,09:27:35,0.85,0.8,8325,0.85,450,750,284175
NIFTY09JAN2012600CE.NFO,07/01/2020,09:27:49,0.85,0.8,8325,0.85,2475,0,284175
NIFTY09JAN2012600CE.NFO,07/01/2020,09:27:50,0.85,0.8,8325,0.85,1200,0,284175
NIFTY09JAN2012600CE.NFO,07/01/2020,09:27:58,0.85,0.8,8325,0.85,2475,0,284175
NIFTY09JAN2012600CE.NFO,07/01/2020,09:28:05,0.85,0.8,8325,0.85,3975,0,284175
NIFTY09JAN2012600CE.NFO,07/01/2020,09:28:08,0.85,0.8,8325,0.85,4050,0,284175
NIFTY09JAN2012600CE.NFO,07/01/2020,09:28:09,0.85,0.8,8325,0.85,2700,0,284175
NIFTY09JAN2012600CE.NFO,07/01/2020,09:28:10,0.85,0.8,8325,0.85,1200,0,284175
NIFTY09JAN2012600CE.NFO,07/01/2020,09:28:12,0.85,0.8,8325,0.85,2550,0,284175
NIFTY09JAN2012600CE.NFO,07/01/2020,09:28:16,0.85,0.8,8325,0.85,2325,0,284175
NIFTY09JAN2012600CE.NFO,07/01/2020,09:28:19,0.85,0.8,8325,0.85,1200,0,284175
NIFTY09JAN2012600CE.NFO,07/01/2020,09:28:22,0.85,0.8,8325,0.85,2550,0,284175
NIFTY09JAN2012600CE.NFO,07/01/2020,09:28:25,0.85,0.8,8325,0.85,1200,0,284175
NIFTY09JAN2012600CE.NFO,07/01/2020,09:28:27,0.85,0.8,8325,0.85,2550,0,284175
NIFTY09JAN2012600CE.NFO,07/01/2020,09:28:29,0.85,0.8,8325,0.85,2325,0,284175
NIFTY09JAN2012600CE.NFO,07/01/2020,09:28:30,0.85,0.8,8325,0.85,1200,0,284175
NIFTY09JAN2012600CE.NFO,07/01/2020,09:28:32,0.85,0.8,8325,0.85,2550,0,284175
NIFTY09JAN2012600CE.NFO,07/01/2020,09:28:33,0.85,0.8,8325,0.85,1200,0,284175
NIFTY09JAN2012600CE.NFO,07/01/2020,09:28:56,0.85,0.8,8325,0.85,750,0,284175
NIFTY09JAN2012600CE.NFO,07/01/2020,09:28:57,0.85,0.8,8325,0.85,2100,0,284175
NIFTY09JAN2012600CE.NFO,07/01/2020,09:29:00,0.85,0.85,1500,0.9,2850,750,284175
NIFTY09JAN2012600CE.NFO,07/01/2020,09:29:01,0.85,0.85,2250,0.9,2550,0,284175
NIFTY09JAN2012600CE.NFO,07/01/2020,09:29:02,0.85,0.85,2250,0.9,2850,0,284175
NIFTY09JAN2012600CE.NFO,07/01/2020,09:29:05,0.85,0.85,2250,0.9,1500,0,284175
NIFTY09JAN2012600CE.NFO,07/01/2020,09:29:06,0.85,0.85,2250,0.9,2475,0,284175
NIFTY09JAN2012600CE.NFO,07/01/2020,09:29:07,0.85,0.85,3600,0.95,4125,0,284175
NIFTY09JAN2012600CE.NFO,07/01/2020,09:29:10,0.85,0.85,2325,0.9,75,0,284175
NIFTY09JAN2012600CE.NFO,07/01/2020,09:29:12,0.85,0.85,2325,0.9,5475,0,284175
NIFTY09JAN2012600CE.NFO,07/01/2020,09:29:13,0.85,0.85,2325,0.9,4275,0,284175
NIFTY09JAN2012600CE.NFO,07/01/2020,09:29:14,0.85,0.85,3525,0.9,2775,0,284175
NIFTY09JAN2012600CE.NFO,07/01/2020,09:29:18,0.85,0.85,3525,0.9,2475,0,284175
NIFTY09JAN2012600CE.NFO,07/01/2020,09:29:20,0.85,0.85,3525,0.9,75,0,284175
NIFTY09JAN2012600CE.NFO,07/01/2020,09:29:22,0.9,0.85,2325,0.9,675,900,284325
NIFTY09JAN2012600CE.NFO,07/01/2020,09:29:25,0.9,0.85,2325,0.9,3375,0,284325
NIFTY09JAN2012600CE.NFO,07/01/2020,09:29:26,0.9,0.85,3525,0.9,1875,0,284325
NIFTY09JAN2012600CE.NFO,07/01/2020,09:29:29,0.9,0.85,2325,0.9,3375,0,284325
NIFTY09JAN2012600CE.NFO,07/01/2020,09:29:35,0.9,0.85,2325,0.9,2175,0,284325
NIFTY09JAN2012600CE.NFO,07/01/2020,09:29:36,0.9,0.85,3450,0.9,1875,0,284325
NIFTY09JAN2012600CE.NFO,07/01/2020,09:29:42,0.9,0.85,2325,0.9,1875,0,284325
NIFTY09JAN2012600CE.NFO,07/01/2020,09:29:43,0.9,0.85,2325,0.9,3000,0,284325
NIFTY09JAN2012600CE.NFO,07/01/2020,09:29:44,0.9,0.85,5325,0.9,2175,0,284325
NIFTY09JAN2012600CE.NFO,07/01/2020,09:29:45,0.9,0.85,5325,0.9,1875,0,284325
NIFTY09JAN2012600CE.NFO,07/01/2020,09:29:51,0.9,0.85,5325,0.9,3075,0,284325
NIFTY09JAN2012600CE.NFO,07/01/2020,09:29:53,0.9,0.85,5325,0.9,1875,0,284325
NIFTY09JAN2012600CE.NFO,07/01/2020,09:29:54,0.9,0.85,5325,0.9,3075,0,284325
NIFTY09JAN2012600CE.NFO,07/01/2020,09:29:55,0.9,0.85,5325,0.9,675,0,284325
NIFTY09JAN2012600CE.NFO,07/01/2020,09:29:56,0.85,0.85,5250,0.9,1875,75,284325
NIFTY09JAN2012600CE.NFO,07/01/2020,09:30:01,0.85,0.85,5250,0.9,675,0,284325
NIFTY09JAN2012600CE.NFO,07/01/2020,09:30:07,0.85,0.85,5250,0.9,1875,0,284325
NIFTY09JAN2012600CE.NFO,07/01/2020,09:30:11,0.9,0.85,5250,0.9,450,225,284325
NIFTY09JAN2012600CE.NFO,07/01/2020,09:30:12,0.9,0.85,5250,0.9,1650,0,284325
NIFTY09JAN2012600CE.NFO,07/01/2020,09:30:13,0.9,0.85,5250,0.9,450,0,284325
NIFTY09JAN2012600CE.NFO,07/01/2020,09:30:14,0.9,0.85,5250,0.9,1650,0,284325
NIFTY09JAN2012600CE.NFO,07/01/2020,09:30:15,0.9,0.85,5250,0.9,450,0,284325
NIFTY09JAN2012600CE.NFO,07/01/2020,09:30:19,0.9,0.85,5250,0.9,1650,0,284325
NIFTY09JAN2012600CE.NFO,07/01/2020,09:30:22,0.9,0.85,5250,0.9,450,0,284325
NIFTY09JAN2012600CE.NFO,07/01/2020,09:30:25,0.9,0.85,5250,0.9,1650,0,284325
NIFTY09JAN2012600CE.NFO,07/01/2020,09:30:31,0.9,0.85,5250,0.9,450,0,284325
NIFTY09JAN2012600CE.NFO,07/01/2020,09:30:34,0.9,0.85,5250,0.9,1650,0,284325
NIFTY09JAN2012600CE.NFO,07/01/2020,09:30:45,0.9,0.85,5250,0.9,450,0,284325
NIFTY09JAN2012600CE.NFO,07/01/2020,09:30:47,0.9,0.85,5250,0.9,1650,0,284325
NIFTY09JAN2012600CE.NFO,07/01/2020,09:30:49,0.9,0.85,5250,0.9,450,0,284325
NIFTY09JAN2012600CE.NFO,07/01/2020,09:30:53,0.9,0.85,5250,0.9,1650,0,284325
NIFTY09JAN2012600CE.NFO,07/01/2020,09:30:55,0.9,0.95,1050,1,1575,0,284325
NIFTY09JAN2012600CE.NFO,07/01/2020,09:30:57,0.9,0.95,750,1,1575,0,284325
NIFTY09JAN2012600CE.NFO,07/01/2020,09:30:58,0.9,0.95,750,1,1350,0,284325
NIFTY09JAN2012600CE.NFO,07/01/2020,09:31:05,0.9,0.95,750,1,1125,0,284325
NIFTY09JAN2012600CE.NFO,07/01/2020,09:31:11,0.9,0.95,1725,1,375,0,284325
NIFTY09JAN2012600CE.NFO,07/01/2020,09:31:12,0.95,0.95,1275,1,375,450,284325
NIFTY09JAN2012600CE.NFO,07/01/2020,09:31:13,0.95,0.95,75,1,3375,225,284325
NIFTY09JAN2012600CE.NFO,07/01/2020,09:31:15,0.95,0.9,2175,1,4125,225,284325
NIFTY09JAN2012600CE.NFO,07/01/2020,09:31:17,0.95,0.9,2175,0.95,3825,0,284325
NIFTY09JAN2012600CE.NFO,07/01/2020,09:31:18,0.95,0.9,1875,0.95,3825,0,284325
NIFTY09JAN2012600CE.NFO,07/01/2020,09:31:19,0.95,0.9,2175,0.95,3825,0,284325
NIFTY09JAN2012600CE.NFO,07/01/2020,09:31:26,0.95,0.9,2175,0.95,825,0,284325
NIFTY09JAN2012600CE.NFO,07/01/2020,09:31:27,0.9,0.9,2100,0.95,900,225,284325
NIFTY09JAN2012600CE.NFO,07/01/2020,09:31:30,0.9,0.9,1500,0.95,1500,0,284325
NIFTY09JAN2012600CE.NFO,07/01/2020,09:31:31,0.9,0.9,1500,0.95,900,0,284325
NIFTY09JAN2012600CE.NFO,07/01/2020,09:31:35,0.9,0.9,2100,0.95,900,0,284325
NIFTY09JAN2012600CE.NFO,07/01/2020,09:31:41,1,0.95,750,1,825,975,284325
NIFTY09JAN2012600CE.NFO,07/01/2020,09:31:48,1,0.95,750,1,675,0,284325
NIFTY09JAN2012600CE.NFO,07/01/2020,09:31:52,1,0.95,750,1,3675,0,284325
NIFTY09JAN2012600CE.NFO,07/01/2020,09:31:55,1,0.95,1200,1,3675,0,284325
NIFTY09JAN2012600CE.NFO,07/01/2020,09:32:01,1,0.95,750,1,3225,0,284325
NIFTY09JAN2012600CE.NFO,07/01/2020,09:32:02,0.95,0.95,75,1,3225,675,284325
NIFTY09JAN2012600CE.NFO,07/01/2020,09:32:03,0.95,0.9,1575,1,3975,450,284325
NIFTY09JAN2012600CE.NFO,07/01/2020,09:32:05,0.95,0.9,1575,1,3975,0,284325
NIFTY09JAN2012600CE.NFO,07/01/2020,09:32:07,0.95,0.9,2025,1,3975,0,284325
NIFTY09JAN2012600CE.NFO,07/01/2020,09:32:18,0.95,0.9,2175,1,3975,0,284325
NIFTY09JAN2012600CE.NFO,07/01/2020,09:32:19,0.95,0.9,2175,1,7050,0,284325
NIFTY09JAN2012600CE.NFO,07/01/2020,09:32:23,0.95,0.9,1875,0.95,4050,0,284325
NIFTY09JAN2012600CE.NFO,07/01/2020,09:32:24,0.95,0.9,1875,0.95,3750,0,284325
NIFTY09JAN2012600CE.NFO,07/01/2020,09:32:26,0.95,0.9,2175,0.95,3750,0,284325
NIFTY09JAN2012600CE.NFO,07/01/2020,09:32:27,0.9,0.9,825,0.95,3750,450,283800
NIFTY09JAN2012600CE.NFO,07/01/2020,09:32:28,0.9,0.9,825,0.95,3750,0,283800
NIFTY09JAN2012600CE.NFO,07/01/2020,09:32:30,0.9,0.9,825,0.95,4050,0,283800
NIFTY09JAN2012600CE.NFO,07/01/2020,09:32:38,0.9,0.9,1575,0.95,4050,0,283800
NIFTY09JAN2012600CE.NFO,07/01/2020,09:32:39,0.9,0.9,2925,0.95,3750,0,283800
NIFTY09JAN2012600CE.NFO,07/01/2020,09:32:41,0.9,0.9,3225,0.95,3750,0,283800
NIFTY09JAN2012600CE.NFO,07/01/2020,09:32:42,0.9,0.9,2175,0.95,3750,0,283800
NIFTY09JAN2012600CE.NFO,07/01/2020,09:32:47,0.9,0.9,2175,0.95,4050,0,283800
NIFTY09JAN2012600CE.NFO,07/01/2020,09:32:52,0.9,0.9,2175,0.95,3750,0,283800
NIFTY09JAN2012600CE.NFO,07/01/2020,09:32:59,0.9,0.9,3000,0.95,3750,0,283800
NIFTY09JAN2012600CE.NFO,07/01/2020,09:33:03,0.9,0.9,2925,0.95,3750,0,283800
NIFTY09JAN2012600CE.NFO,07/01/2020,09:33:05,0.9,0.9,2175,0.95,3750,0,283800
NIFTY09JAN2012600CE.NFO,07/01/2020,09:33:06,0.9,0.9,2925,0.95,3750,0,283800
NIFTY09JAN2012600CE.NFO,07/01/2020,09:33:16,0.9,0.9,2175,0.95,3750,0,283800
NIFTY09JAN2012600CE.NFO,07/01/2020,09:33:19,0.9,0.9,1725,0.95,4050,450,283800
NIFTY09JAN2012600CE.NFO,07/01/2020,09:33:20,0.9,0.8,7650,0.9,1575,1800,283800
NIFTY09JAN2012600CE.NFO,07/01/2020,09:33:25,0.9,0.85,2850,0.9,375,0,283800
NIFTY09JAN2012600CE.NFO,07/01/2020,09:33:26,0.9,0.85,1800,0.9,375,0,283800
NIFTY09JAN2012600CE.NFO,07/01/2020,09:33:29,0.9,0.9,1875,0.95,5100,375,283800
NIFTY09JAN2012600CE.NFO,07/01/2020,09:33:31,0.9,0.9,1875,0.95,5100,0,283800
NIFTY09JAN2012600CE.NFO,07/01/2020,09:33:32,0.9,0.9,1875,0.95,3750,0,283800
NIFTY09JAN2012600CE.NFO,07/01/2020,09:33:34,0.9,0.9,1875,0.95,4800,0,283800
NIFTY09JAN2012600CE.NFO,07/01/2020,09:33:35,0.9,0.9,1875,0.95,3750,0,283800
NIFTY09JAN2012600CE.NFO,07/01/2020,09:33:37,0.9,0.9,2175,0.95,3750,0,283800
NIFTY09JAN2012600CE.NFO,07/01/2020,09:33:38,0.95,0.9,2175,0.95,2250,1500,283800
NIFTY09JAN2012600CE.NFO,07/01/2020,09:33:39,0.95,0.9,2175,0.95,2250,0,283800
NIFTY09JAN2012600CE.NFO,07/01/2020,09:33:42,0.95,0.9,3150,0.95,2250,0,283800
NIFTY09JAN2012600CE.NFO,07/01/2020,09:33:45,0.95,0.9,2175,0.95,2250,0,283800
NIFTY09JAN2012600CE.NFO,07/01/2020,09:33:49,0.95,0.9,3225,0.95,2250,0,283800
NIFTY09JAN2012600CE.NFO,07/01/2020,09:33:51,0.95,0.9,3225,0.95,1950,300,283800
NIFTY09JAN2012600CE.NFO,07/01/2020,09:33:52,0.95,0.9,2175,0.95,1950,0,283800
NIFTY09JAN2012600CE.NFO,07/01/2020,09:33:56,0.95,0.9,3225,0.95,1950,0,283800
NIFTY09JAN2012600CE.NFO,07/01/2020,09:33:58,0.95,0.9,2175,0.95,1950,0,283800
NIFTY09JAN2012600CE.NFO,07/01/2020,09:33:59,0.95,0.9,3225,0.95,1950,0,283800
NIFTY09JAN2012600CE.NFO,07/01/2020,09:34:00,0.95,0.9,3225,0.95,1050,900,283800
NIFTY09JAN2012600CE.NFO,07/01/2020,09:34:04,0.95,0.9,2175,0.95,1050,0,283800
NIFTY09JAN2012600CE.NFO,07/01/2020,09:34:07,0.95,0.9,2175,0.95,2100,0,283800
NIFTY09JAN2012600CE.NFO,07/01/2020,09:34:10,0.95,0.9,2175,0.95,1050,0,283800
NIFTY09JAN2012600CE.NFO,07/01/2020,09:34:11,0.95,0.9,2175,0.95,2100,0,283800
NIFTY09JAN2012600CE.NFO,07/01/2020,09:34:12,0.95,0.9,2175,0.95,1125,975,283800
NIFTY09JAN2012600CE.NFO,07/01/2020,09:34:13,0.95,0.9,2175,0.95,1425,0,283800
NIFTY09JAN2012600CE.NFO,07/01/2020,09:34:16,0.95,0.9,2175,0.95,1125,0,283800
NIFTY09JAN2012600CE.NFO,07/01/2020,09:34:22,0.95,0.9,2175,0.95,4425,0,283800
NIFTY09JAN2012600CE.NFO,07/01/2020,09:34:23,0.95,0.9,2175,0.95,3375,0,283800
NIFTY09JAN2012600CE.NFO,07/01/2020,09:34:26,0.95,0.9,2175,0.95,4425,0,283800
NIFTY09JAN2012600CE.NFO,07/01/2020,09:34:28,0.95,0.9,2175,0.95,4200,0,283800
NIFTY09JAN2012600CE.NFO,07/01/2020,09:34:29,0.95,0.9,2175,0.95,4425,0,283800
NIFTY09JAN2012600CE.NFO,07/01/2020,09:34:30,0.95,0.9,2175,0.95,3375,0,283800
NIFTY09JAN2012600CE.NFO,07/01/2020,09:34:35,0.95,0.9,1875,0.95,4425,0,283800
NIFTY09JAN2012600CE.NFO,07/01/2020,09:34:39,0.95,0.9,1875,0.95,3375,0,283800
NIFTY09JAN2012600CE.NFO,07/01/2020,09:34:41,0.95,0.9,1875,0.95,4425,0,283800
NIFTY09JAN2012600CE.NFO,07/01/2020,09:34:42,0.95,0.9,1875,0.95,3375,0,283800
NIFTY09JAN2012600CE.NFO,07/01/2020,09:34:45,0.95,0.9,1875,0.95,4425,0,283800
NIFTY09JAN2012600CE.NFO,07/01/2020,09:34:47,0.95,0.9,1875,0.95,3375,0,283800
NIFTY09JAN2012600CE.NFO,07/01/2020,09:34:48,0.95,0.9,1875,0.95,4425,0,283800
NIFTY09JAN2012600CE.NFO,07/01/2020,09:34:49,0.95,0.9,1875,0.95,3375,0,283800
NIFTY09JAN2012600CE.NFO,07/01/2020,09:34:53,0.95,0.9,1875,0.95,4425,0,283800
NIFTY09JAN2012600CE.NFO,07/01/2020,09:34:56,0.95,0.9,1875,0.95,4500,0,283800
NIFTY09JAN2012600CE.NFO,07/01/2020,09:34:57,0.95,0.9,1875,0.95,3375,0,283800
NIFTY09JAN2012600CE.NFO,07/01/2020,09:34:58,0.95,0.9,3000,0.95,3375,0,283800
NIFTY09JAN2012600CE.NFO,07/01/2020,09:35:01,0.95,0.9,3000,0.95,3075,0,283800
NIFTY09JAN2012600CE.NFO,07/01/2020,09:35:03,0.95,0.9,3000,0.95,3375,0,283800
NIFTY09JAN2012600CE.NFO,07/01/2020,09:35:10,0.95,0.9,1875,0.95,3375,0,283800
NIFTY09JAN2012600CE.NFO,07/01/2020,09:35:11,0.95,0.9,3000,0.95,3375,0,283800
NIFTY09JAN2012600CE.NFO,07/01/2020,09:35:13,0.95,0.9,1875,0.95,3375,0,283800
NIFTY09JAN2012600CE.NFO,07/01/2020,09:35:14,0.95,0.9,3000,0.95,3375,0,283800
NIFTY09JAN2012600CE.NFO,07/01/2020,09:35:17,0.95,0.9,3000,0.95,2625,450,285675
NIFTY09JAN2012600CE.NFO,07/01/2020,09:35:20,0.95,0.9,1875,0.95,2625,750,285675
NIFTY09JAN2012600CE.NFO,07/01/2020,09:35:21,0.95,0.9,1875,0.95,4050,0,285675
NIFTY09JAN2012600CE.NFO,07/01/2020,09:35:24,0.95,0.9,1875,0.95,1875,1050,285675
NIFTY09JAN2012600CE.NFO,07/01/2020,09:35:25,0.95,0.9,1875,0.95,3000,0,285675
NIFTY09JAN2012600CE.NFO,07/01/2020,09:35:34,0.95,0.9,1875,0.95,1125,450,285675
NIFTY09JAN2012600CE.NFO,07/01/2020,09:35:35,0.95,0.9,1875,0.95,2475,0,285675
NIFTY09JAN2012600CE.NFO,07/01/2020,09:35:42,0.95,0.9,1875,0.95,1200,975,285675
NIFTY09JAN2012600CE.NFO,07/01/2020,09:35:50,0.95,0.9,2850,0.95,150,0,285675
NIFTY09JAN2012600CE.NFO,07/01/2020,09:35:51,0.95,0.9,4125,0.95,150,0,285675
NIFTY09JAN2012600CE.NFO,07/01/2020,09:35:55,0.95,0.95,2850,1,4125,150,285675
NIFTY09JAN2012600CE.NFO,07/01/2020,09:35:57,0.95,0.95,2850,1,4200,0,285675
NIFTY09JAN2012600CE.NFO,07/01/2020,09:35:58,0.95,0.9,3375,0.95,150,2850,285675
NIFTY09JAN2012600CE.NFO,07/01/2020,09:36:21,0.95,0.9,2400,0.95,6000,0,285675
NIFTY09JAN2012600CE.NFO,07/01/2020,09:36:25,0.95,0.9,3375,0.95,6000,0,285675
NIFTY09JAN2012600CE.NFO,07/01/2020,09:36:41,0.95,0.9,2400,0.95,6000,0,285675
NIFTY09JAN2012600CE.NFO,07/01/2020,09:36:43,0.9,0.9,900,0.95,6300,1500,285675
NIFTY09JAN2012600CE.NFO,07/01/2020,09:36:45,0.9,0.9,1875,0.95,6000,0,285675
NIFTY09JAN2012600CE.NFO,07/01/2020,09:36:47,0.9,0.9,900,0.95,6000,0,285675
NIFTY09JAN2012600CE.NFO,07/01/2020,09:36:48,0.9,0.85,1125,0.9,3150,900,285675
NIFTY09JAN2012600CE.NFO,07/01/2020,09:36:50,0.9,0.85,1425,0.9,3000,0,285675
NIFTY09JAN2012600CE.NFO,07/01/2020,09:36:53,0.9,0.85,1125,0.9,3000,0,285675
NIFTY09JAN2012600CE.NFO,07/01/2020,09:36:55,0.85,0.8,9150,0.9,4275,150,285675
NIFTY09JAN2012600CE.NFO,07/01/2020,09:37:07,0.85,0.8,9150,0.9,2925,0,285675
NIFTY09JAN2012600CE.NFO,07/01/2020,09:37:09,0.85,0.8,9150,0.9,4500,0,285675
NIFTY09JAN2012600CE.NFO,07/01/2020,09:37:12,0.85,0.8,9150,0.9,2925,0,285675
NIFTY09JAN2012600CE.NFO,07/01/2020,09:37:14,0.85,0.8,9150,0.9,4500,0,285675
NIFTY09JAN2012600CE.NFO,07/01/2020,09:37:34,0.85,0.85,4500,0.9,2925,0,285675
NIFTY09JAN2012600CE.NFO,07/01/2020,09:37:54,0.85,0.85,4500,0.9,4275,0,285675
NIFTY09JAN2012600CE.NFO,07/01/2020,09:37:56,0.85,0.85,2400,0.9,2475,2100,285675
NIFTY09JAN2012600CE.NFO,07/01/2020,09:37:57,0.85,0.85,2400,0.9,825,0,285675
NIFTY09JAN2012600CE.NFO,07/01/2020,09:38:09,0.85,0.85,2400,0.9,2100,0,285675
NIFTY09JAN2012600CE.NFO,07/01/2020,09:38:10,0.85,0.85,2400,0.9,2400,0,285675
NIFTY09JAN2012600CE.NFO,07/01/2020,09:38:11,0.85,0.85,2400,0.9,825,0,285675
NIFTY09JAN2012600CE.NFO,07/01/2020,09:38:14,0.85,0.85,2400,0.9,4500,0,285675
NIFTY09JAN2012600CE.NFO,07/01/2020,09:38:14,0.85,0.85,2400,0.9,4800,0,285675
NIFTY09JAN2012600CE.NFO,07/01/2020,09:38:15,0.85,0.85,2400,0.9,3525,0,285675
NIFTY09JAN2012600CE.NFO,07/01/2020,09:38:16,0.85,0.85,3675,0.9,3225,0,285675
NIFTY09JAN2012600CE.NFO,07/01/2020,09:38:19,0.85,0.85,3675,0.9,825,0,285675
NIFTY09JAN2012600CE.NFO,07/01/2020,09:38:20,0.85,0.85,2400,0.9,825,0,285675
NIFTY09JAN2012600CE.NFO,07/01/2020,09:38:26,0.85,0.85,2400,0.9,2100,0,285675
NIFTY09JAN2012600CE.NFO,07/01/2020,09:38:27,0.85,0.85,2400,0.9,825,0,285675
NIFTY09JAN2012600CE.NFO,07/01/2020,09:38:28,0.85,0.85,2400,0.9,2325,0,285675
NIFTY09JAN2012600CE.NFO,07/01/2020,09:38:30,0.85,0.8,9150,0.85,1425,2400,284700
NIFTY09JAN2012600CE.NFO,07/01/2020,09:38:31,0.85,0.8,13650,0.85,1425,0,284700
NIFTY09JAN2012600CE.NFO,07/01/2020,09:38:55,0.85,0.8,13650,0.85,825,0,284700
NIFTY09JAN2012600CE.NFO,07/01/2020,09:38:56,0.85,0.8,13650,0.85,2250,0,284700
NIFTY09JAN2012600CE.NFO,07/01/2020,09:39:00,0.85,0.8,13650,0.85,825,0,284700
NIFTY09JAN2012600CE.NFO,07/01/2020,09:39:06,0.85,0.8,13650,0.85,2250,0,284700
NIFTY09JAN2012600CE.NFO,07/01/2020,09:39:07,0.85,0.8,13650,0.85,825,0,284700
NIFTY09JAN2012600CE.NFO,07/01/2020,09:39:30,0.8,0.8,13050,0.85,825,600,284700
NIFTY09JAN2012600CE.NFO,07/01/2020,09:39:32,0.8,0.8,13050,0.85,2250,0,284700
NIFTY09JAN2012600CE.NFO,07/01/2020,09:39:33,0.8,0.8,13050,0.85,825,0,284700
NIFTY09JAN2012600CE.NFO,07/01/2020,09:39:34,0.8,0.8,17550,0.85,825,0,284700
NIFTY09JAN2012600CE.NFO,07/01/2020,09:39:36,0.85,0.85,975,0.9,1425,825,284700
NIFTY09JAN2012600CE.NFO,07/01/2020,09:39:38,0.85,0.85,1425,0.9,2175,0,284700
NIFTY09JAN2012600CE.NFO,07/01/2020,09:39:47,0.85,0.85,3150,0.9,750,0,284700
NIFTY09JAN2012600CE.NFO,07/01/2020,09:39:50,0.85,0.85,1725,0.9,750,0,284700
NIFTY09JAN2012600CE.NFO,07/01/2020,09:39:51,0.85,0.85,1425,0.9,2175,0,284700
NIFTY09JAN2012600CE.NFO,07/01/2020,09:39:52,0.85,0.85,3150,0.9,750,0,284700
NIFTY09JAN2012600CE.NFO,07/01/2020,09:40:10,0.85,0.85,4650,0.9,750,0,284700
NIFTY09JAN2012600CE.NFO,07/01/2020,09:40:14,0.85,0.85,4650,0.9,2400,0,284700
NIFTY09JAN2012600CE.NFO,07/01/2020,09:40:15,0.85,0.85,3225,0.9,2400,0,284700
NIFTY09JAN2012600CE.NFO,07/01/2020,09:40:23,0.85,0.85,1350,0.9,2700,75,284700
NIFTY09JAN2012600CE.NFO,07/01/2020,09:40:28,0.85,0.85,3375,0.9,2475,0,284700
NIFTY09JAN2012600CE.NFO,07/01/2020,09:40:29,0.85,0.85,1650,0.9,2475,0,284700
NIFTY09JAN2012600CE.NFO,07/01/2020,09:40:31,0.85,0.85,1350,0.9,2475,0,284700
NIFTY09JAN2012600CE.NFO,07/01/2020,09:40:33,0.85,0.85,1350,0.9,2775,0,284700
NIFTY09JAN2012600CE.NFO,07/01/2020,09:40:40,0.85,0.85,4875,0.9,750,0,284700
NIFTY09JAN2012600CE.NFO,07/01/2020,09:40:49,0.85,0.85,4875,0.9,2475,0,284700
NIFTY09JAN2012600CE.NFO,07/01/2020,09:40:50,0.85,0.85,3150,0.9,2475,0,284700
NIFTY09JAN2012600CE.NFO,07/01/2020,09:40:52,0.85,0.85,6000,0.9,750,0,284700
NIFTY09JAN2012600CE.NFO,07/01/2020,09:40:59,0.85,0.85,6075,0.9,750,0,284700
NIFTY09JAN2012600CE.NFO,07/01/2020,09:41:03,0.85,0.85,4275,0.9,750,0,284700
NIFTY09JAN2012600CE.NFO,07/01/2020,09:41:06,0.85,0.85,4275,0.9,2550,0,284700
NIFTY09JAN2012600CE.NFO,07/01/2020,09:41:11,0.85,0.85,4275,0.9,750,0,284700
NIFTY09JAN2012600CE.NFO,07/01/2020,09:41:12,0.85,0.85,6075,0.9,750,0,284700
NIFTY09JAN2012600CE.NFO,07/01/2020,09:41:13,0.85,0.85,5850,0.9,750,225,284700
NIFTY09JAN2012600CE.NFO,07/01/2020,09:41:16,0.85,0.85,5850,0.9,750,0,284700
NIFTY09JAN2012600CE.NFO,07/01/2020,09:41:41,0.85,0.85,4050,0.9,750,0,284700
NIFTY09JAN2012600CE.NFO,07/01/2020,09:41:42,0.85,0.85,4050,0.9,2550,0,284700
NIFTY09JAN2012600CE.NFO,07/01/2020,09:41:47,0.85,0.85,4050,0.9,750,0,284700
NIFTY09JAN2012600CE.NFO,07/01/2020,09:41:49,0.85,0.85,4050,0.9,2550,0,284700
NIFTY09JAN2012600CE.NFO,07/01/2020,09:41:56,0.85,0.85,2550,0.9,2850,1500,280575
NIFTY09JAN2012600CE.NFO,07/01/2020,09:42:15,0.85,0.85,4350,0.9,750,750,280575
NIFTY09JAN2012600CE.NFO,07/01/2020,09:42:17,0.85,0.85,4650,0.9,750,0,280575
NIFTY09JAN2012600CE.NFO,07/01/2020,09:42:18,0.85,0.85,2550,0.9,3450,0,280575
NIFTY09JAN2012600CE.NFO,07/01/2020,09:42:19,0.85,0.85,4350,0.9,1950,0,280575
NIFTY09JAN2012600CE.NFO,07/01/2020,09:42:20,0.85,0.85,4350,0.9,1650,0,280575
NIFTY09JAN2012600CE.NFO,07/01/2020,09:42:30,0.85,0.85,4650,0.9,1650,0,280575
NIFTY09JAN2012600CE.NFO,07/01/2020,09:42:41,0.85,0.85,2550,0.9,5250,0,280575
NIFTY09JAN2012600CE.NFO,07/01/2020,09:42:42,0.85,0.85,2550,0.9,4950,0,280575
NIFTY09JAN2012600CE.NFO,07/01/2020,09:42:45,0.85,0.85,2550,0.9,5250,0,280575
NIFTY09JAN2012600CE.NFO,07/01/2020,09:42:57,0.85,0.85,2550,0.9,3450,0,280575
NIFTY09JAN2012600CE.NFO,07/01/2020,09:42:59,0.85,0.85,4425,0.9,3150,0,280575
NIFTY09JAN2012600CE.NFO,07/01/2020,09:43:01,0.85,0.85,2550,0.9,5325,0,280575
NIFTY09JAN2012600CE.NFO,07/01/2020,09:43:08,0.85,0.85,2550,0.9,5925,0,280575
NIFTY09JAN2012600CE.NFO,07/01/2020,09:43:13,0.85,0.85,4425,0.9,3750,0,280575
NIFTY09JAN2012600CE.NFO,07/01/2020,09:43:19,0.85,0.85,4425,0.9,4050,0,280575
NIFTY09JAN2012600CE.NFO,07/01/2020,09:43:20,0.85,0.85,4425,0.9,3750,0,280575
NIFTY09JAN2012600CE.NFO,07/01/2020,09:43:21,0.85,0.85,4425,0.9,4050,0,280575
NIFTY09JAN2012600CE.NFO,07/01/2020,09:43:22,0.85,0.85,4425,0.9,3750,0,280575
NIFTY09JAN2012600CE.NFO,07/01/2020,09:43:23,0.85,0.85,2550,0.9,4050,0,280575
NIFTY09JAN2012600CE.NFO,07/01/2020,09:43:24,0.85,0.85,4425,0.9,4050,0,280575
NIFTY09JAN2012600CE.NFO,07/01/2020,09:43:27,0.85,0.85,2550,0.9,4050,0,280575
NIFTY09JAN2012600CE.NFO,07/01/2020,09:43:37,0.85,0.85,2550,0.9,5925,0,280575
NIFTY09JAN2012600CE.NFO,07/01/2020,09:43:39,0.85,0.85,2550,0.9,3750,0,280575
NIFTY09JAN2012600CE.NFO,07/01/2020,09:43:40,0.85,0.85,2550,0.9,5925,0,280575
NIFTY09JAN2012600CE.NFO,07/01/2020,09:43:42,0.85,0.85,4425,0.9,3750,0,280575
NIFTY09JAN2012600CE.NFO,07/01/2020,09:43:46,0.85,0.85,4725,0.9,3750,0,280575
NIFTY09JAN2012600CE.NFO,07/01/2020,09:43:50,0.85,0.85,4425,0.9,3750,0,280575
NIFTY09JAN2012600CE.NFO,07/01/2020,09:43:54,0.85,0.85,2175,0.9,5925,375,280575
NIFTY09JAN2012600CE.NFO,07/01/2020,09:43:58,0.85,0.85,3975,0.9,4050,75,280575
NIFTY09JAN2012600CE.NFO,07/01/2020,09:44:12,0.9,0.9,1950,0.95,3225,4050,280575
NIFTY09JAN2012600CE.NFO,07/01/2020,09:44:17,0.9,0.85,3525,0.9,1050,1950,277275
NIFTY09JAN2012600CE.NFO,07/01/2020,09:44:22,0.9,0.85,3375,0.9,5775,0,277275
NIFTY09JAN2012600CE.NFO,07/01/2020,09:44:23,0.9,0.85,3375,0.9,4050,0,277275
NIFTY09JAN2012600CE.NFO,07/01/2020,09:44:26,0.9,0.85,1650,0.9,5850,0,277275
NIFTY09JAN2012600CE.NFO,07/01/2020,09:44:28,0.9,0.85,1350,0.9,5850,0,277275
NIFTY09JAN2012600CE.NFO,07/01/2020,09:44:30,0.9,0.85,3450,0.9,4050,0,277275
NIFTY09JAN2012600CE.NFO,07/01/2020,09:44:37,0.9,0.85,3525,0.9,4050,0,277275
NIFTY09JAN2012600CE.NFO,07/01/2020,09:44:38,0.9,0.85,3675,0.9,4050,0,277275
NIFTY09JAN2012600CE.NFO,07/01/2020,09:44:40,0.9,0.85,1875,0.9,4050,0,277275
NIFTY09JAN2012600CE.NFO,07/01/2020,09:44:42,0.9,0.85,1575,0.9,5850,0,277275
NIFTY09JAN2012600CE.NFO,07/01/2020,09:44:48,0.9,0.85,3600,0.9,4050,0,277275
NIFTY09JAN2012600CE.NFO,07/01/2020,09:44:49,0.9,0.85,1875,0.9,4050,0,277275
NIFTY09JAN2012600CE.NFO,07/01/2020,09:44:53,0.9,0.85,3525,0.9,4050,0,277275
NIFTY09JAN2012600CE.NFO,07/01/2020,09:44:54,0.9,0.85,1875,0.9,4650,0,277275
NIFTY09JAN2012600CE.NFO,07/01/2020,09:44:56,0.9,0.85,1575,0.9,6300,0,277275
NIFTY09JAN2012600CE.NFO,07/01/2020,09:44:57,0.9,0.85,1575,0.9,4650,0,277275
NIFTY09JAN2012600CE.NFO,07/01/2020,09:44:58,0.9,0.85,3525,0.9,4650,0,277275
NIFTY09JAN2012600CE.NFO,07/01/2020,09:44:59,0.9,0.85,1575,0.9,4650,0,277275
NIFTY09JAN2012600CE.NFO,07/01/2020,09:45:01,0.9,0.85,3450,0.9,4650,0,277275
NIFTY09JAN2012600CE.NFO,07/01/2020,09:45:17,0.9,0.85,4950,0.9,4650,0,277275
NIFTY09JAN2012600CE.NFO,07/01/2020,09:45:19,0.9,0.85,5025,0.9,4650,0,277275
NIFTY09JAN2012600CE.NFO,07/01/2020,09:45:20,0.9,0.85,4950,0.9,4650,0,277275
NIFTY09JAN2012600CE.NFO,07/01/2020,09:45:23,0.9,0.85,3375,0.9,4650,0,277275
NIFTY09JAN2012600CE.NFO,07/01/2020,09:45:26,0.9,0.85,4950,0.9,2700,450,277275
NIFTY09JAN2012600CE.NFO,07/01/2020,09:45:27,0.9,0.85,3375,0.9,2700,0,277275
NIFTY09JAN2012600CE.NFO,07/01/2020,09:45:29,0.9,0.85,3375,0.9,4275,0,277275
NIFTY09JAN2012600CE.NFO,07/01/2020,09:45:31,0.9,0.85,3375,0.9,3675,0,277275
NIFTY09JAN2012600CE.NFO,07/01/2020,09:45:33,0.9,0.85,3375,0.9,2100,0,277275
NIFTY09JAN2012600CE.NFO,07/01/2020,09:45:36,0.9,0.85,3375,0.9,3675,0,277275
NIFTY09JAN2012600CE.NFO,07/01/2020,09:45:37,0.9,0.85,3375,0.9,2100,0,277275
NIFTY09JAN2012600CE.NFO,07/01/2020,09:45:40,0.9,0.85,3375,0.9,3675,0,277275
NIFTY09JAN2012600CE.NFO,07/01/2020,09:45:41,0.9,0.85,3375,0.9,2100,0,277275
NIFTY09JAN2012600CE.NFO,07/01/2020,09:45:42,0.9,0.85,4950,0.9,2100,0,277275
NIFTY09JAN2012600CE.NFO,07/01/2020,09:45:43,0.9,0.85,3375,0.9,2100,0,277275
NIFTY09JAN2012600CE.NFO,07/01/2020,09:45:47,0.9,0.85,4950,0.9,2100,0,277275
NIFTY09JAN2012600CE.NFO,07/01/2020,09:45:49,0.9,0.85,3375,0.9,2100,0,277275
NIFTY09JAN2012600CE.NFO,07/01/2020,09:45:50,0.9,0.85,4875,0.9,2100,0,277275
NIFTY09JAN2012600CE.NFO,07/01/2020,09:45:52,0.9,0.85,3375,0.9,2100,0,277275
NIFTY09JAN2012600CE.NFO,07/01/2020,09:45:53,0.9,0.85,3375,0.9,3600,0,277275
NIFTY09JAN2012600CE.NFO,07/01/2020,09:46:00,0.9,0.85,3375,0.9,2100,0,277275
NIFTY09JAN2012600CE.NFO,07/01/2020,09:46:01,0.9,0.85,3375,0.9,3600,0,277275
NIFTY09JAN2012600CE.NFO,07/01/2020,09:46:02,0.9,0.85,3075,0.9,3600,0,277275
NIFTY09JAN2012600CE.NFO,07/01/2020,09:46:05,0.9,0.85,4875,0.9,2100,0,277275
NIFTY09JAN2012600CE.NFO,07/01/2020,09:46:06,0.9,0.85,3375,0.9,2100,0,277275
NIFTY09JAN2012600CE.NFO,07/01/2020,09:46:08,0.9,0.85,3375,0.9,3600,0,277275
NIFTY09JAN2012600CE.NFO,07/01/2020,09:46:17,0.9,0.85,3075,0.9,3600,0,277275
NIFTY09JAN2012600CE.NFO,07/01/2020,09:46:22,0.9,0.85,3375,0.9,2100,0,277275
NIFTY09JAN2012600CE.NFO,07/01/2020,09:46:24,0.9,0.85,3375,0.9,3675,0,277275
NIFTY09JAN2012600CE.NFO,07/01/2020,09:46:28,0.9,0.85,3075,0.9,3675,0,277275
NIFTY09JAN2012600CE.NFO,07/01/2020,09:46:29,0.9,0.85,3375,0.9,2175,0,277275
NIFTY09JAN2012600CE.NFO,07/01/2020,09:46:30,0.9,0.85,3375,0.9,3675,0,277275
NIFTY09JAN2012600CE.NFO,07/01/2020,09:46:31,0.9,0.85,3075,0.9,3675,0,277275
NIFTY09JAN2012600CE.NFO,07/01/2020,09:46:32,0.9,0.85,3075,0.9,3975,0,277275
NIFTY09JAN2012600CE.NFO,07/01/2020,09:46:35,0.9,0.85,3075,0.9,3675,0,277275
NIFTY09JAN2012600CE.NFO,07/01/2020,09:46:36,0.9,0.85,3375,0.9,6675,0,277275
NIFTY09JAN2012600CE.NFO,07/01/2020,09:46:37,0.9,0.85,3075,0.9,6675,0,277275
NIFTY09JAN2012600CE.NFO,07/01/2020,09:46:44,0.85,0.85,1575,0.9,6975,1500,277275
NIFTY09JAN2012600CE.NFO,07/01/2020,09:46:47,0.85,0.85,75,0.9,6975,0,277275
NIFTY09JAN2012600CE.NFO,07/01/2020,09:46:49,0.9,0.85,2700,0.9,1050,5625,277275
NIFTY09JAN2012600CE.NFO,07/01/2020,09:46:50,0.9,0.85,825,0.9,3075,300,277275
NIFTY09JAN2012600CE.NFO,07/01/2020,09:46:52,0.9,0.85,2625,0.9,1500,0,277275
NIFTY09JAN2012600CE.NFO,07/01/2020,09:46:53,0.9,0.85,2625,0.9,3000,0,277275
NIFTY09JAN2012600CE.NFO,07/01/2020,09:46:55,0.9,0.85,2325,0.9,3000,0,277275
NIFTY09JAN2012600CE.NFO,07/01/2020,09:46:59,0.85,0.8,7950,0.85,225,2325,277275
NIFTY09JAN2012600CE.NFO,07/01/2020,09:47:04,0.85,0.85,1125,0.9,4800,225,277275
NIFTY09JAN2012600CE.NFO,07/01/2020,09:47:15,0.85,0.85,2550,0.9,4800,0,277275
NIFTY09JAN2012600CE.NFO,07/01/2020,09:47:18,0.85,0.85,2550,0.9,3300,0,277275
NIFTY09JAN2012600CE.NFO,07/01/2020,09:47:19,0.85,0.85,2550,0.9,3000,0,277275
NIFTY09JAN2012600CE.NFO,07/01/2020,09:47:21,0.85,0.85,2850,0.9,3000,0,277275
NIFTY09JAN2012600CE.NFO,07/01/2020,09:47:25,0.85,0.85,2550,0.9,3000,0,277275
NIFTY09JAN2012600CE.NFO,07/01/2020,09:47:29,0.85,0.85,1125,0.9,4725,0,277275
NIFTY09JAN2012600CE.NFO,07/01/2020,09:47:32,0.85,0.85,2475,0.9,3000,0,277275
NIFTY09JAN2012600CE.NFO,07/01/2020,09:47:35,0.85,0.85,2775,0.9,3000,0,277275
NIFTY09JAN2012600CE.NFO,07/01/2020,09:47:37,0.85,0.85,2475,0.9,3000,0,277275
NIFTY09JAN2012600CE.NFO,07/01/2020,09:47:40,0.85,0.85,2775,0.9,3000,0,277275
NIFTY09JAN2012600CE.NFO,07/01/2020,09:47:42,0.85,0.85,1125,0.9,3000,0,277275
NIFTY09JAN2012600CE.NFO,07/01/2020,09:47:45,0.85,0.85,2475,0.9,3000,0,277275
NIFTY09JAN2012600CE.NFO,07/01/2020,09:47:48,0.85,0.85,1125,0.9,3300,0,277275
NIFTY09JAN2012600CE.NFO,07/01/2020,09:47:49,0.85,0.85,2475,0.9,3300,0,277275
NIFTY09JAN2012600CE.NFO,07/01/2020,09:47:50,0.85,0.85,2475,0.9,3000,0,277275
NIFTY09JAN2012600CE.NFO,07/01/2020,09:47:56,0.85,0.85,1125,0.9,4650,0,277275
NIFTY09JAN2012600CE.NFO,07/01/2020,09:48:02,0.85,0.85,900,0.9,4350,225,277275
NIFTY09JAN2012600CE.NFO,07/01/2020,09:48:03,0.85,0.85,900,0.9,4650,0,277350
NIFTY09JAN2012600CE.NFO,07/01/2020,09:48:05,0.85,0.8,7950,0.85,1350,900,277350
NIFTY09JAN2012600CE.NFO,07/01/2020,09:48:18,0.85,0.8,7950,0.85,2925,0,277350
NIFTY09JAN2012600CE.NFO,07/01/2020,09:48:24,0.85,0.8,7875,0.85,2925,0,277350
NIFTY09JAN2012600CE.NFO,07/01/2020,09:48:27,0.85,0.8,7875,0.85,1350,0,277350
NIFTY09JAN2012600CE.NFO,07/01/2020,09:48:29,0.85,0.8,7875,0.85,3000,0,277350
NIFTY09JAN2012600CE.NFO,07/01/2020,09:48:31,0.85,0.8,7875,0.85,3375,0,277350
NIFTY09JAN2012600CE.NFO,07/01/2020,09:48:34,0.85,0.8,7875,0.85,1725,0,277350
NIFTY09JAN2012600CE.NFO,07/01/2020,09:48:39,0.85,0.8,7875,0.85,3450,0,277350
NIFTY09JAN2012600CE.NFO,07/01/2020,09:48:48,0.85,0.8,7875,0.85,1725,0,277350
NIFTY09JAN2012600CE.NFO,07/01/2020,09:48:52,0.85,0.8,7875,0.85,3450,0,277350
NIFTY09JAN2012600CE.NFO,07/01/2020,09:49:01,0.85,0.8,7875,0.85,4950,0,277350
NIFTY09JAN2012600CE.NFO,07/01/2020,09:49:03,0.85,0.8,7875,0.85,3225,0,277350
NIFTY09JAN2012600CE.NFO,07/01/2020,09:49:07,0.85,0.8,6375,0.85,5325,0,277350
NIFTY09JAN2012600CE.NFO,07/01/2020,09:49:09,0.85,0.8,6375,0.85,5625,0,277350
NIFTY09JAN2012600CE.NFO,07/01/2020,09:49:13,0.85,0.8,6375,0.85,3825,0,277350
NIFTY09JAN2012600CE.NFO,07/01/2020,09:49:16,0.85,0.8,6375,0.85,3900,0,277350
NIFTY09JAN2012600CE.NFO,07/01/2020,09:49:18,0.8,0.8,6000,0.85,5325,375,277350
NIFTY09JAN2012600CE.NFO,07/01/2020,09:49:21,0.8,0.8,6000,0.85,3525,0,277350
NIFTY09JAN2012600CE.NFO,07/01/2020,09:49:23,0.8,0.8,6000,0.85,5325,0,277350
NIFTY09JAN2012600CE.NFO,07/01/2020,09:49:27,0.8,0.8,5700,0.85,5325,0,277350
NIFTY09JAN2012600CE.NFO,07/01/2020,09:49:30,0.8,0.8,5475,0.85,5325,225,277350
NIFTY09JAN2012600CE.NFO,07/01/2020,09:49:32,0.8,0.8,5775,0.85,3150,0,277350
NIFTY09JAN2012600CE.NFO,07/01/2020,09:49:36,0.8,0.8,5775,0.85,6075,0,277350
NIFTY09JAN2012600CE.NFO,07/01/2020,09:49:40,0.8,0.8,2550,0.85,3150,2925,277350
NIFTY09JAN2012600CE.NFO,07/01/2020,09:49:41,0.8,0.8,4275,0.85,1350,0,277350
NIFTY09JAN2012600CE.NFO,07/01/2020,09:49:43,0.8,0.8,2850,0.85,4575,0,277350
NIFTY09JAN2012600CE.NFO,07/01/2020,09:49:44,0.8,0.8,4275,0.85,4950,0,277350
NIFTY09JAN2012600CE.NFO,07/01/2020,09:49:46,0.8,0.8,4575,0.85,4950,0,277350
NIFTY09JAN2012600CE.NFO,07/01/2020,09:49:56,0.8,0.8,2475,0.85,4950,75,277350
NIFTY09JAN2012600CE.NFO,07/01/2020,09:49:57,0.8,0.8,2475,0.85,8175,0,277350
NIFTY09JAN2012600CE.NFO,07/01/2020,09:49:58,0.8,0.8,2475,0.85,6450,0,277350
NIFTY09JAN2012600CE.NFO,07/01/2020,09:49:59,0.8,0.8,4200,0.85,6450,0,277350
NIFTY09JAN2012600CE.NFO,07/01/2020,09:50:00,0.8,0.8,4500,0.85,6450,0,277350
NIFTY09JAN2012600CE.NFO,07/01/2020,09:50:06,0.8,0.8,2775,0.85,6450,0,277350
NIFTY09JAN2012600CE.NFO,07/01/2020,09:50:09,0.8,0.8,2475,0.85,8175,0,277350
NIFTY09JAN2012600CE.NFO,07/01/2020,09:50:11,0.8,0.8,2475,0.85,6450,0,277350
NIFTY09JAN2012600CE.NFO,07/01/2020,09:50:15,0.8,0.8,2475,0.85,8175,0,277350
NIFTY09JAN2012600CE.NFO,07/01/2020,09:50:16,0.8,0.8,2475,0.85,6450,0,277350
NIFTY09JAN2012600CE.NFO,07/01/2020,09:50:18,0.8,0.8,4200,0.85,6450,0,277350
NIFTY09JAN2012600CE.NFO,07/01/2020,09:50:19,0.8,0.8,4500,0.85,6450,0,277350
NIFTY09JAN2012600CE.NFO,07/01/2020,09:50:28,0.8,0.8,2475,0.85,6450,0,277350
NIFTY09JAN2012600CE.NFO,07/01/2020,09:50:31,0.8,0.8,4200,0.85,6450,0,277350
NIFTY09JAN2012600CE.NFO,07/01/2020,09:50:32,0.8,0.8,4500,0.85,6450,0,277350
NIFTY09JAN2012600CE.NFO,07/01/2020,09:50:33,0.8,0.8,2475,0.85,8250,0,277350
NIFTY09JAN2012600CE.NFO,07/01/2020,09:50:34,0.8,0.8,2475,0.85,6450,0,277350
NIFTY09JAN2012600CE.NFO,07/01/2020,09:50:38,0.8,0.8,2475,0.85,8250,0,277350
NIFTY09JAN2012600CE.NFO,07/01/2020,09:50:39,0.8,0.8,2475,0.85,8550,0,277350
NIFTY09JAN2012600CE.NFO,07/01/2020,09:50:41,0.8,0.8,2475,0.85,6750,0,277350
NIFTY09JAN2012600CE.NFO,07/01/2020,09:50:43,0.8,0.8,2475,0.85,8250,0,277350
NIFTY09JAN2012600CE.NFO,07/01/2020,09:50:45,0.8,0.8,2475,0.85,8550,0,277350
NIFTY09JAN2012600CE.NFO,07/01/2020,09:50:47,0.8,0.8,4275,0.85,6450,0,277350
NIFTY09JAN2012600CE.NFO,07/01/2020,09:50:52,0.8,0.8,2475,0.85,6450,0,277350
NIFTY09JAN2012600CE.NFO,07/01/2020,09:50:53,0.8,0.8,4275,0.85,6450,0,277350
NIFTY09JAN2012600CE.NFO,07/01/2020,09:50:57,0.8,0.8,2475,0.85,6450,0,277350
NIFTY09JAN2012600CE.NFO,07/01/2020,09:50:58,0.85,0.8,4575,0.85,6225,225,279300
NIFTY09JAN2012600CE.NFO,07/01/2020,09:51:00,0.85,0.8,2775,0.85,8025,0,279300
NIFTY09JAN2012600CE.NFO,07/01/2020,09:51:03,0.85,0.8,2475,0.85,6525,0,279300
NIFTY09JAN2012600CE.NFO,07/01/2020,09:51:04,0.85,0.8,2475,0.85,6225,0,279300
NIFTY09JAN2012600CE.NFO,07/01/2020,09:51:07,0.85,0.8,2475,0.85,8025,0,279300
NIFTY09JAN2012600CE.NFO,07/01/2020,09:51:09,0.85,0.8,2475,0.85,6225,0,279300
NIFTY09JAN2012600CE.NFO,07/01/2020,09:51:11,0.85,0.8,2475,0.85,8025,0,279300
NIFTY09JAN2012600CE.NFO,07/01/2020,09:51:15,0.85,0.8,2475,0.85,8325,0,279300
NIFTY09JAN2012600CE.NFO,07/01/2020,09:51:16,0.8,0.8,975,0.85,8325,1500,279300
NIFTY09JAN2012600CE.NFO,07/01/2020,09:51:18,0.8,0.8,2775,0.85,5025,0,279300
NIFTY09JAN2012600CE.NFO,07/01/2020,09:51:19,0.8,0.8,2775,0.85,4725,0,279300
NIFTY09JAN2012600CE.NFO,07/01/2020,09:51:22,0.8,0.8,2775,0.85,6225,0,279300
NIFTY09JAN2012600CE.NFO,07/01/2020,09:51:26,0.8,0.8,975,0.85,6225,0,279300
NIFTY09JAN2012600CE.NFO,07/01/2020,09:51:27,0.8,0.8,2700,0.85,6525,0,279300
NIFTY09JAN2012600CE.NFO,07/01/2020,09:51:29,0.8,0.8,2700,0.85,4125,0,279300
NIFTY09JAN2012600CE.NFO,07/01/2020,09:51:32,0.8,0.8,3000,0.85,4125,0,279300
NIFTY09JAN2012600CE.NFO,07/01/2020,09:51:33,0.8,0.8,2700,0.85,4125,0,279300
NIFTY09JAN2012600CE.NFO,07/01/2020,09:51:37,0.8,0.8,900,0.85,6150,0,279300
NIFTY09JAN2012600CE.NFO,07/01/2020,09:51:42,0.8,0.8,900,0.85,5925,0,279300
NIFTY09JAN2012600CE.NFO,07/01/2020,09:51:44,0.8,0.8,900,0.85,6225,0,279300
NIFTY09JAN2012600CE.NFO,07/01/2020,09:51:46,0.8,0.8,900,0.85,4725,0,279300
NIFTY09JAN2012600CE.NFO,07/01/2020,09:51:55,0.8,0.8,900,0.85,6675,0,279300
NIFTY09JAN2012600CE.NFO,07/01/2020,09:51:56,0.8,0.8,900,0.85,6975,0,279300
NIFTY09JAN2012600CE.NFO,07/01/2020,09:51:58,0.8,0.8,900,0.85,4725,0,279300
NIFTY09JAN2012600CE.NFO,07/01/2020,09:52:02,0.8,0.8,900,0.85,6975,0,279300
NIFTY09JAN2012600CE.NFO,07/01/2020,09:52:04,0.8,0.8,1200,0.85,4725,0,279300
NIFTY09JAN2012600CE.NFO,07/01/2020,09:52:09,0.8,0.8,1200,0.85,5025,0,279300
NIFTY09JAN2012600CE.NFO,07/01/2020,09:52:10,0.8,0.8,1200,0.85,4725,0,279300
NIFTY09JAN2012600CE.NFO,07/01/2020,09:52:19,0.8,0.8,1200,0.85,5025,0,279300
NIFTY09JAN2012600CE.NFO,07/01/2020,09:52:20,0.8,0.8,1200,0.85,4725,0,279300
NIFTY09JAN2012600CE.NFO,07/01/2020,09:52:25,0.8,0.8,1200,0.85,6450,0,279300
NIFTY09JAN2012600CE.NFO,07/01/2020,09:52:26,0.8,0.8,1200,0.85,6750,0,279300
NIFTY09JAN2012600CE.NFO,07/01/2020,09:52:27,0.8,0.8,1200,0.85,5025,0,279300
NIFTY09JAN2012600CE.NFO,07/01/2020,09:52:28,0.8,0.8,2925,0.85,4725,0,279300
NIFTY09JAN2012600CE.NFO,07/01/2020,09:52:30,0.8,0.8,1200,0.85,5025,0,279300
NIFTY09JAN2012600CE.NFO,07/01/2020,09:52:31,0.8,0.8,2925,0.85,4725,0,279300
NIFTY09JAN2012600CE.NFO,07/01/2020,09:52:33,0.8,0.8,1200,0.85,4725,0,279300
NIFTY09JAN2012600CE.NFO,07/01/2020,09:52:34,0.8,0.8,1200,0.85,5025,0,279300
NIFTY09JAN2012600CE.NFO,07/01/2020,09:52:36,0.8,0.8,2925,0.85,4725,0,279300
NIFTY09JAN2012600CE.NFO,07/01/2020,09:52:39,0.8,0.8,1200,0.85,4725,0,279300
NIFTY09JAN2012600CE.NFO,07/01/2020,09:52:40,0.8,0.8,1200,0.85,5025,0,279300
NIFTY09JAN2012600CE.NFO,07/01/2020,09:52:41,0.8,0.8,2925,0.85,5025,0,279300
NIFTY09JAN2012600CE.NFO,07/01/2020,09:52:42,0.8,0.8,2925,0.85,4725,0,279300
NIFTY09JAN2012600CE.NFO,07/01/2020,09:52:47,0.85,0.8,3225,0.85,4350,375,279300
NIFTY09JAN2012600CE.NFO,07/01/2020,09:52:48,0.85,0.8,2850,0.85,4350,0,279300
NIFTY09JAN2012600CE.NFO,07/01/2020,09:52:50,0.85,0.8,3150,0.85,4350,0,279300
NIFTY09JAN2012600CE.NFO,07/01/2020,09:52:51,0.85,0.8,2850,0.85,4350,0,279300
NIFTY09JAN2012600CE.NFO,07/01/2020,09:52:52,0.85,0.8,1200,0.85,7350,0,279300
NIFTY09JAN2012600CE.NFO,07/01/2020,09:52:53,0.85,0.8,1200,0.85,7650,0,279300
NIFTY09JAN2012600CE.NFO,07/01/2020,09:53:04,0.85,0.8,1200,0.85,9525,0,279300
NIFTY09JAN2012600CE.NFO,07/01/2020,09:53:12,0.85,0.8,900,0.85,7650,0,279300
NIFTY09JAN2012600CE.NFO,07/01/2020,09:53:21,0.85,0.8,900,0.85,9675,0,279300
NIFTY09JAN2012600CE.NFO,07/01/2020,09:53:23,0.85,0.8,900,0.85,7650,0,279300
NIFTY09JAN2012600CE.NFO,07/01/2020,09:53:28,0.8,0.75,10050,0.8,2850,900,277200
NIFTY09JAN2012600CE.NFO,07/01/2020,09:53:32,0.8,0.75,10050,0.8,4950,0,277200
NIFTY09JAN2012600CE.NFO,07/01/2020,09:53:48,0.8,0.75,10050,0.8,5250,0,277200
NIFTY09JAN2012600CE.NFO,07/01/2020,09:53:55,0.8,0.75,10050,0.8,7350,0,277200
NIFTY09JAN2012600CE.NFO,07/01/2020,09:53:56,0.8,0.75,10050,0.8,5250,0,277200
NIFTY09JAN2012600CE.NFO,07/01/2020,09:54:03,0.8,0.75,10050,0.8,3150,0,277200
NIFTY09JAN2012600CE.NFO,07/01/2020,09:54:04,0.8,0.75,10050,0.8,2250,900,277200
NIFTY09JAN2012600CE.NFO,07/01/2020,09:54:05,0.8,0.75,10800,0.8,3000,0,277200
NIFTY09JAN2012600CE.NFO,07/01/2020,09:54:06,0.8,0.75,10800,0.8,5100,0,277200
NIFTY09JAN2012600CE.NFO,07/01/2020,09:54:07,0.8,0.75,10800,0.8,9600,0,277200
NIFTY09JAN2012600CE.NFO,07/01/2020,09:54:15,0.8,0.75,10800,0.8,6600,900,277200
NIFTY09JAN2012600CE.NFO,07/01/2020,09:54:21,0.8,0.75,9300,0.8,8700,0,277200
NIFTY09JAN2012600CE.NFO,07/01/2020,09:54:22,0.8,0.75,9300,0.8,6600,0,277200
NIFTY09JAN2012600CE.NFO,07/01/2020,09:54:44,0.8,0.75,9300,0.8,8100,0,277200
NIFTY09JAN2012600CE.NFO,07/01/2020,09:54:48,0.8,0.75,9300,0.8,10275,0,277200
NIFTY09JAN2012600CE.NFO,07/01/2020,09:54:53,0.8,0.75,9300,0.8,8100,0,277200
NIFTY09JAN2012600CE.NFO,07/01/2020,09:54:59,0.8,0.75,9300,0.8,7200,900,277200
NIFTY09JAN2012600CE.NFO,07/01/2020,09:55:12,0.8,0.75,11175,0.8,7200,0,277200
NIFTY09JAN2012600CE.NFO,07/01/2020,09:55:14,0.8,0.75,11475,0.8,7200,0,277200
NIFTY09JAN2012600CE.NFO,07/01/2020,09:55:25,0.8,0.75,11475,0.8,9375,0,277200
NIFTY09JAN2012600CE.NFO,07/01/2020,09:55:29,0.8,0.75,11475,0.8,7200,0,277200
NIFTY09JAN2012600CE.NFO,07/01/2020,09:55:48,0.8,0.75,9600,0.8,5325,1875,277200
NIFTY09JAN2012600CE.NFO,07/01/2020,09:55:54,0.8,0.75,9600,0.8,7500,750,277200
NIFTY09JAN2012600CE.NFO,07/01/2020,09:55:57,0.8,0.75,9600,0.8,5325,0,277200
NIFTY09JAN2012600CE.NFO,07/01/2020,09:55:58,0.8,0.75,9900,0.8,5325,0,277200
NIFTY09JAN2012600CE.NFO,07/01/2020,09:56:01,0.8,0.75,9900,0.8,7425,0,277200
NIFTY09JAN2012600CE.NFO,07/01/2020,09:56:03,0.8,0.75,9900,0.8,5325,0,277200
NIFTY09JAN2012600CE.NFO,07/01/2020,09:56:06,0.8,0.75,9900,0.8,7425,0,277200
NIFTY09JAN2012600CE.NFO,07/01/2020,09:56:11,0.8,0.75,9900,0.8,7350,75,277200
NIFTY09JAN2012600CE.NFO,07/01/2020,09:56:16,0.8,0.75,9750,0.8,3000,2250,277200
NIFTY09JAN2012600CE.NFO,07/01/2020,09:56:17,0.8,0.75,7650,0.8,3000,0,277200
NIFTY09JAN2012600CE.NFO,07/01/2020,09:56:22,0.8,0.75,9675,0.8,3000,0,277200
NIFTY09JAN2012600CE.NFO,07/01/2020,09:56:24,0.8,0.75,7650,0.8,3000,0,277200
NIFTY09JAN2012600CE.NFO,07/01/2020,09:56:25,0.8,0.75,7650,0.8,1500,0,277200
NIFTY09JAN2012600CE.NFO,07/01/2020,09:56:26,0.8,0.75,7650,0.8,3525,0,277200
NIFTY09JAN2012600CE.NFO,07/01/2020,09:56:29,0.8,0.75,7650,0.8,1500,0,277200
NIFTY09JAN2012600CE.NFO,07/01/2020,09:56:33,0.8,0.75,9675,0.8,1500,0,277200
NIFTY09JAN2012600CE.NFO,07/01/2020,09:56:34,0.8,0.8,7950,0.85,3000,1500,276450
NIFTY09JAN2012600CE.NFO,07/01/2020,09:56:35,0.8,0.8,6000,0.85,4950,0,276450
NIFTY09JAN2012600CE.NFO,07/01/2020,09:56:36,0.8,0.8,6000,0.85,6450,0,276450
NIFTY09JAN2012600CE.NFO,07/01/2020,09:56:38,0.8,0.8,10500,0.85,4500,0,276450
NIFTY09JAN2012600CE.NFO,07/01/2020,09:56:39,0.8,0.8,10500,0.85,6375,0,276450
NIFTY09JAN2012600CE.NFO,07/01/2020,09:56:40,0.85,0.8,10500,0.85,4200,300,276450
NIFTY09JAN2012600CE.NFO,07/01/2020,09:56:41,0.85,0.8,10500,0.85,6075,0,276450
NIFTY09JAN2012600CE.NFO,07/01/2020,09:56:45,0.85,0.8,11700,0.85,4200,0,276450
NIFTY09JAN2012600CE.NFO,07/01/2020,09:56:46,0.85,0.8,12000,0.85,4200,0,276450
NIFTY09JAN2012600CE.NFO,07/01/2020,09:56:47,0.85,0.8,12000,0.85,6075,0,276450
NIFTY09JAN2012600CE.NFO,07/01/2020,09:56:50,0.85,0.8,11700,0.85,6075,0,276450
NIFTY09JAN2012600CE.NFO,07/01/2020,09:56:51,0.85,0.8,13200,0.85,9075,0,276450
NIFTY09JAN2012600CE.NFO,07/01/2020,09:56:52,0.85,0.8,13500,0.85,7200,0,276450
NIFTY09JAN2012600CE.NFO,07/01/2020,09:56:53,0.85,0.8,13200,0.85,9150,0,276450
NIFTY09JAN2012600CE.NFO,07/01/2020,09:56:54,0.85,0.8,13500,0.85,7200,0,276450
NIFTY09JAN2012600CE.NFO,07/01/2020,09:56:55,0.85,0.8,13500,0.85,9150,0,276450
NIFTY09JAN2012600CE.NFO,07/01/2020,09:56:56,0.85,0.8,13500,0.85,7200,0,276450
NIFTY09JAN2012600CE.NFO,07/01/2020,09:56:57,0.85,0.8,8700,0.85,9150,0,276450
NIFTY09JAN2012600CE.NFO,07/01/2020,09:56:58,0.85,0.8,9000,0.85,7200,0,276450
NIFTY09JAN2012600CE.NFO,07/01/2020,09:56:59,0.85,0.8,8700,0.85,7200,0,276450
NIFTY09JAN2012600CE.NFO,07/01/2020,09:57:01,0.85,0.8,8700,0.85,9750,0,276450
NIFTY09JAN2012600CE.NFO,07/01/2020,09:57:03,0.85,0.8,9000,0.85,7725,75,276450
NIFTY09JAN2012600CE.NFO,07/01/2020,09:57:12,0.85,0.8,9000,0.85,6975,750,276450
NIFTY09JAN2012600CE.NFO,07/01/2020,09:57:18,0.85,0.8,9000,0.85,6900,75,276450
NIFTY09JAN2012600CE.NFO,07/01/2020,09:57:19,0.85,0.8,8700,0.85,8850,0,276450
NIFTY09JAN2012600CE.NFO,07/01/2020,09:57:20,0.85,0.8,8700,0.85,9750,0,276450
NIFTY09JAN2012600CE.NFO,07/01/2020,09:57:22,0.85,0.8,8700,0.85,7800,0,276450
NIFTY09JAN2012600CE.NFO,07/01/2020,09:57:24,0.85,0.8,8850,0.85,7800,0,276450
NIFTY09JAN2012600CE.NFO,07/01/2020,09:57:57,0.85,0.8,8850,0.85,9825,0,276450
NIFTY09JAN2012600CE.NFO,07/01/2020,09:57:58,0.85,0.8,8850,0.85,7800,0,276450
NIFTY09JAN2012600CE.NFO,07/01/2020,09:58:17,0.85,0.8,8700,0.85,9825,0,276450
NIFTY09JAN2012600CE.NFO,07/01/2020,09:58:20,0.85,0.8,8850,0.85,7800,0,276450
NIFTY09JAN2012600CE.NFO,07/01/2020,09:58:22,0.85,0.8,8700,0.85,9825,0,276450
NIFTY09JAN2012600CE.NFO,07/01/2020,09:58:23,0.85,0.8,8850,0.85,7800,0,276450
NIFTY09JAN2012600CE.NFO,07/01/2020,09:58:25,0.85,0.8,8850,0.85,9825,0,276450
NIFTY09JAN2012600CE.NFO,07/01/2020,09:58:26,0.85,0.8,8850,0.85,7800,0,276450
NIFTY09JAN2012600CE.NFO,07/01/2020,09:58:33,0.85,0.8,8850,0.85,9825,0,276450
NIFTY09JAN2012600CE.NFO,07/01/2020,09:58:34,0.85,0.8,8700,0.85,9825,0,276450
NIFTY09JAN2012600CE.NFO,07/01/2020,09:58:39,0.85,0.8,8850,0.85,9825,0,276450
NIFTY09JAN2012600CE.NFO,07/01/2020,09:58:41,0.85,0.8,8700,0.85,9825,0,276450
NIFTY09JAN2012600CE.NFO,07/01/2020,09:58:48,0.85,0.8,8700,0.85,7800,0,276450
NIFTY09JAN2012600CE.NFO,07/01/2020,09:58:49,0.85,0.8,8700,0.85,9825,0,276450
NIFTY09JAN2012600CE.NFO,07/01/2020,09:58:55,0.85,0.8,8850,0.85,7800,0,276450
NIFTY09JAN2012600CE.NFO,07/01/2020,09:58:59,0.85,0.8,8850,0.85,9825,0,276450
NIFTY09JAN2012600CE.NFO,07/01/2020,09:59:00,0.85,0.8,8850,0.85,7800,0,276450
NIFTY09JAN2012600CE.NFO,07/01/2020,09:59:06,0.85,0.8,8700,0.85,9825,0,276450
NIFTY09JAN2012600CE.NFO,07/01/2020,09:59:08,0.85,0.8,8700,0.85,7800,0,276450
NIFTY09JAN2012600CE.NFO,07/01/2020,09:59:11,0.85,0.8,8700,0.85,9825,0,276450
NIFTY09JAN2012600CE.NFO,07/01/2020,09:59:13,0.85,0.8,8700,0.85,7800,0,276450
NIFTY09JAN2012600CE.NFO,07/01/2020,09:59:16,0.85,0.8,8700,0.85,9825,0,276450
NIFTY09JAN2012600CE.NFO,07/01/2020,09:59:17,0.85,0.8,8700,0.85,7800,0,276450
NIFTY09JAN2012600CE.NFO,07/01/2020,09:59:18,0.85,0.8,8700,0.85,9825,0,276450
NIFTY09JAN2012600CE.NFO,07/01/2020,09:59:21,0.85,0.8,8700,0.85,7800,0,276450
NIFTY09JAN2012600CE.NFO,07/01/2020,09:59:24,0.85,0.8,8700,0.85,10800,0,276450
NIFTY09JAN2012600CE.NFO,07/01/2020,09:59:25,0.85,0.8,9000,0.85,10800,0,276450
NIFTY09JAN2012600CE.NFO,07/01/2020,09:59:27,0.85,0.8,8700,0.85,10800,0,276450
NIFTY09JAN2012600CE.NFO,07/01/2020,09:59:29,0.85,0.8,8700,0.85,9300,0,276450
NIFTY09JAN2012600CE.NFO,07/01/2020,09:59:31,0.85,0.8,9000,0.85,9300,0,276450
NIFTY09JAN2012600CE.NFO,07/01/2020,09:59:36,0.85,0.8,8700,0.85,9300,0,276450
NIFTY09JAN2012600CE.NFO,07/01/2020,09:59:43,0.85,0.8,9000,0.85,9300,0,276450
NIFTY09JAN2012600CE.NFO,07/01/2020,10:00:02,0.85,0.8,8700,0.85,9300,0,276450
NIFTY09JAN2012600CE.NFO,07/01/2020,10:00:05,0.85,0.8,9000,0.85,9300,0,276450
NIFTY09JAN2012600CE.NFO,07/01/2020,10:00:09,0.85,0.8,8700,0.85,9300,0,276450
NIFTY09JAN2012600CE.NFO,07/01/2020,10:00:10,0.85,0.8,9000,0.85,9300,0,276450
NIFTY09JAN2012600CE.NFO,07/01/2020,10:00:15,0.8,0.8,4950,0.85,10050,4500,276900
NIFTY09JAN2012600CE.NFO,07/01/2020,10:00:18,0.8,0.8,450,0.85,10050,4500,276900
NIFTY09JAN2012600CE.NFO,07/01/2020,10:00:21,0.8,0.75,10125,0.8,1800,450,276900
NIFTY09JAN2012600CE.NFO,07/01/2020,10:00:27,0.8,0.75,8175,0.8,2250,300,276900
NIFTY09JAN2012600CE.NFO,07/01/2020,10:00:30,0.8,0.75,8175,0.8,2250,0,276900
NIFTY09JAN2012600CE.NFO,07/01/2020,10:00:32,0.8,0.75,8175,0.8,4575,0,276900
NIFTY09JAN2012600CE.NFO,07/01/2020,10:00:35,0.8,0.75,8175,0.8,2550,0,276900
NIFTY09JAN2012600CE.NFO,07/01/2020,10:00:41,0.8,0.75,8175,0.8,4650,0,276900
NIFTY09JAN2012600CE.NFO,07/01/2020,10:00:44,0.8,0.75,8175,0.8,2550,0,276900
NIFTY09JAN2012600CE.NFO,07/01/2020,10:00:46,0.8,0.75,8175,0.8,4650,0,276900
NIFTY09JAN2012600CE.NFO,07/01/2020,10:00:55,0.8,0.75,10350,0.8,2550,0,276900
NIFTY09JAN2012600CE.NFO,07/01/2020,10:00:56,0.8,0.75,8175,0.8,4650,0,276900
NIFTY09JAN2012600CE.NFO,07/01/2020,10:01:01,0.8,0.75,8175,0.8,2550,0,276900
NIFTY09JAN2012600CE.NFO,07/01/2020,10:01:06,0.8,0.75,9675,0.8,2550,0,276900
NIFTY09JAN2012600CE.NFO,07/01/2020,10:01:09,0.8,0.75,9675,0.8,4725,0,276900
NIFTY09JAN2012600CE.NFO,07/01/2020,10:01:13,0.8,0.75,9750,0.8,4725,0,276900
NIFTY09JAN2012600CE.NFO,07/01/2020,10:01:14,0.8,0.75,9675,0.8,4725,0,276900
NIFTY09JAN2012600CE.NFO,07/01/2020,10:01:20,0.8,0.75,9675,0.8,2550,0,276900
NIFTY09JAN2012600CE.NFO,07/01/2020,10:01:23,0.8,0.75,9675,0.8,4725,0,276900
NIFTY09JAN2012600CE.NFO,07/01/2020,10:01:42,0.8,0.75,9675,0.8,2550,0,276900
NIFTY09JAN2012600CE.NFO,07/01/2020,10:01:44,0.8,0.75,9675,0.8,4800,0,276900
NIFTY09JAN2012600CE.NFO,07/01/2020,10:01:47,0.8,0.75,9675,0.8,2550,0,276900
NIFTY09JAN2012600CE.NFO,07/01/2020,10:01:48,0.8,0.75,9675,0.8,4800,0,276900
NIFTY09JAN2012600CE.NFO,07/01/2020,10:01:56,0.8,0.8,750,0.85,11925,3000,276900
NIFTY09JAN2012600CE.NFO,07/01/2020,10:01:58,0.8,0.8,750,0.85,12225,0,276900
NIFTY09JAN2012600CE.NFO,07/01/2020,10:02:03,0.8,0.8,750,0.85,10050,0,276900
NIFTY09JAN2012600CE.NFO,07/01/2020,10:02:04,0.8,0.8,2775,0.85,10050,0,276900
NIFTY09JAN2012600CE.NFO,07/01/2020,10:02:07,0.8,0.8,3075,0.85,10050,0,276900
NIFTY09JAN2012600CE.NFO,07/01/2020,10:02:22,0.8,0.8,1050,0.85,10050,0,276900
NIFTY09JAN2012600CE.NFO,07/01/2020,10:02:29,0.8,0.8,2925,0.85,10050,0,276900
NIFTY09JAN2012600CE.NFO,07/01/2020,10:02:40,0.8,0.8,1050,0.85,10050,0,276900
NIFTY09JAN2012600CE.NFO,07/01/2020,10:02:42,0.8,0.8,2925,0.85,10050,0,276900
NIFTY09JAN2012600CE.NFO,07/01/2020,10:02:46,0.8,0.8,3000,0.85,10050,0,276900
NIFTY09JAN2012600CE.NFO,07/01/2020,10:02:47,0.8,0.8,2925,0.85,10050,0,276900
NIFTY09JAN2012600CE.NFO,07/01/2020,10:02:55,0.8,0.8,2925,0.85,9750,0,276900
NIFTY09JAN2012600CE.NFO,07/01/2020,10:02:58,0.8,0.8,2925,0.85,10050,0,276900
NIFTY09JAN2012600CE.NFO,07/01/2020,10:03:01,0.8,0.8,2925,0.85,9750,0,276900
NIFTY09JAN2012600CE.NFO,07/01/2020,10:03:02,0.8,0.8,2925,0.85,10050,0,276900
NIFTY09JAN2012600CE.NFO,07/01/2020,10:03:04,0.8,0.8,2925,0.85,9750,0,276900
NIFTY09JAN2012600CE.NFO,07/01/2020,10:03:07,0.8,0.8,1050,0.85,10050,0,276900
NIFTY09JAN2012600CE.NFO,07/01/2020,10:03:32,0.8,0.8,2925,0.85,10050,0,276900
NIFTY09JAN2012600CE.NFO,07/01/2020,10:03:33,0.8,0.8,2925,0.85,9750,0,276900
NIFTY09JAN2012600CE.NFO,07/01/2020,10:03:36,0.8,0.8,2925,0.85,9900,0,276900
NIFTY09JAN2012600CE.NFO,07/01/2020,10:03:37,0.8,0.8,2925,0.85,9750,0,276900
NIFTY09JAN2012600CE.NFO,07/01/2020,10:03:39,0.8,0.8,1050,0.85,9900,0,276900
NIFTY09JAN2012600CE.NFO,07/01/2020,10:03:52,0.8,0.8,2925,0.85,9900,0,276900
NIFTY09JAN2012600CE.NFO,07/01/2020,10:04:07,0.8,0.8,1050,0.85,9900,0,276900
NIFTY09JAN2012600CE.NFO,07/01/2020,10:04:11,0.8,0.8,2925,0.85,9900,0,276900
NIFTY09JAN2012600CE.NFO,07/01/2020,10:04:14,0.8,0.8,1050,0.85,9900,0,276900
NIFTY09JAN2012600CE.NFO,07/01/2020,10:04:17,0.8,0.8,2925,0.85,9900,0,276900
NIFTY09JAN2012600CE.NFO,07/01/2020,10:04:21,0.8,0.8,2925,0.85,9750,0,276900
NIFTY09JAN2012600CE.NFO,07/01/2020,10:04:22,0.8,0.8,1050,0.85,9750,0,276900
NIFTY09JAN2012600CE.NFO,07/01/2020,10:04:23,0.8,0.8,1050,0.85,10050,0,276900
NIFTY09JAN2012600CE.NFO,07/01/2020,10:04:24,0.8,0.8,2925,0.85,10050,0,276900
NIFTY09JAN2012600CE.NFO,07/01/2020,10:04:27,0.8,0.8,2925,0.85,9750,0,276900
NIFTY09JAN2012600CE.NFO,07/01/2020,10:04:28,0.8,0.8,1050,0.85,10050,0,276900
NIFTY09JAN2012600CE.NFO,07/01/2020,10:04:29,0.8,0.8,2925,0.85,10050,0,276900
NIFTY09JAN2012600CE.NFO,07/01/2020,10:04:34,0.8,0.8,2925,0.85,9750,0,276900
NIFTY09JAN2012600CE.NFO,07/01/2020,10:04:35,0.8,0.8,2925,0.85,10050,0,276900
NIFTY09JAN2012600CE.NFO,07/01/2020,10:04:39,0.8,0.8,1050,0.85,10050,0,276900
NIFTY09JAN2012600CE.NFO,07/01/2020,10:04:47,0.8,0.8,2925,0.85,10050,0,276900
NIFTY09JAN2012600CE.NFO,07/01/2020,10:04:49,0.8,0.8,4425,0.85,10050,0,276900
NIFTY09JAN2012600CE.NFO,07/01/2020,10:04:50,0.8,0.8,4425,0.85,9750,0,276900
NIFTY09JAN2012600CE.NFO,07/01/2020,10:04:51,0.8,0.8,4425,0.85,6750,0,276900
NIFTY09JAN2012600CE.NFO,07/01/2020,10:04:54,0.8,0.8,2550,0.85,8925,0,276900
NIFTY09JAN2012600CE.NFO,07/01/2020,10:04:58,0.8,0.8,2850,0.85,6750,0,276900
NIFTY09JAN2012600CE.NFO,07/01/2020,10:05:00,0.8,0.8,1050,0.85,8925,0,276900
NIFTY09JAN2012600CE.NFO,07/01/2020,10:05:01,0.8,0.8,1050,0.85,8850,0,276900
NIFTY09JAN2012600CE.NFO,07/01/2020,10:05:05,0.8,0.8,2850,0.85,6750,0,276900
NIFTY09JAN2012600CE.NFO,07/01/2020,10:05:06,0.8,0.8,1050,0.85,8850,0,276900
NIFTY09JAN2012600CE.NFO,07/01/2020,10:05:08,0.8,0.8,1050,0.85,8700,0,276900
NIFTY09JAN2012600CE.NFO,07/01/2020,10:05:16,0.8,0.8,1050,0.85,6900,0,276900
NIFTY09JAN2012600CE.NFO,07/01/2020,10:05:17,0.8,0.8,1050,0.85,8700,0,276900
NIFTY09JAN2012600CE.NFO,07/01/2020,10:05:19,0.8,0.8,1050,0.85,6900,0,276900
NIFTY09JAN2012600CE.NFO,07/01/2020,10:05:25,0.8,0.8,2850,0.85,6900,0,276900
NIFTY09JAN2012600CE.NFO,07/01/2020,10:05:26,0.8,0.8,2850,0.85,6750,0,276900
NIFTY09JAN2012600CE.NFO,07/01/2020,10:05:27,0.8,0.8,3000,0.85,6750,0,276900
NIFTY09JAN2012600CE.NFO,07/01/2020,10:05:39,0.8,0.8,2850,0.85,6750,0,276900
NIFTY09JAN2012600CE.NFO,07/01/2020,10:05:40,0.8,0.8,1050,0.85,7050,0,276900
NIFTY09JAN2012600CE.NFO,07/01/2020,10:05:42,0.8,0.8,2850,0.85,7050,0,276900
NIFTY09JAN2012600CE.NFO,07/01/2020,10:05:44,0.8,0.8,2850,0.85,6750,0,276900
NIFTY09JAN2012600CE.NFO,07/01/2020,10:05:46,0.8,0.8,2850,0.85,7050,0,276900
NIFTY09JAN2012600CE.NFO,07/01/2020,10:05:48,0.8,0.8,2850,0.85,6750,0,276900
NIFTY09JAN2012600CE.NFO,07/01/2020,10:05:49,0.8,0.8,1050,0.85,6750,0,276900
NIFTY09JAN2012600CE.NFO,07/01/2020,10:05:51,0.8,0.8,4350,0.85,6750,0,276900
NIFTY09JAN2012600CE.NFO,07/01/2020,10:05:52,0.8,0.8,4350,0.85,7050,0,276900
NIFTY09JAN2012600CE.NFO,07/01/2020,10:05:57,0.8,0.8,4050,0.85,7050,0,276900
NIFTY09JAN2012600CE.NFO,07/01/2020,10:05:58,0.8,0.8,5850,0.85,6750,0,276900
NIFTY09JAN2012600CE.NFO,07/01/2020,10:06:01,0.8,0.8,4050,0.85,6750,0,276900
NIFTY09JAN2012600CE.NFO,07/01/2020,10:06:03,0.8,0.8,4050,0.85,8850,0,276900
NIFTY09JAN2012600CE.NFO,07/01/2020,10:06:04,0.8,0.8,4050,0.85,8550,0,276900
NIFTY09JAN2012600CE.NFO,07/01/2020,10:06:05,0.8,0.8,4050,0.85,8850,0,276900
NIFTY09JAN2012600CE.NFO,07/01/2020,10:06:09,0.8,0.8,5850,0.85,6750,0,276900
NIFTY09JAN2012600CE.NFO,07/01/2020,10:06:11,0.8,0.8,4050,0.85,6750,0,276900
NIFTY09JAN2012600CE.NFO,07/01/2020,10:06:12,0.8,0.8,4050,0.85,8550,0,276900
NIFTY09JAN2012600CE.NFO,07/01/2020,10:06:14,0.8,0.8,4050,0.85,8850,0,276900
NIFTY09JAN2012600CE.NFO,07/01/2020,10:06:16,0.8,0.8,4050,0.85,7050,0,276900
NIFTY09JAN2012600CE.NFO,07/01/2020,10:06:17,0.8,0.8,4050,0.85,8850,0,276900
NIFTY09JAN2012600CE.NFO,07/01/2020,10:06:21,0.8,0.8,5925,0.85,6750,0,276900
NIFTY09JAN2012600CE.NFO,07/01/2020,10:06:22,0.8,0.8,4050,0.85,6750,0,276900
NIFTY09JAN2012600CE.NFO,07/01/2020,10:06:23,0.8,0.8,4050,0.85,8925,0,276900
NIFTY09JAN2012600CE.NFO,07/01/2020,10:06:27,0.8,0.8,4050,0.85,7050,0,276900
NIFTY09JAN2012600CE.NFO,07/01/2020,10:06:30,0.8,0.8,5925,0.85,6750,0,276900
NIFTY09JAN2012600CE.NFO,07/01/2020,10:06:31,0.8,0.8,4050,0.85,7050,0,276900
NIFTY09JAN2012600CE.NFO,07/01/2020,10:06:32,0.8,0.8,5925,0.85,6750,0,276900
NIFTY09JAN2012600CE.NFO,07/01/2020,10:06:33,0.8,0.8,4050,0.85,6750,0,276900
NIFTY09JAN2012600CE.NFO,07/01/2020,10:06:34,0.8,0.8,4050,0.85,7050,0,276900
NIFTY09JAN2012600CE.NFO,07/01/2020,10:06:37,0.8,0.8,4050,0.85,8925,0,276900
NIFTY09JAN2012600CE.NFO,07/01/2020,10:06:44,0.8,0.8,4050,0.85,8625,0,276900
NIFTY09JAN2012600CE.NFO,07/01/2020,10:06:47,0.85,0.8,4350,0.85,8025,600,283200
NIFTY09JAN2012600CE.NFO,07/01/2020,10:06:50,0.85,0.8,4050,0.85,8025,0,283200
NIFTY09JAN2012600CE.NFO,07/01/2020,10:06:51,0.85,0.8,4050,0.85,6150,0,283200
NIFTY09JAN2012600CE.NFO,07/01/2020,10:06:52,0.85,0.8,5925,0.85,6150,0,283200
NIFTY09JAN2012600CE.NFO,07/01/2020,10:06:54,0.85,0.8,6225,0.85,6150,0,283200
NIFTY09JAN2012600CE.NFO,07/01/2020,10:06:55,0.85,0.8,4050,0.85,6150,0,283200
NIFTY09JAN2012600CE.NFO,07/01/2020,10:06:57,0.85,0.8,4050,0.85,6450,0,283200
NIFTY09JAN2012600CE.NFO,07/01/2020,10:06:59,0.85,0.8,5925,0.85,6150,0,283200
NIFTY09JAN2012600CE.NFO,07/01/2020,10:07:00,0.85,0.8,4050,0.85,6150,0,283200
NIFTY09JAN2012600CE.NFO,07/01/2020,10:07:03,0.85,0.8,4050,0.85,8025,0,283200
NIFTY09JAN2012600CE.NFO,07/01/2020,10:07:04,0.85,0.8,4050,0.85,8325,0,283200
NIFTY09JAN2012600CE.NFO,07/01/2020,10:07:08,0.85,0.8,4050,0.85,6450,0,283200
NIFTY09JAN2012600CE.NFO,07/01/2020,10:07:09,0.85,0.8,5925,0.85,6150,0,283200
NIFTY09JAN2012600CE.NFO,07/01/2020,10:07:10,0.85,0.8,4050,0.85,8325,0,283200
NIFTY09JAN2012600CE.NFO,07/01/2020,10:07:20,0.85,0.8,4425,0.85,6450,0,283200
NIFTY09JAN2012600CE.NFO,07/01/2020,10:07:21,0.85,0.8,4425,0.85,6150,0,283200
NIFTY09JAN2012600CE.NFO,07/01/2020,10:07:30,0.85,0.8,2550,0.85,6150,0,283200
NIFTY09JAN2012600CE.NFO,07/01/2020,10:07:31,0.85,0.8,2550,0.85,7950,0,283200
NIFTY09JAN2012600CE.NFO,07/01/2020,10:07:32,0.85,0.8,4350,0.85,6450,0,283200
NIFTY09JAN2012600CE.NFO,07/01/2020,10:07:33,0.85,0.8,4350,0.85,6150,0,283200
NIFTY09JAN2012600CE.NFO,07/01/2020,10:07:37,0.85,0.8,4425,0.85,6150,0,283200
NIFTY09JAN2012600CE.NFO,07/01/2020,10:07:38,0.85,0.8,4350,0.85,6150,0,283200
NIFTY09JAN2012600CE.NFO,07/01/2020,10:07:39,0.85,0.8,4350,0.85,5775,375,283200
NIFTY09JAN2012600CE.NFO,07/01/2020,10:07:40,0.85,0.8,4650,0.85,5775,0,283200
NIFTY09JAN2012600CE.NFO,07/01/2020,10:07:56,0.85,0.8,2850,0.85,5775,0,283200
NIFTY09JAN2012600CE.NFO,07/01/2020,10:07:57,0.85,0.8,2550,0.85,7575,0,283200
NIFTY09JAN2012600CE.NFO,07/01/2020,10:07:59,0.85,0.8,2550,0.85,5775,0,283200
NIFTY09JAN2012600CE.NFO,07/01/2020,10:08:02,0.85,0.8,4350,0.85,5775,0,283200
NIFTY09JAN2012600CE.NFO,07/01/2020,10:08:04,0.85,0.8,4650,0.85,5775,0,283200
NIFTY09JAN2012600CE.NFO,07/01/2020,10:08:08,0.85,0.8,2550,0.85,7575,0,283200
NIFTY09JAN2012600CE.NFO,07/01/2020,10:08:10,0.85,0.8,2550,0.85,5775,0,283200
NIFTY09JAN2012600CE.NFO,07/01/2020,10:08:14,0.85,0.8,4350,0.85,5775,0,283200
NIFTY09JAN2012600CE.NFO,07/01/2020,10:08:17,0.85,0.8,2550,0.85,5775,0,283200
NIFTY09JAN2012600CE.NFO,07/01/2020,10:08:21,0.85,0.8,4350,0.85,5775,0,283200
NIFTY09JAN2012600CE.NFO,07/01/2020,10:08:22,0.85,0.8,4650,0.85,5775,0,283200
NIFTY09JAN2012600CE.NFO,07/01/2020,10:08:30,0.85,0.8,6150,0.85,5775,0,283200
NIFTY09JAN2012600CE.NFO,07/01/2020,10:08:31,0.85,0.8,4050,0.85,5775,0,283200
NIFTY09JAN2012600CE.NFO,07/01/2020,10:08:32,0.85,0.8,5850,0.85,5775,0,283200
NIFTY09JAN2012600CE.NFO,07/01/2020,10:08:34,0.85,0.8,6150,0.85,5775,0,283200
NIFTY09JAN2012600CE.NFO,07/01/2020,10:08:35,0.85,0.8,4350,0.85,5775,0,283200
NIFTY09JAN2012600CE.NFO,07/01/2020,10:08:36,0.85,0.8,5850,0.85,5775,0,283200
NIFTY09JAN2012600CE.NFO,07/01/2020,10:08:37,0.85,0.8,6150,0.85,5775,0,283200
NIFTY09JAN2012600CE.NFO,07/01/2020,10:08:38,0.85,0.8,4350,0.85,5775,0,283200
NIFTY09JAN2012600CE.NFO,07/01/2020,10:08:40,0.85,0.8,4350,0.85,7575,0,283200
NIFTY09JAN2012600CE.NFO,07/01/2020,10:08:41,0.85,0.8,4050,0.85,5775,0,283200
NIFTY09JAN2012600CE.NFO,07/01/2020,10:08:43,0.85,0.8,5850,0.85,5775,0,283200
NIFTY09JAN2012600CE.NFO,07/01/2020,10:08:46,0.85,0.8,6150,0.85,5775,0,283200
NIFTY09JAN2012600CE.NFO,07/01/2020,10:08:47,0.85,0.8,5850,0.85,5775,0,283200
NIFTY09JAN2012600CE.NFO,07/01/2020,10:08:51,0.85,0.8,6150,0.85,5775,0,283200
NIFTY09JAN2012600CE.NFO,07/01/2020,10:08:52,0.85,0.8,4050,0.85,7575,0,283200
NIFTY09JAN2012600CE.NFO,07/01/2020,10:08:53,0.85,0.8,4050,0.85,5775,0,283200
NIFTY09JAN2012600CE.NFO,07/01/2020,10:08:56,0.85,0.8,5850,0.85,5775,0,283200
NIFTY09JAN2012600CE.NFO,07/01/2020,10:08:58,0.85,0.8,4350,0.85,5775,0,283200
NIFTY09JAN2012600CE.NFO,07/01/2020,10:09:00,0.85,0.8,4350,0.85,7575,0,283200
NIFTY09JAN2012600CE.NFO,07/01/2020,10:09:01,0.85,0.8,4050,0.85,7575,0,283200
NIFTY09JAN2012600CE.NFO,07/01/2020,10:09:03,0.85,0.8,4050,0.85,5775,0,283200
NIFTY09JAN2012600CE.NFO,07/01/2020,10:09:04,0.85,0.8,6150,0.85,5775,0,283200
NIFTY09JAN2012600CE.NFO,07/01/2020,10:09:08,0.85,0.8,4050,0.85,5775,0,283200
NIFTY09JAN2012600CE.NFO,07/01/2020,10:09:09,0.85,0.8,5850,0.85,5775,0,283200
NIFTY09JAN2012600CE.NFO,07/01/2020,10:09:11,0.85,0.8,6150,0.85,5775,0,283200
NIFTY09JAN2012600CE.NFO,07/01/2020,10:09:13,0.85,0.8,4050,0.85,7575,0,283200
NIFTY09JAN2012600CE.NFO,07/01/2020,10:09:15,0.85,0.8,4200,0.85,5775,0,283200
NIFTY09JAN2012600CE.NFO,07/01/2020,10:09:22,0.85,0.8,4200,0.85,7575,0,283200
NIFTY09JAN2012600CE.NFO,07/01/2020,10:09:23,0.85,0.8,4200,0.85,5775,0,283200
NIFTY09JAN2012600CE.NFO,07/01/2020,10:09:25,0.85,0.8,4200,0.85,7650,0,283200
NIFTY09JAN2012600CE.NFO,07/01/2020,10:09:27,0.85,0.8,4200,0.85,5775,0,283200
NIFTY09JAN2012600CE.NFO,07/01/2020,10:09:36,0.85,0.8,4050,0.85,7650,0,283200
NIFTY09JAN2012600CE.NFO,07/01/2020,10:09:37,0.85,0.8,4050,0.85,5775,0,283200
NIFTY09JAN2012600CE.NFO,07/01/2020,10:09:38,0.85,0.8,4200,0.85,5775,0,283200
NIFTY09JAN2012600CE.NFO,07/01/2020,10:09:43,0.85,0.8,4200,0.85,7650,0,283200
NIFTY09JAN2012600CE.NFO,07/01/2020,10:09:44,0.85,0.8,4050,0.85,7650,0,283200
NIFTY09JAN2012600CE.NFO,07/01/2020,10:09:45,0.85,0.8,4050,0.85,5775,0,283200
NIFTY09JAN2012600CE.NFO,07/01/2020,10:09:48,0.85,0.8,6075,0.85,5775,0,283200
NIFTY09JAN2012600CE.NFO,07/01/2020,10:09:49,0.85,0.8,4200,0.85,5775,0,283200
NIFTY09JAN2012600CE.NFO,07/01/2020,10:09:52,0.85,0.8,6075,0.85,5775,0,283200
NIFTY09JAN2012600CE.NFO,07/01/2020,10:09:58,0.85,0.8,5925,0.85,5775,0,283200
NIFTY09JAN2012600CE.NFO,07/01/2020,10:10:00,0.85,0.8,4050,0.85,5775,0,283200
NIFTY09JAN2012600CE.NFO,07/01/2020,10:10:02,0.85,0.8,5925,0.85,5775,0,283200
NIFTY09JAN2012600CE.NFO,07/01/2020,10:10:04,0.85,0.8,6225,0.85,5775,0,283200
NIFTY09JAN2012600CE.NFO,07/01/2020,10:10:07,0.85,0.8,5925,0.85,5775,0,283200
NIFTY09JAN2012600CE.NFO,07/01/2020,10:10:09,0.85,0.8,6225,0.85,5775,0,283200
NIFTY09JAN2012600CE.NFO,07/01/2020,10:10:14,0.85,0.8,4050,0.85,7650,0,283200
NIFTY09JAN2012600CE.NFO,07/01/2020,10:10:16,0.85,0.8,4050,0.85,5775,0,283200
NIFTY09JAN2012600CE.NFO,07/01/2020,10:10:18,0.85,0.8,5925,0.85,5775,0,283200
NIFTY09JAN2012600CE.NFO,07/01/2020,10:10:19,0.85,0.8,4350,0.85,5775,0,283200
NIFTY09JAN2012600CE.NFO,07/01/2020,10:10:21,0.85,0.8,4050,0.85,7650,0,283200
NIFTY09JAN2012600CE.NFO,07/01/2020,10:10:24,0.85,0.8,4050,0.85,5775,0,283200
NIFTY09JAN2012600CE.NFO,07/01/2020,10:10:25,0.85,0.8,4350,0.85,5775,0,283200
NIFTY09JAN2012600CE.NFO,07/01/2020,10:10:27,0.85,0.8,4050,0.85,5775,0,283200
NIFTY09JAN2012600CE.NFO,07/01/2020,10:10:30,0.85,0.8,6225,0.85,5775,0,283200
NIFTY09JAN2012600CE.NFO,07/01/2020,10:10:31,0.85,0.8,5925,0.85,5775,0,283200
NIFTY09JAN2012600CE.NFO,07/01/2020,10:10:32,0.85,0.8,6225,0.85,5775,0,283200
NIFTY09JAN2012600CE.NFO,07/01/2020,10:10:34,0.85,0.8,4050,0.85,5775,0,283200
NIFTY09JAN2012600CE.NFO,07/01/2020,10:10:35,0.85,0.8,5925,0.85,5775,0,283200
NIFTY09JAN2012600CE.NFO,07/01/2020,10:10:36,0.85,0.8,6225,0.85,5775,0,283200
NIFTY09JAN2012600CE.NFO,07/01/2020,10:10:37,0.85,0.8,5925,0.85,5775,0,283200
NIFTY09JAN2012600CE.NFO,07/01/2020,10:10:38,0.85,0.8,6225,0.85,5775,0,283200
NIFTY09JAN2012600CE.NFO,07/01/2020,10:10:41,0.85,0.8,4350,0.85,5775,0,283200
NIFTY09JAN2012600CE.NFO,07/01/2020,10:10:43,0.85,0.8,4050,0.85,7650,0,283200
NIFTY09JAN2012600CE.NFO,07/01/2020,10:10:46,0.85,0.8,6225,0.85,5775,0,283200
NIFTY09JAN2012600CE.NFO,07/01/2020,10:10:49,0.85,0.8,4350,0.85,5775,0,283200
NIFTY09JAN2012600CE.NFO,07/01/2020,10:10:57,0.85,0.8,4050,0.85,5775,0,283200
NIFTY09JAN2012600CE.NFO,07/01/2020,10:10:58,0.85,0.8,6225,0.85,5775,0,283200
NIFTY09JAN2012600CE.NFO,07/01/2020,10:11:14,0.85,0.8,4350,0.85,5775,0,283200
NIFTY09JAN2012600CE.NFO,07/01/2020,10:11:15,0.85,0.8,4350,0.85,7650,0,283200
NIFTY09JAN2012600CE.NFO,07/01/2020,10:11:16,0.85,0.8,4350,0.85,5775,0,283200
NIFTY09JAN2012600CE.NFO,07/01/2020,10:11:19,0.85,0.8,4350,0.85,7650,0,283200
NIFTY09JAN2012600CE.NFO,07/01/2020,10:11:20,0.85,0.8,5925,0.85,5775,0,283200
NIFTY09JAN2012600CE.NFO,07/01/2020,10:11:22,0.85,0.8,4050,0.85,5775,0,283200
NIFTY09JAN2012600CE.NFO,07/01/2020,10:11:24,0.85,0.8,5925,0.85,5775,0,283200
NIFTY09JAN2012600CE.NFO,07/01/2020,10:11:25,0.85,0.8,4050,0.85,5775,0,283200
NIFTY09JAN2012600CE.NFO,07/01/2020,10:11:27,0.85,0.8,4050,0.85,7650,0,283200
NIFTY09JAN2012600CE.NFO,07/01/2020,10:11:28,0.85,0.8,4050,0.85,5775,0,283200
NIFTY09JAN2012600CE.NFO,07/01/2020,10:11:29,0.85,0.8,6225,0.85,5775,0,283200
NIFTY09JAN2012600CE.NFO,07/01/2020,10:11:30,0.85,0.8,4350,0.85,5775,0,283200
NIFTY09JAN2012600CE.NFO,07/01/2020,10:11:33,0.85,0.8,6225,0.85,5775,0,283200
NIFTY09JAN2012600CE.NFO,07/01/2020,10:11:35,0.85,0.8,4050,0.85,5775,0,283200
NIFTY09JAN2012600CE.NFO,07/01/2020,10:11:36,0.85,0.8,5925,0.85,5775,0,283200
NIFTY09JAN2012600CE.NFO,07/01/2020,10:11:37,0.85,0.8,6225,0.85,5775,0,283200
NIFTY09JAN2012600CE.NFO,07/01/2020,10:11:38,0.85,0.8,4050,0.85,5775,0,283200
NIFTY09JAN2012600CE.NFO,07/01/2020,10:11:39,0.85,0.8,5925,0.85,5775,0,283200
NIFTY09JAN2012600CE.NFO,07/01/2020,10:11:43,0.85,0.8,4050,0.85,5775,0,283200
NIFTY09JAN2012600CE.NFO,07/01/2020,10:11:44,0.85,0.8,5925,0.85,5775,0,283200
NIFTY09JAN2012600CE.NFO,07/01/2020,10:11:45,0.85,0.8,4050,0.85,5775,0,283200
NIFTY09JAN2012600CE.NFO,07/01/2020,10:11:46,0.85,0.8,5925,0.85,5775,0,283200
NIFTY09JAN2012600CE.NFO,07/01/2020,10:11:53,0.85,0.8,6225,0.85,5775,0,283200
NIFTY09JAN2012600CE.NFO,07/01/2020,10:11:55,0.85,0.8,5925,0.85,5775,0,283200
NIFTY09JAN2012600CE.NFO,07/01/2020,10:11:56,0.85,0.8,6225,0.85,5775,0,283200
NIFTY09JAN2012600CE.NFO,07/01/2020,10:11:57,0.85,0.8,4050,0.85,7650,0,283200
NIFTY09JAN2012600CE.NFO,07/01/2020,10:12:00,0.85,0.8,4050,0.85,5775,0,283200
NIFTY09JAN2012600CE.NFO,07/01/2020,10:12:01,0.85,0.8,6225,0.85,5775,0,283200
NIFTY09JAN2012600CE.NFO,07/01/2020,10:12:08,0.85,0.8,4350,0.85,5775,0,283200
NIFTY09JAN2012600CE.NFO,07/01/2020,10:12:10,0.85,0.8,4050,0.85,5775,0,283200
NIFTY09JAN2012600CE.NFO,07/01/2020,10:12:11,0.85,0.8,5925,0.85,5775,0,283200
NIFTY09JAN2012600CE.NFO,07/01/2020,10:12:12,0.85,0.8,4350,0.85,5775,0,283200
NIFTY09JAN2012600CE.NFO,07/01/2020,10:12:13,0.85,0.8,4050,0.85,7650,0,283200
NIFTY09JAN2012600CE.NFO,07/01/2020,10:12:17,0.85,0.8,4050,0.85,5850,0,283200
NIFTY09JAN2012600CE.NFO,07/01/2020,10:12:18,0.85,0.8,4050,0.85,5775,0,283200
NIFTY09JAN2012600CE.NFO,07/01/2020,10:12:19,0.85,0.8,4350,0.85,5775,0,283200
NIFTY09JAN2012600CE.NFO,07/01/2020,10:12:22,0.85,0.8,4050,0.85,5775,0,283200
NIFTY09JAN2012600CE.NFO,07/01/2020,10:12:25,0.85,0.8,6225,0.85,5775,0,283200
NIFTY09JAN2012600CE.NFO,07/01/2020,10:12:33,0.85,0.8,4050,0.85,5775,0,283200
NIFTY09JAN2012600CE.NFO,07/01/2020,10:12:38,0.85,0.8,4050,0.85,7650,0,283200
NIFTY09JAN2012600CE.NFO,07/01/2020,10:12:41,0.85,0.8,4050,0.85,5775,0,283200
NIFTY09JAN2012600CE.NFO,07/01/2020,10:12:43,0.85,0.8,6225,0.85,1275,4500,282600
NIFTY09JAN2012600CE.NFO,07/01/2020,10:12:44,0.85,0.8,4350,0.85,3150,0,282600
NIFTY09JAN2012600CE.NFO,07/01/2020,10:12:57,0.85,0.8,4350,0.85,1275,0,282600
NIFTY09JAN2012600CE.NFO,07/01/2020,10:12:59,0.85,0.8,4350,0.85,3075,0,282600
NIFTY09JAN2012600CE.NFO,07/01/2020,10:13:25,0.85,0.8,4350,0.85,1275,0,282600
NIFTY09JAN2012600CE.NFO,07/01/2020,10:13:26,0.85,0.85,4125,0.9,3375,1275,282600
NIFTY09JAN2012600CE.NFO,07/01/2020,10:13:37,0.85,0.85,3975,0.9,3375,0,282600
NIFTY09JAN2012600CE.NFO,07/01/2020,10:13:42,0.85,0.85,5700,0.9,1500,0,282600
NIFTY09JAN2012600CE.NFO,07/01/2020,10:13:52,0.85,0.85,6000,0.9,1500,0,282600
NIFTY09JAN2012600CE.NFO,07/01/2020,10:13:59,0.85,0.85,4425,0.9,1500,0,282600
NIFTY09JAN2012600CE.NFO,07/01/2020,10:14:02,0.85,0.85,5925,0.9,1500,0,282600
NIFTY09JAN2012600CE.NFO,07/01/2020,10:14:03,0.85,0.85,5625,0.9,1500,300,282600
NIFTY09JAN2012600CE.NFO,07/01/2020,10:14:04,0.85,0.85,5475,0.9,1500,0,282600
NIFTY09JAN2012600CE.NFO,07/01/2020,10:14:05,0.85,0.85,5775,0.9,1500,0,282600
NIFTY09JAN2012600CE.NFO,07/01/2020,10:14:07,0.85,0.85,3975,0.9,3000,0,282600
NIFTY09JAN2012600CE.NFO,07/01/2020,10:14:09,0.85,0.85,8775,0.9,1500,0,282600
NIFTY09JAN2012600CE.NFO,07/01/2020,10:14:12,0.85,0.85,6975,0.9,3000,0,282600
NIFTY09JAN2012600CE.NFO,07/01/2020,10:14:13,0.85,0.85,6975,0.9,1500,0,282600
NIFTY09JAN2012600CE.NFO,07/01/2020,10:14:17,0.85,0.85,7275,0.9,1500,0,282600
NIFTY09JAN2012600CE.NFO,07/01/2020,10:14:21,0.85,0.85,6975,0.9,3000,0,282600
NIFTY09JAN2012600CE.NFO,07/01/2020,10:14:24,0.85,0.85,7275,0.9,1500,0,282600
NIFTY09JAN2012600CE.NFO,07/01/2020,10:14:26,0.9,0.85,7275,0.9,1200,300,276525
NIFTY09JAN2012600CE.NFO,07/01/2020,10:14:28,0.9,0.85,6975,0.9,2700,0,276525
NIFTY09JAN2012600CE.NFO,07/01/2020,10:14:33,0.9,0.85,6975,0.9,1200,0,276525
NIFTY09JAN2012600CE.NFO,07/01/2020,10:14:35,0.9,0.85,6975,0.9,2700,0,276525
NIFTY09JAN2012600CE.NFO,07/01/2020,10:14:37,0.9,0.85,6975,0.9,1200,0,276525
NIFTY09JAN2012600CE.NFO,07/01/2020,10:14:39,0.9,0.85,6975,0.9,2700,0,276525
NIFTY09JAN2012600CE.NFO,07/01/2020,10:14:41,0.9,0.85,6975,0.9,1200,0,276525
NIFTY09JAN2012600CE.NFO,07/01/2020,10:14:51,0.9,0.85,6975,0.9,2625,0,276525
NIFTY09JAN2012600CE.NFO,07/01/2020,10:14:53,0.9,0.85,6975,0.9,1200,0,276525
NIFTY09JAN2012600CE.NFO,07/01/2020,10:14:55,0.85,0.85,6600,0.9,1200,375,276525
NIFTY09JAN2012600CE.NFO,07/01/2020,10:14:56,0.85,0.85,6300,0.9,2625,0,276525
NIFTY09JAN2012600CE.NFO,07/01/2020,10:14:57,0.85,0.85,6600,0.9,1200,0,276525
NIFTY09JAN2012600CE.NFO,07/01/2020,10:14:59,0.85,0.85,6600,0.9,2625,0,276525
NIFTY09JAN2012600CE.NFO,07/01/2020,10:15:00,0.85,0.85,6300,0.9,2625,0,276525
NIFTY09JAN2012600CE.NFO,07/01/2020,10:15:01,0.85,0.85,6600,0.9,2625,0,276525
NIFTY09JAN2012600CE.NFO,07/01/2020,10:15:03,0.85,0.85,6300,0.9,7575,0,276525
NIFTY09JAN2012600CE.NFO,07/01/2020,10:15:04,0.85,0.85,6600,0.9,8400,0,276525
NIFTY09JAN2012600CE.NFO,07/01/2020,10:15:06,0.85,0.85,6300,0.9,8400,0,276525
NIFTY09JAN2012600CE.NFO,07/01/2020,10:15:09,0.85,0.85,6300,0.9,9450,0,276525
NIFTY09JAN2012600CE.NFO,07/01/2020,10:15:14,0.85,0.85,5100,0.9,9450,1200,276525
NIFTY09JAN2012600CE.NFO,07/01/2020,10:15:21,0.85,0.85,6600,0.9,9450,0,276525
NIFTY09JAN2012600CE.NFO,07/01/2020,10:15:24,0.85,0.85,5100,0.9,9450,0,276525
NIFTY09JAN2012600CE.NFO,07/01/2020,10:16:08,0.85,0.85,6675,0.9,9450,0,276525
NIFTY09JAN2012600CE.NFO,07/01/2020,10:16:10,0.85,0.85,6825,0.9,9450,0,276525
NIFTY09JAN2012600CE.NFO,07/01/2020,10:16:11,0.85,0.85,5475,0.9,9450,1200,276525
NIFTY09JAN2012600CE.NFO,07/01/2020,10:16:13,0.85,0.85,5325,0.9,9450,150,276525
NIFTY09JAN2012600CE.NFO,07/01/2020,10:16:16,0.85,0.85,3750,0.9,9450,0,276525
NIFTY09JAN2012600CE.NFO,07/01/2020,10:16:19,0.85,0.85,5325,0.9,9450,0,276525
NIFTY09JAN2012600CE.NFO,07/01/2020,10:16:21,0.85,0.85,3750,0.9,9450,0,276525
NIFTY09JAN2012600CE.NFO,07/01/2020,10:16:26,0.85,0.85,5250,0.9,9450,0,276525
NIFTY09JAN2012600CE.NFO,07/01/2020,10:16:27,0.85,0.85,5250,0.9,8025,0,276525
NIFTY09JAN2012600CE.NFO,07/01/2020,10:16:28,0.85,0.85,5400,0.9,8025,0,276525
NIFTY09JAN2012600CE.NFO,07/01/2020,10:16:35,0.85,0.85,3900,0.9,8025,0,276525
NIFTY09JAN2012600CE.NFO,07/01/2020,10:16:38,0.85,0.85,3750,0.9,8025,0,276525
NIFTY09JAN2012600CE.NFO,07/01/2020,10:16:39,0.85,0.85,3900,0.9,8025,0,276525
NIFTY09JAN2012600CE.NFO,07/01/2020,10:16:40,0.85,0.85,3750,0.9,8025,0,276525
NIFTY09JAN2012600CE.NFO,07/01/2020,10:16:41,0.85,0.85,3900,0.9,8025,0,276525
NIFTY09JAN2012600CE.NFO,07/01/2020,10:16:45,0.85,0.85,5400,0.9,8025,0,276525
NIFTY09JAN2012600CE.NFO,07/01/2020,10:16:58,0.85,0.85,3900,0.9,8025,0,276525
NIFTY09JAN2012600CE.NFO,07/01/2020,10:17:02,0.85,0.85,5400,0.9,8025,0,276525
NIFTY09JAN2012600CE.NFO,07/01/2020,10:17:03,0.85,0.85,3900,0.9,8025,0,276525
NIFTY09JAN2012600CE.NFO,07/01/2020,10:17:08,0.85,0.85,5400,0.9,8025,0,276525
NIFTY09JAN2012600CE.NFO,07/01/2020,10:17:09,0.85,0.85,3900,0.9,8025,0,276525
NIFTY09JAN2012600CE.NFO,07/01/2020,10:17:27,0.85,0.85,3750,0.9,8025,0,276525
NIFTY09JAN2012600CE.NFO,07/01/2020,10:17:28,0.85,0.85,3900,0.9,8025,0,276525
NIFTY09JAN2012600CE.NFO,07/01/2020,10:17:29,0.85,0.85,3750,0.9,8025,0,276525
NIFTY09JAN2012600CE.NFO,07/01/2020,10:17:35,0.85,0.85,5400,0.9,8025,0,276525
NIFTY09JAN2012600CE.NFO,07/01/2020,10:17:36,0.85,0.85,3900,0.9,8025,0,276525
NIFTY09JAN2012600CE.NFO,07/01/2020,10:17:38,0.85,0.85,3750,0.9,8025,0,276525
NIFTY09JAN2012600CE.NFO,07/01/2020,10:17:39,0.85,0.85,3900,0.9,8025,0,276525
NIFTY09JAN2012600CE.NFO,07/01/2020,10:17:45,0.85,0.85,3750,0.9,8025,0,276525
NIFTY09JAN2012600CE.NFO,07/01/2020,10:17:46,0.85,0.85,3900,0.9,8025,0,276525
NIFTY09JAN2012600CE.NFO,07/01/2020,10:17:47,0.85,0.85,3750,0.9,8025,0,276525
NIFTY09JAN2012600CE.NFO,07/01/2020,10:17:56,0.85,0.85,5400,0.9,8025,0,276525
NIFTY09JAN2012600CE.NFO,07/01/2020,10:17:59,0.85,0.85,3900,0.9,8025,0,276525
NIFTY09JAN2012600CE.NFO,07/01/2020,10:18:01,0.85,0.85,3750,0.9,8025,0,276525
NIFTY09JAN2012600CE.NFO,07/01/2020,10:18:04,0.85,0.85,5400,0.9,8025,0,276525
NIFTY09JAN2012600CE.NFO,07/01/2020,10:18:05,0.85,0.85,3900,0.9,8025,0,276525
NIFTY09JAN2012600CE.NFO,07/01/2020,10:18:07,0.85,0.85,3750,0.9,8025,0,276525
NIFTY09JAN2012600CE.NFO,07/01/2020,10:18:08,0.85,0.85,5400,0.9,8025,0,276525
NIFTY09JAN2012600CE.NFO,07/01/2020,10:18:09,0.85,0.85,3900,0.9,8025,0,276525
NIFTY09JAN2012600CE.NFO,07/01/2020,10:18:10,0.85,0.85,3600,0.9,8025,150,277725
NIFTY09JAN2012600CE.NFO,07/01/2020,10:18:13,0.85,0.85,5250,0.9,8025,0,277725
NIFTY09JAN2012600CE.NFO,07/01/2020,10:18:14,0.85,0.85,3750,0.9,8025,0,277725
NIFTY09JAN2012600CE.NFO,07/01/2020,10:18:16,0.85,0.85,3600,0.9,8025,0,277725
NIFTY09JAN2012600CE.NFO,07/01/2020,10:18:17,0.85,0.85,5250,0.9,8025,0,277725
NIFTY09JAN2012600CE.NFO,07/01/2020,10:18:19,0.85,0.85,2850,0.9,8025,750,277725
NIFTY09JAN2012600CE.NFO,07/01/2020,10:18:24,0.85,0.85,5250,0.9,8775,0,277725
NIFTY09JAN2012600CE.NFO,07/01/2020,10:18:28,0.85,0.85,3750,0.9,8775,0,277725
NIFTY09JAN2012600CE.NFO,07/01/2020,10:18:29,0.85,0.85,3600,0.9,8775,0,277725
NIFTY09JAN2012600CE.NFO,07/01/2020,10:18:30,0.85,0.85,5100,0.9,8775,0,277725
NIFTY09JAN2012600CE.NFO,07/01/2020,10:18:33,0.85,0.85,3750,0.9,8775,0,277725
NIFTY09JAN2012600CE.NFO,07/01/2020,10:18:38,0.85,0.85,3600,0.9,8775,0,277725
NIFTY09JAN2012600CE.NFO,07/01/2020,10:18:43,0.85,0.85,3600,0.9,11775,0,277725
NIFTY09JAN2012600CE.NFO,07/01/2020,10:18:47,0.85,0.85,5175,0.9,11775,0,277725
NIFTY09JAN2012600CE.NFO,07/01/2020,10:18:49,0.85,0.85,3600,0.9,11775,0,277725
NIFTY09JAN2012600CE.NFO,07/01/2020,10:19:01,0.85,0.85,5175,0.9,11775,0,277725
NIFTY09JAN2012600CE.NFO,07/01/2020,10:19:03,0.85,0.85,3600,0.9,11775,0,277725
NIFTY09JAN2012600CE.NFO,07/01/2020,10:19:19,0.85,0.85,5175,0.9,11775,0,277725
NIFTY09JAN2012600CE.NFO,07/01/2020,10:19:21,0.85,0.85,3600,0.9,11775,0,277725
NIFTY09JAN2012600CE.NFO,07/01/2020,10:19:24,0.85,0.85,5175,0.9,11775,0,277725
NIFTY09JAN2012600CE.NFO,07/01/2020,10:19:33,0.85,0.85,5475,0.9,11775,0,277725
NIFTY09JAN2012600CE.NFO,07/01/2020,10:19:34,0.85,0.85,3900,0.9,11775,0,277725
NIFTY09JAN2012600CE.NFO,07/01/2020,10:19:35,0.85,0.85,3600,0.9,11775,0,277725
NIFTY09JAN2012600CE.NFO,07/01/2020,10:19:38,0.85,0.85,5175,0.9,11775,0,277725
NIFTY09JAN2012600CE.NFO,07/01/2020,10:19:40,0.85,0.85,3600,0.9,11775,0,277725
NIFTY09JAN2012600CE.NFO,07/01/2020,10:19:41,0.85,0.85,3750,0.9,11775,0,277725
NIFTY09JAN2012600CE.NFO,07/01/2020,10:19:46,0.85,0.85,3600,0.9,11775,0,277725
NIFTY09JAN2012600CE.NFO,07/01/2020,10:19:49,0.85,0.85,5400,0.9,11775,0,277725
NIFTY09JAN2012600CE.NFO,07/01/2020,10:19:55,0.85,0.85,3750,0.9,11775,0,277725
NIFTY09JAN2012600CE.NFO,07/01/2020,10:19:57,0.85,0.85,5400,0.9,11775,0,277725
NIFTY09JAN2012600CE.NFO,07/01/2020,10:20:04,0.85,0.85,3750,0.9,11775,0,277725
NIFTY09JAN2012600CE.NFO,07/01/2020,10:20:20,0.85,0.85,3600,0.9,11775,0,277725
NIFTY09JAN2012600CE.NFO,07/01/2020,10:20:33,0.85,0.85,5250,0.9,11775,0,277725
NIFTY09JAN2012600CE.NFO,07/01/2020,10:20:37,0.85,0.85,3600,0.9,11775,0,277725
NIFTY09JAN2012600CE.NFO,07/01/2020,10:20:40,0.85,0.85,3750,0.9,11775,0,277725
NIFTY09JAN2012600CE.NFO,07/01/2020,10:20:43,0.85,0.85,3600,0.9,11775,0,277725
NIFTY09JAN2012600CE.NFO,07/01/2020,10:20:46,0.85,0.85,5400,0.9,11775,0,277725
NIFTY09JAN2012600CE.NFO,07/01/2020,10:20:50,0.85,0.85,3600,0.9,11775,0,277725
NIFTY09JAN2012600CE.NFO,07/01/2020,10:20:51,0.85,0.85,5250,0.9,11775,0,277725
NIFTY09JAN2012600CE.NFO,07/01/2020,10:20:52,0.85,0.85,5400,0.9,11775,0,277725
NIFTY09JAN2012600CE.NFO,07/01/2020,10:20:53,0.85,0.85,3600,0.9,11775,0,277725
NIFTY09JAN2012600CE.NFO,07/01/2020,10:20:57,0.85,0.85,5250,0.9,11775,0,277725
NIFTY09JAN2012600CE.NFO,07/01/2020,10:20:58,0.85,0.85,5400,0.9,11775,0,277725
NIFTY09JAN2012600CE.NFO,07/01/2020,10:21:09,0.85,0.85,3750,0.9,11775,0,277725
NIFTY09JAN2012600CE.NFO,07/01/2020,10:21:10,0.85,0.85,3600,0.9,11775,0,277725
NIFTY09JAN2012600CE.NFO,07/01/2020,10:21:13,0.85,0.85,3750,0.9,11775,0,277725
NIFTY09JAN2012600CE.NFO,07/01/2020,10:21:18,0.85,0.85,3600,0.9,11775,0,277725
NIFTY09JAN2012600CE.NFO,07/01/2020,10:21:20,0.85,0.85,5400,0.9,11775,0,277725
NIFTY09JAN2012600CE.NFO,07/01/2020,10:21:22,0.85,0.85,3750,0.9,11775,0,277725
NIFTY09JAN2012600CE.NFO,07/01/2020,10:21:25,0.85,0.85,5400,0.9,11775,0,277725
NIFTY09JAN2012600CE.NFO,07/01/2020,10:21:30,0.85,0.85,3750,0.9,11775,0,277725
NIFTY09JAN2012600CE.NFO,07/01/2020,10:21:33,0.85,0.85,3600,0.9,11775,0,277725
NIFTY09JAN2012600CE.NFO,07/01/2020,10:21:34,0.85,0.85,5250,0.9,11775,0,277725
NIFTY09JAN2012600CE.NFO,07/01/2020,10:21:35,0.85,0.85,5400,0.9,11775,0,277725
NIFTY09JAN2012600CE.NFO,07/01/2020,10:21:46,0.85,0.85,3750,0.9,11775,0,277725
NIFTY09JAN2012600CE.NFO,07/01/2020,10:21:49,0.85,0.85,5400,0.9,11775,0,277725
NIFTY09JAN2012600CE.NFO,07/01/2020,10:21:51,0.85,0.85,3750,0.9,11775,0,277725
NIFTY09JAN2012600CE.NFO,07/01/2020,10:21:53,0.85,0.85,3600,0.9,11775,0,277725
NIFTY09JAN2012600CE.NFO,07/01/2020,10:21:55,0.85,0.85,3750,0.9,11775,0,277725
NIFTY09JAN2012600CE.NFO,07/01/2020,10:22:08,0.85,0.85,3600,0.9,11775,0,277725
NIFTY09JAN2012600CE.NFO,07/01/2020,10:22:12,0.85,0.85,3750,0.9,11775,0,277725
NIFTY09JAN2012600CE.NFO,07/01/2020,10:22:14,0.85,0.85,3600,0.9,11775,0,277725
NIFTY09JAN2012600CE.NFO,07/01/2020,10:22:15,0.85,0.85,5400,0.9,11775,0,277725
NIFTY09JAN2012600CE.NFO,07/01/2020,10:22:29,0.85,0.85,3750,0.9,11775,0,277725
NIFTY09JAN2012600CE.NFO,07/01/2020,10:22:39,0.85,0.85,3600,0.9,11775,0,277725
NIFTY09JAN2012600CE.NFO,07/01/2020,10:22:42,0.85,0.85,3750,0.9,11775,0,277725
NIFTY09JAN2012600CE.NFO,07/01/2020,10:22:45,0.85,0.85,3600,0.9,11775,0,277725
NIFTY09JAN2012600CE.NFO,07/01/2020,10:23:00,0.85,0.85,5250,0.9,11775,0,277725
NIFTY09JAN2012600CE.NFO,07/01/2020,10:23:03,0.85,0.85,5400,0.9,11775,0,277725
NIFTY09JAN2012600CE.NFO,07/01/2020,10:23:06,0.85,0.85,5250,0.9,11775,0,277725
NIFTY09JAN2012600CE.NFO,07/01/2020,10:23:07,0.85,0.85,5400,0.9,11775,0,277725
NIFTY09JAN2012600CE.NFO,07/01/2020,10:23:09,0.85,0.85,3600,0.9,11775,0,277725
NIFTY09JAN2012600CE.NFO,07/01/2020,10:23:17,0.85,0.85,5400,0.9,11775,0,277725
NIFTY09JAN2012600CE.NFO,07/01/2020,10:23:18,0.85,0.85,3600,0.9,11775,0,277725
NIFTY09JAN2012600CE.NFO,07/01/2020,10:23:21,0.85,0.85,5400,0.9,11775,0,277725
NIFTY09JAN2012600CE.NFO,07/01/2020,10:23:26,0.85,0.85,3750,0.9,11775,0,277725
NIFTY09JAN2012600CE.NFO,07/01/2020,10:23:27,0.85,0.85,3600,0.9,11775,0,277725
NIFTY09JAN2012600CE.NFO,07/01/2020,10:23:30,0.85,0.85,3750,0.9,11775,0,277725
NIFTY09JAN2012600CE.NFO,07/01/2020,10:23:33,0.85,0.85,3600,0.9,11775,0,277725
NIFTY09JAN2012600CE.NFO,07/01/2020,10:23:41,0.85,0.85,600,0.9,11775,3000,277875
NIFTY09JAN2012600CE.NFO,07/01/2020,10:23:53,0.85,0.8,3150,0.85,8100,600,277875
NIFTY09JAN2012600CE.NFO,07/01/2020,10:23:54,0.85,0.8,3150,0.85,9600,0,277875
NIFTY09JAN2012600CE.NFO,07/01/2020,10:24:21,0.85,0.8,5250,0.85,9600,0,277875
NIFTY09JAN2012600CE.NFO,07/01/2020,10:24:24,0.85,0.8,3000,0.85,9600,0,277875
NIFTY09JAN2012600CE.NFO,07/01/2020,10:24:31,0.85,0.8,3000,0.85,9750,0,277875
NIFTY09JAN2012600CE.NFO,07/01/2020,10:24:33,0.85,0.8,5250,0.85,9600,0,277875
NIFTY09JAN2012600CE.NFO,07/01/2020,10:24:36,0.85,0.8,3000,0.85,9900,0,277875
NIFTY09JAN2012600CE.NFO,07/01/2020,10:24:37,0.85,0.8,5175,0.85,9900,0,277875
NIFTY09JAN2012600CE.NFO,07/01/2020,10:24:38,0.85,0.8,5325,0.85,9600,0,277875
NIFTY09JAN2012600CE.NFO,07/01/2020,10:24:39,0.85,0.8,5475,0.85,9600,0,277875
NIFTY09JAN2012600CE.NFO,07/01/2020,10:24:40,0.85,0.8,3300,0.85,9600,0,277875
NIFTY09JAN2012600CE.NFO,07/01/2020,10:24:41,0.85,0.8,5475,0.85,9600,0,277875
NIFTY09JAN2012600CE.NFO,07/01/2020,10:24:45,0.85,0.8,3000,0.85,9600,0,277875
NIFTY09JAN2012600CE.NFO,07/01/2020,10:24:46,0.85,0.8,3000,0.85,9750,0,277875
NIFTY09JAN2012600CE.NFO,07/01/2020,10:24:47,0.85,0.8,5325,0.85,9600,0,277875
NIFTY09JAN2012600CE.NFO,07/01/2020,10:24:48,0.85,0.8,3000,0.85,9600,0,277875
NIFTY09JAN2012600CE.NFO,07/01/2020,10:24:50,0.85,0.8,3000,0.85,9900,0,277875
NIFTY09JAN2012600CE.NFO,07/01/2020,10:24:52,0.85,0.8,1500,0.85,9900,0,277875
NIFTY09JAN2012600CE.NFO,07/01/2020,10:24:54,0.85,0.8,3825,0.85,9600,0,277875
NIFTY09JAN2012600CE.NFO,07/01/2020,10:24:55,0.85,0.8,1500,0.85,9750,0,277875
NIFTY09JAN2012600CE.NFO,07/01/2020,10:25:13,0.85,0.8,3600,0.85,9750,0,277875
NIFTY09JAN2012600CE.NFO,07/01/2020,10:25:15,0.85,0.8,3600,0.85,9600,0,277875
NIFTY09JAN2012600CE.NFO,07/01/2020,10:25:17,0.85,0.8,1500,0.85,9750,0,277875
NIFTY09JAN2012600CE.NFO,07/01/2020,10:25:22,0.85,0.8,1500,0.85,11250,0,277875
NIFTY09JAN2012600CE.NFO,07/01/2020,10:25:26,0.85,0.8,3600,0.85,11250,0,277875
NIFTY09JAN2012600CE.NFO,07/01/2020,10:25:27,0.85,0.8,1500,0.85,11250,0,277875
NIFTY09JAN2012600CE.NFO,07/01/2020,10:25:42,0.85,0.8,3525,0.85,11250,0,277875
NIFTY09JAN2012600CE.NFO,07/01/2020,10:25:48,0.85,0.8,1500,0.85,11250,0,277875
NIFTY09JAN2012600CE.NFO,07/01/2020,10:25:49,0.85,0.8,3450,0.85,11250,0,277875
NIFTY09JAN2012600CE.NFO,07/01/2020,10:26:08,0.85,0.8,1500,0.85,11250,0,277875
NIFTY09JAN2012600CE.NFO,07/01/2020,10:26:13,0.85,0.8,3450,0.85,11250,0,277875
NIFTY09JAN2012600CE.NFO,07/01/2020,10:26:14,0.85,0.8,1500,0.85,11250,0,277875
NIFTY09JAN2012600CE.NFO,07/01/2020,10:26:21,0.85,0.8,3450,0.85,11250,0,277875
NIFTY09JAN2012600CE.NFO,07/01/2020,10:26:23,0.85,0.8,3450,0.85,11100,0,277875
NIFTY09JAN2012600CE.NFO,07/01/2020,10:26:24,0.85,0.8,1500,0.85,11400,0,277875
NIFTY09JAN2012600CE.NFO,07/01/2020,10:26:28,0.85,0.8,3450,0.85,11400,0,277875
NIFTY09JAN2012600CE.NFO,07/01/2020,10:26:37,0.85,0.8,1500,0.85,11400,0,277875
NIFTY09JAN2012600CE.NFO,07/01/2020,10:26:48,0.85,0.8,3450,0.85,11400,0,277875
NIFTY09JAN2012600CE.NFO,07/01/2020,10:26:52,0.85,0.8,3450,0.85,11100,0,277875
NIFTY09JAN2012600CE.NFO,07/01/2020,10:26:54,0.85,0.8,3450,0.85,11400,0,277875
NIFTY09JAN2012600CE.NFO,07/01/2020,10:27:07,0.85,0.8,1500,0.85,11400,0,277875
NIFTY09JAN2012600CE.NFO,07/01/2020,10:27:21,0.85,0.8,3450,0.85,11400,0,277875
NIFTY09JAN2012600CE.NFO,07/01/2020,10:27:22,0.85,0.8,3600,0.85,11100,0,277875
NIFTY09JAN2012600CE.NFO,07/01/2020,10:27:24,0.85,0.8,1650,0.85,11100,0,277875
NIFTY09JAN2012600CE.NFO,07/01/2020,10:27:26,0.8,0.8,1200,0.85,11250,300,280875
NIFTY09JAN2012600CE.NFO,07/01/2020,10:27:28,0.8,0.8,3150,0.85,11250,0,280875
NIFTY09JAN2012600CE.NFO,07/01/2020,10:27:29,0.8,0.8,1200,0.85,11250,0,280875
NIFTY09JAN2012600CE.NFO,07/01/2020,10:27:34,0.8,0.8,3150,0.85,11250,0,280875
NIFTY09JAN2012600CE.NFO,07/01/2020,10:27:43,0.8,0.8,1200,0.85,11400,0,280875
NIFTY09JAN2012600CE.NFO,07/01/2020,10:27:46,0.8,0.75,8175,0.85,11400,0,280875
NIFTY09JAN2012600CE.NFO,07/01/2020,10:27:48,0.8,0.8,75,0.85,11400,0,280875
