Ticker,Date,Time,LTP,BuyPrice,BuyQty,SellPrice,SellQty,LTQ,OpenInterest
NIFTY26MAR2013000CE.NFO,07/01/2020,09:15:28,51.1,41.35,225,53.8,225,150,424500
NIFTY26MAR2013000CE.NFO,07/01/2020,09:15:28,51.1,41.35,225,53.8,225,0,424500
NIFTY26MAR2013000CE.NFO,07/01/2020,09:15:28,51.1,41.35,225,53.8,225,0,424500
NIFTY26MAR2013000CE.NFO,07/01/2020,09:15:28,51.1,41.35,225,53.8,225,0,424500
NIFTY26MAR2013000CE.NFO,07/01/2020,09:15:30,51.1,43,375,53.5,150,0,424500
NIFTY26MAR2013000CE.NFO,07/01/2020,09:15:31,51.1,43,375,53.1,150,0,424500
NIFTY26MAR2013000CE.NFO,07/01/2020,09:15:32,51.1,43,375,52.9,375,0,424500
NIFTY26MAR2013000CE.NFO,07/01/2020,09:15:33,51.1,43,375,52.4,150,0,424500
NIFTY26MAR2013000CE.NFO,07/01/2020,09:15:34,51.1,43,375,50,75,0,424500
NIFTY26MAR2013000CE.NFO,07/01/2020,09:15:35,51.1,43,375,51.15,75,0,424500
NIFTY26MAR2013000CE.NFO,07/01/2020,09:15:36,51.1,43,375,49.95,150,0,424500
NIFTY26MAR2013000CE.NFO,07/01/2020,09:15:37,51.1,43,375,49.95,225,0,424500
NIFTY26MAR2013000CE.NFO,07/01/2020,09:15:38,51.1,43,375,49.85,225,0,424500
NIFTY26MAR2013000CE.NFO,07/01/2020,09:15:39,51.1,43,375,49.75,225,0,424500
NIFTY26MAR2013000CE.NFO,07/01/2020,09:15:40,51.1,43,375,49.65,150,0,424500
NIFTY26MAR2013000CE.NFO,07/01/2020,09:15:41,51.1,43,375,49.45,225,0,424500
NIFTY26MAR2013000CE.NFO,07/01/2020,09:15:42,51.1,43,375,49.25,150,0,424500
NIFTY26MAR2013000CE.NFO,07/01/2020,09:15:43,51.1,43,375,49.15,150,0,424500
NIFTY26MAR2013000CE.NFO,07/01/2020,09:15:44,51.1,43.75,225,49.05,225,0,424500
NIFTY26MAR2013000CE.NFO,07/01/2020,09:15:45,51.1,44.3,150,48.85,225,0,424500
NIFTY26MAR2013000CE.NFO,07/01/2020,09:15:46,51.1,44.75,225,48.65,225,0,424500
NIFTY26MAR2013000CE.NFO,07/01/2020,09:15:47,51.1,44.75,225,48.45,225,0,424500
NIFTY26MAR2013000CE.NFO,07/01/2020,09:15:48,51.1,45.65,225,48.25,225,0,424500
NIFTY26MAR2013000CE.NFO,07/01/2020,09:15:50,51.1,46.15,225,47.95,225,0,424500
NIFTY26MAR2013000CE.NFO,07/01/2020,09:15:51,46.6,46.6,150,51.6,75,150,424500
NIFTY26MAR2013000CE.NFO,07/01/2020,09:15:51,46.6,46.6,150,51.6,75,0,424500
NIFTY26MAR2013000CE.NFO,07/01/2020,09:15:52,46.6,46.6,225,50,75,0,424500
NIFTY26MAR2013000CE.NFO,07/01/2020,09:15:53,46.6,46.6,225,49.75,225,0,424500
NIFTY26MAR2013000CE.NFO,07/01/2020,09:15:54,46.6,46.6,225,49.55,225,0,424500
NIFTY26MAR2013000CE.NFO,07/01/2020,09:15:55,46.6,46.6,225,49.35,225,0,424500
NIFTY26MAR2013000CE.NFO,07/01/2020,09:15:57,46.6,46.6,225,48.95,225,0,424500
NIFTY26MAR2013000CE.NFO,07/01/2020,09:15:58,46.6,46.55,225,48.75,225,150,424500
NIFTY26MAR2013000CE.NFO,07/01/2020,09:15:59,46.6,46.55,225,48.55,225,0,424500
NIFTY26MAR2013000CE.NFO,07/01/2020,09:16:01,46.6,46.55,225,53.35,150,0,424500
NIFTY26MAR2013000CE.NFO,07/01/2020,09:16:02,48.05,47,375,50.15,225,150,424500
NIFTY26MAR2013000CE.NFO,07/01/2020,09:16:03,48.05,47,375,51.85,75,0,424500
NIFTY26MAR2013000CE.NFO,07/01/2020,09:16:04,48.05,47,375,51.55,225,0,424500
NIFTY26MAR2013000CE.NFO,07/01/2020,09:16:05,48.05,47,375,51.25,225,0,424500
NIFTY26MAR2013000CE.NFO,07/01/2020,09:16:06,48.05,47.05,75,50.95,150,0,424500
NIFTY26MAR2013000CE.NFO,07/01/2020,09:16:08,48.05,47.05,75,52.25,150,0,424500
NIFTY26MAR2013000CE.NFO,07/01/2020,09:16:09,48.05,47.05,225,51.35,150,0,424500
NIFTY26MAR2013000CE.NFO,07/01/2020,09:16:10,48.05,47.55,225,50.85,225,0,424500
NIFTY26MAR2013000CE.NFO,07/01/2020,09:16:11,48.05,47.55,225,50.55,225,0,424500
NIFTY26MAR2013000CE.NFO,07/01/2020,09:16:12,48.05,47.55,225,50.25,225,0,424500
NIFTY26MAR2013000CE.NFO,07/01/2020,09:16:13,48.05,47.55,225,50.05,225,0,424500
NIFTY26MAR2013000CE.NFO,07/01/2020,09:16:14,48.05,47.85,225,49.8,225,0,424500
NIFTY26MAR2013000CE.NFO,07/01/2020,09:16:15,47.85,47.45,225,49.85,225,150,424500
NIFTY26MAR2013000CE.NFO,07/01/2020,09:16:16,47.85,47.45,225,49.65,225,0,424500
NIFTY26MAR2013000CE.NFO,07/01/2020,09:16:18,47.85,47.45,225,49.45,75,0,424500
NIFTY26MAR2013000CE.NFO,07/01/2020,09:16:19,47.85,47.45,225,49.75,150,0,424500
NIFTY26MAR2013000CE.NFO,07/01/2020,09:16:20,47.85,47.45,225,49.95,75,0,424500
NIFTY26MAR2013000CE.NFO,07/01/2020,09:16:23,47.85,47.45,225,51.7,75,0,424500
NIFTY26MAR2013000CE.NFO,07/01/2020,09:16:24,47.85,47.45,225,51.4,225,0,424500
NIFTY26MAR2013000CE.NFO,07/01/2020,09:16:26,48.05,48.05,150,51.1,225,75,424500
NIFTY26MAR2013000CE.NFO,07/01/2020,09:16:27,48.05,48.05,150,51,225,0,424500
NIFTY26MAR2013000CE.NFO,07/01/2020,09:16:29,48.05,48.05,150,52.55,150,0,424500
NIFTY26MAR2013000CE.NFO,07/01/2020,09:16:30,48.05,48.05,150,52.5,75,0,424500
NIFTY26MAR2013000CE.NFO,07/01/2020,09:16:31,48.05,48.05,150,52.2,225,0,424500
NIFTY26MAR2013000CE.NFO,07/01/2020,09:16:32,48.05,48.05,150,52.05,225,0,424500
NIFTY26MAR2013000CE.NFO,07/01/2020,09:16:34,54.5,48.95,825,54.05,225,1200,424500
NIFTY26MAR2013000CE.NFO,07/01/2020,09:16:34,54.5,48.95,825,54.05,225,0,424500
NIFTY26MAR2013000CE.NFO,07/01/2020,09:16:35,54.5,49.3,825,52.95,75,0,424500
NIFTY26MAR2013000CE.NFO,07/01/2020,09:16:36,54.5,49.85,900,52.65,75,0,424500
NIFTY26MAR2013000CE.NFO,07/01/2020,09:16:38,54.5,49.9,900,54.75,75,0,424500
NIFTY26MAR2013000CE.NFO,07/01/2020,09:16:39,54.5,50.3,825,53.7,75,0,424500
NIFTY26MAR2013000CE.NFO,07/01/2020,09:16:40,54.5,50.55,825,52.7,75,0,424500
NIFTY26MAR2013000CE.NFO,07/01/2020,09:16:41,50.55,50.7,675,52.7,75,150,424500
NIFTY26MAR2013000CE.NFO,07/01/2020,09:16:42,50.95,51.15,300,54.35,75,450,424500
NIFTY26MAR2013000CE.NFO,07/01/2020,09:16:43,50.95,51.45,225,52.95,75,0,424500
NIFTY26MAR2013000CE.NFO,07/01/2020,09:16:45,50.95,51.9,300,53,75,0,424500
NIFTY26MAR2013000CE.NFO,07/01/2020,09:16:46,50.95,52.2,225,53.7,75,0,424500
NIFTY26MAR2013000CE.NFO,07/01/2020,09:16:47,50.95,52.2,300,53.4,75,0,424500
NIFTY26MAR2013000CE.NFO,07/01/2020,09:16:48,50.95,52.45,225,53.6,150,0,424500
NIFTY26MAR2013000CE.NFO,07/01/2020,09:16:49,50.95,52.5,225,53.3,75,0,424500
NIFTY26MAR2013000CE.NFO,07/01/2020,09:16:50,52.5,52.55,75,53.4,75,150,424500
NIFTY26MAR2013000CE.NFO,07/01/2020,09:16:51,52.5,52.45,150,53.8,150,0,424500
NIFTY26MAR2013000CE.NFO,07/01/2020,09:16:52,52.5,52.65,75,53,150,0,424500
NIFTY26MAR2013000CE.NFO,07/01/2020,09:16:53,52.5,52.9,75,53,150,0,424500
NIFTY26MAR2013000CE.NFO,07/01/2020,09:16:55,53,50.9,75,53,75,75,424500
NIFTY26MAR2013000CE.NFO,07/01/2020,09:16:57,53,48.05,75,53,150,0,424500
NIFTY26MAR2013000CE.NFO,07/01/2020,09:17:06,53,48.1,900,53,150,0,424500
NIFTY26MAR2013000CE.NFO,07/01/2020,09:17:07,53,48.1,975,53,150,0,424500
NIFTY26MAR2013000CE.NFO,07/01/2020,09:17:12,53,50,225,53,150,0,424500
NIFTY26MAR2013000CE.NFO,07/01/2020,09:17:18,53,50,225,53,75,0,424500
NIFTY26MAR2013000CE.NFO,07/01/2020,09:17:19,50,50,150,53,75,75,425625
NIFTY26MAR2013000CE.NFO,07/01/2020,09:17:23,50,50,150,52.5,75,0,425625
NIFTY26MAR2013000CE.NFO,07/01/2020,09:17:26,50,51,375,52.5,75,0,425625
NIFTY26MAR2013000CE.NFO,07/01/2020,09:17:36,50,51,375,52,75,0,425625
NIFTY26MAR2013000CE.NFO,07/01/2020,09:17:37,51,51,225,52,75,150,425625
NIFTY26MAR2013000CE.NFO,07/01/2020,09:17:38,51,51,225,52,75,0,425625
NIFTY26MAR2013000CE.NFO,07/01/2020,09:17:42,51.05,51.05,225,52,75,750,425625
NIFTY26MAR2013000CE.NFO,07/01/2020,09:17:44,51.05,51.05,225,52,75,0,425625
NIFTY26MAR2013000CE.NFO,07/01/2020,09:17:46,51.05,51.05,75,52,75,0,425625
NIFTY26MAR2013000CE.NFO,07/01/2020,09:17:50,51.05,51.05,75,52.5,75,0,425625
NIFTY26MAR2013000CE.NFO,07/01/2020,09:18:03,51.25,51,150,52.5,75,375,425625
NIFTY26MAR2013000CE.NFO,07/01/2020,09:18:04,51,48.1,150,52.5,75,150,425625
NIFTY26MAR2013000CE.NFO,07/01/2020,09:18:05,51,48.1,150,52,4500,0,425625
NIFTY26MAR2013000CE.NFO,07/01/2020,09:18:10,51,48.3,150,52,4500,0,425625
NIFTY26MAR2013000CE.NFO,07/01/2020,09:18:12,51,48.3,150,51.5,75,0,425625
NIFTY26MAR2013000CE.NFO,07/01/2020,09:18:14,51.5,48.3,150,52,4500,75,425625
NIFTY26MAR2013000CE.NFO,07/01/2020,09:18:15,51.5,48.3,150,52,4500,0,425625
NIFTY26MAR2013000CE.NFO,07/01/2020,09:18:16,51.5,49.1,150,52,4500,0,425625
NIFTY26MAR2013000CE.NFO,07/01/2020,09:18:19,51.5,49.1,150,51.5,300,0,425625
NIFTY26MAR2013000CE.NFO,07/01/2020,09:18:23,51.5,49.2,900,51.5,300,0,425625
NIFTY26MAR2013000CE.NFO,07/01/2020,09:18:24,51.5,49.3,150,51.5,300,0,425625
NIFTY26MAR2013000CE.NFO,07/01/2020,09:18:35,51.5,49.3,150,52,4500,0,425625
NIFTY26MAR2013000CE.NFO,07/01/2020,09:18:39,51.5,51.5,150,52,4500,0,425625
NIFTY26MAR2013000CE.NFO,07/01/2020,09:18:43,51.5,49.3,150,52,4500,150,425625
NIFTY26MAR2013000CE.NFO,07/01/2020,09:18:44,51.5,49.3,150,51.5,4500,0,425625
NIFTY26MAR2013000CE.NFO,07/01/2020,09:18:53,51.5,49.3,150,51.5,4425,75,425625
NIFTY26MAR2013000CE.NFO,07/01/2020,09:18:55,51.5,49.3,150,51.5,4425,0,425625
NIFTY26MAR2013000CE.NFO,07/01/2020,09:19:03,51.5,49.3,150,51,150,0,425625
NIFTY26MAR2013000CE.NFO,07/01/2020,09:19:07,51.5,50,75,51,150,0,425625
NIFTY26MAR2013000CE.NFO,07/01/2020,09:19:13,51.5,50.1,150,51,150,0,425625
NIFTY26MAR2013000CE.NFO,07/01/2020,09:19:15,51.5,50.1,150,50.9,4425,0,425625
NIFTY26MAR2013000CE.NFO,07/01/2020,09:19:16,51.5,50,75,50.9,4425,0,425625
NIFTY26MAR2013000CE.NFO,07/01/2020,09:19:22,50.1,50,75,50.1,225,75,425625
NIFTY26MAR2013000CE.NFO,07/01/2020,09:19:23,50.1,50,75,50.1,225,0,425625
NIFTY26MAR2013000CE.NFO,07/01/2020,09:19:34,50,49.05,900,50.1,225,75,425625
NIFTY26MAR2013000CE.NFO,07/01/2020,09:19:35,50,49.15,150,50.1,225,0,425625
NIFTY26MAR2013000CE.NFO,07/01/2020,09:19:38,50.1,49.15,150,50.1,75,150,425625
NIFTY26MAR2013000CE.NFO,07/01/2020,09:19:39,50.1,49.15,150,50.9,4425,75,425625
NIFTY26MAR2013000CE.NFO,07/01/2020,09:19:40,50.1,49.15,150,50.9,4425,0,425625
NIFTY26MAR2013000CE.NFO,07/01/2020,09:20:01,50.1,49.15,150,50.75,750,0,425625
NIFTY26MAR2013000CE.NFO,07/01/2020,09:20:19,49,48.15,75,49,1725,1275,425775
NIFTY26MAR2013000CE.NFO,07/01/2020,09:20:19,49,48.1,75,49,1725,0,425775
NIFTY26MAR2013000CE.NFO,07/01/2020,09:20:21,49,48,450,49,1725,0,425775
NIFTY26MAR2013000CE.NFO,07/01/2020,09:20:24,49,48.1,150,49,1725,0,425775
NIFTY26MAR2013000CE.NFO,07/01/2020,09:20:25,49,48,450,49,1725,0,425775
NIFTY26MAR2013000CE.NFO,07/01/2020,09:20:26,49,48.1,75,49,1725,0,425775
NIFTY26MAR2013000CE.NFO,07/01/2020,09:20:26,49,48.15,75,49,1725,0,425775
NIFTY26MAR2013000CE.NFO,07/01/2020,09:20:29,48,47.2,3150,48,225,1125,425775
NIFTY26MAR2013000CE.NFO,07/01/2020,09:20:30,48,47.6,150,48,225,0,425775
NIFTY26MAR2013000CE.NFO,07/01/2020,09:20:30,48,47.75,75,48,150,75,425775
NIFTY26MAR2013000CE.NFO,07/01/2020,09:20:32,48,47.5,75,48,75,75,425775
NIFTY26MAR2013000CE.NFO,07/01/2020,09:20:33,48,48,75,49,1125,75,425775
NIFTY26MAR2013000CE.NFO,07/01/2020,09:20:34,49,48.1,75,49,975,150,425775
NIFTY26MAR2013000CE.NFO,07/01/2020,09:20:34,49,48.1,75,49,375,600,425775
NIFTY26MAR2013000CE.NFO,07/01/2020,09:20:36,49,48.1,75,49,225,150,425775
NIFTY26MAR2013000CE.NFO,07/01/2020,09:20:37,49,47.2,150,49,225,0,425775
NIFTY26MAR2013000CE.NFO,07/01/2020,09:20:38,49,47.6,75,49,225,0,425775
NIFTY26MAR2013000CE.NFO,07/01/2020,09:20:39,49,49,375,50.75,750,225,425775
NIFTY26MAR2013000CE.NFO,07/01/2020,09:20:40,49,47.1,75,50.75,750,0,425775
NIFTY26MAR2013000CE.NFO,07/01/2020,09:20:41,49,47.45,150,50.75,750,0,425775
NIFTY26MAR2013000CE.NFO,07/01/2020,09:20:42,49,47.25,150,50.75,750,0,425775
NIFTY26MAR2013000CE.NFO,07/01/2020,09:20:43,49,47.6,75,50.75,750,0,425775
NIFTY26MAR2013000CE.NFO,07/01/2020,09:20:44,49,47.1,75,50.75,750,0,425775
NIFTY26MAR2013000CE.NFO,07/01/2020,09:20:45,49,47.4,75,50.75,750,0,425775
NIFTY26MAR2013000CE.NFO,07/01/2020,09:20:46,49,48.05,300,50.75,750,0,425775
NIFTY26MAR2013000CE.NFO,07/01/2020,09:20:49,49,48.1,600,50.75,750,0,425775
NIFTY26MAR2013000CE.NFO,07/01/2020,09:20:53,49,48.15,300,50.75,750,0,425775
NIFTY26MAR2013000CE.NFO,07/01/2020,09:20:56,49,48.25,600,50.75,750,0,425775
NIFTY26MAR2013000CE.NFO,07/01/2020,09:20:59,49,48.3,300,50.75,750,0,425775
NIFTY26MAR2013000CE.NFO,07/01/2020,09:21:10,49,48.3,300,50,75,0,425775
NIFTY26MAR2013000CE.NFO,07/01/2020,09:21:16,49,48.5,75,50,75,0,425775
NIFTY26MAR2013000CE.NFO,07/01/2020,09:21:19,49,48.65,150,50,75,0,425775
NIFTY26MAR2013000CE.NFO,07/01/2020,09:21:20,49,48.85,75,50,75,0,425775
NIFTY26MAR2013000CE.NFO,07/01/2020,09:21:22,49,48.65,75,50,75,0,425775
NIFTY26MAR2013000CE.NFO,07/01/2020,09:21:23,49,49,300,50,75,0,425775
NIFTY26MAR2013000CE.NFO,07/01/2020,09:21:24,49,48.7,75,49,450,300,425775
NIFTY26MAR2013000CE.NFO,07/01/2020,09:21:25,49,48.8,75,49,450,0,425775
NIFTY26MAR2013000CE.NFO,07/01/2020,09:21:29,49,48.8,75,49,225,225,425775
NIFTY26MAR2013000CE.NFO,07/01/2020,09:21:30,49,49,75,50,75,225,425775
NIFTY26MAR2013000CE.NFO,07/01/2020,09:21:31,49,49,75,50,75,0,425775
NIFTY26MAR2013000CE.NFO,07/01/2020,09:21:44,49,48.75,150,50,75,0,425775
NIFTY26MAR2013000CE.NFO,07/01/2020,09:21:45,49,49,75,50,75,0,425775
NIFTY26MAR2013000CE.NFO,07/01/2020,09:21:46,49,48.9,75,50,75,0,425775
NIFTY26MAR2013000CE.NFO,07/01/2020,09:21:47,49,48.8,75,50,75,0,425775
NIFTY26MAR2013000CE.NFO,07/01/2020,09:21:49,49,48.9,75,50,75,0,425775
NIFTY26MAR2013000CE.NFO,07/01/2020,09:21:50,49,49,300,50,75,0,425775
NIFTY26MAR2013000CE.NFO,07/01/2020,09:21:52,50,49,300,50.7,75,75,425775
NIFTY26MAR2013000CE.NFO,07/01/2020,09:21:53,50,49,300,50.7,75,0,425775
NIFTY26MAR2013000CE.NFO,07/01/2020,09:21:54,50,49,300,50.7,150,0,425775
NIFTY26MAR2013000CE.NFO,07/01/2020,09:21:55,50,49,75,50.7,150,0,425775
NIFTY26MAR2013000CE.NFO,07/01/2020,09:21:56,50,48.85,75,50.7,150,0,425775
NIFTY26MAR2013000CE.NFO,07/01/2020,09:21:57,50,48.75,75,50.7,150,0,425775
NIFTY26MAR2013000CE.NFO,07/01/2020,09:21:59,50,48.85,75,50.7,150,0,425775
NIFTY26MAR2013000CE.NFO,07/01/2020,09:22:00,50,48.75,75,50.7,150,0,425775
NIFTY26MAR2013000CE.NFO,07/01/2020,09:22:01,50,49,75,50.7,150,0,425775
NIFTY26MAR2013000CE.NFO,07/01/2020,09:22:03,50,49.05,300,50.7,150,0,425775
NIFTY26MAR2013000CE.NFO,07/01/2020,09:22:05,50,49.15,75,50.75,750,0,425775
NIFTY26MAR2013000CE.NFO,07/01/2020,09:22:06,50,49.05,300,50.75,750,0,425775
NIFTY26MAR2013000CE.NFO,07/01/2020,09:22:10,50,49.1,300,50.75,750,0,425775
NIFTY26MAR2013000CE.NFO,07/01/2020,09:22:13,50,49.15,300,50.75,750,0,425775
NIFTY26MAR2013000CE.NFO,07/01/2020,09:22:18,50,49.25,75,50.75,750,0,425775
NIFTY26MAR2013000CE.NFO,07/01/2020,09:22:22,50,49.3,75,50.75,750,0,425775
NIFTY26MAR2013000CE.NFO,07/01/2020,09:22:23,50.75,49.4,75,50.75,675,75,425775
NIFTY26MAR2013000CE.NFO,07/01/2020,09:22:24,50.75,49.5,75,50.75,675,0,425775
NIFTY26MAR2013000CE.NFO,07/01/2020,09:22:30,50.75,49.55,300,50.75,675,0,425775
NIFTY26MAR2013000CE.NFO,07/01/2020,09:22:34,50.75,49.65,75,50.75,675,0,425775
NIFTY26MAR2013000CE.NFO,07/01/2020,09:22:36,50.75,49.55,300,50.75,675,0,425775
NIFTY26MAR2013000CE.NFO,07/01/2020,09:22:38,50.75,49.6,75,50.75,675,0,425775
NIFTY26MAR2013000CE.NFO,07/01/2020,09:22:39,50.75,50,75,50.75,675,0,425775
NIFTY26MAR2013000CE.NFO,07/01/2020,09:22:41,50.75,50,300,50.75,675,0,425775
NIFTY26MAR2013000CE.NFO,07/01/2020,09:22:43,50.75,50,75,50.75,675,0,425775
NIFTY26MAR2013000CE.NFO,07/01/2020,09:23:07,50,49.15,225,50.75,675,75,425775
NIFTY26MAR2013000CE.NFO,07/01/2020,09:23:08,50,49.5,75,50.75,675,0,425775
NIFTY26MAR2013000CE.NFO,07/01/2020,09:23:10,50,50,75,50.75,675,0,425775
NIFTY26MAR2013000CE.NFO,07/01/2020,09:23:13,50,50.05,75,50.75,675,0,425775
NIFTY26MAR2013000CE.NFO,07/01/2020,09:23:14,50.75,50.05,75,50.75,600,75,429600
NIFTY26MAR2013000CE.NFO,07/01/2020,09:23:16,50.75,50.1,75,50.75,600,0,429600
NIFTY26MAR2013000CE.NFO,07/01/2020,09:23:17,50.75,50.1,375,50.75,600,0,429600
NIFTY26MAR2013000CE.NFO,07/01/2020,09:23:21,50.75,50.15,300,50.75,600,0,429600
NIFTY26MAR2013000CE.NFO,07/01/2020,09:23:23,50.75,50.25,75,50.75,600,0,429600
NIFTY26MAR2013000CE.NFO,07/01/2020,09:23:25,50.75,50.25,75,50.75,525,75,429600
NIFTY26MAR2013000CE.NFO,07/01/2020,09:23:26,50.75,50.25,75,50.75,525,0,429600
NIFTY26MAR2013000CE.NFO,07/01/2020,09:23:29,50.75,50.45,75,50.75,525,0,429600
NIFTY26MAR2013000CE.NFO,07/01/2020,09:23:30,50.75,50.25,75,50.75,525,0,429600
NIFTY26MAR2013000CE.NFO,07/01/2020,09:23:31,50.75,50.3,75,50.75,525,0,429600
NIFTY26MAR2013000CE.NFO,07/01/2020,09:23:36,50.75,50.4,75,50.75,525,0,429600
NIFTY26MAR2013000CE.NFO,07/01/2020,09:23:45,50.75,50.5,75,50.75,525,0,429600
NIFTY26MAR2013000CE.NFO,07/01/2020,09:23:52,50.75,50.15,300,50.75,525,0,429600
NIFTY26MAR2013000CE.NFO,07/01/2020,09:23:54,50.75,49.5,150,50.75,525,0,429600
NIFTY26MAR2013000CE.NFO,07/01/2020,09:23:55,50.75,50.3,75,50.75,525,0,429600
NIFTY26MAR2013000CE.NFO,07/01/2020,09:23:56,50.75,49.55,75,50.75,525,0,429600
NIFTY26MAR2013000CE.NFO,07/01/2020,09:23:57,50.75,50.15,75,50.75,525,0,429600
NIFTY26MAR2013000CE.NFO,07/01/2020,09:23:59,50.75,50,300,50.75,525,0,429600
NIFTY26MAR2013000CE.NFO,07/01/2020,09:24:00,50.75,50.3,75,50.75,525,0,429600
NIFTY26MAR2013000CE.NFO,07/01/2020,09:24:01,50.75,50.1,75,50.75,525,0,429600
NIFTY26MAR2013000CE.NFO,07/01/2020,09:24:02,50.75,50.3,75,50.75,525,0,429600
NIFTY26MAR2013000CE.NFO,07/01/2020,09:24:03,50.75,50.5,75,50.75,525,0,429600
NIFTY26MAR2013000CE.NFO,07/01/2020,09:24:04,50.75,50.1,75,50.75,525,0,429600
NIFTY26MAR2013000CE.NFO,07/01/2020,09:24:06,50.75,50.2,75,50.75,525,0,429600
NIFTY26MAR2013000CE.NFO,07/01/2020,09:24:07,50.75,50.3,75,50.75,525,0,429600
NIFTY26MAR2013000CE.NFO,07/01/2020,09:24:09,50.75,49.75,75,50.75,525,0,429600
NIFTY26MAR2013000CE.NFO,07/01/2020,09:24:11,50.75,49.6,75,50.75,525,0,429600
NIFTY26MAR2013000CE.NFO,07/01/2020,09:24:12,50.75,50.15,75,50.75,525,0,429600
NIFTY26MAR2013000CE.NFO,07/01/2020,09:24:13,50.75,49.85,150,50.75,525,0,429600
NIFTY26MAR2013000CE.NFO,07/01/2020,09:24:14,50.75,49.95,75,50.75,525,0,429600
NIFTY26MAR2013000CE.NFO,07/01/2020,09:24:16,50.75,49.75,75,50.75,525,0,429600
NIFTY26MAR2013000CE.NFO,07/01/2020,09:24:17,50.75,50.2,75,50.75,525,0,429600
NIFTY26MAR2013000CE.NFO,07/01/2020,09:24:19,50.75,50,75,50.75,525,0,429600
NIFTY26MAR2013000CE.NFO,07/01/2020,09:24:20,50.75,50.2,75,50.75,525,0,429600
NIFTY26MAR2013000CE.NFO,07/01/2020,09:24:21,50.75,50.15,75,50.75,525,0,429600
NIFTY26MAR2013000CE.NFO,07/01/2020,09:24:22,50.75,50,75,50.75,525,0,429600
NIFTY26MAR2013000CE.NFO,07/01/2020,09:24:23,50.75,50.15,150,50.75,525,0,429600
NIFTY26MAR2013000CE.NFO,07/01/2020,09:24:24,50.75,50.05,300,50.75,525,0,429600
NIFTY26MAR2013000CE.NFO,07/01/2020,09:24:30,50.75,49.15,225,50.75,525,0,429600
NIFTY26MAR2013000CE.NFO,07/01/2020,09:24:31,50.75,49.35,75,50.75,525,0,429600
NIFTY26MAR2013000CE.NFO,07/01/2020,09:24:32,50.75,49.2,75,50.75,525,0,429600
NIFTY26MAR2013000CE.NFO,07/01/2020,09:24:33,50.75,49.6,75,50.75,525,0,429600
NIFTY26MAR2013000CE.NFO,07/01/2020,09:24:34,50.75,49.7,75,50.75,525,0,429600
NIFTY26MAR2013000CE.NFO,07/01/2020,09:24:36,50.75,49.8,75,50.75,525,0,429600
NIFTY26MAR2013000CE.NFO,07/01/2020,09:24:37,50.75,49.7,75,50.75,525,0,429600
NIFTY26MAR2013000CE.NFO,07/01/2020,09:24:38,50.75,49.9,75,50.75,525,0,429600
NIFTY26MAR2013000CE.NFO,07/01/2020,09:24:39,50.75,49.6,150,50.75,525,0,429600
NIFTY26MAR2013000CE.NFO,07/01/2020,09:24:40,50.75,49.1,75,50.75,525,0,429600
NIFTY26MAR2013000CE.NFO,07/01/2020,09:24:41,50.75,49.5,75,50.75,525,0,429600
NIFTY26MAR2013000CE.NFO,07/01/2020,09:24:43,50.75,49.85,75,50.75,525,0,429600
NIFTY26MAR2013000CE.NFO,07/01/2020,09:24:44,50.75,49.45,75,50.75,525,0,429600
NIFTY26MAR2013000CE.NFO,07/01/2020,09:24:45,50.75,50.1,75,50.75,525,0,429600
NIFTY26MAR2013000CE.NFO,07/01/2020,09:24:50,50.75,50,75,50.75,525,0,429600
NIFTY26MAR2013000CE.NFO,07/01/2020,09:24:54,50.75,49.1,150,50.75,525,0,429600
NIFTY26MAR2013000CE.NFO,07/01/2020,09:24:55,50.75,49.8,75,50.75,525,0,429600
NIFTY26MAR2013000CE.NFO,07/01/2020,09:24:56,50.75,49.5,150,50,75,0,429600
NIFTY26MAR2013000CE.NFO,07/01/2020,09:24:57,50.75,49.1,75,50,75,0,429600
NIFTY26MAR2013000CE.NFO,07/01/2020,09:24:58,50.75,49.6,75,50,75,0,429600
NIFTY26MAR2013000CE.NFO,07/01/2020,09:24:59,50.75,49.1,75,50,75,0,429600
NIFTY26MAR2013000CE.NFO,07/01/2020,09:25:01,50,49.5,150,50.75,525,75,429600
NIFTY26MAR2013000CE.NFO,07/01/2020,09:25:02,50,49.45,75,50.75,525,0,429600
NIFTY26MAR2013000CE.NFO,07/01/2020,09:25:03,50,50,150,50.75,525,0,429600
NIFTY26MAR2013000CE.NFO,07/01/2020,09:25:04,50,50.1,75,50.75,525,0,429600
NIFTY26MAR2013000CE.NFO,07/01/2020,09:25:06,50,49.15,75,50.75,525,0,429600
NIFTY26MAR2013000CE.NFO,07/01/2020,09:25:08,50,49.55,75,50.75,525,0,429600
NIFTY26MAR2013000CE.NFO,07/01/2020,09:25:09,50,50.05,75,50.75,525,0,429600
NIFTY26MAR2013000CE.NFO,07/01/2020,09:25:10,50,49.55,150,50.75,525,0,429600
NIFTY26MAR2013000CE.NFO,07/01/2020,09:25:11,50,49.15,150,50.75,525,0,429600
NIFTY26MAR2013000CE.NFO,07/01/2020,09:25:12,50,49.65,75,50.75,525,0,429600
NIFTY26MAR2013000CE.NFO,07/01/2020,09:25:13,50,49.25,75,50.75,525,0,429600
NIFTY26MAR2013000CE.NFO,07/01/2020,09:25:15,50,49.7,150,50.75,525,0,429600
NIFTY26MAR2013000CE.NFO,07/01/2020,09:25:16,50,50.1,75,50.75,525,0,429600
NIFTY26MAR2013000CE.NFO,07/01/2020,09:25:18,50,50.05,75,50.75,525,0,429600
NIFTY26MAR2013000CE.NFO,07/01/2020,09:25:19,50,49.6,75,50.75,525,0,429600
NIFTY26MAR2013000CE.NFO,07/01/2020,09:25:21,50,49.65,75,50.75,525,0,429600
NIFTY26MAR2013000CE.NFO,07/01/2020,09:25:22,50,49.25,75,50.75,525,0,429600
NIFTY26MAR2013000CE.NFO,07/01/2020,09:25:23,50,49.6,150,50.75,525,0,429600
NIFTY26MAR2013000CE.NFO,07/01/2020,09:25:24,50,49.25,75,50.75,525,0,429600
NIFTY26MAR2013000CE.NFO,07/01/2020,09:25:25,50,49.7,150,50.75,525,0,429600
NIFTY26MAR2013000CE.NFO,07/01/2020,09:25:26,50,50.1,75,50.75,525,0,429600
NIFTY26MAR2013000CE.NFO,07/01/2020,09:25:27,50,49.7,75,50.75,525,0,429600
NIFTY26MAR2013000CE.NFO,07/01/2020,09:25:28,50,49.4,150,50.75,525,0,429600
NIFTY26MAR2013000CE.NFO,07/01/2020,09:25:30,50,49.35,75,50.75,525,0,429600
NIFTY26MAR2013000CE.NFO,07/01/2020,09:25:31,50,49.7,75,50.75,525,0,429600
NIFTY26MAR2013000CE.NFO,07/01/2020,09:25:32,50,49.3,150,50.75,525,0,429600
NIFTY26MAR2013000CE.NFO,07/01/2020,09:25:33,50,49.6,150,50.75,525,0,429600
NIFTY26MAR2013000CE.NFO,07/01/2020,09:25:34,50,49.5,75,50.75,525,0,429600
NIFTY26MAR2013000CE.NFO,07/01/2020,09:25:35,50,50.05,75,50.75,525,0,429600
NIFTY26MAR2013000CE.NFO,07/01/2020,09:25:36,50,49.55,150,50.75,525,0,429600
NIFTY26MAR2013000CE.NFO,07/01/2020,09:25:37,50,49.4,75,50,675,75,429600
NIFTY26MAR2013000CE.NFO,07/01/2020,09:25:38,50,49.7,150,50,675,0,429600
NIFTY26MAR2013000CE.NFO,07/01/2020,09:25:40,50,49.25,75,50,600,75,429600
NIFTY26MAR2013000CE.NFO,07/01/2020,09:25:41,50,49.55,75,50,600,0,429600
NIFTY26MAR2013000CE.NFO,07/01/2020,09:25:42,50,49.45,75,50,600,0,429600
NIFTY26MAR2013000CE.NFO,07/01/2020,09:25:43,50,49.3,75,50,600,0,429600
NIFTY26MAR2013000CE.NFO,07/01/2020,09:25:44,50,49.25,75,50,600,0,429600
NIFTY26MAR2013000CE.NFO,07/01/2020,09:25:45,50,49.55,75,50,600,0,429600
NIFTY26MAR2013000CE.NFO,07/01/2020,09:25:47,50,49.25,75,50,600,0,429600
NIFTY26MAR2013000CE.NFO,07/01/2020,09:25:48,50,49.7,75,50,600,0,429600
NIFTY26MAR2013000CE.NFO,07/01/2020,09:25:49,50,49.5,75,50,600,0,429600
NIFTY26MAR2013000CE.NFO,07/01/2020,09:25:50,50,49.6,75,50,600,0,429600
NIFTY26MAR2013000CE.NFO,07/01/2020,09:25:51,50,49.2,75,50,525,75,429600
NIFTY26MAR2013000CE.NFO,07/01/2020,09:25:52,50,49.2,75,50,525,0,429600
NIFTY26MAR2013000CE.NFO,07/01/2020,09:26:22,50,49.05,75,50,525,0,429600
NIFTY26MAR2013000CE.NFO,07/01/2020,09:26:39,49.05,49.05,75,50,525,75,429750
NIFTY26MAR2013000CE.NFO,07/01/2020,09:26:40,49.05,49.05,75,50,525,0,429750
NIFTY26MAR2013000CE.NFO,07/01/2020,09:26:43,49.05,49.15,75,50,525,75,429750
NIFTY26MAR2013000CE.NFO,07/01/2020,09:26:44,49.05,49.15,75,50,525,0,429750
NIFTY26MAR2013000CE.NFO,07/01/2020,09:26:53,49.05,49.15,75,50,600,0,429750
NIFTY26MAR2013000CE.NFO,07/01/2020,09:27:01,49.05,49.3,375,50,600,0,429750
NIFTY26MAR2013000CE.NFO,07/01/2020,09:27:02,49.05,49.25,75,50,600,0,429750
NIFTY26MAR2013000CE.NFO,07/01/2020,09:27:04,49.05,49.3,375,50,600,0,429750
NIFTY26MAR2013000CE.NFO,07/01/2020,09:27:05,49.05,49.25,75,50,600,0,429750
NIFTY26MAR2013000CE.NFO,07/01/2020,09:27:06,50,49.25,75,50,225,375,429750
NIFTY26MAR2013000CE.NFO,07/01/2020,09:27:07,50,49.3,375,50,225,0,429750
NIFTY26MAR2013000CE.NFO,07/01/2020,09:27:09,50,49.25,75,50,225,0,429750
NIFTY26MAR2013000CE.NFO,07/01/2020,09:27:10,50,49.3,375,50,225,0,429750
NIFTY26MAR2013000CE.NFO,07/01/2020,09:27:11,50,49.25,75,50,225,0,429750
NIFTY26MAR2013000CE.NFO,07/01/2020,09:27:12,50,49.3,375,50,225,0,429750
NIFTY26MAR2013000CE.NFO,07/01/2020,09:27:13,50,49.25,225,50,300,0,429750
NIFTY26MAR2013000CE.NFO,07/01/2020,09:27:16,50,49.4,225,50,300,0,429750
NIFTY26MAR2013000CE.NFO,07/01/2020,09:27:18,50,49.2,225,50,300,0,429750
NIFTY26MAR2013000CE.NFO,07/01/2020,09:27:19,50,49.8,225,50,300,0,429750
NIFTY26MAR2013000CE.NFO,07/01/2020,09:27:20,50,49.4,375,50,300,0,429750
NIFTY26MAR2013000CE.NFO,07/01/2020,09:27:21,50,49.85,375,50,300,0,429750
NIFTY26MAR2013000CE.NFO,07/01/2020,09:27:22,50,49.35,225,50,300,0,429750
NIFTY26MAR2013000CE.NFO,07/01/2020,09:27:23,50,49.85,375,50,300,0,429750
NIFTY26MAR2013000CE.NFO,07/01/2020,09:27:24,50,49.4,225,50,300,0,429750
NIFTY26MAR2013000CE.NFO,07/01/2020,09:27:25,50,49.7,225,50,300,0,429750
NIFTY26MAR2013000CE.NFO,07/01/2020,09:27:27,50,49.2,225,50,300,0,429750
NIFTY26MAR2013000CE.NFO,07/01/2020,09:27:28,50,49.7,375,50,300,0,429750
NIFTY26MAR2013000CE.NFO,07/01/2020,09:27:29,50,49.5,225,50,300,0,429750
NIFTY26MAR2013000CE.NFO,07/01/2020,09:27:30,50,49.95,150,50,300,0,429750
NIFTY26MAR2013000CE.NFO,07/01/2020,09:27:31,50,49.85,150,50,300,0,429750
NIFTY26MAR2013000CE.NFO,07/01/2020,09:27:32,50,49.65,225,50,300,0,429750
NIFTY26MAR2013000CE.NFO,07/01/2020,09:27:33,50,49.75,150,50,300,0,429750
NIFTY26MAR2013000CE.NFO,07/01/2020,09:27:35,50,49.35,375,50,300,0,429750
NIFTY26MAR2013000CE.NFO,07/01/2020,09:27:36,50,49.7,525,50,300,0,429750
NIFTY26MAR2013000CE.NFO,07/01/2020,09:27:37,50,49.25,225,50,300,0,429750
NIFTY26MAR2013000CE.NFO,07/01/2020,09:27:38,49.8,49.85,75,50,300,75,429750
NIFTY26MAR2013000CE.NFO,07/01/2020,09:27:39,49.8,49.45,225,50,300,0,429750
NIFTY26MAR2013000CE.NFO,07/01/2020,09:27:41,49.8,49.7,225,50,300,0,429750
NIFTY26MAR2013000CE.NFO,07/01/2020,09:27:42,49.8,49.85,150,50,375,0,429750
NIFTY26MAR2013000CE.NFO,07/01/2020,09:27:43,49.8,49.75,225,50,375,0,429750
NIFTY26MAR2013000CE.NFO,07/01/2020,09:27:44,49.8,49.6,150,50,375,0,429750
NIFTY26MAR2013000CE.NFO,07/01/2020,09:27:45,49.8,49.35,225,50,375,0,429750
NIFTY26MAR2013000CE.NFO,07/01/2020,09:27:46,49.8,49.25,225,50,375,0,429750
NIFTY26MAR2013000CE.NFO,07/01/2020,09:27:48,49.8,49.55,150,50,375,0,429750
NIFTY26MAR2013000CE.NFO,07/01/2020,09:27:49,49.8,49.5,150,50,375,0,429750
NIFTY26MAR2013000CE.NFO,07/01/2020,09:27:50,49.8,49.75,150,50,375,0,429750
NIFTY26MAR2013000CE.NFO,07/01/2020,09:27:51,49.8,49.65,225,50,375,0,429750
NIFTY26MAR2013000CE.NFO,07/01/2020,09:27:52,49.8,49.35,150,50,375,0,429750
NIFTY26MAR2013000CE.NFO,07/01/2020,09:27:53,49.8,49.6,150,50,375,0,429750
NIFTY26MAR2013000CE.NFO,07/01/2020,09:27:54,49.8,49.7,150,50,375,0,429750
NIFTY26MAR2013000CE.NFO,07/01/2020,09:27:56,49.8,49.55,150,50,375,0,429750
NIFTY26MAR2013000CE.NFO,07/01/2020,09:27:57,49.8,49.6,225,50,375,0,429750
NIFTY26MAR2013000CE.NFO,07/01/2020,09:27:58,49.8,49.65,225,50,375,0,429750
NIFTY26MAR2013000CE.NFO,07/01/2020,09:27:59,49.8,49.6,375,50,375,0,429750
NIFTY26MAR2013000CE.NFO,07/01/2020,09:28:00,49.8,49.45,225,50,375,0,429750
NIFTY26MAR2013000CE.NFO,07/01/2020,09:28:01,49.8,49.65,225,50,375,0,429750
NIFTY26MAR2013000CE.NFO,07/01/2020,09:28:03,49.8,49.6,225,50,375,0,429750
NIFTY26MAR2013000CE.NFO,07/01/2020,09:28:04,49.8,49.55,225,50,375,0,429750
NIFTY26MAR2013000CE.NFO,07/01/2020,09:28:05,49.8,49.65,225,50,375,0,429750
NIFTY26MAR2013000CE.NFO,07/01/2020,09:28:06,49.8,49.7,225,50,375,0,429750
NIFTY26MAR2013000CE.NFO,07/01/2020,09:28:07,49.8,49.4,225,50,375,0,429750
NIFTY26MAR2013000CE.NFO,07/01/2020,09:28:09,49.8,49.55,225,50,375,0,429750
NIFTY26MAR2013000CE.NFO,07/01/2020,09:28:10,49.8,49.6,225,50,375,0,429750
NIFTY26MAR2013000CE.NFO,07/01/2020,09:28:11,49.8,49.35,225,50,375,0,429750
NIFTY26MAR2013000CE.NFO,07/01/2020,09:28:12,49.8,49.5,225,50,375,0,429750
NIFTY26MAR2013000CE.NFO,07/01/2020,09:28:13,49.8,49.7,225,50,375,0,429750
NIFTY26MAR2013000CE.NFO,07/01/2020,09:28:15,49.8,49.55,225,50,375,0,429750
NIFTY26MAR2013000CE.NFO,07/01/2020,09:28:16,49.8,49.6,225,50,375,0,429750
NIFTY26MAR2013000CE.NFO,07/01/2020,09:28:17,49.8,49.55,225,50,375,0,429750
NIFTY26MAR2013000CE.NFO,07/01/2020,09:28:18,49.8,49.35,225,50,375,0,429750
NIFTY26MAR2013000CE.NFO,07/01/2020,09:28:19,49.8,49.25,150,50,525,0,429750
NIFTY26MAR2013000CE.NFO,07/01/2020,09:28:25,49.8,49.25,150,49.95,300,0,429750
NIFTY26MAR2013000CE.NFO,07/01/2020,09:28:28,49.8,49.25,150,49.95,450,0,429750
NIFTY26MAR2013000CE.NFO,07/01/2020,09:28:29,49.8,49.25,150,49.9,150,0,429750
NIFTY26MAR2013000CE.NFO,07/01/2020,09:28:30,49.25,49,150,49.15,600,150,429750
NIFTY26MAR2013000CE.NFO,07/01/2020,09:28:31,49.25,49,150,49.15,600,0,429750
NIFTY26MAR2013000CE.NFO,07/01/2020,09:28:35,49.15,49,150,49.15,375,225,429750
NIFTY26MAR2013000CE.NFO,07/01/2020,09:28:36,49.15,49,150,49.15,375,0,429750
NIFTY26MAR2013000CE.NFO,07/01/2020,09:28:46,49.15,49.1,225,49.15,375,0,429750
NIFTY26MAR2013000CE.NFO,07/01/2020,09:28:48,49.15,49,150,49.15,375,0,429750
NIFTY26MAR2013000CE.NFO,07/01/2020,09:28:51,49.15,49.15,75,49.9,150,450,429750
NIFTY26MAR2013000CE.NFO,07/01/2020,09:28:52,49.15,49,75,49.9,150,0,429750
NIFTY26MAR2013000CE.NFO,07/01/2020,09:28:55,49.15,49,75,49.75,300,0,429750
NIFTY26MAR2013000CE.NFO,07/01/2020,09:28:58,49.15,49,75,49.7,150,0,429750
NIFTY26MAR2013000CE.NFO,07/01/2020,09:28:59,49,48.5,75,49.7,150,75,429750
NIFTY26MAR2013000CE.NFO,07/01/2020,09:29:00,49,48.6,225,49.7,150,0,429750
NIFTY26MAR2013000CE.NFO,07/01/2020,09:29:01,49,48.5,75,49.7,150,0,429750
NIFTY26MAR2013000CE.NFO,07/01/2020,09:29:03,49,48.55,375,49.7,150,0,429750
NIFTY26MAR2013000CE.NFO,07/01/2020,09:29:05,49,48.5,75,49.7,150,0,429750
NIFTY26MAR2013000CE.NFO,07/01/2020,09:29:10,49,48.5,75,49.65,75,0,429750
NIFTY26MAR2013000CE.NFO,07/01/2020,09:29:25,49,48.5,75,49.6,150,0,429750
NIFTY26MAR2013000CE.NFO,07/01/2020,09:29:26,49,48.5,75,49.45,75,0,429750
NIFTY26MAR2013000CE.NFO,07/01/2020,09:29:38,49,48.5,75,49.45,375,0,429750
NIFTY26MAR2013000CE.NFO,07/01/2020,09:29:40,49,48.5,75,49.4,300,0,429750
NIFTY26MAR2013000CE.NFO,07/01/2020,09:30:00,49,48.6,225,49.4,300,0,429750
NIFTY26MAR2013000CE.NFO,07/01/2020,09:30:02,49,48.65,375,49.4,300,0,429750
NIFTY26MAR2013000CE.NFO,07/01/2020,09:30:03,49,48.6,225,49.4,300,0,429750
NIFTY26MAR2013000CE.NFO,07/01/2020,09:30:07,49,48.5,75,49.4,300,0,429750
NIFTY26MAR2013000CE.NFO,07/01/2020,09:30:10,49,48.65,225,49.4,300,0,429750
NIFTY26MAR2013000CE.NFO,07/01/2020,09:30:12,49,48.6,225,49.4,300,0,429750
NIFTY26MAR2013000CE.NFO,07/01/2020,09:30:15,49,48.5,75,49.4,300,0,429750
NIFTY26MAR2013000CE.NFO,07/01/2020,09:30:20,49,48.5,75,49,750,0,429750
NIFTY26MAR2013000CE.NFO,07/01/2020,09:30:23,48,47.2,375,49,750,150,430125
NIFTY26MAR2013000CE.NFO,07/01/2020,09:30:25,48,48.35,375,49,750,0,430125
NIFTY26MAR2013000CE.NFO,07/01/2020,09:30:26,48,47.5,225,49,750,0,430125
NIFTY26MAR2013000CE.NFO,07/01/2020,09:30:27,48,48.3,225,49,750,0,430125
NIFTY26MAR2013000CE.NFO,07/01/2020,09:30:28,48,47.55,975,48.95,150,0,430125
NIFTY26MAR2013000CE.NFO,07/01/2020,09:30:29,48,48.05,600,48.95,450,0,430125
NIFTY26MAR2013000CE.NFO,07/01/2020,09:30:31,48,47.4,375,48.9,75,0,430125
NIFTY26MAR2013000CE.NFO,07/01/2020,09:30:32,48,48,600,48.9,525,0,430125
NIFTY26MAR2013000CE.NFO,07/01/2020,09:30:33,48,48.55,225,48.9,525,0,430125
NIFTY26MAR2013000CE.NFO,07/01/2020,09:30:34,48,47.7,600,48.9,525,0,430125
NIFTY26MAR2013000CE.NFO,07/01/2020,09:30:35,48,48.2,225,48.85,150,0,430125
NIFTY26MAR2013000CE.NFO,07/01/2020,09:30:36,48,48.65,225,48.85,150,0,430125
NIFTY26MAR2013000CE.NFO,07/01/2020,09:30:37,48,47.75,225,48.85,150,0,430125
NIFTY26MAR2013000CE.NFO,07/01/2020,09:30:39,48,48.4,225,48.85,150,0,430125
NIFTY26MAR2013000CE.NFO,07/01/2020,09:30:40,48,48.6,225,48.8,300,0,430125
NIFTY26MAR2013000CE.NFO,07/01/2020,09:30:41,48,47.85,225,48.8,300,0,430125
NIFTY26MAR2013000CE.NFO,07/01/2020,09:30:42,48,47.35,75,48.8,300,0,430125
NIFTY26MAR2013000CE.NFO,07/01/2020,09:30:43,48,47.95,375,48.75,150,0,430125
NIFTY26MAR2013000CE.NFO,07/01/2020,09:30:44,48,48.4,225,48.75,150,0,430125
NIFTY26MAR2013000CE.NFO,07/01/2020,09:30:46,48,48.6,375,48.75,150,0,430125
NIFTY26MAR2013000CE.NFO,07/01/2020,09:30:47,48,47.7,975,48.8,300,0,430125
NIFTY26MAR2013000CE.NFO,07/01/2020,09:30:48,48,48.35,225,48.8,300,0,430125
NIFTY26MAR2013000CE.NFO,07/01/2020,09:30:49,48,47.7,75,48.7,75,0,430125
NIFTY26MAR2013000CE.NFO,07/01/2020,09:30:50,48,47.95,600,48.7,75,0,430125
NIFTY26MAR2013000CE.NFO,07/01/2020,09:30:51,48,48.5,225,48.7,75,0,430125
NIFTY26MAR2013000CE.NFO,07/01/2020,09:30:52,48,48.1,375,48.7,75,0,430125
NIFTY26MAR2013000CE.NFO,07/01/2020,09:30:54,48,48.45,375,48.7,75,0,430125
NIFTY26MAR2013000CE.NFO,07/01/2020,09:30:55,48,48.65,225,48.7,75,0,430125
NIFTY26MAR2013000CE.NFO,07/01/2020,09:30:56,48,47.8,225,48.7,75,0,430125
NIFTY26MAR2013000CE.NFO,07/01/2020,09:30:57,48,48.05,225,48.7,75,0,430125
NIFTY26MAR2013000CE.NFO,07/01/2020,09:30:58,48,48.45,225,48.7,75,0,430125
NIFTY26MAR2013000CE.NFO,07/01/2020,09:30:59,48,47.8,600,48.7,75,0,430125
NIFTY26MAR2013000CE.NFO,07/01/2020,09:31:00,48.7,48.3,225,48.8,300,75,430125
NIFTY26MAR2013000CE.NFO,07/01/2020,09:31:01,48.7,48.5,225,48.8,300,0,430125
NIFTY26MAR2013000CE.NFO,07/01/2020,09:31:03,48.7,47.55,375,48.8,300,0,430125
NIFTY26MAR2013000CE.NFO,07/01/2020,09:31:04,48.7,48.35,225,48.8,300,0,430125
NIFTY26MAR2013000CE.NFO,07/01/2020,09:31:05,48.7,48.5,225,48.8,300,0,430125
NIFTY26MAR2013000CE.NFO,07/01/2020,09:31:06,48.7,47.55,225,48.8,300,0,430125
NIFTY26MAR2013000CE.NFO,07/01/2020,09:31:07,48.7,48.1,225,48.8,300,0,430125
NIFTY26MAR2013000CE.NFO,07/01/2020,09:31:08,48.7,48.35,225,48.8,300,0,430125
NIFTY26MAR2013000CE.NFO,07/01/2020,09:31:10,48.8,47.4,600,48.8,225,75,430125
NIFTY26MAR2013000CE.NFO,07/01/2020,09:31:11,48.8,48,225,48.8,225,0,430125
NIFTY26MAR2013000CE.NFO,07/01/2020,09:31:12,48.8,48.55,225,49,750,0,430125
NIFTY26MAR2013000CE.NFO,07/01/2020,09:31:13,48.8,48.65,225,49,750,0,430125
NIFTY26MAR2013000CE.NFO,07/01/2020,09:31:14,48.8,48.4,225,49,750,0,430125
NIFTY26MAR2013000CE.NFO,07/01/2020,09:31:16,48.8,48.7,225,48.95,225,0,430125
NIFTY26MAR2013000CE.NFO,07/01/2020,09:31:17,48.8,48.45,225,48.95,375,0,430125
NIFTY26MAR2013000CE.NFO,07/01/2020,09:31:18,48.8,48.1,225,48.95,375,0,430125
NIFTY26MAR2013000CE.NFO,07/01/2020,09:31:19,48.8,48.4,225,48.95,375,0,430125
NIFTY26MAR2013000CE.NFO,07/01/2020,09:31:20,48.8,48.65,225,48.95,375,0,430125
NIFTY26MAR2013000CE.NFO,07/01/2020,09:31:21,48.8,48.5,375,48.95,375,0,430125
NIFTY26MAR2013000CE.NFO,07/01/2020,09:31:22,48.8,48.2,375,48.95,375,0,430125
NIFTY26MAR2013000CE.NFO,07/01/2020,09:31:23,48.8,48.45,225,48.95,375,0,430125
NIFTY26MAR2013000CE.NFO,07/01/2020,09:31:25,48.8,48.25,225,48.95,375,0,430125
NIFTY26MAR2013000CE.NFO,07/01/2020,09:31:26,48.8,48.1,225,48.95,375,0,430125
NIFTY26MAR2013000CE.NFO,07/01/2020,09:31:27,48.8,48.1,225,48.9,150,0,430125
NIFTY26MAR2013000CE.NFO,07/01/2020,09:31:30,48.4,48.1,225,48.4,225,75,430125
NIFTY26MAR2013000CE.NFO,07/01/2020,09:31:31,48.4,48.1,225,48.4,225,0,430125
NIFTY26MAR2013000CE.NFO,07/01/2020,09:31:35,48.4,48.1,225,48.9,150,225,430125
NIFTY26MAR2013000CE.NFO,07/01/2020,09:31:37,48.4,48.1,225,48.9,150,0,430125
NIFTY26MAR2013000CE.NFO,07/01/2020,09:31:51,48.4,48.1,225,48.85,225,0,430125
NIFTY26MAR2013000CE.NFO,07/01/2020,09:31:52,48.4,48.1,225,48.8,150,0,430125
NIFTY26MAR2013000CE.NFO,07/01/2020,09:31:56,48.4,48.25,225,48.8,150,0,430125
NIFTY26MAR2013000CE.NFO,07/01/2020,09:31:57,48.4,48.15,375,48.8,150,0,430125
NIFTY26MAR2013000CE.NFO,07/01/2020,09:31:58,48.4,48.25,225,48.8,150,0,430125
NIFTY26MAR2013000CE.NFO,07/01/2020,09:32:00,48.4,48.1,225,48.8,150,0,430125
NIFTY26MAR2013000CE.NFO,07/01/2020,09:32:02,48.4,48.25,225,48.8,150,0,430125
NIFTY26MAR2013000CE.NFO,07/01/2020,09:32:03,48.4,48.15,375,48.8,150,0,430125
NIFTY26MAR2013000CE.NFO,07/01/2020,09:32:04,48.4,48.2,225,48.8,150,0,430125
NIFTY26MAR2013000CE.NFO,07/01/2020,09:32:06,48.4,48.25,225,48.8,150,0,430125
NIFTY26MAR2013000CE.NFO,07/01/2020,09:32:07,48.4,48,75,48.8,150,0,430125
NIFTY26MAR2013000CE.NFO,07/01/2020,09:32:08,48.4,48.05,375,48.8,150,0,430125
NIFTY26MAR2013000CE.NFO,07/01/2020,09:32:11,48.4,48,75,48.8,150,0,430125
NIFTY26MAR2013000CE.NFO,07/01/2020,09:32:12,48.4,48.05,375,48.8,150,0,430125
NIFTY26MAR2013000CE.NFO,07/01/2020,09:32:19,48,47,3150,48,225,525,430350
NIFTY26MAR2013000CE.NFO,07/01/2020,09:32:20,48,47.2,375,48.85,225,225,430350
NIFTY26MAR2013000CE.NFO,07/01/2020,09:32:22,48,47.75,375,48.85,225,0,430350
NIFTY26MAR2013000CE.NFO,07/01/2020,09:32:23,48,48,375,48.85,225,0,430350
NIFTY26MAR2013000CE.NFO,07/01/2020,09:32:24,48,47.25,150,48.8,75,0,430350
NIFTY26MAR2013000CE.NFO,07/01/2020,09:32:26,48,47.65,375,48.8,75,0,430350
NIFTY26MAR2013000CE.NFO,07/01/2020,09:32:27,48,47.9,75,48.75,150,0,430350
NIFTY26MAR2013000CE.NFO,07/01/2020,09:32:28,48.85,47.4,75,48.85,150,300,430350
NIFTY26MAR2013000CE.NFO,07/01/2020,09:32:29,48.85,47.8,375,48.85,150,0,430350
NIFTY26MAR2013000CE.NFO,07/01/2020,09:32:31,48.85,47.8,75,48.85,150,0,430350
NIFTY26MAR2013000CE.NFO,07/01/2020,09:32:32,48.85,48,75,48.85,150,0,430350
NIFTY26MAR2013000CE.NFO,07/01/2020,09:32:33,48.85,48.05,375,48.85,150,0,430350
NIFTY26MAR2013000CE.NFO,07/01/2020,09:32:38,48.85,48.15,375,48.85,150,0,430350
NIFTY26MAR2013000CE.NFO,07/01/2020,09:32:43,48.85,48.25,375,48.85,150,0,430350
NIFTY26MAR2013000CE.NFO,07/01/2020,09:32:46,48.85,48.25,375,49,75,0,430350
NIFTY26MAR2013000CE.NFO,07/01/2020,09:32:47,48.85,48.35,375,49,75,0,430350
NIFTY26MAR2013000CE.NFO,07/01/2020,09:32:53,48.85,48.4,75,49,75,0,430350
NIFTY26MAR2013000CE.NFO,07/01/2020,09:32:54,48.85,48.45,375,49,75,0,430350
NIFTY26MAR2013000CE.NFO,07/01/2020,09:33:22,49,48.5,375,50,375,75,430350
NIFTY26MAR2013000CE.NFO,07/01/2020,09:33:24,49,48.8,375,50,375,0,430350
NIFTY26MAR2013000CE.NFO,07/01/2020,09:33:25,49,49.05,375,50,375,0,430350
NIFTY26MAR2013000CE.NFO,07/01/2020,09:33:26,49,49.4,375,50,375,0,430350
NIFTY26MAR2013000CE.NFO,07/01/2020,09:33:27,49,48.6,75,50,375,0,430350
NIFTY26MAR2013000CE.NFO,07/01/2020,09:33:28,49,49.1,375,50,375,0,430350
NIFTY26MAR2013000CE.NFO,07/01/2020,09:33:30,49,49.4,375,50,375,0,430350
NIFTY26MAR2013000CE.NFO,07/01/2020,09:33:31,49,49.55,375,50,375,0,430350
NIFTY26MAR2013000CE.NFO,07/01/2020,09:33:32,49,48.75,75,50,375,0,430350
NIFTY26MAR2013000CE.NFO,07/01/2020,09:33:33,49,49.15,375,50,375,0,430350
NIFTY26MAR2013000CE.NFO,07/01/2020,09:33:34,49,49.3,375,50,375,0,430350
NIFTY26MAR2013000CE.NFO,07/01/2020,09:33:35,49,48.45,375,50,375,0,430350
NIFTY26MAR2013000CE.NFO,07/01/2020,09:33:36,49,48.95,450,50,375,0,430350
NIFTY26MAR2013000CE.NFO,07/01/2020,09:33:37,49,49.1,375,49.95,300,0,430350
NIFTY26MAR2013000CE.NFO,07/01/2020,09:33:38,49,49.3,375,49.95,300,0,430350
NIFTY26MAR2013000CE.NFO,07/01/2020,09:33:39,49,49.6,375,49.95,300,0,430350
NIFTY26MAR2013000CE.NFO,07/01/2020,09:33:40,49,48.65,450,49.95,300,0,430350
NIFTY26MAR2013000CE.NFO,07/01/2020,09:33:42,49,49.05,375,49.95,300,0,430350
NIFTY26MAR2013000CE.NFO,07/01/2020,09:33:43,49,49.35,375,49.95,300,0,430350
NIFTY26MAR2013000CE.NFO,07/01/2020,09:33:44,49,49.55,375,49.95,300,0,430350
NIFTY26MAR2013000CE.NFO,07/01/2020,09:33:45,49,48.95,75,50,375,0,430350
NIFTY26MAR2013000CE.NFO,07/01/2020,09:33:46,49,49.2,375,50,375,0,430350
NIFTY26MAR2013000CE.NFO,07/01/2020,09:33:47,49,48.15,150,50,375,0,430350
NIFTY26MAR2013000CE.NFO,07/01/2020,09:33:48,49,48.8,450,50,375,0,430350
NIFTY26MAR2013000CE.NFO,07/01/2020,09:33:49,49,49.2,375,50,375,0,430350
NIFTY26MAR2013000CE.NFO,07/01/2020,09:33:50,49,49.45,375,50,375,0,430350
NIFTY26MAR2013000CE.NFO,07/01/2020,09:33:51,49,48.6,75,50,375,0,430350
NIFTY26MAR2013000CE.NFO,07/01/2020,09:33:52,49,48.85,75,50,375,0,430350
NIFTY26MAR2013000CE.NFO,07/01/2020,09:33:53,49,49,375,50,375,0,430350
NIFTY26MAR2013000CE.NFO,07/01/2020,09:33:54,49,49.2,375,50,375,0,430350
NIFTY26MAR2013000CE.NFO,07/01/2020,09:33:56,49,49.5,375,50,375,0,430350
NIFTY26MAR2013000CE.NFO,07/01/2020,09:33:57,49,48.7,375,50,375,0,430350
NIFTY26MAR2013000CE.NFO,07/01/2020,09:33:58,49,49.15,375,50,375,0,430350
NIFTY26MAR2013000CE.NFO,07/01/2020,09:33:59,49,49.35,375,50,375,0,430350
NIFTY26MAR2013000CE.NFO,07/01/2020,09:34:00,49,49.65,375,50,375,0,430350
NIFTY26MAR2013000CE.NFO,07/01/2020,09:34:01,49,49.7,375,50,375,0,430350
NIFTY26MAR2013000CE.NFO,07/01/2020,09:34:03,49,49.05,75,50,375,0,430350
NIFTY26MAR2013000CE.NFO,07/01/2020,09:34:04,49,49.45,375,50,375,0,430350
NIFTY26MAR2013000CE.NFO,07/01/2020,09:34:05,49,48.15,75,50,375,0,430350
NIFTY26MAR2013000CE.NFO,07/01/2020,09:34:06,49,48.8,75,50,375,0,430350
NIFTY26MAR2013000CE.NFO,07/01/2020,09:34:07,49,49.25,375,50,375,0,430350
NIFTY26MAR2013000CE.NFO,07/01/2020,09:34:09,49,49.5,375,50,375,0,430350
NIFTY26MAR2013000CE.NFO,07/01/2020,09:34:10,49,49.2,375,50,375,0,430350
NIFTY26MAR2013000CE.NFO,07/01/2020,09:34:11,49,49.4,375,50,375,0,430350
NIFTY26MAR2013000CE.NFO,07/01/2020,09:34:12,49,49.7,375,50,375,0,430350
NIFTY26MAR2013000CE.NFO,07/01/2020,09:34:13,49,49.5,375,50,375,0,430350
NIFTY26MAR2013000CE.NFO,07/01/2020,09:34:14,49,49.55,375,50,375,0,430350
NIFTY26MAR2013000CE.NFO,07/01/2020,09:34:15,49,49.25,375,50,375,0,430350
NIFTY26MAR2013000CE.NFO,07/01/2020,09:34:17,49,49.65,375,50,375,0,430350
NIFTY26MAR2013000CE.NFO,07/01/2020,09:34:18,49,49.35,375,50,375,0,430350
NIFTY26MAR2013000CE.NFO,07/01/2020,09:34:19,49,49.65,375,50,375,0,430350
NIFTY26MAR2013000CE.NFO,07/01/2020,09:34:20,49,49.4,375,50,375,0,430350
NIFTY26MAR2013000CE.NFO,07/01/2020,09:34:21,49,49.25,375,50,375,0,430350
NIFTY26MAR2013000CE.NFO,07/01/2020,09:34:23,49,49.65,375,50,375,0,430350
NIFTY26MAR2013000CE.NFO,07/01/2020,09:34:24,49,49.35,375,50,375,0,430350
NIFTY26MAR2013000CE.NFO,07/01/2020,09:34:25,49,49.65,375,50,375,0,430350
NIFTY26MAR2013000CE.NFO,07/01/2020,09:34:26,49,49.35,375,50,375,0,430350
NIFTY26MAR2013000CE.NFO,07/01/2020,09:34:27,49,49.65,375,50,375,0,430350
NIFTY26MAR2013000CE.NFO,07/01/2020,09:34:29,49,49.35,375,50,375,0,430350
NIFTY26MAR2013000CE.NFO,07/01/2020,09:34:30,49,49.65,375,50,375,0,430350
NIFTY26MAR2013000CE.NFO,07/01/2020,09:34:31,49,49.4,375,50,375,0,430350
NIFTY26MAR2013000CE.NFO,07/01/2020,09:34:32,49,49.2,375,50,375,0,430350
NIFTY26MAR2013000CE.NFO,07/01/2020,09:34:33,49,49.55,375,50,375,0,430350
NIFTY26MAR2013000CE.NFO,07/01/2020,09:34:35,49,49.35,375,50,375,0,430350
NIFTY26MAR2013000CE.NFO,07/01/2020,09:34:36,49,49.65,375,50,375,0,430350
NIFTY26MAR2013000CE.NFO,07/01/2020,09:34:37,49,49.4,375,50,375,0,430350
NIFTY26MAR2013000CE.NFO,07/01/2020,09:34:38,49,49.65,375,50,375,0,430350
NIFTY26MAR2013000CE.NFO,07/01/2020,09:34:39,49,49.5,375,50,375,0,430350
NIFTY26MAR2013000CE.NFO,07/01/2020,09:34:40,49,49.25,375,50,375,0,430350
NIFTY26MAR2013000CE.NFO,07/01/2020,09:34:41,49,49.55,375,50,375,0,430350
NIFTY26MAR2013000CE.NFO,07/01/2020,09:34:42,49,49.25,375,50,375,0,430350
NIFTY26MAR2013000CE.NFO,07/01/2020,09:34:43,49,49.55,375,50,375,0,430350
NIFTY26MAR2013000CE.NFO,07/01/2020,09:34:45,49,49.35,375,50,375,0,430350
NIFTY26MAR2013000CE.NFO,07/01/2020,09:34:46,49,49.5,375,50,375,0,430350
NIFTY26MAR2013000CE.NFO,07/01/2020,09:34:47,49,49.2,375,50,375,0,430350
NIFTY26MAR2013000CE.NFO,07/01/2020,09:34:48,49,49.55,375,50,375,0,430350
NIFTY26MAR2013000CE.NFO,07/01/2020,09:34:49,49,49.8,375,50,375,0,430350
NIFTY26MAR2013000CE.NFO,07/01/2020,09:34:50,49,49.2,375,50,375,0,430350
NIFTY26MAR2013000CE.NFO,07/01/2020,09:34:51,49,49.5,375,50,300,0,430350
NIFTY26MAR2013000CE.NFO,07/01/2020,09:34:52,49,49.8,375,50,300,0,430350
NIFTY26MAR2013000CE.NFO,07/01/2020,09:34:53,49,49.25,750,50,300,0,430350
NIFTY26MAR2013000CE.NFO,07/01/2020,09:34:55,49,49.45,375,50,300,0,430350
NIFTY26MAR2013000CE.NFO,07/01/2020,09:34:56,49,49.65,375,50,300,0,430350
NIFTY26MAR2013000CE.NFO,07/01/2020,09:34:57,49,49.15,375,50,300,0,430350
NIFTY26MAR2013000CE.NFO,07/01/2020,09:34:58,49,49.4,375,50,300,0,430350
NIFTY26MAR2013000CE.NFO,07/01/2020,09:34:59,50,49.25,375,50.7,300,300,430350
NIFTY26MAR2013000CE.NFO,07/01/2020,09:35:01,50,49.4,75,50.7,300,0,430350
NIFTY26MAR2013000CE.NFO,07/01/2020,09:35:02,50,49.55,75,50.7,300,0,430350
NIFTY26MAR2013000CE.NFO,07/01/2020,09:35:03,50,49.6,375,50.7,300,0,430350
NIFTY26MAR2013000CE.NFO,07/01/2020,09:35:04,50,49.2,75,50.7,300,0,430350
NIFTY26MAR2013000CE.NFO,07/01/2020,09:35:05,50,49.5,75,50.7,300,0,430350
NIFTY26MAR2013000CE.NFO,07/01/2020,09:35:06,50,49.15,375,50.7,300,0,430350
NIFTY26MAR2013000CE.NFO,07/01/2020,09:35:07,50,49.45,375,50.7,300,0,430350
NIFTY26MAR2013000CE.NFO,07/01/2020,09:35:08,50,49.25,75,50.7,300,0,430350
NIFTY26MAR2013000CE.NFO,07/01/2020,09:35:10,50,49.4,75,50,75,0,430350
NIFTY26MAR2013000CE.NFO,07/01/2020,09:35:11,50,49.25,75,50,75,0,430350
NIFTY26MAR2013000CE.NFO,07/01/2020,09:35:12,50,49.45,375,50,75,0,430350
NIFTY26MAR2013000CE.NFO,07/01/2020,09:35:13,50,49.15,375,50,75,0,430350
NIFTY26MAR2013000CE.NFO,07/01/2020,09:35:18,50,49.15,375,50,150,0,430350
NIFTY26MAR2013000CE.NFO,07/01/2020,09:35:19,50,49.15,375,49.95,450,0,430350
NIFTY26MAR2013000CE.NFO,07/01/2020,09:35:25,50,49.1,300,49.95,450,0,430350
NIFTY26MAR2013000CE.NFO,07/01/2020,09:35:26,50,49.25,375,49.95,450,0,430350
NIFTY26MAR2013000CE.NFO,07/01/2020,09:35:30,49.1,49.1,225,49.95,450,750,431400
NIFTY26MAR2013000CE.NFO,07/01/2020,09:35:32,49.1,49.15,375,49.95,450,0,431400
NIFTY26MAR2013000CE.NFO,07/01/2020,09:35:34,49.1,48.65,75,49.95,450,0,431400
NIFTY26MAR2013000CE.NFO,07/01/2020,09:35:35,49.1,48.8,75,49.95,450,0,431400
NIFTY26MAR2013000CE.NFO,07/01/2020,09:35:36,49.1,47.85,375,49.95,450,0,431400
NIFTY26MAR2013000CE.NFO,07/01/2020,09:35:37,49.1,48.65,150,49.95,450,0,431400
NIFTY26MAR2013000CE.NFO,07/01/2020,09:35:38,49.1,48.95,375,49.9,75,0,431400
NIFTY26MAR2013000CE.NFO,07/01/2020,09:35:39,49.1,49.05,375,49.9,75,0,431400
NIFTY26MAR2013000CE.NFO,07/01/2020,09:35:42,49.1,49.05,375,49.85,300,0,431400
NIFTY26MAR2013000CE.NFO,07/01/2020,09:35:43,49.1,49.15,375,49.85,300,0,431400
NIFTY26MAR2013000CE.NFO,07/01/2020,09:35:45,49.1,49.1,300,49.8,75,0,431400
NIFTY26MAR2013000CE.NFO,07/01/2020,09:35:47,49.1,48.25,75,49.75,300,0,431400
NIFTY26MAR2013000CE.NFO,07/01/2020,09:35:49,49.1,48.35,75,49.75,300,0,431400
NIFTY26MAR2013000CE.NFO,07/01/2020,09:35:50,50,48.7,75,50,75,600,431400
NIFTY26MAR2013000CE.NFO,07/01/2020,09:35:51,50,48.85,75,50,75,0,431400
NIFTY26MAR2013000CE.NFO,07/01/2020,09:35:52,50,49.1,450,50,75,0,431400
NIFTY26MAR2013000CE.NFO,07/01/2020,09:35:53,50,49.4,75,50,75,0,431400
NIFTY26MAR2013000CE.NFO,07/01/2020,09:35:55,50,49.25,75,50,75,0,431400
NIFTY26MAR2013000CE.NFO,07/01/2020,09:35:56,50,49.45,375,50,525,0,431400
NIFTY26MAR2013000CE.NFO,07/01/2020,09:35:57,50,49.15,375,50,525,0,431400
NIFTY26MAR2013000CE.NFO,07/01/2020,09:35:58,50,49.3,375,50,525,0,431400
NIFTY26MAR2013000CE.NFO,07/01/2020,09:36:00,50,49.15,375,50,525,0,431400
NIFTY26MAR2013000CE.NFO,07/01/2020,09:36:01,50,49.3,375,50,600,0,431400
NIFTY26MAR2013000CE.NFO,07/01/2020,09:36:02,50,49.4,75,50,600,0,431400
NIFTY26MAR2013000CE.NFO,07/01/2020,09:36:03,50,49.25,75,50,600,0,431400
NIFTY26MAR2013000CE.NFO,07/01/2020,09:36:05,50,49.45,375,50,600,0,431400
NIFTY26MAR2013000CE.NFO,07/01/2020,09:36:06,50,49.4,75,50,300,300,431400
NIFTY26MAR2013000CE.NFO,07/01/2020,09:36:07,50,49.7,75,50,150,150,431400
NIFTY26MAR2013000CE.NFO,07/01/2020,09:36:08,50,49.5,75,50,150,0,431400
NIFTY26MAR2013000CE.NFO,07/01/2020,09:36:17,50,49.2,75,50,150,0,431400
NIFTY26MAR2013000CE.NFO,07/01/2020,09:36:19,50,49.65,75,50,150,0,431400
NIFTY26MAR2013000CE.NFO,07/01/2020,09:36:20,50,49.35,75,50,150,0,431400
NIFTY26MAR2013000CE.NFO,07/01/2020,09:36:21,50,49.65,75,50,150,0,431400
NIFTY26MAR2013000CE.NFO,07/01/2020,09:36:22,50,49.2,75,50,75,75,431400
NIFTY26MAR2013000CE.NFO,07/01/2020,09:36:23,50,49.2,75,50,75,0,431400
NIFTY26MAR2013000CE.NFO,07/01/2020,09:36:24,50,49.5,75,50,75,0,431400
NIFTY26MAR2013000CE.NFO,07/01/2020,09:36:26,50,49.35,75,50,75,0,431400
NIFTY26MAR2013000CE.NFO,07/01/2020,09:36:27,50,49.2,75,50,75,0,431400
NIFTY26MAR2013000CE.NFO,07/01/2020,09:36:29,50,49.55,75,50,75,0,431400
NIFTY26MAR2013000CE.NFO,07/01/2020,09:36:29,50,49.45,75,50,75,0,431400
NIFTY26MAR2013000CE.NFO,07/01/2020,09:36:32,50,49.6,75,50,75,0,431400
NIFTY26MAR2013000CE.NFO,07/01/2020,09:36:33,50,49.45,75,50,75,0,431400
NIFTY26MAR2013000CE.NFO,07/01/2020,09:36:35,50,49.65,75,50,75,0,431400
NIFTY26MAR2013000CE.NFO,07/01/2020,09:36:36,50,49.75,150,50,75,0,431400
NIFTY26MAR2013000CE.NFO,07/01/2020,09:36:36,50,49.55,75,50,75,0,431400
NIFTY26MAR2013000CE.NFO,07/01/2020,09:36:37,50,49.85,75,50,75,0,431400
NIFTY26MAR2013000CE.NFO,07/01/2020,09:36:39,50,49.65,75,50,75,0,431400
NIFTY26MAR2013000CE.NFO,07/01/2020,09:36:40,50,49.45,75,50,75,0,431400
NIFTY26MAR2013000CE.NFO,07/01/2020,09:36:41,50,50.1,75,50.75,525,75,431400
NIFTY26MAR2013000CE.NFO,07/01/2020,09:36:42,50,50.1,75,50.75,525,0,431400
NIFTY26MAR2013000CE.NFO,07/01/2020,09:36:46,50.1,50.1,75,50.75,525,75,431400
NIFTY26MAR2013000CE.NFO,07/01/2020,09:36:47,50.1,50.1,75,50.75,525,0,431400
NIFTY26MAR2013000CE.NFO,07/01/2020,09:36:53,50.1,50.1,75,50.5,75,0,431400
NIFTY26MAR2013000CE.NFO,07/01/2020,09:36:56,50.1,49.6,75,50.5,150,0,431400
NIFTY26MAR2013000CE.NFO,07/01/2020,09:36:57,50.1,49.45,75,50.5,150,0,431400
NIFTY26MAR2013000CE.NFO,07/01/2020,09:36:58,50.1,49.55,75,50.5,150,0,431400
NIFTY26MAR2013000CE.NFO,07/01/2020,09:36:59,50.1,49.7,75,50.5,150,0,431400
NIFTY26MAR2013000CE.NFO,07/01/2020,09:37:01,50.1,49.6,75,50.5,150,0,431400
NIFTY26MAR2013000CE.NFO,07/01/2020,09:37:02,50.1,49.9,75,50.5,150,0,431400
NIFTY26MAR2013000CE.NFO,07/01/2020,09:37:03,50.1,50.2,75,50.5,150,0,431400
NIFTY26MAR2013000CE.NFO,07/01/2020,09:37:04,50.1,49.7,75,50.5,150,0,431400
NIFTY26MAR2013000CE.NFO,07/01/2020,09:37:05,50.1,49.85,75,50.5,150,0,431400
NIFTY26MAR2013000CE.NFO,07/01/2020,09:37:06,50.1,50.15,75,50.5,150,0,431400
NIFTY26MAR2013000CE.NFO,07/01/2020,09:37:07,50.1,49.35,150,50.5,150,0,431400
NIFTY26MAR2013000CE.NFO,07/01/2020,09:37:08,50.1,49.8,75,50.5,150,0,431400
NIFTY26MAR2013000CE.NFO,07/01/2020,09:37:09,50.1,49.95,75,50.5,150,0,431400
NIFTY26MAR2013000CE.NFO,07/01/2020,09:37:10,50.1,49.6,75,50.5,150,0,431400
NIFTY26MAR2013000CE.NFO,07/01/2020,09:37:11,50.1,49.85,75,50.5,150,0,431400
NIFTY26MAR2013000CE.NFO,07/01/2020,09:37:12,50.1,50.05,75,50.5,150,0,431400
NIFTY26MAR2013000CE.NFO,07/01/2020,09:37:13,50.1,50.25,375,50.5,150,0,431400
NIFTY26MAR2013000CE.NFO,07/01/2020,09:37:14,50.1,49.7,75,50.5,150,0,431400
NIFTY26MAR2013000CE.NFO,07/01/2020,09:37:16,50.1,49.8,75,50.5,150,0,431400
NIFTY26MAR2013000CE.NFO,07/01/2020,09:37:17,50.1,50.1,75,50.5,150,0,431400
NIFTY26MAR2013000CE.NFO,07/01/2020,09:37:18,50.1,49.4,75,50.5,150,0,431400
NIFTY26MAR2013000CE.NFO,07/01/2020,09:37:18,50.1,49.95,75,50.5,150,0,431400
NIFTY26MAR2013000CE.NFO,07/01/2020,09:37:19,50.1,50.1,75,50.5,150,0,431400
NIFTY26MAR2013000CE.NFO,07/01/2020,09:37:20,50.1,49.7,150,50.5,150,0,431400
NIFTY26MAR2013000CE.NFO,07/01/2020,09:37:21,50.1,50.05,75,50.5,150,0,431400
NIFTY26MAR2013000CE.NFO,07/01/2020,09:37:22,50.1,50.2,75,50.5,150,0,431400
NIFTY26MAR2013000CE.NFO,07/01/2020,09:37:23,50.1,49.5,75,50.5,150,0,431400
NIFTY26MAR2013000CE.NFO,07/01/2020,09:37:25,50.1,50.05,75,50.5,150,0,431400
NIFTY26MAR2013000CE.NFO,07/01/2020,09:37:26,50.1,50.35,375,50.5,150,0,431400
NIFTY26MAR2013000CE.NFO,07/01/2020,09:37:27,50.1,49.85,75,50.5,150,0,431400
NIFTY26MAR2013000CE.NFO,07/01/2020,09:37:28,50.1,49.9,75,50.5,150,0,431400
NIFTY26MAR2013000CE.NFO,07/01/2020,09:37:29,50.1,50.15,75,50.5,150,0,431400
NIFTY26MAR2013000CE.NFO,07/01/2020,09:37:30,50.1,50.35,375,50.5,150,0,431400
NIFTY26MAR2013000CE.NFO,07/01/2020,09:37:31,50.1,49.95,75,50.5,150,0,431400
NIFTY26MAR2013000CE.NFO,07/01/2020,09:37:32,50.1,49.75,75,50.5,150,0,431400
NIFTY26MAR2013000CE.NFO,07/01/2020,09:37:33,50.1,50.2,75,50.5,150,0,431400
NIFTY26MAR2013000CE.NFO,07/01/2020,09:37:34,50.1,49.6,75,50.5,150,0,431400
NIFTY26MAR2013000CE.NFO,07/01/2020,09:37:35,50.1,49.9,75,50.5,150,0,431400
NIFTY26MAR2013000CE.NFO,07/01/2020,09:37:36,50.1,49.6,75,50.5,150,0,431400
NIFTY26MAR2013000CE.NFO,07/01/2020,09:37:37,50.1,50.1,75,50.5,150,0,431400
NIFTY26MAR2013000CE.NFO,07/01/2020,09:37:39,50.1,49.7,150,50.5,150,0,431400
NIFTY26MAR2013000CE.NFO,07/01/2020,09:37:40,50.1,50.2,75,50.5,150,0,431400
NIFTY26MAR2013000CE.NFO,07/01/2020,09:37:41,50.1,49.6,75,50.5,150,0,431400
NIFTY26MAR2013000CE.NFO,07/01/2020,09:37:42,50.1,49.9,75,50.5,150,0,431400
NIFTY26MAR2013000CE.NFO,07/01/2020,09:37:43,50.1,50.2,75,50.5,150,0,431400
NIFTY26MAR2013000CE.NFO,07/01/2020,09:37:44,50.1,49.8,75,50.5,150,0,431400
NIFTY26MAR2013000CE.NFO,07/01/2020,09:37:45,50.1,50.05,75,50.5,150,0,431400
NIFTY26MAR2013000CE.NFO,07/01/2020,09:37:46,50,50.2,75,50.5,150,75,431400
NIFTY26MAR2013000CE.NFO,07/01/2020,09:37:47,50,50.35,75,50.5,150,0,431400
NIFTY26MAR2013000CE.NFO,07/01/2020,09:37:49,50,49.8,75,50.5,150,0,431400
NIFTY26MAR2013000CE.NFO,07/01/2020,09:37:50,50.25,50.35,375,50.5,150,75,431400
NIFTY26MAR2013000CE.NFO,07/01/2020,09:37:51,50.25,50.35,75,50.5,150,0,431400
NIFTY26MAR2013000CE.NFO,07/01/2020,09:37:53,50.25,50.25,75,50.5,150,0,431400
NIFTY26MAR2013000CE.NFO,07/01/2020,09:37:54,50.25,50.45,375,50.5,150,0,431400
NIFTY26MAR2013000CE.NFO,07/01/2020,09:37:55,50.25,50.35,75,50.5,150,0,431400
NIFTY26MAR2013000CE.NFO,07/01/2020,09:37:56,50.25,50.1,375,50.5,150,0,431400
NIFTY26MAR2013000CE.NFO,07/01/2020,09:38:14,50.25,50.05,150,50.5,150,0,431400
NIFTY26MAR2013000CE.NFO,07/01/2020,09:38:14,50.5,50.1,375,50.75,525,150,432000
NIFTY26MAR2013000CE.NFO,07/01/2020,09:38:15,50.5,50.1,375,50.75,525,0,432000
NIFTY26MAR2013000CE.NFO,07/01/2020,09:38:17,50.5,50.1,375,50.7,75,0,432000
NIFTY26MAR2013000CE.NFO,07/01/2020,09:38:30,50.5,50.2,375,50.7,75,0,432000
NIFTY26MAR2013000CE.NFO,07/01/2020,09:38:31,50.5,50.45,75,50.7,75,0,432000
NIFTY26MAR2013000CE.NFO,07/01/2020,09:38:32,50.5,50.1,375,50.7,75,0,432000
NIFTY26MAR2013000CE.NFO,07/01/2020,09:38:33,50.5,50.3,375,50.7,75,0,432000
NIFTY26MAR2013000CE.NFO,07/01/2020,09:38:34,50.5,50.55,75,50.7,75,0,432000
NIFTY26MAR2013000CE.NFO,07/01/2020,09:38:35,50.5,50.15,75,50.7,75,0,432000
NIFTY26MAR2013000CE.NFO,07/01/2020,09:38:37,50.5,50.35,75,50.7,75,0,432000
NIFTY26MAR2013000CE.NFO,07/01/2020,09:38:37,50.5,50.45,75,50.7,75,0,432000
NIFTY26MAR2013000CE.NFO,07/01/2020,09:38:38,50.5,50.15,75,50.7,75,0,432000
NIFTY26MAR2013000CE.NFO,07/01/2020,09:38:39,50.5,50.3,375,50.7,75,0,432000
NIFTY26MAR2013000CE.NFO,07/01/2020,09:38:40,50.5,50.55,75,50.7,75,0,432000
NIFTY26MAR2013000CE.NFO,07/01/2020,09:38:41,50.55,50.15,75,50.7,75,75,432000
NIFTY26MAR2013000CE.NFO,07/01/2020,09:38:42,50.55,50.35,75,50.7,75,0,432000
NIFTY26MAR2013000CE.NFO,07/01/2020,09:38:43,50.55,50.6,375,50.75,525,0,432000
NIFTY26MAR2013000CE.NFO,07/01/2020,09:38:44,50.55,50.25,75,50.75,525,0,432000
NIFTY26MAR2013000CE.NFO,07/01/2020,09:38:45,50.55,50.45,75,50.75,525,0,432000
NIFTY26MAR2013000CE.NFO,07/01/2020,09:38:46,50.55,50.1,375,50.75,525,0,432000
NIFTY26MAR2013000CE.NFO,07/01/2020,09:38:47,50.55,50.35,75,50.75,525,0,432000
NIFTY26MAR2013000CE.NFO,07/01/2020,09:38:48,50.55,50.55,75,50.75,525,0,432000
NIFTY26MAR2013000CE.NFO,07/01/2020,09:38:50,50.55,50.25,75,50.75,525,0,432000
NIFTY26MAR2013000CE.NFO,07/01/2020,09:38:51,50.55,50.45,75,50.75,525,0,432000
NIFTY26MAR2013000CE.NFO,07/01/2020,09:38:51,50.55,50.1,75,50.75,525,0,432000
NIFTY26MAR2013000CE.NFO,07/01/2020,09:38:53,50.55,50.3,75,50.75,525,0,432000
NIFTY26MAR2013000CE.NFO,07/01/2020,09:38:54,50.55,50.5,75,50.75,525,0,432000
NIFTY26MAR2013000CE.NFO,07/01/2020,09:38:55,50.55,50.2,75,50.75,525,0,432000
NIFTY26MAR2013000CE.NFO,07/01/2020,09:38:56,50.45,50.5,375,50.75,525,150,432000
NIFTY26MAR2013000CE.NFO,07/01/2020,09:38:57,50.45,50.2,75,50.75,525,0,432000
NIFTY26MAR2013000CE.NFO,07/01/2020,09:38:58,50.45,50.4,225,50.75,525,0,432000
NIFTY26MAR2013000CE.NFO,07/01/2020,09:38:59,50.45,50.2,225,50.75,525,0,432000
NIFTY26MAR2013000CE.NFO,07/01/2020,09:39:00,50.45,50.4,225,50.75,525,0,432000
NIFTY26MAR2013000CE.NFO,07/01/2020,09:39:01,50.45,50.25,375,50.75,525,0,432000
NIFTY26MAR2013000CE.NFO,07/01/2020,09:39:02,50.45,50.55,375,50.75,525,0,432000
NIFTY26MAR2013000CE.NFO,07/01/2020,09:39:04,50.45,50.4,225,50.75,525,0,432000
NIFTY26MAR2013000CE.NFO,07/01/2020,09:39:05,50.45,50.2,225,50.75,525,0,432000
NIFTY26MAR2013000CE.NFO,07/01/2020,09:39:06,50.45,50.45,375,50.75,525,0,432000
NIFTY26MAR2013000CE.NFO,07/01/2020,09:39:07,50.45,50.3,225,50.75,525,0,432000
NIFTY26MAR2013000CE.NFO,07/01/2020,09:39:08,50.45,50.2,225,50.75,525,0,432000
NIFTY26MAR2013000CE.NFO,07/01/2020,09:39:09,50.45,50.5,225,50.75,525,0,432000
NIFTY26MAR2013000CE.NFO,07/01/2020,09:39:10,50.45,50.6,225,50.75,525,0,432000
NIFTY26MAR2013000CE.NFO,07/01/2020,09:39:11,50.45,50.3,225,50.75,525,0,432000
NIFTY26MAR2013000CE.NFO,07/01/2020,09:39:12,50.45,50.4,225,50.75,525,0,432000
NIFTY26MAR2013000CE.NFO,07/01/2020,09:39:13,50.75,50.55,375,50.75,375,150,432000
NIFTY26MAR2013000CE.NFO,07/01/2020,09:39:14,50.75,50.45,225,50.75,375,0,432000
NIFTY26MAR2013000CE.NFO,07/01/2020,09:39:15,50.6,50.65,375,50.75,375,75,432000
NIFTY26MAR2013000CE.NFO,07/01/2020,09:39:16,50.6,50.35,225,50.75,375,0,432000
NIFTY26MAR2013000CE.NFO,07/01/2020,09:39:17,50.6,50.65,225,50.75,375,0,432000
NIFTY26MAR2013000CE.NFO,07/01/2020,09:39:18,50.6,50.35,375,50.75,375,0,432000
NIFTY26MAR2013000CE.NFO,07/01/2020,09:39:19,50.6,50.4,225,50.75,375,0,432000
NIFTY26MAR2013000CE.NFO,07/01/2020,09:39:20,50.6,50.35,225,50.75,375,0,432000
NIFTY26MAR2013000CE.NFO,07/01/2020,09:39:21,50.6,50.45,225,50.75,375,0,432000
NIFTY26MAR2013000CE.NFO,07/01/2020,09:39:22,50.6,50.6,375,50.75,375,0,432000
NIFTY26MAR2013000CE.NFO,07/01/2020,09:39:23,50.6,50.15,225,50.75,375,0,432000
NIFTY26MAR2013000CE.NFO,07/01/2020,09:39:25,50.6,50.65,225,50.75,375,0,432000
NIFTY26MAR2013000CE.NFO,07/01/2020,09:39:26,50.6,50.25,225,50.75,375,0,432000
NIFTY26MAR2013000CE.NFO,07/01/2020,09:39:27,50.6,50.55,225,50.75,375,0,432000
NIFTY26MAR2013000CE.NFO,07/01/2020,09:39:28,50.55,50.2,375,50.75,375,225,432000
NIFTY26MAR2013000CE.NFO,07/01/2020,09:39:29,50.55,50.45,225,50.75,375,0,432000
NIFTY26MAR2013000CE.NFO,07/01/2020,09:39:30,50.55,50.2,375,50.75,375,0,432000
NIFTY26MAR2013000CE.NFO,07/01/2020,09:39:31,50.55,50.55,225,50.75,375,0,432000
NIFTY26MAR2013000CE.NFO,07/01/2020,09:39:32,50.55,50.2,225,50.75,375,0,432000
NIFTY26MAR2013000CE.NFO,07/01/2020,09:39:33,50.55,50.3,225,50.75,375,0,432000
NIFTY26MAR2013000CE.NFO,07/01/2020,09:39:34,50.55,50.5,225,50.75,375,0,432000
NIFTY26MAR2013000CE.NFO,07/01/2020,09:39:35,50.55,50.35,225,50.75,375,0,432000
NIFTY26MAR2013000CE.NFO,07/01/2020,09:39:36,50.55,50.65,225,50.75,375,0,432000
NIFTY26MAR2013000CE.NFO,07/01/2020,09:39:37,50.55,50.3,225,50.75,375,0,432000
NIFTY26MAR2013000CE.NFO,07/01/2020,09:39:38,50.55,50.5,225,50.75,375,0,432000
NIFTY26MAR2013000CE.NFO,07/01/2020,09:39:39,50.55,50.7,225,50.75,375,0,432000
NIFTY26MAR2013000CE.NFO,07/01/2020,09:39:40,50.55,50.15,225,50.75,375,0,432000
NIFTY26MAR2013000CE.NFO,07/01/2020,09:39:42,50.55,50.55,225,50.75,375,0,432000
NIFTY26MAR2013000CE.NFO,07/01/2020,09:39:43,50.55,50.7,375,50.75,375,0,432000
NIFTY26MAR2013000CE.NFO,07/01/2020,09:39:44,50.55,50.3,225,50.75,375,0,432000
NIFTY26MAR2013000CE.NFO,07/01/2020,09:39:45,50.55,50.5,225,50.75,375,0,432000
NIFTY26MAR2013000CE.NFO,07/01/2020,09:39:46,50.55,50.2,375,50.75,375,0,432000
NIFTY26MAR2013000CE.NFO,07/01/2020,09:39:47,50.55,50.6,375,50.75,375,0,432000
NIFTY26MAR2013000CE.NFO,07/01/2020,09:39:48,50.55,50.25,375,50.75,375,0,432000
NIFTY26MAR2013000CE.NFO,07/01/2020,09:39:49,50.55,50.45,375,50.75,375,0,432000
NIFTY26MAR2013000CE.NFO,07/01/2020,09:39:50,50.55,50.35,225,50.75,375,0,432000
NIFTY26MAR2013000CE.NFO,07/01/2020,09:39:57,50.55,50.55,225,50.75,375,0,432000
NIFTY26MAR2013000CE.NFO,07/01/2020,09:39:59,50.55,50.2,225,50.75,375,0,432000
NIFTY26MAR2013000CE.NFO,07/01/2020,09:39:59,50.55,50.4,225,50.75,375,0,432000
NIFTY26MAR2013000CE.NFO,07/01/2020,09:40:01,50.55,50.65,375,50.75,375,0,432000
NIFTY26MAR2013000CE.NFO,07/01/2020,09:40:02,50.75,50.2,150,50.75,225,150,432000
NIFTY26MAR2013000CE.NFO,07/01/2020,09:40:03,50.75,50.6,75,50.75,150,75,432000
NIFTY26MAR2013000CE.NFO,07/01/2020,09:40:05,50.75,50.25,75,50.75,75,75,432000
NIFTY26MAR2013000CE.NFO,07/01/2020,09:40:06,50.75,50.35,75,51.5,450,75,432000
NIFTY26MAR2013000CE.NFO,07/01/2020,09:40:07,50.75,50.35,375,51.5,450,0,432000
NIFTY26MAR2013000CE.NFO,07/01/2020,09:40:08,50.75,50.35,75,51.5,450,0,432000
NIFTY26MAR2013000CE.NFO,07/01/2020,09:40:10,50.75,50.25,75,51.5,450,0,432000
NIFTY26MAR2013000CE.NFO,07/01/2020,09:40:12,50.75,50.5,75,51.45,300,0,432000
NIFTY26MAR2013000CE.NFO,07/01/2020,09:40:14,50.75,50.75,150,51.45,300,0,432000
NIFTY26MAR2013000CE.NFO,07/01/2020,09:40:15,50.75,50.4,75,51.45,300,0,432000
NIFTY26MAR2013000CE.NFO,07/01/2020,09:40:16,50.75,50.8,75,51.45,300,0,432000
NIFTY26MAR2013000CE.NFO,07/01/2020,09:40:18,50.75,50.95,75,51.45,300,0,432000
NIFTY26MAR2013000CE.NFO,07/01/2020,09:40:19,50.75,50.15,375,51.45,300,0,432000
NIFTY26MAR2013000CE.NFO,07/01/2020,09:40:20,50.75,50.7,375,51.4,75,0,432000
NIFTY26MAR2013000CE.NFO,07/01/2020,09:40:21,50.75,50.8,225,51.4,75,0,432000
NIFTY26MAR2013000CE.NFO,07/01/2020,09:40:22,50.75,50.9,75,51.4,150,0,432000
NIFTY26MAR2013000CE.NFO,07/01/2020,09:40:23,50.75,50.4,75,51.4,150,0,432000
NIFTY26MAR2013000CE.NFO,07/01/2020,09:40:25,50.75,50.4,75,51.35,300,0,432000
NIFTY26MAR2013000CE.NFO,07/01/2020,09:40:26,50.75,51,75,51.35,300,0,432000
NIFTY26MAR2013000CE.NFO,07/01/2020,09:40:27,50.75,50.6,225,51.35,300,0,432000
NIFTY26MAR2013000CE.NFO,07/01/2020,09:40:29,50.75,50.85,75,51.35,300,0,432000
NIFTY26MAR2013000CE.NFO,07/01/2020,09:40:30,50.75,50.8,75,51.35,300,0,432000
NIFTY26MAR2013000CE.NFO,07/01/2020,09:40:31,50.75,50.95,75,51.35,300,0,432000
NIFTY26MAR2013000CE.NFO,07/01/2020,09:40:32,50.75,50.85,375,51.35,300,0,432000
NIFTY26MAR2013000CE.NFO,07/01/2020,09:40:33,50.75,50.2,75,51.35,300,0,432000
NIFTY26MAR2013000CE.NFO,07/01/2020,09:40:34,50.75,50.65,225,51.35,300,0,432000
NIFTY26MAR2013000CE.NFO,07/01/2020,09:40:35,50.75,50.6,225,51.35,300,0,432000
NIFTY26MAR2013000CE.NFO,07/01/2020,09:40:37,50.75,50.75,225,51.35,300,0,432000
NIFTY26MAR2013000CE.NFO,07/01/2020,09:40:38,50.75,50.5,225,51.35,300,0,432000
NIFTY26MAR2013000CE.NFO,07/01/2020,09:40:39,50.75,50.8,225,51.35,300,0,432000
NIFTY26MAR2013000CE.NFO,07/01/2020,09:40:40,50.75,50.85,225,51.35,300,0,432000
NIFTY26MAR2013000CE.NFO,07/01/2020,09:40:41,50.75,50.8,75,51.35,300,0,432000
NIFTY26MAR2013000CE.NFO,07/01/2020,09:40:42,50.75,50.7,225,51.35,300,0,432000
NIFTY26MAR2013000CE.NFO,07/01/2020,09:40:43,50.75,51,300,51.35,300,0,432000
NIFTY26MAR2013000CE.NFO,07/01/2020,09:40:46,50.75,50.45,75,51.35,300,0,432000
NIFTY26MAR2013000CE.NFO,07/01/2020,09:40:47,50.75,50.3,225,51.35,300,0,432000
NIFTY26MAR2013000CE.NFO,07/01/2020,09:40:48,50.75,50.85,225,51.35,300,0,432000
NIFTY26MAR2013000CE.NFO,07/01/2020,09:40:50,50.75,50.85,375,51.3,150,0,432000
NIFTY26MAR2013000CE.NFO,07/01/2020,09:40:52,50.75,50.7,225,51.3,150,0,432000
NIFTY26MAR2013000CE.NFO,07/01/2020,09:40:53,50.75,50.85,375,51.3,150,0,432000
NIFTY26MAR2013000CE.NFO,07/01/2020,09:40:54,50.75,50.85,225,51.3,150,0,432000
NIFTY26MAR2013000CE.NFO,07/01/2020,09:40:56,50.75,50.75,375,51.3,150,0,432000
NIFTY26MAR2013000CE.NFO,07/01/2020,09:40:57,50.75,50.8,225,51.3,150,0,432000
NIFTY26MAR2013000CE.NFO,07/01/2020,09:40:58,50.75,50.85,225,51.3,150,0,432000
NIFTY26MAR2013000CE.NFO,07/01/2020,09:41:00,50.75,50.85,375,51.3,150,0,432000
NIFTY26MAR2013000CE.NFO,07/01/2020,09:41:01,50.75,50.8,225,51.3,150,0,432000
NIFTY26MAR2013000CE.NFO,07/01/2020,09:41:02,50.75,50.75,225,51.25,150,0,432000
NIFTY26MAR2013000CE.NFO,07/01/2020,09:41:03,50.75,50.85,225,51.25,150,0,432000
NIFTY26MAR2013000CE.NFO,07/01/2020,09:41:04,50.75,50.85,375,51.25,150,0,432000
NIFTY26MAR2013000CE.NFO,07/01/2020,09:41:05,50.75,50.7,75,51.25,150,0,432000
NIFTY26MAR2013000CE.NFO,07/01/2020,09:41:07,50.75,50.75,150,51.25,150,0,432000
NIFTY26MAR2013000CE.NFO,07/01/2020,09:41:08,50.75,50.45,75,51.25,150,0,432000
NIFTY26MAR2013000CE.NFO,07/01/2020,09:41:09,50.75,50.75,75,51.25,150,0,432000
NIFTY26MAR2013000CE.NFO,07/01/2020,09:41:10,50.75,50.8,375,51.25,150,0,432000
NIFTY26MAR2013000CE.NFO,07/01/2020,09:41:11,50.75,50.3,450,51.25,150,0,432000
NIFTY26MAR2013000CE.NFO,07/01/2020,09:41:12,50.75,50.7,150,51.25,150,0,432000
NIFTY26MAR2013000CE.NFO,07/01/2020,09:41:13,50.75,51,375,51.25,150,0,432000
NIFTY26MAR2013000CE.NFO,07/01/2020,09:41:14,50.75,50.25,75,51.25,150,0,432000
NIFTY26MAR2013000CE.NFO,07/01/2020,09:41:15,50.75,50.65,75,51.5,600,0,432000
NIFTY26MAR2013000CE.NFO,07/01/2020,09:41:17,50.75,51.1,225,51.5,600,0,432000
NIFTY26MAR2013000CE.NFO,07/01/2020,09:41:18,50.75,51,225,51.5,600,0,432000
NIFTY26MAR2013000CE.NFO,07/01/2020,09:41:19,50.75,50.3,375,51.5,600,0,432000
NIFTY26MAR2013000CE.NFO,07/01/2020,09:41:20,50.75,51.05,75,51.5,600,0,432000
NIFTY26MAR2013000CE.NFO,07/01/2020,09:41:21,50.75,50.3,75,51.45,150,0,432000
NIFTY26MAR2013000CE.NFO,07/01/2020,09:41:22,50.75,50.85,75,51.45,150,0,432000
NIFTY26MAR2013000CE.NFO,07/01/2020,09:41:24,50.75,51.05,375,51.45,150,0,432000
NIFTY26MAR2013000CE.NFO,07/01/2020,09:41:25,50.75,50.8,75,51.45,150,0,432000
NIFTY26MAR2013000CE.NFO,07/01/2020,09:41:26,50.75,51.15,75,51.45,150,0,432000
NIFTY26MAR2013000CE.NFO,07/01/2020,09:41:27,50.75,50.8,150,51.45,150,0,432000
NIFTY26MAR2013000CE.NFO,07/01/2020,09:41:28,50.75,50.3,75,51.45,150,0,432000
NIFTY26MAR2013000CE.NFO,07/01/2020,09:41:29,50.75,51.1,75,51.45,150,0,432000
NIFTY26MAR2013000CE.NFO,07/01/2020,09:41:31,50.75,50.4,75,51.45,150,0,432000
NIFTY26MAR2013000CE.NFO,07/01/2020,09:41:32,50.75,51,75,51.45,150,0,432000
NIFTY26MAR2013000CE.NFO,07/01/2020,09:41:33,50.75,51.15,75,51.45,150,0,432000
NIFTY26MAR2013000CE.NFO,07/01/2020,09:41:35,50.75,50.85,75,51.45,150,0,432000
NIFTY26MAR2013000CE.NFO,07/01/2020,09:41:36,50.75,50.3,375,51.45,150,0,432000
NIFTY26MAR2013000CE.NFO,07/01/2020,09:41:37,50.75,51.1,75,51.45,150,0,432000
NIFTY26MAR2013000CE.NFO,07/01/2020,09:41:38,50.75,51.15,75,51.45,150,0,432000
NIFTY26MAR2013000CE.NFO,07/01/2020,09:41:39,50.75,50.9,225,51.45,150,0,432000
NIFTY26MAR2013000CE.NFO,07/01/2020,09:41:40,50.75,51.1,75,51.45,150,0,432000
NIFTY26MAR2013000CE.NFO,07/01/2020,09:41:41,50.75,50.6,225,51.45,150,0,432000
NIFTY26MAR2013000CE.NFO,07/01/2020,09:41:42,50.75,51.1,75,51.45,150,0,432000
NIFTY26MAR2013000CE.NFO,07/01/2020,09:41:43,50.75,50.7,300,51.4,450,0,432000
NIFTY26MAR2013000CE.NFO,07/01/2020,09:41:44,50.75,51.1,75,51.4,450,0,432000
NIFTY26MAR2013000CE.NFO,07/01/2020,09:41:45,50.75,50.4,75,51.1,75,0,432000
NIFTY26MAR2013000CE.NFO,07/01/2020,09:41:47,51.1,50.85,75,51.4,450,75,432900
NIFTY26MAR2013000CE.NFO,07/01/2020,09:41:48,51.1,50.4,75,51.4,450,0,432900
NIFTY26MAR2013000CE.NFO,07/01/2020,09:41:49,51.1,51.05,375,51.4,450,0,432900
NIFTY26MAR2013000CE.NFO,07/01/2020,09:41:50,51.1,51.05,150,51.4,450,0,432900
NIFTY26MAR2013000CE.NFO,07/01/2020,09:41:51,51.1,51,75,51.4,450,0,432900
NIFTY26MAR2013000CE.NFO,07/01/2020,09:41:52,51.1,51.05,75,51.4,450,0,432900
NIFTY26MAR2013000CE.NFO,07/01/2020,09:41:56,51.1,50.85,75,51.4,450,0,432900
NIFTY26MAR2013000CE.NFO,07/01/2020,09:41:57,51.1,51.05,375,51.75,450,0,432900
NIFTY26MAR2013000CE.NFO,07/01/2020,09:41:58,51.1,50.85,75,51.75,450,0,432900
NIFTY26MAR2013000CE.NFO,07/01/2020,09:42:00,51.1,51,75,51.75,450,0,432900
NIFTY26MAR2013000CE.NFO,07/01/2020,09:42:01,51.1,50.9,75,51.75,450,0,432900
NIFTY26MAR2013000CE.NFO,07/01/2020,09:42:02,51.1,51.4,150,51.75,450,0,432900
NIFTY26MAR2013000CE.NFO,07/01/2020,09:42:09,51.1,51.4,150,51.7,150,0,432900
NIFTY26MAR2013000CE.NFO,07/01/2020,09:42:21,51.4,51.05,75,51.4,150,150,432900
NIFTY26MAR2013000CE.NFO,07/01/2020,09:42:22,51.4,50.45,75,51.4,150,0,432900
NIFTY26MAR2013000CE.NFO,07/01/2020,09:42:24,51.4,50.85,75,51.4,150,0,432900
NIFTY26MAR2013000CE.NFO,07/01/2020,09:42:25,51.4,51.15,150,51.4,150,0,432900
NIFTY26MAR2013000CE.NFO,07/01/2020,09:42:26,51.4,51.15,75,51.4,150,0,432900
NIFTY26MAR2013000CE.NFO,07/01/2020,09:42:27,51.4,50.55,75,51.4,150,0,432900
NIFTY26MAR2013000CE.NFO,07/01/2020,09:42:28,51.4,51,75,51.4,150,0,432900
NIFTY26MAR2013000CE.NFO,07/01/2020,09:42:30,51.4,50.25,75,51.4,150,0,432900
NIFTY26MAR2013000CE.NFO,07/01/2020,09:42:31,51.4,51.2,225,51.4,150,0,432900
NIFTY26MAR2013000CE.NFO,07/01/2020,09:42:32,51.4,51.15,375,51.4,150,0,432900
NIFTY26MAR2013000CE.NFO,07/01/2020,09:42:33,51.4,50.65,75,51.4,150,0,432900
NIFTY26MAR2013000CE.NFO,07/01/2020,09:42:35,51.4,51.25,150,51.4,150,0,432900
NIFTY26MAR2013000CE.NFO,07/01/2020,09:42:36,51.4,51.15,150,51.4,150,0,432900
NIFTY26MAR2013000CE.NFO,07/01/2020,09:42:37,51.4,51.05,150,51.4,150,0,432900
NIFTY26MAR2013000CE.NFO,07/01/2020,09:42:38,51.4,50.45,75,51.4,150,0,432900
NIFTY26MAR2013000CE.NFO,07/01/2020,09:42:40,51.4,51.1,75,51.4,150,0,432900
NIFTY26MAR2013000CE.NFO,07/01/2020,09:42:41,51.4,51.1,150,51.4,150,0,432900
NIFTY26MAR2013000CE.NFO,07/01/2020,09:42:42,51.4,51.1,375,51.4,150,0,432900
NIFTY26MAR2013000CE.NFO,07/01/2020,09:42:44,51.4,50.3,75,51.4,150,0,432900
NIFTY26MAR2013000CE.NFO,07/01/2020,09:42:45,51.4,51.05,150,51.4,150,0,432900
NIFTY26MAR2013000CE.NFO,07/01/2020,09:42:46,51.4,50.35,375,51.4,150,0,432900
NIFTY26MAR2013000CE.NFO,07/01/2020,09:42:47,51.4,51.05,375,51.4,150,0,432900
NIFTY26MAR2013000CE.NFO,07/01/2020,09:42:48,51,51.15,225,51.4,150,75,432900
NIFTY26MAR2013000CE.NFO,07/01/2020,09:42:49,51,51,225,51.4,150,0,432900
NIFTY26MAR2013000CE.NFO,07/01/2020,09:42:50,51,51.05,225,51.4,150,0,432900
NIFTY26MAR2013000CE.NFO,07/01/2020,09:42:52,51,51,225,51.4,150,0,432900
NIFTY26MAR2013000CE.NFO,07/01/2020,09:42:53,51,50.55,75,51.4,150,0,432900
NIFTY26MAR2013000CE.NFO,07/01/2020,09:42:54,51,50.95,675,51.4,150,0,432900
NIFTY26MAR2013000CE.NFO,07/01/2020,09:42:55,51,50.85,675,51.4,150,0,432900
NIFTY26MAR2013000CE.NFO,07/01/2020,09:42:56,51,51.05,225,51.4,150,0,432900
NIFTY26MAR2013000CE.NFO,07/01/2020,09:42:58,51,51,75,51.4,150,0,432900
NIFTY26MAR2013000CE.NFO,07/01/2020,09:42:59,51,51,150,51.4,150,0,432900
NIFTY26MAR2013000CE.NFO,07/01/2020,09:43:00,51,50.9,75,51.4,150,0,432900
NIFTY26MAR2013000CE.NFO,07/01/2020,09:43:01,51,51.05,75,51.4,150,0,432900
NIFTY26MAR2013000CE.NFO,07/01/2020,09:43:02,51,50.2,675,51.4,150,0,432900
NIFTY26MAR2013000CE.NFO,07/01/2020,09:43:04,51,50.45,225,51.4,150,0,432900
NIFTY26MAR2013000CE.NFO,07/01/2020,09:43:05,51,51,150,51.4,150,0,432900
NIFTY26MAR2013000CE.NFO,07/01/2020,09:43:06,51,50.5,225,51.4,150,0,432900
NIFTY26MAR2013000CE.NFO,07/01/2020,09:43:07,51,50.45,225,51.4,150,0,432900
NIFTY26MAR2013000CE.NFO,07/01/2020,09:43:08,51,50.95,75,51.4,150,0,432900
NIFTY26MAR2013000CE.NFO,07/01/2020,09:43:08,51,50.65,225,51.4,150,0,432900
NIFTY26MAR2013000CE.NFO,07/01/2020,09:43:09,51,50.9,75,51.4,150,0,432900
NIFTY26MAR2013000CE.NFO,07/01/2020,09:43:10,51,50.35,150,51.4,150,0,432900
NIFTY26MAR2013000CE.NFO,07/01/2020,09:43:11,51,50.9,225,51.4,150,0,432900
NIFTY26MAR2013000CE.NFO,07/01/2020,09:43:12,51,50.3,225,51.4,150,0,432900
NIFTY26MAR2013000CE.NFO,07/01/2020,09:43:13,51,51.05,75,51.35,450,0,432900
NIFTY26MAR2013000CE.NFO,07/01/2020,09:43:15,51,50.95,225,51.35,450,0,432900
NIFTY26MAR2013000CE.NFO,07/01/2020,09:43:16,51,50.8,225,51.35,450,0,432900
NIFTY26MAR2013000CE.NFO,07/01/2020,09:43:16,51,50.55,75,51.35,450,0,432900
NIFTY26MAR2013000CE.NFO,07/01/2020,09:43:19,51,51,225,51.35,450,0,432900
NIFTY26MAR2013000CE.NFO,07/01/2020,09:43:20,51,51.05,75,51.35,450,0,432900
NIFTY26MAR2013000CE.NFO,07/01/2020,09:43:21,51,50.65,375,51.35,450,0,432900
NIFTY26MAR2013000CE.NFO,07/01/2020,09:43:22,51,51.2,225,51.35,450,0,432900
NIFTY26MAR2013000CE.NFO,07/01/2020,09:43:24,51,51.15,225,51.35,450,0,432900
NIFTY26MAR2013000CE.NFO,07/01/2020,09:43:25,51,51.1,225,51.35,450,0,432900
NIFTY26MAR2013000CE.NFO,07/01/2020,09:43:26,51,50.3,300,51.35,450,0,432900
NIFTY26MAR2013000CE.NFO,07/01/2020,09:43:28,51.35,51.15,225,51.35,225,225,432900
NIFTY26MAR2013000CE.NFO,07/01/2020,09:43:29,51.35,51.15,225,51.35,225,0,432900
NIFTY26MAR2013000CE.NFO,07/01/2020,09:43:30,51.35,51.2,225,51.35,225,0,432900
NIFTY26MAR2013000CE.NFO,07/01/2020,09:43:30,51.35,50.95,75,51.35,225,0,432900
NIFTY26MAR2013000CE.NFO,07/01/2020,09:43:32,51.35,51.3,225,51.35,225,0,432900
NIFTY26MAR2013000CE.NFO,07/01/2020,09:43:34,51.35,51,375,51.35,225,0,432900
NIFTY26MAR2013000CE.NFO,07/01/2020,09:43:35,51.35,51.25,225,51.35,225,0,432900
NIFTY26MAR2013000CE.NFO,07/01/2020,09:43:36,51.35,51.25,75,51.35,225,0,432900
NIFTY26MAR2013000CE.NFO,07/01/2020,09:43:37,51.35,51.3,225,51.35,225,0,432900
NIFTY26MAR2013000CE.NFO,07/01/2020,09:43:38,51.35,51.25,225,51.35,225,0,432900
NIFTY26MAR2013000CE.NFO,07/01/2020,09:43:39,51.35,51.25,375,51.35,225,0,432900
NIFTY26MAR2013000CE.NFO,07/01/2020,09:43:40,51.35,50.3,225,51.35,225,0,432900
NIFTY26MAR2013000CE.NFO,07/01/2020,09:43:41,51.35,51.25,75,51.35,225,0,432900
NIFTY26MAR2013000CE.NFO,07/01/2020,09:43:42,51.35,51.3,225,51.35,225,0,432900
NIFTY26MAR2013000CE.NFO,07/01/2020,09:43:43,51.35,51.15,300,51.35,225,0,432900
NIFTY26MAR2013000CE.NFO,07/01/2020,09:43:44,51.35,51.25,225,51.35,225,0,432900
NIFTY26MAR2013000CE.NFO,07/01/2020,09:43:45,51.35,50.65,225,51.35,225,0,432900
NIFTY26MAR2013000CE.NFO,07/01/2020,09:43:46,51.35,50.3,225,51.35,225,0,432900
NIFTY26MAR2013000CE.NFO,07/01/2020,09:43:47,51.35,50.8,375,51.35,225,0,432900
NIFTY26MAR2013000CE.NFO,07/01/2020,09:43:48,51.35,50.6,225,51.35,225,0,432900
NIFTY26MAR2013000CE.NFO,07/01/2020,09:43:50,51.35,50.8,75,51.35,225,0,432900
NIFTY26MAR2013000CE.NFO,07/01/2020,09:43:51,51.35,51.15,225,51.35,225,0,432900
NIFTY26MAR2013000CE.NFO,07/01/2020,09:43:52,51.35,50.5,225,51.35,225,0,432900
NIFTY26MAR2013000CE.NFO,07/01/2020,09:43:53,51.35,51.3,225,51.35,225,0,432900
NIFTY26MAR2013000CE.NFO,07/01/2020,09:43:54,51.35,51,150,51.35,225,0,432900
NIFTY26MAR2013000CE.NFO,07/01/2020,09:43:55,51.35,51.2,300,51.35,225,0,432900
NIFTY26MAR2013000CE.NFO,07/01/2020,09:43:57,51.35,50.45,225,51.35,225,0,432900
NIFTY26MAR2013000CE.NFO,07/01/2020,09:43:58,51.35,51.15,225,51.35,225,0,432900
NIFTY26MAR2013000CE.NFO,07/01/2020,09:43:59,51.35,51.2,225,51.35,225,0,432900
NIFTY26MAR2013000CE.NFO,07/01/2020,09:44:00,51.35,50.95,225,51.35,225,0,432900
NIFTY26MAR2013000CE.NFO,07/01/2020,09:44:01,51.35,51.2,150,51.35,150,75,432900
NIFTY26MAR2013000CE.NFO,07/01/2020,09:44:02,51.35,51.1,150,51.35,150,0,432900
NIFTY26MAR2013000CE.NFO,07/01/2020,09:44:03,51.35,51.3,150,51.35,150,0,432900
NIFTY26MAR2013000CE.NFO,07/01/2020,09:44:04,51.35,51.3,75,51.35,150,0,432900
NIFTY26MAR2013000CE.NFO,07/01/2020,09:44:05,51.35,51.3,225,51.35,75,75,432900
NIFTY26MAR2013000CE.NFO,07/01/2020,09:44:07,51.35,50.7,75,51.35,75,0,432900
NIFTY26MAR2013000CE.NFO,07/01/2020,09:44:08,51.35,51.2,75,51.35,75,0,432900
NIFTY26MAR2013000CE.NFO,07/01/2020,09:44:09,51.35,51,375,51.35,75,0,432900
NIFTY26MAR2013000CE.NFO,07/01/2020,09:44:10,51.35,50.7,375,51.35,75,0,432900
NIFTY26MAR2013000CE.NFO,07/01/2020,09:44:11,51.35,51.15,75,51.35,75,0,432900
NIFTY26MAR2013000CE.NFO,07/01/2020,09:44:18,51.35,51.15,75,51.4,150,75,433125
NIFTY26MAR2013000CE.NFO,07/01/2020,09:44:20,51.35,51.15,75,51.4,150,0,433125
NIFTY26MAR2013000CE.NFO,07/01/2020,09:44:22,51.35,51.05,4500,51.4,150,0,433125
NIFTY26MAR2013000CE.NFO,07/01/2020,09:44:30,51.35,51.1,225,51.4,150,0,433125
NIFTY26MAR2013000CE.NFO,07/01/2020,09:44:33,51.35,51.2,225,51.4,150,0,433125
NIFTY26MAR2013000CE.NFO,07/01/2020,09:44:34,51.35,51.2,75,51.4,150,0,433125
NIFTY26MAR2013000CE.NFO,07/01/2020,09:44:35,51.35,51.15,150,51.4,150,0,433125
NIFTY26MAR2013000CE.NFO,07/01/2020,09:44:36,51.35,51.2,75,51.4,150,0,433125
NIFTY26MAR2013000CE.NFO,07/01/2020,09:44:37,51.35,51.15,75,51.4,150,0,433125
NIFTY26MAR2013000CE.NFO,07/01/2020,09:44:38,51.35,51.2,150,51.4,150,0,433125
NIFTY26MAR2013000CE.NFO,07/01/2020,09:44:40,51.35,51.25,75,51.4,150,0,433125
NIFTY26MAR2013000CE.NFO,07/01/2020,09:44:41,51.35,51.2,150,51.4,150,0,433125
NIFTY26MAR2013000CE.NFO,07/01/2020,09:44:42,51.35,51.15,75,51.4,150,0,433125
NIFTY26MAR2013000CE.NFO,07/01/2020,09:44:44,51.35,51.25,375,51.4,150,150,433125
NIFTY26MAR2013000CE.NFO,07/01/2020,09:44:45,51.4,51.3,75,51.5,75,150,433125
NIFTY26MAR2013000CE.NFO,07/01/2020,09:44:46,51.4,51.3,75,51.5,75,0,433125
NIFTY26MAR2013000CE.NFO,07/01/2020,09:44:48,51.4,51.35,225,51.5,75,0,433125
NIFTY26MAR2013000CE.NFO,07/01/2020,09:44:49,51.5,51.5,4425,51.85,225,75,433125
NIFTY26MAR2013000CE.NFO,07/01/2020,09:44:50,51.5,51.5,4425,51.85,225,0,433125
NIFTY26MAR2013000CE.NFO,07/01/2020,09:44:53,51.9,52.1,3900,52.95,225,525,433125
NIFTY26MAR2013000CE.NFO,07/01/2020,09:44:54,51.9,52.1,3900,52.95,225,0,433125
NIFTY26MAR2013000CE.NFO,07/01/2020,09:44:58,51.9,50.85,75,52.95,225,0,433125
NIFTY26MAR2013000CE.NFO,07/01/2020,09:44:59,51.9,51.3,75,52.95,225,0,433125
NIFTY26MAR2013000CE.NFO,07/01/2020,09:45:00,51.9,51.3,75,52.9,450,0,433125
NIFTY26MAR2013000CE.NFO,07/01/2020,09:45:01,51.9,50.95,75,52.9,450,0,433125
NIFTY26MAR2013000CE.NFO,07/01/2020,09:45:02,51.9,51.3,225,52.9,450,0,433125
NIFTY26MAR2013000CE.NFO,07/01/2020,09:45:03,51.9,51,225,52.85,225,0,433125
NIFTY26MAR2013000CE.NFO,07/01/2020,09:45:04,51.9,51.3,225,52.85,450,0,433125
NIFTY26MAR2013000CE.NFO,07/01/2020,09:45:05,51.9,51.15,225,52.85,450,0,433125
NIFTY26MAR2013000CE.NFO,07/01/2020,09:45:06,51.9,50.95,150,52.85,450,0,433125
NIFTY26MAR2013000CE.NFO,07/01/2020,09:45:07,51.9,51.1,75,52.85,450,0,433125
NIFTY26MAR2013000CE.NFO,07/01/2020,09:45:08,51.9,51.2,75,52.85,450,0,433125
NIFTY26MAR2013000CE.NFO,07/01/2020,09:45:09,51.9,51.35,225,52.8,300,0,433125
NIFTY26MAR2013000CE.NFO,07/01/2020,09:45:10,51.9,51.5,75,52.8,300,0,433125
NIFTY26MAR2013000CE.NFO,07/01/2020,09:45:11,51.9,50.95,225,52.8,300,0,433125
NIFTY26MAR2013000CE.NFO,07/01/2020,09:45:13,51.9,50.6,300,52.8,300,0,433125
NIFTY26MAR2013000CE.NFO,07/01/2020,09:45:14,51.9,51.25,75,52.8,300,0,433125
NIFTY26MAR2013000CE.NFO,07/01/2020,09:45:15,51.9,51.2,150,52.8,300,0,433125
NIFTY26MAR2013000CE.NFO,07/01/2020,09:45:16,51.9,51.5,75,52.8,300,0,433125
NIFTY26MAR2013000CE.NFO,07/01/2020,09:45:18,51.9,51.45,225,52.8,300,0,433125
NIFTY26MAR2013000CE.NFO,07/01/2020,09:45:19,51.9,51.05,450,52.75,225,0,433125
NIFTY26MAR2013000CE.NFO,07/01/2020,09:45:20,51.9,50.7,225,52.75,225,0,433125
NIFTY26MAR2013000CE.NFO,07/01/2020,09:45:21,51.9,51.4,225,52.75,225,0,433125
NIFTY26MAR2013000CE.NFO,07/01/2020,09:45:23,51.9,50.85,75,52.7,300,0,433125
NIFTY26MAR2013000CE.NFO,07/01/2020,09:45:24,51.9,51.35,225,52.7,300,0,433125
NIFTY26MAR2013000CE.NFO,07/01/2020,09:45:25,51.9,51.3,75,52.7,300,0,433125
NIFTY26MAR2013000CE.NFO,07/01/2020,09:45:26,51.9,51.35,225,52.7,300,0,433125
NIFTY26MAR2013000CE.NFO,07/01/2020,09:45:27,51.9,51.3,225,52.7,300,0,433125
NIFTY26MAR2013000CE.NFO,07/01/2020,09:45:30,51.9,51.35,375,52.7,300,0,433125
NIFTY26MAR2013000CE.NFO,07/01/2020,09:45:31,51.9,51.2,75,52.7,300,0,433125
NIFTY26MAR2013000CE.NFO,07/01/2020,09:45:33,51.9,51.35,225,52.7,300,0,433125
NIFTY26MAR2013000CE.NFO,07/01/2020,09:45:34,51.9,51.35,375,52.7,300,0,433125
NIFTY26MAR2013000CE.NFO,07/01/2020,09:45:36,51.9,51.3,225,52.7,300,0,433125
NIFTY26MAR2013000CE.NFO,07/01/2020,09:45:37,51.9,50.65,225,52.7,600,0,433125
NIFTY26MAR2013000CE.NFO,07/01/2020,09:45:38,51.9,51.35,225,52.7,600,0,433125
NIFTY26MAR2013000CE.NFO,07/01/2020,09:45:39,51.9,51.4,75,52.7,600,0,433125
NIFTY26MAR2013000CE.NFO,07/01/2020,09:45:41,51.9,51,75,52.7,600,0,433125
NIFTY26MAR2013000CE.NFO,07/01/2020,09:45:42,51.9,51.5,75,52.7,600,0,433125
NIFTY26MAR2013000CE.NFO,07/01/2020,09:45:43,51.9,51.5,225,52.7,600,0,433125
NIFTY26MAR2013000CE.NFO,07/01/2020,09:45:44,51.9,50.7,375,52.7,600,0,433125
NIFTY26MAR2013000CE.NFO,07/01/2020,09:45:45,51.9,51.35,375,52.7,600,0,433125
NIFTY26MAR2013000CE.NFO,07/01/2020,09:45:46,51.9,51.55,75,52.7,600,0,433125
NIFTY26MAR2013000CE.NFO,07/01/2020,09:45:47,51.9,51.35,150,52.7,600,0,433125
NIFTY26MAR2013000CE.NFO,07/01/2020,09:45:48,51.9,51.9,225,52.7,600,0,433125
NIFTY26MAR2013000CE.NFO,07/01/2020,09:45:50,51.9,50.75,75,52.5,75,0,433125
NIFTY26MAR2013000CE.NFO,07/01/2020,09:45:51,51.9,51.8,75,52.5,75,0,433125
NIFTY26MAR2013000CE.NFO,07/01/2020,09:45:52,51.9,51.9,225,52.5,75,0,433125
NIFTY26MAR2013000CE.NFO,07/01/2020,09:45:53,51.9,51.55,150,52.5,75,0,433125
NIFTY26MAR2013000CE.NFO,07/01/2020,09:45:54,51.9,51.85,75,52.5,75,0,433125
NIFTY26MAR2013000CE.NFO,07/01/2020,09:45:56,51.9,51.2,75,52.5,75,0,433125
NIFTY26MAR2013000CE.NFO,07/01/2020,09:45:57,51.9,51.95,225,52.5,75,0,433125
NIFTY26MAR2013000CE.NFO,07/01/2020,09:45:58,51.9,51.75,75,52.5,75,0,433125
NIFTY26MAR2013000CE.NFO,07/01/2020,09:45:59,51.9,51.7,75,52.5,75,0,433125
NIFTY26MAR2013000CE.NFO,07/01/2020,09:46:00,51.9,52.05,75,52.5,75,0,433125
NIFTY26MAR2013000CE.NFO,07/01/2020,09:46:01,51.9,52.1,225,52.5,75,0,433125
NIFTY26MAR2013000CE.NFO,07/01/2020,09:46:02,51.9,50.7,225,52.5,75,0,433125
NIFTY26MAR2013000CE.NFO,07/01/2020,09:46:03,51.9,52,300,52.5,75,0,433125
NIFTY26MAR2013000CE.NFO,07/01/2020,09:46:05,51.9,52.15,75,52.5,75,0,433125
NIFTY26MAR2013000CE.NFO,07/01/2020,09:46:06,51.9,51.5,75,52.5,75,0,433125
NIFTY26MAR2013000CE.NFO,07/01/2020,09:46:07,51.9,51.85,225,52.5,75,0,433125
NIFTY26MAR2013000CE.NFO,07/01/2020,09:46:08,51.9,51.1,75,52.5,75,0,433125
NIFTY26MAR2013000CE.NFO,07/01/2020,09:46:09,51.9,51.75,150,52.5,75,0,433125
NIFTY26MAR2013000CE.NFO,07/01/2020,09:46:10,51.9,50.95,75,52.5,75,0,433125
NIFTY26MAR2013000CE.NFO,07/01/2020,09:46:11,51.9,51.6,300,52.5,75,0,433125
NIFTY26MAR2013000CE.NFO,07/01/2020,09:46:12,51.9,51.65,75,52.5,75,0,433125
NIFTY26MAR2013000CE.NFO,07/01/2020,09:46:13,51.9,51.75,225,52.5,75,0,433125
NIFTY26MAR2013000CE.NFO,07/01/2020,09:46:14,51.9,51.3,75,52.5,75,0,433125
NIFTY26MAR2013000CE.NFO,07/01/2020,09:46:15,51.9,50.6,225,52.5,75,0,433125
NIFTY26MAR2013000CE.NFO,07/01/2020,09:46:16,51.9,51.6,150,52.5,75,0,433125
NIFTY26MAR2013000CE.NFO,07/01/2020,09:46:17,51.9,50.65,150,52.5,75,0,433125
NIFTY26MAR2013000CE.NFO,07/01/2020,09:46:18,51.9,51.65,150,52.5,75,0,433125
NIFTY26MAR2013000CE.NFO,07/01/2020,09:46:19,51.9,50.95,300,52.5,75,0,433125
NIFTY26MAR2013000CE.NFO,07/01/2020,09:46:21,51.9,51.7,75,52.5,75,0,433125
NIFTY26MAR2013000CE.NFO,07/01/2020,09:46:22,51.9,51.05,75,52.5,75,0,433125
NIFTY26MAR2013000CE.NFO,07/01/2020,09:46:22,51.9,51.25,375,52.5,75,0,433125
NIFTY26MAR2013000CE.NFO,07/01/2020,09:46:24,51.9,51.5,75,52.5,75,0,433125
NIFTY26MAR2013000CE.NFO,07/01/2020,09:46:25,51.9,51,225,52.5,75,0,433125
NIFTY26MAR2013000CE.NFO,07/01/2020,09:46:26,51.9,50.85,225,52.5,75,0,433125
NIFTY26MAR2013000CE.NFO,07/01/2020,09:46:27,51.9,51.5,75,52.5,75,0,433125
NIFTY26MAR2013000CE.NFO,07/01/2020,09:46:28,51.9,51.15,75,52.5,75,0,433125
NIFTY26MAR2013000CE.NFO,07/01/2020,09:46:29,51.9,51.1,75,52.5,75,0,433125
NIFTY26MAR2013000CE.NFO,07/01/2020,09:46:29,51.9,51.25,75,52.5,75,0,433125
NIFTY26MAR2013000CE.NFO,07/01/2020,09:46:30,51.9,51.8,75,52.45,300,0,433125
NIFTY26MAR2013000CE.NFO,07/01/2020,09:46:31,51.9,51.3,225,52.45,300,0,433125
NIFTY26MAR2013000CE.NFO,07/01/2020,09:46:32,51.9,51.5,75,52.45,300,0,433125
NIFTY26MAR2013000CE.NFO,07/01/2020,09:46:33,51.9,50.85,150,52.45,300,0,433125
NIFTY26MAR2013000CE.NFO,07/01/2020,09:46:34,51.9,51.3,225,52.45,300,0,433125
NIFTY26MAR2013000CE.NFO,07/01/2020,09:46:35,51.9,51.5,225,52.45,300,0,433125
NIFTY26MAR2013000CE.NFO,07/01/2020,09:46:36,51.9,50.75,150,52.4,225,0,433125
NIFTY26MAR2013000CE.NFO,07/01/2020,09:46:38,51.9,51.55,150,52.4,225,0,433125
NIFTY26MAR2013000CE.NFO,07/01/2020,09:46:39,51.9,51.25,75,52.4,225,0,433125
NIFTY26MAR2013000CE.NFO,07/01/2020,09:46:40,51.9,51.3,75,52.4,225,0,433125
NIFTY26MAR2013000CE.NFO,07/01/2020,09:46:42,52.4,51.1,75,52.4,75,150,433125
NIFTY26MAR2013000CE.NFO,07/01/2020,09:46:43,52.4,51.1,75,52.4,75,0,433125
NIFTY26MAR2013000CE.NFO,07/01/2020,09:46:46,52.4,51.4,150,52.4,75,0,433125
NIFTY26MAR2013000CE.NFO,07/01/2020,09:46:47,52.4,51.25,75,52.4,75,0,433125
NIFTY26MAR2013000CE.NFO,07/01/2020,09:46:48,52.4,51.3,75,52.4,75,0,433125
NIFTY26MAR2013000CE.NFO,07/01/2020,09:46:50,52.4,51.3,75,52.35,150,0,433125
NIFTY26MAR2013000CE.NFO,07/01/2020,09:46:51,52.4,51.3,75,52.35,450,0,433125
NIFTY26MAR2013000CE.NFO,07/01/2020,09:46:53,52.4,51.4,75,52.35,450,0,433125
NIFTY26MAR2013000CE.NFO,07/01/2020,09:46:54,52.4,51.3,225,52.35,450,0,433125
NIFTY26MAR2013000CE.NFO,07/01/2020,09:46:55,52.4,51.15,225,52.35,450,0,433125
NIFTY26MAR2013000CE.NFO,07/01/2020,09:46:56,52.4,51.3,150,52.35,450,0,433125
NIFTY26MAR2013000CE.NFO,07/01/2020,09:46:57,52.4,51.2,225,52.35,450,0,433125
NIFTY26MAR2013000CE.NFO,07/01/2020,09:46:58,52.4,51.1,75,52.35,450,0,433125
NIFTY26MAR2013000CE.NFO,07/01/2020,09:46:59,52.4,51.25,75,52.35,450,0,433125
NIFTY26MAR2013000CE.NFO,07/01/2020,09:47:00,52.4,51.2,75,52.35,450,0,433125
NIFTY26MAR2013000CE.NFO,07/01/2020,09:47:01,52.4,51.25,75,52.35,450,0,433125
NIFTY26MAR2013000CE.NFO,07/01/2020,09:47:02,52.4,51.15,225,52.35,450,0,433125
NIFTY26MAR2013000CE.NFO,07/01/2020,09:47:03,52.4,51.25,150,52.35,450,0,433125
NIFTY26MAR2013000CE.NFO,07/01/2020,09:47:04,52.4,51.2,225,52.35,450,0,433125
NIFTY26MAR2013000CE.NFO,07/01/2020,09:47:04,52.4,51.1,75,52.35,450,0,433125
NIFTY26MAR2013000CE.NFO,07/01/2020,09:47:06,52.4,51.15,225,52.35,450,0,433125
NIFTY26MAR2013000CE.NFO,07/01/2020,09:47:08,52.4,51.15,150,52.35,450,0,433125
NIFTY26MAR2013000CE.NFO,07/01/2020,09:47:09,52.4,51.1,75,52.35,450,0,433125
NIFTY26MAR2013000CE.NFO,07/01/2020,09:47:10,52.4,51.05,225,52.35,450,0,433125
NIFTY26MAR2013000CE.NFO,07/01/2020,09:47:10,52.4,51,300,52.35,450,0,433125
NIFTY26MAR2013000CE.NFO,07/01/2020,09:47:11,52.4,51.1,75,52.35,450,0,433125
NIFTY26MAR2013000CE.NFO,07/01/2020,09:47:18,52.4,51.15,75,52.35,450,0,433125
NIFTY26MAR2013000CE.NFO,07/01/2020,09:47:19,52.4,51.15,150,52.3,75,0,433125
NIFTY26MAR2013000CE.NFO,07/01/2020,09:47:22,52.4,51.2,75,52.3,75,0,433125
NIFTY26MAR2013000CE.NFO,07/01/2020,09:47:23,52.4,51.2,150,52.3,75,0,433125
NIFTY26MAR2013000CE.NFO,07/01/2020,09:47:24,52.4,51.3,75,52.3,75,0,433125
NIFTY26MAR2013000CE.NFO,07/01/2020,09:47:27,52.4,51.2,75,52.25,75,0,433125
NIFTY26MAR2013000CE.NFO,07/01/2020,09:47:28,52.4,51.4,75,52.25,75,0,433125
NIFTY26MAR2013000CE.NFO,07/01/2020,09:47:29,52.4,51.15,75,52.25,75,0,433125
NIFTY26MAR2013000CE.NFO,07/01/2020,09:47:30,52.4,51.1,75,52.25,75,0,433125
NIFTY26MAR2013000CE.NFO,07/01/2020,09:47:32,52.4,51.25,75,52.25,75,0,433125
NIFTY26MAR2013000CE.NFO,07/01/2020,09:47:33,52.4,51.1,75,52.25,75,0,433125
NIFTY26MAR2013000CE.NFO,07/01/2020,09:47:35,52.4,51.25,75,52.2,375,0,433125
NIFTY26MAR2013000CE.NFO,07/01/2020,09:47:36,52.4,51.1,75,52.2,375,0,433125
NIFTY26MAR2013000CE.NFO,07/01/2020,09:47:37,52.4,51.3,75,52.2,375,0,433125
NIFTY26MAR2013000CE.NFO,07/01/2020,09:47:38,52.4,51.25,75,52.2,375,0,433125
NIFTY26MAR2013000CE.NFO,07/01/2020,09:47:39,52.4,51.1,75,52.2,375,0,433125
NIFTY26MAR2013000CE.NFO,07/01/2020,09:47:41,52.4,51.65,75,52.2,375,0,433125
NIFTY26MAR2013000CE.NFO,07/01/2020,09:47:43,52.4,51.65,75,52,825,0,433125
NIFTY26MAR2013000CE.NFO,07/01/2020,09:47:44,52,51.7,150,52,750,75,433350
NIFTY26MAR2013000CE.NFO,07/01/2020,09:47:46,52,51.35,75,52,750,0,433350
NIFTY26MAR2013000CE.NFO,07/01/2020,09:47:47,52,51.15,225,52,750,0,433350
NIFTY26MAR2013000CE.NFO,07/01/2020,09:47:48,52,51.85,75,52,750,0,433350
NIFTY26MAR2013000CE.NFO,07/01/2020,09:47:49,52,51.15,375,52,750,0,433350
NIFTY26MAR2013000CE.NFO,07/01/2020,09:47:50,52,51.85,75,52,750,0,433350
NIFTY26MAR2013000CE.NFO,07/01/2020,09:47:51,52,51.5,75,52,750,0,433350
NIFTY26MAR2013000CE.NFO,07/01/2020,09:47:52,52,51.85,75,52,750,0,433350
NIFTY26MAR2013000CE.NFO,07/01/2020,09:47:54,52,51.25,75,52,750,0,433350
NIFTY26MAR2013000CE.NFO,07/01/2020,09:47:55,52,51.95,75,52,750,0,433350
NIFTY26MAR2013000CE.NFO,07/01/2020,09:47:56,52,51.6,300,52,750,0,433350
NIFTY26MAR2013000CE.NFO,07/01/2020,09:47:57,52,51.2,300,52,750,0,433350
NIFTY26MAR2013000CE.NFO,07/01/2020,09:47:59,52,51.8,150,52,750,0,433350
NIFTY26MAR2013000CE.NFO,07/01/2020,09:48:00,52,51.25,150,52,750,0,433350
NIFTY26MAR2013000CE.NFO,07/01/2020,09:48:01,52,51.6,375,52,750,0,433350
NIFTY26MAR2013000CE.NFO,07/01/2020,09:48:02,52,51,225,52,750,0,433350
NIFTY26MAR2013000CE.NFO,07/01/2020,09:48:03,52,51.65,75,52,750,0,433350
NIFTY26MAR2013000CE.NFO,07/01/2020,09:48:04,52,51.35,75,52,750,0,433350
NIFTY26MAR2013000CE.NFO,07/01/2020,09:48:06,52,50.65,225,52,750,0,433350
NIFTY26MAR2013000CE.NFO,07/01/2020,09:48:07,52,51.45,225,52,750,0,433350
NIFTY26MAR2013000CE.NFO,07/01/2020,09:48:08,52,50.85,300,52,750,0,433350
NIFTY26MAR2013000CE.NFO,07/01/2020,09:48:09,52,51.75,75,52,750,0,433350
NIFTY26MAR2013000CE.NFO,07/01/2020,09:48:10,52,51.3,375,52,750,0,433350
NIFTY26MAR2013000CE.NFO,07/01/2020,09:48:11,52,50.95,75,52,750,0,433350
NIFTY26MAR2013000CE.NFO,07/01/2020,09:48:12,52,51.6,150,52,750,0,433350
NIFTY26MAR2013000CE.NFO,07/01/2020,09:48:13,52,51.3,225,52,750,0,433350
NIFTY26MAR2013000CE.NFO,07/01/2020,09:48:15,52,50.65,225,52,750,0,433350
NIFTY26MAR2013000CE.NFO,07/01/2020,09:48:16,52,51.55,75,52,750,0,433350
NIFTY26MAR2013000CE.NFO,07/01/2020,09:48:17,52,50.95,375,52,750,0,433350
NIFTY26MAR2013000CE.NFO,07/01/2020,09:48:18,52,50.6,675,52,750,0,433350
NIFTY26MAR2013000CE.NFO,07/01/2020,09:48:19,52,51.5,75,52,750,0,433350
NIFTY26MAR2013000CE.NFO,07/01/2020,09:48:21,52,50.65,75,52,750,0,433350
NIFTY26MAR2013000CE.NFO,07/01/2020,09:48:22,52,51.7,150,52,750,0,433350
NIFTY26MAR2013000CE.NFO,07/01/2020,09:48:23,52,51.1,300,52,750,0,433350
NIFTY26MAR2013000CE.NFO,07/01/2020,09:48:24,52,51.7,150,52,750,0,433350
NIFTY26MAR2013000CE.NFO,07/01/2020,09:48:25,52,51.55,375,51.95,375,0,433350
NIFTY26MAR2013000CE.NFO,07/01/2020,09:48:26,52,51.6,75,51.95,375,0,433350
NIFTY26MAR2013000CE.NFO,07/01/2020,09:48:27,52,51.4,300,51.95,375,0,433350
NIFTY26MAR2013000CE.NFO,07/01/2020,09:48:28,52,51.4,75,51.95,375,0,433350
NIFTY26MAR2013000CE.NFO,07/01/2020,09:48:29,52,50.7,225,51.95,375,0,433350
NIFTY26MAR2013000CE.NFO,07/01/2020,09:48:31,52,51.55,75,51.95,375,0,433350
NIFTY26MAR2013000CE.NFO,07/01/2020,09:48:32,52,51.2,75,51.95,375,0,433350
NIFTY26MAR2013000CE.NFO,07/01/2020,09:48:33,52,51.6,75,51.95,375,0,433350
NIFTY26MAR2013000CE.NFO,07/01/2020,09:48:34,52,51.45,300,51.95,375,0,433350
NIFTY26MAR2013000CE.NFO,07/01/2020,09:48:35,52,51.4,75,51.95,375,0,433350
NIFTY26MAR2013000CE.NFO,07/01/2020,09:48:37,52,50.95,75,51.95,375,0,433350
NIFTY26MAR2013000CE.NFO,07/01/2020,09:48:38,52,51.55,225,51.95,375,0,433350
NIFTY26MAR2013000CE.NFO,07/01/2020,09:48:39,52,51.4,300,51.95,375,0,433350
NIFTY26MAR2013000CE.NFO,07/01/2020,09:48:40,52,51.2,750,51.95,375,0,433350
NIFTY26MAR2013000CE.NFO,07/01/2020,09:48:41,52,50.85,375,51.95,375,0,433350
NIFTY26MAR2013000CE.NFO,07/01/2020,09:48:42,52,50.7,600,51.95,375,0,433350
NIFTY26MAR2013000CE.NFO,07/01/2020,09:48:43,52,51.6,150,51.95,375,0,433350
NIFTY26MAR2013000CE.NFO,07/01/2020,09:48:45,52,51.5,75,51.95,375,0,433350
NIFTY26MAR2013000CE.NFO,07/01/2020,09:48:46,52,51.1,150,51.95,375,0,433350
NIFTY26MAR2013000CE.NFO,07/01/2020,09:48:47,52,50.95,300,51.95,375,0,433350
NIFTY26MAR2013000CE.NFO,07/01/2020,09:48:48,52,50.8,75,51.95,375,0,433350
NIFTY26MAR2013000CE.NFO,07/01/2020,09:48:49,52,51.5,225,51.95,375,0,433350
NIFTY26MAR2013000CE.NFO,07/01/2020,09:48:50,52,51.2,300,51.95,375,0,433350
NIFTY26MAR2013000CE.NFO,07/01/2020,09:48:52,52,50.75,300,51.95,375,0,433350
NIFTY26MAR2013000CE.NFO,07/01/2020,09:48:53,52,50.55,300,51.95,375,0,433350
NIFTY26MAR2013000CE.NFO,07/01/2020,09:48:54,52,51.35,225,51.95,375,0,433350
NIFTY26MAR2013000CE.NFO,07/01/2020,09:48:55,52,50.9,225,51.95,375,0,433350
NIFTY26MAR2013000CE.NFO,07/01/2020,09:48:56,52,51.5,225,51.95,375,0,433350
NIFTY26MAR2013000CE.NFO,07/01/2020,09:48:57,52,50.9,225,51.95,375,0,433350
NIFTY26MAR2013000CE.NFO,07/01/2020,09:48:58,52,51.4,225,51.95,375,0,433350
NIFTY26MAR2013000CE.NFO,07/01/2020,09:48:59,52,51.2,225,51.95,375,0,433350
NIFTY26MAR2013000CE.NFO,07/01/2020,09:49:00,52,50.85,225,51.95,375,0,433350
NIFTY26MAR2013000CE.NFO,07/01/2020,09:49:02,52,50.95,150,51.95,375,0,433350
NIFTY26MAR2013000CE.NFO,07/01/2020,09:49:03,52,51.15,225,51.95,375,0,433350
NIFTY26MAR2013000CE.NFO,07/01/2020,09:49:04,52,50.95,150,51.95,375,0,433350
NIFTY26MAR2013000CE.NFO,07/01/2020,09:49:05,52,50.85,225,51.95,375,0,433350
NIFTY26MAR2013000CE.NFO,07/01/2020,09:49:07,52,50.95,150,51.95,375,0,433350
NIFTY26MAR2013000CE.NFO,07/01/2020,09:49:08,52,50.85,225,51.95,375,0,433350
NIFTY26MAR2013000CE.NFO,07/01/2020,09:49:09,52,50.95,150,51.95,375,0,433350
NIFTY26MAR2013000CE.NFO,07/01/2020,09:49:10,52,51.15,225,51.95,375,0,433350
NIFTY26MAR2013000CE.NFO,07/01/2020,09:49:11,52,50.95,150,51.95,375,0,433350
NIFTY26MAR2013000CE.NFO,07/01/2020,09:49:13,52,50.85,225,51.95,375,0,433350
NIFTY26MAR2013000CE.NFO,07/01/2020,09:49:14,52,50.9,75,51.95,375,0,433350
NIFTY26MAR2013000CE.NFO,07/01/2020,09:49:15,52,50.65,75,51.95,375,0,433350
NIFTY26MAR2013000CE.NFO,07/01/2020,09:49:16,52,51.2,300,51.95,375,0,433350
NIFTY26MAR2013000CE.NFO,07/01/2020,09:49:16,52,50.85,300,51.95,375,0,433350
NIFTY26MAR2013000CE.NFO,07/01/2020,09:49:17,52,51.35,75,51.95,375,0,433350
NIFTY26MAR2013000CE.NFO,07/01/2020,09:49:18,52,51.4,150,51.95,375,0,433350
NIFTY26MAR2013000CE.NFO,07/01/2020,09:49:21,52,51,375,51.95,375,0,433350
NIFTY26MAR2013000CE.NFO,07/01/2020,09:49:22,52,51.1,300,51.95,375,0,433350
NIFTY26MAR2013000CE.NFO,07/01/2020,09:49:23,52,51,150,51.95,375,0,433350
NIFTY26MAR2013000CE.NFO,07/01/2020,09:49:24,52,51.05,225,51.95,375,0,433350
NIFTY26MAR2013000CE.NFO,07/01/2020,09:49:25,52,51,150,51.95,375,0,433350
NIFTY26MAR2013000CE.NFO,07/01/2020,09:49:26,52,51.15,150,51.95,375,0,433350
NIFTY26MAR2013000CE.NFO,07/01/2020,09:49:30,52,50.65,150,51.9,300,0,433350
NIFTY26MAR2013000CE.NFO,07/01/2020,09:49:32,52,51.25,150,51.9,300,0,433350
NIFTY26MAR2013000CE.NFO,07/01/2020,09:49:35,52,50.75,150,51.9,300,0,433350
NIFTY26MAR2013000CE.NFO,07/01/2020,09:49:38,52,50.65,150,51.9,300,0,433350
NIFTY26MAR2013000CE.NFO,07/01/2020,09:49:44,52,50.75,75,51.9,300,0,433350
NIFTY26MAR2013000CE.NFO,07/01/2020,09:49:46,52,50.85,150,51.9,300,0,433350
NIFTY26MAR2013000CE.NFO,07/01/2020,09:49:49,52,50.65,150,51.9,300,0,433350
NIFTY26MAR2013000CE.NFO,07/01/2020,09:49:50,52,50.75,75,51.9,300,0,433350
NIFTY26MAR2013000CE.NFO,07/01/2020,09:49:52,52,50.85,150,51.9,300,0,433350
NIFTY26MAR2013000CE.NFO,07/01/2020,09:49:54,52,50.65,150,51.9,300,0,433350
NIFTY26MAR2013000CE.NFO,07/01/2020,09:49:55,52,50.75,75,51.9,300,0,433350
NIFTY26MAR2013000CE.NFO,07/01/2020,09:49:57,52,50.85,150,51.9,300,0,433350
NIFTY26MAR2013000CE.NFO,07/01/2020,09:49:58,52,50.85,150,51.85,150,0,433350
NIFTY26MAR2013000CE.NFO,07/01/2020,09:49:59,52,50.85,150,51.85,300,0,433350
NIFTY26MAR2013000CE.NFO,07/01/2020,09:50:00,52,50.65,150,51.85,300,0,433350
NIFTY26MAR2013000CE.NFO,07/01/2020,09:50:03,52,50.65,150,51.75,300,0,433350
NIFTY26MAR2013000CE.NFO,07/01/2020,09:50:22,52,50.65,150,51.75,450,0,433350
NIFTY26MAR2013000CE.NFO,07/01/2020,09:50:27,52,49.85,150,51.75,450,0,433350
NIFTY26MAR2013000CE.NFO,07/01/2020,09:50:29,52,50.25,225,51.75,450,0,433350
NIFTY26MAR2013000CE.NFO,07/01/2020,09:50:30,52,50.3,75,51.75,450,0,433350
NIFTY26MAR2013000CE.NFO,07/01/2020,09:50:33,52,50.2,225,51.75,450,0,433350
NIFTY26MAR2013000CE.NFO,07/01/2020,09:50:34,52,50.3,75,51.75,450,0,433350
NIFTY26MAR2013000CE.NFO,07/01/2020,09:50:35,52,50.3,150,51.75,450,0,433350
NIFTY26MAR2013000CE.NFO,07/01/2020,09:50:37,52,50.2,150,51.75,450,0,433350
NIFTY26MAR2013000CE.NFO,07/01/2020,09:50:40,52,49.9,300,51.75,450,0,433350
NIFTY26MAR2013000CE.NFO,07/01/2020,09:50:41,52,49.95,75,51.75,450,0,433350
NIFTY26MAR2013000CE.NFO,07/01/2020,09:50:43,52,49.75,150,51.75,450,0,433350
NIFTY26MAR2013000CE.NFO,07/01/2020,09:50:44,52,50.05,150,51.75,450,0,433350
NIFTY26MAR2013000CE.NFO,07/01/2020,09:50:45,52,49.85,75,51.75,450,0,433350
NIFTY26MAR2013000CE.NFO,07/01/2020,09:50:47,52,49.95,150,51.75,450,0,433350
NIFTY26MAR2013000CE.NFO,07/01/2020,09:50:48,52,50.15,150,51.75,450,0,433350
NIFTY26MAR2013000CE.NFO,07/01/2020,09:50:50,52,50.05,150,51.75,450,0,433350
NIFTY26MAR2013000CE.NFO,07/01/2020,09:50:54,52,50.25,150,51.75,450,0,433350
NIFTY26MAR2013000CE.NFO,07/01/2020,09:50:57,52,50,225,51.75,450,0,433350
NIFTY26MAR2013000CE.NFO,07/01/2020,09:50:58,52,49.95,150,51.75,450,0,433350
NIFTY26MAR2013000CE.NFO,07/01/2020,09:50:59,52,50.1,150,51.75,450,0,433350
NIFTY26MAR2013000CE.NFO,07/01/2020,09:51:01,52,50,225,51.75,450,0,433350
NIFTY26MAR2013000CE.NFO,07/01/2020,09:51:03,52,49.95,75,51.75,450,0,433350
NIFTY26MAR2013000CE.NFO,07/01/2020,09:51:04,52,50,150,51.75,450,0,433350
NIFTY26MAR2013000CE.NFO,07/01/2020,09:51:06,52,49.95,150,51.7,375,0,433350
NIFTY26MAR2013000CE.NFO,07/01/2020,09:51:09,52,49.75,75,51.7,375,0,433350
NIFTY26MAR2013000CE.NFO,07/01/2020,09:51:11,52,49.8,150,51.7,375,0,433350
NIFTY26MAR2013000CE.NFO,07/01/2020,09:51:13,52,49.9,75,51.5,300,0,433350
NIFTY26MAR2013000CE.NFO,07/01/2020,09:51:14,52,49.85,225,51.5,300,0,433350
NIFTY26MAR2013000CE.NFO,07/01/2020,09:51:15,52,49.85,75,51.5,300,0,433350
NIFTY26MAR2013000CE.NFO,07/01/2020,09:51:16,52,50,150,51.5,300,0,433350
NIFTY26MAR2013000CE.NFO,07/01/2020,09:51:18,52,49.85,150,51.5,300,0,433350
NIFTY26MAR2013000CE.NFO,07/01/2020,09:51:20,52,49.85,150,51.5,600,0,433350
NIFTY26MAR2013000CE.NFO,07/01/2020,09:51:21,52,50.1,150,51.5,600,0,433350
NIFTY26MAR2013000CE.NFO,07/01/2020,09:51:23,52,49.95,150,51.5,600,0,433350
NIFTY26MAR2013000CE.NFO,07/01/2020,09:51:26,52,49.85,75,51.45,150,0,433350
NIFTY26MAR2013000CE.NFO,07/01/2020,09:51:27,52,49.95,75,51.45,150,0,433350
NIFTY26MAR2013000CE.NFO,07/01/2020,09:51:28,52,49.95,150,51,225,0,433350
NIFTY26MAR2013000CE.NFO,07/01/2020,09:51:29,50.05,50.05,150,51,225,150,433425
NIFTY26MAR2013000CE.NFO,07/01/2020,09:51:31,50.05,50.05,75,51,225,75,433425
NIFTY26MAR2013000CE.NFO,07/01/2020,09:51:32,50.05,49.95,75,51,225,0,433425
NIFTY26MAR2013000CE.NFO,07/01/2020,09:51:33,50.05,49.65,300,50.95,600,0,433425
NIFTY26MAR2013000CE.NFO,07/01/2020,09:51:34,50.05,49.75,75,50.95,675,0,433425
NIFTY26MAR2013000CE.NFO,07/01/2020,09:51:35,50.05,49.95,150,50.9,75,0,433425
NIFTY26MAR2013000CE.NFO,07/01/2020,09:51:37,50.05,49.95,75,50.9,75,0,433425
NIFTY26MAR2013000CE.NFO,07/01/2020,09:51:38,50.05,49.8,75,50.9,75,0,433425
NIFTY26MAR2013000CE.NFO,07/01/2020,09:51:39,50.05,49.9,225,50.9,75,0,433425
NIFTY26MAR2013000CE.NFO,07/01/2020,09:51:40,50.05,49.65,300,50,300,0,433425
NIFTY26MAR2013000CE.NFO,07/01/2020,09:51:41,50.05,49.95,75,50,300,0,433425
NIFTY26MAR2013000CE.NFO,07/01/2020,09:51:42,50,49.85,75,50,150,150,433425
NIFTY26MAR2013000CE.NFO,07/01/2020,09:51:43,50,49.85,75,50,150,0,433425
NIFTY26MAR2013000CE.NFO,07/01/2020,09:51:45,50,49.9,150,50,150,0,433425
NIFTY26MAR2013000CE.NFO,07/01/2020,09:51:46,50,49.75,75,50,150,0,433425
NIFTY26MAR2013000CE.NFO,07/01/2020,09:51:47,50,49.9,225,50,150,0,433425
NIFTY26MAR2013000CE.NFO,07/01/2020,09:51:48,50,49.95,75,50,150,0,433425
NIFTY26MAR2013000CE.NFO,07/01/2020,09:51:49,50,49.75,225,50,150,0,433425
NIFTY26MAR2013000CE.NFO,07/01/2020,09:51:50,50,49.9,75,50,150,0,433425
NIFTY26MAR2013000CE.NFO,07/01/2020,09:51:52,50,49.95,75,50,150,0,433425
NIFTY26MAR2013000CE.NFO,07/01/2020,09:51:53,50,49.6,300,50,150,0,433425
NIFTY26MAR2013000CE.NFO,07/01/2020,09:51:54,50,49.8,75,50,150,0,433425
NIFTY26MAR2013000CE.NFO,07/01/2020,09:51:55,50,49.85,150,50,150,0,433425
NIFTY26MAR2013000CE.NFO,07/01/2020,09:51:56,50,49.85,225,50,150,0,433425
