Ticker,Date,Time,LTP,BuyPrice,BuyQty,SellPrice,SellQty,LTQ,OpenInterest
NIFTY16JAN2012500CE.NFO,07/01/2020,09:15:06,6.05,6.1,150,7.9,150,150,102750
NIFTY16JAN2012500CE.NFO,07/01/2020,09:15:06,6.05,6.1,150,7.9,150,0,102750
NIFTY16JAN2012500CE.NFO,07/01/2020,09:15:06,6.05,6.1,150,7.9,150,0,102750
NIFTY16JAN2012500CE.NFO,07/01/2020,09:15:06,6.05,6.1,150,7.9,150,0,102750
NIFTY16JAN2012500CE.NFO,07/01/2020,09:15:08,6.05,6.25,225,7.9,225,0,102750
NIFTY16JAN2012500CE.NFO,07/01/2020,09:15:10,6.05,6.05,150,7.75,150,0,102750
NIFTY16JAN2012500CE.NFO,07/01/2020,09:15:12,6.05,6.35,225,7.75,150,0,102750
NIFTY16JAN2012500CE.NFO,07/01/2020,09:15:13,6.05,6.35,375,7.9,225,0,102750
NIFTY16JAN2012500CE.NFO,07/01/2020,09:15:15,6.05,6.4,375,7.75,225,0,102750
NIFTY16JAN2012500CE.NFO,07/01/2020,09:15:16,6.05,6.4,375,7.5,75,0,102750
NIFTY16JAN2012500CE.NFO,07/01/2020,09:15:17,6.05,6.4,375,7.4,150,0,102750
NIFTY16JAN2012500CE.NFO,07/01/2020,09:15:18,6.05,6.4,225,7.4,150,0,102750
NIFTY16JAN2012500CE.NFO,07/01/2020,09:15:21,7.4,6.45,300,7.55,75,75,102750
NIFTY16JAN2012500CE.NFO,07/01/2020,09:15:21,7.4,6.45,300,7.55,75,0,102750
NIFTY16JAN2012500CE.NFO,07/01/2020,09:15:22,7.4,6.45,300,7.65,75,0,102750
NIFTY16JAN2012500CE.NFO,07/01/2020,09:15:23,7.4,6.45,300,7.65,225,0,102750
NIFTY16JAN2012500CE.NFO,07/01/2020,09:15:25,6.45,6,375,6.3,150,300,102750
NIFTY16JAN2012500CE.NFO,07/01/2020,09:15:26,6.45,6,375,6.35,300,0,102750
NIFTY16JAN2012500CE.NFO,07/01/2020,09:15:28,6,6,300,6.45,150,225,102750
NIFTY16JAN2012500CE.NFO,07/01/2020,09:15:28,6,6,300,6.45,150,0,102750
NIFTY16JAN2012500CE.NFO,07/01/2020,09:15:29,6,6,450,6.45,300,0,102750
NIFTY16JAN2012500CE.NFO,07/01/2020,09:15:30,6.05,6,300,6.35,300,150,102750
NIFTY16JAN2012500CE.NFO,07/01/2020,09:15:31,6.05,6,300,6.25,150,0,102750
NIFTY16JAN2012500CE.NFO,07/01/2020,09:15:32,6,6,150,6.25,300,150,102750
NIFTY16JAN2012500CE.NFO,07/01/2020,09:15:33,6,6,300,6.35,300,0,102750
NIFTY16JAN2012500CE.NFO,07/01/2020,09:15:36,6,6,300,6.55,150,0,102750
NIFTY16JAN2012500CE.NFO,07/01/2020,09:15:37,6,6,300,6.55,300,0,102750
NIFTY16JAN2012500CE.NFO,07/01/2020,09:15:38,6,6,300,6.65,300,0,102750
NIFTY16JAN2012500CE.NFO,07/01/2020,09:15:38,6,6,300,6.55,150,0,102750
NIFTY16JAN2012500CE.NFO,07/01/2020,09:15:40,6,5.75,375,6.55,300,150,102750
NIFTY16JAN2012500CE.NFO,07/01/2020,09:15:41,6,5.75,375,6.65,150,0,102750
NIFTY16JAN2012500CE.NFO,07/01/2020,09:15:44,6,5.8,225,6.65,150,0,102750
NIFTY16JAN2012500CE.NFO,07/01/2020,09:15:48,6,6.5,75,6.65,300,0,102750
NIFTY16JAN2012500CE.NFO,07/01/2020,09:15:50,6.65,6.5,75,6.7,300,150,102750
NIFTY16JAN2012500CE.NFO,07/01/2020,09:15:51,6.65,6.5,75,6.7,300,0,102750
NIFTY16JAN2012500CE.NFO,07/01/2020,09:15:54,6.65,6.5,75,6.85,150,0,102750
NIFTY16JAN2012500CE.NFO,07/01/2020,09:15:55,6.65,6.5,75,6.75,300,0,102750
NIFTY16JAN2012500CE.NFO,07/01/2020,09:15:56,7.35,6.5,300,6.8,150,900,102750
NIFTY16JAN2012500CE.NFO,07/01/2020,09:15:57,7.35,6.5,300,6.8,150,0,102750
NIFTY16JAN2012500CE.NFO,07/01/2020,09:15:59,7.35,6.5,300,6.7,150,0,102750
NIFTY16JAN2012500CE.NFO,07/01/2020,09:16:01,6.85,6.5,300,6.75,150,150,102750
NIFTY16JAN2012500CE.NFO,07/01/2020,09:16:02,6.85,6.5,150,6.75,300,0,102750
NIFTY16JAN2012500CE.NFO,07/01/2020,09:16:05,6.85,6.65,375,6.85,300,0,102750
NIFTY16JAN2012500CE.NFO,07/01/2020,09:16:07,6.85,6.65,375,6.85,225,225,102750
NIFTY16JAN2012500CE.NFO,07/01/2020,09:16:08,6.85,6.65,225,6.85,225,0,102750
NIFTY16JAN2012500CE.NFO,07/01/2020,09:16:09,6.85,6.65,375,6.85,225,0,102750
NIFTY16JAN2012500CE.NFO,07/01/2020,09:16:10,6.85,6.65,375,6.85,150,75,102750
NIFTY16JAN2012500CE.NFO,07/01/2020,09:16:11,6.85,6.65,375,6.85,75,0,102750
NIFTY16JAN2012500CE.NFO,07/01/2020,09:16:12,6.85,6.65,375,6.85,150,0,102750
NIFTY16JAN2012500CE.NFO,07/01/2020,09:16:13,6.85,6.65,375,6.85,75,0,102750
NIFTY16JAN2012500CE.NFO,07/01/2020,09:16:15,6.85,6.65,225,6.85,75,0,102750
NIFTY16JAN2012500CE.NFO,07/01/2020,09:16:17,7,6.55,75,6.95,375,225,102750
NIFTY16JAN2012500CE.NFO,07/01/2020,09:16:18,7,6.6,150,6.95,300,0,102750
NIFTY16JAN2012500CE.NFO,07/01/2020,09:16:20,6.6,6.5,150,6.95,375,75,102750
NIFTY16JAN2012500CE.NFO,07/01/2020,09:16:21,6.6,6.5,150,6.95,300,0,102750
NIFTY16JAN2012500CE.NFO,07/01/2020,09:16:23,6.6,6.55,75,6.95,300,0,102750
NIFTY16JAN2012500CE.NFO,07/01/2020,09:16:27,6.6,6.5,225,6.9,375,0,102750
NIFTY16JAN2012500CE.NFO,07/01/2020,09:16:28,6.6,6.5,150,6.9,300,0,102750
NIFTY16JAN2012500CE.NFO,07/01/2020,09:16:29,6.6,6.6,150,6.9,300,0,102750
NIFTY16JAN2012500CE.NFO,07/01/2020,09:16:34,6.9,6.6,450,6.9,225,75,102750
NIFTY16JAN2012500CE.NFO,07/01/2020,09:16:37,6.9,6.6,975,6.95,150,150,102750
NIFTY16JAN2012500CE.NFO,07/01/2020,09:16:38,6.9,6.6,750,6.95,150,0,102750
NIFTY16JAN2012500CE.NFO,07/01/2020,09:16:39,7,6.6,825,7,150,150,102750
NIFTY16JAN2012500CE.NFO,07/01/2020,09:16:41,7,6.6,825,7,150,75,102750
NIFTY16JAN2012500CE.NFO,07/01/2020,09:16:44,7,6.6,675,7,150,0,102750
NIFTY16JAN2012500CE.NFO,07/01/2020,09:16:45,7,6.6,675,7,225,0,102750
NIFTY16JAN2012500CE.NFO,07/01/2020,09:16:52,7,6.6,450,7.6,150,225,102750
NIFTY16JAN2012500CE.NFO,07/01/2020,09:16:53,7,6.6,450,7.65,75,0,102750
NIFTY16JAN2012500CE.NFO,07/01/2020,09:16:54,7,6.7,150,7.6,75,0,102750
NIFTY16JAN2012500CE.NFO,07/01/2020,09:16:55,7,7,150,7.7,150,0,102750
NIFTY16JAN2012500CE.NFO,07/01/2020,09:16:56,7,7,225,7.8,300,0,102750
NIFTY16JAN2012500CE.NFO,07/01/2020,09:16:57,7,7,225,7.65,75,0,102750
NIFTY16JAN2012500CE.NFO,07/01/2020,09:16:58,7.8,7,225,7.7,150,525,102750
NIFTY16JAN2012500CE.NFO,07/01/2020,09:16:58,7.8,7,225,7.7,150,0,102750
NIFTY16JAN2012500CE.NFO,07/01/2020,09:16:59,7.8,7,225,7.75,75,0,102750
NIFTY16JAN2012500CE.NFO,07/01/2020,09:17:02,7.8,7,300,7.75,75,0,102750
NIFTY16JAN2012500CE.NFO,07/01/2020,09:17:04,7.8,7,300,7.8,150,0,102750
NIFTY16JAN2012500CE.NFO,07/01/2020,09:17:05,7.8,7,450,7.8,150,0,102750
NIFTY16JAN2012500CE.NFO,07/01/2020,09:17:08,7.8,7,450,7.8,75,75,102750
NIFTY16JAN2012500CE.NFO,07/01/2020,09:17:09,7.8,7,300,7.8,75,0,102750
NIFTY16JAN2012500CE.NFO,07/01/2020,09:17:10,7.8,7,225,7.8,75,0,102750
NIFTY16JAN2012500CE.NFO,07/01/2020,09:17:11,7.8,7,300,7.95,75,0,102750
NIFTY16JAN2012500CE.NFO,07/01/2020,09:17:12,7.8,7,225,7.95,225,0,102750
NIFTY16JAN2012500CE.NFO,07/01/2020,09:17:13,7.95,7,300,7.95,75,150,104700
NIFTY16JAN2012500CE.NFO,07/01/2020,09:17:13,7.95,7,300,7.95,75,0,104700
NIFTY16JAN2012500CE.NFO,07/01/2020,09:17:14,7.95,7,450,7.95,150,0,104700
NIFTY16JAN2012500CE.NFO,07/01/2020,09:17:17,8,7,525,8,2025,150,104700
NIFTY16JAN2012500CE.NFO,07/01/2020,09:17:17,8,7,525,8,2025,0,104700
NIFTY16JAN2012500CE.NFO,07/01/2020,09:17:18,8,7,525,8,2025,0,104700
NIFTY16JAN2012500CE.NFO,07/01/2020,09:17:21,8,7,450,8,1875,150,104700
NIFTY16JAN2012500CE.NFO,07/01/2020,09:17:22,8,7.05,450,7.95,2250,0,104700
NIFTY16JAN2012500CE.NFO,07/01/2020,09:17:23,7.95,7.05,450,7.95,2175,75,104700
NIFTY16JAN2012500CE.NFO,07/01/2020,09:17:24,7.95,7.05,450,7.95,1500,675,104700
NIFTY16JAN2012500CE.NFO,07/01/2020,09:17:25,7.95,7.05,450,7.95,1500,0,104700
NIFTY16JAN2012500CE.NFO,07/01/2020,09:17:28,7.95,7.05,225,7.95,1500,0,104700
NIFTY16JAN2012500CE.NFO,07/01/2020,09:17:30,7.95,7.05,225,7.9,150,0,104700
NIFTY16JAN2012500CE.NFO,07/01/2020,09:17:31,7.95,7.05,225,7.95,1500,0,104700
NIFTY16JAN2012500CE.NFO,07/01/2020,09:17:32,7.95,7.05,225,7.9,150,0,104700
NIFTY16JAN2012500CE.NFO,07/01/2020,09:17:36,7.05,6.95,225,7.85,75,75,104700
NIFTY16JAN2012500CE.NFO,07/01/2020,09:17:37,7.05,6.95,225,7.85,75,0,104700
NIFTY16JAN2012500CE.NFO,07/01/2020,09:17:40,6.9,6.9,300,7.85,225,150,104700
NIFTY16JAN2012500CE.NFO,07/01/2020,09:17:41,6.75,6.65,150,7.65,75,225,104700
NIFTY16JAN2012500CE.NFO,07/01/2020,09:17:42,6.6,6.6,300,7.7,150,750,104700
NIFTY16JAN2012500CE.NFO,07/01/2020,09:17:43,6.6,6.6,300,7.6,300,0,104700
NIFTY16JAN2012500CE.NFO,07/01/2020,09:17:45,6.6,6.6,300,7.55,75,0,104700
NIFTY16JAN2012500CE.NFO,07/01/2020,09:17:47,6.6,6.6,150,7.55,75,0,104700
NIFTY16JAN2012500CE.NFO,07/01/2020,09:17:48,6.6,6.6,300,7.55,75,0,104700
NIFTY16JAN2012500CE.NFO,07/01/2020,09:17:48,7.6,6.65,375,7.8,75,150,104700
NIFTY16JAN2012500CE.NFO,07/01/2020,09:17:51,7.6,6.65,375,7.8,75,0,104700
NIFTY16JAN2012500CE.NFO,07/01/2020,09:17:56,7.6,6.65,225,7.8,75,0,104700
NIFTY16JAN2012500CE.NFO,07/01/2020,09:18:01,6.5,6.5,75,7.75,75,525,104700
NIFTY16JAN2012500CE.NFO,07/01/2020,09:18:02,6.5,6.5,450,7.6,75,75,104700
NIFTY16JAN2012500CE.NFO,07/01/2020,09:18:03,7.6,6.5,450,7.65,300,75,104700
NIFTY16JAN2012500CE.NFO,07/01/2020,09:18:04,7.6,6.55,525,7.8,300,0,104700
NIFTY16JAN2012500CE.NFO,07/01/2020,09:18:15,6.55,6.55,300,7.75,375,225,104700
NIFTY16JAN2012500CE.NFO,07/01/2020,09:18:17,6.55,6.55,450,7.75,525,0,104700
NIFTY16JAN2012500CE.NFO,07/01/2020,09:18:21,6.55,6.55,300,7.75,525,0,104700
NIFTY16JAN2012500CE.NFO,07/01/2020,09:18:22,6.55,6.55,450,7.75,525,0,104700
NIFTY16JAN2012500CE.NFO,07/01/2020,09:18:23,6.55,6.55,450,7.75,375,0,104700
NIFTY16JAN2012500CE.NFO,07/01/2020,09:18:26,6.55,6.55,450,7.75,525,0,104700
NIFTY16JAN2012500CE.NFO,07/01/2020,09:18:26,6.55,6.55,450,7.6,75,0,104700
NIFTY16JAN2012500CE.NFO,07/01/2020,09:18:27,6.55,6.55,450,7.6,525,0,104700
NIFTY16JAN2012500CE.NFO,07/01/2020,09:18:32,6.55,6.55,300,7.6,525,0,104700
NIFTY16JAN2012500CE.NFO,07/01/2020,09:18:34,6.55,6.55,300,7.5,75,0,104700
NIFTY16JAN2012500CE.NFO,07/01/2020,09:18:35,6.55,6.55,300,7.5,525,0,104700
NIFTY16JAN2012500CE.NFO,07/01/2020,09:18:36,6.55,6.55,450,7.5,525,0,104700
NIFTY16JAN2012500CE.NFO,07/01/2020,09:18:37,6.55,6.55,300,7.4,525,0,104700
NIFTY16JAN2012500CE.NFO,07/01/2020,09:18:39,6.55,6.55,225,7.4,525,75,104700
NIFTY16JAN2012500CE.NFO,07/01/2020,09:18:41,6.55,6.55,225,7.4,525,0,104700
NIFTY16JAN2012500CE.NFO,07/01/2020,09:18:44,6.55,6.55,375,7.4,525,0,104700
NIFTY16JAN2012500CE.NFO,07/01/2020,09:18:45,6.55,6.55,225,7.4,525,0,104700
NIFTY16JAN2012500CE.NFO,07/01/2020,09:18:47,6.55,6.15,375,7.3,525,0,104700
NIFTY16JAN2012500CE.NFO,07/01/2020,09:18:48,6.55,6.55,300,7.3,375,150,104700
NIFTY16JAN2012500CE.NFO,07/01/2020,09:18:50,6.55,6.55,300,7.3,375,0,104700
NIFTY16JAN2012500CE.NFO,07/01/2020,09:18:52,6.55,6.15,375,7.2,75,75,104700
NIFTY16JAN2012500CE.NFO,07/01/2020,09:18:53,6.55,6.15,375,7.2,525,0,104700
NIFTY16JAN2012500CE.NFO,07/01/2020,09:18:55,6.55,6.25,375,7.2,525,0,104700
NIFTY16JAN2012500CE.NFO,07/01/2020,09:18:59,6.55,6.5,300,7.2,525,0,104700
NIFTY16JAN2012500CE.NFO,07/01/2020,09:19:01,6.55,6.5,375,7.2,600,0,104700
NIFTY16JAN2012500CE.NFO,07/01/2020,09:19:02,6.55,6.55,975,7.2,600,0,104700
NIFTY16JAN2012500CE.NFO,07/01/2020,09:19:09,6.55,6.55,825,7.2,600,0,104700
NIFTY16JAN2012500CE.NFO,07/01/2020,09:19:14,6.55,6.55,975,7.2,600,0,104700
NIFTY16JAN2012500CE.NFO,07/01/2020,09:19:15,7.2,6.55,975,7.2,375,75,104700
NIFTY16JAN2012500CE.NFO,07/01/2020,09:19:17,7.2,6.55,975,7.2,375,0,104700
NIFTY16JAN2012500CE.NFO,07/01/2020,09:19:23,7.2,6.6,525,7.2,375,0,104700
NIFTY16JAN2012500CE.NFO,07/01/2020,09:19:28,7.2,6.6,525,7.2,300,75,104700
NIFTY16JAN2012500CE.NFO,07/01/2020,09:19:30,7.2,6.6,525,7.2,300,0,104700
NIFTY16JAN2012500CE.NFO,07/01/2020,09:19:34,7.2,6.6,525,7.15,1950,0,104700
NIFTY16JAN2012500CE.NFO,07/01/2020,09:19:35,7.2,6.6,525,7.15,1800,0,104700
NIFTY16JAN2012500CE.NFO,07/01/2020,09:19:40,7.2,6.6,525,7.1,1875,0,104700
NIFTY16JAN2012500CE.NFO,07/01/2020,09:19:44,7.1,6.6,525,7.1,1800,75,104700
NIFTY16JAN2012500CE.NFO,07/01/2020,09:19:45,7.1,6.6,525,7.1,1800,0,104700
NIFTY16JAN2012500CE.NFO,07/01/2020,09:19:46,7.1,6.6,675,7.1,1725,75,104700
NIFTY16JAN2012500CE.NFO,07/01/2020,09:19:49,7.1,6.6,525,7.1,1575,150,104700
NIFTY16JAN2012500CE.NFO,07/01/2020,09:19:50,7.1,6.6,525,7.1,1575,0,104700
NIFTY16JAN2012500CE.NFO,07/01/2020,09:19:53,7.1,6.65,675,7.1,825,450,104700
NIFTY16JAN2012500CE.NFO,07/01/2020,09:19:54,7.1,6.65,675,7.1,825,0,104700
NIFTY16JAN2012500CE.NFO,07/01/2020,09:19:56,7.1,6.65,675,7,150,0,104700
NIFTY16JAN2012500CE.NFO,07/01/2020,09:19:58,7.05,6.65,750,7.1,975,225,104700
NIFTY16JAN2012500CE.NFO,07/01/2020,09:20:00,7.05,6.65,750,7.05,1725,0,104700
NIFTY16JAN2012500CE.NFO,07/01/2020,09:20:03,7.05,6.7,525,7.05,225,150,104700
NIFTY16JAN2012500CE.NFO,07/01/2020,09:20:07,7.05,6.7,525,7.05,450,300,104700
NIFTY16JAN2012500CE.NFO,07/01/2020,09:20:08,7.05,6.7,525,7,750,0,104700
NIFTY16JAN2012500CE.NFO,07/01/2020,09:20:18,7,6.7,525,7,675,75,105750
NIFTY16JAN2012500CE.NFO,07/01/2020,09:20:20,7,6.7,525,7,675,0,105750
NIFTY16JAN2012500CE.NFO,07/01/2020,09:20:23,7,6.75,1200,7,900,0,105750
NIFTY16JAN2012500CE.NFO,07/01/2020,09:20:33,7,6.9,300,7,900,0,105750
NIFTY16JAN2012500CE.NFO,07/01/2020,09:20:36,7,6.9,300,7,75,600,105750
NIFTY16JAN2012500CE.NFO,07/01/2020,09:20:37,7,6.9,225,7,75,0,105750
NIFTY16JAN2012500CE.NFO,07/01/2020,09:20:37,7.05,6.9,450,7.05,225,150,105750
NIFTY16JAN2012500CE.NFO,07/01/2020,09:20:39,7.1,7,75,7.15,450,300,105750
NIFTY16JAN2012500CE.NFO,07/01/2020,09:20:40,7.15,7,375,7.2,450,150,105750
NIFTY16JAN2012500CE.NFO,07/01/2020,09:20:41,7.15,7,375,7.2,450,0,105750
NIFTY16JAN2012500CE.NFO,07/01/2020,09:20:42,7.15,7,375,7.15,150,0,105750
NIFTY16JAN2012500CE.NFO,07/01/2020,09:20:43,7.15,7,375,7.2,600,0,105750
NIFTY16JAN2012500CE.NFO,07/01/2020,09:20:44,7.15,7,375,7.2,300,0,105750
NIFTY16JAN2012500CE.NFO,07/01/2020,09:20:48,7.2,7,675,7.25,525,300,105750
NIFTY16JAN2012500CE.NFO,07/01/2020,09:20:49,7.05,7.05,450,7.25,600,375,105750
NIFTY16JAN2012500CE.NFO,07/01/2020,09:20:50,7.25,7.05,450,7.25,300,150,105750
NIFTY16JAN2012500CE.NFO,07/01/2020,09:20:52,7.25,7.05,450,7.25,300,0,105750
NIFTY16JAN2012500CE.NFO,07/01/2020,09:20:53,7.25,7.05,525,7.25,300,0,105750
NIFTY16JAN2012500CE.NFO,07/01/2020,09:20:54,7.15,7.1,450,7.35,375,75,105750
NIFTY16JAN2012500CE.NFO,07/01/2020,09:20:56,7.15,7.1,450,7.35,300,0,105750
NIFTY16JAN2012500CE.NFO,07/01/2020,09:20:57,7.15,7.1,525,7.35,300,0,105750
NIFTY16JAN2012500CE.NFO,07/01/2020,09:20:58,7.15,7.1,450,7.35,300,0,105750
NIFTY16JAN2012500CE.NFO,07/01/2020,09:20:59,7.15,7.1,450,7.35,375,0,105750
NIFTY16JAN2012500CE.NFO,07/01/2020,09:21:00,8,7.3,225,7.55,150,4800,105750
NIFTY16JAN2012500CE.NFO,07/01/2020,09:21:01,7.3,7.15,150,7.45,450,225,105750
NIFTY16JAN2012500CE.NFO,07/01/2020,09:21:02,7.3,7.15,150,7.3,450,0,105750
NIFTY16JAN2012500CE.NFO,07/01/2020,09:21:04,7.25,7.1,75,7.3,450,150,105750
NIFTY16JAN2012500CE.NFO,07/01/2020,09:21:05,7,7,375,7.2,450,525,105750
NIFTY16JAN2012500CE.NFO,07/01/2020,09:21:06,7,7,150,7.2,450,225,105750
NIFTY16JAN2012500CE.NFO,07/01/2020,09:21:07,7,7,75,7.2,450,75,105750
NIFTY16JAN2012500CE.NFO,07/01/2020,09:21:08,7,7.1,75,7.3,225,0,105750
NIFTY16JAN2012500CE.NFO,07/01/2020,09:21:10,7.1,7.1,150,7.35,225,75,105750
NIFTY16JAN2012500CE.NFO,07/01/2020,09:21:11,7.1,7.1,150,7.35,75,0,105750
NIFTY16JAN2012500CE.NFO,07/01/2020,09:21:12,7.1,7.1,75,7.35,75,0,105750
NIFTY16JAN2012500CE.NFO,07/01/2020,09:21:17,7.1,7.2,75,7.45,375,0,105750
NIFTY16JAN2012500CE.NFO,07/01/2020,09:21:18,7.1,7.15,4800,7.4,525,0,105750
NIFTY16JAN2012500CE.NFO,07/01/2020,09:21:25,7.1,7.15,4800,7.35,525,0,105750
NIFTY16JAN2012500CE.NFO,07/01/2020,09:21:29,7.1,7.15,4800,7.4,525,0,105750
NIFTY16JAN2012500CE.NFO,07/01/2020,09:21:32,7.1,7.2,375,7.4,525,0,105750
NIFTY16JAN2012500CE.NFO,07/01/2020,09:21:34,7.1,7.2,525,7.35,375,0,105750
NIFTY16JAN2012500CE.NFO,07/01/2020,09:21:35,7.2,7.2,300,7.4,525,75,105750
NIFTY16JAN2012500CE.NFO,07/01/2020,09:21:36,7.2,7.2,300,7.4,375,0,105750
NIFTY16JAN2012500CE.NFO,07/01/2020,09:21:37,7.2,7.15,4800,7.2,300,300,105750
NIFTY16JAN2012500CE.NFO,07/01/2020,09:21:40,7.2,7.15,4800,7.2,300,0,105750
NIFTY16JAN2012500CE.NFO,07/01/2020,09:21:43,7.2,7.15,4800,7.2,75,225,105750
NIFTY16JAN2012500CE.NFO,07/01/2020,09:21:44,7.35,7.2,225,7.45,225,150,105750
NIFTY16JAN2012500CE.NFO,07/01/2020,09:21:45,7.35,7.2,300,7.45,225,0,105750
NIFTY16JAN2012500CE.NFO,07/01/2020,09:21:47,7.85,7.35,450,7.6,75,1050,105750
NIFTY16JAN2012500CE.NFO,07/01/2020,09:21:48,7.85,7.35,450,7.65,225,0,105750
NIFTY16JAN2012500CE.NFO,07/01/2020,09:21:49,7.85,7.35,450,7.65,75,0,105750
NIFTY16JAN2012500CE.NFO,07/01/2020,09:21:50,7.85,7.35,450,7.6,225,0,105750
NIFTY16JAN2012500CE.NFO,07/01/2020,09:21:53,7.6,7.35,450,7.6,150,75,105750
NIFTY16JAN2012500CE.NFO,07/01/2020,09:21:57,7.6,7.35,450,7.55,75,0,105750
NIFTY16JAN2012500CE.NFO,07/01/2020,09:21:58,7.6,7.35,525,7.55,75,0,105750
NIFTY16JAN2012500CE.NFO,07/01/2020,09:22:00,7.6,7.4,225,7.55,75,0,105750
NIFTY16JAN2012500CE.NFO,07/01/2020,09:22:02,7.65,7.4,525,7.65,225,225,105750
NIFTY16JAN2012500CE.NFO,07/01/2020,09:22:03,7.65,7.5,525,7.75,300,0,105750
NIFTY16JAN2012500CE.NFO,07/01/2020,09:22:04,7.6,7.6,225,7.85,300,150,105750
NIFTY16JAN2012500CE.NFO,07/01/2020,09:22:05,7.6,7.6,525,7.9,1950,0,105750
NIFTY16JAN2012500CE.NFO,07/01/2020,09:22:07,7.6,7.7,75,7.8,75,0,105750
NIFTY16JAN2012500CE.NFO,07/01/2020,09:22:09,7.7,7.65,4950,7.75,375,75,105750
NIFTY16JAN2012500CE.NFO,07/01/2020,09:22:10,7.7,7.65,4950,7.75,375,0,105750
NIFTY16JAN2012500CE.NFO,07/01/2020,09:22:11,7.7,7.65,4950,7.8,450,0,105750
NIFTY16JAN2012500CE.NFO,07/01/2020,09:22:13,7.7,7.65,4950,7.8,375,0,105750
NIFTY16JAN2012500CE.NFO,07/01/2020,09:22:14,7.7,7.65,4950,7.8,75,0,105750
NIFTY16JAN2012500CE.NFO,07/01/2020,09:22:15,7.7,7.65,4950,7.8,375,0,105750
NIFTY16JAN2012500CE.NFO,07/01/2020,09:22:16,7.7,7.65,5100,7.8,75,0,105750
NIFTY16JAN2012500CE.NFO,07/01/2020,09:22:17,7.85,7.7,450,7.85,75,150,105750
NIFTY16JAN2012500CE.NFO,07/01/2020,09:22:19,7.85,7.75,150,7.9,900,0,105750
NIFTY16JAN2012500CE.NFO,07/01/2020,09:22:20,7.85,7.75,4800,7.9,900,0,105750
NIFTY16JAN2012500CE.NFO,07/01/2020,09:22:22,7.85,7.75,4950,7.85,375,0,105750
NIFTY16JAN2012500CE.NFO,07/01/2020,09:22:23,7.85,7.75,4950,7.9,900,0,105750
NIFTY16JAN2012500CE.NFO,07/01/2020,09:22:25,7.85,7.8,450,7.9,900,0,105750
NIFTY16JAN2012500CE.NFO,07/01/2020,09:22:27,7.85,7.8,150,7.9,900,0,105750
NIFTY16JAN2012500CE.NFO,07/01/2020,09:22:29,7.85,7.75,4800,7.9,1200,0,105750
NIFTY16JAN2012500CE.NFO,07/01/2020,09:22:30,7.85,7.75,4800,7.9,900,0,105750
NIFTY16JAN2012500CE.NFO,07/01/2020,09:22:31,7.85,7.75,4800,7.9,1200,0,105750
NIFTY16JAN2012500CE.NFO,07/01/2020,09:22:33,7.75,7.75,2700,7.85,300,2100,105750
NIFTY16JAN2012500CE.NFO,07/01/2020,09:22:35,7.85,7.85,2325,7.9,900,375,105750
NIFTY16JAN2012500CE.NFO,07/01/2020,09:22:36,7.85,7.85,2325,7.9,900,0,105750
NIFTY16JAN2012500CE.NFO,07/01/2020,09:22:38,7.85,7.85,2325,7.9,1200,0,105750
NIFTY16JAN2012500CE.NFO,07/01/2020,09:22:39,7.85,7.85,2325,7.9,900,0,105750
NIFTY16JAN2012500CE.NFO,07/01/2020,09:22:43,7.85,7.85,2325,7.9,1200,0,105750
NIFTY16JAN2012500CE.NFO,07/01/2020,09:22:44,7.85,7.75,300,7.85,1725,2325,105750
NIFTY16JAN2012500CE.NFO,07/01/2020,09:22:45,7.75,7.7,825,7.85,1725,75,105750
NIFTY16JAN2012500CE.NFO,07/01/2020,09:22:46,7.9,7.9,1125,8,1725,3750,105750
NIFTY16JAN2012500CE.NFO,07/01/2020,09:22:47,7.7,7.65,300,7.8,600,1800,105750
NIFTY16JAN2012500CE.NFO,07/01/2020,09:22:48,7.7,7.65,300,7.8,300,0,105750
NIFTY16JAN2012500CE.NFO,07/01/2020,09:22:49,7.7,7.7,225,7.8,300,0,105750
NIFTY16JAN2012500CE.NFO,07/01/2020,09:22:51,7.8,7.75,225,7.9,525,75,105750
NIFTY16JAN2012500CE.NFO,07/01/2020,09:22:52,7.8,7.75,225,7.85,75,0,105750
NIFTY16JAN2012500CE.NFO,07/01/2020,09:22:56,7.9,7.75,675,7.95,375,150,105750
NIFTY16JAN2012500CE.NFO,07/01/2020,09:22:58,7.9,7.75,600,7.9,375,0,105750
NIFTY16JAN2012500CE.NFO,07/01/2020,09:22:59,7.9,7.75,375,7.9,450,0,105750
NIFTY16JAN2012500CE.NFO,07/01/2020,09:23:00,7.9,7.75,375,7.9,600,0,105750
NIFTY16JAN2012500CE.NFO,07/01/2020,09:23:03,7.75,7.75,450,7.9,450,75,105750
NIFTY16JAN2012500CE.NFO,07/01/2020,09:23:04,7.85,7.75,300,7.9,600,150,105750
NIFTY16JAN2012500CE.NFO,07/01/2020,09:23:05,7.85,7.75,450,7.9,450,0,105750
NIFTY16JAN2012500CE.NFO,07/01/2020,09:23:07,7.85,7.75,450,7.9,300,0,105750
NIFTY16JAN2012500CE.NFO,07/01/2020,09:23:11,7.75,7.75,225,7.85,150,75,116025
NIFTY16JAN2012500CE.NFO,07/01/2020,09:23:12,7.75,7.7,375,7.9,600,0,116025
NIFTY16JAN2012500CE.NFO,07/01/2020,09:23:14,7.75,7.7,375,7.85,150,0,116025
NIFTY16JAN2012500CE.NFO,07/01/2020,09:23:16,7.75,7.65,300,7.85,300,0,116025
NIFTY16JAN2012500CE.NFO,07/01/2020,09:23:17,7.65,7.6,525,7.85,150,150,116025
NIFTY16JAN2012500CE.NFO,07/01/2020,09:23:19,7.65,7.65,225,7.85,150,0,116025
NIFTY16JAN2012500CE.NFO,07/01/2020,09:23:20,7.85,7.75,150,7.9,375,75,116025
NIFTY16JAN2012500CE.NFO,07/01/2020,09:23:21,7.85,7.7,150,7.9,525,0,116025
NIFTY16JAN2012500CE.NFO,07/01/2020,09:23:24,7.85,7.7,675,7.9,375,0,116025
NIFTY16JAN2012500CE.NFO,07/01/2020,09:23:26,7.85,7.75,225,7.9,375,0,116025
NIFTY16JAN2012500CE.NFO,07/01/2020,09:23:27,7.85,7.8,450,7.9,300,0,116025
NIFTY16JAN2012500CE.NFO,07/01/2020,09:23:29,7.8,7.8,300,7.9,450,150,116025
NIFTY16JAN2012500CE.NFO,07/01/2020,09:23:31,7.8,7.8,300,7.9,300,0,116025
NIFTY16JAN2012500CE.NFO,07/01/2020,09:23:32,7.9,7.8,150,7.9,75,375,116025
NIFTY16JAN2012500CE.NFO,07/01/2020,09:23:33,7.9,7.8,150,7.9,75,0,116025
NIFTY16JAN2012500CE.NFO,07/01/2020,09:23:35,7.75,7.75,75,7.9,300,150,116025
NIFTY16JAN2012500CE.NFO,07/01/2020,09:23:36,7.75,7.8,225,7.9,150,0,116025
NIFTY16JAN2012500CE.NFO,07/01/2020,09:23:37,7.75,7.8,75,7.9,150,0,116025
NIFTY16JAN2012500CE.NFO,07/01/2020,09:23:39,7.75,7.85,75,7.9,225,0,116025
NIFTY16JAN2012500CE.NFO,07/01/2020,09:23:40,7.75,7.7,150,7.9,300,300,116025
NIFTY16JAN2012500CE.NFO,07/01/2020,09:23:41,7.75,7.7,150,7.9,300,0,116025
NIFTY16JAN2012500CE.NFO,07/01/2020,09:23:42,7.75,7.7,300,7.9,300,0,116025
NIFTY16JAN2012500CE.NFO,07/01/2020,09:23:43,7.75,7.65,4800,7.8,750,0,116025
NIFTY16JAN2012500CE.NFO,07/01/2020,09:23:46,7.65,7.65,4725,7.8,750,75,116025
NIFTY16JAN2012500CE.NFO,07/01/2020,09:23:47,7.8,7.65,4725,7.8,675,75,116025
NIFTY16JAN2012500CE.NFO,07/01/2020,09:23:49,7.8,7.7,150,7.8,675,0,116025
NIFTY16JAN2012500CE.NFO,07/01/2020,09:23:53,7.8,7.7,150,7.8,150,525,116025
NIFTY16JAN2012500CE.NFO,07/01/2020,09:23:54,7.9,7.75,300,7.95,300,225,116025
NIFTY16JAN2012500CE.NFO,07/01/2020,09:23:55,7.9,7.75,300,7.95,225,0,116025
NIFTY16JAN2012500CE.NFO,07/01/2020,09:23:57,7.9,7.75,300,7.9,75,0,116025
NIFTY16JAN2012500CE.NFO,07/01/2020,09:23:58,7.9,7.8,150,7.9,75,0,116025
NIFTY16JAN2012500CE.NFO,07/01/2020,09:23:59,7.9,7.85,4725,7.9,75,0,116025
NIFTY16JAN2012500CE.NFO,07/01/2020,09:24:01,7.85,7.85,4650,7.9,75,75,116025
NIFTY16JAN2012500CE.NFO,07/01/2020,09:24:02,7.85,7.85,4500,7.9,75,150,116025
NIFTY16JAN2012500CE.NFO,07/01/2020,09:24:04,7.85,7.85,3900,7.9,225,600,116025
NIFTY16JAN2012500CE.NFO,07/01/2020,09:24:05,7.85,7.85,3900,7.9,75,0,116025
NIFTY16JAN2012500CE.NFO,07/01/2020,09:24:09,7.85,7.85,3900,7.9,225,0,116025
NIFTY16JAN2012500CE.NFO,07/01/2020,09:24:10,7.85,7.85,3675,7.9,150,300,116025
NIFTY16JAN2012500CE.NFO,07/01/2020,09:24:11,7.85,7.85,75,7.95,300,3600,116025
NIFTY16JAN2012500CE.NFO,07/01/2020,09:24:12,7.8,7.75,675,7.85,1500,150,116025
NIFTY16JAN2012500CE.NFO,07/01/2020,09:24:13,7.8,7.75,825,7.85,1800,0,116025
NIFTY16JAN2012500CE.NFO,07/01/2020,09:24:15,7.8,7.75,675,7.85,1800,0,116025
NIFTY16JAN2012500CE.NFO,07/01/2020,09:24:17,7.8,7.75,450,7.85,1875,0,116025
NIFTY16JAN2012500CE.NFO,07/01/2020,09:24:18,7.8,7.75,300,7.85,1875,0,116025
NIFTY16JAN2012500CE.NFO,07/01/2020,09:24:19,7.8,7.75,300,7.8,225,0,116025
NIFTY16JAN2012500CE.NFO,07/01/2020,09:24:20,7.8,7.75,300,7.8,75,0,116025
NIFTY16JAN2012500CE.NFO,07/01/2020,09:24:22,7.8,7.75,450,7.8,75,0,116025
NIFTY16JAN2012500CE.NFO,07/01/2020,09:24:24,7.8,7.75,300,7.8,75,0,116025
NIFTY16JAN2012500CE.NFO,07/01/2020,09:24:28,7.8,7.75,300,7.8,225,0,116025
NIFTY16JAN2012500CE.NFO,07/01/2020,09:24:29,7.8,7.75,300,7.8,75,0,116025
NIFTY16JAN2012500CE.NFO,07/01/2020,09:24:30,7.8,7.75,300,7.8,225,0,116025
NIFTY16JAN2012500CE.NFO,07/01/2020,09:24:33,7.8,7.75,300,7.8,75,0,116025
NIFTY16JAN2012500CE.NFO,07/01/2020,09:24:34,7.75,7.7,225,7.8,75,750,116025
NIFTY16JAN2012500CE.NFO,07/01/2020,09:24:35,7.7,7.7,225,7.85,1350,375,116025
NIFTY16JAN2012500CE.NFO,07/01/2020,09:24:36,7.7,7.7,525,7.85,1200,225,116025
NIFTY16JAN2012500CE.NFO,07/01/2020,09:24:37,7.85,7.75,150,7.85,825,375,116025
NIFTY16JAN2012500CE.NFO,07/01/2020,09:24:38,7.85,7.75,375,7.85,675,300,116025
NIFTY16JAN2012500CE.NFO,07/01/2020,09:24:40,7.85,7.75,375,7.85,375,0,116025
NIFTY16JAN2012500CE.NFO,07/01/2020,09:24:41,7.85,7.7,450,7.85,375,75,116025
NIFTY16JAN2012500CE.NFO,07/01/2020,09:24:42,7.85,7.7,450,7.85,225,0,116025
NIFTY16JAN2012500CE.NFO,07/01/2020,09:24:43,7.85,7.75,825,7.85,225,0,116025
NIFTY16JAN2012500CE.NFO,07/01/2020,09:24:44,7.85,7.75,825,7.85,300,0,116025
NIFTY16JAN2012500CE.NFO,07/01/2020,09:24:45,7.85,7.7,75,7.85,375,0,116025
NIFTY16JAN2012500CE.NFO,07/01/2020,09:24:47,7.85,7.7,450,7.85,150,150,116025
NIFTY16JAN2012500CE.NFO,07/01/2020,09:24:49,7.85,7.7,450,7.85,150,0,116025
NIFTY16JAN2012500CE.NFO,07/01/2020,09:24:51,7.85,7.8,75,7.85,75,0,116025
NIFTY16JAN2012500CE.NFO,07/01/2020,09:24:52,7.7,7.7,450,7.85,150,225,116025
NIFTY16JAN2012500CE.NFO,07/01/2020,09:24:53,7.7,7.7,375,7.85,225,0,116025
NIFTY16JAN2012500CE.NFO,07/01/2020,09:24:54,7.7,7.65,600,7.85,225,0,116025
NIFTY16JAN2012500CE.NFO,07/01/2020,09:24:56,7.7,7.65,600,7.85,150,0,116025
NIFTY16JAN2012500CE.NFO,07/01/2020,09:24:58,7.7,7.7,450,7.8,600,0,116025
NIFTY16JAN2012500CE.NFO,07/01/2020,09:24:59,7.7,7.65,525,7.8,675,0,116025
NIFTY16JAN2012500CE.NFO,07/01/2020,09:25:00,7.7,7.65,975,7.8,600,0,116025
NIFTY16JAN2012500CE.NFO,07/01/2020,09:25:01,7.8,7.65,975,7.8,525,75,116025
NIFTY16JAN2012500CE.NFO,07/01/2020,09:25:02,7.8,7.7,450,7.8,525,75,116025
NIFTY16JAN2012500CE.NFO,07/01/2020,09:25:03,7.8,7.7,450,7.8,375,150,116025
NIFTY16JAN2012500CE.NFO,07/01/2020,09:25:05,7.9,7.75,975,7.9,75,600,116025
NIFTY16JAN2012500CE.NFO,07/01/2020,09:25:06,7.9,7.75,600,7.95,225,300,116025
NIFTY16JAN2012500CE.NFO,07/01/2020,09:25:07,7.9,7.75,450,7.9,75,0,116025
NIFTY16JAN2012500CE.NFO,07/01/2020,09:25:08,7.9,7.75,975,7.95,300,0,116025
NIFTY16JAN2012500CE.NFO,07/01/2020,09:25:09,7.95,7.75,600,7.9,225,75,116025
NIFTY16JAN2012500CE.NFO,07/01/2020,09:25:10,7.95,7.8,375,7.95,225,0,116025
NIFTY16JAN2012500CE.NFO,07/01/2020,09:25:15,7.95,7.75,975,7.95,225,0,116025
NIFTY16JAN2012500CE.NFO,07/01/2020,09:25:20,7.95,7.75,225,7.95,225,0,116025
NIFTY16JAN2012500CE.NFO,07/01/2020,09:25:24,7.95,7.75,600,7.95,225,0,116025
NIFTY16JAN2012500CE.NFO,07/01/2020,09:25:29,7.95,7.75,225,7.95,150,0,116025
NIFTY16JAN2012500CE.NFO,07/01/2020,09:25:30,7.95,7.75,225,7.95,225,0,116025
NIFTY16JAN2012500CE.NFO,07/01/2020,09:25:31,7.95,7.75,600,7.95,225,0,116025
NIFTY16JAN2012500CE.NFO,07/01/2020,09:25:33,7.8,7.7,975,7.95,75,1275,116025
NIFTY16JAN2012500CE.NFO,07/01/2020,09:25:34,7.8,7.7,975,7.95,75,0,116025
NIFTY16JAN2012500CE.NFO,07/01/2020,09:25:36,7.8,7.75,675,8,1275,0,116025
NIFTY16JAN2012500CE.NFO,07/01/2020,09:25:37,7.8,7.75,300,8,1275,0,116025
NIFTY16JAN2012500CE.NFO,07/01/2020,09:25:38,7.8,7.75,225,8,1275,0,116025
NIFTY16JAN2012500CE.NFO,07/01/2020,09:25:39,7.8,7.7,600,8,1275,0,116025
NIFTY16JAN2012500CE.NFO,07/01/2020,09:25:41,8,7.8,450,8,975,300,116025
NIFTY16JAN2012500CE.NFO,07/01/2020,09:25:42,8,7.8,600,8,825,150,116025
NIFTY16JAN2012500CE.NFO,07/01/2020,09:25:43,8,7.8,600,8,675,150,116025
NIFTY16JAN2012500CE.NFO,07/01/2020,09:25:44,7.75,7.75,450,8,750,1950,116025
NIFTY16JAN2012500CE.NFO,07/01/2020,09:25:46,8,7.75,450,8,525,150,116025
NIFTY16JAN2012500CE.NFO,07/01/2020,09:25:47,8,7.75,450,8,375,150,116025
NIFTY16JAN2012500CE.NFO,07/01/2020,09:25:48,7.8,7.8,750,8,375,75,116025
NIFTY16JAN2012500CE.NFO,07/01/2020,09:25:52,7.65,7.7,450,7.95,600,1875,116025
NIFTY16JAN2012500CE.NFO,07/01/2020,09:25:53,7.7,7.7,450,7.95,600,675,116025
NIFTY16JAN2012500CE.NFO,07/01/2020,09:25:54,7.7,7.7,675,7.95,600,0,116025
NIFTY16JAN2012500CE.NFO,07/01/2020,09:25:55,7.7,7.7,225,7.95,600,0,116025
NIFTY16JAN2012500CE.NFO,07/01/2020,09:25:56,7.7,7.7,450,7.95,600,0,116025
NIFTY16JAN2012500CE.NFO,07/01/2020,09:25:57,7.7,7.7,225,7.95,600,0,116025
NIFTY16JAN2012500CE.NFO,07/01/2020,09:25:58,7.7,7.7,150,7.85,450,0,116025
NIFTY16JAN2012500CE.NFO,07/01/2020,09:26:00,7.55,7.55,300,7.85,750,525,116025
NIFTY16JAN2012500CE.NFO,07/01/2020,09:26:01,7.55,7.55,75,7.7,225,0,116025
NIFTY16JAN2012500CE.NFO,07/01/2020,09:26:02,7.55,7.5,300,7.7,375,75,116025
NIFTY16JAN2012500CE.NFO,07/01/2020,09:26:07,7.5,7.5,150,7.7,525,75,116025
NIFTY16JAN2012500CE.NFO,07/01/2020,09:26:08,7.5,7.5,150,7.7,525,0,116025
NIFTY16JAN2012500CE.NFO,07/01/2020,09:26:09,7.7,7.45,75,7.7,225,450,116025
NIFTY16JAN2012500CE.NFO,07/01/2020,09:26:10,7.65,7.4,375,7.7,300,150,116025
NIFTY16JAN2012500CE.NFO,07/01/2020,09:26:12,7.65,7.4,600,7.7,225,0,124650
NIFTY16JAN2012500CE.NFO,07/01/2020,09:26:13,7.65,7.4,375,7.7,225,0,124650
NIFTY16JAN2012500CE.NFO,07/01/2020,09:26:14,7.65,7.4,375,7.7,450,0,124650
NIFTY16JAN2012500CE.NFO,07/01/2020,09:26:16,7.35,7.35,375,7.7,75,2625,124650
NIFTY16JAN2012500CE.NFO,07/01/2020,09:26:17,7.35,7.4,225,7.7,75,0,124650
NIFTY16JAN2012500CE.NFO,07/01/2020,09:26:19,7.35,7.35,225,7.65,150,0,124650
NIFTY16JAN2012500CE.NFO,07/01/2020,09:26:20,7.35,7.35,600,7.65,150,0,124650
NIFTY16JAN2012500CE.NFO,07/01/2020,09:26:21,7.7,7.6,375,7.85,225,300,124650
NIFTY16JAN2012500CE.NFO,07/01/2020,09:26:22,7.7,7.7,75,7.85,75,0,124650
NIFTY16JAN2012500CE.NFO,07/01/2020,09:26:23,7.7,7.7,300,7.9,150,0,124650
NIFTY16JAN2012500CE.NFO,07/01/2020,09:26:24,7.7,7.65,150,7.9,150,0,124650
NIFTY16JAN2012500CE.NFO,07/01/2020,09:26:26,7.55,7.5,75,7.8,300,600,124650
NIFTY16JAN2012500CE.NFO,07/01/2020,09:26:27,7.55,7.55,450,7.85,225,75,124650
NIFTY16JAN2012500CE.NFO,07/01/2020,09:26:28,7.55,7.55,450,7.85,225,0,124650
NIFTY16JAN2012500CE.NFO,07/01/2020,09:26:29,7.6,7.6,375,7.85,225,525,124650
NIFTY16JAN2012500CE.NFO,07/01/2020,09:26:30,7.65,7.6,450,7.85,225,450,124650
NIFTY16JAN2012500CE.NFO,07/01/2020,09:26:31,7.55,7.4,75,7.8,300,450,124650
NIFTY16JAN2012500CE.NFO,07/01/2020,09:26:33,7.55,7.5,300,7.75,225,0,124650
NIFTY16JAN2012500CE.NFO,07/01/2020,09:26:37,7.55,7.45,300,7.75,300,0,124650
NIFTY16JAN2012500CE.NFO,07/01/2020,09:26:38,7.55,7.4,225,7.7,225,0,124650
NIFTY16JAN2012500CE.NFO,07/01/2020,09:26:40,7.55,7.4,150,7.7,225,0,124650
NIFTY16JAN2012500CE.NFO,07/01/2020,09:26:41,7.55,7.35,225,7.65,225,0,124650
NIFTY16JAN2012500CE.NFO,07/01/2020,09:26:43,7.55,7.35,375,7.65,225,0,124650
NIFTY16JAN2012500CE.NFO,07/01/2020,09:26:44,7.55,7.35,225,7.6,375,0,124650
NIFTY16JAN2012500CE.NFO,07/01/2020,09:26:45,7.55,7.35,375,7.6,300,0,124650
NIFTY16JAN2012500CE.NFO,07/01/2020,09:26:47,7.55,7.35,450,7.6,300,0,124650
NIFTY16JAN2012500CE.NFO,07/01/2020,09:26:48,7.55,7.35,375,7.6,300,0,124650
NIFTY16JAN2012500CE.NFO,07/01/2020,09:26:50,7.55,7.35,450,7.6,750,0,124650
NIFTY16JAN2012500CE.NFO,07/01/2020,09:26:51,7.4,7.3,375,7.55,675,300,124650
NIFTY16JAN2012500CE.NFO,07/01/2020,09:26:54,7.4,7.35,375,7.6,375,0,124650
NIFTY16JAN2012500CE.NFO,07/01/2020,09:26:56,7.4,7.3,450,7.6,375,0,124650
NIFTY16JAN2012500CE.NFO,07/01/2020,09:27:00,7.4,7.3,225,7.6,450,0,124650
NIFTY16JAN2012500CE.NFO,07/01/2020,09:27:03,7.3,7.25,225,7.55,450,300,124650
NIFTY16JAN2012500CE.NFO,07/01/2020,09:27:04,7.3,7.3,675,7.55,600,0,124650
NIFTY16JAN2012500CE.NFO,07/01/2020,09:27:07,7.3,7.3,675,7.6,675,0,124650
NIFTY16JAN2012500CE.NFO,07/01/2020,09:27:09,7.6,7.3,675,7.6,600,75,124650
NIFTY16JAN2012500CE.NFO,07/01/2020,09:27:10,7.6,7.3,675,7.6,600,0,124650
NIFTY16JAN2012500CE.NFO,07/01/2020,09:27:16,7.6,7.3,900,7.6,600,0,124650
NIFTY16JAN2012500CE.NFO,07/01/2020,09:27:19,7.6,7.3,675,7.6,600,0,124650
NIFTY16JAN2012500CE.NFO,07/01/2020,09:27:22,7.6,7.3,675,7.6,225,0,124650
NIFTY16JAN2012500CE.NFO,07/01/2020,09:27:26,7.6,7.35,825,7.6,225,0,124650
NIFTY16JAN2012500CE.NFO,07/01/2020,09:27:27,7.6,7.3,675,7.55,600,0,124650
NIFTY16JAN2012500CE.NFO,07/01/2020,09:27:31,7.6,7.3,675,7.55,225,0,124650
NIFTY16JAN2012500CE.NFO,07/01/2020,09:27:35,7.6,7.3,675,7.5,150,0,124650
NIFTY16JAN2012500CE.NFO,07/01/2020,09:27:36,7.6,7.3,525,7.6,450,0,124650
NIFTY16JAN2012500CE.NFO,07/01/2020,09:27:37,7.6,7.3,525,7.6,300,0,124650
NIFTY16JAN2012500CE.NFO,07/01/2020,09:27:39,7.6,7.5,300,7.6,300,0,124650
NIFTY16JAN2012500CE.NFO,07/01/2020,09:27:40,7.5,7.3,525,7.6,375,300,124650
NIFTY16JAN2012500CE.NFO,07/01/2020,09:27:41,7.5,7.3,525,7.6,300,0,124650
NIFTY16JAN2012500CE.NFO,07/01/2020,09:27:42,7.5,7.3,525,7.6,375,0,124650
NIFTY16JAN2012500CE.NFO,07/01/2020,09:27:43,7.3,7.3,150,7.55,150,375,124650
NIFTY16JAN2012500CE.NFO,07/01/2020,09:27:44,7.3,7.3,150,7.55,300,0,124650
NIFTY16JAN2012500CE.NFO,07/01/2020,09:27:46,7.2,7.15,150,7.45,375,450,124650
NIFTY16JAN2012500CE.NFO,07/01/2020,09:27:47,7.1,7.05,75,7.35,450,150,124650
NIFTY16JAN2012500CE.NFO,07/01/2020,09:27:48,7.05,7.05,75,7.35,450,75,124650
NIFTY16JAN2012500CE.NFO,07/01/2020,09:27:49,7.35,7.2,225,7.5,375,450,124650
NIFTY16JAN2012500CE.NFO,07/01/2020,09:27:50,7.35,7.15,225,7.45,600,0,124650
NIFTY16JAN2012500CE.NFO,07/01/2020,09:27:53,7.35,7.15,225,7.45,225,0,124650
NIFTY16JAN2012500CE.NFO,07/01/2020,09:27:54,7.35,7.25,225,7.45,225,0,124650
NIFTY16JAN2012500CE.NFO,07/01/2020,09:27:55,7.35,7.25,225,7.5,375,0,124650
NIFTY16JAN2012500CE.NFO,07/01/2020,09:27:58,7.35,7.25,225,7.5,525,0,124650
NIFTY16JAN2012500CE.NFO,07/01/2020,09:27:59,7.35,7.25,225,7.45,225,0,124650
NIFTY16JAN2012500CE.NFO,07/01/2020,09:28:01,7.25,7.2,375,7.35,300,225,124650
NIFTY16JAN2012500CE.NFO,07/01/2020,09:28:02,7.2,7.2,450,7.4,225,75,124650
NIFTY16JAN2012500CE.NFO,07/01/2020,09:28:03,7.2,7.2,300,7.4,150,0,124650
NIFTY16JAN2012500CE.NFO,07/01/2020,09:28:04,7.2,7.2,225,7.45,300,75,124650
NIFTY16JAN2012500CE.NFO,07/01/2020,09:28:06,7.2,7.15,150,7.45,300,225,124650
NIFTY16JAN2012500CE.NFO,07/01/2020,09:28:07,7.05,7.05,2250,7.35,525,75,124650
NIFTY16JAN2012500CE.NFO,07/01/2020,09:28:08,7.1,7.1,75,7.35,300,75,124650
NIFTY16JAN2012500CE.NFO,07/01/2020,09:28:09,7.1,7.1,75,7.35,300,0,124650
NIFTY16JAN2012500CE.NFO,07/01/2020,09:28:10,7.1,7.05,2250,7.35,300,0,124650
NIFTY16JAN2012500CE.NFO,07/01/2020,09:28:15,7.1,7.05,2250,7.35,450,75,124650
NIFTY16JAN2012500CE.NFO,07/01/2020,09:28:16,7.1,7.05,2250,7.35,450,0,124650
NIFTY16JAN2012500CE.NFO,07/01/2020,09:28:19,7.1,7.05,150,7.25,225,0,124650
NIFTY16JAN2012500CE.NFO,07/01/2020,09:28:20,7.1,7.05,150,7.3,225,0,124650
NIFTY16JAN2012500CE.NFO,07/01/2020,09:28:22,7.1,7.05,150,7.3,375,0,124650
NIFTY16JAN2012500CE.NFO,07/01/2020,09:28:24,7.1,7.05,150,7.25,300,0,124650
NIFTY16JAN2012500CE.NFO,07/01/2020,09:28:26,7.1,7.05,150,7.25,225,0,124650
NIFTY16JAN2012500CE.NFO,07/01/2020,09:28:27,7.1,7.05,150,7.2,300,0,124650
NIFTY16JAN2012500CE.NFO,07/01/2020,09:28:28,7.1,7.05,150,7.2,150,0,124650
NIFTY16JAN2012500CE.NFO,07/01/2020,09:28:29,7.1,7.05,150,7.15,75,0,124650
NIFTY16JAN2012500CE.NFO,07/01/2020,09:28:31,7.1,7.05,150,7.2,225,0,124650
NIFTY16JAN2012500CE.NFO,07/01/2020,09:28:33,7.1,7.05,525,7.25,225,0,124650
NIFTY16JAN2012500CE.NFO,07/01/2020,09:28:35,7.1,7.05,225,7.25,225,0,124650
NIFTY16JAN2012500CE.NFO,07/01/2020,09:28:36,7.05,7.05,75,7.2,1425,75,124650
NIFTY16JAN2012500CE.NFO,07/01/2020,09:28:38,7.05,7,300,7.2,1425,75,124650
NIFTY16JAN2012500CE.NFO,07/01/2020,09:28:39,7.05,7.05,375,7.2,1425,0,124650
NIFTY16JAN2012500CE.NFO,07/01/2020,09:28:40,7.05,7.05,450,7.2,1275,0,124650
NIFTY16JAN2012500CE.NFO,07/01/2020,09:28:41,7.2,7.1,150,7.4,225,1350,124650
NIFTY16JAN2012500CE.NFO,07/01/2020,09:28:42,7.2,7.05,525,7.3,225,0,124650
NIFTY16JAN2012500CE.NFO,07/01/2020,09:28:43,7.2,7,300,7.25,150,0,124650
NIFTY16JAN2012500CE.NFO,07/01/2020,09:28:45,7.2,7.05,75,7.25,150,0,124650
NIFTY16JAN2012500CE.NFO,07/01/2020,09:28:47,7.25,7.05,450,7.25,75,75,124650
NIFTY16JAN2012500CE.NFO,07/01/2020,09:28:48,7.25,7.1,300,7.25,75,300,124650
NIFTY16JAN2012500CE.NFO,07/01/2020,09:28:49,7.25,7.1,300,7.25,75,0,124650
NIFTY16JAN2012500CE.NFO,07/01/2020,09:28:50,7.25,7.15,750,7.4,75,0,124650
NIFTY16JAN2012500CE.NFO,07/01/2020,09:28:51,7.25,7.15,525,7.45,225,0,124650
NIFTY16JAN2012500CE.NFO,07/01/2020,09:28:53,7.25,7.15,525,7.45,300,0,124650
NIFTY16JAN2012500CE.NFO,07/01/2020,09:28:54,7.25,7.2,525,7.45,225,0,124650
NIFTY16JAN2012500CE.NFO,07/01/2020,09:28:55,7.25,7.2,525,7.45,150,0,124650
NIFTY16JAN2012500CE.NFO,07/01/2020,09:28:56,7.4,7.2,450,7.45,225,75,124650
NIFTY16JAN2012500CE.NFO,07/01/2020,09:28:58,7.2,7.15,525,7.4,75,300,124650
NIFTY16JAN2012500CE.NFO,07/01/2020,09:29:00,7.2,7.2,375,7.45,225,0,124650
NIFTY16JAN2012500CE.NFO,07/01/2020,09:29:02,7.2,7.2,375,7.45,150,0,124650
NIFTY16JAN2012500CE.NFO,07/01/2020,09:29:03,7.2,7.25,375,7.5,75,0,124650
NIFTY16JAN2012500CE.NFO,07/01/2020,09:29:04,7.5,7.3,225,7.55,1575,150,124650
NIFTY16JAN2012500CE.NFO,07/01/2020,09:29:05,7.5,7.25,450,7.55,1575,0,124650
NIFTY16JAN2012500CE.NFO,07/01/2020,09:29:06,7.25,7.25,375,7.55,1950,75,124650
NIFTY16JAN2012500CE.NFO,07/01/2020,09:29:08,7.25,7.25,375,7.55,1575,0,124650
NIFTY16JAN2012500CE.NFO,07/01/2020,09:29:09,7.25,7.2,225,7.5,300,225,124650
NIFTY16JAN2012500CE.NFO,07/01/2020,09:29:12,7.25,7.2,525,7.5,150,0,124650
NIFTY16JAN2012500CE.NFO,07/01/2020,09:29:14,7.25,7.25,150,7.55,1575,0,124650
NIFTY16JAN2012500CE.NFO,07/01/2020,09:29:16,7.25,7.25,150,7.55,1725,0,124650
NIFTY16JAN2012500CE.NFO,07/01/2020,09:29:22,7.25,7.2,525,7.5,600,0,124650
NIFTY16JAN2012500CE.NFO,07/01/2020,09:29:27,7.2,7.2,300,7.5,600,75,127500
NIFTY16JAN2012500CE.NFO,07/01/2020,09:29:29,7.2,7.2,300,7.5,600,0,127500
NIFTY16JAN2012500CE.NFO,07/01/2020,09:29:30,7.2,7.2,300,7.5,225,0,127500
NIFTY16JAN2012500CE.NFO,07/01/2020,09:29:36,7.2,7.25,300,7.55,2100,0,127500
NIFTY16JAN2012500CE.NFO,07/01/2020,09:29:37,7.2,7.25,300,7.55,1725,0,127500
NIFTY16JAN2012500CE.NFO,07/01/2020,09:29:42,7.25,7.25,225,7.5,150,75,127500
NIFTY16JAN2012500CE.NFO,07/01/2020,09:29:43,7.25,7.25,225,7.5,300,0,127500
NIFTY16JAN2012500CE.NFO,07/01/2020,09:29:44,7.25,7.25,225,7.5,150,0,127500
NIFTY16JAN2012500CE.NFO,07/01/2020,09:29:50,7.25,7.25,225,7.5,225,0,127500
NIFTY16JAN2012500CE.NFO,07/01/2020,09:29:52,7.25,7.25,225,7.5,150,0,127500
NIFTY16JAN2012500CE.NFO,07/01/2020,09:30:00,7.25,7.25,300,7.5,150,0,127500
NIFTY16JAN2012500CE.NFO,07/01/2020,09:30:01,7.25,7.3,75,7.55,1725,0,127500
NIFTY16JAN2012500CE.NFO,07/01/2020,09:30:02,7.25,7.3,150,7.55,1725,0,127500
NIFTY16JAN2012500CE.NFO,07/01/2020,09:30:03,7.55,7.25,450,7.55,1575,150,127500
NIFTY16JAN2012500CE.NFO,07/01/2020,09:30:05,7.55,7.25,450,7.55,1575,0,127500
NIFTY16JAN2012500CE.NFO,07/01/2020,09:30:06,7.55,7.3,75,7.55,1575,0,127500
NIFTY16JAN2012500CE.NFO,07/01/2020,09:30:07,7.25,7.25,150,7.5,300,75,127500
NIFTY16JAN2012500CE.NFO,07/01/2020,09:30:08,7.25,7.25,150,7.5,300,0,127500
NIFTY16JAN2012500CE.NFO,07/01/2020,09:30:10,7.25,7.25,375,7.5,150,0,127500
NIFTY16JAN2012500CE.NFO,07/01/2020,09:30:11,7.25,7.3,75,7.55,1800,0,127500
NIFTY16JAN2012500CE.NFO,07/01/2020,09:30:13,7.25,7.3,75,7.5,300,0,127500
NIFTY16JAN2012500CE.NFO,07/01/2020,09:30:15,7.5,7.25,300,7.5,75,225,127500
NIFTY16JAN2012500CE.NFO,07/01/2020,09:30:16,7.5,7.3,225,7.5,75,0,127500
NIFTY16JAN2012500CE.NFO,07/01/2020,09:30:17,7.5,7.3,375,7.55,1500,150,127500
NIFTY16JAN2012500CE.NFO,07/01/2020,09:30:18,7.25,7.25,150,7.5,450,900,127500
NIFTY16JAN2012500CE.NFO,07/01/2020,09:30:19,7.25,7.2,600,7.5,450,75,127500
NIFTY16JAN2012500CE.NFO,07/01/2020,09:30:20,7.25,7.2,450,7.5,600,0,127500
NIFTY16JAN2012500CE.NFO,07/01/2020,09:30:22,7.25,7.25,150,7.55,1125,75,127500
NIFTY16JAN2012500CE.NFO,07/01/2020,09:30:23,7.5,7.2,525,7.5,375,300,127500
NIFTY16JAN2012500CE.NFO,07/01/2020,09:30:24,7.5,7.2,525,7.5,375,0,127500
NIFTY16JAN2012500CE.NFO,07/01/2020,09:30:25,7.5,7.2,300,7.5,525,0,127500
NIFTY16JAN2012500CE.NFO,07/01/2020,09:30:26,7.5,7.2,525,7.5,375,0,127500
NIFTY16JAN2012500CE.NFO,07/01/2020,09:30:28,7.5,7.2,375,7.5,375,0,127500
NIFTY16JAN2012500CE.NFO,07/01/2020,09:30:30,7.5,7.2,375,7.5,225,0,127500
NIFTY16JAN2012500CE.NFO,07/01/2020,09:30:31,7.5,7.2,525,7.5,225,0,127500
NIFTY16JAN2012500CE.NFO,07/01/2020,09:30:33,7.5,7.2,375,7.5,225,0,127500
NIFTY16JAN2012500CE.NFO,07/01/2020,09:30:34,7.5,7.2,525,7.5,225,0,127500
NIFTY16JAN2012500CE.NFO,07/01/2020,09:30:37,7.5,7.2,375,7.45,450,0,127500
NIFTY16JAN2012500CE.NFO,07/01/2020,09:30:38,7.2,7.2,300,7.45,450,75,127500
NIFTY16JAN2012500CE.NFO,07/01/2020,09:30:39,7.2,7.2,300,7.45,300,0,127500
NIFTY16JAN2012500CE.NFO,07/01/2020,09:30:42,7.2,7.2,300,7.45,150,0,127500
NIFTY16JAN2012500CE.NFO,07/01/2020,09:30:44,7.2,7.2,450,7.5,225,0,127500
NIFTY16JAN2012500CE.NFO,07/01/2020,09:30:45,7.2,7.2,450,7.5,150,0,127500
NIFTY16JAN2012500CE.NFO,07/01/2020,09:30:48,7.2,7.2,300,7.5,450,0,127500
NIFTY16JAN2012500CE.NFO,07/01/2020,09:30:50,7.2,7.2,525,7.5,450,0,127500
NIFTY16JAN2012500CE.NFO,07/01/2020,09:30:53,7.2,7.2,375,7.45,225,0,127500
NIFTY16JAN2012500CE.NFO,07/01/2020,09:30:55,7.45,7.25,150,7.5,750,225,127500
NIFTY16JAN2012500CE.NFO,07/01/2020,09:30:56,7.45,7.25,150,7.5,375,0,127500
NIFTY16JAN2012500CE.NFO,07/01/2020,09:30:57,7.45,7.25,150,7.5,750,0,127500
NIFTY16JAN2012500CE.NFO,07/01/2020,09:30:58,7.45,7.25,150,7.5,375,0,127500
NIFTY16JAN2012500CE.NFO,07/01/2020,09:31:00,7.25,7.25,225,7.5,225,75,127500
NIFTY16JAN2012500CE.NFO,07/01/2020,09:31:01,7.25,7.25,225,7.5,150,0,127500
NIFTY16JAN2012500CE.NFO,07/01/2020,09:31:02,7.25,7.25,75,7.5,225,150,127500
NIFTY16JAN2012500CE.NFO,07/01/2020,09:31:03,7.25,7.25,75,7.5,225,0,127500
NIFTY16JAN2012500CE.NFO,07/01/2020,09:31:04,7.5,7.3,225,7.55,675,225,127500
NIFTY16JAN2012500CE.NFO,07/01/2020,09:31:05,7.5,7.3,75,7.55,675,0,127500
NIFTY16JAN2012500CE.NFO,07/01/2020,09:31:09,7.55,7.3,225,7.55,600,75,127500
NIFTY16JAN2012500CE.NFO,07/01/2020,09:31:10,7.25,7.2,225,7.5,375,150,127500
NIFTY16JAN2012500CE.NFO,07/01/2020,09:31:11,7.25,7.25,150,7.55,975,0,127500
NIFTY16JAN2012500CE.NFO,07/01/2020,09:31:12,7.25,7.25,150,7.55,600,0,127500
NIFTY16JAN2012500CE.NFO,07/01/2020,09:31:33,7.25,7.2,225,7.5,225,0,127500
NIFTY16JAN2012500CE.NFO,07/01/2020,09:31:35,7.25,7.2,375,7.5,225,0,127500
NIFTY16JAN2012500CE.NFO,07/01/2020,09:31:46,7.25,7.2,225,7.5,150,0,127500
NIFTY16JAN2012500CE.NFO,07/01/2020,09:31:54,7.25,7.2,375,7.5,150,0,127500
NIFTY16JAN2012500CE.NFO,07/01/2020,09:31:59,7.25,7.25,750,7.55,525,0,127500
NIFTY16JAN2012500CE.NFO,07/01/2020,09:32:01,7.25,7.25,750,7.55,900,0,127500
NIFTY16JAN2012500CE.NFO,07/01/2020,09:32:02,7.25,7.25,750,7.45,150,0,127500
NIFTY16JAN2012500CE.NFO,07/01/2020,09:32:06,7.25,7.25,750,7.45,525,0,127500
NIFTY16JAN2012500CE.NFO,07/01/2020,09:32:07,7.25,7.25,750,7.45,150,0,127500
NIFTY16JAN2012500CE.NFO,07/01/2020,09:32:16,7.25,7.3,450,7.45,150,0,127500
NIFTY16JAN2012500CE.NFO,07/01/2020,09:32:17,7.3,7.3,300,7.5,375,150,128175
NIFTY16JAN2012500CE.NFO,07/01/2020,09:32:19,7.6,7.4,375,7.7,525,675,128175
NIFTY16JAN2012500CE.NFO,07/01/2020,09:32:21,7.5,7.3,450,7.5,825,300,128175
NIFTY16JAN2012500CE.NFO,07/01/2020,09:32:22,7.3,7.3,75,7.55,375,1425,128175
NIFTY16JAN2012500CE.NFO,07/01/2020,09:32:23,7.75,7.35,150,7.75,300,300,128175
NIFTY16JAN2012500CE.NFO,07/01/2020,09:32:25,7.75,7.4,150,7.7,150,0,128175
NIFTY16JAN2012500CE.NFO,07/01/2020,09:32:27,7.75,7.4,300,7.7,150,0,128175
NIFTY16JAN2012500CE.NFO,07/01/2020,09:32:29,7.75,7.5,600,7.8,150,0,128175
NIFTY16JAN2012500CE.NFO,07/01/2020,09:32:30,7.75,7.5,600,7.8,375,0,128175
NIFTY16JAN2012500CE.NFO,07/01/2020,09:32:31,7.75,7.5,600,7.65,75,0,128175
NIFTY16JAN2012500CE.NFO,07/01/2020,09:32:40,7.65,7.55,75,7.85,75,75,128175
NIFTY16JAN2012500CE.NFO,07/01/2020,09:32:41,7.65,7.5,750,7.75,225,0,128175
NIFTY16JAN2012500CE.NFO,07/01/2020,09:32:42,7.65,7.5,600,7.75,225,0,128175
NIFTY16JAN2012500CE.NFO,07/01/2020,09:32:45,7.65,7.5,600,7.75,300,0,128175
NIFTY16JAN2012500CE.NFO,07/01/2020,09:32:46,7.75,7.5,600,7.75,225,75,128175
NIFTY16JAN2012500CE.NFO,07/01/2020,09:32:47,7.75,7.5,600,7.75,75,0,128175
NIFTY16JAN2012500CE.NFO,07/01/2020,09:32:51,7.75,7.5,600,7.8,225,0,128175
NIFTY16JAN2012500CE.NFO,07/01/2020,09:32:52,7.75,7.5,600,7.8,75,0,128175
NIFTY16JAN2012500CE.NFO,07/01/2020,09:32:54,7.75,7.5,600,7.8,225,0,128175
NIFTY16JAN2012500CE.NFO,07/01/2020,09:32:55,7.75,7.55,150,7.85,300,0,128175
NIFTY16JAN2012500CE.NFO,07/01/2020,09:32:56,7.75,7.5,600,7.8,75,0,128175
NIFTY16JAN2012500CE.NFO,07/01/2020,09:32:57,7.75,7.65,75,7.9,75,0,128175
NIFTY16JAN2012500CE.NFO,07/01/2020,09:32:59,7.75,7.65,75,7.95,300,0,128175
NIFTY16JAN2012500CE.NFO,07/01/2020,09:33:00,7.75,7.7,75,7.9,150,0,128175
NIFTY16JAN2012500CE.NFO,07/01/2020,09:33:01,7.75,7.7,75,8,450,0,128175
NIFTY16JAN2012500CE.NFO,07/01/2020,09:33:03,7.75,7.7,75,8,375,0,128175
NIFTY16JAN2012500CE.NFO,07/01/2020,09:33:04,7.75,7.7,150,8,225,0,128175
NIFTY16JAN2012500CE.NFO,07/01/2020,09:33:05,7.75,7.7,75,8,225,0,128175
NIFTY16JAN2012500CE.NFO,07/01/2020,09:33:07,7.7,7.7,75,8,225,75,128175
NIFTY16JAN2012500CE.NFO,07/01/2020,09:33:08,7.7,7.7,75,8,225,0,128175
NIFTY16JAN2012500CE.NFO,07/01/2020,09:33:11,7.7,7.65,150,7.95,225,75,128175
NIFTY16JAN2012500CE.NFO,07/01/2020,09:33:12,7.7,7.65,150,7.95,225,0,128175
NIFTY16JAN2012500CE.NFO,07/01/2020,09:33:13,7.7,7.65,150,7.95,225,75,128175
NIFTY16JAN2012500CE.NFO,07/01/2020,09:33:15,7.65,7.55,75,7.95,300,225,128175
NIFTY16JAN2012500CE.NFO,07/01/2020,09:33:16,7.65,7.6,225,7.95,375,0,128175
NIFTY16JAN2012500CE.NFO,07/01/2020,09:33:17,7.6,7.55,225,7.85,300,75,128175
NIFTY16JAN2012500CE.NFO,07/01/2020,09:33:19,7.6,7.5,600,7.85,450,0,128175
NIFTY16JAN2012500CE.NFO,07/01/2020,09:33:22,7.6,7.5,600,7.85,300,0,128175
NIFTY16JAN2012500CE.NFO,07/01/2020,09:33:23,7.6,7.55,150,7.85,300,0,128175
NIFTY16JAN2012500CE.NFO,07/01/2020,09:33:24,7.6,7.55,150,7.85,450,0,128175
NIFTY16JAN2012500CE.NFO,07/01/2020,09:33:25,7.6,7.55,150,7.8,675,0,128175
NIFTY16JAN2012500CE.NFO,07/01/2020,09:33:26,7.6,7.65,150,7.8,750,0,128175
NIFTY16JAN2012500CE.NFO,07/01/2020,09:33:29,7.6,7.65,150,7.8,675,0,128175
NIFTY16JAN2012500CE.NFO,07/01/2020,09:33:30,7.6,7.55,150,7.8,675,0,128175
NIFTY16JAN2012500CE.NFO,07/01/2020,09:33:31,7.6,7.65,150,7.8,750,0,128175
NIFTY16JAN2012500CE.NFO,07/01/2020,09:33:33,7.65,7.5,750,7.8,675,150,128175
NIFTY16JAN2012500CE.NFO,07/01/2020,09:33:34,7.65,7.5,600,7.8,675,0,128175
NIFTY16JAN2012500CE.NFO,07/01/2020,09:33:40,7.55,7.55,150,7.8,675,75,128175
NIFTY16JAN2012500CE.NFO,07/01/2020,09:33:42,7.8,7.55,150,7.8,375,300,128175
NIFTY16JAN2012500CE.NFO,07/01/2020,09:33:45,7.8,7.5,600,7.8,375,0,128175
NIFTY16JAN2012500CE.NFO,07/01/2020,09:33:46,7.8,7.5,600,7.8,525,0,128175
NIFTY16JAN2012500CE.NFO,07/01/2020,09:33:49,7.8,7.5,600,7.8,375,0,128175
NIFTY16JAN2012500CE.NFO,07/01/2020,09:33:50,7.8,7.5,750,7.8,375,0,128175
NIFTY16JAN2012500CE.NFO,07/01/2020,09:33:53,7.8,7.5,600,7.8,375,0,128175
NIFTY16JAN2012500CE.NFO,07/01/2020,09:33:53,7.8,7.5,750,7.8,225,150,128175
NIFTY16JAN2012500CE.NFO,07/01/2020,09:33:54,7.8,7.55,150,7.8,225,0,128175
NIFTY16JAN2012500CE.NFO,07/01/2020,09:33:56,7.8,7.55,300,7.8,225,0,128175
NIFTY16JAN2012500CE.NFO,07/01/2020,09:33:58,7.8,7.65,150,7.8,75,150,128175
NIFTY16JAN2012500CE.NFO,07/01/2020,09:33:59,7.8,7.65,150,7.8,75,0,128175
NIFTY16JAN2012500CE.NFO,07/01/2020,09:34:02,7.9,7.7,150,8,225,150,128175
NIFTY16JAN2012500CE.NFO,07/01/2020,09:34:03,7.9,7.7,150,8,225,0,128175
NIFTY16JAN2012500CE.NFO,07/01/2020,09:34:04,7.9,7.7,75,7.95,75,0,128175
NIFTY16JAN2012500CE.NFO,07/01/2020,09:34:07,7.9,7.65,75,7.95,75,0,128175
NIFTY16JAN2012500CE.NFO,07/01/2020,09:34:08,7.9,7.6,75,7.95,75,0,128175
NIFTY16JAN2012500CE.NFO,07/01/2020,09:34:09,7.9,7.6,150,7.95,75,0,128175
NIFTY16JAN2012500CE.NFO,07/01/2020,09:34:10,7.9,7.65,150,7.95,75,0,128175
NIFTY16JAN2012500CE.NFO,07/01/2020,09:34:11,7.9,7.7,150,7.95,75,0,128175
NIFTY16JAN2012500CE.NFO,07/01/2020,09:34:14,7.7,7.65,150,7.95,150,75,128175
NIFTY16JAN2012500CE.NFO,07/01/2020,09:34:15,7.7,7.7,75,8,600,0,128175
NIFTY16JAN2012500CE.NFO,07/01/2020,09:34:16,7.7,7.65,75,7.95,75,0,128175
NIFTY16JAN2012500CE.NFO,07/01/2020,09:34:17,7.7,7.65,225,7.95,150,0,128175
NIFTY16JAN2012500CE.NFO,07/01/2020,09:34:18,7.7,7.65,75,7.95,225,0,128175
NIFTY16JAN2012500CE.NFO,07/01/2020,09:34:19,7.7,7.55,75,7.9,75,0,128175
NIFTY16JAN2012500CE.NFO,07/01/2020,09:34:21,7.7,7.55,75,7.85,150,0,128175
NIFTY16JAN2012500CE.NFO,07/01/2020,09:34:22,7.7,7.55,225,7.85,150,0,128175
NIFTY16JAN2012500CE.NFO,07/01/2020,09:34:23,7.7,7.6,225,7.9,300,0,128175
NIFTY16JAN2012500CE.NFO,07/01/2020,09:34:24,7.7,7.6,225,7.9,150,0,128175
NIFTY16JAN2012500CE.NFO,07/01/2020,09:34:25,7.7,7.6,75,7.9,150,0,128175
NIFTY16JAN2012500CE.NFO,07/01/2020,09:34:27,7.7,7.55,75,7.85,675,0,128175
NIFTY16JAN2012500CE.NFO,07/01/2020,09:34:28,7.7,7.55,75,7.85,525,0,128175
NIFTY16JAN2012500CE.NFO,07/01/2020,09:34:29,7.7,7.55,75,7.8,75,0,128175
NIFTY16JAN2012500CE.NFO,07/01/2020,09:34:30,7.7,7.55,75,7.85,75,0,128175
NIFTY16JAN2012500CE.NFO,07/01/2020,09:34:31,7.7,7.55,75,7.85,450,0,128175
NIFTY16JAN2012500CE.NFO,07/01/2020,09:34:33,7.7,7.55,75,7.85,75,0,128175
NIFTY16JAN2012500CE.NFO,07/01/2020,09:34:34,7.7,7.55,75,7.75,75,0,128175
NIFTY16JAN2012500CE.NFO,07/01/2020,09:34:37,7.7,7.55,75,7.8,75,0,128175
NIFTY16JAN2012500CE.NFO,07/01/2020,09:34:38,7.7,7.55,150,7.8,75,0,128175
NIFTY16JAN2012500CE.NFO,07/01/2020,09:34:44,7.8,7.55,75,7.85,75,150,128175
NIFTY16JAN2012500CE.NFO,07/01/2020,09:34:45,7.55,7.5,675,7.8,150,600,128175
NIFTY16JAN2012500CE.NFO,07/01/2020,09:34:47,7.55,7.5,675,7.8,150,0,128175
NIFTY16JAN2012500CE.NFO,07/01/2020,09:34:51,7.55,7.5,675,7.8,225,0,128175
NIFTY16JAN2012500CE.NFO,07/01/2020,09:34:53,7.5,7.5,600,7.75,75,75,128175
NIFTY16JAN2012500CE.NFO,07/01/2020,09:34:54,7.5,7.5,600,7.8,150,0,128175
NIFTY16JAN2012500CE.NFO,07/01/2020,09:34:55,7.5,7.5,150,7.8,150,300,128175
NIFTY16JAN2012500CE.NFO,07/01/2020,09:34:56,7.5,7.45,225,7.8,300,150,128175
NIFTY16JAN2012500CE.NFO,07/01/2020,09:34:58,7.5,7.5,225,7.8,225,0,128175
NIFTY16JAN2012500CE.NFO,07/01/2020,09:34:59,7.5,7.6,150,7.9,375,0,128175
NIFTY16JAN2012500CE.NFO,07/01/2020,09:35:01,7.5,7.6,225,7.9,375,0,128175
NIFTY16JAN2012500CE.NFO,07/01/2020,09:35:07,7.5,7.6,150,7.9,375,0,128175
NIFTY16JAN2012500CE.NFO,07/01/2020,09:35:08,7.55,7.55,150,7.8,150,150,128175
NIFTY16JAN2012500CE.NFO,07/01/2020,09:35:10,7.55,7.55,150,7.8,75,0,128175
NIFTY16JAN2012500CE.NFO,07/01/2020,09:35:11,7.55,7.65,150,7.8,75,0,128175
NIFTY16JAN2012500CE.NFO,07/01/2020,09:35:12,7.55,7.55,225,7.8,75,0,128175
NIFTY16JAN2012500CE.NFO,07/01/2020,09:35:13,7.6,7.5,375,7.8,150,300,129975
NIFTY16JAN2012500CE.NFO,07/01/2020,09:35:14,7.6,7.55,300,7.8,150,0,129975
NIFTY16JAN2012500CE.NFO,07/01/2020,09:35:15,7.6,7.55,450,7.8,150,0,129975
NIFTY16JAN2012500CE.NFO,07/01/2020,09:35:17,7.6,7.65,150,7.85,75,0,129975
NIFTY16JAN2012500CE.NFO,07/01/2020,09:35:18,7.65,7.6,300,7.85,225,150,129975
NIFTY16JAN2012500CE.NFO,07/01/2020,09:35:19,7.65,7.6,150,7.85,375,0,129975
NIFTY16JAN2012500CE.NFO,07/01/2020,09:35:20,7.65,7.6,150,7.85,225,0,129975
NIFTY16JAN2012500CE.NFO,07/01/2020,09:35:21,7.65,7.6,150,7.85,375,0,129975
NIFTY16JAN2012500CE.NFO,07/01/2020,09:35:22,7.65,7.5,525,7.8,375,0,129975
NIFTY16JAN2012500CE.NFO,07/01/2020,09:35:23,7.65,7.6,300,7.8,225,0,129975
NIFTY16JAN2012500CE.NFO,07/01/2020,09:35:24,7.65,7.6,300,7.8,150,0,129975
NIFTY16JAN2012500CE.NFO,07/01/2020,09:35:26,7.65,7.6,150,7.8,150,0,129975
NIFTY16JAN2012500CE.NFO,07/01/2020,09:35:27,7.65,7.55,150,7.8,150,0,129975
NIFTY16JAN2012500CE.NFO,07/01/2020,09:35:31,7.65,7.5,75,7.75,225,0,129975
NIFTY16JAN2012500CE.NFO,07/01/2020,09:35:35,7.65,7.55,150,7.75,225,0,129975
NIFTY16JAN2012500CE.NFO,07/01/2020,09:35:39,7.65,7.55,150,7.7,225,0,129975
NIFTY16JAN2012500CE.NFO,07/01/2020,09:35:40,7.65,7.5,75,7.7,225,0,129975
NIFTY16JAN2012500CE.NFO,07/01/2020,09:35:42,7.65,7.5,75,7.65,300,0,129975
NIFTY16JAN2012500CE.NFO,07/01/2020,09:35:44,7.5,7.35,150,7.6,225,75,129975
NIFTY16JAN2012500CE.NFO,07/01/2020,09:35:46,7.5,7.35,150,7.6,225,0,129975
NIFTY16JAN2012500CE.NFO,07/01/2020,09:35:47,7.6,7.35,75,7.6,225,75,129975
NIFTY16JAN2012500CE.NFO,07/01/2020,09:35:48,7.35,7.3,75,7.55,75,75,129975
NIFTY16JAN2012500CE.NFO,07/01/2020,09:35:49,7.35,7.4,75,7.7,150,0,129975
NIFTY16JAN2012500CE.NFO,07/01/2020,09:35:50,7.35,7.4,75,7.7,225,0,129975
NIFTY16JAN2012500CE.NFO,07/01/2020,09:35:53,7.35,7.45,225,7.7,150,0,129975
NIFTY16JAN2012500CE.NFO,07/01/2020,09:35:54,7.5,7.45,225,7.7,150,75,129975
NIFTY16JAN2012500CE.NFO,07/01/2020,09:35:55,7.5,7.45,225,7.7,150,0,129975
NIFTY16JAN2012500CE.NFO,07/01/2020,09:35:57,7.5,7.45,225,7.7,225,0,129975
NIFTY16JAN2012500CE.NFO,07/01/2020,09:36:02,7.5,7.45,375,7.7,225,0,129975
NIFTY16JAN2012500CE.NFO,07/01/2020,09:36:05,7.5,7.45,375,7.7,300,0,129975
NIFTY16JAN2012500CE.NFO,07/01/2020,09:36:06,7.5,7.45,375,7.7,225,0,129975
NIFTY16JAN2012500CE.NFO,07/01/2020,09:36:09,7.5,7.45,225,7.7,225,0,129975
NIFTY16JAN2012500CE.NFO,07/01/2020,09:36:10,7.5,7.5,375,7.7,225,0,129975
NIFTY16JAN2012500CE.NFO,07/01/2020,09:36:12,7.5,7.5,375,7.7,150,0,129975
NIFTY16JAN2012500CE.NFO,07/01/2020,09:36:13,7.75,7.55,300,7.85,300,300,129975
NIFTY16JAN2012500CE.NFO,07/01/2020,09:36:14,7.75,7.55,300,7.85,300,0,129975
NIFTY16JAN2012500CE.NFO,07/01/2020,09:36:15,7.55,7.55,225,7.85,300,75,129975
NIFTY16JAN2012500CE.NFO,07/01/2020,09:36:16,7.55,7.55,75,7.8,150,75,129975
NIFTY16JAN2012500CE.NFO,07/01/2020,09:36:18,7.55,7.55,75,7.8,150,0,129975
NIFTY16JAN2012500CE.NFO,07/01/2020,09:36:21,7.55,7.55,75,7.75,150,0,129975
NIFTY16JAN2012500CE.NFO,07/01/2020,09:36:23,7.55,7.55,75,7.8,300,0,129975
NIFTY16JAN2012500CE.NFO,07/01/2020,09:36:25,7.55,7.55,150,7.8,300,0,129975
NIFTY16JAN2012500CE.NFO,07/01/2020,09:36:30,7.8,7.55,150,7.8,225,75,129975
NIFTY16JAN2012500CE.NFO,07/01/2020,09:36:32,7.8,7.55,150,7.8,225,0,129975
NIFTY16JAN2012500CE.NFO,07/01/2020,09:36:43,7.75,7.45,300,7.75,1275,150,129975
NIFTY16JAN2012500CE.NFO,07/01/2020,09:36:44,7.75,7.45,300,7.75,1275,0,129975
NIFTY16JAN2012500CE.NFO,07/01/2020,09:36:47,7.7,7.45,150,7.75,1125,75,129975
NIFTY16JAN2012500CE.NFO,07/01/2020,09:36:48,7.75,7.55,150,7.75,750,525,129975
NIFTY16JAN2012500CE.NFO,07/01/2020,09:36:49,7.75,7.55,150,7.75,750,0,129975
NIFTY16JAN2012500CE.NFO,07/01/2020,09:36:50,7.75,7.55,300,7.75,300,300,129975
NIFTY16JAN2012500CE.NFO,07/01/2020,09:36:51,7.75,7.7,300,7.8,75,150,129975
NIFTY16JAN2012500CE.NFO,07/01/2020,09:36:52,7.75,7.75,450,7.85,75,0,129975
NIFTY16JAN2012500CE.NFO,07/01/2020,09:36:55,7.85,7.85,150,7.9,375,75,129975
NIFTY16JAN2012500CE.NFO,07/01/2020,09:36:57,7.85,7.85,150,7.9,375,0,129975
NIFTY16JAN2012500CE.NFO,07/01/2020,09:36:59,7.85,7.7,375,7.85,75,150,129975
NIFTY16JAN2012500CE.NFO,07/01/2020,09:37:00,7.85,7.7,375,7.85,75,0,129975
NIFTY16JAN2012500CE.NFO,07/01/2020,09:37:01,7.85,7.7,375,7.85,150,0,129975
NIFTY16JAN2012500CE.NFO,07/01/2020,09:37:02,7.7,7.7,225,7.9,600,225,129975
NIFTY16JAN2012500CE.NFO,07/01/2020,09:37:03,7.7,7.7,375,7.9,600,0,129975
NIFTY16JAN2012500CE.NFO,07/01/2020,09:37:04,7.7,7.7,150,7.9,600,0,129975
NIFTY16JAN2012500CE.NFO,07/01/2020,09:37:05,7.7,7.7,150,7.9,525,0,129975
NIFTY16JAN2012500CE.NFO,07/01/2020,09:37:07,7.7,7.75,375,7.9,375,0,129975
NIFTY16JAN2012500CE.NFO,07/01/2020,09:37:09,7.7,7.75,150,7.9,375,0,129975
NIFTY16JAN2012500CE.NFO,07/01/2020,09:37:10,7.75,7.7,300,7.85,150,75,129975
NIFTY16JAN2012500CE.NFO,07/01/2020,09:37:11,7.75,7.7,375,7.9,750,0,129975
NIFTY16JAN2012500CE.NFO,07/01/2020,09:37:13,7.75,7.7,375,7.9,600,0,129975
NIFTY16JAN2012500CE.NFO,07/01/2020,09:37:14,7.75,7.7,300,7.9,600,0,129975
NIFTY16JAN2012500CE.NFO,07/01/2020,09:37:16,7.75,7.7,450,7.9,600,0,129975
NIFTY16JAN2012500CE.NFO,07/01/2020,09:37:25,7.75,7.7,150,7.9,600,0,129975
NIFTY16JAN2012500CE.NFO,07/01/2020,09:37:26,7.7,7.7,225,7.9,600,75,129975
NIFTY16JAN2012500CE.NFO,07/01/2020,09:37:29,7.7,7.7,225,7.9,600,0,129975
NIFTY16JAN2012500CE.NFO,07/01/2020,09:37:30,7.7,7.7,75,7.9,600,150,129975
NIFTY16JAN2012500CE.NFO,07/01/2020,09:37:36,7.7,7.7,75,7.9,600,150,129975
NIFTY16JAN2012500CE.NFO,07/01/2020,09:37:38,7.7,7.65,225,7.9,600,75,129975
NIFTY16JAN2012500CE.NFO,07/01/2020,09:37:39,7.65,7.65,225,7.9,600,75,129975
NIFTY16JAN2012500CE.NFO,07/01/2020,09:37:41,7.65,7.65,375,7.9,600,0,129975
NIFTY16JAN2012500CE.NFO,07/01/2020,09:37:42,7.65,7.65,300,7.9,600,75,129975
NIFTY16JAN2012500CE.NFO,07/01/2020,09:37:48,7.65,7.65,300,7.9,600,0,129975
NIFTY16JAN2012500CE.NFO,07/01/2020,09:37:50,7.65,7.65,75,7.9,600,0,129975
NIFTY16JAN2012500CE.NFO,07/01/2020,09:37:51,7.65,7.65,75,7.75,450,0,129975
NIFTY16JAN2012500CE.NFO,07/01/2020,09:38:03,7.65,7.65,150,7.75,450,0,129975
NIFTY16JAN2012500CE.NFO,07/01/2020,09:38:04,7.65,7.65,75,7.75,450,0,129975
NIFTY16JAN2012500CE.NFO,07/01/2020,09:38:06,7.65,7.65,1125,7.75,450,0,129975
NIFTY16JAN2012500CE.NFO,07/01/2020,09:38:09,7.75,7.65,1125,7.75,300,75,129975
NIFTY16JAN2012500CE.NFO,07/01/2020,09:38:12,7.75,7.65,1125,7.75,300,0,129975
NIFTY16JAN2012500CE.NFO,07/01/2020,09:38:19,7.75,7.7,225,7.85,225,300,130275
NIFTY16JAN2012500CE.NFO,07/01/2020,09:38:21,7.75,7.75,150,7.9,675,0,130275
NIFTY16JAN2012500CE.NFO,07/01/2020,09:38:22,7.75,7.75,150,7.85,150,0,130275
NIFTY16JAN2012500CE.NFO,07/01/2020,09:38:24,7.75,7.75,150,7.9,675,0,130275
NIFTY16JAN2012500CE.NFO,07/01/2020,09:38:25,7.85,7.75,75,7.85,75,150,130275
NIFTY16JAN2012500CE.NFO,07/01/2020,09:38:26,7.85,7.75,75,7.9,675,0,130275
NIFTY16JAN2012500CE.NFO,07/01/2020,09:38:28,7.85,7.75,75,7.85,225,0,130275
NIFTY16JAN2012500CE.NFO,07/01/2020,09:38:29,7.85,7.75,75,7.85,150,0,130275
NIFTY16JAN2012500CE.NFO,07/01/2020,09:38:30,7.85,7.65,1200,7.8,225,0,130275
NIFTY16JAN2012500CE.NFO,07/01/2020,09:38:34,7.85,7.65,1200,7.8,150,0,130275
NIFTY16JAN2012500CE.NFO,07/01/2020,09:38:36,7.85,7.65,150,7.8,300,0,130275
NIFTY16JAN2012500CE.NFO,07/01/2020,09:38:40,7.85,7.65,150,7.8,225,0,130275
NIFTY16JAN2012500CE.NFO,07/01/2020,09:38:41,7.85,7.65,150,7.75,150,0,130275
NIFTY16JAN2012500CE.NFO,07/01/2020,09:38:43,7.65,7.65,150,7.75,225,150,130275
NIFTY16JAN2012500CE.NFO,07/01/2020,09:38:44,7.65,7.65,75,7.75,225,75,130275
NIFTY16JAN2012500CE.NFO,07/01/2020,09:38:45,7.65,7.65,75,7.75,150,0,130275
NIFTY16JAN2012500CE.NFO,07/01/2020,09:38:54,7.65,7.65,75,7.75,225,0,130275
NIFTY16JAN2012500CE.NFO,07/01/2020,09:38:58,7.75,7.65,150,7.8,300,150,130275
NIFTY16JAN2012500CE.NFO,07/01/2020,09:39:00,7.75,7.65,150,7.8,300,0,130275
NIFTY16JAN2012500CE.NFO,07/01/2020,09:39:02,7.75,7.65,150,7.8,225,0,130275
NIFTY16JAN2012500CE.NFO,07/01/2020,09:39:03,7.75,7.7,75,7.8,75,0,130275
NIFTY16JAN2012500CE.NFO,07/01/2020,09:39:05,7.7,7.6,150,7.8,300,75,130275
NIFTY16JAN2012500CE.NFO,07/01/2020,09:39:06,7.7,7.65,75,7.8,300,0,130275
NIFTY16JAN2012500CE.NFO,07/01/2020,09:39:07,7.7,7.65,75,7.8,225,0,130275
NIFTY16JAN2012500CE.NFO,07/01/2020,09:39:09,7.7,7.6,150,7.8,300,0,130275
NIFTY16JAN2012500CE.NFO,07/01/2020,09:39:11,7.7,7.65,75,7.8,225,0,130275
NIFTY16JAN2012500CE.NFO,07/01/2020,09:39:15,7.7,7.7,150,7.8,75,0,130275
NIFTY16JAN2012500CE.NFO,07/01/2020,09:39:17,7.7,7.7,225,7.85,75,0,130275
NIFTY16JAN2012500CE.NFO,07/01/2020,09:39:19,7.7,7.75,75,7.85,75,0,130275
NIFTY16JAN2012500CE.NFO,07/01/2020,09:39:22,7.85,7.7,150,7.9,600,75,130275
NIFTY16JAN2012500CE.NFO,07/01/2020,09:39:23,7.85,7.7,150,7.9,825,75,130275
NIFTY16JAN2012500CE.NFO,07/01/2020,09:39:24,7.85,7.75,75,7.9,450,0,130275
NIFTY16JAN2012500CE.NFO,07/01/2020,09:39:26,7.85,7.75,675,7.9,450,0,130275
NIFTY16JAN2012500CE.NFO,07/01/2020,09:39:30,7.85,7.75,675,7.9,600,0,130275
NIFTY16JAN2012500CE.NFO,07/01/2020,09:39:36,7.85,7.8,525,7.9,375,0,130275
NIFTY16JAN2012500CE.NFO,07/01/2020,09:39:40,8,7.8,525,7.95,75,750,130275
NIFTY16JAN2012500CE.NFO,07/01/2020,09:39:42,8,7.8,600,8,675,0,130275
NIFTY16JAN2012500CE.NFO,07/01/2020,09:39:43,8,7.8,525,7.95,75,0,130275
NIFTY16JAN2012500CE.NFO,07/01/2020,09:39:44,8,7.8,525,8,675,0,130275
NIFTY16JAN2012500CE.NFO,07/01/2020,09:39:45,8,7.85,300,8,525,0,130275
NIFTY16JAN2012500CE.NFO,07/01/2020,09:39:51,8,7.85,225,8,450,0,130275
NIFTY16JAN2012500CE.NFO,07/01/2020,09:39:54,8,7.85,225,8,375,0,130275
NIFTY16JAN2012500CE.NFO,07/01/2020,09:39:55,8,7.9,525,8,375,0,130275
NIFTY16JAN2012500CE.NFO,07/01/2020,09:39:57,8,7.9,150,8,375,0,130275
NIFTY16JAN2012500CE.NFO,07/01/2020,09:40:00,8,7.95,675,8.15,75,375,130275
NIFTY16JAN2012500CE.NFO,07/01/2020,09:40:01,8,8.05,225,8.2,375,0,130275
NIFTY16JAN2012500CE.NFO,07/01/2020,09:40:03,8.05,8.05,150,8.2,150,150,130275
NIFTY16JAN2012500CE.NFO,07/01/2020,09:40:03,8.05,8.05,150,8.2,150,0,130275
NIFTY16JAN2012500CE.NFO,07/01/2020,09:40:04,8.05,8.05,75,8.2,75,150,130275
NIFTY16JAN2012500CE.NFO,07/01/2020,09:40:05,8.05,8.05,75,8.2,75,75,130275
NIFTY16JAN2012500CE.NFO,07/01/2020,09:40:06,8.05,8.05,75,8.2,75,75,130275
NIFTY16JAN2012500CE.NFO,07/01/2020,09:40:08,8.05,8.05,75,8.2,75,75,130275
NIFTY16JAN2012500CE.NFO,07/01/2020,09:40:09,8.05,8.05,75,8.2,75,0,130275
NIFTY16JAN2012500CE.NFO,07/01/2020,09:40:10,8.05,8,150,8.2,150,0,130275
NIFTY16JAN2012500CE.NFO,07/01/2020,09:40:11,8.05,8,525,8.2,75,0,130275
NIFTY16JAN2012500CE.NFO,07/01/2020,09:40:12,8.05,8,150,8.2,150,0,130275
NIFTY16JAN2012500CE.NFO,07/01/2020,09:40:14,8,7.95,450,8.15,150,75,130275
NIFTY16JAN2012500CE.NFO,07/01/2020,09:40:16,8,7.95,225,8.1,150,0,130275
NIFTY16JAN2012500CE.NFO,07/01/2020,09:40:17,8,7.95,225,8.1,225,0,130275
NIFTY16JAN2012500CE.NFO,07/01/2020,09:40:20,8,7.9,600,8.1,375,0,130275
NIFTY16JAN2012500CE.NFO,07/01/2020,09:40:22,8,7.9,600,8.05,75,0,130275
NIFTY16JAN2012500CE.NFO,07/01/2020,09:40:23,8,7.9,600,8.1,450,0,130275
NIFTY16JAN2012500CE.NFO,07/01/2020,09:40:25,8,7.9,300,8.1,150,0,130275
NIFTY16JAN2012500CE.NFO,07/01/2020,09:40:27,8,7.95,450,8.1,150,0,130275
NIFTY16JAN2012500CE.NFO,07/01/2020,09:40:28,8,7.9,1050,8.1,225,0,130275
NIFTY16JAN2012500CE.NFO,07/01/2020,09:40:29,8,7.95,375,8.1,375,0,130275
NIFTY16JAN2012500CE.NFO,07/01/2020,09:40:30,8,7.9,450,8.05,300,0,130275
NIFTY16JAN2012500CE.NFO,07/01/2020,09:40:31,8,7.9,450,8.05,225,0,130275
NIFTY16JAN2012500CE.NFO,07/01/2020,09:40:32,8,7.9,375,8,300,0,130275
NIFTY16JAN2012500CE.NFO,07/01/2020,09:40:35,8,7.9,375,8,225,0,130275
NIFTY16JAN2012500CE.NFO,07/01/2020,09:40:36,8,7.9,375,8,150,0,130275
NIFTY16JAN2012500CE.NFO,07/01/2020,09:40:38,8,8,150,8.05,150,0,130275
NIFTY16JAN2012500CE.NFO,07/01/2020,09:40:39,8,7.9,75,8.05,225,150,130275
NIFTY16JAN2012500CE.NFO,07/01/2020,09:40:40,8,7.85,300,8.05,675,0,130275
NIFTY16JAN2012500CE.NFO,07/01/2020,09:40:42,8,7.85,300,8.05,225,0,130275
NIFTY16JAN2012500CE.NFO,07/01/2020,09:40:43,8,8,75,8.05,150,0,130275
NIFTY16JAN2012500CE.NFO,07/01/2020,09:40:46,8,8,75,8.1,150,0,130275
NIFTY16JAN2012500CE.NFO,07/01/2020,09:40:48,8,8,75,8.1,225,0,130275
NIFTY16JAN2012500CE.NFO,07/01/2020,09:40:49,8,8,75,8.1,300,0,130275
NIFTY16JAN2012500CE.NFO,07/01/2020,09:40:50,8,8,75,8.1,225,0,130275
NIFTY16JAN2012500CE.NFO,07/01/2020,09:40:51,8,8,75,8.1,300,0,130275
NIFTY16JAN2012500CE.NFO,07/01/2020,09:40:52,8,7.85,150,8,150,75,130275
NIFTY16JAN2012500CE.NFO,07/01/2020,09:40:53,8,7.85,75,7.95,450,0,130275
NIFTY16JAN2012500CE.NFO,07/01/2020,09:40:54,8,7.85,150,7.95,450,0,130275
NIFTY16JAN2012500CE.NFO,07/01/2020,09:40:55,8,7.85,75,7.95,450,0,130275
NIFTY16JAN2012500CE.NFO,07/01/2020,09:40:57,8,7.85,150,7.95,450,0,130275
NIFTY16JAN2012500CE.NFO,07/01/2020,09:40:59,8,7.85,75,7.95,75,0,130275
NIFTY16JAN2012500CE.NFO,07/01/2020,09:41:00,8,7.8,75,7.95,300,0,130275
NIFTY16JAN2012500CE.NFO,07/01/2020,09:41:02,8,7.75,675,7.95,675,0,130275
NIFTY16JAN2012500CE.NFO,07/01/2020,09:41:04,8,7.8,75,7.95,225,0,130275
NIFTY16JAN2012500CE.NFO,07/01/2020,09:41:05,8,7.75,675,7.95,600,0,130275
NIFTY16JAN2012500CE.NFO,07/01/2020,09:41:06,8,7.75,675,7.9,150,0,130275
NIFTY16JAN2012500CE.NFO,07/01/2020,09:41:07,8,7.75,675,7.9,75,0,130275
NIFTY16JAN2012500CE.NFO,07/01/2020,09:41:09,8,7.8,375,7.95,450,0,130275
NIFTY16JAN2012500CE.NFO,07/01/2020,09:41:10,8,7.8,525,7.95,375,0,130275
NIFTY16JAN2012500CE.NFO,07/01/2020,09:41:11,8,7.8,525,7.95,225,0,130275
NIFTY16JAN2012500CE.NFO,07/01/2020,09:41:14,8,7.8,150,7.95,225,0,130275
NIFTY16JAN2012500CE.NFO,07/01/2020,09:41:15,8,7.8,225,7.95,225,0,130275
NIFTY16JAN2012500CE.NFO,07/01/2020,09:41:16,8,7.8,150,7.95,225,0,130275
NIFTY16JAN2012500CE.NFO,07/01/2020,09:41:17,8,7.8,225,7.95,225,0,130275
NIFTY16JAN2012500CE.NFO,07/01/2020,09:41:18,8,7.8,225,7.95,75,0,130275
NIFTY16JAN2012500CE.NFO,07/01/2020,09:41:23,8,7.8,150,7.95,75,0,130275
NIFTY16JAN2012500CE.NFO,07/01/2020,09:41:24,8,7.8,225,7.95,75,0,130275
NIFTY16JAN2012500CE.NFO,07/01/2020,09:41:25,8,7.8,150,7.95,300,0,130275
NIFTY16JAN2012500CE.NFO,07/01/2020,09:41:28,7.95,7.8,150,7.95,300,75,131100
NIFTY16JAN2012500CE.NFO,07/01/2020,09:41:30,7.95,7.8,150,7.95,300,0,131100
NIFTY16JAN2012500CE.NFO,07/01/2020,09:41:32,7.95,7.8,150,7.95,225,0,131100
NIFTY16JAN2012500CE.NFO,07/01/2020,09:41:33,7.95,7.85,75,7.95,75,0,131100
NIFTY16JAN2012500CE.NFO,07/01/2020,09:41:35,8.2,7.9,300,8.1,150,1500,131100
NIFTY16JAN2012500CE.NFO,07/01/2020,09:41:35,8.2,7.9,300,8.1,150,0,131100
NIFTY16JAN2012500CE.NFO,07/01/2020,09:41:36,8.2,8,225,8.1,150,0,131100
NIFTY16JAN2012500CE.NFO,07/01/2020,09:41:37,8.2,8,225,8.15,225,0,131100
NIFTY16JAN2012500CE.NFO,07/01/2020,09:41:43,8.2,8,225,8.15,75,0,131100
NIFTY16JAN2012500CE.NFO,07/01/2020,09:41:45,8.2,8,225,8.1,75,0,131100
NIFTY16JAN2012500CE.NFO,07/01/2020,09:41:46,8.2,8,375,8.15,75,0,131100
NIFTY16JAN2012500CE.NFO,07/01/2020,09:41:47,8.2,8,375,8.15,150,0,131100
NIFTY16JAN2012500CE.NFO,07/01/2020,09:41:48,8.2,8,375,8.15,75,0,131100
NIFTY16JAN2012500CE.NFO,07/01/2020,09:41:49,8.2,8,375,8.15,150,0,131100
NIFTY16JAN2012500CE.NFO,07/01/2020,09:41:50,8.2,8,375,8.15,450,0,131100
NIFTY16JAN2012500CE.NFO,07/01/2020,09:41:51,8.2,8,375,8.1,75,0,131100
NIFTY16JAN2012500CE.NFO,07/01/2020,09:41:54,8.2,8,150,8.05,375,0,131100
NIFTY16JAN2012500CE.NFO,07/01/2020,09:41:55,8.2,8,150,8.1,450,0,131100
NIFTY16JAN2012500CE.NFO,07/01/2020,09:41:58,8,8,75,8.1,450,75,131100
NIFTY16JAN2012500CE.NFO,07/01/2020,09:42:01,8,7.95,375,8.05,75,225,131100
NIFTY16JAN2012500CE.NFO,07/01/2020,09:42:02,8,7.95,300,8.1,75,0,131100
NIFTY16JAN2012500CE.NFO,07/01/2020,09:42:05,8,7.95,450,8.1,75,0,131100
NIFTY16JAN2012500CE.NFO,07/01/2020,09:42:06,8,7.95,375,8.1,75,0,131100
NIFTY16JAN2012500CE.NFO,07/01/2020,09:42:07,8,7.95,375,8.1,150,0,131100
NIFTY16JAN2012500CE.NFO,07/01/2020,09:42:07,8,7.95,375,8.1,75,0,131100
NIFTY16JAN2012500CE.NFO,07/01/2020,09:42:09,8,7.95,375,8.1,150,0,131100
NIFTY16JAN2012500CE.NFO,07/01/2020,09:42:11,8,7.95,375,8.1,75,0,131100
NIFTY16JAN2012500CE.NFO,07/01/2020,09:42:12,8,7.95,225,8.1,75,0,131100
NIFTY16JAN2012500CE.NFO,07/01/2020,09:42:13,8,7.95,225,8.1,150,0,131100
NIFTY16JAN2012500CE.NFO,07/01/2020,09:42:19,8,7.95,225,8.1,75,0,131100
NIFTY16JAN2012500CE.NFO,07/01/2020,09:42:20,8,7.95,300,8.1,75,0,131100
NIFTY16JAN2012500CE.NFO,07/01/2020,09:42:22,8,8,450,8.2,75,0,131100
NIFTY16JAN2012500CE.NFO,07/01/2020,09:42:23,8,8.05,450,8.25,75,0,131100
NIFTY16JAN2012500CE.NFO,07/01/2020,09:42:25,8,8.05,225,8.25,225,0,131100
NIFTY16JAN2012500CE.NFO,07/01/2020,09:42:26,8.25,8.15,300,8.35,300,150,131100
NIFTY16JAN2012500CE.NFO,07/01/2020,09:42:26,8.25,8.15,300,8.35,300,0,131100
NIFTY16JAN2012500CE.NFO,07/01/2020,09:42:28,8.25,8.15,300,8.35,300,0,131100
NIFTY16JAN2012500CE.NFO,07/01/2020,09:42:29,8.25,8.15,225,8.35,300,0,131100
NIFTY16JAN2012500CE.NFO,07/01/2020,09:42:34,8.2,8.2,225,8.35,450,75,131100
NIFTY16JAN2012500CE.NFO,07/01/2020,09:42:35,8.2,8.2,225,8.35,450,75,131100
NIFTY16JAN2012500CE.NFO,07/01/2020,09:42:36,8.2,8.2,150,8.35,450,0,131100
NIFTY16JAN2012500CE.NFO,07/01/2020,09:42:39,8.2,8.15,75,8.4,525,150,131100
NIFTY16JAN2012500CE.NFO,07/01/2020,09:42:40,8.15,8.05,75,8.3,525,75,131100
NIFTY16JAN2012500CE.NFO,07/01/2020,09:42:43,8.15,8,150,8.25,450,0,131100
NIFTY16JAN2012500CE.NFO,07/01/2020,09:42:44,8.05,8.05,75,8.3,225,75,131100
NIFTY16JAN2012500CE.NFO,07/01/2020,09:42:45,8.05,8.1,675,8.25,300,0,131100
NIFTY16JAN2012500CE.NFO,07/01/2020,09:42:50,8.05,8.1,675,8.25,375,0,131100
NIFTY16JAN2012500CE.NFO,07/01/2020,09:42:51,8.05,8.1,675,8.25,300,0,131100
NIFTY16JAN2012500CE.NFO,07/01/2020,09:42:52,8.05,8.1,600,8.2,75,0,131100
NIFTY16JAN2012500CE.NFO,07/01/2020,09:42:54,8.05,8.1,600,8.2,150,0,131100
NIFTY16JAN2012500CE.NFO,07/01/2020,09:42:56,8.05,8.1,600,8.2,75,0,131100
NIFTY16JAN2012500CE.NFO,07/01/2020,09:42:57,8.05,8.1,675,8.2,75,0,131100
NIFTY16JAN2012500CE.NFO,07/01/2020,09:42:59,8.05,8.1,600,8.25,300,0,131100
NIFTY16JAN2012500CE.NFO,07/01/2020,09:43:00,8.05,8.1,600,8.25,375,0,131100
NIFTY16JAN2012500CE.NFO,07/01/2020,09:43:02,7.95,7.85,75,8,600,975,131100
NIFTY16JAN2012500CE.NFO,07/01/2020,09:43:03,8,7.85,75,8,900,75,131100
NIFTY16JAN2012500CE.NFO,07/01/2020,09:43:04,8,7.75,75,8,900,0,131100
NIFTY16JAN2012500CE.NFO,07/01/2020,09:43:05,7.8,7.75,75,7.95,75,525,131100
NIFTY16JAN2012500CE.NFO,07/01/2020,09:43:06,7.8,7.75,75,7.95,225,0,131100
NIFTY16JAN2012500CE.NFO,07/01/2020,09:43:09,7.8,7.7,75,7.95,375,0,131100
NIFTY16JAN2012500CE.NFO,07/01/2020,09:43:12,7.8,7.75,450,7.95,375,0,131100
NIFTY16JAN2012500CE.NFO,07/01/2020,09:43:17,7.8,7.75,375,7.95,375,0,131100
NIFTY16JAN2012500CE.NFO,07/01/2020,09:43:18,7.8,7.8,1125,7.95,300,0,131100
NIFTY16JAN2012500CE.NFO,07/01/2020,09:43:21,7.8,7.8,1125,7.95,150,0,131100
NIFTY16JAN2012500CE.NFO,07/01/2020,09:43:27,7.8,7.85,450,7.95,150,0,131100
NIFTY16JAN2012500CE.NFO,07/01/2020,09:43:28,7.8,7.85,450,7.95,300,0,131100
NIFTY16JAN2012500CE.NFO,07/01/2020,09:43:32,7.8,7.85,450,7.95,150,0,131100
NIFTY16JAN2012500CE.NFO,07/01/2020,09:43:33,7.85,7.85,375,7.95,150,75,131100
NIFTY16JAN2012500CE.NFO,07/01/2020,09:43:34,7.85,7.85,375,7.95,150,0,131100
NIFTY16JAN2012500CE.NFO,07/01/2020,09:43:37,7.85,7.85,375,7.95,225,0,131100
NIFTY16JAN2012500CE.NFO,07/01/2020,09:43:38,7.95,7.85,375,7.95,150,75,131100
NIFTY16JAN2012500CE.NFO,07/01/2020,09:43:39,7.95,7.85,375,7.95,75,0,131100
NIFTY16JAN2012500CE.NFO,07/01/2020,09:43:40,7.95,7.85,375,7.95,150,0,131100
NIFTY16JAN2012500CE.NFO,07/01/2020,09:43:41,7.95,7.85,375,7.95,75,0,131100
NIFTY16JAN2012500CE.NFO,07/01/2020,09:43:52,7.95,7.9,150,8,75,0,131100
NIFTY16JAN2012500CE.NFO,07/01/2020,09:43:53,7.9,7.9,450,8.05,300,75,131100
NIFTY16JAN2012500CE.NFO,07/01/2020,09:43:55,7.9,7.9,375,8,75,0,131100
NIFTY16JAN2012500CE.NFO,07/01/2020,09:43:56,7.9,7.9,1425,8,150,0,131100
NIFTY16JAN2012500CE.NFO,07/01/2020,09:43:58,7.9,7.9,1425,8,75,0,131100
NIFTY16JAN2012500CE.NFO,07/01/2020,09:43:59,8,7.9,1125,8.05,225,300,131100
NIFTY16JAN2012500CE.NFO,07/01/2020,09:44:00,8,7.9,1125,8.05,225,0,131100
NIFTY16JAN2012500CE.NFO,07/01/2020,09:44:01,8,7.95,75,8.05,150,0,131100
NIFTY16JAN2012500CE.NFO,07/01/2020,09:44:02,8,7.95,150,8.05,150,0,131100
NIFTY16JAN2012500CE.NFO,07/01/2020,09:44:04,8,8,150,8.15,225,0,131100
NIFTY16JAN2012500CE.NFO,07/01/2020,09:44:05,8,8,75,8.15,225,0,131100
NIFTY16JAN2012500CE.NFO,07/01/2020,09:44:10,8,8,150,8.15,225,0,131100
NIFTY16JAN2012500CE.NFO,07/01/2020,09:44:13,8,8,75,8.15,150,0,131100
NIFTY16JAN2012500CE.NFO,07/01/2020,09:44:14,8,8,150,8.15,150,0,131100
NIFTY16JAN2012500CE.NFO,07/01/2020,09:44:16,8,8,300,8.2,825,0,131100
NIFTY16JAN2012500CE.NFO,07/01/2020,09:44:22,8,8,225,8.15,150,0,131100
NIFTY16JAN2012500CE.NFO,07/01/2020,09:44:23,8,8,225,8.15,75,0,131100
NIFTY16JAN2012500CE.NFO,07/01/2020,09:44:27,8,8,225,8.15,150,0,131100
NIFTY16JAN2012500CE.NFO,07/01/2020,09:44:28,8,7.95,75,8.1,150,0,131100
NIFTY16JAN2012500CE.NFO,07/01/2020,09:44:32,8,7.95,300,8.15,300,0,131100
NIFTY16JAN2012500CE.NFO,07/01/2020,09:44:36,8,7.95,225,8.15,150,0,131100
NIFTY16JAN2012500CE.NFO,07/01/2020,09:44:37,8,7.95,300,8.15,150,0,131100
NIFTY16JAN2012500CE.NFO,07/01/2020,09:44:38,8,7.95,300,8.15,75,0,131100
NIFTY16JAN2012500CE.NFO,07/01/2020,09:44:41,8,8,150,8.15,150,0,131100
NIFTY16JAN2012500CE.NFO,07/01/2020,09:44:43,8,8,75,8.15,150,0,131100
NIFTY16JAN2012500CE.NFO,07/01/2020,09:44:44,8,8,75,8.15,300,0,131100
NIFTY16JAN2012500CE.NFO,07/01/2020,09:44:49,7.95,7.95,75,8.15,300,150,132150
NIFTY16JAN2012500CE.NFO,07/01/2020,09:44:50,7.95,7.95,150,8.15,300,0,132150
NIFTY16JAN2012500CE.NFO,07/01/2020,09:44:53,7.95,7.95,150,8.15,225,0,132150
NIFTY16JAN2012500CE.NFO,07/01/2020,09:45:02,7.95,7.95,150,8.15,525,0,132150
NIFTY16JAN2012500CE.NFO,07/01/2020,09:45:03,7.95,7.95,75,8.15,225,0,132150
NIFTY16JAN2012500CE.NFO,07/01/2020,09:45:07,8,7.95,75,8.1,150,225,132150
NIFTY16JAN2012500CE.NFO,07/01/2020,09:45:09,7.95,8.05,75,8.15,75,75,132150
NIFTY16JAN2012500CE.NFO,07/01/2020,09:45:10,7.95,8,150,8.15,300,0,132150
NIFTY16JAN2012500CE.NFO,07/01/2020,09:45:12,7.95,7.95,150,8.15,150,0,132150
NIFTY16JAN2012500CE.NFO,07/01/2020,09:45:13,8.15,7.95,300,8.2,1050,150,132150
NIFTY16JAN2012500CE.NFO,07/01/2020,09:45:14,8.15,8,675,8.2,675,0,132150
NIFTY16JAN2012500CE.NFO,07/01/2020,09:45:16,8.15,8.1,150,8.2,525,150,132150
NIFTY16JAN2012500CE.NFO,07/01/2020,09:45:17,8.15,8.1,150,8.2,525,0,132150
NIFTY16JAN2012500CE.NFO,07/01/2020,09:45:18,8.2,8.1,300,8.2,525,225,132150
NIFTY16JAN2012500CE.NFO,07/01/2020,09:45:20,8.2,8.1,225,8.2,1650,0,132150
NIFTY16JAN2012500CE.NFO,07/01/2020,09:45:23,8.2,8.1,225,8.2,1500,150,132150
NIFTY16JAN2012500CE.NFO,07/01/2020,09:45:24,8.2,8.15,375,8.2,1500,0,132150
NIFTY16JAN2012500CE.NFO,07/01/2020,09:45:25,8.1,8.1,75,8.2,1500,525,132150
NIFTY16JAN2012500CE.NFO,07/01/2020,09:45:28,8.1,8.1,75,8.2,300,0,132150
NIFTY16JAN2012500CE.NFO,07/01/2020,09:45:29,8.05,8,450,8.2,375,75,132150
NIFTY16JAN2012500CE.NFO,07/01/2020,09:45:31,8.05,8,375,8.2,375,0,132150
NIFTY16JAN2012500CE.NFO,07/01/2020,09:45:34,8.05,8,375,8.2,450,0,132150
NIFTY16JAN2012500CE.NFO,07/01/2020,09:45:35,8.05,8.05,75,8.2,450,0,132150
NIFTY16JAN2012500CE.NFO,07/01/2020,09:45:36,8.05,8,525,8.2,450,0,132150
NIFTY16JAN2012500CE.NFO,07/01/2020,09:45:37,8.05,8,600,8.2,450,0,132150
NIFTY16JAN2012500CE.NFO,07/01/2020,09:45:39,8.05,8,600,8.2,525,0,132150
NIFTY16JAN2012500CE.NFO,07/01/2020,09:45:40,8.05,8,600,8.2,450,0,132150
NIFTY16JAN2012500CE.NFO,07/01/2020,09:45:43,8.05,8,525,8.2,750,0,132150
NIFTY16JAN2012500CE.NFO,07/01/2020,09:45:48,8.2,8.1,300,8.3,300,225,132150
NIFTY16JAN2012500CE.NFO,07/01/2020,09:45:49,8.2,8.1,225,8.25,300,0,132150
NIFTY16JAN2012500CE.NFO,07/01/2020,09:45:54,8.2,8.1,150,8.25,525,0,132150
NIFTY16JAN2012500CE.NFO,07/01/2020,09:46:04,8.2,8.1,225,8.25,300,0,132150
NIFTY16JAN2012500CE.NFO,07/01/2020,09:46:05,8.2,8.1,75,8.25,300,0,132150
NIFTY16JAN2012500CE.NFO,07/01/2020,09:46:16,8.2,8.1,75,8.2,75,0,132150
NIFTY16JAN2012500CE.NFO,07/01/2020,09:46:17,8.2,8.1,225,8.25,75,0,132150
NIFTY16JAN2012500CE.NFO,07/01/2020,09:46:22,8.2,8.1,600,8.3,450,0,132150
NIFTY16JAN2012500CE.NFO,07/01/2020,09:46:23,8.2,8.15,75,8.25,75,0,132150
NIFTY16JAN2012500CE.NFO,07/01/2020,09:46:27,8.2,8.1,75,8.25,225,0,132150
NIFTY16JAN2012500CE.NFO,07/01/2020,09:46:28,8.2,8.1,75,8.25,150,0,132150
NIFTY16JAN2012500CE.NFO,07/01/2020,09:46:29,8.25,8.1,75,8.25,75,150,132150
NIFTY16JAN2012500CE.NFO,07/01/2020,09:46:30,8.25,8.1,75,8.25,75,0,132150
NIFTY16JAN2012500CE.NFO,07/01/2020,09:46:32,8.25,8.05,300,8.25,75,0,132150
NIFTY16JAN2012500CE.NFO,07/01/2020,09:46:34,8.25,8.05,225,8.25,75,0,132150
NIFTY16JAN2012500CE.NFO,07/01/2020,09:46:35,8.25,8.05,300,8.25,75,0,132150
NIFTY16JAN2012500CE.NFO,07/01/2020,09:46:36,8.25,8.05,225,8.25,75,0,132150
NIFTY16JAN2012500CE.NFO,07/01/2020,09:46:40,8.25,8,525,8.25,300,0,132150
NIFTY16JAN2012500CE.NFO,07/01/2020,09:46:42,8.25,8,75,8.2,450,75,132150
NIFTY16JAN2012500CE.NFO,07/01/2020,09:46:43,8.25,7.95,375,8.15,450,0,132150
NIFTY16JAN2012500CE.NFO,07/01/2020,09:46:44,8.15,7.95,375,8.15,375,75,132150
NIFTY16JAN2012500CE.NFO,07/01/2020,09:46:46,8.15,7.95,375,8.15,375,0,132150
NIFTY16JAN2012500CE.NFO,07/01/2020,09:46:47,8.15,7.95,75,8.15,300,75,132150
NIFTY16JAN2012500CE.NFO,07/01/2020,09:46:51,8.15,7.95,75,8.15,300,0,132150
NIFTY16JAN2012500CE.NFO,07/01/2020,09:46:53,8.15,7.95,75,8.15,375,0,132150
NIFTY16JAN2012500CE.NFO,07/01/2020,09:47:01,8.15,7.95,225,8.15,375,0,132150
NIFTY16JAN2012500CE.NFO,07/01/2020,09:47:02,8.15,7.95,75,8.1,225,0,132150
NIFTY16JAN2012500CE.NFO,07/01/2020,09:47:04,8.15,7.95,75,8.1,150,0,132150
NIFTY16JAN2012500CE.NFO,07/01/2020,09:47:05,8.15,7.95,150,8.1,150,0,132150
NIFTY16JAN2012500CE.NFO,07/01/2020,09:47:06,8.15,7.95,75,8.1,150,0,132150
NIFTY16JAN2012500CE.NFO,07/01/2020,09:47:13,8.15,7.95,150,8.1,150,0,132150
NIFTY16JAN2012500CE.NFO,07/01/2020,09:47:19,8.15,8,150,8.1,150,0,132150
NIFTY16JAN2012500CE.NFO,07/01/2020,09:47:20,8.15,7.95,375,8.1,150,0,132150
NIFTY16JAN2012500CE.NFO,07/01/2020,09:47:25,8.15,7.95,375,8.15,375,0,132150
NIFTY16JAN2012500CE.NFO,07/01/2020,09:47:27,8.15,7.95,375,8.15,225,0,132150
NIFTY16JAN2012500CE.NFO,07/01/2020,09:47:28,8.15,7.95,300,8.1,225,0,132150
NIFTY16JAN2012500CE.NFO,07/01/2020,09:47:32,8.15,8,675,8.2,75,0,132150
NIFTY16JAN2012500CE.NFO,07/01/2020,09:47:33,8.2,8,675,8.2,75,150,132225
NIFTY16JAN2012500CE.NFO,07/01/2020,09:47:35,8.2,8.1,600,8.3,525,0,132225
NIFTY16JAN2012500CE.NFO,07/01/2020,09:47:36,8.2,8.1,600,8.25,75,0,132225
NIFTY16JAN2012500CE.NFO,07/01/2020,09:47:37,8.2,8.15,450,8.3,375,0,132225
NIFTY16JAN2012500CE.NFO,07/01/2020,09:47:42,8.2,8.15,75,8.3,375,0,132225
NIFTY16JAN2012500CE.NFO,07/01/2020,09:47:44,8.2,8.15,450,8.3,375,0,132225
NIFTY16JAN2012500CE.NFO,07/01/2020,09:47:45,8.2,8.15,450,8.3,300,0,132225
NIFTY16JAN2012500CE.NFO,07/01/2020,09:47:47,8.2,8.15,375,8.3,300,0,132225
NIFTY16JAN2012500CE.NFO,07/01/2020,09:47:49,8.2,8.1,525,8.3,300,0,132225
NIFTY16JAN2012500CE.NFO,07/01/2020,09:47:51,8.2,8.15,75,8.3,300,0,132225
NIFTY16JAN2012500CE.NFO,07/01/2020,09:47:52,8.2,8.1,900,8.3,300,0,132225
NIFTY16JAN2012500CE.NFO,07/01/2020,09:47:54,8.2,8.1,525,8.3,375,0,132225
NIFTY16JAN2012500CE.NFO,07/01/2020,09:47:55,8.2,8.05,75,8.25,75,0,132225
NIFTY16JAN2012500CE.NFO,07/01/2020,09:47:57,8.2,8.05,225,8.25,75,0,132225
NIFTY16JAN2012500CE.NFO,07/01/2020,09:48:00,8.2,8.1,225,8.3,525,0,132225
NIFTY16JAN2012500CE.NFO,07/01/2020,09:48:01,8.2,8.1,225,8.3,375,0,132225
NIFTY16JAN2012500CE.NFO,07/01/2020,09:48:07,8.2,8.1,225,8.3,300,0,132225
NIFTY16JAN2012500CE.NFO,07/01/2020,09:48:08,8.2,8.1,225,8.3,375,0,132225
NIFTY16JAN2012500CE.NFO,07/01/2020,09:48:10,8.2,8.1,225,8.3,450,0,132225
NIFTY16JAN2012500CE.NFO,07/01/2020,09:48:14,8.1,8.1,75,8.25,150,150,132225
NIFTY16JAN2012500CE.NFO,07/01/2020,09:48:19,8.1,8,225,8.2,300,0,132225
NIFTY16JAN2012500CE.NFO,07/01/2020,09:48:23,8.1,8,375,8.2,300,0,132225
NIFTY16JAN2012500CE.NFO,07/01/2020,09:48:24,8.1,8,750,8.2,300,0,132225
NIFTY16JAN2012500CE.NFO,07/01/2020,09:48:25,8.1,8,225,8.2,300,0,132225
NIFTY16JAN2012500CE.NFO,07/01/2020,09:48:26,8.1,8,375,8.2,300,0,132225
NIFTY16JAN2012500CE.NFO,07/01/2020,09:48:28,8.2,8,225,8.2,300,75,132225
NIFTY16JAN2012500CE.NFO,07/01/2020,09:48:30,8.2,8,225,8.2,225,0,132225
NIFTY16JAN2012500CE.NFO,07/01/2020,09:48:31,8,8,75,8.2,225,75,132225
NIFTY16JAN2012500CE.NFO,07/01/2020,09:48:33,8,8,225,8.2,225,0,132225
NIFTY16JAN2012500CE.NFO,07/01/2020,09:48:35,8,8,225,8.2,300,0,132225
NIFTY16JAN2012500CE.NFO,07/01/2020,09:48:36,8,8,150,8.2,375,300,132225
NIFTY16JAN2012500CE.NFO,07/01/2020,09:48:38,8,8,150,8.2,375,0,132225
NIFTY16JAN2012500CE.NFO,07/01/2020,09:48:40,8,8,375,8.2,450,0,132225
NIFTY16JAN2012500CE.NFO,07/01/2020,09:48:43,8,8,375,8.15,75,0,132225
NIFTY16JAN2012500CE.NFO,07/01/2020,09:48:44,8,8,375,8.15,225,0,132225
NIFTY16JAN2012500CE.NFO,07/01/2020,09:48:46,7.95,7.95,225,8.15,450,450,132225
NIFTY16JAN2012500CE.NFO,07/01/2020,09:48:47,7.95,7.95,225,8.15,375,0,132225
NIFTY16JAN2012500CE.NFO,07/01/2020,09:48:48,7.95,7.95,300,8.15,375,0,132225
NIFTY16JAN2012500CE.NFO,07/01/2020,09:48:52,7.95,7.9,1275,8.15,450,0,132225
NIFTY16JAN2012500CE.NFO,07/01/2020,09:49:00,7.95,7.9,1650,8.1,375,0,132225
NIFTY16JAN2012500CE.NFO,07/01/2020,09:49:01,8.1,7.9,1050,8.1,450,75,132225
NIFTY16JAN2012500CE.NFO,07/01/2020,09:49:02,8.1,7.9,1050,8.1,300,0,132225
NIFTY16JAN2012500CE.NFO,07/01/2020,09:49:03,8.1,7.9,1050,8.1,375,0,132225
NIFTY16JAN2012500CE.NFO,07/01/2020,09:49:05,8.1,7.95,375,8.1,375,0,132225
NIFTY16JAN2012500CE.NFO,07/01/2020,09:49:06,7.95,7.95,150,8.1,375,75,132225
NIFTY16JAN2012500CE.NFO,07/01/2020,09:49:07,7.9,7.9,975,8.1,750,150,132225
NIFTY16JAN2012500CE.NFO,07/01/2020,09:49:08,7.9,7.9,975,8.1,375,0,132225
NIFTY16JAN2012500CE.NFO,07/01/2020,09:49:11,7.9,7.9,975,8.1,525,0,132225
NIFTY16JAN2012500CE.NFO,07/01/2020,09:49:13,7.9,7.9,975,8.1,375,0,132225
NIFTY16JAN2012500CE.NFO,07/01/2020,09:49:15,7.9,7.9,1350,8.1,375,0,132225
NIFTY16JAN2012500CE.NFO,07/01/2020,09:49:16,7.9,7.9,1350,8.1,450,0,132225
NIFTY16JAN2012500CE.NFO,07/01/2020,09:49:18,7.9,7.9,975,8.1,600,0,132225
NIFTY16JAN2012500CE.NFO,07/01/2020,09:49:20,7.9,7.9,975,8.1,450,0,132225
NIFTY16JAN2012500CE.NFO,07/01/2020,09:49:21,7.9,7.9,975,8.1,600,0,132225
NIFTY16JAN2012500CE.NFO,07/01/2020,09:49:22,7.9,7.9,75,8.05,525,900,132225
NIFTY16JAN2012500CE.NFO,07/01/2020,09:49:23,7.85,7.65,225,7.9,525,150,132225
NIFTY16JAN2012500CE.NFO,07/01/2020,09:49:25,7.85,7.6,150,7.9,675,0,132225
NIFTY16JAN2012500CE.NFO,07/01/2020,09:49:26,7.85,7.55,225,7.8,675,0,132225
NIFTY16JAN2012500CE.NFO,07/01/2020,09:49:31,7.85,7.55,225,7.8,525,0,132225
NIFTY16JAN2012500CE.NFO,07/01/2020,09:49:33,7.85,7.55,75,7.75,600,0,132225
NIFTY16JAN2012500CE.NFO,07/01/2020,09:49:34,7.85,7.55,75,7.75,675,0,132225
NIFTY16JAN2012500CE.NFO,07/01/2020,09:49:35,7.85,7.55,225,7.75,450,0,132225
NIFTY16JAN2012500CE.NFO,07/01/2020,09:49:37,7.85,7.55,150,7.75,225,0,132225
NIFTY16JAN2012500CE.NFO,07/01/2020,09:49:40,7.85,7.55,75,7.75,225,0,132225
NIFTY16JAN2012500CE.NFO,07/01/2020,09:49:41,7.85,7.55,150,7.75,225,0,132225
NIFTY16JAN2012500CE.NFO,07/01/2020,09:49:42,7.85,7.6,75,7.8,300,0,132225
NIFTY16JAN2012500CE.NFO,07/01/2020,09:49:43,7.85,7.6,75,7.8,225,0,132225
NIFTY16JAN2012500CE.NFO,07/01/2020,09:49:47,7.85,7.55,525,7.8,225,0,132225
NIFTY16JAN2012500CE.NFO,07/01/2020,09:49:51,7.85,7.6,450,7.8,225,0,132225
NIFTY16JAN2012500CE.NFO,07/01/2020,09:49:54,7.85,7.6,450,7.8,300,0,132225
NIFTY16JAN2012500CE.NFO,07/01/2020,09:49:58,7.85,7.6,450,7.8,225,0,132225
NIFTY16JAN2012500CE.NFO,07/01/2020,09:50:00,7.85,7.55,525,7.8,300,0,132225
NIFTY16JAN2012500CE.NFO,07/01/2020,09:50:03,7.85,7.55,525,7.75,75,0,132225
NIFTY16JAN2012500CE.NFO,07/01/2020,09:50:04,7.85,7.55,150,7.75,75,0,132225
NIFTY16JAN2012500CE.NFO,07/01/2020,09:50:06,7.85,7.55,75,7.75,300,0,132225
NIFTY16JAN2012500CE.NFO,07/01/2020,09:50:10,7.85,7.55,75,7.7,75,0,132225
NIFTY16JAN2012500CE.NFO,07/01/2020,09:50:14,7.75,7.55,450,7.75,450,150,132225
NIFTY16JAN2012500CE.NFO,07/01/2020,09:50:15,7.75,7.55,75,7.7,225,0,132225
NIFTY16JAN2012500CE.NFO,07/01/2020,09:50:17,7.75,7.55,75,7.7,375,0,132225
NIFTY16JAN2012500CE.NFO,07/01/2020,09:50:18,7.75,7.55,150,7.7,375,0,132225
NIFTY16JAN2012500CE.NFO,07/01/2020,09:50:19,7.75,7.55,75,7.7,375,0,132225
NIFTY16JAN2012500CE.NFO,07/01/2020,09:50:20,7.75,7.55,150,7.7,375,0,132225
NIFTY16JAN2012500CE.NFO,07/01/2020,09:50:22,7.75,7.55,75,7.7,375,0,132225
NIFTY16JAN2012500CE.NFO,07/01/2020,09:50:23,7.75,7.55,150,7.7,375,0,132225
NIFTY16JAN2012500CE.NFO,07/01/2020,09:50:24,7.75,7.55,75,7.7,375,0,132225
NIFTY16JAN2012500CE.NFO,07/01/2020,09:50:29,7.75,7.6,75,7.7,375,0,132225
NIFTY16JAN2012500CE.NFO,07/01/2020,09:50:30,7.75,7.55,75,7.7,375,0,132225
NIFTY16JAN2012500CE.NFO,07/01/2020,09:50:31,7.75,7.55,150,7.7,375,0,132225
NIFTY16JAN2012500CE.NFO,07/01/2020,09:50:32,7.75,7.55,75,7.7,375,0,132225
NIFTY16JAN2012500CE.NFO,07/01/2020,09:50:37,7.75,7.55,75,7.65,225,0,132225
NIFTY16JAN2012500CE.NFO,07/01/2020,09:50:38,7.5,7.5,525,7.6,300,225,133725
NIFTY16JAN2012500CE.NFO,07/01/2020,09:50:39,7.5,7.5,525,7.6,300,0,133725
NIFTY16JAN2012500CE.NFO,07/01/2020,09:50:41,7.5,7.5,525,7.6,225,0,133725
NIFTY16JAN2012500CE.NFO,07/01/2020,09:50:43,7.5,7.5,525,7.6,300,0,133725
NIFTY16JAN2012500CE.NFO,07/01/2020,09:50:44,7.5,7.5,525,7.55,75,0,133725
NIFTY16JAN2012500CE.NFO,07/01/2020,09:50:46,7.5,7.5,525,7.6,225,0,133725
NIFTY16JAN2012500CE.NFO,07/01/2020,09:50:51,7.5,7.5,300,7.6,225,225,133725
NIFTY16JAN2012500CE.NFO,07/01/2020,09:50:52,7.5,7.5,300,7.6,225,0,133725
NIFTY16JAN2012500CE.NFO,07/01/2020,09:50:53,7.6,7.5,450,7.65,225,225,133725
NIFTY16JAN2012500CE.NFO,07/01/2020,09:50:54,7.5,7.5,375,7.65,150,75,133725
NIFTY16JAN2012500CE.NFO,07/01/2020,09:50:56,7.5,7.5,375,7.65,150,0,133725
NIFTY16JAN2012500CE.NFO,07/01/2020,09:50:57,7.6,7.5,375,7.65,300,75,133725
NIFTY16JAN2012500CE.NFO,07/01/2020,09:50:58,7.6,7.5,450,7.65,150,0,133725
NIFTY16JAN2012500CE.NFO,07/01/2020,09:51:01,7.6,7.5,375,7.6,75,0,133725
NIFTY16JAN2012500CE.NFO,07/01/2020,09:51:02,7.5,7.5,150,7.65,375,150,133725
NIFTY16JAN2012500CE.NFO,07/01/2020,09:51:03,7.5,7.5,150,7.65,375,0,133725
NIFTY16JAN2012500CE.NFO,07/01/2020,09:51:07,7.5,7.45,75,7.6,375,150,133725
NIFTY16JAN2012500CE.NFO,07/01/2020,09:51:08,7.5,7.4,75,7.55,225,0,133725
NIFTY16JAN2012500CE.NFO,07/01/2020,09:51:09,7.5,7.4,450,7.55,150,0,133725
NIFTY16JAN2012500CE.NFO,07/01/2020,09:51:12,7.5,7.5,450,7.75,75,0,133725
NIFTY16JAN2012500CE.NFO,07/01/2020,09:51:13,7.45,7.45,150,7.6,75,225,133725
NIFTY16JAN2012500CE.NFO,07/01/2020,09:51:14,7.45,7.45,150,7.6,75,0,133725
NIFTY16JAN2012500CE.NFO,07/01/2020,09:51:16,7.45,7.4,150,7.6,75,0,133725
NIFTY16JAN2012500CE.NFO,07/01/2020,09:51:18,7.45,7.4,225,7.6,75,0,133725
NIFTY16JAN2012500CE.NFO,07/01/2020,09:51:20,7.45,7.4,225,7.65,225,0,133725
NIFTY16JAN2012500CE.NFO,07/01/2020,09:51:21,7.45,7.45,300,7.65,225,0,133725
NIFTY16JAN2012500CE.NFO,07/01/2020,09:51:23,7.5,7.5,375,7.65,150,150,133725
NIFTY16JAN2012500CE.NFO,07/01/2020,09:51:24,7.45,7.4,300,7.65,225,300,133725
NIFTY16JAN2012500CE.NFO,07/01/2020,09:51:25,7.45,7.4,300,7.65,150,0,133725
NIFTY16JAN2012500CE.NFO,07/01/2020,09:51:26,7.45,7.4,675,7.65,225,0,133725
NIFTY16JAN2012500CE.NFO,07/01/2020,09:51:27,7.45,7.45,300,7.65,150,0,133725
NIFTY16JAN2012500CE.NFO,07/01/2020,09:51:29,7.45,7.45,300,7.65,150,75,133725
NIFTY16JAN2012500CE.NFO,07/01/2020,09:51:30,7.45,7.5,75,7.65,150,0,133725
NIFTY16JAN2012500CE.NFO,07/01/2020,09:51:31,7.65,7.5,300,7.75,75,150,133725
NIFTY16JAN2012500CE.NFO,07/01/2020,09:51:33,7.65,7.45,300,7.7,75,0,133725
NIFTY16JAN2012500CE.NFO,07/01/2020,09:51:35,7.65,7.5,300,7.75,75,0,133725
NIFTY16JAN2012500CE.NFO,07/01/2020,09:51:36,7.65,7.5,300,7.8,675,0,133725
NIFTY16JAN2012500CE.NFO,07/01/2020,09:51:38,7.65,7.5,300,7.8,300,0,133725
NIFTY16JAN2012500CE.NFO,07/01/2020,09:51:40,7.65,7.55,300,7.85,150,0,133725
NIFTY16JAN2012500CE.NFO,07/01/2020,09:51:46,7.85,7.55,300,7.85,75,75,133725
NIFTY16JAN2012500CE.NFO,07/01/2020,09:51:47,7.6,7.6,150,7.9,225,150,133725
NIFTY16JAN2012500CE.NFO,07/01/2020,09:51:48,7.6,7.65,450,7.95,150,150,133725
NIFTY16JAN2012500CE.NFO,07/01/2020,09:51:50,7.65,7.6,75,7.9,75,450,133725
NIFTY16JAN2012500CE.NFO,07/01/2020,09:51:55,7.65,7.6,450,7.9,225,0,133725
NIFTY16JAN2012500CE.NFO,07/01/2020,09:51:56,7.65,7.6,450,7.9,150,0,133725
NIFTY16JAN2012500CE.NFO,07/01/2020,09:52:00,7.9,7.65,150,7.95,75,150,133725
NIFTY16JAN2012500CE.NFO,07/01/2020,09:52:03,7.9,7.65,150,7.95,75,0,133725
NIFTY16JAN2012500CE.NFO,07/01/2020,09:52:10,7.9,7.65,150,7.95,150,0,133725
NIFTY16JAN2012500CE.NFO,07/01/2020,09:52:12,7.9,7.65,150,7.95,525,0,133725
NIFTY16JAN2012500CE.NFO,07/01/2020,09:52:14,7.9,7.65,225,7.95,525,0,133725
NIFTY16JAN2012500CE.NFO,07/01/2020,09:52:15,7.9,7.65,150,7.9,1275,0,133725
NIFTY16JAN2012500CE.NFO,07/01/2020,09:52:17,7.65,7.5,2100,7.85,300,150,133725
NIFTY16JAN2012500CE.NFO,07/01/2020,09:52:18,7.65,7.5,2100,7.85,300,0,133725
NIFTY16JAN2012500CE.NFO,07/01/2020,09:52:21,7.65,7.5,2100,7.8,1200,0,133725
NIFTY16JAN2012500CE.NFO,07/01/2020,09:52:26,7.65,7.5,2100,7.75,75,0,133725
NIFTY16JAN2012500CE.NFO,07/01/2020,09:52:27,7.65,7.5,2100,7.8,1200,0,133725
NIFTY16JAN2012500CE.NFO,07/01/2020,09:52:29,7.65,7.5,2100,7.8,1275,0,133725
NIFTY16JAN2012500CE.NFO,07/01/2020,09:52:30,7.65,7.5,2100,7.8,1200,0,133725
NIFTY16JAN2012500CE.NFO,07/01/2020,09:52:32,7.65,7.5,225,7.8,1275,0,133725
NIFTY16JAN2012500CE.NFO,07/01/2020,09:52:33,7.65,7.5,150,7.8,1275,0,133725
NIFTY16JAN2012500CE.NFO,07/01/2020,09:52:35,7.65,7.5,225,7.8,1275,0,133725
NIFTY16JAN2012500CE.NFO,07/01/2020,09:52:37,7.65,7.55,375,7.8,1275,0,133725
NIFTY16JAN2012500CE.NFO,07/01/2020,09:52:42,7.65,7.6,75,7.9,300,0,133725
NIFTY16JAN2012500CE.NFO,07/01/2020,09:52:43,7.65,7.5,75,7.85,300,0,133725
NIFTY16JAN2012500CE.NFO,07/01/2020,09:52:51,7.65,7.5,75,7.85,225,0,133725
NIFTY16JAN2012500CE.NFO,07/01/2020,09:52:54,7.65,7.5,75,7.85,150,0,133725
NIFTY16JAN2012500CE.NFO,07/01/2020,09:52:55,7.65,7.8,450,7.9,150,0,133725
NIFTY16JAN2012500CE.NFO,07/01/2020,09:52:56,7.8,7.8,150,7.9,150,300,133725
NIFTY16JAN2012500CE.NFO,07/01/2020,09:52:57,7.8,7.6,375,7.9,300,150,133725
NIFTY16JAN2012500CE.NFO,07/01/2020,09:52:59,7.8,7.55,750,7.85,150,0,133725
NIFTY16JAN2012500CE.NFO,07/01/2020,09:53:00,7.8,7.55,375,7.85,150,0,133725
NIFTY16JAN2012500CE.NFO,07/01/2020,09:53:03,7.8,7.55,375,7.75,150,0,133725
NIFTY16JAN2012500CE.NFO,07/01/2020,09:53:04,7.8,7.4,75,7.75,150,0,133725
NIFTY16JAN2012500CE.NFO,07/01/2020,09:53:06,7.8,7.45,150,7.75,150,0,133725
NIFTY16JAN2012500CE.NFO,07/01/2020,09:53:07,7.8,7.45,225,7.8,150,0,133725
NIFTY16JAN2012500CE.NFO,07/01/2020,09:53:09,7.8,7.5,150,7.8,150,0,133725
NIFTY16JAN2012500CE.NFO,07/01/2020,09:53:19,7.8,7.6,150,7.9,300,0,133725
NIFTY16JAN2012500CE.NFO,07/01/2020,09:53:21,7.8,7.55,150,7.85,300,0,133725
NIFTY16JAN2012500CE.NFO,07/01/2020,09:53:30,7.8,7.55,225,7.85,300,0,133725
NIFTY16JAN2012500CE.NFO,07/01/2020,09:53:31,7.8,7.55,150,7.85,300,0,133725
NIFTY16JAN2012500CE.NFO,07/01/2020,09:53:35,7.8,7.5,150,7.8,300,0,133725
NIFTY16JAN2012500CE.NFO,07/01/2020,09:53:36,7.8,7.5,225,7.8,300,0,133725
NIFTY16JAN2012500CE.NFO,07/01/2020,09:53:39,7.8,7.5,150,7.8,300,0,133725
NIFTY16JAN2012500CE.NFO,07/01/2020,09:53:40,7.8,7.5,525,7.8,300,0,133725
NIFTY16JAN2012500CE.NFO,07/01/2020,09:53:42,7.8,7.5,150,7.8,300,0,133725
NIFTY16JAN2012500CE.NFO,07/01/2020,09:53:45,7.8,7.5,225,7.8,300,0,133725
NIFTY16JAN2012500CE.NFO,07/01/2020,09:53:47,7.8,7.5,150,7.8,300,0,133725
NIFTY16JAN2012500CE.NFO,07/01/2020,09:53:50,7.8,7.5,150,7.8,150,0,133725
NIFTY16JAN2012500CE.NFO,07/01/2020,09:53:55,7.8,7.45,450,7.75,150,0,133725
NIFTY16JAN2012500CE.NFO,07/01/2020,09:53:58,7.8,7.4,450,7.75,150,0,133725
NIFTY16JAN2012500CE.NFO,07/01/2020,09:54:00,7.8,7.45,75,7.75,75,0,133725
NIFTY16JAN2012500CE.NFO,07/01/2020,09:54:02,7.8,7.45,75,7.75,150,0,133725
NIFTY16JAN2012500CE.NFO,07/01/2020,09:54:03,7.8,7.45,150,7.75,150,0,133725
NIFTY16JAN2012500CE.NFO,07/01/2020,09:54:16,7.8,7.45,150,7.75,75,0,133725
NIFTY16JAN2012500CE.NFO,07/01/2020,09:54:18,7.8,7.45,225,7.75,75,0,133725
NIFTY16JAN2012500CE.NFO,07/01/2020,09:54:25,7.8,7.4,75,7.7,75,0,133725
NIFTY16JAN2012500CE.NFO,07/01/2020,09:54:26,7.8,7.45,525,7.85,150,0,133725
NIFTY16JAN2012500CE.NFO,07/01/2020,09:54:28,7.8,7.45,525,7.8,75,0,133725
NIFTY16JAN2012500CE.NFO,07/01/2020,09:54:32,7.8,7.6,150,7.9,225,0,133725
NIFTY16JAN2012500CE.NFO,07/01/2020,09:54:36,7.8,7.6,150,7.9,150,0,133725
NIFTY16JAN2012500CE.NFO,07/01/2020,09:54:38,7.9,7.65,150,7.95,150,150,135450
NIFTY16JAN2012500CE.NFO,07/01/2020,09:54:43,7.9,7.65,225,8,150,0,135450
NIFTY16JAN2012500CE.NFO,07/01/2020,09:54:44,7.9,7.65,150,7.95,75,0,135450
NIFTY16JAN2012500CE.NFO,07/01/2020,09:54:45,7.9,7.65,150,7.95,150,0,135450
NIFTY16JAN2012500CE.NFO,07/01/2020,09:54:53,7.9,7.65,150,7.95,75,0,135450
NIFTY16JAN2012500CE.NFO,07/01/2020,09:54:54,7.9,7.7,375,7.95,75,0,135450
NIFTY16JAN2012500CE.NFO,07/01/2020,09:55:01,8.05,7.8,1275,8.1,75,150,135450
NIFTY16JAN2012500CE.NFO,07/01/2020,09:55:03,8.05,7.8,1275,8.1,150,0,135450
NIFTY16JAN2012500CE.NFO,07/01/2020,09:55:05,8.05,7.8,150,8.1,150,0,135450
NIFTY16JAN2012500CE.NFO,07/01/2020,09:55:06,8.15,7.95,225,8.25,150,150,135450
NIFTY16JAN2012500CE.NFO,07/01/2020,09:55:09,8.15,7.9,150,8.2,150,0,135450
NIFTY16JAN2012500CE.NFO,07/01/2020,09:55:10,8.15,7.9,225,8.2,150,0,135450
NIFTY16JAN2012500CE.NFO,07/01/2020,09:55:13,8.2,7.9,300,8.25,75,150,135450
NIFTY16JAN2012500CE.NFO,07/01/2020,09:55:16,8.2,8,150,8.3,300,0,135450
NIFTY16JAN2012500CE.NFO,07/01/2020,09:55:19,8.2,8,75,8.3,300,0,135450
NIFTY16JAN2012500CE.NFO,07/01/2020,09:55:20,8.2,7.95,300,8.3,300,0,135450
NIFTY16JAN2012500CE.NFO,07/01/2020,09:55:23,8.2,7.95,225,8.25,75,0,135450
NIFTY16JAN2012500CE.NFO,07/01/2020,09:55:26,7.95,7.85,75,8.2,225,150,135450
NIFTY16JAN2012500CE.NFO,07/01/2020,09:55:28,7.95,7.85,150,8.2,150,0,135450
NIFTY16JAN2012500CE.NFO,07/01/2020,09:55:29,7.95,7.9,150,8.2,150,0,135450
NIFTY16JAN2012500CE.NFO,07/01/2020,09:55:41,8.3,8,300,8.3,150,450,135450
NIFTY16JAN2012500CE.NFO,07/01/2020,09:55:41,8.3,8,300,8.3,150,0,135450
NIFTY16JAN2012500CE.NFO,07/01/2020,09:55:43,8.3,8,225,8.3,150,0,135450
NIFTY16JAN2012500CE.NFO,07/01/2020,09:55:45,8.3,8,225,8.3,225,0,135450
NIFTY16JAN2012500CE.NFO,07/01/2020,09:55:48,8.3,8,225,8.3,150,0,135450
NIFTY16JAN2012500CE.NFO,07/01/2020,09:55:53,8,7.85,75,8.15,225,225,135450
NIFTY16JAN2012500CE.NFO,07/01/2020,09:55:54,8.15,7.85,150,8.15,150,75,135450
NIFTY16JAN2012500CE.NFO,07/01/2020,09:55:57,8.15,7.85,150,8.15,150,0,135450
NIFTY16JAN2012500CE.NFO,07/01/2020,09:56:05,8.15,7.9,150,8.15,150,0,135450
NIFTY16JAN2012500CE.NFO,07/01/2020,09:56:06,8.15,7.8,75,8.1,225,0,135450
NIFTY16JAN2012500CE.NFO,07/01/2020,09:56:08,8.15,7.8,75,8.05,300,0,135450
NIFTY16JAN2012500CE.NFO,07/01/2020,09:56:10,8.15,7.8,150,8.1,375,0,135450
NIFTY16JAN2012500CE.NFO,07/01/2020,09:56:11,8.15,7.8,75,8.1,375,0,135450
NIFTY16JAN2012500CE.NFO,07/01/2020,09:56:15,8.15,7.8,150,8.1,375,0,135450
NIFTY16JAN2012500CE.NFO,07/01/2020,09:56:20,8.15,7.8,75,8.1,300,0,135450
NIFTY16JAN2012500CE.NFO,07/01/2020,09:56:21,8.15,7.8,150,8.1,375,0,135450
NIFTY16JAN2012500CE.NFO,07/01/2020,09:56:25,8.15,7.8,75,8.1,375,0,135450
NIFTY16JAN2012500CE.NFO,07/01/2020,09:56:29,8.15,7.8,150,8.1,375,0,135450
NIFTY16JAN2012500CE.NFO,07/01/2020,09:56:32,8.15,7.85,150,8.1,300,0,135450
NIFTY16JAN2012500CE.NFO,07/01/2020,09:56:34,8.15,7.85,150,8.1,225,0,135450
NIFTY16JAN2012500CE.NFO,07/01/2020,09:56:35,8.15,7.85,75,8.05,1425,0,135450
NIFTY16JAN2012500CE.NFO,07/01/2020,09:56:38,8.05,7.85,75,8.05,1275,150,134850
NIFTY16JAN2012500CE.NFO,07/01/2020,09:56:42,8.05,7.85,450,8.05,1275,0,134850
NIFTY16JAN2012500CE.NFO,07/01/2020,09:56:48,8.05,7.7,75,7.95,300,0,134850
NIFTY16JAN2012500CE.NFO,07/01/2020,09:56:51,8.05,7.65,150,7.95,300,0,134850
NIFTY16JAN2012500CE.NFO,07/01/2020,09:56:52,8.05,7.75,150,7.95,300,0,134850
NIFTY16JAN2012500CE.NFO,07/01/2020,09:57:00,8.05,7.75,150,7.95,225,0,134850
NIFTY16JAN2012500CE.NFO,07/01/2020,09:57:03,8.05,7.75,225,7.95,225,0,134850
NIFTY16JAN2012500CE.NFO,07/01/2020,09:57:07,8.05,7.75,150,7.95,225,0,134850
NIFTY16JAN2012500CE.NFO,07/01/2020,09:57:09,7.95,7.75,225,8,300,150,134850
NIFTY16JAN2012500CE.NFO,07/01/2020,09:57:11,7.95,7.75,225,8,300,0,134850
NIFTY16JAN2012500CE.NFO,07/01/2020,09:57:11,7.95,7.75,150,8,300,0,134850
NIFTY16JAN2012500CE.NFO,07/01/2020,09:57:22,7.95,7.75,225,8,300,0,134850
NIFTY16JAN2012500CE.NFO,07/01/2020,09:57:24,7.95,7.75,150,7.95,1200,0,134850
NIFTY16JAN2012500CE.NFO,07/01/2020,09:57:56,7.65,7.5,75,7.8,75,225,134850
NIFTY16JAN2012500CE.NFO,07/01/2020,09:57:57,7.65,7.55,150,7.75,300,0,134850
NIFTY16JAN2012500CE.NFO,07/01/2020,09:57:59,7.75,7.45,75,7.75,225,75,134850
NIFTY16JAN2012500CE.NFO,07/01/2020,09:58:00,7.75,7.55,525,7.85,300,0,134850
NIFTY16JAN2012500CE.NFO,07/01/2020,09:58:01,7.75,7.55,2700,7.9,225,0,134850
NIFTY16JAN2012500CE.NFO,07/01/2020,09:58:02,7.75,7.6,225,7.85,225,0,134850
NIFTY16JAN2012500CE.NFO,07/01/2020,09:58:05,7.75,7.6,150,7.85,225,0,134850
NIFTY16JAN2012500CE.NFO,07/01/2020,09:58:05,7.75,7.6,75,7.85,225,0,134850
NIFTY16JAN2012500CE.NFO,07/01/2020,09:58:06,7.75,7.6,150,7.85,225,0,134850
NIFTY16JAN2012500CE.NFO,07/01/2020,09:58:10,7.75,7.6,150,7.85,300,0,134850
NIFTY16JAN2012500CE.NFO,07/01/2020,09:58:17,7.75,7.6,75,7.8,300,0,134850
NIFTY16JAN2012500CE.NFO,07/01/2020,09:58:21,7.55,7.45,75,7.7,75,150,134850
NIFTY16JAN2012500CE.NFO,07/01/2020,09:58:23,7.55,7.45,150,7.7,300,0,134850
NIFTY16JAN2012500CE.NFO,07/01/2020,09:58:25,7.4,7.4,150,7.65,300,75,134850
NIFTY16JAN2012500CE.NFO,07/01/2020,09:58:26,7.7,7.5,525,7.8,300,450,134850
NIFTY16JAN2012500CE.NFO,07/01/2020,09:58:27,7.7,7.35,600,7.7,225,0,134850
NIFTY16JAN2012500CE.NFO,07/01/2020,09:58:32,7.7,7.4,375,7.7,225,0,134850
NIFTY16JAN2012500CE.NFO,07/01/2020,09:58:33,7.4,7.4,300,7.65,225,75,134850
NIFTY16JAN2012500CE.NFO,07/01/2020,09:58:37,7.4,7.4,300,7.65,225,0,134850
NIFTY16JAN2012500CE.NFO,07/01/2020,09:58:39,7.4,7.4,300,7.6,225,0,134850
NIFTY16JAN2012500CE.NFO,07/01/2020,09:58:40,7.55,7.4,300,7.6,75,225,134850
NIFTY16JAN2012500CE.NFO,07/01/2020,09:58:42,7.6,7.4,300,7.7,75,225,134850
NIFTY16JAN2012500CE.NFO,07/01/2020,09:58:44,7.6,7.4,300,7.65,75,0,134850
NIFTY16JAN2012500CE.NFO,07/01/2020,09:58:45,7.6,7.4,450,7.65,75,0,134850
NIFTY16JAN2012500CE.NFO,07/01/2020,09:58:47,7.6,7.35,525,7.65,75,0,134850
NIFTY16JAN2012500CE.NFO,07/01/2020,09:58:48,7.6,7.4,525,7.7,75,0,134850
NIFTY16JAN2012500CE.NFO,07/01/2020,09:58:49,7.4,7.35,600,7.65,150,75,134850
NIFTY16JAN2012500CE.NFO,07/01/2020,09:58:51,7.65,7.35,300,7.7,75,150,134850
NIFTY16JAN2012500CE.NFO,07/01/2020,09:58:52,7.65,7.35,300,7.7,75,0,134850
NIFTY16JAN2012500CE.NFO,07/01/2020,09:58:53,7.4,7.3,600,7.55,75,150,134850
NIFTY16JAN2012500CE.NFO,07/01/2020,09:58:54,7.3,7.3,450,7.55,75,75,134850
NIFTY16JAN2012500CE.NFO,07/01/2020,09:58:56,7.55,7.4,450,7.8,225,150,134850
NIFTY16JAN2012500CE.NFO,07/01/2020,09:58:57,7.4,7.45,300,7.7,225,150,134850
NIFTY16JAN2012500CE.NFO,07/01/2020,09:58:58,7.45,7.4,300,7.7,300,75,134850
NIFTY16JAN2012500CE.NFO,07/01/2020,09:58:59,7.35,7.3,300,7.6,225,150,134850
NIFTY16JAN2012500CE.NFO,07/01/2020,09:59:01,7.35,7.35,300,7.6,150,0,134850
NIFTY16JAN2012500CE.NFO,07/01/2020,09:59:08,7.65,7.45,300,7.75,225,225,134850
NIFTY16JAN2012500CE.NFO,07/01/2020,09:59:09,7.65,7.45,300,7.7,225,0,134850
NIFTY16JAN2012500CE.NFO,07/01/2020,09:59:12,7.45,7.4,2475,7.65,300,75,134850
NIFTY16JAN2012500CE.NFO,07/01/2020,09:59:13,7.45,7.4,2475,7.65,300,0,134850
NIFTY16JAN2012500CE.NFO,07/01/2020,09:59:17,7.45,7.4,375,7.6,300,0,134850
NIFTY16JAN2012500CE.NFO,07/01/2020,09:59:19,7.4,7.4,225,7.6,300,150,134775
NIFTY16JAN2012500CE.NFO,07/01/2020,09:59:22,7.4,7.4,150,7.6,225,75,134775
NIFTY16JAN2012500CE.NFO,07/01/2020,09:59:23,7.4,7.4,150,7.6,225,0,134775
NIFTY16JAN2012500CE.NFO,07/01/2020,09:59:24,7.4,7.4,75,7.6,225,0,134775
NIFTY16JAN2012500CE.NFO,07/01/2020,09:59:26,7.4,7.35,150,7.6,225,0,134775
NIFTY16JAN2012500CE.NFO,07/01/2020,09:59:28,7.4,7.35,300,7.6,225,0,134775
NIFTY16JAN2012500CE.NFO,07/01/2020,09:59:33,7.35,7.35,225,7.6,225,75,134775
NIFTY16JAN2012500CE.NFO,07/01/2020,09:59:35,7.6,7.45,225,7.75,150,225,134775
NIFTY16JAN2012500CE.NFO,07/01/2020,09:59:36,7.6,7.45,225,7.7,75,0,134775
NIFTY16JAN2012500CE.NFO,07/01/2020,09:59:37,7.6,7.4,225,7.7,150,0,134775
NIFTY16JAN2012500CE.NFO,07/01/2020,09:59:38,7.6,7.5,225,7.75,150,0,134775
NIFTY16JAN2012500CE.NFO,07/01/2020,09:59:40,7.45,7.4,225,7.7,75,75,134775
NIFTY16JAN2012500CE.NFO,07/01/2020,09:59:41,7.45,7.45,225,7.75,450,0,134775
NIFTY16JAN2012500CE.NFO,07/01/2020,09:59:42,7.45,7.45,225,7.75,150,0,134775
NIFTY16JAN2012500CE.NFO,07/01/2020,09:59:46,7.45,7.5,525,7.75,75,0,134775
NIFTY16JAN2012500CE.NFO,07/01/2020,09:59:53,7.45,7.5,525,7.75,150,0,134775
NIFTY16JAN2012500CE.NFO,07/01/2020,09:59:58,7.45,7.45,225,7.75,150,0,134775
NIFTY16JAN2012500CE.NFO,07/01/2020,10:00:01,7.45,7.4,225,7.7,525,0,134775
NIFTY16JAN2012500CE.NFO,07/01/2020,10:00:06,7.45,7.4,225,7.7,150,0,134775
NIFTY16JAN2012500CE.NFO,07/01/2020,10:00:16,7.45,7.45,225,7.7,75,0,134775
NIFTY16JAN2012500CE.NFO,07/01/2020,10:00:17,7.45,7.4,225,7.7,450,0,134775
NIFTY16JAN2012500CE.NFO,07/01/2020,10:00:18,7.45,7.4,225,7.7,150,0,134775
NIFTY16JAN2012500CE.NFO,07/01/2020,10:00:20,7.45,7.3,225,7.6,300,0,134775
NIFTY16JAN2012500CE.NFO,07/01/2020,10:00:22,7.45,7.3,375,7.6,75,0,134775
NIFTY16JAN2012500CE.NFO,07/01/2020,10:00:23,7.45,7.25,225,7.55,525,0,134775
NIFTY16JAN2012500CE.NFO,07/01/2020,10:00:26,7.25,7.2,375,7.5,225,75,134775
NIFTY16JAN2012500CE.NFO,07/01/2020,10:00:29,7.25,7.2,375,7.5,225,0,134775
