Ticker,Date,Time,LTP,BuyPrice,BuyQty,SellPrice,SellQty,LTQ,OpenInterest
NIFTY27FEB2012300PE.NFO,07/01/2020,09:16:15,305,301,150,306.5,150,75,48450
NIFTY27FEB2012300PE.NFO,07/01/2020,09:16:15,305,301,150,306.5,150,0,48450
NIFTY27FEB2012300PE.NFO,07/01/2020,09:16:15,305,301,150,306.5,150,0,48450
NIFTY27FEB2012300PE.NFO,07/01/2020,09:16:15,305,301,150,306.5,150,0,48450
NIFTY27FEB2012300PE.NFO,07/01/2020,09:16:16,305,301,150,306.3,150,0,48450
NIFTY27FEB2012300PE.NFO,07/01/2020,09:16:17,305,301,150,306.25,150,0,48450
NIFTY27FEB2012300PE.NFO,07/01/2020,09:16:18,305,301,150,306.15,150,0,48450
NIFTY27FEB2012300PE.NFO,07/01/2020,09:16:19,305,301,150,307.25,150,0,48450
NIFTY27FEB2012300PE.NFO,07/01/2020,09:16:20,305,301,150,306.25,75,0,48450
NIFTY27FEB2012300PE.NFO,07/01/2020,09:16:22,305,301,150,305.75,300,0,48450
NIFTY27FEB2012300PE.NFO,07/01/2020,09:16:23,305,301,150,306.85,75,0,48450
NIFTY27FEB2012300PE.NFO,07/01/2020,09:16:24,305,301,150,306.55,75,0,48450
NIFTY27FEB2012300PE.NFO,07/01/2020,09:16:25,305,301,150,305.9,75,0,48450
NIFTY27FEB2012300PE.NFO,07/01/2020,09:16:26,305,301,150,305.4,75,0,48450
NIFTY27FEB2012300PE.NFO,07/01/2020,09:16:27,305,301,150,307.5,375,0,48450
NIFTY27FEB2012300PE.NFO,07/01/2020,09:16:28,305,301,150,305.7,75,0,48450
NIFTY27FEB2012300PE.NFO,07/01/2020,09:16:30,305,301,150,304.75,75,0,48450
NIFTY27FEB2012300PE.NFO,07/01/2020,09:16:31,305,301,150,304.65,150,0,48450
NIFTY27FEB2012300PE.NFO,07/01/2020,09:16:32,305,301,150,306.55,375,0,48450
NIFTY27FEB2012300PE.NFO,07/01/2020,09:16:33,305,301,150,305.9,75,0,48450
NIFTY27FEB2012300PE.NFO,07/01/2020,09:16:35,305,301,150,304.1,150,0,48450
NIFTY27FEB2012300PE.NFO,07/01/2020,09:16:36,305,301,150,304.4,150,0,48450
NIFTY27FEB2012300PE.NFO,07/01/2020,09:16:37,306,301,150,305.05,75,300,48450
NIFTY27FEB2012300PE.NFO,07/01/2020,09:16:37,306,301,150,305.05,75,0,48450
NIFTY27FEB2012300PE.NFO,07/01/2020,09:16:37,304.2,301,150,305.05,75,0,48450
NIFTY27FEB2012300PE.NFO,07/01/2020,09:16:38,306,301,150,302.9,75,0,48450
NIFTY27FEB2012300PE.NFO,07/01/2020,09:16:40,306,301,150,303.65,75,0,48450
NIFTY27FEB2012300PE.NFO,07/01/2020,09:16:45,301,301,75,303.65,75,75,48450
NIFTY27FEB2012300PE.NFO,07/01/2020,09:16:45,301,301,75,303.65,75,0,48450
NIFTY27FEB2012300PE.NFO,07/01/2020,09:16:46,301,291.05,450,307.75,150,75,48450
NIFTY27FEB2012300PE.NFO,07/01/2020,09:16:48,301,291.05,150,306.3,150,0,48450
NIFTY27FEB2012300PE.NFO,07/01/2020,09:16:49,301,291.05,75,305.2,150,0,48450
NIFTY27FEB2012300PE.NFO,07/01/2020,09:16:50,301,291.05,75,304.8,150,0,48450
NIFTY27FEB2012300PE.NFO,07/01/2020,09:16:51,301,290.2,75,304.35,150,0,48450
NIFTY27FEB2012300PE.NFO,07/01/2020,09:16:52,301,292.15,75,304.05,150,0,48450
NIFTY27FEB2012300PE.NFO,07/01/2020,09:16:53,301,289.85,75,303.95,150,0,48450
NIFTY27FEB2012300PE.NFO,07/01/2020,09:16:54,301,289.85,75,303.75,150,0,48450
NIFTY27FEB2012300PE.NFO,07/01/2020,09:16:55,301,289.85,75,305.15,375,0,48450
NIFTY27FEB2012300PE.NFO,07/01/2020,09:16:56,301,289.85,75,304.45,375,0,48450
NIFTY27FEB2012300PE.NFO,07/01/2020,09:16:57,301,289.85,75,303.55,150,0,48450
NIFTY27FEB2012300PE.NFO,07/01/2020,09:16:59,301,289.85,75,303.85,150,0,48450
NIFTY27FEB2012300PE.NFO,07/01/2020,09:17:00,301,289.85,75,305.25,150,0,48450
NIFTY27FEB2012300PE.NFO,07/01/2020,09:17:01,301,291,375,304.1,375,0,48450
NIFTY27FEB2012300PE.NFO,07/01/2020,09:17:02,301,291,375,302.6,150,0,48450
NIFTY27FEB2012300PE.NFO,07/01/2020,09:17:03,301,291,375,302.4,150,0,48450
NIFTY27FEB2012300PE.NFO,07/01/2020,09:17:04,301,291,375,302.2,150,0,48450
NIFTY27FEB2012300PE.NFO,07/01/2020,09:17:06,301,291,375,302,150,0,48450
NIFTY27FEB2012300PE.NFO,07/01/2020,09:17:07,301,291,375,302.2,150,0,48450
NIFTY27FEB2012300PE.NFO,07/01/2020,09:17:08,301,291,375,301.95,150,0,48450
NIFTY27FEB2012300PE.NFO,07/01/2020,09:17:09,301,291,375,301.55,150,0,48450
NIFTY27FEB2012300PE.NFO,07/01/2020,09:17:10,301,291,375,301.15,150,0,48450
NIFTY27FEB2012300PE.NFO,07/01/2020,09:17:11,301,291,375,300.95,150,0,48450
NIFTY27FEB2012300PE.NFO,07/01/2020,09:17:12,301,291,375,302.65,375,0,48450
NIFTY27FEB2012300PE.NFO,07/01/2020,09:17:13,301,291,375,301.7,375,0,48450
NIFTY27FEB2012300PE.NFO,07/01/2020,09:17:14,301,291,375,300.25,150,0,48450
NIFTY27FEB2012300PE.NFO,07/01/2020,09:17:16,301,291,375,300.05,300,0,48450
NIFTY27FEB2012300PE.NFO,07/01/2020,09:17:17,301,291,375,299.75,300,0,48450
NIFTY27FEB2012300PE.NFO,07/01/2020,09:17:18,301,291,375,299.55,300,0,48450
NIFTY27FEB2012300PE.NFO,07/01/2020,09:17:19,291,291,300,296.6,150,75,48150
NIFTY27FEB2012300PE.NFO,07/01/2020,09:17:19,291,291,300,296.6,150,0,48150
NIFTY27FEB2012300PE.NFO,07/01/2020,09:17:20,291,291,300,297.75,75,0,48150
NIFTY27FEB2012300PE.NFO,07/01/2020,09:17:21,291,291,300,297.45,75,0,48150
NIFTY27FEB2012300PE.NFO,07/01/2020,09:17:22,291,291,300,297.35,75,0,48150
NIFTY27FEB2012300PE.NFO,07/01/2020,09:17:23,291,287.7,150,296.9,150,300,48150
NIFTY27FEB2012300PE.NFO,07/01/2020,09:17:25,291,287.45,150,296.25,150,0,48150
NIFTY27FEB2012300PE.NFO,07/01/2020,09:17:26,291,287.6,150,295.5,150,0,48150
NIFTY27FEB2012300PE.NFO,07/01/2020,09:17:27,291,288.5,150,296.25,75,0,48150
NIFTY27FEB2012300PE.NFO,07/01/2020,09:17:28,291,288.55,150,296.95,150,0,48150
NIFTY27FEB2012300PE.NFO,07/01/2020,09:17:29,291,289,150,297.15,150,0,48150
NIFTY27FEB2012300PE.NFO,07/01/2020,09:17:30,291,289,150,296.85,75,0,48150
NIFTY27FEB2012300PE.NFO,07/01/2020,09:17:31,291,289.15,150,297.45,75,0,48150
NIFTY27FEB2012300PE.NFO,07/01/2020,09:17:32,291,289.15,150,297.3,150,0,48150
NIFTY27FEB2012300PE.NFO,07/01/2020,09:17:33,291,289.35,150,297.75,75,0,48150
NIFTY27FEB2012300PE.NFO,07/01/2020,09:17:34,291,289.35,150,298.05,150,0,48150
NIFTY27FEB2012300PE.NFO,07/01/2020,09:17:35,291,289.1,150,298.05,150,0,48150
NIFTY27FEB2012300PE.NFO,07/01/2020,09:17:36,291,289.35,150,298.05,150,0,48150
NIFTY27FEB2012300PE.NFO,07/01/2020,09:17:37,291,289.75,150,297.85,150,0,48150
NIFTY27FEB2012300PE.NFO,07/01/2020,09:17:38,291,289.75,150,297.75,150,0,48150
NIFTY27FEB2012300PE.NFO,07/01/2020,09:17:39,291,289.75,150,297.35,150,0,48150
NIFTY27FEB2012300PE.NFO,07/01/2020,09:17:40,291,289.8,150,298.3,75,0,48150
NIFTY27FEB2012300PE.NFO,07/01/2020,09:17:41,291,289.8,150,298.55,150,0,48150
NIFTY27FEB2012300PE.NFO,07/01/2020,09:17:42,291,290.05,150,298.1,150,0,48150
NIFTY27FEB2012300PE.NFO,07/01/2020,09:17:44,291,290.35,150,298.3,150,0,48150
NIFTY27FEB2012300PE.NFO,07/01/2020,09:17:45,291,291,150,297.75,150,0,48150
NIFTY27FEB2012300PE.NFO,07/01/2020,09:17:46,291,291,150,299.2,75,0,48150
NIFTY27FEB2012300PE.NFO,07/01/2020,09:17:47,291,291,150,299.3,150,0,48150
NIFTY27FEB2012300PE.NFO,07/01/2020,09:17:48,291,291,150,299.5,150,0,48150
NIFTY27FEB2012300PE.NFO,07/01/2020,09:17:49,291,291,150,299.7,150,0,48150
NIFTY27FEB2012300PE.NFO,07/01/2020,09:17:50,291,291,150,299.9,150,0,48150
NIFTY27FEB2012300PE.NFO,07/01/2020,09:17:51,291,291.25,150,300.1,150,0,48150
NIFTY27FEB2012300PE.NFO,07/01/2020,09:17:52,291,291.25,150,300.55,150,0,48150
NIFTY27FEB2012300PE.NFO,07/01/2020,09:17:54,291,291.5,150,300.55,150,0,48150
NIFTY27FEB2012300PE.NFO,07/01/2020,09:17:55,291,291.2,150,298.85,150,0,48150
NIFTY27FEB2012300PE.NFO,07/01/2020,09:17:57,291,291.2,150,300.75,150,0,48150
NIFTY27FEB2012300PE.NFO,07/01/2020,09:17:57,291,291.2,150,300.5,75,0,48150
NIFTY27FEB2012300PE.NFO,07/01/2020,09:17:58,291,291.2,150,300.2,150,0,48150
NIFTY27FEB2012300PE.NFO,07/01/2020,09:18:00,291,291.4,150,300.55,150,0,48150
NIFTY27FEB2012300PE.NFO,07/01/2020,09:18:01,291,291.4,150,300.15,150,0,48150
NIFTY27FEB2012300PE.NFO,07/01/2020,09:18:01,291,291,150,300.15,150,0,48150
NIFTY27FEB2012300PE.NFO,07/01/2020,09:18:02,291,290.2,150,300.3,150,0,48150
NIFTY27FEB2012300PE.NFO,07/01/2020,09:18:04,291,289.9,150,301.55,150,0,48150
NIFTY27FEB2012300PE.NFO,07/01/2020,09:18:05,291,289.3,150,297.95,150,0,48150
NIFTY27FEB2012300PE.NFO,07/01/2020,09:18:06,291,289.3,150,298.95,150,0,48150
NIFTY27FEB2012300PE.NFO,07/01/2020,09:18:07,291,289.2,150,296.65,150,0,48150
NIFTY27FEB2012300PE.NFO,07/01/2020,09:18:08,291,289.2,150,299.3,150,0,48150
NIFTY27FEB2012300PE.NFO,07/01/2020,09:18:08,291,289.2,150,299.3,225,0,48150
NIFTY27FEB2012300PE.NFO,07/01/2020,09:18:10,291,289.7,150,299.05,225,0,48150
NIFTY27FEB2012300PE.NFO,07/01/2020,09:18:11,291,289.4,150,298.7,75,0,48150
NIFTY27FEB2012300PE.NFO,07/01/2020,09:18:12,291,289.4,150,298.5,225,0,48150
NIFTY27FEB2012300PE.NFO,07/01/2020,09:18:13,291,289.4,150,298.4,150,0,48150
NIFTY27FEB2012300PE.NFO,07/01/2020,09:18:14,291,289.4,150,297.6,75,0,48150
NIFTY27FEB2012300PE.NFO,07/01/2020,09:18:15,291,289.3,150,297.9,75,0,48150
NIFTY27FEB2012300PE.NFO,07/01/2020,09:18:16,291,289.55,150,297.3,225,0,48150
NIFTY27FEB2012300PE.NFO,07/01/2020,09:18:16,291,289.3,150,297.3,225,0,48150
NIFTY27FEB2012300PE.NFO,07/01/2020,09:18:18,291,290.2,150,301.7,75,0,48150
NIFTY27FEB2012300PE.NFO,07/01/2020,09:18:19,291,290.2,150,302.1,150,0,48150
NIFTY27FEB2012300PE.NFO,07/01/2020,09:18:21,291,288.9,150,299.05,150,0,48150
NIFTY27FEB2012300PE.NFO,07/01/2020,09:18:22,291,289.15,150,299.65,150,0,48150
NIFTY27FEB2012300PE.NFO,07/01/2020,09:18:23,291,289.4,150,299.7,150,0,48150
NIFTY27FEB2012300PE.NFO,07/01/2020,09:18:24,291,289.65,150,299.95,150,0,48150
NIFTY27FEB2012300PE.NFO,07/01/2020,09:18:25,291,289.3,150,296.9,150,0,48150
NIFTY27FEB2012300PE.NFO,07/01/2020,09:18:26,291,289.65,150,299.95,150,0,48150
NIFTY27FEB2012300PE.NFO,07/01/2020,09:18:27,291,289.9,150,299.6,150,0,48150
NIFTY27FEB2012300PE.NFO,07/01/2020,09:18:28,291,289.95,150,300.4,150,0,48150
NIFTY27FEB2012300PE.NFO,07/01/2020,09:18:29,291,290.6,150,299.95,150,0,48150
NIFTY27FEB2012300PE.NFO,07/01/2020,09:18:30,291,290.55,150,300.35,150,0,48150
NIFTY27FEB2012300PE.NFO,07/01/2020,09:18:31,291,290.55,150,300.25,150,0,48150
NIFTY27FEB2012300PE.NFO,07/01/2020,09:18:32,291,290.8,150,300.55,150,0,48150
NIFTY27FEB2012300PE.NFO,07/01/2020,09:18:33,291,291.3,150,301.3,150,0,48150
NIFTY27FEB2012300PE.NFO,07/01/2020,09:18:33,291,291.5,150,301.3,150,0,48150
NIFTY27FEB2012300PE.NFO,07/01/2020,09:18:35,291,291.5,150,301.6,150,0,48150
NIFTY27FEB2012300PE.NFO,07/01/2020,09:18:36,291,292,150,301.5,150,0,48150
NIFTY27FEB2012300PE.NFO,07/01/2020,09:18:37,291,292.25,150,301.7,150,0,48150
NIFTY27FEB2012300PE.NFO,07/01/2020,09:18:38,291,292.2,150,302.2,150,0,48150
NIFTY27FEB2012300PE.NFO,07/01/2020,09:18:39,291,292.45,150,302.5,150,0,48150
NIFTY27FEB2012300PE.NFO,07/01/2020,09:18:40,291,292.45,150,302.75,150,0,48150
NIFTY27FEB2012300PE.NFO,07/01/2020,09:18:41,291,292.7,150,302.75,150,0,48150
NIFTY27FEB2012300PE.NFO,07/01/2020,09:18:42,291,292.95,150,303.1,150,0,48150
NIFTY27FEB2012300PE.NFO,07/01/2020,09:18:43,291,292.6,150,303.05,150,0,48150
NIFTY27FEB2012300PE.NFO,07/01/2020,09:18:43,291,292.6,150,302.95,150,0,48150
NIFTY27FEB2012300PE.NFO,07/01/2020,09:18:45,291,292.25,150,302.4,150,0,48150
NIFTY27FEB2012300PE.NFO,07/01/2020,09:18:46,291,292.5,150,302.55,150,0,48150
NIFTY27FEB2012300PE.NFO,07/01/2020,09:18:47,291,293.2,150,303.35,150,0,48150
NIFTY27FEB2012300PE.NFO,07/01/2020,09:18:48,291,293.2,150,303.2,150,0,48150
NIFTY27FEB2012300PE.NFO,07/01/2020,09:18:49,291,293.2,150,303.45,150,0,48150
NIFTY27FEB2012300PE.NFO,07/01/2020,09:18:50,291,293.45,150,302,150,0,48150
NIFTY27FEB2012300PE.NFO,07/01/2020,09:18:51,291,293.45,150,302.2,150,0,48150
NIFTY27FEB2012300PE.NFO,07/01/2020,09:18:51,291,293.7,150,302.8,150,0,48150
NIFTY27FEB2012300PE.NFO,07/01/2020,09:18:53,291,294.15,150,302.75,150,0,48150
NIFTY27FEB2012300PE.NFO,07/01/2020,09:18:54,291,294.4,150,303.1,150,0,48150
NIFTY27FEB2012300PE.NFO,07/01/2020,09:18:55,291,294.65,150,303.15,150,0,48150
NIFTY27FEB2012300PE.NFO,07/01/2020,09:18:55,291,294.9,150,303.95,150,0,48150
NIFTY27FEB2012300PE.NFO,07/01/2020,09:18:57,291,294.9,150,304.45,75,0,48150
NIFTY27FEB2012300PE.NFO,07/01/2020,09:18:58,291,295.2,150,304.65,75,0,48150
NIFTY27FEB2012300PE.NFO,07/01/2020,09:18:58,291,295.2,150,304.95,150,0,48150
NIFTY27FEB2012300PE.NFO,07/01/2020,09:18:59,291,294.55,150,304.65,75,0,48150
NIFTY27FEB2012300PE.NFO,07/01/2020,09:19:00,291,294.55,150,302.3,150,0,48150
NIFTY27FEB2012300PE.NFO,07/01/2020,09:19:01,291,294,150,303.7,75,0,48150
NIFTY27FEB2012300PE.NFO,07/01/2020,09:19:02,291,294,150,303.35,75,0,48150
NIFTY27FEB2012300PE.NFO,07/01/2020,09:19:04,291,294.2,150,302.85,150,0,48150
NIFTY27FEB2012300PE.NFO,07/01/2020,09:19:07,291,295.2,150,303.25,150,0,48150
NIFTY27FEB2012300PE.NFO,07/01/2020,09:19:09,291,294.1,150,303,75,0,48150
NIFTY27FEB2012300PE.NFO,07/01/2020,09:19:10,291,294.4,150,302.95,75,0,48150
NIFTY27FEB2012300PE.NFO,07/01/2020,09:19:11,291,294.4,150,302.75,75,0,48150
NIFTY27FEB2012300PE.NFO,07/01/2020,09:19:11,291,294.4,150,302.45,150,0,48150
NIFTY27FEB2012300PE.NFO,07/01/2020,09:19:13,291,294.4,150,301.95,150,0,48150
NIFTY27FEB2012300PE.NFO,07/01/2020,09:19:14,291,294.1,150,302.55,150,0,48150
NIFTY27FEB2012300PE.NFO,07/01/2020,09:19:15,291,294.35,150,303.2,150,0,48150
NIFTY27FEB2012300PE.NFO,07/01/2020,09:19:16,291,294.1,150,301.55,150,0,48150
NIFTY27FEB2012300PE.NFO,07/01/2020,09:19:17,291,294.1,150,302.85,75,0,48150
NIFTY27FEB2012300PE.NFO,07/01/2020,09:19:18,291,293.85,150,302.5,150,0,48150
NIFTY27FEB2012300PE.NFO,07/01/2020,09:19:19,291,293.35,150,302.3,150,0,48150
NIFTY27FEB2012300PE.NFO,07/01/2020,09:19:20,291,293.25,150,302.1,150,0,48150
NIFTY27FEB2012300PE.NFO,07/01/2020,09:19:21,291,293.25,150,301.5,150,0,48150
NIFTY27FEB2012300PE.NFO,07/01/2020,09:19:22,291,292.9,150,300.9,150,0,48150
NIFTY27FEB2012300PE.NFO,07/01/2020,09:19:24,291,292.9,150,300.25,150,0,48150
NIFTY27FEB2012300PE.NFO,07/01/2020,09:19:25,291,292.7,150,300.8,150,0,48150
NIFTY27FEB2012300PE.NFO,07/01/2020,09:19:26,291,292.7,150,300.6,225,0,48150
NIFTY27FEB2012300PE.NFO,07/01/2020,09:19:27,291,292.25,150,300.5,150,0,48150
NIFTY27FEB2012300PE.NFO,07/01/2020,09:19:28,291,292.7,150,300.9,150,0,48150
NIFTY27FEB2012300PE.NFO,07/01/2020,09:19:29,291,293.2,150,301.8,150,0,48150
NIFTY27FEB2012300PE.NFO,07/01/2020,09:19:29,291,293.15,150,301.8,150,0,48150
NIFTY27FEB2012300PE.NFO,07/01/2020,09:19:30,291,293.4,150,301.8,150,0,48150
NIFTY27FEB2012300PE.NFO,07/01/2020,09:19:31,291,293.15,150,301.7,150,0,48150
NIFTY27FEB2012300PE.NFO,07/01/2020,09:19:33,291,293.9,150,302.5,150,0,48150
NIFTY27FEB2012300PE.NFO,07/01/2020,09:19:33,291,294.15,150,303.1,225,0,48150
NIFTY27FEB2012300PE.NFO,07/01/2020,09:19:34,291,294.15,150,303,150,0,48150
NIFTY27FEB2012300PE.NFO,07/01/2020,09:19:36,291,294.35,150,303.2,225,0,48150
NIFTY27FEB2012300PE.NFO,07/01/2020,09:19:37,291,294.35,150,303.3,150,0,48150
NIFTY27FEB2012300PE.NFO,07/01/2020,09:19:38,291,294.5,150,303.2,150,0,48150
NIFTY27FEB2012300PE.NFO,07/01/2020,09:19:39,291,294.25,150,303,150,0,48150
NIFTY27FEB2012300PE.NFO,07/01/2020,09:19:40,291,294.25,150,303.85,150,0,48150
NIFTY27FEB2012300PE.NFO,07/01/2020,09:19:41,291,294.25,150,303.4,150,0,48150
NIFTY27FEB2012300PE.NFO,07/01/2020,09:19:42,291,294.25,150,302.8,150,0,48150
NIFTY27FEB2012300PE.NFO,07/01/2020,09:19:42,291,294.25,150,303.2,150,0,48150
NIFTY27FEB2012300PE.NFO,07/01/2020,09:19:44,291,294.25,150,302.9,150,0,48150
NIFTY27FEB2012300PE.NFO,07/01/2020,09:19:45,291,294.25,150,302.55,150,0,48150
NIFTY27FEB2012300PE.NFO,07/01/2020,09:19:46,291,293.4,150,302.45,75,0,48150
NIFTY27FEB2012300PE.NFO,07/01/2020,09:19:46,291,293.4,150,302,75,0,48150
NIFTY27FEB2012300PE.NFO,07/01/2020,09:19:47,291,293.9,150,301.9,150,0,48150
NIFTY27FEB2012300PE.NFO,07/01/2020,09:19:49,291,294.15,150,300.95,75,0,48150
NIFTY27FEB2012300PE.NFO,07/01/2020,09:19:49,291,293.9,150,301,75,0,48150
NIFTY27FEB2012300PE.NFO,07/01/2020,09:19:50,291,294,150,301.2,75,0,48150
NIFTY27FEB2012300PE.NFO,07/01/2020,09:19:52,291,293.9,150,301.55,75,0,48150
NIFTY27FEB2012300PE.NFO,07/01/2020,09:19:53,291,293.95,150,301.55,75,0,48150
NIFTY27FEB2012300PE.NFO,07/01/2020,09:19:54,291,293.6,150,301.55,75,0,48150
NIFTY27FEB2012300PE.NFO,07/01/2020,09:19:55,291,294.1,150,301.4,75,0,48150
NIFTY27FEB2012300PE.NFO,07/01/2020,09:19:56,291,294.35,150,301.4,75,0,48150
NIFTY27FEB2012300PE.NFO,07/01/2020,09:19:57,291,293.8,150,301.4,75,0,48150
NIFTY27FEB2012300PE.NFO,07/01/2020,09:19:57,291,294.3,150,301.4,75,0,48150
NIFTY27FEB2012300PE.NFO,07/01/2020,09:19:59,291,294.05,150,301.3,150,0,48150
NIFTY27FEB2012300PE.NFO,07/01/2020,09:19:59,291,294.05,150,300.2,75,0,48150
NIFTY27FEB2012300PE.NFO,07/01/2020,09:20:01,291,293.45,150,300.2,75,0,48150
NIFTY27FEB2012300PE.NFO,07/01/2020,09:20:02,291,292.95,150,300.2,75,0,48150
NIFTY27FEB2012300PE.NFO,07/01/2020,09:20:03,291,292.25,150,300.1,150,0,48150
NIFTY27FEB2012300PE.NFO,07/01/2020,09:20:04,291,292.25,150,298.65,75,0,48150
NIFTY27FEB2012300PE.NFO,07/01/2020,09:20:06,291,291.55,150,298.65,75,0,48150
NIFTY27FEB2012300PE.NFO,07/01/2020,09:20:07,291,291.55,150,298.7,75,0,48150
NIFTY27FEB2012300PE.NFO,07/01/2020,09:20:11,291,291.8,150,298.8,75,0,48150
NIFTY27FEB2012300PE.NFO,07/01/2020,09:20:12,291,291.3,150,298.8,75,0,48150
NIFTY27FEB2012300PE.NFO,07/01/2020,09:20:13,291,292.15,150,298.8,75,0,48150
NIFTY27FEB2012300PE.NFO,07/01/2020,09:20:14,291,291.8,150,298.8,75,0,48150
NIFTY27FEB2012300PE.NFO,07/01/2020,09:20:14,291,291.5,150,298.8,75,0,48150
NIFTY27FEB2012300PE.NFO,07/01/2020,09:20:17,291,291.75,150,298.8,75,0,48150
NIFTY27FEB2012300PE.NFO,07/01/2020,09:20:20,291,291.7,150,298.8,75,0,48150
NIFTY27FEB2012300PE.NFO,07/01/2020,09:20:23,291,292.2,150,298.8,75,0,48150
NIFTY27FEB2012300PE.NFO,07/01/2020,09:20:24,291,292.2,150,298.85,75,0,48150
NIFTY27FEB2012300PE.NFO,07/01/2020,09:20:25,291,292.45,150,299.4,75,0,48150
NIFTY27FEB2012300PE.NFO,07/01/2020,09:20:26,291,292.15,150,299.4,75,0,48150
NIFTY27FEB2012300PE.NFO,07/01/2020,09:20:27,291,292.15,150,298.45,75,0,48150
NIFTY27FEB2012300PE.NFO,07/01/2020,09:20:30,291,291.8,150,298.45,75,0,48150
NIFTY27FEB2012300PE.NFO,07/01/2020,09:20:31,291,291.85,150,298.7,75,0,48150
NIFTY27FEB2012300PE.NFO,07/01/2020,09:20:32,291,291.45,150,298.7,75,0,48150
NIFTY27FEB2012300PE.NFO,07/01/2020,09:20:33,291,291.45,150,298.3,75,0,48150
NIFTY27FEB2012300PE.NFO,07/01/2020,09:20:34,291,291.15,150,296.55,75,0,48150
NIFTY27FEB2012300PE.NFO,07/01/2020,09:20:35,291,290.75,150,296.55,75,0,48150
NIFTY27FEB2012300PE.NFO,07/01/2020,09:20:36,291,291,150,296.55,75,0,48150
NIFTY27FEB2012300PE.NFO,07/01/2020,09:20:38,291,291.2,150,296.55,75,0,48150
NIFTY27FEB2012300PE.NFO,07/01/2020,09:20:39,291,290.95,150,296.55,75,0,48150
NIFTY27FEB2012300PE.NFO,07/01/2020,09:20:40,291,290.75,150,296.55,75,0,48150
NIFTY27FEB2012300PE.NFO,07/01/2020,09:20:42,291,291.5,150,296.55,75,0,48150
NIFTY27FEB2012300PE.NFO,07/01/2020,09:20:44,291,290.75,150,296.55,75,0,48150
NIFTY27FEB2012300PE.NFO,07/01/2020,09:20:45,291,290.65,150,296.55,75,0,48150
NIFTY27FEB2012300PE.NFO,07/01/2020,09:20:46,291,290.6,150,296.55,75,0,48150
NIFTY27FEB2012300PE.NFO,07/01/2020,09:20:50,291,289.9,150,296.55,75,0,48150
NIFTY27FEB2012300PE.NFO,07/01/2020,09:20:51,291,289.65,150,296.55,75,0,48150
NIFTY27FEB2012300PE.NFO,07/01/2020,09:20:52,291,289.35,150,295.85,75,0,48150
NIFTY27FEB2012300PE.NFO,07/01/2020,09:20:54,291,288.55,150,295.9,75,0,48150
NIFTY27FEB2012300PE.NFO,07/01/2020,09:20:55,291,288.25,150,295.8,150,0,48150
NIFTY27FEB2012300PE.NFO,07/01/2020,09:20:56,291,288.25,150,294.95,75,0,48150
NIFTY27FEB2012300PE.NFO,07/01/2020,09:20:57,291,288.5,150,294.95,75,0,48150
NIFTY27FEB2012300PE.NFO,07/01/2020,09:20:58,291,288.5,150,294.65,75,0,48150
NIFTY27FEB2012300PE.NFO,07/01/2020,09:20:59,291,288.6,150,295.15,75,0,48150
NIFTY27FEB2012300PE.NFO,07/01/2020,09:21:01,291,288.6,150,295.4,75,0,48150
NIFTY27FEB2012300PE.NFO,07/01/2020,09:21:02,291,289.6,150,296.5,75,0,48150
NIFTY27FEB2012300PE.NFO,07/01/2020,09:21:03,291,289.75,150,296.5,75,0,48150
NIFTY27FEB2012300PE.NFO,07/01/2020,09:21:04,291,290.25,150,296.6,75,0,48150
NIFTY27FEB2012300PE.NFO,07/01/2020,09:21:05,291,290.5,150,296.6,75,0,48150
NIFTY27FEB2012300PE.NFO,07/01/2020,09:21:06,291,290.75,150,296.95,75,0,48150
NIFTY27FEB2012300PE.NFO,07/01/2020,09:21:10,291,289.45,150,296.95,75,0,48150
NIFTY27FEB2012300PE.NFO,07/01/2020,09:21:11,291,288.85,150,296.75,75,0,48150
NIFTY27FEB2012300PE.NFO,07/01/2020,09:21:12,291,288.85,150,295.55,75,0,48150
NIFTY27FEB2012300PE.NFO,07/01/2020,09:21:14,291,288.25,150,295.45,150,0,48150
NIFTY27FEB2012300PE.NFO,07/01/2020,09:21:15,291,287.7,150,295.45,150,0,48150
NIFTY27FEB2012300PE.NFO,07/01/2020,09:21:16,291,288.2,150,295.65,75,0,48150
NIFTY27FEB2012300PE.NFO,07/01/2020,09:21:17,291,288.2,150,295.7,75,0,48150
NIFTY27FEB2012300PE.NFO,07/01/2020,09:21:18,291,287.6,150,295.7,75,0,48150
NIFTY27FEB2012300PE.NFO,07/01/2020,09:21:19,291,288.1,150,295.7,75,0,48150
NIFTY27FEB2012300PE.NFO,07/01/2020,09:21:22,291,288.6,150,295.9,75,0,48150
NIFTY27FEB2012300PE.NFO,07/01/2020,09:21:23,291,289.35,150,296.95,75,0,48150
NIFTY27FEB2012300PE.NFO,07/01/2020,09:21:24,291,289.6,150,297.25,75,0,48150
NIFTY27FEB2012300PE.NFO,07/01/2020,09:21:25,291,289.35,150,297.15,150,0,48150
NIFTY27FEB2012300PE.NFO,07/01/2020,09:21:26,291,289.45,150,296.95,150,0,48150
NIFTY27FEB2012300PE.NFO,07/01/2020,09:21:27,291,289.35,150,297.15,150,0,48150
NIFTY27FEB2012300PE.NFO,07/01/2020,09:21:29,291,288.85,150,296.6,75,0,48150
NIFTY27FEB2012300PE.NFO,07/01/2020,09:21:30,291,289.1,150,296.6,75,0,48150
NIFTY27FEB2012300PE.NFO,07/01/2020,09:21:31,291,289.6,150,297.05,150,0,48150
NIFTY27FEB2012300PE.NFO,07/01/2020,09:21:32,291,290.1,150,296.95,150,0,48150
NIFTY27FEB2012300PE.NFO,07/01/2020,09:21:33,291,290.6,150,298,75,0,48150
NIFTY27FEB2012300PE.NFO,07/01/2020,09:21:34,291,290.65,150,298,75,0,48150
NIFTY27FEB2012300PE.NFO,07/01/2020,09:21:36,291,290.2,150,297.9,150,0,48150
NIFTY27FEB2012300PE.NFO,07/01/2020,09:21:37,291,290.45,150,298,75,0,48150
NIFTY27FEB2012300PE.NFO,07/01/2020,09:21:38,291,290.4,150,298,75,0,48150
NIFTY27FEB2012300PE.NFO,07/01/2020,09:21:39,291,290.65,150,298,75,0,48150
NIFTY27FEB2012300PE.NFO,07/01/2020,09:21:40,291,290.8,150,298,75,0,48150
NIFTY27FEB2012300PE.NFO,07/01/2020,09:21:41,291,290.25,150,297.9,150,0,48150
NIFTY27FEB2012300PE.NFO,07/01/2020,09:21:42,291,289.55,150,296.5,75,0,48150
NIFTY27FEB2012300PE.NFO,07/01/2020,09:21:43,291,289.05,150,296.75,75,0,48150
NIFTY27FEB2012300PE.NFO,07/01/2020,09:21:45,291,289.25,150,296.35,75,0,48150
NIFTY27FEB2012300PE.NFO,07/01/2020,09:21:47,291,289.25,150,296.7,75,0,48150
NIFTY27FEB2012300PE.NFO,07/01/2020,09:21:50,291,289,150,296.7,75,0,48150
NIFTY27FEB2012300PE.NFO,07/01/2020,09:21:51,291,289,150,296.6,150,0,48150
NIFTY27FEB2012300PE.NFO,07/01/2020,09:21:52,291,289.25,150,297,150,0,48150
NIFTY27FEB2012300PE.NFO,07/01/2020,09:21:54,291,289.25,150,297.1,75,0,48150
NIFTY27FEB2012300PE.NFO,07/01/2020,09:21:55,291,289.7,150,297.1,75,0,48150
NIFTY27FEB2012300PE.NFO,07/01/2020,09:21:56,291,289.55,150,296.85,75,0,48150
NIFTY27FEB2012300PE.NFO,07/01/2020,09:21:58,291,289.25,150,296.8,150,0,48150
NIFTY27FEB2012300PE.NFO,07/01/2020,09:21:59,291,288.85,150,296.8,150,0,48150
NIFTY27FEB2012300PE.NFO,07/01/2020,09:22:01,291,289,150,295.95,75,0,48150
NIFTY27FEB2012300PE.NFO,07/01/2020,09:22:02,291,288.35,150,295.95,75,0,48150
NIFTY27FEB2012300PE.NFO,07/01/2020,09:22:04,291,287,150,294.45,75,0,48150
NIFTY27FEB2012300PE.NFO,07/01/2020,09:22:06,291,287,150,293.65,75,0,48150
NIFTY27FEB2012300PE.NFO,07/01/2020,09:22:08,291,287,150,294.2,75,0,48150
NIFTY27FEB2012300PE.NFO,07/01/2020,09:22:10,294.7,287.15,150,295.2,75,75,48525
NIFTY27FEB2012300PE.NFO,07/01/2020,09:22:11,294.7,287.15,150,294.6,75,0,48525
NIFTY27FEB2012300PE.NFO,07/01/2020,09:22:12,294.7,287.15,150,294.5,150,0,48525
NIFTY27FEB2012300PE.NFO,07/01/2020,09:22:13,294.7,287.4,150,295,75,0,48525
NIFTY27FEB2012300PE.NFO,07/01/2020,09:22:14,294.7,287.4,150,295.1,150,0,48525
NIFTY27FEB2012300PE.NFO,07/01/2020,09:22:15,294.7,287,150,294.2,75,0,48525
NIFTY27FEB2012300PE.NFO,07/01/2020,09:22:16,294.7,287,150,293.4,75,0,48525
NIFTY27FEB2012300PE.NFO,07/01/2020,09:22:18,294.7,287,150,293.2,300,0,48525
NIFTY27FEB2012300PE.NFO,07/01/2020,09:22:19,294.7,287,150,292.8,75,0,48525
NIFTY27FEB2012300PE.NFO,07/01/2020,09:22:20,294.7,287,150,293,75,0,48525
NIFTY27FEB2012300PE.NFO,07/01/2020,09:22:22,294.7,287,150,293.35,150,0,48525
NIFTY27FEB2012300PE.NFO,07/01/2020,09:22:24,294.7,287,150,293.5,75,0,48525
NIFTY27FEB2012300PE.NFO,07/01/2020,09:22:25,294.7,287,150,292.8,75,0,48525
NIFTY27FEB2012300PE.NFO,07/01/2020,09:22:26,294.7,287,150,292.7,150,0,48525
NIFTY27FEB2012300PE.NFO,07/01/2020,09:22:27,294.7,287,150,292.8,150,0,48525
NIFTY27FEB2012300PE.NFO,07/01/2020,09:22:28,294.7,287,150,292.85,150,0,48525
NIFTY27FEB2012300PE.NFO,07/01/2020,09:22:29,294.7,287,150,294,75,0,48525
NIFTY27FEB2012300PE.NFO,07/01/2020,09:22:30,294.7,287,150,293.9,150,0,48525
NIFTY27FEB2012300PE.NFO,07/01/2020,09:22:32,294.7,287,150,293.8,150,0,48525
NIFTY27FEB2012300PE.NFO,07/01/2020,09:22:33,294.7,287,150,294,75,0,48525
NIFTY27FEB2012300PE.NFO,07/01/2020,09:22:34,294.7,287,150,294.5,300,0,48525
NIFTY27FEB2012300PE.NFO,07/01/2020,09:22:35,294.7,287,150,294.2,150,0,48525
NIFTY27FEB2012300PE.NFO,07/01/2020,09:22:36,294.7,287,150,294.35,150,0,48525
NIFTY27FEB2012300PE.NFO,07/01/2020,09:22:37,294.7,287,150,293.6,75,0,48525
NIFTY27FEB2012300PE.NFO,07/01/2020,09:22:38,294.7,287,150,294.15,150,0,48525
NIFTY27FEB2012300PE.NFO,07/01/2020,09:22:42,294.7,287,150,293.95,150,0,48525
NIFTY27FEB2012300PE.NFO,07/01/2020,09:22:43,294.7,287,150,294.55,150,0,48525
NIFTY27FEB2012300PE.NFO,07/01/2020,09:22:44,294.7,287,150,294.6,150,0,48525
NIFTY27FEB2012300PE.NFO,07/01/2020,09:22:45,294.7,287,150,294,150,0,48525
NIFTY27FEB2012300PE.NFO,07/01/2020,09:22:46,294.7,287,150,295.2,150,0,48525
NIFTY27FEB2012300PE.NFO,07/01/2020,09:22:48,294.7,287,150,295.4,150,0,48525
NIFTY27FEB2012300PE.NFO,07/01/2020,09:22:49,294.7,287,150,294.85,150,0,48525
NIFTY27FEB2012300PE.NFO,07/01/2020,09:22:50,294.7,287,150,294.75,150,0,48525
NIFTY27FEB2012300PE.NFO,07/01/2020,09:22:51,294.7,287,150,293.9,150,0,48525
NIFTY27FEB2012300PE.NFO,07/01/2020,09:22:53,294.7,287,150,293.7,300,0,48525
NIFTY27FEB2012300PE.NFO,07/01/2020,09:22:54,294.7,287,150,293.35,300,0,48525
NIFTY27FEB2012300PE.NFO,07/01/2020,09:22:56,294.7,287,150,293.25,150,0,48525
NIFTY27FEB2012300PE.NFO,07/01/2020,09:22:57,294.7,287,150,293.45,150,0,48525
NIFTY27FEB2012300PE.NFO,07/01/2020,09:22:58,294.7,287,150,293.5,150,0,48525
NIFTY27FEB2012300PE.NFO,07/01/2020,09:22:59,294.7,287,150,293.65,150,0,48525
NIFTY27FEB2012300PE.NFO,07/01/2020,09:23:00,294.7,287,150,293.5,150,0,48525
NIFTY27FEB2012300PE.NFO,07/01/2020,09:23:01,294.7,287,150,293.85,150,0,48525
NIFTY27FEB2012300PE.NFO,07/01/2020,09:23:04,294.7,287,150,293.65,150,0,48525
NIFTY27FEB2012300PE.NFO,07/01/2020,09:23:05,294.7,287,150,294.05,150,0,48525
NIFTY27FEB2012300PE.NFO,07/01/2020,09:23:06,294.7,287,150,294.75,300,0,48525
NIFTY27FEB2012300PE.NFO,07/01/2020,09:23:07,294.7,287,150,294.95,300,0,48525
NIFTY27FEB2012300PE.NFO,07/01/2020,09:23:08,294.7,287,150,294.85,150,0,48525
NIFTY27FEB2012300PE.NFO,07/01/2020,09:23:11,294.7,287,150,294.75,150,0,48525
NIFTY27FEB2012300PE.NFO,07/01/2020,09:23:12,294.7,287,150,294.9,150,0,48525
NIFTY27FEB2012300PE.NFO,07/01/2020,09:23:13,294.7,287,150,295.25,150,0,48525
NIFTY27FEB2012300PE.NFO,07/01/2020,09:23:14,294.7,287,150,294.35,75,0,48525
NIFTY27FEB2012300PE.NFO,07/01/2020,09:23:17,294.7,287.85,75,295.4,75,0,48525
NIFTY27FEB2012300PE.NFO,07/01/2020,09:23:18,294.7,287.55,150,295.1,150,0,48525
NIFTY27FEB2012300PE.NFO,07/01/2020,09:23:19,294.7,287.25,150,294.25,75,0,48525
NIFTY27FEB2012300PE.NFO,07/01/2020,09:23:20,294.7,287,300,294,75,0,48525
NIFTY27FEB2012300PE.NFO,07/01/2020,09:23:22,294.7,287,150,294.2,75,0,48525
NIFTY27FEB2012300PE.NFO,07/01/2020,09:23:23,294.7,287,225,294.2,75,0,48525
NIFTY27FEB2012300PE.NFO,07/01/2020,09:23:24,294.7,287,150,293.75,75,0,48525
NIFTY27FEB2012300PE.NFO,07/01/2020,09:23:25,294.7,287,150,294.15,75,0,48525
NIFTY27FEB2012300PE.NFO,07/01/2020,09:23:27,294.7,287.1,150,294.35,75,0,48525
NIFTY27FEB2012300PE.NFO,07/01/2020,09:23:28,294.7,287,150,294.65,150,0,48525
NIFTY27FEB2012300PE.NFO,07/01/2020,09:23:30,294.7,287,300,294.45,75,0,48525
NIFTY27FEB2012300PE.NFO,07/01/2020,09:23:31,294.7,287,300,294.5,75,0,48525
NIFTY27FEB2012300PE.NFO,07/01/2020,09:23:32,294.7,287.25,150,294.5,75,0,48525
NIFTY27FEB2012300PE.NFO,07/01/2020,09:23:34,294.7,287.25,150,294.6,150,0,48525
NIFTY27FEB2012300PE.NFO,07/01/2020,09:23:37,294.7,287.25,150,294.5,150,0,48525
NIFTY27FEB2012300PE.NFO,07/01/2020,09:23:38,294.7,287.25,150,294.6,150,0,48525
NIFTY27FEB2012300PE.NFO,07/01/2020,09:23:39,294.7,287.25,150,294.7,75,0,48525
NIFTY27FEB2012300PE.NFO,07/01/2020,09:23:41,294.7,287.5,150,294.7,75,0,48525
NIFTY27FEB2012300PE.NFO,07/01/2020,09:23:42,294.7,287.75,150,294.9,75,0,48525
NIFTY27FEB2012300PE.NFO,07/01/2020,09:23:44,294.7,287.75,150,295.1,75,0,48525
NIFTY27FEB2012300PE.NFO,07/01/2020,09:23:45,294.7,287.7,150,294.9,75,0,48525
NIFTY27FEB2012300PE.NFO,07/01/2020,09:23:46,294.7,287.4,150,294.9,75,0,48525
NIFTY27FEB2012300PE.NFO,07/01/2020,09:23:47,294.7,287.65,150,294.9,75,0,48525
NIFTY27FEB2012300PE.NFO,07/01/2020,09:23:48,294.7,287.35,150,294.35,75,0,48525
NIFTY27FEB2012300PE.NFO,07/01/2020,09:23:50,294.7,287.4,150,294.55,75,0,48525
NIFTY27FEB2012300PE.NFO,07/01/2020,09:23:53,294.7,287.4,150,294.25,75,0,48525
NIFTY27FEB2012300PE.NFO,07/01/2020,09:23:54,294.7,287.4,150,293.75,75,0,48525
NIFTY27FEB2012300PE.NFO,07/01/2020,09:23:55,294.7,287.4,150,294.25,75,0,48525
NIFTY27FEB2012300PE.NFO,07/01/2020,09:23:58,294.7,287,150,293.3,75,0,48525
NIFTY27FEB2012300PE.NFO,07/01/2020,09:23:59,294.7,287,150,293.8,75,0,48525
NIFTY27FEB2012300PE.NFO,07/01/2020,09:24:02,294.7,287,150,294,75,0,48525
NIFTY27FEB2012300PE.NFO,07/01/2020,09:24:03,294.7,287,150,293.05,75,0,48525
NIFTY27FEB2012300PE.NFO,07/01/2020,09:24:05,294.7,287.3,150,294.4,75,0,48525
NIFTY27FEB2012300PE.NFO,07/01/2020,09:24:06,294.7,287.05,150,293.85,75,0,48525
NIFTY27FEB2012300PE.NFO,07/01/2020,09:24:07,294.7,287,150,293.65,75,0,48525
NIFTY27FEB2012300PE.NFO,07/01/2020,09:24:08,294.7,287,150,293.85,75,0,48525
NIFTY27FEB2012300PE.NFO,07/01/2020,09:24:09,294.7,287,150,294.4,150,0,48525
NIFTY27FEB2012300PE.NFO,07/01/2020,09:24:10,294.7,287.05,150,294.6,150,0,48525
NIFTY27FEB2012300PE.NFO,07/01/2020,09:24:11,294.7,287,300,294.8,150,0,48525
NIFTY27FEB2012300PE.NFO,07/01/2020,09:24:14,294.7,287.15,150,295,150,0,48525
NIFTY27FEB2012300PE.NFO,07/01/2020,09:24:15,294.7,287.4,150,295,150,0,48525
NIFTY27FEB2012300PE.NFO,07/01/2020,09:24:17,294.7,287.15,150,295,150,0,48525
NIFTY27FEB2012300PE.NFO,07/01/2020,09:24:18,294.7,287.4,150,295,150,0,48525
NIFTY27FEB2012300PE.NFO,07/01/2020,09:24:19,294.7,287.7,150,295,150,0,48525
NIFTY27FEB2012300PE.NFO,07/01/2020,09:24:21,294.7,287.4,150,294.75,150,0,48525
NIFTY27FEB2012300PE.NFO,07/01/2020,09:24:22,294.7,287.4,150,294.95,150,0,48525
NIFTY27FEB2012300PE.NFO,07/01/2020,09:24:23,294.7,287.4,150,295.15,150,0,48525
NIFTY27FEB2012300PE.NFO,07/01/2020,09:24:24,294.7,287.65,150,295.35,150,0,48525
NIFTY27FEB2012300PE.NFO,07/01/2020,09:24:26,294.7,287.65,150,295.2,150,0,48525
NIFTY27FEB2012300PE.NFO,07/01/2020,09:24:27,294.7,287.9,150,295.2,150,0,48525
NIFTY27FEB2012300PE.NFO,07/01/2020,09:24:29,294.7,287.9,150,295.3,75,0,48525
NIFTY27FEB2012300PE.NFO,07/01/2020,09:24:31,294.7,288.15,150,295.4,150,0,48525
NIFTY27FEB2012300PE.NFO,07/01/2020,09:24:32,294.7,287.9,150,295.4,150,0,48525
NIFTY27FEB2012300PE.NFO,07/01/2020,09:24:33,294.7,288.15,150,295.2,75,0,48525
NIFTY27FEB2012300PE.NFO,07/01/2020,09:24:34,294.7,288.7,150,295.4,75,0,48525
NIFTY27FEB2012300PE.NFO,07/01/2020,09:24:39,294.7,288.7,150,295.6,75,0,48525
NIFTY27FEB2012300PE.NFO,07/01/2020,09:24:40,294.7,288.95,150,295.6,75,0,48525
NIFTY27FEB2012300PE.NFO,07/01/2020,09:24:41,294.7,288.7,150,295.8,75,0,48525
NIFTY27FEB2012300PE.NFO,07/01/2020,09:24:43,294.7,288.95,150,295.8,75,0,48525
NIFTY27FEB2012300PE.NFO,07/01/2020,09:24:46,294.7,289.2,150,295.8,75,0,48525
NIFTY27FEB2012300PE.NFO,07/01/2020,09:24:52,294.7,289.2,150,296,75,0,48525
NIFTY27FEB2012300PE.NFO,07/01/2020,09:24:54,294.7,289.35,150,296.2,75,0,48525
NIFTY27FEB2012300PE.NFO,07/01/2020,09:24:55,294.7,289.15,150,296.2,75,0,48525
NIFTY27FEB2012300PE.NFO,07/01/2020,09:24:59,294.7,289.4,150,296.4,75,0,48525
NIFTY27FEB2012300PE.NFO,07/01/2020,09:25:01,294.7,289,150,295.8,75,0,48525
NIFTY27FEB2012300PE.NFO,07/01/2020,09:25:03,294.7,288.3,150,295.8,75,0,48525
NIFTY27FEB2012300PE.NFO,07/01/2020,09:25:04,294.7,288.55,150,295.8,75,0,48525
NIFTY27FEB2012300PE.NFO,07/01/2020,09:25:05,294.7,288.15,150,295.3,75,0,48525
NIFTY27FEB2012300PE.NFO,07/01/2020,09:25:06,294.7,288.15,150,295.5,75,0,48525
NIFTY27FEB2012300PE.NFO,07/01/2020,09:25:07,294.7,288.15,150,296,150,0,48525
NIFTY27FEB2012300PE.NFO,07/01/2020,09:25:09,294.7,288.4,150,295.55,150,0,48525
NIFTY27FEB2012300PE.NFO,07/01/2020,09:25:10,294.7,288.65,150,296.15,150,0,48525
NIFTY27FEB2012300PE.NFO,07/01/2020,09:25:11,294.7,288.4,150,295.7,75,0,48525
NIFTY27FEB2012300PE.NFO,07/01/2020,09:25:12,294.7,288.65,150,296.1,150,0,48525
NIFTY27FEB2012300PE.NFO,07/01/2020,09:25:13,294.7,289.1,150,296.1,150,0,48525
NIFTY27FEB2012300PE.NFO,07/01/2020,09:25:14,294.7,289.1,150,296.2,75,0,48525
NIFTY27FEB2012300PE.NFO,07/01/2020,09:25:15,294.7,289.1,150,296.4,75,0,48525
NIFTY27FEB2012300PE.NFO,07/01/2020,09:25:17,289.1,289.25,150,296.7,150,75,48225
NIFTY27FEB2012300PE.NFO,07/01/2020,09:25:17,289.1,289.25,150,296.7,150,0,48225
NIFTY27FEB2012300PE.NFO,07/01/2020,09:25:18,289.1,289.25,150,296.15,75,0,48225
NIFTY27FEB2012300PE.NFO,07/01/2020,09:25:21,289.1,288.85,150,296.15,75,0,48225
NIFTY27FEB2012300PE.NFO,07/01/2020,09:25:22,289.1,288.7,150,295.75,75,0,48225
NIFTY27FEB2012300PE.NFO,07/01/2020,09:25:24,289.1,288.65,150,295.25,75,0,48225
NIFTY27FEB2012300PE.NFO,07/01/2020,09:25:25,289.1,288.65,150,295.7,75,0,48225
NIFTY27FEB2012300PE.NFO,07/01/2020,09:25:26,289.1,288.65,150,296.1,75,0,48225
NIFTY27FEB2012300PE.NFO,07/01/2020,09:25:27,289.1,288.9,150,296.1,75,0,48225
NIFTY27FEB2012300PE.NFO,07/01/2020,09:25:30,289.1,288.95,150,296.3,75,0,48225
NIFTY27FEB2012300PE.NFO,07/01/2020,09:25:33,289.1,289.2,150,296.7,75,0,48225
NIFTY27FEB2012300PE.NFO,07/01/2020,09:25:37,289.1,289.15,150,296.6,150,0,48225
NIFTY27FEB2012300PE.NFO,07/01/2020,09:25:38,289.1,289.15,150,296.75,75,0,48225
NIFTY27FEB2012300PE.NFO,07/01/2020,09:25:39,289.1,289.55,150,296.9,75,0,48225
NIFTY27FEB2012300PE.NFO,07/01/2020,09:25:40,289.1,289.55,150,296.8,150,0,48225
NIFTY27FEB2012300PE.NFO,07/01/2020,09:25:41,289.1,289.2,150,296.45,75,0,48225
NIFTY27FEB2012300PE.NFO,07/01/2020,09:25:47,289.1,289.2,150,295.5,75,0,48225
NIFTY27FEB2012300PE.NFO,07/01/2020,09:25:49,289.1,288.35,150,295.5,75,0,48225
NIFTY27FEB2012300PE.NFO,07/01/2020,09:25:50,289.1,288.35,150,295.8,150,0,48225
NIFTY27FEB2012300PE.NFO,07/01/2020,09:25:51,289.1,288.35,150,296.15,150,0,48225
NIFTY27FEB2012300PE.NFO,07/01/2020,09:25:52,289.1,288.7,150,296.35,150,0,48225
NIFTY27FEB2012300PE.NFO,07/01/2020,09:25:53,289.1,288.35,150,296.1,150,0,48225
NIFTY27FEB2012300PE.NFO,07/01/2020,09:25:54,289.1,289.15,150,295.95,75,0,48225
NIFTY27FEB2012300PE.NFO,07/01/2020,09:25:55,289.1,288.65,150,295.95,75,0,48225
NIFTY27FEB2012300PE.NFO,07/01/2020,09:25:57,289.1,289.7,150,295.95,75,0,48225
NIFTY27FEB2012300PE.NFO,07/01/2020,09:25:59,289.1,289.7,150,296.65,75,0,48225
NIFTY27FEB2012300PE.NFO,07/01/2020,09:26:00,289.1,289.7,150,296.95,150,0,48225
NIFTY27FEB2012300PE.NFO,07/01/2020,09:26:01,289.1,289.95,150,297.4,150,0,48225
NIFTY27FEB2012300PE.NFO,07/01/2020,09:26:03,289.1,290.2,150,296.9,75,0,48225
NIFTY27FEB2012300PE.NFO,07/01/2020,09:26:04,289.1,290.2,150,297.7,75,0,48225
NIFTY27FEB2012300PE.NFO,07/01/2020,09:26:05,289.1,290.2,150,297.3,75,0,48225
NIFTY27FEB2012300PE.NFO,07/01/2020,09:26:08,289.1,290.45,150,297.3,75,0,48225
NIFTY27FEB2012300PE.NFO,07/01/2020,09:26:10,289.1,290.45,150,297.5,75,0,48225
NIFTY27FEB2012300PE.NFO,07/01/2020,09:26:11,289.1,290.7,150,297.7,75,0,48225
NIFTY27FEB2012300PE.NFO,07/01/2020,09:26:12,290.7,291.2,150,297.5,75,150,48225
NIFTY27FEB2012300PE.NFO,07/01/2020,09:26:13,290.7,291.2,150,298.2,75,0,48225
NIFTY27FEB2012300PE.NFO,07/01/2020,09:26:14,290.7,291.2,150,298.6,75,0,48225
NIFTY27FEB2012300PE.NFO,07/01/2020,09:26:15,290.7,291.45,150,298.6,150,0,48225
NIFTY27FEB2012300PE.NFO,07/01/2020,09:26:17,290.7,291.45,150,298.95,150,0,48225
NIFTY27FEB2012300PE.NFO,07/01/2020,09:26:18,290.7,291.7,150,299.25,150,0,48225
NIFTY27FEB2012300PE.NFO,07/01/2020,09:26:19,290.7,291.7,150,299.05,150,0,48225
NIFTY27FEB2012300PE.NFO,07/01/2020,09:26:20,290.7,291.95,150,299.35,150,0,48225
NIFTY27FEB2012300PE.NFO,07/01/2020,09:26:21,290.7,292.25,150,299.45,150,0,48225
NIFTY27FEB2012300PE.NFO,07/01/2020,09:26:23,290.7,292.35,150,299.65,150,0,48225
NIFTY27FEB2012300PE.NFO,07/01/2020,09:26:25,290.7,292.35,150,299.45,150,0,48225
NIFTY27FEB2012300PE.NFO,07/01/2020,09:26:26,290.7,291.85,150,299.1,75,0,48225
NIFTY27FEB2012300PE.NFO,07/01/2020,09:26:27,290.7,291.55,150,299,150,0,48225
NIFTY27FEB2012300PE.NFO,07/01/2020,09:26:28,290.7,291.55,150,298.9,150,0,48225
NIFTY27FEB2012300PE.NFO,07/01/2020,09:26:29,290.7,291.1,150,298.3,75,0,48225
NIFTY27FEB2012300PE.NFO,07/01/2020,09:26:31,290.7,291.05,150,298.3,75,0,48225
NIFTY27FEB2012300PE.NFO,07/01/2020,09:26:32,290.7,290.7,150,297.9,75,0,48225
NIFTY27FEB2012300PE.NFO,07/01/2020,09:26:33,290.7,291.2,150,298.1,75,0,48225
NIFTY27FEB2012300PE.NFO,07/01/2020,09:26:36,290.7,291.45,150,298.75,75,0,48225
NIFTY27FEB2012300PE.NFO,07/01/2020,09:26:37,290.7,291.95,150,299.25,150,0,48225
NIFTY27FEB2012300PE.NFO,07/01/2020,09:26:39,290.7,292.2,150,299.5,75,0,48225
NIFTY27FEB2012300PE.NFO,07/01/2020,09:26:40,290.7,292.7,150,299.8,150,0,48225
NIFTY27FEB2012300PE.NFO,07/01/2020,09:26:41,292.7,292.8,150,300,150,150,48225
NIFTY27FEB2012300PE.NFO,07/01/2020,09:26:42,292.7,292.8,150,300,150,0,48225
NIFTY27FEB2012300PE.NFO,07/01/2020,09:26:44,292.7,292.8,150,299.7,75,0,48225
NIFTY27FEB2012300PE.NFO,07/01/2020,09:26:46,292.7,292.35,150,299.45,75,0,48225
NIFTY27FEB2012300PE.NFO,07/01/2020,09:26:47,292.7,292.35,150,299.25,75,0,48225
NIFTY27FEB2012300PE.NFO,07/01/2020,09:26:50,292.7,292.35,150,299.6,750,0,48225
NIFTY27FEB2012300PE.NFO,07/01/2020,09:26:51,292.7,292.7,150,299.6,750,0,48225
NIFTY27FEB2012300PE.NFO,07/01/2020,09:26:53,292.7,292.95,150,299.6,750,0,48225
NIFTY27FEB2012300PE.NFO,07/01/2020,09:26:54,292.7,292.95,150,299.65,75,0,48225
NIFTY27FEB2012300PE.NFO,07/01/2020,09:26:55,292.7,292.7,150,299.65,750,0,48225
NIFTY27FEB2012300PE.NFO,07/01/2020,09:26:58,292.7,292.45,150,299.65,750,0,48225
NIFTY27FEB2012300PE.NFO,07/01/2020,09:26:59,292.7,292.7,150,299.65,750,0,48225
NIFTY27FEB2012300PE.NFO,07/01/2020,09:27:00,292.7,293.5,75,299.65,750,0,48225
NIFTY27FEB2012300PE.NFO,07/01/2020,09:27:01,292.7,293.55,75,299.9,75,0,48225
NIFTY27FEB2012300PE.NFO,07/01/2020,09:27:02,292.7,293.1,75,299.25,75,0,48225
NIFTY27FEB2012300PE.NFO,07/01/2020,09:27:03,292.7,292.7,225,299.4,750,0,48225
NIFTY27FEB2012300PE.NFO,07/01/2020,09:27:04,292.7,293.1,75,299.65,75,0,48225
NIFTY27FEB2012300PE.NFO,07/01/2020,09:27:05,292.7,293.1,75,299.6,750,0,48225
NIFTY27FEB2012300PE.NFO,07/01/2020,09:27:06,292.7,292.75,150,299.6,750,0,48225
NIFTY27FEB2012300PE.NFO,07/01/2020,09:27:07,292.7,292.75,150,300,750,0,48225
NIFTY27FEB2012300PE.NFO,07/01/2020,09:27:08,292.7,292.75,150,299.75,300,0,48225
NIFTY27FEB2012300PE.NFO,07/01/2020,09:27:09,292.7,292.75,150,299.65,75,0,48225
NIFTY27FEB2012300PE.NFO,07/01/2020,09:27:12,292.7,292.9,75,299.55,300,0,48225
NIFTY27FEB2012300PE.NFO,07/01/2020,09:27:13,292.7,292.75,150,299.55,300,0,48225
NIFTY27FEB2012300PE.NFO,07/01/2020,09:27:14,292.75,292.8,75,299.9,225,225,48225
NIFTY27FEB2012300PE.NFO,07/01/2020,09:27:15,292.75,292.7,75,299.7,300,0,48225
NIFTY27FEB2012300PE.NFO,07/01/2020,09:27:16,292.75,292.7,75,299.8,300,0,48225
NIFTY27FEB2012300PE.NFO,07/01/2020,09:27:20,292.75,292.7,75,300,300,0,48225
NIFTY27FEB2012300PE.NFO,07/01/2020,09:27:21,292.75,292.7,75,299.9,150,0,48225
NIFTY27FEB2012300PE.NFO,07/01/2020,09:27:22,292.75,292.7,75,299.7,300,0,48225
NIFTY27FEB2012300PE.NFO,07/01/2020,09:27:23,292.75,292.2,75,299.7,300,0,48225
NIFTY27FEB2012300PE.NFO,07/01/2020,09:27:24,292.75,291.85,75,298.7,300,0,48225
NIFTY27FEB2012300PE.NFO,07/01/2020,09:27:25,292.75,292.7,75,299.7,300,0,48225
NIFTY27FEB2012300PE.NFO,07/01/2020,09:27:26,292.75,292.45,75,299.25,300,0,48225
NIFTY27FEB2012300PE.NFO,07/01/2020,09:27:27,292.75,292.45,150,299.65,300,0,48225
NIFTY27FEB2012300PE.NFO,07/01/2020,09:27:29,292.75,293.05,75,299.85,300,0,48225
NIFTY27FEB2012300PE.NFO,07/01/2020,09:27:30,292.75,293.05,75,300.25,300,0,48225
NIFTY27FEB2012300PE.NFO,07/01/2020,09:27:33,292.75,293.65,75,300.25,300,0,48225
NIFTY27FEB2012300PE.NFO,07/01/2020,09:27:34,292.75,293.85,75,300.6,75,0,48225
NIFTY27FEB2012300PE.NFO,07/01/2020,09:27:35,292.75,293.85,75,300.55,300,0,48225
NIFTY27FEB2012300PE.NFO,07/01/2020,09:27:37,292.75,293.65,75,299.9,300,0,48225
NIFTY27FEB2012300PE.NFO,07/01/2020,09:27:38,292.75,293.45,75,299.9,300,0,48225
NIFTY27FEB2012300PE.NFO,07/01/2020,09:27:42,292.75,293.45,75,300.3,300,0,48225
NIFTY27FEB2012300PE.NFO,07/01/2020,09:27:44,292.75,293.45,75,300.25,300,0,48225
NIFTY27FEB2012300PE.NFO,07/01/2020,09:27:45,292.75,293.95,75,300.25,75,0,48225
NIFTY27FEB2012300PE.NFO,07/01/2020,09:27:50,292.75,293.35,150,300.25,75,0,48225
NIFTY27FEB2012300PE.NFO,07/01/2020,09:27:51,292.75,293.55,75,300.05,300,0,48225
NIFTY27FEB2012300PE.NFO,07/01/2020,09:27:52,292.75,293.35,150,300.25,300,0,48225
NIFTY27FEB2012300PE.NFO,07/01/2020,09:27:53,292.75,293.35,150,300.2,825,0,48225
NIFTY27FEB2012300PE.NFO,07/01/2020,09:27:54,292.75,293.35,150,300.45,375,0,48225
NIFTY27FEB2012300PE.NFO,07/01/2020,09:27:55,292.75,293.15,75,299.95,75,0,48225
NIFTY27FEB2012300PE.NFO,07/01/2020,09:27:56,292.75,293.75,75,300.4,300,0,48225
NIFTY27FEB2012300PE.NFO,07/01/2020,09:27:58,292.75,293.55,75,300.4,300,0,48225
NIFTY27FEB2012300PE.NFO,07/01/2020,09:27:59,292.75,294.2,75,300.7,150,0,48225
NIFTY27FEB2012300PE.NFO,07/01/2020,09:28:00,292.75,294.7,75,301,75,0,48225
NIFTY27FEB2012300PE.NFO,07/01/2020,09:28:01,292.75,294.2,75,301.25,300,0,48225
NIFTY27FEB2012300PE.NFO,07/01/2020,09:28:02,292.75,293.6,75,299.45,75,0,48225
NIFTY27FEB2012300PE.NFO,07/01/2020,09:28:06,292.75,293.6,75,299.85,75,0,48225
NIFTY27FEB2012300PE.NFO,07/01/2020,09:28:07,292.75,294.2,75,300.85,75,0,48225
NIFTY27FEB2012300PE.NFO,07/01/2020,09:28:08,292.75,293.75,75,300.35,75,0,48225
NIFTY27FEB2012300PE.NFO,07/01/2020,09:28:10,292.75,294.55,75,300.55,75,0,48225
NIFTY27FEB2012300PE.NFO,07/01/2020,09:28:11,292.75,295.1,75,300.95,75,0,48225
NIFTY27FEB2012300PE.NFO,07/01/2020,09:28:12,292.75,294.9,75,300.95,75,0,48225
NIFTY27FEB2012300PE.NFO,07/01/2020,09:28:13,292.75,294.7,75,300.95,75,0,48225
NIFTY27FEB2012300PE.NFO,07/01/2020,09:28:14,292.75,294.65,75,300.95,75,0,48225
NIFTY27FEB2012300PE.NFO,07/01/2020,09:28:15,292.75,295.45,75,301.05,150,0,48225
NIFTY27FEB2012300PE.NFO,07/01/2020,09:28:17,292.75,295.25,75,301.35,75,0,48225
NIFTY27FEB2012300PE.NFO,07/01/2020,09:28:19,292.75,295.05,75,302.5,150,0,48225
NIFTY27FEB2012300PE.NFO,07/01/2020,09:28:20,292.75,295.05,75,302.4,75,0,48225
NIFTY27FEB2012300PE.NFO,07/01/2020,09:28:21,292.75,295.05,75,302.3,150,0,48225
NIFTY27FEB2012300PE.NFO,07/01/2020,09:28:22,294.45,294.45,750,301.4,75,150,48225
NIFTY27FEB2012300PE.NFO,07/01/2020,09:28:24,294.45,294.45,750,301.7,75,0,48225
NIFTY27FEB2012300PE.NFO,07/01/2020,09:28:25,294.45,294.45,750,302.05,150,0,48225
NIFTY27FEB2012300PE.NFO,07/01/2020,09:28:26,294.45,295.25,750,302.45,150,0,48225
NIFTY27FEB2012300PE.NFO,07/01/2020,09:28:27,294.45,295.25,750,302.65,150,0,48225
NIFTY27FEB2012300PE.NFO,07/01/2020,09:28:29,294.45,295.25,750,302.95,150,0,48225
NIFTY27FEB2012300PE.NFO,07/01/2020,09:28:30,294.45,295.9,75,303.15,150,0,48225
NIFTY27FEB2012300PE.NFO,07/01/2020,09:28:31,294.45,295.95,750,303.1,150,0,48225
NIFTY27FEB2012300PE.NFO,07/01/2020,09:28:32,294.45,295.95,750,302.9,150,0,48225
NIFTY27FEB2012300PE.NFO,07/01/2020,09:28:33,294.45,295.5,75,302.75,150,0,48225
NIFTY27FEB2012300PE.NFO,07/01/2020,09:28:35,294.45,295.55,750,302.95,150,0,48225
NIFTY27FEB2012300PE.NFO,07/01/2020,09:28:36,294.45,294.95,750,302.6,150,0,48225
NIFTY27FEB2012300PE.NFO,07/01/2020,09:28:37,294.45,295.2,750,302.45,150,0,48225
NIFTY27FEB2012300PE.NFO,07/01/2020,09:28:38,294.45,295.2,750,302.35,150,0,48225
NIFTY27FEB2012300PE.NFO,07/01/2020,09:28:39,294.45,295.2,750,302.2,150,0,48225
NIFTY27FEB2012300PE.NFO,07/01/2020,09:28:40,294.45,294.8,75,301.6,75,0,48225
NIFTY27FEB2012300PE.NFO,07/01/2020,09:28:41,294.45,294.75,750,301.6,75,0,48225
NIFTY27FEB2012300PE.NFO,07/01/2020,09:28:43,294.45,294.75,750,301.8,75,0,48225
NIFTY27FEB2012300PE.NFO,07/01/2020,09:28:44,294.45,294.75,750,300,150,0,48225
NIFTY27FEB2012300PE.NFO,07/01/2020,09:28:50,294.45,294.5,750,299.75,150,0,48225
NIFTY27FEB2012300PE.NFO,07/01/2020,09:28:51,294.45,294.5,750,299.25,150,0,48225
NIFTY27FEB2012300PE.NFO,07/01/2020,09:28:53,294.45,294.45,75,299.25,150,0,48225
NIFTY27FEB2012300PE.NFO,07/01/2020,09:28:57,294.45,294.5,825,299.5,150,0,48225
NIFTY27FEB2012300PE.NFO,07/01/2020,09:28:58,294.45,294.5,750,299.5,150,0,48225
NIFTY27FEB2012300PE.NFO,07/01/2020,09:28:59,294.45,294.55,75,299.5,150,0,48225
NIFTY27FEB2012300PE.NFO,07/01/2020,09:29:00,294.45,294.5,750,299.5,150,0,48225
NIFTY27FEB2012300PE.NFO,07/01/2020,09:29:01,294.45,294.5,750,298.8,150,0,48225
NIFTY27FEB2012300PE.NFO,07/01/2020,09:29:02,294.45,294.5,750,299.2,150,0,48225
NIFTY27FEB2012300PE.NFO,07/01/2020,09:29:03,294.45,294.45,75,298.5,150,0,48225
NIFTY27FEB2012300PE.NFO,07/01/2020,09:29:04,294.45,294.45,75,297.75,150,0,48225
NIFTY27FEB2012300PE.NFO,07/01/2020,09:29:06,294.45,294.45,75,298.3,150,0,48225
NIFTY27FEB2012300PE.NFO,07/01/2020,09:29:07,294.45,295,75,298.65,150,0,48225
NIFTY27FEB2012300PE.NFO,07/01/2020,09:29:12,294.45,295,75,298.4,150,0,48225
NIFTY27FEB2012300PE.NFO,07/01/2020,09:29:16,294.45,295,75,298.15,150,0,48225
NIFTY27FEB2012300PE.NFO,07/01/2020,09:29:17,294.45,295,75,297.9,150,0,48225
NIFTY27FEB2012300PE.NFO,07/01/2020,09:29:19,294.45,295,75,298.15,150,0,48225
NIFTY27FEB2012300PE.NFO,07/01/2020,09:29:21,294.45,295,75,298.4,150,0,48225
NIFTY27FEB2012300PE.NFO,07/01/2020,09:29:29,294.45,295,75,299.05,150,0,48225
NIFTY27FEB2012300PE.NFO,07/01/2020,09:29:30,294.45,295,75,298.55,150,0,48225
NIFTY27FEB2012300PE.NFO,07/01/2020,09:29:31,294.45,295,75,298.8,150,0,48225
NIFTY27FEB2012300PE.NFO,07/01/2020,09:29:33,294.45,295,75,298.9,150,0,48225
NIFTY27FEB2012300PE.NFO,07/01/2020,09:29:35,294.45,295,75,298.65,150,0,48225
NIFTY27FEB2012300PE.NFO,07/01/2020,09:29:36,294.45,295,75,298.4,150,0,48225
NIFTY27FEB2012300PE.NFO,07/01/2020,09:29:41,294.45,295,75,298.65,150,0,48225
NIFTY27FEB2012300PE.NFO,07/01/2020,09:29:48,294.45,295,75,298.4,150,0,48225
NIFTY27FEB2012300PE.NFO,07/01/2020,09:29:50,294.45,295,75,298.7,150,0,48225
NIFTY27FEB2012300PE.NFO,07/01/2020,09:29:53,294.45,295,75,299.05,150,0,48225
NIFTY27FEB2012300PE.NFO,07/01/2020,09:29:56,294.45,295,75,298.8,150,0,48225
NIFTY27FEB2012300PE.NFO,07/01/2020,09:29:59,295,294.45,75,298.9,150,75,48225
NIFTY27FEB2012300PE.NFO,07/01/2020,09:30:00,295,294.45,75,298.25,150,0,48225
NIFTY27FEB2012300PE.NFO,07/01/2020,09:30:03,295,294.45,75,297.75,150,0,48225
NIFTY27FEB2012300PE.NFO,07/01/2020,09:30:04,295,294.45,75,298.4,150,0,48225
NIFTY27FEB2012300PE.NFO,07/01/2020,09:30:05,295,294.45,75,297.65,150,0,48225
NIFTY27FEB2012300PE.NFO,07/01/2020,09:30:06,295,294.45,75,298.15,150,0,48225
NIFTY27FEB2012300PE.NFO,07/01/2020,09:30:08,295,294.45,75,298.5,150,0,48225
NIFTY27FEB2012300PE.NFO,07/01/2020,09:30:09,295,294.45,75,298.55,150,0,48225
NIFTY27FEB2012300PE.NFO,07/01/2020,09:30:10,295,294.45,75,298.05,150,0,48225
NIFTY27FEB2012300PE.NFO,07/01/2020,09:30:11,295,294.45,75,298.3,150,0,48225
NIFTY27FEB2012300PE.NFO,07/01/2020,09:30:13,295,294.45,75,298.55,150,0,48225
NIFTY27FEB2012300PE.NFO,07/01/2020,09:30:14,295,294.45,75,298.3,150,0,48225
NIFTY27FEB2012300PE.NFO,07/01/2020,09:30:15,295,294.45,75,298.65,150,0,48225
NIFTY27FEB2012300PE.NFO,07/01/2020,09:30:16,295,294.45,75,298.5,150,0,48225
NIFTY27FEB2012300PE.NFO,07/01/2020,09:30:17,295,294.45,75,298.25,150,0,48225
NIFTY27FEB2012300PE.NFO,07/01/2020,09:30:19,295,294.45,75,298.65,150,0,48225
NIFTY27FEB2012300PE.NFO,07/01/2020,09:30:23,295,294.45,75,298.4,150,0,48225
NIFTY27FEB2012300PE.NFO,07/01/2020,09:30:24,295,294.45,75,298.65,150,0,48225
NIFTY27FEB2012300PE.NFO,07/01/2020,09:30:27,295,294.45,75,298.4,150,0,48225
NIFTY27FEB2012300PE.NFO,07/01/2020,09:30:33,295,294.45,75,298.45,150,0,48225
NIFTY27FEB2012300PE.NFO,07/01/2020,09:30:35,295,294.45,75,298.55,150,0,48225
NIFTY27FEB2012300PE.NFO,07/01/2020,09:30:36,295,294.45,75,298.8,150,0,48225
NIFTY27FEB2012300PE.NFO,07/01/2020,09:30:37,295,294.45,75,298.55,150,0,48225
NIFTY27FEB2012300PE.NFO,07/01/2020,09:30:42,295,294.45,75,298.8,150,0,48225
NIFTY27FEB2012300PE.NFO,07/01/2020,09:30:44,295,294.45,75,298.05,150,0,48225
NIFTY27FEB2012300PE.NFO,07/01/2020,09:30:48,295,294.45,75,298.55,150,0,48225
NIFTY27FEB2012300PE.NFO,07/01/2020,09:30:49,295,294.45,75,298.3,150,0,48225
NIFTY27FEB2012300PE.NFO,07/01/2020,09:30:50,295,294.45,75,298.05,150,0,48225
NIFTY27FEB2012300PE.NFO,07/01/2020,09:30:52,295,294.45,75,298.35,150,0,48225
NIFTY27FEB2012300PE.NFO,07/01/2020,09:30:56,295,294.45,75,298.6,150,0,48225
NIFTY27FEB2012300PE.NFO,07/01/2020,09:31:00,295,294.45,75,298.1,150,0,48225
NIFTY27FEB2012300PE.NFO,07/01/2020,09:31:01,295,294.45,75,297.85,150,0,48225
NIFTY27FEB2012300PE.NFO,07/01/2020,09:31:02,295,294.45,75,297.65,150,0,48225
NIFTY27FEB2012300PE.NFO,07/01/2020,09:31:03,295,294.45,75,297.4,150,0,48225
NIFTY27FEB2012300PE.NFO,07/01/2020,09:31:06,295,294.45,75,297.65,150,0,48225
NIFTY27FEB2012300PE.NFO,07/01/2020,09:31:08,295,294.45,75,297.05,150,0,48225
NIFTY27FEB2012300PE.NFO,07/01/2020,09:31:09,295,294.45,75,297.3,150,0,48225
NIFTY27FEB2012300PE.NFO,07/01/2020,09:31:12,295,294.45,75,297.05,150,0,48225
NIFTY27FEB2012300PE.NFO,07/01/2020,09:31:15,295,294.45,75,296.8,150,0,48225
NIFTY27FEB2012300PE.NFO,07/01/2020,09:31:18,294.45,291.5,750,296.55,150,75,48225
NIFTY27FEB2012300PE.NFO,07/01/2020,09:31:19,294.45,291.5,750,296.3,150,0,48225
NIFTY27FEB2012300PE.NFO,07/01/2020,09:31:20,294.45,291.1,750,296.15,150,0,48225
NIFTY27FEB2012300PE.NFO,07/01/2020,09:31:21,294.45,291.05,75,296.15,150,0,48225
NIFTY27FEB2012300PE.NFO,07/01/2020,09:31:22,294.45,290.9,75,296.15,150,0,48225
NIFTY27FEB2012300PE.NFO,07/01/2020,09:31:32,294.45,290.95,75,296.15,150,0,48225
NIFTY27FEB2012300PE.NFO,07/01/2020,09:31:34,294.45,290.9,75,296.15,150,0,48225
NIFTY27FEB2012300PE.NFO,07/01/2020,09:31:36,294.45,290.9,75,295.9,150,0,48225
NIFTY27FEB2012300PE.NFO,07/01/2020,09:31:37,294.45,290.8,750,295.65,150,0,48225
NIFTY27FEB2012300PE.NFO,07/01/2020,09:31:39,294.45,290.8,825,295.9,150,0,48225
NIFTY27FEB2012300PE.NFO,07/01/2020,09:31:40,294.45,290.8,825,295.65,150,0,48225
NIFTY27FEB2012300PE.NFO,07/01/2020,09:31:45,294.45,290.85,75,295.4,150,0,48225
NIFTY27FEB2012300PE.NFO,07/01/2020,09:31:46,294.45,290.8,750,295.4,150,0,48225
NIFTY27FEB2012300PE.NFO,07/01/2020,09:31:49,294.45,290.65,75,295.4,150,0,48225
NIFTY27FEB2012300PE.NFO,07/01/2020,09:31:50,294.45,290.25,750,295.15,150,0,48225
NIFTY27FEB2012300PE.NFO,07/01/2020,09:31:52,294.45,290.2,75,294.9,150,0,48225
NIFTY27FEB2012300PE.NFO,07/01/2020,09:31:56,294.45,290,75,294.9,150,0,48225
NIFTY27FEB2012300PE.NFO,07/01/2020,09:31:57,294.45,290,150,294.9,150,0,48225
NIFTY27FEB2012300PE.NFO,07/01/2020,09:31:58,294.45,290.05,750,294.9,150,0,48225
NIFTY27FEB2012300PE.NFO,07/01/2020,09:32:02,294.45,290,75,294.6,150,0,48225
NIFTY27FEB2012300PE.NFO,07/01/2020,09:32:03,294.45,290,75,294.3,150,0,48225
NIFTY27FEB2012300PE.NFO,07/01/2020,09:32:04,294.45,290,75,294.05,150,0,48225
NIFTY27FEB2012300PE.NFO,07/01/2020,09:32:07,294.45,290,75,294.55,150,0,48225
NIFTY27FEB2012300PE.NFO,07/01/2020,09:32:08,294.45,290,75,294,150,0,48225
NIFTY27FEB2012300PE.NFO,07/01/2020,09:32:11,294.45,290,75,293.75,150,0,48225
NIFTY27FEB2012300PE.NFO,07/01/2020,09:32:13,294.45,290,75,293.75,225,0,48225
NIFTY27FEB2012300PE.NFO,07/01/2020,09:32:14,294.45,290,75,293.25,150,0,48225
NIFTY27FEB2012300PE.NFO,07/01/2020,09:32:16,294.45,290,75,292.8,150,0,48225
NIFTY27FEB2012300PE.NFO,07/01/2020,09:32:19,294.45,290,75,292.55,225,0,48225
NIFTY27FEB2012300PE.NFO,07/01/2020,09:32:20,290,287,150,291.75,150,75,48225
NIFTY27FEB2012300PE.NFO,07/01/2020,09:32:21,290,287,150,291.3,150,0,48225
NIFTY27FEB2012300PE.NFO,07/01/2020,09:32:23,290,287,150,291.1,150,0,48225
NIFTY27FEB2012300PE.NFO,07/01/2020,09:32:25,290,287,150,290.85,150,0,48225
NIFTY27FEB2012300PE.NFO,07/01/2020,09:32:26,290,287,150,291.05,150,0,48225
NIFTY27FEB2012300PE.NFO,07/01/2020,09:32:33,290,287,150,290.8,150,0,48225
NIFTY27FEB2012300PE.NFO,07/01/2020,09:32:39,290,287,150,289.8,150,0,48225
NIFTY27FEB2012300PE.NFO,07/01/2020,09:32:40,290,287,150,289.55,150,0,48225
NIFTY27FEB2012300PE.NFO,07/01/2020,09:32:41,290,287,150,289.35,150,0,48225
NIFTY27FEB2012300PE.NFO,07/01/2020,09:32:43,290,287,150,289.55,150,0,48225
NIFTY27FEB2012300PE.NFO,07/01/2020,09:32:44,290,287,150,290.15,150,0,48225
NIFTY27FEB2012300PE.NFO,07/01/2020,09:32:45,290,287,150,290.05,150,0,48225
NIFTY27FEB2012300PE.NFO,07/01/2020,09:32:48,290,287,150,290.4,150,0,48225
NIFTY27FEB2012300PE.NFO,07/01/2020,09:32:49,290,287,150,290.7,150,0,48225
NIFTY27FEB2012300PE.NFO,07/01/2020,09:32:50,290,287,150,290.5,150,0,48225
NIFTY27FEB2012300PE.NFO,07/01/2020,09:32:53,290,287,150,290.6,150,0,48225
NIFTY27FEB2012300PE.NFO,07/01/2020,09:32:54,290,287,150,290.35,150,0,48225
NIFTY27FEB2012300PE.NFO,07/01/2020,09:32:58,290,287,150,289.85,150,0,48225
NIFTY27FEB2012300PE.NFO,07/01/2020,09:33:03,290,287,150,289.8,75,0,48225
NIFTY27FEB2012300PE.NFO,07/01/2020,09:33:04,290,287,150,289.75,150,0,48225
NIFTY27FEB2012300PE.NFO,07/01/2020,09:33:05,290,287,150,290,150,0,48225
NIFTY27FEB2012300PE.NFO,07/01/2020,09:33:08,290,287,150,289.95,75,0,48225
NIFTY27FEB2012300PE.NFO,07/01/2020,09:33:09,290,287,150,290,150,0,48225
NIFTY27FEB2012300PE.NFO,07/01/2020,09:33:10,290,287,150,289.55,150,0,48225
NIFTY27FEB2012300PE.NFO,07/01/2020,09:33:11,290,287,150,289.3,150,0,48225
NIFTY27FEB2012300PE.NFO,07/01/2020,09:33:13,290,287,150,288.8,150,0,48225
NIFTY27FEB2012300PE.NFO,07/01/2020,09:33:14,290,287,150,289,150,0,48225
NIFTY27FEB2012300PE.NFO,07/01/2020,09:33:17,290,287,150,289.25,150,0,48225
NIFTY27FEB2012300PE.NFO,07/01/2020,09:33:19,290,287,150,289.3,150,0,48225
NIFTY27FEB2012300PE.NFO,07/01/2020,09:33:20,290,287,150,289.45,150,0,48225
NIFTY27FEB2012300PE.NFO,07/01/2020,09:33:22,290,287,150,289.8,150,0,48225
NIFTY27FEB2012300PE.NFO,07/01/2020,09:33:23,290,287,150,289.55,150,0,48225
NIFTY27FEB2012300PE.NFO,07/01/2020,09:33:27,290,287,150,289.3,150,0,48225
NIFTY27FEB2012300PE.NFO,07/01/2020,09:33:37,290,287,150,289.5,150,0,48225
NIFTY27FEB2012300PE.NFO,07/01/2020,09:33:38,290,287,150,289.2,150,0,48225
NIFTY27FEB2012300PE.NFO,07/01/2020,09:33:40,290,287,150,289.15,150,0,48225
NIFTY27FEB2012300PE.NFO,07/01/2020,09:33:44,287,284.2,75,289.15,150,150,48225
NIFTY27FEB2012300PE.NFO,07/01/2020,09:33:44,287,284.2,75,289.15,150,0,48225
NIFTY27FEB2012300PE.NFO,07/01/2020,09:33:46,287,284.15,75,289.15,150,0,48225
NIFTY27FEB2012300PE.NFO,07/01/2020,09:33:47,287,284.15,75,289.45,150,0,48225
NIFTY27FEB2012300PE.NFO,07/01/2020,09:33:48,287,284.15,75,289.2,150,0,48225
NIFTY27FEB2012300PE.NFO,07/01/2020,09:33:51,287,284.15,75,289.15,75,0,48225
NIFTY27FEB2012300PE.NFO,07/01/2020,09:33:55,287,284.15,75,289.1,150,0,48225
NIFTY27FEB2012300PE.NFO,07/01/2020,09:33:55,287,284.15,75,288.85,150,0,48225
NIFTY27FEB2012300PE.NFO,07/01/2020,09:33:56,287,283.55,75,288.75,75,0,48225
NIFTY27FEB2012300PE.NFO,07/01/2020,09:33:58,287,283.55,75,288.85,150,0,48225
NIFTY27FEB2012300PE.NFO,07/01/2020,09:34:00,287,283.55,75,288.35,150,0,48225
NIFTY27FEB2012300PE.NFO,07/01/2020,09:34:01,287,282.8,75,288.05,150,0,48225
NIFTY27FEB2012300PE.NFO,07/01/2020,09:34:02,287,282.5,75,287.8,150,0,48225
NIFTY27FEB2012300PE.NFO,07/01/2020,09:34:04,287,283.25,75,288.2,150,0,48225
NIFTY27FEB2012300PE.NFO,07/01/2020,09:34:05,287,283.25,75,288.25,150,0,48225
NIFTY27FEB2012300PE.NFO,07/01/2020,09:34:06,287,283.75,75,288.7,150,0,48225
NIFTY27FEB2012300PE.NFO,07/01/2020,09:34:07,287,284,75,288.95,150,0,48225
NIFTY27FEB2012300PE.NFO,07/01/2020,09:34:08,287,284,75,289.35,150,0,48225
NIFTY27FEB2012300PE.NFO,07/01/2020,09:34:09,287,283.5,75,288.6,75,0,48225
NIFTY27FEB2012300PE.NFO,07/01/2020,09:34:11,287,283.5,75,288.85,150,0,48225
NIFTY27FEB2012300PE.NFO,07/01/2020,09:34:12,287,283.75,75,288.9,150,0,48225
NIFTY27FEB2012300PE.NFO,07/01/2020,09:34:13,287,283.75,75,289.2,150,0,48225
NIFTY27FEB2012300PE.NFO,07/01/2020,09:34:14,287,283.25,75,288.7,150,0,48225
NIFTY27FEB2012300PE.NFO,07/01/2020,09:34:15,287,283.5,75,288.7,150,0,48225
NIFTY27FEB2012300PE.NFO,07/01/2020,09:34:16,287,283.75,75,288.75,75,0,48225
NIFTY27FEB2012300PE.NFO,07/01/2020,09:34:17,287,283.5,75,288.95,225,0,48225
NIFTY27FEB2012300PE.NFO,07/01/2020,09:34:19,287,283.75,75,288.95,150,0,48225
NIFTY27FEB2012300PE.NFO,07/01/2020,09:34:20,287,284.25,75,289.55,150,0,48225
NIFTY27FEB2012300PE.NFO,07/01/2020,09:34:21,287,283.9,75,289.3,150,0,48225
NIFTY27FEB2012300PE.NFO,07/01/2020,09:34:22,287,284.15,75,289.3,150,0,48225
NIFTY27FEB2012300PE.NFO,07/01/2020,09:34:23,287,283.9,75,287,75,0,48225
NIFTY27FEB2012300PE.NFO,07/01/2020,09:34:25,287,283.65,75,287,75,0,48225
NIFTY27FEB2012300PE.NFO,07/01/2020,09:34:26,287,284.45,75,287,75,0,48225
NIFTY27FEB2012300PE.NFO,07/01/2020,09:34:27,287,284.95,75,287,75,0,48225
NIFTY27FEB2012300PE.NFO,07/01/2020,09:34:28,287,284.9,75,287,75,0,48225
NIFTY27FEB2012300PE.NFO,07/01/2020,09:34:30,287,285.65,75,290.8,75,75,48225
NIFTY27FEB2012300PE.NFO,07/01/2020,09:34:31,287,285.5,75,290.6,150,0,48225
NIFTY27FEB2012300PE.NFO,07/01/2020,09:34:32,287,285.5,75,290.85,150,0,48225
NIFTY27FEB2012300PE.NFO,07/01/2020,09:34:33,287,286.2,75,291.1,150,0,48225
NIFTY27FEB2012300PE.NFO,07/01/2020,09:34:34,287,286.2,75,291.5,150,0,48225
NIFTY27FEB2012300PE.NFO,07/01/2020,09:34:35,287,286.2,75,290.95,150,0,48225
NIFTY27FEB2012300PE.NFO,07/01/2020,09:34:37,287,286.2,75,291.1,150,0,48225
NIFTY27FEB2012300PE.NFO,07/01/2020,09:34:38,287,285.8,75,290.85,150,0,48225
NIFTY27FEB2012300PE.NFO,07/01/2020,09:34:39,287,286,150,291.3,150,0,48225
NIFTY27FEB2012300PE.NFO,07/01/2020,09:34:40,287,286.25,75,291.3,150,0,48225
NIFTY27FEB2012300PE.NFO,07/01/2020,09:34:41,287,286.7,75,291.3,150,0,48225
NIFTY27FEB2012300PE.NFO,07/01/2020,09:34:42,287,286.7,75,291.55,150,0,48225
NIFTY27FEB2012300PE.NFO,07/01/2020,09:34:44,287,286.95,75,292.05,150,0,48225
NIFTY27FEB2012300PE.NFO,07/01/2020,09:34:47,287,287.15,75,292.05,150,0,48225
NIFTY27FEB2012300PE.NFO,07/01/2020,09:34:48,287,287.05,75,292.05,150,0,48225
NIFTY27FEB2012300PE.NFO,07/01/2020,09:34:49,287,287.05,75,291.8,150,0,48225
NIFTY27FEB2012300PE.NFO,07/01/2020,09:34:53,287,286.95,75,292.2,75,0,48225
NIFTY27FEB2012300PE.NFO,07/01/2020,09:34:54,287,287.35,75,292.6,225,0,48225
NIFTY27FEB2012300PE.NFO,07/01/2020,09:34:56,287,287.45,75,292.55,75,0,48225
NIFTY27FEB2012300PE.NFO,07/01/2020,09:34:57,287,287.35,75,292.4,150,0,48225
NIFTY27FEB2012300PE.NFO,07/01/2020,09:34:58,287,287.35,75,292.15,150,0,48225
NIFTY27FEB2012300PE.NFO,07/01/2020,09:34:59,287,287.05,75,291.65,150,0,48225
NIFTY27FEB2012300PE.NFO,07/01/2020,09:35:00,287,286.9,75,291.95,150,0,48225
NIFTY27FEB2012300PE.NFO,07/01/2020,09:35:02,287,286.9,75,291.75,150,0,48225
NIFTY27FEB2012300PE.NFO,07/01/2020,09:35:03,287,286.8,75,291.75,150,0,48225
NIFTY27FEB2012300PE.NFO,07/01/2020,09:35:04,287,287.2,75,291.95,150,0,48225
NIFTY27FEB2012300PE.NFO,07/01/2020,09:35:08,287,287.45,75,292.55,150,0,48225
NIFTY27FEB2012300PE.NFO,07/01/2020,09:35:09,287,287.65,75,292.55,150,0,48225
NIFTY27FEB2012300PE.NFO,07/01/2020,09:35:13,287,287.65,75,292.8,150,0,48225
NIFTY27FEB2012300PE.NFO,07/01/2020,09:35:14,287,287.65,75,292.55,150,0,48225
NIFTY27FEB2012300PE.NFO,07/01/2020,09:35:15,287,287.65,75,292.5,75,0,48225
NIFTY27FEB2012300PE.NFO,07/01/2020,09:35:16,287,287.65,75,292.55,150,0,48225
NIFTY27FEB2012300PE.NFO,07/01/2020,09:35:18,287,287.65,75,292.65,150,0,48225
NIFTY27FEB2012300PE.NFO,07/01/2020,09:35:20,287,287.65,75,292.3,150,0,48225
NIFTY27FEB2012300PE.NFO,07/01/2020,09:35:21,287,287.75,75,292.8,225,0,48225
NIFTY27FEB2012300PE.NFO,07/01/2020,09:35:23,287,287.6,150,292.8,150,0,48225
NIFTY27FEB2012300PE.NFO,07/01/2020,09:35:26,287,287.85,75,293,150,0,48225
NIFTY27FEB2012300PE.NFO,07/01/2020,09:35:27,287,288.2,75,293.25,150,0,48225
NIFTY27FEB2012300PE.NFO,07/01/2020,09:35:28,293.25,288.2,75,293.25,150,75,48225
NIFTY27FEB2012300PE.NFO,07/01/2020,09:35:29,293.25,288.2,75,293.25,150,0,48225
NIFTY27FEB2012300PE.NFO,07/01/2020,09:35:30,293.25,288.2,75,293.5,150,0,48225
NIFTY27FEB2012300PE.NFO,07/01/2020,09:35:31,293.25,288.2,75,293.4,75,0,48225
NIFTY27FEB2012300PE.NFO,07/01/2020,09:35:32,293.25,288.2,75,293.5,150,0,48225
NIFTY27FEB2012300PE.NFO,07/01/2020,09:35:33,293.25,288.2,75,293.25,150,0,48225
NIFTY27FEB2012300PE.NFO,07/01/2020,09:35:36,293.25,288.2,150,293.25,150,0,48225
NIFTY27FEB2012300PE.NFO,07/01/2020,09:35:38,293.25,288.4,75,293.9,150,0,48225
NIFTY27FEB2012300PE.NFO,07/01/2020,09:35:39,293.25,288.5,75,293.9,150,0,48225
NIFTY27FEB2012300PE.NFO,07/01/2020,09:35:40,293.25,288.65,75,293.9,150,0,48225
NIFTY27FEB2012300PE.NFO,07/01/2020,09:35:41,293.25,289.05,75,293.9,150,0,48225
NIFTY27FEB2012300PE.NFO,07/01/2020,09:35:42,293.25,289.2,75,294.4,150,0,48225
NIFTY27FEB2012300PE.NFO,07/01/2020,09:35:44,293.25,289.5,75,294.4,150,0,48225
NIFTY27FEB2012300PE.NFO,07/01/2020,09:35:45,293.25,289.5,75,294.65,150,0,48225
NIFTY27FEB2012300PE.NFO,07/01/2020,09:35:46,293.25,288.9,75,294.65,150,0,48225
NIFTY27FEB2012300PE.NFO,07/01/2020,09:35:48,293.25,288.9,75,294.4,150,0,48225
NIFTY27FEB2012300PE.NFO,07/01/2020,09:35:50,293.25,288.9,75,293.65,150,0,48225
NIFTY27FEB2012300PE.NFO,07/01/2020,09:35:52,293.25,288.65,75,293.4,150,0,48225
NIFTY27FEB2012300PE.NFO,07/01/2020,09:35:53,293.25,288.5,75,293.4,150,0,48225
NIFTY27FEB2012300PE.NFO,07/01/2020,09:35:54,293.25,288.5,75,293.65,150,0,48225
NIFTY27FEB2012300PE.NFO,07/01/2020,09:35:55,293.25,288.5,75,293.4,150,0,48225
NIFTY27FEB2012300PE.NFO,07/01/2020,09:35:57,293.25,288.45,75,293.4,150,0,48225
NIFTY27FEB2012300PE.NFO,07/01/2020,09:36:00,293.25,288.25,75,293.4,150,0,48225
NIFTY27FEB2012300PE.NFO,07/01/2020,09:36:06,292,288.25,75,293.4,150,75,48225
NIFTY27FEB2012300PE.NFO,07/01/2020,09:36:07,292,288.25,75,293.4,150,0,48225
NIFTY27FEB2012300PE.NFO,07/01/2020,09:36:10,292,288.15,75,292.5,150,0,48225
NIFTY27FEB2012300PE.NFO,07/01/2020,09:36:13,292,288.15,75,292.25,150,0,48225
NIFTY27FEB2012300PE.NFO,07/01/2020,09:36:14,292,288.15,75,292.1,150,0,48225
NIFTY27FEB2012300PE.NFO,07/01/2020,09:36:16,292,288.15,75,292.4,150,0,48225
NIFTY27FEB2012300PE.NFO,07/01/2020,09:36:18,292,287.9,75,292.4,150,0,48225
NIFTY27FEB2012300PE.NFO,07/01/2020,09:36:21,292,287.9,75,292.7,150,0,48225
NIFTY27FEB2012300PE.NFO,07/01/2020,09:36:22,292,287.9,75,293.1,150,0,48225
NIFTY27FEB2012300PE.NFO,07/01/2020,09:36:25,292,287.9,75,292.85,150,0,48225
NIFTY27FEB2012300PE.NFO,07/01/2020,09:36:26,292,287.9,75,292.6,150,0,48225
NIFTY27FEB2012300PE.NFO,07/01/2020,09:36:33,292,287.9,75,292.35,150,0,48225
NIFTY27FEB2012300PE.NFO,07/01/2020,09:36:42,292,287.9,75,292.45,150,0,48225
NIFTY27FEB2012300PE.NFO,07/01/2020,09:36:46,292,287.9,75,292.3,150,0,48225
NIFTY27FEB2012300PE.NFO,07/01/2020,09:36:49,292,287.9,75,292.05,150,0,48225
NIFTY27FEB2012300PE.NFO,07/01/2020,09:36:50,292,287.9,75,291.8,150,0,48225
NIFTY27FEB2012300PE.NFO,07/01/2020,09:36:53,292,286.35,75,291.8,150,0,48225
NIFTY27FEB2012300PE.NFO,07/01/2020,09:36:54,292,286.35,75,291.55,150,0,48225
NIFTY27FEB2012300PE.NFO,07/01/2020,09:36:58,292,286.35,75,291.8,150,0,48225
NIFTY27FEB2012300PE.NFO,07/01/2020,09:36:59,292,286.35,75,292.1,150,0,48225
NIFTY27FEB2012300PE.NFO,07/01/2020,09:37:08,292,286.15,75,292.1,150,0,48225
NIFTY27FEB2012300PE.NFO,07/01/2020,09:37:09,292,286.15,150,292.1,150,0,48225
NIFTY27FEB2012300PE.NFO,07/01/2020,09:37:10,292,286.2,750,292.1,150,0,48225
NIFTY27FEB2012300PE.NFO,07/01/2020,09:37:11,292,286.45,750,292.1,150,0,48225
NIFTY27FEB2012300PE.NFO,07/01/2020,09:37:12,292,286.7,75,292.15,150,0,48225
NIFTY27FEB2012300PE.NFO,07/01/2020,09:37:13,292,286.55,75,292.15,150,0,48225
NIFTY27FEB2012300PE.NFO,07/01/2020,09:37:15,292,286.55,75,291.8,150,0,48225
NIFTY27FEB2012300PE.NFO,07/01/2020,09:37:16,292,286.55,75,292.15,150,0,48225
NIFTY27FEB2012300PE.NFO,07/01/2020,09:37:19,292,286.55,75,291.7,150,0,48225
NIFTY27FEB2012300PE.NFO,07/01/2020,09:37:20,292,286.55,75,292.05,150,0,48225
NIFTY27FEB2012300PE.NFO,07/01/2020,09:37:25,292,286.55,75,291.8,150,0,48225
NIFTY27FEB2012300PE.NFO,07/01/2020,09:37:26,292,286.55,75,292.15,150,0,48225
NIFTY27FEB2012300PE.NFO,07/01/2020,09:37:28,292,286.6,825,292.15,150,0,48225
NIFTY27FEB2012300PE.NFO,07/01/2020,09:37:30,292,286.8,75,292.15,150,0,48225
NIFTY27FEB2012300PE.NFO,07/01/2020,09:37:31,292,287,75,292.15,150,0,48225
NIFTY27FEB2012300PE.NFO,07/01/2020,09:37:32,292,286.85,75,292.15,150,0,48225
NIFTY27FEB2012300PE.NFO,07/01/2020,09:37:36,292,286.85,75,292.5,150,0,48225
NIFTY27FEB2012300PE.NFO,07/01/2020,09:37:39,292,286.65,75,292.5,150,0,48225
NIFTY27FEB2012300PE.NFO,07/01/2020,09:37:44,292,286.65,75,292.25,150,0,48225
NIFTY27FEB2012300PE.NFO,07/01/2020,09:37:45,292,286.55,75,292.25,150,0,48225
NIFTY27FEB2012300PE.NFO,07/01/2020,09:37:49,292,286.55,75,292.5,150,0,48225
NIFTY27FEB2012300PE.NFO,07/01/2020,09:37:51,292,286.55,75,292.25,150,0,48225
NIFTY27FEB2012300PE.NFO,07/01/2020,09:37:53,292,286.55,75,292.2,150,0,48225
NIFTY27FEB2012300PE.NFO,07/01/2020,09:37:55,292,286.6,750,292,75,0,48225
NIFTY27FEB2012300PE.NFO,07/01/2020,09:37:57,292,286.55,75,292,75,0,48225
NIFTY27FEB2012300PE.NFO,07/01/2020,09:38:00,292,286.5,75,292,75,0,48225
NIFTY27FEB2012300PE.NFO,07/01/2020,09:38:18,292,286.35,750,292,75,0,48225
NIFTY27FEB2012300PE.NFO,07/01/2020,09:38:19,292,286.65,75,292,75,0,48225
NIFTY27FEB2012300PE.NFO,07/01/2020,09:38:23,292,286.7,750,292,75,0,48225
NIFTY27FEB2012300PE.NFO,07/01/2020,09:38:24,292,286.75,750,292,75,0,48225
NIFTY27FEB2012300PE.NFO,07/01/2020,09:38:25,292,287.1,75,292,75,0,48225
NIFTY27FEB2012300PE.NFO,07/01/2020,09:38:26,292,286.8,75,292,75,0,48225
NIFTY27FEB2012300PE.NFO,07/01/2020,09:38:30,292,286.85,750,292,75,0,48225
NIFTY27FEB2012300PE.NFO,07/01/2020,09:38:31,292,287.85,75,292,75,0,48225
NIFTY27FEB2012300PE.NFO,07/01/2020,09:38:34,292,287.4,75,292,75,0,48225
NIFTY27FEB2012300PE.NFO,07/01/2020,09:38:46,292,287.45,750,292,75,0,48225
NIFTY27FEB2012300PE.NFO,07/01/2020,09:38:47,292,288.9,75,292,75,0,48225
NIFTY27FEB2012300PE.NFO,07/01/2020,09:38:51,292,288.1,75,292,75,0,48225
NIFTY27FEB2012300PE.NFO,07/01/2020,09:39:16,292,286.85,75,292,75,0,48225
NIFTY27FEB2012300PE.NFO,07/01/2020,09:39:20,292,286.85,75,292,150,0,48225
NIFTY27FEB2012300PE.NFO,07/01/2020,09:39:21,292,286.85,75,291.8,225,0,48225
NIFTY27FEB2012300PE.NFO,07/01/2020,09:39:24,292,286.85,75,291.25,75,0,48225
NIFTY27FEB2012300PE.NFO,07/01/2020,09:39:25,292,285.7,75,291.25,75,0,48225
NIFTY27FEB2012300PE.NFO,07/01/2020,09:39:27,292,285.4,75,291.05,75,0,48225
NIFTY27FEB2012300PE.NFO,07/01/2020,09:39:32,292,285.4,75,291.25,75,0,48225
NIFTY27FEB2012300PE.NFO,07/01/2020,09:39:33,292,285.4,75,291.45,75,0,48225
NIFTY27FEB2012300PE.NFO,07/01/2020,09:39:33,292,285.4,75,291.15,75,0,48225
NIFTY27FEB2012300PE.NFO,07/01/2020,09:39:37,292,285.4,75,290.8,75,0,48225
NIFTY27FEB2012300PE.NFO,07/01/2020,09:39:37,292,285.4,75,291,75,0,48225
NIFTY27FEB2012300PE.NFO,07/01/2020,09:39:38,292,285.4,75,291.15,75,0,48225
NIFTY27FEB2012300PE.NFO,07/01/2020,09:39:39,292,285.4,75,291.35,75,0,48225
NIFTY27FEB2012300PE.NFO,07/01/2020,09:39:40,292,285.8,75,291.9,150,0,48225
NIFTY27FEB2012300PE.NFO,07/01/2020,09:39:41,292,285.8,75,292,150,0,48225
NIFTY27FEB2012300PE.NFO,07/01/2020,09:39:42,292,285.55,75,291.8,75,0,48225
NIFTY27FEB2012300PE.NFO,07/01/2020,09:39:43,292,285.55,75,291.65,75,0,48225
NIFTY27FEB2012300PE.NFO,07/01/2020,09:39:44,292,285.55,75,291.85,75,0,48225
NIFTY27FEB2012300PE.NFO,07/01/2020,09:39:46,292,285.55,75,291.3,75,0,48225
NIFTY27FEB2012300PE.NFO,07/01/2020,09:39:48,292,285.55,75,291.05,75,0,48225
NIFTY27FEB2012300PE.NFO,07/01/2020,09:39:51,292,285.55,75,291.25,75,0,48225
NIFTY27FEB2012300PE.NFO,07/01/2020,09:39:55,292,285.55,75,290.65,75,0,48225
NIFTY27FEB2012300PE.NFO,07/01/2020,09:39:56,292,285.55,75,290.85,75,0,48225
NIFTY27FEB2012300PE.NFO,07/01/2020,09:39:57,292,285.55,75,291.05,75,0,48225
NIFTY27FEB2012300PE.NFO,07/01/2020,09:40:00,292,284.3,75,290.4,75,0,48225
NIFTY27FEB2012300PE.NFO,07/01/2020,09:40:02,292,284.25,750,289.9,75,0,48225
NIFTY27FEB2012300PE.NFO,07/01/2020,09:40:03,292,284,750,289.05,75,0,48225
NIFTY27FEB2012300PE.NFO,07/01/2020,09:40:04,292,283.95,750,289.05,75,0,48225
NIFTY27FEB2012300PE.NFO,07/01/2020,09:40:06,292,283.4,75,288.95,75,0,48225
NIFTY27FEB2012300PE.NFO,07/01/2020,09:40:07,292,283.4,75,288.7,75,0,48225
NIFTY27FEB2012300PE.NFO,07/01/2020,09:40:08,292,283.35,75,288.7,75,0,48225
NIFTY27FEB2012300PE.NFO,07/01/2020,09:40:14,292,283.35,75,288.9,75,0,48225
NIFTY27FEB2012300PE.NFO,07/01/2020,09:40:15,292,283.35,75,289.1,75,0,48225
NIFTY27FEB2012300PE.NFO,07/01/2020,09:40:16,292,283.95,750,290.35,150,0,48225
NIFTY27FEB2012300PE.NFO,07/01/2020,09:40:17,292,283.95,75,290.1,75,0,48225
NIFTY27FEB2012300PE.NFO,07/01/2020,09:40:19,292,283.95,75,290.35,150,0,48225
NIFTY27FEB2012300PE.NFO,07/01/2020,09:40:20,292,284,825,290.8,150,0,48225
NIFTY27FEB2012300PE.NFO,07/01/2020,09:40:21,292,284.7,75,291.3,150,0,48225
NIFTY27FEB2012300PE.NFO,07/01/2020,09:40:22,292,284.75,750,291.05,150,0,48225
NIFTY27FEB2012300PE.NFO,07/01/2020,09:40:23,292,284.7,75,291.05,150,0,48225
NIFTY27FEB2012300PE.NFO,07/01/2020,09:40:24,292,284.2,75,290.55,150,0,48225
NIFTY27FEB2012300PE.NFO,07/01/2020,09:40:27,292,284.05,75,290.3,150,0,48225
NIFTY27FEB2012300PE.NFO,07/01/2020,09:40:32,292,284.1,750,290.95,150,0,48225
NIFTY27FEB2012300PE.NFO,07/01/2020,09:40:33,292,284.8,75,291,150,0,48225
NIFTY27FEB2012300PE.NFO,07/01/2020,09:40:35,292,284.8,75,290.95,150,0,48225
NIFTY27FEB2012300PE.NFO,07/01/2020,09:40:36,292,284.75,75,290.85,150,0,48225
NIFTY27FEB2012300PE.NFO,07/01/2020,09:40:39,292,284.45,75,290.85,150,0,48225
NIFTY27FEB2012300PE.NFO,07/01/2020,09:40:40,292,284.45,75,290.8,150,0,48225
NIFTY27FEB2012300PE.NFO,07/01/2020,09:40:41,292,284.45,75,291.05,150,0,48225
NIFTY27FEB2012300PE.NFO,07/01/2020,09:40:42,292,284.45,75,289.75,75,0,48225
NIFTY27FEB2012300PE.NFO,07/01/2020,09:40:43,292,284.45,75,290.15,225,0,48225
NIFTY27FEB2012300PE.NFO,07/01/2020,09:40:44,292,284.45,75,289.75,75,0,48225
NIFTY27FEB2012300PE.NFO,07/01/2020,09:40:48,292,284.45,75,290.15,225,0,48225
NIFTY27FEB2012300PE.NFO,07/01/2020,09:40:52,292,284.45,75,290.15,150,0,48225
NIFTY27FEB2012300PE.NFO,07/01/2020,09:40:54,292,284.5,750,290.5,150,0,48225
NIFTY27FEB2012300PE.NFO,07/01/2020,09:40:55,292,285,75,290.5,150,0,48225
NIFTY27FEB2012300PE.NFO,07/01/2020,09:40:57,292,285,75,290.75,150,0,48225
NIFTY27FEB2012300PE.NFO,07/01/2020,09:40:58,292,285,75,290.55,75,0,48225
NIFTY27FEB2012300PE.NFO,07/01/2020,09:40:59,292,284.8,150,291.05,150,0,48225
NIFTY27FEB2012300PE.NFO,07/01/2020,09:41:00,292,284.85,75,291.05,150,0,48225
NIFTY27FEB2012300PE.NFO,07/01/2020,09:41:02,292,284.75,75,290.85,150,0,48225
NIFTY27FEB2012300PE.NFO,07/01/2020,09:41:03,292,284.65,75,290.75,150,0,48225
NIFTY27FEB2012300PE.NFO,07/01/2020,09:41:05,292,284.65,825,290.9,150,0,48225
NIFTY27FEB2012300PE.NFO,07/01/2020,09:41:06,292,285,75,290.9,150,0,48225
NIFTY27FEB2012300PE.NFO,07/01/2020,09:41:11,292,285,75,291.35,75,0,48225
NIFTY27FEB2012300PE.NFO,07/01/2020,09:41:12,292,284.65,750,291,225,0,48225
NIFTY27FEB2012300PE.NFO,07/01/2020,09:41:13,292,284.65,750,290.85,225,0,48225
NIFTY27FEB2012300PE.NFO,07/01/2020,09:41:14,292,284.9,75,290.85,225,0,48225
NIFTY27FEB2012300PE.NFO,07/01/2020,09:41:15,292,284.85,75,290.9,150,0,48225
NIFTY27FEB2012300PE.NFO,07/01/2020,09:41:16,292,284.8,75,291.35,150,0,48225
NIFTY27FEB2012300PE.NFO,07/01/2020,09:41:18,292,284.8,75,290.85,150,0,48225
NIFTY27FEB2012300PE.NFO,07/01/2020,09:41:21,292,284.8,75,290.35,75,0,48225
NIFTY27FEB2012300PE.NFO,07/01/2020,09:41:24,292,284.85,750,291.05,150,0,48225
NIFTY27FEB2012300PE.NFO,07/01/2020,09:41:26,292,284.9,75,290.8,150,0,48225
NIFTY27FEB2012300PE.NFO,07/01/2020,09:41:27,292,284.95,750,291.1,150,0,48225
NIFTY27FEB2012300PE.NFO,07/01/2020,09:41:28,292,285.15,75,291.35,150,0,48225
NIFTY27FEB2012300PE.NFO,07/01/2020,09:41:30,292,285,75,290.85,150,0,48225
NIFTY27FEB2012300PE.NFO,07/01/2020,09:41:33,292,284.8,75,290.65,75,0,48225
NIFTY27FEB2012300PE.NFO,07/01/2020,09:41:34,292,284.8,75,290.2,150,0,48225
NIFTY27FEB2012300PE.NFO,07/01/2020,09:41:36,292,284.8,75,290.05,75,0,48225
NIFTY27FEB2012300PE.NFO,07/01/2020,09:41:40,292,284.8,75,290.25,75,0,48225
NIFTY27FEB2012300PE.NFO,07/01/2020,09:41:41,292,284.8,75,290.25,225,0,48225
NIFTY27FEB2012300PE.NFO,07/01/2020,09:41:42,292,284.8,75,290.25,150,0,48225
NIFTY27FEB2012300PE.NFO,07/01/2020,09:41:43,292,284.8,75,290.2,75,0,48225
NIFTY27FEB2012300PE.NFO,07/01/2020,09:41:44,292,284.8,75,289.85,150,0,48225
NIFTY27FEB2012300PE.NFO,07/01/2020,09:41:45,292,284.8,75,290.1,150,0,48225
NIFTY27FEB2012300PE.NFO,07/01/2020,09:41:46,292,284.8,75,289.55,150,0,48225
NIFTY27FEB2012300PE.NFO,07/01/2020,09:41:47,292,284.8,75,289.45,75,0,48225
NIFTY27FEB2012300PE.NFO,07/01/2020,09:41:50,292,284.8,75,289.4,75,0,48225
NIFTY27FEB2012300PE.NFO,07/01/2020,09:41:51,292,284.8,75,290.1,150,0,48225
NIFTY27FEB2012300PE.NFO,07/01/2020,09:41:53,292,284.8,75,290.35,150,0,48225
NIFTY27FEB2012300PE.NFO,07/01/2020,09:41:57,292,285.5,75,290.6,150,0,48225
NIFTY27FEB2012300PE.NFO,07/01/2020,09:42:00,292,285.25,75,290.6,150,0,48225
NIFTY27FEB2012300PE.NFO,07/01/2020,09:42:01,292,285.25,75,290.85,150,0,48225
NIFTY27FEB2012300PE.NFO,07/01/2020,09:42:02,292,285.25,75,290.6,150,0,48225
NIFTY27FEB2012300PE.NFO,07/01/2020,09:42:15,292,285.15,75,290.6,150,0,48225
NIFTY27FEB2012300PE.NFO,07/01/2020,09:42:21,292,285.15,75,290.2,150,0,48225
NIFTY27FEB2012300PE.NFO,07/01/2020,09:42:25,292,285.15,75,289.95,150,0,48225
NIFTY27FEB2012300PE.NFO,07/01/2020,09:42:27,292,284.85,75,289.7,150,0,48225
NIFTY27FEB2012300PE.NFO,07/01/2020,09:42:28,292,284.85,75,289.45,150,0,48225
NIFTY27FEB2012300PE.NFO,07/01/2020,09:42:33,292,284.05,75,289.2,150,0,48225
NIFTY27FEB2012300PE.NFO,07/01/2020,09:42:34,292,284.05,75,288.7,150,0,48225
NIFTY27FEB2012300PE.NFO,07/01/2020,09:42:37,292,283.45,75,288.7,150,0,48225
NIFTY27FEB2012300PE.NFO,07/01/2020,09:42:39,283.45,283,75,288.7,150,75,48150
NIFTY27FEB2012300PE.NFO,07/01/2020,09:42:39,283.45,283,75,288.7,150,0,48150
NIFTY27FEB2012300PE.NFO,07/01/2020,09:42:41,283.45,283,75,288.85,150,0,48150
NIFTY27FEB2012300PE.NFO,07/01/2020,09:42:42,283.45,283.05,750,288.9,150,0,48150
NIFTY27FEB2012300PE.NFO,07/01/2020,09:42:43,283.45,283.05,825,289.25,150,0,48150
NIFTY27FEB2012300PE.NFO,07/01/2020,09:42:44,283.45,283.05,825,289.35,150,0,48150
NIFTY27FEB2012300PE.NFO,07/01/2020,09:42:46,283.45,283,75,289.35,150,0,48150
NIFTY27FEB2012300PE.NFO,07/01/2020,09:42:47,283.45,283.05,750,289.85,150,0,48150
NIFTY27FEB2012300PE.NFO,07/01/2020,09:42:49,283.45,283.1,150,290.15,150,0,48150
NIFTY27FEB2012300PE.NFO,07/01/2020,09:42:50,283.45,283.45,750,290.15,150,0,48150
NIFTY27FEB2012300PE.NFO,07/01/2020,09:42:51,283.45,283.45,750,289.9,150,0,48150
NIFTY27FEB2012300PE.NFO,07/01/2020,09:42:52,283.45,283.15,75,289.9,150,0,48150
NIFTY27FEB2012300PE.NFO,07/01/2020,09:42:54,283.45,283.35,750,290.15,150,0,48150
NIFTY27FEB2012300PE.NFO,07/01/2020,09:42:55,283.45,283.75,750,290.45,150,0,48150
NIFTY27FEB2012300PE.NFO,07/01/2020,09:42:57,283.45,283.75,750,290.45,225,0,48150
NIFTY27FEB2012300PE.NFO,07/01/2020,09:42:58,283.45,283.75,750,289.75,75,0,48150
NIFTY27FEB2012300PE.NFO,07/01/2020,09:43:00,283.45,283.75,750,289.95,150,0,48150
NIFTY27FEB2012300PE.NFO,07/01/2020,09:43:01,283.45,283.75,750,290.2,150,0,48150
NIFTY27FEB2012300PE.NFO,07/01/2020,09:43:02,283.45,283.9,75,290.5,150,0,48150
NIFTY27FEB2012300PE.NFO,07/01/2020,09:43:03,283.45,283.9,75,290.75,150,0,48150
NIFTY27FEB2012300PE.NFO,07/01/2020,09:43:10,283.45,283.75,900,290.75,150,0,48150
NIFTY27FEB2012300PE.NFO,07/01/2020,09:43:11,283.45,283.75,750,290.4,75,0,48150
NIFTY27FEB2012300PE.NFO,07/01/2020,09:43:12,283.45,283.75,750,290.5,150,0,48150
NIFTY27FEB2012300PE.NFO,07/01/2020,09:43:13,283.45,283.75,750,290,300,0,48150
NIFTY27FEB2012300PE.NFO,07/01/2020,09:43:16,283.45,283.75,750,290.2,300,0,48150
NIFTY27FEB2012300PE.NFO,07/01/2020,09:43:17,283.45,283.45,750,289.6,300,0,48150
NIFTY27FEB2012300PE.NFO,07/01/2020,09:43:22,283.45,283.05,750,289.85,300,0,48150
NIFTY27FEB2012300PE.NFO,07/01/2020,09:43:23,283.45,283.05,750,289.65,300,0,48150
NIFTY27FEB2012300PE.NFO,07/01/2020,09:43:24,283.45,283.7,75,289.85,300,0,48150
NIFTY27FEB2012300PE.NFO,07/01/2020,09:43:25,283.45,283.75,750,289.85,300,0,48150
NIFTY27FEB2012300PE.NFO,07/01/2020,09:43:27,283.45,283.75,750,290.05,450,0,48150
NIFTY27FEB2012300PE.NFO,07/01/2020,09:43:28,283.45,283.55,750,290.05,450,0,48150
NIFTY27FEB2012300PE.NFO,07/01/2020,09:43:29,283.45,283.7,75,290.05,450,0,48150
NIFTY27FEB2012300PE.NFO,07/01/2020,09:43:31,283.45,283.55,750,290.25,300,0,48150
NIFTY27FEB2012300PE.NFO,07/01/2020,09:43:32,283.45,283.7,75,290.25,300,0,48150
NIFTY27FEB2012300PE.NFO,07/01/2020,09:43:34,283.45,283.55,750,290.25,300,0,48150
NIFTY27FEB2012300PE.NFO,07/01/2020,09:43:37,283.45,283.7,75,290.25,300,0,48150
NIFTY27FEB2012300PE.NFO,07/01/2020,09:43:44,283.45,283.7,75,289.8,300,0,48150
NIFTY27FEB2012300PE.NFO,07/01/2020,09:43:49,283.45,283.55,750,289.8,300,0,48150
NIFTY27FEB2012300PE.NFO,07/01/2020,09:43:50,283.45,283.35,750,289.2,300,0,48150
NIFTY27FEB2012300PE.NFO,07/01/2020,09:43:53,283.45,283.15,750,288.9,300,0,48150
NIFTY27FEB2012300PE.NFO,07/01/2020,09:43:54,283.45,283.3,75,289.3,300,0,48150
NIFTY27FEB2012300PE.NFO,07/01/2020,09:43:55,283.45,283.3,75,289.95,300,0,48150
NIFTY27FEB2012300PE.NFO,07/01/2020,09:43:56,283.45,283.3,75,290.15,300,0,48150
NIFTY27FEB2012300PE.NFO,07/01/2020,09:43:57,283.45,283.3,75,290.1,75,0,48150
NIFTY27FEB2012300PE.NFO,07/01/2020,09:43:59,283.45,283.3,75,289.9,300,0,48150
NIFTY27FEB2012300PE.NFO,07/01/2020,09:44:00,283.45,283.3,75,289.95,150,0,48150
NIFTY27FEB2012300PE.NFO,07/01/2020,09:44:01,283.45,283.15,750,289.55,300,0,48150
NIFTY27FEB2012300PE.NFO,07/01/2020,09:44:03,283.45,283.15,750,289.3,300,0,48150
NIFTY27FEB2012300PE.NFO,07/01/2020,09:44:04,283.45,283.15,750,289.45,150,0,48150
NIFTY27FEB2012300PE.NFO,07/01/2020,09:44:05,283.45,283.15,750,289.25,300,0,48150
NIFTY27FEB2012300PE.NFO,07/01/2020,09:44:06,283.45,283.15,750,289.45,450,0,48150
NIFTY27FEB2012300PE.NFO,07/01/2020,09:44:10,283.45,283.15,750,289.45,525,0,48150
NIFTY27FEB2012300PE.NFO,07/01/2020,09:44:11,283.45,283.15,750,288.8,300,0,48150
NIFTY27FEB2012300PE.NFO,07/01/2020,09:44:19,283.45,283,75,289,300,0,48150
NIFTY27FEB2012300PE.NFO,07/01/2020,09:44:20,283.45,283,75,288.8,300,0,48150
NIFTY27FEB2012300PE.NFO,07/01/2020,09:44:22,283.45,283.2,750,288.85,300,0,48150
NIFTY27FEB2012300PE.NFO,07/01/2020,09:44:24,283.45,283.2,750,288.45,300,0,48150
NIFTY27FEB2012300PE.NFO,07/01/2020,09:44:26,283.45,283.35,75,288.85,300,0,48150
NIFTY27FEB2012300PE.NFO,07/01/2020,09:44:27,283.45,283.35,75,288.95,75,0,48150
NIFTY27FEB2012300PE.NFO,07/01/2020,09:44:28,283.45,283.35,75,289.1,300,0,48150
NIFTY27FEB2012300PE.NFO,07/01/2020,09:44:33,283.45,283.2,750,288.35,300,0,48150
NIFTY27FEB2012300PE.NFO,07/01/2020,09:44:34,283.45,283.55,75,288.55,300,0,48150
NIFTY27FEB2012300PE.NFO,07/01/2020,09:44:35,283.45,283.35,75,289.15,300,0,48150
NIFTY27FEB2012300PE.NFO,07/01/2020,09:44:37,283.45,283.2,750,288.3,300,0,48150
NIFTY27FEB2012300PE.NFO,07/01/2020,09:44:39,283.45,283.05,750,288.3,300,0,48150
NIFTY27FEB2012300PE.NFO,07/01/2020,09:44:40,283.45,283.05,750,288.5,300,0,48150
NIFTY27FEB2012300PE.NFO,07/01/2020,09:44:41,283.45,283.05,750,288.7,300,0,48150
NIFTY27FEB2012300PE.NFO,07/01/2020,09:44:42,283.45,283.05,825,288.7,300,0,48150
NIFTY27FEB2012300PE.NFO,07/01/2020,09:44:47,283.45,283.05,825,288.9,300,0,48150
NIFTY27FEB2012300PE.NFO,07/01/2020,09:44:50,283.45,283.05,750,289.5,300,0,48150
NIFTY27FEB2012300PE.NFO,07/01/2020,09:44:54,283.45,283.05,750,289.3,450,0,48150
NIFTY27FEB2012300PE.NFO,07/01/2020,09:44:56,283.45,283.05,750,289.6,150,0,48150
NIFTY27FEB2012300PE.NFO,07/01/2020,09:44:58,283.45,283.05,750,289.45,300,0,48150
NIFTY27FEB2012300PE.NFO,07/01/2020,09:44:59,283.45,283.05,750,289.3,150,0,48150
NIFTY27FEB2012300PE.NFO,07/01/2020,09:45:01,283.45,283,75,288.8,300,0,48150
NIFTY27FEB2012300PE.NFO,07/01/2020,09:45:04,283.45,283,75,288.4,300,0,48150
NIFTY27FEB2012300PE.NFO,07/01/2020,09:45:05,283.45,283,75,288.6,300,0,48150
NIFTY27FEB2012300PE.NFO,07/01/2020,09:45:06,283.45,283,75,288.1,75,0,48150
NIFTY27FEB2012300PE.NFO,07/01/2020,09:45:08,283.45,283,75,288,300,0,48150
NIFTY27FEB2012300PE.NFO,07/01/2020,09:45:09,283.45,283,75,287.25,300,0,48150
NIFTY27FEB2012300PE.NFO,07/01/2020,09:45:11,283.45,283,75,288,300,0,48150
NIFTY27FEB2012300PE.NFO,07/01/2020,09:45:12,283.45,283,75,288.8,150,0,48150
NIFTY27FEB2012300PE.NFO,07/01/2020,09:45:13,283.45,283,75,288.35,300,0,48150
NIFTY27FEB2012300PE.NFO,07/01/2020,09:45:15,283.45,283,75,288.05,375,0,48150
NIFTY27FEB2012300PE.NFO,07/01/2020,09:45:16,283.45,283,75,287.4,300,0,48150
NIFTY27FEB2012300PE.NFO,07/01/2020,09:45:17,283.45,283,75,287.6,300,0,48150
NIFTY27FEB2012300PE.NFO,07/01/2020,09:45:19,283.45,283,75,287.45,300,0,48150
NIFTY27FEB2012300PE.NFO,07/01/2020,09:45:20,283.45,283,75,287.65,300,0,48150
NIFTY27FEB2012300PE.NFO,07/01/2020,09:45:21,283.45,283,75,287.85,300,0,48150
NIFTY27FEB2012300PE.NFO,07/01/2020,09:45:28,283.45,283,75,287.7,300,0,48150
NIFTY27FEB2012300PE.NFO,07/01/2020,09:45:29,283.45,283,75,287.9,75,0,48150
NIFTY27FEB2012300PE.NFO,07/01/2020,09:45:30,283.45,283,75,288.1,300,0,48150
NIFTY27FEB2012300PE.NFO,07/01/2020,09:45:32,283.45,283,75,288.3,300,0,48150
NIFTY27FEB2012300PE.NFO,07/01/2020,09:45:34,283.45,283,75,287.9,300,0,48150
NIFTY27FEB2012300PE.NFO,07/01/2020,09:45:35,283.45,283,75,288.1,300,0,48150
NIFTY27FEB2012300PE.NFO,07/01/2020,09:45:39,283,281.55,75,288.05,300,75,48000
NIFTY27FEB2012300PE.NFO,07/01/2020,09:45:39,283,281.55,75,288.05,300,0,48000
NIFTY27FEB2012300PE.NFO,07/01/2020,09:45:40,283,281.15,750,288.25,300,0,48000
NIFTY27FEB2012300PE.NFO,07/01/2020,09:45:41,283,281.15,750,287.9,300,0,48000
NIFTY27FEB2012300PE.NFO,07/01/2020,09:45:43,283,281.25,75,287.9,300,0,48000
NIFTY27FEB2012300PE.NFO,07/01/2020,09:45:44,283,281.2,75,288.1,300,0,48000
NIFTY27FEB2012300PE.NFO,07/01/2020,09:45:45,281.2,281.1,825,288.15,75,75,48000
NIFTY27FEB2012300PE.NFO,07/01/2020,09:45:45,281.2,281.1,825,288.15,75,0,48000
NIFTY27FEB2012300PE.NFO,07/01/2020,09:45:46,281.1,281.2,750,287.9,300,75,48000
NIFTY27FEB2012300PE.NFO,07/01/2020,09:45:46,281.1,281.2,750,287.9,300,0,48000
NIFTY27FEB2012300PE.NFO,07/01/2020,09:45:47,280.7,281.05,75,287.45,300,75,48000
NIFTY27FEB2012300PE.NFO,07/01/2020,09:45:47,280.7,281.05,75,287.45,300,0,48000
NIFTY27FEB2012300PE.NFO,07/01/2020,09:45:48,280.5,280.05,825,287,300,75,48000
NIFTY27FEB2012300PE.NFO,07/01/2020,09:45:48,280.5,280.05,825,287,300,0,48000
NIFTY27FEB2012300PE.NFO,07/01/2020,09:45:49,280.5,280.65,75,287.9,300,0,48000
NIFTY27FEB2012300PE.NFO,07/01/2020,09:45:51,280.5,281.1,750,287.3,300,0,48000
NIFTY27FEB2012300PE.NFO,07/01/2020,09:45:53,280.5,281.2,75,288.5,300,0,48000
NIFTY27FEB2012300PE.NFO,07/01/2020,09:45:54,280.5,281.1,750,288.45,450,0,48000
NIFTY27FEB2012300PE.NFO,07/01/2020,09:45:55,280.5,281.55,75,288.4,300,0,48000
NIFTY27FEB2012300PE.NFO,07/01/2020,09:45:57,280.5,281.4,750,288.4,300,0,48000
NIFTY27FEB2012300PE.NFO,07/01/2020,09:45:58,280.5,281.4,750,287.55,300,0,48000
NIFTY27FEB2012300PE.NFO,07/01/2020,09:45:59,280.5,281.4,750,287.95,300,0,48000
NIFTY27FEB2012300PE.NFO,07/01/2020,09:46:00,280.5,281.55,75,287.95,300,0,48000
NIFTY27FEB2012300PE.NFO,07/01/2020,09:46:01,281.05,281.1,750,288.5,300,75,48000
NIFTY27FEB2012300PE.NFO,07/01/2020,09:46:02,281.05,281.1,750,286.9,150,0,48000
NIFTY27FEB2012300PE.NFO,07/01/2020,09:46:04,281.05,281.5,75,286.9,150,0,48000
NIFTY27FEB2012300PE.NFO,07/01/2020,09:46:05,281.05,281.55,750,286.9,150,0,48000
NIFTY27FEB2012300PE.NFO,07/01/2020,09:46:08,281.05,281.7,75,286.9,150,0,48000
NIFTY27FEB2012300PE.NFO,07/01/2020,09:46:09,281.05,281.5,75,286.9,150,0,48000
NIFTY27FEB2012300PE.NFO,07/01/2020,09:46:10,281.05,281.1,75,286.65,150,0,48000
NIFTY27FEB2012300PE.NFO,07/01/2020,09:46:15,281.05,282,75,286.9,150,0,48000
NIFTY27FEB2012300PE.NFO,07/01/2020,09:46:18,281.05,281.4,75,286.9,150,0,48000
NIFTY27FEB2012300PE.NFO,07/01/2020,09:46:20,281.05,282.05,75,286.9,150,0,48000
NIFTY27FEB2012300PE.NFO,07/01/2020,09:46:21,281.05,281.65,75,286.65,150,0,48000
NIFTY27FEB2012300PE.NFO,07/01/2020,09:46:22,281.05,281.45,75,286.65,150,0,48000
NIFTY27FEB2012300PE.NFO,07/01/2020,09:46:26,281.05,282.05,75,286.9,150,0,48000
NIFTY27FEB2012300PE.NFO,07/01/2020,09:46:27,281.05,282.05,75,287.15,150,0,48000
NIFTY27FEB2012300PE.NFO,07/01/2020,09:46:29,281.05,282.05,75,287.4,150,0,48000
NIFTY27FEB2012300PE.NFO,07/01/2020,09:46:31,281.05,282.45,75,287.4,150,0,48000
NIFTY27FEB2012300PE.NFO,07/01/2020,09:46:32,281.05,283.3,75,287.65,150,0,48000
NIFTY27FEB2012300PE.NFO,07/01/2020,09:46:34,281.05,283.8,75,287.9,150,0,48000
NIFTY27FEB2012300PE.NFO,07/01/2020,09:46:35,281.05,283,75,287.3,150,0,48000
NIFTY27FEB2012300PE.NFO,07/01/2020,09:46:38,281.05,283.75,75,287.55,150,0,48000
NIFTY27FEB2012300PE.NFO,07/01/2020,09:46:39,281.05,283.15,75,287.55,150,0,48000
NIFTY27FEB2012300PE.NFO,07/01/2020,09:46:40,281.05,283.15,75,287.8,150,0,48000
NIFTY27FEB2012300PE.NFO,07/01/2020,09:46:42,281.05,283.85,75,288.05,150,0,48000
NIFTY27FEB2012300PE.NFO,07/01/2020,09:46:44,281.05,284.2,75,288.3,150,0,48000
NIFTY27FEB2012300PE.NFO,07/01/2020,09:46:45,281.05,284,75,288.3,150,0,48000
NIFTY27FEB2012300PE.NFO,07/01/2020,09:46:48,281.05,283.35,75,288.05,150,0,48000
NIFTY27FEB2012300PE.NFO,07/01/2020,09:46:51,281.05,283.35,75,288.35,150,0,48000
NIFTY27FEB2012300PE.NFO,07/01/2020,09:46:54,281.05,283.95,75,288.35,150,0,48000
NIFTY27FEB2012300PE.NFO,07/01/2020,09:47:02,281.05,284.55,75,288.65,150,0,48000
NIFTY27FEB2012300PE.NFO,07/01/2020,09:47:03,281.05,284.15,75,288.4,150,0,48000
NIFTY27FEB2012300PE.NFO,07/01/2020,09:47:04,281.05,284.15,75,288.75,150,0,48000
NIFTY27FEB2012300PE.NFO,07/01/2020,09:47:06,281.05,283.75,75,288.5,150,0,48000
NIFTY27FEB2012300PE.NFO,07/01/2020,09:47:07,281.05,283.75,75,288.35,150,0,48000
NIFTY27FEB2012300PE.NFO,07/01/2020,09:47:08,281.05,283.75,75,288.75,150,0,48000
NIFTY27FEB2012300PE.NFO,07/01/2020,09:47:10,281.05,283.75,75,288.4,150,0,48000
NIFTY27FEB2012300PE.NFO,07/01/2020,09:47:10,281.05,284.95,75,288.9,150,0,48000
NIFTY27FEB2012300PE.NFO,07/01/2020,09:47:14,281.05,284.75,75,288.9,150,0,48000
NIFTY27FEB2012300PE.NFO,07/01/2020,09:47:15,281.05,284.75,75,288.65,150,0,48000
NIFTY27FEB2012300PE.NFO,07/01/2020,09:47:17,281.05,284.55,75,288.4,150,0,48000
NIFTY27FEB2012300PE.NFO,07/01/2020,09:47:19,281.05,283.95,75,288.15,150,0,48000
NIFTY27FEB2012300PE.NFO,07/01/2020,09:47:21,281.05,283.75,75,288.15,150,0,48000
NIFTY27FEB2012300PE.NFO,07/01/2020,09:47:23,281.05,283.55,75,288.15,150,0,48000
NIFTY27FEB2012300PE.NFO,07/01/2020,09:47:27,281.05,283.55,75,287.9,150,0,48000
NIFTY27FEB2012300PE.NFO,07/01/2020,09:47:28,281.05,284.2,75,288.5,150,0,48000
NIFTY27FEB2012300PE.NFO,07/01/2020,09:47:29,281.05,283.8,75,287.9,150,0,48000
NIFTY27FEB2012300PE.NFO,07/01/2020,09:47:33,281.05,283.55,75,287.65,150,0,48000
NIFTY27FEB2012300PE.NFO,07/01/2020,09:47:34,281.05,283.2,75,287.65,150,0,48000
NIFTY27FEB2012300PE.NFO,07/01/2020,09:47:35,281.05,283,75,287.4,150,0,48000
NIFTY27FEB2012300PE.NFO,07/01/2020,09:47:37,281.05,282.8,75,287.65,150,0,48000
NIFTY27FEB2012300PE.NFO,07/01/2020,09:47:38,281.05,282.8,75,287.4,150,0,48000
NIFTY27FEB2012300PE.NFO,07/01/2020,09:47:39,281.05,282.6,75,287.1,150,0,48000
NIFTY27FEB2012300PE.NFO,07/01/2020,09:47:40,281.05,282.6,75,287.35,150,0,48000
NIFTY27FEB2012300PE.NFO,07/01/2020,09:47:42,281.05,282.6,75,287.1,150,0,48000
NIFTY27FEB2012300PE.NFO,07/01/2020,09:47:43,281.05,282.6,75,287.4,150,0,48000
NIFTY27FEB2012300PE.NFO,07/01/2020,09:47:44,281.05,282.4,75,287.1,150,0,48000
NIFTY27FEB2012300PE.NFO,07/01/2020,09:47:46,281.05,282.4,75,287.4,150,0,48000
NIFTY27FEB2012300PE.NFO,07/01/2020,09:47:56,281.05,283.3,75,287.7,150,0,48000
NIFTY27FEB2012300PE.NFO,07/01/2020,09:48:11,281.05,284.45,75,287.7,150,0,48000
NIFTY27FEB2012300PE.NFO,07/01/2020,09:48:12,281.05,284.05,75,287.7,150,0,48000
NIFTY27FEB2012300PE.NFO,07/01/2020,09:48:16,281.05,284.05,75,288.55,150,0,48000
NIFTY27FEB2012300PE.NFO,07/01/2020,09:48:17,281.05,284.05,75,288.3,150,0,48000
NIFTY27FEB2012300PE.NFO,07/01/2020,09:48:18,281.05,284.05,75,288.55,150,0,48000
NIFTY27FEB2012300PE.NFO,07/01/2020,09:48:21,281.05,285.1,75,288.55,150,0,48000
NIFTY27FEB2012300PE.NFO,07/01/2020,09:48:22,281.05,284.7,75,288.55,150,0,48000
NIFTY27FEB2012300PE.NFO,07/01/2020,09:48:24,281.05,284.5,75,288.35,150,0,48000
NIFTY27FEB2012300PE.NFO,07/01/2020,09:48:27,281.05,285,75,288.6,150,0,48000
NIFTY27FEB2012300PE.NFO,07/01/2020,09:48:33,281.05,285,75,288.1,150,0,48000
NIFTY27FEB2012300PE.NFO,07/01/2020,09:48:34,281.05,284.8,75,288.1,150,0,48000
NIFTY27FEB2012300PE.NFO,07/01/2020,09:48:35,281.05,284.8,75,288.15,150,0,48000
NIFTY27FEB2012300PE.NFO,07/01/2020,09:48:40,281.05,285.4,75,288.4,150,0,48000
NIFTY27FEB2012300PE.NFO,07/01/2020,09:48:41,281.05,285.4,75,288.6,150,0,48000
NIFTY27FEB2012300PE.NFO,07/01/2020,09:48:42,281.05,285.4,75,288.35,150,0,48000
NIFTY27FEB2012300PE.NFO,07/01/2020,09:48:43,281.05,285.8,75,288.45,150,0,48000
NIFTY27FEB2012300PE.NFO,07/01/2020,09:48:44,281.05,285.4,75,288.2,150,0,48000
NIFTY27FEB2012300PE.NFO,07/01/2020,09:48:48,281.05,285.4,75,287.95,150,0,48000
NIFTY27FEB2012300PE.NFO,07/01/2020,09:48:49,281.05,285.2,75,287.95,150,0,48000
NIFTY27FEB2012300PE.NFO,07/01/2020,09:48:50,281.05,285,75,288.2,150,0,48000
NIFTY27FEB2012300PE.NFO,07/01/2020,09:48:51,281.05,285.4,75,288.2,150,0,48000
NIFTY27FEB2012300PE.NFO,07/01/2020,09:48:55,286.6,285.45,750,288.2,150,75,48075
NIFTY27FEB2012300PE.NFO,07/01/2020,09:48:56,286.6,284,150,288.2,150,75,48075
NIFTY27FEB2012300PE.NFO,07/01/2020,09:48:57,286.6,284,150,288.6,150,0,48075
NIFTY27FEB2012300PE.NFO,07/01/2020,09:48:58,286.6,284,150,288.35,150,0,48075
NIFTY27FEB2012300PE.NFO,07/01/2020,09:48:59,286.6,284,150,288.6,150,0,48075
NIFTY27FEB2012300PE.NFO,07/01/2020,09:49:00,286.6,283.7,150,288.7,150,0,48075
NIFTY27FEB2012300PE.NFO,07/01/2020,09:49:01,286.6,284.3,150,288.7,150,0,48075
NIFTY27FEB2012300PE.NFO,07/01/2020,09:49:03,286.6,283.45,150,288.7,150,0,48075
NIFTY27FEB2012300PE.NFO,07/01/2020,09:49:04,286.6,283.6,150,288.4,150,0,48075
NIFTY27FEB2012300PE.NFO,07/01/2020,09:49:11,286.6,283.6,150,288.7,150,0,48075
NIFTY27FEB2012300PE.NFO,07/01/2020,09:49:12,286.6,283.4,150,288.45,150,0,48075
NIFTY27FEB2012300PE.NFO,07/01/2020,09:49:13,286.6,283.2,150,288.2,150,0,48075
NIFTY27FEB2012300PE.NFO,07/01/2020,09:49:14,286.6,283.35,150,287.95,150,0,48075
NIFTY27FEB2012300PE.NFO,07/01/2020,09:49:18,286.6,283.35,150,288.3,150,0,48075
NIFTY27FEB2012300PE.NFO,07/01/2020,09:49:20,286.6,283.35,150,287.9,150,0,48075
NIFTY27FEB2012300PE.NFO,07/01/2020,09:49:21,286.6,283.5,150,288.25,150,0,48075
NIFTY27FEB2012300PE.NFO,07/01/2020,09:49:23,286.6,284.25,150,288.5,150,0,48075
NIFTY27FEB2012300PE.NFO,07/01/2020,09:49:24,286.6,284.6,150,288.8,150,0,48075
NIFTY27FEB2012300PE.NFO,07/01/2020,09:49:25,286.6,285,150,290.15,150,0,48075
NIFTY27FEB2012300PE.NFO,07/01/2020,09:49:26,286.6,285.7,750,289.9,150,0,48075
NIFTY27FEB2012300PE.NFO,07/01/2020,09:49:29,286.6,285.5,750,289.65,150,0,48075
NIFTY27FEB2012300PE.NFO,07/01/2020,09:49:30,286.6,284.4,900,289.45,150,0,48075
NIFTY27FEB2012300PE.NFO,07/01/2020,09:49:31,286.6,285.4,750,289.7,150,0,48075
NIFTY27FEB2012300PE.NFO,07/01/2020,09:49:32,286.6,285.4,750,290,150,0,48075
NIFTY27FEB2012300PE.NFO,07/01/2020,09:49:33,286.6,285.95,750,290,150,0,48075
NIFTY27FEB2012300PE.NFO,07/01/2020,09:49:35,286.6,285.55,750,289.8,150,0,48075
NIFTY27FEB2012300PE.NFO,07/01/2020,09:49:36,286.6,285.9,750,289.8,150,0,48075
NIFTY27FEB2012300PE.NFO,07/01/2020,09:49:37,286.6,285.7,750,289.8,150,0,48075
NIFTY27FEB2012300PE.NFO,07/01/2020,09:49:41,286.6,285.5,750,289.55,150,0,48075
NIFTY27FEB2012300PE.NFO,07/01/2020,09:49:43,286.6,284.8,750,289.3,150,0,48075
NIFTY27FEB2012300PE.NFO,07/01/2020,09:49:44,286.6,285.35,750,289.55,150,0,48075
NIFTY27FEB2012300PE.NFO,07/01/2020,09:49:45,286.6,284.8,750,289.3,150,0,48075
NIFTY27FEB2012300PE.NFO,07/01/2020,09:49:46,284.8,284.85,750,289.3,150,75,48075
NIFTY27FEB2012300PE.NFO,07/01/2020,09:49:47,284.8,284.85,750,289.55,150,0,48075
NIFTY27FEB2012300PE.NFO,07/01/2020,09:49:50,284.8,284.9,750,289.3,150,0,48075
NIFTY27FEB2012300PE.NFO,07/01/2020,09:49:52,284.8,285.05,750,289.3,150,0,48075
NIFTY27FEB2012300PE.NFO,07/01/2020,09:49:53,284.8,284.5,750,289.3,150,0,48075
NIFTY27FEB2012300PE.NFO,07/01/2020,09:49:54,284.8,284.5,750,288.9,150,0,48075
NIFTY27FEB2012300PE.NFO,07/01/2020,09:49:56,284.8,284.5,750,289.15,150,0,48075
NIFTY27FEB2012300PE.NFO,07/01/2020,09:49:58,284.8,284.4,150,288.9,150,0,48075
NIFTY27FEB2012300PE.NFO,07/01/2020,09:49:59,284.8,283.85,150,288.9,150,0,48075
NIFTY27FEB2012300PE.NFO,07/01/2020,09:50:02,284.8,284.4,750,289.2,150,0,48075
NIFTY27FEB2012300PE.NFO,07/01/2020,09:50:03,284.8,284.2,750,289.2,150,0,48075
NIFTY27FEB2012300PE.NFO,07/01/2020,09:50:04,284.8,284.45,750,288.9,150,0,48075
NIFTY27FEB2012300PE.NFO,07/01/2020,09:50:06,284.8,284.45,150,289.2,150,0,48075
NIFTY27FEB2012300PE.NFO,07/01/2020,09:50:07,284.8,284.45,150,289.5,150,0,48075
NIFTY27FEB2012300PE.NFO,07/01/2020,09:50:08,284.8,285.05,150,289.8,150,0,48075
NIFTY27FEB2012300PE.NFO,07/01/2020,09:50:11,284.8,284.65,150,289.8,150,0,48075
NIFTY27FEB2012300PE.NFO,07/01/2020,09:50:12,284.8,284.45,150,289.8,150,0,48075
NIFTY27FEB2012300PE.NFO,07/01/2020,09:50:13,284.8,285.15,750,289.8,150,0,48075
NIFTY27FEB2012300PE.NFO,07/01/2020,09:50:14,284.8,285.5,750,289.55,150,0,48075
NIFTY27FEB2012300PE.NFO,07/01/2020,09:50:16,284.8,284.95,150,289.85,150,0,48075
NIFTY27FEB2012300PE.NFO,07/01/2020,09:50:17,284.8,285.5,750,289.85,150,0,48075
NIFTY27FEB2012300PE.NFO,07/01/2020,09:50:19,284.8,284.9,750,289.65,150,0,48075
NIFTY27FEB2012300PE.NFO,07/01/2020,09:50:23,284.8,285.25,750,289.65,150,0,48075
NIFTY27FEB2012300PE.NFO,07/01/2020,09:50:24,284.8,285.05,750,289.65,150,0,48075
NIFTY27FEB2012300PE.NFO,07/01/2020,09:50:26,284.8,284.85,750,289.65,150,0,48075
NIFTY27FEB2012300PE.NFO,07/01/2020,09:50:27,284.8,284.6,750,289.65,150,0,48075
NIFTY27FEB2012300PE.NFO,07/01/2020,09:50:28,284.8,284.9,750,289.65,150,0,48075
NIFTY27FEB2012300PE.NFO,07/01/2020,09:50:29,284.8,285.05,750,289.65,150,0,48075
NIFTY27FEB2012300PE.NFO,07/01/2020,09:50:30,284.8,284.85,750,289.65,150,0,48075
NIFTY27FEB2012300PE.NFO,07/01/2020,09:50:31,284.8,284.55,150,289.65,150,0,48075
NIFTY27FEB2012300PE.NFO,07/01/2020,09:50:32,284.8,285.1,750,289.65,150,0,48075
NIFTY27FEB2012300PE.NFO,07/01/2020,09:50:37,284.8,285.5,150,290,75,0,48075
NIFTY27FEB2012300PE.NFO,07/01/2020,09:50:38,284.8,286.5,750,290,75,0,48075
NIFTY27FEB2012300PE.NFO,07/01/2020,09:50:40,284.8,286.6,750,290,75,0,48075
NIFTY27FEB2012300PE.NFO,07/01/2020,09:50:41,284.8,286.4,750,290,75,0,48075
NIFTY27FEB2012300PE.NFO,07/01/2020,09:50:42,284.8,286.6,750,290,75,0,48075
NIFTY27FEB2012300PE.NFO,07/01/2020,09:50:44,284.8,286.65,150,290,75,0,48075
NIFTY27FEB2012300PE.NFO,07/01/2020,09:50:45,284.8,286.45,750,290,75,0,48075
NIFTY27FEB2012300PE.NFO,07/01/2020,09:50:46,284.8,286.1,750,290,75,0,48075
NIFTY27FEB2012300PE.NFO,07/01/2020,09:50:49,284.8,286,150,290,75,0,48075
NIFTY27FEB2012300PE.NFO,07/01/2020,09:50:50,284.8,286.35,750,290,75,0,48075
NIFTY27FEB2012300PE.NFO,07/01/2020,09:50:51,284.8,286.4,750,290,75,0,48075
NIFTY27FEB2012300PE.NFO,07/01/2020,09:50:54,284.8,286.5,750,290,75,0,48075
NIFTY27FEB2012300PE.NFO,07/01/2020,09:50:55,284.8,286.1,750,290,75,0,48075
NIFTY27FEB2012300PE.NFO,07/01/2020,09:50:56,284.8,286.4,750,290,75,0,48075
NIFTY27FEB2012300PE.NFO,07/01/2020,09:50:57,284.8,286.25,750,290,75,0,48075
NIFTY27FEB2012300PE.NFO,07/01/2020,09:50:59,284.8,286.05,750,290,75,0,48075
NIFTY27FEB2012300PE.NFO,07/01/2020,09:51:00,284.8,286.6,750,290,75,0,48075
NIFTY27FEB2012300PE.NFO,07/01/2020,09:51:01,284.8,286.6,150,290,75,0,48075
NIFTY27FEB2012300PE.NFO,07/01/2020,09:51:02,284.8,286.2,150,290,75,0,48075
NIFTY27FEB2012300PE.NFO,07/01/2020,09:51:04,284.8,286.55,150,290,75,0,48075
NIFTY27FEB2012300PE.NFO,07/01/2020,09:51:05,284.8,286.35,150,290,75,0,48075
NIFTY27FEB2012300PE.NFO,07/01/2020,09:51:06,284.8,286.15,150,290,75,0,48075
NIFTY27FEB2012300PE.NFO,07/01/2020,09:51:07,284.8,286.7,150,290,75,0,48075
NIFTY27FEB2012300PE.NFO,07/01/2020,09:51:10,284.8,286.55,150,290,75,0,48075
NIFTY27FEB2012300PE.NFO,07/01/2020,09:51:12,284.8,286.7,150,290,75,0,48075
NIFTY27FEB2012300PE.NFO,07/01/2020,09:51:13,284.8,287.2,150,290,75,0,48075
NIFTY27FEB2012300PE.NFO,07/01/2020,09:51:15,284.8,286.95,150,290,75,0,48075
NIFTY27FEB2012300PE.NFO,07/01/2020,09:51:16,284.8,287.05,150,290,75,0,48075
NIFTY27FEB2012300PE.NFO,07/01/2020,09:51:17,284.8,286.95,150,290,75,0,48075
NIFTY27FEB2012300PE.NFO,07/01/2020,09:51:18,284.8,287.15,150,290,75,0,48075
NIFTY27FEB2012300PE.NFO,07/01/2020,09:51:22,284.8,286.95,150,290,75,0,48075
NIFTY27FEB2012300PE.NFO,07/01/2020,09:51:25,284.8,286.75,150,290,75,0,48075
NIFTY27FEB2012300PE.NFO,07/01/2020,09:51:28,284.8,286.55,150,290,75,0,48075
NIFTY27FEB2012300PE.NFO,07/01/2020,09:51:30,284.8,285.75,150,290,75,0,48075
NIFTY27FEB2012300PE.NFO,07/01/2020,09:51:33,284.8,286.3,150,290,75,0,48075
NIFTY27FEB2012300PE.NFO,07/01/2020,09:51:34,284.8,286.2,150,290,75,0,48075
NIFTY27FEB2012300PE.NFO,07/01/2020,09:51:40,284.8,285.85,150,290,75,0,48075
NIFTY27FEB2012300PE.NFO,07/01/2020,09:51:42,284.8,285.7,150,290,75,0,48075
NIFTY27FEB2012300PE.NFO,07/01/2020,09:51:44,284.8,285.3,150,290,75,0,48075
NIFTY27FEB2012300PE.NFO,07/01/2020,09:51:52,284.8,285.35,150,290,75,0,48075
NIFTY27FEB2012300PE.NFO,07/01/2020,09:51:57,284.8,285.3,300,290,75,0,48075
NIFTY27FEB2012300PE.NFO,07/01/2020,09:51:58,284.8,285.3,150,290,75,0,48075
NIFTY27FEB2012300PE.NFO,07/01/2020,09:52:00,284.8,285.3,300,290,75,0,48075
NIFTY27FEB2012300PE.NFO,07/01/2020,09:52:02,284.8,285.75,150,290,75,0,48075
NIFTY27FEB2012300PE.NFO,07/01/2020,09:52:03,284.8,285.7,150,290,75,0,48075
NIFTY27FEB2012300PE.NFO,07/01/2020,09:52:06,284.8,285.7,300,290,75,0,48075
NIFTY27FEB2012300PE.NFO,07/01/2020,09:52:15,284.8,285.5,150,290,75,0,48075
NIFTY27FEB2012300PE.NFO,07/01/2020,09:52:16,284.8,286,150,290,75,0,48075
NIFTY27FEB2012300PE.NFO,07/01/2020,09:52:18,284.8,285.9,150,290,75,0,48075
NIFTY27FEB2012300PE.NFO,07/01/2020,09:52:25,284.8,286.3,150,290,75,0,48075
NIFTY27FEB2012300PE.NFO,07/01/2020,09:52:35,284.8,286.1,150,290,75,0,48075
NIFTY27FEB2012300PE.NFO,07/01/2020,09:52:44,284.8,285.65,150,290,75,0,48075
NIFTY27FEB2012300PE.NFO,07/01/2020,09:52:50,284.8,286.05,150,290,75,0,48075
NIFTY27FEB2012300PE.NFO,07/01/2020,09:52:51,284.8,285.65,150,290,75,0,48075
NIFTY27FEB2012300PE.NFO,07/01/2020,09:52:53,284.8,285.8,750,290,75,0,48075
NIFTY27FEB2012300PE.NFO,07/01/2020,09:52:54,284.8,285.25,150,290,75,0,48075
