Ticker,Date,Time,LTP,BuyPrice,BuyQty,SellPrice,SellQty,LTQ,OpenInterest
NIFTY30JAN2011500CE.NFO,07/01/2020,09:15:00,609,546.65,75,731.75,150,900,472275
NIFTY30JAN2011500CE.NFO,07/01/2020,09:15:00,609,546.65,75,731.75,150,0,472275
NIFTY30JAN2011500CE.NFO,07/01/2020,09:15:00,609,546.65,75,731.75,150,0,472275
NIFTY30JAN2011500CE.NFO,07/01/2020,09:15:00,609,546.65,75,731.75,150,0,472275
NIFTY30JAN2011500CE.NFO,07/01/2020,09:15:01,609,546.8,75,638.8,225,0,472275
NIFTY30JAN2011500CE.NFO,07/01/2020,09:15:03,609,547.1,75,638.8,225,0,472275
NIFTY30JAN2011500CE.NFO,07/01/2020,09:15:05,638.8,549.1,1125,708.65,150,225,472275
NIFTY30JAN2011500CE.NFO,07/01/2020,09:15:05,638.8,549.1,1125,708.65,150,0,472275
NIFTY30JAN2011500CE.NFO,07/01/2020,09:15:07,638.8,551.2,1200,649.9,750,0,472275
NIFTY30JAN2011500CE.NFO,07/01/2020,09:15:09,638.8,596.15,525,649.85,75,0,472275
NIFTY30JAN2011500CE.NFO,07/01/2020,09:15:10,638.8,643,600,649.9,750,0,472275
NIFTY30JAN2011500CE.NFO,07/01/2020,09:15:12,638.8,643.05,150,649.9,750,0,472275
NIFTY30JAN2011500CE.NFO,07/01/2020,09:15:13,638.8,644,600,649.9,750,0,472275
NIFTY30JAN2011500CE.NFO,07/01/2020,09:15:14,638.8,644.05,150,649.9,750,0,472275
NIFTY30JAN2011500CE.NFO,07/01/2020,09:15:15,638.8,645.05,150,649.9,750,0,472275
NIFTY30JAN2011500CE.NFO,07/01/2020,09:15:16,649.9,648.5,75,649.9,525,225,472275
NIFTY30JAN2011500CE.NFO,07/01/2020,09:15:16,649.9,648.5,75,649.9,525,0,472275
NIFTY30JAN2011500CE.NFO,07/01/2020,09:15:18,650,636.15,75,655.2,150,1200,472275
NIFTY30JAN2011500CE.NFO,07/01/2020,09:15:18,650,636.15,75,655.2,150,0,472275
NIFTY30JAN2011500CE.NFO,07/01/2020,09:15:19,650,647.3,150,656.45,75,0,472275
NIFTY30JAN2011500CE.NFO,07/01/2020,09:15:20,650,648.55,75,657.1,150,0,472275
NIFTY30JAN2011500CE.NFO,07/01/2020,09:15:21,650,650.6,75,658.95,150,0,472275
NIFTY30JAN2011500CE.NFO,07/01/2020,09:15:22,650,650.4,75,659,75,0,472275
NIFTY30JAN2011500CE.NFO,07/01/2020,09:15:24,650,649.35,75,659,75,0,472275
NIFTY30JAN2011500CE.NFO,07/01/2020,09:15:25,650,651.1,75,659,75,0,472275
NIFTY30JAN2011500CE.NFO,07/01/2020,09:15:27,650,652,600,659,75,0,472275
NIFTY30JAN2011500CE.NFO,07/01/2020,09:15:28,650,651.05,75,659,75,0,472275
NIFTY30JAN2011500CE.NFO,07/01/2020,09:15:29,650,651,600,658.8,75,0,472275
NIFTY30JAN2011500CE.NFO,07/01/2020,09:15:31,650,651,600,658.95,75,0,472275
NIFTY30JAN2011500CE.NFO,07/01/2020,09:15:32,650,650.05,150,658.2,75,0,472275
NIFTY30JAN2011500CE.NFO,07/01/2020,09:15:33,650,650.05,150,658.75,75,0,472275
NIFTY30JAN2011500CE.NFO,07/01/2020,09:15:34,650,650.05,150,658.95,75,0,472275
NIFTY30JAN2011500CE.NFO,07/01/2020,09:15:35,650,650,600,658.6,150,0,472275
NIFTY30JAN2011500CE.NFO,07/01/2020,09:15:36,650,650,600,657.6,75,0,472275
NIFTY30JAN2011500CE.NFO,07/01/2020,09:15:37,650,651,600,658.45,75,0,472275
NIFTY30JAN2011500CE.NFO,07/01/2020,09:15:38,658.2,645.6,75,658.6,75,75,472275
NIFTY30JAN2011500CE.NFO,07/01/2020,09:15:38,658.2,645.6,75,658.6,75,0,472275
NIFTY30JAN2011500CE.NFO,07/01/2020,09:15:39,658.2,648.35,75,658.95,150,0,472275
NIFTY30JAN2011500CE.NFO,07/01/2020,09:15:40,658.2,649.9,75,658.9,75,0,472275
NIFTY30JAN2011500CE.NFO,07/01/2020,09:15:41,658.2,649.6,75,658.55,75,0,472275
NIFTY30JAN2011500CE.NFO,07/01/2020,09:15:41,658.2,650.25,75,658.95,150,0,472275
NIFTY30JAN2011500CE.NFO,07/01/2020,09:15:42,658.2,652.15,75,659,75,0,472275
NIFTY30JAN2011500CE.NFO,07/01/2020,09:15:43,658.2,649.85,75,659,75,0,472275
NIFTY30JAN2011500CE.NFO,07/01/2020,09:15:45,658.2,652.15,75,659,75,0,472275
NIFTY30JAN2011500CE.NFO,07/01/2020,09:15:46,658.2,651.35,75,658.95,75,0,472275
NIFTY30JAN2011500CE.NFO,07/01/2020,09:15:47,658.2,651.75,75,658.95,75,0,472275
NIFTY30JAN2011500CE.NFO,07/01/2020,09:15:48,658.2,651.75,75,657.85,75,0,472275
NIFTY30JAN2011500CE.NFO,07/01/2020,09:15:49,658.2,652.1,75,658.95,75,0,472275
NIFTY30JAN2011500CE.NFO,07/01/2020,09:15:50,658.2,652.25,75,658.95,75,0,472275
NIFTY30JAN2011500CE.NFO,07/01/2020,09:15:51,658.2,652.65,75,658.95,75,0,472275
NIFTY30JAN2011500CE.NFO,07/01/2020,09:15:53,658.2,652.7,150,659,75,0,472275
NIFTY30JAN2011500CE.NFO,07/01/2020,09:15:54,658.2,653.95,75,659,75,0,472275
NIFTY30JAN2011500CE.NFO,07/01/2020,09:15:55,658.2,653.65,150,659,75,0,472275
NIFTY30JAN2011500CE.NFO,07/01/2020,09:15:57,658.2,652.7,75,659,75,0,472275
NIFTY30JAN2011500CE.NFO,07/01/2020,09:15:58,658.2,652.95,75,659,75,0,472275
NIFTY30JAN2011500CE.NFO,07/01/2020,09:15:59,658.2,654.65,75,659,75,0,472275
NIFTY30JAN2011500CE.NFO,07/01/2020,09:16:00,658.2,652.45,75,658.8,75,0,472275
NIFTY30JAN2011500CE.NFO,07/01/2020,09:16:02,658.2,650.95,225,655,150,0,472275
NIFTY30JAN2011500CE.NFO,07/01/2020,09:16:03,655,650.5,75,658,75,150,472275
NIFTY30JAN2011500CE.NFO,07/01/2020,09:16:04,655,653.65,75,658,75,0,472275
NIFTY30JAN2011500CE.NFO,07/01/2020,09:16:05,655,654.1,75,658,75,0,472275
NIFTY30JAN2011500CE.NFO,07/01/2020,09:16:06,655,648.3,75,658,75,0,472275
NIFTY30JAN2011500CE.NFO,07/01/2020,09:16:07,655,654.2,75,658,75,0,472275
NIFTY30JAN2011500CE.NFO,07/01/2020,09:16:08,655,654.05,75,658,75,0,472275
NIFTY30JAN2011500CE.NFO,07/01/2020,09:16:10,655,653.75,75,658,75,0,472275
NIFTY30JAN2011500CE.NFO,07/01/2020,09:16:11,655,654.15,75,658,75,0,472275
NIFTY30JAN2011500CE.NFO,07/01/2020,09:16:12,655,653.85,75,658,75,0,472275
NIFTY30JAN2011500CE.NFO,07/01/2020,09:16:13,655,654.1,75,658,75,0,472275
NIFTY30JAN2011500CE.NFO,07/01/2020,09:16:14,655,654.8,75,658,75,0,472275
NIFTY30JAN2011500CE.NFO,07/01/2020,09:16:15,655,654.95,750,658,75,0,472275
NIFTY30JAN2011500CE.NFO,07/01/2020,09:16:16,658,654.8,75,659,75,75,472275
NIFTY30JAN2011500CE.NFO,07/01/2020,09:16:17,658,654.95,75,659,75,0,472275
NIFTY30JAN2011500CE.NFO,07/01/2020,09:16:18,658,654.7,900,659,75,0,472275
NIFTY30JAN2011500CE.NFO,07/01/2020,09:16:20,658,655.15,75,659,75,0,472275
NIFTY30JAN2011500CE.NFO,07/01/2020,09:16:21,659,654.45,75,660,75,75,472275
NIFTY30JAN2011500CE.NFO,07/01/2020,09:16:21,659,654.45,75,660,75,0,472275
NIFTY30JAN2011500CE.NFO,07/01/2020,09:16:22,659,656.8,75,660,75,0,472275
NIFTY30JAN2011500CE.NFO,07/01/2020,09:16:23,655,657.1,75,660,75,900,472275
NIFTY30JAN2011500CE.NFO,07/01/2020,09:16:24,655,657.1,75,660,75,0,472275
NIFTY30JAN2011500CE.NFO,07/01/2020,09:16:27,660,656.65,75,664.95,150,75,472275
NIFTY30JAN2011500CE.NFO,07/01/2020,09:16:27,660,656.65,75,664.95,150,0,472275
NIFTY30JAN2011500CE.NFO,07/01/2020,09:16:28,660,658.3,75,664.95,150,0,472275
NIFTY30JAN2011500CE.NFO,07/01/2020,09:16:30,660,658.9,75,664.95,150,0,472275
NIFTY30JAN2011500CE.NFO,07/01/2020,09:16:32,660,659.35,75,664.95,150,0,472275
NIFTY30JAN2011500CE.NFO,07/01/2020,09:16:34,660,660.05,75,664.95,150,0,472275
NIFTY30JAN2011500CE.NFO,07/01/2020,09:16:35,660,660,75,664.95,150,0,472275
NIFTY30JAN2011500CE.NFO,07/01/2020,09:16:36,660,659.8,75,664.95,150,0,472275
NIFTY30JAN2011500CE.NFO,07/01/2020,09:16:38,660,655.9,75,664.95,150,0,472275
NIFTY30JAN2011500CE.NFO,07/01/2020,09:16:39,660,659.4,75,664.95,150,75,472275
NIFTY30JAN2011500CE.NFO,07/01/2020,09:16:40,660,659.9,75,664.95,150,0,472275
NIFTY30JAN2011500CE.NFO,07/01/2020,09:16:41,664.95,659.9,75,664.95,75,75,472275
NIFTY30JAN2011500CE.NFO,07/01/2020,09:16:41,664.95,659.9,75,664.95,75,0,472275
NIFTY30JAN2011500CE.NFO,07/01/2020,09:16:43,664.95,660.15,75,664.95,75,0,472275
NIFTY30JAN2011500CE.NFO,07/01/2020,09:16:44,664.95,660.85,75,664.95,75,0,472275
NIFTY30JAN2011500CE.NFO,07/01/2020,09:16:45,660.2,659.65,75,665,150,300,472275
NIFTY30JAN2011500CE.NFO,07/01/2020,09:16:47,660.2,660.9,75,665,150,0,472275
NIFTY30JAN2011500CE.NFO,07/01/2020,09:16:48,660.2,661.1,75,665,150,0,472275
NIFTY30JAN2011500CE.NFO,07/01/2020,09:16:49,660.2,661.15,1350,665,150,0,472275
NIFTY30JAN2011500CE.NFO,07/01/2020,09:16:50,660.2,661.65,1425,665,150,0,472275
NIFTY30JAN2011500CE.NFO,07/01/2020,09:16:51,660.2,661.8,75,665,150,0,472275
NIFTY30JAN2011500CE.NFO,07/01/2020,09:16:52,660.2,659.4,75,665,150,0,472275
NIFTY30JAN2011500CE.NFO,07/01/2020,09:16:53,660.2,660.6,75,665,150,0,472275
NIFTY30JAN2011500CE.NFO,07/01/2020,09:16:54,660.2,661.8,75,665,150,0,472275
NIFTY30JAN2011500CE.NFO,07/01/2020,09:16:55,660.2,662.25,75,665,150,0,472275
NIFTY30JAN2011500CE.NFO,07/01/2020,09:16:56,665,662.65,75,665,75,75,472275
NIFTY30JAN2011500CE.NFO,07/01/2020,09:16:56,665,662.65,75,665,75,0,472275
NIFTY30JAN2011500CE.NFO,07/01/2020,09:16:58,665,662.8,75,665,75,0,472275
NIFTY30JAN2011500CE.NFO,07/01/2020,09:16:59,665,661.4,75,669.9,150,75,472275
NIFTY30JAN2011500CE.NFO,07/01/2020,09:17:00,665,661.6,1425,668,150,0,472275
NIFTY30JAN2011500CE.NFO,07/01/2020,09:17:01,665,662.3,75,669.75,900,0,472275
NIFTY30JAN2011500CE.NFO,07/01/2020,09:17:02,665,662.65,75,669.7,150,0,472275
NIFTY30JAN2011500CE.NFO,07/01/2020,09:17:04,665,662.95,75,669.75,75,0,472275
NIFTY30JAN2011500CE.NFO,07/01/2020,09:17:05,665,663.1,75,670.4,75,0,472275
NIFTY30JAN2011500CE.NFO,07/01/2020,09:17:06,663.1,664.65,1275,670.8,75,75,472275
NIFTY30JAN2011500CE.NFO,07/01/2020,09:17:07,663.1,664.65,1125,670.7,75,0,472275
NIFTY30JAN2011500CE.NFO,07/01/2020,09:17:08,663.1,664.75,225,671.55,75,0,472275
NIFTY30JAN2011500CE.NFO,07/01/2020,09:17:09,663.1,664.9,75,672.05,75,0,472275
NIFTY30JAN2011500CE.NFO,07/01/2020,09:17:10,663.1,665.65,1275,672.9,750,0,472275
NIFTY30JAN2011500CE.NFO,07/01/2020,09:17:11,663.1,665.65,375,672.85,75,0,472275
NIFTY30JAN2011500CE.NFO,07/01/2020,09:17:12,663.1,665.95,75,672.85,825,0,472275
NIFTY30JAN2011500CE.NFO,07/01/2020,09:17:13,663.1,666.75,75,673.75,75,0,472275
NIFTY30JAN2011500CE.NFO,07/01/2020,09:17:15,667.05,667.25,1125,674.7,75,75,474900
NIFTY30JAN2011500CE.NFO,07/01/2020,09:17:15,667.05,667.25,1125,674.7,75,0,474900
NIFTY30JAN2011500CE.NFO,07/01/2020,09:17:16,667.05,668.05,75,674.9,750,0,474900
NIFTY30JAN2011500CE.NFO,07/01/2020,09:17:17,667.05,668.8,75,674.9,750,0,474900
NIFTY30JAN2011500CE.NFO,07/01/2020,09:17:18,667.05,669.4,75,674.95,150,0,474900
NIFTY30JAN2011500CE.NFO,07/01/2020,09:17:19,667.05,669.5,75,674.95,150,0,474900
NIFTY30JAN2011500CE.NFO,07/01/2020,09:17:20,667.05,667.6,75,674.95,150,0,474900
NIFTY30JAN2011500CE.NFO,07/01/2020,09:17:21,667.7,668,750,674.9,150,150,474900
NIFTY30JAN2011500CE.NFO,07/01/2020,09:17:21,668.95,668,750,674.9,150,0,474900
NIFTY30JAN2011500CE.NFO,07/01/2020,09:17:22,667.7,669.2,75,674.95,150,0,474900
NIFTY30JAN2011500CE.NFO,07/01/2020,09:17:24,667.7,669.25,750,674.15,75,0,474900
NIFTY30JAN2011500CE.NFO,07/01/2020,09:17:25,667.7,669.25,1125,674.95,150,0,474900
NIFTY30JAN2011500CE.NFO,07/01/2020,09:17:26,667.7,669.25,1200,674.8,75,0,474900
NIFTY30JAN2011500CE.NFO,07/01/2020,09:17:27,667.7,669.25,750,674.4,150,0,474900
NIFTY30JAN2011500CE.NFO,07/01/2020,09:17:28,667.7,668.35,75,674.65,75,0,474900
NIFTY30JAN2011500CE.NFO,07/01/2020,09:17:29,667.7,668.15,150,673.65,75,0,474900
NIFTY30JAN2011500CE.NFO,07/01/2020,09:17:30,667.7,668.1,750,674.7,75,0,474900
NIFTY30JAN2011500CE.NFO,07/01/2020,09:17:31,667.7,667.4,75,673.75,75,0,474900
NIFTY30JAN2011500CE.NFO,07/01/2020,09:17:32,667.7,667.45,1275,673.25,75,0,474900
NIFTY30JAN2011500CE.NFO,07/01/2020,09:17:33,667.7,667.5,375,673.65,75,0,474900
NIFTY30JAN2011500CE.NFO,07/01/2020,09:17:34,667.7,664.85,75,673.2,75,0,474900
NIFTY30JAN2011500CE.NFO,07/01/2020,09:17:35,667.7,666.5,1275,672.95,75,0,474900
NIFTY30JAN2011500CE.NFO,07/01/2020,09:17:36,667.7,667.7,75,673.9,75,0,474900
NIFTY30JAN2011500CE.NFO,07/01/2020,09:17:37,667.7,667.7,75,672.75,75,0,474900
NIFTY30JAN2011500CE.NFO,07/01/2020,09:17:38,667.7,667.7,75,672.55,75,0,474900
NIFTY30JAN2011500CE.NFO,07/01/2020,09:17:39,667.7,667.7,75,672.3,75,0,474900
NIFTY30JAN2011500CE.NFO,07/01/2020,09:17:40,667.7,667.7,75,671.55,75,0,474900
NIFTY30JAN2011500CE.NFO,07/01/2020,09:17:41,667.7,667.7,75,673.05,150,0,474900
NIFTY30JAN2011500CE.NFO,07/01/2020,09:17:42,667.7,667.7,75,669.95,75,0,474900
NIFTY30JAN2011500CE.NFO,07/01/2020,09:17:45,667.7,667.7,75,669.9,75,0,474900
NIFTY30JAN2011500CE.NFO,07/01/2020,09:17:48,667.7,663.65,150,667,75,75,474900
NIFTY30JAN2011500CE.NFO,07/01/2020,09:17:49,667.7,663.85,150,667,75,0,474900
NIFTY30JAN2011500CE.NFO,07/01/2020,09:17:53,667,663.85,150,669.9,75,75,474900
NIFTY30JAN2011500CE.NFO,07/01/2020,09:17:54,667,663.85,150,669.9,75,0,474900
NIFTY30JAN2011500CE.NFO,07/01/2020,09:17:55,667,664.55,75,669.9,75,0,474900
NIFTY30JAN2011500CE.NFO,07/01/2020,09:17:57,667,664.95,150,669.9,75,0,474900
NIFTY30JAN2011500CE.NFO,07/01/2020,09:17:58,667,665.4,150,669.9,75,0,474900
NIFTY30JAN2011500CE.NFO,07/01/2020,09:17:59,667,664.65,150,669.95,75,0,474900
NIFTY30JAN2011500CE.NFO,07/01/2020,09:18:00,667,664.9,75,669.95,75,0,474900
NIFTY30JAN2011500CE.NFO,07/01/2020,09:18:01,667,664.95,1275,669.95,75,0,474900
NIFTY30JAN2011500CE.NFO,07/01/2020,09:18:01,667,665.1,75,669.95,75,0,474900
NIFTY30JAN2011500CE.NFO,07/01/2020,09:18:03,667,666,1275,669.95,75,0,474900
NIFTY30JAN2011500CE.NFO,07/01/2020,09:18:04,667,666.65,75,669.95,75,0,474900
NIFTY30JAN2011500CE.NFO,07/01/2020,09:18:05,667,667.35,75,669.95,75,0,474900
NIFTY30JAN2011500CE.NFO,07/01/2020,09:18:06,669.95,667.5,75,674.25,75,75,474900
NIFTY30JAN2011500CE.NFO,07/01/2020,09:18:06,669.95,667.5,75,674.25,75,0,474900
NIFTY30JAN2011500CE.NFO,07/01/2020,09:18:07,669.95,667.5,75,674.25,75,0,474900
NIFTY30JAN2011500CE.NFO,07/01/2020,09:18:08,669.95,667.5,75,674.2,750,0,474900
NIFTY30JAN2011500CE.NFO,07/01/2020,09:18:08,669.95,667.5,75,674.2,75,0,474900
NIFTY30JAN2011500CE.NFO,07/01/2020,09:18:09,669.95,667.5,75,673.2,75,0,474900
NIFTY30JAN2011500CE.NFO,07/01/2020,09:18:11,669.95,667.8,75,674.25,75,0,474900
NIFTY30JAN2011500CE.NFO,07/01/2020,09:18:12,669.95,668.5,525,674.7,75,0,474900
NIFTY30JAN2011500CE.NFO,07/01/2020,09:18:13,669.95,669.05,150,675,75,0,474900
NIFTY30JAN2011500CE.NFO,07/01/2020,09:18:14,669.95,668.65,450,674.7,75,0,474900
NIFTY30JAN2011500CE.NFO,07/01/2020,09:18:15,669.95,668.9,75,675.25,75,0,474900
NIFTY30JAN2011500CE.NFO,07/01/2020,09:18:16,669.95,668.95,450,674.6,75,0,474900
NIFTY30JAN2011500CE.NFO,07/01/2020,09:18:17,669.95,668.95,450,675.3,75,0,474900
NIFTY30JAN2011500CE.NFO,07/01/2020,09:18:17,669.95,668.95,75,675.3,75,0,474900
NIFTY30JAN2011500CE.NFO,07/01/2020,09:18:19,669.95,668.05,75,675.3,150,0,474900
NIFTY30JAN2011500CE.NFO,07/01/2020,09:18:20,669.95,668.15,75,675.25,900,0,474900
NIFTY30JAN2011500CE.NFO,07/01/2020,09:18:21,670,669.65,75,675.25,750,75,474900
NIFTY30JAN2011500CE.NFO,07/01/2020,09:18:21,670,669.65,75,675.25,750,0,474900
NIFTY30JAN2011500CE.NFO,07/01/2020,09:18:22,670,669.65,75,677.7,75,0,474900
NIFTY30JAN2011500CE.NFO,07/01/2020,09:18:23,670,666.25,1800,676.1,75,0,474900
NIFTY30JAN2011500CE.NFO,07/01/2020,09:18:24,670,668.45,75,675.95,1050,0,474900
NIFTY30JAN2011500CE.NFO,07/01/2020,09:18:25,670,669.1,75,675.75,75,0,474900
NIFTY30JAN2011500CE.NFO,07/01/2020,09:18:26,670,668.6,75,675.95,1050,0,474900
NIFTY30JAN2011500CE.NFO,07/01/2020,09:18:27,670,668.95,75,675.4,1050,0,474900
NIFTY30JAN2011500CE.NFO,07/01/2020,09:18:28,670,668.1,75,674.45,75,0,474900
NIFTY30JAN2011500CE.NFO,07/01/2020,09:18:29,670,668.2,75,674.25,75,0,474900
NIFTY30JAN2011500CE.NFO,07/01/2020,09:18:30,670,668.25,750,673.6,75,0,474900
NIFTY30JAN2011500CE.NFO,07/01/2020,09:18:31,670,667.35,75,673.6,75,0,474900
NIFTY30JAN2011500CE.NFO,07/01/2020,09:18:33,670,666,75,673.15,75,0,474900
NIFTY30JAN2011500CE.NFO,07/01/2020,09:18:34,670,666.05,1425,671.8,75,0,474900
NIFTY30JAN2011500CE.NFO,07/01/2020,09:18:35,670,666.05,1425,670,225,0,474900
NIFTY30JAN2011500CE.NFO,07/01/2020,09:18:36,670,666.05,300,670,225,0,474900
NIFTY30JAN2011500CE.NFO,07/01/2020,09:18:37,670,664.8,75,670,225,0,474900
NIFTY30JAN2011500CE.NFO,07/01/2020,09:18:38,670,664.9,75,670,225,0,474900
NIFTY30JAN2011500CE.NFO,07/01/2020,09:18:39,670,664.75,150,670,225,0,474900
NIFTY30JAN2011500CE.NFO,07/01/2020,09:18:40,670,664.75,150,669.85,75,0,474900
NIFTY30JAN2011500CE.NFO,07/01/2020,09:18:41,670,664.75,150,669.95,75,0,474900
NIFTY30JAN2011500CE.NFO,07/01/2020,09:18:43,670,664.8,75,670,225,0,474900
NIFTY30JAN2011500CE.NFO,07/01/2020,09:18:44,670,664.8,75,669.9,75,0,474900
NIFTY30JAN2011500CE.NFO,07/01/2020,09:18:45,670,665.2,75,668,150,0,474900
NIFTY30JAN2011500CE.NFO,07/01/2020,09:18:46,670,664.85,150,668,150,0,474900
NIFTY30JAN2011500CE.NFO,07/01/2020,09:18:47,670,663.2,75,668,150,0,474900
NIFTY30JAN2011500CE.NFO,07/01/2020,09:18:48,670,663.75,75,668,150,0,474900
NIFTY30JAN2011500CE.NFO,07/01/2020,09:18:49,670,663.85,225,668,150,0,474900
NIFTY30JAN2011500CE.NFO,07/01/2020,09:18:50,670,663.9,75,668,150,0,474900
NIFTY30JAN2011500CE.NFO,07/01/2020,09:18:51,670,663.85,150,668,150,0,474900
NIFTY30JAN2011500CE.NFO,07/01/2020,09:18:53,670,663.05,300,668,150,0,474900
NIFTY30JAN2011500CE.NFO,07/01/2020,09:18:54,670,662.1,75,668,150,0,474900
NIFTY30JAN2011500CE.NFO,07/01/2020,09:18:55,670,662.15,375,668,150,0,474900
NIFTY30JAN2011500CE.NFO,07/01/2020,09:18:56,670,662.15,75,667.95,900,0,474900
NIFTY30JAN2011500CE.NFO,07/01/2020,09:18:56,670,662.15,75,668,150,0,474900
NIFTY30JAN2011500CE.NFO,07/01/2020,09:18:58,670,662.45,75,665,300,0,474900
NIFTY30JAN2011500CE.NFO,07/01/2020,09:18:59,670,662.5,375,665,300,0,474900
NIFTY30JAN2011500CE.NFO,07/01/2020,09:19:01,670,662.55,375,665,300,0,474900
NIFTY30JAN2011500CE.NFO,07/01/2020,09:19:02,670,663.1,300,665,300,0,474900
NIFTY30JAN2011500CE.NFO,07/01/2020,09:19:03,663.1,662.7,1425,665,225,150,474900
NIFTY30JAN2011500CE.NFO,07/01/2020,09:19:04,663.1,662.75,450,665,225,0,474900
NIFTY30JAN2011500CE.NFO,07/01/2020,09:19:05,663.1,662.75,375,665,225,0,474900
NIFTY30JAN2011500CE.NFO,07/01/2020,09:19:06,665,663.3,75,665,150,75,474900
NIFTY30JAN2011500CE.NFO,07/01/2020,09:19:07,665,660.8,75,665,150,0,474900
NIFTY30JAN2011500CE.NFO,07/01/2020,09:19:08,665,662.05,75,665,150,0,474900
NIFTY30JAN2011500CE.NFO,07/01/2020,09:19:09,662.45,662.4,75,665,150,75,474900
NIFTY30JAN2011500CE.NFO,07/01/2020,09:19:10,662.45,662.55,75,665,150,0,474900
NIFTY30JAN2011500CE.NFO,07/01/2020,09:19:11,665,662.8,75,669.3,75,150,474900
NIFTY30JAN2011500CE.NFO,07/01/2020,09:19:12,665,662.85,75,669.45,75,0,474900
NIFTY30JAN2011500CE.NFO,07/01/2020,09:19:13,665,663.25,75,669.35,75,0,474900
NIFTY30JAN2011500CE.NFO,07/01/2020,09:19:14,665,663.25,75,669.9,300,0,474900
NIFTY30JAN2011500CE.NFO,07/01/2020,09:19:15,665,663.15,300,669.3,150,0,474900
NIFTY30JAN2011500CE.NFO,07/01/2020,09:19:16,665,663.2,750,669.3,150,0,474900
NIFTY30JAN2011500CE.NFO,07/01/2020,09:19:17,665,663.3,75,669.45,150,0,474900
NIFTY30JAN2011500CE.NFO,07/01/2020,09:19:18,665,663.25,450,669.45,150,0,474900
NIFTY30JAN2011500CE.NFO,07/01/2020,09:19:19,665,663.3,150,669.2,150,0,474900
NIFTY30JAN2011500CE.NFO,07/01/2020,09:19:20,665,664.4,1425,669.9,150,0,474900
NIFTY30JAN2011500CE.NFO,07/01/2020,09:19:21,665,664.4,1500,669.9,150,0,474900
NIFTY30JAN2011500CE.NFO,07/01/2020,09:19:22,665,664.8,75,669.9,150,0,474900
NIFTY30JAN2011500CE.NFO,07/01/2020,09:19:23,665,665,75,669.95,75,0,474900
NIFTY30JAN2011500CE.NFO,07/01/2020,09:19:24,665,665.05,1425,669.95,75,0,474900
NIFTY30JAN2011500CE.NFO,07/01/2020,09:19:25,665,665.1,375,669.9,75,0,474900
NIFTY30JAN2011500CE.NFO,07/01/2020,09:19:26,665,665.15,75,669.95,75,0,474900
NIFTY30JAN2011500CE.NFO,07/01/2020,09:19:27,665,665.45,1425,669.95,75,0,474900
NIFTY30JAN2011500CE.NFO,07/01/2020,09:19:28,665,665.45,300,669.95,75,0,474900
NIFTY30JAN2011500CE.NFO,07/01/2020,09:19:31,665,663.85,75,669.9,75,0,474900
NIFTY30JAN2011500CE.NFO,07/01/2020,09:19:32,665,664.3,75,669.9,75,0,474900
NIFTY30JAN2011500CE.NFO,07/01/2020,09:19:33,665,664.35,300,669.9,75,0,474900
NIFTY30JAN2011500CE.NFO,07/01/2020,09:19:34,665,662.95,75,669.5,150,0,474900
NIFTY30JAN2011500CE.NFO,07/01/2020,09:19:35,665,663.25,1425,669.5,150,0,474900
NIFTY30JAN2011500CE.NFO,07/01/2020,09:19:36,665,663.25,300,668.6,150,0,474900
NIFTY30JAN2011500CE.NFO,07/01/2020,09:19:37,665,663.25,300,668.5,150,0,474900
NIFTY30JAN2011500CE.NFO,07/01/2020,09:19:38,665,663.3,750,668.5,150,0,474900
NIFTY30JAN2011500CE.NFO,07/01/2020,09:19:39,665,663.75,1050,669.2,75,0,474900
NIFTY30JAN2011500CE.NFO,07/01/2020,09:19:40,665,663.8,750,668.95,150,0,474900
NIFTY30JAN2011500CE.NFO,07/01/2020,09:19:41,665,664,300,668.95,150,0,474900
NIFTY30JAN2011500CE.NFO,07/01/2020,09:19:42,665,664.1,75,669.65,150,0,474900
NIFTY30JAN2011500CE.NFO,07/01/2020,09:19:43,665,664.05,1125,669.65,75,0,474900
NIFTY30JAN2011500CE.NFO,07/01/2020,09:19:44,665,664.05,1125,669.9,75,0,474900
NIFTY30JAN2011500CE.NFO,07/01/2020,09:19:46,665,664.35,75,669.9,75,0,474900
NIFTY30JAN2011500CE.NFO,07/01/2020,09:19:47,665,664.6,1575,669.9,75,150,474900
NIFTY30JAN2011500CE.NFO,07/01/2020,09:19:48,665,664.6,1575,669.9,75,0,474900
NIFTY30JAN2011500CE.NFO,07/01/2020,09:19:49,665,664.7,75,669.9,75,0,474900
NIFTY30JAN2011500CE.NFO,07/01/2020,09:19:50,665,664.6,1425,669.9,75,0,474900
NIFTY30JAN2011500CE.NFO,07/01/2020,09:19:51,665,664.65,75,669.9,75,0,474900
NIFTY30JAN2011500CE.NFO,07/01/2020,09:19:52,665,664.6,1425,669.7,75,0,474900
NIFTY30JAN2011500CE.NFO,07/01/2020,09:19:53,665,664.6,1425,669.9,75,0,474900
NIFTY30JAN2011500CE.NFO,07/01/2020,09:19:54,665,664.65,150,669.95,75,0,474900
NIFTY30JAN2011500CE.NFO,07/01/2020,09:19:55,665,664.6,300,669.75,75,0,474900
NIFTY30JAN2011500CE.NFO,07/01/2020,09:19:56,665,664.65,1125,669.8,75,0,474900
NIFTY30JAN2011500CE.NFO,07/01/2020,09:19:57,665,664.7,375,669.95,75,0,474900
NIFTY30JAN2011500CE.NFO,07/01/2020,09:19:57,665,664.6,300,669.95,75,0,474900
NIFTY30JAN2011500CE.NFO,07/01/2020,09:19:59,665,664.7,75,669,75,0,474900
NIFTY30JAN2011500CE.NFO,07/01/2020,09:20:01,665,665.15,75,669,75,0,474900
NIFTY30JAN2011500CE.NFO,07/01/2020,09:20:02,665,665.9,1575,669,150,0,474900
NIFTY30JAN2011500CE.NFO,07/01/2020,09:20:03,665,666.55,75,669,150,0,474900
NIFTY30JAN2011500CE.NFO,07/01/2020,09:20:04,665,666.85,75,669,150,0,474900
NIFTY30JAN2011500CE.NFO,07/01/2020,09:20:05,665,666.95,75,669,150,0,474900
NIFTY30JAN2011500CE.NFO,07/01/2020,09:20:06,669,667.3,1425,669.95,75,150,474900
NIFTY30JAN2011500CE.NFO,07/01/2020,09:20:07,669,667.5,75,669.95,75,0,474900
NIFTY30JAN2011500CE.NFO,07/01/2020,09:20:09,669,667.4,150,669.95,75,0,474900
NIFTY30JAN2011500CE.NFO,07/01/2020,09:20:10,669,667.35,75,669.95,75,0,474900
NIFTY30JAN2011500CE.NFO,07/01/2020,09:20:11,669.95,667.35,150,672.7,75,75,475425
NIFTY30JAN2011500CE.NFO,07/01/2020,09:20:12,669.95,667.3,1500,672.6,75,0,475425
NIFTY30JAN2011500CE.NFO,07/01/2020,09:20:13,669.95,667.3,1425,672.15,75,0,475425
NIFTY30JAN2011500CE.NFO,07/01/2020,09:20:14,669.95,667.35,450,672.8,75,0,475425
NIFTY30JAN2011500CE.NFO,07/01/2020,09:20:15,669.95,667.65,75,673.25,75,0,475425
NIFTY30JAN2011500CE.NFO,07/01/2020,09:20:16,669.95,667.7,1425,673.25,75,0,475425
NIFTY30JAN2011500CE.NFO,07/01/2020,09:20:19,669.95,667.75,750,673.25,75,0,475425
NIFTY30JAN2011500CE.NFO,07/01/2020,09:20:20,669.95,667.8,300,673.65,150,0,475425
NIFTY30JAN2011500CE.NFO,07/01/2020,09:20:21,669.95,667.8,300,673.75,150,0,475425
NIFTY30JAN2011500CE.NFO,07/01/2020,09:20:22,669.95,667.85,1125,672.4,75,0,475425
NIFTY30JAN2011500CE.NFO,07/01/2020,09:20:23,669.95,667.7,300,672.5,75,0,475425
NIFTY30JAN2011500CE.NFO,07/01/2020,09:20:24,669.95,666.5,75,672.25,75,0,475425
NIFTY30JAN2011500CE.NFO,07/01/2020,09:20:26,669.95,666.65,75,672.25,75,0,475425
NIFTY30JAN2011500CE.NFO,07/01/2020,09:20:27,669.95,666.7,1875,672.25,75,0,475425
NIFTY30JAN2011500CE.NFO,07/01/2020,09:20:28,669.95,666.75,75,672.1,75,0,475425
NIFTY30JAN2011500CE.NFO,07/01/2020,09:20:29,669.95,666.75,300,672.1,75,0,475425
NIFTY30JAN2011500CE.NFO,07/01/2020,09:20:30,669.95,667.05,1875,669,150,0,475425
NIFTY30JAN2011500CE.NFO,07/01/2020,09:20:31,669,667.3,1875,669,75,75,475425
NIFTY30JAN2011500CE.NFO,07/01/2020,09:20:32,669,667.45,75,671,75,75,475425
NIFTY30JAN2011500CE.NFO,07/01/2020,09:20:33,669,667.7,1875,671,75,0,475425
NIFTY30JAN2011500CE.NFO,07/01/2020,09:20:34,669,667.7,1950,671,75,0,475425
NIFTY30JAN2011500CE.NFO,07/01/2020,09:20:36,669,668.35,75,671,75,0,475425
NIFTY30JAN2011500CE.NFO,07/01/2020,09:20:37,669,668.35,75,671,150,0,475425
NIFTY30JAN2011500CE.NFO,07/01/2020,09:20:38,669,667.95,1350,671,150,0,475425
NIFTY30JAN2011500CE.NFO,07/01/2020,09:20:39,669,668.25,1725,671,150,0,475425
NIFTY30JAN2011500CE.NFO,07/01/2020,09:20:42,669,668.25,600,671,150,0,475425
NIFTY30JAN2011500CE.NFO,07/01/2020,09:20:44,669,668.3,1275,671,150,0,475425
NIFTY30JAN2011500CE.NFO,07/01/2020,09:20:46,669,668.35,150,671,150,0,475425
NIFTY30JAN2011500CE.NFO,07/01/2020,09:20:49,669,668.6,75,671,150,0,475425
NIFTY30JAN2011500CE.NFO,07/01/2020,09:20:50,669,668.85,75,671,150,0,475425
NIFTY30JAN2011500CE.NFO,07/01/2020,09:20:51,669,668.9,1875,671,150,0,475425
NIFTY30JAN2011500CE.NFO,07/01/2020,09:20:52,671,668.9,1875,672,75,150,475425
NIFTY30JAN2011500CE.NFO,07/01/2020,09:20:52,671,668.9,1875,672,75,0,475425
NIFTY30JAN2011500CE.NFO,07/01/2020,09:20:53,672,669.3,75,675.7,150,75,475425
NIFTY30JAN2011500CE.NFO,07/01/2020,09:20:53,672,669.3,75,675.7,150,0,475425
NIFTY30JAN2011500CE.NFO,07/01/2020,09:20:54,669.5,669.5,1875,676.35,225,225,475425
NIFTY30JAN2011500CE.NFO,07/01/2020,09:20:55,669.5,669.8,75,676.6,75,0,475425
NIFTY30JAN2011500CE.NFO,07/01/2020,09:20:56,669.5,669.75,1875,676.6,75,0,475425
NIFTY30JAN2011500CE.NFO,07/01/2020,09:20:57,669.5,670.2,75,676.6,75,0,475425
NIFTY30JAN2011500CE.NFO,07/01/2020,09:20:59,669.5,670,1875,675.55,75,0,475425
NIFTY30JAN2011500CE.NFO,07/01/2020,09:21:00,669.5,670,1875,676.55,75,0,475425
NIFTY30JAN2011500CE.NFO,07/01/2020,09:21:01,669.5,670,1350,675.15,75,0,475425
NIFTY30JAN2011500CE.NFO,07/01/2020,09:21:02,669.5,670,300,674.45,225,0,475425
NIFTY30JAN2011500CE.NFO,07/01/2020,09:21:03,669.5,665.45,75,674.45,225,0,475425
NIFTY30JAN2011500CE.NFO,07/01/2020,09:21:04,669.5,667.45,75,674.45,225,0,475425
NIFTY30JAN2011500CE.NFO,07/01/2020,09:21:05,669.5,667.7,75,674.2,150,0,475425
NIFTY30JAN2011500CE.NFO,07/01/2020,09:21:06,669.5,667.75,1875,673.9,300,0,475425
NIFTY30JAN2011500CE.NFO,07/01/2020,09:21:08,669.5,667.75,1875,674.4,225,0,475425
NIFTY30JAN2011500CE.NFO,07/01/2020,09:21:09,669.5,667.9,75,674.95,225,0,475425
NIFTY30JAN2011500CE.NFO,07/01/2020,09:21:10,669.5,668.55,75,674.95,225,0,475425
NIFTY30JAN2011500CE.NFO,07/01/2020,09:21:11,669.5,669.05,75,675.5,300,0,475425
NIFTY30JAN2011500CE.NFO,07/01/2020,09:21:12,669.1,669.15,75,676.65,150,150,475425
NIFTY30JAN2011500CE.NFO,07/01/2020,09:21:14,670,670.05,75,676.65,75,150,475425
NIFTY30JAN2011500CE.NFO,07/01/2020,09:21:15,670,670.15,75,676.55,75,0,475425
NIFTY30JAN2011500CE.NFO,07/01/2020,09:21:16,670,670.1,1875,676.5,75,0,475425
NIFTY30JAN2011500CE.NFO,07/01/2020,09:21:18,670,670.35,1875,676.4,150,0,475425
NIFTY30JAN2011500CE.NFO,07/01/2020,09:21:20,670,670.35,1875,676.45,75,0,475425
NIFTY30JAN2011500CE.NFO,07/01/2020,09:21:21,670,670.35,1875,675.85,75,0,475425
NIFTY30JAN2011500CE.NFO,07/01/2020,09:21:22,670,670.35,1875,676.5,75,0,475425
NIFTY30JAN2011500CE.NFO,07/01/2020,09:21:23,670,670.35,1725,675.6,75,0,475425
NIFTY30JAN2011500CE.NFO,07/01/2020,09:21:25,670,670.35,1425,675.6,75,0,475425
NIFTY30JAN2011500CE.NFO,07/01/2020,09:21:26,670,670.35,1425,674.65,75,0,475425
NIFTY30JAN2011500CE.NFO,07/01/2020,09:21:27,670,670.4,300,675.6,75,0,475425
NIFTY30JAN2011500CE.NFO,07/01/2020,09:21:29,670,670.4,300,676.2,150,0,475425
NIFTY30JAN2011500CE.NFO,07/01/2020,09:21:30,670,670.4,300,672,75,0,475425
NIFTY30JAN2011500CE.NFO,07/01/2020,09:21:31,672,670.35,675,674.5,75,75,475425
NIFTY30JAN2011500CE.NFO,07/01/2020,09:21:32,672,670.35,300,674.5,75,0,475425
NIFTY30JAN2011500CE.NFO,07/01/2020,09:21:33,672,667.35,75,674.3,75,0,475425
NIFTY30JAN2011500CE.NFO,07/01/2020,09:21:35,672,667.35,75,674.45,75,0,475425
NIFTY30JAN2011500CE.NFO,07/01/2020,09:21:36,672,667.35,75,674.5,75,0,475425
NIFTY30JAN2011500CE.NFO,07/01/2020,09:21:37,672,667.35,75,673.7,75,0,475425
NIFTY30JAN2011500CE.NFO,07/01/2020,09:21:40,672,667.35,75,674.45,75,0,475425
NIFTY30JAN2011500CE.NFO,07/01/2020,09:21:41,672,667.9,1500,674.65,75,0,475425
NIFTY30JAN2011500CE.NFO,07/01/2020,09:21:42,672,668.6,75,675.45,75,0,475425
NIFTY30JAN2011500CE.NFO,07/01/2020,09:21:44,672,669.15,75,674,150,0,475425
NIFTY30JAN2011500CE.NFO,07/01/2020,09:21:45,674,669.3,1875,676.2,75,150,475425
NIFTY30JAN2011500CE.NFO,07/01/2020,09:21:45,674,669.3,1875,676.2,75,0,475425
NIFTY30JAN2011500CE.NFO,07/01/2020,09:21:46,674,669.75,75,676.2,75,0,475425
NIFTY30JAN2011500CE.NFO,07/01/2020,09:21:47,674,670,75,675,150,0,475425
NIFTY30JAN2011500CE.NFO,07/01/2020,09:21:48,674,669.8,1875,675,150,0,475425
NIFTY30JAN2011500CE.NFO,07/01/2020,09:21:57,674,669.85,150,675,150,0,475425
NIFTY30JAN2011500CE.NFO,07/01/2020,09:21:58,674,670,75,675,150,0,475425
NIFTY30JAN2011500CE.NFO,07/01/2020,09:22:00,674,670.3,1875,675,150,0,475425
NIFTY30JAN2011500CE.NFO,07/01/2020,09:22:01,674,670.35,150,675,150,0,475425
NIFTY30JAN2011500CE.NFO,07/01/2020,09:22:02,674,670.45,75,675,150,0,475425
NIFTY30JAN2011500CE.NFO,07/01/2020,09:22:03,675,670.45,75,676.3,75,150,475425
NIFTY30JAN2011500CE.NFO,07/01/2020,09:22:03,675,670.45,75,676.3,75,0,475425
NIFTY30JAN2011500CE.NFO,07/01/2020,09:22:05,676,674.75,75,681.05,150,150,475425
NIFTY30JAN2011500CE.NFO,07/01/2020,09:22:05,676,674.75,75,681.05,150,0,475425
NIFTY30JAN2011500CE.NFO,07/01/2020,09:22:06,676,674.6,1875,681.05,150,0,475425
NIFTY30JAN2011500CE.NFO,07/01/2020,09:22:07,676,674.6,1875,681,150,0,475425
NIFTY30JAN2011500CE.NFO,07/01/2020,09:22:08,676,674.6,1725,680.3,75,0,475425
NIFTY30JAN2011500CE.NFO,07/01/2020,09:22:10,676,674.65,375,679.6,75,0,475425
NIFTY30JAN2011500CE.NFO,07/01/2020,09:22:11,676,672.4,75,679.5,75,0,475425
NIFTY30JAN2011500CE.NFO,07/01/2020,09:22:12,676,672.3,75,679.2,300,0,475425
NIFTY30JAN2011500CE.NFO,07/01/2020,09:22:13,676,672.3,75,678.95,75,0,475425
NIFTY30JAN2011500CE.NFO,07/01/2020,09:22:14,676,672.3,75,678.65,75,0,475425
NIFTY30JAN2011500CE.NFO,07/01/2020,09:22:15,676,672.35,75,678.65,75,0,475425
NIFTY30JAN2011500CE.NFO,07/01/2020,09:22:17,676,672.75,75,679.55,75,0,475425
NIFTY30JAN2011500CE.NFO,07/01/2020,09:22:18,676,674.15,75,680.75,75,0,475425
NIFTY30JAN2011500CE.NFO,07/01/2020,09:22:19,676,674.4,75,680.9,75,0,475425
NIFTY30JAN2011500CE.NFO,07/01/2020,09:22:20,676,674.5,75,680.9,75,0,475425
NIFTY30JAN2011500CE.NFO,07/01/2020,09:22:21,676,674.55,1875,680.85,150,0,475425
NIFTY30JAN2011500CE.NFO,07/01/2020,09:22:22,676,674.55,1875,680.3,150,0,475425
NIFTY30JAN2011500CE.NFO,07/01/2020,09:22:24,676,674.55,1875,680.75,150,0,475425
NIFTY30JAN2011500CE.NFO,07/01/2020,09:22:25,676,674.75,75,680.85,75,0,475425
NIFTY30JAN2011500CE.NFO,07/01/2020,09:22:26,676,675,75,681.75,75,0,475425
NIFTY30JAN2011500CE.NFO,07/01/2020,09:22:27,676,675.05,1875,681.75,225,0,475425
NIFTY30JAN2011500CE.NFO,07/01/2020,09:22:28,676,675.1,75,681.9,75,0,475425
NIFTY30JAN2011500CE.NFO,07/01/2020,09:22:29,676,675.05,1875,680.4,75,0,475425
NIFTY30JAN2011500CE.NFO,07/01/2020,09:22:31,676,675.05,1875,681.2,75,0,475425
NIFTY30JAN2011500CE.NFO,07/01/2020,09:22:32,676,675.05,1875,680.9,75,0,475425
NIFTY30JAN2011500CE.NFO,07/01/2020,09:22:33,676,675.05,1725,681.05,75,0,475425
NIFTY30JAN2011500CE.NFO,07/01/2020,09:22:34,676,675.1,150,681.15,150,0,475425
NIFTY30JAN2011500CE.NFO,07/01/2020,09:22:35,676,675.05,1725,680.85,75,0,475425
NIFTY30JAN2011500CE.NFO,07/01/2020,09:22:36,676,675.05,1725,679.95,75,0,475425
NIFTY30JAN2011500CE.NFO,07/01/2020,09:22:37,676,675.1,150,681.1,75,0,475425
NIFTY30JAN2011500CE.NFO,07/01/2020,09:22:39,676,675.1,150,680.65,75,0,475425
NIFTY30JAN2011500CE.NFO,07/01/2020,09:22:40,676,675.1,150,680.9,75,0,475425
NIFTY30JAN2011500CE.NFO,07/01/2020,09:22:41,676,675.1,150,680.65,75,0,475425
NIFTY30JAN2011500CE.NFO,07/01/2020,09:22:42,676,675.1,150,680.6,225,0,475425
NIFTY30JAN2011500CE.NFO,07/01/2020,09:22:43,676,675.1,150,680.95,75,0,475425
NIFTY30JAN2011500CE.NFO,07/01/2020,09:22:44,676,675.05,1725,679,150,0,475425
NIFTY30JAN2011500CE.NFO,07/01/2020,09:22:45,676,675.1,300,679,150,0,475425
NIFTY30JAN2011500CE.NFO,07/01/2020,09:22:48,676,675.05,675,679,150,0,475425
NIFTY30JAN2011500CE.NFO,07/01/2020,09:22:49,676,675.1,1050,679,150,0,475425
NIFTY30JAN2011500CE.NFO,07/01/2020,09:22:50,676,675.15,300,679,150,0,475425
NIFTY30JAN2011500CE.NFO,07/01/2020,09:22:51,676,675.2,150,679,150,0,475425
NIFTY30JAN2011500CE.NFO,07/01/2020,09:22:53,679,675.15,300,681.05,75,150,475425
NIFTY30JAN2011500CE.NFO,07/01/2020,09:22:53,679,675.15,300,681.05,75,0,475425
NIFTY30JAN2011500CE.NFO,07/01/2020,09:22:55,679,675.2,150,681,75,0,475425
NIFTY30JAN2011500CE.NFO,07/01/2020,09:22:56,679,675.2,150,680.85,75,0,475425
NIFTY30JAN2011500CE.NFO,07/01/2020,09:22:57,679,675.2,150,680.15,75,0,475425
NIFTY30JAN2011500CE.NFO,07/01/2020,09:22:58,679,675.2,150,680.75,75,0,475425
NIFTY30JAN2011500CE.NFO,07/01/2020,09:22:59,679,675.2,150,680.65,75,0,475425
NIFTY30JAN2011500CE.NFO,07/01/2020,09:23:00,679,675.2,150,680.8,75,0,475425
NIFTY30JAN2011500CE.NFO,07/01/2020,09:23:03,679,675.2,150,680.55,75,0,475425
NIFTY30JAN2011500CE.NFO,07/01/2020,09:23:04,679,675.2,150,680.4,75,0,475425
NIFTY30JAN2011500CE.NFO,07/01/2020,09:23:05,679,675.2,150,679.7,75,0,475425
NIFTY30JAN2011500CE.NFO,07/01/2020,09:23:06,679,675.2,150,680,75,0,475425
NIFTY30JAN2011500CE.NFO,07/01/2020,09:23:07,679,675.2,150,679.8,75,0,475425
NIFTY30JAN2011500CE.NFO,07/01/2020,09:23:09,679,675.2,150,680,75,0,475425
NIFTY30JAN2011500CE.NFO,07/01/2020,09:23:11,679,675.15,300,680,75,0,475425
NIFTY30JAN2011500CE.NFO,07/01/2020,09:23:12,679,675.15,375,679.7,75,0,475425
NIFTY30JAN2011500CE.NFO,07/01/2020,09:23:13,679,675.15,375,679.65,75,0,475425
NIFTY30JAN2011500CE.NFO,07/01/2020,09:23:14,679,675.15,375,679.75,75,0,475425
NIFTY30JAN2011500CE.NFO,07/01/2020,09:23:16,679,675.05,300,679.3,75,0,475425
NIFTY30JAN2011500CE.NFO,07/01/2020,09:23:17,679,672.15,150,678.05,75,0,475425
NIFTY30JAN2011500CE.NFO,07/01/2020,09:23:18,679,672.25,150,678.4,75,0,475425
NIFTY30JAN2011500CE.NFO,07/01/2020,09:23:19,679,672.7,150,679,75,0,475425
NIFTY30JAN2011500CE.NFO,07/01/2020,09:23:20,679,673.45,75,679.7,75,0,475425
NIFTY30JAN2011500CE.NFO,07/01/2020,09:23:22,679,673.5,1875,679.45,75,0,475425
NIFTY30JAN2011500CE.NFO,07/01/2020,09:23:23,679,673.5,1875,679.8,75,0,475425
NIFTY30JAN2011500CE.NFO,07/01/2020,09:23:24,679,673.85,75,679.85,75,0,475425
NIFTY30JAN2011500CE.NFO,07/01/2020,09:23:25,679,673.55,75,679.95,75,0,475425
NIFTY30JAN2011500CE.NFO,07/01/2020,09:23:27,679,673.55,75,679.45,75,0,475425
NIFTY30JAN2011500CE.NFO,07/01/2020,09:23:29,679,673.5,1875,679.75,75,0,475425
NIFTY30JAN2011500CE.NFO,07/01/2020,09:23:30,679,673.5,1875,679.85,75,0,475425
NIFTY30JAN2011500CE.NFO,07/01/2020,09:23:31,679,673.5,1875,679.75,75,0,475425
NIFTY30JAN2011500CE.NFO,07/01/2020,09:23:32,679,673.5,2025,679.65,75,0,475425
NIFTY30JAN2011500CE.NFO,07/01/2020,09:23:35,679,673.5,2025,679.1,75,0,475425
NIFTY30JAN2011500CE.NFO,07/01/2020,09:23:36,679,673.5,2025,679.65,75,0,475425
NIFTY30JAN2011500CE.NFO,07/01/2020,09:23:38,679,673.6,150,679.95,75,0,475425
NIFTY30JAN2011500CE.NFO,07/01/2020,09:23:39,679,673.85,2025,679.75,75,0,475425
NIFTY30JAN2011500CE.NFO,07/01/2020,09:23:40,679,673.85,1875,679.55,75,0,475425
NIFTY30JAN2011500CE.NFO,07/01/2020,09:23:41,679,673.85,1875,679.65,75,0,475425
NIFTY30JAN2011500CE.NFO,07/01/2020,09:23:43,679,673.85,1875,678.8,75,0,475425
NIFTY30JAN2011500CE.NFO,07/01/2020,09:23:44,679,673.85,1875,678.75,75,0,475425
NIFTY30JAN2011500CE.NFO,07/01/2020,09:23:45,679,673.85,1875,678.65,75,0,475425
NIFTY30JAN2011500CE.NFO,07/01/2020,09:23:48,679,673.85,1875,679,150,0,475425
NIFTY30JAN2011500CE.NFO,07/01/2020,09:23:52,679,673.85,2025,679,150,0,475425
NIFTY30JAN2011500CE.NFO,07/01/2020,09:23:53,679,673.85,1950,679,150,0,475425
NIFTY30JAN2011500CE.NFO,07/01/2020,09:23:56,679,673.85,1950,678,150,0,475425
NIFTY30JAN2011500CE.NFO,07/01/2020,09:23:57,678,673.85,1950,680,75,150,476100
NIFTY30JAN2011500CE.NFO,07/01/2020,09:23:58,678,675.55,150,680,75,0,476100
NIFTY30JAN2011500CE.NFO,07/01/2020,09:24:04,678,676.2,150,680,75,0,476100
NIFTY30JAN2011500CE.NFO,07/01/2020,09:24:05,678,674.9,150,679.6,75,0,476100
NIFTY30JAN2011500CE.NFO,07/01/2020,09:24:06,678,675,150,680,75,0,476100
NIFTY30JAN2011500CE.NFO,07/01/2020,09:24:07,678,675.1,75,680,75,0,476100
NIFTY30JAN2011500CE.NFO,07/01/2020,09:24:09,678,674.95,1725,680,75,0,476100
NIFTY30JAN2011500CE.NFO,07/01/2020,09:24:10,678,674.95,1725,679.6,75,0,476100
NIFTY30JAN2011500CE.NFO,07/01/2020,09:24:12,678,674.95,1725,679.55,75,0,476100
NIFTY30JAN2011500CE.NFO,07/01/2020,09:24:13,678,674.95,1725,679.8,75,0,476100
NIFTY30JAN2011500CE.NFO,07/01/2020,09:24:14,678,675,675,680,150,0,476100
NIFTY30JAN2011500CE.NFO,07/01/2020,09:24:17,678,675,675,679.8,75,0,476100
NIFTY30JAN2011500CE.NFO,07/01/2020,09:24:18,678,675,675,679.7,75,0,476100
NIFTY30JAN2011500CE.NFO,07/01/2020,09:24:20,678,674.95,1050,678.45,75,0,476100
NIFTY30JAN2011500CE.NFO,07/01/2020,09:24:21,678,675,375,679.4,75,0,476100
NIFTY30JAN2011500CE.NFO,07/01/2020,09:24:23,678,675,375,679.95,75,0,476100
NIFTY30JAN2011500CE.NFO,07/01/2020,09:24:24,678,674.95,300,679.4,150,0,476100
NIFTY30JAN2011500CE.NFO,07/01/2020,09:24:25,678,674.95,300,679.95,75,0,476100
NIFTY30JAN2011500CE.NFO,07/01/2020,09:24:26,678,675,375,679.35,75,0,476100
NIFTY30JAN2011500CE.NFO,07/01/2020,09:24:28,678,674.95,300,678.4,75,0,476100
NIFTY30JAN2011500CE.NFO,07/01/2020,09:24:29,678,673.45,1875,678.4,75,0,476100
NIFTY30JAN2011500CE.NFO,07/01/2020,09:24:30,678,673.45,1950,678.55,75,0,476100
NIFTY30JAN2011500CE.NFO,07/01/2020,09:24:31,678,673.45,1875,678.5,75,0,476100
NIFTY30JAN2011500CE.NFO,07/01/2020,09:24:32,678,673.45,1875,678.25,75,0,476100
NIFTY30JAN2011500CE.NFO,07/01/2020,09:24:33,678,673.5,75,678.5,75,0,476100
NIFTY30JAN2011500CE.NFO,07/01/2020,09:24:34,678,673.5,300,678.4,375,0,476100
NIFTY30JAN2011500CE.NFO,07/01/2020,09:24:37,678,673.5,300,677.65,75,0,476100
NIFTY30JAN2011500CE.NFO,07/01/2020,09:24:38,678,673.5,300,678.5,75,0,476100
NIFTY30JAN2011500CE.NFO,07/01/2020,09:24:39,678,673.45,1425,678.15,75,0,476100
NIFTY30JAN2011500CE.NFO,07/01/2020,09:24:40,678,673.45,1425,677.65,75,0,476100
NIFTY30JAN2011500CE.NFO,07/01/2020,09:24:41,678,673.5,300,678.2,150,0,476100
NIFTY30JAN2011500CE.NFO,07/01/2020,09:24:43,678,673.45,1425,677.65,75,0,476100
NIFTY30JAN2011500CE.NFO,07/01/2020,09:24:45,678,673.45,1050,677.6,75,0,476100
NIFTY30JAN2011500CE.NFO,07/01/2020,09:24:47,678,673.45,1050,677.65,75,0,476100
NIFTY30JAN2011500CE.NFO,07/01/2020,09:24:48,678,673.45,1050,677.6,75,0,476100
NIFTY30JAN2011500CE.NFO,07/01/2020,09:24:49,678,673.45,1050,677.35,75,0,476100
NIFTY30JAN2011500CE.NFO,07/01/2020,09:24:50,678,673.45,750,677.6,75,0,476100
NIFTY30JAN2011500CE.NFO,07/01/2020,09:24:51,678,673.5,300,677.9,75,0,476100
NIFTY30JAN2011500CE.NFO,07/01/2020,09:24:53,678,673.5,300,678.15,75,0,476100
NIFTY30JAN2011500CE.NFO,07/01/2020,09:24:54,678,671.75,75,677.7,75,0,476100
NIFTY30JAN2011500CE.NFO,07/01/2020,09:24:55,678,671.8,1875,678,75,0,476100
NIFTY30JAN2011500CE.NFO,07/01/2020,09:24:56,678,671.8,1950,677.5,75,0,476100
NIFTY30JAN2011500CE.NFO,07/01/2020,09:24:58,678,671.8,1950,678.15,75,0,476100
NIFTY30JAN2011500CE.NFO,07/01/2020,09:24:59,678,671.8,1875,677.7,75,0,476100
NIFTY30JAN2011500CE.NFO,07/01/2020,09:25:02,678,672.3,150,678.3,75,0,476100
NIFTY30JAN2011500CE.NFO,07/01/2020,09:25:03,678,672.4,150,678.3,75,0,476100
NIFTY30JAN2011500CE.NFO,07/01/2020,09:25:04,678,672.6,75,678.3,75,0,476100
NIFTY30JAN2011500CE.NFO,07/01/2020,09:25:05,678,673.25,150,679,75,0,476100
NIFTY30JAN2011500CE.NFO,07/01/2020,09:25:06,678,673.35,150,679.65,75,0,476100
NIFTY30JAN2011500CE.NFO,07/01/2020,09:25:07,678,673.7,150,679.6,375,0,476100
NIFTY30JAN2011500CE.NFO,07/01/2020,09:25:09,678,673.8,300,679.5,75,0,476100
NIFTY30JAN2011500CE.NFO,07/01/2020,09:25:10,678,673.8,375,679,75,0,476100
NIFTY30JAN2011500CE.NFO,07/01/2020,09:25:11,678,673.8,375,678,75,0,476100
NIFTY30JAN2011500CE.NFO,07/01/2020,09:25:12,678,673.8,375,678.7,75,0,476100
NIFTY30JAN2011500CE.NFO,07/01/2020,09:25:13,678,673.85,150,678.7,75,0,476100
NIFTY30JAN2011500CE.NFO,07/01/2020,09:25:14,678,673.75,300,678.55,75,0,476100
NIFTY30JAN2011500CE.NFO,07/01/2020,09:25:16,678,673.75,300,678.6,75,0,476100
NIFTY30JAN2011500CE.NFO,07/01/2020,09:25:17,678,672.9,1725,678.6,75,0,476100
NIFTY30JAN2011500CE.NFO,07/01/2020,09:25:19,678,672.95,150,678.6,75,0,476100
NIFTY30JAN2011500CE.NFO,07/01/2020,09:25:21,678,672.95,225,678.6,75,0,476100
NIFTY30JAN2011500CE.NFO,07/01/2020,09:25:23,678,673.05,150,677.95,75,0,476100
NIFTY30JAN2011500CE.NFO,07/01/2020,09:25:26,673,673.05,150,677.95,75,225,476100
NIFTY30JAN2011500CE.NFO,07/01/2020,09:25:27,673,672.95,150,677.95,75,0,476100
NIFTY30JAN2011500CE.NFO,07/01/2020,09:25:30,673,672.95,150,677.85,75,0,476100
NIFTY30JAN2011500CE.NFO,07/01/2020,09:25:32,673,672.9,1725,677.85,75,0,476100
NIFTY30JAN2011500CE.NFO,07/01/2020,09:25:33,673,672.9,1725,677.5,75,0,476100
NIFTY30JAN2011500CE.NFO,07/01/2020,09:25:34,673,672.9,1725,678.15,75,0,476100
NIFTY30JAN2011500CE.NFO,07/01/2020,09:25:35,673,672.9,1725,677.7,75,0,476100
NIFTY30JAN2011500CE.NFO,07/01/2020,09:25:37,673,672.9,1725,675.05,75,0,476100
NIFTY30JAN2011500CE.NFO,07/01/2020,09:25:38,673,672.9,975,675.05,75,0,476100
NIFTY30JAN2011500CE.NFO,07/01/2020,09:25:42,673,672.95,750,675.05,75,0,476100
NIFTY30JAN2011500CE.NFO,07/01/2020,09:25:46,673,673,150,675.05,75,0,476100
NIFTY30JAN2011500CE.NFO,07/01/2020,09:25:49,675.05,673.3,150,678.65,75,75,476100
NIFTY30JAN2011500CE.NFO,07/01/2020,09:25:50,675.05,673.35,2025,678.65,75,0,476100
NIFTY30JAN2011500CE.NFO,07/01/2020,09:25:52,675.05,673.35,2025,678.6,75,0,476100
NIFTY30JAN2011500CE.NFO,07/01/2020,09:25:53,675.05,673.35,2025,678.75,75,0,476100
NIFTY30JAN2011500CE.NFO,07/01/2020,09:25:55,675.05,673.35,1875,678.75,75,0,476100
NIFTY30JAN2011500CE.NFO,07/01/2020,09:25:56,675.05,673.35,1875,678.5,75,0,476100
NIFTY30JAN2011500CE.NFO,07/01/2020,09:25:57,675.05,673.35,1875,678.25,75,0,476100
NIFTY30JAN2011500CE.NFO,07/01/2020,09:25:58,675.05,673.35,1875,678.1,75,0,476100
NIFTY30JAN2011500CE.NFO,07/01/2020,09:25:59,675.05,673.35,1725,677.5,75,0,476100
NIFTY30JAN2011500CE.NFO,07/01/2020,09:26:00,675.05,673.35,300,677.75,75,0,476100
NIFTY30JAN2011500CE.NFO,07/01/2020,09:26:01,675.05,672.15,75,677.85,150,0,476100
NIFTY30JAN2011500CE.NFO,07/01/2020,09:26:03,675.05,672.2,1725,677.25,75,0,476100
NIFTY30JAN2011500CE.NFO,07/01/2020,09:26:04,675.05,672.25,750,677.25,75,0,476100
NIFTY30JAN2011500CE.NFO,07/01/2020,09:26:05,675.05,672.25,750,677.45,75,0,476100
NIFTY30JAN2011500CE.NFO,07/01/2020,09:26:06,675.05,672.25,750,677.4,75,0,476100
NIFTY30JAN2011500CE.NFO,07/01/2020,09:26:07,675.05,672.25,750,676.6,75,0,476100
NIFTY30JAN2011500CE.NFO,07/01/2020,09:26:12,675.05,672.2,675,676.6,75,0,476100
NIFTY30JAN2011500CE.NFO,07/01/2020,09:26:13,675.05,670.45,75,676.4,75,0,476100
NIFTY30JAN2011500CE.NFO,07/01/2020,09:26:14,675.05,670.55,75,676.4,75,0,476100
NIFTY30JAN2011500CE.NFO,07/01/2020,09:26:16,675.05,670.55,75,675.95,75,0,476100
NIFTY30JAN2011500CE.NFO,07/01/2020,09:26:18,675.05,670.5,1575,675.95,75,0,476100
NIFTY30JAN2011500CE.NFO,07/01/2020,09:26:19,675.05,670.5,1575,675.7,75,0,476100
NIFTY30JAN2011500CE.NFO,07/01/2020,09:26:20,675.05,670.5,1575,674.8,75,0,476100
NIFTY30JAN2011500CE.NFO,07/01/2020,09:26:21,675.05,670.5,1575,675.9,75,0,476100
NIFTY30JAN2011500CE.NFO,07/01/2020,09:26:23,675.05,670.5,1575,675.05,75,0,476100
NIFTY30JAN2011500CE.NFO,07/01/2020,09:26:25,675.05,670.5,1575,675.5,75,0,476100
NIFTY30JAN2011500CE.NFO,07/01/2020,09:26:26,675.05,670.55,150,674.05,75,0,476100
NIFTY30JAN2011500CE.NFO,07/01/2020,09:26:28,675.05,670.55,300,674.05,75,0,476100
NIFTY30JAN2011500CE.NFO,07/01/2020,09:26:30,675.05,670.9,75,674.05,75,0,476100
NIFTY30JAN2011500CE.NFO,07/01/2020,09:26:31,675.05,671,75,674.05,75,0,476100
NIFTY30JAN2011500CE.NFO,07/01/2020,09:26:35,675.05,671.1,150,674.05,75,0,476100
NIFTY30JAN2011500CE.NFO,07/01/2020,09:26:36,675.05,671.3,75,674.05,75,0,476100
NIFTY30JAN2011500CE.NFO,07/01/2020,09:26:38,675.05,671.25,150,674.05,75,0,476100
NIFTY30JAN2011500CE.NFO,07/01/2020,09:26:39,675.05,670.45,150,674.05,75,0,476100
NIFTY30JAN2011500CE.NFO,07/01/2020,09:26:40,675.05,670.4,450,674.05,75,0,476100
NIFTY30JAN2011500CE.NFO,07/01/2020,09:26:43,675.05,670.45,750,674.05,75,0,476100
NIFTY30JAN2011500CE.NFO,07/01/2020,09:26:44,675.05,670.45,750,673,75,0,476100
NIFTY30JAN2011500CE.NFO,07/01/2020,09:26:46,675.05,670.5,525,673,75,0,476100
NIFTY30JAN2011500CE.NFO,07/01/2020,09:26:47,675.05,670.5,150,673,75,0,476100
NIFTY30JAN2011500CE.NFO,07/01/2020,09:26:54,675.05,670.45,750,673,75,0,476100
NIFTY30JAN2011500CE.NFO,07/01/2020,09:26:55,675.05,670.5,150,673,75,0,476100
NIFTY30JAN2011500CE.NFO,07/01/2020,09:27:00,675.05,670.45,750,673,75,0,476100
NIFTY30JAN2011500CE.NFO,07/01/2020,09:27:02,675.05,670.5,150,673,75,0,476100
NIFTY30JAN2011500CE.NFO,07/01/2020,09:27:04,675.05,670.45,750,673,75,0,476100
NIFTY30JAN2011500CE.NFO,07/01/2020,09:27:09,675.05,670.5,150,673,75,0,476100
NIFTY30JAN2011500CE.NFO,07/01/2020,09:27:14,675.05,670.45,750,673,75,0,476100
NIFTY30JAN2011500CE.NFO,07/01/2020,09:27:21,675.05,670.5,300,673,75,0,476100
NIFTY30JAN2011500CE.NFO,07/01/2020,09:27:23,675.05,670.55,525,673,75,0,476100
NIFTY30JAN2011500CE.NFO,07/01/2020,09:27:25,675.05,670.5,300,673,75,0,476100
NIFTY30JAN2011500CE.NFO,07/01/2020,09:27:30,675.05,670.4,150,673,75,0,476100
NIFTY30JAN2011500CE.NFO,07/01/2020,09:27:34,675.05,668.9,75,673,75,0,476100
NIFTY30JAN2011500CE.NFO,07/01/2020,09:27:36,675.05,668.95,1725,673,75,0,476100
NIFTY30JAN2011500CE.NFO,07/01/2020,09:27:44,675.05,669,150,673,75,0,476100
NIFTY30JAN2011500CE.NFO,07/01/2020,09:27:45,675.05,668.95,1200,673,75,0,476100
NIFTY30JAN2011500CE.NFO,07/01/2020,09:27:50,675.05,669,525,673,75,0,476100
NIFTY30JAN2011500CE.NFO,07/01/2020,09:27:52,675.05,669,600,673,75,0,476100
NIFTY30JAN2011500CE.NFO,07/01/2020,09:27:53,675.05,669,525,673,75,0,476100
NIFTY30JAN2011500CE.NFO,07/01/2020,09:27:57,675.05,669,600,673,75,0,476100
NIFTY30JAN2011500CE.NFO,07/01/2020,09:27:59,675.05,669,150,673,75,0,476100
NIFTY30JAN2011500CE.NFO,07/01/2020,09:28:00,675.05,666.9,75,672.8,75,0,476100
NIFTY30JAN2011500CE.NFO,07/01/2020,09:28:01,675.05,667.9,1725,673,75,0,476100
NIFTY30JAN2011500CE.NFO,07/01/2020,09:28:03,675.05,667.95,75,673,75,0,476100
NIFTY30JAN2011500CE.NFO,07/01/2020,09:28:04,675.05,668,75,673,75,0,476100
NIFTY30JAN2011500CE.NFO,07/01/2020,09:28:07,675.05,667.9,1350,672.55,75,0,476100
NIFTY30JAN2011500CE.NFO,07/01/2020,09:28:08,675.05,667.95,375,673,75,0,476100
NIFTY30JAN2011500CE.NFO,07/01/2020,09:28:10,675.05,667.95,375,672.95,450,0,476100
NIFTY30JAN2011500CE.NFO,07/01/2020,09:28:11,675.05,667.9,1200,672.95,375,0,476100
NIFTY30JAN2011500CE.NFO,07/01/2020,09:28:12,675.05,667.95,75,672.95,375,0,476100
NIFTY30JAN2011500CE.NFO,07/01/2020,09:28:13,675.05,667.95,150,672.95,375,0,476100
NIFTY30JAN2011500CE.NFO,07/01/2020,09:28:14,675.05,667.9,1200,672.75,75,0,476100
NIFTY30JAN2011500CE.NFO,07/01/2020,09:28:16,675.05,667.9,1200,672.7,375,0,476100
NIFTY30JAN2011500CE.NFO,07/01/2020,09:28:18,675.05,667.9,1200,672.5,150,0,476100
NIFTY30JAN2011500CE.NFO,07/01/2020,09:28:19,675.05,666.95,1200,672.3,75,0,476100
NIFTY30JAN2011500CE.NFO,07/01/2020,09:28:20,675.05,666.95,1200,671.8,375,0,476100
NIFTY30JAN2011500CE.NFO,07/01/2020,09:28:21,675.05,666.95,900,671.8,375,0,476100
NIFTY30JAN2011500CE.NFO,07/01/2020,09:28:23,675.05,666.95,900,671.65,75,0,476100
NIFTY30JAN2011500CE.NFO,07/01/2020,09:28:25,675.05,666.25,150,670.35,75,0,476100
NIFTY30JAN2011500CE.NFO,07/01/2020,09:28:26,675.05,665.25,1350,670.9,75,0,476100
NIFTY30JAN2011500CE.NFO,07/01/2020,09:28:28,675.05,665.25,1200,670.75,375,0,476100
NIFTY30JAN2011500CE.NFO,07/01/2020,09:28:29,675.05,665.25,900,670.75,375,0,476100
NIFTY30JAN2011500CE.NFO,07/01/2020,09:28:30,675.05,665.25,900,669.9,75,0,476100
NIFTY30JAN2011500CE.NFO,07/01/2020,09:28:31,675.05,665.25,150,669.05,75,0,476100
NIFTY30JAN2011500CE.NFO,07/01/2020,09:28:32,675.05,665.3,750,669.2,75,0,476100
NIFTY30JAN2011500CE.NFO,07/01/2020,09:28:34,675.05,665.3,1050,670.4,375,0,476100
NIFTY30JAN2011500CE.NFO,07/01/2020,09:28:35,675.05,665.3,1050,670.2,75,0,476100
NIFTY30JAN2011500CE.NFO,07/01/2020,09:28:36,675.05,665.35,525,670.4,75,0,476100
NIFTY30JAN2011500CE.NFO,07/01/2020,09:28:37,675.05,665.35,525,670.05,75,0,476100
NIFTY30JAN2011500CE.NFO,07/01/2020,09:28:38,675.05,665.35,150,669.95,75,0,476100
NIFTY30JAN2011500CE.NFO,07/01/2020,09:28:42,675.05,665.4,375,671,375,0,476100
NIFTY30JAN2011500CE.NFO,07/01/2020,09:28:43,675.05,665.8,1350,670.3,75,0,476100
NIFTY30JAN2011500CE.NFO,07/01/2020,09:28:44,675.05,665.8,1350,670.2,75,0,476100
NIFTY30JAN2011500CE.NFO,07/01/2020,09:28:47,675.05,665.8,1350,670.1,75,0,476100
NIFTY30JAN2011500CE.NFO,07/01/2020,09:28:49,675.05,665.85,450,670.1,75,0,476100
NIFTY30JAN2011500CE.NFO,07/01/2020,09:28:51,675.05,666.5,1725,671.65,75,0,476100
NIFTY30JAN2011500CE.NFO,07/01/2020,09:28:52,675.05,666.5,1725,671.55,75,0,476100
NIFTY30JAN2011500CE.NFO,07/01/2020,09:28:53,675.05,666.75,75,671.55,75,0,476100
NIFTY30JAN2011500CE.NFO,07/01/2020,09:28:54,675.05,666.9,75,671.55,75,0,476100
NIFTY30JAN2011500CE.NFO,07/01/2020,09:28:56,675.05,666.8,1350,671.55,75,0,476100
NIFTY30JAN2011500CE.NFO,07/01/2020,09:28:57,675.05,666.8,1200,671.45,75,0,476100
NIFTY30JAN2011500CE.NFO,07/01/2020,09:29:01,675.05,666.8,1200,671.6,375,0,476100
NIFTY30JAN2011500CE.NFO,07/01/2020,09:29:03,675.05,668.05,1725,673,75,0,476100
NIFTY30JAN2011500CE.NFO,07/01/2020,09:29:04,675.05,668.4,1725,673,75,0,476100
NIFTY30JAN2011500CE.NFO,07/01/2020,09:29:06,675.05,668.4,1350,673,75,0,476100
NIFTY30JAN2011500CE.NFO,07/01/2020,09:29:07,675.05,668.4,1200,673,75,0,476100
NIFTY30JAN2011500CE.NFO,07/01/2020,09:29:09,675.05,668.4,450,673,75,0,476100
NIFTY30JAN2011500CE.NFO,07/01/2020,09:29:10,675.05,668.45,750,673,75,0,476100
NIFTY30JAN2011500CE.NFO,07/01/2020,09:29:16,675.05,668.75,75,673,75,0,476100
NIFTY30JAN2011500CE.NFO,07/01/2020,09:29:17,675.05,669.3,75,673,75,0,476100
NIFTY30JAN2011500CE.NFO,07/01/2020,09:29:18,668.8,669.35,1200,673,75,75,476325
NIFTY30JAN2011500CE.NFO,07/01/2020,09:29:19,668.8,669.35,1200,673,75,0,476325
NIFTY30JAN2011500CE.NFO,07/01/2020,09:29:20,668.8,669.35,900,673,75,0,476325
NIFTY30JAN2011500CE.NFO,07/01/2020,09:29:21,668.8,669.35,150,673,75,0,476325
NIFTY30JAN2011500CE.NFO,07/01/2020,09:29:23,668.8,669.4,750,673,75,0,476325
NIFTY30JAN2011500CE.NFO,07/01/2020,09:29:25,668.8,669.35,150,673,75,0,476325
NIFTY30JAN2011500CE.NFO,07/01/2020,09:29:26,668.8,668.55,150,672.95,375,0,476325
NIFTY30JAN2011500CE.NFO,07/01/2020,09:29:29,668.8,667.95,900,672.95,375,0,476325
NIFTY30JAN2011500CE.NFO,07/01/2020,09:29:30,668.8,668.7,75,672.95,375,0,476325
NIFTY30JAN2011500CE.NFO,07/01/2020,09:29:31,668.8,668.75,150,672.95,375,0,476325
NIFTY30JAN2011500CE.NFO,07/01/2020,09:29:32,668.8,668.05,150,672.95,375,0,476325
NIFTY30JAN2011500CE.NFO,07/01/2020,09:29:35,668.8,668.5,300,672.95,375,0,476325
NIFTY30JAN2011500CE.NFO,07/01/2020,09:29:36,668.8,668.75,75,672.95,375,0,476325
NIFTY30JAN2011500CE.NFO,07/01/2020,09:29:37,668.8,668.8,150,672.95,375,0,476325
NIFTY30JAN2011500CE.NFO,07/01/2020,09:29:41,668.8,668.4,150,672.95,375,0,476325
NIFTY30JAN2011500CE.NFO,07/01/2020,09:29:47,668.8,668.45,1050,672.95,375,0,476325
NIFTY30JAN2011500CE.NFO,07/01/2020,09:29:50,668.8,668.4,150,672.95,375,0,476325
NIFTY30JAN2011500CE.NFO,07/01/2020,09:29:53,668.8,668.45,1050,672.95,375,0,476325
NIFTY30JAN2011500CE.NFO,07/01/2020,09:29:54,668.8,667.6,1200,672.85,75,0,476325
NIFTY30JAN2011500CE.NFO,07/01/2020,09:29:56,668.8,667.6,1200,672.95,375,0,476325
NIFTY30JAN2011500CE.NFO,07/01/2020,09:29:57,668.8,667.6,1200,672.85,75,0,476325
NIFTY30JAN2011500CE.NFO,07/01/2020,09:29:58,668.8,667.65,375,672.9,75,0,476325
NIFTY30JAN2011500CE.NFO,07/01/2020,09:29:59,668.8,667.65,525,672.9,75,0,476325
NIFTY30JAN2011500CE.NFO,07/01/2020,09:30:00,668.8,667.95,1200,672.95,75,0,476325
NIFTY30JAN2011500CE.NFO,07/01/2020,09:30:02,668.8,668.4,1725,673,75,0,476325
NIFTY30JAN2011500CE.NFO,07/01/2020,09:30:03,668.8,668.85,1725,673,75,0,476325
NIFTY30JAN2011500CE.NFO,07/01/2020,09:30:04,668.8,669,75,673,75,0,476325
NIFTY30JAN2011500CE.NFO,07/01/2020,09:30:07,668.8,669.9,900,673,75,0,476325
NIFTY30JAN2011500CE.NFO,07/01/2020,09:30:08,668.8,669.1,150,673,75,0,476325
NIFTY30JAN2011500CE.NFO,07/01/2020,09:30:09,668.8,669.15,1050,673,75,0,476325
NIFTY30JAN2011500CE.NFO,07/01/2020,09:30:10,668.8,669.2,525,673,75,0,476325
NIFTY30JAN2011500CE.NFO,07/01/2020,09:30:12,668.8,669.2,150,673,75,0,476325
NIFTY30JAN2011500CE.NFO,07/01/2020,09:30:13,668.8,669.15,1050,673,75,0,476325
NIFTY30JAN2011500CE.NFO,07/01/2020,09:30:14,668.8,670.1,150,673,75,0,476325
NIFTY30JAN2011500CE.NFO,07/01/2020,09:30:15,668.8,669.2,900,673,75,0,476325
NIFTY30JAN2011500CE.NFO,07/01/2020,09:30:17,668.8,669.25,150,673,75,0,476325
NIFTY30JAN2011500CE.NFO,07/01/2020,09:30:19,668.8,669.2,975,673,75,0,476325
NIFTY30JAN2011500CE.NFO,07/01/2020,09:30:20,668.8,669.2,900,673,75,0,476325
NIFTY30JAN2011500CE.NFO,07/01/2020,09:30:26,668.8,669.25,150,673,75,0,476325
NIFTY30JAN2011500CE.NFO,07/01/2020,09:30:27,668.8,669.25,525,673,75,0,476325
NIFTY30JAN2011500CE.NFO,07/01/2020,09:30:28,668.8,669.3,150,673,75,0,476325
NIFTY30JAN2011500CE.NFO,07/01/2020,09:30:29,668.8,669.25,150,673,75,0,476325
NIFTY30JAN2011500CE.NFO,07/01/2020,09:30:30,668.8,669.3,375,673,75,0,476325
NIFTY30JAN2011500CE.NFO,07/01/2020,09:30:33,668.8,669.25,150,673,75,0,476325
NIFTY30JAN2011500CE.NFO,07/01/2020,09:30:35,668.8,669.2,900,673,75,0,476325
NIFTY30JAN2011500CE.NFO,07/01/2020,09:30:39,668.8,669.25,150,673,75,0,476325
NIFTY30JAN2011500CE.NFO,07/01/2020,09:30:41,668.8,669.2,900,673,75,0,476325
NIFTY30JAN2011500CE.NFO,07/01/2020,09:30:44,668.8,669.25,150,673,75,0,476325
NIFTY30JAN2011500CE.NFO,07/01/2020,09:30:47,668.8,669.2,900,673,75,0,476325
NIFTY30JAN2011500CE.NFO,07/01/2020,09:30:49,668.8,669.25,525,673,75,0,476325
NIFTY30JAN2011500CE.NFO,07/01/2020,09:30:52,668.8,669.25,150,673,75,0,476325
NIFTY30JAN2011500CE.NFO,07/01/2020,09:30:53,668.8,669.2,900,672.95,75,0,476325
NIFTY30JAN2011500CE.NFO,07/01/2020,09:30:56,668.8,669.2,900,673,75,0,476325
NIFTY30JAN2011500CE.NFO,07/01/2020,09:30:59,668.8,669.25,150,673,75,0,476325
NIFTY30JAN2011500CE.NFO,07/01/2020,09:31:00,668.8,669.3,375,673,75,0,476325
NIFTY30JAN2011500CE.NFO,07/01/2020,09:31:04,668.8,669.35,75,673,75,0,476325
NIFTY30JAN2011500CE.NFO,07/01/2020,09:31:05,668.8,669.4,300,673,75,0,476325
NIFTY30JAN2011500CE.NFO,07/01/2020,09:31:06,668.8,669.5,150,673,75,0,476325
NIFTY30JAN2011500CE.NFO,07/01/2020,09:31:07,668.8,669.55,375,673,75,0,476325
NIFTY30JAN2011500CE.NFO,07/01/2020,09:31:08,668.8,669.7,75,673,75,0,476325
NIFTY30JAN2011500CE.NFO,07/01/2020,09:31:09,668.8,669.75,1350,673,75,0,476325
NIFTY30JAN2011500CE.NFO,07/01/2020,09:31:11,668.8,669.8,375,673,75,0,476325
NIFTY30JAN2011500CE.NFO,07/01/2020,09:31:12,673,670.85,1725,674.05,75,75,476325
NIFTY30JAN2011500CE.NFO,07/01/2020,09:31:13,673,670.85,1725,674.05,75,0,476325
NIFTY30JAN2011500CE.NFO,07/01/2020,09:31:15,673,671.85,1200,674.05,75,0,476325
NIFTY30JAN2011500CE.NFO,07/01/2020,09:31:20,673,671.9,525,674.05,75,0,476325
NIFTY30JAN2011500CE.NFO,07/01/2020,09:31:32,673,671.85,1200,674.05,75,0,476325
NIFTY30JAN2011500CE.NFO,07/01/2020,09:31:33,673,671.9,150,674.05,75,0,476325
NIFTY30JAN2011500CE.NFO,07/01/2020,09:31:34,673,671.85,1200,674.05,75,0,476325
NIFTY30JAN2011500CE.NFO,07/01/2020,09:31:35,673,671.9,375,674.05,75,0,476325
NIFTY30JAN2011500CE.NFO,07/01/2020,09:31:36,673,671.95,150,674.05,75,0,476325
NIFTY30JAN2011500CE.NFO,07/01/2020,09:31:38,674.05,672.1,75,677.5,375,75,476325
NIFTY30JAN2011500CE.NFO,07/01/2020,09:31:39,674.05,672.15,1575,677.5,375,0,476325
NIFTY30JAN2011500CE.NFO,07/01/2020,09:31:40,674.05,672.2,150,677.5,375,0,476325
NIFTY30JAN2011500CE.NFO,07/01/2020,09:31:45,674.05,672.6,75,678.25,75,0,476325
NIFTY30JAN2011500CE.NFO,07/01/2020,09:31:46,674.05,672.95,1200,678.3,375,0,476325
NIFTY30JAN2011500CE.NFO,07/01/2020,09:31:50,674.05,673.2,75,678.3,375,0,476325
NIFTY30JAN2011500CE.NFO,07/01/2020,09:31:51,674.05,673.25,1725,678.3,375,0,476325
NIFTY30JAN2011500CE.NFO,07/01/2020,09:31:52,674.05,673.65,1200,678.3,375,0,476325
NIFTY30JAN2011500CE.NFO,07/01/2020,09:31:55,674.05,673.7,150,678.3,375,0,476325
NIFTY30JAN2011500CE.NFO,07/01/2020,09:31:56,674.05,674,1200,678.85,375,0,476325
NIFTY30JAN2011500CE.NFO,07/01/2020,09:31:57,674.05,674.25,75,678.85,375,0,476325
NIFTY30JAN2011500CE.NFO,07/01/2020,09:31:58,674.05,674.3,1200,678.85,375,0,476325
NIFTY30JAN2011500CE.NFO,07/01/2020,09:32:02,674.05,674.8,75,679,75,0,476325
NIFTY30JAN2011500CE.NFO,07/01/2020,09:32:03,674.05,674.85,525,679,75,0,476325
NIFTY30JAN2011500CE.NFO,07/01/2020,09:32:04,674.05,675.25,1575,679,75,0,476325
NIFTY30JAN2011500CE.NFO,07/01/2020,09:32:06,674.05,675.25,1725,679,75,0,476325
NIFTY30JAN2011500CE.NFO,07/01/2020,09:32:07,674.05,675.25,1200,679,75,0,476325
NIFTY30JAN2011500CE.NFO,07/01/2020,09:32:08,674.05,675.35,75,679,75,0,476325
NIFTY30JAN2011500CE.NFO,07/01/2020,09:32:12,674.05,676.05,1200,679,75,0,476325
NIFTY30JAN2011500CE.NFO,07/01/2020,09:32:14,674.05,676.15,375,679,75,0,476325
NIFTY30JAN2011500CE.NFO,07/01/2020,09:32:16,674.05,676.45,1725,679,75,0,476325
NIFTY30JAN2011500CE.NFO,07/01/2020,09:32:19,679,676.45,1725,687.25,75,75,476400
NIFTY30JAN2011500CE.NFO,07/01/2020,09:32:20,679,679.95,300,684.6,75,0,476400
NIFTY30JAN2011500CE.NFO,07/01/2020,09:32:22,679,679.95,750,684.4,75,0,476400
NIFTY30JAN2011500CE.NFO,07/01/2020,09:32:23,679,680.05,150,684.9,375,0,476400
NIFTY30JAN2011500CE.NFO,07/01/2020,09:32:24,679,680.05,150,684.85,75,0,476400
NIFTY30JAN2011500CE.NFO,07/01/2020,09:32:25,679,680.15,150,685.45,75,0,476400
NIFTY30JAN2011500CE.NFO,07/01/2020,09:32:27,679,680.3,1200,685.35,75,0,476400
NIFTY30JAN2011500CE.NFO,07/01/2020,09:32:28,679,680.35,375,686,75,0,476400
NIFTY30JAN2011500CE.NFO,07/01/2020,09:32:29,679,680.4,150,685.55,75,0,476400
NIFTY30JAN2011500CE.NFO,07/01/2020,09:32:32,679,681.2,1200,685.5,75,0,476400
NIFTY30JAN2011500CE.NFO,07/01/2020,09:32:33,679,681.25,150,685.95,75,0,476400
NIFTY30JAN2011500CE.NFO,07/01/2020,09:32:35,679,681.3,75,685.95,75,0,476400
NIFTY30JAN2011500CE.NFO,07/01/2020,09:32:39,679,682.15,75,688,75,0,476400
NIFTY30JAN2011500CE.NFO,07/01/2020,09:32:40,679,682.2,1725,687.6,75,0,476400
NIFTY30JAN2011500CE.NFO,07/01/2020,09:32:42,679,682.3,75,688.05,75,0,476400
NIFTY30JAN2011500CE.NFO,07/01/2020,09:32:43,679,682.2,1725,687.8,75,0,476400
NIFTY30JAN2011500CE.NFO,07/01/2020,09:32:44,679,682.2,1800,687.45,75,0,476400
NIFTY30JAN2011500CE.NFO,07/01/2020,09:32:46,679,682.2,1725,687.15,75,0,476400
NIFTY30JAN2011500CE.NFO,07/01/2020,09:32:47,679,682.2,1575,687.05,75,0,476400
NIFTY30JAN2011500CE.NFO,07/01/2020,09:32:48,679,682.2,1200,686.55,75,0,476400
NIFTY30JAN2011500CE.NFO,07/01/2020,09:32:49,679,682.2,450,686.55,75,0,476400
NIFTY30JAN2011500CE.NFO,07/01/2020,09:32:50,679,682.25,300,687.15,75,0,476400
NIFTY30JAN2011500CE.NFO,07/01/2020,09:32:52,679,682.3,750,686.3,75,0,476400
NIFTY30JAN2011500CE.NFO,07/01/2020,09:32:53,679,682.3,750,686.7,375,0,476400
NIFTY30JAN2011500CE.NFO,07/01/2020,09:32:54,679,682.3,750,687.3,450,0,476400
NIFTY30JAN2011500CE.NFO,07/01/2020,09:32:55,679,682.3,750,687.3,375,0,476400
NIFTY30JAN2011500CE.NFO,07/01/2020,09:32:56,679,682.3,750,687,375,0,476400
NIFTY30JAN2011500CE.NFO,07/01/2020,09:32:58,679,682.35,525,687.2,75,0,476400
NIFTY30JAN2011500CE.NFO,07/01/2020,09:33:00,679,682.35,525,687.25,75,0,476400
NIFTY30JAN2011500CE.NFO,07/01/2020,09:33:01,679,682.35,525,687.4,75,0,476400
NIFTY30JAN2011500CE.NFO,07/01/2020,09:33:02,679,682.35,525,688.1,375,0,476400
NIFTY30JAN2011500CE.NFO,07/01/2020,09:33:03,679,682.4,75,688.1,375,0,476400
NIFTY30JAN2011500CE.NFO,07/01/2020,09:33:04,679,682.75,1725,688.1,375,0,476400
NIFTY30JAN2011500CE.NFO,07/01/2020,09:33:05,679,682.75,1200,687.95,75,0,476400
NIFTY30JAN2011500CE.NFO,07/01/2020,09:33:07,679,682.8,150,687.65,75,0,476400
NIFTY30JAN2011500CE.NFO,07/01/2020,09:33:08,679,682.8,150,688.1,375,0,476400
NIFTY30JAN2011500CE.NFO,07/01/2020,09:33:09,679,682.85,375,688.1,75,0,476400
NIFTY30JAN2011500CE.NFO,07/01/2020,09:33:10,679,683.35,1725,689.1,375,0,476400
NIFTY30JAN2011500CE.NFO,07/01/2020,09:33:14,679,683.4,375,689.4,375,0,476400
NIFTY30JAN2011500CE.NFO,07/01/2020,09:33:15,679,684.3,1200,689.1,75,0,476400
NIFTY30JAN2011500CE.NFO,07/01/2020,09:33:16,679,684.3,1200,689.25,75,0,476400
NIFTY30JAN2011500CE.NFO,07/01/2020,09:33:18,679,684.35,750,688.55,75,0,476400
NIFTY30JAN2011500CE.NFO,07/01/2020,09:33:19,679,682.75,75,688.4,75,0,476400
NIFTY30JAN2011500CE.NFO,07/01/2020,09:33:20,679,683.35,75,688.45,375,0,476400
NIFTY30JAN2011500CE.NFO,07/01/2020,09:33:21,688.4,682.8,1725,688.4,75,75,476400
NIFTY30JAN2011500CE.NFO,07/01/2020,09:33:21,688.4,682.8,1725,688.4,75,0,476400
NIFTY30JAN2011500CE.NFO,07/01/2020,09:33:22,688.4,682.8,1725,688.1,75,0,476400
NIFTY30JAN2011500CE.NFO,07/01/2020,09:33:23,688.4,682.8,1725,688.25,75,0,476400
NIFTY30JAN2011500CE.NFO,07/01/2020,09:33:25,688.4,682.8,1725,688.05,75,0,476400
NIFTY30JAN2011500CE.NFO,07/01/2020,09:33:26,688.4,683.2,75,688.35,75,0,476400
NIFTY30JAN2011500CE.NFO,07/01/2020,09:33:27,688.4,683.25,1725,688.9,75,0,476400
NIFTY30JAN2011500CE.NFO,07/01/2020,09:33:28,688.4,683.25,1800,688.95,75,0,476400
NIFTY30JAN2011500CE.NFO,07/01/2020,09:33:29,688.4,683.25,1725,689,75,0,476400
NIFTY30JAN2011500CE.NFO,07/01/2020,09:33:30,688.4,683.25,1725,688.7,75,0,476400
NIFTY30JAN2011500CE.NFO,07/01/2020,09:33:32,688.4,683.25,1725,688.8,375,0,476400
NIFTY30JAN2011500CE.NFO,07/01/2020,09:33:33,688.4,683.25,1800,688.8,375,0,476400
NIFTY30JAN2011500CE.NFO,07/01/2020,09:33:34,688.4,683.25,1725,688.8,375,0,476400
NIFTY30JAN2011500CE.NFO,07/01/2020,09:33:36,688.4,684.05,75,688.6,75,0,476400
NIFTY30JAN2011500CE.NFO,07/01/2020,09:33:37,688.4,684.05,1350,688.8,375,0,476400
NIFTY30JAN2011500CE.NFO,07/01/2020,09:33:38,688.4,684.05,1200,688.8,375,0,476400
NIFTY30JAN2011500CE.NFO,07/01/2020,09:33:39,688.4,684.45,1200,688.8,375,0,476400
NIFTY30JAN2011500CE.NFO,07/01/2020,09:33:40,688.4,684.45,1350,688.8,375,0,476400
NIFTY30JAN2011500CE.NFO,07/01/2020,09:33:42,688.4,684.5,450,688.8,375,0,476400
NIFTY30JAN2011500CE.NFO,07/01/2020,09:33:44,688.4,684.55,75,689.6,375,0,476400
NIFTY30JAN2011500CE.NFO,07/01/2020,09:33:45,688.4,684.45,1350,689.6,375,0,476400
NIFTY30JAN2011500CE.NFO,07/01/2020,09:33:46,688.4,684.45,1350,689.55,75,0,476400
NIFTY30JAN2011500CE.NFO,07/01/2020,09:33:47,688.4,684.45,1350,689.2,75,0,476400
NIFTY30JAN2011500CE.NFO,07/01/2020,09:33:48,688.4,684.5,150,689.2,75,0,476400
NIFTY30JAN2011500CE.NFO,07/01/2020,09:33:49,688.4,684.5,150,689.85,150,0,476400
NIFTY30JAN2011500CE.NFO,07/01/2020,09:33:50,688.4,684.95,1800,689.8,375,0,476400
NIFTY30JAN2011500CE.NFO,07/01/2020,09:33:53,688.4,684.95,1350,689.8,375,0,476400
NIFTY30JAN2011500CE.NFO,07/01/2020,09:33:55,688.4,685,375,690.3,75,0,476400
NIFTY30JAN2011500CE.NFO,07/01/2020,09:33:57,688.4,685.1,75,690.3,75,0,476400
NIFTY30JAN2011500CE.NFO,07/01/2020,09:33:58,688.4,685.35,1350,690.25,375,0,476400
NIFTY30JAN2011500CE.NFO,07/01/2020,09:33:59,688.4,685.55,75,690.3,75,0,476400
NIFTY30JAN2011500CE.NFO,07/01/2020,09:34:00,688.4,685.95,1725,691.15,75,0,476400
NIFTY30JAN2011500CE.NFO,07/01/2020,09:34:01,688.4,686.45,1800,691.15,75,0,476400
NIFTY30JAN2011500CE.NFO,07/01/2020,09:34:02,688.4,686.65,75,691.65,75,0,476400
NIFTY30JAN2011500CE.NFO,07/01/2020,09:34:04,688.4,686.45,1200,691.2,75,0,476400
NIFTY30JAN2011500CE.NFO,07/01/2020,09:34:05,688.4,686.45,1200,691.35,75,0,476400
NIFTY30JAN2011500CE.NFO,07/01/2020,09:34:06,688.4,686.45,150,690.4,150,0,476400
NIFTY30JAN2011500CE.NFO,07/01/2020,09:34:07,688.4,685.2,1350,690.9,75,0,476400
NIFTY30JAN2011500CE.NFO,07/01/2020,09:34:08,688.4,685.25,300,690.4,75,0,476400
NIFTY30JAN2011500CE.NFO,07/01/2020,09:34:10,688.4,685.85,1200,690.65,75,0,476400
NIFTY30JAN2011500CE.NFO,07/01/2020,09:34:11,688.4,685.9,150,690.4,75,0,476400
NIFTY30JAN2011500CE.NFO,07/01/2020,09:34:12,688.4,685.85,900,690.6,75,0,476400
NIFTY30JAN2011500CE.NFO,07/01/2020,09:34:13,688.4,685.85,900,690.15,75,0,476400
NIFTY30JAN2011500CE.NFO,07/01/2020,09:34:14,688.4,685.9,375,690.6,75,0,476400
NIFTY30JAN2011500CE.NFO,07/01/2020,09:34:15,688.4,685.9,300,690.35,75,0,476400
NIFTY30JAN2011500CE.NFO,07/01/2020,09:34:16,688.4,685.85,900,690,75,0,476400
NIFTY30JAN2011500CE.NFO,07/01/2020,09:34:18,688.4,685.85,900,689.9,75,0,476400
NIFTY30JAN2011500CE.NFO,07/01/2020,09:34:20,688.4,684.6,300,689.2,75,0,476400
NIFTY30JAN2011500CE.NFO,07/01/2020,09:34:21,688.4,684.6,300,689.4,75,0,476400
NIFTY30JAN2011500CE.NFO,07/01/2020,09:34:22,688.4,684.6,300,689.3,75,0,476400
NIFTY30JAN2011500CE.NFO,07/01/2020,09:34:24,688.4,684.65,150,689.3,75,0,476400
NIFTY30JAN2011500CE.NFO,07/01/2020,09:34:25,688.4,684.9,75,689.8,75,0,476400
NIFTY30JAN2011500CE.NFO,07/01/2020,09:34:26,688.4,684.6,300,689.2,75,0,476400
NIFTY30JAN2011500CE.NFO,07/01/2020,09:34:27,688.4,683.1,1350,688.65,75,0,476400
NIFTY30JAN2011500CE.NFO,07/01/2020,09:34:28,688.4,683.1,1350,687.85,75,0,476400
NIFTY30JAN2011500CE.NFO,07/01/2020,09:34:30,688.4,683.15,300,687.45,75,0,476400
NIFTY30JAN2011500CE.NFO,07/01/2020,09:34:31,688.4,683.15,300,687.85,75,0,476400
NIFTY30JAN2011500CE.NFO,07/01/2020,09:34:32,688.4,683.1,900,687.35,75,0,476400
NIFTY30JAN2011500CE.NFO,07/01/2020,09:34:34,688.4,682.05,900,686.55,75,0,476400
NIFTY30JAN2011500CE.NFO,07/01/2020,09:34:36,688.4,682.1,450,686.7,75,0,476400
NIFTY30JAN2011500CE.NFO,07/01/2020,09:34:37,688.4,682.2,300,686.6,75,0,476400
NIFTY30JAN2011500CE.NFO,07/01/2020,09:34:38,688.4,682.2,300,687,375,0,476400
NIFTY30JAN2011500CE.NFO,07/01/2020,09:34:39,688.4,682.45,300,686.75,75,0,476400
NIFTY30JAN2011500CE.NFO,07/01/2020,09:34:40,688.4,682.4,900,686.5,75,0,476400
NIFTY30JAN2011500CE.NFO,07/01/2020,09:34:41,688.4,682.45,150,686.45,375,0,476400
NIFTY30JAN2011500CE.NFO,07/01/2020,09:34:42,688.4,682.4,900,686.45,375,0,476400
NIFTY30JAN2011500CE.NFO,07/01/2020,09:34:43,688.4,682.4,900,686.9,75,0,476400
NIFTY30JAN2011500CE.NFO,07/01/2020,09:34:44,688.4,682.4,750,686.4,75,0,476400
NIFTY30JAN2011500CE.NFO,07/01/2020,09:34:46,688.4,682.4,750,686.2,75,0,476400
NIFTY30JAN2011500CE.NFO,07/01/2020,09:34:47,688.4,681.35,1350,686.2,75,0,476400
NIFTY30JAN2011500CE.NFO,07/01/2020,09:34:49,688.4,681.8,75,686.55,375,0,476400
NIFTY30JAN2011500CE.NFO,07/01/2020,09:34:50,688.4,681.7,1350,686.5,75,0,476400
NIFTY30JAN2011500CE.NFO,07/01/2020,09:34:53,688.4,681.7,900,686.05,75,0,476400
NIFTY30JAN2011500CE.NFO,07/01/2020,09:34:54,688.4,681.75,150,685.7,75,0,476400
NIFTY30JAN2011500CE.NFO,07/01/2020,09:34:56,688.4,681.7,750,685.85,75,0,476400
NIFTY30JAN2011500CE.NFO,07/01/2020,09:34:57,688.4,681.75,450,686.15,75,0,476400
NIFTY30JAN2011500CE.NFO,07/01/2020,09:34:58,688.4,682,75,686.15,75,0,476400
NIFTY30JAN2011500CE.NFO,07/01/2020,09:34:59,688.4,681.85,375,686.95,75,0,476400
NIFTY30JAN2011500CE.NFO,07/01/2020,09:35:00,688.4,682.2,75,687.5,75,0,476400
NIFTY30JAN2011500CE.NFO,07/01/2020,09:35:02,688.4,682.35,1350,687.25,75,0,476400
NIFTY30JAN2011500CE.NFO,07/01/2020,09:35:03,688.4,682.4,300,687.15,75,0,476400
NIFTY30JAN2011500CE.NFO,07/01/2020,09:35:04,688.4,682.4,300,687.2,375,0,476400
NIFTY30JAN2011500CE.NFO,07/01/2020,09:35:05,688.4,682.4,300,687.1,75,0,476400
NIFTY30JAN2011500CE.NFO,07/01/2020,09:35:06,688.4,682.45,150,687.2,375,0,476400
NIFTY30JAN2011500CE.NFO,07/01/2020,09:35:07,688.4,682.4,300,687.1,75,0,476400
NIFTY30JAN2011500CE.NFO,07/01/2020,09:35:08,688.4,682.4,150,686.85,75,0,476400
NIFTY30JAN2011500CE.NFO,07/01/2020,09:35:09,688.4,682.35,750,686.45,75,0,476400
NIFTY30JAN2011500CE.NFO,07/01/2020,09:35:11,688.4,682.4,150,686.55,375,0,476400
NIFTY30JAN2011500CE.NFO,07/01/2020,09:35:12,688.4,682.4,150,686.35,75,0,476400
NIFTY30JAN2011500CE.NFO,07/01/2020,09:35:13,688.4,682.4,150,686.5,75,0,476400
NIFTY30JAN2011500CE.NFO,07/01/2020,09:35:13,688.4,682.4,150,686.45,75,0,476400
NIFTY30JAN2011500CE.NFO,07/01/2020,09:35:14,688.4,682.45,300,686.95,75,0,476400
NIFTY30JAN2011500CE.NFO,07/01/2020,09:35:15,688.4,682.4,150,686.95,75,0,476400
NIFTY30JAN2011500CE.NFO,07/01/2020,09:35:16,688.4,682.45,450,686.95,75,0,476400
NIFTY30JAN2011500CE.NFO,07/01/2020,09:35:18,688.4,682.4,150,686.95,75,0,476400
NIFTY30JAN2011500CE.NFO,07/01/2020,09:35:19,688.4,682.4,150,686.9,75,0,476400
NIFTY30JAN2011500CE.NFO,07/01/2020,09:35:20,688.4,682.4,150,686.7,75,0,476400
NIFTY30JAN2011500CE.NFO,07/01/2020,09:35:21,688.4,681.1,1350,686.2,375,0,476400
NIFTY30JAN2011500CE.NFO,07/01/2020,09:35:22,688.4,681.1,1350,686,75,0,476400
NIFTY30JAN2011500CE.NFO,07/01/2020,09:35:23,688.4,681.1,1350,685.55,75,0,476400
NIFTY30JAN2011500CE.NFO,07/01/2020,09:35:24,688.4,681.1,1350,685.75,75,0,476400
NIFTY30JAN2011500CE.NFO,07/01/2020,09:35:25,688.4,681.15,300,685.75,75,0,476400
NIFTY30JAN2011500CE.NFO,07/01/2020,09:35:26,688.4,681.1,900,685.55,75,0,476400
NIFTY30JAN2011500CE.NFO,07/01/2020,09:35:27,688.4,681.1,900,685.7,375,0,476400
NIFTY30JAN2011500CE.NFO,07/01/2020,09:35:28,688.4,681.1,150,685.7,375,0,476400
NIFTY30JAN2011500CE.NFO,07/01/2020,09:35:30,688.4,681.1,150,685.45,375,0,476400
NIFTY30JAN2011500CE.NFO,07/01/2020,09:35:31,688.4,681.15,750,685.45,375,0,476400
NIFTY30JAN2011500CE.NFO,07/01/2020,09:35:32,688.4,681.15,750,685.4,75,0,476400
NIFTY30JAN2011500CE.NFO,07/01/2020,09:35:33,688.4,681.1,150,685.45,375,0,476400
NIFTY30JAN2011500CE.NFO,07/01/2020,09:35:34,688.4,681.2,150,685.4,75,0,476400
NIFTY30JAN2011500CE.NFO,07/01/2020,09:35:35,688.4,681.15,750,685.4,75,0,476400
NIFTY30JAN2011500CE.NFO,07/01/2020,09:35:36,688.4,681.1,150,684.75,75,0,476400
NIFTY30JAN2011500CE.NFO,07/01/2020,09:35:37,688.4,679.5,1350,684.55,375,0,476400
NIFTY30JAN2011500CE.NFO,07/01/2020,09:35:39,688.4,679.5,1350,684.45,75,0,476400
NIFTY30JAN2011500CE.NFO,07/01/2020,09:35:40,688.4,679.5,1350,684.35,75,0,476400
NIFTY30JAN2011500CE.NFO,07/01/2020,09:35:41,688.4,679.5,1350,684.15,75,0,476400
NIFTY30JAN2011500CE.NFO,07/01/2020,09:35:42,688.4,679.5,750,684.15,75,0,476400
NIFTY30JAN2011500CE.NFO,07/01/2020,09:35:44,688.4,677.9,75,683.65,75,0,476400
NIFTY30JAN2011500CE.NFO,07/01/2020,09:35:45,688.4,677.65,75,683.05,75,0,476400
NIFTY30JAN2011500CE.NFO,07/01/2020,09:35:46,688.4,677.5,375,683.05,75,0,476400
NIFTY30JAN2011500CE.NFO,07/01/2020,09:35:48,688.4,678.05,75,683.05,75,0,476400
NIFTY30JAN2011500CE.NFO,07/01/2020,09:35:49,688.4,678.55,75,683.15,375,0,476400
NIFTY30JAN2011500CE.NFO,07/01/2020,09:35:50,688.4,678.9,1800,684.15,75,0,476400
NIFTY30JAN2011500CE.NFO,07/01/2020,09:35:51,688.4,679.15,75,684.15,75,0,476400
NIFTY30JAN2011500CE.NFO,07/01/2020,09:35:52,688.4,679.4,75,684.6,75,0,476400
NIFTY30JAN2011500CE.NFO,07/01/2020,09:35:53,688.4,679.6,75,684.6,75,0,476400
NIFTY30JAN2011500CE.NFO,07/01/2020,09:35:54,688.4,679.45,1725,684.6,75,0,476400
NIFTY30JAN2011500CE.NFO,07/01/2020,09:35:57,688.4,679.8,75,684.7,375,0,476400
NIFTY30JAN2011500CE.NFO,07/01/2020,09:35:58,688.4,679.85,1350,684.7,375,0,476400
NIFTY30JAN2011500CE.NFO,07/01/2020,09:35:59,688.4,679.85,1725,684.7,375,0,476400
NIFTY30JAN2011500CE.NFO,07/01/2020,09:36:01,688.4,679.85,1350,684.7,375,0,476400
NIFTY30JAN2011500CE.NFO,07/01/2020,09:36:07,688.4,680.15,1200,684.7,375,0,476400
NIFTY30JAN2011500CE.NFO,07/01/2020,09:36:09,688.4,680.5,1725,685.75,75,0,476400
NIFTY30JAN2011500CE.NFO,07/01/2020,09:36:10,688.4,680.5,1725,685.9,375,0,476400
NIFTY30JAN2011500CE.NFO,07/01/2020,09:36:12,688.4,681.1,1350,686.25,75,0,476400
NIFTY30JAN2011500CE.NFO,07/01/2020,09:36:13,688.4,681.1,1725,686.6,75,0,476400
NIFTY30JAN2011500CE.NFO,07/01/2020,09:36:16,688.4,681.1,1350,686.35,75,0,476400
NIFTY30JAN2011500CE.NFO,07/01/2020,09:36:17,688.4,681.1,1200,686.15,75,0,476400
NIFTY30JAN2011500CE.NFO,07/01/2020,09:36:18,688.4,681.15,150,686.15,75,0,476400
NIFTY30JAN2011500CE.NFO,07/01/2020,09:36:19,688.4,681.15,150,686.05,375,0,476400
NIFTY30JAN2011500CE.NFO,07/01/2020,09:36:21,688.4,681.1,1200,685.95,75,0,476400
NIFTY30JAN2011500CE.NFO,07/01/2020,09:36:22,688.4,681.1,900,686,75,0,476400
NIFTY30JAN2011500CE.NFO,07/01/2020,09:36:24,688.4,681.1,900,686.05,375,0,476400
NIFTY30JAN2011500CE.NFO,07/01/2020,09:36:25,688.4,681.15,300,686.05,375,0,476400
NIFTY30JAN2011500CE.NFO,07/01/2020,09:36:27,688.4,681.15,375,686.05,375,0,476400
NIFTY30JAN2011500CE.NFO,07/01/2020,09:36:31,688.4,681.2,150,686.05,375,0,476400
NIFTY30JAN2011500CE.NFO,07/01/2020,09:36:33,688.4,681.25,375,686.05,375,0,476400
NIFTY30JAN2011500CE.NFO,07/01/2020,09:36:34,688.4,681.15,375,686.05,375,0,476400
NIFTY30JAN2011500CE.NFO,07/01/2020,09:36:35,688.4,681.2,150,686.05,375,0,476400
NIFTY30JAN2011500CE.NFO,07/01/2020,09:36:37,688.4,681.5,1200,686.05,375,0,476400
NIFTY30JAN2011500CE.NFO,07/01/2020,09:36:40,688.4,681.55,150,686.05,375,0,476400
NIFTY30JAN2011500CE.NFO,07/01/2020,09:36:41,688.4,681.5,1200,686.55,75,0,476400
NIFTY30JAN2011500CE.NFO,07/01/2020,09:36:49,688.4,681.55,525,687.15,75,0,476400
NIFTY30JAN2011500CE.NFO,07/01/2020,09:36:52,688.4,681.55,600,687.15,75,0,476400
NIFTY30JAN2011500CE.NFO,07/01/2020,09:36:53,688.4,682,1725,687.3,375,0,476400
NIFTY30JAN2011500CE.NFO,07/01/2020,09:36:54,688.4,682,1725,687.75,375,0,476400
NIFTY30JAN2011500CE.NFO,07/01/2020,09:36:56,688.4,682.2,75,687.75,375,0,476400
NIFTY30JAN2011500CE.NFO,07/01/2020,09:36:57,688.4,682.25,1350,687.75,375,0,476400
NIFTY30JAN2011500CE.NFO,07/01/2020,09:36:58,688.4,682.25,1350,687.7,75,0,476400
NIFTY30JAN2011500CE.NFO,07/01/2020,09:36:59,688.4,682.25,900,687.7,75,0,476400
NIFTY30JAN2011500CE.NFO,07/01/2020,09:37:03,688.4,682.25,900,687.25,75,0,476400
NIFTY30JAN2011500CE.NFO,07/01/2020,09:37:04,688.4,682.25,900,686.75,75,0,476400
NIFTY30JAN2011500CE.NFO,07/01/2020,09:37:05,688.4,682.25,900,686.7,375,0,476400
NIFTY30JAN2011500CE.NFO,07/01/2020,09:37:07,688.4,682.3,300,686.7,375,0,476400
NIFTY30JAN2011500CE.NFO,07/01/2020,09:37:08,688.4,682.75,900,686.7,375,0,476400
NIFTY30JAN2011500CE.NFO,07/01/2020,09:37:09,688.4,682.75,750,686.7,375,0,476400
NIFTY30JAN2011500CE.NFO,07/01/2020,09:37:10,688.4,681.7,1575,687.05,375,0,476400
NIFTY30JAN2011500CE.NFO,07/01/2020,09:37:11,688.4,681.7,1725,687.05,375,0,476400
NIFTY30JAN2011500CE.NFO,07/01/2020,09:37:13,688.4,681.85,75,687.05,375,0,476400
NIFTY30JAN2011500CE.NFO,07/01/2020,09:37:14,688.4,682.7,75,687.05,375,0,476400
NIFTY30JAN2011500CE.NFO,07/01/2020,09:37:15,688.4,682.75,900,687.05,375,0,476400
NIFTY30JAN2011500CE.NFO,07/01/2020,09:37:16,688.4,682.8,750,687.05,375,0,476400
NIFTY30JAN2011500CE.NFO,07/01/2020,09:37:19,688.4,682.85,300,687.05,375,0,476400
NIFTY30JAN2011500CE.NFO,07/01/2020,09:37:20,688.4,682.8,750,687.05,375,0,476400
NIFTY30JAN2011500CE.NFO,07/01/2020,09:37:24,688.4,682.75,150,687.05,375,0,476400
NIFTY30JAN2011500CE.NFO,07/01/2020,09:37:27,688.4,681.75,1200,687.05,375,0,476400
NIFTY30JAN2011500CE.NFO,07/01/2020,09:37:31,688.4,681.75,1200,686.85,150,0,476400
NIFTY30JAN2011500CE.NFO,07/01/2020,09:37:32,688.4,681.75,1200,686.8,375,0,476400
NIFTY30JAN2011500CE.NFO,07/01/2020,09:37:33,688.4,681.75,1200,686.5,75,0,476400
NIFTY30JAN2011500CE.NFO,07/01/2020,09:37:36,688.4,681.75,900,686.5,75,0,476400
NIFTY30JAN2011500CE.NFO,07/01/2020,09:37:45,688.4,681.8,300,686.5,75,0,476400
NIFTY30JAN2011500CE.NFO,07/01/2020,09:37:48,688.4,681.75,900,686.5,75,0,476400
NIFTY30JAN2011500CE.NFO,07/01/2020,09:37:53,688.4,682.2,750,686.5,75,0,476400
NIFTY30JAN2011500CE.NFO,07/01/2020,09:37:55,688.4,680.95,75,686.5,75,0,476400
NIFTY30JAN2011500CE.NFO,07/01/2020,09:37:56,688.4,681,1350,685.9,75,0,476400
NIFTY30JAN2011500CE.NFO,07/01/2020,09:37:57,688.4,681,1350,685.85,375,0,476400
NIFTY30JAN2011500CE.NFO,07/01/2020,09:38:02,688.4,681.05,375,685.85,375,0,476400
NIFTY30JAN2011500CE.NFO,07/01/2020,09:38:05,688.4,681,1350,685.85,375,0,476400
NIFTY30JAN2011500CE.NFO,07/01/2020,09:38:08,688.4,681,1350,685.6,375,0,476400
NIFTY30JAN2011500CE.NFO,07/01/2020,09:38:18,688.4,681,1425,685.6,375,0,476400
NIFTY30JAN2011500CE.NFO,07/01/2020,09:38:18,688.4,681.05,75,685.6,375,0,476400
NIFTY30JAN2011500CE.NFO,07/01/2020,09:38:19,688.4,681,1500,685.6,375,0,476400
NIFTY30JAN2011500CE.NFO,07/01/2020,09:38:20,688.4,681.6,900,685.6,375,0,476400
NIFTY30JAN2011500CE.NFO,07/01/2020,09:38:23,688.4,681.65,150,685.6,375,0,476400
NIFTY30JAN2011500CE.NFO,07/01/2020,09:38:24,688.4,681.6,750,685.6,375,0,476400
NIFTY30JAN2011500CE.NFO,07/01/2020,09:38:29,688.4,680.05,1350,685.55,75,0,476400
NIFTY30JAN2011500CE.NFO,07/01/2020,09:38:30,688.4,680.05,1200,685.05,75,0,476400
NIFTY30JAN2011500CE.NFO,07/01/2020,09:38:32,688.4,680.1,150,684.9,75,0,476400
NIFTY30JAN2011500CE.NFO,07/01/2020,09:38:33,688.4,680.15,375,685,375,0,476400
NIFTY30JAN2011500CE.NFO,07/01/2020,09:38:34,688.4,680.1,150,685.5,375,0,476400
NIFTY30JAN2011500CE.NFO,07/01/2020,09:38:36,688.4,680.1,225,685.5,375,0,476400
NIFTY30JAN2011500CE.NFO,07/01/2020,09:38:37,688.4,680.1,150,685.5,375,0,476400
NIFTY30JAN2011500CE.NFO,07/01/2020,09:38:40,688.4,680.1,150,685.45,75,0,476400
NIFTY30JAN2011500CE.NFO,07/01/2020,09:38:41,688.4,680.1,150,684.95,150,0,476400
NIFTY30JAN2011500CE.NFO,07/01/2020,09:38:42,688.4,680.05,1200,685.15,375,0,476400
NIFTY30JAN2011500CE.NFO,07/01/2020,09:38:44,688.4,680.05,900,685.15,375,0,476400
NIFTY30JAN2011500CE.NFO,07/01/2020,09:38:46,688.4,680.05,150,684.7,375,0,476400
NIFTY30JAN2011500CE.NFO,07/01/2020,09:38:47,688.4,680.05,150,683.5,75,0,476400
NIFTY30JAN2011500CE.NFO,07/01/2020,09:38:48,688.4,680,75,683.5,75,0,476400
NIFTY30JAN2011500CE.NFO,07/01/2020,09:38:49,688.4,680.05,150,683.65,75,0,476400
NIFTY30JAN2011500CE.NFO,07/01/2020,09:38:51,688.4,680.1,1050,684.6,75,0,476400
NIFTY30JAN2011500CE.NFO,07/01/2020,09:38:52,688.4,680.15,300,684.55,75,0,476400
NIFTY30JAN2011500CE.NFO,07/01/2020,09:38:55,688.4,680.1,750,684.6,75,0,476400
NIFTY30JAN2011500CE.NFO,07/01/2020,09:38:56,688.4,680,75,684.5,75,0,476400
NIFTY30JAN2011500CE.NFO,07/01/2020,09:38:57,688.4,680,75,684.45,375,0,476400
NIFTY30JAN2011500CE.NFO,07/01/2020,09:38:58,688.4,680,75,684.4,75,0,476400
NIFTY30JAN2011500CE.NFO,07/01/2020,09:38:59,688.4,680.1,750,684.45,375,0,476400
NIFTY30JAN2011500CE.NFO,07/01/2020,09:39:01,688.4,680.1,750,684.4,75,0,476400
NIFTY30JAN2011500CE.NFO,07/01/2020,09:39:02,688.4,680.15,300,684.45,375,0,476400
NIFTY30JAN2011500CE.NFO,07/01/2020,09:39:03,688.4,680.15,300,684.75,375,0,476400
NIFTY30JAN2011500CE.NFO,07/01/2020,09:39:05,688.4,680.1,750,684.75,375,0,476400
NIFTY30JAN2011500CE.NFO,07/01/2020,09:39:06,688.4,680.1,750,684.05,375,0,476400
NIFTY30JAN2011500CE.NFO,07/01/2020,09:39:07,688.4,680.15,450,684.45,75,0,476400
NIFTY30JAN2011500CE.NFO,07/01/2020,09:39:08,688.4,680.15,300,684.45,75,0,476400
NIFTY30JAN2011500CE.NFO,07/01/2020,09:39:10,688.4,680.2,150,684.35,75,0,476400
NIFTY30JAN2011500CE.NFO,07/01/2020,09:39:13,688.4,680.6,1800,685.25,375,0,476400
NIFTY30JAN2011500CE.NFO,07/01/2020,09:39:14,688.4,680.65,75,685.25,375,0,476400
NIFTY30JAN2011500CE.NFO,07/01/2020,09:39:15,688.4,681.3,75,685.85,375,0,476400
NIFTY30JAN2011500CE.NFO,07/01/2020,09:39:16,688.4,681.3,1350,686.35,375,0,476400
NIFTY30JAN2011500CE.NFO,07/01/2020,09:39:17,688.4,681.35,375,686.35,375,0,476400
NIFTY30JAN2011500CE.NFO,07/01/2020,09:39:20,688.4,682.1,1725,687.2,375,0,476400
NIFTY30JAN2011500CE.NFO,07/01/2020,09:39:21,688.4,682.1,1800,687.5,75,0,476400
NIFTY30JAN2011500CE.NFO,07/01/2020,09:39:22,688.4,682.1,1725,687.5,75,0,476400
NIFTY30JAN2011500CE.NFO,07/01/2020,09:39:23,688.4,682.1,1800,687.5,75,0,476400
NIFTY30JAN2011500CE.NFO,07/01/2020,09:39:24,688.4,682.6,75,687.75,375,0,476400
NIFTY30JAN2011500CE.NFO,07/01/2020,09:39:25,688.4,682.85,75,687.75,375,0,476400
NIFTY30JAN2011500CE.NFO,07/01/2020,09:39:26,688.4,683,75,687.75,375,0,476400
NIFTY30JAN2011500CE.NFO,07/01/2020,09:39:28,688.4,683.1,75,688.25,75,0,476400
NIFTY30JAN2011500CE.NFO,07/01/2020,09:39:29,688.4,682.95,1350,688.25,75,0,476400
NIFTY30JAN2011500CE.NFO,07/01/2020,09:39:30,688.4,682.95,1425,688.1,75,0,476400
NIFTY30JAN2011500CE.NFO,07/01/2020,09:39:31,688.4,683.05,75,688.15,375,0,476400
NIFTY30JAN2011500CE.NFO,07/01/2020,09:39:32,688.4,682.95,1350,688.15,375,0,476400
NIFTY30JAN2011500CE.NFO,07/01/2020,09:39:41,688.4,682.95,750,688.15,375,0,476400
NIFTY30JAN2011500CE.NFO,07/01/2020,09:39:41,688.4,683,150,688.15,375,0,476400
NIFTY30JAN2011500CE.NFO,07/01/2020,09:39:42,688.4,683,150,687.55,75,0,476400
NIFTY30JAN2011500CE.NFO,07/01/2020,09:39:44,688.4,683,150,687.5,375,0,476400
NIFTY30JAN2011500CE.NFO,07/01/2020,09:39:45,688.4,683.05,150,687.5,375,0,476400
NIFTY30JAN2011500CE.NFO,07/01/2020,09:39:46,688.4,683.35,1050,685,225,0,476400
NIFTY30JAN2011500CE.NFO,07/01/2020,09:39:47,688.4,683.35,900,685,225,0,476400
NIFTY30JAN2011500CE.NFO,07/01/2020,09:39:50,688.4,683.4,150,685,225,0,476400
NIFTY30JAN2011500CE.NFO,07/01/2020,09:39:52,684,684,75,687.5,375,225,476400
NIFTY30JAN2011500CE.NFO,07/01/2020,09:39:53,684,684,75,688.4,375,0,476400
NIFTY30JAN2011500CE.NFO,07/01/2020,09:39:55,684,684.05,150,688.4,375,0,476400
NIFTY30JAN2011500CE.NFO,07/01/2020,09:39:56,684,686.2,75,688.35,75,0,476400
NIFTY30JAN2011500CE.NFO,07/01/2020,09:39:57,686.2,684.05,150,688.2,75,75,476400
NIFTY30JAN2011500CE.NFO,07/01/2020,09:39:58,686.2,683.4,600,688.15,375,0,476400
NIFTY30JAN2011500CE.NFO,07/01/2020,09:40:01,686.2,684.55,300,689.8,375,0,476400
NIFTY30JAN2011500CE.NFO,07/01/2020,09:40:02,686.2,685.4,300,689.9,75,0,476400
NIFTY30JAN2011500CE.NFO,07/01/2020,09:40:03,686.2,686.5,1200,689.9,75,0,476400
NIFTY30JAN2011500CE.NFO,07/01/2020,09:40:04,686.2,686.5,1350,689.9,75,0,476400
NIFTY30JAN2011500CE.NFO,07/01/2020,09:40:06,686.2,686.8,300,689.9,75,0,476400
NIFTY30JAN2011500CE.NFO,07/01/2020,09:40:07,686.2,687.55,900,689.9,75,0,476400
NIFTY30JAN2011500CE.NFO,07/01/2020,09:40:08,686.2,687.55,1200,689.9,75,0,476400
NIFTY30JAN2011500CE.NFO,07/01/2020,09:40:09,686.2,687.8,900,689.9,75,0,476400
NIFTY30JAN2011500CE.NFO,07/01/2020,09:40:11,686.2,687.85,750,689.9,75,0,476400
NIFTY30JAN2011500CE.NFO,07/01/2020,09:40:14,686.2,687.1,1200,689.9,75,0,476400
NIFTY30JAN2011500CE.NFO,07/01/2020,09:40:15,686.2,686.6,900,689.9,75,0,476400
NIFTY30JAN2011500CE.NFO,07/01/2020,09:40:16,686.2,685.15,1650,689.9,75,0,476400
NIFTY30JAN2011500CE.NFO,07/01/2020,09:40:17,686.2,685.65,300,689.9,75,0,476400
NIFTY30JAN2011500CE.NFO,07/01/2020,09:40:19,686.2,685.15,1350,689.85,375,0,476400
NIFTY30JAN2011500CE.NFO,07/01/2020,09:40:20,686.2,685.2,150,689.85,375,0,476400
NIFTY30JAN2011500CE.NFO,07/01/2020,09:40:21,686.2,685.15,750,689.85,375,0,476400
NIFTY30JAN2011500CE.NFO,07/01/2020,09:40:24,686.2,687,150,689.85,375,0,476400
NIFTY30JAN2011500CE.NFO,07/01/2020,09:40:27,686.2,687,150,689.9,75,0,476400
NIFTY30JAN2011500CE.NFO,07/01/2020,09:40:29,686.2,687,150,689.85,375,0,476400
NIFTY30JAN2011500CE.NFO,07/01/2020,09:40:33,687,687,75,689.85,375,75,476400
NIFTY30JAN2011500CE.NFO,07/01/2020,09:40:34,687,685.15,750,689.85,375,75,476400
NIFTY30JAN2011500CE.NFO,07/01/2020,09:40:35,687,685.15,750,689.85,375,0,476400
NIFTY30JAN2011500CE.NFO,07/01/2020,09:40:38,687,685.2,150,689.85,375,0,476400
NIFTY30JAN2011500CE.NFO,07/01/2020,09:40:40,687,685.2,150,690.3,375,0,476400
NIFTY30JAN2011500CE.NFO,07/01/2020,09:40:42,687,685.45,150,690.3,375,0,476400
NIFTY30JAN2011500CE.NFO,07/01/2020,09:40:43,687,685.8,150,690.85,375,0,476400
NIFTY30JAN2011500CE.NFO,07/01/2020,09:40:44,687,686.05,150,690.85,375,0,476400
NIFTY30JAN2011500CE.NFO,07/01/2020,09:40:46,687,686.2,1200,690.85,375,0,476400
NIFTY30JAN2011500CE.NFO,07/01/2020,09:40:47,687,686.25,150,690.85,375,0,476400
NIFTY30JAN2011500CE.NFO,07/01/2020,09:40:47,687,686.2,1200,690.85,375,0,476400
NIFTY30JAN2011500CE.NFO,07/01/2020,09:40:50,687,686.2,900,690.85,375,0,476400
NIFTY30JAN2011500CE.NFO,07/01/2020,09:40:52,687,686.2,150,690.6,75,0,476400
NIFTY30JAN2011500CE.NFO,07/01/2020,09:40:53,687,686.2,150,690.55,375,0,476400
NIFTY30JAN2011500CE.NFO,07/01/2020,09:40:54,687,685.3,1350,690.5,75,0,476400
NIFTY30JAN2011500CE.NFO,07/01/2020,09:40:55,687,685.3,1350,690.55,375,0,476400
NIFTY30JAN2011500CE.NFO,07/01/2020,09:40:57,687,685.3,1350,689.95,375,0,476400
NIFTY30JAN2011500CE.NFO,07/01/2020,09:40:58,687,685.3,1350,690.8,75,0,476400
NIFTY30JAN2011500CE.NFO,07/01/2020,09:40:59,687,685.1,900,690.25,150,0,476400
NIFTY30JAN2011500CE.NFO,07/01/2020,09:41:01,687,685.1,900,689.75,375,0,476400
NIFTY30JAN2011500CE.NFO,07/01/2020,09:41:02,687,685.15,300,689.75,375,0,476400
NIFTY30JAN2011500CE.NFO,07/01/2020,09:41:05,687,685.1,150,689.5,375,0,476400
NIFTY30JAN2011500CE.NFO,07/01/2020,09:41:11,687,683.95,1725,689.5,375,0,476400
NIFTY30JAN2011500CE.NFO,07/01/2020,09:41:12,687,684.3,1725,689.5,375,0,476400
NIFTY30JAN2011500CE.NFO,07/01/2020,09:41:13,687,684.95,1200,689.5,375,0,476400
NIFTY30JAN2011500CE.NFO,07/01/2020,09:41:14,687,685,150,689.5,375,0,476400
NIFTY30JAN2011500CE.NFO,07/01/2020,09:41:15,687,685.25,900,690.1,75,0,476400
NIFTY30JAN2011500CE.NFO,07/01/2020,09:41:16,687,685.25,750,689.75,75,0,476400
NIFTY30JAN2011500CE.NFO,07/01/2020,09:41:18,687,685.3,150,689.7,375,0,476400
NIFTY30JAN2011500CE.NFO,07/01/2020,09:41:19,687,685.35,300,689.7,375,0,476400
NIFTY30JAN2011500CE.NFO,07/01/2020,09:41:20,687,685.4,150,690.5,375,0,476400
NIFTY30JAN2011500CE.NFO,07/01/2020,09:41:22,687,685.4,300,690.1,75,0,476400
NIFTY30JAN2011500CE.NFO,07/01/2020,09:41:23,687,685.6,900,690.05,375,0,476400
NIFTY30JAN2011500CE.NFO,07/01/2020,09:41:25,687,684.55,150,689.6,375,0,476400
NIFTY30JAN2011500CE.NFO,07/01/2020,09:41:26,687,684.7,1350,689.6,375,0,476400
NIFTY30JAN2011500CE.NFO,07/01/2020,09:41:27,687,684.7,1200,689.2,75,0,476400
NIFTY30JAN2011500CE.NFO,07/01/2020,09:41:28,687,684.7,900,689.2,75,0,476400
NIFTY30JAN2011500CE.NFO,07/01/2020,09:41:30,687,684.8,300,689.35,450,0,476400
NIFTY30JAN2011500CE.NFO,07/01/2020,09:41:31,687,684.8,150,689.65,75,0,476400
NIFTY30JAN2011500CE.NFO,07/01/2020,09:41:32,687,684.8,150,689.7,75,0,476400
NIFTY30JAN2011500CE.NFO,07/01/2020,09:41:33,687,685.05,1350,689.5,75,0,476400
NIFTY30JAN2011500CE.NFO,07/01/2020,09:41:34,687,685.7,150,690.55,375,0,476400
NIFTY30JAN2011500CE.NFO,07/01/2020,09:41:36,687,685.95,1050,690.55,375,0,476400
NIFTY30JAN2011500CE.NFO,07/01/2020,09:41:37,687,685.95,1200,690.55,375,0,476400
NIFTY30JAN2011500CE.NFO,07/01/2020,09:41:38,687,686,150,690.55,375,0,476400
NIFTY30JAN2011500CE.NFO,07/01/2020,09:41:39,687,686.05,300,690.55,375,0,476400
NIFTY30JAN2011500CE.NFO,07/01/2020,09:41:45,687,686.05,300,690.8,375,0,476400
NIFTY30JAN2011500CE.NFO,07/01/2020,09:41:46,687,686.2,900,690.9,75,0,476400
NIFTY30JAN2011500CE.NFO,07/01/2020,09:41:48,687,686.3,150,691.05,75,0,476400
NIFTY30JAN2011500CE.NFO,07/01/2020,09:41:49,687,686.45,1575,691.05,75,0,476400
NIFTY30JAN2011500CE.NFO,07/01/2020,09:41:50,687,686.45,1200,691.05,75,0,476400
NIFTY30JAN2011500CE.NFO,07/01/2020,09:41:51,687,686.45,150,690.4,75,0,476400
NIFTY30JAN2011500CE.NFO,07/01/2020,09:41:52,687,686.45,150,690.85,450,0,476400
NIFTY30JAN2011500CE.NFO,07/01/2020,09:41:53,687,686.45,150,690.85,375,0,476400
NIFTY30JAN2011500CE.NFO,07/01/2020,09:41:55,687,685.15,75,690.85,375,0,476400
NIFTY30JAN2011500CE.NFO,07/01/2020,09:42:00,687,685.15,75,690.15,75,0,476400
NIFTY30JAN2011500CE.NFO,07/01/2020,09:42:01,687,685.15,75,690,375,0,476400
NIFTY30JAN2011500CE.NFO,07/01/2020,09:42:12,687,685.1,1200,689.9,75,0,476400
NIFTY30JAN2011500CE.NFO,07/01/2020,09:42:14,687,685.15,375,690,375,0,476400
NIFTY30JAN2011500CE.NFO,07/01/2020,09:42:16,687,685.2,150,689.85,75,0,476400
NIFTY30JAN2011500CE.NFO,07/01/2020,09:42:19,687,685.15,150,689.85,75,0,476400
NIFTY30JAN2011500CE.NFO,07/01/2020,09:42:21,687,685.3,150,690,375,0,476400
NIFTY30JAN2011500CE.NFO,07/01/2020,09:42:22,687,685.65,150,690.85,375,0,476400
NIFTY30JAN2011500CE.NFO,07/01/2020,09:42:23,687,686.1,1350,690.85,375,0,476400
NIFTY30JAN2011500CE.NFO,07/01/2020,09:42:26,687,686.5,150,691.5,75,0,476400
NIFTY30JAN2011500CE.NFO,07/01/2020,09:42:27,687,686.8,150,691.45,375,0,476400
NIFTY30JAN2011500CE.NFO,07/01/2020,09:42:28,687,687.15,1200,691.9,375,0,476400
NIFTY30JAN2011500CE.NFO,07/01/2020,09:42:32,687,687.2,750,691.9,375,0,476400
NIFTY30JAN2011500CE.NFO,07/01/2020,09:42:33,687,687.65,75,691.95,375,0,476400
NIFTY30JAN2011500CE.NFO,07/01/2020,09:42:34,687,688,1200,692,75,0,476400
NIFTY30JAN2011500CE.NFO,07/01/2020,09:42:36,687,688.3,1200,692,75,0,476400
NIFTY30JAN2011500CE.NFO,07/01/2020,09:42:38,687,688.6,1200,692,75,0,476400
NIFTY30JAN2011500CE.NFO,07/01/2020,09:42:41,687,688.6,900,692,75,0,476400
NIFTY30JAN2011500CE.NFO,07/01/2020,09:42:42,687,688.65,750,692,75,0,476400
NIFTY30JAN2011500CE.NFO,07/01/2020,09:42:43,687,687.2,1725,692,75,0,476400
NIFTY30JAN2011500CE.NFO,07/01/2020,09:42:44,687,687.25,150,692,75,0,476400
NIFTY30JAN2011500CE.NFO,07/01/2020,09:42:46,687,687.2,1725,691.95,375,0,476400
NIFTY30JAN2011500CE.NFO,07/01/2020,09:42:47,687,687.2,1350,691.95,375,0,476400
NIFTY30JAN2011500CE.NFO,07/01/2020,09:42:49,687,687.2,1200,691.8,75,0,476400
NIFTY30JAN2011500CE.NFO,07/01/2020,09:42:50,687,687.2,900,691.2,75,0,476400
NIFTY30JAN2011500CE.NFO,07/01/2020,09:42:51,687,687.2,900,691.15,75,0,476400
NIFTY30JAN2011500CE.NFO,07/01/2020,09:42:53,687,687.2,150,691.1,375,0,476400
NIFTY30JAN2011500CE.NFO,07/01/2020,09:42:54,687,686.25,900,691.1,375,0,476400
NIFTY30JAN2011500CE.NFO,07/01/2020,09:42:55,687,686.3,300,691.1,375,0,476400
NIFTY30JAN2011500CE.NFO,07/01/2020,09:42:56,687,686.25,900,691.05,150,0,476400
NIFTY30JAN2011500CE.NFO,07/01/2020,09:42:57,687,686.3,450,691.05,150,0,476400
NIFTY30JAN2011500CE.NFO,07/01/2020,09:42:58,687,686.4,150,690.95,75,0,476400
NIFTY30JAN2011500CE.NFO,07/01/2020,09:43:00,687,686.35,375,690.95,375,0,476400
NIFTY30JAN2011500CE.NFO,07/01/2020,09:43:01,687,686.3,300,690.5,75,0,476400
NIFTY30JAN2011500CE.NFO,07/01/2020,09:43:02,687,686.3,300,690.45,375,0,476400
NIFTY30JAN2011500CE.NFO,07/01/2020,09:43:03,687,686.25,900,690.45,375,0,476400
NIFTY30JAN2011500CE.NFO,07/01/2020,09:43:06,687,686.3,300,690.25,75,0,476400
NIFTY30JAN2011500CE.NFO,07/01/2020,09:43:09,687,686.25,900,690.05,75,0,476400
NIFTY30JAN2011500CE.NFO,07/01/2020,09:43:10,687,688,150,690.15,75,0,476400
NIFTY30JAN2011500CE.NFO,07/01/2020,09:43:11,687,688,150,690.95,75,0,476400
NIFTY30JAN2011500CE.NFO,07/01/2020,09:43:16,687,688,150,691,375,0,476400
NIFTY30JAN2011500CE.NFO,07/01/2020,09:43:19,687,688,150,690.35,75,0,476400
NIFTY30JAN2011500CE.NFO,07/01/2020,09:43:20,687,688,150,691,75,0,476400
NIFTY30JAN2011500CE.NFO,07/01/2020,09:43:22,687,688.05,900,691.9,375,0,476400
NIFTY30JAN2011500CE.NFO,07/01/2020,09:43:23,687,688,150,691.9,375,0,476400
NIFTY30JAN2011500CE.NFO,07/01/2020,09:43:24,687,688,150,691.75,75,0,476400
NIFTY30JAN2011500CE.NFO,07/01/2020,09:43:25,688,688,75,691.75,75,75,476400
NIFTY30JAN2011500CE.NFO,07/01/2020,09:43:26,688,688,75,691.7,75,0,476550
NIFTY30JAN2011500CE.NFO,07/01/2020,09:43:27,688,688,75,691.25,375,0,476550
NIFTY30JAN2011500CE.NFO,07/01/2020,09:43:28,688,688,75,691.15,75,0,476550
NIFTY30JAN2011500CE.NFO,07/01/2020,09:43:34,688,688,75,691.05,75,0,476550
NIFTY30JAN2011500CE.NFO,07/01/2020,09:43:35,688,688,75,691.25,375,0,476550
NIFTY30JAN2011500CE.NFO,07/01/2020,09:43:36,688,688,75,691.05,75,0,476550
NIFTY30JAN2011500CE.NFO,07/01/2020,09:43:38,688,688,75,691,75,0,476550
NIFTY30JAN2011500CE.NFO,07/01/2020,09:43:39,690,685.95,75,691,75,75,476550
NIFTY30JAN2011500CE.NFO,07/01/2020,09:43:39,690,685.95,75,691,75,0,476550
NIFTY30JAN2011500CE.NFO,07/01/2020,09:43:40,690,685.85,1725,691.05,75,0,476550
NIFTY30JAN2011500CE.NFO,07/01/2020,09:43:42,690,686.4,150,691.05,75,0,476550
NIFTY30JAN2011500CE.NFO,07/01/2020,09:43:43,690,686.3,150,691.2,75,0,476550
NIFTY30JAN2011500CE.NFO,07/01/2020,09:43:44,690,686.25,1725,691,75,0,476550
NIFTY30JAN2011500CE.NFO,07/01/2020,09:43:47,690,688,600,691,75,0,476550
NIFTY30JAN2011500CE.NFO,07/01/2020,09:43:48,690,688.05,150,691.05,75,0,476550
NIFTY30JAN2011500CE.NFO,07/01/2020,09:43:52,690,688.1,750,691.25,75,0,476550
NIFTY30JAN2011500CE.NFO,07/01/2020,09:43:53,690,688.15,300,692,75,0,476550
NIFTY30JAN2011500CE.NFO,07/01/2020,09:43:54,690,688.05,150,691.95,375,0,476550
NIFTY30JAN2011500CE.NFO,07/01/2020,09:43:55,690,688,600,691.95,375,0,476550
NIFTY30JAN2011500CE.NFO,07/01/2020,09:43:56,690,688,600,691.9,75,0,476550
NIFTY30JAN2011500CE.NFO,07/01/2020,09:43:57,690,688,600,691.95,375,0,476550
NIFTY30JAN2011500CE.NFO,07/01/2020,09:43:59,690,688.05,900,691.95,375,0,476550
NIFTY30JAN2011500CE.NFO,07/01/2020,09:44:00,690,688.1,150,691.95,375,0,476550
NIFTY30JAN2011500CE.NFO,07/01/2020,09:44:01,690,688.15,300,692,75,0,476550
NIFTY30JAN2011500CE.NFO,07/01/2020,09:44:03,690,690,375,692,75,0,476550
NIFTY30JAN2011500CE.NFO,07/01/2020,09:44:08,692,690,375,693.25,375,600,476550
NIFTY30JAN2011500CE.NFO,07/01/2020,09:44:08,692,690,375,693.25,375,0,476550
NIFTY30JAN2011500CE.NFO,07/01/2020,09:44:09,692,690,375,692.9,75,0,476550
NIFTY30JAN2011500CE.NFO,07/01/2020,09:44:10,692,690,375,692.85,375,0,476550
NIFTY30JAN2011500CE.NFO,07/01/2020,09:44:11,692,688.2,300,693.2,375,375,476550
NIFTY30JAN2011500CE.NFO,07/01/2020,09:44:12,692,688.15,300,693.2,375,0,476550
NIFTY30JAN2011500CE.NFO,07/01/2020,09:44:15,692,688.2,600,693.2,375,0,476550
NIFTY30JAN2011500CE.NFO,07/01/2020,09:44:19,692,691,150,693.2,375,0,476550
NIFTY30JAN2011500CE.NFO,07/01/2020,09:44:20,692,691,150,693.8,375,0,476550
NIFTY30JAN2011500CE.NFO,07/01/2020,09:44:22,692,691,150,693.75,75,0,476550
NIFTY30JAN2011500CE.NFO,07/01/2020,09:44:24,692,691,150,693.8,450,0,476550
NIFTY30JAN2011500CE.NFO,07/01/2020,09:44:26,691,688.2,150,693.4,375,150,475575
NIFTY30JAN2011500CE.NFO,07/01/2020,09:44:27,691,688.3,750,692.95,75,0,475575
NIFTY30JAN2011500CE.NFO,07/01/2020,09:44:29,691,688.2,750,693.1,450,0,475575
NIFTY30JAN2011500CE.NFO,07/01/2020,09:44:30,691,688.2,750,693,75,0,475575
NIFTY30JAN2011500CE.NFO,07/01/2020,09:44:31,691,688.2,750,692.9,75,0,475575
NIFTY30JAN2011500CE.NFO,07/01/2020,09:44:32,691,688.2,750,693.05,75,0,475575
NIFTY30JAN2011500CE.NFO,07/01/2020,09:44:33,691,688.7,150,692.95,75,0,475575
NIFTY30JAN2011500CE.NFO,07/01/2020,09:44:34,691,688.5,150,692.95,75,0,475575
NIFTY30JAN2011500CE.NFO,07/01/2020,09:44:35,691,688.45,750,693.1,450,0,475575
NIFTY30JAN2011500CE.NFO,07/01/2020,09:44:38,691,688.5,525,693.75,450,0,475575
NIFTY30JAN2011500CE.NFO,07/01/2020,09:44:39,691,688.5,525,693.75,375,0,475575
NIFTY30JAN2011500CE.NFO,07/01/2020,09:44:40,691,688.5,150,693.75,375,0,475575
NIFTY30JAN2011500CE.NFO,07/01/2020,09:44:41,691,688.5,150,693.55,75,0,475575
NIFTY30JAN2011500CE.NFO,07/01/2020,09:44:42,691,688.5,150,693.35,375,0,475575
NIFTY30JAN2011500CE.NFO,07/01/2020,09:44:43,691,688.45,750,693.3,75,0,475575
NIFTY30JAN2011500CE.NFO,07/01/2020,09:44:46,691,688.45,750,693.25,75,0,475575
NIFTY30JAN2011500CE.NFO,07/01/2020,09:44:47,691,688.45,750,693.1,375,0,475575
NIFTY30JAN2011500CE.NFO,07/01/2020,09:44:52,691,688.5,150,693.1,375,0,475575
NIFTY30JAN2011500CE.NFO,07/01/2020,09:44:53,691,688.55,375,693.25,375,0,475575
NIFTY30JAN2011500CE.NFO,07/01/2020,09:44:54,691,688.75,1350,693.25,375,0,475575
NIFTY30JAN2011500CE.NFO,07/01/2020,09:44:56,691,688.75,1050,693.25,375,0,475575
NIFTY30JAN2011500CE.NFO,07/01/2020,09:44:57,691,688.75,900,693,375,0,475575
NIFTY30JAN2011500CE.NFO,07/01/2020,09:44:58,691,688.8,450,693.6,75,0,475575
NIFTY30JAN2011500CE.NFO,07/01/2020,09:44:59,691,688.8,450,693.55,375,0,475575
NIFTY30JAN2011500CE.NFO,07/01/2020,09:45:01,691,689.3,150,694.1,375,0,475575
NIFTY30JAN2011500CE.NFO,07/01/2020,09:45:03,691,689.25,150,694.1,375,0,475575
NIFTY30JAN2011500CE.NFO,07/01/2020,09:45:04,691,689.6,1350,694.35,375,0,475575
NIFTY30JAN2011500CE.NFO,07/01/2020,09:45:07,691,690.3,1350,694.35,375,0,475575
NIFTY30JAN2011500CE.NFO,07/01/2020,09:45:08,691,690.3,1500,695.2,75,0,475575
NIFTY30JAN2011500CE.NFO,07/01/2020,09:45:09,691,691.75,150,696.75,75,0,475575
NIFTY30JAN2011500CE.NFO,07/01/2020,09:45:11,691,691.8,900,695.85,75,0,475575
NIFTY30JAN2011500CE.NFO,07/01/2020,09:45:12,691,690.45,75,695.65,75,0,475575
NIFTY30JAN2011500CE.NFO,07/01/2020,09:45:14,691,690.65,150,696,375,0,475575
NIFTY30JAN2011500CE.NFO,07/01/2020,09:45:15,691,691.35,150,696.8,375,0,475575
NIFTY30JAN2011500CE.NFO,07/01/2020,09:45:16,691,692.1,1200,696.8,375,0,475575
NIFTY30JAN2011500CE.NFO,07/01/2020,09:45:18,691,692.2,150,696.8,375,0,475575
NIFTY30JAN2011500CE.NFO,07/01/2020,09:45:19,691,692.45,900,696.8,375,0,475575
NIFTY30JAN2011500CE.NFO,07/01/2020,09:45:20,691,692.5,750,696.65,75,0,475575
NIFTY30JAN2011500CE.NFO,07/01/2020,09:45:21,691,691.5,1350,696.75,75,0,475575
NIFTY30JAN2011500CE.NFO,07/01/2020,09:45:22,691,691.5,1500,696.25,375,0,475575
NIFTY30JAN2011500CE.NFO,07/01/2020,09:45:24,691,691.5,1350,696.25,375,0,475575
NIFTY30JAN2011500CE.NFO,07/01/2020,09:45:26,691,691.5,1350,696.55,75,0,475575
NIFTY30JAN2011500CE.NFO,07/01/2020,09:45:27,691,691.55,525,696.7,75,0,475575
NIFTY30JAN2011500CE.NFO,07/01/2020,09:45:28,691,691.55,150,696.5,75,0,475575
NIFTY30JAN2011500CE.NFO,07/01/2020,09:45:29,691,691.5,1200,696.55,375,0,475575
NIFTY30JAN2011500CE.NFO,07/01/2020,09:45:31,691,691.5,1200,696.35,75,0,475575
NIFTY30JAN2011500CE.NFO,07/01/2020,09:45:32,691,691.5,1200,696,375,0,475575
NIFTY30JAN2011500CE.NFO,07/01/2020,09:45:33,691,691.55,150,696.5,75,0,475575
NIFTY30JAN2011500CE.NFO,07/01/2020,09:45:35,691,691.5,1200,696.3,375,0,475575
NIFTY30JAN2011500CE.NFO,07/01/2020,09:45:37,691,691.65,75,695.8,375,0,475575
NIFTY30JAN2011500CE.NFO,07/01/2020,09:45:38,691,691.5,1200,695.8,375,0,475575
NIFTY30JAN2011500CE.NFO,07/01/2020,09:45:40,691,691.5,900,695.8,375,0,475575
NIFTY30JAN2011500CE.NFO,07/01/2020,09:45:42,691,691.55,300,696.55,525,0,475575
NIFTY30JAN2011500CE.NFO,07/01/2020,09:45:43,691,691.55,300,695,450,0,475575
NIFTY30JAN2011500CE.NFO,07/01/2020,09:45:44,691,691.5,900,695,450,0,475575
NIFTY30JAN2011500CE.NFO,07/01/2020,09:45:45,691,691.55,300,695,450,0,475575
NIFTY30JAN2011500CE.NFO,07/01/2020,09:45:46,691,691.6,150,695,450,0,475575
NIFTY30JAN2011500CE.NFO,07/01/2020,09:45:47,691,691.95,150,695,450,0,475575
NIFTY30JAN2011500CE.NFO,07/01/2020,09:45:48,691,691.6,150,695,450,0,475575
NIFTY30JAN2011500CE.NFO,07/01/2020,09:45:49,691,691.55,300,695,450,0,475575
NIFTY30JAN2011500CE.NFO,07/01/2020,09:45:53,691,691.5,900,695,450,0,475575
NIFTY30JAN2011500CE.NFO,07/01/2020,09:45:58,691,691.55,300,695,450,0,475575
NIFTY30JAN2011500CE.NFO,07/01/2020,09:46:01,691,691.55,150,695,450,0,475575
NIFTY30JAN2011500CE.NFO,07/01/2020,09:46:08,691,691.55,150,694.95,375,0,475575
NIFTY30JAN2011500CE.NFO,07/01/2020,09:46:10,691,691.6,750,695,375,0,475575
NIFTY30JAN2011500CE.NFO,07/01/2020,09:46:15,691,691.6,750,694.95,375,0,475575
NIFTY30JAN2011500CE.NFO,07/01/2020,09:46:18,691,691.6,750,695,375,0,475575
NIFTY30JAN2011500CE.NFO,07/01/2020,09:46:19,691,691.6,750,694.95,375,0,475575
NIFTY30JAN2011500CE.NFO,07/01/2020,09:46:20,691,690.2,1350,694.75,75,0,475575
NIFTY30JAN2011500CE.NFO,07/01/2020,09:46:21,691,690.3,150,694.95,375,0,475575
NIFTY30JAN2011500CE.NFO,07/01/2020,09:46:23,691,690.6,1350,695,375,0,475575
NIFTY30JAN2011500CE.NFO,07/01/2020,09:46:24,691,690.6,1200,695,375,0,475575
NIFTY30JAN2011500CE.NFO,07/01/2020,09:46:25,691,690.6,1200,694.95,375,0,475575
NIFTY30JAN2011500CE.NFO,07/01/2020,09:46:26,691,690.6,900,695,375,0,475575
NIFTY30JAN2011500CE.NFO,07/01/2020,09:46:27,691,690.6,900,694.7,375,0,475575
NIFTY30JAN2011500CE.NFO,07/01/2020,09:46:28,691,690.6,900,694.4,75,0,475575
NIFTY30JAN2011500CE.NFO,07/01/2020,09:46:30,691,690.6,750,694.7,375,0,475575
NIFTY30JAN2011500CE.NFO,07/01/2020,09:46:31,691,689.7,150,694.45,375,0,475575
NIFTY30JAN2011500CE.NFO,07/01/2020,09:46:32,691,689.6,900,694.35,75,0,475575
NIFTY30JAN2011500CE.NFO,07/01/2020,09:46:33,694.45,689.6,900,694.4,75,150,475575
NIFTY30JAN2011500CE.NFO,07/01/2020,09:46:33,694.45,689.6,900,694.4,75,0,475575
