Ticker,Date,Time,LTP,BuyPrice,BuyQty,SellPrice,SellQty,LTQ,OpenInterest
NIFTY09JAN2012400CE.NFO,07/01/2020,09:15:00,1.9,1.3,75,1.85,75,75,1128750
NIFTY09JAN2012400CE.NFO,07/01/2020,09:15:00,1.9,1.3,75,1.85,75,0,1128750
NIFTY09JAN2012400CE.NFO,07/01/2020,09:15:00,1.9,1.3,75,1.85,75,0,1128750
NIFTY09JAN2012400CE.NFO,07/01/2020,09:15:00,1.9,1.3,75,1.85,75,0,1128750
NIFTY09JAN2012400CE.NFO,07/01/2020,09:15:01,1.9,1.7,150,1.85,150,0,1128750
NIFTY09JAN2012400CE.NFO,07/01/2020,09:15:03,1.85,1.7,75,1.9,2550,1050,1128750
NIFTY09JAN2012400CE.NFO,07/01/2020,09:15:03,1.75,1.7,75,1.9,2550,0,1128750
NIFTY09JAN2012400CE.NFO,07/01/2020,09:15:05,1.9,1.9,2925,1.95,1575,2250,1128750
NIFTY09JAN2012400CE.NFO,07/01/2020,09:15:08,2,2.05,1500,2.2,300,2325,1128750
NIFTY09JAN2012400CE.NFO,07/01/2020,09:15:08,2,2.05,1500,2.2,300,0,1128750
NIFTY09JAN2012400CE.NFO,07/01/2020,09:15:10,2.2,2.15,1650,2.25,9750,75,1128750
NIFTY09JAN2012400CE.NFO,07/01/2020,09:15:10,2.2,2.15,1650,2.25,9750,0,1128750
NIFTY09JAN2012400CE.NFO,07/01/2020,09:15:11,2.2,2.15,1425,2.25,9000,0,1128750
NIFTY09JAN2012400CE.NFO,07/01/2020,09:15:12,2.25,2.15,1875,2.25,7500,1650,1128750
NIFTY09JAN2012400CE.NFO,07/01/2020,09:15:12,2.25,2.15,1875,2.25,7500,0,1128750
NIFTY09JAN2012400CE.NFO,07/01/2020,09:15:13,2.25,2.15,4200,2.25,7500,0,1128750
NIFTY09JAN2012400CE.NFO,07/01/2020,09:15:14,2.25,2.15,4500,2.25,7275,225,1128750
NIFTY09JAN2012400CE.NFO,07/01/2020,09:15:16,2.25,2.2,1500,2.25,7275,0,1128750
NIFTY09JAN2012400CE.NFO,07/01/2020,09:15:17,2.25,2.2,1425,2.25,7050,300,1128750
NIFTY09JAN2012400CE.NFO,07/01/2020,09:15:18,2.15,2.15,1500,2.2,1125,1725,1128750
NIFTY09JAN2012400CE.NFO,07/01/2020,09:15:19,2.2,2.15,2550,2.2,2550,75,1128750
NIFTY09JAN2012400CE.NFO,07/01/2020,09:15:20,2.2,2.15,1650,2.2,4350,675,1128750
NIFTY09JAN2012400CE.NFO,07/01/2020,09:15:22,2.2,2.15,1125,2.2,4800,2400,1128750
NIFTY09JAN2012400CE.NFO,07/01/2020,09:15:23,2.2,2.15,75,2.2,4950,0,1128750
NIFTY09JAN2012400CE.NFO,07/01/2020,09:15:24,2.3,2.3,1425,2.4,1950,9075,1128750
NIFTY09JAN2012400CE.NFO,07/01/2020,09:15:24,2.3,2.3,1425,2.4,1950,0,1128750
NIFTY09JAN2012400CE.NFO,07/01/2020,09:15:26,2.35,2.25,4950,2.35,1725,5475,1128750
NIFTY09JAN2012400CE.NFO,07/01/2020,09:15:26,2.4,2.25,4950,2.35,1725,0,1128750
NIFTY09JAN2012400CE.NFO,07/01/2020,09:15:27,2.25,2.25,4650,2.35,1875,450,1128750
NIFTY09JAN2012400CE.NFO,07/01/2020,09:15:29,2.35,2.3,75,2.35,1275,75,1128750
NIFTY09JAN2012400CE.NFO,07/01/2020,09:15:30,2.3,2.3,3525,2.35,1500,225,1128750
NIFTY09JAN2012400CE.NFO,07/01/2020,09:15:31,2.35,2.35,375,2.4,1800,1125,1128750
NIFTY09JAN2012400CE.NFO,07/01/2020,09:15:32,2.35,2.3,3675,2.35,1050,2775,1128750
NIFTY09JAN2012400CE.NFO,07/01/2020,09:15:33,2.35,2.3,3450,2.35,975,750,1128750
NIFTY09JAN2012400CE.NFO,07/01/2020,09:15:34,2.35,2.3,3450,2.35,5475,0,1128750
NIFTY09JAN2012400CE.NFO,07/01/2020,09:15:35,2.35,2.25,18375,2.35,5175,5775,1128750
NIFTY09JAN2012400CE.NFO,07/01/2020,09:15:36,2.35,2.3,825,2.35,3300,1200,1128750
NIFTY09JAN2012400CE.NFO,07/01/2020,09:15:37,2.25,2.3,825,2.35,3375,1350,1128750
NIFTY09JAN2012400CE.NFO,07/01/2020,09:15:39,2.35,2.3,5400,2.35,2325,1050,1128750
NIFTY09JAN2012400CE.NFO,07/01/2020,09:15:40,2.35,2.35,3750,2.4,450,2325,1128750
NIFTY09JAN2012400CE.NFO,07/01/2020,09:15:41,2.45,2.35,8625,2.45,1725,1800,1128750
NIFTY09JAN2012400CE.NFO,07/01/2020,09:15:41,2.45,2.35,8625,2.45,1725,0,1128750
NIFTY09JAN2012400CE.NFO,07/01/2020,09:15:42,2.45,2.4,300,2.45,1500,0,1128750
NIFTY09JAN2012400CE.NFO,07/01/2020,09:15:43,2.4,2.4,75,2.45,1800,600,1128750
NIFTY09JAN2012400CE.NFO,07/01/2020,09:15:44,2.4,2.35,8250,2.45,750,150,1128750
NIFTY09JAN2012400CE.NFO,07/01/2020,09:15:45,2.45,2.35,8100,2.45,1125,1200,1128750
NIFTY09JAN2012400CE.NFO,07/01/2020,09:15:46,2.35,2.35,6525,2.4,75,450,1128750
NIFTY09JAN2012400CE.NFO,07/01/2020,09:15:47,2.35,2.35,13125,2.45,2400,1500,1128750
NIFTY09JAN2012400CE.NFO,07/01/2020,09:15:49,2.35,2.35,13275,2.4,675,375,1128750
NIFTY09JAN2012400CE.NFO,07/01/2020,09:15:50,2.4,2.4,6900,2.45,75,5250,1128750
NIFTY09JAN2012400CE.NFO,07/01/2020,09:15:51,2.4,2.4,13200,2.45,75,0,1128750
NIFTY09JAN2012400CE.NFO,07/01/2020,09:15:52,2.45,2.45,300,2.5,2025,225,1128750
NIFTY09JAN2012400CE.NFO,07/01/2020,09:15:53,2.5,2.45,300,2.5,1425,375,1128750
NIFTY09JAN2012400CE.NFO,07/01/2020,09:15:53,2.5,2.45,300,2.5,1425,0,1128750
NIFTY09JAN2012400CE.NFO,07/01/2020,09:15:54,2.45,2.45,75,2.5,2250,450,1128750
NIFTY09JAN2012400CE.NFO,07/01/2020,09:15:56,2.55,2.45,5925,2.55,2025,3225,1128750
NIFTY09JAN2012400CE.NFO,07/01/2020,09:15:56,2.55,2.45,5925,2.55,2025,0,1128750
NIFTY09JAN2012400CE.NFO,07/01/2020,09:15:57,2.5,2.45,4875,2.55,1875,2100,1128750
NIFTY09JAN2012400CE.NFO,07/01/2020,09:15:58,2.5,2.45,4275,2.5,4800,75,1128750
NIFTY09JAN2012400CE.NFO,07/01/2020,09:15:59,2.45,2.45,3075,2.5,7200,75,1128750
NIFTY09JAN2012400CE.NFO,07/01/2020,09:16:01,2.45,2.45,4200,2.5,7125,3675,1128750
NIFTY09JAN2012400CE.NFO,07/01/2020,09:16:02,2.5,2.45,7350,2.5,750,6300,1128750
NIFTY09JAN2012400CE.NFO,07/01/2020,09:16:03,2.55,2.5,5400,2.55,1575,1500,1128750
NIFTY09JAN2012400CE.NFO,07/01/2020,09:16:04,2.55,2.5,7800,2.6,2325,450,1128750
NIFTY09JAN2012400CE.NFO,07/01/2020,09:16:06,2.6,2.5,12375,2.6,75,5100,1128750
NIFTY09JAN2012400CE.NFO,07/01/2020,09:16:06,2.6,2.5,12375,2.6,75,0,1128750
NIFTY09JAN2012400CE.NFO,07/01/2020,09:16:07,2.6,2.55,6150,2.6,75,150,1128750
NIFTY09JAN2012400CE.NFO,07/01/2020,09:16:08,2.6,2.6,1200,2.65,6150,300,1128750
NIFTY09JAN2012400CE.NFO,07/01/2020,09:16:09,2.6,2.55,6075,2.6,3900,5550,1128750
NIFTY09JAN2012400CE.NFO,07/01/2020,09:16:10,2.6,2.55,6225,2.6,6300,0,1128750
NIFTY09JAN2012400CE.NFO,07/01/2020,09:16:11,2.6,2.55,6225,2.6,5325,975,1128750
NIFTY09JAN2012400CE.NFO,07/01/2020,09:16:12,2.6,2.55,6300,2.6,5250,0,1128750
NIFTY09JAN2012400CE.NFO,07/01/2020,09:16:13,2.6,2.55,6225,2.6,4200,1125,1128750
NIFTY09JAN2012400CE.NFO,07/01/2020,09:16:14,2.6,2.55,6225,2.6,4125,75,1128750
NIFTY09JAN2012400CE.NFO,07/01/2020,09:16:16,2.6,2.6,1725,2.65,3750,5400,1128750
NIFTY09JAN2012400CE.NFO,07/01/2020,09:16:17,2.65,2.6,1500,2.65,3675,375,1128750
NIFTY09JAN2012400CE.NFO,07/01/2020,09:16:17,2.65,2.6,1500,2.65,3675,0,1128750
NIFTY09JAN2012400CE.NFO,07/01/2020,09:16:18,2.65,2.6,4350,2.65,3600,150,1128750
NIFTY09JAN2012400CE.NFO,07/01/2020,09:16:19,2.65,2.6,4575,2.65,2025,1575,1128750
NIFTY09JAN2012400CE.NFO,07/01/2020,09:16:20,2.65,2.6,3000,2.65,1725,3450,1128750
NIFTY09JAN2012400CE.NFO,07/01/2020,09:16:21,2.65,2.6,4125,2.65,1875,75,1128750
NIFTY09JAN2012400CE.NFO,07/01/2020,09:16:22,2.6,2.6,6975,2.65,75,750,1128750
NIFTY09JAN2012400CE.NFO,07/01/2020,09:16:24,2.65,2.6,7200,2.65,150,150,1128750
NIFTY09JAN2012400CE.NFO,07/01/2020,09:16:25,2.65,2.6,6525,2.65,1500,150,1128750
NIFTY09JAN2012400CE.NFO,07/01/2020,09:16:25,2.65,2.6,8925,2.7,4800,0,1128750
NIFTY09JAN2012400CE.NFO,07/01/2020,09:16:26,2.6,2.6,9825,2.7,5025,300,1128750
NIFTY09JAN2012400CE.NFO,07/01/2020,09:16:28,2.65,2.6,8850,2.65,4350,225,1128750
NIFTY09JAN2012400CE.NFO,07/01/2020,09:16:28,2.7,2.6,8850,2.65,4350,0,1128750
NIFTY09JAN2012400CE.NFO,07/01/2020,09:16:29,2.65,2.6,8625,2.65,3375,975,1128750
NIFTY09JAN2012400CE.NFO,07/01/2020,09:16:30,2.65,2.65,2175,2.7,3525,450,1128750
NIFTY09JAN2012400CE.NFO,07/01/2020,09:16:31,2.7,2.65,3825,2.7,1500,825,1128750
NIFTY09JAN2012400CE.NFO,07/01/2020,09:16:33,2.7,2.65,3450,2.7,975,750,1128750
NIFTY09JAN2012400CE.NFO,07/01/2020,09:16:34,2.75,2.7,150,2.75,525,1425,1128750
NIFTY09JAN2012400CE.NFO,07/01/2020,09:16:34,2.75,2.7,150,2.75,525,0,1128750
NIFTY09JAN2012400CE.NFO,07/01/2020,09:16:35,2.8,2.7,5250,2.8,3600,225,1128750
NIFTY09JAN2012400CE.NFO,07/01/2020,09:16:35,2.8,2.7,5250,2.8,3600,0,1128750
NIFTY09JAN2012400CE.NFO,07/01/2020,09:16:37,2.75,2.7,6375,2.8,2400,2175,1128750
NIFTY09JAN2012400CE.NFO,07/01/2020,09:16:38,2.7,2.75,2775,2.8,450,75,1128750
NIFTY09JAN2012400CE.NFO,07/01/2020,09:16:39,2.75,2.75,4650,2.85,2775,5025,1128750
NIFTY09JAN2012400CE.NFO,07/01/2020,09:16:39,2.9,2.75,4650,2.85,2775,0,1128750
NIFTY09JAN2012400CE.NFO,07/01/2020,09:16:40,2.75,2.75,3225,2.85,3975,750,1128750
NIFTY09JAN2012400CE.NFO,07/01/2020,09:16:41,2.75,2.7,9375,2.8,3525,1425,1128750
NIFTY09JAN2012400CE.NFO,07/01/2020,09:16:42,2.75,2.7,9300,2.75,75,0,1128750
NIFTY09JAN2012400CE.NFO,07/01/2020,09:16:44,2.75,2.7,9075,2.75,75,0,1128750
NIFTY09JAN2012400CE.NFO,07/01/2020,09:16:45,2.75,2.75,525,2.8,5550,300,1128750
NIFTY09JAN2012400CE.NFO,07/01/2020,09:16:46,2.75,2.75,2925,2.8,5475,450,1128750
NIFTY09JAN2012400CE.NFO,07/01/2020,09:16:47,2.8,2.75,11100,2.8,3975,675,1128750
NIFTY09JAN2012400CE.NFO,07/01/2020,09:16:48,2.8,2.75,14475,2.85,2475,5175,1128750
NIFTY09JAN2012400CE.NFO,07/01/2020,09:16:49,2.8,2.8,7050,2.9,3300,3900,1128750
NIFTY09JAN2012400CE.NFO,07/01/2020,09:16:50,2.9,2.8,8175,2.9,2325,225,1128750
NIFTY09JAN2012400CE.NFO,07/01/2020,09:16:51,2.85,2.85,2325,2.9,750,150,1128750
NIFTY09JAN2012400CE.NFO,07/01/2020,09:16:52,2.8,2.8,7950,2.85,150,2250,1128750
NIFTY09JAN2012400CE.NFO,07/01/2020,09:16:54,2.8,2.8,7800,2.85,150,150,1128750
NIFTY09JAN2012400CE.NFO,07/01/2020,09:16:55,2.9,2.85,5925,2.95,1725,1500,1128750
NIFTY09JAN2012400CE.NFO,07/01/2020,09:16:56,2.95,2.9,375,2.95,1425,75,1128750
NIFTY09JAN2012400CE.NFO,07/01/2020,09:16:56,2.95,2.9,375,2.95,1425,0,1128750
NIFTY09JAN2012400CE.NFO,07/01/2020,09:16:57,2.95,2.9,675,2.95,975,0,1128750
NIFTY09JAN2012400CE.NFO,07/01/2020,09:16:58,2.95,2.9,5175,3,4350,750,1128750
NIFTY09JAN2012400CE.NFO,07/01/2020,09:16:59,2.85,2.85,8850,2.95,3300,4050,1128750
NIFTY09JAN2012400CE.NFO,07/01/2020,09:17:00,2.95,2.85,9450,2.95,2025,375,1128750
NIFTY09JAN2012400CE.NFO,07/01/2020,09:17:02,2.9,2.85,14175,2.9,525,3225,1128750
NIFTY09JAN2012400CE.NFO,07/01/2020,09:17:02,3,2.85,14175,2.9,525,0,1128750
NIFTY09JAN2012400CE.NFO,07/01/2020,09:17:03,2.9,2.9,1350,2.95,2175,525,1128750
NIFTY09JAN2012400CE.NFO,07/01/2020,09:17:04,2.9,2.85,12075,2.9,825,2550,1128750
NIFTY09JAN2012400CE.NFO,07/01/2020,09:17:05,2.9,2.9,2850,2.95,2775,825,1128750
NIFTY09JAN2012400CE.NFO,07/01/2020,09:17:06,2.9,2.85,12525,2.95,4425,5850,1128750
NIFTY09JAN2012400CE.NFO,07/01/2020,09:17:07,2.95,2.9,150,2.95,6450,300,1128750
NIFTY09JAN2012400CE.NFO,07/01/2020,09:17:08,2.9,2.85,15600,2.95,6450,150,1135650
NIFTY09JAN2012400CE.NFO,07/01/2020,09:17:09,2.95,2.9,8475,2.95,9300,300,1135650
NIFTY09JAN2012400CE.NFO,07/01/2020,09:17:11,2.9,2.9,12225,2.95,8700,150,1135650
NIFTY09JAN2012400CE.NFO,07/01/2020,09:17:12,2.9,2.9,14175,2.95,8700,150,1135650
NIFTY09JAN2012400CE.NFO,07/01/2020,09:17:13,2.95,2.9,14175,2.95,6600,1725,1135650
NIFTY09JAN2012400CE.NFO,07/01/2020,09:17:14,2.95,2.9,14400,2.95,2250,4350,1135650
NIFTY09JAN2012400CE.NFO,07/01/2020,09:17:15,2.95,2.95,2250,3,1950,2250,1135650
NIFTY09JAN2012400CE.NFO,07/01/2020,09:17:16,2.95,2.9,18000,3,1950,1800,1135650
NIFTY09JAN2012400CE.NFO,07/01/2020,09:17:17,3,2.95,5100,3,2175,225,1135650
NIFTY09JAN2012400CE.NFO,07/01/2020,09:17:18,2.95,2.95,8700,3,1800,4800,1135650
NIFTY09JAN2012400CE.NFO,07/01/2020,09:17:18,3,3,300,3.05,375,1800,1135650
NIFTY09JAN2012400CE.NFO,07/01/2020,09:17:19,3.1,3,13125,3.1,2550,2175,1135650
NIFTY09JAN2012400CE.NFO,07/01/2020,09:17:19,3.1,3,13125,3.1,2550,0,1135650
NIFTY09JAN2012400CE.NFO,07/01/2020,09:17:21,3,3,13050,3.05,150,1575,1135650
NIFTY09JAN2012400CE.NFO,07/01/2020,09:17:22,3,3,10725,3.05,1350,4425,1135650
NIFTY09JAN2012400CE.NFO,07/01/2020,09:17:23,3.05,3,15525,3.05,150,1350,1135650
NIFTY09JAN2012400CE.NFO,07/01/2020,09:17:24,3,3,14550,3.05,375,4050,1135650
NIFTY09JAN2012400CE.NFO,07/01/2020,09:17:24,3,3,14325,3.05,2100,225,1135650
NIFTY09JAN2012400CE.NFO,07/01/2020,09:17:26,3.05,3,20850,3.05,1950,75,1135650
NIFTY09JAN2012400CE.NFO,07/01/2020,09:17:27,3.05,3,20700,3.05,3225,375,1135650
NIFTY09JAN2012400CE.NFO,07/01/2020,09:17:28,3,3,18225,3.05,2625,2400,1135650
NIFTY09JAN2012400CE.NFO,07/01/2020,09:17:29,3,3,13050,3.05,4875,6300,1135650
NIFTY09JAN2012400CE.NFO,07/01/2020,09:17:30,3,3,5475,3.05,5025,7800,1135650
NIFTY09JAN2012400CE.NFO,07/01/2020,09:17:30,3.05,3,5325,3.05,5250,525,1135650
NIFTY09JAN2012400CE.NFO,07/01/2020,09:17:32,2.95,2.95,17700,3,6150,8775,1135650
NIFTY09JAN2012400CE.NFO,07/01/2020,09:17:33,2.95,2.95,17325,3,12000,5025,1135650
NIFTY09JAN2012400CE.NFO,07/01/2020,09:17:34,3,2.95,15600,3,6975,5400,1135650
NIFTY09JAN2012400CE.NFO,07/01/2020,09:17:35,2.95,2.95,7425,3,7350,6675,1135650
NIFTY09JAN2012400CE.NFO,07/01/2020,09:17:36,2.95,2.9,14100,2.95,6750,3000,1135650
NIFTY09JAN2012400CE.NFO,07/01/2020,09:17:36,2.95,2.9,14100,2.95,11850,0,1135650
NIFTY09JAN2012400CE.NFO,07/01/2020,09:17:38,2.95,2.9,10875,2.95,12825,300,1135650
NIFTY09JAN2012400CE.NFO,07/01/2020,09:17:39,2.9,2.85,7500,2.95,6825,20700,1135650
NIFTY09JAN2012400CE.NFO,07/01/2020,09:17:40,2.95,2.85,3525,2.9,375,6150,1135650
NIFTY09JAN2012400CE.NFO,07/01/2020,09:17:41,2.8,2.8,3225,2.9,6600,5175,1135650
NIFTY09JAN2012400CE.NFO,07/01/2020,09:17:41,2.95,2.85,1425,2.9,375,5025,1135650
NIFTY09JAN2012400CE.NFO,07/01/2020,09:17:42,2.9,2.8,4350,2.9,3075,8025,1135650
NIFTY09JAN2012400CE.NFO,07/01/2020,09:17:44,2.8,2.8,2325,2.85,525,2850,1135650
NIFTY09JAN2012400CE.NFO,07/01/2020,09:17:45,2.85,2.75,12450,2.85,7125,4800,1135650
NIFTY09JAN2012400CE.NFO,07/01/2020,09:17:46,2.8,2.75,11775,2.8,3375,3300,1135650
NIFTY09JAN2012400CE.NFO,07/01/2020,09:17:47,2.75,2.75,11475,2.85,9150,9975,1135650
NIFTY09JAN2012400CE.NFO,07/01/2020,09:17:47,2.75,2.75,11475,2.85,9150,0,1135650
NIFTY09JAN2012400CE.NFO,07/01/2020,09:17:49,2.75,2.8,2700,2.85,9150,5400,1135650
NIFTY09JAN2012400CE.NFO,07/01/2020,09:17:50,2.75,2.75,8100,2.85,11550,4050,1135650
NIFTY09JAN2012400CE.NFO,07/01/2020,09:17:51,2.8,2.75,10200,2.85,9525,2775,1135650
NIFTY09JAN2012400CE.NFO,07/01/2020,09:17:52,2.75,2.75,8475,2.8,1500,2925,1135650
NIFTY09JAN2012400CE.NFO,07/01/2020,09:17:53,2.75,2.75,5400,2.8,7350,2775,1135650
NIFTY09JAN2012400CE.NFO,07/01/2020,09:17:53,2.75,2.75,4275,2.8,7350,1125,1135650
NIFTY09JAN2012400CE.NFO,07/01/2020,09:17:55,2.7,2.7,1425,2.75,5925,4050,1135650
NIFTY09JAN2012400CE.NFO,07/01/2020,09:17:56,2.7,2.7,2400,2.75,6825,225,1135650
NIFTY09JAN2012400CE.NFO,07/01/2020,09:17:57,2.7,2.65,3000,2.7,300,525,1135650
NIFTY09JAN2012400CE.NFO,07/01/2020,09:17:58,2.65,2.65,2775,2.7,5325,150,1135650
NIFTY09JAN2012400CE.NFO,07/01/2020,09:17:59,2.65,2.65,1800,2.7,9075,2550,1135650
NIFTY09JAN2012400CE.NFO,07/01/2020,09:17:59,2.65,2.65,1800,2.7,9075,0,1135650
NIFTY09JAN2012400CE.NFO,07/01/2020,09:18:01,2.7,2.65,2475,2.7,1875,7350,1135650
NIFTY09JAN2012400CE.NFO,07/01/2020,09:18:02,2.7,2.65,2325,2.7,1125,750,1135650
NIFTY09JAN2012400CE.NFO,07/01/2020,09:18:03,2.65,2.65,6900,2.7,4800,150,1135650
NIFTY09JAN2012400CE.NFO,07/01/2020,09:18:04,2.65,2.65,9525,2.7,9750,375,1135650
NIFTY09JAN2012400CE.NFO,07/01/2020,09:18:04,2.65,2.65,9525,2.7,9750,0,1135650
NIFTY09JAN2012400CE.NFO,07/01/2020,09:18:05,2.65,2.65,7500,2.7,2850,9900,1135650
NIFTY09JAN2012400CE.NFO,07/01/2020,09:18:07,2.7,2.65,6375,2.7,675,2175,1135650
NIFTY09JAN2012400CE.NFO,07/01/2020,09:18:08,2.75,2.7,5400,2.75,525,1125,1135650
NIFTY09JAN2012400CE.NFO,07/01/2020,09:18:09,2.7,2.75,75,2.8,3900,2250,1135650
NIFTY09JAN2012400CE.NFO,07/01/2020,09:18:10,2.7,2.75,150,2.8,3300,0,1135650
NIFTY09JAN2012400CE.NFO,07/01/2020,09:18:11,2.8,2.7,10350,2.8,2850,4725,1135650
NIFTY09JAN2012400CE.NFO,07/01/2020,09:18:11,2.8,2.75,750,2.8,1725,0,1135650
NIFTY09JAN2012400CE.NFO,07/01/2020,09:18:13,2.75,2.75,4350,2.85,9975,7425,1135650
NIFTY09JAN2012400CE.NFO,07/01/2020,09:18:14,2.75,2.75,3900,2.85,9825,0,1135650
NIFTY09JAN2012400CE.NFO,07/01/2020,09:18:15,2.75,2.75,1200,2.8,1725,0,1135650
NIFTY09JAN2012400CE.NFO,07/01/2020,09:18:16,2.75,2.75,900,2.8,6525,300,1135650
NIFTY09JAN2012400CE.NFO,07/01/2020,09:18:17,2.75,2.75,900,2.8,11100,0,1135650
NIFTY09JAN2012400CE.NFO,07/01/2020,09:18:18,2.75,2.7,8775,2.8,15450,900,1135650
NIFTY09JAN2012400CE.NFO,07/01/2020,09:18:19,2.75,2.7,8025,2.75,1950,600,1135650
NIFTY09JAN2012400CE.NFO,07/01/2020,09:18:20,2.75,2.7,8025,2.75,4275,75,1135650
NIFTY09JAN2012400CE.NFO,07/01/2020,09:18:21,2.7,2.7,7800,2.75,4275,75,1135650
NIFTY09JAN2012400CE.NFO,07/01/2020,09:18:22,2.75,2.7,7800,2.75,8925,150,1135650
NIFTY09JAN2012400CE.NFO,07/01/2020,09:18:23,2.75,2.7,7800,2.75,8625,300,1135650
NIFTY09JAN2012400CE.NFO,07/01/2020,09:18:24,2.75,2.7,2850,2.75,8625,0,1135650
NIFTY09JAN2012400CE.NFO,07/01/2020,09:18:25,2.75,2.7,2850,2.75,13125,0,1135650
NIFTY09JAN2012400CE.NFO,07/01/2020,09:18:26,2.7,2.7,600,2.75,12075,3600,1135650
NIFTY09JAN2012400CE.NFO,07/01/2020,09:18:27,2.75,2.7,75,2.75,11775,75,1135650
NIFTY09JAN2012400CE.NFO,07/01/2020,09:18:28,2.75,2.7,375,2.75,11775,0,1135650
NIFTY09JAN2012400CE.NFO,07/01/2020,09:18:29,2.75,2.7,6150,2.75,10800,1575,1135650
NIFTY09JAN2012400CE.NFO,07/01/2020,09:18:30,2.7,2.7,900,2.75,10800,5250,1135650
NIFTY09JAN2012400CE.NFO,07/01/2020,09:18:31,2.7,2.7,900,2.75,10800,0,1135650
NIFTY09JAN2012400CE.NFO,07/01/2020,09:18:32,2.7,2.65,3300,2.7,2025,6225,1135650
NIFTY09JAN2012400CE.NFO,07/01/2020,09:18:33,2.65,2.65,3225,2.7,13425,75,1135650
NIFTY09JAN2012400CE.NFO,07/01/2020,09:18:34,2.7,2.65,2775,2.7,13950,525,1135650
NIFTY09JAN2012400CE.NFO,07/01/2020,09:18:35,2.6,2.6,3525,2.7,14775,11475,1135650
NIFTY09JAN2012400CE.NFO,07/01/2020,09:18:36,2.6,2.55,9000,2.65,3825,2550,1135650
NIFTY09JAN2012400CE.NFO,07/01/2020,09:18:37,2.6,2.55,5850,2.6,75,600,1135650
NIFTY09JAN2012400CE.NFO,07/01/2020,09:18:38,2.6,2.55,5475,2.65,12300,75,1135650
NIFTY09JAN2012400CE.NFO,07/01/2020,09:18:39,2.6,2.55,5400,2.65,12900,225,1135650
NIFTY09JAN2012400CE.NFO,07/01/2020,09:18:40,2.65,2.55,5175,2.6,375,150,1135650
NIFTY09JAN2012400CE.NFO,07/01/2020,09:18:41,2.6,2.55,1950,2.6,4200,1500,1135650
NIFTY09JAN2012400CE.NFO,07/01/2020,09:18:42,2.55,2.5,11700,2.55,2475,2100,1135650
NIFTY09JAN2012400CE.NFO,07/01/2020,09:18:43,2.5,2.5,11700,2.55,3075,450,1135650
NIFTY09JAN2012400CE.NFO,07/01/2020,09:18:44,2.5,2.5,11100,2.55,3075,75,1135650
NIFTY09JAN2012400CE.NFO,07/01/2020,09:18:45,2.55,2.5,11100,2.55,2925,150,1135650
NIFTY09JAN2012400CE.NFO,07/01/2020,09:18:46,2.5,2.45,1650,2.5,2325,5925,1135650
NIFTY09JAN2012400CE.NFO,07/01/2020,09:18:47,2.55,2.45,3525,2.5,600,1500,1135650
NIFTY09JAN2012400CE.NFO,07/01/2020,09:18:48,2.5,2.45,6525,2.5,4500,2250,1135650
NIFTY09JAN2012400CE.NFO,07/01/2020,09:18:49,2.5,2.45,4950,2.5,6000,0,1135650
NIFTY09JAN2012400CE.NFO,07/01/2020,09:18:50,2.5,2.45,5175,2.5,6600,0,1135650
NIFTY09JAN2012400CE.NFO,07/01/2020,09:18:51,2.5,2.45,5550,2.5,5925,1275,1135650
NIFTY09JAN2012400CE.NFO,07/01/2020,09:18:52,2.45,2.45,5325,2.5,5550,900,1135650
NIFTY09JAN2012400CE.NFO,07/01/2020,09:18:53,2.5,2.45,5325,2.5,5325,75,1135650
NIFTY09JAN2012400CE.NFO,07/01/2020,09:18:54,2.5,2.45,5325,2.5,4350,1350,1135650
NIFTY09JAN2012400CE.NFO,07/01/2020,09:18:55,2.45,2.4,8025,2.45,750,5025,1135650
NIFTY09JAN2012400CE.NFO,07/01/2020,09:18:56,2.45,2.4,6450,2.45,1725,0,1135650
NIFTY09JAN2012400CE.NFO,07/01/2020,09:18:57,2.5,2.4,6825,2.45,2250,5025,1135650
NIFTY09JAN2012400CE.NFO,07/01/2020,09:18:58,2.5,2.4,7125,2.45,2250,0,1135650
NIFTY09JAN2012400CE.NFO,07/01/2020,09:18:59,2.4,2.4,5925,2.45,2325,900,1135650
NIFTY09JAN2012400CE.NFO,07/01/2020,09:19:00,2.45,2.4,5925,2.45,2475,675,1135650
NIFTY09JAN2012400CE.NFO,07/01/2020,09:19:01,2.45,2.4,5700,2.45,2400,1650,1135650
NIFTY09JAN2012400CE.NFO,07/01/2020,09:19:01,2.45,2.4,6900,2.45,5325,0,1135650
NIFTY09JAN2012400CE.NFO,07/01/2020,09:19:02,2.45,2.4,4500,2.45,5250,2175,1135650
NIFTY09JAN2012400CE.NFO,07/01/2020,09:19:03,2.45,2.4,4425,2.45,5250,0,1135650
NIFTY09JAN2012400CE.NFO,07/01/2020,09:19:04,2.45,2.4,4050,2.45,4575,750,1135650
NIFTY09JAN2012400CE.NFO,07/01/2020,09:19:06,2.4,2.35,4125,2.4,75,7875,1135650
NIFTY09JAN2012400CE.NFO,07/01/2020,09:19:07,2.4,2.35,3225,2.45,7275,525,1135650
NIFTY09JAN2012400CE.NFO,07/01/2020,09:19:08,2.4,2.35,3525,2.45,6675,0,1135650
NIFTY09JAN2012400CE.NFO,07/01/2020,09:19:09,2.4,2.35,2475,2.4,1050,5400,1135650
NIFTY09JAN2012400CE.NFO,07/01/2020,09:19:10,2.35,2.35,4200,2.45,3375,3000,1135650
NIFTY09JAN2012400CE.NFO,07/01/2020,09:19:11,2.35,2.4,5550,2.45,2175,0,1135650
NIFTY09JAN2012400CE.NFO,07/01/2020,09:19:12,2.4,2.4,5100,2.45,1425,450,1135650
NIFTY09JAN2012400CE.NFO,07/01/2020,09:19:13,2.4,2.4,5025,2.45,1350,525,1135650
NIFTY09JAN2012400CE.NFO,07/01/2020,09:19:14,2.4,2.4,2550,2.45,3675,1725,1135650
NIFTY09JAN2012400CE.NFO,07/01/2020,09:19:15,2.4,2.4,2550,2.45,3525,0,1135650
NIFTY09JAN2012400CE.NFO,07/01/2020,09:19:16,2.4,2.4,750,2.45,2025,450,1135650
NIFTY09JAN2012400CE.NFO,07/01/2020,09:19:17,2.45,2.4,750,2.45,2175,75,1135650
NIFTY09JAN2012400CE.NFO,07/01/2020,09:19:18,2.45,2.4,1500,2.45,1875,75,1135650
NIFTY09JAN2012400CE.NFO,07/01/2020,09:19:19,2.45,2.4,4950,2.45,675,525,1135650
NIFTY09JAN2012400CE.NFO,07/01/2020,09:19:20,2.4,2.4,4725,2.45,3675,225,1135650
NIFTY09JAN2012400CE.NFO,07/01/2020,09:19:21,2.45,2.4,4725,2.45,3600,150,1135650
NIFTY09JAN2012400CE.NFO,07/01/2020,09:19:22,2.45,2.4,4875,2.45,525,3000,1135650
NIFTY09JAN2012400CE.NFO,07/01/2020,09:19:23,2.45,2.45,975,2.5,7500,525,1135650
NIFTY09JAN2012400CE.NFO,07/01/2020,09:19:24,2.45,2.45,6300,2.5,7125,150,1135650
NIFTY09JAN2012400CE.NFO,07/01/2020,09:19:25,2.45,2.45,8325,2.5,7125,0,1135650
NIFTY09JAN2012400CE.NFO,07/01/2020,09:19:26,2.45,2.45,8250,2.5,6600,375,1135650
NIFTY09JAN2012400CE.NFO,07/01/2020,09:19:27,2.45,2.45,5925,2.5,6150,6075,1135650
NIFTY09JAN2012400CE.NFO,07/01/2020,09:19:28,2.45,2.45,5700,2.5,6900,0,1135650
NIFTY09JAN2012400CE.NFO,07/01/2020,09:19:30,2.5,2.45,5700,2.5,5550,1500,1135650
NIFTY09JAN2012400CE.NFO,07/01/2020,09:19:31,2.45,2.45,1200,2.5,5400,4500,1135650
NIFTY09JAN2012400CE.NFO,07/01/2020,09:19:32,2.45,2.4,8625,2.45,6750,1200,1135650
NIFTY09JAN2012400CE.NFO,07/01/2020,09:19:33,2.45,2.4,7950,2.45,7050,0,1135650
NIFTY09JAN2012400CE.NFO,07/01/2020,09:19:34,2.45,2.4,2700,2.45,2925,9750,1135650
NIFTY09JAN2012400CE.NFO,07/01/2020,09:19:35,2.45,2.4,1350,2.45,6975,1575,1135650
NIFTY09JAN2012400CE.NFO,07/01/2020,09:19:36,2.4,2.4,900,2.45,7050,450,1135650
NIFTY09JAN2012400CE.NFO,07/01/2020,09:19:37,2.35,2.35,8775,2.4,5550,975,1135650
NIFTY09JAN2012400CE.NFO,07/01/2020,09:19:38,2.35,2.35,5700,2.4,3375,4950,1135650
NIFTY09JAN2012400CE.NFO,07/01/2020,09:19:39,2.35,2.35,4800,2.4,5625,0,1135650
NIFTY09JAN2012400CE.NFO,07/01/2020,09:19:40,2.35,2.35,4875,2.4,4350,1200,1135650
NIFTY09JAN2012400CE.NFO,07/01/2020,09:19:41,2.35,2.35,9225,2.4,3600,900,1135650
NIFTY09JAN2012400CE.NFO,07/01/2020,09:19:42,2.35,2.35,10350,2.4,3225,375,1135650
NIFTY09JAN2012400CE.NFO,07/01/2020,09:19:43,2.4,2.35,10350,2.4,1125,2100,1135650
NIFTY09JAN2012400CE.NFO,07/01/2020,09:19:44,2.4,2.35,10350,2.4,1125,0,1135650
NIFTY09JAN2012400CE.NFO,07/01/2020,09:19:45,2.35,2.35,10575,2.4,1350,75,1135650
NIFTY09JAN2012400CE.NFO,07/01/2020,09:19:46,2.4,2.35,10575,2.4,450,675,1135650
NIFTY09JAN2012400CE.NFO,07/01/2020,09:19:47,2.35,2.35,11700,2.4,150,375,1135650
NIFTY09JAN2012400CE.NFO,07/01/2020,09:19:48,2.4,2.4,10650,2.45,7650,150,1135650
NIFTY09JAN2012400CE.NFO,07/01/2020,09:19:49,2.4,2.4,9825,2.45,7200,0,1135650
NIFTY09JAN2012400CE.NFO,07/01/2020,09:19:50,2.45,2.4,9825,2.45,5400,1800,1135650
NIFTY09JAN2012400CE.NFO,07/01/2020,09:19:51,2.45,2.4,9225,2.45,6450,0,1135650
NIFTY09JAN2012400CE.NFO,07/01/2020,09:19:52,2.4,2.4,9000,2.45,4350,825,1135650
NIFTY09JAN2012400CE.NFO,07/01/2020,09:19:53,2.4,2.4,9450,2.45,6600,525,1135650
NIFTY09JAN2012400CE.NFO,07/01/2020,09:19:54,2.4,2.4,9225,2.45,6525,225,1135650
NIFTY09JAN2012400CE.NFO,07/01/2020,09:19:55,2.4,2.4,9225,2.45,6225,0,1135650
NIFTY09JAN2012400CE.NFO,07/01/2020,09:19:56,2.4,2.4,9150,2.45,8625,0,1135650
NIFTY09JAN2012400CE.NFO,07/01/2020,09:19:57,2.45,2.4,10650,2.45,7200,150,1135650
NIFTY09JAN2012400CE.NFO,07/01/2020,09:19:58,2.45,2.4,11925,2.45,6525,75,1135650
NIFTY09JAN2012400CE.NFO,07/01/2020,09:19:59,2.45,2.4,16425,2.45,8925,0,1135650
NIFTY09JAN2012400CE.NFO,07/01/2020,09:20:00,2.45,2.4,16650,2.45,8325,0,1135650
NIFTY09JAN2012400CE.NFO,07/01/2020,09:20:01,2.45,2.45,1950,2.5,5700,9075,1135650
NIFTY09JAN2012400CE.NFO,07/01/2020,09:20:02,2.5,2.45,3750,2.5,3825,75,1135650
NIFTY09JAN2012400CE.NFO,07/01/2020,09:20:03,2.45,2.45,13950,2.5,1425,2625,1135650
NIFTY09JAN2012400CE.NFO,07/01/2020,09:20:04,2.5,2.5,8025,2.55,900,3075,1135650
NIFTY09JAN2012400CE.NFO,07/01/2020,09:20:05,2.5,2.5,10725,2.55,300,0,1135650
NIFTY09JAN2012400CE.NFO,07/01/2020,09:20:06,2.55,2.55,2775,2.6,8700,300,1135650
NIFTY09JAN2012400CE.NFO,07/01/2020,09:20:07,2.55,2.55,2775,2.6,8700,0,1135650
NIFTY09JAN2012400CE.NFO,07/01/2020,09:20:08,2.55,2.55,7275,2.6,9300,0,1135650
NIFTY09JAN2012400CE.NFO,07/01/2020,09:20:09,2.55,2.55,12450,2.6,9525,0,1135650
NIFTY09JAN2012400CE.NFO,07/01/2020,09:20:10,2.6,2.55,22575,2.6,8475,225,1148850
NIFTY09JAN2012400CE.NFO,07/01/2020,09:20:11,2.55,2.55,21450,2.6,9075,900,1148850
NIFTY09JAN2012400CE.NFO,07/01/2020,09:20:12,2.55,2.55,21450,2.6,9375,0,1148850
NIFTY09JAN2012400CE.NFO,07/01/2020,09:20:13,2.55,2.55,16650,2.6,9375,4575,1148850
NIFTY09JAN2012400CE.NFO,07/01/2020,09:20:14,2.55,2.5,25125,2.55,8250,2100,1148850
NIFTY09JAN2012400CE.NFO,07/01/2020,09:20:15,2.55,2.5,25125,2.55,3750,4500,1148850
NIFTY09JAN2012400CE.NFO,07/01/2020,09:20:16,2.55,2.5,20325,2.55,3375,4800,1148850
NIFTY09JAN2012400CE.NFO,07/01/2020,09:20:17,2.55,2.55,7050,2.6,13200,3375,1148850
NIFTY09JAN2012400CE.NFO,07/01/2020,09:20:18,2.55,2.55,5100,2.6,14175,0,1148850
NIFTY09JAN2012400CE.NFO,07/01/2020,09:20:19,2.55,2.55,10575,2.6,13500,0,1148850
NIFTY09JAN2012400CE.NFO,07/01/2020,09:20:21,2.6,2.55,9825,2.6,10350,3375,1148850
NIFTY09JAN2012400CE.NFO,07/01/2020,09:20:22,2.6,2.55,4875,2.6,10350,0,1148850
NIFTY09JAN2012400CE.NFO,07/01/2020,09:20:23,2.6,2.55,375,2.6,11025,0,1148850
NIFTY09JAN2012400CE.NFO,07/01/2020,09:20:24,2.6,2.55,825,2.6,11625,150,1148850
NIFTY09JAN2012400CE.NFO,07/01/2020,09:20:25,2.55,2.5,16950,2.55,75,825,1148850
NIFTY09JAN2012400CE.NFO,07/01/2020,09:20:26,2.55,2.5,16950,2.55,4650,0,1148850
NIFTY09JAN2012400CE.NFO,07/01/2020,09:20:27,2.55,2.5,16950,2.55,7050,0,1148850
NIFTY09JAN2012400CE.NFO,07/01/2020,09:20:28,2.5,2.5,12000,2.55,3450,6975,1148850
NIFTY09JAN2012400CE.NFO,07/01/2020,09:20:29,2.5,2.5,11925,2.55,5925,750,1148850
NIFTY09JAN2012400CE.NFO,07/01/2020,09:20:30,2.5,2.5,11925,2.55,5850,0,1148850
NIFTY09JAN2012400CE.NFO,07/01/2020,09:20:32,2.5,2.5,12375,2.55,5925,0,1148850
NIFTY09JAN2012400CE.NFO,07/01/2020,09:20:33,2.55,2.5,11175,2.55,1950,2700,1148850
NIFTY09JAN2012400CE.NFO,07/01/2020,09:20:34,2.5,2.5,9600,2.55,4950,4950,1148850
NIFTY09JAN2012400CE.NFO,07/01/2020,09:20:35,2.55,2.5,10575,2.55,4200,1500,1148850
NIFTY09JAN2012400CE.NFO,07/01/2020,09:20:36,2.55,2.5,10350,2.55,8625,975,1148850
NIFTY09JAN2012400CE.NFO,07/01/2020,09:20:37,2.55,2.5,8925,2.55,4950,4875,1148850
NIFTY09JAN2012400CE.NFO,07/01/2020,09:20:38,2.55,2.5,6525,2.55,1500,150,1148850
NIFTY09JAN2012400CE.NFO,07/01/2020,09:20:39,2.55,2.5,6150,2.55,3750,1500,1148850
NIFTY09JAN2012400CE.NFO,07/01/2020,09:20:40,2.5,2.5,4650,2.55,13425,150,1148850
NIFTY09JAN2012400CE.NFO,07/01/2020,09:20:41,2.5,2.5,4125,2.55,14025,0,1148850
NIFTY09JAN2012400CE.NFO,07/01/2020,09:20:41,2.5,2.5,1800,2.55,14025,1950,1148850
NIFTY09JAN2012400CE.NFO,07/01/2020,09:20:43,2.5,2.5,300,2.55,14025,1500,1148850
NIFTY09JAN2012400CE.NFO,07/01/2020,09:20:44,2.5,2.45,17925,2.5,6675,300,1148850
NIFTY09JAN2012400CE.NFO,07/01/2020,09:20:45,2.5,2.45,17550,2.5,3300,4875,1148850
NIFTY09JAN2012400CE.NFO,07/01/2020,09:20:46,2.5,2.5,1800,2.55,11850,3300,1148850
NIFTY09JAN2012400CE.NFO,07/01/2020,09:20:47,2.55,2.5,7200,2.55,6675,600,1148850
NIFTY09JAN2012400CE.NFO,07/01/2020,09:20:48,2.55,2.5,7275,2.55,7950,750,1148850
NIFTY09JAN2012400CE.NFO,07/01/2020,09:20:49,2.55,2.5,9750,2.55,5925,0,1148850
NIFTY09JAN2012400CE.NFO,07/01/2020,09:20:50,2.55,2.5,9150,2.55,5100,75,1148850
NIFTY09JAN2012400CE.NFO,07/01/2020,09:20:51,2.55,2.5,9150,2.55,5325,0,1148850
NIFTY09JAN2012400CE.NFO,07/01/2020,09:20:52,2.55,2.5,9750,2.55,4425,300,1148850
NIFTY09JAN2012400CE.NFO,07/01/2020,09:20:54,2.55,2.55,1950,2.6,5475,5025,1148850
NIFTY09JAN2012400CE.NFO,07/01/2020,09:20:55,2.55,2.55,5400,2.6,4725,75,1148850
NIFTY09JAN2012400CE.NFO,07/01/2020,09:20:56,2.6,2.55,15525,2.6,1200,3225,1148850
NIFTY09JAN2012400CE.NFO,07/01/2020,09:20:58,2.6,2.6,1875,2.65,5775,1200,1148850
NIFTY09JAN2012400CE.NFO,07/01/2020,09:20:59,2.65,2.6,9450,2.65,3300,75,1148850
NIFTY09JAN2012400CE.NFO,07/01/2020,09:21:00,2.65,2.6,9225,2.65,5175,75,1148850
NIFTY09JAN2012400CE.NFO,07/01/2020,09:21:01,2.65,2.6,12450,2.65,5775,0,1148850
NIFTY09JAN2012400CE.NFO,07/01/2020,09:21:02,2.65,2.6,10275,2.65,5700,5025,1148850
NIFTY09JAN2012400CE.NFO,07/01/2020,09:21:03,2.6,2.55,11175,2.6,3225,11175,1148850
NIFTY09JAN2012400CE.NFO,07/01/2020,09:21:05,2.55,2.55,150,2.6,7875,7725,1148850
NIFTY09JAN2012400CE.NFO,07/01/2020,09:21:06,2.55,2.5,4125,2.6,15450,150,1148850
NIFTY09JAN2012400CE.NFO,07/01/2020,09:21:07,2.6,2.5,8400,2.55,6000,75,1148850
NIFTY09JAN2012400CE.NFO,07/01/2020,09:21:08,2.6,2.5,9000,2.55,4050,0,1148850
NIFTY09JAN2012400CE.NFO,07/01/2020,09:21:09,2.55,2.55,750,2.6,9675,2475,1148850
NIFTY09JAN2012400CE.NFO,07/01/2020,09:21:10,2.6,2.55,5925,2.6,1875,11250,1148850
NIFTY09JAN2012400CE.NFO,07/01/2020,09:21:12,2.6,2.55,5100,2.6,1875,750,1148850
NIFTY09JAN2012400CE.NFO,07/01/2020,09:21:13,2.65,2.55,9600,2.65,9675,1200,1148850
NIFTY09JAN2012400CE.NFO,07/01/2020,09:21:14,2.6,2.55,10275,2.65,8400,75,1148850
NIFTY09JAN2012400CE.NFO,07/01/2020,09:21:15,2.6,2.55,9975,2.65,8625,225,1148850
NIFTY09JAN2012400CE.NFO,07/01/2020,09:21:16,2.6,2.55,8925,2.65,8700,225,1148850
NIFTY09JAN2012400CE.NFO,07/01/2020,09:21:18,2.6,2.55,9900,2.65,10125,0,1148850
NIFTY09JAN2012400CE.NFO,07/01/2020,09:21:19,2.6,2.55,9450,2.65,10125,0,1148850
NIFTY09JAN2012400CE.NFO,07/01/2020,09:21:20,2.6,2.55,10725,2.65,10500,0,1148850
NIFTY09JAN2012400CE.NFO,07/01/2020,09:21:21,2.6,2.55,7575,2.6,1725,0,1148850
NIFTY09JAN2012400CE.NFO,07/01/2020,09:21:22,2.6,2.55,6600,2.6,5850,0,1148850
NIFTY09JAN2012400CE.NFO,07/01/2020,09:21:23,2.6,2.55,5100,2.6,12300,0,1148850
NIFTY09JAN2012400CE.NFO,07/01/2020,09:21:24,2.55,2.5,13050,2.6,16575,4725,1148850
NIFTY09JAN2012400CE.NFO,07/01/2020,09:21:26,2.55,2.5,12750,2.55,3825,0,1148850
NIFTY09JAN2012400CE.NFO,07/01/2020,09:21:27,2.55,2.5,12375,2.55,2100,2475,1148850
NIFTY09JAN2012400CE.NFO,07/01/2020,09:21:28,2.55,2.5,12150,2.55,4650,75,1148850
NIFTY09JAN2012400CE.NFO,07/01/2020,09:21:29,2.55,2.5,12150,2.55,2475,300,1148850
NIFTY09JAN2012400CE.NFO,07/01/2020,09:21:30,2.5,2.5,12075,2.55,4500,375,1148850
NIFTY09JAN2012400CE.NFO,07/01/2020,09:21:31,2.5,2.5,12075,2.55,3675,0,1148850
NIFTY09JAN2012400CE.NFO,07/01/2020,09:21:33,2.5,2.5,9975,2.55,6900,1500,1148850
NIFTY09JAN2012400CE.NFO,07/01/2020,09:21:34,2.55,2.5,9675,2.55,2250,1875,1148850
NIFTY09JAN2012400CE.NFO,07/01/2020,09:21:35,2.5,2.5,4500,2.55,4950,5175,1148850
NIFTY09JAN2012400CE.NFO,07/01/2020,09:21:36,2.5,2.5,4425,2.55,4950,75,1148850
NIFTY09JAN2012400CE.NFO,07/01/2020,09:21:37,2.55,2.5,4350,2.55,4575,525,1148850
NIFTY09JAN2012400CE.NFO,07/01/2020,09:21:38,2.5,2.5,4575,2.55,4575,225,1148850
NIFTY09JAN2012400CE.NFO,07/01/2020,09:21:39,2.55,2.5,6375,2.55,975,375,1148850
NIFTY09JAN2012400CE.NFO,07/01/2020,09:21:40,2.5,2.5,7275,2.55,1725,900,1148850
NIFTY09JAN2012400CE.NFO,07/01/2020,09:21:42,2.5,2.5,5775,2.55,75,750,1148850
NIFTY09JAN2012400CE.NFO,07/01/2020,09:21:43,2.5,2.5,6225,2.55,4950,3450,1148850
NIFTY09JAN2012400CE.NFO,07/01/2020,09:21:44,2.6,2.55,5025,2.6,8475,12975,1148850
NIFTY09JAN2012400CE.NFO,07/01/2020,09:21:45,2.6,2.55,5025,2.6,8550,600,1148850
NIFTY09JAN2012400CE.NFO,07/01/2020,09:21:46,2.6,2.55,6150,2.6,7200,0,1148850
NIFTY09JAN2012400CE.NFO,07/01/2020,09:21:48,2.6,2.55,3675,2.6,6450,600,1148850
NIFTY09JAN2012400CE.NFO,07/01/2020,09:21:49,2.6,2.55,3300,2.6,7125,0,1148850
NIFTY09JAN2012400CE.NFO,07/01/2020,09:21:51,2.55,2.55,4275,2.6,5475,1800,1148850
NIFTY09JAN2012400CE.NFO,07/01/2020,09:21:52,2.6,2.55,1950,2.6,5625,6000,1148850
NIFTY09JAN2012400CE.NFO,07/01/2020,09:21:53,2.6,2.55,300,2.6,6825,375,1148850
NIFTY09JAN2012400CE.NFO,07/01/2020,09:21:54,2.55,2.55,150,2.6,5250,150,1148850
NIFTY09JAN2012400CE.NFO,07/01/2020,09:21:55,2.55,2.5,7275,2.55,6900,150,1148850
NIFTY09JAN2012400CE.NFO,07/01/2020,09:21:56,2.5,2.5,7125,2.55,3825,5925,1148850
NIFTY09JAN2012400CE.NFO,07/01/2020,09:21:58,2.5,2.5,7725,2.55,4200,75,1148850
NIFTY09JAN2012400CE.NFO,07/01/2020,09:21:59,2.5,2.5,7575,2.55,3075,0,1148850
NIFTY09JAN2012400CE.NFO,07/01/2020,09:22:00,2.55,2.55,2325,2.6,6150,3225,1148850
NIFTY09JAN2012400CE.NFO,07/01/2020,09:22:01,2.55,2.55,2550,2.6,4650,450,1148850
NIFTY09JAN2012400CE.NFO,07/01/2020,09:22:02,2.6,2.55,2550,2.6,5925,900,1148850
NIFTY09JAN2012400CE.NFO,07/01/2020,09:22:04,2.6,2.55,6150,2.6,2175,300,1148850
NIFTY09JAN2012400CE.NFO,07/01/2020,09:22:05,2.65,2.6,12000,2.65,6000,2250,1148850
NIFTY09JAN2012400CE.NFO,07/01/2020,09:22:06,2.65,2.6,13125,2.65,5400,375,1148850
NIFTY09JAN2012400CE.NFO,07/01/2020,09:22:08,2.65,2.6,12225,2.65,600,4050,1148850
NIFTY09JAN2012400CE.NFO,07/01/2020,09:22:09,2.65,2.6,11175,2.65,1425,1575,1148850
NIFTY09JAN2012400CE.NFO,07/01/2020,09:22:10,2.65,2.6,11775,2.65,2175,3000,1148850
NIFTY09JAN2012400CE.NFO,07/01/2020,09:22:11,2.65,2.6,8100,2.65,8175,0,1148850
NIFTY09JAN2012400CE.NFO,07/01/2020,09:22:12,2.65,2.6,8100,2.65,6975,1200,1148850
NIFTY09JAN2012400CE.NFO,07/01/2020,09:22:13,2.5,2.45,9825,2.5,64725,31275,1148850
NIFTY09JAN2012400CE.NFO,07/01/2020,09:22:14,2.5,2.45,9600,2.5,67725,225,1148850
NIFTY09JAN2012400CE.NFO,07/01/2020,09:22:15,2.5,2.45,9375,2.5,66225,1500,1148850
NIFTY09JAN2012400CE.NFO,07/01/2020,09:22:16,2.45,2.45,9000,2.5,62625,4125,1148850
NIFTY09JAN2012400CE.NFO,07/01/2020,09:22:17,2.5,2.45,2700,2.5,61425,5100,1148850
NIFTY09JAN2012400CE.NFO,07/01/2020,09:22:18,2.5,2.45,4500,2.5,60525,300,1148850
NIFTY09JAN2012400CE.NFO,07/01/2020,09:22:19,2.5,2.45,9675,2.5,61275,0,1148850
NIFTY09JAN2012400CE.NFO,07/01/2020,09:22:20,2.5,2.45,9675,2.5,60900,75,1148850
NIFTY09JAN2012400CE.NFO,07/01/2020,09:22:21,2.5,2.45,12750,2.5,61125,75,1148850
NIFTY09JAN2012400CE.NFO,07/01/2020,09:22:22,2.5,2.45,12225,2.5,56700,4500,1148850
NIFTY09JAN2012400CE.NFO,07/01/2020,09:22:23,2.5,2.45,13200,2.5,56625,225,1148850
NIFTY09JAN2012400CE.NFO,07/01/2020,09:22:24,2.5,2.45,12825,2.5,55875,0,1148850
NIFTY09JAN2012400CE.NFO,07/01/2020,09:22:25,2.5,2.45,13125,2.5,55875,0,1148850
NIFTY09JAN2012400CE.NFO,07/01/2020,09:22:26,2.5,2.45,13650,2.5,47625,9000,1148850
NIFTY09JAN2012400CE.NFO,07/01/2020,09:22:27,2.5,2.45,14025,2.5,39450,8175,1148850
NIFTY09JAN2012400CE.NFO,07/01/2020,09:22:28,2.5,2.45,13725,2.5,39450,0,1148850
NIFTY09JAN2012400CE.NFO,07/01/2020,09:22:29,2.5,2.45,13050,2.5,38250,1200,1148850
NIFTY09JAN2012400CE.NFO,07/01/2020,09:22:30,2.5,2.45,12675,2.5,38250,0,1148850
NIFTY09JAN2012400CE.NFO,07/01/2020,09:22:31,2.5,2.45,12975,2.5,33675,4650,1148850
NIFTY09JAN2012400CE.NFO,07/01/2020,09:22:32,2.5,2.45,12975,2.5,33675,0,1148850
NIFTY09JAN2012400CE.NFO,07/01/2020,09:22:33,2.5,2.45,12975,2.5,32175,1500,1148850
NIFTY09JAN2012400CE.NFO,07/01/2020,09:22:34,2.5,2.45,14175,2.5,32175,0,1148850
NIFTY09JAN2012400CE.NFO,07/01/2020,09:22:35,2.5,2.45,12975,2.5,27675,4500,1148850
NIFTY09JAN2012400CE.NFO,07/01/2020,09:22:37,2.5,2.45,13875,2.5,30450,975,1148850
NIFTY09JAN2012400CE.NFO,07/01/2020,09:22:38,2.5,2.45,15375,2.5,31200,0,1148850
NIFTY09JAN2012400CE.NFO,07/01/2020,09:22:39,2.45,2.45,10500,2.5,30450,1800,1148850
NIFTY09JAN2012400CE.NFO,07/01/2020,09:22:40,2.5,2.45,10275,2.5,26475,4725,1148850
NIFTY09JAN2012400CE.NFO,07/01/2020,09:22:41,2.5,2.45,10575,2.5,26250,225,1148850
NIFTY09JAN2012400CE.NFO,07/01/2020,09:22:42,2.5,2.45,7875,2.5,24525,1725,1148850
NIFTY09JAN2012400CE.NFO,07/01/2020,09:22:43,2.5,2.45,12225,2.5,28575,450,1148850
NIFTY09JAN2012400CE.NFO,07/01/2020,09:22:44,2.5,2.45,6675,2.5,29775,300,1148850
NIFTY09JAN2012400CE.NFO,07/01/2020,09:22:45,2.5,2.45,7050,2.5,29550,225,1148850
NIFTY09JAN2012400CE.NFO,07/01/2020,09:22:46,2.5,2.45,7050,2.5,29475,375,1148850
NIFTY09JAN2012400CE.NFO,07/01/2020,09:22:47,2.45,2.45,2550,2.5,30375,4650,1148850
NIFTY09JAN2012400CE.NFO,07/01/2020,09:22:48,2.5,2.45,3750,2.5,29325,75,1148850
NIFTY09JAN2012400CE.NFO,07/01/2020,09:22:49,2.5,2.45,5250,2.5,30075,0,1148850
NIFTY09JAN2012400CE.NFO,07/01/2020,09:22:50,2.5,2.45,5250,2.5,29550,0,1148850
NIFTY09JAN2012400CE.NFO,07/01/2020,09:22:51,2.5,2.45,5775,2.5,23400,5850,1148850
NIFTY09JAN2012400CE.NFO,07/01/2020,09:22:52,2.45,2.45,3600,2.5,23175,4575,1148850
NIFTY09JAN2012400CE.NFO,07/01/2020,09:22:53,2.5,2.45,4500,2.5,23700,75,1148850
NIFTY09JAN2012400CE.NFO,07/01/2020,09:22:54,2.5,2.45,6375,2.5,21300,1050,1148850
NIFTY09JAN2012400CE.NFO,07/01/2020,09:22:55,2.45,2.45,6675,2.5,22050,225,1148850
NIFTY09JAN2012400CE.NFO,07/01/2020,09:22:56,2.45,2.45,4725,2.5,22650,1950,1148850
NIFTY09JAN2012400CE.NFO,07/01/2020,09:22:57,2.45,2.45,4875,2.5,22650,150,1148850
NIFTY09JAN2012400CE.NFO,07/01/2020,09:22:58,2.5,2.45,4425,2.5,14550,9000,1148850
NIFTY09JAN2012400CE.NFO,07/01/2020,09:22:59,2.5,2.45,3000,2.5,14550,0,1148850
NIFTY09JAN2012400CE.NFO,07/01/2020,09:23:00,2.5,2.45,7500,2.5,14850,0,1148850
NIFTY09JAN2012400CE.NFO,07/01/2020,09:23:01,2.45,2.45,7050,2.5,15000,450,1148850
NIFTY09JAN2012400CE.NFO,07/01/2020,09:23:02,2.5,2.45,7500,2.5,15600,150,1148850
NIFTY09JAN2012400CE.NFO,07/01/2020,09:23:03,2.45,2.45,7950,2.5,14325,1650,1148850
NIFTY09JAN2012400CE.NFO,07/01/2020,09:23:04,2.45,2.45,5850,2.5,12675,1650,1148850
NIFTY09JAN2012400CE.NFO,07/01/2020,09:23:05,2.45,2.45,7125,2.5,8550,5100,1148850
NIFTY09JAN2012400CE.NFO,07/01/2020,09:23:06,2.45,2.45,8550,2.5,4800,3075,1148850
NIFTY09JAN2012400CE.NFO,07/01/2020,09:23:07,2.5,2.45,9900,2.5,2325,3525,1148850
NIFTY09JAN2012400CE.NFO,07/01/2020,09:23:08,2.5,2.45,9900,2.5,5325,900,1148850
NIFTY09JAN2012400CE.NFO,07/01/2020,09:23:09,2.5,2.45,10275,2.5,5325,0,1148850
NIFTY09JAN2012400CE.NFO,07/01/2020,09:23:10,2.5,2.45,11700,2.5,6675,150,1178250
NIFTY09JAN2012400CE.NFO,07/01/2020,09:23:11,2.45,2.45,9225,2.5,7425,1575,1178250
NIFTY09JAN2012400CE.NFO,07/01/2020,09:23:12,2.5,2.45,10125,2.5,6375,75,1178250
NIFTY09JAN2012400CE.NFO,07/01/2020,09:23:13,2.5,2.45,9000,2.5,10800,0,1178250
NIFTY09JAN2012400CE.NFO,07/01/2020,09:23:15,2.45,2.45,8850,2.5,10950,1200,1178250
NIFTY09JAN2012400CE.NFO,07/01/2020,09:23:16,2.45,2.4,7200,2.45,14850,9600,1178250
NIFTY09JAN2012400CE.NFO,07/01/2020,09:23:17,2.4,2.4,5775,2.45,14925,825,1178250
NIFTY09JAN2012400CE.NFO,07/01/2020,09:23:18,2.45,2.4,7275,2.45,12675,75,1178250
NIFTY09JAN2012400CE.NFO,07/01/2020,09:23:20,2.5,2.45,3450,2.5,15825,12150,1178250
NIFTY09JAN2012400CE.NFO,07/01/2020,09:23:21,2.45,2.45,3075,2.5,17175,1125,1178250
NIFTY09JAN2012400CE.NFO,07/01/2020,09:23:22,2.45,2.45,5550,2.5,17175,900,1178250
NIFTY09JAN2012400CE.NFO,07/01/2020,09:23:23,2.45,2.45,9150,2.5,16425,900,1178250
NIFTY09JAN2012400CE.NFO,07/01/2020,09:23:24,2.5,2.45,13050,2.5,8925,7125,1178250
NIFTY09JAN2012400CE.NFO,07/01/2020,09:23:25,2.45,2.45,20775,2.5,7725,1425,1178250
NIFTY09JAN2012400CE.NFO,07/01/2020,09:23:27,2.45,2.45,17175,2.5,6975,3675,1178250
NIFTY09JAN2012400CE.NFO,07/01/2020,09:23:28,2.45,2.45,13500,2.5,1875,3150,1178250
NIFTY09JAN2012400CE.NFO,07/01/2020,09:23:29,2.45,2.45,13725,2.5,2700,75,1178250
NIFTY09JAN2012400CE.NFO,07/01/2020,09:23:30,2.5,2.5,75,2.55,8025,6675,1178250
NIFTY09JAN2012400CE.NFO,07/01/2020,09:23:32,2.5,2.45,21225,2.55,8775,75,1178250
NIFTY09JAN2012400CE.NFO,07/01/2020,09:23:33,2.45,2.45,17025,2.55,12000,1950,1178250
NIFTY09JAN2012400CE.NFO,07/01/2020,09:23:34,2.45,2.45,17025,2.55,12000,0,1178250
NIFTY09JAN2012400CE.NFO,07/01/2020,09:23:35,2.5,2.45,17250,2.5,1500,75,1178250
NIFTY09JAN2012400CE.NFO,07/01/2020,09:23:36,2.45,2.45,18675,2.5,1500,75,1178250
NIFTY09JAN2012400CE.NFO,07/01/2020,09:23:37,2.5,2.45,18900,2.5,2400,75,1178250
NIFTY09JAN2012400CE.NFO,07/01/2020,09:23:38,2.5,2.5,8550,2.55,5775,2400,1178250
NIFTY09JAN2012400CE.NFO,07/01/2020,09:23:39,2.45,2.45,15525,2.5,1650,12750,1178250
NIFTY09JAN2012400CE.NFO,07/01/2020,09:23:41,2.5,2.45,19650,2.5,1650,375,1178250
NIFTY09JAN2012400CE.NFO,07/01/2020,09:23:42,2.5,2.45,20025,2.5,13800,0,1178250
NIFTY09JAN2012400CE.NFO,07/01/2020,09:23:43,2.5,2.45,19650,2.5,14475,300,1178250
NIFTY09JAN2012400CE.NFO,07/01/2020,09:23:44,2.5,2.45,13575,2.5,19950,0,1178250
NIFTY09JAN2012400CE.NFO,07/01/2020,09:23:45,2.5,2.45,13200,2.5,19950,0,1178250
NIFTY09JAN2012400CE.NFO,07/01/2020,09:23:46,2.5,2.45,13800,2.5,18300,0,1178250
NIFTY09JAN2012400CE.NFO,07/01/2020,09:23:47,2.5,2.45,13800,2.5,18525,0,1178250
NIFTY09JAN2012400CE.NFO,07/01/2020,09:23:48,2.45,2.45,13050,2.5,18525,750,1178250
NIFTY09JAN2012400CE.NFO,07/01/2020,09:23:50,2.45,2.45,13650,2.5,17025,0,1178250
NIFTY09JAN2012400CE.NFO,07/01/2020,09:23:51,2.5,2.45,15450,2.5,16725,300,1178250
NIFTY09JAN2012400CE.NFO,07/01/2020,09:23:52,2.45,2.45,15075,2.5,16350,75,1178250
NIFTY09JAN2012400CE.NFO,07/01/2020,09:23:53,2.5,2.45,15450,2.5,10425,1050,1178250
NIFTY09JAN2012400CE.NFO,07/01/2020,09:23:54,2.55,2.5,11025,2.55,300,14700,1178250
NIFTY09JAN2012400CE.NFO,07/01/2020,09:23:55,2.5,2.5,46350,2.6,6000,1125,1178250
NIFTY09JAN2012400CE.NFO,07/01/2020,09:23:56,2.55,2.5,48225,2.6,6675,225,1178250
NIFTY09JAN2012400CE.NFO,07/01/2020,09:23:57,2.55,2.5,39225,2.55,2850,6975,1178250
NIFTY09JAN2012400CE.NFO,07/01/2020,09:23:59,2.55,2.5,40725,2.55,2850,0,1178250
NIFTY09JAN2012400CE.NFO,07/01/2020,09:24:00,2.55,2.5,39375,2.55,1725,1500,1178250
NIFTY09JAN2012400CE.NFO,07/01/2020,09:24:01,2.55,2.5,39375,2.55,1725,0,1178250
NIFTY09JAN2012400CE.NFO,07/01/2020,09:24:02,2.55,2.5,39375,2.55,450,900,1178250
NIFTY09JAN2012400CE.NFO,07/01/2020,09:24:03,2.55,2.5,39375,2.55,2025,975,1178250
NIFTY09JAN2012400CE.NFO,07/01/2020,09:24:04,2.55,2.5,36750,2.55,7425,0,1178250
NIFTY09JAN2012400CE.NFO,07/01/2020,09:24:05,2.55,2.5,36675,2.55,9300,0,1178250
NIFTY09JAN2012400CE.NFO,07/01/2020,09:24:06,2.55,2.5,37050,2.55,3675,1350,1178250
NIFTY09JAN2012400CE.NFO,07/01/2020,09:24:07,2.55,2.5,36675,2.55,7425,75,1178250
NIFTY09JAN2012400CE.NFO,07/01/2020,09:24:08,2.55,2.5,36750,2.55,4425,375,1178250
NIFTY09JAN2012400CE.NFO,07/01/2020,09:24:10,2.5,2.5,34875,2.55,10950,450,1178250
NIFTY09JAN2012400CE.NFO,07/01/2020,09:24:11,2.5,2.5,32700,2.55,10725,1875,1178250
NIFTY09JAN2012400CE.NFO,07/01/2020,09:24:12,2.45,2.45,9825,2.5,7350,10200,1178250
NIFTY09JAN2012400CE.NFO,07/01/2020,09:24:13,2.45,2.45,8625,2.5,10275,0,1178250
NIFTY09JAN2012400CE.NFO,07/01/2020,09:24:14,2.45,2.45,9525,2.5,13650,0,1178250
NIFTY09JAN2012400CE.NFO,07/01/2020,09:24:15,2.45,2.45,9075,2.5,13650,450,1178250
NIFTY09JAN2012400CE.NFO,07/01/2020,09:24:16,2.5,2.45,10650,2.5,10425,75,1178250
NIFTY09JAN2012400CE.NFO,07/01/2020,09:24:18,2.5,2.45,8625,2.5,13125,75,1178250
NIFTY09JAN2012400CE.NFO,07/01/2020,09:24:19,2.5,2.45,7950,2.5,13350,0,1178250
NIFTY09JAN2012400CE.NFO,07/01/2020,09:24:20,2.45,2.45,7200,2.5,13425,450,1178250
NIFTY09JAN2012400CE.NFO,07/01/2020,09:24:21,2.45,2.45,7200,2.5,17475,0,1178250
NIFTY09JAN2012400CE.NFO,07/01/2020,09:24:22,2.45,2.45,7575,2.5,21750,0,1178250
NIFTY09JAN2012400CE.NFO,07/01/2020,09:24:23,2.45,2.45,7575,2.5,21975,0,1178250
NIFTY09JAN2012400CE.NFO,07/01/2020,09:24:24,2.45,2.45,10425,2.5,21750,0,1178250
NIFTY09JAN2012400CE.NFO,07/01/2020,09:24:26,2.45,2.45,8550,2.5,21750,0,1178250
NIFTY09JAN2012400CE.NFO,07/01/2020,09:24:27,2.45,2.45,7950,2.5,21825,0,1178250
NIFTY09JAN2012400CE.NFO,07/01/2020,09:24:28,2.45,2.45,7200,2.5,22200,225,1178250
NIFTY09JAN2012400CE.NFO,07/01/2020,09:24:29,2.45,2.4,11325,2.45,1500,6225,1178250
NIFTY09JAN2012400CE.NFO,07/01/2020,09:24:30,2.45,2.4,7500,2.45,9675,225,1178250
NIFTY09JAN2012400CE.NFO,07/01/2020,09:24:31,2.45,2.4,9600,2.45,14475,0,1178250
NIFTY09JAN2012400CE.NFO,07/01/2020,09:24:32,2.45,2.4,7125,2.45,14250,225,1178250
NIFTY09JAN2012400CE.NFO,07/01/2020,09:24:34,2.45,2.4,5400,2.45,15300,0,1178250
NIFTY09JAN2012400CE.NFO,07/01/2020,09:24:35,2.4,2.4,1800,2.45,15525,3150,1178250
NIFTY09JAN2012400CE.NFO,07/01/2020,09:24:36,2.4,2.4,675,2.45,16800,5025,1178250
NIFTY09JAN2012400CE.NFO,07/01/2020,09:24:37,2.45,2.35,16650,2.45,17025,2475,1178250
NIFTY09JAN2012400CE.NFO,07/01/2020,09:24:38,2.4,2.4,900,2.45,16425,2775,1178250
NIFTY09JAN2012400CE.NFO,07/01/2020,09:24:39,2.45,2.4,8100,2.45,9225,7725,1178250
NIFTY09JAN2012400CE.NFO,07/01/2020,09:24:40,2.45,2.4,16800,2.45,5025,4575,1178250
NIFTY09JAN2012400CE.NFO,07/01/2020,09:24:42,2.4,2.4,16650,2.45,3225,75,1178250
NIFTY09JAN2012400CE.NFO,07/01/2020,09:24:43,2.45,2.4,23025,2.5,20250,4500,1178250
NIFTY09JAN2012400CE.NFO,07/01/2020,09:24:44,2.45,2.4,18075,2.45,3150,4500,1178250
NIFTY09JAN2012400CE.NFO,07/01/2020,09:24:45,2.45,2.4,22350,2.45,1350,4650,1178250
NIFTY09JAN2012400CE.NFO,07/01/2020,09:24:46,2.5,2.4,25350,2.5,15450,4500,1178250
NIFTY09JAN2012400CE.NFO,07/01/2020,09:24:47,2.45,2.45,4200,2.5,8700,4575,1178250
NIFTY09JAN2012400CE.NFO,07/01/2020,09:24:48,2.5,2.45,4125,2.5,6825,4800,1178250
NIFTY09JAN2012400CE.NFO,07/01/2020,09:24:49,2.5,2.45,11325,2.5,1125,5400,1178250
NIFTY09JAN2012400CE.NFO,07/01/2020,09:24:51,2.5,2.5,4800,2.55,7125,1200,1178250
NIFTY09JAN2012400CE.NFO,07/01/2020,09:24:52,2.5,2.5,19950,2.55,5025,75,1178250
NIFTY09JAN2012400CE.NFO,07/01/2020,09:24:53,2.55,2.5,33525,2.6,7725,5925,1178250
NIFTY09JAN2012400CE.NFO,07/01/2020,09:24:54,2.5,2.5,25950,2.55,3225,3375,1178250
NIFTY09JAN2012400CE.NFO,07/01/2020,09:24:55,2.55,2.5,26925,2.55,6825,4500,1178250
NIFTY09JAN2012400CE.NFO,07/01/2020,09:24:56,2.55,2.5,27075,2.55,1275,4650,1178250
NIFTY09JAN2012400CE.NFO,07/01/2020,09:24:57,2.55,2.55,8400,2.6,4650,225,1178250
NIFTY09JAN2012400CE.NFO,07/01/2020,09:24:58,2.55,2.55,7725,2.6,3750,8850,1178250
NIFTY09JAN2012400CE.NFO,07/01/2020,09:25:00,2.55,2.55,3450,2.6,3600,3675,1178250
NIFTY09JAN2012400CE.NFO,07/01/2020,09:25:01,2.55,2.55,4275,2.6,1575,300,1178250
NIFTY09JAN2012400CE.NFO,07/01/2020,09:25:02,2.55,2.55,7200,2.6,2100,450,1178250
NIFTY09JAN2012400CE.NFO,07/01/2020,09:25:03,2.6,2.55,5775,2.6,3000,1500,1178250
NIFTY09JAN2012400CE.NFO,07/01/2020,09:25:04,2.6,2.55,3450,2.6,3000,0,1178250
NIFTY09JAN2012400CE.NFO,07/01/2020,09:25:05,2.55,2.55,5400,2.6,2325,150,1178250
NIFTY09JAN2012400CE.NFO,07/01/2020,09:25:07,2.55,2.55,5400,2.6,2700,0,1178250
NIFTY09JAN2012400CE.NFO,07/01/2020,09:25:08,2.55,2.55,3450,2.6,2400,0,1178250
NIFTY09JAN2012400CE.NFO,07/01/2020,09:25:10,2.55,2.5,36000,2.55,4875,2175,1178250
NIFTY09JAN2012400CE.NFO,07/01/2020,09:25:11,2.55,2.5,35025,2.55,3000,1125,1178250
NIFTY09JAN2012400CE.NFO,07/01/2020,09:25:12,2.5,2.5,34575,2.55,6000,225,1178250
NIFTY09JAN2012400CE.NFO,07/01/2020,09:25:13,2.5,2.5,34575,2.55,3600,0,1178250
NIFTY09JAN2012400CE.NFO,07/01/2020,09:25:14,2.5,2.5,33750,2.55,6000,0,1178250
NIFTY09JAN2012400CE.NFO,07/01/2020,09:25:16,2.55,2.5,27900,2.55,7350,225,1178250
NIFTY09JAN2012400CE.NFO,07/01/2020,09:25:17,2.55,2.5,27900,2.55,7050,75,1178250
NIFTY09JAN2012400CE.NFO,07/01/2020,09:25:18,2.55,2.5,19725,2.55,4575,825,1178250
NIFTY09JAN2012400CE.NFO,07/01/2020,09:25:19,2.5,2.5,19050,2.55,4575,375,1178250
NIFTY09JAN2012400CE.NFO,07/01/2020,09:25:20,2.55,2.5,19050,2.55,4500,75,1178250
NIFTY09JAN2012400CE.NFO,07/01/2020,09:25:21,2.55,2.5,27675,2.6,9600,9075,1178250
NIFTY09JAN2012400CE.NFO,07/01/2020,09:25:22,2.55,2.55,1575,2.6,9375,2925,1178250
NIFTY09JAN2012400CE.NFO,07/01/2020,09:25:23,2.6,2.55,4650,2.6,5400,8625,1178250
NIFTY09JAN2012400CE.NFO,07/01/2020,09:25:24,2.6,2.55,8550,2.6,4275,4725,1178250
NIFTY09JAN2012400CE.NFO,07/01/2020,09:25:25,2.6,2.55,9750,2.6,4200,4575,1178250
NIFTY09JAN2012400CE.NFO,07/01/2020,09:25:26,2.6,2.55,4350,2.6,4575,9000,1178250
NIFTY09JAN2012400CE.NFO,07/01/2020,09:25:27,2.6,2.55,2550,2.6,3825,6525,1178250
NIFTY09JAN2012400CE.NFO,07/01/2020,09:25:28,2.6,2.55,2325,2.6,1875,0,1178250
NIFTY09JAN2012400CE.NFO,07/01/2020,09:25:29,2.55,2.55,2400,2.6,1275,6150,1178250
NIFTY09JAN2012400CE.NFO,07/01/2020,09:25:30,2.55,2.55,2625,2.6,1275,6225,1178250
NIFTY09JAN2012400CE.NFO,07/01/2020,09:25:31,2.55,2.55,2325,2.6,3600,0,1178250
NIFTY09JAN2012400CE.NFO,07/01/2020,09:25:32,2.55,2.55,1650,2.6,300,1050,1178250
NIFTY09JAN2012400CE.NFO,07/01/2020,09:25:33,2.55,2.5,25200,2.6,10125,1275,1178250
NIFTY09JAN2012400CE.NFO,07/01/2020,09:25:34,2.5,2.5,24375,2.6,18825,675,1178250
NIFTY09JAN2012400CE.NFO,07/01/2020,09:25:35,2.55,2.55,7575,2.6,12900,900,1178250
NIFTY09JAN2012400CE.NFO,07/01/2020,09:25:36,2.55,2.55,2175,2.6,13200,2700,1178250
NIFTY09JAN2012400CE.NFO,07/01/2020,09:25:37,2.6,2.55,9450,2.6,13425,600,1178250
NIFTY09JAN2012400CE.NFO,07/01/2020,09:25:38,2.55,2.55,5325,2.6,13425,1200,1178250
NIFTY09JAN2012400CE.NFO,07/01/2020,09:25:39,2.55,2.55,6150,2.6,13650,1350,1178250
NIFTY09JAN2012400CE.NFO,07/01/2020,09:25:40,2.55,2.55,5850,2.6,13650,0,1178250
NIFTY09JAN2012400CE.NFO,07/01/2020,09:25:41,2.6,2.55,9150,2.6,13350,300,1178250
NIFTY09JAN2012400CE.NFO,07/01/2020,09:25:42,2.6,2.55,6375,2.6,13350,0,1178250
NIFTY09JAN2012400CE.NFO,07/01/2020,09:25:43,2.6,2.55,8850,2.6,13350,0,1178250
NIFTY09JAN2012400CE.NFO,07/01/2020,09:25:44,2.6,2.55,6375,2.6,13650,0,1178250
NIFTY09JAN2012400CE.NFO,07/01/2020,09:25:45,2.55,2.55,6150,2.6,13650,225,1178250
NIFTY09JAN2012400CE.NFO,07/01/2020,09:25:46,2.6,2.55,5775,2.6,13500,75,1178250
NIFTY09JAN2012400CE.NFO,07/01/2020,09:25:47,2.55,2.55,5850,2.6,13575,300,1178250
NIFTY09JAN2012400CE.NFO,07/01/2020,09:25:48,2.55,2.55,8475,2.6,13200,450,1178250
NIFTY09JAN2012400CE.NFO,07/01/2020,09:25:49,2.55,2.55,10050,2.6,12300,0,1178250
NIFTY09JAN2012400CE.NFO,07/01/2020,09:25:50,2.55,2.55,9675,2.6,12300,0,1178250
NIFTY09JAN2012400CE.NFO,07/01/2020,09:25:51,2.55,2.55,6000,2.6,9000,0,1178250
NIFTY09JAN2012400CE.NFO,07/01/2020,09:25:52,2.55,2.55,5400,2.6,9000,0,1178250
NIFTY09JAN2012400CE.NFO,07/01/2020,09:25:53,2.55,2.55,5250,2.6,9000,150,1178250
NIFTY09JAN2012400CE.NFO,07/01/2020,09:25:54,2.55,2.55,7050,2.6,9000,975,1178250
NIFTY09JAN2012400CE.NFO,07/01/2020,09:25:55,2.55,2.55,7650,2.6,9000,0,1178250
NIFTY09JAN2012400CE.NFO,07/01/2020,09:25:56,2.55,2.55,2325,2.6,16425,1575,1178250
NIFTY09JAN2012400CE.NFO,07/01/2020,09:25:57,2.55,2.55,975,2.6,16425,225,1178250
NIFTY09JAN2012400CE.NFO,07/01/2020,09:25:58,2.5,2.5,27000,2.6,18225,750,1178250
NIFTY09JAN2012400CE.NFO,07/01/2020,09:25:59,2.55,2.5,24000,2.55,6225,4500,1178250
NIFTY09JAN2012400CE.NFO,07/01/2020,09:26:00,2.55,2.5,23250,2.55,3075,450,1178250
NIFTY09JAN2012400CE.NFO,07/01/2020,09:26:01,2.55,2.5,22125,2.55,3375,675,1178250
NIFTY09JAN2012400CE.NFO,07/01/2020,09:26:02,2.55,2.5,22050,2.55,10350,825,1178250
NIFTY09JAN2012400CE.NFO,07/01/2020,09:26:03,2.55,2.5,16650,2.55,10350,4875,1178250
NIFTY09JAN2012400CE.NFO,07/01/2020,09:26:04,2.55,2.5,16275,2.55,9600,0,1178250
NIFTY09JAN2012400CE.NFO,07/01/2020,09:26:05,2.5,2.5,9300,2.55,7425,6675,1178250
NIFTY09JAN2012400CE.NFO,07/01/2020,09:26:06,2.55,2.5,13125,2.55,2775,5025,1178250
NIFTY09JAN2012400CE.NFO,07/01/2020,09:26:07,2.55,2.5,5475,2.55,3075,4275,1178250
NIFTY09JAN2012400CE.NFO,07/01/2020,09:26:08,2.5,2.5,5175,2.55,2775,450,1178250
NIFTY09JAN2012400CE.NFO,07/01/2020,09:26:09,2.5,2.5,4725,2.55,10050,600,1178250
NIFTY09JAN2012400CE.NFO,07/01/2020,09:26:10,2.5,2.5,3150,2.55,14550,1200,1178250
NIFTY09JAN2012400CE.NFO,07/01/2020,09:26:11,2.5,2.45,12300,2.5,3300,7650,1245075
NIFTY09JAN2012400CE.NFO,07/01/2020,09:26:12,2.5,2.45,12600,2.5,18000,75,1245075
NIFTY09JAN2012400CE.NFO,07/01/2020,09:26:14,2.5,2.45,12000,2.5,17850,225,1245075
NIFTY09JAN2012400CE.NFO,07/01/2020,09:26:15,2.5,2.45,9150,2.5,17475,375,1245075
NIFTY09JAN2012400CE.NFO,07/01/2020,09:26:16,2.5,2.45,8775,2.5,17325,150,1245075
NIFTY09JAN2012400CE.NFO,07/01/2020,09:26:17,2.45,2.45,8025,2.5,16875,900,1245075
NIFTY09JAN2012400CE.NFO,07/01/2020,09:26:18,2.5,2.45,4500,2.5,17100,2400,1245075
NIFTY09JAN2012400CE.NFO,07/01/2020,09:26:19,2.45,2.45,9450,2.5,16350,2025,1245075
NIFTY09JAN2012400CE.NFO,07/01/2020,09:26:21,2.45,2.45,12150,2.5,16050,0,1245075
NIFTY09JAN2012400CE.NFO,07/01/2020,09:26:22,2.45,2.45,8925,2.5,20850,1650,1245075
NIFTY09JAN2012400CE.NFO,07/01/2020,09:26:23,2.45,2.45,7575,2.5,20925,1350,1245075
NIFTY09JAN2012400CE.NFO,07/01/2020,09:26:24,2.45,2.45,5325,2.5,20850,2400,1245075
NIFTY09JAN2012400CE.NFO,07/01/2020,09:26:25,2.45,2.45,2850,2.5,20475,5250,1245075
NIFTY09JAN2012400CE.NFO,07/01/2020,09:26:26,2.5,2.45,6375,2.5,20550,150,1245075
NIFTY09JAN2012400CE.NFO,07/01/2020,09:26:28,2.5,2.45,7350,2.5,20550,75,1245075
NIFTY09JAN2012400CE.NFO,07/01/2020,09:26:29,2.5,2.45,8700,2.5,19650,75,1245075
NIFTY09JAN2012400CE.NFO,07/01/2020,09:26:30,2.5,2.45,8550,2.5,13500,1425,1245075
NIFTY09JAN2012400CE.NFO,07/01/2020,09:26:31,2.5,2.45,8175,2.5,11700,1800,1245075
NIFTY09JAN2012400CE.NFO,07/01/2020,09:26:32,2.5,2.5,26775,2.55,13500,1275,1245075
NIFTY09JAN2012400CE.NFO,07/01/2020,09:26:34,2.5,2.5,30675,2.55,13500,0,1245075
NIFTY09JAN2012400CE.NFO,07/01/2020,09:26:35,2.5,2.5,29325,2.55,13500,1350,1245075
NIFTY09JAN2012400CE.NFO,07/01/2020,09:26:36,2.5,2.5,23550,2.55,14025,2850,1245075
NIFTY09JAN2012400CE.NFO,07/01/2020,09:26:37,2.5,2.45,5925,2.5,15525,9000,1245075
NIFTY09JAN2012400CE.NFO,07/01/2020,09:26:38,2.5,2.45,7800,2.5,18750,75,1245075
NIFTY09JAN2012400CE.NFO,07/01/2020,09:26:39,2.45,2.4,29025,2.5,20625,4575,1245075
NIFTY09JAN2012400CE.NFO,07/01/2020,09:26:40,2.45,2.45,1200,2.5,15300,6750,1245075
NIFTY09JAN2012400CE.NFO,07/01/2020,09:26:42,2.45,2.45,3675,2.5,15075,0,1245075
NIFTY09JAN2012400CE.NFO,07/01/2020,09:26:43,2.5,2.45,8550,2.5,16800,2700,1245075
NIFTY09JAN2012400CE.NFO,07/01/2020,09:26:44,2.45,2.45,6150,2.5,17175,6900,1245075
NIFTY09JAN2012400CE.NFO,07/01/2020,09:26:45,2.45,2.45,8250,2.5,17250,750,1245075
NIFTY09JAN2012400CE.NFO,07/01/2020,09:26:46,2.5,2.45,13125,2.5,17550,75,1245075
NIFTY09JAN2012400CE.NFO,07/01/2020,09:26:48,2.45,2.45,12900,2.5,17550,225,1245075
NIFTY09JAN2012400CE.NFO,07/01/2020,09:26:49,2.5,2.45,13575,2.5,17250,1200,1245075
NIFTY09JAN2012400CE.NFO,07/01/2020,09:26:50,2.5,2.45,12225,2.5,17475,1500,1245075
NIFTY09JAN2012400CE.NFO,07/01/2020,09:26:51,2.5,2.45,15225,2.5,21900,0,1245075
NIFTY09JAN2012400CE.NFO,07/01/2020,09:26:52,2.45,2.45,6900,2.5,22275,3600,1245075
NIFTY09JAN2012400CE.NFO,07/01/2020,09:26:53,2.45,2.45,5400,2.5,22650,0,1245075
NIFTY09JAN2012400CE.NFO,07/01/2020,09:26:54,2.45,2.45,1050,2.5,21375,4500,1245075
NIFTY09JAN2012400CE.NFO,07/01/2020,09:26:55,2.5,2.4,30450,2.5,21900,600,1245075
NIFTY09JAN2012400CE.NFO,07/01/2020,09:26:56,2.4,2.4,24450,2.45,4800,3000,1245075
NIFTY09JAN2012400CE.NFO,07/01/2020,09:26:57,2.4,2.4,24450,2.45,3075,0,1245075
NIFTY09JAN2012400CE.NFO,07/01/2020,09:26:58,2.4,2.4,24675,2.45,3075,0,1245075
NIFTY09JAN2012400CE.NFO,07/01/2020,09:26:59,2.4,2.4,24450,2.45,7575,0,1245075
NIFTY09JAN2012400CE.NFO,07/01/2020,09:27:00,2.4,2.4,24675,2.45,7575,0,1245075
NIFTY09JAN2012400CE.NFO,07/01/2020,09:27:01,2.45,2.4,23700,2.45,9975,375,1245075
NIFTY09JAN2012400CE.NFO,07/01/2020,09:27:03,2.45,2.4,24675,2.45,9600,0,1245075
NIFTY09JAN2012400CE.NFO,07/01/2020,09:27:04,2.45,2.4,24675,2.45,8850,0,1245075
NIFTY09JAN2012400CE.NFO,07/01/2020,09:27:05,2.45,2.4,25950,2.45,9375,900,1245075
NIFTY09JAN2012400CE.NFO,07/01/2020,09:27:06,2.45,2.4,26175,2.45,12825,0,1245075
NIFTY09JAN2012400CE.NFO,07/01/2020,09:27:07,2.45,2.4,25425,2.45,12825,0,1245075
NIFTY09JAN2012400CE.NFO,07/01/2020,09:27:10,2.45,2.4,25050,2.45,12825,0,1245075
NIFTY09JAN2012400CE.NFO,07/01/2020,09:27:11,2.45,2.4,25050,2.45,9150,3750,1245075
NIFTY09JAN2012400CE.NFO,07/01/2020,09:27:12,2.45,2.4,22050,2.45,9075,3075,1245075
NIFTY09JAN2012400CE.NFO,07/01/2020,09:27:13,2.45,2.4,22350,2.45,9825,0,1245075
NIFTY09JAN2012400CE.NFO,07/01/2020,09:27:15,2.45,2.4,22050,2.45,10200,0,1245075
NIFTY09JAN2012400CE.NFO,07/01/2020,09:27:16,2.45,2.4,22050,2.45,10950,0,1245075
NIFTY09JAN2012400CE.NFO,07/01/2020,09:27:17,2.45,2.4,22050,2.45,10875,75,1245075
NIFTY09JAN2012400CE.NFO,07/01/2020,09:27:18,2.45,2.4,22425,2.45,12600,0,1245075
NIFTY09JAN2012400CE.NFO,07/01/2020,09:27:19,2.45,2.4,21675,2.45,11775,0,1245075
NIFTY09JAN2012400CE.NFO,07/01/2020,09:27:20,2.45,2.4,23925,2.45,11025,0,1245075
NIFTY09JAN2012400CE.NFO,07/01/2020,09:27:21,2.45,2.4,23325,2.45,10650,0,1245075
NIFTY09JAN2012400CE.NFO,07/01/2020,09:27:22,2.45,2.4,23325,2.45,11025,0,1245075
NIFTY09JAN2012400CE.NFO,07/01/2020,09:27:23,2.45,2.4,23550,2.45,10875,0,1245075
NIFTY09JAN2012400CE.NFO,07/01/2020,09:27:24,2.45,2.4,23550,2.45,9750,0,1245075
NIFTY09JAN2012400CE.NFO,07/01/2020,09:27:26,2.4,2.4,21825,2.45,11400,1050,1245075
NIFTY09JAN2012400CE.NFO,07/01/2020,09:27:27,2.4,2.4,18075,2.45,12750,1050,1245075
NIFTY09JAN2012400CE.NFO,07/01/2020,09:27:28,2.4,2.4,17325,2.45,13575,750,1245075
NIFTY09JAN2012400CE.NFO,07/01/2020,09:27:29,2.4,2.4,17325,2.45,13575,0,1245075
NIFTY09JAN2012400CE.NFO,07/01/2020,09:27:30,2.4,2.35,11625,2.4,4200,16950,1245075
NIFTY09JAN2012400CE.NFO,07/01/2020,09:27:31,2.4,2.35,10125,2.4,36900,0,1245075
NIFTY09JAN2012400CE.NFO,07/01/2020,09:27:32,2.4,2.35,10125,2.4,34350,0,1245075
NIFTY09JAN2012400CE.NFO,07/01/2020,09:27:34,2.4,2.35,18000,2.4,36675,0,1245075
NIFTY09JAN2012400CE.NFO,07/01/2020,09:27:35,2.35,2.35,120825,2.4,35025,4500,1245075
NIFTY09JAN2012400CE.NFO,07/01/2020,09:27:36,2.35,2.35,199950,2.4,35250,0,1245075
NIFTY09JAN2012400CE.NFO,07/01/2020,09:27:37,2.35,2.35,199950,2.4,34575,0,1245075
NIFTY09JAN2012400CE.NFO,07/01/2020,09:27:38,2.4,2.35,199950,2.4,29775,4800,1245075
NIFTY09JAN2012400CE.NFO,07/01/2020,09:27:39,2.4,2.35,199950,2.4,30375,0,1245075
NIFTY09JAN2012400CE.NFO,07/01/2020,09:27:41,2.4,2.35,199950,2.4,20250,0,1245075
NIFTY09JAN2012400CE.NFO,07/01/2020,09:27:42,2.4,2.35,199950,2.4,21375,75,1245075
NIFTY09JAN2012400CE.NFO,07/01/2020,09:27:43,2.4,2.35,198525,2.4,18375,4275,1245075
NIFTY09JAN2012400CE.NFO,07/01/2020,09:27:44,2.4,2.35,198525,2.4,18225,0,1245075
NIFTY09JAN2012400CE.NFO,07/01/2020,09:27:45,2.4,2.35,198525,2.4,18750,0,1245075
NIFTY09JAN2012400CE.NFO,07/01/2020,09:27:47,2.4,2.35,194925,2.4,20175,3300,1245075
NIFTY09JAN2012400CE.NFO,07/01/2020,09:27:48,2.35,2.3,5775,2.35,21300,2850,1245075
NIFTY09JAN2012400CE.NFO,07/01/2020,09:27:49,2.3,2.3,6375,2.35,21150,225,1245075
NIFTY09JAN2012400CE.NFO,07/01/2020,09:27:50,2.35,2.3,6825,2.35,19725,150,1245075
NIFTY09JAN2012400CE.NFO,07/01/2020,09:27:51,2.35,2.3,16050,2.35,12825,0,1245075
NIFTY09JAN2012400CE.NFO,07/01/2020,09:27:52,2.3,2.3,15600,2.35,12600,375,1245075
NIFTY09JAN2012400CE.NFO,07/01/2020,09:27:53,2.3,2.3,20100,2.35,12600,0,1245075
NIFTY09JAN2012400CE.NFO,07/01/2020,09:27:55,2.35,2.35,13275,2.4,19800,10200,1245075
NIFTY09JAN2012400CE.NFO,07/01/2020,09:27:56,2.35,2.35,84600,2.4,19425,0,1245075
NIFTY09JAN2012400CE.NFO,07/01/2020,09:27:57,2.35,2.35,82425,2.4,19800,75,1245075
NIFTY09JAN2012400CE.NFO,07/01/2020,09:27:58,2.35,2.35,82050,2.4,19800,0,1245075
NIFTY09JAN2012400CE.NFO,07/01/2020,09:27:59,2.35,2.35,80325,2.4,19800,1050,1245075
NIFTY09JAN2012400CE.NFO,07/01/2020,09:28:00,2.35,2.3,16500,2.35,6000,10725,1245075
NIFTY09JAN2012400CE.NFO,07/01/2020,09:28:02,2.35,2.3,17625,2.35,15075,2775,1245075
NIFTY09JAN2012400CE.NFO,07/01/2020,09:28:03,2.35,2.3,17625,2.35,12525,1950,1245075
NIFTY09JAN2012400CE.NFO,07/01/2020,09:28:04,2.35,2.3,16275,2.35,12450,75,1245075
NIFTY09JAN2012400CE.NFO,07/01/2020,09:28:05,2.3,2.3,9750,2.35,12825,75,1245075
NIFTY09JAN2012400CE.NFO,07/01/2020,09:28:06,2.3,2.3,11475,2.35,15975,0,1245075
NIFTY09JAN2012400CE.NFO,07/01/2020,09:28:08,2.3,2.3,11700,2.35,14625,0,1245075
NIFTY09JAN2012400CE.NFO,07/01/2020,09:28:09,2.3,2.3,19350,2.35,13725,2100,1245075
NIFTY09JAN2012400CE.NFO,07/01/2020,09:28:10,2.3,2.3,16275,2.35,14475,0,1245075
NIFTY09JAN2012400CE.NFO,07/01/2020,09:28:11,2.3,2.3,15600,2.35,19350,75,1245075
NIFTY09JAN2012400CE.NFO,07/01/2020,09:28:12,2.3,2.3,15600,2.35,18450,0,1245075
NIFTY09JAN2012400CE.NFO,07/01/2020,09:28:14,2.3,2.3,15750,2.35,18300,75,1245075
NIFTY09JAN2012400CE.NFO,07/01/2020,09:28:15,2.3,2.3,15150,2.35,14025,0,1245075
NIFTY09JAN2012400CE.NFO,07/01/2020,09:28:16,2.3,2.3,15525,2.35,13800,0,1245075
NIFTY09JAN2012400CE.NFO,07/01/2020,09:28:17,2.3,2.3,13575,2.35,15450,4050,1245075
NIFTY09JAN2012400CE.NFO,07/01/2020,09:28:18,2.3,2.3,8025,2.35,15600,5175,1245075
NIFTY09JAN2012400CE.NFO,07/01/2020,09:28:19,2.3,2.25,5175,2.3,23475,8100,1245075
NIFTY09JAN2012400CE.NFO,07/01/2020,09:28:21,2.3,2.25,5550,2.3,20700,6000,1245075
NIFTY09JAN2012400CE.NFO,07/01/2020,09:28:22,2.3,2.25,3525,2.3,20925,75,1245075
NIFTY09JAN2012400CE.NFO,07/01/2020,09:28:23,2.25,2.25,11025,2.3,19650,2100,1245075
NIFTY09JAN2012400CE.NFO,07/01/2020,09:28:24,2.25,2.25,9975,2.3,19875,300,1245075
NIFTY09JAN2012400CE.NFO,07/01/2020,09:28:25,2.3,2.25,9975,2.3,20100,75,1245075
NIFTY09JAN2012400CE.NFO,07/01/2020,09:28:27,2.3,2.25,44925,2.3,19875,225,1245075
NIFTY09JAN2012400CE.NFO,07/01/2020,09:28:28,2.25,2.25,110925,2.3,19200,7350,1245075
NIFTY09JAN2012400CE.NFO,07/01/2020,09:28:29,2.3,2.25,108900,2.3,18900,2400,1245075
NIFTY09JAN2012400CE.NFO,07/01/2020,09:28:30,2.3,2.25,108900,2.3,18825,75,1245075
NIFTY09JAN2012400CE.NFO,07/01/2020,09:28:32,2.25,2.25,105300,2.3,18825,3225,1245075
NIFTY09JAN2012400CE.NFO,07/01/2020,09:28:33,2.25,2.25,106275,2.3,17775,450,1245075
NIFTY09JAN2012400CE.NFO,07/01/2020,09:28:34,2.25,2.25,108750,2.3,16050,0,1245075
NIFTY09JAN2012400CE.NFO,07/01/2020,09:28:35,2.25,2.25,108750,2.3,16425,0,1245075
NIFTY09JAN2012400CE.NFO,07/01/2020,09:28:36,2.25,2.25,108300,2.3,14925,450,1245075
NIFTY09JAN2012400CE.NFO,07/01/2020,09:28:37,2.25,2.25,108300,2.3,15300,0,1245075
NIFTY09JAN2012400CE.NFO,07/01/2020,09:28:38,2.25,2.25,107250,2.3,15300,1050,1245075
NIFTY09JAN2012400CE.NFO,07/01/2020,09:28:40,2.25,2.25,107250,2.3,20025,975,1245075
NIFTY09JAN2012400CE.NFO,07/01/2020,09:28:41,2.3,2.25,107025,2.3,19875,375,1245075
NIFTY09JAN2012400CE.NFO,07/01/2020,09:28:42,2.25,2.25,106725,2.3,19575,600,1245075
NIFTY09JAN2012400CE.NFO,07/01/2020,09:28:43,2.25,2.25,106350,2.3,19200,375,1245075
NIFTY09JAN2012400CE.NFO,07/01/2020,09:28:45,2.25,2.25,106350,2.3,19200,0,1245075
NIFTY09JAN2012400CE.NFO,07/01/2020,09:28:47,2.3,2.25,106350,2.3,18375,75,1245075
NIFTY09JAN2012400CE.NFO,07/01/2020,09:28:48,2.3,2.25,106350,2.3,18375,450,1245075
NIFTY09JAN2012400CE.NFO,07/01/2020,09:28:49,2.3,2.25,106350,2.3,18300,150,1245075
NIFTY09JAN2012400CE.NFO,07/01/2020,09:28:50,2.25,2.25,106350,2.3,19050,75,1245075
NIFTY09JAN2012400CE.NFO,07/01/2020,09:28:51,2.25,2.25,106350,2.3,19050,0,1245075
NIFTY09JAN2012400CE.NFO,07/01/2020,09:28:52,2.3,2.25,106350,2.3,16575,2475,1245075
NIFTY09JAN2012400CE.NFO,07/01/2020,09:28:54,2.3,2.3,3900,2.35,5700,16575,1245075
NIFTY09JAN2012400CE.NFO,07/01/2020,09:28:55,2.3,2.3,9900,2.35,5700,900,1245075
NIFTY09JAN2012400CE.NFO,07/01/2020,09:28:56,2.3,2.3,4650,2.35,5700,2400,1245075
NIFTY09JAN2012400CE.NFO,07/01/2020,09:28:57,2.3,2.3,4650,2.35,9750,225,1245075
NIFTY09JAN2012400CE.NFO,07/01/2020,09:28:58,2.35,2.3,5025,2.35,4875,4500,1245075
NIFTY09JAN2012400CE.NFO,07/01/2020,09:28:59,2.35,2.3,5025,2.35,7350,0,1245075
NIFTY09JAN2012400CE.NFO,07/01/2020,09:29:00,2.35,2.3,8925,2.35,3900,150,1245075
NIFTY09JAN2012400CE.NFO,07/01/2020,09:29:01,2.3,2.3,7200,2.35,6375,1275,1245075
NIFTY09JAN2012400CE.NFO,07/01/2020,09:29:02,2.35,2.3,10125,2.35,8550,150,1245075
NIFTY09JAN2012400CE.NFO,07/01/2020,09:29:04,2.35,2.3,11100,2.35,3150,4575,1245075
NIFTY09JAN2012400CE.NFO,07/01/2020,09:29:05,2.35,2.35,1725,2.4,8925,375,1245075
NIFTY09JAN2012400CE.NFO,07/01/2020,09:29:06,2.35,2.35,5775,2.4,12600,75,1245075
NIFTY09JAN2012400CE.NFO,07/01/2020,09:29:07,2.35,2.35,5400,2.4,12750,225,1245075
NIFTY09JAN2012400CE.NFO,07/01/2020,09:29:08,2.35,2.35,4875,2.4,11175,525,1245075
NIFTY09JAN2012400CE.NFO,07/01/2020,09:29:10,2.35,2.35,4650,2.4,11025,225,1245075
NIFTY09JAN2012400CE.NFO,07/01/2020,09:29:11,2.35,2.35,6600,2.4,8625,75,1272375
NIFTY09JAN2012400CE.NFO,07/01/2020,09:29:12,2.35,2.35,7950,2.4,11775,75,1272375
NIFTY09JAN2012400CE.NFO,07/01/2020,09:29:13,2.35,2.35,10800,2.4,9300,0,1272375
NIFTY09JAN2012400CE.NFO,07/01/2020,09:29:14,2.35,2.35,12375,2.4,8850,75,1272375
NIFTY09JAN2012400CE.NFO,07/01/2020,09:29:15,2.35,2.35,12375,2.4,8850,0,1272375
NIFTY09JAN2012400CE.NFO,07/01/2020,09:29:16,2.35,2.35,12975,2.4,7575,0,1272375
NIFTY09JAN2012400CE.NFO,07/01/2020,09:29:17,2.35,2.35,12900,2.4,6825,0,1272375
NIFTY09JAN2012400CE.NFO,07/01/2020,09:29:18,2.4,2.35,12975,2.4,6525,300,1272375
NIFTY09JAN2012400CE.NFO,07/01/2020,09:29:20,2.4,2.35,12975,2.4,5025,1500,1272375
NIFTY09JAN2012400CE.NFO,07/01/2020,09:29:21,2.4,2.35,12900,2.4,5025,0,1272375
NIFTY09JAN2012400CE.NFO,07/01/2020,09:29:22,2.4,2.35,11625,2.4,8625,0,1272375
NIFTY09JAN2012400CE.NFO,07/01/2020,09:29:23,2.4,2.35,11625,2.4,6150,0,1272375
NIFTY09JAN2012400CE.NFO,07/01/2020,09:29:24,2.4,2.35,11625,2.4,8625,0,1272375
NIFTY09JAN2012400CE.NFO,07/01/2020,09:29:25,2.4,2.35,11850,2.4,5775,0,1272375
NIFTY09JAN2012400CE.NFO,07/01/2020,09:29:26,2.4,2.35,8250,2.4,4725,3525,1272375
NIFTY09JAN2012400CE.NFO,07/01/2020,09:29:27,2.4,2.35,7950,2.4,2850,3000,1272375
NIFTY09JAN2012400CE.NFO,07/01/2020,09:29:28,2.4,2.35,7725,2.4,5925,4800,1272375
NIFTY09JAN2012400CE.NFO,07/01/2020,09:29:29,2.4,2.35,7725,2.4,5850,0,1272375
NIFTY09JAN2012400CE.NFO,07/01/2020,09:29:30,2.4,2.35,7950,2.4,5700,0,1272375
NIFTY09JAN2012400CE.NFO,07/01/2020,09:29:31,2.35,2.35,7875,2.4,10875,225,1272375
NIFTY09JAN2012400CE.NFO,07/01/2020,09:29:32,2.4,2.35,7500,2.4,10800,75,1272375
NIFTY09JAN2012400CE.NFO,07/01/2020,09:29:33,2.35,2.35,6600,2.4,10575,900,1272375
NIFTY09JAN2012400CE.NFO,07/01/2020,09:29:34,2.35,2.35,6825,2.4,16950,0,1272375
NIFTY09JAN2012400CE.NFO,07/01/2020,09:29:35,2.35,2.35,9525,2.4,14475,150,1272375
NIFTY09JAN2012400CE.NFO,07/01/2020,09:29:36,2.35,2.35,9375,2.4,14025,150,1272375
NIFTY09JAN2012400CE.NFO,07/01/2020,09:29:37,2.35,2.35,9375,2.4,14025,0,1272375
NIFTY09JAN2012400CE.NFO,07/01/2020,09:29:38,2.35,2.35,11250,2.4,13875,0,1272375
NIFTY09JAN2012400CE.NFO,07/01/2020,09:29:40,2.4,2.35,11250,2.4,12225,150,1272375
NIFTY09JAN2012400CE.NFO,07/01/2020,09:29:41,2.4,2.35,11250,2.4,12225,0,1272375
NIFTY09JAN2012400CE.NFO,07/01/2020,09:29:42,2.4,2.35,8175,2.4,12600,75,1272375
NIFTY09JAN2012400CE.NFO,07/01/2020,09:29:43,2.35,2.35,5175,2.4,12600,1800,1272375
NIFTY09JAN2012400CE.NFO,07/01/2020,09:29:44,2.35,2.35,5175,2.4,12600,0,1272375
NIFTY09JAN2012400CE.NFO,07/01/2020,09:29:45,2.4,2.35,8475,2.4,10200,3750,1272375
NIFTY09JAN2012400CE.NFO,07/01/2020,09:29:46,2.4,2.35,15675,2.4,9375,0,1272375
NIFTY09JAN2012400CE.NFO,07/01/2020,09:29:47,2.35,2.35,16425,2.4,3900,75,1272375
NIFTY09JAN2012400CE.NFO,07/01/2020,09:29:48,2.35,2.35,16350,2.4,4875,0,1272375
NIFTY09JAN2012400CE.NFO,07/01/2020,09:29:49,2.35,2.35,16425,2.4,4875,0,1272375
NIFTY09JAN2012400CE.NFO,07/01/2020,09:29:50,2.4,2.35,13875,2.4,7650,75,1272375
NIFTY09JAN2012400CE.NFO,07/01/2020,09:29:51,2.4,2.35,13125,2.4,8925,0,1272375
NIFTY09JAN2012400CE.NFO,07/01/2020,09:29:52,2.35,2.35,9000,2.4,10725,3000,1272375
NIFTY09JAN2012400CE.NFO,07/01/2020,09:29:53,2.35,2.35,11400,2.4,7950,0,1272375
NIFTY09JAN2012400CE.NFO,07/01/2020,09:29:54,2.35,2.35,6900,2.4,9150,1575,1272375
NIFTY09JAN2012400CE.NFO,07/01/2020,09:29:55,2.35,2.35,6525,2.4,9525,0,1272375
NIFTY09JAN2012400CE.NFO,07/01/2020,09:29:56,2.35,2.35,7425,2.4,8775,0,1272375
NIFTY09JAN2012400CE.NFO,07/01/2020,09:29:57,2.35,2.35,6300,2.4,12225,0,1272375
NIFTY09JAN2012400CE.NFO,07/01/2020,09:29:58,2.35,2.35,9900,2.4,9900,0,1272375
NIFTY09JAN2012400CE.NFO,07/01/2020,09:29:59,2.35,2.35,7500,2.4,10275,0,1272375
NIFTY09JAN2012400CE.NFO,07/01/2020,09:30:01,2.4,2.35,10200,2.4,5925,1275,1272375
NIFTY09JAN2012400CE.NFO,07/01/2020,09:30:02,2.4,2.35,10125,2.4,4950,0,1272375
NIFTY09JAN2012400CE.NFO,07/01/2020,09:30:03,2.4,2.35,11100,2.4,4875,75,1272375
NIFTY09JAN2012400CE.NFO,07/01/2020,09:30:04,2.4,2.35,9300,2.4,5250,0,1272375
NIFTY09JAN2012400CE.NFO,07/01/2020,09:30:06,2.4,2.35,9750,2.4,7275,225,1272375
NIFTY09JAN2012400CE.NFO,07/01/2020,09:30:07,2.4,2.35,6375,2.4,10950,0,1272375
NIFTY09JAN2012400CE.NFO,07/01/2020,09:30:08,2.4,2.35,6375,2.4,11325,0,1272375
NIFTY09JAN2012400CE.NFO,07/01/2020,09:30:09,2.4,2.35,9075,2.4,6675,0,1272375
NIFTY09JAN2012400CE.NFO,07/01/2020,09:30:11,2.35,2.35,4875,2.4,3975,3825,1272375
NIFTY09JAN2012400CE.NFO,07/01/2020,09:30:12,2.35,2.35,2775,2.4,7500,0,1272375
NIFTY09JAN2012400CE.NFO,07/01/2020,09:30:13,2.35,2.35,6000,2.4,3225,0,1272375
NIFTY09JAN2012400CE.NFO,07/01/2020,09:30:14,2.35,2.35,1200,2.4,5925,1200,1272375
NIFTY09JAN2012400CE.NFO,07/01/2020,09:30:15,2.35,2.3,10050,2.4,8925,1950,1272375
NIFTY09JAN2012400CE.NFO,07/01/2020,09:30:17,2.35,2.3,11025,2.4,10725,0,1272375
NIFTY09JAN2012400CE.NFO,07/01/2020,09:30:18,2.35,2.3,10950,2.4,11175,0,1272375
NIFTY09JAN2012400CE.NFO,07/01/2020,09:30:19,2.35,2.3,7875,2.35,4050,2100,1272375
NIFTY09JAN2012400CE.NFO,07/01/2020,09:30:20,2.35,2.3,7875,2.35,5775,0,1272375
NIFTY09JAN2012400CE.NFO,07/01/2020,09:30:21,2.35,2.3,10050,2.35,5400,0,1272375
NIFTY09JAN2012400CE.NFO,07/01/2020,09:30:22,2.35,2.3,7875,2.35,525,4875,1272375
NIFTY09JAN2012400CE.NFO,07/01/2020,09:30:24,2.35,2.3,9825,2.35,375,750,1272375
NIFTY09JAN2012400CE.NFO,07/01/2020,09:30:25,2.35,2.3,6900,2.35,2475,0,1272375
NIFTY09JAN2012400CE.NFO,07/01/2020,09:30:26,2.35,2.3,6300,2.35,3225,0,1272375
NIFTY09JAN2012400CE.NFO,07/01/2020,09:30:27,2.35,2.3,6300,2.35,3825,0,1272375
NIFTY09JAN2012400CE.NFO,07/01/2020,09:30:28,2.35,2.3,6300,2.35,975,0,1272375
NIFTY09JAN2012400CE.NFO,07/01/2020,09:30:30,2.35,2.3,8700,2.35,900,150,1272375
NIFTY09JAN2012400CE.NFO,07/01/2020,09:30:31,2.35,2.3,8700,2.35,900,0,1272375
NIFTY09JAN2012400CE.NFO,07/01/2020,09:30:32,2.35,2.3,8700,2.35,750,150,1272375
NIFTY09JAN2012400CE.NFO,07/01/2020,09:30:33,2.3,2.3,6450,2.35,675,150,1272375
NIFTY09JAN2012400CE.NFO,07/01/2020,09:30:34,2.35,2.3,6450,2.35,6975,675,1272375
NIFTY09JAN2012400CE.NFO,07/01/2020,09:30:35,2.35,2.3,6450,2.35,6900,75,1272375
NIFTY09JAN2012400CE.NFO,07/01/2020,09:30:36,2.35,2.3,9150,2.35,8700,0,1272375
NIFTY09JAN2012400CE.NFO,07/01/2020,09:30:38,2.35,2.3,9150,2.35,8550,0,1272375
NIFTY09JAN2012400CE.NFO,07/01/2020,09:30:39,2.35,2.3,10350,2.35,6000,0,1272375
NIFTY09JAN2012400CE.NFO,07/01/2020,09:30:40,2.35,2.3,10350,2.35,5925,75,1272375
NIFTY09JAN2012400CE.NFO,07/01/2020,09:30:41,2.35,2.3,10275,2.35,5925,0,1272375
NIFTY09JAN2012400CE.NFO,07/01/2020,09:30:42,2.35,2.3,9900,2.35,6225,0,1272375
NIFTY09JAN2012400CE.NFO,07/01/2020,09:30:43,2.35,2.3,4575,2.35,8700,0,1272375
NIFTY09JAN2012400CE.NFO,07/01/2020,09:30:45,2.35,2.3,7875,2.35,8475,75,1272375
NIFTY09JAN2012400CE.NFO,07/01/2020,09:30:46,2.3,2.3,7125,2.35,8475,300,1272375
NIFTY09JAN2012400CE.NFO,07/01/2020,09:30:47,2.35,2.3,3525,2.35,6525,4500,1272375
NIFTY09JAN2012400CE.NFO,07/01/2020,09:30:48,2.35,2.3,12450,2.35,2400,4500,1272375
NIFTY09JAN2012400CE.NFO,07/01/2020,09:30:49,2.35,2.3,13275,2.35,525,0,1272375
NIFTY09JAN2012400CE.NFO,07/01/2020,09:30:53,2.35,2.3,10350,2.35,2550,75,1272375
NIFTY09JAN2012400CE.NFO,07/01/2020,09:30:54,2.3,2.3,8850,2.35,450,1575,1272375
NIFTY09JAN2012400CE.NFO,07/01/2020,09:30:55,2.3,2.3,8775,2.35,450,0,1272375
NIFTY09JAN2012400CE.NFO,07/01/2020,09:30:56,2.3,2.3,8775,2.35,3075,0,1272375
NIFTY09JAN2012400CE.NFO,07/01/2020,09:30:57,2.3,2.3,8775,2.35,3300,0,1272375
NIFTY09JAN2012400CE.NFO,07/01/2020,09:30:58,2.3,2.3,7125,2.35,7125,150,1272375
NIFTY09JAN2012400CE.NFO,07/01/2020,09:30:59,2.35,2.3,7875,2.35,7950,750,1272375
NIFTY09JAN2012400CE.NFO,07/01/2020,09:31:00,2.35,2.3,10200,2.35,7200,0,1272375
NIFTY09JAN2012400CE.NFO,07/01/2020,09:31:02,2.3,2.3,5625,2.35,1125,4950,1272375
NIFTY09JAN2012400CE.NFO,07/01/2020,09:31:03,2.3,2.3,10650,2.35,1125,0,1272375
NIFTY09JAN2012400CE.NFO,07/01/2020,09:31:04,2.3,2.3,8400,2.35,1125,3675,1272375
NIFTY09JAN2012400CE.NFO,07/01/2020,09:31:05,2.3,2.3,5025,2.35,1725,3000,1272375
NIFTY09JAN2012400CE.NFO,07/01/2020,09:31:06,2.3,2.3,5850,2.35,7950,825,1272375
NIFTY09JAN2012400CE.NFO,07/01/2020,09:31:07,2.35,2.3,6300,2.35,6150,2400,1272375
NIFTY09JAN2012400CE.NFO,07/01/2020,09:31:09,2.3,2.3,15075,2.35,4650,75,1272375
NIFTY09JAN2012400CE.NFO,07/01/2020,09:31:10,2.3,2.3,19875,2.35,4650,0,1272375
NIFTY09JAN2012400CE.NFO,07/01/2020,09:31:11,2.3,2.3,19575,2.35,4650,0,1272375
NIFTY09JAN2012400CE.NFO,07/01/2020,09:31:12,2.3,2.3,21600,2.35,825,4650,1272375
NIFTY09JAN2012400CE.NFO,07/01/2020,09:31:13,2.3,2.3,18450,2.35,4200,75,1272375
NIFTY09JAN2012400CE.NFO,07/01/2020,09:31:15,2.3,2.3,18375,2.35,2025,225,1272375
NIFTY09JAN2012400CE.NFO,07/01/2020,09:31:16,2.3,2.3,18225,2.35,5250,75,1272375
NIFTY09JAN2012400CE.NFO,07/01/2020,09:31:18,2.3,2.3,18300,2.35,4200,0,1272375
NIFTY09JAN2012400CE.NFO,07/01/2020,09:31:19,2.3,2.3,18450,2.35,825,75,1272375
NIFTY09JAN2012400CE.NFO,07/01/2020,09:31:20,2.35,2.35,4050,2.4,11325,825,1272375
NIFTY09JAN2012400CE.NFO,07/01/2020,09:31:21,2.35,2.35,16050,2.4,9075,225,1272375
NIFTY09JAN2012400CE.NFO,07/01/2020,09:31:22,2.35,2.35,17175,2.4,7725,75,1272375
NIFTY09JAN2012400CE.NFO,07/01/2020,09:31:23,2.35,2.35,14925,2.4,7650,0,1272375
NIFTY09JAN2012400CE.NFO,07/01/2020,09:31:24,2.35,2.35,14550,2.4,7650,0,1272375
NIFTY09JAN2012400CE.NFO,07/01/2020,09:31:26,2.4,2.35,14550,2.4,8550,75,1272375
NIFTY09JAN2012400CE.NFO,07/01/2020,09:31:27,2.4,2.35,14550,2.4,8250,0,1272375
NIFTY09JAN2012400CE.NFO,07/01/2020,09:31:28,2.4,2.35,14550,2.4,7875,0,1272375
NIFTY09JAN2012400CE.NFO,07/01/2020,09:31:29,2.4,2.35,14625,2.4,7425,0,1272375
NIFTY09JAN2012400CE.NFO,07/01/2020,09:31:30,2.4,2.35,14625,2.4,7650,0,1272375
NIFTY09JAN2012400CE.NFO,07/01/2020,09:31:31,2.4,2.35,14400,2.4,8925,225,1272375
NIFTY09JAN2012400CE.NFO,07/01/2020,09:31:32,2.35,2.35,15300,2.4,7875,300,1272375
NIFTY09JAN2012400CE.NFO,07/01/2020,09:31:33,2.4,2.35,15375,2.4,4500,3000,1272375
NIFTY09JAN2012400CE.NFO,07/01/2020,09:31:35,2.35,2.35,15150,2.4,4275,225,1272375
NIFTY09JAN2012400CE.NFO,07/01/2020,09:31:36,2.4,2.35,15000,2.4,1350,4650,1272375
NIFTY09JAN2012400CE.NFO,07/01/2020,09:31:37,2.35,2.35,15150,2.4,375,75,1272375
NIFTY09JAN2012400CE.NFO,07/01/2020,09:31:38,2.4,2.4,6900,2.45,9450,375,1272375
NIFTY09JAN2012400CE.NFO,07/01/2020,09:31:39,2.4,2.4,7350,2.45,8700,0,1272375
NIFTY09JAN2012400CE.NFO,07/01/2020,09:31:40,2.4,2.4,11850,2.45,8700,0,1272375
NIFTY09JAN2012400CE.NFO,07/01/2020,09:31:41,2.4,2.4,12675,2.45,8250,0,1272375
NIFTY09JAN2012400CE.NFO,07/01/2020,09:31:42,2.45,2.4,12750,2.45,3375,4500,1272375
NIFTY09JAN2012400CE.NFO,07/01/2020,09:31:43,2.45,2.4,12750,2.45,375,3000,1272375
NIFTY09JAN2012400CE.NFO,07/01/2020,09:31:44,2.45,2.4,12675,2.45,2775,0,1272375
NIFTY09JAN2012400CE.NFO,07/01/2020,09:31:46,2.45,2.4,13125,2.45,3375,450,1272375
NIFTY09JAN2012400CE.NFO,07/01/2020,09:31:47,2.45,2.4,13500,2.45,3375,0,1272375
NIFTY09JAN2012400CE.NFO,07/01/2020,09:31:48,2.45,2.4,9525,2.45,3150,5100,1272375
NIFTY09JAN2012400CE.NFO,07/01/2020,09:31:49,2.45,2.4,12075,2.5,13725,0,1272375
NIFTY09JAN2012400CE.NFO,07/01/2020,09:31:50,2.45,2.45,6150,2.5,10275,1125,1272375
NIFTY09JAN2012400CE.NFO,07/01/2020,09:31:51,2.45,2.45,6150,2.5,9375,0,1272375
NIFTY09JAN2012400CE.NFO,07/01/2020,09:31:52,2.5,2.45,6150,2.5,8625,1200,1272375
NIFTY09JAN2012400CE.NFO,07/01/2020,09:31:54,2.5,2.45,11025,2.5,8625,0,1272375
NIFTY09JAN2012400CE.NFO,07/01/2020,09:31:55,2.5,2.45,11475,2.5,7275,0,1272375
NIFTY09JAN2012400CE.NFO,07/01/2020,09:31:56,2.45,2.45,9525,2.5,5325,5475,1272375
NIFTY09JAN2012400CE.NFO,07/01/2020,09:31:57,2.45,2.45,5850,2.5,8850,450,1272375
NIFTY09JAN2012400CE.NFO,07/01/2020,09:31:59,2.45,2.45,9150,2.5,5625,0,1272375
NIFTY09JAN2012400CE.NFO,07/01/2020,09:32:00,2.45,2.45,7425,2.5,5175,375,1272375
NIFTY09JAN2012400CE.NFO,07/01/2020,09:32:01,2.45,2.45,10650,2.5,5475,750,1272375
NIFTY09JAN2012400CE.NFO,07/01/2020,09:32:02,2.5,2.45,10800,2.5,4125,75,1272375
NIFTY09JAN2012400CE.NFO,07/01/2020,09:32:03,2.5,2.5,3825,2.55,1500,9150,1272375
NIFTY09JAN2012400CE.NFO,07/01/2020,09:32:05,2.5,2.5,1800,2.55,1725,75,1272375
NIFTY09JAN2012400CE.NFO,07/01/2020,09:32:06,2.5,2.5,1500,2.55,4875,225,1272375
NIFTY09JAN2012400CE.NFO,07/01/2020,09:32:07,2.5,2.45,11925,2.5,3675,0,1272375
NIFTY09JAN2012400CE.NFO,07/01/2020,09:32:08,2.5,2.45,12975,2.5,4500,975,1272375
NIFTY09JAN2012400CE.NFO,07/01/2020,09:32:10,2.5,2.45,12975,2.5,4350,225,1272375
NIFTY09JAN2012400CE.NFO,07/01/2020,09:32:11,2.5,2.45,12900,2.5,4050,300,1272375
NIFTY09JAN2012400CE.NFO,07/01/2020,09:32:12,2.45,2.45,10725,2.5,2325,2475,1280250
NIFTY09JAN2012400CE.NFO,07/01/2020,09:32:13,2.5,2.45,10650,2.5,1425,975,1280250
NIFTY09JAN2012400CE.NFO,07/01/2020,09:32:14,2.45,2.45,10800,2.5,1275,375,1280250
NIFTY09JAN2012400CE.NFO,07/01/2020,09:32:16,2.5,2.5,4275,2.55,75,1350,1280250
NIFTY09JAN2012400CE.NFO,07/01/2020,09:32:17,2.5,2.5,1500,2.55,2700,0,1280250
NIFTY09JAN2012400CE.NFO,07/01/2020,09:32:18,2.5,2.5,3900,2.55,5025,0,1280250
NIFTY09JAN2012400CE.NFO,07/01/2020,09:32:19,2.55,2.5,9600,2.6,4800,5100,1280250
NIFTY09JAN2012400CE.NFO,07/01/2020,09:32:21,2.55,2.55,1200,2.6,8625,225,1280250
NIFTY09JAN2012400CE.NFO,07/01/2020,09:32:22,2.5,2.5,12600,2.55,75,1275,1280250
NIFTY09JAN2012400CE.NFO,07/01/2020,09:32:23,2.55,2.55,2100,2.6,9450,2625,1280250
NIFTY09JAN2012400CE.NFO,07/01/2020,09:32:24,2.55,2.55,7725,2.6,8400,75,1280250
NIFTY09JAN2012400CE.NFO,07/01/2020,09:32:26,2.55,2.55,8250,2.6,7425,150,1280250
NIFTY09JAN2012400CE.NFO,07/01/2020,09:32:27,2.6,2.55,7125,2.6,3450,75,1280250
NIFTY09JAN2012400CE.NFO,07/01/2020,09:32:28,2.6,2.55,12900,2.65,9300,5625,1280250
NIFTY09JAN2012400CE.NFO,07/01/2020,09:32:30,2.6,2.6,2325,2.65,9300,1200,1280250
NIFTY09JAN2012400CE.NFO,07/01/2020,09:32:31,2.6,2.6,2700,2.65,6600,0,1280250
NIFTY09JAN2012400CE.NFO,07/01/2020,09:32:32,2.6,2.6,1950,2.65,6525,1200,1280250
NIFTY09JAN2012400CE.NFO,07/01/2020,09:32:33,2.6,2.6,4125,2.65,5850,0,1280250
NIFTY09JAN2012400CE.NFO,07/01/2020,09:32:34,2.65,2.6,4875,2.65,4200,525,1280250
NIFTY09JAN2012400CE.NFO,07/01/2020,09:32:36,2.6,2.6,4425,2.65,4200,450,1280250
NIFTY09JAN2012400CE.NFO,07/01/2020,09:32:37,2.6,2.6,2175,2.65,5625,75,1280250
NIFTY09JAN2012400CE.NFO,07/01/2020,09:32:38,2.6,2.6,3150,2.65,5475,900,1280250
NIFTY09JAN2012400CE.NFO,07/01/2020,09:32:39,2.6,2.6,3450,2.65,4650,3075,1280250
NIFTY09JAN2012400CE.NFO,07/01/2020,09:32:41,2.6,2.6,3825,2.65,4650,450,1280250
NIFTY09JAN2012400CE.NFO,07/01/2020,09:32:42,2.65,2.65,4200,2.7,8325,5100,1280250
NIFTY09JAN2012400CE.NFO,07/01/2020,09:32:43,2.65,2.65,4650,2.7,7575,0,1280250
NIFTY09JAN2012400CE.NFO,07/01/2020,09:32:45,2.65,2.65,3375,2.7,7200,975,1280250
NIFTY09JAN2012400CE.NFO,07/01/2020,09:32:46,2.7,2.65,4050,2.7,7350,225,1280250
NIFTY09JAN2012400CE.NFO,07/01/2020,09:32:47,2.7,2.65,3600,2.7,5925,300,1280250
NIFTY09JAN2012400CE.NFO,07/01/2020,09:32:48,2.65,2.6,2925,2.65,2100,3300,1280250
NIFTY09JAN2012400CE.NFO,07/01/2020,09:32:50,2.65,2.6,1950,2.65,7050,150,1280250
NIFTY09JAN2012400CE.NFO,07/01/2020,09:32:51,2.6,2.6,4350,2.65,3825,900,1280250
NIFTY09JAN2012400CE.NFO,07/01/2020,09:32:52,2.7,2.6,3075,2.65,3150,4950,1280250
NIFTY09JAN2012400CE.NFO,07/01/2020,09:32:53,2.65,2.6,6225,2.65,4950,225,1280250
NIFTY09JAN2012400CE.NFO,07/01/2020,09:32:54,2.65,2.6,3900,2.65,5100,0,1280250
NIFTY09JAN2012400CE.NFO,07/01/2020,09:32:55,2.65,2.6,10725,2.65,5100,0,1280250
NIFTY09JAN2012400CE.NFO,07/01/2020,09:32:57,2.65,2.6,7725,2.65,5700,150,1280250
NIFTY09JAN2012400CE.NFO,07/01/2020,09:32:58,2.65,2.65,3375,2.7,5925,4950,1280250
NIFTY09JAN2012400CE.NFO,07/01/2020,09:32:59,2.65,2.65,2250,2.7,5100,0,1280250
NIFTY09JAN2012400CE.NFO,07/01/2020,09:33:00,2.65,2.65,7200,2.7,5100,0,1280250
NIFTY09JAN2012400CE.NFO,07/01/2020,09:33:01,2.65,2.65,6525,2.7,5550,150,1280250
NIFTY09JAN2012400CE.NFO,07/01/2020,09:33:02,2.65,2.65,6150,2.7,7725,0,1280250
NIFTY09JAN2012400CE.NFO,07/01/2020,09:33:03,2.65,2.65,6375,2.7,23700,0,1280250
NIFTY09JAN2012400CE.NFO,07/01/2020,09:33:05,2.65,2.65,5475,2.7,24600,150,1280250
NIFTY09JAN2012400CE.NFO,07/01/2020,09:33:06,2.65,2.65,6150,2.7,24600,0,1280250
NIFTY09JAN2012400CE.NFO,07/01/2020,09:33:07,2.65,2.65,7650,2.7,23850,75,1280250
NIFTY09JAN2012400CE.NFO,07/01/2020,09:33:08,2.7,2.65,5625,2.7,24375,225,1280250
NIFTY09JAN2012400CE.NFO,07/01/2020,09:33:09,2.7,2.65,9000,2.7,21675,900,1280250
NIFTY09JAN2012400CE.NFO,07/01/2020,09:33:11,2.7,2.65,8700,2.7,20850,900,1280250
NIFTY09JAN2012400CE.NFO,07/01/2020,09:33:12,2.7,2.7,7875,2.75,5475,1350,1280250
NIFTY09JAN2012400CE.NFO,07/01/2020,09:33:13,2.7,2.7,12000,2.75,6375,675,1280250
NIFTY09JAN2012400CE.NFO,07/01/2020,09:33:14,2.7,2.7,12600,2.75,1650,1200,1280250
NIFTY09JAN2012400CE.NFO,07/01/2020,09:33:15,2.7,2.7,11400,2.75,5250,0,1280250
NIFTY09JAN2012400CE.NFO,07/01/2020,09:33:16,2.75,2.7,9600,2.75,6825,4050,1280250
NIFTY09JAN2012400CE.NFO,07/01/2020,09:33:17,2.7,2.7,7575,2.75,7875,975,1280250
NIFTY09JAN2012400CE.NFO,07/01/2020,09:33:18,2.7,2.7,5175,2.75,7875,2025,1280250
NIFTY09JAN2012400CE.NFO,07/01/2020,09:33:19,2.65,2.65,7200,2.7,3450,5400,1280250
NIFTY09JAN2012400CE.NFO,07/01/2020,09:33:20,2.75,2.65,10875,2.75,7950,4200,1280250
NIFTY09JAN2012400CE.NFO,07/01/2020,09:33:21,2.7,2.65,8475,2.7,975,5100,1280250
NIFTY09JAN2012400CE.NFO,07/01/2020,09:33:22,2.7,2.65,6150,2.7,225,1950,1280250
NIFTY09JAN2012400CE.NFO,07/01/2020,09:33:23,2.65,2.65,7200,2.75,13275,4725,1280250
NIFTY09JAN2012400CE.NFO,07/01/2020,09:33:24,2.75,2.65,7500,2.7,1425,4500,1280250
NIFTY09JAN2012400CE.NFO,07/01/2020,09:33:25,2.7,2.65,7425,2.7,6975,825,1280250
NIFTY09JAN2012400CE.NFO,07/01/2020,09:33:26,2.7,2.65,8100,2.7,6825,75,1280250
NIFTY09JAN2012400CE.NFO,07/01/2020,09:33:27,2.7,2.65,7725,2.7,6825,0,1280250
NIFTY09JAN2012400CE.NFO,07/01/2020,09:33:28,2.7,2.65,5925,2.7,1875,0,1280250
NIFTY09JAN2012400CE.NFO,07/01/2020,09:33:29,2.7,2.65,5625,2.7,3525,0,1280250
NIFTY09JAN2012400CE.NFO,07/01/2020,09:33:30,2.7,2.65,5325,2.7,3300,975,1280250
NIFTY09JAN2012400CE.NFO,07/01/2020,09:33:31,2.7,2.65,5250,2.7,1725,0,1280250
NIFTY09JAN2012400CE.NFO,07/01/2020,09:33:32,2.7,2.65,5325,2.7,6675,0,1280250
NIFTY09JAN2012400CE.NFO,07/01/2020,09:33:34,2.7,2.65,3300,2.7,13875,0,1280250
NIFTY09JAN2012400CE.NFO,07/01/2020,09:33:34,2.7,2.65,3525,2.7,13875,0,1280250
NIFTY09JAN2012400CE.NFO,07/01/2020,09:33:35,2.7,2.65,5700,2.7,13200,0,1280250
NIFTY09JAN2012400CE.NFO,07/01/2020,09:33:38,2.7,2.65,6075,2.7,11025,2250,1280250
NIFTY09JAN2012400CE.NFO,07/01/2020,09:33:39,2.7,2.65,6375,2.7,10950,75,1280250
NIFTY09JAN2012400CE.NFO,07/01/2020,09:33:39,2.7,2.65,8100,2.7,9300,1500,1280250
NIFTY09JAN2012400CE.NFO,07/01/2020,09:33:40,2.7,2.65,9825,2.7,10125,75,1280250
NIFTY09JAN2012400CE.NFO,07/01/2020,09:33:41,2.7,2.65,8925,2.7,3525,4500,1280250
NIFTY09JAN2012400CE.NFO,07/01/2020,09:33:42,2.7,2.7,3675,2.75,5175,3675,1280250
NIFTY09JAN2012400CE.NFO,07/01/2020,09:33:44,2.7,2.7,1950,2.75,5475,0,1280250
NIFTY09JAN2012400CE.NFO,07/01/2020,09:33:44,2.7,2.7,2250,2.75,7125,0,1280250
NIFTY09JAN2012400CE.NFO,07/01/2020,09:33:45,2.7,2.7,1500,2.75,9450,0,1280250
NIFTY09JAN2012400CE.NFO,07/01/2020,09:33:46,2.7,2.65,10650,2.75,11850,2400,1280250
NIFTY09JAN2012400CE.NFO,07/01/2020,09:33:48,2.7,2.65,8625,2.7,1800,0,1280250
NIFTY09JAN2012400CE.NFO,07/01/2020,09:33:49,2.7,2.65,7950,2.7,1725,75,1280250
NIFTY09JAN2012400CE.NFO,07/01/2020,09:33:50,2.7,2.65,8925,2.7,1350,375,1280250
NIFTY09JAN2012400CE.NFO,07/01/2020,09:33:51,2.7,2.65,8925,2.7,1125,225,1280250
NIFTY09JAN2012400CE.NFO,07/01/2020,09:33:51,2.7,2.65,8925,2.7,1050,75,1280250
NIFTY09JAN2012400CE.NFO,07/01/2020,09:33:52,2.7,2.65,8925,2.7,1050,0,1280250
NIFTY09JAN2012400CE.NFO,07/01/2020,09:33:53,2.7,2.65,8025,2.7,300,750,1280250
NIFTY09JAN2012400CE.NFO,07/01/2020,09:33:54,2.7,2.65,9000,2.7,300,0,1280250
NIFTY09JAN2012400CE.NFO,07/01/2020,09:33:55,2.75,2.7,2475,2.75,8475,375,1280250
NIFTY09JAN2012400CE.NFO,07/01/2020,09:33:56,2.75,2.7,3600,2.75,7350,1050,1280250
NIFTY09JAN2012400CE.NFO,07/01/2020,09:33:57,2.75,2.7,9075,2.75,7200,0,1280250
NIFTY09JAN2012400CE.NFO,07/01/2020,09:33:58,2.7,2.7,8925,2.75,6525,225,1280250
NIFTY09JAN2012400CE.NFO,07/01/2020,09:34:00,2.7,2.7,9000,2.75,5250,0,1280250
NIFTY09JAN2012400CE.NFO,07/01/2020,09:34:02,2.75,2.75,3525,2.8,4200,6825,1280250
NIFTY09JAN2012400CE.NFO,07/01/2020,09:34:02,2.75,2.75,5775,2.8,2550,0,1280250
NIFTY09JAN2012400CE.NFO,07/01/2020,09:34:04,2.75,2.75,6225,2.8,3000,3750,1280250
NIFTY09JAN2012400CE.NFO,07/01/2020,09:34:05,2.75,2.75,1650,2.8,3000,0,1280250
NIFTY09JAN2012400CE.NFO,07/01/2020,09:34:06,2.75,2.7,13350,2.8,5925,1275,1280250
NIFTY09JAN2012400CE.NFO,07/01/2020,09:34:06,2.75,2.7,12975,2.8,6300,0,1280250
NIFTY09JAN2012400CE.NFO,07/01/2020,09:34:07,2.75,2.7,7275,2.75,8100,300,1280250
NIFTY09JAN2012400CE.NFO,07/01/2020,09:34:08,2.7,2.7,6975,2.75,9675,150,1280250
NIFTY09JAN2012400CE.NFO,07/01/2020,09:34:09,2.75,2.7,8175,2.75,6450,150,1280250
NIFTY09JAN2012400CE.NFO,07/01/2020,09:34:10,2.75,2.7,8175,2.75,6450,0,1280250
NIFTY09JAN2012400CE.NFO,07/01/2020,09:34:11,2.75,2.7,7800,2.75,8250,825,1280250
NIFTY09JAN2012400CE.NFO,07/01/2020,09:34:12,2.75,2.7,7125,2.75,7500,0,1280250
NIFTY09JAN2012400CE.NFO,07/01/2020,09:34:13,2.75,2.7,8175,2.75,5100,0,1280250
NIFTY09JAN2012400CE.NFO,07/01/2020,09:34:14,2.75,2.7,8250,2.75,5925,300,1280250
NIFTY09JAN2012400CE.NFO,07/01/2020,09:34:15,2.75,2.7,7050,2.75,7800,0,1280250
NIFTY09JAN2012400CE.NFO,07/01/2020,09:34:16,2.75,2.7,10425,2.75,8325,75,1280250
NIFTY09JAN2012400CE.NFO,07/01/2020,09:34:17,2.7,2.7,8100,2.75,8325,450,1280250
NIFTY09JAN2012400CE.NFO,07/01/2020,09:34:18,2.7,2.7,7350,2.75,8100,825,1280250
NIFTY09JAN2012400CE.NFO,07/01/2020,09:34:19,2.65,2.65,4650,2.7,5325,9225,1280250
NIFTY09JAN2012400CE.NFO,07/01/2020,09:34:20,2.7,2.65,6225,2.7,7725,1050,1280250
NIFTY09JAN2012400CE.NFO,07/01/2020,09:34:21,2.7,2.65,3600,2.7,8400,0,1280250
NIFTY09JAN2012400CE.NFO,07/01/2020,09:34:22,2.7,2.65,1575,2.7,8700,600,1280250
NIFTY09JAN2012400CE.NFO,07/01/2020,09:34:23,2.6,2.6,8625,2.7,17250,2775,1280250
NIFTY09JAN2012400CE.NFO,07/01/2020,09:34:24,2.65,2.6,8550,2.65,4650,750,1280250
NIFTY09JAN2012400CE.NFO,07/01/2020,09:34:25,2.65,2.6,6300,2.65,4575,75,1280250
NIFTY09JAN2012400CE.NFO,07/01/2020,09:34:26,2.65,2.6,1350,2.65,6375,0,1280250
NIFTY09JAN2012400CE.NFO,07/01/2020,09:34:27,2.65,2.6,1725,2.65,5925,0,1280250
NIFTY09JAN2012400CE.NFO,07/01/2020,09:34:28,2.55,2.55,8775,2.6,4950,2250,1280250
NIFTY09JAN2012400CE.NFO,07/01/2020,09:34:30,2.6,2.55,6075,2.6,2400,375,1280250
NIFTY09JAN2012400CE.NFO,07/01/2020,09:34:30,2.6,2.55,6975,2.6,2400,0,1280250
NIFTY09JAN2012400CE.NFO,07/01/2020,09:34:31,2.6,2.55,7650,2.6,3000,0,1280250
NIFTY09JAN2012400CE.NFO,07/01/2020,09:34:32,2.6,2.55,6975,2.6,5400,675,1280250
NIFTY09JAN2012400CE.NFO,07/01/2020,09:34:33,2.6,2.55,6675,2.6,4350,375,1280250
NIFTY09JAN2012400CE.NFO,07/01/2020,09:34:34,2.55,2.5,7350,2.6,9450,6150,1280250
NIFTY09JAN2012400CE.NFO,07/01/2020,09:34:36,2.55,2.5,8250,2.55,2025,300,1280250
NIFTY09JAN2012400CE.NFO,07/01/2020,09:34:37,2.55,2.5,8325,2.55,2025,0,1280250
NIFTY09JAN2012400CE.NFO,07/01/2020,09:34:38,2.55,2.55,4200,2.6,5700,2025,1280250
NIFTY09JAN2012400CE.NFO,07/01/2020,09:34:39,2.6,2.55,3900,2.6,7050,450,1280250
NIFTY09JAN2012400CE.NFO,07/01/2020,09:34:40,2.6,2.55,4575,2.6,9675,300,1280250
NIFTY09JAN2012400CE.NFO,07/01/2020,09:34:42,2.6,2.55,4650,2.6,8325,600,1280250
NIFTY09JAN2012400CE.NFO,07/01/2020,09:34:42,2.6,2.55,4650,2.6,8325,0,1280250
NIFTY09JAN2012400CE.NFO,07/01/2020,09:34:43,2.6,2.55,5025,2.6,7650,0,1280250
NIFTY09JAN2012400CE.NFO,07/01/2020,09:34:44,2.55,2.5,9750,2.6,9600,4575,1280250
NIFTY09JAN2012400CE.NFO,07/01/2020,09:34:45,2.55,2.5,5250,2.55,3750,600,1280250
NIFTY09JAN2012400CE.NFO,07/01/2020,09:34:46,2.55,2.5,5250,2.55,2850,0,1280250
NIFTY09JAN2012400CE.NFO,07/01/2020,09:34:47,2.55,2.5,4500,2.55,2850,0,1280250
NIFTY09JAN2012400CE.NFO,07/01/2020,09:34:48,2.5,2.5,2550,2.55,5850,1950,1280250
NIFTY09JAN2012400CE.NFO,07/01/2020,09:34:49,2.5,2.5,4950,2.55,8700,0,1280250
NIFTY09JAN2012400CE.NFO,07/01/2020,09:34:50,2.5,2.5,5250,2.55,8475,0,1280250
NIFTY09JAN2012400CE.NFO,07/01/2020,09:34:51,2.5,2.5,3225,2.55,8700,750,1280250
NIFTY09JAN2012400CE.NFO,07/01/2020,09:34:52,2.5,2.5,900,2.55,8775,0,1280250
NIFTY09JAN2012400CE.NFO,07/01/2020,09:34:53,2.5,2.45,9375,2.5,3900,975,1280250
NIFTY09JAN2012400CE.NFO,07/01/2020,09:34:54,2.5,2.45,7125,2.5,5625,0,1280250
NIFTY09JAN2012400CE.NFO,07/01/2020,09:34:55,2.5,2.45,9750,2.5,4650,0,1280250
NIFTY09JAN2012400CE.NFO,07/01/2020,09:34:56,2.45,2.45,7050,2.5,3900,2325,1280250
NIFTY09JAN2012400CE.NFO,07/01/2020,09:34:57,2.45,2.45,7725,2.5,3300,0,1280250
NIFTY09JAN2012400CE.NFO,07/01/2020,09:34:58,2.45,2.45,8175,2.5,900,0,1280250
NIFTY09JAN2012400CE.NFO,07/01/2020,09:34:59,2.5,2.5,7275,2.55,8175,900,1280250
NIFTY09JAN2012400CE.NFO,07/01/2020,09:35:00,2.5,2.5,6000,2.55,7425,0,1280250
NIFTY09JAN2012400CE.NFO,07/01/2020,09:35:01,2.5,2.5,7950,2.55,7425,0,1280250
NIFTY09JAN2012400CE.NFO,07/01/2020,09:35:02,2.5,2.5,5550,2.55,3450,0,1280250
NIFTY09JAN2012400CE.NFO,07/01/2020,09:35:03,2.5,2.5,4800,2.55,4575,0,1280250
NIFTY09JAN2012400CE.NFO,07/01/2020,09:35:04,2.5,2.5,2775,2.55,9000,0,1280250
NIFTY09JAN2012400CE.NFO,07/01/2020,09:35:05,2.5,2.5,5250,2.55,7200,0,1280250
NIFTY09JAN2012400CE.NFO,07/01/2020,09:35:06,2.5,2.5,5325,2.55,6225,225,1280250
NIFTY09JAN2012400CE.NFO,07/01/2020,09:35:07,2.55,2.5,4125,2.55,9000,75,1280250
NIFTY09JAN2012400CE.NFO,07/01/2020,09:35:08,2.55,2.5,1575,2.55,9150,900,1280250
NIFTY09JAN2012400CE.NFO,07/01/2020,09:35:09,2.55,2.5,5475,2.55,6225,0,1280250
NIFTY09JAN2012400CE.NFO,07/01/2020,09:35:10,2.55,2.5,5850,2.55,5925,300,1280250
NIFTY09JAN2012400CE.NFO,07/01/2020,09:35:11,2.55,2.5,5850,2.55,5100,300,1280250
NIFTY09JAN2012400CE.NFO,07/01/2020,09:35:12,2.55,2.5,6225,2.55,5475,0,1279350
NIFTY09JAN2012400CE.NFO,07/01/2020,09:35:13,2.55,2.5,6825,2.55,5475,0,1279350
NIFTY09JAN2012400CE.NFO,07/01/2020,09:35:15,2.5,2.5,6750,2.55,5025,150,1279350
NIFTY09JAN2012400CE.NFO,07/01/2020,09:35:16,2.55,2.5,6750,2.55,4800,225,1279350
NIFTY09JAN2012400CE.NFO,07/01/2020,09:35:17,2.55,2.5,6825,2.55,3000,1800,1279350
NIFTY09JAN2012400CE.NFO,07/01/2020,09:35:18,2.55,2.55,750,2.6,13125,600,1279350
NIFTY09JAN2012400CE.NFO,07/01/2020,09:35:20,2.55,2.5,12450,2.6,13275,0,1279350
NIFTY09JAN2012400CE.NFO,07/01/2020,09:35:21,2.55,2.5,6450,2.55,6525,0,1279350
NIFTY09JAN2012400CE.NFO,07/01/2020,09:35:22,2.55,2.5,4875,2.55,7050,0,1279350
NIFTY09JAN2012400CE.NFO,07/01/2020,09:35:23,2.55,2.5,5100,2.55,6750,0,1279350
NIFTY09JAN2012400CE.NFO,07/01/2020,09:35:24,2.55,2.5,4125,2.55,10350,0,1279350
NIFTY09JAN2012400CE.NFO,07/01/2020,09:35:25,2.55,2.5,4200,2.55,8400,0,1279350
NIFTY09JAN2012400CE.NFO,07/01/2020,09:35:26,2.5,2.5,1800,2.55,9150,225,1279350
NIFTY09JAN2012400CE.NFO,07/01/2020,09:35:27,2.5,2.5,4500,2.55,8925,0,1279350
NIFTY09JAN2012400CE.NFO,07/01/2020,09:35:28,2.5,2.5,4500,2.55,8775,0,1279350
NIFTY09JAN2012400CE.NFO,07/01/2020,09:35:29,2.55,2.5,2550,2.55,10800,375,1279350
NIFTY09JAN2012400CE.NFO,07/01/2020,09:35:31,2.5,2.5,2400,2.55,10800,150,1279350
NIFTY09JAN2012400CE.NFO,07/01/2020,09:35:32,2.5,2.5,1950,2.55,10425,450,1279350
NIFTY09JAN2012400CE.NFO,07/01/2020,09:35:33,2.5,2.5,4200,2.55,10425,150,1279350
NIFTY09JAN2012400CE.NFO,07/01/2020,09:35:34,2.5,2.5,2175,2.55,10425,0,1279350
NIFTY09JAN2012400CE.NFO,07/01/2020,09:35:36,2.55,2.5,2250,2.55,10350,75,1279350
NIFTY09JAN2012400CE.NFO,07/01/2020,09:35:37,2.45,2.45,8700,2.55,12750,4050,1279350
NIFTY09JAN2012400CE.NFO,07/01/2020,09:35:38,2.45,2.45,6225,2.5,8850,0,1279350
NIFTY09JAN2012400CE.NFO,07/01/2020,09:35:39,2.45,2.45,6000,2.5,8850,0,1279350
NIFTY09JAN2012400CE.NFO,07/01/2020,09:35:41,2.45,2.45,2250,2.5,9150,0,1279350
NIFTY09JAN2012400CE.NFO,07/01/2020,09:35:42,2.45,2.4,4875,2.45,675,2250,1279350
NIFTY09JAN2012400CE.NFO,07/01/2020,09:35:43,2.45,2.4,2625,2.45,4875,300,1279350
NIFTY09JAN2012400CE.NFO,07/01/2020,09:35:44,2.45,2.4,1650,2.45,5025,300,1279350
NIFTY09JAN2012400CE.NFO,07/01/2020,09:35:45,2.45,2.35,10275,2.45,9825,1575,1279350
NIFTY09JAN2012400CE.NFO,07/01/2020,09:35:46,2.45,2.35,9375,2.45,11175,75,1279350
NIFTY09JAN2012400CE.NFO,07/01/2020,09:35:48,2.45,2.35,11250,2.45,7800,0,1279350
NIFTY09JAN2012400CE.NFO,07/01/2020,09:35:49,2.4,2.4,1275,2.45,4950,6225,1279350
NIFTY09JAN2012400CE.NFO,07/01/2020,09:35:50,2.4,2.4,4800,2.45,2175,0,1279350
NIFTY09JAN2012400CE.NFO,07/01/2020,09:35:51,2.45,2.4,13575,2.5,16650,2175,1279350
NIFTY09JAN2012400CE.NFO,07/01/2020,09:35:52,2.45,2.45,3000,2.5,12300,0,1279350
NIFTY09JAN2012400CE.NFO,07/01/2020,09:35:54,2.45,2.45,3375,2.5,12300,0,1279350
NIFTY09JAN2012400CE.NFO,07/01/2020,09:35:55,2.45,2.45,4575,2.5,12300,0,1279350
NIFTY09JAN2012400CE.NFO,07/01/2020,09:35:56,2.45,2.4,11325,2.5,13050,0,1279350
NIFTY09JAN2012400CE.NFO,07/01/2020,09:35:57,2.45,2.4,8325,2.45,2925,900,1279350
NIFTY09JAN2012400CE.NFO,07/01/2020,09:35:58,2.4,2.4,8025,2.45,2925,300,1279350
NIFTY09JAN2012400CE.NFO,07/01/2020,09:35:59,2.4,2.4,8250,2.45,7425,0,1279350
NIFTY09JAN2012400CE.NFO,07/01/2020,09:36:00,2.4,2.4,8250,2.45,7800,0,1279350
NIFTY09JAN2012400CE.NFO,07/01/2020,09:36:01,2.4,2.4,8100,2.45,7425,0,1279350
NIFTY09JAN2012400CE.NFO,07/01/2020,09:36:02,2.4,2.4,5700,2.45,7800,0,1279350
NIFTY09JAN2012400CE.NFO,07/01/2020,09:36:04,2.4,2.4,5850,2.45,9375,0,1279350
NIFTY09JAN2012400CE.NFO,07/01/2020,09:36:06,2.4,2.4,8625,2.45,9300,0,1279350
NIFTY09JAN2012400CE.NFO,07/01/2020,09:36:07,2.45,2.4,8625,2.45,9825,75,1279350
NIFTY09JAN2012400CE.NFO,07/01/2020,09:36:08,2.45,2.4,8625,2.45,9075,750,1279350
NIFTY09JAN2012400CE.NFO,07/01/2020,09:36:09,2.4,2.4,8100,2.45,9075,600,1279350
NIFTY09JAN2012400CE.NFO,07/01/2020,09:36:10,2.4,2.4,8325,2.45,8700,0,1279350
NIFTY09JAN2012400CE.NFO,07/01/2020,09:36:11,2.4,2.4,8325,2.45,8325,0,1279350
NIFTY09JAN2012400CE.NFO,07/01/2020,09:36:12,2.4,2.4,8325,2.45,7950,0,1279350
NIFTY09JAN2012400CE.NFO,07/01/2020,09:36:14,2.45,2.45,525,2.5,11925,7950,1279350
NIFTY09JAN2012400CE.NFO,07/01/2020,09:36:15,2.45,2.45,525,2.5,12000,0,1279350
NIFTY09JAN2012400CE.NFO,07/01/2020,09:36:16,2.45,2.45,2925,2.5,11625,0,1279350
NIFTY09JAN2012400CE.NFO,07/01/2020,09:36:17,2.45,2.45,5775,2.5,8550,0,1279350
NIFTY09JAN2012400CE.NFO,07/01/2020,09:36:18,2.5,2.45,3000,2.5,8325,75,1279350
NIFTY09JAN2012400CE.NFO,07/01/2020,09:36:19,2.5,2.45,5325,2.5,8400,0,1279350
NIFTY09JAN2012400CE.NFO,07/01/2020,09:36:20,2.45,2.45,2925,2.5,9150,75,1279350
NIFTY09JAN2012400CE.NFO,07/01/2020,09:36:21,2.45,2.4,7500,2.45,750,2475,1279350
NIFTY09JAN2012400CE.NFO,07/01/2020,09:36:22,2.45,2.4,11400,2.5,13425,0,1279350
NIFTY09JAN2012400CE.NFO,07/01/2020,09:36:23,2.45,2.4,8400,2.45,75,0,1279350
NIFTY09JAN2012400CE.NFO,07/01/2020,09:36:24,2.45,2.4,8475,2.45,75,0,1279350
NIFTY09JAN2012400CE.NFO,07/01/2020,09:36:25,2.45,2.45,3150,2.5,9750,75,1279350
NIFTY09JAN2012400CE.NFO,07/01/2020,09:36:26,2.45,2.45,4500,2.5,8775,0,1279350
NIFTY09JAN2012400CE.NFO,07/01/2020,09:36:27,2.45,2.45,3375,2.5,9000,0,1279350
NIFTY09JAN2012400CE.NFO,07/01/2020,09:36:28,2.5,2.45,7050,2.5,5175,2250,1279350
NIFTY09JAN2012400CE.NFO,07/01/2020,09:36:29,2.5,2.45,7125,2.5,1800,2250,1279350
NIFTY09JAN2012400CE.NFO,07/01/2020,09:36:31,2.5,2.45,7125,2.5,1800,0,1279350
NIFTY09JAN2012400CE.NFO,07/01/2020,09:36:32,2.5,2.45,9225,2.5,1800,0,1279350
NIFTY09JAN2012400CE.NFO,07/01/2020,09:36:33,2.5,2.45,11475,2.55,9825,3225,1279350
NIFTY09JAN2012400CE.NFO,07/01/2020,09:36:34,2.5,2.45,12300,2.55,10125,75,1279350
NIFTY09JAN2012400CE.NFO,07/01/2020,09:36:35,2.5,2.45,12600,2.55,10650,600,1279350
NIFTY09JAN2012400CE.NFO,07/01/2020,09:36:36,2.5,2.45,11625,2.55,10950,0,1279350
NIFTY09JAN2012400CE.NFO,07/01/2020,09:36:37,2.5,2.45,11400,2.55,10950,0,1279350
NIFTY09JAN2012400CE.NFO,07/01/2020,09:36:38,2.5,2.45,11100,2.55,10950,0,1279350
NIFTY09JAN2012400CE.NFO,07/01/2020,09:36:39,2.5,2.45,5775,2.5,1050,450,1279350
NIFTY09JAN2012400CE.NFO,07/01/2020,09:36:40,2.5,2.45,5700,2.5,525,300,1279350
NIFTY09JAN2012400CE.NFO,07/01/2020,09:36:41,2.5,2.45,5250,2.5,1650,75,1279350
NIFTY09JAN2012400CE.NFO,07/01/2020,09:36:42,2.5,2.45,4275,2.5,3975,75,1279350
NIFTY09JAN2012400CE.NFO,07/01/2020,09:36:44,2.5,2.45,5025,2.5,2325,1050,1279350
NIFTY09JAN2012400CE.NFO,07/01/2020,09:36:45,2.5,2.45,7275,2.5,1800,0,1279350
NIFTY09JAN2012400CE.NFO,07/01/2020,09:36:46,2.5,2.45,5325,2.5,4650,0,1279350
NIFTY09JAN2012400CE.NFO,07/01/2020,09:36:46,2.5,2.45,5625,2.5,2925,0,1279350
NIFTY09JAN2012400CE.NFO,07/01/2020,09:36:48,2.5,2.45,5400,2.5,1800,0,1279350
NIFTY09JAN2012400CE.NFO,07/01/2020,09:36:49,2.5,2.45,5625,2.5,1800,0,1279350
NIFTY09JAN2012400CE.NFO,07/01/2020,09:36:50,2.5,2.45,7875,2.5,2100,0,1279350
NIFTY09JAN2012400CE.NFO,07/01/2020,09:36:51,2.5,2.45,7500,2.5,1800,0,1279350
NIFTY09JAN2012400CE.NFO,07/01/2020,09:36:52,2.5,2.45,7350,2.5,300,75,1279350
NIFTY09JAN2012400CE.NFO,07/01/2020,09:36:53,2.5,2.45,7425,2.5,225,75,1279350
NIFTY09JAN2012400CE.NFO,07/01/2020,09:36:54,2.5,2.5,1875,2.55,10500,225,1279350
NIFTY09JAN2012400CE.NFO,07/01/2020,09:36:55,2.5,2.5,4200,2.55,10500,0,1279350
NIFTY09JAN2012400CE.NFO,07/01/2020,09:36:56,2.5,2.5,4725,2.55,9525,0,1279350
NIFTY09JAN2012400CE.NFO,07/01/2020,09:36:57,2.5,2.5,2625,2.55,8850,0,1279350
NIFTY09JAN2012400CE.NFO,07/01/2020,09:36:58,2.5,2.5,2850,2.55,8850,0,1279350
NIFTY09JAN2012400CE.NFO,07/01/2020,09:36:59,2.5,2.5,1575,2.55,9900,300,1279350
NIFTY09JAN2012400CE.NFO,07/01/2020,09:37:00,2.5,2.45,7425,2.5,975,1575,1279350
NIFTY09JAN2012400CE.NFO,07/01/2020,09:37:01,2.5,2.45,5475,2.5,2925,0,1279350
NIFTY09JAN2012400CE.NFO,07/01/2020,09:37:02,2.5,2.45,7500,2.5,2325,75,1279350
NIFTY09JAN2012400CE.NFO,07/01/2020,09:37:03,2.5,2.45,4725,2.5,4350,0,1279350
NIFTY09JAN2012400CE.NFO,07/01/2020,09:37:05,2.5,2.45,4275,2.5,2325,0,1279350
NIFTY09JAN2012400CE.NFO,07/01/2020,09:37:06,2.5,2.45,6450,2.5,2325,0,1279350
NIFTY09JAN2012400CE.NFO,07/01/2020,09:37:07,2.45,2.45,6375,2.5,2325,150,1279350
NIFTY09JAN2012400CE.NFO,07/01/2020,09:37:08,2.45,2.45,7275,2.5,2100,0,1279350
NIFTY09JAN2012400CE.NFO,07/01/2020,09:37:09,2.45,2.45,4350,2.5,4500,0,1279350
NIFTY09JAN2012400CE.NFO,07/01/2020,09:37:10,2.45,2.45,6300,2.5,2100,0,1279350
NIFTY09JAN2012400CE.NFO,07/01/2020,09:37:11,2.45,2.45,6300,2.5,2175,0,1279350
NIFTY09JAN2012400CE.NFO,07/01/2020,09:37:12,2.45,2.45,4725,2.5,3300,0,1279350
NIFTY09JAN2012400CE.NFO,07/01/2020,09:37:14,2.5,2.45,4650,2.5,3225,75,1279350
NIFTY09JAN2012400CE.NFO,07/01/2020,09:37:15,2.5,2.45,4350,2.5,4650,0,1279350
NIFTY09JAN2012400CE.NFO,07/01/2020,09:37:16,2.5,2.45,4350,2.5,2475,0,1279350
NIFTY09JAN2012400CE.NFO,07/01/2020,09:37:17,2.5,2.45,6450,2.5,1725,375,1279350
NIFTY09JAN2012400CE.NFO,07/01/2020,09:37:19,2.5,2.45,4425,2.5,4275,0,1279350
NIFTY09JAN2012400CE.NFO,07/01/2020,09:37:19,2.5,2.45,5025,2.5,3750,75,1279350
NIFTY09JAN2012400CE.NFO,07/01/2020,09:37:20,2.45,2.45,4575,2.5,4425,450,1279350
NIFTY09JAN2012400CE.NFO,07/01/2020,09:37:21,2.45,2.45,4500,2.5,6900,0,1279350
NIFTY09JAN2012400CE.NFO,07/01/2020,09:37:23,2.45,2.45,3525,2.5,7650,300,1279350
NIFTY09JAN2012400CE.NFO,07/01/2020,09:37:23,2.45,2.45,2025,2.5,7650,0,1279350
NIFTY09JAN2012400CE.NFO,07/01/2020,09:37:25,2.45,2.45,1125,2.5,7650,300,1279350
NIFTY09JAN2012400CE.NFO,07/01/2020,09:37:26,2.45,2.45,1125,2.5,8250,0,1279350
NIFTY09JAN2012400CE.NFO,07/01/2020,09:37:27,2.45,2.45,2625,2.5,9600,0,1279350
NIFTY09JAN2012400CE.NFO,07/01/2020,09:37:28,2.5,2.45,2625,2.5,9225,150,1279350
NIFTY09JAN2012400CE.NFO,07/01/2020,09:37:29,2.45,2.4,9975,2.45,1275,2625,1279350
NIFTY09JAN2012400CE.NFO,07/01/2020,09:37:30,2.45,2.4,9300,2.45,225,375,1279350
NIFTY09JAN2012400CE.NFO,07/01/2020,09:37:31,2.45,2.4,6075,2.45,4275,0,1279350
NIFTY09JAN2012400CE.NFO,07/01/2020,09:37:32,2.45,2.4,8100,2.45,4200,75,1279350
NIFTY09JAN2012400CE.NFO,07/01/2020,09:37:33,2.45,2.4,5325,2.45,6675,0,1279350
NIFTY09JAN2012400CE.NFO,07/01/2020,09:37:34,2.4,2.4,5250,2.45,6675,75,1279350
