Ticker,Date,Time,LTP,BuyPrice,BuyQty,SellPrice,SellQty,LTQ,OpenInterest
NIFTY27FEB2011700CE.NFO,07/01/2020,09:22:18,595,592.4,75,595,225,75,0
NIFTY27FEB2011700CE.NFO,07/01/2020,09:22:18,595,592.4,75,595,225,0,0
NIFTY27FEB2011700CE.NFO,07/01/2020,09:22:18,595,592.4,75,595,225,0,0
NIFTY27FEB2011700CE.NFO,07/01/2020,09:22:18,595,592.4,75,595,225,0,0
NIFTY27FEB2011700CE.NFO,07/01/2020,09:22:19,595,592.45,825,595,225,0,14400
NIFTY27FEB2011700CE.NFO,07/01/2020,09:22:20,595,593.15,75,595,150,75,14400
NIFTY27FEB2011700CE.NFO,07/01/2020,09:22:21,595,592.8,750,595,150,0,14400
NIFTY27FEB2011700CE.NFO,07/01/2020,09:22:23,595,592.8,750,602.65,75,150,14400
NIFTY27FEB2011700CE.NFO,07/01/2020,09:22:25,595,592.8,750,602.6,75,0,14400
NIFTY27FEB2011700CE.NFO,07/01/2020,09:22:29,595,592.8,750,601.75,75,0,14400
NIFTY27FEB2011700CE.NFO,07/01/2020,09:22:30,595,592.8,750,601.45,75,0,14400
NIFTY27FEB2011700CE.NFO,07/01/2020,09:22:33,595,592.8,750,601.85,75,0,14400
NIFTY27FEB2011700CE.NFO,07/01/2020,09:22:38,595,593.45,750,601.85,75,0,14400
NIFTY27FEB2011700CE.NFO,07/01/2020,09:22:56,595,593.45,750,602.25,75,0,14400
NIFTY27FEB2011700CE.NFO,07/01/2020,09:23:17,595,590.6,750,602.25,75,0,14400
NIFTY27FEB2011700CE.NFO,07/01/2020,09:23:19,595,590.95,750,602.25,75,0,14400
NIFTY27FEB2011700CE.NFO,07/01/2020,09:23:20,595,591.3,750,602.25,75,0,14400
NIFTY27FEB2011700CE.NFO,07/01/2020,09:23:25,595,592.3,750,602.25,75,0,14400
NIFTY27FEB2011700CE.NFO,07/01/2020,09:23:58,595,592.75,750,602.65,75,0,14400
NIFTY27FEB2011700CE.NFO,07/01/2020,09:24:07,595,592.75,825,602.65,75,0,14400
NIFTY27FEB2011700CE.NFO,07/01/2020,09:24:08,595,592.75,750,602.65,75,0,14400
NIFTY27FEB2011700CE.NFO,07/01/2020,09:24:19,595,592.75,750,600.1,75,0,14400
NIFTY27FEB2011700CE.NFO,07/01/2020,09:24:21,595,592.75,750,600.5,75,0,14400
NIFTY27FEB2011700CE.NFO,07/01/2020,09:24:23,595,592.75,750,600.9,75,0,14400
NIFTY27FEB2011700CE.NFO,07/01/2020,09:24:33,595,590.75,750,600.9,75,0,14400
NIFTY27FEB2011700CE.NFO,07/01/2020,09:25:01,595,590.75,750,595,300,0,14400
NIFTY27FEB2011700CE.NFO,07/01/2020,09:26:14,595,587.95,750,595,300,0,14400
NIFTY27FEB2011700CE.NFO,07/01/2020,09:26:32,595,588.25,750,595,300,0,14400
NIFTY27FEB2011700CE.NFO,07/01/2020,09:26:40,595,586.35,750,595,375,0,14400
NIFTY27FEB2011700CE.NFO,07/01/2020,09:26:42,595,586.35,750,595,300,0,14400
NIFTY27FEB2011700CE.NFO,07/01/2020,09:26:44,595,586.45,150,595,300,0,14400
NIFTY27FEB2011700CE.NFO,07/01/2020,09:26:45,595,587.2,750,595,300,0,14400
NIFTY27FEB2011700CE.NFO,07/01/2020,09:26:46,595,587.2,1050,595,300,0,14400
NIFTY27FEB2011700CE.NFO,07/01/2020,09:26:47,595,587.6,750,595,300,0,14400
NIFTY27FEB2011700CE.NFO,07/01/2020,09:26:54,595,587.6,750,595,375,0,14400
NIFTY27FEB2011700CE.NFO,07/01/2020,09:26:55,595,587.6,750,595,300,0,14400
NIFTY27FEB2011700CE.NFO,07/01/2020,09:27:29,595,587.6,750,594.65,75,0,14400
NIFTY27FEB2011700CE.NFO,07/01/2020,09:27:30,595,587.6,750,594.3,75,0,14400
NIFTY27FEB2011700CE.NFO,07/01/2020,09:27:31,595,587.6,750,594.7,75,0,14400
NIFTY27FEB2011700CE.NFO,07/01/2020,09:27:34,595,587.6,750,594.75,75,0,14400
NIFTY27FEB2011700CE.NFO,07/01/2020,09:27:37,595,587.6,750,595,300,0,14400
NIFTY27FEB2011700CE.NFO,07/01/2020,09:27:41,595,587.6,750,594.4,75,0,14400
NIFTY27FEB2011700CE.NFO,07/01/2020,09:27:42,595,587.6,750,594.8,75,0,14400
NIFTY27FEB2011700CE.NFO,07/01/2020,09:27:53,595,587.6,750,595,300,0,14400
NIFTY27FEB2011700CE.NFO,07/01/2020,09:27:54,595,587.6,750,594.8,75,0,14400
NIFTY27FEB2011700CE.NFO,07/01/2020,09:27:55,595,587.6,750,595,300,0,14400
NIFTY27FEB2011700CE.NFO,07/01/2020,09:27:56,595,587.6,750,594.85,75,0,14400
NIFTY27FEB2011700CE.NFO,07/01/2020,09:27:58,595,587.6,750,594.5,75,0,14400
NIFTY27FEB2011700CE.NFO,07/01/2020,09:27:59,595,587.6,750,594.9,75,0,14400
NIFTY27FEB2011700CE.NFO,07/01/2020,09:28:01,595,585,75,594.9,75,0,14400
NIFTY27FEB2011700CE.NFO,07/01/2020,09:28:02,595,586.1,75,594.9,75,0,14400
NIFTY27FEB2011700CE.NFO,07/01/2020,09:28:04,595,586.15,750,594.9,75,0,14400
NIFTY27FEB2011700CE.NFO,07/01/2020,09:28:19,595,583.8,750,594.9,75,0,14400
NIFTY27FEB2011700CE.NFO,07/01/2020,09:28:26,595,582.5,750,594.9,75,0,14400
NIFTY27FEB2011700CE.NFO,07/01/2020,09:28:29,595,582.5,750,591.15,75,0,14400
NIFTY27FEB2011700CE.NFO,07/01/2020,09:28:31,595,581.5,750,591.55,75,0,14400
NIFTY27FEB2011700CE.NFO,07/01/2020,09:28:32,595,581.85,750,591.55,75,0,14400
NIFTY27FEB2011700CE.NFO,07/01/2020,09:28:33,595,582.2,750,591.55,75,0,14400
NIFTY27FEB2011700CE.NFO,07/01/2020,09:28:36,595,582.95,750,591.55,75,0,14400
NIFTY27FEB2011700CE.NFO,07/01/2020,09:28:39,595,582.95,825,591.55,75,0,14400
NIFTY27FEB2011700CE.NFO,07/01/2020,09:28:40,595,582.95,750,591.55,75,0,14400
NIFTY27FEB2011700CE.NFO,07/01/2020,09:28:48,595,583.65,75,591.95,75,0,14400
NIFTY27FEB2011700CE.NFO,07/01/2020,09:28:50,595,583.3,750,591.95,75,0,14400
NIFTY27FEB2011700CE.NFO,07/01/2020,09:28:51,595,584.05,750,592.75,75,0,14400
NIFTY27FEB2011700CE.NFO,07/01/2020,09:28:54,595,584.1,75,592.75,75,0,14400
NIFTY27FEB2011700CE.NFO,07/01/2020,09:28:57,595,584.1,75,593.15,75,0,14400
NIFTY27FEB2011700CE.NFO,07/01/2020,09:28:58,595,584.05,750,593.15,75,0,14400
NIFTY27FEB2011700CE.NFO,07/01/2020,09:29:01,595,584.5,750,593.15,75,0,14400
NIFTY27FEB2011700CE.NFO,07/01/2020,09:29:03,595,585.3,75,593.95,75,0,14400
NIFTY27FEB2011700CE.NFO,07/01/2020,09:29:04,595,585.7,750,594.35,75,0,14400
NIFTY27FEB2011700CE.NFO,07/01/2020,09:29:16,595,586.1,75,594.35,75,0,14400
NIFTY27FEB2011700CE.NFO,07/01/2020,09:29:17,595,585.8,150,594.35,75,0,14400
NIFTY27FEB2011700CE.NFO,07/01/2020,09:29:18,595,585.7,750,594.35,75,0,14400
NIFTY27FEB2011700CE.NFO,07/01/2020,09:29:27,595,585.35,750,594.35,75,0,14400
NIFTY27FEB2011700CE.NFO,07/01/2020,09:29:39,595,585.35,750,594.75,75,0,14400
NIFTY27FEB2011700CE.NFO,07/01/2020,09:29:47,595,585.35,825,594.75,75,0,14400
NIFTY27FEB2011700CE.NFO,07/01/2020,09:29:50,595,585.35,750,594.75,75,0,14400
NIFTY27FEB2011700CE.NFO,07/01/2020,09:29:58,595,585.9,750,594.75,75,0,14400
NIFTY27FEB2011700CE.NFO,07/01/2020,09:30:03,595,586.35,750,594.75,75,0,14400
NIFTY27FEB2011700CE.NFO,07/01/2020,09:30:05,595,583.15,75,594.75,75,0,14400
NIFTY27FEB2011700CE.NFO,07/01/2020,09:30:06,595,586.15,75,594.75,75,0,14400
NIFTY27FEB2011700CE.NFO,07/01/2020,09:30:08,595,585.4,750,594.75,75,0,14400
NIFTY27FEB2011700CE.NFO,07/01/2020,09:30:10,595,586.05,75,595,300,0,14400
NIFTY27FEB2011700CE.NFO,07/01/2020,09:30:11,595,586.1,750,594.8,75,0,14400
NIFTY27FEB2011700CE.NFO,07/01/2020,09:30:13,595,586.4,750,595,300,0,14400
NIFTY27FEB2011700CE.NFO,07/01/2020,09:30:14,595,586.4,825,595,375,0,14400
NIFTY27FEB2011700CE.NFO,07/01/2020,09:30:15,595,586.4,750,595,375,0,14400
NIFTY27FEB2011700CE.NFO,07/01/2020,09:30:17,595,586.4,750,595,300,0,14400
NIFTY27FEB2011700CE.NFO,07/01/2020,09:30:19,595,586.4,750,594.7,75,0,14400
NIFTY27FEB2011700CE.NFO,07/01/2020,09:30:20,595,586.4,750,595,300,0,14400
NIFTY27FEB2011700CE.NFO,07/01/2020,09:30:26,595,586.4,750,594.75,75,0,14400
NIFTY27FEB2011700CE.NFO,07/01/2020,09:30:27,595,586.4,750,595,300,0,14400
NIFTY27FEB2011700CE.NFO,07/01/2020,09:30:28,595,586.8,750,594.85,75,0,14400
NIFTY27FEB2011700CE.NFO,07/01/2020,09:30:29,595,586.8,750,595,300,0,14400
NIFTY27FEB2011700CE.NFO,07/01/2020,09:30:30,595,586.8,825,595,300,0,14400
NIFTY27FEB2011700CE.NFO,07/01/2020,09:30:34,595,586.8,825,595,375,0,14400
NIFTY27FEB2011700CE.NFO,07/01/2020,09:30:35,595,586.8,750,595,300,0,14400
NIFTY27FEB2011700CE.NFO,07/01/2020,09:30:39,595,586.9,75,595,300,0,14400
NIFTY27FEB2011700CE.NFO,07/01/2020,09:30:43,595,586.8,750,594.65,75,0,14400
NIFTY27FEB2011700CE.NFO,07/01/2020,09:30:44,595,586.8,750,595,300,0,14400
NIFTY27FEB2011700CE.NFO,07/01/2020,09:30:48,595,586.8,750,594.8,75,0,14400
NIFTY27FEB2011700CE.NFO,07/01/2020,09:30:49,595,586.8,750,595,300,0,14400
NIFTY27FEB2011700CE.NFO,07/01/2020,09:31:01,595,587.1,75,595,300,0,14400
NIFTY27FEB2011700CE.NFO,07/01/2020,09:31:02,595,587.15,750,595,300,0,14400
NIFTY27FEB2011700CE.NFO,07/01/2020,09:31:15,595,587.25,150,595,300,0,14400
NIFTY27FEB2011700CE.NFO,07/01/2020,09:31:19,595,587.15,750,595,300,0,14400
NIFTY27FEB2011700CE.NFO,07/01/2020,09:31:20,595,587.25,150,595,300,0,14400
NIFTY27FEB2011700CE.NFO,07/01/2020,09:31:24,595,588.65,750,595,300,0,14400
NIFTY27FEB2011700CE.NFO,07/01/2020,09:31:36,595,589,750,595,300,0,14400
NIFTY27FEB2011700CE.NFO,07/01/2020,09:31:41,595,589.45,750,595,300,0,14400
NIFTY27FEB2011700CE.NFO,07/01/2020,09:31:54,595,589.65,300,595,300,0,14400
NIFTY27FEB2011700CE.NFO,07/01/2020,09:31:56,595,589.7,750,595,300,0,14400
NIFTY27FEB2011700CE.NFO,07/01/2020,09:32:02,595,590.6,300,595,300,0,14400
NIFTY27FEB2011700CE.NFO,07/01/2020,09:32:03,595,591.2,75,595,300,0,14400
NIFTY27FEB2011700CE.NFO,07/01/2020,09:32:04,595,591.25,750,595,300,0,14400
NIFTY27FEB2011700CE.NFO,07/01/2020,09:32:19,595,591.9,150,599.65,1875,300,14700
NIFTY27FEB2011700CE.NFO,07/01/2020,09:32:20,595,594.5,750,603.05,75,0,14700
NIFTY27FEB2011700CE.NFO,07/01/2020,09:32:23,595,594.5,750,603.45,75,0,14700
NIFTY27FEB2011700CE.NFO,07/01/2020,09:32:24,595,594.9,750,603.45,75,0,14700
NIFTY27FEB2011700CE.NFO,07/01/2020,09:32:25,595,595.2,225,604.25,75,0,14700
NIFTY27FEB2011700CE.NFO,07/01/2020,09:32:26,595,595.25,750,604.25,75,0,14700
NIFTY27FEB2011700CE.NFO,07/01/2020,09:32:30,595,595.55,750,604.25,75,0,14700
NIFTY27FEB2011700CE.NFO,07/01/2020,09:32:33,595,595.8,750,604.25,75,0,14700
NIFTY27FEB2011700CE.NFO,07/01/2020,09:32:34,595,595.8,750,604.65,75,0,14700
NIFTY27FEB2011700CE.NFO,07/01/2020,09:32:35,595,596.35,75,604.65,75,0,14700
NIFTY27FEB2011700CE.NFO,07/01/2020,09:32:36,595,596.4,750,604.65,75,0,14700
NIFTY27FEB2011700CE.NFO,07/01/2020,09:32:39,595,596.8,150,606.3,75,0,14700
NIFTY27FEB2011700CE.NFO,07/01/2020,09:32:40,595,597.25,750,606.3,75,0,14700
NIFTY27FEB2011700CE.NFO,07/01/2020,09:32:43,595,597.55,150,606.3,75,0,14700
NIFTY27FEB2011700CE.NFO,07/01/2020,09:32:44,595,597.6,750,606.3,75,0,14700
NIFTY27FEB2011700CE.NFO,07/01/2020,09:33:03,595,597.65,75,606.3,75,0,14700
NIFTY27FEB2011700CE.NFO,07/01/2020,09:33:04,595,597.6,750,606.3,75,0,14700
NIFTY27FEB2011700CE.NFO,07/01/2020,09:33:10,595,598.5,750,607.1,75,0,14700
NIFTY27FEB2011700CE.NFO,07/01/2020,09:33:14,595,598.5,1050,607.1,75,0,14700
NIFTY27FEB2011700CE.NFO,07/01/2020,09:33:15,595,598.5,750,607.1,75,0,14700
NIFTY27FEB2011700CE.NFO,07/01/2020,09:33:33,595,598.5,825,607.1,75,0,14700
NIFTY27FEB2011700CE.NFO,07/01/2020,09:33:34,595,598.5,750,607.1,75,0,14700
NIFTY27FEB2011700CE.NFO,07/01/2020,09:33:40,595,598.5,825,607.1,75,0,14700
NIFTY27FEB2011700CE.NFO,07/01/2020,09:33:41,595,598.5,750,607.1,75,0,14700
NIFTY27FEB2011700CE.NFO,07/01/2020,09:33:50,595,598.5,1050,607.1,75,0,14700
NIFTY27FEB2011700CE.NFO,07/01/2020,09:33:55,595,598.5,1125,607.5,75,0,14700
NIFTY27FEB2011700CE.NFO,07/01/2020,09:33:56,595,599.6,75,607.5,75,0,14700
NIFTY27FEB2011700CE.NFO,07/01/2020,09:33:57,595,599.65,750,607.9,75,0,14700
NIFTY27FEB2011700CE.NFO,07/01/2020,09:34:00,595,599.7,300,607.9,75,0,14700
NIFTY27FEB2011700CE.NFO,07/01/2020,09:34:01,595,600.4,750,609.1,75,0,14700
NIFTY27FEB2011700CE.NFO,07/01/2020,09:34:02,595,600.4,1050,609.1,75,0,14700
NIFTY27FEB2011700CE.NFO,07/01/2020,09:34:04,595,600.4,750,609.1,75,0,14700
NIFTY27FEB2011700CE.NFO,07/01/2020,09:34:28,595,597.15,750,609.1,75,0,14700
NIFTY27FEB2011700CE.NFO,07/01/2020,09:34:29,595,597.15,750,604.9,75,0,14700
NIFTY27FEB2011700CE.NFO,07/01/2020,09:34:31,595,597.15,750,605.7,75,0,14700
NIFTY27FEB2011700CE.NFO,07/01/2020,09:34:39,595,597.15,750,606.1,75,0,14700
NIFTY27FEB2011700CE.NFO,07/01/2020,09:35:08,595,597.15,750,608.3,75,0,14700
NIFTY27FEB2011700CE.NFO,07/01/2020,09:35:12,595,597.15,750,609.25,75,0,14700
NIFTY27FEB2011700CE.NFO,07/01/2020,09:35:15,595,597.15,750,608.35,75,0,14700
NIFTY27FEB2011700CE.NFO,07/01/2020,09:35:16,595,596.3,750,608.35,75,0,14700
NIFTY27FEB2011700CE.NFO,07/01/2020,09:35:17,595,596.3,750,609.2,75,0,14700
NIFTY27FEB2011700CE.NFO,07/01/2020,09:35:21,595,596.3,750,608.25,75,0,14700
NIFTY27FEB2011700CE.NFO,07/01/2020,09:35:22,595,596.3,750,604.9,75,0,14700
NIFTY27FEB2011700CE.NFO,07/01/2020,09:35:23,595,595.5,750,608.25,150,0,14700
NIFTY27FEB2011700CE.NFO,07/01/2020,09:35:28,595,595.5,750,603.9,75,0,14700
NIFTY27FEB2011700CE.NFO,07/01/2020,09:35:31,595,595.85,750,603.9,75,0,14700
NIFTY27FEB2011700CE.NFO,07/01/2020,09:35:32,595,595.85,750,604.3,75,0,14700
NIFTY27FEB2011700CE.NFO,07/01/2020,09:36:02,595,595.85,750,600,300,0,14700
NIFTY27FEB2011700CE.NFO,07/01/2020,09:36:10,595,595.95,75,600,300,0,14700
NIFTY27FEB2011700CE.NFO,07/01/2020,09:36:12,595,596.35,75,600,300,0,14700
NIFTY27FEB2011700CE.NFO,07/01/2020,09:36:13,595,596.4,750,600,300,0,14700
NIFTY27FEB2011700CE.NFO,07/01/2020,09:36:18,595,596.75,750,600,300,0,14700
NIFTY27FEB2011700CE.NFO,07/01/2020,09:36:31,595,596.75,825,600,300,0,14700
NIFTY27FEB2011700CE.NFO,07/01/2020,09:36:32,595,596.75,750,600,300,0,14700
NIFTY27FEB2011700CE.NFO,07/01/2020,09:36:49,600,596.75,825,600,225,75,15000
NIFTY27FEB2011700CE.NFO,07/01/2020,09:36:49,600,596.75,825,600,225,0,15000
NIFTY27FEB2011700CE.NFO,07/01/2020,09:36:50,600,596.75,825,600,150,75,15000
NIFTY27FEB2011700CE.NFO,07/01/2020,09:36:51,600,596.75,750,600,75,75,15000
NIFTY27FEB2011700CE.NFO,07/01/2020,09:36:53,600,596.75,750,605.45,75,75,15000
NIFTY27FEB2011700CE.NFO,07/01/2020,09:36:54,600,596.75,750,605.5,75,0,15000
NIFTY27FEB2011700CE.NFO,07/01/2020,09:36:55,600,596.75,825,605.5,75,0,15000
NIFTY27FEB2011700CE.NFO,07/01/2020,09:36:56,600,596.95,75,605.5,75,0,15000
NIFTY27FEB2011700CE.NFO,07/01/2020,09:36:57,600,596.75,750,605.5,75,0,15000
NIFTY27FEB2011700CE.NFO,07/01/2020,09:37:14,600,596.75,825,605.5,75,0,15000
NIFTY27FEB2011700CE.NFO,07/01/2020,09:37:15,600,596.75,750,605.5,75,0,15000
NIFTY27FEB2011700CE.NFO,07/01/2020,09:38:46,600,594,750,605.5,75,0,15000
NIFTY27FEB2011700CE.NFO,07/01/2020,09:38:47,600,594.35,750,605.5,75,0,15000
NIFTY27FEB2011700CE.NFO,07/01/2020,09:38:51,600,594.7,750,605.5,75,0,15000
NIFTY27FEB2011700CE.NFO,07/01/2020,09:39:04,600,594.7,750,600,300,0,15000
NIFTY27FEB2011700CE.NFO,07/01/2020,09:39:10,600,595.15,750,600,300,0,15000
NIFTY27FEB2011700CE.NFO,07/01/2020,09:39:12,600,595.55,300,600,300,0,15000
NIFTY27FEB2011700CE.NFO,07/01/2020,09:39:14,600,595.6,750,600,300,0,15000
NIFTY27FEB2011700CE.NFO,07/01/2020,09:39:16,600,596.35,750,600,300,0,15000
NIFTY27FEB2011700CE.NFO,07/01/2020,09:39:18,600,596.35,1050,600,300,0,15000
NIFTY27FEB2011700CE.NFO,07/01/2020,09:39:20,600,597.1,750,600,300,0,15000
NIFTY27FEB2011700CE.NFO,07/01/2020,09:39:23,600,597.85,750,600,300,0,15000
NIFTY27FEB2011700CE.NFO,07/01/2020,09:39:24,600,598.1,75,605.85,75,300,15300
NIFTY27FEB2011700CE.NFO,07/01/2020,09:39:25,600,597.85,825,605.85,75,0,15300
NIFTY27FEB2011700CE.NFO,07/01/2020,09:39:27,600,598.5,750,605.85,75,0,15300
NIFTY27FEB2011700CE.NFO,07/01/2020,09:39:31,600,598.5,825,606.7,75,0,15300
NIFTY27FEB2011700CE.NFO,07/01/2020,09:39:32,600,598.5,750,606.7,75,0,15300
NIFTY27FEB2011700CE.NFO,07/01/2020,09:39:54,600,598.5,825,606.7,75,0,15300
NIFTY27FEB2011700CE.NFO,07/01/2020,09:39:55,600,598.5,750,606.7,75,0,15300
NIFTY27FEB2011700CE.NFO,07/01/2020,09:40:00,600,599.3,750,608.3,75,0,15300
NIFTY27FEB2011700CE.NFO,07/01/2020,09:40:02,600,599.75,300,608.7,75,0,15300
NIFTY27FEB2011700CE.NFO,07/01/2020,09:40:03,600,600,750,609.1,75,0,15300
NIFTY27FEB2011700CE.NFO,07/01/2020,09:40:04,600,601.05,75,609.5,75,0,15300
NIFTY27FEB2011700CE.NFO,07/01/2020,09:40:06,600,601.4,75,610.35,75,0,15300
NIFTY27FEB2011700CE.NFO,07/01/2020,09:40:07,600,601.45,750,610.35,75,0,15300
NIFTY27FEB2011700CE.NFO,07/01/2020,09:40:08,600,601.8,750,610.85,75,0,15300
NIFTY27FEB2011700CE.NFO,07/01/2020,09:40:09,600,602.1,75,610.85,75,0,15300
NIFTY27FEB2011700CE.NFO,07/01/2020,09:40:10,600,601.8,750,611.25,75,0,15300
NIFTY27FEB2011700CE.NFO,07/01/2020,09:40:22,600,601.8,750,608.5,75,0,15300
NIFTY27FEB2011700CE.NFO,07/01/2020,09:40:24,600,601.8,750,609.3,75,0,15300
NIFTY27FEB2011700CE.NFO,07/01/2020,09:40:25,600,601.8,750,609.7,75,0,15300
NIFTY27FEB2011700CE.NFO,07/01/2020,09:40:45,600,601.8,750,610.1,75,0,15300
NIFTY27FEB2011700CE.NFO,07/01/2020,09:41:06,600,599.35,750,610.1,75,0,15300
NIFTY27FEB2011700CE.NFO,07/01/2020,09:41:08,600,599.7,750,610.1,75,0,15300
NIFTY27FEB2011700CE.NFO,07/01/2020,09:41:15,600,600.05,750,610.1,75,0,15300
NIFTY27FEB2011700CE.NFO,07/01/2020,09:41:17,600,600.05,825,610.1,75,0,15300
NIFTY27FEB2011700CE.NFO,07/01/2020,09:41:24,600,600.05,750,610.1,75,0,15300
NIFTY27FEB2011700CE.NFO,07/01/2020,09:41:33,600,600.5,750,610.1,75,0,15300
NIFTY27FEB2011700CE.NFO,07/01/2020,09:41:49,600,601.7,750,610.1,75,0,15300
NIFTY27FEB2011700CE.NFO,07/01/2020,09:41:59,600,601.7,750,608.75,75,0,15300
NIFTY27FEB2011700CE.NFO,07/01/2020,09:42:04,600,601.7,750,609.15,75,0,15300
NIFTY27FEB2011700CE.NFO,07/01/2020,09:42:05,600,601.7,750,609.55,75,0,15300
NIFTY27FEB2011700CE.NFO,07/01/2020,09:42:09,600,601.7,750,609.45,150,0,15300
NIFTY27FEB2011700CE.NFO,07/01/2020,09:42:10,600,601.7,750,608.8,75,0,15300
NIFTY27FEB2011700CE.NFO,07/01/2020,09:42:12,600,601.7,750,609.2,75,0,15300
NIFTY27FEB2011700CE.NFO,07/01/2020,09:42:21,600,601.7,750,609.6,75,0,15300
NIFTY27FEB2011700CE.NFO,07/01/2020,09:42:23,600,601.7,825,610,75,0,15300
NIFTY27FEB2011700CE.NFO,07/01/2020,09:42:25,600,601.7,750,610.4,75,0,15300
NIFTY27FEB2011700CE.NFO,07/01/2020,09:42:27,600,602.1,750,611.2,75,0,15300
NIFTY27FEB2011700CE.NFO,07/01/2020,09:42:28,600,602.45,750,611.2,75,0,15300
NIFTY27FEB2011700CE.NFO,07/01/2020,09:42:33,600,602.45,825,611.6,75,0,15300
NIFTY27FEB2011700CE.NFO,07/01/2020,09:42:35,600,602.45,1125,611.6,75,0,15300
NIFTY27FEB2011700CE.NFO,07/01/2020,09:42:37,600,602.45,825,611.6,75,0,15300
NIFTY27FEB2011700CE.NFO,07/01/2020,09:42:43,600,602.45,750,611.6,75,0,15300
NIFTY27FEB2011700CE.NFO,07/01/2020,09:42:50,600,602.45,750,610.45,75,0,15300
NIFTY27FEB2011700CE.NFO,07/01/2020,09:43:06,600,602.45,750,609.1,75,0,15300
NIFTY27FEB2011700CE.NFO,07/01/2020,09:43:10,600,602.45,750,609.5,75,0,15300
NIFTY27FEB2011700CE.NFO,07/01/2020,09:43:12,600,602.45,750,609.9,75,0,15300
NIFTY27FEB2011700CE.NFO,07/01/2020,09:43:17,600,602.45,750,610.3,75,0,15300
NIFTY27FEB2011700CE.NFO,07/01/2020,09:43:49,600,602.45,825,610.3,75,0,15300
NIFTY27FEB2011700CE.NFO,07/01/2020,09:43:50,600,602.45,750,610.7,75,0,15300
NIFTY27FEB2011700CE.NFO,07/01/2020,09:43:52,600,602.85,75,611.05,150,0,15300
NIFTY27FEB2011700CE.NFO,07/01/2020,09:43:54,600,602.9,750,611.15,75,0,15300
NIFTY27FEB2011700CE.NFO,07/01/2020,09:44:03,600,602.9,825,611.15,75,0,15300
NIFTY27FEB2011700CE.NFO,07/01/2020,09:44:04,600,602.9,825,611.55,75,0,15300
NIFTY27FEB2011700CE.NFO,07/01/2020,09:44:10,600,602.9,825,611.95,75,0,15300
NIFTY27FEB2011700CE.NFO,07/01/2020,09:44:19,600,602.9,1125,612.35,75,0,15300
NIFTY27FEB2011700CE.NFO,07/01/2020,09:44:20,600,602.9,825,612.35,75,0,15300
NIFTY27FEB2011700CE.NFO,07/01/2020,09:44:26,600,603.75,750,612.35,75,0,15300
NIFTY27FEB2011700CE.NFO,07/01/2020,09:44:28,600,603.75,750,610.95,75,0,15300
NIFTY27FEB2011700CE.NFO,07/01/2020,09:44:30,600,603.75,750,611.8,75,0,15300
NIFTY27FEB2011700CE.NFO,07/01/2020,09:44:33,600,603.75,750,612.2,75,0,15300
NIFTY27FEB2011700CE.NFO,07/01/2020,09:44:34,600,603.75,750,611.75,75,0,15300
NIFTY27FEB2011700CE.NFO,07/01/2020,09:44:35,600,603.75,750,612.15,75,0,15300
NIFTY27FEB2011700CE.NFO,07/01/2020,09:44:36,600,603.8,75,612.15,75,0,15300
NIFTY27FEB2011700CE.NFO,07/01/2020,09:44:37,600,603.75,750,612.55,75,0,15300
NIFTY27FEB2011700CE.NFO,07/01/2020,09:44:38,600,603.75,750,612.95,75,0,15300
NIFTY27FEB2011700CE.NFO,07/01/2020,09:44:42,600,603.75,750,611.9,75,0,15300
NIFTY27FEB2011700CE.NFO,07/01/2020,09:44:43,600,603.75,750,612.3,75,0,15300
NIFTY27FEB2011700CE.NFO,07/01/2020,09:44:49,600,604.2,750,612.3,75,0,15300
NIFTY27FEB2011700CE.NFO,07/01/2020,09:44:55,600,604.2,750,612.7,75,0,15300
NIFTY27FEB2011700CE.NFO,07/01/2020,09:44:57,600,604.2,750,611.6,75,0,15300
NIFTY27FEB2011700CE.NFO,07/01/2020,09:44:58,600,604.2,750,612,75,0,15300
NIFTY27FEB2011700CE.NFO,07/01/2020,09:44:59,600,604.2,750,612.4,75,0,15300
NIFTY27FEB2011700CE.NFO,07/01/2020,09:45:01,600,604.2,825,612.8,75,0,15300
NIFTY27FEB2011700CE.NFO,07/01/2020,09:45:02,600,604.2,750,613.2,75,0,15300
NIFTY27FEB2011700CE.NFO,07/01/2020,09:45:06,600,604.95,750,613.2,75,0,15300
NIFTY27FEB2011700CE.NFO,07/01/2020,09:45:08,600,604.95,750,613.6,75,0,15300
NIFTY27FEB2011700CE.NFO,07/01/2020,09:45:09,600,606,75,615.4,75,0,15300
NIFTY27FEB2011700CE.NFO,07/01/2020,09:45:11,600,605.7,750,615.4,75,0,15300
NIFTY27FEB2011700CE.NFO,07/01/2020,09:45:12,600,605.7,750,613.45,75,0,15300
NIFTY27FEB2011700CE.NFO,07/01/2020,09:45:13,600,605.7,750,614.25,75,0,15300
NIFTY27FEB2011700CE.NFO,07/01/2020,09:45:15,600,605.85,75,615.05,75,0,15300
NIFTY27FEB2011700CE.NFO,07/01/2020,09:45:17,600,605.95,75,615.45,75,0,15300
NIFTY27FEB2011700CE.NFO,07/01/2020,09:45:19,600,606,1050,615.45,75,0,15300
NIFTY27FEB2011700CE.NFO,07/01/2020,09:45:20,600,606,750,615.45,75,0,15300
NIFTY27FEB2011700CE.NFO,07/01/2020,09:45:26,600,606,750,614.85,75,0,15300
NIFTY27FEB2011700CE.NFO,07/01/2020,09:45:38,600,606.35,750,614.85,75,0,15300
NIFTY27FEB2011700CE.NFO,07/01/2020,09:45:47,600,606.75,750,614.85,75,0,15300
NIFTY27FEB2011700CE.NFO,07/01/2020,09:45:48,600,606.75,750,615.25,75,0,15300
NIFTY27FEB2011700CE.NFO,07/01/2020,09:46:02,600,606.75,750,614.05,75,0,15300
NIFTY27FEB2011700CE.NFO,07/01/2020,09:46:18,600,606.75,750,613.7,75,0,15300
NIFTY27FEB2011700CE.NFO,07/01/2020,09:46:30,600,604.2,750,613.7,75,0,15300
NIFTY27FEB2011700CE.NFO,07/01/2020,09:46:34,600,604.2,750,611.65,75,0,15300
NIFTY27FEB2011700CE.NFO,07/01/2020,09:46:35,600,604.2,750,612.45,75,0,15300
NIFTY27FEB2011700CE.NFO,07/01/2020,09:46:42,600,604.2,750,611.25,75,0,15300
NIFTY27FEB2011700CE.NFO,07/01/2020,09:47:14,600,601.4,750,611.25,75,0,15300
NIFTY27FEB2011700CE.NFO,07/01/2020,09:47:18,600,602.1,75,611.25,75,0,15300
NIFTY27FEB2011700CE.NFO,07/01/2020,09:47:19,600,602.15,750,611.25,75,0,15300
NIFTY27FEB2011700CE.NFO,07/01/2020,09:47:30,600,602.15,750,610.25,75,0,15300
NIFTY27FEB2011700CE.NFO,07/01/2020,09:47:31,600,602.15,825,610.25,75,0,15300
NIFTY27FEB2011700CE.NFO,07/01/2020,09:47:33,600,602.15,750,610.65,75,0,15300
NIFTY27FEB2011700CE.NFO,07/01/2020,09:47:34,600,602.15,750,611.05,75,0,15300
NIFTY27FEB2011700CE.NFO,07/01/2020,09:47:35,600,602.5,750,611.9,75,0,15300
NIFTY27FEB2011700CE.NFO,07/01/2020,09:47:37,600,602.8,75,611.9,75,0,15300
NIFTY27FEB2011700CE.NFO,07/01/2020,09:47:38,600,603.25,750,611.9,75,0,15300
NIFTY27FEB2011700CE.NFO,07/01/2020,09:47:39,600,603.25,750,612.3,75,0,15300
NIFTY27FEB2011700CE.NFO,07/01/2020,09:47:40,600,603.6,750,612.3,75,0,15300
NIFTY27FEB2011700CE.NFO,07/01/2020,09:47:44,600,603.95,750,612.3,75,0,15300
NIFTY27FEB2011700CE.NFO,07/01/2020,09:47:51,600,603.95,750,612.7,75,0,15300
NIFTY27FEB2011700CE.NFO,07/01/2020,09:47:56,600,603.95,750,611.3,75,0,15300
NIFTY27FEB2011700CE.NFO,07/01/2020,09:47:57,600,603.95,750,611.7,75,0,15300
NIFTY27FEB2011700CE.NFO,07/01/2020,09:48:09,600,603.95,750,610.9,150,0,15300
NIFTY27FEB2011700CE.NFO,07/01/2020,09:48:11,600,603.95,750,611,75,0,15300
NIFTY27FEB2011700CE.NFO,07/01/2020,09:48:28,600,600.75,750,611,75,0,15300
NIFTY27FEB2011700CE.NFO,07/01/2020,09:48:34,600,601.5,750,611,75,0,15300
NIFTY27FEB2011700CE.NFO,07/01/2020,09:48:35,600,601.5,825,609.9,75,0,15300
NIFTY27FEB2011700CE.NFO,07/01/2020,09:48:38,600,601.5,750,609.9,75,0,15300
NIFTY27FEB2011700CE.NFO,07/01/2020,09:49:00,600,601.5,750,608.25,75,0,15300
NIFTY27FEB2011700CE.NFO,07/01/2020,09:49:03,600,601.5,750,608.65,75,0,15300
NIFTY27FEB2011700CE.NFO,07/01/2020,09:49:04,600,601.5,750,609.05,75,0,15300
NIFTY27FEB2011700CE.NFO,07/01/2020,09:49:24,600,598.75,750,609.05,75,0,15300
NIFTY27FEB2011700CE.NFO,07/01/2020,09:49:25,600,598.75,750,606.55,75,0,15300
NIFTY27FEB2011700CE.NFO,07/01/2020,09:49:37,600,596.95,75,606.55,75,0,15300
NIFTY27FEB2011700CE.NFO,07/01/2020,09:49:38,600,597,750,606.55,75,0,15300
NIFTY27FEB2011700CE.NFO,07/01/2020,09:49:41,600,597.3,75,606.55,75,0,15300
NIFTY27FEB2011700CE.NFO,07/01/2020,09:49:43,600,597.3,375,607.25,75,0,15300
NIFTY27FEB2011700CE.NFO,07/01/2020,09:49:44,600,597.9,750,607.25,75,0,15300
NIFTY27FEB2011700CE.NFO,07/01/2020,09:49:45,600,597.9,750,607.65,75,0,15300
NIFTY27FEB2011700CE.NFO,07/01/2020,09:49:51,600,598.65,750,607.65,75,0,15300
NIFTY27FEB2011700CE.NFO,07/01/2020,09:49:52,600,599,750,608.05,75,0,15300
NIFTY27FEB2011700CE.NFO,07/01/2020,09:50:04,600,599.35,750,608.05,75,0,15300
NIFTY27FEB2011700CE.NFO,07/01/2020,09:50:12,600,599.35,750,606.2,75,0,15300
NIFTY27FEB2011700CE.NFO,07/01/2020,09:50:13,600,599.35,750,606.6,75,0,15300
NIFTY27FEB2011700CE.NFO,07/01/2020,09:50:19,600,599.35,750,607,75,0,15300
NIFTY27FEB2011700CE.NFO,07/01/2020,09:50:28,600,599.35,750,607.4,75,0,15300
NIFTY27FEB2011700CE.NFO,07/01/2020,09:50:37,600,599.35,750,605.5,75,0,15300
NIFTY27FEB2011700CE.NFO,07/01/2020,09:50:38,600,596.2,75,605.5,75,0,15300
NIFTY27FEB2011700CE.NFO,07/01/2020,09:50:40,600,595.95,300,605.5,75,0,15300
NIFTY27FEB2011700CE.NFO,07/01/2020,09:50:41,600,596.9,75,605.5,75,0,15300
NIFTY27FEB2011700CE.NFO,07/01/2020,09:50:42,600,596.55,750,605.5,75,0,15300
NIFTY27FEB2011700CE.NFO,07/01/2020,09:50:44,600,596.55,750,604.65,75,0,15300
NIFTY27FEB2011700CE.NFO,07/01/2020,09:50:46,600,596.55,750,605.05,75,0,15300
NIFTY27FEB2011700CE.NFO,07/01/2020,09:50:47,600,596.55,750,605.45,75,0,15300
NIFTY27FEB2011700CE.NFO,07/01/2020,09:50:49,600,596.8,750,605.45,75,0,15300
NIFTY27FEB2011700CE.NFO,07/01/2020,09:50:50,600,596.8,750,605.75,150,0,15300
NIFTY27FEB2011700CE.NFO,07/01/2020,09:50:51,600,596.8,750,605.5,75,0,15300
NIFTY27FEB2011700CE.NFO,07/01/2020,09:50:56,600,597,75,605.5,75,0,15300
NIFTY27FEB2011700CE.NFO,07/01/2020,09:50:57,600,597.05,750,605.5,75,0,15300
NIFTY27FEB2011700CE.NFO,07/01/2020,09:51:08,600,595.4,750,605.5,75,0,15300
NIFTY27FEB2011700CE.NFO,07/01/2020,09:51:10,600,595.75,750,605.5,75,0,15300
NIFTY27FEB2011700CE.NFO,07/01/2020,09:51:12,600,595.75,750,604.5,75,0,15300
NIFTY27FEB2011700CE.NFO,07/01/2020,09:51:22,600,595.75,750,604.9,75,0,15300
NIFTY27FEB2011700CE.NFO,07/01/2020,09:51:27,600,595.95,300,604.9,75,0,15300
NIFTY27FEB2011700CE.NFO,07/01/2020,09:51:28,600,596.4,750,604.9,75,0,15300
NIFTY27FEB2011700CE.NFO,07/01/2020,09:51:29,600,596.4,750,605,600,0,15300
NIFTY27FEB2011700CE.NFO,07/01/2020,09:51:30,600,596.75,750,605,600,0,15300
NIFTY27FEB2011700CE.NFO,07/01/2020,09:51:31,600,597.5,750,605,600,0,15300
NIFTY27FEB2011700CE.NFO,07/01/2020,09:51:34,600,597.5,750,605,675,0,15300
NIFTY27FEB2011700CE.NFO,07/01/2020,09:51:35,600,597.5,750,605,600,0,15300
NIFTY27FEB2011700CE.NFO,07/01/2020,09:51:38,600,597.5,750,604.7,75,0,15300
NIFTY27FEB2011700CE.NFO,07/01/2020,09:51:40,600,597.5,750,605,600,0,15300
NIFTY27FEB2011700CE.NFO,07/01/2020,09:51:44,600,597.95,750,605,600,0,15300
NIFTY27FEB2011700CE.NFO,07/01/2020,09:51:50,600,598.3,750,605,600,0,15300
NIFTY27FEB2011700CE.NFO,07/01/2020,09:51:52,600,598.65,750,605,600,0,15300
NIFTY27FEB2011700CE.NFO,07/01/2020,09:51:58,600,598.65,825,605,600,0,15300
NIFTY27FEB2011700CE.NFO,07/01/2020,09:51:59,600,598.65,750,605,600,0,15300
NIFTY27FEB2011700CE.NFO,07/01/2020,09:52:09,600,597.9,750,605,600,0,15300
NIFTY27FEB2011700CE.NFO,07/01/2020,09:52:13,600,598.2,750,605,600,0,15300
NIFTY27FEB2011700CE.NFO,07/01/2020,09:52:26,600,598.2,750,604.7,75,0,15300
NIFTY27FEB2011700CE.NFO,07/01/2020,09:52:28,600,598.2,750,605,600,0,15300
NIFTY27FEB2011700CE.NFO,07/01/2020,09:52:29,600,598.2,750,605,675,0,15300
NIFTY27FEB2011700CE.NFO,07/01/2020,09:52:30,600,598.2,750,605,600,0,15300
NIFTY27FEB2011700CE.NFO,07/01/2020,09:52:44,600,598.2,825,605,600,0,15300
NIFTY27FEB2011700CE.NFO,07/01/2020,09:52:46,600,598.2,750,605,600,0,15300
NIFTY27FEB2011700CE.NFO,07/01/2020,09:52:51,600,598.6,750,605,600,0,15300
NIFTY27FEB2011700CE.NFO,07/01/2020,09:53:06,600,598.6,750,604.55,75,0,15300
NIFTY27FEB2011700CE.NFO,07/01/2020,09:53:08,600,598.6,750,604.95,75,0,15300
NIFTY27FEB2011700CE.NFO,07/01/2020,09:53:09,600,598.6,750,605,600,0,15300
NIFTY27FEB2011700CE.NFO,07/01/2020,09:53:19,600,598.6,750,605,675,0,15300
NIFTY27FEB2011700CE.NFO,07/01/2020,09:53:21,600,595.8,750,604.15,75,0,15300
NIFTY27FEB2011700CE.NFO,07/01/2020,09:53:23,600,596.15,750,604.15,75,0,15300
NIFTY27FEB2011700CE.NFO,07/01/2020,09:53:32,600,596.15,750,604.55,75,0,15300
NIFTY27FEB2011700CE.NFO,07/01/2020,09:53:37,600,596.15,825,604.55,75,0,15300
NIFTY27FEB2011700CE.NFO,07/01/2020,09:53:38,600,596.15,750,604.55,75,0,15300
NIFTY27FEB2011700CE.NFO,07/01/2020,09:54:06,600,596.15,750,602.6,75,0,15300
NIFTY27FEB2011700CE.NFO,07/01/2020,09:54:07,600,596.15,750,603,75,0,15300
NIFTY27FEB2011700CE.NFO,07/01/2020,09:54:18,600,596.15,750,603.4,75,0,15300
NIFTY27FEB2011700CE.NFO,07/01/2020,09:54:25,600,594.4,75,603.05,75,0,15300
NIFTY27FEB2011700CE.NFO,07/01/2020,09:54:27,600,594.45,750,603.45,75,0,15300
NIFTY27FEB2011700CE.NFO,07/01/2020,09:54:29,600,594.8,75,603.45,75,0,15300
NIFTY27FEB2011700CE.NFO,07/01/2020,09:54:30,600,594.85,750,603.45,75,0,15300
NIFTY27FEB2011700CE.NFO,07/01/2020,09:54:34,600,594.85,750,603.85,75,0,15300
NIFTY27FEB2011700CE.NFO,07/01/2020,09:54:36,600,595.55,75,603.85,75,0,15300
NIFTY27FEB2011700CE.NFO,07/01/2020,09:54:37,600,596.35,750,604.65,75,0,15300
NIFTY27FEB2011700CE.NFO,07/01/2020,09:54:39,600,596.35,750,605,600,0,15300
NIFTY27FEB2011700CE.NFO,07/01/2020,09:54:42,600,596.65,75,605,600,0,15300
NIFTY27FEB2011700CE.NFO,07/01/2020,09:54:43,600,596.7,750,605,600,0,15300
NIFTY27FEB2011700CE.NFO,07/01/2020,09:54:48,600,596.7,750,604.7,75,0,15300
NIFTY27FEB2011700CE.NFO,07/01/2020,09:54:54,600,597.2,75,605,600,0,15300
NIFTY27FEB2011700CE.NFO,07/01/2020,09:54:55,600,597.15,750,605,600,0,15300
NIFTY27FEB2011700CE.NFO,07/01/2020,09:54:56,600,597.2,300,605,600,0,15300
NIFTY27FEB2011700CE.NFO,07/01/2020,09:54:57,600,597.15,825,605,600,0,15300
NIFTY27FEB2011700CE.NFO,07/01/2020,09:54:59,600,598.1,750,605,600,0,15300
NIFTY27FEB2011700CE.NFO,07/01/2020,09:55:01,600,598.45,75,605,600,0,15300
NIFTY27FEB2011700CE.NFO,07/01/2020,09:55:02,600,598.5,1050,605,600,0,15300
NIFTY27FEB2011700CE.NFO,07/01/2020,09:55:04,600,598.5,750,605,600,0,15300
NIFTY27FEB2011700CE.NFO,07/01/2020,09:55:09,600,599.1,750,605,600,0,15300
NIFTY27FEB2011700CE.NFO,07/01/2020,09:55:10,600,599.8,75,605,600,0,15300
NIFTY27FEB2011700CE.NFO,07/01/2020,09:55:11,600,599.85,750,605,600,0,15300
NIFTY27FEB2011700CE.NFO,07/01/2020,09:55:15,600,600.4,750,605,600,0,15300
NIFTY27FEB2011700CE.NFO,07/01/2020,09:55:33,600,600.55,300,605,600,0,15300
NIFTY27FEB2011700CE.NFO,07/01/2020,09:55:38,600,600.95,300,605,600,0,15300
NIFTY27FEB2011700CE.NFO,07/01/2020,09:55:40,600,600.8,750,605,600,0,15300
NIFTY27FEB2011700CE.NFO,07/01/2020,09:55:42,600,601.15,750,605,600,0,15300
NIFTY27FEB2011700CE.NFO,07/01/2020,09:55:47,600,601.9,750,605,600,0,15300
NIFTY27FEB2011700CE.NFO,07/01/2020,09:56:14,600,598.3,750,605,600,0,15300
NIFTY27FEB2011700CE.NFO,07/01/2020,09:56:15,600,599.25,750,605,600,0,15300
NIFTY27FEB2011700CE.NFO,07/01/2020,09:56:16,600,599.95,75,605,600,0,15300
NIFTY27FEB2011700CE.NFO,07/01/2020,09:56:17,600,600.35,750,605,600,0,15300
NIFTY27FEB2011700CE.NFO,07/01/2020,09:56:32,600,600.35,825,605,600,0,15300
NIFTY27FEB2011700CE.NFO,07/01/2020,09:56:34,600,600.35,750,605,600,0,15300
NIFTY27FEB2011700CE.NFO,07/01/2020,09:57:29,600,600.7,75,605,600,0,15300
NIFTY27FEB2011700CE.NFO,07/01/2020,09:57:30,600,600.35,750,605,600,0,15300
NIFTY27FEB2011700CE.NFO,07/01/2020,09:58:41,600,597.75,825,605,600,0,15300
NIFTY27FEB2011700CE.NFO,07/01/2020,09:58:42,600,597.75,750,605,600,0,15300
NIFTY27FEB2011700CE.NFO,07/01/2020,09:58:46,600,597.75,750,604.65,75,0,15300
NIFTY27FEB2011700CE.NFO,07/01/2020,09:58:47,600,595.85,750,604.65,75,0,15300
NIFTY27FEB2011700CE.NFO,07/01/2020,09:58:48,600,595.85,750,604.55,75,0,15300
NIFTY27FEB2011700CE.NFO,07/01/2020,09:58:56,600,596.25,750,604.55,75,0,15300
NIFTY27FEB2011700CE.NFO,07/01/2020,09:58:57,600,596.25,750,604.95,75,0,15300
NIFTY27FEB2011700CE.NFO,07/01/2020,09:58:58,600,596.25,750,603.5,75,0,15300
NIFTY27FEB2011700CE.NFO,07/01/2020,09:59:00,600,596.25,750,604.3,75,0,15300
NIFTY27FEB2011700CE.NFO,07/01/2020,09:59:01,600,596.25,825,604.7,75,0,15300
NIFTY27FEB2011700CE.NFO,07/01/2020,09:59:02,600,596.25,750,604.7,75,0,15300
NIFTY27FEB2011700CE.NFO,07/01/2020,09:59:03,600,596.9,75,604.9,150,0,15300
NIFTY27FEB2011700CE.NFO,07/01/2020,09:59:05,600,596.25,750,604.85,75,0,15300
NIFTY27FEB2011700CE.NFO,07/01/2020,09:59:08,600,596.25,750,604.5,75,0,15300
NIFTY27FEB2011700CE.NFO,07/01/2020,09:59:16,600,596.25,750,603.25,75,0,15300
NIFTY27FEB2011700CE.NFO,07/01/2020,09:59:39,600,596.25,750,604.85,75,0,15300
NIFTY27FEB2011700CE.NFO,07/01/2020,10:00:08,600,596.25,750,602.7,75,0,15300
NIFTY27FEB2011700CE.NFO,07/01/2020,10:00:09,600,596.25,750,603.1,75,0,15300
NIFTY27FEB2011700CE.NFO,07/01/2020,10:00:12,600,596.25,750,603.5,75,0,15300
NIFTY27FEB2011700CE.NFO,07/01/2020,10:00:14,600,596.25,750,603.9,75,0,15300
NIFTY27FEB2011700CE.NFO,07/01/2020,10:00:21,600,593.8,75,603.9,75,0,15300
NIFTY27FEB2011700CE.NFO,07/01/2020,10:00:22,600,593.45,750,603.9,75,0,15300
NIFTY27FEB2011700CE.NFO,07/01/2020,10:00:23,600,593.45,750,601.6,75,0,15300
NIFTY27FEB2011700CE.NFO,07/01/2020,10:00:27,600,593.45,750,602,75,0,15300
NIFTY27FEB2011700CE.NFO,07/01/2020,10:00:42,600,593.45,750,600.25,75,0,15300
NIFTY27FEB2011700CE.NFO,07/01/2020,10:00:43,600,592.1,75,601.45,75,0,15300
NIFTY27FEB2011700CE.NFO,07/01/2020,10:00:44,600,591.7,75,601.45,75,0,15300
NIFTY27FEB2011700CE.NFO,07/01/2020,10:00:46,600,591.75,750,601.45,75,0,15300
NIFTY27FEB2011700CE.NFO,07/01/2020,10:00:48,600,591.75,750,600.4,75,0,15300
NIFTY27FEB2011700CE.NFO,07/01/2020,10:00:52,600,591.75,750,599.8,75,0,15300
NIFTY27FEB2011700CE.NFO,07/01/2020,10:00:54,600,590.55,750,599.8,75,0,15300
NIFTY27FEB2011700CE.NFO,07/01/2020,10:00:57,600,590.85,75,599.6,75,0,15300
NIFTY27FEB2011700CE.NFO,07/01/2020,10:00:58,600,590.5,300,600,75,0,15300
NIFTY27FEB2011700CE.NFO,07/01/2020,10:00:59,600,590.4,300,599.65,75,0,15300
NIFTY27FEB2011700CE.NFO,07/01/2020,10:01:00,600,590.75,750,599.65,75,0,15300
NIFTY27FEB2011700CE.NFO,07/01/2020,10:01:02,600,591.4,75,600.85,75,0,15300
NIFTY27FEB2011700CE.NFO,07/01/2020,10:01:03,600,592.15,750,600.85,75,0,15300
NIFTY27FEB2011700CE.NFO,07/01/2020,10:01:10,600,592.15,750,599.75,75,0,15300
NIFTY27FEB2011700CE.NFO,07/01/2020,10:01:19,600,592.15,750,597.9,75,0,15300
NIFTY27FEB2011700CE.NFO,07/01/2020,10:01:21,600,592.15,750,599.9,75,0,15300
NIFTY27FEB2011700CE.NFO,07/01/2020,10:01:22,600,592.15,750,598.8,75,0,15300
NIFTY27FEB2011700CE.NFO,07/01/2020,10:01:28,600,592.15,750,598.45,75,0,15300
NIFTY27FEB2011700CE.NFO,07/01/2020,10:01:34,600,592.15,750,598.85,75,0,15300
NIFTY27FEB2011700CE.NFO,07/01/2020,10:01:35,600,589.35,750,597.75,75,0,15300
NIFTY27FEB2011700CE.NFO,07/01/2020,10:01:36,600,588.8,75,597.75,75,0,15300
NIFTY27FEB2011700CE.NFO,07/01/2020,10:01:37,600,588,75,597.75,75,0,15300
NIFTY27FEB2011700CE.NFO,07/01/2020,10:01:39,600,588.5,75,597.75,75,0,15300
NIFTY27FEB2011700CE.NFO,07/01/2020,10:01:40,600,588.1,75,597.75,75,0,15300
NIFTY27FEB2011700CE.NFO,07/01/2020,10:01:41,600,588.9,75,597.75,75,0,15300
NIFTY27FEB2011700CE.NFO,07/01/2020,10:01:42,600,588.7,750,597.75,75,0,15300
NIFTY27FEB2011700CE.NFO,07/01/2020,10:01:44,600,588.85,75,598.55,75,0,15300
NIFTY27FEB2011700CE.NFO,07/01/2020,10:01:46,600,589.1,300,598.55,75,0,15300
NIFTY27FEB2011700CE.NFO,07/01/2020,10:01:47,600,589.65,750,598.55,75,0,15300
NIFTY27FEB2011700CE.NFO,07/01/2020,10:01:51,600,589.65,750,597.5,75,0,15300
NIFTY27FEB2011700CE.NFO,07/01/2020,10:02:02,600,589.65,750,597.9,75,0,15300
NIFTY27FEB2011700CE.NFO,07/01/2020,10:02:03,600,589.65,750,598.2,150,0,15300
NIFTY27FEB2011700CE.NFO,07/01/2020,10:02:04,600,589.65,750,597.95,75,0,15300
NIFTY27FEB2011700CE.NFO,07/01/2020,10:02:07,600,589.65,750,598,75,0,15300
NIFTY27FEB2011700CE.NFO,07/01/2020,10:02:09,600,590.15,750,598.8,75,0,15300
NIFTY27FEB2011700CE.NFO,07/01/2020,10:02:10,600,590.55,750,598.8,75,0,15300
NIFTY27FEB2011700CE.NFO,07/01/2020,10:02:12,600,590.55,750,599.2,75,0,15300
NIFTY27FEB2011700CE.NFO,07/01/2020,10:02:14,600,590.8,75,599.2,75,0,15300
NIFTY27FEB2011700CE.NFO,07/01/2020,10:02:15,600,591.15,75,600,75,0,15300
NIFTY27FEB2011700CE.NFO,07/01/2020,10:02:16,600,591.55,750,600,75,0,15300
NIFTY27FEB2011700CE.NFO,07/01/2020,10:02:17,600,591.55,750,600.4,75,0,15300
NIFTY27FEB2011700CE.NFO,07/01/2020,10:02:19,600,591.9,750,600.4,75,0,15300
NIFTY27FEB2011700CE.NFO,07/01/2020,10:02:21,600,591.9,750,599.15,75,0,15300
NIFTY27FEB2011700CE.NFO,07/01/2020,10:02:22,600,591.9,750,599.55,75,0,15300
NIFTY27FEB2011700CE.NFO,07/01/2020,10:02:25,600,591.9,750,597.6,75,0,15300
NIFTY27FEB2011700CE.NFO,07/01/2020,10:02:26,600,591.9,750,598,75,0,15300
NIFTY27FEB2011700CE.NFO,07/01/2020,10:02:28,600,591.9,750,598.4,75,0,15300
NIFTY27FEB2011700CE.NFO,07/01/2020,10:02:29,600,591.9,750,598.85,75,0,15300
NIFTY27FEB2011700CE.NFO,07/01/2020,10:02:32,600,591.9,750,599.15,150,0,15300
NIFTY27FEB2011700CE.NFO,07/01/2020,10:02:33,600,591.9,750,598.5,75,0,15300
NIFTY27FEB2011700CE.NFO,07/01/2020,10:02:34,600,591.9,750,598.95,75,0,15300
NIFTY27FEB2011700CE.NFO,07/01/2020,10:02:36,600,591.9,750,599.15,150,0,15300
NIFTY27FEB2011700CE.NFO,07/01/2020,10:02:37,600,591.9,750,599.65,150,0,15300
NIFTY27FEB2011700CE.NFO,07/01/2020,10:02:39,600,591.9,750,599.4,75,0,15300
NIFTY27FEB2011700CE.NFO,07/01/2020,10:02:41,600,591.9,750,599.8,75,0,15300
NIFTY27FEB2011700CE.NFO,07/01/2020,10:02:44,600,591.9,750,600.2,75,0,15300
NIFTY27FEB2011700CE.NFO,07/01/2020,10:02:46,600,591.9,750,600.6,75,0,15300
NIFTY27FEB2011700CE.NFO,07/01/2020,10:02:52,600,591.9,750,600.9,150,0,15300
NIFTY27FEB2011700CE.NFO,07/01/2020,10:02:53,600,591.9,1125,600.65,75,0,15300
NIFTY27FEB2011700CE.NFO,07/01/2020,10:02:54,600,591.9,1125,601.05,75,0,15300
NIFTY27FEB2011700CE.NFO,07/01/2020,10:03:01,600,591.9,1125,601.35,150,0,15300
NIFTY27FEB2011700CE.NFO,07/01/2020,10:03:02,600,591.9,1125,601.85,75,0,15300
NIFTY27FEB2011700CE.NFO,07/01/2020,10:03:11,600,591.9,825,601.85,75,0,15300
NIFTY27FEB2011700CE.NFO,07/01/2020,10:03:12,600,591.9,750,601.85,75,0,15300
NIFTY27FEB2011700CE.NFO,07/01/2020,10:03:13,600,591.9,750,600.7,75,0,15300
NIFTY27FEB2011700CE.NFO,07/01/2020,10:03:16,600,592,75,600.7,75,0,15300
NIFTY27FEB2011700CE.NFO,07/01/2020,10:03:17,600,591.9,750,600.7,75,0,15300
NIFTY27FEB2011700CE.NFO,07/01/2020,10:03:26,600,591.9,750,598.75,75,0,15300
NIFTY27FEB2011700CE.NFO,07/01/2020,10:03:32,600,591.9,750,599.15,75,0,15300
NIFTY27FEB2011700CE.NFO,07/01/2020,10:03:36,600,591.9,750,599.55,75,0,15300
NIFTY27FEB2011700CE.NFO,07/01/2020,10:03:44,600,591.9,750,597.3,75,0,15300
NIFTY27FEB2011700CE.NFO,07/01/2020,10:03:47,600,591.9,750,598.5,75,0,15300
NIFTY27FEB2011700CE.NFO,07/01/2020,10:03:53,600,591.9,750,598.9,75,0,15300
NIFTY27FEB2011700CE.NFO,07/01/2020,10:03:54,600,591.9,750,599.2,150,0,15300
NIFTY27FEB2011700CE.NFO,07/01/2020,10:03:57,600,591.9,750,600.1,75,0,15300
NIFTY27FEB2011700CE.NFO,07/01/2020,10:03:59,600,591.9,750,600.5,75,0,15300
NIFTY27FEB2011700CE.NFO,07/01/2020,10:04:07,600,591.9,750,599.8,75,0,15300
NIFTY27FEB2011700CE.NFO,07/01/2020,10:04:25,600,591.9,750,600.6,75,0,15300
NIFTY27FEB2011700CE.NFO,07/01/2020,10:04:29,600,591.9,825,600.6,75,0,15300
NIFTY27FEB2011700CE.NFO,07/01/2020,10:04:30,600,591.9,825,601,75,0,15300
NIFTY27FEB2011700CE.NFO,07/01/2020,10:04:36,600,592.75,750,601.8,75,0,15300
NIFTY27FEB2011700CE.NFO,07/01/2020,10:04:43,600,592.75,750,600.25,75,0,15300
NIFTY27FEB2011700CE.NFO,07/01/2020,10:04:44,600,592.75,750,600.65,75,0,15300
NIFTY27FEB2011700CE.NFO,07/01/2020,10:04:48,600,592.75,750,601.05,75,0,15300
NIFTY27FEB2011700CE.NFO,07/01/2020,10:05:09,600,592.75,750,598.65,75,0,15300
NIFTY27FEB2011700CE.NFO,07/01/2020,10:05:10,600,592.75,750,599.05,75,0,15300
NIFTY27FEB2011700CE.NFO,07/01/2020,10:05:30,600,589.3,750,599.05,75,0,15300
NIFTY27FEB2011700CE.NFO,07/01/2020,10:05:31,600,588.15,300,599.05,75,0,15300
NIFTY27FEB2011700CE.NFO,07/01/2020,10:05:32,600,587.35,375,597.1,75,0,15300
NIFTY27FEB2011700CE.NFO,07/01/2020,10:05:37,600,587.75,300,597.1,75,0,15300
NIFTY27FEB2011700CE.NFO,07/01/2020,10:05:39,600,588.55,750,597.5,75,0,15300
NIFTY27FEB2011700CE.NFO,07/01/2020,10:05:40,600,588.8,75,597.5,75,0,15300
NIFTY27FEB2011700CE.NFO,07/01/2020,10:05:42,600,589.65,75,598.35,75,0,15300
NIFTY27FEB2011700CE.NFO,07/01/2020,10:05:44,600,589.55,750,598.35,75,0,15300
NIFTY27FEB2011700CE.NFO,07/01/2020,10:05:46,600,589.6,375,600.55,75,0,15300
NIFTY27FEB2011700CE.NFO,07/01/2020,10:05:50,600,589.95,300,600.55,75,0,15300
NIFTY27FEB2011700CE.NFO,07/01/2020,10:05:51,600,590,750,600.55,75,0,15300
NIFTY27FEB2011700CE.NFO,07/01/2020,10:05:54,600,590.05,75,600.55,75,0,15300
NIFTY27FEB2011700CE.NFO,07/01/2020,10:05:55,600,590,750,598.15,75,0,15300
NIFTY27FEB2011700CE.NFO,07/01/2020,10:06:00,600,590,750,598.95,75,0,15300
NIFTY27FEB2011700CE.NFO,07/01/2020,10:06:05,600,590,750,596.2,75,0,15300
NIFTY27FEB2011700CE.NFO,07/01/2020,10:06:06,600,590,750,596.6,75,0,15300
NIFTY27FEB2011700CE.NFO,07/01/2020,10:06:08,600,590,750,597.4,75,0,15300
NIFTY27FEB2011700CE.NFO,07/01/2020,10:06:18,600,586.5,75,594.95,75,0,15300
NIFTY27FEB2011700CE.NFO,07/01/2020,10:06:19,600,586.5,75,595.35,75,0,15300
NIFTY27FEB2011700CE.NFO,07/01/2020,10:06:20,600,587.5,75,596.55,75,0,15300
NIFTY27FEB2011700CE.NFO,07/01/2020,10:06:21,600,587.25,75,597.45,75,0,15300
NIFTY27FEB2011700CE.NFO,07/01/2020,10:06:23,600,586.1,75,594.3,75,0,15300
NIFTY27FEB2011700CE.NFO,07/01/2020,10:06:24,600,586.35,75,595.1,75,0,15300
NIFTY27FEB2011700CE.NFO,07/01/2020,10:06:25,600,586.4,750,595.1,75,0,15300
NIFTY27FEB2011700CE.NFO,07/01/2020,10:06:26,600,587.1,75,595.9,75,0,15300
NIFTY27FEB2011700CE.NFO,07/01/2020,10:06:28,600,587.15,750,596.3,75,0,15300
NIFTY27FEB2011700CE.NFO,07/01/2020,10:06:29,600,587.15,750,596.2,150,0,15300
NIFTY27FEB2011700CE.NFO,07/01/2020,10:06:30,600,587.55,300,595.95,75,0,15300
NIFTY27FEB2011700CE.NFO,07/01/2020,10:06:32,600,587.6,750,596,75,0,15300
NIFTY27FEB2011700CE.NFO,07/01/2020,10:06:41,600,584.9,750,594.3,75,0,15300
NIFTY27FEB2011700CE.NFO,07/01/2020,10:06:42,600,585.25,750,594.7,75,0,15300
NIFTY27FEB2011700CE.NFO,07/01/2020,10:06:45,600,582.95,75,594.7,75,0,15300
NIFTY27FEB2011700CE.NFO,07/01/2020,10:06:46,600,583.3,75,592.35,75,0,15300
NIFTY27FEB2011700CE.NFO,07/01/2020,10:06:48,600,583.35,750,592.75,75,0,15300
NIFTY27FEB2011700CE.NFO,07/01/2020,10:06:49,600,584.1,750,592.75,75,0,15300
NIFTY27FEB2011700CE.NFO,07/01/2020,10:06:50,600,584.05,75,592.75,75,0,15300
NIFTY27FEB2011700CE.NFO,07/01/2020,10:06:52,600,584.05,75,593.55,75,0,15300
NIFTY27FEB2011700CE.NFO,07/01/2020,10:06:53,600,584.65,75,593.55,75,0,15300
NIFTY27FEB2011700CE.NFO,07/01/2020,10:06:54,600,584.35,300,593.55,75,0,15300
NIFTY27FEB2011700CE.NFO,07/01/2020,10:06:57,600,584.55,75,593.65,75,0,15300
NIFTY27FEB2011700CE.NFO,07/01/2020,10:06:58,600,585.3,75,594.05,75,0,15300
NIFTY27FEB2011700CE.NFO,07/01/2020,10:06:59,600,585.8,75,594.3,75,0,15300
NIFTY27FEB2011700CE.NFO,07/01/2020,10:07:01,600,585.35,375,594.75,75,0,15300
NIFTY27FEB2011700CE.NFO,07/01/2020,10:07:02,600,584.55,375,593.65,75,0,15300
NIFTY27FEB2011700CE.NFO,07/01/2020,10:07:03,600,584.15,75,594.05,75,0,15300
NIFTY27FEB2011700CE.NFO,07/01/2020,10:07:06,600,583.75,75,594.05,75,0,15300
NIFTY27FEB2011700CE.NFO,07/01/2020,10:07:07,600,584.1,75,594.05,75,0,15300
NIFTY27FEB2011700CE.NFO,07/01/2020,10:07:08,600,584.75,75,594.05,75,0,15300
NIFTY27FEB2011700CE.NFO,07/01/2020,10:07:09,600,584.8,750,594.05,75,0,15300
NIFTY27FEB2011700CE.NFO,07/01/2020,10:07:11,600,583.65,75,594.05,75,0,15300
NIFTY27FEB2011700CE.NFO,07/01/2020,10:07:13,600,583.65,75,592.9,75,0,15300
NIFTY27FEB2011700CE.NFO,07/01/2020,10:07:15,600,583.25,75,592.9,75,0,15300
NIFTY27FEB2011700CE.NFO,07/01/2020,10:07:17,600,582.85,75,591.2,75,0,15300
NIFTY27FEB2011700CE.NFO,07/01/2020,10:07:18,600,582.9,300,591.6,75,0,15300
NIFTY27FEB2011700CE.NFO,07/01/2020,10:07:19,600,583.75,750,592.8,75,0,15300
NIFTY27FEB2011700CE.NFO,07/01/2020,10:07:20,600,583.75,750,593.2,75,0,15300
NIFTY27FEB2011700CE.NFO,07/01/2020,10:07:22,600,584.5,750,593.6,75,0,15300
NIFTY27FEB2011700CE.NFO,07/01/2020,10:07:24,600,585.2,75,594,75,0,15300
NIFTY27FEB2011700CE.NFO,07/01/2020,10:07:25,600,585.25,750,593.65,75,0,15300
NIFTY27FEB2011700CE.NFO,07/01/2020,10:07:26,600,585.3,375,594.45,75,0,15300
NIFTY27FEB2011700CE.NFO,07/01/2020,10:07:29,600,585.3,75,594.45,75,0,15300
NIFTY27FEB2011700CE.NFO,07/01/2020,10:07:30,600,584.55,750,594.45,75,0,15300
NIFTY27FEB2011700CE.NFO,07/01/2020,10:07:31,600,583.75,300,592.75,75,0,15300
NIFTY27FEB2011700CE.NFO,07/01/2020,10:07:33,600,585.25,750,593.95,75,0,15300
NIFTY27FEB2011700CE.NFO,07/01/2020,10:07:34,600,585.2,75,594.25,150,0,15300
NIFTY27FEB2011700CE.NFO,07/01/2020,10:07:35,600,585.25,750,593.6,75,0,15300
NIFTY27FEB2011700CE.NFO,07/01/2020,10:07:36,600,585.25,750,593.25,75,0,15300
NIFTY27FEB2011700CE.NFO,07/01/2020,10:07:37,600,585.25,1050,594.05,75,0,15300
NIFTY27FEB2011700CE.NFO,07/01/2020,10:07:39,600,586,750,594.45,75,0,15300
NIFTY27FEB2011700CE.NFO,07/01/2020,10:07:40,600,586.3,75,594.85,75,0,15300
NIFTY27FEB2011700CE.NFO,07/01/2020,10:07:41,600,587.1,750,595.65,75,0,15300
NIFTY27FEB2011700CE.NFO,07/01/2020,10:07:42,600,587.1,750,596.05,75,0,15300
NIFTY27FEB2011700CE.NFO,07/01/2020,10:07:46,600,587.1,750,596.45,75,0,15300
NIFTY27FEB2011700CE.NFO,07/01/2020,10:07:48,600,587.8,750,596.75,150,0,15300
NIFTY27FEB2011700CE.NFO,07/01/2020,10:07:49,600,588.1,75,596.75,150,0,15300
NIFTY27FEB2011700CE.NFO,07/01/2020,10:07:50,600,588.15,750,596.8,150,0,15300
NIFTY27FEB2011700CE.NFO,07/01/2020,10:07:52,600,588.15,750,597.15,150,0,15300
NIFTY27FEB2011700CE.NFO,07/01/2020,10:07:53,600,588.15,750,596.8,150,0,15300
NIFTY27FEB2011700CE.NFO,07/01/2020,10:07:55,600,588.15,750,596.55,75,0,15300
NIFTY27FEB2011700CE.NFO,07/01/2020,10:07:56,600,588.15,750,595.8,75,0,15300
NIFTY27FEB2011700CE.NFO,07/01/2020,10:08:00,600,588.15,750,596.2,75,0,15300
NIFTY27FEB2011700CE.NFO,07/01/2020,10:08:02,600,588.4,750,596.5,150,0,15300
NIFTY27FEB2011700CE.NFO,07/01/2020,10:08:03,600,588.4,750,596.9,150,0,15300
NIFTY27FEB2011700CE.NFO,07/01/2020,10:08:06,600,588.4,750,596.55,150,0,15300
NIFTY27FEB2011700CE.NFO,07/01/2020,10:08:13,600,588.75,750,596.95,150,0,15300
NIFTY27FEB2011700CE.NFO,07/01/2020,10:08:15,600,588.75,750,597.85,75,0,15300
NIFTY27FEB2011700CE.NFO,07/01/2020,10:08:16,600,588.35,75,597.85,75,0,15300
NIFTY27FEB2011700CE.NFO,07/01/2020,10:08:17,600,588.4,750,597.85,75,0,15300
NIFTY27FEB2011700CE.NFO,07/01/2020,10:08:20,600,589.05,75,597.85,75,0,15300
NIFTY27FEB2011700CE.NFO,07/01/2020,10:08:21,600,588.7,750,597.9,75,0,15300
NIFTY27FEB2011700CE.NFO,07/01/2020,10:08:25,600,589.1,750,598.2,150,0,15300
NIFTY27FEB2011700CE.NFO,07/01/2020,10:08:26,600,589.1,750,598.3,75,0,15300
NIFTY27FEB2011700CE.NFO,07/01/2020,10:08:28,600,589.1,750,597.95,75,0,15300
NIFTY27FEB2011700CE.NFO,07/01/2020,10:08:29,600,589.1,750,598.35,75,0,15300
NIFTY27FEB2011700CE.NFO,07/01/2020,10:08:30,600,589.4,750,598,75,0,15300
NIFTY27FEB2011700CE.NFO,07/01/2020,10:08:32,600,589.4,750,598.4,75,0,15300
NIFTY27FEB2011700CE.NFO,07/01/2020,10:08:33,600,591.2,750,599.65,75,0,15300
NIFTY27FEB2011700CE.NFO,07/01/2020,10:08:34,600,591.2,750,599.55,150,0,15300
NIFTY27FEB2011700CE.NFO,07/01/2020,10:08:35,600,591.5,75,599.95,150,0,15300
NIFTY27FEB2011700CE.NFO,07/01/2020,10:08:37,600,591.55,750,600.35,150,0,15300
NIFTY27FEB2011700CE.NFO,07/01/2020,10:08:38,600,591.55,750,600.1,75,0,15300
NIFTY27FEB2011700CE.NFO,07/01/2020,10:08:39,600,591.55,750,599.45,75,0,15300
NIFTY27FEB2011700CE.NFO,07/01/2020,10:08:44,600,591.55,750,599.75,150,0,15300
NIFTY27FEB2011700CE.NFO,07/01/2020,10:08:46,600,591.55,750,599.85,75,0,15300
NIFTY27FEB2011700CE.NFO,07/01/2020,10:08:55,600,591.55,750,600.25,75,0,15300
NIFTY27FEB2011700CE.NFO,07/01/2020,10:08:56,600,591.55,825,600.25,75,0,15300
NIFTY27FEB2011700CE.NFO,07/01/2020,10:08:59,600,591.55,750,600.25,75,0,15300
NIFTY27FEB2011700CE.NFO,07/01/2020,10:09:02,600,591.9,75,600.65,75,0,15300
NIFTY27FEB2011700CE.NFO,07/01/2020,10:09:03,600,591.95,750,600.3,75,0,15300
NIFTY27FEB2011700CE.NFO,07/01/2020,10:09:16,600,591.95,750,599.5,75,0,15300
NIFTY27FEB2011700CE.NFO,07/01/2020,10:09:17,600,591.95,750,599.9,75,0,15300
NIFTY27FEB2011700CE.NFO,07/01/2020,10:09:24,600,591.95,750,599.8,150,0,15300
NIFTY27FEB2011700CE.NFO,07/01/2020,10:09:25,600,591.95,750,599.15,75,0,15300
NIFTY27FEB2011700CE.NFO,07/01/2020,10:09:26,600,591.95,750,599.55,75,0,15300
NIFTY27FEB2011700CE.NFO,07/01/2020,10:09:27,600,591.95,750,599.2,75,0,15300
NIFTY27FEB2011700CE.NFO,07/01/2020,10:09:30,600,590.6,75,599.6,75,0,15300
NIFTY27FEB2011700CE.NFO,07/01/2020,10:09:31,600,590.65,750,599.6,75,0,15300
NIFTY27FEB2011700CE.NFO,07/01/2020,10:09:40,600,590.65,750,598.7,75,0,15300
NIFTY27FEB2011700CE.NFO,07/01/2020,10:09:47,600,590.65,750,599,150,0,15300
NIFTY27FEB2011700CE.NFO,07/01/2020,10:09:48,600,590.65,750,599.1,75,0,15300
NIFTY27FEB2011700CE.NFO,07/01/2020,10:09:52,600,590.65,1125,599.1,75,0,15300
NIFTY27FEB2011700CE.NFO,07/01/2020,10:09:53,600,590.65,1125,599.9,75,0,15300
NIFTY27FEB2011700CE.NFO,07/01/2020,10:09:54,600,590.65,1125,600.2,150,0,15300
NIFTY27FEB2011700CE.NFO,07/01/2020,10:09:56,600,590.65,1125,600.6,150,0,15300
NIFTY27FEB2011700CE.NFO,07/01/2020,10:09:58,600,592.3,750,601.1,75,0,15300
NIFTY27FEB2011700CE.NFO,07/01/2020,10:10:01,600,592.65,750,601.1,75,0,15300
NIFTY27FEB2011700CE.NFO,07/01/2020,10:10:10,600,592.65,750,601.9,75,0,15300
NIFTY27FEB2011700CE.NFO,07/01/2020,10:10:11,600,592.65,750,600.2,75,0,15300
NIFTY27FEB2011700CE.NFO,07/01/2020,10:10:15,600,592.65,750,600.6,75,0,15300
NIFTY27FEB2011700CE.NFO,07/01/2020,10:10:28,600,592.65,750,601,75,0,15300
NIFTY27FEB2011700CE.NFO,07/01/2020,10:10:32,600,593.15,750,601.8,75,0,15300
NIFTY27FEB2011700CE.NFO,07/01/2020,10:10:34,600,593.5,75,601.8,75,0,15300
NIFTY27FEB2011700CE.NFO,07/01/2020,10:10:35,600,593.2,300,601.8,75,0,15300
NIFTY27FEB2011700CE.NFO,07/01/2020,10:10:37,600,593.15,750,601.8,75,0,15300
NIFTY27FEB2011700CE.NFO,07/01/2020,10:10:38,600,593.5,750,602.6,75,0,15300
NIFTY27FEB2011700CE.NFO,07/01/2020,10:10:42,600,593.5,750,601,75,0,15300
NIFTY27FEB2011700CE.NFO,07/01/2020,10:10:44,600,593.5,750,601.4,75,0,15300
NIFTY27FEB2011700CE.NFO,07/01/2020,10:10:45,600,593.55,75,602.2,75,0,15300
NIFTY27FEB2011700CE.NFO,07/01/2020,10:10:49,600,593.55,375,602.2,75,0,15300
NIFTY27FEB2011700CE.NFO,07/01/2020,10:10:51,600,593.55,75,602.2,75,0,15300
NIFTY27FEB2011700CE.NFO,07/01/2020,10:10:52,600,593.6,75,602.2,75,0,15300
NIFTY27FEB2011700CE.NFO,07/01/2020,10:10:54,600,593.5,750,602.2,75,0,15300
NIFTY27FEB2011700CE.NFO,07/01/2020,10:10:59,600,593.9,75,602.6,75,0,15300
NIFTY27FEB2011700CE.NFO,07/01/2020,10:11:00,600,593.95,750,602.6,75,0,15300
NIFTY27FEB2011700CE.NFO,07/01/2020,10:11:07,600,593.95,825,602.6,75,0,15300
NIFTY27FEB2011700CE.NFO,07/01/2020,10:11:08,600,593.95,825,603,75,0,15300
NIFTY27FEB2011700CE.NFO,07/01/2020,10:11:12,600,594.9,750,603,75,0,15300
NIFTY27FEB2011700CE.NFO,07/01/2020,10:11:17,600,594.9,750,603.4,75,0,15300
NIFTY27FEB2011700CE.NFO,07/01/2020,10:11:20,600,594.9,825,603.4,75,0,15300
NIFTY27FEB2011700CE.NFO,07/01/2020,10:11:21,600,594.9,750,603.4,75,0,15300
NIFTY27FEB2011700CE.NFO,07/01/2020,10:11:37,600,595.45,75,604.2,75,0,15300
NIFTY27FEB2011700CE.NFO,07/01/2020,10:11:38,600,595.3,750,604.2,75,0,15300
NIFTY27FEB2011700CE.NFO,07/01/2020,10:11:41,600,596.05,750,604.6,75,0,15300
NIFTY27FEB2011700CE.NFO,07/01/2020,10:11:46,600,596.05,750,604.2,75,0,15300
NIFTY27FEB2011700CE.NFO,07/01/2020,10:11:47,600,596.05,750,604.6,75,0,15300
NIFTY27FEB2011700CE.NFO,07/01/2020,10:11:51,600,596.05,750,604.05,75,0,15300
NIFTY27FEB2011700CE.NFO,07/01/2020,10:11:52,600,596.05,750,604.85,75,0,15300
NIFTY27FEB2011700CE.NFO,07/01/2020,10:11:54,600,596.05,750,605,600,0,15300
NIFTY27FEB2011700CE.NFO,07/01/2020,10:11:56,600,596.05,750,604.9,75,0,15300
NIFTY27FEB2011700CE.NFO,07/01/2020,10:12:01,600,596.05,825,604.9,75,0,15300
NIFTY27FEB2011700CE.NFO,07/01/2020,10:12:02,600,596.05,1125,604.9,75,0,15300
NIFTY27FEB2011700CE.NFO,07/01/2020,10:12:03,600,596.05,750,604.9,75,0,15300
NIFTY27FEB2011700CE.NFO,07/01/2020,10:12:04,600,596.05,750,605,600,0,15300
NIFTY27FEB2011700CE.NFO,07/01/2020,10:12:05,600,596.8,750,605,600,0,15300
NIFTY27FEB2011700CE.NFO,07/01/2020,10:12:08,600,596.8,750,604.9,75,0,15300
NIFTY27FEB2011700CE.NFO,07/01/2020,10:12:10,600,596.8,750,605,600,0,15300
NIFTY27FEB2011700CE.NFO,07/01/2020,10:12:13,600,596.8,750,604.55,75,0,15300
NIFTY27FEB2011700CE.NFO,07/01/2020,10:12:17,600,596.8,750,604.95,75,0,15300
NIFTY27FEB2011700CE.NFO,07/01/2020,10:12:19,600,596.8,750,605,675,0,15300
NIFTY27FEB2011700CE.NFO,07/01/2020,10:12:20,600,596.8,750,605,600,0,15300
NIFTY27FEB2011700CE.NFO,07/01/2020,10:12:23,600,596.8,825,605,600,0,15300
NIFTY27FEB2011700CE.NFO,07/01/2020,10:12:24,600,596.8,750,605,600,0,15300
NIFTY27FEB2011700CE.NFO,07/01/2020,10:12:28,600,597.25,750,605,600,0,15300
NIFTY27FEB2011700CE.NFO,07/01/2020,10:12:32,600,597.25,825,605,600,0,15300
NIFTY27FEB2011700CE.NFO,07/01/2020,10:12:34,600,597.25,750,605,600,0,15300
NIFTY27FEB2011700CE.NFO,07/01/2020,10:12:54,600,597.25,825,605,600,0,15300
NIFTY27FEB2011700CE.NFO,07/01/2020,10:12:55,600,597.25,750,605,600,0,15300
NIFTY27FEB2011700CE.NFO,07/01/2020,10:12:59,600,597.25,750,604.75,75,0,15300
NIFTY27FEB2011700CE.NFO,07/01/2020,10:13:03,600,597.25,750,604.4,75,0,15300
NIFTY27FEB2011700CE.NFO,07/01/2020,10:13:06,600,597.25,750,604.8,75,0,15300
NIFTY27FEB2011700CE.NFO,07/01/2020,10:13:09,600,597.25,750,603.85,75,0,15300
NIFTY27FEB2011700CE.NFO,07/01/2020,10:13:14,600,597.25,750,604.65,75,0,15300
NIFTY27FEB2011700CE.NFO,07/01/2020,10:13:19,600,597.25,750,603.9,75,0,15300
NIFTY27FEB2011700CE.NFO,07/01/2020,10:13:22,600,593.6,825,602.2,75,0,15300
NIFTY27FEB2011700CE.NFO,07/01/2020,10:13:23,600,593.6,750,602.2,75,0,15300
NIFTY27FEB2011700CE.NFO,07/01/2020,10:13:26,600,593.95,750,603,75,0,15300
NIFTY27FEB2011700CE.NFO,07/01/2020,10:13:27,600,593.95,750,603.4,75,0,15300
NIFTY27FEB2011700CE.NFO,07/01/2020,10:13:30,600,594.45,750,603.8,75,0,15300
NIFTY27FEB2011700CE.NFO,07/01/2020,10:13:39,600,594.8,750,603.8,75,0,15300
NIFTY27FEB2011700CE.NFO,07/01/2020,10:13:40,600,594.9,300,603.8,75,0,15300
NIFTY27FEB2011700CE.NFO,07/01/2020,10:13:41,600,595.65,750,604.2,75,0,15300
NIFTY27FEB2011700CE.NFO,07/01/2020,10:13:44,600,596.1,75,604.2,75,0,15300
NIFTY27FEB2011700CE.NFO,07/01/2020,10:13:45,600,596.15,750,604.2,75,0,15300
NIFTY27FEB2011700CE.NFO,07/01/2020,10:13:46,600,596.6,750,605,675,0,15300
NIFTY27FEB2011700CE.NFO,07/01/2020,10:13:47,600,596.75,75,605,600,0,15300
NIFTY27FEB2011700CE.NFO,07/01/2020,10:13:49,600,596.6,750,605,600,0,15300
NIFTY27FEB2011700CE.NFO,07/01/2020,10:13:51,600,596.65,75,605,600,0,15300
NIFTY27FEB2011700CE.NFO,07/01/2020,10:13:53,600,597.15,750,605,600,0,15300
NIFTY27FEB2011700CE.NFO,07/01/2020,10:14:02,600,597.15,1125,605,600,0,15300
NIFTY27FEB2011700CE.NFO,07/01/2020,10:15:43,600,597.15,825,605,600,0,15300
NIFTY27FEB2011700CE.NFO,07/01/2020,10:15:46,600,597.15,750,605,600,0,15300
NIFTY27FEB2011700CE.NFO,07/01/2020,10:15:48,600,597.15,750,605,675,0,15300
NIFTY27FEB2011700CE.NFO,07/01/2020,10:15:54,600,597.15,750,605,600,0,15300
NIFTY27FEB2011700CE.NFO,07/01/2020,10:15:57,600,597.15,750,605,675,0,15300
NIFTY27FEB2011700CE.NFO,07/01/2020,10:16:07,600,595.85,375,605,675,0,15300
NIFTY27FEB2011700CE.NFO,07/01/2020,10:16:08,600,596.65,750,605,600,0,15300
NIFTY27FEB2011700CE.NFO,07/01/2020,10:16:11,600,597.05,750,605,600,0,15300
NIFTY27FEB2011700CE.NFO,07/01/2020,10:16:16,600,597.05,750,604.7,75,0,15300
NIFTY27FEB2011700CE.NFO,07/01/2020,10:16:19,600,597.05,750,605,600,0,15300
NIFTY27FEB2011700CE.NFO,07/01/2020,10:16:26,600,597.45,375,605,600,0,15300
NIFTY27FEB2011700CE.NFO,07/01/2020,10:16:28,600,597.85,300,605,600,0,15300
NIFTY27FEB2011700CE.NFO,07/01/2020,10:16:29,600,597.9,750,605,600,0,15300
NIFTY27FEB2011700CE.NFO,07/01/2020,10:16:37,600,597.9,750,605,675,0,15300
NIFTY27FEB2011700CE.NFO,07/01/2020,10:16:38,600,597.9,750,605,600,0,15300
NIFTY27FEB2011700CE.NFO,07/01/2020,10:16:47,600,597.9,1125,605,600,0,15300
NIFTY27FEB2011700CE.NFO,07/01/2020,10:16:49,600,597.9,750,605,600,0,15300
NIFTY27FEB2011700CE.NFO,07/01/2020,10:16:52,600,598.35,825,605,600,0,15300
NIFTY27FEB2011700CE.NFO,07/01/2020,10:16:54,600,598.35,750,605,600,0,15300
NIFTY27FEB2011700CE.NFO,07/01/2020,10:16:56,600,598.65,300,605,600,0,15300
NIFTY27FEB2011700CE.NFO,07/01/2020,10:16:58,600,599.4,750,605,600,0,15300
NIFTY27FEB2011700CE.NFO,07/01/2020,10:17:30,600,597.05,75,605,600,0,15300
NIFTY27FEB2011700CE.NFO,07/01/2020,10:17:31,600,597.1,750,605,600,0,15300
NIFTY27FEB2011700CE.NFO,07/01/2020,10:17:32,600,597.1,825,605,600,0,15300
NIFTY27FEB2011700CE.NFO,07/01/2020,10:17:33,600,597.1,750,605,600,0,15300
NIFTY27FEB2011700CE.NFO,07/01/2020,10:17:35,600,597.85,300,605,600,0,15300
NIFTY27FEB2011700CE.NFO,07/01/2020,10:17:36,600,597.5,750,605,600,0,15300
NIFTY27FEB2011700CE.NFO,07/01/2020,10:17:39,600,598.1,750,605,600,0,15300
NIFTY27FEB2011700CE.NFO,07/01/2020,10:18:29,600,598.1,1050,605,600,0,15300
NIFTY27FEB2011700CE.NFO,07/01/2020,10:18:31,600,598.1,1125,605,600,0,15300
NIFTY27FEB2011700CE.NFO,07/01/2020,10:18:33,600,598.1,750,605,600,0,15300
NIFTY27FEB2011700CE.NFO,07/01/2020,10:18:39,600,598.1,750,604.3,75,0,15300
NIFTY27FEB2011700CE.NFO,07/01/2020,10:18:44,600,598.1,750,604.7,75,0,15300
NIFTY27FEB2011700CE.NFO,07/01/2020,10:18:46,600,598.1,750,605,600,0,15300
NIFTY27FEB2011700CE.NFO,07/01/2020,10:18:49,600,598.1,750,605,675,0,15300
NIFTY27FEB2011700CE.NFO,07/01/2020,10:18:52,600,598.1,750,603.85,75,0,15300
NIFTY27FEB2011700CE.NFO,07/01/2020,10:18:55,600,598.1,750,604.25,75,0,15300
NIFTY27FEB2011700CE.NFO,07/01/2020,10:19:02,600,598.1,750,605,600,0,15300
NIFTY27FEB2011700CE.NFO,07/01/2020,10:19:04,600,598.1,750,604.7,75,0,15300
NIFTY27FEB2011700CE.NFO,07/01/2020,10:19:05,600,595.05,750,604.7,75,0,15300
NIFTY27FEB2011700CE.NFO,07/01/2020,10:19:10,600,595.75,750,604.7,75,0,15300
NIFTY27FEB2011700CE.NFO,07/01/2020,10:19:16,600,595.75,750,603.55,75,0,15300
NIFTY27FEB2011700CE.NFO,07/01/2020,10:19:18,600,595.75,750,604.35,75,0,15300
NIFTY27FEB2011700CE.NFO,07/01/2020,10:19:25,600,596.1,300,604.65,150,0,15300
NIFTY27FEB2011700CE.NFO,07/01/2020,10:19:26,600,595.75,825,604.4,75,0,15300
NIFTY27FEB2011700CE.NFO,07/01/2020,10:19:27,600,596.55,750,604.8,75,0,15300
NIFTY27FEB2011700CE.NFO,07/01/2020,10:19:30,600,596.55,750,605,600,0,15300
NIFTY27FEB2011700CE.NFO,07/01/2020,10:19:32,600,597.65,750,605,600,0,15300
NIFTY27FEB2011700CE.NFO,07/01/2020,10:19:35,600,597.65,750,604.5,75,0,15300
NIFTY27FEB2011700CE.NFO,07/01/2020,10:19:36,600,597.65,750,604.9,75,0,15300
NIFTY27FEB2011700CE.NFO,07/01/2020,10:19:38,600,597.65,750,605,600,0,15300
NIFTY27FEB2011700CE.NFO,07/01/2020,10:19:39,600,597.65,750,604.95,75,0,15300
NIFTY27FEB2011700CE.NFO,07/01/2020,10:19:46,600,597.65,750,603.35,75,0,15300
NIFTY27FEB2011700CE.NFO,07/01/2020,10:19:49,600,597.65,750,604.55,75,0,15300
NIFTY27FEB2011700CE.NFO,07/01/2020,10:19:50,600,597.65,750,604.95,75,0,15300
NIFTY27FEB2011700CE.NFO,07/01/2020,10:19:51,600,597.65,750,605,600,0,15300
NIFTY27FEB2011700CE.NFO,07/01/2020,10:20:10,600,597.65,750,604.7,75,0,15300
NIFTY27FEB2011700CE.NFO,07/01/2020,10:20:11,600,597.65,750,605,600,0,15300
NIFTY27FEB2011700CE.NFO,07/01/2020,10:20:25,600,597.65,750,604.4,75,0,15300
NIFTY27FEB2011700CE.NFO,07/01/2020,10:20:28,600,597.65,750,604.8,75,0,15300
NIFTY27FEB2011700CE.NFO,07/01/2020,10:20:32,600,597.65,750,605,600,0,15300
NIFTY27FEB2011700CE.NFO,07/01/2020,10:20:36,600,597.65,750,604.85,75,0,15300
NIFTY27FEB2011700CE.NFO,07/01/2020,10:20:42,600,597.65,750,604.75,150,0,15300
NIFTY27FEB2011700CE.NFO,07/01/2020,10:20:44,600,597.65,750,604.5,75,0,15300
NIFTY27FEB2011700CE.NFO,07/01/2020,10:20:47,600,597.65,750,604.8,150,0,15300
NIFTY27FEB2011700CE.NFO,07/01/2020,10:20:54,600,597.65,750,604.9,150,0,15300
NIFTY27FEB2011700CE.NFO,07/01/2020,10:20:57,600,597.75,75,605,600,0,15300
NIFTY27FEB2011700CE.NFO,07/01/2020,10:20:58,600,597.65,750,605,600,0,15300
NIFTY27FEB2011700CE.NFO,07/01/2020,10:21:03,600,598.15,750,605,600,0,15300
NIFTY27FEB2011700CE.NFO,07/01/2020,10:21:05,600,598.4,750,605,600,0,15300
NIFTY27FEB2011700CE.NFO,07/01/2020,10:21:17,600,598.4,825,605,600,0,15300
NIFTY27FEB2011700CE.NFO,07/01/2020,10:21:18,600,598.4,750,605,600,0,15300
NIFTY27FEB2011700CE.NFO,07/01/2020,10:21:28,600,598.4,825,605,600,0,15300
NIFTY27FEB2011700CE.NFO,07/01/2020,10:21:30,600,598.4,750,605,600,0,15300
NIFTY27FEB2011700CE.NFO,07/01/2020,10:22:06,600,598.4,750,605,675,0,15300
NIFTY27FEB2011700CE.NFO,07/01/2020,10:22:16,600,598.4,750,605,600,0,15300
NIFTY27FEB2011700CE.NFO,07/01/2020,10:22:30,600,598.4,750,604.7,75,0,15300
NIFTY27FEB2011700CE.NFO,07/01/2020,10:22:42,600,594.4,75,604.7,75,0,15300
NIFTY27FEB2011700CE.NFO,07/01/2020,10:22:43,600,593.8,750,602.2,75,0,15300
NIFTY27FEB2011700CE.NFO,07/01/2020,10:22:44,600,593.8,750,603,75,0,15300
NIFTY27FEB2011700CE.NFO,07/01/2020,10:22:46,600,593.85,300,603,75,0,15300
NIFTY27FEB2011700CE.NFO,07/01/2020,10:22:48,600,593.8,750,603,75,0,15300
NIFTY27FEB2011700CE.NFO,07/01/2020,10:23:01,600,593.85,375,603.4,75,0,15300
NIFTY27FEB2011700CE.NFO,07/01/2020,10:23:02,600,593.85,375,603.8,75,0,15300
NIFTY27FEB2011700CE.NFO,07/01/2020,10:23:04,600,593.85,375,604.2,75,0,15300
NIFTY27FEB2011700CE.NFO,07/01/2020,10:23:30,600,593.8,750,604.2,75,0,15300
NIFTY27FEB2011700CE.NFO,07/01/2020,10:23:31,600,593.85,75,604.2,75,0,15300
NIFTY27FEB2011700CE.NFO,07/01/2020,10:23:33,600,594,75,604.2,75,0,15300
NIFTY27FEB2011700CE.NFO,07/01/2020,10:23:34,600,594.05,750,604.2,75,0,15300
NIFTY27FEB2011700CE.NFO,07/01/2020,10:23:37,600,594.05,750,601.8,75,0,15300
NIFTY27FEB2011700CE.NFO,07/01/2020,10:23:53,600,594.05,750,602.2,75,0,15300
NIFTY27FEB2011700CE.NFO,07/01/2020,10:24:14,600,594.05,750,600.75,75,0,15300
NIFTY27FEB2011700CE.NFO,07/01/2020,10:24:17,600,594.05,750,601.15,75,0,15300
NIFTY27FEB2011700CE.NFO,07/01/2020,10:24:22,600,594.05,750,601.95,75,0,15300
NIFTY27FEB2011700CE.NFO,07/01/2020,10:25:06,600,594.05,750,600.05,75,0,15300
NIFTY27FEB2011700CE.NFO,07/01/2020,10:25:07,600,594.05,750,600.45,75,0,15300
NIFTY27FEB2011700CE.NFO,07/01/2020,10:25:19,600,591.5,750,600.45,75,0,15300
NIFTY27FEB2011700CE.NFO,07/01/2020,10:25:27,600,591.5,750,599.45,75,0,15300
NIFTY27FEB2011700CE.NFO,07/01/2020,10:25:33,600,588.75,300,597.25,75,0,15300
NIFTY27FEB2011700CE.NFO,07/01/2020,10:25:34,600,589.05,75,597.65,75,0,15300
NIFTY27FEB2011700CE.NFO,07/01/2020,10:25:36,600,589.1,750,597.65,75,0,15300
NIFTY27FEB2011700CE.NFO,07/01/2020,10:25:49,600,589.15,375,598.05,75,0,15300
NIFTY27FEB2011700CE.NFO,07/01/2020,10:25:51,600,589.15,375,598.45,75,0,15300
NIFTY27FEB2011700CE.NFO,07/01/2020,10:25:53,600,589.15,75,598.45,75,0,15300
NIFTY27FEB2011700CE.NFO,07/01/2020,10:25:54,600,589.65,300,598.45,75,0,15300
NIFTY27FEB2011700CE.NFO,07/01/2020,10:25:55,600,589.7,750,598.45,75,0,15300
NIFTY27FEB2011700CE.NFO,07/01/2020,10:26:12,600,589.75,300,598.45,75,0,15300
NIFTY27FEB2011700CE.NFO,07/01/2020,10:26:13,600,589.7,750,598.45,75,0,15300
NIFTY27FEB2011700CE.NFO,07/01/2020,10:26:19,600,589.75,75,598.45,75,0,15300
NIFTY27FEB2011700CE.NFO,07/01/2020,10:26:21,600,589.7,750,598.45,75,0,15300
NIFTY27FEB2011700CE.NFO,07/01/2020,10:26:23,600,589.8,75,598.45,75,0,15300
NIFTY27FEB2011700CE.NFO,07/01/2020,10:26:32,600,589.7,750,598.45,75,0,15300
NIFTY27FEB2011700CE.NFO,07/01/2020,10:26:35,600,590.2,750,598.45,75,0,15300
NIFTY27FEB2011700CE.NFO,07/01/2020,10:26:38,600,590.5,75,598.75,150,0,15300
NIFTY27FEB2011700CE.NFO,07/01/2020,10:26:40,600,590.55,750,598.85,75,0,15300
NIFTY27FEB2011700CE.NFO,07/01/2020,10:26:41,600,590.55,750,598.4,75,0,15300
NIFTY27FEB2011700CE.NFO,07/01/2020,10:27:02,600,590.55,825,598.4,75,0,15300
NIFTY27FEB2011700CE.NFO,07/01/2020,10:27:06,600,590.55,750,598.4,75,0,15300
NIFTY27FEB2011700CE.NFO,07/01/2020,10:27:31,600,590.55,750,597.5,75,0,15300
NIFTY27FEB2011700CE.NFO,07/01/2020,10:27:32,600,590.55,750,597.9,75,0,15300
NIFTY27FEB2011700CE.NFO,07/01/2020,10:27:35,600,590.55,750,598.2,150,0,15300
NIFTY27FEB2011700CE.NFO,07/01/2020,10:27:37,600,590.55,750,597.95,75,0,15300
NIFTY27FEB2011700CE.NFO,07/01/2020,10:27:38,600,590.55,750,598.75,75,0,15300
NIFTY27FEB2011700CE.NFO,07/01/2020,10:27:51,600,590.55,750,597.4,75,0,15300
NIFTY27FEB2011700CE.NFO,07/01/2020,10:27:55,600,590.55,750,597.8,75,0,15300
NIFTY27FEB2011700CE.NFO,07/01/2020,10:28:02,600,590.55,750,598.2,75,0,15300
NIFTY27FEB2011700CE.NFO,07/01/2020,10:28:22,600,590.55,750,598.6,75,0,15300
NIFTY27FEB2011700CE.NFO,07/01/2020,10:28:26,600,591.35,75,600.2,75,0,15300
NIFTY27FEB2011700CE.NFO,07/01/2020,10:28:27,600,592.05,750,600.5,150,0,15300
NIFTY27FEB2011700CE.NFO,07/01/2020,10:28:30,600,592.4,750,600.5,150,0,15300
NIFTY27FEB2011700CE.NFO,07/01/2020,10:28:33,600,592.8,750,601.3,150,0,15300
NIFTY27FEB2011700CE.NFO,07/01/2020,10:28:34,600,592.8,750,600.95,150,0,15300
NIFTY27FEB2011700CE.NFO,07/01/2020,10:28:37,600,592.8,750,601.1,75,0,15300
NIFTY27FEB2011700CE.NFO,07/01/2020,10:28:38,600,592.8,750,601,75,0,15300
NIFTY27FEB2011700CE.NFO,07/01/2020,10:28:43,600,592.8,750,600.2,75,0,15300
NIFTY27FEB2011700CE.NFO,07/01/2020,10:28:46,600,592.8,750,600.6,75,0,15300
NIFTY27FEB2011700CE.NFO,07/01/2020,10:28:47,600,592.8,750,600.45,75,0,15300
NIFTY27FEB2011700CE.NFO,07/01/2020,10:28:53,600,592.8,750,600.85,75,0,15300
NIFTY27FEB2011700CE.NFO,07/01/2020,10:29:38,600,592.8,750,599.8,75,0,15300
NIFTY27FEB2011700CE.NFO,07/01/2020,10:29:40,600,592.8,750,600.2,75,0,15300
NIFTY27FEB2011700CE.NFO,07/01/2020,10:30:00,600,592.8,750,600.6,75,0,15300
NIFTY27FEB2011700CE.NFO,07/01/2020,10:30:03,600,592.8,750,600.9,150,0,15300
NIFTY27FEB2011700CE.NFO,07/01/2020,10:30:05,600,592.8,750,601.3,150,0,15300
NIFTY27FEB2011700CE.NFO,07/01/2020,10:30:07,600,592.8,750,601.05,75,0,15300
NIFTY27FEB2011700CE.NFO,07/01/2020,10:30:08,600,592.8,750,600.95,150,0,15300
NIFTY27FEB2011700CE.NFO,07/01/2020,10:30:14,600,592.8,750,600.7,75,0,15300
NIFTY27FEB2011700CE.NFO,07/01/2020,10:30:15,600,592.9,300,601,150,0,15300
NIFTY27FEB2011700CE.NFO,07/01/2020,10:30:18,600,592.8,825,601,150,0,15300
NIFTY27FEB2011700CE.NFO,07/01/2020,10:30:19,600,592.8,825,601,75,0,15300
NIFTY27FEB2011700CE.NFO,07/01/2020,10:30:20,600,592.8,825,601.3,150,0,15300
NIFTY27FEB2011700CE.NFO,07/01/2020,10:30:24,600,592.8,825,601.7,150,0,15300
NIFTY27FEB2011700CE.NFO,07/01/2020,10:30:26,600,592.8,825,601.35,150,0,15300
NIFTY27FEB2011700CE.NFO,07/01/2020,10:30:27,600,592.8,750,600.7,75,0,15300
NIFTY27FEB2011700CE.NFO,07/01/2020,10:30:30,600,592.8,750,601.4,150,0,15300
NIFTY27FEB2011700CE.NFO,07/01/2020,10:30:32,600,593.05,75,601.15,75,0,15300
NIFTY27FEB2011700CE.NFO,07/01/2020,10:30:33,600,593.1,750,601.15,75,0,15300
NIFTY27FEB2011700CE.NFO,07/01/2020,10:30:42,600,593.1,750,601.05,150,0,15300
NIFTY27FEB2011700CE.NFO,07/01/2020,10:30:45,600,593.1,750,600.7,150,0,15300
NIFTY27FEB2011700CE.NFO,07/01/2020,10:30:46,600,593.1,750,601.1,150,0,15300
NIFTY27FEB2011700CE.NFO,07/01/2020,10:30:47,600,593.1,750,601.1,75,0,15300
NIFTY27FEB2011700CE.NFO,07/01/2020,10:30:48,600,593.1,750,600.2,75,0,15300
NIFTY27FEB2011700CE.NFO,07/01/2020,10:30:50,600,593.1,750,600.5,150,0,15300
NIFTY27FEB2011700CE.NFO,07/01/2020,10:30:54,600,593.1,750,599.85,75,0,15300
NIFTY27FEB2011700CE.NFO,07/01/2020,10:30:58,600,593.1,750,600.25,75,0,15300
NIFTY27FEB2011700CE.NFO,07/01/2020,10:31:01,600,593.1,750,600.55,150,0,15300
NIFTY27FEB2011700CE.NFO,07/01/2020,10:31:08,600,593.1,750,599.9,75,0,15300
NIFTY27FEB2011700CE.NFO,07/01/2020,10:31:09,600,593.1,750,600.3,75,0,15300
NIFTY27FEB2011700CE.NFO,07/01/2020,10:31:10,600,593.1,750,600.6,150,0,15300
NIFTY27FEB2011700CE.NFO,07/01/2020,10:31:24,600,593.1,750,599.95,75,0,15300
NIFTY27FEB2011700CE.NFO,07/01/2020,10:31:25,600,593.1,750,600.35,75,0,15300
NIFTY27FEB2011700CE.NFO,07/01/2020,10:31:33,600,593.1,750,600.25,150,0,15300
NIFTY27FEB2011700CE.NFO,07/01/2020,10:31:35,600,593.1,750,599.45,75,0,15300
NIFTY27FEB2011700CE.NFO,07/01/2020,10:31:43,600,593.1,750,599.35,150,0,15300
NIFTY27FEB2011700CE.NFO,07/01/2020,10:31:45,593.1,591.95,75,599.4,75,75,15600
NIFTY27FEB2011700CE.NFO,07/01/2020,10:31:45,593.1,591.95,75,599.4,75,0,15600
NIFTY27FEB2011700CE.NFO,07/01/2020,10:31:45,593.1,592,75,599.3,150,0,15600
NIFTY27FEB2011700CE.NFO,07/01/2020,10:31:50,593.1,591.55,75,599.05,75,0,15600
NIFTY27FEB2011700CE.NFO,07/01/2020,10:31:52,593.1,591.55,75,598.95,150,0,15600
NIFTY27FEB2011700CE.NFO,07/01/2020,10:31:56,593.1,591.15,75,598.95,150,0,15600
NIFTY27FEB2011700CE.NFO,07/01/2020,10:31:58,593.1,591.15,75,598.65,75,0,15600
NIFTY27FEB2011700CE.NFO,07/01/2020,10:31:59,593.1,590.35,75,597.95,75,0,15600
NIFTY27FEB2011700CE.NFO,07/01/2020,10:32:00,593.1,590.35,75,598.35,75,0,15600
NIFTY27FEB2011700CE.NFO,07/01/2020,10:32:04,593.1,590.4,75,598.35,75,0,15600
NIFTY27FEB2011700CE.NFO,07/01/2020,10:32:04,593.1,590.75,75,598.35,75,0,15600
NIFTY27FEB2011700CE.NFO,07/01/2020,10:32:12,593.1,590.75,75,597.05,75,0,15600
NIFTY27FEB2011700CE.NFO,07/01/2020,10:32:13,593.1,590.75,75,597.45,75,0,15600
NIFTY27FEB2011700CE.NFO,07/01/2020,10:32:19,593.1,588.45,75,597.45,75,0,15600
NIFTY27FEB2011700CE.NFO,07/01/2020,10:32:26,593.1,588.15,75,597.45,75,0,15600
NIFTY27FEB2011700CE.NFO,07/01/2020,10:32:27,593.1,588.15,75,597.35,150,0,15600
NIFTY27FEB2011700CE.NFO,07/01/2020,10:32:28,593.1,588.55,75,596.7,75,0,15600
NIFTY27FEB2011700CE.NFO,07/01/2020,10:32:31,593.1,588.55,75,597.1,75,0,15600
NIFTY27FEB2011700CE.NFO,07/01/2020,10:32:37,593.1,588.6,75,597.1,75,0,15600
NIFTY27FEB2011700CE.NFO,07/01/2020,10:32:38,593.1,588.55,75,597.1,75,0,15600
NIFTY27FEB2011700CE.NFO,07/01/2020,10:32:40,593.1,588.95,75,597.5,75,0,15600
NIFTY27FEB2011700CE.NFO,07/01/2020,10:32:41,593.1,588.95,75,597.8,150,0,15600
NIFTY27FEB2011700CE.NFO,07/01/2020,10:32:42,593.1,589.7,75,597.8,150,0,15600
NIFTY27FEB2011700CE.NFO,07/01/2020,10:32:43,593.1,589.7,75,597.95,75,0,15600
NIFTY27FEB2011700CE.NFO,07/01/2020,10:32:44,593.1,589.7,75,597.85,150,0,15600
NIFTY27FEB2011700CE.NFO,07/01/2020,10:32:48,593.1,589.9,300,597.85,150,0,15600
NIFTY27FEB2011700CE.NFO,07/01/2020,10:32:49,593.1,589.95,75,597.85,150,0,15600
NIFTY27FEB2011700CE.NFO,07/01/2020,10:32:51,593.1,589.95,75,598.25,150,0,15600
NIFTY27FEB2011700CE.NFO,07/01/2020,10:32:52,593.1,590.2,300,598.25,150,0,15600
NIFTY27FEB2011700CE.NFO,07/01/2020,10:32:53,593.1,590.25,75,598.25,150,0,15600
NIFTY27FEB2011700CE.NFO,07/01/2020,10:32:55,593.1,590.25,75,598.35,75,0,15600
NIFTY27FEB2011700CE.NFO,07/01/2020,10:32:56,593.1,590.25,75,598.55,150,0,15600
NIFTY27FEB2011700CE.NFO,07/01/2020,10:32:57,593.1,590.25,75,598.65,150,0,15600
NIFTY27FEB2011700CE.NFO,07/01/2020,10:33:01,593.1,590.25,75,598.4,75,0,15600
NIFTY27FEB2011700CE.NFO,07/01/2020,10:33:03,593.1,590.35,75,598.4,75,0,15600
NIFTY27FEB2011700CE.NFO,07/01/2020,10:33:04,593.1,590.55,75,598.7,150,0,15600
NIFTY27FEB2011700CE.NFO,07/01/2020,10:33:10,593.1,590.55,75,598.45,75,0,15600
NIFTY27FEB2011700CE.NFO,07/01/2020,10:33:13,593.1,590.55,75,598.15,75,0,15600
NIFTY27FEB2011700CE.NFO,07/01/2020,10:33:14,593.1,590.55,75,598.55,75,0,15600
NIFTY27FEB2011700CE.NFO,07/01/2020,10:33:15,593.1,590.55,75,598.85,150,0,15600
NIFTY27FEB2011700CE.NFO,07/01/2020,10:33:16,593.1,591.3,75,598.95,75,0,15600
NIFTY27FEB2011700CE.NFO,07/01/2020,10:33:17,593.1,591.3,75,599.35,75,0,15600
NIFTY27FEB2011700CE.NFO,07/01/2020,10:33:20,593.1,591.55,75,599.65,150,0,15600
NIFTY27FEB2011700CE.NFO,07/01/2020,10:33:21,593.1,591.65,300,599.75,75,0,15600
NIFTY27FEB2011700CE.NFO,07/01/2020,10:33:22,593.1,591.6,75,599.75,75,0,15600
NIFTY27FEB2011700CE.NFO,07/01/2020,10:33:24,593.1,591.6,75,600.15,75,0,15600
NIFTY27FEB2011700CE.NFO,07/01/2020,10:33:25,593.1,592.8,75,600.85,150,0,15600
NIFTY27FEB2011700CE.NFO,07/01/2020,10:33:28,593.1,592.8,75,600.5,150,0,15600
NIFTY27FEB2011700CE.NFO,07/01/2020,10:33:29,593.1,592.8,75,599.75,75,0,15600
NIFTY27FEB2011700CE.NFO,07/01/2020,10:33:30,593.1,592.8,75,600.15,75,0,15600
NIFTY27FEB2011700CE.NFO,07/01/2020,10:33:39,593.1,590.85,75,600.15,75,0,15600
NIFTY27FEB2011700CE.NFO,07/01/2020,10:33:44,593.1,591.15,75,600.15,75,0,15600
NIFTY27FEB2011700CE.NFO,07/01/2020,10:33:48,593.1,591.6,75,600.15,75,0,15600
NIFTY27FEB2011700CE.NFO,07/01/2020,10:33:50,593.1,591.8,300,600.15,75,0,15600
NIFTY27FEB2011700CE.NFO,07/01/2020,10:33:51,593.1,591.85,75,600.15,75,0,15600
NIFTY27FEB2011700CE.NFO,07/01/2020,10:33:52,593.1,591.9,75,600.15,75,0,15600
NIFTY27FEB2011700CE.NFO,07/01/2020,10:34:07,593.1,591.85,75,600.15,75,0,15600
NIFTY27FEB2011700CE.NFO,07/01/2020,10:34:14,593.1,591.85,150,600.55,75,0,15600
NIFTY27FEB2011700CE.NFO,07/01/2020,10:34:15,593.1,592.15,300,600.45,150,0,15600
NIFTY27FEB2011700CE.NFO,07/01/2020,10:34:16,593.1,592.2,75,600.45,150,0,15600
NIFTY27FEB2011700CE.NFO,07/01/2020,10:34:21,593.1,592.75,75,600.85,150,0,15600
NIFTY27FEB2011700CE.NFO,07/01/2020,10:34:22,593.1,593.5,75,601.65,150,0,15600
NIFTY27FEB2011700CE.NFO,07/01/2020,10:34:23,593.1,593.8,300,601.25,150,0,15600
NIFTY27FEB2011700CE.NFO,07/01/2020,10:34:24,593.1,593.85,75,601.65,150,0,15600
NIFTY27FEB2011700CE.NFO,07/01/2020,10:34:39,593.1,594.35,300,602.55,75,0,15600
NIFTY27FEB2011700CE.NFO,07/01/2020,10:34:41,593.1,594.25,450,602.85,150,0,15600
NIFTY27FEB2011700CE.NFO,07/01/2020,10:34:42,593.1,594.25,75,602.85,150,0,15600
NIFTY27FEB2011700CE.NFO,07/01/2020,10:34:44,593.1,594.25,75,602.95,75,0,15600
NIFTY27FEB2011700CE.NFO,07/01/2020,10:34:45,593.1,594.25,75,602.5,75,0,15600
NIFTY27FEB2011700CE.NFO,07/01/2020,10:34:46,593.1,594.25,375,602.9,75,0,15600
NIFTY27FEB2011700CE.NFO,07/01/2020,10:34:48,593.1,594.25,75,602.9,75,0,15600
NIFTY27FEB2011700CE.NFO,07/01/2020,10:34:48,593.1,595.2,75,603.2,150,0,15600
NIFTY27FEB2011700CE.NFO,07/01/2020,10:34:51,593.1,595.2,75,602.95,75,0,15600
NIFTY27FEB2011700CE.NFO,07/01/2020,10:34:52,593.1,595.2,75,602.85,150,0,15600
NIFTY27FEB2011700CE.NFO,07/01/2020,10:35:00,593.1,595.2,75,602.05,75,0,15600
NIFTY27FEB2011700CE.NFO,07/01/2020,10:35:03,593.1,595.2,75,602.45,75,0,15600
NIFTY27FEB2011700CE.NFO,07/01/2020,10:35:12,593.1,595.2,75,603.25,75,0,15600
NIFTY27FEB2011700CE.NFO,07/01/2020,10:35:13,593.1,595.2,75,602.9,75,0,15600
NIFTY27FEB2011700CE.NFO,07/01/2020,10:35:14,593.1,595.2,75,603.2,150,0,15600
NIFTY27FEB2011700CE.NFO,07/01/2020,10:35:16,593.1,595.2,75,602.95,75,0,15600
NIFTY27FEB2011700CE.NFO,07/01/2020,10:35:18,593.1,595.2,75,603.35,75,0,15600
NIFTY27FEB2011700CE.NFO,07/01/2020,10:35:34,593.1,592.95,75,603.35,75,0,15600
NIFTY27FEB2011700CE.NFO,07/01/2020,10:35:35,593.1,593.7,75,603.35,75,0,15600
NIFTY27FEB2011700CE.NFO,07/01/2020,10:35:37,593.1,594,300,603.35,75,0,15600
NIFTY27FEB2011700CE.NFO,07/01/2020,10:35:38,593.1,593.7,75,603.35,75,0,15600
NIFTY27FEB2011700CE.NFO,07/01/2020,10:35:50,593.1,594.45,75,603.35,75,0,15600
NIFTY27FEB2011700CE.NFO,07/01/2020,10:36:03,593.1,594.45,75,601.75,75,0,15600
NIFTY27FEB2011700CE.NFO,07/01/2020,10:36:15,593.1,594.6,75,601.75,75,0,15600
NIFTY27FEB2011700CE.NFO,07/01/2020,10:36:16,593.1,594.45,75,601.75,75,0,15600
NIFTY27FEB2011700CE.NFO,07/01/2020,10:36:17,593.1,595.05,75,602.15,75,0,15600
NIFTY27FEB2011700CE.NFO,07/01/2020,10:36:20,593.1,595.05,75,602.95,75,0,15600
NIFTY27FEB2011700CE.NFO,07/01/2020,10:36:40,593.1,595.05,75,601.45,75,0,15600
NIFTY27FEB2011700CE.NFO,07/01/2020,10:36:41,593.1,595.05,75,601.85,75,0,15600
NIFTY27FEB2011700CE.NFO,07/01/2020,10:36:42,593.1,595.05,75,602.25,75,0,15600
NIFTY27FEB2011700CE.NFO,07/01/2020,10:36:44,593.1,595.05,75,602.65,75,0,15600
NIFTY27FEB2011700CE.NFO,07/01/2020,10:37:15,593.1,595.05,75,601.15,75,0,15600
NIFTY27FEB2011700CE.NFO,07/01/2020,10:37:18,593.1,592.15,75,601.15,75,0,15600
NIFTY27FEB2011700CE.NFO,07/01/2020,10:37:19,593.1,592.2,750,601.15,75,0,15600
NIFTY27FEB2011700CE.NFO,07/01/2020,10:37:23,593.1,592.2,1050,601.15,75,0,15600
NIFTY27FEB2011700CE.NFO,07/01/2020,10:37:26,593.1,592.2,750,601.15,75,0,15600
NIFTY27FEB2011700CE.NFO,07/01/2020,10:37:36,593.1,592.2,750,599.45,75,0,15600
NIFTY27FEB2011700CE.NFO,07/01/2020,10:37:37,593.1,592.2,750,599.85,75,0,15600
NIFTY27FEB2011700CE.NFO,07/01/2020,10:37:38,593.1,592.2,750,600.25,75,0,15600
NIFTY27FEB2011700CE.NFO,07/01/2020,10:37:53,593.1,592.5,300,601.05,75,0,15600
NIFTY27FEB2011700CE.NFO,07/01/2020,10:37:54,593.1,592.55,750,601.05,75,0,15600
NIFTY27FEB2011700CE.NFO,07/01/2020,10:37:58,593.1,593.3,750,601.85,75,0,15600
NIFTY27FEB2011700CE.NFO,07/01/2020,10:38:07,593.1,594.2,750,601.85,75,0,15600
NIFTY27FEB2011700CE.NFO,07/01/2020,10:38:17,593.1,594.2,750,602.15,150,0,15600
NIFTY27FEB2011700CE.NFO,07/01/2020,10:38:22,593.1,594.2,750,601.3,75,0,15600
NIFTY27FEB2011700CE.NFO,07/01/2020,10:38:23,593.1,594.2,750,601.7,75,0,15600
NIFTY27FEB2011700CE.NFO,07/01/2020,10:38:59,593.1,594.2,750,602.1,75,0,15600
NIFTY27FEB2011700CE.NFO,07/01/2020,10:39:00,593.1,594.7,750,602.9,75,0,15600
NIFTY27FEB2011700CE.NFO,07/01/2020,10:39:11,593.1,594.7,750,602,75,0,15600
NIFTY27FEB2011700CE.NFO,07/01/2020,10:39:15,593.1,594.7,750,601.75,75,0,15600
NIFTY27FEB2011700CE.NFO,07/01/2020,10:39:18,593.1,594.7,750,601,75,0,15600
NIFTY27FEB2011700CE.NFO,07/01/2020,10:39:19,593.1,594.7,750,601.4,75,0,15600
NIFTY27FEB2011700CE.NFO,07/01/2020,10:39:27,593.1,594.7,750,601.7,150,0,15600
NIFTY27FEB2011700CE.NFO,07/01/2020,10:39:32,593.1,594.7,750,601.45,75,0,15600
NIFTY27FEB2011700CE.NFO,07/01/2020,10:39:32,593.1,594.7,750,601.75,150,0,15600
NIFTY27FEB2011700CE.NFO,07/01/2020,10:39:35,593.1,594.7,750,600.75,75,0,15600
NIFTY27FEB2011700CE.NFO,07/01/2020,10:39:40,593.1,594.7,750,601.45,150,0,15600
NIFTY27FEB2011700CE.NFO,07/01/2020,10:39:44,593.1,594.7,750,601.2,75,0,15600
NIFTY27FEB2011700CE.NFO,07/01/2020,10:39:46,593.1,594.7,750,601.1,150,0,15600
NIFTY27FEB2011700CE.NFO,07/01/2020,10:39:48,593.1,594.7,750,601.45,150,0,15600
NIFTY27FEB2011700CE.NFO,07/01/2020,10:39:49,593.1,594.7,750,601.05,75,0,15600
NIFTY27FEB2011700CE.NFO,07/01/2020,10:39:50,593.1,594.7,750,601.35,150,0,15600
NIFTY27FEB2011700CE.NFO,07/01/2020,10:39:52,593.1,594.7,750,601.1,75,0,15600
NIFTY27FEB2011700CE.NFO,07/01/2020,10:39:55,593.1,594.7,750,601,150,0,15600
NIFTY27FEB2011700CE.NFO,07/01/2020,10:39:56,593.1,592.95,75,601,150,0,15600
NIFTY27FEB2011700CE.NFO,07/01/2020,10:39:56,593.1,593,750,601,150,0,15600
NIFTY27FEB2011700CE.NFO,07/01/2020,10:40:01,593.1,593,750,600.65,75,0,15600
NIFTY27FEB2011700CE.NFO,07/01/2020,10:40:03,593.1,593.7,75,600.95,150,0,15600
NIFTY27FEB2011700CE.NFO,07/01/2020,10:40:04,593.1,593.75,750,601.9,75,0,15600
NIFTY27FEB2011700CE.NFO,07/01/2020,10:40:05,593.1,594.55,750,602.35,75,0,15600
NIFTY27FEB2011700CE.NFO,07/01/2020,10:40:06,593.1,594.55,750,602.25,150,0,15600
NIFTY27FEB2011700CE.NFO,07/01/2020,10:40:08,593.1,594.95,75,602.65,150,0,15600
NIFTY27FEB2011700CE.NFO,07/01/2020,10:40:10,593.1,594.95,75,603.05,150,0,15600
NIFTY27FEB2011700CE.NFO,07/01/2020,10:40:12,593.1,594.8,750,603.05,150,0,15600
NIFTY27FEB2011700CE.NFO,07/01/2020,10:40:14,593.1,594.8,750,602.55,75,0,15600
NIFTY27FEB2011700CE.NFO,07/01/2020,10:40:15,593.1,594.85,75,602.85,150,0,15600
NIFTY27FEB2011700CE.NFO,07/01/2020,10:40:16,593.1,594.8,750,602.4,75,0,15600
NIFTY27FEB2011700CE.NFO,07/01/2020,10:40:33,593.1,594.8,750,601.55,75,0,15600
NIFTY27FEB2011700CE.NFO,07/01/2020,10:40:38,593.1,594.8,750,601.95,75,0,15600
NIFTY27FEB2011700CE.NFO,07/01/2020,10:40:39,593.1,594.8,750,602.25,150,0,15600
NIFTY27FEB2011700CE.NFO,07/01/2020,10:40:42,593.1,595.25,750,602.35,75,0,15600
NIFTY27FEB2011700CE.NFO,07/01/2020,10:40:44,593.1,595.25,750,602.75,75,0,15600
NIFTY27FEB2011700CE.NFO,07/01/2020,10:40:51,593.1,595.25,750,602.65,150,0,15600
NIFTY27FEB2011700CE.NFO,07/01/2020,10:40:52,593.1,595.25,750,602.8,75,0,15600
NIFTY27FEB2011700CE.NFO,07/01/2020,10:40:56,593.1,595.25,750,602.7,150,0,15600
NIFTY27FEB2011700CE.NFO,07/01/2020,10:40:56,593.1,595.25,750,603.5,150,0,15600
NIFTY27FEB2011700CE.NFO,07/01/2020,10:40:57,593.1,595.25,750,603.15,150,0,15600
NIFTY27FEB2011700CE.NFO,07/01/2020,10:41:02,593.1,595.25,750,603.55,150,0,15600
NIFTY27FEB2011700CE.NFO,07/01/2020,10:41:05,593.1,595.25,750,603.2,150,0,15600
NIFTY27FEB2011700CE.NFO,07/01/2020,10:41:07,593.1,595.25,750,603.2,75,0,15600
NIFTY27FEB2011700CE.NFO,07/01/2020,10:41:08,593.1,595.25,750,603.6,75,0,15600
NIFTY27FEB2011700CE.NFO,07/01/2020,10:41:09,593.1,595.25,750,603.5,150,0,15600
NIFTY27FEB2011700CE.NFO,07/01/2020,10:41:14,593.1,595.7,750,603.5,150,0,15600
NIFTY27FEB2011700CE.NFO,07/01/2020,10:41:15,593.1,595.7,750,603.65,75,0,15600
NIFTY27FEB2011700CE.NFO,07/01/2020,10:41:16,593.1,595.7,750,603.55,150,0,15600
NIFTY27FEB2011700CE.NFO,07/01/2020,10:41:18,593.1,595.75,75,603.9,75,0,15600
NIFTY27FEB2011700CE.NFO,07/01/2020,10:41:19,593.1,595.7,750,603.8,150,0,15600
NIFTY27FEB2011700CE.NFO,07/01/2020,10:41:21,593.1,596.5,750,604.6,150,0,15600
NIFTY27FEB2011700CE.NFO,07/01/2020,10:41:26,593.1,596.5,750,604.7,75,0,15600
NIFTY27FEB2011700CE.NFO,07/01/2020,10:41:27,593.1,596.5,750,604.6,150,0,15600
NIFTY27FEB2011700CE.NFO,07/01/2020,10:41:29,593.1,596.95,75,604.9,150,0,15600
NIFTY27FEB2011700CE.NFO,07/01/2020,10:41:30,593.1,597,750,604.75,75,0,15600
NIFTY27FEB2011700CE.NFO,07/01/2020,10:41:31,593.1,597,750,604.65,150,0,15600
NIFTY27FEB2011700CE.NFO,07/01/2020,10:41:35,593.1,597,750,604.7,150,0,15600
NIFTY27FEB2011700CE.NFO,07/01/2020,10:41:37,593.1,597,750,604.85,75,0,15600
NIFTY27FEB2011700CE.NFO,07/01/2020,10:41:38,593.1,597,750,604.9,150,0,15600
NIFTY27FEB2011700CE.NFO,07/01/2020,10:41:45,593.1,597,750,604.45,75,0,15600
NIFTY27FEB2011700CE.NFO,07/01/2020,10:41:55,593.1,597,750,604.75,150,0,15600
NIFTY27FEB2011700CE.NFO,07/01/2020,10:41:57,593.1,597,750,604.9,150,0,15600
NIFTY27FEB2011700CE.NFO,07/01/2020,10:41:58,593.1,597,1050,604.9,150,0,15600
NIFTY27FEB2011700CE.NFO,07/01/2020,10:41:59,593.1,597,750,604.9,150,0,15600
NIFTY27FEB2011700CE.NFO,07/01/2020,10:42:02,593.1,597.4,75,604.9,150,0,15600
NIFTY27FEB2011700CE.NFO,07/01/2020,10:42:03,593.1,597.45,750,604.9,150,0,15600
NIFTY27FEB2011700CE.NFO,07/01/2020,10:42:04,593.1,597.5,300,604.9,150,0,15600
NIFTY27FEB2011700CE.NFO,07/01/2020,10:42:06,593.1,597.45,750,605,600,0,15600
NIFTY27FEB2011700CE.NFO,07/01/2020,10:42:06,593.1,597.45,750,604.9,150,0,15600
NIFTY27FEB2011700CE.NFO,07/01/2020,10:42:09,593.1,597.45,750,604.9,75,0,15600
NIFTY27FEB2011700CE.NFO,07/01/2020,10:42:09,593.1,597.45,750,604.8,150,0,15600
NIFTY27FEB2011700CE.NFO,07/01/2020,10:42:10,593.1,597.45,750,604.15,75,0,15600
NIFTY27FEB2011700CE.NFO,07/01/2020,10:42:11,593.1,597.45,750,604.45,150,0,15600
NIFTY27FEB2011700CE.NFO,07/01/2020,10:42:14,593.1,597.45,750,604.55,75,0,15600
NIFTY27FEB2011700CE.NFO,07/01/2020,10:42:19,593.1,597.45,750,604.45,150,0,15600
NIFTY27FEB2011700CE.NFO,07/01/2020,10:42:20,593.1,597.45,750,604.55,75,0,15600
NIFTY27FEB2011700CE.NFO,07/01/2020,10:42:21,593.1,597.45,750,604.45,150,0,15600
NIFTY27FEB2011700CE.NFO,07/01/2020,10:42:22,593.1,597.45,750,604.2,75,0,15600
NIFTY27FEB2011700CE.NFO,07/01/2020,10:42:26,593.1,595.1,750,604.2,75,0,15600
NIFTY27FEB2011700CE.NFO,07/01/2020,10:42:28,593.1,595.1,750,603.2,75,0,15600
NIFTY27FEB2011700CE.NFO,07/01/2020,10:42:29,593.1,595.1,750,603.6,75,0,15600
NIFTY27FEB2011700CE.NFO,07/01/2020,10:42:35,593.1,595.1,750,602.65,75,0,15600
NIFTY27FEB2011700CE.NFO,07/01/2020,10:42:37,593.1,595.1,750,603.05,75,0,15600
NIFTY27FEB2011700CE.NFO,07/01/2020,10:42:39,593.1,595.1,750,603.35,150,0,15600
NIFTY27FEB2011700CE.NFO,07/01/2020,10:42:46,593.1,595.1,750,603.1,75,0,15600
NIFTY27FEB2011700CE.NFO,07/01/2020,10:42:46,593.1,595.1,750,603,150,0,15600
NIFTY27FEB2011700CE.NFO,07/01/2020,10:42:51,593.1,595.1,825,603,150,0,15600
NIFTY27FEB2011700CE.NFO,07/01/2020,10:42:51,593.1,595.1,750,603,150,0,15600
NIFTY27FEB2011700CE.NFO,07/01/2020,10:43:05,593.1,595.1,750,602.9,150,0,15600
NIFTY27FEB2011700CE.NFO,07/01/2020,10:43:05,593.1,595.1,750,603.4,150,0,15600
NIFTY27FEB2011700CE.NFO,07/01/2020,10:43:08,593.1,595.1,750,603.15,75,0,15600
NIFTY27FEB2011700CE.NFO,07/01/2020,10:43:09,593.1,595.1,750,603.05,150,0,15600
NIFTY27FEB2011700CE.NFO,07/01/2020,10:43:12,593.1,595.1,750,602.8,75,0,15600
NIFTY27FEB2011700CE.NFO,07/01/2020,10:43:22,593.1,595.1,750,602.7,150,0,15600
NIFTY27FEB2011700CE.NFO,07/01/2020,10:43:24,593.1,595.1,825,602.7,150,0,15600
NIFTY27FEB2011700CE.NFO,07/01/2020,10:43:25,593.1,595.45,75,603.2,75,0,15600
NIFTY27FEB2011700CE.NFO,07/01/2020,10:43:26,593.1,595.5,750,603.2,75,0,15600
NIFTY27FEB2011700CE.NFO,07/01/2020,10:43:34,593.1,595.5,750,603.1,150,0,15600
NIFTY27FEB2011700CE.NFO,07/01/2020,10:43:35,593.1,595.5,750,603.2,75,0,15600
NIFTY27FEB2011700CE.NFO,07/01/2020,10:43:37,593.1,595.5,750,602.6,150,0,15600
NIFTY27FEB2011700CE.NFO,07/01/2020,10:43:39,593.1,593.35,750,601.55,75,0,15600
NIFTY27FEB2011700CE.NFO,07/01/2020,10:43:43,593.1,593.35,750,600.4,75,0,15600
NIFTY27FEB2011700CE.NFO,07/01/2020,10:43:44,593.1,593.35,750,600.3,150,0,15600
NIFTY27FEB2011700CE.NFO,07/01/2020,10:43:50,593.1,593.35,750,600.3,225,0,15600
NIFTY27FEB2011700CE.NFO,07/01/2020,10:43:51,593.1,593.35,750,600.2,150,0,15600
NIFTY27FEB2011700CE.NFO,07/01/2020,10:43:53,593.1,593.35,750,599.95,75,0,15600
NIFTY27FEB2011700CE.NFO,07/01/2020,10:43:54,593.1,593.35,750,599.65,150,0,15600
NIFTY27FEB2011700CE.NFO,07/01/2020,10:43:56,593.1,593.35,750,600.65,150,0,15600
NIFTY27FEB2011700CE.NFO,07/01/2020,10:43:57,593.1,593.35,750,600.4,75,0,15600
NIFTY27FEB2011700CE.NFO,07/01/2020,10:43:58,593.1,593.35,750,599.95,150,0,15600
NIFTY27FEB2011700CE.NFO,07/01/2020,10:44:02,593.1,593.35,750,600.35,150,0,15600
NIFTY27FEB2011700CE.NFO,07/01/2020,10:44:03,593.1,593.35,750,600,150,0,15600
NIFTY27FEB2011700CE.NFO,07/01/2020,10:44:04,593.1,593.35,750,600.4,150,0,15600
NIFTY27FEB2011700CE.NFO,07/01/2020,10:44:05,593.1,593.4,150,600.4,150,0,15600
NIFTY27FEB2011700CE.NFO,07/01/2020,10:44:07,593.1,593.4,150,600.45,150,0,15600
NIFTY27FEB2011700CE.NFO,07/01/2020,10:44:07,593.1,593.4,150,600.55,75,0,15600
NIFTY27FEB2011700CE.NFO,07/01/2020,10:44:20,593.1,593.35,750,600.55,75,0,15600
NIFTY27FEB2011700CE.NFO,07/01/2020,10:44:30,593.1,593.35,750,598.75,75,0,15600
NIFTY27FEB2011700CE.NFO,07/01/2020,10:44:33,593.1,593.35,750,599.95,75,0,15600
NIFTY27FEB2011700CE.NFO,07/01/2020,10:44:34,593.1,593.35,750,600.25,150,0,15600
NIFTY27FEB2011700CE.NFO,07/01/2020,10:44:40,593.1,591.6,75,600.25,150,0,15600
NIFTY27FEB2011700CE.NFO,07/01/2020,10:44:40,593.1,591.65,900,599.55,75,0,15600
NIFTY27FEB2011700CE.NFO,07/01/2020,10:44:57,593.1,591.65,750,599.55,75,0,15600
NIFTY27FEB2011700CE.NFO,07/01/2020,10:44:58,593.1,591.65,750,597.85,75,0,15600
NIFTY27FEB2011700CE.NFO,07/01/2020,10:44:58,593.1,589.4,75,597.85,75,0,15600
NIFTY27FEB2011700CE.NFO,07/01/2020,10:45:00,593.1,589.45,900,597.85,75,0,15600
NIFTY27FEB2011700CE.NFO,07/01/2020,10:45:01,593.1,589.8,900,598.25,75,0,15600
NIFTY27FEB2011700CE.NFO,07/01/2020,10:45:02,593.1,590.5,75,598.65,75,0,15600
NIFTY27FEB2011700CE.NFO,07/01/2020,10:45:03,593.1,590.55,900,598.95,150,0,15600
NIFTY27FEB2011700CE.NFO,07/01/2020,10:45:04,593.1,590.55,900,598.7,75,0,15600
NIFTY27FEB2011700CE.NFO,07/01/2020,10:45:12,593.1,590.65,300,599.1,75,0,15600
NIFTY27FEB2011700CE.NFO,07/01/2020,10:45:14,593.1,590.55,975,599.1,75,0,15600
NIFTY27FEB2011700CE.NFO,07/01/2020,10:45:15,593.1,591.4,900,599.1,75,0,15600
NIFTY27FEB2011700CE.NFO,07/01/2020,10:45:16,593.1,592.25,75,600.3,75,0,15600
NIFTY27FEB2011700CE.NFO,07/01/2020,10:45:17,593.1,591.9,900,600.2,150,0,15600
NIFTY27FEB2011700CE.NFO,07/01/2020,10:45:20,593.1,592.15,75,600.6,150,0,15600
NIFTY27FEB2011700CE.NFO,07/01/2020,10:45:21,593.1,592.2,900,600.6,150,0,15600
NIFTY27FEB2011700CE.NFO,07/01/2020,10:45:22,593.1,592.2,900,599.95,75,0,15600
NIFTY27FEB2011700CE.NFO,07/01/2020,10:45:23,593.1,592.2,900,600.25,150,0,15600
NIFTY27FEB2011700CE.NFO,07/01/2020,10:45:24,593.1,592.2,900,600.35,75,0,15600
NIFTY27FEB2011700CE.NFO,07/01/2020,10:45:28,593.1,592.2,750,600.35,75,0,15600
NIFTY27FEB2011700CE.NFO,07/01/2020,10:45:30,593.1,592.2,750,599.1,75,0,15600
NIFTY27FEB2011700CE.NFO,07/01/2020,10:45:31,593.1,592.25,150,599.5,75,0,15600
NIFTY27FEB2011700CE.NFO,07/01/2020,10:45:32,593.1,592.25,150,599.9,75,0,15600
NIFTY27FEB2011700CE.NFO,07/01/2020,10:45:35,593.1,592.25,150,600.3,75,0,15600
NIFTY27FEB2011700CE.NFO,07/01/2020,10:45:42,593.1,592.2,750,600.3,75,0,15600
NIFTY27FEB2011700CE.NFO,07/01/2020,10:45:45,593.1,592.2,750,599.55,75,0,15600
NIFTY27FEB2011700CE.NFO,07/01/2020,10:45:45,593.1,592.25,150,600.35,75,0,15600
NIFTY27FEB2011700CE.NFO,07/01/2020,10:45:46,593.1,592.25,450,601.05,150,0,15600
NIFTY27FEB2011700CE.NFO,07/01/2020,10:45:48,593.1,593,900,601.05,150,0,15600
NIFTY27FEB2011700CE.NFO,07/01/2020,10:45:48,593.1,593,900,601.45,150,0,15600
NIFTY27FEB2011700CE.NFO,07/01/2020,10:45:51,593.1,593,900,601.85,150,0,15600
NIFTY27FEB2011700CE.NFO,07/01/2020,10:45:53,593.1,593,900,601.3,150,0,15600
NIFTY27FEB2011700CE.NFO,07/01/2020,10:45:57,593.1,593,900,601.4,75,0,15600
NIFTY27FEB2011700CE.NFO,07/01/2020,10:45:57,593.1,593,900,601.8,75,0,15600
NIFTY27FEB2011700CE.NFO,07/01/2020,10:46:00,593.1,593,900,601.15,75,0,15600
NIFTY27FEB2011700CE.NFO,07/01/2020,10:46:42,593.1,593.05,75,601.85,150,0,15600
NIFTY27FEB2011700CE.NFO,07/01/2020,10:46:43,593.1,593.1,300,601.85,150,0,15600
NIFTY27FEB2011700CE.NFO,07/01/2020,10:46:47,593.1,593,900,601.2,75,0,15600
NIFTY27FEB2011700CE.NFO,07/01/2020,10:47:01,593.1,593,975,601.2,75,0,15600
NIFTY27FEB2011700CE.NFO,07/01/2020,10:47:01,593.1,593,900,601.2,75,0,15600
NIFTY27FEB2011700CE.NFO,07/01/2020,10:47:07,593.1,593,1200,601.5,150,0,15600
NIFTY27FEB2011700CE.NFO,07/01/2020,10:47:08,593.1,593.75,900,601.5,150,0,15600
NIFTY27FEB2011700CE.NFO,07/01/2020,10:47:09,593.1,593.75,900,601.6,75,0,15600
NIFTY27FEB2011700CE.NFO,07/01/2020,10:47:14,593.1,594.1,900,601.9,150,0,15600
NIFTY27FEB2011700CE.NFO,07/01/2020,10:47:16,593.1,594.45,75,603.2,75,0,15600
NIFTY27FEB2011700CE.NFO,07/01/2020,10:47:17,593.1,594.5,900,602.85,150,0,15600
NIFTY27FEB2011700CE.NFO,07/01/2020,10:47:18,593.1,594.5,900,602.85,75,0,15600
NIFTY27FEB2011700CE.NFO,07/01/2020,10:47:21,593.1,594.5,900,602,75,0,15600
NIFTY27FEB2011700CE.NFO,07/01/2020,10:47:22,593.1,594.5,900,602.4,75,0,15600
NIFTY27FEB2011700CE.NFO,07/01/2020,10:47:25,593.1,594.5,900,602.8,75,0,15600
NIFTY27FEB2011700CE.NFO,07/01/2020,10:47:26,593.1,594.6,75,602.7,150,0,15600
NIFTY27FEB2011700CE.NFO,07/01/2020,10:47:28,593.1,594.6,75,602.8,75,0,15600
NIFTY27FEB2011700CE.NFO,07/01/2020,10:47:29,593.1,594.6,75,602.05,75,0,15600
NIFTY27FEB2011700CE.NFO,07/01/2020,10:47:29,593.1,594.6,75,602.45,75,0,15600
NIFTY27FEB2011700CE.NFO,07/01/2020,10:47:31,593.1,594.5,900,602.45,75,0,15600
NIFTY27FEB2011700CE.NFO,07/01/2020,10:47:37,593.1,594.5,900,602.75,150,0,15600
NIFTY27FEB2011700CE.NFO,07/01/2020,10:47:39,593.1,594.5,900,602.5,75,0,15600
NIFTY27FEB2011700CE.NFO,07/01/2020,10:47:44,593.1,594.55,750,602.5,75,0,15600
NIFTY27FEB2011700CE.NFO,07/01/2020,10:47:54,593.1,594.55,750,602.45,750,0,15600
NIFTY27FEB2011700CE.NFO,07/01/2020,10:47:56,593.1,594.55,750,602.5,75,0,15600
NIFTY27FEB2011700CE.NFO,07/01/2020,10:47:59,593.1,594.55,750,602.45,750,0,15600
NIFTY27FEB2011700CE.NFO,07/01/2020,10:47:59,593.1,594.55,750,602.5,75,0,15600
NIFTY27FEB2011700CE.NFO,07/01/2020,10:48:00,594.55,595.4,75,602.45,75,150,15600
NIFTY27FEB2011700CE.NFO,07/01/2020,10:48:01,594.55,595.4,75,602.45,75,0,15600
NIFTY27FEB2011700CE.NFO,07/01/2020,10:48:02,594.55,595.45,150,602.45,75,0,15600
NIFTY27FEB2011700CE.NFO,07/01/2020,10:48:03,594.55,595.7,75,602.45,75,0,15600
NIFTY27FEB2011700CE.NFO,07/01/2020,10:48:05,594.55,595.75,750,602.45,75,0,15600
NIFTY27FEB2011700CE.NFO,07/01/2020,10:48:06,594.55,595.75,150,602.45,75,0,15600
NIFTY27FEB2011700CE.NFO,07/01/2020,10:48:09,595.75,594.4,75,602.1,75,150,15600
NIFTY27FEB2011700CE.NFO,07/01/2020,10:48:10,595.75,594.45,600,602.05,750,0,15600
NIFTY27FEB2011700CE.NFO,07/01/2020,10:48:11,595.75,594.9,75,602.05,750,0,15600
NIFTY27FEB2011700CE.NFO,07/01/2020,10:48:12,595.75,594.95,150,602.05,750,0,15600
NIFTY27FEB2011700CE.NFO,07/01/2020,10:48:14,595.75,594.85,75,602.05,750,0,15600
NIFTY27FEB2011700CE.NFO,07/01/2020,10:48:16,595.75,594.9,600,602.05,750,0,15600
NIFTY27FEB2011700CE.NFO,07/01/2020,10:48:18,595.75,594.85,75,602.05,750,0,15600
NIFTY27FEB2011700CE.NFO,07/01/2020,10:48:21,595.75,594.9,600,602,150,0,15600
NIFTY27FEB2011700CE.NFO,07/01/2020,10:48:24,595.75,594.85,75,602,150,0,15600
NIFTY27FEB2011700CE.NFO,07/01/2020,10:48:24,595.75,594.85,75,601.35,900,0,15600
NIFTY27FEB2011700CE.NFO,07/01/2020,10:48:25,595.75,594.5,600,601.35,900,0,15600
NIFTY27FEB2011700CE.NFO,07/01/2020,10:48:28,595.75,594.45,75,601.35,900,0,15600
NIFTY27FEB2011700CE.NFO,07/01/2020,10:48:29,595.75,594.1,600,601.35,900,0,15600
NIFTY27FEB2011700CE.NFO,07/01/2020,10:48:32,595.75,593.65,75,600.65,900,0,15600
NIFTY27FEB2011700CE.NFO,07/01/2020,10:48:33,595.75,593.3,600,600.65,900,0,15600
NIFTY27FEB2011700CE.NFO,07/01/2020,10:48:34,595.75,592.45,75,599.45,75,0,15600
NIFTY27FEB2011700CE.NFO,07/01/2020,10:48:35,595.75,592.45,75,599.4,900,0,15600
NIFTY27FEB2011700CE.NFO,07/01/2020,10:48:36,595.75,592.05,75,599.4,900,0,15600
NIFTY27FEB2011700CE.NFO,07/01/2020,10:48:38,595.75,593.45,75,599.4,750,0,15600
NIFTY27FEB2011700CE.NFO,07/01/2020,10:48:44,595.75,593.05,75,599.4,750,0,15600
NIFTY27FEB2011700CE.NFO,07/01/2020,10:48:45,595.75,593.05,75,599.35,150,0,15600
NIFTY27FEB2011700CE.NFO,07/01/2020,10:48:46,595.75,592.25,75,599.35,150,0,15600
NIFTY27FEB2011700CE.NFO,07/01/2020,10:48:50,595.75,592.25,75,599.4,750,0,15600
NIFTY27FEB2011700CE.NFO,07/01/2020,10:48:51,595.75,593.4,75,599.4,750,0,15600
NIFTY27FEB2011700CE.NFO,07/01/2020,10:48:53,595.75,592.6,75,599.35,150,0,15600
NIFTY27FEB2011700CE.NFO,07/01/2020,10:48:54,595.75,592.2,75,599.35,225,0,15600
NIFTY27FEB2011700CE.NFO,07/01/2020,10:48:55,595.75,591.8,75,599.35,225,0,15600
NIFTY27FEB2011700CE.NFO,07/01/2020,10:49:01,595.75,592.45,75,599.35,225,0,15600
NIFTY27FEB2011700CE.NFO,07/01/2020,10:49:09,595.75,592.05,75,599.35,225,0,15600
NIFTY27FEB2011700CE.NFO,07/01/2020,10:49:12,595.75,591.65,75,599.35,225,0,15600
NIFTY27FEB2011700CE.NFO,07/01/2020,10:49:34,595.75,591.25,75,599.35,225,0,15600
NIFTY27FEB2011700CE.NFO,07/01/2020,10:49:40,595.75,590.85,75,599.35,225,0,15600
NIFTY27FEB2011700CE.NFO,07/01/2020,10:49:42,595.75,591.3,75,598.45,900,0,15600
NIFTY27FEB2011700CE.NFO,07/01/2020,10:49:44,595.75,590.9,75,598.45,900,0,15600
NIFTY27FEB2011700CE.NFO,07/01/2020,10:49:46,595.75,590.5,75,598.45,900,0,15600
NIFTY27FEB2011700CE.NFO,07/01/2020,10:49:49,595.75,590.5,75,597.7,900,0,15600
NIFTY27FEB2011700CE.NFO,07/01/2020,10:49:52,595.75,590.1,75,597.7,900,0,15600
NIFTY27FEB2011700CE.NFO,07/01/2020,10:49:54,595.75,589.7,75,597.25,900,0,15600
NIFTY27FEB2011700CE.NFO,07/01/2020,10:49:55,595.75,589.3,75,596.95,75,0,15600
NIFTY27FEB2011700CE.NFO,07/01/2020,10:49:56,595.75,588.5,75,596.1,900,0,15600
NIFTY27FEB2011700CE.NFO,07/01/2020,10:49:59,595.75,588.5,75,595.65,75,0,15600
NIFTY27FEB2011700CE.NFO,07/01/2020,10:50:00,595.75,588.5,75,595.6,900,0,15600
NIFTY27FEB2011700CE.NFO,07/01/2020,10:50:02,595.75,587.7,75,594.85,900,0,15600
NIFTY27FEB2011700CE.NFO,07/01/2020,10:50:03,595.75,586.9,75,594.6,75,0,15600
NIFTY27FEB2011700CE.NFO,07/01/2020,10:50:04,595.75,588.3,75,594.55,750,0,15600
NIFTY27FEB2011700CE.NFO,07/01/2020,10:50:05,595.75,589.4,75,594.55,750,0,15600
NIFTY27FEB2011700CE.NFO,07/01/2020,10:50:07,595.75,589.4,75,596.5,150,0,15600
NIFTY27FEB2011700CE.NFO,07/01/2020,10:50:09,595.75,589.6,75,596.45,150,0,15600
NIFTY27FEB2011700CE.NFO,07/01/2020,10:50:11,595.75,590.3,75,596.5,150,0,15600
NIFTY27FEB2011700CE.NFO,07/01/2020,10:50:12,595.75,589.05,75,596.5,150,0,15600
NIFTY27FEB2011700CE.NFO,07/01/2020,10:50:15,595.75,590.6,75,596.5,150,0,15600
NIFTY27FEB2011700CE.NFO,07/01/2020,10:50:18,595.75,591.1,75,596.5,150,0,15600
NIFTY27FEB2011700CE.NFO,07/01/2020,10:50:19,595.75,591.8,75,596.5,150,0,15600
NIFTY27FEB2011700CE.NFO,07/01/2020,10:50:22,595.75,591,75,596.5,150,0,15600
NIFTY27FEB2011700CE.NFO,07/01/2020,10:50:26,595.75,590.6,75,596.45,150,0,15600
NIFTY27FEB2011700CE.NFO,07/01/2020,10:50:27,595.75,590.6,75,596.5,150,0,15600
NIFTY27FEB2011700CE.NFO,07/01/2020,10:50:30,595.75,590.2,75,596.45,150,0,15600
NIFTY27FEB2011700CE.NFO,07/01/2020,10:50:32,595.75,590.2,75,596.5,150,0,15600
NIFTY27FEB2011700CE.NFO,07/01/2020,10:50:33,595.75,590.2,75,596.45,150,0,15600
NIFTY27FEB2011700CE.NFO,07/01/2020,10:50:35,595.75,589.8,75,596.45,150,0,15600
NIFTY27FEB2011700CE.NFO,07/01/2020,10:50:40,595.75,591.05,75,596.5,150,0,15600
NIFTY27FEB2011700CE.NFO,07/01/2020,10:50:50,595.75,590.65,75,596.5,150,0,15600
NIFTY27FEB2011700CE.NFO,07/01/2020,10:50:56,595.75,590.65,75,596.45,150,0,15600
NIFTY27FEB2011700CE.NFO,07/01/2020,10:51:02,595.75,590.25,75,596.5,150,0,15600
NIFTY27FEB2011700CE.NFO,07/01/2020,10:51:17,595.75,590.25,75,596.45,150,0,15600
NIFTY27FEB2011700CE.NFO,07/01/2020,10:51:19,595.75,590.25,75,596.5,150,0,15600
NIFTY27FEB2011700CE.NFO,07/01/2020,10:51:37,595.75,591.4,75,596.5,150,0,15600
NIFTY27FEB2011700CE.NFO,07/01/2020,10:51:39,595.75,591.4,75,598.55,300,0,15600
NIFTY27FEB2011700CE.NFO,07/01/2020,10:51:42,595.75,591.05,75,598.55,150,0,15600
NIFTY27FEB2011700CE.NFO,07/01/2020,10:51:44,595.75,590.65,75,598.55,150,0,15600
NIFTY27FEB2011700CE.NFO,07/01/2020,10:51:46,595.75,592.25,75,598.55,150,0,15600
NIFTY27FEB2011700CE.NFO,07/01/2020,10:51:48,595.75,592.25,150,598.55,150,0,15600
NIFTY27FEB2011700CE.NFO,07/01/2020,10:51:49,595.75,592.55,75,598.55,150,0,15600
NIFTY27FEB2011700CE.NFO,07/01/2020,10:51:50,595.75,592.7,75,598.55,150,0,15600
NIFTY27FEB2011700CE.NFO,07/01/2020,10:51:51,595.75,592.3,75,598.55,150,0,15600
NIFTY27FEB2011700CE.NFO,07/01/2020,10:51:52,595.75,591.5,75,598.5,150,0,15600
NIFTY27FEB2011700CE.NFO,07/01/2020,10:51:54,595.75,591.1,75,598.4,75,0,15600
NIFTY27FEB2011700CE.NFO,07/01/2020,10:51:55,595.75,590.3,75,598.4,75,0,15600
NIFTY27FEB2011700CE.NFO,07/01/2020,10:52:00,595.75,591.35,75,598.5,150,0,15600
NIFTY27FEB2011700CE.NFO,07/01/2020,10:52:01,595.75,590.95,75,598.45,75,0,15600
NIFTY27FEB2011700CE.NFO,07/01/2020,10:52:04,595.75,590.55,75,598.45,75,0,15600
NIFTY27FEB2011700CE.NFO,07/01/2020,10:52:10,595.75,590.15,75,598.45,75,0,15600
NIFTY27FEB2011700CE.NFO,07/01/2020,10:52:11,595.75,589.75,75,598.45,75,0,15600
NIFTY27FEB2011700CE.NFO,07/01/2020,10:52:15,595.75,590.7,75,598.45,75,0,15600
NIFTY27FEB2011700CE.NFO,07/01/2020,10:52:16,595.75,590.7,75,598.5,150,0,15600
NIFTY27FEB2011700CE.NFO,07/01/2020,10:52:17,595.75,590.7,75,598.5,225,0,15600
NIFTY27FEB2011700CE.NFO,07/01/2020,10:52:18,595.75,590.3,75,598.5,225,0,15600
NIFTY27FEB2011700CE.NFO,07/01/2020,10:52:22,595.75,589.9,75,598.5,225,0,15600
NIFTY27FEB2011700CE.NFO,07/01/2020,10:52:24,595.75,589.7,75,597.2,75,0,15600
NIFTY27FEB2011700CE.NFO,07/01/2020,10:52:25,595.75,589.7,75,597.15,300,0,15600
NIFTY27FEB2011700CE.NFO,07/01/2020,10:52:27,595.75,589.3,75,596.7,150,0,15600
NIFTY27FEB2011700CE.NFO,07/01/2020,10:52:28,595.75,590.2,75,596.7,300,0,15600
NIFTY27FEB2011700CE.NFO,07/01/2020,10:52:32,595.75,589.8,75,596.7,300,0,15600
NIFTY27FEB2011700CE.NFO,07/01/2020,10:52:33,595.75,589.4,75,596.7,300,0,15600
NIFTY27FEB2011700CE.NFO,07/01/2020,10:52:35,595.75,590.3,75,596.7,300,0,15600
NIFTY27FEB2011700CE.NFO,07/01/2020,10:52:36,595.75,590.3,75,596.7,150,0,15600
NIFTY27FEB2011700CE.NFO,07/01/2020,10:52:37,595.75,591.05,75,596.7,150,0,15600
