Ticker,Date,Time,LTP,BuyPrice,BuyQty,SellPrice,SellQty,LTQ,OpenInterest
NIFTY09JAN2012350CE.NFO,07/01/2020,09:15:02,3.6,2.5,525,2.95,4575,225,800925
NIFTY09JAN2012350CE.NFO,07/01/2020,09:15:02,2.5,2.5,525,2.95,4575,0,800925
NIFTY09JAN2012350CE.NFO,07/01/2020,09:15:02,3.6,2.5,525,2.95,4575,0,800925
NIFTY09JAN2012350CE.NFO,07/01/2020,09:15:02,2.5,2.5,525,2.95,4575,0,800925
NIFTY09JAN2012350CE.NFO,07/01/2020,09:15:03,2.5,2.5,375,2.95,3750,1125,800925
NIFTY09JAN2012350CE.NFO,07/01/2020,09:15:05,2.95,2.85,150,2.95,450,6225,800925
NIFTY09JAN2012350CE.NFO,07/01/2020,09:15:08,3.15,3.15,450,3.3,375,5025,800925
NIFTY09JAN2012350CE.NFO,07/01/2020,09:15:10,3.25,3.2,750,3.3,75,750,800925
NIFTY09JAN2012350CE.NFO,07/01/2020,09:15:11,3.35,3.3,375,3.45,525,750,800925
NIFTY09JAN2012350CE.NFO,07/01/2020,09:15:12,3.3,3.35,75,3.45,525,75,800925
NIFTY09JAN2012350CE.NFO,07/01/2020,09:15:13,3.3,3.35,75,3.45,375,0,800925
NIFTY09JAN2012350CE.NFO,07/01/2020,09:15:14,3.45,3.3,525,3.45,225,150,800925
NIFTY09JAN2012350CE.NFO,07/01/2020,09:15:16,3.45,3.3,525,3.45,300,300,800925
NIFTY09JAN2012350CE.NFO,07/01/2020,09:15:17,3.4,3.25,600,3.4,300,375,800925
NIFTY09JAN2012350CE.NFO,07/01/2020,09:15:18,3.4,3.25,750,3.4,450,75,800925
NIFTY09JAN2012350CE.NFO,07/01/2020,09:15:19,3.3,3.25,900,3.4,450,150,800925
NIFTY09JAN2012350CE.NFO,07/01/2020,09:15:20,3.5,3.35,375,3.5,750,1275,800925
NIFTY09JAN2012350CE.NFO,07/01/2020,09:15:22,3.5,3.45,225,3.6,975,0,800925
NIFTY09JAN2012350CE.NFO,07/01/2020,09:15:23,3.4,3.4,375,3.5,75,750,800925
NIFTY09JAN2012350CE.NFO,07/01/2020,09:15:24,3.45,3.45,1500,3.6,600,675,800925
NIFTY09JAN2012350CE.NFO,07/01/2020,09:15:26,3.5,3.55,600,3.7,525,75,800925
NIFTY09JAN2012350CE.NFO,07/01/2020,09:15:27,3.7,3.65,150,3.75,300,150,800925
NIFTY09JAN2012350CE.NFO,07/01/2020,09:15:27,3.7,3.65,150,3.75,300,0,800925
NIFTY09JAN2012350CE.NFO,07/01/2020,09:15:29,3.8,3.65,975,3.8,1800,225,800925
NIFTY09JAN2012350CE.NFO,07/01/2020,09:15:29,3.8,3.65,975,3.8,1800,0,800925
NIFTY09JAN2012350CE.NFO,07/01/2020,09:15:30,3.75,3.6,450,3.75,825,225,800925
NIFTY09JAN2012350CE.NFO,07/01/2020,09:15:31,3.6,3.55,375,3.7,675,150,800925
NIFTY09JAN2012350CE.NFO,07/01/2020,09:15:32,3.65,3.6,150,3.75,1050,225,800925
NIFTY09JAN2012350CE.NFO,07/01/2020,09:15:33,3.75,3.65,375,3.75,300,675,800925
NIFTY09JAN2012350CE.NFO,07/01/2020,09:15:34,3.7,3.7,150,3.75,150,75,800925
NIFTY09JAN2012350CE.NFO,07/01/2020,09:15:35,3.7,3.75,600,3.8,1425,0,800925
NIFTY09JAN2012350CE.NFO,07/01/2020,09:15:36,3.8,3.8,225,3.9,450,1125,800925
NIFTY09JAN2012350CE.NFO,07/01/2020,09:15:37,3.9,3.8,675,3.95,300,300,800925
NIFTY09JAN2012350CE.NFO,07/01/2020,09:15:37,4,3.8,675,3.95,300,0,800925
NIFTY09JAN2012350CE.NFO,07/01/2020,09:15:39,4,3.95,75,4.05,150,1350,800925
NIFTY09JAN2012350CE.NFO,07/01/2020,09:15:40,4,4,150,4.1,750,1200,800925
NIFTY09JAN2012350CE.NFO,07/01/2020,09:15:41,4,4,1650,4.15,750,0,800925
NIFTY09JAN2012350CE.NFO,07/01/2020,09:15:42,3.9,3.9,600,4.05,900,2100,800925
NIFTY09JAN2012350CE.NFO,07/01/2020,09:15:42,4.1,3.9,600,4.05,900,0,800925
NIFTY09JAN2012350CE.NFO,07/01/2020,09:15:43,4.1,3.95,675,4.1,750,300,800925
NIFTY09JAN2012350CE.NFO,07/01/2020,09:15:44,4.15,4,975,4.15,450,1425,800925
NIFTY09JAN2012350CE.NFO,07/01/2020,09:15:44,4.15,4,975,4.15,450,0,800925
NIFTY09JAN2012350CE.NFO,07/01/2020,09:15:45,4,4,525,4.1,150,3825,800925
NIFTY09JAN2012350CE.NFO,07/01/2020,09:15:45,4.2,4,525,4.1,150,0,800925
NIFTY09JAN2012350CE.NFO,07/01/2020,09:15:46,4.15,4,450,4.15,375,4350,800925
NIFTY09JAN2012350CE.NFO,07/01/2020,09:15:47,4.1,3.95,900,4.1,600,1350,800925
NIFTY09JAN2012350CE.NFO,07/01/2020,09:15:49,4.1,4.05,75,4.1,375,0,800925
NIFTY09JAN2012350CE.NFO,07/01/2020,09:15:50,4.1,4,375,4.1,225,825,800925
NIFTY09JAN2012350CE.NFO,07/01/2020,09:15:51,4.1,4,1275,4.15,1575,225,800925
NIFTY09JAN2012350CE.NFO,07/01/2020,09:15:52,4.1,4,1050,4.1,75,0,800925
NIFTY09JAN2012350CE.NFO,07/01/2020,09:15:53,4.1,4.1,375,4.2,10425,150,800925
NIFTY09JAN2012350CE.NFO,07/01/2020,09:15:54,4.2,4.1,375,4.15,225,5100,800925
NIFTY09JAN2012350CE.NFO,07/01/2020,09:15:56,4.2,4.1,825,4.2,9825,75,800925
NIFTY09JAN2012350CE.NFO,07/01/2020,09:15:57,4.15,4.1,825,4.2,9750,150,800925
NIFTY09JAN2012350CE.NFO,07/01/2020,09:15:58,4.2,4.1,600,4.2,9375,375,800925
NIFTY09JAN2012350CE.NFO,07/01/2020,09:15:59,4.2,4.1,600,4.2,9375,0,800925
NIFTY09JAN2012350CE.NFO,07/01/2020,09:16:01,4.1,4.05,1125,4.2,9525,1050,800925
NIFTY09JAN2012350CE.NFO,07/01/2020,09:16:02,4.05,4.1,300,4.15,450,1500,800925
NIFTY09JAN2012350CE.NFO,07/01/2020,09:16:03,4.15,4.05,3225,4.15,300,225,800925
NIFTY09JAN2012350CE.NFO,07/01/2020,09:16:04,4.15,4.05,525,4.15,75,5400,800925
NIFTY09JAN2012350CE.NFO,07/01/2020,09:16:06,4.2,4.05,2325,4.2,8925,1050,800925
NIFTY09JAN2012350CE.NFO,07/01/2020,09:16:07,4.05,4.05,1800,4.2,5475,4050,800925
NIFTY09JAN2012350CE.NFO,07/01/2020,09:16:08,4.15,4.1,300,4.2,5475,600,800925
NIFTY09JAN2012350CE.NFO,07/01/2020,09:16:09,4,4,6750,4.1,150,4275,800925
NIFTY09JAN2012350CE.NFO,07/01/2020,09:16:10,4.2,4.05,2100,4.2,2475,6675,800925
NIFTY09JAN2012350CE.NFO,07/01/2020,09:16:11,4.1,4,4950,4.15,1575,3000,800925
NIFTY09JAN2012350CE.NFO,07/01/2020,09:16:12,4.05,4.05,300,4.2,825,6150,800925
NIFTY09JAN2012350CE.NFO,07/01/2020,09:16:13,4.15,4.05,450,4.15,75,1125,800925
NIFTY09JAN2012350CE.NFO,07/01/2020,09:16:14,4.2,4.05,1500,4.2,2625,1950,800925
NIFTY09JAN2012350CE.NFO,07/01/2020,09:16:15,4.1,4,2325,4.1,600,5250,800925
NIFTY09JAN2012350CE.NFO,07/01/2020,09:16:17,4.15,4.05,525,4.15,75,2400,800925
NIFTY09JAN2012350CE.NFO,07/01/2020,09:16:18,4.15,4.05,675,4.1,75,900,800925
NIFTY09JAN2012350CE.NFO,07/01/2020,09:16:19,4.05,4.1,225,4.15,75,150,800925
NIFTY09JAN2012350CE.NFO,07/01/2020,09:16:20,4.15,4.1,2025,4.15,75,300,800925
NIFTY09JAN2012350CE.NFO,07/01/2020,09:16:21,4.2,4.1,2325,4.2,2775,900,800925
NIFTY09JAN2012350CE.NFO,07/01/2020,09:16:22,4.05,4.05,1050,4.2,2475,8925,800925
NIFTY09JAN2012350CE.NFO,07/01/2020,09:16:24,4.15,4.05,675,4.15,75,675,800925
NIFTY09JAN2012350CE.NFO,07/01/2020,09:16:25,4.15,4,2850,4.15,150,1875,800925
NIFTY09JAN2012350CE.NFO,07/01/2020,09:16:25,4,4,1500,4.1,75,600,800925
NIFTY09JAN2012350CE.NFO,07/01/2020,09:16:26,4.1,4,1650,4.1,75,1125,800925
NIFTY09JAN2012350CE.NFO,07/01/2020,09:16:28,4.2,4.1,900,4.2,150,4800,800925
NIFTY09JAN2012350CE.NFO,07/01/2020,09:16:29,4.2,4.1,1350,4.25,1425,2100,800925
NIFTY09JAN2012350CE.NFO,07/01/2020,09:16:29,4.25,4.1,1350,4.25,1425,0,800925
NIFTY09JAN2012350CE.NFO,07/01/2020,09:16:30,4.15,4.1,975,4.2,75,225,800925
NIFTY09JAN2012350CE.NFO,07/01/2020,09:16:31,4.2,4.15,75,4.2,75,300,800925
NIFTY09JAN2012350CE.NFO,07/01/2020,09:16:33,4.25,4.1,2025,4.25,525,1200,800925
NIFTY09JAN2012350CE.NFO,07/01/2020,09:16:34,4.3,4.1,600,4.2,75,1050,800925
NIFTY09JAN2012350CE.NFO,07/01/2020,09:16:34,4.3,4.1,600,4.2,75,0,800925
NIFTY09JAN2012350CE.NFO,07/01/2020,09:16:35,4.3,4.15,5700,4.3,750,1875,800925
NIFTY09JAN2012350CE.NFO,07/01/2020,09:16:35,4.35,4.15,5700,4.3,750,0,800925
NIFTY09JAN2012350CE.NFO,07/01/2020,09:16:37,4.25,4.15,4200,4.2,75,2775,800925
NIFTY09JAN2012350CE.NFO,07/01/2020,09:16:38,4.2,4.15,4425,4.25,75,450,800925
NIFTY09JAN2012350CE.NFO,07/01/2020,09:16:39,4.35,4.25,1125,4.4,1500,1425,800925
NIFTY09JAN2012350CE.NFO,07/01/2020,09:16:40,4.35,4.25,750,4.4,1500,1275,800925
NIFTY09JAN2012350CE.NFO,07/01/2020,09:16:40,4.4,4.25,750,4.4,1500,0,800925
NIFTY09JAN2012350CE.NFO,07/01/2020,09:16:41,4.35,4.25,1050,4.35,75,525,800925
NIFTY09JAN2012350CE.NFO,07/01/2020,09:16:42,4.4,4.25,1275,4.35,375,225,800925
NIFTY09JAN2012350CE.NFO,07/01/2020,09:16:44,4.35,4.3,3150,4.35,375,150,800925
NIFTY09JAN2012350CE.NFO,07/01/2020,09:16:45,4.4,4.3,3150,4.4,225,1350,800925
NIFTY09JAN2012350CE.NFO,07/01/2020,09:16:45,4.45,4.3,3150,4.4,225,0,800925
NIFTY09JAN2012350CE.NFO,07/01/2020,09:16:46,4.35,4.3,3450,4.4,300,1200,800925
NIFTY09JAN2012350CE.NFO,07/01/2020,09:16:47,4.45,4.4,525,4.45,150,1125,800925
NIFTY09JAN2012350CE.NFO,07/01/2020,09:16:47,4.5,4.4,525,4.45,150,0,800925
NIFTY09JAN2012350CE.NFO,07/01/2020,09:16:48,4.45,4.4,825,4.45,75,525,800925
NIFTY09JAN2012350CE.NFO,07/01/2020,09:16:49,4.5,4.45,75,4.5,150,2175,800925
NIFTY09JAN2012350CE.NFO,07/01/2020,09:16:50,4.4,4.4,600,4.45,75,1650,800925
NIFTY09JAN2012350CE.NFO,07/01/2020,09:16:51,4.5,4.35,600,4.45,75,2850,800925
NIFTY09JAN2012350CE.NFO,07/01/2020,09:16:52,4.55,4.5,750,4.55,75,2250,800925
NIFTY09JAN2012350CE.NFO,07/01/2020,09:16:52,4.6,4.5,750,4.55,75,0,800925
NIFTY09JAN2012350CE.NFO,07/01/2020,09:16:54,4.55,4.55,450,4.65,675,3375,800925
NIFTY09JAN2012350CE.NFO,07/01/2020,09:16:55,4.6,4.5,2850,4.6,75,900,800925
NIFTY09JAN2012350CE.NFO,07/01/2020,09:16:55,4.65,4.5,2850,4.6,75,0,800925
NIFTY09JAN2012350CE.NFO,07/01/2020,09:16:56,4.5,4.55,375,4.65,150,1275,800925
NIFTY09JAN2012350CE.NFO,07/01/2020,09:16:57,4.6,4.55,2100,4.65,600,1500,800925
NIFTY09JAN2012350CE.NFO,07/01/2020,09:16:58,4.6,4.55,1500,4.65,675,1800,800925
NIFTY09JAN2012350CE.NFO,07/01/2020,09:16:59,4.6,4.5,225,4.6,600,5925,800925
NIFTY09JAN2012350CE.NFO,07/01/2020,09:17:00,4.6,4.55,150,4.65,300,675,800925
NIFTY09JAN2012350CE.NFO,07/01/2020,09:17:02,4.6,4.55,750,4.65,750,750,800925
NIFTY09JAN2012350CE.NFO,07/01/2020,09:17:03,4.65,4.55,600,4.65,825,375,800925
NIFTY09JAN2012350CE.NFO,07/01/2020,09:17:04,4.65,4.6,225,4.7,975,0,800925
NIFTY09JAN2012350CE.NFO,07/01/2020,09:17:05,4.6,4.55,1050,4.6,75,3300,800925
NIFTY09JAN2012350CE.NFO,07/01/2020,09:17:06,4.6,4.55,1050,4.6,75,600,800925
NIFTY09JAN2012350CE.NFO,07/01/2020,09:17:07,4.6,4.6,150,4.7,1500,3225,800925
NIFTY09JAN2012350CE.NFO,07/01/2020,09:17:07,4.7,4.6,150,4.7,1500,0,800925
NIFTY09JAN2012350CE.NFO,07/01/2020,09:17:08,4.65,4.6,300,4.65,450,225,802350
NIFTY09JAN2012350CE.NFO,07/01/2020,09:17:09,4.65,4.6,825,4.65,150,75,802350
NIFTY09JAN2012350CE.NFO,07/01/2020,09:17:11,4.65,4.65,75,4.7,225,7275,802350
NIFTY09JAN2012350CE.NFO,07/01/2020,09:17:12,4.7,4.65,75,4.7,150,5325,802350
NIFTY09JAN2012350CE.NFO,07/01/2020,09:17:12,4.8,4.65,75,4.7,150,0,802350
NIFTY09JAN2012350CE.NFO,07/01/2020,09:17:12,4.65,4.65,225,4.7,75,375,802350
NIFTY09JAN2012350CE.NFO,07/01/2020,09:17:13,4.7,4.6,1350,4.7,675,1050,802350
NIFTY09JAN2012350CE.NFO,07/01/2020,09:17:14,4.75,4.7,1125,4.8,300,600,802350
NIFTY09JAN2012350CE.NFO,07/01/2020,09:17:16,4.75,4.7,525,4.8,900,1125,802350
NIFTY09JAN2012350CE.NFO,07/01/2020,09:17:17,4.85,4.75,525,4.85,600,375,802350
NIFTY09JAN2012350CE.NFO,07/01/2020,09:17:17,4.85,4.75,525,4.85,600,0,802350
NIFTY09JAN2012350CE.NFO,07/01/2020,09:17:18,4.85,4.8,225,4.9,975,225,802350
NIFTY09JAN2012350CE.NFO,07/01/2020,09:17:19,4.95,4.8,675,4.9,450,525,802350
NIFTY09JAN2012350CE.NFO,07/01/2020,09:17:19,4.95,4.8,675,4.9,450,0,802350
NIFTY09JAN2012350CE.NFO,07/01/2020,09:17:19,4.9,4.8,900,4.9,375,225,802350
NIFTY09JAN2012350CE.NFO,07/01/2020,09:17:21,4.9,4.8,150,4.85,225,2625,802350
NIFTY09JAN2012350CE.NFO,07/01/2020,09:17:22,4.75,4.8,75,4.85,450,1125,802350
NIFTY09JAN2012350CE.NFO,07/01/2020,09:17:23,4.95,4.85,225,4.9,75,6375,802350
NIFTY09JAN2012350CE.NFO,07/01/2020,09:17:24,4.9,4.8,900,4.9,675,225,802350
NIFTY09JAN2012350CE.NFO,07/01/2020,09:17:24,4.85,4.8,675,4.9,1050,300,802350
NIFTY09JAN2012350CE.NFO,07/01/2020,09:17:26,4.9,4.85,150,4.9,600,450,802350
NIFTY09JAN2012350CE.NFO,07/01/2020,09:17:27,4.85,4.8,75,4.9,1125,225,802350
NIFTY09JAN2012350CE.NFO,07/01/2020,09:17:28,4.85,4.85,150,4.9,300,2175,802350
NIFTY09JAN2012350CE.NFO,07/01/2020,09:17:29,4.9,4.85,75,4.95,1350,1575,802350
NIFTY09JAN2012350CE.NFO,07/01/2020,09:17:29,4.95,4.85,225,4.95,900,300,802350
NIFTY09JAN2012350CE.NFO,07/01/2020,09:17:31,4.85,4.85,225,4.9,150,675,802350
NIFTY09JAN2012350CE.NFO,07/01/2020,09:17:32,4.8,4.75,75,4.8,75,6825,802350
NIFTY09JAN2012350CE.NFO,07/01/2020,09:17:33,4.85,4.75,300,4.85,1800,150,802350
NIFTY09JAN2012350CE.NFO,07/01/2020,09:17:34,4.75,4.65,1050,4.75,75,4425,802350
NIFTY09JAN2012350CE.NFO,07/01/2020,09:17:34,4.75,4.65,1275,4.75,525,600,802350
NIFTY09JAN2012350CE.NFO,07/01/2020,09:17:36,4.8,4.65,1125,4.8,4725,150,802350
NIFTY09JAN2012350CE.NFO,07/01/2020,09:17:37,4.7,4.65,75,4.7,675,1050,802350
NIFTY09JAN2012350CE.NFO,07/01/2020,09:17:38,4.7,4.6,825,4.7,375,2700,802350
NIFTY09JAN2012350CE.NFO,07/01/2020,09:17:39,4.7,4.55,1350,4.65,75,1200,802350
NIFTY09JAN2012350CE.NFO,07/01/2020,09:17:39,4.7,4.55,1050,4.65,225,0,802350
NIFTY09JAN2012350CE.NFO,07/01/2020,09:17:41,4.7,4.6,225,4.7,6525,1425,802350
NIFTY09JAN2012350CE.NFO,07/01/2020,09:17:42,4.6,4.55,525,4.6,75,1125,802350
NIFTY09JAN2012350CE.NFO,07/01/2020,09:17:43,4.55,4.5,450,4.55,225,6075,802350
NIFTY09JAN2012350CE.NFO,07/01/2020,09:17:44,4.45,4.35,1050,4.5,6900,1350,802350
NIFTY09JAN2012350CE.NFO,07/01/2020,09:17:44,4.5,4.4,300,4.5,3675,1950,802350
NIFTY09JAN2012350CE.NFO,07/01/2020,09:17:46,4.5,4.4,525,4.5,675,8700,802350
NIFTY09JAN2012350CE.NFO,07/01/2020,09:17:47,4.5,4.4,150,4.5,150,6075,802350
NIFTY09JAN2012350CE.NFO,07/01/2020,09:17:48,4.5,4.4,1275,4.55,2100,2175,802350
NIFTY09JAN2012350CE.NFO,07/01/2020,09:17:49,4.5,4.4,525,4.5,2475,3375,802350
NIFTY09JAN2012350CE.NFO,07/01/2020,09:17:49,4.4,4.35,900,4.45,75,600,802350
NIFTY09JAN2012350CE.NFO,07/01/2020,09:17:51,4.5,4.4,1275,4.5,75,8100,802350
NIFTY09JAN2012350CE.NFO,07/01/2020,09:17:52,4.4,4.4,525,4.5,825,1350,802350
NIFTY09JAN2012350CE.NFO,07/01/2020,09:17:53,4.4,4.4,675,4.5,1275,75,802350
NIFTY09JAN2012350CE.NFO,07/01/2020,09:17:54,4.45,4.4,75,4.45,225,2925,802350
NIFTY09JAN2012350CE.NFO,07/01/2020,09:17:54,4.4,4.3,1050,4.4,75,225,802350
NIFTY09JAN2012350CE.NFO,07/01/2020,09:17:56,4.4,4.4,75,4.45,300,675,802350
NIFTY09JAN2012350CE.NFO,07/01/2020,09:17:57,4.4,4.35,675,4.4,150,2400,802350
NIFTY09JAN2012350CE.NFO,07/01/2020,09:17:58,4.45,4.35,675,4.45,3300,1275,802350
NIFTY09JAN2012350CE.NFO,07/01/2020,09:17:59,4.45,4.35,525,4.4,75,0,802350
NIFTY09JAN2012350CE.NFO,07/01/2020,09:18:01,4.4,4.4,675,4.45,150,4350,802350
NIFTY09JAN2012350CE.NFO,07/01/2020,09:18:02,4.5,4.45,150,4.5,75,3675,802350
NIFTY09JAN2012350CE.NFO,07/01/2020,09:18:03,4.5,4.5,300,4.55,2775,225,802350
NIFTY09JAN2012350CE.NFO,07/01/2020,09:18:04,4.55,4.5,525,4.6,375,3600,802350
NIFTY09JAN2012350CE.NFO,07/01/2020,09:18:04,4.55,4.5,1125,4.55,75,750,802350
NIFTY09JAN2012350CE.NFO,07/01/2020,09:18:06,4.55,4.55,75,4.6,225,1875,802350
NIFTY09JAN2012350CE.NFO,07/01/2020,09:18:07,4.5,4.5,1050,4.6,600,150,802350
NIFTY09JAN2012350CE.NFO,07/01/2020,09:18:08,4.6,4.55,1200,4.65,750,1350,802350
NIFTY09JAN2012350CE.NFO,07/01/2020,09:18:09,4.6,4.55,900,4.6,450,225,802350
NIFTY09JAN2012350CE.NFO,07/01/2020,09:18:09,4.6,4.55,525,4.6,450,0,802350
NIFTY09JAN2012350CE.NFO,07/01/2020,09:18:11,4.6,4.55,675,4.6,525,0,802350
NIFTY09JAN2012350CE.NFO,07/01/2020,09:18:12,4.6,4.6,450,4.7,1950,1125,802350
NIFTY09JAN2012350CE.NFO,07/01/2020,09:18:12,4.6,4.6,450,4.7,1950,0,802350
NIFTY09JAN2012350CE.NFO,07/01/2020,09:18:13,4.6,4.6,1050,4.7,1950,0,802350
NIFTY09JAN2012350CE.NFO,07/01/2020,09:18:14,4.6,4.6,450,4.7,2475,0,802350
NIFTY09JAN2012350CE.NFO,07/01/2020,09:18:15,4.65,4.6,525,4.7,2325,300,802350
NIFTY09JAN2012350CE.NFO,07/01/2020,09:18:16,4.55,4.55,1425,4.65,75,450,802350
NIFTY09JAN2012350CE.NFO,07/01/2020,09:18:17,4.55,4.55,1050,4.6,375,150,802350
NIFTY09JAN2012350CE.NFO,07/01/2020,09:18:18,4.55,4.55,525,4.6,300,300,802350
NIFTY09JAN2012350CE.NFO,07/01/2020,09:18:19,4.55,4.55,525,4.6,300,225,802350
NIFTY09JAN2012350CE.NFO,07/01/2020,09:18:20,4.55,4.55,150,4.6,75,600,802350
NIFTY09JAN2012350CE.NFO,07/01/2020,09:18:21,4.55,4.5,1575,4.6,825,600,802350
NIFTY09JAN2012350CE.NFO,07/01/2020,09:18:22,4.55,4.5,1875,4.55,375,0,802350
NIFTY09JAN2012350CE.NFO,07/01/2020,09:18:23,4.55,4.5,900,4.55,1050,300,802350
NIFTY09JAN2012350CE.NFO,07/01/2020,09:18:24,4.5,4.5,825,4.55,675,75,802350
NIFTY09JAN2012350CE.NFO,07/01/2020,09:18:25,4.55,4.55,375,4.6,1500,1500,802350
NIFTY09JAN2012350CE.NFO,07/01/2020,09:18:26,4.55,4.55,75,4.6,2850,0,802350
NIFTY09JAN2012350CE.NFO,07/01/2020,09:18:27,4.6,4.5,4425,4.6,4275,450,802350
NIFTY09JAN2012350CE.NFO,07/01/2020,09:18:28,4.6,4.55,75,4.6,4275,2325,802350
NIFTY09JAN2012350CE.NFO,07/01/2020,09:18:29,4.6,4.55,75,4.6,3375,0,802350
NIFTY09JAN2012350CE.NFO,07/01/2020,09:18:30,4.6,4.55,75,4.6,1950,450,802350
NIFTY09JAN2012350CE.NFO,07/01/2020,09:18:31,4.55,4.55,2175,4.6,2025,225,802350
NIFTY09JAN2012350CE.NFO,07/01/2020,09:18:32,4.55,4.5,3450,4.55,825,2475,802350
NIFTY09JAN2012350CE.NFO,07/01/2020,09:18:33,4.55,4.5,3300,4.55,1650,300,802350
NIFTY09JAN2012350CE.NFO,07/01/2020,09:18:34,4.55,4.5,3300,4.55,1575,75,802350
NIFTY09JAN2012350CE.NFO,07/01/2020,09:18:35,4.5,4.45,675,4.5,900,3300,802350
NIFTY09JAN2012350CE.NFO,07/01/2020,09:18:36,4.5,4.4,900,4.45,75,975,802350
NIFTY09JAN2012350CE.NFO,07/01/2020,09:18:37,4.45,4.4,1650,4.45,75,2550,802350
NIFTY09JAN2012350CE.NFO,07/01/2020,09:18:38,4.35,4.3,2175,4.35,525,1725,802350
NIFTY09JAN2012350CE.NFO,07/01/2020,09:18:39,4.35,4.3,1575,4.35,75,0,802350
NIFTY09JAN2012350CE.NFO,07/01/2020,09:18:40,4.35,4.3,675,4.35,1275,150,802350
NIFTY09JAN2012350CE.NFO,07/01/2020,09:18:42,4.35,4.3,750,4.35,900,6750,802350
NIFTY09JAN2012350CE.NFO,07/01/2020,09:18:43,4.3,4.3,1650,4.35,75,75,802350
NIFTY09JAN2012350CE.NFO,07/01/2020,09:18:44,4.3,4.25,825,4.3,600,2100,802350
NIFTY09JAN2012350CE.NFO,07/01/2020,09:18:45,4.3,4.25,1575,4.3,75,1200,802350
NIFTY09JAN2012350CE.NFO,07/01/2020,09:18:46,4.25,4.25,225,4.3,1050,300,802350
NIFTY09JAN2012350CE.NFO,07/01/2020,09:18:47,4.25,4.2,150,4.25,600,225,802350
NIFTY09JAN2012350CE.NFO,07/01/2020,09:18:48,4.15,4.1,375,4.15,600,10275,802350
NIFTY09JAN2012350CE.NFO,07/01/2020,09:18:49,4.15,4.1,1500,4.2,600,300,802350
NIFTY09JAN2012350CE.NFO,07/01/2020,09:18:50,4,3.95,600,4,150,9750,802350
NIFTY09JAN2012350CE.NFO,07/01/2020,09:18:51,4,3.95,1725,4.05,525,3075,802350
NIFTY09JAN2012350CE.NFO,07/01/2020,09:18:52,4.05,4.05,375,4.1,750,225,802350
NIFTY09JAN2012350CE.NFO,07/01/2020,09:18:53,4.05,4.05,225,4.1,1425,3000,802350
NIFTY09JAN2012350CE.NFO,07/01/2020,09:18:54,4.1,4,3150,4.1,150,750,802350
NIFTY09JAN2012350CE.NFO,07/01/2020,09:18:55,4.05,4,2400,4.05,75,75,802350
NIFTY09JAN2012350CE.NFO,07/01/2020,09:18:56,4.05,4,1950,4.05,450,0,802350
NIFTY09JAN2012350CE.NFO,07/01/2020,09:18:57,4.05,4,450,4.05,825,1575,802350
NIFTY09JAN2012350CE.NFO,07/01/2020,09:18:58,4,3.95,825,4,150,525,802350
NIFTY09JAN2012350CE.NFO,07/01/2020,09:18:59,4,4,1500,4.05,75,750,802350
NIFTY09JAN2012350CE.NFO,07/01/2020,09:19:00,4,4,1050,4.05,75,600,802350
NIFTY09JAN2012350CE.NFO,07/01/2020,09:19:01,4,3.95,975,4,1950,2175,802350
NIFTY09JAN2012350CE.NFO,07/01/2020,09:19:01,4.05,4.05,450,4.1,1200,2700,802350
NIFTY09JAN2012350CE.NFO,07/01/2020,09:19:02,4.05,4.05,450,4.1,750,0,802350
NIFTY09JAN2012350CE.NFO,07/01/2020,09:19:03,4.05,4.05,600,4.1,525,375,802350
NIFTY09JAN2012350CE.NFO,07/01/2020,09:19:04,4.1,4.1,75,4.15,600,900,802350
NIFTY09JAN2012350CE.NFO,07/01/2020,09:19:06,4.1,4.1,150,4.15,675,1200,802350
NIFTY09JAN2012350CE.NFO,07/01/2020,09:19:07,4,4,825,4.05,75,1500,802350
NIFTY09JAN2012350CE.NFO,07/01/2020,09:19:08,4,4,225,4.05,300,75,802350
NIFTY09JAN2012350CE.NFO,07/01/2020,09:19:09,4.15,4.1,675,4.15,600,1800,802350
NIFTY09JAN2012350CE.NFO,07/01/2020,09:19:10,4.15,4.05,2325,4.15,375,0,802350
NIFTY09JAN2012350CE.NFO,07/01/2020,09:19:11,4.15,4.1,75,4.15,375,0,802350
NIFTY09JAN2012350CE.NFO,07/01/2020,09:19:12,4.15,4.15,375,4.2,300,1500,802350
NIFTY09JAN2012350CE.NFO,07/01/2020,09:19:13,4.15,4.1,1200,4.15,150,75,802350
NIFTY09JAN2012350CE.NFO,07/01/2020,09:19:14,4.1,4.05,1125,4.15,1200,900,802350
NIFTY09JAN2012350CE.NFO,07/01/2020,09:19:15,4.1,4.1,825,4.15,300,375,802350
NIFTY09JAN2012350CE.NFO,07/01/2020,09:19:16,4.1,4.1,150,4.15,300,600,802350
NIFTY09JAN2012350CE.NFO,07/01/2020,09:19:17,4.1,4.1,225,4.15,450,0,802350
NIFTY09JAN2012350CE.NFO,07/01/2020,09:19:18,4.1,4.1,600,4.15,300,0,802350
NIFTY09JAN2012350CE.NFO,07/01/2020,09:19:19,4.1,4.1,300,4.15,75,2475,802350
NIFTY09JAN2012350CE.NFO,07/01/2020,09:19:20,4.15,4.15,375,4.2,1425,5775,802350
NIFTY09JAN2012350CE.NFO,07/01/2020,09:19:21,4.2,4.15,375,4.2,225,750,802350
NIFTY09JAN2012350CE.NFO,07/01/2020,09:19:22,4.2,4.15,825,4.2,75,150,802350
NIFTY09JAN2012350CE.NFO,07/01/2020,09:19:23,4.2,4.2,300,4.25,975,1875,802350
NIFTY09JAN2012350CE.NFO,07/01/2020,09:19:24,4.15,4.15,1350,4.25,1575,750,802350
NIFTY09JAN2012350CE.NFO,07/01/2020,09:19:25,4.2,4.15,2100,4.2,1425,975,802350
NIFTY09JAN2012350CE.NFO,07/01/2020,09:19:26,4.2,4.15,2100,4.2,1425,0,802350
NIFTY09JAN2012350CE.NFO,07/01/2020,09:19:27,4.2,4.15,825,4.2,2025,0,802350
NIFTY09JAN2012350CE.NFO,07/01/2020,09:19:28,4.2,4.15,750,4.2,2700,0,802350
NIFTY09JAN2012350CE.NFO,07/01/2020,09:19:29,4.2,4.15,300,4.2,2700,0,802350
NIFTY09JAN2012350CE.NFO,07/01/2020,09:19:30,4.2,4.15,300,4.2,2475,150,802350
NIFTY09JAN2012350CE.NFO,07/01/2020,09:19:31,4.1,4.05,5700,4.1,150,2250,802350
NIFTY09JAN2012350CE.NFO,07/01/2020,09:19:32,4.1,4.05,2475,4.15,1425,975,802350
NIFTY09JAN2012350CE.NFO,07/01/2020,09:19:33,4.1,4.1,75,4.15,1275,150,802350
NIFTY09JAN2012350CE.NFO,07/01/2020,09:19:34,4.15,4.1,150,4.15,1050,75,802350
NIFTY09JAN2012350CE.NFO,07/01/2020,09:19:35,4.15,4.1,75,4.15,1650,0,802350
NIFTY09JAN2012350CE.NFO,07/01/2020,09:19:36,4.1,4.05,5850,4.1,675,525,802350
NIFTY09JAN2012350CE.NFO,07/01/2020,09:19:37,4.1,4.05,1575,4.1,675,1725,802350
NIFTY09JAN2012350CE.NFO,07/01/2020,09:19:38,4.05,4.05,2025,4.1,150,75,802350
NIFTY09JAN2012350CE.NFO,07/01/2020,09:19:39,4.05,4.05,5775,4.1,675,225,802350
NIFTY09JAN2012350CE.NFO,07/01/2020,09:19:40,4.1,4.05,2100,4.1,375,75,802350
NIFTY09JAN2012350CE.NFO,07/01/2020,09:19:41,4.05,4.05,5850,4.1,150,225,802350
NIFTY09JAN2012350CE.NFO,07/01/2020,09:19:42,4.05,4.05,5400,4.1,750,0,802350
NIFTY09JAN2012350CE.NFO,07/01/2020,09:19:43,4.1,4.05,3750,4.1,75,750,802350
NIFTY09JAN2012350CE.NFO,07/01/2020,09:19:44,4.1,4.1,4575,4.15,5325,450,802350
NIFTY09JAN2012350CE.NFO,07/01/2020,09:19:45,4.1,4.1,4575,4.15,5325,0,802350
NIFTY09JAN2012350CE.NFO,07/01/2020,09:19:46,4.15,4.1,5475,4.15,7950,2100,802350
NIFTY09JAN2012350CE.NFO,07/01/2020,09:19:47,4.15,4.1,1875,4.15,2175,5925,802350
NIFTY09JAN2012350CE.NFO,07/01/2020,09:19:48,4.15,4.1,1650,4.15,75,2475,802350
NIFTY09JAN2012350CE.NFO,07/01/2020,09:19:49,4.15,4.15,4500,4.2,4425,75,802350
NIFTY09JAN2012350CE.NFO,07/01/2020,09:19:50,4.15,4.1,5100,4.15,600,75,802350
NIFTY09JAN2012350CE.NFO,07/01/2020,09:19:51,4.15,4.1,5100,4.15,600,225,802350
NIFTY09JAN2012350CE.NFO,07/01/2020,09:19:52,4.15,4.1,4650,4.15,900,0,802350
NIFTY09JAN2012350CE.NFO,07/01/2020,09:19:53,4.15,4.1,1875,4.15,675,1875,802350
NIFTY09JAN2012350CE.NFO,07/01/2020,09:19:54,4.15,4.15,2850,4.2,2475,450,802350
NIFTY09JAN2012350CE.NFO,07/01/2020,09:19:55,4.15,4.15,2250,4.2,3075,600,802350
NIFTY09JAN2012350CE.NFO,07/01/2020,09:19:56,4.15,4.15,2250,4.2,2400,0,802350
NIFTY09JAN2012350CE.NFO,07/01/2020,09:19:57,4.15,4.15,2250,4.2,2475,0,802350
NIFTY09JAN2012350CE.NFO,07/01/2020,09:19:58,4.15,4.15,7350,4.2,2475,0,802350
NIFTY09JAN2012350CE.NFO,07/01/2020,09:19:59,4.15,4.15,7050,4.2,2100,300,802350
NIFTY09JAN2012350CE.NFO,07/01/2020,09:20:00,4.15,4.2,675,4.25,1275,3675,802350
NIFTY09JAN2012350CE.NFO,07/01/2020,09:20:01,4.25,4.2,2100,4.3,1275,2775,802350
NIFTY09JAN2012350CE.NFO,07/01/2020,09:20:02,4.2,4.2,1875,4.3,1275,900,802350
NIFTY09JAN2012350CE.NFO,07/01/2020,09:20:03,4.3,4.25,6300,4.35,1425,75,802350
NIFTY09JAN2012350CE.NFO,07/01/2020,09:20:04,4.35,4.3,1425,4.4,1725,2775,802350
NIFTY09JAN2012350CE.NFO,07/01/2020,09:20:05,4.3,4.3,6300,4.4,1050,75,802350
NIFTY09JAN2012350CE.NFO,07/01/2020,09:20:06,4.4,4.35,1575,4.45,1725,525,802350
NIFTY09JAN2012350CE.NFO,07/01/2020,09:20:07,4.4,4.35,2025,4.45,900,0,802350
NIFTY09JAN2012350CE.NFO,07/01/2020,09:20:08,4.45,4.35,1800,4.45,1200,600,802350
NIFTY09JAN2012350CE.NFO,07/01/2020,09:20:09,4.4,4.35,75,4.4,675,225,802350
NIFTY09JAN2012350CE.NFO,07/01/2020,09:20:10,4.45,4.35,1425,4.45,2325,825,774900
NIFTY09JAN2012350CE.NFO,07/01/2020,09:20:11,4.4,4.35,1125,4.45,2175,450,774900
NIFTY09JAN2012350CE.NFO,07/01/2020,09:20:12,4.4,4.35,1125,4.45,1575,0,774900
NIFTY09JAN2012350CE.NFO,07/01/2020,09:20:13,4.4,4.35,525,4.45,3525,75,774900
NIFTY09JAN2012350CE.NFO,07/01/2020,09:20:14,4.45,4.4,2025,4.5,2775,1800,774900
NIFTY09JAN2012350CE.NFO,07/01/2020,09:20:15,4.45,4.4,2175,4.5,1575,5250,774900
NIFTY09JAN2012350CE.NFO,07/01/2020,09:20:16,4.45,4.4,1950,4.5,1725,0,774900
NIFTY09JAN2012350CE.NFO,07/01/2020,09:20:17,4.45,4.45,825,4.55,1725,825,774900
NIFTY09JAN2012350CE.NFO,07/01/2020,09:20:18,4.45,4.4,2025,4.5,1875,0,774900
NIFTY09JAN2012350CE.NFO,07/01/2020,09:20:19,4.5,4.4,1800,4.5,1650,225,774900
NIFTY09JAN2012350CE.NFO,07/01/2020,09:20:20,4.5,4.4,1800,4.5,1650,0,774900
NIFTY09JAN2012350CE.NFO,07/01/2020,09:20:21,4.5,4.4,525,4.5,2625,0,774900
NIFTY09JAN2012350CE.NFO,07/01/2020,09:20:22,4.5,4.4,1650,4.5,2550,600,774900
NIFTY09JAN2012350CE.NFO,07/01/2020,09:20:23,4.5,4.4,750,4.5,2550,0,774900
NIFTY09JAN2012350CE.NFO,07/01/2020,09:20:24,4.5,4.4,150,4.45,1050,0,774900
NIFTY09JAN2012350CE.NFO,07/01/2020,09:20:25,4.4,4.35,2775,4.4,1050,150,774900
NIFTY09JAN2012350CE.NFO,07/01/2020,09:20:26,4.4,4.35,1650,4.4,1050,0,774900
NIFTY09JAN2012350CE.NFO,07/01/2020,09:20:27,4.4,4.35,750,4.4,750,600,774900
NIFTY09JAN2012350CE.NFO,07/01/2020,09:20:28,4.4,4.35,750,4.4,1950,0,774900
NIFTY09JAN2012350CE.NFO,07/01/2020,09:20:29,4.4,4.35,375,4.4,2850,0,774900
NIFTY09JAN2012350CE.NFO,07/01/2020,09:20:30,4.4,4.35,375,4.4,2925,75,774900
NIFTY09JAN2012350CE.NFO,07/01/2020,09:20:31,4.35,4.35,6525,4.4,2550,1200,774900
NIFTY09JAN2012350CE.NFO,07/01/2020,09:20:32,4.35,4.35,2700,4.4,1725,5100,774900
NIFTY09JAN2012350CE.NFO,07/01/2020,09:20:33,4.35,4.35,1500,4.4,1725,1650,774900
NIFTY09JAN2012350CE.NFO,07/01/2020,09:20:34,4.35,4.35,5175,4.45,1500,1425,774900
NIFTY09JAN2012350CE.NFO,07/01/2020,09:20:35,4.45,4.35,2775,4.45,1350,2175,774900
NIFTY09JAN2012350CE.NFO,07/01/2020,09:20:36,4.4,4.4,3300,4.5,4050,300,774900
NIFTY09JAN2012350CE.NFO,07/01/2020,09:20:37,4.35,4.35,1275,4.4,750,1200,774900
NIFTY09JAN2012350CE.NFO,07/01/2020,09:20:38,4.4,4.35,75,4.4,1125,3075,774900
NIFTY09JAN2012350CE.NFO,07/01/2020,09:20:39,4.4,4.35,1800,4.4,75,600,774900
NIFTY09JAN2012350CE.NFO,07/01/2020,09:20:40,4.35,4.4,600,4.45,300,1275,774900
NIFTY09JAN2012350CE.NFO,07/01/2020,09:20:41,4.35,4.4,225,4.45,1275,0,774900
NIFTY09JAN2012350CE.NFO,07/01/2020,09:20:42,4.4,4.3,3525,4.4,1650,300,774900
NIFTY09JAN2012350CE.NFO,07/01/2020,09:20:43,4.4,4.35,750,4.4,450,75,774900
NIFTY09JAN2012350CE.NFO,07/01/2020,09:20:44,4.4,4.35,3675,4.45,3000,0,774900
NIFTY09JAN2012350CE.NFO,07/01/2020,09:20:45,4.45,4.4,150,4.45,1500,1050,774900
NIFTY09JAN2012350CE.NFO,07/01/2020,09:20:46,4.5,4.45,750,4.5,3000,150,774900
NIFTY09JAN2012350CE.NFO,07/01/2020,09:20:47,4.45,4.4,2025,4.5,2850,525,774900
NIFTY09JAN2012350CE.NFO,07/01/2020,09:20:48,4.45,4.4,1125,4.45,1500,825,774900
NIFTY09JAN2012350CE.NFO,07/01/2020,09:20:49,4.4,4.4,3975,4.45,1350,75,774900
NIFTY09JAN2012350CE.NFO,07/01/2020,09:20:50,4.4,4.4,1050,4.45,750,3600,774900
NIFTY09JAN2012350CE.NFO,07/01/2020,09:20:51,4.4,4.4,2175,4.5,4725,0,774900
NIFTY09JAN2012350CE.NFO,07/01/2020,09:20:52,4.45,4.4,2550,4.5,3300,225,774900
NIFTY09JAN2012350CE.NFO,07/01/2020,09:20:53,4.45,4.45,1125,4.5,1200,0,774900
NIFTY09JAN2012350CE.NFO,07/01/2020,09:20:54,4.45,4.45,1050,4.5,1800,3075,774900
NIFTY09JAN2012350CE.NFO,07/01/2020,09:20:55,4.45,4.45,1875,4.5,1350,0,774900
NIFTY09JAN2012350CE.NFO,07/01/2020,09:20:56,4.5,4.5,3225,4.55,75,1350,774900
NIFTY09JAN2012350CE.NFO,07/01/2020,09:20:57,4.5,4.5,3225,4.55,75,0,774900
NIFTY09JAN2012350CE.NFO,07/01/2020,09:20:58,4.55,4.5,5700,4.6,4125,75,774900
NIFTY09JAN2012350CE.NFO,07/01/2020,09:20:59,4.45,4.45,1125,4.5,675,4200,774900
NIFTY09JAN2012350CE.NFO,07/01/2020,09:21:00,4.5,4.45,6825,4.55,1950,1950,774900
NIFTY09JAN2012350CE.NFO,07/01/2020,09:21:01,4.5,4.4,4425,4.5,2625,0,774900
NIFTY09JAN2012350CE.NFO,07/01/2020,09:21:02,4.5,4.4,5175,4.5,3150,0,774900
NIFTY09JAN2012350CE.NFO,07/01/2020,09:21:03,4.4,4.35,4425,4.4,1575,1350,774900
NIFTY09JAN2012350CE.NFO,07/01/2020,09:21:04,4.4,4.35,3300,4.4,1050,75,774900
NIFTY09JAN2012350CE.NFO,07/01/2020,09:21:05,4.35,4.35,3225,4.4,3825,75,774900
NIFTY09JAN2012350CE.NFO,07/01/2020,09:21:06,4.35,4.35,3225,4.4,3825,0,774900
NIFTY09JAN2012350CE.NFO,07/01/2020,09:21:07,4.35,4.3,1500,4.35,825,3225,774900
NIFTY09JAN2012350CE.NFO,07/01/2020,09:21:08,4.35,4.35,1800,4.4,1875,525,774900
NIFTY09JAN2012350CE.NFO,07/01/2020,09:21:09,4.4,4.35,4650,4.45,3000,375,774900
NIFTY09JAN2012350CE.NFO,07/01/2020,09:21:10,4.45,4.45,2325,4.5,675,750,774900
NIFTY09JAN2012350CE.NFO,07/01/2020,09:21:11,4.45,4.45,2325,4.5,825,0,774900
NIFTY09JAN2012350CE.NFO,07/01/2020,09:21:13,4.55,4.5,375,4.55,1200,2700,774900
NIFTY09JAN2012350CE.NFO,07/01/2020,09:21:14,4.5,4.45,2475,4.5,150,1050,774900
NIFTY09JAN2012350CE.NFO,07/01/2020,09:21:15,4.55,4.45,4275,4.55,3300,150,774900
NIFTY09JAN2012350CE.NFO,07/01/2020,09:21:16,4.55,4.5,975,4.55,1425,0,774900
NIFTY09JAN2012350CE.NFO,07/01/2020,09:21:17,4.5,4.45,3225,4.55,3150,675,774900
NIFTY09JAN2012350CE.NFO,07/01/2020,09:21:18,4.5,4.5,3900,4.6,6000,0,774900
NIFTY09JAN2012350CE.NFO,07/01/2020,09:21:19,4.55,4.45,3825,4.55,4425,150,774900
NIFTY09JAN2012350CE.NFO,07/01/2020,09:21:20,4.55,4.45,4125,4.5,675,750,774900
NIFTY09JAN2012350CE.NFO,07/01/2020,09:21:21,4.55,4.45,3450,4.55,4125,0,774900
NIFTY09JAN2012350CE.NFO,07/01/2020,09:21:22,4.45,4.4,4200,4.5,4125,525,774900
NIFTY09JAN2012350CE.NFO,07/01/2020,09:21:23,4.5,4.4,3075,4.5,4800,75,774900
NIFTY09JAN2012350CE.NFO,07/01/2020,09:21:24,4.5,4.4,975,4.45,900,0,774900
NIFTY09JAN2012350CE.NFO,07/01/2020,09:21:25,4.5,4.4,1350,4.5,5250,0,774900
NIFTY09JAN2012350CE.NFO,07/01/2020,09:21:26,4.5,4.4,975,4.45,975,0,774900
NIFTY09JAN2012350CE.NFO,07/01/2020,09:21:27,4.45,4.4,975,4.45,1350,225,774900
NIFTY09JAN2012350CE.NFO,07/01/2020,09:21:28,4.45,4.4,1575,4.45,300,1575,774900
NIFTY09JAN2012350CE.NFO,07/01/2020,09:21:29,4.45,4.4,3000,4.45,675,0,774900
NIFTY09JAN2012350CE.NFO,07/01/2020,09:21:30,4.4,4.4,1425,4.45,900,1425,774900
NIFTY09JAN2012350CE.NFO,07/01/2020,09:21:31,4.45,4.35,2550,4.45,5700,975,774900
NIFTY09JAN2012350CE.NFO,07/01/2020,09:21:32,4.45,4.35,1725,4.4,2400,0,774900
NIFTY09JAN2012350CE.NFO,07/01/2020,09:21:33,4.35,4.3,3675,4.4,4800,1650,774900
NIFTY09JAN2012350CE.NFO,07/01/2020,09:21:34,4.35,4.3,4875,4.35,1800,3225,774900
NIFTY09JAN2012350CE.NFO,07/01/2020,09:21:35,4.35,4.35,1275,4.4,1125,2475,774900
NIFTY09JAN2012350CE.NFO,07/01/2020,09:21:36,4.35,4.35,225,4.4,2025,225,774900
NIFTY09JAN2012350CE.NFO,07/01/2020,09:21:37,4.35,4.3,5550,4.4,1650,1500,774900
NIFTY09JAN2012350CE.NFO,07/01/2020,09:21:38,4.4,4.3,4050,4.4,2325,825,774900
NIFTY09JAN2012350CE.NFO,07/01/2020,09:21:39,4.4,4.35,1950,4.4,900,0,774900
NIFTY09JAN2012350CE.NFO,07/01/2020,09:21:40,4.4,4.35,3300,4.4,900,0,774900
NIFTY09JAN2012350CE.NFO,07/01/2020,09:21:41,4.4,4.4,975,4.5,2625,900,774900
NIFTY09JAN2012350CE.NFO,07/01/2020,09:21:42,4.4,4.4,3825,4.45,750,750,774900
NIFTY09JAN2012350CE.NFO,07/01/2020,09:21:43,4.45,4.4,2475,4.45,975,3750,774900
NIFTY09JAN2012350CE.NFO,07/01/2020,09:21:44,4.5,4.45,750,4.5,2475,2550,774900
NIFTY09JAN2012350CE.NFO,07/01/2020,09:21:45,4.45,4.45,1650,4.5,2625,1350,774900
NIFTY09JAN2012350CE.NFO,07/01/2020,09:21:46,4.45,4.45,1950,4.5,2325,0,774900
NIFTY09JAN2012350CE.NFO,07/01/2020,09:21:47,4.45,4.45,1950,4.5,1650,0,774900
NIFTY09JAN2012350CE.NFO,07/01/2020,09:21:48,4.45,4.4,4425,4.45,1500,0,774900
NIFTY09JAN2012350CE.NFO,07/01/2020,09:21:49,4.45,4.4,4425,4.45,750,0,774900
NIFTY09JAN2012350CE.NFO,07/01/2020,09:21:50,4.45,4.45,2625,4.5,1350,825,774900
NIFTY09JAN2012350CE.NFO,07/01/2020,09:21:51,4.5,4.45,4350,4.5,1575,2400,774900
NIFTY09JAN2012350CE.NFO,07/01/2020,09:21:52,4.45,4.45,2400,4.5,1575,1050,774900
NIFTY09JAN2012350CE.NFO,07/01/2020,09:21:53,4.45,4.4,2100,4.45,900,2400,774900
NIFTY09JAN2012350CE.NFO,07/01/2020,09:21:54,4.5,4.4,3675,4.5,1800,1050,774900
NIFTY09JAN2012350CE.NFO,07/01/2020,09:21:55,4.5,4.4,5250,4.5,975,0,774900
NIFTY09JAN2012350CE.NFO,07/01/2020,09:21:56,4.4,4.4,4200,4.5,2250,675,774900
NIFTY09JAN2012350CE.NFO,07/01/2020,09:21:57,4.4,4.4,6375,4.5,1650,150,774900
NIFTY09JAN2012350CE.NFO,07/01/2020,09:21:58,4.4,4.45,825,4.5,225,0,774900
NIFTY09JAN2012350CE.NFO,07/01/2020,09:21:59,4.5,4.5,2250,4.55,1200,525,774900
NIFTY09JAN2012350CE.NFO,07/01/2020,09:22:00,4.5,4.5,5850,4.55,1200,0,774900
NIFTY09JAN2012350CE.NFO,07/01/2020,09:22:01,4.55,4.5,9825,4.6,3450,1200,774900
NIFTY09JAN2012350CE.NFO,07/01/2020,09:22:02,4.55,4.5,9750,4.6,3075,975,774900
NIFTY09JAN2012350CE.NFO,07/01/2020,09:22:03,4.6,4.5,7050,4.6,3900,150,774900
NIFTY09JAN2012350CE.NFO,07/01/2020,09:22:04,4.65,4.65,525,4.7,2025,4050,774900
NIFTY09JAN2012350CE.NFO,07/01/2020,09:22:05,4.65,4.65,975,4.75,3975,0,774900
NIFTY09JAN2012350CE.NFO,07/01/2020,09:22:06,4.7,4.7,3450,4.75,2100,750,774900
NIFTY09JAN2012350CE.NFO,07/01/2020,09:22:07,4.7,4.7,3600,4.75,1950,0,774900
NIFTY09JAN2012350CE.NFO,07/01/2020,09:22:08,4.7,4.7,3600,4.75,2775,0,774900
NIFTY09JAN2012350CE.NFO,07/01/2020,09:22:09,4.7,4.6,75,4.65,150,3825,774900
NIFTY09JAN2012350CE.NFO,07/01/2020,09:22:10,4.7,4.55,11475,4.65,4275,300,774900
NIFTY09JAN2012350CE.NFO,07/01/2020,09:22:11,4.7,4.6,3150,4.7,5325,0,774900
NIFTY09JAN2012350CE.NFO,07/01/2020,09:22:12,4.55,4.55,5400,4.6,1650,3750,774900
NIFTY09JAN2012350CE.NFO,07/01/2020,09:22:13,4.5,4.4,3225,4.5,39300,17775,774900
NIFTY09JAN2012350CE.NFO,07/01/2020,09:22:14,4.5,4.4,3750,4.5,39450,75,774900
NIFTY09JAN2012350CE.NFO,07/01/2020,09:22:15,4.4,4.4,2850,4.5,39450,525,774900
NIFTY09JAN2012350CE.NFO,07/01/2020,09:22:16,4.45,4.45,1650,4.5,36525,2850,774900
NIFTY09JAN2012350CE.NFO,07/01/2020,09:22:17,4.5,4.4,2175,4.45,750,6675,774900
NIFTY09JAN2012350CE.NFO,07/01/2020,09:22:18,4.4,4.4,1125,4.45,900,1200,774900
NIFTY09JAN2012350CE.NFO,07/01/2020,09:22:19,4.35,4.35,1575,4.45,4500,1575,774900
NIFTY09JAN2012350CE.NFO,07/01/2020,09:22:20,4.45,4.4,525,4.45,2475,825,774900
NIFTY09JAN2012350CE.NFO,07/01/2020,09:22:21,4.45,4.4,5025,4.45,1350,1050,774900
NIFTY09JAN2012350CE.NFO,07/01/2020,09:22:22,4.5,4.4,3975,4.5,30300,6000,774900
NIFTY09JAN2012350CE.NFO,07/01/2020,09:22:23,4.45,4.45,1125,4.5,29625,900,774900
NIFTY09JAN2012350CE.NFO,07/01/2020,09:22:24,4.5,4.45,525,4.5,22800,6375,774900
NIFTY09JAN2012350CE.NFO,07/01/2020,09:22:25,4.5,4.45,525,4.5,17475,5325,774900
NIFTY09JAN2012350CE.NFO,07/01/2020,09:22:26,4.5,4.45,525,4.5,13425,4500,774900
NIFTY09JAN2012350CE.NFO,07/01/2020,09:22:27,4.5,4.45,525,4.5,11925,1200,774900
NIFTY09JAN2012350CE.NFO,07/01/2020,09:22:28,4.45,4.45,525,4.5,12375,1575,774900
NIFTY09JAN2012350CE.NFO,07/01/2020,09:22:29,4.5,4.45,525,4.5,10275,4200,774900
NIFTY09JAN2012350CE.NFO,07/01/2020,09:22:30,4.5,4.45,525,4.5,10500,0,774900
NIFTY09JAN2012350CE.NFO,07/01/2020,09:22:31,4.45,4.4,4650,4.45,825,150,774900
NIFTY09JAN2012350CE.NFO,07/01/2020,09:22:32,4.45,4.4,4650,4.45,825,0,774900
NIFTY09JAN2012350CE.NFO,07/01/2020,09:22:33,4.5,4.45,525,4.5,5775,4500,774900
NIFTY09JAN2012350CE.NFO,07/01/2020,09:22:34,4.45,4.45,375,4.5,5625,300,774900
NIFTY09JAN2012350CE.NFO,07/01/2020,09:22:35,4.5,4.45,3300,4.5,6450,75,774900
NIFTY09JAN2012350CE.NFO,07/01/2020,09:22:36,4.45,4.45,2550,4.5,5550,900,774900
NIFTY09JAN2012350CE.NFO,07/01/2020,09:22:37,4.45,4.45,3900,4.5,5550,0,774900
NIFTY09JAN2012350CE.NFO,07/01/2020,09:22:38,4.5,4.45,3600,4.5,6000,3150,774900
NIFTY09JAN2012350CE.NFO,07/01/2020,09:22:39,4.5,4.45,1275,4.5,2625,4125,774900
NIFTY09JAN2012350CE.NFO,07/01/2020,09:22:40,4.45,4.45,1125,4.5,2625,75,774900
NIFTY09JAN2012350CE.NFO,07/01/2020,09:22:41,4.45,4.45,1125,4.5,4200,0,774900
NIFTY09JAN2012350CE.NFO,07/01/2020,09:22:42,4.45,4.45,225,4.5,3975,900,774900
NIFTY09JAN2012350CE.NFO,07/01/2020,09:22:43,4.45,4.4,4425,4.45,75,825,774900
NIFTY09JAN2012350CE.NFO,07/01/2020,09:22:44,4.45,4.4,3525,4.45,225,0,774900
NIFTY09JAN2012350CE.NFO,07/01/2020,09:22:45,4.45,4.4,3375,4.45,1875,0,774900
NIFTY09JAN2012350CE.NFO,07/01/2020,09:22:46,4.45,4.4,3975,4.45,4350,0,774900
NIFTY09JAN2012350CE.NFO,07/01/2020,09:22:47,4.45,4.4,3975,4.45,3750,0,774900
NIFTY09JAN2012350CE.NFO,07/01/2020,09:22:48,4.45,4.4,3975,4.45,3525,0,774900
NIFTY09JAN2012350CE.NFO,07/01/2020,09:22:49,4.4,4.4,3075,4.45,3450,900,774900
NIFTY09JAN2012350CE.NFO,07/01/2020,09:22:51,4.4,4.4,4200,4.45,2250,0,774900
NIFTY09JAN2012350CE.NFO,07/01/2020,09:22:52,4.4,4.4,2775,4.45,450,2250,774900
NIFTY09JAN2012350CE.NFO,07/01/2020,09:22:53,4.45,4.4,3000,4.45,300,150,774900
NIFTY09JAN2012350CE.NFO,07/01/2020,09:22:54,4.45,4.45,600,4.5,3225,1650,774900
NIFTY09JAN2012350CE.NFO,07/01/2020,09:22:55,4.5,4.45,4275,4.5,2700,75,774900
NIFTY09JAN2012350CE.NFO,07/01/2020,09:22:56,4.5,4.45,5325,4.5,3450,0,774900
NIFTY09JAN2012350CE.NFO,07/01/2020,09:22:57,4.45,4.45,5025,4.5,3450,300,774900
NIFTY09JAN2012350CE.NFO,07/01/2020,09:22:58,4.45,4.45,5025,4.5,3450,0,774900
NIFTY09JAN2012350CE.NFO,07/01/2020,09:22:59,4.45,4.45,5025,4.5,2700,0,774900
NIFTY09JAN2012350CE.NFO,07/01/2020,09:23:00,4.45,4.45,5025,4.5,3450,0,774900
NIFTY09JAN2012350CE.NFO,07/01/2020,09:23:01,4.5,4.45,5025,4.5,4125,225,774900
NIFTY09JAN2012350CE.NFO,07/01/2020,09:23:02,4.5,4.45,5025,4.5,4275,0,774900
NIFTY09JAN2012350CE.NFO,07/01/2020,09:23:03,4.5,4.5,75,4.55,2025,3450,774900
NIFTY09JAN2012350CE.NFO,07/01/2020,09:23:04,4.5,4.45,6750,4.55,3675,2025,774900
NIFTY09JAN2012350CE.NFO,07/01/2020,09:23:05,4.55,4.45,6450,4.55,3900,75,774900
NIFTY09JAN2012350CE.NFO,07/01/2020,09:23:06,4.55,4.45,6675,4.55,4800,0,774900
NIFTY09JAN2012350CE.NFO,07/01/2020,09:23:07,4.55,4.5,1950,4.55,2850,1350,774900
NIFTY09JAN2012350CE.NFO,07/01/2020,09:23:08,4.5,4.45,7575,4.55,3225,1950,774900
NIFTY09JAN2012350CE.NFO,07/01/2020,09:23:09,4.5,4.45,2025,4.5,750,3450,774900
NIFTY09JAN2012350CE.NFO,07/01/2020,09:23:10,4.5,4.5,600,4.55,2325,0,774900
NIFTY09JAN2012350CE.NFO,07/01/2020,09:23:11,4.45,4.45,900,4.5,975,1500,774900
NIFTY09JAN2012350CE.NFO,07/01/2020,09:23:12,4.45,4.45,900,4.5,225,0,781875
NIFTY09JAN2012350CE.NFO,07/01/2020,09:23:13,4.45,4.4,2775,4.5,4500,3300,781875
NIFTY09JAN2012350CE.NFO,07/01/2020,09:23:14,4.45,4.4,1500,4.45,375,750,781875
NIFTY09JAN2012350CE.NFO,07/01/2020,09:23:15,4.45,4.4,675,4.45,4425,75,781875
NIFTY09JAN2012350CE.NFO,07/01/2020,09:23:16,4.4,4.35,1350,4.45,7275,3300,781875
NIFTY09JAN2012350CE.NFO,07/01/2020,09:23:17,4.4,4.35,1500,4.45,6150,2850,781875
NIFTY09JAN2012350CE.NFO,07/01/2020,09:23:18,4.4,4.4,150,4.45,4800,0,781875
NIFTY09JAN2012350CE.NFO,07/01/2020,09:23:19,4.45,4.4,3825,4.5,2475,3150,781875
NIFTY09JAN2012350CE.NFO,07/01/2020,09:23:20,4.4,4.4,4800,4.5,2475,600,781875
NIFTY09JAN2012350CE.NFO,07/01/2020,09:23:21,4.45,4.4,2250,4.45,825,3900,781875
NIFTY09JAN2012350CE.NFO,07/01/2020,09:23:22,4.45,4.4,1050,4.45,2475,600,781875
NIFTY09JAN2012350CE.NFO,07/01/2020,09:23:23,4.45,4.35,2475,4.45,3150,0,781875
NIFTY09JAN2012350CE.NFO,07/01/2020,09:23:24,4.55,4.45,2100,4.55,1725,10875,781875
NIFTY09JAN2012350CE.NFO,07/01/2020,09:23:25,4.45,4.4,3225,4.5,3525,750,781875
NIFTY09JAN2012350CE.NFO,07/01/2020,09:23:26,4.45,4.4,2250,4.45,600,300,781875
NIFTY09JAN2012350CE.NFO,07/01/2020,09:23:27,4.45,4.35,2700,4.45,4275,0,781875
NIFTY09JAN2012350CE.NFO,07/01/2020,09:23:28,4.45,4.4,150,4.45,1200,0,781875
NIFTY09JAN2012350CE.NFO,07/01/2020,09:23:29,4.45,4.4,150,4.45,1875,0,781875
NIFTY09JAN2012350CE.NFO,07/01/2020,09:23:30,4.45,4.4,2925,4.5,4050,675,781875
NIFTY09JAN2012350CE.NFO,07/01/2020,09:23:31,4.45,4.4,1950,4.45,2775,675,781875
NIFTY09JAN2012350CE.NFO,07/01/2020,09:23:32,4.45,4.4,2325,4.45,450,2325,781875
NIFTY09JAN2012350CE.NFO,07/01/2020,09:23:33,4.45,4.4,1575,4.45,1125,0,781875
NIFTY09JAN2012350CE.NFO,07/01/2020,09:23:34,4.45,4.4,1125,4.45,375,75,781875
NIFTY09JAN2012350CE.NFO,07/01/2020,09:23:35,4.45,4.4,150,4.45,975,75,781875
NIFTY09JAN2012350CE.NFO,07/01/2020,09:23:36,4.45,4.4,2250,4.5,8250,300,781875
NIFTY09JAN2012350CE.NFO,07/01/2020,09:23:37,4.5,4.45,75,4.5,5925,675,781875
NIFTY09JAN2012350CE.NFO,07/01/2020,09:23:38,4.5,4.45,75,4.5,4725,0,781875
NIFTY09JAN2012350CE.NFO,07/01/2020,09:23:39,4.45,4.35,3300,4.45,1275,525,781875
NIFTY09JAN2012350CE.NFO,07/01/2020,09:23:40,4.45,4.4,750,4.45,1275,0,781875
NIFTY09JAN2012350CE.NFO,07/01/2020,09:23:41,4.45,4.35,3000,4.45,2925,0,781875
NIFTY09JAN2012350CE.NFO,07/01/2020,09:23:42,4.45,4.35,3450,4.45,3075,0,781875
NIFTY09JAN2012350CE.NFO,07/01/2020,09:23:43,4.4,4.35,2550,4.45,3300,1050,781875
NIFTY09JAN2012350CE.NFO,07/01/2020,09:23:44,4.3,4.3,4650,4.4,3300,900,781875
NIFTY09JAN2012350CE.NFO,07/01/2020,09:23:45,4.3,4.3,4650,4.4,3300,0,781875
NIFTY09JAN2012350CE.NFO,07/01/2020,09:23:46,4.4,4.35,3225,4.45,2100,1350,781875
NIFTY09JAN2012350CE.NFO,07/01/2020,09:23:47,4.4,4.35,3450,4.45,2250,0,781875
NIFTY09JAN2012350CE.NFO,07/01/2020,09:23:48,4.4,4.4,150,4.45,975,1800,781875
NIFTY09JAN2012350CE.NFO,07/01/2020,09:23:49,4.4,4.35,4350,4.45,1200,450,781875
NIFTY09JAN2012350CE.NFO,07/01/2020,09:23:50,4.4,4.4,4125,4.5,5175,75,781875
NIFTY09JAN2012350CE.NFO,07/01/2020,09:23:51,4.45,4.4,2925,4.5,5550,975,781875
NIFTY09JAN2012350CE.NFO,07/01/2020,09:23:52,4.45,4.45,75,4.5,4425,2100,781875
NIFTY09JAN2012350CE.NFO,07/01/2020,09:23:53,4.45,4.45,900,4.5,4725,1875,781875
NIFTY09JAN2012350CE.NFO,07/01/2020,09:23:54,4.45,4.45,1650,4.5,4350,0,781875
NIFTY09JAN2012350CE.NFO,07/01/2020,09:23:55,4.5,4.5,5100,4.55,375,3975,781875
NIFTY09JAN2012350CE.NFO,07/01/2020,09:23:56,4.5,4.5,12300,4.55,1125,0,781875
NIFTY09JAN2012350CE.NFO,07/01/2020,09:23:57,4.55,4.55,150,4.6,1875,375,781875
NIFTY09JAN2012350CE.NFO,07/01/2020,09:23:58,4.55,4.55,75,4.6,1650,225,781875
NIFTY09JAN2012350CE.NFO,07/01/2020,09:23:59,4.5,4.55,75,4.6,1650,3525,781875
NIFTY09JAN2012350CE.NFO,07/01/2020,09:24:00,4.55,4.5,12525,4.6,2175,75,781875
NIFTY09JAN2012350CE.NFO,07/01/2020,09:24:01,4.55,4.5,12375,4.6,2625,0,781875
NIFTY09JAN2012350CE.NFO,07/01/2020,09:24:02,4.55,4.5,12450,4.6,2475,0,781875
NIFTY09JAN2012350CE.NFO,07/01/2020,09:24:03,4.55,4.5,12750,4.6,2475,0,781875
NIFTY09JAN2012350CE.NFO,07/01/2020,09:24:04,4.5,4.5,8925,4.55,1725,450,781875
NIFTY09JAN2012350CE.NFO,07/01/2020,09:24:05,4.5,4.5,8025,4.55,2775,300,781875
NIFTY09JAN2012350CE.NFO,07/01/2020,09:24:06,4.5,4.5,8700,4.6,5850,0,781875
NIFTY09JAN2012350CE.NFO,07/01/2020,09:24:07,4.5,4.5,8025,4.55,1050,750,781875
NIFTY09JAN2012350CE.NFO,07/01/2020,09:24:08,4.5,4.5,6525,4.55,1800,1200,781875
NIFTY09JAN2012350CE.NFO,07/01/2020,09:24:09,4.5,4.5,675,4.55,2175,5775,781875
NIFTY09JAN2012350CE.NFO,07/01/2020,09:24:10,4.5,4.5,300,4.55,2325,375,781875
NIFTY09JAN2012350CE.NFO,07/01/2020,09:24:11,4.5,4.4,3300,4.5,3375,300,781875
NIFTY09JAN2012350CE.NFO,07/01/2020,09:24:12,4.45,4.4,2400,4.5,4875,150,781875
NIFTY09JAN2012350CE.NFO,07/01/2020,09:24:13,4.5,4.45,1050,4.5,1425,1875,781875
NIFTY09JAN2012350CE.NFO,07/01/2020,09:24:14,4.5,4.45,2625,4.5,750,0,781875
NIFTY09JAN2012350CE.NFO,07/01/2020,09:24:15,4.5,4.45,1875,4.5,825,0,781875
NIFTY09JAN2012350CE.NFO,07/01/2020,09:24:16,4.45,4.45,1050,4.5,1575,1500,781875
NIFTY09JAN2012350CE.NFO,07/01/2020,09:24:17,4.45,4.45,1050,4.5,1725,0,781875
NIFTY09JAN2012350CE.NFO,07/01/2020,09:24:18,4.5,4.45,150,4.5,3000,450,781875
NIFTY09JAN2012350CE.NFO,07/01/2020,09:24:19,4.45,4.4,1875,4.45,1425,150,781875
NIFTY09JAN2012350CE.NFO,07/01/2020,09:24:20,4.45,4.4,300,4.45,1800,0,781875
NIFTY09JAN2012350CE.NFO,07/01/2020,09:24:21,4.35,4.35,2925,4.4,975,3225,781875
NIFTY09JAN2012350CE.NFO,07/01/2020,09:24:22,4.45,4.35,3900,4.45,4875,75,781875
NIFTY09JAN2012350CE.NFO,07/01/2020,09:24:23,4.4,4.35,3675,4.45,5100,300,781875
NIFTY09JAN2012350CE.NFO,07/01/2020,09:24:24,4.4,4.35,3675,4.45,5025,0,781875
NIFTY09JAN2012350CE.NFO,07/01/2020,09:24:25,4.4,4.4,825,4.45,2475,75,781875
NIFTY09JAN2012350CE.NFO,07/01/2020,09:24:26,4.45,4.4,450,4.45,1050,750,781875
NIFTY09JAN2012350CE.NFO,07/01/2020,09:24:27,4.45,4.4,225,4.45,1050,0,781875
NIFTY09JAN2012350CE.NFO,07/01/2020,09:24:28,4.45,4.35,4350,4.45,3450,75,781875
NIFTY09JAN2012350CE.NFO,07/01/2020,09:24:29,4.45,4.35,4350,4.45,3450,0,781875
NIFTY09JAN2012350CE.NFO,07/01/2020,09:24:30,4.45,4.35,2025,4.4,750,0,781875
NIFTY09JAN2012350CE.NFO,07/01/2020,09:24:31,4.45,4.35,2175,4.4,750,0,781875
NIFTY09JAN2012350CE.NFO,07/01/2020,09:24:32,4.4,4.35,3375,4.45,5475,600,781875
NIFTY09JAN2012350CE.NFO,07/01/2020,09:24:33,4.45,4.35,1050,4.4,900,150,781875
NIFTY09JAN2012350CE.NFO,07/01/2020,09:24:35,4.4,4.35,825,4.4,3000,75,781875
NIFTY09JAN2012350CE.NFO,07/01/2020,09:24:36,4.4,4.35,825,4.4,3375,750,781875
NIFTY09JAN2012350CE.NFO,07/01/2020,09:24:37,4.4,4.35,2325,4.4,1800,0,781875
NIFTY09JAN2012350CE.NFO,07/01/2020,09:24:38,4.4,4.35,825,4.4,1875,0,781875
NIFTY09JAN2012350CE.NFO,07/01/2020,09:24:40,4.4,4.35,825,4.4,2475,75,781875
NIFTY09JAN2012350CE.NFO,07/01/2020,09:24:41,4.4,4.35,1650,4.4,1500,75,781875
NIFTY09JAN2012350CE.NFO,07/01/2020,09:24:42,4.4,4.35,975,4.4,1050,600,781875
NIFTY09JAN2012350CE.NFO,07/01/2020,09:24:43,4.35,4.3,6225,4.35,1425,975,781875
NIFTY09JAN2012350CE.NFO,07/01/2020,09:24:44,4.35,4.3,6450,4.4,5250,750,781875
NIFTY09JAN2012350CE.NFO,07/01/2020,09:24:45,4.4,4.3,6000,4.4,5325,525,781875
NIFTY09JAN2012350CE.NFO,07/01/2020,09:24:46,4.35,4.3,6225,4.4,3900,300,781875
NIFTY09JAN2012350CE.NFO,07/01/2020,09:24:47,4.35,4.3,6225,4.4,3900,0,781875
NIFTY09JAN2012350CE.NFO,07/01/2020,09:24:48,4.35,4.35,975,4.4,1950,375,781875
NIFTY09JAN2012350CE.NFO,07/01/2020,09:24:49,4.35,4.35,825,4.4,1950,0,781875
NIFTY09JAN2012350CE.NFO,07/01/2020,09:24:50,4.35,4.35,750,4.4,1500,150,781875
NIFTY09JAN2012350CE.NFO,07/01/2020,09:24:51,4.35,4.35,3825,4.4,1050,1425,781875
NIFTY09JAN2012350CE.NFO,07/01/2020,09:24:52,4.35,4.35,1575,4.4,2475,1200,781875
NIFTY09JAN2012350CE.NFO,07/01/2020,09:24:53,4.4,4.35,1050,4.4,3000,150,781875
NIFTY09JAN2012350CE.NFO,07/01/2020,09:24:54,4.4,4.35,1125,4.4,2700,75,781875
NIFTY09JAN2012350CE.NFO,07/01/2020,09:24:55,4.4,4.35,1350,4.4,1500,750,781875
NIFTY09JAN2012350CE.NFO,07/01/2020,09:24:56,4.35,4.35,3225,4.45,3450,1800,781875
NIFTY09JAN2012350CE.NFO,07/01/2020,09:24:57,4.35,4.35,1875,4.45,2775,750,781875
NIFTY09JAN2012350CE.NFO,07/01/2020,09:24:58,4.45,4.35,3900,4.45,3450,675,781875
NIFTY09JAN2012350CE.NFO,07/01/2020,09:24:59,4.45,4.35,525,4.4,1500,0,781875
NIFTY09JAN2012350CE.NFO,07/01/2020,09:25:00,4.45,4.35,2400,4.4,675,0,781875
NIFTY09JAN2012350CE.NFO,07/01/2020,09:25:01,4.4,4.4,900,4.45,1725,225,781875
NIFTY09JAN2012350CE.NFO,07/01/2020,09:25:02,4.4,4.4,1275,4.45,150,750,781875
NIFTY09JAN2012350CE.NFO,07/01/2020,09:25:03,4.4,4.4,3900,4.5,3000,450,781875
NIFTY09JAN2012350CE.NFO,07/01/2020,09:25:04,4.4,4.4,750,4.45,1275,0,781875
NIFTY09JAN2012350CE.NFO,07/01/2020,09:25:05,4.4,4.4,1200,4.45,1275,0,781875
NIFTY09JAN2012350CE.NFO,07/01/2020,09:25:06,4.4,4.4,1125,4.45,1275,0,781875
NIFTY09JAN2012350CE.NFO,07/01/2020,09:25:07,4.4,4.4,525,4.45,2550,0,781875
NIFTY09JAN2012350CE.NFO,07/01/2020,09:25:08,4.3,4.35,750,4.45,2775,4725,781875
NIFTY09JAN2012350CE.NFO,07/01/2020,09:25:09,4.3,4.35,1275,4.4,1275,0,781875
NIFTY09JAN2012350CE.NFO,07/01/2020,09:25:10,4.3,4.35,1275,4.4,450,0,781875
NIFTY09JAN2012350CE.NFO,07/01/2020,09:25:11,4.3,4.35,1125,4.4,3075,0,781875
NIFTY09JAN2012350CE.NFO,07/01/2020,09:25:12,4.3,4.35,1500,4.4,1275,0,781875
NIFTY09JAN2012350CE.NFO,07/01/2020,09:25:13,4.3,4.35,750,4.4,1350,0,781875
NIFTY09JAN2012350CE.NFO,07/01/2020,09:25:14,4.35,4.35,75,4.4,2925,2850,781875
NIFTY09JAN2012350CE.NFO,07/01/2020,09:25:15,4.35,4.35,75,4.4,2925,0,781875
NIFTY09JAN2012350CE.NFO,07/01/2020,09:25:16,4.35,4.3,3075,4.4,3600,1500,781875
NIFTY09JAN2012350CE.NFO,07/01/2020,09:25:17,4.35,4.3,2925,4.4,5025,0,781875
NIFTY09JAN2012350CE.NFO,07/01/2020,09:25:18,4.35,4.3,2925,4.4,4575,0,781875
NIFTY09JAN2012350CE.NFO,07/01/2020,09:25:19,4.25,4.3,1275,4.35,225,3450,781875
NIFTY09JAN2012350CE.NFO,07/01/2020,09:25:20,4.25,4.3,7575,4.4,4425,0,781875
NIFTY09JAN2012350CE.NFO,07/01/2020,09:25:21,4.35,4.35,1200,4.4,1125,825,781875
NIFTY09JAN2012350CE.NFO,07/01/2020,09:25:22,4.35,4.3,8025,4.4,3750,2175,781875
NIFTY09JAN2012350CE.NFO,07/01/2020,09:25:23,4.35,4.3,9375,4.4,3675,0,781875
NIFTY09JAN2012350CE.NFO,07/01/2020,09:25:24,4.35,4.35,900,4.4,1125,0,781875
NIFTY09JAN2012350CE.NFO,07/01/2020,09:25:25,4.35,4.35,1050,4.4,2025,75,781875
NIFTY09JAN2012350CE.NFO,07/01/2020,09:25:26,4.35,4.35,75,4.4,2175,0,781875
NIFTY09JAN2012350CE.NFO,07/01/2020,09:25:27,4.35,4.3,8025,4.4,4200,3000,781875
NIFTY09JAN2012350CE.NFO,07/01/2020,09:25:28,4.35,4.35,900,4.4,1575,0,781875
NIFTY09JAN2012350CE.NFO,07/01/2020,09:25:29,4.4,4.35,900,4.4,525,1050,781875
NIFTY09JAN2012350CE.NFO,07/01/2020,09:25:30,4.45,4.35,3075,4.45,3300,1050,781875
NIFTY09JAN2012350CE.NFO,07/01/2020,09:25:31,4.35,4.35,2475,4.45,3150,600,781875
NIFTY09JAN2012350CE.NFO,07/01/2020,09:25:32,4.35,4.3,10725,4.4,1800,0,781875
NIFTY09JAN2012350CE.NFO,07/01/2020,09:25:33,4.35,4.3,10575,4.4,2175,0,781875
NIFTY09JAN2012350CE.NFO,07/01/2020,09:25:34,4.3,4.3,7500,4.4,3525,2250,781875
NIFTY09JAN2012350CE.NFO,07/01/2020,09:25:35,4.3,4.3,7275,4.4,4875,0,781875
NIFTY09JAN2012350CE.NFO,07/01/2020,09:25:36,4.3,4.3,6825,4.4,4875,0,781875
NIFTY09JAN2012350CE.NFO,07/01/2020,09:25:37,4.3,4.3,7425,4.4,4200,300,781875
NIFTY09JAN2012350CE.NFO,07/01/2020,09:25:38,4.3,4.3,5400,4.35,150,900,781875
NIFTY09JAN2012350CE.NFO,07/01/2020,09:25:39,4.4,4.3,5175,4.4,4425,900,781875
NIFTY09JAN2012350CE.NFO,07/01/2020,09:25:40,4.4,4.3,6225,4.4,4200,0,781875
NIFTY09JAN2012350CE.NFO,07/01/2020,09:25:41,4.4,4.3,6300,4.4,3750,75,781875
NIFTY09JAN2012350CE.NFO,07/01/2020,09:25:42,4.3,4.3,5700,4.4,5250,600,781875
NIFTY09JAN2012350CE.NFO,07/01/2020,09:25:43,4.3,4.3,5700,4.4,5400,0,781875
NIFTY09JAN2012350CE.NFO,07/01/2020,09:25:44,4.3,4.3,5700,4.4,4200,0,781875
NIFTY09JAN2012350CE.NFO,07/01/2020,09:25:45,4.3,4.3,6225,4.4,4200,0,781875
NIFTY09JAN2012350CE.NFO,07/01/2020,09:25:46,4.4,4.35,1125,4.4,525,3300,781875
NIFTY09JAN2012350CE.NFO,07/01/2020,09:25:47,4.4,4.35,1725,4.4,525,0,781875
NIFTY09JAN2012350CE.NFO,07/01/2020,09:25:48,4.35,4.35,5325,4.45,3150,75,781875
NIFTY09JAN2012350CE.NFO,07/01/2020,09:25:49,4.35,4.35,5325,4.45,2625,0,781875
NIFTY09JAN2012350CE.NFO,07/01/2020,09:25:50,4.35,4.35,1425,4.4,375,975,781875
NIFTY09JAN2012350CE.NFO,07/01/2020,09:25:51,4.4,4.35,900,4.4,375,75,781875
NIFTY09JAN2012350CE.NFO,07/01/2020,09:25:52,4.35,4.3,3450,4.4,4200,75,781875
NIFTY09JAN2012350CE.NFO,07/01/2020,09:25:53,4.35,4.35,150,4.4,3300,0,781875
NIFTY09JAN2012350CE.NFO,07/01/2020,09:25:54,4.35,4.35,225,4.4,2625,75,781875
NIFTY09JAN2012350CE.NFO,07/01/2020,09:25:55,4.4,4.35,375,4.45,6975,3300,781875
NIFTY09JAN2012350CE.NFO,07/01/2020,09:25:56,4.4,4.35,375,4.45,6975,0,781875
NIFTY09JAN2012350CE.NFO,07/01/2020,09:25:57,4.4,4.35,150,4.4,1650,0,781875
NIFTY09JAN2012350CE.NFO,07/01/2020,09:25:58,4.35,4.3,3600,4.35,450,150,781875
NIFTY09JAN2012350CE.NFO,07/01/2020,09:25:59,4.35,4.3,2325,4.35,1050,0,781875
NIFTY09JAN2012350CE.NFO,07/01/2020,09:26:00,4.35,4.3,2025,4.35,2400,0,781875
NIFTY09JAN2012350CE.NFO,07/01/2020,09:26:01,4.3,4.25,600,4.3,1650,2325,781875
NIFTY09JAN2012350CE.NFO,07/01/2020,09:26:02,4.3,4.25,600,4.3,75,75,781875
NIFTY09JAN2012350CE.NFO,07/01/2020,09:26:03,4.25,4.2,3300,4.3,5475,825,781875
NIFTY09JAN2012350CE.NFO,07/01/2020,09:26:04,4.25,4.2,3825,4.3,1650,225,781875
NIFTY09JAN2012350CE.NFO,07/01/2020,09:26:05,4.25,4.2,6000,4.3,1950,0,781875
NIFTY09JAN2012350CE.NFO,07/01/2020,09:26:06,4.25,4.25,3000,4.35,4050,75,781875
NIFTY09JAN2012350CE.NFO,07/01/2020,09:26:07,4.35,4.25,3000,4.35,4950,75,781875
NIFTY09JAN2012350CE.NFO,07/01/2020,09:26:08,4.35,4.25,825,4.3,450,0,781875
NIFTY09JAN2012350CE.NFO,07/01/2020,09:26:09,4.35,4.25,300,4.3,750,0,781875
NIFTY09JAN2012350CE.NFO,07/01/2020,09:26:10,4.25,4.25,75,4.3,1950,75,787425
NIFTY09JAN2012350CE.NFO,07/01/2020,09:26:11,4.25,4.2,3600,4.25,450,600,787425
NIFTY09JAN2012350CE.NFO,07/01/2020,09:26:12,4.25,4.2,3600,4.25,450,0,787425
NIFTY09JAN2012350CE.NFO,07/01/2020,09:26:13,4.3,4.2,4650,4.3,3375,1500,787425
NIFTY09JAN2012350CE.NFO,07/01/2020,09:26:14,4.3,4.2,2775,4.3,4650,0,787425
NIFTY09JAN2012350CE.NFO,07/01/2020,09:26:15,4.3,4.2,2775,4.3,4875,0,787425
NIFTY09JAN2012350CE.NFO,07/01/2020,09:26:16,4.2,4.2,1650,4.3,4425,1050,787425
NIFTY09JAN2012350CE.NFO,07/01/2020,09:26:17,4.2,4.2,1200,4.25,1125,0,787425
NIFTY09JAN2012350CE.NFO,07/01/2020,09:26:18,4.2,4.15,1500,4.2,825,75,787425
NIFTY09JAN2012350CE.NFO,07/01/2020,09:26:19,4.2,4.2,300,4.25,3300,450,787425
NIFTY09JAN2012350CE.NFO,07/01/2020,09:26:20,4.2,4.2,150,4.25,1575,300,787425
NIFTY09JAN2012350CE.NFO,07/01/2020,09:26:21,4.25,4.15,2775,4.25,4125,75,787425
NIFTY09JAN2012350CE.NFO,07/01/2020,09:26:22,4.25,4.15,1875,4.2,900,75,787425
NIFTY09JAN2012350CE.NFO,07/01/2020,09:26:23,4.25,4.15,1425,4.2,675,0,787425
NIFTY09JAN2012350CE.NFO,07/01/2020,09:26:24,4.15,4.15,2550,4.25,4500,600,787425
NIFTY09JAN2012350CE.NFO,07/01/2020,09:26:25,4.15,4.15,975,4.2,75,150,787425
NIFTY09JAN2012350CE.NFO,07/01/2020,09:26:26,4.2,4.15,2175,4.25,4350,75,787425
NIFTY09JAN2012350CE.NFO,07/01/2020,09:26:27,4.2,4.15,1650,4.2,75,0,787425
NIFTY09JAN2012350CE.NFO,07/01/2020,09:26:28,4.2,4.15,3075,4.25,5175,75,787425
NIFTY09JAN2012350CE.NFO,07/01/2020,09:26:29,4.2,4.2,1275,4.25,600,1200,787425
NIFTY09JAN2012350CE.NFO,07/01/2020,09:26:30,4.25,4.25,2400,4.35,5850,3075,787425
NIFTY09JAN2012350CE.NFO,07/01/2020,09:26:31,4.25,4.25,1200,4.3,1425,225,787425
NIFTY09JAN2012350CE.NFO,07/01/2020,09:26:32,4.25,4.25,750,4.3,1500,450,787425
NIFTY09JAN2012350CE.NFO,07/01/2020,09:26:33,4.25,4.25,750,4.3,2775,0,787425
NIFTY09JAN2012350CE.NFO,07/01/2020,09:26:34,4.25,4.25,750,4.3,1725,0,787425
NIFTY09JAN2012350CE.NFO,07/01/2020,09:26:35,4.25,4.2,1575,4.25,900,750,787425
NIFTY09JAN2012350CE.NFO,07/01/2020,09:26:36,4.2,4.2,525,4.25,2100,225,787425
NIFTY09JAN2012350CE.NFO,07/01/2020,09:26:37,4.2,4.1,15300,4.2,4200,525,787425
NIFTY09JAN2012350CE.NFO,07/01/2020,09:26:38,4.2,4.1,13425,4.2,3675,1875,787425
NIFTY09JAN2012350CE.NFO,07/01/2020,09:26:39,4.15,4.1,15975,4.2,1425,1200,787425
NIFTY09JAN2012350CE.NFO,07/01/2020,09:26:40,4.15,4.1,15075,4.2,2775,0,787425
NIFTY09JAN2012350CE.NFO,07/01/2020,09:26:41,4.2,4.1,12525,4.2,3000,150,787425
NIFTY09JAN2012350CE.NFO,07/01/2020,09:26:42,4.15,4.1,13125,4.2,5100,750,787425
NIFTY09JAN2012350CE.NFO,07/01/2020,09:26:43,4.15,4.1,13125,4.2,5100,0,787425
NIFTY09JAN2012350CE.NFO,07/01/2020,09:26:44,4.15,4.1,12600,4.2,3675,0,787425
NIFTY09JAN2012350CE.NFO,07/01/2020,09:26:45,4.2,4.2,75,4.25,2625,2100,787425
NIFTY09JAN2012350CE.NFO,07/01/2020,09:26:46,4.15,4.15,4650,4.25,2775,375,787425
NIFTY09JAN2012350CE.NFO,07/01/2020,09:26:47,4.2,4.15,5250,4.25,3150,225,787425
NIFTY09JAN2012350CE.NFO,07/01/2020,09:26:48,4.2,4.15,2175,4.2,1950,300,787425
NIFTY09JAN2012350CE.NFO,07/01/2020,09:26:49,4.2,4.15,2175,4.2,150,300,787425
NIFTY09JAN2012350CE.NFO,07/01/2020,09:26:50,4.2,4.15,1950,4.2,1425,450,787425
NIFTY09JAN2012350CE.NFO,07/01/2020,09:26:51,4.2,4.15,1575,4.2,2775,0,787425
NIFTY09JAN2012350CE.NFO,07/01/2020,09:26:52,4.15,4.15,1125,4.2,2850,75,787425
NIFTY09JAN2012350CE.NFO,07/01/2020,09:26:53,4.15,4.15,1125,4.2,2850,0,787425
NIFTY09JAN2012350CE.NFO,07/01/2020,09:26:55,4.15,4.15,900,4.2,675,225,787425
NIFTY09JAN2012350CE.NFO,07/01/2020,09:26:56,4.15,4.15,900,4.2,675,0,787425
NIFTY09JAN2012350CE.NFO,07/01/2020,09:26:57,4.15,4.15,1125,4.2,750,975,787425
NIFTY09JAN2012350CE.NFO,07/01/2020,09:26:58,4.15,4.1,13275,4.2,3600,825,787425
NIFTY09JAN2012350CE.NFO,07/01/2020,09:26:59,4.1,4.1,11700,4.2,4725,1125,787425
NIFTY09JAN2012350CE.NFO,07/01/2020,09:27:00,4.1,4.1,9300,4.2,4350,1725,787425
NIFTY09JAN2012350CE.NFO,07/01/2020,09:27:01,4.1,4.1,7800,4.2,9525,1125,787425
NIFTY09JAN2012350CE.NFO,07/01/2020,09:27:02,4.1,4.1,8325,4.2,7950,0,787425
NIFTY09JAN2012350CE.NFO,07/01/2020,09:27:04,4.2,4.15,900,4.2,4275,225,787425
NIFTY09JAN2012350CE.NFO,07/01/2020,09:27:05,4.15,4.1,10725,4.2,6750,900,787425
NIFTY09JAN2012350CE.NFO,07/01/2020,09:27:06,4.15,4.15,750,4.2,3900,225,787425
NIFTY09JAN2012350CE.NFO,07/01/2020,09:27:07,4.15,4.1,11325,4.2,3675,0,787425
NIFTY09JAN2012350CE.NFO,07/01/2020,09:27:08,4.1,4.15,750,4.2,3975,675,787425
NIFTY09JAN2012350CE.NFO,07/01/2020,09:27:09,4.2,4.15,2175,4.2,1875,1350,787425
NIFTY09JAN2012350CE.NFO,07/01/2020,09:27:10,4.2,4.15,1050,4.2,1875,0,787425
NIFTY09JAN2012350CE.NFO,07/01/2020,09:27:11,4.1,4.1,9300,4.2,5700,300,787425
NIFTY09JAN2012350CE.NFO,07/01/2020,09:27:12,4.1,4.1,8625,4.2,4875,75,787425
NIFTY09JAN2012350CE.NFO,07/01/2020,09:27:13,4.2,4.1,9075,4.2,4650,75,787425
NIFTY09JAN2012350CE.NFO,07/01/2020,09:27:14,4.2,4.1,8100,4.2,5250,0,787425
NIFTY09JAN2012350CE.NFO,07/01/2020,09:27:15,4.1,4.1,8175,4.2,4575,300,787425
NIFTY09JAN2012350CE.NFO,07/01/2020,09:27:16,4.1,4.1,8175,4.2,5775,0,787425
NIFTY09JAN2012350CE.NFO,07/01/2020,09:27:17,4.1,4.1,7800,4.2,6075,0,787425
NIFTY09JAN2012350CE.NFO,07/01/2020,09:27:18,4.1,4.1,8025,4.2,4875,0,787425
NIFTY09JAN2012350CE.NFO,07/01/2020,09:27:19,4.1,4.1,6450,4.15,1950,0,787425
NIFTY09JAN2012350CE.NFO,07/01/2020,09:27:20,4.1,4.1,7575,4.2,6075,0,787425
NIFTY09JAN2012350CE.NFO,07/01/2020,09:27:21,4.1,4.1,7500,4.2,5475,0,787425
NIFTY09JAN2012350CE.NFO,07/01/2020,09:27:23,4.1,4.1,6525,4.15,525,0,787425
NIFTY09JAN2012350CE.NFO,07/01/2020,09:27:24,4.15,4.1,6525,4.15,1575,150,787425
NIFTY09JAN2012350CE.NFO,07/01/2020,09:27:25,4.15,4.1,6450,4.2,6600,2325,787425
NIFTY09JAN2012350CE.NFO,07/01/2020,09:27:26,4.15,4.1,6975,4.2,7350,0,787425
NIFTY09JAN2012350CE.NFO,07/01/2020,09:27:27,4.1,4.1,2625,4.15,900,3000,787425
NIFTY09JAN2012350CE.NFO,07/01/2020,09:27:28,4.1,4.1,2625,4.15,900,0,787425
NIFTY09JAN2012350CE.NFO,07/01/2020,09:27:29,4.15,4.1,2625,4.15,2850,75,787425
NIFTY09JAN2012350CE.NFO,07/01/2020,09:27:30,4.15,4.05,3825,4.15,4725,3375,787425
NIFTY09JAN2012350CE.NFO,07/01/2020,09:27:31,4.15,4.05,3375,4.1,150,0,787425
NIFTY09JAN2012350CE.NFO,07/01/2020,09:27:33,4.05,4.05,75,4.1,2700,1875,787425
NIFTY09JAN2012350CE.NFO,07/01/2020,09:27:34,4.05,4,11700,4.1,5400,450,787425
NIFTY09JAN2012350CE.NFO,07/01/2020,09:27:35,4.05,4.05,825,4.1,1650,450,787425
NIFTY09JAN2012350CE.NFO,07/01/2020,09:27:36,4.05,4.05,1350,4.1,900,150,787425
NIFTY09JAN2012350CE.NFO,07/01/2020,09:27:37,4.1,4.05,4800,4.15,3450,750,787425
NIFTY09JAN2012350CE.NFO,07/01/2020,09:27:38,4.1,4.05,4575,4.15,2625,0,787425
NIFTY09JAN2012350CE.NFO,07/01/2020,09:27:39,4.1,4.05,4800,4.15,3225,750,787425
NIFTY09JAN2012350CE.NFO,07/01/2020,09:27:40,4,4,10875,4.1,5250,2925,787425
NIFTY09JAN2012350CE.NFO,07/01/2020,09:27:41,4,4.05,1125,4.1,2100,0,787425
NIFTY09JAN2012350CE.NFO,07/01/2020,09:27:42,4.05,4,9900,4.05,150,150,787425
NIFTY09JAN2012350CE.NFO,07/01/2020,09:27:43,4,4,6375,4.05,450,3075,787425
NIFTY09JAN2012350CE.NFO,07/01/2020,09:27:44,4,4,5850,4.05,1050,525,787425
NIFTY09JAN2012350CE.NFO,07/01/2020,09:27:45,4,4,5700,4.05,600,150,787425
NIFTY09JAN2012350CE.NFO,07/01/2020,09:27:46,4,4,3300,4.05,1575,2400,787425
NIFTY09JAN2012350CE.NFO,07/01/2020,09:27:47,4,3.95,2025,4.05,2625,3450,787425
NIFTY09JAN2012350CE.NFO,07/01/2020,09:27:48,4,3.95,2025,4,300,375,787425
NIFTY09JAN2012350CE.NFO,07/01/2020,09:27:49,4,3.95,2025,4,300,0,787425
NIFTY09JAN2012350CE.NFO,07/01/2020,09:27:50,4,4,2175,4.05,300,375,787425
NIFTY09JAN2012350CE.NFO,07/01/2020,09:27:51,4,4,1575,4.05,300,975,787425
NIFTY09JAN2012350CE.NFO,07/01/2020,09:27:52,4.1,4,3000,4.1,3975,375,787425
NIFTY09JAN2012350CE.NFO,07/01/2020,09:27:53,4,4,1275,4.05,75,600,787425
NIFTY09JAN2012350CE.NFO,07/01/2020,09:27:54,4,4,1500,4.05,1650,0,787425
NIFTY09JAN2012350CE.NFO,07/01/2020,09:27:55,4,4,525,4.05,975,375,787425
NIFTY09JAN2012350CE.NFO,07/01/2020,09:27:56,4,4,150,4.05,2250,0,787425
NIFTY09JAN2012350CE.NFO,07/01/2020,09:27:57,4,4,525,4.05,2025,0,787425
NIFTY09JAN2012350CE.NFO,07/01/2020,09:27:58,4,3.95,2550,4,225,450,787425
NIFTY09JAN2012350CE.NFO,07/01/2020,09:27:59,4,3.95,450,4,3750,0,787425
NIFTY09JAN2012350CE.NFO,07/01/2020,09:28:00,3.95,3.9,1050,3.95,2025,450,787425
NIFTY09JAN2012350CE.NFO,07/01/2020,09:28:01,3.8,3.85,7200,3.95,2475,7800,787425
NIFTY09JAN2012350CE.NFO,07/01/2020,09:28:02,3.95,3.9,6000,4,3375,300,787425
NIFTY09JAN2012350CE.NFO,07/01/2020,09:28:03,3.95,3.9,6975,4,3600,150,787425
NIFTY09JAN2012350CE.NFO,07/01/2020,09:28:04,3.95,3.9,675,3.95,1500,0,787425
NIFTY09JAN2012350CE.NFO,07/01/2020,09:28:05,3.9,3.85,5175,3.95,3225,3750,787425
NIFTY09JAN2012350CE.NFO,07/01/2020,09:28:06,3.95,3.85,4125,3.95,4800,225,787425
NIFTY09JAN2012350CE.NFO,07/01/2020,09:28:07,3.9,3.85,75,3.9,1950,300,787425
NIFTY09JAN2012350CE.NFO,07/01/2020,09:28:08,3.9,3.85,3600,3.95,4125,1200,787425
NIFTY09JAN2012350CE.NFO,07/01/2020,09:28:09,3.9,3.85,3600,3.95,4125,0,787425
NIFTY09JAN2012350CE.NFO,07/01/2020,09:28:10,3.9,3.85,900,3.9,1500,0,787425
NIFTY09JAN2012350CE.NFO,07/01/2020,09:28:11,3.85,3.8,3075,3.85,75,1350,787425
NIFTY09JAN2012350CE.NFO,07/01/2020,09:28:12,3.85,3.85,1200,3.9,1575,75,787425
NIFTY09JAN2012350CE.NFO,07/01/2020,09:28:13,3.85,3.85,2925,3.95,5850,825,787425
NIFTY09JAN2012350CE.NFO,07/01/2020,09:28:14,3.85,3.85,225,3.9,1050,0,787425
NIFTY09JAN2012350CE.NFO,07/01/2020,09:28:15,3.85,3.8,1275,3.85,75,225,787425
NIFTY09JAN2012350CE.NFO,07/01/2020,09:28:16,3.85,3.8,1800,3.85,225,0,787425
NIFTY09JAN2012350CE.NFO,07/01/2020,09:28:17,3.8,3.75,3225,3.85,2775,750,787425
NIFTY09JAN2012350CE.NFO,07/01/2020,09:28:18,3.8,3.75,75,3.8,1050,2475,787425
NIFTY09JAN2012350CE.NFO,07/01/2020,09:28:19,3.75,3.75,1725,3.8,450,1725,787425
NIFTY09JAN2012350CE.NFO,07/01/2020,09:28:20,3.75,3.75,2250,3.8,75,0,787425
NIFTY09JAN2012350CE.NFO,07/01/2020,09:28:21,3.75,3.75,2625,3.8,75,0,787425
NIFTY09JAN2012350CE.NFO,07/01/2020,09:28:22,3.75,3.75,900,3.8,750,0,787425
NIFTY09JAN2012350CE.NFO,07/01/2020,09:28:23,3.8,3.75,2175,3.85,3825,75,787425
NIFTY09JAN2012350CE.NFO,07/01/2020,09:28:24,3.8,3.75,825,3.8,1350,0,787425
NIFTY09JAN2012350CE.NFO,07/01/2020,09:28:25,3.75,3.7,2625,3.8,2850,600,787425
NIFTY09JAN2012350CE.NFO,07/01/2020,09:28:26,3.75,3.7,1425,3.75,1275,0,787425
NIFTY09JAN2012350CE.NFO,07/01/2020,09:28:27,3.75,3.7,450,3.75,1725,0,787425
NIFTY09JAN2012350CE.NFO,07/01/2020,09:28:28,3.7,3.65,750,3.7,975,300,787425
NIFTY09JAN2012350CE.NFO,07/01/2020,09:28:29,3.7,3.65,2625,3.7,900,75,787425
NIFTY09JAN2012350CE.NFO,07/01/2020,09:28:30,3.75,3.7,75,3.75,600,2175,787425
NIFTY09JAN2012350CE.NFO,07/01/2020,09:28:31,3.75,3.65,3450,3.75,3075,0,787425
NIFTY09JAN2012350CE.NFO,07/01/2020,09:28:32,3.75,3.7,750,3.75,300,75,787425
NIFTY09JAN2012350CE.NFO,07/01/2020,09:28:33,3.8,3.75,1275,3.8,1275,75,787425
NIFTY09JAN2012350CE.NFO,07/01/2020,09:28:34,3.8,3.75,1875,3.8,1800,0,787425
NIFTY09JAN2012350CE.NFO,07/01/2020,09:28:36,3.75,3.8,300,3.85,2400,225,787425
NIFTY09JAN2012350CE.NFO,07/01/2020,09:28:37,3.8,3.75,2475,3.8,750,600,787425
NIFTY09JAN2012350CE.NFO,07/01/2020,09:28:38,3.8,3.75,3075,3.85,3750,300,787425
NIFTY09JAN2012350CE.NFO,07/01/2020,09:28:39,3.75,3.75,3975,3.8,75,75,787425
NIFTY09JAN2012350CE.NFO,07/01/2020,09:28:40,3.8,3.8,300,3.85,2775,75,787425
NIFTY09JAN2012350CE.NFO,07/01/2020,09:28:41,3.8,3.8,900,3.85,675,0,787425
NIFTY09JAN2012350CE.NFO,07/01/2020,09:28:42,3.8,3.8,600,3.85,675,0,787425
NIFTY09JAN2012350CE.NFO,07/01/2020,09:28:44,3.8,3.8,1275,3.85,1575,75,787425
NIFTY09JAN2012350CE.NFO,07/01/2020,09:28:45,3.8,3.8,375,3.85,1875,750,787425
NIFTY09JAN2012350CE.NFO,07/01/2020,09:28:46,3.8,3.8,150,3.85,2550,0,787425
NIFTY09JAN2012350CE.NFO,07/01/2020,09:28:47,3.85,3.8,1275,3.85,225,225,787425
NIFTY09JAN2012350CE.NFO,07/01/2020,09:28:48,3.85,3.8,3375,3.9,2550,300,787425
NIFTY09JAN2012350CE.NFO,07/01/2020,09:28:49,3.85,3.8,1125,3.85,2025,225,787425
NIFTY09JAN2012350CE.NFO,07/01/2020,09:28:50,3.85,3.85,900,3.9,1875,2025,787425
NIFTY09JAN2012350CE.NFO,07/01/2020,09:28:51,3.85,3.8,2400,3.85,825,825,787425
NIFTY09JAN2012350CE.NFO,07/01/2020,09:28:52,3.85,3.8,2700,3.85,825,0,787425
NIFTY09JAN2012350CE.NFO,07/01/2020,09:28:53,3.85,3.8,2325,3.85,375,450,787425
NIFTY09JAN2012350CE.NFO,07/01/2020,09:28:54,3.85,3.8,1575,3.85,450,0,787425
NIFTY09JAN2012350CE.NFO,07/01/2020,09:28:55,3.85,3.8,900,3.85,825,0,787425
NIFTY09JAN2012350CE.NFO,07/01/2020,09:28:56,3.85,3.8,1050,3.85,600,75,787425
NIFTY09JAN2012350CE.NFO,07/01/2020,09:28:57,3.85,3.8,600,3.85,3675,0,787425
NIFTY09JAN2012350CE.NFO,07/01/2020,09:28:58,3.85,3.8,1650,3.85,750,0,787425
NIFTY09JAN2012350CE.NFO,07/01/2020,09:28:59,3.85,3.8,900,3.85,2400,0,787425
NIFTY09JAN2012350CE.NFO,07/01/2020,09:29:00,3.85,3.8,2100,3.85,1050,0,787425
NIFTY09JAN2012350CE.NFO,07/01/2020,09:29:02,3.85,3.8,2025,3.85,750,150,787425
NIFTY09JAN2012350CE.NFO,07/01/2020,09:29:03,3.85,3.85,525,3.9,2325,825,787425
NIFTY09JAN2012350CE.NFO,07/01/2020,09:29:04,3.85,3.85,2925,3.95,4500,0,787425
NIFTY09JAN2012350CE.NFO,07/01/2020,09:29:05,3.9,3.9,1050,3.95,1500,300,787425
NIFTY09JAN2012350CE.NFO,07/01/2020,09:29:06,3.9,3.85,975,3.9,825,225,787425
NIFTY09JAN2012350CE.NFO,07/01/2020,09:29:07,3.9,3.85,600,3.9,1650,0,787425
NIFTY09JAN2012350CE.NFO,07/01/2020,09:29:08,3.9,3.85,3000,3.95,4875,0,787425
NIFTY09JAN2012350CE.NFO,07/01/2020,09:29:09,3.9,3.85,2925,3.95,4425,0,787425
NIFTY09JAN2012350CE.NFO,07/01/2020,09:29:10,3.9,3.85,3525,3.95,4425,0,787425
NIFTY09JAN2012350CE.NFO,07/01/2020,09:29:11,3.9,3.85,3525,3.95,4125,0,787425
NIFTY09JAN2012350CE.NFO,07/01/2020,09:29:12,3.9,3.85,2850,3.95,4425,0,787425
NIFTY09JAN2012350CE.NFO,07/01/2020,09:29:13,3.95,3.9,300,3.95,2700,75,802950
NIFTY09JAN2012350CE.NFO,07/01/2020,09:29:14,3.95,3.9,600,3.95,1125,3000,802950
NIFTY09JAN2012350CE.NFO,07/01/2020,09:29:15,3.95,3.95,1050,4,2850,75,802950
NIFTY09JAN2012350CE.NFO,07/01/2020,09:29:16,3.95,3.95,225,4,2775,375,802950
NIFTY09JAN2012350CE.NFO,07/01/2020,09:29:17,3.95,3.95,1425,4,2025,450,802950
NIFTY09JAN2012350CE.NFO,07/01/2020,09:29:18,3.95,3.95,1500,4,1125,0,802950
NIFTY09JAN2012350CE.NFO,07/01/2020,09:29:19,4,3.95,1200,4,1050,75,802950
NIFTY09JAN2012350CE.NFO,07/01/2020,09:29:20,4,3.95,600,4,1500,450,802950
NIFTY09JAN2012350CE.NFO,07/01/2020,09:29:21,4,3.95,900,4,525,3000,802950
NIFTY09JAN2012350CE.NFO,07/01/2020,09:29:22,4,3.95,6225,4.05,3750,0,802950
NIFTY09JAN2012350CE.NFO,07/01/2020,09:29:23,4,3.95,7200,4.05,3825,150,802950
NIFTY09JAN2012350CE.NFO,07/01/2020,09:29:24,4,3.95,9000,4.05,3750,0,802950
NIFTY09JAN2012350CE.NFO,07/01/2020,09:29:25,4,3.95,9150,4.05,3750,75,802950
NIFTY09JAN2012350CE.NFO,07/01/2020,09:29:26,4.05,3.95,8775,4.05,2325,1200,802950
NIFTY09JAN2012350CE.NFO,07/01/2020,09:29:27,4,3.95,5550,4.05,3000,1725,802950
NIFTY09JAN2012350CE.NFO,07/01/2020,09:29:28,3.95,3.95,4500,4,2025,1500,802950
NIFTY09JAN2012350CE.NFO,07/01/2020,09:29:29,3.95,3.95,3675,4,2325,675,802950
NIFTY09JAN2012350CE.NFO,07/01/2020,09:29:30,3.9,3.9,2550,4,4350,3975,802950
NIFTY09JAN2012350CE.NFO,07/01/2020,09:29:31,3.95,3.9,2025,3.95,750,825,802950
NIFTY09JAN2012350CE.NFO,07/01/2020,09:29:32,3.9,3.9,2400,3.95,1950,450,802950
NIFTY09JAN2012350CE.NFO,07/01/2020,09:29:33,3.95,3.9,2400,3.95,225,75,802950
NIFTY09JAN2012350CE.NFO,07/01/2020,09:29:34,3.95,3.9,2625,3.95,150,0,802950
NIFTY09JAN2012350CE.NFO,07/01/2020,09:29:35,4,3.9,7575,4,5325,900,802950
NIFTY09JAN2012350CE.NFO,07/01/2020,09:29:36,4,3.9,7725,4,5100,0,802950
NIFTY09JAN2012350CE.NFO,07/01/2020,09:29:37,4,3.95,75,4,5100,0,802950
NIFTY09JAN2012350CE.NFO,07/01/2020,09:29:38,4,3.95,150,4,4200,0,802950
NIFTY09JAN2012350CE.NFO,07/01/2020,09:29:39,4,3.95,1425,4,3150,150,802950
NIFTY09JAN2012350CE.NFO,07/01/2020,09:29:40,4,3.95,450,4,3975,225,802950
NIFTY09JAN2012350CE.NFO,07/01/2020,09:29:41,4,3.9,7725,4,4200,75,802950
NIFTY09JAN2012350CE.NFO,07/01/2020,09:29:42,3.95,3.9,6525,4,4875,75,802950
NIFTY09JAN2012350CE.NFO,07/01/2020,09:29:43,3.95,3.9,4200,3.95,675,0,802950
NIFTY09JAN2012350CE.NFO,07/01/2020,09:29:44,3.95,3.95,75,4,5100,0,802950
NIFTY09JAN2012350CE.NFO,07/01/2020,09:29:45,3.95,3.95,75,4,4875,0,802950
NIFTY09JAN2012350CE.NFO,07/01/2020,09:29:46,3.95,3.95,1200,4,4500,600,802950
NIFTY09JAN2012350CE.NFO,07/01/2020,09:29:47,3.95,3.95,2175,4,3375,0,802950
NIFTY09JAN2012350CE.NFO,07/01/2020,09:29:48,3.95,3.95,1500,4,3375,0,802950
NIFTY09JAN2012350CE.NFO,07/01/2020,09:29:49,3.95,3.95,600,4,4575,675,802950
NIFTY09JAN2012350CE.NFO,07/01/2020,09:29:50,3.95,3.95,75,4,4725,300,802950
NIFTY09JAN2012350CE.NFO,07/01/2020,09:29:51,3.95,3.9,4200,4,5550,225,802950
NIFTY09JAN2012350CE.NFO,07/01/2020,09:29:52,3.95,3.9,3450,3.95,225,150,802950
NIFTY09JAN2012350CE.NFO,07/01/2020,09:29:53,3.95,3.95,75,4,4950,375,802950
NIFTY09JAN2012350CE.NFO,07/01/2020,09:29:54,3.9,3.9,6300,4,5175,150,802950
NIFTY09JAN2012350CE.NFO,07/01/2020,09:29:55,3.95,3.9,4575,4,5400,675,802950
NIFTY09JAN2012350CE.NFO,07/01/2020,09:29:56,3.95,3.9,4500,4,6000,0,802950
NIFTY09JAN2012350CE.NFO,07/01/2020,09:29:57,3.95,3.9,3375,4,6000,1500,802950
NIFTY09JAN2012350CE.NFO,07/01/2020,09:29:58,3.95,3.95,75,4,5850,0,802950
NIFTY09JAN2012350CE.NFO,07/01/2020,09:29:59,3.95,3.95,75,4,5100,75,802950
NIFTY09JAN2012350CE.NFO,07/01/2020,09:30:00,3.95,3.95,825,4,4200,0,802950
NIFTY09JAN2012350CE.NFO,07/01/2020,09:30:01,4.05,4,375,4.05,1050,3075,802950
NIFTY09JAN2012350CE.NFO,07/01/2020,09:30:02,4.05,4,375,4.05,150,0,802950
NIFTY09JAN2012350CE.NFO,07/01/2020,09:30:03,4.05,4,750,4.05,1425,75,802950
NIFTY09JAN2012350CE.NFO,07/01/2020,09:30:04,4,3.95,4500,4.05,3450,450,802950
NIFTY09JAN2012350CE.NFO,07/01/2020,09:30:05,4,3.95,3225,4.05,5475,600,802950
NIFTY09JAN2012350CE.NFO,07/01/2020,09:30:06,4,3.95,2775,4.05,5625,600,802950
NIFTY09JAN2012350CE.NFO,07/01/2020,09:30:07,4,3.95,75,4,1875,0,802950
NIFTY09JAN2012350CE.NFO,07/01/2020,09:30:08,3.95,3.9,2475,4,5250,75,802950
NIFTY09JAN2012350CE.NFO,07/01/2020,09:30:09,3.95,3.9,4800,3.95,150,225,802950
NIFTY09JAN2012350CE.NFO,07/01/2020,09:30:10,4,3.95,4275,4.05,2100,450,802950
NIFTY09JAN2012350CE.NFO,07/01/2020,09:30:11,4,3.95,3900,4.05,3975,0,802950
NIFTY09JAN2012350CE.NFO,07/01/2020,09:30:12,4,3.95,4125,4.05,4575,0,802950
NIFTY09JAN2012350CE.NFO,07/01/2020,09:30:13,3.95,3.95,2550,4,75,1650,802950
NIFTY09JAN2012350CE.NFO,07/01/2020,09:30:14,3.95,3.95,1575,4,1650,0,802950
NIFTY09JAN2012350CE.NFO,07/01/2020,09:30:15,3.95,3.95,1575,4,1350,0,802950
NIFTY09JAN2012350CE.NFO,07/01/2020,09:30:16,3.95,3.95,1575,4,675,0,802950
NIFTY09JAN2012350CE.NFO,07/01/2020,09:30:17,3.95,3.95,3000,4,675,0,802950
NIFTY09JAN2012350CE.NFO,07/01/2020,09:30:18,3.95,3.95,1575,4,2475,0,802950
NIFTY09JAN2012350CE.NFO,07/01/2020,09:30:19,3.95,3.95,1275,4,2250,225,802950
NIFTY09JAN2012350CE.NFO,07/01/2020,09:30:20,3.95,3.95,1275,4,3450,0,802950
NIFTY09JAN2012350CE.NFO,07/01/2020,09:30:21,3.95,3.95,1350,4,2775,0,802950
NIFTY09JAN2012350CE.NFO,07/01/2020,09:30:22,3.95,3.95,1350,4,3075,0,802950
NIFTY09JAN2012350CE.NFO,07/01/2020,09:30:23,3.95,3.95,1650,4,2550,0,802950
NIFTY09JAN2012350CE.NFO,07/01/2020,09:30:24,3.95,3.95,1350,4,3375,0,802950
NIFTY09JAN2012350CE.NFO,07/01/2020,09:30:25,3.95,3.95,1425,4,3375,0,802950
NIFTY09JAN2012350CE.NFO,07/01/2020,09:30:26,3.95,3.95,1350,4,3375,75,802950
NIFTY09JAN2012350CE.NFO,07/01/2020,09:30:27,3.95,3.95,1275,4,3375,75,802950
NIFTY09JAN2012350CE.NFO,07/01/2020,09:30:28,3.95,3.95,1800,4,2850,300,802950
NIFTY09JAN2012350CE.NFO,07/01/2020,09:30:29,3.95,3.95,1350,4,2850,450,802950
NIFTY09JAN2012350CE.NFO,07/01/2020,09:30:30,3.95,3.95,2325,4,2625,0,802950
NIFTY09JAN2012350CE.NFO,07/01/2020,09:30:31,3.95,3.95,2325,4,2475,0,802950
NIFTY09JAN2012350CE.NFO,07/01/2020,09:30:32,3.95,3.95,2625,4,2475,0,802950
NIFTY09JAN2012350CE.NFO,07/01/2020,09:30:33,3.95,3.95,1950,4,2700,0,802950
NIFTY09JAN2012350CE.NFO,07/01/2020,09:30:34,3.95,3.95,1425,4,3900,225,802950
NIFTY09JAN2012350CE.NFO,07/01/2020,09:30:35,3.95,3.95,900,4,4725,225,802950
NIFTY09JAN2012350CE.NFO,07/01/2020,09:30:36,3.95,3.9,1800,3.95,900,900,802950
NIFTY09JAN2012350CE.NFO,07/01/2020,09:30:37,3.95,3.9,300,3.95,3600,0,802950
NIFTY09JAN2012350CE.NFO,07/01/2020,09:30:38,3.95,3.9,300,3.95,4350,75,802950
NIFTY09JAN2012350CE.NFO,07/01/2020,09:30:39,3.95,3.9,600,3.95,4050,150,802950
NIFTY09JAN2012350CE.NFO,07/01/2020,09:30:40,3.9,3.9,675,3.95,4200,600,802950
NIFTY09JAN2012350CE.NFO,07/01/2020,09:30:41,3.9,3.85,3900,3.9,150,450,802950
NIFTY09JAN2012350CE.NFO,07/01/2020,09:30:42,3.9,3.85,3600,3.9,1950,0,802950
NIFTY09JAN2012350CE.NFO,07/01/2020,09:30:43,3.85,3.85,2025,3.9,2700,150,802950
NIFTY09JAN2012350CE.NFO,07/01/2020,09:30:44,3.85,3.85,2250,3.9,2550,375,802950
NIFTY09JAN2012350CE.NFO,07/01/2020,09:30:45,3.85,3.85,3375,3.9,2475,300,802950
NIFTY09JAN2012350CE.NFO,07/01/2020,09:30:46,3.9,3.85,3150,3.9,1275,525,802950
NIFTY09JAN2012350CE.NFO,07/01/2020,09:30:47,3.85,3.85,1200,3.9,2250,150,802950
NIFTY09JAN2012350CE.NFO,07/01/2020,09:30:48,3.85,3.85,3000,3.9,2100,525,802950
NIFTY09JAN2012350CE.NFO,07/01/2020,09:30:49,3.85,3.85,3525,3.9,1950,450,802950
NIFTY09JAN2012350CE.NFO,07/01/2020,09:30:50,3.85,3.85,3450,3.9,1950,75,802950
NIFTY09JAN2012350CE.NFO,07/01/2020,09:30:51,3.85,3.85,3750,3.9,1200,1200,802950
NIFTY09JAN2012350CE.NFO,07/01/2020,09:30:52,3.85,3.85,2625,3.9,1200,300,802950
NIFTY09JAN2012350CE.NFO,07/01/2020,09:30:53,3.85,3.85,2250,3.9,2100,75,802950
NIFTY09JAN2012350CE.NFO,07/01/2020,09:30:54,3.85,3.85,2475,3.9,3600,75,802950
NIFTY09JAN2012350CE.NFO,07/01/2020,09:30:55,3.85,3.85,2625,3.9,2700,75,802950
NIFTY09JAN2012350CE.NFO,07/01/2020,09:30:56,3.85,3.85,1275,3.9,4050,1350,802950
NIFTY09JAN2012350CE.NFO,07/01/2020,09:30:57,3.85,3.85,900,3.9,4800,75,802950
NIFTY09JAN2012350CE.NFO,07/01/2020,09:30:58,3.9,3.85,600,3.9,5025,300,802950
NIFTY09JAN2012350CE.NFO,07/01/2020,09:30:59,3.85,3.85,600,3.9,4500,375,802950
NIFTY09JAN2012350CE.NFO,07/01/2020,09:31:00,3.9,3.85,225,3.9,1050,9075,802950
NIFTY09JAN2012350CE.NFO,07/01/2020,09:31:01,3.85,3.85,4950,3.95,8025,1650,802950
NIFTY09JAN2012350CE.NFO,07/01/2020,09:31:02,3.85,3.85,2625,3.9,75,4725,802950
NIFTY09JAN2012350CE.NFO,07/01/2020,09:31:03,3.85,3.9,975,3.95,6300,975,802950
NIFTY09JAN2012350CE.NFO,07/01/2020,09:31:04,3.85,3.9,975,3.95,6825,75,802950
NIFTY09JAN2012350CE.NFO,07/01/2020,09:31:05,3.9,3.85,3375,3.9,1350,4425,802950
NIFTY09JAN2012350CE.NFO,07/01/2020,09:31:06,3.85,3.85,3225,3.9,4050,150,802950
NIFTY09JAN2012350CE.NFO,07/01/2020,09:31:07,3.85,3.85,2850,3.9,3825,75,802950
NIFTY09JAN2012350CE.NFO,07/01/2020,09:31:09,3.85,3.85,3450,3.9,3975,75,802950
NIFTY09JAN2012350CE.NFO,07/01/2020,09:31:09,3.85,3.8,3000,3.85,75,4650,802950
NIFTY09JAN2012350CE.NFO,07/01/2020,09:31:11,3.85,3.8,2850,3.85,375,0,802950
NIFTY09JAN2012350CE.NFO,07/01/2020,09:31:12,3.8,3.8,2625,3.85,600,450,802950
NIFTY09JAN2012350CE.NFO,07/01/2020,09:31:13,3.8,3.8,1725,3.85,825,1200,802950
NIFTY09JAN2012350CE.NFO,07/01/2020,09:31:14,3.8,3.8,1500,3.85,1050,0,802950
NIFTY09JAN2012350CE.NFO,07/01/2020,09:31:15,3.8,3.8,1875,3.85,825,0,802950
NIFTY09JAN2012350CE.NFO,07/01/2020,09:31:16,3.85,3.8,3375,3.85,75,3075,802950
NIFTY09JAN2012350CE.NFO,07/01/2020,09:31:17,3.8,3.8,1725,3.85,450,75,802950
NIFTY09JAN2012350CE.NFO,07/01/2020,09:31:18,3.85,3.85,4050,3.9,4950,825,802950
NIFTY09JAN2012350CE.NFO,07/01/2020,09:31:19,3.85,3.85,3825,3.9,3150,225,802950
NIFTY09JAN2012350CE.NFO,07/01/2020,09:31:20,3.85,3.85,4650,3.9,3075,75,802950
NIFTY09JAN2012350CE.NFO,07/01/2020,09:31:21,3.9,3.85,4650,3.9,3300,375,802950
NIFTY09JAN2012350CE.NFO,07/01/2020,09:31:22,3.9,3.85,4800,3.9,3000,150,802950
NIFTY09JAN2012350CE.NFO,07/01/2020,09:31:22,3.85,3.85,5025,3.9,3000,75,802950
NIFTY09JAN2012350CE.NFO,07/01/2020,09:31:23,3.85,3.85,4950,3.9,2925,150,802950
NIFTY09JAN2012350CE.NFO,07/01/2020,09:31:25,3.9,3.85,4875,3.9,2700,1050,802950
NIFTY09JAN2012350CE.NFO,07/01/2020,09:31:25,3.85,3.85,4800,3.9,2700,75,802950
NIFTY09JAN2012350CE.NFO,07/01/2020,09:31:27,3.9,3.85,5175,3.9,2025,675,802950
NIFTY09JAN2012350CE.NFO,07/01/2020,09:31:27,3.9,3.85,4050,3.9,2025,0,802950
NIFTY09JAN2012350CE.NFO,07/01/2020,09:31:28,3.85,3.85,4950,3.9,2025,225,802950
NIFTY09JAN2012350CE.NFO,07/01/2020,09:31:29,3.9,3.85,4500,3.9,1800,300,802950
NIFTY09JAN2012350CE.NFO,07/01/2020,09:31:30,3.9,3.85,4350,3.9,1425,600,802950
NIFTY09JAN2012350CE.NFO,07/01/2020,09:31:31,3.85,3.85,3150,3.9,1425,75,802950
NIFTY09JAN2012350CE.NFO,07/01/2020,09:31:32,3.95,3.9,1425,3.95,1725,1800,802950
NIFTY09JAN2012350CE.NFO,07/01/2020,09:31:33,3.9,3.9,1350,3.95,1575,75,802950
NIFTY09JAN2012350CE.NFO,07/01/2020,09:31:35,3.95,3.9,3300,3.95,150,150,802950
NIFTY09JAN2012350CE.NFO,07/01/2020,09:31:35,3.95,3.9,3300,3.95,150,0,802950
NIFTY09JAN2012350CE.NFO,07/01/2020,09:31:36,3.9,3.9,2625,3.95,150,375,802950
NIFTY09JAN2012350CE.NFO,07/01/2020,09:31:38,3.95,3.9,5325,3.95,75,150,802950
NIFTY09JAN2012350CE.NFO,07/01/2020,09:31:38,3.95,3.9,5325,3.95,75,0,802950
NIFTY09JAN2012350CE.NFO,07/01/2020,09:31:39,3.9,3.9,1950,3.95,75,3450,802950
NIFTY09JAN2012350CE.NFO,07/01/2020,09:31:40,3.9,3.9,6600,4,9300,525,802950
NIFTY09JAN2012350CE.NFO,07/01/2020,09:31:41,3.95,3.95,825,4,8625,150,802950
NIFTY09JAN2012350CE.NFO,07/01/2020,09:31:42,3.95,3.95,975,4,9000,225,802950
NIFTY09JAN2012350CE.NFO,07/01/2020,09:31:43,3.95,3.95,2025,4,7275,1350,802950
NIFTY09JAN2012350CE.NFO,07/01/2020,09:31:44,3.95,3.95,600,4,7200,0,802950
NIFTY09JAN2012350CE.NFO,07/01/2020,09:31:45,3.95,3.9,4575,3.95,975,375,802950
NIFTY09JAN2012350CE.NFO,07/01/2020,09:31:46,3.95,3.9,8475,4,7650,75,802950
NIFTY09JAN2012350CE.NFO,07/01/2020,09:31:47,3.95,3.9,8475,4,7950,75,802950
NIFTY09JAN2012350CE.NFO,07/01/2020,09:31:48,3.95,3.9,8925,4,7950,75,802950
NIFTY09JAN2012350CE.NFO,07/01/2020,09:31:50,4,3.95,525,4,6750,450,802950
NIFTY09JAN2012350CE.NFO,07/01/2020,09:31:50,4,3.95,2475,4,3675,0,802950
NIFTY09JAN2012350CE.NFO,07/01/2020,09:31:51,3.95,3.95,2325,4,3150,150,802950
NIFTY09JAN2012350CE.NFO,07/01/2020,09:31:52,3.95,3.95,1050,4,3375,0,802950
NIFTY09JAN2012350CE.NFO,07/01/2020,09:31:53,4,3.95,2550,4,3375,75,802950
NIFTY09JAN2012350CE.NFO,07/01/2020,09:31:54,3.95,3.95,1500,4,3150,150,802950
NIFTY09JAN2012350CE.NFO,07/01/2020,09:31:55,4,3.95,2625,4,3075,75,802950
NIFTY09JAN2012350CE.NFO,07/01/2020,09:31:56,3.95,4,150,4.05,2175,3600,802950
NIFTY09JAN2012350CE.NFO,07/01/2020,09:31:57,3.95,4,75,4.05,2100,0,802950
NIFTY09JAN2012350CE.NFO,07/01/2020,09:31:58,3.95,3.95,6150,4.05,3600,1800,802950
NIFTY09JAN2012350CE.NFO,07/01/2020,09:31:59,4.05,4,600,4.05,2700,75,802950
NIFTY09JAN2012350CE.NFO,07/01/2020,09:32:00,4.05,4,1200,4.05,375,0,802950
NIFTY09JAN2012350CE.NFO,07/01/2020,09:32:01,4.05,4,1050,4.05,2250,1875,802950
NIFTY09JAN2012350CE.NFO,07/01/2020,09:32:02,4,4,525,4.05,1875,3600,802950
NIFTY09JAN2012350CE.NFO,07/01/2020,09:32:03,4,4,1425,4.05,1875,0,802950
NIFTY09JAN2012350CE.NFO,07/01/2020,09:32:05,4.05,4,1425,4.05,1725,150,802950
NIFTY09JAN2012350CE.NFO,07/01/2020,09:32:06,4.05,4,2175,4.05,1725,0,802950
NIFTY09JAN2012350CE.NFO,07/01/2020,09:32:07,4.05,4,1725,4.05,3075,450,802950
NIFTY09JAN2012350CE.NFO,07/01/2020,09:32:08,4.05,4,1125,4.05,4275,1650,802950
NIFTY09JAN2012350CE.NFO,07/01/2020,09:32:09,4.05,4,6375,4.1,4650,900,802950
NIFTY09JAN2012350CE.NFO,07/01/2020,09:32:10,4,4.05,75,4.1,5400,1500,802950
NIFTY09JAN2012350CE.NFO,07/01/2020,09:32:11,4.05,4.05,225,4.1,2625,2550,802950
NIFTY09JAN2012350CE.NFO,07/01/2020,09:32:12,4.1,4.05,6300,4.15,7200,975,802950
NIFTY09JAN2012350CE.NFO,07/01/2020,09:32:12,4.1,4.05,5325,4.15,5775,2700,817275
NIFTY09JAN2012350CE.NFO,07/01/2020,09:32:13,4.05,4.1,1200,4.15,6675,450,817275
NIFTY09JAN2012350CE.NFO,07/01/2020,09:32:14,4.05,4.05,2775,4.1,75,2400,817275
NIFTY09JAN2012350CE.NFO,07/01/2020,09:32:15,4.05,4.1,1050,4.15,4050,3150,817275
NIFTY09JAN2012350CE.NFO,07/01/2020,09:32:17,4.15,4.1,1125,4.15,1800,1725,817275
NIFTY09JAN2012350CE.NFO,07/01/2020,09:32:18,4.1,4.1,375,4.15,3000,675,817275
NIFTY09JAN2012350CE.NFO,07/01/2020,09:32:19,4.15,4.1,1800,4.15,225,1125,817275
NIFTY09JAN2012350CE.NFO,07/01/2020,09:32:20,4.2,4.15,3300,4.25,3750,4200,817275
NIFTY09JAN2012350CE.NFO,07/01/2020,09:32:21,4.15,4.15,1725,4.2,300,1725,817275
NIFTY09JAN2012350CE.NFO,07/01/2020,09:32:22,4.2,4.15,300,4.2,3300,1125,817275
NIFTY09JAN2012350CE.NFO,07/01/2020,09:32:23,4.15,4.15,4050,4.2,450,750,817275
NIFTY09JAN2012350CE.NFO,07/01/2020,09:32:24,4.2,4.2,1350,4.25,4275,375,817275
NIFTY09JAN2012350CE.NFO,07/01/2020,09:32:25,4.25,4.2,3675,4.3,4275,4725,817275
NIFTY09JAN2012350CE.NFO,07/01/2020,09:32:26,4.2,4.2,4275,4.3,4575,525,817275
NIFTY09JAN2012350CE.NFO,07/01/2020,09:32:27,4.25,4.25,3525,4.3,1800,750,817275
NIFTY09JAN2012350CE.NFO,07/01/2020,09:32:28,4.25,4.25,3750,4.3,1950,75,817275
NIFTY09JAN2012350CE.NFO,07/01/2020,09:32:29,4.25,4.25,4500,4.3,2175,0,817275
NIFTY09JAN2012350CE.NFO,07/01/2020,09:32:30,4.25,4.25,4500,4.3,2025,0,817275
NIFTY09JAN2012350CE.NFO,07/01/2020,09:32:31,4.25,4.25,4425,4.3,2850,0,817275
NIFTY09JAN2012350CE.NFO,07/01/2020,09:32:32,4.25,4.25,4500,4.3,2025,0,817275
NIFTY09JAN2012350CE.NFO,07/01/2020,09:32:33,4.25,4.25,4650,4.3,2025,0,817275
NIFTY09JAN2012350CE.NFO,07/01/2020,09:32:34,4.3,4.25,4650,4.3,1650,75,817275
NIFTY09JAN2012350CE.NFO,07/01/2020,09:32:35,4.25,4.25,3975,4.3,375,2850,817275
NIFTY09JAN2012350CE.NFO,07/01/2020,09:32:36,4.25,4.25,3900,4.3,4650,0,817275
NIFTY09JAN2012350CE.NFO,07/01/2020,09:32:36,4.25,4.25,4800,4.3,4575,0,817275
NIFTY09JAN2012350CE.NFO,07/01/2020,09:32:38,4.25,4.25,5100,4.3,4425,600,817275
NIFTY09JAN2012350CE.NFO,07/01/2020,09:32:39,4.35,4.3,600,4.35,1575,5850,817275
NIFTY09JAN2012350CE.NFO,07/01/2020,09:32:40,4.35,4.3,750,4.35,675,4725,817275
NIFTY09JAN2012350CE.NFO,07/01/2020,09:32:41,4.3,4.3,2100,4.35,375,75,817275
NIFTY09JAN2012350CE.NFO,07/01/2020,09:32:42,4.35,4.3,1725,4.35,2025,75,817275
NIFTY09JAN2012350CE.NFO,07/01/2020,09:32:42,4.35,4.3,825,4.35,2625,0,817275
NIFTY09JAN2012350CE.NFO,07/01/2020,09:32:43,4.35,4.25,2775,4.35,2025,1125,817275
NIFTY09JAN2012350CE.NFO,07/01/2020,09:32:44,4.35,4.3,450,4.35,1200,750,817275
NIFTY09JAN2012350CE.NFO,07/01/2020,09:32:45,4.35,4.3,75,4.35,2175,0,817275
NIFTY09JAN2012350CE.NFO,07/01/2020,09:32:46,4.35,4.3,825,4.35,825,75,817275
NIFTY09JAN2012350CE.NFO,07/01/2020,09:32:47,4.25,4.25,2475,4.35,1650,900,817275
NIFTY09JAN2012350CE.NFO,07/01/2020,09:32:48,4.3,4.2,1650,4.25,600,1725,817275
NIFTY09JAN2012350CE.NFO,07/01/2020,09:32:49,4.3,4.2,1425,4.25,1125,0,817275
NIFTY09JAN2012350CE.NFO,07/01/2020,09:32:51,4.3,4.25,750,4.3,3675,0,817275
NIFTY09JAN2012350CE.NFO,07/01/2020,09:32:52,4.3,4.25,750,4.3,1575,0,817275
NIFTY09JAN2012350CE.NFO,07/01/2020,09:32:53,4.25,4.25,2175,4.3,375,750,817275
NIFTY09JAN2012350CE.NFO,07/01/2020,09:32:54,4.25,4.25,1275,4.3,825,525,817275
NIFTY09JAN2012350CE.NFO,07/01/2020,09:32:55,4.3,4.25,2325,4.3,375,75,817275
NIFTY09JAN2012350CE.NFO,07/01/2020,09:32:56,4.3,4.25,150,4.3,1050,450,817275
NIFTY09JAN2012350CE.NFO,07/01/2020,09:32:56,4.3,4.25,150,4.3,975,0,817275
NIFTY09JAN2012350CE.NFO,07/01/2020,09:32:57,4.3,4.25,2925,4.3,300,0,817275
NIFTY09JAN2012350CE.NFO,07/01/2020,09:32:58,4.3,4.3,825,4.35,600,450,817275
NIFTY09JAN2012350CE.NFO,07/01/2020,09:32:59,4.3,4.3,825,4.35,450,0,817275
NIFTY09JAN2012350CE.NFO,07/01/2020,09:33:01,4.35,4.3,5700,4.4,3675,450,817275
NIFTY09JAN2012350CE.NFO,07/01/2020,09:33:01,4.35,4.3,6450,4.4,3000,0,817275
NIFTY09JAN2012350CE.NFO,07/01/2020,09:33:02,4.3,4.3,5250,4.4,4575,375,817275
NIFTY09JAN2012350CE.NFO,07/01/2020,09:33:03,4.3,4.3,2625,4.35,150,300,817275
NIFTY09JAN2012350CE.NFO,07/01/2020,09:33:05,4.35,4.3,5175,4.4,3825,150,817275
NIFTY09JAN2012350CE.NFO,07/01/2020,09:33:05,4.35,4.3,4200,4.4,3825,0,817275
NIFTY09JAN2012350CE.NFO,07/01/2020,09:33:06,4.35,4.3,3825,4.4,3900,300,817275
NIFTY09JAN2012350CE.NFO,07/01/2020,09:33:08,4.35,4.3,4650,4.4,6900,0,817275
NIFTY09JAN2012350CE.NFO,07/01/2020,09:33:10,4.35,4.35,2925,4.4,3375,450,817275
NIFTY09JAN2012350CE.NFO,07/01/2020,09:33:10,4.35,4.35,1725,4.4,3075,0,817275
NIFTY09JAN2012350CE.NFO,07/01/2020,09:33:11,4.35,4.35,2775,4.4,3375,0,817275
NIFTY09JAN2012350CE.NFO,07/01/2020,09:33:12,4.35,4.35,2775,4.4,3300,0,817275
NIFTY09JAN2012350CE.NFO,07/01/2020,09:33:13,4.4,4.35,3975,4.4,2175,825,817275
NIFTY09JAN2012350CE.NFO,07/01/2020,09:33:14,4.4,4.35,5700,4.4,1350,900,817275
NIFTY09JAN2012350CE.NFO,07/01/2020,09:33:15,4.4,4.4,3075,4.45,4575,2325,817275
NIFTY09JAN2012350CE.NFO,07/01/2020,09:33:16,4.4,4.4,3075,4.45,1650,0,817275
NIFTY09JAN2012350CE.NFO,07/01/2020,09:33:17,4.4,4.4,2775,4.45,3300,375,817275
NIFTY09JAN2012350CE.NFO,07/01/2020,09:33:18,4.4,4.35,3975,4.4,1875,3525,817275
NIFTY09JAN2012350CE.NFO,07/01/2020,09:33:19,4.35,4.35,2025,4.4,3375,6450,817275
NIFTY09JAN2012350CE.NFO,07/01/2020,09:33:20,4.35,4.35,900,4.4,1050,6525,817275
NIFTY09JAN2012350CE.NFO,07/01/2020,09:33:21,4.4,4.35,300,4.4,3075,375,817275
NIFTY09JAN2012350CE.NFO,07/01/2020,09:33:22,4.4,4.35,750,4.4,3975,1575,817275
NIFTY09JAN2012350CE.NFO,07/01/2020,09:33:23,4.4,4.3,2625,4.4,5625,3750,817275
NIFTY09JAN2012350CE.NFO,07/01/2020,09:33:24,4.4,4.3,2700,4.4,5700,0,817275
NIFTY09JAN2012350CE.NFO,07/01/2020,09:33:25,4.35,4.3,1725,4.35,300,4575,817275
NIFTY09JAN2012350CE.NFO,07/01/2020,09:33:26,4.4,4.35,2700,4.4,1800,600,817275
NIFTY09JAN2012350CE.NFO,07/01/2020,09:33:27,4.4,4.35,1650,4.4,1500,300,817275
NIFTY09JAN2012350CE.NFO,07/01/2020,09:33:28,4.25,4.25,1425,4.35,3000,3675,817275
NIFTY09JAN2012350CE.NFO,07/01/2020,09:33:29,4.35,4.3,525,4.35,3975,375,817275
NIFTY09JAN2012350CE.NFO,07/01/2020,09:33:30,4.35,4.3,1575,4.35,3525,750,817275
NIFTY09JAN2012350CE.NFO,07/01/2020,09:33:31,4.35,4.3,2025,4.35,2775,150,817275
NIFTY09JAN2012350CE.NFO,07/01/2020,09:33:33,4.35,4.3,2400,4.35,2250,525,817275
NIFTY09JAN2012350CE.NFO,07/01/2020,09:33:34,4.35,4.3,2250,4.35,1950,600,817275
NIFTY09JAN2012350CE.NFO,07/01/2020,09:33:35,4.35,4.3,2700,4.35,1875,0,817275
NIFTY09JAN2012350CE.NFO,07/01/2020,09:33:36,4.35,4.3,2400,4.35,1875,0,817275
NIFTY09JAN2012350CE.NFO,07/01/2020,09:33:37,4.35,4.3,2250,4.35,2475,0,817275
NIFTY09JAN2012350CE.NFO,07/01/2020,09:33:38,4.3,4.3,750,4.35,3150,375,817275
NIFTY09JAN2012350CE.NFO,07/01/2020,09:33:39,4.35,4.3,3075,4.35,2100,750,817275
NIFTY09JAN2012350CE.NFO,07/01/2020,09:33:40,4.35,4.35,525,4.4,2850,2250,817275
NIFTY09JAN2012350CE.NFO,07/01/2020,09:33:41,4.35,4.35,1575,4.4,75,0,817275
NIFTY09JAN2012350CE.NFO,07/01/2020,09:33:43,4.45,4.35,5175,4.45,3750,300,817275
NIFTY09JAN2012350CE.NFO,07/01/2020,09:33:43,4.45,4.35,5175,4.45,3900,0,817275
NIFTY09JAN2012350CE.NFO,07/01/2020,09:33:44,4.45,4.35,6150,4.45,3225,0,817275
NIFTY09JAN2012350CE.NFO,07/01/2020,09:33:45,4.45,4.35,750,4.4,2550,0,817275
NIFTY09JAN2012350CE.NFO,07/01/2020,09:33:46,4.4,4.35,75,4.4,3600,75,817275
NIFTY09JAN2012350CE.NFO,07/01/2020,09:33:47,4.4,4.35,75,4.4,3600,0,817275
NIFTY09JAN2012350CE.NFO,07/01/2020,09:33:48,4.4,4.35,1575,4.4,1800,0,817275
NIFTY09JAN2012350CE.NFO,07/01/2020,09:33:49,4.4,4.35,375,4.4,2775,75,817275
NIFTY09JAN2012350CE.NFO,07/01/2020,09:33:50,4.45,4.35,3075,4.45,5775,75,817275
NIFTY09JAN2012350CE.NFO,07/01/2020,09:33:51,4.45,4.35,3000,4.45,5550,0,817275
NIFTY09JAN2012350CE.NFO,07/01/2020,09:33:52,4.4,4.35,5925,4.45,3150,225,817275
NIFTY09JAN2012350CE.NFO,07/01/2020,09:33:53,4.35,4.35,3675,4.45,3450,975,817275
NIFTY09JAN2012350CE.NFO,07/01/2020,09:33:54,4.35,4.35,4950,4.45,3450,0,817275
NIFTY09JAN2012350CE.NFO,07/01/2020,09:33:55,4.35,4.35,5250,4.45,2175,0,817275
NIFTY09JAN2012350CE.NFO,07/01/2020,09:33:56,4.35,4.35,150,4.4,1650,4950,817275
NIFTY09JAN2012350CE.NFO,07/01/2020,09:33:57,4.35,4.35,1050,4.4,3150,0,817275
NIFTY09JAN2012350CE.NFO,07/01/2020,09:33:58,4.4,4.35,825,4.4,3300,75,817275
NIFTY09JAN2012350CE.NFO,07/01/2020,09:33:59,4.4,4.35,975,4.4,3150,75,817275
NIFTY09JAN2012350CE.NFO,07/01/2020,09:34:01,4.4,4.35,975,4.4,3675,0,817275
NIFTY09JAN2012350CE.NFO,07/01/2020,09:34:01,4.45,4.4,4500,4.5,4050,2325,817275
NIFTY09JAN2012350CE.NFO,07/01/2020,09:34:02,4.45,4.45,600,4.5,3900,0,817275
NIFTY09JAN2012350CE.NFO,07/01/2020,09:34:03,4.45,4.4,4275,4.5,5025,1050,817275
NIFTY09JAN2012350CE.NFO,07/01/2020,09:34:04,4.4,4.35,3450,4.45,3825,2850,817275
NIFTY09JAN2012350CE.NFO,07/01/2020,09:34:05,4.4,4.35,3000,4.45,3975,0,817275
NIFTY09JAN2012350CE.NFO,07/01/2020,09:34:06,4.4,4.35,2850,4.45,5700,1425,817275
NIFTY09JAN2012350CE.NFO,07/01/2020,09:34:07,4.4,4.35,1500,4.45,6150,0,817275
NIFTY09JAN2012350CE.NFO,07/01/2020,09:34:08,4.4,4.35,1800,4.4,1050,75,817275
NIFTY09JAN2012350CE.NFO,07/01/2020,09:34:09,4.4,4.35,3525,4.4,150,300,817275
NIFTY09JAN2012350CE.NFO,07/01/2020,09:34:10,4.4,4.35,2175,4.4,150,0,817275
NIFTY09JAN2012350CE.NFO,07/01/2020,09:34:11,4.4,4.35,4650,4.45,6525,450,817275
NIFTY09JAN2012350CE.NFO,07/01/2020,09:34:12,4.4,4.35,3225,4.45,6750,75,817275
NIFTY09JAN2012350CE.NFO,07/01/2020,09:34:14,4.4,4.4,300,4.45,2775,0,817275
NIFTY09JAN2012350CE.NFO,07/01/2020,09:34:15,4.4,4.35,4725,4.4,1800,300,817275
NIFTY09JAN2012350CE.NFO,07/01/2020,09:34:16,4.4,4.35,2550,4.4,2700,0,817275
NIFTY09JAN2012350CE.NFO,07/01/2020,09:34:17,4.4,4.35,2550,4.4,3075,150,817275
NIFTY09JAN2012350CE.NFO,07/01/2020,09:34:18,4.35,4.35,1500,4.4,4650,1050,817275
NIFTY09JAN2012350CE.NFO,07/01/2020,09:34:19,4.35,4.3,750,4.35,1275,3300,817275
NIFTY09JAN2012350CE.NFO,07/01/2020,09:34:20,4.3,4.25,4425,4.35,4500,5250,817275
NIFTY09JAN2012350CE.NFO,07/01/2020,09:34:21,4.3,4.25,6300,4.35,4275,0,817275
NIFTY09JAN2012350CE.NFO,07/01/2020,09:34:23,4.35,4.25,5475,4.35,4050,675,817275
NIFTY09JAN2012350CE.NFO,07/01/2020,09:34:24,4.3,4.3,900,4.35,3225,450,817275
NIFTY09JAN2012350CE.NFO,07/01/2020,09:34:25,4.35,4.3,375,4.35,1350,900,817275
NIFTY09JAN2012350CE.NFO,07/01/2020,09:34:26,4.3,4.25,1575,4.3,1575,150,817275
NIFTY09JAN2012350CE.NFO,07/01/2020,09:34:27,4.2,4.2,450,4.25,2325,4950,817275
NIFTY09JAN2012350CE.NFO,07/01/2020,09:34:28,4.2,4.15,4050,4.25,4350,0,817275
NIFTY09JAN2012350CE.NFO,07/01/2020,09:34:29,4.2,4.15,825,4.2,825,2850,817275
NIFTY09JAN2012350CE.NFO,07/01/2020,09:34:29,4.2,4.15,750,4.2,675,0,817275
NIFTY09JAN2012350CE.NFO,07/01/2020,09:34:30,4.2,4.15,1725,4.2,1950,225,817275
NIFTY09JAN2012350CE.NFO,07/01/2020,09:34:31,4.2,4.1,16650,4.2,3900,1575,817275
NIFTY09JAN2012350CE.NFO,07/01/2020,09:34:32,4.15,4.1,16125,4.15,225,2025,817275
NIFTY09JAN2012350CE.NFO,07/01/2020,09:34:33,4.15,4.1,15900,4.15,75,375,817275
NIFTY09JAN2012350CE.NFO,07/01/2020,09:34:35,4.15,4.1,15675,4.15,2775,2850,817275
NIFTY09JAN2012350CE.NFO,07/01/2020,09:34:35,4.15,4.1,15975,4.15,2175,0,817275
NIFTY09JAN2012350CE.NFO,07/01/2020,09:34:36,4.15,4.15,750,4.2,6525,375,817275
NIFTY09JAN2012350CE.NFO,07/01/2020,09:34:37,4.2,4.15,750,4.2,5550,375,817275
NIFTY09JAN2012350CE.NFO,07/01/2020,09:34:38,4.2,4.2,600,4.25,4800,1650,817275
NIFTY09JAN2012350CE.NFO,07/01/2020,09:34:39,4.2,4.15,75,4.2,2100,75,817275
NIFTY09JAN2012350CE.NFO,07/01/2020,09:34:41,4.15,4.1,15150,4.15,450,450,817275
NIFTY09JAN2012350CE.NFO,07/01/2020,09:34:41,4.15,4.1,15150,4.15,525,0,817275
NIFTY09JAN2012350CE.NFO,07/01/2020,09:34:42,4.15,4.1,15150,4.15,375,150,817275
NIFTY09JAN2012350CE.NFO,07/01/2020,09:34:43,4.1,4.1,15375,4.15,150,600,817275
NIFTY09JAN2012350CE.NFO,07/01/2020,09:34:44,4.1,4.1,12375,4.15,5100,2325,817275
NIFTY09JAN2012350CE.NFO,07/01/2020,09:34:45,4.1,4.1,12150,4.15,3750,225,817275
NIFTY09JAN2012350CE.NFO,07/01/2020,09:34:46,4.1,4.1,11325,4.15,3750,1200,817275
NIFTY09JAN2012350CE.NFO,07/01/2020,09:34:47,4.1,4.1,3450,4.15,1425,7500,817275
NIFTY09JAN2012350CE.NFO,07/01/2020,09:34:48,4.1,4.05,1050,4.1,5175,4950,817275
NIFTY09JAN2012350CE.NFO,07/01/2020,09:34:49,4.05,4.05,2100,4.1,5100,300,817275
NIFTY09JAN2012350CE.NFO,07/01/2020,09:34:50,4.05,4.05,450,4.1,5850,225,817275
NIFTY09JAN2012350CE.NFO,07/01/2020,09:34:51,4.05,4,3600,4.1,8700,1050,817275
NIFTY09JAN2012350CE.NFO,07/01/2020,09:34:52,4,4,450,4.05,1350,225,817275
NIFTY09JAN2012350CE.NFO,07/01/2020,09:34:54,4,4,2100,4.05,675,75,817275
NIFTY09JAN2012350CE.NFO,07/01/2020,09:34:55,4.05,4,1050,4.05,750,1425,817275
NIFTY09JAN2012350CE.NFO,07/01/2020,09:34:56,4,4,4950,4.05,225,150,817275
NIFTY09JAN2012350CE.NFO,07/01/2020,09:34:57,4.05,4.05,2025,4.1,9450,225,817275
NIFTY09JAN2012350CE.NFO,07/01/2020,09:34:58,4.05,4,6300,4.1,9525,1275,817275
NIFTY09JAN2012350CE.NFO,07/01/2020,09:34:59,4.1,4.05,6600,4.1,5025,225,817275
NIFTY09JAN2012350CE.NFO,07/01/2020,09:35:00,4.1,4.05,4200,4.15,4875,12000,817275
NIFTY09JAN2012350CE.NFO,07/01/2020,09:35:01,4.15,4.1,4200,4.2,4800,1050,817275
NIFTY09JAN2012350CE.NFO,07/01/2020,09:35:02,4.15,4.1,5925,4.15,750,225,817275
NIFTY09JAN2012350CE.NFO,07/01/2020,09:35:03,4.1,4.1,7950,4.2,4950,375,817275
NIFTY09JAN2012350CE.NFO,07/01/2020,09:35:04,4.1,4.1,6750,4.15,150,525,817275
NIFTY09JAN2012350CE.NFO,07/01/2020,09:35:05,4.1,4.05,6225,4.15,3225,5175,817275
NIFTY09JAN2012350CE.NFO,07/01/2020,09:35:06,4.1,4.1,1650,4.15,1350,0,817275
NIFTY09JAN2012350CE.NFO,07/01/2020,09:35:07,4.15,4.05,4950,4.15,5250,225,817275
NIFTY09JAN2012350CE.NFO,07/01/2020,09:35:08,4.1,4.05,2550,4.1,2850,225,817275
NIFTY09JAN2012350CE.NFO,07/01/2020,09:35:09,4.1,4.05,2925,4.1,2400,375,817275
NIFTY09JAN2012350CE.NFO,07/01/2020,09:35:10,4.1,4.05,1575,4.1,1725,0,817275
NIFTY09JAN2012350CE.NFO,07/01/2020,09:35:11,4.1,4.1,2250,4.15,1050,1125,817275
NIFTY09JAN2012350CE.NFO,07/01/2020,09:35:12,4.15,4.1,825,4.15,1875,75,817275
NIFTY09JAN2012350CE.NFO,07/01/2020,09:35:12,4.15,4.1,825,4.15,2175,0,817275
NIFTY09JAN2012350CE.NFO,07/01/2020,09:35:14,4.15,4.05,5250,4.15,2475,0,817275
NIFTY09JAN2012350CE.NFO,07/01/2020,09:35:15,4.15,4.1,2325,4.15,975,150,817275
NIFTY09JAN2012350CE.NFO,07/01/2020,09:35:16,4.15,4.1,2175,4.15,300,750,857175
NIFTY09JAN2012350CE.NFO,07/01/2020,09:35:16,4.1,4.15,225,4.2,3450,900,857175
NIFTY09JAN2012350CE.NFO,07/01/2020,09:35:17,4.15,4.1,5025,4.2,3450,150,857175
NIFTY09JAN2012350CE.NFO,07/01/2020,09:35:19,4.2,4.1,7575,4.2,2475,975,857175
NIFTY09JAN2012350CE.NFO,07/01/2020,09:35:20,4.2,4.1,4500,4.2,5250,300,857175
NIFTY09JAN2012350CE.NFO,07/01/2020,09:35:21,4.2,4.1,3075,4.2,5925,975,857175
NIFTY09JAN2012350CE.NFO,07/01/2020,09:35:22,4.2,4.1,2325,4.15,1425,0,857175
NIFTY09JAN2012350CE.NFO,07/01/2020,09:35:23,4.15,4.1,4875,4.2,5925,225,857175
NIFTY09JAN2012350CE.NFO,07/01/2020,09:35:24,4.15,4.1,825,4.15,975,0,857175
NIFTY09JAN2012350CE.NFO,07/01/2020,09:35:25,4.15,4.1,1125,4.15,150,0,857175
NIFTY09JAN2012350CE.NFO,07/01/2020,09:35:26,4.1,4.05,3450,4.15,5325,150,857175
NIFTY09JAN2012350CE.NFO,07/01/2020,09:35:27,4.1,4.05,3600,4.15,5700,0,857175
NIFTY09JAN2012350CE.NFO,07/01/2020,09:35:28,4.1,4.05,3300,4.15,5700,0,857175
NIFTY09JAN2012350CE.NFO,07/01/2020,09:35:29,4.05,4.05,825,4.1,1200,150,857175
NIFTY09JAN2012350CE.NFO,07/01/2020,09:35:30,4.05,4.05,1875,4.15,7650,300,857175
NIFTY09JAN2012350CE.NFO,07/01/2020,09:35:31,4.1,4.05,3075,4.1,1200,450,857175
NIFTY09JAN2012350CE.NFO,07/01/2020,09:35:32,4.05,4.05,525,4.1,1500,450,857175
NIFTY09JAN2012350CE.NFO,07/01/2020,09:35:33,4.05,4.05,1500,4.1,1200,75,857175
NIFTY09JAN2012350CE.NFO,07/01/2020,09:35:34,4.05,4.05,450,4.1,1275,0,857175
NIFTY09JAN2012350CE.NFO,07/01/2020,09:35:35,4.05,4,3675,4.1,4500,75,857175
NIFTY09JAN2012350CE.NFO,07/01/2020,09:35:35,4.05,4,3975,4.1,5025,0,857175
NIFTY09JAN2012350CE.NFO,07/01/2020,09:35:36,4.05,4,3000,4.1,5550,1050,857175
NIFTY09JAN2012350CE.NFO,07/01/2020,09:35:37,4.05,4,3000,4.1,5025,75,857175
NIFTY09JAN2012350CE.NFO,07/01/2020,09:35:38,4.05,4,600,4.05,300,0,857175
NIFTY09JAN2012350CE.NFO,07/01/2020,09:35:39,4.05,4,150,4.05,1950,0,857175
NIFTY09JAN2012350CE.NFO,07/01/2020,09:35:40,4,3.95,2025,4,75,150,857175
NIFTY09JAN2012350CE.NFO,07/01/2020,09:35:41,4,3.95,1500,4,1575,0,857175
NIFTY09JAN2012350CE.NFO,07/01/2020,09:35:42,3.95,3.85,2550,3.95,2475,2100,857175
NIFTY09JAN2012350CE.NFO,07/01/2020,09:35:43,3.95,3.85,2400,3.95,3450,0,857175
NIFTY09JAN2012350CE.NFO,07/01/2020,09:35:44,3.85,3.8,1725,3.85,300,5250,857175
NIFTY09JAN2012350CE.NFO,07/01/2020,09:35:45,3.85,3.85,300,3.9,1575,300,857175
NIFTY09JAN2012350CE.NFO,07/01/2020,09:35:46,3.85,3.8,5175,3.9,2925,0,857175
NIFTY09JAN2012350CE.NFO,07/01/2020,09:35:47,3.85,3.85,1050,3.9,750,75,857175
NIFTY09JAN2012350CE.NFO,07/01/2020,09:35:48,3.9,3.9,1125,3.95,1275,450,857175
NIFTY09JAN2012350CE.NFO,07/01/2020,09:35:49,3.9,3.9,5625,4,3900,0,857175
NIFTY09JAN2012350CE.NFO,07/01/2020,09:35:50,3.9,3.95,1575,4,1875,0,857175
NIFTY09JAN2012350CE.NFO,07/01/2020,09:35:51,3.9,3.95,5325,4.05,4275,0,857175
NIFTY09JAN2012350CE.NFO,07/01/2020,09:35:52,4.05,4,1125,4.05,1575,450,857175
NIFTY09JAN2012350CE.NFO,07/01/2020,09:35:53,4.05,4,975,4.05,1575,0,857175
NIFTY09JAN2012350CE.NFO,07/01/2020,09:35:54,4.05,4,4875,4.1,6000,0,857175
NIFTY09JAN2012350CE.NFO,07/01/2020,09:35:55,4,4,825,4.05,1575,1125,857175
NIFTY09JAN2012350CE.NFO,07/01/2020,09:35:56,4.05,4,825,4.05,2100,75,857175
NIFTY09JAN2012350CE.NFO,07/01/2020,09:35:57,4.05,4,1125,4.05,1950,0,857175
NIFTY09JAN2012350CE.NFO,07/01/2020,09:35:58,4.05,4,825,4.05,1950,0,857175
NIFTY09JAN2012350CE.NFO,07/01/2020,09:35:59,4,4,1125,4.05,1875,75,857175
NIFTY09JAN2012350CE.NFO,07/01/2020,09:36:00,4,4,975,4.05,1275,1875,857175
NIFTY09JAN2012350CE.NFO,07/01/2020,09:36:01,4.05,4,675,4.05,1500,150,857175
NIFTY09JAN2012350CE.NFO,07/01/2020,09:36:02,4.05,4,975,4.05,1650,0,857175
NIFTY09JAN2012350CE.NFO,07/01/2020,09:36:03,4.05,4,2175,4.05,1725,0,857175
NIFTY09JAN2012350CE.NFO,07/01/2020,09:36:04,4,4,1875,4.05,2100,300,857175
NIFTY09JAN2012350CE.NFO,07/01/2020,09:36:05,4,4,1575,4.05,2025,300,857175
NIFTY09JAN2012350CE.NFO,07/01/2020,09:36:06,4,4,1200,4.05,2625,0,857175
NIFTY09JAN2012350CE.NFO,07/01/2020,09:36:07,4,4,1200,4.05,1800,0,857175
NIFTY09JAN2012350CE.NFO,07/01/2020,09:36:08,4.05,4,1350,4.05,2100,75,857175
NIFTY09JAN2012350CE.NFO,07/01/2020,09:36:09,4.05,4,3450,4.05,225,1050,857175
NIFTY09JAN2012350CE.NFO,07/01/2020,09:36:10,4.1,4.05,1950,4.1,2850,825,857175
NIFTY09JAN2012350CE.NFO,07/01/2020,09:36:11,4.05,4.05,1050,4.1,2400,150,857175
NIFTY09JAN2012350CE.NFO,07/01/2020,09:36:12,4.05,4.05,1725,4.1,1650,150,857175
NIFTY09JAN2012350CE.NFO,07/01/2020,09:36:13,4.05,4.05,1800,4.1,600,0,857175
NIFTY09JAN2012350CE.NFO,07/01/2020,09:36:14,4.1,4.05,2250,4.1,900,300,857175
NIFTY09JAN2012350CE.NFO,07/01/2020,09:36:15,4.1,4.05,1425,4.1,900,0,857175
NIFTY09JAN2012350CE.NFO,07/01/2020,09:36:16,4.05,4.05,1500,4.1,900,375,857175
NIFTY09JAN2012350CE.NFO,07/01/2020,09:36:17,4.1,4.05,2400,4.1,825,75,857175
NIFTY09JAN2012350CE.NFO,07/01/2020,09:36:18,4.15,4.1,4500,4.15,2850,975,857175
NIFTY09JAN2012350CE.NFO,07/01/2020,09:36:19,4.15,4.1,4500,4.15,4275,150,857175
NIFTY09JAN2012350CE.NFO,07/01/2020,09:36:20,4.15,4.1,4500,4.15,5025,0,857175
NIFTY09JAN2012350CE.NFO,07/01/2020,09:36:21,4.1,4.05,825,4.1,3825,4650,857175
NIFTY09JAN2012350CE.NFO,07/01/2020,09:36:22,4.1,4.05,225,4.1,3600,0,857175
NIFTY09JAN2012350CE.NFO,07/01/2020,09:36:23,4.05,4,2625,4.05,75,450,857175
NIFTY09JAN2012350CE.NFO,07/01/2020,09:36:24,4.05,4.05,1125,4.1,3000,75,857175
NIFTY09JAN2012350CE.NFO,07/01/2020,09:36:25,4.1,4.1,225,4.15,1725,2700,857175
NIFTY09JAN2012350CE.NFO,07/01/2020,09:36:26,4.1,4.1,525,4.15,1350,0,857175
NIFTY09JAN2012350CE.NFO,07/01/2020,09:36:27,4.15,4.05,5250,4.15,2625,150,857175
NIFTY09JAN2012350CE.NFO,07/01/2020,09:36:28,4.15,4.1,225,4.15,1125,750,857175
NIFTY09JAN2012350CE.NFO,07/01/2020,09:36:29,4.15,4.1,1050,4.15,1050,150,857175
NIFTY09JAN2012350CE.NFO,07/01/2020,09:36:31,4.15,4.1,1050,4.15,525,0,857175
NIFTY09JAN2012350CE.NFO,07/01/2020,09:36:31,4.15,4.1,4650,4.2,3675,0,857175
NIFTY09JAN2012350CE.NFO,07/01/2020,09:36:32,4.15,4.15,225,4.2,2250,0,857175
NIFTY09JAN2012350CE.NFO,07/01/2020,09:36:33,4.2,4.15,225,4.2,2100,225,857175
NIFTY09JAN2012350CE.NFO,07/01/2020,09:36:34,4.15,4.15,975,4.2,1725,225,857175
NIFTY09JAN2012350CE.NFO,07/01/2020,09:36:35,4.25,4.15,5175,4.25,3825,3675,857175
NIFTY09JAN2012350CE.NFO,07/01/2020,09:36:36,4.15,4.15,5325,4.25,3825,900,857175
NIFTY09JAN2012350CE.NFO,07/01/2020,09:36:37,4.15,4.2,375,4.25,2625,0,857175
NIFTY09JAN2012350CE.NFO,07/01/2020,09:36:38,4.2,4.15,4800,4.25,3750,375,857175
