Ticker,Date,Time,LTP,BuyPrice,BuyQty,SellPrice,SellQty,LTQ,OpenInterest
NIFTY09JAN2011800CE.NFO,07/01/2020,09:15:04,288.95,290.45,75,296.2,75,75,53475
NIFTY09JAN2011800CE.NFO,07/01/2020,09:15:04,288.95,290.45,75,296.2,75,0,53475
NIFTY09JAN2011800CE.NFO,07/01/2020,09:15:04,288.95,290.45,75,296.2,75,0,53475
NIFTY09JAN2011800CE.NFO,07/01/2020,09:15:04,288.95,290.45,75,296.2,75,0,53475
NIFTY09JAN2011800CE.NFO,07/01/2020,09:15:05,292,292.25,75,296,75,300,53475
NIFTY09JAN2011800CE.NFO,07/01/2020,09:15:05,292,292.25,75,296,75,0,53475
NIFTY09JAN2011800CE.NFO,07/01/2020,09:15:06,292,293.45,75,295.85,75,0,53475
NIFTY09JAN2011800CE.NFO,07/01/2020,09:15:07,296,294.35,75,299.6,75,75,53475
NIFTY09JAN2011800CE.NFO,07/01/2020,09:15:07,296,294.35,75,299.6,75,0,53475
NIFTY09JAN2011800CE.NFO,07/01/2020,09:15:08,296,295.7,75,299.35,75,0,53475
NIFTY09JAN2011800CE.NFO,07/01/2020,09:15:09,296,297.6,75,301.95,75,0,53475
NIFTY09JAN2011800CE.NFO,07/01/2020,09:15:10,296,298.25,75,301.85,75,0,53475
NIFTY09JAN2011800CE.NFO,07/01/2020,09:15:11,296,300.15,75,304.95,75,0,53475
NIFTY09JAN2011800CE.NFO,07/01/2020,09:15:12,296,300.6,75,305.1,75,0,53475
NIFTY09JAN2011800CE.NFO,07/01/2020,09:15:13,296,299.15,75,304.65,75,0,53475
NIFTY09JAN2011800CE.NFO,07/01/2020,09:15:14,296,299.65,75,304.95,75,0,53475
NIFTY09JAN2011800CE.NFO,07/01/2020,09:15:15,296,300,150,305.5,150,0,53475
NIFTY09JAN2011800CE.NFO,07/01/2020,09:15:16,296,300.95,75,305.6,75,0,53475
NIFTY09JAN2011800CE.NFO,07/01/2020,09:15:17,300.9,300.35,75,308.4,75,75,53475
NIFTY09JAN2011800CE.NFO,07/01/2020,09:15:17,300.9,300.35,75,308.4,75,0,53475
NIFTY09JAN2011800CE.NFO,07/01/2020,09:15:18,300.9,301.6,75,306.45,75,0,53475
NIFTY09JAN2011800CE.NFO,07/01/2020,09:15:19,301.5,302.5,150,307.65,75,225,53475
NIFTY09JAN2011800CE.NFO,07/01/2020,09:15:19,303.7,302.5,150,307.65,75,0,53475
NIFTY09JAN2011800CE.NFO,07/01/2020,09:15:20,301.5,305.3,75,309.75,75,0,53475
NIFTY09JAN2011800CE.NFO,07/01/2020,09:15:21,301.5,305.3,75,309,75,0,53475
NIFTY09JAN2011800CE.NFO,07/01/2020,09:15:22,301.5,305.65,75,309.75,75,0,53475
NIFTY09JAN2011800CE.NFO,07/01/2020,09:15:23,301.5,303.55,75,309.7,75,0,53475
NIFTY09JAN2011800CE.NFO,07/01/2020,09:15:24,301.5,304.8,75,309.7,75,0,53475
NIFTY09JAN2011800CE.NFO,07/01/2020,09:15:25,301.5,305.65,75,309.75,75,0,53475
NIFTY09JAN2011800CE.NFO,07/01/2020,09:15:26,309.7,307.25,75,309.75,75,75,53475
NIFTY09JAN2011800CE.NFO,07/01/2020,09:15:26,309.7,307.25,75,309.75,75,0,53475
NIFTY09JAN2011800CE.NFO,07/01/2020,09:15:27,309.75,306.95,75,310.95,75,75,53475
NIFTY09JAN2011800CE.NFO,07/01/2020,09:15:27,309.75,306.95,75,310.95,75,0,53475
NIFTY09JAN2011800CE.NFO,07/01/2020,09:15:28,310.75,308.25,75,311.8,75,75,53475
NIFTY09JAN2011800CE.NFO,07/01/2020,09:15:28,310.75,308.25,75,311.8,75,0,53475
NIFTY09JAN2011800CE.NFO,07/01/2020,09:15:29,310.75,306.85,75,310.65,75,0,53475
NIFTY09JAN2011800CE.NFO,07/01/2020,09:15:30,310.75,306.75,75,309.75,75,0,53475
NIFTY09JAN2011800CE.NFO,07/01/2020,09:15:32,310.75,306.1,75,309.6,75,0,53475
NIFTY09JAN2011800CE.NFO,07/01/2020,09:15:33,310.75,306.35,75,310.75,225,0,53475
NIFTY09JAN2011800CE.NFO,07/01/2020,09:15:34,310.75,305.45,225,309.5,75,0,53475
NIFTY09JAN2011800CE.NFO,07/01/2020,09:15:34,310.75,305.2,300,310,75,0,53475
NIFTY09JAN2011800CE.NFO,07/01/2020,09:15:35,304,305.75,75,309.95,75,450,53475
NIFTY09JAN2011800CE.NFO,07/01/2020,09:15:36,305.75,306.55,225,310.7,75,75,53475
NIFTY09JAN2011800CE.NFO,07/01/2020,09:15:37,305.75,307.25,75,311.1,75,0,53475
NIFTY09JAN2011800CE.NFO,07/01/2020,09:15:38,305.75,305.55,75,311.7,225,0,53475
NIFTY09JAN2011800CE.NFO,07/01/2020,09:15:39,305.75,307.5,225,311.45,75,0,53475
NIFTY09JAN2011800CE.NFO,07/01/2020,09:15:41,305.75,307.45,75,312.25,300,0,53475
NIFTY09JAN2011800CE.NFO,07/01/2020,09:15:42,305.75,308.6,75,312.5,75,0,53475
NIFTY09JAN2011800CE.NFO,07/01/2020,09:15:43,305.75,309.1,75,315,675,0,53475
NIFTY09JAN2011800CE.NFO,07/01/2020,09:15:44,313.2,309.6,75,313.55,75,300,53475
NIFTY09JAN2011800CE.NFO,07/01/2020,09:15:44,313.2,309.6,75,313.55,75,0,53475
NIFTY09JAN2011800CE.NFO,07/01/2020,09:15:45,313.65,309.6,150,313.4,225,75,53475
NIFTY09JAN2011800CE.NFO,07/01/2020,09:15:45,313.65,309.6,150,313.4,225,0,53475
NIFTY09JAN2011800CE.NFO,07/01/2020,09:15:46,313.65,310.35,75,313.75,75,0,53475
NIFTY09JAN2011800CE.NFO,07/01/2020,09:15:47,313.65,309.3,150,313.85,75,0,53475
NIFTY09JAN2011800CE.NFO,07/01/2020,09:15:48,313.65,309.45,75,313.05,75,0,53475
NIFTY09JAN2011800CE.NFO,07/01/2020,09:15:49,313.65,309.65,75,313.55,75,0,53475
NIFTY09JAN2011800CE.NFO,07/01/2020,09:15:50,313.65,310.15,75,314.5,225,0,53475
NIFTY09JAN2011800CE.NFO,07/01/2020,09:15:51,313.65,309.7,75,313.75,225,0,53475
NIFTY09JAN2011800CE.NFO,07/01/2020,09:15:52,313.65,310.6,75,315,225,0,53475
NIFTY09JAN2011800CE.NFO,07/01/2020,09:15:53,313.65,310.6,75,314.65,75,0,53475
NIFTY09JAN2011800CE.NFO,07/01/2020,09:15:54,313.65,310.35,75,314.15,75,0,53475
NIFTY09JAN2011800CE.NFO,07/01/2020,09:15:55,313.65,310.85,75,315,225,0,53475
NIFTY09JAN2011800CE.NFO,07/01/2020,09:15:56,313.65,311.35,75,313.65,300,0,53475
NIFTY09JAN2011800CE.NFO,07/01/2020,09:15:57,313.65,310.15,225,313.65,300,0,53475
NIFTY09JAN2011800CE.NFO,07/01/2020,09:15:57,313.65,307.55,75,313.65,300,0,53475
NIFTY09JAN2011800CE.NFO,07/01/2020,09:15:58,313.65,310.85,75,313.65,300,0,53475
NIFTY09JAN2011800CE.NFO,07/01/2020,09:15:59,313.65,310.95,75,313.65,300,0,53475
NIFTY09JAN2011800CE.NFO,07/01/2020,09:16:01,313.65,310.55,75,313.65,450,0,53475
NIFTY09JAN2011800CE.NFO,07/01/2020,09:16:02,313.65,310.4,75,313.65,450,0,53475
NIFTY09JAN2011800CE.NFO,07/01/2020,09:16:03,313.65,310.2,75,313.65,450,0,53475
NIFTY09JAN2011800CE.NFO,07/01/2020,09:16:04,313.65,311.1,75,313.65,450,0,53475
NIFTY09JAN2011800CE.NFO,07/01/2020,09:16:05,313.65,310.5,75,313.6,150,75,53475
NIFTY09JAN2011800CE.NFO,07/01/2020,09:16:06,313.65,310.15,75,313.6,75,0,53475
NIFTY09JAN2011800CE.NFO,07/01/2020,09:16:07,313.65,311.25,75,313.65,375,0,53475
NIFTY09JAN2011800CE.NFO,07/01/2020,09:16:08,313.65,310.6,150,313.65,375,0,53475
NIFTY09JAN2011800CE.NFO,07/01/2020,09:16:09,313.65,310.35,150,313.65,300,75,53475
NIFTY09JAN2011800CE.NFO,07/01/2020,09:16:10,313.65,311.3,75,313.65,300,0,53475
NIFTY09JAN2011800CE.NFO,07/01/2020,09:16:11,313.65,310.85,75,313.65,300,0,53475
NIFTY09JAN2011800CE.NFO,07/01/2020,09:16:13,313.65,311.15,75,313.65,300,0,53475
NIFTY09JAN2011800CE.NFO,07/01/2020,09:16:14,313.65,311.85,75,313.65,300,0,53475
NIFTY09JAN2011800CE.NFO,07/01/2020,09:16:15,311.85,312,75,313.65,150,150,53475
NIFTY09JAN2011800CE.NFO,07/01/2020,09:16:16,313.65,311.7,150,313.65,75,75,53475
NIFTY09JAN2011800CE.NFO,07/01/2020,09:16:17,313.65,312.2,75,315,75,75,53475
NIFTY09JAN2011800CE.NFO,07/01/2020,09:16:18,313.65,312.35,75,315,75,0,53475
NIFTY09JAN2011800CE.NFO,07/01/2020,09:16:19,313.65,312.6,75,315,75,0,53475
NIFTY09JAN2011800CE.NFO,07/01/2020,09:16:20,313.65,312.85,75,315,75,0,53475
NIFTY09JAN2011800CE.NFO,07/01/2020,09:16:21,315,314,75,316.9,75,75,53475
NIFTY09JAN2011800CE.NFO,07/01/2020,09:16:21,315,314,75,316.9,75,0,53475
NIFTY09JAN2011800CE.NFO,07/01/2020,09:16:22,315,314.1,75,317.9,300,0,53475
NIFTY09JAN2011800CE.NFO,07/01/2020,09:16:23,315,314.1,75,317.5,75,0,53475
NIFTY09JAN2011800CE.NFO,07/01/2020,09:16:24,314,314.1,75,317.5,75,150,53475
NIFTY09JAN2011800CE.NFO,07/01/2020,09:16:25,314,314.55,75,317.5,375,0,53475
NIFTY09JAN2011800CE.NFO,07/01/2020,09:16:26,314,314.55,75,317.6,75,0,53475
NIFTY09JAN2011800CE.NFO,07/01/2020,09:16:27,314,314.1,75,317.55,450,0,53475
NIFTY09JAN2011800CE.NFO,07/01/2020,09:16:28,314.05,315.2,75,318.8,75,300,53475
NIFTY09JAN2011800CE.NFO,07/01/2020,09:16:29,314.05,316.05,75,318.7,75,0,53475
NIFTY09JAN2011800CE.NFO,07/01/2020,09:16:29,314.05,316.05,75,318.65,375,0,53475
NIFTY09JAN2011800CE.NFO,07/01/2020,09:16:30,318.65,315.9,75,318.65,825,150,53475
NIFTY09JAN2011800CE.NFO,07/01/2020,09:16:30,318.65,315.9,75,318.65,825,0,53475
NIFTY09JAN2011800CE.NFO,07/01/2020,09:16:32,318.65,316.1,75,319.5,75,0,53475
NIFTY09JAN2011800CE.NFO,07/01/2020,09:16:33,318.65,316.25,75,320.05,75,0,53475
NIFTY09JAN2011800CE.NFO,07/01/2020,09:16:34,318.65,316.1,75,319.7,75,0,53475
NIFTY09JAN2011800CE.NFO,07/01/2020,09:16:35,318.65,317,75,319.8,75,0,53475
NIFTY09JAN2011800CE.NFO,07/01/2020,09:16:36,318.65,316.35,75,319.9,375,0,53475
NIFTY09JAN2011800CE.NFO,07/01/2020,09:16:37,318.65,316.1,525,319.85,450,0,53475
NIFTY09JAN2011800CE.NFO,07/01/2020,09:16:38,318.65,316.1,75,319.85,450,0,53475
NIFTY09JAN2011800CE.NFO,07/01/2020,09:16:39,316.05,316.1,150,319.55,75,75,53475
NIFTY09JAN2011800CE.NFO,07/01/2020,09:16:40,316.05,316.1,150,319.35,75,0,53475
NIFTY09JAN2011800CE.NFO,07/01/2020,09:16:41,316.05,315.1,825,319.6,450,0,53475
NIFTY09JAN2011800CE.NFO,07/01/2020,09:16:42,316.05,316.05,225,318.65,75,0,53475
NIFTY09JAN2011800CE.NFO,07/01/2020,09:16:43,316.05,316.2,75,318.65,75,0,53475
NIFTY09JAN2011800CE.NFO,07/01/2020,09:16:43,316.05,316.1,75,318.65,75,0,53475
NIFTY09JAN2011800CE.NFO,07/01/2020,09:16:44,316.05,316.35,450,318.65,75,0,53475
NIFTY09JAN2011800CE.NFO,07/01/2020,09:16:45,316.05,316.7,75,318.65,75,0,53475
NIFTY09JAN2011800CE.NFO,07/01/2020,09:16:46,316.05,316.6,75,318.65,75,0,53475
NIFTY09JAN2011800CE.NFO,07/01/2020,09:16:48,316.05,317.35,75,318.65,75,0,53475
NIFTY09JAN2011800CE.NFO,07/01/2020,09:16:49,318.65,317.8,75,321.15,450,75,53475
NIFTY09JAN2011800CE.NFO,07/01/2020,09:16:50,318.65,318.5,150,321.9,375,0,53475
NIFTY09JAN2011800CE.NFO,07/01/2020,09:16:51,318.65,318.4,375,321.9,375,0,53475
NIFTY09JAN2011800CE.NFO,07/01/2020,09:16:52,318.65,315.1,75,321.65,375,0,53475
NIFTY09JAN2011800CE.NFO,07/01/2020,09:16:53,318.65,318.65,1050,322.1,75,0,53475
NIFTY09JAN2011800CE.NFO,07/01/2020,09:16:54,318.65,318.8,75,322.65,75,0,53475
NIFTY09JAN2011800CE.NFO,07/01/2020,09:16:55,318.65,319,75,322.5,375,0,53475
NIFTY09JAN2011800CE.NFO,07/01/2020,09:16:55,318.65,319.25,825,323.15,375,0,53475
NIFTY09JAN2011800CE.NFO,07/01/2020,09:16:56,319.25,320.25,75,323.15,75,225,53475
NIFTY09JAN2011800CE.NFO,07/01/2020,09:16:56,319.6,320.25,75,323.15,75,0,53475
NIFTY09JAN2011800CE.NFO,07/01/2020,09:16:57,319.25,320.45,75,323.15,75,0,53475
NIFTY09JAN2011800CE.NFO,07/01/2020,09:16:58,319.25,320.35,450,323.15,75,0,53475
NIFTY09JAN2011800CE.NFO,07/01/2020,09:17:00,319.25,319.65,450,323.1,600,0,53475
NIFTY09JAN2011800CE.NFO,07/01/2020,09:17:01,319.25,320,75,323.15,75,0,53475
NIFTY09JAN2011800CE.NFO,07/01/2020,09:17:02,319.25,320.1,75,323.6,75,0,53475
NIFTY09JAN2011800CE.NFO,07/01/2020,09:17:03,319.25,320.3,825,323.6,75,0,53475
NIFTY09JAN2011800CE.NFO,07/01/2020,09:17:04,319.25,320.9,75,324,150,0,53475
NIFTY09JAN2011800CE.NFO,07/01/2020,09:17:05,319.25,320.85,825,324,75,0,53475
NIFTY09JAN2011800CE.NFO,07/01/2020,09:17:06,319.25,321.2,825,324,75,0,53475
NIFTY09JAN2011800CE.NFO,07/01/2020,09:17:07,319.25,321.85,225,324,75,0,53475
NIFTY09JAN2011800CE.NFO,07/01/2020,09:17:07,319.25,321.9,825,324,75,0,53475
NIFTY09JAN2011800CE.NFO,07/01/2020,09:17:08,319.25,322,75,324,75,0,53475
NIFTY09JAN2011800CE.NFO,07/01/2020,09:17:09,319.25,322.15,75,324,75,0,53475
NIFTY09JAN2011800CE.NFO,07/01/2020,09:17:11,319.25,322.35,225,324,75,0,53475
NIFTY09JAN2011800CE.NFO,07/01/2020,09:17:12,324,323.05,450,325.75,75,75,52200
NIFTY09JAN2011800CE.NFO,07/01/2020,09:17:12,324,323.05,450,325.75,75,0,52200
NIFTY09JAN2011800CE.NFO,07/01/2020,09:17:12,324,324.15,150,327.05,150,0,52200
NIFTY09JAN2011800CE.NFO,07/01/2020,09:17:13,324,324,450,327.05,150,0,52200
NIFTY09JAN2011800CE.NFO,07/01/2020,09:17:14,324,324.95,75,328.9,75,0,52200
NIFTY09JAN2011800CE.NFO,07/01/2020,09:17:16,324,325.6,450,328.6,75,0,52200
NIFTY09JAN2011800CE.NFO,07/01/2020,09:17:17,324,326.45,825,329.55,75,0,52200
NIFTY09JAN2011800CE.NFO,07/01/2020,09:17:18,324,326.45,900,329.95,150,0,52200
NIFTY09JAN2011800CE.NFO,07/01/2020,09:17:19,324,326.95,450,329.9,75,0,52200
NIFTY09JAN2011800CE.NFO,07/01/2020,09:17:19,324,326.95,450,329.8,75,0,52200
NIFTY09JAN2011800CE.NFO,07/01/2020,09:17:21,324,326.35,450,329.95,75,0,52200
NIFTY09JAN2011800CE.NFO,07/01/2020,09:17:22,324,326.5,75,329.75,75,0,52200
NIFTY09JAN2011800CE.NFO,07/01/2020,09:17:23,324,326.75,75,329.95,75,0,52200
NIFTY09JAN2011800CE.NFO,07/01/2020,09:17:24,324,326.05,75,329,75,0,52200
NIFTY09JAN2011800CE.NFO,07/01/2020,09:17:24,324,326.25,75,329,75,0,52200
NIFTY09JAN2011800CE.NFO,07/01/2020,09:17:26,324,326.9,75,329,75,0,52200
NIFTY09JAN2011800CE.NFO,07/01/2020,09:17:27,324,327.05,525,329,225,0,52200
NIFTY09JAN2011800CE.NFO,07/01/2020,09:17:28,324,326.15,525,328.8,75,0,52200
NIFTY09JAN2011800CE.NFO,07/01/2020,09:17:29,324,326.2,75,328.95,75,0,52200
NIFTY09JAN2011800CE.NFO,07/01/2020,09:17:31,324,325.8,75,328.5,75,0,52200
NIFTY09JAN2011800CE.NFO,07/01/2020,09:17:32,324,324.9,75,327.85,75,0,52200
NIFTY09JAN2011800CE.NFO,07/01/2020,09:17:33,324,324.9,75,327.8,75,0,52200
NIFTY09JAN2011800CE.NFO,07/01/2020,09:17:34,324,324.25,75,326.75,75,0,52200
NIFTY09JAN2011800CE.NFO,07/01/2020,09:17:34,324,323.95,150,327.1,375,0,52200
NIFTY09JAN2011800CE.NFO,07/01/2020,09:17:36,324,324.15,75,327,75,0,52200
NIFTY09JAN2011800CE.NFO,07/01/2020,09:17:37,324,323.7,75,327.05,75,0,52200
NIFTY09JAN2011800CE.NFO,07/01/2020,09:17:38,324,323.75,75,327.05,75,0,52200
NIFTY09JAN2011800CE.NFO,07/01/2020,09:17:39,324,323.1,75,326.05,75,0,52200
NIFTY09JAN2011800CE.NFO,07/01/2020,09:17:39,324,323.05,450,326.15,75,0,52200
NIFTY09JAN2011800CE.NFO,07/01/2020,09:17:41,324,322.7,450,326.4,75,0,52200
NIFTY09JAN2011800CE.NFO,07/01/2020,09:17:42,324,322.6,75,325.8,75,0,52200
NIFTY09JAN2011800CE.NFO,07/01/2020,09:17:43,324,322.35,75,325.45,375,0,52200
NIFTY09JAN2011800CE.NFO,07/01/2020,09:17:44,322,321.25,600,323.75,75,75,52200
NIFTY09JAN2011800CE.NFO,07/01/2020,09:17:44,322,321.3,75,323.9,75,0,52200
NIFTY09JAN2011800CE.NFO,07/01/2020,09:17:46,322,321.2,75,324.35,75,0,52200
NIFTY09JAN2011800CE.NFO,07/01/2020,09:17:47,322,321.2,150,324.15,75,0,52200
NIFTY09JAN2011800CE.NFO,07/01/2020,09:17:48,322,321.3,450,323.7,75,0,52200
NIFTY09JAN2011800CE.NFO,07/01/2020,09:17:49,322,321.6,75,324.3,75,0,52200
NIFTY09JAN2011800CE.NFO,07/01/2020,09:17:49,322,321.65,75,324.4,75,0,52200
NIFTY09JAN2011800CE.NFO,07/01/2020,09:17:51,322,321.75,75,324.05,75,0,52200
NIFTY09JAN2011800CE.NFO,07/01/2020,09:17:52,322,321.35,75,324.15,75,0,52200
NIFTY09JAN2011800CE.NFO,07/01/2020,09:17:53,322,320.65,75,323.65,75,0,52200
NIFTY09JAN2011800CE.NFO,07/01/2020,09:17:54,322,321.45,75,324,75,0,52200
NIFTY09JAN2011800CE.NFO,07/01/2020,09:17:54,322,321.05,450,324.15,375,0,52200
NIFTY09JAN2011800CE.NFO,07/01/2020,09:17:56,322,320.6,450,323.55,75,0,52200
NIFTY09JAN2011800CE.NFO,07/01/2020,09:17:57,321.25,321.2,75,323.9,375,600,52200
NIFTY09JAN2011800CE.NFO,07/01/2020,09:17:58,321.25,321.25,75,324.05,375,0,52200
NIFTY09JAN2011800CE.NFO,07/01/2020,09:17:59,321.25,321.35,75,324.45,75,0,52200
NIFTY09JAN2011800CE.NFO,07/01/2020,09:18:01,322.9,322.75,75,325.2,150,150,52200
NIFTY09JAN2011800CE.NFO,07/01/2020,09:18:02,323.55,323.55,75,325.7,75,75,52200
NIFTY09JAN2011800CE.NFO,07/01/2020,09:18:03,324.25,324.3,75,326.6,75,75,52200
NIFTY09JAN2011800CE.NFO,07/01/2020,09:18:03,324.25,324.3,75,326.6,75,0,52200
NIFTY09JAN2011800CE.NFO,07/01/2020,09:18:04,324.25,324.4,75,327.3,75,0,52200
NIFTY09JAN2011800CE.NFO,07/01/2020,09:18:04,324.25,324.9,75,327.55,375,0,52200
NIFTY09JAN2011800CE.NFO,07/01/2020,09:18:06,324.25,325.2,450,327.6,75,0,52200
NIFTY09JAN2011800CE.NFO,07/01/2020,09:18:07,325.3,325.2,600,327.6,75,75,52200
NIFTY09JAN2011800CE.NFO,07/01/2020,09:18:07,325.3,325.2,600,327.6,75,0,52200
NIFTY09JAN2011800CE.NFO,07/01/2020,09:18:09,325.3,325.6,75,327.6,75,0,52200
NIFTY09JAN2011800CE.NFO,07/01/2020,09:18:11,325.3,325.9,525,327.6,75,0,52200
NIFTY09JAN2011800CE.NFO,07/01/2020,09:18:12,327.6,326.5,75,328.95,75,75,52200
NIFTY09JAN2011800CE.NFO,07/01/2020,09:18:12,327.6,326.5,75,328.95,75,0,52200
NIFTY09JAN2011800CE.NFO,07/01/2020,09:18:13,326.8,326.85,450,329,75,75,52200
NIFTY09JAN2011800CE.NFO,07/01/2020,09:18:14,326.8,326.7,450,329,75,0,52200
NIFTY09JAN2011800CE.NFO,07/01/2020,09:18:15,326.8,326,450,328.75,75,0,52200
NIFTY09JAN2011800CE.NFO,07/01/2020,09:18:16,326.8,325.85,450,328.7,75,0,52200
NIFTY09JAN2011800CE.NFO,07/01/2020,09:18:17,326.8,325.9,75,328.85,75,0,52200
NIFTY09JAN2011800CE.NFO,07/01/2020,09:18:18,326.8,325.55,450,328.9,375,0,52200
NIFTY09JAN2011800CE.NFO,07/01/2020,09:18:19,325.65,325.65,75,328.5,75,75,52200
NIFTY09JAN2011800CE.NFO,07/01/2020,09:18:20,325.65,326.25,75,328.95,75,0,52200
NIFTY09JAN2011800CE.NFO,07/01/2020,09:18:21,325.65,325.7,450,328.95,375,0,52200
NIFTY09JAN2011800CE.NFO,07/01/2020,09:18:22,325.65,325.7,450,328.8,75,0,52200
NIFTY09JAN2011800CE.NFO,07/01/2020,09:18:23,325.65,325.7,450,328.5,375,0,52200
NIFTY09JAN2011800CE.NFO,07/01/2020,09:18:24,325.65,325.9,75,328,75,0,52200
NIFTY09JAN2011800CE.NFO,07/01/2020,09:18:25,325.65,326.2,75,328,75,0,52200
NIFTY09JAN2011800CE.NFO,07/01/2020,09:18:26,325.65,325.7,75,328,75,0,52200
NIFTY09JAN2011800CE.NFO,07/01/2020,09:18:27,325.65,325.4,525,328,75,0,52200
NIFTY09JAN2011800CE.NFO,07/01/2020,09:18:28,325.65,325.25,75,328,75,0,52200
NIFTY09JAN2011800CE.NFO,07/01/2020,09:18:29,325.65,324.9,75,327.9,75,0,52200
NIFTY09JAN2011800CE.NFO,07/01/2020,09:18:30,325.65,324.45,75,327.55,75,0,52200
NIFTY09JAN2011800CE.NFO,07/01/2020,09:18:31,325.65,324.45,75,327.35,75,0,52200
NIFTY09JAN2011800CE.NFO,07/01/2020,09:18:32,325.65,324.35,75,326.6,75,0,52200
NIFTY09JAN2011800CE.NFO,07/01/2020,09:18:33,325.65,323.2,75,325.9,75,0,52200
NIFTY09JAN2011800CE.NFO,07/01/2020,09:18:34,325.65,322.5,450,324,75,0,52200
NIFTY09JAN2011800CE.NFO,07/01/2020,09:18:35,325.65,322.5,450,325.2,75,0,52200
NIFTY09JAN2011800CE.NFO,07/01/2020,09:18:36,325.65,322,75,324.85,75,0,52200
NIFTY09JAN2011800CE.NFO,07/01/2020,09:18:37,325.65,321.95,150,324.45,75,0,52200
NIFTY09JAN2011800CE.NFO,07/01/2020,09:18:38,325.65,322,75,325.05,75,0,52200
NIFTY09JAN2011800CE.NFO,07/01/2020,09:18:39,325.65,321.45,450,324.55,75,0,52200
NIFTY09JAN2011800CE.NFO,07/01/2020,09:18:40,321.5,321.5,75,324.3,75,75,52200
NIFTY09JAN2011800CE.NFO,07/01/2020,09:18:41,321.5,321.5,75,324.05,375,0,52200
NIFTY09JAN2011800CE.NFO,07/01/2020,09:18:42,321.5,321.2,75,323.85,75,0,52200
NIFTY09JAN2011800CE.NFO,07/01/2020,09:18:43,321.5,321.1,75,323.8,75,0,52200
NIFTY09JAN2011800CE.NFO,07/01/2020,09:18:44,321.5,322.65,75,325.05,75,0,52200
NIFTY09JAN2011800CE.NFO,07/01/2020,09:18:45,321.5,321.45,450,324.45,375,0,52200
NIFTY09JAN2011800CE.NFO,07/01/2020,09:18:46,321.5,321,75,323.2,75,0,52200
NIFTY09JAN2011800CE.NFO,07/01/2020,09:18:47,321.5,321,75,323.05,75,0,52200
NIFTY09JAN2011800CE.NFO,07/01/2020,09:18:48,321.5,321,75,322.85,75,0,52200
NIFTY09JAN2011800CE.NFO,07/01/2020,09:18:49,321.5,319.45,150,322.3,75,0,52200
NIFTY09JAN2011800CE.NFO,07/01/2020,09:18:50,321.5,319.4,75,322,75,0,52200
NIFTY09JAN2011800CE.NFO,07/01/2020,09:18:51,321.5,318.85,450,321.8,375,0,52200
NIFTY09JAN2011800CE.NFO,07/01/2020,09:18:52,321.5,319.05,75,321.7,75,0,52200
NIFTY09JAN2011800CE.NFO,07/01/2020,09:18:53,321.5,319.05,75,321.35,75,0,52200
NIFTY09JAN2011800CE.NFO,07/01/2020,09:18:53,321.5,318.55,75,321.2,75,0,52200
NIFTY09JAN2011800CE.NFO,07/01/2020,09:18:54,321.5,318.6,75,320.85,75,0,52200
NIFTY09JAN2011800CE.NFO,07/01/2020,09:18:55,321.5,318.45,75,320.85,75,0,52200
NIFTY09JAN2011800CE.NFO,07/01/2020,09:18:56,318.45,318.2,75,320.55,75,75,52200
NIFTY09JAN2011800CE.NFO,07/01/2020,09:18:57,318.45,318,75,320.35,75,0,52200
NIFTY09JAN2011800CE.NFO,07/01/2020,09:18:59,318.45,317.7,450,319.95,75,0,52200
NIFTY09JAN2011800CE.NFO,07/01/2020,09:19:00,318.45,317.65,450,319.95,75,0,52200
NIFTY09JAN2011800CE.NFO,07/01/2020,09:19:01,318.45,318.5,75,320,75,0,52200
NIFTY09JAN2011800CE.NFO,07/01/2020,09:19:02,318.45,319.25,75,320,75,0,52200
NIFTY09JAN2011800CE.NFO,07/01/2020,09:19:03,320,318.9,450,321.4,75,75,52200
NIFTY09JAN2011800CE.NFO,07/01/2020,09:19:04,320,319.45,75,322.1,75,0,52200
NIFTY09JAN2011800CE.NFO,07/01/2020,09:19:05,320,319.7,75,322,75,0,52200
NIFTY09JAN2011800CE.NFO,07/01/2020,09:19:06,319.55,318.95,600,321.45,75,75,52200
NIFTY09JAN2011800CE.NFO,07/01/2020,09:19:07,319.55,318.95,450,321.45,150,0,52200
NIFTY09JAN2011800CE.NFO,07/01/2020,09:19:08,319.55,319.4,75,321.2,75,0,52200
NIFTY09JAN2011800CE.NFO,07/01/2020,09:19:09,319.55,319.6,450,322.25,75,0,52200
NIFTY09JAN2011800CE.NFO,07/01/2020,09:19:10,319.55,319.6,525,322.6,75,0,52200
NIFTY09JAN2011800CE.NFO,07/01/2020,09:19:11,319.55,320.1,75,322.6,75,0,52200
NIFTY09JAN2011800CE.NFO,07/01/2020,09:19:12,319.55,320.3,450,322.65,75,0,52200
NIFTY09JAN2011800CE.NFO,07/01/2020,09:19:12,319.55,320.25,150,322.65,75,0,52200
NIFTY09JAN2011800CE.NFO,07/01/2020,09:19:14,320.8,320.2,75,322.35,75,75,52200
NIFTY09JAN2011800CE.NFO,07/01/2020,09:19:15,320.35,319.75,450,321.95,75,75,52200
NIFTY09JAN2011800CE.NFO,07/01/2020,09:19:16,320.35,320.05,450,321.95,75,0,52200
NIFTY09JAN2011800CE.NFO,07/01/2020,09:19:17,320.35,320.25,75,321.95,75,0,52200
NIFTY09JAN2011800CE.NFO,07/01/2020,09:19:18,320.35,320.65,75,321.95,75,0,52200
NIFTY09JAN2011800CE.NFO,07/01/2020,09:19:19,321.95,320.75,225,323.15,75,75,52200
NIFTY09JAN2011800CE.NFO,07/01/2020,09:19:20,321.95,321.5,150,323.8,75,0,52200
NIFTY09JAN2011800CE.NFO,07/01/2020,09:19:21,321.95,321.9,75,324.1,75,0,52200
NIFTY09JAN2011800CE.NFO,07/01/2020,09:19:22,321.95,322.25,75,324.15,75,0,52200
NIFTY09JAN2011800CE.NFO,07/01/2020,09:19:23,321.95,322.6,75,324.95,75,0,52200
NIFTY09JAN2011800CE.NFO,07/01/2020,09:19:24,321.95,322.55,75,324.85,75,0,52200
NIFTY09JAN2011800CE.NFO,07/01/2020,09:19:25,321.95,322.6,450,324.95,75,0,52200
NIFTY09JAN2011800CE.NFO,07/01/2020,09:19:26,321.95,322.6,525,325,750,0,52200
NIFTY09JAN2011800CE.NFO,07/01/2020,09:19:27,321.95,322.15,450,324,75,0,52200
NIFTY09JAN2011800CE.NFO,07/01/2020,09:19:28,321.95,322,75,324,75,0,52200
NIFTY09JAN2011800CE.NFO,07/01/2020,09:19:29,321.95,322.5,75,324,75,0,52200
NIFTY09JAN2011800CE.NFO,07/01/2020,09:19:30,321.95,321.5,525,323.95,75,0,52200
NIFTY09JAN2011800CE.NFO,07/01/2020,09:19:31,321.95,321.8,75,323.95,75,0,52200
NIFTY09JAN2011800CE.NFO,07/01/2020,09:19:32,321.95,320.65,450,323.6,75,0,52200
NIFTY09JAN2011800CE.NFO,07/01/2020,09:19:33,321.2,319.9,825,323.35,75,75,52200
NIFTY09JAN2011800CE.NFO,07/01/2020,09:19:34,321.2,320.35,75,322.9,375,0,52200
NIFTY09JAN2011800CE.NFO,07/01/2020,09:19:35,321.2,320.6,75,323.55,75,0,52200
NIFTY09JAN2011800CE.NFO,07/01/2020,09:19:36,321.2,319.8,75,322.15,75,0,52200
NIFTY09JAN2011800CE.NFO,07/01/2020,09:19:37,321.2,319.55,450,322.2,75,0,52200
NIFTY09JAN2011800CE.NFO,07/01/2020,09:19:38,321.2,320.1,75,322.7,75,0,52200
NIFTY09JAN2011800CE.NFO,07/01/2020,09:19:39,321.2,320.3,75,322.75,75,0,52200
NIFTY09JAN2011800CE.NFO,07/01/2020,09:19:40,321.2,320.15,75,322.85,75,0,52200
NIFTY09JAN2011800CE.NFO,07/01/2020,09:19:41,321.2,320,75,322.9,150,0,52200
NIFTY09JAN2011800CE.NFO,07/01/2020,09:19:42,320.35,321.05,225,323.6,75,75,52200
NIFTY09JAN2011800CE.NFO,07/01/2020,09:19:43,320.35,321,75,323.4,75,0,52200
NIFTY09JAN2011800CE.NFO,07/01/2020,09:19:44,320.35,321.3,75,323.3,75,0,52200
NIFTY09JAN2011800CE.NFO,07/01/2020,09:19:45,320.35,321.45,75,323.55,375,0,52200
NIFTY09JAN2011800CE.NFO,07/01/2020,09:19:46,320.35,320.85,450,323.9,75,0,52200
NIFTY09JAN2011800CE.NFO,07/01/2020,09:19:47,320.35,321.25,450,324,75,0,52200
NIFTY09JAN2011800CE.NFO,07/01/2020,09:19:48,320.35,321.35,75,324,75,0,52200
NIFTY09JAN2011800CE.NFO,07/01/2020,09:19:49,320.35,321.7,75,323.9,75,0,52200
NIFTY09JAN2011800CE.NFO,07/01/2020,09:19:50,320.35,320.65,75,323.45,75,0,52200
NIFTY09JAN2011800CE.NFO,07/01/2020,09:19:51,320.35,320.65,450,323.5,375,0,52200
NIFTY09JAN2011800CE.NFO,07/01/2020,09:19:52,320.35,320.9,75,323.95,150,0,52200
NIFTY09JAN2011800CE.NFO,07/01/2020,09:19:53,320.35,320.85,75,323.65,75,0,52200
NIFTY09JAN2011800CE.NFO,07/01/2020,09:19:54,320.35,321.05,75,324,75,0,52200
NIFTY09JAN2011800CE.NFO,07/01/2020,09:19:55,320.35,320.25,450,323.15,75,0,52200
NIFTY09JAN2011800CE.NFO,07/01/2020,09:19:56,320.35,320.5,75,323.45,375,0,52200
NIFTY09JAN2011800CE.NFO,07/01/2020,09:19:57,320.35,320.7,525,323.5,75,0,52200
NIFTY09JAN2011800CE.NFO,07/01/2020,09:19:58,320.35,321.1,525,323.8,75,0,52200
NIFTY09JAN2011800CE.NFO,07/01/2020,09:19:59,320.35,321.25,75,323.8,75,0,52200
NIFTY09JAN2011800CE.NFO,07/01/2020,09:20:00,320.35,321.65,75,324,75,0,52200
NIFTY09JAN2011800CE.NFO,07/01/2020,09:20:01,320.35,321.75,75,324.4,375,0,52200
NIFTY09JAN2011800CE.NFO,07/01/2020,09:20:02,320.35,323,75,325,750,0,52200
NIFTY09JAN2011800CE.NFO,07/01/2020,09:20:03,320.35,323.15,75,325,750,0,52200
NIFTY09JAN2011800CE.NFO,07/01/2020,09:20:04,320.35,323.45,75,325,750,0,52200
NIFTY09JAN2011800CE.NFO,07/01/2020,09:20:05,325,323.95,75,326.2,75,750,52200
NIFTY09JAN2011800CE.NFO,07/01/2020,09:20:06,325,324.15,75,326.8,75,0,52200
NIFTY09JAN2011800CE.NFO,07/01/2020,09:20:07,325,324.3,150,327.3,150,0,52200
NIFTY09JAN2011800CE.NFO,07/01/2020,09:20:08,325,324.7,75,327.3,150,0,52200
NIFTY09JAN2011800CE.NFO,07/01/2020,09:20:09,325,324.85,75,327,75,0,52200
NIFTY09JAN2011800CE.NFO,07/01/2020,09:20:11,325,324.05,450,326.9,75,0,52200
NIFTY09JAN2011800CE.NFO,07/01/2020,09:20:12,325,324.45,75,326.7,75,0,52200
NIFTY09JAN2011800CE.NFO,07/01/2020,09:20:13,325,324.5,75,326.7,75,0,52200
NIFTY09JAN2011800CE.NFO,07/01/2020,09:20:14,325,324.75,75,327.7,375,0,52200
NIFTY09JAN2011800CE.NFO,07/01/2020,09:20:15,325,325,75,327.05,75,0,52200
NIFTY09JAN2011800CE.NFO,07/01/2020,09:20:16,325,325.35,75,327.5,75,0,52200
NIFTY09JAN2011800CE.NFO,07/01/2020,09:20:17,325,325.35,75,327.3,75,0,52200
NIFTY09JAN2011800CE.NFO,07/01/2020,09:20:18,325.35,324.45,525,327.15,75,75,52050
NIFTY09JAN2011800CE.NFO,07/01/2020,09:20:19,325.35,324.45,600,327.45,75,0,52050
NIFTY09JAN2011800CE.NFO,07/01/2020,09:20:20,325.35,324.45,525,327.5,150,0,52050
NIFTY09JAN2011800CE.NFO,07/01/2020,09:20:21,325.35,324.45,75,326.75,75,0,52050
NIFTY09JAN2011800CE.NFO,07/01/2020,09:20:22,325.35,324.75,525,326.9,75,0,52050
NIFTY09JAN2011800CE.NFO,07/01/2020,09:20:23,325.35,324.95,75,326.7,75,0,52050
NIFTY09JAN2011800CE.NFO,07/01/2020,09:20:24,325.1,323.9,75,326.05,75,75,52050
NIFTY09JAN2011800CE.NFO,07/01/2020,09:20:25,325.1,323.55,450,325.95,75,0,52050
NIFTY09JAN2011800CE.NFO,07/01/2020,09:20:26,325.1,323.35,525,325.9,75,0,52050
NIFTY09JAN2011800CE.NFO,07/01/2020,09:20:27,325.1,323.7,75,326,75,0,52050
NIFTY09JAN2011800CE.NFO,07/01/2020,09:20:28,325.1,324.3,75,326.85,75,0,52050
NIFTY09JAN2011800CE.NFO,07/01/2020,09:20:29,325.1,324.6,75,326.65,75,0,52050
NIFTY09JAN2011800CE.NFO,07/01/2020,09:20:30,325.1,324.8,75,326.8,75,0,52050
NIFTY09JAN2011800CE.NFO,07/01/2020,09:20:31,325.1,324.85,75,327.1,75,0,52050
NIFTY09JAN2011800CE.NFO,07/01/2020,09:20:32,325.1,325.2,75,327.7,75,0,52050
NIFTY09JAN2011800CE.NFO,07/01/2020,09:20:33,325.1,325.4,450,327.65,150,0,52050
NIFTY09JAN2011800CE.NFO,07/01/2020,09:20:34,325.1,325.4,525,327.8,75,0,52050
NIFTY09JAN2011800CE.NFO,07/01/2020,09:20:35,325.1,325.85,450,328.3,75,0,52050
NIFTY09JAN2011800CE.NFO,07/01/2020,09:20:36,325.1,325.85,825,328.4,75,0,52050
NIFTY09JAN2011800CE.NFO,07/01/2020,09:20:37,325.1,324.6,450,327.5,75,0,52050
NIFTY09JAN2011800CE.NFO,07/01/2020,09:20:38,325.1,325.05,75,328.05,75,0,52050
NIFTY09JAN2011800CE.NFO,07/01/2020,09:20:39,325.1,325.35,75,328,75,0,52050
NIFTY09JAN2011800CE.NFO,07/01/2020,09:20:40,325.1,325.3,75,328,75,0,52050
NIFTY09JAN2011800CE.NFO,07/01/2020,09:20:41,325.1,325.65,75,327.7,150,0,52050
NIFTY09JAN2011800CE.NFO,07/01/2020,09:20:42,325.1,325.65,75,327.25,75,0,52050
NIFTY09JAN2011800CE.NFO,07/01/2020,09:20:43,325.1,325.7,75,327.85,375,0,52050
NIFTY09JAN2011800CE.NFO,07/01/2020,09:20:44,325.1,325.95,75,328.2,75,0,52050
NIFTY09JAN2011800CE.NFO,07/01/2020,09:20:45,325.1,326.1,525,328.9,75,0,52050
NIFTY09JAN2011800CE.NFO,07/01/2020,09:20:46,325.1,326.35,450,328.9,75,0,52050
NIFTY09JAN2011800CE.NFO,07/01/2020,09:20:47,325.1,326.5,75,328.55,75,0,52050
NIFTY09JAN2011800CE.NFO,07/01/2020,09:20:48,325.1,326.55,75,328.55,75,0,52050
NIFTY09JAN2011800CE.NFO,07/01/2020,09:20:49,325.1,326.55,75,328.3,75,0,52050
NIFTY09JAN2011800CE.NFO,07/01/2020,09:20:50,325.1,326.7,75,328.85,75,0,52050
NIFTY09JAN2011800CE.NFO,07/01/2020,09:20:51,326.75,326.85,450,329.05,75,375,52050
NIFTY09JAN2011800CE.NFO,07/01/2020,09:20:52,326.75,327.45,75,329.3,75,0,52050
NIFTY09JAN2011800CE.NFO,07/01/2020,09:20:53,326.75,327.5,75,329.85,75,0,52050
NIFTY09JAN2011800CE.NFO,07/01/2020,09:20:54,326.75,328.15,75,330.45,75,0,52050
NIFTY09JAN2011800CE.NFO,07/01/2020,09:20:55,326.75,329,75,331.3,150,0,52050
NIFTY09JAN2011800CE.NFO,07/01/2020,09:20:56,326.75,329.05,75,332.1,450,0,52050
NIFTY09JAN2011800CE.NFO,07/01/2020,09:20:57,326.75,328.9,450,331.4,75,0,52050
NIFTY09JAN2011800CE.NFO,07/01/2020,09:20:59,326.75,329.1,75,331.2,75,0,52050
NIFTY09JAN2011800CE.NFO,07/01/2020,09:21:00,326.75,328.05,525,330.9,75,0,52050
NIFTY09JAN2011800CE.NFO,07/01/2020,09:21:01,326.75,328.05,450,331.15,75,0,52050
NIFTY09JAN2011800CE.NFO,07/01/2020,09:21:02,326.75,327,450,329.6,75,0,52050
NIFTY09JAN2011800CE.NFO,07/01/2020,09:21:03,326.75,327.2,75,329.9,825,0,52050
NIFTY09JAN2011800CE.NFO,07/01/2020,09:21:04,326.75,326.1,75,328.6,75,0,52050
NIFTY09JAN2011800CE.NFO,07/01/2020,09:21:05,326.75,325.35,75,328.05,75,0,52050
NIFTY09JAN2011800CE.NFO,07/01/2020,09:21:06,326.75,325.65,75,327.8,75,0,52050
NIFTY09JAN2011800CE.NFO,07/01/2020,09:21:07,326.75,324.7,450,327.55,75,0,52050
NIFTY09JAN2011800CE.NFO,07/01/2020,09:21:08,326.75,324.9,75,327.55,75,0,52050
NIFTY09JAN2011800CE.NFO,07/01/2020,09:21:09,326.75,326.1,75,328.65,375,0,52050
NIFTY09JAN2011800CE.NFO,07/01/2020,09:21:10,326.75,326.5,75,328.95,75,0,52050
NIFTY09JAN2011800CE.NFO,07/01/2020,09:21:11,326.75,327.6,75,330.5,75,0,52050
NIFTY09JAN2011800CE.NFO,07/01/2020,09:21:12,326.75,327.8,75,330.75,75,0,52050
NIFTY09JAN2011800CE.NFO,07/01/2020,09:21:13,326.75,328.3,450,331.1,75,0,52050
NIFTY09JAN2011800CE.NFO,07/01/2020,09:21:14,326.75,328.3,450,331,75,0,52050
NIFTY09JAN2011800CE.NFO,07/01/2020,09:21:15,326.75,328.65,75,331.35,75,0,52050
NIFTY09JAN2011800CE.NFO,07/01/2020,09:21:16,326.75,329.15,75,331.35,75,0,52050
NIFTY09JAN2011800CE.NFO,07/01/2020,09:21:17,326.75,328.3,75,331.45,450,0,52050
NIFTY09JAN2011800CE.NFO,07/01/2020,09:21:18,326.75,328.85,75,331.45,450,0,52050
NIFTY09JAN2011800CE.NFO,07/01/2020,09:21:19,326.75,328.8,450,330.4,75,0,52050
NIFTY09JAN2011800CE.NFO,07/01/2020,09:21:20,326.75,328.9,75,330,75,0,52050
NIFTY09JAN2011800CE.NFO,07/01/2020,09:21:21,330,328.6,75,331.1,75,75,52050
NIFTY09JAN2011800CE.NFO,07/01/2020,09:21:21,330,328.6,75,331.1,75,0,52050
NIFTY09JAN2011800CE.NFO,07/01/2020,09:21:22,330,328.2,150,330.55,75,0,52050
NIFTY09JAN2011800CE.NFO,07/01/2020,09:21:23,330,327.55,75,328.85,75,0,52050
NIFTY09JAN2011800CE.NFO,07/01/2020,09:21:24,330,327.65,75,329.5,75,0,52050
NIFTY09JAN2011800CE.NFO,07/01/2020,09:21:25,328.35,327.15,75,329.85,450,75,52050
NIFTY09JAN2011800CE.NFO,07/01/2020,09:21:26,328.7,327.45,75,329.9,75,150,52050
NIFTY09JAN2011800CE.NFO,07/01/2020,09:21:27,328.7,327.65,75,328.6,75,0,52050
NIFTY09JAN2011800CE.NFO,07/01/2020,09:21:28,328.7,328,75,328.65,75,0,52050
NIFTY09JAN2011800CE.NFO,07/01/2020,09:21:29,329,328.25,75,330.25,75,75,52050
NIFTY09JAN2011800CE.NFO,07/01/2020,09:21:30,328.95,328,75,329.1,75,150,52050
NIFTY09JAN2011800CE.NFO,07/01/2020,09:21:31,328.95,327.2,75,328.5,75,0,52050
NIFTY09JAN2011800CE.NFO,07/01/2020,09:21:32,328.45,326.85,75,328.2,75,75,52050
NIFTY09JAN2011800CE.NFO,07/01/2020,09:21:33,327.45,326.25,75,328.65,75,75,52050
NIFTY09JAN2011800CE.NFO,07/01/2020,09:21:34,327.45,326.4,75,327.65,75,0,52050
NIFTY09JAN2011800CE.NFO,07/01/2020,09:21:35,327.45,326.45,150,329.05,450,0,52050
NIFTY09JAN2011800CE.NFO,07/01/2020,09:21:36,327.45,326.5,75,327.8,75,0,52050
NIFTY09JAN2011800CE.NFO,07/01/2020,09:21:37,327.45,326.4,75,328.7,75,0,52050
NIFTY09JAN2011800CE.NFO,07/01/2020,09:21:38,327.45,326.45,75,327.65,75,0,52050
NIFTY09JAN2011800CE.NFO,07/01/2020,09:21:39,327.45,326.7,225,328.75,75,0,52050
NIFTY09JAN2011800CE.NFO,07/01/2020,09:21:40,327.45,326.9,525,328.35,75,0,52050
NIFTY09JAN2011800CE.NFO,07/01/2020,09:21:41,327.45,327.3,75,328.75,75,0,52050
NIFTY09JAN2011800CE.NFO,07/01/2020,09:21:42,328.85,328.65,75,330.45,375,75,52050
NIFTY09JAN2011800CE.NFO,07/01/2020,09:21:43,328.6,328,75,329.1,75,75,52050
NIFTY09JAN2011800CE.NFO,07/01/2020,09:21:44,329.75,328.7,75,330,75,75,52050
NIFTY09JAN2011800CE.NFO,07/01/2020,09:21:45,330.1,329.2,75,330.3,75,75,52050
NIFTY09JAN2011800CE.NFO,07/01/2020,09:21:45,330.1,329.2,75,330.3,75,0,52050
NIFTY09JAN2011800CE.NFO,07/01/2020,09:21:46,330.1,328.95,75,330.1,75,0,52050
NIFTY09JAN2011800CE.NFO,07/01/2020,09:21:47,328.95,328.75,150,330.05,75,75,52050
NIFTY09JAN2011800CE.NFO,07/01/2020,09:21:48,328.95,328.4,75,329.65,75,0,52050
NIFTY09JAN2011800CE.NFO,07/01/2020,09:21:49,328.95,328.3,150,329.55,75,0,52050
NIFTY09JAN2011800CE.NFO,07/01/2020,09:21:50,328.95,329.1,75,330.15,75,0,52050
NIFTY09JAN2011800CE.NFO,07/01/2020,09:21:51,328.95,328.7,75,330.05,75,0,52050
NIFTY09JAN2011800CE.NFO,07/01/2020,09:21:52,328.95,328.75,75,330.65,150,0,52050
NIFTY09JAN2011800CE.NFO,07/01/2020,09:21:53,328.95,328.95,75,330.5,75,0,52050
NIFTY09JAN2011800CE.NFO,07/01/2020,09:21:54,328.95,327.95,450,330.5,75,0,52050
NIFTY09JAN2011800CE.NFO,07/01/2020,09:21:55,328.95,328.65,75,330.95,150,0,52050
NIFTY09JAN2011800CE.NFO,07/01/2020,09:21:56,329.55,328.65,75,329.8,75,75,52050
NIFTY09JAN2011800CE.NFO,07/01/2020,09:21:57,329.55,328.1,75,329.3,75,0,52050
NIFTY09JAN2011800CE.NFO,07/01/2020,09:21:58,329.65,329,75,331.2,150,150,52050
NIFTY09JAN2011800CE.NFO,07/01/2020,09:21:59,330.2,329.35,75,330.45,75,75,52050
NIFTY09JAN2011800CE.NFO,07/01/2020,09:21:59,330.2,329.35,75,330.45,75,0,52050
NIFTY09JAN2011800CE.NFO,07/01/2020,09:22:00,330.2,329.45,75,331.65,75,0,52050
NIFTY09JAN2011800CE.NFO,07/01/2020,09:22:01,330.55,329.55,75,331.6,75,75,52050
NIFTY09JAN2011800CE.NFO,07/01/2020,09:22:01,330.55,329.55,75,331.6,75,0,52050
NIFTY09JAN2011800CE.NFO,07/01/2020,09:22:02,330.55,330.15,75,331.85,75,0,52050
NIFTY09JAN2011800CE.NFO,07/01/2020,09:22:03,330.55,330.2,75,331.85,75,0,52050
NIFTY09JAN2011800CE.NFO,07/01/2020,09:22:04,331.85,332.45,75,333.65,75,75,52050
NIFTY09JAN2011800CE.NFO,07/01/2020,09:22:04,331.85,332.45,75,333.65,75,0,52050
NIFTY09JAN2011800CE.NFO,07/01/2020,09:22:05,331.85,332.25,75,335.05,75,0,52050
NIFTY09JAN2011800CE.NFO,07/01/2020,09:22:06,331.85,332.7,450,334.3,75,0,52050
NIFTY09JAN2011800CE.NFO,07/01/2020,09:22:07,331.85,333.1,75,335.2,75,0,52050
NIFTY09JAN2011800CE.NFO,07/01/2020,09:22:08,331.85,331.4,825,334.5,150,0,52050
NIFTY09JAN2011800CE.NFO,07/01/2020,09:22:09,331.85,330.75,525,334.05,225,0,52050
NIFTY09JAN2011800CE.NFO,07/01/2020,09:22:10,331.85,330.75,525,333.7,75,0,52050
NIFTY09JAN2011800CE.NFO,07/01/2020,09:22:11,331.85,331.2,150,334.15,75,0,52050
NIFTY09JAN2011800CE.NFO,07/01/2020,09:22:12,331.85,331.3,75,333.65,75,0,52050
NIFTY09JAN2011800CE.NFO,07/01/2020,09:22:13,331.85,330.8,75,333.45,75,0,52050
NIFTY09JAN2011800CE.NFO,07/01/2020,09:22:14,332.25,331.15,75,333.75,375,150,52050
NIFTY09JAN2011800CE.NFO,07/01/2020,09:22:14,332.25,331.15,75,333.75,375,0,52050
NIFTY09JAN2011800CE.NFO,07/01/2020,09:22:15,332.25,331.35,75,333.8,75,0,52050
NIFTY09JAN2011800CE.NFO,07/01/2020,09:22:16,332.25,332.5,75,333.8,75,0,52050
NIFTY09JAN2011800CE.NFO,07/01/2020,09:22:17,332.25,332.85,525,334.1,75,0,52050
NIFTY09JAN2011800CE.NFO,07/01/2020,09:22:18,332.25,334.2,75,336.3,75,0,52050
NIFTY09JAN2011800CE.NFO,07/01/2020,09:22:19,332.25,333.9,450,335.55,75,0,52050
NIFTY09JAN2011800CE.NFO,07/01/2020,09:22:20,332.25,333.35,75,336.25,375,0,52050
NIFTY09JAN2011800CE.NFO,07/01/2020,09:22:21,332.25,333.4,75,334.8,75,0,52050
NIFTY09JAN2011800CE.NFO,07/01/2020,09:22:22,332.25,333.35,75,334.7,75,0,52050
NIFTY09JAN2011800CE.NFO,07/01/2020,09:22:23,332.25,333.8,75,335.25,75,0,52050
NIFTY09JAN2011800CE.NFO,07/01/2020,09:22:24,332.25,334.15,75,336.85,75,0,52050
NIFTY09JAN2011800CE.NFO,07/01/2020,09:22:25,332.25,334.35,75,335.8,75,0,52050
NIFTY09JAN2011800CE.NFO,07/01/2020,09:22:26,332.25,334.45,75,336.65,75,0,52050
NIFTY09JAN2011800CE.NFO,07/01/2020,09:22:27,332.25,334.1,450,336.8,75,0,52050
NIFTY09JAN2011800CE.NFO,07/01/2020,09:22:28,332.25,334.6,75,336.95,450,0,52050
NIFTY09JAN2011800CE.NFO,07/01/2020,09:22:29,332.25,332.9,450,334.35,75,0,52050
NIFTY09JAN2011800CE.NFO,07/01/2020,09:22:30,332.25,333,75,334.1,75,0,52050
NIFTY09JAN2011800CE.NFO,07/01/2020,09:22:31,332.25,332.2,450,335.1,75,0,52050
NIFTY09JAN2011800CE.NFO,07/01/2020,09:22:32,332.25,332.4,75,335.1,375,0,52050
NIFTY09JAN2011800CE.NFO,07/01/2020,09:22:33,332.25,332.5,75,333.9,75,0,52050
NIFTY09JAN2011800CE.NFO,07/01/2020,09:22:34,332.25,333.25,75,335.4,75,0,52050
NIFTY09JAN2011800CE.NFO,07/01/2020,09:22:35,332.25,332.4,75,335,75,0,52050
NIFTY09JAN2011800CE.NFO,07/01/2020,09:22:36,332.25,332.85,75,334.35,75,0,52050
NIFTY09JAN2011800CE.NFO,07/01/2020,09:22:37,332.25,333.3,75,335.85,375,0,52050
NIFTY09JAN2011800CE.NFO,07/01/2020,09:22:38,332.25,332.65,450,335.1,75,0,52050
NIFTY09JAN2011800CE.NFO,07/01/2020,09:22:39,332.25,333.1,75,335.85,375,0,52050
NIFTY09JAN2011800CE.NFO,07/01/2020,09:22:40,332.25,332.85,75,335.5,75,0,52050
NIFTY09JAN2011800CE.NFO,07/01/2020,09:22:41,334.25,333.05,75,334.55,75,75,52050
NIFTY09JAN2011800CE.NFO,07/01/2020,09:22:41,334.25,333.05,75,334.55,75,0,52050
NIFTY09JAN2011800CE.NFO,07/01/2020,09:22:42,334.25,333.3,75,334.55,75,0,52050
NIFTY09JAN2011800CE.NFO,07/01/2020,09:22:43,334.25,333.3,75,335.3,375,0,52050
NIFTY09JAN2011800CE.NFO,07/01/2020,09:22:44,334.25,332.35,75,333.85,375,0,52050
NIFTY09JAN2011800CE.NFO,07/01/2020,09:22:45,334.25,332.3,75,334.9,450,0,52050
NIFTY09JAN2011800CE.NFO,07/01/2020,09:22:46,334.25,332.45,75,333.5,75,0,52050
NIFTY09JAN2011800CE.NFO,07/01/2020,09:22:47,334.25,331.7,450,334.4,75,0,52050
NIFTY09JAN2011800CE.NFO,07/01/2020,09:22:48,334.25,331.9,75,334.25,375,0,52050
NIFTY09JAN2011800CE.NFO,07/01/2020,09:22:49,334.25,332.35,75,334.55,75,0,52050
NIFTY09JAN2011800CE.NFO,07/01/2020,09:22:50,334.25,332.55,75,334.6,75,0,52050
NIFTY09JAN2011800CE.NFO,07/01/2020,09:22:51,334.25,332.8,75,334.3,75,0,52050
NIFTY09JAN2011800CE.NFO,07/01/2020,09:22:52,334.25,332.95,75,334.8,75,0,52050
NIFTY09JAN2011800CE.NFO,07/01/2020,09:22:53,334.25,333.3,75,334.9,75,0,52050
NIFTY09JAN2011800CE.NFO,07/01/2020,09:22:54,334.25,333.65,75,336.1,75,0,52050
NIFTY09JAN2011800CE.NFO,07/01/2020,09:22:55,334.25,334.05,75,335.45,75,0,52050
NIFTY09JAN2011800CE.NFO,07/01/2020,09:22:56,334.25,334.1,75,335.35,75,0,52050
NIFTY09JAN2011800CE.NFO,07/01/2020,09:22:57,334.25,334.2,75,336.05,75,0,52050
NIFTY09JAN2011800CE.NFO,07/01/2020,09:22:58,334.25,333.5,150,336.4,75,0,52050
NIFTY09JAN2011800CE.NFO,07/01/2020,09:22:59,334.25,333.65,75,335.65,75,0,52050
NIFTY09JAN2011800CE.NFO,07/01/2020,09:23:00,334.25,333.1,75,334.5,75,0,52050
NIFTY09JAN2011800CE.NFO,07/01/2020,09:23:01,334.25,333.25,75,334.6,75,0,52050
NIFTY09JAN2011800CE.NFO,07/01/2020,09:23:02,334.1,333.3,75,334.45,75,75,52050
NIFTY09JAN2011800CE.NFO,07/01/2020,09:23:03,334.1,333.25,75,334.35,75,0,52050
NIFTY09JAN2011800CE.NFO,07/01/2020,09:23:04,334.1,333.2,150,334.35,75,0,52050
NIFTY09JAN2011800CE.NFO,07/01/2020,09:23:05,334.1,333.35,75,335.5,75,0,52050
NIFTY09JAN2011800CE.NFO,07/01/2020,09:23:06,334.1,333.35,150,334.55,75,0,52050
NIFTY09JAN2011800CE.NFO,07/01/2020,09:23:07,334.1,333,75,334.15,75,0,52050
NIFTY09JAN2011800CE.NFO,07/01/2020,09:23:08,334.1,332.9,150,334.05,75,0,52050
NIFTY09JAN2011800CE.NFO,07/01/2020,09:23:09,334.1,332.55,75,333.65,75,0,52050
NIFTY09JAN2011800CE.NFO,07/01/2020,09:23:10,334.1,332.75,75,333.9,75,0,52050
NIFTY09JAN2011800CE.NFO,07/01/2020,09:23:11,334.1,332.2,75,334.7,150,0,52050
NIFTY09JAN2011800CE.NFO,07/01/2020,09:23:12,334.1,332.55,75,334.05,75,0,52050
NIFTY09JAN2011800CE.NFO,07/01/2020,09:23:13,334.1,332.05,75,333.75,75,0,52050
NIFTY09JAN2011800CE.NFO,07/01/2020,09:23:14,334.1,331.8,75,333.4,75,0,52050
NIFTY09JAN2011800CE.NFO,07/01/2020,09:23:15,334.1,332,75,333.75,75,0,52050
NIFTY09JAN2011800CE.NFO,07/01/2020,09:23:16,332,331.45,150,332.8,75,225,53700
NIFTY09JAN2011800CE.NFO,07/01/2020,09:23:17,332,331.5,75,332.9,75,0,53700
NIFTY09JAN2011800CE.NFO,07/01/2020,09:23:18,332,331.6,75,333.65,75,0,53700
NIFTY09JAN2011800CE.NFO,07/01/2020,09:23:19,332,332,75,333.75,75,0,53700
NIFTY09JAN2011800CE.NFO,07/01/2020,09:23:20,332,332.15,75,334.65,375,0,53700
NIFTY09JAN2011800CE.NFO,07/01/2020,09:23:21,332,332.2,450,334.5,75,0,53700
NIFTY09JAN2011800CE.NFO,07/01/2020,09:23:22,332,332.65,75,333.6,75,0,53700
NIFTY09JAN2011800CE.NFO,07/01/2020,09:23:23,332.7,332.15,150,334.35,75,75,53700
NIFTY09JAN2011800CE.NFO,07/01/2020,09:23:24,332.55,332.75,75,334.85,75,75,53700
NIFTY09JAN2011800CE.NFO,07/01/2020,09:23:25,332.55,333.1,75,333.85,75,0,53700
NIFTY09JAN2011800CE.NFO,07/01/2020,09:23:26,332.55,332.7,150,334.95,75,0,53700
NIFTY09JAN2011800CE.NFO,07/01/2020,09:23:27,332.7,332.25,75,333.5,75,150,53700
NIFTY09JAN2011800CE.NFO,07/01/2020,09:23:28,332.7,332.2,75,334.6,75,0,53700
NIFTY09JAN2011800CE.NFO,07/01/2020,09:23:30,332.7,332.3,75,334.7,75,0,53700
NIFTY09JAN2011800CE.NFO,07/01/2020,09:23:31,332.7,332.15,75,334.65,150,0,53700
NIFTY09JAN2011800CE.NFO,07/01/2020,09:23:32,332.7,332.75,75,333.85,75,0,53700
NIFTY09JAN2011800CE.NFO,07/01/2020,09:23:33,332.7,332.25,75,333.6,75,0,53700
NIFTY09JAN2011800CE.NFO,07/01/2020,09:23:34,332.7,331.95,75,334.1,75,0,53700
NIFTY09JAN2011800CE.NFO,07/01/2020,09:23:35,332.7,332.3,75,333.4,75,0,53700
NIFTY09JAN2011800CE.NFO,07/01/2020,09:23:36,332.7,332.4,525,334.5,75,0,53700
NIFTY09JAN2011800CE.NFO,07/01/2020,09:23:37,332.7,332.65,75,333.75,75,0,53700
NIFTY09JAN2011800CE.NFO,07/01/2020,09:23:38,332.7,332.8,150,334.65,150,0,53700
NIFTY09JAN2011800CE.NFO,07/01/2020,09:23:39,332.7,332.1,75,334.1,75,0,53700
NIFTY09JAN2011800CE.NFO,07/01/2020,09:23:40,332.7,331.85,75,334.1,75,0,53700
NIFTY09JAN2011800CE.NFO,07/01/2020,09:23:41,332.7,331.55,75,333.65,75,0,53700
NIFTY09JAN2011800CE.NFO,07/01/2020,09:23:42,332.7,331.25,450,333.65,75,0,53700
NIFTY09JAN2011800CE.NFO,07/01/2020,09:23:43,332.7,331.6,75,333.55,450,0,53700
NIFTY09JAN2011800CE.NFO,07/01/2020,09:23:44,332.7,331.2,75,333.35,75,0,53700
NIFTY09JAN2011800CE.NFO,07/01/2020,09:23:45,332.7,331.4,75,333.2,75,0,53700
NIFTY09JAN2011800CE.NFO,07/01/2020,09:23:46,332.7,331.8,75,333.45,75,0,53700
NIFTY09JAN2011800CE.NFO,07/01/2020,09:23:48,332.7,332.15,75,334.1,75,0,53700
NIFTY09JAN2011800CE.NFO,07/01/2020,09:23:49,332.7,332.4,75,334.1,75,0,53700
NIFTY09JAN2011800CE.NFO,07/01/2020,09:23:50,332.7,332.55,225,334.55,75,0,53700
NIFTY09JAN2011800CE.NFO,07/01/2020,09:23:52,332.7,332.8,75,334.85,75,0,53700
NIFTY09JAN2011800CE.NFO,07/01/2020,09:23:53,332.7,333.3,75,334.95,375,0,53700
NIFTY09JAN2011800CE.NFO,07/01/2020,09:23:54,332.7,333.45,75,335,4950,0,53700
NIFTY09JAN2011800CE.NFO,07/01/2020,09:23:55,332.7,333.65,75,335,4950,0,53700
NIFTY09JAN2011800CE.NFO,07/01/2020,09:23:56,332.7,333.25,150,335,4950,0,53700
NIFTY09JAN2011800CE.NFO,07/01/2020,09:23:57,335,333.55,75,335,4800,150,53700
NIFTY09JAN2011800CE.NFO,07/01/2020,09:23:57,335,333.55,75,335,4800,0,53700
NIFTY09JAN2011800CE.NFO,07/01/2020,09:23:58,335,334.1,450,335,3975,825,53700
NIFTY09JAN2011800CE.NFO,07/01/2020,09:23:59,335,333.9,525,335,3675,300,53700
NIFTY09JAN2011800CE.NFO,07/01/2020,09:24:00,333.7,333.75,300,335,3675,450,53700
NIFTY09JAN2011800CE.NFO,07/01/2020,09:24:01,333.7,333.75,300,335,3675,0,53700
NIFTY09JAN2011800CE.NFO,07/01/2020,09:24:03,333.7,333.85,75,335,3675,0,53700
NIFTY09JAN2011800CE.NFO,07/01/2020,09:24:04,333.7,332.35,300,334.95,150,0,53700
NIFTY09JAN2011800CE.NFO,07/01/2020,09:24:05,333.7,332.4,150,334.95,150,0,53700
NIFTY09JAN2011800CE.NFO,07/01/2020,09:24:06,333.7,333.05,300,335,3675,0,53700
NIFTY09JAN2011800CE.NFO,07/01/2020,09:24:07,333.7,333.05,375,335,3675,0,53700
NIFTY09JAN2011800CE.NFO,07/01/2020,09:24:08,333.7,333.05,300,334.95,150,0,53700
NIFTY09JAN2011800CE.NFO,07/01/2020,09:24:09,333.7,332.3,300,334.95,150,0,53700
NIFTY09JAN2011800CE.NFO,07/01/2020,09:24:10,333.7,332.3,375,334.8,75,0,53700
NIFTY09JAN2011800CE.NFO,07/01/2020,09:24:11,333.7,332.6,75,334.65,150,0,53700
NIFTY09JAN2011800CE.NFO,07/01/2020,09:24:12,333.7,332.2,150,334.65,150,0,53700
NIFTY09JAN2011800CE.NFO,07/01/2020,09:24:13,333.7,331.85,300,334.55,75,0,53700
NIFTY09JAN2011800CE.NFO,07/01/2020,09:24:14,333.7,332.3,150,334.9,375,0,53700
NIFTY09JAN2011800CE.NFO,07/01/2020,09:24:15,333.7,332.25,75,334.75,75,0,53700
NIFTY09JAN2011800CE.NFO,07/01/2020,09:24:17,333.7,332.15,75,334.7,75,0,53700
NIFTY09JAN2011800CE.NFO,07/01/2020,09:24:18,333.7,332.4,75,334.35,75,0,53700
NIFTY09JAN2011800CE.NFO,07/01/2020,09:24:19,333.7,331.35,450,333.9,75,0,53700
NIFTY09JAN2011800CE.NFO,07/01/2020,09:24:21,333.7,331.35,450,334.1,225,0,53700
NIFTY09JAN2011800CE.NFO,07/01/2020,09:24:22,333.7,331.7,75,333.9,75,0,53700
NIFTY09JAN2011800CE.NFO,07/01/2020,09:24:23,333.7,332,75,334.5,375,0,53700
NIFTY09JAN2011800CE.NFO,07/01/2020,09:24:24,333.7,331.35,150,333.85,75,0,53700
NIFTY09JAN2011800CE.NFO,07/01/2020,09:24:25,333.7,331.4,375,334,75,0,53700
NIFTY09JAN2011800CE.NFO,07/01/2020,09:24:26,331.4,331.45,75,334.1,75,375,53700
NIFTY09JAN2011800CE.NFO,07/01/2020,09:24:27,331.4,331.4,150,333.75,75,0,53700
NIFTY09JAN2011800CE.NFO,07/01/2020,09:24:28,331.4,331.35,150,333.65,75,0,53700
NIFTY09JAN2011800CE.NFO,07/01/2020,09:24:29,331.35,331.3,75,333.4,375,75,53700
NIFTY09JAN2011800CE.NFO,07/01/2020,09:24:30,331.35,331.4,75,333.85,375,0,53700
NIFTY09JAN2011800CE.NFO,07/01/2020,09:24:31,331.35,331,75,333.05,75,0,53700
NIFTY09JAN2011800CE.NFO,07/01/2020,09:24:32,331.35,331,75,332.95,75,0,53700
NIFTY09JAN2011800CE.NFO,07/01/2020,09:24:33,331.35,331.05,75,332.8,75,0,53700
NIFTY09JAN2011800CE.NFO,07/01/2020,09:24:34,331.35,330.55,75,333.3,525,0,53700
NIFTY09JAN2011800CE.NFO,07/01/2020,09:24:35,331.35,330.2,150,332.35,75,0,53700
NIFTY09JAN2011800CE.NFO,07/01/2020,09:24:36,331.35,330.6,75,332.25,75,0,53700
NIFTY09JAN2011800CE.NFO,07/01/2020,09:24:37,331.35,330.75,75,332.85,75,0,53700
NIFTY09JAN2011800CE.NFO,07/01/2020,09:24:38,331.35,330.85,75,333,75,0,53700
NIFTY09JAN2011800CE.NFO,07/01/2020,09:24:39,331.35,330.2,75,332.5,75,0,53700
NIFTY09JAN2011800CE.NFO,07/01/2020,09:24:40,331.35,330.2,75,332.75,75,0,53700
NIFTY09JAN2011800CE.NFO,07/01/2020,09:24:41,331.35,330.5,75,332.65,75,0,53700
NIFTY09JAN2011800CE.NFO,07/01/2020,09:24:42,331.35,330.7,75,332.65,75,0,53700
NIFTY09JAN2011800CE.NFO,07/01/2020,09:24:43,331.35,330.9,75,332.65,75,0,53700
NIFTY09JAN2011800CE.NFO,07/01/2020,09:24:44,331.35,330.15,75,332.5,450,0,53700
NIFTY09JAN2011800CE.NFO,07/01/2020,09:24:45,330.4,330.25,75,332.25,75,75,53700
NIFTY09JAN2011800CE.NFO,07/01/2020,09:24:46,330.4,330.15,75,332.25,75,0,53700
NIFTY09JAN2011800CE.NFO,07/01/2020,09:24:47,330.4,330.15,75,332.2,75,0,53700
NIFTY09JAN2011800CE.NFO,07/01/2020,09:24:48,330.4,330.15,75,332.35,150,0,53700
NIFTY09JAN2011800CE.NFO,07/01/2020,09:24:49,330.4,330.2,75,332.2,75,0,53700
NIFTY09JAN2011800CE.NFO,07/01/2020,09:24:50,330.4,330.6,75,332.65,75,0,53700
NIFTY09JAN2011800CE.NFO,07/01/2020,09:24:51,330.4,330.7,75,332.85,75,0,53700
NIFTY09JAN2011800CE.NFO,07/01/2020,09:24:52,330.4,330.75,75,333.15,375,0,53700
NIFTY09JAN2011800CE.NFO,07/01/2020,09:24:53,330.4,330.75,75,332.55,75,0,53700
NIFTY09JAN2011800CE.NFO,07/01/2020,09:24:54,330.4,330.25,75,332.4,75,0,53700
NIFTY09JAN2011800CE.NFO,07/01/2020,09:24:55,330.4,330.25,75,332.3,75,0,53700
NIFTY09JAN2011800CE.NFO,07/01/2020,09:24:56,330.4,330.35,75,332.05,75,0,53700
NIFTY09JAN2011800CE.NFO,07/01/2020,09:24:57,330.4,330.55,75,332.35,75,0,53700
NIFTY09JAN2011800CE.NFO,07/01/2020,09:24:58,330.4,330.8,75,332.6,75,0,53700
NIFTY09JAN2011800CE.NFO,07/01/2020,09:24:59,330.4,330.05,150,332.15,75,0,53700
NIFTY09JAN2011800CE.NFO,07/01/2020,09:25:00,330.4,330.05,150,332.25,75,0,53700
NIFTY09JAN2011800CE.NFO,07/01/2020,09:25:01,330.4,330.05,150,332.5,75,0,53700
NIFTY09JAN2011800CE.NFO,07/01/2020,09:25:02,330.4,330.8,75,332.7,75,0,53700
NIFTY09JAN2011800CE.NFO,07/01/2020,09:25:03,330.4,331.55,75,333.1,75,0,53700
NIFTY09JAN2011800CE.NFO,07/01/2020,09:25:04,330.4,331.55,75,333.65,75,0,53700
NIFTY09JAN2011800CE.NFO,07/01/2020,09:25:05,330.4,332.15,75,334.1,375,0,53700
NIFTY09JAN2011800CE.NFO,07/01/2020,09:25:06,331.8,332,75,333.8,75,75,53700
NIFTY09JAN2011800CE.NFO,07/01/2020,09:25:07,331.8,332,75,333.9,75,0,53700
NIFTY09JAN2011800CE.NFO,07/01/2020,09:25:08,331.8,331.7,75,333.7,75,0,53700
NIFTY09JAN2011800CE.NFO,07/01/2020,09:25:09,331.8,330.6,75,333.05,75,0,53700
NIFTY09JAN2011800CE.NFO,07/01/2020,09:25:10,331.8,330.65,75,333.15,75,0,53700
NIFTY09JAN2011800CE.NFO,07/01/2020,09:25:11,331.8,331.05,75,332.7,75,0,53700
NIFTY09JAN2011800CE.NFO,07/01/2020,09:25:12,331.8,331.2,75,333.05,75,0,53700
NIFTY09JAN2011800CE.NFO,07/01/2020,09:25:13,331.8,331.35,75,332.75,75,0,53700
NIFTY09JAN2011800CE.NFO,07/01/2020,09:25:14,331.8,331.35,75,332.9,75,0,53700
NIFTY09JAN2011800CE.NFO,07/01/2020,09:25:15,330.4,330.65,150,332.85,75,75,53700
NIFTY09JAN2011800CE.NFO,07/01/2020,09:25:16,330.4,330.65,75,332.65,75,0,53700
NIFTY09JAN2011800CE.NFO,07/01/2020,09:25:17,330.4,330.8,75,332.8,75,0,53700
NIFTY09JAN2011800CE.NFO,07/01/2020,09:25:18,330.4,330.9,75,332.85,75,0,53700
NIFTY09JAN2011800CE.NFO,07/01/2020,09:25:19,330.4,330.95,75,332.85,75,0,53700
NIFTY09JAN2011800CE.NFO,07/01/2020,09:25:20,330.4,331,75,332.85,75,0,53700
NIFTY09JAN2011800CE.NFO,07/01/2020,09:25:21,330.4,330.85,150,333.25,75,0,53700
NIFTY09JAN2011800CE.NFO,07/01/2020,09:25:22,330.4,331.05,75,333.25,150,0,53700
NIFTY09JAN2011800CE.NFO,07/01/2020,09:25:23,330.4,331.15,150,334.1,75,0,53700
NIFTY09JAN2011800CE.NFO,07/01/2020,09:25:24,330.4,331.2,75,333.45,75,0,53700
NIFTY09JAN2011800CE.NFO,07/01/2020,09:25:25,330.4,331.25,75,333.25,75,0,53700
NIFTY09JAN2011800CE.NFO,07/01/2020,09:25:26,330.4,331.25,75,332.85,75,0,53700
NIFTY09JAN2011800CE.NFO,07/01/2020,09:25:27,330.4,331.25,75,332.75,75,0,53700
NIFTY09JAN2011800CE.NFO,07/01/2020,09:25:28,330.4,330.35,75,332.85,75,0,53700
NIFTY09JAN2011800CE.NFO,07/01/2020,09:25:30,330.4,330.4,75,332.4,375,0,53700
NIFTY09JAN2011800CE.NFO,07/01/2020,09:25:31,330.4,330.65,75,332.3,75,0,53700
NIFTY09JAN2011800CE.NFO,07/01/2020,09:25:32,330.4,329.9,75,332.15,75,0,53700
NIFTY09JAN2011800CE.NFO,07/01/2020,09:25:33,330.4,330.1,75,333.15,75,0,53700
NIFTY09JAN2011800CE.NFO,07/01/2020,09:25:34,330.4,329.95,450,333.15,75,0,53700
NIFTY09JAN2011800CE.NFO,07/01/2020,09:25:35,330.4,330,75,332.1,75,0,53700
NIFTY09JAN2011800CE.NFO,07/01/2020,09:25:36,330.4,330.15,75,332.25,75,0,53700
NIFTY09JAN2011800CE.NFO,07/01/2020,09:25:37,330.4,330.3,150,331.95,75,0,53700
NIFTY09JAN2011800CE.NFO,07/01/2020,09:25:38,330.4,329.9,525,331.9,375,0,53700
NIFTY09JAN2011800CE.NFO,07/01/2020,09:25:39,330.4,329.95,75,332.05,75,0,53700
NIFTY09JAN2011800CE.NFO,07/01/2020,09:25:40,330.4,330.35,75,332.05,75,0,53700
NIFTY09JAN2011800CE.NFO,07/01/2020,09:25:41,330.4,330.5,75,332.2,75,0,53700
NIFTY09JAN2011800CE.NFO,07/01/2020,09:25:42,330.4,330.55,75,332.2,75,0,53700
NIFTY09JAN2011800CE.NFO,07/01/2020,09:25:43,330.4,330.6,75,332.45,75,0,53700
NIFTY09JAN2011800CE.NFO,07/01/2020,09:25:44,330.4,330.4,450,332.6,75,0,53700
NIFTY09JAN2011800CE.NFO,07/01/2020,09:25:45,330.4,330,450,332.3,75,0,53700
NIFTY09JAN2011800CE.NFO,07/01/2020,09:25:46,330.4,330.35,75,332.4,75,0,53700
NIFTY09JAN2011800CE.NFO,07/01/2020,09:25:47,330.4,330.5,75,332.85,75,0,53700
NIFTY09JAN2011800CE.NFO,07/01/2020,09:25:48,330.4,330.55,150,332.95,75,0,53700
NIFTY09JAN2011800CE.NFO,07/01/2020,09:25:49,330.4,331,75,333.45,75,0,53700
NIFTY09JAN2011800CE.NFO,07/01/2020,09:25:51,330.4,331.45,75,333.3,75,0,53700
NIFTY09JAN2011800CE.NFO,07/01/2020,09:25:52,330.4,330.9,75,333.1,75,0,53700
NIFTY09JAN2011800CE.NFO,07/01/2020,09:25:53,330.4,331.15,75,333.55,75,0,53700
NIFTY09JAN2011800CE.NFO,07/01/2020,09:25:54,330.4,331.2,150,333,75,0,53700
NIFTY09JAN2011800CE.NFO,07/01/2020,09:25:55,330.4,331.3,150,333.55,75,0,53700
NIFTY09JAN2011800CE.NFO,07/01/2020,09:25:56,330.4,331.35,75,332.85,75,0,53700
NIFTY09JAN2011800CE.NFO,07/01/2020,09:25:57,330.4,330.85,450,332.55,75,0,53700
NIFTY09JAN2011800CE.NFO,07/01/2020,09:25:58,330.4,330.65,75,332.5,75,0,53700
NIFTY09JAN2011800CE.NFO,07/01/2020,09:25:59,330.4,330.65,75,333.5,375,0,53700
NIFTY09JAN2011800CE.NFO,07/01/2020,09:26:00,330.4,330.65,75,331.95,75,0,53700
NIFTY09JAN2011800CE.NFO,07/01/2020,09:26:01,330.4,329.6,75,332.15,375,0,53700
NIFTY09JAN2011800CE.NFO,07/01/2020,09:26:02,330.4,329.8,75,331.45,75,0,53700
NIFTY09JAN2011800CE.NFO,07/01/2020,09:26:03,330.4,328.8,450,331.9,75,0,53700
NIFTY09JAN2011800CE.NFO,07/01/2020,09:26:04,330.4,329,75,331.15,75,0,53700
NIFTY09JAN2011800CE.NFO,07/01/2020,09:26:05,330.4,329.15,75,331.2,75,0,53700
NIFTY09JAN2011800CE.NFO,07/01/2020,09:26:06,330.4,329.4,75,331.15,75,0,53700
NIFTY09JAN2011800CE.NFO,07/01/2020,09:26:07,330.4,329.45,450,331.55,75,0,53700
NIFTY09JAN2011800CE.NFO,07/01/2020,09:26:08,330.4,329.45,450,331.7,75,0,53700
NIFTY09JAN2011800CE.NFO,07/01/2020,09:26:09,330.4,329.45,450,331.4,75,0,53700
NIFTY09JAN2011800CE.NFO,07/01/2020,09:26:10,330.4,329.35,450,331.2,75,0,53700
NIFTY09JAN2011800CE.NFO,07/01/2020,09:26:12,330.4,329.2,450,331.4,75,0,53700
NIFTY09JAN2011800CE.NFO,07/01/2020,09:26:13,330.4,329,450,331,75,0,53700
NIFTY09JAN2011800CE.NFO,07/01/2020,09:26:14,330.4,329,75,330.8,75,0,53700
NIFTY09JAN2011800CE.NFO,07/01/2020,09:26:15,330.4,329.15,75,330.7,75,0,53700
NIFTY09JAN2011800CE.NFO,07/01/2020,09:26:16,330.4,329.15,75,330.9,75,0,53700
NIFTY09JAN2011800CE.NFO,07/01/2020,09:26:17,330.4,328.4,450,330.65,75,0,53700
NIFTY09JAN2011800CE.NFO,07/01/2020,09:26:18,330.4,328.4,450,330.6,75,0,53700
NIFTY09JAN2011800CE.NFO,07/01/2020,09:26:19,330.4,328.4,450,330.4,75,0,53700
NIFTY09JAN2011800CE.NFO,07/01/2020,09:26:20,330.4,328.35,525,331.15,75,0,53700
NIFTY09JAN2011800CE.NFO,07/01/2020,09:26:21,330.4,328.45,75,330.6,75,0,53700
NIFTY09JAN2011800CE.NFO,07/01/2020,09:26:22,330.4,328.6,75,330.4,150,0,53700
NIFTY09JAN2011800CE.NFO,07/01/2020,09:26:23,330.4,328.6,75,330.4,75,0,53700
NIFTY09JAN2011800CE.NFO,07/01/2020,09:26:24,330.4,328.65,75,330.4,75,0,53700
NIFTY09JAN2011800CE.NFO,07/01/2020,09:26:25,330.4,328.4,75,330.4,75,0,53700
NIFTY09JAN2011800CE.NFO,07/01/2020,09:26:26,330.4,328.65,75,330.4,75,0,53700
NIFTY09JAN2011800CE.NFO,07/01/2020,09:26:27,330.4,328.8,75,330.4,75,0,53700
NIFTY09JAN2011800CE.NFO,07/01/2020,09:26:28,330.4,328.85,75,330.4,75,0,53700
NIFTY09JAN2011800CE.NFO,07/01/2020,09:26:29,330.4,329.9,75,332,375,75,53700
NIFTY09JAN2011800CE.NFO,07/01/2020,09:26:30,330.4,329.75,450,332.05,75,0,53250
NIFTY09JAN2011800CE.NFO,07/01/2020,09:26:31,330.4,330,75,332.45,75,0,53250
NIFTY09JAN2011800CE.NFO,07/01/2020,09:26:32,330.4,330.1,150,332.4,75,0,53250
NIFTY09JAN2011800CE.NFO,07/01/2020,09:26:33,330.4,330.3,150,332.25,75,0,53250
NIFTY09JAN2011800CE.NFO,07/01/2020,09:26:34,330.4,330.35,75,332.15,75,0,53250
NIFTY09JAN2011800CE.NFO,07/01/2020,09:26:35,330.4,330.05,75,332.05,75,0,53250
NIFTY09JAN2011800CE.NFO,07/01/2020,09:26:36,330.4,329.7,450,331.5,75,0,53250
NIFTY09JAN2011800CE.NFO,07/01/2020,09:26:37,330.4,329.5,450,331.3,75,0,53250
NIFTY09JAN2011800CE.NFO,07/01/2020,09:26:38,330.4,328.9,525,331.1,75,0,53250
NIFTY09JAN2011800CE.NFO,07/01/2020,09:26:39,330.4,328.55,450,331.45,375,0,53250
NIFTY09JAN2011800CE.NFO,07/01/2020,09:26:40,330.4,328,450,331.35,75,0,53250
NIFTY09JAN2011800CE.NFO,07/01/2020,09:26:41,330.4,328,450,330.2,75,0,53250
NIFTY09JAN2011800CE.NFO,07/01/2020,09:26:42,330.4,328.1,450,330.65,375,0,53250
NIFTY09JAN2011800CE.NFO,07/01/2020,09:26:43,330.4,328,450,330.15,75,0,53250
NIFTY09JAN2011800CE.NFO,07/01/2020,09:26:44,330.4,328.1,75,331,75,0,53250
NIFTY09JAN2011800CE.NFO,07/01/2020,09:26:45,330.4,328.2,75,330.85,75,0,53250
NIFTY09JAN2011800CE.NFO,07/01/2020,09:26:46,330.4,328.65,750,331.25,75,0,53250
NIFTY09JAN2011800CE.NFO,07/01/2020,09:26:47,330.4,328.65,450,330.8,75,0,53250
NIFTY09JAN2011800CE.NFO,07/01/2020,09:26:48,330.4,328.65,450,331.45,375,0,53250
NIFTY09JAN2011800CE.NFO,07/01/2020,09:26:49,330.4,328.65,450,330.55,75,0,53250
NIFTY09JAN2011800CE.NFO,07/01/2020,09:26:50,330.4,328.65,450,330.5,75,0,53250
NIFTY09JAN2011800CE.NFO,07/01/2020,09:26:51,330.4,328.3,450,330.2,75,0,53250
NIFTY09JAN2011800CE.NFO,07/01/2020,09:26:53,330.4,328.3,450,330.3,75,0,53250
NIFTY09JAN2011800CE.NFO,07/01/2020,09:26:54,330.4,328.55,75,330.7,75,0,53250
NIFTY09JAN2011800CE.NFO,07/01/2020,09:26:55,330.4,328.8,75,330.65,75,0,53250
NIFTY09JAN2011800CE.NFO,07/01/2020,09:26:56,330.4,328.85,75,330.8,75,0,53250
NIFTY09JAN2011800CE.NFO,07/01/2020,09:26:57,330.4,328.5,450,330.5,75,0,53250
NIFTY09JAN2011800CE.NFO,07/01/2020,09:26:58,330.4,328.5,525,330.4,75,0,53250
NIFTY09JAN2011800CE.NFO,07/01/2020,09:26:59,330.4,328.6,75,330.35,75,0,53250
NIFTY09JAN2011800CE.NFO,07/01/2020,09:27:00,330.4,328.65,75,330.2,75,0,53250
NIFTY09JAN2011800CE.NFO,07/01/2020,09:27:01,330.4,328.25,75,330.45,75,0,53250
NIFTY09JAN2011800CE.NFO,07/01/2020,09:27:02,330.4,328.3,75,330.45,75,0,53250
NIFTY09JAN2011800CE.NFO,07/01/2020,09:27:03,330.4,328.7,75,330.95,75,0,53250
NIFTY09JAN2011800CE.NFO,07/01/2020,09:27:04,330.4,328.45,450,330.35,75,0,53250
NIFTY09JAN2011800CE.NFO,07/01/2020,09:27:05,330.4,328.2,450,330.25,75,0,53250
NIFTY09JAN2011800CE.NFO,07/01/2020,09:27:06,330.4,328.3,75,330.35,75,0,53250
NIFTY09JAN2011800CE.NFO,07/01/2020,09:27:07,330.4,328.45,450,330.5,75,0,53250
NIFTY09JAN2011800CE.NFO,07/01/2020,09:27:10,330.4,328.7,75,331.45,375,0,53250
NIFTY09JAN2011800CE.NFO,07/01/2020,09:27:11,330.4,328.8,450,330.8,75,0,53250
NIFTY09JAN2011800CE.NFO,07/01/2020,09:27:12,330.4,328.15,75,330.75,75,0,53250
NIFTY09JAN2011800CE.NFO,07/01/2020,09:27:13,330.4,328.4,450,330.95,75,0,53250
NIFTY09JAN2011800CE.NFO,07/01/2020,09:27:14,330.4,328.4,450,330.8,75,0,53250
NIFTY09JAN2011800CE.NFO,07/01/2020,09:27:15,330.4,328.4,450,330.6,75,0,53250
NIFTY09JAN2011800CE.NFO,07/01/2020,09:27:16,330.4,328.8,525,330.7,75,0,53250
NIFTY09JAN2011800CE.NFO,07/01/2020,09:27:17,330.4,328.9,75,330.65,75,0,53250
NIFTY09JAN2011800CE.NFO,07/01/2020,09:27:18,330.4,328.8,450,330.6,75,0,53250
NIFTY09JAN2011800CE.NFO,07/01/2020,09:27:19,330.4,328.55,450,330.4,75,0,53250
NIFTY09JAN2011800CE.NFO,07/01/2020,09:27:20,330.4,328.7,75,330.55,75,0,53250
NIFTY09JAN2011800CE.NFO,07/01/2020,09:27:21,330.4,328.7,75,330.65,75,0,53250
NIFTY09JAN2011800CE.NFO,07/01/2020,09:27:22,330.4,328.85,525,330.65,75,0,53250
NIFTY09JAN2011800CE.NFO,07/01/2020,09:27:23,330.4,329.1,450,331.45,375,0,53250
NIFTY09JAN2011800CE.NFO,07/01/2020,09:27:24,330.4,329.45,75,332.2,450,0,53250
NIFTY09JAN2011800CE.NFO,07/01/2020,09:27:25,329.45,328.95,450,330.7,75,75,53250
NIFTY09JAN2011800CE.NFO,07/01/2020,09:27:26,329.45,328.8,450,331.65,450,0,53250
NIFTY09JAN2011800CE.NFO,07/01/2020,09:27:27,329.45,328.8,450,330.5,75,0,53250
NIFTY09JAN2011800CE.NFO,07/01/2020,09:27:28,329.45,328.85,75,331.6,75,0,53250
NIFTY09JAN2011800CE.NFO,07/01/2020,09:27:29,329.45,328.9,75,330.45,75,0,53250
NIFTY09JAN2011800CE.NFO,07/01/2020,09:27:30,329.45,328.35,450,329.6,75,0,53250
NIFTY09JAN2011800CE.NFO,07/01/2020,09:27:31,329.45,328.35,450,329.65,75,0,53250
NIFTY09JAN2011800CE.NFO,07/01/2020,09:27:33,329.45,327.9,75,329.45,75,0,53250
NIFTY09JAN2011800CE.NFO,07/01/2020,09:27:34,329.45,327.65,450,329.25,75,0,53250
NIFTY09JAN2011800CE.NFO,07/01/2020,09:27:35,329.45,327.6,75,329.25,75,0,53250
NIFTY09JAN2011800CE.NFO,07/01/2020,09:27:36,329.45,327.75,75,329.6,450,0,53250
NIFTY09JAN2011800CE.NFO,07/01/2020,09:27:37,329.45,327.95,450,330.5,375,0,53250
NIFTY09JAN2011800CE.NFO,07/01/2020,09:27:38,329.45,328.3,75,330.15,75,0,53250
NIFTY09JAN2011800CE.NFO,07/01/2020,09:27:39,329.45,328,150,329.9,75,0,53250
NIFTY09JAN2011800CE.NFO,07/01/2020,09:27:40,329.45,328.2,75,329.8,75,0,53250
NIFTY09JAN2011800CE.NFO,07/01/2020,09:27:41,329.45,328.35,75,329.8,75,0,53250
NIFTY09JAN2011800CE.NFO,07/01/2020,09:27:43,329.45,327.5,450,330.45,375,0,53250
NIFTY09JAN2011800CE.NFO,07/01/2020,09:27:44,329.45,327.3,75,329,75,0,53250
NIFTY09JAN2011800CE.NFO,07/01/2020,09:27:45,329.45,327.4,75,330.05,75,0,53250
NIFTY09JAN2011800CE.NFO,07/01/2020,09:27:46,329.45,326.15,450,329.55,825,0,53250
NIFTY09JAN2011800CE.NFO,07/01/2020,09:27:49,329.45,326.65,75,328.4,75,0,53250
NIFTY09JAN2011800CE.NFO,07/01/2020,09:27:50,329.45,327.25,75,330.05,75,0,53250
NIFTY09JAN2011800CE.NFO,07/01/2020,09:27:51,329.45,327.6,75,330.25,75,0,53250
NIFTY09JAN2011800CE.NFO,07/01/2020,09:27:52,329.45,328.05,75,330.25,75,0,53250
NIFTY09JAN2011800CE.NFO,07/01/2020,09:27:53,329.45,328.1,450,329.5,75,0,53250
NIFTY09JAN2011800CE.NFO,07/01/2020,09:27:54,329.45,328.1,450,329.45,75,0,53250
NIFTY09JAN2011800CE.NFO,07/01/2020,09:27:55,329.45,328.2,75,329.35,75,0,53250
NIFTY09JAN2011800CE.NFO,07/01/2020,09:27:56,329.45,327.55,450,329.05,75,0,53250
NIFTY09JAN2011800CE.NFO,07/01/2020,09:27:57,329.45,327.95,75,329.15,75,0,53250
NIFTY09JAN2011800CE.NFO,07/01/2020,09:27:58,329.45,327.3,450,328.6,75,0,53250
NIFTY09JAN2011800CE.NFO,07/01/2020,09:27:59,329.45,326.65,825,328.35,75,0,53250
NIFTY09JAN2011800CE.NFO,07/01/2020,09:28:00,329.45,326.45,75,329.65,75,0,53250
NIFTY09JAN2011800CE.NFO,07/01/2020,09:28:01,329.45,325.65,750,328.7,75,0,53250
NIFTY09JAN2011800CE.NFO,07/01/2020,09:28:02,329.45,326.2,750,328.45,75,0,53250
NIFTY09JAN2011800CE.NFO,07/01/2020,09:28:03,329.45,326.95,75,329.75,450,0,53250
NIFTY09JAN2011800CE.NFO,07/01/2020,09:28:04,329.45,327.1,75,328.15,75,0,53250
NIFTY09JAN2011800CE.NFO,07/01/2020,09:28:05,329.45,327.15,75,328.45,75,0,53250
NIFTY09JAN2011800CE.NFO,07/01/2020,09:28:06,329.45,326.2,450,327.8,75,0,53250
NIFTY09JAN2011800CE.NFO,07/01/2020,09:28:07,329.45,326.2,75,327.9,75,0,53250
NIFTY09JAN2011800CE.NFO,07/01/2020,09:28:09,329.45,326.8,75,329.5,375,0,53250
NIFTY09JAN2011800CE.NFO,07/01/2020,09:28:10,329.45,326.8,75,327.75,75,0,53250
NIFTY09JAN2011800CE.NFO,07/01/2020,09:28:11,329.45,326.2,75,327.25,75,0,53250
NIFTY09JAN2011800CE.NFO,07/01/2020,09:28:12,329.45,326.45,75,329.1,75,0,53250
NIFTY09JAN2011800CE.NFO,07/01/2020,09:28:13,329.45,326.55,75,327.75,75,0,53250
NIFTY09JAN2011800CE.NFO,07/01/2020,09:28:14,329.45,326.6,75,328.05,75,0,53250
NIFTY09JAN2011800CE.NFO,07/01/2020,09:28:15,329.45,325.4,600,326.9,75,0,53250
NIFTY09JAN2011800CE.NFO,07/01/2020,09:28:16,329.45,325.45,75,328.8,375,0,53250
NIFTY09JAN2011800CE.NFO,07/01/2020,09:28:17,329.45,325.6,75,328.8,375,0,53250
NIFTY09JAN2011800CE.NFO,07/01/2020,09:28:18,329.45,325.85,75,326.8,75,0,53250
NIFTY09JAN2011800CE.NFO,07/01/2020,09:28:19,329.45,324.1,525,327.65,225,0,53250
NIFTY09JAN2011800CE.NFO,07/01/2020,09:28:20,329.45,324.5,75,326.45,75,0,53250
NIFTY09JAN2011800CE.NFO,07/01/2020,09:28:21,329.45,324.55,375,327.95,375,0,53250
NIFTY09JAN2011800CE.NFO,07/01/2020,09:28:22,329.45,324.7,450,326.6,75,0,53250
NIFTY09JAN2011800CE.NFO,07/01/2020,09:28:23,329.45,324.8,75,327.85,75,0,53250
NIFTY09JAN2011800CE.NFO,07/01/2020,09:28:25,329.45,324.85,75,325.65,75,0,53250
NIFTY09JAN2011800CE.NFO,07/01/2020,09:28:26,329.45,323.1,75,325.35,75,0,53250
NIFTY09JAN2011800CE.NFO,07/01/2020,09:28:27,329.45,323.45,450,325.2,75,0,53250
NIFTY09JAN2011800CE.NFO,07/01/2020,09:28:28,329.45,323.75,75,324.8,75,0,53250
NIFTY09JAN2011800CE.NFO,07/01/2020,09:28:29,329.45,322.85,525,324.45,75,0,53250
NIFTY09JAN2011800CE.NFO,07/01/2020,09:28:30,329.45,323.2,525,326.05,75,0,53250
NIFTY09JAN2011800CE.NFO,07/01/2020,09:28:31,323.45,322.7,75,325.7,75,150,53250
NIFTY09JAN2011800CE.NFO,07/01/2020,09:28:32,324.05,322.85,75,324.45,75,75,53250
NIFTY09JAN2011800CE.NFO,07/01/2020,09:28:33,324.05,323.7,75,326.05,450,0,53250
NIFTY09JAN2011800CE.NFO,07/01/2020,09:28:34,324.05,323.9,450,325.25,75,0,53250
NIFTY09JAN2011800CE.NFO,07/01/2020,09:28:35,324.05,323.9,450,325.4,75,0,53250
NIFTY09JAN2011800CE.NFO,07/01/2020,09:28:36,324.05,324.55,75,325.55,75,0,53250
NIFTY09JAN2011800CE.NFO,07/01/2020,09:28:37,324.55,324.55,75,325.6,75,75,53250
NIFTY09JAN2011800CE.NFO,07/01/2020,09:28:38,324.55,324.55,75,325.55,75,0,53250
NIFTY09JAN2011800CE.NFO,07/01/2020,09:28:39,324.55,324.65,75,325.95,75,0,53250
NIFTY09JAN2011800CE.NFO,07/01/2020,09:28:40,324.55,324.75,75,327.05,75,0,53250
NIFTY09JAN2011800CE.NFO,07/01/2020,09:28:41,324.55,324.55,75,325.9,75,150,53250
NIFTY09JAN2011800CE.NFO,07/01/2020,09:28:42,324.55,324.55,75,325.85,75,0,53250
NIFTY09JAN2011800CE.NFO,07/01/2020,09:28:43,324.55,324.55,75,325.9,75,0,53250
NIFTY09JAN2011800CE.NFO,07/01/2020,09:28:44,324.55,324.8,75,327.05,75,0,53250
NIFTY09JAN2011800CE.NFO,07/01/2020,09:28:45,324.55,324.85,75,325.95,75,0,53250
NIFTY09JAN2011800CE.NFO,07/01/2020,09:28:46,324.55,325,75,327.05,75,0,53250
NIFTY09JAN2011800CE.NFO,07/01/2020,09:28:47,324.55,325.15,75,326.3,75,0,53250
NIFTY09JAN2011800CE.NFO,07/01/2020,09:28:48,324.55,325.3,75,326.35,75,0,53250
NIFTY09JAN2011800CE.NFO,07/01/2020,09:28:49,324.55,325.35,75,326.6,75,0,53250
NIFTY09JAN2011800CE.NFO,07/01/2020,09:28:50,324.55,325.5,75,326.8,75,0,53250
NIFTY09JAN2011800CE.NFO,07/01/2020,09:28:51,327.1,326,450,327.3,75,75,53250
NIFTY09JAN2011800CE.NFO,07/01/2020,09:28:52,327.1,326.2,75,327.65,75,0,53250
NIFTY09JAN2011800CE.NFO,07/01/2020,09:28:53,327.1,326.3,75,327.75,75,0,53250
NIFTY09JAN2011800CE.NFO,07/01/2020,09:28:54,327.1,326.5,450,328.65,75,0,53250
NIFTY09JAN2011800CE.NFO,07/01/2020,09:28:55,327.1,326.5,450,327.5,75,0,53250
NIFTY09JAN2011800CE.NFO,07/01/2020,09:28:56,327.1,325.3,300,328.5,75,0,53250
NIFTY09JAN2011800CE.NFO,07/01/2020,09:28:57,327.1,325.3,750,326.85,75,0,53250
NIFTY09JAN2011800CE.NFO,07/01/2020,09:28:58,327.1,325.4,75,326.95,75,0,53250
NIFTY09JAN2011800CE.NFO,07/01/2020,09:28:59,327.1,325.65,75,326.75,75,0,53250
NIFTY09JAN2011800CE.NFO,07/01/2020,09:29:00,327.1,325.95,525,328.5,75,0,53250
NIFTY09JAN2011800CE.NFO,07/01/2020,09:29:01,327.1,326.1,75,328.65,75,0,53250
NIFTY09JAN2011800CE.NFO,07/01/2020,09:29:02,327.1,326.25,75,327.3,75,0,53250
NIFTY09JAN2011800CE.NFO,07/01/2020,09:29:03,327.1,326.6,450,327.8,75,75,53250
NIFTY09JAN2011800CE.NFO,07/01/2020,09:29:04,327.1,327.75,150,329.2,150,0,53250
NIFTY09JAN2011800CE.NFO,07/01/2020,09:29:05,327.1,327.45,150,328.85,75,0,53250
NIFTY09JAN2011800CE.NFO,07/01/2020,09:29:06,327.1,327.25,75,328.55,75,0,53250
NIFTY09JAN2011800CE.NFO,07/01/2020,09:29:07,327.1,327.25,150,328.7,75,0,53250
NIFTY09JAN2011800CE.NFO,07/01/2020,09:29:08,327.1,327.5,75,328.65,75,0,53250
NIFTY09JAN2011800CE.NFO,07/01/2020,09:29:09,327.1,327.55,75,328.75,75,0,53250
NIFTY09JAN2011800CE.NFO,07/01/2020,09:29:10,327.1,327.55,75,328.8,75,0,53250
NIFTY09JAN2011800CE.NFO,07/01/2020,09:29:11,327.1,327.55,75,328.6,75,0,53250
NIFTY09JAN2011800CE.NFO,07/01/2020,09:29:13,327.1,327.55,75,328.65,75,0,53250
NIFTY09JAN2011800CE.NFO,07/01/2020,09:29:14,327.1,327.55,75,328.85,75,0,53250
NIFTY09JAN2011800CE.NFO,07/01/2020,09:29:15,327.6,327.6,75,328.85,75,375,53250
NIFTY09JAN2011800CE.NFO,07/01/2020,09:29:16,327.6,328.15,75,329.65,75,0,53250
NIFTY09JAN2011800CE.NFO,07/01/2020,09:29:17,327.6,328.8,75,329.9,75,0,53250
NIFTY09JAN2011800CE.NFO,07/01/2020,09:29:19,327.6,328.8,75,329.75,75,0,53250
NIFTY09JAN2011800CE.NFO,07/01/2020,09:29:20,327.6,328.8,75,329.55,75,0,53250
NIFTY09JAN2011800CE.NFO,07/01/2020,09:29:21,327.6,328.8,75,329.45,75,0,53250
NIFTY09JAN2011800CE.NFO,07/01/2020,09:29:22,327.6,328.8,75,329.25,75,0,53250
NIFTY09JAN2011800CE.NFO,07/01/2020,09:29:23,327.6,328.4,75,330.75,375,0,53250
NIFTY09JAN2011800CE.NFO,07/01/2020,09:29:24,327.6,328.4,75,329.7,75,0,53250
NIFTY09JAN2011800CE.NFO,07/01/2020,09:29:26,327.6,328.4,450,329.55,75,0,53250
NIFTY09JAN2011800CE.NFO,07/01/2020,09:29:27,327.6,328.05,75,329.1,75,0,53250
NIFTY09JAN2011800CE.NFO,07/01/2020,09:29:28,327.7,327.15,525,328.35,75,75,53250
NIFTY09JAN2011800CE.NFO,07/01/2020,09:29:29,327.7,327.15,450,328.4,75,0,53250
NIFTY09JAN2011800CE.NFO,07/01/2020,09:29:30,327.7,327.2,75,328.55,75,0,53250
NIFTY09JAN2011800CE.NFO,07/01/2020,09:29:31,327.7,327.3,75,328.35,75,0,53250
NIFTY09JAN2011800CE.NFO,07/01/2020,09:29:32,327.7,326.55,450,328.2,75,0,53250
NIFTY09JAN2011800CE.NFO,07/01/2020,09:29:33,327.7,326.55,450,328.1,75,0,53250
NIFTY09JAN2011800CE.NFO,07/01/2020,09:29:34,327.7,326.9,75,328.25,75,0,53250
NIFTY09JAN2011800CE.NFO,07/01/2020,09:29:35,327.7,326.95,450,328.45,75,0,53250
NIFTY09JAN2011800CE.NFO,07/01/2020,09:29:36,327.3,327.5,75,329.7,75,150,53250
NIFTY09JAN2011800CE.NFO,07/01/2020,09:29:37,327.3,327.3,450,328.8,75,0,53250
NIFTY09JAN2011800CE.NFO,07/01/2020,09:29:38,327.3,327.45,675,329.05,75,0,53250
NIFTY09JAN2011800CE.NFO,07/01/2020,09:29:39,327.3,327.8,75,329.05,75,0,53250
NIFTY09JAN2011800CE.NFO,07/01/2020,09:29:40,327.3,327.85,75,329.05,75,0,53250
NIFTY09JAN2011800CE.NFO,07/01/2020,09:29:41,327.3,327.7,75,328.5,75,0,53250
NIFTY09JAN2011800CE.NFO,07/01/2020,09:29:42,327.3,327.25,450,328.3,75,0,53250
NIFTY09JAN2011800CE.NFO,07/01/2020,09:29:43,327.3,326.95,150,328.15,75,0,53250
NIFTY09JAN2011800CE.NFO,07/01/2020,09:29:44,327.3,327.1,75,328.35,75,0,53250
NIFTY09JAN2011800CE.NFO,07/01/2020,09:29:45,327.3,326.7,75,328.45,75,0,53250
NIFTY09JAN2011800CE.NFO,07/01/2020,09:29:46,327.3,326.8,75,328.75,75,0,53250
NIFTY09JAN2011800CE.NFO,07/01/2020,09:29:47,327.3,327.2,75,329,75,0,53250
NIFTY09JAN2011800CE.NFO,07/01/2020,09:29:48,327.3,327.2,75,328.9,75,0,53250
NIFTY09JAN2011800CE.NFO,07/01/2020,09:29:49,327.3,327.15,450,328.75,75,0,53250
NIFTY09JAN2011800CE.NFO,07/01/2020,09:29:50,327.3,327.15,450,329.9,75,0,53250
NIFTY09JAN2011800CE.NFO,07/01/2020,09:29:51,327.3,327.15,450,328.65,75,0,53250
NIFTY09JAN2011800CE.NFO,07/01/2020,09:29:52,327.3,327.15,450,328.7,450,0,53250
NIFTY09JAN2011800CE.NFO,07/01/2020,09:29:53,327.3,327.15,450,328.7,75,0,53250
NIFTY09JAN2011800CE.NFO,07/01/2020,09:29:54,327.3,327.15,450,328.5,75,0,53250
NIFTY09JAN2011800CE.NFO,07/01/2020,09:29:55,327.3,327.15,450,328.65,75,0,53250
NIFTY09JAN2011800CE.NFO,07/01/2020,09:29:56,327.3,327.15,450,329.8,75,0,53250
NIFTY09JAN2011800CE.NFO,07/01/2020,09:29:57,327.3,327.15,450,328.45,75,0,53250
NIFTY09JAN2011800CE.NFO,07/01/2020,09:29:58,327.3,327.15,450,328.65,75,0,53250
NIFTY09JAN2011800CE.NFO,07/01/2020,09:29:59,327.3,327.2,150,329.65,75,0,53250
NIFTY09JAN2011800CE.NFO,07/01/2020,09:30:00,327.3,327.25,150,328.85,75,0,53250
NIFTY09JAN2011800CE.NFO,07/01/2020,09:30:01,327.3,327.5,150,329.55,75,0,53250
NIFTY09JAN2011800CE.NFO,07/01/2020,09:30:02,327.3,328,75,330.3,75,0,53250
NIFTY09JAN2011800CE.NFO,07/01/2020,09:30:03,330.05,328.45,750,330.75,375,225,53250
NIFTY09JAN2011800CE.NFO,07/01/2020,09:30:04,330.05,328.35,75,329.7,75,0,53250
NIFTY09JAN2011800CE.NFO,07/01/2020,09:30:05,330.05,328.35,75,329.55,75,0,53250
NIFTY09JAN2011800CE.NFO,07/01/2020,09:30:06,330.05,328.45,75,329.7,75,0,53250
NIFTY09JAN2011800CE.NFO,07/01/2020,09:30:07,330.05,327.65,450,330.45,825,0,53250
NIFTY09JAN2011800CE.NFO,07/01/2020,09:30:08,330.05,327.65,450,328.95,75,0,53250
NIFTY09JAN2011800CE.NFO,07/01/2020,09:30:09,330.05,327.7,375,329.55,75,0,53250
NIFTY09JAN2011800CE.NFO,07/01/2020,09:30:10,330.05,328.15,75,330.3,75,0,53250
NIFTY09JAN2011800CE.NFO,07/01/2020,09:30:11,330.05,328.2,825,330,75,0,53250
NIFTY09JAN2011800CE.NFO,07/01/2020,09:30:12,330.05,328.35,75,329.75,75,0,53250
NIFTY09JAN2011800CE.NFO,07/01/2020,09:30:13,330.05,327.9,75,329.75,75,0,53250
NIFTY09JAN2011800CE.NFO,07/01/2020,09:30:14,330.05,327.85,450,329.35,75,0,53250
NIFTY09JAN2011800CE.NFO,07/01/2020,09:30:15,330.05,327.85,525,329.4,75,0,53250
NIFTY09JAN2011800CE.NFO,07/01/2020,09:30:16,330.05,328.25,75,330.1,75,0,53250
NIFTY09JAN2011800CE.NFO,07/01/2020,09:30:17,330.05,328.45,150,330.3,75,0,53250
NIFTY09JAN2011800CE.NFO,07/01/2020,09:30:18,330.05,328.45,75,331.2,75,0,53250
NIFTY09JAN2011800CE.NFO,07/01/2020,09:30:19,330.05,328.45,75,330.85,450,0,53250
NIFTY09JAN2011800CE.NFO,07/01/2020,09:30:20,330.05,328.5,75,329.7,75,0,53250
NIFTY09JAN2011800CE.NFO,07/01/2020,09:30:21,330.05,328.5,75,329.45,75,0,53250
NIFTY09JAN2011800CE.NFO,07/01/2020,09:30:22,330.05,328.55,75,330.9,375,0,53250
NIFTY09JAN2011800CE.NFO,07/01/2020,09:30:23,330.05,328.7,75,330.9,375,0,53250
NIFTY09JAN2011800CE.NFO,07/01/2020,09:30:24,330.05,328.75,75,330.95,75,0,53250
NIFTY09JAN2011800CE.NFO,07/01/2020,09:30:25,330.05,328,450,329.55,75,0,53250
NIFTY09JAN2011800CE.NFO,07/01/2020,09:30:26,330.05,328,450,329.45,75,0,53250
NIFTY09JAN2011800CE.NFO,07/01/2020,09:30:27,330.05,328,525,329.6,75,0,53250
NIFTY09JAN2011800CE.NFO,07/01/2020,09:30:28,330.05,328.5,75,330.95,75,0,53250
NIFTY09JAN2011800CE.NFO,07/01/2020,09:30:30,330.05,328.65,75,330.95,75,0,53250
NIFTY09JAN2011800CE.NFO,07/01/2020,09:30:31,330.05,328.85,75,330.95,75,0,53250
NIFTY09JAN2011800CE.NFO,07/01/2020,09:30:32,330.05,328.9,450,330.3,75,0,53250
NIFTY09JAN2011800CE.NFO,07/01/2020,09:30:33,330.05,328.9,450,330.95,75,0,53250
NIFTY09JAN2011800CE.NFO,07/01/2020,09:30:34,330.05,328.15,450,330.85,75,0,53250
NIFTY09JAN2011800CE.NFO,07/01/2020,09:30:35,330.05,328.15,450,329.6,75,0,53250
NIFTY09JAN2011800CE.NFO,07/01/2020,09:30:36,330.05,328.3,75,329.45,75,0,53250
NIFTY09JAN2011800CE.NFO,07/01/2020,09:30:38,330.05,327.7,450,329.25,75,0,53250
NIFTY09JAN2011800CE.NFO,07/01/2020,09:30:39,330.05,327.75,75,329.6,75,0,53250
NIFTY09JAN2011800CE.NFO,07/01/2020,09:30:40,330.05,327.95,75,329.6,75,0,53250
NIFTY09JAN2011800CE.NFO,07/01/2020,09:30:41,330.05,328.4,75,329.6,75,0,53250
NIFTY09JAN2011800CE.NFO,07/01/2020,09:30:42,330.05,328.4,75,329.7,75,0,53250
NIFTY09JAN2011800CE.NFO,07/01/2020,09:30:43,328.45,328.1,450,329.5,75,75,53250
NIFTY09JAN2011800CE.NFO,07/01/2020,09:30:44,328.45,328.1,450,329.4,75,0,53250
NIFTY09JAN2011800CE.NFO,07/01/2020,09:30:45,328.45,328.4,75,330.95,75,0,53250
NIFTY09JAN2011800CE.NFO,07/01/2020,09:30:46,328.45,328.3,525,330.95,75,0,53250
NIFTY09JAN2011800CE.NFO,07/01/2020,09:30:47,328.45,327.7,450,329.55,75,0,53250
NIFTY09JAN2011800CE.NFO,07/01/2020,09:30:48,328.45,327.75,75,329.55,75,0,53250
NIFTY09JAN2011800CE.NFO,07/01/2020,09:30:49,328.45,328,75,329.85,75,0,53250
NIFTY09JAN2011800CE.NFO,07/01/2020,09:30:50,328.45,328.15,75,329.75,75,0,53250
NIFTY09JAN2011800CE.NFO,07/01/2020,09:30:51,328.45,328.3,75,330.05,75,0,53250
NIFTY09JAN2011800CE.NFO,07/01/2020,09:30:52,328.45,328.4,75,330.9,450,0,53250
NIFTY09JAN2011800CE.NFO,07/01/2020,09:30:53,328.45,328.5,75,329.8,75,0,53250
NIFTY09JAN2011800CE.NFO,07/01/2020,09:30:54,329.8,328.5,75,329.8,75,75,53250
NIFTY09JAN2011800CE.NFO,07/01/2020,09:30:55,329.8,328.5,75,330.9,450,0,53250
NIFTY09JAN2011800CE.NFO,07/01/2020,09:30:56,329.8,328.55,75,329.75,75,0,53250
NIFTY09JAN2011800CE.NFO,07/01/2020,09:30:57,329.8,328.6,75,329.65,75,0,53250
NIFTY09JAN2011800CE.NFO,07/01/2020,09:30:58,329.8,328.05,450,329.75,75,0,53250
NIFTY09JAN2011800CE.NFO,07/01/2020,09:30:59,329.8,328.2,150,329.8,75,0,53250
NIFTY09JAN2011800CE.NFO,07/01/2020,09:31:00,329.8,328.85,525,330.55,75,0,53250
NIFTY09JAN2011800CE.NFO,07/01/2020,09:31:02,329.8,329.35,450,330.85,75,0,53250
NIFTY09JAN2011800CE.NFO,07/01/2020,09:31:04,329.8,329.55,225,331.3,75,0,53250
NIFTY09JAN2011800CE.NFO,07/01/2020,09:31:05,329.8,329.6,450,331.3,75,0,53250
NIFTY09JAN2011800CE.NFO,07/01/2020,09:31:06,329.8,329.55,75,331.75,450,0,53250
NIFTY09JAN2011800CE.NFO,07/01/2020,09:31:07,329.8,329.6,75,330.9,75,0,53250
NIFTY09JAN2011800CE.NFO,07/01/2020,09:31:08,329.8,329.25,75,330.8,75,0,53250
NIFTY09JAN2011800CE.NFO,07/01/2020,09:31:09,329.8,329.55,75,331.3,75,0,53250
NIFTY09JAN2011800CE.NFO,07/01/2020,09:31:12,329.8,330,75,331.7,75,0,53250
NIFTY09JAN2011800CE.NFO,07/01/2020,09:31:13,329.8,330.15,450,331.65,75,0,53250
NIFTY09JAN2011800CE.NFO,07/01/2020,09:31:14,329.8,330.1,75,331.6,75,0,53250
NIFTY09JAN2011800CE.NFO,07/01/2020,09:31:15,329.8,330.3,75,331.7,75,0,53250
NIFTY09JAN2011800CE.NFO,07/01/2020,09:31:16,329.8,330.55,75,331.85,75,0,53250
NIFTY09JAN2011800CE.NFO,07/01/2020,09:31:17,329.8,330.65,75,331.85,75,0,53250
NIFTY09JAN2011800CE.NFO,07/01/2020,09:31:18,329.8,330.75,75,332.05,75,0,53250
NIFTY09JAN2011800CE.NFO,07/01/2020,09:31:19,329.8,330.85,450,332.25,75,0,53250
NIFTY09JAN2011800CE.NFO,07/01/2020,09:31:20,329.8,330.75,75,333.45,450,0,53250
NIFTY09JAN2011800CE.NFO,07/01/2020,09:31:21,329.8,330.9,75,332.45,75,0,53250
NIFTY09JAN2011800CE.NFO,07/01/2020,09:31:22,329.8,331.1,75,333.5,75,0,53250
NIFTY09JAN2011800CE.NFO,07/01/2020,09:31:22,329.8,331.2,75,333,75,0,53250
NIFTY09JAN2011800CE.NFO,07/01/2020,09:31:25,329.8,331.45,450,333,75,0,53250
NIFTY09JAN2011800CE.NFO,07/01/2020,09:31:25,329.8,331.45,450,334.4,900,0,53250
NIFTY09JAN2011800CE.NFO,07/01/2020,09:31:27,329.8,331.5,75,333.4,75,0,53250
NIFTY09JAN2011800CE.NFO,07/01/2020,09:31:27,329.8,331.45,450,334.35,150,0,53250
NIFTY09JAN2011800CE.NFO,07/01/2020,09:31:28,329.8,331.45,450,333.15,75,0,53250
NIFTY09JAN2011800CE.NFO,07/01/2020,09:31:29,329.8,331.45,450,333,75,0,53250
NIFTY09JAN2011800CE.NFO,07/01/2020,09:31:30,329.8,331.45,450,333.05,75,0,53250
NIFTY09JAN2011800CE.NFO,07/01/2020,09:31:31,329.8,331.45,450,333.15,75,0,53250
NIFTY09JAN2011800CE.NFO,07/01/2020,09:31:32,329.8,331.5,75,334.35,375,0,53250
NIFTY09JAN2011800CE.NFO,07/01/2020,09:31:33,329.8,331.7,75,332.95,75,0,53250
NIFTY09JAN2011800CE.NFO,07/01/2020,09:31:35,329.8,331.9,75,333.35,75,0,53250
NIFTY09JAN2011800CE.NFO,07/01/2020,09:31:35,329.8,331.9,75,333.25,75,0,53250
NIFTY09JAN2011800CE.NFO,07/01/2020,09:31:36,329.8,331.7,150,333.55,75,0,53250
NIFTY09JAN2011800CE.NFO,07/01/2020,09:31:38,329.8,331.85,150,333.7,75,0,53250
NIFTY09JAN2011800CE.NFO,07/01/2020,09:31:38,334.45,332.15,75,333.65,75,450,53250
NIFTY09JAN2011800CE.NFO,07/01/2020,09:31:39,334.45,332.2,450,333.65,75,0,53250
NIFTY09JAN2011800CE.NFO,07/01/2020,09:31:40,334.45,332.2,450,333.9,75,0,53250
NIFTY09JAN2011800CE.NFO,07/01/2020,09:31:41,334.45,332.2,450,333.85,75,0,53250
NIFTY09JAN2011800CE.NFO,07/01/2020,09:31:42,334.45,332.45,75,333.8,75,0,53250
NIFTY09JAN2011800CE.NFO,07/01/2020,09:31:43,334.45,332.6,75,333.8,75,0,53250
NIFTY09JAN2011800CE.NFO,07/01/2020,09:31:44,334.45,332.7,75,334.4,75,0,53250
NIFTY09JAN2011800CE.NFO,07/01/2020,09:31:45,334.45,332,450,333.2,75,0,53250
NIFTY09JAN2011800CE.NFO,07/01/2020,09:31:46,334.45,331.65,150,333.45,150,0,53250
NIFTY09JAN2011800CE.NFO,07/01/2020,09:31:47,334.45,331.65,600,333.45,150,0,53250
NIFTY09JAN2011800CE.NFO,07/01/2020,09:31:48,334.45,331.75,150,333.55,75,0,53250
NIFTY09JAN2011800CE.NFO,07/01/2020,09:31:50,334.45,331.8,150,333.7,75,0,53250
NIFTY09JAN2011800CE.NFO,07/01/2020,09:31:50,334.45,331.95,450,334.4,75,0,53250
NIFTY09JAN2011800CE.NFO,07/01/2020,09:31:51,334.45,332.25,150,334.05,75,0,53250
NIFTY09JAN2011800CE.NFO,07/01/2020,09:31:52,334.45,332.3,450,334.4,75,0,53250
NIFTY09JAN2011800CE.NFO,07/01/2020,09:31:53,334.45,332.35,300,334.05,75,0,53250
NIFTY09JAN2011800CE.NFO,07/01/2020,09:31:54,334.45,332.55,150,334.3,75,0,53250
NIFTY09JAN2011800CE.NFO,07/01/2020,09:31:55,334.45,332.75,225,334.5,75,0,53250
NIFTY09JAN2011800CE.NFO,07/01/2020,09:31:56,334.45,332.8,150,334.65,75,0,53250
NIFTY09JAN2011800CE.NFO,07/01/2020,09:31:57,334.45,332.7,525,334.25,75,0,53250
NIFTY09JAN2011800CE.NFO,07/01/2020,09:31:58,334.45,332.7,450,334.5,75,0,53250
NIFTY09JAN2011800CE.NFO,07/01/2020,09:31:59,334.45,332.7,450,334.7,75,0,53250
NIFTY09JAN2011800CE.NFO,07/01/2020,09:32:00,334.45,332.95,150,334.7,75,0,53250
NIFTY09JAN2011800CE.NFO,07/01/2020,09:32:01,335,333.35,75,334.65,75,150,53250
NIFTY09JAN2011800CE.NFO,07/01/2020,09:32:02,335,333.7,150,335,3600,0,53250
NIFTY09JAN2011800CE.NFO,07/01/2020,09:32:03,335,333.85,75,335,3600,0,53250
NIFTY09JAN2011800CE.NFO,07/01/2020,09:32:06,335,334,75,335,3525,75,53250
NIFTY09JAN2011800CE.NFO,07/01/2020,09:32:07,335,333.95,75,335,3525,0,53250
NIFTY09JAN2011800CE.NFO,07/01/2020,09:32:08,335,333.2,75,335,3525,0,53250
NIFTY09JAN2011800CE.NFO,07/01/2020,09:32:09,335,333.75,600,335,3525,0,53250
NIFTY09JAN2011800CE.NFO,07/01/2020,09:32:10,335,333.75,450,335,3525,0,53250
NIFTY09JAN2011800CE.NFO,07/01/2020,09:32:11,335,333.9,225,335,3525,0,53250
NIFTY09JAN2011800CE.NFO,07/01/2020,09:32:12,335,334.2,450,335,2550,975,49125
NIFTY09JAN2011800CE.NFO,07/01/2020,09:32:12,335,334.2,450,335,2475,75,49125
NIFTY09JAN2011800CE.NFO,07/01/2020,09:32:13,335,334.25,75,335,2400,75,49125
NIFTY09JAN2011800CE.NFO,07/01/2020,09:32:14,335,334.25,75,335,1575,825,49125
NIFTY09JAN2011800CE.NFO,07/01/2020,09:32:15,335,334.7,150,336.5,75,1575,49125
NIFTY09JAN2011800CE.NFO,07/01/2020,09:32:16,335,334.75,150,336.5,75,0,49125
NIFTY09JAN2011800CE.NFO,07/01/2020,09:32:17,335,335.05,450,336.45,75,0,49125
NIFTY09JAN2011800CE.NFO,07/01/2020,09:32:18,335,335.35,75,336.75,150,0,49125
NIFTY09JAN2011800CE.NFO,07/01/2020,09:32:19,338.35,337.15,75,338.85,75,150,49125
NIFTY09JAN2011800CE.NFO,07/01/2020,09:32:19,338.35,337.15,75,338.85,75,0,49125
NIFTY09JAN2011800CE.NFO,07/01/2020,09:32:20,338.35,337,75,338.15,75,0,49125
NIFTY09JAN2011800CE.NFO,07/01/2020,09:32:21,338.35,337,75,338.35,75,0,49125
NIFTY09JAN2011800CE.NFO,07/01/2020,09:32:22,338.35,337.2,75,338.95,75,0,49125
NIFTY09JAN2011800CE.NFO,07/01/2020,09:32:23,338.35,337.6,75,339.8,75,0,49125
NIFTY09JAN2011800CE.NFO,07/01/2020,09:32:24,338.35,337.6,450,339.15,75,0,49125
NIFTY09JAN2011800CE.NFO,07/01/2020,09:32:25,338.35,338,450,339.45,75,0,49125
NIFTY09JAN2011800CE.NFO,07/01/2020,09:32:26,338.35,338,450,339.8,75,0,49125
NIFTY09JAN2011800CE.NFO,07/01/2020,09:32:27,338.35,338.25,450,339.95,75,0,49125
NIFTY09JAN2011800CE.NFO,07/01/2020,09:32:28,338.35,338.2,450,339.85,75,0,49125
NIFTY09JAN2011800CE.NFO,07/01/2020,09:32:29,338.35,338.8,75,340,300,0,49125
NIFTY09JAN2011800CE.NFO,07/01/2020,09:32:30,338.8,338.45,75,340,300,75,49125
NIFTY09JAN2011800CE.NFO,07/01/2020,09:32:30,338.8,338.45,75,340,300,0,49125
NIFTY09JAN2011800CE.NFO,07/01/2020,09:32:31,338.8,338.3,75,339.9,75,0,49125
NIFTY09JAN2011800CE.NFO,07/01/2020,09:32:32,338.8,338.25,150,339.75,75,0,49125
NIFTY09JAN2011800CE.NFO,07/01/2020,09:32:33,338.8,338.55,75,339.95,75,0,49125
NIFTY09JAN2011800CE.NFO,07/01/2020,09:32:34,338.8,338.8,75,340,300,0,49125
NIFTY09JAN2011800CE.NFO,07/01/2020,09:32:36,338.8,338.85,75,340,300,0,49125
NIFTY09JAN2011800CE.NFO,07/01/2020,09:32:37,338.8,339,75,340,300,0,49125
NIFTY09JAN2011800CE.NFO,07/01/2020,09:32:38,340.6,339.8,75,342.2,450,375,49125
NIFTY09JAN2011800CE.NFO,07/01/2020,09:32:38,340.6,339.8,75,342.2,450,0,49125
NIFTY09JAN2011800CE.NFO,07/01/2020,09:32:39,340.6,340.3,300,342.85,525,0,49125
NIFTY09JAN2011800CE.NFO,07/01/2020,09:32:40,340.6,340.25,75,342.85,525,0,49125
NIFTY09JAN2011800CE.NFO,07/01/2020,09:32:41,340.6,340.5,75,342.8,450,0,49125
NIFTY09JAN2011800CE.NFO,07/01/2020,09:32:43,340.6,340.05,150,342.8,450,0,49125
NIFTY09JAN2011800CE.NFO,07/01/2020,09:32:44,340.6,339.9,150,342.5,75,0,49125
NIFTY09JAN2011800CE.NFO,07/01/2020,09:32:45,340.6,339.65,75,342.25,75,0,49125
NIFTY09JAN2011800CE.NFO,07/01/2020,09:32:46,340.6,339.5,75,342.2,825,0,49125
NIFTY09JAN2011800CE.NFO,07/01/2020,09:32:48,340.6,338.65,150,341.4,75,0,49125
NIFTY09JAN2011800CE.NFO,07/01/2020,09:32:49,340.6,338.65,75,341.3,825,0,49125
NIFTY09JAN2011800CE.NFO,07/01/2020,09:32:50,340.6,337.8,225,341.25,75,0,49125
NIFTY09JAN2011800CE.NFO,07/01/2020,09:32:50,340.6,338.2,150,341.3,825,0,49125
NIFTY09JAN2011800CE.NFO,07/01/2020,09:32:51,340.6,338.55,75,341.3,825,0,49125
NIFTY09JAN2011800CE.NFO,07/01/2020,09:32:52,340.6,338.2,75,341.25,75,0,49125
NIFTY09JAN2011800CE.NFO,07/01/2020,09:32:53,340.6,338.45,75,341.3,825,0,49125
NIFTY09JAN2011800CE.NFO,07/01/2020,09:32:54,340.6,338.65,75,341.3,825,0,49125
NIFTY09JAN2011800CE.NFO,07/01/2020,09:32:55,340.6,338.2,75,341.3,825,0,49125
NIFTY09JAN2011800CE.NFO,07/01/2020,09:32:57,340.6,338.5,75,341.25,75,0,49125
NIFTY09JAN2011800CE.NFO,07/01/2020,09:32:57,340.6,338.7,75,341.3,825,0,49125
NIFTY09JAN2011800CE.NFO,07/01/2020,09:32:58,340.6,339,75,341.45,75,0,49125
NIFTY09JAN2011800CE.NFO,07/01/2020,09:32:59,340.6,339.1,75,342.05,825,0,49125
NIFTY09JAN2011800CE.NFO,07/01/2020,09:33:00,340.6,339.05,75,342.05,825,0,49125
NIFTY09JAN2011800CE.NFO,07/01/2020,09:33:01,340.6,339.3,75,342.05,450,0,49125
NIFTY09JAN2011800CE.NFO,07/01/2020,09:33:02,340.6,339.55,75,342.05,450,0,49125
NIFTY09JAN2011800CE.NFO,07/01/2020,09:33:03,340.6,339.45,75,342.05,450,0,49125
NIFTY09JAN2011800CE.NFO,07/01/2020,09:33:04,340.6,339.15,75,342.05,450,0,49125
NIFTY09JAN2011800CE.NFO,07/01/2020,09:33:06,340.6,338.85,75,341.95,375,0,49125
NIFTY09JAN2011800CE.NFO,07/01/2020,09:33:06,340.6,339.25,75,342.05,450,0,49125
NIFTY09JAN2011800CE.NFO,07/01/2020,09:33:07,340.6,339.4,75,342,375,0,49125
NIFTY09JAN2011800CE.NFO,07/01/2020,09:33:08,340.6,339.35,75,342,375,0,49125
NIFTY09JAN2011800CE.NFO,07/01/2020,09:33:09,340.6,340.55,75,343.75,75,0,49125
NIFTY09JAN2011800CE.NFO,07/01/2020,09:33:10,340.6,340.35,825,343.75,75,0,49125
NIFTY09JAN2011800CE.NFO,07/01/2020,09:33:11,340.6,340.35,75,343.8,825,0,49125
NIFTY09JAN2011800CE.NFO,07/01/2020,09:33:12,340.6,340.25,75,343.75,75,0,49125
NIFTY09JAN2011800CE.NFO,07/01/2020,09:33:13,340.6,340.25,75,343.75,150,0,49125
NIFTY09JAN2011800CE.NFO,07/01/2020,09:33:14,340.6,340.8,75,343.8,825,0,49125
NIFTY09JAN2011800CE.NFO,07/01/2020,09:33:15,340.6,340.45,75,343.8,825,0,49125
NIFTY09JAN2011800CE.NFO,07/01/2020,09:33:16,340.6,340.5,75,343.8,825,0,49125
NIFTY09JAN2011800CE.NFO,07/01/2020,09:33:17,340.6,340.05,75,343.45,75,0,49125
NIFTY09JAN2011800CE.NFO,07/01/2020,09:33:18,340.6,339.7,75,343.15,75,0,49125
NIFTY09JAN2011800CE.NFO,07/01/2020,09:33:19,340.6,340.05,75,342.85,75,0,49125
NIFTY09JAN2011800CE.NFO,07/01/2020,09:33:20,340.6,340.1,75,342.75,825,0,49125
NIFTY09JAN2011800CE.NFO,07/01/2020,09:33:21,340.6,339.5,75,342.75,825,0,49125
NIFTY09JAN2011800CE.NFO,07/01/2020,09:33:22,340.6,339.4,75,342.7,75,0,49125
NIFTY09JAN2011800CE.NFO,07/01/2020,09:33:23,340.6,339.75,75,342.3,825,0,49125
NIFTY09JAN2011800CE.NFO,07/01/2020,09:33:25,340.6,339.9,75,342.3,825,0,49125
NIFTY09JAN2011800CE.NFO,07/01/2020,09:33:26,340.6,340.2,75,342.3,825,0,49125
NIFTY09JAN2011800CE.NFO,07/01/2020,09:33:27,340.6,340.4,75,342.3,825,0,49125
NIFTY09JAN2011800CE.NFO,07/01/2020,09:33:28,340.6,339.6,150,342.3,375,0,49125
NIFTY09JAN2011800CE.NFO,07/01/2020,09:33:29,340.6,340.2,75,342.3,375,0,49125
NIFTY09JAN2011800CE.NFO,07/01/2020,09:33:31,340.6,340.35,75,342.3,375,0,49125
NIFTY09JAN2011800CE.NFO,07/01/2020,09:33:32,340.6,340.4,75,342.3,375,0,49125
NIFTY09JAN2011800CE.NFO,07/01/2020,09:33:33,340.6,340.6,75,342.3,375,0,49125
NIFTY09JAN2011800CE.NFO,07/01/2020,09:33:34,340.6,339.9,75,342.3,375,0,49125
NIFTY09JAN2011800CE.NFO,07/01/2020,09:33:35,340.6,340.25,75,342.3,375,0,49125
NIFTY09JAN2011800CE.NFO,07/01/2020,09:33:36,340.6,340.05,75,342.3,375,0,49125
NIFTY09JAN2011800CE.NFO,07/01/2020,09:33:37,340.6,340.25,75,342.3,375,0,49125
NIFTY09JAN2011800CE.NFO,07/01/2020,09:33:38,340.6,340.4,75,342.25,450,0,49125
NIFTY09JAN2011800CE.NFO,07/01/2020,09:33:39,340.6,340.2,75,342.3,375,0,49125
NIFTY09JAN2011800CE.NFO,07/01/2020,09:33:40,340.6,340.4,75,343.15,825,0,49125
NIFTY09JAN2011800CE.NFO,07/01/2020,09:33:41,340.6,340.75,75,343.15,825,0,49125
NIFTY09JAN2011800CE.NFO,07/01/2020,09:33:42,340.6,340.7,75,343.15,375,0,49125
NIFTY09JAN2011800CE.NFO,07/01/2020,09:33:44,340.6,340.9,75,343.15,375,0,49125
NIFTY09JAN2011800CE.NFO,07/01/2020,09:33:44,340.6,340.9,150,343.15,375,0,49125
NIFTY09JAN2011800CE.NFO,07/01/2020,09:33:45,340.6,341,75,343.15,375,0,49125
NIFTY09JAN2011800CE.NFO,07/01/2020,09:33:46,340.6,341,75,343.1,450,0,49125
NIFTY09JAN2011800CE.NFO,07/01/2020,09:33:48,340.6,341.15,75,343.1,450,0,49125
NIFTY09JAN2011800CE.NFO,07/01/2020,09:33:49,340.6,341.2,75,343.15,375,0,49125
NIFTY09JAN2011800CE.NFO,07/01/2020,09:33:50,340.6,341.25,75,343.15,375,0,49125
NIFTY09JAN2011800CE.NFO,07/01/2020,09:33:51,340.6,341.45,75,343.15,375,0,49125
NIFTY09JAN2011800CE.NFO,07/01/2020,09:33:52,340.6,341.55,75,343.15,375,0,49125
NIFTY09JAN2011800CE.NFO,07/01/2020,09:33:53,340.6,341.65,75,343.15,375,0,49125
NIFTY09JAN2011800CE.NFO,07/01/2020,09:33:54,340.6,340.85,75,343.15,375,0,49125
NIFTY09JAN2011800CE.NFO,07/01/2020,09:33:55,340.6,341.15,75,343.15,375,0,49125
NIFTY09JAN2011800CE.NFO,07/01/2020,09:33:56,340.6,341.6,75,343.8,375,0,49125
NIFTY09JAN2011800CE.NFO,07/01/2020,09:33:57,340.6,341.7,75,343.8,375,0,49125
NIFTY09JAN2011800CE.NFO,07/01/2020,09:33:58,340.6,341.75,75,343.8,375,0,49125
NIFTY09JAN2011800CE.NFO,07/01/2020,09:33:59,340.6,342.1,75,344.55,825,0,49125
NIFTY09JAN2011800CE.NFO,07/01/2020,09:34:00,340.6,342.25,75,344.55,825,0,49125
NIFTY09JAN2011800CE.NFO,07/01/2020,09:34:02,340.6,343,75,345.7,825,0,49125
NIFTY09JAN2011800CE.NFO,07/01/2020,09:34:02,340.6,342.9,75,345.7,825,0,49125
NIFTY09JAN2011800CE.NFO,07/01/2020,09:34:03,340.6,342.7,75,345.65,75,0,49125
NIFTY09JAN2011800CE.NFO,07/01/2020,09:34:04,340.6,342.1,75,345.3,75,0,49125
NIFTY09JAN2011800CE.NFO,07/01/2020,09:34:05,340.6,342.15,75,345.3,75,0,49125
NIFTY09JAN2011800CE.NFO,07/01/2020,09:34:06,340.6,341.8,75,344.7,75,0,49125
NIFTY09JAN2011800CE.NFO,07/01/2020,09:34:07,340.6,341.3,75,344.35,75,0,49125
NIFTY09JAN2011800CE.NFO,07/01/2020,09:34:08,340.6,341.3,75,344.05,75,0,49125
NIFTY09JAN2011800CE.NFO,07/01/2020,09:34:09,340.6,341.4,75,344,825,0,49125
NIFTY09JAN2011800CE.NFO,07/01/2020,09:34:10,340.6,341.3,75,344,825,0,49125
NIFTY09JAN2011800CE.NFO,07/01/2020,09:34:11,340.6,341.35,75,343.95,75,0,49125
NIFTY09JAN2011800CE.NFO,07/01/2020,09:34:12,340.6,341.45,75,344,825,0,49125
NIFTY09JAN2011800CE.NFO,07/01/2020,09:34:13,340.6,340.9,75,343.95,75,0,49125
NIFTY09JAN2011800CE.NFO,07/01/2020,09:34:14,340.6,341.35,150,344,825,0,49125
NIFTY09JAN2011800CE.NFO,07/01/2020,09:34:15,340.6,341.5,75,344,825,0,49125
NIFTY09JAN2011800CE.NFO,07/01/2020,09:34:16,340.6,340.75,75,343.9,75,0,49125
NIFTY09JAN2011800CE.NFO,07/01/2020,09:34:17,340.6,340.65,75,343.9,150,0,49125
NIFTY09JAN2011800CE.NFO,07/01/2020,09:34:18,340.6,340.95,75,343.9,150,0,49125
NIFTY09JAN2011800CE.NFO,07/01/2020,09:34:19,340.6,340,75,343.45,825,0,49125
NIFTY09JAN2011800CE.NFO,07/01/2020,09:34:20,340.6,339.75,225,342.9,825,0,49125
NIFTY09JAN2011800CE.NFO,07/01/2020,09:34:21,340.6,340.25,75,342.9,825,0,49125
NIFTY09JAN2011800CE.NFO,07/01/2020,09:34:22,340.6,340.4,75,342.9,825,0,49125
NIFTY09JAN2011800CE.NFO,07/01/2020,09:34:23,340.6,339.75,75,342.9,825,0,49125
NIFTY09JAN2011800CE.NFO,07/01/2020,09:34:24,340.6,340.1,75,342.9,825,0,49125
NIFTY09JAN2011800CE.NFO,07/01/2020,09:34:25,340.6,340.4,75,342.9,825,0,49125
NIFTY09JAN2011800CE.NFO,07/01/2020,09:34:26,340.6,339.55,75,342.55,75,0,49125
NIFTY09JAN2011800CE.NFO,07/01/2020,09:34:27,340.6,338.7,75,342.25,75,0,49125
NIFTY09JAN2011800CE.NFO,07/01/2020,09:34:28,340.6,338.7,75,341.8,825,0,49125
NIFTY09JAN2011800CE.NFO,07/01/2020,09:34:29,340.6,338.55,75,340.95,75,0,49125
NIFTY09JAN2011800CE.NFO,07/01/2020,09:34:30,340.6,338.15,75,341.2,825,0,49125
NIFTY09JAN2011800CE.NFO,07/01/2020,09:34:31,340.6,338.15,75,340.95,75,0,49125
NIFTY09JAN2011800CE.NFO,07/01/2020,09:34:34,340.6,337.7,75,340.15,825,0,49125
NIFTY09JAN2011800CE.NFO,07/01/2020,09:34:34,340.6,336.55,75,340.15,825,0,49125
NIFTY09JAN2011800CE.NFO,07/01/2020,09:34:35,340.6,337.05,75,340.1,75,0,49125
NIFTY09JAN2011800CE.NFO,07/01/2020,09:34:36,340.6,337.45,75,340.15,825,0,49125
NIFTY09JAN2011800CE.NFO,07/01/2020,09:34:37,340.6,337.65,75,340.15,825,0,49125
NIFTY09JAN2011800CE.NFO,07/01/2020,09:34:38,340.6,337.9,75,340.15,375,0,49125
NIFTY09JAN2011800CE.NFO,07/01/2020,09:34:40,340.6,337.7,75,340.1,450,0,49125
NIFTY09JAN2011800CE.NFO,07/01/2020,09:34:41,340.6,337.15,75,340.1,450,0,49125
NIFTY09JAN2011800CE.NFO,07/01/2020,09:34:43,340.6,337.25,75,340.1,450,0,49125
NIFTY09JAN2011800CE.NFO,07/01/2020,09:34:44,340.6,336.9,75,339.85,75,0,49125
NIFTY09JAN2011800CE.NFO,07/01/2020,09:34:45,340.6,336.95,75,339.65,825,0,49125
NIFTY09JAN2011800CE.NFO,07/01/2020,09:34:47,340.6,336.25,75,339.65,900,0,49125
NIFTY09JAN2011800CE.NFO,07/01/2020,09:34:48,340.6,336.7,75,339.65,825,0,49125
NIFTY09JAN2011800CE.NFO,07/01/2020,09:34:49,340.6,336.85,75,339.65,825,0,49125
NIFTY09JAN2011800CE.NFO,07/01/2020,09:34:50,340.6,337.05,75,339.6,75,0,49125
NIFTY09JAN2011800CE.NFO,07/01/2020,09:34:51,340.6,337.1,75,339.6,75,0,49125
NIFTY09JAN2011800CE.NFO,07/01/2020,09:34:52,340.6,336.25,75,339.55,150,0,49125
NIFTY09JAN2011800CE.NFO,07/01/2020,09:34:54,340.6,336,75,339.5,75,0,49125
NIFTY09JAN2011800CE.NFO,07/01/2020,09:34:55,340.6,336.2,75,338.9,375,0,49125
NIFTY09JAN2011800CE.NFO,07/01/2020,09:34:56,340.6,335.7,75,338.85,75,0,49125
NIFTY09JAN2011800CE.NFO,07/01/2020,09:34:57,340.6,336.1,75,338.85,75,0,49125
NIFTY09JAN2011800CE.NFO,07/01/2020,09:34:58,340.6,336.4,75,338.85,75,0,49125
NIFTY09JAN2011800CE.NFO,07/01/2020,09:34:59,338.9,337.2,225,340.1,75,75,49125
NIFTY09JAN2011800CE.NFO,07/01/2020,09:35:00,340.1,337.15,75,340.2,825,75,49125
NIFTY09JAN2011800CE.NFO,07/01/2020,09:35:01,340.1,337.55,75,340.2,750,0,49125
NIFTY09JAN2011800CE.NFO,07/01/2020,09:35:02,340.1,337.5,75,340.2,750,0,49125
NIFTY09JAN2011800CE.NFO,07/01/2020,09:35:03,340.1,337.6,75,340.2,750,0,49125
NIFTY09JAN2011800CE.NFO,07/01/2020,09:35:04,340.1,337.85,75,340.2,750,0,49125
NIFTY09JAN2011800CE.NFO,07/01/2020,09:35:05,340.1,337.15,150,340.2,750,0,49125
NIFTY09JAN2011800CE.NFO,07/01/2020,09:35:06,337.15,337.55,75,340.2,750,75,49125
NIFTY09JAN2011800CE.NFO,07/01/2020,09:35:07,337.15,337.55,75,340.2,750,0,49125
NIFTY09JAN2011800CE.NFO,07/01/2020,09:35:08,337.15,336.45,75,339.3,75,0,49125
NIFTY09JAN2011800CE.NFO,07/01/2020,09:35:09,337.15,336.45,150,339.25,750,0,49125
NIFTY09JAN2011800CE.NFO,07/01/2020,09:35:10,337.15,336.95,75,339.25,750,0,49125
NIFTY09JAN2011800CE.NFO,07/01/2020,09:35:11,337.15,337.05,75,339.25,300,0,49125
NIFTY09JAN2011800CE.NFO,07/01/2020,09:35:14,337.15,337.35,75,339.25,300,0,49125
NIFTY09JAN2011800CE.NFO,07/01/2020,09:35:15,337.15,337.45,75,339.25,300,0,49125
NIFTY09JAN2011800CE.NFO,07/01/2020,09:35:16,337.15,336.85,75,339.25,300,0,49125
NIFTY09JAN2011800CE.NFO,07/01/2020,09:35:17,337.15,337.1,75,339.25,300,0,49125
NIFTY09JAN2011800CE.NFO,07/01/2020,09:35:19,337.15,337.05,75,339.25,300,0,49125
NIFTY09JAN2011800CE.NFO,07/01/2020,09:35:20,337.15,337.55,75,339.25,300,0,49125
NIFTY09JAN2011800CE.NFO,07/01/2020,09:35:21,337.15,336.5,750,339.2,450,0,49125
NIFTY09JAN2011800CE.NFO,07/01/2020,09:35:22,337.15,336.35,150,339.15,75,0,49125
NIFTY09JAN2011800CE.NFO,07/01/2020,09:35:23,337.15,336.4,75,339.15,150,0,49125
NIFTY09JAN2011800CE.NFO,07/01/2020,09:35:24,337.15,336.6,75,339.15,75,0,49125
NIFTY09JAN2011800CE.NFO,07/01/2020,09:35:25,337.15,336.75,75,339.15,75,0,49125
NIFTY09JAN2011800CE.NFO,07/01/2020,09:35:26,337.15,335.85,75,338.7,150,0,49125
NIFTY09JAN2011800CE.NFO,07/01/2020,09:35:27,337.15,335.7,75,338.65,750,0,49125
NIFTY09JAN2011800CE.NFO,07/01/2020,09:35:28,337.15,336.1,75,338.65,750,0,49125
NIFTY09JAN2011800CE.NFO,07/01/2020,09:35:29,337.15,336.2,75,338.65,750,0,49125
NIFTY09JAN2011800CE.NFO,07/01/2020,09:35:30,337.15,336.25,75,338.65,750,0,49125
NIFTY09JAN2011800CE.NFO,07/01/2020,09:35:31,337.15,335.5,75,338.6,75,0,49125
NIFTY09JAN2011800CE.NFO,07/01/2020,09:35:33,337.15,335.6,75,338.6,75,0,49125
NIFTY09JAN2011800CE.NFO,07/01/2020,09:35:34,337.15,335.7,75,338.6,75,0,49125
NIFTY09JAN2011800CE.NFO,07/01/2020,09:35:35,337.15,335.9,75,338.65,750,0,49125
NIFTY09JAN2011800CE.NFO,07/01/2020,09:35:35,337.15,335.9,75,338.6,75,0,49125
NIFTY09JAN2011800CE.NFO,07/01/2020,09:35:36,337.15,336,75,338.4,75,0,49125
NIFTY09JAN2011800CE.NFO,07/01/2020,09:35:37,337.15,335.05,75,337.8,75,0,49125
NIFTY09JAN2011800CE.NFO,07/01/2020,09:35:38,337.15,334.65,150,338,75,0,49125
NIFTY09JAN2011800CE.NFO,07/01/2020,09:35:39,337.15,334.75,75,337.8,750,0,49125
NIFTY09JAN2011800CE.NFO,07/01/2020,09:35:40,337.15,334.8,75,337.25,75,0,49125
NIFTY09JAN2011800CE.NFO,07/01/2020,09:35:41,337.15,334.8,75,337.15,75,0,49125
NIFTY09JAN2011800CE.NFO,07/01/2020,09:35:42,337.15,333.75,75,336.85,750,0,49125
NIFTY09JAN2011800CE.NFO,07/01/2020,09:35:43,337.15,333.35,150,336.55,75,0,49125
NIFTY09JAN2011800CE.NFO,07/01/2020,09:35:44,337.15,332.75,75,335.9,825,0,49125
NIFTY09JAN2011800CE.NFO,07/01/2020,09:35:45,337.15,332.8,75,335.9,750,0,49125
NIFTY09JAN2011800CE.NFO,07/01/2020,09:35:46,337.15,332.45,75,335.6,750,0,49125
NIFTY09JAN2011800CE.NFO,07/01/2020,09:35:47,337.15,332.8,150,335.6,750,0,49125
NIFTY09JAN2011800CE.NFO,07/01/2020,09:35:48,337.15,333.3,75,335.6,300,0,49125
NIFTY09JAN2011800CE.NFO,07/01/2020,09:35:49,337.15,334,75,337.2,750,0,49125
NIFTY09JAN2011800CE.NFO,07/01/2020,09:35:50,337.15,334.3,75,337.2,750,0,49125
NIFTY09JAN2011800CE.NFO,07/01/2020,09:35:51,337.15,334.7,75,337.2,300,0,49125
NIFTY09JAN2011800CE.NFO,07/01/2020,09:35:52,337.15,335.1,75,337.2,300,0,49125
NIFTY09JAN2011800CE.NFO,07/01/2020,09:35:53,337.15,335.3,75,337.2,300,0,49125
NIFTY09JAN2011800CE.NFO,07/01/2020,09:35:54,337.15,335.1,75,338.4,75,0,49125
NIFTY09JAN2011800CE.NFO,07/01/2020,09:35:55,337.15,335.45,75,338.45,750,0,49125
NIFTY09JAN2011800CE.NFO,07/01/2020,09:35:56,337.15,335.15,75,338.45,750,0,49125
NIFTY09JAN2011800CE.NFO,07/01/2020,09:35:57,337.15,335.4,75,338.45,750,0,49125
NIFTY09JAN2011800CE.NFO,07/01/2020,09:35:58,337.15,335.7,75,338.45,750,0,49125
NIFTY09JAN2011800CE.NFO,07/01/2020,09:35:59,337.15,335.9,75,338.45,750,0,49125
NIFTY09JAN2011800CE.NFO,07/01/2020,09:36:00,337.15,335.1,75,338.45,750,0,49125
NIFTY09JAN2011800CE.NFO,07/01/2020,09:36:01,337.15,335.1,150,338.45,900,0,49125
NIFTY09JAN2011800CE.NFO,07/01/2020,09:36:02,337.15,335.55,75,338.45,750,0,49125
NIFTY09JAN2011800CE.NFO,07/01/2020,09:36:03,337.15,335.75,75,338.4,75,0,49125
NIFTY09JAN2011800CE.NFO,07/01/2020,09:36:04,337.15,335.8,75,337.9,750,0,49125
NIFTY09JAN2011800CE.NFO,07/01/2020,09:36:05,337.15,335.85,75,337.9,750,0,49125
NIFTY09JAN2011800CE.NFO,07/01/2020,09:36:06,337.15,335.1,75,337.9,750,0,49125
NIFTY09JAN2011800CE.NFO,07/01/2020,09:36:07,337.15,335.35,150,337.9,300,0,49125
NIFTY09JAN2011800CE.NFO,07/01/2020,09:36:09,337.9,336.55,225,338.85,450,300,48600
NIFTY09JAN2011800CE.NFO,07/01/2020,09:36:10,337.9,336.55,225,338.85,450,0,48600
NIFTY09JAN2011800CE.NFO,07/01/2020,09:36:12,337.9,337.1,75,339.2,450,0,48600
NIFTY09JAN2011800CE.NFO,07/01/2020,09:36:13,337.9,337.55,150,339.6,450,0,48600
NIFTY09JAN2011800CE.NFO,07/01/2020,09:36:14,337.9,337.35,150,339.6,450,0,48600
NIFTY09JAN2011800CE.NFO,07/01/2020,09:36:15,337.9,337.15,225,339.6,450,0,48600
NIFTY09JAN2011800CE.NFO,07/01/2020,09:36:16,337.9,337.15,75,339.6,450,0,48600
NIFTY09JAN2011800CE.NFO,07/01/2020,09:36:17,337.9,336.4,750,339.6,450,0,48600
NIFTY09JAN2011800CE.NFO,07/01/2020,09:36:18,337.9,336.6,75,339.6,450,0,48600
NIFTY09JAN2011800CE.NFO,07/01/2020,09:36:19,337.9,336.9,75,339.6,450,0,48600
NIFTY09JAN2011800CE.NFO,07/01/2020,09:36:20,337.9,336.95,75,339.6,450,0,48600
NIFTY09JAN2011800CE.NFO,07/01/2020,09:36:21,337.9,335.7,75,339.1,75,0,48600
NIFTY09JAN2011800CE.NFO,07/01/2020,09:36:22,337.9,335.95,75,339,75,0,48600
NIFTY09JAN2011800CE.NFO,07/01/2020,09:36:23,337.9,336.05,75,338.95,75,0,48600
NIFTY09JAN2011800CE.NFO,07/01/2020,09:36:24,337.9,336.25,75,339.05,450,0,48600
NIFTY09JAN2011800CE.NFO,07/01/2020,09:36:25,337.9,336.7,75,339.05,450,0,48600
NIFTY09JAN2011800CE.NFO,07/01/2020,09:36:26,337.9,337,75,339.05,450,0,48600
NIFTY09JAN2011800CE.NFO,07/01/2020,09:36:27,337.9,337.15,75,339.5,450,0,48600
NIFTY09JAN2011800CE.NFO,07/01/2020,09:36:28,337.9,337.2,75,339.5,450,0,48600
NIFTY09JAN2011800CE.NFO,07/01/2020,09:36:29,337.9,337.35,75,339.5,450,0,48600
NIFTY09JAN2011800CE.NFO,07/01/2020,09:36:31,337.9,337.55,75,339.9,75,0,48600
NIFTY09JAN2011800CE.NFO,07/01/2020,09:36:31,337.9,337.55,75,339.95,450,0,48600
NIFTY09JAN2011800CE.NFO,07/01/2020,09:36:32,337.9,337.6,75,339.95,450,0,48600
NIFTY09JAN2011800CE.NFO,07/01/2020,09:36:34,337.9,337.65,75,339.95,450,0,48600
