Ticker,Date,Time,LTP,BuyPrice,BuyQty,SellPrice,SellQty,LTQ,OpenInterest
NIFTY30JAN2012900PE.NFO,07/01/2020,09:29:05,742.5,735.4,75,747.8,150,75,19875
NIFTY30JAN2012900PE.NFO,07/01/2020,09:29:05,742.5,735.4,75,747.8,150,0,19875
NIFTY30JAN2012900PE.NFO,07/01/2020,09:29:05,742.5,735.4,75,747.8,150,0,19875
NIFTY30JAN2012900PE.NFO,07/01/2020,09:29:05,742.5,735.4,75,747.8,150,0,19875
NIFTY30JAN2012900PE.NFO,07/01/2020,09:29:06,742.5,735.4,75,747.6,75,0,19875
NIFTY30JAN2012900PE.NFO,07/01/2020,09:29:07,742.5,735.65,150,747.6,75,0,19875
NIFTY30JAN2012900PE.NFO,07/01/2020,09:29:08,742.5,735.85,75,747.6,75,0,19875
NIFTY30JAN2012900PE.NFO,07/01/2020,09:29:09,742.5,737.1,150,747.6,75,0,19875
NIFTY30JAN2012900PE.NFO,07/01/2020,09:29:11,742.5,737.25,75,747.6,75,0,19875
NIFTY30JAN2012900PE.NFO,07/01/2020,09:29:13,742.5,737.1,150,747.6,75,0,19875
NIFTY30JAN2012900PE.NFO,07/01/2020,09:29:14,742.5,737.1,150,748.3,300,0,19875
NIFTY30JAN2012900PE.NFO,07/01/2020,09:29:15,742.5,737.1,150,747.6,75,0,19875
NIFTY30JAN2012900PE.NFO,07/01/2020,09:29:16,742.5,737.1,150,747.45,300,0,19875
NIFTY30JAN2012900PE.NFO,07/01/2020,09:29:17,742.5,737.1,150,746.9,150,0,19875
NIFTY30JAN2012900PE.NFO,07/01/2020,09:29:18,742.5,737.1,150,746.7,75,0,19875
NIFTY30JAN2012900PE.NFO,07/01/2020,09:29:23,742.5,734.2,75,746.7,75,0,19875
NIFTY30JAN2012900PE.NFO,07/01/2020,09:29:24,742.5,735.3,75,746.7,75,0,19875
NIFTY30JAN2012900PE.NFO,07/01/2020,09:29:25,742.5,735.4,75,746.7,75,0,19875
NIFTY30JAN2012900PE.NFO,07/01/2020,09:29:27,742.5,736.05,150,746.7,75,0,19875
NIFTY30JAN2012900PE.NFO,07/01/2020,09:29:28,742.5,736.5,150,746.7,75,0,19875
NIFTY30JAN2012900PE.NFO,07/01/2020,09:29:29,742.5,736.65,75,747.6,75,0,19875
NIFTY30JAN2012900PE.NFO,07/01/2020,09:29:31,742.5,736.65,75,747.35,75,0,19875
NIFTY30JAN2012900PE.NFO,07/01/2020,09:29:36,742.5,736.5,150,747.35,75,0,19875
NIFTY30JAN2012900PE.NFO,07/01/2020,09:29:41,742.5,736.75,150,747.35,75,0,19875
NIFTY30JAN2012900PE.NFO,07/01/2020,09:29:43,742.5,736.85,75,747.35,75,0,19875
NIFTY30JAN2012900PE.NFO,07/01/2020,09:29:45,742.5,736.9,75,747.35,75,0,19875
NIFTY30JAN2012900PE.NFO,07/01/2020,09:29:46,742.5,737.2,150,747.35,75,0,19875
NIFTY30JAN2012900PE.NFO,07/01/2020,09:29:47,742.5,737.25,75,747.35,75,0,19875
NIFTY30JAN2012900PE.NFO,07/01/2020,09:29:50,742.5,737.55,75,747.35,75,0,19875
NIFTY30JAN2012900PE.NFO,07/01/2020,09:29:51,742.5,737.7,75,747.35,75,0,19875
NIFTY30JAN2012900PE.NFO,07/01/2020,09:29:53,742.5,737.7,75,747.6,75,0,19875
NIFTY30JAN2012900PE.NFO,07/01/2020,09:29:54,742.5,737.7,75,748.2,75,0,19875
NIFTY30JAN2012900PE.NFO,07/01/2020,09:30:02,742.5,737.6,150,747.9,75,0,19875
NIFTY30JAN2012900PE.NFO,07/01/2020,09:30:03,742.5,737.6,150,747.25,75,0,19875
NIFTY30JAN2012900PE.NFO,07/01/2020,09:30:07,742.5,732.85,150,746.85,75,0,19875
NIFTY30JAN2012900PE.NFO,07/01/2020,09:30:08,742.5,736.3,150,748.55,75,0,19875
NIFTY30JAN2012900PE.NFO,07/01/2020,09:30:09,742.5,736.8,75,747.7,75,0,19875
NIFTY30JAN2012900PE.NFO,07/01/2020,09:30:10,742.5,736.7,150,747.25,75,0,19875
NIFTY30JAN2012900PE.NFO,07/01/2020,09:30:13,742.5,736.8,75,747.25,75,0,19875
NIFTY30JAN2012900PE.NFO,07/01/2020,09:30:14,742.5,736.7,150,747,75,0,19875
NIFTY30JAN2012900PE.NFO,07/01/2020,09:30:15,742.5,736.7,150,748.4,150,0,19875
NIFTY30JAN2012900PE.NFO,07/01/2020,09:30:16,742.5,736.7,150,747.6,75,0,19875
NIFTY30JAN2012900PE.NFO,07/01/2020,09:30:18,742.5,733,75,746.85,75,0,19875
NIFTY30JAN2012900PE.NFO,07/01/2020,09:30:19,742.5,734.95,150,747.9,75,0,19875
NIFTY30JAN2012900PE.NFO,07/01/2020,09:30:20,742.5,736.45,150,748,75,0,19875
NIFTY30JAN2012900PE.NFO,07/01/2020,09:30:21,742.5,736.45,150,748.45,150,0,19875
NIFTY30JAN2012900PE.NFO,07/01/2020,09:30:22,742.5,736.45,150,748,75,0,19875
NIFTY30JAN2012900PE.NFO,07/01/2020,09:30:23,742.5,736.45,150,747.5,150,0,19875
NIFTY30JAN2012900PE.NFO,07/01/2020,09:30:25,742.5,736.45,150,747.3,75,0,19875
NIFTY30JAN2012900PE.NFO,07/01/2020,09:30:29,742.5,736.6,75,748.05,150,0,19875
NIFTY30JAN2012900PE.NFO,07/01/2020,09:30:30,742.5,736.45,150,747.85,75,0,19875
NIFTY30JAN2012900PE.NFO,07/01/2020,09:30:33,742.5,736.45,150,747.2,75,0,19875
NIFTY30JAN2012900PE.NFO,07/01/2020,09:30:37,742.5,736.75,150,747.2,75,0,19875
NIFTY30JAN2012900PE.NFO,07/01/2020,09:30:38,742.5,736.85,75,747.85,75,0,19875
NIFTY30JAN2012900PE.NFO,07/01/2020,09:30:44,742.5,736.75,150,747.75,300,0,19875
NIFTY30JAN2012900PE.NFO,07/01/2020,09:30:46,742.5,736.75,150,747.15,75,0,19875
NIFTY30JAN2012900PE.NFO,07/01/2020,09:30:48,742.5,736.75,150,747.9,150,0,19875
NIFTY30JAN2012900PE.NFO,07/01/2020,09:30:49,742.5,736.75,150,748,75,0,19875
NIFTY30JAN2012900PE.NFO,07/01/2020,09:30:50,742.5,736.75,150,747.35,150,0,19875
NIFTY30JAN2012900PE.NFO,07/01/2020,09:30:51,742.5,736.75,150,747.15,75,0,19875
NIFTY30JAN2012900PE.NFO,07/01/2020,09:30:53,742.5,736.75,150,748.4,75,0,19875
NIFTY30JAN2012900PE.NFO,07/01/2020,09:30:56,742.5,736.85,75,748.4,75,0,19875
NIFTY30JAN2012900PE.NFO,07/01/2020,09:30:57,742.5,736.85,75,747.9,75,0,19875
NIFTY30JAN2012900PE.NFO,07/01/2020,09:31:01,742.5,736.75,150,747.45,150,0,19875
NIFTY30JAN2012900PE.NFO,07/01/2020,09:31:02,742.5,736.75,150,747.25,75,0,19875
NIFTY30JAN2012900PE.NFO,07/01/2020,09:31:04,742.5,736.75,150,747.15,300,0,19875
NIFTY30JAN2012900PE.NFO,07/01/2020,09:31:05,742.5,736.75,150,746.95,75,0,19875
NIFTY30JAN2012900PE.NFO,07/01/2020,09:31:07,742.5,736.75,150,746.65,75,0,19875
NIFTY30JAN2012900PE.NFO,07/01/2020,09:31:12,742.5,733.65,75,745.75,75,0,19875
NIFTY30JAN2012900PE.NFO,07/01/2020,09:31:13,742.5,733.85,75,745.3,75,0,19875
NIFTY30JAN2012900PE.NFO,07/01/2020,09:31:15,742.5,733.85,75,744.5,75,0,19875
NIFTY30JAN2012900PE.NFO,07/01/2020,09:31:35,742.5,733.7,150,744,75,0,19875
NIFTY30JAN2012900PE.NFO,07/01/2020,09:31:41,742.5,733.7,150,743.75,75,0,19875
NIFTY30JAN2012900PE.NFO,07/01/2020,09:31:45,742.5,733.7,150,743.3,75,0,19875
NIFTY30JAN2012900PE.NFO,07/01/2020,09:31:47,742.5,733.7,150,743,75,0,19875
NIFTY30JAN2012900PE.NFO,07/01/2020,09:31:51,742.5,718.8,150,742.65,150,0,19875
NIFTY30JAN2012900PE.NFO,07/01/2020,09:31:52,742.5,731.4,150,742.7,75,0,19875
NIFTY30JAN2012900PE.NFO,07/01/2020,09:31:53,742.5,731.4,225,742.7,75,0,19875
NIFTY30JAN2012900PE.NFO,07/01/2020,09:31:55,742.5,731.4,225,742.45,75,0,19875
NIFTY30JAN2012900PE.NFO,07/01/2020,09:31:56,742.5,731.4,150,741.85,75,0,19875
NIFTY30JAN2012900PE.NFO,07/01/2020,09:31:59,742.5,731.4,150,741.35,75,0,19875
NIFTY30JAN2012900PE.NFO,07/01/2020,09:32:01,742.5,726.15,75,741.35,75,0,19875
NIFTY30JAN2012900PE.NFO,07/01/2020,09:32:02,742.5,729.6,150,741.35,75,0,19875
NIFTY30JAN2012900PE.NFO,07/01/2020,09:32:03,742.5,730,75,741.1,75,0,19875
NIFTY30JAN2012900PE.NFO,07/01/2020,09:32:04,742.5,730.05,150,740.6,75,0,19875
NIFTY30JAN2012900PE.NFO,07/01/2020,09:32:06,742.5,730.05,150,741,150,0,19875
NIFTY30JAN2012900PE.NFO,07/01/2020,09:32:08,742.5,730.05,150,740.95,150,0,19875
NIFTY30JAN2012900PE.NFO,07/01/2020,09:32:09,742.5,730.05,150,740.5,75,0,19875
NIFTY30JAN2012900PE.NFO,07/01/2020,09:32:12,742.5,730.05,150,739.85,75,0,19875
NIFTY30JAN2012900PE.NFO,07/01/2020,09:32:16,742.5,730.05,150,739.6,75,0,19875
NIFTY30JAN2012900PE.NFO,07/01/2020,09:32:19,742.5,715.15,150,739.35,150,0,19875
NIFTY30JAN2012900PE.NFO,07/01/2020,09:32:20,742.5,724.8,75,736.8,75,0,19875
NIFTY30JAN2012900PE.NFO,07/01/2020,09:32:22,742.5,725.35,75,736.8,75,0,19875
NIFTY30JAN2012900PE.NFO,07/01/2020,09:32:23,742.5,725.4,225,736.3,75,0,19875
NIFTY30JAN2012900PE.NFO,07/01/2020,09:32:24,742.5,725.5,75,736.3,75,0,19875
NIFTY30JAN2012900PE.NFO,07/01/2020,09:32:25,742.5,725.4,150,735.65,75,0,19875
NIFTY30JAN2012900PE.NFO,07/01/2020,09:32:33,742.5,725.4,150,735,75,0,19875
NIFTY30JAN2012900PE.NFO,07/01/2020,09:32:34,742.5,725.4,150,734.95,150,0,19875
NIFTY30JAN2012900PE.NFO,07/01/2020,09:32:35,742.5,725.4,150,734.7,75,0,19875
NIFTY30JAN2012900PE.NFO,07/01/2020,09:32:39,742.5,722.05,75,733.55,75,0,19875
NIFTY30JAN2012900PE.NFO,07/01/2020,09:32:40,742.5,722.1,150,733.35,300,0,19875
NIFTY30JAN2012900PE.NFO,07/01/2020,09:32:42,742.5,722.1,150,732.85,75,0,19875
NIFTY30JAN2012900PE.NFO,07/01/2020,09:32:44,742.5,722.2,75,732.85,75,0,19875
NIFTY30JAN2012900PE.NFO,07/01/2020,09:32:46,742.5,722.85,75,734.35,75,0,19875
NIFTY30JAN2012900PE.NFO,07/01/2020,09:32:48,742.5,723.3,75,734.15,75,0,19875
NIFTY30JAN2012900PE.NFO,07/01/2020,09:32:49,742.5,723.45,75,734.15,75,0,19875
NIFTY30JAN2012900PE.NFO,07/01/2020,09:32:51,742.5,723.35,150,734.15,75,0,19875
NIFTY30JAN2012900PE.NFO,07/01/2020,09:32:52,742.5,723.8,75,734.15,75,0,19875
NIFTY30JAN2012900PE.NFO,07/01/2020,09:32:53,742.5,723.85,150,733.65,75,0,19875
NIFTY30JAN2012900PE.NFO,07/01/2020,09:32:54,742.5,723.85,150,734.05,75,0,19875
NIFTY30JAN2012900PE.NFO,07/01/2020,09:33:01,742.5,723.85,150,734,300,0,19875
NIFTY30JAN2012900PE.NFO,07/01/2020,09:33:02,742.5,723.85,150,733.55,75,0,19875
NIFTY30JAN2012900PE.NFO,07/01/2020,09:33:03,742.5,720.65,75,733.55,75,0,19875
NIFTY30JAN2012900PE.NFO,07/01/2020,09:33:04,742.5,721.45,75,732.9,75,0,19875
NIFTY30JAN2012900PE.NFO,07/01/2020,09:33:06,742.5,721.7,75,732.9,75,0,19875
NIFTY30JAN2012900PE.NFO,07/01/2020,09:33:07,742.5,722,75,732.9,75,0,19875
NIFTY30JAN2012900PE.NFO,07/01/2020,09:33:08,742.5,722.05,150,732.9,75,0,19875
NIFTY30JAN2012900PE.NFO,07/01/2020,09:33:09,742.5,722.4,150,732.9,75,0,19875
NIFTY30JAN2012900PE.NFO,07/01/2020,09:33:10,742.5,722.4,150,732.2,75,0,19875
NIFTY30JAN2012900PE.NFO,07/01/2020,09:33:14,742.5,722.4,150,731.95,75,0,19875
NIFTY30JAN2012900PE.NFO,07/01/2020,09:33:15,742.5,722.4,150,731.25,75,0,19875
NIFTY30JAN2012900PE.NFO,07/01/2020,09:33:18,742.5,722.4,150,733.25,75,0,19875
NIFTY30JAN2012900PE.NFO,07/01/2020,09:33:19,742.5,722.4,150,732.85,75,0,19875
NIFTY30JAN2012900PE.NFO,07/01/2020,09:33:20,742.5,722.4,150,733.1,150,0,19875
NIFTY30JAN2012900PE.NFO,07/01/2020,09:33:21,742.5,722.45,75,733.25,75,0,19875
NIFTY30JAN2012900PE.NFO,07/01/2020,09:33:22,742.5,722.45,75,732.75,75,0,19875
NIFTY30JAN2012900PE.NFO,07/01/2020,09:33:25,742.5,722.75,75,732.75,75,0,19875
NIFTY30JAN2012900PE.NFO,07/01/2020,09:33:26,742.5,722.8,150,732.7,150,0,19875
NIFTY30JAN2012900PE.NFO,07/01/2020,09:33:27,742.5,722.8,150,732.5,75,0,19875
NIFTY30JAN2012900PE.NFO,07/01/2020,09:33:39,742.5,722.8,150,731.5,150,0,19875
NIFTY30JAN2012900PE.NFO,07/01/2020,09:33:40,742.5,716.85,75,731.3,75,0,19875
NIFTY30JAN2012900PE.NFO,07/01/2020,09:33:42,742.5,720.85,75,731.3,75,0,19875
NIFTY30JAN2012900PE.NFO,07/01/2020,09:33:43,742.5,721.1,75,731.3,75,0,19875
NIFTY30JAN2012900PE.NFO,07/01/2020,09:33:44,742.5,721.15,150,731.3,75,0,19875
NIFTY30JAN2012900PE.NFO,07/01/2020,09:33:47,742.5,721.2,75,731.3,75,0,19875
NIFTY30JAN2012900PE.NFO,07/01/2020,09:33:48,742.5,721.35,75,731.3,75,0,19875
NIFTY30JAN2012900PE.NFO,07/01/2020,09:33:49,742.5,721.6,75,731.3,75,0,19875
NIFTY30JAN2012900PE.NFO,07/01/2020,09:33:50,742.5,721.65,150,731.3,75,0,19875
NIFTY30JAN2012900PE.NFO,07/01/2020,09:33:58,742.5,721.65,150,731,75,0,19875
NIFTY30JAN2012900PE.NFO,07/01/2020,09:34:00,742.5,719.5,75,730.4,75,0,19875
NIFTY30JAN2012900PE.NFO,07/01/2020,09:34:01,742.5,719.75,75,729.95,150,0,19875
NIFTY30JAN2012900PE.NFO,07/01/2020,09:34:03,742.5,719.8,150,729.75,75,0,19875
NIFTY30JAN2012900PE.NFO,07/01/2020,09:34:04,742.5,719.9,75,729.5,75,0,19875
NIFTY30JAN2012900PE.NFO,07/01/2020,09:34:05,742.5,719.8,150,729.95,75,0,19875
NIFTY30JAN2012900PE.NFO,07/01/2020,09:34:06,742.5,719.85,75,732.2,150,0,19875
NIFTY30JAN2012900PE.NFO,07/01/2020,09:34:07,742.5,719.85,75,731.65,75,0,19875
NIFTY30JAN2012900PE.NFO,07/01/2020,09:34:09,742.5,720.4,75,731.65,75,0,19875
NIFTY30JAN2012900PE.NFO,07/01/2020,09:34:10,742.5,720.45,150,731.65,75,0,19875
NIFTY30JAN2012900PE.NFO,07/01/2020,09:34:11,742.5,720.65,75,731.65,75,0,19875
NIFTY30JAN2012900PE.NFO,07/01/2020,09:34:12,742.5,720.7,150,730.5,75,0,19875
NIFTY30JAN2012900PE.NFO,07/01/2020,09:34:13,742.5,720.95,150,732.4,75,0,19875
NIFTY30JAN2012900PE.NFO,07/01/2020,09:34:14,742.5,720.95,150,730.65,75,0,19875
NIFTY30JAN2012900PE.NFO,07/01/2020,09:34:18,742.5,721,75,730.65,75,0,19875
NIFTY30JAN2012900PE.NFO,07/01/2020,09:34:19,742.5,721.25,75,730.65,75,0,19875
NIFTY30JAN2012900PE.NFO,07/01/2020,09:34:20,742.5,721.5,75,733.3,75,0,19875
NIFTY30JAN2012900PE.NFO,07/01/2020,09:34:21,742.5,721.5,75,732.45,150,0,19875
NIFTY30JAN2012900PE.NFO,07/01/2020,09:34:22,742.5,721.6,75,732.25,75,0,19875
NIFTY30JAN2012900PE.NFO,07/01/2020,09:34:24,742.5,721.55,150,732.25,75,0,19875
NIFTY30JAN2012900PE.NFO,07/01/2020,09:34:25,742.5,721.55,150,731.75,75,0,19875
NIFTY30JAN2012900PE.NFO,07/01/2020,09:34:26,742.5,722,75,732.7,75,0,19875
NIFTY30JAN2012900PE.NFO,07/01/2020,09:34:27,742.5,722.3,75,732.7,75,0,19875
NIFTY30JAN2012900PE.NFO,07/01/2020,09:34:29,742.5,722.8,75,732.7,75,0,19875
NIFTY30JAN2012900PE.NFO,07/01/2020,09:34:30,742.5,723.3,75,733.8,75,0,19875
NIFTY30JAN2012900PE.NFO,07/01/2020,09:34:31,742.5,723.1,150,733.8,75,0,19875
NIFTY30JAN2012900PE.NFO,07/01/2020,09:34:33,742.5,723.5,75,733.8,75,0,19875
NIFTY30JAN2012900PE.NFO,07/01/2020,09:34:34,742.5,724.55,75,736.95,75,0,19875
NIFTY30JAN2012900PE.NFO,07/01/2020,09:34:36,742.5,724.6,150,734.9,75,0,19875
NIFTY30JAN2012900PE.NFO,07/01/2020,09:34:38,742.5,724.6,150,734.65,75,0,19875
NIFTY30JAN2012900PE.NFO,07/01/2020,09:34:39,742.5,724.7,75,734.65,75,0,19875
NIFTY30JAN2012900PE.NFO,07/01/2020,09:34:53,742.5,724.7,150,734.65,75,0,19875
NIFTY30JAN2012900PE.NFO,07/01/2020,09:34:55,742.5,724.75,75,737.05,75,0,19875
NIFTY30JAN2012900PE.NFO,07/01/2020,09:34:56,742.5,725.35,75,736.3,75,0,19875
NIFTY30JAN2012900PE.NFO,07/01/2020,09:34:57,742.5,725.4,75,736.25,150,0,19875
NIFTY30JAN2012900PE.NFO,07/01/2020,09:34:58,742.5,725.45,150,735.75,75,0,19875
NIFTY30JAN2012900PE.NFO,07/01/2020,09:34:59,742.5,725.45,150,734.7,150,0,19875
NIFTY30JAN2012900PE.NFO,07/01/2020,09:35:01,742.5,725.45,150,734.35,150,0,19875
NIFTY30JAN2012900PE.NFO,07/01/2020,09:35:02,742.5,725.45,150,733.9,75,0,19875
NIFTY30JAN2012900PE.NFO,07/01/2020,09:35:08,742.5,725.45,150,735.6,75,0,19875
NIFTY30JAN2012900PE.NFO,07/01/2020,09:35:11,742.5,725.45,150,734.95,75,0,19875
NIFTY30JAN2012900PE.NFO,07/01/2020,09:35:18,742.5,725.45,150,734.4,75,0,19875
NIFTY30JAN2012900PE.NFO,07/01/2020,09:35:19,742.5,725.45,150,736.05,300,0,19875
NIFTY30JAN2012900PE.NFO,07/01/2020,09:35:20,742.5,725.45,150,735.6,75,0,19875
NIFTY30JAN2012900PE.NFO,07/01/2020,09:35:23,742.5,725.7,150,735.6,75,0,19875
NIFTY30JAN2012900PE.NFO,07/01/2020,09:35:24,742.5,725.9,75,735.6,75,0,19875
NIFTY30JAN2012900PE.NFO,07/01/2020,09:35:25,742.5,725.95,150,735.6,75,0,19875
NIFTY30JAN2012900PE.NFO,07/01/2020,09:35:30,742.5,726.2,150,735.6,75,0,19875
NIFTY30JAN2012900PE.NFO,07/01/2020,09:35:31,742.5,726.45,150,735.6,75,0,19875
NIFTY30JAN2012900PE.NFO,07/01/2020,09:35:36,742.5,726.45,150,737.25,75,0,19875
NIFTY30JAN2012900PE.NFO,07/01/2020,09:35:37,742.5,726.7,150,737.35,75,0,19875
NIFTY30JAN2012900PE.NFO,07/01/2020,09:35:38,742.5,726.7,150,736.9,75,0,19875
NIFTY30JAN2012900PE.NFO,07/01/2020,09:35:39,742.5,726.85,75,736.9,75,0,19875
NIFTY30JAN2012900PE.NFO,07/01/2020,09:35:40,742.5,726.9,75,736.9,75,0,19875
NIFTY30JAN2012900PE.NFO,07/01/2020,09:35:41,742.5,727.15,75,736.9,75,0,19875
NIFTY30JAN2012900PE.NFO,07/01/2020,09:35:43,742.5,727.4,75,736.9,75,0,19875
NIFTY30JAN2012900PE.NFO,07/01/2020,09:35:44,742.5,727.65,75,738.65,300,0,19875
NIFTY30JAN2012900PE.NFO,07/01/2020,09:35:45,742.5,728.2,75,738.45,75,0,19875
NIFTY30JAN2012900PE.NFO,07/01/2020,09:35:46,742.5,728.4,75,738.45,75,0,19875
NIFTY30JAN2012900PE.NFO,07/01/2020,09:35:50,742.5,728.25,150,738.15,150,0,19875
NIFTY30JAN2012900PE.NFO,07/01/2020,09:35:51,742.5,728.25,150,737.95,75,0,19875
NIFTY30JAN2012900PE.NFO,07/01/2020,09:35:52,742.5,723.8,300,737.25,75,0,19875
NIFTY30JAN2012900PE.NFO,07/01/2020,09:35:53,742.5,726.25,75,737.25,75,0,19875
NIFTY30JAN2012900PE.NFO,07/01/2020,09:35:54,742.5,726.5,75,737.25,75,0,19875
NIFTY30JAN2012900PE.NFO,07/01/2020,09:35:56,742.5,726.6,75,737.25,75,0,19875
NIFTY30JAN2012900PE.NFO,07/01/2020,09:35:57,742.5,726.55,150,736.5,75,0,19875
NIFTY30JAN2012900PE.NFO,07/01/2020,09:35:59,742.5,726.55,150,736.25,75,0,19875
NIFTY30JAN2012900PE.NFO,07/01/2020,09:36:08,742.5,726.55,150,735.95,75,0,19875
NIFTY30JAN2012900PE.NFO,07/01/2020,09:36:11,742.5,723.7,75,735.7,75,0,19875
NIFTY30JAN2012900PE.NFO,07/01/2020,09:36:12,742.5,724.65,75,735.05,75,0,19875
NIFTY30JAN2012900PE.NFO,07/01/2020,09:36:13,742.5,724.7,150,734.75,150,0,19875
NIFTY30JAN2012900PE.NFO,07/01/2020,09:36:15,742.5,724.7,150,734.55,75,0,19875
NIFTY30JAN2012900PE.NFO,07/01/2020,09:36:17,742.5,725,75,734.55,75,0,19875
NIFTY30JAN2012900PE.NFO,07/01/2020,09:36:19,742.5,725,75,735.25,75,0,19875
NIFTY30JAN2012900PE.NFO,07/01/2020,09:36:20,742.5,725,75,735.65,75,0,19875
NIFTY30JAN2012900PE.NFO,07/01/2020,09:36:21,742.5,725,75,736.15,150,0,19875
NIFTY30JAN2012900PE.NFO,07/01/2020,09:36:22,742.5,725,75,735.2,75,0,19875
NIFTY30JAN2012900PE.NFO,07/01/2020,09:36:23,742.5,725.25,75,735.2,75,0,19875
NIFTY30JAN2012900PE.NFO,07/01/2020,09:36:24,742.5,725.3,150,735.2,75,0,19875
NIFTY30JAN2012900PE.NFO,07/01/2020,09:36:25,742.5,725.3,150,735.25,150,0,19875
NIFTY30JAN2012900PE.NFO,07/01/2020,09:36:27,742.5,725.3,150,735.05,75,0,19875
NIFTY30JAN2012900PE.NFO,07/01/2020,09:36:35,742.5,725.3,150,734.8,75,0,19875
NIFTY30JAN2012900PE.NFO,07/01/2020,09:36:37,742.5,725.3,150,734.3,75,0,19875
NIFTY30JAN2012900PE.NFO,07/01/2020,09:36:52,742.5,720.6,75,734.3,75,0,19875
NIFTY30JAN2012900PE.NFO,07/01/2020,09:36:53,742.5,722.8,75,734.3,75,0,19875
NIFTY30JAN2012900PE.NFO,07/01/2020,09:36:54,742.5,723.05,75,734.3,75,0,19875
NIFTY30JAN2012900PE.NFO,07/01/2020,09:36:55,742.5,723.15,75,733.5,75,0,19875
NIFTY30JAN2012900PE.NFO,07/01/2020,09:36:56,742.5,723.1,150,733.5,75,0,19875
NIFTY30JAN2012900PE.NFO,07/01/2020,09:36:58,742.5,723.3,75,733.5,75,0,19875
NIFTY30JAN2012900PE.NFO,07/01/2020,09:36:59,742.5,723.4,75,733.5,75,0,19875
NIFTY30JAN2012900PE.NFO,07/01/2020,09:37:01,742.5,723.65,75,733.5,75,0,19875
NIFTY30JAN2012900PE.NFO,07/01/2020,09:37:03,742.5,723.9,150,733.5,75,0,19875
NIFTY30JAN2012900PE.NFO,07/01/2020,09:37:04,742.5,724.15,75,733.5,75,0,19875
NIFTY30JAN2012900PE.NFO,07/01/2020,09:37:05,742.5,724.4,75,733.5,75,0,19875
NIFTY30JAN2012900PE.NFO,07/01/2020,09:37:06,742.5,724.2,150,733.5,75,0,19875
NIFTY30JAN2012900PE.NFO,07/01/2020,09:37:09,742.5,724.2,150,734.55,150,0,19875
NIFTY30JAN2012900PE.NFO,07/01/2020,09:37:10,742.5,724.2,150,734.35,75,0,19875
NIFTY30JAN2012900PE.NFO,07/01/2020,09:37:13,742.5,724.2,150,733.65,75,0,19875
NIFTY30JAN2012900PE.NFO,07/01/2020,09:37:14,742.5,724.2,150,733.6,150,0,19875
NIFTY30JAN2012900PE.NFO,07/01/2020,09:37:15,742.5,724.2,150,733.4,75,0,19875
NIFTY30JAN2012900PE.NFO,07/01/2020,09:37:19,742.5,724.2,150,734.3,75,0,19875
NIFTY30JAN2012900PE.NFO,07/01/2020,09:37:20,742.5,724.2,150,733.85,75,0,19875
NIFTY30JAN2012900PE.NFO,07/01/2020,09:37:30,742.5,724.2,150,735.45,75,0,19875
NIFTY30JAN2012900PE.NFO,07/01/2020,09:37:31,742.5,724.4,75,734.35,75,0,19875
NIFTY30JAN2012900PE.NFO,07/01/2020,09:37:32,742.5,724.45,150,734.35,75,0,19875
NIFTY30JAN2012900PE.NFO,07/01/2020,09:37:33,742.5,724.6,75,734.35,75,0,19875
NIFTY30JAN2012900PE.NFO,07/01/2020,09:37:35,742.5,724.45,150,734.35,75,0,19875
NIFTY30JAN2012900PE.NFO,07/01/2020,09:37:36,742.5,724.55,75,734.35,75,0,19875
NIFTY30JAN2012900PE.NFO,07/01/2020,09:37:38,742.5,724.45,150,734.35,75,0,19875
NIFTY30JAN2012900PE.NFO,07/01/2020,09:37:41,742.5,724.6,75,734.35,75,0,19875
NIFTY30JAN2012900PE.NFO,07/01/2020,09:37:42,742.5,724.45,150,734.35,75,0,19875
NIFTY30JAN2012900PE.NFO,07/01/2020,09:37:43,742.5,724.55,75,734.35,75,0,19875
NIFTY30JAN2012900PE.NFO,07/01/2020,09:37:47,742.5,724.45,150,734.35,75,0,19875
NIFTY30JAN2012900PE.NFO,07/01/2020,09:37:54,742.5,724.6,75,734.1,75,0,19875
NIFTY30JAN2012900PE.NFO,07/01/2020,09:37:56,742.5,724.6,75,735,75,0,19875
NIFTY30JAN2012900PE.NFO,07/01/2020,09:37:57,742.5,724.65,75,735,75,0,19875
NIFTY30JAN2012900PE.NFO,07/01/2020,09:37:58,742.5,724.7,150,735,75,0,19875
NIFTY30JAN2012900PE.NFO,07/01/2020,09:38:08,742.5,724.7,150,736.2,300,0,19875
NIFTY30JAN2012900PE.NFO,07/01/2020,09:38:10,742.5,724.75,75,735.55,75,0,19875
NIFTY30JAN2012900PE.NFO,07/01/2020,09:38:11,742.5,724.7,150,735.55,75,0,19875
NIFTY30JAN2012900PE.NFO,07/01/2020,09:38:18,742.5,724.7,150,735.05,75,0,19875
NIFTY30JAN2012900PE.NFO,07/01/2020,09:38:20,742.5,724.7,150,734.6,150,0,19875
NIFTY30JAN2012900PE.NFO,07/01/2020,09:38:21,742.5,724.85,75,734.4,75,0,19875
NIFTY30JAN2012900PE.NFO,07/01/2020,09:38:22,742.5,724.7,150,734.4,75,0,19875
NIFTY30JAN2012900PE.NFO,07/01/2020,09:38:24,742.5,724.75,75,735.7,75,0,19875
NIFTY30JAN2012900PE.NFO,07/01/2020,09:38:26,742.5,724.9,75,735.7,75,0,19875
NIFTY30JAN2012900PE.NFO,07/01/2020,09:38:27,742.5,724.95,150,735.7,75,0,19875
NIFTY30JAN2012900PE.NFO,07/01/2020,09:38:29,742.5,725.15,75,735.7,75,0,19875
NIFTY30JAN2012900PE.NFO,07/01/2020,09:38:30,742.5,725.6,75,735.7,75,0,19875
NIFTY30JAN2012900PE.NFO,07/01/2020,09:38:31,742.5,726,75,735.7,75,0,19875
NIFTY30JAN2012900PE.NFO,07/01/2020,09:38:33,742.5,725.85,150,735.7,75,0,19875
NIFTY30JAN2012900PE.NFO,07/01/2020,09:38:41,742.5,726.3,75,735.7,75,0,19875
NIFTY30JAN2012900PE.NFO,07/01/2020,09:38:42,742.5,726.1,150,735.7,75,0,19875
NIFTY30JAN2012900PE.NFO,07/01/2020,09:38:46,742.5,726.55,75,737.75,75,0,19875
NIFTY30JAN2012900PE.NFO,07/01/2020,09:38:47,742.5,726.95,75,737.75,75,0,19875
NIFTY30JAN2012900PE.NFO,07/01/2020,09:38:48,742.5,727.4,75,737.75,75,0,19875
NIFTY30JAN2012900PE.NFO,07/01/2020,09:38:49,742.5,727.6,75,737.75,75,0,19875
NIFTY30JAN2012900PE.NFO,07/01/2020,09:38:51,742.5,727.45,150,737.7,225,0,19875
NIFTY30JAN2012900PE.NFO,07/01/2020,09:38:53,742.5,727.45,150,737.25,75,0,19875
NIFTY30JAN2012900PE.NFO,07/01/2020,09:38:59,742.5,727.45,150,736.6,75,0,19875
NIFTY30JAN2012900PE.NFO,07/01/2020,09:39:02,742.5,712.45,75,736.6,75,0,19875
NIFTY30JAN2012900PE.NFO,07/01/2020,09:39:04,742.5,725,75,736.55,150,0,19875
NIFTY30JAN2012900PE.NFO,07/01/2020,09:39:05,742.5,725.45,150,737.55,75,0,19875
NIFTY30JAN2012900PE.NFO,07/01/2020,09:39:06,742.5,726.6,75,737.55,75,0,19875
NIFTY30JAN2012900PE.NFO,07/01/2020,09:39:07,742.5,726.75,75,737,75,0,19875
NIFTY30JAN2012900PE.NFO,07/01/2020,09:39:13,742.5,726.65,150,736.25,75,0,19875
NIFTY30JAN2012900PE.NFO,07/01/2020,09:39:14,742.5,724.15,75,735.75,75,0,19875
NIFTY30JAN2012900PE.NFO,07/01/2020,09:39:15,742.5,724.6,75,735.75,75,0,19875
NIFTY30JAN2012900PE.NFO,07/01/2020,09:39:16,742.5,724.6,75,735.15,75,0,19875
NIFTY30JAN2012900PE.NFO,07/01/2020,09:39:17,742.5,724.6,75,734.85,75,0,19875
NIFTY30JAN2012900PE.NFO,07/01/2020,09:39:19,742.5,724.55,150,734.7,150,0,19875
NIFTY30JAN2012900PE.NFO,07/01/2020,09:39:20,742.5,724.55,150,734.3,75,0,19875
NIFTY30JAN2012900PE.NFO,07/01/2020,09:39:21,742.5,724.55,150,733.85,75,0,19875
NIFTY30JAN2012900PE.NFO,07/01/2020,09:39:25,742.5,720.95,75,733.85,75,0,19875
NIFTY30JAN2012900PE.NFO,07/01/2020,09:39:25,742.5,722,75,733.85,75,0,19875
NIFTY30JAN2012900PE.NFO,07/01/2020,09:39:26,742.5,722.45,75,733.85,75,0,19875
NIFTY30JAN2012900PE.NFO,07/01/2020,09:39:28,742.5,722.6,75,733.25,75,0,19875
NIFTY30JAN2012900PE.NFO,07/01/2020,09:39:42,742.5,722.5,150,733.25,75,0,19875
NIFTY30JAN2012900PE.NFO,07/01/2020,09:39:43,742.5,722.85,75,733.25,75,0,19875
NIFTY30JAN2012900PE.NFO,07/01/2020,09:39:44,742.5,722.9,150,733.25,75,0,19875
NIFTY30JAN2012900PE.NFO,07/01/2020,09:39:46,742.5,722.9,150,732.55,75,0,19875
NIFTY30JAN2012900PE.NFO,07/01/2020,09:39:51,742.5,722.9,150,732.3,75,0,19875
NIFTY30JAN2012900PE.NFO,07/01/2020,09:40:01,742.5,720.25,75,731.65,300,0,19875
NIFTY30JAN2012900PE.NFO,07/01/2020,09:40:02,742.5,720.3,150,731.15,375,0,19875
NIFTY30JAN2012900PE.NFO,07/01/2020,09:40:03,742.5,720.3,150,730.25,75,0,19875
NIFTY30JAN2012900PE.NFO,07/01/2020,09:40:05,742.5,720.3,150,729.8,75,0,19875
NIFTY30JAN2012900PE.NFO,07/01/2020,09:40:06,742.5,715.1,75,728.95,75,0,19875
NIFTY30JAN2012900PE.NFO,07/01/2020,09:40:07,742.5,718.1,75,728.7,75,0,19875
NIFTY30JAN2012900PE.NFO,07/01/2020,09:40:08,742.5,718.15,75,728.2,75,0,19875
NIFTY30JAN2012900PE.NFO,07/01/2020,09:40:10,742.5,717.95,150,728.2,75,0,19875
NIFTY30JAN2012900PE.NFO,07/01/2020,09:40:14,742.5,718.05,75,728.2,75,0,19875
NIFTY30JAN2012900PE.NFO,07/01/2020,09:40:15,742.5,718.3,75,728.2,75,0,19875
NIFTY30JAN2012900PE.NFO,07/01/2020,09:40:16,742.5,718.7,150,729.55,75,0,19875
NIFTY30JAN2012900PE.NFO,07/01/2020,09:40:18,742.5,719.1,75,729.55,75,0,19875
NIFTY30JAN2012900PE.NFO,07/01/2020,09:40:19,742.5,719.35,75,729.55,75,0,19875
NIFTY30JAN2012900PE.NFO,07/01/2020,09:40:20,742.5,720.05,75,729.55,75,0,19875
NIFTY30JAN2012900PE.NFO,07/01/2020,09:40:21,742.5,720.3,75,731.8,75,0,19875
NIFTY30JAN2012900PE.NFO,07/01/2020,09:40:22,742.5,720.35,150,731.55,75,0,19875
NIFTY30JAN2012900PE.NFO,07/01/2020,09:40:23,742.5,720.6,150,731.05,75,0,19875
NIFTY30JAN2012900PE.NFO,07/01/2020,09:40:24,742.5,720.6,150,730.4,75,0,19875
NIFTY30JAN2012900PE.NFO,07/01/2020,09:40:33,742.5,720.85,150,731.65,75,0,19875
NIFTY30JAN2012900PE.NFO,07/01/2020,09:40:36,742.5,720.85,150,731.1,75,0,19875
NIFTY30JAN2012900PE.NFO,07/01/2020,09:40:41,742.5,720.85,150,730.45,75,0,19875
NIFTY30JAN2012900PE.NFO,07/01/2020,09:41:02,742.5,720.9,75,730.45,75,0,19875
NIFTY30JAN2012900PE.NFO,07/01/2020,09:41:03,742.5,720.85,150,730.45,75,0,19875
NIFTY30JAN2012900PE.NFO,07/01/2020,09:41:05,742.5,721.05,75,730.45,75,0,19875
NIFTY30JAN2012900PE.NFO,07/01/2020,09:41:06,742.5,721.2,75,731.1,75,0,19875
NIFTY30JAN2012900PE.NFO,07/01/2020,09:41:13,742.5,721.1,150,731.1,75,0,19875
NIFTY30JAN2012900PE.NFO,07/01/2020,09:41:15,742.5,721.1,150,730.45,75,0,19875
NIFTY30JAN2012900PE.NFO,07/01/2020,09:41:17,742.5,721.1,150,732.6,75,0,19875
NIFTY30JAN2012900PE.NFO,07/01/2020,09:41:18,742.5,721.1,150,731.3,75,0,19875
NIFTY30JAN2012900PE.NFO,07/01/2020,09:41:20,742.5,721.1,150,731.25,300,0,19875
NIFTY30JAN2012900PE.NFO,07/01/2020,09:41:21,742.5,721.1,150,731.05,75,0,19875
NIFTY30JAN2012900PE.NFO,07/01/2020,09:41:25,742.5,721.15,75,731.05,75,0,19875
NIFTY30JAN2012900PE.NFO,07/01/2020,09:41:35,742.5,721.1,150,730.55,75,0,19875
NIFTY30JAN2012900PE.NFO,07/01/2020,09:41:37,742.5,721.1,150,729.85,75,0,19875
NIFTY30JAN2012900PE.NFO,07/01/2020,09:41:47,742.5,721.1,150,729.6,75,0,19875
NIFTY30JAN2012900PE.NFO,07/01/2020,09:42:13,742.5,721.1,150,730.6,75,0,19875
NIFTY30JAN2012900PE.NFO,07/01/2020,09:42:22,742.5,721.1,150,730.45,300,0,19875
NIFTY30JAN2012900PE.NFO,07/01/2020,09:42:24,742.5,721.1,150,729.9,75,0,19875
NIFTY30JAN2012900PE.NFO,07/01/2020,09:42:26,742.5,718.1,75,729.15,75,0,19875
NIFTY30JAN2012900PE.NFO,07/01/2020,09:42:28,742.5,718.4,150,728.5,75,0,19875
NIFTY30JAN2012900PE.NFO,07/01/2020,09:42:32,742.5,718.4,150,728.45,300,0,19875
NIFTY30JAN2012900PE.NFO,07/01/2020,09:42:33,742.5,714.6,300,727.75,75,0,19875
NIFTY30JAN2012900PE.NFO,07/01/2020,09:42:34,742.5,716.5,75,727.1,75,0,19875
NIFTY30JAN2012900PE.NFO,07/01/2020,09:42:36,742.5,716.75,75,727.1,75,0,19875
NIFTY30JAN2012900PE.NFO,07/01/2020,09:42:37,742.5,716.65,75,727.1,75,0,19875
NIFTY30JAN2012900PE.NFO,07/01/2020,09:42:38,742.5,716.55,150,727.1,75,0,19875
NIFTY30JAN2012900PE.NFO,07/01/2020,09:42:39,742.5,716.8,150,727.1,75,0,19875
NIFTY30JAN2012900PE.NFO,07/01/2020,09:42:41,742.5,717.05,150,727.1,75,0,19875
NIFTY30JAN2012900PE.NFO,07/01/2020,09:42:42,742.5,717.05,150,726.85,75,0,19875
NIFTY30JAN2012900PE.NFO,07/01/2020,09:42:43,742.5,717.1,150,726.85,75,0,19875
NIFTY30JAN2012900PE.NFO,07/01/2020,09:42:45,742.5,717.1,150,728.45,75,0,19875
NIFTY30JAN2012900PE.NFO,07/01/2020,09:42:48,742.5,718.1,75,728.45,75,0,19875
NIFTY30JAN2012900PE.NFO,07/01/2020,09:42:49,742.5,718.45,75,728.45,75,0,19875
NIFTY30JAN2012900PE.NFO,07/01/2020,09:42:50,742.5,718.95,150,728.45,75,0,19875
NIFTY30JAN2012900PE.NFO,07/01/2020,09:42:52,742.5,718.85,75,728.45,75,0,19875
NIFTY30JAN2012900PE.NFO,07/01/2020,09:42:53,742.5,719.1,75,728.45,75,0,19875
NIFTY30JAN2012900PE.NFO,07/01/2020,09:42:54,742.5,719.15,150,728.45,75,0,19875
NIFTY30JAN2012900PE.NFO,07/01/2020,09:42:55,742.5,719.3,75,730.3,75,0,19875
NIFTY30JAN2012900PE.NFO,07/01/2020,09:43:00,742.5,719.3,75,730,75,0,19875
NIFTY30JAN2012900PE.NFO,07/01/2020,09:43:01,742.5,719.85,75,730,75,0,19875
NIFTY30JAN2012900PE.NFO,07/01/2020,09:43:02,742.5,720.1,75,730,75,0,19875
NIFTY30JAN2012900PE.NFO,07/01/2020,09:43:03,742.5,720.15,150,730,75,0,19875
NIFTY30JAN2012900PE.NFO,07/01/2020,09:43:04,742.5,720.25,75,730,75,0,19875
NIFTY30JAN2012900PE.NFO,07/01/2020,09:43:11,742.5,720.15,150,730,75,0,19875
NIFTY30JAN2012900PE.NFO,07/01/2020,09:43:18,742.5,720.15,150,729.75,75,0,19875
NIFTY30JAN2012900PE.NFO,07/01/2020,09:43:22,742.5,720.15,150,729.7,225,0,19875
NIFTY30JAN2012900PE.NFO,07/01/2020,09:43:23,742.5,720.15,150,729.15,75,0,19875
NIFTY30JAN2012900PE.NFO,07/01/2020,09:43:53,742.5,714.2,150,728.85,150,0,19875
NIFTY30JAN2012900PE.NFO,07/01/2020,09:43:54,742.5,717.4,75,728,75,0,19875
NIFTY30JAN2012900PE.NFO,07/01/2020,09:43:55,742.5,718.15,75,729.2,75,0,19875
NIFTY30JAN2012900PE.NFO,07/01/2020,09:43:56,742.5,718.4,75,729.2,75,0,19875
NIFTY30JAN2012900PE.NFO,07/01/2020,09:43:58,742.5,718.45,150,729.15,150,0,19875
NIFTY30JAN2012900PE.NFO,07/01/2020,09:43:59,742.5,718.45,150,728.95,75,0,19875
NIFTY30JAN2012900PE.NFO,07/01/2020,09:44:00,742.5,718.45,150,728.65,75,0,19875
NIFTY30JAN2012900PE.NFO,07/01/2020,09:44:01,742.5,718.45,150,728.2,150,0,19875
NIFTY30JAN2012900PE.NFO,07/01/2020,09:44:02,742.5,718.45,150,728,75,0,19875
NIFTY30JAN2012900PE.NFO,07/01/2020,09:44:03,742.5,718.45,150,727.55,150,0,19875
NIFTY30JAN2012900PE.NFO,07/01/2020,09:44:04,742.5,718.45,150,727.35,75,0,19875
NIFTY30JAN2012900PE.NFO,07/01/2020,09:44:15,742.5,715.85,75,727.35,75,0,19875
NIFTY30JAN2012900PE.NFO,07/01/2020,09:44:16,742.5,716.25,75,727.35,75,0,19875
NIFTY30JAN2012900PE.NFO,07/01/2020,09:44:18,742.5,716.5,75,727.05,75,0,19875
NIFTY30JAN2012900PE.NFO,07/01/2020,09:44:19,742.5,716.7,75,726.6,75,0,19875
NIFTY30JAN2012900PE.NFO,07/01/2020,09:44:20,742.5,716.55,150,726.6,75,0,19875
NIFTY30JAN2012900PE.NFO,07/01/2020,09:44:23,742.5,716.75,75,726.6,75,0,19875
NIFTY30JAN2012900PE.NFO,07/01/2020,09:44:24,742.5,716.55,150,726.6,75,0,19875
NIFTY30JAN2012900PE.NFO,07/01/2020,09:44:25,742.5,716.6,75,726.6,75,0,19875
NIFTY30JAN2012900PE.NFO,07/01/2020,09:44:26,742.5,716.65,75,726.6,75,0,19875
NIFTY30JAN2012900PE.NFO,07/01/2020,09:44:27,742.5,716.65,150,726.6,75,0,19875
NIFTY30JAN2012900PE.NFO,07/01/2020,09:44:29,742.5,717.15,75,728.45,75,0,19875
NIFTY30JAN2012900PE.NFO,07/01/2020,09:44:30,742.5,717.4,75,727.75,75,0,19875
NIFTY30JAN2012900PE.NFO,07/01/2020,09:44:31,742.5,717.65,75,727.75,75,0,19875
NIFTY30JAN2012900PE.NFO,07/01/2020,09:44:32,742.5,717.7,150,727.75,75,0,19875
NIFTY30JAN2012900PE.NFO,07/01/2020,09:44:36,742.5,717.95,150,727.75,75,0,19875
NIFTY30JAN2012900PE.NFO,07/01/2020,09:44:39,742.5,717.95,150,727.5,75,0,19875
NIFTY30JAN2012900PE.NFO,07/01/2020,09:45:01,742.5,703.35,300,726.55,150,0,19875
NIFTY30JAN2012900PE.NFO,07/01/2020,09:45:03,742.5,715.65,75,726.35,75,0,19875
NIFTY30JAN2012900PE.NFO,07/01/2020,09:45:04,742.5,715.85,75,726.35,75,0,19875
NIFTY30JAN2012900PE.NFO,07/01/2020,09:45:05,742.5,715.8,75,726.35,75,0,19875
NIFTY30JAN2012900PE.NFO,07/01/2020,09:45:07,742.5,715.8,75,726.1,75,0,19875
NIFTY30JAN2012900PE.NFO,07/01/2020,09:45:08,742.5,715.7,150,725.65,75,0,19875
NIFTY30JAN2012900PE.NFO,07/01/2020,09:45:09,742.5,711.95,75,724.4,300,0,19875
NIFTY30JAN2012900PE.NFO,07/01/2020,09:45:11,742.5,713.55,75,724.2,75,0,19875
NIFTY30JAN2012900PE.NFO,07/01/2020,09:45:12,742.5,713.65,75,724.2,75,0,19875
NIFTY30JAN2012900PE.NFO,07/01/2020,09:45:14,742.5,714.25,75,724.2,75,0,19875
NIFTY30JAN2012900PE.NFO,07/01/2020,09:45:15,742.5,714.3,150,724.2,75,0,19875
NIFTY30JAN2012900PE.NFO,07/01/2020,09:45:16,742.5,714.3,150,723.65,75,0,19875
NIFTY30JAN2012900PE.NFO,07/01/2020,09:45:31,742.5,714.35,75,723.65,75,0,19875
NIFTY30JAN2012900PE.NFO,07/01/2020,09:45:32,742.5,714.3,150,723.65,75,0,19875
NIFTY30JAN2012900PE.NFO,07/01/2020,09:45:44,742.5,714.55,150,723.65,75,0,19875
NIFTY30JAN2012900PE.NFO,07/01/2020,09:45:53,742.5,714.55,150,725,75,0,19875
NIFTY30JAN2012900PE.NFO,07/01/2020,09:45:54,742.5,714.6,75,724.8,150,0,19875
NIFTY30JAN2012900PE.NFO,07/01/2020,09:45:56,742.5,714.7,75,724.35,75,0,19875
NIFTY30JAN2012900PE.NFO,07/01/2020,09:46:01,742.5,714.7,75,724.9,75,0,19875
NIFTY30JAN2012900PE.NFO,07/01/2020,09:46:08,742.5,714.55,150,724.9,75,0,19875
NIFTY30JAN2012900PE.NFO,07/01/2020,09:46:09,742.5,714.75,75,724.9,75,0,19875
NIFTY30JAN2012900PE.NFO,07/01/2020,09:46:10,742.5,714.8,150,724.9,75,0,19875
NIFTY30JAN2012900PE.NFO,07/01/2020,09:46:12,742.5,714.85,75,724.9,75,0,19875
NIFTY30JAN2012900PE.NFO,07/01/2020,09:46:14,742.5,714.8,150,724.9,75,0,19875
NIFTY30JAN2012900PE.NFO,07/01/2020,09:46:15,742.5,714.9,75,724.9,75,0,19875
NIFTY30JAN2012900PE.NFO,07/01/2020,09:46:20,742.5,715.5,75,724.9,75,0,19875
NIFTY30JAN2012900PE.NFO,07/01/2020,09:46:21,742.5,715.3,150,724.9,75,0,19875
NIFTY30JAN2012900PE.NFO,07/01/2020,09:46:27,742.5,715.3,150,725.65,75,0,19875
NIFTY30JAN2012900PE.NFO,07/01/2020,09:46:28,742.5,715.7,150,725.65,75,0,19875
NIFTY30JAN2012900PE.NFO,07/01/2020,09:46:31,742.5,715.75,75,725.65,75,0,19875
NIFTY30JAN2012900PE.NFO,07/01/2020,09:46:34,742.5,716.15,150,726.7,150,0,19875
NIFTY30JAN2012900PE.NFO,07/01/2020,09:46:36,742.5,716.15,150,726.5,75,0,19875
NIFTY30JAN2012900PE.NFO,07/01/2020,09:46:37,742.5,716.4,150,726.5,75,0,19875
NIFTY30JAN2012900PE.NFO,07/01/2020,09:46:38,742.5,716.5,75,726.5,75,0,19875
NIFTY30JAN2012900PE.NFO,07/01/2020,09:46:40,742.5,716.5,75,727.95,75,0,19875
NIFTY30JAN2012900PE.NFO,07/01/2020,09:46:41,742.5,717.15,75,727.95,75,0,19875
NIFTY30JAN2012900PE.NFO,07/01/2020,09:46:43,742.5,717.45,150,727.8,75,0,19875
NIFTY30JAN2012900PE.NFO,07/01/2020,09:46:44,742.5,717.55,75,727.35,75,0,19875
NIFTY30JAN2012900PE.NFO,07/01/2020,09:46:45,742.5,717.45,150,727.35,75,0,19875
NIFTY30JAN2012900PE.NFO,07/01/2020,09:46:46,742.5,717.7,150,728.35,75,0,19875
NIFTY30JAN2012900PE.NFO,07/01/2020,09:46:49,742.5,717.9,75,728.35,75,0,19875
NIFTY30JAN2012900PE.NFO,07/01/2020,09:46:50,742.5,717.7,150,728.35,75,0,19875
NIFTY30JAN2012900PE.NFO,07/01/2020,09:46:51,742.5,718.05,150,728.35,75,0,19875
NIFTY30JAN2012900PE.NFO,07/01/2020,09:46:56,742.5,718.3,150,728.35,75,0,19875
NIFTY30JAN2012900PE.NFO,07/01/2020,09:46:57,742.5,718.35,75,728.35,75,0,19875
NIFTY30JAN2012900PE.NFO,07/01/2020,09:47:01,742.5,718.3,150,728.35,75,0,19875
NIFTY30JAN2012900PE.NFO,07/01/2020,09:47:02,742.5,718.85,150,728.35,75,0,19875
NIFTY30JAN2012900PE.NFO,07/01/2020,09:47:05,742.5,719.1,150,730.45,150,0,19875
NIFTY30JAN2012900PE.NFO,07/01/2020,09:47:06,742.5,719.1,150,729.6,150,0,19875
NIFTY30JAN2012900PE.NFO,07/01/2020,09:47:07,742.5,719.1,150,729.55,75,0,19875
NIFTY30JAN2012900PE.NFO,07/01/2020,09:47:12,742.5,719.3,75,729.55,75,0,19875
NIFTY30JAN2012900PE.NFO,07/01/2020,09:47:13,742.5,719.35,150,729.55,75,0,19875
NIFTY30JAN2012900PE.NFO,07/01/2020,09:47:18,742.5,719.35,150,729.3,75,0,19875
NIFTY30JAN2012900PE.NFO,07/01/2020,09:47:24,742.5,719.35,150,728.6,75,0,19875
NIFTY30JAN2012900PE.NFO,07/01/2020,09:47:26,742.5,719.35,150,728.2,75,0,19875
NIFTY30JAN2012900PE.NFO,07/01/2020,09:47:27,742.5,719.35,150,727.9,75,0,19875
NIFTY30JAN2012900PE.NFO,07/01/2020,09:47:28,742.5,716.2,75,729.15,150,0,19875
NIFTY30JAN2012900PE.NFO,07/01/2020,09:47:30,742.5,717.45,75,728.35,75,0,19875
NIFTY30JAN2012900PE.NFO,07/01/2020,09:47:32,742.5,717.35,75,728.25,75,0,19875
NIFTY30JAN2012900PE.NFO,07/01/2020,09:47:33,742.5,717.35,75,729.05,375,0,19875
NIFTY30JAN2012900PE.NFO,07/01/2020,09:47:36,742.5,717.25,150,727.4,75,0,19875
NIFTY30JAN2012900PE.NFO,07/01/2020,09:47:37,742.5,717.25,150,728.1,75,0,19875
NIFTY30JAN2012900PE.NFO,07/01/2020,09:47:38,742.5,717.25,150,727.35,75,0,19875
NIFTY30JAN2012900PE.NFO,07/01/2020,09:47:42,742.5,717.35,75,727.35,75,0,19875
NIFTY30JAN2012900PE.NFO,07/01/2020,09:47:44,742.5,717.25,150,727.35,75,0,19875
NIFTY30JAN2012900PE.NFO,07/01/2020,09:47:48,742.5,717.25,150,726.6,75,0,19875
NIFTY30JAN2012900PE.NFO,07/01/2020,09:47:49,742.5,717.25,150,726.75,150,0,19875
NIFTY30JAN2012900PE.NFO,07/01/2020,09:47:50,742.5,717.25,150,726.7,150,0,19875
NIFTY30JAN2012900PE.NFO,07/01/2020,09:47:51,742.5,717.25,150,726.4,75,0,19875
NIFTY30JAN2012900PE.NFO,07/01/2020,09:47:56,742.5,717.25,150,727.35,75,0,19875
NIFTY30JAN2012900PE.NFO,07/01/2020,09:47:58,742.5,717.7,75,727.35,75,0,19875
NIFTY30JAN2012900PE.NFO,07/01/2020,09:48:00,742.5,717.75,150,727.35,75,0,19875
NIFTY30JAN2012900PE.NFO,07/01/2020,09:48:02,742.5,717.75,150,728.25,75,0,19875
NIFTY30JAN2012900PE.NFO,07/01/2020,09:48:10,742.5,717.8,75,728.25,75,0,19875
NIFTY30JAN2012900PE.NFO,07/01/2020,09:48:12,742.5,717.75,150,727.65,150,0,19875
NIFTY30JAN2012900PE.NFO,07/01/2020,09:48:13,742.5,717.75,150,727.45,75,0,19875
NIFTY30JAN2012900PE.NFO,07/01/2020,09:48:15,742.5,718.2,75,727.45,75,0,19875
NIFTY30JAN2012900PE.NFO,07/01/2020,09:48:16,742.5,718.25,150,727.45,75,0,19875
NIFTY30JAN2012900PE.NFO,07/01/2020,09:48:17,742.5,718.35,75,727.45,75,0,19875
NIFTY30JAN2012900PE.NFO,07/01/2020,09:48:19,742.5,718.35,75,729.4,75,0,19875
NIFTY30JAN2012900PE.NFO,07/01/2020,09:48:21,742.5,718.65,150,729.4,75,0,19875
NIFTY30JAN2012900PE.NFO,07/01/2020,09:48:22,742.5,718.75,75,729.4,75,0,19875
NIFTY30JAN2012900PE.NFO,07/01/2020,09:48:23,742.5,718.7,150,729.4,75,0,19875
NIFTY30JAN2012900PE.NFO,07/01/2020,09:48:24,742.5,718.9,150,729.4,75,0,19875
NIFTY30JAN2012900PE.NFO,07/01/2020,09:48:25,742.5,719.15,150,729.4,75,0,19875
NIFTY30JAN2012900PE.NFO,07/01/2020,09:48:27,742.5,719.4,150,729.4,75,0,19875
NIFTY30JAN2012900PE.NFO,07/01/2020,09:48:29,742.5,719.5,75,729.4,75,0,19875
NIFTY30JAN2012900PE.NFO,07/01/2020,09:48:31,742.5,719.4,150,729.4,75,0,19875
NIFTY30JAN2012900PE.NFO,07/01/2020,09:48:35,742.5,719.65,150,729.4,75,0,19875
NIFTY30JAN2012900PE.NFO,07/01/2020,09:48:36,742.5,719.7,75,729.4,75,0,19875
NIFTY30JAN2012900PE.NFO,07/01/2020,09:48:40,742.5,720.1,150,730.7,75,0,19875
NIFTY30JAN2012900PE.NFO,07/01/2020,09:48:43,742.5,720.1,150,731.5,75,0,19875
NIFTY30JAN2012900PE.NFO,07/01/2020,09:48:45,742.5,720.35,150,730.15,75,0,19875
NIFTY30JAN2012900PE.NFO,07/01/2020,09:48:50,742.5,720.35,150,729.9,75,0,19875
NIFTY30JAN2012900PE.NFO,07/01/2020,09:48:53,742.5,720.35,150,730.15,75,0,19875
NIFTY30JAN2012900PE.NFO,07/01/2020,09:48:55,742.5,720.35,150,731.05,150,0,19875
NIFTY30JAN2012900PE.NFO,07/01/2020,09:48:56,742.5,720.35,150,730.1,150,0,19875
NIFTY30JAN2012900PE.NFO,07/01/2020,09:48:57,742.5,720.35,150,731.7,150,0,19875
NIFTY30JAN2012900PE.NFO,07/01/2020,09:48:59,742.5,720.55,75,731.7,150,0,19875
NIFTY30JAN2012900PE.NFO,07/01/2020,09:49:00,742.5,720.7,75,731.75,150,0,19875
NIFTY30JAN2012900PE.NFO,07/01/2020,09:49:02,742.5,720.95,75,731.65,225,0,19875
NIFTY30JAN2012900PE.NFO,07/01/2020,09:49:03,742.5,721,150,730.65,75,0,19875
NIFTY30JAN2012900PE.NFO,07/01/2020,09:49:06,742.5,721,150,730.15,75,0,19875
NIFTY30JAN2012900PE.NFO,07/01/2020,09:49:12,742.5,721,150,731.3,75,0,19875
NIFTY30JAN2012900PE.NFO,07/01/2020,09:49:13,742.5,721,150,730.2,75,0,19875
NIFTY30JAN2012900PE.NFO,07/01/2020,09:49:15,742.5,721,150,729.6,75,0,19875
NIFTY30JAN2012900PE.NFO,07/01/2020,09:49:23,742.5,721.15,75,730.95,150,0,19875
NIFTY30JAN2012900PE.NFO,07/01/2020,09:49:24,742.5,721.2,75,731.8,75,0,19875
NIFTY30JAN2012900PE.NFO,07/01/2020,09:49:25,742.5,722.45,75,734.45,75,0,19875
NIFTY30JAN2012900PE.NFO,07/01/2020,09:49:27,742.5,723.45,75,734,75,0,19875
NIFTY30JAN2012900PE.NFO,07/01/2020,09:49:28,742.5,723.7,75,734,75,0,19875
NIFTY30JAN2012900PE.NFO,07/01/2020,09:49:31,742.5,723.7,150,734,75,0,19875
NIFTY30JAN2012900PE.NFO,07/01/2020,09:49:32,742.5,723.7,75,734,75,0,19875
NIFTY30JAN2012900PE.NFO,07/01/2020,09:49:34,742.5,723.7,150,734,75,0,19875
NIFTY30JAN2012900PE.NFO,07/01/2020,09:49:35,742.5,723.7,75,734.85,150,0,19875
NIFTY30JAN2012900PE.NFO,07/01/2020,09:49:36,742.5,724.2,75,734.75,75,0,19875
NIFTY30JAN2012900PE.NFO,07/01/2020,09:49:37,742.5,724.3,75,734.45,75,0,19875
NIFTY30JAN2012900PE.NFO,07/01/2020,09:49:39,742.5,724.25,150,734.45,75,0,19875
NIFTY30JAN2012900PE.NFO,07/01/2020,09:49:42,742.5,724.25,150,734.85,150,0,19875
NIFTY30JAN2012900PE.NFO,07/01/2020,09:49:43,742.5,717.85,75,734.4,300,0,19875
NIFTY30JAN2012900PE.NFO,07/01/2020,09:49:44,742.5,721.55,75,733.8,75,0,19875
NIFTY30JAN2012900PE.NFO,07/01/2020,09:49:45,742.5,722,75,733.8,75,0,19875
NIFTY30JAN2012900PE.NFO,07/01/2020,09:49:47,742.5,722.2,75,733.1,75,0,19875
NIFTY30JAN2012900PE.NFO,07/01/2020,09:49:49,742.5,722.05,150,733.1,75,0,19875
NIFTY30JAN2012900PE.NFO,07/01/2020,09:49:51,742.5,722.05,150,732.4,75,0,19875
NIFTY30JAN2012900PE.NFO,07/01/2020,09:49:54,742.5,722.05,150,732.35,300,0,19875
NIFTY30JAN2012900PE.NFO,07/01/2020,09:49:55,742.5,722.05,150,732.15,75,0,19875
NIFTY30JAN2012900PE.NFO,07/01/2020,09:49:59,742.5,722.05,150,731.65,75,0,19875
NIFTY30JAN2012900PE.NFO,07/01/2020,09:50:01,742.5,722.05,150,731.4,75,0,19875
NIFTY30JAN2012900PE.NFO,07/01/2020,09:50:07,742.5,722.15,75,732.5,375,0,19875
NIFTY30JAN2012900PE.NFO,07/01/2020,09:50:08,742.5,722.1,150,732.25,75,0,19875
NIFTY30JAN2012900PE.NFO,07/01/2020,09:50:10,742.5,722.1,150,733.15,75,0,19875
NIFTY30JAN2012900PE.NFO,07/01/2020,09:50:11,742.5,722.1,150,732.9,75,0,19875
NIFTY30JAN2012900PE.NFO,07/01/2020,09:50:12,742.5,722.8,150,732.9,75,0,19875
NIFTY30JAN2012900PE.NFO,07/01/2020,09:50:13,742.5,723.5,75,732.9,75,0,19875
NIFTY30JAN2012900PE.NFO,07/01/2020,09:50:14,742.5,723.65,75,732.9,75,0,19875
NIFTY30JAN2012900PE.NFO,07/01/2020,09:50:18,742.5,723.55,150,734.2,75,0,19875
NIFTY30JAN2012900PE.NFO,07/01/2020,09:50:19,742.5,723.55,150,733.8,75,0,19875
NIFTY30JAN2012900PE.NFO,07/01/2020,09:50:20,742.5,723.55,150,733.75,75,0,19875
NIFTY30JAN2012900PE.NFO,07/01/2020,09:50:21,742.5,723.55,150,733.55,75,0,19875
NIFTY30JAN2012900PE.NFO,07/01/2020,09:50:27,742.5,723.55,150,733.45,150,0,19875
NIFTY30JAN2012900PE.NFO,07/01/2020,09:50:29,742.5,723.55,150,733.75,75,0,19875
NIFTY30JAN2012900PE.NFO,07/01/2020,09:50:30,742.5,723.55,150,733.55,75,0,19875
NIFTY30JAN2012900PE.NFO,07/01/2020,09:50:34,742.5,723.55,150,733.5,150,0,19875
NIFTY30JAN2012900PE.NFO,07/01/2020,09:50:35,742.5,723.55,150,733.05,75,0,19875
NIFTY30JAN2012900PE.NFO,07/01/2020,09:50:37,742.5,724.15,75,735.15,75,0,19875
NIFTY30JAN2012900PE.NFO,07/01/2020,09:50:39,742.5,724.7,75,735.25,75,0,19875
NIFTY30JAN2012900PE.NFO,07/01/2020,09:50:40,742.5,725.25,150,735.25,75,0,19875
NIFTY30JAN2012900PE.NFO,07/01/2020,09:50:41,742.5,725.5,150,735.25,75,0,19875
NIFTY30JAN2012900PE.NFO,07/01/2020,09:50:44,742.5,725.95,75,736.5,75,0,19875
NIFTY30JAN2012900PE.NFO,07/01/2020,09:50:45,742.5,726,150,736.5,75,0,19875
NIFTY30JAN2012900PE.NFO,07/01/2020,09:50:46,742.5,726,150,735.7,75,0,19875
NIFTY30JAN2012900PE.NFO,07/01/2020,09:50:48,742.5,726,150,735.65,225,0,19875
NIFTY30JAN2012900PE.NFO,07/01/2020,09:50:49,742.5,726,150,735.2,75,0,19875
NIFTY30JAN2012900PE.NFO,07/01/2020,09:51:04,742.5,726,150,736.6,75,0,19875
NIFTY30JAN2012900PE.NFO,07/01/2020,09:51:05,742.5,726,150,736.1,150,0,19875
NIFTY30JAN2012900PE.NFO,07/01/2020,09:51:06,742.5,726,150,735.9,75,0,19875
NIFTY30JAN2012900PE.NFO,07/01/2020,09:51:09,742.5,726.45,75,736.65,75,0,19875
NIFTY30JAN2012900PE.NFO,07/01/2020,09:51:10,742.5,726.25,150,736.65,75,0,19875
NIFTY30JAN2012900PE.NFO,07/01/2020,09:51:12,742.5,726.45,75,736.65,75,0,19875
NIFTY30JAN2012900PE.NFO,07/01/2020,09:51:14,742.5,726.65,75,736.65,75,0,19875
NIFTY30JAN2012900PE.NFO,07/01/2020,09:51:15,742.5,726.5,150,736.65,75,0,19875
NIFTY30JAN2012900PE.NFO,07/01/2020,09:51:16,742.5,726.65,75,736.65,75,0,19875
NIFTY30JAN2012900PE.NFO,07/01/2020,09:51:22,742.5,726.5,150,736.65,75,0,19875
NIFTY30JAN2012900PE.NFO,07/01/2020,09:51:24,742.5,726.65,75,736.65,75,0,19875
NIFTY30JAN2012900PE.NFO,07/01/2020,09:51:26,742.5,726.5,150,737.25,75,0,19875
NIFTY30JAN2012900PE.NFO,07/01/2020,09:51:27,742.5,726.5,150,736.2,75,0,19875
NIFTY30JAN2012900PE.NFO,07/01/2020,09:51:29,742.5,726.5,150,735.55,75,0,19875
NIFTY30JAN2012900PE.NFO,07/01/2020,09:51:30,742.5,721.2,150,735.1,150,0,19875
NIFTY30JAN2012900PE.NFO,07/01/2020,09:51:32,742.5,724.05,150,734.9,75,0,19875
NIFTY30JAN2012900PE.NFO,07/01/2020,09:51:33,742.5,724.3,150,734.9,75,0,19875
NIFTY30JAN2012900PE.NFO,07/01/2020,09:51:34,742.5,724.35,75,735.75,75,0,19875
NIFTY30JAN2012900PE.NFO,07/01/2020,09:51:35,742.5,724.3,150,735.2,75,0,19875
NIFTY30JAN2012900PE.NFO,07/01/2020,09:51:36,742.5,724.3,150,735,75,0,19875
NIFTY30JAN2012900PE.NFO,07/01/2020,09:51:39,742.5,724.65,75,735,75,0,19875
NIFTY30JAN2012900PE.NFO,07/01/2020,09:51:42,742.5,724.55,150,734.55,75,0,19875
NIFTY30JAN2012900PE.NFO,07/01/2020,09:51:46,742.5,724.55,150,734.25,75,0,19875
NIFTY30JAN2012900PE.NFO,07/01/2020,09:51:48,742.5,724.55,150,733.95,75,0,19875
NIFTY30JAN2012900PE.NFO,07/01/2020,09:51:56,742.5,724.55,150,733.45,150,0,19875
NIFTY30JAN2012900PE.NFO,07/01/2020,09:51:57,742.5,724.55,150,733.25,75,0,19875
NIFTY30JAN2012900PE.NFO,07/01/2020,09:52:00,742.5,723,75,733.25,75,0,19875
NIFTY30JAN2012900PE.NFO,07/01/2020,09:52:01,742.5,723.25,75,733.25,75,0,19875
NIFTY30JAN2012900PE.NFO,07/01/2020,09:52:02,742.5,723.45,75,733.25,75,0,19875
NIFTY30JAN2012900PE.NFO,07/01/2020,09:52:05,742.5,723.45,75,733.95,75,0,19875
NIFTY30JAN2012900PE.NFO,07/01/2020,09:52:10,742.5,723.95,75,735.25,75,0,19875
NIFTY30JAN2012900PE.NFO,07/01/2020,09:52:11,742.5,724.05,75,735,75,0,19875
NIFTY30JAN2012900PE.NFO,07/01/2020,09:52:12,742.5,724.3,150,735,75,0,19875
NIFTY30JAN2012900PE.NFO,07/01/2020,09:52:14,742.5,724.3,150,734.5,75,0,19875
NIFTY30JAN2012900PE.NFO,07/01/2020,09:52:16,742.5,724.55,150,734.45,75,0,19875
NIFTY30JAN2012900PE.NFO,07/01/2020,09:52:17,742.5,724.65,75,734.45,75,0,19875
NIFTY30JAN2012900PE.NFO,07/01/2020,09:52:24,742.5,724.65,75,735.9,75,0,19875
NIFTY30JAN2012900PE.NFO,07/01/2020,09:52:26,742.5,725.75,75,735.9,75,0,19875
NIFTY30JAN2012900PE.NFO,07/01/2020,09:52:27,742.5,726.05,75,735.9,75,0,19875
NIFTY30JAN2012900PE.NFO,07/01/2020,09:52:28,742.5,726,150,735.9,75,0,19875
NIFTY30JAN2012900PE.NFO,07/01/2020,09:52:32,742.5,726,150,735.7,150,0,19875
NIFTY30JAN2012900PE.NFO,07/01/2020,09:52:33,742.5,726,150,735.25,75,0,19875
NIFTY30JAN2012900PE.NFO,07/01/2020,09:52:36,742.5,726,150,735.5,150,0,19875
NIFTY30JAN2012900PE.NFO,07/01/2020,09:52:38,742.5,726,150,735,75,0,19875
NIFTY30JAN2012900PE.NFO,07/01/2020,09:52:40,742.5,726,150,734.9,150,0,19875
NIFTY30JAN2012900PE.NFO,07/01/2020,09:52:41,742.5,726,150,735.65,75,0,19875
NIFTY30JAN2012900PE.NFO,07/01/2020,09:52:42,742.5,726,150,735.15,75,0,19875
NIFTY30JAN2012900PE.NFO,07/01/2020,09:52:43,742.5,723.2,150,735.15,75,0,19875
NIFTY30JAN2012900PE.NFO,07/01/2020,09:52:45,742.5,723.45,75,734.5,75,0,19875
NIFTY30JAN2012900PE.NFO,07/01/2020,09:52:46,742.5,723.65,75,734.5,75,0,19875
NIFTY30JAN2012900PE.NFO,07/01/2020,09:52:48,742.5,723.65,75,734.25,75,0,19875
NIFTY30JAN2012900PE.NFO,07/01/2020,09:52:51,742.5,723.85,150,734.25,75,0,19875
NIFTY30JAN2012900PE.NFO,07/01/2020,09:53:00,742.5,723.85,150,735,75,0,19875
NIFTY30JAN2012900PE.NFO,07/01/2020,09:53:02,742.5,723.85,150,734.75,75,0,19875
NIFTY30JAN2012900PE.NFO,07/01/2020,09:53:03,742.5,724.6,75,736.3,75,0,19875
NIFTY30JAN2012900PE.NFO,07/01/2020,09:53:05,742.5,725.05,75,736.3,75,0,19875
NIFTY30JAN2012900PE.NFO,07/01/2020,09:53:06,742.5,725.15,75,736.3,75,0,19875
NIFTY30JAN2012900PE.NFO,07/01/2020,09:53:07,742.5,725.1,150,736.3,75,0,19875
NIFTY30JAN2012900PE.NFO,07/01/2020,09:53:12,742.5,725.1,150,735.75,75,0,19875
NIFTY30JAN2012900PE.NFO,07/01/2020,09:53:13,742.5,725.1,150,735.7,75,0,19875
NIFTY30JAN2012900PE.NFO,07/01/2020,09:53:19,742.5,725.3,75,735.7,75,0,19875
NIFTY30JAN2012900PE.NFO,07/01/2020,09:53:20,742.5,725.35,150,735.7,75,0,19875
NIFTY30JAN2012900PE.NFO,07/01/2020,09:53:21,742.5,725.75,75,735.7,75,0,19875
NIFTY30JAN2012900PE.NFO,07/01/2020,09:53:22,742.5,726.25,75,736.65,75,0,19875
NIFTY30JAN2012900PE.NFO,07/01/2020,09:53:23,742.5,726.5,75,736.65,75,0,19875
NIFTY30JAN2012900PE.NFO,07/01/2020,09:53:24,742.5,726.65,75,736.65,75,0,19875
NIFTY30JAN2012900PE.NFO,07/01/2020,09:53:31,742.5,726.55,150,736.65,75,0,19875
NIFTY30JAN2012900PE.NFO,07/01/2020,09:53:34,742.5,726.65,75,736.65,75,0,19875
NIFTY30JAN2012900PE.NFO,07/01/2020,09:53:40,742.5,726.65,75,737.25,75,0,19875
NIFTY30JAN2012900PE.NFO,07/01/2020,09:53:41,742.5,726.65,75,736.95,150,0,19875
NIFTY30JAN2012900PE.NFO,07/01/2020,09:53:42,742.5,726.65,75,736.75,75,0,19875
NIFTY30JAN2012900PE.NFO,07/01/2020,09:53:44,742.5,727.15,150,736.75,75,0,19875
NIFTY30JAN2012900PE.NFO,07/01/2020,09:53:50,742.5,727.35,75,736.75,75,0,19875
NIFTY30JAN2012900PE.NFO,07/01/2020,09:53:51,742.5,727.15,150,737.6,75,0,19875
NIFTY30JAN2012900PE.NFO,07/01/2020,09:53:54,742.5,727.45,75,737.6,75,0,19875
NIFTY30JAN2012900PE.NFO,07/01/2020,09:54:00,742.5,727.4,150,737.6,75,0,19875
NIFTY30JAN2012900PE.NFO,07/01/2020,09:54:04,742.5,727.6,75,737.6,75,0,19875
NIFTY30JAN2012900PE.NFO,07/01/2020,09:54:05,742.5,727.5,75,737.6,75,0,19875
NIFTY30JAN2012900PE.NFO,07/01/2020,09:54:06,742.5,728,75,738.35,150,0,19875
NIFTY30JAN2012900PE.NFO,07/01/2020,09:54:07,742.5,728.15,75,738.55,75,0,19875
NIFTY30JAN2012900PE.NFO,07/01/2020,09:54:09,742.5,728.05,150,738.55,75,0,19875
NIFTY30JAN2012900PE.NFO,07/01/2020,09:54:14,742.5,728.25,75,738.65,75,0,19875
NIFTY30JAN2012900PE.NFO,07/01/2020,09:54:15,742.5,728.3,150,738.65,75,0,19875
NIFTY30JAN2012900PE.NFO,07/01/2020,09:54:19,742.5,728.3,150,738.15,75,0,19875
NIFTY30JAN2012900PE.NFO,07/01/2020,09:54:24,742.5,728.8,75,739.75,75,0,19875
NIFTY30JAN2012900PE.NFO,07/01/2020,09:54:26,742.5,728.85,150,738.95,150,0,19875
NIFTY30JAN2012900PE.NFO,07/01/2020,09:54:27,742.5,726.25,75,737.8,75,0,19875
NIFTY30JAN2012900PE.NFO,07/01/2020,09:54:28,742.5,727.45,75,738.5,75,0,19875
NIFTY30JAN2012900PE.NFO,07/01/2020,09:54:29,742.5,727.65,75,738.5,75,0,19875
NIFTY30JAN2012900PE.NFO,07/01/2020,09:54:31,742.5,727.65,75,737.9,75,0,19875
NIFTY30JAN2012900PE.NFO,07/01/2020,09:54:32,742.5,727.5,150,737.9,75,0,19875
NIFTY30JAN2012900PE.NFO,07/01/2020,09:54:36,742.5,727.5,150,737.6,75,0,19875
NIFTY30JAN2012900PE.NFO,07/01/2020,09:54:37,742.5,727.5,150,737.25,75,0,19875
NIFTY30JAN2012900PE.NFO,07/01/2020,09:54:38,742.5,725,75,736.65,75,0,19875
NIFTY30JAN2012900PE.NFO,07/01/2020,09:54:39,742.5,725.55,75,736.4,75,0,19875
NIFTY30JAN2012900PE.NFO,07/01/2020,09:54:41,742.5,725.7,75,736.4,75,0,19875
NIFTY30JAN2012900PE.NFO,07/01/2020,09:54:42,742.5,725.6,150,736.35,150,0,19875
NIFTY30JAN2012900PE.NFO,07/01/2020,09:54:43,742.5,725.6,150,736.15,75,0,19875
NIFTY30JAN2012900PE.NFO,07/01/2020,09:54:46,742.5,725.65,75,736.15,75,0,19875
NIFTY30JAN2012900PE.NFO,07/01/2020,09:54:47,742.5,725.8,75,736.15,75,0,19875
NIFTY30JAN2012900PE.NFO,07/01/2020,09:54:48,742.5,725.85,150,736.15,75,0,19875
NIFTY30JAN2012900PE.NFO,07/01/2020,09:54:49,742.5,726.45,75,736.15,75,0,19875
NIFTY30JAN2012900PE.NFO,07/01/2020,09:54:50,742.5,726.95,75,736.15,75,0,19875
NIFTY30JAN2012900PE.NFO,07/01/2020,09:54:51,742.5,727.05,75,736.15,75,0,19875
NIFTY30JAN2012900PE.NFO,07/01/2020,09:54:53,742.5,727,150,737.25,75,0,19875
NIFTY30JAN2012900PE.NFO,07/01/2020,09:54:54,742.5,719.3,75,736.4,75,0,19875
NIFTY30JAN2012900PE.NFO,07/01/2020,09:54:55,742.5,724.6,75,735.9,75,0,19875
NIFTY30JAN2012900PE.NFO,07/01/2020,09:54:56,742.5,724.85,75,735.6,75,0,19875
NIFTY30JAN2012900PE.NFO,07/01/2020,09:54:57,742.5,725.1,75,735.15,75,0,19875
NIFTY30JAN2012900PE.NFO,07/01/2020,09:54:59,742.5,724.95,75,735.15,75,0,19875
NIFTY30JAN2012900PE.NFO,07/01/2020,09:55:01,742.5,724.9,150,735.15,75,0,19875
NIFTY30JAN2012900PE.NFO,07/01/2020,09:55:02,742.5,724.9,150,734.4,75,0,19875
NIFTY30JAN2012900PE.NFO,07/01/2020,09:55:06,742.5,721.3,75,733.85,150,0,19875
NIFTY30JAN2012900PE.NFO,07/01/2020,09:55:07,742.5,721.8,150,733,75,0,19875
NIFTY30JAN2012900PE.NFO,07/01/2020,09:55:08,742.5,721.8,150,732.45,75,0,19875
NIFTY30JAN2012900PE.NFO,07/01/2020,09:55:09,742.5,721.95,75,732.45,75,0,19875
NIFTY30JAN2012900PE.NFO,07/01/2020,09:55:13,742.5,721.8,150,732.45,75,0,19875
NIFTY30JAN2012900PE.NFO,07/01/2020,09:55:14,742.5,721.95,75,732.45,75,0,19875
NIFTY30JAN2012900PE.NFO,07/01/2020,09:55:15,742.5,721.8,150,732.45,75,0,19875
NIFTY30JAN2012900PE.NFO,07/01/2020,09:55:16,742.5,721.8,150,732,150,0,19875
NIFTY30JAN2012900PE.NFO,07/01/2020,09:55:18,742.5,721.8,150,731.8,75,0,19875
NIFTY30JAN2012900PE.NFO,07/01/2020,09:55:25,742.5,721.85,75,731.8,75,0,19875
NIFTY30JAN2012900PE.NFO,07/01/2020,09:55:26,742.5,721.8,150,731.8,75,0,19875
NIFTY30JAN2012900PE.NFO,07/01/2020,09:55:27,742.5,722.25,75,733.45,150,0,19875
NIFTY30JAN2012900PE.NFO,07/01/2020,09:55:28,742.5,722.3,150,732.95,75,0,19875
NIFTY30JAN2012900PE.NFO,07/01/2020,09:55:29,742.5,722.3,150,732.45,75,0,19875
NIFTY30JAN2012900PE.NFO,07/01/2020,09:55:33,742.5,722.3,150,732,75,0,19875
NIFTY30JAN2012900PE.NFO,07/01/2020,09:55:34,742.5,722.3,150,731.8,75,0,19875
NIFTY30JAN2012900PE.NFO,07/01/2020,09:55:39,742.5,722.3,150,731.45,225,0,19875
NIFTY30JAN2012900PE.NFO,07/01/2020,09:55:40,742.5,722.3,150,731.25,75,0,19875
NIFTY30JAN2012900PE.NFO,07/01/2020,09:55:42,742.5,719.15,75,730.5,75,0,19875
NIFTY30JAN2012900PE.NFO,07/01/2020,09:55:43,742.5,719.5,75,730.5,75,0,19875
NIFTY30JAN2012900PE.NFO,07/01/2020,09:55:44,742.5,719.7,75,730.5,75,0,19875
NIFTY30JAN2012900PE.NFO,07/01/2020,09:55:50,742.5,719.7,75,730.2,75,0,19875
NIFTY30JAN2012900PE.NFO,07/01/2020,09:55:53,742.5,719.7,150,730.2,75,0,19875
NIFTY30JAN2012900PE.NFO,07/01/2020,09:55:56,742.5,719.7,150,731.25,75,0,19875
NIFTY30JAN2012900PE.NFO,07/01/2020,09:55:59,742.5,720.25,75,731.25,75,0,19875
NIFTY30JAN2012900PE.NFO,07/01/2020,09:56:00,742.5,720.9,75,731.25,75,0,19875
NIFTY30JAN2012900PE.NFO,07/01/2020,09:56:02,742.5,721.15,75,731.25,75,0,19875
NIFTY30JAN2012900PE.NFO,07/01/2020,09:56:03,742.5,721.2,150,731.25,75,0,19875
NIFTY30JAN2012900PE.NFO,07/01/2020,09:56:04,742.5,721.2,150,731,75,0,19875
NIFTY30JAN2012900PE.NFO,07/01/2020,09:56:07,742.5,721.4,75,732.45,75,0,19875
NIFTY30JAN2012900PE.NFO,07/01/2020,09:56:08,742.5,721.45,150,732.2,150,0,19875
NIFTY30JAN2012900PE.NFO,07/01/2020,09:56:09,742.5,721.45,150,732.45,75,0,19875
NIFTY30JAN2012900PE.NFO,07/01/2020,09:56:10,742.5,721.6,75,732.45,75,0,19875
NIFTY30JAN2012900PE.NFO,07/01/2020,09:56:14,742.5,721.85,75,734.65,150,0,19875
NIFTY30JAN2012900PE.NFO,07/01/2020,09:56:15,742.5,721.95,75,732.9,75,0,19875
NIFTY30JAN2012900PE.NFO,07/01/2020,09:56:17,742.5,721.9,150,732.15,75,0,19875
NIFTY30JAN2012900PE.NFO,07/01/2020,09:56:21,742.5,721.9,150,733.15,75,0,19875
NIFTY30JAN2012900PE.NFO,07/01/2020,09:56:23,742.5,721.9,150,732.35,75,0,19875
NIFTY30JAN2012900PE.NFO,07/01/2020,09:56:26,742.5,722.1,75,734,150,0,19875
NIFTY30JAN2012900PE.NFO,07/01/2020,09:56:27,742.5,721.9,150,732.95,75,0,19875
NIFTY30JAN2012900PE.NFO,07/01/2020,09:56:28,742.5,721.9,150,732.65,75,0,19875
NIFTY30JAN2012900PE.NFO,07/01/2020,09:56:30,742.5,721.9,150,732.4,75,0,19875
NIFTY30JAN2012900PE.NFO,07/01/2020,09:56:33,742.5,721.9,150,731.35,75,0,19875
NIFTY30JAN2012900PE.NFO,07/01/2020,09:56:38,742.5,721.9,150,732.1,150,0,19875
NIFTY30JAN2012900PE.NFO,07/01/2020,09:56:42,742.5,721.9,150,731.35,75,0,19875
NIFTY30JAN2012900PE.NFO,07/01/2020,09:56:43,742.5,721.9,150,732.1,150,0,19875
NIFTY30JAN2012900PE.NFO,07/01/2020,09:56:47,742.5,721.9,150,732.3,75,0,19875
NIFTY30JAN2012900PE.NFO,07/01/2020,09:56:50,742.5,721.95,75,732.3,75,0,19875
NIFTY30JAN2012900PE.NFO,07/01/2020,09:56:53,742.5,722,75,732.3,75,0,19875
NIFTY30JAN2012900PE.NFO,07/01/2020,09:56:55,742.5,722.8,75,733.35,150,0,19875
NIFTY30JAN2012900PE.NFO,07/01/2020,09:56:57,742.5,723.05,75,732.95,75,0,19875
NIFTY30JAN2012900PE.NFO,07/01/2020,09:56:58,742.5,723.3,75,732.5,75,0,19875
NIFTY30JAN2012900PE.NFO,07/01/2020,09:56:59,742.5,723.1,150,732.5,75,0,19875
NIFTY30JAN2012900PE.NFO,07/01/2020,09:57:00,742.5,723.15,75,732.5,75,0,19875
NIFTY30JAN2012900PE.NFO,07/01/2020,09:57:01,742.5,717.7,150,731.75,150,0,19875
NIFTY30JAN2012900PE.NFO,07/01/2020,09:57:02,742.5,719.9,75,731.55,75,0,19875
NIFTY30JAN2012900PE.NFO,07/01/2020,09:57:04,742.5,721.2,75,731.55,75,0,19875
NIFTY30JAN2012900PE.NFO,07/01/2020,09:57:05,742.5,721.45,75,731.55,75,0,19875
NIFTY30JAN2012900PE.NFO,07/01/2020,09:57:05,742.5,721.45,75,731.05,75,0,19875
NIFTY30JAN2012900PE.NFO,07/01/2020,09:57:07,742.5,721.7,75,731.05,75,0,19875
NIFTY30JAN2012900PE.NFO,07/01/2020,09:57:08,742.5,722.2,75,731.05,75,0,19875
NIFTY30JAN2012900PE.NFO,07/01/2020,09:57:12,742.5,722.5,150,730.8,75,0,19875
NIFTY30JAN2012900PE.NFO,07/01/2020,09:57:13,742.5,722.7,75,730.8,75,0,19875
NIFTY30JAN2012900PE.NFO,07/01/2020,09:57:16,742.5,720.8,75,730.8,75,0,19875
NIFTY30JAN2012900PE.NFO,07/01/2020,09:57:16,742.5,720.85,150,730.8,75,0,19875
NIFTY30JAN2012900PE.NFO,07/01/2020,09:57:18,742.5,720.9,75,730.8,75,0,19875
NIFTY30JAN2012900PE.NFO,07/01/2020,09:57:19,742.5,720.9,75,731.65,75,0,19875
NIFTY30JAN2012900PE.NFO,07/01/2020,09:57:20,742.5,721.2,75,731.65,75,0,19875
NIFTY30JAN2012900PE.NFO,07/01/2020,09:57:20,742.5,721.45,75,731.65,75,0,19875
NIFTY30JAN2012900PE.NFO,07/01/2020,09:57:22,742.5,721.95,75,731.65,75,0,19875
NIFTY30JAN2012900PE.NFO,07/01/2020,09:57:22,742.5,721.95,75,731.15,75,0,19875
NIFTY30JAN2012900PE.NFO,07/01/2020,09:57:23,742.5,722.2,75,731.15,75,0,19875
NIFTY30JAN2012900PE.NFO,07/01/2020,09:57:24,742.5,722.45,75,731.15,75,0,19875
NIFTY30JAN2012900PE.NFO,07/01/2020,09:57:38,742.5,720.7,75,731.15,75,0,19875
NIFTY30JAN2012900PE.NFO,07/01/2020,09:57:38,742.5,721.2,75,731.15,75,0,19875
NIFTY30JAN2012900PE.NFO,07/01/2020,09:57:40,742.5,721.7,75,731.15,75,0,19875
NIFTY30JAN2012900PE.NFO,07/01/2020,09:57:41,742.5,721.95,75,731.15,75,0,19875
NIFTY30JAN2012900PE.NFO,07/01/2020,09:57:43,742.5,722.2,75,731.15,75,0,19875
NIFTY30JAN2012900PE.NFO,07/01/2020,09:57:47,742.5,722.45,75,731.15,75,0,19875
NIFTY30JAN2012900PE.NFO,07/01/2020,09:57:51,742.5,722.45,75,730.9,75,0,19875
NIFTY30JAN2012900PE.NFO,07/01/2020,09:57:56,742.5,722.3,75,731.95,75,0,19875
NIFTY30JAN2012900PE.NFO,07/01/2020,09:57:57,742.5,722.25,150,731.95,75,0,19875
NIFTY30JAN2012900PE.NFO,07/01/2020,09:57:59,742.5,722.25,150,732.3,75,0,19875
NIFTY30JAN2012900PE.NFO,07/01/2020,09:58:00,742.5,722.3,75,731.75,150,0,19875
NIFTY30JAN2012900PE.NFO,07/01/2020,09:58:01,742.5,722.3,75,731.55,75,0,19875
NIFTY30JAN2012900PE.NFO,07/01/2020,09:58:07,742.5,722.25,150,731.55,75,0,19875
NIFTY30JAN2012900PE.NFO,07/01/2020,09:58:08,742.5,722.25,150,731.75,150,0,19875
NIFTY30JAN2012900PE.NFO,07/01/2020,09:58:09,742.5,722.3,75,731.65,75,0,19875
NIFTY30JAN2012900PE.NFO,07/01/2020,09:58:10,742.5,722.3,75,731.45,75,0,19875
NIFTY30JAN2012900PE.NFO,07/01/2020,09:58:13,742.5,722.25,150,731.75,150,0,19875
NIFTY30JAN2012900PE.NFO,07/01/2020,09:58:15,742.5,722.3,75,731.7,75,0,19875
NIFTY30JAN2012900PE.NFO,07/01/2020,09:58:18,742.5,722.25,150,731.7,75,0,19875
NIFTY30JAN2012900PE.NFO,07/01/2020,09:58:19,742.5,722.3,75,732.35,75,0,19875
NIFTY30JAN2012900PE.NFO,07/01/2020,09:58:26,742.5,723.35,75,732.35,75,0,19875
NIFTY30JAN2012900PE.NFO,07/01/2020,09:58:27,742.5,723.6,75,732.35,75,0,19875
NIFTY30JAN2012900PE.NFO,07/01/2020,09:58:28,742.5,723.85,75,732.35,75,0,19875
NIFTY30JAN2012900PE.NFO,07/01/2020,09:58:29,742.5,724.1,75,732.35,75,0,19875
NIFTY30JAN2012900PE.NFO,07/01/2020,09:58:30,742.5,724.35,75,732.35,75,0,19875
NIFTY30JAN2012900PE.NFO,07/01/2020,09:58:33,742.5,722.75,150,732.35,75,0,19875
NIFTY30JAN2012900PE.NFO,07/01/2020,09:58:34,742.5,723,150,732.35,75,0,19875
NIFTY30JAN2012900PE.NFO,07/01/2020,09:58:35,742.5,723.45,75,732.35,75,0,19875
NIFTY30JAN2012900PE.NFO,07/01/2020,09:58:37,742.5,723.95,75,732.35,75,0,19875
NIFTY30JAN2012900PE.NFO,07/01/2020,09:58:38,742.5,724.2,75,733.2,75,0,19875
NIFTY30JAN2012900PE.NFO,07/01/2020,09:58:40,742.5,724.2,75,733.85,75,0,19875
NIFTY30JAN2012900PE.NFO,07/01/2020,09:58:41,742.5,724.65,75,737.3,150,0,19875
NIFTY30JAN2012900PE.NFO,07/01/2020,09:58:42,742.5,725.2,150,735.55,75,0,19875
NIFTY30JAN2012900PE.NFO,07/01/2020,09:58:44,742.5,725.45,150,735.55,75,0,19875
NIFTY30JAN2012900PE.NFO,07/01/2020,09:58:45,742.5,725.7,150,735.55,75,0,19875
NIFTY30JAN2012900PE.NFO,07/01/2020,09:58:46,742.5,726.35,150,738.05,150,0,19875
NIFTY30JAN2012900PE.NFO,07/01/2020,09:58:47,742.5,726.9,150,737.2,75,0,19875
NIFTY30JAN2012900PE.NFO,07/01/2020,09:58:49,742.5,727.1,75,737.2,75,0,19875
NIFTY30JAN2012900PE.NFO,07/01/2020,09:58:50,742.5,727.4,150,737.2,75,0,19875
NIFTY30JAN2012900PE.NFO,07/01/2020,09:58:51,742.5,727.6,75,737.2,75,0,19875
NIFTY30JAN2012900PE.NFO,07/01/2020,09:58:53,742.5,728.1,75,737.2,75,0,19875
NIFTY30JAN2012900PE.NFO,07/01/2020,09:58:54,742.5,728.35,75,737.2,75,0,19875
NIFTY30JAN2012900PE.NFO,07/01/2020,09:58:55,742.5,728.35,75,737.85,75,0,19875
NIFTY30JAN2012900PE.NFO,07/01/2020,09:58:56,742.5,728.35,75,737.15,75,0,19875
NIFTY30JAN2012900PE.NFO,07/01/2020,09:59:00,742.5,723.9,75,737.15,75,0,19875
NIFTY30JAN2012900PE.NFO,07/01/2020,09:59:01,742.5,726.8,75,737.15,75,0,19875
NIFTY30JAN2012900PE.NFO,07/01/2020,09:59:02,742.5,727.05,75,737.15,75,0,19875
NIFTY30JAN2012900PE.NFO,07/01/2020,09:59:04,742.5,724.8,75,736.45,75,0,19875
NIFTY30JAN2012900PE.NFO,07/01/2020,09:59:05,742.5,726.1,75,736.45,75,0,19875
NIFTY30JAN2012900PE.NFO,07/01/2020,09:59:06,742.5,726.65,75,736.45,75,0,19875
NIFTY30JAN2012900PE.NFO,07/01/2020,09:59:07,742.5,726.5,75,736.45,75,0,19875
NIFTY30JAN2012900PE.NFO,07/01/2020,09:59:09,742.5,726.7,150,738.05,150,0,19875
NIFTY30JAN2012900PE.NFO,07/01/2020,09:59:10,742.5,726.75,75,737.05,75,0,19875
NIFTY30JAN2012900PE.NFO,07/01/2020,09:59:11,742.5,726.8,75,737.05,75,0,19875
NIFTY30JAN2012900PE.NFO,07/01/2020,09:59:12,742.5,727.65,75,738.45,75,0,19875
NIFTY30JAN2012900PE.NFO,07/01/2020,09:59:14,742.5,727.9,75,737.65,75,0,19875
NIFTY30JAN2012900PE.NFO,07/01/2020,09:59:15,742.5,728.4,75,737.65,75,0,19875
NIFTY30JAN2012900PE.NFO,07/01/2020,09:59:17,742.5,728.65,75,737.65,75,0,19875
NIFTY30JAN2012900PE.NFO,07/01/2020,09:59:18,742.5,728.9,75,739.35,75,0,19875
NIFTY30JAN2012900PE.NFO,07/01/2020,09:59:19,742.5,729.15,75,739.15,75,0,19875
NIFTY30JAN2012900PE.NFO,07/01/2020,09:59:20,742.5,729.4,75,739.15,75,0,19875
NIFTY30JAN2012900PE.NFO,07/01/2020,09:59:21,742.5,729.65,75,739.15,75,0,19875
NIFTY30JAN2012900PE.NFO,07/01/2020,09:59:23,742.5,729.9,75,739.15,75,0,19875
NIFTY30JAN2012900PE.NFO,07/01/2020,09:59:24,742.5,730.15,75,739.15,75,0,19875
NIFTY30JAN2012900PE.NFO,07/01/2020,09:59:25,742.5,730.4,75,739.15,75,0,19875
NIFTY30JAN2012900PE.NFO,07/01/2020,09:59:26,742.5,730.25,75,739.15,75,0,19875
NIFTY30JAN2012900PE.NFO,07/01/2020,09:59:27,742.5,730.25,75,739.1,75,0,19875
NIFTY30JAN2012900PE.NFO,07/01/2020,09:59:29,742.5,727.9,75,739.15,75,0,19875
NIFTY30JAN2012900PE.NFO,07/01/2020,09:59:31,742.5,728.4,75,738.4,75,0,19875
NIFTY30JAN2012900PE.NFO,07/01/2020,09:59:32,742.5,728.65,75,738.4,75,0,19875
NIFTY30JAN2012900PE.NFO,07/01/2020,09:59:33,742.5,728.5,75,738.4,75,0,19875
NIFTY30JAN2012900PE.NFO,07/01/2020,09:59:38,742.5,728.5,75,738.35,75,0,19875
NIFTY30JAN2012900PE.NFO,07/01/2020,09:59:39,742.5,727.1,225,737,75,0,19875
NIFTY30JAN2012900PE.NFO,07/01/2020,09:59:41,742.5,724.5,75,736.75,75,0,19875
NIFTY30JAN2012900PE.NFO,07/01/2020,09:59:42,742.5,725.55,75,736.75,75,0,19875
NIFTY30JAN2012900PE.NFO,07/01/2020,09:59:44,742.5,725.8,75,736.75,75,0,19875
NIFTY30JAN2012900PE.NFO,07/01/2020,09:59:45,742.5,726.35,75,736.75,75,0,19875
NIFTY30JAN2012900PE.NFO,07/01/2020,09:59:46,742.5,726.2,75,736.4,75,0,19875
NIFTY30JAN2012900PE.NFO,07/01/2020,09:59:54,742.5,726.15,150,737.2,150,0,19875
NIFTY30JAN2012900PE.NFO,07/01/2020,09:59:57,742.5,726.2,75,737.2,150,0,19875
NIFTY30JAN2012900PE.NFO,07/01/2020,09:59:58,742.5,726.15,150,737.2,150,0,19875
NIFTY30JAN2012900PE.NFO,07/01/2020,09:59:59,742.5,726.2,75,737.25,150,0,19875
NIFTY30JAN2012900PE.NFO,07/01/2020,10:00:01,742.5,726.95,75,738.35,75,0,19875
NIFTY30JAN2012900PE.NFO,07/01/2020,10:00:03,742.5,727.2,75,738.35,75,0,19875
NIFTY30JAN2012900PE.NFO,07/01/2020,10:00:04,742.5,727.45,75,738.35,75,0,19875
NIFTY30JAN2012900PE.NFO,07/01/2020,10:00:05,742.5,727.7,75,738.35,75,0,19875
NIFTY30JAN2012900PE.NFO,07/01/2020,10:00:06,742.5,727.95,75,738.35,75,0,19875
NIFTY30JAN2012900PE.NFO,07/01/2020,10:00:07,742.5,728.2,75,738.35,75,0,19875
NIFTY30JAN2012900PE.NFO,07/01/2020,10:00:08,742.5,728.45,75,738.35,75,0,19875
NIFTY30JAN2012900PE.NFO,07/01/2020,10:00:09,742.5,728.5,75,738.35,75,0,19875
NIFTY30JAN2012900PE.NFO,07/01/2020,10:00:11,742.5,728.75,75,738.35,75,0,19875
NIFTY30JAN2012900PE.NFO,07/01/2020,10:00:12,742.5,729,75,738.35,75,0,19875
NIFTY30JAN2012900PE.NFO,07/01/2020,10:00:13,742.5,729.25,75,738.35,75,0,19875
NIFTY30JAN2012900PE.NFO,07/01/2020,10:00:14,742.5,727.3,75,738.35,75,0,19875
NIFTY30JAN2012900PE.NFO,07/01/2020,10:00:15,742.5,727.95,75,738.3,150,0,19875
NIFTY30JAN2012900PE.NFO,07/01/2020,10:00:16,742.5,728.2,75,737.6,75,0,19875
NIFTY30JAN2012900PE.NFO,07/01/2020,10:00:18,742.5,728.45,75,737.6,75,0,19875
NIFTY30JAN2012900PE.NFO,07/01/2020,10:00:19,742.5,728.7,75,737.6,75,0,19875
NIFTY30JAN2012900PE.NFO,07/01/2020,10:00:20,742.5,728.95,75,737.6,75,0,19875
NIFTY30JAN2012900PE.NFO,07/01/2020,10:00:21,742.5,729.2,75,737.6,75,0,19875
NIFTY30JAN2012900PE.NFO,07/01/2020,10:00:22,742.5,729.45,75,739.25,150,0,19875
NIFTY30JAN2012900PE.NFO,07/01/2020,10:00:23,742.5,729.7,75,739.45,75,0,19875
NIFTY30JAN2012900PE.NFO,07/01/2020,10:00:25,742.5,729.95,75,739.45,75,0,19875
NIFTY30JAN2012900PE.NFO,07/01/2020,10:00:26,742.5,730.2,75,739.45,75,0,19875
NIFTY30JAN2012900PE.NFO,07/01/2020,10:00:27,742.5,730.45,75,739.45,75,0,19875
NIFTY30JAN2012900PE.NFO,07/01/2020,10:00:28,742.5,730.7,75,739.45,75,0,19875
NIFTY30JAN2012900PE.NFO,07/01/2020,10:00:29,742.5,730.5,150,740.5,150,0,19875
NIFTY30JAN2012900PE.NFO,07/01/2020,10:00:32,742.5,729.9,75,739.75,75,0,19875
NIFTY30JAN2012900PE.NFO,07/01/2020,10:00:33,742.5,730.15,75,739.75,75,0,19875
NIFTY30JAN2012900PE.NFO,07/01/2020,10:00:34,742.5,730.4,75,739.75,75,0,19875
NIFTY30JAN2012900PE.NFO,07/01/2020,10:00:35,742.5,730.65,75,739.75,75,0,19875
NIFTY30JAN2012900PE.NFO,07/01/2020,10:00:36,742.5,730.9,75,739.75,75,0,19875
NIFTY30JAN2012900PE.NFO,07/01/2020,10:00:37,742.5,731.15,75,739.75,75,0,19875
NIFTY30JAN2012900PE.NFO,07/01/2020,10:00:38,742.5,729.45,75,739.75,75,0,19875
NIFTY30JAN2012900PE.NFO,07/01/2020,10:00:40,742.5,729.7,75,739.75,75,0,19875
NIFTY30JAN2012900PE.NFO,07/01/2020,10:00:41,742.5,730.25,75,739.75,75,0,19875
NIFTY30JAN2012900PE.NFO,07/01/2020,10:00:42,742.5,731.45,75,743.3,75,0,19875
NIFTY30JAN2012900PE.NFO,07/01/2020,10:00:43,742.5,731.7,75,741.95,75,0,19875
NIFTY30JAN2012900PE.NFO,07/01/2020,10:00:45,742.5,731.95,75,741.95,75,0,19875
NIFTY30JAN2012900PE.NFO,07/01/2020,10:00:46,742.5,732.2,75,741.95,75,0,19875
NIFTY30JAN2012900PE.NFO,07/01/2020,10:00:47,742.5,732.45,75,741.95,75,0,19875
NIFTY30JAN2012900PE.NFO,07/01/2020,10:00:48,742.5,732.7,75,741.95,75,0,19875
NIFTY30JAN2012900PE.NFO,07/01/2020,10:00:49,742.5,732.95,75,741.95,75,0,19875
NIFTY30JAN2012900PE.NFO,07/01/2020,10:00:51,742.5,733.25,150,741.95,75,0,19875
NIFTY30JAN2012900PE.NFO,07/01/2020,10:00:52,742.5,733.5,150,742.6,75,0,19875
NIFTY30JAN2012900PE.NFO,07/01/2020,10:00:53,742.5,733.75,150,742.6,75,0,19875
NIFTY30JAN2012900PE.NFO,07/01/2020,10:00:55,742.5,733.95,75,742.6,75,0,19875
NIFTY30JAN2012900PE.NFO,07/01/2020,10:00:56,742.5,734.2,75,742.6,75,0,19875
NIFTY30JAN2012900PE.NFO,07/01/2020,10:00:57,742.5,734.45,75,743.3,75,0,19875
NIFTY30JAN2012900PE.NFO,07/01/2020,10:00:58,742.5,728.25,75,744.2,75,0,19875
NIFTY30JAN2012900PE.NFO,07/01/2020,10:00:59,742.5,732.65,75,743.55,75,0,19875
NIFTY30JAN2012900PE.NFO,07/01/2020,10:01:01,742.5,732.9,75,743.55,75,0,19875
NIFTY30JAN2012900PE.NFO,07/01/2020,10:01:02,742.5,731.75,75,742.7,75,0,19875
NIFTY30JAN2012900PE.NFO,07/01/2020,10:01:03,742.5,732.25,75,743,75,0,19875
NIFTY30JAN2012900PE.NFO,07/01/2020,10:01:04,742.5,732.5,75,742.25,75,0,19875
NIFTY30JAN2012900PE.NFO,07/01/2020,10:01:06,742.5,729.85,75,742.25,75,0,19875
NIFTY30JAN2012900PE.NFO,07/01/2020,10:01:07,742.5,730.9,75,742,75,0,19875
NIFTY30JAN2012900PE.NFO,07/01/2020,10:01:08,742.5,731.9,75,742,75,0,19875
NIFTY30JAN2012900PE.NFO,07/01/2020,10:01:09,742.5,732.15,75,742,75,0,19875
NIFTY30JAN2012900PE.NFO,07/01/2020,10:01:10,742.5,733.15,75,742,75,0,19875
NIFTY30JAN2012900PE.NFO,07/01/2020,10:01:11,742.5,733.2,150,742,75,0,19875
NIFTY30JAN2012900PE.NFO,07/01/2020,10:01:12,742.5,733.4,75,743.65,75,0,19875
NIFTY30JAN2012900PE.NFO,07/01/2020,10:01:15,742.5,733.9,75,743.4,75,0,19875
NIFTY30JAN2012900PE.NFO,07/01/2020,10:01:16,742.5,734.15,75,743.4,75,0,19875
NIFTY30JAN2012900PE.NFO,07/01/2020,10:01:17,742.5,734.4,75,742.95,75,0,19875
NIFTY30JAN2012900PE.NFO,07/01/2020,10:01:18,742.5,734.65,75,742.95,75,0,19875
NIFTY30JAN2012900PE.NFO,07/01/2020,10:01:20,742.5,732.8,150,744.3,75,0,19875
NIFTY30JAN2012900PE.NFO,07/01/2020,10:01:21,742.5,733,75,743,150,0,19875
NIFTY30JAN2012900PE.NFO,07/01/2020,10:01:22,742.5,733.65,75,742.8,75,0,19875
NIFTY30JAN2012900PE.NFO,07/01/2020,10:01:24,742.5,734.15,75,744.2,75,0,19875
NIFTY30JAN2012900PE.NFO,07/01/2020,10:01:25,742.5,734.4,75,744.2,75,0,19875
NIFTY30JAN2012900PE.NFO,07/01/2020,10:01:26,742.5,734.65,75,744.2,75,0,19875
NIFTY30JAN2012900PE.NFO,07/01/2020,10:01:27,742.5,734.9,75,744.2,75,0,19875
NIFTY30JAN2012900PE.NFO,07/01/2020,10:01:28,742.5,735.15,75,744.2,75,0,19875
NIFTY30JAN2012900PE.NFO,07/01/2020,10:01:29,742.5,735.4,75,744.2,75,0,19875
NIFTY30JAN2012900PE.NFO,07/01/2020,10:01:31,742.5,735.65,75,744.2,75,0,19875
NIFTY30JAN2012900PE.NFO,07/01/2020,10:01:32,742.5,735.9,75,744.2,75,0,19875
NIFTY30JAN2012900PE.NFO,07/01/2020,10:01:33,742.5,736.15,75,744.2,75,0,19875
NIFTY30JAN2012900PE.NFO,07/01/2020,10:01:34,742.5,733.4,75,744.2,75,0,19875
NIFTY30JAN2012900PE.NFO,07/01/2020,10:01:35,742.5,733.7,75,745.35,75,0,19875
NIFTY30JAN2012900PE.NFO,07/01/2020,10:01:36,742.5,735.85,75,744.9,75,0,19875
NIFTY30JAN2012900PE.NFO,07/01/2020,10:01:38,742.5,736.1,75,745.6,75,0,19875
NIFTY30JAN2012900PE.NFO,07/01/2020,10:01:39,742.5,736.35,75,745.6,75,0,19875
NIFTY30JAN2012900PE.NFO,07/01/2020,10:01:40,742.5,736.6,75,745.6,75,0,19875
NIFTY30JAN2012900PE.NFO,07/01/2020,10:01:41,742.5,736.85,75,745.6,75,0,19875
NIFTY30JAN2012900PE.NFO,07/01/2020,10:01:43,742.5,734.3,75,745.6,75,0,19875
NIFTY30JAN2012900PE.NFO,07/01/2020,10:01:44,742.5,734.85,75,745.35,75,0,19875
NIFTY30JAN2012900PE.NFO,07/01/2020,10:01:45,742.5,735.1,75,745.35,75,0,19875
NIFTY30JAN2012900PE.NFO,07/01/2020,10:01:46,742.5,735.35,75,745.35,75,0,19875
NIFTY30JAN2012900PE.NFO,07/01/2020,10:01:48,742.5,735.65,150,745.35,75,0,19875
NIFTY30JAN2012900PE.NFO,07/01/2020,10:01:49,742.5,735.85,75,745.35,75,0,19875
NIFTY30JAN2012900PE.NFO,07/01/2020,10:01:50,742.5,736.15,150,745.35,75,0,19875
NIFTY30JAN2012900PE.NFO,07/01/2020,10:01:51,742.5,736.2,75,745.35,75,0,19875
NIFTY30JAN2012900PE.NFO,07/01/2020,10:01:56,742.5,736.15,150,745.35,75,0,19875
NIFTY30JAN2012900PE.NFO,07/01/2020,10:01:57,742.5,736.15,150,745.7,150,0,19875
NIFTY30JAN2012900PE.NFO,07/01/2020,10:01:58,742.5,736.2,75,746.5,75,0,19875
NIFTY30JAN2012900PE.NFO,07/01/2020,10:01:59,742.5,736.2,75,746.25,75,0,19875
NIFTY30JAN2012900PE.NFO,07/01/2020,10:02:01,742.5,736.2,75,745.9,75,0,19875
NIFTY30JAN2012900PE.NFO,07/01/2020,10:02:02,742.5,736.2,75,745.25,75,0,19875
NIFTY30JAN2012900PE.NFO,07/01/2020,10:02:09,742.5,732.15,75,745,75,0,19875
NIFTY30JAN2012900PE.NFO,07/01/2020,10:02:11,742.5,733.45,75,743.8,75,0,19875
NIFTY30JAN2012900PE.NFO,07/01/2020,10:02:12,742.5,733.7,75,743.8,75,0,19875
NIFTY30JAN2012900PE.NFO,07/01/2020,10:02:13,742.5,733.8,75,743.65,75,0,19875
NIFTY30JAN2012900PE.NFO,07/01/2020,10:02:18,742.5,733.8,75,743.15,75,0,19875
NIFTY30JAN2012900PE.NFO,07/01/2020,10:02:24,742.5,734.4,75,743.15,75,0,19875
NIFTY30JAN2012900PE.NFO,07/01/2020,10:02:25,742.5,734.65,75,744.25,75,0,19875
NIFTY30JAN2012900PE.NFO,07/01/2020,10:02:26,742.5,734.9,75,744.25,75,0,19875
NIFTY30JAN2012900PE.NFO,07/01/2020,10:02:27,742.5,735.15,75,744.25,75,0,19875
NIFTY30JAN2012900PE.NFO,07/01/2020,10:02:29,742.5,735.4,75,744.25,75,0,19875
NIFTY30JAN2012900PE.NFO,07/01/2020,10:02:30,742.5,735.65,75,744.25,75,0,19875
NIFTY30JAN2012900PE.NFO,07/01/2020,10:02:31,742.5,733.55,75,744.25,75,0,19875
NIFTY30JAN2012900PE.NFO,07/01/2020,10:02:32,742.5,734.15,75,744.25,75,0,19875
NIFTY30JAN2012900PE.NFO,07/01/2020,10:02:33,742.5,734.4,75,744.25,75,0,19875
NIFTY30JAN2012900PE.NFO,07/01/2020,10:02:36,742.5,732.2,75,743.5,75,0,19875
NIFTY30JAN2012900PE.NFO,07/01/2020,10:02:37,742.5,733.1,75,743.5,75,0,19875
NIFTY30JAN2012900PE.NFO,07/01/2020,10:02:38,742.5,733.35,75,743.5,75,0,19875
NIFTY30JAN2012900PE.NFO,07/01/2020,10:02:39,742.5,733.6,75,743.5,75,0,19875
NIFTY30JAN2012900PE.NFO,07/01/2020,10:02:40,742.5,733.7,75,743.5,75,0,19875
NIFTY30JAN2012900PE.NFO,07/01/2020,10:02:42,742.5,734.25,75,743.5,75,0,19875
NIFTY30JAN2012900PE.NFO,07/01/2020,10:02:43,742.5,732.25,150,743.5,75,0,19875
NIFTY30JAN2012900PE.NFO,07/01/2020,10:02:44,742.5,732.5,75,743.25,75,0,19875
NIFTY30JAN2012900PE.NFO,07/01/2020,10:02:45,742.5,732.75,75,742.75,75,0,19875
NIFTY30JAN2012900PE.NFO,07/01/2020,10:02:47,742.5,733,75,742.75,75,0,19875
NIFTY30JAN2012900PE.NFO,07/01/2020,10:02:48,742.5,733.25,75,742.75,75,0,19875
NIFTY30JAN2012900PE.NFO,07/01/2020,10:02:49,742.5,733.5,75,742.75,75,0,19875
NIFTY30JAN2012900PE.NFO,07/01/2020,10:02:50,742.5,733.75,75,742.75,75,0,19875
NIFTY30JAN2012900PE.NFO,07/01/2020,10:02:51,742.5,726.6,75,742.75,75,0,19875
NIFTY30JAN2012900PE.NFO,07/01/2020,10:02:52,742.5,731.65,75,742.5,75,0,19875
NIFTY30JAN2012900PE.NFO,07/01/2020,10:02:53,742.5,731.9,75,742.15,75,0,19875
NIFTY30JAN2012900PE.NFO,07/01/2020,10:02:55,742.5,732.15,75,741.95,75,0,19875
NIFTY30JAN2012900PE.NFO,07/01/2020,10:02:56,742.5,732.4,75,741.95,75,0,19875
NIFTY30JAN2012900PE.NFO,07/01/2020,10:02:58,742.5,732.4,75,741.3,75,0,19875
NIFTY30JAN2012900PE.NFO,07/01/2020,10:03:03,742.5,727.4,75,741,75,0,19875
NIFTY30JAN2012900PE.NFO,07/01/2020,10:03:04,742.5,730.8,75,741,75,0,19875
NIFTY30JAN2012900PE.NFO,07/01/2020,10:03:05,742.5,731.05,75,741,75,0,19875
NIFTY30JAN2012900PE.NFO,07/01/2020,10:03:06,742.5,731.3,75,741,75,0,19875
NIFTY30JAN2012900PE.NFO,07/01/2020,10:03:07,742.5,731.55,75,741,75,0,19875
NIFTY30JAN2012900PE.NFO,07/01/2020,10:03:09,742.5,731.8,75,742,75,0,19875
NIFTY30JAN2012900PE.NFO,07/01/2020,10:03:10,742.5,732.05,75,742,75,0,19875
NIFTY30JAN2012900PE.NFO,07/01/2020,10:03:11,742.5,732.3,75,742,75,0,19875
NIFTY30JAN2012900PE.NFO,07/01/2020,10:03:12,742.5,732.55,75,742,75,0,19875
NIFTY30JAN2012900PE.NFO,07/01/2020,10:03:13,742.5,732.8,75,742,75,0,19875
NIFTY30JAN2012900PE.NFO,07/01/2020,10:03:14,742.5,733.05,75,742,75,0,19875
NIFTY30JAN2012900PE.NFO,07/01/2020,10:03:15,742.5,733.3,75,742,75,0,19875
NIFTY30JAN2012900PE.NFO,07/01/2020,10:03:16,742.5,733.55,75,742,75,0,19875
NIFTY30JAN2012900PE.NFO,07/01/2020,10:03:18,742.5,733.8,75,742,75,0,19875
NIFTY30JAN2012900PE.NFO,07/01/2020,10:03:19,742.5,730.95,150,742,75,0,19875
NIFTY30JAN2012900PE.NFO,07/01/2020,10:03:20,742.5,732.05,75,742,75,0,19875
NIFTY30JAN2012900PE.NFO,07/01/2020,10:03:21,742.5,732.3,75,742,75,0,19875
NIFTY30JAN2012900PE.NFO,07/01/2020,10:03:22,742.5,732.55,75,743.25,75,0,19875
NIFTY30JAN2012900PE.NFO,07/01/2020,10:03:23,742.5,732.8,75,743.25,75,0,19875
NIFTY30JAN2012900PE.NFO,07/01/2020,10:03:24,742.5,733.05,75,743.25,75,0,19875
NIFTY30JAN2012900PE.NFO,07/01/2020,10:03:25,742.5,733.3,75,743.25,75,0,19875
NIFTY30JAN2012900PE.NFO,07/01/2020,10:03:27,742.5,733.55,75,743.25,75,0,19875
NIFTY30JAN2012900PE.NFO,07/01/2020,10:03:28,742.5,733.8,75,743.25,75,0,19875
NIFTY30JAN2012900PE.NFO,07/01/2020,10:03:29,742.5,734.05,75,743.25,75,0,19875
NIFTY30JAN2012900PE.NFO,07/01/2020,10:03:30,742.5,734.3,75,743.25,75,0,19875
NIFTY30JAN2012900PE.NFO,07/01/2020,10:03:31,742.5,734.55,75,743.25,75,0,19875
NIFTY30JAN2012900PE.NFO,07/01/2020,10:03:33,742.5,734.8,75,743.25,75,0,19875
NIFTY30JAN2012900PE.NFO,07/01/2020,10:03:34,742.5,732.85,75,743.25,75,0,19875
NIFTY30JAN2012900PE.NFO,07/01/2020,10:03:35,742.5,733.1,75,743.25,75,0,19875
NIFTY30JAN2012900PE.NFO,07/01/2020,10:03:36,742.5,733.35,75,743.25,75,0,19875
NIFTY30JAN2012900PE.NFO,07/01/2020,10:03:37,742.5,733.6,75,743.25,75,0,19875
NIFTY30JAN2012900PE.NFO,07/01/2020,10:03:38,742.5,733.85,75,743.25,75,0,19875
NIFTY30JAN2012900PE.NFO,07/01/2020,10:03:39,742.5,734.1,75,743.25,75,0,19875
NIFTY30JAN2012900PE.NFO,07/01/2020,10:03:41,742.5,734.35,75,743.25,75,0,19875
NIFTY30JAN2012900PE.NFO,07/01/2020,10:03:42,742.5,734.35,75,744.45,150,0,19875
NIFTY30JAN2012900PE.NFO,07/01/2020,10:03:43,742.5,734.6,75,744.25,75,0,19875
NIFTY30JAN2012900PE.NFO,07/01/2020,10:03:44,742.5,734.85,75,744.25,75,0,19875
NIFTY30JAN2012900PE.NFO,07/01/2020,10:03:46,742.5,735.1,75,745.85,75,0,19875
NIFTY30JAN2012900PE.NFO,07/01/2020,10:03:47,742.5,735.35,75,745.15,75,0,19875
NIFTY30JAN2012900PE.NFO,07/01/2020,10:03:48,742.5,735.45,75,745.15,75,0,19875
NIFTY30JAN2012900PE.NFO,07/01/2020,10:03:50,742.5,735.45,75,745.1,150,0,19875
NIFTY30JAN2012900PE.NFO,07/01/2020,10:03:51,742.5,735.45,75,744.9,75,0,19875
NIFTY30JAN2012900PE.NFO,07/01/2020,10:03:52,742.5,733.8,75,744.9,75,0,19875
NIFTY30JAN2012900PE.NFO,07/01/2020,10:03:53,742.5,734.05,75,744.3,75,0,19875
NIFTY30JAN2012900PE.NFO,07/01/2020,10:03:55,742.5,734.3,75,743.2,75,0,19875
NIFTY30JAN2012900PE.NFO,07/01/2020,10:03:56,742.5,734.55,75,743.2,75,0,19875
NIFTY30JAN2012900PE.NFO,07/01/2020,10:03:57,742.5,730.65,75,742.55,75,0,19875
NIFTY30JAN2012900PE.NFO,07/01/2020,10:03:58,742.5,731.9,75,742.55,75,0,19875
NIFTY30JAN2012900PE.NFO,07/01/2020,10:04:01,742.5,732.4,75,742.3,75,0,19875
NIFTY30JAN2012900PE.NFO,07/01/2020,10:04:02,742.5,732.6,75,743.9,75,0,19875
NIFTY30JAN2012900PE.NFO,07/01/2020,10:04:03,742.5,732.65,75,742.85,75,0,19875
NIFTY30JAN2012900PE.NFO,07/01/2020,10:04:04,742.5,732.5,75,743.1,75,0,19875
NIFTY30JAN2012900PE.NFO,07/01/2020,10:04:06,742.5,732.5,75,742.9,75,0,19875
NIFTY30JAN2012900PE.NFO,07/01/2020,10:04:08,742.5,732.75,75,742.9,75,0,19875
NIFTY30JAN2012900PE.NFO,07/01/2020,10:04:10,742.5,733.25,75,744.55,75,0,19875
NIFTY30JAN2012900PE.NFO,07/01/2020,10:04:11,742.5,733.6,75,744.55,75,0,19875
NIFTY30JAN2012900PE.NFO,07/01/2020,10:04:12,742.5,733.65,75,743.65,75,0,19875
NIFTY30JAN2012900PE.NFO,07/01/2020,10:04:17,742.5,733.6,75,743.8,75,0,19875
NIFTY30JAN2012900PE.NFO,07/01/2020,10:04:18,742.5,733.6,75,743.1,75,0,19875
NIFTY30JAN2012900PE.NFO,07/01/2020,10:04:19,742.5,733.6,75,743.05,150,0,19875
NIFTY30JAN2012900PE.NFO,07/01/2020,10:04:20,742.5,733.6,75,742.5,75,0,19875
NIFTY30JAN2012900PE.NFO,07/01/2020,10:04:23,742.5,733.6,75,743.75,75,0,19875
NIFTY30JAN2012900PE.NFO,07/01/2020,10:04:24,742.5,717.35,150,743,75,0,19875
NIFTY30JAN2012900PE.NFO,07/01/2020,10:04:25,742.5,730.5,75,742.15,75,0,19875
NIFTY30JAN2012900PE.NFO,07/01/2020,10:04:27,742.5,731.8,75,742.15,75,0,19875
NIFTY30JAN2012900PE.NFO,07/01/2020,10:04:28,742.5,732.05,75,742.15,75,0,19875
NIFTY30JAN2012900PE.NFO,07/01/2020,10:04:29,742.5,732.3,75,741.65,75,0,19875
NIFTY30JAN2012900PE.NFO,07/01/2020,10:04:30,742.5,732.3,75,741.35,75,0,19875
NIFTY30JAN2012900PE.NFO,07/01/2020,10:04:33,742.5,732.3,75,741,75,0,19875
NIFTY30JAN2012900PE.NFO,07/01/2020,10:04:35,742.5,725.7,75,740.55,150,0,19875
NIFTY30JAN2012900PE.NFO,07/01/2020,10:04:36,742.5,728.55,75,740.35,75,0,19875
NIFTY30JAN2012900PE.NFO,07/01/2020,10:04:37,742.5,729.6,75,740.35,75,0,19875
NIFTY30JAN2012900PE.NFO,07/01/2020,10:04:39,742.5,730.25,75,740.35,75,0,19875
NIFTY30JAN2012900PE.NFO,07/01/2020,10:04:40,742.5,730.9,75,741.55,75,0,19875
NIFTY30JAN2012900PE.NFO,07/01/2020,10:04:41,742.5,731.15,75,741.55,75,0,19875
NIFTY30JAN2012900PE.NFO,07/01/2020,10:04:43,742.5,731.5,75,742.4,150,0,19875
NIFTY30JAN2012900PE.NFO,07/01/2020,10:04:45,742.5,732.2,75,742.35,150,0,19875
NIFTY30JAN2012900PE.NFO,07/01/2020,10:04:46,742.5,732.25,150,742.4,150,0,19875
NIFTY30JAN2012900PE.NFO,07/01/2020,10:04:48,742.5,732.3,75,742,75,0,19875
NIFTY30JAN2012900PE.NFO,07/01/2020,10:04:50,742.5,732.3,75,741.35,75,0,19875
NIFTY30JAN2012900PE.NFO,07/01/2020,10:05:02,742.5,732.3,75,742.25,75,0,19875
NIFTY30JAN2012900PE.NFO,07/01/2020,10:05:09,742.5,733.1,75,743,75,0,19875
NIFTY30JAN2012900PE.NFO,07/01/2020,10:05:11,742.5,733.35,75,743,75,0,19875
NIFTY30JAN2012900PE.NFO,07/01/2020,10:05:12,742.5,733.6,75,743,75,0,19875
NIFTY30JAN2012900PE.NFO,07/01/2020,10:05:13,742.5,733.85,75,743,75,0,19875
NIFTY30JAN2012900PE.NFO,07/01/2020,10:05:14,742.5,734.1,75,743,75,0,19875
NIFTY30JAN2012900PE.NFO,07/01/2020,10:05:15,742.5,734.35,75,743,75,0,19875
NIFTY30JAN2012900PE.NFO,07/01/2020,10:05:16,742.5,734.6,75,743,75,0,19875
NIFTY30JAN2012900PE.NFO,07/01/2020,10:05:18,742.5,734.85,75,743,75,0,19875
NIFTY30JAN2012900PE.NFO,07/01/2020,10:05:19,742.5,735.1,75,743,75,0,19875
NIFTY30JAN2012900PE.NFO,07/01/2020,10:05:20,742.5,735.35,75,743,75,0,19875
NIFTY30JAN2012900PE.NFO,07/01/2020,10:05:30,742.5,735.35,75,743.75,75,0,19875
NIFTY30JAN2012900PE.NFO,07/01/2020,10:05:31,742.5,735.65,150,745.1,75,0,19875
NIFTY30JAN2012900PE.NFO,07/01/2020,10:05:33,742.5,735.9,150,745.1,75,0,19875
NIFTY30JAN2012900PE.NFO,07/01/2020,10:05:34,742.5,736.55,150,747.95,150,0,19875
NIFTY30JAN2012900PE.NFO,07/01/2020,10:05:35,742.5,736.8,150,746.85,75,0,19875
NIFTY30JAN2012900PE.NFO,07/01/2020,10:05:36,742.5,737,75,746.35,75,0,19875
NIFTY30JAN2012900PE.NFO,07/01/2020,10:05:38,742.5,737,75,746.1,75,0,19875
NIFTY30JAN2012900PE.NFO,07/01/2020,10:05:39,742.5,737,75,745.65,75,0,19875
NIFTY30JAN2012900PE.NFO,07/01/2020,10:05:40,742.5,737.3,150,745.65,75,0,19875
NIFTY30JAN2012900PE.NFO,07/01/2020,10:05:41,742.5,735.85,150,745.65,75,0,19875
NIFTY30JAN2012900PE.NFO,07/01/2020,10:05:43,742.5,733.95,75,745.05,75,0,19875
NIFTY30JAN2012900PE.NFO,07/01/2020,10:05:44,742.5,734.2,75,745.05,75,0,19875
NIFTY30JAN2012900PE.NFO,07/01/2020,10:05:45,742.5,734.25,75,745.45,75,0,19875
NIFTY30JAN2012900PE.NFO,07/01/2020,10:05:47,742.5,733.05,150,743.6,75,0,19875
NIFTY30JAN2012900PE.NFO,07/01/2020,10:05:48,742.5,733.25,75,743.25,150,0,19875
NIFTY30JAN2012900PE.NFO,07/01/2020,10:05:49,742.5,733.55,150,743.7,75,0,19875
NIFTY30JAN2012900PE.NFO,07/01/2020,10:05:50,742.5,733.75,75,743.7,75,0,19875
NIFTY30JAN2012900PE.NFO,07/01/2020,10:05:52,742.5,734,75,743.7,75,0,19875
NIFTY30JAN2012900PE.NFO,07/01/2020,10:05:54,742.5,734.3,150,743.7,75,0,19875
NIFTY30JAN2012900PE.NFO,07/01/2020,10:05:55,742.5,734.55,150,745.45,75,0,19875
NIFTY30JAN2012900PE.NFO,07/01/2020,10:05:57,742.5,735,75,745.45,75,0,19875
NIFTY30JAN2012900PE.NFO,07/01/2020,10:05:58,742.5,735.05,150,744.95,75,0,19875
NIFTY30JAN2012900PE.NFO,07/01/2020,10:05:59,742.5,735.25,75,744.95,75,0,19875
NIFTY30JAN2012900PE.NFO,07/01/2020,10:06:00,742.5,735.25,75,744.65,75,0,19875
NIFTY30JAN2012900PE.NFO,07/01/2020,10:06:01,742.5,735.55,150,744.65,75,0,19875
NIFTY30JAN2012900PE.NFO,07/01/2020,10:06:03,742.5,736,75,744.65,75,0,19875
NIFTY30JAN2012900PE.NFO,07/01/2020,10:06:05,742.5,736.1,75,746.65,150,0,19875
NIFTY30JAN2012900PE.NFO,07/01/2020,10:06:06,742.5,736.1,75,746.45,75,0,19875
NIFTY30JAN2012900PE.NFO,07/01/2020,10:06:07,742.5,736.85,150,746.45,75,0,19875
NIFTY30JAN2012900PE.NFO,07/01/2020,10:06:09,742.5,737.05,75,746.25,75,0,19875
NIFTY30JAN2012900PE.NFO,07/01/2020,10:06:10,742.5,735.2,150,745.65,75,0,19875
NIFTY30JAN2012900PE.NFO,07/01/2020,10:06:11,742.5,735.65,75,745.65,75,0,19875
NIFTY30JAN2012900PE.NFO,07/01/2020,10:06:12,742.5,735.9,75,745.65,75,0,19875
NIFTY30JAN2012900PE.NFO,07/01/2020,10:06:13,742.5,736.85,75,745.65,75,0,19875
NIFTY30JAN2012900PE.NFO,07/01/2020,10:06:14,742.5,737.1,75,745.65,75,0,19875
NIFTY30JAN2012900PE.NFO,07/01/2020,10:06:17,742.5,737.4,150,745.65,75,0,19875
NIFTY30JAN2012900PE.NFO,07/01/2020,10:06:18,742.5,737.6,75,747.7,75,0,19875
NIFTY30JAN2012900PE.NFO,07/01/2020,10:06:19,742.5,738.15,75,747.7,75,0,19875
NIFTY30JAN2012900PE.NFO,07/01/2020,10:06:20,742.5,738.4,75,747.6,75,0,19875
NIFTY30JAN2012900PE.NFO,07/01/2020,10:06:22,742.5,738.4,75,747.15,75,0,19875
NIFTY30JAN2012900PE.NFO,07/01/2020,10:06:23,742.5,739.05,75,752.35,150,0,19875
NIFTY30JAN2012900PE.NFO,07/01/2020,10:06:24,742.5,739.3,75,749.1,75,0,19875
NIFTY30JAN2012900PE.NFO,07/01/2020,10:06:26,742.5,739.55,75,748.6,75,0,19875
NIFTY30JAN2012900PE.NFO,07/01/2020,10:06:27,742.5,736.15,75,748.35,75,0,19875
NIFTY30JAN2012900PE.NFO,07/01/2020,10:06:28,742.5,737.7,75,748.35,75,0,19875
NIFTY30JAN2012900PE.NFO,07/01/2020,10:06:29,742.5,737.95,75,747.7,75,0,19875
NIFTY30JAN2012900PE.NFO,07/01/2020,10:06:30,742.5,738.2,75,747.7,75,0,19875
NIFTY30JAN2012900PE.NFO,07/01/2020,10:06:32,742.5,738.5,150,747.7,75,0,19875
NIFTY30JAN2012900PE.NFO,07/01/2020,10:06:33,742.5,738.7,75,747.7,75,0,19875
NIFTY30JAN2012900PE.NFO,07/01/2020,10:06:34,742.5,738.95,75,747.7,75,0,19875
NIFTY30JAN2012900PE.NFO,07/01/2020,10:06:35,742.5,739.2,75,747.7,75,0,19875
NIFTY30JAN2012900PE.NFO,07/01/2020,10:06:37,742.5,739.45,75,747.7,75,0,19875
NIFTY30JAN2012900PE.NFO,07/01/2020,10:06:38,742.5,739.7,75,748.35,75,0,19875
NIFTY30JAN2012900PE.NFO,07/01/2020,10:06:39,742.5,740,150,748.35,75,0,19875
NIFTY30JAN2012900PE.NFO,07/01/2020,10:06:40,742.5,740.25,150,748.35,75,0,19875
NIFTY30JAN2012900PE.NFO,07/01/2020,10:06:41,742.5,739.45,75,749.95,75,0,19875
NIFTY30JAN2012900PE.NFO,07/01/2020,10:06:43,742.5,739.8,75,749.3,75,0,19875
NIFTY30JAN2012900PE.NFO,07/01/2020,10:06:44,742.5,740.1,150,749.3,75,0,19875
NIFTY30JAN2012900PE.NFO,07/01/2020,10:06:45,742.5,740.7,75,758.8,150,0,19875
NIFTY30JAN2012900PE.NFO,07/01/2020,10:06:47,742.5,741.15,75,752.1,75,0,19875
NIFTY30JAN2012900PE.NFO,07/01/2020,10:06:48,742.5,741.4,75,751.55,75,0,19875
NIFTY30JAN2012900PE.NFO,07/01/2020,10:06:49,742.5,741.7,150,751.55,75,0,19875
NIFTY30JAN2012900PE.NFO,07/01/2020,10:06:51,742.5,741.95,150,751.55,75,0,19875
NIFTY30JAN2012900PE.NFO,07/01/2020,10:06:52,742.5,742.15,75,750.9,75,0,19875
NIFTY30JAN2012900PE.NFO,07/01/2020,10:06:53,742.5,740.5,75,750.2,75,0,19875
NIFTY30JAN2012900PE.NFO,07/01/2020,10:06:55,742.5,740.6,150,750.2,75,0,19875
NIFTY30JAN2012900PE.NFO,07/01/2020,10:06:56,742.5,740.85,150,750.2,75,0,19875
NIFTY30JAN2012900PE.NFO,07/01/2020,10:06:57,742.5,741.1,150,750.2,75,0,19875
NIFTY30JAN2012900PE.NFO,07/01/2020,10:06:58,742.5,741.3,75,750.2,75,0,19875
NIFTY30JAN2012900PE.NFO,07/01/2020,10:07:00,742.5,738.45,150,749.5,75,0,19875
NIFTY30JAN2012900PE.NFO,07/01/2020,10:07:01,742.5,739.6,75,750.35,150,0,19875
NIFTY30JAN2012900PE.NFO,07/01/2020,10:07:02,742.5,739.8,150,750.3,75,0,19875
NIFTY30JAN2012900PE.NFO,07/01/2020,10:07:04,742.5,740.35,75,750.3,75,0,19875
NIFTY30JAN2012900PE.NFO,07/01/2020,10:07:05,742.5,740.65,150,751.5,75,0,19875
NIFTY30JAN2012900PE.NFO,07/01/2020,10:07:06,742.5,740.9,150,751.5,75,0,19875
NIFTY30JAN2012900PE.NFO,07/01/2020,10:07:07,742.5,741.15,150,750.85,75,0,19875
NIFTY30JAN2012900PE.NFO,07/01/2020,10:07:09,742.5,741.4,150,750.55,75,0,19875
NIFTY30JAN2012900PE.NFO,07/01/2020,10:07:10,742.5,741.65,150,750.55,75,0,19875
NIFTY30JAN2012900PE.NFO,07/01/2020,10:07:11,742.5,741.9,150,750.55,75,0,19875
NIFTY30JAN2012900PE.NFO,07/01/2020,10:07:12,742.5,742.1,75,750.55,75,0,19875
NIFTY30JAN2012900PE.NFO,07/01/2020,10:07:13,742.5,742.35,75,750.55,75,0,19875
NIFTY30JAN2012900PE.NFO,07/01/2020,10:07:14,742.5,742.65,150,752.35,150,0,19875
NIFTY30JAN2012900PE.NFO,07/01/2020,10:07:16,742.5,742.85,75,752.8,75,0,19875
NIFTY30JAN2012900PE.NFO,07/01/2020,10:07:17,742.5,743.1,75,752.8,75,0,19875
NIFTY30JAN2012900PE.NFO,07/01/2020,10:07:18,742.5,743.4,150,752.8,75,0,19875
NIFTY30JAN2012900PE.NFO,07/01/2020,10:07:19,742.5,741.65,150,752.5,150,0,19875
NIFTY30JAN2012900PE.NFO,07/01/2020,10:07:21,742.5,741.9,150,751.8,75,0,19875
NIFTY30JAN2012900PE.NFO,07/01/2020,10:07:22,742.5,742.1,75,751.1,75,0,19875
NIFTY30JAN2012900PE.NFO,07/01/2020,10:07:23,742.5,742.35,75,750.75,75,0,19875
NIFTY30JAN2012900PE.NFO,07/01/2020,10:07:24,742.5,736.75,150,750.55,75,0,19875
NIFTY30JAN2012900PE.NFO,07/01/2020,10:07:26,742.5,740.45,75,750.5,75,0,19875
NIFTY30JAN2012900PE.NFO,07/01/2020,10:07:27,742.5,740.7,75,750.05,75,0,19875
NIFTY30JAN2012900PE.NFO,07/01/2020,10:07:28,742.5,741,150,750.05,75,0,19875
NIFTY30JAN2012900PE.NFO,07/01/2020,10:07:29,742.5,741.2,75,750.05,75,0,19875
NIFTY30JAN2012900PE.NFO,07/01/2020,10:07:30,742.5,741.45,75,750.05,75,0,19875
NIFTY30JAN2012900PE.NFO,07/01/2020,10:07:32,742.5,741.7,75,751.15,75,0,19875
NIFTY30JAN2012900PE.NFO,07/01/2020,10:07:33,742.5,741.95,75,750.7,75,0,19875
NIFTY30JAN2012900PE.NFO,07/01/2020,10:07:34,742.5,741.95,75,750.5,75,0,19875
NIFTY30JAN2012900PE.NFO,07/01/2020,10:07:36,742.5,742.2,75,750.5,75,0,19875
NIFTY30JAN2012900PE.NFO,07/01/2020,10:07:38,742.5,738.85,150,750,75,0,19875
NIFTY30JAN2012900PE.NFO,07/01/2020,10:07:39,742.5,740.2,150,750,75,0,19875
NIFTY30JAN2012900PE.NFO,07/01/2020,10:07:40,742.5,740.4,75,749.35,75,0,19875
NIFTY30JAN2012900PE.NFO,07/01/2020,10:07:41,742.5,738.4,75,748.95,150,0,19875
NIFTY30JAN2012900PE.NFO,07/01/2020,10:07:43,742.5,738.65,75,748.4,75,0,19875
NIFTY30JAN2012900PE.NFO,07/01/2020,10:07:44,742.5,738.9,75,748.1,75,0,19875
NIFTY30JAN2012900PE.NFO,07/01/2020,10:07:45,742.5,739.15,75,748.1,75,0,19875
NIFTY30JAN2012900PE.NFO,07/01/2020,10:07:47,742.5,739.4,75,748.1,75,0,19875
NIFTY30JAN2012900PE.NFO,07/01/2020,10:07:48,742.5,737.15,75,747.45,75,0,19875
NIFTY30JAN2012900PE.NFO,07/01/2020,10:07:49,742.5,737.65,150,747.05,150,0,19875
NIFTY30JAN2012900PE.NFO,07/01/2020,10:07:51,742.5,737.9,150,746.85,75,0,19875
NIFTY30JAN2012900PE.NFO,07/01/2020,10:07:52,742.5,738.15,150,746.85,75,0,19875
NIFTY30JAN2012900PE.NFO,07/01/2020,10:07:53,742.5,738.4,150,746.85,75,0,19875
NIFTY30JAN2012900PE.NFO,07/01/2020,10:07:54,742.5,738.6,75,746.85,75,0,19875
NIFTY30JAN2012900PE.NFO,07/01/2020,10:07:55,742.5,738.65,150,746.85,75,0,19875
NIFTY30JAN2012900PE.NFO,07/01/2020,10:07:57,742.5,738.9,150,748.25,150,0,19875
NIFTY30JAN2012900PE.NFO,07/01/2020,10:07:58,742.5,739.15,150,748.05,75,0,19875
NIFTY30JAN2012900PE.NFO,07/01/2020,10:07:59,742.5,739.35,75,748.05,75,0,19875
NIFTY30JAN2012900PE.NFO,07/01/2020,10:08:02,742.5,731.7,150,748.05,75,0,19875
NIFTY30JAN2012900PE.NFO,07/01/2020,10:08:03,742.5,737.25,150,747.8,75,0,19875
NIFTY30JAN2012900PE.NFO,07/01/2020,10:08:05,742.5,737.5,150,747.8,75,0,19875
NIFTY30JAN2012900PE.NFO,07/01/2020,10:08:06,742.5,737.95,75,747.4,75,0,19875
NIFTY30JAN2012900PE.NFO,07/01/2020,10:08:07,742.5,738.2,75,747.4,75,0,19875
NIFTY30JAN2012900PE.NFO,07/01/2020,10:08:08,742.5,738.25,150,747.4,75,0,19875
NIFTY30JAN2012900PE.NFO,07/01/2020,10:08:09,742.5,738.45,75,747.4,75,0,19875
NIFTY30JAN2012900PE.NFO,07/01/2020,10:08:10,742.5,738.75,150,747.4,75,0,19875
NIFTY30JAN2012900PE.NFO,07/01/2020,10:08:11,742.5,739,150,747.4,75,0,19875
NIFTY30JAN2012900PE.NFO,07/01/2020,10:08:12,742.5,739.45,75,747.4,75,0,19875
NIFTY30JAN2012900PE.NFO,07/01/2020,10:08:14,742.5,736.55,150,747.4,75,0,19875
NIFTY30JAN2012900PE.NFO,07/01/2020,10:08:15,742.5,736.8,150,746.7,75,0,19875
NIFTY30JAN2012900PE.NFO,07/01/2020,10:08:16,742.5,737.05,150,746.7,75,0,19875
NIFTY30JAN2012900PE.NFO,07/01/2020,10:08:18,742.5,737.3,150,746.7,75,0,19875
NIFTY30JAN2012900PE.NFO,07/01/2020,10:08:19,742.5,737.75,75,746.7,75,0,19875
NIFTY30JAN2012900PE.NFO,07/01/2020,10:08:20,742.5,735.55,150,746.7,75,0,19875
NIFTY30JAN2012900PE.NFO,07/01/2020,10:08:21,742.5,736,75,746.6,75,0,19875
NIFTY30JAN2012900PE.NFO,07/01/2020,10:08:23,742.5,735.85,75,746.15,75,0,19875
NIFTY30JAN2012900PE.NFO,07/01/2020,10:08:25,742.5,735.85,75,746.1,75,0,19875
NIFTY30JAN2012900PE.NFO,07/01/2020,10:08:26,742.5,735.85,75,745.9,75,0,19875
NIFTY30JAN2012900PE.NFO,07/01/2020,10:08:31,742.5,735.85,75,745.2,75,0,19875
NIFTY30JAN2012900PE.NFO,07/01/2020,10:08:33,742.5,732.85,150,745,75,0,19875
NIFTY30JAN2012900PE.NFO,07/01/2020,10:08:34,742.5,733.8,150,744.45,75,0,19875
NIFTY30JAN2012900PE.NFO,07/01/2020,10:08:37,742.5,734.25,75,744.2,75,0,19875
NIFTY30JAN2012900PE.NFO,07/01/2020,10:08:38,742.5,734.5,75,744.2,75,0,19875
NIFTY30JAN2012900PE.NFO,07/01/2020,10:08:39,742.5,734.75,75,744.95,75,0,19875
NIFTY30JAN2012900PE.NFO,07/01/2020,10:08:41,742.5,735,75,744.95,75,0,19875
NIFTY30JAN2012900PE.NFO,07/01/2020,10:08:42,742.5,735.25,75,744.95,75,0,19875
NIFTY30JAN2012900PE.NFO,07/01/2020,10:08:43,742.5,735.5,75,744.95,75,0,19875
NIFTY30JAN2012900PE.NFO,07/01/2020,10:08:44,742.5,730.85,75,744.5,150,0,19875
NIFTY30JAN2012900PE.NFO,07/01/2020,10:08:46,742.5,732.6,75,744.3,75,0,19875
NIFTY30JAN2012900PE.NFO,07/01/2020,10:08:47,742.5,733.75,75,744.3,75,0,19875
NIFTY30JAN2012900PE.NFO,07/01/2020,10:08:48,742.5,734,75,742.95,75,0,19875
NIFTY30JAN2012900PE.NFO,07/01/2020,10:08:49,742.5,734.25,75,742.95,75,0,19875
NIFTY30JAN2012900PE.NFO,07/01/2020,10:08:50,742.5,734.5,75,742.95,75,0,19875
NIFTY30JAN2012900PE.NFO,07/01/2020,10:08:52,742.5,734.75,75,742.95,75,0,19875
NIFTY30JAN2012900PE.NFO,07/01/2020,10:08:53,742.5,734.55,150,743.6,75,0,19875
NIFTY30JAN2012900PE.NFO,07/01/2020,10:08:54,742.5,733.1,75,743.65,75,0,19875
NIFTY30JAN2012900PE.NFO,07/01/2020,10:08:55,742.5,733.35,75,743.65,75,0,19875
NIFTY30JAN2012900PE.NFO,07/01/2020,10:08:58,742.5,733.85,75,743.4,75,0,19875
NIFTY30JAN2012900PE.NFO,07/01/2020,10:08:59,742.5,734.1,75,743.4,75,0,19875
NIFTY30JAN2012900PE.NFO,07/01/2020,10:09:00,742.5,734.35,75,743.4,75,0,19875
NIFTY30JAN2012900PE.NFO,07/01/2020,10:09:01,742.5,734.6,75,743.4,75,0,19875
NIFTY30JAN2012900PE.NFO,07/01/2020,10:09:02,742.5,732.4,75,743.4,75,0,19875
NIFTY30JAN2012900PE.NFO,07/01/2020,10:09:04,742.5,733.05,75,743.4,75,0,19875
NIFTY30JAN2012900PE.NFO,07/01/2020,10:09:05,742.5,733.8,75,743.4,75,0,19875
NIFTY30JAN2012900PE.NFO,07/01/2020,10:09:06,742.5,734.05,75,743.4,75,0,19875
NIFTY30JAN2012900PE.NFO,07/01/2020,10:09:07,742.5,734.3,75,743.4,75,0,19875
NIFTY30JAN2012900PE.NFO,07/01/2020,10:09:09,742.5,734.6,150,743.4,75,0,19875
NIFTY30JAN2012900PE.NFO,07/01/2020,10:09:10,742.5,734.85,150,743.4,75,0,19875
NIFTY30JAN2012900PE.NFO,07/01/2020,10:09:11,742.5,735.05,75,743.4,75,0,19875
NIFTY30JAN2012900PE.NFO,07/01/2020,10:09:12,742.5,733.85,75,743.4,75,0,19875
NIFTY30JAN2012900PE.NFO,07/01/2020,10:09:14,742.5,734.1,75,743.4,75,0,19875
NIFTY30JAN2012900PE.NFO,07/01/2020,10:09:15,742.5,734.35,75,743.4,75,0,19875
NIFTY30JAN2012900PE.NFO,07/01/2020,10:09:16,742.5,734.6,75,743.4,75,0,19875
NIFTY30JAN2012900PE.NFO,07/01/2020,10:09:17,742.5,734.85,75,743.4,75,0,19875
NIFTY30JAN2012900PE.NFO,07/01/2020,10:09:18,742.5,733.65,75,743.4,75,0,19875
NIFTY30JAN2012900PE.NFO,07/01/2020,10:09:20,742.5,733.9,75,743.4,75,0,19875
NIFTY30JAN2012900PE.NFO,07/01/2020,10:09:21,742.5,734.15,75,743.4,75,0,19875
NIFTY30JAN2012900PE.NFO,07/01/2020,10:09:22,742.5,734.4,75,743.4,75,0,19875
NIFTY30JAN2012900PE.NFO,07/01/2020,10:09:23,742.5,734.9,75,743.4,75,0,19875
NIFTY30JAN2012900PE.NFO,07/01/2020,10:09:24,742.5,734.95,150,744.8,75,0,19875
NIFTY30JAN2012900PE.NFO,07/01/2020,10:09:25,742.5,735.15,75,744.8,75,0,19875
NIFTY30JAN2012900PE.NFO,07/01/2020,10:09:26,742.5,735.4,75,744.8,75,0,19875
NIFTY30JAN2012900PE.NFO,07/01/2020,10:09:27,742.5,735.9,75,744.8,75,0,19875
NIFTY30JAN2012900PE.NFO,07/01/2020,10:09:29,742.5,735.95,150,744.3,75,0,19875
NIFTY30JAN2012900PE.NFO,07/01/2020,10:09:30,742.5,736.4,75,744.3,75,0,19875
NIFTY30JAN2012900PE.NFO,07/01/2020,10:09:31,742.5,734,150,744.3,75,0,19875
NIFTY30JAN2012900PE.NFO,07/01/2020,10:09:32,742.5,734.6,75,744.3,75,0,19875
NIFTY30JAN2012900PE.NFO,07/01/2020,10:09:33,742.5,734.85,75,744.3,75,0,19875
NIFTY30JAN2012900PE.NFO,07/01/2020,10:09:34,742.5,735.1,75,744.3,75,0,19875
NIFTY30JAN2012900PE.NFO,07/01/2020,10:09:36,742.5,735.35,75,744.3,75,0,19875
NIFTY30JAN2012900PE.NFO,07/01/2020,10:09:37,742.5,735.6,75,744.3,75,0,19875
NIFTY30JAN2012900PE.NFO,07/01/2020,10:09:38,742.5,735.85,75,744.3,75,0,19875
NIFTY30JAN2012900PE.NFO,07/01/2020,10:09:39,742.5,736.1,75,745.55,75,0,19875
NIFTY30JAN2012900PE.NFO,07/01/2020,10:09:40,742.5,736.35,75,745.25,75,0,19875
NIFTY30JAN2012900PE.NFO,07/01/2020,10:09:41,742.5,736.6,75,745.25,75,0,19875
NIFTY30JAN2012900PE.NFO,07/01/2020,10:09:43,742.5,736.85,75,745.25,75,0,19875
NIFTY30JAN2012900PE.NFO,07/01/2020,10:09:44,742.5,737.1,75,745.25,75,0,19875
NIFTY30JAN2012900PE.NFO,07/01/2020,10:09:47,742.5,734.65,150,745.25,75,0,19875
NIFTY30JAN2012900PE.NFO,07/01/2020,10:09:49,742.5,735.25,75,745.25,75,0,19875
NIFTY30JAN2012900PE.NFO,07/01/2020,10:09:50,742.5,735.5,75,745.25,75,0,19875
NIFTY30JAN2012900PE.NFO,07/01/2020,10:09:51,742.5,735.75,75,745.25,75,0,19875
NIFTY30JAN2012900PE.NFO,07/01/2020,10:09:52,742.5,736.05,150,744.9,75,0,19875
NIFTY30JAN2012900PE.NFO,07/01/2020,10:09:53,742.5,724.25,75,744.85,150,0,19875
NIFTY30JAN2012900PE.NFO,07/01/2020,10:09:55,742.5,733.6,75,744,75,0,19875
NIFTY30JAN2012900PE.NFO,07/01/2020,10:09:56,742.5,733.85,75,743.55,75,0,19875
NIFTY30JAN2012900PE.NFO,07/01/2020,10:09:57,742.5,731.2,75,743.25,75,0,19875
NIFTY30JAN2012900PE.NFO,07/01/2020,10:09:59,742.5,731.95,75,742.8,75,0,19875
NIFTY30JAN2012900PE.NFO,07/01/2020,10:10:00,742.5,732.2,75,742.8,75,0,19875
NIFTY30JAN2012900PE.NFO,07/01/2020,10:10:01,742.5,732.45,75,742.6,75,0,19875
NIFTY30JAN2012900PE.NFO,07/01/2020,10:10:03,742.5,732.7,75,741.45,75,0,19875
NIFTY30JAN2012900PE.NFO,07/01/2020,10:10:04,742.5,731,75,741.45,75,0,19875
NIFTY30JAN2012900PE.NFO,07/01/2020,10:10:05,742.5,731.25,75,741.45,75,0,19875
NIFTY30JAN2012900PE.NFO,07/01/2020,10:10:06,742.5,731.5,75,740.8,75,0,19875
NIFTY30JAN2012900PE.NFO,07/01/2020,10:10:08,742.5,731.75,75,740.8,75,0,19875
NIFTY30JAN2012900PE.NFO,07/01/2020,10:10:09,742.5,732,75,740.8,75,0,19875
NIFTY30JAN2012900PE.NFO,07/01/2020,10:10:10,742.5,732.25,75,740.8,75,0,19875
NIFTY30JAN2012900PE.NFO,07/01/2020,10:10:11,742.5,733.1,75,743.6,75,0,19875
NIFTY30JAN2012900PE.NFO,07/01/2020,10:10:13,742.5,732.75,75,743.6,75,0,19875
NIFTY30JAN2012900PE.NFO,07/01/2020,10:10:14,742.5,733.4,75,743.6,75,0,19875
NIFTY30JAN2012900PE.NFO,07/01/2020,10:10:15,742.5,733.65,75,743.3,75,0,19875
NIFTY30JAN2012900PE.NFO,07/01/2020,10:10:16,742.5,733.9,75,743.3,75,0,19875
NIFTY30JAN2012900PE.NFO,07/01/2020,10:10:18,742.5,729.55,75,742.4,75,0,19875
NIFTY30JAN2012900PE.NFO,07/01/2020,10:10:19,742.5,732.15,75,742.4,75,0,19875
NIFTY30JAN2012900PE.NFO,07/01/2020,10:10:20,742.5,732.25,150,742.75,150,0,19875
NIFTY30JAN2012900PE.NFO,07/01/2020,10:10:21,742.5,732.3,75,742.7,75,0,19875
NIFTY30JAN2012900PE.NFO,07/01/2020,10:10:24,742.5,732.7,75,742.7,75,0,19875
NIFTY30JAN2012900PE.NFO,07/01/2020,10:10:25,742.5,733,150,742.7,75,0,19875
NIFTY30JAN2012900PE.NFO,07/01/2020,10:10:26,742.5,733.25,150,742.7,75,0,19875
NIFTY30JAN2012900PE.NFO,07/01/2020,10:10:27,742.5,733.7,75,742.7,75,0,19875
NIFTY30JAN2012900PE.NFO,07/01/2020,10:10:28,742.5,733.75,150,742.7,75,0,19875
NIFTY30JAN2012900PE.NFO,07/01/2020,10:10:30,742.5,731.9,150,742.7,75,0,19875
NIFTY30JAN2012900PE.NFO,07/01/2020,10:10:31,742.5,732.55,150,742.7,75,0,19875
NIFTY30JAN2012900PE.NFO,07/01/2020,10:10:32,742.5,732.75,75,741.8,75,0,19875
NIFTY30JAN2012900PE.NFO,07/01/2020,10:10:33,742.5,733.25,75,741.8,75,0,19875
NIFTY30JAN2012900PE.NFO,07/01/2020,10:10:35,742.5,731.6,75,741.7,75,0,19875
NIFTY30JAN2012900PE.NFO,07/01/2020,10:10:36,742.5,731.85,75,741.5,75,0,19875
NIFTY30JAN2012900PE.NFO,07/01/2020,10:10:37,742.5,732.1,75,740.9,75,0,19875
NIFTY30JAN2012900PE.NFO,07/01/2020,10:10:38,742.5,732.2,150,741.85,75,0,19875
NIFTY30JAN2012900PE.NFO,07/01/2020,10:10:39,742.5,732.65,75,741.85,75,0,19875
NIFTY30JAN2012900PE.NFO,07/01/2020,10:10:41,742.5,732.7,150,741.85,75,0,19875
NIFTY30JAN2012900PE.NFO,07/01/2020,10:10:43,742.5,732.95,150,741.85,75,0,19875
