Ticker,Date,Time,LTP,BuyPrice,BuyQty,SellPrice,SellQty,LTQ,OpenInterest
NIFTY25JUN2011500PE.NFO,07/01/2020,11:16:39,178.4,156.25,150,178.4,75,75,209100
NIFTY25JUN2011500PE.NFO,07/01/2020,11:16:39,178.4,156.25,150,178.4,75,0,209100
NIFTY25JUN2011500PE.NFO,07/01/2020,11:16:39,178.4,156.25,150,178.4,75,0,209100
NIFTY25JUN2011500PE.NFO,07/01/2020,11:16:39,178.4,156.25,150,178.4,75,0,209100
NIFTY25JUN2011500PE.NFO,07/01/2020,11:16:41,178.4,156.3,150,189.9,75,0,209100
NIFTY25JUN2011500PE.NFO,07/01/2020,11:16:42,178.4,156.8,150,189.9,75,0,209100
NIFTY25JUN2011500PE.NFO,07/01/2020,11:16:43,178.4,156.8,150,189.7,75,0,209100
NIFTY25JUN2011500PE.NFO,07/01/2020,11:16:45,178.4,156.95,150,189.7,75,0,209100
NIFTY25JUN2011500PE.NFO,07/01/2020,11:16:46,178.4,156.95,150,189.5,75,0,209100
NIFTY25JUN2011500PE.NFO,07/01/2020,11:16:47,178.4,157.1,150,189.5,75,0,209100
NIFTY25JUN2011500PE.NFO,07/01/2020,11:16:49,178.4,157.1,150,189.3,75,0,209100
NIFTY25JUN2011500PE.NFO,07/01/2020,11:16:50,178.4,157.4,150,189.3,75,0,209100
NIFTY25JUN2011500PE.NFO,07/01/2020,11:16:51,178.4,157.25,150,189.1,75,0,209100
NIFTY25JUN2011500PE.NFO,07/01/2020,11:16:53,178.4,157.5,150,189.1,75,0,209100
NIFTY25JUN2011500PE.NFO,07/01/2020,11:16:54,178.4,157.4,150,188.9,75,0,209100
NIFTY25JUN2011500PE.NFO,07/01/2020,11:16:55,178.4,157.55,150,188.9,75,0,209100
NIFTY25JUN2011500PE.NFO,07/01/2020,11:16:58,178.4,157.55,150,188.7,75,0,209100
NIFTY25JUN2011500PE.NFO,07/01/2020,11:16:59,178.4,157.7,150,188.7,75,0,209100
NIFTY25JUN2011500PE.NFO,07/01/2020,11:17:00,178.4,157.7,150,188.5,75,0,209100
NIFTY25JUN2011500PE.NFO,07/01/2020,11:17:02,178.4,157.85,150,188.5,75,0,209100
NIFTY25JUN2011500PE.NFO,07/01/2020,11:17:04,178.4,157.85,150,188.3,75,0,209100
NIFTY25JUN2011500PE.NFO,07/01/2020,11:17:05,178.4,158,150,188.3,75,0,209100
NIFTY25JUN2011500PE.NFO,07/01/2020,11:17:07,178.4,158,150,188.1,75,0,209100
NIFTY25JUN2011500PE.NFO,07/01/2020,11:17:08,178.4,158.15,150,188.1,75,0,209100
NIFTY25JUN2011500PE.NFO,07/01/2020,11:17:11,178.4,158.15,150,187.9,75,0,209100
NIFTY25JUN2011500PE.NFO,07/01/2020,11:17:12,178.4,158.3,150,187.9,75,0,209100
NIFTY25JUN2011500PE.NFO,07/01/2020,11:17:13,178.4,158.3,150,187.7,75,0,209100
NIFTY25JUN2011500PE.NFO,07/01/2020,11:17:15,178.4,158.45,150,187.7,75,0,209100
NIFTY25JUN2011500PE.NFO,07/01/2020,11:17:16,178.4,158.45,150,187.5,75,0,209100
NIFTY25JUN2011500PE.NFO,07/01/2020,11:17:17,178.4,158.55,150,187.5,75,0,209100
NIFTY25JUN2011500PE.NFO,07/01/2020,11:17:19,178.4,158.6,150,187.5,75,0,209100
NIFTY25JUN2011500PE.NFO,07/01/2020,11:17:20,178.4,158.6,150,187.3,75,0,209100
NIFTY25JUN2011500PE.NFO,07/01/2020,11:17:21,178.4,158.7,150,187.3,75,0,209100
NIFTY25JUN2011500PE.NFO,07/01/2020,11:17:22,178.4,158.7,150,187.1,75,0,209100
NIFTY25JUN2011500PE.NFO,07/01/2020,11:17:24,178.4,158.75,150,187.1,75,0,209100
NIFTY25JUN2011500PE.NFO,07/01/2020,11:17:25,178.4,158.85,150,186.9,75,0,209100
NIFTY25JUN2011500PE.NFO,07/01/2020,11:17:26,178.4,158.9,150,186.9,75,0,209100
NIFTY25JUN2011500PE.NFO,07/01/2020,11:17:27,178.4,159,150,186.9,75,0,209100
NIFTY25JUN2011500PE.NFO,07/01/2020,11:17:29,178.4,159.05,150,186.7,75,0,209100
NIFTY25JUN2011500PE.NFO,07/01/2020,11:17:33,178.4,159.2,150,186.5,75,0,209100
NIFTY25JUN2011500PE.NFO,07/01/2020,11:17:36,178.4,159.35,150,186.5,75,0,209100
NIFTY25JUN2011500PE.NFO,07/01/2020,11:17:37,178.4,159.35,150,186.3,75,0,209100
NIFTY25JUN2011500PE.NFO,07/01/2020,11:17:38,178.4,159.45,150,186.3,75,0,209100
NIFTY25JUN2011500PE.NFO,07/01/2020,11:17:40,178.4,159.45,150,186.1,75,0,209100
NIFTY25JUN2011500PE.NFO,07/01/2020,11:17:41,178.4,159.55,150,186.1,75,0,209100
NIFTY25JUN2011500PE.NFO,07/01/2020,11:17:42,178.4,159.55,150,185.9,75,0,209100
NIFTY25JUN2011500PE.NFO,07/01/2020,11:17:43,178.4,159.7,150,185.9,75,0,209100
NIFTY25JUN2011500PE.NFO,07/01/2020,11:17:45,178.4,159.7,150,185.7,75,0,209100
NIFTY25JUN2011500PE.NFO,07/01/2020,11:17:46,178.4,159.85,150,185.7,75,0,209100
NIFTY25JUN2011500PE.NFO,07/01/2020,11:17:49,178.4,160,150,185.5,75,0,209100
NIFTY25JUN2011500PE.NFO,07/01/2020,11:17:50,178.4,160,150,185.6,75,0,209100
NIFTY25JUN2011500PE.NFO,07/01/2020,11:17:51,178.4,160.15,150,185.4,75,0,209100
NIFTY25JUN2011500PE.NFO,07/01/2020,11:17:55,178.4,160.3,150,185.5,75,0,209100
NIFTY25JUN2011500PE.NFO,07/01/2020,11:17:57,178.4,160.3,150,189.9,75,0,209100
NIFTY25JUN2011500PE.NFO,07/01/2020,11:17:58,178.4,160.45,150,189.9,75,0,209100
NIFTY25JUN2011500PE.NFO,07/01/2020,11:18:00,178.4,160.45,150,185.3,75,0,209100
NIFTY25JUN2011500PE.NFO,07/01/2020,11:18:01,178.4,160.6,150,185.3,75,0,209100
NIFTY25JUN2011500PE.NFO,07/01/2020,11:18:02,178.4,160.6,150,185.1,75,0,209100
NIFTY25JUN2011500PE.NFO,07/01/2020,11:18:04,178.4,160.75,150,185.1,75,0,209100
NIFTY25JUN2011500PE.NFO,07/01/2020,11:18:05,178.4,160.75,150,184.9,75,0,209100
NIFTY25JUN2011500PE.NFO,07/01/2020,11:18:07,178.4,160.9,150,184.9,75,0,209100
NIFTY25JUN2011500PE.NFO,07/01/2020,11:18:09,178.4,160.9,150,184.7,75,0,209100
NIFTY25JUN2011500PE.NFO,07/01/2020,11:18:11,178.4,155.15,150,184.7,75,0,209100
NIFTY25JUN2011500PE.NFO,07/01/2020,11:18:12,178.4,155.15,150,184.5,75,0,209100
NIFTY25JUN2011500PE.NFO,07/01/2020,11:18:13,178.4,161.2,150,184.5,75,0,209100
NIFTY25JUN2011500PE.NFO,07/01/2020,11:18:15,178.4,161.8,150,184.5,75,0,209100
NIFTY25JUN2011500PE.NFO,07/01/2020,11:18:16,178.4,162.45,150,184.3,75,0,209100
NIFTY25JUN2011500PE.NFO,07/01/2020,11:18:17,178.4,163.2,150,184.3,75,0,209100
NIFTY25JUN2011500PE.NFO,07/01/2020,11:18:18,178.4,164.05,150,184.1,75,0,209100
NIFTY25JUN2011500PE.NFO,07/01/2020,11:18:19,178.4,163.1,300,184.1,75,0,209100
NIFTY25JUN2011500PE.NFO,07/01/2020,11:18:20,178.4,163.55,150,184.1,75,0,209100
NIFTY25JUN2011500PE.NFO,07/01/2020,11:18:22,178.4,163.15,150,183.9,75,0,209100
NIFTY25JUN2011500PE.NFO,07/01/2020,11:18:23,178.4,163,150,183.9,75,0,209100
NIFTY25JUN2011500PE.NFO,07/01/2020,11:18:24,178.4,163.8,150,183.9,75,0,209100
NIFTY25JUN2011500PE.NFO,07/01/2020,11:18:26,178.4,164.15,150,183.7,75,0,209100
NIFTY25JUN2011500PE.NFO,07/01/2020,11:18:27,178.4,164.45,150,189.9,75,0,209100
NIFTY25JUN2011500PE.NFO,07/01/2020,11:18:28,178.4,164.6,150,189.9,75,0,209100
NIFTY25JUN2011500PE.NFO,07/01/2020,11:18:31,178.4,164.6,150,183.5,75,0,209100
NIFTY25JUN2011500PE.NFO,07/01/2020,11:18:32,178.4,164.7,150,183.5,75,0,209100
NIFTY25JUN2011500PE.NFO,07/01/2020,11:18:33,178.4,164.7,300,183.5,75,0,209100
NIFTY25JUN2011500PE.NFO,07/01/2020,11:18:35,178.4,164.7,150,183.5,75,0,209100
NIFTY25JUN2011500PE.NFO,07/01/2020,11:18:36,178.4,164.8,75,189.9,75,0,209100
NIFTY25JUN2011500PE.NFO,07/01/2020,11:18:37,178.4,164.8,225,189.9,75,0,209100
NIFTY25JUN2011500PE.NFO,07/01/2020,11:18:39,178.4,164.9,75,189.9,75,0,209100
NIFTY25JUN2011500PE.NFO,07/01/2020,11:18:40,178.4,164.9,225,183.1,75,0,209100
NIFTY25JUN2011500PE.NFO,07/01/2020,11:18:43,178.4,165,225,189.7,75,0,209100
NIFTY25JUN2011500PE.NFO,07/01/2020,11:18:46,178.4,165.1,150,182.9,75,0,209100
NIFTY25JUN2011500PE.NFO,07/01/2020,11:18:47,178.4,165.1,225,182.9,75,0,209100
NIFTY25JUN2011500PE.NFO,07/01/2020,11:18:50,178.4,165.2,225,182.7,75,0,209100
NIFTY25JUN2011500PE.NFO,07/01/2020,11:18:51,178.4,165.2,225,189.9,75,0,209100
NIFTY25JUN2011500PE.NFO,07/01/2020,11:18:52,178.4,165.3,225,189.9,75,0,209100
NIFTY25JUN2011500PE.NFO,07/01/2020,11:18:54,178.4,165.3,225,189.7,75,0,209100
NIFTY25JUN2011500PE.NFO,07/01/2020,11:18:55,178.4,165.4,225,189.75,75,0,209100
NIFTY25JUN2011500PE.NFO,07/01/2020,11:18:56,178.4,165.4,225,189.7,75,0,209100
NIFTY25JUN2011500PE.NFO,07/01/2020,11:18:58,178.4,165.5,225,189.55,75,0,209100
NIFTY25JUN2011500PE.NFO,07/01/2020,11:18:59,178.4,165.5,225,189.5,75,0,209100
NIFTY25JUN2011500PE.NFO,07/01/2020,11:19:00,178.4,165.6,225,189.5,75,0,209100
NIFTY25JUN2011500PE.NFO,07/01/2020,11:19:02,178.4,165.6,225,189.35,75,0,209100
NIFTY25JUN2011500PE.NFO,07/01/2020,11:19:03,178.4,165.7,225,189.35,75,0,209100
NIFTY25JUN2011500PE.NFO,07/01/2020,11:19:04,178.4,165.7,225,189.15,75,0,209100
NIFTY25JUN2011500PE.NFO,07/01/2020,11:19:06,178.4,165.8,225,189.15,75,0,209100
NIFTY25JUN2011500PE.NFO,07/01/2020,11:19:07,178.4,165.8,225,189.05,75,0,209100
NIFTY25JUN2011500PE.NFO,07/01/2020,11:19:10,178.4,165.9,225,188.85,75,0,209100
NIFTY25JUN2011500PE.NFO,07/01/2020,11:19:13,178.4,166,225,188.65,75,0,209100
NIFTY25JUN2011500PE.NFO,07/01/2020,11:19:14,178.4,166.1,225,188.65,75,0,209100
NIFTY25JUN2011500PE.NFO,07/01/2020,11:19:15,178.4,166.1,225,188.45,75,0,209100
NIFTY25JUN2011500PE.NFO,07/01/2020,11:19:17,178.4,166.2,225,188.45,75,0,209100
NIFTY25JUN2011500PE.NFO,07/01/2020,11:19:18,178.4,166.2,225,188.25,75,0,209100
NIFTY25JUN2011500PE.NFO,07/01/2020,11:19:19,178.4,166.3,225,188.25,75,0,209100
NIFTY25JUN2011500PE.NFO,07/01/2020,11:19:21,178.4,166.3,225,188.05,75,0,209100
NIFTY25JUN2011500PE.NFO,07/01/2020,11:19:22,178.4,166.4,225,188.05,75,0,209100
NIFTY25JUN2011500PE.NFO,07/01/2020,11:19:24,178.4,166.4,225,187.85,75,0,209100
NIFTY25JUN2011500PE.NFO,07/01/2020,11:19:25,178.4,166.5,225,187.85,75,0,209100
NIFTY25JUN2011500PE.NFO,07/01/2020,11:19:27,178.4,166.5,225,187.65,75,0,209100
NIFTY25JUN2011500PE.NFO,07/01/2020,11:19:28,178.4,166.6,225,187.65,75,0,209100
NIFTY25JUN2011500PE.NFO,07/01/2020,11:19:30,178.4,166.6,225,187.45,75,0,209100
NIFTY25JUN2011500PE.NFO,07/01/2020,11:19:31,178.4,166.7,225,187.45,75,0,209100
NIFTY25JUN2011500PE.NFO,07/01/2020,11:19:32,178.4,166.7,225,187.25,75,0,209100
NIFTY25JUN2011500PE.NFO,07/01/2020,11:19:34,178.4,166.8,225,187.25,75,0,209100
NIFTY25JUN2011500PE.NFO,07/01/2020,11:19:35,178.4,166.8,225,187.05,75,0,209100
NIFTY25JUN2011500PE.NFO,07/01/2020,11:19:36,178.4,166.9,225,187.05,75,0,209100
NIFTY25JUN2011500PE.NFO,07/01/2020,11:19:38,178.4,166.9,225,186.85,75,0,209100
NIFTY25JUN2011500PE.NFO,07/01/2020,11:19:39,178.4,167,75,186.85,75,0,209100
NIFTY25JUN2011500PE.NFO,07/01/2020,11:19:40,178.4,167,75,186.65,75,0,209100
NIFTY25JUN2011500PE.NFO,07/01/2020,11:19:42,178.4,167.1,150,186.65,75,0,209100
NIFTY25JUN2011500PE.NFO,07/01/2020,11:19:43,178.4,167.1,150,186.45,75,0,209100
NIFTY25JUN2011500PE.NFO,07/01/2020,11:19:44,178.4,167.2,75,186.45,75,0,209100
NIFTY25JUN2011500PE.NFO,07/01/2020,11:19:46,178.4,167.2,75,186.25,75,0,209100
NIFTY25JUN2011500PE.NFO,07/01/2020,11:19:47,178.4,167.3,150,186.25,75,0,209100
NIFTY25JUN2011500PE.NFO,07/01/2020,11:19:48,178.4,167.3,150,186.05,75,0,209100
NIFTY25JUN2011500PE.NFO,07/01/2020,11:19:50,178.4,167.3,75,186.05,75,0,209100
NIFTY25JUN2011500PE.NFO,07/01/2020,11:19:51,178.4,167.3,75,185.85,75,0,209100
NIFTY25JUN2011500PE.NFO,07/01/2020,11:19:52,178.4,167.4,150,185.85,75,0,209100
NIFTY25JUN2011500PE.NFO,07/01/2020,11:19:54,178.4,167.4,150,185.65,75,0,209100
NIFTY25JUN2011500PE.NFO,07/01/2020,11:19:55,178.4,156.6,150,185.65,75,0,209100
NIFTY25JUN2011500PE.NFO,07/01/2020,11:19:56,178.4,157.25,150,185.45,75,0,209100
NIFTY25JUN2011500PE.NFO,07/01/2020,11:19:57,178.4,167.5,150,185.45,75,0,209100
NIFTY25JUN2011500PE.NFO,07/01/2020,11:19:58,178.4,167.5,150,185.25,75,0,209100
NIFTY25JUN2011500PE.NFO,07/01/2020,11:20:00,178.4,158.1,150,185.25,75,0,209100
NIFTY25JUN2011500PE.NFO,07/01/2020,11:20:01,178.4,158.85,150,185.05,75,0,209100
NIFTY25JUN2011500PE.NFO,07/01/2020,11:20:02,178.4,167.6,150,185.05,75,0,209100
NIFTY25JUN2011500PE.NFO,07/01/2020,11:20:04,178.4,167.6,150,184.85,75,0,209100
NIFTY25JUN2011500PE.NFO,07/01/2020,11:20:05,178.4,159.3,150,184.85,75,0,209100
NIFTY25JUN2011500PE.NFO,07/01/2020,11:20:07,178.4,160.1,150,184.85,75,0,209100
NIFTY25JUN2011500PE.NFO,07/01/2020,11:20:08,178.4,160.95,150,184.65,75,0,209100
NIFTY25JUN2011500PE.NFO,07/01/2020,11:20:09,178.4,161.75,150,184.45,75,0,209100
NIFTY25JUN2011500PE.NFO,07/01/2020,11:20:11,178.4,161.25,150,184.45,75,0,209100
NIFTY25JUN2011500PE.NFO,07/01/2020,11:20:12,178.4,162,150,184.25,75,0,209100
NIFTY25JUN2011500PE.NFO,07/01/2020,11:20:14,178.4,162.8,150,184.25,75,0,209100
NIFTY25JUN2011500PE.NFO,07/01/2020,11:20:15,178.4,163.55,150,184.05,75,0,209100
NIFTY25JUN2011500PE.NFO,07/01/2020,11:20:16,178.4,162.9,150,189.9,75,0,209100
NIFTY25JUN2011500PE.NFO,07/01/2020,11:20:18,178.4,163.85,150,189.9,75,0,209100
NIFTY25JUN2011500PE.NFO,07/01/2020,11:20:19,178.4,163.8,150,189.9,75,0,209100
NIFTY25JUN2011500PE.NFO,07/01/2020,11:20:20,178.4,164.45,150,183.85,75,0,209100
NIFTY25JUN2011500PE.NFO,07/01/2020,11:20:21,178.4,164.15,150,189.9,75,0,209100
NIFTY25JUN2011500PE.NFO,07/01/2020,11:20:23,178.4,163.95,150,189.9,75,0,209100
NIFTY25JUN2011500PE.NFO,07/01/2020,11:20:24,178.4,164.45,150,189.7,75,0,209100
NIFTY25JUN2011500PE.NFO,07/01/2020,11:20:26,178.4,164.3,150,189.7,75,0,209100
NIFTY25JUN2011500PE.NFO,07/01/2020,11:20:27,178.4,164.6,150,189.5,75,0,209100
NIFTY25JUN2011500PE.NFO,07/01/2020,11:20:30,178.4,164.75,150,189.3,75,0,209100
NIFTY25JUN2011500PE.NFO,07/01/2020,11:20:33,178.4,164.85,225,189.1,75,0,209100
NIFTY25JUN2011500PE.NFO,07/01/2020,11:20:35,178.4,164.95,225,188.9,75,0,209100
NIFTY25JUN2011500PE.NFO,07/01/2020,11:20:38,178.4,165.05,225,188.7,75,0,209100
NIFTY25JUN2011500PE.NFO,07/01/2020,11:20:41,178.4,165.15,225,188.5,75,0,209100
NIFTY25JUN2011500PE.NFO,07/01/2020,11:20:44,178.4,165.25,225,188.3,75,0,209100
NIFTY25JUN2011500PE.NFO,07/01/2020,11:20:46,178.4,165.35,225,188.1,75,0,209100
NIFTY25JUN2011500PE.NFO,07/01/2020,11:20:49,178.4,165.45,225,187.9,75,0,209100
NIFTY25JUN2011500PE.NFO,07/01/2020,11:20:52,178.4,165.55,225,187.7,75,0,209100
NIFTY25JUN2011500PE.NFO,07/01/2020,11:20:54,178.4,165.65,225,187.5,75,0,209100
NIFTY25JUN2011500PE.NFO,07/01/2020,11:20:57,178.4,165.75,225,187.3,75,0,209100
NIFTY25JUN2011500PE.NFO,07/01/2020,11:21:00,178.4,165.85,225,187.3,75,0,209100
NIFTY25JUN2011500PE.NFO,07/01/2020,11:21:01,178.4,165.85,225,187.1,75,0,209100
NIFTY25JUN2011500PE.NFO,07/01/2020,11:21:02,178.4,165.95,75,187.1,75,0,209100
NIFTY25JUN2011500PE.NFO,07/01/2020,11:21:04,178.4,165.95,75,186.9,75,0,209100
NIFTY25JUN2011500PE.NFO,07/01/2020,11:21:05,178.4,166.05,150,186.9,75,0,209100
NIFTY25JUN2011500PE.NFO,07/01/2020,11:21:06,178.4,166.05,150,186.7,75,0,209100
NIFTY25JUN2011500PE.NFO,07/01/2020,11:21:08,178.4,166.15,75,186.7,75,0,209100
NIFTY25JUN2011500PE.NFO,07/01/2020,11:21:09,178.4,166.15,75,186.6,75,0,209100
NIFTY25JUN2011500PE.NFO,07/01/2020,11:21:10,178.4,166.25,150,186.5,75,0,209100
NIFTY25JUN2011500PE.NFO,07/01/2020,11:21:13,178.4,166.35,75,186.4,75,0,209100
NIFTY25JUN2011500PE.NFO,07/01/2020,11:21:14,178.4,166.35,75,186.3,75,0,209100
NIFTY25JUN2011500PE.NFO,07/01/2020,11:21:17,178.4,154.7,150,186.1,75,0,209100
NIFTY25JUN2011500PE.NFO,07/01/2020,11:21:18,178.4,166.45,150,186.1,75,0,209100
NIFTY25JUN2011500PE.NFO,07/01/2020,11:21:20,178.4,166.45,150,185.9,75,0,209100
NIFTY25JUN2011500PE.NFO,07/01/2020,11:21:21,178.4,155,150,185.9,75,0,209100
NIFTY25JUN2011500PE.NFO,07/01/2020,11:21:22,178.4,166.55,75,185.8,75,0,209100
NIFTY25JUN2011500PE.NFO,07/01/2020,11:21:23,178.4,166.55,75,185.7,75,0,209100
NIFTY25JUN2011500PE.NFO,07/01/2020,11:21:25,178.4,155.15,300,185.7,75,0,209100
NIFTY25JUN2011500PE.NFO,07/01/2020,11:21:26,178.4,166.65,150,185.6,75,0,209100
NIFTY25JUN2011500PE.NFO,07/01/2020,11:21:27,178.4,166.65,150,185.5,75,0,209100
NIFTY25JUN2011500PE.NFO,07/01/2020,11:21:30,178.4,166.75,75,185.4,75,0,209100
NIFTY25JUN2011500PE.NFO,07/01/2020,11:21:31,178.4,166.75,75,185.3,75,0,209100
NIFTY25JUN2011500PE.NFO,07/01/2020,11:21:34,178.4,155.6,150,185.2,75,0,209100
NIFTY25JUN2011500PE.NFO,07/01/2020,11:21:35,178.4,166.85,150,185.1,75,0,209100
NIFTY25JUN2011500PE.NFO,07/01/2020,11:21:36,178.4,166.85,225,185.1,75,0,209100
NIFTY25JUN2011500PE.NFO,07/01/2020,11:21:38,178.4,166.85,75,184.9,75,0,209100
NIFTY25JUN2011500PE.NFO,07/01/2020,11:21:39,178.4,166.95,75,184.9,75,0,209100
NIFTY25JUN2011500PE.NFO,07/01/2020,11:21:40,178.4,166.95,75,184.7,75,0,209100
NIFTY25JUN2011500PE.NFO,07/01/2020,11:21:42,178.4,166.95,150,184.7,75,0,209100
NIFTY25JUN2011500PE.NFO,07/01/2020,11:21:43,178.4,166.95,150,184.6,75,0,209100
NIFTY25JUN2011500PE.NFO,07/01/2020,11:21:48,178.4,155.1,300,184.3,75,0,209100
NIFTY25JUN2011500PE.NFO,07/01/2020,11:21:49,178.4,155.75,150,184.3,75,0,209100
NIFTY25JUN2011500PE.NFO,07/01/2020,11:21:51,178.4,156.65,150,184.1,75,0,209100
NIFTY25JUN2011500PE.NFO,07/01/2020,11:21:52,178.4,157.65,150,184.1,75,0,209100
NIFTY25JUN2011500PE.NFO,07/01/2020,11:21:53,178.4,158.7,150,183.9,75,0,209100
NIFTY25JUN2011500PE.NFO,07/01/2020,11:21:54,178.4,159.6,150,189.9,75,0,209100
NIFTY25JUN2011500PE.NFO,07/01/2020,11:21:56,178.4,160.35,150,189.9,75,0,209100
NIFTY25JUN2011500PE.NFO,07/01/2020,11:21:57,178.4,161.3,150,189.7,75,0,209100
NIFTY25JUN2011500PE.NFO,07/01/2020,11:21:58,178.4,162,150,189.7,75,0,209100
NIFTY25JUN2011500PE.NFO,07/01/2020,11:21:59,178.4,162.65,150,189.5,75,0,209100
NIFTY25JUN2011500PE.NFO,07/01/2020,11:22:01,178.4,163.5,150,189.5,75,0,209100
NIFTY25JUN2011500PE.NFO,07/01/2020,11:22:02,178.4,164.1,150,189.3,75,0,209100
NIFTY25JUN2011500PE.NFO,07/01/2020,11:22:03,178.4,163.65,225,189.3,75,0,209100
NIFTY25JUN2011500PE.NFO,07/01/2020,11:22:05,178.4,163.7,150,189.1,75,0,209100
NIFTY25JUN2011500PE.NFO,07/01/2020,11:22:06,178.4,164.15,150,189.1,75,0,209100
NIFTY25JUN2011500PE.NFO,07/01/2020,11:22:07,178.4,164.05,150,189,150,0,209100
NIFTY25JUN2011500PE.NFO,07/01/2020,11:22:08,178.4,164.05,150,188.9,75,0,209100
NIFTY25JUN2011500PE.NFO,07/01/2020,11:22:10,178.4,164.3,150,188.9,150,0,209100
NIFTY25JUN2011500PE.NFO,07/01/2020,11:22:11,178.4,164.45,150,188.8,75,0,209100
NIFTY25JUN2011500PE.NFO,07/01/2020,11:22:12,178.4,164.2,150,188.8,150,0,209100
NIFTY25JUN2011500PE.NFO,07/01/2020,11:22:14,178.4,164.35,150,188.7,75,0,209100
NIFTY25JUN2011500PE.NFO,07/01/2020,11:22:15,178.4,164.6,150,188.7,150,0,209100
NIFTY25JUN2011500PE.NFO,07/01/2020,11:22:16,178.4,164.6,150,188.6,75,0,209100
NIFTY25JUN2011500PE.NFO,07/01/2020,11:22:18,178.4,164.75,150,188.6,75,0,209100
NIFTY25JUN2011500PE.NFO,07/01/2020,11:22:19,178.4,164.75,150,188.5,75,0,209100
NIFTY25JUN2011500PE.NFO,07/01/2020,11:22:20,178.4,164.9,150,188.5,75,0,209100
NIFTY25JUN2011500PE.NFO,07/01/2020,11:22:22,178.4,164.9,150,188.3,75,0,209100
NIFTY25JUN2011500PE.NFO,07/01/2020,11:22:23,178.4,165.05,150,188.3,75,0,209100
NIFTY25JUN2011500PE.NFO,07/01/2020,11:22:25,178.4,165.05,150,188.1,75,0,209100
NIFTY25JUN2011500PE.NFO,07/01/2020,11:22:26,178.4,165.15,300,188.1,75,0,209100
NIFTY25JUN2011500PE.NFO,07/01/2020,11:22:27,178.4,165.15,225,187.9,75,0,209100
NIFTY25JUN2011500PE.NFO,07/01/2020,11:22:29,178.4,165.25,225,187.9,75,0,209100
NIFTY25JUN2011500PE.NFO,07/01/2020,11:22:30,178.4,165.25,225,187.7,75,0,209100
NIFTY25JUN2011500PE.NFO,07/01/2020,11:22:31,178.4,165.35,225,187.7,75,0,209100
NIFTY25JUN2011500PE.NFO,07/01/2020,11:22:33,178.4,165.35,225,187.5,75,0,209100
NIFTY25JUN2011500PE.NFO,07/01/2020,11:22:34,178.4,165.45,75,187.5,75,0,209100
NIFTY25JUN2011500PE.NFO,07/01/2020,11:22:35,178.4,165.45,75,187.3,75,0,209100
NIFTY25JUN2011500PE.NFO,07/01/2020,11:22:37,178.4,165.55,75,187.3,75,0,209100
NIFTY25JUN2011500PE.NFO,07/01/2020,11:22:38,178.4,165.55,150,187.1,75,0,209100
NIFTY25JUN2011500PE.NFO,07/01/2020,11:22:39,178.4,165.55,225,187.1,75,0,209100
NIFTY25JUN2011500PE.NFO,07/01/2020,11:22:40,178.4,165.55,225,186.9,75,0,209100
NIFTY25JUN2011500PE.NFO,07/01/2020,11:22:42,178.4,165.65,75,186.9,75,0,209100
NIFTY25JUN2011500PE.NFO,07/01/2020,11:22:43,178.4,165.65,75,186.7,75,0,209100
NIFTY25JUN2011500PE.NFO,07/01/2020,11:22:44,178.4,165.65,150,186.7,75,0,209100
NIFTY25JUN2011500PE.NFO,07/01/2020,11:22:45,178.4,165.65,150,186.5,75,0,209100
NIFTY25JUN2011500PE.NFO,07/01/2020,11:22:47,178.4,165.75,75,186.5,75,0,209100
NIFTY25JUN2011500PE.NFO,07/01/2020,11:22:48,178.4,165.75,75,186.3,75,0,209100
NIFTY25JUN2011500PE.NFO,07/01/2020,11:22:49,178.4,165.85,150,186.3,75,0,209100
NIFTY25JUN2011500PE.NFO,07/01/2020,11:22:50,178.4,165.85,150,186.1,75,0,209100
NIFTY25JUN2011500PE.NFO,07/01/2020,11:22:52,178.4,165.95,75,186.1,75,0,209100
NIFTY25JUN2011500PE.NFO,07/01/2020,11:22:53,178.4,165.95,75,185.9,75,0,209100
NIFTY25JUN2011500PE.NFO,07/01/2020,11:22:54,178.4,166.05,150,185.9,75,0,209100
NIFTY25JUN2011500PE.NFO,07/01/2020,11:22:55,178.4,166.05,150,185.7,75,0,209100
NIFTY25JUN2011500PE.NFO,07/01/2020,11:22:57,178.4,166.15,75,185.7,75,0,209100
NIFTY25JUN2011500PE.NFO,07/01/2020,11:22:58,178.4,166.15,75,185.5,75,0,209100
NIFTY25JUN2011500PE.NFO,07/01/2020,11:23:00,178.4,166.15,150,185.5,75,0,209100
NIFTY25JUN2011500PE.NFO,07/01/2020,11:23:02,178.4,166.25,150,185.3,75,0,209100
NIFTY25JUN2011500PE.NFO,07/01/2020,11:23:03,178.4,166.25,225,185.3,75,0,209100
NIFTY25JUN2011500PE.NFO,07/01/2020,11:23:04,178.4,166.35,75,185.1,75,0,209100
NIFTY25JUN2011500PE.NFO,07/01/2020,11:23:07,178.4,156.55,150,184.9,75,0,209100
NIFTY25JUN2011500PE.NFO,07/01/2020,11:23:08,178.4,166.45,150,184.9,75,0,209100
NIFTY25JUN2011500PE.NFO,07/01/2020,11:23:09,178.4,166.45,150,184.7,75,0,209100
NIFTY25JUN2011500PE.NFO,07/01/2020,11:23:11,178.4,156.95,150,184.7,75,0,209100
NIFTY25JUN2011500PE.NFO,07/01/2020,11:23:12,178.4,166.55,75,184.5,75,0,209100
NIFTY25JUN2011500PE.NFO,07/01/2020,11:23:15,178.4,157.15,150,184.3,75,0,209100
NIFTY25JUN2011500PE.NFO,07/01/2020,11:23:16,178.4,166.65,150,184.3,75,0,209100
NIFTY25JUN2011500PE.NFO,07/01/2020,11:23:17,178.4,166.65,150,184.1,75,0,209100
NIFTY25JUN2011500PE.NFO,07/01/2020,11:23:19,178.4,157.45,150,184.1,75,0,209100
NIFTY25JUN2011500PE.NFO,07/01/2020,11:23:20,178.4,158.15,150,184,150,0,209100
NIFTY25JUN2011500PE.NFO,07/01/2020,11:23:21,178.4,158.85,150,183.9,75,0,209100
NIFTY25JUN2011500PE.NFO,07/01/2020,11:23:22,178.4,159.5,150,183.8,150,0,209100
NIFTY25JUN2011500PE.NFO,07/01/2020,11:23:24,178.4,160.2,150,183.7,75,0,209100
NIFTY25JUN2011500PE.NFO,07/01/2020,11:23:25,178.4,159.65,150,183.5,75,0,209100
NIFTY25JUN2011500PE.NFO,07/01/2020,11:23:26,178.4,160.4,150,183.5,75,0,209100
NIFTY25JUN2011500PE.NFO,07/01/2020,11:23:28,178.4,161.2,150,183.3,75,0,209100
NIFTY25JUN2011500PE.NFO,07/01/2020,11:23:29,178.4,161.8,150,183.3,75,0,209100
NIFTY25JUN2011500PE.NFO,07/01/2020,11:23:30,178.4,162.5,150,183.1,75,0,209100
NIFTY25JUN2011500PE.NFO,07/01/2020,11:23:32,178.4,163.15,150,183.1,75,0,209100
NIFTY25JUN2011500PE.NFO,07/01/2020,11:23:33,178.4,162.7,150,182.9,75,0,209100
NIFTY25JUN2011500PE.NFO,07/01/2020,11:23:34,178.4,162.65,150,189.9,75,0,209100
NIFTY25JUN2011500PE.NFO,07/01/2020,11:23:35,178.4,162.95,150,189.9,75,0,209100
NIFTY25JUN2011500PE.NFO,07/01/2020,11:23:37,178.4,163,150,182.7,75,0,209100
NIFTY25JUN2011500PE.NFO,07/01/2020,11:23:38,178.4,163.1,150,189.9,75,0,209100
NIFTY25JUN2011500PE.NFO,07/01/2020,11:23:39,178.4,163.15,150,182.5,75,0,209100
NIFTY25JUN2011500PE.NFO,07/01/2020,11:23:41,178.4,163.1,150,182.5,75,0,209100
NIFTY25JUN2011500PE.NFO,07/01/2020,11:23:42,178.4,163.25,150,189.7,75,0,209100
NIFTY25JUN2011500PE.NFO,07/01/2020,11:23:45,178.4,163.2,225,189.5,75,0,209100
NIFTY25JUN2011500PE.NFO,07/01/2020,11:23:46,178.4,163.35,75,189.5,75,0,209100
NIFTY25JUN2011500PE.NFO,07/01/2020,11:23:47,178.4,163.3,225,189.3,75,0,209100
NIFTY25JUN2011500PE.NFO,07/01/2020,11:23:48,178.4,163.3,300,189.3,75,0,209100
NIFTY25JUN2011500PE.NFO,07/01/2020,11:23:50,178.4,163.45,75,189.1,75,0,209100
NIFTY25JUN2011500PE.NFO,07/01/2020,11:23:52,178.4,163.55,150,188.9,75,0,209100
NIFTY25JUN2011500PE.NFO,07/01/2020,11:23:55,178.4,163.55,225,188.7,75,0,209100
NIFTY25JUN2011500PE.NFO,07/01/2020,11:23:57,178.4,163.55,75,188.7,75,0,209100
NIFTY25JUN2011500PE.NFO,07/01/2020,11:23:58,178.4,163.65,75,188.5,75,0,209100
NIFTY25JUN2011500PE.NFO,07/01/2020,11:23:59,178.4,163.65,225,188.5,75,0,209100
NIFTY25JUN2011500PE.NFO,07/01/2020,11:24:01,178.4,163.65,150,188.3,75,0,209100
NIFTY25JUN2011500PE.NFO,07/01/2020,11:24:02,178.4,163.75,150,188.3,75,0,209100
NIFTY25JUN2011500PE.NFO,07/01/2020,11:24:03,178.4,163.75,225,188.2,150,0,209100
NIFTY25JUN2011500PE.NFO,07/01/2020,11:24:05,178.4,163.75,225,188.1,75,0,209100
NIFTY25JUN2011500PE.NFO,07/01/2020,11:24:06,178.4,163.75,75,188.1,75,0,209100
NIFTY25JUN2011500PE.NFO,07/01/2020,11:24:07,178.4,163.85,75,187.9,75,0,209100
NIFTY25JUN2011500PE.NFO,07/01/2020,11:24:09,178.4,163.85,225,187.9,75,0,209100
NIFTY25JUN2011500PE.NFO,07/01/2020,11:24:10,178.4,163.85,150,187.7,75,0,209100
NIFTY25JUN2011500PE.NFO,07/01/2020,11:24:11,178.4,163.95,150,187.7,75,0,209100
NIFTY25JUN2011500PE.NFO,07/01/2020,11:24:12,178.4,163.95,225,187.5,75,0,209100
NIFTY25JUN2011500PE.NFO,07/01/2020,11:24:15,178.4,164.05,75,187.5,75,0,209100
NIFTY25JUN2011500PE.NFO,07/01/2020,11:24:16,178.4,164.05,75,187.3,75,0,209100
NIFTY25JUN2011500PE.NFO,07/01/2020,11:24:18,178.4,164.05,225,187.3,75,0,209100
NIFTY25JUN2011500PE.NFO,07/01/2020,11:24:19,178.4,164.05,150,187.2,75,0,209100
NIFTY25JUN2011500PE.NFO,07/01/2020,11:24:20,178.4,164.15,150,187.2,75,0,209100
NIFTY25JUN2011500PE.NFO,07/01/2020,11:24:22,178.4,164.15,225,187,75,0,209100
NIFTY25JUN2011500PE.NFO,07/01/2020,11:24:23,178.4,164.15,75,187,75,0,209100
NIFTY25JUN2011500PE.NFO,07/01/2020,11:24:24,178.4,164.25,75,186.8,75,0,209100
NIFTY25JUN2011500PE.NFO,07/01/2020,11:24:27,178.4,164.25,150,186.7,150,0,209100
NIFTY25JUN2011500PE.NFO,07/01/2020,11:24:28,178.4,164.25,150,186.6,75,0,209100
NIFTY25JUN2011500PE.NFO,07/01/2020,11:24:29,178.4,164.35,150,186.6,75,0,209100
NIFTY25JUN2011500PE.NFO,07/01/2020,11:24:31,178.4,164.35,225,186.4,75,0,209100
NIFTY25JUN2011500PE.NFO,07/01/2020,11:24:33,178.4,164.45,75,186.2,75,0,209100
NIFTY25JUN2011500PE.NFO,07/01/2020,11:24:36,178.4,164.45,150,186,75,0,209100
NIFTY25JUN2011500PE.NFO,07/01/2020,11:24:38,178.4,164.55,225,185.8,75,0,209100
NIFTY25JUN2011500PE.NFO,07/01/2020,11:24:41,178.4,164.65,75,185.7,150,0,209100
NIFTY25JUN2011500PE.NFO,07/01/2020,11:24:42,178.4,164.65,75,185.6,75,0,209100
NIFTY25JUN2011500PE.NFO,07/01/2020,11:24:43,178.4,164.65,150,185.6,150,0,209100
NIFTY25JUN2011500PE.NFO,07/01/2020,11:24:45,178.4,164.65,150,185.5,75,0,209100
NIFTY25JUN2011500PE.NFO,07/01/2020,11:24:46,178.4,164.75,225,185.5,75,0,209100
NIFTY25JUN2011500PE.NFO,07/01/2020,11:24:47,178.4,164.75,75,185.3,75,0,209100
NIFTY25JUN2011500PE.NFO,07/01/2020,11:24:50,178.4,164.85,225,185.1,75,0,209100
NIFTY25JUN2011500PE.NFO,07/01/2020,11:24:52,178.4,164.85,150,185,75,0,209100
NIFTY25JUN2011500PE.NFO,07/01/2020,11:24:55,178.4,164.95,150,184.8,75,0,209100
NIFTY25JUN2011500PE.NFO,07/01/2020,11:24:56,178.4,155.25,150,184.7,75,0,209100
NIFTY25JUN2011500PE.NFO,07/01/2020,11:24:57,178.4,155.85,150,184.5,75,0,209100
NIFTY25JUN2011500PE.NFO,07/01/2020,11:24:59,178.4,165.05,150,184.5,75,0,209100
NIFTY25JUN2011500PE.NFO,07/01/2020,11:25:01,178.4,155.6,150,184.3,75,0,209100
NIFTY25JUN2011500PE.NFO,07/01/2020,11:25:02,178.4,156.05,150,184.3,75,0,209100
NIFTY25JUN2011500PE.NFO,07/01/2020,11:25:04,178.4,156.6,150,184.3,75,0,209100
NIFTY25JUN2011500PE.NFO,07/01/2020,11:25:05,178.4,165.15,150,184.1,75,0,209100
NIFTY25JUN2011500PE.NFO,07/01/2020,11:25:08,178.4,156.4,150,183.9,75,0,209100
NIFTY25JUN2011500PE.NFO,07/01/2020,11:25:09,178.4,157,150,183.9,75,0,209100
NIFTY25JUN2011500PE.NFO,07/01/2020,11:25:10,178.4,165.25,150,183.9,75,0,209100
NIFTY25JUN2011500PE.NFO,07/01/2020,11:25:11,178.4,165.25,150,183.7,75,0,209100
NIFTY25JUN2011500PE.NFO,07/01/2020,11:25:13,178.4,157.4,150,183.7,75,0,209100
NIFTY25JUN2011500PE.NFO,07/01/2020,11:25:14,178.4,157.95,150,183.5,75,0,209100
NIFTY25JUN2011500PE.NFO,07/01/2020,11:25:15,178.4,158.65,150,183.5,75,0,209100
NIFTY25JUN2011500PE.NFO,07/01/2020,11:25:16,178.4,159.3,150,183.3,75,0,209100
NIFTY25JUN2011500PE.NFO,07/01/2020,11:25:18,178.4,160.05,150,183.3,75,0,209100
NIFTY25JUN2011500PE.NFO,07/01/2020,11:25:19,178.4,160.8,150,183.3,75,0,209100
NIFTY25JUN2011500PE.NFO,07/01/2020,11:25:20,178.4,159.15,150,183.1,75,0,209100
NIFTY25JUN2011500PE.NFO,07/01/2020,11:25:22,178.4,160.95,150,183,150,0,209100
NIFTY25JUN2011500PE.NFO,07/01/2020,11:25:23,178.4,160.8,150,182.9,75,0,209100
NIFTY25JUN2011500PE.NFO,07/01/2020,11:25:24,178.4,161.4,150,182.9,75,0,209100
NIFTY25JUN2011500PE.NFO,07/01/2020,11:25:25,178.4,161.3,150,182.7,75,0,209100
NIFTY25JUN2011500PE.NFO,07/01/2020,11:25:27,178.4,161.35,150,182.7,75,0,209100
NIFTY25JUN2011500PE.NFO,07/01/2020,11:25:28,178.4,161.35,150,182.5,75,0,209100
NIFTY25JUN2011500PE.NFO,07/01/2020,11:25:29,178.4,161.5,150,182.5,75,0,209100
NIFTY25JUN2011500PE.NFO,07/01/2020,11:25:31,178.4,161.5,150,182.3,75,0,209100
NIFTY25JUN2011500PE.NFO,07/01/2020,11:25:33,178.4,161.65,150,182.3,75,0,209100
NIFTY25JUN2011500PE.NFO,07/01/2020,11:25:34,178.4,161.65,150,182.1,75,0,209100
NIFTY25JUN2011500PE.NFO,07/01/2020,11:25:35,178.4,161.8,150,182.1,75,0,209100
NIFTY25JUN2011500PE.NFO,07/01/2020,11:25:36,178.4,161.8,150,181.9,75,0,209100
NIFTY25JUN2011500PE.NFO,07/01/2020,11:25:38,178.4,161.95,150,181.9,75,0,209100
NIFTY25JUN2011500PE.NFO,07/01/2020,11:25:39,178.4,162.05,75,181.7,75,0,209100
NIFTY25JUN2011500PE.NFO,07/01/2020,11:25:41,178.4,162,75,181.6,150,0,209100
NIFTY25JUN2011500PE.NFO,07/01/2020,11:25:43,178.4,162.15,150,181.5,75,0,209100
NIFTY25JUN2011500PE.NFO,07/01/2020,11:25:45,178.4,162.2,150,181.3,75,0,209100
NIFTY25JUN2011500PE.NFO,07/01/2020,11:25:47,178.4,162.05,150,181.3,75,0,209100
NIFTY25JUN2011500PE.NFO,07/01/2020,11:25:48,178.4,162.05,150,189.9,75,0,209100
NIFTY25JUN2011500PE.NFO,07/01/2020,11:25:49,178.4,162.35,150,189.9,75,0,209100
NIFTY25JUN2011500PE.NFO,07/01/2020,11:25:52,178.4,162.5,150,189.7,75,0,209100
NIFTY25JUN2011500PE.NFO,07/01/2020,11:25:54,178.4,162.65,150,189.5,75,0,209100
NIFTY25JUN2011500PE.NFO,07/01/2020,11:25:56,178.4,162.75,75,189.4,225,0,209100
NIFTY25JUN2011500PE.NFO,07/01/2020,11:25:57,178.4,162.8,150,189.3,75,0,209100
NIFTY25JUN2011500PE.NFO,07/01/2020,11:25:59,178.4,162.9,300,189.1,75,0,209100
NIFTY25JUN2011500PE.NFO,07/01/2020,11:26:01,178.4,162.9,225,189.1,75,0,209100
NIFTY25JUN2011500PE.NFO,07/01/2020,11:26:02,178.4,163,225,188.9,75,0,209100
NIFTY25JUN2011500PE.NFO,07/01/2020,11:26:04,178.4,163.1,225,188.9,300,0,209100
NIFTY25JUN2011500PE.NFO,07/01/2020,11:26:05,178.4,163.1,225,188.7,75,0,209100
NIFTY25JUN2011500PE.NFO,07/01/2020,11:26:07,178.4,163.2,225,188.5,75,0,209100
NIFTY25JUN2011500PE.NFO,07/01/2020,11:26:10,178.4,163.3,225,188.4,150,0,209100
NIFTY25JUN2011500PE.NFO,07/01/2020,11:26:11,178.4,163.3,225,188.3,75,0,209100
NIFTY25JUN2011500PE.NFO,07/01/2020,11:26:13,178.4,163.4,225,188.1,75,0,209100
NIFTY25JUN2011500PE.NFO,07/01/2020,11:26:16,178.4,163.5,225,187.9,75,0,209100
NIFTY25JUN2011500PE.NFO,07/01/2020,11:26:19,178.4,163.6,225,187.7,75,0,209100
NIFTY25JUN2011500PE.NFO,07/01/2020,11:26:22,178.4,163.7,225,187.5,75,0,209100
NIFTY25JUN2011500PE.NFO,07/01/2020,11:26:24,178.4,163.8,225,187.3,75,0,209100
NIFTY25JUN2011500PE.NFO,07/01/2020,11:26:27,178.4,163.9,225,187.1,75,0,209100
NIFTY25JUN2011500PE.NFO,07/01/2020,11:26:29,178.4,164,150,187.1,75,0,209100
NIFTY25JUN2011500PE.NFO,07/01/2020,11:26:30,178.4,164,225,186.9,75,0,209100
NIFTY25JUN2011500PE.NFO,07/01/2020,11:26:33,178.4,164.1,225,186.7,75,0,209100
NIFTY25JUN2011500PE.NFO,07/01/2020,11:26:36,178.4,164.2,225,186.7,75,0,209100
NIFTY25JUN2011500PE.NFO,07/01/2020,11:26:37,178.4,164.2,225,186.5,75,0,209100
NIFTY25JUN2011500PE.NFO,07/01/2020,11:26:38,178.4,164.3,225,186.5,75,0,209100
NIFTY25JUN2011500PE.NFO,07/01/2020,11:26:39,178.4,164.3,225,186.3,75,0,209100
NIFTY25JUN2011500PE.NFO,07/01/2020,11:26:40,178.4,164.4,225,186.3,75,0,209100
NIFTY25JUN2011500PE.NFO,07/01/2020,11:26:41,178.4,164.4,225,186.1,75,0,209100
NIFTY25JUN2011500PE.NFO,07/01/2020,11:26:43,178.4,164.5,225,186.1,75,0,209100
NIFTY25JUN2011500PE.NFO,07/01/2020,11:26:44,178.4,164.5,225,186,75,0,209100
NIFTY25JUN2011500PE.NFO,07/01/2020,11:26:45,178.4,164.5,225,185.9,75,0,209100
NIFTY25JUN2011500PE.NFO,07/01/2020,11:26:46,178.4,164.6,75,185.8,75,0,209100
NIFTY25JUN2011500PE.NFO,07/01/2020,11:26:48,178.4,164.6,75,185.7,75,0,209100
NIFTY25JUN2011500PE.NFO,07/01/2020,11:26:49,178.4,164.7,150,185.7,75,0,209100
NIFTY25JUN2011500PE.NFO,07/01/2020,11:26:50,178.4,164.7,150,185.5,75,0,209100
NIFTY25JUN2011500PE.NFO,07/01/2020,11:26:51,178.4,164.8,75,185.5,75,0,209100
NIFTY25JUN2011500PE.NFO,07/01/2020,11:26:52,178.4,164.8,75,185.4,75,0,209100
NIFTY25JUN2011500PE.NFO,07/01/2020,11:26:53,178.4,164.8,225,185.3,75,0,209100
NIFTY25JUN2011500PE.NFO,07/01/2020,11:26:55,178.4,164.8,150,185.3,75,0,209100
NIFTY25JUN2011500PE.NFO,07/01/2020,11:26:56,178.4,164.8,150,185.1,75,0,209100
NIFTY25JUN2011500PE.NFO,07/01/2020,11:26:57,178.4,164.9,150,185.1,75,0,209100
NIFTY25JUN2011500PE.NFO,07/01/2020,11:26:58,178.4,164.9,225,185.1,75,0,209100
NIFTY25JUN2011500PE.NFO,07/01/2020,11:26:59,178.4,164.9,225,184.9,75,0,209100
NIFTY25JUN2011500PE.NFO,07/01/2020,11:27:00,178.4,165,225,184.9,75,0,209100
NIFTY25JUN2011500PE.NFO,07/01/2020,11:27:03,178.4,165.1,225,184.7,75,0,209100
NIFTY25JUN2011500PE.NFO,07/01/2020,11:27:06,178.4,165.2,225,184.5,75,0,209100
NIFTY25JUN2011500PE.NFO,07/01/2020,11:27:09,178.4,165.3,225,184.3,75,0,209100
NIFTY25JUN2011500PE.NFO,07/01/2020,11:27:13,178.4,165.4,225,184.1,75,0,209100
NIFTY25JUN2011500PE.NFO,07/01/2020,11:27:15,178.4,165.4,150,183.9,75,0,209100
NIFTY25JUN2011500PE.NFO,07/01/2020,11:27:16,178.4,165.5,150,183.9,75,0,209100
NIFTY25JUN2011500PE.NFO,07/01/2020,11:27:18,178.4,165.5,150,183.7,75,0,209100
NIFTY25JUN2011500PE.NFO,07/01/2020,11:27:19,178.4,154.55,150,183.7,75,0,209100
NIFTY25JUN2011500PE.NFO,07/01/2020,11:27:20,178.4,155.15,150,183.7,75,0,209100
NIFTY25JUN2011500PE.NFO,07/01/2020,11:27:21,178.4,155.6,150,183.5,75,0,209100
NIFTY25JUN2011500PE.NFO,07/01/2020,11:27:22,178.4,165.6,150,183.5,75,0,209100
NIFTY25JUN2011500PE.NFO,07/01/2020,11:27:23,178.4,155.85,150,183.4,75,0,209100
NIFTY25JUN2011500PE.NFO,07/01/2020,11:27:24,178.4,156.45,150,183.3,75,0,209100
NIFTY25JUN2011500PE.NFO,07/01/2020,11:27:25,178.4,157.1,150,183.3,75,0,209100
NIFTY25JUN2011500PE.NFO,07/01/2020,11:27:26,178.4,157.8,150,183.1,75,0,209100
NIFTY25JUN2011500PE.NFO,07/01/2020,11:27:27,178.4,158.3,150,183.1,75,0,209100
NIFTY25JUN2011500PE.NFO,07/01/2020,11:27:28,178.4,158.9,150,183.1,75,0,209100
NIFTY25JUN2011500PE.NFO,07/01/2020,11:27:29,178.4,159.2,150,183,75,0,209100
NIFTY25JUN2011500PE.NFO,07/01/2020,11:27:30,178.4,159.65,150,182.9,75,0,209100
NIFTY25JUN2011500PE.NFO,07/01/2020,11:27:32,178.4,160.65,150,182.9,75,0,209100
NIFTY25JUN2011500PE.NFO,07/01/2020,11:27:33,178.4,161.15,150,182.7,75,0,209100
NIFTY25JUN2011500PE.NFO,07/01/2020,11:27:34,178.4,161.75,150,182.7,75,0,209100
NIFTY25JUN2011500PE.NFO,07/01/2020,11:27:35,178.4,160.85,150,182.7,75,0,209100
NIFTY25JUN2011500PE.NFO,07/01/2020,11:27:36,178.4,161.8,150,182.5,75,0,209100
NIFTY25JUN2011500PE.NFO,07/01/2020,11:27:37,178.4,161.55,150,182.5,75,0,209100
NIFTY25JUN2011500PE.NFO,07/01/2020,11:27:38,178.4,162.15,150,182.5,75,0,209100
NIFTY25JUN2011500PE.NFO,07/01/2020,11:27:40,178.4,161.7,150,182.3,75,0,209100
NIFTY25JUN2011500PE.NFO,07/01/2020,11:27:41,178.4,162.2,150,182.3,75,0,209100
NIFTY25JUN2011500PE.NFO,07/01/2020,11:27:42,178.4,162.05,150,189.9,75,0,209100
NIFTY25JUN2011500PE.NFO,07/01/2020,11:27:43,178.4,162.3,150,182.1,75,0,209100
NIFTY25JUN2011500PE.NFO,07/01/2020,11:27:44,178.4,162.35,150,189.9,75,0,209100
NIFTY25JUN2011500PE.NFO,07/01/2020,11:27:46,178.4,162.35,150,189.7,75,0,209100
NIFTY25JUN2011500PE.NFO,07/01/2020,11:27:47,178.4,162.45,150,189.7,75,0,209100
NIFTY25JUN2011500PE.NFO,07/01/2020,11:27:48,178.4,162.5,150,189.5,75,0,209100
NIFTY25JUN2011500PE.NFO,07/01/2020,11:27:51,178.4,162.65,150,189.4,75,0,209100
NIFTY25JUN2011500PE.NFO,07/01/2020,11:27:52,178.4,162.6,675,189.3,75,0,209100
NIFTY25JUN2011500PE.NFO,07/01/2020,11:27:54,178.4,162.75,75,189.3,75,0,209100
NIFTY25JUN2011500PE.NFO,07/01/2020,11:27:55,178.4,162.75,675,189.1,75,0,209100
NIFTY25JUN2011500PE.NFO,07/01/2020,11:27:57,178.4,162.75,450,189.1,75,0,209100
NIFTY25JUN2011500PE.NFO,07/01/2020,11:27:58,178.4,162.85,450,188.9,75,0,209100
NIFTY25JUN2011500PE.NFO,07/01/2020,11:28:00,178.4,162.95,450,188.7,75,0,209100
NIFTY25JUN2011500PE.NFO,07/01/2020,11:28:03,178.4,162.95,600,188.7,75,0,209100
NIFTY25JUN2011500PE.NFO,07/01/2020,11:28:04,178.4,163.05,450,188.5,75,0,209100
NIFTY25JUN2011500PE.NFO,07/01/2020,11:28:05,178.4,163.05,600,188.5,75,0,209100
NIFTY25JUN2011500PE.NFO,07/01/2020,11:28:06,178.4,163.15,450,188.3,75,0,209100
NIFTY25JUN2011500PE.NFO,07/01/2020,11:28:07,178.4,163.15,600,188.3,75,0,209100
NIFTY25JUN2011500PE.NFO,07/01/2020,11:28:10,178.4,163.25,450,188.1,75,0,209100
NIFTY25JUN2011500PE.NFO,07/01/2020,11:28:11,178.4,163.25,600,188.1,75,0,209100
NIFTY25JUN2011500PE.NFO,07/01/2020,11:28:12,178.4,163.35,450,187.9,75,0,209100
NIFTY25JUN2011500PE.NFO,07/01/2020,11:28:15,178.4,163.45,450,187.7,75,0,209100
NIFTY25JUN2011500PE.NFO,07/01/2020,11:28:16,178.4,163.45,600,187.7,75,0,209100
NIFTY25JUN2011500PE.NFO,07/01/2020,11:28:17,178.4,163.55,450,187.5,75,0,209100
NIFTY25JUN2011500PE.NFO,07/01/2020,11:28:19,178.4,163.55,600,187.5,75,0,209100
NIFTY25JUN2011500PE.NFO,07/01/2020,11:28:20,178.4,163.65,450,187.4,150,0,209100
NIFTY25JUN2011500PE.NFO,07/01/2020,11:28:21,178.4,163.65,600,187.3,75,0,209100
NIFTY25JUN2011500PE.NFO,07/01/2020,11:28:23,178.4,163.75,450,187.2,75,0,209100
NIFTY25JUN2011500PE.NFO,07/01/2020,11:28:25,178.4,163.75,600,187.2,75,0,209100
NIFTY25JUN2011500PE.NFO,07/01/2020,11:28:26,178.4,163.85,450,187,75,0,209100
NIFTY25JUN2011500PE.NFO,07/01/2020,11:28:27,178.4,163.85,600,187,75,0,209100
NIFTY25JUN2011500PE.NFO,07/01/2020,11:28:29,178.4,163.95,600,186.8,75,0,209100
NIFTY25JUN2011500PE.NFO,07/01/2020,11:28:32,178.4,164.05,375,186.7,150,0,209100
NIFTY25JUN2011500PE.NFO,07/01/2020,11:28:33,178.4,164.05,600,186.6,75,0,209100
NIFTY25JUN2011500PE.NFO,07/01/2020,11:28:34,178.4,164.05,600,186.6,225,0,209100
NIFTY25JUN2011500PE.NFO,07/01/2020,11:28:35,178.4,164.15,600,186.5,75,0,209100
NIFTY25JUN2011500PE.NFO,07/01/2020,11:28:37,178.4,164.15,600,186.4,75,0,209100
NIFTY25JUN2011500PE.NFO,07/01/2020,11:28:37,178.4,164.25,600,186.4,75,0,209100
NIFTY25JUN2011500PE.NFO,07/01/2020,11:28:39,178.4,164.25,600,186.3,75,0,209100
NIFTY25JUN2011500PE.NFO,07/01/2020,11:28:40,178.4,164.35,600,186.3,75,0,209100
NIFTY25JUN2011500PE.NFO,07/01/2020,11:28:42,178.4,164.35,600,186.1,75,0,209100
NIFTY25JUN2011500PE.NFO,07/01/2020,11:28:43,178.4,164.45,600,186.1,75,0,209100
NIFTY25JUN2011500PE.NFO,07/01/2020,11:28:45,178.4,164.55,600,185.9,75,0,209100
NIFTY25JUN2011500PE.NFO,07/01/2020,11:28:48,178.4,164.65,600,185.7,75,0,209100
NIFTY25JUN2011500PE.NFO,07/01/2020,11:28:50,178.4,164.75,450,185.5,75,0,209100
NIFTY25JUN2011500PE.NFO,07/01/2020,11:28:52,178.4,164.75,600,185.5,75,0,209100
NIFTY25JUN2011500PE.NFO,07/01/2020,11:28:53,178.4,164.85,450,185.4,75,0,209100
NIFTY25JUN2011500PE.NFO,07/01/2020,11:28:54,178.4,164.85,450,185.3,75,0,209100
NIFTY25JUN2011500PE.NFO,07/01/2020,11:28:55,178.4,164.85,600,185.3,75,0,209100
NIFTY25JUN2011500PE.NFO,07/01/2020,11:28:56,178.4,164.95,450,185.3,75,0,209100
NIFTY25JUN2011500PE.NFO,07/01/2020,11:28:57,178.4,164.95,600,185.1,75,0,209100
NIFTY25JUN2011500PE.NFO,07/01/2020,11:28:59,178.4,165.05,450,185.1,75,0,209100
NIFTY25JUN2011500PE.NFO,07/01/2020,11:29:00,178.4,165.05,450,184.9,75,0,209100
NIFTY25JUN2011500PE.NFO,07/01/2020,11:29:02,178.4,165.15,600,184.9,75,0,209100
NIFTY25JUN2011500PE.NFO,07/01/2020,11:29:04,178.4,165.25,600,184.7,75,0,209100
NIFTY25JUN2011500PE.NFO,07/01/2020,11:29:06,178.4,165.35,450,184.6,75,0,209100
NIFTY25JUN2011500PE.NFO,07/01/2020,11:29:07,178.4,165.35,600,184.5,75,0,209100
NIFTY25JUN2011500PE.NFO,07/01/2020,11:29:10,178.4,165.45,525,184.3,75,0,209100
NIFTY25JUN2011500PE.NFO,07/01/2020,11:29:12,178.4,165.45,150,184.3,75,0,209100
NIFTY25JUN2011500PE.NFO,07/01/2020,11:29:13,178.4,165.55,150,184.3,75,0,209100
NIFTY25JUN2011500PE.NFO,07/01/2020,11:29:15,178.4,165.55,525,183.9,75,0,209100
NIFTY25JUN2011500PE.NFO,07/01/2020,11:29:16,178.4,165.55,375,183.9,75,0,209100
NIFTY25JUN2011500PE.NFO,07/01/2020,11:29:17,178.4,165.65,375,183.9,75,0,209100
NIFTY25JUN2011500PE.NFO,07/01/2020,11:29:18,178.4,165.65,525,183.7,75,0,209100
NIFTY25JUN2011500PE.NFO,07/01/2020,11:29:20,178.4,165.75,525,183.7,75,0,209100
NIFTY25JUN2011500PE.NFO,07/01/2020,11:29:21,178.4,165.75,525,183.5,75,0,209100
NIFTY25JUN2011500PE.NFO,07/01/2020,11:29:22,178.4,165.85,375,183.5,75,0,209100
NIFTY25JUN2011500PE.NFO,07/01/2020,11:29:23,178.4,165.85,525,183.5,75,0,209100
NIFTY25JUN2011500PE.NFO,07/01/2020,11:29:24,178.4,165.85,525,183.3,75,0,209100
NIFTY25JUN2011500PE.NFO,07/01/2020,11:29:26,178.4,165.95,525,183.3,75,0,209100
NIFTY25JUN2011500PE.NFO,07/01/2020,11:29:27,178.4,165.95,525,183.1,75,0,209100
NIFTY25JUN2011500PE.NFO,07/01/2020,11:29:28,178.4,166.05,525,183.1,75,0,209100
NIFTY25JUN2011500PE.NFO,07/01/2020,11:29:30,178.4,166.05,525,182.9,75,0,209100
NIFTY25JUN2011500PE.NFO,07/01/2020,11:29:32,178.4,166.15,525,182.9,75,0,209100
NIFTY25JUN2011500PE.NFO,07/01/2020,11:29:33,178.4,166.15,525,182.7,75,0,209100
NIFTY25JUN2011500PE.NFO,07/01/2020,11:29:34,178.4,166.25,525,182.7,75,0,209100
NIFTY25JUN2011500PE.NFO,07/01/2020,11:29:35,178.4,166.25,525,182.6,75,0,209100
NIFTY25JUN2011500PE.NFO,07/01/2020,11:29:36,178.4,166.35,525,182.6,75,0,209100
NIFTY25JUN2011500PE.NFO,07/01/2020,11:29:38,178.4,166.35,525,182.4,75,0,209100
NIFTY25JUN2011500PE.NFO,07/01/2020,11:29:40,178.4,166.45,375,182.4,75,0,209100
NIFTY25JUN2011500PE.NFO,07/01/2020,11:29:41,178.4,166.45,375,182.2,75,0,209100
NIFTY25JUN2011500PE.NFO,07/01/2020,11:29:42,178.4,166.55,150,182.2,75,0,209100
NIFTY25JUN2011500PE.NFO,07/01/2020,11:29:43,178.4,166.55,150,182,75,0,209100
NIFTY25JUN2011500PE.NFO,07/01/2020,11:29:44,178.4,166.65,375,182,75,0,209100
NIFTY25JUN2011500PE.NFO,07/01/2020,11:29:45,178.4,166.65,375,181.8,75,0,209100
NIFTY25JUN2011500PE.NFO,07/01/2020,11:29:46,178.4,166.65,150,181.8,75,0,209100
NIFTY25JUN2011500PE.NFO,07/01/2020,11:29:48,178.4,166.65,150,181.6,75,0,209100
NIFTY25JUN2011500PE.NFO,07/01/2020,11:29:49,178.4,166.75,375,189.9,75,0,209100
NIFTY25JUN2011500PE.NFO,07/01/2020,11:29:51,178.4,166.75,450,189.9,75,0,209100
NIFTY25JUN2011500PE.NFO,07/01/2020,11:29:52,178.4,166.75,225,189.7,75,0,209100
NIFTY25JUN2011500PE.NFO,07/01/2020,11:29:53,178.4,166.85,75,189.7,75,0,209100
NIFTY25JUN2011500PE.NFO,07/01/2020,11:29:55,178.4,166.85,600,189.5,75,0,209100
NIFTY25JUN2011500PE.NFO,07/01/2020,11:29:57,178.4,166.95,600,189.4,225,0,209100
NIFTY25JUN2011500PE.NFO,07/01/2020,11:29:58,178.4,166.95,600,189.3,75,0,209100
NIFTY25JUN2011500PE.NFO,07/01/2020,11:30:00,178.4,167.05,600,189.1,75,0,209100
NIFTY25JUN2011500PE.NFO,07/01/2020,11:30:03,178.4,167.15,600,189,225,0,209100
NIFTY25JUN2011500PE.NFO,07/01/2020,11:30:04,178.4,167.15,600,188.9,75,0,209100
NIFTY25JUN2011500PE.NFO,07/01/2020,11:30:07,178.4,167.25,600,188.7,75,0,209100
NIFTY25JUN2011500PE.NFO,07/01/2020,11:30:09,178.4,167.35,600,188.5,75,0,209100
NIFTY25JUN2011500PE.NFO,07/01/2020,11:30:11,178.4,167.45,600,188.4,225,0,209100
NIFTY25JUN2011500PE.NFO,07/01/2020,11:30:13,178.4,167.45,600,188.3,75,0,209100
NIFTY25JUN2011500PE.NFO,07/01/2020,11:30:16,178.4,167.65,600,188.1,150,0,209100
NIFTY25JUN2011500PE.NFO,07/01/2020,11:30:17,178.4,167.65,600,188,75,0,209100
NIFTY25JUN2011500PE.NFO,07/01/2020,11:30:19,178.4,167.75,600,187.9,150,0,209100
NIFTY25JUN2011500PE.NFO,07/01/2020,11:30:19,178.4,167.75,525,187.8,75,0,209100
NIFTY25JUN2011500PE.NFO,07/01/2020,11:30:23,178.4,167.85,525,187.6,75,0,209100
NIFTY25JUN2011500PE.NFO,07/01/2020,11:30:25,178.4,167.95,525,187.5,150,0,209100
NIFTY25JUN2011500PE.NFO,07/01/2020,11:30:26,178.4,167.95,525,187.4,75,0,209100
NIFTY25JUN2011500PE.NFO,07/01/2020,11:30:27,178.4,168.05,525,187.4,75,0,209100
NIFTY25JUN2011500PE.NFO,07/01/2020,11:30:28,178.4,168.05,525,187.2,75,0,209100
NIFTY25JUN2011500PE.NFO,07/01/2020,11:30:29,178.4,168.15,525,187.2,75,0,209100
NIFTY25JUN2011500PE.NFO,07/01/2020,11:30:30,178.4,168.15,525,187,75,0,209100
NIFTY25JUN2011500PE.NFO,07/01/2020,11:30:31,178.4,168.25,525,187,75,0,209100
NIFTY25JUN2011500PE.NFO,07/01/2020,11:30:33,178.4,168.25,525,186.8,75,0,209100
NIFTY25JUN2011500PE.NFO,07/01/2020,11:30:34,178.4,168.35,150,186.8,75,0,209100
NIFTY25JUN2011500PE.NFO,07/01/2020,11:30:35,178.4,168.35,150,186.6,75,0,209100
NIFTY25JUN2011500PE.NFO,07/01/2020,11:30:36,178.4,168.35,525,186.6,75,0,209100
NIFTY25JUN2011500PE.NFO,07/01/2020,11:30:37,178.4,168.35,375,186.4,75,0,209100
NIFTY25JUN2011500PE.NFO,07/01/2020,11:30:39,178.4,168.45,150,186.4,75,0,209100
NIFTY25JUN2011500PE.NFO,07/01/2020,11:30:41,178.4,168.45,150,186.2,75,0,209100
NIFTY25JUN2011500PE.NFO,07/01/2020,11:30:42,178.4,168.55,375,186.2,75,0,209100
NIFTY25JUN2011500PE.NFO,07/01/2020,11:30:43,178.4,168.55,375,186,75,0,209100
NIFTY25JUN2011500PE.NFO,07/01/2020,11:30:44,178.4,168.65,150,186,75,0,209100
NIFTY25JUN2011500PE.NFO,07/01/2020,11:30:46,178.4,168.65,525,185.8,75,0,209100
NIFTY25JUN2011500PE.NFO,07/01/2020,11:30:47,178.4,168.65,375,185.8,75,0,209100
NIFTY25JUN2011500PE.NFO,07/01/2020,11:30:48,178.4,168.65,375,185.6,75,0,209100
NIFTY25JUN2011500PE.NFO,07/01/2020,11:30:49,178.4,168.75,525,185.6,75,0,209100
NIFTY25JUN2011500PE.NFO,07/01/2020,11:30:51,178.4,168.85,525,185.4,75,0,209100
NIFTY25JUN2011500PE.NFO,07/01/2020,11:30:55,178.4,168.95,525,185.2,75,0,209100
NIFTY25JUN2011500PE.NFO,07/01/2020,11:30:57,178.4,169.05,525,185,75,0,209100
NIFTY25JUN2011500PE.NFO,07/01/2020,11:30:58,178.4,169.15,375,185,75,0,209100
NIFTY25JUN2011500PE.NFO,07/01/2020,11:30:59,178.4,153.95,150,184.9,75,0,209100
NIFTY25JUN2011500PE.NFO,07/01/2020,11:31:00,178.4,169.15,150,184.9,225,0,209100
NIFTY25JUN2011500PE.NFO,07/01/2020,11:31:01,178.4,169.15,150,184.8,75,0,209100
NIFTY25JUN2011500PE.NFO,07/01/2020,11:31:03,178.4,169.15,150,184.7,75,0,209100
NIFTY25JUN2011500PE.NFO,07/01/2020,11:31:04,178.4,169.15,150,184.6,75,0,209100
NIFTY25JUN2011500PE.NFO,07/01/2020,11:31:05,178.4,153.5,150,184.6,75,0,209100
NIFTY25JUN2011500PE.NFO,07/01/2020,11:31:06,178.4,154.05,150,184.6,75,0,209100
NIFTY25JUN2011500PE.NFO,07/01/2020,11:31:07,178.4,154.5,150,184.4,75,0,209100
NIFTY25JUN2011500PE.NFO,07/01/2020,11:31:08,178.4,169.25,150,184.4,75,0,209100
NIFTY25JUN2011500PE.NFO,07/01/2020,11:31:10,178.4,169.25,150,184.3,150,0,209100
NIFTY25JUN2011500PE.NFO,07/01/2020,11:31:11,178.4,154.65,150,184.3,150,0,209100
NIFTY25JUN2011500PE.NFO,07/01/2020,11:31:12,178.4,154.65,150,184.2,75,0,209100
NIFTY25JUN2011500PE.NFO,07/01/2020,11:31:14,178.4,154.8,150,184.1,75,0,209100
NIFTY25JUN2011500PE.NFO,07/01/2020,11:31:16,178.4,154.95,150,184.1,75,0,209100
NIFTY25JUN2011500PE.NFO,07/01/2020,11:31:17,178.4,154.95,150,184,75,0,209100
NIFTY25JUN2011500PE.NFO,07/01/2020,11:31:19,178.4,155.15,150,183.9,75,0,209100
NIFTY25JUN2011500PE.NFO,07/01/2020,11:31:20,178.4,155.5,150,183.9,75,0,209100
NIFTY25JUN2011500PE.NFO,07/01/2020,11:31:21,178.4,156.2,150,183.9,75,0,209100
NIFTY25JUN2011500PE.NFO,07/01/2020,11:31:22,178.4,156.85,150,183.9,150,0,209100
NIFTY25JUN2011500PE.NFO,07/01/2020,11:31:23,178.4,157.1,150,183.8,75,0,209100
NIFTY25JUN2011500PE.NFO,07/01/2020,11:31:24,178.4,158.3,150,183.8,75,0,209100
NIFTY25JUN2011500PE.NFO,07/01/2020,11:31:25,178.4,158.65,150,183.7,75,0,209100
NIFTY25JUN2011500PE.NFO,07/01/2020,11:31:26,178.4,159.5,150,183.6,75,0,209100
NIFTY25JUN2011500PE.NFO,07/01/2020,11:31:27,178.4,159.85,150,183.6,75,0,209100
NIFTY25JUN2011500PE.NFO,07/01/2020,11:31:28,178.4,160.4,150,183.4,75,0,209100
NIFTY25JUN2011500PE.NFO,07/01/2020,11:31:30,178.4,160.1,150,183.4,75,0,209100
NIFTY25JUN2011500PE.NFO,07/01/2020,11:31:30,178.4,159.8,150,183.2,75,0,209100
NIFTY25JUN2011500PE.NFO,07/01/2020,11:31:31,178.4,160.4,150,183.2,75,0,209100
NIFTY25JUN2011500PE.NFO,07/01/2020,11:31:33,178.4,160.4,150,183.1,75,0,209100
NIFTY25JUN2011500PE.NFO,07/01/2020,11:31:34,178.4,160.55,150,183,75,0,209100
NIFTY25JUN2011500PE.NFO,07/01/2020,11:31:36,178.4,160.55,150,182.8,75,0,209100
NIFTY25JUN2011500PE.NFO,07/01/2020,11:31:37,178.4,160.7,150,182.8,75,0,209100
NIFTY25JUN2011500PE.NFO,07/01/2020,11:31:39,178.4,160.85,150,182.6,75,0,209100
NIFTY25JUN2011500PE.NFO,07/01/2020,11:31:42,178.4,160.95,600,182.6,75,0,209100
NIFTY25JUN2011500PE.NFO,07/01/2020,11:31:42,178.4,161,150,182.6,75,0,209100
NIFTY25JUN2011500PE.NFO,07/01/2020,11:31:43,178.4,161.05,600,182.4,75,0,209100
NIFTY25JUN2011500PE.NFO,07/01/2020,11:31:45,178.4,161.1,150,182.4,75,0,209100
NIFTY25JUN2011500PE.NFO,07/01/2020,11:31:46,178.4,161.15,600,182.2,75,0,209100
NIFTY25JUN2011500PE.NFO,07/01/2020,11:31:49,178.4,161.2,600,182.1,150,0,209100
NIFTY25JUN2011500PE.NFO,07/01/2020,11:31:50,178.4,161.2,525,182,75,0,209100
NIFTY25JUN2011500PE.NFO,07/01/2020,11:31:54,178.4,161.4,525,181.8,150,0,209100
NIFTY25JUN2011500PE.NFO,07/01/2020,11:31:55,178.4,161.4,525,181.7,75,0,209100
NIFTY25JUN2011500PE.NFO,07/01/2020,11:31:57,178.4,161.5,525,181.7,75,0,209100
NIFTY25JUN2011500PE.NFO,07/01/2020,11:31:58,178.4,161.5,525,181.5,75,0,209100
NIFTY25JUN2011500PE.NFO,07/01/2020,11:32:00,178.4,161.6,525,181.5,75,0,209100
NIFTY25JUN2011500PE.NFO,07/01/2020,11:32:01,178.4,161.6,525,181.4,75,0,209100
NIFTY25JUN2011500PE.NFO,07/01/2020,11:32:04,178.4,161.7,525,181.1,75,0,209100
NIFTY25JUN2011500PE.NFO,07/01/2020,11:32:06,178.4,161.8,525,181.1,75,0,209100
NIFTY25JUN2011500PE.NFO,07/01/2020,11:32:07,178.4,161.8,525,180.9,75,0,209100
NIFTY25JUN2011500PE.NFO,07/01/2020,11:32:08,178.4,161.9,525,180.9,75,0,209100
NIFTY25JUN2011500PE.NFO,07/01/2020,11:32:09,178.4,161.9,525,180.8,75,0,209100
NIFTY25JUN2011500PE.NFO,07/01/2020,11:32:10,178.4,162,525,180.8,75,0,209100
NIFTY25JUN2011500PE.NFO,07/01/2020,11:32:12,178.4,162,525,180.6,75,0,209100
NIFTY25JUN2011500PE.NFO,07/01/2020,11:32:13,178.4,162.1,525,180.6,75,0,209100
NIFTY25JUN2011500PE.NFO,07/01/2020,11:32:15,178.4,162.1,525,180.5,150,0,209100
NIFTY25JUN2011500PE.NFO,07/01/2020,11:32:16,178.4,162.2,525,180.4,75,0,209100
NIFTY25JUN2011500PE.NFO,07/01/2020,11:32:17,178.4,162.2,525,189.9,75,0,209100
NIFTY25JUN2011500PE.NFO,07/01/2020,11:32:18,178.4,162.3,525,189.9,75,0,209100
NIFTY25JUN2011500PE.NFO,07/01/2020,11:32:19,178.4,162.3,600,189.9,75,0,209100
NIFTY25JUN2011500PE.NFO,07/01/2020,11:32:20,178.4,162.3,600,189.8,375,0,209100
NIFTY25JUN2011500PE.NFO,07/01/2020,11:32:21,178.4,162.4,375,189.7,75,0,209100
NIFTY25JUN2011500PE.NFO,07/01/2020,11:32:22,178.4,162.4,450,189.7,75,0,209100
NIFTY25JUN2011500PE.NFO,07/01/2020,11:32:23,178.4,162.4,450,189.5,75,0,209100
NIFTY25JUN2011500PE.NFO,07/01/2020,11:32:24,178.4,162.5,150,189.5,75,0,209100
NIFTY25JUN2011500PE.NFO,07/01/2020,11:32:25,178.4,162.5,600,189.5,75,0,209100
NIFTY25JUN2011500PE.NFO,07/01/2020,11:32:26,178.4,162.5,600,189.3,75,0,209100
NIFTY25JUN2011500PE.NFO,07/01/2020,11:32:27,178.4,162.6,600,189.3,75,0,209100
NIFTY25JUN2011500PE.NFO,07/01/2020,11:32:29,178.4,162.6,600,189.1,75,0,209100
NIFTY25JUN2011500PE.NFO,07/01/2020,11:32:30,178.4,162.7,600,189.1,75,0,209100
NIFTY25JUN2011500PE.NFO,07/01/2020,11:32:32,178.4,162.7,600,188.9,75,0,209100
NIFTY25JUN2011500PE.NFO,07/01/2020,11:32:33,178.4,162.8,225,188.9,75,0,209100
NIFTY25JUN2011500PE.NFO,07/01/2020,11:32:35,178.4,162.8,225,188.7,75,0,209100
NIFTY25JUN2011500PE.NFO,07/01/2020,11:32:36,178.4,162.9,225,188.7,75,0,209100
NIFTY25JUN2011500PE.NFO,07/01/2020,11:32:38,178.4,162.9,225,188.6,150,0,209100
NIFTY25JUN2011500PE.NFO,07/01/2020,11:32:39,178.4,163,75,188.5,75,0,209100
NIFTY25JUN2011500PE.NFO,07/01/2020,11:32:40,178.4,163,225,188.5,75,0,209100
NIFTY25JUN2011500PE.NFO,07/01/2020,11:32:41,178.4,163,600,188.3,75,0,209100
NIFTY25JUN2011500PE.NFO,07/01/2020,11:32:42,178.4,163.1,225,188.3,75,0,209100
NIFTY25JUN2011500PE.NFO,07/01/2020,11:32:44,178.4,163.1,600,188.1,75,0,209100
NIFTY25JUN2011500PE.NFO,07/01/2020,11:32:45,178.4,163.2,225,188.1,75,0,209100
NIFTY25JUN2011500PE.NFO,07/01/2020,11:32:47,178.4,163.2,600,187.9,75,0,209100
NIFTY25JUN2011500PE.NFO,07/01/2020,11:32:48,178.4,163.3,225,187.9,75,0,209100
NIFTY25JUN2011500PE.NFO,07/01/2020,11:32:50,178.4,163.3,600,187.7,75,0,209100
NIFTY25JUN2011500PE.NFO,07/01/2020,11:32:51,178.4,163.4,225,187.7,75,0,209100
NIFTY25JUN2011500PE.NFO,07/01/2020,11:32:53,178.4,163.4,600,187.5,75,0,209100
NIFTY25JUN2011500PE.NFO,07/01/2020,11:32:54,178.4,163.5,225,187.5,75,0,209100
NIFTY25JUN2011500PE.NFO,07/01/2020,11:32:56,178.4,163.5,600,187.5,75,0,209100
NIFTY25JUN2011500PE.NFO,07/01/2020,11:32:56,178.4,163.5,600,187.3,75,0,209100
NIFTY25JUN2011500PE.NFO,07/01/2020,11:32:57,178.4,163.6,225,187.3,75,0,209100
NIFTY25JUN2011500PE.NFO,07/01/2020,11:32:58,178.4,163.6,600,187.3,75,0,209100
NIFTY25JUN2011500PE.NFO,07/01/2020,11:32:59,178.4,163.6,600,187.1,75,0,209100
NIFTY25JUN2011500PE.NFO,07/01/2020,11:33:00,178.4,163.7,225,187.1,75,0,209100
NIFTY25JUN2011500PE.NFO,07/01/2020,11:33:01,178.4,163.7,600,187.1,75,0,209100
NIFTY25JUN2011500PE.NFO,07/01/2020,11:33:02,178.4,163.8,75,187,225,0,209100
NIFTY25JUN2011500PE.NFO,07/01/2020,11:33:03,178.4,163.8,600,186.9,75,0,209100
NIFTY25JUN2011500PE.NFO,07/01/2020,11:33:05,178.4,163.9,75,186.7,75,0,209100
NIFTY25JUN2011500PE.NFO,07/01/2020,11:33:06,178.4,163.9,600,186.7,75,0,209100
NIFTY25JUN2011500PE.NFO,07/01/2020,11:33:08,178.4,164,600,186.5,75,0,209100
NIFTY25JUN2011500PE.NFO,07/01/2020,11:33:11,178.4,164.1,600,186.3,75,0,209100
NIFTY25JUN2011500PE.NFO,07/01/2020,11:33:13,178.4,164.2,450,186.2,150,0,209100
NIFTY25JUN2011500PE.NFO,07/01/2020,11:33:14,178.4,164.2,450,186.1,75,0,209100
NIFTY25JUN2011500PE.NFO,07/01/2020,11:33:15,178.4,164.2,600,186.1,75,0,209100
NIFTY25JUN2011500PE.NFO,07/01/2020,11:33:17,178.4,164.3,450,185.9,75,0,209100
NIFTY25JUN2011500PE.NFO,07/01/2020,11:33:18,178.4,164.3,600,185.9,75,0,209100
NIFTY25JUN2011500PE.NFO,07/01/2020,11:33:19,178.4,164.4,450,185.8,75,0,209100
NIFTY25JUN2011500PE.NFO,07/01/2020,11:33:20,178.4,164.4,600,185.8,75,0,209100
NIFTY25JUN2011500PE.NFO,07/01/2020,11:33:21,178.4,164.5,450,185.7,150,0,209100
NIFTY25JUN2011500PE.NFO,07/01/2020,11:33:22,178.4,164.5,450,185.6,75,0,209100
NIFTY25JUN2011500PE.NFO,07/01/2020,11:33:23,178.4,164.5,600,185.6,75,0,209100
NIFTY25JUN2011500PE.NFO,07/01/2020,11:33:26,178.4,164.6,600,185.4,75,0,209100
NIFTY25JUN2011500PE.NFO,07/01/2020,11:33:28,178.4,164.7,450,185.2,75,0,209100
NIFTY25JUN2011500PE.NFO,07/01/2020,11:33:29,178.4,164.7,600,185.2,75,0,209100
NIFTY25JUN2011500PE.NFO,07/01/2020,11:33:30,178.4,164.8,450,185,75,0,209100
NIFTY25JUN2011500PE.NFO,07/01/2020,11:33:32,178.4,164.8,525,185,75,0,209100
NIFTY25JUN2011500PE.NFO,07/01/2020,11:33:33,178.4,164.9,375,184.8,75,0,209100
NIFTY25JUN2011500PE.NFO,07/01/2020,11:33:34,178.4,164.9,525,184.8,75,0,209100
NIFTY25JUN2011500PE.NFO,07/01/2020,11:33:37,178.4,164.9,525,184.6,75,0,209100
NIFTY25JUN2011500PE.NFO,07/01/2020,11:33:37,178.4,165,525,184.6,75,0,209100
NIFTY25JUN2011500PE.NFO,07/01/2020,11:33:38,178.4,165,525,184.4,75,0,209100
NIFTY25JUN2011500PE.NFO,07/01/2020,11:33:40,178.4,165.1,525,184.4,75,0,209100
NIFTY25JUN2011500PE.NFO,07/01/2020,11:33:41,178.4,165.1,525,184.2,75,0,209100
NIFTY25JUN2011500PE.NFO,07/01/2020,11:33:43,178.4,165.2,525,184.2,75,0,209100
NIFTY25JUN2011500PE.NFO,07/01/2020,11:33:45,178.4,165.2,525,184,75,0,209100
NIFTY25JUN2011500PE.NFO,07/01/2020,11:33:46,178.4,165.3,525,184,75,0,209100
NIFTY25JUN2011500PE.NFO,07/01/2020,11:33:47,178.4,165.3,525,183.8,75,0,209100
NIFTY25JUN2011500PE.NFO,07/01/2020,11:33:48,178.4,165.4,525,183.8,75,0,209100
NIFTY25JUN2011500PE.NFO,07/01/2020,11:33:50,178.4,165.4,525,183.6,75,0,209100
NIFTY25JUN2011500PE.NFO,07/01/2020,11:33:51,178.4,165.5,375,183.6,75,0,209100
NIFTY25JUN2011500PE.NFO,07/01/2020,11:33:53,178.4,165.5,375,183.4,75,0,209100
NIFTY25JUN2011500PE.NFO,07/01/2020,11:33:54,178.4,165.5,150,183.4,75,0,209100
NIFTY25JUN2011500PE.NFO,07/01/2020,11:33:56,178.4,165.6,375,183.2,75,0,209100
NIFTY25JUN2011500PE.NFO,07/01/2020,11:33:59,178.4,165.7,150,183.1,150,0,209100
NIFTY25JUN2011500PE.NFO,07/01/2020,11:34:00,178.4,165.7,150,183,75,0,209100
NIFTY25JUN2011500PE.NFO,07/01/2020,11:34:03,178.4,152.05,150,183,75,0,209100
NIFTY25JUN2011500PE.NFO,07/01/2020,11:34:04,178.4,152.6,150,182.8,75,0,209100
NIFTY25JUN2011500PE.NFO,07/01/2020,11:34:05,178.4,165.8,375,182.8,75,0,209100
NIFTY25JUN2011500PE.NFO,07/01/2020,11:34:06,178.4,152.85,375,182.8,75,0,209100
NIFTY25JUN2011500PE.NFO,07/01/2020,11:34:07,178.4,165.9,150,182.6,75,0,209100
NIFTY25JUN2011500PE.NFO,07/01/2020,11:34:10,178.4,165.9,150,182.4,75,0,209100
NIFTY25JUN2011500PE.NFO,07/01/2020,11:34:11,178.4,153.2,150,182.4,75,0,209100
NIFTY25JUN2011500PE.NFO,07/01/2020,11:34:12,178.4,153.6,150,182.4,75,0,209100
NIFTY25JUN2011500PE.NFO,07/01/2020,11:34:13,178.4,166,375,182.2,75,0,209100
NIFTY25JUN2011500PE.NFO,07/01/2020,11:34:14,178.4,166,525,182.2,75,0,209100
NIFTY25JUN2011500PE.NFO,07/01/2020,11:34:16,178.4,166.1,150,182,75,0,209100
NIFTY25JUN2011500PE.NFO,07/01/2020,11:34:18,178.4,166.1,525,182,75,0,209100
NIFTY25JUN2011500PE.NFO,07/01/2020,11:34:19,178.4,166.1,375,181.8,75,0,209100
NIFTY25JUN2011500PE.NFO,07/01/2020,11:34:22,178.4,166.2,375,181.7,150,0,209100
NIFTY25JUN2011500PE.NFO,07/01/2020,11:34:23,178.4,166.2,525,181.6,75,0,209100
NIFTY25JUN2011500PE.NFO,07/01/2020,11:34:24,178.4,166.2,150,181.6,75,0,209100
NIFTY25JUN2011500PE.NFO,07/01/2020,11:34:25,178.4,166.2,150,181.4,75,0,209100
NIFTY25JUN2011500PE.NFO,07/01/2020,11:34:26,178.4,166.3,150,181.4,75,0,209100
NIFTY25JUN2011500PE.NFO,07/01/2020,11:34:28,178.4,166.3,150,181.3,75,0,209100
NIFTY25JUN2011500PE.NFO,07/01/2020,11:34:29,178.4,166.3,150,181.2,75,0,209100
NIFTY25JUN2011500PE.NFO,07/01/2020,11:34:30,178.4,150.35,150,181.2,75,0,209100
NIFTY25JUN2011500PE.NFO,07/01/2020,11:34:31,178.4,150.7,150,181,75,0,209100
NIFTY25JUN2011500PE.NFO,07/01/2020,11:34:32,178.4,166.4,150,181,75,0,209100
NIFTY25JUN2011500PE.NFO,07/01/2020,11:34:34,178.4,166.4,150,180.8,75,0,209100
NIFTY25JUN2011500PE.NFO,07/01/2020,11:34:36,178.4,151.1,150,180.8,75,0,209100
NIFTY25JUN2011500PE.NFO,07/01/2020,11:34:37,178.4,151.7,150,180.8,75,0,209100
NIFTY25JUN2011500PE.NFO,07/01/2020,11:34:38,178.4,166.5,150,180.6,75,0,209100
NIFTY25JUN2011500PE.NFO,07/01/2020,11:34:40,178.4,166.5,150,180.5,75,0,209100
NIFTY25JUN2011500PE.NFO,07/01/2020,11:34:41,178.4,150.2,150,180.5,75,0,209100
NIFTY25JUN2011500PE.NFO,07/01/2020,11:34:42,178.4,150.75,150,180.5,75,0,209100
NIFTY25JUN2011500PE.NFO,07/01/2020,11:34:43,178.4,151.25,150,180.3,75,0,209100
NIFTY25JUN2011500PE.NFO,07/01/2020,11:34:44,178.4,151.8,150,180.3,75,0,209100
NIFTY25JUN2011500PE.NFO,07/01/2020,11:34:45,178.4,152.4,150,180.3,75,0,209100
NIFTY25JUN2011500PE.NFO,07/01/2020,11:34:46,178.4,152.9,150,180.1,75,0,209100
NIFTY25JUN2011500PE.NFO,07/01/2020,11:34:47,178.4,153.45,150,180.1,75,0,209100
NIFTY25JUN2011500PE.NFO,07/01/2020,11:34:49,178.4,154.1,150,179.9,75,0,209100
NIFTY25JUN2011500PE.NFO,07/01/2020,11:34:50,178.4,154.55,150,179.9,75,0,209100
NIFTY25JUN2011500PE.NFO,07/01/2020,11:34:51,178.4,154.95,150,179.9,75,0,209100
NIFTY25JUN2011500PE.NFO,07/01/2020,11:34:52,178.4,155.45,150,179.8,150,0,209100
NIFTY25JUN2011500PE.NFO,07/01/2020,11:34:52,178.4,155.85,150,179.7,75,0,209100
NIFTY25JUN2011500PE.NFO,07/01/2020,11:34:53,178.4,156.3,150,179.7,75,0,209100
NIFTY25JUN2011500PE.NFO,07/01/2020,11:34:55,178.4,156.8,150,179.5,75,0,209100
NIFTY25JUN2011500PE.NFO,07/01/2020,11:34:56,178.4,157.35,150,179.5,75,0,209100
NIFTY25JUN2011500PE.NFO,07/01/2020,11:34:57,178.4,156.75,75,179.5,225,0,209100
NIFTY25JUN2011500PE.NFO,07/01/2020,11:34:58,178.4,157.3,525,179.4,75,0,209100
NIFTY25JUN2011500PE.NFO,07/01/2020,11:34:59,178.4,157.35,150,179.4,75,0,209100
NIFTY25JUN2011500PE.NFO,07/01/2020,11:35:00,178.4,157.35,150,179.2,75,0,209100
NIFTY25JUN2011500PE.NFO,07/01/2020,11:35:01,178.4,157.5,150,179.2,75,0,209100
NIFTY25JUN2011500PE.NFO,07/01/2020,11:35:04,178.4,157.5,150,179,75,0,209100
NIFTY25JUN2011500PE.NFO,07/01/2020,11:35:05,178.4,157.65,150,179,75,0,209100
NIFTY25JUN2011500PE.NFO,07/01/2020,11:35:08,178.4,157.75,150,178.8,75,0,209100
NIFTY25JUN2011500PE.NFO,07/01/2020,11:35:09,178.4,157.8,150,178.8,75,0,209100
NIFTY25JUN2011500PE.NFO,07/01/2020,11:35:11,178.4,157.9,150,178.6,75,0,209100
NIFTY25JUN2011500PE.NFO,07/01/2020,11:35:13,178.4,157.95,150,178.4,75,0,209100
NIFTY25JUN2011500PE.NFO,07/01/2020,11:35:14,178.4,158.05,150,189.9,75,0,209100
NIFTY25JUN2011500PE.NFO,07/01/2020,11:35:16,178.4,158.1,150,189.9,75,0,209100
NIFTY25JUN2011500PE.NFO,07/01/2020,11:35:17,178.4,158.1,150,189.7,75,0,209100
NIFTY25JUN2011500PE.NFO,07/01/2020,11:35:18,178.4,158.15,375,189.7,75,0,209100
NIFTY25JUN2011500PE.NFO,07/01/2020,11:35:19,178.4,158.2,300,189.7,75,0,209100
NIFTY25JUN2011500PE.NFO,07/01/2020,11:35:20,178.4,158.2,300,189.5,75,0,209100
NIFTY25JUN2011500PE.NFO,07/01/2020,11:35:22,178.4,158.25,75,189.5,75,0,209100
NIFTY25JUN2011500PE.NFO,07/01/2020,11:35:23,178.4,158.3,375,189.4,75,0,209100
NIFTY25JUN2011500PE.NFO,07/01/2020,11:35:25,178.4,158.4,75,189.4,450,0,209100
NIFTY25JUN2011500PE.NFO,07/01/2020,11:35:26,178.4,158.4,75,189.2,75,0,209100
NIFTY25JUN2011500PE.NFO,07/01/2020,11:35:27,178.4,158.4,300,189.2,75,0,209100
NIFTY25JUN2011500PE.NFO,07/01/2020,11:35:28,178.4,158.5,375,189.1,75,0,209100
NIFTY25JUN2011500PE.NFO,07/01/2020,11:35:30,178.4,158.5,375,189,75,0,209100
NIFTY25JUN2011500PE.NFO,07/01/2020,11:35:31,178.4,158.5,600,189,75,0,209100
NIFTY25JUN2011500PE.NFO,07/01/2020,11:35:32,178.4,158.5,600,188.9,75,0,209100
NIFTY25JUN2011500PE.NFO,07/01/2020,11:35:35,178.4,158.7,450,188.7,75,0,209100
NIFTY25JUN2011500PE.NFO,07/01/2020,11:35:37,178.4,158.7,600,188.7,75,0,209100
NIFTY25JUN2011500PE.NFO,07/01/2020,11:35:38,178.4,158.8,450,188.5,75,0,209100
NIFTY25JUN2011500PE.NFO,07/01/2020,11:35:39,178.4,158.8,600,188.5,75,0,209100
NIFTY25JUN2011500PE.NFO,07/01/2020,11:35:41,178.4,158.9,450,188.3,75,0,209100
NIFTY25JUN2011500PE.NFO,07/01/2020,11:35:43,178.4,158.9,600,188.3,75,0,209100
NIFTY25JUN2011500PE.NFO,07/01/2020,11:35:45,178.4,159,600,188.2,300,0,209100
NIFTY25JUN2011500PE.NFO,07/01/2020,11:35:46,178.4,159,600,188.1,75,0,209100
NIFTY25JUN2011500PE.NFO,07/01/2020,11:35:48,178.4,159.1,450,187.95,75,0,209100
NIFTY25JUN2011500PE.NFO,07/01/2020,11:35:49,178.4,159.1,600,187.95,75,0,209100
NIFTY25JUN2011500PE.NFO,07/01/2020,11:35:50,178.4,159.1,600,187.9,75,0,209100
NIFTY25JUN2011500PE.NFO,07/01/2020,11:35:51,178.4,159.2,450,187.9,75,0,209100
NIFTY25JUN2011500PE.NFO,07/01/2020,11:35:52,178.4,159.2,600,187.75,75,0,209100
NIFTY25JUN2011500PE.NFO,07/01/2020,11:35:53,178.4,159.2,600,187.7,75,0,209100
NIFTY25JUN2011500PE.NFO,07/01/2020,11:35:54,178.4,159.3,450,187.7,75,0,209100
NIFTY25JUN2011500PE.NFO,07/01/2020,11:35:55,178.4,159.3,600,187.7,75,0,209100
NIFTY25JUN2011500PE.NFO,07/01/2020,11:35:56,178.4,159.4,375,187.55,75,0,209100
NIFTY25JUN2011500PE.NFO,07/01/2020,11:35:57,178.4,159.4,600,187.5,75,0,209100
NIFTY25JUN2011500PE.NFO,07/01/2020,11:35:59,178.4,159.4,600,187.35,75,0,209100
NIFTY25JUN2011500PE.NFO,07/01/2020,11:36:01,178.4,159.5,600,187.3,75,0,209100
NIFTY25JUN2011500PE.NFO,07/01/2020,11:36:03,178.4,159.5,600,187.15,75,0,209100
NIFTY25JUN2011500PE.NFO,07/01/2020,11:36:04,178.4,159.6,600,187.15,75,0,209100
NIFTY25JUN2011500PE.NFO,07/01/2020,11:36:05,178.4,159.6,600,187.1,75,0,209100
NIFTY25JUN2011500PE.NFO,07/01/2020,11:36:06,178.4,159.6,600,186.95,75,0,209100
NIFTY25JUN2011500PE.NFO,07/01/2020,11:36:07,178.4,159.7,600,186.95,75,0,209100
NIFTY25JUN2011500PE.NFO,07/01/2020,11:36:08,178.4,159.7,600,186.9,75,0,209100
NIFTY25JUN2011500PE.NFO,07/01/2020,11:36:09,178.4,159.7,600,186.75,75,0,209100
NIFTY25JUN2011500PE.NFO,07/01/2020,11:36:10,178.4,159.8,600,186.75,75,0,209100
NIFTY25JUN2011500PE.NFO,07/01/2020,11:36:11,178.4,159.8,600,186.7,75,0,209100
NIFTY25JUN2011500PE.NFO,07/01/2020,11:36:12,178.4,159.8,600,186.55,75,0,209100
NIFTY25JUN2011500PE.NFO,07/01/2020,11:36:13,178.4,159.9,600,186.55,75,0,209100
NIFTY25JUN2011500PE.NFO,07/01/2020,11:36:14,178.4,159.9,600,186.5,75,0,209100
NIFTY25JUN2011500PE.NFO,07/01/2020,11:36:15,178.4,159.9,600,186.35,75,0,209100
NIFTY25JUN2011500PE.NFO,07/01/2020,11:36:16,178.4,160,225,186.35,75,0,209100
NIFTY25JUN2011500PE.NFO,07/01/2020,11:36:17,178.4,160,225,186.3,75,0,209100
NIFTY25JUN2011500PE.NFO,07/01/2020,11:36:18,178.4,160,225,186.15,75,0,209100
NIFTY25JUN2011500PE.NFO,07/01/2020,11:36:19,178.4,160.1,225,186.15,75,0,209100
NIFTY25JUN2011500PE.NFO,07/01/2020,11:36:22,178.4,160.1,600,185.95,75,0,209100
NIFTY25JUN2011500PE.NFO,07/01/2020,11:36:24,178.4,160.2,225,185.95,75,0,209100
NIFTY25JUN2011500PE.NFO,07/01/2020,11:36:25,178.4,160.2,225,185.75,75,0,209100
NIFTY25JUN2011500PE.NFO,07/01/2020,11:36:26,178.4,160.3,600,185.75,75,0,209100
NIFTY25JUN2011500PE.NFO,07/01/2020,11:36:27,178.4,160.3,600,185.65,225,0,209100
NIFTY25JUN2011500PE.NFO,07/01/2020,11:36:28,178.4,160.4,600,185.55,75,0,209100
NIFTY25JUN2011500PE.NFO,07/01/2020,11:36:31,178.4,160.5,600,185.35,75,0,209100
NIFTY25JUN2011500PE.NFO,07/01/2020,11:36:34,178.4,160.5,600,185.15,75,0,209100
NIFTY25JUN2011500PE.NFO,07/01/2020,11:36:35,178.4,160.6,600,185.15,75,0,209100
NIFTY25JUN2011500PE.NFO,07/01/2020,11:36:37,178.4,160.6,600,184.95,75,0,209100
NIFTY25JUN2011500PE.NFO,07/01/2020,11:36:38,178.4,160.7,600,184.95,75,0,209100
NIFTY25JUN2011500PE.NFO,07/01/2020,11:36:40,178.4,160.7,600,184.75,75,0,209100
NIFTY25JUN2011500PE.NFO,07/01/2020,11:36:41,178.4,160.8,600,184.75,75,0,209100
NIFTY25JUN2011500PE.NFO,07/01/2020,11:36:43,178.4,160.8,600,184.65,75,0,209100
NIFTY25JUN2011500PE.NFO,07/01/2020,11:36:46,178.4,160.9,600,184.55,225,0,209100
NIFTY25JUN2011500PE.NFO,07/01/2020,11:36:47,178.4,160.9,600,184.45,75,0,209100
NIFTY25JUN2011500PE.NFO,07/01/2020,11:36:48,178.4,161,525,184.45,75,0,209100
NIFTY25JUN2011500PE.NFO,07/01/2020,11:36:50,178.4,161,525,189.9,75,0,209100
NIFTY25JUN2011500PE.NFO,07/01/2020,11:36:52,178.4,161.1,525,184.25,75,0,209100
NIFTY25JUN2011500PE.NFO,07/01/2020,11:36:53,178.4,161.1,525,184.05,75,0,209100
NIFTY25JUN2011500PE.NFO,07/01/2020,11:36:55,178.4,161.2,525,184.05,75,0,209100
NIFTY25JUN2011500PE.NFO,07/01/2020,11:36:56,178.4,161.2,525,183.85,75,0,209100
NIFTY25JUN2011500PE.NFO,07/01/2020,11:36:58,178.4,161.3,375,183.85,75,0,209100
NIFTY25JUN2011500PE.NFO,07/01/2020,11:36:59,178.4,161.3,375,183.75,150,0,209100
NIFTY25JUN2011500PE.NFO,07/01/2020,11:37:00,178.4,161.3,375,183.65,75,0,209100
NIFTY25JUN2011500PE.NFO,07/01/2020,11:37:01,178.4,161.4,150,183.65,75,0,209100
NIFTY25JUN2011500PE.NFO,07/01/2020,11:37:02,178.4,161.4,150,183.45,75,0,209100
NIFTY25JUN2011500PE.NFO,07/01/2020,11:37:05,178.4,161.4,525,183.35,75,0,209100
NIFTY25JUN2011500PE.NFO,07/01/2020,11:37:06,178.4,161.4,375,183.35,75,0,209100
NIFTY25JUN2011500PE.NFO,07/01/2020,11:37:07,178.4,161.5,375,183.15,75,0,209100
NIFTY25JUN2011500PE.NFO,07/01/2020,11:37:09,178.4,161.5,525,183.15,75,0,209100
NIFTY25JUN2011500PE.NFO,07/01/2020,11:37:10,178.4,161.5,525,183.05,75,0,209100
NIFTY25JUN2011500PE.NFO,07/01/2020,11:37:11,178.4,161.6,150,182.95,75,0,209100
NIFTY25JUN2011500PE.NFO,07/01/2020,11:37:13,178.4,161.6,525,182.75,75,0,209100
NIFTY25JUN2011500PE.NFO,07/01/2020,11:37:14,178.4,161.6,375,182.75,75,0,209100
NIFTY25JUN2011500PE.NFO,07/01/2020,11:37:15,178.4,161.7,375,182.75,300,0,209100
NIFTY25JUN2011500PE.NFO,07/01/2020,11:37:16,178.4,161.7,525,182.65,75,0,209100
NIFTY25JUN2011500PE.NFO,07/01/2020,11:37:18,178.4,161.7,150,182.55,225,0,209100
NIFTY25JUN2011500PE.NFO,07/01/2020,11:37:19,178.4,161.8,150,182.45,75,0,209100
NIFTY25JUN2011500PE.NFO,07/01/2020,11:37:21,178.4,161.8,375,182.35,75,0,209100
NIFTY25JUN2011500PE.NFO,07/01/2020,11:37:23,178.4,161.9,375,182.15,75,0,209100
NIFTY25JUN2011500PE.NFO,07/01/2020,11:37:24,178.4,161.9,525,182.15,75,0,209100
NIFTY25JUN2011500PE.NFO,07/01/2020,11:37:26,178.4,161.9,150,182.05,225,0,209100
NIFTY25JUN2011500PE.NFO,07/01/2020,11:37:27,178.4,162,150,181.95,75,0,209100
NIFTY25JUN2011500PE.NFO,07/01/2020,11:37:28,178.4,162,525,181.85,75,0,209100
NIFTY25JUN2011500PE.NFO,07/01/2020,11:37:29,178.4,162,375,181.85,75,0,209100
NIFTY25JUN2011500PE.NFO,07/01/2020,11:37:30,178.4,162.1,375,181.85,75,0,209100
NIFTY25JUN2011500PE.NFO,07/01/2020,11:37:31,178.4,162.1,375,181.65,75,0,209100
NIFTY25JUN2011500PE.NFO,07/01/2020,11:37:32,178.4,162.1,525,181.65,75,0,209100
NIFTY25JUN2011500PE.NFO,07/01/2020,11:37:33,178.4,162.1,150,181.45,75,0,209100
NIFTY25JUN2011500PE.NFO,07/01/2020,11:37:35,178.4,162.2,525,181.35,75,0,209100
NIFTY25JUN2011500PE.NFO,07/01/2020,11:37:38,178.4,162.3,525,181.15,75,0,209100
NIFTY25JUN2011500PE.NFO,07/01/2020,11:37:40,178.4,162.4,525,181.15,75,0,209100
NIFTY25JUN2011500PE.NFO,07/01/2020,11:37:40,178.4,162.4,525,181.05,75,0,209100
NIFTY25JUN2011500PE.NFO,07/01/2020,11:37:41,178.4,162.4,525,180.95,75,0,209100
NIFTY25JUN2011500PE.NFO,07/01/2020,11:37:42,178.4,162.5,525,180.95,75,0,209100
NIFTY25JUN2011500PE.NFO,07/01/2020,11:37:43,178.4,162.5,525,180.85,150,0,209100
NIFTY25JUN2011500PE.NFO,07/01/2020,11:37:44,178.4,162.5,525,180.75,75,0,209100
NIFTY25JUN2011500PE.NFO,07/01/2020,11:37:45,178.4,162.6,150,180.75,75,0,209100
NIFTY25JUN2011500PE.NFO,07/01/2020,11:37:46,178.4,162.6,150,180.65,150,0,209100
NIFTY25JUN2011500PE.NFO,07/01/2020,11:37:47,178.4,162.6,150,180.55,75,0,209100
NIFTY25JUN2011500PE.NFO,07/01/2020,11:37:49,178.4,162.7,375,180.35,75,0,209100
NIFTY25JUN2011500PE.NFO,07/01/2020,11:37:50,178.4,162.8,150,180.35,75,0,209100
NIFTY25JUN2011500PE.NFO,07/01/2020,11:37:52,178.4,162.8,525,180.35,75,0,209100
NIFTY25JUN2011500PE.NFO,07/01/2020,11:37:53,178.4,162.8,525,180.15,75,0,209100
NIFTY25JUN2011500PE.NFO,07/01/2020,11:37:53,178.4,162.8,375,180.15,75,0,209100
NIFTY25JUN2011500PE.NFO,07/01/2020,11:37:56,178.4,162.9,150,180.05,75,0,209100
NIFTY25JUN2011500PE.NFO,07/01/2020,11:37:57,178.4,162.9,150,179.85,75,0,209100
NIFTY25JUN2011500PE.NFO,07/01/2020,11:37:58,178.4,163,375,179.85,75,0,209100
NIFTY25JUN2011500PE.NFO,07/01/2020,11:37:59,178.4,163,375,179.75,75,0,209100
NIFTY25JUN2011500PE.NFO,07/01/2020,11:38:00,178.4,163.1,150,179.75,75,0,209100
NIFTY25JUN2011500PE.NFO,07/01/2020,11:38:02,178.4,163.2,375,179.55,75,0,209100
NIFTY25JUN2011500PE.NFO,07/01/2020,11:38:04,178.4,163.2,375,179.35,75,0,209100
NIFTY25JUN2011500PE.NFO,07/01/2020,11:38:06,178.4,163.2,150,179.35,75,0,209100
NIFTY25JUN2011500PE.NFO,07/01/2020,11:38:08,178.4,163.3,525,179.15,75,0,209100
NIFTY25JUN2011500PE.NFO,07/01/2020,11:38:10,178.4,163.3,525,179.05,75,0,209100
NIFTY25JUN2011500PE.NFO,07/01/2020,11:38:11,178.4,163.4,525,179.05,75,0,209100
NIFTY25JUN2011500PE.NFO,07/01/2020,11:38:12,178.4,163.5,525,189.9,75,0,209100
NIFTY25JUN2011500PE.NFO,07/01/2020,11:38:14,178.4,163.5,525,178.85,75,0,209100
NIFTY25JUN2011500PE.NFO,07/01/2020,11:38:15,178.4,163.6,525,178.85,75,0,209100
NIFTY25JUN2011500PE.NFO,07/01/2020,11:38:17,178.4,163.7,525,189.7,75,0,209100
NIFTY25JUN2011500PE.NFO,07/01/2020,11:38:19,178.4,163.7,525,178.65,75,0,209100
NIFTY25JUN2011500PE.NFO,07/01/2020,11:38:20,178.4,163.8,375,178.65,75,0,209100
NIFTY25JUN2011500PE.NFO,07/01/2020,11:38:22,178.4,163.9,150,189.5,75,0,209100
NIFTY25JUN2011500PE.NFO,07/01/2020,11:38:25,178.4,163.9,150,178.45,75,0,209100
NIFTY25JUN2011500PE.NFO,07/01/2020,11:38:25,178.4,164,375,178.45,75,0,209100
NIFTY25JUN2011500PE.NFO,07/01/2020,11:38:27,178.4,164,375,178.25,75,0,209100
NIFTY25JUN2011500PE.NFO,07/01/2020,11:38:28,178.4,164.1,150,189.9,75,0,209100
NIFTY25JUN2011500PE.NFO,07/01/2020,11:38:30,178.4,164.1,600,189.9,75,0,209100
NIFTY25JUN2011500PE.NFO,07/01/2020,11:38:31,178.4,164.1,450,189.8,375,0,209100
NIFTY25JUN2011500PE.NFO,07/01/2020,11:38:33,178.4,164.2,450,189.7,75,0,209100
NIFTY25JUN2011500PE.NFO,07/01/2020,11:38:34,178.4,164.2,600,189.5,75,0,209100
NIFTY25JUN2011500PE.NFO,07/01/2020,11:38:36,178.4,164.3,375,189.5,75,0,209100
NIFTY25JUN2011500PE.NFO,07/01/2020,11:38:37,178.4,164.3,525,189.3,75,0,209100
NIFTY25JUN2011500PE.NFO,07/01/2020,11:38:39,178.4,164.4,525,189.1,75,0,209100
NIFTY25JUN2011500PE.NFO,07/01/2020,11:38:42,178.4,164.5,525,188.9,75,0,209100
NIFTY25JUN2011500PE.NFO,07/01/2020,11:38:45,178.4,164.6,525,188.7,75,0,209100
NIFTY25JUN2011500PE.NFO,07/01/2020,11:38:49,178.4,164.7,525,188.5,75,0,209100
NIFTY25JUN2011500PE.NFO,07/01/2020,11:38:51,178.4,164.8,525,188.5,75,0,209100
NIFTY25JUN2011500PE.NFO,07/01/2020,11:38:53,178.4,164.8,525,188.3,75,0,209100
NIFTY25JUN2011500PE.NFO,07/01/2020,11:38:54,178.4,164.9,525,188.3,75,0,209100
NIFTY25JUN2011500PE.NFO,07/01/2020,11:38:55,178.4,164.9,525,188.2,300,0,209100
NIFTY25JUN2011500PE.NFO,07/01/2020,11:38:56,178.4,164.9,525,188.1,75,0,209100
NIFTY25JUN2011500PE.NFO,07/01/2020,11:38:57,178.4,165,525,188.1,75,0,209100
NIFTY25JUN2011500PE.NFO,07/01/2020,11:38:59,178.4,165,525,187.9,75,0,209100
NIFTY25JUN2011500PE.NFO,07/01/2020,11:39:00,178.4,165.1,525,187.9,75,0,209100
NIFTY25JUN2011500PE.NFO,07/01/2020,11:39:01,178.4,165.1,525,187.7,75,0,209100
NIFTY25JUN2011500PE.NFO,07/01/2020,11:39:03,178.4,165.2,525,187.7,75,0,209100
NIFTY25JUN2011500PE.NFO,07/01/2020,11:39:04,178.4,165.2,525,187.5,75,0,209100
NIFTY25JUN2011500PE.NFO,07/01/2020,11:39:06,178.4,165.3,150,187.5,75,0,209100
NIFTY25JUN2011500PE.NFO,07/01/2020,11:39:07,178.4,165.3,150,187.3,75,0,209100
NIFTY25JUN2011500PE.NFO,07/01/2020,11:39:09,178.4,165.3,375,187.3,75,0,209100
NIFTY25JUN2011500PE.NFO,07/01/2020,11:39:10,178.4,165.3,375,187.1,75,0,209100
NIFTY25JUN2011500PE.NFO,07/01/2020,11:39:13,178.4,165.4,150,186.9,75,0,209100
NIFTY25JUN2011500PE.NFO,07/01/2020,11:39:15,178.4,165.5,375,186.9,75,0,209100
NIFTY25JUN2011500PE.NFO,07/01/2020,11:39:16,178.4,165.5,375,186.7,75,0,209100
NIFTY25JUN2011500PE.NFO,07/01/2020,11:39:19,178.4,165.6,150,186.5,75,0,209100
NIFTY25JUN2011500PE.NFO,07/01/2020,11:39:21,178.4,165.7,375,186.3,75,0,209100
NIFTY25JUN2011500PE.NFO,07/01/2020,11:39:25,178.4,165.7,150,186.1,75,0,209100
NIFTY25JUN2011500PE.NFO,07/01/2020,11:39:27,178.4,165.8,150,186.1,75,0,209100
NIFTY25JUN2011500PE.NFO,07/01/2020,11:39:28,178.4,165.8,525,186,75,0,209100
NIFTY25JUN2011500PE.NFO,07/01/2020,11:39:29,178.4,165.8,375,186,75,0,209100
NIFTY25JUN2011500PE.NFO,07/01/2020,11:39:31,178.4,165.9,375,185.8,75,0,209100
NIFTY25JUN2011500PE.NFO,07/01/2020,11:39:32,178.4,165.9,525,185.8,75,0,209100
NIFTY25JUN2011500PE.NFO,07/01/2020,11:39:33,178.4,165.9,150,185.7,75,0,209100
NIFTY25JUN2011500PE.NFO,07/01/2020,11:39:35,178.4,166,150,185.7,75,0,209100
NIFTY25JUN2011500PE.NFO,07/01/2020,11:39:36,178.4,166,525,185.6,75,0,209100
NIFTY25JUN2011500PE.NFO,07/01/2020,11:39:37,178.4,166,375,185.6,75,0,209100
NIFTY25JUN2011500PE.NFO,07/01/2020,11:39:38,178.4,166.1,375,185.5,225,0,209100
NIFTY25JUN2011500PE.NFO,07/01/2020,11:39:39,178.4,166.1,375,185.4,75,0,209100
NIFTY25JUN2011500PE.NFO,07/01/2020,11:39:40,178.4,166.1,525,185.4,75,0,209100
NIFTY25JUN2011500PE.NFO,07/01/2020,11:39:41,178.4,166.1,150,185.3,75,0,209100
NIFTY25JUN2011500PE.NFO,07/01/2020,11:39:43,178.4,166.2,150,185.2,450,0,209100
NIFTY25JUN2011500PE.NFO,07/01/2020,11:39:44,178.4,150.15,300,185.1,75,0,209100
NIFTY25JUN2011500PE.NFO,07/01/2020,11:39:46,178.4,150.85,150,185,75,0,209100
NIFTY25JUN2011500PE.NFO,07/01/2020,11:39:47,178.4,166.3,375,185,75,0,209100
NIFTY25JUN2011500PE.NFO,07/01/2020,11:39:48,178.4,166.3,375,184.9,75,0,209100
NIFTY25JUN2011500PE.NFO,07/01/2020,11:39:50,178.4,151.1,150,184.8,75,0,209100
NIFTY25JUN2011500PE.NFO,07/01/2020,11:39:51,178.4,151.6,300,184.7,75,0,209100
NIFTY25JUN2011500PE.NFO,07/01/2020,11:39:53,178.4,152.15,150,184.7,75,0,209100
NIFTY25JUN2011500PE.NFO,07/01/2020,11:39:54,178.4,152.65,150,184.5,75,0,209100
NIFTY25JUN2011500PE.NFO,07/01/2020,11:39:56,178.4,153.25,150,184.5,75,0,209100
NIFTY25JUN2011500PE.NFO,07/01/2020,11:39:57,178.4,153.95,150,184.5,75,0,209100
NIFTY25JUN2011500PE.NFO,07/01/2020,11:39:59,178.4,154.45,300,184.3,75,0,209100
NIFTY25JUN2011500PE.NFO,07/01/2020,11:40:00,178.4,155.4,150,184.3,75,0,209100
NIFTY25JUN2011500PE.NFO,07/01/2020,11:40:01,178.4,156.25,150,184.1,75,0,209100
NIFTY25JUN2011500PE.NFO,07/01/2020,11:40:03,178.4,157.05,150,184.1,75,0,209100
NIFTY25JUN2011500PE.NFO,07/01/2020,11:40:04,178.4,157.9,150,184,75,0,209100
NIFTY25JUN2011500PE.NFO,07/01/2020,11:40:05,178.4,156.85,150,184,225,0,209100
NIFTY25JUN2011500PE.NFO,07/01/2020,11:40:07,178.4,157.45,150,183.9,75,0,209100
NIFTY25JUN2011500PE.NFO,07/01/2020,11:40:08,178.4,158.35,150,183.9,75,0,209100
NIFTY25JUN2011500PE.NFO,07/01/2020,11:40:09,178.4,158.35,150,183.8,75,0,209100
NIFTY25JUN2011500PE.NFO,07/01/2020,11:40:11,178.4,158.25,450,183.8,150,0,209100
NIFTY25JUN2011500PE.NFO,07/01/2020,11:40:12,178.4,158.3,150,183.7,75,0,209100
NIFTY25JUN2011500PE.NFO,07/01/2020,11:40:13,178.4,158.5,150,183.7,75,0,209100
NIFTY25JUN2011500PE.NFO,07/01/2020,11:40:14,178.4,158.5,150,183.5,75,0,209100
NIFTY25JUN2011500PE.NFO,07/01/2020,11:40:16,178.4,158.45,150,183.5,75,0,209100
NIFTY25JUN2011500PE.NFO,07/01/2020,11:40:18,178.4,158.75,150,183.3,75,0,209100
NIFTY25JUN2011500PE.NFO,07/01/2020,11:40:20,178.4,158.75,150,183.1,75,0,209100
NIFTY25JUN2011500PE.NFO,07/01/2020,11:40:22,178.4,158.9,150,183,150,0,209100
NIFTY25JUN2011500PE.NFO,07/01/2020,11:40:23,178.4,158.9,150,182.9,75,0,209100
NIFTY25JUN2011500PE.NFO,07/01/2020,11:40:24,178.4,159,150,182.9,75,0,209100
NIFTY25JUN2011500PE.NFO,07/01/2020,11:40:26,178.4,159.1,150,182.7,75,0,209100
NIFTY25JUN2011500PE.NFO,07/01/2020,11:40:28,178.4,159.25,150,182.5,75,0,209100
NIFTY25JUN2011500PE.NFO,07/01/2020,11:40:31,178.4,159.4,150,182.3,75,0,209100
NIFTY25JUN2011500PE.NFO,07/01/2020,11:40:34,178.4,159.55,150,182.1,75,0,209100
NIFTY25JUN2011500PE.NFO,07/01/2020,11:40:37,178.4,159.7,150,181.9,75,0,209100
NIFTY25JUN2011500PE.NFO,07/01/2020,11:40:41,178.4,159.85,150,181.7,75,0,209100
NIFTY25JUN2011500PE.NFO,07/01/2020,11:40:43,178.4,160,150,181.5,75,0,209100
NIFTY25JUN2011500PE.NFO,07/01/2020,11:40:45,178.4,160.1,600,181.3,75,0,209100
NIFTY25JUN2011500PE.NFO,07/01/2020,11:40:48,178.4,160.1,675,181.3,75,0,209100
NIFTY25JUN2011500PE.NFO,07/01/2020,11:40:49,178.4,160.2,600,181.1,75,0,209100
NIFTY25JUN2011500PE.NFO,07/01/2020,11:40:51,178.4,160.3,600,181.1,75,0,209100
NIFTY25JUN2011500PE.NFO,07/01/2020,11:40:52,178.4,160.3,600,180.9,75,0,209100
NIFTY25JUN2011500PE.NFO,07/01/2020,11:40:55,178.4,160.4,525,180.7,75,0,209100
NIFTY25JUN2011500PE.NFO,07/01/2020,11:40:57,178.4,160.5,525,180.5,75,0,209100
NIFTY25JUN2011500PE.NFO,07/01/2020,11:41:01,178.4,160.6,525,180.3,75,0,209100
NIFTY25JUN2011500PE.NFO,07/01/2020,11:41:03,178.4,160.7,525,180.1,75,0,209100
NIFTY25JUN2011500PE.NFO,07/01/2020,11:41:06,178.4,160.8,150,180.1,75,0,209100
NIFTY25JUN2011500PE.NFO,07/01/2020,11:41:06,178.4,160.8,525,179.9,75,0,209100
NIFTY25JUN2011500PE.NFO,07/01/2020,11:41:09,178.4,160.9,525,179.7,75,0,209100
NIFTY25JUN2011500PE.NFO,07/01/2020,11:41:11,178.4,161,150,179.5,75,0,209100
NIFTY25JUN2011500PE.NFO,07/01/2020,11:41:13,178.4,161,150,189.9,75,0,209100
NIFTY25JUN2011500PE.NFO,07/01/2020,11:41:15,178.4,161.1,450,189.9,75,0,209100
NIFTY25JUN2011500PE.NFO,07/01/2020,11:41:16,178.4,161.1,450,189.7,75,0,209100
NIFTY25JUN2011500PE.NFO,07/01/2020,11:41:18,178.4,161.2,450,189.7,75,0,209100
NIFTY25JUN2011500PE.NFO,07/01/2020,11:41:19,178.4,161.2,450,189.5,75,0,209100
NIFTY25JUN2011500PE.NFO,07/01/2020,11:41:21,178.4,161.3,450,189.4,300,0,209100
NIFTY25JUN2011500PE.NFO,07/01/2020,11:41:22,178.4,161.3,450,189.3,75,0,209100
NIFTY25JUN2011500PE.NFO,07/01/2020,11:41:24,178.4,161.4,450,189.3,450,0,209100
NIFTY25JUN2011500PE.NFO,07/01/2020,11:41:25,178.4,161.4,450,189.2,75,0,209100
NIFTY25JUN2011500PE.NFO,07/01/2020,11:41:30,178.4,161.6,450,188.9,75,0,209100
NIFTY25JUN2011500PE.NFO,07/01/2020,11:41:31,178.4,161.6,600,188.9,75,0,209100
NIFTY25JUN2011500PE.NFO,07/01/2020,11:41:32,178.4,161.7,450,188.7,75,0,209100
NIFTY25JUN2011500PE.NFO,07/01/2020,11:41:33,178.4,161.7,600,188.7,75,0,209100
NIFTY25JUN2011500PE.NFO,07/01/2020,11:41:36,178.4,161.8,450,188.5,75,0,209100
NIFTY25JUN2011500PE.NFO,07/01/2020,11:41:37,178.4,161.8,600,188.5,75,0,209100
NIFTY25JUN2011500PE.NFO,07/01/2020,11:41:38,178.4,161.9,450,188.3,75,0,209100
NIFTY25JUN2011500PE.NFO,07/01/2020,11:41:39,178.4,161.9,600,188.3,75,0,209100
NIFTY25JUN2011500PE.NFO,07/01/2020,11:41:41,178.4,162,600,188.1,75,0,209100
NIFTY25JUN2011500PE.NFO,07/01/2020,11:41:44,178.4,162.1,450,187.9,75,0,209100
NIFTY25JUN2011500PE.NFO,07/01/2020,11:41:45,178.4,162.1,600,187.9,75,0,209100
NIFTY25JUN2011500PE.NFO,07/01/2020,11:41:47,178.4,162.2,450,187.7,75,0,209100
NIFTY25JUN2011500PE.NFO,07/01/2020,11:41:48,178.4,162.2,600,187.7,75,0,209100
NIFTY25JUN2011500PE.NFO,07/01/2020,11:41:50,178.4,162.3,450,187.5,75,0,209100
NIFTY25JUN2011500PE.NFO,07/01/2020,11:41:51,178.4,162.3,600,187.5,75,0,209100
NIFTY25JUN2011500PE.NFO,07/01/2020,11:41:52,178.4,162.4,450,187.5,75,0,209100
NIFTY25JUN2011500PE.NFO,07/01/2020,11:41:53,178.4,162.4,450,187.3,75,0,209100
NIFTY25JUN2011500PE.NFO,07/01/2020,11:41:54,178.4,162.4,600,187.3,75,0,209100
NIFTY25JUN2011500PE.NFO,07/01/2020,11:41:56,178.4,162.5,450,187.1,75,0,209100
NIFTY25JUN2011500PE.NFO,07/01/2020,11:41:57,178.4,162.5,600,187.1,75,0,209100
NIFTY25JUN2011500PE.NFO,07/01/2020,11:42:00,178.4,162.6,600,186.9,75,0,209100
NIFTY25JUN2011500PE.NFO,07/01/2020,11:42:02,178.4,162.7,450,186.8,300,0,209100
NIFTY25JUN2011500PE.NFO,07/01/2020,11:42:03,178.4,162.7,600,186.7,75,0,209100
NIFTY25JUN2011500PE.NFO,07/01/2020,11:42:05,178.4,162.8,450,186.6,75,0,209100
NIFTY25JUN2011500PE.NFO,07/01/2020,11:42:06,178.4,162.8,600,186.6,75,0,209100
NIFTY25JUN2011500PE.NFO,07/01/2020,11:42:08,178.4,162.9,450,186.4,75,0,209100
NIFTY25JUN2011500PE.NFO,07/01/2020,11:42:09,178.4,162.9,600,186.4,75,0,209100
NIFTY25JUN2011500PE.NFO,07/01/2020,11:42:10,178.4,163,450,186.3,150,0,209100
NIFTY25JUN2011500PE.NFO,07/01/2020,11:42:11,178.4,163,600,186.2,75,0,209100
NIFTY25JUN2011500PE.NFO,07/01/2020,11:42:14,178.4,163.1,450,186,75,0,209100
NIFTY25JUN2011500PE.NFO,07/01/2020,11:42:15,178.4,163.1,600,186,75,0,209100
NIFTY25JUN2011500PE.NFO,07/01/2020,11:42:16,178.4,163.2,450,185.8,75,0,209100
NIFTY25JUN2011500PE.NFO,07/01/2020,11:42:17,178.4,163.2,600,185.8,75,0,209100
NIFTY25JUN2011500PE.NFO,07/01/2020,11:42:19,178.4,163.3,600,185.6,75,0,209100
NIFTY25JUN2011500PE.NFO,07/01/2020,11:42:22,178.4,163.4,450,185.4,75,0,209100
NIFTY25JUN2011500PE.NFO,07/01/2020,11:42:23,178.4,163.4,600,185.4,75,0,209100
NIFTY25JUN2011500PE.NFO,07/01/2020,11:42:24,178.4,163.5,450,185.2,75,0,209100
NIFTY25JUN2011500PE.NFO,07/01/2020,11:42:26,178.4,163.5,600,185.2,75,0,209100
NIFTY25JUN2011500PE.NFO,07/01/2020,11:42:27,178.4,163.6,450,185.2,75,0,209100
NIFTY25JUN2011500PE.NFO,07/01/2020,11:42:28,178.4,163.6,600,185,75,0,209100
NIFTY25JUN2011500PE.NFO,07/01/2020,11:42:30,178.4,163.7,450,185,75,0,209100
NIFTY25JUN2011500PE.NFO,07/01/2020,11:42:31,178.4,163.7,450,184.8,75,0,209100
NIFTY25JUN2011500PE.NFO,07/01/2020,11:42:32,178.4,163.8,450,184.8,75,0,209100
NIFTY25JUN2011500PE.NFO,07/01/2020,11:42:33,178.4,163.8,450,184.6,75,0,209100
NIFTY25JUN2011500PE.NFO,07/01/2020,11:42:34,178.4,163.9,600,184.6,75,0,209100
NIFTY25JUN2011500PE.NFO,07/01/2020,11:42:36,178.4,163.9,600,184.4,75,0,209100
NIFTY25JUN2011500PE.NFO,07/01/2020,11:42:37,178.4,164,600,184.4,75,0,209100
NIFTY25JUN2011500PE.NFO,07/01/2020,11:42:40,178.4,164,600,184.2,75,0,209100
NIFTY25JUN2011500PE.NFO,07/01/2020,11:42:41,178.4,164.1,150,184.2,75,0,209100
NIFTY25JUN2011500PE.NFO,07/01/2020,11:42:43,178.4,164.1,375,184,75,0,209100
NIFTY25JUN2011500PE.NFO,07/01/2020,11:42:47,178.4,152,150,183.8,75,0,209100
NIFTY25JUN2011500PE.NFO,07/01/2020,11:42:48,178.4,152.8,150,183.8,75,0,209100
NIFTY25JUN2011500PE.NFO,07/01/2020,11:42:49,178.4,153.65,150,183.6,75,0,209100
NIFTY25JUN2011500PE.NFO,07/01/2020,11:42:50,178.4,154.25,150,183.6,75,0,209100
NIFTY25JUN2011500PE.NFO,07/01/2020,11:42:51,178.4,154.7,150,183.5,75,0,209100
NIFTY25JUN2011500PE.NFO,07/01/2020,11:42:53,180.1,180,75,183.5,150,75,209100
NIFTY25JUN2011500PE.NFO,07/01/2020,11:42:53,180.1,180,75,183.5,150,0,209100
NIFTY25JUN2011500PE.NFO,07/01/2020,11:42:54,180.1,180,75,183.5,150,0,209100
NIFTY25JUN2011500PE.NFO,07/01/2020,11:42:55,180.1,180,75,183.3,75,0,209100
NIFTY25JUN2011500PE.NFO,07/01/2020,11:42:57,180.1,180,75,183.4,150,0,209100
NIFTY25JUN2011500PE.NFO,07/01/2020,11:42:58,180.1,180,75,183.2,75,0,209100
NIFTY25JUN2011500PE.NFO,07/01/2020,11:43:00,180.1,180,75,183.3,150,0,209100
NIFTY25JUN2011500PE.NFO,07/01/2020,11:43:02,180.1,180,75,183.1,75,0,209100
NIFTY25JUN2011500PE.NFO,07/01/2020,11:43:05,180.1,180,75,183.2,150,0,209100
NIFTY25JUN2011500PE.NFO,07/01/2020,11:43:06,180.1,180,75,183,75,0,209100
NIFTY25JUN2011500PE.NFO,07/01/2020,11:43:08,180.1,180,75,183.1,150,0,209100
NIFTY25JUN2011500PE.NFO,07/01/2020,11:43:09,180.1,180,75,182.9,75,0,209100
NIFTY25JUN2011500PE.NFO,07/01/2020,11:43:11,180.1,180,75,182.9,150,0,209100
NIFTY25JUN2011500PE.NFO,07/01/2020,11:43:12,180.1,180,75,182.9,75,0,209100
NIFTY25JUN2011500PE.NFO,07/01/2020,11:43:15,180.1,180,75,182.8,75,0,209100
NIFTY25JUN2011500PE.NFO,07/01/2020,11:43:17,180.1,180,75,182.7,75,0,209100
NIFTY25JUN2011500PE.NFO,07/01/2020,11:43:19,180.1,180,75,182.7,150,0,209100
NIFTY25JUN2011500PE.NFO,07/01/2020,11:43:20,180.1,180,75,182.7,75,0,209100
NIFTY25JUN2011500PE.NFO,07/01/2020,11:43:21,180.1,180,75,182.8,150,0,209100
NIFTY25JUN2011500PE.NFO,07/01/2020,11:43:23,180.1,180,75,182.6,75,0,209100
NIFTY25JUN2011500PE.NFO,07/01/2020,11:43:24,180.1,180,75,182.6,150,0,209100
NIFTY25JUN2011500PE.NFO,07/01/2020,11:43:25,180.1,180,75,182.6,75,0,209100
NIFTY25JUN2011500PE.NFO,07/01/2020,11:43:28,180.1,180,75,182.5,75,0,209100
NIFTY25JUN2011500PE.NFO,07/01/2020,11:43:30,180.1,180,75,182.4,75,0,209100
NIFTY25JUN2011500PE.NFO,07/01/2020,11:43:32,180.1,180,75,182.3,75,0,209100
NIFTY25JUN2011500PE.NFO,07/01/2020,11:43:36,180.1,180,75,182.2,75,0,209100
NIFTY25JUN2011500PE.NFO,07/01/2020,11:43:38,180.1,180,75,182.1,75,0,209100
NIFTY25JUN2011500PE.NFO,07/01/2020,11:43:40,180.1,180,75,182,75,0,209100
NIFTY25JUN2011500PE.NFO,07/01/2020,11:43:43,180.1,180,75,181.9,75,0,209100
NIFTY25JUN2011500PE.NFO,07/01/2020,11:43:45,180,179,75,181.9,75,75,209100
NIFTY25JUN2011500PE.NFO,07/01/2020,11:43:46,180,179,75,180,75,0,209100
NIFTY25JUN2011500PE.NFO,07/01/2020,11:43:49,179,151.45,150,190,75,75,209100
NIFTY25JUN2011500PE.NFO,07/01/2020,11:43:51,179,152.8,150,190,75,0,209100
NIFTY25JUN2011500PE.NFO,07/01/2020,11:43:52,179,179.1,75,179.9,75,0,209100
NIFTY25JUN2011500PE.NFO,07/01/2020,11:43:56,179,152.15,150,190,75,0,209100
NIFTY25JUN2011500PE.NFO,07/01/2020,11:43:57,179,152.95,150,190,75,0,209100
NIFTY25JUN2011500PE.NFO,07/01/2020,11:43:58,179,153.85,150,190,75,0,209100
NIFTY25JUN2011500PE.NFO,07/01/2020,11:43:58,179,153.95,150,190,75,0,209100
NIFTY25JUN2011500PE.NFO,07/01/2020,11:44:00,179,153,150,189.9,300,0,209100
NIFTY25JUN2011500PE.NFO,07/01/2020,11:44:00,179,153.4,150,189.9,300,0,209100
NIFTY25JUN2011500PE.NFO,07/01/2020,11:44:01,179,154.05,150,189.9,300,0,209100
NIFTY25JUN2011500PE.NFO,07/01/2020,11:44:02,179,154.95,150,189.8,375,0,209100
NIFTY25JUN2011500PE.NFO,07/01/2020,11:44:03,179,155.35,150,189.8,375,0,209100
NIFTY25JUN2011500PE.NFO,07/01/2020,11:44:04,179,154.25,150,189.8,375,0,209100
NIFTY25JUN2011500PE.NFO,07/01/2020,11:44:06,179,155.25,150,189.7,450,0,209100
NIFTY25JUN2011500PE.NFO,07/01/2020,11:44:10,179,155.9,150,189.5,300,0,209100
NIFTY25JUN2011500PE.NFO,07/01/2020,11:44:12,179,156.7,150,189.5,450,0,209100
NIFTY25JUN2011500PE.NFO,07/01/2020,11:44:13,179,157.3,150,189.5,450,0,209100
NIFTY25JUN2011500PE.NFO,07/01/2020,11:44:14,179,158,150,189.4,450,0,209100
NIFTY25JUN2011500PE.NFO,07/01/2020,11:44:15,179,158.8,150,189.4,450,0,209100
NIFTY25JUN2011500PE.NFO,07/01/2020,11:44:16,179,157.5,150,189.4,450,0,209100
NIFTY25JUN2011500PE.NFO,07/01/2020,11:44:18,179,158.75,150,189.3,450,0,209100
NIFTY25JUN2011500PE.NFO,07/01/2020,11:44:19,179,159.35,150,189.3,450,0,209100
NIFTY25JUN2011500PE.NFO,07/01/2020,11:44:20,179,159.05,150,189.2,450,0,209100
NIFTY25JUN2011500PE.NFO,07/01/2020,11:44:21,179,159,150,189.2,450,0,209100
NIFTY25JUN2011500PE.NFO,07/01/2020,11:44:22,179,159.05,150,189.2,450,0,209100
NIFTY25JUN2011500PE.NFO,07/01/2020,11:44:23,179,159.35,150,189.1,450,0,209100
NIFTY25JUN2011500PE.NFO,07/01/2020,11:44:24,179,159.2,150,189.1,375,0,209100
NIFTY25JUN2011500PE.NFO,07/01/2020,11:44:25,179,159.3,150,189.1,375,0,209100
NIFTY25JUN2011500PE.NFO,07/01/2020,11:44:26,179,159.3,150,189,375,0,209100
NIFTY25JUN2011500PE.NFO,07/01/2020,11:44:27,179,159.45,150,189,450,0,209100
NIFTY25JUN2011500PE.NFO,07/01/2020,11:44:28,179,159.45,150,188.9,75,0,209100
NIFTY25JUN2011500PE.NFO,07/01/2020,11:44:30,179,159.6,150,188.9,450,0,209100
NIFTY25JUN2011500PE.NFO,07/01/2020,11:44:32,179,159.6,150,188.8,375,0,209100
NIFTY25JUN2011500PE.NFO,07/01/2020,11:44:33,179,159.75,150,188.8,375,0,209100
NIFTY25JUN2011500PE.NFO,07/01/2020,11:44:34,179,159.75,150,188.7,375,0,209100
NIFTY25JUN2011500PE.NFO,07/01/2020,11:44:36,179,159.9,150,188.7,375,0,209100
NIFTY25JUN2011500PE.NFO,07/01/2020,11:44:37,179,159.9,150,188.6,375,0,209100
NIFTY25JUN2011500PE.NFO,07/01/2020,11:44:39,179,160.05,150,188.6,375,0,209100
NIFTY25JUN2011500PE.NFO,07/01/2020,11:44:40,179,160.05,150,188.5,375,0,209100
NIFTY25JUN2011500PE.NFO,07/01/2020,11:44:42,179,160.2,150,188.5,375,0,209100
NIFTY25JUN2011500PE.NFO,07/01/2020,11:44:43,179,160.2,150,188.4,375,0,209100
NIFTY25JUN2011500PE.NFO,07/01/2020,11:44:44,179,160.3,75,188.4,375,0,209100
NIFTY25JUN2011500PE.NFO,07/01/2020,11:44:45,179,160.35,150,188.3,375,0,209100
NIFTY25JUN2011500PE.NFO,07/01/2020,11:44:48,179,160.5,150,188.3,375,0,209100
NIFTY25JUN2011500PE.NFO,07/01/2020,11:44:49,179,160.5,150,188.2,375,0,209100
NIFTY25JUN2011500PE.NFO,07/01/2020,11:44:50,179,160.6,225,188.2,375,0,209100
NIFTY25JUN2011500PE.NFO,07/01/2020,11:44:51,179,160.65,150,188.2,375,0,209100
NIFTY25JUN2011500PE.NFO,07/01/2020,11:44:52,179,160.65,150,188.1,375,0,209100
NIFTY25JUN2011500PE.NFO,07/01/2020,11:44:53,179,179.1,75,188.1,375,0,209100
NIFTY25JUN2011500PE.NFO,07/01/2020,11:44:54,179,179.1,75,188,75,0,209100
NIFTY25JUN2011500PE.NFO,07/01/2020,11:44:56,179,179.1,75,188,375,0,209100
NIFTY25JUN2011500PE.NFO,07/01/2020,11:44:58,179,179.1,75,187.9,375,0,209100
NIFTY25JUN2011500PE.NFO,07/01/2020,11:45:02,179,179.1,75,187.8,375,0,209100
NIFTY25JUN2011500PE.NFO,07/01/2020,11:45:05,179,179.1,75,187.7,375,0,209100
NIFTY25JUN2011500PE.NFO,07/01/2020,11:45:07,179,179.1,75,187.6,375,0,209100
NIFTY25JUN2011500PE.NFO,07/01/2020,11:45:10,179,179.1,75,187.5,375,0,209100
NIFTY25JUN2011500PE.NFO,07/01/2020,11:45:12,179,179.1,75,187.4,375,0,209100
NIFTY25JUN2011500PE.NFO,07/01/2020,11:45:15,179,179.1,75,187.3,375,0,209100
NIFTY25JUN2011500PE.NFO,07/01/2020,11:45:18,179,179.1,75,187.2,375,0,209100
NIFTY25JUN2011500PE.NFO,07/01/2020,11:45:21,179,179.1,75,187.1,225,0,209100
NIFTY25JUN2011500PE.NFO,07/01/2020,11:45:23,179,179.1,75,187,225,0,209100
NIFTY25JUN2011500PE.NFO,07/01/2020,11:45:27,179,179.1,75,190,75,0,209100
NIFTY25JUN2011500PE.NFO,07/01/2020,11:45:29,179,179.1,75,186.95,75,0,209100
NIFTY25JUN2011500PE.NFO,07/01/2020,11:45:32,179,179.1,75,189.9,150,0,209100
NIFTY25JUN2011500PE.NFO,07/01/2020,11:45:33,179,179.1,75,186.85,150,0,209100
NIFTY25JUN2011500PE.NFO,07/01/2020,11:45:35,179,179.1,75,186.85,75,0,209100
NIFTY25JUN2011500PE.NFO,07/01/2020,11:45:36,179,179.1,75,186.75,75,0,209100
NIFTY25JUN2011500PE.NFO,07/01/2020,11:45:37,179,179.1,75,186.75,225,0,209100
NIFTY25JUN2011500PE.NFO,07/01/2020,11:45:39,179,179.1,75,186.75,150,0,209100
NIFTY25JUN2011500PE.NFO,07/01/2020,11:45:40,179,179.1,75,186.65,150,0,209100
NIFTY25JUN2011500PE.NFO,07/01/2020,11:45:42,179,179.1,75,186.65,225,0,209100
NIFTY25JUN2011500PE.NFO,07/01/2020,11:45:43,179,179.1,75,186.55,150,0,209100
NIFTY25JUN2011500PE.NFO,07/01/2020,11:45:46,179,179.1,75,186.45,150,0,209100
NIFTY25JUN2011500PE.NFO,07/01/2020,11:45:49,179,179.1,75,186.35,150,0,209100
NIFTY25JUN2011500PE.NFO,07/01/2020,11:45:51,179,179.1,75,186.25,150,0,209100
NIFTY25JUN2011500PE.NFO,07/01/2020,11:45:53,179,179.1,75,186.15,150,0,209100
NIFTY25JUN2011500PE.NFO,07/01/2020,11:45:56,179,179.1,75,186.05,150,0,209100
NIFTY25JUN2011500PE.NFO,07/01/2020,11:45:58,179,179.1,75,185.95,150,0,209100
NIFTY25JUN2011500PE.NFO,07/01/2020,11:46:01,179,179.1,75,185.85,150,0,209100
NIFTY25JUN2011500PE.NFO,07/01/2020,11:46:04,179,179.1,75,185.75,150,0,209100
NIFTY25JUN2011500PE.NFO,07/01/2020,11:46:06,179,179.1,75,185.65,150,0,209100
NIFTY25JUN2011500PE.NFO,07/01/2020,11:46:08,179,179.1,75,185.55,150,0,209100
NIFTY25JUN2011500PE.NFO,07/01/2020,11:46:11,179,179.1,75,185.45,150,0,209100
NIFTY25JUN2011500PE.NFO,07/01/2020,11:46:13,179,179.1,75,185.35,150,0,209100
NIFTY25JUN2011500PE.NFO,07/01/2020,11:46:16,179,179.1,75,185.25,150,0,209100
NIFTY25JUN2011500PE.NFO,07/01/2020,11:46:19,179,179.1,75,185.15,150,0,209100
NIFTY25JUN2011500PE.NFO,07/01/2020,11:46:21,179,179.1,75,185.05,150,0,209100
NIFTY25JUN2011500PE.NFO,07/01/2020,11:46:24,179,179.1,75,184.95,150,0,209100
NIFTY25JUN2011500PE.NFO,07/01/2020,11:46:25,179,179.1,75,184.85,150,0,209100
NIFTY25JUN2011500PE.NFO,07/01/2020,11:46:28,179,179.1,75,184.75,150,0,209100
NIFTY25JUN2011500PE.NFO,07/01/2020,11:46:30,179,179.1,75,184.65,150,0,209100
NIFTY25JUN2011500PE.NFO,07/01/2020,11:46:33,179,179.1,75,184.55,150,0,209100
NIFTY25JUN2011500PE.NFO,07/01/2020,11:46:35,179,179.1,75,184.45,150,0,209100
NIFTY25JUN2011500PE.NFO,07/01/2020,11:46:37,179,179.1,75,184.35,150,0,209100
NIFTY25JUN2011500PE.NFO,07/01/2020,11:46:40,179,179.1,75,184.25,150,0,209100
NIFTY25JUN2011500PE.NFO,07/01/2020,11:46:42,179,179.1,75,184.15,150,0,209100
NIFTY25JUN2011500PE.NFO,07/01/2020,11:46:45,179,179.1,75,190,75,0,209100
NIFTY25JUN2011500PE.NFO,07/01/2020,11:46:48,179,179.1,75,189.9,375,0,209100
NIFTY25JUN2011500PE.NFO,07/01/2020,11:46:50,179,179.1,75,189.9,450,0,209100
NIFTY25JUN2011500PE.NFO,07/01/2020,11:46:51,179,179.1,75,189.8,375,0,209100
NIFTY25JUN2011500PE.NFO,07/01/2020,11:46:52,179,179.1,75,189,75,0,209100
NIFTY25JUN2011500PE.NFO,07/01/2020,11:46:56,179,179.1,75,188.9,300,0,209100
NIFTY25JUN2011500PE.NFO,07/01/2020,11:46:57,179,179.1,75,188.9,375,0,209100
NIFTY25JUN2011500PE.NFO,07/01/2020,11:46:58,179,179.1,75,188.8,300,0,209100
NIFTY25JUN2011500PE.NFO,07/01/2020,11:47:00,179,179.1,75,188.8,375,0,209100
NIFTY25JUN2011500PE.NFO,07/01/2020,11:47:02,179,179.1,75,188.7,300,0,209100
NIFTY25JUN2011500PE.NFO,07/01/2020,11:47:03,179,179.1,75,188.7,375,0,209100
NIFTY25JUN2011500PE.NFO,07/01/2020,11:47:04,179,179.1,75,188.6,300,0,209100
NIFTY25JUN2011500PE.NFO,07/01/2020,11:47:05,179,179.1,75,188.6,375,0,209100
NIFTY25JUN2011500PE.NFO,07/01/2020,11:47:06,179,179.1,75,188.5,300,0,209100
NIFTY25JUN2011500PE.NFO,07/01/2020,11:47:07,179,179.1,75,188.5,375,0,209100
NIFTY25JUN2011500PE.NFO,07/01/2020,11:47:08,179,179.1,75,188.4,300,0,209100
NIFTY25JUN2011500PE.NFO,07/01/2020,11:47:10,179,179.1,75,188.4,375,0,209100
NIFTY25JUN2011500PE.NFO,07/01/2020,11:47:11,179,179.1,75,188.3,300,0,209100
NIFTY25JUN2011500PE.NFO,07/01/2020,11:47:12,179,179.1,75,188.3,375,0,209100
NIFTY25JUN2011500PE.NFO,07/01/2020,11:47:13,179,179.1,75,188.2,225,0,209100
NIFTY25JUN2011500PE.NFO,07/01/2020,11:47:14,179,179.1,75,188.2,375,0,209100
NIFTY25JUN2011500PE.NFO,07/01/2020,11:47:17,179,179.1,75,188.1,375,0,209100
NIFTY25JUN2011500PE.NFO,07/01/2020,11:47:19,179,179.1,75,188,225,0,209100
NIFTY25JUN2011500PE.NFO,07/01/2020,11:47:20,179,179.1,75,188,375,0,209100
NIFTY25JUN2011500PE.NFO,07/01/2020,11:47:21,179,179.1,75,187.9,225,0,209100
NIFTY25JUN2011500PE.NFO,07/01/2020,11:47:22,179,179.1,75,187.9,375,0,209100
NIFTY25JUN2011500PE.NFO,07/01/2020,11:47:24,179,179.1,75,187.8,375,0,209100
NIFTY25JUN2011500PE.NFO,07/01/2020,11:47:27,179,179.1,75,187.7,375,0,209100
NIFTY25JUN2011500PE.NFO,07/01/2020,11:47:30,179,179.1,75,187.6,225,0,209100
NIFTY25JUN2011500PE.NFO,07/01/2020,11:47:33,179,179.1,75,187.5,225,0,209100
NIFTY25JUN2011500PE.NFO,07/01/2020,11:47:36,179,179.1,75,187.4,225,0,209100
NIFTY25JUN2011500PE.NFO,07/01/2020,11:47:38,179,179.1,75,187.3,225,0,209100
NIFTY25JUN2011500PE.NFO,07/01/2020,11:47:41,179,179.1,75,187.2,225,0,209100
NIFTY25JUN2011500PE.NFO,07/01/2020,11:47:43,179,179.1,75,187.1,225,0,209100
NIFTY25JUN2011500PE.NFO,07/01/2020,11:47:44,179,179.1,75,187.1,150,0,209100
NIFTY25JUN2011500PE.NFO,07/01/2020,11:47:46,179,179.1,75,187,150,0,209100
NIFTY25JUN2011500PE.NFO,07/01/2020,11:47:50,179,179.1,75,186.9,150,0,209100
NIFTY25JUN2011500PE.NFO,07/01/2020,11:47:53,179,179.1,75,186.8,150,0,209100
NIFTY25JUN2011500PE.NFO,07/01/2020,11:47:54,179,179.15,75,186.8,150,0,209100
NIFTY25JUN2011500PE.NFO,07/01/2020,11:47:56,179,179.15,75,186.7,150,0,209100
NIFTY25JUN2011500PE.NFO,07/01/2020,11:47:59,179,179.15,75,180.2,750,0,209100
NIFTY25JUN2011500PE.NFO,07/01/2020,11:48:01,179,179.15,75,180.25,750,0,209100
NIFTY25JUN2011500PE.NFO,07/01/2020,11:48:05,179,179.15,75,180.2,750,0,209100
NIFTY25JUN2011500PE.NFO,07/01/2020,11:48:06,179,179.15,75,180.25,750,0,209100
NIFTY25JUN2011500PE.NFO,07/01/2020,11:48:08,178.9,177.05,75,179.15,750,525,209100
NIFTY25JUN2011500PE.NFO,07/01/2020,11:48:09,178.9,177.05,75,179.15,750,0,209100
NIFTY25JUN2011500PE.NFO,07/01/2020,11:48:11,178.9,177.05,75,179.4,750,0,209100
NIFTY25JUN2011500PE.NFO,07/01/2020,11:48:14,178.9,177.05,75,179.2,750,0,209100
NIFTY25JUN2011500PE.NFO,07/01/2020,11:48:17,178.9,177.05,75,179.45,750,0,209100
NIFTY25JUN2011500PE.NFO,07/01/2020,11:48:18,178.9,177.05,75,179.5,750,0,209100
NIFTY25JUN2011500PE.NFO,07/01/2020,11:48:19,178.9,177.05,75,179.2,750,0,209100
NIFTY25JUN2011500PE.NFO,07/01/2020,11:48:20,178.9,177.05,75,179.55,750,0,209100
NIFTY25JUN2011500PE.NFO,07/01/2020,11:48:23,178.9,177.05,75,179.4,750,0,209100
NIFTY25JUN2011500PE.NFO,07/01/2020,11:48:27,178.9,177.05,75,179.2,750,0,209100
NIFTY25JUN2011500PE.NFO,07/01/2020,11:48:28,178.9,177.05,75,179.15,750,0,209100
NIFTY25JUN2011500PE.NFO,07/01/2020,11:48:29,178.9,177.05,75,178.85,750,0,209100
NIFTY25JUN2011500PE.NFO,07/01/2020,11:48:33,178.9,177.05,75,179,750,0,209100
NIFTY25JUN2011500PE.NFO,07/01/2020,11:48:34,178.9,177.05,75,178.9,750,0,209100
NIFTY25JUN2011500PE.NFO,07/01/2020,11:48:35,178.9,177.05,75,180.45,750,0,209100
NIFTY25JUN2011500PE.NFO,07/01/2020,11:48:38,178.9,177.05,75,181,750,0,209100
NIFTY25JUN2011500PE.NFO,07/01/2020,11:48:39,178.9,177.05,75,180.9,750,0,209100
NIFTY25JUN2011500PE.NFO,07/01/2020,11:48:41,178.9,177.05,75,181,750,0,209100
NIFTY25JUN2011500PE.NFO,07/01/2020,11:48:49,178.9,177.05,75,180.95,750,0,209100
NIFTY25JUN2011500PE.NFO,07/01/2020,11:48:50,178.9,177.05,75,181,750,0,209100
NIFTY25JUN2011500PE.NFO,07/01/2020,11:48:57,178.9,177.05,75,180.8,750,0,209100
NIFTY25JUN2011500PE.NFO,07/01/2020,11:48:58,178.9,177.05,75,180.75,750,0,209100
NIFTY25JUN2011500PE.NFO,07/01/2020,11:49:11,178.9,177.05,75,180.7,750,0,209100
NIFTY25JUN2011500PE.NFO,07/01/2020,11:49:13,178.9,177.05,75,180.65,750,0,209100
NIFTY25JUN2011500PE.NFO,07/01/2020,11:49:17,178.9,177.05,75,180.75,750,0,209100
NIFTY25JUN2011500PE.NFO,07/01/2020,11:49:20,178.9,177.05,75,180.9,750,0,209100
NIFTY25JUN2011500PE.NFO,07/01/2020,11:49:21,178.9,177.05,75,180.95,750,0,209100
NIFTY25JUN2011500PE.NFO,07/01/2020,11:49:23,178.9,177.05,75,180.75,750,0,209100
NIFTY25JUN2011500PE.NFO,07/01/2020,11:49:25,178.9,177.05,75,180.8,750,0,209100
NIFTY25JUN2011500PE.NFO,07/01/2020,11:49:26,178.9,177.05,75,180.75,750,0,209100
NIFTY25JUN2011500PE.NFO,07/01/2020,11:49:28,178.9,177.05,75,180.85,750,0,209100
NIFTY25JUN2011500PE.NFO,07/01/2020,11:49:29,178.9,177.05,75,180.75,750,0,209100
NIFTY25JUN2011500PE.NFO,07/01/2020,11:49:31,178.9,177.05,75,180.5,750,0,209100
NIFTY25JUN2011500PE.NFO,07/01/2020,11:49:34,178.9,177.05,75,180.55,750,0,209100
NIFTY25JUN2011500PE.NFO,07/01/2020,11:49:37,178.9,177.05,75,180.7,750,0,209100
NIFTY25JUN2011500PE.NFO,07/01/2020,11:49:40,178.9,177.05,75,180.75,750,0,209100
NIFTY25JUN2011500PE.NFO,07/01/2020,11:49:42,178.9,177.05,75,180.6,750,0,209100
