Ticker,Date,Time,LTP,BuyPrice,BuyQty,SellPrice,SellQty,LTQ,OpenInterest
NIITTECH30Jan201720CE.NFO,07/01/2020,09:16:14,15.05,14.6,375,17.9,375,375,33750
NIITTECH30Jan201720CE.NFO,07/01/2020,09:16:14,15.05,14.6,375,17.9,375,0,33750
NIITTECH30Jan201720CE.NFO,07/01/2020,09:16:14,15.05,14.6,375,17.9,375,0,33750
NIITTECH30Jan201720CE.NFO,07/01/2020,09:16:14,15.05,14.6,375,17.9,375,0,33750
NIITTECH30Jan201720CE.NFO,07/01/2020,09:16:25,15.05,14.6,375,17.95,750,0,33750
NIITTECH30Jan201720CE.NFO,07/01/2020,09:16:35,15.05,14.6,375,16.95,750,0,33750
NIITTECH30Jan201720CE.NFO,07/01/2020,09:16:45,15.05,14.15,375,16.95,750,0,33750
NIITTECH30Jan201720CE.NFO,07/01/2020,09:16:55,14.15,14,375,16.95,750,375,33750
NIITTECH30Jan201720CE.NFO,07/01/2020,09:16:55,14.15,14,375,16.95,750,0,33750
NIITTECH30Jan201720CE.NFO,07/01/2020,09:17:04,14.15,14,375,16.45,750,0,33750
NIITTECH30Jan201720CE.NFO,07/01/2020,09:17:23,14.15,14,375,16,750,0,33750
NIITTECH30Jan201720CE.NFO,07/01/2020,09:17:55,14,12.2,375,15.75,750,375,34125
NIITTECH30Jan201720CE.NFO,07/01/2020,09:17:55,14,12.2,375,15.75,750,0,34125
NIITTECH30Jan201720CE.NFO,07/01/2020,09:18:04,14,12.05,375,15.45,750,0,34125
NIITTECH30Jan201720CE.NFO,07/01/2020,09:18:14,14,14,375,16,375,0,34125
NIITTECH30Jan201720CE.NFO,07/01/2020,09:18:58,14,14,375,15.9,375,0,34125
NIITTECH30Jan201720CE.NFO,07/01/2020,09:19:07,14,14,375,15.7,375,0,34125
NIITTECH30Jan201720CE.NFO,07/01/2020,09:19:16,14,14,375,15.9,375,0,34125
NIITTECH30Jan201720CE.NFO,07/01/2020,09:19:24,14,14,375,16,375,0,34125
NIITTECH30Jan201720CE.NFO,07/01/2020,09:19:41,14,14.05,375,16.5,375,0,34125
NIITTECH30Jan201720CE.NFO,07/01/2020,09:19:49,14,14.3,375,16.5,375,0,34125
NIITTECH30Jan201720CE.NFO,07/01/2020,09:19:57,14,14,375,15.5,375,0,34125
NIITTECH30Jan201720CE.NFO,07/01/2020,09:20:05,14,14.05,375,15.5,375,0,34125
NIITTECH30Jan201720CE.NFO,07/01/2020,09:20:13,15.5,14.05,375,16.55,750,375,34125
NIITTECH30Jan201720CE.NFO,07/01/2020,09:20:13,15.5,14.05,375,16.55,750,0,34125
NIITTECH30Jan201720CE.NFO,07/01/2020,09:20:20,15.5,14.55,375,16.55,375,0,34125
NIITTECH30Jan201720CE.NFO,07/01/2020,09:20:28,15.5,14.4,375,16.75,375,0,34125
NIITTECH30Jan201720CE.NFO,07/01/2020,09:20:36,15.5,14.65,375,16.8,375,0,34125
NIITTECH30Jan201720CE.NFO,07/01/2020,09:20:43,15.5,14,375,16.5,375,0,34125
NIITTECH30Jan201720CE.NFO,07/01/2020,09:20:51,15.5,14.05,375,16.4,375,0,34125
NIITTECH30Jan201720CE.NFO,07/01/2020,09:20:58,15.5,15.5,375,17,750,0,34125
NIITTECH30Jan201720CE.NFO,07/01/2020,09:21:07,15.5,14.05,375,16,375,375,34125
NIITTECH30Jan201720CE.NFO,07/01/2020,09:21:15,15.5,14.05,375,16.1,750,0,34125
NIITTECH30Jan201720CE.NFO,07/01/2020,09:21:30,15.5,14.05,375,15.85,750,0,34125
NIITTECH30Jan201720CE.NFO,07/01/2020,09:21:38,15.5,14.05,375,15.75,750,0,34125
NIITTECH30Jan201720CE.NFO,07/01/2020,09:21:46,15.5,14.05,375,15.5,375,0,34125
NIITTECH30Jan201720CE.NFO,07/01/2020,09:22:01,15.5,14.1,375,15.5,375,0,34125
NIITTECH30Jan201720CE.NFO,07/01/2020,09:22:26,15.5,14.05,375,15.5,375,0,34125
NIITTECH30Jan201720CE.NFO,07/01/2020,09:22:47,15.5,14.05,375,15.45,375,0,34125
NIITTECH30Jan201720CE.NFO,07/01/2020,09:23:01,14.05,12.65,375,15.3,375,375,34125
NIITTECH30Jan201720CE.NFO,07/01/2020,09:23:09,14.05,12.55,375,15.2,375,0,34125
NIITTECH30Jan201720CE.NFO,07/01/2020,09:23:17,14.05,12.15,375,14.9,375,0,34125
NIITTECH30Jan201720CE.NFO,07/01/2020,09:23:23,14.05,12.4,375,15.1,375,0,34125
NIITTECH30Jan201720CE.NFO,07/01/2020,09:23:30,14.05,12.95,375,15,375,0,34125
NIITTECH30Jan201720CE.NFO,07/01/2020,09:23:36,14.05,12.65,375,15.25,375,0,34125
NIITTECH30Jan201720CE.NFO,07/01/2020,09:23:42,14.05,12.7,375,15.4,375,0,34125
NIITTECH30Jan201720CE.NFO,07/01/2020,09:23:49,14.05,12.7,375,15.35,375,0,34125
NIITTECH30Jan201720CE.NFO,07/01/2020,09:23:55,14.05,12.55,375,15.4,375,0,34125
NIITTECH30Jan201720CE.NFO,07/01/2020,09:24:02,14.05,12.65,750,15.35,375,0,34125
NIITTECH30Jan201720CE.NFO,07/01/2020,09:24:09,14.05,12.65,375,14.05,750,0,34125
NIITTECH30Jan201720CE.NFO,07/01/2020,09:24:16,14.05,12.2,375,14.05,750,0,34125
NIITTECH30Jan201720CE.NFO,07/01/2020,09:24:30,14.05,12.05,375,14.05,375,375,34500
NIITTECH30Jan201720CE.NFO,07/01/2020,09:24:36,14.05,12.05,375,14.05,375,0,34500
NIITTECH30Jan201720CE.NFO,07/01/2020,09:24:55,14.05,12.3,375,14.05,375,0,34500
NIITTECH30Jan201720CE.NFO,07/01/2020,09:25:02,14.05,12.4,375,14.5,375,375,34500
NIITTECH30Jan201720CE.NFO,07/01/2020,09:25:09,14.05,13.5,375,14.5,375,0,34500
NIITTECH30Jan201720CE.NFO,07/01/2020,09:25:17,14.5,13.75,375,15.65,750,375,34500
NIITTECH30Jan201720CE.NFO,07/01/2020,09:25:24,14.5,14,375,15.65,375,0,34500
NIITTECH30Jan201720CE.NFO,07/01/2020,09:25:37,14.5,14,375,15.7,375,0,34500
NIITTECH30Jan201720CE.NFO,07/01/2020,09:25:59,14.5,13.6,375,15.45,375,0,34500
NIITTECH30Jan201720CE.NFO,07/01/2020,09:26:09,14.5,13.6,375,15.45,750,0,34500
NIITTECH30Jan201720CE.NFO,07/01/2020,09:26:17,14.5,13.6,375,15.35,750,0,34500
NIITTECH30Jan201720CE.NFO,07/01/2020,09:26:23,14.5,13.5,375,15.3,750,0,34500
NIITTECH30Jan201720CE.NFO,07/01/2020,09:26:29,14.5,13.5,375,15.15,750,0,34500
NIITTECH30Jan201720CE.NFO,07/01/2020,09:26:36,14.5,13.5,375,15.1,750,0,34500
NIITTECH30Jan201720CE.NFO,07/01/2020,09:26:43,14.5,13.5,375,15,375,0,34500
NIITTECH30Jan201720CE.NFO,07/01/2020,09:26:49,14,13.5,375,15.05,375,375,34500
NIITTECH30Jan201720CE.NFO,07/01/2020,09:26:54,14,13.55,375,15.1,375,0,34500
NIITTECH30Jan201720CE.NFO,07/01/2020,09:27:16,14,13.5,375,15.4,750,0,34500
NIITTECH30Jan201720CE.NFO,07/01/2020,09:27:23,14,13.5,375,15.35,750,0,34500
NIITTECH30Jan201720CE.NFO,07/01/2020,09:27:30,14,13.5,375,15.35,375,0,34500
NIITTECH30Jan201720CE.NFO,07/01/2020,09:27:36,14,13.5,375,15.45,375,0,34500
NIITTECH30Jan201720CE.NFO,07/01/2020,09:27:47,14,13.5,750,15.7,375,0,34500
NIITTECH30Jan201720CE.NFO,07/01/2020,09:27:54,14,13.95,375,15.75,375,0,34500
NIITTECH30Jan201720CE.NFO,07/01/2020,09:28:10,14,13.9,375,15.75,1125,0,34500
NIITTECH30Jan201720CE.NFO,07/01/2020,09:28:17,14,13.5,375,15.65,750,0,34500
NIITTECH30Jan201720CE.NFO,07/01/2020,09:28:24,14,13.5,375,15.55,375,0,34500
NIITTECH30Jan201720CE.NFO,07/01/2020,09:28:30,14,14,375,15.75,375,0,34500
NIITTECH30Jan201720CE.NFO,07/01/2020,09:28:42,14,14.1,375,15.75,375,0,34500
NIITTECH30Jan201720CE.NFO,07/01/2020,09:28:47,14,14.05,375,15.75,375,0,34500
NIITTECH30Jan201720CE.NFO,07/01/2020,09:28:53,14,14.1,375,15.75,375,0,34500
NIITTECH30Jan201720CE.NFO,07/01/2020,09:28:59,14,14.2,375,15.75,375,0,34500
NIITTECH30Jan201720CE.NFO,07/01/2020,09:29:05,14,14.25,375,16.1,375,0,34500
NIITTECH30Jan201720CE.NFO,07/01/2020,09:29:11,14,13.7,375,16.1,750,0,34500
NIITTECH30Jan201720CE.NFO,07/01/2020,09:29:18,14,13.6,375,15.6,375,0,34500
NIITTECH30Jan201720CE.NFO,07/01/2020,09:29:30,14,13.5,375,15.6,375,0,34500
NIITTECH30Jan201720CE.NFO,07/01/2020,09:29:36,14,13.5,375,15.55,750,0,34500
NIITTECH30Jan201720CE.NFO,07/01/2020,09:29:48,14,13.55,375,15.65,375,0,34500
NIITTECH30Jan201720CE.NFO,07/01/2020,09:29:54,14,13.65,375,15.65,375,0,34500
NIITTECH30Jan201720CE.NFO,07/01/2020,09:30:04,14,13.65,375,15.6,375,0,34500
NIITTECH30Jan201720CE.NFO,07/01/2020,09:30:10,14,13.7,375,15.65,375,0,34500
NIITTECH30Jan201720CE.NFO,07/01/2020,09:30:21,14,13.5,375,15.25,375,0,34500
NIITTECH30Jan201720CE.NFO,07/01/2020,09:30:27,14,13.5,375,15.35,375,0,34500
NIITTECH30Jan201720CE.NFO,07/01/2020,09:30:33,14,13.5,375,15.3,750,0,34500
NIITTECH30Jan201720CE.NFO,07/01/2020,09:30:38,14,13.65,375,15.4,375,0,34500
NIITTECH30Jan201720CE.NFO,07/01/2020,09:30:59,14,14.25,375,15.5,375,0,34500
NIITTECH30Jan201720CE.NFO,07/01/2020,09:31:10,14,14.25,375,15.55,375,0,34500
NIITTECH30Jan201720CE.NFO,07/01/2020,09:31:16,14,14.25,375,15.9,375,0,34500
NIITTECH30Jan201720CE.NFO,07/01/2020,09:31:22,14,14.25,750,15.9,375,0,34500
NIITTECH30Jan201720CE.NFO,07/01/2020,09:31:27,14,14.4,375,16.25,375,0,34500
NIITTECH30Jan201720CE.NFO,07/01/2020,09:31:33,14,14.55,375,16.25,375,0,34500
NIITTECH30Jan201720CE.NFO,07/01/2020,09:31:39,14,15.35,375,17.1,375,0,34500
NIITTECH30Jan201720CE.NFO,07/01/2020,09:31:44,14,15.8,375,17.35,375,0,34500
NIITTECH30Jan201720CE.NFO,07/01/2020,09:31:50,14,15.65,375,17.45,375,0,34500
NIITTECH30Jan201720CE.NFO,07/01/2020,09:31:55,14,16.55,375,18,375,0,34500
NIITTECH30Jan201720CE.NFO,07/01/2020,09:32:01,14,16.4,375,17.85,375,0,34500
NIITTECH30Jan201720CE.NFO,07/01/2020,09:32:08,14,16.05,375,17.85,750,0,34500
NIITTECH30Jan201720CE.NFO,07/01/2020,09:32:15,14,15.7,375,17.55,750,0,34500
NIITTECH30Jan201720CE.NFO,07/01/2020,09:32:22,14,15.85,375,17.55,750,0,34500
NIITTECH30Jan201720CE.NFO,07/01/2020,09:32:29,14,15.8,375,17.55,750,0,34500
NIITTECH30Jan201720CE.NFO,07/01/2020,09:32:35,14,15.7,375,17.55,750,0,34500
NIITTECH30Jan201720CE.NFO,07/01/2020,09:32:41,14,15.5,375,17.35,375,0,34500
NIITTECH30Jan201720CE.NFO,07/01/2020,09:32:47,14,15.65,375,17.35,375,0,34500
NIITTECH30Jan201720CE.NFO,07/01/2020,09:32:54,14,15.8,375,17.3,375,0,34500
NIITTECH30Jan201720CE.NFO,07/01/2020,09:32:59,14,16,375,17.7,375,0,34500
NIITTECH30Jan201720CE.NFO,07/01/2020,09:33:05,14,16.65,375,17.95,375,0,34500
NIITTECH30Jan201720CE.NFO,07/01/2020,09:33:11,14,16.1,375,17.85,375,0,34500
NIITTECH30Jan201720CE.NFO,07/01/2020,09:33:18,14,16.15,375,17.85,375,0,34500
NIITTECH30Jan201720CE.NFO,07/01/2020,09:33:30,14,16.6,375,17.95,375,0,34500
NIITTECH30Jan201720CE.NFO,07/01/2020,09:33:36,17.95,16.65,375,18,375,375,34125
NIITTECH30Jan201720CE.NFO,07/01/2020,09:33:36,17.95,16.65,375,18,375,0,34125
NIITTECH30Jan201720CE.NFO,07/01/2020,09:33:41,17.95,16.2,375,18,750,0,34125
NIITTECH30Jan201720CE.NFO,07/01/2020,09:33:47,17.95,16.2,375,17.9,375,0,34125
NIITTECH30Jan201720CE.NFO,07/01/2020,09:34:19,17.95,15.7,375,17.45,375,0,34125
NIITTECH30Jan201720CE.NFO,07/01/2020,09:34:26,17.95,15.7,750,17.4,375,0,34125
NIITTECH30Jan201720CE.NFO,07/01/2020,09:34:32,17.95,15.8,375,17.4,375,0,34125
NIITTECH30Jan201720CE.NFO,07/01/2020,09:34:39,17.95,15.3,375,17.1,375,0,34125
NIITTECH30Jan201720CE.NFO,07/01/2020,09:34:45,17.95,15.7,375,17.4,375,0,34125
NIITTECH30Jan201720CE.NFO,07/01/2020,09:34:50,17.95,15.7,375,17.35,375,0,34125
NIITTECH30Jan201720CE.NFO,07/01/2020,09:34:56,17.95,15.7,375,17.65,750,0,34125
NIITTECH30Jan201720CE.NFO,07/01/2020,09:35:01,17.95,16.05,375,17.8,375,0,34125
NIITTECH30Jan201720CE.NFO,07/01/2020,09:35:06,17.95,16.05,375,17.8,750,0,34125
NIITTECH30Jan201720CE.NFO,07/01/2020,09:35:12,17.95,16.05,375,17.85,375,0,34125
NIITTECH30Jan201720CE.NFO,07/01/2020,09:35:18,17.95,16.05,375,17.9,750,0,34125
NIITTECH30Jan201720CE.NFO,07/01/2020,09:35:23,17.95,16.15,375,17.95,375,0,34125
NIITTECH30Jan201720CE.NFO,07/01/2020,09:35:28,17.95,16.6,375,17.95,375,0,34125
NIITTECH30Jan201720CE.NFO,07/01/2020,09:35:34,17.95,16.5,375,17.95,375,0,34125
NIITTECH30Jan201720CE.NFO,07/01/2020,09:35:41,17.95,16.2,375,17.85,375,0,34125
NIITTECH30Jan201720CE.NFO,07/01/2020,09:35:49,17.95,16.2,375,17.85,750,0,34125
NIITTECH30Jan201720CE.NFO,07/01/2020,09:35:57,17.95,16.2,375,17.9,375,0,34125
NIITTECH30Jan201720CE.NFO,07/01/2020,09:36:10,17.95,16.2,375,17.8,375,0,34125
NIITTECH30Jan201720CE.NFO,07/01/2020,09:36:16,17.95,16.5,375,17.8,375,0,34125
NIITTECH30Jan201720CE.NFO,07/01/2020,09:36:22,16.5,15.75,375,17.7,375,375,34125
NIITTECH30Jan201720CE.NFO,07/01/2020,09:36:28,16.5,15.75,375,17.4,750,0,34125
NIITTECH30Jan201720CE.NFO,07/01/2020,09:36:34,16.5,15.75,375,17.4,375,0,34125
NIITTECH30Jan201720CE.NFO,07/01/2020,09:36:39,16.5,15.85,750,17.5,375,0,34125
NIITTECH30Jan201720CE.NFO,07/01/2020,09:36:44,16.5,15.85,375,17.2,375,0,34125
NIITTECH30Jan201720CE.NFO,07/01/2020,09:36:50,16.5,15.35,375,17.15,375,0,34125
NIITTECH30Jan201720CE.NFO,07/01/2020,09:36:56,16.5,15.45,375,17.2,750,0,34125
NIITTECH30Jan201720CE.NFO,07/01/2020,09:37:01,16.5,15.45,375,17.2,375,0,34125
NIITTECH30Jan201720CE.NFO,07/01/2020,09:37:06,16.5,15.55,750,17.2,375,0,34125
NIITTECH30Jan201720CE.NFO,07/01/2020,09:37:12,16.5,15.65,375,17.2,375,0,34125
NIITTECH30Jan201720CE.NFO,07/01/2020,09:37:32,16.5,14.95,375,17.1,375,0,34125
NIITTECH30Jan201720CE.NFO,07/01/2020,09:37:37,16.5,15.1,375,17.1,375,0,34125
NIITTECH30Jan201720CE.NFO,07/01/2020,09:37:48,16.5,15.2,375,17.1,375,0,34125
NIITTECH30Jan201720CE.NFO,07/01/2020,09:37:52,16.5,15.4,375,17.2,375,0,34125
NIITTECH30Jan201720CE.NFO,07/01/2020,09:38:07,16.5,15.4,375,17.2,750,0,34125
NIITTECH30Jan201720CE.NFO,07/01/2020,09:38:12,16.5,15.4,375,17.2,375,0,34125
NIITTECH30Jan201720CE.NFO,07/01/2020,09:38:18,16.5,15.4,375,17.15,375,0,34125
NIITTECH30Jan201720CE.NFO,07/01/2020,09:38:36,16.5,15.4,375,16.95,375,0,34125
NIITTECH30Jan201720CE.NFO,07/01/2020,09:38:41,16.5,15.4,375,17.1,375,0,34125
NIITTECH30Jan201720CE.NFO,07/01/2020,09:38:45,16.5,15.4,375,16.95,375,0,34125
NIITTECH30Jan201720CE.NFO,07/01/2020,09:38:51,16.5,14.9,375,16.75,375,0,34125
NIITTECH30Jan201720CE.NFO,07/01/2020,09:38:56,16.5,14.9,375,17,375,0,34125
NIITTECH30Jan201720CE.NFO,07/01/2020,09:39:06,16.5,14.9,375,17.1,375,0,34125
NIITTECH30Jan201720CE.NFO,07/01/2020,09:39:11,16.5,14.9,375,16.9,375,0,34125
NIITTECH30Jan201720CE.NFO,07/01/2020,09:39:22,16.5,14.9,375,16.5,375,0,34125
NIITTECH30Jan201720CE.NFO,07/01/2020,09:39:59,16.5,15.15,375,16.85,375,0,34125
NIITTECH30Jan201720CE.NFO,07/01/2020,09:40:28,16.5,15.15,375,16.9,375,0,34125
NIITTECH30Jan201720CE.NFO,07/01/2020,09:40:50,16.5,15.15,375,17,375,0,34125
NIITTECH30Jan201720CE.NFO,07/01/2020,09:40:56,16.5,15.15,375,16.95,375,0,34125
NIITTECH30Jan201720CE.NFO,07/01/2020,09:41:01,16.5,15.15,750,16.95,375,0,34125
NIITTECH30Jan201720CE.NFO,07/01/2020,09:41:07,16.5,15.3,375,16.95,375,0,34125
NIITTECH30Jan201720CE.NFO,07/01/2020,09:41:33,16.5,14.7,750,16.9,750,0,34125
NIITTECH30Jan201720CE.NFO,07/01/2020,09:41:38,16.5,14.9,750,16.9,750,0,34125
NIITTECH30Jan201720CE.NFO,07/01/2020,09:41:47,16.5,15,375,16.8,375,0,34125
NIITTECH30Jan201720CE.NFO,07/01/2020,09:41:54,16.5,15,375,16.9,375,0,34125
NIITTECH30Jan201720CE.NFO,07/01/2020,09:42:43,16.5,15,375,16.95,750,0,34125
NIITTECH30Jan201720CE.NFO,07/01/2020,09:42:57,16.5,14.35,375,16.65,375,0,34125
NIITTECH30Jan201720CE.NFO,07/01/2020,09:43:03,16.5,14.6,375,16.7,375,0,34125
NIITTECH30Jan201720CE.NFO,07/01/2020,09:43:08,16.5,14.6,375,16.85,375,0,34125
NIITTECH30Jan201720CE.NFO,07/01/2020,09:43:12,16.5,14.6,375,16.95,375,0,34125
NIITTECH30Jan201720CE.NFO,07/01/2020,09:43:17,16.5,14.6,375,16.9,375,0,34125
NIITTECH30Jan201720CE.NFO,07/01/2020,09:43:23,16.5,14.6,375,16.95,375,0,34125
NIITTECH30Jan201720CE.NFO,07/01/2020,09:43:38,16.5,14.75,375,16.95,375,0,34125
NIITTECH30Jan201720CE.NFO,07/01/2020,09:43:44,16.5,14.75,375,16.85,375,0,34125
NIITTECH30Jan201720CE.NFO,07/01/2020,09:43:49,16.5,14.75,375,16.8,375,0,34125
NIITTECH30Jan201720CE.NFO,07/01/2020,09:43:54,16.5,14.35,375,16.9,375,0,34125
NIITTECH30Jan201720CE.NFO,07/01/2020,09:44:00,16.5,14.45,375,16.9,375,0,34125
NIITTECH30Jan201720CE.NFO,07/01/2020,09:44:11,16.5,14.45,375,16.8,375,0,34125
NIITTECH30Jan201720CE.NFO,07/01/2020,09:44:17,16.5,14.45,375,16.85,375,0,34125
NIITTECH30Jan201720CE.NFO,07/01/2020,09:44:23,16.5,14.45,375,16.7,375,0,34125
NIITTECH30Jan201720CE.NFO,07/01/2020,09:44:28,16.5,14.45,375,16.65,750,0,34125
NIITTECH30Jan201720CE.NFO,07/01/2020,09:44:33,16.65,13.8,750,16.7,375,375,34125
NIITTECH30Jan201720CE.NFO,07/01/2020,09:44:37,16.65,14,375,16.5,375,0,34125
NIITTECH30Jan201720CE.NFO,07/01/2020,09:44:42,16.65,14.2,750,16.5,375,0,34125
NIITTECH30Jan201720CE.NFO,07/01/2020,09:44:52,16.65,14.2,750,16.65,375,0,34125
NIITTECH30Jan201720CE.NFO,07/01/2020,09:44:58,16.65,14.4,375,16.65,375,0,34125
NIITTECH30Jan201720CE.NFO,07/01/2020,09:45:03,16.65,14.5,375,16.65,375,0,34125
NIITTECH30Jan201720CE.NFO,07/01/2020,09:45:09,16.65,14.5,750,16.65,375,0,34125
NIITTECH30Jan201720CE.NFO,07/01/2020,09:45:17,16.65,14.6,375,17,375,0,34125
NIITTECH30Jan201720CE.NFO,07/01/2020,09:45:24,16.65,14.6,375,17.2,375,0,34125
NIITTECH30Jan201720CE.NFO,07/01/2020,09:45:41,16.65,14.7,375,17.2,375,0,34125
NIITTECH30Jan201720CE.NFO,07/01/2020,09:45:57,16.65,14.7,375,17.2,750,0,34125
NIITTECH30Jan201720CE.NFO,07/01/2020,09:46:03,16.5,14.3,375,17.2,375,375,34125
NIITTECH30Jan201720CE.NFO,07/01/2020,09:46:09,16.5,14.3,375,17.15,375,0,34125
NIITTECH30Jan201720CE.NFO,07/01/2020,09:46:18,16.5,14.45,375,17.15,375,0,34125
NIITTECH30Jan201720CE.NFO,07/01/2020,09:46:24,16.5,14.45,375,16.5,375,0,34125
NIITTECH30Jan201720CE.NFO,07/01/2020,09:46:36,16.5,14.45,375,16.5,750,0,34125
NIITTECH30Jan201720CE.NFO,07/01/2020,09:46:47,16.5,13.85,750,16.5,375,0,34125
NIITTECH30Jan201720CE.NFO,07/01/2020,09:46:52,16.5,13.95,375,16.5,375,0,34125
NIITTECH30Jan201720CE.NFO,07/01/2020,09:47:17,16.5,14.05,375,16.5,375,0,34125
NIITTECH30Jan201720CE.NFO,07/01/2020,09:47:22,16.5,14.05,375,16.45,375,0,34125
NIITTECH30Jan201720CE.NFO,07/01/2020,09:47:27,16.5,14.05,375,16.45,750,0,34125
NIITTECH30Jan201720CE.NFO,07/01/2020,09:47:40,16.5,14.05,375,16.05,375,0,34125
NIITTECH30Jan201720CE.NFO,07/01/2020,09:47:49,16.5,14.05,375,16,375,0,34125
NIITTECH30Jan201720CE.NFO,07/01/2020,09:48:08,16.5,14.05,375,16,750,0,34125
NIITTECH30Jan201720CE.NFO,07/01/2020,09:48:23,16.5,14.05,375,15.9,375,0,34125
NIITTECH30Jan201720CE.NFO,07/01/2020,09:48:34,16.5,14.25,375,15.9,375,0,34125
NIITTECH30Jan201720CE.NFO,07/01/2020,09:48:46,16.5,14.35,375,15.5,375,0,34125
NIITTECH30Jan201720CE.NFO,07/01/2020,09:49:05,16.5,14.35,375,15.9,375,0,34125
NIITTECH30Jan201720CE.NFO,07/01/2020,09:49:21,16.5,14.5,375,15.9,375,0,34125
NIITTECH30Jan201720CE.NFO,07/01/2020,09:50:37,16.5,14.5,750,15.9,375,0,34125
NIITTECH30Jan201720CE.NFO,07/01/2020,09:51:25,16.5,14.5,375,15.9,375,0,34125
NIITTECH30Jan201720CE.NFO,07/01/2020,09:54:39,16.5,13.9,375,15.85,375,0,34125
NIITTECH30Jan201720CE.NFO,07/01/2020,09:54:54,16.5,13.9,375,15.9,375,0,34125
NIITTECH30Jan201720CE.NFO,07/01/2020,09:58:52,16.5,13.9,375,15.85,375,0,34125
NIITTECH30Jan201720CE.NFO,07/01/2020,09:59:10,16.5,13.9,375,15.9,375,0,34125
NIITTECH30Jan201720CE.NFO,07/01/2020,09:59:37,16.5,14.05,375,15.9,375,0,34125
NIITTECH30Jan201720CE.NFO,07/01/2020,09:59:47,16.5,14.2,375,15.9,375,0,34125
NIITTECH30Jan201720CE.NFO,07/01/2020,09:59:51,16.5,14.25,375,15.9,375,0,34125
NIITTECH30Jan201720CE.NFO,07/01/2020,10:00:04,16.5,14.2,375,15.85,375,0,34125
NIITTECH30Jan201720CE.NFO,07/01/2020,10:00:08,16.5,14.3,375,15.85,375,0,34125
NIITTECH30Jan201720CE.NFO,07/01/2020,10:00:15,16.5,14.3,375,15.85,750,0,34125
NIITTECH30Jan201720CE.NFO,07/01/2020,10:00:52,16.5,14.3,375,15.85,375,0,34125
NIITTECH30Jan201720CE.NFO,07/01/2020,10:01:10,16.5,15,375,15.85,375,0,34125
NIITTECH30Jan201720CE.NFO,07/01/2020,10:01:24,16.5,15,375,15.8,375,0,34125
NIITTECH30Jan201720CE.NFO,07/01/2020,10:01:30,15.8,14.25,375,15.8,375,375,33750
NIITTECH30Jan201720CE.NFO,07/01/2020,10:01:35,15.8,14.25,375,15.8,375,0,33750
NIITTECH30Jan201720CE.NFO,07/01/2020,10:01:41,15.8,14.25,375,15.75,375,0,33750
NIITTECH30Jan201720CE.NFO,07/01/2020,10:01:47,15.8,14.25,375,15.8,375,0,33750
NIITTECH30Jan201720CE.NFO,07/01/2020,10:01:53,15.8,14.6,375,15.85,375,0,33750
NIITTECH30Jan201720CE.NFO,07/01/2020,10:02:04,15.8,14.3,375,15.85,375,0,33750
NIITTECH30Jan201720CE.NFO,07/01/2020,10:02:10,15.8,14.3,375,15.8,375,0,33750
NIITTECH30Jan201720CE.NFO,07/01/2020,10:02:35,15.8,14.4,375,15.8,375,0,33750
NIITTECH30Jan201720CE.NFO,07/01/2020,10:02:45,15.8,14.2,375,15.8,375,0,33750
NIITTECH30Jan201720CE.NFO,07/01/2020,10:02:50,15.8,14.3,375,15.85,375,0,33750
NIITTECH30Jan201720CE.NFO,07/01/2020,10:02:55,15.8,14.3,375,15.75,375,0,33750
NIITTECH30Jan201720CE.NFO,07/01/2020,10:03:01,15.8,14.45,375,15.75,375,0,33750
NIITTECH30Jan201720CE.NFO,07/01/2020,10:03:13,15.8,14.35,375,15.75,375,0,33750
NIITTECH30Jan201720CE.NFO,07/01/2020,10:03:18,15.8,14.25,375,15.75,375,0,33750
NIITTECH30Jan201720CE.NFO,07/01/2020,10:03:24,15.8,14.3,375,15.8,750,0,33750
NIITTECH30Jan201720CE.NFO,07/01/2020,10:03:30,15.8,14.3,375,15.8,375,0,33750
NIITTECH30Jan201720CE.NFO,07/01/2020,10:03:35,15.8,14.4,375,15.75,750,0,33750
NIITTECH30Jan201720CE.NFO,07/01/2020,10:03:39,15.8,14.3,375,15.7,375,0,33750
NIITTECH30Jan201720CE.NFO,07/01/2020,10:03:45,15.8,14.45,375,15,750,0,33750
NIITTECH30Jan201720CE.NFO,07/01/2020,10:03:56,15,14.4,375,15.8,375,750,33750
NIITTECH30Jan201720CE.NFO,07/01/2020,10:04:02,15,14.4,375,15.8,375,0,33750
NIITTECH30Jan201720CE.NFO,07/01/2020,10:04:07,15,14.4,375,15.75,375,0,33750
NIITTECH30Jan201720CE.NFO,07/01/2020,10:04:18,15,14.4,375,15.9,375,0,33750
NIITTECH30Jan201720CE.NFO,07/01/2020,10:04:28,15,14.4,375,15.8,750,0,33750
NIITTECH30Jan201720CE.NFO,07/01/2020,10:04:33,15,14.25,375,15.6,375,0,33750
NIITTECH30Jan201720CE.NFO,07/01/2020,10:04:38,15,14.25,375,15.7,375,0,33750
NIITTECH30Jan201720CE.NFO,07/01/2020,10:04:43,15,14.25,375,15.75,375,0,33750
NIITTECH30Jan201720CE.NFO,07/01/2020,10:04:49,15,14.25,375,15.85,375,0,33750
NIITTECH30Jan201720CE.NFO,07/01/2020,10:05:15,15,14.25,375,15,375,0,33750
NIITTECH30Jan201720CE.NFO,07/01/2020,10:05:29,14.5,14.25,375,15.65,375,375,34125
NIITTECH30Jan201720CE.NFO,07/01/2020,10:05:36,14.5,14.25,375,15.65,375,0,34125
NIITTECH30Jan201720CE.NFO,07/01/2020,10:05:42,14.5,14.25,375,15.85,375,0,34125
NIITTECH30Jan201720CE.NFO,07/01/2020,10:06:12,14.5,14.25,375,15.85,750,0,34125
NIITTECH30Jan201720CE.NFO,07/01/2020,10:07:46,14.5,14.25,375,15.8,375,0,34125
NIITTECH30Jan201720CE.NFO,07/01/2020,10:07:57,14.5,14.25,375,15.65,375,0,34125
NIITTECH30Jan201720CE.NFO,07/01/2020,10:08:02,14.5,14.25,375,15.85,375,0,34125
NIITTECH30Jan201720CE.NFO,07/01/2020,10:08:17,14.5,14.25,375,15.75,375,0,34125
NIITTECH30Jan201720CE.NFO,07/01/2020,10:08:29,14.5,14.2,375,15.85,375,0,34125
NIITTECH30Jan201720CE.NFO,07/01/2020,10:08:54,14.5,14.25,375,15.85,375,0,34125
NIITTECH30Jan201720CE.NFO,07/01/2020,10:09:05,14.5,14.2,375,15.75,375,0,34125
NIITTECH30Jan201720CE.NFO,07/01/2020,10:09:10,14.5,14.2,375,15.85,375,0,34125
NIITTECH30Jan201720CE.NFO,07/01/2020,10:09:15,14.5,14.25,375,15.85,375,0,34125
NIITTECH30Jan201720CE.NFO,07/01/2020,10:11:21,14.5,14.25,375,16.35,375,0,34125
NIITTECH30Jan201720CE.NFO,07/01/2020,10:12:02,14.5,14.25,375,16.1,375,0,34125
NIITTECH30Jan201720CE.NFO,07/01/2020,10:12:08,14.5,14.25,375,16.05,375,0,34125
NIITTECH30Jan201720CE.NFO,07/01/2020,10:12:13,14.5,14.25,375,15.2,375,0,34125
NIITTECH30Jan201720CE.NFO,07/01/2020,10:12:24,14.5,14.25,375,15.2,750,0,34125
NIITTECH30Jan201720CE.NFO,07/01/2020,10:12:45,14.5,14.25,375,15,375,0,34125
NIITTECH30Jan201720CE.NFO,07/01/2020,10:13:07,14.55,14.25,375,15.55,375,375,34125
NIITTECH30Jan201720CE.NFO,07/01/2020,10:13:13,14.55,14.25,375,15.5,375,0,34125
NIITTECH30Jan201720CE.NFO,07/01/2020,10:13:20,14.55,14.25,375,15.6,375,0,34125
NIITTECH30Jan201720CE.NFO,07/01/2020,10:13:26,14.55,14.25,375,15.55,375,0,34125
NIITTECH30Jan201720CE.NFO,07/01/2020,10:13:33,14.55,14.25,375,15.5,375,0,34125
NIITTECH30Jan201720CE.NFO,07/01/2020,10:13:38,14.55,13.7,375,15.55,750,0,34125
NIITTECH30Jan201720CE.NFO,07/01/2020,10:13:48,14.55,13.7,375,15.55,375,0,34125
NIITTECH30Jan201720CE.NFO,07/01/2020,10:13:55,14.55,13.85,375,15.55,375,0,34125
NIITTECH30Jan201720CE.NFO,07/01/2020,10:14:00,14.55,14.05,375,15.55,750,0,34125
NIITTECH30Jan201720CE.NFO,07/01/2020,10:14:06,14.55,14.05,375,15.5,375,0,34125
NIITTECH30Jan201720CE.NFO,07/01/2020,10:14:28,14.55,14.05,375,15.6,375,0,34125
NIITTECH30Jan201720CE.NFO,07/01/2020,10:14:34,14.55,14.05,375,16.2,375,0,34125
NIITTECH30Jan201720CE.NFO,07/01/2020,10:14:40,14.55,14.05,375,15.95,375,0,34125
NIITTECH30Jan201720CE.NFO,07/01/2020,10:14:45,14.55,14.05,375,16.1,375,0,34125
NIITTECH30Jan201720CE.NFO,07/01/2020,10:15:19,14.55,14.05,375,16.1,750,0,34125
NIITTECH30Jan201720CE.NFO,07/01/2020,10:15:24,14.55,14.05,375,16,375,0,34125
NIITTECH30Jan201720CE.NFO,07/01/2020,10:15:34,14.55,14.05,375,16.1,375,0,34125
NIITTECH30Jan201720CE.NFO,07/01/2020,10:15:40,14.55,14.05,375,15.9,375,0,34125
NIITTECH30Jan201720CE.NFO,07/01/2020,10:15:45,14.55,14.05,375,15.8,750,0,34125
NIITTECH30Jan201720CE.NFO,07/01/2020,10:15:51,14.55,14.05,375,15.8,375,0,34125
NIITTECH30Jan201720CE.NFO,07/01/2020,10:15:57,14.55,14.05,375,15.8,750,0,34125
NIITTECH30Jan201720CE.NFO,07/01/2020,10:16:02,14.55,14.05,375,15.8,375,0,34125
NIITTECH30Jan201720CE.NFO,07/01/2020,10:16:28,14.55,14.05,375,15.9,750,0,34125
NIITTECH30Jan201720CE.NFO,07/01/2020,10:16:49,14.55,14.05,375,15.9,375,0,34125
NIITTECH30Jan201720CE.NFO,07/01/2020,10:16:59,14.55,14.05,375,15.9,750,0,34125
NIITTECH30Jan201720CE.NFO,07/01/2020,10:17:05,14.55,14.05,375,15.9,375,0,34125
NIITTECH30Jan201720CE.NFO,07/01/2020,10:17:31,14.55,14.05,375,15.9,750,0,34125
NIITTECH30Jan201720CE.NFO,07/01/2020,10:17:36,14.55,14.05,375,16.15,375,0,34125
NIITTECH30Jan201720CE.NFO,07/01/2020,10:17:53,14.55,14.05,375,16.15,750,0,34125
NIITTECH30Jan201720CE.NFO,07/01/2020,10:18:43,14.55,14.05,375,15.95,375,0,34125
NIITTECH30Jan201720CE.NFO,07/01/2020,10:18:48,14.55,14.05,375,15.8,375,0,34125
NIITTECH30Jan201720CE.NFO,07/01/2020,10:18:53,14.55,14.05,375,15.9,375,0,34125
NIITTECH30Jan201720CE.NFO,07/01/2020,10:19:06,14.55,14.05,375,16,750,0,34125
NIITTECH30Jan201720CE.NFO,07/01/2020,10:19:14,14.55,14.05,375,16,1125,0,34125
NIITTECH30Jan201720CE.NFO,07/01/2020,10:21:24,14.55,14.05,375,16,750,0,34125
NIITTECH30Jan201720CE.NFO,07/01/2020,10:21:29,14.55,14.05,375,16,1125,0,34125
NIITTECH30Jan201720CE.NFO,07/01/2020,10:21:52,14.55,14.05,375,15.6,375,0,34125
NIITTECH30Jan201720CE.NFO,07/01/2020,10:22:10,14.55,14.05,375,15.5,375,0,34125
NIITTECH30Jan201720CE.NFO,07/01/2020,10:22:16,14.55,14.05,375,15.45,375,0,34125
NIITTECH30Jan201720CE.NFO,07/01/2020,10:22:20,14.55,14.05,375,15.45,750,0,34125
NIITTECH30Jan201720CE.NFO,07/01/2020,10:22:29,14.55,14.05,375,15.45,375,0,34125
NIITTECH30Jan201720CE.NFO,07/01/2020,10:22:49,14.55,14.05,375,15.45,750,0,34125
NIITTECH30Jan201720CE.NFO,07/01/2020,10:22:55,14.55,13.7,375,15.45,750,0,34125
NIITTECH30Jan201720CE.NFO,07/01/2020,10:25:44,14.55,13.7,375,15.4,375,0,34125
NIITTECH30Jan201720CE.NFO,07/01/2020,10:25:49,14.55,13.7,375,15.45,750,0,34125
NIITTECH30Jan201720CE.NFO,07/01/2020,10:26:09,14.55,13.7,375,15.45,1125,0,34125
NIITTECH30Jan201720CE.NFO,07/01/2020,10:26:18,14.55,13.7,375,15.25,375,0,34125
NIITTECH30Jan201720CE.NFO,07/01/2020,10:26:23,14.55,13.7,375,15.15,375,0,34125
NIITTECH30Jan201720CE.NFO,07/01/2020,10:26:30,14.55,13.7,375,15.25,375,0,34125
NIITTECH30Jan201720CE.NFO,07/01/2020,10:26:45,14.55,13.7,375,15.25,750,0,34125
NIITTECH30Jan201720CE.NFO,07/01/2020,10:27:02,14.55,13.7,375,15.25,1125,0,34125
NIITTECH30Jan201720CE.NFO,07/01/2020,10:27:07,14.55,13.65,375,14.75,750,0,34125
NIITTECH30Jan201720CE.NFO,07/01/2020,10:27:11,14.55,13.65,375,14.4,750,0,34125
NIITTECH30Jan201720CE.NFO,07/01/2020,10:27:15,14.55,13.65,375,14.55,750,0,34125
NIITTECH30Jan201720CE.NFO,07/01/2020,10:27:19,14.55,13.65,375,14.55,375,0,34125
NIITTECH30Jan201720CE.NFO,07/01/2020,10:27:35,14.55,13.65,375,14.55,750,0,34125
NIITTECH30Jan201720CE.NFO,07/01/2020,10:27:39,14.55,13.65,375,14.4,375,0,34125
NIITTECH30Jan201720CE.NFO,07/01/2020,10:27:44,14.55,13.65,375,14.45,375,0,34125
NIITTECH30Jan201720CE.NFO,07/01/2020,10:27:48,14.55,13.65,375,14.6,750,0,34125
NIITTECH30Jan201720CE.NFO,07/01/2020,10:27:57,14.55,13.65,375,14.55,375,0,34125
NIITTECH30Jan201720CE.NFO,07/01/2020,10:28:01,14.55,13.65,375,14.5,375,0,34125
NIITTECH30Jan201720CE.NFO,07/01/2020,10:28:14,14.55,13.65,375,14.55,375,0,34125
NIITTECH30Jan201720CE.NFO,07/01/2020,10:28:19,14.55,13.65,375,14.6,375,0,34125
NIITTECH30Jan201720CE.NFO,07/01/2020,10:28:54,14.55,13.7,375,14.7,375,0,34125
NIITTECH30Jan201720CE.NFO,07/01/2020,10:29:00,14.55,13.7,375,14.95,750,0,34125
NIITTECH30Jan201720CE.NFO,07/01/2020,10:29:18,14.55,13.7,375,14.9,750,0,34125
NIITTECH30Jan201720CE.NFO,07/01/2020,10:29:22,14.55,13.7,375,14.85,750,0,34125
NIITTECH30Jan201720CE.NFO,07/01/2020,10:29:26,14.55,13.7,375,14.8,375,0,34125
NIITTECH30Jan201720CE.NFO,07/01/2020,10:29:30,14.55,13.7,375,14.75,375,0,34125
NIITTECH30Jan201720CE.NFO,07/01/2020,10:29:33,14.55,13.7,375,14.7,1125,0,34125
NIITTECH30Jan201720CE.NFO,07/01/2020,10:29:47,14.55,13.7,375,14.65,750,0,34125
NIITTECH30Jan201720CE.NFO,07/01/2020,10:29:50,14.55,13.7,375,14.6,375,0,34125
NIITTECH30Jan201720CE.NFO,07/01/2020,10:29:59,14.55,13.7,375,14.55,375,0,34125
NIITTECH30Jan201720CE.NFO,07/01/2020,10:30:06,14.55,13.7,375,14.6,375,0,34125
NIITTECH30Jan201720CE.NFO,07/01/2020,10:30:13,14.55,13.7,375,14.75,375,0,34125
NIITTECH30Jan201720CE.NFO,07/01/2020,10:30:16,14.55,13.7,375,14.85,375,0,34125
NIITTECH30Jan201720CE.NFO,07/01/2020,10:31:00,14.55,13.7,375,14.9,375,0,34125
NIITTECH30Jan201720CE.NFO,07/01/2020,10:31:02,14.55,13.7,375,14.9,750,0,34125
NIITTECH30Jan201720CE.NFO,07/01/2020,10:31:05,14.55,13.7,375,14.85,375,0,34125
NIITTECH30Jan201720CE.NFO,07/01/2020,10:31:08,14.55,13.7,375,14.95,375,0,34125
NIITTECH30Jan201720CE.NFO,07/01/2020,10:31:17,14.55,13.7,375,15,375,0,34125
NIITTECH30Jan201720CE.NFO,07/01/2020,10:31:21,14.55,13.7,375,15.05,375,0,34125
NIITTECH30Jan201720CE.NFO,07/01/2020,10:31:33,14.55,13.8,375,15,375,0,34125
NIITTECH30Jan201720CE.NFO,07/01/2020,10:31:37,14.55,13.8,375,15.5,750,0,34125
NIITTECH30Jan201720CE.NFO,07/01/2020,10:31:49,14.55,13.8,375,15.5,375,0,34125
NIITTECH30Jan201720CE.NFO,07/01/2020,10:32:01,14.55,13.8,375,15.4,750,0,34125
NIITTECH30Jan201720CE.NFO,07/01/2020,10:32:21,14.55,13.8,375,15.4,375,0,34125
NIITTECH30Jan201720CE.NFO,07/01/2020,10:32:25,14.55,13.8,375,15.3,750,0,34125
NIITTECH30Jan201720CE.NFO,07/01/2020,10:33:53,14.55,13.8,375,15.15,750,0,34125
NIITTECH30Jan201720CE.NFO,07/01/2020,10:33:58,14.55,13.8,375,15.05,375,0,34125
NIITTECH30Jan201720CE.NFO,07/01/2020,10:34:07,14.55,13.8,375,15.15,375,0,34125
NIITTECH30Jan201720CE.NFO,07/01/2020,10:34:10,14.55,13.8,375,15.2,375,0,34125
NIITTECH30Jan201720CE.NFO,07/01/2020,10:34:34,14.55,13.8,375,15.15,375,0,34125
NIITTECH30Jan201720CE.NFO,07/01/2020,10:34:38,14.55,13.8,375,15.2,375,0,34125
NIITTECH30Jan201720CE.NFO,07/01/2020,10:34:47,14.55,13.8,375,15.1,750,0,34125
NIITTECH30Jan201720CE.NFO,07/01/2020,10:35:01,14.55,13.8,375,15.1,375,0,34125
NIITTECH30Jan201720CE.NFO,07/01/2020,10:35:05,14.55,13.8,375,15.05,375,0,34125
NIITTECH30Jan201720CE.NFO,07/01/2020,10:35:14,14.55,14.25,375,15.05,375,0,34125
NIITTECH30Jan201720CE.NFO,07/01/2020,10:35:21,14.55,14.25,375,15.15,375,0,34125
NIITTECH30Jan201720CE.NFO,07/01/2020,10:35:24,14.55,14.3,375,15.85,750,0,34125
NIITTECH30Jan201720CE.NFO,07/01/2020,10:35:27,14.55,14.3,375,15.5,375,0,34125
NIITTECH30Jan201720CE.NFO,07/01/2020,10:35:52,14.55,14.3,375,15.6,375,0,34125
NIITTECH30Jan201720CE.NFO,07/01/2020,10:35:59,14.55,14.3,375,15.55,375,0,34125
NIITTECH30Jan201720CE.NFO,07/01/2020,10:36:28,14.55,14.75,375,15.55,375,0,34125
NIITTECH30Jan201720CE.NFO,07/01/2020,10:36:35,14.75,14.25,375,15.55,375,375,34125
NIITTECH30Jan201720CE.NFO,07/01/2020,10:36:38,14.75,14.25,375,15.55,375,0,34125
NIITTECH30Jan201720CE.NFO,07/01/2020,10:37:01,14.75,14.25,375,15.6,375,0,34125
NIITTECH30Jan201720CE.NFO,07/01/2020,10:37:10,14.75,14.25,375,15.65,375,0,34125
NIITTECH30Jan201720CE.NFO,07/01/2020,10:37:27,14.75,14.25,375,15.55,375,0,34125
NIITTECH30Jan201720CE.NFO,07/01/2020,10:37:31,14.75,14.25,375,15.5,375,0,34125
NIITTECH30Jan201720CE.NFO,07/01/2020,10:37:34,14.75,14.25,375,15.6,375,0,34125
NIITTECH30Jan201720CE.NFO,07/01/2020,10:37:46,14.75,14.25,375,15.65,750,0,34125
NIITTECH30Jan201720CE.NFO,07/01/2020,10:37:50,14.75,14.25,375,15.55,750,0,34125
NIITTECH30Jan201720CE.NFO,07/01/2020,10:37:53,14.75,14.25,375,15.5,375,0,34125
NIITTECH30Jan201720CE.NFO,07/01/2020,10:38:00,14.75,14.25,375,15.6,375,0,34125
NIITTECH30Jan201720CE.NFO,07/01/2020,10:38:07,14.75,14.25,375,15.55,375,0,34125
NIITTECH30Jan201720CE.NFO,07/01/2020,10:38:09,14.75,14.25,375,15.6,375,0,34125
NIITTECH30Jan201720CE.NFO,07/01/2020,10:38:26,14.75,14.25,375,15.65,375,0,34125
NIITTECH30Jan201720CE.NFO,07/01/2020,10:38:29,14.75,14.25,375,15.7,375,0,34125
NIITTECH30Jan201720CE.NFO,07/01/2020,10:38:43,14.75,14.25,375,15.75,375,0,34125
NIITTECH30Jan201720CE.NFO,07/01/2020,10:38:46,14.75,14.25,375,15.7,375,0,34125
NIITTECH30Jan201720CE.NFO,07/01/2020,10:38:49,14.75,14.25,375,15.65,375,0,34125
NIITTECH30Jan201720CE.NFO,07/01/2020,10:38:53,14.75,14.35,375,16.2,750,0,34125
NIITTECH30Jan201720CE.NFO,07/01/2020,10:38:56,14.75,14.55,375,15.7,375,0,34125
NIITTECH30Jan201720CE.NFO,07/01/2020,10:38:59,14.75,14.55,375,15.55,375,0,34125
NIITTECH30Jan201720CE.NFO,07/01/2020,10:39:04,14.85,14.8,375,16.25,375,375,33750
NIITTECH30Jan201720CE.NFO,07/01/2020,10:39:08,14.85,13.7,375,16.25,375,0,33750
NIITTECH30Jan201720CE.NFO,07/01/2020,10:39:17,14.85,13.7,375,16.15,750,0,33750
NIITTECH30Jan201720CE.NFO,07/01/2020,10:39:29,14.85,13.7,375,16.15,375,0,33750
NIITTECH30Jan201720CE.NFO,07/01/2020,10:39:42,14.85,13.7,375,15.95,375,0,33750
NIITTECH30Jan201720CE.NFO,07/01/2020,10:40:08,14.85,13.7,375,15.95,750,0,33750
NIITTECH30Jan201720CE.NFO,07/01/2020,10:40:14,14.85,13.7,375,15.9,375,0,33750
NIITTECH30Jan201720CE.NFO,07/01/2020,10:40:26,14.85,13.7,375,15.85,375,0,33750
NIITTECH30Jan201720CE.NFO,07/01/2020,10:40:30,14.85,13.7,375,15.9,375,0,33750
NIITTECH30Jan201720CE.NFO,07/01/2020,10:41:14,14.85,13.7,375,15.8,375,0,33750
NIITTECH30Jan201720CE.NFO,07/01/2020,10:41:16,14.85,13.7,375,15.9,375,0,33750
NIITTECH30Jan201720CE.NFO,07/01/2020,10:43:10,14.85,13.7,375,15.8,375,0,33750
NIITTECH30Jan201720CE.NFO,07/01/2020,10:43:13,14.85,13.7,375,15.85,375,0,33750
NIITTECH30Jan201720CE.NFO,07/01/2020,10:43:16,14.85,13.7,375,15.7,375,0,33750
NIITTECH30Jan201720CE.NFO,07/01/2020,10:43:18,14.85,13.7,375,15.75,375,0,33750
NIITTECH30Jan201720CE.NFO,07/01/2020,10:43:27,14.85,13.7,375,15.9,375,0,33750
NIITTECH30Jan201720CE.NFO,07/01/2020,10:43:38,14.85,13.7,375,15.85,375,0,33750
NIITTECH30Jan201720CE.NFO,07/01/2020,10:43:42,14.85,13.7,375,15.7,375,0,33750
NIITTECH30Jan201720CE.NFO,07/01/2020,10:43:46,14.85,13.7,375,15.85,375,0,33750
NIITTECH30Jan201720CE.NFO,07/01/2020,10:43:49,14.85,13.7,375,15.75,375,0,33750
NIITTECH30Jan201720CE.NFO,07/01/2020,10:43:53,14.85,13.7,375,15.7,375,0,33750
NIITTECH30Jan201720CE.NFO,07/01/2020,10:43:59,14.85,13.7,375,15.85,375,0,33750
NIITTECH30Jan201720CE.NFO,07/01/2020,10:44:01,14.85,13.7,375,15.7,375,0,33750
NIITTECH30Jan201720CE.NFO,07/01/2020,10:44:14,14.85,13.7,375,15.75,375,0,33750
NIITTECH30Jan201720CE.NFO,07/01/2020,10:44:20,14.85,13.7,375,15.85,375,0,33750
NIITTECH30Jan201720CE.NFO,07/01/2020,10:44:23,14.85,13.7,375,15.7,375,0,33750
NIITTECH30Jan201720CE.NFO,07/01/2020,10:44:28,14.85,13.7,375,15.75,375,0,33750
NIITTECH30Jan201720CE.NFO,07/01/2020,10:44:37,14.85,13.7,375,15.7,375,0,33750
NIITTECH30Jan201720CE.NFO,07/01/2020,10:44:49,14.85,13.7,375,15.85,375,0,33750
NIITTECH30Jan201720CE.NFO,07/01/2020,10:45:05,14.85,13.7,375,15.8,375,0,33750
NIITTECH30Jan201720CE.NFO,07/01/2020,10:45:09,14.85,13.7,375,15.9,375,0,33750
NIITTECH30Jan201720CE.NFO,07/01/2020,10:45:14,14.85,13.7,375,15.8,375,0,33750
NIITTECH30Jan201720CE.NFO,07/01/2020,10:45:19,14.85,13.7,375,15.85,375,0,33750
NIITTECH30Jan201720CE.NFO,07/01/2020,10:45:24,14.85,13.7,375,15.8,375,0,33750
NIITTECH30Jan201720CE.NFO,07/01/2020,10:45:28,14.85,13.7,375,15.9,375,0,33750
NIITTECH30Jan201720CE.NFO,07/01/2020,10:45:37,14.85,13.7,375,15.85,375,0,33750
NIITTECH30Jan201720CE.NFO,07/01/2020,10:45:40,14.85,13.7,375,15.9,375,0,33750
NIITTECH30Jan201720CE.NFO,07/01/2020,10:45:49,14.85,13.7,375,15.8,375,0,33750
NIITTECH30Jan201720CE.NFO,07/01/2020,10:45:57,14.85,13.7,375,15.9,375,0,33750
NIITTECH30Jan201720CE.NFO,07/01/2020,10:46:08,14.85,13.7,375,15.85,375,0,33750
NIITTECH30Jan201720CE.NFO,07/01/2020,10:46:11,14.85,13.7,375,15.8,375,0,33750
NIITTECH30Jan201720CE.NFO,07/01/2020,10:46:14,14.85,13.7,375,15.85,375,0,33750
NIITTECH30Jan201720CE.NFO,07/01/2020,10:46:18,14.85,13.7,375,15.9,375,0,33750
NIITTECH30Jan201720CE.NFO,07/01/2020,10:46:28,14.85,13.95,375,15.9,375,0,33750
NIITTECH30Jan201720CE.NFO,07/01/2020,10:47:36,14.85,13.7,375,15.9,375,0,33750
NIITTECH30Jan201720CE.NFO,07/01/2020,10:47:40,14.85,13.7,375,15.8,375,0,33750
NIITTECH30Jan201720CE.NFO,07/01/2020,10:47:47,14.85,13.7,375,15.45,375,0,33750
NIITTECH30Jan201720CE.NFO,07/01/2020,10:47:51,14.85,13.7,375,15.85,750,0,33750
NIITTECH30Jan201720CE.NFO,07/01/2020,10:47:55,14.85,13.7,375,15.4,375,0,33750
NIITTECH30Jan201720CE.NFO,07/01/2020,10:47:58,14.85,13.7,375,15.6,375,0,33750
NIITTECH30Jan201720CE.NFO,07/01/2020,10:48:11,14.85,13.7,375,15.5,375,0,33750
NIITTECH30Jan201720CE.NFO,07/01/2020,10:48:15,14.85,13.7,375,15.45,375,0,33750
NIITTECH30Jan201720CE.NFO,07/01/2020,10:48:19,14.85,13.7,375,15.7,375,0,33750
NIITTECH30Jan201720CE.NFO,07/01/2020,10:48:22,14.85,14.85,375,15.65,375,0,33750
NIITTECH30Jan201720CE.NFO,07/01/2020,10:48:25,14.85,14.85,375,15.8,375,0,33750
NIITTECH30Jan201720CE.NFO,07/01/2020,10:49:05,14.85,14.05,375,15.8,375,0,33750
NIITTECH30Jan201720CE.NFO,07/01/2020,10:49:08,14.85,13.7,375,15.8,375,0,33750
NIITTECH30Jan201720CE.NFO,07/01/2020,10:49:28,14.85,13.7,375,15.45,375,0,33750
NIITTECH30Jan201720CE.NFO,07/01/2020,10:49:31,14.85,13.7,375,15.85,375,0,33750
NIITTECH30Jan201720CE.NFO,07/01/2020,10:49:43,14.85,13.7,375,15.85,750,0,33750
NIITTECH30Jan201720CE.NFO,07/01/2020,10:49:54,14.85,15,375,15.8,375,0,33750
NIITTECH30Jan201720CE.NFO,07/01/2020,10:50:10,14.85,15,375,15.85,375,0,33750
NIITTECH30Jan201720CE.NFO,07/01/2020,10:50:15,14.85,15,375,16.05,375,0,33750
NIITTECH30Jan201720CE.NFO,07/01/2020,10:50:26,14.85,15,375,15.75,375,0,33750
NIITTECH30Jan201720CE.NFO,07/01/2020,10:50:36,14.85,14.1,375,15.75,375,0,33750
NIITTECH30Jan201720CE.NFO,07/01/2020,10:50:42,14.85,13.7,375,15.75,375,0,33750
NIITTECH30Jan201720CE.NFO,07/01/2020,10:50:51,14.85,13.7,375,15.65,375,0,33750
NIITTECH30Jan201720CE.NFO,07/01/2020,10:50:55,14.85,13.7,375,15.7,375,0,33750
NIITTECH30Jan201720CE.NFO,07/01/2020,10:50:59,14.85,13.7,375,15.65,375,0,33750
NIITTECH30Jan201720CE.NFO,07/01/2020,10:51:03,14.85,13.7,375,15.7,375,0,33750
NIITTECH30Jan201720CE.NFO,07/01/2020,10:51:07,14.85,13.7,375,15.65,375,0,33750
NIITTECH30Jan201720CE.NFO,07/01/2020,10:51:15,14.85,13.7,375,15.7,375,0,33750
NIITTECH30Jan201720CE.NFO,07/01/2020,10:51:19,14.85,13.7,375,15.65,375,0,33750
NIITTECH30Jan201720CE.NFO,07/01/2020,10:51:23,14.85,13.7,375,15.6,375,0,33750
NIITTECH30Jan201720CE.NFO,07/01/2020,10:51:27,14.85,13.7,375,15.55,375,0,33750
NIITTECH30Jan201720CE.NFO,07/01/2020,10:51:31,14.85,13.7,375,15.7,375,0,33750
NIITTECH30Jan201720CE.NFO,07/01/2020,10:51:35,14.85,13.7,375,15.6,375,0,33750
NIITTECH30Jan201720CE.NFO,07/01/2020,10:51:38,14.85,13.7,375,15.55,375,0,33750
NIITTECH30Jan201720CE.NFO,07/01/2020,10:51:43,14.85,13.7,375,15.6,375,0,33750
NIITTECH30Jan201720CE.NFO,07/01/2020,10:51:47,14.85,13.7,375,15.7,375,0,33750
NIITTECH30Jan201720CE.NFO,07/01/2020,10:51:52,14.85,13.7,375,15.55,375,0,33750
NIITTECH30Jan201720CE.NFO,07/01/2020,10:51:56,14.85,13.7,375,15.7,375,0,33750
NIITTECH30Jan201720CE.NFO,07/01/2020,10:52:00,14.85,13.7,375,15.55,375,0,33750
NIITTECH30Jan201720CE.NFO,07/01/2020,10:52:04,14.85,13.7,375,15.7,375,0,33750
NIITTECH30Jan201720CE.NFO,07/01/2020,10:52:08,14.85,13.7,375,15.6,375,0,33750
NIITTECH30Jan201720CE.NFO,07/01/2020,10:52:13,14.85,13.7,375,15.7,375,0,33750
NIITTECH30Jan201720CE.NFO,07/01/2020,10:52:18,14.85,13.7,375,15.55,375,0,33750
NIITTECH30Jan201720CE.NFO,07/01/2020,10:52:22,14.85,14.05,375,15.65,375,0,33750
NIITTECH30Jan201720CE.NFO,07/01/2020,10:52:27,14.85,14.05,375,15.7,375,0,33750
NIITTECH30Jan201720CE.NFO,07/01/2020,10:52:39,14.85,14.05,375,15.65,375,0,33750
NIITTECH30Jan201720CE.NFO,07/01/2020,10:52:51,14.85,14.05,375,15.7,375,0,33750
NIITTECH30Jan201720CE.NFO,07/01/2020,10:52:56,14.85,14.05,375,15.65,375,0,33750
NIITTECH30Jan201720CE.NFO,07/01/2020,10:53:02,14.85,14.55,375,15.75,375,0,33750
NIITTECH30Jan201720CE.NFO,07/01/2020,10:53:38,14.85,14.75,375,15.75,375,0,33750
NIITTECH30Jan201720CE.NFO,07/01/2020,10:53:44,14.85,14.75,375,16.15,375,0,33750
NIITTECH30Jan201720CE.NFO,07/01/2020,10:53:50,14.85,14.75,375,16.2,375,0,33750
NIITTECH30Jan201720CE.NFO,07/01/2020,10:53:57,14.85,14.75,375,15.75,375,0,33750
NIITTECH30Jan201720CE.NFO,07/01/2020,10:54:03,14.85,14.75,375,15.85,375,0,33750
NIITTECH30Jan201720CE.NFO,07/01/2020,10:54:09,14.85,14.75,375,15.9,375,0,33750
NIITTECH30Jan201720CE.NFO,07/01/2020,10:54:21,14.85,14.75,375,15.75,375,0,33750
NIITTECH30Jan201720CE.NFO,07/01/2020,10:54:26,14.85,14.75,375,15.6,375,0,33750
NIITTECH30Jan201720CE.NFO,07/01/2020,10:54:31,14.85,14.75,375,16.15,750,0,33750
NIITTECH30Jan201720CE.NFO,07/01/2020,10:54:35,14.85,14.75,375,15.7,375,0,33750
NIITTECH30Jan201720CE.NFO,07/01/2020,10:54:40,14.85,14.75,375,15.75,375,0,33750
NIITTECH30Jan201720CE.NFO,07/01/2020,10:54:45,14.85,14.75,375,15.8,375,0,33750
NIITTECH30Jan201720CE.NFO,07/01/2020,10:54:49,14.85,14.75,375,15.85,375,0,33750
NIITTECH30Jan201720CE.NFO,07/01/2020,10:54:54,14.85,14.75,375,15.7,375,0,33750
NIITTECH30Jan201720CE.NFO,07/01/2020,10:54:59,14.85,14.75,375,15.9,375,0,33750
NIITTECH30Jan201720CE.NFO,07/01/2020,10:55:03,14.85,14.75,375,16,375,0,33750
NIITTECH30Jan201720CE.NFO,07/01/2020,10:55:07,14.85,14.75,375,15.9,375,0,33750
NIITTECH30Jan201720CE.NFO,07/01/2020,10:55:16,14.85,14.75,375,15.55,375,0,33750
NIITTECH30Jan201720CE.NFO,07/01/2020,10:55:20,14.85,14.75,375,15.65,375,0,33750
NIITTECH30Jan201720CE.NFO,07/01/2020,10:55:25,14.85,14.75,375,15.7,375,0,33750
NIITTECH30Jan201720CE.NFO,07/01/2020,10:55:36,14.85,14.75,375,15.8,375,0,33750
NIITTECH30Jan201720CE.NFO,07/01/2020,10:55:41,14.85,14.75,375,15.85,375,0,33750
NIITTECH30Jan201720CE.NFO,07/01/2020,10:55:45,14.85,14.75,375,16.05,375,0,33750
NIITTECH30Jan201720CE.NFO,07/01/2020,10:55:54,14.85,14.75,375,16.15,375,0,33750
NIITTECH30Jan201720CE.NFO,07/01/2020,10:55:59,14.85,14.75,375,16.25,375,0,33750
NIITTECH30Jan201720CE.NFO,07/01/2020,10:56:04,14.85,14.75,375,15.8,375,0,33750
NIITTECH30Jan201720CE.NFO,07/01/2020,10:56:09,14.85,14.75,375,15.85,375,0,33750
NIITTECH30Jan201720CE.NFO,07/01/2020,10:56:15,14.85,14.75,375,16.25,375,0,33750
NIITTECH30Jan201720CE.NFO,07/01/2020,10:56:20,14.85,14.75,375,15.75,375,0,33750
NIITTECH30Jan201720CE.NFO,07/01/2020,10:56:24,14.85,14.75,375,16.05,375,0,33750
NIITTECH30Jan201720CE.NFO,07/01/2020,10:56:29,14.85,14.75,375,15.7,375,0,33750
NIITTECH30Jan201720CE.NFO,07/01/2020,10:56:33,14.85,14.75,375,15.75,375,0,33750
NIITTECH30Jan201720CE.NFO,07/01/2020,10:56:39,14.85,14.75,375,15.85,375,0,33750
NIITTECH30Jan201720CE.NFO,07/01/2020,10:56:44,14.85,14.75,375,15.95,375,0,33750
NIITTECH30Jan201720CE.NFO,07/01/2020,10:56:48,14.85,14.75,375,16.05,375,0,33750
NIITTECH30Jan201720CE.NFO,07/01/2020,10:56:52,14.85,14.75,375,16.25,375,0,33750
NIITTECH30Jan201720CE.NFO,07/01/2020,10:56:57,14.85,14.75,375,15.8,375,0,33750
NIITTECH30Jan201720CE.NFO,07/01/2020,10:57:05,14.85,14.75,375,15.95,375,0,33750
NIITTECH30Jan201720CE.NFO,07/01/2020,10:57:10,14.85,14.75,375,16.15,375,0,33750
NIITTECH30Jan201720CE.NFO,07/01/2020,10:57:17,14.85,14.75,375,16.05,375,0,33750
NIITTECH30Jan201720CE.NFO,07/01/2020,10:57:24,14.85,14.75,375,15.95,375,0,33750
NIITTECH30Jan201720CE.NFO,07/01/2020,10:57:31,14.85,14.75,375,15.85,375,0,33750
NIITTECH30Jan201720CE.NFO,07/01/2020,10:57:37,14.85,14.75,375,15.8,375,0,33750
NIITTECH30Jan201720CE.NFO,07/01/2020,10:57:49,14.85,14.75,375,16.15,375,0,33750
NIITTECH30Jan201720CE.NFO,07/01/2020,10:57:54,14.85,14.75,375,16.25,375,0,33750
NIITTECH30Jan201720CE.NFO,07/01/2020,10:58:08,14.85,14.75,375,16.15,375,0,33750
NIITTECH30Jan201720CE.NFO,07/01/2020,10:58:13,14.85,14.75,375,16.25,375,0,33750
NIITTECH30Jan201720CE.NFO,07/01/2020,10:58:18,14.85,14.75,375,16.15,375,0,33750
NIITTECH30Jan201720CE.NFO,07/01/2020,10:58:24,14.85,14.75,375,16.05,375,0,33750
NIITTECH30Jan201720CE.NFO,07/01/2020,10:58:29,14.85,14.75,375,15.9,375,0,33750
NIITTECH30Jan201720CE.NFO,07/01/2020,10:58:35,14.85,14.75,375,16.1,375,0,33750
NIITTECH30Jan201720CE.NFO,07/01/2020,10:58:45,14.85,14.75,375,16,375,0,33750
NIITTECH30Jan201720CE.NFO,07/01/2020,10:58:57,14.85,14.75,375,15.85,375,0,33750
NIITTECH30Jan201720CE.NFO,07/01/2020,10:59:08,14.85,14.75,375,16.15,375,0,33750
NIITTECH30Jan201720CE.NFO,07/01/2020,10:59:14,14.85,14.8,375,16.45,375,0,33750
NIITTECH30Jan201720CE.NFO,07/01/2020,10:59:18,14.85,14.8,375,16.65,375,0,33750
NIITTECH30Jan201720CE.NFO,07/01/2020,10:59:23,14.85,14.8,375,16.65,750,0,33750
NIITTECH30Jan201720CE.NFO,07/01/2020,10:59:28,14.85,14.8,375,16.4,375,0,33750
NIITTECH30Jan201720CE.NFO,07/01/2020,10:59:34,14.85,14.8,375,16.65,375,0,33750
NIITTECH30Jan201720CE.NFO,07/01/2020,10:59:40,14.85,14.8,375,16.75,375,0,33750
NIITTECH30Jan201720CE.NFO,07/01/2020,10:59:51,14.85,14.75,375,16.65,375,0,33750
NIITTECH30Jan201720CE.NFO,07/01/2020,10:59:56,14.85,14.8,375,16.7,375,0,33750
NIITTECH30Jan201720CE.NFO,07/01/2020,11:00:14,14.85,14.8,375,17.15,375,0,33750
NIITTECH30Jan201720CE.NFO,07/01/2020,11:00:21,14.85,14.8,375,16.7,375,0,33750
NIITTECH30Jan201720CE.NFO,07/01/2020,11:01:18,14.85,14.8,375,16.6,375,0,33750
NIITTECH30Jan201720CE.NFO,07/01/2020,11:01:25,14.85,14.8,375,16.7,375,0,33750
NIITTECH30Jan201720CE.NFO,07/01/2020,11:01:40,14.85,14.75,375,16.7,375,0,33750
NIITTECH30Jan201720CE.NFO,07/01/2020,11:02:03,14.85,14.75,375,16.5,375,0,33750
NIITTECH30Jan201720CE.NFO,07/01/2020,11:02:10,14.85,14.75,375,16.6,375,0,33750
NIITTECH30Jan201720CE.NFO,07/01/2020,11:02:23,14.85,14.75,375,16.65,375,0,33750
NIITTECH30Jan201720CE.NFO,07/01/2020,11:02:37,14.85,14.8,375,16.65,375,0,33750
NIITTECH30Jan201720CE.NFO,07/01/2020,11:02:49,14.85,14.75,375,16.5,375,0,33750
NIITTECH30Jan201720CE.NFO,07/01/2020,11:02:56,14.85,14.75,375,16.55,375,0,33750
NIITTECH30Jan201720CE.NFO,07/01/2020,11:03:03,14.85,14.85,1125,16.6,375,0,33750
NIITTECH30Jan201720CE.NFO,07/01/2020,11:03:09,14.85,14.85,1125,16.3,375,0,33750
NIITTECH30Jan201720CE.NFO,07/01/2020,11:04:08,14.85,14.75,375,16.3,375,0,33750
NIITTECH30Jan201720CE.NFO,07/01/2020,11:04:41,14.85,14.8,375,16.3,375,0,33750
NIITTECH30Jan201720CE.NFO,07/01/2020,11:07:27,14.85,14.8,375,16.35,375,0,33750
NIITTECH30Jan201720CE.NFO,07/01/2020,11:07:33,14.85,14.8,375,16.3,375,0,33750
NIITTECH30Jan201720CE.NFO,07/01/2020,11:07:43,14.85,14.85,375,16.3,375,0,33750
NIITTECH30Jan201720CE.NFO,07/01/2020,11:07:53,14.85,15,375,16.3,375,0,33750
NIITTECH30Jan201720CE.NFO,07/01/2020,11:07:57,14.85,14.8,375,16.2,375,0,33750
NIITTECH30Jan201720CE.NFO,07/01/2020,11:08:12,14.85,14.8,375,16,750,0,33750
NIITTECH30Jan201720CE.NFO,07/01/2020,11:08:17,14.85,14.8,375,16.05,375,0,33750
NIITTECH30Jan201720CE.NFO,07/01/2020,11:08:22,14.85,14.85,375,16.05,375,0,33750
NIITTECH30Jan201720CE.NFO,07/01/2020,11:08:32,14.85,14.8,375,16.05,750,0,33750
NIITTECH30Jan201720CE.NFO,07/01/2020,11:08:37,14.85,14.8,375,16.05,375,0,33750
NIITTECH30Jan201720CE.NFO,07/01/2020,11:09:30,14.85,14.9,375,16.05,375,0,33750
NIITTECH30Jan201720CE.NFO,07/01/2020,11:09:36,14.85,14.95,375,16.05,375,0,33750
NIITTECH30Jan201720CE.NFO,07/01/2020,11:09:41,14.85,14.85,375,16.05,375,0,33750
NIITTECH30Jan201720CE.NFO,07/01/2020,11:09:54,14.85,14.8,375,16.05,375,0,33750
NIITTECH30Jan201720CE.NFO,07/01/2020,11:10:02,14.85,14.8,375,16.05,750,0,33750
NIITTECH30Jan201720CE.NFO,07/01/2020,11:10:17,14.85,14.9,375,16.05,750,0,33750
NIITTECH30Jan201720CE.NFO,07/01/2020,11:10:22,14.85,14.8,375,16.05,750,0,33750
NIITTECH30Jan201720CE.NFO,07/01/2020,11:10:34,14.85,14.9,375,16.05,750,0,33750
NIITTECH30Jan201720CE.NFO,07/01/2020,11:10:37,14.85,14.85,375,16.05,750,0,33750
NIITTECH30Jan201720CE.NFO,07/01/2020,11:10:41,14.85,14.8,375,16.05,750,0,33750
NIITTECH30Jan201720CE.NFO,07/01/2020,11:10:51,14.85,14.9,375,16.05,750,0,33750
NIITTECH30Jan201720CE.NFO,07/01/2020,11:10:55,14.85,14.8,375,16.05,750,0,33750
NIITTECH30Jan201720CE.NFO,07/01/2020,11:11:06,14.85,14.9,375,16.05,750,0,33750
NIITTECH30Jan201720CE.NFO,07/01/2020,11:11:11,14.85,14.8,375,16.05,750,0,33750
NIITTECH30Jan201720CE.NFO,07/01/2020,11:11:17,14.85,14.8,375,16,375,0,33750
NIITTECH30Jan201720CE.NFO,07/01/2020,11:13:01,14.85,14.8,375,16.2,375,0,33750
NIITTECH30Jan201720CE.NFO,07/01/2020,11:13:06,14.85,14.8,375,16.15,750,0,33750
NIITTECH30Jan201720CE.NFO,07/01/2020,11:13:11,14.85,14.8,375,16.2,375,0,33750
NIITTECH30Jan201720CE.NFO,07/01/2020,11:13:23,14.85,14.8,375,16.15,375,0,33750
NIITTECH30Jan201720CE.NFO,07/01/2020,11:13:28,14.85,14.8,375,16.5,750,0,33750
NIITTECH30Jan201720CE.NFO,07/01/2020,11:13:52,14.85,14.8,375,16.5,375,0,33750
NIITTECH30Jan201720CE.NFO,07/01/2020,11:14:17,14.85,14.8,375,16.55,375,0,33750
NIITTECH30Jan201720CE.NFO,07/01/2020,11:14:41,14.85,14.8,750,16.8,750,0,33750
NIITTECH30Jan201720CE.NFO,07/01/2020,11:14:46,14.85,14.9,375,16.8,750,0,33750
NIITTECH30Jan201720CE.NFO,07/01/2020,11:14:51,14.85,14.8,375,16.8,1125,0,33750
NIITTECH30Jan201720CE.NFO,07/01/2020,11:14:56,14.85,14.9,375,16.8,1125,0,33750
NIITTECH30Jan201720CE.NFO,07/01/2020,11:15:15,14.85,14.9,750,16.8,1125,0,33750
NIITTECH30Jan201720CE.NFO,07/01/2020,11:15:26,14.85,14.9,375,16.8,1125,0,33750
NIITTECH30Jan201720CE.NFO,07/01/2020,11:15:31,14.85,14.95,375,16.8,1125,0,33750
NIITTECH30Jan201720CE.NFO,07/01/2020,11:15:36,14.85,15,375,16.8,1125,0,33750
NIITTECH30Jan201720CE.NFO,07/01/2020,11:15:41,14.85,14.9,375,16.8,1125,0,33750
NIITTECH30Jan201720CE.NFO,07/01/2020,11:15:45,14.85,15.05,375,16.8,1125,0,33750
NIITTECH30Jan201720CE.NFO,07/01/2020,11:15:50,14.85,14.8,375,16.6,750,0,33750
NIITTECH30Jan201720CE.NFO,07/01/2020,11:15:58,14.85,14.8,375,16.4,375,0,33750
NIITTECH30Jan201720CE.NFO,07/01/2020,11:16:04,14.85,14.8,375,16.3,375,0,33750
NIITTECH30Jan201720CE.NFO,07/01/2020,11:16:16,14.85,14.8,375,16.35,375,0,33750
NIITTECH30Jan201720CE.NFO,07/01/2020,11:16:22,14.85,14.8,375,16.45,375,0,33750
NIITTECH30Jan201720CE.NFO,07/01/2020,11:16:33,14.85,14.9,375,16.3,375,0,33750
NIITTECH30Jan201720CE.NFO,07/01/2020,11:16:38,14.85,14.95,375,16.3,375,0,33750
NIITTECH30Jan201720CE.NFO,07/01/2020,11:16:48,14.85,14.95,750,16.3,375,0,33750
NIITTECH30Jan201720CE.NFO,07/01/2020,11:16:54,14.85,14.95,750,16.45,375,0,33750
NIITTECH30Jan201720CE.NFO,07/01/2020,11:17:00,14.85,14.95,750,16.3,750,0,33750
NIITTECH30Jan201720CE.NFO,07/01/2020,11:17:04,14.85,15.05,375,16.45,750,0,33750
NIITTECH30Jan201720CE.NFO,07/01/2020,11:17:09,14.85,15.05,375,16.55,375,0,33750
NIITTECH30Jan201720CE.NFO,07/01/2020,11:17:15,14.85,15.05,375,16.45,1125,0,33750
NIITTECH30Jan201720CE.NFO,07/01/2020,11:17:20,14.85,15,375,15.75,375,0,33750
NIITTECH30Jan201720CE.NFO,07/01/2020,11:17:26,14.85,15.05,375,15.6,375,0,33750
NIITTECH30Jan201720CE.NFO,07/01/2020,11:17:36,14.85,15.05,375,15.7,375,0,33750
NIITTECH30Jan201720CE.NFO,07/01/2020,11:17:54,14.85,15.1,750,15.75,375,0,33750
NIITTECH30Jan201720CE.NFO,07/01/2020,11:17:59,14.85,15.1,750,16.15,375,0,33750
NIITTECH30Jan201720CE.NFO,07/01/2020,11:18:04,14.85,15.1,750,16.3,375,0,33750
NIITTECH30Jan201720CE.NFO,07/01/2020,11:18:08,14.85,15.1,750,16.3,750,0,33750
NIITTECH30Jan201720CE.NFO,07/01/2020,11:18:13,14.85,15.1,750,16.3,375,0,33750
NIITTECH30Jan201720CE.NFO,07/01/2020,11:18:26,14.85,15.1,750,16.5,375,0,33750
NIITTECH30Jan201720CE.NFO,07/01/2020,11:18:31,14.85,15.1,750,16.55,375,0,33750
NIITTECH30Jan201720CE.NFO,07/01/2020,11:18:37,14.85,15.1,750,16.6,375,0,33750
NIITTECH30Jan201720CE.NFO,07/01/2020,11:19:04,14.85,15.2,375,16.95,375,0,33750
NIITTECH30Jan201720CE.NFO,07/01/2020,11:19:14,14.85,15.25,375,16.65,375,0,33750
NIITTECH30Jan201720CE.NFO,07/01/2020,11:19:23,14.85,15.25,750,16.6,375,0,33750
NIITTECH30Jan201720CE.NFO,07/01/2020,11:19:37,14.85,14.8,375,16.6,375,0,33750
NIITTECH30Jan201720CE.NFO,07/01/2020,11:19:48,14.85,15.05,375,16.7,375,0,33750
NIITTECH30Jan201720CE.NFO,07/01/2020,11:19:54,14.85,15.05,375,16.55,375,0,33750
NIITTECH30Jan201720CE.NFO,07/01/2020,11:20:12,14.85,15.05,375,16.5,375,0,33750
NIITTECH30Jan201720CE.NFO,07/01/2020,11:20:23,14.85,15.05,375,16.6,375,0,33750
NIITTECH30Jan201720CE.NFO,07/01/2020,11:20:28,14.85,15.05,375,16.55,375,0,33750
NIITTECH30Jan201720CE.NFO,07/01/2020,11:20:40,14.85,15.05,375,16.45,375,0,33750
NIITTECH30Jan201720CE.NFO,07/01/2020,11:20:45,14.85,15.35,375,16.4,375,0,33750
NIITTECH30Jan201720CE.NFO,07/01/2020,11:20:51,14.85,15.35,375,16.6,375,0,33750
NIITTECH30Jan201720CE.NFO,07/01/2020,11:20:57,14.85,15.45,375,16.6,375,0,33750
NIITTECH30Jan201720CE.NFO,07/01/2020,11:21:17,14.85,15.45,375,16.5,375,0,33750
NIITTECH30Jan201720CE.NFO,07/01/2020,11:21:22,14.85,15.45,375,16.6,375,0,33750
NIITTECH30Jan201720CE.NFO,07/01/2020,11:21:37,14.85,16.5,375,16.95,375,0,33750
NIITTECH30Jan201720CE.NFO,07/01/2020,11:21:42,14.85,16.5,375,17.3,375,0,33750
NIITTECH30Jan201720CE.NFO,07/01/2020,11:21:46,14.85,16.5,375,17.25,375,0,33750
NIITTECH30Jan201720CE.NFO,07/01/2020,11:21:51,14.85,16.5,375,17.3,375,0,33750
NIITTECH30Jan201720CE.NFO,07/01/2020,11:21:55,14.85,16.5,375,17.25,375,0,33750
NIITTECH30Jan201720CE.NFO,07/01/2020,11:22:00,14.85,16.55,375,17.45,375,0,33750
NIITTECH30Jan201720CE.NFO,07/01/2020,11:22:04,14.85,16.55,375,17.7,750,0,33750
NIITTECH30Jan201720CE.NFO,07/01/2020,11:22:13,14.85,16.55,375,17.6,375,0,33750
NIITTECH30Jan201720CE.NFO,07/01/2020,11:22:20,14.85,16.55,750,17.6,375,0,33750
NIITTECH30Jan201720CE.NFO,07/01/2020,11:22:33,14.85,16.6,375,17.6,375,0,33750
NIITTECH30Jan201720CE.NFO,07/01/2020,11:22:37,17.5,16.65,375,17.6,375,375,33750
NIITTECH30Jan201720CE.NFO,07/01/2020,11:22:41,17.5,16.65,375,17.6,375,0,33750
NIITTECH30Jan201720CE.NFO,07/01/2020,11:22:50,17.5,16.6,375,17.6,750,0,33750
NIITTECH30Jan201720CE.NFO,07/01/2020,11:22:55,17.5,16.6,375,17.45,375,0,33750
NIITTECH30Jan201720CE.NFO,07/01/2020,11:22:59,17.5,16.6,375,17.4,375,0,33750
NIITTECH30Jan201720CE.NFO,07/01/2020,11:23:04,17.4,16.05,375,17.45,375,375,33750
NIITTECH30Jan201720CE.NFO,07/01/2020,11:23:09,17.4,16.05,375,17.45,375,0,33750
NIITTECH30Jan201720CE.NFO,07/01/2020,11:23:28,17.4,16.05,375,17.8,1125,0,33750
NIITTECH30Jan201720CE.NFO,07/01/2020,11:24:04,17.4,16.05,375,17.4,375,0,33750
NIITTECH30Jan201720CE.NFO,07/01/2020,11:24:09,17.4,16.05,375,17.5,750,0,33750
NIITTECH30Jan201720CE.NFO,07/01/2020,11:24:23,17.4,16.05,375,17.35,375,0,33750
NIITTECH30Jan201720CE.NFO,07/01/2020,11:24:50,17.4,15.6,750,17.4,375,0,33750
NIITTECH30Jan201720CE.NFO,07/01/2020,11:24:55,17.4,16.25,375,17.4,375,0,33750
NIITTECH30Jan201720CE.NFO,07/01/2020,11:24:59,17.4,15.9,375,17.4,375,0,33750
NIITTECH30Jan201720CE.NFO,07/01/2020,11:25:04,17.4,15.7,750,17.4,375,0,33750
NIITTECH30Jan201720CE.NFO,07/01/2020,11:25:09,17.4,16.1,375,17.45,375,0,33750
NIITTECH30Jan201720CE.NFO,07/01/2020,11:25:13,17.4,15.85,375,17.45,750,0,33750
NIITTECH30Jan201720CE.NFO,07/01/2020,11:25:17,17.4,16.2,375,17.45,750,0,33750
NIITTECH30Jan201720CE.NFO,07/01/2020,11:25:22,17.4,16.15,375,17.45,750,0,33750
NIITTECH30Jan201720CE.NFO,07/01/2020,11:25:28,17.4,15.5,750,17.45,375,0,33750
NIITTECH30Jan201720CE.NFO,07/01/2020,11:25:33,17.4,16,375,17.45,375,0,33750
NIITTECH30Jan201720CE.NFO,07/01/2020,11:25:37,17.4,15.7,375,17.45,375,0,33750
NIITTECH30Jan201720CE.NFO,07/01/2020,11:25:41,17.4,16.25,375,17.45,375,0,33750
NIITTECH30Jan201720CE.NFO,07/01/2020,11:25:47,17.4,16.15,375,17.45,375,0,33750
NIITTECH30Jan201720CE.NFO,07/01/2020,11:25:55,17.4,16.1,375,17.45,375,0,33750
NIITTECH30Jan201720CE.NFO,07/01/2020,11:25:59,17.4,16.05,375,17.45,375,0,33750
NIITTECH30Jan201720CE.NFO,07/01/2020,11:26:02,17.4,15.95,375,17.45,375,0,33750
NIITTECH30Jan201720CE.NFO,07/01/2020,11:26:07,17.4,15.5,750,17.45,375,0,33750
NIITTECH30Jan201720CE.NFO,07/01/2020,11:26:10,17.4,16.2,375,17.45,375,0,33750
NIITTECH30Jan201720CE.NFO,07/01/2020,11:26:14,17.4,16.1,375,17.4,375,0,33750
NIITTECH30Jan201720CE.NFO,07/01/2020,11:26:17,17.4,16.35,375,17.4,375,0,33750
NIITTECH30Jan201720CE.NFO,07/01/2020,11:26:19,17.4,15.9,375,17.4,375,0,33750
NIITTECH30Jan201720CE.NFO,07/01/2020,11:26:22,17.4,16.2,375,17.4,375,0,33750
NIITTECH30Jan201720CE.NFO,07/01/2020,11:26:30,17.4,15.95,375,17.4,375,0,33750
NIITTECH30Jan201720CE.NFO,07/01/2020,11:26:35,17.4,15.7,375,17.4,375,0,33750
NIITTECH30Jan201720CE.NFO,07/01/2020,11:26:39,17.4,16.2,375,17.4,375,0,33750
NIITTECH30Jan201720CE.NFO,07/01/2020,11:26:44,17.4,16.15,375,17.4,375,0,33750
NIITTECH30Jan201720CE.NFO,07/01/2020,11:26:49,17.4,16.05,375,17.4,750,0,33750
NIITTECH30Jan201720CE.NFO,07/01/2020,11:26:53,17.4,16,375,17.4,750,0,33750
NIITTECH30Jan201720CE.NFO,07/01/2020,11:26:57,17.4,15.95,375,17.4,750,0,33750
NIITTECH30Jan201720CE.NFO,07/01/2020,11:27:00,17.4,15.85,750,17.4,750,0,33750
NIITTECH30Jan201720CE.NFO,07/01/2020,11:27:04,17.4,15.95,375,17.4,750,0,33750
NIITTECH30Jan201720CE.NFO,07/01/2020,11:27:07,17.4,15.8,750,17.4,750,0,33750
NIITTECH30Jan201720CE.NFO,07/01/2020,11:27:10,17.4,16.05,375,17.4,750,0,33750
NIITTECH30Jan201720CE.NFO,07/01/2020,11:27:14,17.4,16,375,17.4,750,0,33750
NIITTECH30Jan201720CE.NFO,07/01/2020,11:27:17,17.4,15.9,375,17.4,750,0,33750
NIITTECH30Jan201720CE.NFO,07/01/2020,11:27:20,17.4,15.5,750,17.4,750,0,33750
NIITTECH30Jan201720CE.NFO,07/01/2020,11:27:24,17.4,16.05,375,17.4,750,0,33750
NIITTECH30Jan201720CE.NFO,07/01/2020,11:27:30,17.4,15.9,375,17.4,750,0,33750
NIITTECH30Jan201720CE.NFO,07/01/2020,11:27:32,17.4,15.75,375,17.4,750,0,33750
NIITTECH30Jan201720CE.NFO,07/01/2020,11:27:35,17.4,15.95,375,17.4,750,0,33750
NIITTECH30Jan201720CE.NFO,07/01/2020,11:27:37,17.4,16.2,375,17.4,375,0,33750
NIITTECH30Jan201720CE.NFO,07/01/2020,11:27:41,17.4,16.1,375,17.4,750,0,33750
NIITTECH30Jan201720CE.NFO,07/01/2020,11:27:44,17.4,16.05,375,17.4,750,0,33750
NIITTECH30Jan201720CE.NFO,07/01/2020,11:27:46,17.4,15.8,375,17.4,750,0,33750
NIITTECH30Jan201720CE.NFO,07/01/2020,11:27:48,17.4,16,375,17.4,750,0,33750
NIITTECH30Jan201720CE.NFO,07/01/2020,11:27:49,17.4,15.9,375,17.4,750,0,33750
NIITTECH30Jan201720CE.NFO,07/01/2020,11:27:57,17.4,16.05,375,17.4,750,0,33750
NIITTECH30Jan201720CE.NFO,07/01/2020,11:28:01,17.4,16,375,17.4,750,0,33750
NIITTECH30Jan201720CE.NFO,07/01/2020,11:28:04,17.4,15.9,375,17.4,375,0,33750
NIITTECH30Jan201720CE.NFO,07/01/2020,11:28:07,17.4,16.25,375,17.4,375,0,33750
NIITTECH30Jan201720CE.NFO,07/01/2020,11:28:11,17.4,16,375,17.4,375,0,33750
NIITTECH30Jan201720CE.NFO,07/01/2020,11:28:14,17.4,15.9,375,17.4,375,0,33750
NIITTECH30Jan201720CE.NFO,07/01/2020,11:28:19,17.4,15.85,375,17.4,375,0,33750
NIITTECH30Jan201720CE.NFO,07/01/2020,11:28:23,17.4,16.2,375,17.4,375,0,33750
NIITTECH30Jan201720CE.NFO,07/01/2020,11:28:26,17.4,16.05,375,17.4,375,0,33750
NIITTECH30Jan201720CE.NFO,07/01/2020,11:28:29,17.4,15.8,375,17.4,375,0,33750
NIITTECH30Jan201720CE.NFO,07/01/2020,11:28:32,17.4,16.05,375,17.4,375,0,33750
NIITTECH30Jan201720CE.NFO,07/01/2020,11:28:34,17.4,15.7,375,17.4,375,0,33750
NIITTECH30Jan201720CE.NFO,07/01/2020,11:28:36,17.4,15.9,375,17.4,375,0,33750
NIITTECH30Jan201720CE.NFO,07/01/2020,11:28:39,17.4,16.15,375,17.4,375,0,33750
NIITTECH30Jan201720CE.NFO,07/01/2020,11:28:41,17.4,15.6,375,17.4,375,0,33750
NIITTECH30Jan201720CE.NFO,07/01/2020,11:28:43,17.4,15.8,375,17.4,375,0,33750
NIITTECH30Jan201720CE.NFO,07/01/2020,11:28:44,17.4,16,375,17.4,375,0,33750
NIITTECH30Jan201720CE.NFO,07/01/2020,11:28:47,17.4,15.5,375,17.4,375,0,33750
NIITTECH30Jan201720CE.NFO,07/01/2020,11:28:50,17.4,15.7,375,17.4,375,0,33750
NIITTECH30Jan201720CE.NFO,07/01/2020,11:28:53,17.4,16.1,375,17.4,375,0,33750
NIITTECH30Jan201720CE.NFO,07/01/2020,11:28:57,17.4,15.85,375,17.4,375,0,33750
NIITTECH30Jan201720CE.NFO,07/01/2020,11:29:01,17.4,15.65,375,17.4,375,0,33750
NIITTECH30Jan201720CE.NFO,07/01/2020,11:29:05,17.4,16.05,375,17.4,375,0,33750
NIITTECH30Jan201720CE.NFO,07/01/2020,11:29:09,17.4,15.85,375,17.4,375,0,33750
NIITTECH30Jan201720CE.NFO,07/01/2020,11:29:13,17.4,16.15,375,17.4,375,0,33750
NIITTECH30Jan201720CE.NFO,07/01/2020,11:29:16,17.4,15.85,375,17.4,375,0,33750
NIITTECH30Jan201720CE.NFO,07/01/2020,11:29:20,17.4,16.2,375,17.4,375,0,33750
NIITTECH30Jan201720CE.NFO,07/01/2020,11:29:23,17.4,15.95,375,17.4,375,0,33750
NIITTECH30Jan201720CE.NFO,07/01/2020,11:29:27,17.4,16.2,375,17.4,375,0,33750
NIITTECH30Jan201720CE.NFO,07/01/2020,11:29:31,17.4,16.05,375,17.4,750,0,33750
NIITTECH30Jan201720CE.NFO,07/01/2020,11:29:35,17.4,15.75,375,17.4,750,0,33750
NIITTECH30Jan201720CE.NFO,07/01/2020,11:29:38,17.4,15.95,375,17.4,750,0,33750
NIITTECH30Jan201720CE.NFO,07/01/2020,11:29:41,17.4,15.65,375,17.4,750,0,33750
NIITTECH30Jan201720CE.NFO,07/01/2020,11:29:44,17.4,16.05,375,17.4,375,0,33750
NIITTECH30Jan201720CE.NFO,07/01/2020,11:29:48,17.4,15.7,375,17.4,375,0,33750
NIITTECH30Jan201720CE.NFO,07/01/2020,11:29:52,17.4,16.1,375,17.4,375,0,33750
NIITTECH30Jan201720CE.NFO,07/01/2020,11:29:55,17.4,15.6,375,17.45,375,0,33750
NIITTECH30Jan201720CE.NFO,07/01/2020,11:29:57,17.4,15.8,375,17.45,375,0,33750
NIITTECH30Jan201720CE.NFO,07/01/2020,11:29:59,17.4,16,375,17.45,375,0,33750
NIITTECH30Jan201720CE.NFO,07/01/2020,11:30:01,17.4,16.1,375,17.45,375,0,33750
NIITTECH30Jan201720CE.NFO,07/01/2020,11:30:03,17.4,15.7,375,17.45,375,0,33750
NIITTECH30Jan201720CE.NFO,07/01/2020,11:30:06,17.4,16,375,17.45,375,0,33750
NIITTECH30Jan201720CE.NFO,07/01/2020,11:30:09,17.4,15.5,375,17.45,375,0,33750
NIITTECH30Jan201720CE.NFO,07/01/2020,11:30:12,17.4,15.8,375,17.45,375,0,33750
NIITTECH30Jan201720CE.NFO,07/01/2020,11:30:16,17.4,16.2,375,17.4,375,0,33750
NIITTECH30Jan201720CE.NFO,07/01/2020,11:30:20,17.4,15.9,375,17.4,375,0,33750
NIITTECH30Jan201720CE.NFO,07/01/2020,11:30:25,17.4,15.6,750,17.4,375,0,33750
NIITTECH30Jan201720CE.NFO,07/01/2020,11:30:30,17.4,16.1,375,17.45,375,0,33750
NIITTECH30Jan201720CE.NFO,07/01/2020,11:30:33,17.4,15.7,375,17.45,375,0,33750
NIITTECH30Jan201720CE.NFO,07/01/2020,11:30:36,17.4,16,375,17.45,375,0,33750
NIITTECH30Jan201720CE.NFO,07/01/2020,11:30:40,17.4,15.65,375,17.45,375,0,33750
NIITTECH30Jan201720CE.NFO,07/01/2020,11:30:43,17.4,16.05,375,17.4,375,0,33750
NIITTECH30Jan201720CE.NFO,07/01/2020,11:30:46,17.4,15.55,375,17.4,375,0,33750
NIITTECH30Jan201720CE.NFO,07/01/2020,11:30:49,17.4,15.95,375,17.4,375,0,33750
NIITTECH30Jan201720CE.NFO,07/01/2020,11:30:51,17.4,15.6,375,17.4,375,0,33750
NIITTECH30Jan201720CE.NFO,07/01/2020,11:30:55,17.4,15.8,375,17.4,375,0,33750
NIITTECH30Jan201720CE.NFO,07/01/2020,11:30:57,17.4,16.15,375,17.4,375,0,33750
NIITTECH30Jan201720CE.NFO,07/01/2020,11:31:02,17.4,15.9,375,17.4,375,0,33750
NIITTECH30Jan201720CE.NFO,07/01/2020,11:31:09,17.4,16.05,375,17.4,375,0,33750
NIITTECH30Jan201720CE.NFO,07/01/2020,11:31:15,17.4,15.95,375,17.4,375,0,33750
NIITTECH30Jan201720CE.NFO,07/01/2020,11:31:24,17.4,15.75,375,17.4,375,0,33750
NIITTECH30Jan201720CE.NFO,07/01/2020,11:31:29,17.4,15.55,375,17.4,375,0,33750
NIITTECH30Jan201720CE.NFO,07/01/2020,11:31:34,17.4,15.95,375,17.4,375,0,33750
NIITTECH30Jan201720CE.NFO,07/01/2020,11:31:38,17.4,15.85,375,17.4,375,0,33750
NIITTECH30Jan201720CE.NFO,07/01/2020,11:31:41,17.4,16.2,375,17.4,375,0,33750
NIITTECH30Jan201720CE.NFO,07/01/2020,11:31:46,17.4,16.1,375,17.4,750,0,33750
NIITTECH30Jan201720CE.NFO,07/01/2020,11:31:51,17.4,16.05,375,17.4,750,0,33750
NIITTECH30Jan201720CE.NFO,07/01/2020,11:32:09,17.4,15.95,375,17.4,750,0,33750
NIITTECH30Jan201720CE.NFO,07/01/2020,11:32:19,17.4,15.65,375,17.4,750,0,33750
NIITTECH30Jan201720CE.NFO,07/01/2020,11:32:25,17.4,15.55,750,17.4,750,0,33750
NIITTECH30Jan201720CE.NFO,07/01/2020,11:32:29,17.4,16.05,375,17.4,750,0,33750
NIITTECH30Jan201720CE.NFO,07/01/2020,11:32:35,17.4,15.95,375,17.4,750,0,33750
NIITTECH30Jan201720CE.NFO,07/01/2020,11:32:39,17.4,15.75,375,17.4,750,0,33750
NIITTECH30Jan201720CE.NFO,07/01/2020,11:32:44,17.4,16.1,375,17.4,750,0,33750
NIITTECH30Jan201720CE.NFO,07/01/2020,11:32:48,17.4,15.85,375,17.4,750,0,33750
NIITTECH30Jan201720CE.NFO,07/01/2020,11:32:51,17.4,15.65,375,17.4,750,0,33750
NIITTECH30Jan201720CE.NFO,07/01/2020,11:32:55,17.4,16.05,375,17.4,750,0,33750
NIITTECH30Jan201720CE.NFO,07/01/2020,11:32:59,17.4,15.75,375,17.4,750,0,33750
NIITTECH30Jan201720CE.NFO,07/01/2020,11:33:03,17.4,16.1,375,17.4,750,0,33750
NIITTECH30Jan201720CE.NFO,07/01/2020,11:33:07,17.4,15.95,375,17.4,750,0,33750
NIITTECH30Jan201720CE.NFO,07/01/2020,11:33:10,17.4,15.55,375,17.4,750,0,33750
NIITTECH30Jan201720CE.NFO,07/01/2020,11:33:13,17.4,15.95,375,17.4,375,0,33750
NIITTECH30Jan201720CE.NFO,07/01/2020,11:33:17,17.4,15.65,375,17.4,375,0,33750
NIITTECH30Jan201720CE.NFO,07/01/2020,11:33:20,17.4,16.1,375,17.4,375,0,33750
NIITTECH30Jan201720CE.NFO,07/01/2020,11:33:23,17.4,16.05,375,17.4,375,0,33750
NIITTECH30Jan201720CE.NFO,07/01/2020,11:33:27,17.4,15.95,375,17.4,375,0,33750
NIITTECH30Jan201720CE.NFO,07/01/2020,11:33:34,17.4,16.15,375,17.4,375,0,33750
NIITTECH30Jan201720CE.NFO,07/01/2020,11:33:51,17.4,16.2,375,17.4,375,0,33750
NIITTECH30Jan201720CE.NFO,07/01/2020,11:33:54,17.4,16.05,375,17.4,375,0,33750
NIITTECH30Jan201720CE.NFO,07/01/2020,11:34:01,17.4,16,375,17.4,750,0,33750
NIITTECH30Jan201720CE.NFO,07/01/2020,11:34:15,17.4,16.1,750,17.4,750,0,33750
NIITTECH30Jan201720CE.NFO,07/01/2020,11:34:34,17.4,16.25,375,17.4,375,0,33750
NIITTECH30Jan201720CE.NFO,07/01/2020,11:34:40,17.4,16.2,375,17.4,375,0,33750
NIITTECH30Jan201720CE.NFO,07/01/2020,11:34:47,17.4,16.25,375,17.4,375,0,33750
NIITTECH30Jan201720CE.NFO,07/01/2020,11:34:53,17.4,16.35,375,17.4,375,0,33750
NIITTECH30Jan201720CE.NFO,07/01/2020,11:35:17,17.4,16.5,375,17.4,375,0,33750
NIITTECH30Jan201720CE.NFO,07/01/2020,11:35:24,17.4,16.5,375,17.75,375,0,33750
NIITTECH30Jan201720CE.NFO,07/01/2020,11:35:30,17.4,16.5,750,17.75,375,0,33750
NIITTECH30Jan201720CE.NFO,07/01/2020,11:36:17,17.4,16.7,375,17.75,375,0,33750
NIITTECH30Jan201720CE.NFO,07/01/2020,11:37:03,17.4,16.5,375,17.75,375,0,33750
NIITTECH30Jan201720CE.NFO,07/01/2020,11:38:38,17.4,16.75,375,17.9,375,0,33750
NIITTECH30Jan201720CE.NFO,07/01/2020,11:38:41,17.4,16.2,750,17.85,375,0,33750
NIITTECH30Jan201720CE.NFO,07/01/2020,11:38:45,17.4,16.2,750,17.9,375,0,33750
NIITTECH30Jan201720CE.NFO,07/01/2020,11:38:49,17.4,16.2,750,17.85,375,0,33750
NIITTECH30Jan201720CE.NFO,07/01/2020,11:38:53,17.4,16.2,750,17.9,750,0,33750
NIITTECH30Jan201720CE.NFO,07/01/2020,11:38:56,17.4,16.2,750,17.85,750,0,33750
NIITTECH30Jan201720CE.NFO,07/01/2020,11:39:00,17.4,16.2,750,17.7,375,0,33750
NIITTECH30Jan201720CE.NFO,07/01/2020,11:39:04,17.4,16.3,750,17.75,375,0,33750
NIITTECH30Jan201720CE.NFO,07/01/2020,11:39:07,17.4,16.3,750,17.85,375,0,33750
NIITTECH30Jan201720CE.NFO,07/01/2020,11:39:10,17.4,16.3,750,17.8,375,0,33750
NIITTECH30Jan201720CE.NFO,07/01/2020,11:39:13,17.4,16.3,375,17.55,375,0,33750
NIITTECH30Jan201720CE.NFO,07/01/2020,11:39:17,17.4,16.3,375,17.5,375,0,33750
NIITTECH30Jan201720CE.NFO,07/01/2020,11:39:22,17.4,16.3,375,17.3,375,0,33750
NIITTECH30Jan201720CE.NFO,07/01/2020,11:40:09,17.4,16.3,375,17.35,375,0,33750
NIITTECH30Jan201720CE.NFO,07/01/2020,11:40:27,17.4,16.15,375,17.3,375,0,33750
NIITTECH30Jan201720CE.NFO,07/01/2020,11:40:50,17.4,16.15,750,17.3,375,0,33750
NIITTECH30Jan201720CE.NFO,07/01/2020,11:42:32,17.4,16.15,375,17.65,375,0,33750
NIITTECH30Jan201720CE.NFO,07/01/2020,11:44:48,17.4,16.15,375,17.7,375,0,33750
NIITTECH30Jan201720CE.NFO,07/01/2020,11:44:52,17.4,16.15,375,17.55,375,0,33750
NIITTECH30Jan201720CE.NFO,07/01/2020,11:44:56,17.4,16.15,375,17.5,375,0,33750
NIITTECH30Jan201720CE.NFO,07/01/2020,11:44:59,17.4,16.15,375,17.55,375,0,33750
NIITTECH30Jan201720CE.NFO,07/01/2020,11:45:03,17.4,16.15,375,17.6,375,0,33750
NIITTECH30Jan201720CE.NFO,07/01/2020,11:45:10,17.4,16.15,375,17.65,750,0,33750
NIITTECH30Jan201720CE.NFO,07/01/2020,11:45:13,17.4,16.15,375,17.6,375,0,33750
NIITTECH30Jan201720CE.NFO,07/01/2020,11:45:20,17.4,16.15,375,17.5,750,0,33750
NIITTECH30Jan201720CE.NFO,07/01/2020,11:45:24,17.4,16.15,375,17.45,375,0,33750
NIITTECH30Jan201720CE.NFO,07/01/2020,11:45:28,17.4,15.65,375,17.4,375,0,33750
NIITTECH30Jan201720CE.NFO,07/01/2020,11:45:33,17.4,15.75,375,17.45,375,0,33750
NIITTECH30Jan201720CE.NFO,07/01/2020,11:45:37,17.4,15.75,375,17.4,375,0,33750
NIITTECH30Jan201720CE.NFO,07/01/2020,11:45:42,17.4,15.75,375,17.45,375,0,33750
NIITTECH30Jan201720CE.NFO,07/01/2020,11:45:46,17.4,15.85,375,17.45,375,0,33750
NIITTECH30Jan201720CE.NFO,07/01/2020,11:45:58,17.4,15.85,375,17.5,375,0,33750
NIITTECH30Jan201720CE.NFO,07/01/2020,11:46:15,17.4,15.5,375,17.5,375,0,33750
NIITTECH30Jan201720CE.NFO,07/01/2020,11:46:19,17.4,16,375,17.5,375,0,33750
NIITTECH30Jan201720CE.NFO,07/01/2020,11:46:49,17.4,15.55,375,17.45,375,0,33750
NIITTECH30Jan201720CE.NFO,07/01/2020,11:46:54,17.4,15.75,375,17.35,375,0,33750
NIITTECH30Jan201720CE.NFO,07/01/2020,11:46:56,17.4,16,375,17.4,375,0,33750
NIITTECH30Jan201720CE.NFO,07/01/2020,11:46:58,17.4,15.6,375,17.3,375,0,33750
NIITTECH30Jan201720CE.NFO,07/01/2020,11:47:01,17.4,15.6,375,17.25,375,0,33750
NIITTECH30Jan201720CE.NFO,07/01/2020,11:47:08,17.4,15.6,375,17.3,375,0,33750
NIITTECH30Jan201720CE.NFO,07/01/2020,11:47:11,17.4,15.6,375,17.3,750,0,33750
NIITTECH30Jan201720CE.NFO,07/01/2020,11:47:15,17.4,15.6,375,17.35,375,0,33750
NIITTECH30Jan201720CE.NFO,07/01/2020,11:47:19,17.4,15.6,375,17.3,375,0,33750
NIITTECH30Jan201720CE.NFO,07/01/2020,11:47:37,17.4,15.7,375,17.4,750,0,33750
NIITTECH30Jan201720CE.NFO,07/01/2020,11:47:41,17.4,15.7,375,17.35,375,0,33750
NIITTECH30Jan201720CE.NFO,07/01/2020,11:47:45,17.4,15.7,375,17.3,750,0,33750
NIITTECH30Jan201720CE.NFO,07/01/2020,11:47:49,17.4,15.7,375,17.25,750,0,33750
NIITTECH30Jan201720CE.NFO,07/01/2020,11:47:51,17.4,15.7,375,17.35,375,0,33750
NIITTECH30Jan201720CE.NFO,07/01/2020,11:47:55,17.4,15.7,375,17.25,375,0,33750
NIITTECH30Jan201720CE.NFO,07/01/2020,11:48:07,17.4,15.8,375,17.25,375,0,33750
NIITTECH30Jan201720CE.NFO,07/01/2020,11:48:16,17.4,15.15,375,17,375,0,33750
NIITTECH30Jan201720CE.NFO,07/01/2020,11:48:21,17.4,15.15,375,17.1,750,0,33750
NIITTECH30Jan201720CE.NFO,07/01/2020,11:48:29,17.4,15.15,375,17.1,375,0,33750
NIITTECH30Jan201720CE.NFO,07/01/2020,11:48:37,17.4,15.15,375,17.1,750,0,33750
NIITTECH30Jan201720CE.NFO,07/01/2020,11:48:42,17.4,15.15,375,16.8,375,0,33750
NIITTECH30Jan201720CE.NFO,07/01/2020,11:48:46,17.4,15.15,375,16.95,375,0,33750
NIITTECH30Jan201720CE.NFO,07/01/2020,11:49:10,17.4,15.15,375,16.9,375,0,33750
NIITTECH30Jan201720CE.NFO,07/01/2020,11:49:55,17.4,15.15,375,16.85,375,0,33750
NIITTECH30Jan201720CE.NFO,07/01/2020,11:50:04,17.4,15.15,375,16.9,375,0,33750
NIITTECH30Jan201720CE.NFO,07/01/2020,11:50:12,17.4,15.15,375,16.85,375,0,33750
NIITTECH30Jan201720CE.NFO,07/01/2020,11:50:29,17.4,15.15,375,16.9,375,0,33750
NIITTECH30Jan201720CE.NFO,07/01/2020,11:50:39,17.4,15.15,375,16.85,375,0,33750
NIITTECH30Jan201720CE.NFO,07/01/2020,11:51:19,17.4,15.15,375,16.8,375,0,33750
NIITTECH30Jan201720CE.NFO,07/01/2020,11:51:23,17.4,15.15,375,16.75,375,0,33750
NIITTECH30Jan201720CE.NFO,07/01/2020,11:51:28,17.4,15.15,375,16.8,375,0,33750
NIITTECH30Jan201720CE.NFO,07/01/2020,11:51:33,17.4,15.15,375,16.85,375,0,33750
NIITTECH30Jan201720CE.NFO,07/01/2020,11:51:43,17.4,15.15,375,16.8,375,0,33750
NIITTECH30Jan201720CE.NFO,07/01/2020,11:51:51,17.4,15.15,375,16.75,375,0,33750
NIITTECH30Jan201720CE.NFO,07/01/2020,11:51:56,17.4,15.15,375,16.7,375,0,33750
NIITTECH30Jan201720CE.NFO,07/01/2020,11:52:01,17.4,15.15,375,16.75,375,0,33750
NIITTECH30Jan201720CE.NFO,07/01/2020,11:52:05,17.4,15.15,375,16.8,375,0,33750
NIITTECH30Jan201720CE.NFO,07/01/2020,11:52:16,17.4,15.15,375,17.05,750,0,33750
NIITTECH30Jan201720CE.NFO,07/01/2020,11:52:19,17.4,15.15,375,17,375,0,33750
NIITTECH30Jan201720CE.NFO,07/01/2020,11:52:24,17.4,15.15,375,16.95,375,0,33750
NIITTECH30Jan201720CE.NFO,07/01/2020,11:52:28,17.4,15.15,375,17.05,375,0,33750
NIITTECH30Jan201720CE.NFO,07/01/2020,11:52:45,17.4,15.15,375,16.9,375,0,33750
NIITTECH30Jan201720CE.NFO,07/01/2020,11:52:52,17.4,15.15,375,16.95,375,0,33750
NIITTECH30Jan201720CE.NFO,07/01/2020,11:52:57,17.4,15.15,375,17.1,375,0,33750
NIITTECH30Jan201720CE.NFO,07/01/2020,11:54:15,17.4,15.15,375,17.1,750,0,33750
NIITTECH30Jan201720CE.NFO,07/01/2020,11:54:19,17.4,15.15,375,17,375,0,33750
NIITTECH30Jan201720CE.NFO,07/01/2020,11:54:23,17.4,15.15,375,17.05,375,0,33750
NIITTECH30Jan201720CE.NFO,07/01/2020,11:54:53,17.4,15.15,375,17,375,0,33750
NIITTECH30Jan201720CE.NFO,07/01/2020,11:55:16,17.4,15.15,375,17.05,375,0,33750
NIITTECH30Jan201720CE.NFO,07/01/2020,11:55:23,17.4,15.15,375,17.1,375,0,33750
NIITTECH30Jan201720CE.NFO,07/01/2020,11:55:33,17.4,15.15,375,17.1,750,0,33750
NIITTECH30Jan201720CE.NFO,07/01/2020,11:55:36,17.4,15.15,375,17.1,375,0,33750
NIITTECH30Jan201720CE.NFO,07/01/2020,11:55:39,17.4,15.15,375,17,750,0,33750
NIITTECH30Jan201720CE.NFO,07/01/2020,11:55:42,17.4,15.15,375,16.95,375,0,33750
NIITTECH30Jan201720CE.NFO,07/01/2020,11:55:45,17.4,15.15,375,16.9,375,0,33750
NIITTECH30Jan201720CE.NFO,07/01/2020,11:55:55,17.4,15.15,375,17.05,375,0,33750
NIITTECH30Jan201720CE.NFO,07/01/2020,11:55:59,17.4,15.15,375,16.95,375,0,33750
NIITTECH30Jan201720CE.NFO,07/01/2020,11:56:03,17.4,15.15,375,17,375,0,33750
NIITTECH30Jan201720CE.NFO,07/01/2020,11:56:07,17.4,15.15,375,16.95,375,0,33750
NIITTECH30Jan201720CE.NFO,07/01/2020,11:56:17,17.4,15.15,375,16.9,375,0,33750
NIITTECH30Jan201720CE.NFO,07/01/2020,11:56:26,17.4,15.15,375,16.95,375,0,33750
NIITTECH30Jan201720CE.NFO,07/01/2020,11:56:30,17.4,15.15,375,16.9,375,0,33750
NIITTECH30Jan201720CE.NFO,07/01/2020,11:56:41,17.4,15.15,375,16.8,750,0,33750
NIITTECH30Jan201720CE.NFO,07/01/2020,11:56:44,17.4,15.15,375,16.85,375,0,33750
NIITTECH30Jan201720CE.NFO,07/01/2020,11:56:47,17.4,15.15,375,16.8,375,0,33750
NIITTECH30Jan201720CE.NFO,07/01/2020,11:56:50,17.4,15.15,375,16.85,375,0,33750
NIITTECH30Jan201720CE.NFO,07/01/2020,11:58:12,17.4,15.15,375,16.8,375,0,33750
NIITTECH30Jan201720CE.NFO,07/01/2020,11:58:19,17.4,15.15,375,16.75,375,0,33750
NIITTECH30Jan201720CE.NFO,07/01/2020,11:58:26,17.4,15.15,375,16.8,375,0,33750
NIITTECH30Jan201720CE.NFO,07/01/2020,11:58:51,17.4,15.15,375,16.85,375,0,33750
NIITTECH30Jan201720CE.NFO,07/01/2020,11:58:58,17.4,15.15,375,16.8,375,0,33750
NIITTECH30Jan201720CE.NFO,07/01/2020,11:59:05,17.4,15.15,375,16.85,375,0,33750
NIITTECH30Jan201720CE.NFO,07/01/2020,11:59:08,17.4,15.15,375,16.8,750,0,33750
NIITTECH30Jan201720CE.NFO,07/01/2020,11:59:11,17.4,15.15,375,16.75,375,0,33750
NIITTECH30Jan201720CE.NFO,07/01/2020,11:59:14,17.4,15.15,375,16.8,375,0,33750
NIITTECH30Jan201720CE.NFO,07/01/2020,11:59:34,17.4,15.15,375,16.85,375,0,33750
NIITTECH30Jan201720CE.NFO,07/01/2020,11:59:54,17.4,15.15,375,16.8,375,0,33750
NIITTECH30Jan201720CE.NFO,07/01/2020,12:00:01,17.4,15.15,375,16.85,375,0,33750
NIITTECH30Jan201720CE.NFO,07/01/2020,12:00:13,17.4,15.15,375,16.8,375,0,33750
NIITTECH30Jan201720CE.NFO,07/01/2020,12:00:21,17.4,15.15,375,16.85,750,0,33750
NIITTECH30Jan201720CE.NFO,07/01/2020,12:00:25,17.4,15.15,375,16.8,375,0,33750
NIITTECH30Jan201720CE.NFO,07/01/2020,12:00:29,17.4,15.15,375,16.75,375,0,33750
NIITTECH30Jan201720CE.NFO,07/01/2020,12:00:33,17.4,15.15,375,16.65,375,0,33750
NIITTECH30Jan201720CE.NFO,07/01/2020,12:00:58,17.4,15.15,375,16.7,375,0,33750
NIITTECH30Jan201720CE.NFO,07/01/2020,12:01:05,17.4,15.15,375,16.8,375,0,33750
NIITTECH30Jan201720CE.NFO,07/01/2020,12:01:07,17.4,15.15,375,16.75,750,0,33750
NIITTECH30Jan201720CE.NFO,07/01/2020,12:01:10,17.4,15.15,375,16.75,375,0,33750
NIITTECH30Jan201720CE.NFO,07/01/2020,12:01:14,17.4,15.15,375,16.7,375,0,33750
NIITTECH30Jan201720CE.NFO,07/01/2020,12:01:16,17.4,15.15,375,16.75,750,0,33750
NIITTECH30Jan201720CE.NFO,07/01/2020,12:01:18,17.4,15.15,375,16.7,375,0,33750
NIITTECH30Jan201720CE.NFO,07/01/2020,12:01:42,17.4,15.15,375,16.75,375,0,33750
NIITTECH30Jan201720CE.NFO,07/01/2020,12:01:45,17.4,15.15,375,16.7,375,0,33750
NIITTECH30Jan201720CE.NFO,07/01/2020,12:01:47,17.4,15.15,375,16.6,375,0,33750
NIITTECH30Jan201720CE.NFO,07/01/2020,12:01:50,17.4,15.15,375,16.65,750,0,33750
NIITTECH30Jan201720CE.NFO,07/01/2020,12:01:53,17.4,15.15,375,16.6,375,0,33750
NIITTECH30Jan201720CE.NFO,07/01/2020,12:01:56,17.4,15.15,375,16.45,375,0,33750
NIITTECH30Jan201720CE.NFO,07/01/2020,12:01:59,17.4,15.15,375,16.4,375,0,33750
NIITTECH30Jan201720CE.NFO,07/01/2020,12:02:02,17.4,15,375,16.2,375,0,33750
NIITTECH30Jan201720CE.NFO,07/01/2020,12:02:10,17.4,15,375,16.25,375,0,33750
NIITTECH30Jan201720CE.NFO,07/01/2020,12:02:13,17.4,15,375,16.3,375,0,33750
NIITTECH30Jan201720CE.NFO,07/01/2020,12:02:25,17.4,15,375,16.3,750,0,33750
NIITTECH30Jan201720CE.NFO,07/01/2020,12:02:29,17.4,15.05,375,16.4,375,0,33750
NIITTECH30Jan201720CE.NFO,07/01/2020,12:02:34,17.4,15.05,375,16.5,375,0,33750
NIITTECH30Jan201720CE.NFO,07/01/2020,12:02:41,17.4,15.05,375,16.6,375,0,33750
NIITTECH30Jan201720CE.NFO,07/01/2020,12:03:15,17.4,15.05,375,16.55,375,0,33750
NIITTECH30Jan201720CE.NFO,07/01/2020,12:03:26,17.4,15.05,375,16.35,375,0,33750
NIITTECH30Jan201720CE.NFO,07/01/2020,12:03:32,17.4,15.05,375,16.5,375,0,33750
NIITTECH30Jan201720CE.NFO,07/01/2020,12:03:37,17.4,15.05,375,16.45,375,0,33750
NIITTECH30Jan201720CE.NFO,07/01/2020,12:03:46,17.4,15.05,375,16.5,375,0,33750
NIITTECH30Jan201720CE.NFO,07/01/2020,12:03:49,17.4,15.05,375,16.55,375,0,33750
NIITTECH30Jan201720CE.NFO,07/01/2020,12:03:56,17.4,15.05,375,16.55,750,0,33750
NIITTECH30Jan201720CE.NFO,07/01/2020,12:03:59,17.4,15.05,375,16.5,375,0,33750
NIITTECH30Jan201720CE.NFO,07/01/2020,12:04:03,17.4,15.05,375,16.6,375,0,33750
NIITTECH30Jan201720CE.NFO,07/01/2020,12:04:10,17.4,15.05,375,16.5,375,0,33750
NIITTECH30Jan201720CE.NFO,07/01/2020,12:04:13,17.4,15.05,375,16.55,375,0,33750
NIITTECH30Jan201720CE.NFO,07/01/2020,12:04:26,17.4,15.05,375,16.6,375,0,33750
NIITTECH30Jan201720CE.NFO,07/01/2020,12:04:50,17.4,15.05,375,16.65,375,0,33750
NIITTECH30Jan201720CE.NFO,07/01/2020,12:05:24,17.4,15.05,375,16.6,375,0,33750
NIITTECH30Jan201720CE.NFO,07/01/2020,12:05:28,17.4,15.05,375,16.55,375,0,33750
NIITTECH30Jan201720CE.NFO,07/01/2020,12:05:32,17.4,15.05,375,16.65,375,0,33750
NIITTECH30Jan201720CE.NFO,07/01/2020,12:05:36,17.4,15.05,375,16.6,375,0,33750
NIITTECH30Jan201720CE.NFO,07/01/2020,12:05:44,17.4,15.05,375,16.65,375,0,33750
NIITTECH30Jan201720CE.NFO,07/01/2020,12:05:50,17.4,15.05,375,16.55,750,0,33750
NIITTECH30Jan201720CE.NFO,07/01/2020,12:05:54,17.4,15.05,375,16.45,375,0,33750
NIITTECH30Jan201720CE.NFO,07/01/2020,12:05:59,17.4,15.05,375,16.4,375,0,33750
NIITTECH30Jan201720CE.NFO,07/01/2020,12:06:02,17.4,15.05,375,16.45,375,0,33750
NIITTECH30Jan201720CE.NFO,07/01/2020,12:06:05,17.4,15.05,375,16.5,375,0,33750
NIITTECH30Jan201720CE.NFO,07/01/2020,12:06:14,17.4,15.05,375,16.6,375,0,33750
NIITTECH30Jan201720CE.NFO,07/01/2020,12:06:19,17.4,15.05,375,16.6,750,0,33750
NIITTECH30Jan201720CE.NFO,07/01/2020,12:06:22,17.4,15.05,375,16.55,375,0,33750
NIITTECH30Jan201720CE.NFO,07/01/2020,12:06:26,17.4,15.05,375,16.5,375,0,33750
NIITTECH30Jan201720CE.NFO,07/01/2020,12:06:32,17.4,15.05,375,16.55,375,0,33750
NIITTECH30Jan201720CE.NFO,07/01/2020,12:06:41,17.4,15.05,375,16.3,375,0,33750
NIITTECH30Jan201720CE.NFO,07/01/2020,12:06:44,17.4,15.05,375,16.35,375,0,33750
NIITTECH30Jan201720CE.NFO,07/01/2020,12:06:48,17.4,15.05,375,16.4,375,0,33750
NIITTECH30Jan201720CE.NFO,07/01/2020,12:07:02,17.4,15.05,375,16.45,375,0,33750
NIITTECH30Jan201720CE.NFO,07/01/2020,12:07:09,17.4,15.05,375,16.5,375,0,33750
NIITTECH30Jan201720CE.NFO,07/01/2020,12:07:28,17.4,15.05,375,16.6,375,0,33750
NIITTECH30Jan201720CE.NFO,07/01/2020,12:07:37,17.4,15.05,375,16.55,750,0,33750
NIITTECH30Jan201720CE.NFO,07/01/2020,12:07:40,17.4,15.05,375,16.45,375,0,33750
NIITTECH30Jan201720CE.NFO,07/01/2020,12:07:58,17.4,15,375,16.3,750,0,33750
NIITTECH30Jan201720CE.NFO,07/01/2020,12:08:02,17.4,15,375,16.15,375,0,33750
NIITTECH30Jan201720CE.NFO,07/01/2020,12:08:06,17.4,15.05,375,16.2,375,0,33750
NIITTECH30Jan201720CE.NFO,07/01/2020,12:08:09,17.4,15.05,375,16.25,375,0,33750
NIITTECH30Jan201720CE.NFO,07/01/2020,12:08:13,17.4,15.05,375,16.35,750,0,33750
NIITTECH30Jan201720CE.NFO,07/01/2020,12:08:19,17.4,15.05,375,16.7,375,0,33750
NIITTECH30Jan201720CE.NFO,07/01/2020,12:08:25,17.4,15.05,375,16.65,750,0,33750
NIITTECH30Jan201720CE.NFO,07/01/2020,12:08:31,17.4,15.05,375,16.8,750,0,33750
NIITTECH30Jan201720CE.NFO,07/01/2020,12:08:35,17.4,15.05,375,16.6,375,0,33750
NIITTECH30Jan201720CE.NFO,07/01/2020,12:08:39,17.4,15.05,375,16.6,750,0,33750
NIITTECH30Jan201720CE.NFO,07/01/2020,12:08:42,17.4,15.05,375,16.45,375,0,33750
NIITTECH30Jan201720CE.NFO,07/01/2020,12:08:49,17.4,15.05,375,16.35,375,0,33750
NIITTECH30Jan201720CE.NFO,07/01/2020,12:08:53,17.4,15.05,375,16.4,375,0,33750
NIITTECH30Jan201720CE.NFO,07/01/2020,12:09:00,17.4,15.05,375,16.45,375,0,33750
NIITTECH30Jan201720CE.NFO,07/01/2020,12:09:07,17.4,15.05,375,16.5,375,0,33750
NIITTECH30Jan201720CE.NFO,07/01/2020,12:09:10,17.4,15.05,375,16.55,375,0,33750
NIITTECH30Jan201720CE.NFO,07/01/2020,12:10:04,17.4,15.05,375,16.45,375,0,33750
NIITTECH30Jan201720CE.NFO,07/01/2020,12:10:11,17.4,15.05,375,16.65,750,0,33750
NIITTECH30Jan201720CE.NFO,07/01/2020,12:10:20,17.4,15.05,375,16.45,375,0,33750
NIITTECH30Jan201720CE.NFO,07/01/2020,12:10:33,17.4,15.05,375,16.4,375,0,33750
NIITTECH30Jan201720CE.NFO,07/01/2020,12:10:39,17.4,15.05,375,16.45,375,0,33750
NIITTECH30Jan201720CE.NFO,07/01/2020,12:10:45,17.4,15.05,375,16.55,375,0,33750
NIITTECH30Jan201720CE.NFO,07/01/2020,12:10:47,17.4,15.05,375,16.75,375,0,33750
NIITTECH30Jan201720CE.NFO,07/01/2020,12:10:52,17.4,15.05,375,16.7,750,0,33750
NIITTECH30Jan201720CE.NFO,07/01/2020,12:10:57,17.4,15.05,375,16.6,750,0,33750
NIITTECH30Jan201720CE.NFO,07/01/2020,12:10:59,17.4,15.05,375,16.55,375,0,33750
NIITTECH30Jan201720CE.NFO,07/01/2020,12:11:01,17.4,15.05,375,16.5,375,0,33750
NIITTECH30Jan201720CE.NFO,07/01/2020,12:11:20,17.4,15,375,16.2,375,0,33750
NIITTECH30Jan201720CE.NFO,07/01/2020,12:11:24,17.4,15,375,16.1,750,0,33750
NIITTECH30Jan201720CE.NFO,07/01/2020,12:11:27,17.4,15,375,16.1,375,0,33750
NIITTECH30Jan201720CE.NFO,07/01/2020,12:11:31,17.4,15,375,16.15,375,0,33750
NIITTECH30Jan201720CE.NFO,07/01/2020,12:11:41,17.4,15,375,16.2,375,0,33750
NIITTECH30Jan201720CE.NFO,07/01/2020,12:11:45,17.4,15.05,375,16.45,375,0,33750
NIITTECH30Jan201720CE.NFO,07/01/2020,12:11:52,17.4,15.05,375,16.5,375,0,33750
NIITTECH30Jan201720CE.NFO,07/01/2020,12:11:54,17.4,15.05,375,16.45,375,0,33750
NIITTECH30Jan201720CE.NFO,07/01/2020,12:12:08,17.4,15.05,375,16.45,750,0,33750
NIITTECH30Jan201720CE.NFO,07/01/2020,12:12:11,17.4,15.05,375,16.4,750,0,33750
NIITTECH30Jan201720CE.NFO,07/01/2020,12:12:13,17.4,15.05,375,16.35,750,0,33750
NIITTECH30Jan201720CE.NFO,07/01/2020,12:12:18,17.4,15.05,375,16.35,375,0,33750
NIITTECH30Jan201720CE.NFO,07/01/2020,12:12:20,17.4,15.05,375,16.4,375,0,33750
NIITTECH30Jan201720CE.NFO,07/01/2020,12:12:22,17.4,15.05,375,16.3,750,0,33750
NIITTECH30Jan201720CE.NFO,07/01/2020,12:12:25,17.4,15.05,375,16.15,375,0,33750
NIITTECH30Jan201720CE.NFO,07/01/2020,12:12:28,17.4,15.05,375,16.2,750,0,33750
NIITTECH30Jan201720CE.NFO,07/01/2020,12:12:31,17.4,15.05,375,16.15,375,0,33750
NIITTECH30Jan201720CE.NFO,07/01/2020,12:12:34,17.4,15.05,375,16.25,375,0,33750
NIITTECH30Jan201720CE.NFO,07/01/2020,12:12:36,17.4,15.05,375,16.35,375,0,33750
NIITTECH30Jan201720CE.NFO,07/01/2020,12:12:39,17.4,15.05,375,16.3,375,0,33750
NIITTECH30Jan201720CE.NFO,07/01/2020,12:12:51,17.4,14.6,375,16.15,375,0,33750
NIITTECH30Jan201720CE.NFO,07/01/2020,12:13:22,17.4,14.6,375,16.2,375,0,33750
NIITTECH30Jan201720CE.NFO,07/01/2020,12:13:37,17.4,14.6,375,16.15,375,0,33750
NIITTECH30Jan201720CE.NFO,07/01/2020,12:13:41,17.4,14.6,375,16.05,375,0,33750
NIITTECH30Jan201720CE.NFO,07/01/2020,12:13:45,17.4,14.6,375,16.15,375,0,33750
NIITTECH30Jan201720CE.NFO,07/01/2020,12:13:57,17.4,14.6,375,16.2,375,0,33750
NIITTECH30Jan201720CE.NFO,07/01/2020,12:14:03,17.4,14.6,375,16.15,375,0,33750
NIITTECH30Jan201720CE.NFO,07/01/2020,12:14:09,17.4,14.8,375,16.15,375,0,33750
NIITTECH30Jan201720CE.NFO,07/01/2020,12:14:22,17.4,14.8,375,16.1,375,0,33750
NIITTECH30Jan201720CE.NFO,07/01/2020,12:14:39,17.4,14.8,375,16.15,375,0,33750
NIITTECH30Jan201720CE.NFO,07/01/2020,12:14:52,17.4,14.8,375,16.35,375,0,33750
NIITTECH30Jan201720CE.NFO,07/01/2020,12:14:58,17.4,14.8,375,16.25,375,0,33750
NIITTECH30Jan201720CE.NFO,07/01/2020,12:15:01,17.4,14.8,375,16.15,375,0,33750
NIITTECH30Jan201720CE.NFO,07/01/2020,12:15:07,17.4,14.8,375,16.25,750,0,33750
NIITTECH30Jan201720CE.NFO,07/01/2020,12:15:11,17.4,14.8,375,16.2,375,0,33750
NIITTECH30Jan201720CE.NFO,07/01/2020,12:15:14,17.4,14.8,375,16.25,375,0,33750
NIITTECH30Jan201720CE.NFO,07/01/2020,12:15:27,17.4,14.8,375,16.15,375,0,33750
NIITTECH30Jan201720CE.NFO,07/01/2020,12:15:31,17.4,14.8,375,16.2,375,0,33750
NIITTECH30Jan201720CE.NFO,07/01/2020,12:15:42,17.4,14.8,375,16.15,375,0,33750
NIITTECH30Jan201720CE.NFO,07/01/2020,12:16:10,17.4,14.8,375,16.1,375,0,33750
NIITTECH30Jan201720CE.NFO,07/01/2020,12:16:26,17.4,14.8,375,16.2,375,0,33750
NIITTECH30Jan201720CE.NFO,07/01/2020,12:16:30,17.4,14.8,375,16.15,375,0,33750
NIITTECH30Jan201720CE.NFO,07/01/2020,12:16:38,17.4,14.8,375,16.4,375,0,33750
NIITTECH30Jan201720CE.NFO,07/01/2020,12:16:41,17.4,14.8,375,16.4,750,0,33750
NIITTECH30Jan201720CE.NFO,07/01/2020,12:16:44,17.4,14.8,375,16.3,375,0,33750
NIITTECH30Jan201720CE.NFO,07/01/2020,12:16:47,17.4,14.8,375,16.25,375,0,33750
NIITTECH30Jan201720CE.NFO,07/01/2020,12:16:55,17.4,14.8,375,16.2,375,0,33750
NIITTECH30Jan201720CE.NFO,07/01/2020,12:17:05,17.4,14.8,375,16.25,375,0,33750
NIITTECH30Jan201720CE.NFO,07/01/2020,12:17:27,14.8,14.55,375,15.4,375,375,34125
NIITTECH30Jan201720CE.NFO,07/01/2020,12:17:30,14.8,14.55,375,15.4,375,0,34125
NIITTECH30Jan201720CE.NFO,07/01/2020,12:19:21,15,14.55,375,15.85,375,375,34125
NIITTECH30Jan201720CE.NFO,07/01/2020,12:19:24,15,14.55,375,15.85,375,0,34125
NIITTECH30Jan201720CE.NFO,07/01/2020,12:19:40,15,14.55,375,15.8,375,0,34125
NIITTECH30Jan201720CE.NFO,07/01/2020,12:19:45,15,14.55,375,15.75,375,0,34125
NIITTECH30Jan201720CE.NFO,07/01/2020,12:20:06,15,14.55,375,15.8,375,0,34125
NIITTECH30Jan201720CE.NFO,07/01/2020,12:20:13,15,14.55,375,15.9,375,0,34125
NIITTECH30Jan201720CE.NFO,07/01/2020,12:20:17,15,14.55,375,15.85,750,0,34125
NIITTECH30Jan201720CE.NFO,07/01/2020,12:20:21,15,14.55,375,15.85,375,0,34125
NIITTECH30Jan201720CE.NFO,07/01/2020,12:20:25,15,14.55,375,15.9,375,0,34125
NIITTECH30Jan201720CE.NFO,07/01/2020,12:20:29,15,14.55,375,15.85,375,0,34125
NIITTECH30Jan201720CE.NFO,07/01/2020,12:20:35,15,14.55,375,15.9,375,0,34125
NIITTECH30Jan201720CE.NFO,07/01/2020,12:20:37,15,14.55,375,15.85,375,0,34125
NIITTECH30Jan201720CE.NFO,07/01/2020,12:20:40,15,14.55,375,15.9,375,0,34125
NIITTECH30Jan201720CE.NFO,07/01/2020,12:20:45,15,14.55,375,15.85,375,0,34125
NIITTECH30Jan201720CE.NFO,07/01/2020,12:20:48,15,14.55,375,15.9,375,0,34125
NIITTECH30Jan201720CE.NFO,07/01/2020,12:20:50,15,14.55,375,15.9,750,0,34125
NIITTECH30Jan201720CE.NFO,07/01/2020,12:20:57,15,14.55,375,15.85,375,0,34125
NIITTECH30Jan201720CE.NFO,07/01/2020,12:21:06,15,14.55,375,15.9,375,0,34125
NIITTECH30Jan201720CE.NFO,07/01/2020,12:21:09,15,14.55,375,15.85,375,0,34125
NIITTECH30Jan201720CE.NFO,07/01/2020,12:21:12,15,14.55,375,15.9,375,0,34125
NIITTECH30Jan201720CE.NFO,07/01/2020,12:21:18,15,14.55,375,15.85,375,0,34125
NIITTECH30Jan201720CE.NFO,07/01/2020,12:21:21,15,14.55,375,15.9,375,0,34125
NIITTECH30Jan201720CE.NFO,07/01/2020,12:21:27,15,14.55,375,15.85,375,0,34125
NIITTECH30Jan201720CE.NFO,07/01/2020,12:21:32,15,14.55,375,15.9,375,0,34125
NIITTECH30Jan201720CE.NFO,07/01/2020,12:21:35,15,14.55,375,16,375,0,34125
NIITTECH30Jan201720CE.NFO,07/01/2020,12:21:38,15,14.55,375,15.95,375,0,34125
NIITTECH30Jan201720CE.NFO,07/01/2020,12:21:42,15,14.55,375,15.85,375,0,34125
NIITTECH30Jan201720CE.NFO,07/01/2020,12:21:44,15,14.55,375,15.9,375,0,34125
NIITTECH30Jan201720CE.NFO,07/01/2020,12:21:49,15,14.55,375,15.85,375,0,34125
NIITTECH30Jan201720CE.NFO,07/01/2020,12:21:52,15,14.55,375,15.9,375,0,34125
NIITTECH30Jan201720CE.NFO,07/01/2020,12:22:04,15,14.55,375,15.85,375,0,34125
NIITTECH30Jan201720CE.NFO,07/01/2020,12:22:07,15,14.55,375,15.9,375,0,34125
NIITTECH30Jan201720CE.NFO,07/01/2020,12:22:10,15,14.55,375,15.85,375,0,34125
NIITTECH30Jan201720CE.NFO,07/01/2020,12:22:12,15,14.55,375,15.9,375,0,34125
NIITTECH30Jan201720CE.NFO,07/01/2020,12:22:14,15,14.55,375,16,375,0,34125
NIITTECH30Jan201720CE.NFO,07/01/2020,12:22:46,15,14.55,375,15.95,750,0,34125
NIITTECH30Jan201720CE.NFO,07/01/2020,12:22:51,15,14.55,375,15.95,375,0,34125
NIITTECH30Jan201720CE.NFO,07/01/2020,12:23:33,15,14.55,375,15.85,375,0,34125
NIITTECH30Jan201720CE.NFO,07/01/2020,12:23:34,15,14.55,375,15.9,375,0,34125
NIITTECH30Jan201720CE.NFO,07/01/2020,12:23:38,15,14.55,375,15.85,375,0,34125
NIITTECH30Jan201720CE.NFO,07/01/2020,12:23:45,15,14.55,375,15.9,375,0,34125
NIITTECH30Jan201720CE.NFO,07/01/2020,12:23:48,15,14.55,375,15.95,375,0,34125
NIITTECH30Jan201720CE.NFO,07/01/2020,12:23:50,15,14.55,375,15.9,375,0,34125
NIITTECH30Jan201720CE.NFO,07/01/2020,12:23:55,15,14.55,375,15.85,375,0,34125
NIITTECH30Jan201720CE.NFO,07/01/2020,12:23:58,15,14.55,375,15.9,375,0,34125
NIITTECH30Jan201720CE.NFO,07/01/2020,12:24:00,15,14.55,375,15.85,375,0,34125
NIITTECH30Jan201720CE.NFO,07/01/2020,12:24:06,15,14.55,375,15.95,375,0,34125
NIITTECH30Jan201720CE.NFO,07/01/2020,12:24:08,15,14.55,375,15.9,375,0,34125
NIITTECH30Jan201720CE.NFO,07/01/2020,12:24:10,15,14.55,375,15.85,375,0,34125
NIITTECH30Jan201720CE.NFO,07/01/2020,12:24:12,15,14.55,375,15.95,375,0,34125
NIITTECH30Jan201720CE.NFO,07/01/2020,12:24:18,15,14.55,375,15.9,375,0,34125
NIITTECH30Jan201720CE.NFO,07/01/2020,12:24:33,15,14.55,375,15.85,375,0,34125
NIITTECH30Jan201720CE.NFO,07/01/2020,12:24:53,15,14.55,375,15.9,375,0,34125
NIITTECH30Jan201720CE.NFO,07/01/2020,12:24:57,15,14.55,375,15.85,375,0,34125
NIITTECH30Jan201720CE.NFO,07/01/2020,12:25:01,15,14.6,375,15.85,375,0,34125
NIITTECH30Jan201720CE.NFO,07/01/2020,12:25:05,15,14.6,375,15.95,375,0,34125
NIITTECH30Jan201720CE.NFO,07/01/2020,12:25:16,15,14.55,375,15.95,375,0,34125
NIITTECH30Jan201720CE.NFO,07/01/2020,12:25:48,15,14.55,375,16,375,0,34125
NIITTECH30Jan201720CE.NFO,07/01/2020,12:25:57,15,14.6,375,16,375,0,34125
NIITTECH30Jan201720CE.NFO,07/01/2020,12:26:01,15,14.55,375,16,375,0,34125
NIITTECH30Jan201720CE.NFO,07/01/2020,12:27:46,15,14.55,375,15.95,750,0,34125
NIITTECH30Jan201720CE.NFO,07/01/2020,12:27:48,15,14.6,375,15.95,375,0,34125
NIITTECH30Jan201720CE.NFO,07/01/2020,12:27:52,15,14.55,375,15.95,375,0,34125
NIITTECH30Jan201720CE.NFO,07/01/2020,12:27:56,15,14.6,375,15.95,375,0,34125
NIITTECH30Jan201720CE.NFO,07/01/2020,12:28:05,15,14.55,750,15.95,375,0,34125
NIITTECH30Jan201720CE.NFO,07/01/2020,12:28:11,15,14.6,375,15.95,375,0,34125
NIITTECH30Jan201720CE.NFO,07/01/2020,12:28:14,15,14.55,750,15.95,375,0,34125
NIITTECH30Jan201720CE.NFO,07/01/2020,12:28:17,15,14.6,375,15.95,375,0,34125
NIITTECH30Jan201720CE.NFO,07/01/2020,12:28:21,15,14.55,750,15.95,375,0,34125
NIITTECH30Jan201720CE.NFO,07/01/2020,12:28:24,15,14.6,375,15.95,375,0,34125
NIITTECH30Jan201720CE.NFO,07/01/2020,12:29:28,15,14.55,375,15.95,375,0,34125
NIITTECH30Jan201720CE.NFO,07/01/2020,12:29:33,15,14.55,375,15.85,375,0,34125
NIITTECH30Jan201720CE.NFO,07/01/2020,12:29:37,15,14.55,375,15.9,375,0,34125
NIITTECH30Jan201720CE.NFO,07/01/2020,12:29:42,15,14.55,375,15.85,375,0,34125
NIITTECH30Jan201720CE.NFO,07/01/2020,12:29:47,15,14.55,375,15.9,375,0,34125
NIITTECH30Jan201720CE.NFO,07/01/2020,12:29:51,15,14.55,375,15.85,375,0,34125
NIITTECH30Jan201720CE.NFO,07/01/2020,12:29:56,15,14.55,375,15.9,375,0,34125
NIITTECH30Jan201720CE.NFO,07/01/2020,12:30:05,15,14.55,375,15.75,375,0,34125
NIITTECH30Jan201720CE.NFO,07/01/2020,12:30:11,15,14.55,375,15.85,375,0,34125
NIITTECH30Jan201720CE.NFO,07/01/2020,12:30:26,15,14.55,375,15.9,375,0,34125
NIITTECH30Jan201720CE.NFO,07/01/2020,12:30:41,15,14.55,375,15.85,375,0,34125
NIITTECH30Jan201720CE.NFO,07/01/2020,12:30:45,15,14.55,375,15.9,375,0,34125
NIITTECH30Jan201720CE.NFO,07/01/2020,12:31:01,15,14.55,375,15.85,375,0,34125
NIITTECH30Jan201720CE.NFO,07/01/2020,12:31:06,15,14.55,375,15.9,375,0,34125
NIITTECH30Jan201720CE.NFO,07/01/2020,12:31:11,15,14.55,375,15.85,375,0,34125
NIITTECH30Jan201720CE.NFO,07/01/2020,12:31:15,15,14.55,375,15.9,375,0,34125
NIITTECH30Jan201720CE.NFO,07/01/2020,12:31:18,15,14.55,375,15.85,375,0,34125
NIITTECH30Jan201720CE.NFO,07/01/2020,12:31:28,15,14.55,375,15.9,375,0,34125
NIITTECH30Jan201720CE.NFO,07/01/2020,12:31:36,15,14.55,375,15.95,375,0,34125
NIITTECH30Jan201720CE.NFO,07/01/2020,12:31:39,15,14.55,375,15.85,375,0,34125
NIITTECH30Jan201720CE.NFO,07/01/2020,12:31:46,15,14.55,375,15.7,375,0,34125
NIITTECH30Jan201720CE.NFO,07/01/2020,12:31:50,15,14.55,375,15.8,375,0,34125
NIITTECH30Jan201720CE.NFO,07/01/2020,12:31:58,15,14.55,375,15.75,375,0,34125
NIITTECH30Jan201720CE.NFO,07/01/2020,12:32:11,15,14.55,375,15.8,375,0,34125
NIITTECH30Jan201720CE.NFO,07/01/2020,12:32:21,15,14.55,375,15.75,375,0,34125
NIITTECH30Jan201720CE.NFO,07/01/2020,12:32:26,15,14.55,375,15.5,750,0,34125
NIITTECH30Jan201720CE.NFO,07/01/2020,12:32:29,15,14.55,375,15.4,375,0,34125
NIITTECH30Jan201720CE.NFO,07/01/2020,12:32:59,15,14.55,375,15.5,750,0,34125
NIITTECH30Jan201720CE.NFO,07/01/2020,12:33:04,15,14.55,375,15.25,375,0,34125
NIITTECH30Jan201720CE.NFO,07/01/2020,12:33:09,14.55,12.85,375,15,750,375,34125
NIITTECH30Jan201720CE.NFO,07/01/2020,12:33:13,14.55,12.85,375,15,750,0,34125
NIITTECH30Jan201720CE.NFO,07/01/2020,12:33:17,14.55,13,375,14.95,375,0,34125
NIITTECH30Jan201720CE.NFO,07/01/2020,12:33:20,14.55,13.05,375,14.95,375,0,34125
NIITTECH30Jan201720CE.NFO,07/01/2020,12:33:23,14.55,12.9,375,14.95,375,0,34125
NIITTECH30Jan201720CE.NFO,07/01/2020,12:33:27,14.55,13,375,14.95,375,0,34125
NIITTECH30Jan201720CE.NFO,07/01/2020,12:33:31,14.55,13.1,375,14.95,375,0,34125
NIITTECH30Jan201720CE.NFO,07/01/2020,12:33:36,14.55,13,375,15.15,375,0,34125
NIITTECH30Jan201720CE.NFO,07/01/2020,12:33:40,14.55,12.95,375,15.15,375,0,34125
NIITTECH30Jan201720CE.NFO,07/01/2020,12:33:43,14.55,12.95,375,15.25,375,0,34125
NIITTECH30Jan201720CE.NFO,07/01/2020,12:33:49,14.55,13.1,375,15.35,750,0,34125
NIITTECH30Jan201720CE.NFO,07/01/2020,12:33:52,14.55,13.1,375,15.3,375,0,34125
NIITTECH30Jan201720CE.NFO,07/01/2020,12:33:54,14.55,13.25,375,15.3,375,0,34125
NIITTECH30Jan201720CE.NFO,07/01/2020,12:33:57,14.55,13.05,375,15.35,375,0,34125
NIITTECH30Jan201720CE.NFO,07/01/2020,12:34:00,14.55,13.15,375,15.35,375,0,34125
NIITTECH30Jan201720CE.NFO,07/01/2020,12:34:05,14.55,12.85,375,15.15,375,0,34125
NIITTECH30Jan201720CE.NFO,07/01/2020,12:34:13,14.55,12.85,375,15.25,375,0,34125
NIITTECH30Jan201720CE.NFO,07/01/2020,12:34:20,14.55,12.9,375,15.25,750,0,34125
NIITTECH30Jan201720CE.NFO,07/01/2020,12:34:23,14.55,13.2,375,15.15,750,0,34125
NIITTECH30Jan201720CE.NFO,07/01/2020,12:34:27,14.55,12.95,375,15.15,750,0,34125
NIITTECH30Jan201720CE.NFO,07/01/2020,12:34:31,14.55,13,375,15.15,750,0,34125
NIITTECH30Jan201720CE.NFO,07/01/2020,12:34:37,14.55,13,375,15.2,750,0,34125
NIITTECH30Jan201720CE.NFO,07/01/2020,12:34:41,14.55,12.95,375,15.2,375,0,34125
NIITTECH30Jan201720CE.NFO,07/01/2020,12:34:52,14.55,12.9,375,15.2,375,0,34125
NIITTECH30Jan201720CE.NFO,07/01/2020,12:34:58,14.55,13,375,15.25,750,0,34125
NIITTECH30Jan201720CE.NFO,07/01/2020,12:35:00,14.55,12.85,375,15.25,750,0,34125
NIITTECH30Jan201720CE.NFO,07/01/2020,12:35:05,14.55,12.95,375,15.25,750,0,34125
NIITTECH30Jan201720CE.NFO,07/01/2020,12:35:08,14.55,12.85,375,15.25,750,0,34125
NIITTECH30Jan201720CE.NFO,07/01/2020,12:35:11,14.55,12.95,375,15.25,750,0,34125
NIITTECH30Jan201720CE.NFO,07/01/2020,12:35:21,14.55,12.95,375,15.3,375,0,34125
NIITTECH30Jan201720CE.NFO,07/01/2020,12:35:24,14.55,13,375,15.35,750,0,34125
NIITTECH30Jan201720CE.NFO,07/01/2020,12:35:30,14.55,13.05,375,15.4,750,0,34125
NIITTECH30Jan201720CE.NFO,07/01/2020,12:35:50,14.55,13.1,375,15.4,750,0,34125
NIITTECH30Jan201720CE.NFO,07/01/2020,12:35:52,14.55,13.05,375,15.4,750,0,34125
NIITTECH30Jan201720CE.NFO,07/01/2020,12:36:08,14.55,13.1,375,15.4,375,0,34125
NIITTECH30Jan201720CE.NFO,07/01/2020,12:36:10,14.55,13.2,375,15.4,375,0,34125
NIITTECH30Jan201720CE.NFO,07/01/2020,12:36:13,14.55,13.25,375,15.4,375,0,34125
NIITTECH30Jan201720CE.NFO,07/01/2020,12:36:16,14.55,13.1,375,15.4,375,0,34125
NIITTECH30Jan201720CE.NFO,07/01/2020,12:36:18,14.55,13.15,375,15.4,375,0,34125
NIITTECH30Jan201720CE.NFO,07/01/2020,12:36:39,14.55,13.1,375,15.4,375,0,34125
NIITTECH30Jan201720CE.NFO,07/01/2020,12:37:02,14.55,13.1,375,15.45,375,0,34125
NIITTECH30Jan201720CE.NFO,07/01/2020,12:37:07,14.55,13.1,375,15.45,750,0,34125
NIITTECH30Jan201720CE.NFO,07/01/2020,12:37:10,14.55,13.2,375,15.45,375,0,34125
NIITTECH30Jan201720CE.NFO,07/01/2020,12:37:18,14.55,13.2,375,15.6,750,0,34125
NIITTECH30Jan201720CE.NFO,07/01/2020,12:37:29,14.55,13.3,375,15.6,375,0,34125
NIITTECH30Jan201720CE.NFO,07/01/2020,12:37:31,14.55,13.25,375,15.5,750,0,34125
NIITTECH30Jan201720CE.NFO,07/01/2020,12:37:34,14.55,13.15,375,15.5,750,0,34125
NIITTECH30Jan201720CE.NFO,07/01/2020,12:37:38,14.55,13.25,375,15.5,750,0,34125
NIITTECH30Jan201720CE.NFO,07/01/2020,12:37:44,14.55,13.25,375,15.4,375,0,34125
NIITTECH30Jan201720CE.NFO,07/01/2020,12:37:52,14.55,13.25,375,15.45,375,0,34125
NIITTECH30Jan201720CE.NFO,07/01/2020,12:37:58,14.55,13.3,375,15.45,750,0,34125
NIITTECH30Jan201720CE.NFO,07/01/2020,12:38:02,14.55,13.25,375,15.4,375,0,34125
NIITTECH30Jan201720CE.NFO,07/01/2020,12:38:06,14.55,13.25,375,15.4,750,0,34125
NIITTECH30Jan201720CE.NFO,07/01/2020,12:38:10,14.55,13.25,375,15.45,750,0,34125
NIITTECH30Jan201720CE.NFO,07/01/2020,12:38:14,14.55,13.35,375,15.45,375,0,34125
NIITTECH30Jan201720CE.NFO,07/01/2020,12:38:17,14.55,13.15,375,15.5,375,0,34125
NIITTECH30Jan201720CE.NFO,07/01/2020,12:39:02,14.55,13.15,375,15.45,375,0,34125
NIITTECH30Jan201720CE.NFO,07/01/2020,12:39:09,14.55,13.2,375,15.5,375,0,34125
NIITTECH30Jan201720CE.NFO,07/01/2020,12:39:13,14.55,13.15,375,15.5,750,0,34125
NIITTECH30Jan201720CE.NFO,07/01/2020,12:39:16,14.55,13.3,375,15.5,750,0,34125
NIITTECH30Jan201720CE.NFO,07/01/2020,12:39:20,14.55,13.3,375,15.5,375,0,34125
NIITTECH30Jan201720CE.NFO,07/01/2020,12:39:26,14.55,13.2,375,15.45,375,0,34125
NIITTECH30Jan201720CE.NFO,07/01/2020,12:39:31,14.55,13.4,375,15.45,375,0,34125
NIITTECH30Jan201720CE.NFO,07/01/2020,12:39:35,14.55,13.2,375,15.45,375,0,34125
NIITTECH30Jan201720CE.NFO,07/01/2020,12:39:38,14.55,14,375,15.5,1125,0,34125
NIITTECH30Jan201720CE.NFO,07/01/2020,12:39:41,14.55,14,375,15.5,375,0,34125
NIITTECH30Jan201720CE.NFO,07/01/2020,12:39:44,14.55,14,375,15.5,750,0,34125
NIITTECH30Jan201720CE.NFO,07/01/2020,12:39:48,14.55,14,375,15.5,375,0,34125
NIITTECH30Jan201720CE.NFO,07/01/2020,12:39:54,14.55,14,375,15.55,375,0,34125
NIITTECH30Jan201720CE.NFO,07/01/2020,12:40:12,14.55,14,375,15.6,375,0,34125
NIITTECH30Jan201720CE.NFO,07/01/2020,12:40:14,14.55,14,375,15.55,375,0,34125
NIITTECH30Jan201720CE.NFO,07/01/2020,12:40:28,14.55,14,375,15.7,375,0,34125
NIITTECH30Jan201720CE.NFO,07/01/2020,12:40:43,14.55,14,375,15.7,750,0,34125
NIITTECH30Jan201720CE.NFO,07/01/2020,12:40:55,14.55,14,375,15.7,375,0,34125
NIITTECH30Jan201720CE.NFO,07/01/2020,12:41:36,14.55,14,750,15.7,375,0,34125
NIITTECH30Jan201720CE.NFO,07/01/2020,12:41:50,14.55,14,375,15.7,375,0,34125
NIITTECH30Jan201720CE.NFO,07/01/2020,12:43:04,14.55,14,375,15.7,750,0,34125
NIITTECH30Jan201720CE.NFO,07/01/2020,12:43:12,14.55,14,375,15.65,750,0,34125
NIITTECH30Jan201720CE.NFO,07/01/2020,12:43:24,14.55,14,375,15.65,375,0,34125
NIITTECH30Jan201720CE.NFO,07/01/2020,12:43:26,14.55,14,750,15.65,375,0,34125
NIITTECH30Jan201720CE.NFO,07/01/2020,12:43:28,14.55,14,375,15.6,375,0,34125
NIITTECH30Jan201720CE.NFO,07/01/2020,12:43:29,14.55,14,375,15.35,375,0,34125
NIITTECH30Jan201720CE.NFO,07/01/2020,12:43:31,14.55,14,375,15.3,375,0,34125
NIITTECH30Jan201720CE.NFO,07/01/2020,12:43:33,14.55,14,375,15.4,375,0,34125
NIITTECH30Jan201720CE.NFO,07/01/2020,12:43:36,14.55,14,375,15.5,375,0,34125
NIITTECH30Jan201720CE.NFO,07/01/2020,12:43:53,14.55,14,375,15.45,375,0,34125
