Ticker,Date,Time,LTP,BuyPrice,BuyQty,SellPrice,SellQty,LTQ,OpenInterest
NMDC30Jan20125CE.NFO,07/01/2020,09:15:25,8.2,8,6000,9.05,18000,6000,438000
NMDC30Jan20125CE.NFO,07/01/2020,09:15:25,8.2,8,6000,9.05,18000,0,438000
NMDC30Jan20125CE.NFO,07/01/2020,09:15:25,8.2,8,6000,9.05,18000,0,438000
NMDC30Jan20125CE.NFO,07/01/2020,09:15:25,8.2,8,6000,9.05,18000,0,438000
NMDC30Jan20125CE.NFO,07/01/2020,09:15:37,8.2,7.85,36000,8.85,6000,0,438000
NMDC30Jan20125CE.NFO,07/01/2020,09:15:49,8.2,7.85,12000,8.55,6000,0,438000
NMDC30Jan20125CE.NFO,07/01/2020,09:16:02,8.2,7.75,6000,8.35,12000,0,438000
NMDC30Jan20125CE.NFO,07/01/2020,09:16:14,8.2,7.8,30000,8.5,6000,0,438000
NMDC30Jan20125CE.NFO,07/01/2020,09:16:25,8.2,7.8,42000,8.25,6000,0,438000
NMDC30Jan20125CE.NFO,07/01/2020,09:16:45,8.2,7.8,42000,8.25,12000,0,438000
NMDC30Jan20125CE.NFO,07/01/2020,09:16:55,8.2,7.85,30000,8.2,6000,0,438000
NMDC30Jan20125CE.NFO,07/01/2020,09:17:04,8.2,7.65,12000,8.15,6000,0,438000
NMDC30Jan20125CE.NFO,07/01/2020,09:17:13,8.2,7.05,6000,7.8,6000,0,438000
NMDC30Jan20125CE.NFO,07/01/2020,09:17:23,8.2,6.7,6000,7.65,6000,0,438000
NMDC30Jan20125CE.NFO,07/01/2020,09:17:33,7.25,6.5,6000,7.45,6000,24000,438000
NMDC30Jan20125CE.NFO,07/01/2020,09:17:33,7.25,6.5,6000,7.45,6000,0,438000
NMDC30Jan20125CE.NFO,07/01/2020,09:17:44,7.25,6.65,18000,7.25,6000,0,438000
NMDC30Jan20125CE.NFO,07/01/2020,09:17:55,7.25,6.85,30000,7.5,6000,0,438000
NMDC30Jan20125CE.NFO,07/01/2020,09:18:04,7.25,6.95,48000,7.55,6000,0,438000
NMDC30Jan20125CE.NFO,07/01/2020,09:18:14,7.25,7.05,48000,7.55,6000,0,438000
NMDC30Jan20125CE.NFO,07/01/2020,09:18:23,7.25,7.1,18000,7.55,6000,0,438000
NMDC30Jan20125CE.NFO,07/01/2020,09:18:31,7.25,7.05,18000,7.55,6000,0,438000
NMDC30Jan20125CE.NFO,07/01/2020,09:18:40,7.25,6.9,30000,7.4,6000,0,438000
NMDC30Jan20125CE.NFO,07/01/2020,09:18:49,7.25,7.05,54000,7.55,6000,0,438000
NMDC30Jan20125CE.NFO,07/01/2020,09:18:58,7.25,7.1,54000,7.75,6000,0,438000
NMDC30Jan20125CE.NFO,07/01/2020,09:19:07,7.25,7.15,42000,7.75,12000,0,438000
NMDC30Jan20125CE.NFO,07/01/2020,09:19:16,7.25,7.15,66000,7.75,12000,0,438000
NMDC30Jan20125CE.NFO,07/01/2020,09:19:24,7.25,7.2,102000,7.7,6000,0,438000
NMDC30Jan20125CE.NFO,07/01/2020,09:19:33,7.25,7.15,78000,7.75,6000,0,438000
NMDC30Jan20125CE.NFO,07/01/2020,09:19:41,7.25,7.15,54000,7.75,6000,0,438000
NMDC30Jan20125CE.NFO,07/01/2020,09:19:49,7.25,7.2,102000,7.75,6000,0,438000
NMDC30Jan20125CE.NFO,07/01/2020,09:19:57,7.25,7.3,54000,7.75,6000,0,438000
NMDC30Jan20125CE.NFO,07/01/2020,09:20:05,7.25,7.3,66000,7.75,6000,0,438000
NMDC30Jan20125CE.NFO,07/01/2020,09:20:20,7.25,7.4,18000,7.95,6000,0,438000
NMDC30Jan20125CE.NFO,07/01/2020,09:20:36,7.25,7.4,30000,7.85,6000,0,438000
NMDC30Jan20125CE.NFO,07/01/2020,09:20:43,7.25,7.45,48000,7.85,6000,0,438000
NMDC30Jan20125CE.NFO,07/01/2020,09:20:51,7.25,7.5,42000,8,6000,0,438000
NMDC30Jan20125CE.NFO,07/01/2020,09:20:59,7.25,7.6,54000,8,6000,0,438000
NMDC30Jan20125CE.NFO,07/01/2020,09:21:07,7.25,7.5,18000,8,6000,0,438000
NMDC30Jan20125CE.NFO,07/01/2020,09:21:15,7.25,7.5,42000,8,6000,0,438000
NMDC30Jan20125CE.NFO,07/01/2020,09:21:23,7.25,7.55,30000,8,12000,0,438000
NMDC30Jan20125CE.NFO,07/01/2020,09:21:30,7.25,7.5,42000,7.95,6000,0,438000
NMDC30Jan20125CE.NFO,07/01/2020,09:21:38,7.25,7.4,18000,7.85,6000,0,438000
NMDC30Jan20125CE.NFO,07/01/2020,09:21:46,7.25,7.4,54000,7.9,6000,0,438000
NMDC30Jan20125CE.NFO,07/01/2020,09:21:54,7.25,7.4,54000,7.85,6000,0,438000
NMDC30Jan20125CE.NFO,07/01/2020,09:22:10,7.25,7.4,54000,7.9,6000,0,438000
NMDC30Jan20125CE.NFO,07/01/2020,09:22:18,7.25,7.4,54000,7.9,12000,0,438000
NMDC30Jan20125CE.NFO,07/01/2020,09:22:26,7.25,7.4,30000,7.8,6000,0,438000
NMDC30Jan20125CE.NFO,07/01/2020,09:22:33,7.25,7.4,18000,7.8,12000,0,438000
NMDC30Jan20125CE.NFO,07/01/2020,09:22:40,7.25,7.4,54000,7.8,6000,0,438000
NMDC30Jan20125CE.NFO,07/01/2020,09:22:47,7.25,7.4,18000,7.8,12000,0,438000
NMDC30Jan20125CE.NFO,07/01/2020,09:22:54,7.25,7.35,18000,7.8,12000,0,438000
NMDC30Jan20125CE.NFO,07/01/2020,09:23:01,7.25,7.4,42000,7.8,12000,0,438000
NMDC30Jan20125CE.NFO,07/01/2020,09:23:09,7.25,7.45,18000,7.9,6000,0,438000
NMDC30Jan20125CE.NFO,07/01/2020,09:23:17,7.9,7.5,30000,7.9,6000,6000,450000
NMDC30Jan20125CE.NFO,07/01/2020,09:23:23,7.9,7.5,72000,7.95,6000,0,450000
NMDC30Jan20125CE.NFO,07/01/2020,09:23:30,7.9,7.6,6000,8,6000,0,450000
NMDC30Jan20125CE.NFO,07/01/2020,09:23:36,7.9,7.65,6000,8,6000,0,450000
NMDC30Jan20125CE.NFO,07/01/2020,09:23:42,7.9,7.55,24000,7.95,6000,0,450000
NMDC30Jan20125CE.NFO,07/01/2020,09:23:55,7.9,7.55,6000,8.05,18000,0,450000
NMDC30Jan20125CE.NFO,07/01/2020,09:24:02,7.9,7.55,6000,7.95,6000,0,450000
NMDC30Jan20125CE.NFO,07/01/2020,09:24:23,7.9,7.55,6000,7.95,12000,0,450000
NMDC30Jan20125CE.NFO,07/01/2020,09:24:30,7.9,7.5,42000,7.95,18000,0,450000
NMDC30Jan20125CE.NFO,07/01/2020,09:24:36,7.9,7.45,6000,7.85,6000,0,450000
NMDC30Jan20125CE.NFO,07/01/2020,09:25:02,7.9,7.45,18000,7.85,6000,0,450000
NMDC30Jan20125CE.NFO,07/01/2020,09:25:17,7.9,7.35,24000,7.85,18000,0,450000
NMDC30Jan20125CE.NFO,07/01/2020,09:25:24,7.9,7.4,18000,7.85,18000,0,450000
NMDC30Jan20125CE.NFO,07/01/2020,09:25:30,7.9,7.45,18000,7.85,6000,0,450000
NMDC30Jan20125CE.NFO,07/01/2020,09:25:37,7.9,7.35,6000,7.75,6000,0,450000
NMDC30Jan20125CE.NFO,07/01/2020,09:25:45,7.9,7.35,6000,7.75,12000,0,450000
NMDC30Jan20125CE.NFO,07/01/2020,09:25:59,7.9,7.25,6000,7.65,6000,0,450000
NMDC30Jan20125CE.NFO,07/01/2020,09:26:09,7.9,7.2,66000,7.65,6000,0,450000
NMDC30Jan20125CE.NFO,07/01/2020,09:26:17,7.9,7.2,66000,7.75,12000,0,450000
NMDC30Jan20125CE.NFO,07/01/2020,09:26:23,7.9,7.2,30000,7.75,12000,0,450000
NMDC30Jan20125CE.NFO,07/01/2020,09:26:29,7.9,7.4,18000,7.85,6000,0,450000
NMDC30Jan20125CE.NFO,07/01/2020,09:26:36,7.9,7.45,18000,7.85,6000,0,450000
NMDC30Jan20125CE.NFO,07/01/2020,09:26:43,7.9,7.35,6000,7.85,12000,0,450000
NMDC30Jan20125CE.NFO,07/01/2020,09:26:49,7.9,7.35,54000,7.85,6000,0,450000
NMDC30Jan20125CE.NFO,07/01/2020,09:26:54,7.9,7.45,18000,7.85,6000,0,450000
NMDC30Jan20125CE.NFO,07/01/2020,09:27:00,7.9,7.45,78000,7.95,6000,0,450000
NMDC30Jan20125CE.NFO,07/01/2020,09:27:05,7.9,7.4,66000,7.95,6000,0,450000
NMDC30Jan20125CE.NFO,07/01/2020,09:27:10,7.9,7.5,54000,7.95,6000,0,450000
NMDC30Jan20125CE.NFO,07/01/2020,09:27:16,7.9,7.55,30000,7.95,6000,0,450000
NMDC30Jan20125CE.NFO,07/01/2020,09:27:23,7.9,7.4,48000,7.95,6000,0,450000
NMDC30Jan20125CE.NFO,07/01/2020,09:27:30,7.9,7.4,36000,7.95,6000,0,450000
NMDC30Jan20125CE.NFO,07/01/2020,09:27:47,7.9,7.45,6000,7.95,6000,0,450000
NMDC30Jan20125CE.NFO,07/01/2020,09:27:54,7.9,7.45,12000,7.95,6000,0,450000
NMDC30Jan20125CE.NFO,07/01/2020,09:28:10,7.9,7.45,12000,7.95,12000,0,450000
NMDC30Jan20125CE.NFO,07/01/2020,09:28:18,7.9,7.45,12000,7.95,6000,0,450000
NMDC30Jan20125CE.NFO,07/01/2020,09:28:30,7.9,7.5,18000,7.95,6000,0,450000
NMDC30Jan20125CE.NFO,07/01/2020,09:28:36,7.9,7.4,6000,7.95,12000,0,450000
NMDC30Jan20125CE.NFO,07/01/2020,09:28:42,7.9,7.4,6000,7.95,6000,0,450000
NMDC30Jan20125CE.NFO,07/01/2020,09:28:47,7.9,7.4,6000,7.95,12000,0,450000
NMDC30Jan20125CE.NFO,07/01/2020,09:28:59,7.9,7.35,6000,7.85,6000,0,450000
NMDC30Jan20125CE.NFO,07/01/2020,09:29:05,7.9,7.45,6000,7.9,6000,0,450000
NMDC30Jan20125CE.NFO,07/01/2020,09:29:11,7.9,7.45,6000,8,6000,0,450000
NMDC30Jan20125CE.NFO,07/01/2020,09:29:18,7.9,7.45,54000,8,6000,0,450000
NMDC30Jan20125CE.NFO,07/01/2020,09:29:23,7.9,7.45,78000,8.1,12000,0,450000
NMDC30Jan20125CE.NFO,07/01/2020,09:29:30,7.9,7.45,54000,8,6000,0,450000
NMDC30Jan20125CE.NFO,07/01/2020,09:29:36,7.9,7.45,42000,8,6000,0,450000
NMDC30Jan20125CE.NFO,07/01/2020,09:29:48,7.9,7.45,30000,8,6000,0,450000
NMDC30Jan20125CE.NFO,07/01/2020,09:29:54,7.9,7.55,6000,8,12000,0,450000
NMDC30Jan20125CE.NFO,07/01/2020,09:30:04,7.9,7.5,18000,8,6000,0,450000
NMDC30Jan20125CE.NFO,07/01/2020,09:30:10,7.9,7.5,54000,8,6000,0,450000
NMDC30Jan20125CE.NFO,07/01/2020,09:30:16,7.9,7.5,30000,8,12000,0,450000
NMDC30Jan20125CE.NFO,07/01/2020,09:30:22,7.9,7.5,42000,8,12000,0,450000
NMDC30Jan20125CE.NFO,07/01/2020,09:30:27,7.9,7.5,54000,8.05,6000,0,450000
NMDC30Jan20125CE.NFO,07/01/2020,09:30:33,7.9,7.6,30000,8,6000,0,450000
NMDC30Jan20125CE.NFO,07/01/2020,09:30:38,7.9,7.6,6000,8,6000,0,450000
NMDC30Jan20125CE.NFO,07/01/2020,09:30:49,7.9,7.65,6000,8,6000,0,450000
NMDC30Jan20125CE.NFO,07/01/2020,09:31:03,7.9,7.7,18000,8.05,6000,0,450000
NMDC30Jan20125CE.NFO,07/01/2020,09:31:10,7.9,7.6,42000,8.05,6000,0,450000
NMDC30Jan20125CE.NFO,07/01/2020,09:31:16,7.9,7.7,18000,8.1,12000,0,450000
NMDC30Jan20125CE.NFO,07/01/2020,09:31:22,7.9,7.65,12000,8.05,6000,0,450000
NMDC30Jan20125CE.NFO,07/01/2020,09:31:27,7.9,7.7,6000,8.05,6000,0,450000
NMDC30Jan20125CE.NFO,07/01/2020,09:31:33,7.9,7.6,30000,8.05,12000,0,450000
NMDC30Jan20125CE.NFO,07/01/2020,09:31:39,7.9,7.65,6000,8.05,12000,0,450000
NMDC30Jan20125CE.NFO,07/01/2020,09:31:50,8.05,7.85,6000,8.1,12000,6000,450000
NMDC30Jan20125CE.NFO,07/01/2020,09:31:55,8.1,7.9,102000,8.3,6000,12000,450000
NMDC30Jan20125CE.NFO,07/01/2020,09:32:01,8.1,7.75,30000,8.25,12000,0,450000
NMDC30Jan20125CE.NFO,07/01/2020,09:32:08,8.1,7.75,30000,8.2,6000,0,450000
NMDC30Jan20125CE.NFO,07/01/2020,09:32:22,8.1,7.75,54000,8.25,6000,0,450000
NMDC30Jan20125CE.NFO,07/01/2020,09:32:29,8.1,7.75,30000,8.25,6000,0,450000
NMDC30Jan20125CE.NFO,07/01/2020,09:32:35,8.1,7.75,30000,8.25,12000,0,450000
NMDC30Jan20125CE.NFO,07/01/2020,09:32:41,8.1,7.6,6000,8.05,12000,0,450000
NMDC30Jan20125CE.NFO,07/01/2020,09:32:48,8.1,7.65,6000,8.1,18000,0,450000
NMDC30Jan20125CE.NFO,07/01/2020,09:32:54,8.1,7.65,6000,8.05,6000,0,450000
NMDC30Jan20125CE.NFO,07/01/2020,09:32:59,8.1,7.6,6000,7.95,6000,0,450000
NMDC30Jan20125CE.NFO,07/01/2020,09:33:05,8.1,7.4,6000,7.85,12000,0,450000
NMDC30Jan20125CE.NFO,07/01/2020,09:33:11,8.1,7.45,6000,7.8,6000,0,450000
NMDC30Jan20125CE.NFO,07/01/2020,09:33:18,8.1,7,6000,7.55,6000,0,450000
NMDC30Jan20125CE.NFO,07/01/2020,09:33:24,8.1,7,18000,7.55,6000,0,450000
NMDC30Jan20125CE.NFO,07/01/2020,09:33:31,8.1,7.15,18000,7.55,6000,0,450000
NMDC30Jan20125CE.NFO,07/01/2020,09:33:36,8.1,7.2,6000,7.55,6000,0,450000
NMDC30Jan20125CE.NFO,07/01/2020,09:33:41,8.1,7.05,6000,7.5,6000,0,450000
NMDC30Jan20125CE.NFO,07/01/2020,09:33:47,8.1,7.05,6000,7.4,6000,0,450000
NMDC30Jan20125CE.NFO,07/01/2020,09:33:52,8.1,7.05,6000,7.45,6000,0,450000
NMDC30Jan20125CE.NFO,07/01/2020,09:33:57,8.1,7.05,6000,7.5,12000,0,450000
NMDC30Jan20125CE.NFO,07/01/2020,09:34:03,8.1,6.85,6000,7.35,12000,0,450000
NMDC30Jan20125CE.NFO,07/01/2020,09:34:14,8.1,6.85,6000,7.35,6000,0,450000
NMDC30Jan20125CE.NFO,07/01/2020,09:34:19,8.1,6.85,6000,7.2,6000,0,450000
NMDC30Jan20125CE.NFO,07/01/2020,09:34:26,8.1,6.55,6000,7.2,6000,0,450000
NMDC30Jan20125CE.NFO,07/01/2020,09:34:32,8.1,6.55,6000,7,6000,0,450000
NMDC30Jan20125CE.NFO,07/01/2020,09:34:39,8.1,6.3,6000,6.85,6000,0,450000
NMDC30Jan20125CE.NFO,07/01/2020,09:34:45,8.1,6.3,6000,6.8,6000,0,450000
NMDC30Jan20125CE.NFO,07/01/2020,09:34:50,8.1,6.3,6000,7,18000,0,450000
NMDC30Jan20125CE.NFO,07/01/2020,09:34:56,8.1,6.3,6000,7.1,30000,0,450000
NMDC30Jan20125CE.NFO,07/01/2020,09:35:01,8.1,6.3,6000,7,18000,0,450000
NMDC30Jan20125CE.NFO,07/01/2020,09:35:06,8.1,6.3,6000,6.9,6000,0,450000
NMDC30Jan20125CE.NFO,07/01/2020,09:35:12,8.1,6.3,6000,6.95,6000,0,450000
NMDC30Jan20125CE.NFO,07/01/2020,09:35:18,8.1,6.3,6000,7,30000,0,450000
NMDC30Jan20125CE.NFO,07/01/2020,09:35:23,8.1,6.3,6000,6.95,6000,0,450000
NMDC30Jan20125CE.NFO,07/01/2020,09:35:28,8.1,5.95,6000,6.5,6000,0,450000
NMDC30Jan20125CE.NFO,07/01/2020,09:35:34,8.1,5.65,48000,6.55,6000,0,450000
NMDC30Jan20125CE.NFO,07/01/2020,09:35:41,8.1,5.15,6000,6.55,6000,0,450000
NMDC30Jan20125CE.NFO,07/01/2020,09:35:49,8.1,5.15,6000,6.1,6000,0,450000
NMDC30Jan20125CE.NFO,07/01/2020,09:35:57,8.1,5.45,6000,6.4,6000,0,450000
NMDC30Jan20125CE.NFO,07/01/2020,09:36:04,8.1,3.45,6000,6.4,6000,0,450000
NMDC30Jan20125CE.NFO,07/01/2020,09:36:10,8.1,3.45,6000,6.3,6000,0,450000
NMDC30Jan20125CE.NFO,07/01/2020,09:36:16,8.1,3.45,6000,6.35,6000,0,450000
NMDC30Jan20125CE.NFO,07/01/2020,09:36:23,8.1,3.45,6000,6.15,12000,0,450000
NMDC30Jan20125CE.NFO,07/01/2020,09:36:28,8.1,4.45,6000,6,6000,0,450000
NMDC30Jan20125CE.NFO,07/01/2020,09:36:34,8.1,4.9,12000,6.15,6000,0,450000
NMDC30Jan20125CE.NFO,07/01/2020,09:36:39,8.1,5.15,12000,6,6000,0,450000
NMDC30Jan20125CE.NFO,07/01/2020,09:36:44,8.1,5.45,12000,6.15,6000,0,450000
NMDC30Jan20125CE.NFO,07/01/2020,09:36:50,8.1,5.75,12000,6.15,6000,0,450000
NMDC30Jan20125CE.NFO,07/01/2020,09:36:56,8.1,5.95,6000,6.2,6000,0,450000
NMDC30Jan20125CE.NFO,07/01/2020,09:37:01,5.95,5.8,6000,6.15,6000,6000,456000
NMDC30Jan20125CE.NFO,07/01/2020,09:37:01,5.95,5.8,6000,6.15,6000,0,456000
NMDC30Jan20125CE.NFO,07/01/2020,09:37:06,5.95,5.8,12000,6.3,6000,0,456000
NMDC30Jan20125CE.NFO,07/01/2020,09:37:12,5.95,5.8,12000,6.35,24000,0,456000
NMDC30Jan20125CE.NFO,07/01/2020,09:37:17,5.95,5.9,12000,6.4,6000,0,456000
NMDC30Jan20125CE.NFO,07/01/2020,09:37:22,5.95,6,6000,6.6,6000,0,456000
NMDC30Jan20125CE.NFO,07/01/2020,09:37:27,5.95,5.95,6000,6.55,6000,0,456000
NMDC30Jan20125CE.NFO,07/01/2020,09:37:37,5.95,5.9,6000,6.55,6000,0,456000
NMDC30Jan20125CE.NFO,07/01/2020,09:37:42,5.95,6,6000,6.5,6000,0,456000
NMDC30Jan20125CE.NFO,07/01/2020,09:37:48,5.95,6.05,6000,6.55,6000,0,456000
NMDC30Jan20125CE.NFO,07/01/2020,09:37:52,5.95,6.05,6000,6.6,6000,0,456000
NMDC30Jan20125CE.NFO,07/01/2020,09:37:57,5.95,6.05,6000,6.85,84000,0,456000
NMDC30Jan20125CE.NFO,07/01/2020,09:38:02,5.95,6.1,6000,6.85,30000,0,456000
NMDC30Jan20125CE.NFO,07/01/2020,09:38:07,5.95,6.2,30000,6.85,6000,0,456000
NMDC30Jan20125CE.NFO,07/01/2020,09:38:12,5.95,6.3,6000,6.8,6000,0,456000
NMDC30Jan20125CE.NFO,07/01/2020,09:38:18,5.95,6.4,12000,6.85,6000,0,456000
NMDC30Jan20125CE.NFO,07/01/2020,09:38:23,5.95,6.25,66000,6.85,6000,0,456000
NMDC30Jan20125CE.NFO,07/01/2020,09:38:27,5.95,6.35,12000,6.8,6000,0,456000
NMDC30Jan20125CE.NFO,07/01/2020,09:38:31,5.95,6.35,18000,6.9,6000,0,456000
NMDC30Jan20125CE.NFO,07/01/2020,09:38:36,5.95,6.45,12000,6.9,18000,0,456000
NMDC30Jan20125CE.NFO,07/01/2020,09:38:41,5.95,6.45,18000,6.9,6000,0,456000
NMDC30Jan20125CE.NFO,07/01/2020,09:38:46,5.95,6.5,6000,6.85,6000,0,456000
NMDC30Jan20125CE.NFO,07/01/2020,09:38:51,5.95,6.35,6000,6.8,6000,0,456000
NMDC30Jan20125CE.NFO,07/01/2020,09:38:56,5.95,6.35,18000,6.75,6000,0,456000
NMDC30Jan20125CE.NFO,07/01/2020,09:39:01,5.95,6.35,12000,6.8,6000,0,456000
NMDC30Jan20125CE.NFO,07/01/2020,09:39:17,5.95,6.25,6000,6.7,6000,0,456000
NMDC30Jan20125CE.NFO,07/01/2020,09:39:22,5.95,6.2,12000,6.7,6000,0,456000
NMDC30Jan20125CE.NFO,07/01/2020,09:39:27,5.95,6.25,18000,6.7,6000,0,456000
NMDC30Jan20125CE.NFO,07/01/2020,09:39:32,5.95,6.3,6000,6.8,6000,0,456000
NMDC30Jan20125CE.NFO,07/01/2020,09:39:37,5.95,6.3,12000,6.8,6000,0,456000
NMDC30Jan20125CE.NFO,07/01/2020,09:39:43,5.95,6.15,18000,6.85,12000,0,456000
NMDC30Jan20125CE.NFO,07/01/2020,09:39:49,5.95,6.25,54000,6.8,6000,0,456000
NMDC30Jan20125CE.NFO,07/01/2020,09:39:54,5.95,6.35,12000,6.85,6000,0,456000
NMDC30Jan20125CE.NFO,07/01/2020,09:40:04,5.95,6.35,12000,6.8,6000,0,456000
NMDC30Jan20125CE.NFO,07/01/2020,09:40:10,5.95,6.45,30000,6.85,6000,0,456000
NMDC30Jan20125CE.NFO,07/01/2020,09:40:16,5.95,6.3,6000,6.8,24000,0,456000
NMDC30Jan20125CE.NFO,07/01/2020,09:40:22,5.95,6.1,6000,6.55,12000,0,456000
NMDC30Jan20125CE.NFO,07/01/2020,09:40:28,5.95,5.95,42000,6.5,12000,0,456000
NMDC30Jan20125CE.NFO,07/01/2020,09:40:34,5.95,5.8,6000,6.4,6000,0,456000
NMDC30Jan20125CE.NFO,07/01/2020,09:40:40,5.95,5.9,6000,6.4,6000,0,456000
NMDC30Jan20125CE.NFO,07/01/2020,09:40:45,5.95,5.8,6000,6.25,6000,0,456000
NMDC30Jan20125CE.NFO,07/01/2020,09:40:50,5.95,5.9,6000,6.4,6000,0,456000
NMDC30Jan20125CE.NFO,07/01/2020,09:40:56,5.95,5.9,18000,6.5,12000,0,456000
NMDC30Jan20125CE.NFO,07/01/2020,09:41:01,5.95,5.9,6000,6.35,6000,0,456000
NMDC30Jan20125CE.NFO,07/01/2020,09:41:07,5.95,5.9,6000,6.45,6000,0,456000
NMDC30Jan20125CE.NFO,07/01/2020,09:41:12,5.95,5.9,6000,6.35,6000,0,456000
NMDC30Jan20125CE.NFO,07/01/2020,09:41:17,5.95,5.95,6000,6.4,6000,0,456000
NMDC30Jan20125CE.NFO,07/01/2020,09:41:22,5.95,5.95,6000,6.4,12000,0,456000
NMDC30Jan20125CE.NFO,07/01/2020,09:41:28,5.95,5.65,18000,6.2,12000,0,456000
NMDC30Jan20125CE.NFO,07/01/2020,09:41:33,5.95,5.7,6000,6.1,6000,0,456000
NMDC30Jan20125CE.NFO,07/01/2020,09:41:38,5.55,5.55,84000,6.15,12000,6000,456000
NMDC30Jan20125CE.NFO,07/01/2020,09:41:38,5.55,5.55,84000,6.15,12000,0,456000
NMDC30Jan20125CE.NFO,07/01/2020,09:41:43,5.55,5.55,84000,6.2,12000,0,456000
NMDC30Jan20125CE.NFO,07/01/2020,09:41:47,5.55,5.65,78000,6.2,12000,0,456000
NMDC30Jan20125CE.NFO,07/01/2020,09:41:54,5.65,5.6,6000,5.85,12000,6000,456000
NMDC30Jan20125CE.NFO,07/01/2020,09:42:01,5.65,5.4,48000,5.85,6000,0,456000
NMDC30Jan20125CE.NFO,07/01/2020,09:42:09,5.65,5.4,48000,5.85,12000,0,456000
NMDC30Jan20125CE.NFO,07/01/2020,09:42:16,5.65,5.45,6000,5.75,18000,0,456000
NMDC30Jan20125CE.NFO,07/01/2020,09:42:22,5.65,5.5,12000,5.85,18000,0,456000
NMDC30Jan20125CE.NFO,07/01/2020,09:42:43,5.65,5.5,6000,5.8,6000,0,456000
NMDC30Jan20125CE.NFO,07/01/2020,09:42:50,5.65,5.5,6000,5.9,24000,0,456000
NMDC30Jan20125CE.NFO,07/01/2020,09:42:57,5.65,5.5,102000,6.1,24000,0,456000
NMDC30Jan20125CE.NFO,07/01/2020,09:43:03,5.65,5.65,42000,6.1,18000,0,456000
NMDC30Jan20125CE.NFO,07/01/2020,09:43:08,5.65,5.7,48000,6.1,6000,0,456000
NMDC30Jan20125CE.NFO,07/01/2020,09:43:12,5.65,5.65,12000,6,6000,0,456000
NMDC30Jan20125CE.NFO,07/01/2020,09:43:18,5.65,5.55,36000,6,6000,0,456000
NMDC30Jan20125CE.NFO,07/01/2020,09:43:23,5.65,5.55,18000,6,18000,0,456000
NMDC30Jan20125CE.NFO,07/01/2020,09:43:29,5.65,5.55,54000,6,6000,0,456000
NMDC30Jan20125CE.NFO,07/01/2020,09:43:33,5.65,5.55,54000,6,12000,0,456000
NMDC30Jan20125CE.NFO,07/01/2020,09:43:39,5.65,5.75,102000,6.25,12000,0,456000
NMDC30Jan20125CE.NFO,07/01/2020,09:43:44,5.65,5.85,18000,6.25,24000,0,456000
NMDC30Jan20125CE.NFO,07/01/2020,09:43:49,5.65,5.7,30000,6.15,18000,0,456000
NMDC30Jan20125CE.NFO,07/01/2020,09:43:54,5.65,5.7,42000,6.15,12000,0,456000
NMDC30Jan20125CE.NFO,07/01/2020,09:44:00,5.65,5.7,6000,6.1,12000,0,456000
NMDC30Jan20125CE.NFO,07/01/2020,09:44:06,5.65,5.8,18000,6.2,12000,0,456000
NMDC30Jan20125CE.NFO,07/01/2020,09:44:12,5.65,5.8,30000,6.2,6000,0,456000
NMDC30Jan20125CE.NFO,07/01/2020,09:44:17,5.65,5.85,18000,6.3,24000,0,456000
NMDC30Jan20125CE.NFO,07/01/2020,09:44:23,5.65,5.75,6000,6.15,6000,0,456000
NMDC30Jan20125CE.NFO,07/01/2020,09:44:28,5.65,5.75,6000,6.15,30000,0,456000
NMDC30Jan20125CE.NFO,07/01/2020,09:44:33,5.65,5.75,18000,6.1,12000,0,456000
NMDC30Jan20125CE.NFO,07/01/2020,09:44:37,5.65,5.75,6000,6.1,12000,0,456000
NMDC30Jan20125CE.NFO,07/01/2020,09:44:42,5.65,5.75,6000,6.1,6000,0,456000
NMDC30Jan20125CE.NFO,07/01/2020,09:44:47,5.65,5.65,6000,6.05,12000,0,456000
NMDC30Jan20125CE.NFO,07/01/2020,09:44:52,5.65,5.65,30000,6.05,6000,0,456000
NMDC30Jan20125CE.NFO,07/01/2020,09:44:58,5.65,5.75,54000,6.15,24000,0,456000
NMDC30Jan20125CE.NFO,07/01/2020,09:45:03,5.65,5.6,18000,6.1,6000,0,456000
NMDC30Jan20125CE.NFO,07/01/2020,09:45:09,5.65,5.75,30000,6.1,6000,0,456000
NMDC30Jan20125CE.NFO,07/01/2020,09:45:17,5.65,5.9,18000,6.25,12000,0,456000
NMDC30Jan20125CE.NFO,07/01/2020,09:45:24,5.65,5.9,6000,6.2,6000,0,456000
NMDC30Jan20125CE.NFO,07/01/2020,09:45:30,5.65,5.9,6000,6.25,18000,0,456000
NMDC30Jan20125CE.NFO,07/01/2020,09:45:35,5.65,5.9,6000,6.25,24000,0,456000
NMDC30Jan20125CE.NFO,07/01/2020,09:45:41,5.65,5.9,18000,6.25,18000,0,456000
NMDC30Jan20125CE.NFO,07/01/2020,09:45:47,5.65,5.9,6000,6.2,6000,0,456000
NMDC30Jan20125CE.NFO,07/01/2020,09:45:52,5.65,5.9,6000,6.25,18000,0,456000
NMDC30Jan20125CE.NFO,07/01/2020,09:45:57,6.25,6.2,18000,6.6,6000,18000,450000
NMDC30Jan20125CE.NFO,07/01/2020,09:46:03,6.25,6.2,42000,6.6,6000,0,450000
NMDC30Jan20125CE.NFO,07/01/2020,09:46:14,6.25,6.2,54000,6.6,6000,0,450000
NMDC30Jan20125CE.NFO,07/01/2020,09:46:19,6.25,6.3,54000,6.7,6000,0,450000
NMDC30Jan20125CE.NFO,07/01/2020,09:46:24,6.25,6.25,24000,6.7,12000,0,450000
NMDC30Jan20125CE.NFO,07/01/2020,09:46:29,6.25,6.25,6000,6.6,6000,0,450000
NMDC30Jan20125CE.NFO,07/01/2020,09:46:42,6.25,6.3,42000,6.7,6000,0,450000
NMDC30Jan20125CE.NFO,07/01/2020,09:46:47,6.25,6.3,6000,6.7,6000,0,450000
NMDC30Jan20125CE.NFO,07/01/2020,09:47:12,6.25,6.3,6000,6.65,6000,0,450000
NMDC30Jan20125CE.NFO,07/01/2020,09:47:36,6.25,6.2,60000,6.65,6000,0,450000
NMDC30Jan20125CE.NFO,07/01/2020,09:47:44,6.25,6.3,12000,6.65,6000,0,450000
NMDC30Jan20125CE.NFO,07/01/2020,09:47:54,6.25,6.3,6000,6.65,6000,0,450000
NMDC30Jan20125CE.NFO,07/01/2020,09:48:13,6.25,6.25,6000,6.65,6000,0,450000
NMDC30Jan20125CE.NFO,07/01/2020,09:48:18,6.25,6.3,6000,6.65,6000,0,450000
NMDC30Jan20125CE.NFO,07/01/2020,09:48:34,6.25,6.25,6000,6.65,6000,0,450000
NMDC30Jan20125CE.NFO,07/01/2020,09:48:46,6.25,6.2,12000,6.65,6000,0,450000
NMDC30Jan20125CE.NFO,07/01/2020,09:48:52,6.25,6.15,60000,6.75,12000,0,450000
NMDC30Jan20125CE.NFO,07/01/2020,09:48:58,6.25,6.2,6000,6.65,12000,0,450000
NMDC30Jan20125CE.NFO,07/01/2020,09:49:05,6.25,6.25,6000,6.65,12000,0,450000
NMDC30Jan20125CE.NFO,07/01/2020,09:49:21,6.25,6.3,6000,6.65,6000,0,450000
NMDC30Jan20125CE.NFO,07/01/2020,09:49:27,6.25,6.25,6000,6.65,6000,0,450000
NMDC30Jan20125CE.NFO,07/01/2020,09:49:44,6.25,6.2,6000,6.75,6000,0,450000
NMDC30Jan20125CE.NFO,07/01/2020,09:49:49,6.25,6.2,6000,6.6,6000,0,450000
NMDC30Jan20125CE.NFO,07/01/2020,09:49:54,6.6,6.55,6000,7,6000,6000,450000
NMDC30Jan20125CE.NFO,07/01/2020,09:49:59,6.6,6.55,6000,7,6000,0,450000
NMDC30Jan20125CE.NFO,07/01/2020,09:50:04,6.6,6.55,6000,7.1,6000,0,450000
NMDC30Jan20125CE.NFO,07/01/2020,09:50:19,6.6,6.55,12000,7.15,6000,0,450000
NMDC30Jan20125CE.NFO,07/01/2020,09:50:25,6.6,6.45,54000,7.2,6000,0,450000
NMDC30Jan20125CE.NFO,07/01/2020,09:50:33,6.6,6.45,30000,7.2,6000,0,450000
NMDC30Jan20125CE.NFO,07/01/2020,09:50:37,6.6,6.55,6000,7.2,6000,0,450000
NMDC30Jan20125CE.NFO,07/01/2020,09:50:42,6.6,6.6,6000,7.25,6000,0,450000
NMDC30Jan20125CE.NFO,07/01/2020,09:50:47,6.6,6.6,6000,7.25,18000,0,450000
NMDC30Jan20125CE.NFO,07/01/2020,09:50:52,6.6,6.6,6000,7.05,6000,0,450000
NMDC30Jan20125CE.NFO,07/01/2020,09:50:56,6.6,6.6,6000,7.25,36000,0,450000
NMDC30Jan20125CE.NFO,07/01/2020,09:51:01,6.6,6.6,6000,7.25,24000,0,450000
NMDC30Jan20125CE.NFO,07/01/2020,09:51:07,6.6,6.55,6000,7.2,36000,0,450000
NMDC30Jan20125CE.NFO,07/01/2020,09:51:12,6.6,6.55,6000,7.2,12000,0,450000
NMDC30Jan20125CE.NFO,07/01/2020,09:51:21,6.6,6.55,6000,7.2,36000,0,450000
NMDC30Jan20125CE.NFO,07/01/2020,09:51:25,6.6,6.55,6000,7.15,60000,0,450000
NMDC30Jan20125CE.NFO,07/01/2020,09:51:33,6.6,6.45,6000,7.05,60000,0,450000
NMDC30Jan20125CE.NFO,07/01/2020,09:51:38,6.6,6.35,6000,7.05,60000,0,450000
NMDC30Jan20125CE.NFO,07/01/2020,09:51:42,6.6,6.45,6000,7.25,60000,0,450000
NMDC30Jan20125CE.NFO,07/01/2020,09:51:52,6.6,6.55,6000,7.25,60000,0,450000
NMDC30Jan20125CE.NFO,07/01/2020,09:52:02,6.6,6.55,6000,7.25,72000,0,450000
NMDC30Jan20125CE.NFO,07/01/2020,09:52:07,6.6,6.55,6000,7.25,108000,0,450000
NMDC30Jan20125CE.NFO,07/01/2020,09:52:12,6.6,6.4,6000,7.15,72000,0,450000
NMDC30Jan20125CE.NFO,07/01/2020,09:52:17,6.6,6.4,6000,7.15,84000,0,450000
NMDC30Jan20125CE.NFO,07/01/2020,09:52:22,6.6,6.4,6000,7.05,48000,0,450000
NMDC30Jan20125CE.NFO,07/01/2020,09:52:27,6.6,6.4,6000,7.05,60000,0,450000
NMDC30Jan20125CE.NFO,07/01/2020,09:52:33,6.6,6.4,6000,7,24000,0,450000
NMDC30Jan20125CE.NFO,07/01/2020,09:52:51,6.6,6.4,6000,7,12000,0,450000
NMDC30Jan20125CE.NFO,07/01/2020,09:53:06,6.6,6.4,6000,7,36000,0,450000
NMDC30Jan20125CE.NFO,07/01/2020,09:53:13,6.6,6.4,6000,7,24000,0,450000
NMDC30Jan20125CE.NFO,07/01/2020,09:53:18,6.6,6.45,6000,7.1,36000,0,450000
NMDC30Jan20125CE.NFO,07/01/2020,09:53:23,6.6,6.5,12000,7.1,36000,0,450000
NMDC30Jan20125CE.NFO,07/01/2020,09:53:28,6.6,6.5,12000,7.05,6000,0,450000
NMDC30Jan20125CE.NFO,07/01/2020,09:53:33,6.6,6.5,6000,7.05,6000,0,450000
NMDC30Jan20125CE.NFO,07/01/2020,09:53:43,6.6,6.55,6000,7.2,42000,0,450000
NMDC30Jan20125CE.NFO,07/01/2020,09:53:48,6.6,6.5,6000,7.2,66000,0,450000
NMDC30Jan20125CE.NFO,07/01/2020,09:53:53,6.6,6.5,6000,7.2,102000,0,450000
NMDC30Jan20125CE.NFO,07/01/2020,09:53:58,6.6,6.55,6000,7.05,6000,0,450000
NMDC30Jan20125CE.NFO,07/01/2020,09:54:03,6.6,6.55,6000,7.1,6000,0,450000
NMDC30Jan20125CE.NFO,07/01/2020,09:54:19,6.55,6.35,12000,6.95,30000,6000,456000
NMDC30Jan20125CE.NFO,07/01/2020,09:54:25,6.55,5.85,12000,6.4,6000,0,456000
NMDC30Jan20125CE.NFO,07/01/2020,09:54:30,6.55,5.8,30000,6.45,18000,0,456000
NMDC30Jan20125CE.NFO,07/01/2020,09:54:35,6.55,5.8,36000,6.45,18000,0,456000
NMDC30Jan20125CE.NFO,07/01/2020,09:54:39,6.55,5.95,6000,6.35,18000,0,456000
NMDC30Jan20125CE.NFO,07/01/2020,09:54:44,6.55,5.8,6000,6.35,18000,0,456000
NMDC30Jan20125CE.NFO,07/01/2020,09:54:54,6.55,5.95,6000,6.6,6000,0,456000
NMDC30Jan20125CE.NFO,07/01/2020,09:55:00,6.55,5.95,18000,6.6,18000,0,456000
NMDC30Jan20125CE.NFO,07/01/2020,09:55:05,6.55,5.85,6000,6.5,18000,0,456000
NMDC30Jan20125CE.NFO,07/01/2020,09:55:11,6.55,5.8,6000,6.4,18000,0,456000
NMDC30Jan20125CE.NFO,07/01/2020,09:55:17,6.55,5.8,6000,6.5,42000,0,456000
NMDC30Jan20125CE.NFO,07/01/2020,09:55:23,5.8,5.75,6000,6.35,18000,6000,456000
NMDC30Jan20125CE.NFO,07/01/2020,09:55:28,5.8,5.75,6000,6.3,6000,0,456000
NMDC30Jan20125CE.NFO,07/01/2020,09:55:34,5.8,5.75,6000,6.3,18000,0,456000
NMDC30Jan20125CE.NFO,07/01/2020,09:55:39,5.8,5.75,18000,6.45,12000,0,456000
NMDC30Jan20125CE.NFO,07/01/2020,09:55:43,5.8,5.85,6000,6.45,48000,0,456000
NMDC30Jan20125CE.NFO,07/01/2020,09:55:47,5.8,5.85,6000,6.4,12000,0,456000
NMDC30Jan20125CE.NFO,07/01/2020,09:56:19,5.8,5.85,18000,6.2,6000,0,456000
NMDC30Jan20125CE.NFO,07/01/2020,09:56:25,5.8,5.9,18000,6.3,6000,0,456000
NMDC30Jan20125CE.NFO,07/01/2020,09:56:31,5.8,5.95,6000,6.3,12000,0,456000
NMDC30Jan20125CE.NFO,07/01/2020,09:56:37,5.8,5.95,6000,6.3,6000,0,456000
NMDC30Jan20125CE.NFO,07/01/2020,09:56:47,5.8,5.9,18000,6.3,6000,0,456000
NMDC30Jan20125CE.NFO,07/01/2020,09:56:51,5.8,5.9,6000,6.25,12000,0,456000
NMDC30Jan20125CE.NFO,07/01/2020,09:56:55,5.8,5.85,6000,6.25,12000,0,456000
NMDC30Jan20125CE.NFO,07/01/2020,09:56:59,5.8,5.95,6000,6.25,6000,0,456000
NMDC30Jan20125CE.NFO,07/01/2020,09:57:04,5.8,5.9,18000,6.35,6000,0,456000
NMDC30Jan20125CE.NFO,07/01/2020,09:57:08,5.8,6,18000,6.4,6000,0,456000
NMDC30Jan20125CE.NFO,07/01/2020,09:57:13,5.8,6.05,6000,6.6,6000,0,456000
NMDC30Jan20125CE.NFO,07/01/2020,09:57:19,5.8,6.1,6000,6.65,30000,0,456000
NMDC30Jan20125CE.NFO,07/01/2020,09:57:25,5.8,6,18000,6.55,12000,0,456000
NMDC30Jan20125CE.NFO,07/01/2020,09:57:31,5.8,6,6000,6.4,6000,0,456000
NMDC30Jan20125CE.NFO,07/01/2020,09:57:36,5.8,6.1,6000,6.45,6000,0,456000
NMDC30Jan20125CE.NFO,07/01/2020,09:57:40,5.8,6.05,6000,6.4,6000,0,456000
NMDC30Jan20125CE.NFO,07/01/2020,09:57:44,5.8,6.05,6000,6.45,12000,0,456000
NMDC30Jan20125CE.NFO,07/01/2020,09:57:57,5.8,6.1,6000,6.45,12000,0,456000
NMDC30Jan20125CE.NFO,07/01/2020,09:58:02,5.8,6.05,6000,6.4,18000,0,456000
NMDC30Jan20125CE.NFO,07/01/2020,09:58:08,5.8,5.95,6000,6.35,18000,0,456000
NMDC30Jan20125CE.NFO,07/01/2020,09:58:13,5.8,6.1,6000,6.4,12000,0,456000
NMDC30Jan20125CE.NFO,07/01/2020,09:58:18,5.8,6.1,6000,6.5,6000,0,456000
NMDC30Jan20125CE.NFO,07/01/2020,09:58:23,5.8,6.05,6000,6.4,12000,0,456000
NMDC30Jan20125CE.NFO,07/01/2020,09:58:28,5.8,6.1,12000,6.4,18000,0,456000
NMDC30Jan20125CE.NFO,07/01/2020,09:58:33,5.8,6.1,6000,6.4,6000,0,456000
NMDC30Jan20125CE.NFO,07/01/2020,09:58:37,5.8,6.15,6000,6.4,6000,0,456000
NMDC30Jan20125CE.NFO,07/01/2020,09:58:41,5.8,6.1,6000,6.4,6000,0,456000
NMDC30Jan20125CE.NFO,07/01/2020,09:58:47,5.8,6.1,6000,6.45,12000,0,456000
NMDC30Jan20125CE.NFO,07/01/2020,09:58:52,5.8,6,6000,6.4,12000,0,456000
NMDC30Jan20125CE.NFO,07/01/2020,09:59:10,5.8,5.95,6000,6.3,6000,0,456000
NMDC30Jan20125CE.NFO,07/01/2020,09:59:28,5.8,6,6000,6.4,12000,0,456000
NMDC30Jan20125CE.NFO,07/01/2020,09:59:37,5.8,6.1,6000,6.4,12000,0,456000
NMDC30Jan20125CE.NFO,07/01/2020,09:59:42,5.8,6.05,6000,6.4,12000,0,456000
NMDC30Jan20125CE.NFO,07/01/2020,09:59:47,5.8,6.05,12000,6.4,12000,0,456000
NMDC30Jan20125CE.NFO,07/01/2020,10:00:04,5.8,6.1,18000,6.45,6000,0,456000
NMDC30Jan20125CE.NFO,07/01/2020,10:00:08,5.8,6.1,6000,6.5,6000,0,456000
NMDC30Jan20125CE.NFO,07/01/2020,10:00:12,5.8,6.2,6000,6.5,12000,0,456000
NMDC30Jan20125CE.NFO,07/01/2020,10:00:19,5.8,6.15,6000,6.4,6000,0,456000
NMDC30Jan20125CE.NFO,07/01/2020,10:00:25,5.8,5.9,48000,6.4,12000,0,456000
NMDC30Jan20125CE.NFO,07/01/2020,10:00:30,5.8,6,12000,6.4,6000,0,456000
NMDC30Jan20125CE.NFO,07/01/2020,10:00:35,5.8,6,12000,6.35,6000,0,456000
NMDC30Jan20125CE.NFO,07/01/2020,10:00:39,5.8,5.95,6000,6.4,6000,0,456000
NMDC30Jan20125CE.NFO,07/01/2020,10:00:45,5.8,6,6000,6.4,6000,0,456000
NMDC30Jan20125CE.NFO,07/01/2020,10:00:52,5.8,6.05,6000,6.4,6000,0,456000
NMDC30Jan20125CE.NFO,07/01/2020,10:00:58,5.8,5.95,6000,6.3,12000,0,456000
NMDC30Jan20125CE.NFO,07/01/2020,10:01:10,5.8,5.8,42000,6.3,12000,0,456000
NMDC30Jan20125CE.NFO,07/01/2020,10:01:17,5.8,5.9,6000,6.25,24000,0,456000
NMDC30Jan20125CE.NFO,07/01/2020,10:01:24,5.8,5.85,6000,6.25,12000,0,456000
NMDC30Jan20125CE.NFO,07/01/2020,10:01:30,5.8,5.9,12000,6.25,12000,0,456000
NMDC30Jan20125CE.NFO,07/01/2020,10:01:47,5.8,5.9,6000,6.25,12000,0,456000
NMDC30Jan20125CE.NFO,07/01/2020,10:01:53,5.8,5.9,12000,6.3,6000,0,456000
NMDC30Jan20125CE.NFO,07/01/2020,10:01:59,5.8,5.9,6000,6.25,6000,0,456000
NMDC30Jan20125CE.NFO,07/01/2020,10:02:04,5.8,5.9,6000,6.3,12000,0,456000
NMDC30Jan20125CE.NFO,07/01/2020,10:02:10,5.8,5.95,6000,6.4,6000,0,456000
NMDC30Jan20125CE.NFO,07/01/2020,10:02:25,5.8,5.95,6000,6.5,6000,0,456000
NMDC30Jan20125CE.NFO,07/01/2020,10:02:30,5.8,5.8,18000,6.4,6000,0,456000
NMDC30Jan20125CE.NFO,07/01/2020,10:02:35,5.8,5.95,6000,6.4,6000,0,456000
NMDC30Jan20125CE.NFO,07/01/2020,10:02:40,5.8,5.95,6000,6.45,6000,0,456000
NMDC30Jan20125CE.NFO,07/01/2020,10:02:45,5.8,5.9,6000,6.4,6000,0,456000
NMDC30Jan20125CE.NFO,07/01/2020,10:02:50,5.8,5.95,6000,6.45,18000,0,456000
NMDC30Jan20125CE.NFO,07/01/2020,10:02:55,5.8,5.95,6000,6.4,12000,0,456000
NMDC30Jan20125CE.NFO,07/01/2020,10:03:01,5.8,6,6000,6.4,6000,0,456000
NMDC30Jan20125CE.NFO,07/01/2020,10:03:07,5.8,5.85,42000,6.4,12000,0,456000
NMDC30Jan20125CE.NFO,07/01/2020,10:03:13,5.8,5.95,18000,6.4,12000,0,456000
NMDC30Jan20125CE.NFO,07/01/2020,10:03:18,5.8,6,6000,6.4,12000,0,456000
NMDC30Jan20125CE.NFO,07/01/2020,10:03:24,5.8,5.95,6000,6.4,12000,0,456000
NMDC30Jan20125CE.NFO,07/01/2020,10:03:30,5.8,5.85,6000,6.35,12000,0,456000
NMDC30Jan20125CE.NFO,07/01/2020,10:03:40,5.8,5.9,6000,6.35,12000,0,456000
NMDC30Jan20125CE.NFO,07/01/2020,10:03:45,5.8,5.85,6000,6.35,12000,0,456000
NMDC30Jan20125CE.NFO,07/01/2020,10:03:56,5.8,5.85,6000,6.3,12000,0,456000
NMDC30Jan20125CE.NFO,07/01/2020,10:04:07,5.8,5.9,6000,6.3,12000,0,456000
NMDC30Jan20125CE.NFO,07/01/2020,10:04:13,5.8,5.9,6000,6.25,12000,0,456000
NMDC30Jan20125CE.NFO,07/01/2020,10:04:18,5.8,5.85,18000,6.25,12000,0,456000
NMDC30Jan20125CE.NFO,07/01/2020,10:04:23,5.8,5.85,18000,6.4,6000,0,456000
NMDC30Jan20125CE.NFO,07/01/2020,10:04:28,5.8,5.9,6000,6.3,12000,0,456000
NMDC30Jan20125CE.NFO,07/01/2020,10:04:33,5.8,5.9,12000,6.3,12000,0,456000
NMDC30Jan20125CE.NFO,07/01/2020,10:04:38,5.9,5.85,6000,6.2,6000,12000,450000
NMDC30Jan20125CE.NFO,07/01/2020,10:04:43,5.9,5.75,6000,6.2,6000,0,450000
NMDC30Jan20125CE.NFO,07/01/2020,10:04:49,5.9,5.75,6000,6.1,12000,0,450000
NMDC30Jan20125CE.NFO,07/01/2020,10:04:59,5.9,5.75,6000,6.15,6000,0,450000
NMDC30Jan20125CE.NFO,07/01/2020,10:05:05,5.9,5.75,6000,6.1,6000,0,450000
NMDC30Jan20125CE.NFO,07/01/2020,10:05:15,5.9,5.75,6000,6.2,6000,0,450000
NMDC30Jan20125CE.NFO,07/01/2020,10:05:24,5.9,5.7,12000,6.1,6000,0,450000
NMDC30Jan20125CE.NFO,07/01/2020,10:05:36,5.9,5.7,6000,6.1,6000,0,450000
NMDC30Jan20125CE.NFO,07/01/2020,10:05:48,5.9,5.75,6000,6.1,6000,0,450000
NMDC30Jan20125CE.NFO,07/01/2020,10:05:54,5.9,5.7,6000,6.1,12000,0,450000
NMDC30Jan20125CE.NFO,07/01/2020,10:06:00,5.9,5.75,6000,6.2,6000,0,450000
NMDC30Jan20125CE.NFO,07/01/2020,10:06:05,5.9,5.65,6000,6,6000,0,450000
NMDC30Jan20125CE.NFO,07/01/2020,10:06:12,5.9,5.6,12000,6,12000,0,450000
NMDC30Jan20125CE.NFO,07/01/2020,10:06:23,5.9,5.6,12000,5.95,12000,0,450000
NMDC30Jan20125CE.NFO,07/01/2020,10:06:29,5.9,5.7,6000,6.05,6000,0,450000
NMDC30Jan20125CE.NFO,07/01/2020,10:06:40,5.9,5.6,6000,6.05,6000,0,450000
NMDC30Jan20125CE.NFO,07/01/2020,10:06:44,5.9,5.65,6000,6.05,6000,0,450000
NMDC30Jan20125CE.NFO,07/01/2020,10:06:50,5.9,5.6,12000,6.05,6000,0,450000
NMDC30Jan20125CE.NFO,07/01/2020,10:06:59,5.9,5.65,6000,6.05,6000,0,450000
NMDC30Jan20125CE.NFO,07/01/2020,10:07:04,5.9,5.6,6000,6.05,6000,0,450000
NMDC30Jan20125CE.NFO,07/01/2020,10:07:10,5.9,5.55,6000,6.05,6000,0,450000
NMDC30Jan20125CE.NFO,07/01/2020,10:07:15,5.9,5.55,6000,6,6000,0,450000
NMDC30Jan20125CE.NFO,07/01/2020,10:07:21,5.9,5.55,6000,5.95,6000,0,450000
NMDC30Jan20125CE.NFO,07/01/2020,10:07:27,5.9,5.6,6000,5.95,6000,0,450000
NMDC30Jan20125CE.NFO,07/01/2020,10:07:33,5.9,5.55,6000,5.95,6000,0,450000
NMDC30Jan20125CE.NFO,07/01/2020,10:07:40,5.9,5.55,6000,5.9,12000,0,450000
NMDC30Jan20125CE.NFO,07/01/2020,10:07:46,5.9,5.6,6000,5.95,12000,0,450000
NMDC30Jan20125CE.NFO,07/01/2020,10:07:51,5.9,5.6,6000,6,6000,0,450000
NMDC30Jan20125CE.NFO,07/01/2020,10:07:57,5.9,5.55,6000,6,6000,0,450000
NMDC30Jan20125CE.NFO,07/01/2020,10:08:07,5.9,5.55,6000,5.95,6000,0,450000
NMDC30Jan20125CE.NFO,07/01/2020,10:08:12,5.9,5.6,6000,5.9,12000,0,450000
NMDC30Jan20125CE.NFO,07/01/2020,10:08:23,5.9,5.55,6000,5.95,6000,0,450000
NMDC30Jan20125CE.NFO,07/01/2020,10:08:29,5.9,5.6,6000,5.9,12000,0,450000
NMDC30Jan20125CE.NFO,07/01/2020,10:08:36,5.9,5.5,12000,5.95,6000,0,450000
NMDC30Jan20125CE.NFO,07/01/2020,10:08:43,5.9,5.6,6000,6,6000,0,450000
NMDC30Jan20125CE.NFO,07/01/2020,10:08:49,5.9,5.65,6000,6,6000,0,450000
NMDC30Jan20125CE.NFO,07/01/2020,10:08:54,5.9,5.6,6000,6,6000,0,450000
NMDC30Jan20125CE.NFO,07/01/2020,10:09:00,5.9,5.55,6000,5.95,12000,0,450000
NMDC30Jan20125CE.NFO,07/01/2020,10:09:05,5.9,5.55,6000,5.95,6000,0,450000
NMDC30Jan20125CE.NFO,07/01/2020,10:09:15,5.9,5.55,6000,5.85,6000,0,450000
NMDC30Jan20125CE.NFO,07/01/2020,10:09:21,5.9,5.6,6000,5.85,6000,0,450000
NMDC30Jan20125CE.NFO,07/01/2020,10:09:26,5.9,5.55,6000,5.85,6000,0,450000
NMDC30Jan20125CE.NFO,07/01/2020,10:09:32,5.9,5.55,12000,5.9,6000,0,450000
NMDC30Jan20125CE.NFO,07/01/2020,10:09:37,5.9,5.55,12000,5.95,12000,0,450000
NMDC30Jan20125CE.NFO,07/01/2020,10:09:42,5.9,5.7,6000,5.95,6000,0,450000
NMDC30Jan20125CE.NFO,07/01/2020,10:09:47,5.9,5.65,12000,6,6000,0,450000
NMDC30Jan20125CE.NFO,07/01/2020,10:09:51,5.9,5.75,6000,6,18000,0,450000
NMDC30Jan20125CE.NFO,07/01/2020,10:09:57,5.9,5.7,6000,6,6000,0,450000
NMDC30Jan20125CE.NFO,07/01/2020,10:10:04,5.9,5.65,6000,5.95,6000,0,450000
NMDC30Jan20125CE.NFO,07/01/2020,10:10:11,5.9,5.75,6000,6,12000,0,450000
NMDC30Jan20125CE.NFO,07/01/2020,10:10:17,5.9,5.7,6000,6,12000,0,450000
NMDC30Jan20125CE.NFO,07/01/2020,10:10:23,5.75,5.6,6000,5.85,18000,6000,450000
NMDC30Jan20125CE.NFO,07/01/2020,10:10:27,5.75,5.5,6000,5.8,18000,0,450000
NMDC30Jan20125CE.NFO,07/01/2020,10:10:32,5.75,5.5,6000,5.85,24000,0,450000
NMDC30Jan20125CE.NFO,07/01/2020,10:10:42,5.75,5.6,6000,5.9,30000,0,450000
NMDC30Jan20125CE.NFO,07/01/2020,10:10:52,5.75,5.6,6000,5.95,30000,0,450000
NMDC30Jan20125CE.NFO,07/01/2020,10:11:16,5.75,5.6,6000,5.9,42000,0,450000
NMDC30Jan20125CE.NFO,07/01/2020,10:11:27,5.75,5.65,6000,5.95,6000,0,450000
NMDC30Jan20125CE.NFO,07/01/2020,10:11:37,5.75,5.6,24000,6,30000,0,450000
NMDC30Jan20125CE.NFO,07/01/2020,10:11:49,5.75,5.75,6000,6.05,12000,0,450000
NMDC30Jan20125CE.NFO,07/01/2020,10:12:08,5.75,5.75,6000,6.1,6000,0,450000
NMDC30Jan20125CE.NFO,07/01/2020,10:12:14,5.75,5.75,6000,6.05,6000,0,450000
NMDC30Jan20125CE.NFO,07/01/2020,10:12:56,5.75,5.75,6000,6.1,6000,0,450000
NMDC30Jan20125CE.NFO,07/01/2020,10:13:07,5.75,5.75,6000,6.1,12000,0,450000
NMDC30Jan20125CE.NFO,07/01/2020,10:13:20,5.75,5.75,6000,6.05,6000,0,450000
NMDC30Jan20125CE.NFO,07/01/2020,10:13:26,5.75,5.75,6000,6.1,12000,0,450000
NMDC30Jan20125CE.NFO,07/01/2020,10:14:51,5.75,5.75,6000,6.1,36000,0,450000
NMDC30Jan20125CE.NFO,07/01/2020,10:15:02,5.75,5.75,6000,6.05,6000,0,450000
NMDC30Jan20125CE.NFO,07/01/2020,10:15:19,5.75,5.75,6000,6.1,6000,0,450000
NMDC30Jan20125CE.NFO,07/01/2020,10:15:28,5.75,5.7,6000,6.1,6000,0,450000
NMDC30Jan20125CE.NFO,07/01/2020,10:15:34,5.75,5.75,6000,6.1,6000,0,450000
NMDC30Jan20125CE.NFO,07/01/2020,10:15:51,5.75,5.75,6000,6.05,6000,0,450000
NMDC30Jan20125CE.NFO,07/01/2020,10:16:23,5.75,5.75,6000,6.05,12000,0,450000
NMDC30Jan20125CE.NFO,07/01/2020,10:16:44,5.75,5.65,6000,6,6000,0,450000
NMDC30Jan20125CE.NFO,07/01/2020,10:17:11,5.75,5.65,6000,6.05,12000,0,450000
NMDC30Jan20125CE.NFO,07/01/2020,10:17:17,5.75,5.6,18000,6.05,12000,0,450000
NMDC30Jan20125CE.NFO,07/01/2020,10:17:21,5.75,5.7,6000,6,6000,0,450000
NMDC30Jan20125CE.NFO,07/01/2020,10:17:36,5.75,5.6,24000,6,12000,0,450000
NMDC30Jan20125CE.NFO,07/01/2020,10:17:53,5.75,5.6,6000,6,12000,0,450000
NMDC30Jan20125CE.NFO,07/01/2020,10:18:02,5.75,5.65,6000,6,12000,0,450000
NMDC30Jan20125CE.NFO,07/01/2020,10:18:06,5.75,5.65,30000,6,12000,0,450000
NMDC30Jan20125CE.NFO,07/01/2020,10:18:21,5.75,5.65,6000,6.05,6000,0,450000
NMDC30Jan20125CE.NFO,07/01/2020,10:18:32,5.75,5.75,6000,6.05,6000,0,450000
NMDC30Jan20125CE.NFO,07/01/2020,10:18:38,5.75,5.6,12000,6.05,6000,0,450000
NMDC30Jan20125CE.NFO,07/01/2020,10:18:43,5.75,5.65,6000,6,6000,0,450000
NMDC30Jan20125CE.NFO,07/01/2020,10:18:53,5.75,5.55,6000,5.95,12000,0,450000
NMDC30Jan20125CE.NFO,07/01/2020,10:19:14,5.75,5.6,6000,5.95,12000,0,450000
NMDC30Jan20125CE.NFO,07/01/2020,10:19:19,5.75,5.6,12000,5.95,12000,0,450000
NMDC30Jan20125CE.NFO,07/01/2020,10:19:29,5.75,5.6,12000,5.9,6000,0,450000
NMDC30Jan20125CE.NFO,07/01/2020,10:20:17,5.75,5.6,12000,5.95,12000,0,450000
NMDC30Jan20125CE.NFO,07/01/2020,10:20:30,5.75,5.6,6000,5.9,12000,0,450000
NMDC30Jan20125CE.NFO,07/01/2020,10:20:39,5.75,5.55,6000,5.9,12000,0,450000
NMDC30Jan20125CE.NFO,07/01/2020,10:20:43,5.55,5.5,6000,5.85,6000,6000,450000
NMDC30Jan20125CE.NFO,07/01/2020,10:20:47,5.55,5.5,6000,5.8,6000,0,450000
NMDC30Jan20125CE.NFO,07/01/2020,10:21:00,5.55,5.5,6000,5.85,6000,0,450000
NMDC30Jan20125CE.NFO,07/01/2020,10:21:05,5.55,5.5,6000,5.95,6000,0,450000
NMDC30Jan20125CE.NFO,07/01/2020,10:21:10,5.55,5.55,6000,5.95,6000,0,450000
NMDC30Jan20125CE.NFO,07/01/2020,10:21:39,5.55,5.55,6000,5.9,6000,0,450000
NMDC30Jan20125CE.NFO,07/01/2020,10:21:44,5.55,5.55,6000,5.95,18000,0,450000
NMDC30Jan20125CE.NFO,07/01/2020,10:21:48,5.55,5.55,18000,5.95,18000,0,450000
NMDC30Jan20125CE.NFO,07/01/2020,10:21:58,5.55,5.55,42000,5.95,18000,0,450000
NMDC30Jan20125CE.NFO,07/01/2020,10:22:10,5.55,5.55,30000,5.95,18000,0,450000
NMDC30Jan20125CE.NFO,07/01/2020,10:22:24,5.55,5.55,18000,5.95,18000,0,450000
NMDC30Jan20125CE.NFO,07/01/2020,10:22:29,5.55,5.55,18000,6,18000,0,450000
NMDC30Jan20125CE.NFO,07/01/2020,10:22:33,5.55,5.5,6000,5.95,18000,0,450000
NMDC30Jan20125CE.NFO,07/01/2020,10:22:49,5.55,5.5,6000,5.85,18000,0,450000
NMDC30Jan20125CE.NFO,07/01/2020,10:23:00,5.55,5.5,30000,5.95,18000,0,450000
NMDC30Jan20125CE.NFO,07/01/2020,10:23:11,5.55,5.5,42000,6,18000,0,450000
NMDC30Jan20125CE.NFO,07/01/2020,10:23:20,5.55,5.55,42000,6,18000,0,450000
NMDC30Jan20125CE.NFO,07/01/2020,10:23:25,5.55,5.65,18000,6.1,18000,0,450000
NMDC30Jan20125CE.NFO,07/01/2020,10:23:30,5.55,5.65,30000,6.1,18000,0,450000
NMDC30Jan20125CE.NFO,07/01/2020,10:23:35,5.55,5.55,12000,6,18000,0,450000
NMDC30Jan20125CE.NFO,07/01/2020,10:23:40,5.55,5.55,12000,5.95,18000,0,450000
NMDC30Jan20125CE.NFO,07/01/2020,10:23:45,5.55,5.55,12000,6,18000,0,450000
NMDC30Jan20125CE.NFO,07/01/2020,10:23:54,5.55,5.5,30000,5.9,12000,0,450000
NMDC30Jan20125CE.NFO,07/01/2020,10:23:58,5.55,5.5,6000,5.9,18000,0,450000
NMDC30Jan20125CE.NFO,07/01/2020,10:24:01,5.55,5.5,6000,5.9,12000,0,450000
NMDC30Jan20125CE.NFO,07/01/2020,10:24:19,5.55,5.5,6000,5.9,18000,0,450000
NMDC30Jan20125CE.NFO,07/01/2020,10:24:23,5.55,5.55,12000,5.9,18000,0,450000
NMDC30Jan20125CE.NFO,07/01/2020,10:24:28,5.55,5.55,12000,5.9,12000,0,450000
NMDC30Jan20125CE.NFO,07/01/2020,10:24:38,5.55,5.55,6000,5.95,18000,0,450000
NMDC30Jan20125CE.NFO,07/01/2020,10:24:42,5.55,5.55,6000,5.9,12000,0,450000
NMDC30Jan20125CE.NFO,07/01/2020,10:24:59,5.55,5.5,6000,5.9,18000,0,450000
NMDC30Jan20125CE.NFO,07/01/2020,10:25:03,5.55,5.5,6000,5.85,18000,0,450000
NMDC30Jan20125CE.NFO,07/01/2020,10:25:08,5.55,5.5,6000,5.9,18000,0,450000
NMDC30Jan20125CE.NFO,07/01/2020,10:25:11,5.55,5.5,6000,5.85,18000,0,450000
NMDC30Jan20125CE.NFO,07/01/2020,10:25:19,5.55,5.5,6000,5.8,6000,0,450000
NMDC30Jan20125CE.NFO,07/01/2020,10:25:23,5.55,5.5,6000,5.8,12000,0,450000
NMDC30Jan20125CE.NFO,07/01/2020,10:25:27,5.55,5.45,6000,5.8,12000,0,450000
NMDC30Jan20125CE.NFO,07/01/2020,10:25:49,5.55,5.45,6000,5.85,6000,0,450000
NMDC30Jan20125CE.NFO,07/01/2020,10:25:55,5.55,5.45,6000,5.8,6000,0,450000
NMDC30Jan20125CE.NFO,07/01/2020,10:26:00,5.55,5.45,6000,5.85,6000,0,450000
NMDC30Jan20125CE.NFO,07/01/2020,10:26:04,5.55,5.45,6000,5.8,6000,0,450000
NMDC30Jan20125CE.NFO,07/01/2020,10:26:09,5.55,5.45,6000,5.85,6000,0,450000
NMDC30Jan20125CE.NFO,07/01/2020,10:26:14,5.55,5.45,6000,5.8,6000,0,450000
NMDC30Jan20125CE.NFO,07/01/2020,10:26:18,5.55,5.45,6000,5.85,6000,0,450000
NMDC30Jan20125CE.NFO,07/01/2020,10:26:23,5.55,5.45,6000,5.8,6000,0,450000
NMDC30Jan20125CE.NFO,07/01/2020,10:26:27,5.55,5.45,6000,5.85,6000,0,450000
NMDC30Jan20125CE.NFO,07/01/2020,10:26:41,5.55,5.45,6000,5.8,6000,0,450000
NMDC30Jan20125CE.NFO,07/01/2020,10:26:45,5.55,5.45,6000,5.75,6000,0,450000
NMDC30Jan20125CE.NFO,07/01/2020,10:26:49,5.55,5.45,6000,5.75,12000,0,450000
NMDC30Jan20125CE.NFO,07/01/2020,10:26:58,5.55,5.45,6000,5.8,6000,0,450000
NMDC30Jan20125CE.NFO,07/01/2020,10:27:03,5.55,5.45,6000,5.75,12000,0,450000
NMDC30Jan20125CE.NFO,07/01/2020,10:27:44,5.55,5.45,6000,5.8,6000,0,450000
NMDC30Jan20125CE.NFO,07/01/2020,10:28:05,5.55,5.45,6000,5.85,12000,0,450000
NMDC30Jan20125CE.NFO,07/01/2020,10:28:14,5.55,5.45,6000,5.85,6000,0,450000
NMDC30Jan20125CE.NFO,07/01/2020,10:28:19,5.55,5.45,6000,5.85,12000,0,450000
NMDC30Jan20125CE.NFO,07/01/2020,10:28:37,5.55,5.45,6000,5.9,6000,0,450000
NMDC30Jan20125CE.NFO,07/01/2020,10:28:44,5.55,5.45,6000,5.95,6000,0,450000
NMDC30Jan20125CE.NFO,07/01/2020,10:28:47,5.55,5.45,6000,5.9,6000,0,450000
NMDC30Jan20125CE.NFO,07/01/2020,10:28:54,5.55,5.45,6000,5.95,6000,0,450000
NMDC30Jan20125CE.NFO,07/01/2020,10:28:57,5.55,5.45,6000,5.8,6000,0,450000
NMDC30Jan20125CE.NFO,07/01/2020,10:29:00,5.55,5.45,6000,5.8,12000,0,450000
NMDC30Jan20125CE.NFO,07/01/2020,10:29:04,5.55,5.45,6000,5.75,12000,0,450000
NMDC30Jan20125CE.NFO,07/01/2020,10:29:33,5.55,5.45,6000,5.75,6000,0,450000
NMDC30Jan20125CE.NFO,07/01/2020,10:29:37,5.55,5.45,6000,5.75,12000,0,450000
NMDC30Jan20125CE.NFO,07/01/2020,10:29:41,5.55,5.45,6000,5.8,6000,0,450000
NMDC30Jan20125CE.NFO,07/01/2020,10:29:53,5.55,5.45,6000,5.85,6000,0,450000
NMDC30Jan20125CE.NFO,07/01/2020,10:29:56,5.55,5.45,6000,5.75,12000,0,450000
NMDC30Jan20125CE.NFO,07/01/2020,10:29:59,5.55,5.45,6000,5.85,6000,0,450000
NMDC30Jan20125CE.NFO,07/01/2020,10:30:02,5.55,5.45,6000,5.75,6000,0,450000
NMDC30Jan20125CE.NFO,07/01/2020,10:30:13,5.55,5.6,6000,5.75,6000,0,450000
NMDC30Jan20125CE.NFO,07/01/2020,10:30:16,5.75,5.6,6000,5.8,12000,6000,444000
NMDC30Jan20125CE.NFO,07/01/2020,10:30:20,5.75,5.6,6000,5.8,12000,0,444000
NMDC30Jan20125CE.NFO,07/01/2020,10:30:39,5.75,5.55,6000,5.7,6000,0,444000
NMDC30Jan20125CE.NFO,07/01/2020,10:30:42,5.75,5.55,6000,5.7,18000,0,444000
NMDC30Jan20125CE.NFO,07/01/2020,10:30:45,5.75,5.5,6000,5.65,12000,0,444000
NMDC30Jan20125CE.NFO,07/01/2020,10:30:57,5.75,5.5,6000,5.65,6000,0,444000
NMDC30Jan20125CE.NFO,07/01/2020,10:31:13,5.45,5.4,6000,5.55,18000,6000,444000
NMDC30Jan20125CE.NFO,07/01/2020,10:31:13,5.45,5.4,6000,5.55,18000,0,444000
NMDC30Jan20125CE.NFO,07/01/2020,10:31:17,5.45,5.45,6000,5.6,24000,0,444000
NMDC30Jan20125CE.NFO,07/01/2020,10:31:21,5.45,5.45,6000,5.6,18000,0,444000
NMDC30Jan20125CE.NFO,07/01/2020,10:31:25,5.45,5.5,6000,5.65,30000,0,444000
NMDC30Jan20125CE.NFO,07/01/2020,10:31:40,5.45,5.5,6000,5.6,18000,0,444000
NMDC30Jan20125CE.NFO,07/01/2020,10:31:45,5.45,5.5,6000,5.65,18000,0,444000
NMDC30Jan20125CE.NFO,07/01/2020,10:32:38,5.5,5.15,42000,5.6,30000,6000,444000
NMDC30Jan20125CE.NFO,07/01/2020,10:32:43,5.5,5.25,6000,5.65,30000,0,444000
NMDC30Jan20125CE.NFO,07/01/2020,10:32:53,5.5,5.25,6000,5.65,24000,0,444000
NMDC30Jan20125CE.NFO,07/01/2020,10:32:57,5.5,5.25,30000,5.65,24000,0,444000
NMDC30Jan20125CE.NFO,07/01/2020,10:33:01,5.5,5.25,6000,5.65,30000,0,444000
NMDC30Jan20125CE.NFO,07/01/2020,10:33:07,5.5,5.25,6000,5.6,24000,0,444000
NMDC30Jan20125CE.NFO,07/01/2020,10:33:56,5.5,5.2,24000,5.6,24000,0,444000
NMDC30Jan20125CE.NFO,07/01/2020,10:33:58,5.5,5.25,6000,5.6,24000,0,444000
NMDC30Jan20125CE.NFO,07/01/2020,10:34:07,5.5,5.2,24000,5.6,24000,0,444000
NMDC30Jan20125CE.NFO,07/01/2020,10:34:14,5.5,5.25,6000,5.6,24000,0,444000
NMDC30Jan20125CE.NFO,07/01/2020,10:34:31,5.5,5.25,18000,5.6,24000,0,444000
NMDC30Jan20125CE.NFO,07/01/2020,10:34:47,5.5,5.3,6000,5.6,24000,0,444000
NMDC30Jan20125CE.NFO,07/01/2020,10:34:52,5.5,5.3,6000,5.6,6000,0,444000
NMDC30Jan20125CE.NFO,07/01/2020,10:35:14,5.5,5.3,6000,5.6,30000,0,444000
NMDC30Jan20125CE.NFO,07/01/2020,10:35:35,5.5,5.3,6000,5.55,6000,0,444000
NMDC30Jan20125CE.NFO,07/01/2020,10:35:38,5.5,5.3,6000,5.6,24000,0,444000
NMDC30Jan20125CE.NFO,07/01/2020,10:35:44,5.5,5.3,6000,5.6,30000,0,444000
NMDC30Jan20125CE.NFO,07/01/2020,10:36:38,5.5,5.3,6000,5.6,36000,0,444000
NMDC30Jan20125CE.NFO,07/01/2020,10:36:41,5.5,5.4,6000,5.6,36000,0,444000
NMDC30Jan20125CE.NFO,07/01/2020,10:36:54,5.5,5.4,6000,5.6,30000,0,444000
NMDC30Jan20125CE.NFO,07/01/2020,10:37:01,5.5,5.4,6000,5.6,36000,0,444000
NMDC30Jan20125CE.NFO,07/01/2020,10:37:23,5.5,5.4,6000,5.6,6000,0,444000
NMDC30Jan20125CE.NFO,07/01/2020,10:38:22,5.65,5.6,6000,5.95,6000,12000,444000
NMDC30Jan20125CE.NFO,07/01/2020,10:38:26,5.65,5.6,6000,5.8,12000,0,444000
NMDC30Jan20125CE.NFO,07/01/2020,10:38:29,5.65,5.4,6000,5.8,6000,0,444000
NMDC30Jan20125CE.NFO,07/01/2020,10:38:36,5.65,5.4,30000,6,18000,0,444000
NMDC30Jan20125CE.NFO,07/01/2020,10:38:39,5.65,5.45,18000,5.95,6000,0,444000
NMDC30Jan20125CE.NFO,07/01/2020,10:38:41,5.65,5.4,18000,6.05,18000,0,444000
NMDC30Jan20125CE.NFO,07/01/2020,10:38:43,5.65,5.45,12000,6.05,18000,0,444000
NMDC30Jan20125CE.NFO,07/01/2020,10:38:46,5.65,5.45,60000,6.05,18000,0,444000
NMDC30Jan20125CE.NFO,07/01/2020,10:38:49,5.65,5.55,6000,6,12000,0,444000
NMDC30Jan20125CE.NFO,07/01/2020,10:38:53,5.65,5.45,18000,5.9,6000,0,444000
NMDC30Jan20125CE.NFO,07/01/2020,10:38:56,5.65,5.4,6000,5.75,6000,0,444000
NMDC30Jan20125CE.NFO,07/01/2020,10:38:59,5.65,5.4,6000,5.7,12000,0,444000
NMDC30Jan20125CE.NFO,07/01/2020,10:39:04,5.65,5.4,6000,5.75,12000,0,444000
NMDC30Jan20125CE.NFO,07/01/2020,10:39:09,5.65,5.4,6000,5.7,18000,0,444000
NMDC30Jan20125CE.NFO,07/01/2020,10:39:13,5.4,5.15,12000,5.5,6000,6000,450000
NMDC30Jan20125CE.NFO,07/01/2020,10:39:13,5.4,5.15,12000,5.5,6000,0,450000
NMDC30Jan20125CE.NFO,07/01/2020,10:39:17,5.4,5.2,24000,5.65,6000,0,450000
NMDC30Jan20125CE.NFO,07/01/2020,10:39:25,5.4,5.2,24000,5.7,6000,0,450000
NMDC30Jan20125CE.NFO,07/01/2020,10:39:33,5.4,5.5,6000,5.75,6000,0,450000
NMDC30Jan20125CE.NFO,07/01/2020,10:39:36,5.4,5.65,6000,5.85,6000,0,450000
NMDC30Jan20125CE.NFO,07/01/2020,10:39:39,5.4,5.75,6000,6,6000,0,450000
NMDC30Jan20125CE.NFO,07/01/2020,10:39:42,5.4,5.75,6000,6.15,18000,0,450000
NMDC30Jan20125CE.NFO,07/01/2020,10:39:46,5.4,5.7,6000,5.95,6000,0,450000
NMDC30Jan20125CE.NFO,07/01/2020,10:39:52,5.4,5.7,6000,5.95,12000,0,450000
NMDC30Jan20125CE.NFO,07/01/2020,10:39:55,5.4,5.6,6000,5.8,6000,0,450000
NMDC30Jan20125CE.NFO,07/01/2020,10:40:03,5.4,5.4,6000,5.75,12000,0,450000
NMDC30Jan20125CE.NFO,07/01/2020,10:40:08,5.4,5.5,6000,5.75,6000,0,450000
NMDC30Jan20125CE.NFO,07/01/2020,10:40:14,5.4,5.65,6000,5.9,6000,0,450000
NMDC30Jan20125CE.NFO,07/01/2020,10:40:18,5.4,5.6,6000,6,12000,0,450000
NMDC30Jan20125CE.NFO,07/01/2020,10:40:22,5.6,5.45,6000,5.65,6000,6000,450000
NMDC30Jan20125CE.NFO,07/01/2020,10:40:26,5.6,5.55,6000,5.7,6000,0,450000
NMDC30Jan20125CE.NFO,07/01/2020,10:40:30,5.55,5.2,6000,5.6,12000,6000,450000
NMDC30Jan20125CE.NFO,07/01/2020,10:40:34,5.55,5.3,6000,5.65,6000,0,450000
NMDC30Jan20125CE.NFO,07/01/2020,10:40:37,5.55,5.35,6000,5.7,6000,0,450000
NMDC30Jan20125CE.NFO,07/01/2020,10:40:41,5.55,5.45,6000,5.75,6000,0,450000
NMDC30Jan20125CE.NFO,07/01/2020,10:40:45,5.55,5.45,6000,5.75,12000,0,450000
NMDC30Jan20125CE.NFO,07/01/2020,10:40:50,5.55,5.35,6000,5.65,12000,0,450000
NMDC30Jan20125CE.NFO,07/01/2020,10:40:54,5.55,5.35,6000,5.6,24000,0,450000
NMDC30Jan20125CE.NFO,07/01/2020,10:40:58,5.55,5.35,6000,5.6,6000,0,450000
NMDC30Jan20125CE.NFO,07/01/2020,10:41:04,5.55,5.35,6000,5.65,12000,0,450000
NMDC30Jan20125CE.NFO,07/01/2020,10:41:08,5.55,5.4,6000,5.7,6000,0,450000
NMDC30Jan20125CE.NFO,07/01/2020,10:41:11,5.55,5.45,6000,5.75,6000,0,450000
NMDC30Jan20125CE.NFO,07/01/2020,10:41:14,5.55,5.45,6000,5.7,6000,0,450000
NMDC30Jan20125CE.NFO,07/01/2020,10:41:19,5.55,5.5,6000,5.8,6000,0,450000
NMDC30Jan20125CE.NFO,07/01/2020,10:41:24,5.55,5.5,6000,5.85,6000,0,450000
NMDC30Jan20125CE.NFO,07/01/2020,10:41:36,5.55,5.5,6000,5.8,12000,0,450000
NMDC30Jan20125CE.NFO,07/01/2020,10:41:44,5.55,5.5,18000,5.9,6000,0,450000
NMDC30Jan20125CE.NFO,07/01/2020,10:41:47,5.55,5.6,6000,5.95,6000,0,450000
NMDC30Jan20125CE.NFO,07/01/2020,10:41:54,5.55,5.6,6000,5.9,12000,0,450000
NMDC30Jan20125CE.NFO,07/01/2020,10:41:58,5.55,5.6,6000,5.95,6000,0,450000
NMDC30Jan20125CE.NFO,07/01/2020,10:42:03,5.55,5.65,36000,6.1,12000,0,450000
NMDC30Jan20125CE.NFO,07/01/2020,10:42:08,5.55,5.65,48000,6.1,6000,0,450000
NMDC30Jan20125CE.NFO,07/01/2020,10:42:12,5.55,5.65,6000,6.05,6000,0,450000
NMDC30Jan20125CE.NFO,07/01/2020,10:42:17,5.55,5.75,6000,6.1,6000,0,450000
NMDC30Jan20125CE.NFO,07/01/2020,10:42:21,5.55,5.8,6000,6.15,6000,0,450000
NMDC30Jan20125CE.NFO,07/01/2020,10:42:24,5.55,5.8,6000,6.15,18000,0,450000
NMDC30Jan20125CE.NFO,07/01/2020,10:42:27,5.55,5.8,6000,6.15,6000,0,450000
NMDC30Jan20125CE.NFO,07/01/2020,10:42:34,5.55,5.95,6000,6.3,24000,0,450000
NMDC30Jan20125CE.NFO,07/01/2020,10:42:37,5.55,5.95,6000,6.3,36000,0,450000
NMDC30Jan20125CE.NFO,07/01/2020,10:42:41,5.55,5.9,6000,6.25,24000,0,450000
NMDC30Jan20125CE.NFO,07/01/2020,10:42:47,5.55,5.9,6000,6.25,30000,0,450000
NMDC30Jan20125CE.NFO,07/01/2020,10:42:54,5.55,5.9,6000,6.2,30000,0,450000
NMDC30Jan20125CE.NFO,07/01/2020,10:42:56,5.55,5.75,6000,6.15,24000,0,450000
NMDC30Jan20125CE.NFO,07/01/2020,10:43:07,5.55,5.75,6000,6.15,6000,0,450000
NMDC30Jan20125CE.NFO,07/01/2020,10:43:10,5.55,5.75,6000,6.15,36000,0,450000
NMDC30Jan20125CE.NFO,07/01/2020,10:43:13,5.55,5.7,6000,6.05,12000,0,450000
NMDC30Jan20125CE.NFO,07/01/2020,10:43:16,5.55,5.7,6000,6.1,30000,0,450000
NMDC30Jan20125CE.NFO,07/01/2020,10:43:18,5.55,5.75,6000,6.15,36000,0,450000
NMDC30Jan20125CE.NFO,07/01/2020,10:43:23,5.55,5.6,6000,6.05,36000,0,450000
NMDC30Jan20125CE.NFO,07/01/2020,10:43:27,5.55,5.7,6000,6.1,30000,0,450000
NMDC30Jan20125CE.NFO,07/01/2020,10:43:32,5.55,5.7,6000,6.1,24000,0,450000
NMDC30Jan20125CE.NFO,07/01/2020,10:43:35,5.55,5.7,6000,6.1,30000,0,450000
NMDC30Jan20125CE.NFO,07/01/2020,10:43:38,5.55,5.7,6000,6.1,24000,0,450000
NMDC30Jan20125CE.NFO,07/01/2020,10:43:42,5.55,5.65,6000,6.1,30000,0,450000
NMDC30Jan20125CE.NFO,07/01/2020,10:43:46,5.55,5.75,6000,6.1,30000,0,450000
NMDC30Jan20125CE.NFO,07/01/2020,10:43:53,5.55,5.75,6000,6.1,24000,0,450000
NMDC30Jan20125CE.NFO,07/01/2020,10:43:59,5.55,5.85,6000,6.2,24000,0,450000
NMDC30Jan20125CE.NFO,07/01/2020,10:44:04,5.55,5.8,6000,6.15,24000,0,450000
NMDC30Jan20125CE.NFO,07/01/2020,10:44:07,5.55,5.75,12000,6.15,24000,0,450000
NMDC30Jan20125CE.NFO,07/01/2020,10:44:14,5.55,5.7,48000,6.1,24000,0,450000
NMDC30Jan20125CE.NFO,07/01/2020,10:44:17,5.55,5.7,18000,6.1,24000,0,450000
NMDC30Jan20125CE.NFO,07/01/2020,10:44:23,5.55,5.75,6000,6.1,24000,0,450000
NMDC30Jan20125CE.NFO,07/01/2020,10:44:37,5.55,5.75,6000,6.1,30000,0,450000
NMDC30Jan20125CE.NFO,07/01/2020,10:44:49,5.55,5.65,6000,6,30000,0,450000
NMDC30Jan20125CE.NFO,07/01/2020,10:44:55,5.55,5.65,6000,6,24000,0,450000
NMDC30Jan20125CE.NFO,07/01/2020,10:44:59,5.55,5.65,6000,6,30000,0,450000
NMDC30Jan20125CE.NFO,07/01/2020,10:45:05,5.55,5.7,6000,6.05,30000,0,450000
NMDC30Jan20125CE.NFO,07/01/2020,10:45:09,5.55,5.7,6000,6,6000,0,450000
NMDC30Jan20125CE.NFO,07/01/2020,10:45:34,5.55,5.55,6000,5.95,6000,0,450000
NMDC30Jan20125CE.NFO,07/01/2020,10:45:37,5.55,5.55,6000,5.9,36000,0,450000
NMDC30Jan20125CE.NFO,07/01/2020,10:45:49,5.55,5.5,6000,5.9,36000,0,450000
NMDC30Jan20125CE.NFO,07/01/2020,10:45:53,5.55,5.5,6000,5.85,6000,0,450000
NMDC30Jan20125CE.NFO,07/01/2020,10:45:57,5.55,5.5,36000,5.95,30000,0,450000
NMDC30Jan20125CE.NFO,07/01/2020,10:46:01,5.55,5.5,6000,5.85,36000,0,450000
NMDC30Jan20125CE.NFO,07/01/2020,10:46:08,5.55,5.5,30000,5.95,30000,0,450000
NMDC30Jan20125CE.NFO,07/01/2020,10:46:11,5.55,5.5,6000,5.9,30000,0,450000
NMDC30Jan20125CE.NFO,07/01/2020,10:46:14,5.55,5.5,30000,5.85,30000,0,450000
NMDC30Jan20125CE.NFO,07/01/2020,10:46:18,5.55,5.5,6000,5.85,24000,0,450000
NMDC30Jan20125CE.NFO,07/01/2020,10:46:21,5.55,5.5,6000,5.85,30000,0,450000
NMDC30Jan20125CE.NFO,07/01/2020,10:46:45,5.55,5.55,6000,5.85,24000,0,450000
NMDC30Jan20125CE.NFO,07/01/2020,10:46:50,5.55,5.45,36000,5.85,30000,0,450000
NMDC30Jan20125CE.NFO,07/01/2020,10:47:09,5.55,5.55,12000,5.9,24000,0,450000
NMDC30Jan20125CE.NFO,07/01/2020,10:47:14,5.55,5.55,6000,5.85,18000,0,450000
NMDC30Jan20125CE.NFO,07/01/2020,10:47:20,5.55,5.5,6000,5.85,18000,0,450000
NMDC30Jan20125CE.NFO,07/01/2020,10:47:25,5.55,5.5,6000,5.85,24000,0,450000
NMDC30Jan20125CE.NFO,07/01/2020,10:47:32,5.55,5.5,6000,5.8,6000,0,450000
NMDC30Jan20125CE.NFO,07/01/2020,10:47:36,5.55,5.5,6000,5.85,24000,0,450000
NMDC30Jan20125CE.NFO,07/01/2020,10:47:43,5.55,5.5,12000,5.85,24000,0,450000
NMDC30Jan20125CE.NFO,07/01/2020,10:47:51,5.55,5.55,6000,5.85,18000,0,450000
NMDC30Jan20125CE.NFO,07/01/2020,10:48:02,5.55,5.55,6000,5.85,24000,0,450000
NMDC30Jan20125CE.NFO,07/01/2020,10:48:11,5.55,5.45,42000,5.85,18000,0,450000
NMDC30Jan20125CE.NFO,07/01/2020,10:48:15,5.55,5.55,6000,5.85,18000,0,450000
NMDC30Jan20125CE.NFO,07/01/2020,10:48:19,5.55,5.5,6000,5.8,6000,0,450000
NMDC30Jan20125CE.NFO,07/01/2020,10:48:25,5.55,5.5,12000,5.8,6000,0,450000
NMDC30Jan20125CE.NFO,07/01/2020,10:48:31,5.55,5.55,6000,5.8,18000,0,450000
NMDC30Jan20125CE.NFO,07/01/2020,10:48:36,5.55,5.45,6000,5.75,6000,0,450000
NMDC30Jan20125CE.NFO,07/01/2020,10:48:42,5.55,5.4,6000,5.7,6000,0,450000
NMDC30Jan20125CE.NFO,07/01/2020,10:48:46,5.55,5.4,6000,5.7,12000,0,450000
NMDC30Jan20125CE.NFO,07/01/2020,10:48:53,5.55,5.4,6000,5.7,6000,0,450000
NMDC30Jan20125CE.NFO,07/01/2020,10:48:57,5.55,5.4,12000,5.7,6000,0,450000
NMDC30Jan20125CE.NFO,07/01/2020,10:49:01,5.55,5.4,6000,5.65,6000,0,450000
NMDC30Jan20125CE.NFO,07/01/2020,10:49:05,5.55,5.4,6000,5.6,6000,0,450000
NMDC30Jan20125CE.NFO,07/01/2020,10:49:08,5.55,5.35,6000,5.6,6000,0,450000
NMDC30Jan20125CE.NFO,07/01/2020,10:49:11,5.55,5.4,6000,5.6,12000,0,450000
NMDC30Jan20125CE.NFO,07/01/2020,10:49:15,5.55,5.35,6000,5.6,12000,0,450000
NMDC30Jan20125CE.NFO,07/01/2020,10:49:28,5.55,5.4,6000,5.6,6000,0,450000
NMDC30Jan20125CE.NFO,07/01/2020,10:49:31,5.55,5.35,12000,5.6,6000,0,450000
NMDC30Jan20125CE.NFO,07/01/2020,10:49:34,5.55,5.35,12000,5.65,12000,0,450000
NMDC30Jan20125CE.NFO,07/01/2020,10:49:46,5.55,5.35,12000,5.65,6000,0,450000
NMDC30Jan20125CE.NFO,07/01/2020,10:49:50,5.55,5.35,24000,5.7,12000,0,450000
NMDC30Jan20125CE.NFO,07/01/2020,10:49:54,5.55,5.4,12000,5.7,12000,0,450000
NMDC30Jan20125CE.NFO,07/01/2020,10:50:15,5.55,5.45,6000,5.7,12000,0,450000
NMDC30Jan20125CE.NFO,07/01/2020,10:50:21,5.55,5.35,6000,5.65,12000,0,450000
NMDC30Jan20125CE.NFO,07/01/2020,10:50:26,5.55,5.45,6000,5.65,12000,0,450000
NMDC30Jan20125CE.NFO,07/01/2020,10:50:31,5.55,5.4,12000,5.65,12000,0,450000
NMDC30Jan20125CE.NFO,07/01/2020,10:50:42,5.55,5.4,12000,5.65,6000,0,450000
NMDC30Jan20125CE.NFO,07/01/2020,10:51:11,5.55,5.4,12000,5.7,6000,0,450000
NMDC30Jan20125CE.NFO,07/01/2020,10:51:15,5.55,5.5,12000,5.75,6000,0,450000
NMDC30Jan20125CE.NFO,07/01/2020,10:51:19,5.55,5.45,6000,5.7,6000,0,450000
NMDC30Jan20125CE.NFO,07/01/2020,10:51:23,5.55,5.45,6000,5.75,6000,0,450000
NMDC30Jan20125CE.NFO,07/01/2020,10:51:31,5.55,5.45,12000,5.75,6000,0,450000
NMDC30Jan20125CE.NFO,07/01/2020,10:51:38,5.55,5.45,6000,5.7,6000,0,450000
NMDC30Jan20125CE.NFO,07/01/2020,10:51:43,5.55,5.45,12000,5.75,6000,0,450000
NMDC30Jan20125CE.NFO,07/01/2020,10:52:04,5.55,5.45,6000,5.7,12000,0,450000
NMDC30Jan20125CE.NFO,07/01/2020,10:52:13,5.55,5.45,12000,5.7,12000,0,450000
NMDC30Jan20125CE.NFO,07/01/2020,10:52:18,5.55,5.4,6000,5.7,12000,0,450000
NMDC30Jan20125CE.NFO,07/01/2020,10:52:22,5.55,5.45,12000,5.7,12000,0,450000
NMDC30Jan20125CE.NFO,07/01/2020,10:52:51,5.55,5.4,6000,5.7,12000,0,450000
NMDC30Jan20125CE.NFO,07/01/2020,10:52:56,5.55,5.3,12000,5.6,12000,0,450000
NMDC30Jan20125CE.NFO,07/01/2020,10:53:02,5.55,5.3,6000,5.6,6000,0,450000
NMDC30Jan20125CE.NFO,07/01/2020,10:53:09,5.55,5.35,6000,5.6,6000,0,450000
NMDC30Jan20125CE.NFO,07/01/2020,10:53:15,5.55,5.3,6000,5.6,6000,0,450000
NMDC30Jan20125CE.NFO,07/01/2020,10:53:27,5.55,5.35,12000,5.6,12000,0,450000
NMDC30Jan20125CE.NFO,07/01/2020,10:53:38,5.55,5.3,12000,5.6,12000,0,450000
NMDC30Jan20125CE.NFO,07/01/2020,10:54:15,5.55,5.3,6000,5.6,12000,0,450000
NMDC30Jan20125CE.NFO,07/01/2020,10:54:21,5.55,5.35,6000,5.55,6000,0,450000
NMDC30Jan20125CE.NFO,07/01/2020,10:54:26,5.55,5.3,12000,5.55,6000,0,450000
NMDC30Jan20125CE.NFO,07/01/2020,10:54:35,5.55,5.35,6000,5.6,6000,0,450000
NMDC30Jan20125CE.NFO,07/01/2020,10:54:40,5.55,5.25,6000,5.55,6000,0,450000
NMDC30Jan20125CE.NFO,07/01/2020,10:54:54,5.55,5.3,12000,5.6,6000,0,450000
NMDC30Jan20125CE.NFO,07/01/2020,10:54:59,5.55,5.3,6000,5.6,6000,0,450000
NMDC30Jan20125CE.NFO,07/01/2020,10:55:03,5.55,5.3,12000,5.55,12000,0,450000
NMDC30Jan20125CE.NFO,07/01/2020,10:55:07,5.55,5.3,6000,5.55,6000,0,450000
NMDC30Jan20125CE.NFO,07/01/2020,10:55:12,5.55,5.3,12000,5.55,12000,0,450000
NMDC30Jan20125CE.NFO,07/01/2020,10:55:16,5.55,5.3,6000,5.55,6000,0,450000
NMDC30Jan20125CE.NFO,07/01/2020,10:55:25,5.55,5.35,6000,5.55,12000,0,450000
NMDC30Jan20125CE.NFO,07/01/2020,10:55:30,5.55,5.35,6000,5.55,6000,0,450000
NMDC30Jan20125CE.NFO,07/01/2020,10:55:36,5.55,5.3,12000,5.55,6000,0,450000
NMDC30Jan20125CE.NFO,07/01/2020,10:55:45,5.55,5.3,12000,5.55,12000,0,450000
NMDC30Jan20125CE.NFO,07/01/2020,10:55:55,5.55,5.3,6000,5.55,12000,0,450000
NMDC30Jan20125CE.NFO,07/01/2020,10:55:59,5.55,5.25,6000,5.55,12000,0,450000
NMDC30Jan20125CE.NFO,07/01/2020,10:56:04,5.55,5.3,12000,5.55,12000,0,450000
NMDC30Jan20125CE.NFO,07/01/2020,10:56:15,5.55,5.25,6000,5.55,12000,0,450000
NMDC30Jan20125CE.NFO,07/01/2020,10:56:20,5.55,5.3,12000,5.55,6000,0,450000
NMDC30Jan20125CE.NFO,07/01/2020,10:56:25,5.55,5.3,6000,5.55,6000,0,450000
NMDC30Jan20125CE.NFO,07/01/2020,10:56:29,5.55,5.3,12000,5.55,6000,0,450000
NMDC30Jan20125CE.NFO,07/01/2020,10:57:01,5.55,5.25,6000,5.55,6000,0,450000
NMDC30Jan20125CE.NFO,07/01/2020,10:57:06,5.55,5.3,12000,5.55,6000,0,450000
NMDC30Jan20125CE.NFO,07/01/2020,10:57:17,5.55,5.25,6000,5.55,6000,0,450000
NMDC30Jan20125CE.NFO,07/01/2020,10:57:49,5.55,5.35,6000,5.55,6000,0,450000
NMDC30Jan20125CE.NFO,07/01/2020,10:57:54,5.55,5.3,12000,5.55,6000,0,450000
NMDC30Jan20125CE.NFO,07/01/2020,10:57:58,5.55,5.35,6000,5.55,6000,0,450000
NMDC30Jan20125CE.NFO,07/01/2020,10:58:29,5.55,5.35,6000,5.55,12000,0,450000
NMDC30Jan20125CE.NFO,07/01/2020,10:58:35,5.55,5.35,6000,5.55,6000,0,450000
NMDC30Jan20125CE.NFO,07/01/2020,10:58:40,5.55,5.35,6000,5.55,12000,0,450000
NMDC30Jan20125CE.NFO,07/01/2020,10:58:45,5.55,5.3,12000,5.55,6000,0,450000
NMDC30Jan20125CE.NFO,07/01/2020,10:59:23,5.55,5.35,6000,5.55,12000,0,450000
NMDC30Jan20125CE.NFO,07/01/2020,10:59:28,5.55,5.3,12000,5.45,6000,0,450000
NMDC30Jan20125CE.NFO,07/01/2020,10:59:34,5.55,5.3,12000,5.5,6000,0,450000
NMDC30Jan20125CE.NFO,07/01/2020,10:59:46,5.3,5.15,12000,5.4,6000,6000,450000
NMDC30Jan20125CE.NFO,07/01/2020,10:59:46,5.3,5.15,12000,5.4,6000,0,450000
NMDC30Jan20125CE.NFO,07/01/2020,10:59:51,5.3,5.2,6000,5.45,6000,0,450000
NMDC30Jan20125CE.NFO,07/01/2020,10:59:56,5.3,5.25,6000,5.5,12000,0,450000
NMDC30Jan20125CE.NFO,07/01/2020,11:00:07,5.3,5.25,6000,5.5,6000,0,450000
NMDC30Jan20125CE.NFO,07/01/2020,11:00:27,5.3,5.3,6000,5.5,6000,0,450000
NMDC30Jan20125CE.NFO,07/01/2020,11:00:42,5.3,5.2,6000,5.35,6000,0,450000
NMDC30Jan20125CE.NFO,07/01/2020,11:00:48,5.3,5.15,6000,5.45,6000,0,450000
NMDC30Jan20125CE.NFO,07/01/2020,11:01:02,5.3,5.1,12000,5.35,6000,0,450000
NMDC30Jan20125CE.NFO,07/01/2020,11:01:25,5.3,5.15,6000,5.35,6000,0,450000
NMDC30Jan20125CE.NFO,07/01/2020,11:01:32,5.3,5.1,6000,5.35,6000,0,450000
NMDC30Jan20125CE.NFO,07/01/2020,11:01:40,5.3,5.1,6000,5.4,6000,0,450000
NMDC30Jan20125CE.NFO,07/01/2020,11:01:48,5.3,5.2,12000,5.4,6000,0,450000
NMDC30Jan20125CE.NFO,07/01/2020,11:01:56,5.3,5.15,6000,5.4,12000,0,450000
NMDC30Jan20125CE.NFO,07/01/2020,11:02:03,5.3,5.05,12000,5.3,24000,0,450000
NMDC30Jan20125CE.NFO,07/01/2020,11:02:10,5.3,5.05,6000,5.3,18000,0,450000
NMDC30Jan20125CE.NFO,07/01/2020,11:02:17,5.3,5,6000,5.25,12000,0,450000
NMDC30Jan20125CE.NFO,07/01/2020,11:02:23,5.3,5.05,6000,5.25,12000,0,450000
NMDC30Jan20125CE.NFO,07/01/2020,11:02:30,5.3,5,6000,5.25,12000,0,450000
NMDC30Jan20125CE.NFO,07/01/2020,11:02:37,5.3,4.95,6000,5.15,6000,0,450000
NMDC30Jan20125CE.NFO,07/01/2020,11:02:43,5.3,5.05,6000,5.25,6000,0,450000
NMDC30Jan20125CE.NFO,07/01/2020,11:02:49,5.3,5,6000,5.25,6000,0,450000
NMDC30Jan20125CE.NFO,07/01/2020,11:02:56,5.3,4.95,6000,5.2,6000,0,450000
NMDC30Jan20125CE.NFO,07/01/2020,11:03:03,5.3,5,6000,5.2,6000,0,450000
NMDC30Jan20125CE.NFO,07/01/2020,11:03:10,5.3,5.05,6000,5.2,6000,0,450000
NMDC30Jan20125CE.NFO,07/01/2020,11:03:29,5.3,5,6000,5.25,18000,0,450000
NMDC30Jan20125CE.NFO,07/01/2020,11:03:34,5.3,5,6000,5.25,12000,0,450000
NMDC30Jan20125CE.NFO,07/01/2020,11:03:41,5.3,5.05,6000,5.25,24000,0,450000
NMDC30Jan20125CE.NFO,07/01/2020,11:03:49,5.3,5,6000,5.25,24000,0,450000
NMDC30Jan20125CE.NFO,07/01/2020,11:03:55,5.3,4.95,6000,5.25,24000,0,450000
NMDC30Jan20125CE.NFO,07/01/2020,11:04:01,5.3,5,6000,5.25,24000,0,450000
NMDC30Jan20125CE.NFO,07/01/2020,11:04:09,5.3,4.95,6000,5.15,6000,0,450000
NMDC30Jan20125CE.NFO,07/01/2020,11:04:15,5.3,5,6000,5.15,6000,0,450000
NMDC30Jan20125CE.NFO,07/01/2020,11:04:22,5.3,4.95,6000,5.15,6000,0,450000
NMDC30Jan20125CE.NFO,07/01/2020,11:04:41,5.3,5,6000,5.2,6000,0,450000
NMDC30Jan20125CE.NFO,07/01/2020,11:04:48,5.3,4.95,6000,5.2,6000,0,450000
NMDC30Jan20125CE.NFO,07/01/2020,11:04:55,5.3,5,6000,5.2,6000,0,450000
NMDC30Jan20125CE.NFO,07/01/2020,11:05:02,5.3,4.95,6000,5.2,6000,0,450000
NMDC30Jan20125CE.NFO,07/01/2020,11:05:15,5.3,5.05,6000,5.2,6000,0,450000
NMDC30Jan20125CE.NFO,07/01/2020,11:05:22,5.3,4.95,6000,5.2,6000,0,450000
NMDC30Jan20125CE.NFO,07/01/2020,11:05:28,5.3,5.05,6000,5.25,12000,0,450000
NMDC30Jan20125CE.NFO,07/01/2020,11:05:35,5.3,5.05,6000,5.25,6000,0,450000
NMDC30Jan20125CE.NFO,07/01/2020,11:05:42,5.05,5,6000,5.25,6000,6000,450000
NMDC30Jan20125CE.NFO,07/01/2020,11:05:42,5.05,5,6000,5.25,6000,0,450000
NMDC30Jan20125CE.NFO,07/01/2020,11:05:48,5.05,5.05,6000,5.25,18000,0,450000
NMDC30Jan20125CE.NFO,07/01/2020,11:05:55,5.05,5,6000,5.25,12000,0,450000
NMDC30Jan20125CE.NFO,07/01/2020,11:06:02,5.05,5,6000,5.2,6000,0,450000
NMDC30Jan20125CE.NFO,07/01/2020,11:06:09,5.05,5,6000,5.25,12000,0,450000
NMDC30Jan20125CE.NFO,07/01/2020,11:06:16,5.05,5.05,6000,5.25,12000,0,450000
NMDC30Jan20125CE.NFO,07/01/2020,11:06:22,5.05,5,6000,5.25,18000,0,450000
NMDC30Jan20125CE.NFO,07/01/2020,11:06:28,5.05,5.05,6000,5.25,6000,0,450000
NMDC30Jan20125CE.NFO,07/01/2020,11:06:34,5.05,5.05,6000,5.3,6000,0,450000
NMDC30Jan20125CE.NFO,07/01/2020,11:06:39,5.05,5,6000,5.3,18000,0,450000
NMDC30Jan20125CE.NFO,07/01/2020,11:06:44,5.05,4.95,6000,5.25,12000,0,450000
NMDC30Jan20125CE.NFO,07/01/2020,11:07:01,5.05,4.95,6000,5.25,6000,0,450000
NMDC30Jan20125CE.NFO,07/01/2020,11:07:07,5.05,4.95,6000,5.2,6000,0,450000
NMDC30Jan20125CE.NFO,07/01/2020,11:07:12,5.05,4.95,6000,5.25,12000,0,450000
NMDC30Jan20125CE.NFO,07/01/2020,11:07:17,5.05,5,6000,5.25,12000,0,450000
NMDC30Jan20125CE.NFO,07/01/2020,11:07:27,5.05,4.95,6000,5.25,6000,0,450000
NMDC30Jan20125CE.NFO,07/01/2020,11:07:33,5.05,5,6000,5.25,12000,0,450000
NMDC30Jan20125CE.NFO,07/01/2020,11:07:38,5.05,4.95,6000,5.25,6000,0,450000
NMDC30Jan20125CE.NFO,07/01/2020,11:07:43,5.05,5,6000,5.25,6000,0,450000
NMDC30Jan20125CE.NFO,07/01/2020,11:07:53,5.05,4.95,6000,5.25,12000,0,450000
NMDC30Jan20125CE.NFO,07/01/2020,11:07:57,5.05,5,6000,5.25,12000,0,450000
NMDC30Jan20125CE.NFO,07/01/2020,11:08:02,5.05,4.95,6000,5.25,12000,0,450000
NMDC30Jan20125CE.NFO,07/01/2020,11:08:17,5.05,5,6000,5.25,6000,0,450000
NMDC30Jan20125CE.NFO,07/01/2020,11:08:22,5.05,4.95,6000,5.25,6000,0,450000
NMDC30Jan20125CE.NFO,07/01/2020,11:08:27,5.2,5,6000,5.3,12000,6000,450000
NMDC30Jan20125CE.NFO,07/01/2020,11:08:32,5.2,5.05,6000,5.3,12000,0,450000
NMDC30Jan20125CE.NFO,07/01/2020,11:08:38,5.2,5.1,6000,5.3,12000,0,450000
NMDC30Jan20125CE.NFO,07/01/2020,11:08:47,5.2,5.05,6000,5.3,12000,0,450000
NMDC30Jan20125CE.NFO,07/01/2020,11:08:52,5.2,5.1,6000,5.3,12000,0,450000
NMDC30Jan20125CE.NFO,07/01/2020,11:09:05,5.2,5.05,6000,5.3,12000,0,450000
NMDC30Jan20125CE.NFO,07/01/2020,11:09:25,5.2,5.15,6000,5.3,6000,0,450000
NMDC30Jan20125CE.NFO,07/01/2020,11:09:30,5.2,5.1,6000,5.3,6000,0,450000
NMDC30Jan20125CE.NFO,07/01/2020,11:09:36,5.2,5,6000,5.3,18000,0,450000
NMDC30Jan20125CE.NFO,07/01/2020,11:09:41,5.2,5.05,6000,5.25,12000,0,450000
NMDC30Jan20125CE.NFO,07/01/2020,11:09:46,5.2,5.05,6000,5.25,18000,0,450000
NMDC30Jan20125CE.NFO,07/01/2020,11:09:50,5.2,5,6000,5.25,12000,0,450000
NMDC30Jan20125CE.NFO,07/01/2020,11:10:12,5.2,5.1,6000,5.3,18000,0,450000
NMDC30Jan20125CE.NFO,07/01/2020,11:10:27,5.2,5.05,6000,5.25,12000,0,450000
NMDC30Jan20125CE.NFO,07/01/2020,11:10:34,5.2,5.1,6000,5.25,12000,0,450000
NMDC30Jan20125CE.NFO,07/01/2020,11:10:41,5.2,5.05,6000,5.25,12000,0,450000
NMDC30Jan20125CE.NFO,07/01/2020,11:10:44,5.2,5.05,12000,5.3,18000,0,450000
NMDC30Jan20125CE.NFO,07/01/2020,11:10:51,5.2,5.05,12000,5.3,6000,0,450000
NMDC30Jan20125CE.NFO,07/01/2020,11:11:06,5.2,5.05,12000,5.3,30000,0,450000
NMDC30Jan20125CE.NFO,07/01/2020,11:11:11,5.2,5.05,12000,5.3,18000,0,450000
NMDC30Jan20125CE.NFO,07/01/2020,11:11:17,5.2,5.05,12000,5.25,18000,0,450000
NMDC30Jan20125CE.NFO,07/01/2020,11:11:25,5.2,5.05,6000,5.2,18000,0,450000
NMDC30Jan20125CE.NFO,07/01/2020,11:11:33,5.2,5.05,6000,5.2,30000,0,450000
NMDC30Jan20125CE.NFO,07/01/2020,11:11:41,5.2,5.05,6000,5.25,18000,0,450000
NMDC30Jan20125CE.NFO,07/01/2020,11:11:48,5.2,5,12000,5.25,18000,0,450000
NMDC30Jan20125CE.NFO,07/01/2020,11:11:54,5.2,5.05,6000,5.25,24000,0,450000
NMDC30Jan20125CE.NFO,07/01/2020,11:12:01,5.2,5,6000,5.25,24000,0,450000
NMDC30Jan20125CE.NFO,07/01/2020,11:12:10,5.2,5.05,6000,5.25,18000,0,450000
NMDC30Jan20125CE.NFO,07/01/2020,11:12:17,5.2,5.1,6000,5.25,18000,0,450000
NMDC30Jan20125CE.NFO,07/01/2020,11:12:29,5.2,5.1,6000,5.3,12000,0,450000
NMDC30Jan20125CE.NFO,07/01/2020,11:12:40,5.2,5.1,6000,5.35,12000,0,450000
NMDC30Jan20125CE.NFO,07/01/2020,11:12:46,5.2,5.05,6000,5.35,12000,0,450000
NMDC30Jan20125CE.NFO,07/01/2020,11:12:51,5.2,5.1,6000,5.35,12000,0,450000
NMDC30Jan20125CE.NFO,07/01/2020,11:12:57,5.2,5.05,6000,5.35,12000,0,450000
NMDC30Jan20125CE.NFO,07/01/2020,11:13:02,5.2,5.05,12000,5.35,18000,0,450000
NMDC30Jan20125CE.NFO,07/01/2020,11:13:12,5.2,5.05,12000,5.35,12000,0,450000
NMDC30Jan20125CE.NFO,07/01/2020,11:13:17,5.2,5.1,6000,5.25,18000,0,450000
NMDC30Jan20125CE.NFO,07/01/2020,11:13:23,5.2,5.05,12000,5.3,18000,0,450000
NMDC30Jan20125CE.NFO,07/01/2020,11:13:34,5.2,5.05,6000,5.25,18000,0,450000
NMDC30Jan20125CE.NFO,07/01/2020,11:13:46,5.2,5.05,6000,5.3,12000,0,450000
NMDC30Jan20125CE.NFO,07/01/2020,11:14:28,5.2,5.1,6000,5.3,12000,0,450000
NMDC30Jan20125CE.NFO,07/01/2020,11:14:37,5.2,5.05,6000,5.3,12000,0,450000
NMDC30Jan20125CE.NFO,07/01/2020,11:14:56,5.2,5.1,6000,5.25,24000,0,450000
NMDC30Jan20125CE.NFO,07/01/2020,11:15:02,5.2,5,6000,5.25,18000,0,450000
NMDC30Jan20125CE.NFO,07/01/2020,11:15:08,5.2,5.1,6000,5.25,18000,0,450000
NMDC30Jan20125CE.NFO,07/01/2020,11:15:15,5.2,5.05,6000,5.25,18000,0,450000
NMDC30Jan20125CE.NFO,07/01/2020,11:15:21,5.2,5.1,6000,5.25,18000,0,450000
NMDC30Jan20125CE.NFO,07/01/2020,11:15:31,5.2,5.05,6000,5.25,18000,0,450000
NMDC30Jan20125CE.NFO,07/01/2020,11:15:41,5.2,5.05,12000,5.25,18000,0,450000
NMDC30Jan20125CE.NFO,07/01/2020,11:16:04,5.2,5.05,12000,5.3,12000,0,450000
NMDC30Jan20125CE.NFO,07/01/2020,11:16:09,5.2,5.05,12000,5.35,12000,0,450000
NMDC30Jan20125CE.NFO,07/01/2020,11:16:16,5.2,5.2,6000,5.35,6000,0,450000
NMDC30Jan20125CE.NFO,07/01/2020,11:16:22,5.2,5.2,12000,5.4,6000,0,450000
NMDC30Jan20125CE.NFO,07/01/2020,11:16:28,5.2,5.2,12000,5.45,6000,0,450000
NMDC30Jan20125CE.NFO,07/01/2020,11:16:38,5.2,5.2,12000,5.45,12000,0,450000
NMDC30Jan20125CE.NFO,07/01/2020,11:16:43,5.2,5.2,12000,5.45,6000,0,450000
NMDC30Jan20125CE.NFO,07/01/2020,11:16:48,5.2,5.3,6000,5.45,6000,0,450000
NMDC30Jan20125CE.NFO,07/01/2020,11:16:54,5.2,5.25,6000,5.45,6000,0,450000
NMDC30Jan20125CE.NFO,07/01/2020,11:17:05,5.2,5.3,6000,5.45,6000,0,450000
NMDC30Jan20125CE.NFO,07/01/2020,11:17:15,5.45,5.35,6000,5.5,6000,6000,456000
NMDC30Jan20125CE.NFO,07/01/2020,11:17:20,5.45,5.25,6000,5.5,12000,0,456000
NMDC30Jan20125CE.NFO,07/01/2020,11:17:31,5.45,5.25,12000,5.5,12000,0,456000
NMDC30Jan20125CE.NFO,07/01/2020,11:17:36,5.45,5.35,6000,5.5,6000,0,456000
NMDC30Jan20125CE.NFO,07/01/2020,11:17:44,5.45,5.3,6000,5.5,6000,0,456000
NMDC30Jan20125CE.NFO,07/01/2020,11:17:50,5.45,5.35,6000,5.5,12000,0,456000
NMDC30Jan20125CE.NFO,07/01/2020,11:17:54,5.45,5.25,12000,5.5,12000,0,456000
NMDC30Jan20125CE.NFO,07/01/2020,11:18:13,5.45,5.15,6000,5.5,12000,0,456000
NMDC30Jan20125CE.NFO,07/01/2020,11:18:18,5.45,5.15,6000,5.45,12000,0,456000
NMDC30Jan20125CE.NFO,07/01/2020,11:18:22,5.45,5.25,6000,5.5,12000,0,456000
NMDC30Jan20125CE.NFO,07/01/2020,11:18:37,5.45,5.25,6000,5.5,6000,0,456000
NMDC30Jan20125CE.NFO,07/01/2020,11:18:44,5.45,5.25,6000,5.55,12000,0,456000
NMDC30Jan20125CE.NFO,07/01/2020,11:18:58,5.45,5.25,6000,5.55,18000,0,456000
NMDC30Jan20125CE.NFO,07/01/2020,11:19:04,5.45,5.25,6000,5.55,12000,0,456000
NMDC30Jan20125CE.NFO,07/01/2020,11:19:10,5.45,5.25,6000,5.55,18000,0,456000
NMDC30Jan20125CE.NFO,07/01/2020,11:19:14,5.45,5.25,6000,5.5,12000,0,456000
NMDC30Jan20125CE.NFO,07/01/2020,11:19:23,5.45,5.15,6000,5.45,18000,0,456000
NMDC30Jan20125CE.NFO,07/01/2020,11:19:31,5.45,5.15,6000,5.45,12000,0,456000
NMDC30Jan20125CE.NFO,07/01/2020,11:20:06,5.45,5.15,6000,5.45,18000,0,456000
NMDC30Jan20125CE.NFO,07/01/2020,11:20:12,5.45,5.15,6000,5.4,12000,0,456000
NMDC30Jan20125CE.NFO,07/01/2020,11:20:23,5.45,5.15,12000,5.4,12000,0,456000
NMDC30Jan20125CE.NFO,07/01/2020,11:20:51,5.45,5.25,6000,5.5,12000,0,456000
NMDC30Jan20125CE.NFO,07/01/2020,11:20:57,5.45,5.05,54000,5.45,12000,0,456000
NMDC30Jan20125CE.NFO,07/01/2020,11:21:02,5.45,5.2,6000,5.45,12000,0,456000
NMDC30Jan20125CE.NFO,07/01/2020,11:21:07,5.45,5.2,6000,5.4,6000,0,456000
NMDC30Jan20125CE.NFO,07/01/2020,11:22:00,5.45,5.25,6000,5.4,6000,0,456000
NMDC30Jan20125CE.NFO,07/01/2020,11:22:05,5.45,5.2,6000,5.4,6000,0,456000
NMDC30Jan20125CE.NFO,07/01/2020,11:23:23,5.45,5.25,6000,5.4,6000,0,456000
NMDC30Jan20125CE.NFO,07/01/2020,11:24:04,5.45,5.3,6000,5.4,6000,0,456000
NMDC30Jan20125CE.NFO,07/01/2020,11:24:14,5.45,5.25,6000,5.4,6000,0,456000
NMDC30Jan20125CE.NFO,07/01/2020,11:25:22,5.45,5.1,36000,5.4,6000,0,456000
NMDC30Jan20125CE.NFO,07/01/2020,11:25:29,5.45,5.15,6000,5.35,6000,0,456000
NMDC30Jan20125CE.NFO,07/01/2020,11:25:33,5.45,5.2,6000,5.4,6000,0,456000
NMDC30Jan20125CE.NFO,07/01/2020,11:25:47,5.45,5.25,6000,5.4,6000,0,456000
NMDC30Jan20125CE.NFO,07/01/2020,11:26:11,5.65,5.25,6000,5.6,18000,12000,456000
NMDC30Jan20125CE.NFO,07/01/2020,11:26:14,5.65,5.3,12000,5.6,12000,0,456000
NMDC30Jan20125CE.NFO,07/01/2020,11:26:19,5.65,5.3,12000,5.6,6000,0,456000
NMDC30Jan20125CE.NFO,07/01/2020,11:26:35,5.65,5.35,12000,5.6,6000,0,456000
NMDC30Jan20125CE.NFO,07/01/2020,11:26:39,5.65,5.4,12000,5.6,6000,0,456000
NMDC30Jan20125CE.NFO,07/01/2020,11:26:44,5.65,5.35,12000,5.6,6000,0,456000
NMDC30Jan20125CE.NFO,07/01/2020,11:26:49,5.65,5.3,12000,5.6,24000,0,456000
NMDC30Jan20125CE.NFO,07/01/2020,11:26:53,5.65,5.3,12000,5.55,6000,0,456000
NMDC30Jan20125CE.NFO,07/01/2020,11:26:57,5.65,5.25,12000,5.55,18000,0,456000
NMDC30Jan20125CE.NFO,07/01/2020,11:27:01,5.65,5.25,24000,5.55,12000,0,456000
NMDC30Jan20125CE.NFO,07/01/2020,11:27:07,5.65,5.25,12000,5.5,6000,0,456000
NMDC30Jan20125CE.NFO,07/01/2020,11:28:04,5.65,5.25,12000,5.5,18000,0,456000
NMDC30Jan20125CE.NFO,07/01/2020,11:28:26,5.65,5.25,12000,5.5,6000,0,456000
NMDC30Jan20125CE.NFO,07/01/2020,11:29:20,5.65,5.3,12000,5.5,6000,0,456000
NMDC30Jan20125CE.NFO,07/01/2020,11:29:23,5.65,5.3,12000,5.55,6000,0,456000
NMDC30Jan20125CE.NFO,07/01/2020,11:29:35,5.65,5.35,18000,5.6,12000,0,456000
NMDC30Jan20125CE.NFO,07/01/2020,11:30:06,5.65,5.35,18000,5.6,6000,0,456000
NMDC30Jan20125CE.NFO,07/01/2020,11:30:16,5.65,5.3,6000,5.55,12000,0,456000
NMDC30Jan20125CE.NFO,07/01/2020,11:30:20,5.65,5.35,6000,5.55,6000,0,456000
NMDC30Jan20125CE.NFO,07/01/2020,11:30:25,5.65,5.35,6000,5.6,18000,0,456000
NMDC30Jan20125CE.NFO,07/01/2020,11:30:30,5.65,5.35,6000,5.55,6000,0,456000
NMDC30Jan20125CE.NFO,07/01/2020,11:30:33,5.65,5.4,6000,5.55,6000,0,456000
NMDC30Jan20125CE.NFO,07/01/2020,11:30:36,5.65,5.35,6000,5.6,12000,0,456000
NMDC30Jan20125CE.NFO,07/01/2020,11:30:40,5.65,5.3,6000,5.6,12000,0,456000
NMDC30Jan20125CE.NFO,07/01/2020,11:30:43,5.65,5.35,6000,5.55,6000,0,456000
NMDC30Jan20125CE.NFO,07/01/2020,11:30:49,5.65,5.4,6000,5.6,12000,0,456000
NMDC30Jan20125CE.NFO,07/01/2020,11:30:51,5.65,5.3,6000,5.6,12000,0,456000
NMDC30Jan20125CE.NFO,07/01/2020,11:30:55,5.65,5.4,6000,5.55,6000,0,456000
NMDC30Jan20125CE.NFO,07/01/2020,11:30:58,5.65,5.35,6000,5.65,12000,0,456000
NMDC30Jan20125CE.NFO,07/01/2020,11:31:02,5.65,5.45,12000,5.6,6000,0,456000
NMDC30Jan20125CE.NFO,07/01/2020,11:31:09,5.65,5.4,12000,5.6,12000,0,456000
NMDC30Jan20125CE.NFO,07/01/2020,11:31:15,5.65,5.35,6000,5.6,6000,0,456000
NMDC30Jan20125CE.NFO,07/01/2020,11:31:20,5.65,5.35,6000,5.6,12000,0,456000
NMDC30Jan20125CE.NFO,07/01/2020,11:31:24,5.65,5.4,12000,5.6,6000,0,456000
NMDC30Jan20125CE.NFO,07/01/2020,11:31:29,5.65,5.35,6000,5.6,6000,0,456000
NMDC30Jan20125CE.NFO,07/01/2020,11:31:34,5.65,5.4,12000,5.6,6000,0,456000
NMDC30Jan20125CE.NFO,07/01/2020,11:31:51,5.65,5.4,12000,5.6,12000,0,456000
NMDC30Jan20125CE.NFO,07/01/2020,11:31:58,5.65,5.4,12000,5.6,6000,0,456000
NMDC30Jan20125CE.NFO,07/01/2020,11:32:03,5.65,5.35,6000,5.6,6000,0,456000
NMDC30Jan20125CE.NFO,07/01/2020,11:32:09,5.65,5.4,12000,5.6,6000,0,456000
NMDC30Jan20125CE.NFO,07/01/2020,11:32:15,5.65,5.35,6000,5.6,6000,0,456000
NMDC30Jan20125CE.NFO,07/01/2020,11:32:20,5.65,5.4,12000,5.6,6000,0,456000
NMDC30Jan20125CE.NFO,07/01/2020,11:32:35,5.65,5.35,6000,5.6,12000,0,456000
NMDC30Jan20125CE.NFO,07/01/2020,11:32:48,5.65,5.4,12000,5.6,12000,0,456000
NMDC30Jan20125CE.NFO,07/01/2020,11:32:51,5.65,5.35,6000,5.6,12000,0,456000
NMDC30Jan20125CE.NFO,07/01/2020,11:32:59,5.65,5.35,12000,5.55,12000,0,456000
NMDC30Jan20125CE.NFO,07/01/2020,11:33:03,5.65,5.35,6000,5.6,6000,0,456000
NMDC30Jan20125CE.NFO,07/01/2020,11:33:10,5.65,5.4,12000,5.6,12000,0,456000
NMDC30Jan20125CE.NFO,07/01/2020,11:33:13,5.65,5.35,6000,5.6,6000,0,456000
NMDC30Jan20125CE.NFO,07/01/2020,11:33:17,5.65,5.45,12000,5.6,6000,0,456000
NMDC30Jan20125CE.NFO,07/01/2020,11:33:20,5.65,5.35,6000,5.6,6000,0,456000
NMDC30Jan20125CE.NFO,07/01/2020,11:33:23,5.65,5.4,12000,5.6,12000,0,456000
NMDC30Jan20125CE.NFO,07/01/2020,11:33:27,5.65,5.45,12000,5.6,6000,0,456000
NMDC30Jan20125CE.NFO,07/01/2020,11:33:30,5.65,5.4,12000,5.6,6000,0,456000
NMDC30Jan20125CE.NFO,07/01/2020,11:33:47,5.65,5.35,6000,5.6,12000,0,456000
NMDC30Jan20125CE.NFO,07/01/2020,11:33:51,5.65,5.35,6000,5.6,6000,0,456000
NMDC30Jan20125CE.NFO,07/01/2020,11:33:55,5.65,5.4,12000,5.65,6000,0,456000
NMDC30Jan20125CE.NFO,07/01/2020,11:34:01,5.65,5.4,6000,5.65,6000,0,456000
NMDC30Jan20125CE.NFO,07/01/2020,11:34:15,5.65,5.35,6000,5.6,12000,0,456000
NMDC30Jan20125CE.NFO,07/01/2020,11:34:21,5.65,5.35,6000,5.6,6000,0,456000
NMDC30Jan20125CE.NFO,07/01/2020,11:34:40,5.65,5.4,12000,5.55,12000,0,456000
NMDC30Jan20125CE.NFO,07/01/2020,11:34:47,5.65,5.3,6000,5.55,12000,0,456000
NMDC30Jan20125CE.NFO,07/01/2020,11:34:53,5.65,5.35,12000,5.55,12000,0,456000
NMDC30Jan20125CE.NFO,07/01/2020,11:34:58,5.65,5.35,6000,5.55,6000,0,456000
NMDC30Jan20125CE.NFO,07/01/2020,11:35:04,5.65,5.4,12000,5.55,6000,0,456000
NMDC30Jan20125CE.NFO,07/01/2020,11:35:11,5.65,5.35,6000,5.6,6000,0,456000
NMDC30Jan20125CE.NFO,07/01/2020,11:35:17,5.65,5.4,12000,5.55,6000,0,456000
NMDC30Jan20125CE.NFO,07/01/2020,11:35:24,5.65,5.4,12000,5.6,6000,0,456000
NMDC30Jan20125CE.NFO,07/01/2020,11:35:42,5.65,5.35,6000,5.6,6000,0,456000
NMDC30Jan20125CE.NFO,07/01/2020,11:35:48,5.65,5.35,6000,5.6,12000,0,456000
NMDC30Jan20125CE.NFO,07/01/2020,11:35:53,5.65,5.4,12000,5.6,12000,0,456000
NMDC30Jan20125CE.NFO,07/01/2020,11:35:59,5.65,5.4,12000,5.6,6000,0,456000
NMDC30Jan20125CE.NFO,07/01/2020,11:36:03,5.65,5.4,12000,5.6,12000,0,456000
NMDC30Jan20125CE.NFO,07/01/2020,11:36:08,5.65,5.4,6000,5.6,12000,0,456000
NMDC30Jan20125CE.NFO,07/01/2020,11:36:13,5.65,5.4,6000,5.65,6000,0,456000
NMDC30Jan20125CE.NFO,07/01/2020,11:36:17,5.65,5.45,12000,5.6,6000,0,456000
NMDC30Jan20125CE.NFO,07/01/2020,11:36:22,5.65,5.4,12000,5.6,12000,0,456000
NMDC30Jan20125CE.NFO,07/01/2020,11:36:33,5.65,5.4,12000,5.55,6000,0,456000
NMDC30Jan20125CE.NFO,07/01/2020,11:36:38,5.65,5.35,6000,5.55,12000,0,456000
NMDC30Jan20125CE.NFO,07/01/2020,11:36:56,5.65,5.35,12000,5.5,6000,0,456000
NMDC30Jan20125CE.NFO,07/01/2020,11:37:03,5.65,5.3,6000,5.55,6000,0,456000
NMDC30Jan20125CE.NFO,07/01/2020,11:37:18,5.65,5.3,18000,5.5,6000,0,456000
NMDC30Jan20125CE.NFO,07/01/2020,11:37:23,5.65,5.25,6000,5.5,12000,0,456000
NMDC30Jan20125CE.NFO,07/01/2020,11:37:31,5.65,5.3,12000,5.5,12000,0,456000
NMDC30Jan20125CE.NFO,07/01/2020,11:37:36,5.65,5.25,6000,5.5,12000,0,456000
NMDC30Jan20125CE.NFO,07/01/2020,11:37:52,5.65,5.25,12000,5.45,12000,0,456000
NMDC30Jan20125CE.NFO,07/01/2020,11:37:56,5.65,5.2,18000,5.4,12000,0,456000
NMDC30Jan20125CE.NFO,07/01/2020,11:38:05,5.65,5.3,12000,5.45,6000,0,456000
NMDC30Jan20125CE.NFO,07/01/2020,11:38:14,5.65,5.35,18000,5.55,12000,0,456000
NMDC30Jan20125CE.NFO,07/01/2020,11:38:18,5.65,5.3,6000,5.55,12000,0,456000
NMDC30Jan20125CE.NFO,07/01/2020,11:38:23,5.65,5.25,12000,5.5,12000,0,456000
NMDC30Jan20125CE.NFO,07/01/2020,11:38:26,5.65,5.3,18000,5.5,12000,0,456000
NMDC30Jan20125CE.NFO,07/01/2020,11:38:35,5.65,5.35,6000,5.55,6000,0,456000
NMDC30Jan20125CE.NFO,07/01/2020,11:38:38,5.65,5.4,12000,5.55,6000,0,456000
NMDC30Jan20125CE.NFO,07/01/2020,11:38:41,5.65,5.35,6000,5.6,6000,0,456000
NMDC30Jan20125CE.NFO,07/01/2020,11:38:45,5.65,5.4,12000,5.6,6000,0,456000
NMDC30Jan20125CE.NFO,07/01/2020,11:38:56,5.65,5.35,6000,5.6,6000,0,456000
NMDC30Jan20125CE.NFO,07/01/2020,11:39:10,5.65,5.4,12000,5.6,6000,0,456000
NMDC30Jan20125CE.NFO,07/01/2020,11:39:13,5.65,5.4,12000,5.55,6000,0,456000
NMDC30Jan20125CE.NFO,07/01/2020,11:39:17,5.65,5.3,6000,5.55,6000,0,456000
NMDC30Jan20125CE.NFO,07/01/2020,11:39:22,5.65,5.35,12000,5.55,6000,0,456000
NMDC30Jan20125CE.NFO,07/01/2020,11:39:27,5.65,5.3,6000,5.55,6000,0,456000
NMDC30Jan20125CE.NFO,07/01/2020,11:39:32,5.65,5.35,6000,5.55,6000,0,456000
NMDC30Jan20125CE.NFO,07/01/2020,11:39:42,5.65,5.4,12000,5.55,6000,0,456000
NMDC30Jan20125CE.NFO,07/01/2020,11:39:47,5.65,5.35,6000,5.55,6000,0,456000
NMDC30Jan20125CE.NFO,07/01/2020,11:39:54,5.65,5.4,12000,5.55,6000,0,456000
NMDC30Jan20125CE.NFO,07/01/2020,11:40:02,5.65,5.35,12000,5.55,12000,0,456000
NMDC30Jan20125CE.NFO,07/01/2020,11:40:13,5.65,5.3,6000,5.55,12000,0,456000
NMDC30Jan20125CE.NFO,07/01/2020,11:40:18,5.65,5.35,12000,5.55,12000,0,456000
NMDC30Jan20125CE.NFO,07/01/2020,11:40:23,5.65,5.3,6000,5.55,12000,0,456000
NMDC30Jan20125CE.NFO,07/01/2020,11:40:35,5.65,5.35,12000,5.55,12000,0,456000
NMDC30Jan20125CE.NFO,07/01/2020,11:40:39,5.65,5.3,6000,5.55,12000,0,456000
NMDC30Jan20125CE.NFO,07/01/2020,11:40:43,5.65,5.35,12000,5.55,12000,0,456000
NMDC30Jan20125CE.NFO,07/01/2020,11:40:47,5.65,5.3,6000,5.55,12000,0,456000
NMDC30Jan20125CE.NFO,07/01/2020,11:40:56,5.65,5.35,12000,5.55,12000,0,456000
NMDC30Jan20125CE.NFO,07/01/2020,11:41:19,5.65,5.3,18000,5.5,6000,0,456000
NMDC30Jan20125CE.NFO,07/01/2020,11:41:23,5.65,5.35,12000,5.55,6000,0,456000
NMDC30Jan20125CE.NFO,07/01/2020,11:41:26,5.65,5.3,6000,5.5,12000,0,456000
NMDC30Jan20125CE.NFO,07/01/2020,11:41:37,5.65,5.3,6000,5.5,6000,0,456000
NMDC30Jan20125CE.NFO,07/01/2020,11:41:39,5.65,5.35,12000,5.5,6000,0,456000
NMDC30Jan20125CE.NFO,07/01/2020,11:41:42,5.65,5.3,6000,5.5,6000,0,456000
NMDC30Jan20125CE.NFO,07/01/2020,11:41:49,5.65,5.35,12000,5.5,6000,0,456000
NMDC30Jan20125CE.NFO,07/01/2020,11:41:55,5.65,5.3,6000,5.5,12000,0,456000
NMDC30Jan20125CE.NFO,07/01/2020,11:41:58,5.65,5.3,6000,5.5,6000,0,456000
NMDC30Jan20125CE.NFO,07/01/2020,11:42:03,5.65,5.35,12000,5.5,6000,0,456000
NMDC30Jan20125CE.NFO,07/01/2020,11:42:07,5.65,5.3,6000,5.55,6000,0,456000
NMDC30Jan20125CE.NFO,07/01/2020,11:42:15,5.65,5.35,12000,5.55,6000,0,456000
NMDC30Jan20125CE.NFO,07/01/2020,11:42:19,5.65,5.35,12000,5.5,6000,0,456000
NMDC30Jan20125CE.NFO,07/01/2020,11:42:25,5.65,5.35,12000,5.55,12000,0,456000
NMDC30Jan20125CE.NFO,07/01/2020,11:42:29,5.65,5.3,6000,5.55,12000,0,456000
NMDC30Jan20125CE.NFO,07/01/2020,11:42:32,5.65,5.25,12000,5.5,6000,0,456000
NMDC30Jan20125CE.NFO,07/01/2020,11:42:35,5.65,5.35,12000,5.5,6000,0,456000
NMDC30Jan20125CE.NFO,07/01/2020,11:42:42,5.65,5.35,12000,5.55,6000,0,456000
NMDC30Jan20125CE.NFO,07/01/2020,11:42:51,5.65,5.3,6000,5.55,12000,0,456000
NMDC30Jan20125CE.NFO,07/01/2020,11:42:58,5.65,5.35,12000,5.55,12000,0,456000
NMDC30Jan20125CE.NFO,07/01/2020,11:43:02,5.65,5.3,6000,5.55,12000,0,456000
NMDC30Jan20125CE.NFO,07/01/2020,11:43:06,5.65,5.35,12000,5.55,12000,0,456000
NMDC30Jan20125CE.NFO,07/01/2020,11:43:09,5.65,5.3,6000,5.55,12000,0,456000
NMDC30Jan20125CE.NFO,07/01/2020,11:43:16,5.65,5.35,12000,5.55,12000,0,456000
NMDC30Jan20125CE.NFO,07/01/2020,11:43:23,5.65,5.3,6000,5.55,12000,0,456000
NMDC30Jan20125CE.NFO,07/01/2020,11:43:43,5.65,5.35,12000,5.55,12000,0,456000
NMDC30Jan20125CE.NFO,07/01/2020,11:43:47,5.65,5.3,6000,5.55,12000,0,456000
NMDC30Jan20125CE.NFO,07/01/2020,11:43:58,5.65,5.35,12000,5.55,6000,0,456000
NMDC30Jan20125CE.NFO,07/01/2020,11:44:01,5.65,5.35,12000,5.5,6000,0,456000
NMDC30Jan20125CE.NFO,07/01/2020,11:44:07,5.65,5.3,6000,5.5,6000,0,456000
NMDC30Jan20125CE.NFO,07/01/2020,11:44:18,5.65,5.35,12000,5.55,6000,0,456000
NMDC30Jan20125CE.NFO,07/01/2020,11:44:21,5.65,5.3,6000,5.55,6000,0,456000
NMDC30Jan20125CE.NFO,07/01/2020,11:44:24,5.65,5.35,12000,5.6,12000,0,456000
NMDC30Jan20125CE.NFO,07/01/2020,11:44:27,5.65,5.3,6000,5.5,6000,0,456000
NMDC30Jan20125CE.NFO,07/01/2020,11:44:30,5.65,5.35,12000,5.5,6000,0,456000
NMDC30Jan20125CE.NFO,07/01/2020,11:44:42,5.65,5.3,6000,5.5,6000,0,456000
NMDC30Jan20125CE.NFO,07/01/2020,11:44:45,5.65,5.35,12000,5.5,6000,0,456000
NMDC30Jan20125CE.NFO,07/01/2020,11:44:52,5.65,5.3,6000,5.5,6000,0,456000
NMDC30Jan20125CE.NFO,07/01/2020,11:44:56,5.65,5.35,12000,5.5,6000,0,456000
NMDC30Jan20125CE.NFO,07/01/2020,11:45:06,5.65,5.3,18000,5.5,6000,0,456000
NMDC30Jan20125CE.NFO,07/01/2020,11:46:04,5.65,5.35,12000,5.55,12000,0,456000
NMDC30Jan20125CE.NFO,07/01/2020,11:46:08,5.65,5.25,6000,5.5,6000,0,456000
NMDC30Jan20125CE.NFO,07/01/2020,11:46:11,5.65,5.3,6000,5.5,6000,0,456000
NMDC30Jan20125CE.NFO,07/01/2020,11:46:23,5.65,5.35,12000,5.5,6000,0,456000
NMDC30Jan20125CE.NFO,07/01/2020,11:46:26,5.65,5.3,6000,5.5,6000,0,456000
NMDC30Jan20125CE.NFO,07/01/2020,11:46:29,5.65,5.35,12000,5.5,6000,0,456000
NMDC30Jan20125CE.NFO,07/01/2020,11:46:39,5.65,5.3,6000,5.5,6000,0,456000
NMDC30Jan20125CE.NFO,07/01/2020,11:46:45,5.65,5.35,12000,5.5,6000,0,456000
NMDC30Jan20125CE.NFO,07/01/2020,11:46:49,5.65,5.35,12000,5.6,12000,0,456000
NMDC30Jan20125CE.NFO,07/01/2020,11:46:52,5.65,5.35,12000,5.55,6000,0,456000
NMDC30Jan20125CE.NFO,07/01/2020,11:46:54,5.65,5.35,12000,5.55,12000,0,456000
NMDC30Jan20125CE.NFO,07/01/2020,11:47:01,5.65,5.3,6000,5.55,12000,0,456000
NMDC30Jan20125CE.NFO,07/01/2020,11:47:04,5.65,5.35,12000,5.55,12000,0,456000
NMDC30Jan20125CE.NFO,07/01/2020,11:47:08,5.65,5.3,6000,5.55,12000,0,456000
NMDC30Jan20125CE.NFO,07/01/2020,11:47:19,5.65,5.35,12000,5.55,12000,0,456000
NMDC30Jan20125CE.NFO,07/01/2020,11:47:32,5.65,5.3,6000,5.5,6000,0,456000
NMDC30Jan20125CE.NFO,07/01/2020,11:47:37,5.65,5.25,6000,5.45,12000,0,456000
NMDC30Jan20125CE.NFO,07/01/2020,11:47:41,5.65,5.25,18000,5.45,6000,0,456000
NMDC30Jan20125CE.NFO,07/01/2020,11:47:45,5.65,5.2,18000,5.4,6000,0,456000
NMDC30Jan20125CE.NFO,07/01/2020,11:48:02,5.65,5.25,12000,5.4,6000,0,456000
NMDC30Jan20125CE.NFO,07/01/2020,11:48:37,5.65,5.25,6000,5.45,6000,0,456000
NMDC30Jan20125CE.NFO,07/01/2020,11:48:42,5.65,5.3,12000,5.45,6000,0,456000
NMDC30Jan20125CE.NFO,07/01/2020,11:48:49,5.65,5.25,6000,5.5,6000,0,456000
NMDC30Jan20125CE.NFO,07/01/2020,11:48:52,5.65,5.2,18000,5.5,12000,0,456000
NMDC30Jan20125CE.NFO,07/01/2020,11:48:55,5.65,5.3,12000,5.45,12000,0,456000
NMDC30Jan20125CE.NFO,07/01/2020,11:48:57,5.65,5.25,6000,5.45,12000,0,456000
NMDC30Jan20125CE.NFO,07/01/2020,11:49:01,5.65,5.3,12000,5.45,12000,0,456000
NMDC30Jan20125CE.NFO,07/01/2020,11:49:10,5.65,5.25,6000,5.45,12000,0,456000
NMDC30Jan20125CE.NFO,07/01/2020,11:49:16,5.65,5.3,12000,5.45,12000,0,456000
NMDC30Jan20125CE.NFO,07/01/2020,11:49:20,5.65,5.3,12000,5.5,6000,0,456000
NMDC30Jan20125CE.NFO,07/01/2020,11:49:25,5.65,5.25,6000,5.5,12000,0,456000
NMDC30Jan20125CE.NFO,07/01/2020,11:49:33,5.65,5.3,12000,5.5,12000,0,456000
NMDC30Jan20125CE.NFO,07/01/2020,11:49:37,5.65,5.25,6000,5.5,12000,0,456000
NMDC30Jan20125CE.NFO,07/01/2020,11:49:43,5.65,5.3,12000,5.5,12000,0,456000
NMDC30Jan20125CE.NFO,07/01/2020,11:49:47,5.65,5.25,6000,5.5,12000,0,456000
NMDC30Jan20125CE.NFO,07/01/2020,11:49:49,5.65,5.3,12000,5.5,12000,0,456000
NMDC30Jan20125CE.NFO,07/01/2020,11:49:52,5.65,5.25,6000,5.5,12000,0,456000
NMDC30Jan20125CE.NFO,07/01/2020,11:49:55,5.65,5.3,12000,5.5,12000,0,456000
NMDC30Jan20125CE.NFO,07/01/2020,11:49:59,5.65,5.25,6000,5.5,12000,0,456000
NMDC30Jan20125CE.NFO,07/01/2020,11:50:04,5.65,5.3,12000,5.5,12000,0,456000
NMDC30Jan20125CE.NFO,07/01/2020,11:50:09,5.65,5.3,6000,5.5,12000,0,456000
NMDC30Jan20125CE.NFO,07/01/2020,11:50:13,5.65,5.35,12000,5.5,12000,0,456000
NMDC30Jan20125CE.NFO,07/01/2020,11:50:24,5.65,5.3,6000,5.5,12000,0,456000
NMDC30Jan20125CE.NFO,07/01/2020,11:50:35,5.65,5.35,12000,5.55,6000,0,456000
NMDC30Jan20125CE.NFO,07/01/2020,11:50:40,5.65,5.4,12000,5.6,6000,0,456000
NMDC30Jan20125CE.NFO,07/01/2020,11:50:43,5.65,5.4,12000,5.6,12000,0,456000
NMDC30Jan20125CE.NFO,07/01/2020,11:50:47,5.65,5.4,12000,5.6,6000,0,456000
NMDC30Jan20125CE.NFO,07/01/2020,11:50:50,5.65,5.35,6000,5.6,6000,0,456000
NMDC30Jan20125CE.NFO,07/01/2020,11:50:52,5.65,5.4,12000,5.6,6000,0,456000
NMDC30Jan20125CE.NFO,07/01/2020,11:50:55,5.65,5.35,6000,5.6,6000,0,456000
NMDC30Jan20125CE.NFO,07/01/2020,11:51:04,5.65,5.4,12000,5.7,6000,0,456000
NMDC30Jan20125CE.NFO,07/01/2020,11:51:08,5.65,5.35,6000,5.65,6000,0,456000
NMDC30Jan20125CE.NFO,07/01/2020,11:51:14,5.65,5.4,12000,5.65,12000,0,456000
NMDC30Jan20125CE.NFO,07/01/2020,11:51:38,5.65,5.35,6000,5.65,12000,0,456000
NMDC30Jan20125CE.NFO,07/01/2020,11:51:43,5.65,5.4,12000,5.65,12000,0,456000
NMDC30Jan20125CE.NFO,07/01/2020,11:51:52,5.65,5.35,6000,5.65,12000,0,456000
NMDC30Jan20125CE.NFO,07/01/2020,11:52:01,5.65,5.4,12000,5.7,6000,0,456000
NMDC30Jan20125CE.NFO,07/01/2020,11:52:05,5.65,5.3,6000,5.6,6000,0,456000
NMDC30Jan20125CE.NFO,07/01/2020,11:52:09,5.65,5.35,12000,5.6,6000,0,456000
NMDC30Jan20125CE.NFO,07/01/2020,11:52:28,5.65,5.3,6000,5.6,6000,0,456000
NMDC30Jan20125CE.NFO,07/01/2020,11:52:30,5.65,5.35,12000,5.6,6000,0,456000
NMDC30Jan20125CE.NFO,07/01/2020,11:52:34,5.65,5.3,6000,5.6,6000,0,456000
NMDC30Jan20125CE.NFO,07/01/2020,11:52:38,5.65,5.35,12000,5.6,6000,0,456000
NMDC30Jan20125CE.NFO,07/01/2020,11:53:06,5.65,5.3,6000,5.6,6000,0,456000
NMDC30Jan20125CE.NFO,07/01/2020,11:53:10,5.65,5.35,12000,5.6,6000,0,456000
NMDC30Jan20125CE.NFO,07/01/2020,11:53:14,5.65,5.3,6000,5.6,6000,0,456000
NMDC30Jan20125CE.NFO,07/01/2020,11:53:17,5.65,5.35,12000,5.6,6000,0,456000
NMDC30Jan20125CE.NFO,07/01/2020,11:53:23,5.65,5.3,6000,5.6,6000,0,456000
NMDC30Jan20125CE.NFO,07/01/2020,11:53:26,5.65,5.35,12000,5.6,6000,0,456000
NMDC30Jan20125CE.NFO,07/01/2020,11:53:30,5.65,5.25,12000,5.6,12000,0,456000
NMDC30Jan20125CE.NFO,07/01/2020,11:53:34,5.65,5.25,12000,5.45,6000,0,456000
NMDC30Jan20125CE.NFO,07/01/2020,11:53:40,5.65,5.25,12000,5.4,6000,0,456000
NMDC30Jan20125CE.NFO,07/01/2020,11:53:42,5.65,5.2,18000,5.4,18000,0,456000
NMDC30Jan20125CE.NFO,07/01/2020,11:53:48,5.65,5.2,18000,5.4,6000,0,456000
NMDC30Jan20125CE.NFO,07/01/2020,11:55:23,5.65,5.2,18000,5.45,12000,0,456000
NMDC30Jan20125CE.NFO,07/01/2020,11:55:30,5.65,5.2,18000,5.35,12000,0,456000
NMDC30Jan20125CE.NFO,07/01/2020,11:55:33,5.65,5.2,6000,5.3,12000,0,456000
NMDC30Jan20125CE.NFO,07/01/2020,11:55:45,5.65,5.2,18000,5.35,6000,0,456000
NMDC30Jan20125CE.NFO,07/01/2020,11:55:59,5.65,5.2,18000,5.4,12000,0,456000
NMDC30Jan20125CE.NFO,07/01/2020,11:56:03,5.65,5.2,18000,5.45,12000,0,456000
NMDC30Jan20125CE.NFO,07/01/2020,11:56:26,5.65,5.25,18000,5.45,12000,0,456000
NMDC30Jan20125CE.NFO,07/01/2020,11:56:31,5.65,5.2,18000,5.35,6000,0,456000
NMDC30Jan20125CE.NFO,07/01/2020,11:56:37,5.65,5.2,18000,5.4,12000,0,456000
NMDC30Jan20125CE.NFO,07/01/2020,11:56:41,5.65,5.2,18000,5.4,18000,0,456000
NMDC30Jan20125CE.NFO,07/01/2020,11:56:53,5.65,5.2,6000,5.3,6000,0,456000
NMDC30Jan20125CE.NFO,07/01/2020,11:56:57,5.65,5.2,18000,5.4,12000,0,456000
NMDC30Jan20125CE.NFO,07/01/2020,11:57:00,5.65,5.2,6000,5.3,18000,0,456000
NMDC30Jan20125CE.NFO,07/01/2020,11:57:10,5.65,5.2,18000,5.35,6000,0,456000
NMDC30Jan20125CE.NFO,07/01/2020,11:57:29,5.65,5.2,18000,5.4,12000,0,456000
NMDC30Jan20125CE.NFO,07/01/2020,11:57:34,5.65,5.2,18000,5.35,6000,0,456000
NMDC30Jan20125CE.NFO,07/01/2020,11:57:38,5.65,5.2,6000,5.35,12000,0,456000
NMDC30Jan20125CE.NFO,07/01/2020,11:57:59,5.2,5.1,12000,5.25,6000,6000,456000
NMDC30Jan20125CE.NFO,07/01/2020,11:58:12,5.2,4.95,12000,5.3,12000,0,456000
NMDC30Jan20125CE.NFO,07/01/2020,11:58:16,5.2,5,6000,5.25,6000,0,456000
NMDC30Jan20125CE.NFO,07/01/2020,11:58:19,5.2,5,6000,5.25,12000,0,456000
NMDC30Jan20125CE.NFO,07/01/2020,11:58:23,5.2,5.05,12000,5.25,12000,0,456000
NMDC30Jan20125CE.NFO,07/01/2020,11:58:27,5.2,5.05,12000,5.35,12000,0,456000
NMDC30Jan20125CE.NFO,07/01/2020,11:58:31,5.2,5,6000,5.3,6000,0,456000
NMDC30Jan20125CE.NFO,07/01/2020,11:58:34,5.2,5,6000,5.35,12000,0,456000
NMDC30Jan20125CE.NFO,07/01/2020,11:58:38,5.2,5,6000,5.25,12000,0,456000
NMDC30Jan20125CE.NFO,07/01/2020,11:58:46,5.2,5.05,12000,5.25,12000,0,456000
NMDC30Jan20125CE.NFO,07/01/2020,11:58:51,5.2,5,6000,5.25,12000,0,456000
NMDC30Jan20125CE.NFO,07/01/2020,11:58:54,5.2,5.05,12000,5.25,12000,0,456000
NMDC30Jan20125CE.NFO,07/01/2020,11:58:58,5.2,5.05,12000,5.35,12000,0,456000
NMDC30Jan20125CE.NFO,07/01/2020,11:59:01,5.2,5,6000,5.25,6000,0,456000
NMDC30Jan20125CE.NFO,07/01/2020,11:59:05,5.2,5.1,6000,5.3,6000,0,456000
NMDC30Jan20125CE.NFO,07/01/2020,11:59:11,5.2,5,12000,5.35,12000,0,456000
NMDC30Jan20125CE.NFO,07/01/2020,11:59:14,5.2,5.05,6000,5.3,6000,0,456000
NMDC30Jan20125CE.NFO,07/01/2020,11:59:18,5.2,5.1,12000,5.3,6000,0,456000
NMDC30Jan20125CE.NFO,07/01/2020,11:59:25,5.2,5,6000,5.25,12000,0,456000
NMDC30Jan20125CE.NFO,07/01/2020,11:59:34,5.2,5,12000,5.25,12000,0,456000
NMDC30Jan20125CE.NFO,07/01/2020,11:59:38,5.2,5,6000,5.25,12000,0,456000
NMDC30Jan20125CE.NFO,07/01/2020,11:59:49,5.2,5.05,12000,5.25,12000,0,456000
NMDC30Jan20125CE.NFO,07/01/2020,11:59:54,5.2,5,6000,5.25,12000,0,456000
NMDC30Jan20125CE.NFO,07/01/2020,12:00:17,5.2,5.05,12000,5.25,12000,0,456000
NMDC30Jan20125CE.NFO,07/01/2020,12:00:21,5.2,5,6000,5.25,12000,0,456000
NMDC30Jan20125CE.NFO,07/01/2020,12:00:29,5.2,5.05,18000,5.25,12000,0,456000
NMDC30Jan20125CE.NFO,07/01/2020,12:01:35,5.2,5.05,18000,5.25,24000,0,456000
NMDC30Jan20125CE.NFO,07/01/2020,12:01:39,4.95,4.95,6000,5.1,12000,6000,456000
NMDC30Jan20125CE.NFO,07/01/2020,12:01:39,4.95,4.95,6000,5.1,12000,0,456000
NMDC30Jan20125CE.NFO,07/01/2020,12:01:42,4.95,4.95,6000,5.1,12000,0,456000
NMDC30Jan20125CE.NFO,07/01/2020,12:01:50,4.95,4.95,6000,5.15,12000,0,456000
NMDC30Jan20125CE.NFO,07/01/2020,12:01:53,4.95,5,6000,5.15,12000,0,456000
NMDC30Jan20125CE.NFO,07/01/2020,12:01:56,4.95,4.95,6000,5.15,12000,0,456000
NMDC30Jan20125CE.NFO,07/01/2020,12:02:05,4.95,5,6000,5.15,12000,0,456000
NMDC30Jan20125CE.NFO,07/01/2020,12:02:08,4.95,4.95,6000,5.15,12000,0,456000
NMDC30Jan20125CE.NFO,07/01/2020,12:02:10,4.95,5,6000,5.15,12000,0,456000
NMDC30Jan20125CE.NFO,07/01/2020,12:02:16,4.95,4.95,6000,5.15,12000,0,456000
NMDC30Jan20125CE.NFO,07/01/2020,12:02:19,4.95,5,6000,5.15,12000,0,456000
NMDC30Jan20125CE.NFO,07/01/2020,12:02:22,4.95,5,6000,5.1,24000,0,456000
NMDC30Jan20125CE.NFO,07/01/2020,12:02:25,4.95,4.95,6000,5.1,24000,0,456000
NMDC30Jan20125CE.NFO,07/01/2020,12:02:29,4.95,4.95,6000,5.15,18000,0,456000
NMDC30Jan20125CE.NFO,07/01/2020,12:02:34,4.95,4.95,6000,5.2,24000,0,456000
NMDC30Jan20125CE.NFO,07/01/2020,12:02:41,4.95,5.05,12000,5.25,6000,0,456000
NMDC30Jan20125CE.NFO,07/01/2020,12:02:48,4.95,5,6000,5.25,24000,0,456000
NMDC30Jan20125CE.NFO,07/01/2020,12:02:54,4.95,4.95,6000,5.2,18000,0,456000
NMDC30Jan20125CE.NFO,07/01/2020,12:02:59,4.95,5.05,6000,5.2,18000,0,456000
NMDC30Jan20125CE.NFO,07/01/2020,12:03:03,4.95,4.95,6000,5.2,18000,0,456000
NMDC30Jan20125CE.NFO,07/01/2020,12:03:09,4.95,5.05,6000,5.2,18000,0,456000
NMDC30Jan20125CE.NFO,07/01/2020,12:03:15,4.95,5,6000,5.2,18000,0,456000
NMDC30Jan20125CE.NFO,07/01/2020,12:03:21,4.95,5.05,6000,5.2,18000,0,456000
NMDC30Jan20125CE.NFO,07/01/2020,12:03:26,4.95,5,12000,5.15,18000,0,456000
NMDC30Jan20125CE.NFO,07/01/2020,12:03:32,4.95,5,12000,5.15,12000,0,456000
NMDC30Jan20125CE.NFO,07/01/2020,12:03:37,4.95,5,12000,5.2,12000,0,456000
NMDC30Jan20125CE.NFO,07/01/2020,12:03:42,4.95,5,12000,5.15,12000,0,456000
NMDC30Jan20125CE.NFO,07/01/2020,12:03:46,4.95,5,12000,5.2,12000,0,456000
NMDC30Jan20125CE.NFO,07/01/2020,12:03:49,4.95,5,12000,5.15,12000,0,456000
NMDC30Jan20125CE.NFO,07/01/2020,12:03:56,4.95,5,12000,5.15,18000,0,456000
NMDC30Jan20125CE.NFO,07/01/2020,12:03:59,4.95,5,6000,5.15,18000,0,456000
NMDC30Jan20125CE.NFO,07/01/2020,12:04:03,4.95,5,6000,5.15,6000,0,456000
NMDC30Jan20125CE.NFO,07/01/2020,12:04:06,4.95,4.95,6000,5.15,18000,0,456000
NMDC30Jan20125CE.NFO,07/01/2020,12:04:10,4.95,5,6000,5.15,18000,0,456000
NMDC30Jan20125CE.NFO,07/01/2020,12:04:13,4.95,4.95,6000,5.15,18000,0,456000
NMDC30Jan20125CE.NFO,07/01/2020,12:04:16,4.95,5,6000,5.15,18000,0,456000
NMDC30Jan20125CE.NFO,07/01/2020,12:04:29,4.95,4.95,6000,5.15,18000,0,456000
NMDC30Jan20125CE.NFO,07/01/2020,12:04:36,4.95,4.9,6000,5.15,18000,0,456000
NMDC30Jan20125CE.NFO,07/01/2020,12:04:55,4.95,4.95,6000,5.15,18000,0,456000
NMDC30Jan20125CE.NFO,07/01/2020,12:04:58,4.95,4.95,6000,5.15,12000,0,456000
NMDC30Jan20125CE.NFO,07/01/2020,12:05:10,4.95,4.95,6000,5.15,18000,0,456000
NMDC30Jan20125CE.NFO,07/01/2020,12:05:28,4.95,5,6000,5.2,12000,0,456000
NMDC30Jan20125CE.NFO,07/01/2020,12:05:44,4.95,4.9,6000,5.15,24000,0,456000
NMDC30Jan20125CE.NFO,07/01/2020,12:05:50,4.95,4.9,6000,5.15,18000,0,456000
NMDC30Jan20125CE.NFO,07/01/2020,12:06:14,4.95,4.9,6000,5.15,6000,0,456000
NMDC30Jan20125CE.NFO,07/01/2020,12:06:23,4.95,4.9,30000,5.2,12000,0,456000
NMDC30Jan20125CE.NFO,07/01/2020,12:06:26,4.95,4.9,18000,5.2,12000,0,456000
NMDC30Jan20125CE.NFO,07/01/2020,12:06:29,4.95,4.9,18000,5.25,12000,0,456000
NMDC30Jan20125CE.NFO,07/01/2020,12:06:32,4.95,4.9,6000,5.2,18000,0,456000
NMDC30Jan20125CE.NFO,07/01/2020,12:06:44,4.95,4.9,18000,5.2,18000,0,456000
NMDC30Jan20125CE.NFO,07/01/2020,12:06:48,4.95,4.9,18000,5.15,18000,0,456000
NMDC30Jan20125CE.NFO,07/01/2020,12:06:51,4.95,4.9,6000,5.15,18000,0,456000
NMDC30Jan20125CE.NFO,07/01/2020,12:06:56,4.95,4.9,18000,5.2,12000,0,456000
NMDC30Jan20125CE.NFO,07/01/2020,12:07:06,4.95,4.95,6000,5.2,12000,0,456000
NMDC30Jan20125CE.NFO,07/01/2020,12:07:15,4.95,5,6000,5.2,12000,0,456000
NMDC30Jan20125CE.NFO,07/01/2020,12:07:18,4.95,5,6000,5.2,6000,0,456000
NMDC30Jan20125CE.NFO,07/01/2020,12:07:48,4.95,4.95,6000,5.2,6000,0,456000
NMDC30Jan20125CE.NFO,07/01/2020,12:07:59,4.95,5.1,6000,5.3,6000,0,456000
NMDC30Jan20125CE.NFO,07/01/2020,12:08:02,4.95,5.05,6000,5.3,6000,0,456000
NMDC30Jan20125CE.NFO,07/01/2020,12:08:06,4.95,4.95,18000,5.3,6000,0,456000
NMDC30Jan20125CE.NFO,07/01/2020,12:08:09,4.95,5.05,6000,5.3,6000,0,456000
NMDC30Jan20125CE.NFO,07/01/2020,12:08:13,4.95,5.05,6000,5.3,12000,0,456000
NMDC30Jan20125CE.NFO,07/01/2020,12:08:19,4.95,5.1,6000,5.3,12000,0,456000
NMDC30Jan20125CE.NFO,07/01/2020,12:08:25,4.95,5.05,6000,5.2,12000,0,456000
NMDC30Jan20125CE.NFO,07/01/2020,12:08:31,4.95,4.95,6000,5.2,6000,0,456000
NMDC30Jan20125CE.NFO,07/01/2020,12:08:36,4.95,5,6000,5.15,12000,0,456000
NMDC30Jan20125CE.NFO,07/01/2020,12:08:39,4.95,4.95,6000,5.15,6000,0,456000
NMDC30Jan20125CE.NFO,07/01/2020,12:08:42,4.95,5,6000,5.15,6000,0,456000
NMDC30Jan20125CE.NFO,07/01/2020,12:08:46,4.95,4.95,6000,5.15,6000,0,456000
NMDC30Jan20125CE.NFO,07/01/2020,12:08:53,4.95,5,6000,5.15,6000,0,456000
NMDC30Jan20125CE.NFO,07/01/2020,12:08:57,4.95,4.95,6000,5.15,6000,0,456000
NMDC30Jan20125CE.NFO,07/01/2020,12:09:04,4.95,4.9,6000,5.2,18000,0,456000
NMDC30Jan20125CE.NFO,07/01/2020,12:09:07,4.95,4.95,6000,5.2,6000,0,456000
NMDC30Jan20125CE.NFO,07/01/2020,12:09:15,4.95,5,6000,5.2,6000,0,456000
NMDC30Jan20125CE.NFO,07/01/2020,12:09:18,4.95,4.95,6000,5.2,6000,0,456000
NMDC30Jan20125CE.NFO,07/01/2020,12:09:21,4.95,4.95,12000,5.2,6000,0,456000
NMDC30Jan20125CE.NFO,07/01/2020,12:09:29,4.95,5,6000,5.2,6000,0,456000
NMDC30Jan20125CE.NFO,07/01/2020,12:09:32,4.95,5.05,6000,5.2,6000,0,456000
NMDC30Jan20125CE.NFO,07/01/2020,12:09:35,4.95,5,6000,5.2,6000,0,456000
NMDC30Jan20125CE.NFO,07/01/2020,12:09:38,4.95,4.95,6000,5.15,6000,0,456000
NMDC30Jan20125CE.NFO,07/01/2020,12:09:41,4.95,5,6000,5.2,6000,0,456000
NMDC30Jan20125CE.NFO,07/01/2020,12:09:45,4.95,4.95,6000,5.2,6000,0,456000
NMDC30Jan20125CE.NFO,07/01/2020,12:09:52,4.95,5.05,6000,5.2,6000,0,456000
NMDC30Jan20125CE.NFO,07/01/2020,12:09:55,4.95,5,6000,5.2,6000,0,456000
NMDC30Jan20125CE.NFO,07/01/2020,12:09:57,4.95,5.05,6000,5.2,6000,0,456000
NMDC30Jan20125CE.NFO,07/01/2020,12:10:07,4.95,5,6000,5.2,6000,0,456000
NMDC30Jan20125CE.NFO,07/01/2020,12:10:11,4.95,5.05,6000,5.2,6000,0,456000
NMDC30Jan20125CE.NFO,07/01/2020,12:10:16,4.95,5,6000,5.2,6000,0,456000
NMDC30Jan20125CE.NFO,07/01/2020,12:10:20,4.95,5.05,6000,5.2,6000,0,456000
NMDC30Jan20125CE.NFO,07/01/2020,12:10:22,4.95,5,6000,5.2,6000,0,456000
NMDC30Jan20125CE.NFO,07/01/2020,12:10:25,4.95,5.05,6000,5.2,6000,0,456000
