Ticker,Date,Time,LTP,BuyPrice,BuyQty,SellPrice,SellQty,LTQ,OpenInterest
NTPC30Jan20127.5CE.NFO,07/01/2020,09:21:46,0.7,0.5,9600,0.7,9600,4800,115200
NTPC30Jan20127.5CE.NFO,07/01/2020,09:21:46,0.7,0.5,9600,0.7,9600,0,115200
NTPC30Jan20127.5CE.NFO,07/01/2020,09:21:46,0.7,0.5,9600,0.7,9600,0,115200
NTPC30Jan20127.5CE.NFO,07/01/2020,09:21:46,0.7,0.5,9600,0.7,9600,0,115200
NTPC30Jan20127.5CE.NFO,07/01/2020,09:21:54,0.7,0.5,9600,0.7,4800,4800,115200
NTPC30Jan20127.5CE.NFO,07/01/2020,09:22:02,0.7,0.5,9600,0.7,4800,0,115200
NTPC30Jan20127.5CE.NFO,07/01/2020,09:25:02,0.7,0.5,9600,0.7,9600,0,115200
NTPC30Jan20127.5CE.NFO,07/01/2020,09:25:38,0.7,0.6,9600,0.7,4800,0,115200
NTPC30Jan20127.5CE.NFO,07/01/2020,09:26:00,0.7,0.6,9600,0.75,9600,4800,124800
NTPC30Jan20127.5CE.NFO,07/01/2020,09:26:09,0.7,0.6,9600,0.75,4800,0,124800
NTPC30Jan20127.5CE.NFO,07/01/2020,09:26:17,0.7,0.6,9600,0.75,9600,0,124800
NTPC30Jan20127.5CE.NFO,07/01/2020,09:26:49,0.7,0.6,14400,0.75,9600,0,124800
NTPC30Jan20127.5CE.NFO,07/01/2020,09:26:54,0.7,0.6,19200,0.75,9600,0,124800
NTPC30Jan20127.5CE.NFO,07/01/2020,09:27:00,0.7,0.6,24000,0.75,9600,0,124800
NTPC30Jan20127.5CE.NFO,07/01/2020,09:27:16,0.7,0.6,24000,0.75,4800,0,124800
NTPC30Jan20127.5CE.NFO,07/01/2020,09:27:23,0.7,0.6,24000,0.75,14400,0,124800
NTPC30Jan20127.5CE.NFO,07/01/2020,09:27:54,0.7,0.6,24000,0.75,4800,0,124800
NTPC30Jan20127.5CE.NFO,07/01/2020,09:28:18,0.7,0.6,24000,0.75,14400,0,124800
NTPC30Jan20127.5CE.NFO,07/01/2020,09:28:36,0.7,0.6,24000,0.75,9600,0,124800
NTPC30Jan20127.5CE.NFO,07/01/2020,09:29:05,0.7,0.6,24000,0.75,4800,0,124800
NTPC30Jan20127.5CE.NFO,07/01/2020,09:29:18,0.7,0.6,24000,0.75,9600,0,124800
NTPC30Jan20127.5CE.NFO,07/01/2020,09:32:08,0.7,0.6,24000,0.75,4800,0,124800
NTPC30Jan20127.5CE.NFO,07/01/2020,09:32:29,0.7,0.7,9600,0.75,4800,0,124800
NTPC30Jan20127.5CE.NFO,07/01/2020,09:32:54,0.75,0.7,9600,0.8,4800,4800,129600
NTPC30Jan20127.5CE.NFO,07/01/2020,09:32:54,0.75,0.7,9600,0.8,4800,0,129600
NTPC30Jan20127.5CE.NFO,07/01/2020,09:33:05,0.75,0.7,9600,0.85,14400,0,129600
NTPC30Jan20127.5CE.NFO,07/01/2020,09:41:17,0.75,0.7,9600,0.85,9600,0,129600
NTPC30Jan20127.5CE.NFO,07/01/2020,09:45:57,0.7,0.7,9600,0.85,9600,9600,129600
NTPC30Jan20127.5CE.NFO,07/01/2020,09:46:03,0.7,0.7,9600,0.85,9600,0,129600
NTPC30Jan20127.5CE.NFO,07/01/2020,10:10:04,0.7,0.75,14400,0.85,9600,0,129600
NTPC30Jan20127.5CE.NFO,07/01/2020,10:12:19,0.7,0.75,14400,0.85,4800,0,129600
NTPC30Jan20127.5CE.NFO,07/01/2020,10:12:24,0.7,0.75,14400,0.9,14400,0,129600
NTPC30Jan20127.5CE.NFO,07/01/2020,10:21:05,0.7,0.75,14400,0.9,4800,0,129600
NTPC30Jan20127.5CE.NFO,07/01/2020,10:21:10,0.7,0.75,14400,0.9,9600,0,129600
NTPC30Jan20127.5CE.NFO,07/01/2020,10:21:24,0.7,0.75,14400,0.9,4800,0,129600
NTPC30Jan20127.5CE.NFO,07/01/2020,10:21:52,0.7,0.85,9600,0.9,4800,0,129600
NTPC30Jan20127.5CE.NFO,07/01/2020,10:22:20,0.7,0.85,9600,0.9,9600,0,129600
NTPC30Jan20127.5CE.NFO,07/01/2020,10:24:19,0.7,0.8,14400,0.9,9600,0,129600
NTPC30Jan20127.5CE.NFO,07/01/2020,10:29:37,0.7,0.8,9600,0.9,9600,0,129600
NTPC30Jan20127.5CE.NFO,07/01/2020,10:30:45,0.7,0.8,4800,0.9,9600,0,129600
NTPC30Jan20127.5CE.NFO,07/01/2020,10:30:55,0.7,0.8,9600,0.9,9600,0,129600
NTPC30Jan20127.5CE.NFO,07/01/2020,10:31:00,0.7,0.8,4800,0.9,9600,0,129600
NTPC30Jan20127.5CE.NFO,07/01/2020,10:31:25,0.7,0.75,9600,0.9,9600,0,129600
NTPC30Jan20127.5CE.NFO,07/01/2020,10:32:43,0.7,0.8,9600,0.9,9600,0,129600
NTPC30Jan20127.5CE.NFO,07/01/2020,10:32:53,0.7,0.8,9600,0.9,14400,0,129600
NTPC30Jan20127.5CE.NFO,07/01/2020,10:33:07,0.7,0.8,9600,0.9,9600,0,129600
NTPC30Jan20127.5CE.NFO,07/01/2020,10:36:23,0.8,0.8,14400,0.9,9600,4800,129600
NTPC30Jan20127.5CE.NFO,07/01/2020,10:36:23,0.8,0.8,14400,0.9,9600,0,129600
NTPC30Jan20127.5CE.NFO,07/01/2020,10:36:54,0.8,0.8,14400,0.9,9600,0,129600
NTPC30Jan20127.5CE.NFO,07/01/2020,10:39:39,0.8,0.8,9600,0.9,9600,0,129600
NTPC30Jan20127.5CE.NFO,07/01/2020,10:42:03,0.8,0.8,9600,0.9,4800,0,129600
NTPC30Jan20127.5CE.NFO,07/01/2020,10:42:08,0.8,0.8,9600,0.9,14400,0,129600
NTPC30Jan20127.5CE.NFO,07/01/2020,10:42:30,0.8,0.8,9600,0.9,9600,0,129600
NTPC30Jan20127.5CE.NFO,07/01/2020,10:42:37,0.8,0.8,9600,0.9,4800,0,129600
NTPC30Jan20127.5CE.NFO,07/01/2020,10:43:46,0.8,0.85,14400,0.9,9600,0,129600
NTPC30Jan20127.5CE.NFO,07/01/2020,10:43:53,0.8,0.85,14400,0.9,4800,0,129600
NTPC30Jan20127.5CE.NFO,07/01/2020,10:48:53,0.8,0.85,14400,0.9,9600,0,129600
NTPC30Jan20127.5CE.NFO,07/01/2020,10:49:11,0.8,0.85,14400,0.9,4800,0,129600
NTPC30Jan20127.5CE.NFO,07/01/2020,10:50:15,0.8,0.85,14400,0.9,14400,0,129600
NTPC30Jan20127.5CE.NFO,07/01/2020,10:50:42,0.8,0.85,14400,0.9,9600,0,129600
NTPC30Jan20127.5CE.NFO,07/01/2020,10:50:55,0.8,0.85,14400,0.9,4800,0,129600
NTPC30Jan20127.5CE.NFO,07/01/2020,10:52:31,0.8,0.85,9600,0.9,4800,0,129600
NTPC30Jan20127.5CE.NFO,07/01/2020,10:52:35,0.8,0.85,9600,0.9,9600,0,129600
NTPC30Jan20127.5CE.NFO,07/01/2020,10:53:33,0.8,0.85,4800,0.9,9600,0,129600
NTPC30Jan20127.5CE.NFO,07/01/2020,10:53:50,0.8,0.8,9600,0.9,9600,0,129600
NTPC30Jan20127.5CE.NFO,07/01/2020,10:55:25,0.8,0.85,4800,0.9,9600,0,129600
NTPC30Jan20127.5CE.NFO,07/01/2020,10:55:30,0.8,0.8,4800,0.9,9600,0,129600
NTPC30Jan20127.5CE.NFO,07/01/2020,10:55:50,0.8,0.75,14400,0.9,9600,0,129600
NTPC30Jan20127.5CE.NFO,07/01/2020,11:05:29,0.8,0.75,9600,0.85,9600,0,129600
NTPC30Jan20127.5CE.NFO,07/01/2020,11:05:48,0.8,0.75,4800,0.85,9600,0,129600
NTPC30Jan20127.5CE.NFO,07/01/2020,11:06:22,0.8,0.7,14400,0.85,9600,0,129600
NTPC30Jan20127.5CE.NFO,07/01/2020,11:09:31,0.8,0.75,14400,0.85,9600,0,129600
NTPC30Jan20127.5CE.NFO,07/01/2020,11:10:02,0.8,0.75,9600,0.85,9600,0,129600
NTPC30Jan20127.5CE.NFO,07/01/2020,11:11:25,0.8,0.75,4800,0.85,9600,0,129600
NTPC30Jan20127.5CE.NFO,07/01/2020,11:11:41,0.8,0.75,9600,0.85,9600,0,129600
NTPC30Jan20127.5CE.NFO,07/01/2020,11:11:54,0.8,0.75,4800,0.85,9600,0,129600
NTPC30Jan20127.5CE.NFO,07/01/2020,11:13:46,0.8,0.75,14400,0.85,9600,0,129600
NTPC30Jan20127.5CE.NFO,07/01/2020,11:16:54,0.8,0.7,9600,0.85,9600,0,129600
NTPC30Jan20127.5CE.NFO,07/01/2020,11:29:23,0.8,0.75,14400,0.9,9600,0,129600
NTPC30Jan20127.5CE.NFO,07/01/2020,11:29:27,0.8,0.75,4800,0.9,4800,0,129600
NTPC30Jan20127.5CE.NFO,07/01/2020,11:34:59,0.8,0.65,4800,0.9,4800,0,129600
NTPC30Jan20127.5CE.NFO,07/01/2020,11:37:32,0.8,0.7,4800,0.9,4800,0,129600
NTPC30Jan20127.5CE.NFO,07/01/2020,11:38:38,0.8,0.65,4800,0.9,4800,0,129600
NTPC30Jan20127.5CE.NFO,07/01/2020,11:57:25,0.8,0.6,14400,0.9,4800,0,129600
NTPC30Jan20127.5CE.NFO,07/01/2020,11:57:29,0.8,0.6,14400,0.85,4800,0,129600
NTPC30Jan20127.5CE.NFO,07/01/2020,11:58:04,0.8,0.65,4800,0.85,4800,0,129600
NTPC30Jan20127.5CE.NFO,07/01/2020,12:07:51,0.9,0.65,4800,0.95,4800,9600,129600
NTPC30Jan20127.5CE.NFO,07/01/2020,12:07:51,0.9,0.65,4800,0.95,4800,0,129600
NTPC30Jan20127.5CE.NFO,07/01/2020,12:13:27,0.9,0.8,9600,0.9,9600,0,129600
NTPC30Jan20127.5CE.NFO,07/01/2020,12:13:41,0.9,0.8,9600,0.9,14400,0,129600
NTPC30Jan20127.5CE.NFO,07/01/2020,12:15:08,0.9,0.8,4800,0.9,14400,0,129600
NTPC30Jan20127.5CE.NFO,07/01/2020,12:15:31,0.9,0.75,14400,0.9,14400,0,129600
NTPC30Jan20127.5CE.NFO,07/01/2020,12:29:28,0.9,0.75,4800,0.9,14400,0,129600
NTPC30Jan20127.5CE.NFO,07/01/2020,12:29:33,0.9,0.75,9600,0.9,14400,0,129600
NTPC30Jan20127.5CE.NFO,07/01/2020,12:29:56,0.9,0.75,4800,0.9,14400,0,129600
NTPC30Jan20127.5CE.NFO,07/01/2020,12:30:11,0.9,0.75,9600,0.9,14400,0,129600
NTPC30Jan20127.5CE.NFO,07/01/2020,12:50:46,0.9,0.75,9600,0.9,19200,0,129600
NTPC30Jan20127.5CE.NFO,07/01/2020,12:51:06,0.9,0.75,4800,0.9,19200,0,129600
NTPC30Jan20127.5CE.NFO,07/01/2020,13:01:06,0.9,0.7,9600,0.8,9600,0,129600
NTPC30Jan20127.5CE.NFO,07/01/2020,13:03:30,0.9,0.7,9600,0.8,4800,0,129600
NTPC30Jan20127.5CE.NFO,07/01/2020,13:08:01,0.9,0.7,9600,0.85,14400,0,129600
NTPC30Jan20127.5CE.NFO,07/01/2020,13:13:56,0.9,0.7,4800,0.85,14400,0,129600
NTPC30Jan20127.5CE.NFO,07/01/2020,13:14:06,0.9,0.65,14400,0.85,14400,0,129600
NTPC30Jan20127.5CE.NFO,07/01/2020,13:24:46,0.9,0.65,14400,0.85,9600,0,129600
NTPC30Jan20127.5CE.NFO,07/01/2020,13:30:51,0.9,0.65,14400,0.75,9600,0,129600
NTPC30Jan20127.5CE.NFO,07/01/2020,13:31:13,0.9,0.65,14400,0.75,4800,0,129600
NTPC30Jan20127.5CE.NFO,07/01/2020,13:33:14,0.9,0.65,14400,0.8,14400,0,129600
NTPC30Jan20127.5CE.NFO,07/01/2020,13:35:32,0.9,0.65,14400,0.85,9600,0,129600
NTPC30Jan20127.5CE.NFO,07/01/2020,13:38:20,0.9,0.65,4800,0.9,9600,0,129600
NTPC30Jan20127.5CE.NFO,07/01/2020,13:50:45,0.9,0.65,4800,0.95,4800,9600,129600
NTPC30Jan20127.5CE.NFO,07/01/2020,13:50:53,0.9,0.7,9600,0.95,4800,0,129600
NTPC30Jan20127.5CE.NFO,07/01/2020,13:51:01,0.9,0.7,9600,0.95,9600,0,129600
NTPC30Jan20127.5CE.NFO,07/01/2020,13:51:20,0.9,0.7,9600,0.95,4800,0,129600
NTPC30Jan20127.5CE.NFO,07/01/2020,13:51:25,0.9,0.7,14400,0.95,4800,0,129600
NTPC30Jan20127.5CE.NFO,07/01/2020,13:51:56,0.9,0.7,14400,0.95,9600,0,129600
NTPC30Jan20127.5CE.NFO,07/01/2020,13:52:06,0.9,0.7,14400,0.95,4800,0,129600
NTPC30Jan20127.5CE.NFO,07/01/2020,13:52:26,0.9,0.7,14400,0.95,9600,0,129600
NTPC30Jan20127.5CE.NFO,07/01/2020,13:52:31,0.9,0.85,9600,0.95,4800,0,129600
NTPC30Jan20127.5CE.NFO,07/01/2020,13:53:07,0.95,0.85,9600,1,24000,4800,134400
NTPC30Jan20127.5CE.NFO,07/01/2020,13:53:07,0.95,0.85,9600,1,24000,0,134400
NTPC30Jan20127.5CE.NFO,07/01/2020,13:53:42,0.95,0.85,9600,1,24000,0,134400
NTPC30Jan20127.5CE.NFO,07/01/2020,13:58:07,0.95,0.85,9600,1,28800,0,134400
NTPC30Jan20127.5CE.NFO,07/01/2020,14:05:35,0.95,0.9,4800,1,28800,0,134400
NTPC30Jan20127.5CE.NFO,07/01/2020,14:07:11,0.95,0.9,4800,0.95,19200,0,134400
NTPC30Jan20127.5CE.NFO,07/01/2020,14:08:06,0.95,0.85,9600,0.95,19200,0,134400
NTPC30Jan20127.5CE.NFO,07/01/2020,14:08:11,0.95,0.85,14400,0.95,19200,0,134400
NTPC30Jan20127.5CE.NFO,07/01/2020,14:09:06,0.95,0.85,14400,0.9,9600,0,134400
NTPC30Jan20127.5CE.NFO,07/01/2020,14:09:26,0.95,0.85,14400,0.9,4800,0,134400
NTPC30Jan20127.5CE.NFO,07/01/2020,14:09:52,0.95,0.85,14400,0.95,19200,0,134400
NTPC30Jan20127.5CE.NFO,07/01/2020,14:10:00,0.95,0.85,14400,0.95,9600,0,134400
NTPC30Jan20127.5CE.NFO,07/01/2020,14:11:26,0.95,0.85,9600,0.95,9600,0,134400
NTPC30Jan20127.5CE.NFO,07/01/2020,14:15:04,0.95,0.85,9600,0.95,4800,0,134400
NTPC30Jan20127.5CE.NFO,07/01/2020,14:15:22,0.95,0.85,9600,1,24000,0,134400
NTPC30Jan20127.5CE.NFO,07/01/2020,14:16:44,0.95,0.85,9600,1,19200,0,134400
NTPC30Jan20127.5CE.NFO,07/01/2020,14:17:52,0.95,0.85,9600,1,24000,0,134400
NTPC30Jan20127.5CE.NFO,07/01/2020,14:22:09,0.95,0.85,4800,1,24000,0,134400
NTPC30Jan20127.5CE.NFO,07/01/2020,14:22:38,0.95,0.85,9600,1,24000,0,134400
NTPC30Jan20127.5CE.NFO,07/01/2020,14:22:43,0.95,0.85,4800,1,24000,0,134400
NTPC30Jan20127.5CE.NFO,07/01/2020,14:22:47,0.95,0.85,9600,1,24000,0,134400
NTPC30Jan20127.5CE.NFO,07/01/2020,14:23:05,0.95,0.85,9600,1,19200,0,134400
NTPC30Jan20127.5CE.NFO,07/01/2020,14:23:08,0.95,0.85,9600,0.9,9600,0,134400
NTPC30Jan20127.5CE.NFO,07/01/2020,14:24:01,0.95,0.85,9600,0.9,4800,0,134400
NTPC30Jan20127.5CE.NFO,07/01/2020,14:24:05,0.9,0.85,9600,0.95,14400,4800,139200
NTPC30Jan20127.5CE.NFO,07/01/2020,14:24:12,0.9,0.85,4800,0.95,9600,0,139200
NTPC30Jan20127.5CE.NFO,07/01/2020,14:24:47,0.9,0.8,9600,0.95,9600,0,139200
NTPC30Jan20127.5CE.NFO,07/01/2020,14:25:44,0.9,0.8,9600,0.95,14400,0,139200
NTPC30Jan20127.5CE.NFO,07/01/2020,14:29:29,0.9,0.8,9600,0.95,9600,0,139200
NTPC30Jan20127.5CE.NFO,07/01/2020,14:31:28,0.9,0.8,9600,0.95,4800,0,139200
NTPC30Jan20127.5CE.NFO,07/01/2020,14:31:44,0.9,0.9,9600,1,19200,0,139200
NTPC30Jan20127.5CE.NFO,07/01/2020,14:33:47,0.9,0.85,14400,1,19200,0,139200
NTPC30Jan20127.5CE.NFO,07/01/2020,14:35:13,0.9,0.85,14400,0.9,9600,0,139200
NTPC30Jan20127.5CE.NFO,07/01/2020,14:35:53,0.9,0.85,9600,0.9,9600,0,139200
NTPC30Jan20127.5CE.NFO,07/01/2020,14:36:24,0.9,0.85,4800,0.9,9600,0,139200
NTPC30Jan20127.5CE.NFO,07/01/2020,14:37:17,0.9,0.8,9600,0.9,9600,0,139200
NTPC30Jan20127.5CE.NFO,07/01/2020,14:47:23,0.9,0.8,9600,0.9,4800,0,139200
NTPC30Jan20127.5CE.NFO,07/01/2020,14:47:54,0.9,0.8,9600,0.85,4800,0,139200
NTPC30Jan20127.5CE.NFO,07/01/2020,14:53:30,0.8,0.8,4800,0.9,4800,4800,134400
NTPC30Jan20127.5CE.NFO,07/01/2020,14:54:12,0.8,0.8,4800,0.9,4800,0,134400
NTPC30Jan20127.5CE.NFO,07/01/2020,15:17:58,0.8,0.8,9600,0.9,4800,0,134400
NTPC30Jan20127.5CE.NFO,07/01/2020,15:28:29,0.8,0.8,4800,0.9,4800,0,134400
NTPC30Jan20127.5CE.NFO,07/01/2020,15:28:41,0.8,0.8,9600,0.95,4800,0,134400
NTPC30Jan20127.5CE.NFO,07/01/2020,15:29:34,0.8,0.8,4800,0.95,4800,0,134400
