Ticker,Date,Time,LTP,BuyPrice,BuyQty,SellPrice,SellQty,LTQ,OpenInterest
NTPC30Jan20122CE.NFO,07/01/2020,09:19:23,1.65,1.65,4800,1.75,9600,4800,187200
NTPC30Jan20122CE.NFO,07/01/2020,09:19:23,1.65,1.65,4800,1.75,9600,0,187200
NTPC30Jan20122CE.NFO,07/01/2020,09:19:23,1.65,1.65,4800,1.75,9600,0,187200
NTPC30Jan20122CE.NFO,07/01/2020,09:19:23,1.65,1.65,4800,1.75,9600,0,187200
NTPC30Jan20122CE.NFO,07/01/2020,09:19:32,1.65,1.65,4800,1.75,9600,0,187200
NTPC30Jan20122CE.NFO,07/01/2020,09:19:41,1.65,1.7,4800,1.75,9600,0,187200
NTPC30Jan20122CE.NFO,07/01/2020,09:19:48,1.65,1.65,9600,1.75,9600,0,187200
NTPC30Jan20122CE.NFO,07/01/2020,09:20:04,1.65,1.7,4800,1.75,9600,0,187200
NTPC30Jan20122CE.NFO,07/01/2020,09:20:12,1.75,1.7,9600,1.75,4800,4800,187200
NTPC30Jan20122CE.NFO,07/01/2020,09:20:12,1.75,1.7,9600,1.75,4800,0,187200
NTPC30Jan20122CE.NFO,07/01/2020,09:20:20,1.7,1.7,4800,1.75,4800,4800,192000
NTPC30Jan20122CE.NFO,07/01/2020,09:20:28,1.7,1.7,4800,1.75,4800,0,192000
NTPC30Jan20122CE.NFO,07/01/2020,09:20:35,1.75,1.7,4800,1.75,9600,4800,192000
NTPC30Jan20122CE.NFO,07/01/2020,09:20:42,1.75,1.7,4800,1.75,9600,0,192000
NTPC30Jan20122CE.NFO,07/01/2020,09:21:06,1.75,1.7,9600,1.8,9600,0,192000
NTPC30Jan20122CE.NFO,07/01/2020,09:21:22,1.75,1.7,4800,1.8,9600,0,192000
NTPC30Jan20122CE.NFO,07/01/2020,09:21:29,1.75,1.7,9600,1.8,9600,0,192000
NTPC30Jan20122CE.NFO,07/01/2020,09:21:45,1.75,1.7,14400,1.8,9600,0,192000
NTPC30Jan20122CE.NFO,07/01/2020,09:21:53,1.75,1.7,9600,1.85,9600,0,192000
NTPC30Jan20122CE.NFO,07/01/2020,09:22:09,1.75,1.7,9600,1.85,4800,0,192000
NTPC30Jan20122CE.NFO,07/01/2020,09:22:17,1.8,1.65,14400,1.8,14400,4800,192000
NTPC30Jan20122CE.NFO,07/01/2020,09:22:17,1.8,1.65,14400,1.8,14400,0,192000
NTPC30Jan20122CE.NFO,07/01/2020,09:22:25,1.8,1.65,14400,1.8,14400,0,192000
NTPC30Jan20122CE.NFO,07/01/2020,09:23:01,1.8,1.65,14400,1.8,24000,0,192000
NTPC30Jan20122CE.NFO,07/01/2020,09:24:29,1.8,1.7,4800,1.8,24000,0,192000
NTPC30Jan20122CE.NFO,07/01/2020,09:25:01,1.8,1.65,19200,1.75,14400,0,192000
NTPC30Jan20122CE.NFO,07/01/2020,09:25:08,1.8,1.65,9600,1.75,14400,0,192000
NTPC30Jan20122CE.NFO,07/01/2020,09:25:16,1.8,1.7,9600,1.75,9600,0,192000
NTPC30Jan20122CE.NFO,07/01/2020,09:25:37,1.8,1.7,14400,1.75,9600,0,192000
NTPC30Jan20122CE.NFO,07/01/2020,09:25:58,1.75,1.7,24000,1.8,19200,14400,196800
NTPC30Jan20122CE.NFO,07/01/2020,09:26:08,1.75,1.7,24000,1.8,14400,0,196800
NTPC30Jan20122CE.NFO,07/01/2020,09:26:16,1.75,1.7,24000,1.8,19200,0,196800
NTPC30Jan20122CE.NFO,07/01/2020,09:26:22,1.75,1.7,24000,1.8,28800,0,196800
NTPC30Jan20122CE.NFO,07/01/2020,09:26:48,1.75,1.7,9600,1.75,4800,0,196800
NTPC30Jan20122CE.NFO,07/01/2020,09:26:59,1.75,1.7,24000,1.8,28800,0,196800
NTPC30Jan20122CE.NFO,07/01/2020,09:27:16,1.75,1.7,24000,1.8,19200,0,196800
NTPC30Jan20122CE.NFO,07/01/2020,09:27:22,1.75,1.7,24000,1.8,24000,0,196800
NTPC30Jan20122CE.NFO,07/01/2020,09:27:41,1.75,1.7,14400,1.8,24000,0,196800
NTPC30Jan20122CE.NFO,07/01/2020,09:28:09,1.75,1.75,4800,1.8,14400,0,196800
NTPC30Jan20122CE.NFO,07/01/2020,09:28:17,1.65,1.7,4800,1.75,9600,9600,192000
NTPC30Jan20122CE.NFO,07/01/2020,09:28:23,1.65,1.65,19200,1.75,9600,0,192000
NTPC30Jan20122CE.NFO,07/01/2020,09:28:29,1.65,1.7,24000,1.8,24000,0,192000
NTPC30Jan20122CE.NFO,07/01/2020,09:28:36,1.65,1.7,24000,1.8,19200,0,192000
NTPC30Jan20122CE.NFO,07/01/2020,09:28:58,1.65,1.75,9600,1.8,19200,0,192000
NTPC30Jan20122CE.NFO,07/01/2020,09:29:04,1.65,1.75,9600,1.8,9600,0,192000
NTPC30Jan20122CE.NFO,07/01/2020,09:29:17,1.65,1.75,9600,1.8,14400,0,192000
NTPC30Jan20122CE.NFO,07/01/2020,09:29:23,1.65,1.7,19200,1.8,24000,0,192000
NTPC30Jan20122CE.NFO,07/01/2020,09:29:29,1.65,1.7,19200,1.8,19200,0,192000
NTPC30Jan20122CE.NFO,07/01/2020,09:29:35,1.8,1.7,19200,1.8,14400,4800,187200
NTPC30Jan20122CE.NFO,07/01/2020,09:29:42,1.8,1.7,14400,1.8,14400,0,187200
NTPC30Jan20122CE.NFO,07/01/2020,09:30:03,1.8,1.7,19200,1.8,14400,0,187200
NTPC30Jan20122CE.NFO,07/01/2020,09:30:27,1.8,1.7,19200,1.8,19200,0,187200
NTPC30Jan20122CE.NFO,07/01/2020,09:30:32,1.8,1.7,14400,1.8,19200,0,187200
NTPC30Jan20122CE.NFO,07/01/2020,09:30:43,1.8,1.7,14400,1.75,4800,0,187200
NTPC30Jan20122CE.NFO,07/01/2020,09:30:48,1.8,1.7,14400,1.8,14400,0,187200
NTPC30Jan20122CE.NFO,07/01/2020,09:31:38,1.8,1.7,14400,1.75,4800,0,187200
NTPC30Jan20122CE.NFO,07/01/2020,09:32:15,1.75,1.7,14400,1.8,9600,4800,187200
NTPC30Jan20122CE.NFO,07/01/2020,09:32:21,1.75,1.75,14400,1.8,4800,0,187200
NTPC30Jan20122CE.NFO,07/01/2020,09:32:28,1.8,1.8,19200,1.9,24000,4800,187200
NTPC30Jan20122CE.NFO,07/01/2020,09:32:34,1.8,1.8,19200,1.9,14400,0,187200
NTPC30Jan20122CE.NFO,07/01/2020,09:32:47,1.8,1.8,24000,1.9,14400,0,187200
NTPC30Jan20122CE.NFO,07/01/2020,09:32:53,1.8,1.8,24000,1.9,4800,0,187200
NTPC30Jan20122CE.NFO,07/01/2020,09:32:59,1.8,1.8,24000,1.9,14400,0,187200
NTPC30Jan20122CE.NFO,07/01/2020,09:33:17,1.8,1.85,14400,1.9,4800,0,187200
NTPC30Jan20122CE.NFO,07/01/2020,09:33:23,1.8,1.85,24000,1.9,4800,0,187200
NTPC30Jan20122CE.NFO,07/01/2020,09:33:41,1.9,1.85,24000,1.95,14400,4800,187200
NTPC30Jan20122CE.NFO,07/01/2020,09:33:41,1.9,1.85,24000,1.95,14400,0,187200
NTPC30Jan20122CE.NFO,07/01/2020,09:33:46,1.9,1.85,24000,1.95,14400,0,187200
NTPC30Jan20122CE.NFO,07/01/2020,09:33:57,1.9,1.85,24000,1.95,9600,0,187200
NTPC30Jan20122CE.NFO,07/01/2020,09:34:08,1.9,1.85,24000,1.95,4800,0,187200
NTPC30Jan20122CE.NFO,07/01/2020,09:34:14,1.9,1.85,28800,1.95,4800,0,187200
NTPC30Jan20122CE.NFO,07/01/2020,09:34:25,1.9,1.9,14400,2,19200,0,187200
NTPC30Jan20122CE.NFO,07/01/2020,09:35:11,1.9,1.9,19200,2,19200,0,187200
NTPC30Jan20122CE.NFO,07/01/2020,09:36:10,1.9,1.9,4800,2,19200,0,187200
NTPC30Jan20122CE.NFO,07/01/2020,09:36:16,1.9,1.9,9600,2,19200,0,187200
NTPC30Jan20122CE.NFO,07/01/2020,09:36:28,1.9,1.9,14400,2,19200,0,187200
NTPC30Jan20122CE.NFO,07/01/2020,09:36:44,1.9,1.85,24000,2,19200,0,187200
NTPC30Jan20122CE.NFO,07/01/2020,09:36:49,1.9,1.85,24000,1.95,14400,0,187200
NTPC30Jan20122CE.NFO,07/01/2020,09:37:32,1.9,1.85,24000,1.95,9600,0,187200
NTPC30Jan20122CE.NFO,07/01/2020,09:38:07,1.9,1.9,24000,1.95,4800,0,187200
NTPC30Jan20122CE.NFO,07/01/2020,09:38:40,1.9,1.9,19200,1.95,4800,0,187200
NTPC30Jan20122CE.NFO,07/01/2020,09:38:51,1.9,1.9,4800,1.95,9600,0,187200
NTPC30Jan20122CE.NFO,07/01/2020,09:38:56,1.9,1.85,19200,1.95,9600,0,187200
NTPC30Jan20122CE.NFO,07/01/2020,09:39:06,1.9,1.85,24000,1.95,9600,0,187200
NTPC30Jan20122CE.NFO,07/01/2020,09:39:16,1.9,1.9,9600,1.95,4800,0,187200
NTPC30Jan20122CE.NFO,07/01/2020,09:39:32,1.9,1.9,4800,1.95,19200,0,187200
NTPC30Jan20122CE.NFO,07/01/2020,09:39:48,1.9,1.9,24000,1.95,4800,0,187200
NTPC30Jan20122CE.NFO,07/01/2020,09:41:06,1.9,1.85,24000,1.95,19200,0,187200
NTPC30Jan20122CE.NFO,07/01/2020,09:41:17,1.9,1.9,19200,1.95,9600,0,187200
NTPC30Jan20122CE.NFO,07/01/2020,09:41:47,1.9,1.9,14400,1.95,9600,0,187200
NTPC30Jan20122CE.NFO,07/01/2020,09:42:42,1.9,1.9,4800,1.95,14400,0,187200
NTPC30Jan20122CE.NFO,07/01/2020,09:42:49,1.9,1.9,9600,1.95,14400,0,187200
NTPC30Jan20122CE.NFO,07/01/2020,09:43:43,1.9,1.9,4800,1.95,14400,0,187200
NTPC30Jan20122CE.NFO,07/01/2020,09:44:17,1.9,1.85,19200,1.95,14400,4800,177600
NTPC30Jan20122CE.NFO,07/01/2020,09:44:23,1.9,1.85,19200,1.95,14400,0,177600
NTPC30Jan20122CE.NFO,07/01/2020,09:44:37,1.9,1.9,4800,1.95,9600,0,177600
NTPC30Jan20122CE.NFO,07/01/2020,09:44:42,1.9,1.85,19200,1.95,14400,0,177600
NTPC30Jan20122CE.NFO,07/01/2020,09:46:08,1.9,1.85,14400,1.95,24000,0,177600
NTPC30Jan20122CE.NFO,07/01/2020,09:46:18,1.9,1.85,9600,1.95,24000,0,177600
NTPC30Jan20122CE.NFO,07/01/2020,09:46:29,1.9,1.85,9600,1.9,14400,0,177600
NTPC30Jan20122CE.NFO,07/01/2020,09:46:41,1.9,1.8,24000,1.9,14400,0,177600
NTPC30Jan20122CE.NFO,07/01/2020,09:46:52,1.9,1.8,24000,1.9,19200,0,177600
NTPC30Jan20122CE.NFO,07/01/2020,09:46:57,1.9,1.8,19200,1.9,14400,0,177600
NTPC30Jan20122CE.NFO,07/01/2020,09:47:03,1.9,1.8,19200,1.9,19200,0,177600
NTPC30Jan20122CE.NFO,07/01/2020,09:47:26,1.9,1.8,19200,1.9,24000,0,177600
NTPC30Jan20122CE.NFO,07/01/2020,09:48:22,1.9,1.8,9600,1.9,28800,0,177600
NTPC30Jan20122CE.NFO,07/01/2020,09:48:28,1.9,1.8,9600,1.9,24000,0,177600
NTPC30Jan20122CE.NFO,07/01/2020,09:48:33,1.9,1.8,4800,1.85,19200,0,177600
NTPC30Jan20122CE.NFO,07/01/2020,09:48:46,1.9,1.75,14400,1.85,24000,0,177600
NTPC30Jan20122CE.NFO,07/01/2020,09:48:58,1.9,1.75,14400,1.85,19200,0,177600
NTPC30Jan20122CE.NFO,07/01/2020,09:49:04,1.9,1.75,14400,1.85,24000,0,177600
NTPC30Jan20122CE.NFO,07/01/2020,09:49:10,1.9,1.8,9600,1.85,9600,0,177600
NTPC30Jan20122CE.NFO,07/01/2020,09:49:44,1.9,1.8,24000,1.9,33600,0,177600
NTPC30Jan20122CE.NFO,07/01/2020,09:50:03,1.9,1.8,24000,1.9,28800,0,177600
NTPC30Jan20122CE.NFO,07/01/2020,09:50:08,1.9,1.8,19200,1.9,19200,0,177600
NTPC30Jan20122CE.NFO,07/01/2020,09:50:56,1.9,1.8,24000,1.9,19200,0,177600
NTPC30Jan20122CE.NFO,07/01/2020,09:52:27,1.9,1.8,24000,1.9,33600,0,177600
NTPC30Jan20122CE.NFO,07/01/2020,09:52:55,1.9,1.8,24000,1.9,14400,0,177600
NTPC30Jan20122CE.NFO,07/01/2020,09:53:12,1.9,1.8,24000,1.9,24000,0,177600
NTPC30Jan20122CE.NFO,07/01/2020,09:53:18,1.9,1.8,24000,1.9,33600,0,177600
NTPC30Jan20122CE.NFO,07/01/2020,09:53:37,1.9,1.8,24000,1.9,38400,0,177600
NTPC30Jan20122CE.NFO,07/01/2020,09:53:48,1.9,1.8,24000,1.9,43200,0,177600
NTPC30Jan20122CE.NFO,07/01/2020,09:54:03,1.9,1.8,24000,1.9,38400,0,177600
NTPC30Jan20122CE.NFO,07/01/2020,09:54:08,1.9,1.8,24000,1.9,43200,0,177600
NTPC30Jan20122CE.NFO,07/01/2020,09:54:14,1.9,1.8,19200,1.85,9600,0,177600
NTPC30Jan20122CE.NFO,07/01/2020,09:54:19,1.9,1.8,28800,1.85,9600,0,177600
NTPC30Jan20122CE.NFO,07/01/2020,09:54:24,1.9,1.8,28800,1.9,48000,0,177600
NTPC30Jan20122CE.NFO,07/01/2020,09:54:30,1.9,1.8,28800,1.9,43200,0,177600
NTPC30Jan20122CE.NFO,07/01/2020,09:54:54,1.9,1.8,28800,1.85,9600,0,177600
NTPC30Jan20122CE.NFO,07/01/2020,09:54:59,1.9,1.8,28800,1.9,48000,0,177600
NTPC30Jan20122CE.NFO,07/01/2020,09:55:11,1.9,1.8,28800,1.9,43200,0,177600
NTPC30Jan20122CE.NFO,07/01/2020,09:55:28,1.9,1.8,28800,1.9,48000,0,177600
NTPC30Jan20122CE.NFO,07/01/2020,09:56:11,1.9,1.8,24000,1.9,43200,0,177600
NTPC30Jan20122CE.NFO,07/01/2020,09:56:18,1.9,1.8,9600,1.85,9600,0,177600
NTPC30Jan20122CE.NFO,07/01/2020,09:56:25,1.9,1.8,28800,1.9,48000,0,177600
NTPC30Jan20122CE.NFO,07/01/2020,09:56:37,1.9,1.8,28800,1.9,52800,0,177600
NTPC30Jan20122CE.NFO,07/01/2020,09:56:42,1.9,1.8,28800,1.9,48000,0,177600
NTPC30Jan20122CE.NFO,07/01/2020,09:57:04,1.9,1.8,28800,1.9,52800,0,177600
NTPC30Jan20122CE.NFO,07/01/2020,09:57:13,1.9,1.8,24000,1.9,48000,0,177600
NTPC30Jan20122CE.NFO,07/01/2020,09:57:25,1.9,1.8,28800,1.9,52800,0,177600
NTPC30Jan20122CE.NFO,07/01/2020,09:57:30,1.9,1.8,19200,1.9,52800,0,177600
NTPC30Jan20122CE.NFO,07/01/2020,09:57:35,1.9,1.8,9600,1.85,9600,0,177600
NTPC30Jan20122CE.NFO,07/01/2020,09:58:07,1.9,1.8,19200,1.9,52800,0,177600
NTPC30Jan20122CE.NFO,07/01/2020,09:58:13,1.9,1.8,19200,1.9,57600,0,177600
NTPC30Jan20122CE.NFO,07/01/2020,09:58:18,1.9,1.8,14400,1.9,52800,0,177600
NTPC30Jan20122CE.NFO,07/01/2020,09:58:23,1.9,1.8,19200,1.9,57600,0,177600
NTPC30Jan20122CE.NFO,07/01/2020,09:58:46,1.9,1.8,19200,1.85,4800,0,177600
NTPC30Jan20122CE.NFO,07/01/2020,09:59:09,1.9,1.75,19200,1.85,33600,0,177600
NTPC30Jan20122CE.NFO,07/01/2020,09:59:15,1.9,1.75,24000,1.85,33600,0,177600
NTPC30Jan20122CE.NFO,07/01/2020,09:59:32,1.9,1.75,19200,1.85,33600,0,177600
NTPC30Jan20122CE.NFO,07/01/2020,09:59:55,1.9,1.75,4800,1.8,19200,0,177600
NTPC30Jan20122CE.NFO,07/01/2020,10:00:11,1.9,1.7,14400,1.8,14400,0,177600
NTPC30Jan20122CE.NFO,07/01/2020,10:01:17,1.9,1.7,14400,1.8,19200,0,177600
NTPC30Jan20122CE.NFO,07/01/2020,10:01:30,1.9,1.7,14400,1.8,24000,0,177600
NTPC30Jan20122CE.NFO,07/01/2020,10:01:58,1.9,1.75,4800,1.8,14400,0,177600
NTPC30Jan20122CE.NFO,07/01/2020,10:02:04,1.9,1.75,9600,1.85,33600,0,177600
NTPC30Jan20122CE.NFO,07/01/2020,10:02:49,1.9,1.75,9600,1.85,28800,0,177600
NTPC30Jan20122CE.NFO,07/01/2020,10:02:55,1.9,1.75,9600,1.85,33600,0,177600
NTPC30Jan20122CE.NFO,07/01/2020,10:03:00,1.9,1.75,9600,1.85,28800,0,177600
NTPC30Jan20122CE.NFO,07/01/2020,10:03:24,1.9,1.75,9600,1.85,14400,0,177600
NTPC30Jan20122CE.NFO,07/01/2020,10:03:44,1.9,1.75,9600,1.85,19200,0,177600
NTPC30Jan20122CE.NFO,07/01/2020,10:03:50,1.9,1.75,9600,1.85,33600,0,177600
NTPC30Jan20122CE.NFO,07/01/2020,10:04:02,1.9,1.75,9600,1.8,9600,0,177600
NTPC30Jan20122CE.NFO,07/01/2020,10:04:38,1.9,1.75,9600,1.85,24000,0,177600
NTPC30Jan20122CE.NFO,07/01/2020,10:04:43,1.9,1.75,9600,1.85,19200,0,177600
NTPC30Jan20122CE.NFO,07/01/2020,10:04:48,1.9,1.75,9600,1.85,28800,0,177600
NTPC30Jan20122CE.NFO,07/01/2020,10:04:54,1.9,1.75,9600,1.85,24000,0,177600
NTPC30Jan20122CE.NFO,07/01/2020,10:04:59,1.9,1.75,19200,1.85,28800,0,177600
NTPC30Jan20122CE.NFO,07/01/2020,10:05:04,1.9,1.75,19200,1.85,14400,0,177600
NTPC30Jan20122CE.NFO,07/01/2020,10:05:10,1.9,1.75,19200,1.85,19200,0,177600
NTPC30Jan20122CE.NFO,07/01/2020,10:05:23,1.9,1.75,9600,1.85,19200,0,177600
NTPC30Jan20122CE.NFO,07/01/2020,10:06:29,1.9,1.8,19200,1.85,19200,0,177600
NTPC30Jan20122CE.NFO,07/01/2020,10:06:44,1.9,1.8,9600,1.85,19200,0,177600
NTPC30Jan20122CE.NFO,07/01/2020,10:07:33,1.9,1.8,19200,1.85,19200,0,177600
NTPC30Jan20122CE.NFO,07/01/2020,10:08:48,1.9,1.8,28800,1.85,14400,0,177600
NTPC30Jan20122CE.NFO,07/01/2020,10:09:31,1.9,1.8,28800,1.85,4800,0,177600
NTPC30Jan20122CE.NFO,07/01/2020,10:09:37,1.9,1.8,19200,1.85,19200,0,177600
NTPC30Jan20122CE.NFO,07/01/2020,10:09:46,1.9,1.8,28800,1.85,14400,0,177600
NTPC30Jan20122CE.NFO,07/01/2020,10:09:56,1.9,1.8,28800,1.85,4800,0,177600
NTPC30Jan20122CE.NFO,07/01/2020,10:10:10,1.85,1.8,28800,1.9,24000,4800,172800
NTPC30Jan20122CE.NFO,07/01/2020,10:10:46,1.85,1.8,33600,1.9,14400,0,172800
NTPC30Jan20122CE.NFO,07/01/2020,10:10:56,1.85,1.8,33600,1.9,24000,0,172800
NTPC30Jan20122CE.NFO,07/01/2020,10:11:00,1.85,1.85,57600,1.9,14400,0,172800
NTPC30Jan20122CE.NFO,07/01/2020,10:11:05,1.9,1.9,33600,2,48000,14400,172800
NTPC30Jan20122CE.NFO,07/01/2020,10:11:10,1.9,1.9,33600,1.95,9600,0,172800
NTPC30Jan20122CE.NFO,07/01/2020,10:11:15,1.9,1.9,33600,2,38400,0,172800
NTPC30Jan20122CE.NFO,07/01/2020,10:11:32,1.9,1.9,38400,2,19200,0,172800
NTPC30Jan20122CE.NFO,07/01/2020,10:11:37,1.9,1.95,19200,2,33600,0,172800
NTPC30Jan20122CE.NFO,07/01/2020,10:11:43,1.9,1.95,24000,2,33600,0,172800
NTPC30Jan20122CE.NFO,07/01/2020,10:11:49,1.9,1.95,9600,2,33600,0,172800
NTPC30Jan20122CE.NFO,07/01/2020,10:12:01,1.9,1.95,19200,2,33600,0,172800
NTPC30Jan20122CE.NFO,07/01/2020,10:12:13,1.9,1.95,33600,2,24000,0,172800
NTPC30Jan20122CE.NFO,07/01/2020,10:12:28,1.9,1.95,33600,2,4800,0,172800
NTPC30Jan20122CE.NFO,07/01/2020,10:12:45,1.9,1.95,33600,2.05,9600,0,172800
NTPC30Jan20122CE.NFO,07/01/2020,10:13:01,1.9,1.95,38400,2.05,9600,0,172800
NTPC30Jan20122CE.NFO,07/01/2020,10:13:07,1.9,1.95,33600,2.05,4800,0,172800
NTPC30Jan20122CE.NFO,07/01/2020,10:13:13,1.9,1.95,38400,2.05,9600,0,172800
NTPC30Jan20122CE.NFO,07/01/2020,10:13:32,1.9,1.95,38400,2.05,14400,0,172800
NTPC30Jan20122CE.NFO,07/01/2020,10:13:55,1.9,2,28800,2.05,4800,0,172800
NTPC30Jan20122CE.NFO,07/01/2020,10:14:16,2.05,2.05,24000,2.1,4800,4800,158400
NTPC30Jan20122CE.NFO,07/01/2020,10:14:16,2.05,2.05,24000,2.1,4800,0,158400
NTPC30Jan20122CE.NFO,07/01/2020,10:14:22,2.05,2.05,14400,2.1,4800,0,158400
NTPC30Jan20122CE.NFO,07/01/2020,10:14:28,2.05,2,38400,2.1,9600,0,158400
NTPC30Jan20122CE.NFO,07/01/2020,10:14:33,2.05,2,33600,2.1,9600,0,158400
NTPC30Jan20122CE.NFO,07/01/2020,10:15:02,2.05,2,28800,2.1,9600,0,158400
NTPC30Jan20122CE.NFO,07/01/2020,10:15:08,2.05,2,24000,2.1,9600,0,158400
NTPC30Jan20122CE.NFO,07/01/2020,10:15:13,2.05,2,28800,2.1,9600,0,158400
NTPC30Jan20122CE.NFO,07/01/2020,10:16:19,2.1,2,28800,2.1,9600,4800,153600
NTPC30Jan20122CE.NFO,07/01/2020,10:16:19,2.1,2,28800,2.1,9600,0,153600
NTPC30Jan20122CE.NFO,07/01/2020,10:16:23,2.1,2,28800,2.1,9600,0,153600
NTPC30Jan20122CE.NFO,07/01/2020,10:17:21,2.1,2.05,19200,2.1,4800,0,153600
NTPC30Jan20122CE.NFO,07/01/2020,10:17:30,2.1,2.05,19200,2.1,9600,0,153600
NTPC30Jan20122CE.NFO,07/01/2020,10:17:36,2.1,2.05,14400,2.1,9600,0,153600
NTPC30Jan20122CE.NFO,07/01/2020,10:17:45,2.1,2.1,4800,2.15,9600,0,153600
NTPC30Jan20122CE.NFO,07/01/2020,10:18:09,2.1,2.05,24000,2.15,4800,4800,158400
NTPC30Jan20122CE.NFO,07/01/2020,10:18:13,2.1,2.05,24000,2.15,4800,0,158400
NTPC30Jan20122CE.NFO,07/01/2020,10:18:24,2.15,2.05,24000,2.15,9600,4800,158400
NTPC30Jan20122CE.NFO,07/01/2020,10:18:24,2.15,2.05,24000,2.15,9600,0,158400
NTPC30Jan20122CE.NFO,07/01/2020,10:18:32,2.15,2.05,24000,2.15,4800,0,158400
NTPC30Jan20122CE.NFO,07/01/2020,10:18:57,2.15,2.05,24000,2.15,14400,0,158400
NTPC30Jan20122CE.NFO,07/01/2020,10:19:01,2.15,2.05,28800,2.15,14400,0,158400
NTPC30Jan20122CE.NFO,07/01/2020,10:19:06,2.15,2.05,28800,2.15,9600,0,158400
NTPC30Jan20122CE.NFO,07/01/2020,10:19:09,2.15,2.05,24000,2.15,9600,0,158400
NTPC30Jan20122CE.NFO,07/01/2020,10:20:06,2.15,2.05,14400,2.15,9600,0,158400
NTPC30Jan20122CE.NFO,07/01/2020,10:20:11,2.15,2.05,24000,2.15,9600,0,158400
NTPC30Jan20122CE.NFO,07/01/2020,10:20:21,2.15,2,28800,2.15,9600,0,158400
NTPC30Jan20122CE.NFO,07/01/2020,10:20:25,2.15,2.05,28800,2.2,19200,0,158400
NTPC30Jan20122CE.NFO,07/01/2020,10:20:35,2.15,2.05,33600,2.15,9600,0,158400
NTPC30Jan20122CE.NFO,07/01/2020,10:20:39,2.15,2.05,28800,2.15,9600,0,158400
NTPC30Jan20122CE.NFO,07/01/2020,10:20:55,2.15,2.1,33600,2.2,19200,0,158400
NTPC30Jan20122CE.NFO,07/01/2020,10:21:24,2.15,2.15,14400,2.2,4800,0,158400
NTPC30Jan20122CE.NFO,07/01/2020,10:21:29,2.2,2.15,33600,2.25,24000,4800,158400
NTPC30Jan20122CE.NFO,07/01/2020,10:21:29,2.2,2.15,33600,2.25,24000,0,158400
NTPC30Jan20122CE.NFO,07/01/2020,10:22:10,2.2,2.1,38400,2.2,4800,0,158400
NTPC30Jan20122CE.NFO,07/01/2020,10:22:20,2.2,2.1,9600,2.15,9600,0,158400
NTPC30Jan20122CE.NFO,07/01/2020,10:22:28,2.2,2.05,38400,2.15,9600,0,158400
NTPC30Jan20122CE.NFO,07/01/2020,10:24:19,2.2,2.05,28800,2.15,9600,0,158400
NTPC30Jan20122CE.NFO,07/01/2020,10:24:23,2.2,2.05,33600,2.15,9600,0,158400
NTPC30Jan20122CE.NFO,07/01/2020,10:24:27,2.2,2.05,33600,2.15,4800,0,158400
NTPC30Jan20122CE.NFO,07/01/2020,10:24:34,2.2,2.05,33600,2.2,4800,0,158400
NTPC30Jan20122CE.NFO,07/01/2020,10:24:42,2.2,2.1,24000,2.2,4800,0,158400
NTPC30Jan20122CE.NFO,07/01/2020,10:24:46,2.2,2.1,38400,2.2,4800,0,158400
NTPC30Jan20122CE.NFO,07/01/2020,10:25:44,2.2,2.1,33600,2.2,4800,0,158400
NTPC30Jan20122CE.NFO,07/01/2020,10:25:49,2.1,2.05,33600,2.15,9600,4800,158400
NTPC30Jan20122CE.NFO,07/01/2020,10:25:55,2.1,2.05,33600,2.15,38400,0,158400
NTPC30Jan20122CE.NFO,07/01/2020,10:25:59,2.1,2.05,28800,2.15,38400,0,158400
NTPC30Jan20122CE.NFO,07/01/2020,10:26:09,2.1,2.1,4800,2.15,38400,0,158400
NTPC30Jan20122CE.NFO,07/01/2020,10:26:26,2.1,2.1,14400,2.15,38400,0,158400
NTPC30Jan20122CE.NFO,07/01/2020,10:26:41,2.1,2.1,4800,2.15,33600,0,158400
NTPC30Jan20122CE.NFO,07/01/2020,10:26:49,2.1,2.1,19200,2.15,14400,0,158400
NTPC30Jan20122CE.NFO,07/01/2020,10:26:53,2.1,2.1,43200,2.2,33600,0,158400
NTPC30Jan20122CE.NFO,07/01/2020,10:26:58,2.1,2.1,38400,2.2,33600,0,158400
NTPC30Jan20122CE.NFO,07/01/2020,10:27:02,2.1,2.1,14400,2.15,14400,0,158400
NTPC30Jan20122CE.NFO,07/01/2020,10:27:11,2.1,2.1,28800,2.2,38400,0,158400
NTPC30Jan20122CE.NFO,07/01/2020,10:27:15,2.1,2.1,38400,2.2,38400,0,158400
NTPC30Jan20122CE.NFO,07/01/2020,10:27:23,2.1,2.1,33600,2.2,38400,0,158400
NTPC30Jan20122CE.NFO,07/01/2020,10:27:31,2.1,2.1,4800,2.15,33600,0,158400
NTPC30Jan20122CE.NFO,07/01/2020,10:27:52,2.1,2.05,28800,2.15,38400,4800,153600
NTPC30Jan20122CE.NFO,07/01/2020,10:27:56,2.1,2.05,14400,2.1,14400,0,153600
NTPC30Jan20122CE.NFO,07/01/2020,10:28:09,2.1,2.05,19200,2.1,4800,0,153600
NTPC30Jan20122CE.NFO,07/01/2020,10:28:19,2.1,2.05,14400,2.1,14400,0,153600
NTPC30Jan20122CE.NFO,07/01/2020,10:28:23,2.1,2.05,19200,2.1,4800,0,153600
NTPC30Jan20122CE.NFO,07/01/2020,10:28:28,2.1,2.05,9600,2.1,38400,0,153600
NTPC30Jan20122CE.NFO,07/01/2020,10:28:32,2.1,2.05,14400,2.1,14400,0,153600
NTPC30Jan20122CE.NFO,07/01/2020,10:28:37,2.1,2.05,14400,2.1,4800,0,153600
NTPC30Jan20122CE.NFO,07/01/2020,10:28:50,2.1,2.05,14400,2.1,9600,0,153600
NTPC30Jan20122CE.NFO,07/01/2020,10:28:53,2.1,2.05,19200,2.15,43200,0,153600
NTPC30Jan20122CE.NFO,07/01/2020,10:29:04,2.1,2.05,9600,2.1,19200,0,153600
NTPC30Jan20122CE.NFO,07/01/2020,10:29:10,2.1,2.05,4800,2.1,38400,0,153600
NTPC30Jan20122CE.NFO,07/01/2020,10:29:14,2.1,2.05,14400,2.1,28800,9600,153600
NTPC30Jan20122CE.NFO,07/01/2020,10:29:33,2.1,2.05,24000,2.1,4800,0,153600
NTPC30Jan20122CE.NFO,07/01/2020,10:29:37,2.1,2.05,4800,2.1,33600,0,153600
NTPC30Jan20122CE.NFO,07/01/2020,10:30:23,2.1,2,24000,2.1,33600,0,153600
NTPC30Jan20122CE.NFO,07/01/2020,10:30:42,2.1,2,24000,2.1,38400,0,153600
NTPC30Jan20122CE.NFO,07/01/2020,10:30:52,2.1,2,24000,2.1,33600,0,153600
NTPC30Jan20122CE.NFO,07/01/2020,10:31:00,2.1,2,28800,2.05,9600,0,153600
NTPC30Jan20122CE.NFO,07/01/2020,10:31:08,2.1,2,28800,2.05,33600,0,153600
NTPC30Jan20122CE.NFO,07/01/2020,10:31:29,2.1,2,4800,2.05,38400,0,153600
NTPC30Jan20122CE.NFO,07/01/2020,10:32:42,2.1,2,28800,2.05,9600,0,153600
NTPC30Jan20122CE.NFO,07/01/2020,10:32:47,2.05,2.05,24000,2.1,9600,24000,168000
NTPC30Jan20122CE.NFO,07/01/2020,10:32:52,2.05,2.05,19200,2.15,28800,4800,168000
NTPC30Jan20122CE.NFO,07/01/2020,10:33:26,2.05,2.05,19200,2.15,28800,0,168000
NTPC30Jan20122CE.NFO,07/01/2020,10:33:30,2.05,2.05,14400,2.15,28800,0,168000
NTPC30Jan20122CE.NFO,07/01/2020,10:33:33,2.05,2.05,14400,2.15,9600,0,168000
NTPC30Jan20122CE.NFO,07/01/2020,10:34:21,2.05,2.1,14400,2.15,9600,0,168000
NTPC30Jan20122CE.NFO,07/01/2020,10:34:26,2.05,2.1,14400,2.2,33600,0,168000
NTPC30Jan20122CE.NFO,07/01/2020,10:34:57,2.05,2.1,14400,2.2,38400,0,168000
NTPC30Jan20122CE.NFO,07/01/2020,10:35:11,2.1,2.05,14400,2.2,43200,9600,168000
NTPC30Jan20122CE.NFO,07/01/2020,10:35:18,2.1,2.05,14400,2.2,38400,0,168000
NTPC30Jan20122CE.NFO,07/01/2020,10:35:23,2.1,2.05,14400,2.2,43200,0,168000
NTPC30Jan20122CE.NFO,07/01/2020,10:36:05,2.1,2.05,14400,2.15,9600,0,168000
NTPC30Jan20122CE.NFO,07/01/2020,10:36:09,2.1,2.05,19200,2.15,9600,0,168000
NTPC30Jan20122CE.NFO,07/01/2020,10:36:23,2.1,2.05,19200,2.15,14400,0,168000
NTPC30Jan20122CE.NFO,07/01/2020,10:36:26,2.1,2.05,28800,2.15,14400,0,168000
NTPC30Jan20122CE.NFO,07/01/2020,10:36:30,2.1,2.05,33600,2.15,33600,0,168000
NTPC30Jan20122CE.NFO,07/01/2020,10:36:54,2.1,2.1,38400,2.2,33600,0,168000
NTPC30Jan20122CE.NFO,07/01/2020,10:36:57,2.1,2.1,38400,2.2,9600,0,168000
NTPC30Jan20122CE.NFO,07/01/2020,10:37:06,2.1,2.15,14400,2.2,14400,0,168000
NTPC30Jan20122CE.NFO,07/01/2020,10:37:09,2.1,2.15,14400,2.2,24000,0,168000
NTPC30Jan20122CE.NFO,07/01/2020,10:37:16,2.1,2.1,24000,2.2,48000,0,168000
NTPC30Jan20122CE.NFO,07/01/2020,10:37:20,2.1,2.1,14400,2.15,24000,0,168000
NTPC30Jan20122CE.NFO,07/01/2020,10:37:34,2.1,2.1,24000,2.15,24000,0,168000
NTPC30Jan20122CE.NFO,07/01/2020,10:37:37,2.1,2.05,24000,2.15,43200,0,168000
NTPC30Jan20122CE.NFO,07/01/2020,10:37:42,2.1,2.1,9600,2.15,43200,0,168000
NTPC30Jan20122CE.NFO,07/01/2020,10:37:49,2.1,2.1,19200,2.15,24000,0,168000
NTPC30Jan20122CE.NFO,07/01/2020,10:37:56,2.1,2.1,28800,2.15,24000,0,168000
NTPC30Jan20122CE.NFO,07/01/2020,10:38:00,2.1,2.1,19200,2.15,43200,0,168000
NTPC30Jan20122CE.NFO,07/01/2020,10:38:07,2.1,2.1,9600,2.15,43200,0,168000
NTPC30Jan20122CE.NFO,07/01/2020,10:38:26,2.1,2.1,4800,2.15,43200,0,168000
NTPC30Jan20122CE.NFO,07/01/2020,10:38:32,2.1,2.1,9600,2.15,43200,0,168000
NTPC30Jan20122CE.NFO,07/01/2020,10:38:59,2.1,2.1,4800,2.15,43200,0,168000
NTPC30Jan20122CE.NFO,07/01/2020,10:39:21,2.1,2.05,24000,2.1,4800,4800,158400
NTPC30Jan20122CE.NFO,07/01/2020,10:39:38,2.1,2,28800,2.1,33600,0,158400
NTPC30Jan20122CE.NFO,07/01/2020,10:39:42,2.1,2.05,14400,2.1,33600,0,158400
NTPC30Jan20122CE.NFO,07/01/2020,10:39:46,2.1,2.05,19200,2.1,4800,0,158400
NTPC30Jan20122CE.NFO,07/01/2020,10:39:49,2.1,2.05,19200,2.1,9600,0,158400
NTPC30Jan20122CE.NFO,07/01/2020,10:41:24,2.1,2.05,19200,2.15,4800,0,158400
NTPC30Jan20122CE.NFO,07/01/2020,10:41:30,2.1,2.05,19200,2.15,24000,0,158400
NTPC30Jan20122CE.NFO,07/01/2020,10:41:36,2.1,2.05,24000,2.15,33600,0,158400
NTPC30Jan20122CE.NFO,07/01/2020,10:41:47,2.1,2.05,24000,2.2,33600,0,158400
NTPC30Jan20122CE.NFO,07/01/2020,10:41:54,2.1,2.05,24000,2.2,28800,0,158400
NTPC30Jan20122CE.NFO,07/01/2020,10:42:02,2.1,2.15,24000,2.25,33600,0,158400
NTPC30Jan20122CE.NFO,07/01/2020,10:42:07,2.15,2.1,28800,2.2,33600,4800,168000
NTPC30Jan20122CE.NFO,07/01/2020,10:42:17,2.15,2.1,28800,2.25,38400,0,168000
NTPC30Jan20122CE.NFO,07/01/2020,10:43:03,2.15,2.1,28800,2.2,28800,0,168000
NTPC30Jan20122CE.NFO,07/01/2020,10:43:56,2.15,2.1,28800,2.2,19200,0,168000
NTPC30Jan20122CE.NFO,07/01/2020,10:44:20,2.15,2.1,33600,2.2,24000,0,168000
NTPC30Jan20122CE.NFO,07/01/2020,10:44:59,2.15,2.1,48000,2.25,33600,0,168000
NTPC30Jan20122CE.NFO,07/01/2020,10:45:43,2.15,2.1,33600,2.25,38400,0,168000
NTPC30Jan20122CE.NFO,07/01/2020,10:46:00,2.15,2.1,38400,2.25,38400,0,168000
NTPC30Jan20122CE.NFO,07/01/2020,10:46:14,2.15,2.1,52800,2.25,52800,0,168000
NTPC30Jan20122CE.NFO,07/01/2020,10:47:14,2.15,2.1,38400,2.25,52800,0,168000
NTPC30Jan20122CE.NFO,07/01/2020,10:47:19,2.15,2.1,38400,2.25,33600,0,168000
NTPC30Jan20122CE.NFO,07/01/2020,10:47:43,2.15,2.15,9600,2.25,28800,0,168000
NTPC30Jan20122CE.NFO,07/01/2020,10:47:47,2.15,2.2,14400,2.3,38400,0,168000
NTPC30Jan20122CE.NFO,07/01/2020,10:47:54,2.15,2.2,28800,2.3,33600,0,168000
NTPC30Jan20122CE.NFO,07/01/2020,10:47:58,2.15,2.2,28800,2.25,14400,0,168000
NTPC30Jan20122CE.NFO,07/01/2020,10:48:02,2.15,2.2,14400,2.25,19200,0,168000
NTPC30Jan20122CE.NFO,07/01/2020,10:48:28,2.15,2.2,4800,2.25,19200,0,168000
NTPC30Jan20122CE.NFO,07/01/2020,10:48:57,2.15,2.15,28800,2.25,28800,0,168000
NTPC30Jan20122CE.NFO,07/01/2020,10:49:11,2.15,2.15,28800,2.25,19200,0,168000
NTPC30Jan20122CE.NFO,07/01/2020,10:49:24,2.15,2.2,24000,2.25,14400,0,168000
NTPC30Jan20122CE.NFO,07/01/2020,10:49:31,2.15,2.2,24000,2.3,33600,0,168000
NTPC30Jan20122CE.NFO,07/01/2020,10:49:53,2.15,2.2,28800,2.3,43200,0,168000
NTPC30Jan20122CE.NFO,07/01/2020,10:50:04,2.15,2.15,28800,2.25,4800,0,168000
NTPC30Jan20122CE.NFO,07/01/2020,10:50:09,2.15,2.15,48000,2.25,4800,0,168000
NTPC30Jan20122CE.NFO,07/01/2020,10:50:14,2.15,2.15,24000,2.25,19200,0,168000
NTPC30Jan20122CE.NFO,07/01/2020,10:50:20,2.15,2.15,14400,2.25,19200,0,168000
NTPC30Jan20122CE.NFO,07/01/2020,10:50:41,2.15,2.15,28800,2.25,9600,0,168000
NTPC30Jan20122CE.NFO,07/01/2020,10:50:46,2.15,2.15,28800,2.25,14400,0,168000
NTPC30Jan20122CE.NFO,07/01/2020,10:50:55,2.15,2.15,28800,2.25,9600,0,168000
NTPC30Jan20122CE.NFO,07/01/2020,10:50:59,2.15,2.15,28800,2.25,14400,0,168000
NTPC30Jan20122CE.NFO,07/01/2020,10:51:15,2.15,2.15,28800,2.25,9600,0,168000
NTPC30Jan20122CE.NFO,07/01/2020,10:51:23,2.15,2.2,33600,2.3,4800,0,168000
NTPC30Jan20122CE.NFO,07/01/2020,10:51:27,2.15,2.25,24000,2.35,9600,0,168000
NTPC30Jan20122CE.NFO,07/01/2020,10:51:31,2.15,2.25,24000,2.35,24000,0,168000
NTPC30Jan20122CE.NFO,07/01/2020,10:51:38,2.15,2.25,24000,2.35,9600,0,168000
NTPC30Jan20122CE.NFO,07/01/2020,10:52:00,2.15,2.25,24000,2.35,14400,0,168000
NTPC30Jan20122CE.NFO,07/01/2020,10:52:04,2.15,2.25,9600,2.3,9600,0,168000
NTPC30Jan20122CE.NFO,07/01/2020,10:52:07,2.15,2.25,24000,2.35,9600,0,168000
NTPC30Jan20122CE.NFO,07/01/2020,10:52:12,2.15,2.25,19200,2.35,33600,0,168000
NTPC30Jan20122CE.NFO,07/01/2020,10:52:22,2.15,2.2,28800,2.3,9600,0,168000
NTPC30Jan20122CE.NFO,07/01/2020,10:52:47,2.15,2.25,9600,2.3,9600,0,168000
NTPC30Jan20122CE.NFO,07/01/2020,10:52:51,2.15,2.2,24000,2.3,14400,0,168000
NTPC30Jan20122CE.NFO,07/01/2020,10:53:14,2.15,2.2,19200,2.3,24000,0,168000
NTPC30Jan20122CE.NFO,07/01/2020,10:53:32,2.15,2.15,24000,2.25,14400,0,168000
NTPC30Jan20122CE.NFO,07/01/2020,10:54:08,2.15,2.1,38400,2.2,9600,0,168000
NTPC30Jan20122CE.NFO,07/01/2020,10:54:30,2.15,2.1,24000,2.2,14400,0,168000
NTPC30Jan20122CE.NFO,07/01/2020,10:54:44,2.15,2.1,24000,2.2,9600,0,168000
NTPC30Jan20122CE.NFO,07/01/2020,10:54:49,2.15,2.1,24000,2.2,14400,0,168000
NTPC30Jan20122CE.NFO,07/01/2020,10:54:54,2.15,2.1,24000,2.2,9600,0,168000
NTPC30Jan20122CE.NFO,07/01/2020,10:55:02,2.15,2.1,28800,2.25,28800,0,168000
NTPC30Jan20122CE.NFO,07/01/2020,10:55:07,2.15,2.1,33600,2.25,43200,0,168000
NTPC30Jan20122CE.NFO,07/01/2020,10:55:11,2.15,2.1,33600,2.2,4800,0,168000
NTPC30Jan20122CE.NFO,07/01/2020,10:55:16,2.15,2.1,24000,2.2,28800,0,168000
NTPC30Jan20122CE.NFO,07/01/2020,10:55:24,2.15,2.05,24000,2.15,24000,0,168000
NTPC30Jan20122CE.NFO,07/01/2020,10:56:43,2.15,2.05,28800,2.15,24000,0,168000
NTPC30Jan20122CE.NFO,07/01/2020,10:56:48,2.15,2.05,24000,2.15,24000,0,168000
NTPC30Jan20122CE.NFO,07/01/2020,10:56:52,2.15,2.05,28800,2.15,24000,0,168000
NTPC30Jan20122CE.NFO,07/01/2020,10:57:05,2.15,2.05,28800,2.15,19200,0,168000
NTPC30Jan20122CE.NFO,07/01/2020,10:57:23,2.15,2,33600,2.1,28800,0,168000
NTPC30Jan20122CE.NFO,07/01/2020,10:58:17,2.15,2,28800,2.1,28800,0,168000
NTPC30Jan20122CE.NFO,07/01/2020,10:58:23,2.15,2,24000,2.1,28800,0,168000
NTPC30Jan20122CE.NFO,07/01/2020,10:58:51,2.15,2,28800,2.1,28800,0,168000
NTPC30Jan20122CE.NFO,07/01/2020,10:59:08,2.15,2.05,14400,2.1,4800,0,168000
NTPC30Jan20122CE.NFO,07/01/2020,10:59:18,2.15,2.05,19200,2.15,33600,0,168000
NTPC30Jan20122CE.NFO,07/01/2020,10:59:23,2.15,2.05,14400,2.1,4800,0,168000
NTPC30Jan20122CE.NFO,07/01/2020,10:59:33,2.15,2.05,14400,2.1,19200,0,168000
NTPC30Jan20122CE.NFO,07/01/2020,10:59:39,2.15,2.05,24000,2.15,28800,0,168000
NTPC30Jan20122CE.NFO,07/01/2020,10:59:51,2.15,2.05,28800,2.15,28800,0,168000
NTPC30Jan20122CE.NFO,07/01/2020,10:59:56,2.15,2.05,28800,2.15,14400,0,168000
NTPC30Jan20122CE.NFO,07/01/2020,11:00:07,2.15,2.05,28800,2.15,28800,0,168000
NTPC30Jan20122CE.NFO,07/01/2020,11:00:13,2.15,2.05,28800,2.15,14400,0,168000
NTPC30Jan20122CE.NFO,07/01/2020,11:00:20,2.15,2.05,24000,2.15,14400,0,168000
NTPC30Jan20122CE.NFO,07/01/2020,11:00:27,2.15,2.05,28800,2.15,14400,0,168000
NTPC30Jan20122CE.NFO,07/01/2020,11:01:02,2.15,2.05,19200,2.15,14400,0,168000
NTPC30Jan20122CE.NFO,07/01/2020,11:01:10,2.15,2,28800,2.1,19200,0,168000
NTPC30Jan20122CE.NFO,07/01/2020,11:01:47,2.15,2.05,9600,2.15,24000,0,168000
NTPC30Jan20122CE.NFO,07/01/2020,11:01:55,2.15,2.05,19200,2.15,19200,0,168000
NTPC30Jan20122CE.NFO,07/01/2020,11:02:23,2.15,2,38400,2.1,14400,0,168000
NTPC30Jan20122CE.NFO,07/01/2020,11:02:30,2.15,2,38400,2.1,9600,0,168000
NTPC30Jan20122CE.NFO,07/01/2020,11:02:49,2.15,2.05,9600,2.15,24000,0,168000
NTPC30Jan20122CE.NFO,07/01/2020,11:02:56,2.15,2.05,24000,2.15,14400,0,168000
NTPC30Jan20122CE.NFO,07/01/2020,11:03:09,2.15,2.05,9600,2.1,4800,0,168000
NTPC30Jan20122CE.NFO,07/01/2020,11:03:22,2.15,2.05,14400,2.1,4800,0,168000
NTPC30Jan20122CE.NFO,07/01/2020,11:03:48,2.1,2.1,9600,2.15,9600,4800,158400
NTPC30Jan20122CE.NFO,07/01/2020,11:04:15,2.1,2,38400,2.1,4800,9600,158400
NTPC30Jan20122CE.NFO,07/01/2020,11:04:27,2.1,2,38400,2.1,4800,0,158400
NTPC30Jan20122CE.NFO,07/01/2020,11:04:33,2.1,2,33600,2.1,4800,0,158400
NTPC30Jan20122CE.NFO,07/01/2020,11:04:40,2.1,2,33600,2.1,9600,0,158400
NTPC30Jan20122CE.NFO,07/01/2020,11:04:55,2.1,2,33600,2.1,4800,0,158400
NTPC30Jan20122CE.NFO,07/01/2020,11:05:15,2.1,2,33600,2.15,9600,0,158400
NTPC30Jan20122CE.NFO,07/01/2020,11:05:22,2.1,2,33600,2.1,4800,0,158400
NTPC30Jan20122CE.NFO,07/01/2020,11:05:28,2.1,1.95,24000,2.1,19200,0,158400
NTPC30Jan20122CE.NFO,07/01/2020,11:05:41,2.1,1.95,19200,2.1,19200,0,158400
NTPC30Jan20122CE.NFO,07/01/2020,11:05:54,2.1,1.95,24000,2.1,19200,0,158400
NTPC30Jan20122CE.NFO,07/01/2020,11:06:44,2.1,1.95,24000,2.05,14400,0,158400
NTPC30Jan20122CE.NFO,07/01/2020,11:07:06,2.05,1.95,24000,2.05,9600,4800,158400
NTPC30Jan20122CE.NFO,07/01/2020,11:07:11,2.05,2,4800,2.05,9600,0,158400
NTPC30Jan20122CE.NFO,07/01/2020,11:07:32,2.05,2,4800,2.05,14400,0,158400
NTPC30Jan20122CE.NFO,07/01/2020,11:07:37,2.05,2,4800,2.05,9600,0,158400
NTPC30Jan20122CE.NFO,07/01/2020,11:09:19,2,1.95,24000,2.05,9600,4800,163200
NTPC30Jan20122CE.NFO,07/01/2020,11:11:24,2,2,4800,2.05,14400,0,163200
NTPC30Jan20122CE.NFO,07/01/2020,11:14:23,2,1.95,19200,2.05,14400,4800,163200
NTPC30Jan20122CE.NFO,07/01/2020,11:14:27,2,1.95,19200,2.05,14400,0,163200
NTPC30Jan20122CE.NFO,07/01/2020,11:14:46,2,1.95,24000,2.05,14400,0,163200
NTPC30Jan20122CE.NFO,07/01/2020,11:15:08,2,1.95,28800,2.05,14400,0,163200
NTPC30Jan20122CE.NFO,07/01/2020,11:15:25,2,1.95,9600,2,9600,0,163200
NTPC30Jan20122CE.NFO,07/01/2020,11:15:31,2,1.95,14400,2,9600,0,163200
NTPC30Jan20122CE.NFO,07/01/2020,11:15:53,2,1.95,14400,2,4800,0,163200
NTPC30Jan20122CE.NFO,07/01/2020,11:15:58,2,1.95,19200,2.05,14400,0,163200
NTPC30Jan20122CE.NFO,07/01/2020,11:16:03,2,1.95,19200,2.05,9600,0,163200
NTPC30Jan20122CE.NFO,07/01/2020,11:16:15,2,1.9,28800,2.05,14400,0,163200
NTPC30Jan20122CE.NFO,07/01/2020,11:16:21,2,1.9,28800,2,9600,0,163200
NTPC30Jan20122CE.NFO,07/01/2020,11:16:33,2,1.95,4800,2,9600,0,163200
NTPC30Jan20122CE.NFO,07/01/2020,11:16:38,2,1.95,14400,2,9600,0,163200
NTPC30Jan20122CE.NFO,07/01/2020,11:16:42,2,1.95,24000,2,4800,0,163200
NTPC30Jan20122CE.NFO,07/01/2020,11:16:47,2,1.95,14400,2.05,14400,0,163200
NTPC30Jan20122CE.NFO,07/01/2020,11:16:54,2,1.9,9600,2,9600,0,163200
NTPC30Jan20122CE.NFO,07/01/2020,11:17:04,2,1.9,24000,2,9600,0,163200
NTPC30Jan20122CE.NFO,07/01/2020,11:17:09,2,1.9,28800,2,9600,0,163200
NTPC30Jan20122CE.NFO,07/01/2020,11:17:14,2,1.9,24000,2,9600,0,163200
NTPC30Jan20122CE.NFO,07/01/2020,11:17:31,2,1.9,19200,2,9600,0,163200
NTPC30Jan20122CE.NFO,07/01/2020,11:17:43,2,1.9,28800,2,9600,0,163200
NTPC30Jan20122CE.NFO,07/01/2020,11:17:49,2,1.9,24000,2,9600,0,163200
NTPC30Jan20122CE.NFO,07/01/2020,11:18:51,2,1.9,28800,2,9600,0,163200
NTPC30Jan20122CE.NFO,07/01/2020,11:18:57,2,1.9,24000,2,9600,0,163200
NTPC30Jan20122CE.NFO,07/01/2020,11:19:22,2,1.85,33600,2,14400,0,163200
NTPC30Jan20122CE.NFO,07/01/2020,11:19:30,2,1.85,28800,1.95,28800,0,163200
NTPC30Jan20122CE.NFO,07/01/2020,11:19:42,2,1.9,9600,1.95,14400,0,163200
NTPC30Jan20122CE.NFO,07/01/2020,11:19:57,2,1.85,28800,1.95,14400,0,163200
NTPC30Jan20122CE.NFO,07/01/2020,11:20:18,2,1.9,28800,1.95,4800,0,163200
NTPC30Jan20122CE.NFO,07/01/2020,11:20:23,2,1.9,28800,2,9600,0,163200
NTPC30Jan20122CE.NFO,07/01/2020,11:20:34,2,1.95,9600,2,4800,0,163200
NTPC30Jan20122CE.NFO,07/01/2020,11:20:50,2,1.95,24000,2.05,14400,4800,163200
NTPC30Jan20122CE.NFO,07/01/2020,11:20:56,2,1.9,28800,2.05,14400,0,163200
NTPC30Jan20122CE.NFO,07/01/2020,11:21:12,2,1.95,14400,2.05,14400,0,163200
NTPC30Jan20122CE.NFO,07/01/2020,11:21:21,2,1.95,24000,2.05,9600,0,163200
NTPC30Jan20122CE.NFO,07/01/2020,11:21:46,2,1.95,19200,2.05,9600,0,163200
NTPC30Jan20122CE.NFO,07/01/2020,11:21:55,2,1.95,24000,2.05,9600,0,163200
NTPC30Jan20122CE.NFO,07/01/2020,11:22:16,2,1.95,24000,2.05,4800,0,163200
NTPC30Jan20122CE.NFO,07/01/2020,11:22:54,2,1.95,28800,2.1,14400,0,163200
NTPC30Jan20122CE.NFO,07/01/2020,11:23:23,2,2,9600,2.1,14400,0,163200
NTPC30Jan20122CE.NFO,07/01/2020,11:23:42,2,1.95,28800,2.1,14400,0,163200
NTPC30Jan20122CE.NFO,07/01/2020,11:23:58,2,1.95,33600,2.1,14400,0,163200
NTPC30Jan20122CE.NFO,07/01/2020,11:24:08,2,2,4800,2.1,14400,0,163200
NTPC30Jan20122CE.NFO,07/01/2020,11:24:22,2,2,14400,2.1,14400,0,163200
NTPC30Jan20122CE.NFO,07/01/2020,11:24:31,2,2,4800,2.1,14400,0,163200
NTPC30Jan20122CE.NFO,07/01/2020,11:25:04,2,2,24000,2.1,14400,0,163200
NTPC30Jan20122CE.NFO,07/01/2020,11:25:22,2,2,14400,2.1,14400,0,163200
NTPC30Jan20122CE.NFO,07/01/2020,11:25:28,2,2,19200,2.1,14400,0,163200
NTPC30Jan20122CE.NFO,07/01/2020,11:26:02,2,2,19200,2.1,19200,0,163200
NTPC30Jan20122CE.NFO,07/01/2020,11:26:39,2,2,19200,2.05,4800,0,163200
NTPC30Jan20122CE.NFO,07/01/2020,11:26:44,2,2,14400,2.05,4800,0,163200
NTPC30Jan20122CE.NFO,07/01/2020,11:26:53,2,2,14400,2.05,9600,0,163200
NTPC30Jan20122CE.NFO,07/01/2020,11:28:56,2,2,19200,2.05,4800,0,168000
NTPC30Jan20122CE.NFO,07/01/2020,11:29:01,2,2,28800,2.1,24000,0,168000
NTPC30Jan20122CE.NFO,07/01/2020,11:29:09,2,2,24000,2.1,24000,0,168000
NTPC30Jan20122CE.NFO,07/01/2020,11:29:16,2,2,14400,2.1,24000,0,168000
NTPC30Jan20122CE.NFO,07/01/2020,11:29:23,2.1,2.05,38400,2.15,19200,4800,168000
NTPC30Jan20122CE.NFO,07/01/2020,11:29:26,2.1,2.05,38400,2.15,19200,0,168000
NTPC30Jan20122CE.NFO,07/01/2020,11:29:35,2.1,2.05,28800,2.15,33600,0,168000
NTPC30Jan20122CE.NFO,07/01/2020,11:29:41,2.1,2.05,28800,2.1,19200,0,168000
NTPC30Jan20122CE.NFO,07/01/2020,11:29:59,2.1,2.05,28800,2.15,33600,0,168000
NTPC30Jan20122CE.NFO,07/01/2020,11:30:01,2.1,2.05,33600,2.15,24000,0,168000
NTPC30Jan20122CE.NFO,07/01/2020,11:30:25,2.1,2.05,33600,2.15,19200,0,168000
NTPC30Jan20122CE.NFO,07/01/2020,11:30:39,2.1,2.05,33600,2.15,24000,0,168000
NTPC30Jan20122CE.NFO,07/01/2020,11:31:02,2.1,2.05,33600,2.15,19200,0,168000
NTPC30Jan20122CE.NFO,07/01/2020,11:31:14,2.1,2.05,28800,2.15,19200,0,168000
NTPC30Jan20122CE.NFO,07/01/2020,11:31:51,2.1,2.05,28800,2.2,33600,0,168000
NTPC30Jan20122CE.NFO,07/01/2020,11:31:57,2.1,2.05,28800,2.2,28800,0,168000
NTPC30Jan20122CE.NFO,07/01/2020,11:32:09,2.1,2.05,28800,2.15,19200,0,168000
NTPC30Jan20122CE.NFO,07/01/2020,11:32:19,2.1,2.05,28800,2.2,19200,0,168000
NTPC30Jan20122CE.NFO,07/01/2020,11:32:29,2.1,2.05,28800,2.2,24000,0,168000
NTPC30Jan20122CE.NFO,07/01/2020,11:32:43,2.1,2.05,24000,2.15,19200,0,168000
NTPC30Jan20122CE.NFO,07/01/2020,11:33:38,2.1,2.05,24000,2.2,24000,0,168000
NTPC30Jan20122CE.NFO,07/01/2020,11:34:07,2.1,2.05,28800,2.2,24000,0,168000
NTPC30Jan20122CE.NFO,07/01/2020,11:34:27,2.1,2.05,33600,2.2,24000,0,168000
NTPC30Jan20122CE.NFO,07/01/2020,11:34:40,2.1,2.05,33600,2.2,28800,0,168000
NTPC30Jan20122CE.NFO,07/01/2020,11:34:58,2.1,2.05,33600,2.15,19200,0,168000
NTPC30Jan20122CE.NFO,07/01/2020,11:35:04,2.1,2.05,33600,2.2,28800,0,168000
NTPC30Jan20122CE.NFO,07/01/2020,11:35:10,2.1,2.1,33600,2.2,28800,0,168000
NTPC30Jan20122CE.NFO,07/01/2020,11:35:17,2.1,2.1,28800,2.15,19200,0,168000
NTPC30Jan20122CE.NFO,07/01/2020,11:35:24,2.15,2.1,33600,2.2,28800,4800,168000
NTPC30Jan20122CE.NFO,07/01/2020,11:35:29,2.15,2.1,28800,2.2,28800,0,168000
NTPC30Jan20122CE.NFO,07/01/2020,11:35:34,2.15,2.1,33600,2.2,28800,0,168000
NTPC30Jan20122CE.NFO,07/01/2020,11:35:41,2.15,2.1,19200,2.15,19200,0,168000
NTPC30Jan20122CE.NFO,07/01/2020,11:35:47,2.15,2.1,24000,2.15,19200,0,168000
NTPC30Jan20122CE.NFO,07/01/2020,11:36:22,2.15,2.1,19200,2.15,19200,0,168000
NTPC30Jan20122CE.NFO,07/01/2020,11:36:28,2.15,2.1,28800,2.2,28800,0,168000
NTPC30Jan20122CE.NFO,07/01/2020,11:36:38,2.15,2.1,33600,2.2,28800,0,168000
NTPC30Jan20122CE.NFO,07/01/2020,11:36:49,2.15,2.1,19200,2.2,33600,0,168000
NTPC30Jan20122CE.NFO,07/01/2020,11:37:27,2.15,2.1,4800,2.15,19200,0,168000
NTPC30Jan20122CE.NFO,07/01/2020,11:38:14,2.15,2.1,4800,2.15,24000,0,168000
NTPC30Jan20122CE.NFO,07/01/2020,11:38:18,2.15,2.1,4800,2.15,28800,0,168000
NTPC30Jan20122CE.NFO,07/01/2020,11:39:03,2.15,2.1,4800,2.15,24000,0,168000
NTPC30Jan20122CE.NFO,07/01/2020,11:39:21,2.15,2.1,4800,2.15,19200,0,168000
NTPC30Jan20122CE.NFO,07/01/2020,11:39:53,2.1,2.05,4800,2.1,14400,4800,163200
NTPC30Jan20122CE.NFO,07/01/2020,11:40:02,2.1,2.05,4800,2.1,14400,0,163200
NTPC30Jan20122CE.NFO,07/01/2020,11:40:13,2.1,2.05,33600,2.1,14400,0,163200
NTPC30Jan20122CE.NFO,07/01/2020,11:40:22,2.1,2.05,33600,2.15,28800,0,163200
NTPC30Jan20122CE.NFO,07/01/2020,11:40:39,2.1,2.05,19200,2.1,14400,0,163200
NTPC30Jan20122CE.NFO,07/01/2020,11:40:42,2.1,2.05,19200,2.1,19200,0,163200
NTPC30Jan20122CE.NFO,07/01/2020,11:40:59,2.1,2.05,4800,2.1,19200,0,163200
NTPC30Jan20122CE.NFO,07/01/2020,11:41:06,2.1,2.05,24000,2.1,14400,0,163200
NTPC30Jan20122CE.NFO,07/01/2020,11:41:10,2.1,2.05,4800,2.1,14400,0,163200
NTPC30Jan20122CE.NFO,07/01/2020,11:41:15,2.1,2.05,4800,2.1,28800,0,163200
NTPC30Jan20122CE.NFO,07/01/2020,11:41:23,2.1,2.05,4800,2.1,24000,0,163200
NTPC30Jan20122CE.NFO,07/01/2020,11:41:45,2.1,2.05,4800,2.1,28800,0,163200
NTPC30Jan20122CE.NFO,07/01/2020,11:42:06,2.1,2.05,4800,2.1,24000,0,163200
NTPC30Jan20122CE.NFO,07/01/2020,11:42:41,2.1,2.05,19200,2.1,14400,0,163200
NTPC30Jan20122CE.NFO,07/01/2020,11:43:12,2.1,2.05,33600,2.1,14400,0,163200
NTPC30Jan20122CE.NFO,07/01/2020,11:43:19,2.1,2.05,28800,2.1,14400,0,163200
NTPC30Jan20122CE.NFO,07/01/2020,11:43:23,2.1,2.05,33600,2.1,14400,0,163200
NTPC30Jan20122CE.NFO,07/01/2020,11:43:50,2.1,2.05,33600,2.15,14400,0,163200
NTPC30Jan20122CE.NFO,07/01/2020,11:44:01,2.1,2.05,38400,2.15,14400,0,163200
NTPC30Jan20122CE.NFO,07/01/2020,11:44:11,2.1,2.05,38400,2.15,19200,0,163200
NTPC30Jan20122CE.NFO,07/01/2020,11:44:14,2.1,2.05,38400,2.15,14400,0,163200
NTPC30Jan20122CE.NFO,07/01/2020,11:44:37,2.1,2.05,38400,2.15,19200,0,163200
NTPC30Jan20122CE.NFO,07/01/2020,11:44:41,2.1,2.05,33600,2.15,19200,0,163200
NTPC30Jan20122CE.NFO,07/01/2020,11:44:48,2.1,2.05,38400,2.15,19200,0,163200
NTPC30Jan20122CE.NFO,07/01/2020,11:45:32,2.1,2.05,38400,2.15,9600,0,163200
NTPC30Jan20122CE.NFO,07/01/2020,11:46:15,2.1,2.05,38400,2.15,19200,0,163200
NTPC30Jan20122CE.NFO,07/01/2020,11:46:32,2.1,2.05,4800,2.1,14400,0,163200
NTPC30Jan20122CE.NFO,07/01/2020,11:46:42,2.1,2.05,43200,2.15,9600,0,163200
NTPC30Jan20122CE.NFO,07/01/2020,11:46:45,2.1,2.05,38400,2.15,9600,0,163200
NTPC30Jan20122CE.NFO,07/01/2020,11:47:14,2.1,2.05,43200,2.15,9600,0,163200
NTPC30Jan20122CE.NFO,07/01/2020,11:47:19,2.1,2.05,38400,2.15,9600,0,163200
NTPC30Jan20122CE.NFO,07/01/2020,11:47:23,2.1,2.05,38400,2.15,4800,0,163200
NTPC30Jan20122CE.NFO,07/01/2020,11:47:31,2.1,2.05,43200,2.15,4800,0,163200
NTPC30Jan20122CE.NFO,07/01/2020,11:48:02,2.1,2.05,38400,2.15,4800,0,163200
NTPC30Jan20122CE.NFO,07/01/2020,11:48:07,2.1,2.05,38400,2.15,9600,0,163200
NTPC30Jan20122CE.NFO,07/01/2020,11:48:57,2.1,2.05,38400,2.15,4800,0,163200
NTPC30Jan20122CE.NFO,07/01/2020,11:49:16,2.1,2.05,33600,2.15,4800,0,163200
NTPC30Jan20122CE.NFO,07/01/2020,11:50:08,2.1,2.05,38400,2.15,4800,0,163200
NTPC30Jan20122CE.NFO,07/01/2020,11:50:39,2.1,2.05,43200,2.15,4800,0,163200
NTPC30Jan20122CE.NFO,07/01/2020,11:52:34,2.1,2.05,38400,2.2,19200,0,163200
NTPC30Jan20122CE.NFO,07/01/2020,11:56:17,2.1,2.05,33600,2.15,9600,0,163200
NTPC30Jan20122CE.NFO,07/01/2020,11:56:22,2.1,2.05,38400,2.2,19200,0,163200
NTPC30Jan20122CE.NFO,07/01/2020,11:57:10,2.1,2.05,33600,2.2,19200,0,163200
NTPC30Jan20122CE.NFO,07/01/2020,11:57:14,2.1,2.05,4800,2.15,14400,0,163200
NTPC30Jan20122CE.NFO,07/01/2020,11:57:17,2.05,1.95,38400,2.1,14400,4800,163200
NTPC30Jan20122CE.NFO,07/01/2020,11:57:21,2.05,1.95,48000,2.1,14400,0,163200
NTPC30Jan20122CE.NFO,07/01/2020,11:57:25,2.05,1.95,48000,2.05,4800,0,163200
NTPC30Jan20122CE.NFO,07/01/2020,11:57:29,2.05,1.95,9600,2,9600,0,163200
NTPC30Jan20122CE.NFO,07/01/2020,11:57:38,2.05,1.95,9600,2,14400,0,163200
NTPC30Jan20122CE.NFO,07/01/2020,11:57:48,2.05,1.95,9600,2,9600,0,163200
NTPC30Jan20122CE.NFO,07/01/2020,11:58:03,2,1.95,43200,2.05,9600,4800,163200
NTPC30Jan20122CE.NFO,07/01/2020,11:58:11,2,1.95,14400,2.05,14400,0,163200
NTPC30Jan20122CE.NFO,07/01/2020,11:58:26,2,1.95,48000,2.05,9600,0,163200
NTPC30Jan20122CE.NFO,07/01/2020,11:58:46,2,1.95,48000,2.05,14400,0,163200
NTPC30Jan20122CE.NFO,07/01/2020,11:59:01,2,1.95,48000,2.05,19200,0,163200
NTPC30Jan20122CE.NFO,07/01/2020,11:59:08,2,1.95,48000,2.05,9600,0,163200
NTPC30Jan20122CE.NFO,07/01/2020,11:59:38,2,1.95,28800,2,4800,0,163200
NTPC30Jan20122CE.NFO,07/01/2020,11:59:45,2,1.95,19200,2,4800,0,163200
NTPC30Jan20122CE.NFO,07/01/2020,11:59:54,2,1.95,14400,2,4800,0,163200
NTPC30Jan20122CE.NFO,07/01/2020,11:59:57,2,1.95,38400,2,4800,0,163200
NTPC30Jan20122CE.NFO,07/01/2020,12:00:21,2,1.95,43200,2.05,9600,0,163200
NTPC30Jan20122CE.NFO,07/01/2020,12:00:28,2,2,4800,2.05,9600,0,163200
NTPC30Jan20122CE.NFO,07/01/2020,12:00:38,2,2,4800,2.05,14400,0,163200
NTPC30Jan20122CE.NFO,07/01/2020,12:01:16,2,2,4800,2.05,9600,0,163200
NTPC30Jan20122CE.NFO,07/01/2020,12:01:20,2,2,4800,2.05,14400,0,163200
NTPC30Jan20122CE.NFO,07/01/2020,12:01:29,2,1.95,43200,2.05,14400,4800,168000
NTPC30Jan20122CE.NFO,07/01/2020,12:01:59,2,1.95,43200,2.05,4800,0,168000
NTPC30Jan20122CE.NFO,07/01/2020,12:02:07,2,2,24000,2.1,19200,0,168000
NTPC30Jan20122CE.NFO,07/01/2020,12:02:13,2,2,19200,2.05,4800,4800,168000
NTPC30Jan20122CE.NFO,07/01/2020,12:02:19,2,2,14400,2.05,4800,0,168000
NTPC30Jan20122CE.NFO,07/01/2020,12:02:33,2,2,19200,2.05,4800,0,168000
NTPC30Jan20122CE.NFO,07/01/2020,12:02:40,2,2,19200,2.05,9600,0,168000
NTPC30Jan20122CE.NFO,07/01/2020,12:02:47,2,1.95,43200,2.05,14400,0,168000
NTPC30Jan20122CE.NFO,07/01/2020,12:02:53,2,2,4800,2.05,14400,0,168000
NTPC30Jan20122CE.NFO,07/01/2020,12:02:58,2,1.95,38400,2.05,14400,0,168000
NTPC30Jan20122CE.NFO,07/01/2020,12:03:41,2,2,19200,2.05,14400,0,168000
NTPC30Jan20122CE.NFO,07/01/2020,12:03:46,2,1.95,33600,2.05,14400,0,168000
NTPC30Jan20122CE.NFO,07/01/2020,12:04:09,2,1.95,38400,2.05,14400,0,168000
NTPC30Jan20122CE.NFO,07/01/2020,12:05:20,2,2,19200,2.05,14400,0,168000
NTPC30Jan20122CE.NFO,07/01/2020,12:05:24,2,2,19200,2.05,9600,0,168000
NTPC30Jan20122CE.NFO,07/01/2020,12:05:31,2,2,28800,2.1,24000,0,168000
NTPC30Jan20122CE.NFO,07/01/2020,12:07:18,2,1.95,43200,2.05,19200,0,168000
NTPC30Jan20122CE.NFO,07/01/2020,12:07:20,2,1.95,48000,2.05,19200,0,168000
NTPC30Jan20122CE.NFO,07/01/2020,12:08:02,2,2,33600,2.05,4800,0,168000
NTPC30Jan20122CE.NFO,07/01/2020,12:08:12,2,2,33600,2.1,19200,0,168000
NTPC30Jan20122CE.NFO,07/01/2020,12:08:18,2,2.05,33600,2.1,4800,0,168000
NTPC30Jan20122CE.NFO,07/01/2020,12:08:56,2,2.05,28800,2.1,4800,0,168000
NTPC30Jan20122CE.NFO,07/01/2020,12:09:32,2,2.05,24000,2.1,4800,0,168000
NTPC30Jan20122CE.NFO,07/01/2020,12:09:41,2,2.05,28800,2.1,9600,0,168000
NTPC30Jan20122CE.NFO,07/01/2020,12:10:19,2,2.05,33600,2.15,19200,0,168000
NTPC30Jan20122CE.NFO,07/01/2020,12:10:22,2,2.05,28800,2.1,9600,0,168000
NTPC30Jan20122CE.NFO,07/01/2020,12:10:25,2,2.05,33600,2.15,19200,0,168000
NTPC30Jan20122CE.NFO,07/01/2020,12:10:38,2,2.05,33600,2.15,14400,0,168000
NTPC30Jan20122CE.NFO,07/01/2020,12:10:42,2,2.05,33600,2.15,24000,0,168000
NTPC30Jan20122CE.NFO,07/01/2020,12:10:54,2,2.05,33600,2.15,14400,0,168000
NTPC30Jan20122CE.NFO,07/01/2020,12:11:54,2,2.05,38400,2.15,14400,0,168000
NTPC30Jan20122CE.NFO,07/01/2020,12:14:09,2,2.05,28800,2.1,4800,0,168000
NTPC30Jan20122CE.NFO,07/01/2020,12:14:14,2.1,2.05,28800,2.15,28800,4800,163200
NTPC30Jan20122CE.NFO,07/01/2020,12:14:33,2.1,2.05,38400,2.15,28800,0,163200
NTPC30Jan20122CE.NFO,07/01/2020,12:15:07,2.1,2.05,38400,2.15,38400,0,163200
NTPC30Jan20122CE.NFO,07/01/2020,12:15:14,2.1,2.05,33600,2.15,38400,0,163200
NTPC30Jan20122CE.NFO,07/01/2020,12:15:30,2.1,2.05,24000,2.15,38400,0,163200
NTPC30Jan20122CE.NFO,07/01/2020,12:15:41,2.1,2.05,33600,2.15,33600,0,163200
NTPC30Jan20122CE.NFO,07/01/2020,12:15:53,2.1,2.05,24000,2.15,38400,0,163200
NTPC30Jan20122CE.NFO,07/01/2020,12:15:58,2.1,2.05,4800,2.1,24000,0,163200
NTPC30Jan20122CE.NFO,07/01/2020,12:16:36,2.1,2.05,24000,2.15,38400,0,163200
NTPC30Jan20122CE.NFO,07/01/2020,12:16:44,2.1,2.05,14400,2.1,19200,0,163200
NTPC30Jan20122CE.NFO,07/01/2020,12:16:49,2.1,2.05,14400,2.1,24000,0,163200
NTPC30Jan20122CE.NFO,07/01/2020,12:16:57,2.1,2.05,24000,2.15,38400,0,163200
NTPC30Jan20122CE.NFO,07/01/2020,12:17:02,2.1,2.05,14400,2.15,38400,0,163200
NTPC30Jan20122CE.NFO,07/01/2020,12:17:05,2.1,2.05,4800,2.1,24000,0,163200
NTPC30Jan20122CE.NFO,07/01/2020,12:17:12,2.1,2.05,14400,2.1,24000,0,163200
NTPC30Jan20122CE.NFO,07/01/2020,12:17:18,2.1,2.05,24000,2.1,24000,0,163200
NTPC30Jan20122CE.NFO,07/01/2020,12:18:33,2.1,2.05,14400,2.1,24000,0,163200
NTPC30Jan20122CE.NFO,07/01/2020,12:18:36,2.1,2.05,4800,2.1,24000,0,163200
NTPC30Jan20122CE.NFO,07/01/2020,12:19:04,2.1,2.05,14400,2.1,24000,0,163200
NTPC30Jan20122CE.NFO,07/01/2020,12:20:35,2.1,2.05,4800,2.1,24000,0,163200
NTPC30Jan20122CE.NFO,07/01/2020,12:21:55,2.1,2,38400,2.1,24000,0,163200
NTPC30Jan20122CE.NFO,07/01/2020,12:22:28,2.1,2.05,28800,2.1,4800,0,163200
NTPC30Jan20122CE.NFO,07/01/2020,12:22:30,2.1,2,38400,2.1,19200,0,163200
NTPC30Jan20122CE.NFO,07/01/2020,12:22:42,2.1,2,33600,2.1,19200,0,163200
NTPC30Jan20122CE.NFO,07/01/2020,12:22:46,2.1,2,33600,2.1,24000,0,163200
NTPC30Jan20122CE.NFO,07/01/2020,12:23:51,2.1,2,33600,2.1,28800,0,163200
NTPC30Jan20122CE.NFO,07/01/2020,12:25:07,2.1,2,33600,2.1,19200,0,163200
NTPC30Jan20122CE.NFO,07/01/2020,12:26:01,2.1,2,28800,2.1,19200,0,163200
NTPC30Jan20122CE.NFO,07/01/2020,12:26:13,2.1,2,28800,2.1,24000,0,163200
NTPC30Jan20122CE.NFO,07/01/2020,12:26:33,2.1,2,4800,2.05,28800,0,163200
NTPC30Jan20122CE.NFO,07/01/2020,12:26:41,2.1,2,28800,2.05,9600,0,163200
NTPC30Jan20122CE.NFO,07/01/2020,12:26:59,2.1,2,4800,2.05,28800,0,163200
NTPC30Jan20122CE.NFO,07/01/2020,12:27:14,2.1,2,28800,2.05,9600,0,163200
NTPC30Jan20122CE.NFO,07/01/2020,12:27:29,2.1,2,28800,2.05,4800,0,163200
NTPC30Jan20122CE.NFO,07/01/2020,12:27:48,2.1,2,33600,2.05,4800,0,163200
NTPC30Jan20122CE.NFO,07/01/2020,12:28:31,2.1,2,28800,2.05,4800,0,163200
NTPC30Jan20122CE.NFO,07/01/2020,12:28:35,2.1,2,33600,2.05,4800,0,163200
NTPC30Jan20122CE.NFO,07/01/2020,12:28:38,2.1,2,33600,2.1,28800,0,163200
NTPC30Jan20122CE.NFO,07/01/2020,12:28:51,2.1,2,33600,2.1,33600,0,163200
NTPC30Jan20122CE.NFO,07/01/2020,12:29:27,2.1,2,4800,2.05,28800,0,163200
NTPC30Jan20122CE.NFO,07/01/2020,12:30:36,2.1,2,4800,2.05,9600,0,163200
NTPC30Jan20122CE.NFO,07/01/2020,12:30:50,2.1,2,4800,2.05,28800,0,163200
NTPC30Jan20122CE.NFO,07/01/2020,12:31:06,2.1,2,4800,2.05,9600,0,163200
NTPC30Jan20122CE.NFO,07/01/2020,12:31:10,2.1,2,4800,2.05,28800,0,163200
NTPC30Jan20122CE.NFO,07/01/2020,12:31:53,2.1,2,4800,2.05,9600,0,163200
NTPC30Jan20122CE.NFO,07/01/2020,12:32:07,2.1,2,4800,2.05,28800,0,163200
NTPC30Jan20122CE.NFO,07/01/2020,12:32:21,2.1,2,24000,2.05,28800,0,163200
NTPC30Jan20122CE.NFO,07/01/2020,12:32:25,2.1,2,4800,2.05,28800,0,163200
NTPC30Jan20122CE.NFO,07/01/2020,12:37:38,2.1,2,28800,2.05,28800,0,163200
NTPC30Jan20122CE.NFO,07/01/2020,12:38:01,2.1,2,14400,2.05,28800,0,163200
NTPC30Jan20122CE.NFO,07/01/2020,12:38:10,2.1,2,9600,2.05,24000,0,163200
NTPC30Jan20122CE.NFO,07/01/2020,12:38:17,2.1,2,4800,2.05,24000,0,163200
NTPC30Jan20122CE.NFO,07/01/2020,12:45:10,2.1,2,4800,2.05,19200,0,163200
NTPC30Jan20122CE.NFO,07/01/2020,12:45:16,2.1,2,4800,2.05,24000,0,163200
NTPC30Jan20122CE.NFO,07/01/2020,12:45:25,2.1,2,4800,2.05,19200,0,163200
NTPC30Jan20122CE.NFO,07/01/2020,12:45:50,2.1,2,33600,2.1,33600,0,163200
NTPC30Jan20122CE.NFO,07/01/2020,12:45:56,2.1,2,38400,2.1,38400,0,163200
NTPC30Jan20122CE.NFO,07/01/2020,12:46:02,2.1,2,9600,2.05,19200,0,163200
NTPC30Jan20122CE.NFO,07/01/2020,12:46:13,2.1,2,33600,2.1,38400,0,163200
NTPC30Jan20122CE.NFO,07/01/2020,12:46:16,2.1,2,9600,2.05,19200,0,163200
NTPC30Jan20122CE.NFO,07/01/2020,12:46:44,2.1,2,24000,2.05,19200,0,163200
NTPC30Jan20122CE.NFO,07/01/2020,12:46:46,2.1,2,19200,2.05,19200,0,163200
NTPC30Jan20122CE.NFO,07/01/2020,12:46:56,2.1,2,19200,2.1,38400,0,163200
NTPC30Jan20122CE.NFO,07/01/2020,12:46:59,2.1,2,24000,2.1,38400,0,163200
NTPC30Jan20122CE.NFO,07/01/2020,12:47:03,2.1,2,19200,2.1,38400,0,163200
NTPC30Jan20122CE.NFO,07/01/2020,12:47:16,2.1,2,24000,2.1,38400,0,163200
NTPC30Jan20122CE.NFO,07/01/2020,12:47:39,2.1,2,28800,2.1,38400,0,163200
NTPC30Jan20122CE.NFO,07/01/2020,12:47:51,2.1,2,24000,2.1,38400,0,163200
NTPC30Jan20122CE.NFO,07/01/2020,12:47:57,2.1,2,28800,2.1,38400,0,163200
NTPC30Jan20122CE.NFO,07/01/2020,12:48:01,2.1,2,38400,2.1,33600,0,163200
NTPC30Jan20122CE.NFO,07/01/2020,12:48:07,2.1,2,38400,2.1,28800,0,163200
NTPC30Jan20122CE.NFO,07/01/2020,12:48:19,2.1,2,38400,2.1,33600,0,163200
NTPC30Jan20122CE.NFO,07/01/2020,12:48:26,2.1,2,38400,2.1,38400,0,163200
NTPC30Jan20122CE.NFO,07/01/2020,12:48:45,2.1,2,38400,2.1,33600,0,163200
NTPC30Jan20122CE.NFO,07/01/2020,12:50:21,2.1,2,38400,2.1,28800,0,163200
NTPC30Jan20122CE.NFO,07/01/2020,12:50:25,2.1,2,38400,2.1,33600,0,163200
NTPC30Jan20122CE.NFO,07/01/2020,12:51:06,2.1,2,4800,2.05,24000,0,163200
NTPC30Jan20122CE.NFO,07/01/2020,12:51:09,2.1,2,4800,2.05,33600,0,163200
NTPC30Jan20122CE.NFO,07/01/2020,12:52:22,2,1.95,48000,2.05,48000,4800,168000
NTPC30Jan20122CE.NFO,07/01/2020,12:52:53,2,1.95,43200,2.05,48000,0,168000
NTPC30Jan20122CE.NFO,07/01/2020,12:52:58,2,1.95,43200,2.05,24000,0,168000
NTPC30Jan20122CE.NFO,07/01/2020,12:53:02,2,2,9600,2.05,19200,0,168000
NTPC30Jan20122CE.NFO,07/01/2020,12:53:06,2,1.95,43200,2.05,24000,0,168000
NTPC30Jan20122CE.NFO,07/01/2020,12:53:09,2,2,9600,2.05,19200,0,168000
NTPC30Jan20122CE.NFO,07/01/2020,12:53:15,2,1.95,43200,2.05,24000,0,168000
NTPC30Jan20122CE.NFO,07/01/2020,12:53:29,2,1.95,43200,2.05,19200,0,168000
NTPC30Jan20122CE.NFO,07/01/2020,12:53:47,2,1.95,43200,2.05,24000,0,168000
NTPC30Jan20122CE.NFO,07/01/2020,12:53:57,2,1.95,43200,2.05,19200,0,168000
NTPC30Jan20122CE.NFO,07/01/2020,12:55:17,2,2,9600,2.05,19200,0,168000
NTPC30Jan20122CE.NFO,07/01/2020,12:55:29,2,2,19200,2.1,38400,0,168000
NTPC30Jan20122CE.NFO,07/01/2020,12:55:37,2,2,9600,2.05,19200,0,168000
NTPC30Jan20122CE.NFO,07/01/2020,12:55:44,2,2,19200,2.1,38400,0,168000
NTPC30Jan20122CE.NFO,07/01/2020,12:55:55,2,2,33600,2.1,33600,0,168000
NTPC30Jan20122CE.NFO,07/01/2020,12:56:47,2,2,9600,2.05,19200,0,168000
NTPC30Jan20122CE.NFO,07/01/2020,12:56:51,2,2,19200,2.1,38400,0,168000
NTPC30Jan20122CE.NFO,07/01/2020,12:56:54,2,2,33600,2.1,33600,0,168000
NTPC30Jan20122CE.NFO,07/01/2020,12:57:39,2,2,28800,2.1,33600,0,168000
NTPC30Jan20122CE.NFO,07/01/2020,12:57:49,2,1.95,43200,2.05,24000,0,168000
NTPC30Jan20122CE.NFO,07/01/2020,12:58:11,2,1.95,43200,2.05,28800,0,168000
NTPC30Jan20122CE.NFO,07/01/2020,12:58:16,2,1.95,43200,2.05,24000,0,168000
NTPC30Jan20122CE.NFO,07/01/2020,12:58:36,2,1.95,43200,2.05,28800,0,168000
NTPC30Jan20122CE.NFO,07/01/2020,12:58:41,2,1.95,43200,2.05,24000,0,168000
NTPC30Jan20122CE.NFO,07/01/2020,12:58:48,2,2,9600,2.05,24000,0,168000
NTPC30Jan20122CE.NFO,07/01/2020,12:58:56,2,1.95,43200,2.05,33600,0,168000
NTPC30Jan20122CE.NFO,07/01/2020,12:59:00,2,1.95,43200,2.05,28800,0,168000
NTPC30Jan20122CE.NFO,07/01/2020,12:59:15,2,2,9600,2.05,24000,0,168000
NTPC30Jan20122CE.NFO,07/01/2020,13:00:13,2,1.95,43200,2.05,28800,0,168000
NTPC30Jan20122CE.NFO,07/01/2020,13:01:06,2,1.95,19200,2,24000,0,168000
NTPC30Jan20122CE.NFO,07/01/2020,13:01:13,2,1.95,9600,2,24000,0,168000
NTPC30Jan20122CE.NFO,07/01/2020,13:01:19,2,1.95,19200,2,24000,0,168000
NTPC30Jan20122CE.NFO,07/01/2020,13:01:34,2,1.95,28800,2,19200,0,168000
NTPC30Jan20122CE.NFO,07/01/2020,13:01:40,2,1.95,28800,2,4800,0,168000
NTPC30Jan20122CE.NFO,07/01/2020,13:02:03,2,2,9600,2.05,24000,0,168000
NTPC30Jan20122CE.NFO,07/01/2020,13:02:28,2,1.95,28800,2.05,33600,0,168000
NTPC30Jan20122CE.NFO,07/01/2020,13:02:38,2,1.95,19200,2,24000,0,168000
NTPC30Jan20122CE.NFO,07/01/2020,13:02:44,2,1.95,28800,2,4800,0,168000
NTPC30Jan20122CE.NFO,07/01/2020,13:03:25,2,1.95,19200,2,24000,0,168000
NTPC30Jan20122CE.NFO,07/01/2020,13:03:30,2,1.95,33600,2.05,24000,4800,168000
NTPC30Jan20122CE.NFO,07/01/2020,13:03:33,2,1.95,33600,2.05,38400,0,168000
NTPC30Jan20122CE.NFO,07/01/2020,13:03:40,2,1.95,33600,2.05,43200,0,168000
NTPC30Jan20122CE.NFO,07/01/2020,13:04:10,2,1.95,28800,2.05,43200,0,168000
NTPC30Jan20122CE.NFO,07/01/2020,13:04:13,2,1.95,9600,2,24000,0,168000
NTPC30Jan20122CE.NFO,07/01/2020,13:04:17,2,1.95,24000,2.05,28800,0,168000
NTPC30Jan20122CE.NFO,07/01/2020,13:04:28,2,1.95,24000,2.05,33600,0,168000
NTPC30Jan20122CE.NFO,07/01/2020,13:04:34,2,1.95,19200,2.05,33600,0,168000
NTPC30Jan20122CE.NFO,07/01/2020,13:04:42,2,1.95,19200,2.05,38400,0,168000
NTPC30Jan20122CE.NFO,07/01/2020,13:06:46,2,1.95,38400,2.05,38400,0,168000
NTPC30Jan20122CE.NFO,07/01/2020,13:06:51,2,1.95,43200,2.05,38400,0,168000
NTPC30Jan20122CE.NFO,07/01/2020,13:07:01,2,1.95,43200,2,4800,0,168000
NTPC30Jan20122CE.NFO,07/01/2020,13:07:06,2,1.95,14400,2,9600,0,168000
NTPC30Jan20122CE.NFO,07/01/2020,13:07:12,2,1.95,43200,2.05,19200,0,168000
NTPC30Jan20122CE.NFO,07/01/2020,13:07:18,2,1.95,38400,2,4800,0,168000
NTPC30Jan20122CE.NFO,07/01/2020,13:07:45,2,1.95,33600,2,4800,0,168000
NTPC30Jan20122CE.NFO,07/01/2020,13:08:00,2,1.95,14400,2,9600,0,168000
NTPC30Jan20122CE.NFO,07/01/2020,13:08:08,2,1.95,9600,2,19200,0,168000
NTPC30Jan20122CE.NFO,07/01/2020,13:08:15,2,1.95,9600,2,14400,0,168000
NTPC30Jan20122CE.NFO,07/01/2020,13:08:23,1.95,1.95,4800,2,19200,4800,168000
NTPC30Jan20122CE.NFO,07/01/2020,13:08:30,1.95,1.95,4800,2,19200,0,168000
NTPC30Jan20122CE.NFO,07/01/2020,13:08:38,1.95,1.95,4800,2,14400,0,168000
NTPC30Jan20122CE.NFO,07/01/2020,13:09:09,1.95,1.95,4800,2,24000,0,168000
NTPC30Jan20122CE.NFO,07/01/2020,13:09:32,1.95,1.85,24000,1.95,14400,4800,168000
NTPC30Jan20122CE.NFO,07/01/2020,13:09:39,1.95,1.85,24000,1.95,14400,0,168000
NTPC30Jan20122CE.NFO,07/01/2020,13:09:52,1.95,1.85,28800,1.95,14400,0,168000
NTPC30Jan20122CE.NFO,07/01/2020,13:11:10,1.95,1.8,38400,1.95,19200,0,168000
NTPC30Jan20122CE.NFO,07/01/2020,13:11:16,1.95,1.85,33600,1.95,14400,0,168000
NTPC30Jan20122CE.NFO,07/01/2020,13:11:47,1.95,1.85,28800,1.95,14400,0,168000
NTPC30Jan20122CE.NFO,07/01/2020,13:12:17,1.95,1.85,33600,1.95,14400,0,168000
NTPC30Jan20122CE.NFO,07/01/2020,13:12:35,1.95,1.85,28800,1.95,14400,0,168000
NTPC30Jan20122CE.NFO,07/01/2020,13:13:02,1.95,1.85,33600,1.95,14400,0,168000
NTPC30Jan20122CE.NFO,07/01/2020,13:13:10,1.95,1.85,28800,1.95,14400,0,168000
NTPC30Jan20122CE.NFO,07/01/2020,13:14:05,1.95,1.8,33600,1.9,14400,0,168000
NTPC30Jan20122CE.NFO,07/01/2020,13:14:16,1.95,1.85,24000,1.95,14400,0,168000
NTPC30Jan20122CE.NFO,07/01/2020,13:14:25,1.95,1.85,28800,1.95,14400,0,168000
NTPC30Jan20122CE.NFO,07/01/2020,13:14:50,1.95,1.85,24000,1.95,14400,0,168000
NTPC30Jan20122CE.NFO,07/01/2020,13:15:06,1.95,1.8,38400,1.95,19200,0,168000
NTPC30Jan20122CE.NFO,07/01/2020,13:15:14,1.95,1.85,4800,1.95,14400,0,168000
NTPC30Jan20122CE.NFO,07/01/2020,13:15:22,1.95,1.85,14400,1.95,14400,0,168000
NTPC30Jan20122CE.NFO,07/01/2020,13:15:43,1.95,1.85,19200,1.95,14400,0,168000
NTPC30Jan20122CE.NFO,07/01/2020,13:15:54,1.95,1.85,24000,1.95,14400,0,168000
NTPC30Jan20122CE.NFO,07/01/2020,13:15:59,1.95,1.85,14400,1.95,19200,0,168000
NTPC30Jan20122CE.NFO,07/01/2020,13:16:11,1.95,1.85,33600,1.95,14400,0,168000
NTPC30Jan20122CE.NFO,07/01/2020,13:16:46,1.95,1.85,33600,1.95,9600,0,168000
NTPC30Jan20122CE.NFO,07/01/2020,13:17:20,1.95,1.85,33600,1.95,14400,0,168000
NTPC30Jan20122CE.NFO,07/01/2020,13:18:04,1.95,1.85,4800,1.95,19200,0,168000
NTPC30Jan20122CE.NFO,07/01/2020,13:18:43,1.95,1.85,4800,1.95,14400,0,168000
NTPC30Jan20122CE.NFO,07/01/2020,13:18:49,1.95,1.85,14400,1.95,14400,0,168000
NTPC30Jan20122CE.NFO,07/01/2020,13:19:18,1.95,1.85,33600,1.95,14400,0,168000
NTPC30Jan20122CE.NFO,07/01/2020,13:19:45,1.95,1.85,28800,1.95,14400,0,168000
NTPC30Jan20122CE.NFO,07/01/2020,13:20:05,1.95,1.85,4800,1.95,14400,0,168000
NTPC30Jan20122CE.NFO,07/01/2020,13:20:27,1.95,1.85,19200,1.95,14400,0,168000
NTPC30Jan20122CE.NFO,07/01/2020,13:20:32,1.95,1.85,33600,1.95,14400,0,168000
NTPC30Jan20122CE.NFO,07/01/2020,13:20:45,1.95,1.85,33600,1.95,9600,0,168000
NTPC30Jan20122CE.NFO,07/01/2020,13:20:53,1.95,1.85,33600,1.95,14400,0,168000
NTPC30Jan20122CE.NFO,07/01/2020,13:21:00,1.95,1.85,33600,1.95,4800,0,168000
NTPC30Jan20122CE.NFO,07/01/2020,13:22:17,1.95,1.85,33600,1.95,9600,0,168000
NTPC30Jan20122CE.NFO,07/01/2020,13:22:58,1.95,1.85,14400,1.95,14400,0,168000
NTPC30Jan20122CE.NFO,07/01/2020,13:23:51,1.95,1.85,4800,1.9,14400,0,168000
NTPC30Jan20122CE.NFO,07/01/2020,13:24:31,1.95,1.85,24000,1.95,9600,0,168000
NTPC30Jan20122CE.NFO,07/01/2020,13:24:37,1.95,1.85,28800,1.95,9600,0,168000
NTPC30Jan20122CE.NFO,07/01/2020,13:24:45,1.95,1.9,28800,2,19200,0,168000
NTPC30Jan20122CE.NFO,07/01/2020,13:24:53,1.95,1.9,28800,2,4800,0,168000
NTPC30Jan20122CE.NFO,07/01/2020,13:24:59,1.95,1.9,33600,2,4800,0,168000
NTPC30Jan20122CE.NFO,07/01/2020,13:25:10,1.95,1.95,9600,2,4800,0,168000
NTPC30Jan20122CE.NFO,07/01/2020,13:25:16,1.95,1.9,24000,2,4800,0,168000
NTPC30Jan20122CE.NFO,07/01/2020,13:25:23,1.95,1.9,28800,2,4800,0,168000
NTPC30Jan20122CE.NFO,07/01/2020,13:25:34,1.95,1.95,28800,2,4800,0,168000
NTPC30Jan20122CE.NFO,07/01/2020,13:25:50,1.95,1.95,14400,2,4800,0,168000
NTPC30Jan20122CE.NFO,07/01/2020,13:25:53,1.95,1.95,28800,2,4800,0,168000
NTPC30Jan20122CE.NFO,07/01/2020,13:25:58,2,1.95,28800,2.05,14400,4800,172800
NTPC30Jan20122CE.NFO,07/01/2020,13:26:03,2,1.95,24000,2.05,9600,0,172800
NTPC30Jan20122CE.NFO,07/01/2020,13:26:11,2,1.95,43200,2.05,4800,0,172800
NTPC30Jan20122CE.NFO,07/01/2020,13:26:16,2,1.95,38400,2.05,4800,0,172800
NTPC30Jan20122CE.NFO,07/01/2020,13:26:36,2,1.95,38400,2.05,14400,0,172800
NTPC30Jan20122CE.NFO,07/01/2020,13:26:42,2,1.95,38400,2.05,9600,0,172800
NTPC30Jan20122CE.NFO,07/01/2020,13:27:06,2,1.95,33600,2.05,4800,0,172800
NTPC30Jan20122CE.NFO,07/01/2020,13:27:39,2,1.9,28800,2.05,14400,0,172800
NTPC30Jan20122CE.NFO,07/01/2020,13:27:58,2,1.9,28800,2,4800,0,172800
NTPC30Jan20122CE.NFO,07/01/2020,13:28:15,2,1.9,28800,2,14400,0,172800
NTPC30Jan20122CE.NFO,07/01/2020,13:28:31,2,1.9,28800,1.95,4800,0,172800
NTPC30Jan20122CE.NFO,07/01/2020,13:28:42,1.95,1.95,4800,2,4800,4800,172800
NTPC30Jan20122CE.NFO,07/01/2020,13:28:54,1.95,1.95,4800,2,14400,0,172800
NTPC30Jan20122CE.NFO,07/01/2020,13:29:03,1.95,1.9,9600,1.95,9600,4800,172800
NTPC30Jan20122CE.NFO,07/01/2020,13:29:31,1.95,1.85,33600,1.95,14400,0,172800
NTPC30Jan20122CE.NFO,07/01/2020,13:29:50,1.95,1.85,33600,1.95,9600,0,172800
NTPC30Jan20122CE.NFO,07/01/2020,13:30:10,1.95,1.85,33600,1.95,14400,0,172800
NTPC30Jan20122CE.NFO,07/01/2020,13:30:28,1.95,1.85,33600,1.95,19200,0,172800
NTPC30Jan20122CE.NFO,07/01/2020,13:30:36,1.95,1.85,28800,1.95,19200,0,172800
NTPC30Jan20122CE.NFO,07/01/2020,13:30:43,1.95,1.85,28800,1.95,33600,0,172800
NTPC30Jan20122CE.NFO,07/01/2020,13:30:50,1.95,1.85,28800,1.9,9600,0,172800
NTPC30Jan20122CE.NFO,07/01/2020,13:30:58,1.95,1.85,28800,1.95,19200,0,172800
NTPC30Jan20122CE.NFO,07/01/2020,13:31:12,1.95,1.85,28800,1.95,14400,0,172800
NTPC30Jan20122CE.NFO,07/01/2020,13:31:32,1.95,1.9,4800,1.95,9600,0,172800
NTPC30Jan20122CE.NFO,07/01/2020,13:31:47,1.95,1.9,24000,1.95,9600,0,172800
NTPC30Jan20122CE.NFO,07/01/2020,13:32:17,1.95,1.9,19200,1.95,9600,0,172800
NTPC30Jan20122CE.NFO,07/01/2020,13:32:32,1.95,1.9,24000,1.95,9600,0,172800
NTPC30Jan20122CE.NFO,07/01/2020,13:32:37,1.95,1.9,19200,1.95,9600,0,172800
NTPC30Jan20122CE.NFO,07/01/2020,13:32:43,1.95,1.9,28800,1.95,9600,0,172800
NTPC30Jan20122CE.NFO,07/01/2020,13:33:14,1.95,1.9,28800,2,14400,0,172800
NTPC30Jan20122CE.NFO,07/01/2020,13:34:03,1.95,1.9,28800,2,9600,0,172800
NTPC30Jan20122CE.NFO,07/01/2020,13:34:08,1.95,1.95,19200,2,9600,0,172800
NTPC30Jan20122CE.NFO,07/01/2020,13:34:18,1.95,1.95,9600,2,9600,0,172800
NTPC30Jan20122CE.NFO,07/01/2020,13:34:42,1.95,1.95,19200,2,9600,0,172800
NTPC30Jan20122CE.NFO,07/01/2020,13:34:48,1.95,1.95,9600,2,9600,0,172800
NTPC30Jan20122CE.NFO,07/01/2020,13:35:20,1.95,1.95,14400,2,9600,0,172800
NTPC30Jan20122CE.NFO,07/01/2020,13:35:31,1.95,1.95,28800,2.05,14400,0,172800
NTPC30Jan20122CE.NFO,07/01/2020,13:35:38,1.95,2,33600,2.1,33600,0,172800
NTPC30Jan20122CE.NFO,07/01/2020,13:35:44,1.95,2,33600,2.1,19200,0,172800
NTPC30Jan20122CE.NFO,07/01/2020,13:35:53,1.95,2,33600,2.1,14400,0,172800
NTPC30Jan20122CE.NFO,07/01/2020,13:37:29,1.95,2,24000,2.1,14400,0,172800
NTPC30Jan20122CE.NFO,07/01/2020,13:37:35,1.95,2,24000,2.1,9600,0,172800
NTPC30Jan20122CE.NFO,07/01/2020,13:37:40,1.95,2,28800,2.1,9600,0,172800
NTPC30Jan20122CE.NFO,07/01/2020,13:38:11,1.95,2.05,19200,2.1,4800,0,172800
NTPC30Jan20122CE.NFO,07/01/2020,13:38:19,1.95,2.05,28800,2.1,4800,0,172800
NTPC30Jan20122CE.NFO,07/01/2020,13:38:25,1.95,2.05,28800,2.15,9600,0,172800
NTPC30Jan20122CE.NFO,07/01/2020,13:38:31,1.95,2.05,28800,2.15,4800,0,172800
NTPC30Jan20122CE.NFO,07/01/2020,13:38:46,1.95,2.1,4800,2.15,4800,0,172800
NTPC30Jan20122CE.NFO,07/01/2020,13:38:50,1.95,2.05,33600,2.15,4800,0,172800
NTPC30Jan20122CE.NFO,07/01/2020,13:39:25,1.95,2.05,28800,2.15,4800,0,172800
NTPC30Jan20122CE.NFO,07/01/2020,13:40:08,1.95,2.05,28800,2.15,19200,0,172800
NTPC30Jan20122CE.NFO,07/01/2020,13:40:15,1.95,2.05,28800,2.15,4800,0,172800
NTPC30Jan20122CE.NFO,07/01/2020,13:40:39,1.95,2.05,28800,2.15,9600,0,172800
NTPC30Jan20122CE.NFO,07/01/2020,13:40:50,1.95,2.05,24000,2.15,9600,0,172800
NTPC30Jan20122CE.NFO,07/01/2020,13:40:55,1.95,2.05,33600,2.15,4800,0,172800
NTPC30Jan20122CE.NFO,07/01/2020,13:40:59,1.95,2.05,38400,2.15,4800,0,172800
NTPC30Jan20122CE.NFO,07/01/2020,13:41:06,1.95,2.05,33600,2.15,4800,0,172800
NTPC30Jan20122CE.NFO,07/01/2020,13:41:09,1.95,2.05,38400,2.15,4800,0,172800
NTPC30Jan20122CE.NFO,07/01/2020,13:41:32,1.95,2.05,28800,2.15,4800,0,172800
NTPC30Jan20122CE.NFO,07/01/2020,13:42:22,1.95,2.1,14400,2.15,4800,0,172800
NTPC30Jan20122CE.NFO,07/01/2020,13:42:29,2.15,2.1,24000,2.3,4800,4800,163200
NTPC30Jan20122CE.NFO,07/01/2020,13:42:34,2.15,2.1,24000,2.35,9600,0,163200
NTPC30Jan20122CE.NFO,07/01/2020,13:42:39,2.15,2.15,4800,2.35,4800,0,163200
NTPC30Jan20122CE.NFO,07/01/2020,13:42:42,2.15,2.1,24000,2.3,4800,0,163200
NTPC30Jan20122CE.NFO,07/01/2020,13:42:45,2.15,2.1,24000,2.35,4800,0,163200
NTPC30Jan20122CE.NFO,07/01/2020,13:42:53,2.15,2.15,14400,2.3,4800,0,163200
NTPC30Jan20122CE.NFO,07/01/2020,13:42:57,2.15,2.15,24000,2.35,4800,0,163200
NTPC30Jan20122CE.NFO,07/01/2020,13:43:02,2.15,2.15,28800,2.35,4800,0,163200
NTPC30Jan20122CE.NFO,07/01/2020,13:43:54,2.15,2.15,28800,2.35,9600,0,163200
NTPC30Jan20122CE.NFO,07/01/2020,13:43:57,2.15,2.15,24000,2.35,4800,0,163200
NTPC30Jan20122CE.NFO,07/01/2020,13:44:00,2.15,2.2,4800,2.35,4800,0,163200
NTPC30Jan20122CE.NFO,07/01/2020,13:44:06,2.15,2.15,28800,2.25,4800,0,163200
NTPC30Jan20122CE.NFO,07/01/2020,13:44:10,2.15,2.15,24000,2.25,4800,0,163200
NTPC30Jan20122CE.NFO,07/01/2020,13:44:41,2.15,2.15,28800,2.25,4800,0,163200
NTPC30Jan20122CE.NFO,07/01/2020,13:44:44,2.15,2.15,24000,2.25,4800,0,163200
NTPC30Jan20122CE.NFO,07/01/2020,13:44:48,2.15,2.15,28800,2.3,4800,0,163200
NTPC30Jan20122CE.NFO,07/01/2020,13:45:02,2.15,2.2,24000,2.3,4800,0,163200
NTPC30Jan20122CE.NFO,07/01/2020,13:45:07,2.15,2.2,33600,2.3,4800,0,163200
NTPC30Jan20122CE.NFO,07/01/2020,13:45:14,2.15,2.25,24000,2.35,19200,0,163200
NTPC30Jan20122CE.NFO,07/01/2020,13:45:21,2.15,2.25,28800,2.35,19200,0,163200
NTPC30Jan20122CE.NFO,07/01/2020,13:45:27,2.15,2.25,19200,2.35,24000,0,163200
NTPC30Jan20122CE.NFO,07/01/2020,13:45:32,2.15,2.25,28800,2.35,24000,0,163200
NTPC30Jan20122CE.NFO,07/01/2020,13:45:37,2.15,2.2,28800,2.3,19200,0,163200
NTPC30Jan20122CE.NFO,07/01/2020,13:45:42,2.15,2.25,24000,2.3,19200,0,163200
NTPC30Jan20122CE.NFO,07/01/2020,13:45:59,2.15,2.2,33600,2.3,19200,0,163200
NTPC30Jan20122CE.NFO,07/01/2020,13:46:03,2.15,2.2,28800,2.3,19200,0,163200
NTPC30Jan20122CE.NFO,07/01/2020,13:46:29,2.15,2.25,24000,2.3,19200,0,163200
NTPC30Jan20122CE.NFO,07/01/2020,13:46:42,2.15,2.25,28800,2.35,24000,0,163200
NTPC30Jan20122CE.NFO,07/01/2020,13:46:59,2.15,2.3,28800,2.4,28800,0,163200
NTPC30Jan20122CE.NFO,07/01/2020,13:47:06,2.35,2.3,9600,2.35,19200,4800,163200
NTPC30Jan20122CE.NFO,07/01/2020,13:47:06,2.35,2.3,9600,2.35,19200,0,163200
NTPC30Jan20122CE.NFO,07/01/2020,13:47:13,2.35,2.3,19200,2.4,43200,0,163200
NTPC30Jan20122CE.NFO,07/01/2020,13:47:19,2.35,2.25,43200,2.35,24000,0,163200
NTPC30Jan20122CE.NFO,07/01/2020,13:47:24,2.3,2.25,24000,2.3,9600,4800,163200
NTPC30Jan20122CE.NFO,07/01/2020,13:47:35,2.3,2.25,24000,2.35,24000,0,163200
NTPC30Jan20122CE.NFO,07/01/2020,13:47:45,2.3,2.25,19200,2.3,14400,0,163200
NTPC30Jan20122CE.NFO,07/01/2020,13:48:06,2.3,2.25,24000,2.35,24000,0,163200
NTPC30Jan20122CE.NFO,07/01/2020,13:49:07,2.3,2.25,28800,2.35,24000,0,163200
NTPC30Jan20122CE.NFO,07/01/2020,13:49:13,2.3,2.25,28800,2.35,14400,0,163200
NTPC30Jan20122CE.NFO,07/01/2020,13:49:32,2.3,2.25,28800,2.35,24000,0,163200
NTPC30Jan20122CE.NFO,07/01/2020,13:50:08,2.3,2.25,28800,2.35,19200,0,163200
NTPC30Jan20122CE.NFO,07/01/2020,13:50:15,2.3,2.3,24000,2.35,4800,0,163200
NTPC30Jan20122CE.NFO,07/01/2020,13:50:29,2.35,2.3,24000,2.45,33600,4800,172800
NTPC30Jan20122CE.NFO,07/01/2020,13:50:36,2.35,2.3,28800,2.45,28800,0,172800
NTPC30Jan20122CE.NFO,07/01/2020,13:50:44,2.35,2.35,24000,2.45,4800,0,172800
NTPC30Jan20122CE.NFO,07/01/2020,13:50:52,2.35,2.3,28800,2.4,14400,0,172800
NTPC30Jan20122CE.NFO,07/01/2020,13:51:01,2.35,2.3,24000,2.4,14400,0,172800
NTPC30Jan20122CE.NFO,07/01/2020,13:51:13,2.35,2.3,24000,2.4,9600,0,172800
NTPC30Jan20122CE.NFO,07/01/2020,13:51:40,2.35,2.35,24000,2.4,9600,0,172800
NTPC30Jan20122CE.NFO,07/01/2020,13:51:45,2.35,2.35,4800,2.4,9600,0,172800
NTPC30Jan20122CE.NFO,07/01/2020,13:51:50,2.35,2.3,24000,2.4,14400,4800,172800
NTPC30Jan20122CE.NFO,07/01/2020,13:52:11,2.35,2.3,24000,2.45,33600,0,172800
NTPC30Jan20122CE.NFO,07/01/2020,13:52:16,2.35,2.3,24000,2.4,9600,0,172800
NTPC30Jan20122CE.NFO,07/01/2020,13:52:21,2.35,2.3,24000,2.4,14400,0,172800
NTPC30Jan20122CE.NFO,07/01/2020,13:52:25,2.35,2.3,19200,2.4,28800,0,172800
NTPC30Jan20122CE.NFO,07/01/2020,13:52:30,2.35,2.3,33600,2.4,28800,0,172800
NTPC30Jan20122CE.NFO,07/01/2020,13:52:35,2.35,2.3,33600,2.4,4800,0,172800
NTPC30Jan20122CE.NFO,07/01/2020,13:52:39,2.35,2.35,28800,2.4,4800,0,172800
NTPC30Jan20122CE.NFO,07/01/2020,13:52:41,2.35,2.35,9600,2.4,14400,0,172800
NTPC30Jan20122CE.NFO,07/01/2020,13:52:46,2.35,2.35,9600,2.4,9600,0,172800
NTPC30Jan20122CE.NFO,07/01/2020,13:52:50,2.35,2.35,14400,2.4,24000,0,172800
NTPC30Jan20122CE.NFO,07/01/2020,13:52:58,2.35,2.35,14400,2.4,9600,0,172800
NTPC30Jan20122CE.NFO,07/01/2020,13:53:20,2.35,2.35,24000,2.4,9600,0,172800
NTPC30Jan20122CE.NFO,07/01/2020,13:53:25,2.35,2.35,24000,2.4,19200,0,172800
NTPC30Jan20122CE.NFO,07/01/2020,13:53:29,2.35,2.35,14400,2.4,24000,0,172800
NTPC30Jan20122CE.NFO,07/01/2020,13:53:33,2.4,2.35,14400,2.4,19200,4800,172800
NTPC30Jan20122CE.NFO,07/01/2020,13:53:33,2.4,2.35,14400,2.4,19200,0,172800
NTPC30Jan20122CE.NFO,07/01/2020,13:53:41,2.4,2.35,14400,2.4,19200,0,172800
NTPC30Jan20122CE.NFO,07/01/2020,13:53:49,2.4,2.35,14400,2.4,24000,0,172800
NTPC30Jan20122CE.NFO,07/01/2020,13:53:58,2.4,2.35,14400,2.4,19200,0,172800
NTPC30Jan20122CE.NFO,07/01/2020,13:54:50,2.4,2.35,14400,2.4,28800,0,172800
NTPC30Jan20122CE.NFO,07/01/2020,13:55:06,2.4,2.35,14400,2.4,33600,0,172800
NTPC30Jan20122CE.NFO,07/01/2020,13:55:14,2.4,2.35,19200,2.4,24000,0,172800
NTPC30Jan20122CE.NFO,07/01/2020,13:55:41,2.4,2.35,14400,2.4,24000,0,172800
NTPC30Jan20122CE.NFO,07/01/2020,13:55:49,2.4,2.35,24000,2.4,19200,4800,177600
NTPC30Jan20122CE.NFO,07/01/2020,13:56:02,2.4,2.35,24000,2.45,38400,4800,177600
NTPC30Jan20122CE.NFO,07/01/2020,13:56:08,2.4,2.35,24000,2.45,38400,0,177600
NTPC30Jan20122CE.NFO,07/01/2020,13:56:25,2.4,2.35,14400,2.4,19200,0,177600
NTPC30Jan20122CE.NFO,07/01/2020,13:56:30,2.4,2.35,14400,2.4,28800,0,177600
NTPC30Jan20122CE.NFO,07/01/2020,13:57:13,2.4,2.35,14400,2.4,33600,0,177600
NTPC30Jan20122CE.NFO,07/01/2020,13:57:29,2.35,2.3,28800,2.35,4800,14400,187200
NTPC30Jan20122CE.NFO,07/01/2020,13:57:33,2.35,2.25,48000,2.35,4800,0,187200
NTPC30Jan20122CE.NFO,07/01/2020,13:57:41,2.35,2.3,43200,2.35,4800,0,187200
NTPC30Jan20122CE.NFO,07/01/2020,13:58:06,2.35,2.25,43200,2.35,9600,0,187200
NTPC30Jan20122CE.NFO,07/01/2020,13:58:14,2.35,2.3,38400,2.35,4800,0,187200
NTPC30Jan20122CE.NFO,07/01/2020,13:58:19,2.3,2.3,38400,2.4,33600,4800,187200
NTPC30Jan20122CE.NFO,07/01/2020,13:58:23,2.3,2.3,38400,2.4,33600,0,187200
NTPC30Jan20122CE.NFO,07/01/2020,13:58:48,2.3,2.3,14400,2.4,33600,0,187200
NTPC30Jan20122CE.NFO,07/01/2020,13:58:53,2.3,2.3,19200,2.4,33600,0,187200
NTPC30Jan20122CE.NFO,07/01/2020,13:58:56,2.3,2.3,38400,2.4,33600,0,187200
NTPC30Jan20122CE.NFO,07/01/2020,13:59:18,2.3,2.3,43200,2.45,38400,0,187200
NTPC30Jan20122CE.NFO,07/01/2020,13:59:25,2.3,2.3,43200,2.45,52800,0,187200
NTPC30Jan20122CE.NFO,07/01/2020,13:59:28,2.3,2.3,43200,2.4,9600,0,187200
NTPC30Jan20122CE.NFO,07/01/2020,14:00:00,2.3,2.3,43200,2.4,28800,0,187200
NTPC30Jan20122CE.NFO,07/01/2020,14:00:06,2.3,2.35,4800,2.4,28800,0,187200
NTPC30Jan20122CE.NFO,07/01/2020,14:00:10,2.3,2.35,4800,2.4,33600,0,187200
NTPC30Jan20122CE.NFO,07/01/2020,14:00:17,2.35,2.3,33600,2.4,33600,4800,196800
NTPC30Jan20122CE.NFO,07/01/2020,14:00:29,2.35,2.25,43200,2.35,33600,0,196800
NTPC30Jan20122CE.NFO,07/01/2020,14:00:31,2.35,2.25,43200,2.35,28800,0,196800
NTPC30Jan20122CE.NFO,07/01/2020,14:00:35,2.35,2.25,43200,2.35,9600,0,196800
NTPC30Jan20122CE.NFO,07/01/2020,14:00:54,2.35,2.3,38400,2.4,33600,0,196800
NTPC30Jan20122CE.NFO,07/01/2020,14:01:06,2.35,2.3,38400,2.4,28800,0,196800
NTPC30Jan20122CE.NFO,07/01/2020,14:01:21,2.35,2.3,38400,2.4,24000,0,196800
NTPC30Jan20122CE.NFO,07/01/2020,14:01:25,2.35,2.3,38400,2.4,19200,0,196800
NTPC30Jan20122CE.NFO,07/01/2020,14:01:29,2.35,2.3,38400,2.4,14400,0,196800
NTPC30Jan20122CE.NFO,07/01/2020,14:01:44,2.35,2.3,38400,2.4,4800,0,196800
NTPC30Jan20122CE.NFO,07/01/2020,14:02:01,2.35,2.3,4800,2.4,4800,0,196800
NTPC30Jan20122CE.NFO,07/01/2020,14:02:05,2.35,2.3,9600,2.4,4800,0,196800
NTPC30Jan20122CE.NFO,07/01/2020,14:02:11,2.35,2.3,4800,2.4,4800,0,196800
NTPC30Jan20122CE.NFO,07/01/2020,14:02:22,2.35,2.25,43200,2.4,4800,0,196800
NTPC30Jan20122CE.NFO,07/01/2020,14:02:29,2.35,2.3,4800,2.4,4800,0,196800
NTPC30Jan20122CE.NFO,07/01/2020,14:02:38,2.35,2.3,4800,2.4,28800,0,196800
NTPC30Jan20122CE.NFO,07/01/2020,14:02:52,2.35,2.3,4800,2.4,33600,0,196800
NTPC30Jan20122CE.NFO,07/01/2020,14:03:03,2.35,2.25,43200,2.35,19200,0,196800
NTPC30Jan20122CE.NFO,07/01/2020,14:03:14,2.35,2.3,14400,2.35,14400,0,196800
NTPC30Jan20122CE.NFO,07/01/2020,14:03:24,2.35,2.25,43200,2.35,19200,0,196800
NTPC30Jan20122CE.NFO,07/01/2020,14:03:28,2.35,2.25,38400,2.35,28800,0,196800
NTPC30Jan20122CE.NFO,07/01/2020,14:03:32,2.35,2.25,43200,2.35,19200,0,196800
NTPC30Jan20122CE.NFO,07/01/2020,14:03:37,2.35,2.3,19200,2.4,33600,0,196800
NTPC30Jan20122CE.NFO,07/01/2020,14:04:07,2.35,2.25,38400,2.35,28800,0,196800
NTPC30Jan20122CE.NFO,07/01/2020,14:04:15,2.35,2.25,38400,2.35,33600,0,196800
NTPC30Jan20122CE.NFO,07/01/2020,14:04:24,2.3,2.25,19200,2.3,14400,4800,201600
NTPC30Jan20122CE.NFO,07/01/2020,14:04:27,2.3,2.25,19200,2.3,14400,0,201600
NTPC30Jan20122CE.NFO,07/01/2020,14:04:34,2.3,2.25,38400,2.3,19200,0,201600
NTPC30Jan20122CE.NFO,07/01/2020,14:04:51,2.25,2.25,33600,2.3,14400,4800,201600
NTPC30Jan20122CE.NFO,07/01/2020,14:05:04,2.3,2.25,33600,2.3,9600,4800,201600
NTPC30Jan20122CE.NFO,07/01/2020,14:05:30,2.3,2.25,43200,2.35,4800,0,201600
NTPC30Jan20122CE.NFO,07/01/2020,14:05:34,2.3,2.25,43200,2.35,24000,0,201600
NTPC30Jan20122CE.NFO,07/01/2020,14:05:40,2.3,2.25,43200,2.35,28800,0,201600
NTPC30Jan20122CE.NFO,07/01/2020,14:05:44,2.3,2.25,43200,2.35,9600,0,201600
NTPC30Jan20122CE.NFO,07/01/2020,14:05:50,2.3,2.25,43200,2.35,4800,0,201600
NTPC30Jan20122CE.NFO,07/01/2020,14:05:59,2.3,2.25,43200,2.35,9600,0,201600
NTPC30Jan20122CE.NFO,07/01/2020,14:06:10,2.3,2.25,43200,2.35,4800,0,201600
NTPC30Jan20122CE.NFO,07/01/2020,14:06:18,2.3,2.25,43200,2.3,4800,0,201600
NTPC30Jan20122CE.NFO,07/01/2020,14:06:22,2.3,2.2,43200,2.3,4800,0,201600
NTPC30Jan20122CE.NFO,07/01/2020,14:06:26,2.3,2.25,33600,2.3,4800,0,201600
NTPC30Jan20122CE.NFO,07/01/2020,14:06:39,2.3,2.25,33600,2.35,28800,0,201600
NTPC30Jan20122CE.NFO,07/01/2020,14:06:43,2.3,2.25,9600,2.35,19200,0,201600
NTPC30Jan20122CE.NFO,07/01/2020,14:06:51,2.3,2.25,14400,2.35,19200,0,201600
NTPC30Jan20122CE.NFO,07/01/2020,14:06:57,2.3,2.25,14400,2.35,14400,0,201600
NTPC30Jan20122CE.NFO,07/01/2020,14:07:05,2.3,2.25,14400,2.35,9600,0,201600
NTPC30Jan20122CE.NFO,07/01/2020,14:07:10,2.3,2.25,33600,2.35,9600,0,201600
NTPC30Jan20122CE.NFO,07/01/2020,14:07:18,2.3,2.25,33600,2.35,4800,0,201600
NTPC30Jan20122CE.NFO,07/01/2020,14:07:29,2.3,2.25,33600,2.35,9600,0,201600
NTPC30Jan20122CE.NFO,07/01/2020,14:08:05,2.3,2.2,33600,2.3,9600,0,201600
NTPC30Jan20122CE.NFO,07/01/2020,14:08:10,2.3,2.2,38400,2.3,9600,0,201600
NTPC30Jan20122CE.NFO,07/01/2020,14:08:20,2.3,2.2,43200,2.3,9600,0,201600
NTPC30Jan20122CE.NFO,07/01/2020,14:08:33,2.3,2.2,43200,2.3,4800,0,201600
NTPC30Jan20122CE.NFO,07/01/2020,14:08:50,2.3,2.2,52800,2.3,4800,0,201600
NTPC30Jan20122CE.NFO,07/01/2020,14:08:57,2.3,2.2,48000,2.3,4800,0,201600
NTPC30Jan20122CE.NFO,07/01/2020,14:09:05,2.3,2.2,48000,2.35,14400,0,201600
NTPC30Jan20122CE.NFO,07/01/2020,14:09:10,2.3,2.2,48000,2.3,4800,0,201600
NTPC30Jan20122CE.NFO,07/01/2020,14:09:15,2.3,2.2,52800,2.35,14400,0,201600
NTPC30Jan20122CE.NFO,07/01/2020,14:09:44,2.3,2.25,33600,2.35,14400,0,201600
NTPC30Jan20122CE.NFO,07/01/2020,14:09:51,2.3,2.25,43200,2.35,9600,0,201600
NTPC30Jan20122CE.NFO,07/01/2020,14:09:59,2.3,2.3,9600,2.35,4800,0,201600
NTPC30Jan20122CE.NFO,07/01/2020,14:10:20,2.3,2.25,48000,2.35,4800,0,201600
NTPC30Jan20122CE.NFO,07/01/2020,14:10:26,2.3,2.3,4800,2.35,4800,0,201600
NTPC30Jan20122CE.NFO,07/01/2020,14:10:35,2.3,2.25,48000,2.35,4800,0,201600
NTPC30Jan20122CE.NFO,07/01/2020,14:10:49,2.3,2.3,4800,2.35,4800,0,201600
NTPC30Jan20122CE.NFO,07/01/2020,14:10:53,2.3,2.25,48000,2.35,4800,0,201600
NTPC30Jan20122CE.NFO,07/01/2020,14:10:57,2.3,2.3,4800,2.35,4800,0,201600
NTPC30Jan20122CE.NFO,07/01/2020,14:11:00,2.3,2.25,48000,2.35,4800,0,201600
NTPC30Jan20122CE.NFO,07/01/2020,14:11:07,2.3,2.3,4800,2.35,4800,0,201600
NTPC30Jan20122CE.NFO,07/01/2020,14:11:09,2.3,2.25,43200,2.35,9600,0,201600
NTPC30Jan20122CE.NFO,07/01/2020,14:11:16,2.3,2.25,52800,2.35,9600,0,201600
NTPC30Jan20122CE.NFO,07/01/2020,14:11:59,2.3,2.25,43200,2.35,9600,0,201600
NTPC30Jan20122CE.NFO,07/01/2020,14:12:17,2.3,2.25,43200,2.35,28800,0,201600
NTPC30Jan20122CE.NFO,07/01/2020,14:12:32,2.3,2.25,43200,2.35,33600,0,201600
NTPC30Jan20122CE.NFO,07/01/2020,14:13:14,2.3,2.25,43200,2.35,28800,0,201600
NTPC30Jan20122CE.NFO,07/01/2020,14:13:18,2.3,2.25,43200,2.35,33600,0,201600
NTPC30Jan20122CE.NFO,07/01/2020,14:13:24,2.3,2.25,43200,2.35,28800,0,201600
NTPC30Jan20122CE.NFO,07/01/2020,14:13:31,2.3,2.3,14400,2.35,4800,0,201600
NTPC30Jan20122CE.NFO,07/01/2020,14:13:39,2.3,2.3,38400,2.35,4800,4800,206400
NTPC30Jan20122CE.NFO,07/01/2020,14:14:01,2.35,2.3,38400,2.4,28800,4800,206400
NTPC30Jan20122CE.NFO,07/01/2020,14:14:08,2.35,2.3,38400,2.4,28800,0,206400
NTPC30Jan20122CE.NFO,07/01/2020,14:14:48,2.35,2.3,4800,2.4,38400,0,206400
NTPC30Jan20122CE.NFO,07/01/2020,14:14:52,2.35,2.35,4800,2.4,28800,0,206400
NTPC30Jan20122CE.NFO,07/01/2020,14:15:03,2.35,2.35,43200,2.45,33600,0,206400
NTPC30Jan20122CE.NFO,07/01/2020,14:15:10,2.35,2.35,4800,2.45,43200,0,206400
NTPC30Jan20122CE.NFO,07/01/2020,14:15:21,2.4,2.35,52800,2.45,14400,4800,196800
NTPC30Jan20122CE.NFO,07/01/2020,14:15:29,2.4,2.35,48000,2.45,33600,0,196800
NTPC30Jan20122CE.NFO,07/01/2020,14:15:36,2.4,2.35,48000,2.45,28800,0,196800
NTPC30Jan20122CE.NFO,07/01/2020,14:15:48,2.4,2.35,48000,2.45,33600,0,196800
NTPC30Jan20122CE.NFO,07/01/2020,14:16:09,2.4,2.35,43200,2.45,33600,0,196800
NTPC30Jan20122CE.NFO,07/01/2020,14:16:19,2.4,2.35,43200,2.45,14400,0,196800
NTPC30Jan20122CE.NFO,07/01/2020,14:16:29,2.4,2.35,38400,2.45,14400,0,196800
NTPC30Jan20122CE.NFO,07/01/2020,14:16:33,2.4,2.35,43200,2.45,14400,0,196800
NTPC30Jan20122CE.NFO,07/01/2020,14:16:37,2.4,2.35,38400,2.45,14400,0,196800
NTPC30Jan20122CE.NFO,07/01/2020,14:16:50,2.4,2.35,43200,2.45,14400,0,196800
NTPC30Jan20122CE.NFO,07/01/2020,14:17:01,2.4,2.35,28800,2.45,38400,0,196800
NTPC30Jan20122CE.NFO,07/01/2020,14:17:07,2.4,2.35,28800,2.45,33600,0,196800
NTPC30Jan20122CE.NFO,07/01/2020,14:17:11,2.4,2.3,43200,2.4,4800,0,196800
NTPC30Jan20122CE.NFO,07/01/2020,14:17:17,2.4,2.35,28800,2.45,33600,0,196800
NTPC30Jan20122CE.NFO,07/01/2020,14:17:26,2.4,2.3,33600,2.4,9600,0,196800
NTPC30Jan20122CE.NFO,07/01/2020,14:17:32,2.4,2.35,38400,2.45,33600,0,196800
NTPC30Jan20122CE.NFO,07/01/2020,14:17:51,2.4,2.35,33600,2.45,33600,0,196800
NTPC30Jan20122CE.NFO,07/01/2020,14:18:03,2.4,2.3,33600,2.4,4800,0,196800
NTPC30Jan20122CE.NFO,07/01/2020,14:18:12,2.4,2.3,33600,2.4,9600,0,196800
NTPC30Jan20122CE.NFO,07/01/2020,14:18:16,2.4,2.3,28800,2.4,9600,0,196800
NTPC30Jan20122CE.NFO,07/01/2020,14:18:39,2.4,2.3,28800,2.4,4800,0,196800
NTPC30Jan20122CE.NFO,07/01/2020,14:18:43,2.4,2.3,28800,2.4,28800,0,196800
NTPC30Jan20122CE.NFO,07/01/2020,14:18:54,2.4,2.3,24000,2.4,28800,0,196800
NTPC30Jan20122CE.NFO,07/01/2020,14:19:39,2.4,2.3,19200,2.35,4800,0,196800
NTPC30Jan20122CE.NFO,07/01/2020,14:19:42,2.4,2.3,24000,2.4,28800,0,196800
NTPC30Jan20122CE.NFO,07/01/2020,14:20:02,2.4,2.25,38400,2.35,24000,0,196800
NTPC30Jan20122CE.NFO,07/01/2020,14:20:07,2.4,2.3,14400,2.4,48000,0,196800
NTPC30Jan20122CE.NFO,07/01/2020,14:20:12,2.4,2.25,38400,2.35,28800,0,196800
NTPC30Jan20122CE.NFO,07/01/2020,14:20:16,2.4,2.25,38400,2.35,14400,0,196800
NTPC30Jan20122CE.NFO,07/01/2020,14:20:43,2.4,2.25,33600,2.35,48000,0,196800
NTPC30Jan20122CE.NFO,07/01/2020,14:20:46,2.4,2.25,14400,2.35,43200,0,196800
NTPC30Jan20122CE.NFO,07/01/2020,14:20:51,2.4,2.25,33600,2.35,43200,0,196800
NTPC30Jan20122CE.NFO,07/01/2020,14:21:03,2.4,2.25,33600,2.35,28800,0,196800
NTPC30Jan20122CE.NFO,07/01/2020,14:21:11,2.4,2.25,33600,2.35,43200,0,196800
NTPC30Jan20122CE.NFO,07/01/2020,14:21:16,2.4,2.25,33600,2.35,28800,0,196800
NTPC30Jan20122CE.NFO,07/01/2020,14:21:21,2.4,2.25,33600,2.35,43200,0,196800
NTPC30Jan20122CE.NFO,07/01/2020,14:21:25,2.4,2.25,38400,2.35,28800,0,196800
NTPC30Jan20122CE.NFO,07/01/2020,14:21:28,2.4,2.25,38400,2.35,43200,0,196800
NTPC30Jan20122CE.NFO,07/01/2020,14:21:32,2.4,2.25,38400,2.35,28800,0,196800
NTPC30Jan20122CE.NFO,07/01/2020,14:21:44,2.4,2.25,43200,2.35,28800,0,196800
NTPC30Jan20122CE.NFO,07/01/2020,14:21:48,2.4,2.25,38400,2.35,38400,0,196800
NTPC30Jan20122CE.NFO,07/01/2020,14:21:52,2.4,2.25,43200,2.35,28800,0,196800
NTPC30Jan20122CE.NFO,07/01/2020,14:22:05,2.4,2.25,38400,2.35,38400,0,196800
NTPC30Jan20122CE.NFO,07/01/2020,14:22:34,2.4,2.25,33600,2.35,28800,0,196800
NTPC30Jan20122CE.NFO,07/01/2020,14:22:38,2.4,2.25,43200,2.35,28800,0,196800
NTPC30Jan20122CE.NFO,07/01/2020,14:22:43,2.4,2.25,33600,2.35,28800,0,196800
NTPC30Jan20122CE.NFO,07/01/2020,14:22:59,2.4,2.25,38400,2.35,28800,0,196800
NTPC30Jan20122CE.NFO,07/01/2020,14:23:57,2.4,2.25,43200,2.35,14400,0,196800
NTPC30Jan20122CE.NFO,07/01/2020,14:24:01,2.4,2.3,33600,2.4,28800,0,196800
NTPC30Jan20122CE.NFO,07/01/2020,14:24:05,2.4,2.3,33600,2.4,38400,0,196800
NTPC30Jan20122CE.NFO,07/01/2020,14:24:11,2.4,2.25,38400,2.35,9600,0,196800
NTPC30Jan20122CE.NFO,07/01/2020,14:24:26,2.4,2.25,33600,2.35,9600,0,196800
NTPC30Jan20122CE.NFO,07/01/2020,14:24:31,2.4,2.25,43200,2.35,4800,0,196800
NTPC30Jan20122CE.NFO,07/01/2020,14:24:46,2.4,2.2,43200,2.35,9600,0,196800
NTPC30Jan20122CE.NFO,07/01/2020,14:25:08,2.4,2.25,33600,2.35,9600,0,196800
NTPC30Jan20122CE.NFO,07/01/2020,14:25:20,2.4,2.2,43200,2.35,9600,0,196800
NTPC30Jan20122CE.NFO,07/01/2020,14:25:55,2.4,2.25,9600,2.35,9600,0,196800
NTPC30Jan20122CE.NFO,07/01/2020,14:25:59,2.4,2.25,14400,2.35,9600,0,196800
NTPC30Jan20122CE.NFO,07/01/2020,14:26:23,2.4,2.25,33600,2.35,9600,0,196800
NTPC30Jan20122CE.NFO,07/01/2020,14:26:38,2.4,2.25,14400,2.35,9600,0,196800
NTPC30Jan20122CE.NFO,07/01/2020,14:27:11,2.4,2.25,33600,2.35,4800,0,196800
NTPC30Jan20122CE.NFO,07/01/2020,14:27:19,2.4,2.25,43200,2.35,4800,0,196800
NTPC30Jan20122CE.NFO,07/01/2020,14:27:47,2.4,2.25,48000,2.35,4800,0,196800
NTPC30Jan20122CE.NFO,07/01/2020,14:28:05,2.4,2.25,52800,2.35,4800,0,196800
NTPC30Jan20122CE.NFO,07/01/2020,14:28:28,2.4,2.25,38400,2.35,4800,0,196800
NTPC30Jan20122CE.NFO,07/01/2020,14:28:34,2.4,2.25,14400,2.35,9600,0,196800
NTPC30Jan20122CE.NFO,07/01/2020,14:28:47,2.4,2.25,33600,2.35,9600,0,196800
NTPC30Jan20122CE.NFO,07/01/2020,14:29:47,2.4,2.25,43200,2.35,4800,0,196800
NTPC30Jan20122CE.NFO,07/01/2020,14:29:52,2.4,2.25,52800,2.4,24000,0,196800
NTPC30Jan20122CE.NFO,07/01/2020,14:29:56,2.4,2.25,48000,2.35,4800,0,196800
NTPC30Jan20122CE.NFO,07/01/2020,14:30:01,2.4,2.25,33600,2.35,4800,0,196800
NTPC30Jan20122CE.NFO,07/01/2020,14:30:07,2.4,2.25,33600,2.35,9600,0,196800
NTPC30Jan20122CE.NFO,07/01/2020,14:30:11,2.4,2.25,38400,2.4,19200,0,196800
NTPC30Jan20122CE.NFO,07/01/2020,14:30:15,2.4,2.3,14400,2.4,19200,0,196800
NTPC30Jan20122CE.NFO,07/01/2020,14:30:25,2.4,2.3,33600,2.4,14400,0,196800
NTPC30Jan20122CE.NFO,07/01/2020,14:30:34,2.4,2.3,43200,2.4,14400,0,196800
NTPC30Jan20122CE.NFO,07/01/2020,14:30:43,2.4,2.3,43200,2.35,4800,0,196800
NTPC30Jan20122CE.NFO,07/01/2020,14:31:02,2.4,2.3,48000,2.4,4800,0,196800
NTPC30Jan20122CE.NFO,07/01/2020,14:31:10,2.4,2.3,57600,2.4,9600,0,196800
NTPC30Jan20122CE.NFO,07/01/2020,14:31:18,2.4,2.3,52800,2.4,9600,0,196800
NTPC30Jan20122CE.NFO,07/01/2020,14:31:27,2.4,2.35,24000,2.4,4800,0,196800
NTPC30Jan20122CE.NFO,07/01/2020,14:31:35,2.4,2.35,33600,2.4,4800,0,196800
NTPC30Jan20122CE.NFO,07/01/2020,14:31:43,2.4,2.35,38400,2.4,4800,0,196800
NTPC30Jan20122CE.NFO,07/01/2020,14:31:51,2.4,2.35,33600,2.4,4800,0,196800
NTPC30Jan20122CE.NFO,07/01/2020,14:32:04,2.4,2.3,48000,2.4,9600,0,196800
NTPC30Jan20122CE.NFO,07/01/2020,14:34:26,2.4,2.3,33600,2.4,14400,0,196800
NTPC30Jan20122CE.NFO,07/01/2020,14:34:31,2.4,2.25,48000,2.4,14400,0,196800
NTPC30Jan20122CE.NFO,07/01/2020,14:34:49,2.4,2.25,28800,2.35,9600,0,196800
NTPC30Jan20122CE.NFO,07/01/2020,14:34:55,2.4,2.25,48000,2.35,4800,0,196800
NTPC30Jan20122CE.NFO,07/01/2020,14:35:23,2.4,2.25,33600,2.3,4800,0,196800
NTPC30Jan20122CE.NFO,07/01/2020,14:35:48,2.4,2.25,38400,2.3,4800,0,196800
NTPC30Jan20122CE.NFO,07/01/2020,14:35:53,2.4,2.25,33600,2.3,4800,0,196800
NTPC30Jan20122CE.NFO,07/01/2020,14:37:17,2.4,2.25,9600,2.3,14400,0,196800
NTPC30Jan20122CE.NFO,07/01/2020,14:37:37,2.4,2.25,9600,2.3,9600,0,196800
NTPC30Jan20122CE.NFO,07/01/2020,14:37:41,2.4,2.25,9600,2.3,14400,0,196800
NTPC30Jan20122CE.NFO,07/01/2020,14:38:30,2.4,2.2,48000,2.3,19200,0,196800
NTPC30Jan20122CE.NFO,07/01/2020,14:38:36,2.4,2.2,48000,2.3,14400,0,196800
NTPC30Jan20122CE.NFO,07/01/2020,14:38:42,2.4,2.2,48000,2.3,9600,0,196800
NTPC30Jan20122CE.NFO,07/01/2020,14:38:48,2.4,2.25,9600,2.3,9600,0,196800
NTPC30Jan20122CE.NFO,07/01/2020,14:39:53,2.4,2.25,28800,2.3,9600,0,196800
NTPC30Jan20122CE.NFO,07/01/2020,14:40:13,2.4,2.25,33600,2.3,9600,0,196800
NTPC30Jan20122CE.NFO,07/01/2020,14:41:32,2.4,2.25,28800,2.3,9600,0,196800
NTPC30Jan20122CE.NFO,07/01/2020,14:41:37,2.3,2.25,33600,2.35,28800,9600,196800
NTPC30Jan20122CE.NFO,07/01/2020,14:41:49,2.3,2.25,38400,2.35,28800,0,196800
NTPC30Jan20122CE.NFO,07/01/2020,14:43:00,2.3,2.25,19200,2.35,28800,0,196800
NTPC30Jan20122CE.NFO,07/01/2020,14:43:08,2.3,2.25,38400,2.35,24000,0,196800
NTPC30Jan20122CE.NFO,07/01/2020,14:43:13,2.3,2.25,19200,2.35,28800,0,196800
NTPC30Jan20122CE.NFO,07/01/2020,14:44:39,2.3,2.25,19200,2.35,24000,0,196800
NTPC30Jan20122CE.NFO,07/01/2020,14:45:04,2.3,2.25,19200,2.35,28800,0,196800
NTPC30Jan20122CE.NFO,07/01/2020,14:45:11,2.3,2.2,48000,2.3,9600,0,196800
NTPC30Jan20122CE.NFO,07/01/2020,14:45:32,2.3,2.2,43200,2.3,9600,0,196800
NTPC30Jan20122CE.NFO,07/01/2020,14:45:38,2.3,2.25,9600,2.35,28800,0,196800
NTPC30Jan20122CE.NFO,07/01/2020,14:46:13,2.3,2.2,43200,2.3,9600,0,196800
NTPC30Jan20122CE.NFO,07/01/2020,14:46:41,2.3,2.2,43200,2.3,4800,0,196800
NTPC30Jan20122CE.NFO,07/01/2020,14:46:49,2.3,2.2,52800,2.3,4800,0,196800
NTPC30Jan20122CE.NFO,07/01/2020,14:46:53,2.3,2.2,52800,2.35,9600,0,196800
NTPC30Jan20122CE.NFO,07/01/2020,14:47:07,2.3,2.2,52800,2.3,4800,0,196800
NTPC30Jan20122CE.NFO,07/01/2020,14:47:18,2.3,2.2,48000,2.3,4800,0,196800
NTPC30Jan20122CE.NFO,07/01/2020,14:47:23,2.3,2.2,48000,2.35,14400,0,196800
NTPC30Jan20122CE.NFO,07/01/2020,14:47:27,2.3,2.25,4800,2.3,4800,0,196800
NTPC30Jan20122CE.NFO,07/01/2020,14:47:32,2.3,2.2,43200,2.3,4800,0,196800
NTPC30Jan20122CE.NFO,07/01/2020,14:47:41,2.3,2.25,9600,2.3,4800,0,196800
NTPC30Jan20122CE.NFO,07/01/2020,14:47:54,2.3,2.2,43200,2.3,4800,0,196800
NTPC30Jan20122CE.NFO,07/01/2020,14:47:58,2.3,2.2,48000,2.3,4800,0,196800
NTPC30Jan20122CE.NFO,07/01/2020,14:48:02,2.3,2.2,43200,2.3,4800,0,196800
NTPC30Jan20122CE.NFO,07/01/2020,14:49:31,2.3,2.2,43200,2.3,33600,0,196800
NTPC30Jan20122CE.NFO,07/01/2020,14:49:34,2.3,2.2,43200,2.3,24000,0,196800
NTPC30Jan20122CE.NFO,07/01/2020,14:49:51,2.3,2.2,43200,2.3,14400,0,196800
NTPC30Jan20122CE.NFO,07/01/2020,14:50:02,2.3,2.2,43200,2.3,9600,0,196800
NTPC30Jan20122CE.NFO,07/01/2020,14:50:08,2.3,2.2,48000,2.3,9600,0,196800
NTPC30Jan20122CE.NFO,07/01/2020,14:50:37,2.3,2.2,43200,2.25,4800,0,196800
NTPC30Jan20122CE.NFO,07/01/2020,14:51:01,2.3,2.2,33600,2.25,4800,0,196800
NTPC30Jan20122CE.NFO,07/01/2020,14:51:05,2.3,2.2,9600,2.25,4800,0,196800
NTPC30Jan20122CE.NFO,07/01/2020,14:51:20,2.3,2.2,33600,2.25,4800,0,196800
NTPC30Jan20122CE.NFO,07/01/2020,14:51:34,2.3,2.2,9600,2.25,4800,0,196800
NTPC30Jan20122CE.NFO,07/01/2020,14:51:38,2.3,2.15,48000,2.25,14400,0,196800
NTPC30Jan20122CE.NFO,07/01/2020,14:51:46,2.3,2.2,9600,2.25,4800,0,196800
NTPC30Jan20122CE.NFO,07/01/2020,14:51:50,2.3,2.15,48000,2.25,14400,0,196800
NTPC30Jan20122CE.NFO,07/01/2020,14:51:59,2.3,2.2,9600,2.25,4800,0,196800
NTPC30Jan20122CE.NFO,07/01/2020,14:52:01,2.3,2.15,48000,2.25,9600,0,196800
NTPC30Jan20122CE.NFO,07/01/2020,14:52:06,2.3,2.15,28800,2.25,33600,0,196800
NTPC30Jan20122CE.NFO,07/01/2020,14:52:16,2.3,2.15,28800,2.25,38400,0,196800
NTPC30Jan20122CE.NFO,07/01/2020,14:52:33,2.3,2.1,52800,2.25,38400,0,196800
NTPC30Jan20122CE.NFO,07/01/2020,14:52:41,2.3,2.1,48000,2.25,38400,0,196800
NTPC30Jan20122CE.NFO,07/01/2020,14:52:56,2.3,2.15,38400,2.25,33600,0,196800
NTPC30Jan20122CE.NFO,07/01/2020,14:53:09,2.3,2.15,48000,2.25,19200,0,196800
NTPC30Jan20122CE.NFO,07/01/2020,14:53:22,2.3,2.2,33600,2.25,4800,0,196800
NTPC30Jan20122CE.NFO,07/01/2020,14:54:07,2.3,2.2,9600,2.25,4800,0,196800
NTPC30Jan20122CE.NFO,07/01/2020,14:54:12,2.3,2.2,43200,2.25,4800,0,196800
NTPC30Jan20122CE.NFO,07/01/2020,14:54:17,2.3,2.2,38400,2.25,4800,0,196800
NTPC30Jan20122CE.NFO,07/01/2020,14:55:47,2.3,2.2,38400,2.3,28800,0,196800
NTPC30Jan20122CE.NFO,07/01/2020,14:56:01,2.3,2.2,9600,2.25,4800,0,196800
NTPC30Jan20122CE.NFO,07/01/2020,14:56:15,2.3,2.2,28800,2.3,38400,0,196800
NTPC30Jan20122CE.NFO,07/01/2020,14:56:19,2.3,2.15,38400,2.25,19200,0,196800
NTPC30Jan20122CE.NFO,07/01/2020,14:56:37,2.3,2.15,33600,2.25,28800,0,196800
NTPC30Jan20122CE.NFO,07/01/2020,14:56:44,2.3,2.15,33600,2.25,24000,0,196800
NTPC30Jan20122CE.NFO,07/01/2020,14:56:53,2.3,2.15,43200,2.25,19200,0,196800
NTPC30Jan20122CE.NFO,07/01/2020,14:57:42,2.3,2.15,33600,2.25,33600,0,196800
NTPC30Jan20122CE.NFO,07/01/2020,14:57:45,2.3,2.1,57600,2.2,4800,0,196800
NTPC30Jan20122CE.NFO,07/01/2020,14:57:57,2.3,2.1,57600,2.25,33600,0,196800
NTPC30Jan20122CE.NFO,07/01/2020,14:58:02,2.3,2.1,52800,2.25,33600,0,196800
NTPC30Jan20122CE.NFO,07/01/2020,14:58:54,2.3,2.15,48000,2.25,19200,0,196800
NTPC30Jan20122CE.NFO,07/01/2020,14:59:34,2.3,2.15,43200,2.25,19200,0,196800
NTPC30Jan20122CE.NFO,07/01/2020,14:59:45,2.3,2.15,43200,2.25,14400,0,196800
NTPC30Jan20122CE.NFO,07/01/2020,14:59:52,2.3,2.15,43200,2.25,19200,0,196800
NTPC30Jan20122CE.NFO,07/01/2020,14:59:57,2.3,2.1,52800,2.25,24000,0,196800
NTPC30Jan20122CE.NFO,07/01/2020,15:00:03,2.3,2.15,38400,2.25,19200,0,196800
NTPC30Jan20122CE.NFO,07/01/2020,15:02:19,2.3,2.2,9600,2.3,28800,0,196800
NTPC30Jan20122CE.NFO,07/01/2020,15:02:23,2.3,2.2,9600,2.25,4800,0,196800
NTPC30Jan20122CE.NFO,07/01/2020,15:02:38,2.3,2.15,48000,2.25,9600,0,196800
NTPC30Jan20122CE.NFO,07/01/2020,15:03:11,2.3,2.15,43200,2.25,9600,0,196800
NTPC30Jan20122CE.NFO,07/01/2020,15:03:16,2.3,2.15,48000,2.25,9600,0,196800
NTPC30Jan20122CE.NFO,07/01/2020,15:03:51,2.3,2.15,52800,2.25,9600,0,196800
NTPC30Jan20122CE.NFO,07/01/2020,15:03:57,2.3,2.15,48000,2.25,9600,0,196800
NTPC30Jan20122CE.NFO,07/01/2020,15:04:17,2.3,2.15,52800,2.25,9600,0,196800
NTPC30Jan20122CE.NFO,07/01/2020,15:04:34,2.3,2.15,48000,2.25,9600,0,196800
NTPC30Jan20122CE.NFO,07/01/2020,15:06:48,2.15,2.15,43200,2.25,4800,4800,206400
NTPC30Jan20122CE.NFO,07/01/2020,15:07:08,2.15,2.15,43200,2.25,4800,0,206400
NTPC30Jan20122CE.NFO,07/01/2020,15:07:28,2.15,2.15,43200,2.3,33600,0,206400
NTPC30Jan20122CE.NFO,07/01/2020,15:07:52,2.15,2.15,43200,2.25,4800,0,206400
NTPC30Jan20122CE.NFO,07/01/2020,15:07:57,2.15,2.15,48000,2.25,4800,0,206400
NTPC30Jan20122CE.NFO,07/01/2020,15:08:01,2.15,2.15,43200,2.25,4800,0,206400
NTPC30Jan20122CE.NFO,07/01/2020,15:08:06,2.15,2.15,48000,2.25,4800,0,206400
NTPC30Jan20122CE.NFO,07/01/2020,15:08:47,2.15,2.15,52800,2.25,4800,0,206400
NTPC30Jan20122CE.NFO,07/01/2020,15:08:54,2.15,2.15,48000,2.25,28800,0,206400
NTPC30Jan20122CE.NFO,07/01/2020,15:10:45,2.15,2.15,52800,2.25,9600,0,206400
NTPC30Jan20122CE.NFO,07/01/2020,15:10:50,2.15,2.15,52800,2.25,4800,0,206400
NTPC30Jan20122CE.NFO,07/01/2020,15:11:14,2.15,2.2,4800,2.25,4800,0,206400
NTPC30Jan20122CE.NFO,07/01/2020,15:11:20,2.15,2.15,52800,2.25,4800,0,206400
NTPC30Jan20122CE.NFO,07/01/2020,15:11:26,2.15,2.15,38400,2.25,28800,0,206400
NTPC30Jan20122CE.NFO,07/01/2020,15:11:34,2.15,2.15,38400,2.25,33600,0,206400
NTPC30Jan20122CE.NFO,07/01/2020,15:11:47,2.15,2.1,52800,2.2,4800,0,206400
NTPC30Jan20122CE.NFO,07/01/2020,15:12:14,2.15,2.1,57600,2.2,4800,0,206400
NTPC30Jan20122CE.NFO,07/01/2020,15:12:28,2.15,2.1,52800,2.2,4800,0,206400
NTPC30Jan20122CE.NFO,07/01/2020,15:12:33,2.15,2.1,57600,2.2,4800,0,206400
NTPC30Jan20122CE.NFO,07/01/2020,15:12:42,2.15,2.15,24000,2.2,4800,0,206400
NTPC30Jan20122CE.NFO,07/01/2020,15:12:47,2.15,2.1,52800,2.2,4800,0,206400
NTPC30Jan20122CE.NFO,07/01/2020,15:13:21,2.15,2.1,48000,2.2,28800,4800,201600
NTPC30Jan20122CE.NFO,07/01/2020,15:13:32,2.15,2.1,48000,2.2,28800,0,201600
NTPC30Jan20122CE.NFO,07/01/2020,15:13:37,2.15,2.1,43200,2.2,38400,0,201600
NTPC30Jan20122CE.NFO,07/01/2020,15:13:42,2.15,2.1,33600,2.15,4800,0,201600
NTPC30Jan20122CE.NFO,07/01/2020,15:13:53,2.2,2.1,48000,2.2,9600,48000,201600
NTPC30Jan20122CE.NFO,07/01/2020,15:13:58,2.2,2.1,52800,2.2,4800,0,201600
NTPC30Jan20122CE.NFO,07/01/2020,15:14:03,2.2,2.1,57600,2.2,4800,0,201600
NTPC30Jan20122CE.NFO,07/01/2020,15:14:22,2.1,2.05,52800,2.15,14400,4800,201600
NTPC30Jan20122CE.NFO,07/01/2020,15:14:25,2.1,2.05,52800,2.2,14400,0,201600
NTPC30Jan20122CE.NFO,07/01/2020,15:14:33,2.1,2.1,28800,2.2,14400,0,201600
NTPC30Jan20122CE.NFO,07/01/2020,15:14:40,2.1,2.1,24000,2.15,4800,0,201600
NTPC30Jan20122CE.NFO,07/01/2020,15:14:45,2.1,2.1,28800,2.2,14400,0,201600
NTPC30Jan20122CE.NFO,07/01/2020,15:14:54,2.1,2.15,24000,2.2,4800,0,201600
NTPC30Jan20122CE.NFO,07/01/2020,15:15:00,2.1,2.15,24000,2.2,9600,0,201600
NTPC30Jan20122CE.NFO,07/01/2020,15:15:13,2.2,2.1,48000,2.25,28800,24000,201600
NTPC30Jan20122CE.NFO,07/01/2020,15:15:19,2.2,2.1,48000,2.25,14400,0,201600
NTPC30Jan20122CE.NFO,07/01/2020,15:15:31,2.2,2.05,52800,2.2,14400,0,201600
NTPC30Jan20122CE.NFO,07/01/2020,15:15:39,2.2,2.05,38400,2.15,24000,0,201600
NTPC30Jan20122CE.NFO,07/01/2020,15:15:46,2.2,2.05,48000,2.15,24000,0,201600
NTPC30Jan20122CE.NFO,07/01/2020,15:15:54,2.2,2.05,48000,2.15,14400,0,201600
NTPC30Jan20122CE.NFO,07/01/2020,15:16:00,2.2,2.05,14400,2.1,4800,0,201600
NTPC30Jan20122CE.NFO,07/01/2020,15:16:08,2.2,2.05,14400,2.15,19200,0,201600
NTPC30Jan20122CE.NFO,07/01/2020,15:16:15,2.2,2.05,33600,2.15,19200,0,201600
NTPC30Jan20122CE.NFO,07/01/2020,15:16:21,2.2,2.05,52800,2.2,14400,0,201600
NTPC30Jan20122CE.NFO,07/01/2020,15:16:28,2.2,2.05,48000,2.2,14400,0,201600
NTPC30Jan20122CE.NFO,07/01/2020,15:16:35,2.2,2.05,38400,2.2,14400,0,201600
NTPC30Jan20122CE.NFO,07/01/2020,15:16:41,2.2,2.05,43200,2.2,14400,0,201600
NTPC30Jan20122CE.NFO,07/01/2020,15:16:47,2.2,2.05,38400,2.2,14400,0,201600
NTPC30Jan20122CE.NFO,07/01/2020,15:17:06,2.2,2.05,38400,2.15,14400,0,201600
NTPC30Jan20122CE.NFO,07/01/2020,15:17:47,2.15,2.05,38400,2.15,9600,4800,268800
NTPC30Jan20122CE.NFO,07/01/2020,15:17:52,2.15,2.05,28800,2.15,9600,0,268800
NTPC30Jan20122CE.NFO,07/01/2020,15:17:57,2.15,2.1,4800,2.15,9600,0,268800
NTPC30Jan20122CE.NFO,07/01/2020,15:18:02,2.15,2.1,4800,2.15,4800,0,268800
NTPC30Jan20122CE.NFO,07/01/2020,15:18:13,2.15,2.1,4800,2.2,14400,0,268800
NTPC30Jan20122CE.NFO,07/01/2020,15:18:25,2.15,2.1,4800,2.15,4800,0,268800
NTPC30Jan20122CE.NFO,07/01/2020,15:18:31,2.15,2.1,4800,2.15,9600,0,268800
NTPC30Jan20122CE.NFO,07/01/2020,15:18:50,2.15,2.1,38400,2.2,9600,0,268800
NTPC30Jan20122CE.NFO,07/01/2020,15:18:56,2.15,2.1,48000,2.25,19200,0,268800
NTPC30Jan20122CE.NFO,07/01/2020,15:19:13,2.15,2.1,48000,2.2,4800,0,268800
NTPC30Jan20122CE.NFO,07/01/2020,15:19:19,2.15,2.1,48000,2.25,19200,0,268800
NTPC30Jan20122CE.NFO,07/01/2020,15:19:36,2.15,2.1,48000,2.25,14400,0,268800
NTPC30Jan20122CE.NFO,07/01/2020,15:20:08,2.15,2.1,48000,2.25,4800,0,268800
NTPC30Jan20122CE.NFO,07/01/2020,15:20:16,2.15,2.15,28800,2.25,9600,0,268800
NTPC30Jan20122CE.NFO,07/01/2020,15:20:24,2.15,2.15,24000,2.25,9600,0,268800
NTPC30Jan20122CE.NFO,07/01/2020,15:20:31,2.15,2.15,24000,2.25,14400,0,268800
NTPC30Jan20122CE.NFO,07/01/2020,15:20:37,2.15,2.1,33600,2.25,14400,0,268800
NTPC30Jan20122CE.NFO,07/01/2020,15:20:43,2.15,2.15,14400,2.25,14400,0,268800
NTPC30Jan20122CE.NFO,07/01/2020,15:20:49,2.15,2.15,9600,2.2,4800,0,268800
NTPC30Jan20122CE.NFO,07/01/2020,15:21:00,2.15,2.15,9600,2.25,14400,0,268800
NTPC30Jan20122CE.NFO,07/01/2020,15:21:26,2.15,2.15,9600,2.2,4800,0,268800
NTPC30Jan20122CE.NFO,07/01/2020,15:22:33,2.15,2.15,9600,2.25,14400,0,268800
NTPC30Jan20122CE.NFO,07/01/2020,15:22:40,2.15,2.15,9600,2.2,4800,0,268800
NTPC30Jan20122CE.NFO,07/01/2020,15:22:46,2.15,2.15,9600,2.2,9600,0,268800
NTPC30Jan20122CE.NFO,07/01/2020,15:22:51,2.15,2.15,9600,2.2,24000,0,268800
NTPC30Jan20122CE.NFO,07/01/2020,15:23:04,2.15,2.15,9600,2.2,19200,0,268800
NTPC30Jan20122CE.NFO,07/01/2020,15:23:20,2.15,2.15,9600,2.2,24000,0,268800
NTPC30Jan20122CE.NFO,07/01/2020,15:24:52,2.15,2.15,9600,2.2,19200,0,268800
NTPC30Jan20122CE.NFO,07/01/2020,15:25:07,2.15,2.15,9600,2.2,14400,0,268800
NTPC30Jan20122CE.NFO,07/01/2020,15:25:59,2.15,2.15,9600,2.2,9600,0,268800
NTPC30Jan20122CE.NFO,07/01/2020,15:26:33,2.15,2.1,33600,2.2,9600,0,268800
NTPC30Jan20122CE.NFO,07/01/2020,15:27:17,2.15,2.1,14400,2.2,19200,0,268800
NTPC30Jan20122CE.NFO,07/01/2020,15:27:22,2.15,2.1,28800,2.2,19200,0,268800
NTPC30Jan20122CE.NFO,07/01/2020,15:27:28,2.15,2.1,9600,2.2,19200,0,268800
NTPC30Jan20122CE.NFO,07/01/2020,15:27:34,2.15,2.1,33600,2.2,19200,0,268800
NTPC30Jan20122CE.NFO,07/01/2020,15:27:39,2.15,2.1,28800,2.2,19200,0,268800
NTPC30Jan20122CE.NFO,07/01/2020,15:27:44,2.15,2.1,24000,2.2,19200,0,268800
NTPC30Jan20122CE.NFO,07/01/2020,15:27:49,2.15,2.1,24000,2.2,14400,0,268800
NTPC30Jan20122CE.NFO,07/01/2020,15:27:54,2.15,2.1,28800,2.2,14400,0,268800
NTPC30Jan20122CE.NFO,07/01/2020,15:28:18,2.15,2.1,24000,2.2,24000,0,268800
NTPC30Jan20122CE.NFO,07/01/2020,15:28:35,2.15,2.1,4800,2.15,9600,0,268800
NTPC30Jan20122CE.NFO,07/01/2020,15:28:40,2.15,2.1,4800,2.15,4800,0,268800
NTPC30Jan20122CE.NFO,07/01/2020,15:28:47,2.15,2.1,19200,2.2,9600,0,268800
NTPC30Jan20122CE.NFO,07/01/2020,15:29:04,2.15,2.1,24000,2.2,9600,0,268800
NTPC30Jan20122CE.NFO,07/01/2020,15:29:33,2.15,2.1,19200,2.2,19200,0,268800
NTPC30Jan20122CE.NFO,07/01/2020,15:29:52,2.1,2.05,9600,2.2,14400,4800,273600
NTPC30Jan20122CE.NFO,07/01/2020,15:30:00,2.1,2.1,4800,2.2,14400,0,273600
