Ticker,Date,Time,LTP,BuyPrice,BuyQty,SellPrice,SellQty,LTQ,OpenInterest
ONGC27Feb20120PE.NFO,07/01/2020,11:19:00,4.6,4.25,24600,4.65,20500,20500,57400
ONGC27Feb20120PE.NFO,07/01/2020,11:19:00,4.6,4.25,24600,4.65,20500,0,57400
ONGC27Feb20120PE.NFO,07/01/2020,11:19:00,4.6,4.25,24600,4.65,20500,0,57400
ONGC27Feb20120PE.NFO,07/01/2020,11:19:00,4.6,4.25,24600,4.65,20500,0,57400
ONGC27Feb20120PE.NFO,07/01/2020,11:19:11,4.6,4.25,8200,4.65,20500,0,57400
ONGC27Feb20120PE.NFO,07/01/2020,11:19:17,4.6,4.25,24600,4.7,20500,0,57400
ONGC27Feb20120PE.NFO,07/01/2020,11:19:26,4.6,4.25,24600,4.75,20500,0,57400
ONGC27Feb20120PE.NFO,07/01/2020,11:19:44,4.6,4.35,24600,4.75,20500,0,57400
ONGC27Feb20120PE.NFO,07/01/2020,11:19:59,4.6,4.35,36900,4.75,20500,0,57400
ONGC27Feb20120PE.NFO,07/01/2020,11:20:02,4.6,4.45,8200,4.75,20500,0,57400
ONGC27Feb20120PE.NFO,07/01/2020,11:20:08,4.45,4.4,12300,4.75,20500,8200,57400
ONGC27Feb20120PE.NFO,07/01/2020,11:20:08,4.45,4.4,12300,4.75,20500,0,57400
ONGC27Feb20120PE.NFO,07/01/2020,11:20:14,4.45,4.45,12300,4.75,20500,0,57400
ONGC27Feb20120PE.NFO,07/01/2020,11:20:30,4.45,4.5,49200,4.75,20500,0,57400
ONGC27Feb20120PE.NFO,07/01/2020,11:20:36,4.45,4.45,12300,4.75,20500,0,57400
ONGC27Feb20120PE.NFO,07/01/2020,11:22:10,4.45,4.4,12300,4.75,20500,0,57400
ONGC27Feb20120PE.NFO,07/01/2020,11:22:30,4.45,4.4,12300,0,0,0,57400
ONGC27Feb20120PE.NFO,07/01/2020,11:23:00,4.45,4.4,12300,4.6,20500,0,57400
ONGC27Feb20120PE.NFO,07/01/2020,11:23:05,4.45,4.4,12300,4.7,20500,0,57400
ONGC27Feb20120PE.NFO,07/01/2020,11:23:34,4.45,4.4,20500,4.7,20500,0,57400
ONGC27Feb20120PE.NFO,07/01/2020,11:24:00,4.45,4.4,20500,4.8,20500,0,57400
ONGC27Feb20120PE.NFO,07/01/2020,11:25:06,4.45,4.4,8200,4.8,20500,0,57400
ONGC27Feb20120PE.NFO,07/01/2020,11:25:24,4.45,4.4,20500,4.8,20500,0,57400
ONGC27Feb20120PE.NFO,07/01/2020,11:25:38,4.45,4.4,8200,4.8,20500,0,57400
ONGC27Feb20120PE.NFO,07/01/2020,11:26:41,4.45,4.4,20500,4.8,20500,0,57400
ONGC27Feb20120PE.NFO,07/01/2020,11:27:42,4.45,4.5,8200,4.8,20500,0,57400
ONGC27Feb20120PE.NFO,07/01/2020,11:28:27,4.45,4.4,20500,4.8,20500,0,57400
ONGC27Feb20120PE.NFO,07/01/2020,11:29:50,4.45,4.45,12300,4.8,20500,0,57400
ONGC27Feb20120PE.NFO,07/01/2020,11:29:53,4.45,4.4,20500,4.8,20500,0,57400
ONGC27Feb20120PE.NFO,07/01/2020,11:30:55,4.45,4.5,8200,4.8,20500,0,57400
ONGC27Feb20120PE.NFO,07/01/2020,11:31:11,4.45,4.4,8200,4.8,20500,0,57400
ONGC27Feb20120PE.NFO,07/01/2020,11:32:49,4.45,4.4,20500,4.8,20500,0,57400
ONGC27Feb20120PE.NFO,07/01/2020,11:33:00,4.45,4.4,8200,4.8,20500,0,57400
ONGC27Feb20120PE.NFO,07/01/2020,11:33:21,4.45,4.3,20500,4.8,20500,0,57400
ONGC27Feb20120PE.NFO,07/01/2020,11:33:24,4.45,4.3,20500,5.2,16400,0,57400
ONGC27Feb20120PE.NFO,07/01/2020,11:33:35,4.45,4.35,12300,5.2,16400,0,57400
ONGC27Feb20120PE.NFO,07/01/2020,11:33:48,4.45,4.35,20500,5.2,16400,0,57400
ONGC27Feb20120PE.NFO,07/01/2020,11:33:57,4.45,4.35,20500,4.75,20500,0,57400
ONGC27Feb20120PE.NFO,07/01/2020,11:34:03,4.45,4.35,12300,4.75,20500,0,57400
ONGC27Feb20120PE.NFO,07/01/2020,11:34:36,4.45,4.35,20500,4.75,20500,0,57400
ONGC27Feb20120PE.NFO,07/01/2020,11:35:06,4.45,4.35,12300,4.75,20500,0,57400
ONGC27Feb20120PE.NFO,07/01/2020,11:35:13,4.45,4.35,20500,4.75,20500,0,57400
ONGC27Feb20120PE.NFO,07/01/2020,11:36:24,4.45,4.35,12300,4.75,20500,0,57400
ONGC27Feb20120PE.NFO,07/01/2020,11:36:45,4.45,4.4,12300,4.75,20500,0,57400
ONGC27Feb20120PE.NFO,07/01/2020,11:36:58,4.45,4.4,12300,4.9,20500,0,57400
ONGC27Feb20120PE.NFO,07/01/2020,11:37:05,4.45,4.4,12300,4.75,20500,0,57400
ONGC27Feb20120PE.NFO,07/01/2020,11:37:20,4.45,4.4,20500,5.2,24600,0,57400
ONGC27Feb20120PE.NFO,07/01/2020,11:37:48,4.45,4.4,20500,4.8,20500,0,57400
ONGC27Feb20120PE.NFO,07/01/2020,11:38:58,4.45,4.4,12300,4.8,20500,0,57400
ONGC27Feb20120PE.NFO,07/01/2020,11:39:11,4.45,4.35,12300,4.8,20500,0,57400
ONGC27Feb20120PE.NFO,07/01/2020,11:39:19,4.45,4.4,20500,4.8,20500,0,57400
ONGC27Feb20120PE.NFO,07/01/2020,11:39:49,4.45,4.4,12300,4.8,20500,0,57400
ONGC27Feb20120PE.NFO,07/01/2020,11:39:57,4.45,4.4,20500,4.8,20500,0,57400
ONGC27Feb20120PE.NFO,07/01/2020,11:42:08,4.45,4.45,12300,4.8,20500,0,57400
ONGC27Feb20120PE.NFO,07/01/2020,11:42:16,4.45,4.4,20500,4.8,20500,0,57400
ONGC27Feb20120PE.NFO,07/01/2020,11:45:22,4.45,4.4,20500,4.9,20500,0,57400
ONGC27Feb20120PE.NFO,07/01/2020,11:45:47,4.45,4.4,20500,5,20500,0,57400
ONGC27Feb20120PE.NFO,07/01/2020,11:45:51,4.45,4.4,20500,4.85,20500,0,57400
ONGC27Feb20120PE.NFO,07/01/2020,11:47:42,4.45,4.45,20500,4.85,20500,0,57400
ONGC27Feb20120PE.NFO,07/01/2020,11:49:26,4.45,4.45,20500,5,20500,0,57400
ONGC27Feb20120PE.NFO,07/01/2020,11:49:30,4.45,4.45,20500,4.7,20500,0,57400
ONGC27Feb20120PE.NFO,07/01/2020,11:50:06,4.45,4.45,20500,4.8,20500,0,57400
ONGC27Feb20120PE.NFO,07/01/2020,11:55:43,4.45,4.5,12300,4.8,20500,0,57400
ONGC27Feb20120PE.NFO,07/01/2020,11:55:56,4.45,4.45,20500,4.8,20500,0,57400
ONGC27Feb20120PE.NFO,07/01/2020,11:56:12,4.45,4.5,12300,4.8,20500,0,57400
ONGC27Feb20120PE.NFO,07/01/2020,11:57:22,4.45,4.45,20500,4.8,20500,0,57400
ONGC27Feb20120PE.NFO,07/01/2020,11:57:26,4.45,4.45,12300,4.8,20500,0,57400
ONGC27Feb20120PE.NFO,07/01/2020,11:57:30,4.45,4.5,12300,4.8,20500,0,57400
ONGC27Feb20120PE.NFO,07/01/2020,11:58:55,4.45,4.45,20500,4.8,20500,0,57400
ONGC27Feb20120PE.NFO,07/01/2020,11:59:51,4.45,4.5,12300,4.8,20500,0,57400
ONGC27Feb20120PE.NFO,07/01/2020,12:00:06,4.45,4.5,20500,4.8,20500,0,57400
ONGC27Feb20120PE.NFO,07/01/2020,12:02:26,4.45,4.45,12300,4.8,20500,0,57400
ONGC27Feb20120PE.NFO,07/01/2020,12:02:36,4.45,4.45,20500,4.8,20500,0,57400
ONGC27Feb20120PE.NFO,07/01/2020,12:03:17,4.45,4.4,20500,4.8,20500,0,57400
ONGC27Feb20120PE.NFO,07/01/2020,12:03:28,4.45,4.45,20500,4.8,20500,0,57400
ONGC27Feb20120PE.NFO,07/01/2020,12:05:07,4.45,4.4,20500,4.8,20500,0,57400
ONGC27Feb20120PE.NFO,07/01/2020,12:08:27,4.45,4.4,12300,4.8,20500,0,57400
ONGC27Feb20120PE.NFO,07/01/2020,12:12:00,4.45,4.4,12300,4.95,20500,0,57400
ONGC27Feb20120PE.NFO,07/01/2020,12:12:06,4.45,4.4,12300,4.65,20500,0,57400
ONGC27Feb20120PE.NFO,07/01/2020,12:17:03,4.45,4.4,12300,4.8,20500,0,57400
ONGC27Feb20120PE.NFO,07/01/2020,12:21:33,4.45,4.4,12300,5.2,24600,0,57400
ONGC27Feb20120PE.NFO,07/01/2020,12:21:36,4.45,4.4,12300,4.75,20500,0,57400
ONGC27Feb20120PE.NFO,07/01/2020,12:21:39,4.45,4.4,12300,4.85,20500,0,57400
ONGC27Feb20120PE.NFO,07/01/2020,12:24:58,4.45,4.4,12300,5.2,24600,0,57400
ONGC27Feb20120PE.NFO,07/01/2020,12:33:00,4.45,4.4,20500,5.2,24600,0,61500
ONGC27Feb20120PE.NFO,07/01/2020,12:33:33,4.45,4.4,12300,5.2,24600,0,61500
ONGC27Feb20120PE.NFO,07/01/2020,12:35:42,4.45,4.4,20500,5.2,24600,0,61500
ONGC27Feb20120PE.NFO,07/01/2020,12:36:06,4.45,4.45,12300,5.2,24600,0,61500
ONGC27Feb20120PE.NFO,07/01/2020,12:36:11,4.45,4.45,12300,5.2,8200,0,61500
ONGC27Feb20120PE.NFO,07/01/2020,12:36:14,4.45,4.45,12300,5.2,24600,0,61500
ONGC27Feb20120PE.NFO,07/01/2020,12:36:34,4.45,4.45,12300,5.2,8200,0,61500
ONGC27Feb20120PE.NFO,07/01/2020,12:37:06,4.45,4.45,12300,5.2,16400,0,61500
ONGC27Feb20120PE.NFO,07/01/2020,12:37:27,4.45,4.45,12300,5.2,8200,0,61500
ONGC27Feb20120PE.NFO,07/01/2020,12:37:59,4.45,4.45,12300,5.2,24600,0,61500
ONGC27Feb20120PE.NFO,07/01/2020,12:38:29,4.45,4.4,20500,5.2,24600,0,61500
ONGC27Feb20120PE.NFO,07/01/2020,12:38:54,4.45,4.4,12300,5.2,24600,0,61500
ONGC27Feb20120PE.NFO,07/01/2020,12:40:19,4.45,4.4,20500,5.2,24600,0,61500
ONGC27Feb20120PE.NFO,07/01/2020,12:40:44,4.45,4.4,12300,5.2,24600,0,61500
ONGC27Feb20120PE.NFO,07/01/2020,12:41:04,4.45,4.4,20500,5.2,24600,0,61500
ONGC27Feb20120PE.NFO,07/01/2020,12:41:08,4.45,4.4,12300,5.2,24600,0,61500
ONGC27Feb20120PE.NFO,07/01/2020,12:41:21,4.45,4.4,20500,5.2,24600,0,61500
ONGC27Feb20120PE.NFO,07/01/2020,13:00:17,4.45,4.45,12300,5.2,24600,0,61500
ONGC27Feb20120PE.NFO,07/01/2020,13:01:02,4.45,4.45,12300,5.2,8200,0,61500
ONGC27Feb20120PE.NFO,07/01/2020,13:01:09,4.45,4.45,12300,5.2,24600,0,61500
ONGC27Feb20120PE.NFO,07/01/2020,13:03:34,4.45,4.45,12300,5.2,8200,0,61500
ONGC27Feb20120PE.NFO,07/01/2020,13:04:44,4.45,4.5,12300,5.2,8200,0,61500
ONGC27Feb20120PE.NFO,07/01/2020,13:05:47,4.45,4.4,12300,5.2,8200,0,61500
ONGC27Feb20120PE.NFO,07/01/2020,13:06:10,4.45,4.5,12300,5.2,8200,0,61500
ONGC27Feb20120PE.NFO,07/01/2020,13:08:03,4.45,4.55,12300,5.2,8200,0,61500
ONGC27Feb20120PE.NFO,07/01/2020,13:08:18,4.45,4.55,12300,0,0,0,61500
ONGC27Feb20120PE.NFO,07/01/2020,13:08:26,4.45,4.6,12300,0,0,0,61500
ONGC27Feb20120PE.NFO,07/01/2020,13:08:59,4.45,4.55,12300,0,0,0,61500
ONGC27Feb20120PE.NFO,07/01/2020,13:12:03,4.45,4.6,12300,0,0,0,61500
ONGC27Feb20120PE.NFO,07/01/2020,13:15:10,4.45,4.5,12300,0,0,0,61500
ONGC27Feb20120PE.NFO,07/01/2020,13:15:44,4.45,4.55,12300,0,0,0,61500
ONGC27Feb20120PE.NFO,07/01/2020,13:15:50,4.45,4.5,12300,0,0,0,61500
ONGC27Feb20120PE.NFO,07/01/2020,13:16:07,4.45,4.45,20500,0,0,0,61500
ONGC27Feb20120PE.NFO,07/01/2020,13:16:14,4.45,4.5,12300,0,0,0,61500
ONGC27Feb20120PE.NFO,07/01/2020,13:16:20,4.45,4.55,12300,0,0,0,61500
ONGC27Feb20120PE.NFO,07/01/2020,13:16:32,4.45,4.5,12300,0,0,0,61500
ONGC27Feb20120PE.NFO,07/01/2020,13:17:10,4.45,4.45,20500,0,0,0,61500
ONGC27Feb20120PE.NFO,07/01/2020,13:17:14,4.45,4.5,12300,0,0,0,61500
ONGC27Feb20120PE.NFO,07/01/2020,13:17:22,4.45,4.55,12300,0,0,0,61500
ONGC27Feb20120PE.NFO,07/01/2020,13:17:36,4.45,4.5,12300,0,0,0,61500
ONGC27Feb20120PE.NFO,07/01/2020,13:18:13,4.45,4.5,20500,0,0,0,61500
ONGC27Feb20120PE.NFO,07/01/2020,13:18:27,4.45,4.55,12300,0,0,0,61500
ONGC27Feb20120PE.NFO,07/01/2020,13:18:45,4.45,4.5,12300,0,0,0,61500
ONGC27Feb20120PE.NFO,07/01/2020,13:18:51,4.45,4.45,20500,0,0,0,61500
ONGC27Feb20120PE.NFO,07/01/2020,13:18:56,4.45,4.5,12300,0,0,0,61500
ONGC27Feb20120PE.NFO,07/01/2020,13:19:20,4.45,4.55,12300,0,0,0,61500
ONGC27Feb20120PE.NFO,07/01/2020,13:19:30,4.45,4.5,12300,0,0,0,61500
ONGC27Feb20120PE.NFO,07/01/2020,13:21:16,4.45,4.55,12300,0,0,0,61500
ONGC27Feb20120PE.NFO,07/01/2020,13:21:24,4.45,4.5,20500,0,0,0,61500
ONGC27Feb20120PE.NFO,07/01/2020,13:21:53,4.45,4.55,12300,0,0,0,61500
ONGC27Feb20120PE.NFO,07/01/2020,13:22:02,4.45,4.5,20500,0,0,0,61500
ONGC27Feb20120PE.NFO,07/01/2020,13:22:22,4.45,4.55,12300,0,0,0,61500
ONGC27Feb20120PE.NFO,07/01/2020,13:22:54,4.45,4.6,12300,0,0,0,61500
ONGC27Feb20120PE.NFO,07/01/2020,13:23:16,4.45,4.6,20500,0,0,0,61500
ONGC27Feb20120PE.NFO,07/01/2020,13:23:22,4.45,4.6,12300,0,0,0,61500
ONGC27Feb20120PE.NFO,07/01/2020,13:24:02,4.45,4.55,20500,0,0,0,61500
ONGC27Feb20120PE.NFO,07/01/2020,13:24:14,4.45,4.6,12300,0,0,0,61500
ONGC27Feb20120PE.NFO,07/01/2020,13:24:19,4.45,4.55,20500,0,0,0,61500
ONGC27Feb20120PE.NFO,07/01/2020,13:24:24,4.45,4.6,12300,0,0,0,61500
ONGC27Feb20120PE.NFO,07/01/2020,13:25:19,4.45,4.55,12300,0,0,0,61500
ONGC27Feb20120PE.NFO,07/01/2020,13:25:26,4.45,4.6,12300,0,0,0,61500
ONGC27Feb20120PE.NFO,07/01/2020,13:25:39,4.45,4.55,20500,0,0,0,61500
ONGC27Feb20120PE.NFO,07/01/2020,13:25:43,4.45,4.6,12300,0,0,0,61500
ONGC27Feb20120PE.NFO,07/01/2020,13:25:47,4.45,4.55,20500,0,0,0,61500
ONGC27Feb20120PE.NFO,07/01/2020,13:25:51,4.45,4.6,12300,0,0,0,61500
ONGC27Feb20120PE.NFO,07/01/2020,13:26:00,4.45,4.55,12300,0,0,0,61500
ONGC27Feb20120PE.NFO,07/01/2020,13:26:05,4.45,4.55,20500,0,0,0,61500
ONGC27Feb20120PE.NFO,07/01/2020,13:26:09,4.45,4.55,12300,0,0,0,61500
ONGC27Feb20120PE.NFO,07/01/2020,13:26:33,4.45,4.6,12300,0,0,0,61500
ONGC27Feb20120PE.NFO,07/01/2020,13:26:38,4.45,4.55,20500,0,0,0,61500
ONGC27Feb20120PE.NFO,07/01/2020,13:26:43,4.45,4.6,12300,0,0,0,61500
ONGC27Feb20120PE.NFO,07/01/2020,13:26:48,4.45,4.55,20500,0,0,0,61500
ONGC27Feb20120PE.NFO,07/01/2020,13:26:53,4.45,4.6,12300,0,0,0,61500
ONGC27Feb20120PE.NFO,07/01/2020,13:26:58,4.45,4.55,20500,0,0,0,61500
ONGC27Feb20120PE.NFO,07/01/2020,13:27:17,4.45,4.55,12300,0,0,0,61500
ONGC27Feb20120PE.NFO,07/01/2020,13:27:21,4.45,4.6,12300,0,0,0,61500
ONGC27Feb20120PE.NFO,07/01/2020,13:27:41,4.45,4.55,20500,0,0,0,61500
ONGC27Feb20120PE.NFO,07/01/2020,13:27:53,4.45,4.6,12300,0,0,0,61500
ONGC27Feb20120PE.NFO,07/01/2020,13:28:33,4.45,4.6,20500,0,0,0,61500
ONGC27Feb20120PE.NFO,07/01/2020,13:29:06,4.45,4.6,12300,0,0,0,61500
ONGC27Feb20120PE.NFO,07/01/2020,13:29:20,4.45,4.6,20500,0,0,0,61500
ONGC27Feb20120PE.NFO,07/01/2020,13:29:46,4.45,4.65,12300,0,0,0,61500
ONGC27Feb20120PE.NFO,07/01/2020,13:30:00,4.45,4.6,20500,0,0,0,61500
ONGC27Feb20120PE.NFO,07/01/2020,13:30:13,4.45,4.65,12300,0,0,0,61500
ONGC27Feb20120PE.NFO,07/01/2020,13:31:08,4.45,4.6,12300,0,0,0,61500
ONGC27Feb20120PE.NFO,07/01/2020,13:31:15,4.45,4.65,12300,0,0,0,61500
ONGC27Feb20120PE.NFO,07/01/2020,13:31:22,4.45,4.6,12300,0,0,0,61500
ONGC27Feb20120PE.NFO,07/01/2020,13:31:28,4.45,4.65,12300,0,0,0,61500
ONGC27Feb20120PE.NFO,07/01/2020,13:31:35,4.45,4.6,12300,0,0,0,61500
ONGC27Feb20120PE.NFO,07/01/2020,13:31:58,4.45,4.65,12300,0,0,0,61500
ONGC27Feb20120PE.NFO,07/01/2020,13:33:16,4.45,4.6,12300,0,0,0,61500
ONGC27Feb20120PE.NFO,07/01/2020,13:33:21,4.45,4.65,12300,0,0,0,61500
ONGC27Feb20120PE.NFO,07/01/2020,13:33:27,4.45,4.75,12300,0,0,0,61500
ONGC27Feb20120PE.NFO,07/01/2020,13:33:39,4.45,4.7,12300,0,0,0,61500
ONGC27Feb20120PE.NFO,07/01/2020,13:33:44,4.45,4.75,12300,0,0,0,61500
ONGC27Feb20120PE.NFO,07/01/2020,13:33:55,4.45,4.7,12300,0,0,0,61500
ONGC27Feb20120PE.NFO,07/01/2020,13:34:00,4.45,4.75,12300,0,0,0,61500
ONGC27Feb20120PE.NFO,07/01/2020,13:34:05,4.45,4.65,20500,0,0,0,61500
ONGC27Feb20120PE.NFO,07/01/2020,13:34:10,4.45,4.7,12300,0,0,0,61500
ONGC27Feb20120PE.NFO,07/01/2020,13:34:20,4.45,4.65,20500,0,0,0,61500
ONGC27Feb20120PE.NFO,07/01/2020,13:34:29,4.45,4.7,12300,0,0,0,61500
ONGC27Feb20120PE.NFO,07/01/2020,13:34:45,4.45,4.65,12300,0,0,0,61500
ONGC27Feb20120PE.NFO,07/01/2020,13:34:50,4.45,4.6,12300,0,0,0,61500
ONGC27Feb20120PE.NFO,07/01/2020,13:35:46,4.45,4.55,12300,0,0,0,61500
ONGC27Feb20120PE.NFO,07/01/2020,13:35:59,4.45,4.6,12300,0,0,0,61500
ONGC27Feb20120PE.NFO,07/01/2020,13:36:48,4.45,4.55,12300,0,0,0,61500
ONGC27Feb20120PE.NFO,07/01/2020,13:36:53,4.45,4.55,20500,0,0,0,61500
ONGC27Feb20120PE.NFO,07/01/2020,13:36:59,4.45,4.6,12300,0,0,0,61500
ONGC27Feb20120PE.NFO,07/01/2020,13:37:23,4.45,4.55,12300,0,0,0,61500
ONGC27Feb20120PE.NFO,07/01/2020,13:37:32,4.45,4.6,12300,0,0,0,61500
ONGC27Feb20120PE.NFO,07/01/2020,13:37:37,4.45,4.55,20500,0,0,0,61500
ONGC27Feb20120PE.NFO,07/01/2020,13:37:43,4.45,4.6,12300,0,0,0,61500
ONGC27Feb20120PE.NFO,07/01/2020,13:37:47,4.45,4.55,20500,0,0,0,61500
ONGC27Feb20120PE.NFO,07/01/2020,13:37:51,4.45,4.6,12300,0,0,0,61500
ONGC27Feb20120PE.NFO,07/01/2020,13:38:03,4.45,4.55,20500,0,0,0,61500
ONGC27Feb20120PE.NFO,07/01/2020,13:38:15,4.45,4.55,12300,0,0,0,61500
ONGC27Feb20120PE.NFO,07/01/2020,13:40:23,4.45,4.6,12300,0,0,0,61500
ONGC27Feb20120PE.NFO,07/01/2020,13:40:28,4.45,4.55,12300,0,0,0,61500
ONGC27Feb20120PE.NFO,07/01/2020,13:41:19,4.45,4.55,20500,0,0,0,61500
ONGC27Feb20120PE.NFO,07/01/2020,13:41:54,4.45,4.6,12300,0,0,0,61500
ONGC27Feb20120PE.NFO,07/01/2020,13:41:59,4.45,4.55,20500,0,0,0,61500
ONGC27Feb20120PE.NFO,07/01/2020,13:42:04,4.45,4.55,12300,0,0,0,61500
ONGC27Feb20120PE.NFO,07/01/2020,13:42:59,4.45,4.6,20500,0,0,0,61500
ONGC27Feb20120PE.NFO,07/01/2020,13:47:02,4.45,4.6,8200,0,0,0,61500
ONGC27Feb20120PE.NFO,07/01/2020,13:47:09,4.45,4.6,20500,0,0,0,61500
ONGC27Feb20120PE.NFO,07/01/2020,13:47:31,4.45,4.55,20500,0,0,0,61500
ONGC27Feb20120PE.NFO,07/01/2020,13:49:52,4.45,4.6,12300,0,0,0,61500
ONGC27Feb20120PE.NFO,07/01/2020,13:49:58,4.45,4.55,20500,0,0,0,61500
ONGC27Feb20120PE.NFO,07/01/2020,13:50:32,4.45,4.5,20500,0,0,0,61500
ONGC27Feb20120PE.NFO,07/01/2020,13:51:52,4.45,4.55,20500,0,0,0,61500
ONGC27Feb20120PE.NFO,07/01/2020,13:52:22,4.45,4.6,12300,0,0,0,61500
ONGC27Feb20120PE.NFO,07/01/2020,13:52:27,4.45,4.55,20500,0,0,0,61500
ONGC27Feb20120PE.NFO,07/01/2020,13:53:00,4.45,4.55,12300,0,0,0,61500
ONGC27Feb20120PE.NFO,07/01/2020,13:53:04,4.45,4.55,20500,0,0,0,61500
ONGC27Feb20120PE.NFO,07/01/2020,13:53:13,4.45,4.6,12300,0,0,0,61500
ONGC27Feb20120PE.NFO,07/01/2020,13:53:27,4.45,4.6,20500,0,0,0,61500
ONGC27Feb20120PE.NFO,07/01/2020,13:54:57,4.45,4.65,12300,0,0,0,61500
ONGC27Feb20120PE.NFO,07/01/2020,13:55:09,4.45,4.6,20500,0,0,0,61500
ONGC27Feb20120PE.NFO,07/01/2020,13:55:22,4.45,4.65,12300,0,0,0,61500
ONGC27Feb20120PE.NFO,07/01/2020,13:56:18,4.45,4.6,20500,0,0,0,61500
ONGC27Feb20120PE.NFO,07/01/2020,13:56:27,4.45,4.65,12300,0,0,0,61500
ONGC27Feb20120PE.NFO,07/01/2020,13:56:45,4.45,4.6,20500,0,0,0,61500
ONGC27Feb20120PE.NFO,07/01/2020,13:57:38,4.45,4.65,12300,0,0,0,61500
ONGC27Feb20120PE.NFO,07/01/2020,13:59:02,4.45,4.65,20500,0,0,0,61500
ONGC27Feb20120PE.NFO,07/01/2020,14:00:27,4.45,4.65,12300,0,0,0,61500
ONGC27Feb20120PE.NFO,07/01/2020,14:03:01,4.65,4.65,8200,0,0,4100,61500
ONGC27Feb20120PE.NFO,07/01/2020,14:03:01,4.65,4.65,8200,0,0,0,61500
ONGC27Feb20120PE.NFO,07/01/2020,14:03:38,4.65,4.6,12300,0,0,0,61500
ONGC27Feb20120PE.NFO,07/01/2020,14:03:46,4.65,4.55,20500,0,0,0,61500
ONGC27Feb20120PE.NFO,07/01/2020,14:03:57,4.65,4.5,20500,0,0,0,61500
ONGC27Feb20120PE.NFO,07/01/2020,14:04:13,4.65,4.55,20500,0,0,0,61500
ONGC27Feb20120PE.NFO,07/01/2020,14:04:29,4.65,4.6,8200,0,0,0,61500
ONGC27Feb20120PE.NFO,07/01/2020,14:04:35,4.65,4.65,8200,0,0,0,61500
ONGC27Feb20120PE.NFO,07/01/2020,14:04:45,4.65,4.55,20500,0,0,0,61500
ONGC27Feb20120PE.NFO,07/01/2020,14:05:13,4.65,4.55,12300,0,0,0,61500
ONGC27Feb20120PE.NFO,07/01/2020,14:05:47,4.65,4.55,20500,0,0,0,61500
ONGC27Feb20120PE.NFO,07/01/2020,14:07:26,4.65,4.6,12300,0,0,0,61500
ONGC27Feb20120PE.NFO,07/01/2020,14:07:52,4.65,4.55,20500,0,0,0,61500
ONGC27Feb20120PE.NFO,07/01/2020,14:08:02,4.65,4.6,12300,0,0,0,61500
ONGC27Feb20120PE.NFO,07/01/2020,14:09:12,4.65,4.6,20500,0,0,0,61500
ONGC27Feb20120PE.NFO,07/01/2020,14:09:21,4.65,4.6,12300,0,0,0,61500
ONGC27Feb20120PE.NFO,07/01/2020,14:09:27,4.65,4.65,12300,0,0,0,61500
ONGC27Feb20120PE.NFO,07/01/2020,14:09:47,4.65,4.6,20500,0,0,0,61500
ONGC27Feb20120PE.NFO,07/01/2020,14:09:54,4.65,4.6,12300,0,0,0,61500
ONGC27Feb20120PE.NFO,07/01/2020,14:10:55,4.65,4.55,12300,0,0,0,61500
ONGC27Feb20120PE.NFO,07/01/2020,14:10:58,4.65,4.55,20500,0,0,0,61500
ONGC27Feb20120PE.NFO,07/01/2020,14:11:14,4.65,4.55,12300,0,0,0,61500
ONGC27Feb20120PE.NFO,07/01/2020,14:11:38,4.65,4.55,20500,0,0,0,61500
ONGC27Feb20120PE.NFO,07/01/2020,14:11:44,4.65,4.6,12300,0,0,0,61500
ONGC27Feb20120PE.NFO,07/01/2020,14:12:08,4.65,4.55,20500,0,0,0,61500
ONGC27Feb20120PE.NFO,07/01/2020,14:13:48,4.65,4.55,12300,0,0,0,61500
ONGC27Feb20120PE.NFO,07/01/2020,14:14:54,4.65,4.55,20500,0,0,0,61500
ONGC27Feb20120PE.NFO,07/01/2020,14:15:17,4.65,4.55,12300,0,0,0,61500
ONGC27Feb20120PE.NFO,07/01/2020,14:19:32,4.65,4.55,12300,4.6,4100,0,61500
ONGC27Feb20120PE.NFO,07/01/2020,14:19:40,4.65,4.55,20500,4.6,4100,0,61500
ONGC27Feb20120PE.NFO,07/01/2020,14:19:54,4.55,4.55,16400,0,0,4100,65600
ONGC27Feb20120PE.NFO,07/01/2020,14:19:59,4.55,4.55,8200,0,0,0,65600
ONGC27Feb20120PE.NFO,07/01/2020,14:20:57,4.55,4.55,8200,4.75,20500,0,65600
ONGC27Feb20120PE.NFO,07/01/2020,14:22:32,4.55,4.6,12300,4.75,20500,0,65600
ONGC27Feb20120PE.NFO,07/01/2020,14:23:01,4.55,4.55,12300,4.85,20500,0,65600
ONGC27Feb20120PE.NFO,07/01/2020,14:23:06,4.55,4.6,12300,4.85,20500,0,65600
ONGC27Feb20120PE.NFO,07/01/2020,14:23:36,4.55,4.55,12300,4.85,20500,0,65600
ONGC27Feb20120PE.NFO,07/01/2020,14:23:54,4.55,4.6,12300,4.85,20500,0,65600
ONGC27Feb20120PE.NFO,07/01/2020,14:23:59,4.55,4.55,20500,4.85,20500,0,65600
ONGC27Feb20120PE.NFO,07/01/2020,14:24:14,4.55,4.6,12300,4.85,20500,0,65600
ONGC27Feb20120PE.NFO,07/01/2020,14:25:05,4.55,4.55,20500,4.85,20500,0,65600
ONGC27Feb20120PE.NFO,07/01/2020,14:25:17,4.55,4.6,12300,4.85,20500,0,65600
ONGC27Feb20120PE.NFO,07/01/2020,14:25:22,4.55,4.6,20500,4.85,20500,0,65600
ONGC27Feb20120PE.NFO,07/01/2020,14:25:28,4.55,4.6,12300,4.85,20500,0,65600
ONGC27Feb20120PE.NFO,07/01/2020,14:25:52,4.55,4.6,12300,4.7,4100,0,65600
ONGC27Feb20120PE.NFO,07/01/2020,14:26:25,4.55,4.6,12300,4.65,4100,0,65600
ONGC27Feb20120PE.NFO,07/01/2020,14:26:54,4.6,4.6,8200,4.95,20500,4100,69700
ONGC27Feb20120PE.NFO,07/01/2020,14:27:54,4.6,4.6,16400,4.95,20500,0,69700
ONGC27Feb20120PE.NFO,07/01/2020,14:27:59,4.6,4.6,8200,4.95,20500,0,69700
ONGC27Feb20120PE.NFO,07/01/2020,14:28:03,4.6,4.55,20500,4.95,20500,0,69700
ONGC27Feb20120PE.NFO,07/01/2020,14:28:30,4.6,4.6,12300,4.95,20500,0,69700
ONGC27Feb20120PE.NFO,07/01/2020,14:28:52,4.6,4.6,20500,4.95,20500,0,69700
ONGC27Feb20120PE.NFO,07/01/2020,14:28:56,4.6,4.6,12300,4.95,20500,0,69700
ONGC27Feb20120PE.NFO,07/01/2020,14:29:16,4.6,4.55,20500,4.95,20500,0,69700
ONGC27Feb20120PE.NFO,07/01/2020,14:29:49,4.6,4.6,12300,4.95,20500,0,73800
ONGC27Feb20120PE.NFO,07/01/2020,14:30:03,4.6,4.55,20500,4.95,20500,0,73800
ONGC27Feb20120PE.NFO,07/01/2020,14:30:21,4.6,4.6,12300,4.95,20500,0,73800
ONGC27Feb20120PE.NFO,07/01/2020,14:30:28,4.6,4.55,20500,4.95,20500,0,73800
ONGC27Feb20120PE.NFO,07/01/2020,14:31:30,4.6,4.5,20500,4.95,20500,0,73800
ONGC27Feb20120PE.NFO,07/01/2020,14:31:53,4.6,4.55,20500,4.95,20500,0,73800
ONGC27Feb20120PE.NFO,07/01/2020,14:32:52,4.6,4.6,20500,4.95,20500,0,73800
ONGC27Feb20120PE.NFO,07/01/2020,14:32:59,4.6,4.6,12300,4.95,20500,0,73800
ONGC27Feb20120PE.NFO,07/01/2020,14:34:22,4.6,4.6,20500,4.95,20500,0,73800
ONGC27Feb20120PE.NFO,07/01/2020,14:34:33,4.6,4.6,12300,4.95,20500,0,73800
ONGC27Feb20120PE.NFO,07/01/2020,14:35:50,4.6,4.6,20500,4.95,20500,0,73800
ONGC27Feb20120PE.NFO,07/01/2020,14:35:59,4.6,4.6,12300,4.95,20500,0,73800
ONGC27Feb20120PE.NFO,07/01/2020,14:36:26,4.6,4.6,20500,4.95,20500,0,73800
ONGC27Feb20120PE.NFO,07/01/2020,14:36:55,4.6,4.6,12300,4.95,20500,0,73800
ONGC27Feb20120PE.NFO,07/01/2020,14:38:21,4.6,4.6,20500,4.95,20500,0,73800
ONGC27Feb20120PE.NFO,07/01/2020,14:38:26,4.6,4.6,20500,5.05,20500,0,73800
ONGC27Feb20120PE.NFO,07/01/2020,14:39:27,4.6,4.6,20500,4.8,20500,0,73800
ONGC27Feb20120PE.NFO,07/01/2020,14:39:39,4.6,4.6,12300,4.8,20500,0,73800
ONGC27Feb20120PE.NFO,07/01/2020,14:39:44,4.6,4.6,20500,4.8,20500,0,73800
ONGC27Feb20120PE.NFO,07/01/2020,14:42:39,4.6,4.65,20500,4.8,20500,0,73800
ONGC27Feb20120PE.NFO,07/01/2020,14:43:10,4.6,4.6,12300,4.8,20500,0,73800
ONGC27Feb20120PE.NFO,07/01/2020,14:43:15,4.6,4.55,20500,4.8,20500,0,73800
ONGC27Feb20120PE.NFO,07/01/2020,14:45:06,4.6,4.6,12300,4.8,20500,0,73800
ONGC27Feb20120PE.NFO,07/01/2020,14:45:22,4.6,4.6,20500,4.9,20500,0,73800
ONGC27Feb20120PE.NFO,07/01/2020,14:45:55,4.6,4.6,12300,4.9,20500,0,73800
ONGC27Feb20120PE.NFO,07/01/2020,14:47:39,4.6,4.6,20500,4.9,20500,0,73800
ONGC27Feb20120PE.NFO,07/01/2020,14:48:41,4.6,4.6,12300,5.2,20500,0,73800
ONGC27Feb20120PE.NFO,07/01/2020,14:48:45,4.6,4.6,12300,4.85,20500,0,73800
ONGC27Feb20120PE.NFO,07/01/2020,14:48:52,4.6,4.6,20500,4.85,20500,0,73800
ONGC27Feb20120PE.NFO,07/01/2020,14:49:59,4.6,4.55,20500,4.85,20500,0,73800
ONGC27Feb20120PE.NFO,07/01/2020,14:50:39,4.6,4.6,20500,4.85,20500,0,73800
ONGC27Feb20120PE.NFO,07/01/2020,14:51:11,4.6,4.6,12300,4.85,20500,0,73800
ONGC27Feb20120PE.NFO,07/01/2020,14:51:15,4.6,4.6,20500,4.85,20500,0,73800
ONGC27Feb20120PE.NFO,07/01/2020,14:52:20,4.6,4.6,20500,5.2,20500,0,73800
ONGC27Feb20120PE.NFO,07/01/2020,14:52:24,4.6,4.6,20500,4.85,20500,0,73800
ONGC27Feb20120PE.NFO,07/01/2020,14:52:30,4.6,4.6,20500,5.25,20500,0,73800
ONGC27Feb20120PE.NFO,07/01/2020,14:52:34,4.6,4.6,12300,4.85,20500,0,73800
ONGC27Feb20120PE.NFO,07/01/2020,14:53:04,4.6,4.55,12300,4.85,20500,0,73800
ONGC27Feb20120PE.NFO,07/01/2020,14:53:18,4.6,4.55,20500,4.85,20500,0,73800
ONGC27Feb20120PE.NFO,07/01/2020,14:53:25,4.6,4.55,8200,4.85,20500,0,73800
ONGC27Feb20120PE.NFO,07/01/2020,14:53:32,4.6,4.55,20500,4.85,20500,0,73800
ONGC27Feb20120PE.NFO,07/01/2020,14:53:39,4.6,4.5,20500,4.85,20500,0,73800
ONGC27Feb20120PE.NFO,07/01/2020,14:54:35,4.6,4.55,12300,4.85,20500,0,73800
ONGC27Feb20120PE.NFO,07/01/2020,14:54:42,4.6,4.55,20500,4.85,20500,0,73800
ONGC27Feb20120PE.NFO,07/01/2020,14:54:59,4.6,4.55,12300,4.85,20500,0,73800
ONGC27Feb20120PE.NFO,07/01/2020,14:55:07,4.6,4.55,20500,4.85,20500,0,73800
ONGC27Feb20120PE.NFO,07/01/2020,14:55:52,4.6,4.5,20500,4.85,20500,0,73800
ONGC27Feb20120PE.NFO,07/01/2020,14:56:03,4.6,4.55,12300,4.85,20500,0,73800
ONGC27Feb20120PE.NFO,07/01/2020,14:56:09,4.6,4.55,20500,4.85,20500,0,73800
ONGC27Feb20120PE.NFO,07/01/2020,14:56:20,4.6,4.55,12300,4.85,20500,0,73800
ONGC27Feb20120PE.NFO,07/01/2020,14:56:45,4.6,4.55,20500,4.85,20500,0,73800
ONGC27Feb20120PE.NFO,07/01/2020,14:56:49,4.6,4.55,12300,4.85,20500,0,73800
ONGC27Feb20120PE.NFO,07/01/2020,14:57:51,4.6,4.55,20500,4.85,20500,0,73800
ONGC27Feb20120PE.NFO,07/01/2020,14:57:54,4.6,4.6,12300,4.85,20500,0,73800
ONGC27Feb20120PE.NFO,07/01/2020,14:58:35,4.6,4.55,20500,4.85,20500,0,73800
ONGC27Feb20120PE.NFO,07/01/2020,14:58:39,4.6,4.5,20500,4.85,20500,0,73800
ONGC27Feb20120PE.NFO,07/01/2020,14:58:56,4.6,4.55,20500,4.85,20500,0,73800
ONGC27Feb20120PE.NFO,07/01/2020,14:59:04,4.6,4.55,12300,4.85,20500,0,73800
ONGC27Feb20120PE.NFO,07/01/2020,14:59:09,4.6,4.55,20500,4.85,20500,0,73800
ONGC27Feb20120PE.NFO,07/01/2020,15:00:07,4.6,4.5,20500,4.85,20500,0,73800
ONGC27Feb20120PE.NFO,07/01/2020,15:00:25,4.6,4.55,20500,4.85,20500,0,73800
ONGC27Feb20120PE.NFO,07/01/2020,15:00:49,4.6,4.5,12300,4.85,20500,0,73800
ONGC27Feb20120PE.NFO,07/01/2020,15:01:15,4.6,4.55,20500,4.85,20500,0,73800
ONGC27Feb20120PE.NFO,07/01/2020,15:03:59,4.6,4.6,12300,4.85,20500,0,73800
ONGC27Feb20120PE.NFO,07/01/2020,15:06:37,4.6,4.6,20500,4.85,20500,0,73800
ONGC27Feb20120PE.NFO,07/01/2020,15:06:59,4.6,4.6,12300,4.85,20500,0,73800
ONGC27Feb20120PE.NFO,07/01/2020,15:07:05,4.6,4.6,8200,4.85,20500,4100,73800
ONGC27Feb20120PE.NFO,07/01/2020,15:07:19,4.6,4.6,16400,4.85,20500,0,73800
ONGC27Feb20120PE.NFO,07/01/2020,15:07:40,4.6,4.6,8200,4.85,20500,0,73800
ONGC27Feb20120PE.NFO,07/01/2020,15:07:49,4.6,4.6,16400,4.85,20500,0,73800
ONGC27Feb20120PE.NFO,07/01/2020,15:07:58,4.6,4.6,8200,4.85,20500,0,73800
ONGC27Feb20120PE.NFO,07/01/2020,15:08:28,4.6,4.55,20500,4.85,20500,0,73800
ONGC27Feb20120PE.NFO,07/01/2020,15:08:45,4.6,4.6,12300,4.85,20500,0,73800
ONGC27Feb20120PE.NFO,07/01/2020,15:11:22,4.6,4.6,20500,4.85,20500,0,73800
ONGC27Feb20120PE.NFO,07/01/2020,15:11:43,4.6,4.65,20500,4.85,20500,0,73800
ONGC27Feb20120PE.NFO,07/01/2020,15:12:01,4.6,4.65,12300,4.85,20500,0,73800
ONGC27Feb20120PE.NFO,07/01/2020,15:12:20,4.6,4.6,12300,4.85,20500,0,73800
ONGC27Feb20120PE.NFO,07/01/2020,15:13:19,4.6,4.6,20500,4.85,20500,0,73800
ONGC27Feb20120PE.NFO,07/01/2020,15:14:57,4.6,4.65,12300,4.85,20500,0,73800
ONGC27Feb20120PE.NFO,07/01/2020,15:15:09,4.6,4.6,12300,4.85,20500,0,73800
ONGC27Feb20120PE.NFO,07/01/2020,15:15:27,4.6,4.6,20500,4.85,20500,0,73800
ONGC27Feb20120PE.NFO,07/01/2020,15:15:56,4.6,4.6,12300,4.85,20500,0,73800
ONGC27Feb20120PE.NFO,07/01/2020,15:16:10,4.6,4.6,20500,4.85,20500,0,73800
ONGC27Feb20120PE.NFO,07/01/2020,15:16:37,4.6,4.6,12300,4.85,20500,0,73800
ONGC27Feb20120PE.NFO,07/01/2020,15:16:56,4.6,4.6,20500,4.85,20500,0,73800
ONGC27Feb20120PE.NFO,07/01/2020,15:17:08,4.6,4.6,12300,4.85,20500,0,73800
ONGC27Feb20120PE.NFO,07/01/2020,15:17:20,4.6,4.6,20500,4.85,20500,0,73800
ONGC27Feb20120PE.NFO,07/01/2020,15:17:26,4.6,4.6,12300,4.85,20500,0,73800
ONGC27Feb20120PE.NFO,07/01/2020,15:17:32,4.6,4.6,20500,4.85,20500,0,73800
ONGC27Feb20120PE.NFO,07/01/2020,15:17:42,4.6,4.6,12300,4.85,20500,0,73800
ONGC27Feb20120PE.NFO,07/01/2020,15:17:54,4.6,4.7,8200,4.85,20500,0,73800
ONGC27Feb20120PE.NFO,07/01/2020,15:17:59,4.6,4.6,20500,4.85,20500,0,73800
ONGC27Feb20120PE.NFO,07/01/2020,15:18:47,4.6,4.6,12300,4.85,20500,0,73800
ONGC27Feb20120PE.NFO,07/01/2020,15:19:03,4.6,4.6,20500,4.85,20500,0,73800
ONGC27Feb20120PE.NFO,07/01/2020,15:19:57,4.6,4.6,12300,5.05,20500,0,73800
ONGC27Feb20120PE.NFO,07/01/2020,15:20:03,4.6,4.65,12300,4.85,20500,0,73800
ONGC27Feb20120PE.NFO,07/01/2020,15:20:11,4.6,4.65,20500,4.85,20500,0,73800
ONGC27Feb20120PE.NFO,07/01/2020,15:20:18,4.6,4.65,20500,4.9,20500,0,73800
ONGC27Feb20120PE.NFO,07/01/2020,15:20:33,4.6,4.6,20500,4.9,20500,0,73800
ONGC27Feb20120PE.NFO,07/01/2020,15:20:39,4.6,4.65,12300,4.9,20500,0,73800
ONGC27Feb20120PE.NFO,07/01/2020,15:21:08,4.6,4.65,20500,4.9,20500,0,73800
ONGC27Feb20120PE.NFO,07/01/2020,15:21:14,4.6,4.65,12300,4.75,20500,0,73800
ONGC27Feb20120PE.NFO,07/01/2020,15:21:22,4.6,4.6,20500,4.75,20500,0,73800
ONGC27Feb20120PE.NFO,07/01/2020,15:21:58,4.6,4.65,12300,4.75,20500,0,73800
ONGC27Feb20120PE.NFO,07/01/2020,15:22:03,4.6,4.6,20500,4.75,20500,0,73800
ONGC27Feb20120PE.NFO,07/01/2020,15:22:42,4.6,4.6,20500,4.85,20500,0,73800
ONGC27Feb20120PE.NFO,07/01/2020,15:23:00,4.65,4.65,8200,4.85,20500,4100,73800
ONGC27Feb20120PE.NFO,07/01/2020,15:23:07,4.65,4.65,8200,4.85,20500,0,73800
ONGC27Feb20120PE.NFO,07/01/2020,15:23:15,4.65,4.65,20500,4.85,20500,0,73800
ONGC27Feb20120PE.NFO,07/01/2020,15:23:37,4.65,4.6,20500,4.85,20500,0,73800
ONGC27Feb20120PE.NFO,07/01/2020,15:23:50,4.65,4.6,12300,4.85,20500,0,73800
ONGC27Feb20120PE.NFO,07/01/2020,15:24:02,4.65,4.6,20500,4.85,20500,0,73800
ONGC27Feb20120PE.NFO,07/01/2020,15:24:08,4.65,4.6,12300,4.85,20500,0,73800
ONGC27Feb20120PE.NFO,07/01/2020,15:26:17,4.65,4.6,12300,4.65,4100,0,73800
ONGC27Feb20120PE.NFO,07/01/2020,15:26:30,4.65,4.6,12300,4.85,20500,4100,77900
ONGC27Feb20120PE.NFO,07/01/2020,15:26:34,4.65,4.6,12300,4.85,20500,0,77900
ONGC27Feb20120PE.NFO,07/01/2020,15:26:58,4.65,4.55,12300,4.85,20500,0,77900
ONGC27Feb20120PE.NFO,07/01/2020,15:27:03,4.65,4.6,12300,4.85,20500,0,77900
ONGC27Feb20120PE.NFO,07/01/2020,15:27:19,4.65,4.55,12300,4.85,20500,0,77900
ONGC27Feb20120PE.NFO,07/01/2020,15:27:24,4.65,4.6,12300,4.85,20500,0,77900
ONGC27Feb20120PE.NFO,07/01/2020,15:28:14,4.65,4.55,12300,4.85,20500,0,77900
ONGC27Feb20120PE.NFO,07/01/2020,15:28:42,4.65,4.6,12300,4.85,20500,0,77900
ONGC27Feb20120PE.NFO,07/01/2020,15:29:00,4.65,4.55,12300,4.85,20500,0,77900
ONGC27Feb20120PE.NFO,07/01/2020,15:29:07,4.65,4.55,12300,0,0,0,77900
ONGC27Feb20120PE.NFO,07/01/2020,15:30:02,4.65,4.6,12300,0,0,0,77900
